市场代码,合约代码,时间,最新,持仓,增仓,成交额,成交量,开仓,平仓,成交类型,方向,买一价,买二价,买三价,买四价,买五价,卖一价,卖二价,卖三价,卖四价,卖五价,买一量,买二量,买三量,买四量,买五量,卖一量,卖二量,卖三量,卖四量,卖五量
SF,IH2009,2020-05-15 09:29:00.200,2726.0000,13253,0,6542400.000,8.000,-,-,-,-,2725.2000,2723.2000,2722.0000,2721.8000,2721.4000,2726.0000,2728.0000,2728.8000,2729.6000,2729.8000,1,4,1,1,1,2,1,1,2,2
SF,IH2009,2020-05-15 09:30:00.200,2728.0000,13254,1,12267480.000,7,4,3,空开,S,2728.4000,2726.2000,2723.2000,2722.0000,2721.4000,2728.8000,2730.0000,2732.0000,2733.8000,2734.8000,3,2,4,1,1,1,1,2,1,2
SF,IH2009,2020-05-15 09:30:00.700,2727.8000,13250,-4,21267120.000,11,3,8,多平,S,2726.2000,2722.0000,2721.4000,2720.6000,2720.2000,2727.8000,2728.2000,2728.4000,2728.8000,2730.0000,1,1,1,1,2,1,21,2,5,1
SF,IH2009,2020-05-15 09:30:01.200,2727.8000,13250,0,22085460.000,1,0,1,多换,S,2726.2000,2722.0000,2720.2000,2720.0000,2719.2000,2727.6000,2727.8000,2728.2000,2728.4000,2728.8000,1,1,2,6,1,1,5,14,1,1
SF,IH2009,2020-05-15 09:30:01.700,2727.8000,13249,-1,22903800.000,1,0,1,双平,S,2726.8000,2726.6000,2726.4000,2726.2000,2722.0000,2727.8000,2728.8000,2730.0000,2732.0000,2733.8000,1,7,2,2,1,4,1,1,2,1
SF,IH2009,2020-05-15 09:30:02.200,2728.8000,13251,2,27813840.000,6,4,2,空开,S,2729.0000,2728.8000,2728.6000,2727.0000,2726.6000,2730.0000,2732.0000,2733.8000,2734.8000,2735.0000,2,2,4,1,7,1,2,1,2,4
SF,IH2009,2020-05-15 09:30:02.700,2729.2000,13250,-1,29451600.000,2,0,2,多平,S,2729.0000,2728.8000,2728.6000,2728.2000,2728.0000,2732.0000,2733.8000,2734.8000,2735.0000,2736.8000,2,2,4,1,9,2,1,2,4,1
SF,IH2009,2020-05-15 09:30:03.200,2729.2000,13250,0,29451600.000,0,-,-,-,-,2729.2000,2729.0000,2728.8000,2728.6000,2728.2000,2730.0000,2732.0000,2733.8000,2734.8000,2735.0000,3,2,2,4,1,1,2,1,2,4
SF,IH2009,2020-05-15 09:30:03.700,2732.0000,13249,-1,31090200.000,2,0,2,多平,S,2729.4000,2729.2000,2729.0000,2728.8000,2728.6000,2732.0000,2732.6000,2733.8000,2734.8000,2735.0000,2,1,2,2,4,1,1,1,2,4
SF,IH2009,2020-05-15 09:30:04.200,2729.6000,13247,-2,32728680.000,2,0,2,双平,S,2729.6000,2729.0000,2728.8000,2728.6000,2728.2000,2730.0000,2731.8000,2732.0000,2732.6000,2733.8000,2,2,2,4,1,1,1,2,1,1
SF,IH2009,2020-05-15 09:30:04.700,2732.0000,13247,0,35186820.000,3,1,2,多换,S,2731.6000,2730.2000,2729.8000,2729.6000,2729.4000,2732.0000,2732.6000,2733.8000,2734.8000,2735.0000,2,3,8,1,1,1,1,1,2,5
SF,IH2009,2020-05-15 09:30:05.200,2732.0000,13245,-2,37645620.000,3,0,3,多平,S,2732.0000,2731.8000,2730.6000,2730.2000,2729.8000,2732.6000,2733.8000,2734.8000,2735.0000,2736.8000,1,5,1,8,7,1,1,2,5,1
SF,IH2009,2020-05-15 09:30:05.700,2732.6000,13244,-1,39285180.000,2,0,2,多平,S,2732.8000,2732.6000,2732.4000,2732.2000,2732.0000,2733.8000,2734.8000,2735.0000,2736.8000,2737.0000,2,3,2,2,8,1,2,5,1,1
SF,IH2009,2020-05-15 09:30:06.200,2732.8000,13243,-1,40925160.000,2,0,2,多平,S,2732.8000,2732.6000,2732.4000,2732.0000,2731.8000,2733.8000,2734.8000,2735.0000,2736.8000,2737.0000,1,3,2,2,4,1,2,5,1,1
SF,IH2009,2020-05-15 09:30:06.700,2732.8000,13243,0,40925160.000,0,-,-,-,-,2733.0000,2732.8000,2732.6000,2732.4000,2732.0000,2734.8000,2735.0000,2736.8000,2737.0000,2739.4000,1,1,3,2,2,2,5,1,1,1
SF,IH2009,2020-05-15 09:30:07.200,2732.8000,13241,-2,42564840.000,2,0,2,双平,S,2732.8000,2732.6000,2732.4000,2732.0000,2731.8000,2733.0000,2733.8000,2734.2000,2734.6000,2734.8000,1,3,2,2,4,1,1,1,2,2
SF,IH2009,2020-05-15 09:30:07.700,2732.6000,13240,-1,45024300.000,3,1,2,多平,S,2733.2000,2732.6000,2732.4000,2732.0000,2731.8000,2734.2000,2734.6000,2734.8000,2735.0000,2736.8000,2,1,2,2,4,1,1,2,5,1
SF,IH2009,2020-05-15 09:30:08.200,2733.0000,13239,-1,45844200.000,1,0,1,双平,S,2733.8000,2732.6000,2732.4000,2732.0000,2731.8000,2734.2000,2734.6000,2734.8000,2735.0000,2736.8000,1,1,2,2,4,7,1,2,5,1
SF,IH2009,2020-05-15 09:30:08.700,2734.0000,13235,-4,49124460.000,4,0,4,双平,S,2732.8000,2732.6000,2732.4000,2732.0000,2731.8000,2734.2000,2734.8000,2735.0000,2736.8000,2737.0000,1,1,2,2,4,6,2,5,1,1
SF,IH2009,2020-05-15 09:30:09.200,2734.0000,13235,0,49124460.000,0,-,-,-,-,2732.8000,2732.6000,2732.4000,2732.0000,2731.8000,2734.2000,2734.8000,2735.0000,2736.8000,2737.0000,2,1,2,2,4,6,2,5,1,1
SF,IH2009,2020-05-15 09:30:09.700,2734.2000,13234,-1,50764920.000,2,0,2,多平,S,2732.8000,2732.6000,2732.4000,2732.0000,2731.8000,2734.2000,2734.8000,2735.0000,2736.8000,2737.0000,1,1,2,2,4,5,2,5,1,1
SF,IH2009,2020-05-15 09:30:10.200,2733.0000,13233,-1,53225340.000,3,1,2,多平,S,2732.6000,2732.4000,2732.0000,2731.8000,2730.2000,2734.2000,2734.8000,2735.0000,2736.8000,2737.0000,1,2,2,4,5,13,2,5,1,1
SF,IH2009,2020-05-15 09:30:10.700,2733.0000,13233,0,53225340.000,0,-,-,-,-,2732.6000,2732.4000,2732.0000,2731.8000,2730.2000,2734.0000,2734.2000,2734.8000,2735.0000,2736.8000,1,4,2,4,5,1,13,2,5,1
SF,IH2009,2020-05-15 09:30:11.200,2733.0000,13233,0,53225340.000,0,-,-,-,-,2732.6000,2732.4000,2732.0000,2731.8000,2730.2000,2733.8000,2734.0000,2734.2000,2734.8000,2735.0000,1,2,2,4,5,1,2,13,2,5
SF,IH2009,2020-05-15 09:30:11.700,2733.0000,13233,0,53225340.000,0,-,-,-,-,2732.6000,2732.4000,2732.0000,2731.8000,2730.2000,2733.8000,2734.0000,2734.2000,2734.8000,2735.0000,1,2,2,4,5,1,1,13,2,5
SF,IH2009,2020-05-15 09:30:12.200,2732.0000,13230,-3,57323760.000,5,1,4,多平,S,2731.8000,2730.2000,2730.0000,2729.0000,2728.0000,2733.6000,2733.8000,2734.2000,2734.8000,2735.0000,4,5,1,1,2,1,1,13,2,5
SF,IH2009,2020-05-15 09:30:12.700,2731.8000,13230,0,60601920.000,4,2,2,多换,S,2730.2000,2730.0000,2729.0000,2728.0000,2727.8000,2733.4000,2733.6000,2734.2000,2734.8000,2735.0000,5,1,1,2,1,2,3,13,2,5
SF,IH2009,2020-05-15 09:30:13.200,2730.2000,13226,-4,64697220.000,5,0,5,多平,S,2730.0000,2729.0000,2728.0000,2727.8000,2726.2000,2730.2000,2732.6000,2733.2000,2733.4000,2733.6000,2,1,2,1,1,1,1,5,1,2
SF,IH2009,2020-05-15 09:30:13.700,2732.4000,13222,-4,68793000.000,5,0,5,多平,S,2729.0000,2728.0000,2727.8000,2726.2000,2725.2000,2732.6000,2733.0000,2733.2000,2733.4000,2733.6000,1,2,1,1,3,1,7,5,2,2
SF,IH2009,2020-05-15 09:30:14.200,2732.4000,13222,0,68793000.000,0,-,-,-,-,2729.0000,2728.0000,2727.8000,2726.2000,2725.2000,2732.2000,2732.4000,2732.6000,2733.2000,2733.4000,1,2,1,1,3,7,3,2,3,1
SF,IH2009,2020-05-15 09:30:14.700,2732.4000,13222,0,68793000.000,0,-,-,-,-,2729.0000,2728.0000,2727.8000,2726.2000,2725.2000,2731.6000,2732.0000,2732.2000,2732.4000,2732.6000,2,2,1,1,3,1,3,7,1,2
SF,IH2009,2020-05-15 09:30:15.200,2729.2000,13221,-1,69611760.000,1,0,1,双平,S,2729.0000,2728.0000,2727.8000,2726.2000,2725.2000,2731.2000,2731.4000,2732.4000,2732.6000,2733.6000,1,2,1,1,3,7,4,2,2,1
SF,IH2009,2020-05-15 09:30:15.700,2729.2000,13221,0,69611760.000,0,-,-,-,-,2729.0000,2728.0000,2727.8000,2726.2000,2725.2000,2731.0000,2732.4000,2732.6000,2733.6000,2733.8000,2,2,1,1,3,2,2,1,1,1
SF,IH2009,2020-05-15 09:30:16.200,2730.8000,13221,0,70431000.000,1,0,1,多换,S,2729.2000,2729.0000,2728.0000,2727.8000,2726.2000,2730.8000,2731.0000,2732.2000,2732.4000,2732.6000,1,2,2,1,1,1,3,1,2,1
SF,IH2009,2020-05-15 09:30:16.700,2730.8000,13221,0,70431000.000,0,-,-,-,-,2729.4000,2729.0000,2728.0000,2727.8000,2726.2000,2730.8000,2731.0000,2732.2000,2732.4000,2732.6000,1,2,2,1,1,1,1,1,2,1
SF,IH2009,2020-05-15 09:30:17.200,2730.8000,13221,0,70431000.000,0,-,-,-,-,2729.6000,2729.2000,2729.0000,2728.0000,2727.8000,2730.6000,2730.8000,2731.0000,2732.4000,2732.6000,1,1,1,2,1,1,1,1,2,1
SF,IH2009,2020-05-15 09:30:17.700,2729.8000,13219,-2,74526300.000,5,1,4,多平,S,2729.8000,2729.4000,2729.0000,2728.0000,2727.8000,2731.0000,2732.4000,2733.6000,2733.8000,2734.0000,1,1,1,2,1,1,1,1,1,2
SF,IH2009,2020-05-15 09:30:18.200,2729.8000,13218,-1,75345240.000,1,0,1,双平,S,2729.6000,2729.0000,2728.0000,2727.8000,2726.2000,2733.6000,2733.8000,2734.0000,2734.2000,2734.6000,1,1,2,1,1,1,1,2,10,1
SF,IH2009,2020-05-15 09:30:18.700,2729.8000,13218,0,75345240.000,0,-,-,-,-,2730.6000,2729.8000,2729.0000,2728.0000,2727.8000,2733.4000,2733.6000,2733.8000,2734.0000,2734.2000,1,1,1,2,1,3,1,1,2,10
SF,IH2009,2020-05-15 09:30:19.200,2729.8000,13218,0,75345240.000,0,-,-,-,-,2730.6000,2730.2000,2729.6000,2729.0000,2728.0000,2733.4000,2733.6000,2733.8000,2734.0000,2734.2000,1,1,2,1,2,3,1,1,2,10
SF,IH2009,2020-05-15 09:30:19.700,2729.8000,13218,0,75345240.000,0,-,-,-,-,2730.6000,2729.6000,2729.0000,2728.0000,2727.8000,2733.4000,2733.8000,2734.0000,2734.2000,2734.6000,1,2,1,2,1,3,1,2,10,1
SF,IH2009,2020-05-15 09:30:20.200,2733.4000,13218,0,76165260.000,1,0,1,多换,S,2730.6000,2730.0000,2729.6000,2729.0000,2728.0000,2733.2000,2733.4000,2733.8000,2734.0000,2734.2000,1,1,2,1,2,2,3,1,2,10
SF,IH2009,2020-05-15 09:30:20.700,2733.4000,13218,0,76165260.000,0,-,-,-,-,2730.6000,2730.0000,2729.6000,2729.0000,2728.0000,2733.0000,2733.2000,2733.4000,2734.0000,2734.2000,2,1,2,1,2,2,2,1,2,10
SF,IH2009,2020-05-15 09:30:21.200,2733.4000,13217,-1,76985280.000,1,0,1,双平,S,2730.8000,2730.6000,2730.0000,2729.6000,2729.0000,2733.0000,2733.2000,2733.4000,2734.0000,2734.2000,4,2,1,1,1,1,3,2,2,10
SF,IH2009,2020-05-15 09:30:21.700,2733.4000,13217,0,76985280.000,0,-,-,-,-,2730.8000,2730.6000,2730.0000,2729.6000,2729.0000,2732.8000,2733.0000,2733.2000,2733.4000,2734.0000,2,1,1,1,1,2,1,3,2,2
SF,IH2009,2020-05-15 09:30:22.200,2733.4000,13217,0,76985280.000,0,-,-,-,-,2730.8000,2730.6000,2730.0000,2729.6000,2729.0000,2732.6000,2732.8000,2733.2000,2733.4000,2734.0000,1,1,1,1,1,2,2,3,2,2
SF,IH2009,2020-05-15 09:30:22.700,2733.4000,13217,0,76985280.000,0,-,-,-,-,2731.0000,2730.8000,2730.6000,2729.6000,2729.0000,2732.6000,2732.8000,2733.2000,2733.4000,2734.0000,1,1,1,1,1,2,2,3,2,2
SF,IH2009,2020-05-15 09:30:23.200,2731.0000,13216,-1,77804580.000,1,0,1,双平,S,2730.8000,2730.6000,2729.0000,2728.0000,2727.8000,2732.4000,2732.6000,2732.8000,2733.2000,2733.4000,1,1,1,2,1,1,2,2,3,2
SF,IH2009,2020-05-15 09:30:23.700,2730.8000,13215,-1,78623820.000,1,0,1,双平,S,2730.6000,2729.0000,2728.0000,2727.8000,2726.2000,2732.2000,2732.4000,2732.8000,2733.2000,2733.4000,1,1,2,1,1,2,1,2,3,2
SF,IH2009,2020-05-15 09:30:24.200,2730.8000,13215,0,78623820.000,0,-,-,-,-,2730.6000,2729.0000,2728.0000,2727.8000,2726.2000,2732.0000,2732.2000,2732.4000,2732.8000,2733.2000,1,1,2,1,1,1,2,2,2,3
SF,IH2009,2020-05-15 09:30:24.700,2730.8000,13215,0,78623820.000,0,-,-,-,-,2730.6000,2729.8000,2729.0000,2728.0000,2727.8000,2731.8000,2732.0000,2732.4000,2732.8000,2733.2000,1,1,1,2,1,2,1,2,2,3
SF,IH2009,2020-05-15 09:30:25.200,2730.6000,13214,-1,79443000.000,1,0,1,双平,S,2729.0000,2728.0000,2727.8000,2726.2000,2725.2000,2731.6000,2731.8000,2732.4000,2732.8000,2733.2000,1,2,1,1,3,1,2,2,2,3
SF,IH2009,2020-05-15 09:30:25.700,2730.6000,13214,0,79443000.000,0,-,-,-,-,2729.0000,2728.0000,2727.8000,2726.2000,2725.2000,2731.4000,2731.6000,2732.4000,2732.8000,2733.0000,1,2,1,1,3,1,1,2,2,1
SF,IH2009,2020-05-15 09:30:26.200,2730.6000,13214,0,79443000.000,0,-,-,-,-,2729.2000,2729.0000,2728.0000,2727.8000,2726.2000,2733.0000,2733.2000,2733.4000,2734.0000,2734.2000,1,1,1,1,1,1,1,2,2,10
SF,IH2009,2020-05-15 09:30:26.700,2730.6000,13214,0,79443000.000,0,-,-,-,-,2731.6000,2729.2000,2729.0000,2728.0000,2727.8000,2732.8000,2733.0000,2733.2000,2733.4000,2734.0000,1,1,2,1,1,1,1,1,2,2
SF,IH2009,2020-05-15 09:30:27.200,2731.6000,13213,-1,80262480.000,1,0,1,双平,S,2729.0000,2728.0000,2727.8000,2726.2000,2725.2000,2732.0000,2732.6000,2732.8000,2733.0000,2733.4000,1,1,1,1,3,1,1,2,1,2
SF,IH2009,2020-05-15 09:30:27.700,2731.6000,13213,0,80262480.000,0,-,-,-,-,2729.0000,2728.0000,2727.8000,2726.2000,2725.2000,2732.0000,2732.8000,2733.0000,2733.4000,2734.0000,1,1,1,1,3,1,2,1,2,3
SF,IH2009,2020-05-15 09:30:28.200,2731.6000,13213,0,80262480.000,0,-,-,-,-,2729.4000,2729.2000,2729.0000,2728.0000,2727.8000,2732.0000,2732.8000,2733.0000,2733.4000,2734.0000,1,3,1,1,1,1,1,1,2,3
SF,IH2009,2020-05-15 09:30:28.700,2731.6000,13213,0,80262480.000,0,-,-,-,-,2730.2000,2729.6000,2729.4000,2729.2000,2729.0000,2732.0000,2732.8000,2733.0000,2733.4000,2734.0000,2,2,2,2,1,1,1,1,2,3
SF,IH2009,2020-05-15 09:30:29.200,2731.6000,13213,0,80262480.000,0,-,-,-,-,2730.4000,2730.2000,2729.8000,2729.6000,2729.2000,2732.0000,2732.8000,2733.0000,2733.4000,2734.0000,2,1,1,2,1,2,1,1,1,3
SF,IH2009,2020-05-15 09:30:29.700,2731.6000,13213,0,80262480.000,0,-,-,-,-,2730.8000,2730.6000,2730.4000,2730.2000,2729.8000,2732.0000,2732.6000,2732.8000,2733.0000,2733.4000,2,1,1,1,1,2,1,1,1,1
SF,IH2009,2020-05-15 09:30:30.200,2731.0000,13208,-5,84360180.000,5,0,5,双平,S,2731.0000,2730.8000,2730.6000,2730.4000,2730.2000,2732.6000,2732.8000,2733.0000,2733.4000,2734.0000,1,2,1,1,1,1,1,1,1,3
SF,IH2009,2020-05-15 09:30:30.700,2732.6000,13208,0,85179960.000,1,0,1,多换,S,2732.4000,2730.6000,2730.4000,2730.2000,2729.8000,2732.8000,2733.0000,2733.4000,2734.0000,2734.2000,1,1,1,1,1,1,1,1,3,10
SF,IH2009,2020-05-15 09:30:31.200,2732.4000,13207,-1,85999680.000,1,0,1,双平,S,2731.0000,2730.4000,2730.2000,2729.6000,2729.2000,2732.4000,2733.0000,2733.4000,2734.0000,2734.2000,2,1,1,1,1,3,1,1,3,10
SF,IH2009,2020-05-15 09:30:31.700,2732.4000,13207,0,85999680.000,0,-,-,-,-,2731.0000,2730.4000,2730.2000,2729.6000,2729.2000,2732.4000,2733.0000,2733.4000,2734.0000,2734.2000,1,1,1,1,1,5,1,1,3,10
SF,IH2009,2020-05-15 09:30:32.200,2732.4000,13207,0,85999680.000,0,-,-,-,-,2731.2000,2731.0000,2730.4000,2730.2000,2729.6000,2732.4000,2733.0000,2733.4000,2734.0000,2734.2000,1,1,1,1,1,3,1,1,3,10
SF,IH2009,2020-05-15 09:30:32.700,2732.4000,13207,0,85999680.000,0,-,-,-,-,2731.2000,2730.4000,2730.2000,2729.6000,2729.2000,2732.4000,2733.0000,2733.4000,2734.0000,2734.2000,2,1,1,1,1,3,1,1,3,10
SF,IH2009,2020-05-15 09:30:33.200,2731.2000,13206,-1,86819040.000,1,0,1,双平,S,2731.2000,2730.4000,2730.2000,2729.6000,2729.2000,2732.4000,2733.4000,2734.0000,2734.2000,2734.4000,1,1,1,1,1,3,2,3,10,1
SF,IH2009,2020-05-15 09:30:34.200,2731.2000,13206,0,86819040.000,0,-,-,-,-,2731.2000,2730.4000,2730.2000,2729.6000,2729.2000,2732.4000,2733.4000,2734.0000,2734.2000,2734.4000,2,1,1,1,1,3,2,3,10,1
SF,IH2009,2020-05-15 09:30:34.700,2732.4000,13207,1,88458480.000,2,1,1,空开,S,2731.6000,2731.4000,2731.2000,2730.4000,2730.2000,2732.4000,2733.4000,2734.0000,2734.2000,2734.4000,2,1,2,1,1,1,2,3,10,1
SF,IH2009,2020-05-15 09:30:35.200,2732.4000,13206,-1,89278200.000,1,0,1,双平,S,2731.2000,2730.4000,2730.2000,2729.2000,2729.0000,2733.4000,2734.0000,2734.2000,2734.4000,2734.6000,2,1,1,1,1,2,3,10,1,1
SF,IH2009,2020-05-15 09:30:35.700,2732.4000,13206,0,89278200.000,0,-,-,-,-,2730.2000,2729.2000,2729.0000,2728.8000,2728.0000,2733.2000,2733.4000,2734.0000,2734.2000,2734.4000,1,1,1,1,1,2,2,3,10,1
SF,IH2009,2020-05-15 09:30:36.200,2732.4000,13206,0,90097920.000,1,0,1,多换,S,2730.8000,2730.6000,2730.4000,2730.2000,2729.2000,2731.2000,2733.0000,2733.2000,2733.4000,2734.0000,2,7,1,1,1,3,1,2,2,3
SF,IH2009,2020-05-15 09:30:36.700,2731.2000,13203,-3,92556000.000,3,0,3,双平,S,2731.6000,2731.2000,2731.0000,2730.8000,2730.6000,2732.4000,2733.4000,2734.0000,2734.2000,2734.4000,2,3,1,1,7,1,2,3,10,1
SF,IH2009,2020-05-15 09:30:37.200,2731.2000,13203,0,92556000.000,0,-,-,-,-,2731.8000,2731.6000,2731.4000,2731.2000,2731.0000,2732.4000,2733.4000,2734.0000,2734.2000,2734.4000,1,2,1,2,8,1,2,3,10,1
SF,IH2009,2020-05-15 09:30:37.700,2732.4000,13203,0,93375720.000,1,0,1,多换,S,2731.8000,2731.6000,2731.4000,2731.2000,2731.0000,2732.2000,2733.4000,2734.0000,2734.2000,2734.4000,1,2,1,2,8,1,2,3,10,1
SF,IH2009,2020-05-15 09:30:38.200,2732.2000,13202,-1,94195380.000,1,0,1,双平,S,2731.8000,2731.6000,2731.4000,2731.2000,2731.0000,2733.4000,2734.0000,2734.2000,2734.4000,2734.6000,1,2,1,2,8,2,3,10,1,1
SF,IH2009,2020-05-15 09:30:38.700,2732.2000,13202,0,94195380.000,0,-,-,-,-,2731.2000,2730.2000,2729.2000,2729.0000,2728.8000,2733.2000,2733.4000,2734.0000,2734.2000,2734.4000,2,1,1,1,1,2,2,3,10,1
SF,IH2009,2020-05-15 09:30:39.200,2732.2000,13202,0,94195380.000,0,-,-,-,-,2732.4000,2731.4000,2731.2000,2730.2000,2730.0000,2733.0000,2733.2000,2733.4000,2734.0000,2734.2000,1,1,2,1,1,1,2,2,3,10
SF,IH2009,2020-05-15 09:30:39.700,2732.4000,13201,-1,95015100.000,1,0,1,双平,S,2731.4000,2731.2000,2730.2000,2730.0000,2729.2000,2732.4000,2733.2000,2733.4000,2734.0000,2734.2000,1,2,1,1,1,2,1,2,3,10
SF,IH2009,2020-05-15 09:30:40.200,2732.4000,13201,0,95015100.000,0,-,-,-,-,2731.2000,2730.2000,2730.0000,2729.2000,2729.0000,2731.8000,2732.4000,2733.4000,2734.0000,2734.2000,2,1,1,1,1,1,3,2,3,10
SF,IH2009,2020-05-15 09:30:40.700,2732.4000,13201,0,95015100.000,0,-,-,-,-,2731.2000,2730.2000,2730.0000,2729.2000,2729.0000,2731.8000,2732.2000,2732.4000,2733.4000,2734.0000,2,1,1,1,1,1,1,3,2,3
SF,IH2009,2020-05-15 09:30:41.200,2731.2000,13199,-2,96653820.000,2,0,2,双平,S,2730.2000,2730.0000,2729.2000,2729.0000,2728.0000,2731.2000,2731.8000,2732.2000,2732.4000,2733.4000,1,1,1,1,1,1,1,1,3,2
SF,IH2009,2020-05-15 09:30:41.700,2731.2000,13199,0,96653820.000,0,-,-,-,-,2730.4000,2730.2000,2729.2000,2729.0000,2728.0000,2731.2000,2731.8000,2732.4000,2733.4000,2734.0000,9,1,1,1,1,1,1,3,2,3
SF,IH2009,2020-05-15 09:30:42.200,2731.2000,13199,0,96653820.000,0,-,-,-,-,2730.4000,2730.2000,2729.2000,2729.0000,2728.0000,2731.0000,2731.2000,2731.8000,2732.4000,2733.4000,9,1,1,1,1,1,1,1,1,2
SF,IH2009,2020-05-15 09:30:42.700,2731.2000,13199,0,96653820.000,0,-,-,-,-,2730.2000,2729.2000,2729.0000,2728.0000,2727.8000,2731.0000,2731.2000,2731.8000,2732.4000,2733.4000,1,1,1,1,1,1,2,1,1,2
SF,IH2009,2020-05-15 09:30:43.200,2731.0000,13200,1,98292180.000,2,1,1,空开,S,2729.2000,2729.0000,2728.0000,2727.8000,2726.2000,2731.2000,2731.8000,2732.4000,2733.4000,2734.0000,1,1,1,1,1,2,1,1,2,3
SF,IH2009,2020-05-15 09:30:43.700,2731.0000,13200,0,98292180.000,0,-,-,-,-,2729.6000,2729.4000,2729.2000,2729.0000,2728.0000,2731.0000,2731.2000,2731.8000,2732.0000,2732.4000,9,1,1,1,1,2,1,1,1,1
SF,IH2009,2020-05-15 09:30:44.200,2731.0000,13200,0,98292180.000,0,-,-,-,-,2729.8000,2729.6000,2729.2000,2729.0000,2728.0000,2731.2000,2731.8000,2732.0000,2732.4000,2733.0000,1,8,1,1,1,1,1,1,1,1
SF,IH2009,2020-05-15 09:30:44.700,2731.0000,13200,0,98292180.000,0,-,-,-,-,2730.4000,2730.2000,2730.0000,2729.8000,2729.2000,2731.2000,2731.8000,2732.0000,2732.4000,2733.0000,1,7,1,1,1,1,1,1,1,1
SF,IH2009,2020-05-15 09:30:45.200,2731.0000,13200,0,98292180.000,0,-,-,-,-,2731.4000,2731.2000,2730.2000,2730.0000,2729.8000,2731.8000,2732.0000,2732.4000,2733.0000,2733.4000,1,1,7,1,1,1,1,1,1,2
SF,IH2009,2020-05-15 09:30:45.700,2731.4000,13200,0,99111600.000,1,0,1,多换,S,2731.2000,2730.2000,2730.0000,2729.8000,2729.2000,2731.4000,2731.8000,2732.0000,2732.4000,2733.0000,1,7,1,1,1,1,1,1,1,1
SF,IH2009,2020-05-15 09:30:46.200,2731.2000,13199,-1,99930960.000,1,0,1,双平,S,2730.0000,2729.8000,2729.2000,2729.0000,2728.0000,2731.8000,2732.0000,2732.4000,2733.0000,2733.4000,1,1,1,1,1,1,1,1,1,2
SF,IH2009,2020-05-15 09:30:46.700,2731.2000,13199,0,99930960.000,0,-,-,-,-,2730.2000,2730.0000,2729.8000,2729.2000,2729.0000,2731.6000,2731.8000,2732.0000,2732.4000,2733.0000,8,1,1,1,1,1,2,1,1,1
SF,IH2009,2020-05-15 09:30:47.200,2731.2000,13199,0,99930960.000,0,-,-,-,-,2730.6000,2730.2000,2729.8000,2729.2000,2729.0000,2731.8000,2732.0000,2732.4000,2733.0000,2733.4000,2,9,1,1,1,2,1,1,1,1
SF,IH2009,2020-05-15 09:30:48.200,2731.2000,13199,0,99930960.000,0,-,-,-,-,2730.6000,2730.2000,2729.8000,2729.2000,2729.0000,2731.6000,2731.8000,2732.0000,2732.4000,2733.0000,2,9,1,1,1,2,2,1,1,1
SF,IH2009,2020-05-15 09:30:48.700,2731.2000,13199,0,99930960.000,0,-,-,-,-,2730.2000,2729.8000,2729.2000,2729.0000,2728.0000,2731.4000,2731.6000,2731.8000,2732.0000,2732.4000,1,1,1,1,1,1,3,1,1,1
SF,IH2009,2020-05-15 09:30:49.200,2730.2000,13199,0,100750020.000,1,0,1,多换,S,2729.8000,2729.2000,2729.0000,2728.0000,2727.8000,2731.4000,2731.6000,2731.8000,2732.0000,2732.4000,1,1,1,1,1,1,2,1,1,1
SF,IH2009,2020-05-15 09:30:49.700,2730.2000,13199,0,100750020.000,0,-,-,-,-,2730.0000,2729.2000,2729.0000,2728.0000,2727.8000,2731.2000,2731.4000,2731.6000,2731.8000,2732.0000,7,1,1,1,1,2,1,2,1,1
SF,IH2009,2020-05-15 09:30:50.200,2730.2000,13199,0,100750020.000,0,-,-,-,-,2730.0000,2729.6000,2729.2000,2729.0000,2728.0000,2731.2000,2731.6000,2731.8000,2732.0000,2732.4000,7,1,1,1,1,1,2,1,1,1
SF,IH2009,2020-05-15 09:30:50.700,2731.2000,13198,-1,101569380.000,1,0,1,双平,S,2730.2000,2730.0000,2729.6000,2729.2000,2729.0000,2731.8000,2732.0000,2732.4000,2733.0000,2733.4000,1,7,1,1,1,1,1,1,1,1
SF,IH2009,2020-05-15 09:30:51.200,2731.2000,13198,0,101569380.000,0,-,-,-,-,2729.6000,2729.0000,2728.0000,2727.8000,2726.2000,2731.6000,2731.8000,2732.0000,2732.4000,2733.0000,1,1,1,1,1,1,1,1,1,1
SF,IH2009,2020-05-15 09:30:51.700,2731.2000,13198,0,101569380.000,0,-,-,-,-,2730.4000,2729.8000,2729.6000,2729.0000,2728.0000,2731.4000,2731.6000,2731.8000,2732.4000,2733.0000,2,2,1,1,1,1,2,1,1,1
SF,IH2009,2020-05-15 09:30:52.200,2731.2000,13198,0,101569380.000,0,-,-,-,-,2730.4000,2729.8000,2729.6000,2729.0000,2728.0000,2731.6000,2731.8000,2732.4000,2733.0000,2733.4000,2,2,1,1,1,2,1,1,1,1
SF,IH2009,2020-05-15 09:30:52.700,2731.2000,13198,0,101569380.000,0,-,-,-,-,2730.4000,2729.8000,2729.6000,2729.0000,2728.0000,2731.6000,2731.8000,2732.4000,2733.0000,2733.4000,2,2,1,1,1,2,1,1,1,1
SF,IH2009,2020-05-15 09:30:53.200,2731.2000,13198,0,101569380.000,0,-,-,-,-,2730.4000,2729.8000,2729.6000,2729.0000,2728.0000,2731.4000,2731.6000,2731.8000,2732.4000,2733.0000,2,2,1,1,1,2,2,1,1,1
SF,IH2009,2020-05-15 09:30:53.700,2731.2000,13198,0,101569380.000,0,-,-,-,-,2729.8000,2729.0000,2728.0000,2727.8000,2726.4000,2730.4000,2731.4000,2731.6000,2731.8000,2732.4000,1,1,1,1,1,1,2,2,1,1
SF,IH2009,2020-05-15 09:30:54.200,2730.4000,13198,0,102388500.000,1,0,1,多换,S,2729.0000,2728.0000,2727.8000,2726.4000,2726.2000,2731.4000,2731.6000,2731.8000,2732.4000,2733.0000,1,1,1,1,1,1,2,1,1,1
SF,IH2009,2020-05-15 09:30:54.700,2730.4000,13198,0,102388500.000,0,-,-,-,-,2729.4000,2729.2000,2729.0000,2728.0000,2727.8000,2731.2000,2731.4000,2731.6000,2731.8000,2732.4000,7,2,1,1,1,1,1,2,1,1
SF,IH2009,2020-05-15 09:30:55.200,2731.0000,13198,0,103207800.000,1,0,1,多换,S,2729.6000,2729.4000,2729.2000,2729.0000,2728.0000,2731.2000,2731.6000,2731.8000,2732.4000,2733.0000,2,7,1,1,1,2,2,1,1,1
SF,IH2009,2020-05-15 09:30:55.700,2731.0000,13198,0,103207800.000,0,-,-,-,-,2729.6000,2729.4000,2729.2000,2729.0000,2728.0000,2731.2000,2731.6000,2731.8000,2732.4000,2733.0000,2,8,1,1,1,2,2,1,1,1
SF,IH2009,2020-05-15 09:30:56.200,2731.0000,13198,0,103207800.000,0,-,-,-,-,2729.6000,2729.4000,2729.2000,2729.0000,2728.0000,2731.0000,2731.2000,2731.6000,2731.8000,2732.4000,2,8,1,1,1,1,2,2,1,1
SF,IH2009,2020-05-15 09:30:56.700,2731.0000,13198,0,103207800.000,0,-,-,-,-,2729.8000,2729.6000,2729.4000,2729.2000,2729.0000,2731.0000,2731.2000,2731.6000,2731.8000,2732.4000,2,2,1,1,1,2,1,2,1,1
SF,IH2009,2020-05-15 09:30:57.200,2731.0000,13198,0,103207800.000,0,-,-,-,-,2730.0000,2729.8000,2729.6000,2729.4000,2729.2000,2731.0000,2731.6000,2731.8000,2732.4000,2733.0000,1,2,1,1,1,2,1,1,1,1
SF,IH2009,2020-05-15 09:30:57.700,2731.0000,13198,0,103207800.000,0,-,-,-,-,2730.2000,2729.8000,2729.6000,2729.4000,2729.2000,2731.0000,2731.6000,2731.8000,2732.4000,2733.0000,1,2,1,1,1,1,1,1,1,1
SF,IH2009,2020-05-15 09:30:58.200,2731.0000,13198,0,103207800.000,0,-,-,-,-,2729.8000,2729.6000,2729.4000,2729.2000,2729.0000,2731.0000,2731.8000,2732.4000,2733.0000,2733.4000,2,1,1,1,1,2,1,1,1,1
SF,IH2009,2020-05-15 09:30:58.700,2731.0000,13198,0,103207800.000,0,-,-,-,-,2730.0000,2729.8000,2729.6000,2729.4000,2729.2000,2731.0000,2731.8000,2732.4000,2733.0000,2733.4000,1,2,1,1,1,2,1,1,1,1
SF,IH2009,2020-05-15 09:30:59.200,2731.0000,13198,0,103207800.000,0,-,-,-,-,2729.8000,2729.6000,2729.4000,2729.2000,2729.0000,2731.0000,2731.8000,2732.4000,2733.0000,2733.4000,2,1,1,1,1,2,1,1,1,1
SF,IH2009,2020-05-15 09:30:59.700,2731.0000,13198,0,103207800.000,0,-,-,-,-,2730.0000,2729.8000,2729.6000,2729.4000,2729.2000,2731.0000,2731.8000,2732.4000,2733.0000,2733.4000,1,2,1,1,1,2,1,1,1,1
SF,IH2009,2020-05-15 09:31:00.200,2731.0000,13198,0,103207800.000,0,-,-,-,-,2729.8000,2729.6000,2729.4000,2729.2000,2729.0000,2730.8000,2731.0000,2731.8000,2732.4000,2733.0000,2,1,2,1,1,2,2,1,1,1
SF,IH2009,2020-05-15 09:31:00.700,2731.0000,13198,0,103207800.000,0,-,-,-,-,2729.8000,2729.4000,2729.2000,2729.0000,2728.0000,2730.8000,2731.0000,2731.8000,2732.4000,2733.0000,2,2,1,1,1,2,2,1,1,1
SF,IH2009,2020-05-15 09:31:01.200,2730.8000,13197,-1,104027040.000,1,0,1,双平,S,2730.2000,2730.0000,2729.2000,2729.0000,2728.0000,2731.0000,2731.8000,2732.4000,2733.0000,2733.4000,3,1,1,1,1,2,1,1,1,1
SF,IH2009,2020-05-15 09:31:01.700,2730.8000,13197,0,104027040.000,0,-,-,-,-,2729.2000,2729.0000,2728.0000,2727.8000,2726.4000,2729.8000,2731.0000,2731.8000,2732.4000,2733.0000,1,1,1,1,1,3,2,1,1,1
SF,IH2009,2020-05-15 09:31:02.200,2730.4000,13197,0,106484520.000,3,1,2,多换,S,2730.0000,2729.8000,2729.6000,2729.4000,2729.2000,2731.0000,2731.8000,2732.4000,2733.0000,2733.4000,2,4,9,4,1,2,1,1,1,1
SF,IH2009,2020-05-15 09:31:02.700,2731.0000,13196,-1,108942360.000,3,1,2,多平,S,2731.4000,2731.2000,2730.2000,2730.0000,2729.6000,2731.8000,2732.4000,2733.0000,2733.4000,2733.8000,1,1,1,4,7,1,1,1,1,1
SF,IH2009,2020-05-15 09:31:03.200,2730.2000,13194,-2,111400200.000,3,0,3,多平,S,2730.0000,2729.6000,2729.4000,2729.2000,2729.0000,2731.2000,2731.8000,2732.4000,2733.0000,2733.4000,4,7,2,1,1,3,1,1,1,1
SF,IH2009,2020-05-15 09:31:03.700,2730.2000,13194,0,111400200.000,0,-,-,-,-,2730.2000,2730.0000,2729.6000,2729.4000,2729.2000,2731.2000,2731.8000,2732.4000,2733.0000,2733.4000,2,4,7,2,1,2,1,1,1,1
SF,IH2009,2020-05-15 09:31:04.200,2731.2000,13193,-1,112219560.000,1,0,1,双平,S,2730.2000,2730.0000,2729.6000,2729.4000,2729.2000,2731.2000,2731.8000,2732.4000,2733.0000,2733.4000,3,4,7,2,1,1,1,1,1,1
SF,IH2009,2020-05-15 09:31:04.700,2731.2000,13193,0,112219560.000,0,-,-,-,-,2730.2000,2730.0000,2729.6000,2729.4000,2729.2000,2731.8000,2732.4000,2733.0000,2733.4000,2733.8000,1,4,7,2,1,1,1,1,1,1
SF,IH2009,2020-05-15 09:31:05.200,2731.2000,13193,0,112219560.000,0,-,-,-,-,2730.4000,2730.0000,2729.6000,2729.4000,2729.2000,2731.4000,2731.6000,2731.8000,2732.4000,2733.0000,1,4,7,2,1,1,1,1,1,1
SF,IH2009,2020-05-15 09:31:05.700,2731.2000,13193,0,112219560.000,0,-,-,-,-,2730.0000,2729.6000,2729.4000,2729.2000,2729.0000,2731.0000,2731.4000,2731.6000,2731.8000,2732.4000,4,7,2,1,1,1,1,2,1,1
SF,IH2009,2020-05-15 09:31:06.200,2731.0000,13192,-1,113038860.000,1,0,1,双平,S,2730.4000,2730.2000,2730.0000,2729.6000,2729.4000,2731.4000,2731.6000,2731.8000,2732.4000,2733.0000,1,2,4,7,2,1,1,1,1,1
SF,IH2009,2020-05-15 09:31:06.700,2731.0000,13192,0,113038860.000,0,-,-,-,-,2730.2000,2730.0000,2729.6000,2729.4000,2729.2000,2731.4000,2731.6000,2731.8000,2732.4000,2733.0000,1,4,7,2,1,1,1,1,2,1
SF,IH2009,2020-05-15 09:31:07.200,2731.0000,13192,0,113038860.000,0,-,-,-,-,2730.4000,2730.0000,2729.6000,2729.4000,2729.2000,2731.4000,2731.6000,2731.8000,2732.4000,2733.0000,2,4,7,2,1,1,1,1,2,1
SF,IH2009,2020-05-15 09:31:07.700,2731.0000,13192,0,113038860.000,0,-,-,-,-,2730.4000,2730.0000,2729.6000,2729.4000,2729.2000,2731.2000,2731.4000,2731.6000,2731.8000,2732.4000,2,4,7,2,1,1,2,1,1,2
SF,IH2009,2020-05-15 09:31:08.200,2731.0000,13192,0,113038860.000,0,-,-,-,-,2730.4000,2730.0000,2729.6000,2729.4000,2729.2000,2731.2000,2731.4000,2731.6000,2731.8000,2732.4000,2,4,7,2,1,1,1,3,1,2
SF,IH2009,2020-05-15 09:31:08.700,2730.4000,13191,-1,113857980.000,1,0,1,双平,S,2730.0000,2729.4000,2729.2000,2729.0000,2728.0000,2731.2000,2731.4000,2731.6000,2731.8000,2732.4000,4,2,1,1,1,2,1,3,1,2
SF,IH2009,2020-05-15 09:31:09.200,2730.0000,13190,-1,114676980.000,1,0,1,双平,S,2730.0000,2729.4000,2729.2000,2729.0000,2728.0000,2731.0000,2731.2000,2731.4000,2731.6000,2731.8000,2,1,1,1,1,1,2,1,2,1
SF,IH2009,2020-05-15 09:31:09.700,2730.0000,13190,0,114676980.000,0,-,-,-,-,2730.0000,2729.4000,2729.2000,2729.0000,2728.0000,2730.8000,2731.0000,2731.2000,2731.4000,2731.6000,2,1,1,1,1,1,1,1,1,2
SF,IH2009,2020-05-15 09:31:10.200,2730.0000,13190,0,114676980.000,0,-,-,-,-,2730.0000,2729.4000,2729.2000,2729.0000,2728.0000,2730.8000,2731.0000,2731.2000,2731.4000,2731.6000,2,1,1,1,1,1,1,1,1,2
SF,IH2009,2020-05-15 09:31:10.700,2730.0000,13190,0,114676980.000,0,-,-,-,-,2730.2000,2730.0000,2729.4000,2729.2000,2729.0000,2730.8000,2731.0000,2731.2000,2731.4000,2731.6000,1,2,1,1,1,1,1,1,1,2
SF,IH2009,2020-05-15 09:31:11.200,2730.0000,13190,0,114676980.000,0,-,-,-,-,2730.2000,2730.0000,2729.4000,2729.2000,2729.0000,2730.8000,2731.0000,2731.2000,2731.4000,2731.6000,1,2,1,1,1,1,1,1,1,2
SF,IH2009,2020-05-15 09:31:12.200,2730.2000,13190,0,115496040.000,1,0,1,多换,S,2730.0000,2729.4000,2729.2000,2729.0000,2728.0000,2730.8000,2731.0000,2731.2000,2731.4000,2731.6000,2,1,1,1,1,1,1,1,1,2
SF,IH2009,2020-05-15 09:31:12.700,2730.0000,13188,-2,117134040.000,2,0,2,双平,S,2729.4000,2729.2000,2729.0000,2728.0000,2727.8000,2730.2000,2730.8000,2731.0000,2731.2000,2731.4000,1,1,1,1,1,1,2,1,1,1
SF,IH2009,2020-05-15 09:31:13.200,2730.2000,13187,-1,117953100.000,1,0,1,双平,S,2730.2000,2729.6000,2729.4000,2729.2000,2729.0000,2731.0000,2731.4000,2731.6000,2731.8000,2732.4000,2,1,1,1,1,1,1,2,1,2
SF,IH2009,2020-05-15 09:31:13.700,2730.2000,13186,-1,118772160.000,1,0,1,双平,S,2730.2000,2729.6000,2729.4000,2729.2000,2729.0000,2731.0000,2731.4000,2731.6000,2731.8000,2732.4000,1,1,1,1,1,1,1,2,1,2
SF,IH2009,2020-05-15 09:31:14.200,2730.2000,13185,-1,119591220.000,1,0,1,双平,S,2729.6000,2729.4000,2729.2000,2729.0000,2728.0000,2731.0000,2731.2000,2731.4000,2731.6000,2731.8000,1,1,1,1,1,1,1,1,2,1
SF,IH2009,2020-05-15 09:31:14.700,2730.2000,13185,0,119591220.000,0,-,-,-,-,2729.8000,2729.2000,2729.0000,2728.0000,2727.8000,2730.2000,2730.8000,2731.0000,2731.2000,2731.4000,1,1,1,1,1,1,1,1,1,1
SF,IH2009,2020-05-15 09:31:15.200,2730.2000,13185,0,119591220.000,0,-,-,-,-,2729.0000,2728.0000,2727.8000,2726.6000,2726.4000,2729.8000,2730.2000,2730.8000,2731.0000,2731.2000,1,1,1,1,1,1,1,1,1,2
SF,IH2009,2020-05-15 09:31:15.700,2730.0000,13185,0,120410220.000,1,0,1,多换,S,2729.4000,2729.2000,2729.0000,2728.0000,2727.8000,2730.2000,2730.8000,2731.0000,2731.2000,2731.4000,1,2,1,1,1,1,1,1,2,1
SF,IH2009,2020-05-15 09:31:16.200,2730.0000,13185,0,120410220.000,0,-,-,-,-,2729.4000,2729.2000,2729.0000,2728.0000,2727.8000,2730.2000,2730.8000,2731.0000,2731.2000,2731.4000,1,1,1,1,1,1,1,1,2,1
SF,IH2009,2020-05-15 09:31:17.700,2729.0000,13186,1,122866500.000,3,2,1,空开,S,2728.0000,2727.8000,2726.6000,2726.2000,2726.0000,2730.2000,2730.8000,2731.0000,2731.2000,2731.4000,1,1,1,1,1,1,1,1,2,1
SF,IH2009,2020-05-15 09:31:18.200,2730.0000,13185,-1,123685500.000,1,0,1,双平,S,2728.2000,2728.0000,2727.8000,2726.6000,2726.2000,2730.2000,2731.2000,2731.4000,2731.6000,2731.8000,11,1,5,1,1,1,2,1,2,1
SF,IH2009,2020-05-15 09:31:18.700,2730.0000,13185,0,123685500.000,0,-,-,-,-,2728.4000,2728.2000,2728.0000,2727.8000,2726.6000,2730.0000,2730.2000,2731.2000,2731.4000,2731.6000,1,4,1,5,1,1,1,2,1,2
SF,IH2009,2020-05-15 09:31:19.200,2730.0000,13185,0,123685500.000,0,-,-,-,-,2728.6000,2728.2000,2728.0000,2727.8000,2727.4000,2730.0000,2730.2000,2731.2000,2731.4000,2731.6000,1,3,1,3,1,1,1,2,1,2
SF,IH2009,2020-05-15 09:31:19.700,2730.0000,13185,0,123685500.000,0,-,-,-,-,2728.8000,2728.6000,2728.2000,2728.0000,2727.8000,2730.0000,2730.2000,2731.2000,2731.4000,2731.6000,1,1,3,1,3,1,1,2,1,2
SF,IH2009,2020-05-15 09:31:20.200,2730.0000,13185,0,123685500.000,0,-,-,-,-,2729.0000,2728.8000,2728.2000,2728.0000,2727.8000,2730.0000,2730.2000,2731.2000,2731.4000,2731.6000,1,1,3,1,3,1,1,2,1,2
SF,IH2009,2020-05-15 09:31:20.700,2730.0000,13185,0,123685500.000,0,-,-,-,-,2728.8000,2728.2000,2728.0000,2727.8000,2727.4000,2730.0000,2730.2000,2731.2000,2731.4000,2731.6000,1,2,1,3,1,1,1,2,1,2
SF,IH2009,2020-05-15 09:31:21.200,2730.0000,13185,0,123685500.000,0,-,-,-,-,2728.8000,2728.2000,2728.0000,2727.8000,2727.4000,2729.8000,2730.0000,2730.2000,2731.2000,2731.4000,1,2,1,3,1,1,1,1,2,1
SF,IH2009,2020-05-15 09:31:21.700,2728.8000,13184,-1,124504140.000,1,0,1,双平,S,2728.2000,2728.0000,2727.8000,2727.4000,2726.6000,2728.8000,2730.0000,2730.2000,2731.2000,2731.4000,2,1,3,1,1,9,1,1,2,1
SF,IH2009,2020-05-15 09:31:22.200,2728.8000,13175,-9,131871900.000,9,0,9,双平,S,2729.6000,2728.8000,2728.6000,2728.0000,2727.8000,2730.2000,2731.2000,2731.6000,2731.8000,2732.4000,1,4,7,1,3,1,1,2,1,1
SF,IH2009,2020-05-15 09:31:22.700,2729.6000,13174,-1,132690780.000,1,0,1,双平,S,2728.8000,2728.0000,2727.8000,2727.4000,2726.2000,2729.6000,2730.0000,2730.2000,2731.2000,2731.6000,2,1,3,1,1,1,1,2,1,2
SF,IH2009,2020-05-15 09:31:23.200,2729.6000,13174,0,132690780.000,0,-,-,-,-,2728.0000,2727.8000,2727.4000,2726.2000,2726.0000,2729.4000,2730.2000,2731.2000,2731.6000,2731.8000,1,3,1,1,1,1,2,2,2,1
SF,IH2009,2020-05-15 09:31:23.700,2729.6000,13174,0,132690780.000,0,-,-,-,-,2728.0000,2727.8000,2727.4000,2726.2000,2726.0000,2729.4000,2730.2000,2731.2000,2731.6000,2731.8000,1,5,1,1,1,1,2,2,2,1
SF,IH2009,2020-05-15 09:31:24.200,2729.6000,13174,0,132690780.000,0,-,-,-,-,2728.2000,2728.0000,2727.8000,2727.4000,2726.2000,2729.4000,2730.2000,2731.2000,2731.6000,2731.8000,1,1,5,1,1,1,1,2,2,1
SF,IH2009,2020-05-15 09:31:25.200,2729.6000,13174,0,132690780.000,0,-,-,-,-,2728.2000,2728.0000,2727.8000,2727.4000,2726.2000,2730.0000,2730.2000,2731.2000,2732.4000,2733.0000,1,1,5,1,1,2,1,2,1,1
SF,IH2009,2020-05-15 09:31:25.700,2729.6000,13174,0,132690780.000,0,-,-,-,-,2728.4000,2728.2000,2728.0000,2727.8000,2727.4000,2730.0000,2730.2000,2731.2000,2732.4000,2733.0000,2,1,1,5,1,2,1,2,1,1
SF,IH2009,2020-05-15 09:31:26.200,2729.6000,13174,0,132690780.000,0,-,-,-,-,2728.6000,2728.4000,2728.2000,2728.0000,2727.8000,2730.0000,2730.2000,2731.2000,2732.4000,2733.0000,1,2,1,1,5,2,1,2,1,1
SF,IH2009,2020-05-15 09:31:26.700,2729.6000,13174,0,132690780.000,0,-,-,-,-,2728.8000,2728.4000,2728.2000,2728.0000,2727.8000,2729.8000,2730.0000,2730.2000,2731.2000,2732.4000,3,2,1,1,5,2,2,1,2,1
SF,IH2009,2020-05-15 09:31:28.200,2729.6000,13174,0,132690780.000,0,-,-,-,-,2728.8000,2728.4000,2728.2000,2728.0000,2727.8000,2729.6000,2729.8000,2730.0000,2730.2000,2731.2000,3,2,1,1,5,2,1,2,1,2
SF,IH2009,2020-05-15 09:31:28.700,2729.6000,13174,0,132690780.000,0,-,-,-,-,2728.8000,2728.4000,2728.2000,2728.0000,2727.8000,2729.6000,2729.8000,2730.0000,2730.2000,2731.2000,3,1,1,1,5,2,1,2,1,2
SF,IH2009,2020-05-15 09:31:29.200,2729.6000,13174,0,132690780.000,0,-,-,-,-,2728.8000,2728.4000,2728.2000,2728.0000,2727.8000,2729.4000,2729.6000,2730.0000,2730.2000,2731.2000,3,1,1,1,5,1,2,2,1,2
SF,IH2009,2020-05-15 09:31:29.700,2729.6000,13174,0,132690780.000,0,-,-,-,-,2728.8000,2728.4000,2728.2000,2728.0000,2727.8000,2729.4000,2729.6000,2730.0000,2730.2000,2731.2000,3,1,1,1,5,1,2,2,1,2
SF,IH2009,2020-05-15 09:31:30.700,2729.4000,13173,-1,133509600.000,1,0,1,双平,S,2728.8000,2728.4000,2728.2000,2728.0000,2727.8000,2729.6000,2730.0000,2730.2000,2731.2000,2732.4000,3,1,1,1,5,2,2,1,2,1
SF,IH2009,2020-05-15 09:31:31.200,2729.6000,13172,-1,135966240.000,3,1,2,多平,S,2729.0000,2728.8000,2728.4000,2728.2000,2728.0000,2730.0000,2730.2000,2731.2000,2732.4000,2733.4000,1,3,1,1,1,2,1,3,1,1
SF,IH2009,2020-05-15 09:31:31.700,2730.0000,13170,-2,137604240.000,2,0,2,双平,S,2729.6000,2729.0000,2728.8000,2728.4000,2728.2000,2730.2000,2730.4000,2731.2000,2732.0000,2732.4000,1,1,3,1,1,1,2,3,1,1
SF,IH2009,2020-05-15 09:31:32.200,2730.4000,13168,-2,140061540.000,3,0,3,多平,S,2729.6000,2729.0000,2728.8000,2728.4000,2728.2000,2731.2000,2732.0000,2732.4000,2733.4000,2733.8000,1,1,4,1,1,3,1,1,1,1
SF,IH2009,2020-05-15 09:31:32.700,2730.4000,13168,0,140061540.000,0,-,-,-,-,2729.8000,2729.6000,2729.0000,2728.8000,2728.2000,2731.0000,2731.2000,2732.0000,2732.4000,2732.8000,1,1,1,4,1,1,3,1,1,1
SF,IH2009,2020-05-15 09:31:33.200,2729.8000,13167,-1,140880480.000,1,0,1,双平,S,2729.8000,2729.6000,2729.0000,2728.8000,2728.2000,2730.8000,2731.2000,2732.0000,2732.4000,2732.8000,2,1,1,4,1,1,3,1,1,1
SF,IH2009,2020-05-15 09:31:33.700,2729.8000,13167,0,141699420.000,1,0,1,多换,S,2729.8000,2729.6000,2728.8000,2728.2000,2728.0000,2730.6000,2731.2000,2732.0000,2732.4000,2732.8000,2,1,4,1,1,1,3,1,1,1
SF,IH2009,2020-05-15 09:31:34.200,2729.8000,13167,0,141699420.000,0,-,-,-,-,2729.6000,2728.8000,2728.2000,2728.0000,2727.8000,2730.6000,2731.2000,2732.0000,2732.4000,2732.8000,1,4,1,1,5,1,3,1,1,1
SF,IH2009,2020-05-15 09:31:34.700,2729.8000,13167,0,141699420.000,0,-,-,-,-,2729.6000,2728.8000,2728.2000,2728.0000,2727.8000,2729.8000,2730.6000,2730.8000,2731.2000,2732.0000,1,4,1,1,5,1,1,1,3,1
SF,IH2009,2020-05-15 09:31:35.200,2729.8000,13166,-1,142518360.000,1,0,1,双平,S,2728.8000,2728.2000,2728.0000,2727.8000,2726.2000,2730.6000,2730.8000,2731.2000,2732.0000,2732.4000,4,1,1,5,1,1,1,3,1,1
SF,IH2009,2020-05-15 09:31:35.700,2729.8000,13166,0,142518360.000,0,-,-,-,-,2729.0000,2728.8000,2728.2000,2728.0000,2727.8000,2730.4000,2730.6000,2730.8000,2731.2000,2732.0000,9,4,1,1,5,2,1,1,3,1
SF,IH2009,2020-05-15 09:31:36.200,2729.8000,13166,0,142518360.000,0,-,-,-,-,2729.0000,2728.8000,2728.2000,2728.0000,2727.8000,2729.6000,2730.4000,2730.6000,2730.8000,2731.2000,9,4,1,1,5,1,2,1,1,3
SF,IH2009,2020-05-15 09:31:36.700,2729.6000,13165,-1,143337240.000,1,0,1,双平,S,2729.2000,2729.0000,2728.8000,2728.2000,2728.0000,2730.2000,2730.4000,2730.8000,2731.2000,2732.4000,3,1,1,1,1,1,1,1,3,1
SF,IH2009,2020-05-15 09:31:37.200,2729.6000,13165,0,143337240.000,0,-,-,-,-,2729.2000,2729.0000,2728.8000,2728.2000,2728.0000,2730.2000,2730.4000,2730.8000,2731.2000,2732.2000,3,1,1,1,1,1,1,1,3,1
SF,IH2009,2020-05-15 09:31:38.200,2729.6000,13165,0,143337240.000,0,-,-,-,-,2729.4000,2729.0000,2728.8000,2728.2000,2728.0000,2730.2000,2730.4000,2730.8000,2731.2000,2732.2000,5,1,1,1,1,1,1,1,3,1
SF,IH2009,2020-05-15 09:31:39.200,2729.6000,13165,0,143337240.000,0,-,-,-,-,2729.6000,2729.4000,2729.0000,2728.8000,2728.2000,2730.0000,2730.2000,2730.4000,2730.8000,2731.2000,1,5,1,1,1,1,1,1,1,3
SF,IH2009,2020-05-15 09:31:39.700,2729.6000,13165,0,143337240.000,0,-,-,-,-,2729.6000,2729.4000,2729.0000,2728.8000,2728.2000,2730.4000,2730.8000,2731.2000,2732.2000,2732.4000,1,5,1,1,1,1,1,3,1,1
SF,IH2009,2020-05-15 09:31:40.200,2729.6000,13165,0,143337240.000,0,-,-,-,-,2729.6000,2729.4000,2729.0000,2728.8000,2728.2000,2730.4000,2730.8000,2731.2000,2732.2000,2732.4000,1,5,1,1,1,1,1,3,1,1
SF,IH2009,2020-05-15 09:31:41.700,2729.4000,13163,-2,144974940.000,2,0,2,双平,S,2729.4000,2729.0000,2728.8000,2728.2000,2728.0000,2730.4000,2730.8000,2731.2000,2732.2000,2732.4000,4,1,1,1,1,2,1,3,1,1
SF,IH2009,2020-05-15 09:31:42.200,2729.4000,13159,-4,148250220.000,4,0,4,双平,S,2729.0000,2728.8000,2728.2000,2728.0000,2727.8000,2729.4000,2730.2000,2730.4000,2730.8000,2731.2000,1,1,1,1,5,1,1,2,1,3
SF,IH2009,2020-05-15 09:31:42.700,2729.4000,13158,-1,149069040.000,1,0,1,双平,S,2729.0000,2728.8000,2728.2000,2728.0000,2727.8000,2730.4000,2730.8000,2731.2000,2732.0000,2732.4000,1,1,1,1,5,2,1,3,1,1
SF,IH2009,2020-05-15 09:31:43.200,2729.4000,13158,0,149069040.000,0,-,-,-,-,2728.8000,2728.2000,2728.0000,2727.8000,2726.2000,2730.2000,2730.4000,2730.8000,2731.2000,2732.0000,1,1,1,5,1,1,2,1,3,1
SF,IH2009,2020-05-15 09:31:43.700,2729.4000,13158,0,149069040.000,0,-,-,-,-,2729.0000,2728.8000,2728.2000,2728.0000,2727.8000,2730.0000,2730.4000,2730.8000,2731.2000,2732.0000,1,1,1,1,5,1,2,1,3,1
SF,IH2009,2020-05-15 09:31:44.200,2729.2000,13157,-1,149887800.000,1,0,1,双平,S,2729.2000,2729.0000,2728.8000,2728.2000,2728.0000,2729.4000,2730.4000,2730.8000,2731.2000,2732.0000,1,1,1,1,1,1,1,1,3,1
SF,IH2009,2020-05-15 09:31:44.700,2729.4000,13156,-1,150706620.000,1,0,1,双平,S,2729.4000,2729.2000,2729.0000,2728.8000,2728.2000,2730.4000,2730.8000,2731.2000,2732.4000,2733.4000,6,1,1,1,1,1,1,3,1,1
SF,IH2009,2020-05-15 09:31:45.200,2730.2000,13155,-1,151525680.000,1,0,1,双平,S,2729.4000,2729.2000,2729.0000,2728.8000,2728.4000,2730.4000,2730.8000,2731.2000,2732.2000,2732.4000,3,1,1,1,1,1,1,3,1,1
SF,IH2009,2020-05-15 09:31:45.700,2730.2000,13155,0,151525680.000,0,-,-,-,-,2729.4000,2729.2000,2729.0000,2728.8000,2728.4000,2730.4000,2730.8000,2731.2000,2732.2000,2732.4000,3,1,1,1,1,1,1,3,1,1
SF,IH2009,2020-05-15 09:31:47.200,2730.2000,13155,0,151525680.000,0,-,-,-,-,2729.4000,2729.2000,2729.0000,2728.8000,2728.4000,2730.4000,2730.8000,2731.2000,2732.2000,2732.4000,3,1,1,1,1,1,1,3,1,1
SF,IH2009,2020-05-15 09:31:48.700,2730.2000,13155,0,151525680.000,0,-,-,-,-,2729.6000,2729.4000,2729.2000,2729.0000,2728.8000,2730.4000,2730.8000,2731.2000,2732.2000,2732.4000,3,3,1,1,1,1,1,3,1,1
SF,IH2009,2020-05-15 09:31:49.200,2730.2000,13155,0,151525680.000,0,-,-,-,-,2729.6000,2729.4000,2729.2000,2729.0000,2728.8000,2730.0000,2730.4000,2730.8000,2731.0000,2731.2000,3,3,1,1,1,1,2,1,1,3
SF,IH2009,2020-05-15 09:31:49.700,2729.6000,13154,-1,152344560.000,1,0,1,双平,S,2729.6000,2729.4000,2729.0000,2728.8000,2728.4000,2730.0000,2730.4000,2730.8000,2731.0000,2731.2000,2,3,1,1,1,1,2,1,1,3
SF,IH2009,2020-05-15 09:31:50.200,2730.0000,13153,-1,153163560.000,1,0,1,双平,S,2729.6000,2729.4000,2729.0000,2728.8000,2728.4000,2730.4000,2730.8000,2731.0000,2731.2000,2732.2000,2,2,1,1,1,2,1,1,3,1
SF,IH2009,2020-05-15 09:31:51.200,2730.0000,13153,0,153163560.000,0,-,-,-,-,2729.6000,2729.4000,2729.0000,2728.8000,2728.4000,2730.4000,2730.8000,2731.0000,2731.2000,2732.2000,2,2,1,1,1,1,1,1,3,1
SF,IH2009,2020-05-15 09:31:51.700,2730.4000,13153,0,153982680.000,1,0,1,多换,S,2729.6000,2729.4000,2729.0000,2728.8000,2728.4000,2730.8000,2731.0000,2731.2000,2732.2000,2732.4000,2,2,1,1,1,1,1,3,1,1
SF,IH2009,2020-05-15 09:31:52.700,2730.4000,13153,0,153982680.000,0,-,-,-,-,2729.6000,2729.4000,2729.0000,2728.8000,2728.4000,2730.8000,2731.0000,2731.2000,2732.2000,2732.4000,2,2,1,1,1,2,1,3,1,1
SF,IH2009,2020-05-15 09:31:53.200,2730.4000,13153,0,153982680.000,0,-,-,-,-,2729.6000,2729.4000,2729.0000,2728.8000,2728.4000,2730.8000,2731.0000,2731.2000,2732.2000,2732.4000,2,2,1,1,1,1,1,3,1,1
SF,IH2009,2020-05-15 09:31:53.700,2730.4000,13153,0,153982680.000,0,-,-,-,-,2730.4000,2729.8000,2729.6000,2729.4000,2729.0000,2730.8000,2731.0000,2731.2000,2732.2000,2732.4000,1,2,2,2,1,1,1,3,1,1
SF,IH2009,2020-05-15 09:31:54.200,2730.4000,13152,-1,154801800.000,1,0,1,双平,S,2729.6000,2729.4000,2729.0000,2728.8000,2728.4000,2730.8000,2731.0000,2731.2000,2732.2000,2732.4000,2,2,1,1,1,1,1,3,1,1
SF,IH2009,2020-05-15 09:31:54.700,2730.4000,13152,0,154801800.000,0,-,-,-,-,2729.8000,2729.6000,2729.4000,2729.0000,2728.8000,2730.8000,2731.0000,2731.2000,2732.2000,2732.4000,2,2,2,1,1,1,1,3,1,1
SF,IH2009,2020-05-15 09:31:55.200,2730.4000,13152,0,154801800.000,0,-,-,-,-,2729.8000,2729.6000,2729.4000,2729.0000,2728.8000,2730.8000,2731.0000,2731.2000,2732.2000,2732.4000,3,2,2,1,1,1,1,3,1,1
SF,IH2009,2020-05-15 09:31:55.700,2730.8000,13151,-1,155621040.000,1,0,1,双平,S,2729.8000,2729.6000,2729.4000,2729.0000,2728.8000,2731.0000,2731.2000,2732.2000,2732.4000,2733.4000,2,2,2,1,1,1,3,1,1,1
SF,IH2009,2020-05-15 09:31:56.200,2730.8000,13151,0,155621040.000,0,-,-,-,-,2730.0000,2729.8000,2729.6000,2729.4000,2729.0000,2731.0000,2731.2000,2732.2000,2732.4000,2733.4000,1,2,2,2,1,1,3,1,1,1
SF,IH2009,2020-05-15 09:31:56.700,2730.8000,13151,0,155621040.000,0,-,-,-,-,2730.0000,2729.6000,2729.4000,2728.8000,2728.4000,2731.0000,2731.2000,2732.2000,2732.4000,2733.4000,1,2,2,1,1,2,3,1,1,1
SF,IH2009,2020-05-15 09:31:57.700,2731.0000,13152,1,156440340.000,1,1,0,双开,S,2730.0000,2729.6000,2729.4000,2728.8000,2728.4000,2731.0000,2731.2000,2732.2000,2732.4000,2733.4000,1,2,2,1,1,11,3,1,1,1
SF,IH2009,2020-05-15 09:31:59.700,2731.0000,13152,0,156440340.000,0,-,-,-,-,2730.0000,2729.6000,2729.4000,2728.8000,2728.4000,2730.8000,2731.0000,2731.2000,2732.2000,2732.4000,1,2,2,1,1,1,10,3,1,1
SF,IH2009,2020-05-15 09:32:00.200,2731.0000,13152,0,156440340.000,0,-,-,-,-,2729.6000,2729.4000,2729.0000,2728.8000,2728.4000,2730.0000,2730.8000,2731.0000,2731.2000,2732.2000,2,2,1,1,1,1,2,10,3,1
SF,IH2009,2020-05-15 09:32:00.700,2730.0000,13151,-1,157259340.000,1,0,1,双平,S,2730.0000,2729.6000,2729.4000,2729.0000,2728.8000,2731.0000,2731.2000,2732.2000,2732.4000,2733.4000,2,2,2,1,1,10,3,1,1,1
SF,IH2009,2020-05-15 09:32:02.200,2730.0000,13151,0,157259340.000,0,-,-,-,-,2730.0000,2729.6000,2729.4000,2729.2000,2729.0000,2731.0000,2731.2000,2732.2000,2732.4000,2733.4000,1,2,2,1,1,10,3,1,1,1
SF,IH2009,2020-05-15 09:32:03.200,2730.0000,13151,0,157259340.000,0,-,-,-,-,2729.6000,2729.4000,2729.2000,2729.0000,2728.8000,2731.0000,2731.2000,2732.2000,2732.4000,2733.4000,2,2,1,1,1,10,3,1,1,1
SF,IH2009,2020-05-15 09:32:03.700,2730.0000,13151,0,157259340.000,0,-,-,-,-,2729.6000,2729.4000,2729.2000,2729.0000,2728.8000,2730.8000,2731.0000,2731.2000,2732.2000,2732.4000,2,2,1,1,1,1,10,4,1,1
SF,IH2009,2020-05-15 09:32:04.200,2730.0000,13151,0,157259340.000,0,-,-,-,-,2729.8000,2729.6000,2729.4000,2729.2000,2729.0000,2731.0000,2731.2000,2732.2000,2732.4000,2733.4000,1,2,2,1,1,10,4,1,1,1
SF,IH2009,2020-05-15 09:32:04.700,2730.0000,13151,0,157259340.000,0,-,-,-,-,2730.0000,2729.8000,2729.4000,2729.2000,2729.0000,2731.0000,2731.2000,2732.2000,2732.4000,2733.4000,2,1,2,1,1,10,4,1,1,1
SF,IH2009,2020-05-15 09:32:05.200,2730.0000,13151,0,157259340.000,0,-,-,-,-,2730.0000,2729.4000,2729.2000,2729.0000,2728.8000,2730.8000,2731.0000,2731.2000,2732.2000,2732.4000,2,2,1,1,1,1,10,4,1,1
SF,IH2009,2020-05-15 09:32:06.200,2730.0000,13151,0,157259340.000,0,-,-,-,-,2730.0000,2729.4000,2729.2000,2729.0000,2728.8000,2731.0000,2731.2000,2732.2000,2732.4000,2733.4000,2,2,1,1,1,10,4,1,1,1
SF,IH2009,2020-05-15 09:32:06.700,2730.0000,13151,0,157259340.000,0,-,-,-,-,2730.2000,2730.0000,2729.4000,2729.2000,2729.0000,2731.0000,2731.2000,2732.2000,2732.4000,2733.0000,1,2,2,1,1,10,4,1,1,1
SF,IH2009,2020-05-15 09:32:07.200,2730.0000,13151,0,157259340.000,0,-,-,-,-,2730.2000,2730.0000,2729.4000,2729.2000,2729.0000,2731.0000,2731.2000,2732.2000,2732.4000,2733.0000,1,2,2,1,1,10,4,1,1,1
SF,IH2009,2020-05-15 09:32:10.200,2730.2000,13150,-1,158078400.000,1,0,1,双平,S,2730.4000,2729.4000,2729.2000,2729.0000,2728.8000,2731.0000,2731.2000,2732.2000,2732.4000,2733.0000,2,2,1,1,1,10,4,1,1,1
SF,IH2009,2020-05-15 09:32:10.700,2730.4000,13148,-2,159716640.000,2,0,2,双平,S,2729.4000,2729.2000,2729.0000,2728.8000,2728.4000,2731.0000,2731.2000,2732.2000,2732.4000,2733.0000,2,1,1,1,1,10,4,1,1,1
SF,IH2009,2020-05-15 09:32:11.200,2731.0000,13145,-3,162174540.000,3,0,3,双平,S,2730.2000,2729.6000,2729.4000,2729.2000,2729.0000,2731.0000,2731.2000,2732.2000,2732.4000,2733.0000,1,14,2,1,1,7,4,1,1,1
SF,IH2009,2020-05-15 09:32:11.700,2731.0000,13145,0,162993840.000,1,0,1,多换,S,2730.2000,2729.6000,2729.4000,2729.2000,2729.0000,2731.0000,2731.2000,2732.2000,2732.4000,2733.0000,1,12,2,1,1,6,4,1,1,1
SF,IH2009,2020-05-15 09:32:12.200,2731.0000,13145,0,162993840.000,0,-,-,-,-,2729.6000,2729.4000,2729.2000,2729.0000,2728.8000,2731.0000,2731.2000,2732.2000,2732.4000,2733.0000,11,2,1,1,1,6,4,1,1,1
SF,IH2009,2020-05-15 09:32:12.700,2731.0000,13145,0,162993840.000,0,-,-,-,-,2730.0000,2729.8000,2729.6000,2729.4000,2729.2000,2731.0000,2731.2000,2732.2000,2732.4000,2733.0000,1,1,4,2,2,6,4,1,1,1
SF,IH2009,2020-05-15 09:32:13.200,2731.0000,13145,0,162993840.000,0,-,-,-,-,2730.0000,2729.6000,2729.4000,2729.2000,2729.0000,2731.0000,2731.2000,2732.2000,2732.4000,2733.0000,1,1,2,2,1,6,4,1,1,1
SF,IH2009,2020-05-15 09:32:13.700,2730.0000,13145,0,163812840.000,1,0,1,多换,S,2729.6000,2729.4000,2729.2000,2729.0000,2728.8000,2731.0000,2731.2000,2732.2000,2732.4000,2733.0000,1,2,2,1,1,6,4,1,1,1
SF,IH2009,2020-05-15 09:32:14.200,2730.0000,13145,0,163812840.000,0,-,-,-,-,2729.6000,2729.4000,2729.0000,2728.8000,2728.4000,2731.0000,2731.2000,2732.2000,2732.4000,2733.0000,1,2,1,1,1,6,4,1,1,1
SF,IH2009,2020-05-15 09:32:14.700,2731.0000,13145,0,164632140.000,1,0,1,多换,S,2729.6000,2729.4000,2729.0000,2728.8000,2728.4000,2731.0000,2731.2000,2732.2000,2732.4000,2733.0000,1,2,1,1,1,5,4,1,1,1
SF,IH2009,2020-05-15 09:32:15.200,2731.0000,13145,0,164632140.000,0,-,-,-,-,2729.8000,2729.6000,2729.4000,2729.0000,2728.8000,2731.0000,2731.2000,2732.2000,2732.4000,2733.0000,1,1,2,1,1,5,4,1,1,1
SF,IH2009,2020-05-15 09:32:15.700,2731.0000,13145,0,164632140.000,0,-,-,-,-,2729.8000,2729.6000,2729.4000,2729.0000,2728.8000,2731.0000,2731.2000,2732.2000,2732.4000,2733.0000,1,1,2,1,1,5,4,1,1,1
SF,IH2009,2020-05-15 09:32:16.200,2731.0000,13145,0,164632140.000,0,-,-,-,-,2730.0000,2729.6000,2729.4000,2729.0000,2728.8000,2731.0000,2731.2000,2732.2000,2732.4000,2733.0000,1,1,2,1,1,5,4,1,1,1
SF,IH2009,2020-05-15 09:32:16.700,2731.0000,13145,0,164632140.000,0,-,-,-,-,2730.0000,2729.6000,2729.4000,2729.0000,2728.8000,2731.0000,2731.2000,2732.2000,2732.4000,2733.0000,1,1,2,1,1,5,4,1,1,1
SF,IH2009,2020-05-15 09:32:17.200,2731.0000,13145,0,164632140.000,0,-,-,-,-,2730.2000,2730.0000,2729.6000,2729.4000,2729.0000,2731.0000,2731.2000,2732.2000,2732.4000,2733.0000,1,1,1,2,1,5,4,1,1,1
SF,IH2009,2020-05-15 09:32:17.700,2731.0000,13145,0,164632140.000,0,-,-,-,-,2730.2000,2730.0000,2729.6000,2729.4000,2729.0000,2731.0000,2731.2000,2732.2000,2732.4000,2733.0000,1,1,1,2,1,5,4,1,1,1
SF,IH2009,2020-05-15 09:32:18.200,2731.0000,13145,0,164632140.000,0,-,-,-,-,2730.2000,2729.6000,2729.4000,2729.0000,2728.8000,2731.0000,2731.2000,2732.0000,2732.2000,2732.4000,1,1,2,1,1,5,4,1,1,1
SF,IH2009,2020-05-15 09:32:18.700,2731.0000,13145,0,166270740.000,2,1,1,多换,S,2730.2000,2729.6000,2729.4000,2729.0000,2728.8000,2731.0000,2731.2000,2732.0000,2732.2000,2732.4000,1,1,2,1,1,3,4,1,1,1
SF,IH2009,2020-05-15 09:32:19.200,2731.0000,13146,1,168728640.000,3,2,1,空开,S,2730.2000,2729.6000,2729.4000,2729.0000,2728.8000,2731.0000,2731.2000,2732.0000,2732.2000,2732.4000,1,1,2,1,1,1,4,1,1,1
SF,IH2009,2020-05-15 09:32:19.700,2731.0000,13146,0,168728640.000,0,-,-,-,-,2730.2000,2730.0000,2729.6000,2729.4000,2729.0000,2731.0000,2731.2000,2732.0000,2732.2000,2732.4000,1,1,1,2,1,1,4,1,1,1
SF,IH2009,2020-05-15 09:32:20.700,2731.0000,13146,0,168728640.000,0,-,-,-,-,2730.2000,2729.6000,2729.4000,2729.0000,2728.8000,2731.0000,2731.2000,2732.0000,2732.2000,2732.4000,1,1,2,1,1,2,4,1,1,1
SF,IH2009,2020-05-15 09:32:21.700,2731.0000,13146,0,168728640.000,0,-,-,-,-,2729.6000,2729.4000,2729.0000,2728.8000,2728.4000,2731.0000,2731.2000,2732.0000,2732.2000,2732.4000,1,2,1,1,1,2,4,1,1,1
SF,IH2009,2020-05-15 09:32:22.200,2731.0000,13146,0,168728640.000,0,-,-,-,-,2729.6000,2729.4000,2729.0000,2728.8000,2728.4000,2731.0000,2731.2000,2732.0000,2732.2000,2732.4000,1,2,1,1,1,1,4,1,1,1
SF,IH2009,2020-05-15 09:32:22.700,2731.0000,13146,0,168728640.000,0,-,-,-,-,2729.6000,2729.4000,2729.0000,2728.8000,2728.4000,2730.8000,2731.0000,2731.2000,2732.0000,2732.2000,1,2,1,1,1,1,1,4,1,1
SF,IH2009,2020-05-15 09:32:23.200,2731.0000,13146,0,168728640.000,0,-,-,-,-,2729.8000,2729.6000,2729.4000,2729.0000,2728.8000,2731.0000,2731.2000,2732.0000,2732.2000,2732.4000,1,1,2,1,1,1,4,1,1,1
SF,IH2009,2020-05-15 09:32:23.700,2731.0000,13146,0,168728640.000,0,-,-,-,-,2729.6000,2729.4000,2729.0000,2728.8000,2728.4000,2731.0000,2731.2000,2732.0000,2732.2000,2732.4000,1,2,1,1,1,1,4,1,1,1
SF,IH2009,2020-05-15 09:32:24.200,2731.0000,13146,0,168728640.000,0,-,-,-,-,2729.8000,2729.6000,2729.4000,2729.0000,2728.8000,2731.0000,2731.2000,2732.0000,2732.2000,2732.4000,1,1,2,1,1,1,4,2,1,1
SF,IH2009,2020-05-15 09:32:24.700,2731.0000,13146,0,168728640.000,0,-,-,-,-,2730.0000,2729.6000,2729.4000,2729.0000,2728.8000,2731.0000,2731.2000,2732.0000,2732.2000,2732.4000,1,1,2,1,1,1,4,2,1,1
SF,IH2009,2020-05-15 09:32:25.200,2731.0000,13146,0,169547940.000,1,0,1,多换,S,2731.0000,2729.6000,2729.4000,2729.0000,2728.8000,2731.2000,2732.0000,2732.2000,2732.4000,2733.0000,3,1,2,1,1,4,2,1,1,1
SF,IH2009,2020-05-15 09:32:25.700,2731.2000,13144,-2,172006020.000,3,0,3,多平,S,2731.2000,2731.0000,2730.2000,2729.6000,2729.4000,2732.0000,2732.2000,2732.4000,2733.0000,2733.4000,2,4,7,1,2,2,1,1,1,1
SF,IH2009,2020-05-15 09:32:26.200,2731.2000,13144,0,172006020.000,0,-,-,-,-,2731.2000,2731.0000,2729.6000,2729.4000,2729.0000,2731.8000,2732.0000,2732.2000,2732.4000,2733.0000,2,4,1,2,1,1,2,1,1,2
SF,IH2009,2020-05-15 09:32:26.700,2731.2000,13144,0,172825380.000,1,0,1,多换,S,2731.0000,2729.6000,2729.4000,2729.0000,2728.8000,2731.8000,2732.0000,2732.2000,2732.4000,2733.0000,4,1,2,1,1,1,2,1,1,2
SF,IH2009,2020-05-15 09:32:27.200,2731.2000,13144,0,172825380.000,0,-,-,-,-,2731.0000,2730.2000,2729.6000,2729.4000,2729.0000,2731.8000,2732.0000,2732.2000,2732.4000,2733.0000,4,1,1,2,1,1,2,1,1,2
SF,IH2009,2020-05-15 09:32:28.700,2731.2000,13144,0,172825380.000,0,-,-,-,-,2731.0000,2730.2000,2729.6000,2729.4000,2729.0000,2731.8000,2732.0000,2732.2000,2732.4000,2733.0000,3,1,1,2,1,1,2,1,1,2
SF,IH2009,2020-05-15 09:32:29.200,2731.2000,13144,0,172825380.000,0,-,-,-,-,2731.0000,2730.2000,2729.6000,2729.4000,2729.0000,2731.8000,2732.0000,2732.2000,2732.4000,2733.0000,3,1,1,2,1,1,2,1,1,2
SF,IH2009,2020-05-15 09:32:29.700,2731.2000,13144,0,172825380.000,0,-,-,-,-,2731.0000,2730.2000,2729.6000,2729.4000,2729.0000,2732.0000,2732.2000,2732.4000,2733.0000,2733.4000,3,1,1,2,1,2,1,1,2,1
SF,IH2009,2020-05-15 09:32:30.200,2731.2000,13144,0,172825380.000,0,-,-,-,-,2731.0000,2730.2000,2729.6000,2729.4000,2729.0000,2731.8000,2732.0000,2732.2000,2732.4000,2733.0000,4,1,1,2,1,1,2,1,1,2
SF,IH2009,2020-05-15 09:32:30.700,2731.2000,13144,0,172825380.000,0,-,-,-,-,2731.4000,2731.0000,2730.2000,2729.6000,2729.4000,2732.0000,2732.2000,2732.4000,2733.0000,2733.4000,1,3,1,1,2,2,1,1,2,1
SF,IH2009,2020-05-15 09:32:31.700,2731.2000,13144,0,172825380.000,0,-,-,-,-,2731.6000,2731.0000,2730.2000,2729.6000,2729.4000,2731.8000,2732.0000,2732.2000,2732.4000,2733.0000,1,3,1,1,2,1,2,1,1,2
SF,IH2009,2020-05-15 09:32:32.200,2731.2000,13144,0,172825380.000,0,-,-,-,-,2731.0000,2730.2000,2729.6000,2729.4000,2729.0000,2731.8000,2732.0000,2732.2000,2732.4000,2733.0000,3,1,1,2,1,1,2,1,1,2
SF,IH2009,2020-05-15 09:32:32.700,2731.2000,13144,0,172825380.000,0,-,-,-,-,2731.4000,2731.0000,2730.2000,2729.6000,2729.4000,2732.0000,2732.2000,2732.4000,2733.0000,2733.4000,1,3,1,1,2,2,1,1,2,1
SF,IH2009,2020-05-15 09:32:33.200,2731.2000,13144,0,172825380.000,0,-,-,-,-,2731.4000,2731.0000,2730.2000,2729.6000,2729.4000,2731.8000,2732.0000,2732.2000,2732.4000,2733.0000,1,3,1,1,2,1,2,1,1,2
SF,IH2009,2020-05-15 09:32:33.700,2731.8000,13143,-1,173644920.000,1,0,1,双平,S,2731.0000,2730.2000,2729.6000,2729.4000,2729.0000,2732.0000,2732.2000,2732.4000,2733.0000,2733.4000,3,1,1,2,1,2,1,1,2,1
SF,IH2009,2020-05-15 09:32:34.200,2731.8000,13143,0,173644920.000,0,-,-,-,-,2731.2000,2731.0000,2730.2000,2729.6000,2729.4000,2732.0000,2732.2000,2732.4000,2733.0000,2733.4000,2,3,1,1,2,2,1,1,2,1
SF,IH2009,2020-05-15 09:32:34.700,2731.8000,13143,0,173644920.000,0,-,-,-,-,2731.8000,2731.2000,2731.0000,2730.2000,2729.6000,2732.0000,2732.2000,2732.4000,2733.0000,2733.4000,1,1,3,1,1,2,1,1,2,1
SF,IH2009,2020-05-15 09:32:35.200,2732.0000,13142,-1,176103660.000,3,1,2,多平,S,2731.2000,2731.0000,2730.2000,2729.6000,2729.0000,2732.2000,2732.4000,2733.0000,2733.4000,2733.8000,1,3,1,1,1,1,1,2,1,2
SF,IH2009,2020-05-15 09:32:35.700,2732.0000,13142,0,176103660.000,0,-,-,-,-,2731.2000,2731.0000,2730.2000,2729.6000,2729.0000,2732.2000,2732.4000,2733.0000,2733.4000,2733.8000,1,3,1,2,1,1,1,2,1,2
SF,IH2009,2020-05-15 09:32:36.200,2732.0000,13142,0,176103660.000,0,-,-,-,-,2731.0000,2730.2000,2729.6000,2729.0000,2728.8000,2732.2000,2732.4000,2733.0000,2733.4000,2733.8000,3,1,2,1,1,1,1,2,1,2
SF,IH2009,2020-05-15 09:32:36.700,2732.0000,13142,0,176103660.000,0,-,-,-,-,2731.0000,2730.2000,2729.6000,2729.0000,2728.8000,2732.2000,2732.4000,2733.0000,2733.4000,2733.8000,3,1,2,1,1,1,1,2,1,2
SF,IH2009,2020-05-15 09:32:37.200,2732.0000,13142,0,176103660.000,0,-,-,-,-,2731.0000,2730.2000,2729.6000,2729.0000,2728.8000,2732.2000,2732.4000,2733.0000,2733.4000,2733.8000,3,1,2,1,1,2,1,2,1,2
SF,IH2009,2020-05-15 09:32:37.700,2732.0000,13142,0,176103660.000,0,-,-,-,-,2731.0000,2730.2000,2729.6000,2729.0000,2728.8000,2732.2000,2732.4000,2733.0000,2733.4000,2733.8000,3,1,2,1,1,2,1,2,1,3
SF,IH2009,2020-05-15 09:32:39.700,2732.0000,13142,0,176103660.000,0,-,-,-,-,2731.0000,2730.2000,2729.6000,2729.0000,2728.8000,2732.0000,2732.2000,2732.4000,2733.0000,2733.4000,3,1,2,1,1,1,2,1,2,1
SF,IH2009,2020-05-15 09:32:40.200,2732.0000,13142,0,176103660.000,0,-,-,-,-,2731.2000,2731.0000,2730.2000,2729.6000,2729.0000,2732.2000,2732.4000,2733.0000,2733.4000,2733.8000,1,3,1,2,1,1,1,2,1,3
SF,IH2009,2020-05-15 09:32:40.700,2732.0000,13142,0,176103660.000,0,-,-,-,-,2731.0000,2730.2000,2729.6000,2729.0000,2728.8000,2732.0000,2732.2000,2732.4000,2733.0000,2733.4000,3,1,2,1,1,1,1,1,2,1
SF,IH2009,2020-05-15 09:32:41.200,2732.0000,13142,0,176103660.000,0,-,-,-,-,2731.0000,2730.2000,2729.6000,2729.0000,2728.8000,2732.2000,2732.4000,2733.0000,2733.4000,2733.8000,3,1,2,1,1,1,2,1,1,3
SF,IH2009,2020-05-15 09:32:41.700,2732.0000,13142,0,176103660.000,0,-,-,-,-,2731.0000,2730.2000,2729.6000,2729.0000,2728.8000,2732.0000,2732.2000,2732.4000,2733.0000,2733.4000,3,1,2,1,1,1,1,2,1,1
SF,IH2009,2020-05-15 09:32:45.200,2732.0000,13142,0,176103660.000,0,-,-,-,-,2731.2000,2731.0000,2730.2000,2729.6000,2729.0000,2732.0000,2732.2000,2732.4000,2733.0000,2733.4000,1,3,1,2,1,1,1,2,1,1
SF,IH2009,2020-05-15 09:32:45.700,2732.0000,13142,0,176103660.000,0,-,-,-,-,2731.0000,2730.2000,2729.6000,2729.0000,2728.8000,2732.0000,2732.2000,2732.4000,2733.0000,2733.4000,3,1,2,1,1,1,1,2,1,1
SF,IH2009,2020-05-15 09:32:49.200,2732.0000,13142,0,176103660.000,0,-,-,-,-,2731.0000,2730.2000,2729.6000,2729.0000,2728.8000,2732.0000,2732.2000,2732.4000,2733.0000,2733.4000,3,1,2,1,1,1,1,2,1,1
SF,IH2009,2020-05-15 09:32:49.700,2732.0000,13142,0,176103660.000,0,-,-,-,-,2731.0000,2730.2000,2729.6000,2729.0000,2728.8000,2732.2000,2732.4000,2733.0000,2733.4000,2733.8000,3,1,2,1,1,1,2,1,1,3
SF,IH2009,2020-05-15 09:32:50.200,2732.0000,13142,0,176103660.000,0,-,-,-,-,2731.0000,2730.2000,2729.6000,2729.0000,2728.8000,2732.0000,2732.2000,2732.4000,2733.0000,2733.4000,3,1,2,1,1,2,1,2,1,1
SF,IH2009,2020-05-15 09:32:50.700,2732.0000,13142,0,176103660.000,0,-,-,-,-,2731.0000,2730.2000,2729.6000,2729.0000,2728.8000,2732.0000,2732.2000,2732.4000,2733.0000,2733.4000,3,1,2,1,1,1,1,2,1,1
SF,IH2009,2020-05-15 09:32:52.200,2732.0000,13141,-1,176923260.000,1,0,1,双平,S,2731.0000,2730.2000,2729.6000,2729.0000,2728.8000,2732.0000,2732.2000,2732.4000,2733.0000,2733.4000,3,1,2,1,1,1,1,2,1,1
SF,IH2009,2020-05-15 09:32:52.700,2732.0000,13141,0,176923260.000,0,-,-,-,-,2731.0000,2730.2000,2729.6000,2729.0000,2728.8000,2732.0000,2732.2000,2732.4000,2733.0000,2733.4000,3,1,2,1,1,1,1,2,1,1
SF,IH2009,2020-05-15 09:32:53.200,2732.0000,13141,0,176923260.000,0,-,-,-,-,2731.0000,2730.2000,2729.6000,2729.0000,2728.8000,2732.0000,2732.2000,2732.4000,2733.0000,2733.4000,3,1,2,1,1,1,1,2,1,1
SF,IH2009,2020-05-15 09:32:55.700,2732.0000,13141,0,176923260.000,0,-,-,-,-,2731.0000,2730.2000,2729.6000,2729.0000,2728.8000,2731.8000,2732.0000,2732.2000,2732.4000,2733.0000,3,1,2,1,1,1,1,1,2,1
SF,IH2009,2020-05-15 09:32:59.700,2732.0000,13141,0,176923260.000,0,-,-,-,-,2731.0000,2730.2000,2729.6000,2729.0000,2728.8000,2731.8000,2732.0000,2732.2000,2732.4000,2733.0000,3,1,2,1,1,2,1,1,2,1
SF,IH2009,2020-05-15 09:33:00.200,2732.0000,13141,0,176923260.000,0,-,-,-,-,2731.0000,2730.2000,2729.6000,2729.0000,2728.8000,2731.8000,2732.0000,2732.2000,2732.4000,2733.0000,3,1,2,1,1,1,1,1,2,1
SF,IH2009,2020-05-15 09:33:00.700,2731.8000,13140,-1,177742800.000,1,0,1,双平,S,2731.8000,2731.2000,2731.0000,2730.2000,2729.6000,2732.0000,2732.2000,2732.4000,2733.0000,2733.4000,1,4,3,1,2,1,1,2,1,1
SF,IH2009,2020-05-15 09:33:01.200,2732.0000,13139,-1,178562400.000,1,0,1,双平,S,2731.8000,2731.2000,2731.0000,2730.2000,2729.6000,2732.4000,2733.0000,2733.4000,2733.8000,2734.0000,1,4,3,1,2,2,1,1,3,3
SF,IH2009,2020-05-15 09:33:01.700,2732.0000,13139,0,178562400.000,0,-,-,-,-,2732.0000,2731.8000,2731.2000,2731.0000,2730.2000,2732.4000,2733.0000,2733.4000,2733.8000,2734.0000,2,1,4,3,1,2,1,1,3,3
SF,IH2009,2020-05-15 09:33:02.200,2732.4000,13137,-2,180201840.000,2,0,2,双平,S,2732.0000,2731.8000,2731.2000,2731.0000,2730.2000,2733.0000,2733.4000,2733.8000,2734.0000,2734.2000,2,1,2,3,1,1,1,3,3,10
SF,IH2009,2020-05-15 09:33:02.700,2732.4000,13137,0,180201840.000,0,-,-,-,-,2732.0000,2731.8000,2731.2000,2731.0000,2730.2000,2732.8000,2733.0000,2733.4000,2733.8000,2734.0000,1,1,2,3,1,1,1,1,3,3
SF,IH2009,2020-05-15 09:33:03.200,2732.4000,13137,0,180201840.000,0,-,-,-,-,2731.8000,2731.2000,2731.0000,2730.4000,2730.2000,2732.8000,2733.0000,2733.4000,2733.8000,2734.0000,1,2,3,1,1,1,1,1,3,3
SF,IH2009,2020-05-15 09:33:03.700,2732.4000,13137,0,180201840.000,0,-,-,-,-,2731.8000,2731.2000,2731.0000,2730.4000,2730.2000,2732.8000,2733.0000,2733.4000,2733.8000,2734.0000,1,2,3,1,1,1,1,1,3,3
SF,IH2009,2020-05-15 09:33:04.200,2732.4000,13137,0,180201840.000,0,-,-,-,-,2731.2000,2731.0000,2730.4000,2730.2000,2729.6000,2731.8000,2732.8000,2733.0000,2733.4000,2733.8000,2,3,1,1,1,1,1,2,1,3
SF,IH2009,2020-05-15 09:33:04.700,2732.4000,13137,0,180201840.000,0,-,-,-,-,2731.2000,2731.0000,2730.4000,2730.2000,2729.6000,2731.6000,2731.8000,2732.8000,2733.0000,2733.4000,2,3,1,1,1,1,1,1,2,1
SF,IH2009,2020-05-15 09:33:05.200,2731.6000,13137,0,181021320.000,1,0,1,多换,S,2731.2000,2731.0000,2730.4000,2730.2000,2729.6000,2731.8000,2733.0000,2733.4000,2733.8000,2734.0000,2,3,1,1,1,1,2,1,3,3
SF,IH2009,2020-05-15 09:33:07.700,2731.6000,13137,0,181021320.000,0,-,-,-,-,2731.2000,2731.0000,2730.4000,2730.2000,2729.6000,2733.0000,2733.4000,2733.8000,2734.0000,2734.2000,2,4,1,1,1,2,1,3,3,10
SF,IH2009,2020-05-15 09:33:08.200,2731.6000,13137,0,181021320.000,0,-,-,-,-,2731.2000,2731.0000,2730.4000,2730.2000,2729.6000,2732.8000,2733.0000,2733.4000,2733.8000,2734.0000,2,4,1,1,2,1,2,1,3,3
SF,IH2009,2020-05-15 09:33:08.700,2731.6000,13137,0,181021320.000,0,-,-,-,-,2731.2000,2731.0000,2730.4000,2730.2000,2729.6000,2732.6000,2733.0000,2733.4000,2733.8000,2734.0000,2,4,1,1,2,2,2,1,3,3
SF,IH2009,2020-05-15 09:33:09.200,2731.6000,13137,0,181021320.000,0,-,-,-,-,2731.2000,2731.0000,2730.4000,2730.2000,2729.6000,2732.4000,2732.6000,2733.0000,2733.4000,2733.8000,2,4,1,1,2,1,2,2,1,3
SF,IH2009,2020-05-15 09:33:09.700,2731.6000,13137,0,181021320.000,0,-,-,-,-,2731.2000,2731.0000,2730.4000,2730.2000,2729.6000,2732.2000,2732.6000,2733.0000,2733.4000,2733.8000,2,4,1,1,2,1,1,2,1,3
SF,IH2009,2020-05-15 09:33:10.200,2731.6000,13137,0,181021320.000,0,-,-,-,-,2731.2000,2731.0000,2730.4000,2730.2000,2729.6000,2732.6000,2732.8000,2733.0000,2733.4000,2733.8000,2,4,1,1,2,1,1,2,1,3
SF,IH2009,2020-05-15 09:33:10.700,2731.6000,13137,0,181021320.000,0,-,-,-,-,2731.2000,2731.0000,2730.4000,2730.2000,2729.6000,2732.4000,2732.6000,2732.8000,2733.0000,2733.4000,2,4,1,1,2,1,1,1,2,1
SF,IH2009,2020-05-15 09:33:11.200,2731.6000,13137,0,181021320.000,0,-,-,-,-,2731.0000,2730.4000,2730.2000,2729.6000,2729.0000,2732.2000,2732.4000,2732.6000,2732.8000,2733.0000,4,1,1,2,1,1,2,1,1,2
SF,IH2009,2020-05-15 09:33:11.700,2731.6000,13137,0,181021320.000,0,-,-,-,-,2731.0000,2730.4000,2730.2000,2729.6000,2729.0000,2732.2000,2732.4000,2732.6000,2732.8000,2733.0000,4,1,1,2,1,1,1,1,1,2
SF,IH2009,2020-05-15 09:33:12.700,2731.6000,13137,0,181021320.000,0,-,-,-,-,2731.0000,2730.4000,2730.2000,2729.6000,2729.0000,2732.2000,2732.6000,2732.8000,2733.0000,2733.4000,4,1,1,2,1,1,1,1,3,1
SF,IH2009,2020-05-15 09:33:15.700,2731.6000,13137,0,181021320.000,0,-,-,-,-,2731.0000,2730.4000,2730.2000,2729.6000,2729.0000,2732.0000,2732.2000,2732.6000,2732.8000,2733.0000,4,1,1,2,1,1,1,2,1,3
SF,IH2009,2020-05-15 09:33:16.200,2731.6000,13137,0,181021320.000,0,-,-,-,-,2731.0000,2730.4000,2730.2000,2729.6000,2729.0000,2732.0000,2732.2000,2732.6000,2732.8000,2733.0000,4,1,1,2,1,1,1,2,1,3
SF,IH2009,2020-05-15 09:33:16.700,2731.6000,13137,0,181021320.000,0,-,-,-,-,2731.0000,2730.4000,2730.2000,2729.6000,2729.0000,2732.0000,2732.6000,2732.8000,2733.0000,2733.4000,4,1,1,2,1,2,2,1,3,1
SF,IH2009,2020-05-15 09:33:17.200,2731.0000,13137,0,181840620.000,1,0,1,多换,S,2731.0000,2730.4000,2730.2000,2729.6000,2729.0000,2732.0000,2732.6000,2732.8000,2733.0000,2733.4000,3,1,1,2,1,2,2,1,3,1
SF,IH2009,2020-05-15 09:33:17.700,2731.0000,13137,0,181840620.000,0,-,-,-,-,2731.0000,2730.4000,2730.2000,2729.6000,2729.0000,2732.0000,2732.6000,2732.8000,2733.0000,2733.4000,3,1,1,2,1,1,2,1,3,1
SF,IH2009,2020-05-15 09:33:19.200,2731.0000,13137,0,181840620.000,0,-,-,-,-,2731.0000,2730.4000,2730.2000,2729.6000,2729.0000,2732.0000,2732.6000,2732.8000,2733.0000,2733.4000,3,1,1,2,1,2,2,1,3,1
SF,IH2009,2020-05-15 09:33:19.700,2731.0000,13137,0,181840620.000,0,-,-,-,-,2731.2000,2731.0000,2730.4000,2730.2000,2729.6000,2732.0000,2732.6000,2732.8000,2733.0000,2733.4000,1,3,1,1,2,1,2,1,3,1
SF,IH2009,2020-05-15 09:33:20.200,2732.0000,13136,-1,182660220.000,1,0,1,双平,S,2731.2000,2731.0000,2730.4000,2730.2000,2729.6000,2732.6000,2732.8000,2733.0000,2733.4000,2733.8000,2,3,1,1,2,2,1,3,1,3
SF,IH2009,2020-05-15 09:33:20.700,2732.0000,13136,0,182660220.000,0,-,-,-,-,2731.4000,2731.2000,2731.0000,2730.4000,2730.2000,2732.6000,2732.8000,2733.0000,2733.4000,2733.8000,1,1,4,1,1,2,1,3,1,3
SF,IH2009,2020-05-15 09:33:21.200,2732.0000,13136,0,182660220.000,0,-,-,-,-,2731.0000,2730.4000,2730.2000,2729.6000,2729.0000,2732.4000,2732.6000,2732.8000,2733.0000,2733.4000,4,1,1,2,1,2,2,1,3,1
SF,IH2009,2020-05-15 09:33:21.700,2732.0000,13136,0,182660220.000,0,-,-,-,-,2731.2000,2731.0000,2730.4000,2730.2000,2729.6000,2732.4000,2732.6000,2733.0000,2733.4000,2733.8000,1,4,1,1,2,2,2,3,1,3
SF,IH2009,2020-05-15 09:33:22.200,2732.0000,13136,0,182660220.000,0,-,-,-,-,2731.4000,2731.0000,2730.4000,2730.2000,2729.6000,2732.2000,2732.6000,2733.0000,2733.4000,2733.8000,1,4,1,1,2,2,2,3,1,3
SF,IH2009,2020-05-15 09:33:22.700,2732.0000,13136,0,182660220.000,0,-,-,-,-,2731.0000,2730.4000,2730.2000,2729.6000,2729.0000,2732.2000,2732.6000,2733.0000,2733.4000,2733.8000,4,1,1,2,1,1,2,3,1,3
SF,IH2009,2020-05-15 09:33:23.200,2732.0000,13136,0,182660220.000,0,-,-,-,-,2731.2000,2731.0000,2730.4000,2730.2000,2729.6000,2732.6000,2733.0000,2733.4000,2733.8000,2734.0000,1,4,1,1,2,2,3,1,3,3
SF,IH2009,2020-05-15 09:33:23.700,2732.0000,13136,0,182660220.000,0,-,-,-,-,2731.0000,2730.4000,2730.2000,2729.6000,2729.0000,2732.6000,2733.0000,2733.4000,2733.8000,2734.0000,4,1,1,2,1,2,3,1,3,3
SF,IH2009,2020-05-15 09:33:24.200,2732.0000,13136,0,182660220.000,0,-,-,-,-,2731.2000,2731.0000,2730.4000,2730.2000,2729.6000,2732.6000,2733.0000,2733.4000,2733.8000,2734.0000,1,4,1,1,2,2,3,1,3,3
SF,IH2009,2020-05-15 09:33:24.700,2732.0000,13136,0,182660220.000,0,-,-,-,-,2731.0000,2730.4000,2730.2000,2729.6000,2729.0000,2732.6000,2733.0000,2733.4000,2733.8000,2734.0000,4,1,1,2,1,2,3,1,3,3
SF,IH2009,2020-05-15 09:33:25.200,2732.0000,13136,0,182660220.000,0,-,-,-,-,2731.2000,2731.0000,2730.4000,2730.2000,2729.6000,2732.6000,2733.0000,2733.4000,2733.8000,2734.0000,3,4,1,1,1,2,3,1,3,3
SF,IH2009,2020-05-15 09:33:26.200,2732.0000,13136,0,182660220.000,0,-,-,-,-,2731.2000,2731.0000,2730.4000,2730.2000,2729.6000,2732.6000,2733.0000,2733.4000,2733.8000,2734.0000,2,4,1,1,1,2,3,1,3,3
SF,IH2009,2020-05-15 09:33:26.700,2732.0000,13136,0,182660220.000,0,-,-,-,-,2731.4000,2731.2000,2731.0000,2730.4000,2730.2000,2732.6000,2733.0000,2733.4000,2733.8000,2734.0000,1,2,4,1,1,2,3,1,3,3
SF,IH2009,2020-05-15 09:33:27.200,2732.0000,13136,0,182660220.000,0,-,-,-,-,2731.4000,2731.2000,2731.0000,2730.4000,2730.2000,2732.6000,2733.0000,2733.4000,2733.8000,2734.0000,1,1,4,1,1,2,3,1,3,3
SF,IH2009,2020-05-15 09:33:28.700,2732.0000,13136,0,182660220.000,0,-,-,-,-,2731.4000,2731.2000,2731.0000,2730.4000,2730.2000,2732.6000,2733.0000,2733.4000,2733.8000,2734.0000,1,1,4,1,1,2,3,1,3,3
SF,IH2009,2020-05-15 09:33:30.200,2732.0000,13136,0,182660220.000,0,-,-,-,-,2731.4000,2731.2000,2731.0000,2730.4000,2730.2000,2732.6000,2733.0000,2733.4000,2733.8000,2734.0000,1,1,5,1,1,2,3,1,3,3
SF,IH2009,2020-05-15 09:33:30.700,2732.0000,13136,0,182660220.000,0,-,-,-,-,2731.2000,2731.0000,2730.4000,2730.2000,2729.6000,2732.6000,2733.0000,2733.4000,2733.8000,2734.0000,1,5,1,1,1,2,3,1,3,3
SF,IH2009,2020-05-15 09:33:31.200,2732.0000,13136,0,182660220.000,0,-,-,-,-,2731.4000,2731.2000,2731.0000,2730.2000,2729.6000,2732.6000,2733.0000,2733.4000,2733.8000,2734.0000,1,1,6,1,1,2,3,1,3,3
SF,IH2009,2020-05-15 09:33:31.700,2732.0000,13136,0,182660220.000,0,-,-,-,-,2731.2000,2731.0000,2730.2000,2729.6000,2729.0000,2732.6000,2733.0000,2733.4000,2733.8000,2734.0000,1,6,1,1,1,2,3,1,3,3
SF,IH2009,2020-05-15 09:33:32.200,2732.0000,13136,0,182660220.000,0,-,-,-,-,2731.2000,2731.0000,2730.2000,2729.6000,2729.0000,2732.6000,2733.0000,2733.4000,2733.8000,2734.0000,1,6,1,1,1,2,3,1,3,3
SF,IH2009,2020-05-15 09:33:32.700,2732.0000,13136,0,182660220.000,0,-,-,-,-,2731.2000,2731.0000,2730.2000,2729.6000,2729.0000,2732.6000,2733.0000,2733.4000,2733.8000,2734.0000,1,6,1,1,1,2,3,1,3,3
SF,IH2009,2020-05-15 09:33:33.200,2732.0000,13136,0,182660220.000,0,-,-,-,-,2731.2000,2731.0000,2730.2000,2729.6000,2729.0000,2732.6000,2733.0000,2733.4000,2733.8000,2734.0000,1,6,1,1,1,2,3,1,3,3
SF,IH2009,2020-05-15 09:33:33.700,2732.0000,13136,0,182660220.000,0,-,-,-,-,2731.2000,2731.0000,2730.2000,2729.6000,2729.0000,2732.4000,2732.6000,2733.0000,2733.4000,2733.8000,1,6,1,1,1,1,2,3,1,3
SF,IH2009,2020-05-15 09:33:34.200,2732.0000,13136,0,182660220.000,0,-,-,-,-,2731.2000,2731.0000,2730.2000,2729.6000,2729.0000,2732.6000,2733.0000,2733.4000,2733.8000,2734.0000,1,6,1,1,1,2,3,1,3,3
SF,IH2009,2020-05-15 09:33:34.700,2732.0000,13136,0,182660220.000,0,-,-,-,-,2731.2000,2731.0000,2730.2000,2729.6000,2729.0000,2732.6000,2733.0000,2733.4000,2733.8000,2734.0000,2,6,1,1,1,2,3,1,3,3
SF,IH2009,2020-05-15 09:33:36.700,2732.0000,13136,0,182660220.000,0,-,-,-,-,2731.2000,2731.0000,2730.2000,2729.6000,2729.0000,2732.6000,2733.0000,2733.4000,2733.8000,2734.0000,1,6,1,1,1,2,3,1,3,3
SF,IH2009,2020-05-15 09:33:37.200,2732.0000,13136,0,182660220.000,0,-,-,-,-,2731.2000,2731.0000,2730.2000,2729.6000,2729.0000,2732.4000,2732.6000,2733.0000,2733.4000,2733.8000,1,6,1,1,1,1,2,3,1,3
SF,IH2009,2020-05-15 09:33:37.700,2732.0000,13136,0,182660220.000,0,-,-,-,-,2731.2000,2731.0000,2730.2000,2729.6000,2729.0000,2732.6000,2733.0000,2733.4000,2733.8000,2734.0000,1,6,1,1,1,2,3,1,3,3
SF,IH2009,2020-05-15 09:33:38.200,2732.0000,13136,0,182660220.000,0,-,-,-,-,2731.2000,2731.0000,2730.2000,2729.6000,2729.0000,2732.6000,2732.8000,2733.0000,2733.4000,2733.8000,1,6,1,1,1,2,10,3,1,3
SF,IH2009,2020-05-15 09:33:38.700,2732.0000,13136,0,182660220.000,0,-,-,-,-,2731.2000,2731.0000,2730.2000,2729.6000,2729.0000,2732.4000,2732.6000,2732.8000,2733.0000,2733.4000,1,6,1,1,1,3,2,10,3,1
SF,IH2009,2020-05-15 09:33:40.200,2732.0000,13136,0,182660220.000,0,-,-,-,-,2731.2000,2731.0000,2730.2000,2729.6000,2729.0000,2732.4000,2732.6000,2732.8000,2733.0000,2733.4000,1,6,1,1,1,2,2,10,3,1
SF,IH2009,2020-05-15 09:33:40.700,2732.0000,13136,0,182660220.000,0,-,-,-,-,2731.0000,2730.2000,2729.6000,2729.0000,2728.8000,2732.0000,2732.4000,2732.6000,2732.8000,2733.0000,6,1,1,1,1,1,2,2,10,3
SF,IH2009,2020-05-15 09:33:41.200,2732.0000,13136,0,182660220.000,0,-,-,-,-,2731.2000,2731.0000,2730.2000,2729.6000,2729.0000,2732.0000,2732.4000,2732.6000,2732.8000,2733.0000,1,6,1,1,1,1,1,2,10,3
SF,IH2009,2020-05-15 09:33:41.700,2732.0000,13136,0,182660220.000,0,-,-,-,-,2731.0000,2730.2000,2729.6000,2729.0000,2728.8000,2732.0000,2732.4000,2732.6000,2732.8000,2733.0000,6,1,1,1,1,1,1,2,10,3
SF,IH2009,2020-05-15 09:33:42.200,2732.0000,13136,0,182660220.000,0,-,-,-,-,2731.0000,2730.2000,2729.6000,2729.0000,2728.8000,2732.0000,2732.4000,2732.6000,2732.8000,2733.0000,6,1,1,1,1,2,1,2,10,3
SF,IH2009,2020-05-15 09:33:42.700,2731.0000,13136,0,183479520.000,1,0,1,多换,S,2731.0000,2730.2000,2729.6000,2729.0000,2728.8000,2732.0000,2732.4000,2732.6000,2732.8000,2733.0000,5,1,1,1,1,2,1,2,10,3
SF,IH2009,2020-05-15 09:33:43.700,2731.0000,13136,0,183479520.000,0,-,-,-,-,2731.0000,2730.2000,2729.6000,2729.0000,2728.8000,2731.8000,2732.0000,2732.4000,2732.6000,2732.8000,5,1,1,1,1,1,2,1,2,10
SF,IH2009,2020-05-15 09:33:44.200,2731.0000,13136,0,183479520.000,0,-,-,-,-,2731.0000,2730.2000,2729.6000,2729.0000,2728.8000,2731.8000,2732.0000,2732.4000,2732.6000,2732.8000,5,1,1,1,1,1,2,1,2,10
SF,IH2009,2020-05-15 09:33:44.700,2731.0000,13136,0,183479520.000,0,-,-,-,-,2731.0000,2730.2000,2729.6000,2729.0000,2728.8000,2731.8000,2732.0000,2732.4000,2732.6000,2732.8000,6,1,1,1,1,1,2,1,2,10
SF,IH2009,2020-05-15 09:33:45.200,2731.0000,13136,0,183479520.000,0,-,-,-,-,2731.0000,2730.2000,2729.6000,2729.0000,2728.8000,2731.8000,2732.0000,2732.4000,2732.6000,2732.8000,5,1,1,1,1,1,2,1,2,10
SF,IH2009,2020-05-15 09:33:46.700,2731.8000,13135,-1,184299060.000,1,0,1,双平,S,2731.0000,2730.2000,2729.6000,2729.0000,2728.8000,2732.0000,2732.4000,2732.6000,2732.8000,2733.0000,5,1,1,1,1,2,1,2,10,3
SF,IH2009,2020-05-15 09:33:47.200,2731.8000,13135,0,184299060.000,0,-,-,-,-,2731.8000,2731.2000,2731.0000,2730.2000,2729.6000,2732.0000,2732.4000,2732.6000,2732.8000,2733.0000,2,2,5,1,1,2,1,2,10,3
SF,IH2009,2020-05-15 09:33:47.700,2731.8000,13135,0,185938140.000,2,1,1,多换,S,2731.2000,2731.0000,2730.2000,2729.6000,2729.0000,2732.0000,2732.4000,2732.6000,2732.8000,2733.0000,1,5,1,1,1,2,1,2,10,3
SF,IH2009,2020-05-15 09:33:50.200,2732.0000,13133,-2,187577340.000,2,0,2,双平,S,2731.2000,2731.0000,2730.2000,2729.6000,2729.0000,2732.4000,2732.6000,2732.8000,2733.0000,2733.4000,1,5,1,1,1,1,2,10,3,1
SF,IH2009,2020-05-15 09:33:50.700,2732.0000,13133,0,187577340.000,0,-,-,-,-,2731.4000,2731.2000,2731.0000,2730.2000,2729.6000,2732.4000,2732.6000,2732.8000,2733.0000,2733.4000,1,1,5,1,1,1,2,10,3,1
SF,IH2009,2020-05-15 09:33:51.200,2732.0000,13133,0,187577340.000,0,-,-,-,-,2731.4000,2731.0000,2730.2000,2729.6000,2729.0000,2732.6000,2732.8000,2733.0000,2733.4000,2733.8000,2,5,1,1,1,2,10,3,1,3
SF,IH2009,2020-05-15 09:33:51.700,2732.4000,13132,-1,188397060.000,1,0,1,双平,S,2731.4000,2731.0000,2730.2000,2729.6000,2729.0000,2732.6000,2732.8000,2733.0000,2733.4000,2733.8000,2,5,1,1,1,2,10,3,1,3
SF,IH2009,2020-05-15 09:33:52.200,2732.4000,13132,0,188397060.000,0,-,-,-,-,2731.6000,2731.4000,2731.0000,2730.2000,2729.6000,2732.6000,2732.8000,2733.0000,2733.4000,2733.8000,1,1,5,1,1,2,10,3,1,3
SF,IH2009,2020-05-15 09:33:52.700,2731.6000,13132,0,189216540.000,1,0,1,多换,S,2731.4000,2731.0000,2730.2000,2729.6000,2729.0000,2732.6000,2732.8000,2733.0000,2733.4000,2733.8000,1,5,1,1,1,2,10,3,1,3
SF,IH2009,2020-05-15 09:33:53.200,2731.6000,13132,0,189216540.000,0,-,-,-,-,2731.0000,2730.2000,2729.6000,2729.0000,2728.8000,2732.6000,2732.8000,2733.0000,2733.4000,2733.8000,5,1,1,1,1,2,10,3,1,3
SF,IH2009,2020-05-15 09:33:53.700,2731.6000,13132,0,189216540.000,0,-,-,-,-,2731.4000,2731.2000,2731.0000,2730.2000,2729.6000,2732.6000,2732.8000,2733.0000,2733.4000,2733.8000,1,1,5,1,1,2,10,3,1,3
SF,IH2009,2020-05-15 09:33:54.200,2731.6000,13132,0,189216540.000,0,-,-,-,-,2731.4000,2731.0000,2730.2000,2729.6000,2729.0000,2732.6000,2732.8000,2733.0000,2733.4000,2733.8000,1,5,1,1,1,2,10,3,1,3
SF,IH2009,2020-05-15 09:33:55.200,2731.6000,13132,0,189216540.000,0,-,-,-,-,2731.4000,2731.0000,2730.2000,2729.6000,2729.0000,2732.6000,2732.8000,2733.0000,2733.4000,2733.8000,1,5,1,1,1,2,10,4,1,3
SF,IH2009,2020-05-15 09:33:55.700,2731.6000,13132,0,189216540.000,0,-,-,-,-,2731.4000,2731.0000,2730.2000,2729.6000,2729.0000,2732.6000,2732.8000,2733.0000,2733.4000,2733.8000,1,5,1,1,1,1,10,4,1,3
SF,IH2009,2020-05-15 09:33:56.200,2731.6000,13132,0,189216540.000,0,-,-,-,-,2731.0000,2730.2000,2729.6000,2729.0000,2728.8000,2732.6000,2732.8000,2733.0000,2733.4000,2733.8000,5,1,1,1,1,1,10,4,1,3
SF,IH2009,2020-05-15 09:33:56.700,2731.6000,13132,0,189216540.000,0,-,-,-,-,2731.2000,2731.0000,2730.2000,2729.6000,2728.8000,2732.6000,2732.8000,2733.0000,2733.4000,2733.8000,2,5,1,1,1,1,10,4,1,3
SF,IH2009,2020-05-15 09:33:57.700,2731.6000,13132,0,189216540.000,0,-,-,-,-,2731.2000,2731.0000,2730.2000,2729.6000,2728.8000,2732.6000,2732.8000,2733.0000,2733.4000,2733.8000,2,5,1,1,1,1,10,4,1,3
SF,IH2009,2020-05-15 09:33:59.200,2731.6000,13132,0,189216540.000,0,-,-,-,-,2731.4000,2731.2000,2731.0000,2730.2000,2729.6000,2732.6000,2732.8000,2733.0000,2733.4000,2733.8000,1,2,6,1,1,1,10,4,1,3
SF,IH2009,2020-05-15 09:33:59.700,2731.6000,13132,0,189216540.000,0,-,-,-,-,2731.4000,2731.2000,2731.0000,2730.2000,2729.6000,2732.6000,2732.8000,2733.0000,2733.4000,2733.8000,1,1,6,1,1,1,10,4,1,3
SF,IH2009,2020-05-15 09:34:00.200,2732.6000,13131,-1,190856040.000,2,0,2,多平,S,2732.6000,2731.4000,2731.2000,2731.0000,2730.2000,2732.8000,2733.0000,2733.4000,2733.8000,2734.0000,2,1,1,6,1,10,4,1,3,3
SF,IH2009,2020-05-15 09:34:00.700,2732.6000,13131,0,192495600.000,2,1,1,多换,S,2731.2000,2731.0000,2728.8000,2728.6000,2728.0000,2732.6000,2732.8000,2733.0000,2733.4000,2733.8000,1,6,1,1,2,5,10,4,1,3
SF,IH2009,2020-05-15 09:34:01.200,2732.6000,13131,0,192495600.000,0,-,-,-,-,2731.2000,2731.0000,2728.8000,2728.6000,2728.0000,2732.6000,2732.8000,2733.0000,2733.4000,2733.8000,1,5,1,1,2,4,10,4,1,3
SF,IH2009,2020-05-15 09:34:01.700,2732.6000,13131,0,192495600.000,0,-,-,-,-,2731.2000,2731.0000,2728.8000,2728.6000,2728.0000,2732.6000,2732.8000,2733.0000,2733.4000,2733.8000,2,5,1,1,2,2,10,4,1,3
SF,IH2009,2020-05-15 09:34:02.200,2732.6000,13131,0,192495600.000,0,-,-,-,-,2731.2000,2731.0000,2728.8000,2728.6000,2728.0000,2732.6000,2732.8000,2733.0000,2733.4000,2733.8000,1,5,1,1,2,2,10,4,1,3
SF,IH2009,2020-05-15 09:34:02.700,2732.6000,13131,0,192495600.000,0,-,-,-,-,2731.2000,2731.0000,2728.8000,2728.6000,2728.0000,2732.4000,2732.6000,2732.8000,2733.0000,2733.4000,1,5,1,1,2,2,2,10,4,1
SF,IH2009,2020-05-15 09:34:03.200,2732.6000,13131,0,192495600.000,0,-,-,-,-,2731.0000,2728.8000,2728.6000,2728.0000,2727.8000,2731.2000,2732.4000,2732.6000,2732.8000,2733.0000,5,1,1,2,4,1,3,1,10,4
SF,IH2009,2020-05-15 09:34:03.700,2732.6000,13131,0,192495600.000,0,-,-,-,-,2731.4000,2731.2000,2731.0000,2728.8000,2728.6000,2732.4000,2732.6000,2732.8000,2733.0000,2733.4000,1,3,5,1,1,2,1,10,4,1
SF,IH2009,2020-05-15 09:34:04.200,2731.4000,13131,0,193315020.000,1,0,1,多换,S,2731.2000,2731.0000,2728.8000,2728.6000,2728.0000,2732.4000,2732.6000,2732.8000,2733.0000,2733.4000,2,5,1,1,2,3,1,10,4,1
SF,IH2009,2020-05-15 09:34:04.700,2731.0000,13127,-4,199050240.000,7,1,6,多平,S,2728.8000,2728.6000,2728.0000,2727.8000,2726.2000,2731.2000,2731.4000,2732.2000,2732.4000,2732.6000,1,1,2,4,1,1,2,1,2,1
SF,IH2009,2020-05-15 09:34:05.200,2731.0000,13127,0,199050240.000,0,-,-,-,-,2729.2000,2729.0000,2728.8000,2728.6000,2728.0000,2731.2000,2731.4000,2732.2000,2732.4000,2732.6000,7,3,2,1,2,1,2,2,2,1
SF,IH2009,2020-05-15 09:34:05.700,2731.0000,13127,0,199050240.000,0,-,-,-,-,2729.4000,2729.2000,2729.0000,2728.8000,2728.6000,2731.2000,2731.4000,2732.2000,2732.4000,2732.6000,4,7,2,1,1,1,2,2,2,1
SF,IH2009,2020-05-15 09:34:06.200,2731.2000,13126,-1,199869600.000,1,0,1,双平,S,2731.2000,2729.6000,2729.4000,2729.0000,2728.8000,2731.4000,2732.4000,2732.6000,2732.8000,2733.0000,2,8,5,1,1,2,2,1,10,8
SF,IH2009,2020-05-15 09:34:06.700,2729.6000,13125,-1,202327200.000,3,1,2,多平,S,2729.4000,2729.0000,2728.8000,2728.6000,2728.0000,2731.2000,2731.4000,2732.4000,2732.6000,2732.8000,4,1,1,1,2,2,1,2,1,10
SF,IH2009,2020-05-15 09:34:07.200,2729.6000,13125,0,202327200.000,0,-,-,-,-,2729.6000,2729.4000,2729.0000,2728.8000,2728.6000,2731.4000,2732.4000,2732.6000,2732.8000,2733.0000,9,2,1,1,1,1,2,1,10,8
SF,IH2009,2020-05-15 09:34:07.700,2731.4000,13124,-1,203146620.000,1,0,1,双平,S,2731.4000,2731.2000,2730.6000,2729.8000,2729.6000,2732.4000,2732.6000,2732.8000,2733.0000,2733.4000,2,4,1,4,8,2,1,10,8,1
SF,IH2009,2020-05-15 09:34:08.200,2731.4000,13122,-2,204785460.000,2,0,2,双平,S,2731.2000,2729.8000,2729.6000,2729.4000,2729.0000,2732.2000,2732.4000,2732.6000,2732.8000,2733.0000,3,4,7,1,1,1,2,1,10,8
SF,IH2009,2020-05-15 09:34:08.700,2731.4000,13122,0,204785460.000,0,-,-,-,-,2731.6000,2731.2000,2729.8000,2729.6000,2729.4000,2732.0000,2732.4000,2732.6000,2732.8000,2733.0000,1,3,3,7,1,2,1,1,10,8
SF,IH2009,2020-05-15 09:34:09.200,2731.4000,13122,0,204785460.000,0,-,-,-,-,2731.2000,2729.8000,2729.6000,2729.4000,2729.0000,2731.6000,2732.0000,2732.4000,2732.6000,2732.8000,3,3,7,2,1,1,3,1,1,10
SF,IH2009,2020-05-15 09:34:09.700,2731.4000,13122,0,204785460.000,0,-,-,-,-,2729.8000,2729.6000,2729.4000,2729.0000,2728.8000,2731.6000,2732.0000,2732.4000,2732.6000,2732.8000,3,7,1,1,1,1,3,1,1,10
SF,IH2009,2020-05-15 09:34:10.200,2731.4000,13122,0,204785460.000,0,-,-,-,-,2730.0000,2729.8000,2729.4000,2729.0000,2728.8000,2731.2000,2731.6000,2732.0000,2732.4000,2732.6000,1,3,1,1,1,1,1,1,1,1
SF,IH2009,2020-05-15 09:34:10.700,2731.6000,13121,-1,206424360.000,2,0,2,多平,S,2731.6000,2731.2000,2730.6000,2730.2000,2730.0000,2732.0000,2732.4000,2732.8000,2733.0000,2733.4000,1,2,1,1,1,1,1,10,8,1
SF,IH2009,2020-05-15 09:34:11.200,2731.2000,13119,-2,208882560.000,3,0,3,多平,S,2729.8000,2729.4000,2729.0000,2728.8000,2728.6000,2731.6000,2732.0000,2732.4000,2732.8000,2733.0000,1,1,2,1,1,1,1,1,10,8
SF,IH2009,2020-05-15 09:34:11.700,2731.2000,13119,0,208882560.000,0,-,-,-,-,2730.0000,2729.8000,2729.0000,2728.8000,2728.6000,2731.4000,2731.6000,2732.0000,2732.8000,2733.0000,2,2,2,1,1,1,1,1,10,8
SF,IH2009,2020-05-15 09:34:12.200,2731.2000,13119,0,208882560.000,0,-,-,-,-,2730.0000,2729.8000,2729.0000,2728.8000,2728.6000,2731.4000,2731.6000,2732.0000,2732.8000,2733.0000,2,2,2,1,1,1,1,2,10,8
SF,IH2009,2020-05-15 09:34:12.700,2731.4000,13118,-1,209701980.000,1,0,1,双平,S,2731.4000,2730.2000,2730.0000,2729.8000,2729.0000,2731.6000,2732.0000,2732.8000,2733.0000,2733.4000,3,2,2,1,2,1,2,10,8,1
SF,IH2009,2020-05-15 09:34:13.200,2731.4000,13120,2,212160240.000,3,2,1,空开,S,2730.2000,2730.0000,2729.0000,2728.8000,2728.6000,2731.6000,2732.0000,2732.8000,2733.0000,2733.4000,1,1,2,1,1,1,2,10,8,1
SF,IH2009,2020-05-15 09:34:13.700,2731.6000,13121,1,212979720.000,1,1,0,双开,S,2731.6000,2730.6000,2730.4000,2730.2000,2730.0000,2732.0000,2732.8000,2733.0000,2733.4000,2733.8000,3,1,2,2,2,2,10,8,1,2
SF,IH2009,2020-05-15 09:34:14.200,2731.6000,13119,-2,215438160.000,3,0,3,多平,S,2730.4000,2730.2000,2730.0000,2729.0000,2728.8000,2732.0000,2732.8000,2733.0000,2733.4000,2733.8000,1,1,2,2,1,2,10,8,1,2
SF,IH2009,2020-05-15 09:34:14.700,2731.6000,13119,0,215438160.000,0,-,-,-,-,2730.6000,2730.0000,2729.8000,2729.0000,2728.8000,2732.0000,2732.8000,2733.0000,2733.4000,2733.8000,3,2,1,2,1,2,10,8,1,2
SF,IH2009,2020-05-15 09:34:15.200,2731.6000,13119,0,215438160.000,0,-,-,-,-,2730.8000,2730.6000,2730.0000,2729.8000,2729.0000,2732.0000,2732.8000,2733.0000,2733.4000,2733.8000,3,2,1,1,2,2,10,8,1,2
SF,IH2009,2020-05-15 09:34:15.700,2731.6000,13119,0,215438160.000,0,-,-,-,-,2731.0000,2730.6000,2730.0000,2729.8000,2729.0000,2732.0000,2732.8000,2733.0000,2733.4000,2733.8000,3,1,1,1,1,2,10,8,1,2
SF,IH2009,2020-05-15 09:34:16.200,2731.8000,13117,-2,217077240.000,2,0,2,双平,S,2730.6000,2730.0000,2729.8000,2729.0000,2728.8000,2732.0000,2732.8000,2733.0000,2733.4000,2733.8000,1,1,1,1,1,2,10,8,1,2
SF,IH2009,2020-05-15 09:34:16.700,2731.8000,13117,0,217077240.000,0,-,-,-,-,2730.8000,2730.6000,2730.0000,2729.8000,2729.0000,2732.0000,2732.8000,2733.0000,2733.4000,2733.8000,3,1,1,1,1,2,10,8,1,2
SF,IH2009,2020-05-15 09:34:17.200,2731.8000,13117,0,217077240.000,0,-,-,-,-,2730.8000,2730.6000,2730.0000,2729.8000,2729.0000,2732.0000,2732.8000,2733.0000,2733.4000,2733.8000,3,1,1,1,1,2,10,8,1,2
SF,IH2009,2020-05-15 09:34:17.700,2731.8000,13117,0,217077240.000,0,-,-,-,-,2730.8000,2730.6000,2730.0000,2729.8000,2729.0000,2732.0000,2732.8000,2733.0000,2733.4000,2733.8000,2,1,1,1,1,2,10,8,1,2
SF,IH2009,2020-05-15 09:34:18.700,2730.8000,13117,0,217896480.000,1,0,1,多换,S,2730.6000,2730.0000,2729.8000,2729.0000,2728.8000,2731.8000,2732.0000,2732.8000,2733.0000,2733.4000,1,1,1,1,1,1,2,10,8,1
SF,IH2009,2020-05-15 09:34:19.200,2730.8000,13116,-1,218715720.000,1,0,1,双平,S,2730.6000,2730.0000,2729.8000,2729.0000,2728.8000,2731.8000,2732.0000,2732.8000,2733.0000,2733.4000,1,1,1,1,1,1,2,10,8,1
SF,IH2009,2020-05-15 09:34:19.700,2730.8000,13116,0,218715720.000,0,-,-,-,-,2730.6000,2730.0000,2729.8000,2729.0000,2728.8000,2731.6000,2731.8000,2732.0000,2732.8000,2733.0000,1,1,1,1,1,2,1,2,10,7
SF,IH2009,2020-05-15 09:34:20.200,2730.8000,13116,0,218715720.000,0,-,-,-,-,2730.6000,2729.8000,2729.0000,2728.8000,2728.6000,2731.6000,2731.8000,2732.0000,2732.8000,2733.0000,1,1,1,1,1,2,1,2,10,7
SF,IH2009,2020-05-15 09:34:20.700,2730.8000,13116,0,218715720.000,0,-,-,-,-,2730.6000,2730.2000,2729.8000,2729.0000,2728.8000,2731.6000,2731.8000,2732.0000,2732.4000,2732.8000,1,1,1,1,1,2,1,2,1,11
SF,IH2009,2020-05-15 09:34:21.200,2730.8000,13116,0,218715720.000,0,-,-,-,-,2730.6000,2730.2000,2729.8000,2729.0000,2728.8000,2731.4000,2731.6000,2731.8000,2732.0000,2732.8000,1,1,1,1,1,1,2,1,2,11
SF,IH2009,2020-05-15 09:34:21.700,2730.8000,13116,0,218715720.000,0,-,-,-,-,2730.6000,2730.2000,2729.8000,2729.0000,2728.8000,2731.4000,2731.6000,2731.8000,2732.0000,2732.8000,1,1,1,1,1,1,1,2,2,11
SF,IH2009,2020-05-15 09:34:22.200,2730.8000,13116,0,218715720.000,0,-,-,-,-,2730.6000,2730.2000,2729.8000,2729.0000,2728.8000,2731.4000,2731.6000,2731.8000,2732.0000,2732.8000,2,1,1,1,1,1,1,3,2,11
SF,IH2009,2020-05-15 09:34:22.700,2730.8000,13116,0,218715720.000,0,-,-,-,-,2730.6000,2730.2000,2729.8000,2729.0000,2728.8000,2731.4000,2731.6000,2731.8000,2732.0000,2732.8000,2,1,1,1,1,1,1,3,2,11
SF,IH2009,2020-05-15 09:34:23.200,2730.8000,13116,0,218715720.000,0,-,-,-,-,2730.6000,2730.2000,2729.8000,2729.0000,2728.8000,2731.6000,2731.8000,2732.0000,2732.8000,2733.0000,2,1,1,1,1,1,3,2,11,6
SF,IH2009,2020-05-15 09:34:23.700,2730.8000,13116,0,218715720.000,0,-,-,-,-,2730.6000,2730.2000,2729.8000,2729.0000,2728.8000,2731.6000,2731.8000,2732.0000,2732.8000,2733.0000,1,1,1,1,1,1,3,2,11,6
SF,IH2009,2020-05-15 09:34:26.700,2730.6000,13115,-1,219534900.000,1,0,1,双平,S,2730.2000,2729.8000,2729.0000,2728.8000,2728.6000,2731.4000,2731.6000,2731.8000,2732.0000,2732.8000,1,1,1,1,1,1,1,3,2,11
SF,IH2009,2020-05-15 09:34:27.200,2730.6000,13115,0,219534900.000,0,-,-,-,-,2730.8000,2730.2000,2729.8000,2729.0000,2728.8000,2731.6000,2731.8000,2732.0000,2732.8000,2733.0000,1,1,1,1,1,1,3,2,11,6
SF,IH2009,2020-05-15 09:34:27.700,2730.6000,13115,0,219534900.000,0,-,-,-,-,2730.2000,2729.8000,2729.0000,2728.8000,2728.6000,2731.4000,2731.6000,2731.8000,2732.0000,2732.8000,1,1,1,1,1,2,1,3,2,11
SF,IH2009,2020-05-15 09:34:28.200,2730.6000,13115,0,219534900.000,0,-,-,-,-,2730.4000,2730.2000,2729.8000,2728.8000,2728.6000,2731.4000,2731.6000,2731.8000,2732.0000,2732.8000,1,2,1,1,1,1,1,3,2,11
SF,IH2009,2020-05-15 09:34:28.700,2730.6000,13115,0,219534900.000,0,-,-,-,-,2730.4000,2730.2000,2729.8000,2728.8000,2728.6000,2731.4000,2731.6000,2731.8000,2732.0000,2732.8000,1,1,1,1,1,1,1,3,2,11
SF,IH2009,2020-05-15 09:34:29.200,2730.6000,13115,0,219534900.000,0,-,-,-,-,2730.4000,2730.2000,2729.8000,2728.8000,2728.6000,2731.4000,2731.6000,2731.8000,2732.0000,2732.8000,2,1,1,1,1,1,1,3,2,11
SF,IH2009,2020-05-15 09:34:30.200,2730.6000,13115,0,219534900.000,0,-,-,-,-,2730.4000,2730.2000,2729.8000,2728.8000,2728.6000,2731.4000,2731.6000,2731.8000,2732.0000,2732.8000,1,1,1,1,1,1,1,3,2,11
SF,IH2009,2020-05-15 09:34:30.700,2730.6000,13115,0,219534900.000,0,-,-,-,-,2730.4000,2730.2000,2729.8000,2728.8000,2728.6000,2730.6000,2731.4000,2731.6000,2731.8000,2732.0000,1,1,1,1,1,1,1,1,3,2
SF,IH2009,2020-05-15 09:34:31.200,2730.4000,13114,-1,221173200.000,2,0,2,多平,S,2730.2000,2729.8000,2728.8000,2728.6000,2728.0000,2731.4000,2731.6000,2731.8000,2732.0000,2732.8000,1,1,1,1,3,1,1,3,2,11
SF,IH2009,2020-05-15 09:34:31.700,2730.4000,13114,0,221173200.000,0,-,-,-,-,2730.4000,2730.2000,2729.8000,2728.8000,2728.6000,2731.2000,2731.4000,2731.6000,2731.8000,2732.0000,1,1,1,1,1,1,1,1,3,2
SF,IH2009,2020-05-15 09:34:32.200,2730.4000,13114,0,221173200.000,0,-,-,-,-,2730.4000,2730.2000,2729.8000,2728.8000,2728.6000,2731.2000,2731.4000,2731.6000,2731.8000,2732.0000,1,1,1,1,1,2,1,1,3,2
SF,IH2009,2020-05-15 09:34:34.200,2730.4000,13114,0,221173200.000,0,-,-,-,-,2730.2000,2729.8000,2728.8000,2728.6000,2728.0000,2731.2000,2731.4000,2731.6000,2731.8000,2732.0000,1,1,1,1,3,2,1,1,3,2
SF,IH2009,2020-05-15 09:34:35.700,2730.4000,13114,0,221173200.000,0,-,-,-,-,2730.2000,2729.8000,2728.8000,2728.6000,2728.0000,2731.2000,2731.4000,2731.6000,2731.8000,2732.0000,1,1,1,1,3,2,1,1,3,2
SF,IH2009,2020-05-15 09:34:36.200,2730.4000,13114,0,221173200.000,0,-,-,-,-,2730.2000,2729.8000,2728.8000,2728.6000,2728.0000,2731.0000,2731.2000,2731.4000,2731.6000,2731.8000,1,1,1,1,3,1,2,1,1,3
SF,IH2009,2020-05-15 09:34:36.700,2730.2000,13114,0,221992260.000,1,0,1,多换,S,2728.8000,2728.6000,2728.0000,2727.8000,2726.2000,2731.0000,2731.2000,2731.4000,2731.6000,2731.8000,1,1,3,4,1,1,1,1,1,3
SF,IH2009,2020-05-15 09:34:37.200,2730.2000,13114,0,221992260.000,0,-,-,-,-,2729.0000,2728.8000,2728.6000,2728.0000,2727.8000,2730.8000,2731.0000,2731.8000,2732.0000,2732.8000,3,1,1,3,4,2,1,3,2,11
SF,IH2009,2020-05-15 09:34:37.700,2730.2000,13114,0,221992260.000,0,-,-,-,-,2729.2000,2729.0000,2728.8000,2728.6000,2728.0000,2730.6000,2730.8000,2731.0000,2731.8000,2732.0000,2,1,1,1,3,1,1,1,3,2
SF,IH2009,2020-05-15 09:34:38.200,2730.2000,13114,0,221992260.000,0,-,-,-,-,2729.4000,2729.2000,2729.0000,2728.8000,2728.6000,2730.8000,2731.8000,2732.0000,2732.8000,2733.0000,1,1,1,1,1,1,3,2,11,5
SF,IH2009,2020-05-15 09:34:38.700,2730.2000,13114,0,221992260.000,0,-,-,-,-,2729.4000,2729.0000,2728.8000,2728.6000,2728.0000,2730.6000,2730.8000,2731.8000,2732.0000,2732.8000,1,1,1,1,3,1,1,3,2,11
SF,IH2009,2020-05-15 09:34:39.200,2730.2000,13114,0,221992260.000,0,-,-,-,-,2730.6000,2729.4000,2729.0000,2728.8000,2728.6000,2730.8000,2731.8000,2732.0000,2732.8000,2733.0000,1,1,1,1,1,1,3,2,11,5
SF,IH2009,2020-05-15 09:34:39.700,2730.6000,13114,0,222811440.000,1,0,1,多换,S,2729.6000,2729.4000,2729.0000,2728.8000,2728.6000,2731.0000,2731.8000,2732.0000,2732.8000,2733.0000,1,1,1,1,1,1,3,2,11,5
SF,IH2009,2020-05-15 09:34:40.200,2730.6000,13114,0,222811440.000,0,-,-,-,-,2729.0000,2728.8000,2728.6000,2728.0000,2727.8000,2730.8000,2731.0000,2731.8000,2732.0000,2732.8000,1,1,1,3,2,2,1,3,2,11
SF,IH2009,2020-05-15 09:34:40.700,2730.6000,13114,0,222811440.000,0,-,-,-,-,2729.2000,2729.0000,2728.8000,2728.6000,2728.0000,2730.8000,2731.0000,2731.8000,2732.0000,2732.8000,1,2,1,1,3,2,1,3,2,11
SF,IH2009,2020-05-15 09:34:41.200,2730.6000,13114,0,222811440.000,0,-,-,-,-,2729.4000,2729.2000,2729.0000,2728.8000,2728.6000,2730.2000,2730.8000,2731.0000,2731.8000,2732.0000,1,1,1,1,1,1,2,1,3,2
SF,IH2009,2020-05-15 09:34:41.700,2730.6000,13114,0,222811440.000,0,-,-,-,-,2729.4000,2729.0000,2728.8000,2728.6000,2728.0000,2730.8000,2731.0000,2731.8000,2732.0000,2732.8000,2,1,1,1,3,1,1,3,2,11
SF,IH2009,2020-05-15 09:34:42.200,2730.6000,13114,0,222811440.000,0,-,-,-,-,2729.6000,2729.4000,2729.0000,2728.8000,2728.6000,2730.8000,2731.0000,2731.8000,2732.0000,2732.8000,3,1,1,1,1,1,1,3,2,11
SF,IH2009,2020-05-15 09:34:42.700,2730.6000,13114,0,222811440.000,0,-,-,-,-,2729.8000,2729.6000,2729.0000,2728.8000,2728.6000,2730.8000,2731.0000,2731.8000,2732.0000,2732.8000,2,1,1,1,1,1,1,3,2,11
SF,IH2009,2020-05-15 09:34:43.200,2730.6000,13114,0,222811440.000,0,-,-,-,-,2729.8000,2729.0000,2728.8000,2728.6000,2728.0000,2730.8000,2731.0000,2731.8000,2732.0000,2732.8000,2,1,1,1,3,1,1,3,2,11
SF,IH2009,2020-05-15 09:34:43.700,2730.6000,13114,0,222811440.000,0,-,-,-,-,2729.0000,2728.8000,2728.6000,2728.0000,2727.8000,2730.8000,2731.0000,2731.8000,2732.0000,2732.8000,1,1,1,3,2,1,1,3,2,11
SF,IH2009,2020-05-15 09:34:44.200,2730.6000,13114,0,222811440.000,0,-,-,-,-,2729.2000,2729.0000,2728.8000,2728.6000,2728.0000,2730.2000,2730.6000,2730.8000,2731.0000,2731.8000,4,1,1,1,3,1,1,1,1,3
SF,IH2009,2020-05-15 09:34:44.700,2730.6000,13114,0,222811440.000,0,-,-,-,-,2729.4000,2729.2000,2729.0000,2728.8000,2728.6000,2730.8000,2731.0000,2731.8000,2732.0000,2732.8000,2,1,1,1,1,1,1,3,2,11
SF,IH2009,2020-05-15 09:34:45.200,2730.6000,13114,0,222811440.000,0,-,-,-,-,2729.6000,2729.0000,2728.8000,2728.6000,2728.0000,2730.8000,2731.0000,2731.8000,2732.0000,2732.8000,3,1,1,1,3,1,1,3,2,11
SF,IH2009,2020-05-15 09:34:45.700,2730.6000,13114,0,222811440.000,0,-,-,-,-,2729.6000,2729.0000,2728.8000,2728.6000,2728.0000,2730.8000,2731.0000,2731.8000,2732.0000,2732.8000,2,1,1,1,3,1,1,3,2,11
SF,IH2009,2020-05-15 09:34:46.200,2730.6000,13114,0,222811440.000,0,-,-,-,-,2729.8000,2729.0000,2728.8000,2728.6000,2728.0000,2730.8000,2731.0000,2731.8000,2732.0000,2732.8000,2,1,1,1,3,1,1,3,2,11
SF,IH2009,2020-05-15 09:34:46.700,2730.6000,13114,0,222811440.000,0,-,-,-,-,2729.0000,2728.8000,2728.6000,2728.0000,2727.8000,2730.2000,2730.8000,2731.0000,2731.8000,2732.0000,1,1,1,3,2,1,1,1,3,2
SF,IH2009,2020-05-15 09:34:47.200,2730.2000,13115,1,223630500.000,1,1,0,双开,S,2730.0000,2729.2000,2729.0000,2728.8000,2728.6000,2730.8000,2731.0000,2731.8000,2732.0000,2732.8000,2,1,1,1,1,1,1,3,2,11
SF,IH2009,2020-05-15 09:34:47.700,2730.2000,13115,0,223630500.000,0,-,-,-,-,2730.0000,2729.2000,2729.0000,2728.8000,2728.6000,2730.8000,2731.0000,2731.8000,2732.0000,2732.8000,1,1,1,1,1,1,1,3,2,11
SF,IH2009,2020-05-15 09:34:49.200,2730.0000,13114,-1,224449500.000,1,0,1,双平,S,2729.2000,2729.0000,2728.8000,2728.6000,2728.0000,2730.8000,2731.0000,2731.8000,2732.0000,2732.8000,1,1,1,1,3,2,1,3,2,11
SF,IH2009,2020-05-15 09:34:49.700,2730.0000,13114,0,224449500.000,0,-,-,-,-,2729.0000,2728.8000,2728.6000,2728.0000,2727.8000,2730.6000,2730.8000,2731.0000,2731.8000,2732.0000,1,1,1,3,2,1,2,1,2,2
SF,IH2009,2020-05-15 09:34:50.200,2730.0000,13114,0,224449500.000,0,-,-,-,-,2729.2000,2729.0000,2728.8000,2728.6000,2728.0000,2730.8000,2731.0000,2731.8000,2732.0000,2732.8000,1,1,1,1,3,2,1,2,2,11
SF,IH2009,2020-05-15 09:34:50.700,2730.0000,13114,0,224449500.000,0,-,-,-,-,2729.0000,2728.8000,2728.6000,2728.0000,2727.8000,2730.6000,2730.8000,2731.0000,2731.8000,2732.0000,1,1,1,3,2,1,2,1,2,2
SF,IH2009,2020-05-15 09:34:51.200,2730.0000,13114,0,224449500.000,0,-,-,-,-,2729.0000,2728.8000,2728.6000,2728.0000,2727.8000,2730.4000,2731.0000,2731.8000,2732.0000,2732.8000,1,1,1,3,2,2,1,2,2,11
SF,IH2009,2020-05-15 09:34:52.200,2730.0000,13114,0,224449500.000,0,-,-,-,-,2729.0000,2728.8000,2728.6000,2728.0000,2727.8000,2730.4000,2730.8000,2731.0000,2731.8000,2732.0000,1,1,1,3,2,2,1,1,2,2
SF,IH2009,2020-05-15 09:34:52.700,2730.0000,13114,0,224449500.000,0,-,-,-,-,2729.0000,2728.8000,2728.6000,2728.0000,2727.8000,2730.2000,2730.4000,2730.8000,2731.0000,2731.8000,1,1,1,3,2,1,2,1,1,2
SF,IH2009,2020-05-15 09:34:53.200,2730.0000,13114,0,224449500.000,0,-,-,-,-,2729.0000,2728.8000,2728.6000,2728.0000,2727.8000,2730.0000,2730.2000,2730.4000,2730.8000,2731.0000,1,1,1,3,2,1,1,1,1,1
SF,IH2009,2020-05-15 09:34:53.700,2730.0000,13114,0,224449500.000,0,-,-,-,-,2729.0000,2728.8000,2728.6000,2728.0000,2727.8000,2730.0000,2730.4000,2730.8000,2731.0000,2731.8000,1,1,1,3,2,2,1,1,1,2
SF,IH2009,2020-05-15 09:34:54.200,2730.0000,13114,0,224449500.000,0,-,-,-,-,2729.0000,2728.8000,2728.6000,2728.0000,2727.8000,2730.0000,2730.4000,2730.8000,2731.0000,2731.8000,1,2,1,3,2,1,1,1,1,2
SF,IH2009,2020-05-15 09:34:55.200,2730.0000,13114,0,224449500.000,0,-,-,-,-,2729.0000,2728.8000,2728.6000,2728.0000,2727.8000,2729.8000,2730.0000,2730.4000,2730.8000,2731.0000,1,2,1,3,1,1,2,1,1,1
SF,IH2009,2020-05-15 09:34:55.700,2730.0000,13114,0,224449500.000,0,-,-,-,-,2729.0000,2728.8000,2728.6000,2728.0000,2727.8000,2730.0000,2730.4000,2730.8000,2731.0000,2731.8000,1,2,1,3,1,1,1,1,1,2
SF,IH2009,2020-05-15 09:34:56.200,2730.0000,13114,0,224449500.000,0,-,-,-,-,2729.0000,2728.8000,2728.6000,2728.0000,2727.8000,2729.8000,2730.0000,2730.4000,2730.8000,2731.0000,1,2,1,3,1,1,1,1,1,3
SF,IH2009,2020-05-15 09:34:56.700,2730.0000,13114,0,224449500.000,0,-,-,-,-,2729.0000,2728.8000,2728.6000,2728.0000,2727.8000,2729.8000,2730.0000,2730.4000,2730.8000,2731.0000,1,2,1,3,1,1,1,1,1,3
SF,IH2009,2020-05-15 09:34:57.200,2730.0000,13114,0,224449500.000,0,-,-,-,-,2728.8000,2728.6000,2728.0000,2727.8000,2726.2000,2729.8000,2730.0000,2730.4000,2730.8000,2731.0000,2,1,3,1,1,1,1,1,1,3
SF,IH2009,2020-05-15 09:34:58.700,2730.0000,13114,0,224449500.000,0,-,-,-,-,2728.8000,2728.6000,2728.0000,2727.8000,2726.2000,2730.0000,2730.4000,2730.8000,2731.0000,2731.8000,2,1,3,1,1,1,1,1,3,2
SF,IH2009,2020-05-15 09:34:59.200,2730.0000,13114,0,224449500.000,0,-,-,-,-,2729.0000,2728.8000,2728.6000,2728.0000,2727.8000,2730.0000,2730.4000,2730.8000,2731.0000,2731.8000,2,2,1,3,1,1,1,1,3,2
SF,IH2009,2020-05-15 09:34:59.700,2730.0000,13114,0,224449500.000,0,-,-,-,-,2729.0000,2728.8000,2728.6000,2728.0000,2727.8000,2730.0000,2730.2000,2730.4000,2730.8000,2731.0000,2,2,1,3,1,1,1,1,1,3
SF,IH2009,2020-05-15 09:35:00.700,2730.0000,13114,0,224449500.000,0,-,-,-,-,2728.8000,2728.6000,2728.0000,2727.8000,2726.2000,2730.0000,2730.2000,2730.4000,2730.8000,2731.0000,2,1,3,1,1,2,1,1,1,3
SF,IH2009,2020-05-15 09:35:01.200,2729.0000,13113,-1,225268200.000,1,0,1,双平,S,2728.8000,2728.6000,2728.0000,2727.8000,2726.2000,2729.0000,2730.0000,2730.2000,2730.4000,2730.8000,2,1,3,1,1,1,2,2,1,1
SF,IH2009,2020-05-15 09:35:01.700,2729.0000,13112,-1,226086900.000,1,0,1,双平,S,2729.2000,2729.0000,2728.8000,2728.6000,2728.0000,2729.8000,2730.0000,2730.2000,2730.4000,2730.8000,2,2,2,1,3,1,2,2,1,1
SF,IH2009,2020-05-15 09:35:02.200,2729.2000,13112,0,226905660.000,1,0,1,多换,S,2729.2000,2729.0000,2728.8000,2728.6000,2728.0000,2729.8000,2730.0000,2730.2000,2730.4000,2730.8000,1,3,2,1,3,1,2,2,1,1
SF,IH2009,2020-05-15 09:35:02.700,2729.2000,13112,0,226905660.000,0,-,-,-,-,2729.2000,2729.0000,2728.8000,2728.6000,2728.0000,2729.8000,2730.0000,2730.2000,2730.4000,2730.8000,1,2,2,1,3,1,2,2,1,1
SF,IH2009,2020-05-15 09:35:03.200,2729.2000,13112,0,227724420.000,1,0,1,多换,S,2729.0000,2728.8000,2728.6000,2728.0000,2727.8000,2729.6000,2729.8000,2730.0000,2730.2000,2730.4000,2,2,1,3,2,1,1,2,2,1
SF,IH2009,2020-05-15 09:35:03.700,2729.2000,13112,0,227724420.000,0,-,-,-,-,2729.0000,2728.8000,2728.6000,2728.0000,2727.8000,2729.6000,2730.0000,2730.2000,2730.4000,2730.8000,2,2,1,3,2,1,1,2,1,1
SF,IH2009,2020-05-15 09:35:04.200,2729.2000,13112,0,227724420.000,0,-,-,-,-,2729.0000,2728.8000,2728.6000,2728.0000,2727.8000,2729.6000,2730.0000,2730.2000,2730.4000,2730.8000,2,2,1,3,2,2,1,2,1,1
SF,IH2009,2020-05-15 09:35:04.700,2729.2000,13112,0,227724420.000,0,-,-,-,-,2729.0000,2728.8000,2728.6000,2728.0000,2727.8000,2729.6000,2730.0000,2730.2000,2730.4000,2730.8000,2,2,1,3,2,2,2,2,1,1
SF,IH2009,2020-05-15 09:35:06.200,2729.2000,13112,0,227724420.000,0,-,-,-,-,2729.0000,2728.8000,2728.6000,2728.0000,2727.8000,2729.6000,2730.0000,2730.2000,2730.4000,2730.8000,2,2,1,3,2,1,2,2,1,1
SF,IH2009,2020-05-15 09:35:06.700,2729.0000,13113,1,228543120.000,1,1,0,双开,S,2729.0000,2728.8000,2728.6000,2728.0000,2727.8000,2729.6000,2730.0000,2730.2000,2730.4000,2730.8000,1,2,1,3,2,1,2,2,1,1
SF,IH2009,2020-05-15 09:35:07.200,2729.6000,13112,-1,229362000.000,1,0,1,双平,S,2729.6000,2729.0000,2728.8000,2728.6000,2728.4000,2730.0000,2730.2000,2730.4000,2730.8000,2731.0000,1,1,2,1,1,2,2,1,1,3
SF,IH2009,2020-05-15 09:35:07.700,2729.6000,13112,0,229362000.000,0,-,-,-,-,2729.6000,2729.0000,2728.8000,2728.6000,2728.4000,2730.0000,2730.2000,2730.4000,2730.8000,2731.0000,2,1,2,1,1,2,2,1,1,3
SF,IH2009,2020-05-15 09:35:08.200,2729.6000,13111,-1,230180880.000,1,0,1,双平,S,2729.6000,2729.0000,2728.8000,2728.6000,2728.4000,2730.0000,2730.2000,2730.4000,2730.8000,2731.0000,1,1,2,1,1,2,2,1,1,3
SF,IH2009,2020-05-15 09:35:10.200,2729.6000,13111,0,230999760.000,1,0,1,多换,S,2729.0000,2728.8000,2728.6000,2728.4000,2728.0000,2730.0000,2730.2000,2730.4000,2730.8000,2731.0000,1,2,1,1,3,2,2,1,1,3
SF,IH2009,2020-05-15 09:35:10.700,2729.6000,13111,0,230999760.000,0,-,-,-,-,2729.0000,2728.8000,2728.6000,2728.4000,2728.0000,2729.8000,2730.0000,2730.2000,2730.4000,2730.8000,1,2,1,1,3,1,2,2,1,1
SF,IH2009,2020-05-15 09:35:13.200,2729.6000,13111,0,230999760.000,0,-,-,-,-,2729.0000,2728.8000,2728.6000,2728.4000,2728.0000,2730.0000,2730.2000,2730.4000,2730.8000,2731.0000,1,2,1,1,3,2,2,1,1,3
SF,IH2009,2020-05-15 09:35:14.200,2729.6000,13111,0,230999760.000,0,-,-,-,-,2729.0000,2728.8000,2728.6000,2728.4000,2728.0000,2730.0000,2730.2000,2730.4000,2730.8000,2731.0000,1,2,1,1,3,2,2,1,1,3
SF,IH2009,2020-05-15 09:35:14.700,2729.0000,13110,-1,231818460.000,1,0,1,双平,S,2729.0000,2728.8000,2728.6000,2728.4000,2728.0000,2730.0000,2730.2000,2730.4000,2730.8000,2731.0000,1,2,1,1,3,2,2,1,1,3
SF,IH2009,2020-05-15 09:35:18.200,2729.0000,13110,0,231818460.000,0,-,-,-,-,2729.0000,2728.8000,2728.6000,2728.4000,2728.0000,2730.0000,2730.2000,2730.4000,2730.8000,2731.0000,1,2,1,1,3,2,2,1,1,3
