市场代码,合约代码,时间,最新,持仓,增仓,成交额,成交量,开仓,平仓,成交类型,方向,买一价,买二价,买三价,买四价,买五价,卖一价,卖二价,卖三价,卖四价,卖五价,买一量,买二量,买三量,买四量,买五量,卖一量,卖二量,卖三量,卖四量,卖五量
SF,IH2012,2020-07-06 09:29:00.100,3197.4000,8826,0,32613480.000,34.000,-,-,-,-,3186.0000,3181.2000,3178.0000,3174.0000,3170.6000,3197.4000,3218.0000,3225.4000,3228.0000,3230.0000,3,1,2,1,1,1,1,1,1,2
SF,IH2012,2020-07-06 09:30:00.100,3195.8000,8827,1,38351220.000,6,3,3,空开,S,3189.0000,3188.0000,3187.0000,3181.2000,3178.0000,3197.0000,3197.6000,3199.8000,3207.0000,3209.0000,1,3,1,1,2,2,3,1,1,1
SF,IH2012,2020-07-06 09:30:00.600,3196.8000,8824,-3,50809200.000,13,5,8,多平,S,3188.0000,3187.0000,3181.2000,3178.0000,3170.0000,3197.6000,3199.8000,3207.0000,3209.0000,3218.0000,2,2,1,2,1,3,1,1,1,1
SF,IH2012,2020-07-06 09:30:01.100,3197.4000,8823,-1,53686860.000,3,1,2,多平,S,3197.4000,3197.0000,3188.2000,3188.0000,3187.0000,3197.6000,3199.8000,3207.0000,3209.0000,3218.0000,8,4,2,2,2,3,1,1,1,1
SF,IH2012,2020-07-06 09:30:01.600,3197.4000,8820,-3,59442360.000,6,1,5,多平,S,3198.2000,3198.0000,3197.6000,3197.4000,3197.0000,3199.8000,3207.0000,3209.0000,3218.0000,3225.4000,2,3,1,7,4,1,1,1,1,1
SF,IH2012,2020-07-06 09:30:02.100,3198.4000,8818,-2,62321340.000,3,0,3,多平,S,3200.0000,3198.2000,3198.0000,3197.6000,3197.4000,3207.0000,3209.0000,3218.0000,3225.4000,3227.8000,1,2,3,2,7,1,1,1,1,1
SF,IH2012,2020-07-06 09:30:02.600,3198.2000,8817,-1,66160260.000,4,1,3,多平,S,3199.8000,3198.0000,3197.6000,3197.4000,3197.0000,3205.6000,3206.8000,3207.0000,3209.0000,3218.0000,2,3,8,7,4,1,1,1,1,1
SF,IH2012,2020-07-06 09:30:03.100,3199.8000,8817,0,67120200.000,1,0,1,多换,S,3199.8000,3198.0000,3197.6000,3197.4000,3197.0000,3205.4000,3205.6000,3207.0000,3209.0000,3218.0000,1,3,8,7,4,1,1,1,1,1
SF,IH2012,2020-07-06 09:30:03.600,3199.8000,8817,0,68080140.000,1,0,1,多换,S,3199.0000,3198.0000,3197.6000,3197.4000,3197.0000,3199.8000,3205.2000,3205.4000,3205.6000,3207.0000,5,3,8,7,4,2,1,1,1,1
SF,IH2012,2020-07-06 09:30:04.100,3199.0000,8817,0,71919420.000,4,2,2,多换,S,3199.0000,3198.0000,3197.6000,3197.4000,3197.0000,3200.0000,3204.6000,3205.2000,3207.0000,3209.0000,3,3,8,7,4,1,1,1,1,1
SF,IH2012,2020-07-06 09:30:04.600,3200.0000,8817,0,74799060.000,3,1,2,多换,S,3200.4000,3199.0000,3197.6000,3197.4000,3197.0000,3204.6000,3205.2000,3207.0000,3208.8000,3209.0000,1,2,8,7,4,1,1,1,1,1
SF,IH2012,2020-07-06 09:30:05.100,3199.0000,8817,0,78640260.000,4,2,2,多换,S,3199.0000,3197.6000,3197.4000,3197.0000,3193.0000,3200.0000,3204.4000,3204.6000,3205.2000,3207.0000,1,8,7,4,2,1,1,1,1,1
SF,IH2012,2020-07-06 09:30:05.600,3199.0000,8816,-1,80559660.000,2,0,2,多平,S,3199.0000,3197.6000,3197.4000,3197.0000,3193.0000,3200.0000,3204.6000,3207.0000,3208.8000,3209.0000,1,7,6,4,2,2,1,1,1,1
SF,IH2012,2020-07-06 09:30:06.100,3199.0000,8814,-2,83438760.000,3,0,3,多平,S,3199.0000,3197.6000,3197.4000,3197.0000,3193.0000,3200.0000,3204.6000,3207.0000,3208.8000,3209.0000,1,7,6,4,2,2,1,1,1,1
SF,IH2012,2020-07-06 09:30:06.600,3200.0000,8814,0,85358760.000,2,1,1,多换,S,3200.0000,3199.8000,3199.0000,3197.6000,3197.4000,3200.4000,3204.6000,3207.0000,3208.8000,3209.0000,2,1,1,7,6,1,1,1,1,1
SF,IH2012,2020-07-06 09:30:07.100,3200.0000,8815,1,88238880.000,3,2,1,空开,S,3200.4000,3200.0000,3199.8000,3199.0000,3197.6000,3204.6000,3207.0000,3208.8000,3209.0000,3218.0000,1,2,1,1,7,1,1,1,1,1
SF,IH2012,2020-07-06 09:30:07.600,3200.0000,8815,0,90158880.000,2,1,1,多换,S,3200.0000,3199.8000,3199.0000,3197.6000,3197.4000,3204.0000,3204.4000,3204.6000,3207.0000,3208.8000,2,1,1,7,6,1,1,1,1,1
SF,IH2012,2020-07-06 09:30:08.100,3200.0000,8815,0,90158880.000,0,-,-,-,-,3200.0000,3199.8000,3199.0000,3197.6000,3197.4000,3203.8000,3204.0000,3204.6000,3207.0000,3208.8000,2,1,1,7,6,1,1,1,1,1
SF,IH2012,2020-07-06 09:30:08.600,3200.0000,8815,0,90158880.000,0,-,-,-,-,3200.4000,3200.0000,3199.8000,3199.0000,3197.6000,3203.8000,3204.0000,3204.6000,3207.0000,3208.8000,1,2,1,1,7,1,1,1,1,1
SF,IH2012,2020-07-06 09:30:09.100,3200.4000,8815,0,91119000.000,1,0,1,多换,S,3200.4000,3200.0000,3199.0000,3197.6000,3197.4000,3203.8000,3204.0000,3204.6000,3207.0000,3208.8000,1,2,1,7,6,1,1,1,1,1
SF,IH2012,2020-07-06 09:30:09.600,3203.8000,8814,-1,93040260.000,2,0,2,多平,S,3200.6000,3200.0000,3199.0000,3197.6000,3197.4000,3204.0000,3204.6000,3207.0000,3208.8000,3209.0000,1,2,1,7,6,1,1,1,1,1
SF,IH2012,2020-07-06 09:30:10.100,3203.8000,8814,0,93040260.000,0,-,-,-,-,3200.8000,3200.6000,3200.0000,3199.0000,3197.6000,3204.0000,3204.6000,3207.0000,3208.8000,3209.0000,1,1,2,1,7,1,1,1,1,1
SF,IH2012,2020-07-06 09:30:10.600,3203.8000,8814,0,93040260.000,0,-,-,-,-,3201.0000,3200.8000,3200.0000,3199.0000,3197.6000,3204.0000,3204.6000,3207.0000,3208.8000,3209.0000,1,1,2,1,6,1,1,1,1,1
SF,IH2012,2020-07-06 09:30:11.100,3201.2000,8814,0,94000620.000,1,0,1,多换,S,3201.2000,3201.0000,3200.8000,3200.0000,3199.0000,3204.0000,3204.6000,3207.0000,3208.8000,3209.0000,1,1,1,1,1,1,1,1,1,1
SF,IH2012,2020-07-06 09:30:11.600,3204.0000,8815,1,96884160.000,3,2,1,空开,S,3204.0000,3201.4000,3201.2000,3200.8000,3200.0000,3204.6000,3207.0000,3208.8000,3209.0000,3218.0000,3,1,2,1,1,1,1,1,1,1
SF,IH2012,2020-07-06 09:30:12.100,3201.2000,8813,-2,103611120.000,7,2,5,多平,S,3200.8000,3200.0000,3199.0000,3197.6000,3197.4000,3204.0000,3204.6000,3207.0000,3208.8000,3209.0000,1,1,1,6,7,1,1,1,1,1
SF,IH2012,2020-07-06 09:30:12.600,3204.0000,8813,0,104572320.000,1,0,1,多换,S,3201.0000,3200.8000,3200.0000,3199.0000,3197.6000,3204.0000,3204.6000,3207.0000,3208.8000,3209.0000,1,1,1,1,6,3,1,1,1,1
SF,IH2012,2020-07-06 09:30:13.100,3204.0000,8813,0,105533520.000,1,0,1,多换,S,3201.2000,3201.0000,3200.8000,3200.0000,3199.0000,3204.0000,3204.6000,3207.0000,3208.8000,3209.0000,2,2,1,1,1,3,1,1,1,1
SF,IH2012,2020-07-06 09:30:13.600,3204.0000,8812,-1,106494720.000,1,0,1,双平,S,3201.4000,3201.2000,3201.0000,3200.0000,3199.0000,3204.0000,3204.6000,3207.0000,3208.8000,3209.0000,1,2,1,1,1,2,1,1,1,1
SF,IH2012,2020-07-06 09:30:14.100,3204.0000,8813,1,108417120.000,2,1,1,空开,S,3204.0000,3201.4000,3201.2000,3200.0000,3199.0000,3204.6000,3207.0000,3208.8000,3209.0000,3225.4000,2,2,2,1,1,1,1,1,1,1
SF,IH2012,2020-07-06 09:30:14.600,3201.4000,8812,-1,111299940.000,3,1,2,多平,S,3200.0000,3199.0000,3197.6000,3197.4000,3188.2000,3204.0000,3207.0000,3208.8000,3209.0000,3225.4000,1,1,6,2,1,1,1,1,1,1
SF,IH2012,2020-07-06 09:30:15.100,3200.2000,8812,0,118026000.000,7,3,4,多换,S,3200.2000,3200.0000,3199.0000,3197.6000,3197.4000,3203.8000,3208.8000,3209.0000,3223.8000,3225.4000,1,2,1,6,2,1,1,1,1,1
SF,IH2012,2020-07-06 09:30:15.600,3204.0000,8812,0,120908400.000,3,1,2,多换,S,3204.0000,3200.2000,3200.0000,3199.0000,3197.6000,3208.8000,3209.0000,3223.8000,3225.4000,3227.8000,6,1,2,1,6,1,1,1,1,1
SF,IH2012,2020-07-06 09:30:16.100,3204.0000,8813,1,121869600.000,1,1,0,双开,S,3206.6000,3204.0000,3200.0000,3199.0000,3197.6000,3208.2000,3208.6000,3208.8000,3209.0000,3223.8000,1,6,1,1,6,1,1,1,1,1
SF,IH2012,2020-07-06 09:30:16.600,3204.0000,8814,1,123792780.000,2,1,1,空开,S,3204.0000,3200.0000,3199.0000,3197.6000,3197.4000,3205.4000,3208.6000,3208.8000,3209.0000,3223.8000,5,1,1,6,2,1,1,1,1,1
SF,IH2012,2020-07-06 09:30:17.100,3205.4000,8814,0,124754400.000,1,0,1,多换,S,3204.2000,3204.0000,3200.0000,3199.0000,3197.6000,3208.8000,3209.0000,3223.8000,3225.4000,3227.8000,3,5,1,1,6,1,1,1,1,1
SF,IH2012,2020-07-06 09:30:17.600,3205.4000,8814,0,125716020.000,1,0,1,多换,S,3204.4000,3204.2000,3204.0000,3200.0000,3199.0000,3208.4000,3208.8000,3209.0000,3223.8000,3225.4000,1,3,6,1,1,1,1,1,1,1
SF,IH2012,2020-07-06 09:30:18.100,3205.4000,8814,0,125716020.000,0,-,-,-,-,3204.6000,3204.4000,3204.2000,3204.0000,3200.0000,3208.4000,3208.8000,3209.0000,3223.8000,3225.4000,1,1,3,6,1,1,1,1,1,1
SF,IH2012,2020-07-06 09:30:18.600,3205.4000,8814,0,125716020.000,0,-,-,-,-,3204.6000,3204.4000,3204.2000,3204.0000,3200.0000,3208.4000,3208.8000,3209.0000,3222.0000,3223.8000,1,1,3,6,18,1,1,1,1,1
SF,IH2012,2020-07-06 09:30:19.100,3204.8000,8813,-1,126677460.000,1,0,1,双平,S,3204.8000,3204.6000,3204.4000,3204.2000,3204.0000,3208.2000,3208.4000,3208.8000,3209.0000,3222.0000,1,1,1,3,6,1,1,1,1,1
SF,IH2012,2020-07-06 09:30:20.100,3204.8000,8813,0,126677460.000,0,-,-,-,-,3204.8000,3204.4000,3204.2000,3204.0000,3200.0000,3208.2000,3208.4000,3208.8000,3209.0000,3222.0000,1,1,3,6,17,1,1,1,1,1
SF,IH2012,2020-07-06 09:30:20.600,3204.8000,8814,1,127638900.000,1,1,0,双开,S,3204.4000,3204.2000,3204.0000,3200.0000,3199.0000,3208.0000,3208.2000,3208.4000,3208.8000,3209.0000,1,3,6,17,1,1,1,1,1,1
SF,IH2012,2020-07-06 09:30:21.100,3204.8000,8814,0,127638900.000,0,-,-,-,-,3204.4000,3204.0000,3200.0000,3199.0000,3197.6000,3207.8000,3208.0000,3208.4000,3208.8000,3209.0000,1,6,17,1,6,2,1,1,1,1
SF,IH2012,2020-07-06 09:30:21.600,3205.4000,8812,-2,129561960.000,2,0,2,双平,S,3204.4000,3204.0000,3200.0000,3199.0000,3197.6000,3207.8000,3208.0000,3208.4000,3208.8000,3209.0000,1,6,17,1,6,2,1,1,1,1
SF,IH2012,2020-07-06 09:30:22.100,3205.4000,8812,0,129561960.000,0,-,-,-,-,3204.4000,3204.0000,3200.0000,3199.0000,3197.6000,3204.8000,3205.4000,3207.8000,3208.0000,3208.4000,1,6,17,1,6,1,1,2,1,1
SF,IH2012,2020-07-06 09:30:22.600,3204.8000,8812,0,130523400.000,1,0,1,多换,S,3204.0000,3200.0000,3199.0000,3197.6000,3197.4000,3205.4000,3207.0000,3207.8000,3208.0000,3208.4000,6,17,1,6,2,1,1,1,1,1
SF,IH2012,2020-07-06 09:30:23.100,3207.0000,8811,-1,133408380.000,3,1,2,多平,S,3204.8000,3204.0000,3200.0000,3199.0000,3197.6000,3207.0000,3207.8000,3208.0000,3208.4000,3208.8000,1,6,17,1,6,1,1,1,1,1
SF,IH2012,2020-07-06 09:30:23.600,3204.8000,8811,0,134369820.000,1,0,1,多换,S,3204.8000,3204.0000,3200.0000,3199.0000,3197.6000,3205.0000,3206.8000,3207.0000,3208.0000,3208.4000,1,6,17,1,6,1,1,1,1,1
SF,IH2012,2020-07-06 09:30:24.100,3205.0000,8810,-1,135331320.000,1,0,1,双平,S,3204.8000,3204.0000,3200.0000,3199.0000,3197.6000,3206.8000,3207.0000,3208.0000,3208.4000,3208.8000,1,6,17,1,6,1,1,1,1,1
SF,IH2012,2020-07-06 09:30:24.600,3204.0000,8808,-2,142059960.000,7,2,5,多平,S,3200.0000,3199.0000,3197.6000,3197.4000,3188.2000,3204.0000,3206.8000,3207.0000,3208.0000,3208.4000,17,1,6,1,1,3,1,1,1,1
SF,IH2012,2020-07-06 09:30:25.100,3204.0000,8806,-2,143982360.000,2,0,2,双平,S,3202.0000,3200.2000,3200.0000,3199.0000,3197.6000,3203.8000,3204.0000,3207.0000,3208.0000,3208.4000,1,4,18,1,6,1,1,1,1,1
SF,IH2012,2020-07-06 09:30:25.600,3202.2000,8804,-2,146865420.000,3,0,3,多平,S,3202.2000,3202.0000,3200.2000,3200.0000,3199.0000,3205.8000,3207.0000,3208.0000,3208.8000,3209.0000,2,2,3,17,1,1,1,1,1,1
SF,IH2012,2020-07-06 09:30:26.100,3202.2000,8804,0,146865420.000,0,-,-,-,-,3202.4000,3202.2000,3202.0000,3200.2000,3200.0000,3205.6000,3205.8000,3207.0000,3208.0000,3208.2000,1,2,2,1,17,1,1,1,1,1
SF,IH2012,2020-07-06 09:30:26.600,3200.0000,8797,-7,156468720.000,10,1,9,多平,S,3200.0000,3199.0000,3197.6000,3197.4000,3188.0000,3205.4000,3205.6000,3205.8000,3207.0000,3208.0000,13,1,6,1,2,1,1,1,1,2
SF,IH2012,2020-07-06 09:30:27.100,3205.4000,8796,-1,158391900.000,2,0,2,多平,S,3200.2000,3200.0000,3199.0000,3197.6000,3197.4000,3205.8000,3207.0000,3208.0000,3208.2000,3208.8000,5,13,1,6,1,1,1,2,1,1
SF,IH2012,2020-07-06 09:30:27.600,3205.8000,8795,-1,159353640.000,1,0,1,双平,S,3200.2000,3200.0000,3199.0000,3197.6000,3197.4000,3202.0000,3207.0000,3208.0000,3208.2000,3208.8000,5,13,1,6,1,1,1,2,1,1
SF,IH2012,2020-07-06 09:30:28.100,3204.8000,8794,-1,161275680.000,2,0,2,多平,S,3200.2000,3200.0000,3199.0000,3197.6000,3197.4000,3207.0000,3208.0000,3208.2000,3208.8000,3209.0000,5,13,1,6,1,1,2,1,1,1
SF,IH2012,2020-07-06 09:30:28.600,3207.0000,8794,0,162237780.000,1,0,1,多换,S,3205.8000,3205.4000,3200.2000,3200.0000,3199.0000,3208.0000,3208.2000,3208.8000,3209.0000,3213.2000,1,5,5,13,1,2,1,1,1,1
SF,IH2012,2020-07-06 09:30:29.100,3200.2000,8791,-3,169929420.000,8,2,6,多平,S,3200.0000,3199.0000,3197.6000,3197.4000,3188.0000,3200.2000,3205.8000,3207.8000,3208.0000,3208.2000,13,1,6,1,2,4,1,2,2,1
SF,IH2012,2020-07-06 09:30:29.600,3200.0000,8780,-11,181449660.000,12,0,12,多平,S,3200.0000,3199.0000,3197.6000,3197.4000,3188.0000,3205.8000,3207.8000,3208.0000,3208.2000,3208.8000,5,1,6,1,2,1,2,2,1,1
SF,IH2012,2020-07-06 09:30:30.100,3205.6000,8780,0,182411340.000,1,0,1,多换,S,3204.0000,3200.6000,3200.2000,3200.0000,3199.6000,3205.8000,3207.8000,3208.0000,3208.2000,3208.8000,1,1,1,5,1,1,1,2,1,1
SF,IH2012,2020-07-06 09:30:30.600,3204.0000,8780,0,183372540.000,1,0,1,多换,S,3200.6000,3200.2000,3200.0000,3199.6000,3199.0000,3205.6000,3205.8000,3207.8000,3208.0000,3208.2000,1,1,5,1,1,3,1,1,2,1
SF,IH2012,2020-07-06 09:30:31.100,3204.0000,8780,0,183372540.000,0,-,-,-,-,3201.2000,3200.8000,3200.6000,3200.0000,3199.6000,3205.4000,3205.8000,3208.0000,3208.2000,3208.8000,1,4,1,5,1,1,1,2,1,1
SF,IH2012,2020-07-06 09:30:31.600,3205.8000,8768,-12,195859260.000,13,0,13,多平,S,3201.4000,3200.0000,3199.6000,3199.0000,3197.6000,3208.0000,3208.2000,3208.8000,3209.0000,3222.0000,1,1,1,1,6,2,1,1,1,1
SF,IH2012,2020-07-06 09:30:32.100,3205.8000,8768,0,195859260.000,0,-,-,-,-,3201.6000,3201.4000,3200.0000,3199.6000,3199.0000,3206.8000,3207.0000,3208.0000,3208.2000,3208.8000,1,1,1,1,1,1,1,2,1,1
SF,IH2012,2020-07-06 09:30:32.600,3208.0000,8770,2,201632160.000,6,4,2,空开,S,3208.0000,3202.8000,3201.8000,3200.0000,3199.6000,3208.2000,3208.8000,3209.0000,3222.0000,3223.8000,1,1,2,1,1,1,1,1,1,1
SF,IH2012,2020-07-06 09:30:33.100,3208.0000,8770,0,202594560.000,1,0,1,多换,S,3202.8000,3201.8000,3200.0000,3199.6000,3199.0000,3206.4000,3207.8000,3208.2000,3208.8000,3209.0000,1,2,1,1,1,1,1,1,1,1
SF,IH2012,2020-07-06 09:30:33.600,3208.0000,8770,0,202594560.000,0,-,-,-,-,3203.0000,3200.0000,3199.6000,3199.0000,3197.6000,3206.4000,3207.8000,3208.2000,3208.8000,3209.0000,3,1,1,1,6,1,1,1,1,1
SF,IH2012,2020-07-06 09:30:34.100,3208.0000,8770,0,202594560.000,0,-,-,-,-,3203.0000,3200.0000,3199.6000,3199.0000,3197.6000,3204.0000,3206.2000,3206.4000,3207.2000,3207.8000,3,1,1,1,6,1,2,1,1,1
SF,IH2012,2020-07-06 09:30:34.600,3203.0000,8766,-4,207399360.000,5,0,5,多平,S,3206.0000,3200.0000,3199.6000,3199.0000,3197.6000,3206.2000,3206.4000,3207.2000,3208.0000,3208.8000,4,1,1,1,6,2,1,1,1,1
SF,IH2012,2020-07-06 09:30:35.100,3206.0000,8762,-4,211246560.000,4,0,4,双平,S,3200.0000,3199.6000,3199.0000,3197.6000,3197.4000,3205.4000,3205.6000,3206.2000,3206.4000,3207.2000,1,1,1,6,1,1,1,2,1,1
SF,IH2012,2020-07-06 09:30:35.600,3206.0000,8762,0,211246560.000,0,-,-,-,-,3200.6000,3200.0000,3199.6000,3199.0000,3197.6000,3205.2000,3205.4000,3205.6000,3206.0000,3206.2000,1,1,1,1,6,1,1,1,1,2
SF,IH2012,2020-07-06 09:30:36.100,3206.0000,8762,0,211246560.000,0,-,-,-,-,3200.8000,3200.6000,3200.0000,3199.6000,3199.0000,3205.2000,3205.4000,3205.6000,3205.8000,3206.0000,2,1,1,1,1,1,1,1,1,1
SF,IH2012,2020-07-06 09:30:36.600,3206.0000,8762,0,211246560.000,0,-,-,-,-,3200.8000,3200.6000,3200.0000,3199.6000,3199.0000,3205.0000,3205.2000,3205.4000,3205.6000,3205.8000,2,1,1,1,1,1,1,1,1,1
SF,IH2012,2020-07-06 09:30:37.100,3205.4000,8761,-1,212208180.000,1,0,1,双平,S,3201.0000,3200.8000,3200.6000,3200.0000,3199.6000,3205.0000,3205.4000,3205.6000,3205.8000,3207.2000,1,2,1,1,1,1,1,1,1,1
SF,IH2012,2020-07-06 09:30:37.600,3205.2000,8761,0,213169740.000,1,0,1,多换,S,3201.0000,3200.8000,3200.6000,3200.0000,3199.6000,3204.6000,3205.6000,3207.2000,3208.0000,3208.8000,1,2,1,1,1,1,1,1,3,1
SF,IH2012,2020-07-06 09:30:38.100,3205.2000,8761,0,214131300.000,1,0,1,多换,S,3205.0000,3200.8000,3200.6000,3200.0000,3199.6000,3205.4000,3205.6000,3207.2000,3208.0000,3208.8000,1,1,1,1,1,1,1,1,3,1
SF,IH2012,2020-07-06 09:30:38.600,3205.0000,8760,-1,215092800.000,1,0,1,双平,S,3200.8000,3200.6000,3200.0000,3199.6000,3199.0000,3204.6000,3205.0000,3205.4000,3205.6000,3207.2000,1,1,1,1,1,1,1,1,1,1
SF,IH2012,2020-07-06 09:30:39.100,3205.0000,8760,0,215092800.000,0,-,-,-,-,3200.8000,3200.6000,3200.0000,3199.6000,3199.0000,3204.6000,3205.0000,3205.4000,3205.6000,3207.2000,1,1,1,1,1,1,1,1,1,1
SF,IH2012,2020-07-06 09:30:39.600,3205.0000,8760,0,215092800.000,0,-,-,-,-,3200.8000,3200.6000,3200.0000,3199.6000,3199.0000,3204.4000,3204.6000,3205.0000,3205.6000,3205.8000,1,1,1,1,1,1,1,1,1,1
SF,IH2012,2020-07-06 09:30:41.100,3204.4000,8759,-1,216054120.000,1,0,1,双平,S,3204.4000,3200.8000,3200.6000,3200.0000,3199.6000,3204.6000,3205.0000,3205.6000,3205.8000,3207.0000,1,1,1,1,1,1,1,1,1,1
SF,IH2012,2020-07-06 09:30:41.600,3204.4000,8758,-1,218938080.000,3,1,2,多平,S,3200.6000,3200.0000,3199.6000,3199.0000,3197.6000,3205.0000,3205.6000,3205.8000,3206.8000,3207.0000,1,1,1,1,6,1,1,1,1,1
SF,IH2012,2020-07-06 09:30:42.100,3204.4000,8758,0,218938080.000,0,-,-,-,-,3203.4000,3200.8000,3200.6000,3200.0000,3199.6000,3205.0000,3205.6000,3205.8000,3206.8000,3207.0000,1,1,1,1,1,1,1,1,1,1
SF,IH2012,2020-07-06 09:30:43.100,3205.0000,8758,0,219899580.000,1,0,1,多换,S,3203.4000,3200.8000,3200.6000,3200.0000,3199.6000,3205.6000,3206.8000,3207.0000,3207.2000,3208.0000,1,1,1,1,1,1,1,1,1,2
SF,IH2012,2020-07-06 09:30:43.600,3205.0000,8758,0,219899580.000,0,-,-,-,-,3203.6000,3203.4000,3200.8000,3200.6000,3200.0000,3205.2000,3205.6000,3206.8000,3207.0000,3207.2000,1,1,1,1,1,1,1,1,1,1
SF,IH2012,2020-07-06 09:30:44.100,3203.8000,8757,-1,221822280.000,2,0,2,多平,S,3203.4000,3201.0000,3200.8000,3200.6000,3200.0000,3205.6000,3206.8000,3207.0000,3207.2000,3208.0000,1,1,1,1,1,1,1,1,1,2
SF,IH2012,2020-07-06 09:30:44.600,3203.8000,8757,0,221822280.000,0,-,-,-,-,3203.6000,3203.4000,3201.0000,3200.6000,3200.0000,3205.4000,3205.6000,3206.8000,3207.0000,3207.2000,1,1,1,1,1,1,1,1,1,1
SF,IH2012,2020-07-06 09:30:45.100,3203.8000,8757,0,222783420.000,1,0,1,多换,S,3205.0000,3203.6000,3203.4000,3201.0000,3200.6000,3205.4000,3205.6000,3206.8000,3207.0000,3207.2000,5,1,1,1,1,1,1,1,1,1
SF,IH2012,2020-07-06 09:30:45.600,3205.6000,8751,-6,232398960.000,10,2,8,多平,S,3205.6000,3205.0000,3203.6000,3203.4000,3201.0000,3206.8000,3207.0000,3207.2000,3208.0000,3208.8000,2,2,1,1,1,1,1,1,2,1
SF,IH2012,2020-07-06 09:30:46.100,3205.6000,8751,0,233360640.000,1,0,1,多换,S,3205.6000,3205.0000,3203.6000,3203.4000,3201.0000,3206.8000,3207.0000,3207.2000,3208.0000,3208.8000,1,2,2,1,1,1,1,1,2,1
SF,IH2012,2020-07-06 09:30:46.600,3205.6000,8751,0,234322320.000,1,0,1,多换,S,3205.6000,3205.0000,3203.6000,3203.4000,3201.0000,3206.8000,3207.0000,3207.2000,3208.0000,3208.8000,1,2,2,1,1,1,1,1,2,1
SF,IH2012,2020-07-06 09:30:47.100,3207.0000,8751,0,236246460.000,2,1,1,多换,S,3205.6000,3205.0000,3203.6000,3203.4000,3201.0000,3207.2000,3208.0000,3208.8000,3209.0000,3218.2000,1,2,2,1,1,1,2,1,1,1
SF,IH2012,2020-07-06 09:30:47.600,3205.6000,8751,0,237208140.000,1,0,1,多换,S,3205.0000,3203.6000,3203.4000,3201.0000,3200.0000,3205.6000,3207.2000,3208.0000,3208.8000,3209.0000,2,2,1,1,1,1,1,2,1,1
SF,IH2012,2020-07-06 09:30:48.100,3205.6000,8750,-1,238169820.000,1,0,1,双平,S,3205.8000,3205.2000,3205.0000,3203.6000,3203.4000,3207.2000,3208.0000,3208.8000,3209.0000,3218.2000,1,1,2,2,1,1,2,2,1,1
SF,IH2012,2020-07-06 09:30:48.600,3207.2000,8749,-1,239131980.000,1,0,1,双平,S,3206.8000,3205.8000,3205.2000,3205.0000,3203.6000,3208.0000,3208.8000,3209.0000,3218.2000,3222.0000,5,1,1,2,2,2,2,1,1,1
SF,IH2012,2020-07-06 09:30:49.100,3206.8000,8748,-1,241056420.000,2,0,2,多平,S,3206.8000,3205.8000,3205.0000,3203.6000,3203.4000,3207.0000,3207.8000,3208.0000,3208.8000,3209.0000,4,1,2,2,1,1,2,1,2,1
SF,IH2012,2020-07-06 09:30:50.100,3205.8000,8747,-1,245866320.000,5,2,3,多平,S,3205.0000,3204.8000,3203.6000,3201.0000,3200.0000,3205.8000,3206.8000,3207.0000,3208.0000,3208.8000,2,1,2,1,1,5,1,1,1,2
SF,IH2012,2020-07-06 09:30:50.600,3205.8000,8743,-4,249713280.000,4,0,4,双平,S,3205.0000,3204.8000,3203.6000,3201.0000,3200.0000,3205.8000,3206.8000,3207.0000,3208.0000,3208.8000,2,1,2,1,1,1,1,1,1,2
SF,IH2012,2020-07-06 09:30:51.100,3205.8000,8743,0,249713280.000,0,-,-,-,-,3205.0000,3204.8000,3203.6000,3201.0000,3200.0000,3205.8000,3206.8000,3207.0000,3208.0000,3208.8000,2,1,2,1,1,1,1,1,1,2
SF,IH2012,2020-07-06 09:30:51.600,3208.0000,8745,2,253561560.000,4,3,1,空开,S,3208.0000,3205.0000,3204.8000,3203.6000,3201.0000,3208.8000,3209.0000,3218.2000,3222.0000,3223.8000,1,2,1,2,1,2,1,1,1,1
SF,IH2012,2020-07-06 09:30:52.100,3208.0000,8745,0,254523960.000,1,0,1,多换,S,3205.0000,3204.8000,3203.6000,3201.0000,3200.0000,3208.2000,3208.8000,3209.0000,3218.2000,3222.0000,2,1,2,1,1,1,2,1,1,1
SF,IH2012,2020-07-06 09:30:52.600,3208.0000,8745,0,254523960.000,0,-,-,-,-,3205.2000,3205.0000,3204.8000,3203.6000,3201.0000,3208.2000,3208.8000,3218.2000,3222.0000,3223.8000,1,2,1,1,1,1,2,1,1,1
SF,IH2012,2020-07-06 09:30:53.100,3208.8000,8747,2,258374340.000,4,3,1,空开,S,3208.8000,3205.2000,3205.0000,3204.8000,3203.6000,3218.2000,3222.0000,3223.8000,3225.4000,3227.8000,1,4,2,1,1,1,1,1,1,1
SF,IH2012,2020-07-06 09:30:53.600,3208.8000,8747,0,258374340.000,0,-,-,-,-,3210.2000,3209.0000,3208.8000,3208.2000,3205.0000,3215.8000,3217.6000,3218.0000,3218.2000,3222.0000,5,1,5,2,2,1,1,1,1,1
SF,IH2012,2020-07-06 09:30:54.100,3208.8000,8747,0,258374340.000,0,-,-,-,-,3210.4000,3210.2000,3208.8000,3208.2000,3205.0000,3215.8000,3217.6000,3218.0000,3218.2000,3222.0000,1,8,2,3,2,1,1,1,1,1
SF,IH2012,2020-07-06 09:30:54.600,3208.8000,8747,0,258374340.000,0,-,-,-,-,3210.6000,3210.4000,3210.2000,3208.8000,3208.2000,3215.6000,3215.8000,3217.6000,3218.2000,3222.0000,1,4,5,2,3,1,1,1,1,1
SF,IH2012,2020-07-06 09:30:55.100,3208.8000,8747,0,258374340.000,0,-,-,-,-,3210.8000,3210.6000,3210.2000,3208.8000,3208.2000,3215.6000,3215.8000,3217.6000,3218.2000,3222.0000,1,4,5,2,3,1,1,1,1,1
SF,IH2012,2020-07-06 09:30:55.600,3210.8000,8747,0,260302200.000,2,1,1,多换,S,3210.8000,3210.6000,3210.2000,3208.8000,3208.2000,3215.4000,3215.6000,3215.8000,3217.6000,3218.2000,3,1,5,2,3,1,1,1,1,1
SF,IH2012,2020-07-06 09:30:56.100,3210.8000,8747,0,260302200.000,0,-,-,-,-,3211.0000,3210.8000,3210.6000,3210.2000,3208.8000,3215.4000,3215.6000,3215.8000,3217.6000,3218.2000,2,3,1,5,2,1,1,1,1,1
SF,IH2012,2020-07-06 09:30:56.600,3215.8000,8747,0,263196240.000,3,1,2,多换,S,3211.2000,3211.0000,3210.6000,3210.2000,3208.8000,3217.6000,3218.2000,3219.0000,3223.8000,3225.4000,2,5,1,5,2,1,1,1,1,1
SF,IH2012,2020-07-06 09:30:57.100,3215.8000,8747,0,263196240.000,0,-,-,-,-,3215.4000,3211.2000,3211.0000,3210.6000,3210.2000,3217.6000,3218.2000,3219.0000,3223.8000,3225.4000,1,5,2,1,5,1,1,1,1,1
SF,IH2012,2020-07-06 09:30:57.600,3215.4000,8747,0,265125480.000,2,1,1,多换,S,3215.4000,3211.2000,3211.0000,3210.2000,3208.8000,3217.4000,3218.2000,3219.0000,3223.8000,3225.4000,5,1,2,5,2,2,1,1,1,1
SF,IH2012,2020-07-06 09:30:58.100,3215.4000,8747,0,269948580.000,5,2,3,多换,S,3214.0000,3208.8000,3208.2000,3205.0000,3203.6000,3217.4000,3218.2000,3223.8000,3225.4000,3227.8000,1,2,3,3,1,2,1,1,1,1
SF,IH2012,2020-07-06 09:30:58.600,3217.2000,8746,-1,271877940.000,2,0,2,多平,S,3208.8000,3208.2000,3205.0000,3203.6000,3200.0000,3211.2000,3217.4000,3218.2000,3223.8000,3225.4000,2,3,3,1,1,1,2,1,1,1
SF,IH2012,2020-07-06 09:30:59.100,3211.2000,8746,0,273804660.000,2,1,1,多换,S,3209.0000,3208.8000,3208.2000,3205.0000,3203.6000,3218.2000,3223.8000,3225.4000,3227.8000,3240.4000,2,2,3,3,1,1,1,1,1,1
SF,IH2012,2020-07-06 09:30:59.600,3209.0000,8747,1,274767360.000,1,1,0,双开,S,3209.0000,3208.8000,3208.2000,3205.0000,3203.6000,3218.0000,3218.2000,3223.8000,3227.8000,3253.4000,1,2,3,3,1,2,1,1,1,1
SF,IH2012,2020-07-06 09:31:00.100,3217.6000,8747,0,275732640.000,1,0,1,多换,S,3210.0000,3209.4000,3209.2000,3209.0000,3208.8000,3217.6000,3217.8000,3218.0000,3218.2000,3223.8000,1,1,2,1,2,1,1,2,1,1
SF,IH2012,2020-07-06 09:31:00.600,3210.2000,8746,-1,276695700.000,1,0,1,双平,S,3210.2000,3210.0000,3209.4000,3209.0000,3208.8000,3216.6000,3217.4000,3217.6000,3218.0000,3218.2000,1,1,1,1,2,1,3,1,1,1
SF,IH2012,2020-07-06 09:31:01.100,3210.2000,8745,-1,277658760.000,1,0,1,双平,S,3210.2000,3210.0000,3209.4000,3209.0000,3208.8000,3216.0000,3216.4000,3216.6000,3217.4000,3217.6000,1,1,1,1,2,1,2,1,1,1
SF,IH2012,2020-07-06 09:31:01.600,3215.8000,8745,0,279586560.000,2,1,1,多换,S,3210.4000,3210.2000,3210.0000,3209.4000,3209.0000,3215.8000,3216.0000,3217.4000,3217.6000,3218.0000,1,1,1,1,1,1,1,1,1,2
SF,IH2012,2020-07-06 09:31:02.100,3210.4000,8746,1,280549680.000,1,1,0,双开,S,3210.2000,3210.0000,3209.4000,3209.0000,3208.8000,3215.6000,3215.8000,3216.0000,3217.4000,3217.6000,1,1,1,1,1,2,1,1,1,1
SF,IH2012,2020-07-06 09:31:02.600,3210.4000,8746,0,280549680.000,0,-,-,-,-,3210.2000,3210.0000,3209.4000,3209.0000,3208.8000,3215.4000,3215.6000,3216.0000,3217.4000,3217.6000,1,5,1,1,1,1,2,1,1,1
SF,IH2012,2020-07-06 09:31:03.100,3215.2000,8747,1,282478800.000,2,1,1,空开,S,3210.4000,3210.2000,3210.0000,3209.4000,3209.0000,3215.4000,3215.6000,3216.0000,3217.4000,3217.6000,1,1,5,1,1,1,1,2,1,1
SF,IH2012,2020-07-06 09:31:04.100,3210.4000,8748,1,283441920.000,1,1,0,双开,S,3210.6000,3210.2000,3210.0000,3209.4000,3208.8000,3215.2000,3215.4000,3215.6000,3216.0000,3217.4000,1,1,5,1,1,1,1,1,2,1
SF,IH2012,2020-07-06 09:31:04.600,3215.0000,8748,0,284406420.000,1,0,1,多换,S,3210.8000,3210.6000,3210.0000,3209.4000,3208.8000,3215.0000,3215.2000,3215.6000,3216.0000,3217.4000,2,1,5,1,1,1,1,1,2,1
SF,IH2012,2020-07-06 09:31:05.100,3215.0000,8748,0,284406420.000,0,-,-,-,-,3210.8000,3210.6000,3210.0000,3209.4000,3208.8000,3214.8000,3215.0000,3215.4000,3215.6000,3216.0000,1,1,5,1,1,1,1,1,1,2
SF,IH2012,2020-07-06 09:31:05.600,3215.0000,8749,1,286335420.000,2,1,1,空开,S,3215.0000,3211.0000,3210.8000,3210.6000,3210.0000,3215.4000,3215.6000,3216.0000,3217.4000,3217.6000,1,1,1,1,5,1,1,2,1,1
SF,IH2012,2020-07-06 09:31:06.100,3215.0000,8749,0,287299920.000,1,0,1,多换,S,3211.0000,3210.8000,3210.6000,3210.0000,3208.2000,3214.6000,3214.8000,3215.0000,3215.4000,3215.6000,1,1,1,5,3,1,1,1,1,1
SF,IH2012,2020-07-06 09:31:06.600,3215.0000,8749,0,287299920.000,0,-,-,-,-,3211.4000,3211.2000,3211.0000,3210.8000,3210.6000,3214.4000,3214.8000,3215.0000,3215.4000,3215.6000,1,1,1,1,6,1,1,1,1,1
SF,IH2012,2020-07-06 09:31:07.100,3215.0000,8749,0,287299920.000,0,-,-,-,-,3211.6000,3211.4000,3210.6000,3210.0000,3208.2000,3214.4000,3214.8000,3215.0000,3215.4000,3215.6000,2,1,5,5,3,1,1,1,1,1
SF,IH2012,2020-07-06 09:31:07.600,3214.2000,8747,-2,290191140.000,3,0,3,多平,S,3211.4000,3210.6000,3210.0000,3208.2000,3205.0000,3214.2000,3214.4000,3214.8000,3215.0000,3215.4000,1,5,5,3,2,1,1,1,1,1
SF,IH2012,2020-07-06 09:31:08.100,3211.6000,8747,0,292118100.000,2,1,1,多换,S,3211.4000,3210.6000,3210.0000,3208.2000,3205.0000,3214.0000,3214.2000,3214.8000,3215.0000,3215.4000,1,5,5,3,2,1,1,1,1,1
SF,IH2012,2020-07-06 09:31:08.600,3211.6000,8747,0,292118100.000,0,-,-,-,-,3212.8000,3210.6000,3210.0000,3208.2000,3205.0000,3213.8000,3214.0000,3214.8000,3215.0000,3215.4000,1,5,5,3,2,1,1,1,1,1
SF,IH2012,2020-07-06 09:31:09.100,3213.6000,8746,-1,293082180.000,1,0,1,双平,S,3212.8000,3210.6000,3210.0000,3208.2000,3205.0000,3214.8000,3215.0000,3215.4000,3215.6000,3216.0000,1,5,5,3,2,1,2,1,1,2
SF,IH2012,2020-07-06 09:31:09.600,3213.6000,8746,0,293082180.000,0,-,-,-,-,3212.8000,3210.6000,3210.0000,3208.2000,3205.0000,3214.8000,3215.0000,3215.4000,3215.6000,3216.0000,1,5,5,3,2,1,2,1,1,2
SF,IH2012,2020-07-06 09:31:10.100,3214.8000,8745,-1,294046620.000,1,0,1,双平,S,3213.0000,3212.8000,3210.6000,3210.0000,3208.2000,3215.0000,3215.4000,3215.6000,3216.0000,3217.4000,2,1,5,5,3,2,1,1,2,1
SF,IH2012,2020-07-06 09:31:10.600,3215.0000,8745,0,295975620.000,2,1,1,多换,S,3214.2000,3213.0000,3212.8000,3210.6000,3210.0000,3215.4000,3215.6000,3216.0000,3217.4000,3218.0000,1,2,1,5,5,1,1,2,1,2
SF,IH2012,2020-07-06 09:31:11.100,3215.4000,8744,-1,296940240.000,1,0,1,双平,S,3214.8000,3214.2000,3214.0000,3213.0000,3212.8000,3215.6000,3216.0000,3217.4000,3218.0000,3218.2000,1,1,1,1,1,1,2,1,2,1
SF,IH2012,2020-07-06 09:31:11.600,3215.6000,8743,-1,297904920.000,1,0,1,双平,S,3215.8000,3215.6000,3215.4000,3214.8000,3214.2000,3216.0000,3217.4000,3218.0000,3218.2000,3218.4000,1,1,1,1,1,2,1,2,1,1
SF,IH2012,2020-07-06 09:31:12.100,3215.4000,8740,-3,300798900.000,3,0,3,双平,S,3214.8000,3214.2000,3214.0000,3212.8000,3210.6000,3216.0000,3217.4000,3218.0000,3218.2000,3218.4000,1,1,1,1,5,2,1,2,1,1
SF,IH2012,2020-07-06 09:31:12.600,3214.8000,8739,-1,301763340.000,1,0,1,双平,S,3215.0000,3214.2000,3214.0000,3212.8000,3210.6000,3216.0000,3217.4000,3218.0000,3218.2000,3218.4000,1,1,1,1,5,2,1,2,1,1
SF,IH2012,2020-07-06 09:31:13.100,3215.8000,8738,-1,303692580.000,2,0,2,多平,S,3214.2000,3214.0000,3212.8000,3210.0000,3208.2000,3215.8000,3216.0000,3217.4000,3218.0000,3218.2000,1,1,1,6,3,1,2,1,2,1
SF,IH2012,2020-07-06 09:31:13.600,3215.6000,8739,1,305621940.000,2,1,1,空开,S,3214.2000,3214.0000,3212.8000,3210.0000,3208.2000,3214.8000,3215.8000,3216.0000,3217.4000,3218.0000,1,1,1,6,3,1,1,2,1,2
SF,IH2012,2020-07-06 09:31:14.100,3215.6000,8739,0,305621940.000,0,-,-,-,-,3214.2000,3214.0000,3212.8000,3210.0000,3208.2000,3214.8000,3215.8000,3216.0000,3217.4000,3218.0000,1,1,1,6,3,1,1,2,1,2
SF,IH2012,2020-07-06 09:31:14.600,3215.6000,8739,0,306586620.000,1,0,1,多换,S,3214.8000,3214.2000,3214.0000,3210.0000,3208.2000,3215.8000,3216.0000,3217.4000,3218.0000,3218.2000,1,1,1,6,3,1,2,1,2,1
SF,IH2012,2020-07-06 09:31:15.100,3214.8000,8739,0,307551060.000,1,0,1,多换,S,3214.8000,3214.2000,3214.0000,3210.0000,3208.2000,3215.8000,3216.0000,3217.4000,3218.0000,3218.2000,2,1,1,6,3,1,2,1,2,1
SF,IH2012,2020-07-06 09:31:15.600,3214.8000,8739,0,307551060.000,0,-,-,-,-,3214.8000,3214.2000,3214.0000,3210.0000,3208.2000,3215.8000,3216.0000,3217.4000,3218.0000,3218.2000,2,1,1,5,3,2,2,1,2,1
SF,IH2012,2020-07-06 09:31:16.100,3214.8000,8739,0,307551060.000,0,-,-,-,-,3214.8000,3214.2000,3214.0000,3210.0000,3208.2000,3215.8000,3216.0000,3217.4000,3218.0000,3218.2000,2,1,1,5,3,2,2,1,2,1
SF,IH2012,2020-07-06 09:31:16.600,3215.8000,8740,1,310444980.000,3,2,1,空开,S,3215.8000,3214.8000,3214.2000,3214.0000,3210.0000,3216.0000,3217.4000,3218.0000,3218.2000,3218.4000,4,1,1,1,5,2,1,2,1,1
SF,IH2012,2020-07-06 09:31:17.100,3215.8000,8740,0,312374460.000,2,1,1,多换,S,3215.8000,3214.8000,3214.2000,3214.0000,3210.0000,3216.0000,3217.4000,3218.0000,3218.2000,3218.4000,2,1,1,1,5,2,1,2,1,1
SF,IH2012,2020-07-06 09:31:17.600,3215.8000,8739,-1,316233540.000,4,1,3,多平,S,3214.8000,3214.2000,3214.0000,3210.0000,3208.2000,3215.6000,3215.8000,3217.4000,3218.0000,3218.2000,1,1,1,5,3,1,1,1,2,1
SF,IH2012,2020-07-06 09:31:18.100,3215.8000,8737,-2,318162960.000,2,0,2,双平,S,3214.8000,3214.0000,3210.0000,3208.2000,3205.0000,3216.6000,3217.4000,3218.0000,3218.2000,3218.4000,1,1,5,3,2,1,1,2,1,1
SF,IH2012,2020-07-06 09:31:18.600,3214.8000,8737,0,319127400.000,1,0,1,多换,S,3214.0000,3213.0000,3210.0000,3208.2000,3205.0000,3216.4000,3216.6000,3217.4000,3218.0000,3218.2000,1,1,5,3,2,2,1,1,2,1
SF,IH2012,2020-07-06 09:31:19.100,3214.8000,8737,0,319127400.000,0,-,-,-,-,3214.0000,3213.0000,3210.0000,3208.2000,3205.0000,3216.2000,3216.4000,3216.6000,3217.4000,3218.0000,1,1,5,3,2,1,2,1,1,2
SF,IH2012,2020-07-06 09:31:19.600,3214.0000,8737,0,320091600.000,1,0,1,多换,S,3213.0000,3210.0000,3208.2000,3205.0000,3203.6000,3214.0000,3216.0000,3216.2000,3216.4000,3216.6000,1,5,3,2,1,1,1,1,1,1
SF,IH2012,2020-07-06 09:31:20.100,3214.0000,8738,1,321055800.000,1,1,0,双开,S,3215.0000,3213.0000,3210.0000,3208.2000,3205.0000,3216.0000,3216.2000,3216.4000,3217.4000,3218.0000,1,1,5,3,2,1,1,1,1,2
SF,IH2012,2020-07-06 09:31:20.600,3215.0000,8738,0,322020300.000,1,0,1,多换,S,3213.0000,3210.0000,3208.2000,3205.0000,3203.6000,3215.0000,3215.8000,3216.4000,3217.4000,3218.0000,1,5,3,2,1,1,1,1,1,2
SF,IH2012,2020-07-06 09:31:21.100,3213.0000,8738,0,322984200.000,1,0,1,多换,S,3214.0000,3210.0000,3208.2000,3205.0000,3203.6000,3214.8000,3215.0000,3215.8000,3216.4000,3217.4000,1,5,3,2,1,1,2,1,1,1
SF,IH2012,2020-07-06 09:31:21.600,3214.0000,8738,0,323948400.000,1,0,1,多换,S,3210.0000,3208.2000,3205.0000,3203.6000,3200.0000,3213.8000,3215.0000,3215.8000,3216.4000,3217.4000,5,3,2,1,1,1,2,1,1,1
SF,IH2012,2020-07-06 09:31:22.100,3213.8000,8739,1,324912540.000,1,1,0,双开,S,3210.4000,3210.2000,3210.0000,3208.2000,3205.0000,3213.6000,3213.8000,3214.0000,3215.0000,3215.8000,1,2,5,3,2,1,1,1,2,1
SF,IH2012,2020-07-06 09:31:22.600,3210.6000,8739,0,325875720.000,1,0,1,多换,S,3210.6000,3210.4000,3210.0000,3208.2000,3205.0000,3213.4000,3213.8000,3214.0000,3215.0000,3215.8000,3,1,5,3,2,1,1,1,2,1
SF,IH2012,2020-07-06 09:31:23.100,3210.6000,8739,0,325875720.000,0,-,-,-,-,3210.6000,3210.4000,3210.0000,3208.2000,3205.0000,3213.4000,3213.8000,3214.0000,3214.8000,3215.0000,3,1,5,3,2,1,1,1,1,1
SF,IH2012,2020-07-06 09:31:23.600,3210.6000,8739,0,325875720.000,0,-,-,-,-,3210.6000,3210.4000,3210.0000,3208.2000,3205.0000,3213.8000,3214.0000,3214.8000,3215.0000,3215.8000,3,1,5,3,2,1,1,1,1,1
SF,IH2012,2020-07-06 09:31:24.100,3210.6000,8739,0,325875720.000,0,-,-,-,-,3210.6000,3210.4000,3210.0000,3208.2000,3205.0000,3213.6000,3213.8000,3214.0000,3214.8000,3215.0000,2,1,5,3,2,1,1,1,1,1
SF,IH2012,2020-07-06 09:31:24.600,3210.6000,8739,0,325875720.000,0,-,-,-,-,3210.8000,3210.6000,3210.4000,3210.0000,3208.2000,3213.6000,3213.8000,3214.0000,3214.8000,3215.0000,1,2,1,5,3,1,1,1,1,1
SF,IH2012,2020-07-06 09:31:25.100,3213.6000,8739,0,326839800.000,1,0,1,多换,S,3211.0000,3210.8000,3210.4000,3210.0000,3208.2000,3214.0000,3214.8000,3215.0000,3218.0000,3218.2000,2,1,1,6,3,1,1,1,2,1
SF,IH2012,2020-07-06 09:31:25.600,3213.6000,8739,0,326839800.000,0,-,-,-,-,3211.2000,3211.0000,3210.8000,3210.4000,3210.0000,3214.0000,3214.8000,3215.0000,3218.0000,3218.2000,1,2,1,1,6,1,1,1,2,1
SF,IH2012,2020-07-06 09:31:26.100,3213.6000,8739,0,326839800.000,0,-,-,-,-,3211.4000,3211.2000,3210.4000,3210.0000,3208.2000,3214.0000,3214.8000,3215.0000,3218.0000,3218.2000,2,1,1,6,3,1,1,1,2,1
SF,IH2012,2020-07-06 09:31:26.600,3213.6000,8739,0,326839800.000,0,-,-,-,-,3211.4000,3210.4000,3210.0000,3208.2000,3205.0000,3213.8000,3214.0000,3214.8000,3215.0000,3218.0000,2,1,6,3,2,1,1,1,1,2
SF,IH2012,2020-07-06 09:31:27.100,3213.6000,8739,0,326839800.000,0,-,-,-,-,3211.4000,3210.4000,3210.0000,3208.2000,3205.0000,3213.6000,3213.8000,3214.0000,3214.8000,3215.0000,2,1,6,3,2,1,1,1,1,1
SF,IH2012,2020-07-06 09:31:27.600,3213.6000,8739,0,326839800.000,0,-,-,-,-,3211.4000,3210.4000,3210.0000,3208.2000,3205.0000,3213.4000,3213.6000,3214.0000,3214.8000,3215.0000,1,1,6,3,2,1,1,1,1,1
SF,IH2012,2020-07-06 09:31:28.100,3213.6000,8739,0,326839800.000,0,-,-,-,-,3210.4000,3210.0000,3208.2000,3205.0000,3203.6000,3211.4000,3213.2000,3213.4000,3213.6000,3214.0000,1,6,3,2,1,1,1,1,1,1
SF,IH2012,2020-07-06 09:31:28.600,3211.4000,8738,-1,327803220.000,1,0,1,双平,S,3210.0000,3208.2000,3205.0000,3203.6000,3200.0000,3213.2000,3214.0000,3214.8000,3218.0000,3218.2000,7,3,2,1,1,1,1,1,2,1
SF,IH2012,2020-07-06 09:31:29.100,3211.4000,8738,0,327803220.000,0,-,-,-,-,3210.2000,3210.0000,3208.2000,3205.0000,3203.6000,3213.0000,3213.2000,3214.0000,3214.8000,3218.0000,1,7,3,2,1,2,1,1,1,2
SF,IH2012,2020-07-06 09:31:29.600,3211.4000,8738,0,327803220.000,0,-,-,-,-,3210.4000,3210.2000,3210.0000,3208.2000,3205.0000,3213.0000,3214.0000,3214.8000,3218.0000,3218.2000,1,1,7,3,2,2,1,1,2,1
SF,IH2012,2020-07-06 09:31:30.100,3211.4000,8738,0,327803220.000,0,-,-,-,-,3210.6000,3210.4000,3210.0000,3208.2000,3205.0000,3213.0000,3214.0000,3214.8000,3216.8000,3218.0000,1,1,7,3,2,1,1,1,1,2
SF,IH2012,2020-07-06 09:31:30.600,3211.4000,8738,0,327803220.000,0,-,-,-,-,3210.8000,3210.6000,3210.4000,3210.0000,3208.2000,3213.0000,3214.0000,3214.8000,3216.8000,3218.0000,1,1,1,7,3,1,1,1,1,2
SF,IH2012,2020-07-06 09:31:31.100,3213.0000,8738,0,328767120.000,1,0,1,多换,S,3211.0000,3210.8000,3210.4000,3210.0000,3208.2000,3214.0000,3214.8000,3216.8000,3218.0000,3218.2000,1,1,1,7,3,1,1,1,2,1
SF,IH2012,2020-07-06 09:31:31.600,3213.0000,8738,0,328767120.000,0,-,-,-,-,3211.0000,3210.8000,3210.4000,3210.0000,3208.2000,3213.8000,3214.0000,3214.8000,3216.8000,3218.0000,1,1,1,7,3,1,1,1,1,2
SF,IH2012,2020-07-06 09:31:32.100,3211.0000,8736,-2,330693780.000,2,0,2,双平,S,3210.8000,3210.4000,3210.0000,3208.2000,3205.0000,3213.8000,3214.0000,3214.8000,3216.8000,3218.0000,1,1,7,3,2,1,1,1,1,2
SF,IH2012,2020-07-06 09:31:32.600,3211.0000,8736,0,330693780.000,0,-,-,-,-,3210.8000,3210.0000,3208.2000,3205.0000,3203.6000,3213.8000,3214.0000,3214.8000,3216.8000,3218.0000,1,7,3,2,1,1,1,1,1,2
SF,IH2012,2020-07-06 09:31:33.100,3213.8000,8736,0,331657920.000,1,0,1,多换,S,3210.0000,3208.2000,3205.0000,3203.6000,3200.0000,3214.0000,3214.8000,3216.8000,3218.0000,3218.2000,7,3,2,1,1,1,1,1,2,1
SF,IH2012,2020-07-06 09:31:33.600,3213.8000,8736,0,332622060.000,1,0,1,多换,S,3210.4000,3210.2000,3210.0000,3208.2000,3205.0000,3213.4000,3213.6000,3214.0000,3214.8000,3216.8000,1,3,7,3,2,1,1,1,1,1
SF,IH2012,2020-07-06 09:31:34.100,3210.6000,8736,0,333585240.000,1,0,1,多换,S,3210.6000,3210.4000,3210.2000,3210.0000,3208.2000,3213.4000,3213.6000,3214.0000,3214.8000,3216.8000,1,1,2,7,3,1,1,1,1,1
SF,IH2012,2020-07-06 09:31:34.600,3210.4000,8738,2,339365820.000,6,4,2,空开,S,3210.2000,3210.0000,3208.2000,3205.0000,3203.6000,3210.4000,3213.2000,3213.4000,3214.0000,3214.8000,2,7,3,2,1,1,1,1,1,1
SF,IH2012,2020-07-06 09:31:35.100,3213.2000,8737,-1,341292900.000,2,0,2,多平,S,3210.8000,3210.2000,3210.0000,3208.2000,3206.0000,3213.4000,3214.0000,3214.8000,3216.8000,3218.0000,1,2,7,3,1,1,1,1,2,2
SF,IH2012,2020-07-06 09:31:35.600,3213.2000,8737,0,342256860.000,1,0,1,多换,S,3210.8000,3210.2000,3210.0000,3208.2000,3206.0000,3213.0000,3213.2000,3213.4000,3214.0000,3214.8000,1,2,7,3,1,1,1,1,1,1
SF,IH2012,2020-07-06 09:31:36.100,3213.2000,8735,-2,345148740.000,3,0,3,多平,S,3210.8000,3210.0000,3208.2000,3206.0000,3205.0000,3213.4000,3214.0000,3214.8000,3216.8000,3218.0000,1,7,3,1,2,1,1,1,2,2
SF,IH2012,2020-07-06 09:31:36.600,3210.8000,8735,0,347075280.000,2,1,1,多换,S,3210.0000,3208.2000,3206.0000,3205.0000,3203.6000,3210.8000,3213.2000,3213.4000,3214.0000,3214.8000,7,3,1,1,1,4,1,1,1,1
SF,IH2012,2020-07-06 09:31:37.100,3210.2000,8733,-2,352854360.000,6,2,4,多平,S,3210.2000,3210.0000,3208.2000,3206.0000,3205.0000,3210.8000,3213.2000,3213.4000,3214.0000,3214.8000,1,7,3,1,1,1,1,1,1,1
SF,IH2012,2020-07-06 09:31:37.600,3210.8000,8730,-3,356706780.000,4,0,4,多平,S,3210.8000,3210.0000,3208.2000,3206.0000,3205.0000,3213.2000,3213.4000,3214.0000,3214.8000,3216.8000,1,7,3,1,1,1,1,1,1,2
SF,IH2012,2020-07-06 09:31:38.100,3210.8000,8729,-1,357670020.000,1,0,1,双平,S,3210.0000,3208.2000,3206.0000,3205.0000,3203.6000,3213.0000,3213.2000,3213.4000,3214.0000,3214.8000,7,3,1,1,1,1,1,1,1,1
SF,IH2012,2020-07-06 09:31:38.600,3210.8000,8728,-1,358633260.000,1,0,1,双平,S,3210.0000,3208.2000,3206.0000,3205.0000,3203.6000,3210.8000,3212.8000,3213.0000,3213.4000,3214.0000,7,3,1,1,1,1,1,1,1,1
SF,IH2012,2020-07-06 09:31:39.100,3210.8000,8727,-1,359596500.000,1,0,1,双平,S,3210.2000,3210.0000,3208.2000,3206.0000,3205.0000,3210.8000,3212.8000,3213.4000,3214.0000,3214.8000,3,7,3,1,1,6,1,1,1,1
SF,IH2012,2020-07-06 09:31:39.600,3210.8000,8732,5,364412700.000,5,5,0,双开,S,3210.2000,3210.0000,3208.2000,3206.0000,3205.0000,3210.8000,3212.8000,3213.4000,3214.0000,3214.8000,3,7,3,1,1,1,1,1,1,1
SF,IH2012,2020-07-06 09:31:40.100,3210.8000,8732,0,364412700.000,0,-,-,-,-,3210.2000,3210.0000,3208.2000,3206.0000,3205.0000,3210.6000,3210.8000,3212.8000,3213.4000,3214.0000,3,7,3,1,1,1,1,1,1,1
SF,IH2012,2020-07-06 09:31:40.600,3210.2000,8729,-3,368265120.000,4,0,4,多平,S,3210.0000,3208.2000,3206.0000,3205.0000,3203.6000,3210.8000,3212.8000,3213.4000,3214.0000,3214.8000,7,3,1,1,1,1,1,1,1,1
SF,IH2012,2020-07-06 09:31:41.100,3210.8000,8729,0,369228360.000,1,0,1,多换,S,3210.6000,3210.0000,3208.2000,3206.0000,3205.0000,3212.8000,3213.4000,3214.0000,3214.8000,3215.0000,1,7,3,1,1,1,1,1,1,1
SF,IH2012,2020-07-06 09:31:41.600,3210.8000,8729,0,369228360.000,0,-,-,-,-,3210.0000,3208.2000,3206.0000,3205.0000,3203.6000,3210.6000,3212.8000,3213.4000,3214.0000,3214.8000,7,3,1,1,1,1,1,1,1,1
SF,IH2012,2020-07-06 09:31:42.100,3210.6000,8729,0,371154720.000,2,1,1,多换,S,3210.0000,3208.2000,3206.0000,3205.0000,3203.6000,3212.8000,3213.4000,3214.0000,3214.8000,3215.0000,7,3,1,1,1,1,1,1,1,1
SF,IH2012,2020-07-06 09:31:42.600,3210.6000,8729,0,371154720.000,0,-,-,-,-,3210.0000,3208.2000,3206.0000,3205.0000,3203.6000,3212.8000,3213.4000,3214.0000,3214.8000,3215.0000,7,3,1,1,1,3,1,1,1,1
SF,IH2012,2020-07-06 09:31:43.100,3210.6000,8729,0,371154720.000,0,-,-,-,-,3210.0000,3208.2000,3206.0000,3205.0000,3203.6000,3212.6000,3212.8000,3213.0000,3213.4000,3214.0000,7,3,1,1,1,2,3,1,1,1
SF,IH2012,2020-07-06 09:31:43.600,3210.6000,8729,0,371154720.000,0,-,-,-,-,3210.0000,3208.2000,3206.0000,3205.0000,3203.6000,3212.4000,3212.6000,3212.8000,3213.0000,3213.4000,7,3,1,1,1,1,4,2,1,1
SF,IH2012,2020-07-06 09:31:44.100,3210.6000,8729,0,371154720.000,0,-,-,-,-,3210.0000,3208.2000,3206.0000,3205.0000,3203.6000,3212.2000,3212.4000,3212.6000,3212.8000,3213.0000,7,3,1,1,1,2,1,2,2,1
SF,IH2012,2020-07-06 09:31:44.600,3210.6000,8729,0,371154720.000,0,-,-,-,-,3210.0000,3208.2000,3206.0000,3205.0000,3203.6000,3212.0000,3212.2000,3212.6000,3212.8000,3213.0000,7,3,1,1,1,1,2,2,2,1
SF,IH2012,2020-07-06 09:31:45.100,3210.0000,8731,2,374044260.000,3,2,1,空开,S,3210.0000,3208.2000,3206.0000,3205.0000,3203.6000,3211.8000,3212.0000,3212.6000,3212.8000,3213.0000,5,3,1,1,1,2,1,2,2,1
SF,IH2012,2020-07-06 09:31:45.600,3210.0000,8731,0,375007260.000,1,0,1,多换,S,3210.0000,3208.2000,3206.0000,3205.0000,3203.6000,3211.6000,3211.8000,3212.6000,3212.8000,3213.0000,4,3,1,1,1,1,2,2,2,1
SF,IH2012,2020-07-06 09:31:46.100,3211.6000,8730,-1,375970740.000,1,0,1,双平,S,3211.6000,3210.0000,3208.2000,3206.0000,3205.0000,3212.6000,3212.8000,3213.0000,3213.4000,3214.0000,1,4,3,1,1,2,2,1,1,1
SF,IH2012,2020-07-06 09:31:46.600,3210.0000,8729,-1,377897220.000,2,0,2,多平,S,3210.0000,3208.2000,3206.0000,3205.0000,3203.6000,3212.4000,3212.6000,3212.8000,3213.4000,3214.0000,3,3,1,1,1,2,2,2,1,1
SF,IH2012,2020-07-06 09:31:47.100,3210.0000,8728,-1,380786220.000,3,1,2,多平,S,3208.2000,3206.0000,3205.0000,3203.6000,3202.0000,3212.2000,3212.4000,3212.6000,3212.8000,3213.4000,3,1,1,1,1,1,2,2,2,1
SF,IH2012,2020-07-06 09:31:47.600,3210.0000,8728,0,380786220.000,0,-,-,-,-,3210.0000,3208.6000,3208.4000,3208.2000,3206.0000,3211.8000,3212.2000,3212.4000,3213.4000,3214.0000,1,1,3,3,1,1,2,2,1,1
SF,IH2012,2020-07-06 09:31:48.100,3210.0000,8728,0,380786220.000,0,-,-,-,-,3210.0000,3208.6000,3208.4000,3208.2000,3206.0000,3211.6000,3212.2000,3212.4000,3213.4000,3214.0000,1,1,3,3,1,1,1,2,1,1
SF,IH2012,2020-07-06 09:31:48.600,3210.0000,8728,0,380786220.000,0,-,-,-,-,3210.0000,3208.6000,3208.4000,3208.2000,3205.0000,3211.6000,3212.2000,3213.4000,3214.0000,3214.8000,1,1,3,3,1,3,1,1,1,1
SF,IH2012,2020-07-06 09:31:49.100,3210.0000,8728,0,380786220.000,0,-,-,-,-,3210.0000,3208.6000,3208.4000,3208.2000,3205.0000,3211.6000,3212.2000,3213.0000,3213.4000,3214.0000,1,1,3,3,1,3,1,1,1,1
SF,IH2012,2020-07-06 09:31:49.600,3210.0000,8728,0,380786220.000,0,-,-,-,-,3210.0000,3208.6000,3208.4000,3208.2000,3205.0000,3211.6000,3213.0000,3213.4000,3214.0000,3214.8000,1,1,1,3,1,3,1,1,1,1
SF,IH2012,2020-07-06 09:31:50.100,3211.4000,8728,0,383676060.000,3,1,2,多换,S,3208.6000,3208.4000,3208.2000,3205.0000,3203.6000,3210.0000,3211.6000,3213.0000,3213.4000,3214.0000,1,1,3,1,1,1,3,1,1,1
SF,IH2012,2020-07-06 09:31:50.600,3210.0000,8728,0,384639060.000,1,0,1,多换,S,3208.8000,3208.2000,3205.0000,3203.6000,3202.0000,3210.0000,3213.0000,3213.4000,3214.0000,3214.8000,1,3,1,1,1,2,1,1,1,1
SF,IH2012,2020-07-06 09:31:51.100,3210.0000,8728,0,386565060.000,2,1,1,多换,S,3209.0000,3208.2000,3205.0000,3203.6000,3202.0000,3210.0000,3213.0000,3213.4000,3214.0000,3214.8000,1,3,1,1,1,6,1,1,1,1
SF,IH2012,2020-07-06 09:31:51.600,3210.0000,8728,0,391380060.000,5,2,3,多换,S,3209.0000,3208.2000,3205.0000,3203.6000,3202.0000,3210.0000,3213.0000,3213.4000,3214.0000,3214.8000,1,3,1,1,1,1,1,1,1,1
SF,IH2012,2020-07-06 09:31:52.100,3210.0000,8728,0,392343060.000,1,0,1,多换,S,3209.2000,3209.0000,3208.2000,3205.0000,3203.6000,3213.0000,3213.4000,3214.0000,3214.8000,3215.0000,1,1,3,1,1,1,1,1,1,1
SF,IH2012,2020-07-06 09:31:52.600,3210.0000,8728,0,392343060.000,0,-,-,-,-,3209.4000,3209.0000,3208.2000,3205.0000,3203.6000,3212.8000,3213.0000,3214.0000,3214.8000,3215.0000,2,1,3,1,1,2,1,1,1,1
SF,IH2012,2020-07-06 09:31:53.600,3209.4000,8728,0,394268700.000,2,1,1,多换,S,3209.0000,3208.2000,3205.0000,3203.6000,3202.0000,3209.4000,3212.6000,3212.8000,3213.0000,3214.0000,1,3,1,1,1,4,1,1,1,1
SF,IH2012,2020-07-06 09:31:54.100,3209.4000,8728,0,398119980.000,4,2,2,多换,S,3209.4000,3209.0000,3208.2000,3205.0000,3203.6000,3210.0000,3212.6000,3213.0000,3214.0000,3214.8000,1,1,3,1,1,1,1,1,1,1
SF,IH2012,2020-07-06 09:31:54.600,3210.0000,8727,-1,399082980.000,1,0,1,双平,S,3210.2000,3209.0000,3208.2000,3205.0000,3203.6000,3212.6000,3213.0000,3214.0000,3214.8000,3215.0000,1,1,3,1,1,1,1,1,1,1
SF,IH2012,2020-07-06 09:31:55.100,3210.2000,8728,1,400046040.000,1,1,0,双开,S,3210.2000,3210.0000,3208.2000,3205.0000,3203.6000,3212.4000,3212.6000,3213.0000,3214.0000,3214.8000,1,1,3,1,1,2,1,1,1,1
SF,IH2012,2020-07-06 09:31:55.600,3210.2000,8728,0,400046040.000,0,-,-,-,-,3210.2000,3208.2000,3205.0000,3203.6000,3202.0000,3212.2000,3212.4000,3213.0000,3214.0000,3214.8000,1,3,1,1,1,1,2,1,1,1
SF,IH2012,2020-07-06 09:31:56.100,3210.2000,8727,-1,401972700.000,2,0,2,多平,S,3208.2000,3205.0000,3203.6000,3202.0000,3200.0000,3212.0000,3212.2000,3212.4000,3213.0000,3214.0000,3,1,1,1,1,2,1,1,1,1
SF,IH2012,2020-07-06 09:31:56.600,3210.2000,8727,0,401972700.000,0,-,-,-,-,3208.4000,3208.2000,3205.0000,3203.6000,3202.0000,3211.8000,3212.0000,3213.0000,3214.0000,3214.8000,1,3,1,1,1,2,2,1,1,1
SF,IH2012,2020-07-06 09:31:57.100,3210.2000,8727,0,401972700.000,0,-,-,-,-,3210.0000,3208.6000,3208.4000,3208.2000,3205.0000,3211.6000,3211.8000,3213.0000,3214.0000,3214.8000,1,1,1,3,1,1,2,1,1,1
SF,IH2012,2020-07-06 09:31:57.600,3210.2000,8727,0,401972700.000,0,-,-,-,-,3210.0000,3208.6000,3208.4000,3208.2000,3205.0000,3211.4000,3211.6000,3211.8000,3213.0000,3214.0000,1,1,1,3,1,1,1,1,1,1
SF,IH2012,2020-07-06 09:31:58.100,3210.2000,8727,0,401972700.000,0,-,-,-,-,3210.0000,3208.6000,3208.4000,3208.2000,3205.0000,3211.4000,3211.8000,3213.0000,3214.0000,3214.8000,1,1,1,3,1,1,1,1,1,1
SF,IH2012,2020-07-06 09:31:58.600,3210.2000,8727,0,401972700.000,0,-,-,-,-,3210.2000,3210.0000,3208.6000,3208.2000,3205.0000,3211.4000,3211.8000,3213.0000,3214.0000,3214.8000,1,1,1,3,1,1,1,1,1,1
SF,IH2012,2020-07-06 09:31:59.100,3210.2000,8727,0,401972700.000,0,-,-,-,-,3210.2000,3210.0000,3208.2000,3205.0000,3203.6000,3211.4000,3213.0000,3214.0000,3214.8000,3215.0000,1,1,3,1,1,1,1,1,1,1
SF,IH2012,2020-07-06 09:31:59.600,3210.2000,8726,-1,402935760.000,1,0,1,双平,S,3210.0000,3208.2000,3205.0000,3203.6000,3202.0000,3211.4000,3213.0000,3214.0000,3214.8000,3215.0000,1,3,1,1,1,1,1,1,1,1
SF,IH2012,2020-07-06 09:32:00.100,3210.2000,8726,0,402935760.000,0,-,-,-,-,3210.2000,3210.0000,3208.2000,3205.0000,3203.6000,3211.2000,3211.4000,3213.0000,3214.0000,3214.8000,1,1,3,1,1,1,1,1,1,1
SF,IH2012,2020-07-06 09:32:00.600,3210.2000,8725,-1,403898820.000,1,0,1,双平,S,3210.0000,3208.2000,3205.0000,3203.6000,3202.0000,3211.4000,3213.0000,3214.0000,3214.8000,3215.0000,1,3,1,1,1,1,1,1,1,1
SF,IH2012,2020-07-06 09:32:01.600,3211.4000,8724,-1,404862240.000,1,0,1,双平,S,3210.0000,3208.2000,3205.0000,3203.6000,3202.0000,3211.0000,3211.4000,3213.0000,3214.0000,3214.8000,1,3,1,1,1,1,3,1,1,1
SF,IH2012,2020-07-06 09:32:02.100,3211.0000,8723,-1,405825540.000,1,0,1,双平,S,3210.2000,3210.0000,3208.2000,3205.0000,3203.6000,3211.4000,3213.0000,3214.0000,3214.8000,3215.0000,1,1,3,1,1,3,1,1,1,1
SF,IH2012,2020-07-06 09:32:02.600,3210.4000,8722,-1,407752080.000,2,0,2,多平,S,3210.2000,3210.0000,3208.2000,3205.0000,3203.6000,3211.4000,3213.0000,3214.0000,3214.8000,3215.0000,1,1,3,1,1,2,1,1,1,1
SF,IH2012,2020-07-06 09:32:03.100,3210.2000,8721,-1,408715140.000,1,0,1,双平,S,3210.0000,3208.2000,3205.0000,3203.6000,3202.0000,3211.4000,3213.0000,3214.0000,3214.8000,3215.0000,1,3,1,1,1,2,1,1,1,1
SF,IH2012,2020-07-06 09:32:03.600,3210.2000,8721,0,408715140.000,0,-,-,-,-,3210.0000,3208.2000,3205.0000,3203.6000,3202.0000,3211.4000,3213.0000,3214.0000,3214.8000,3215.0000,1,3,1,1,1,2,1,1,1,1
SF,IH2012,2020-07-06 09:32:04.100,3210.2000,8721,0,408715140.000,0,-,-,-,-,3210.0000,3208.2000,3205.0000,3203.6000,3202.0000,3211.2000,3211.4000,3213.0000,3214.0000,3214.8000,1,3,1,1,1,1,2,1,1,1
SF,IH2012,2020-07-06 09:32:04.600,3211.2000,8721,0,409678500.000,1,0,1,多换,S,3211.2000,3210.4000,3210.0000,3208.2000,3205.0000,3211.4000,3213.0000,3214.0000,3214.8000,3215.0000,1,5,1,3,1,2,1,1,1,1
SF,IH2012,2020-07-06 09:32:05.100,3210.4000,8720,-1,414494940.000,5,2,3,多平,S,3210.4000,3210.0000,3208.2000,3205.0000,3203.6000,3211.2000,3213.0000,3214.0000,3214.8000,3215.0000,3,1,3,1,1,1,1,1,1,1
SF,IH2012,2020-07-06 09:32:05.600,3211.0000,8720,0,415458240.000,1,0,1,多换,S,3210.6000,3210.4000,3210.0000,3208.2000,3205.0000,3211.2000,3213.0000,3214.0000,3214.8000,3215.0000,2,3,1,3,1,1,1,1,1,1
SF,IH2012,2020-07-06 09:32:06.100,3210.6000,8718,-2,417384660.000,2,0,2,双平,S,3210.8000,3210.6000,3210.4000,3210.0000,3208.2000,3211.2000,3213.0000,3214.0000,3214.8000,3215.0000,1,1,3,1,3,1,1,1,1,1
SF,IH2012,2020-07-06 09:32:06.600,3210.8000,8715,-3,420274560.000,3,0,3,双平,S,3211.2000,3210.6000,3210.4000,3208.2000,3205.0000,3213.0000,3214.0000,3214.8000,3215.0000,3216.8000,1,1,3,3,1,1,1,1,1,1
SF,IH2012,2020-07-06 09:32:07.100,3210.8000,8715,0,421237800.000,1,0,1,多换,S,3210.4000,3208.2000,3205.0000,3203.6000,3202.0000,3212.8000,3213.0000,3213.8000,3214.0000,3214.8000,3,3,1,1,1,2,1,1,1,1
SF,IH2012,2020-07-06 09:32:07.600,3210.8000,8715,0,421237800.000,0,-,-,-,-,3210.4000,3208.2000,3205.0000,3203.6000,3202.0000,3212.6000,3212.8000,3213.0000,3213.8000,3214.0000,3,3,1,1,1,1,5,1,1,1
SF,IH2012,2020-07-06 09:32:08.100,3211.2000,8716,1,423164280.000,2,1,1,空开,S,3210.4000,3208.2000,3205.0000,3203.6000,3202.0000,3212.4000,3212.6000,3213.0000,3213.8000,3214.0000,2,3,1,1,1,1,1,1,1,1
SF,IH2012,2020-07-06 09:32:09.100,3211.2000,8716,0,423164280.000,0,-,-,-,-,3210.6000,3210.4000,3208.2000,3205.0000,3203.6000,3212.4000,3212.6000,3213.0000,3213.8000,3214.0000,1,2,3,1,1,1,1,1,1,1
SF,IH2012,2020-07-06 09:32:12.100,3211.2000,8716,0,423164280.000,0,-,-,-,-,3210.6000,3210.4000,3208.2000,3205.0000,3203.6000,3212.4000,3212.6000,3213.0000,3213.8000,3214.0000,1,2,3,1,1,1,1,1,1,1
SF,IH2012,2020-07-06 09:32:13.600,3210.6000,8716,0,424127460.000,1,0,1,多换,S,3210.4000,3208.2000,3205.0000,3203.6000,3202.0000,3212.4000,3212.6000,3213.0000,3213.8000,3214.0000,2,3,1,1,1,1,1,1,1,1
SF,IH2012,2020-07-06 09:32:14.100,3210.6000,8716,0,424127460.000,0,-,-,-,-,3210.4000,3208.2000,3205.0000,3203.6000,3202.0000,3212.4000,3212.6000,3213.0000,3213.8000,3214.0000,2,3,1,1,1,1,1,1,1,1
SF,IH2012,2020-07-06 09:32:14.600,3212.4000,8716,0,425091180.000,1,0,1,多换,S,3210.4000,3208.2000,3205.0000,3203.6000,3202.0000,3211.2000,3212.6000,3213.0000,3213.8000,3214.0000,2,3,1,1,1,2,1,1,1,1
SF,IH2012,2020-07-06 09:32:15.100,3211.2000,8714,-2,427017900.000,2,0,2,双平,S,3211.4000,3210.4000,3208.2000,3205.0000,3203.6000,3212.6000,3213.0000,3213.8000,3214.0000,3214.8000,1,2,3,1,1,1,1,1,1,1
SF,IH2012,2020-07-06 09:32:15.600,3211.2000,8713,-1,427981260.000,1,0,1,双平,S,3210.4000,3208.2000,3205.0000,3203.6000,3202.0000,3211.4000,3212.0000,3212.4000,3213.0000,3213.8000,2,3,1,1,1,1,2,1,1,1
SF,IH2012,2020-07-06 09:32:16.100,3211.2000,8714,1,428944620.000,1,1,0,双开,S,3210.4000,3208.2000,3205.0000,3203.6000,3202.0000,3211.4000,3212.0000,3212.4000,3212.8000,3213.0000,2,3,1,1,1,1,2,1,1,1
SF,IH2012,2020-07-06 09:32:17.100,3211.2000,8714,0,428944620.000,0,-,-,-,-,3210.4000,3210.0000,3208.2000,3205.0000,3203.6000,3211.4000,3212.0000,3212.4000,3212.8000,3213.0000,2,1,3,1,1,1,2,1,1,1
SF,IH2012,2020-07-06 09:32:17.600,3210.4000,8714,0,430870860.000,2,1,1,多换,S,3210.0000,3208.2000,3205.0000,3203.6000,3202.0000,3211.0000,3211.4000,3212.0000,3212.4000,3212.8000,1,3,1,1,1,1,1,2,1,1
SF,IH2012,2020-07-06 09:32:18.100,3210.0000,8713,-1,431833860.000,1,0,1,双平,S,3208.2000,3205.0000,3203.6000,3202.0000,3200.0000,3210.8000,3211.0000,3211.4000,3212.0000,3212.4000,3,1,1,1,1,1,1,1,2,1
SF,IH2012,2020-07-06 09:32:18.600,3208.4000,8713,0,432796380.000,1,0,1,多换,S,3208.2000,3205.0000,3203.6000,3202.0000,3200.0000,3210.6000,3210.8000,3211.2000,3211.4000,3212.0000,3,1,1,1,1,1,1,2,1,2
SF,IH2012,2020-07-06 09:32:19.100,3208.4000,8713,0,432796380.000,0,-,-,-,-,3208.2000,3205.0000,3203.6000,3202.0000,3200.0000,3210.4000,3210.6000,3211.2000,3211.4000,3212.0000,3,1,1,1,1,1,1,2,1,2
SF,IH2012,2020-07-06 09:32:19.600,3210.2000,8713,0,433759440.000,1,0,1,多换,S,3208.4000,3208.2000,3205.0000,3203.6000,3202.0000,3210.4000,3211.2000,3211.4000,3212.0000,3212.4000,1,3,1,1,1,1,2,1,2,1
SF,IH2012,2020-07-06 09:32:20.100,3210.2000,8713,0,433759440.000,0,-,-,-,-,3208.4000,3208.2000,3205.0000,3203.6000,3202.0000,3210.4000,3211.2000,3211.4000,3212.0000,3212.4000,1,3,1,1,1,1,2,1,2,1
SF,IH2012,2020-07-06 09:32:20.600,3210.2000,8713,0,433759440.000,0,-,-,-,-,3208.2000,3205.0000,3203.6000,3202.0000,3200.0000,3210.4000,3211.2000,3211.4000,3212.0000,3212.4000,3,1,1,1,1,1,2,1,2,1
SF,IH2012,2020-07-06 09:32:21.600,3210.2000,8713,0,433759440.000,0,-,-,-,-,3208.2000,3205.0000,3203.6000,3202.0000,3200.0000,3209.2000,3210.4000,3211.2000,3211.4000,3212.0000,3,1,1,1,1,1,1,2,1,2
SF,IH2012,2020-07-06 09:32:22.100,3209.2000,8712,-1,434722200.000,1,0,1,双平,S,3208.2000,3205.0000,3203.6000,3202.0000,3200.0000,3210.4000,3211.2000,3211.4000,3212.0000,3212.4000,3,1,1,1,1,1,2,1,2,1
SF,IH2012,2020-07-06 09:32:23.100,3209.2000,8712,0,434722200.000,0,-,-,-,-,3208.2000,3205.0000,3204.6000,3203.6000,3202.0000,3210.4000,3211.2000,3211.4000,3212.0000,3212.4000,3,1,1,1,1,1,2,1,2,1
SF,IH2012,2020-07-06 09:32:25.600,3209.2000,8712,0,434722200.000,0,-,-,-,-,3208.2000,3205.0000,3204.6000,3203.6000,3202.0000,3210.4000,3211.2000,3211.4000,3212.0000,3212.4000,4,1,1,1,1,1,2,1,2,1
SF,IH2012,2020-07-06 09:32:26.100,3209.2000,8712,0,434722200.000,0,-,-,-,-,3208.4000,3208.2000,3205.0000,3203.6000,3202.0000,3210.4000,3211.2000,3211.4000,3212.0000,3212.4000,3,4,1,1,1,1,2,1,2,1
SF,IH2012,2020-07-06 09:32:26.600,3210.4000,8712,0,436647840.000,2,1,1,多换,S,3208.4000,3208.2000,3205.0000,3203.6000,3202.0000,3211.2000,3211.4000,3212.0000,3212.4000,3213.0000,2,4,1,1,1,2,1,2,1,1
SF,IH2012,2020-07-06 09:32:27.100,3210.4000,8712,0,436647840.000,0,-,-,-,-,3208.4000,3208.2000,3205.0000,3203.6000,3202.0000,3211.0000,3211.2000,3211.4000,3212.0000,3213.0000,2,4,1,1,1,2,2,1,2,1
SF,IH2012,2020-07-06 09:32:27.600,3210.4000,8712,0,436647840.000,0,-,-,-,-,3208.4000,3208.2000,3205.0000,3203.6000,3202.0000,3211.0000,3211.2000,3211.4000,3211.8000,3212.0000,2,4,1,1,1,2,2,1,1,2
SF,IH2012,2020-07-06 09:32:28.100,3208.4000,8711,-1,437610360.000,1,0,1,双平,S,3208.6000,3208.2000,3205.0000,3203.6000,3202.0000,3211.0000,3211.2000,3211.4000,3211.8000,3212.0000,1,4,1,1,1,2,2,1,1,2
SF,IH2012,2020-07-06 09:32:29.600,3208.4000,8711,0,437610360.000,0,-,-,-,-,3208.6000,3208.2000,3205.0000,3203.6000,3202.0000,3211.0000,3211.2000,3211.4000,3211.8000,3212.0000,1,4,1,1,1,2,2,1,1,2
SF,IH2012,2020-07-06 09:32:30.100,3208.4000,8711,0,437610360.000,0,-,-,-,-,3208.8000,3208.6000,3208.2000,3205.0000,3203.6000,3211.0000,3211.2000,3211.4000,3211.8000,3212.0000,1,1,4,1,1,2,2,1,1,2
SF,IH2012,2020-07-06 09:32:30.600,3208.6000,8711,0,438572940.000,1,0,1,多换,S,3208.6000,3208.2000,3205.0000,3203.6000,3202.0000,3211.0000,3211.2000,3211.4000,3211.8000,3212.0000,1,4,1,1,1,2,2,1,1,2
SF,IH2012,2020-07-06 09:32:31.600,3208.6000,8711,0,438572940.000,0,-,-,-,-,3209.0000,3208.6000,3208.2000,3205.0000,3203.6000,3211.0000,3211.2000,3211.4000,3211.8000,3212.0000,1,1,4,1,1,2,2,1,1,2
SF,IH2012,2020-07-06 09:32:32.100,3208.6000,8711,0,439535520.000,1,0,1,多换,S,3208.6000,3208.2000,3205.0000,3203.6000,3202.0000,3210.8000,3211.0000,3211.2000,3211.4000,3212.0000,1,4,1,1,1,1,2,2,1,2
SF,IH2012,2020-07-06 09:32:32.600,3208.6000,8711,0,440498100.000,1,0,1,多换,S,3208.2000,3205.0000,3203.6000,3202.0000,3200.0000,3208.6000,3210.6000,3210.8000,3211.2000,3211.4000,4,1,1,1,1,1,2,2,2,1
SF,IH2012,2020-07-06 09:32:33.100,3208.6000,8710,-1,441460680.000,1,0,1,双平,S,3208.6000,3208.2000,3205.0000,3203.6000,3202.0000,3210.6000,3210.8000,3211.2000,3212.0000,3214.0000,3,4,1,1,1,2,2,2,3,1
SF,IH2012,2020-07-06 09:32:33.600,3208.6000,8710,0,441460680.000,0,-,-,-,-,3208.6000,3208.2000,3205.0000,3203.6000,3202.0000,3210.6000,3210.8000,3211.2000,3212.0000,3214.0000,1,4,1,1,1,2,2,2,3,1
SF,IH2012,2020-07-06 09:32:34.100,3208.6000,8710,0,441460680.000,0,-,-,-,-,3208.6000,3208.2000,3205.0000,3203.6000,3202.0000,3210.6000,3210.8000,3211.2000,3212.0000,3214.0000,1,4,1,1,1,2,2,2,3,1
SF,IH2012,2020-07-06 09:32:34.600,3208.6000,8710,0,442423260.000,1,0,1,多换,S,3208.2000,3205.0000,3203.6000,3202.0000,3200.0000,3210.6000,3210.8000,3211.2000,3212.0000,3214.0000,4,1,1,1,1,1,2,2,3,1
SF,IH2012,2020-07-06 09:32:35.100,3208.6000,8710,0,442423260.000,0,-,-,-,-,3208.2000,3205.0000,3203.6000,3202.0000,3200.0000,3210.4000,3210.6000,3210.8000,3211.2000,3212.0000,4,1,1,1,1,1,1,2,2,3
SF,IH2012,2020-07-06 09:32:35.600,3208.6000,8711,1,443385840.000,1,1,0,双开,S,3208.2000,3205.0000,3203.6000,3202.0000,3200.0000,3210.2000,3210.4000,3210.8000,3211.2000,3212.0000,4,1,1,1,1,1,1,2,2,3
SF,IH2012,2020-07-06 09:32:36.100,3208.6000,8711,0,443385840.000,0,-,-,-,-,3208.2000,3205.0000,3203.6000,3202.0000,3200.0000,3210.0000,3210.2000,3210.8000,3211.2000,3212.0000,4,1,1,1,1,1,1,2,2,3
SF,IH2012,2020-07-06 09:32:36.600,3210.0000,8710,-1,444348840.000,1,0,1,双平,S,3208.2000,3205.0000,3203.6000,3202.0000,3200.0000,3210.2000,3210.6000,3210.8000,3211.2000,3212.0000,4,1,1,1,1,1,1,2,2,3
SF,IH2012,2020-07-06 09:32:37.100,3210.0000,8710,0,444348840.000,0,-,-,-,-,3208.2000,3205.4000,3205.0000,3203.6000,3202.0000,3210.0000,3210.2000,3210.6000,3210.8000,3211.2000,4,1,1,1,1,1,1,1,2,2
SF,IH2012,2020-07-06 09:32:37.600,3208.2000,8710,0,448198680.000,4,2,2,多换,S,3205.0000,3203.6000,3202.0000,3200.0000,3199.6000,3209.2000,3210.0000,3210.2000,3210.6000,3210.8000,1,1,1,1,1,1,1,1,1,2
SF,IH2012,2020-07-06 09:32:38.100,3208.2000,8710,0,448198680.000,0,-,-,-,-,3205.4000,3205.2000,3205.0000,3203.6000,3202.0000,3209.0000,3210.6000,3210.8000,3211.2000,3212.0000,1,6,1,1,1,2,1,2,2,3
SF,IH2012,2020-07-06 09:32:38.600,3208.2000,8710,0,448198680.000,0,-,-,-,-,3205.6000,3205.4000,3205.2000,3205.0000,3203.6000,3209.0000,3210.6000,3210.8000,3211.2000,3212.0000,3,1,4,1,1,2,1,2,2,3
SF,IH2012,2020-07-06 09:32:39.100,3208.2000,8710,0,448198680.000,0,-,-,-,-,3208.8000,3205.6000,3205.4000,3205.2000,3205.0000,3209.0000,3210.6000,3210.8000,3211.2000,3212.0000,1,2,1,4,1,2,1,2,2,3
SF,IH2012,2020-07-06 09:32:39.600,3208.8000,8709,-1,451086600.000,3,1,2,多平,S,3209.0000,3206.8000,3205.6000,3205.4000,3205.2000,3210.6000,3210.8000,3211.2000,3212.0000,3214.0000,2,1,1,1,4,1,2,2,3,1
SF,IH2012,2020-07-06 09:32:40.100,3209.0000,8709,0,453012000.000,2,1,1,多换,S,3206.8000,3205.6000,3205.4000,3205.2000,3205.0000,3208.8000,3209.6000,3210.4000,3210.6000,3210.8000,1,1,1,4,1,1,1,1,1,2
SF,IH2012,2020-07-06 09:32:40.600,3209.0000,8709,0,453012000.000,0,-,-,-,-,3206.8000,3205.8000,3205.6000,3205.4000,3205.2000,3208.6000,3208.8000,3210.4000,3210.6000,3210.8000,1,1,1,1,4,1,1,4,1,2
SF,IH2012,2020-07-06 09:32:41.100,3209.0000,8709,0,453012000.000,0,-,-,-,-,3207.0000,3206.8000,3205.8000,3205.6000,3205.4000,3208.6000,3210.4000,3210.6000,3210.8000,3211.2000,1,1,1,1,1,1,3,1,2,2
SF,IH2012,2020-07-06 09:32:41.600,3209.0000,8709,0,453012000.000,0,-,-,-,-,3207.0000,3205.8000,3205.6000,3205.4000,3205.2000,3208.6000,3210.4000,3210.6000,3210.8000,3211.2000,1,1,1,1,4,1,3,1,2,2
SF,IH2012,2020-07-06 09:32:42.100,3207.0000,8709,0,453974100.000,1,0,1,多换,S,3207.6000,3205.8000,3205.6000,3205.4000,3205.2000,3210.4000,3210.6000,3210.8000,3211.2000,3212.0000,1,1,1,1,4,3,1,2,2,3
SF,IH2012,2020-07-06 09:32:42.600,3207.6000,8708,-1,454936380.000,1,0,1,双平,S,3205.8000,3205.6000,3205.4000,3205.2000,3205.0000,3207.6000,3208.2000,3210.0000,3210.2000,3210.6000,1,1,1,4,1,1,1,1,3,1
SF,IH2012,2020-07-06 09:32:43.100,3207.6000,8708,0,454936380.000,0,-,-,-,-,3205.8000,3205.2000,3205.0000,3203.6000,3202.0000,3207.6000,3210.0000,3210.2000,3210.6000,3210.8000,1,4,1,1,1,1,1,3,1,2
SF,IH2012,2020-07-06 09:32:43.600,3207.6000,8708,0,454936380.000,0,-,-,-,-,3205.8000,3205.0000,3203.6000,3202.0000,3200.0000,3207.4000,3207.6000,3210.2000,3210.6000,3210.8000,1,1,1,1,1,1,1,3,1,2
SF,IH2012,2020-07-06 09:32:44.100,3207.6000,8708,0,454936380.000,0,-,-,-,-,3205.8000,3205.0000,3203.6000,3202.0000,3200.0000,3207.4000,3207.6000,3210.2000,3210.6000,3210.8000,1,1,1,1,1,1,1,1,1,2
SF,IH2012,2020-07-06 09:32:44.600,3207.6000,8708,0,454936380.000,0,-,-,-,-,3205.8000,3205.0000,3203.6000,3202.0000,3200.0000,3206.4000,3207.4000,3207.6000,3210.2000,3210.6000,1,1,1,1,1,1,1,1,1,1
SF,IH2012,2020-07-06 09:32:45.100,3207.4000,8707,-1,456860520.000,2,0,2,多平,S,3205.8000,3205.0000,3203.6000,3202.0000,3200.0000,3207.6000,3210.2000,3210.6000,3210.8000,3211.2000,1,1,1,1,1,1,1,1,2,2
SF,IH2012,2020-07-06 09:32:45.600,3205.8000,8706,-1,457822260.000,1,0,1,双平,S,3205.0000,3203.6000,3202.0000,3200.0000,3199.6000,3207.4000,3207.6000,3210.2000,3210.6000,3210.8000,1,1,1,1,1,1,1,1,1,2
SF,IH2012,2020-07-06 09:32:46.100,3205.8000,8706,0,457822260.000,0,-,-,-,-,3205.0000,3203.6000,3202.0000,3200.0000,3199.6000,3207.2000,3207.4000,3207.6000,3210.6000,3210.8000,1,1,1,1,1,1,1,1,1,2
SF,IH2012,2020-07-06 09:32:46.600,3205.8000,8706,0,457822260.000,0,-,-,-,-,3205.0000,3203.6000,3202.0000,3200.0000,3199.6000,3207.0000,3207.2000,3207.6000,3210.6000,3210.8000,1,1,1,1,1,1,1,1,1,2
SF,IH2012,2020-07-06 09:32:47.100,3205.8000,8706,0,457822260.000,0,-,-,-,-,3205.2000,3205.0000,3203.6000,3202.0000,3200.0000,3207.0000,3207.2000,3207.6000,3210.6000,3210.8000,1,1,1,1,1,1,1,1,1,2
SF,IH2012,2020-07-06 09:32:47.600,3205.8000,8706,0,457822260.000,0,-,-,-,-,3205.2000,3205.0000,3203.6000,3202.0000,3200.0000,3207.2000,3207.6000,3210.6000,3210.8000,3211.2000,1,1,1,1,1,1,1,1,2,2
SF,IH2012,2020-07-06 09:32:49.100,3207.6000,8706,0,459746700.000,2,1,1,多换,S,3205.4000,3205.2000,3205.0000,3203.6000,3202.0000,3205.8000,3209.0000,3210.6000,3210.8000,3211.2000,1,1,1,1,1,1,1,1,2,2
SF,IH2012,2020-07-06 09:32:49.600,3205.8000,8705,-1,460708440.000,1,0,1,双平,S,3206.0000,3205.8000,3205.4000,3205.0000,3203.6000,3209.0000,3210.0000,3210.6000,3210.8000,3211.2000,7,1,1,1,1,1,1,1,2,2
SF,IH2012,2020-07-06 09:32:50.100,3205.8000,8705,0,460708440.000,0,-,-,-,-,3206.2000,3206.0000,3205.0000,3203.6000,3202.0000,3208.8000,3209.0000,3210.0000,3210.6000,3210.8000,3,7,1,1,1,1,1,1,1,2
SF,IH2012,2020-07-06 09:32:50.600,3205.8000,8705,0,460708440.000,0,-,-,-,-,3206.2000,3206.0000,3205.0000,3203.6000,3202.0000,3208.8000,3209.0000,3210.0000,3210.6000,3210.8000,3,6,1,1,1,1,1,1,1,2
SF,IH2012,2020-07-06 09:32:51.100,3205.8000,8705,0,460708440.000,0,-,-,-,-,3206.2000,3206.0000,3205.0000,3203.6000,3202.0000,3206.8000,3208.8000,3209.0000,3210.0000,3210.6000,2,6,1,1,1,1,1,1,1,1
SF,IH2012,2020-07-06 09:32:51.600,3206.8000,8704,-1,461670480.000,1,0,1,双平,S,3206.8000,3206.2000,3206.0000,3205.0000,3203.6000,3208.8000,3209.0000,3210.0000,3210.6000,3210.8000,1,1,6,1,1,1,1,1,1,2
SF,IH2012,2020-07-06 09:32:52.100,3208.6000,8703,-1,462633060.000,1,0,1,双平,S,3206.0000,3205.0000,3203.6000,3202.0000,3200.0000,3208.6000,3208.8000,3209.0000,3210.0000,3210.6000,6,1,1,1,1,1,1,1,1,1
SF,IH2012,2020-07-06 09:32:52.600,3208.6000,8703,0,462633060.000,0,-,-,-,-,3206.0000,3205.0000,3203.6000,3202.0000,3200.0000,3208.4000,3208.6000,3209.0000,3210.0000,3210.6000,6,1,1,1,1,1,1,1,1,1
SF,IH2012,2020-07-06 09:32:53.100,3208.6000,8703,0,462633060.000,0,-,-,-,-,3206.0000,3205.0000,3203.6000,3202.0000,3200.0000,3208.4000,3209.0000,3210.0000,3210.6000,3210.8000,6,1,1,1,1,3,1,1,1,2
SF,IH2012,2020-07-06 09:32:53.600,3208.6000,8703,0,462633060.000,0,-,-,-,-,3206.0000,3205.0000,3203.6000,3202.0000,3200.0000,3207.2000,3208.4000,3209.0000,3210.0000,3210.4000,6,1,1,1,1,1,3,1,1,1
SF,IH2012,2020-07-06 09:32:54.100,3208.6000,8703,0,462633060.000,0,-,-,-,-,3206.0000,3205.0000,3203.6000,3202.0000,3200.0000,3207.2000,3208.4000,3209.0000,3210.0000,3210.4000,6,1,1,1,1,1,1,1,1,1
SF,IH2012,2020-07-06 09:32:54.600,3208.6000,8703,0,462633060.000,0,-,-,-,-,3206.0000,3205.8000,3205.0000,3203.6000,3202.0000,3207.2000,3208.4000,3209.0000,3210.0000,3210.6000,6,1,1,1,1,1,1,1,1,1
SF,IH2012,2020-07-06 09:32:55.600,3208.6000,8703,0,462633060.000,0,-,-,-,-,3206.0000,3205.8000,3205.0000,3203.6000,3202.0000,3207.2000,3208.4000,3209.0000,3210.0000,3210.6000,6,1,1,1,1,1,1,1,1,2
SF,IH2012,2020-07-06 09:32:56.100,3208.6000,8703,0,462633060.000,0,-,-,-,-,3206.0000,3205.8000,3205.0000,3203.6000,3202.0000,3207.2000,3208.4000,3209.0000,3210.0000,3210.6000,6,1,1,1,1,1,1,1,1,2
SF,IH2012,2020-07-06 09:32:56.600,3208.6000,8703,0,462633060.000,0,-,-,-,-,3206.0000,3205.8000,3205.0000,3203.6000,3202.0000,3207.2000,3208.4000,3209.0000,3210.0000,3210.6000,6,1,1,1,1,1,1,1,1,2
SF,IH2012,2020-07-06 09:32:57.100,3207.2000,8703,0,463595220.000,1,0,1,多换,S,3206.0000,3205.8000,3205.0000,3203.6000,3202.0000,3207.0000,3208.4000,3209.0000,3210.0000,3210.6000,6,1,1,1,1,1,1,1,1,1
SF,IH2012,2020-07-06 09:32:57.600,3207.2000,8703,0,464557380.000,1,0,1,多换,S,3207.0000,3206.0000,3205.8000,3205.0000,3203.6000,3208.4000,3209.0000,3210.0000,3210.6000,3210.8000,1,6,1,1,1,1,1,1,1,1
SF,IH2012,2020-07-06 09:32:58.100,3207.2000,8703,0,464557380.000,0,-,-,-,-,3206.0000,3205.8000,3205.0000,3203.6000,3202.0000,3208.2000,3208.4000,3209.0000,3210.0000,3210.2000,6,2,1,1,1,1,1,1,1,1
SF,IH2012,2020-07-06 09:32:58.600,3207.2000,8703,0,464557380.000,0,-,-,-,-,3206.0000,3205.8000,3205.0000,3204.6000,3203.6000,3208.0000,3208.2000,3209.0000,3210.0000,3210.2000,6,2,1,1,1,1,1,1,1,1
SF,IH2012,2020-07-06 09:32:59.100,3207.2000,8703,0,464557380.000,0,-,-,-,-,3206.0000,3205.8000,3205.0000,3204.6000,3203.6000,3208.0000,3209.0000,3210.0000,3210.6000,3210.8000,6,2,1,1,1,1,1,1,1,1
SF,IH2012,2020-07-06 09:32:59.600,3207.2000,8703,0,464557380.000,0,-,-,-,-,3208.0000,3206.2000,3206.0000,3205.8000,3205.0000,3209.0000,3210.0000,3210.6000,3210.8000,3211.2000,1,1,6,2,1,1,1,1,1,2
SF,IH2012,2020-07-06 09:33:00.100,3208.8000,8699,-4,468407700.000,4,0,4,双平,S,3206.2000,3206.0000,3205.8000,3205.0000,3203.6000,3209.0000,3210.0000,3210.6000,3210.8000,3211.2000,1,6,2,1,1,1,1,1,1,2
SF,IH2012,2020-07-06 09:33:00.600,3208.8000,8699,0,468407700.000,0,-,-,-,-,3206.4000,3206.2000,3206.0000,3205.8000,3205.0000,3209.0000,3210.0000,3210.2000,3210.6000,3210.8000,2,1,6,2,1,1,1,1,1,1
SF,IH2012,2020-07-06 09:33:01.100,3209.0000,8698,-1,469370400.000,1,0,1,双平,S,3209.0000,3206.6000,3206.4000,3206.0000,3205.8000,3210.0000,3210.2000,3210.6000,3210.8000,3211.2000,1,1,2,6,2,1,1,1,1,2
SF,IH2012,2020-07-06 09:33:01.600,3209.0000,8698,0,470333100.000,1,0,1,多换,S,3206.6000,3206.4000,3206.0000,3205.8000,3205.0000,3210.0000,3210.6000,3210.8000,3211.2000,3212.0000,1,2,6,1,1,1,1,1,2,1
SF,IH2012,2020-07-06 09:33:02.100,3209.0000,8698,0,470333100.000,0,-,-,-,-,3206.8000,3206.6000,3206.0000,3205.8000,3205.0000,3210.0000,3210.6000,3210.8000,3211.2000,3212.0000,3,1,6,1,1,1,1,1,2,1
SF,IH2012,2020-07-06 09:33:02.600,3209.0000,8698,0,470333100.000,0,-,-,-,-,3207.0000,3206.8000,3206.0000,3205.8000,3205.0000,3210.0000,3210.2000,3210.6000,3210.8000,3211.2000,1,3,6,1,1,1,1,1,1,2
SF,IH2012,2020-07-06 09:33:03.100,3209.0000,8698,0,470333100.000,0,-,-,-,-,3207.2000,3207.0000,3206.0000,3205.8000,3205.0000,3209.8000,3210.0000,3210.2000,3210.6000,3210.8000,3,1,6,1,1,2,1,1,1,1
SF,IH2012,2020-07-06 09:33:03.600,3209.0000,8698,0,470333100.000,0,-,-,-,-,3207.4000,3207.2000,3206.0000,3205.8000,3205.0000,3209.8000,3210.0000,3210.2000,3210.6000,3210.8000,1,3,6,1,1,1,1,1,1,1
SF,IH2012,2020-07-06 09:33:04.100,3209.0000,8698,0,470333100.000,0,-,-,-,-,3207.6000,3206.0000,3205.8000,3205.0000,3203.6000,3209.8000,3210.0000,3210.6000,3210.8000,3211.2000,3,6,1,1,1,1,1,1,1,2
SF,IH2012,2020-07-06 09:33:04.600,3207.6000,8697,-1,472258260.000,2,0,2,多平,S,3207.6000,3206.0000,3205.8000,3205.0000,3203.6000,3209.6000,3209.8000,3210.0000,3210.6000,3210.8000,2,6,1,1,1,1,1,1,1,1
SF,IH2012,2020-07-06 09:33:05.100,3207.6000,8697,0,472258260.000,0,-,-,-,-,3207.8000,3207.6000,3206.0000,3205.8000,3205.0000,3209.4000,3209.6000,3209.8000,3210.0000,3210.2000,1,2,6,1,1,1,1,1,1,1
SF,IH2012,2020-07-06 09:33:06.100,3207.6000,8697,0,472258260.000,0,-,-,-,-,3207.8000,3207.6000,3207.0000,3206.0000,3205.8000,3209.4000,3209.6000,3209.8000,3210.0000,3210.6000,1,1,1,6,1,1,1,1,1,1
SF,IH2012,2020-07-06 09:33:07.100,3207.6000,8696,-1,473220540.000,1,0,1,双平,S,3207.6000,3207.0000,3206.0000,3205.8000,3205.0000,3209.4000,3209.6000,3209.8000,3210.0000,3210.6000,1,1,6,1,1,1,1,1,1,1
SF,IH2012,2020-07-06 09:33:07.600,3207.6000,8696,0,473220540.000,0,-,-,-,-,3207.8000,3207.6000,3207.0000,3206.0000,3205.8000,3209.4000,3209.6000,3209.8000,3210.0000,3210.4000,1,1,1,6,1,1,1,1,1,1
SF,IH2012,2020-07-06 09:33:08.100,3207.6000,8696,0,473220540.000,0,-,-,-,-,3207.6000,3207.0000,3206.0000,3205.8000,3205.0000,3207.8000,3209.4000,3209.6000,3209.8000,3210.0000,1,1,6,1,1,1,1,1,1,1
SF,IH2012,2020-07-06 09:33:08.600,3209.4000,8694,-2,476107980.000,3,0,3,多平,S,3209.4000,3207.8000,3207.0000,3206.0000,3205.8000,3209.6000,3209.8000,3210.0000,3210.6000,3210.8000,1,1,1,6,1,1,1,1,1,1
SF,IH2012,2020-07-06 09:33:09.100,3209.4000,8694,0,477070800.000,1,0,1,多换,S,3207.0000,3206.0000,3205.8000,3205.0000,3203.6000,3209.0000,3209.2000,3209.8000,3210.0000,3210.6000,1,6,1,1,1,1,1,1,1,1
SF,IH2012,2020-07-06 09:33:09.600,3209.4000,8694,0,477070800.000,0,-,-,-,-,3207.2000,3207.0000,3206.0000,3205.8000,3205.0000,3209.2000,3209.8000,3210.0000,3210.4000,3210.6000,2,1,6,1,1,1,1,1,1,1
SF,IH2012,2020-07-06 09:33:10.100,3209.4000,8694,0,477070800.000,0,-,-,-,-,3207.4000,3207.2000,3207.0000,3206.0000,3205.8000,3209.2000,3210.0000,3210.4000,3210.6000,3210.8000,1,2,1,6,1,1,1,1,1,1
SF,IH2012,2020-07-06 09:33:10.600,3209.4000,8694,0,477070800.000,0,-,-,-,-,3207.6000,3207.0000,3206.0000,3205.8000,3205.0000,3209.2000,3210.0000,3210.4000,3210.6000,3210.8000,1,1,6,1,1,1,1,1,1,1
SF,IH2012,2020-07-06 09:33:11.100,3209.4000,8694,0,477070800.000,0,-,-,-,-,3207.6000,3207.0000,3206.0000,3205.8000,3205.0000,3209.2000,3210.0000,3210.6000,3210.8000,3211.2000,1,1,6,1,1,1,1,1,1,2
SF,IH2012,2020-07-06 09:33:11.600,3209.4000,8694,0,477070800.000,0,-,-,-,-,3207.6000,3207.0000,3206.0000,3205.8000,3205.0000,3209.0000,3209.2000,3210.0000,3210.6000,3210.8000,1,1,6,1,1,1,1,1,1,1
SF,IH2012,2020-07-06 09:33:12.100,3207.6000,8693,-1,478033080.000,1,0,1,双平,S,3207.0000,3206.0000,3205.8000,3205.0000,3203.6000,3208.8000,3209.0000,3210.0000,3210.4000,3210.6000,1,6,1,1,1,1,1,1,1,1
SF,IH2012,2020-07-06 09:33:12.600,3207.6000,8693,0,478033080.000,0,-,-,-,-,3207.0000,3206.0000,3205.8000,3205.0000,3203.6000,3208.6000,3208.8000,3209.0000,3210.0000,3210.4000,1,6,1,1,1,1,1,1,1,1
SF,IH2012,2020-07-06 09:33:13.100,3207.6000,8693,0,478033080.000,0,-,-,-,-,3207.0000,3206.0000,3205.8000,3205.0000,3203.6000,3208.4000,3208.6000,3209.0000,3210.0000,3210.6000,1,6,1,1,1,1,1,1,8,1
SF,IH2012,2020-07-06 09:33:13.600,3207.0000,8693,0,478995180.000,1,0,1,多换,S,3206.0000,3205.8000,3205.0000,3203.6000,3202.0000,3207.0000,3208.6000,3209.0000,3210.0000,3210.6000,6,1,1,1,1,1,1,1,8,1
SF,IH2012,2020-07-06 09:33:14.100,3207.0000,8693,0,478995180.000,0,-,-,-,-,3206.0000,3205.8000,3205.0000,3203.6000,3202.0000,3210.0000,3210.6000,3210.8000,3211.2000,3212.0000,6,1,1,1,1,8,1,1,2,1
SF,IH2012,2020-07-06 09:33:14.600,3209.6000,8693,0,479958060.000,1,0,1,多换,S,3206.2000,3206.0000,3205.8000,3205.0000,3203.6000,3209.8000,3210.0000,3210.4000,3210.6000,3210.8000,1,6,1,1,1,7,8,1,1,1
SF,IH2012,2020-07-06 09:33:15.100,3209.6000,8693,0,479958060.000,0,-,-,-,-,3207.8000,3206.2000,3206.0000,3205.8000,3205.0000,3209.8000,3210.0000,3210.4000,3210.6000,3210.8000,1,1,6,1,1,7,8,1,1,1
SF,IH2012,2020-07-06 09:33:15.600,3207.8000,8692,-1,480920400.000,1,0,1,双平,S,3206.2000,3206.0000,3205.8000,3205.0000,3203.6000,3209.8000,3210.0000,3210.4000,3210.6000,3210.8000,1,6,1,1,1,5,8,1,1,1
SF,IH2012,2020-07-06 09:33:16.100,3207.8000,8692,0,480920400.000,0,-,-,-,-,3206.4000,3206.2000,3206.0000,3205.8000,3205.0000,3209.6000,3209.8000,3210.0000,3210.6000,3210.8000,2,1,6,1,1,1,5,8,1,1
SF,IH2012,2020-07-06 09:33:16.600,3207.8000,8692,0,480920400.000,0,-,-,-,-,3206.4000,3206.2000,3206.0000,3205.8000,3205.0000,3209.4000,3209.6000,3209.8000,3210.0000,3210.6000,2,1,6,1,1,2,1,3,8,1
SF,IH2012,2020-07-06 09:33:17.100,3207.8000,8692,0,480920400.000,0,-,-,-,-,3206.4000,3206.2000,3206.0000,3205.8000,3205.0000,3209.2000,3209.4000,3209.8000,3210.0000,3210.4000,1,1,6,1,1,3,2,4,8,1
SF,IH2012,2020-07-06 09:33:17.600,3207.8000,8692,0,480920400.000,0,-,-,-,-,3206.2000,3206.0000,3205.8000,3205.0000,3203.6000,3209.0000,3209.2000,3209.8000,3210.0000,3210.4000,1,6,1,1,1,2,3,4,8,1
SF,IH2012,2020-07-06 09:33:18.100,3207.8000,8692,0,480920400.000,0,-,-,-,-,3206.2000,3206.0000,3205.8000,3205.0000,3203.6000,3208.8000,3209.0000,3209.2000,3209.8000,3210.0000,1,6,1,1,1,2,2,2,4,8
SF,IH2012,2020-07-06 09:33:18.600,3207.8000,8692,0,480920400.000,0,-,-,-,-,3206.0000,3205.8000,3205.0000,3203.6000,3202.0000,3208.6000,3208.8000,3209.0000,3209.2000,3209.8000,6,1,1,1,1,1,2,1,2,4
SF,IH2012,2020-07-06 09:33:19.100,3207.8000,8692,0,480920400.000,0,-,-,-,-,3206.6000,3206.0000,3205.8000,3205.0000,3203.6000,3208.4000,3208.6000,3208.8000,3209.0000,3209.2000,4,6,1,1,1,1,1,1,1,2
SF,IH2012,2020-07-06 09:33:19.600,3207.8000,8692,0,480920400.000,0,-,-,-,-,3206.6000,3206.0000,3205.8000,3205.0000,3203.6000,3208.4000,3208.6000,3208.8000,3209.0000,3209.2000,4,6,1,1,1,1,1,1,1,2
SF,IH2012,2020-07-06 09:33:20.600,3206.6000,8693,1,481882380.000,1,1,0,双开,S,3206.6000,3206.0000,3205.8000,3205.0000,3203.6000,3208.4000,3208.6000,3208.8000,3209.0000,3209.2000,3,6,1,1,1,1,1,1,1,2
SF,IH2012,2020-07-06 09:33:21.100,3206.6000,8693,0,481882380.000,0,-,-,-,-,3206.6000,3206.0000,3205.8000,3205.0000,3203.6000,3208.4000,3208.6000,3208.8000,3209.0000,3209.2000,3,6,1,1,1,1,1,1,1,2
SF,IH2012,2020-07-06 09:33:21.600,3206.6000,8692,-1,482844360.000,1,0,1,双平,S,3206.6000,3206.0000,3205.8000,3205.0000,3203.6000,3208.4000,3208.6000,3208.8000,3209.0000,3209.8000,3,6,1,1,1,1,1,1,1,1
SF,IH2012,2020-07-06 09:33:22.100,3208.6000,8691,-1,484769460.000,2,0,2,多平,S,3208.8000,3208.6000,3206.6000,3206.0000,3205.8000,3209.0000,3209.8000,3210.0000,3210.4000,3210.6000,1,1,3,6,1,1,1,8,1,1
SF,IH2012,2020-07-06 09:33:22.600,3209.0000,8689,-2,486694800.000,2,0,2,双平,S,3209.0000,3208.6000,3206.6000,3206.0000,3205.8000,3209.8000,3210.0000,3210.4000,3210.6000,3210.8000,1,1,3,6,1,1,8,1,1,1
SF,IH2012,2020-07-06 09:33:23.100,3209.0000,8688,-1,487657500.000,1,0,1,双平,S,3208.6000,3206.6000,3206.0000,3205.8000,3205.0000,3209.6000,3209.8000,3210.0000,3210.2000,3210.4000,1,3,6,1,1,1,1,8,1,1
SF,IH2012,2020-07-06 09:33:23.600,3209.6000,8687,-1,488620380.000,1,0,1,双平,S,3208.6000,3207.6000,3206.6000,3206.0000,3205.8000,3209.8000,3210.0000,3210.2000,3210.6000,3210.8000,1,1,3,6,1,1,8,1,1,1
SF,IH2012,2020-07-06 09:33:24.100,3209.6000,8687,0,488620380.000,0,-,-,-,-,3208.6000,3208.0000,3207.6000,3206.6000,3206.0000,3209.8000,3210.0000,3210.2000,3210.6000,3210.8000,1,3,1,4,6,1,8,1,1,1
SF,IH2012,2020-07-06 09:33:24.600,3209.6000,8687,0,488620380.000,0,-,-,-,-,3208.6000,3208.0000,3207.6000,3206.6000,3206.0000,3209.8000,3210.0000,3210.2000,3210.4000,3210.6000,1,3,1,4,6,1,8,1,1,1
SF,IH2012,2020-07-06 09:33:25.100,3209.6000,8687,0,488620380.000,0,-,-,-,-,3208.6000,3208.0000,3207.6000,3206.6000,3206.0000,3209.8000,3210.0000,3210.2000,3210.4000,3210.6000,1,3,1,4,6,1,8,1,1,1
SF,IH2012,2020-07-06 09:33:25.600,3209.8000,8686,-1,489583320.000,1,0,1,双平,S,3208.6000,3208.0000,3207.6000,3206.6000,3206.0000,3210.0000,3210.2000,3210.6000,3210.8000,3211.2000,1,3,1,4,6,8,1,1,1,2
SF,IH2012,2020-07-06 09:33:26.100,3208.6000,8685,-1,490545900.000,1,0,1,双平,S,3208.0000,3207.6000,3206.6000,3206.0000,3205.8000,3210.0000,3210.2000,3210.6000,3210.8000,3211.2000,3,1,4,6,1,8,1,1,1,2
SF,IH2012,2020-07-06 09:33:26.600,3208.0000,8684,-1,493433160.000,3,1,2,多平,S,3208.0000,3207.6000,3206.6000,3206.0000,3205.8000,3209.8000,3210.0000,3210.2000,3210.6000,3210.8000,1,1,4,6,1,4,8,1,1,1
SF,IH2012,2020-07-06 09:33:27.100,3208.0000,8684,0,493433160.000,0,-,-,-,-,3208.2000,3208.0000,3207.6000,3206.6000,3206.0000,3209.8000,3210.0000,3210.2000,3210.4000,3210.6000,1,1,1,4,6,4,8,1,1,1
SF,IH2012,2020-07-06 09:33:27.600,3208.0000,8684,0,493433160.000,0,-,-,-,-,3208.2000,3208.0000,3207.6000,3206.6000,3206.0000,3209.6000,3209.8000,3210.0000,3210.2000,3210.4000,1,1,1,4,6,1,1,8,1,1
SF,IH2012,2020-07-06 09:33:28.100,3208.0000,8684,0,494395560.000,1,0,1,多换,S,3208.0000,3207.6000,3206.6000,3206.0000,3205.8000,3209.6000,3209.8000,3210.0000,3210.2000,3210.6000,1,1,4,6,1,1,1,8,1,1
SF,IH2012,2020-07-06 09:33:28.600,3208.0000,8684,0,494395560.000,0,-,-,-,-,3208.0000,3207.6000,3206.6000,3206.0000,3205.8000,3209.6000,3209.8000,3210.0000,3210.2000,3210.6000,1,1,4,6,1,1,1,8,1,1
SF,IH2012,2020-07-06 09:33:29.100,3208.0000,8684,0,494395560.000,0,-,-,-,-,3208.2000,3208.0000,3207.6000,3206.6000,3206.0000,3209.6000,3209.8000,3210.0000,3210.2000,3210.4000,1,1,1,4,6,1,1,8,1,1
SF,IH2012,2020-07-06 09:33:29.600,3209.6000,8683,-1,495358440.000,1,0,1,双平,S,3208.2000,3208.0000,3207.6000,3206.6000,3206.0000,3209.8000,3210.0000,3210.2000,3210.4000,3210.8000,1,1,1,4,6,1,8,1,2,1
SF,IH2012,2020-07-06 09:33:30.100,3209.6000,8683,0,495358440.000,0,-,-,-,-,3208.4000,3208.2000,3208.0000,3207.6000,3206.6000,3209.8000,3210.0000,3210.2000,3210.4000,3210.8000,1,1,1,1,4,1,8,1,2,1
SF,IH2012,2020-07-06 09:33:30.600,3209.6000,8683,0,495358440.000,0,-,-,-,-,3208.6000,3208.4000,3208.2000,3208.0000,3207.6000,3209.8000,3210.0000,3210.2000,3210.4000,3210.8000,1,1,1,1,1,1,8,1,1,1
SF,IH2012,2020-07-06 09:33:31.100,3209.6000,8683,0,495358440.000,0,-,-,-,-,3208.6000,3208.4000,3208.2000,3208.0000,3207.6000,3209.8000,3210.0000,3210.4000,3210.8000,3211.2000,1,1,1,1,1,1,8,1,1,2
SF,IH2012,2020-07-06 09:33:32.100,3209.8000,8684,1,496321380.000,1,1,0,双开,S,3208.6000,3208.4000,3208.2000,3208.0000,3207.6000,3210.0000,3210.4000,3210.8000,3211.2000,3212.0000,1,1,1,1,1,8,2,1,2,1
SF,IH2012,2020-07-06 09:33:32.600,3209.8000,8684,0,496321380.000,0,-,-,-,-,3208.6000,3208.4000,3208.0000,3207.6000,3206.6000,3210.0000,3210.4000,3210.8000,3211.2000,3212.0000,1,1,1,1,4,8,2,1,2,1
SF,IH2012,2020-07-06 09:33:33.100,3208.6000,8683,-1,497283960.000,1,0,1,双平,S,3208.4000,3208.0000,3207.6000,3206.6000,3206.0000,3209.8000,3210.0000,3210.4000,3210.8000,3211.2000,1,1,1,4,6,5,8,1,1,2
SF,IH2012,2020-07-06 09:33:33.600,3208.4000,8683,0,498246480.000,1,0,1,多换,S,3208.0000,3207.6000,3206.6000,3206.0000,3205.8000,3208.2000,3209.8000,3210.0000,3210.4000,3210.8000,1,1,4,6,1,1,5,8,1,1
SF,IH2012,2020-07-06 09:33:34.100,3208.2000,8682,-1,499208940.000,1,0,1,双平,S,3208.4000,3208.2000,3208.0000,3207.6000,3206.6000,3209.6000,3209.8000,3210.0000,3210.4000,3210.8000,1,1,1,1,4,1,1,8,1,1
SF,IH2012,2020-07-06 09:33:34.600,3208.2000,8682,0,499208940.000,0,-,-,-,-,3208.4000,3208.0000,3207.6000,3206.6000,3206.0000,3209.6000,3209.8000,3210.0000,3210.4000,3210.8000,1,1,1,4,6,1,1,8,2,1
SF,IH2012,2020-07-06 09:33:35.100,3208.4000,8681,-1,500171460.000,1,0,1,双平,S,3208.0000,3207.6000,3206.6000,3206.0000,3205.8000,3208.4000,3209.8000,3210.0000,3210.4000,3210.8000,1,1,4,6,1,1,1,8,2,1
SF,IH2012,2020-07-06 09:33:35.600,3208.4000,8680,-1,501133980.000,1,0,1,双平,S,3208.0000,3207.6000,3206.6000,3206.0000,3205.8000,3209.8000,3210.0000,3210.4000,3210.8000,3211.2000,1,1,4,6,1,1,8,1,1,2
SF,IH2012,2020-07-06 09:33:36.100,3208.4000,8680,0,501133980.000,0,-,-,-,-,3208.0000,3207.6000,3206.6000,3206.0000,3205.8000,3209.6000,3209.8000,3210.0000,3210.4000,3210.8000,1,1,4,6,1,1,1,8,1,1
SF,IH2012,2020-07-06 09:33:36.600,3209.6000,8680,0,502096860.000,1,0,1,多换,S,3208.2000,3208.0000,3207.6000,3206.6000,3206.0000,3209.4000,3210.0000,3210.4000,3210.8000,3211.2000,1,1,1,4,6,1,8,1,1,2
SF,IH2012,2020-07-06 09:33:37.100,3209.6000,8680,0,502096860.000,0,-,-,-,-,3208.2000,3208.0000,3207.6000,3206.6000,3206.0000,3209.4000,3210.0000,3210.4000,3210.8000,3211.2000,1,1,1,4,6,1,8,2,1,2
SF,IH2012,2020-07-06 09:33:37.600,3209.6000,8680,0,502096860.000,0,-,-,-,-,3208.2000,3208.0000,3207.6000,3206.6000,3206.0000,3209.2000,3210.0000,3210.4000,3210.8000,3211.2000,1,1,1,4,6,1,8,2,1,2
SF,IH2012,2020-07-06 09:33:38.100,3209.6000,8680,0,502096860.000,0,-,-,-,-,3208.2000,3208.0000,3207.6000,3206.6000,3206.0000,3209.2000,3210.0000,3210.4000,3210.8000,3211.2000,1,1,1,4,6,1,8,1,1,2
SF,IH2012,2020-07-06 09:33:38.600,3208.2000,8680,0,503059320.000,1,0,1,多换,S,3208.0000,3207.6000,3206.6000,3206.0000,3205.8000,3209.2000,3210.0000,3210.4000,3210.8000,3211.2000,1,1,4,6,1,1,8,1,1,2
SF,IH2012,2020-07-06 09:33:39.100,3208.2000,8680,0,503059320.000,0,-,-,-,-,3208.0000,3207.6000,3206.6000,3206.0000,3205.8000,3209.2000,3210.0000,3210.4000,3210.8000,3211.2000,1,1,4,6,1,1,8,1,1,2
SF,IH2012,2020-07-06 09:33:39.600,3208.2000,8680,0,503059320.000,0,-,-,-,-,3208.0000,3207.6000,3206.6000,3206.0000,3205.8000,3209.2000,3210.0000,3210.4000,3210.8000,3211.2000,1,1,4,6,1,1,8,2,1,2
SF,IH2012,2020-07-06 09:33:40.100,3208.2000,8680,0,503059320.000,0,-,-,-,-,3208.0000,3207.6000,3206.6000,3206.0000,3205.8000,3210.0000,3210.4000,3210.8000,3211.2000,3212.0000,1,1,4,6,1,8,2,1,2,1
SF,IH2012,2020-07-06 09:33:40.600,3208.2000,8680,0,503059320.000,0,-,-,-,-,3208.2000,3208.0000,3207.6000,3206.6000,3206.0000,3209.8000,3210.0000,3210.4000,3210.8000,3211.2000,1,1,1,4,6,1,8,1,1,2
SF,IH2012,2020-07-06 09:33:41.100,3208.2000,8680,0,503059320.000,0,-,-,-,-,3208.2000,3208.0000,3207.6000,3206.6000,3206.0000,3209.8000,3210.0000,3210.4000,3210.8000,3211.2000,1,1,1,4,6,1,8,1,1,2
SF,IH2012,2020-07-06 09:33:41.600,3208.2000,8680,0,503059320.000,0,-,-,-,-,3208.2000,3208.0000,3207.6000,3206.6000,3206.0000,3209.8000,3210.0000,3210.4000,3210.8000,3211.2000,1,1,1,4,6,1,8,2,1,2
SF,IH2012,2020-07-06 09:33:42.100,3208.2000,8680,0,503059320.000,0,-,-,-,-,3208.2000,3208.0000,3207.6000,3206.6000,3206.0000,3210.0000,3210.4000,3210.8000,3211.2000,3212.0000,1,1,1,4,6,8,2,1,2,1
SF,IH2012,2020-07-06 09:33:42.600,3208.2000,8680,0,503059320.000,0,-,-,-,-,3208.2000,3208.0000,3207.6000,3206.6000,3206.0000,3210.0000,3210.4000,3210.8000,3211.2000,3212.0000,1,1,1,4,6,8,2,1,2,1
SF,IH2012,2020-07-06 09:33:43.100,3210.0000,8675,-5,508837320.000,6,0,6,多平,S,3208.8000,3208.2000,3208.0000,3207.6000,3206.6000,3210.0000,3210.4000,3210.8000,3211.2000,3212.0000,1,1,1,1,4,2,2,1,2,1
SF,IH2012,2020-07-06 09:33:43.600,3210.0000,8675,0,508837320.000,0,-,-,-,-,3209.0000,3208.8000,3208.0000,3207.6000,3206.6000,3210.0000,3210.4000,3210.8000,3211.2000,3212.0000,1,1,1,1,4,2,2,1,2,1
SF,IH2012,2020-07-06 09:33:44.100,3210.0000,8673,-2,510763320.000,2,0,2,双平,S,3210.0000,3209.0000,3208.8000,3208.0000,3207.6000,3210.4000,3210.8000,3211.2000,3212.0000,3214.0000,2,1,1,1,1,1,1,2,1,1
SF,IH2012,2020-07-06 09:33:44.600,3210.4000,8673,0,511726440.000,1,0,1,多换,S,3210.4000,3209.0000,3208.8000,3208.0000,3206.6000,3210.8000,3211.2000,3212.0000,3214.0000,3214.8000,1,1,1,1,3,1,2,1,1,1
SF,IH2012,2020-07-06 09:33:45.100,3210.8000,8671,-2,513652800.000,2,0,2,双平,S,3209.0000,3208.8000,3208.0000,3206.6000,3206.0000,3210.4000,3211.2000,3212.0000,3214.0000,3214.8000,1,1,1,3,6,1,2,1,1,1
SF,IH2012,2020-07-06 09:33:45.600,3210.8000,8671,0,513652800.000,0,-,-,-,-,3209.0000,3208.8000,3208.0000,3206.0000,3205.8000,3210.4000,3211.2000,3212.0000,3214.0000,3214.8000,1,1,1,6,1,1,2,1,1,1
SF,IH2012,2020-07-06 09:33:46.100,3210.8000,8671,0,513652800.000,0,-,-,-,-,3209.0000,3208.8000,3208.0000,3206.0000,3205.8000,3211.2000,3212.0000,3214.0000,3214.8000,3215.0000,1,1,1,6,1,2,1,1,1,2
SF,IH2012,2020-07-06 09:33:46.600,3210.4000,8671,0,515579040.000,2,1,1,多换,S,3210.4000,3209.2000,3209.0000,3208.8000,3208.0000,3211.2000,3212.0000,3214.0000,3214.8000,3215.0000,2,2,1,1,1,2,1,1,1,2
SF,IH2012,2020-07-06 09:33:47.100,3210.4000,8671,0,515579040.000,0,-,-,-,-,3210.4000,3209.2000,3209.0000,3208.8000,3208.0000,3211.0000,3211.2000,3212.0000,3214.0000,3214.8000,3,2,1,1,1,2,2,1,1,1
SF,IH2012,2020-07-06 09:33:47.600,3210.4000,8669,-2,518468400.000,3,0,3,多平,S,3209.2000,3209.0000,3208.8000,3208.0000,3206.0000,3210.4000,3211.0000,3211.2000,3212.0000,3214.0000,2,1,1,1,6,1,2,2,1,1
SF,IH2012,2020-07-06 09:33:48.100,3210.4000,8669,0,518468400.000,0,-,-,-,-,3209.4000,3209.2000,3208.8000,3208.0000,3206.0000,3210.4000,3211.2000,3212.0000,3214.0000,3214.8000,1,1,1,1,6,1,3,1,1,1
SF,IH2012,2020-07-06 09:33:48.600,3210.4000,8669,0,518468400.000,0,-,-,-,-,3209.4000,3209.2000,3208.8000,3208.0000,3206.0000,3210.4000,3211.2000,3212.0000,3212.2000,3214.0000,1,1,1,1,6,1,3,1,1,1
SF,IH2012,2020-07-06 09:33:49.100,3210.4000,8669,0,518468400.000,0,-,-,-,-,3209.4000,3209.2000,3208.8000,3208.0000,3206.0000,3210.4000,3211.2000,3212.0000,3212.2000,3214.0000,1,1,1,1,6,1,3,1,1,1
SF,IH2012,2020-07-06 09:33:49.600,3210.4000,8669,0,518468400.000,0,-,-,-,-,3209.4000,3209.2000,3208.8000,3208.0000,3206.0000,3210.4000,3211.2000,3212.0000,3212.2000,3214.0000,1,1,1,1,6,1,3,1,1,1
SF,IH2012,2020-07-06 09:33:53.100,3210.4000,8669,0,518468400.000,0,-,-,-,-,3209.4000,3209.2000,3208.8000,3208.0000,3206.0000,3211.2000,3212.0000,3212.2000,3214.0000,3214.8000,1,1,1,1,6,3,1,1,1,1
SF,IH2012,2020-07-06 09:33:53.600,3210.4000,8669,0,518468400.000,0,-,-,-,-,3210.4000,3209.4000,3209.2000,3208.8000,3208.0000,3211.0000,3211.2000,3212.0000,3212.2000,3213.2000,1,1,1,1,1,1,3,1,1,1
SF,IH2012,2020-07-06 09:33:54.100,3210.4000,8668,-1,520394640.000,2,0,2,多平,S,3209.2000,3208.8000,3208.0000,3206.0000,3205.8000,3211.0000,3211.2000,3212.0000,3212.2000,3213.2000,1,1,1,6,1,1,3,1,1,1
SF,IH2012,2020-07-06 09:33:54.600,3210.4000,8668,0,520394640.000,0,-,-,-,-,3208.8000,3208.0000,3206.0000,3205.8000,3205.0000,3210.4000,3211.2000,3212.0000,3212.2000,3213.2000,1,1,6,1,1,3,3,1,1,1
SF,IH2012,2020-07-06 09:33:55.100,3210.4000,8667,-1,522320880.000,2,0,2,多平,S,3208.8000,3208.0000,3206.0000,3205.8000,3205.0000,3210.4000,3211.2000,3212.0000,3212.2000,3214.0000,1,1,6,1,1,2,3,1,1,1
SF,IH2012,2020-07-06 09:33:55.600,3210.4000,8666,-1,523284000.000,1,0,1,双平,S,3209.8000,3208.8000,3208.0000,3206.0000,3205.8000,3210.4000,3211.2000,3212.0000,3212.2000,3214.0000,4,1,1,6,1,1,3,1,1,1
SF,IH2012,2020-07-06 09:33:56.100,3210.4000,8666,0,524247120.000,1,0,1,多换,S,3210.6000,3210.4000,3209.8000,3208.8000,3208.0000,3211.2000,3212.0000,3212.2000,3214.0000,3214.8000,3,1,4,1,1,3,1,1,1,1
SF,IH2012,2020-07-06 09:33:56.600,3211.2000,8664,-2,527137200.000,3,0,3,多平,S,3211.4000,3210.8000,3210.6000,3210.4000,3209.8000,3212.0000,3212.2000,3214.0000,3214.8000,3215.0000,1,1,3,1,4,1,1,1,1,2
SF,IH2012,2020-07-06 09:33:57.100,3211.2000,8664,0,527137200.000,0,-,-,-,-,3211.4000,3210.8000,3210.6000,3210.4000,3209.8000,3212.0000,3212.2000,3213.2000,3214.0000,3214.8000,1,1,3,1,6,1,1,1,1,1
SF,IH2012,2020-07-06 09:33:57.600,3211.4000,8663,-1,529064220.000,2,0,2,多平,S,3210.6000,3210.4000,3209.8000,3209.2000,3208.8000,3213.2000,3214.0000,3214.8000,3215.0000,3216.8000,3,1,6,1,1,1,2,1,2,1
SF,IH2012,2020-07-06 09:33:58.100,3211.4000,8663,0,529064220.000,0,-,-,-,-,3210.8000,3210.6000,3210.4000,3209.8000,3209.2000,3211.4000,3213.0000,3213.2000,3214.0000,3214.8000,1,3,1,6,1,1,3,1,2,1
SF,IH2012,2020-07-06 09:33:58.600,3211.4000,8663,0,530027640.000,1,0,1,多换,S,3211.6000,3210.8000,3210.6000,3210.4000,3209.8000,3213.0000,3213.2000,3214.0000,3214.8000,3215.0000,2,1,1,1,6,2,1,1,1,2
SF,IH2012,2020-07-06 09:33:59.100,3211.4000,8663,0,530027640.000,0,-,-,-,-,3211.6000,3210.8000,3210.6000,3210.4000,3209.8000,3213.0000,3213.2000,3214.0000,3214.8000,3215.0000,2,1,1,1,6,2,1,1,1,2
SF,IH2012,2020-07-06 09:34:00.100,3211.4000,8663,0,530027640.000,0,-,-,-,-,3211.6000,3210.8000,3210.6000,3210.4000,3209.8000,3212.8000,3213.0000,3213.2000,3214.0000,3214.8000,2,1,1,1,6,1,2,1,1,1
SF,IH2012,2020-07-06 09:34:00.600,3211.4000,8663,0,530027640.000,0,-,-,-,-,3211.6000,3210.6000,3210.4000,3209.8000,3208.8000,3212.8000,3213.2000,3214.0000,3214.6000,3214.8000,2,1,1,6,1,1,1,1,1,1
SF,IH2012,2020-07-06 09:34:01.100,3212.8000,8662,-1,530991480.000,1,0,1,双平,S,3211.8000,3211.6000,3210.6000,3210.4000,3209.8000,3213.2000,3214.0000,3214.6000,3214.8000,3215.0000,1,2,1,1,6,1,1,1,1,2
SF,IH2012,2020-07-06 09:34:01.600,3212.8000,8662,0,530991480.000,0,-,-,-,-,3213.2000,3212.8000,3211.8000,3211.6000,3210.6000,3214.0000,3214.6000,3214.8000,3215.0000,3216.8000,1,1,1,2,1,1,1,1,2,1
SF,IH2012,2020-07-06 09:34:02.100,3213.2000,8662,0,531955440.000,1,0,1,多换,S,3212.8000,3211.8000,3211.6000,3210.6000,3209.8000,3214.0000,3214.6000,3214.8000,3215.0000,3216.8000,1,1,2,1,6,1,1,1,2,1
SF,IH2012,2020-07-06 09:34:02.600,3213.2000,8662,0,531955440.000,0,-,-,-,-,3213.0000,3212.8000,3211.8000,3211.6000,3210.6000,3214.0000,3214.6000,3214.8000,3215.0000,3216.8000,1,1,1,2,1,1,1,1,2,1
SF,IH2012,2020-07-06 09:34:03.100,3213.2000,8662,0,531955440.000,0,-,-,-,-,3213.0000,3212.8000,3211.8000,3211.6000,3210.6000,3214.0000,3214.6000,3214.8000,3215.0000,3216.8000,1,1,1,2,1,1,1,1,2,1
SF,IH2012,2020-07-06 09:34:03.600,3213.2000,8662,0,531955440.000,0,-,-,-,-,3213.0000,3212.8000,3211.8000,3211.6000,3210.6000,3214.0000,3214.6000,3214.8000,3215.0000,3216.8000,1,1,1,2,1,1,1,1,2,1
SF,IH2012,2020-07-06 09:34:04.100,3213.2000,8662,0,531955440.000,0,-,-,-,-,3213.0000,3212.8000,3211.8000,3211.6000,3210.6000,3214.0000,3214.6000,3214.8000,3215.0000,3216.8000,1,1,1,2,1,1,1,1,2,1
SF,IH2012,2020-07-06 09:34:04.600,3213.2000,8662,0,531955440.000,0,-,-,-,-,3212.8000,3211.8000,3211.6000,3210.6000,3209.8000,3214.0000,3214.6000,3214.8000,3215.0000,3216.8000,1,1,2,1,4,1,1,1,2,1
SF,IH2012,2020-07-06 09:34:05.100,3212.8000,8662,0,532919280.000,1,0,1,多换,S,3211.8000,3211.6000,3210.6000,3209.8000,3208.0000,3214.0000,3214.6000,3214.8000,3215.0000,3216.8000,1,2,1,4,1,1,1,1,2,1
SF,IH2012,2020-07-06 09:34:05.600,3213.8000,8661,-1,533883420.000,1,0,1,双平,S,3212.0000,3211.8000,3211.6000,3210.6000,3208.0000,3213.8000,3214.0000,3214.6000,3214.8000,3215.0000,1,1,2,1,1,1,1,1,1,2
SF,IH2012,2020-07-06 09:34:06.100,3213.8000,8661,0,533883420.000,0,-,-,-,-,3212.0000,3211.6000,3210.6000,3208.0000,3206.0000,3213.8000,3214.0000,3214.6000,3214.8000,3215.0000,1,2,1,1,5,1,1,1,1,2
SF,IH2012,2020-07-06 09:34:06.600,3213.8000,8661,0,534847560.000,1,0,1,多换,S,3211.6000,3210.6000,3208.0000,3206.0000,3205.8000,3213.6000,3213.8000,3214.0000,3214.6000,3214.8000,2,1,1,5,1,1,1,1,1,1
SF,IH2012,2020-07-06 09:34:07.100,3213.8000,8660,-1,535811700.000,1,0,1,双平,S,3211.6000,3210.6000,3208.0000,3206.0000,3205.8000,3214.0000,3214.6000,3214.8000,3215.0000,3216.8000,2,1,1,5,1,1,1,1,2,1
SF,IH2012,2020-07-06 09:34:07.600,3213.8000,8660,0,535811700.000,0,-,-,-,-,3211.6000,3210.6000,3208.0000,3206.0000,3205.8000,3213.8000,3214.0000,3214.6000,3214.8000,3215.0000,2,1,1,5,1,2,1,1,1,2
SF,IH2012,2020-07-06 09:34:08.100,3213.6000,8659,-1,539666220.000,4,1,3,多平,S,3210.6000,3208.0000,3206.0000,3205.8000,3205.0000,3213.8000,3214.0000,3214.6000,3214.8000,3215.0000,1,1,5,1,1,2,1,1,1,2
SF,IH2012,2020-07-06 09:34:08.600,3213.6000,8659,0,539666220.000,0,-,-,-,-,3210.6000,3208.0000,3206.0000,3205.8000,3205.0000,3213.8000,3214.0000,3214.6000,3214.8000,3215.0000,1,1,5,1,1,2,1,1,1,2
SF,IH2012,2020-07-06 09:34:09.100,3210.6000,8658,-1,540629400.000,1,0,1,双平,S,3208.0000,3206.0000,3205.8000,3205.0000,3203.6000,3213.8000,3214.0000,3214.6000,3214.8000,3215.0000,1,5,1,1,1,2,3,1,1,2
SF,IH2012,2020-07-06 09:34:09.600,3210.6000,8658,0,540629400.000,0,-,-,-,-,3212.2000,3209.2000,3208.0000,3206.0000,3205.8000,3213.6000,3213.8000,3214.0000,3214.6000,3214.8000,2,1,1,5,1,1,2,3,1,1
SF,IH2012,2020-07-06 09:34:10.100,3212.2000,8658,0,542556720.000,2,1,1,多换,S,3209.2000,3208.0000,3206.0000,3205.8000,3205.0000,3212.0000,3213.0000,3213.4000,3213.8000,3214.0000,1,1,5,1,1,1,1,1,1,3
SF,IH2012,2020-07-06 09:34:10.600,3212.2000,8658,0,542556720.000,0,-,-,-,-,3209.2000,3208.0000,3206.0000,3205.8000,3205.0000,3211.8000,3212.0000,3213.4000,3213.8000,3214.0000,1,1,5,1,1,1,1,1,1,3
SF,IH2012,2020-07-06 09:34:11.100,3212.2000,8658,0,542556720.000,0,-,-,-,-,3209.4000,3208.0000,3206.0000,3205.8000,3205.0000,3211.8000,3213.4000,3214.0000,3214.8000,3215.0000,1,1,5,1,1,1,1,3,1,2
SF,IH2012,2020-07-06 09:34:12.100,3212.2000,8658,0,542556720.000,0,-,-,-,-,3208.0000,3206.0000,3205.8000,3205.0000,3203.6000,3211.8000,3213.4000,3214.0000,3214.8000,3215.0000,1,6,1,1,1,1,1,3,1,2
SF,IH2012,2020-07-06 09:34:12.600,3211.8000,8658,0,543520260.000,1,0,1,多换,S,3208.2000,3208.0000,3206.0000,3205.8000,3205.0000,3211.8000,3214.0000,3214.8000,3215.0000,3216.8000,2,1,6,1,1,1,3,1,2,1
SF,IH2012,2020-07-06 09:34:13.100,3211.8000,8658,0,543520260.000,0,-,-,-,-,3208.2000,3208.0000,3206.0000,3205.8000,3205.0000,3211.8000,3214.0000,3214.8000,3215.0000,3216.8000,2,1,6,1,1,1,3,1,2,1
SF,IH2012,2020-07-06 09:34:13.600,3211.8000,8657,-1,544483800.000,1,0,1,双平,S,3208.2000,3208.0000,3206.0000,3205.8000,3205.0000,3214.0000,3214.8000,3215.0000,3216.8000,3217.4000,2,1,6,1,1,3,1,2,1,1
SF,IH2012,2020-07-06 09:34:14.100,3211.8000,8657,0,544483800.000,0,-,-,-,-,3208.2000,3208.0000,3206.0000,3205.8000,3205.0000,3214.0000,3214.8000,3215.0000,3216.8000,3217.4000,2,1,6,1,1,3,1,2,1,1
SF,IH2012,2020-07-06 09:34:14.600,3211.8000,8657,0,544483800.000,0,-,-,-,-,3208.4000,3208.2000,3208.0000,3206.0000,3205.8000,3214.0000,3214.8000,3215.0000,3216.8000,3217.4000,1,2,1,6,1,4,1,2,1,1
SF,IH2012,2020-07-06 09:34:15.100,3214.0000,8658,1,548340600.000,4,2,2,空开,S,3214.0000,3208.6000,3208.4000,3208.2000,3208.0000,3214.8000,3215.0000,3216.8000,3217.4000,3218.0000,16,2,1,2,1,1,2,1,1,1
SF,IH2012,2020-07-06 09:34:15.600,3214.0000,8658,0,563767800.000,16,8,8,多换,S,3208.6000,3208.4000,3208.2000,3208.0000,3206.0000,3214.2000,3214.8000,3215.0000,3216.8000,3217.4000,2,1,1,1,6,1,1,2,1,1
SF,IH2012,2020-07-06 09:34:16.100,3214.0000,8658,0,563767800.000,0,-,-,-,-,3208.8000,3208.6000,3208.0000,3206.0000,3205.8000,3214.0000,3214.8000,3215.0000,3216.8000,3217.4000,2,2,1,6,1,1,1,2,1,1
SF,IH2012,2020-07-06 09:34:16.600,3214.0000,8658,0,563767800.000,0,-,-,-,-,3208.8000,3208.0000,3206.0000,3205.8000,3205.0000,3213.8000,3214.8000,3215.0000,3216.8000,3217.4000,1,1,6,1,1,1,1,2,1,1
SF,IH2012,2020-07-06 09:34:17.600,3214.0000,8658,0,563767800.000,0,-,-,-,-,3208.8000,3208.0000,3206.0000,3205.8000,3205.0000,3213.8000,3214.6000,3214.8000,3215.0000,3216.8000,1,1,6,1,1,1,1,1,2,1
SF,IH2012,2020-07-06 09:34:18.100,3214.0000,8658,0,563767800.000,0,-,-,-,-,3208.8000,3208.0000,3206.0000,3205.8000,3205.0000,3213.6000,3213.8000,3214.6000,3214.8000,3215.0000,1,1,6,1,1,1,1,1,1,2
SF,IH2012,2020-07-06 09:34:18.600,3214.0000,8658,0,564732000.000,1,0,1,多换,S,3208.8000,3208.0000,3206.0000,3205.8000,3205.0000,3213.6000,3213.8000,3214.0000,3214.6000,3214.8000,1,2,6,1,1,1,1,1,1,1
SF,IH2012,2020-07-06 09:34:19.100,3214.0000,8658,0,564732000.000,0,-,-,-,-,3208.8000,3208.0000,3206.0000,3205.8000,3205.0000,3213.4000,3213.6000,3213.8000,3214.0000,3214.6000,1,2,6,1,1,1,1,1,1,1
SF,IH2012,2020-07-06 09:34:19.600,3214.0000,8658,0,564732000.000,0,-,-,-,-,3209.2000,3209.0000,3208.8000,3208.0000,3206.0000,3212.4000,3213.2000,3213.4000,3213.8000,3214.0000,4,1,1,2,6,1,2,1,1,1
SF,IH2012,2020-07-06 09:34:20.100,3214.0000,8658,0,564732000.000,0,-,-,-,-,3209.4000,3209.2000,3208.0000,3206.0000,3205.8000,3212.2000,3212.4000,3213.0000,3213.2000,3213.4000,2,4,2,6,1,1,1,1,1,1
SF,IH2012,2020-07-06 09:34:20.600,3214.0000,8658,0,564732000.000,0,-,-,-,-,3209.6000,3209.4000,3209.2000,3208.0000,3206.0000,3212.2000,3213.0000,3213.2000,3213.4000,3214.0000,1,2,4,2,6,1,1,1,1,1
SF,IH2012,2020-07-06 09:34:21.100,3214.0000,8658,0,564732000.000,0,-,-,-,-,3209.8000,3209.6000,3209.2000,3208.0000,3206.0000,3212.2000,3213.2000,3213.4000,3214.0000,3214.8000,2,1,4,2,6,1,1,1,1,1
SF,IH2012,2020-07-06 09:34:21.600,3214.0000,8658,0,564732000.000,0,-,-,-,-,3210.0000,3209.8000,3209.2000,3208.0000,3206.0000,3212.2000,3213.2000,3213.4000,3214.0000,3214.8000,1,2,4,2,6,1,2,1,1,1
SF,IH2012,2020-07-06 09:34:22.100,3214.0000,8658,0,564732000.000,0,-,-,-,-,3210.2000,3210.0000,3209.8000,3209.2000,3208.0000,3212.2000,3213.2000,3213.4000,3214.0000,3214.8000,1,1,1,4,2,1,2,1,1,1
SF,IH2012,2020-07-06 09:34:22.600,3214.0000,8658,0,564732000.000,0,-,-,-,-,3210.2000,3210.0000,3209.8000,3209.2000,3208.0000,3213.2000,3213.4000,3214.0000,3214.8000,3215.0000,1,1,1,4,2,2,1,1,1,2
SF,IH2012,2020-07-06 09:34:23.100,3209.8000,8656,-2,567621120.000,3,0,3,多平,S,3209.2000,3208.0000,3206.0000,3205.8000,3205.0000,3213.0000,3214.0000,3214.8000,3215.0000,3216.8000,4,2,6,1,1,2,1,1,2,1
SF,IH2012,2020-07-06 09:34:23.600,3209.8000,8656,0,567621120.000,0,-,-,-,-,3209.4000,3209.2000,3209.0000,3208.0000,3206.0000,3213.0000,3214.0000,3214.8000,3215.0000,3216.8000,2,4,1,2,6,2,1,1,2,1
SF,IH2012,2020-07-06 09:34:24.100,3209.8000,8656,0,567621120.000,0,-,-,-,-,3209.8000,3209.4000,3209.2000,3209.0000,3208.0000,3213.0000,3214.0000,3214.8000,3215.0000,3216.8000,1,2,4,1,2,2,1,1,2,1
SF,IH2012,2020-07-06 09:34:24.600,3209.8000,8656,0,567621120.000,0,-,-,-,-,3210.0000,3209.8000,3209.4000,3209.2000,3209.0000,3213.0000,3214.0000,3214.8000,3215.0000,3216.8000,1,1,1,4,1,2,1,1,2,1
SF,IH2012,2020-07-06 09:34:25.100,3209.8000,8656,0,567621120.000,0,-,-,-,-,3210.2000,3210.0000,3209.4000,3209.2000,3209.0000,3212.8000,3213.0000,3214.0000,3214.8000,3215.0000,1,1,1,4,1,1,2,1,1,2
SF,IH2012,2020-07-06 09:34:25.600,3209.8000,8656,0,567621120.000,0,-,-,-,-,3210.4000,3210.2000,3209.4000,3209.2000,3209.0000,3212.6000,3212.8000,3214.0000,3214.8000,3215.0000,1,1,1,4,1,2,1,1,1,2
SF,IH2012,2020-07-06 09:34:26.100,3209.8000,8656,0,567621120.000,0,-,-,-,-,3210.4000,3210.2000,3209.4000,3209.2000,3209.0000,3212.6000,3214.0000,3214.8000,3215.0000,3216.8000,1,1,1,4,1,2,1,1,2,1
SF,IH2012,2020-07-06 09:34:26.600,3209.8000,8656,0,567621120.000,0,-,-,-,-,3210.6000,3210.4000,3210.2000,3209.4000,3209.2000,3212.6000,3214.0000,3214.8000,3215.0000,3216.8000,1,1,1,1,4,2,1,1,2,1
SF,IH2012,2020-07-06 09:34:27.100,3212.6000,8655,-1,569548680.000,2,0,2,多平,S,3212.6000,3210.8000,3210.6000,3210.2000,3209.2000,3214.0000,3214.8000,3215.0000,3216.8000,3217.4000,2,2,1,1,4,1,1,2,1,1
SF,IH2012,2020-07-06 09:34:27.600,3212.6000,8655,0,570512460.000,1,0,1,多换,S,3212.8000,3212.6000,3210.8000,3210.6000,3210.2000,3214.0000,3214.8000,3215.0000,3216.8000,3217.4000,1,2,3,1,1,1,1,2,1,1
SF,IH2012,2020-07-06 09:34:28.100,3212.6000,8655,0,570512460.000,0,-,-,-,-,3212.8000,3212.6000,3210.8000,3210.2000,3209.2000,3214.0000,3214.8000,3215.0000,3216.8000,3217.4000,1,2,3,1,4,1,1,2,1,1
SF,IH2012,2020-07-06 09:34:28.600,3214.0000,8655,0,571476660.000,1,0,1,多换,S,3212.8000,3212.6000,3210.8000,3210.2000,3209.2000,3214.8000,3215.0000,3216.8000,3217.4000,3218.0000,1,2,3,1,4,1,2,1,1,1
SF,IH2012,2020-07-06 09:34:29.100,3214.0000,8655,0,571476660.000,0,-,-,-,-,3213.0000,3212.6000,3210.8000,3210.2000,3209.2000,3214.8000,3215.0000,3216.8000,3217.4000,3218.0000,1,3,2,1,4,1,2,1,1,1
SF,IH2012,2020-07-06 09:34:30.600,3214.0000,8655,0,571476660.000,0,-,-,-,-,3213.2000,3213.0000,3212.6000,3210.8000,3210.2000,3214.8000,3215.0000,3216.8000,3217.4000,3218.0000,2,1,3,1,1,1,2,1,1,1
SF,IH2012,2020-07-06 09:34:31.100,3215.0000,8654,-1,574370100.000,3,1,2,多平,S,3215.0000,3214.8000,3213.2000,3212.6000,3210.2000,3216.8000,3217.4000,3218.0000,3218.2000,3222.6000,1,1,2,3,1,1,1,1,1,1
SF,IH2012,2020-07-06 09:34:31.600,3215.0000,8654,0,574370100.000,0,-,-,-,-,3215.0000,3214.8000,3213.2000,3212.6000,3210.2000,3216.0000,3216.6000,3216.8000,3217.4000,3218.0000,1,1,1,2,1,1,2,1,1,1
SF,IH2012,2020-07-06 09:34:32.100,3216.0000,8653,-1,575334900.000,1,0,1,双平,S,3215.2000,3215.0000,3214.8000,3213.2000,3213.0000,3216.6000,3216.8000,3217.4000,3218.0000,3218.2000,4,1,1,1,1,1,1,1,1,1
SF,IH2012,2020-07-06 09:34:32.600,3215.2000,8652,-1,576299460.000,1,0,1,双平,S,3215.2000,3215.0000,3214.8000,3213.2000,3213.0000,3216.4000,3216.8000,3217.4000,3218.0000,3218.2000,3,1,1,1,1,4,1,1,1,1
SF,IH2012,2020-07-06 09:34:33.100,3215.2000,8651,-1,577264020.000,1,0,1,双平,S,3215.2000,3215.0000,3214.8000,3213.2000,3213.0000,3216.4000,3216.8000,3217.4000,3218.0000,3218.2000,2,1,1,1,1,1,1,1,1,1
SF,IH2012,2020-07-06 09:34:34.100,3215.2000,8651,0,577264020.000,0,-,-,-,-,3215.4000,3215.2000,3215.0000,3214.8000,3213.0000,3216.4000,3216.8000,3217.4000,3218.0000,3218.2000,1,2,1,1,1,1,1,1,1,1
SF,IH2012,2020-07-06 09:34:34.600,3215.4000,8650,-1,578228640.000,1,0,1,双平,S,3215.2000,3215.0000,3214.8000,3212.6000,3210.2000,3216.4000,3216.8000,3217.4000,3218.0000,3218.2000,2,1,1,1,1,1,1,1,1,1
SF,IH2012,2020-07-06 09:34:35.100,3215.4000,8650,0,578228640.000,0,-,-,-,-,3215.2000,3215.0000,3214.8000,3213.6000,3212.6000,3216.2000,3216.4000,3216.8000,3217.4000,3218.0000,2,1,1,1,1,1,1,1,1,1
