市场代码,合约代码,时间,最新,持仓,增仓,成交额,成交量,开仓,平仓,成交类型,方向,买一价,买二价,买三价,买四价,买五价,卖一价,卖二价,卖三价,卖四价,卖五价,买一量,买二量,买三量,买四量,买五量,卖一量,卖二量,卖三量,卖四量,卖五量
SF,IH2006,2020-02-14 09:29:00.100,2847.8000,10609,0,5126040.000,6.000,-,-,-,-,2843.0000,2842.8000,2842.2000,2840.2000,2839.8000,2848.0000,2850.6000,2852.0000,2853.0000,2855.0000,1,1,1,1,1,1,1,2,1,1
SF,IH2006,2020-02-14 09:30:00.100,2848.0000,10608,-1,5980440.000,1,0,1,双平,S,2847.4000,2844.8000,2844.0000,2843.4000,2843.0000,2850.6000,2852.0000,2853.0000,2855.0000,2857.4000,1,1,4,3,1,1,2,1,1,2
SF,IH2006,2020-02-14 09:30:00.600,2847.6000,10605,-3,8543280.000,3,0,3,双平,S,2848.0000,2847.4000,2844.8000,2844.0000,2843.4000,2849.2000,2850.4000,2850.6000,2852.0000,2853.0000,1,1,1,4,3,1,4,2,2,1
SF,IH2006,2020-02-14 09:30:01.100,2847.6000,10605,0,8543280.000,0,-,-,-,-,2848.0000,2844.0000,2843.4000,2843.0000,2842.8000,2849.2000,2850.4000,2852.0000,2853.0000,2855.0000,1,4,3,1,1,3,3,2,1,1
SF,IH2006,2020-02-14 09:30:01.600,2848.2000,10603,-2,10252500.000,2,0,2,双平,S,2848.0000,2847.4000,2844.0000,2843.4000,2843.0000,2849.2000,2850.4000,2852.0000,2853.0000,2855.0000,1,1,4,3,1,2,1,1,1,1
SF,IH2006,2020-02-14 09:30:02.100,2849.2000,10602,-1,11107260.000,1,0,1,双平,S,2848.0000,2847.4000,2844.0000,2843.4000,2843.0000,2849.2000,2852.0000,2853.0000,2855.0000,2857.6000,2,1,2,3,1,1,1,1,1,5
SF,IH2006,2020-02-14 09:30:02.600,2849.2000,10601,-1,11962020.000,1,0,1,双平,S,2849.2000,2849.0000,2848.4000,2848.0000,2847.4000,2852.0000,2853.0000,2855.0000,2857.6000,2862.0000,2,1,3,2,1,1,1,1,5,1
SF,IH2006,2020-02-14 09:30:03.100,2849.2000,10601,0,11962020.000,0,-,-,-,-,2849.4000,2849.2000,2849.0000,2848.4000,2848.0000,2852.0000,2853.0000,2855.0000,2857.6000,2862.0000,2,4,1,3,2,1,1,1,5,1
SF,IH2006,2020-02-14 09:30:03.600,2849.2000,10601,0,11962020.000,0,-,-,-,-,2849.8000,2849.6000,2849.4000,2849.2000,2849.0000,2852.0000,2853.0000,2855.0000,2861.4000,2862.0000,3,1,2,4,1,1,1,1,5,1
SF,IH2006,2020-02-14 09:30:04.100,2849.2000,10601,0,12816780.000,1,0,1,多换,S,2850.0000,2849.8000,2849.6000,2849.2000,2849.0000,2851.8000,2852.0000,2853.0000,2855.0000,2861.4000,1,1,1,4,1,1,1,1,1,5
SF,IH2006,2020-02-14 09:30:04.600,2849.2000,10601,0,12816780.000,0,-,-,-,-,2850.0000,2849.8000,2849.6000,2849.2000,2849.0000,2851.8000,2852.0000,2853.0000,2855.0000,2861.4000,2,1,2,3,1,1,1,1,1,5
SF,IH2006,2020-02-14 09:30:05.100,2849.2000,10601,0,12816780.000,0,-,-,-,-,2850.4000,2850.0000,2849.8000,2849.6000,2849.2000,2851.8000,2852.0000,2853.0000,2855.0000,2861.4000,1,2,2,2,3,1,1,1,1,5
SF,IH2006,2020-02-14 09:30:05.600,2849.2000,10601,0,12816780.000,0,-,-,-,-,2850.6000,2850.4000,2850.2000,2850.0000,2849.8000,2851.8000,2852.0000,2853.0000,2855.0000,2861.4000,1,2,1,1,2,1,1,1,1,5
SF,IH2006,2020-02-14 09:30:06.100,2850.0000,10601,0,13671780.000,1,0,1,多换,S,2850.2000,2850.0000,2849.8000,2849.6000,2849.2000,2852.0000,2853.0000,2855.0000,2861.4000,2862.0000,1,1,1,1,2,1,1,1,5,1
SF,IH2006,2020-02-14 09:30:06.600,2850.0000,10601,0,13671780.000,0,-,-,-,-,2850.8000,2850.4000,2850.2000,2849.8000,2849.6000,2851.8000,2852.0000,2852.2000,2853.0000,2855.0000,1,1,1,1,1,2,1,1,1,1
SF,IH2006,2020-02-14 09:30:07.100,2850.0000,10601,0,13671780.000,0,-,-,-,-,2850.8000,2850.4000,2850.2000,2849.8000,2849.2000,2851.8000,2852.0000,2852.2000,2853.0000,2855.0000,1,1,1,1,2,1,1,1,1,1
SF,IH2006,2020-02-14 09:30:07.600,2850.0000,10601,0,13671780.000,0,-,-,-,-,2850.8000,2850.2000,2849.8000,2849.2000,2848.0000,2851.8000,2852.0000,2852.2000,2853.0000,2855.0000,1,1,1,2,1,1,1,1,1,1
SF,IH2006,2020-02-14 09:30:08.100,2850.0000,10601,0,13671780.000,0,-,-,-,-,2850.8000,2850.2000,2849.8000,2849.2000,2848.0000,2851.8000,2852.0000,2852.2000,2853.0000,2855.0000,1,1,1,1,1,1,1,1,1,1
SF,IH2006,2020-02-14 09:30:08.600,2850.0000,10601,0,13671780.000,0,-,-,-,-,2851.0000,2849.8000,2849.2000,2848.0000,2847.4000,2851.8000,2852.0000,2852.2000,2853.0000,2855.0000,2,1,1,1,1,1,1,1,1,1
SF,IH2006,2020-02-14 09:30:09.100,2851.0000,10600,-1,14527080.000,1,0,1,双平,S,2851.0000,2849.8000,2849.2000,2848.0000,2847.4000,2851.8000,2852.0000,2852.2000,2853.0000,2855.0000,1,1,1,1,1,1,1,1,1,1
SF,IH2006,2020-02-14 09:30:09.600,2851.0000,10600,0,14527080.000,0,-,-,-,-,2851.0000,2849.8000,2849.2000,2848.0000,2847.4000,2851.8000,2852.0000,2852.2000,2853.0000,2855.0000,1,1,1,1,1,1,1,1,1,1
SF,IH2006,2020-02-14 09:30:10.100,2851.6000,10599,-1,15382560.000,1,0,1,双平,S,2851.0000,2849.8000,2849.2000,2848.0000,2847.4000,2851.8000,2852.0000,2852.2000,2853.0000,2855.0000,1,1,1,1,1,1,1,1,1,1
SF,IH2006,2020-02-14 09:30:10.600,2851.8000,10596,-3,17949240.000,3,0,3,双平,S,2851.2000,2849.8000,2849.2000,2848.0000,2847.4000,2852.2000,2853.0000,2855.0000,2858.0000,2861.4000,1,1,1,1,1,1,1,1,1,5
SF,IH2006,2020-02-14 09:30:11.100,2851.4000,10594,-2,19660080.000,2,0,2,双平,S,2851.2000,2849.8000,2849.2000,2848.0000,2847.4000,2852.2000,2853.0000,2855.0000,2858.0000,2861.4000,1,1,1,1,1,1,1,1,1,5
SF,IH2006,2020-02-14 09:30:12.600,2851.4000,10594,0,19660080.000,0,-,-,-,-,2851.4000,2849.8000,2849.2000,2848.0000,2847.4000,2852.2000,2853.0000,2855.0000,2858.0000,2861.4000,1,1,1,1,1,1,1,1,1,5
SF,IH2006,2020-02-14 09:30:13.100,2851.4000,10593,-1,20515500.000,1,0,1,双平,S,2849.8000,2849.2000,2848.0000,2847.4000,2844.0000,2852.2000,2853.0000,2855.0000,2858.0000,2861.4000,1,1,1,1,3,1,1,1,1,5
SF,IH2006,2020-02-14 09:30:13.600,2852.0000,10591,-2,22226700.000,2,0,2,双平,S,2850.0000,2849.8000,2849.2000,2848.0000,2847.4000,2852.2000,2853.0000,2855.0000,2858.0000,2861.4000,3,1,1,1,1,1,1,1,1,5
SF,IH2006,2020-02-14 09:30:14.100,2852.0000,10591,0,22226700.000,0,-,-,-,-,2850.0000,2848.0000,2847.4000,2844.0000,2843.0000,2852.0000,2852.2000,2853.0000,2855.0000,2858.0000,3,1,1,3,1,3,1,1,1,1
SF,IH2006,2020-02-14 09:30:14.600,2852.0000,10591,0,22226700.000,0,-,-,-,-,2851.8000,2850.0000,2848.0000,2847.4000,2844.0000,2852.0000,2852.2000,2853.0000,2855.0000,2858.0000,1,3,1,1,3,1,1,1,1,1
SF,IH2006,2020-02-14 09:30:15.100,2851.8000,10591,0,23082240.000,1,0,1,多换,S,2850.0000,2848.0000,2847.4000,2844.0000,2843.0000,2851.4000,2852.0000,2852.2000,2853.0000,2855.0000,2,1,1,3,1,2,1,1,1,1
SF,IH2006,2020-02-14 09:30:15.600,2851.8000,10591,0,23082240.000,0,-,-,-,-,2850.0000,2848.0000,2847.4000,2844.0000,2843.0000,2851.4000,2852.0000,2852.2000,2853.0000,2855.0000,3,1,1,3,1,2,1,1,1,1
SF,IH2006,2020-02-14 09:30:16.100,2850.0000,10590,-1,23937240.000,1,0,1,双平,S,2850.0000,2848.0000,2847.4000,2844.0000,2843.0000,2852.0000,2852.2000,2853.0000,2855.0000,2858.0000,2,1,1,3,1,1,2,1,1,1
SF,IH2006,2020-02-14 09:30:16.600,2850.0000,10590,0,23937240.000,0,-,-,-,-,2850.2000,2850.0000,2848.0000,2847.4000,2844.0000,2852.0000,2852.2000,2853.0000,2855.0000,2858.0000,1,2,1,1,3,1,2,1,1,1
SF,IH2006,2020-02-14 09:30:17.100,2850.0000,10590,0,23937240.000,0,-,-,-,-,2850.4000,2850.2000,2847.4000,2844.0000,2843.0000,2851.8000,2852.0000,2852.2000,2853.0000,2855.0000,2,1,1,3,1,3,1,2,1,1
SF,IH2006,2020-02-14 09:30:17.600,2850.0000,10590,0,23937240.000,0,-,-,-,-,2850.4000,2847.4000,2844.0000,2843.0000,2842.8000,2851.6000,2852.2000,2853.0000,2855.0000,2858.0000,2,1,3,1,1,1,2,1,1,1
SF,IH2006,2020-02-14 09:30:18.100,2850.0000,10590,0,23937240.000,0,-,-,-,-,2850.6000,2850.4000,2847.4000,2844.0000,2843.0000,2851.6000,2852.2000,2853.0000,2855.0000,2858.0000,1,1,1,3,1,1,2,1,1,1
SF,IH2006,2020-02-14 09:30:19.600,2851.6000,10589,-1,24792720.000,1,0,1,双平,S,2850.4000,2847.4000,2844.0000,2843.0000,2842.8000,2852.2000,2853.0000,2855.0000,2858.0000,2861.4000,1,1,3,1,1,2,1,1,1,5
SF,IH2006,2020-02-14 09:30:20.100,2851.6000,10589,0,24792720.000,0,-,-,-,-,2850.6000,2850.4000,2847.4000,2844.0000,2843.0000,2852.2000,2853.0000,2855.0000,2858.0000,2861.4000,2,1,1,3,1,2,1,1,1,5
SF,IH2006,2020-02-14 09:30:20.600,2851.6000,10589,0,24792720.000,0,-,-,-,-,2850.8000,2850.6000,2850.4000,2847.4000,2844.0000,2852.2000,2853.0000,2855.0000,2858.0000,2861.4000,2,2,1,1,3,2,1,1,1,5
SF,IH2006,2020-02-14 09:30:24.100,2851.6000,10589,0,24792720.000,0,-,-,-,-,2851.0000,2850.8000,2850.6000,2850.4000,2847.4000,2852.0000,2852.2000,2853.0000,2855.0000,2858.0000,2,2,2,1,1,1,2,1,1,1
SF,IH2006,2020-02-14 09:30:24.600,2852.0000,10589,0,25648320.000,1,0,1,多换,S,2851.0000,2850.8000,2850.6000,2850.4000,2847.4000,2852.2000,2853.0000,2855.0000,2858.0000,2861.4000,2,2,1,1,1,2,1,1,1,5
SF,IH2006,2020-02-14 09:30:25.100,2852.2000,10589,0,26503980.000,1,0,1,多换,S,2851.0000,2850.8000,2850.6000,2850.4000,2847.4000,2852.2000,2853.0000,2855.0000,2858.0000,2861.4000,2,2,1,1,1,1,1,1,1,5
SF,IH2006,2020-02-14 09:30:25.600,2852.2000,10589,0,26503980.000,0,-,-,-,-,2851.2000,2851.0000,2850.8000,2850.6000,2850.4000,2851.4000,2852.2000,2853.0000,2855.0000,2858.0000,1,2,2,1,1,1,1,1,1,1
SF,IH2006,2020-02-14 09:30:26.100,2852.2000,10588,-1,28215060.000,2,0,2,多平,S,2851.6000,2851.4000,2851.0000,2850.8000,2850.4000,2853.0000,2855.0000,2858.0000,2861.4000,2862.0000,2,3,1,2,1,1,1,1,5,1
SF,IH2006,2020-02-14 09:30:26.600,2852.2000,10588,0,28215060.000,0,-,-,-,-,2851.8000,2851.6000,2851.4000,2851.0000,2850.8000,2853.0000,2855.0000,2858.0000,2861.4000,2862.0000,2,2,3,1,2,1,1,1,5,1
SF,IH2006,2020-02-14 09:30:27.100,2852.2000,10588,0,28215060.000,0,-,-,-,-,2851.8000,2851.6000,2851.4000,2851.0000,2850.8000,2853.0000,2855.0000,2858.0000,2861.4000,2862.0000,2,2,3,1,1,1,1,1,5,1
SF,IH2006,2020-02-14 09:30:27.600,2852.2000,10588,0,28215060.000,0,-,-,-,-,2851.8000,2851.6000,2851.4000,2851.0000,2850.8000,2853.0000,2855.0000,2858.0000,2861.4000,2862.0000,2,2,3,1,1,1,1,1,5,1
SF,IH2006,2020-02-14 09:30:28.100,2852.2000,10588,0,28215060.000,0,-,-,-,-,2852.0000,2851.8000,2851.6000,2851.4000,2851.0000,2853.0000,2855.0000,2858.0000,2861.4000,2862.0000,1,1,2,2,1,1,1,1,5,1
SF,IH2006,2020-02-14 09:30:28.600,2852.2000,10588,0,28215060.000,0,-,-,-,-,2852.0000,2851.6000,2851.4000,2851.0000,2850.4000,2853.0000,2855.0000,2858.0000,2861.4000,2862.0000,1,2,2,1,1,1,1,1,5,1
SF,IH2006,2020-02-14 09:30:30.100,2852.2000,10588,0,29070720.000,1,0,1,多换,S,2851.6000,2851.4000,2851.0000,2850.4000,2847.4000,2853.0000,2855.0000,2858.0000,2861.4000,2862.0000,2,2,1,1,1,1,1,1,5,1
SF,IH2006,2020-02-14 09:30:30.600,2851.8000,10587,-1,29926260.000,1,0,1,双平,S,2851.6000,2851.4000,2851.0000,2850.4000,2847.4000,2853.0000,2855.0000,2858.0000,2861.4000,2862.0000,2,2,1,1,1,1,1,1,5,1
SF,IH2006,2020-02-14 09:30:31.100,2851.8000,10587,0,29926260.000,0,-,-,-,-,2851.6000,2851.4000,2851.0000,2850.4000,2847.4000,2855.0000,2858.0000,2861.4000,2862.0000,2862.6000,2,2,1,1,1,1,1,5,1,1
SF,IH2006,2020-02-14 09:30:31.600,2851.8000,10587,0,29926260.000,0,-,-,-,-,2851.8000,2851.6000,2851.4000,2851.0000,2850.4000,2854.8000,2855.0000,2858.0000,2861.4000,2862.0000,1,2,2,1,1,4,1,1,5,1
SF,IH2006,2020-02-14 09:30:32.100,2851.8000,10587,0,29926260.000,0,-,-,-,-,2852.0000,2851.8000,2851.6000,2851.4000,2851.0000,2854.8000,2855.0000,2858.0000,2861.4000,2862.0000,1,1,2,2,1,4,1,1,5,1
SF,IH2006,2020-02-14 09:30:32.600,2851.8000,10587,0,29926260.000,0,-,-,-,-,2852.2000,2852.0000,2851.6000,2851.4000,2851.0000,2854.8000,2855.0000,2858.0000,2861.4000,2862.0000,1,1,2,2,1,4,1,1,5,1
SF,IH2006,2020-02-14 09:30:33.100,2851.8000,10587,0,29926260.000,0,-,-,-,-,2852.0000,2851.6000,2851.4000,2851.0000,2847.4000,2854.8000,2855.0000,2858.0000,2860.0000,2861.4000,1,1,2,1,1,4,1,1,1,5
SF,IH2006,2020-02-14 09:30:33.600,2851.8000,10587,0,29926260.000,0,-,-,-,-,2852.2000,2852.0000,2851.6000,2851.4000,2851.0000,2854.6000,2854.8000,2855.0000,2858.0000,2860.0000,1,1,1,2,1,1,4,1,1,1
SF,IH2006,2020-02-14 09:30:34.100,2851.8000,10587,0,29926260.000,0,-,-,-,-,2852.2000,2852.0000,2851.6000,2851.4000,2851.0000,2854.4000,2854.6000,2855.0000,2858.0000,2860.0000,1,1,1,2,1,4,1,1,1,1
SF,IH2006,2020-02-14 09:30:34.600,2851.8000,10587,0,29926260.000,0,-,-,-,-,2852.2000,2852.0000,2851.6000,2851.4000,2851.0000,2854.2000,2854.4000,2854.6000,2855.0000,2858.0000,2,1,1,2,1,1,4,1,1,1
SF,IH2006,2020-02-14 09:30:35.100,2854.0000,10587,0,30782460.000,1,0,1,多换,S,2852.2000,2852.0000,2851.6000,2851.4000,2851.0000,2854.0000,2854.2000,2854.4000,2855.0000,2858.0000,2,1,1,2,1,1,1,3,1,1
SF,IH2006,2020-02-14 09:30:35.600,2854.0000,10587,0,30782460.000,0,-,-,-,-,2852.2000,2852.0000,2851.6000,2851.4000,2851.0000,2853.8000,2854.2000,2854.4000,2855.0000,2858.0000,2,1,1,2,1,2,1,3,1,1
SF,IH2006,2020-02-14 09:30:36.100,2854.0000,10587,0,30782460.000,0,-,-,-,-,2852.4000,2852.2000,2852.0000,2851.6000,2851.4000,2853.8000,2854.4000,2855.0000,2858.0000,2860.0000,1,2,1,1,2,2,3,1,1,1
SF,IH2006,2020-02-14 09:30:36.600,2854.0000,10587,0,30782460.000,0,-,-,-,-,2852.4000,2852.2000,2852.0000,2851.6000,2851.4000,2853.8000,2854.4000,2855.0000,2858.0000,2860.0000,1,2,1,1,2,1,3,1,1,1
SF,IH2006,2020-02-14 09:30:37.100,2854.0000,10587,0,30782460.000,0,-,-,-,-,2852.6000,2852.4000,2852.2000,2852.0000,2851.6000,2854.4000,2855.0000,2858.0000,2860.0000,2861.4000,1,1,1,1,1,3,1,1,1,5
SF,IH2006,2020-02-14 09:30:37.600,2854.0000,10587,0,30782460.000,0,-,-,-,-,2852.6000,2852.4000,2852.2000,2852.0000,2851.6000,2854.2000,2854.4000,2855.0000,2858.0000,2860.0000,1,1,1,1,1,3,3,1,1,1
SF,IH2006,2020-02-14 09:30:38.100,2854.0000,10587,0,30782460.000,0,-,-,-,-,2852.6000,2852.4000,2852.2000,2852.0000,2851.6000,2854.2000,2854.4000,2855.0000,2858.0000,2860.0000,1,1,1,1,1,3,3,1,1,1
SF,IH2006,2020-02-14 09:30:38.600,2854.0000,10587,0,30782460.000,0,-,-,-,-,2853.0000,2852.8000,2852.6000,2852.4000,2852.2000,2854.2000,2854.4000,2855.0000,2858.0000,2860.0000,3,1,1,1,1,2,3,1,1,1
SF,IH2006,2020-02-14 09:30:39.100,2854.0000,10587,0,30782460.000,0,-,-,-,-,2853.0000,2852.8000,2852.6000,2852.4000,2852.2000,2854.4000,2855.0000,2858.0000,2860.0000,2861.4000,3,1,1,1,1,1,1,1,1,5
SF,IH2006,2020-02-14 09:30:39.600,2854.0000,10587,0,30782460.000,0,-,-,-,-,2853.2000,2853.0000,2852.8000,2852.6000,2852.4000,2854.4000,2855.0000,2858.0000,2860.0000,2861.4000,1,3,1,1,2,1,1,1,1,5
SF,IH2006,2020-02-14 09:30:40.600,2854.0000,10587,0,30782460.000,0,-,-,-,-,2853.2000,2853.0000,2852.8000,2852.6000,2852.4000,2855.0000,2858.0000,2860.0000,2861.4000,2862.0000,1,3,1,1,2,1,1,1,5,1
SF,IH2006,2020-02-14 09:30:41.100,2854.0000,10587,0,30782460.000,0,-,-,-,-,2853.4000,2853.2000,2853.0000,2852.8000,2852.4000,2853.8000,2854.8000,2855.0000,2858.0000,2860.0000,1,1,3,1,2,1,3,1,1,1
SF,IH2006,2020-02-14 09:30:41.600,2853.8000,10586,-1,31638600.000,1,0,1,双平,S,2854.0000,2853.8000,2853.4000,2853.2000,2853.0000,2854.8000,2855.0000,2858.0000,2860.0000,2861.4000,1,2,1,1,3,1,1,1,1,5
SF,IH2006,2020-02-14 09:30:42.100,2853.8000,10586,0,31638600.000,0,-,-,-,-,2854.0000,2853.8000,2853.4000,2853.2000,2853.0000,2855.0000,2858.0000,2860.0000,2861.4000,2862.0000,1,2,1,1,3,1,1,1,5,1
SF,IH2006,2020-02-14 09:30:43.100,2853.8000,10585,-1,32494740.000,1,0,1,双平,S,2854.8000,2853.8000,2853.4000,2853.2000,2853.0000,2855.0000,2858.0000,2860.0000,2861.4000,2862.0000,1,2,1,1,3,1,1,1,5,1
SF,IH2006,2020-02-14 09:30:43.600,2854.8000,10585,0,33351180.000,1,0,1,多换,S,2853.8000,2853.4000,2853.2000,2853.0000,2852.4000,2854.8000,2855.0000,2858.0000,2860.0000,2861.4000,2,1,1,3,2,1,1,1,1,5
SF,IH2006,2020-02-14 09:30:44.600,2854.8000,10585,0,33351180.000,0,-,-,-,-,2853.8000,2853.4000,2853.2000,2853.0000,2852.4000,2855.0000,2858.0000,2860.0000,2861.4000,2862.0000,2,1,1,3,2,1,1,1,5,1
SF,IH2006,2020-02-14 09:30:45.100,2855.0000,10584,-1,34207680.000,1,0,1,双平,S,2853.8000,2853.4000,2853.2000,2853.0000,2852.4000,2858.0000,2860.0000,2861.4000,2862.0000,2862.6000,2,1,1,3,2,1,1,5,1,1
SF,IH2006,2020-02-14 09:30:45.600,2857.4000,10583,-1,35064900.000,1,0,1,双平,S,2854.8000,2854.6000,2854.0000,2853.8000,2853.2000,2857.4000,2857.6000,2857.8000,2858.0000,2860.0000,1,1,3,2,1,1,3,7,1,1
SF,IH2006,2020-02-14 09:30:46.100,2857.4000,10583,0,35064900.000,0,-,-,-,-,2855.0000,2854.8000,2854.6000,2854.0000,2853.8000,2857.0000,2857.2000,2857.4000,2857.8000,2858.0000,1,1,1,2,2,3,8,1,2,1
SF,IH2006,2020-02-14 09:30:46.600,2857.4000,10583,0,35064900.000,0,-,-,-,-,2855.0000,2854.8000,2854.6000,2854.0000,2853.8000,2856.8000,2857.2000,2857.4000,2857.8000,2858.0000,1,1,1,2,2,5,2,1,2,1
SF,IH2006,2020-02-14 09:30:47.100,2857.4000,10583,0,35064900.000,0,-,-,-,-,2855.0000,2854.8000,2854.6000,2854.0000,2853.8000,2856.6000,2856.8000,2857.2000,2857.8000,2858.0000,1,1,1,1,2,2,5,2,2,1
SF,IH2006,2020-02-14 09:30:47.600,2857.4000,10583,0,35064900.000,0,-,-,-,-,2855.0000,2854.8000,2854.6000,2854.0000,2853.8000,2856.4000,2856.6000,2857.2000,2857.8000,2858.0000,1,1,1,1,2,5,2,3,2,1
SF,IH2006,2020-02-14 09:30:48.100,2857.4000,10583,0,35064900.000,0,-,-,-,-,2855.0000,2854.6000,2854.0000,2853.8000,2853.0000,2856.4000,2857.2000,2857.8000,2858.0000,2860.0000,1,1,1,2,3,5,3,2,1,1
SF,IH2006,2020-02-14 09:30:48.600,2857.4000,10583,0,35064900.000,0,-,-,-,-,2855.0000,2854.6000,2854.0000,2853.8000,2853.0000,2856.4000,2857.2000,2857.8000,2858.0000,2860.0000,1,1,1,2,3,5,2,2,1,1
SF,IH2006,2020-02-14 09:30:49.100,2857.4000,10583,0,35064900.000,0,-,-,-,-,2855.0000,2854.6000,2854.0000,2853.8000,2853.0000,2856.2000,2856.4000,2857.2000,2857.8000,2858.0000,1,1,1,2,3,2,6,1,2,1
SF,IH2006,2020-02-14 09:30:49.600,2857.4000,10583,0,35064900.000,0,-,-,-,-,2854.6000,2854.0000,2853.8000,2853.0000,2852.4000,2855.0000,2856.0000,2856.2000,2856.4000,2857.8000,1,1,2,3,2,1,4,2,2,2
SF,IH2006,2020-02-14 09:30:50.100,2857.4000,10583,0,35064900.000,0,-,-,-,-,2854.6000,2854.0000,2853.8000,2853.0000,2852.4000,2856.0000,2856.4000,2857.8000,2858.0000,2860.0000,1,1,2,3,2,3,2,2,1,1
SF,IH2006,2020-02-14 09:30:50.600,2856.2000,10582,-1,35921760.000,1,0,1,双平,S,2854.8000,2854.6000,2854.0000,2853.8000,2853.0000,2855.8000,2856.0000,2856.4000,2857.8000,2858.0000,1,1,1,2,3,2,3,2,2,1
SF,IH2006,2020-02-14 09:30:51.100,2856.2000,10582,0,35921760.000,0,-,-,-,-,2854.6000,2854.0000,2853.8000,2853.0000,2852.4000,2855.8000,2856.0000,2856.4000,2857.8000,2858.0000,1,1,2,3,1,2,3,2,2,1
SF,IH2006,2020-02-14 09:30:51.600,2856.2000,10582,0,35921760.000,0,-,-,-,-,2854.6000,2854.0000,2853.8000,2853.0000,2852.4000,2855.8000,2856.0000,2856.4000,2857.8000,2858.0000,1,1,2,3,1,2,3,2,2,1
SF,IH2006,2020-02-14 09:30:52.100,2856.2000,10582,0,35921760.000,0,-,-,-,-,2854.8000,2854.6000,2853.8000,2853.0000,2852.4000,2856.0000,2856.4000,2857.8000,2858.0000,2859.0000,2,1,2,3,1,3,2,2,1,1
SF,IH2006,2020-02-14 09:30:52.600,2856.2000,10582,0,35921760.000,0,-,-,-,-,2854.8000,2854.6000,2853.8000,2852.4000,2852.2000,2856.0000,2856.4000,2857.8000,2858.0000,2859.0000,2,1,2,1,1,3,2,2,1,1
SF,IH2006,2020-02-14 09:30:53.100,2854.8000,10581,-1,36778200.000,1,0,1,双平,S,2854.6000,2853.8000,2852.4000,2852.2000,2852.0000,2855.8000,2856.0000,2856.4000,2857.8000,2858.0000,1,2,1,1,1,1,3,1,2,1
SF,IH2006,2020-02-14 09:30:53.600,2854.6000,10580,-1,37634580.000,1,0,1,双平,S,2853.8000,2852.4000,2852.2000,2852.0000,2851.0000,2854.6000,2855.6000,2855.8000,2857.8000,2858.0000,2,1,1,1,1,1,4,1,2,1
SF,IH2006,2020-02-14 09:30:54.100,2854.6000,10580,0,37634580.000,0,-,-,-,-,2854.0000,2853.8000,2852.4000,2852.2000,2852.0000,2854.6000,2855.6000,2855.8000,2857.8000,2858.0000,1,2,1,1,1,1,3,1,2,1
SF,IH2006,2020-02-14 09:30:54.600,2854.6000,10580,0,37634580.000,0,-,-,-,-,2853.8000,2852.4000,2852.2000,2852.0000,2851.0000,2854.4000,2854.6000,2855.6000,2855.8000,2857.8000,2,1,1,1,1,1,1,2,1,2
SF,IH2006,2020-02-14 09:30:55.100,2854.6000,10580,0,38490960.000,1,0,1,多换,S,2852.4000,2852.2000,2852.0000,2851.0000,2850.2000,2854.2000,2854.4000,2854.6000,2855.8000,2857.8000,1,1,1,1,2,2,1,2,1,2
SF,IH2006,2020-02-14 09:30:55.600,2854.6000,10580,0,38490960.000,0,-,-,-,-,2852.6000,2852.4000,2852.2000,2852.0000,2851.0000,2854.0000,2854.2000,2854.6000,2855.8000,2857.8000,2,1,1,1,1,3,2,2,1,2
SF,IH2006,2020-02-14 09:30:56.100,2852.6000,10580,0,39346740.000,1,0,1,多换,S,2852.6000,2852.4000,2852.2000,2852.0000,2851.0000,2854.0000,2854.2000,2854.6000,2855.8000,2857.8000,1,1,1,1,1,3,2,2,1,2
SF,IH2006,2020-02-14 09:30:56.600,2852.6000,10580,0,39346740.000,0,-,-,-,-,2852.6000,2852.4000,2852.2000,2852.0000,2851.0000,2854.0000,2854.2000,2854.6000,2855.8000,2857.8000,1,1,1,1,1,2,2,2,1,2
SF,IH2006,2020-02-14 09:30:57.100,2852.6000,10580,0,39346740.000,0,-,-,-,-,2852.4000,2852.2000,2852.0000,2850.2000,2849.6000,2853.8000,2854.0000,2854.6000,2857.8000,2858.0000,1,1,1,2,1,3,2,2,2,1
SF,IH2006,2020-02-14 09:30:57.600,2852.6000,10580,0,39346740.000,0,-,-,-,-,2852.4000,2852.2000,2852.0000,2850.2000,2849.6000,2853.6000,2853.8000,2854.0000,2854.6000,2857.8000,1,1,1,2,1,3,1,1,2,2
SF,IH2006,2020-02-14 09:30:58.100,2852.6000,10580,0,39346740.000,0,-,-,-,-,2852.6000,2852.4000,2852.2000,2852.0000,2850.2000,2853.6000,2853.8000,2854.0000,2854.6000,2857.8000,1,1,1,1,2,3,1,1,2,2
SF,IH2006,2020-02-14 09:30:58.600,2852.6000,10580,0,39346740.000,0,-,-,-,-,2852.6000,2852.4000,2852.2000,2852.0000,2850.2000,2853.6000,2853.8000,2854.0000,2854.6000,2857.8000,1,1,1,1,2,1,1,1,2,2
SF,IH2006,2020-02-14 09:30:59.100,2852.6000,10580,0,39346740.000,0,-,-,-,-,2852.6000,2852.4000,2852.2000,2852.0000,2850.2000,2853.8000,2854.0000,2854.6000,2857.8000,2858.0000,1,1,1,1,2,1,1,2,2,1
SF,IH2006,2020-02-14 09:30:59.600,2852.6000,10580,0,39346740.000,0,-,-,-,-,2852.6000,2852.4000,2852.2000,2852.0000,2850.2000,2854.6000,2857.8000,2858.0000,2859.0000,2860.0000,1,1,1,1,2,2,2,1,1,1
SF,IH2006,2020-02-14 09:31:00.100,2852.6000,10580,0,39346740.000,0,-,-,-,-,2852.8000,2852.6000,2852.4000,2852.2000,2852.0000,2854.4000,2854.6000,2857.8000,2858.0000,2859.0000,1,1,1,1,1,3,2,2,1,1
SF,IH2006,2020-02-14 09:31:01.100,2852.6000,10580,0,39346740.000,0,-,-,-,-,2852.8000,2852.6000,2852.4000,2852.2000,2852.0000,2854.4000,2854.6000,2857.8000,2858.0000,2859.0000,1,2,1,1,1,3,2,2,1,1
SF,IH2006,2020-02-14 09:31:01.600,2852.6000,10580,0,39346740.000,0,-,-,-,-,2852.8000,2852.6000,2852.4000,2852.2000,2852.0000,2854.4000,2854.6000,2857.8000,2858.0000,2859.0000,2,2,1,1,1,3,2,2,1,1
SF,IH2006,2020-02-14 09:31:02.100,2852.6000,10580,0,39346740.000,0,-,-,-,-,2852.8000,2852.6000,2852.4000,2852.2000,2852.0000,2854.4000,2854.6000,2857.8000,2858.0000,2859.0000,1,2,1,1,1,3,2,2,1,1
SF,IH2006,2020-02-14 09:31:02.600,2852.6000,10580,0,39346740.000,0,-,-,-,-,2852.8000,2852.6000,2852.4000,2852.2000,2852.0000,2854.4000,2854.6000,2857.8000,2858.0000,2859.0000,1,1,1,1,1,3,2,2,1,1
SF,IH2006,2020-02-14 09:31:03.100,2852.6000,10580,0,39346740.000,0,-,-,-,-,2853.2000,2852.8000,2852.6000,2852.4000,2852.2000,2854.4000,2854.6000,2857.8000,2858.0000,2859.0000,1,1,2,1,1,2,2,2,1,1
SF,IH2006,2020-02-14 09:31:03.600,2852.6000,10580,0,39346740.000,0,-,-,-,-,2852.8000,2852.6000,2852.4000,2852.2000,2852.0000,2854.4000,2854.6000,2857.8000,2858.0000,2859.0000,2,2,1,1,1,2,2,2,1,1
SF,IH2006,2020-02-14 09:31:04.100,2852.6000,10580,0,39346740.000,0,-,-,-,-,2853.0000,2852.8000,2852.6000,2852.4000,2852.2000,2854.4000,2854.6000,2857.8000,2858.0000,2859.0000,1,2,2,1,1,2,2,2,1,1
SF,IH2006,2020-02-14 09:31:04.600,2852.6000,10580,0,39346740.000,0,-,-,-,-,2853.0000,2852.8000,2852.6000,2852.4000,2852.2000,2854.4000,2854.6000,2857.8000,2858.0000,2859.0000,1,2,1,1,1,2,2,2,1,1
SF,IH2006,2020-02-14 09:31:05.600,2854.4000,10578,-2,41059380.000,2,0,2,双平,S,2853.2000,2852.8000,2852.6000,2852.4000,2852.2000,2854.6000,2857.8000,2858.0000,2859.0000,2860.0000,1,2,1,1,1,2,2,1,1,1
SF,IH2006,2020-02-14 09:31:06.100,2854.6000,10577,-1,42772140.000,2,0,2,多平,S,2853.6000,2853.4000,2852.8000,2852.6000,2852.4000,2857.8000,2858.0000,2859.0000,2860.0000,2861.4000,1,2,1,1,1,2,1,1,1,5
SF,IH2006,2020-02-14 09:31:06.600,2854.6000,10577,0,42772140.000,0,-,-,-,-,2853.8000,2852.8000,2852.6000,2852.4000,2852.2000,2857.4000,2857.6000,2857.8000,2858.0000,2859.0000,1,1,1,1,1,5,5,2,1,1
SF,IH2006,2020-02-14 09:31:07.100,2854.6000,10577,0,42772140.000,0,-,-,-,-,2854.0000,2853.8000,2852.8000,2852.6000,2852.4000,2857.2000,2857.4000,2857.6000,2857.8000,2858.0000,1,1,1,1,1,6,5,1,2,1
SF,IH2006,2020-02-14 09:31:07.600,2854.6000,10577,0,42772140.000,0,-,-,-,-,2854.2000,2852.8000,2852.6000,2852.4000,2852.2000,2857.2000,2857.4000,2857.6000,2857.8000,2858.0000,2,1,1,1,1,6,5,1,2,1
SF,IH2006,2020-02-14 09:31:08.100,2854.2000,10577,0,43628400.000,1,0,1,多换,S,2854.2000,2852.8000,2852.6000,2852.4000,2852.2000,2857.0000,2857.2000,2857.4000,2857.6000,2857.8000,1,1,1,1,1,4,6,2,1,2
SF,IH2006,2020-02-14 09:31:08.600,2854.2000,10577,0,43628400.000,0,-,-,-,-,2852.8000,2852.6000,2852.4000,2852.2000,2852.0000,2856.0000,2856.8000,2857.0000,2857.2000,2857.4000,1,2,1,1,1,1,6,4,2,2
SF,IH2006,2020-02-14 09:31:09.100,2854.2000,10577,0,43628400.000,0,-,-,-,-,2853.0000,2852.8000,2852.6000,2852.4000,2852.2000,2855.8000,2856.0000,2856.8000,2857.0000,2857.4000,1,1,2,1,1,5,1,2,3,2
SF,IH2006,2020-02-14 09:31:09.600,2854.2000,10577,0,43628400.000,0,-,-,-,-,2853.0000,2852.8000,2852.6000,2852.4000,2852.2000,2855.6000,2855.8000,2856.0000,2857.0000,2857.4000,1,1,2,1,1,2,5,1,3,2
SF,IH2006,2020-02-14 09:31:10.100,2854.2000,10577,0,43628400.000,0,-,-,-,-,2853.2000,2853.0000,2852.8000,2852.6000,2852.4000,2855.4000,2855.6000,2855.8000,2856.0000,2857.0000,1,2,1,2,1,2,2,3,1,3
SF,IH2006,2020-02-14 09:31:10.600,2854.2000,10577,0,43628400.000,0,-,-,-,-,2853.4000,2853.2000,2853.0000,2852.8000,2852.6000,2855.4000,2855.8000,2856.0000,2857.6000,2858.0000,1,1,1,1,2,1,3,1,1,1
SF,IH2006,2020-02-14 09:31:11.100,2854.2000,10577,0,43628400.000,0,-,-,-,-,2853.6000,2853.4000,2853.2000,2852.8000,2852.6000,2855.2000,2855.4000,2855.8000,2856.0000,2857.6000,1,1,1,1,2,1,1,3,1,1
SF,IH2006,2020-02-14 09:31:11.600,2854.2000,10577,0,43628400.000,0,-,-,-,-,2853.8000,2853.4000,2853.2000,2852.8000,2852.6000,2855.4000,2856.0000,2857.6000,2858.0000,2859.0000,2,1,1,1,2,1,1,1,1,1
SF,IH2006,2020-02-14 09:31:12.100,2855.4000,10576,-1,44485020.000,1,0,1,双平,S,2853.8000,2853.2000,2852.8000,2852.6000,2852.4000,2856.0000,2857.6000,2858.0000,2859.0000,2860.0000,2,1,1,2,1,1,1,1,1,1
SF,IH2006,2020-02-14 09:31:12.600,2855.4000,10576,0,44485020.000,0,-,-,-,-,2854.0000,2853.8000,2853.2000,2852.8000,2852.6000,2856.0000,2857.6000,2858.0000,2859.0000,2860.0000,1,1,1,1,2,1,1,1,1,1
SF,IH2006,2020-02-14 09:31:13.100,2855.4000,10576,0,44485020.000,0,-,-,-,-,2854.2000,2854.0000,2853.8000,2853.2000,2852.8000,2856.0000,2857.6000,2858.0000,2859.0000,2860.0000,2,1,1,1,1,1,1,1,1,1
SF,IH2006,2020-02-14 09:31:13.600,2855.4000,10576,0,44485020.000,0,-,-,-,-,2854.4000,2854.2000,2852.8000,2852.6000,2852.4000,2856.0000,2857.6000,2858.0000,2859.0000,2860.0000,2,2,1,2,1,1,1,1,1,1
SF,IH2006,2020-02-14 09:31:14.100,2854.6000,10575,-1,45341400.000,1,0,1,双平,S,2854.6000,2854.4000,2852.8000,2852.6000,2852.4000,2856.0000,2857.6000,2858.0000,2859.0000,2860.0000,2,3,1,2,1,1,1,1,1,1
SF,IH2006,2020-02-14 09:31:15.100,2854.6000,10575,0,45341400.000,0,-,-,-,-,2854.6000,2854.4000,2852.8000,2852.6000,2852.4000,2856.0000,2858.0000,2859.0000,2860.0000,2862.0000,2,2,1,2,1,1,1,1,1,2
SF,IH2006,2020-02-14 09:31:15.600,2856.0000,10574,-1,46198200.000,1,0,1,双平,S,2854.8000,2854.6000,2854.4000,2852.8000,2852.6000,2858.0000,2859.0000,2860.0000,2862.0000,2862.6000,1,2,1,1,2,1,1,1,2,1
SF,IH2006,2020-02-14 09:31:16.100,2856.0000,10574,0,46198200.000,0,-,-,-,-,2855.0000,2854.8000,2852.8000,2852.6000,2852.4000,2857.8000,2858.0000,2859.0000,2860.0000,2862.0000,2,1,1,2,1,5,1,1,1,2
SF,IH2006,2020-02-14 09:31:16.600,2856.0000,10574,0,46198200.000,0,-,-,-,-,2855.2000,2855.0000,2854.8000,2852.8000,2852.6000,2857.8000,2858.0000,2859.0000,2860.0000,2862.0000,1,2,1,1,2,5,1,1,1,2
SF,IH2006,2020-02-14 09:31:17.100,2856.0000,10574,0,46198200.000,0,-,-,-,-,2855.4000,2855.2000,2854.8000,2852.8000,2852.6000,2857.8000,2858.0000,2859.0000,2860.0000,2862.0000,2,1,1,1,2,5,1,1,1,2
SF,IH2006,2020-02-14 09:31:17.600,2856.0000,10574,0,46198200.000,0,-,-,-,-,2855.4000,2855.2000,2854.8000,2852.8000,2852.6000,2857.8000,2858.0000,2859.0000,2860.0000,2862.0000,2,1,1,1,2,5,1,1,1,2
SF,IH2006,2020-02-14 09:31:18.100,2856.0000,10574,0,46198200.000,0,-,-,-,-,2855.4000,2855.2000,2852.8000,2852.6000,2852.4000,2857.8000,2858.0000,2859.0000,2860.0000,2862.0000,2,1,1,2,1,4,1,1,1,2
SF,IH2006,2020-02-14 09:31:18.600,2856.0000,10574,0,46198200.000,0,-,-,-,-,2855.4000,2855.2000,2852.8000,2852.6000,2852.4000,2857.6000,2857.8000,2858.0000,2859.0000,2860.0000,2,1,1,2,1,2,4,1,1,1
SF,IH2006,2020-02-14 09:31:19.100,2856.0000,10574,0,46198200.000,0,-,-,-,-,2855.4000,2855.2000,2852.8000,2852.6000,2852.4000,2857.4000,2857.6000,2857.8000,2858.0000,2859.0000,2,1,1,2,1,1,2,3,1,1
SF,IH2006,2020-02-14 09:31:19.600,2856.0000,10574,0,46198200.000,0,-,-,-,-,2855.4000,2852.8000,2852.6000,2852.4000,2852.2000,2857.2000,2857.4000,2858.0000,2859.0000,2860.0000,1,1,2,1,1,4,1,1,1,1
SF,IH2006,2020-02-14 09:31:20.100,2856.0000,10574,0,46198200.000,0,-,-,-,-,2855.6000,2852.8000,2852.6000,2852.4000,2852.2000,2857.0000,2857.2000,2857.4000,2858.0000,2859.0000,2,1,2,1,1,2,1,1,1,1
SF,IH2006,2020-02-14 09:31:20.600,2856.0000,10574,0,46198200.000,0,-,-,-,-,2852.8000,2852.6000,2852.4000,2852.2000,2852.0000,2856.8000,2857.0000,2858.0000,2859.0000,2860.0000,1,2,1,1,1,5,2,1,1,1
SF,IH2006,2020-02-14 09:31:21.100,2856.0000,10574,0,46198200.000,0,-,-,-,-,2853.2000,2853.0000,2852.8000,2852.6000,2852.4000,2856.6000,2856.8000,2858.0000,2859.0000,2860.0000,1,4,1,2,1,3,4,1,1,1
SF,IH2006,2020-02-14 09:31:21.600,2856.0000,10574,0,46198200.000,0,-,-,-,-,2855.0000,2853.6000,2853.4000,2853.2000,2853.0000,2856.6000,2857.8000,2858.0000,2859.0000,2860.0000,1,2,2,1,2,3,1,1,1,1
SF,IH2006,2020-02-14 09:31:22.100,2856.0000,10574,0,46198200.000,0,-,-,-,-,2853.4000,2853.2000,2853.0000,2852.8000,2852.6000,2856.4000,2856.6000,2857.8000,2858.0000,2859.0000,1,1,1,1,2,5,2,1,1,1
SF,IH2006,2020-02-14 09:31:22.600,2856.0000,10574,0,46198200.000,0,-,-,-,-,2854.2000,2853.6000,2853.4000,2853.2000,2853.0000,2856.4000,2857.8000,2858.0000,2859.0000,2860.0000,1,1,1,1,1,4,1,1,1,1
SF,IH2006,2020-02-14 09:31:23.100,2856.0000,10574,0,46198200.000,0,-,-,-,-,2854.4000,2853.6000,2853.2000,2853.0000,2852.8000,2857.8000,2858.0000,2859.0000,2860.0000,2862.0000,1,1,1,1,1,1,1,1,1,2
SF,IH2006,2020-02-14 09:31:23.600,2856.0000,10574,0,46198200.000,0,-,-,-,-,2854.4000,2854.0000,2853.6000,2853.2000,2853.0000,2857.6000,2857.8000,2858.0000,2859.0000,2860.0000,1,1,1,1,1,4,1,1,1,1
SF,IH2006,2020-02-14 09:31:24.100,2856.0000,10574,0,46198200.000,0,-,-,-,-,2854.4000,2854.0000,2853.6000,2853.2000,2853.0000,2857.6000,2857.8000,2858.0000,2859.0000,2860.0000,1,1,1,1,1,4,1,1,1,1
SF,IH2006,2020-02-14 09:31:24.600,2856.0000,10574,0,46198200.000,0,-,-,-,-,2854.6000,2854.4000,2854.0000,2853.2000,2853.0000,2857.6000,2857.8000,2858.0000,2859.0000,2860.0000,1,2,1,1,1,4,1,1,1,1
SF,IH2006,2020-02-14 09:31:25.100,2857.6000,10573,-1,47912760.000,2,0,2,多平,S,2854.8000,2854.6000,2854.0000,2853.2000,2853.0000,2857.4000,2857.6000,2857.8000,2858.0000,2859.0000,2,1,1,1,1,1,2,1,1,1
SF,IH2006,2020-02-14 09:31:25.600,2857.6000,10573,0,47912760.000,0,-,-,-,-,2855.0000,2854.8000,2854.6000,2854.0000,2853.2000,2857.2000,2857.4000,2857.6000,2857.8000,2858.0000,1,2,1,1,1,1,1,1,1,1
SF,IH2006,2020-02-14 09:31:26.100,2857.6000,10573,0,47912760.000,0,-,-,-,-,2855.2000,2854.6000,2854.0000,2853.2000,2853.0000,2857.2000,2857.4000,2857.6000,2857.8000,2858.0000,2,1,1,1,1,1,1,1,1,1
SF,IH2006,2020-02-14 09:31:26.600,2857.6000,10573,0,47912760.000,0,-,-,-,-,2855.4000,2855.2000,2854.6000,2854.0000,2853.2000,2857.2000,2857.4000,2857.6000,2857.8000,2858.0000,1,3,1,1,1,1,1,1,1,1
SF,IH2006,2020-02-14 09:31:27.100,2857.6000,10573,0,47912760.000,0,-,-,-,-,2855.6000,2854.6000,2854.0000,2853.0000,2852.8000,2857.6000,2857.8000,2858.0000,2859.0000,2860.0000,3,1,1,1,1,1,1,1,1,1
SF,IH2006,2020-02-14 09:31:27.600,2857.6000,10573,0,47912760.000,0,-,-,-,-,2855.6000,2854.6000,2854.0000,2853.0000,2852.8000,2857.4000,2857.6000,2857.8000,2858.0000,2859.0000,4,1,1,1,1,2,1,1,1,1
SF,IH2006,2020-02-14 09:31:28.100,2857.6000,10573,0,47912760.000,0,-,-,-,-,2855.6000,2854.6000,2854.0000,2853.0000,2852.8000,2857.2000,2857.4000,2857.8000,2858.0000,2859.0000,3,1,1,1,1,2,2,1,1,1
SF,IH2006,2020-02-14 09:31:28.600,2857.6000,10573,0,47912760.000,0,-,-,-,-,2855.6000,2854.0000,2853.0000,2852.8000,2852.6000,2857.0000,2857.2000,2857.4000,2857.8000,2858.0000,3,1,1,1,2,2,1,2,1,1
SF,IH2006,2020-02-14 09:31:29.100,2857.6000,10570,-3,50484600.000,3,0,3,双平,S,2855.8000,2855.6000,2854.0000,2853.0000,2852.8000,2857.8000,2858.0000,2859.0000,2860.0000,2862.0000,1,2,1,1,1,1,1,1,2,2
SF,IH2006,2020-02-14 09:31:29.600,2856.0000,10570,0,51341400.000,1,0,1,多换,S,2855.8000,2854.0000,2853.0000,2852.8000,2852.6000,2857.6000,2857.8000,2858.0000,2859.0000,2860.0000,1,1,1,1,2,8,1,1,1,2
SF,IH2006,2020-02-14 09:31:30.100,2856.0000,10570,0,51341400.000,0,-,-,-,-,2855.8000,2854.0000,2853.0000,2852.8000,2852.6000,2857.2000,2857.6000,2857.8000,2858.0000,2859.0000,1,1,1,1,2,1,8,1,1,1
SF,IH2006,2020-02-14 09:31:30.600,2856.0000,10570,0,51341400.000,0,-,-,-,-,2856.0000,2855.8000,2854.0000,2853.0000,2852.8000,2857.0000,2857.2000,2857.6000,2857.8000,2858.0000,1,1,1,1,1,3,1,5,1,1
SF,IH2006,2020-02-14 09:31:31.100,2855.8000,10568,-2,53054940.000,2,0,2,双平,S,2854.0000,2853.0000,2852.8000,2852.6000,2852.4000,2857.0000,2857.2000,2857.6000,2857.8000,2858.0000,1,1,1,2,1,1,1,4,1,1
SF,IH2006,2020-02-14 09:31:31.600,2855.8000,10568,0,53054940.000,0,-,-,-,-,2854.8000,2854.2000,2854.0000,2853.0000,2852.8000,2856.8000,2857.0000,2857.2000,2857.6000,2857.8000,1,2,1,1,1,1,1,1,3,1
SF,IH2006,2020-02-14 09:31:32.100,2855.8000,10568,0,53054940.000,0,-,-,-,-,2855.0000,2854.8000,2854.2000,2854.0000,2853.0000,2856.8000,2857.0000,2857.2000,2857.6000,2857.8000,2,1,1,1,1,1,1,1,3,1
SF,IH2006,2020-02-14 09:31:32.600,2855.8000,10568,0,53054940.000,0,-,-,-,-,2855.2000,2855.0000,2854.8000,2854.2000,2854.0000,2857.0000,2857.2000,2857.6000,2857.8000,2858.0000,1,2,1,1,1,1,1,3,1,1
SF,IH2006,2020-02-14 09:31:33.100,2855.8000,10568,0,53054940.000,0,-,-,-,-,2855.4000,2855.2000,2854.2000,2854.0000,2853.0000,2857.0000,2857.2000,2857.6000,2857.8000,2858.0000,2,1,1,1,1,1,1,3,1,1
SF,IH2006,2020-02-14 09:31:33.600,2855.8000,10568,0,53054940.000,0,-,-,-,-,2855.4000,2854.2000,2854.0000,2853.0000,2852.8000,2856.8000,2857.0000,2857.2000,2857.6000,2857.8000,2,1,1,1,1,1,1,1,3,1
SF,IH2006,2020-02-14 09:31:34.100,2855.8000,10568,0,53054940.000,0,-,-,-,-,2855.4000,2854.2000,2854.0000,2853.0000,2852.8000,2856.8000,2857.0000,2857.2000,2857.6000,2857.8000,2,1,1,2,1,1,1,1,3,1
SF,IH2006,2020-02-14 09:31:34.600,2855.8000,10568,0,53054940.000,0,-,-,-,-,2855.4000,2854.2000,2854.0000,2853.0000,2852.8000,2856.8000,2857.0000,2857.2000,2857.6000,2857.8000,2,1,1,2,1,1,1,1,3,1
SF,IH2006,2020-02-14 09:31:35.100,2855.8000,10568,0,53054940.000,0,-,-,-,-,2855.4000,2854.2000,2854.0000,2853.0000,2852.8000,2856.8000,2857.0000,2857.2000,2857.6000,2857.8000,2,1,1,2,1,1,1,1,3,1
SF,IH2006,2020-02-14 09:31:35.600,2855.8000,10568,0,53054940.000,0,-,-,-,-,2855.4000,2854.2000,2854.0000,2853.0000,2852.8000,2856.6000,2856.8000,2857.2000,2857.6000,2857.8000,2,1,1,2,1,2,1,1,3,1
SF,IH2006,2020-02-14 09:31:36.100,2855.8000,10568,0,53054940.000,0,-,-,-,-,2855.4000,2854.2000,2854.0000,2853.0000,2852.8000,2857.2000,2857.6000,2857.8000,2858.0000,2859.0000,1,1,1,2,1,1,3,1,1,1
SF,IH2006,2020-02-14 09:31:36.600,2855.8000,10568,0,53054940.000,0,-,-,-,-,2855.6000,2855.4000,2854.2000,2854.0000,2853.0000,2857.0000,2857.2000,2857.6000,2857.8000,2858.0000,2,1,1,1,2,4,1,3,1,1
SF,IH2006,2020-02-14 09:31:37.100,2855.8000,10568,0,53054940.000,0,-,-,-,-,2855.8000,2855.6000,2854.2000,2854.0000,2853.0000,2857.0000,2857.2000,2857.6000,2857.8000,2858.0000,1,2,1,1,2,3,1,3,1,1
SF,IH2006,2020-02-14 09:31:37.600,2855.8000,10568,0,53054940.000,0,-,-,-,-,2855.8000,2855.6000,2854.2000,2854.0000,2853.0000,2857.0000,2857.2000,2857.6000,2857.8000,2858.0000,1,1,1,1,2,3,1,3,1,1
SF,IH2006,2020-02-14 09:31:38.100,2855.8000,10568,0,53054940.000,0,-,-,-,-,2855.8000,2855.6000,2854.2000,2854.0000,2853.0000,2857.2000,2857.6000,2857.8000,2858.0000,2859.0000,2,1,1,1,2,1,2,1,1,1
SF,IH2006,2020-02-14 09:31:38.600,2855.8000,10568,0,53054940.000,0,-,-,-,-,2856.0000,2855.8000,2855.6000,2854.2000,2854.0000,2857.2000,2857.6000,2857.8000,2858.0000,2859.0000,1,2,1,1,1,1,2,1,1,1
SF,IH2006,2020-02-14 09:31:39.100,2855.8000,10568,0,53054940.000,0,-,-,-,-,2856.2000,2855.8000,2854.2000,2854.0000,2853.0000,2857.2000,2857.6000,2857.8000,2858.0000,2859.0000,1,1,2,1,2,1,1,1,1,1
SF,IH2006,2020-02-14 09:31:39.600,2855.8000,10568,0,53054940.000,0,-,-,-,-,2856.2000,2854.2000,2854.0000,2853.0000,2852.6000,2857.2000,2857.6000,2857.8000,2858.0000,2859.0000,1,2,1,2,2,1,1,1,1,1
SF,IH2006,2020-02-14 09:31:40.100,2855.8000,10568,0,53054940.000,0,-,-,-,-,2856.2000,2854.2000,2854.0000,2853.0000,2852.6000,2857.2000,2857.8000,2858.0000,2859.0000,2860.0000,1,2,1,2,2,1,1,1,1,2
SF,IH2006,2020-02-14 09:31:41.100,2857.2000,10567,-1,53912100.000,1,0,1,双平,S,2856.2000,2854.2000,2854.0000,2853.0000,2852.6000,2857.8000,2858.0000,2859.0000,2860.0000,2862.0000,1,2,1,2,2,1,1,1,2,2
SF,IH2006,2020-02-14 09:31:41.600,2857.2000,10567,0,53912100.000,0,-,-,-,-,2856.4000,2856.2000,2854.2000,2854.0000,2853.0000,2857.8000,2858.0000,2859.0000,2860.0000,2862.0000,2,1,2,1,2,1,1,1,2,2
SF,IH2006,2020-02-14 09:31:42.100,2857.2000,10567,0,53912100.000,0,-,-,-,-,2856.6000,2856.4000,2854.2000,2853.0000,2852.6000,2857.8000,2858.0000,2859.0000,2860.0000,2862.0000,1,2,2,2,2,1,1,1,2,2
SF,IH2006,2020-02-14 09:31:42.600,2857.2000,10567,0,53912100.000,0,-,-,-,-,2856.8000,2856.6000,2856.4000,2854.2000,2853.8000,2857.8000,2858.0000,2859.0000,2860.0000,2862.0000,1,1,1,2,6,1,1,1,2,2
SF,IH2006,2020-02-14 09:31:43.100,2857.2000,10567,0,53912100.000,0,-,-,-,-,2857.0000,2856.4000,2854.2000,2853.8000,2853.0000,2857.8000,2858.0000,2859.0000,2860.0000,2862.0000,2,1,2,6,2,1,1,1,2,2
SF,IH2006,2020-02-14 09:31:43.600,2857.2000,10567,0,53912100.000,0,-,-,-,-,2857.0000,2854.2000,2853.8000,2853.0000,2852.6000,2857.8000,2858.0000,2859.0000,2860.0000,2862.0000,2,2,6,2,1,1,1,1,2,2
SF,IH2006,2020-02-14 09:31:44.100,2857.2000,10567,0,53912100.000,0,-,-,-,-,2857.0000,2854.2000,2853.0000,2852.6000,2852.4000,2857.8000,2858.0000,2859.0000,2860.0000,2862.0000,1,2,2,1,1,1,1,1,2,2
SF,IH2006,2020-02-14 09:31:44.600,2857.0000,10566,-1,54769200.000,1,0,1,双平,S,2854.2000,2853.0000,2852.6000,2852.4000,2852.2000,2857.8000,2858.0000,2859.0000,2860.0000,2862.0000,2,2,1,1,1,1,1,1,2,2
SF,IH2006,2020-02-14 09:31:45.100,2857.0000,10566,0,54769200.000,0,-,-,-,-,2854.8000,2854.6000,2854.4000,2854.2000,2853.0000,2857.8000,2858.0000,2859.0000,2860.0000,2862.0000,1,3,4,2,2,1,1,1,2,2
SF,IH2006,2020-02-14 09:31:45.600,2857.0000,10566,0,54769200.000,0,-,-,-,-,2855.0000,2854.6000,2854.4000,2854.2000,2853.0000,2857.0000,2857.6000,2857.8000,2858.0000,2859.0000,3,1,2,1,2,1,3,1,1,1
SF,IH2006,2020-02-14 09:31:46.100,2857.0000,10566,0,54769200.000,0,-,-,-,-,2855.2000,2855.0000,2854.6000,2854.2000,2853.0000,2856.8000,2857.0000,2857.6000,2857.8000,2858.0000,2,3,1,1,2,2,1,3,1,1
SF,IH2006,2020-02-14 09:31:46.600,2857.0000,10566,0,54769200.000,0,-,-,-,-,2855.2000,2855.0000,2854.2000,2853.0000,2852.6000,2856.8000,2857.0000,2857.6000,2857.8000,2858.0000,2,3,1,2,1,2,1,3,1,1
SF,IH2006,2020-02-14 09:31:47.100,2857.0000,10566,0,54769200.000,0,-,-,-,-,2855.0000,2854.2000,2853.0000,2852.6000,2852.4000,2856.6000,2856.8000,2857.0000,2857.8000,2858.0000,2,1,2,1,1,5,4,1,1,1
SF,IH2006,2020-02-14 09:31:47.600,2857.0000,10566,0,54769200.000,0,-,-,-,-,2855.2000,2855.0000,2854.2000,2853.0000,2852.6000,2856.4000,2856.6000,2856.8000,2857.0000,2857.8000,1,2,1,2,1,2,5,4,1,1
SF,IH2006,2020-02-14 09:31:48.100,2857.0000,10566,0,54769200.000,0,-,-,-,-,2855.0000,2854.2000,2853.0000,2852.6000,2852.4000,2856.4000,2856.6000,2856.8000,2857.0000,2857.8000,2,1,2,1,1,2,4,4,1,1
SF,IH2006,2020-02-14 09:31:48.600,2857.0000,10566,0,54769200.000,0,-,-,-,-,2855.2000,2855.0000,2854.2000,2853.0000,2852.6000,2856.4000,2856.6000,2856.8000,2857.0000,2857.8000,1,2,1,2,1,3,4,4,1,1
SF,IH2006,2020-02-14 09:31:49.100,2857.0000,10566,0,54769200.000,0,-,-,-,-,2855.0000,2854.2000,2853.0000,2852.6000,2852.4000,2856.4000,2856.6000,2856.8000,2857.0000,2857.8000,2,1,2,1,1,3,3,4,1,1
SF,IH2006,2020-02-14 09:31:49.600,2857.0000,10566,0,54769200.000,0,-,-,-,-,2855.2000,2855.0000,2854.2000,2853.0000,2852.6000,2856.4000,2856.6000,2856.8000,2857.0000,2857.8000,1,2,1,2,1,3,3,4,1,1
SF,IH2006,2020-02-14 09:31:50.100,2857.0000,10566,0,54769200.000,0,-,-,-,-,2855.0000,2854.2000,2853.0000,2852.6000,2852.4000,2856.4000,2856.6000,2856.8000,2857.0000,2857.8000,2,1,2,1,1,3,3,3,1,1
SF,IH2006,2020-02-14 09:31:50.600,2857.0000,10566,0,54769200.000,0,-,-,-,-,2855.2000,2855.0000,2854.2000,2853.0000,2852.6000,2856.4000,2856.6000,2856.8000,2857.0000,2857.8000,1,2,1,2,1,3,3,3,1,1
SF,IH2006,2020-02-14 09:31:51.100,2857.0000,10566,0,54769200.000,0,-,-,-,-,2855.4000,2855.0000,2854.2000,2853.0000,2852.6000,2856.4000,2856.6000,2857.0000,2857.8000,2858.0000,1,2,1,2,1,3,1,1,1,1
SF,IH2006,2020-02-14 09:31:51.600,2857.0000,10566,0,54769200.000,0,-,-,-,-,2855.0000,2854.2000,2853.0000,2852.6000,2852.2000,2856.4000,2856.6000,2857.0000,2857.8000,2858.0000,2,1,2,1,1,1,1,1,1,1
SF,IH2006,2020-02-14 09:31:52.100,2857.0000,10566,0,54769200.000,0,-,-,-,-,2855.2000,2855.0000,2854.2000,2853.0000,2852.6000,2856.4000,2857.0000,2857.8000,2858.0000,2859.0000,2,2,1,2,1,1,1,1,1,1
SF,IH2006,2020-02-14 09:31:52.600,2857.0000,10566,0,54769200.000,0,-,-,-,-,2855.2000,2855.0000,2854.2000,2853.0000,2852.6000,2856.4000,2857.0000,2857.8000,2858.0000,2859.0000,2,2,1,2,1,1,1,1,1,1
SF,IH2006,2020-02-14 09:31:53.100,2856.4000,10565,-1,55626120.000,1,0,1,双平,S,2855.2000,2855.0000,2854.2000,2853.0000,2852.6000,2857.0000,2857.8000,2858.0000,2859.0000,2860.0000,2,2,1,2,1,1,1,1,1,2
SF,IH2006,2020-02-14 09:31:53.600,2855.4000,10565,0,56482740.000,1,0,1,多换,S,2855.4000,2855.2000,2855.0000,2854.2000,2853.0000,2856.8000,2857.0000,2857.8000,2858.0000,2859.0000,1,2,2,1,2,1,1,1,1,1
SF,IH2006,2020-02-14 09:31:54.100,2855.4000,10565,0,56482740.000,0,-,-,-,-,2855.6000,2855.4000,2855.0000,2854.2000,2853.0000,2856.8000,2857.0000,2857.8000,2858.0000,2859.0000,2,1,2,1,2,1,1,1,2,1
SF,IH2006,2020-02-14 09:31:54.600,2855.4000,10565,0,56482740.000,0,-,-,-,-,2855.6000,2855.0000,2854.2000,2853.0000,2852.6000,2857.0000,2857.8000,2858.0000,2859.0000,2860.0000,2,2,1,2,1,1,1,2,1,2
SF,IH2006,2020-02-14 09:31:55.600,2855.4000,10565,0,56482740.000,0,-,-,-,-,2855.8000,2855.6000,2855.0000,2854.2000,2853.0000,2857.0000,2857.8000,2858.0000,2859.0000,2860.0000,1,2,2,1,2,1,1,2,1,2
SF,IH2006,2020-02-14 09:31:56.100,2855.4000,10565,0,56482740.000,0,-,-,-,-,2855.8000,2855.6000,2855.0000,2854.2000,2853.0000,2857.0000,2857.8000,2858.0000,2859.0000,2860.0000,1,1,2,1,2,1,1,2,1,2
SF,IH2006,2020-02-14 09:31:56.600,2855.4000,10565,0,56482740.000,0,-,-,-,-,2855.6000,2855.0000,2854.2000,2853.0000,2852.6000,2857.0000,2857.8000,2858.0000,2859.0000,2860.0000,1,2,1,2,1,1,1,2,1,2
SF,IH2006,2020-02-14 09:31:57.100,2855.4000,10565,0,56482740.000,0,-,-,-,-,2855.0000,2854.2000,2853.0000,2852.6000,2852.2000,2856.8000,2857.0000,2857.8000,2858.0000,2859.0000,2,2,2,1,1,2,2,1,2,1
SF,IH2006,2020-02-14 09:31:57.600,2855.4000,10565,0,56482740.000,0,-,-,-,-,2855.2000,2855.0000,2854.2000,2853.0000,2852.6000,2856.6000,2856.8000,2857.0000,2857.8000,2858.0000,2,2,2,2,1,3,2,2,1,2
SF,IH2006,2020-02-14 09:31:58.100,2855.4000,10565,0,56482740.000,0,-,-,-,-,2855.2000,2855.0000,2854.2000,2853.0000,2852.6000,2856.4000,2856.6000,2856.8000,2857.0000,2857.8000,1,2,2,2,1,1,3,1,2,1
SF,IH2006,2020-02-14 09:31:58.600,2855.4000,10565,0,56482740.000,0,-,-,-,-,2855.2000,2855.0000,2854.2000,2853.0000,2852.6000,2856.6000,2856.8000,2857.0000,2857.8000,2858.0000,1,2,2,2,1,3,1,2,1,3
SF,IH2006,2020-02-14 09:31:59.100,2855.4000,10565,0,56482740.000,0,-,-,-,-,2855.2000,2855.0000,2854.2000,2853.0000,2852.6000,2856.4000,2856.6000,2856.8000,2857.0000,2857.8000,1,2,2,2,1,1,3,1,2,1
SF,IH2006,2020-02-14 09:31:59.600,2855.4000,10565,0,56482740.000,0,-,-,-,-,2855.2000,2855.0000,2854.2000,2853.0000,2852.6000,2856.6000,2856.8000,2857.0000,2857.8000,2858.0000,1,2,2,2,1,3,1,2,1,3
SF,IH2006,2020-02-14 09:32:00.100,2855.4000,10565,0,56482740.000,0,-,-,-,-,2855.2000,2855.0000,2854.2000,2853.0000,2852.6000,2856.4000,2856.6000,2856.8000,2857.0000,2857.8000,1,2,2,2,1,1,3,1,2,1
SF,IH2006,2020-02-14 09:32:00.600,2855.4000,10565,0,56482740.000,0,-,-,-,-,2855.2000,2855.0000,2854.2000,2853.0000,2852.6000,2856.6000,2856.8000,2857.0000,2857.8000,2858.0000,1,2,2,2,1,3,1,2,1,3
SF,IH2006,2020-02-14 09:32:01.100,2855.4000,10565,0,56482740.000,0,-,-,-,-,2855.2000,2855.0000,2854.2000,2853.0000,2852.6000,2856.6000,2856.8000,2857.0000,2857.8000,2858.0000,1,2,2,2,1,1,1,2,1,3
SF,IH2006,2020-02-14 09:32:01.600,2855.4000,10565,0,56482740.000,0,-,-,-,-,2855.4000,2855.2000,2855.0000,2854.2000,2853.0000,2856.6000,2857.0000,2857.8000,2858.0000,2859.0000,1,1,2,2,2,1,2,1,3,1
SF,IH2006,2020-02-14 09:32:02.100,2855.4000,10564,-1,57339360.000,1,0,1,双平,S,2855.2000,2855.0000,2854.2000,2853.0000,2852.6000,2857.0000,2857.8000,2858.0000,2859.0000,2860.0000,1,2,2,2,1,2,1,3,1,2
SF,IH2006,2020-02-14 09:32:02.600,2855.4000,10564,0,57339360.000,0,-,-,-,-,2855.2000,2855.0000,2854.2000,2853.0000,2852.6000,2856.8000,2857.0000,2857.8000,2858.0000,2859.0000,1,2,2,2,1,3,2,1,3,1
SF,IH2006,2020-02-14 09:32:03.100,2855.4000,10564,0,57339360.000,0,-,-,-,-,2855.2000,2855.0000,2854.2000,2853.0000,2852.6000,2856.6000,2856.8000,2857.0000,2857.8000,2858.0000,1,2,2,2,1,1,3,2,1,3
SF,IH2006,2020-02-14 09:32:03.600,2855.4000,10564,0,57339360.000,0,-,-,-,-,2855.2000,2855.0000,2854.2000,2853.0000,2852.6000,2856.4000,2856.6000,2856.8000,2857.0000,2857.8000,1,2,2,2,1,1,1,2,2,1
SF,IH2006,2020-02-14 09:32:04.100,2855.4000,10564,0,57339360.000,0,-,-,-,-,2855.2000,2855.0000,2854.2000,2853.0000,2852.6000,2856.2000,2856.4000,2856.6000,2856.8000,2857.0000,1,2,2,2,1,1,1,1,2,2
SF,IH2006,2020-02-14 09:32:04.600,2855.4000,10564,0,57339360.000,0,-,-,-,-,2855.2000,2855.0000,2854.2000,2853.0000,2852.6000,2856.0000,2856.4000,2856.6000,2856.8000,2857.0000,1,2,2,1,1,1,1,1,2,2
SF,IH2006,2020-02-14 09:32:05.100,2855.4000,10564,0,57339360.000,0,-,-,-,-,2855.0000,2854.2000,2853.0000,2852.6000,2852.2000,2856.4000,2856.6000,2856.8000,2857.0000,2857.8000,2,2,1,1,1,1,1,2,2,1
SF,IH2006,2020-02-14 09:32:05.600,2855.4000,10564,0,57339360.000,0,-,-,-,-,2855.0000,2854.2000,2853.0000,2852.6000,2852.2000,2856.2000,2856.4000,2856.6000,2856.8000,2857.0000,2,2,1,1,1,1,1,1,2,2
SF,IH2006,2020-02-14 09:32:06.100,2855.4000,10564,0,57339360.000,0,-,-,-,-,2855.0000,2854.2000,2853.0000,2852.6000,2852.2000,2856.0000,2856.2000,2856.4000,2856.6000,2856.8000,2,2,1,1,1,1,1,1,1,2
SF,IH2006,2020-02-14 09:32:06.600,2855.4000,10564,0,57339360.000,0,-,-,-,-,2855.0000,2854.2000,2853.0000,2852.6000,2852.2000,2855.8000,2856.2000,2856.4000,2856.6000,2856.8000,2,2,1,1,1,1,1,1,1,2
SF,IH2006,2020-02-14 09:32:07.100,2855.4000,10564,0,57339360.000,0,-,-,-,-,2855.0000,2854.2000,2853.0000,2852.6000,2852.2000,2855.8000,2856.2000,2856.4000,2856.6000,2856.8000,2,2,1,1,1,1,1,1,1,2
SF,IH2006,2020-02-14 09:32:07.600,2855.0000,10562,-2,59052360.000,2,0,2,双平,S,2854.2000,2853.0000,2852.6000,2852.2000,2851.2000,2855.0000,2855.6000,2855.8000,2856.2000,2856.4000,2,1,1,1,1,1,1,1,1,1
SF,IH2006,2020-02-14 09:32:08.100,2855.0000,10562,0,59052360.000,0,-,-,-,-,2854.2000,2853.0000,2852.6000,2851.2000,2850.2000,2855.0000,2855.8000,2856.2000,2856.4000,2856.6000,2,1,1,1,2,1,1,1,1,1
SF,IH2006,2020-02-14 09:32:08.600,2855.0000,10562,0,59052360.000,0,-,-,-,-,2854.2000,2853.0000,2852.6000,2851.2000,2850.2000,2855.0000,2855.8000,2856.2000,2856.4000,2856.6000,2,1,1,1,2,1,1,1,1,1
SF,IH2006,2020-02-14 09:32:09.100,2855.0000,10562,0,59052360.000,0,-,-,-,-,2854.2000,2853.0000,2852.6000,2851.2000,2850.2000,2854.8000,2855.0000,2855.8000,2856.2000,2856.4000,2,1,1,1,2,1,1,1,1,1
SF,IH2006,2020-02-14 09:32:09.600,2855.0000,10562,0,59052360.000,0,-,-,-,-,2854.2000,2853.0000,2852.6000,2851.2000,2850.2000,2855.0000,2855.8000,2856.2000,2856.4000,2856.6000,2,1,1,1,2,1,1,1,1,1
SF,IH2006,2020-02-14 09:32:11.100,2855.0000,10562,0,59052360.000,0,-,-,-,-,2854.2000,2853.0000,2852.6000,2851.2000,2850.2000,2855.0000,2855.8000,2856.2000,2856.4000,2856.6000,2,1,1,1,2,2,1,1,1,1
SF,IH2006,2020-02-14 09:32:11.600,2855.0000,10562,0,59052360.000,0,-,-,-,-,2854.2000,2853.0000,2852.6000,2851.2000,2850.2000,2855.0000,2855.8000,2856.2000,2856.4000,2856.6000,2,1,1,1,2,2,1,1,1,1
SF,IH2006,2020-02-14 09:32:12.100,2854.2000,10561,-1,60764880.000,2,0,2,多平,S,2853.0000,2852.6000,2851.2000,2850.2000,2850.0000,2855.0000,2855.8000,2856.2000,2856.4000,2856.6000,1,1,1,2,7,2,1,1,1,1
SF,IH2006,2020-02-14 09:32:12.600,2854.2000,10561,0,60764880.000,0,-,-,-,-,2853.6000,2853.2000,2853.0000,2852.6000,2851.2000,2854.8000,2855.0000,2855.8000,2856.2000,2856.4000,1,1,1,1,1,2,2,1,1,1
SF,IH2006,2020-02-14 09:32:13.100,2854.2000,10561,0,60764880.000,0,-,-,-,-,2853.2000,2853.0000,2852.6000,2851.2000,2850.2000,2854.8000,2855.0000,2855.8000,2856.2000,2856.4000,2,1,1,1,2,1,2,1,1,1
SF,IH2006,2020-02-14 09:32:13.600,2854.2000,10561,0,60764880.000,0,-,-,-,-,2853.2000,2853.0000,2852.6000,2851.2000,2850.2000,2853.6000,2854.6000,2855.0000,2855.8000,2856.2000,2,1,1,1,2,1,2,2,1,1
SF,IH2006,2020-02-14 09:32:14.100,2853.6000,10560,-1,61620960.000,1,0,1,双平,S,2854.0000,2853.2000,2853.0000,2852.6000,2851.2000,2854.6000,2855.0000,2855.8000,2856.2000,2856.6000,2,3,1,1,1,1,2,1,1,1
SF,IH2006,2020-02-14 09:32:14.600,2854.6000,10558,-2,63333660.000,2,0,2,双平,S,2854.6000,2854.0000,2853.2000,2853.0000,2852.6000,2855.0000,2855.8000,2856.2000,2856.6000,2857.0000,1,2,2,1,1,2,1,1,1,2
SF,IH2006,2020-02-14 09:32:15.100,2855.0000,10557,-1,65046660.000,2,0,2,多平,S,2855.0000,2854.0000,2853.2000,2853.0000,2852.6000,2855.8000,2856.6000,2857.0000,2857.8000,2858.0000,1,2,2,1,1,1,1,2,1,2
SF,IH2006,2020-02-14 09:32:15.600,2855.0000,10557,0,65046660.000,0,-,-,-,-,2854.0000,2853.2000,2853.0000,2852.6000,2851.2000,2856.6000,2857.0000,2857.8000,2858.0000,2859.0000,2,2,1,1,1,1,2,1,2,1
SF,IH2006,2020-02-14 09:32:16.100,2855.0000,10557,0,65046660.000,0,-,-,-,-,2854.6000,2854.2000,2854.0000,2853.2000,2853.0000,2856.4000,2856.6000,2857.0000,2857.8000,2858.0000,1,1,3,1,1,4,1,2,1,2
SF,IH2006,2020-02-14 09:32:16.600,2855.0000,10557,0,65046660.000,0,-,-,-,-,2854.8000,2854.2000,2854.0000,2853.2000,2853.0000,2856.2000,2856.4000,2857.0000,2857.8000,2858.0000,3,1,3,1,1,2,1,2,1,2
SF,IH2006,2020-02-14 09:32:17.100,2855.0000,10557,0,65046660.000,0,-,-,-,-,2854.8000,2854.2000,2854.0000,2853.2000,2853.0000,2856.2000,2856.4000,2857.0000,2857.8000,2858.0000,3,1,3,1,1,2,1,2,1,2
SF,IH2006,2020-02-14 09:32:17.600,2855.0000,10557,0,65046660.000,0,-,-,-,-,2854.2000,2854.0000,2853.2000,2853.0000,2852.6000,2856.2000,2856.4000,2857.0000,2857.8000,2858.0000,1,3,1,1,1,2,1,2,1,2
SF,IH2006,2020-02-14 09:32:18.100,2855.0000,10557,0,65046660.000,0,-,-,-,-,2854.2000,2854.0000,2853.2000,2853.0000,2852.6000,2856.0000,2856.2000,2857.0000,2857.8000,2858.0000,2,3,1,1,1,4,2,2,1,2
SF,IH2006,2020-02-14 09:32:18.600,2855.0000,10557,0,65046660.000,0,-,-,-,-,2854.2000,2854.0000,2853.2000,2853.0000,2852.6000,2855.8000,2856.0000,2857.0000,2857.8000,2858.0000,1,3,1,1,1,2,4,2,1,2
SF,IH2006,2020-02-14 09:32:19.100,2855.0000,10557,0,65046660.000,0,-,-,-,-,2854.0000,2853.2000,2853.0000,2852.6000,2851.2000,2855.6000,2855.8000,2856.0000,2857.0000,2857.8000,3,1,1,1,1,2,2,2,2,1
SF,IH2006,2020-02-14 09:32:19.600,2855.0000,10557,0,65046660.000,0,-,-,-,-,2854.0000,2853.2000,2853.0000,2852.6000,2851.2000,2855.4000,2855.6000,2856.0000,2857.0000,2857.8000,1,1,1,1,1,3,2,1,2,1
SF,IH2006,2020-02-14 09:32:20.100,2854.0000,10557,0,65902860.000,1,0,1,多换,S,2853.2000,2853.0000,2852.6000,2851.2000,2851.0000,2855.2000,2855.4000,2856.0000,2857.0000,2857.8000,1,1,1,1,1,2,3,1,2,1
SF,IH2006,2020-02-14 09:32:20.600,2854.0000,10557,0,65902860.000,0,-,-,-,-,2853.4000,2853.2000,2853.0000,2852.6000,2851.2000,2855.0000,2855.2000,2855.4000,2857.0000,2857.8000,2,1,1,1,1,3,2,1,2,1
SF,IH2006,2020-02-14 09:32:21.100,2854.0000,10557,0,65902860.000,0,-,-,-,-,2853.4000,2853.2000,2853.0000,2852.6000,2851.2000,2855.0000,2855.2000,2855.4000,2857.0000,2857.8000,2,1,1,1,1,3,2,1,2,1
SF,IH2006,2020-02-14 09:32:21.600,2854.0000,10557,0,65902860.000,0,-,-,-,-,2853.4000,2853.2000,2853.0000,2852.6000,2851.2000,2855.0000,2855.2000,2855.4000,2857.0000,2857.8000,2,1,1,1,1,3,2,1,2,1
SF,IH2006,2020-02-14 09:32:22.100,2854.0000,10557,0,65902860.000,0,-,-,-,-,2853.6000,2853.4000,2853.2000,2853.0000,2852.6000,2855.0000,2855.2000,2855.4000,2857.0000,2857.8000,2,2,1,1,1,3,2,1,2,1
SF,IH2006,2020-02-14 09:32:22.600,2854.0000,10557,0,65902860.000,0,-,-,-,-,2853.6000,2853.4000,2853.2000,2853.0000,2852.6000,2855.0000,2855.2000,2855.4000,2857.0000,2857.8000,2,1,1,1,1,3,2,1,2,1
SF,IH2006,2020-02-14 09:32:23.100,2854.0000,10557,0,65902860.000,0,-,-,-,-,2853.8000,2853.4000,2853.2000,2853.0000,2852.6000,2854.2000,2855.0000,2857.0000,2857.8000,2858.0000,2,1,1,1,1,1,3,2,1,2
SF,IH2006,2020-02-14 09:32:23.600,2854.2000,10557,0,66759120.000,1,0,1,多换,S,2854.2000,2853.4000,2853.2000,2853.0000,2852.6000,2855.0000,2857.0000,2857.8000,2858.0000,2859.0000,1,1,1,1,1,1,2,1,2,1
SF,IH2006,2020-02-14 09:32:24.100,2854.2000,10557,0,66759120.000,0,-,-,-,-,2854.2000,2853.4000,2853.2000,2853.0000,2852.6000,2855.0000,2857.0000,2857.8000,2858.0000,2859.0000,1,1,1,1,1,1,2,1,2,1
SF,IH2006,2020-02-14 09:32:25.600,2854.2000,10557,0,66759120.000,0,-,-,-,-,2854.2000,2853.4000,2853.2000,2853.0000,2852.6000,2855.0000,2857.0000,2857.8000,2858.0000,2859.0000,1,1,1,1,1,1,2,1,2,1
SF,IH2006,2020-02-14 09:32:26.600,2854.2000,10557,0,66759120.000,0,-,-,-,-,2853.4000,2853.2000,2853.0000,2852.6000,2851.2000,2855.0000,2857.0000,2857.8000,2858.0000,2859.0000,1,1,1,1,1,1,2,1,2,1
SF,IH2006,2020-02-14 09:32:27.100,2854.2000,10557,0,66759120.000,0,-,-,-,-,2853.6000,2853.4000,2853.2000,2853.0000,2852.6000,2854.8000,2855.0000,2857.0000,2857.8000,2858.0000,1,1,1,1,1,1,1,2,1,2
SF,IH2006,2020-02-14 09:32:27.600,2854.2000,10557,0,66759120.000,0,-,-,-,-,2853.6000,2853.4000,2853.2000,2853.0000,2852.6000,2855.0000,2857.0000,2857.8000,2858.0000,2859.0000,1,1,1,1,1,1,2,1,2,1
SF,IH2006,2020-02-14 09:32:28.100,2854.2000,10557,0,66759120.000,0,-,-,-,-,2853.4000,2853.2000,2853.0000,2852.6000,2851.2000,2855.0000,2857.0000,2857.8000,2858.0000,2859.0000,1,1,1,1,1,1,2,1,2,1
SF,IH2006,2020-02-14 09:32:28.600,2854.2000,10557,0,66759120.000,0,-,-,-,-,2853.6000,2853.4000,2853.2000,2853.0000,2852.6000,2855.0000,2857.0000,2857.8000,2858.0000,2859.0000,2,1,1,1,1,1,2,1,2,1
SF,IH2006,2020-02-14 09:32:29.600,2854.2000,10557,0,66759120.000,0,-,-,-,-,2853.4000,2853.2000,2853.0000,2852.6000,2851.2000,2854.8000,2855.0000,2857.0000,2857.8000,2858.0000,1,1,1,1,1,1,1,2,1,2
SF,IH2006,2020-02-14 09:32:30.100,2854.2000,10557,0,66759120.000,0,-,-,-,-,2853.4000,2853.2000,2853.0000,2852.6000,2851.2000,2854.6000,2855.0000,2857.0000,2857.8000,2858.0000,1,1,1,1,1,1,1,2,1,2
SF,IH2006,2020-02-14 09:32:30.600,2854.2000,10557,0,66759120.000,0,-,-,-,-,2853.4000,2853.2000,2853.0000,2852.6000,2851.2000,2854.4000,2855.0000,2857.0000,2857.8000,2858.0000,1,1,1,1,1,1,1,2,1,2
SF,IH2006,2020-02-14 09:32:31.100,2854.2000,10557,0,66759120.000,0,-,-,-,-,2853.4000,2853.2000,2853.0000,2852.6000,2851.2000,2855.0000,2857.0000,2857.8000,2858.0000,2859.0000,2,1,1,1,1,1,2,1,2,1
SF,IH2006,2020-02-14 09:32:31.600,2854.2000,10557,0,66759120.000,0,-,-,-,-,2853.4000,2853.2000,2853.0000,2852.6000,2851.2000,2854.8000,2855.0000,2857.0000,2857.8000,2858.0000,1,1,1,1,1,3,1,2,1,2
SF,IH2006,2020-02-14 09:32:34.600,2854.2000,10557,0,66759120.000,0,-,-,-,-,2853.4000,2853.2000,2853.0000,2852.6000,2851.2000,2854.8000,2855.0000,2857.0000,2857.8000,2858.0000,1,1,2,1,1,3,1,2,1,2
SF,IH2006,2020-02-14 09:32:35.100,2854.2000,10557,0,66759120.000,0,-,-,-,-,2853.4000,2853.2000,2853.0000,2852.6000,2851.2000,2854.8000,2855.0000,2857.0000,2857.8000,2858.0000,1,1,2,1,1,2,1,2,1,2
SF,IH2006,2020-02-14 09:32:35.600,2854.2000,10557,0,66759120.000,0,-,-,-,-,2853.6000,2853.4000,2853.2000,2853.0000,2852.6000,2854.8000,2855.0000,2857.0000,2857.8000,2858.0000,1,1,1,2,1,2,1,2,1,2
SF,IH2006,2020-02-14 09:32:36.100,2854.2000,10557,0,66759120.000,0,-,-,-,-,2854.8000,2853.8000,2853.6000,2853.4000,2853.2000,2857.0000,2857.8000,2858.0000,2859.0000,2860.0000,1,2,1,1,1,2,1,2,1,2
SF,IH2006,2020-02-14 09:32:36.600,2854.2000,10557,0,66759120.000,0,-,-,-,-,2853.6000,2853.2000,2853.0000,2852.6000,2851.2000,2856.2000,2856.8000,2857.0000,2857.8000,2858.0000,1,1,2,1,1,1,6,3,1,2
SF,IH2006,2020-02-14 09:32:37.100,2854.2000,10557,0,66759120.000,0,-,-,-,-,2853.8000,2853.6000,2853.2000,2853.0000,2852.6000,2856.0000,2856.2000,2857.0000,2857.8000,2858.0000,1,1,1,2,1,5,1,3,1,2
SF,IH2006,2020-02-14 09:32:37.600,2854.2000,10557,0,66759120.000,0,-,-,-,-,2854.0000,2853.8000,2853.6000,2853.2000,2853.0000,2856.0000,2857.0000,2857.8000,2858.0000,2859.0000,2,1,1,1,2,5,3,1,2,1
SF,IH2006,2020-02-14 09:32:38.100,2854.2000,10557,0,66759120.000,0,-,-,-,-,2854.0000,2853.8000,2853.2000,2853.0000,2852.6000,2855.8000,2856.0000,2857.0000,2857.8000,2858.0000,2,1,1,2,1,2,5,3,1,2
SF,IH2006,2020-02-14 09:32:38.600,2854.2000,10557,0,66759120.000,0,-,-,-,-,2853.8000,2853.2000,2853.0000,2852.6000,2851.2000,2855.6000,2855.8000,2857.0000,2857.8000,2858.0000,1,1,2,1,1,5,2,3,1,2
SF,IH2006,2020-02-14 09:32:39.100,2854.2000,10557,0,66759120.000,0,-,-,-,-,2854.0000,2853.8000,2853.2000,2853.0000,2852.6000,2855.4000,2855.6000,2855.8000,2857.0000,2857.8000,2,1,1,2,1,1,5,1,3,1
SF,IH2006,2020-02-14 09:32:39.600,2854.2000,10557,0,66759120.000,0,-,-,-,-,2854.0000,2853.8000,2853.2000,2853.0000,2852.6000,2855.2000,2855.6000,2855.8000,2857.0000,2857.8000,2,1,1,2,1,4,2,1,3,1
SF,IH2006,2020-02-14 09:32:40.100,2854.2000,10557,0,66759120.000,0,-,-,-,-,2853.8000,2853.2000,2853.0000,2852.6000,2851.2000,2855.2000,2855.6000,2855.8000,2857.0000,2857.8000,1,1,2,1,1,4,2,1,3,1
SF,IH2006,2020-02-14 09:32:44.100,2854.2000,10557,0,66759120.000,0,-,-,-,-,2853.8000,2853.2000,2853.0000,2852.6000,2851.2000,2855.2000,2855.6000,2855.8000,2857.0000,2857.8000,1,1,2,1,1,4,2,1,3,1
SF,IH2006,2020-02-14 09:32:44.600,2853.8000,10556,-1,67615260.000,1,0,1,双平,S,2853.2000,2853.0000,2852.6000,2851.2000,2851.0000,2855.0000,2855.2000,2855.6000,2857.0000,2857.8000,1,2,1,1,1,1,4,1,3,1
SF,IH2006,2020-02-14 09:32:45.100,2853.8000,10556,0,67615260.000,0,-,-,-,-,2853.2000,2853.0000,2852.6000,2851.2000,2851.0000,2854.8000,2855.0000,2857.0000,2857.8000,2858.0000,1,2,1,1,1,6,1,3,1,2
SF,IH2006,2020-02-14 09:32:45.600,2853.8000,10556,0,67615260.000,0,-,-,-,-,2853.4000,2853.2000,2853.0000,2852.6000,2851.2000,2854.6000,2854.8000,2857.0000,2857.8000,2858.0000,2,1,2,1,1,1,6,3,1,2
SF,IH2006,2020-02-14 09:32:46.100,2853.8000,10556,0,67615260.000,0,-,-,-,-,2853.4000,2853.2000,2853.0000,2852.6000,2851.2000,2854.6000,2854.8000,2857.0000,2857.8000,2858.0000,2,1,2,1,1,1,5,3,1,2
SF,IH2006,2020-02-14 09:32:46.600,2853.8000,10556,0,67615260.000,0,-,-,-,-,2853.4000,2853.2000,2853.0000,2852.6000,2851.2000,2854.4000,2854.6000,2854.8000,2857.0000,2857.8000,2,1,2,1,1,2,1,3,3,1
SF,IH2006,2020-02-14 09:32:47.100,2853.8000,10556,0,67615260.000,0,-,-,-,-,2853.4000,2853.2000,2853.0000,2852.6000,2851.2000,2854.6000,2854.8000,2857.0000,2857.8000,2858.0000,2,1,2,1,1,1,2,3,1,2
SF,IH2006,2020-02-14 09:32:47.600,2853.8000,10556,0,67615260.000,0,-,-,-,-,2853.4000,2853.2000,2853.0000,2852.6000,2851.2000,2854.4000,2854.6000,2854.8000,2857.0000,2857.8000,2,1,2,1,1,1,1,2,3,1
SF,IH2006,2020-02-14 09:32:48.100,2853.8000,10556,0,67615260.000,0,-,-,-,-,2854.4000,2853.4000,2853.2000,2853.0000,2852.6000,2854.6000,2854.8000,2857.0000,2857.8000,2858.0000,1,2,1,2,1,1,2,3,1,2
SF,IH2006,2020-02-14 09:32:48.600,2854.4000,10555,-1,68471580.000,1,0,1,双平,S,2853.4000,2853.2000,2853.0000,2852.6000,2851.2000,2854.6000,2854.8000,2857.0000,2857.8000,2858.0000,2,1,2,1,1,1,1,3,1,2
SF,IH2006,2020-02-14 09:32:49.100,2854.4000,10555,0,68471580.000,0,-,-,-,-,2853.4000,2853.2000,2853.0000,2852.6000,2851.2000,2854.6000,2854.8000,2857.0000,2857.8000,2858.0000,2,1,2,1,1,1,1,3,1,2
SF,IH2006,2020-02-14 09:32:49.600,2854.6000,10554,-1,69327960.000,1,0,1,双平,S,2853.4000,2853.2000,2853.0000,2852.6000,2851.2000,2854.8000,2857.0000,2857.8000,2858.0000,2859.0000,2,1,2,1,1,1,3,1,2,2
SF,IH2006,2020-02-14 09:32:50.100,2854.6000,10554,0,69327960.000,0,-,-,-,-,2853.6000,2853.4000,2853.2000,2853.0000,2852.6000,2854.6000,2854.8000,2857.0000,2857.8000,2858.0000,2,2,1,2,1,1,1,3,1,2
SF,IH2006,2020-02-14 09:32:50.600,2854.6000,10554,0,69327960.000,0,-,-,-,-,2853.6000,2853.4000,2853.2000,2853.0000,2852.6000,2854.6000,2854.8000,2857.0000,2857.8000,2858.0000,1,2,1,2,1,1,1,3,1,2
SF,IH2006,2020-02-14 09:32:51.100,2854.6000,10554,0,69327960.000,0,-,-,-,-,2853.2000,2853.0000,2852.6000,2851.2000,2851.0000,2854.4000,2854.6000,2854.8000,2857.0000,2857.8000,1,2,1,1,1,2,1,1,3,1
SF,IH2006,2020-02-14 09:32:51.600,2854.6000,10554,0,69327960.000,0,-,-,-,-,2853.2000,2853.0000,2852.6000,2851.2000,2851.0000,2854.4000,2854.6000,2854.8000,2857.0000,2857.8000,1,2,1,1,1,1,1,1,3,1
SF,IH2006,2020-02-14 09:32:52.100,2854.6000,10554,0,69327960.000,0,-,-,-,-,2853.2000,2853.0000,2852.6000,2851.2000,2851.0000,2854.4000,2854.6000,2854.8000,2857.0000,2857.8000,2,2,1,1,1,1,1,1,3,1
SF,IH2006,2020-02-14 09:32:52.600,2854.6000,10554,0,69327960.000,0,-,-,-,-,2853.2000,2853.0000,2852.6000,2851.2000,2851.0000,2854.2000,2854.4000,2854.8000,2857.0000,2857.8000,2,2,1,1,1,1,1,1,3,1
SF,IH2006,2020-02-14 09:32:53.100,2854.4000,10553,-1,71040540.000,2,0,2,多平,S,2853.4000,2853.2000,2853.0000,2852.6000,2851.2000,2854.8000,2857.0000,2857.8000,2858.0000,2859.0000,3,2,2,1,1,1,3,1,2,2
SF,IH2006,2020-02-14 09:32:53.600,2854.4000,10553,0,71040540.000,0,-,-,-,-,2853.6000,2853.4000,2853.2000,2853.0000,2852.6000,2854.6000,2854.8000,2857.0000,2857.8000,2858.0000,2,3,2,2,1,1,1,3,1,2
SF,IH2006,2020-02-14 09:32:54.100,2854.4000,10553,0,71040540.000,0,-,-,-,-,2853.8000,2853.6000,2853.4000,2853.2000,2853.0000,2854.8000,2857.0000,2857.8000,2858.0000,2859.0000,1,2,1,2,2,1,3,1,2,2
SF,IH2006,2020-02-14 09:32:54.600,2854.4000,10553,0,71040540.000,0,-,-,-,-,2853.8000,2853.6000,2853.4000,2853.2000,2853.0000,2857.0000,2857.8000,2858.0000,2859.0000,2860.0000,1,2,1,2,2,3,1,2,2,2
SF,IH2006,2020-02-14 09:32:55.100,2854.4000,10553,0,71040540.000,0,-,-,-,-,2854.0000,2853.8000,2853.6000,2853.2000,2853.0000,2855.8000,2856.6000,2856.8000,2857.0000,2857.8000,4,1,2,2,2,1,1,5,3,1
SF,IH2006,2020-02-14 09:32:55.600,2854.4000,10553,0,71040540.000,0,-,-,-,-,2854.0000,2853.8000,2853.6000,2853.2000,2853.0000,2855.6000,2855.8000,2856.0000,2856.6000,2857.0000,3,1,2,2,2,6,1,1,1,3
SF,IH2006,2020-02-14 09:32:56.100,2854.4000,10553,0,71040540.000,0,-,-,-,-,2854.0000,2853.8000,2853.2000,2853.0000,2852.6000,2855.6000,2856.0000,2856.6000,2857.0000,2857.8000,2,1,2,2,1,6,1,1,3,1
SF,IH2006,2020-02-14 09:32:56.600,2854.4000,10553,0,71040540.000,0,-,-,-,-,2854.0000,2853.2000,2853.0000,2852.6000,2851.2000,2855.2000,2855.6000,2856.0000,2856.6000,2857.0000,2,2,2,1,1,1,6,1,1,3
SF,IH2006,2020-02-14 09:32:57.100,2854.4000,10553,0,71040540.000,0,-,-,-,-,2853.2000,2853.0000,2852.6000,2851.2000,2851.0000,2854.0000,2855.0000,2855.2000,2855.6000,2856.0000,2,2,1,1,1,1,4,1,2,1
SF,IH2006,2020-02-14 09:32:57.600,2854.4000,10553,0,71040540.000,0,-,-,-,-,2853.4000,2853.2000,2853.0000,2852.6000,2851.2000,2854.0000,2855.0000,2855.2000,2855.6000,2856.0000,2,2,2,1,1,1,3,1,2,1
SF,IH2006,2020-02-14 09:32:58.100,2854.0000,10552,-1,71896740.000,1,0,1,双平,S,2853.4000,2853.2000,2853.0000,2852.6000,2851.2000,2855.0000,2855.2000,2855.6000,2856.0000,2856.6000,2,2,2,1,1,3,1,2,1,1
SF,IH2006,2020-02-14 09:32:58.600,2854.0000,10552,0,71896740.000,0,-,-,-,-,2853.4000,2853.2000,2853.0000,2852.6000,2851.2000,2854.8000,2855.0000,2855.2000,2855.6000,2856.0000,2,2,2,1,1,1,3,1,2,1
SF,IH2006,2020-02-14 09:32:59.100,2854.0000,10552,0,71896740.000,0,-,-,-,-,2853.6000,2853.4000,2853.2000,2853.0000,2852.6000,2854.6000,2855.0000,2855.2000,2855.6000,2856.0000,1,2,2,2,1,1,2,1,2,1
SF,IH2006,2020-02-14 09:33:02.100,2854.0000,10552,0,71896740.000,0,-,-,-,-,2853.8000,2853.6000,2853.4000,2853.2000,2853.0000,2855.0000,2855.2000,2855.6000,2856.0000,2856.6000,1,1,1,2,2,2,1,2,1,1
SF,IH2006,2020-02-14 09:33:02.600,2854.0000,10552,0,71896740.000,0,-,-,-,-,2853.8000,2853.4000,2853.2000,2853.0000,2852.6000,2854.8000,2855.0000,2855.2000,2855.6000,2856.0000,1,1,2,2,1,2,2,1,2,1
SF,IH2006,2020-02-14 09:33:03.600,2853.8000,10552,0,72752880.000,1,0,1,多换,S,2853.4000,2853.2000,2853.0000,2852.6000,2851.2000,2853.8000,2854.6000,2854.8000,2855.0000,2855.2000,1,2,2,1,1,1,1,2,1,1
SF,IH2006,2020-02-14 09:33:04.100,2853.8000,10552,0,72752880.000,0,-,-,-,-,2853.4000,2853.2000,2853.0000,2852.6000,2851.2000,2854.6000,2854.8000,2855.0000,2855.2000,2855.6000,1,2,2,1,1,1,1,1,1,2
SF,IH2006,2020-02-14 09:33:05.600,2853.8000,10552,0,72752880.000,0,-,-,-,-,2853.4000,2853.2000,2853.0000,2852.6000,2851.2000,2853.8000,2854.6000,2854.8000,2855.0000,2855.2000,1,2,2,1,1,3,1,1,1,1
SF,IH2006,2020-02-14 09:33:06.100,2853.8000,10552,0,75321300.000,3,1,2,多换,S,2853.4000,2853.2000,2853.0000,2852.6000,2851.2000,2854.6000,2854.8000,2855.0000,2855.2000,2855.6000,1,2,2,1,1,1,1,1,1,2
SF,IH2006,2020-02-14 09:33:06.600,2853.8000,10552,0,75321300.000,0,-,-,-,-,2853.6000,2853.4000,2853.2000,2853.0000,2852.6000,2854.0000,2854.6000,2854.8000,2855.0000,2855.2000,1,1,2,2,1,2,1,1,1,1
SF,IH2006,2020-02-14 09:33:07.100,2853.8000,10552,0,75321300.000,0,-,-,-,-,2853.4000,2853.2000,2853.0000,2852.6000,2851.2000,2854.0000,2854.6000,2854.8000,2855.2000,2855.6000,1,2,2,1,1,2,1,1,1,2
SF,IH2006,2020-02-14 09:33:08.100,2854.0000,10550,-2,77033700.000,2,0,2,双平,S,2853.4000,2853.2000,2853.0000,2852.6000,2851.2000,2854.6000,2854.8000,2855.2000,2855.6000,2856.0000,1,2,2,1,1,1,1,1,2,1
SF,IH2006,2020-02-14 09:33:08.600,2853.4000,10549,-1,77889720.000,1,0,1,双平,S,2853.2000,2853.0000,2852.6000,2851.2000,2851.0000,2854.6000,2854.8000,2855.6000,2856.0000,2856.6000,2,2,1,1,1,1,1,2,1,1
SF,IH2006,2020-02-14 09:33:09.100,2853.4000,10549,0,77889720.000,0,-,-,-,-,2853.4000,2853.2000,2853.0000,2852.6000,2851.2000,2855.6000,2856.6000,2857.0000,2857.8000,2858.0000,2,2,2,1,1,2,1,3,1,2
SF,IH2006,2020-02-14 09:33:09.600,2853.4000,10549,0,77889720.000,0,-,-,-,-,2853.4000,2853.2000,2853.0000,2852.6000,2851.2000,2855.4000,2855.6000,2856.6000,2857.0000,2857.8000,1,2,2,1,1,4,2,1,3,1
SF,IH2006,2020-02-14 09:33:10.100,2853.4000,10549,0,77889720.000,0,-,-,-,-,2853.4000,2853.2000,2853.0000,2852.6000,2851.2000,2855.2000,2855.4000,2856.6000,2857.0000,2857.8000,1,2,2,1,1,3,4,1,3,1
SF,IH2006,2020-02-14 09:33:10.600,2853.4000,10549,0,77889720.000,0,-,-,-,-,2853.4000,2853.2000,2853.0000,2852.6000,2851.2000,2855.0000,2855.2000,2855.4000,2856.6000,2857.0000,1,2,2,1,1,3,3,1,1,3
SF,IH2006,2020-02-14 09:33:11.100,2853.4000,10549,0,77889720.000,0,-,-,-,-,2853.4000,2853.2000,2853.0000,2852.6000,2851.2000,2854.8000,2855.0000,2855.2000,2855.4000,2856.6000,1,2,2,1,1,1,3,2,1,1
SF,IH2006,2020-02-14 09:33:11.600,2853.4000,10549,0,77889720.000,0,-,-,-,-,2853.4000,2853.2000,2853.0000,2852.6000,2851.2000,2854.6000,2855.0000,2855.2000,2855.4000,2856.6000,1,2,2,1,1,3,1,2,1,1
SF,IH2006,2020-02-14 09:33:12.100,2853.4000,10549,0,77889720.000,0,-,-,-,-,2853.4000,2853.2000,2853.0000,2852.6000,2851.2000,2854.6000,2855.0000,2855.2000,2855.4000,2856.6000,1,2,2,1,1,2,1,2,1,1
SF,IH2006,2020-02-14 09:33:12.600,2853.4000,10549,0,77889720.000,0,-,-,-,-,2853.4000,2853.2000,2853.0000,2852.6000,2851.2000,2854.6000,2855.0000,2855.2000,2855.4000,2856.6000,1,2,2,1,1,1,1,2,1,1
SF,IH2006,2020-02-14 09:33:13.100,2853.4000,10549,0,77889720.000,0,-,-,-,-,2853.4000,2853.2000,2853.0000,2852.6000,2851.2000,2855.0000,2855.2000,2855.4000,2856.6000,2857.0000,1,2,2,1,1,1,2,1,1,2
SF,IH2006,2020-02-14 09:33:13.600,2853.4000,10549,0,77889720.000,0,-,-,-,-,2853.6000,2853.4000,2853.2000,2853.0000,2852.6000,2855.2000,2857.0000,2857.8000,2858.0000,2859.0000,2,1,2,2,1,2,2,1,2,2
SF,IH2006,2020-02-14 09:33:14.100,2853.4000,10549,0,77889720.000,0,-,-,-,-,2853.8000,2853.6000,2853.2000,2853.0000,2852.6000,2855.2000,2857.0000,2857.8000,2858.0000,2859.0000,1,2,2,2,1,2,2,1,2,2
SF,IH2006,2020-02-14 09:33:14.600,2853.4000,10549,0,77889720.000,0,-,-,-,-,2854.0000,2853.8000,2853.6000,2853.2000,2853.0000,2855.2000,2857.0000,2857.8000,2858.0000,2859.0000,1,1,1,2,2,1,2,1,2,2
SF,IH2006,2020-02-14 09:33:15.100,2853.4000,10549,0,77889720.000,0,-,-,-,-,2853.8000,2853.2000,2853.0000,2852.6000,2851.2000,2857.0000,2857.8000,2858.0000,2859.0000,2860.0000,1,2,2,1,1,2,1,2,2,2
SF,IH2006,2020-02-14 09:33:15.600,2853.4000,10549,0,77889720.000,0,-,-,-,-,2853.8000,2853.2000,2853.0000,2852.6000,2851.2000,2856.2000,2856.6000,2856.8000,2857.0000,2857.8000,1,2,2,1,1,1,1,5,2,1
SF,IH2006,2020-02-14 09:33:16.100,2853.4000,10549,0,77889720.000,0,-,-,-,-,2853.8000,2853.2000,2853.0000,2852.6000,2851.2000,2856.0000,2856.2000,2856.6000,2857.0000,2857.8000,1,2,2,1,1,5,1,1,2,1
SF,IH2006,2020-02-14 09:33:16.600,2853.4000,10549,0,77889720.000,0,-,-,-,-,2853.8000,2853.2000,2853.0000,2852.6000,2851.2000,2856.0000,2856.6000,2857.0000,2857.8000,2858.0000,1,2,2,1,1,6,1,2,1,2
SF,IH2006,2020-02-14 09:33:17.100,2853.4000,10549,0,77889720.000,0,-,-,-,-,2853.8000,2853.2000,2853.0000,2852.6000,2851.2000,2855.8000,2856.0000,2856.6000,2857.0000,2857.8000,1,2,2,1,1,1,6,1,2,1
SF,IH2006,2020-02-14 09:33:17.600,2853.4000,10549,0,77889720.000,0,-,-,-,-,2853.8000,2853.2000,2853.0000,2852.6000,2851.2000,2855.6000,2855.8000,2856.0000,2856.6000,2857.0000,1,2,2,1,1,6,1,3,1,2
SF,IH2006,2020-02-14 09:33:18.100,2853.4000,10549,0,77889720.000,0,-,-,-,-,2853.8000,2853.2000,2853.0000,2852.6000,2851.2000,2855.6000,2856.0000,2857.0000,2857.8000,2858.0000,1,2,2,1,1,5,1,2,1,2
SF,IH2006,2020-02-14 09:33:18.600,2853.4000,10549,0,77889720.000,0,-,-,-,-,2854.0000,2853.8000,2853.2000,2853.0000,2852.6000,2855.6000,2856.0000,2857.0000,2857.8000,2858.0000,2,1,2,2,1,5,1,2,1,2
SF,IH2006,2020-02-14 09:33:19.100,2853.4000,10549,0,77889720.000,0,-,-,-,-,2854.0000,2853.8000,2853.2000,2853.0000,2852.6000,2855.6000,2856.0000,2857.0000,2857.8000,2858.0000,2,1,2,2,1,5,1,2,1,2
SF,IH2006,2020-02-14 09:33:19.600,2853.4000,10549,0,77889720.000,0,-,-,-,-,2854.2000,2854.0000,2853.2000,2853.0000,2852.6000,2855.6000,2856.0000,2857.0000,2857.8000,2858.0000,1,2,2,2,1,5,1,2,1,2
SF,IH2006,2020-02-14 09:33:20.600,2853.4000,10549,0,77889720.000,0,-,-,-,-,2854.2000,2854.0000,2853.2000,2853.0000,2852.6000,2855.6000,2856.0000,2857.0000,2857.8000,2858.0000,2,2,2,2,1,5,1,2,1,2
SF,IH2006,2020-02-14 09:33:21.100,2853.4000,10549,0,77889720.000,0,-,-,-,-,2854.2000,2853.2000,2853.0000,2852.6000,2852.0000,2855.6000,2856.0000,2857.0000,2857.8000,2858.0000,2,2,2,1,2,5,1,2,1,2
SF,IH2006,2020-02-14 09:33:21.600,2853.4000,10549,0,77889720.000,0,-,-,-,-,2854.2000,2853.2000,2853.0000,2852.6000,2852.0000,2855.6000,2856.0000,2857.0000,2857.8000,2858.0000,2,2,2,1,2,5,1,1,1,2
SF,IH2006,2020-02-14 09:33:22.100,2853.4000,10549,0,77889720.000,0,-,-,-,-,2854.2000,2853.2000,2853.0000,2852.6000,2852.0000,2855.6000,2856.0000,2857.0000,2857.8000,2858.0000,1,2,2,1,2,5,1,1,1,2
SF,IH2006,2020-02-14 09:33:22.600,2853.4000,10549,0,77889720.000,0,-,-,-,-,2854.2000,2853.2000,2853.0000,2852.6000,2852.0000,2855.6000,2856.0000,2857.0000,2857.8000,2858.0000,1,2,2,1,2,5,1,1,1,2
SF,IH2006,2020-02-14 09:33:24.100,2853.4000,10549,0,77889720.000,0,-,-,-,-,2854.2000,2853.2000,2853.0000,2852.6000,2852.0000,2855.6000,2856.0000,2857.0000,2857.8000,2858.0000,1,2,2,1,2,4,1,1,1,2
SF,IH2006,2020-02-14 09:33:25.600,2853.4000,10549,0,77889720.000,0,-,-,-,-,2854.2000,2853.2000,2853.0000,2852.6000,2852.0000,2855.4000,2855.6000,2856.0000,2857.0000,2857.8000,1,2,2,1,2,1,4,1,1,1
SF,IH2006,2020-02-14 09:33:26.600,2853.4000,10549,0,77889720.000,0,-,-,-,-,2854.2000,2853.2000,2853.0000,2852.6000,2852.0000,2855.2000,2855.4000,2855.6000,2856.0000,2857.0000,1,2,2,1,2,1,1,3,1,1
SF,IH2006,2020-02-14 09:33:30.100,2854.2000,10548,-1,78745980.000,1,0,1,双平,S,2853.2000,2853.0000,2852.6000,2852.0000,2851.2000,2854.0000,2855.2000,2855.4000,2855.6000,2856.0000,2,2,1,2,1,2,1,1,3,1
SF,IH2006,2020-02-14 09:33:30.600,2854.0000,10546,-2,80458380.000,2,0,2,双平,S,2854.0000,2853.2000,2853.0000,2852.6000,2852.0000,2855.2000,2855.4000,2855.6000,2856.0000,2857.0000,2,2,2,1,2,1,1,3,1,1
SF,IH2006,2020-02-14 09:33:31.100,2854.0000,10544,-2,82170780.000,2,0,2,双平,S,2853.2000,2853.0000,2852.6000,2852.0000,2851.2000,2855.0000,2855.2000,2855.4000,2855.6000,2856.0000,2,2,1,2,1,1,1,1,2,1
SF,IH2006,2020-02-14 09:33:31.600,2854.0000,10544,0,82170780.000,0,-,-,-,-,2853.2000,2853.0000,2852.6000,2852.0000,2851.2000,2854.8000,2855.0000,2855.2000,2855.4000,2855.6000,2,2,1,2,1,1,1,1,1,1
SF,IH2006,2020-02-14 09:33:32.100,2854.0000,10544,0,82170780.000,0,-,-,-,-,2853.4000,2853.2000,2853.0000,2852.6000,2852.0000,2854.8000,2855.0000,2855.2000,2855.4000,2855.6000,1,2,2,1,2,1,1,1,1,1
SF,IH2006,2020-02-14 09:33:33.600,2854.0000,10544,0,82170780.000,0,-,-,-,-,2853.2000,2853.0000,2852.6000,2852.0000,2851.2000,2854.8000,2855.0000,2855.2000,2855.4000,2855.6000,2,2,1,2,1,1,1,1,1,1
SF,IH2006,2020-02-14 09:33:34.100,2854.8000,10543,-1,83027220.000,1,0,1,双平,S,2853.2000,2853.0000,2852.6000,2852.0000,2851.2000,2855.0000,2855.2000,2855.4000,2855.6000,2856.0000,3,2,1,2,1,1,1,1,1,1
SF,IH2006,2020-02-14 09:33:34.600,2854.8000,10543,0,83027220.000,0,-,-,-,-,2853.4000,2853.2000,2853.0000,2852.6000,2852.0000,2855.0000,2855.2000,2855.4000,2855.6000,2856.0000,1,2,2,1,2,1,1,1,1,1
SF,IH2006,2020-02-14 09:33:36.600,2854.8000,10543,0,83027220.000,0,-,-,-,-,2853.4000,2853.2000,2853.0000,2852.6000,2852.0000,2855.0000,2855.2000,2855.4000,2855.6000,2856.0000,2,2,2,1,2,1,1,1,1,1
SF,IH2006,2020-02-14 09:33:37.100,2854.8000,10543,0,83027220.000,0,-,-,-,-,2853.6000,2853.4000,2853.2000,2853.0000,2852.6000,2855.0000,2855.2000,2855.4000,2855.6000,2856.0000,1,2,2,2,1,1,1,1,1,1
SF,IH2006,2020-02-14 09:33:37.600,2854.8000,10543,0,83027220.000,0,-,-,-,-,2853.6000,2853.4000,2853.2000,2853.0000,2852.6000,2855.0000,2855.2000,2855.4000,2855.6000,2856.0000,1,1,2,2,1,1,1,1,1,1
SF,IH2006,2020-02-14 09:33:38.100,2854.8000,10543,0,83027220.000,0,-,-,-,-,2853.4000,2853.2000,2853.0000,2852.6000,2852.0000,2854.8000,2855.0000,2855.4000,2855.6000,2856.0000,1,2,2,1,2,1,1,1,1,1
SF,IH2006,2020-02-14 09:33:38.600,2854.8000,10543,0,83027220.000,0,-,-,-,-,2854.0000,2853.4000,2853.2000,2853.0000,2852.6000,2854.8000,2855.0000,2855.4000,2855.6000,2856.0000,1,1,2,2,1,1,1,1,1,1
SF,IH2006,2020-02-14 09:33:39.100,2854.8000,10542,-1,83883660.000,1,0,1,双平,S,2854.0000,2853.4000,2853.2000,2853.0000,2852.6000,2854.8000,2855.0000,2855.4000,2855.6000,2856.0000,1,1,2,2,1,1,1,1,1,1
SF,IH2006,2020-02-14 09:33:39.600,2854.8000,10542,0,83883660.000,0,-,-,-,-,2854.0000,2853.4000,2853.2000,2853.0000,2852.6000,2855.0000,2855.4000,2855.6000,2856.0000,2857.0000,1,1,2,2,1,1,1,1,1,1
SF,IH2006,2020-02-14 09:33:40.600,2854.8000,10542,0,83883660.000,0,-,-,-,-,2854.0000,2853.4000,2853.2000,2853.0000,2852.6000,2855.0000,2855.4000,2855.6000,2856.0000,2857.0000,1,1,2,2,1,1,1,1,1,1
SF,IH2006,2020-02-14 09:33:41.100,2854.8000,10542,0,83883660.000,0,-,-,-,-,2854.0000,2853.4000,2853.2000,2853.0000,2852.6000,2855.0000,2855.4000,2855.6000,2856.0000,2857.0000,2,1,2,2,1,1,1,1,1,1
SF,IH2006,2020-02-14 09:33:41.600,2854.8000,10542,0,83883660.000,0,-,-,-,-,2854.0000,2853.4000,2853.2000,2853.0000,2852.6000,2855.0000,2855.4000,2855.6000,2856.0000,2857.0000,1,1,2,2,1,1,1,1,1,1
SF,IH2006,2020-02-14 09:33:43.100,2855.0000,10541,-1,84740160.000,1,0,1,双平,S,2854.0000,2853.4000,2853.2000,2853.0000,2852.6000,2855.4000,2855.6000,2856.0000,2857.0000,2857.8000,1,1,2,2,1,1,1,1,1,1
SF,IH2006,2020-02-14 09:33:43.600,2855.0000,10541,0,84740160.000,0,-,-,-,-,2854.2000,2854.0000,2853.4000,2853.2000,2853.0000,2855.6000,2856.0000,2857.0000,2857.8000,2858.0000,1,1,1,2,2,1,1,1,1,2
SF,IH2006,2020-02-14 09:33:44.100,2855.0000,10541,0,84740160.000,0,-,-,-,-,2854.2000,2854.0000,2853.4000,2853.2000,2853.0000,2855.4000,2855.6000,2856.0000,2857.0000,2857.8000,1,1,1,2,2,1,1,1,1,1
SF,IH2006,2020-02-14 09:33:44.600,2855.0000,10541,0,84740160.000,0,-,-,-,-,2854.4000,2854.2000,2854.0000,2853.4000,2853.2000,2855.4000,2855.6000,2856.0000,2857.0000,2857.8000,1,1,1,1,2,1,1,1,1,1
SF,IH2006,2020-02-14 09:33:45.100,2855.0000,10541,0,84740160.000,0,-,-,-,-,2854.4000,2854.2000,2853.4000,2853.2000,2853.0000,2855.4000,2855.6000,2856.0000,2857.0000,2857.8000,2,1,1,2,2,1,1,1,1,1
SF,IH2006,2020-02-14 09:33:49.600,2855.0000,10541,0,84740160.000,0,-,-,-,-,2854.4000,2854.2000,2853.4000,2853.2000,2853.0000,2855.6000,2856.0000,2857.0000,2857.8000,2858.0000,2,1,1,2,2,1,1,1,1,2
SF,IH2006,2020-02-14 09:33:50.100,2855.0000,10541,0,84740160.000,0,-,-,-,-,2855.0000,2854.4000,2854.2000,2853.4000,2853.2000,2855.6000,2856.0000,2857.0000,2857.8000,2858.0000,1,1,1,1,2,1,1,1,1,2
SF,IH2006,2020-02-14 09:33:50.600,2855.0000,10541,0,84740160.000,0,-,-,-,-,2855.0000,2854.4000,2854.2000,2853.4000,2853.2000,2856.0000,2857.0000,2857.8000,2858.0000,2859.0000,1,1,1,1,2,1,1,1,2,2
SF,IH2006,2020-02-14 09:33:51.100,2855.0000,10541,0,84740160.000,0,-,-,-,-,2855.0000,2854.2000,2853.4000,2853.2000,2853.0000,2855.8000,2856.0000,2857.0000,2857.8000,2858.0000,1,1,1,2,2,3,1,1,1,2
SF,IH2006,2020-02-14 09:33:51.600,2855.0000,10541,0,84740160.000,0,-,-,-,-,2855.0000,2854.2000,2853.4000,2853.2000,2853.0000,2855.8000,2856.0000,2857.0000,2857.8000,2858.0000,2,1,1,2,2,3,1,1,1,2
SF,IH2006,2020-02-14 09:33:52.100,2855.0000,10541,0,84740160.000,0,-,-,-,-,2855.0000,2854.2000,2853.4000,2853.2000,2853.0000,2855.8000,2856.0000,2857.0000,2857.8000,2858.0000,1,1,1,2,2,3,1,1,1,2
SF,IH2006,2020-02-14 09:33:52.600,2855.0000,10541,0,84740160.000,0,-,-,-,-,2855.0000,2854.2000,2853.4000,2853.2000,2853.0000,2855.8000,2856.0000,2857.0000,2857.8000,2858.0000,1,1,1,2,2,3,1,1,1,2
SF,IH2006,2020-02-14 09:33:55.600,2855.0000,10541,0,84740160.000,0,-,-,-,-,2855.0000,2854.2000,2853.4000,2853.2000,2853.0000,2855.8000,2856.0000,2857.0000,2857.8000,2858.0000,1,1,1,2,2,3,1,1,1,2
SF,IH2006,2020-02-14 09:33:57.600,2855.0000,10541,0,84740160.000,0,-,-,-,-,2855.0000,2854.2000,2853.4000,2853.2000,2853.0000,2855.8000,2856.0000,2857.0000,2857.8000,2858.0000,1,1,1,2,2,2,1,1,1,2
SF,IH2006,2020-02-14 09:33:59.600,2855.0000,10541,0,84740160.000,0,-,-,-,-,2854.2000,2854.0000,2853.4000,2853.2000,2853.0000,2855.6000,2855.8000,2856.0000,2857.0000,2857.8000,1,1,1,2,2,1,2,1,1,1
SF,IH2006,2020-02-14 09:34:00.100,2855.0000,10541,0,84740160.000,0,-,-,-,-,2854.4000,2854.2000,2854.0000,2853.4000,2853.2000,2855.6000,2855.8000,2856.0000,2857.0000,2857.8000,1,1,1,1,2,1,2,1,1,1
SF,IH2006,2020-02-14 09:34:00.600,2855.0000,10541,0,84740160.000,0,-,-,-,-,2854.6000,2854.2000,2854.0000,2853.4000,2853.2000,2855.0000,2855.6000,2855.8000,2856.0000,2857.0000,1,1,1,1,2,1,1,2,1,1
SF,IH2006,2020-02-14 09:34:01.100,2855.0000,10540,-1,85596660.000,1,0,1,双平,S,2855.0000,2854.2000,2854.0000,2853.4000,2853.2000,2855.6000,2855.8000,2856.0000,2857.0000,2857.8000,1,1,1,1,2,1,2,1,1,1
SF,IH2006,2020-02-14 09:34:01.600,2855.0000,10539,-1,86453160.000,1,0,1,双平,S,2855.0000,2854.2000,2854.0000,2853.4000,2853.2000,2855.6000,2856.0000,2857.0000,2857.8000,2858.0000,1,1,1,1,2,1,1,1,1,2
SF,IH2006,2020-02-14 09:34:04.600,2854.2000,10540,1,88165920.000,2,1,1,空开,S,2854.0000,2853.4000,2853.2000,2853.0000,2852.6000,2855.6000,2856.0000,2857.0000,2857.8000,2858.0000,1,1,2,2,1,1,1,1,1,2
SF,IH2006,2020-02-14 09:34:05.100,2854.2000,10540,0,88165920.000,0,-,-,-,-,2854.2000,2854.0000,2853.4000,2853.2000,2853.0000,2855.6000,2856.0000,2857.0000,2857.8000,2858.0000,2,1,1,2,2,1,1,1,1,2
SF,IH2006,2020-02-14 09:34:06.100,2854.2000,10540,0,88165920.000,0,-,-,-,-,2854.4000,2854.2000,2854.0000,2853.4000,2853.2000,2855.6000,2856.0000,2857.0000,2857.8000,2858.0000,1,2,1,1,2,1,1,1,1,2
SF,IH2006,2020-02-14 09:34:06.600,2854.2000,10540,0,88165920.000,0,-,-,-,-,2854.4000,2854.0000,2853.4000,2853.2000,2853.0000,2855.6000,2856.0000,2857.0000,2857.8000,2858.0000,1,1,1,2,2,1,1,1,1,2
SF,IH2006,2020-02-14 09:34:08.100,2854.2000,10540,0,89022180.000,1,0,1,多换,S,2854.0000,2853.4000,2853.2000,2853.0000,2852.6000,2855.6000,2856.0000,2857.0000,2857.8000,2858.0000,1,1,2,2,1,1,1,1,1,2
SF,IH2006,2020-02-14 09:34:08.600,2854.2000,10540,0,89022180.000,0,-,-,-,-,2854.6000,2854.2000,2853.4000,2853.2000,2853.0000,2855.6000,2856.0000,2857.0000,2857.8000,2858.0000,1,2,1,2,2,1,1,1,1,3
SF,IH2006,2020-02-14 09:34:09.100,2854.2000,10540,0,89022180.000,0,-,-,-,-,2854.6000,2854.2000,2853.4000,2853.2000,2853.0000,2855.6000,2856.0000,2857.0000,2857.8000,2858.0000,1,1,1,2,2,1,1,1,1,3
SF,IH2006,2020-02-14 09:34:09.600,2854.2000,10540,0,89022180.000,0,-,-,-,-,2854.6000,2853.4000,2853.2000,2853.0000,2852.6000,2855.6000,2856.0000,2857.0000,2857.8000,2858.0000,1,1,2,2,1,1,1,1,1,3
SF,IH2006,2020-02-14 09:34:12.100,2854.2000,10540,0,89022180.000,0,-,-,-,-,2854.6000,2854.0000,2853.4000,2853.2000,2853.0000,2855.6000,2856.0000,2857.0000,2857.8000,2858.0000,1,1,1,2,2,1,1,1,1,3
SF,IH2006,2020-02-14 09:34:13.100,2854.2000,10540,0,89022180.000,0,-,-,-,-,2854.6000,2854.0000,2853.4000,2853.2000,2853.0000,2855.6000,2856.0000,2857.0000,2857.8000,2858.0000,1,1,1,2,2,1,1,1,1,3
SF,IH2006,2020-02-14 09:34:14.100,2854.2000,10540,0,89022180.000,0,-,-,-,-,2854.6000,2854.0000,2853.4000,2853.2000,2853.0000,2855.6000,2856.0000,2857.0000,2857.8000,2858.0000,1,2,1,2,2,1,1,1,1,3
SF,IH2006,2020-02-14 09:34:15.600,2854.2000,10540,0,89022180.000,0,-,-,-,-,2855.0000,2854.6000,2854.0000,2853.4000,2853.2000,2855.6000,2856.0000,2857.0000,2857.8000,2858.0000,3,1,2,1,2,1,1,1,1,3
SF,IH2006,2020-02-14 09:34:17.100,2854.2000,10540,0,89022180.000,0,-,-,-,-,2855.0000,2854.0000,2853.4000,2853.2000,2853.0000,2855.6000,2856.0000,2857.0000,2857.8000,2858.0000,4,2,1,2,2,1,1,1,1,3
SF,IH2006,2020-02-14 09:34:18.600,2855.6000,10539,-1,89878860.000,1,0,1,双平,S,2855.0000,2854.0000,2853.4000,2853.2000,2853.0000,2856.0000,2857.0000,2857.8000,2858.0000,2859.0000,4,2,1,2,2,1,1,1,3,2
SF,IH2006,2020-02-14 09:34:19.100,2855.6000,10539,0,89878860.000,0,-,-,-,-,2855.0000,2854.0000,2853.4000,2853.2000,2853.0000,2856.0000,2857.0000,2857.8000,2858.0000,2859.0000,4,2,1,1,2,1,1,1,3,2
SF,IH2006,2020-02-14 09:34:21.100,2855.0000,10540,1,90735360.000,1,1,0,双开,S,2855.0000,2854.0000,2853.4000,2853.2000,2853.0000,2856.0000,2857.0000,2857.8000,2858.0000,2859.0000,3,2,1,1,2,1,1,1,3,2
SF,IH2006,2020-02-14 09:34:22.100,2855.0000,10540,0,90735360.000,0,-,-,-,-,2855.2000,2855.0000,2854.0000,2853.4000,2853.2000,2856.0000,2857.0000,2857.8000,2858.0000,2859.0000,1,3,2,1,1,1,1,1,3,2
SF,IH2006,2020-02-14 09:34:23.600,2855.0000,10540,0,90735360.000,0,-,-,-,-,2855.2000,2855.0000,2854.0000,2853.4000,2853.2000,2856.0000,2857.0000,2857.8000,2858.0000,2859.0000,1,2,2,1,1,1,1,1,3,2
SF,IH2006,2020-02-14 09:34:26.100,2855.0000,10540,0,90735360.000,0,-,-,-,-,2855.2000,2855.0000,2854.8000,2854.0000,2853.4000,2856.0000,2857.0000,2857.8000,2858.0000,2859.0000,1,2,1,2,1,1,1,1,3,2
SF,IH2006,2020-02-14 09:34:26.600,2855.0000,10540,0,90735360.000,0,-,-,-,-,2855.2000,2855.0000,2854.8000,2854.0000,2853.4000,2856.0000,2857.0000,2857.8000,2858.0000,2859.0000,1,3,1,2,1,1,1,1,3,2
SF,IH2006,2020-02-14 09:34:27.600,2856.0000,10539,-1,91592160.000,1,0,1,双平,S,2855.2000,2855.0000,2854.8000,2854.0000,2853.4000,2857.0000,2857.8000,2858.0000,2859.0000,2860.0000,1,3,1,2,1,1,1,3,2,2
SF,IH2006,2020-02-14 09:34:28.100,2856.0000,10539,0,91592160.000,0,-,-,-,-,2855.4000,2855.2000,2855.0000,2854.8000,2854.0000,2856.8000,2857.0000,2857.8000,2858.0000,2859.0000,2,1,3,1,2,3,1,1,3,2
SF,IH2006,2020-02-14 09:34:28.600,2856.0000,10539,0,91592160.000,0,-,-,-,-,2855.6000,2855.4000,2855.2000,2855.0000,2854.8000,2856.8000,2857.0000,2857.8000,2858.0000,2859.0000,1,2,1,3,1,1,1,1,3,2
SF,IH2006,2020-02-14 09:34:29.100,2856.0000,10539,0,91592160.000,0,-,-,-,-,2855.8000,2855.4000,2855.2000,2855.0000,2854.8000,2857.0000,2857.8000,2858.0000,2859.0000,2860.0000,1,1,1,3,1,1,1,3,2,2
SF,IH2006,2020-02-14 09:34:29.600,2857.0000,10538,-1,92449260.000,1,0,1,双平,S,2855.8000,2855.4000,2855.2000,2855.0000,2854.8000,2857.8000,2858.0000,2859.0000,2860.0000,2862.0000,1,1,1,3,1,1,3,2,2,2
SF,IH2006,2020-02-14 09:34:30.100,2857.0000,10538,0,92449260.000,0,-,-,-,-,2856.0000,2855.2000,2855.0000,2854.8000,2854.0000,2857.6000,2857.8000,2858.0000,2859.0000,2860.0000,2,1,3,1,2,2,1,3,2,2
SF,IH2006,2020-02-14 09:34:30.600,2857.0000,10538,0,92449260.000,0,-,-,-,-,2856.2000,2856.0000,2855.2000,2855.0000,2854.8000,2857.6000,2857.8000,2858.0000,2859.0000,2860.0000,3,2,1,3,1,1,1,3,2,2
SF,IH2006,2020-02-14 09:34:31.100,2857.0000,10538,0,92449260.000,0,-,-,-,-,2856.4000,2856.2000,2856.0000,2855.2000,2855.0000,2857.6000,2857.8000,2858.0000,2859.0000,2860.0000,1,3,1,1,3,1,1,3,2,2
SF,IH2006,2020-02-14 09:34:31.600,2857.0000,10538,0,92449260.000,0,-,-,-,-,2856.2000,2856.0000,2855.2000,2855.0000,2854.8000,2857.6000,2857.8000,2858.0000,2859.0000,2860.0000,3,1,1,3,1,1,1,3,2,2
SF,IH2006,2020-02-14 09:34:32.100,2857.0000,10538,0,92449260.000,0,-,-,-,-,2856.4000,2856.2000,2856.0000,2855.2000,2855.0000,2857.6000,2857.8000,2858.0000,2859.0000,2860.0000,1,2,1,1,3,1,1,3,2,2
SF,IH2006,2020-02-14 09:34:32.600,2857.0000,10538,0,92449260.000,0,-,-,-,-,2856.6000,2856.4000,2856.0000,2855.2000,2855.0000,2857.6000,2857.8000,2858.0000,2859.0000,2860.0000,1,1,1,1,3,1,1,3,2,2
SF,IH2006,2020-02-14 09:34:33.100,2857.0000,10538,0,92449260.000,0,-,-,-,-,2856.4000,2856.0000,2855.2000,2855.0000,2854.8000,2857.6000,2857.8000,2858.0000,2859.0000,2860.0000,1,1,1,3,1,1,1,3,2,2
SF,IH2006,2020-02-14 09:34:33.600,2857.0000,10538,0,92449260.000,0,-,-,-,-,2856.6000,2856.4000,2856.0000,2855.0000,2854.8000,2857.6000,2857.8000,2858.0000,2859.0000,2860.0000,2,1,2,3,1,1,1,3,2,2
SF,IH2006,2020-02-14 09:34:34.600,2857.0000,10538,0,92449260.000,0,-,-,-,-,2856.6000,2856.0000,2855.0000,2854.8000,2854.0000,2857.6000,2857.8000,2858.0000,2859.0000,2860.0000,2,2,3,1,2,1,1,3,2,2
SF,IH2006,2020-02-14 09:34:35.100,2857.0000,10538,0,92449260.000,0,-,-,-,-,2856.0000,2855.0000,2854.8000,2854.0000,2853.2000,2857.6000,2857.8000,2858.0000,2859.0000,2860.0000,2,3,1,2,1,1,1,3,2,2
SF,IH2006,2020-02-14 09:34:35.600,2857.0000,10538,0,92449260.000,0,-,-,-,-,2856.2000,2856.0000,2855.0000,2854.8000,2854.0000,2857.6000,2857.8000,2858.0000,2859.0000,2860.0000,3,2,3,1,2,1,1,3,2,2
SF,IH2006,2020-02-14 09:34:36.600,2857.0000,10538,0,92449260.000,0,-,-,-,-,2856.4000,2856.2000,2856.0000,2855.0000,2854.8000,2857.6000,2857.8000,2858.0000,2859.0000,2860.0000,2,2,2,3,1,1,1,3,2,2
SF,IH2006,2020-02-14 09:34:37.100,2857.0000,10538,0,92449260.000,0,-,-,-,-,2856.6000,2856.4000,2856.2000,2856.0000,2855.0000,2857.6000,2857.8000,2858.0000,2859.0000,2860.0000,1,3,1,2,3,1,1,3,2,2
SF,IH2006,2020-02-14 09:34:37.600,2857.0000,10538,0,92449260.000,0,-,-,-,-,2856.4000,2856.2000,2856.0000,2855.0000,2854.8000,2857.6000,2857.8000,2858.0000,2859.0000,2860.0000,2,1,2,3,1,1,1,3,2,2
SF,IH2006,2020-02-14 09:34:38.100,2857.0000,10538,0,92449260.000,0,-,-,-,-,2856.6000,2856.4000,2856.2000,2856.0000,2855.0000,2857.6000,2857.8000,2858.0000,2859.0000,2860.0000,1,3,1,2,3,1,1,3,2,2
SF,IH2006,2020-02-14 09:34:38.600,2857.0000,10538,0,92449260.000,0,-,-,-,-,2856.4000,2856.2000,2856.0000,2855.0000,2854.8000,2857.6000,2857.8000,2858.0000,2859.0000,2860.0000,2,1,2,3,1,1,1,3,2,2
SF,IH2006,2020-02-14 09:34:39.100,2857.0000,10538,0,92449260.000,0,-,-,-,-,2856.6000,2856.4000,2856.2000,2856.0000,2855.0000,2857.6000,2857.8000,2858.0000,2859.0000,2860.0000,2,2,1,2,3,1,1,3,2,2
SF,IH2006,2020-02-14 09:34:39.600,2857.0000,10538,0,92449260.000,0,-,-,-,-,2856.6000,2856.4000,2856.2000,2856.0000,2855.0000,2857.6000,2857.8000,2858.0000,2859.0000,2860.0000,2,2,1,2,3,1,1,3,2,2
SF,IH2006,2020-02-14 09:34:40.100,2857.0000,10538,0,92449260.000,0,-,-,-,-,2856.6000,2856.4000,2856.2000,2856.0000,2855.0000,2857.6000,2857.8000,2858.0000,2859.0000,2860.0000,2,2,1,2,3,1,1,3,2,2
SF,IH2006,2020-02-14 09:34:41.600,2857.0000,10538,0,92449260.000,0,-,-,-,-,2856.8000,2856.6000,2856.4000,2856.2000,2856.0000,2857.6000,2857.8000,2858.0000,2859.0000,2860.0000,1,2,2,1,1,1,1,3,2,2
SF,IH2006,2020-02-14 09:34:42.100,2857.0000,10538,0,92449260.000,0,-,-,-,-,2856.8000,2856.6000,2856.4000,2856.2000,2856.0000,2857.6000,2857.8000,2858.0000,2859.0000,2860.0000,1,1,2,1,1,1,1,3,2,2
SF,IH2006,2020-02-14 09:34:42.600,2857.0000,10538,0,92449260.000,0,-,-,-,-,2856.8000,2856.6000,2856.4000,2856.2000,2856.0000,2857.6000,2857.8000,2858.0000,2859.0000,2860.0000,1,1,2,1,1,1,1,3,2,2
SF,IH2006,2020-02-14 09:34:43.600,2857.0000,10538,0,92449260.000,0,-,-,-,-,2856.8000,2856.4000,2856.2000,2856.0000,2855.0000,2857.6000,2857.8000,2858.0000,2859.0000,2860.0000,1,2,1,1,3,1,1,3,2,2
SF,IH2006,2020-02-14 09:34:44.100,2857.0000,10538,0,92449260.000,0,-,-,-,-,2856.8000,2856.0000,2855.0000,2854.8000,2854.0000,2857.6000,2857.8000,2858.0000,2859.0000,2860.0000,1,1,3,1,3,1,1,3,2,2
SF,IH2006,2020-02-14 09:34:44.600,2857.0000,10538,0,92449260.000,0,-,-,-,-,2856.8000,2855.0000,2854.8000,2854.0000,2853.8000,2857.6000,2857.8000,2858.0000,2859.0000,2860.0000,1,3,1,3,6,1,1,3,2,2
SF,IH2006,2020-02-14 09:34:45.100,2857.0000,10538,0,92449260.000,0,-,-,-,-,2856.8000,2855.0000,2854.0000,2853.8000,2853.2000,2857.6000,2857.8000,2858.0000,2859.0000,2860.0000,1,3,3,6,1,1,1,3,2,2
SF,IH2006,2020-02-14 09:34:46.100,2857.0000,10538,0,92449260.000,0,-,-,-,-,2856.8000,2855.0000,2854.2000,2854.0000,2853.8000,2857.6000,2857.8000,2858.0000,2859.0000,2860.0000,1,3,1,3,6,1,1,3,2,2
SF,IH2006,2020-02-14 09:34:46.600,2857.6000,10537,-1,93306540.000,1,0,1,双平,S,2856.8000,2855.0000,2854.2000,2854.0000,2853.8000,2857.8000,2858.0000,2859.0000,2860.0000,2862.0000,1,3,1,3,6,1,3,2,2,2
SF,IH2006,2020-02-14 09:34:47.100,2857.6000,10537,0,93306540.000,0,-,-,-,-,2857.6000,2857.0000,2855.0000,2854.2000,2854.0000,2857.8000,2858.0000,2859.0000,2860.0000,2862.0000,2,1,3,1,3,1,3,2,2,2
SF,IH2006,2020-02-14 09:34:47.600,2857.6000,10537,0,95021100.000,2,1,1,多换,S,2857.0000,2855.0000,2854.2000,2854.0000,2853.8000,2857.8000,2858.0000,2859.0000,2860.0000,2862.0000,1,3,1,3,6,1,3,2,2,2
SF,IH2006,2020-02-14 09:34:48.100,2857.6000,10537,0,95021100.000,0,-,-,-,-,2857.2000,2857.0000,2855.0000,2854.2000,2854.0000,2857.8000,2858.0000,2859.0000,2860.0000,2862.0000,2,1,3,1,3,1,3,2,2,2
SF,IH2006,2020-02-14 09:34:48.600,2857.6000,10537,0,95021100.000,0,-,-,-,-,2857.2000,2857.0000,2855.0000,2854.2000,2854.0000,2857.8000,2858.0000,2859.0000,2860.0000,2862.0000,1,1,3,1,3,1,3,2,2,2
SF,IH2006,2020-02-14 09:34:49.100,2857.8000,10537,0,95878440.000,1,0,1,多换,S,2857.0000,2855.0000,2854.2000,2854.0000,2853.8000,2858.0000,2859.0000,2860.0000,2862.0000,2863.0000,1,3,1,3,6,3,2,2,2,1
SF,IH2006,2020-02-14 09:34:49.600,2857.8000,10537,0,95878440.000,0,-,-,-,-,2857.0000,2855.0000,2854.2000,2854.0000,2853.8000,2858.0000,2859.0000,2860.0000,2862.0000,2863.0000,1,3,1,3,6,3,2,2,2,1
SF,IH2006,2020-02-14 09:34:50.100,2857.8000,10537,0,95878440.000,0,-,-,-,-,2857.0000,2855.0000,2854.2000,2854.0000,2853.8000,2858.0000,2859.0000,2860.0000,2862.0000,2863.0000,2,3,1,3,6,3,2,2,2,1
SF,IH2006,2020-02-14 09:34:50.600,2857.8000,10537,0,95878440.000,0,-,-,-,-,2857.2000,2857.0000,2855.0000,2854.2000,2854.0000,2858.0000,2859.0000,2860.0000,2862.0000,2863.0000,2,2,3,1,3,3,2,2,2,1
SF,IH2006,2020-02-14 09:34:51.100,2858.0000,10538,1,96735840.000,1,1,0,双开,S,2857.6000,2857.2000,2857.0000,2855.0000,2854.2000,2858.0000,2859.0000,2860.0000,2862.0000,2863.0000,1,2,2,3,1,2,2,2,2,1
SF,IH2006,2020-02-14 09:34:51.600,2858.0000,10537,-1,98450640.000,2,0,2,多平,S,2858.0000,2857.2000,2857.0000,2855.0000,2854.2000,2859.0000,2860.0000,2862.0000,2863.0000,2863.2000,1,1,2,3,1,2,2,2,1,1
SF,IH2006,2020-02-14 09:34:52.100,2858.0000,10537,0,98450640.000,0,-,-,-,-,2858.0000,2857.2000,2855.0000,2854.2000,2854.0000,2859.0000,2860.0000,2862.0000,2863.0000,2863.2000,1,1,3,1,3,2,2,2,1,1
SF,IH2006,2020-02-14 09:34:52.600,2858.0000,10536,-1,99308040.000,1,0,1,双平,S,2855.0000,2854.2000,2854.0000,2853.8000,2853.2000,2858.8000,2859.0000,2860.0000,2862.0000,2863.0000,3,1,3,6,1,4,2,2,2,1
SF,IH2006,2020-02-14 09:34:53.100,2858.0000,10536,0,99308040.000,0,-,-,-,-,2857.4000,2856.4000,2856.0000,2855.4000,2855.2000,2858.6000,2859.0000,2860.0000,2862.0000,2863.0000,1,1,2,1,5,1,2,2,2,1
SF,IH2006,2020-02-14 09:34:53.600,2858.0000,10536,0,99308040.000,0,-,-,-,-,2857.6000,2857.4000,2856.4000,2856.0000,2855.4000,2858.6000,2859.0000,2860.0000,2862.0000,2863.0000,1,1,1,2,1,1,2,2,2,1
SF,IH2006,2020-02-14 09:34:54.100,2858.6000,10536,0,100165620.000,1,0,1,多换,S,2856.4000,2856.0000,2855.4000,2855.2000,2855.0000,2859.0000,2860.0000,2862.0000,2863.0000,2863.2000,1,1,1,3,3,2,2,2,1,1
SF,IH2006,2020-02-14 09:34:54.600,2858.6000,10536,0,100165620.000,0,-,-,-,-,2856.8000,2856.6000,2856.4000,2856.0000,2855.4000,2859.0000,2860.0000,2862.0000,2863.0000,2863.2000,1,4,1,1,1,2,2,2,1,1
SF,IH2006,2020-02-14 09:34:55.100,2858.6000,10536,0,100165620.000,0,-,-,-,-,2857.0000,2856.8000,2856.6000,2856.0000,2855.4000,2859.0000,2860.0000,2862.0000,2863.0000,2863.2000,2,1,2,1,1,2,2,2,1,1
SF,IH2006,2020-02-14 09:34:55.600,2858.6000,10536,0,100165620.000,0,-,-,-,-,2857.2000,2857.0000,2856.8000,2856.6000,2856.0000,2859.0000,2860.0000,2862.0000,2863.0000,2863.2000,4,3,1,1,1,2,2,2,1,1
SF,IH2006,2020-02-14 09:34:56.100,2858.6000,10536,0,100165620.000,0,-,-,-,-,2857.4000,2857.2000,2857.0000,2856.8000,2856.6000,2859.0000,2860.0000,2862.0000,2863.0000,2863.2000,2,4,1,1,1,2,2,2,1,1
SF,IH2006,2020-02-14 09:34:56.600,2858.6000,10536,0,100165620.000,0,-,-,-,-,2857.6000,2857.4000,2857.0000,2856.8000,2856.6000,2859.0000,2860.0000,2862.0000,2863.0000,2863.2000,3,2,1,1,1,3,2,2,1,1
SF,IH2006,2020-02-14 09:34:57.100,2858.6000,10536,0,100165620.000,0,-,-,-,-,2857.8000,2857.6000,2857.4000,2857.0000,2856.8000,2859.0000,2860.0000,2862.0000,2863.0000,2863.2000,1,4,1,1,1,3,2,2,1,1
SF,IH2006,2020-02-14 09:34:57.600,2858.6000,10536,0,100165620.000,0,-,-,-,-,2857.8000,2857.6000,2857.4000,2856.8000,2856.6000,2859.0000,2860.0000,2862.0000,2863.0000,2863.2000,1,3,1,1,1,3,2,2,1,1
SF,IH2006,2020-02-14 09:34:58.100,2858.6000,10536,0,100165620.000,0,-,-,-,-,2857.8000,2857.6000,2857.4000,2856.8000,2856.6000,2859.0000,2860.0000,2862.0000,2863.0000,2863.2000,1,2,1,1,1,3,2,2,1,1
SF,IH2006,2020-02-14 09:34:58.600,2859.0000,10536,0,101023320.000,1,0,1,多换,S,2858.0000,2857.8000,2857.6000,2857.4000,2856.8000,2859.0000,2860.0000,2862.0000,2863.0000,2863.2000,1,1,2,1,1,2,2,2,1,1
SF,IH2006,2020-02-14 09:34:59.100,2859.0000,10534,-2,102738420.000,2,0,2,双平,S,2857.8000,2857.6000,2857.4000,2856.8000,2856.6000,2859.0000,2860.0000,2862.0000,2863.0000,2863.2000,1,2,1,1,1,1,2,2,1,1
SF,IH2006,2020-02-14 09:35:00.100,2859.0000,10534,0,102738420.000,0,-,-,-,-,2857.8000,2857.6000,2857.4000,2856.8000,2856.6000,2858.8000,2859.0000,2860.0000,2862.0000,2863.0000,1,2,1,1,1,1,1,2,2,1
SF,IH2006,2020-02-14 09:35:01.600,2858.8000,10535,1,103596060.000,1,1,0,双开,S,2857.8000,2857.6000,2857.4000,2856.8000,2856.6000,2859.0000,2860.0000,2862.0000,2863.0000,2863.2000,1,2,1,1,1,1,2,2,1,1
SF,IH2006,2020-02-14 09:35:02.100,2858.8000,10535,0,103596060.000,0,-,-,-,-,2857.8000,2857.6000,2857.4000,2856.8000,2856.6000,2858.8000,2859.0000,2860.0000,2862.0000,2863.0000,1,2,1,1,1,3,1,2,2,1
SF,IH2006,2020-02-14 09:35:02.600,2858.8000,10535,0,103596060.000,0,-,-,-,-,2857.8000,2857.6000,2857.4000,2856.8000,2856.0000,2859.0000,2860.0000,2862.0000,2863.0000,2863.2000,1,2,1,1,1,1,2,2,1,1
SF,IH2006,2020-02-14 09:35:03.100,2858.8000,10535,0,103596060.000,0,-,-,-,-,2857.8000,2857.6000,2857.4000,2856.8000,2856.0000,2858.8000,2859.0000,2860.0000,2862.0000,2863.0000,1,2,1,1,1,1,1,2,2,1
SF,IH2006,2020-02-14 09:35:03.600,2858.8000,10535,0,103596060.000,0,-,-,-,-,2857.8000,2857.6000,2857.4000,2856.8000,2856.0000,2859.0000,2860.0000,2862.0000,2863.0000,2863.2000,1,2,1,1,1,1,2,2,1,1
SF,IH2006,2020-02-14 09:35:04.100,2858.8000,10535,0,103596060.000,0,-,-,-,-,2858.0000,2857.8000,2857.6000,2857.4000,2856.8000,2859.0000,2860.0000,2862.0000,2863.0000,2863.2000,1,1,2,2,1,1,2,2,1,1
SF,IH2006,2020-02-14 09:35:04.600,2859.0000,10535,0,104453760.000,1,0,1,多换,S,2858.2000,2857.6000,2857.4000,2856.8000,2856.0000,2860.0000,2862.0000,2863.0000,2863.2000,2865.0000,2,2,2,1,1,2,2,1,1,2
SF,IH2006,2020-02-14 09:35:05.100,2859.0000,10535,0,104453760.000,0,-,-,-,-,2858.4000,2858.2000,2857.6000,2857.4000,2856.8000,2859.8000,2860.0000,2862.0000,2863.0000,2863.2000,3,2,2,1,1,1,2,2,1,1
SF,IH2006,2020-02-14 09:35:05.600,2859.0000,10535,0,104453760.000,0,-,-,-,-,2858.6000,2858.4000,2857.6000,2857.4000,2856.8000,2860.0000,2862.0000,2863.0000,2863.2000,2865.0000,2,3,2,1,1,2,2,1,1,2
SF,IH2006,2020-02-14 09:35:06.100,2859.0000,10535,0,104453760.000,0,-,-,-,-,2858.6000,2858.4000,2857.6000,2856.8000,2856.0000,2860.0000,2862.0000,2863.0000,2863.2000,2865.0000,2,3,2,1,1,2,2,1,1,2
SF,IH2006,2020-02-14 09:35:06.600,2859.0000,10535,0,104453760.000,0,-,-,-,-,2858.6000,2858.4000,2857.6000,2856.8000,2856.0000,2860.0000,2862.0000,2863.0000,2863.2000,2865.0000,2,3,2,1,1,2,2,1,1,2
SF,IH2006,2020-02-14 09:35:07.100,2859.0000,10535,0,104453760.000,0,-,-,-,-,2858.6000,2858.4000,2857.6000,2856.8000,2856.0000,2860.0000,2862.0000,2863.0000,2863.2000,2865.0000,2,4,2,1,1,2,2,1,1,2
SF,IH2006,2020-02-14 09:35:07.600,2859.0000,10535,0,104453760.000,0,-,-,-,-,2858.6000,2858.4000,2857.6000,2856.8000,2856.0000,2860.0000,2862.0000,2863.0000,2863.2000,2865.0000,2,4,2,1,1,2,2,1,1,2
SF,IH2006,2020-02-14 09:35:08.100,2858.6000,10532,-3,107026560.000,3,0,3,双平,S,2858.4000,2857.6000,2856.8000,2856.0000,2855.2000,2860.0000,2862.0000,2863.0000,2863.2000,2865.0000,4,2,1,1,1,2,2,1,1,2
SF,IH2006,2020-02-14 09:35:08.600,2858.6000,10531,-1,107884140.000,1,0,1,双平,S,2858.6000,2858.4000,2857.6000,2856.8000,2856.0000,2860.0000,2862.0000,2863.0000,2863.2000,2865.0000,2,4,2,1,1,2,2,1,1,2
SF,IH2006,2020-02-14 09:35:09.100,2858.6000,10531,0,107884140.000,0,-,-,-,-,2858.6000,2858.4000,2857.6000,2856.8000,2856.0000,2859.8000,2860.0000,2862.0000,2863.0000,2863.2000,2,4,2,1,1,1,2,2,1,1
SF,IH2006,2020-02-14 09:35:09.600,2858.6000,10531,0,107884140.000,0,-,-,-,-,2858.6000,2858.4000,2857.6000,2856.8000,2856.0000,2859.8000,2860.0000,2862.0000,2863.0000,2863.2000,2,4,2,1,1,1,2,2,1,1
SF,IH2006,2020-02-14 09:35:10.100,2858.6000,10531,0,107884140.000,0,-,-,-,-,2858.6000,2858.4000,2857.6000,2856.8000,2856.0000,2859.6000,2859.8000,2860.0000,2862.0000,2863.0000,2,3,2,1,1,1,1,2,2,1
SF,IH2006,2020-02-14 09:35:10.600,2858.6000,10531,0,107884140.000,0,-,-,-,-,2858.6000,2858.4000,2857.6000,2856.8000,2856.0000,2859.8000,2860.0000,2862.0000,2863.0000,2863.2000,2,2,2,1,1,1,2,2,1,1
SF,IH2006,2020-02-14 09:35:11.100,2858.6000,10531,0,107884140.000,0,-,-,-,-,2859.2000,2858.6000,2858.4000,2856.8000,2856.0000,2859.8000,2860.0000,2862.0000,2863.0000,2863.2000,1,2,2,1,1,1,2,2,1,1
SF,IH2006,2020-02-14 09:35:11.600,2859.2000,10530,-1,108741900.000,1,0,1,双平,S,2858.6000,2856.8000,2856.0000,2855.2000,2855.0000,2859.2000,2859.8000,2860.0000,2862.0000,2863.0000,2,1,1,1,2,1,1,2,2,1
SF,IH2006,2020-02-14 09:35:12.100,2858.6000,10528,-2,111314640.000,3,0,3,多平,S,2856.8000,2856.0000,2855.2000,2855.0000,2854.8000,2858.0000,2858.2000,2858.4000,2858.6000,2859.2000,1,1,1,2,1,2,1,1,1,1
SF,IH2006,2020-02-14 09:35:12.600,2857.0000,10525,-3,114744180.000,4,0,4,多平,S,2856.8000,2855.0000,2854.8000,2854.2000,2854.0000,2858.2000,2858.4000,2858.6000,2859.2000,2859.8000,1,2,1,1,3,1,1,1,1,1
SF,IH2006,2020-02-14 09:35:13.100,2857.0000,10525,0,114744180.000,0,-,-,-,-,2856.8000,2855.0000,2854.2000,2854.0000,2853.2000,2858.0000,2858.2000,2858.4000,2858.6000,2859.2000,1,2,1,3,1,5,1,1,1,1
SF,IH2006,2020-02-14 09:35:13.600,2856.8000,10525,0,115601220.000,1,0,1,多换,S,2855.0000,2854.2000,2854.0000,2853.2000,2853.0000,2858.0000,2858.2000,2858.4000,2858.6000,2859.2000,2,1,3,1,1,5,1,1,1,1
SF,IH2006,2020-02-14 09:35:14.100,2856.8000,10525,0,115601220.000,0,-,-,-,-,2855.2000,2855.0000,2854.2000,2854.0000,2853.2000,2858.0000,2858.2000,2858.4000,2858.6000,2859.2000,3,2,1,3,1,4,1,1,1,1
SF,IH2006,2020-02-14 09:35:15.600,2856.8000,10525,0,115601220.000,0,-,-,-,-,2855.2000,2855.0000,2854.2000,2854.0000,2853.2000,2858.0000,2858.2000,2858.4000,2858.6000,2859.2000,1,2,1,3,1,4,1,1,1,1
SF,IH2006,2020-02-14 09:35:16.100,2856.8000,10525,0,115601220.000,0,-,-,-,-,2855.4000,2855.2000,2855.0000,2854.2000,2854.0000,2858.0000,2858.2000,2858.4000,2858.6000,2859.2000,3,1,2,1,3,4,1,1,1,1
SF,IH2006,2020-02-14 09:35:16.600,2856.8000,10525,0,115601220.000,0,-,-,-,-,2855.6000,2855.4000,2855.0000,2854.2000,2854.0000,2858.0000,2858.2000,2858.4000,2858.6000,2859.2000,1,3,2,1,3,4,1,1,1,1
SF,IH2006,2020-02-14 09:35:17.100,2856.8000,10525,0,115601220.000,0,-,-,-,-,2855.8000,2855.6000,2855.0000,2854.2000,2854.0000,2858.0000,2858.2000,2858.4000,2858.6000,2859.2000,2,1,2,1,3,4,1,1,1,1
