市场代码,合约代码,时间,最新,持仓,增仓,成交额,成交量,开仓,平仓,成交类型,方向,买一价,买二价,买三价,买四价,买五价,卖一价,卖二价,卖三价,卖四价,卖五价,买一量,买二量,买三量,买四量,买五量,卖一量,卖二量,卖三量,卖四量,卖五量
SF,IH2009,2020-06-11 09:29:00.200,2790.2000,17614,0,6696480.000,8.000,-,-,-,-,2790.0000,2789.0000,2788.8000,2788.0000,2786.8000,2790.2000,2791.2000,2794.4000,2795.0000,2795.2000,2,1,1,1,1,1,4,1,1,1
SF,IH2009,2020-06-11 09:30:00.200,2790.2000,17614,0,10044600.000,4,2,2,多换,S,2789.0000,2788.8000,2788.0000,2786.6000,2786.0000,2790.0000,2794.4000,2795.0000,2795.8000,2797.2000,1,1,1,1,1,4,1,1,1,4
SF,IH2009,2020-06-11 09:30:00.700,2789.8000,17609,-5,15902520.000,7,1,6,多平,S,2788.8000,2788.0000,2786.6000,2786.0000,2785.2000,2790.0000,2794.4000,2795.0000,2795.8000,2797.6000,1,1,1,1,1,4,1,1,1,1
SF,IH2009,2020-06-11 09:30:01.200,2789.8000,17608,-1,17576100.000,2,0,2,多平,S,2788.0000,2786.6000,2786.0000,2785.2000,2785.0000,2789.8000,2790.0000,2794.4000,2795.0000,2795.8000,1,1,1,1,1,1,5,1,1,1
SF,IH2009,2020-06-11 09:30:01.700,2789.8000,17608,0,18413040.000,1,0,1,多换,S,2788.2000,2788.0000,2786.6000,2786.0000,2785.2000,2789.6000,2789.8000,2790.0000,2794.4000,2795.0000,1,1,1,1,1,1,1,6,1,1
SF,IH2009,2020-06-11 09:30:02.200,2789.0000,17606,-2,20086200.000,2,0,2,双平,S,2788.0000,2787.6000,2786.6000,2786.0000,2785.2000,2789.4000,2789.6000,2790.0000,2794.4000,2795.0000,1,1,1,1,1,2,3,6,1,1
SF,IH2009,2020-06-11 09:30:02.700,2788.2000,17603,-3,22595340.000,3,0,3,双平,S,2786.6000,2786.0000,2785.2000,2785.0000,2784.0000,2789.4000,2789.6000,2790.0000,2794.4000,2795.0000,1,1,1,1,2,2,3,6,1,1
SF,IH2009,2020-06-11 09:30:03.200,2788.2000,17603,0,22595340.000,0,-,-,-,-,2786.8000,2786.6000,2786.0000,2785.2000,2785.0000,2788.0000,2789.0000,2789.2000,2789.4000,2789.6000,1,1,1,1,1,1,1,4,2,2
SF,IH2009,2020-06-11 09:30:03.700,2788.2000,17603,0,22595340.000,0,-,-,-,-,2787.4000,2786.8000,2786.6000,2786.0000,2785.2000,2787.8000,2788.0000,2789.2000,2789.4000,2789.6000,1,1,1,1,1,1,1,1,2,1
SF,IH2009,2020-06-11 09:30:04.200,2787.8000,17601,-2,25104420.000,3,0,3,多平,S,2786.6000,2786.0000,2785.2000,2785.0000,2784.0000,2789.2000,2789.4000,2789.6000,2790.0000,2794.4000,1,1,1,1,2,1,2,1,5,1
SF,IH2009,2020-06-11 09:30:04.700,2787.8000,17601,0,25104420.000,0,-,-,-,-,2786.8000,2786.6000,2786.0000,2785.2000,2785.0000,2789.0000,2789.2000,2789.4000,2789.6000,2790.0000,1,1,1,1,1,2,1,2,1,5
SF,IH2009,2020-06-11 09:30:05.200,2787.8000,17601,0,25104420.000,0,-,-,-,-,2788.0000,2786.8000,2786.6000,2786.0000,2785.2000,2788.8000,2789.0000,2789.4000,2789.6000,2790.0000,1,2,1,1,1,1,2,2,1,5
SF,IH2009,2020-06-11 09:30:05.700,2788.0000,17600,-1,25940820.000,1,0,1,双平,S,2787.8000,2786.8000,2786.6000,2786.0000,2785.2000,2788.0000,2788.8000,2789.0000,2789.4000,2790.0000,1,1,1,1,1,2,3,1,1,5
SF,IH2009,2020-06-11 09:30:06.200,2786.8000,17599,-1,28449540.000,3,1,2,多平,S,2786.6000,2786.0000,2785.2000,2785.0000,2784.0000,2787.6000,2787.8000,2789.4000,2790.0000,2794.4000,1,1,1,1,2,2,1,1,5,1
SF,IH2009,2020-06-11 09:30:06.700,2787.6000,17596,-3,30958140.000,3,0,3,双平,S,2787.6000,2786.6000,2786.0000,2785.2000,2785.0000,2787.8000,2789.4000,2790.0000,2794.4000,2795.0000,10,1,1,1,1,1,1,5,1,1
SF,IH2009,2020-06-11 09:30:07.200,2787.8000,17593,-3,33467040.000,3,0,3,双平,S,2788.0000,2787.6000,2786.6000,2786.0000,2785.2000,2789.4000,2790.0000,2794.4000,2795.0000,2795.8000,1,8,1,1,1,1,5,1,1,2
SF,IH2009,2020-06-11 09:30:07.700,2787.8000,17593,0,33467040.000,0,-,-,-,-,2789.0000,2788.0000,2787.6000,2786.6000,2786.0000,2789.2000,2789.4000,2790.0000,2794.4000,2795.0000,1,1,8,1,1,1,1,5,1,1
SF,IH2009,2020-06-11 09:30:08.200,2789.0000,17593,0,34303740.000,1,0,1,多换,S,2788.0000,2787.6000,2786.8000,2786.6000,2786.0000,2788.6000,2788.8000,2789.0000,2789.4000,2790.0000,1,8,1,1,1,2,4,3,1,5
SF,IH2009,2020-06-11 09:30:08.700,2788.0000,17593,0,35140140.000,1,0,1,多换,S,2787.6000,2786.8000,2786.6000,2786.0000,2785.2000,2788.4000,2788.6000,2788.8000,2789.0000,2789.4000,8,1,1,1,1,1,2,1,2,1
SF,IH2009,2020-06-11 09:30:09.200,2788.4000,17593,0,35976660.000,1,0,1,多换,S,2787.6000,2786.8000,2786.6000,2786.0000,2785.2000,2788.4000,2788.6000,2788.8000,2789.0000,2789.4000,8,1,1,1,1,1,2,1,1,1
SF,IH2009,2020-06-11 09:30:09.700,2787.6000,17591,-2,37649220.000,2,0,2,双平,S,2787.6000,2786.8000,2786.6000,2786.0000,2785.2000,2788.2000,2788.4000,2788.6000,2788.8000,2789.0000,6,1,1,1,1,1,1,1,1,1
SF,IH2009,2020-06-11 09:30:10.200,2787.6000,17585,-6,42666900.000,6,0,6,双平,S,2786.8000,2786.6000,2786.0000,2785.2000,2785.0000,2788.0000,2788.2000,2788.4000,2788.6000,2788.8000,1,1,1,1,1,2,1,1,1,1
SF,IH2009,2020-06-11 09:30:10.700,2787.6000,17585,0,42666900.000,0,-,-,-,-,2787.6000,2786.8000,2786.6000,2786.2000,2786.0000,2787.8000,2788.0000,2788.4000,2788.6000,2788.8000,1,1,1,1,1,1,2,1,1,1
SF,IH2009,2020-06-11 09:30:11.200,2787.6000,17584,-1,43503180.000,1,0,1,双平,S,2787.6000,2786.8000,2786.6000,2786.2000,2786.0000,2787.8000,2788.0000,2788.6000,2788.8000,2789.0000,3,1,1,1,1,1,2,1,1,1
SF,IH2009,2020-06-11 09:30:11.700,2787.6000,17581,-3,46012020.000,3,0,3,双平,S,2786.8000,2786.6000,2786.2000,2786.0000,2785.2000,2787.8000,2788.6000,2788.8000,2789.0000,2789.4000,1,1,1,1,1,1,1,1,1,1
SF,IH2009,2020-06-11 09:30:12.200,2787.6000,17581,0,46012020.000,0,-,-,-,-,2787.0000,2786.8000,2786.6000,2786.2000,2786.0000,2787.6000,2787.8000,2788.6000,2788.8000,2789.0000,1,1,1,1,1,1,2,1,1,1
SF,IH2009,2020-06-11 09:30:12.700,2787.6000,17581,0,46012020.000,0,-,-,-,-,2787.0000,2786.8000,2786.6000,2786.2000,2786.0000,2787.6000,2787.8000,2788.6000,2788.8000,2789.4000,1,1,1,1,1,1,2,1,1,1
SF,IH2009,2020-06-11 09:30:13.200,2787.0000,17580,-1,46848120.000,1,0,1,双平,S,2786.8000,2786.6000,2786.2000,2786.0000,2785.2000,2787.6000,2787.8000,2788.6000,2788.8000,2789.4000,1,1,1,1,1,1,2,1,1,1
SF,IH2009,2020-06-11 09:30:13.700,2786.8000,17580,0,47684160.000,1,0,1,多换,S,2786.6000,2786.2000,2786.0000,2785.2000,2785.0000,2787.4000,2787.6000,2788.6000,2788.8000,2789.4000,1,1,1,1,1,1,2,1,1,1
SF,IH2009,2020-06-11 09:30:14.200,2786.6000,17580,0,48520140.000,1,0,1,多换,S,2786.2000,2786.0000,2785.2000,2785.0000,2784.0000,2787.4000,2787.6000,2788.6000,2788.8000,2789.4000,1,1,1,1,2,2,1,1,1,1
SF,IH2009,2020-06-11 09:30:14.700,2786.2000,17580,0,49356000.000,1,0,1,多换,S,2786.0000,2785.2000,2785.0000,2784.0000,2782.0000,2787.2000,2787.4000,2787.6000,2788.6000,2788.8000,1,1,1,2,1,1,2,1,1,1
SF,IH2009,2020-06-11 09:30:15.200,2786.0000,17580,0,50191800.000,1,0,1,多换,S,2785.2000,2785.0000,2784.0000,2782.0000,2781.2000,2787.0000,2787.2000,2787.6000,2788.6000,2788.8000,1,1,2,1,1,1,2,1,1,1
SF,IH2009,2020-06-11 09:30:15.700,2786.0000,17581,1,51027600.000,1,1,0,双开,S,2785.4000,2785.2000,2785.0000,2784.0000,2782.0000,2786.8000,2787.0000,2787.2000,2787.6000,2788.6000,3,1,1,2,1,2,2,1,1,1
SF,IH2009,2020-06-11 09:30:16.200,2785.0000,17577,-4,55205520.000,5,0,5,多平,S,2784.0000,2782.0000,2781.2000,2781.0000,2780.2000,2786.6000,2786.8000,2787.0000,2787.6000,2788.6000,2,1,1,1,1,2,2,1,1,1
SF,IH2009,2020-06-11 09:30:16.700,2785.0000,17577,0,55205520.000,0,-,-,-,-,2785.0000,2784.2000,2784.0000,2782.0000,2781.2000,2786.4000,2786.6000,2786.8000,2787.0000,2787.6000,1,1,2,1,1,4,1,1,1,1
SF,IH2009,2020-06-11 09:30:17.200,2785.0000,17576,-1,56041020.000,1,0,1,双平,S,2784.0000,2782.0000,2781.2000,2781.0000,2780.2000,2784.4000,2784.8000,2785.0000,2785.2000,2785.4000,2,1,1,1,1,3,5,2,2,3
SF,IH2009,2020-06-11 09:30:17.700,2784.0000,17575,-1,57711420.000,2,0,2,多平,S,2782.0000,2781.2000,2781.0000,2780.2000,2778.6000,2784.2000,2784.4000,2785.0000,2785.4000,2786.0000,1,1,1,1,1,1,2,1,2,1
SF,IH2009,2020-06-11 09:30:18.200,2784.0000,17575,0,58546620.000,1,0,1,多换,S,2782.2000,2782.0000,2781.2000,2781.0000,2780.2000,2784.2000,2785.0000,2785.4000,2786.0000,2786.2000,3,1,1,1,1,1,1,2,1,7
SF,IH2009,2020-06-11 09:30:18.700,2782.4000,17575,0,61050780.000,3,1,2,多换,S,2782.4000,2782.2000,2782.0000,2781.2000,2781.0000,2784.0000,2784.2000,2785.0000,2785.4000,2786.0000,1,4,2,1,1,1,1,1,2,1
SF,IH2009,2020-06-11 09:30:19.200,2782.6000,17570,-5,65226000.000,5,0,5,双平,S,2782.6000,2782.4000,2782.2000,2782.0000,2781.2000,2785.4000,2786.2000,2786.4000,2787.6000,2788.6000,2,2,2,2,1,1,2,2,1,1
SF,IH2009,2020-06-11 09:30:19.700,2782.6000,17571,1,66060780.000,1,1,0,双开,S,2782.8000,2782.6000,2782.4000,2782.2000,2782.0000,2785.2000,2785.4000,2786.2000,2786.4000,2787.6000,2,2,1,1,2,1,1,2,2,1
SF,IH2009,2020-06-11 09:30:20.200,2782.6000,17571,0,66060780.000,0,-,-,-,-,2783.0000,2782.8000,2782.6000,2782.4000,2782.0000,2785.0000,2785.2000,2785.4000,2786.2000,2786.4000,2,2,1,1,2,1,1,1,2,2
SF,IH2009,2020-06-11 09:30:20.700,2782.6000,17571,0,66895560.000,1,0,1,多换,S,2783.0000,2782.6000,2782.4000,2782.0000,2781.2000,2784.8000,2785.0000,2785.4000,2786.2000,2786.4000,2,1,1,2,1,3,2,1,2,2
SF,IH2009,2020-06-11 09:30:21.200,2782.6000,17571,0,66895560.000,0,-,-,-,-,2783.0000,2782.4000,2782.0000,2781.2000,2781.0000,2784.8000,2785.0000,2785.4000,2786.4000,2787.6000,1,1,2,1,1,3,1,1,2,1
SF,IH2009,2020-06-11 09:30:21.700,2782.6000,17571,0,66895560.000,0,-,-,-,-,2783.0000,2782.4000,2782.0000,2781.2000,2781.0000,2784.8000,2785.0000,2785.4000,2786.4000,2787.6000,2,1,2,1,1,2,1,1,2,1
SF,IH2009,2020-06-11 09:30:22.200,2782.6000,17571,0,66895560.000,0,-,-,-,-,2783.0000,2782.4000,2782.0000,2781.2000,2781.0000,2784.6000,2784.8000,2785.0000,2785.4000,2786.4000,2,1,2,1,1,1,2,1,1,2
SF,IH2009,2020-06-11 09:30:22.700,2782.6000,17571,0,66895560.000,0,-,-,-,-,2783.2000,2783.0000,2782.8000,2782.4000,2782.0000,2784.6000,2784.8000,2785.0000,2785.4000,2786.4000,1,2,1,1,2,1,1,1,1,2
SF,IH2009,2020-06-11 09:30:23.200,2784.6000,17570,-1,67730940.000,1,0,1,双平,S,2783.4000,2783.2000,2783.0000,2782.8000,2782.4000,2784.8000,2785.0000,2785.4000,2786.4000,2787.6000,1,3,1,1,1,1,1,1,2,1
SF,IH2009,2020-06-11 09:30:23.700,2784.6000,17570,0,67730940.000,0,-,-,-,-,2783.6000,2783.4000,2783.2000,2783.0000,2782.8000,2784.8000,2785.0000,2785.4000,2786.4000,2787.6000,1,1,1,1,1,1,1,1,2,1
SF,IH2009,2020-06-11 09:30:24.200,2784.6000,17570,0,67730940.000,0,-,-,-,-,2783.8000,2783.6000,2783.0000,2782.8000,2782.4000,2785.0000,2785.4000,2786.4000,2787.6000,2788.6000,1,2,1,1,1,1,1,1,1,1
SF,IH2009,2020-06-11 09:30:24.700,2783.6000,17571,1,70236300.000,3,2,1,空开,S,2783.0000,2782.8000,2782.4000,2782.0000,2781.2000,2783.6000,2785.0000,2785.4000,2786.4000,2787.6000,1,1,1,2,1,1,1,1,1,1
SF,IH2009,2020-06-11 09:30:25.200,2783.6000,17571,0,71071380.000,1,0,1,多换,S,2783.8000,2783.6000,2783.0000,2782.8000,2782.4000,2785.0000,2785.4000,2786.4000,2787.6000,2788.6000,1,2,2,1,1,1,1,1,1,1
SF,IH2009,2020-06-11 09:30:25.700,2783.6000,17571,0,71071380.000,0,-,-,-,-,2784.0000,2783.8000,2783.6000,2783.0000,2782.8000,2784.8000,2785.0000,2785.4000,2786.4000,2787.6000,1,1,2,2,1,1,1,1,1,1
SF,IH2009,2020-06-11 09:30:26.200,2783.6000,17571,0,71071380.000,0,-,-,-,-,2784.0000,2783.8000,2783.6000,2783.0000,2782.8000,2785.0000,2785.4000,2786.4000,2787.6000,2788.6000,1,1,1,2,1,1,1,1,1,1
SF,IH2009,2020-06-11 09:30:26.700,2785.0000,17570,-1,72742320.000,2,0,2,多平,S,2784.6000,2784.0000,2783.8000,2783.6000,2783.0000,2785.4000,2786.4000,2787.6000,2788.6000,2793.0000,1,1,1,1,2,1,1,1,1,5
SF,IH2009,2020-06-11 09:30:27.200,2785.0000,17570,0,72742320.000,0,-,-,-,-,2784.6000,2784.2000,2784.0000,2783.8000,2783.6000,2785.4000,2786.4000,2787.6000,2788.6000,2793.0000,1,1,1,1,1,1,1,1,1,5
SF,IH2009,2020-06-11 09:30:27.700,2785.0000,17570,0,72742320.000,0,-,-,-,-,2785.0000,2784.8000,2784.6000,2784.2000,2784.0000,2785.4000,2786.4000,2787.6000,2788.6000,2793.0000,1,1,1,1,1,1,1,1,1,5
SF,IH2009,2020-06-11 09:30:28.200,2785.4000,17570,0,73577940.000,1,0,1,多换,S,2785.0000,2784.8000,2784.6000,2784.2000,2784.0000,2786.4000,2787.6000,2788.6000,2793.0000,2795.0000,1,1,1,1,1,1,1,1,5,1
SF,IH2009,2020-06-11 09:30:28.700,2785.4000,17570,0,73577940.000,0,-,-,-,-,2785.2000,2785.0000,2784.8000,2784.6000,2784.2000,2786.2000,2786.4000,2787.6000,2788.6000,2793.0000,1,1,1,1,1,1,1,1,1,5
SF,IH2009,2020-06-11 09:30:29.200,2785.4000,17570,0,73577940.000,0,-,-,-,-,2785.2000,2785.0000,2784.8000,2784.6000,2784.2000,2786.0000,2786.2000,2786.4000,2787.6000,2788.6000,1,1,1,1,1,1,2,1,1,1
SF,IH2009,2020-06-11 09:30:29.700,2785.4000,17570,0,73577940.000,0,-,-,-,-,2785.0000,2784.8000,2784.6000,2784.2000,2783.8000,2785.2000,2785.8000,2786.0000,2786.4000,2787.6000,1,1,1,1,1,1,1,2,1,1
SF,IH2009,2020-06-11 09:30:30.200,2785.0000,17570,0,74413440.000,1,0,1,多换,S,2784.8000,2784.2000,2783.8000,2783.0000,2782.8000,2785.2000,2785.8000,2786.0000,2786.4000,2787.6000,1,1,1,2,1,1,1,2,1,1
SF,IH2009,2020-06-11 09:30:30.700,2785.0000,17570,0,74413440.000,0,-,-,-,-,2784.8000,2784.2000,2783.8000,2783.0000,2782.8000,2785.2000,2785.8000,2786.0000,2786.4000,2787.6000,1,1,1,2,1,1,1,1,1,1
SF,IH2009,2020-06-11 09:30:32.200,2784.8000,17569,-1,75248880.000,1,0,1,双平,S,2784.2000,2783.8000,2783.0000,2782.8000,2782.4000,2785.2000,2785.8000,2786.0000,2786.4000,2787.6000,1,1,2,1,1,1,1,1,1,1
SF,IH2009,2020-06-11 09:30:32.700,2784.8000,17569,0,75248880.000,0,-,-,-,-,2784.4000,2784.2000,2783.8000,2783.0000,2782.8000,2785.2000,2785.8000,2786.4000,2787.6000,2788.6000,2,1,1,2,1,2,1,1,1,1
SF,IH2009,2020-06-11 09:30:33.200,2784.8000,17569,0,75248880.000,0,-,-,-,-,2784.4000,2784.2000,2783.8000,2783.0000,2782.8000,2785.0000,2785.2000,2785.8000,2786.4000,2787.6000,2,1,1,2,1,1,2,1,1,1
SF,IH2009,2020-06-11 09:30:33.700,2784.8000,17568,-1,76084320.000,1,0,1,双平,S,2784.6000,2784.4000,2784.2000,2783.8000,2783.0000,2785.0000,2785.2000,2785.8000,2786.4000,2787.6000,3,1,1,1,2,2,1,1,1,1
SF,IH2009,2020-06-11 09:30:34.200,2784.6000,17565,-3,78590460.000,3,0,3,双平,S,2784.4000,2784.2000,2783.8000,2783.0000,2782.8000,2785.0000,2785.2000,2785.8000,2786.4000,2787.6000,1,1,1,2,2,2,1,1,1,1
SF,IH2009,2020-06-11 09:30:34.700,2784.4000,17564,-1,79425780.000,1,0,1,双平,S,2784.2000,2783.8000,2783.0000,2782.8000,2782.4000,2785.0000,2785.2000,2785.8000,2786.4000,2787.6000,1,1,3,1,1,2,1,1,1,1
SF,IH2009,2020-06-11 09:30:35.200,2784.4000,17564,0,79425780.000,0,-,-,-,-,2784.2000,2783.8000,2783.0000,2782.8000,2782.4000,2784.8000,2785.0000,2785.2000,2786.4000,2787.6000,1,1,2,1,1,1,2,1,1,1
SF,IH2009,2020-06-11 09:30:35.700,2784.4000,17564,0,79425780.000,0,-,-,-,-,2783.8000,2783.0000,2782.8000,2782.4000,2782.0000,2784.8000,2785.0000,2785.2000,2786.4000,2787.6000,1,1,1,1,1,2,1,1,1,1
SF,IH2009,2020-06-11 09:30:36.200,2784.6000,17563,-1,80261160.000,1,0,1,双平,S,2783.0000,2782.8000,2782.4000,2782.0000,2781.2000,2784.8000,2785.0000,2785.2000,2786.4000,2787.6000,1,1,1,1,1,2,1,1,1,1
SF,IH2009,2020-06-11 09:30:36.700,2784.6000,17563,0,80261160.000,0,-,-,-,-,2783.2000,2783.0000,2782.8000,2782.4000,2782.0000,2784.6000,2784.8000,2785.0000,2785.2000,2786.4000,2,1,1,1,1,1,2,1,1,1
SF,IH2009,2020-06-11 09:30:37.200,2784.6000,17563,0,80261160.000,0,-,-,-,-,2783.2000,2783.0000,2782.8000,2782.4000,2781.2000,2784.4000,2784.6000,2785.0000,2785.2000,2786.4000,2,1,1,1,1,1,2,1,1,1
SF,IH2009,2020-06-11 09:30:37.700,2784.6000,17563,0,80261160.000,0,-,-,-,-,2783.2000,2783.0000,2782.8000,2782.4000,2781.2000,2784.4000,2784.6000,2785.0000,2785.2000,2786.4000,2,1,1,1,1,2,1,1,1,1
SF,IH2009,2020-06-11 09:30:38.200,2784.6000,17563,0,80261160.000,0,-,-,-,-,2783.2000,2783.0000,2782.8000,2782.4000,2781.2000,2784.4000,2784.6000,2785.0000,2785.2000,2786.4000,1,1,1,1,1,2,1,1,1,1
SF,IH2009,2020-06-11 09:30:38.700,2784.6000,17563,0,80261160.000,0,-,-,-,-,2783.2000,2783.0000,2782.8000,2782.4000,2781.2000,2784.4000,2784.6000,2785.0000,2785.2000,2786.4000,1,1,1,1,1,2,1,1,1,1
SF,IH2009,2020-06-11 09:30:39.200,2784.6000,17563,0,80261160.000,0,-,-,-,-,2783.4000,2783.2000,2783.0000,2782.8000,2782.4000,2784.4000,2784.6000,2785.0000,2785.2000,2786.4000,3,1,1,1,1,2,1,1,1,1
SF,IH2009,2020-06-11 09:30:39.700,2784.6000,17563,0,80261160.000,0,-,-,-,-,2783.4000,2783.2000,2783.0000,2782.8000,2782.4000,2784.4000,2785.0000,2786.4000,2787.6000,2788.6000,3,1,1,1,1,1,1,1,1,1
SF,IH2009,2020-06-11 09:30:40.200,2784.6000,17563,0,80261160.000,0,-,-,-,-,2783.4000,2783.2000,2783.0000,2782.8000,2782.4000,2784.2000,2784.4000,2785.0000,2786.4000,2787.6000,3,1,1,1,1,2,2,1,1,1
SF,IH2009,2020-06-11 09:30:40.700,2784.6000,17563,0,80261160.000,0,-,-,-,-,2783.4000,2783.2000,2783.0000,2782.8000,2782.4000,2784.0000,2784.2000,2784.4000,2785.0000,2786.4000,3,1,1,1,1,1,2,1,1,1
SF,IH2009,2020-06-11 09:30:41.200,2784.4000,17564,1,81096480.000,1,1,0,双开,S,2783.4000,2783.0000,2782.8000,2782.4000,2781.2000,2784.2000,2784.4000,2785.0000,2786.4000,2787.6000,3,2,1,1,1,2,1,1,1,1
SF,IH2009,2020-06-11 09:30:41.700,2784.4000,17563,-1,81931800.000,1,0,1,双平,S,2783.4000,2783.0000,2782.8000,2782.4000,2781.2000,2784.2000,2785.0000,2786.4000,2787.6000,2788.6000,3,2,1,1,1,2,1,1,1,1
SF,IH2009,2020-06-11 09:30:42.200,2783.6000,17563,0,82766880.000,1,0,1,多换,S,2783.4000,2783.0000,2782.8000,2782.4000,2781.2000,2784.2000,2785.0000,2786.4000,2787.6000,2788.6000,3,2,1,1,1,2,1,1,1,1
SF,IH2009,2020-06-11 09:30:42.700,2783.6000,17563,0,82766880.000,0,-,-,-,-,2783.4000,2783.0000,2782.8000,2782.4000,2781.2000,2784.0000,2784.2000,2785.0000,2786.4000,2787.6000,3,2,1,1,1,1,2,1,1,1
SF,IH2009,2020-06-11 09:30:43.200,2783.6000,17563,0,82766880.000,0,-,-,-,-,2783.4000,2783.0000,2782.8000,2782.4000,2781.2000,2784.0000,2784.2000,2786.4000,2787.6000,2788.6000,3,2,1,1,1,2,2,1,1,1
SF,IH2009,2020-06-11 09:30:43.700,2783.4000,17563,0,83601900.000,1,0,1,多换,S,2783.4000,2783.0000,2782.8000,2782.4000,2781.2000,2784.0000,2784.2000,2786.4000,2787.6000,2788.6000,2,2,1,1,1,2,2,1,1,1
SF,IH2009,2020-06-11 09:30:44.200,2783.4000,17563,0,85271940.000,2,1,1,多换,S,2783.0000,2782.8000,2782.4000,2781.2000,2781.0000,2783.2000,2783.4000,2783.6000,2783.8000,2784.0000,2,1,1,1,1,1,5,1,5,2
SF,IH2009,2020-06-11 09:30:44.700,2783.0000,17561,-2,86941740.000,2,0,2,双平,S,2782.8000,2782.4000,2781.2000,2781.0000,2780.2000,2783.4000,2783.8000,2784.0000,2784.2000,2786.4000,1,1,1,1,1,5,1,1,2,1
SF,IH2009,2020-06-11 09:30:45.200,2783.0000,17561,0,86941740.000,0,-,-,-,-,2782.8000,2782.4000,2781.2000,2781.0000,2780.2000,2783.4000,2783.8000,2784.0000,2786.4000,2787.6000,1,1,1,1,1,1,1,1,1,1
SF,IH2009,2020-06-11 09:30:45.700,2783.0000,17561,0,86941740.000,0,-,-,-,-,2782.8000,2782.4000,2781.2000,2781.0000,2780.2000,2783.4000,2783.8000,2784.0000,2786.4000,2787.6000,1,1,1,1,1,1,1,1,1,1
SF,IH2009,2020-06-11 09:30:46.200,2783.0000,17561,0,86941740.000,0,-,-,-,-,2783.2000,2782.8000,2782.4000,2781.2000,2781.0000,2783.4000,2783.8000,2784.0000,2786.4000,2787.6000,1,1,1,1,1,1,1,1,1,1
SF,IH2009,2020-06-11 09:30:46.700,2783.2000,17561,0,87776700.000,1,0,1,多换,S,2782.8000,2782.4000,2781.2000,2781.0000,2780.2000,2783.4000,2783.8000,2784.0000,2786.4000,2787.6000,1,1,1,1,1,1,1,1,1,1
SF,IH2009,2020-06-11 09:30:47.200,2782.8000,17561,0,88611540.000,1,0,1,多换,S,2782.4000,2781.2000,2781.0000,2780.2000,2780.0000,2783.2000,2783.4000,2783.8000,2784.0000,2786.4000,1,1,1,1,1,1,1,1,1,1
SF,IH2009,2020-06-11 09:30:47.700,2782.8000,17561,0,88611540.000,0,-,-,-,-,2782.4000,2781.2000,2781.0000,2780.2000,2780.0000,2783.2000,2783.4000,2783.8000,2784.0000,2786.4000,1,1,1,1,1,1,1,1,1,1
SF,IH2009,2020-06-11 09:30:48.200,2782.8000,17561,0,88611540.000,0,-,-,-,-,2782.6000,2781.2000,2781.0000,2780.2000,2780.0000,2783.0000,2783.4000,2783.8000,2784.0000,2786.4000,1,1,1,1,1,2,1,1,1,1
SF,IH2009,2020-06-11 09:30:48.700,2782.8000,17561,0,88611540.000,0,-,-,-,-,2781.2000,2781.0000,2780.2000,2780.0000,2778.6000,2783.0000,2783.4000,2783.8000,2784.0000,2786.4000,1,1,1,1,1,2,1,1,1,1
SF,IH2009,2020-06-11 09:30:49.200,2782.8000,17561,0,88611540.000,0,-,-,-,-,2782.0000,2781.4000,2781.2000,2781.0000,2780.2000,2782.8000,2783.0000,2783.4000,2784.0000,2786.4000,1,2,1,1,1,2,2,1,1,1
SF,IH2009,2020-06-11 09:30:49.700,2782.8000,17561,0,88611540.000,0,-,-,-,-,2782.0000,2781.4000,2781.2000,2781.0000,2780.2000,2782.8000,2783.0000,2783.4000,2784.0000,2786.4000,1,5,1,1,1,1,2,1,1,1
SF,IH2009,2020-06-11 09:30:50.700,2782.8000,17561,0,88611540.000,0,-,-,-,-,2782.0000,2781.4000,2781.2000,2781.0000,2780.2000,2782.8000,2783.0000,2783.4000,2784.0000,2786.4000,1,5,2,1,1,1,2,1,1,1
SF,IH2009,2020-06-11 09:30:51.200,2782.8000,17561,0,89446380.000,1,0,1,多换,S,2782.8000,2782.0000,2781.4000,2781.2000,2781.0000,2783.0000,2783.4000,2784.0000,2786.4000,2787.6000,1,1,4,2,1,2,1,1,1,1
SF,IH2009,2020-06-11 09:30:51.700,2782.8000,17561,0,91950900.000,3,1,2,多换,S,2782.0000,2781.4000,2781.2000,2781.0000,2780.2000,2782.8000,2783.0000,2783.4000,2784.0000,2787.6000,1,4,2,1,1,5,2,1,1,1
SF,IH2009,2020-06-11 09:30:52.200,2782.8000,17561,0,91950900.000,0,-,-,-,-,2782.0000,2781.4000,2781.2000,2781.0000,2780.2000,2782.8000,2783.0000,2783.4000,2784.0000,2787.6000,2,4,2,1,1,1,2,1,1,1
SF,IH2009,2020-06-11 09:30:52.700,2782.8000,17561,0,91950900.000,0,-,-,-,-,2782.0000,2781.4000,2781.2000,2781.0000,2780.2000,2783.0000,2783.4000,2784.0000,2787.6000,2788.6000,2,4,2,2,1,2,1,1,1,1
SF,IH2009,2020-06-11 09:30:53.200,2782.8000,17561,0,91950900.000,0,-,-,-,-,2782.8000,2782.2000,2782.0000,2781.2000,2781.0000,2783.4000,2787.6000,2788.6000,2793.0000,2795.0000,3,1,1,2,2,1,1,1,5,1
SF,IH2009,2020-06-11 09:30:53.700,2782.8000,17561,0,95290260.000,4,2,2,多换,S,2782.2000,2782.0000,2781.2000,2781.0000,2780.2000,2782.8000,2783.0000,2783.2000,2783.4000,2787.6000,2,1,2,2,1,2,1,3,1,1
SF,IH2009,2020-06-11 09:30:54.200,2782.8000,17561,0,96959940.000,2,1,1,多换,S,2783.0000,2782.2000,2782.0000,2781.2000,2781.0000,2783.2000,2783.4000,2787.6000,2788.6000,2793.0000,1,2,1,2,2,1,1,1,1,5
SF,IH2009,2020-06-11 09:30:54.700,2783.0000,17560,-1,99464760.000,3,1,2,多平,S,2782.2000,2782.0000,2781.2000,2781.0000,2780.2000,2783.0000,2787.6000,2788.6000,2793.0000,2795.0000,2,1,2,2,1,1,1,1,5,1
SF,IH2009,2020-06-11 09:30:55.200,2783.0000,17559,-1,101134560.000,2,0,2,多平,S,2783.0000,2782.4000,2782.2000,2782.0000,2781.8000,2787.6000,2788.6000,2793.0000,2795.0000,2795.8000,2,1,2,1,1,1,1,5,1,2
SF,IH2009,2020-06-11 09:30:55.700,2783.0000,17559,0,101134560.000,0,-,-,-,-,2783.2000,2783.0000,2782.4000,2782.2000,2782.0000,2783.6000,2784.0000,2784.4000,2784.6000,2785.4000,2,2,1,1,1,1,1,2,4,2
SF,IH2009,2020-06-11 09:30:56.200,2784.0000,17559,0,101969760.000,1,0,1,多换,S,2783.2000,2783.0000,2782.4000,2782.2000,2782.0000,2784.6000,2785.4000,2785.6000,2786.6000,2787.2000,1,2,1,1,1,3,1,2,4,6
SF,IH2009,2020-06-11 09:30:56.700,2784.0000,17558,-1,102804960.000,1,0,1,双平,S,2783.2000,2783.0000,2782.4000,2782.2000,2782.0000,2784.4000,2784.6000,2785.4000,2785.6000,2786.6000,1,2,1,1,1,5,3,1,2,4
SF,IH2009,2020-06-11 09:30:57.200,2784.0000,17558,0,102804960.000,0,-,-,-,-,2783.2000,2783.0000,2782.4000,2782.2000,2782.0000,2784.4000,2784.6000,2785.4000,2785.6000,2786.6000,1,2,1,1,1,4,1,1,2,4
SF,IH2009,2020-06-11 09:30:58.200,2783.2000,17558,0,103639920.000,1,0,1,多换,S,2783.0000,2782.4000,2782.2000,2782.0000,2781.8000,2784.2000,2784.4000,2784.6000,2785.4000,2785.6000,2,1,1,1,1,1,5,3,1,2
SF,IH2009,2020-06-11 09:30:58.700,2783.2000,17558,0,103639920.000,0,-,-,-,-,2783.6000,2783.4000,2783.2000,2783.0000,2782.4000,2784.0000,2784.2000,2784.4000,2784.6000,2785.4000,1,3,1,2,1,1,1,3,1,1
SF,IH2009,2020-06-11 09:30:59.200,2783.6000,17559,1,104475000.000,1,1,0,双开,S,2783.4000,2783.2000,2783.0000,2782.4000,2782.2000,2784.2000,2784.4000,2784.6000,2785.4000,2785.6000,3,1,2,1,1,1,3,1,1,2
SF,IH2009,2020-06-11 09:30:59.700,2783.4000,17559,0,107815140.000,4,2,2,多换,S,2783.2000,2783.0000,2782.4000,2782.2000,2782.0000,2784.2000,2784.4000,2784.6000,2785.4000,2785.6000,1,2,1,1,2,1,3,1,1,2
SF,IH2009,2020-06-11 09:31:00.200,2783.4000,17559,0,107815140.000,0,-,-,-,-,2783.4000,2783.2000,2783.0000,2782.4000,2782.2000,2784.0000,2784.2000,2784.4000,2784.6000,2785.4000,1,1,2,1,1,1,2,3,1,1
SF,IH2009,2020-06-11 09:31:00.700,2783.4000,17559,0,107815140.000,0,-,-,-,-,2783.4000,2783.2000,2783.0000,2782.4000,2782.2000,2784.0000,2784.2000,2784.4000,2784.6000,2785.4000,1,1,2,1,1,2,1,3,1,1
SF,IH2009,2020-06-11 09:31:01.200,2783.4000,17559,0,109485180.000,2,1,1,多换,S,2783.0000,2782.4000,2782.2000,2782.0000,2781.8000,2783.4000,2783.6000,2783.8000,2784.0000,2784.2000,2,1,1,3,1,1,1,1,2,1
SF,IH2009,2020-06-11 09:31:01.700,2783.0000,17560,1,111154980.000,2,1,1,空开,S,2782.4000,2782.2000,2782.0000,2781.8000,2781.2000,2783.8000,2784.0000,2784.4000,2784.6000,2785.4000,1,1,3,1,2,1,3,3,1,1
SF,IH2009,2020-06-11 09:31:02.200,2783.0000,17560,0,111154980.000,0,-,-,-,-,2782.6000,2782.4000,2782.2000,2782.0000,2781.8000,2783.6000,2783.8000,2784.0000,2784.4000,2784.6000,1,1,1,3,1,1,2,1,3,1
SF,IH2009,2020-06-11 09:31:02.700,2783.0000,17560,0,111154980.000,0,-,-,-,-,2782.6000,2782.4000,2782.2000,2782.0000,2781.8000,2783.2000,2783.6000,2783.8000,2784.0000,2784.4000,1,1,2,3,1,1,2,1,1,3
SF,IH2009,2020-06-11 09:31:03.200,2782.4000,17558,-2,112824480.000,2,0,2,双平,S,2782.2000,2782.0000,2781.8000,2781.2000,2781.0000,2782.6000,2783.0000,2783.2000,2783.4000,2783.6000,2,3,1,2,2,2,2,2,2,1
SF,IH2009,2020-06-11 09:31:03.700,2782.2000,17556,-2,114493800.000,2,0,2,双平,S,2782.0000,2781.8000,2781.2000,2781.0000,2780.2000,2782.6000,2783.0000,2783.2000,2783.4000,2783.8000,3,1,2,2,1,3,7,1,2,1
SF,IH2009,2020-06-11 09:31:04.200,2781.8000,17556,0,117832140.000,4,2,2,多换,S,2781.2000,2781.0000,2780.2000,2780.0000,2778.6000,2781.4000,2781.6000,2781.8000,2782.0000,2782.2000,2,2,1,1,1,1,1,3,13,9
SF,IH2009,2020-06-11 09:31:04.700,2781.4000,17555,-1,118666560.000,1,0,1,双平,S,2781.4000,2781.2000,2781.0000,2780.2000,2780.0000,2782.0000,2782.4000,2782.6000,2783.0000,2783.2000,2,2,2,1,1,3,3,3,2,1
SF,IH2009,2020-06-11 09:31:05.200,2781.4000,17555,0,118666560.000,0,-,-,-,-,2781.2000,2781.0000,2780.8000,2780.2000,2780.0000,2781.8000,2782.0000,2782.4000,2782.6000,2783.0000,2,2,2,1,1,2,2,2,3,2
SF,IH2009,2020-06-11 09:31:05.700,2781.4000,17555,0,118666560.000,0,-,-,-,-,2781.2000,2781.0000,2780.8000,2780.2000,2780.0000,2781.4000,2781.8000,2782.0000,2782.4000,2782.6000,2,2,2,1,1,2,2,2,2,3
SF,IH2009,2020-06-11 09:31:06.200,2781.2000,17557,2,122004000.000,4,3,1,空开,S,2781.0000,2780.8000,2780.2000,2780.0000,2778.6000,2781.8000,2782.0000,2782.4000,2782.6000,2783.0000,2,2,1,1,1,2,2,2,3,2
SF,IH2009,2020-06-11 09:31:06.700,2781.0000,17559,2,123672600.000,2,2,0,双开,S,2780.8000,2780.2000,2780.0000,2778.6000,2777.0000,2781.6000,2781.8000,2782.0000,2782.4000,2782.6000,2,1,1,1,1,3,2,2,2,3
SF,IH2009,2020-06-11 09:31:07.200,2781.0000,17559,0,123672600.000,0,-,-,-,-,2780.2000,2780.0000,2778.6000,2777.0000,2775.0000,2781.4000,2781.6000,2781.8000,2782.0000,2782.4000,1,1,1,1,1,7,5,1,2,2
SF,IH2009,2020-06-11 09:31:07.700,2781.4000,17559,0,124507020.000,1,0,1,多换,S,2781.4000,2781.0000,2780.4000,2780.2000,2780.0000,2781.6000,2781.8000,2782.0000,2782.6000,2783.0000,1,1,3,1,1,2,1,2,3,2
SF,IH2009,2020-06-11 09:31:08.200,2781.4000,17560,1,125341440.000,1,1,0,双开,S,2781.0000,2780.4000,2780.2000,2780.0000,2778.6000,2781.2000,2781.4000,2781.6000,2781.8000,2782.0000,1,3,1,1,1,9,7,4,1,2
SF,IH2009,2020-06-11 09:31:08.700,2781.0000,17560,0,126175740.000,1,0,1,多换,S,2780.4000,2780.2000,2780.0000,2778.6000,2777.0000,2781.0000,2781.2000,2781.4000,2781.6000,2781.8000,3,1,1,1,1,6,3,10,2,1
SF,IH2009,2020-06-11 09:31:09.200,2780.4000,17559,-1,127009860.000,1,0,1,双平,S,2780.2000,2780.0000,2778.8000,2778.6000,2777.0000,2780.4000,2780.8000,2781.0000,2781.2000,2781.4000,1,1,1,1,1,2,5,6,3,9
SF,IH2009,2020-06-11 09:31:09.700,2780.2000,17558,-1,128677980.000,2,0,2,多平,S,2780.0000,2778.8000,2778.6000,2777.0000,2775.0000,2780.2000,2780.4000,2780.8000,2781.0000,2781.2000,1,1,1,1,1,1,5,5,6,3
SF,IH2009,2020-06-11 09:31:10.200,2780.0000,17558,0,129511980.000,1,0,1,多换,S,2778.8000,2778.6000,2777.0000,2775.0000,2770.8000,2779.6000,2780.0000,2780.2000,2780.4000,2781.0000,1,1,1,1,1,1,13,11,4,4
SF,IH2009,2020-06-11 09:31:10.700,2779.0000,17557,-1,132013680.000,3,1,2,多平,S,2779.0000,2778.8000,2778.6000,2777.0000,2775.0000,2780.0000,2780.4000,2781.0000,2781.2000,2781.4000,2,1,1,1,1,3,1,3,3,3
SF,IH2009,2020-06-11 09:31:11.200,2780.0000,17556,-1,132847680.000,1,0,1,双平,S,2779.6000,2779.2000,2779.0000,2778.8000,2778.6000,2780.4000,2781.0000,2781.2000,2781.4000,2781.6000,3,2,2,1,1,1,3,3,3,2
SF,IH2009,2020-06-11 09:31:11.700,2780.0000,17556,0,132847680.000,0,-,-,-,-,2779.2000,2779.0000,2778.8000,2778.6000,2777.0000,2781.0000,2781.2000,2781.4000,2781.6000,2782.0000,2,1,1,1,1,3,3,1,2,1
SF,IH2009,2020-06-11 09:31:12.200,2780.0000,17556,0,132847680.000,0,-,-,-,-,2779.4000,2779.2000,2778.8000,2778.6000,2777.0000,2780.8000,2781.0000,2781.2000,2781.4000,2781.6000,5,2,1,1,1,5,3,3,1,2
SF,IH2009,2020-06-11 09:31:12.700,2779.4000,17557,1,135349140.000,3,2,1,空开,S,2778.8000,2778.6000,2777.0000,2775.0000,2770.8000,2779.4000,2780.2000,2780.4000,2780.6000,2780.8000,1,1,1,1,1,3,1,2,3,12
SF,IH2009,2020-06-11 09:31:13.200,2779.4000,17557,0,140352060.000,6,3,3,多换,S,2779.0000,2778.8000,2778.6000,2777.0000,2775.0000,2780.6000,2780.8000,2781.0000,2781.2000,2781.4000,2,1,1,1,1,3,7,3,3,1
SF,IH2009,2020-06-11 09:31:13.700,2779.4000,17557,0,140352060.000,0,-,-,-,-,2779.0000,2778.8000,2778.6000,2777.0000,2775.0000,2780.4000,2780.6000,2780.8000,2781.0000,2781.2000,3,1,1,1,1,2,2,4,3,3
SF,IH2009,2020-06-11 09:31:14.700,2780.4000,17556,-1,141186180.000,1,0,1,双平,S,2780.4000,2779.2000,2779.0000,2778.8000,2778.6000,2780.6000,2780.8000,2781.0000,2781.2000,2781.4000,1,1,3,1,1,2,4,3,3,1
SF,IH2009,2020-06-11 09:31:15.200,2781.0000,17552,-4,144523140.000,4,0,4,双平,S,2780.6000,2780.4000,2779.2000,2779.0000,2778.8000,2781.6000,2782.0000,2782.6000,2783.4000,2783.8000,1,1,2,2,1,2,1,2,2,1
SF,IH2009,2020-06-11 09:31:15.700,2780.8000,17552,0,145357380.000,1,0,1,多换,S,2780.6000,2780.4000,2779.2000,2779.0000,2778.8000,2781.6000,2781.8000,2782.0000,2782.6000,2783.4000,1,1,2,2,1,2,1,1,2,2
SF,IH2009,2020-06-11 09:31:16.200,2780.8000,17552,0,145357380.000,0,-,-,-,-,2780.8000,2780.6000,2780.4000,2779.2000,2779.0000,2781.6000,2781.8000,2782.0000,2782.6000,2783.4000,1,1,1,2,2,2,1,1,1,2
SF,IH2009,2020-06-11 09:31:16.700,2780.6000,17552,0,146191560.000,1,0,1,多换,S,2780.4000,2779.2000,2778.8000,2778.6000,2778.4000,2780.8000,2781.2000,2781.4000,2781.6000,2781.8000,1,2,1,1,1,3,3,2,2,1
SF,IH2009,2020-06-11 09:31:17.200,2781.4000,17550,-2,149528700.000,4,1,3,多平,S,2780.8000,2780.4000,2779.6000,2779.2000,2778.8000,2782.0000,2783.4000,2783.8000,2784.0000,2784.4000,1,1,1,2,1,1,2,1,1,3
SF,IH2009,2020-06-11 09:31:17.700,2781.4000,17550,0,149528700.000,0,-,-,-,-,2781.0000,2780.8000,2780.4000,2780.0000,2779.6000,2782.0000,2783.4000,2783.8000,2784.0000,2784.4000,1,1,1,1,1,2,2,1,1,3
SF,IH2009,2020-06-11 09:31:18.200,2781.4000,17550,0,149528700.000,0,-,-,-,-,2781.0000,2780.8000,2780.4000,2780.0000,2779.6000,2782.0000,2783.4000,2783.8000,2784.0000,2784.4000,1,1,1,1,1,1,2,1,1,3
SF,IH2009,2020-06-11 09:31:18.700,2782.0000,17548,-2,151197600.000,2,0,2,双平,S,2780.8000,2780.4000,2780.0000,2779.6000,2779.2000,2783.4000,2783.8000,2784.0000,2784.4000,2786.6000,1,1,1,1,2,2,1,1,3,4
SF,IH2009,2020-06-11 09:31:19.200,2782.0000,17548,0,151197600.000,0,-,-,-,-,2781.0000,2780.8000,2780.6000,2780.4000,2780.0000,2783.0000,2783.2000,2783.4000,2783.8000,2784.0000,2,1,1,1,1,5,9,3,1,1
SF,IH2009,2020-06-11 09:31:19.700,2781.0000,17549,1,152031900.000,1,1,0,双开,S,2781.0000,2780.8000,2780.6000,2780.4000,2780.0000,2782.0000,2782.8000,2783.0000,2783.2000,2783.4000,1,1,1,1,1,1,4,6,7,4
SF,IH2009,2020-06-11 09:31:20.200,2781.0000,17549,0,152031900.000,0,-,-,-,-,2781.0000,2780.8000,2780.6000,2780.4000,2780.0000,2782.0000,2782.8000,2783.0000,2783.2000,2783.4000,1,1,1,1,1,1,5,6,7,4
SF,IH2009,2020-06-11 09:31:20.700,2781.0000,17549,0,152031900.000,0,-,-,-,-,2781.0000,2780.8000,2780.6000,2780.4000,2780.0000,2782.0000,2782.8000,2783.0000,2783.2000,2783.4000,1,1,1,1,1,1,5,6,6,4
SF,IH2009,2020-06-11 09:31:21.200,2781.0000,17549,0,152031900.000,0,-,-,-,-,2781.0000,2780.8000,2780.6000,2780.4000,2780.0000,2782.8000,2783.0000,2783.2000,2783.4000,2783.8000,1,1,1,1,1,3,1,6,4,1
SF,IH2009,2020-06-11 09:31:21.700,2781.0000,17549,0,152031900.000,0,-,-,-,-,2781.0000,2780.8000,2780.6000,2780.4000,2780.0000,2782.2000,2782.6000,2782.8000,2783.0000,2783.2000,1,1,1,1,1,1,2,3,1,6
SF,IH2009,2020-06-11 09:31:22.200,2781.0000,17549,0,152031900.000,0,-,-,-,-,2781.2000,2781.0000,2780.8000,2780.6000,2780.4000,2782.0000,2782.2000,2782.8000,2783.0000,2783.2000,1,1,1,1,1,3,1,2,1,5
SF,IH2009,2020-06-11 09:31:23.200,2782.0000,17549,0,152866500.000,1,0,1,多换,S,2781.2000,2781.0000,2780.8000,2780.6000,2780.4000,2782.0000,2782.2000,2782.8000,2783.0000,2783.2000,1,1,1,1,1,2,1,2,1,5
SF,IH2009,2020-06-11 09:31:23.700,2782.0000,17548,-1,154535700.000,2,0,2,多平,S,2782.2000,2782.0000,2781.4000,2781.2000,2780.8000,2782.8000,2783.0000,2783.2000,2783.4000,2783.8000,2,1,1,1,1,2,1,5,4,1
SF,IH2009,2020-06-11 09:31:24.200,2782.0000,17548,0,154535700.000,0,-,-,-,-,2782.0000,2781.4000,2780.8000,2780.6000,2780.4000,2782.2000,2782.6000,2782.8000,2783.0000,2783.2000,1,1,1,1,1,2,3,1,1,4
SF,IH2009,2020-06-11 09:31:24.700,2782.2000,17548,0,156205020.000,2,1,1,多换,S,2782.2000,2782.0000,2781.4000,2780.8000,2780.6000,2782.6000,2783.0000,2783.8000,2784.0000,2784.4000,2,2,1,1,1,3,1,1,1,3
SF,IH2009,2020-06-11 09:31:25.200,2782.6000,17545,-3,159544140.000,4,0,4,多平,S,2782.8000,2782.6000,2782.4000,2782.2000,2782.0000,2783.0000,2783.8000,2784.0000,2784.4000,2786.6000,1,1,2,1,2,1,1,1,3,4
SF,IH2009,2020-06-11 09:31:25.700,2782.4000,17544,-1,162048480.000,3,1,2,多平,S,2782.4000,2782.2000,2782.0000,2781.4000,2780.8000,2783.0000,2783.8000,2784.0000,2784.4000,2786.6000,1,1,2,2,1,1,1,1,3,4
SF,IH2009,2020-06-11 09:31:26.200,2782.4000,17544,0,162048480.000,0,-,-,-,-,2782.4000,2782.2000,2782.0000,2781.4000,2780.8000,2782.8000,2783.0000,2783.8000,2784.0000,2784.4000,1,1,2,2,1,1,1,1,1,3
SF,IH2009,2020-06-11 09:31:26.700,2782.4000,17544,0,162883200.000,1,0,1,多换,S,2782.2000,2782.0000,2781.4000,2780.8000,2780.6000,2782.4000,2782.8000,2783.0000,2783.8000,2784.0000,1,2,2,1,1,1,1,1,1,1
SF,IH2009,2020-06-11 09:31:27.200,2782.8000,17544,0,165387420.000,3,1,2,多换,S,2782.0000,2781.4000,2780.8000,2780.6000,2780.4000,2783.0000,2783.8000,2784.0000,2784.4000,2786.6000,2,2,1,1,1,1,1,1,3,4
SF,IH2009,2020-06-11 09:31:27.700,2782.8000,17544,0,165387420.000,0,-,-,-,-,2782.2000,2782.0000,2781.4000,2780.8000,2780.6000,2783.0000,2783.2000,2783.8000,2784.0000,2784.4000,1,2,1,1,1,2,1,1,1,3
SF,IH2009,2020-06-11 09:31:28.200,2782.8000,17544,0,165387420.000,0,-,-,-,-,2782.2000,2782.0000,2781.4000,2780.8000,2780.6000,2783.0000,2783.8000,2784.0000,2784.4000,2786.6000,1,2,1,1,1,1,1,1,3,4
SF,IH2009,2020-06-11 09:31:28.700,2782.8000,17544,0,165387420.000,0,-,-,-,-,2782.2000,2782.0000,2781.4000,2780.8000,2780.6000,2783.0000,2783.8000,2784.0000,2784.4000,2786.6000,2,2,1,1,1,1,1,1,3,4
SF,IH2009,2020-06-11 09:31:29.200,2782.8000,17544,0,165387420.000,0,-,-,-,-,2782.2000,2782.0000,2781.4000,2780.8000,2780.6000,2783.0000,2783.8000,2784.0000,2784.4000,2786.6000,1,2,1,1,1,1,1,1,3,4
SF,IH2009,2020-06-11 09:31:29.700,2783.0000,17543,-1,166222320.000,1,0,1,双平,S,2782.2000,2782.0000,2781.4000,2780.8000,2780.6000,2783.8000,2784.0000,2784.4000,2786.6000,2787.4000,2,2,1,1,1,1,1,3,4,4
SF,IH2009,2020-06-11 09:31:30.200,2783.0000,17543,0,166222320.000,0,-,-,-,-,2782.2000,2782.0000,2781.4000,2780.8000,2780.6000,2783.2000,2783.6000,2783.8000,2784.0000,2784.4000,2,2,1,1,1,1,5,1,1,3
SF,IH2009,2020-06-11 09:31:30.700,2783.0000,17543,0,166222320.000,0,-,-,-,-,2782.2000,2782.0000,2781.4000,2780.8000,2780.6000,2783.2000,2783.6000,2783.8000,2784.0000,2784.4000,1,2,1,1,1,1,5,1,1,3
SF,IH2009,2020-06-11 09:31:31.200,2782.2000,17542,-1,167056980.000,1,0,1,双平,S,2782.0000,2781.4000,2780.8000,2780.6000,2780.4000,2782.2000,2783.2000,2783.6000,2783.8000,2784.0000,2,1,1,1,1,1,2,5,2,1
SF,IH2009,2020-06-11 09:31:31.700,2782.0000,17541,-1,168726180.000,2,0,2,多平,S,2781.4000,2780.8000,2780.6000,2780.4000,2780.2000,2782.0000,2782.2000,2783.0000,2783.2000,2783.4000,1,1,1,1,1,2,1,3,3,1
SF,IH2009,2020-06-11 09:31:32.200,2782.0000,17541,0,168726180.000,0,-,-,-,-,2780.8000,2780.6000,2780.4000,2780.2000,2780.0000,2782.0000,2782.2000,2783.0000,2783.2000,2783.4000,1,1,1,1,2,1,1,3,3,1
SF,IH2009,2020-06-11 09:31:32.700,2782.0000,17541,0,168726180.000,0,-,-,-,-,2781.0000,2780.8000,2780.6000,2780.4000,2780.2000,2782.0000,2782.2000,2783.0000,2783.2000,2783.4000,2,1,1,1,1,1,1,3,2,1
SF,IH2009,2020-06-11 09:31:33.200,2782.0000,17541,0,168726180.000,0,-,-,-,-,2781.0000,2780.8000,2780.6000,2780.4000,2780.2000,2782.2000,2783.0000,2783.2000,2783.4000,2783.6000,3,1,1,1,1,1,3,2,1,4
SF,IH2009,2020-06-11 09:31:33.700,2782.0000,17541,0,168726180.000,0,-,-,-,-,2781.2000,2781.0000,2780.8000,2780.6000,2780.4000,2782.2000,2783.0000,2783.2000,2783.4000,2783.6000,1,3,1,1,1,1,3,2,1,4
SF,IH2009,2020-06-11 09:31:34.200,2782.2000,17541,0,169560840.000,1,0,1,多换,S,2781.4000,2781.2000,2781.0000,2780.8000,2780.6000,2783.2000,2783.4000,2783.6000,2783.8000,2784.0000,2,1,1,1,1,1,1,4,2,1
SF,IH2009,2020-06-11 09:31:34.700,2782.2000,17541,0,169560840.000,0,-,-,-,-,2781.4000,2780.8000,2780.6000,2780.4000,2780.2000,2782.6000,2783.0000,2783.2000,2783.4000,2783.6000,1,1,1,1,1,1,6,2,1,3
SF,IH2009,2020-06-11 09:31:35.200,2782.2000,17541,0,169560840.000,0,-,-,-,-,2781.4000,2780.8000,2780.4000,2780.2000,2780.0000,2782.4000,2782.6000,2783.0000,2783.2000,2783.4000,1,1,1,1,2,1,1,4,2,1
SF,IH2009,2020-06-11 09:31:35.700,2782.6000,17539,-2,171230340.000,2,0,2,双平,S,2782.0000,2781.4000,2780.8000,2780.4000,2780.2000,2783.0000,2783.2000,2783.4000,2783.6000,2783.8000,1,1,1,1,1,4,2,1,3,2
SF,IH2009,2020-06-11 09:31:36.200,2782.6000,17539,0,171230340.000,0,-,-,-,-,2782.0000,2781.4000,2780.8000,2780.4000,2780.2000,2782.8000,2783.0000,2783.2000,2783.4000,2783.6000,1,1,1,1,1,1,3,2,1,3
SF,IH2009,2020-06-11 09:31:36.700,2782.0000,17539,0,172064940.000,1,0,1,多换,S,2781.4000,2780.8000,2780.4000,2780.2000,2780.0000,2783.0000,2783.2000,2783.4000,2783.6000,2783.8000,1,1,1,1,2,3,2,1,3,2
SF,IH2009,2020-06-11 09:31:37.200,2782.0000,17539,0,172064940.000,0,-,-,-,-,2781.4000,2780.8000,2780.4000,2780.2000,2780.0000,2782.8000,2783.0000,2783.2000,2783.4000,2783.6000,1,1,1,1,2,2,3,2,1,3
SF,IH2009,2020-06-11 09:31:37.700,2782.0000,17539,0,172064940.000,0,-,-,-,-,2781.6000,2781.4000,2780.8000,2780.4000,2780.2000,2782.8000,2783.2000,2783.4000,2783.6000,2783.8000,1,1,1,1,1,1,1,1,3,2
SF,IH2009,2020-06-11 09:31:38.200,2782.0000,17539,0,172064940.000,0,-,-,-,-,2781.8000,2780.8000,2780.4000,2780.2000,2780.0000,2783.2000,2783.4000,2783.6000,2783.8000,2784.0000,1,1,1,1,2,1,1,3,2,1
SF,IH2009,2020-06-11 09:31:38.700,2782.0000,17539,0,172064940.000,0,-,-,-,-,2781.8000,2780.8000,2780.4000,2780.2000,2780.0000,2783.0000,2783.2000,2783.4000,2783.6000,2783.8000,1,1,1,1,2,1,2,1,3,2
SF,IH2009,2020-06-11 09:31:39.700,2782.0000,17539,0,172064940.000,0,-,-,-,-,2781.8000,2781.6000,2780.8000,2780.4000,2780.2000,2782.8000,2783.0000,2783.2000,2783.4000,2783.6000,1,1,1,1,1,2,1,1,1,3
SF,IH2009,2020-06-11 09:31:40.200,2782.0000,17539,0,172064940.000,0,-,-,-,-,2781.8000,2781.6000,2780.8000,2780.4000,2780.2000,2782.6000,2782.8000,2783.2000,2783.4000,2783.6000,1,1,1,1,1,2,5,1,1,3
SF,IH2009,2020-06-11 09:31:40.700,2782.0000,17539,0,172064940.000,0,-,-,-,-,2781.8000,2781.6000,2780.8000,2780.4000,2780.2000,2782.6000,2782.8000,2783.2000,2783.4000,2783.6000,1,1,1,1,1,1,3,1,1,3
SF,IH2009,2020-06-11 09:31:41.200,2782.0000,17539,0,172064940.000,0,-,-,-,-,2781.8000,2781.6000,2780.8000,2780.4000,2780.2000,2782.8000,2783.2000,2783.4000,2783.6000,2783.8000,1,1,1,1,1,3,1,1,3,2
SF,IH2009,2020-06-11 09:31:43.200,2782.0000,17539,0,172064940.000,0,-,-,-,-,2781.8000,2781.6000,2781.0000,2780.8000,2780.4000,2782.8000,2783.2000,2783.4000,2783.6000,2783.8000,1,1,6,1,1,3,1,1,3,2
SF,IH2009,2020-06-11 09:31:43.700,2781.8000,17538,-1,172899480.000,1,0,1,双平,S,2781.6000,2781.0000,2780.8000,2780.4000,2780.2000,2782.6000,2782.8000,2783.2000,2783.4000,2783.6000,1,6,1,1,1,1,3,1,1,3
SF,IH2009,2020-06-11 09:31:44.200,2781.8000,17538,0,172899480.000,0,-,-,-,-,2781.6000,2781.0000,2780.8000,2780.4000,2780.2000,2782.4000,2782.6000,2782.8000,2783.2000,2783.4000,1,6,1,1,1,1,1,3,1,1
SF,IH2009,2020-06-11 09:31:44.700,2781.8000,17538,0,172899480.000,0,-,-,-,-,2781.6000,2781.0000,2780.8000,2780.4000,2780.2000,2782.4000,2782.8000,2783.2000,2783.4000,2783.6000,1,6,1,1,1,2,3,1,1,3
SF,IH2009,2020-06-11 09:31:45.200,2781.8000,17538,0,172899480.000,0,-,-,-,-,2781.6000,2781.0000,2780.8000,2780.4000,2780.2000,2782.4000,2782.8000,2783.2000,2783.4000,2783.6000,1,7,1,1,1,2,3,1,1,3
SF,IH2009,2020-06-11 09:31:45.700,2781.8000,17538,0,172899480.000,0,-,-,-,-,2781.8000,2781.6000,2781.0000,2780.8000,2780.4000,2782.4000,2782.8000,2783.0000,2783.2000,2783.4000,1,1,7,1,1,2,3,1,1,1
SF,IH2009,2020-06-11 09:31:46.200,2781.8000,17539,1,173734020.000,1,1,0,双开,S,2781.6000,2781.0000,2780.8000,2780.4000,2780.2000,2782.4000,2782.8000,2783.0000,2783.2000,2783.4000,1,7,1,1,1,2,3,1,1,1
SF,IH2009,2020-06-11 09:31:46.700,2781.8000,17539,0,173734020.000,0,-,-,-,-,2781.6000,2781.0000,2780.8000,2780.4000,2780.2000,2782.4000,2782.8000,2783.0000,2783.2000,2783.4000,1,7,1,1,1,1,3,1,1,1
SF,IH2009,2020-06-11 09:31:47.200,2781.6000,17540,1,174568500.000,1,1,0,双开,S,2781.0000,2780.8000,2780.4000,2780.2000,2780.0000,2781.6000,2782.2000,2782.4000,2782.8000,2783.0000,7,1,1,1,2,2,1,2,3,1
SF,IH2009,2020-06-11 09:31:47.700,2781.6000,17540,0,174568500.000,0,-,-,-,-,2781.0000,2780.8000,2780.4000,2780.2000,2780.0000,2781.6000,2782.2000,2782.4000,2782.8000,2783.0000,7,1,1,1,2,1,3,2,3,1
SF,IH2009,2020-06-11 09:31:48.200,2781.0000,17540,0,178740000.000,5,2,3,多换,S,2781.0000,2780.8000,2780.4000,2780.2000,2780.0000,2781.6000,2782.2000,2782.4000,2782.8000,2783.0000,2,1,1,1,2,1,1,2,3,1
SF,IH2009,2020-06-11 09:31:48.700,2781.4000,17540,0,181243020.000,3,1,2,多换,S,2780.8000,2780.4000,2780.2000,2780.0000,2779.6000,2781.0000,2781.4000,2781.6000,2782.2000,2782.4000,1,1,1,2,3,1,1,1,1,1
SF,IH2009,2020-06-11 09:31:49.200,2780.8000,17540,0,182911500.000,2,1,1,多换,S,2780.4000,2780.2000,2780.0000,2779.6000,2779.2000,2781.0000,2781.4000,2781.6000,2782.2000,2782.8000,1,1,2,3,2,1,1,1,1,3
SF,IH2009,2020-06-11 09:31:49.700,2780.8000,17540,0,182911500.000,0,-,-,-,-,2780.4000,2780.2000,2780.0000,2779.6000,2779.2000,2781.0000,2781.4000,2781.6000,2782.2000,2782.8000,1,1,2,3,2,1,1,1,1,3
SF,IH2009,2020-06-11 09:31:50.200,2780.4000,17541,1,183745620.000,1,1,0,双开,S,2780.2000,2780.0000,2779.6000,2779.2000,2779.0000,2781.0000,2781.4000,2781.6000,2782.2000,2782.8000,1,2,3,2,1,1,1,1,1,3
SF,IH2009,2020-06-11 09:31:50.700,2780.4000,17541,0,183745620.000,0,-,-,-,-,2780.4000,2780.2000,2780.0000,2779.6000,2779.2000,2781.0000,2781.4000,2781.6000,2782.2000,2782.8000,1,1,2,3,2,1,1,1,1,3
SF,IH2009,2020-06-11 09:31:51.700,2780.4000,17541,0,183745620.000,0,-,-,-,-,2780.6000,2780.4000,2780.2000,2780.0000,2779.6000,2781.4000,2781.6000,2782.2000,2782.8000,2783.0000,3,1,1,2,3,1,1,1,3,1
SF,IH2009,2020-06-11 09:31:52.200,2780.4000,17541,0,183745620.000,0,-,-,-,-,2780.6000,2780.4000,2780.2000,2780.0000,2779.6000,2781.4000,2781.6000,2782.2000,2782.8000,2783.0000,3,1,1,2,3,2,1,1,4,1
SF,IH2009,2020-06-11 09:31:52.700,2780.4000,17541,0,183745620.000,0,-,-,-,-,2780.6000,2780.4000,2780.2000,2780.0000,2779.6000,2781.4000,2781.6000,2782.2000,2782.8000,2783.0000,3,1,1,2,3,2,1,1,4,1
SF,IH2009,2020-06-11 09:31:53.200,2780.4000,17541,0,183745620.000,0,-,-,-,-,2781.4000,2780.6000,2780.4000,2780.2000,2780.0000,2781.6000,2782.2000,2782.8000,2783.0000,2783.6000,1,3,1,1,2,1,1,4,1,3
SF,IH2009,2020-06-11 09:31:53.700,2781.4000,17540,-1,184580040.000,1,0,1,双平,S,2780.6000,2780.4000,2780.2000,2780.0000,2779.6000,2781.4000,2781.6000,2782.2000,2782.8000,2783.0000,3,1,1,2,3,1,1,1,4,1
SF,IH2009,2020-06-11 09:31:54.200,2781.4000,17540,0,185414460.000,1,0,1,多换,S,2780.8000,2780.6000,2780.4000,2780.2000,2780.0000,2781.6000,2782.2000,2782.8000,2783.0000,2783.6000,1,3,1,1,2,1,1,4,1,3
SF,IH2009,2020-06-11 09:31:54.700,2781.4000,17540,0,185414460.000,0,-,-,-,-,2780.6000,2780.4000,2780.2000,2780.0000,2779.6000,2782.2000,2782.8000,2783.0000,2783.6000,2783.8000,3,1,1,2,2,1,4,1,3,2
SF,IH2009,2020-06-11 09:31:55.200,2781.4000,17540,0,185414460.000,0,-,-,-,-,2780.8000,2780.6000,2780.2000,2780.0000,2779.6000,2782.0000,2782.2000,2782.8000,2783.0000,2783.6000,3,3,1,2,2,2,1,4,1,4
SF,IH2009,2020-06-11 09:31:55.700,2781.4000,17540,0,185414460.000,0,-,-,-,-,2780.8000,2780.6000,2780.2000,2780.0000,2779.6000,2781.8000,2782.0000,2782.2000,2782.8000,2783.0000,1,3,1,2,2,3,6,2,4,1
SF,IH2009,2020-06-11 09:31:56.200,2781.4000,17540,0,185414460.000,0,-,-,-,-,2780.8000,2780.6000,2780.2000,2780.0000,2779.6000,2781.6000,2781.8000,2782.0000,2782.2000,2782.8000,1,3,1,2,2,3,2,4,2,4
SF,IH2009,2020-06-11 09:31:56.700,2781.4000,17540,0,185414460.000,0,-,-,-,-,2780.6000,2780.2000,2780.0000,2779.6000,2779.2000,2781.4000,2781.6000,2782.0000,2782.2000,2782.8000,3,1,2,2,2,1,2,2,2,4
SF,IH2009,2020-06-11 09:31:57.200,2781.4000,17540,0,185414460.000,0,-,-,-,-,2780.8000,2780.6000,2780.2000,2780.0000,2779.6000,2781.4000,2782.2000,2782.8000,2783.0000,2783.2000,1,3,1,2,2,1,2,4,1,1
SF,IH2009,2020-06-11 09:31:57.700,2781.4000,17539,-1,186248880.000,1,0,1,双平,S,2780.8000,2780.6000,2780.2000,2780.0000,2779.6000,2782.2000,2782.8000,2783.0000,2783.2000,2783.6000,1,3,1,2,2,2,4,1,1,4
SF,IH2009,2020-06-11 09:31:58.200,2781.4000,17539,0,186248880.000,0,-,-,-,-,2781.0000,2780.8000,2780.6000,2780.2000,2780.0000,2782.2000,2782.8000,2783.0000,2783.2000,2783.6000,1,1,3,1,2,1,4,1,1,4
SF,IH2009,2020-06-11 09:31:59.200,2781.4000,17539,0,186248880.000,0,-,-,-,-,2781.2000,2781.0000,2780.8000,2780.2000,2780.0000,2782.2000,2782.8000,2783.0000,2783.2000,2783.6000,3,1,1,1,2,1,4,1,1,4
SF,IH2009,2020-06-11 09:31:59.700,2781.4000,17539,0,186248880.000,0,-,-,-,-,2781.4000,2781.2000,2780.2000,2780.0000,2779.6000,2782.2000,2782.8000,2783.0000,2783.2000,2783.6000,1,3,1,2,2,1,4,1,1,4
SF,IH2009,2020-06-11 09:32:00.200,2781.4000,17539,0,186248880.000,0,-,-,-,-,2781.4000,2781.2000,2780.2000,2780.0000,2779.6000,2782.2000,2782.8000,2783.0000,2783.2000,2783.6000,1,3,1,2,2,1,4,1,1,4
SF,IH2009,2020-06-11 09:32:01.200,2781.4000,17539,0,187083300.000,1,0,1,多换,S,2781.2000,2780.2000,2780.0000,2779.6000,2779.2000,2781.4000,2781.6000,2781.8000,2782.0000,2782.2000,3,1,2,2,2,1,1,1,2,2
SF,IH2009,2020-06-11 09:32:01.700,2782.2000,17537,-2,188752380.000,2,0,2,双平,S,2781.4000,2781.2000,2780.2000,2780.0000,2779.6000,2782.8000,2783.0000,2783.2000,2783.6000,2783.8000,1,3,1,2,2,4,1,1,4,2
SF,IH2009,2020-06-11 09:32:02.200,2782.2000,17537,0,188752380.000,0,-,-,-,-,2781.4000,2781.2000,2780.2000,2780.0000,2779.6000,2782.6000,2782.8000,2783.0000,2783.2000,2783.6000,1,3,1,2,2,5,5,1,1,4
SF,IH2009,2020-06-11 09:32:02.700,2782.2000,17537,0,188752380.000,0,-,-,-,-,2781.6000,2781.4000,2781.2000,2780.2000,2780.0000,2782.4000,2782.6000,2782.8000,2783.0000,2783.2000,1,1,3,1,2,1,6,5,1,1
SF,IH2009,2020-06-11 09:32:03.200,2782.2000,17537,0,188752380.000,0,-,-,-,-,2781.4000,2781.2000,2780.2000,2780.0000,2779.6000,2782.4000,2782.6000,2782.8000,2783.0000,2783.2000,1,3,1,2,2,1,5,5,1,1
SF,IH2009,2020-06-11 09:32:03.700,2782.2000,17537,0,188752380.000,0,-,-,-,-,2781.4000,2781.2000,2780.2000,2780.0000,2779.6000,2782.4000,2782.6000,2782.8000,2783.0000,2783.2000,1,3,1,2,2,1,2,5,1,1
SF,IH2009,2020-06-11 09:32:04.200,2782.2000,17537,0,188752380.000,0,-,-,-,-,2781.4000,2781.2000,2780.2000,2780.0000,2779.6000,2782.0000,2782.2000,2782.4000,2782.6000,2782.8000,1,3,1,2,2,1,3,1,2,5
SF,IH2009,2020-06-11 09:32:04.700,2782.2000,17537,0,188752380.000,0,-,-,-,-,2781.4000,2781.2000,2780.2000,2780.0000,2779.6000,2782.2000,2782.4000,2782.6000,2782.8000,2783.0000,1,3,1,2,2,1,1,2,5,1
SF,IH2009,2020-06-11 09:32:05.200,2782.2000,17537,0,188752380.000,0,-,-,-,-,2781.4000,2781.2000,2780.2000,2780.0000,2779.6000,2782.2000,2782.6000,2782.8000,2783.0000,2783.2000,1,3,1,2,2,1,2,5,1,1
SF,IH2009,2020-06-11 09:32:05.700,2782.2000,17536,-1,189587040.000,1,0,1,双平,S,2781.2000,2780.2000,2780.0000,2779.6000,2779.2000,2782.6000,2782.8000,2783.0000,2783.2000,2783.6000,3,1,2,2,2,2,5,1,1,4
SF,IH2009,2020-06-11 09:32:06.200,2781.4000,17533,-3,192090600.000,3,0,3,双平,S,2781.4000,2780.2000,2780.0000,2779.6000,2779.2000,2782.6000,2782.8000,2783.0000,2783.2000,2783.6000,5,1,2,2,2,2,5,1,1,4
SF,IH2009,2020-06-11 09:32:06.700,2781.4000,17533,0,192090600.000,0,-,-,-,-,2781.4000,2780.2000,2780.0000,2779.6000,2779.2000,2782.8000,2783.0000,2783.2000,2783.6000,2783.8000,5,1,1,2,2,5,1,1,4,2
SF,IH2009,2020-06-11 09:32:07.200,2781.4000,17533,0,192090600.000,0,-,-,-,-,2781.4000,2780.2000,2780.0000,2779.6000,2779.2000,2782.4000,2782.6000,2782.8000,2783.0000,2783.2000,4,1,1,2,2,1,2,5,1,1
SF,IH2009,2020-06-11 09:32:07.700,2782.4000,17532,-1,192925320.000,1,0,1,双平,S,2781.4000,2780.2000,2780.0000,2779.6000,2779.2000,2782.6000,2782.8000,2783.0000,2783.2000,2783.6000,4,1,2,2,2,2,5,1,1,4
SF,IH2009,2020-06-11 09:32:08.200,2782.4000,17532,0,192925320.000,0,-,-,-,-,2781.6000,2781.4000,2780.2000,2780.0000,2779.6000,2782.8000,2783.0000,2783.2000,2783.6000,2783.8000,3,4,1,2,2,5,1,1,4,2
SF,IH2009,2020-06-11 09:32:08.700,2782.4000,17532,0,192925320.000,0,-,-,-,-,2781.6000,2781.4000,2780.2000,2780.0000,2779.6000,2782.8000,2783.0000,2783.2000,2783.6000,2783.8000,1,3,1,3,2,5,1,1,4,2
SF,IH2009,2020-06-11 09:32:09.200,2781.4000,17531,-1,194594280.000,2,0,2,多平,S,2781.4000,2780.2000,2780.0000,2779.6000,2779.2000,2782.8000,2783.0000,2783.2000,2783.6000,2783.8000,3,1,3,2,2,5,1,1,4,2
SF,IH2009,2020-06-11 09:32:10.200,2781.4000,17531,0,194594280.000,0,-,-,-,-,2781.4000,2780.2000,2780.0000,2779.6000,2779.2000,2782.6000,2782.8000,2783.0000,2783.2000,2783.6000,3,1,3,2,2,1,5,1,1,4
SF,IH2009,2020-06-11 09:32:10.700,2781.4000,17531,0,194594280.000,0,-,-,-,-,2781.6000,2781.4000,2780.2000,2780.0000,2779.6000,2782.6000,2782.8000,2783.0000,2783.2000,2783.6000,1,3,1,4,2,1,5,1,1,4
SF,IH2009,2020-06-11 09:32:11.200,2781.4000,17531,0,194594280.000,0,-,-,-,-,2781.6000,2781.4000,2781.0000,2780.2000,2780.0000,2782.6000,2782.8000,2783.0000,2783.2000,2783.6000,2,3,1,1,4,1,5,1,1,4
SF,IH2009,2020-06-11 09:32:11.700,2781.4000,17531,0,194594280.000,0,-,-,-,-,2782.6000,2781.6000,2781.4000,2781.0000,2780.2000,2782.8000,2783.0000,2783.2000,2783.6000,2783.8000,1,2,3,1,1,5,1,1,4,2
SF,IH2009,2020-06-11 09:32:12.200,2782.4000,17530,-1,197098200.000,3,1,2,多平,S,2781.4000,2781.0000,2780.0000,2779.6000,2779.2000,2782.6000,2782.8000,2783.0000,2783.2000,2783.6000,2,1,4,1,2,4,5,1,1,4
SF,IH2009,2020-06-11 09:32:12.700,2782.4000,17530,0,197098200.000,0,-,-,-,-,2781.6000,2781.4000,2781.0000,2780.0000,2779.6000,2782.6000,2782.8000,2783.0000,2783.2000,2783.6000,3,2,2,4,1,2,5,1,1,4
SF,IH2009,2020-06-11 09:32:13.700,2782.4000,17530,0,197098200.000,0,-,-,-,-,2781.8000,2781.6000,2781.4000,2781.0000,2780.0000,2782.6000,2782.8000,2783.0000,2783.2000,2783.6000,3,3,2,2,4,2,5,1,1,4
SF,IH2009,2020-06-11 09:32:14.200,2782.4000,17530,0,197098200.000,0,-,-,-,-,2781.8000,2781.4000,2781.0000,2780.0000,2779.6000,2782.6000,2782.8000,2783.0000,2783.2000,2783.6000,3,2,3,4,1,2,5,1,1,4
SF,IH2009,2020-06-11 09:32:14.700,2782.4000,17530,0,197098200.000,0,-,-,-,-,2781.8000,2781.4000,2781.0000,2780.0000,2779.6000,2782.8000,2783.0000,2783.2000,2783.6000,2783.8000,3,2,3,4,1,1,1,1,4,2
SF,IH2009,2020-06-11 09:32:15.200,2782.4000,17530,0,197098200.000,0,-,-,-,-,2781.8000,2781.4000,2781.0000,2780.0000,2779.6000,2783.0000,2783.2000,2783.6000,2783.8000,2784.0000,1,2,3,4,1,1,1,4,2,1
SF,IH2009,2020-06-11 09:32:15.700,2782.4000,17530,0,197098200.000,0,-,-,-,-,2782.8000,2782.0000,2781.8000,2781.4000,2781.0000,2783.0000,2783.2000,2783.6000,2783.8000,2784.0000,1,3,1,2,3,1,1,4,2,1
SF,IH2009,2020-06-11 09:32:16.200,2782.8000,17529,-1,197933040.000,1,0,1,双平,S,2781.8000,2781.4000,2781.0000,2780.0000,2779.6000,2782.8000,2783.0000,2783.2000,2783.6000,2783.8000,1,2,3,4,1,3,1,1,4,2
SF,IH2009,2020-06-11 09:32:16.700,2782.8000,17529,0,197933040.000,0,-,-,-,-,2781.8000,2781.4000,2781.0000,2780.0000,2779.6000,2782.8000,2783.0000,2783.2000,2783.6000,2783.8000,1,2,3,4,1,1,1,2,4,2
SF,IH2009,2020-06-11 09:32:17.200,2782.8000,17529,0,198767880.000,1,0,1,多换,S,2782.0000,2781.8000,2781.4000,2781.0000,2780.0000,2783.0000,2783.2000,2783.6000,2783.8000,2784.0000,1,1,2,3,4,1,2,4,2,1
SF,IH2009,2020-06-11 09:32:18.200,2782.8000,17529,0,198767880.000,0,-,-,-,-,2782.6000,2782.2000,2782.0000,2781.8000,2781.4000,2783.0000,2783.2000,2783.6000,2783.8000,2784.0000,1,1,1,1,1,1,2,4,2,1
SF,IH2009,2020-06-11 09:32:18.700,2782.6000,17528,-1,199602660.000,1,0,1,双平,S,2782.2000,2781.8000,2781.4000,2781.0000,2780.0000,2782.6000,2782.8000,2783.0000,2783.2000,2783.6000,1,1,1,3,4,4,1,1,2,4
SF,IH2009,2020-06-11 09:32:19.200,2782.6000,17528,0,199602660.000,0,-,-,-,-,2781.8000,2781.4000,2781.0000,2780.0000,2779.6000,2782.6000,2783.0000,2783.2000,2783.6000,2783.8000,1,1,3,4,1,1,1,1,4,2
SF,IH2009,2020-06-11 09:32:19.700,2783.0000,17526,-2,201272340.000,2,0,2,双平,S,2783.0000,2781.8000,2781.4000,2781.0000,2780.0000,2783.2000,2783.6000,2783.8000,2784.0000,2784.4000,3,1,1,3,4,1,4,2,1,3
SF,IH2009,2020-06-11 09:32:20.200,2783.0000,17523,-3,203777040.000,3,0,3,双平,S,2781.8000,2781.4000,2781.0000,2780.0000,2779.6000,2782.8000,2783.0000,2783.2000,2783.6000,2783.8000,1,1,3,4,1,3,9,3,4,2
SF,IH2009,2020-06-11 09:32:20.700,2783.0000,17523,0,204611940.000,1,0,1,多换,S,2781.8000,2781.4000,2781.0000,2780.0000,2779.6000,2782.8000,2783.0000,2783.2000,2783.6000,2783.8000,1,1,3,4,1,2,9,2,4,2
SF,IH2009,2020-06-11 09:32:21.200,2783.0000,17523,0,204611940.000,0,-,-,-,-,2781.8000,2781.4000,2781.0000,2780.0000,2779.6000,2782.6000,2782.8000,2783.0000,2783.2000,2783.6000,1,1,3,4,1,1,2,8,2,4
SF,IH2009,2020-06-11 09:32:21.700,2783.0000,17523,0,204611940.000,0,-,-,-,-,2782.0000,2781.8000,2781.4000,2781.0000,2780.0000,2782.2000,2782.6000,2782.8000,2783.0000,2783.2000,2,1,1,3,4,1,1,1,8,2
SF,IH2009,2020-06-11 09:32:22.200,2782.2000,17523,0,205446600.000,1,0,1,多换,S,2782.2000,2782.0000,2781.8000,2781.4000,2781.0000,2782.6000,2782.8000,2783.0000,2783.2000,2783.6000,1,1,1,1,3,1,1,4,2,4
SF,IH2009,2020-06-11 09:32:22.700,2782.6000,17521,-2,207950700.000,3,0,3,多平,S,2781.8000,2781.6000,2781.4000,2781.0000,2780.0000,2782.8000,2783.0000,2783.2000,2783.6000,2783.8000,1,1,1,3,4,1,3,2,4,2
SF,IH2009,2020-06-11 09:32:23.200,2782.6000,17521,0,207950700.000,0,-,-,-,-,2782.0000,2781.8000,2781.6000,2781.4000,2781.0000,2782.8000,2783.0000,2783.2000,2783.6000,2783.8000,2,1,1,1,4,1,3,2,4,2
SF,IH2009,2020-06-11 09:32:23.700,2782.6000,17521,0,207950700.000,0,-,-,-,-,2782.0000,2781.8000,2781.6000,2781.4000,2781.0000,2783.0000,2783.2000,2783.6000,2783.8000,2784.0000,2,1,1,1,4,3,2,4,2,1
SF,IH2009,2020-06-11 09:32:24.200,2782.6000,17521,0,207950700.000,0,-,-,-,-,2782.0000,2781.8000,2781.6000,2781.4000,2781.0000,2782.8000,2783.0000,2783.2000,2783.6000,2783.8000,2,1,1,1,4,3,3,2,4,2
SF,IH2009,2020-06-11 09:32:24.700,2782.6000,17521,0,207950700.000,0,-,-,-,-,2782.2000,2782.0000,2781.6000,2781.4000,2781.0000,2782.8000,2783.0000,2783.2000,2783.6000,2783.8000,1,2,1,1,4,3,3,2,4,2
SF,IH2009,2020-06-11 09:32:25.200,2782.8000,17521,0,208785540.000,1,0,1,多换,S,2782.2000,2782.0000,2781.6000,2781.4000,2781.0000,2783.0000,2783.2000,2783.6000,2783.8000,2784.0000,1,2,1,1,3,3,2,4,2,1
SF,IH2009,2020-06-11 09:32:25.700,2782.2000,17522,1,209620200.000,1,1,0,双开,S,2782.0000,2781.6000,2781.4000,2781.0000,2780.4000,2782.6000,2782.8000,2783.0000,2783.2000,2783.6000,2,1,1,3,1,4,2,3,2,4
SF,IH2009,2020-06-11 09:32:26.200,2782.2000,17522,0,209620200.000,0,-,-,-,-,2781.6000,2781.4000,2781.0000,2780.4000,2780.0000,2782.2000,2782.6000,2782.8000,2783.0000,2783.2000,1,1,3,1,4,1,4,1,3,2
SF,IH2009,2020-06-11 09:32:26.700,2782.2000,17522,0,209620200.000,0,-,-,-,-,2781.8000,2781.6000,2781.4000,2781.0000,2780.4000,2782.6000,2782.8000,2783.0000,2783.2000,2783.6000,2,1,1,3,1,3,1,3,2,4
SF,IH2009,2020-06-11 09:32:27.200,2782.2000,17522,0,209620200.000,0,-,-,-,-,2782.2000,2781.8000,2781.6000,2781.4000,2781.0000,2782.6000,2782.8000,2783.0000,2783.2000,2783.6000,1,2,1,1,3,3,1,3,2,4
SF,IH2009,2020-06-11 09:32:27.700,2782.2000,17522,0,209620200.000,0,-,-,-,-,2782.2000,2781.8000,2781.6000,2781.4000,2781.0000,2782.6000,2782.8000,2783.0000,2783.2000,2783.6000,1,2,1,1,3,3,1,3,2,4
SF,IH2009,2020-06-11 09:32:28.200,2782.2000,17522,0,209620200.000,0,-,-,-,-,2781.8000,2781.6000,2781.4000,2781.0000,2780.4000,2782.8000,2783.0000,2783.2000,2783.6000,2783.8000,2,1,1,3,1,1,3,2,4,2
SF,IH2009,2020-06-11 09:32:28.700,2782.2000,17522,0,209620200.000,0,-,-,-,-,2781.8000,2781.6000,2781.4000,2781.0000,2780.4000,2782.8000,2783.0000,2783.2000,2783.6000,2783.8000,2,1,1,3,1,1,3,2,4,2
SF,IH2009,2020-06-11 09:32:29.200,2782.2000,17522,0,209620200.000,0,-,-,-,-,2782.0000,2781.8000,2781.6000,2781.4000,2781.0000,2782.8000,2783.0000,2783.2000,2783.6000,2783.8000,1,2,1,1,3,1,3,2,4,2
SF,IH2009,2020-06-11 09:32:29.700,2782.2000,17522,0,209620200.000,0,-,-,-,-,2782.0000,2781.8000,2781.6000,2781.4000,2781.0000,2782.6000,2782.8000,2783.0000,2783.2000,2783.6000,1,2,1,1,3,1,1,3,2,4
SF,IH2009,2020-06-11 09:32:30.700,2782.2000,17522,0,209620200.000,0,-,-,-,-,2782.0000,2781.8000,2781.6000,2781.4000,2781.0000,2782.8000,2783.0000,2783.2000,2783.6000,2783.8000,2,2,1,1,3,1,3,2,4,2
SF,IH2009,2020-06-11 09:32:32.200,2782.2000,17522,0,209620200.000,0,-,-,-,-,2782.0000,2781.8000,2781.6000,2781.4000,2781.0000,2782.6000,2782.8000,2783.0000,2783.2000,2783.6000,2,2,1,1,3,1,1,3,2,4
SF,IH2009,2020-06-11 09:32:32.700,2782.2000,17522,0,209620200.000,0,-,-,-,-,2782.0000,2781.8000,2781.6000,2781.4000,2781.0000,2782.6000,2782.8000,2783.0000,2783.2000,2783.6000,1,2,1,1,3,1,1,3,2,4
SF,IH2009,2020-06-11 09:32:33.200,2782.6000,17521,-1,210454980.000,1,0,1,双平,S,2782.0000,2781.8000,2781.6000,2781.4000,2781.0000,2782.8000,2783.0000,2783.2000,2783.6000,2783.8000,1,2,1,1,3,1,3,2,4,2
SF,IH2009,2020-06-11 09:32:33.700,2782.6000,17521,0,210454980.000,0,-,-,-,-,2782.2000,2782.0000,2781.6000,2781.4000,2781.0000,2783.0000,2783.2000,2783.6000,2783.8000,2784.0000,2,1,1,1,3,3,2,4,2,1
SF,IH2009,2020-06-11 09:32:34.200,2782.6000,17521,0,210454980.000,0,-,-,-,-,2782.2000,2782.0000,2781.6000,2781.4000,2781.0000,2783.0000,2783.2000,2783.6000,2783.8000,2784.0000,2,1,1,1,3,2,2,4,2,1
SF,IH2009,2020-06-11 09:32:35.200,2782.6000,17521,0,210454980.000,0,-,-,-,-,2782.6000,2782.0000,2781.6000,2781.4000,2781.0000,2782.8000,2783.0000,2783.2000,2783.6000,2783.8000,1,1,2,1,3,1,2,2,4,2
SF,IH2009,2020-06-11 09:32:35.700,2782.6000,17520,-1,211289760.000,1,0,1,双平,S,2782.0000,2781.6000,2781.4000,2781.0000,2780.4000,2783.0000,2783.2000,2783.6000,2783.8000,2784.0000,1,2,1,3,1,2,2,4,2,1
SF,IH2009,2020-06-11 09:32:36.200,2782.6000,17520,0,211289760.000,0,-,-,-,-,2782.2000,2782.0000,2781.6000,2781.4000,2781.0000,2783.0000,2783.2000,2783.6000,2783.8000,2784.0000,2,1,2,1,3,2,2,4,2,1
SF,IH2009,2020-06-11 09:32:36.700,2782.6000,17520,0,211289760.000,0,-,-,-,-,2782.2000,2782.0000,2781.6000,2781.4000,2781.0000,2783.0000,2783.2000,2783.6000,2783.8000,2784.0000,3,1,2,1,3,2,2,4,2,1
SF,IH2009,2020-06-11 09:32:37.200,2782.6000,17520,0,211289760.000,0,-,-,-,-,2782.2000,2782.0000,2781.6000,2781.4000,2781.0000,2783.0000,2783.2000,2783.6000,2783.8000,2784.0000,3,1,2,1,3,2,1,4,2,1
SF,IH2009,2020-06-11 09:32:37.700,2782.6000,17520,0,211289760.000,0,-,-,-,-,2782.2000,2782.0000,2781.6000,2781.4000,2781.0000,2783.0000,2783.2000,2783.6000,2783.8000,2784.0000,3,1,2,1,3,2,2,4,2,1
SF,IH2009,2020-06-11 09:32:38.200,2782.6000,17520,0,211289760.000,0,-,-,-,-,2782.2000,2782.0000,2781.6000,2781.4000,2781.0000,2782.8000,2783.0000,2783.2000,2783.6000,2783.8000,2,1,2,1,3,1,2,2,4,2
SF,IH2009,2020-06-11 09:32:38.700,2782.6000,17520,0,211289760.000,0,-,-,-,-,2782.0000,2781.6000,2781.4000,2781.0000,2780.4000,2782.8000,2783.0000,2783.2000,2783.6000,2783.8000,1,2,1,3,1,1,3,2,4,2
SF,IH2009,2020-06-11 09:32:39.200,2782.6000,17520,0,211289760.000,0,-,-,-,-,2782.2000,2782.0000,2781.6000,2781.4000,2781.0000,2783.0000,2783.2000,2783.6000,2783.8000,2784.0000,2,1,2,1,3,3,2,4,2,1
SF,IH2009,2020-06-11 09:32:39.700,2782.6000,17520,0,211289760.000,0,-,-,-,-,2782.2000,2782.0000,2781.6000,2781.4000,2781.0000,2782.8000,2783.0000,2783.2000,2783.6000,2783.8000,2,1,2,1,3,1,3,2,4,2
SF,IH2009,2020-06-11 09:32:40.200,2782.6000,17520,0,211289760.000,0,-,-,-,-,2782.0000,2781.6000,2781.4000,2781.0000,2780.4000,2782.8000,2783.0000,2783.2000,2783.6000,2783.8000,1,2,1,3,1,1,3,2,4,2
SF,IH2009,2020-06-11 09:32:40.700,2782.6000,17520,0,211289760.000,0,-,-,-,-,2782.0000,2781.6000,2781.4000,2781.0000,2780.4000,2782.2000,2782.8000,2783.0000,2783.2000,2783.6000,1,2,1,3,1,1,1,3,2,4
SF,IH2009,2020-06-11 09:32:41.200,2782.2000,17520,0,212124420.000,1,0,1,多换,S,2782.0000,2781.6000,2781.4000,2781.0000,2780.4000,2782.8000,2783.0000,2783.2000,2783.6000,2783.8000,1,2,1,3,1,2,3,2,4,2
SF,IH2009,2020-06-11 09:32:41.700,2782.8000,17519,-1,212959260.000,1,0,1,双平,S,2782.2000,2782.0000,2781.6000,2781.4000,2781.0000,2782.8000,2783.0000,2783.2000,2783.6000,2783.8000,1,1,2,1,3,1,3,2,4,2
SF,IH2009,2020-06-11 09:32:42.200,2782.8000,17519,0,212959260.000,0,-,-,-,-,2782.2000,2782.0000,2781.6000,2781.4000,2781.0000,2782.6000,2782.8000,2783.0000,2783.2000,2783.6000,3,1,2,1,3,1,1,3,2,4
SF,IH2009,2020-06-11 09:32:42.700,2782.2000,17519,0,213793920.000,1,0,1,多换,S,2782.2000,2782.0000,2781.6000,2781.4000,2781.0000,2782.6000,2782.8000,2783.0000,2783.2000,2783.6000,2,1,2,1,3,1,1,3,2,4
SF,IH2009,2020-06-11 09:32:43.200,2782.2000,17519,0,215463240.000,2,1,1,多换,S,2782.0000,2781.6000,2781.4000,2781.0000,2780.4000,2782.2000,2782.6000,2782.8000,2783.0000,2783.2000,1,2,1,3,1,2,1,1,3,2
SF,IH2009,2020-06-11 09:32:43.700,2782.2000,17519,0,215463240.000,0,-,-,-,-,2782.0000,2781.6000,2781.4000,2781.0000,2780.4000,2782.2000,2782.6000,2782.8000,2783.0000,2783.2000,1,2,1,3,1,1,1,1,3,2
SF,IH2009,2020-06-11 09:32:44.200,2782.2000,17518,-1,216297900.000,1,0,1,双平,S,2782.2000,2782.0000,2781.6000,2781.4000,2781.0000,2782.6000,2782.8000,2783.0000,2783.2000,2783.6000,1,2,2,1,3,1,1,3,2,4
SF,IH2009,2020-06-11 09:32:44.700,2782.2000,17518,0,216297900.000,0,-,-,-,-,2782.0000,2781.6000,2781.4000,2781.0000,2780.4000,2782.6000,2782.8000,2783.0000,2783.2000,2783.6000,2,2,1,3,1,1,1,3,2,4
SF,IH2009,2020-06-11 09:32:46.700,2782.0000,17517,-1,217132500.000,1,0,1,双平,S,2782.0000,2781.6000,2781.4000,2781.0000,2780.4000,2782.6000,2782.8000,2783.0000,2783.2000,2783.6000,1,2,1,3,1,1,1,3,2,4
SF,IH2009,2020-06-11 09:32:47.700,2782.0000,17517,0,217132500.000,0,-,-,-,-,2781.6000,2781.4000,2781.0000,2780.4000,2780.2000,2782.6000,2782.8000,2783.0000,2783.2000,2783.6000,2,1,3,1,1,1,1,3,2,4
SF,IH2009,2020-06-11 09:32:48.200,2782.0000,17517,0,217132500.000,0,-,-,-,-,2781.8000,2781.6000,2781.4000,2781.0000,2780.4000,2782.6000,2782.8000,2783.0000,2783.2000,2783.6000,1,2,1,3,1,1,1,3,2,4
SF,IH2009,2020-06-11 09:32:48.700,2782.0000,17517,0,217132500.000,0,-,-,-,-,2781.8000,2781.6000,2781.4000,2781.0000,2780.4000,2782.6000,2782.8000,2783.0000,2783.2000,2783.6000,2,2,1,3,1,1,1,3,2,4
SF,IH2009,2020-06-11 09:32:49.200,2782.0000,17517,0,217132500.000,0,-,-,-,-,2782.0000,2781.8000,2781.6000,2781.4000,2781.0000,2782.6000,2782.8000,2783.0000,2783.2000,2783.6000,1,2,2,1,3,1,1,3,2,4
SF,IH2009,2020-06-11 09:32:51.700,2782.6000,17516,-1,219636900.000,3,1,2,多平,S,2782.6000,2782.2000,2782.0000,2781.8000,2781.6000,2783.0000,2783.2000,2783.6000,2783.8000,2784.0000,4,1,1,1,2,3,1,4,2,1
SF,IH2009,2020-06-11 09:32:52.200,2783.0000,17516,0,220471800.000,1,0,1,多换,S,2783.0000,2782.6000,2782.0000,2781.6000,2781.4000,2783.2000,2783.6000,2783.8000,2784.0000,2784.2000,2,5,1,2,1,1,4,2,1,1
SF,IH2009,2020-06-11 09:32:52.700,2783.0000,17515,-1,221306700.000,1,0,1,双平,S,2783.0000,2782.6000,2782.0000,2781.6000,2781.4000,2783.2000,2783.6000,2783.8000,2784.0000,2784.2000,1,5,1,2,1,1,4,2,1,1
SF,IH2009,2020-06-11 09:32:53.200,2783.0000,17515,0,221306700.000,0,-,-,-,-,2783.0000,2782.6000,2782.0000,2781.6000,2781.4000,2783.2000,2783.6000,2783.8000,2784.0000,2784.2000,1,6,1,2,1,1,4,2,1,1
SF,IH2009,2020-06-11 09:32:53.700,2783.0000,17515,0,221306700.000,0,-,-,-,-,2783.0000,2782.6000,2782.2000,2782.0000,2781.6000,2783.2000,2783.6000,2783.8000,2784.0000,2784.2000,1,6,1,1,2,1,4,2,1,1
SF,IH2009,2020-06-11 09:32:54.200,2782.6000,17514,-1,224645940.000,4,1,3,多平,S,2782.6000,2782.2000,2782.0000,2781.6000,2781.4000,2783.2000,2783.6000,2783.8000,2784.0000,2784.2000,3,2,1,2,1,1,4,2,1,1
SF,IH2009,2020-06-11 09:32:54.700,2782.6000,17514,0,224645940.000,0,-,-,-,-,2782.6000,2782.2000,2782.0000,2781.6000,2781.4000,2782.8000,2783.2000,2783.6000,2783.8000,2784.0000,3,2,1,2,1,1,1,4,2,1
SF,IH2009,2020-06-11 09:32:55.200,2782.8000,17513,-1,225480780.000,1,0,1,双平,S,2782.8000,2782.6000,2782.4000,2782.2000,2782.0000,2783.2000,2783.6000,2783.8000,2784.0000,2784.2000,3,3,1,2,1,1,4,2,1,1
SF,IH2009,2020-06-11 09:32:55.700,2783.2000,17514,1,226315740.000,1,1,0,双开,S,2782.8000,2782.6000,2782.4000,2782.2000,2782.0000,2783.6000,2783.8000,2784.0000,2784.2000,2784.4000,2,3,1,2,1,1,2,1,1,3
SF,IH2009,2020-06-11 09:32:56.200,2783.2000,17514,0,226315740.000,0,-,-,-,-,2782.8000,2782.6000,2782.4000,2782.2000,2782.0000,2783.6000,2783.8000,2784.0000,2784.2000,2784.4000,2,3,1,2,1,1,2,1,1,3
SF,IH2009,2020-06-11 09:32:56.700,2783.2000,17514,0,226315740.000,0,-,-,-,-,2782.8000,2782.6000,2782.4000,2782.2000,2782.0000,2783.6000,2783.8000,2784.0000,2784.2000,2784.4000,2,2,1,2,2,1,2,1,1,3
SF,IH2009,2020-06-11 09:32:57.200,2783.2000,17514,0,226315740.000,0,-,-,-,-,2782.8000,2782.6000,2782.4000,2782.2000,2782.0000,2783.6000,2783.8000,2784.0000,2784.2000,2784.4000,2,2,1,2,2,1,1,1,1,3
SF,IH2009,2020-06-11 09:32:57.700,2783.8000,17513,-1,227150880.000,1,0,1,双平,S,2782.8000,2782.6000,2782.4000,2782.2000,2782.0000,2784.0000,2784.2000,2784.4000,2784.6000,2785.0000,2,2,1,2,2,1,1,3,1,1
SF,IH2009,2020-06-11 09:32:58.200,2783.8000,17513,0,227150880.000,0,-,-,-,-,2783.0000,2782.8000,2782.6000,2782.2000,2782.0000,2784.0000,2784.2000,2784.4000,2784.6000,2785.0000,4,2,2,2,2,1,1,3,1,1
SF,IH2009,2020-06-11 09:32:58.700,2783.8000,17513,0,227150880.000,0,-,-,-,-,2784.0000,2783.0000,2782.8000,2782.6000,2782.2000,2784.2000,2784.4000,2784.6000,2785.0000,2785.6000,2,4,2,2,2,1,3,1,1,1
SF,IH2009,2020-06-11 09:32:59.200,2784.0000,17513,0,227986080.000,1,0,1,多换,S,2784.0000,2783.0000,2782.8000,2782.6000,2782.2000,2784.2000,2784.4000,2784.6000,2785.0000,2785.6000,1,1,2,2,2,1,3,1,1,1
SF,IH2009,2020-06-11 09:32:59.700,2784.0000,17513,0,228821280.000,1,0,1,多换,S,2784.0000,2783.0000,2782.8000,2782.6000,2782.2000,2784.2000,2784.4000,2784.6000,2785.0000,2785.6000,1,1,2,2,2,1,3,1,1,1
SF,IH2009,2020-06-11 09:33:00.200,2784.0000,17513,0,229656480.000,1,0,1,多换,S,2783.0000,2782.8000,2782.6000,2782.2000,2782.0000,2784.0000,2784.2000,2784.4000,2784.6000,2785.0000,3,2,2,2,2,6,1,3,1,1
SF,IH2009,2020-06-11 09:33:00.700,2784.0000,17513,0,229656480.000,0,-,-,-,-,2783.0000,2782.8000,2782.6000,2782.2000,2782.0000,2784.0000,2784.2000,2784.4000,2784.6000,2785.0000,3,2,2,2,2,5,1,3,1,1
SF,IH2009,2020-06-11 09:33:01.200,2784.0000,17513,0,229656480.000,0,-,-,-,-,2783.2000,2783.0000,2782.8000,2782.6000,2782.2000,2784.0000,2784.2000,2784.4000,2784.6000,2785.0000,2,3,2,2,2,1,1,3,1,1
SF,IH2009,2020-06-11 09:33:01.700,2784.0000,17513,0,229656480.000,0,-,-,-,-,2783.2000,2783.0000,2782.8000,2782.6000,2782.2000,2784.0000,2784.2000,2784.4000,2784.6000,2785.0000,1,3,2,2,2,1,1,3,1,1
SF,IH2009,2020-06-11 09:33:02.200,2784.0000,17513,0,229656480.000,0,-,-,-,-,2783.0000,2782.8000,2782.6000,2782.2000,2782.0000,2784.0000,2784.2000,2784.4000,2784.6000,2785.0000,3,2,2,2,2,1,1,3,1,1
SF,IH2009,2020-06-11 09:33:02.700,2784.0000,17513,0,229656480.000,0,-,-,-,-,2783.4000,2783.2000,2783.0000,2782.8000,2782.6000,2784.2000,2784.4000,2784.6000,2785.0000,2785.6000,1,1,2,2,2,1,3,1,1,1
SF,IH2009,2020-06-11 09:33:03.200,2784.0000,17513,0,229656480.000,0,-,-,-,-,2783.4000,2783.2000,2783.0000,2782.8000,2782.6000,2784.2000,2784.6000,2785.0000,2785.6000,2786.0000,1,2,2,2,2,1,1,1,1,1
SF,IH2009,2020-06-11 09:33:03.700,2784.0000,17513,0,229656480.000,0,-,-,-,-,2783.4000,2783.0000,2782.8000,2782.6000,2782.2000,2784.2000,2784.6000,2785.0000,2785.6000,2786.0000,1,2,1,2,2,1,1,1,1,1
SF,IH2009,2020-06-11 09:33:04.700,2784.0000,17513,0,229656480.000,0,-,-,-,-,2783.0000,2782.8000,2782.6000,2782.2000,2782.0000,2783.4000,2784.0000,2784.2000,2784.6000,2785.0000,2,1,2,2,2,1,2,1,1,1
SF,IH2009,2020-06-11 09:33:05.200,2783.4000,17512,-1,230491500.000,1,0,1,双平,S,2783.0000,2782.8000,2782.6000,2782.2000,2782.0000,2784.0000,2784.2000,2784.6000,2785.0000,2785.6000,2,1,2,2,2,1,1,1,1,1
SF,IH2009,2020-06-11 09:33:05.700,2783.0000,17511,-1,231326400.000,1,0,1,双平,S,2783.0000,2782.8000,2782.6000,2782.2000,2782.0000,2784.0000,2784.2000,2784.6000,2785.0000,2785.6000,1,1,2,2,2,1,1,1,1,1
SF,IH2009,2020-06-11 09:33:06.200,2783.0000,17510,-1,232161300.000,1,0,1,双平,S,2782.8000,2782.6000,2782.2000,2782.0000,2781.6000,2784.0000,2784.2000,2784.6000,2785.0000,2785.6000,1,2,2,2,1,1,1,1,1,1
SF,IH2009,2020-06-11 09:33:06.700,2783.0000,17510,0,232161300.000,0,-,-,-,-,2782.8000,2782.6000,2782.2000,2782.0000,2781.6000,2784.0000,2784.2000,2784.6000,2785.0000,2785.6000,1,2,2,2,1,1,2,1,1,1
SF,IH2009,2020-06-11 09:33:07.700,2783.0000,17510,0,232161300.000,0,-,-,-,-,2783.0000,2782.8000,2782.6000,2782.2000,2782.0000,2784.0000,2784.2000,2784.6000,2785.0000,2785.6000,2,1,2,2,2,1,2,1,1,1
SF,IH2009,2020-06-11 09:33:08.200,2783.0000,17510,0,232161300.000,0,-,-,-,-,2783.0000,2782.8000,2782.6000,2782.2000,2782.0000,2784.0000,2784.2000,2784.6000,2785.0000,2785.6000,2,1,2,2,2,1,2,1,1,1
SF,IH2009,2020-06-11 09:33:08.700,2783.0000,17510,0,232161300.000,0,-,-,-,-,2783.0000,2782.8000,2782.6000,2782.2000,2782.0000,2784.0000,2784.2000,2784.6000,2785.0000,2785.6000,2,1,2,2,2,1,3,1,1,1
SF,IH2009,2020-06-11 09:33:09.700,2783.0000,17510,0,232161300.000,0,-,-,-,-,2783.0000,2782.8000,2782.6000,2782.2000,2782.0000,2783.8000,2784.0000,2784.2000,2784.6000,2785.0000,2,1,2,2,2,1,1,3,1,1
SF,IH2009,2020-06-11 09:33:10.200,2783.0000,17510,0,232161300.000,0,-,-,-,-,2783.0000,2782.8000,2782.6000,2782.2000,2782.0000,2784.0000,2784.2000,2784.6000,2785.0000,2785.6000,2,1,2,2,2,1,3,1,1,1
SF,IH2009,2020-06-11 09:33:11.700,2783.0000,17510,0,232161300.000,0,-,-,-,-,2783.0000,2782.8000,2782.6000,2782.2000,2782.0000,2784.0000,2784.2000,2784.6000,2785.0000,2785.6000,3,1,2,2,2,1,3,1,1,1
SF,IH2009,2020-06-11 09:33:12.200,2783.0000,17510,0,232161300.000,0,-,-,-,-,2783.0000,2782.8000,2782.6000,2782.2000,2782.0000,2783.4000,2783.8000,2784.0000,2784.2000,2784.6000,1,1,2,2,2,2,1,2,3,1
SF,IH2009,2020-06-11 09:33:12.700,2783.0000,17510,0,232161300.000,0,-,-,-,-,2783.0000,2782.8000,2782.6000,2782.2000,2782.0000,2783.4000,2784.0000,2784.2000,2784.6000,2785.0000,1,1,2,2,2,2,2,3,1,1
SF,IH2009,2020-06-11 09:33:16.200,2783.0000,17510,0,232161300.000,0,-,-,-,-,2783.0000,2782.8000,2782.6000,2782.2000,2782.0000,2783.4000,2784.0000,2784.2000,2784.6000,2785.0000,1,1,2,2,2,2,2,3,1,1
SF,IH2009,2020-06-11 09:33:19.700,2783.4000,17510,0,232996320.000,1,0,1,多换,S,2783.0000,2782.8000,2782.6000,2782.2000,2782.0000,2783.4000,2784.0000,2784.2000,2784.6000,2785.0000,1,1,2,2,2,1,2,3,1,1
SF,IH2009,2020-06-11 09:33:20.200,2783.0000,17511,1,234666120.000,2,1,1,空开,S,2782.8000,2782.6000,2782.2000,2782.0000,2781.4000,2783.0000,2783.4000,2784.0000,2784.2000,2784.6000,1,2,2,2,1,2,1,2,3,1
SF,IH2009,2020-06-11 09:33:20.700,2783.0000,17511,0,236335920.000,2,1,1,多换,S,2783.2000,2782.8000,2782.6000,2782.2000,2782.0000,2783.4000,2784.0000,2784.2000,2784.6000,2785.0000,3,1,2,2,2,1,2,3,1,1
SF,IH2009,2020-06-11 09:33:21.200,2783.2000,17511,0,237170880.000,1,0,1,多换,S,2783.2000,2783.0000,2782.8000,2782.6000,2782.2000,2783.4000,2784.0000,2784.2000,2784.6000,2785.0000,2,2,1,2,2,1,2,3,1,1
SF,IH2009,2020-06-11 09:33:21.700,2783.2000,17512,1,238840800.000,2,1,1,空开,S,2783.0000,2782.8000,2782.6000,2782.2000,2782.0000,2783.2000,2783.4000,2784.0000,2784.2000,2784.6000,2,1,2,2,2,2,1,2,3,1
SF,IH2009,2020-06-11 09:33:22.200,2783.2000,17512,0,238840800.000,0,-,-,-,-,2783.0000,2782.8000,2782.6000,2782.2000,2782.0000,2783.4000,2784.0000,2784.2000,2784.6000,2785.0000,2,1,2,2,2,1,2,3,1,1
SF,IH2009,2020-06-11 09:33:24.200,2783.0000,17514,2,240510600.000,2,2,0,双开,S,2782.8000,2782.6000,2782.2000,2782.0000,2781.8000,2783.0000,2783.2000,2783.4000,2784.0000,2784.2000,1,2,2,2,1,2,2,2,2,3
SF,IH2009,2020-06-11 09:33:24.700,2783.0000,17515,1,241345500.000,1,1,0,双开,S,2782.6000,2782.2000,2782.0000,2781.8000,2781.4000,2782.8000,2783.0000,2783.2000,2783.4000,2784.0000,2,2,2,1,1,1,2,3,2,2
SF,IH2009,2020-06-11 09:33:25.200,2782.8000,17515,0,242180340.000,1,0,1,多换,S,2782.6000,2782.2000,2782.0000,2781.8000,2781.4000,2783.0000,2783.2000,2783.4000,2784.0000,2784.2000,2,2,2,1,1,2,3,2,2,3
SF,IH2009,2020-06-11 09:33:25.700,2782.8000,17515,0,242180340.000,0,-,-,-,-,2782.8000,2782.6000,2782.2000,2782.0000,2781.8000,2783.2000,2783.4000,2784.0000,2784.2000,2784.6000,1,2,2,2,1,2,2,2,3,1
SF,IH2009,2020-06-11 09:33:26.200,2783.2000,17515,0,243015300.000,1,0,1,多换,S,2782.8000,2782.6000,2782.2000,2782.0000,2781.8000,2783.2000,2783.4000,2784.0000,2784.2000,2784.6000,1,2,2,2,1,1,2,2,3,1
SF,IH2009,2020-06-11 09:33:26.700,2783.4000,17515,0,245520300.000,3,1,2,多换,S,2783.2000,2782.6000,2782.2000,2782.0000,2781.8000,2784.0000,2784.2000,2784.6000,2785.0000,2786.0000,2,2,2,2,1,2,3,1,1,1
SF,IH2009,2020-06-11 09:33:27.200,2783.4000,17515,0,245520300.000,0,-,-,-,-,2783.2000,2782.6000,2782.2000,2782.0000,2781.8000,2783.8000,2784.0000,2784.2000,2784.6000,2785.0000,1,2,2,3,1,2,2,3,1,1
SF,IH2009,2020-06-11 09:33:27.700,2783.4000,17515,0,245520300.000,0,-,-,-,-,2783.2000,2782.6000,2782.2000,2782.0000,2781.8000,2783.6000,2783.8000,2784.0000,2784.2000,2784.6000,1,2,2,3,1,1,2,2,3,1
SF,IH2009,2020-06-11 09:33:28.200,2783.4000,17515,0,245520300.000,0,-,-,-,-,2782.6000,2782.2000,2782.0000,2781.8000,2781.4000,2783.6000,2783.8000,2784.0000,2784.2000,2784.6000,2,2,3,1,1,1,2,2,3,1
SF,IH2009,2020-06-11 09:33:28.700,2783.4000,17515,0,245520300.000,0,-,-,-,-,2782.8000,2782.6000,2782.2000,2782.0000,2781.8000,2783.4000,2783.8000,2784.0000,2784.2000,2784.6000,1,2,2,3,1,1,2,2,3,1
SF,IH2009,2020-06-11 09:33:29.200,2783.4000,17515,0,245520300.000,0,-,-,-,-,2783.0000,2782.8000,2782.6000,2782.2000,2782.0000,2783.8000,2784.0000,2784.2000,2784.6000,2785.0000,1,1,2,2,3,2,2,3,1,1
SF,IH2009,2020-06-11 09:33:29.700,2783.4000,17515,0,245520300.000,0,-,-,-,-,2783.0000,2782.6000,2782.2000,2782.0000,2781.8000,2783.6000,2783.8000,2784.0000,2784.2000,2784.6000,1,2,2,3,1,3,2,2,3,1
SF,IH2009,2020-06-11 09:33:30.200,2783.0000,17515,0,246355200.000,1,0,1,多换,S,2782.6000,2782.2000,2782.0000,2781.8000,2781.4000,2783.8000,2784.0000,2784.2000,2784.6000,2785.0000,2,2,3,1,1,2,2,3,1,1
SF,IH2009,2020-06-11 09:33:30.700,2783.0000,17515,0,246355200.000,0,-,-,-,-,2782.6000,2782.2000,2782.0000,2781.8000,2781.4000,2783.6000,2783.8000,2784.0000,2784.2000,2784.6000,2,2,3,1,1,2,2,2,3,1
SF,IH2009,2020-06-11 09:33:31.200,2783.0000,17515,0,246355200.000,0,-,-,-,-,2782.6000,2782.2000,2782.0000,2781.8000,2781.4000,2783.4000,2783.6000,2783.8000,2784.0000,2784.2000,2,2,3,1,1,1,3,2,2,3
SF,IH2009,2020-06-11 09:33:31.700,2783.0000,17515,0,246355200.000,0,-,-,-,-,2782.6000,2782.2000,2782.0000,2781.8000,2781.4000,2783.2000,2783.4000,2783.6000,2783.8000,2784.0000,2,2,3,1,1,2,3,2,2,3
SF,IH2009,2020-06-11 09:33:32.200,2783.0000,17515,0,246355200.000,0,-,-,-,-,2782.6000,2782.2000,2782.0000,2781.8000,2781.4000,2783.2000,2783.4000,2783.6000,2783.8000,2784.0000,2,2,3,1,1,2,2,2,2,3
SF,IH2009,2020-06-11 09:33:32.700,2783.0000,17515,0,246355200.000,0,-,-,-,-,2782.6000,2782.2000,2782.0000,2781.8000,2781.4000,2783.2000,2783.4000,2783.6000,2783.8000,2784.0000,2,2,3,1,1,3,2,2,2,3
SF,IH2009,2020-06-11 09:33:33.200,2783.0000,17515,0,246355200.000,0,-,-,-,-,2782.6000,2782.2000,2782.0000,2781.8000,2781.4000,2783.4000,2783.6000,2783.8000,2784.0000,2784.2000,2,2,3,1,1,2,2,2,3,3
SF,IH2009,2020-06-11 09:33:33.700,2783.0000,17515,0,246355200.000,0,-,-,-,-,2782.6000,2782.2000,2782.0000,2781.8000,2781.4000,2783.2000,2783.4000,2783.6000,2783.8000,2784.0000,2,2,3,1,1,2,2,2,2,3
SF,IH2009,2020-06-11 09:33:34.200,2783.0000,17515,0,246355200.000,0,-,-,-,-,2782.6000,2782.2000,2782.0000,2781.8000,2781.4000,2783.0000,2783.4000,2783.6000,2783.8000,2784.0000,2,1,3,1,1,1,2,2,2,3
SF,IH2009,2020-06-11 09:33:35.200,2782.6000,17514,-1,247189980.000,1,0,1,双平,S,2782.2000,2782.0000,2781.8000,2781.4000,2781.2000,2783.0000,2783.4000,2783.6000,2783.8000,2784.0000,1,3,1,1,1,1,2,2,2,3
SF,IH2009,2020-06-11 09:33:36.200,2782.6000,17514,0,247189980.000,0,-,-,-,-,2782.2000,2782.0000,2781.8000,2781.4000,2781.2000,2783.0000,2783.2000,2783.4000,2783.6000,2783.8000,1,3,1,1,1,1,1,1,2,2
SF,IH2009,2020-06-11 09:33:36.700,2782.6000,17514,0,247189980.000,0,-,-,-,-,2782.2000,2782.0000,2781.8000,2781.4000,2781.2000,2782.8000,2783.0000,2783.2000,2783.4000,2783.6000,1,3,1,1,1,2,1,1,1,2
SF,IH2009,2020-06-11 09:33:37.200,2782.8000,17514,0,248859600.000,2,1,1,多换,S,2782.2000,2782.0000,2781.8000,2781.4000,2781.2000,2782.8000,2783.0000,2783.2000,2783.4000,2783.6000,1,3,1,1,1,1,1,1,1,2
SF,IH2009,2020-06-11 09:33:37.700,2782.8000,17514,0,248859600.000,0,-,-,-,-,2782.2000,2782.0000,2781.8000,2781.4000,2781.2000,2782.6000,2783.0000,2783.2000,2783.4000,2783.6000,1,3,1,1,1,1,1,1,1,2
SF,IH2009,2020-06-11 09:33:38.200,2782.2000,17513,-1,249694260.000,1,0,1,双平,S,2782.0000,2781.8000,2781.4000,2781.2000,2781.0000,2783.0000,2783.2000,2783.4000,2783.6000,2783.8000,3,1,1,1,2,1,1,1,2,2
SF,IH2009,2020-06-11 09:33:38.700,2782.2000,17513,0,249694260.000,0,-,-,-,-,2782.0000,2781.8000,2781.4000,2781.2000,2781.0000,2782.8000,2783.0000,2783.2000,2783.4000,2783.6000,3,1,1,1,2,2,1,1,1,2
SF,IH2009,2020-06-11 09:33:40.200,2782.0000,17512,-1,252198060.000,3,1,2,多平,S,2781.8000,2781.4000,2781.2000,2781.0000,2780.2000,2782.8000,2783.0000,2783.2000,2783.4000,2783.6000,1,1,1,2,1,3,1,1,1,2
SF,IH2009,2020-06-11 09:33:40.700,2782.0000,17512,0,252198060.000,0,-,-,-,-,2781.8000,2781.4000,2781.2000,2781.0000,2780.2000,2782.6000,2782.8000,2783.0000,2783.2000,2783.4000,1,1,1,2,1,1,3,1,1,1
SF,IH2009,2020-06-11 09:33:41.200,2782.0000,17512,0,252198060.000,0,-,-,-,-,2781.8000,2781.4000,2781.2000,2781.0000,2780.2000,2782.4000,2782.8000,2783.0000,2783.2000,2783.4000,1,1,1,2,1,1,3,1,1,1
SF,IH2009,2020-06-11 09:33:41.700,2781.8000,17512,0,253032600.000,1,0,1,多换,S,2781.4000,2781.2000,2781.0000,2780.2000,2780.0000,2781.8000,2782.4000,2782.8000,2783.0000,2783.2000,1,1,2,1,3,1,1,3,1,1
SF,IH2009,2020-06-11 09:33:42.200,2781.8000,17514,2,254701680.000,2,2,0,双开,S,2781.8000,2781.4000,2781.2000,2781.0000,2780.2000,2782.4000,2782.8000,2783.0000,2783.2000,2783.4000,3,1,1,2,1,1,3,1,1,1
SF,IH2009,2020-06-11 09:33:42.700,2781.8000,17514,0,254701680.000,0,-,-,-,-,2781.8000,2781.4000,2781.2000,2781.0000,2780.2000,2782.8000,2783.0000,2783.2000,2783.4000,2783.6000,1,1,1,2,1,3,1,1,1,2
SF,IH2009,2020-06-11 09:33:43.200,2781.8000,17514,0,254701680.000,0,-,-,-,-,2781.8000,2781.4000,2781.2000,2781.0000,2780.0000,2782.6000,2782.8000,2783.0000,2783.2000,2783.4000,1,1,1,2,3,1,3,1,1,1
SF,IH2009,2020-06-11 09:33:43.700,2781.8000,17514,0,254701680.000,0,-,-,-,-,2781.8000,2781.4000,2781.2000,2781.0000,2780.0000,2782.6000,2782.8000,2783.0000,2783.2000,2783.4000,1,1,1,2,3,1,2,1,1,1
SF,IH2009,2020-06-11 09:33:44.200,2781.8000,17514,0,254701680.000,0,-,-,-,-,2781.8000,2781.4000,2781.2000,2781.0000,2780.0000,2782.6000,2782.8000,2783.0000,2783.2000,2783.4000,2,1,1,2,3,1,2,1,1,1
SF,IH2009,2020-06-11 09:33:45.700,2781.8000,17513,-1,255536220.000,1,0,1,双平,S,2781.8000,2781.4000,2781.2000,2781.0000,2780.0000,2782.6000,2782.8000,2783.0000,2783.2000,2783.4000,1,1,1,2,3,1,2,1,1,1
SF,IH2009,2020-06-11 09:33:46.200,2781.8000,17513,0,256370760.000,1,0,1,多换,S,2781.4000,2781.2000,2781.0000,2780.0000,2779.6000,2782.4000,2782.6000,2782.8000,2783.0000,2783.2000,1,1,2,3,1,1,1,2,1,1
SF,IH2009,2020-06-11 09:33:46.700,2781.8000,17513,0,256370760.000,0,-,-,-,-,2781.4000,2781.2000,2781.0000,2780.0000,2779.6000,2782.4000,2782.6000,2782.8000,2783.0000,2783.2000,1,1,2,3,1,1,1,2,1,1
SF,IH2009,2020-06-11 09:33:47.200,2781.8000,17513,0,256370760.000,0,-,-,-,-,2781.6000,2781.4000,2781.2000,2781.0000,2780.0000,2782.4000,2782.6000,2782.8000,2783.0000,2783.2000,1,1,1,2,3,1,1,2,1,1
SF,IH2009,2020-06-11 09:33:48.200,2781.8000,17513,0,256370760.000,0,-,-,-,-,2781.4000,2781.2000,2781.0000,2780.0000,2779.6000,2782.4000,2782.6000,2782.8000,2783.2000,2783.4000,1,1,2,3,1,1,1,2,1,1
SF,IH2009,2020-06-11 09:33:48.700,2781.8000,17513,0,256370760.000,0,-,-,-,-,2781.4000,2781.2000,2781.0000,2780.0000,2779.6000,2782.2000,2782.4000,2782.6000,2782.8000,2783.2000,1,1,2,3,1,1,1,1,2,1
SF,IH2009,2020-06-11 09:33:49.200,2781.8000,17513,0,256370760.000,0,-,-,-,-,2781.4000,2781.2000,2781.0000,2780.0000,2779.6000,2782.2000,2782.4000,2782.6000,2782.8000,2783.2000,1,1,2,3,1,1,1,1,2,1
SF,IH2009,2020-06-11 09:33:50.700,2781.8000,17513,0,256370760.000,0,-,-,-,-,2781.4000,2781.2000,2781.0000,2780.0000,2779.6000,2782.0000,2782.2000,2782.4000,2782.6000,2782.8000,1,1,2,3,1,1,1,1,1,2
SF,IH2009,2020-06-11 09:33:51.200,2781.8000,17513,0,256370760.000,0,-,-,-,-,2781.4000,2781.2000,2781.0000,2780.0000,2779.6000,2782.2000,2782.4000,2782.6000,2782.8000,2783.2000,1,1,2,3,1,1,1,1,2,1
SF,IH2009,2020-06-11 09:33:52.700,2781.8000,17513,0,256370760.000,0,-,-,-,-,2781.4000,2781.2000,2781.0000,2780.0000,2779.6000,2782.0000,2782.2000,2782.4000,2782.6000,2782.8000,1,1,2,3,1,2,1,1,1,2
SF,IH2009,2020-06-11 09:33:53.200,2781.8000,17513,0,256370760.000,0,-,-,-,-,2781.4000,2781.2000,2781.0000,2780.0000,2779.6000,2781.8000,2782.0000,2782.2000,2782.6000,2782.8000,1,1,2,3,1,1,2,1,1,2
SF,IH2009,2020-06-11 09:33:53.700,2781.8000,17513,0,256370760.000,0,-,-,-,-,2781.4000,2781.2000,2781.0000,2780.8000,2780.0000,2781.8000,2782.0000,2782.2000,2782.6000,2782.8000,1,1,2,1,3,1,2,1,1,1
SF,IH2009,2020-06-11 09:33:54.200,2781.8000,17513,0,256370760.000,0,-,-,-,-,2781.4000,2781.2000,2781.0000,2780.8000,2780.0000,2781.8000,2782.0000,2782.2000,2782.6000,2782.8000,1,1,2,1,3,1,2,1,1,1
SF,IH2009,2020-06-11 09:33:55.700,2781.4000,17513,0,257205180.000,1,0,1,多换,S,2781.2000,2781.0000,2780.8000,2780.0000,2779.6000,2781.6000,2781.8000,2782.0000,2782.2000,2782.6000,1,2,1,3,1,1,2,2,1,1
SF,IH2009,2020-06-11 09:33:56.200,2781.4000,17513,0,257205180.000,0,-,-,-,-,2781.6000,2781.2000,2781.0000,2780.8000,2780.0000,2781.8000,2782.0000,2782.2000,2782.6000,2782.8000,2,1,2,1,3,1,2,1,1,1
SF,IH2009,2020-06-11 09:33:56.700,2781.8000,17513,0,258039720.000,1,0,1,多换,S,2781.2000,2781.0000,2780.8000,2780.0000,2779.6000,2782.0000,2782.2000,2782.6000,2782.8000,2783.4000,1,2,1,3,1,2,1,1,1,1
SF,IH2009,2020-06-11 09:33:57.200,2781.8000,17513,0,258039720.000,0,-,-,-,-,2781.2000,2781.0000,2780.8000,2780.0000,2779.6000,2782.0000,2782.2000,2782.6000,2782.8000,2783.4000,1,2,1,3,1,1,1,1,1,1
SF,IH2009,2020-06-11 09:33:57.700,2781.2000,17512,-1,258874080.000,1,0,1,双平,S,2781.0000,2780.8000,2780.0000,2779.6000,2779.2000,2781.2000,2781.4000,2782.0000,2782.2000,2782.6000,2,1,3,1,2,1,1,1,1,1
SF,IH2009,2020-06-11 09:33:58.200,2781.4000,17510,-2,260542860.000,2,0,2,双平,S,2781.2000,2781.0000,2780.8000,2780.0000,2779.6000,2782.0000,2782.2000,2782.6000,2782.8000,2783.4000,6,2,1,3,1,1,1,1,1,1
SF,IH2009,2020-06-11 09:33:58.700,2781.2000,17509,-1,261377220.000,1,0,1,双平,S,2781.2000,2781.0000,2780.8000,2780.0000,2779.6000,2781.8000,2782.0000,2782.2000,2782.6000,2782.8000,3,2,1,3,1,1,1,1,1,1
SF,IH2009,2020-06-11 09:33:59.200,2781.2000,17509,0,261377220.000,0,-,-,-,-,2781.0000,2780.8000,2780.0000,2779.6000,2779.2000,2781.8000,2782.0000,2782.2000,2782.6000,2782.8000,2,1,3,1,2,1,1,1,1,1
SF,IH2009,2020-06-11 09:33:59.700,2781.2000,17509,0,261377220.000,0,-,-,-,-,2781.0000,2780.8000,2780.0000,2779.6000,2779.2000,2782.0000,2782.2000,2782.6000,2782.8000,2783.4000,2,1,3,1,2,1,1,1,1,1
SF,IH2009,2020-06-11 09:34:00.200,2781.2000,17509,0,261377220.000,0,-,-,-,-,2781.2000,2781.0000,2780.8000,2780.0000,2779.6000,2781.8000,2782.0000,2782.2000,2782.6000,2782.8000,1,2,1,3,1,1,1,1,1,1
SF,IH2009,2020-06-11 09:34:01.700,2781.6000,17508,-1,262211700.000,1,0,1,双平,S,2781.2000,2781.0000,2780.8000,2780.0000,2779.6000,2781.6000,2781.8000,2782.0000,2782.2000,2782.6000,1,2,1,3,1,2,2,1,1,1
SF,IH2009,2020-06-11 09:34:02.200,2781.6000,17508,0,262211700.000,0,-,-,-,-,2781.0000,2780.8000,2780.0000,2779.6000,2779.2000,2781.8000,2782.0000,2782.2000,2782.6000,2782.8000,2,1,3,1,2,1,1,1,1,1
SF,IH2009,2020-06-11 09:34:02.700,2781.6000,17508,0,262211700.000,0,-,-,-,-,2781.0000,2780.8000,2780.0000,2779.6000,2779.2000,2781.8000,2782.0000,2782.2000,2782.6000,2782.8000,2,1,3,1,2,1,1,1,1,1
SF,IH2009,2020-06-11 09:34:03.200,2781.6000,17508,0,262211700.000,0,-,-,-,-,2781.0000,2780.8000,2780.0000,2779.6000,2779.2000,2781.8000,2782.0000,2782.2000,2782.6000,2782.8000,2,1,3,1,2,1,2,1,1,1
SF,IH2009,2020-06-11 09:34:04.200,2781.6000,17508,0,262211700.000,0,-,-,-,-,2781.0000,2780.8000,2780.0000,2779.6000,2779.2000,2781.8000,2782.0000,2782.2000,2782.6000,2782.8000,2,1,3,1,2,1,2,1,1,1
SF,IH2009,2020-06-11 09:34:05.700,2781.8000,17507,-1,263046240.000,1,0,1,双平,S,2781.0000,2780.8000,2780.0000,2779.6000,2779.2000,2782.0000,2782.2000,2782.6000,2782.8000,2783.4000,2,1,3,1,2,2,1,1,1,1
SF,IH2009,2020-06-11 09:34:06.200,2781.8000,17507,0,263046240.000,0,-,-,-,-,2781.2000,2781.0000,2780.8000,2780.0000,2779.6000,2782.0000,2782.6000,2782.8000,2783.4000,2783.6000,1,2,1,3,1,2,1,1,1,2
SF,IH2009,2020-06-11 09:34:06.700,2781.8000,17507,0,263046240.000,0,-,-,-,-,2781.2000,2781.0000,2780.8000,2780.0000,2779.6000,2782.0000,2782.6000,2782.8000,2783.4000,2783.6000,1,2,1,3,1,2,1,1,1,2
SF,IH2009,2020-06-11 09:34:07.700,2781.8000,17507,0,263046240.000,0,-,-,-,-,2781.2000,2781.0000,2780.8000,2780.0000,2779.6000,2782.0000,2782.6000,2782.8000,2783.4000,2783.6000,1,2,1,3,1,2,1,1,1,2
SF,IH2009,2020-06-11 09:34:09.200,2781.8000,17507,0,263046240.000,0,-,-,-,-,2781.2000,2781.0000,2780.8000,2780.0000,2779.6000,2782.0000,2782.6000,2782.8000,2783.4000,2783.6000,1,3,1,3,1,2,1,1,1,2
SF,IH2009,2020-06-11 09:34:09.700,2781.8000,17507,0,263046240.000,0,-,-,-,-,2781.2000,2781.0000,2780.8000,2780.0000,2779.6000,2782.0000,2782.6000,2782.8000,2783.4000,2783.6000,1,4,1,3,1,2,1,1,1,2
SF,IH2009,2020-06-11 09:34:12.200,2781.8000,17507,0,263046240.000,0,-,-,-,-,2781.2000,2781.0000,2780.8000,2780.0000,2779.6000,2782.0000,2782.6000,2782.8000,2783.4000,2783.6000,1,4,1,3,1,2,1,1,1,2
SF,IH2009,2020-06-11 09:34:14.700,2781.8000,17507,0,263046240.000,0,-,-,-,-,2781.2000,2781.0000,2780.8000,2780.0000,2779.6000,2782.0000,2782.6000,2782.8000,2783.4000,2783.6000,1,4,1,3,1,2,1,1,1,2
SF,IH2009,2020-06-11 09:34:17.700,2782.0000,17506,-1,264715440.000,2,0,2,多平,S,2781.2000,2781.0000,2780.8000,2780.0000,2779.6000,2782.6000,2782.8000,2783.4000,2783.6000,2783.8000,1,4,1,3,1,1,1,1,2,2
SF,IH2009,2020-06-11 09:34:18.200,2782.0000,17506,0,264715440.000,0,-,-,-,-,2782.0000,2781.2000,2781.0000,2780.8000,2780.0000,2782.4000,2782.6000,2782.8000,2783.4000,2783.6000,1,1,5,1,3,1,1,1,1,2
SF,IH2009,2020-06-11 09:34:18.700,2782.0000,17506,0,264715440.000,0,-,-,-,-,2782.0000,2781.2000,2781.0000,2780.8000,2780.0000,2782.6000,2782.8000,2783.4000,2783.6000,2783.8000,1,1,5,1,3,1,1,1,2,2
SF,IH2009,2020-06-11 09:34:19.700,2782.0000,17506,0,265550040.000,1,0,1,多换,S,2781.2000,2781.0000,2780.8000,2780.0000,2779.6000,2782.6000,2782.8000,2783.4000,2783.6000,2783.8000,1,5,1,3,1,1,1,1,2,2
SF,IH2009,2020-06-11 09:34:20.200,2782.0000,17506,0,265550040.000,0,-,-,-,-,2781.4000,2781.2000,2781.0000,2780.8000,2780.0000,2782.6000,2782.8000,2783.4000,2783.6000,2783.8000,3,1,5,1,3,1,1,1,2,2
SF,IH2009,2020-06-11 09:34:20.700,2782.0000,17506,0,265550040.000,0,-,-,-,-,2781.6000,2781.4000,2781.2000,2781.0000,2780.8000,2782.8000,2783.4000,2783.6000,2783.8000,2784.0000,2,2,1,5,1,1,1,2,2,2
SF,IH2009,2020-06-11 09:34:21.200,2782.0000,17506,0,265550040.000,0,-,-,-,-,2781.6000,2781.4000,2781.2000,2781.0000,2780.8000,2782.8000,2783.4000,2783.6000,2783.8000,2784.0000,2,1,1,5,1,1,1,2,2,2
SF,IH2009,2020-06-11 09:34:21.700,2782.0000,17506,0,265550040.000,0,-,-,-,-,2781.8000,2781.4000,2781.2000,2781.0000,2780.8000,2782.8000,2783.4000,2783.6000,2783.8000,2784.0000,2,1,1,5,1,1,1,2,2,2
SF,IH2009,2020-06-11 09:34:22.200,2782.8000,17506,0,266384880.000,1,0,1,多换,S,2781.8000,2781.4000,2781.2000,2781.0000,2780.8000,2783.4000,2784.0000,2784.2000,2784.8000,2786.0000,2,1,1,5,1,1,2,1,1,2
SF,IH2009,2020-06-11 09:34:22.700,2782.8000,17506,0,266384880.000,0,-,-,-,-,2782.0000,2781.8000,2781.4000,2781.2000,2781.0000,2783.4000,2784.0000,2784.2000,2784.8000,2786.0000,1,2,1,1,6,1,2,1,1,2
SF,IH2009,2020-06-11 09:34:23.200,2782.8000,17506,0,266384880.000,0,-,-,-,-,2781.4000,2781.2000,2781.0000,2780.8000,2780.0000,2782.8000,2783.2000,2783.4000,2784.0000,2784.2000,1,1,6,1,3,1,1,1,2,1
SF,IH2009,2020-06-11 09:34:23.700,2782.8000,17505,-1,267219720.000,1,0,1,双平,S,2781.8000,2781.6000,2781.4000,2781.2000,2781.0000,2783.4000,2784.0000,2784.2000,2784.8000,2786.0000,1,3,1,1,6,1,2,1,1,2
SF,IH2009,2020-06-11 09:34:24.200,2782.8000,17505,0,267219720.000,0,-,-,-,-,2782.0000,2781.8000,2781.4000,2781.2000,2781.0000,2783.4000,2784.0000,2784.2000,2784.8000,2786.0000,3,1,1,1,6,1,2,1,1,2
SF,IH2009,2020-06-11 09:34:24.700,2782.8000,17505,0,267219720.000,0,-,-,-,-,2782.0000,2781.4000,2781.2000,2781.0000,2780.8000,2784.0000,2784.2000,2784.8000,2786.0000,2787.4000,3,1,1,6,1,2,1,1,2,3
SF,IH2009,2020-06-11 09:34:25.200,2782.8000,17505,0,267219720.000,0,-,-,-,-,2782.2000,2782.0000,2781.2000,2781.0000,2780.8000,2783.8000,2784.0000,2784.2000,2784.8000,2786.0000,1,1,1,6,1,2,2,1,1,2
SF,IH2009,2020-06-11 09:34:25.700,2782.8000,17505,0,267219720.000,0,-,-,-,-,2782.4000,2782.2000,2781.2000,2781.0000,2780.8000,2783.8000,2784.0000,2784.2000,2784.8000,2786.0000,1,3,1,6,1,2,2,1,1,2
SF,IH2009,2020-06-11 09:34:26.200,2782.8000,17505,0,267219720.000,0,-,-,-,-,2783.4000,2782.2000,2781.2000,2781.0000,2780.8000,2783.8000,2784.0000,2784.2000,2784.8000,2786.0000,1,3,1,6,1,2,2,1,1,2
SF,IH2009,2020-06-11 09:34:26.700,2783.4000,17505,0,268889760.000,2,1,1,多换,S,2783.8000,2782.2000,2781.2000,2781.0000,2780.8000,2784.0000,2784.2000,2784.8000,2786.0000,2787.4000,1,1,1,6,1,2,1,1,2,3
SF,IH2009,2020-06-11 09:34:27.200,2783.4000,17505,0,269724780.000,1,0,1,多换,S,2782.2000,2781.2000,2781.0000,2780.8000,2780.0000,2783.8000,2784.0000,2784.2000,2784.8000,2786.0000,1,1,6,1,3,9,2,1,1,2
SF,IH2009,2020-06-11 09:34:27.700,2783.4000,17505,0,269724780.000,0,-,-,-,-,2782.4000,2781.2000,2781.0000,2780.8000,2780.0000,2783.8000,2784.0000,2784.2000,2784.8000,2786.0000,3,1,6,1,3,2,2,1,1,2
SF,IH2009,2020-06-11 09:34:28.200,2782.6000,17505,0,270559560.000,1,0,1,多换,S,2782.4000,2781.2000,2781.0000,2780.8000,2780.0000,2783.8000,2784.0000,2784.2000,2784.8000,2786.0000,3,1,6,1,4,1,2,1,1,2
SF,IH2009,2020-06-11 09:34:29.200,2782.6000,17505,0,270559560.000,0,-,-,-,-,2782.4000,2781.2000,2781.0000,2780.8000,2780.0000,2784.0000,2784.2000,2784.8000,2786.0000,2787.4000,3,1,6,1,4,2,1,1,2,3
SF,IH2009,2020-06-11 09:34:30.200,2783.8000,17506,1,271394700.000,1,1,0,双开,S,2782.4000,2781.2000,2781.0000,2780.8000,2780.0000,2784.0000,2784.2000,2784.8000,2786.0000,2787.4000,3,1,6,1,4,2,1,1,2,3
SF,IH2009,2020-06-11 09:34:30.700,2783.8000,17506,0,271394700.000,0,-,-,-,-,2782.4000,2781.2000,2781.0000,2780.8000,2780.0000,2784.0000,2784.2000,2784.8000,2786.0000,2787.4000,1,1,6,1,4,2,1,1,2,3
SF,IH2009,2020-06-11 09:34:31.200,2783.8000,17506,0,271394700.000,0,-,-,-,-,2782.6000,2781.2000,2781.0000,2780.8000,2780.0000,2784.0000,2784.2000,2784.8000,2786.0000,2787.4000,1,1,6,1,4,2,1,1,2,3
SF,IH2009,2020-06-11 09:34:31.700,2783.8000,17506,0,271394700.000,0,-,-,-,-,2782.8000,2781.2000,2781.0000,2780.8000,2780.0000,2784.0000,2784.2000,2784.8000,2786.0000,2787.4000,1,1,6,1,4,2,1,1,2,3
SF,IH2009,2020-06-11 09:34:32.200,2783.8000,17506,0,271394700.000,0,-,-,-,-,2781.2000,2781.0000,2780.8000,2780.0000,2779.6000,2784.0000,2784.2000,2784.8000,2786.0000,2787.4000,1,6,1,4,1,2,1,1,2,3
SF,IH2009,2020-06-11 09:34:32.700,2783.8000,17506,0,271394700.000,0,-,-,-,-,2781.4000,2781.2000,2781.0000,2780.8000,2780.0000,2783.8000,2784.0000,2784.2000,2784.8000,2786.0000,4,1,6,1,4,6,2,1,1,2
SF,IH2009,2020-06-11 09:34:33.200,2783.8000,17506,0,271394700.000,0,-,-,-,-,2781.4000,2781.2000,2781.0000,2780.8000,2780.0000,2783.8000,2784.0000,2784.2000,2784.8000,2786.0000,3,1,6,1,4,6,2,1,1,2
SF,IH2009,2020-06-11 09:34:33.700,2783.8000,17506,0,271394700.000,0,-,-,-,-,2781.4000,2781.2000,2781.0000,2780.8000,2780.0000,2783.4000,2783.8000,2784.0000,2784.2000,2784.8000,3,1,6,1,4,1,6,2,1,1
SF,IH2009,2020-06-11 09:34:34.200,2783.8000,17506,0,271394700.000,0,-,-,-,-,2781.6000,2781.4000,2781.2000,2781.0000,2780.8000,2783.2000,2783.4000,2783.8000,2784.0000,2784.2000,5,1,1,6,1,1,1,5,2,1
SF,IH2009,2020-06-11 09:34:34.700,2783.8000,17506,0,271394700.000,0,-,-,-,-,2781.8000,2781.6000,2781.2000,2781.0000,2780.8000,2783.2000,2783.4000,2783.8000,2784.0000,2784.2000,2,3,1,6,1,1,1,4,2,1
SF,IH2009,2020-06-11 09:34:35.200,2783.8000,17506,0,271394700.000,0,-,-,-,-,2782.0000,2781.8000,2781.6000,2781.2000,2781.0000,2783.2000,2783.4000,2783.8000,2784.0000,2784.2000,1,2,2,1,6,1,1,3,2,1
SF,IH2009,2020-06-11 09:34:35.700,2783.8000,17506,0,271394700.000,0,-,-,-,-,2782.2000,2781.8000,2781.6000,2781.2000,2781.0000,2783.4000,2783.8000,2784.0000,2784.2000,2784.8000,1,1,2,1,6,1,3,2,1,1
SF,IH2009,2020-06-11 09:34:36.200,2783.8000,17506,0,271394700.000,0,-,-,-,-,2781.8000,2781.2000,2781.0000,2780.8000,2780.0000,2783.2000,2783.4000,2783.8000,2784.0000,2784.2000,1,1,6,1,4,1,2,3,2,1
SF,IH2009,2020-06-11 09:34:36.700,2783.8000,17506,0,271394700.000,0,-,-,-,-,2782.0000,2781.8000,2781.2000,2781.0000,2780.8000,2783.4000,2783.8000,2784.0000,2784.2000,2784.8000,1,1,1,6,1,2,2,2,1,1
SF,IH2009,2020-06-11 09:34:37.200,2783.8000,17506,0,271394700.000,0,-,-,-,-,2781.8000,2781.2000,2781.0000,2780.8000,2780.0000,2783.0000,2783.2000,2783.4000,2783.8000,2784.0000,1,1,6,1,4,1,1,2,2,2
SF,IH2009,2020-06-11 09:34:37.700,2781.8000,17507,1,273898380.000,3,2,1,空开,S,2781.2000,2781.0000,2780.8000,2780.0000,2779.6000,2781.4000,2783.0000,2783.4000,2783.8000,2784.0000,1,6,1,4,1,2,1,2,2,2
SF,IH2009,2020-06-11 09:34:38.200,2781.4000,17507,0,275567220.000,2,1,1,多换,S,2781.8000,2781.4000,2781.2000,2781.0000,2780.8000,2783.0000,2783.4000,2783.8000,2784.0000,2784.2000,6,7,1,6,1,1,2,2,2,1
SF,IH2009,2020-06-11 09:34:38.700,2781.4000,17507,0,275567220.000,0,-,-,-,-,2781.4000,2781.2000,2781.0000,2780.8000,2780.0000,2782.8000,2783.0000,2783.4000,2783.8000,2784.0000,4,1,6,1,4,1,1,2,3,2
SF,IH2009,2020-06-11 09:34:39.200,2781.4000,17507,0,275567220.000,0,-,-,-,-,2782.0000,2781.4000,2781.2000,2781.0000,2780.8000,2782.6000,2783.0000,2783.4000,2783.8000,2784.0000,1,4,1,6,1,1,1,2,3,2
SF,IH2009,2020-06-11 09:34:39.700,2781.4000,17507,0,275567220.000,0,-,-,-,-,2782.0000,2781.8000,2781.4000,2781.2000,2781.0000,2783.0000,2783.4000,2783.8000,2784.0000,2784.2000,1,2,4,1,6,1,2,3,2,1
SF,IH2009,2020-06-11 09:34:40.200,2781.4000,17507,0,275567220.000,0,-,-,-,-,2782.0000,2781.8000,2781.4000,2781.2000,2781.0000,2782.8000,2783.0000,2783.4000,2783.8000,2784.0000,1,2,4,1,6,1,1,2,3,2
SF,IH2009,2020-06-11 09:34:40.700,2781.4000,17507,0,275567220.000,0,-,-,-,-,2782.0000,2781.8000,2781.4000,2781.2000,2781.0000,2783.0000,2783.4000,2783.8000,2784.0000,2784.2000,1,2,4,1,6,1,1,3,2,1
SF,IH2009,2020-06-11 09:34:41.200,2781.4000,17507,0,275567220.000,0,-,-,-,-,2782.0000,2781.8000,2781.4000,2781.2000,2781.0000,2782.8000,2783.0000,2783.4000,2783.8000,2784.0000,1,2,4,1,6,1,1,1,2,2
SF,IH2009,2020-06-11 09:34:41.700,2781.4000,17507,0,275567220.000,0,-,-,-,-,2782.0000,2781.8000,2781.4000,2781.2000,2781.0000,2782.6000,2783.0000,2783.4000,2783.8000,2784.0000,1,2,4,1,6,1,1,1,2,2
SF,IH2009,2020-06-11 09:34:42.200,2781.4000,17507,0,275567220.000,0,-,-,-,-,2782.0000,2781.8000,2781.4000,2781.2000,2781.0000,2783.0000,2783.4000,2783.8000,2784.0000,2784.2000,1,2,4,1,6,1,1,2,2,1
SF,IH2009,2020-06-11 09:34:42.700,2781.4000,17507,0,275567220.000,0,-,-,-,-,2782.0000,2781.8000,2781.4000,2781.2000,2781.0000,2782.8000,2783.0000,2783.4000,2783.8000,2784.0000,1,2,4,1,6,1,1,1,2,2
SF,IH2009,2020-06-11 09:34:43.200,2781.4000,17507,0,275567220.000,0,-,-,-,-,2782.0000,2781.8000,2781.4000,2781.2000,2781.0000,2782.6000,2783.2000,2783.4000,2783.8000,2784.0000,2,2,4,1,6,1,1,1,2,2
SF,IH2009,2020-06-11 09:34:43.700,2781.4000,17507,0,275567220.000,0,-,-,-,-,2782.0000,2781.8000,2781.4000,2781.2000,2781.0000,2783.4000,2783.8000,2784.0000,2784.2000,2784.8000,2,2,4,1,6,1,2,2,1,1
SF,IH2009,2020-06-11 09:34:44.200,2781.4000,17507,0,275567220.000,0,-,-,-,-,2782.0000,2781.8000,2781.4000,2781.2000,2781.0000,2782.6000,2783.2000,2783.4000,2783.8000,2784.0000,2,2,4,1,6,1,8,1,2,2
SF,IH2009,2020-06-11 09:34:44.700,2781.4000,17507,0,275567220.000,0,-,-,-,-,2782.0000,2781.8000,2781.4000,2781.2000,2781.0000,2782.6000,2783.2000,2783.4000,2783.8000,2784.0000,2,2,4,1,5,1,1,1,2,2
SF,IH2009,2020-06-11 09:34:45.700,2781.4000,17507,0,275567220.000,0,-,-,-,-,2782.0000,2781.8000,2781.6000,2781.4000,2781.2000,2782.6000,2783.2000,2783.4000,2783.8000,2784.0000,2,2,1,4,1,1,1,1,2,2
SF,IH2009,2020-06-11 09:34:46.200,2781.4000,17507,0,275567220.000,0,-,-,-,-,2782.0000,2781.8000,2781.6000,2781.4000,2781.2000,2782.6000,2783.4000,2783.8000,2784.0000,2784.2000,2,2,1,4,1,1,1,2,2,1
SF,IH2009,2020-06-11 09:34:47.200,2781.4000,17507,0,275567220.000,0,-,-,-,-,2782.0000,2781.8000,2781.6000,2781.4000,2781.2000,2782.4000,2782.6000,2783.4000,2783.8000,2784.0000,2,2,1,4,1,1,1,1,2,2
SF,IH2009,2020-06-11 09:34:47.700,2781.4000,17507,0,275567220.000,0,-,-,-,-,2782.0000,2781.8000,2781.6000,2781.4000,2781.2000,2782.2000,2783.4000,2783.8000,2784.0000,2784.2000,2,2,1,4,1,1,1,1,2,1
SF,IH2009,2020-06-11 09:34:48.200,2781.4000,17507,0,275567220.000,0,-,-,-,-,2782.0000,2781.8000,2781.6000,2781.4000,2781.2000,2783.4000,2783.8000,2784.0000,2784.2000,2784.8000,2,2,1,3,1,1,1,2,1,1
SF,IH2009,2020-06-11 09:34:48.700,2781.4000,17507,0,275567220.000,0,-,-,-,-,2782.0000,2781.8000,2781.6000,2781.4000,2781.2000,2783.0000,2783.2000,2783.4000,2783.8000,2784.0000,2,3,1,3,1,1,6,1,1,2
SF,IH2009,2020-06-11 09:34:49.200,2781.4000,17507,0,275567220.000,0,-,-,-,-,2782.0000,2781.8000,2781.6000,2781.4000,2781.2000,2782.8000,2783.0000,2783.4000,2783.8000,2784.0000,2,3,1,3,1,1,1,1,1,2
SF,IH2009,2020-06-11 09:34:49.700,2781.4000,17507,0,275567220.000,0,-,-,-,-,2782.0000,2781.8000,2781.6000,2781.4000,2781.2000,2782.6000,2783.0000,2783.2000,2783.4000,2783.8000,1,3,2,3,1,1,1,1,1,1
SF,IH2009,2020-06-11 09:34:50.200,2781.4000,17507,0,275567220.000,0,-,-,-,-,2782.0000,2781.8000,2781.6000,2781.4000,2781.2000,2782.4000,2783.0000,2783.4000,2783.8000,2784.0000,1,3,2,3,6,1,1,1,1,2
SF,IH2009,2020-06-11 09:34:50.700,2782.4000,17507,0,276401940.000,1,0,1,多换,S,2782.0000,2781.8000,2781.6000,2781.4000,2781.2000,2783.0000,2783.4000,2783.8000,2784.0000,2784.2000,1,3,2,3,6,1,1,1,2,1
SF,IH2009,2020-06-11 09:34:51.200,2782.4000,17507,0,276401940.000,0,-,-,-,-,2782.0000,2781.8000,2781.6000,2781.4000,2781.2000,2783.0000,2783.2000,2783.4000,2783.8000,2784.0000,1,3,2,3,6,1,1,1,1,2
SF,IH2009,2020-06-11 09:34:52.700,2782.0000,17507,0,277236540.000,1,0,1,多换,S,2781.8000,2781.6000,2781.4000,2781.2000,2781.0000,2782.0000,2782.8000,2783.0000,2783.2000,2783.4000,3,2,3,6,6,1,1,2,1,1
SF,IH2009,2020-06-11 09:34:53.200,2782.0000,17506,-1,278071140.000,1,0,1,双平,S,2782.0000,2781.8000,2781.6000,2781.4000,2781.2000,2783.0000,2783.2000,2783.4000,2783.8000,2784.0000,6,3,2,1,6,1,1,1,1,2
SF,IH2009,2020-06-11 09:34:53.700,2782.0000,17506,0,278071140.000,0,-,-,-,-,2782.0000,2781.8000,2781.6000,2781.4000,2781.2000,2782.8000,2783.0000,2783.2000,2783.4000,2783.8000,3,3,2,1,6,2,1,1,1,1
SF,IH2009,2020-06-11 09:34:54.200,2782.8000,17506,0,278905980.000,1,0,1,多换,S,2782.2000,2782.0000,2781.8000,2781.6000,2781.4000,2782.8000,2783.0000,2783.2000,2783.4000,2783.8000,1,3,3,2,1,2,1,1,1,1
SF,IH2009,2020-06-11 09:34:54.700,2782.8000,17506,0,278905980.000,0,-,-,-,-,2782.2000,2782.0000,2781.8000,2781.6000,2781.4000,2783.2000,2783.4000,2783.8000,2784.0000,2784.2000,1,3,3,2,1,1,1,1,2,1
SF,IH2009,2020-06-11 09:34:55.200,2782.8000,17506,0,278905980.000,0,-,-,-,-,2782.2000,2782.0000,2781.8000,2781.6000,2781.4000,2783.0000,2783.2000,2783.4000,2783.8000,2784.0000,2,3,3,2,1,2,1,1,1,2
SF,IH2009,2020-06-11 09:34:55.700,2782.8000,17506,0,278905980.000,0,-,-,-,-,2782.2000,2782.0000,2781.8000,2781.6000,2781.4000,2783.0000,2783.2000,2783.4000,2783.8000,2784.0000,2,3,3,2,1,2,1,1,1,2
SF,IH2009,2020-06-11 09:34:56.200,2782.8000,17506,0,278905980.000,0,-,-,-,-,2782.4000,2782.2000,2782.0000,2781.8000,2781.6000,2783.2000,2783.4000,2783.8000,2784.0000,2784.2000,1,2,3,3,2,1,1,1,2,1
SF,IH2009,2020-06-11 09:34:57.200,2782.8000,17506,0,278905980.000,0,-,-,-,-,2782.4000,2782.2000,2782.0000,2781.8000,2781.6000,2782.8000,2783.2000,2783.4000,2783.8000,2784.0000,1,2,3,3,2,1,1,1,1,2
