市场代码,合约代码,时间,最新,持仓,增仓,成交额,成交量,开仓,平仓,成交类型,方向,买一价,买二价,买三价,买四价,买五价,卖一价,卖二价,卖三价,卖四价,卖五价,买一量,买二量,买三量,买四量,买五量,卖一量,卖二量,卖三量,卖四量,卖五量
SF,IH2003,2020-01-10 09:29:00.400,3084.6000,21301,0,11104560.000,12.000,-,-,-,-,3084.0000,3083.4000,3082.6000,3081.6000,3080.6000,3085.0000,3086.0000,3087.0000,3087.2000,3088.0000,1,2,1,1,1,3,1,1,3,1
SF,IH2003,2020-01-10 09:30:00.400,3085.0000,21301,0,25922940.000,16,8,8,多换,S,3085.0000,3084.0000,3083.4000,3083.0000,3082.6000,3088.8000,3089.2000,3089.8000,3090.0000,3091.0000,8,1,3,1,1,1,2,4,2,1
SF,IH2003,2020-01-10 09:30:00.900,3087.2000,21297,-4,30553140.000,5,0,5,多平,S,3085.2000,3085.0000,3084.0000,3083.4000,3083.0000,3087.4000,3087.6000,3087.8000,3088.2000,3088.4000,3,9,1,3,1,1,4,1,2,9
SF,IH2003,2020-01-10 09:30:01.400,3087.4000,21293,-4,40742640.000,11,3,8,多平,S,3087.4000,3087.2000,3087.0000,3085.6000,3085.4000,3088.8000,3089.2000,3089.8000,3090.0000,3091.0000,9,2,2,12,3,4,2,3,2,1
SF,IH2003,2020-01-10 09:30:01.900,3087.4000,21291,-2,42595080.000,2,0,2,双平,S,3087.6000,3087.4000,3087.2000,3087.0000,3085.6000,3088.8000,3089.2000,3089.8000,3090.0000,3091.0000,1,8,2,1,9,4,2,2,2,1
SF,IH2003,2020-01-10 09:30:02.400,3087.4000,21291,0,42595080.000,0,-,-,-,-,3087.8000,3087.6000,3087.4000,3087.2000,3087.0000,3088.8000,3089.2000,3089.8000,3090.0000,3091.0000,1,1,6,2,1,4,2,2,2,1
SF,IH2003,2020-01-10 09:30:02.900,3088.0000,21289,-2,44448120.000,2,0,2,双平,S,3088.0000,3087.6000,3087.4000,3087.2000,3087.0000,3089.2000,3089.8000,3090.0000,3091.0000,3091.6000,1,1,7,2,1,2,2,2,1,2
SF,IH2003,2020-01-10 09:30:03.400,3087.4000,21290,1,50932620.000,7,4,3,空开,S,3087.4000,3087.2000,3087.0000,3085.6000,3085.4000,3089.2000,3089.8000,3090.0000,3091.0000,3091.6000,4,2,1,9,1,1,2,2,1,2
SF,IH2003,2020-01-10 09:30:03.900,3087.4000,21290,0,50932620.000,0,-,-,-,-,3088.2000,3088.0000,3087.8000,3087.6000,3087.4000,3089.2000,3089.8000,3090.0000,3091.0000,3091.6000,3,2,11,6,4,3,2,5,1,2
SF,IH2003,2020-01-10 09:30:04.400,3088.8000,21289,-1,52786020.000,2,0,2,多平,S,3088.4000,3088.2000,3088.0000,3087.8000,3087.6000,3089.2000,3089.8000,3090.0000,3091.0000,3091.6000,1,3,4,3,4,2,2,5,1,2
SF,IH2003,2020-01-10 09:30:04.900,3089.2000,21289,0,54639540.000,2,1,1,多换,S,3089.4000,3089.2000,3088.8000,3088.4000,3088.2000,3089.8000,3090.0000,3091.0000,3091.6000,3093.2000,2,1,1,1,3,2,5,1,2,2
SF,IH2003,2020-01-10 09:30:05.400,3088.8000,21287,-2,57419760.000,3,0,3,多平,S,3088.4000,3088.2000,3088.0000,3087.8000,3087.6000,3089.4000,3089.8000,3090.0000,3090.4000,3091.0000,1,3,2,1,4,1,2,2,3,1
SF,IH2003,2020-01-10 09:30:05.900,3089.8000,21285,-2,59273520.000,2,0,2,双平,S,3089.0000,3088.8000,3088.6000,3088.4000,3088.2000,3089.8000,3090.0000,3090.4000,3091.0000,3091.6000,2,11,2,1,3,1,2,3,1,2
SF,IH2003,2020-01-10 09:30:06.400,3089.8000,21282,-3,62981400.000,4,0,4,多平,S,3089.4000,3088.8000,3088.6000,3088.4000,3088.2000,3090.4000,3091.0000,3091.6000,3093.2000,3093.4000,1,4,2,1,3,3,1,2,2,4
SF,IH2003,2020-01-10 09:30:06.900,3089.8000,21282,0,62981400.000,0,-,-,-,-,3089.4000,3088.8000,3088.6000,3088.4000,3088.2000,3090.2000,3090.4000,3091.0000,3091.6000,3093.2000,1,4,2,1,3,1,3,1,2,2
SF,IH2003,2020-01-10 09:30:07.400,3089.8000,21282,0,62981400.000,0,-,-,-,-,3089.4000,3088.8000,3088.6000,3088.4000,3088.2000,3090.2000,3090.8000,3091.0000,3091.6000,3093.2000,1,2,1,1,3,1,3,1,2,2
SF,IH2003,2020-01-10 09:30:07.900,3089.8000,21282,0,62981400.000,0,-,-,-,-,3089.8000,3089.4000,3088.8000,3088.6000,3088.4000,3090.2000,3090.8000,3091.0000,3091.6000,3093.2000,3,1,2,1,1,1,3,1,2,2
SF,IH2003,2020-01-10 09:30:08.400,3089.8000,21281,-1,66689160.000,4,1,3,多平,S,3089.4000,3088.8000,3088.2000,3088.0000,3087.8000,3089.8000,3090.2000,3090.8000,3091.0000,3091.6000,1,2,3,2,1,1,1,3,1,2
SF,IH2003,2020-01-10 09:30:08.900,3089.8000,21279,-2,70396620.000,4,1,3,多平,S,3089.2000,3088.8000,3088.2000,3088.0000,3087.8000,3089.4000,3090.8000,3091.0000,3091.6000,3093.2000,1,2,3,2,1,1,3,1,2,2
SF,IH2003,2020-01-10 09:30:09.400,3089.2000,21280,1,72250320.000,2,1,1,空开,S,3088.8000,3088.2000,3088.0000,3087.8000,3087.6000,3090.8000,3091.0000,3091.6000,3093.2000,3093.4000,2,3,2,1,3,3,1,2,2,4
SF,IH2003,2020-01-10 09:30:09.900,3088.8000,21280,0,73176960.000,1,0,1,多换,S,3088.8000,3088.2000,3088.0000,3087.8000,3087.6000,3089.4000,3090.0000,3090.6000,3090.8000,3091.0000,1,3,2,1,3,1,1,5,3,1
SF,IH2003,2020-01-10 09:30:10.400,3088.0000,21276,-4,77809380.000,5,0,5,多平,S,3088.0000,3087.8000,3087.6000,3087.4000,3087.2000,3089.2000,3089.8000,3090.0000,3090.6000,3091.0000,1,1,3,4,2,1,3,1,3,1
SF,IH2003,2020-01-10 09:30:10.900,3089.0000,21275,-1,78736080.000,1,0,1,双平,S,3088.0000,3087.8000,3087.4000,3087.2000,3085.4000,3088.8000,3089.0000,3089.2000,3089.8000,3090.0000,1,1,4,1,1,1,2,1,3,1
SF,IH2003,2020-01-10 09:30:11.400,3088.0000,21273,-2,80589180.000,2,0,2,双平,S,3087.4000,3087.2000,3085.4000,3085.0000,3084.0000,3088.0000,3088.6000,3088.8000,3089.0000,3089.8000,4,1,1,8,1,1,1,1,1,3
SF,IH2003,2020-01-10 09:30:11.900,3088.6000,21271,-2,84295320.000,4,1,3,多平,S,3087.4000,3087.2000,3085.4000,3085.0000,3084.0000,3088.6000,3088.8000,3089.0000,3090.0000,3090.6000,4,1,1,8,1,1,1,1,1,2
SF,IH2003,2020-01-10 09:30:12.400,3088.6000,21271,0,84295320.000,0,-,-,-,-,3087.8000,3087.6000,3087.4000,3087.2000,3085.4000,3088.0000,3088.8000,3089.0000,3090.0000,3090.6000,1,1,4,1,1,6,1,2,1,2
SF,IH2003,2020-01-10 09:30:12.900,3087.4000,21269,-2,87074280.000,3,0,3,多平,S,3087.4000,3087.2000,3085.4000,3085.0000,3084.0000,3087.6000,3088.0000,3088.8000,3089.0000,3090.0000,3,1,1,8,1,1,5,1,2,1
SF,IH2003,2020-01-10 09:30:13.400,3087.4000,21269,0,87074280.000,0,-,-,-,-,3087.4000,3087.2000,3085.4000,3085.0000,3084.0000,3088.0000,3088.8000,3089.0000,3090.0000,3090.6000,3,6,1,8,1,5,1,2,1,2
SF,IH2003,2020-01-10 09:30:13.900,3087.4000,21267,-2,89852940.000,3,0,3,多平,S,3087.2000,3085.4000,3085.0000,3084.0000,3083.6000,3087.4000,3088.0000,3088.8000,3089.0000,3090.0000,6,1,8,1,1,3,6,1,1,1
SF,IH2003,2020-01-10 09:30:14.400,3087.2000,21267,0,92631420.000,3,1,2,多换,S,3087.2000,3085.4000,3085.0000,3084.0000,3083.6000,3087.4000,3088.0000,3088.2000,3088.8000,3089.0000,4,1,8,1,1,3,6,1,1,1
SF,IH2003,2020-01-10 09:30:14.900,3087.2000,21266,-1,96336060.000,4,1,3,多平,S,3085.4000,3085.0000,3084.0000,3083.6000,3083.0000,3087.4000,3088.0000,3088.2000,3088.8000,3089.0000,1,8,1,1,2,3,6,1,1,1
SF,IH2003,2020-01-10 09:30:15.400,3087.2000,21266,0,96336060.000,0,-,-,-,-,3085.6000,3085.4000,3085.0000,3084.0000,3083.6000,3087.2000,3087.4000,3088.0000,3088.2000,3088.8000,10,1,8,1,1,3,3,6,1,1
SF,IH2003,2020-01-10 09:30:15.900,3087.2000,21263,-3,99114540.000,3,0,3,双平,S,3087.2000,3085.8000,3085.6000,3085.0000,3084.0000,3087.4000,3088.0000,3088.2000,3088.8000,3089.0000,1,1,5,7,1,3,6,1,1,1
SF,IH2003,2020-01-10 09:30:16.400,3087.4000,21259,-4,102819360.000,4,0,4,双平,S,3085.8000,3085.6000,3085.0000,3084.0000,3083.6000,3087.4000,3088.0000,3088.2000,3088.8000,3089.0000,1,4,7,1,1,1,6,1,1,1
SF,IH2003,2020-01-10 09:30:16.900,3087.4000,21260,1,103745580.000,1,1,0,双开,S,3086.0000,3085.8000,3085.6000,3085.0000,3084.0000,3087.2000,3088.0000,3088.2000,3088.8000,3089.0000,4,3,4,7,1,5,6,1,1,1
SF,IH2003,2020-01-10 09:30:17.400,3087.4000,21260,0,103745580.000,0,-,-,-,-,3086.0000,3085.8000,3085.6000,3085.0000,3084.0000,3087.2000,3088.0000,3088.2000,3088.8000,3089.0000,3,1,3,7,1,5,6,1,1,1
SF,IH2003,2020-01-10 09:30:17.900,3087.4000,21260,0,103745580.000,0,-,-,-,-,3086.0000,3085.8000,3085.6000,3085.0000,3084.0000,3087.2000,3088.0000,3088.2000,3089.0000,3090.0000,3,1,3,7,1,5,6,1,1,1
SF,IH2003,2020-01-10 09:30:18.400,3087.4000,21260,0,103745580.000,0,-,-,-,-,3086.0000,3085.8000,3085.6000,3085.0000,3084.0000,3087.2000,3088.0000,3088.2000,3089.0000,3090.0000,3,1,3,6,1,5,6,1,1,1
SF,IH2003,2020-01-10 09:30:18.900,3087.4000,21260,0,103745580.000,0,-,-,-,-,3086.0000,3085.8000,3085.6000,3085.0000,3084.0000,3087.2000,3088.0000,3088.2000,3089.0000,3090.0000,3,1,3,6,1,5,6,1,1,1
SF,IH2003,2020-01-10 09:30:19.400,3087.4000,21260,0,104671800.000,1,0,1,多换,S,3086.0000,3085.8000,3085.6000,3085.0000,3084.0000,3087.2000,3088.0000,3088.2000,3089.0000,3090.0000,3,1,3,6,1,4,6,1,1,1
SF,IH2003,2020-01-10 09:30:19.900,3087.4000,21260,0,107450460.000,3,1,2,多换,S,3086.0000,3085.8000,3085.6000,3085.0000,3084.0000,3087.2000,3088.0000,3088.2000,3089.0000,3090.0000,3,1,3,6,1,1,6,1,1,1
SF,IH2003,2020-01-10 09:30:20.400,3087.2000,21259,-1,109302480.000,2,0,2,多平,S,3086.0000,3085.8000,3085.6000,3085.0000,3084.0000,3088.0000,3088.2000,3089.0000,3089.6000,3090.0000,3,1,3,6,1,6,1,1,1,1
SF,IH2003,2020-01-10 09:30:20.900,3087.2000,21259,0,109302480.000,0,-,-,-,-,3086.2000,3086.0000,3085.8000,3085.6000,3085.0000,3087.8000,3088.0000,3088.2000,3089.0000,3089.6000,1,3,1,3,6,2,6,1,1,1
SF,IH2003,2020-01-10 09:30:21.400,3087.2000,21259,0,109302480.000,0,-,-,-,-,3086.4000,3086.2000,3086.0000,3085.6000,3085.0000,3087.8000,3088.0000,3088.2000,3088.4000,3089.0000,4,1,2,2,6,2,5,1,1,1
SF,IH2003,2020-01-10 09:30:21.900,3086.6000,21258,-1,110228460.000,1,0,1,双平,S,3086.4000,3086.2000,3086.0000,3085.6000,3085.0000,3088.0000,3088.2000,3088.4000,3089.0000,3089.6000,4,1,2,2,6,5,1,1,1,1
SF,IH2003,2020-01-10 09:30:22.400,3086.6000,21258,0,110228460.000,0,-,-,-,-,3087.2000,3086.4000,3086.2000,3086.0000,3085.6000,3088.0000,3088.2000,3088.4000,3089.0000,3089.6000,1,4,1,2,2,5,1,1,1,1
SF,IH2003,2020-01-10 09:30:22.900,3087.0000,21257,-1,111154560.000,1,0,1,双平,S,3087.4000,3087.2000,3086.4000,3086.2000,3086.0000,3087.8000,3088.0000,3088.2000,3088.4000,3089.0000,1,1,2,1,2,1,5,1,1,1
SF,IH2003,2020-01-10 09:30:23.400,3087.8000,21256,-1,113007000.000,2,0,2,多平,S,3087.8000,3087.2000,3086.4000,3086.2000,3086.0000,3088.0000,3088.2000,3088.4000,3089.0000,3089.6000,1,1,2,1,2,5,1,1,1,1
SF,IH2003,2020-01-10 09:30:23.900,3087.8000,21256,0,115786020.000,3,1,2,多换,S,3087.2000,3086.4000,3086.2000,3086.0000,3085.0000,3087.8000,3088.0000,3088.2000,3088.4000,3089.0000,1,1,1,1,6,1,5,1,1,1
SF,IH2003,2020-01-10 09:30:24.400,3087.8000,21256,0,115786020.000,0,-,-,-,-,3087.2000,3086.4000,3086.2000,3086.0000,3085.0000,3087.8000,3088.0000,3088.2000,3088.4000,3089.0000,1,1,1,1,6,1,5,1,1,1
SF,IH2003,2020-01-10 09:30:25.400,3087.2000,21255,-1,116712180.000,1,0,1,双平,S,3086.4000,3086.2000,3086.0000,3085.0000,3084.0000,3088.0000,3088.2000,3088.4000,3089.0000,3089.6000,1,1,1,6,1,5,1,1,1,1
SF,IH2003,2020-01-10 09:30:25.900,3087.2000,21255,0,116712180.000,0,-,-,-,-,3087.0000,3086.8000,3086.6000,3086.4000,3086.2000,3088.0000,3088.2000,3088.4000,3089.0000,3089.6000,3,2,4,1,1,5,1,1,1,1
SF,IH2003,2020-01-10 09:30:26.400,3087.0000,21252,-3,120417000.000,4,0,4,多平,S,3087.0000,3086.8000,3086.6000,3086.2000,3085.0000,3087.2000,3088.0000,3088.2000,3088.4000,3089.0000,2,2,3,1,6,1,4,1,1,1
SF,IH2003,2020-01-10 09:30:26.900,3087.4000,21251,-1,122269380.000,2,0,2,多平,S,3087.4000,3087.2000,3086.6000,3085.0000,3084.0000,3088.0000,3088.2000,3088.4000,3089.0000,3089.6000,2,2,2,6,1,4,1,1,1,1
SF,IH2003,2020-01-10 09:30:27.400,3087.4000,21251,0,122269380.000,0,-,-,-,-,3087.2000,3086.6000,3086.0000,3085.0000,3084.0000,3088.0000,3088.2000,3088.4000,3089.0000,3089.6000,3,2,1,6,1,4,1,1,1,1
SF,IH2003,2020-01-10 09:30:27.900,3087.2000,21250,-1,123195540.000,1,0,1,双平,S,3087.2000,3086.6000,3086.0000,3085.0000,3084.0000,3087.8000,3088.0000,3088.2000,3088.4000,3089.0000,1,2,1,6,1,1,4,1,1,1
SF,IH2003,2020-01-10 09:30:28.400,3087.2000,21250,0,123195540.000,0,-,-,-,-,3087.2000,3087.0000,3086.6000,3086.0000,3085.0000,3087.8000,3088.0000,3088.2000,3088.4000,3089.0000,1,3,2,1,6,1,4,1,1,1
SF,IH2003,2020-01-10 09:30:28.900,3087.2000,21250,0,123195540.000,0,-,-,-,-,3087.2000,3087.0000,3086.6000,3086.0000,3085.0000,3087.8000,3088.0000,3088.2000,3088.4000,3089.0000,1,3,2,1,6,1,4,1,1,1
SF,IH2003,2020-01-10 09:30:29.400,3088.0000,21250,0,125048280.000,2,1,1,多换,S,3087.2000,3087.0000,3086.6000,3086.0000,3085.0000,3088.0000,3088.2000,3088.4000,3089.0000,3089.6000,1,3,2,1,6,4,1,1,1,1
SF,IH2003,2020-01-10 09:30:29.900,3088.0000,21250,0,125048280.000,0,-,-,-,-,3087.2000,3087.0000,3086.6000,3086.0000,3085.0000,3088.0000,3088.2000,3088.4000,3089.0000,3089.6000,1,3,2,1,6,4,1,1,1,1
SF,IH2003,2020-01-10 09:30:30.400,3088.0000,21250,0,125048280.000,0,-,-,-,-,3087.2000,3087.0000,3086.6000,3086.0000,3085.0000,3088.0000,3088.2000,3088.4000,3089.0000,3089.6000,1,4,2,1,6,4,1,1,1,1
SF,IH2003,2020-01-10 09:30:30.900,3088.0000,21250,0,125048280.000,0,-,-,-,-,3087.2000,3087.0000,3086.6000,3086.0000,3085.0000,3088.0000,3088.2000,3088.4000,3089.0000,3089.6000,1,4,2,1,6,4,2,1,1,1
SF,IH2003,2020-01-10 09:30:32.900,3088.0000,21250,0,125048280.000,0,-,-,-,-,3087.2000,3087.0000,3086.6000,3086.0000,3085.0000,3087.8000,3088.0000,3088.2000,3088.4000,3089.0000,1,4,2,1,9,1,4,2,1,1
SF,IH2003,2020-01-10 09:30:33.400,3087.8000,21249,-1,125974620.000,1,0,1,双平,S,3087.2000,3087.0000,3086.6000,3086.0000,3085.0000,3088.0000,3088.2000,3088.4000,3089.0000,3089.6000,1,4,2,1,9,4,2,1,1,1
SF,IH2003,2020-01-10 09:30:33.900,3087.8000,21249,0,125974620.000,0,-,-,-,-,3087.2000,3087.0000,3086.6000,3086.0000,3085.0000,3088.0000,3088.2000,3088.4000,3089.0000,3089.6000,1,4,2,1,9,4,2,1,1,1
SF,IH2003,2020-01-10 09:30:34.900,3087.2000,21247,-2,130606380.000,5,1,4,多平,S,3087.0000,3086.6000,3086.0000,3085.0000,3084.0000,3088.2000,3089.0000,3089.6000,3089.8000,3090.0000,4,2,1,9,1,2,1,1,1,2
SF,IH2003,2020-01-10 09:30:35.400,3087.2000,21247,0,130606380.000,0,-,-,-,-,3087.2000,3087.0000,3086.6000,3086.0000,3085.0000,3088.2000,3088.4000,3088.8000,3089.0000,3089.6000,1,4,1,1,9,2,1,1,1,1
SF,IH2003,2020-01-10 09:30:35.900,3087.2000,21247,0,130606380.000,0,-,-,-,-,3087.2000,3087.0000,3086.6000,3086.0000,3085.8000,3088.2000,3088.8000,3089.0000,3089.6000,3089.8000,1,4,1,1,1,2,1,1,1,1
SF,IH2003,2020-01-10 09:30:36.400,3088.2000,21247,0,132459300.000,2,1,1,多换,S,3088.2000,3087.2000,3087.0000,3086.6000,3086.0000,3088.8000,3089.6000,3089.8000,3090.0000,3091.0000,1,1,4,1,1,1,1,1,2,2
SF,IH2003,2020-01-10 09:30:36.900,3088.2000,21246,-1,134312220.000,2,0,2,多平,S,3087.2000,3087.0000,3086.6000,3086.0000,3085.8000,3088.8000,3089.6000,3089.8000,3090.0000,3091.0000,1,4,1,1,1,1,1,1,2,2
SF,IH2003,2020-01-10 09:30:37.400,3088.2000,21246,0,134312220.000,0,-,-,-,-,3087.4000,3087.2000,3087.0000,3086.6000,3086.0000,3088.6000,3088.8000,3089.6000,3089.8000,3090.0000,2,1,4,1,1,1,1,1,1,2
SF,IH2003,2020-01-10 09:30:37.900,3088.2000,21246,0,134312220.000,0,-,-,-,-,3087.4000,3087.2000,3087.0000,3086.6000,3086.0000,3088.6000,3089.0000,3089.6000,3089.8000,3090.0000,3,1,4,1,1,1,1,1,1,2
SF,IH2003,2020-01-10 09:30:38.400,3088.6000,21245,-1,135238800.000,1,0,1,双平,S,3088.6000,3087.4000,3087.2000,3087.0000,3086.6000,3088.8000,3089.0000,3089.6000,3089.8000,3090.0000,2,2,1,4,1,1,1,1,1,2
SF,IH2003,2020-01-10 09:30:38.900,3088.6000,21243,-2,137091960.000,2,0,2,双平,S,3087.4000,3087.2000,3087.0000,3086.6000,3086.0000,3088.4000,3088.6000,3088.8000,3089.4000,3089.6000,1,1,4,1,1,3,3,1,1,1
SF,IH2003,2020-01-10 09:30:39.400,3088.6000,21243,0,137091960.000,0,-,-,-,-,3087.6000,3087.4000,3087.0000,3086.6000,3086.0000,3088.4000,3088.6000,3088.8000,3089.4000,3089.6000,1,1,4,1,1,3,3,1,1,1
SF,IH2003,2020-01-10 09:30:39.900,3087.6000,21242,-1,138018240.000,1,0,1,双平,S,3087.4000,3087.2000,3087.0000,3086.6000,3086.0000,3088.4000,3088.6000,3088.8000,3089.4000,3089.6000,4,1,4,1,1,3,3,1,1,1
SF,IH2003,2020-01-10 09:30:40.400,3088.4000,21240,-2,141723420.000,4,1,3,多平,S,3087.4000,3087.2000,3087.0000,3086.6000,3086.0000,3088.4000,3088.6000,3088.8000,3089.4000,3089.6000,1,1,4,1,1,2,4,1,1,1
SF,IH2003,2020-01-10 09:30:40.900,3087.4000,21239,-1,143576160.000,2,0,2,多平,S,3087.2000,3087.0000,3086.6000,3086.0000,3085.8000,3088.4000,3088.6000,3088.8000,3089.4000,3089.6000,1,6,1,1,1,2,4,1,1,1
SF,IH2003,2020-01-10 09:30:41.400,3088.4000,21239,0,146355300.000,3,1,2,多换,S,3087.0000,3086.6000,3086.0000,3085.8000,3085.0000,3088.4000,3088.6000,3088.8000,3089.2000,3089.4000,6,1,1,1,9,2,2,1,1,1
SF,IH2003,2020-01-10 09:30:41.900,3088.2000,21238,-1,148207920.000,2,0,2,多平,S,3087.2000,3087.0000,3086.0000,3085.8000,3085.0000,3088.4000,3088.6000,3088.8000,3089.2000,3089.4000,1,6,1,1,9,2,2,2,1,1
SF,IH2003,2020-01-10 09:30:42.400,3088.2000,21238,0,148207920.000,0,-,-,-,-,3087.0000,3086.0000,3085.8000,3085.0000,3083.6000,3088.2000,3088.4000,3088.6000,3088.8000,3089.2000,6,1,1,9,1,3,2,2,2,1
SF,IH2003,2020-01-10 09:30:42.900,3088.2000,21238,0,148207920.000,0,-,-,-,-,3087.0000,3086.0000,3085.8000,3085.0000,3083.6000,3088.2000,3088.4000,3088.6000,3088.8000,3089.2000,6,1,1,8,1,3,2,2,1,1
SF,IH2003,2020-01-10 09:30:43.400,3088.2000,21238,0,148207920.000,0,-,-,-,-,3087.0000,3086.0000,3085.8000,3085.0000,3083.6000,3088.0000,3088.2000,3088.4000,3088.6000,3088.8000,7,1,1,9,1,1,4,1,2,1
SF,IH2003,2020-01-10 09:30:43.900,3088.2000,21238,0,148207920.000,0,-,-,-,-,3087.2000,3087.0000,3086.8000,3086.0000,3085.8000,3088.0000,3088.2000,3088.4000,3088.6000,3088.8000,1,9,1,1,1,1,4,1,2,1
SF,IH2003,2020-01-10 09:30:44.400,3087.2000,21237,-1,149134080.000,1,0,1,双平,S,3087.0000,3086.8000,3086.0000,3085.8000,3085.0000,3088.0000,3088.2000,3088.4000,3088.6000,3088.8000,10,1,1,1,9,1,4,1,2,1
SF,IH2003,2020-01-10 09:30:44.900,3087.0000,21235,-2,154690680.000,6,2,4,多平,S,3087.0000,3086.8000,3086.0000,3085.8000,3085.0000,3088.0000,3088.2000,3088.4000,3088.6000,3088.8000,4,1,1,1,9,3,4,1,2,1
SF,IH2003,2020-01-10 09:30:45.400,3087.0000,21236,1,156542880.000,2,1,1,空开,S,3087.0000,3086.8000,3086.0000,3085.8000,3085.0000,3087.4000,3087.8000,3088.0000,3088.2000,3088.6000,2,1,1,1,9,1,3,3,4,2
SF,IH2003,2020-01-10 09:30:45.900,3087.0000,21235,-1,157468980.000,1,0,1,双平,S,3087.0000,3086.8000,3086.0000,3085.8000,3085.0000,3087.8000,3088.0000,3088.2000,3088.6000,3088.8000,1,1,1,1,9,2,3,4,2,1
SF,IH2003,2020-01-10 09:30:46.400,3087.0000,21235,0,158395080.000,1,0,1,多换,S,3086.8000,3086.0000,3085.8000,3085.0000,3083.6000,3087.6000,3087.8000,3088.0000,3088.2000,3088.4000,1,1,1,9,1,1,2,4,4,1
SF,IH2003,2020-01-10 09:30:46.900,3087.0000,21235,0,158395080.000,0,-,-,-,-,3086.8000,3086.0000,3085.8000,3085.0000,3083.6000,3087.4000,3087.6000,3087.8000,3088.0000,3088.2000,1,1,1,9,1,2,1,2,4,2
SF,IH2003,2020-01-10 09:30:47.900,3087.0000,21235,0,158395080.000,0,-,-,-,-,3086.8000,3086.0000,3085.8000,3085.0000,3083.6000,3087.4000,3087.6000,3087.8000,3088.0000,3088.2000,1,1,1,9,1,2,1,2,4,2
SF,IH2003,2020-01-10 09:30:48.400,3086.8000,21231,-4,162099240.000,4,0,4,双平,S,3086.6000,3086.0000,3085.8000,3085.0000,3083.6000,3086.8000,3087.4000,3087.6000,3087.8000,3088.0000,1,1,1,9,1,2,2,1,2,4
SF,IH2003,2020-01-10 09:30:48.900,3087.4000,21230,-1,166729740.000,5,2,3,多平,S,3087.0000,3086.0000,3085.8000,3085.0000,3083.6000,3087.6000,3088.0000,3088.2000,3088.4000,3088.8000,1,1,1,9,1,1,4,2,2,1
SF,IH2003,2020-01-10 09:30:49.400,3087.0000,21229,-1,167655840.000,1,0,1,双平,S,3086.0000,3085.8000,3085.0000,3083.6000,3083.0000,3087.6000,3088.0000,3088.2000,3088.4000,3088.8000,1,1,9,1,2,1,4,2,2,1
SF,IH2003,2020-01-10 09:30:49.900,3087.0000,21229,0,167655840.000,0,-,-,-,-,3086.2000,3086.0000,3085.8000,3085.0000,3083.6000,3087.4000,3087.6000,3088.0000,3088.2000,3088.4000,1,1,1,9,1,1,1,4,2,2
SF,IH2003,2020-01-10 09:30:50.400,3087.0000,21229,0,167655840.000,0,-,-,-,-,3086.0000,3085.8000,3085.0000,3083.6000,3083.0000,3086.2000,3087.4000,3088.0000,3088.2000,3088.4000,1,1,9,1,2,1,2,4,2,2
SF,IH2003,2020-01-10 09:30:50.900,3086.2000,21228,-1,168581700.000,1,0,1,双平,S,3086.4000,3086.2000,3086.0000,3085.8000,3085.0000,3087.0000,3087.4000,3088.0000,3088.2000,3088.4000,2,1,1,1,9,1,2,4,2,1
SF,IH2003,2020-01-10 09:30:51.400,3086.4000,21227,-1,169507620.000,1,0,1,双平,S,3086.0000,3085.8000,3085.0000,3083.6000,3083.0000,3086.2000,3086.4000,3086.6000,3086.8000,3087.0000,1,1,9,1,2,4,1,1,1,1
SF,IH2003,2020-01-10 09:30:51.900,3086.4000,21223,-4,173211120.000,4,0,4,双平,S,3086.4000,3086.2000,3086.0000,3085.8000,3085.0000,3087.0000,3087.4000,3087.6000,3088.0000,3088.2000,1,3,1,1,9,1,2,1,4,2
SF,IH2003,2020-01-10 09:30:52.400,3086.2000,21221,-2,175062900.000,2,0,2,双平,S,3086.2000,3086.0000,3085.8000,3085.0000,3083.6000,3086.4000,3087.0000,3087.4000,3087.6000,3088.0000,3,1,1,9,1,1,1,2,1,4
SF,IH2003,2020-01-10 09:30:52.900,3086.4000,21220,-1,175988820.000,1,0,1,双平,S,3086.2000,3086.0000,3085.8000,3085.0000,3083.6000,3087.0000,3087.4000,3087.6000,3088.0000,3088.2000,3,1,1,9,1,1,2,1,4,2
SF,IH2003,2020-01-10 09:30:53.400,3086.4000,21220,0,175988820.000,0,-,-,-,-,3086.2000,3086.0000,3085.8000,3085.0000,3083.6000,3086.8000,3087.0000,3087.4000,3087.6000,3088.0000,3,1,1,7,1,1,1,2,1,4
SF,IH2003,2020-01-10 09:30:53.900,3086.4000,21220,0,175988820.000,0,-,-,-,-,3086.2000,3086.0000,3085.8000,3085.0000,3083.6000,3086.8000,3087.0000,3087.4000,3087.6000,3088.0000,3,1,1,7,1,1,2,2,1,3
SF,IH2003,2020-01-10 09:30:54.400,3086.4000,21220,0,175988820.000,0,-,-,-,-,3086.2000,3086.0000,3085.8000,3085.0000,3083.6000,3086.8000,3087.0000,3087.4000,3087.6000,3088.0000,3,2,1,7,1,1,2,2,1,3
SF,IH2003,2020-01-10 09:30:55.400,3087.0000,21217,-3,178767060.000,3,0,3,双平,S,3086.2000,3086.0000,3085.8000,3085.0000,3083.6000,3087.4000,3087.6000,3088.0000,3088.2000,3088.4000,3,2,1,7,1,2,1,3,2,1
SF,IH2003,2020-01-10 09:30:55.900,3087.0000,21217,0,178767060.000,0,-,-,-,-,3086.8000,3086.4000,3086.2000,3086.0000,3085.8000,3087.4000,3087.6000,3087.8000,3088.0000,3088.2000,1,1,3,2,1,1,1,1,3,2
SF,IH2003,2020-01-10 09:30:56.400,3086.8000,21217,0,179693100.000,1,0,1,多换,S,3086.4000,3086.2000,3086.0000,3085.8000,3085.0000,3087.2000,3087.6000,3087.8000,3088.0000,3088.2000,1,3,2,1,7,2,1,1,3,2
SF,IH2003,2020-01-10 09:30:56.900,3086.8000,21217,0,179693100.000,0,-,-,-,-,3086.4000,3086.2000,3086.0000,3085.8000,3085.0000,3086.8000,3087.2000,3087.6000,3087.8000,3088.0000,1,2,2,1,7,1,2,1,1,3
SF,IH2003,2020-01-10 09:30:57.400,3086.8000,21217,0,179693100.000,0,-,-,-,-,3086.4000,3086.2000,3086.0000,3085.8000,3085.0000,3087.6000,3087.8000,3088.0000,3088.2000,3088.4000,1,2,2,1,7,1,1,3,2,1
SF,IH2003,2020-01-10 09:30:57.900,3086.8000,21217,0,179693100.000,0,-,-,-,-,3086.4000,3086.2000,3086.0000,3085.8000,3085.0000,3087.6000,3087.8000,3088.0000,3088.2000,3088.4000,1,2,2,1,7,1,1,3,2,1
SF,IH2003,2020-01-10 09:30:58.900,3086.4000,21212,-5,184322760.000,5,0,5,双平,S,3086.2000,3086.0000,3085.8000,3085.0000,3083.6000,3087.4000,3087.6000,3087.8000,3088.0000,3088.2000,2,2,1,7,1,1,1,1,3,2
SF,IH2003,2020-01-10 09:30:59.400,3086.4000,21212,0,184322760.000,0,-,-,-,-,3086.4000,3086.2000,3086.0000,3085.8000,3085.0000,3087.4000,3087.6000,3087.8000,3088.0000,3088.2000,2,2,2,1,7,1,1,1,3,2
SF,IH2003,2020-01-10 09:30:59.900,3086.4000,21212,0,184322760.000,0,-,-,-,-,3086.6000,3086.4000,3086.2000,3086.0000,3085.8000,3087.4000,3087.6000,3088.0000,3088.2000,3088.4000,1,2,2,2,1,1,1,3,2,2
SF,IH2003,2020-01-10 09:31:00.400,3086.4000,21212,0,184322760.000,0,-,-,-,-,3086.4000,3086.2000,3086.0000,3085.8000,3085.0000,3087.4000,3087.6000,3088.0000,3088.2000,3088.4000,2,2,2,4,7,1,1,3,2,2
SF,IH2003,2020-01-10 09:31:00.900,3086.4000,21212,0,184322760.000,0,-,-,-,-,3086.4000,3086.2000,3086.0000,3085.8000,3085.0000,3087.4000,3087.6000,3088.0000,3088.2000,3088.4000,2,2,2,4,7,1,1,3,2,1
SF,IH2003,2020-01-10 09:31:01.400,3086.4000,21212,0,184322760.000,0,-,-,-,-,3086.4000,3086.2000,3086.0000,3085.8000,3085.0000,3087.0000,3087.4000,3087.6000,3088.0000,3088.2000,2,2,2,4,7,1,1,1,3,2
SF,IH2003,2020-01-10 09:31:01.900,3087.0000,21212,0,185248860.000,1,0,1,多换,S,3087.2000,3087.0000,3086.6000,3086.4000,3086.2000,3087.4000,3087.6000,3088.0000,3088.2000,3088.4000,2,2,1,2,2,1,1,3,2,1
SF,IH2003,2020-01-10 09:31:02.400,3087.2000,21209,-3,188027400.000,3,0,3,双平,S,3087.4000,3087.0000,3086.6000,3086.4000,3086.2000,3087.6000,3088.0000,3088.2000,3088.4000,3088.8000,1,2,1,2,2,1,3,2,1,1
SF,IH2003,2020-01-10 09:31:02.900,3087.0000,21207,-2,190805940.000,3,0,3,多平,S,3086.4000,3086.2000,3086.0000,3085.8000,3085.0000,3087.4000,3087.6000,3088.0000,3088.2000,3088.4000,2,2,3,4,7,1,1,3,2,1
SF,IH2003,2020-01-10 09:31:03.400,3087.0000,21207,0,190805940.000,0,-,-,-,-,3086.6000,3086.4000,3086.2000,3086.0000,3085.8000,3087.6000,3088.0000,3088.2000,3088.4000,3088.8000,3,2,2,3,4,1,3,2,1,1
SF,IH2003,2020-01-10 09:31:03.900,3087.0000,21207,0,190805940.000,0,-,-,-,-,3086.6000,3086.4000,3086.2000,3086.0000,3085.8000,3087.6000,3088.0000,3088.2000,3088.4000,3088.8000,3,2,2,3,4,1,3,2,1,1
SF,IH2003,2020-01-10 09:31:04.400,3087.0000,21207,0,190805940.000,0,-,-,-,-,3086.6000,3086.4000,3086.2000,3086.0000,3085.8000,3087.6000,3088.0000,3088.2000,3088.4000,3088.8000,2,2,2,3,4,1,3,2,1,1
SF,IH2003,2020-01-10 09:31:04.900,3087.0000,21207,0,190805940.000,0,-,-,-,-,3086.6000,3086.4000,3086.2000,3086.0000,3085.8000,3087.6000,3088.0000,3088.2000,3088.4000,3088.8000,2,2,2,3,4,1,3,2,1,1
SF,IH2003,2020-01-10 09:31:05.400,3087.0000,21207,0,190805940.000,0,-,-,-,-,3086.6000,3086.4000,3086.2000,3086.0000,3085.8000,3087.6000,3088.0000,3088.2000,3088.4000,3088.8000,2,2,2,3,4,1,2,2,1,1
SF,IH2003,2020-01-10 09:31:05.900,3087.0000,21207,0,190805940.000,0,-,-,-,-,3086.6000,3086.4000,3086.2000,3086.0000,3085.8000,3087.6000,3088.0000,3088.2000,3088.8000,3089.2000,1,2,2,3,4,1,2,2,1,1
SF,IH2003,2020-01-10 09:31:06.900,3087.0000,21207,0,190805940.000,0,-,-,-,-,3086.8000,3086.6000,3086.4000,3086.2000,3086.0000,3087.6000,3088.0000,3088.2000,3088.8000,3089.2000,3,1,2,2,3,1,2,2,1,1
SF,IH2003,2020-01-10 09:31:07.400,3087.6000,21206,-1,191732220.000,1,0,1,双平,S,3087.6000,3086.8000,3086.6000,3086.4000,3086.2000,3088.0000,3088.2000,3088.8000,3089.2000,3089.6000,1,3,1,2,2,2,2,1,1,1
SF,IH2003,2020-01-10 09:31:07.900,3087.6000,21206,0,191732220.000,0,-,-,-,-,3087.6000,3086.8000,3086.6000,3086.4000,3086.2000,3088.0000,3088.2000,3088.8000,3089.2000,3089.6000,1,2,1,2,2,2,2,1,1,1
SF,IH2003,2020-01-10 09:31:08.900,3087.6000,21206,0,191732220.000,0,-,-,-,-,3087.6000,3086.8000,3086.4000,3086.2000,3086.0000,3088.0000,3088.2000,3088.8000,3089.2000,3089.6000,1,2,2,2,3,2,2,1,1,1
SF,IH2003,2020-01-10 09:31:09.400,3087.6000,21206,0,191732220.000,0,-,-,-,-,3087.8000,3087.6000,3086.8000,3086.4000,3086.2000,3088.0000,3088.2000,3088.8000,3089.2000,3089.6000,1,1,2,2,2,2,2,1,1,1
SF,IH2003,2020-01-10 09:31:09.900,3087.6000,21206,0,192658500.000,1,0,1,多换,S,3087.6000,3086.8000,3086.4000,3086.2000,3086.0000,3088.0000,3088.2000,3088.8000,3089.2000,3089.6000,1,2,2,2,3,2,2,1,1,1
SF,IH2003,2020-01-10 09:31:10.400,3088.0000,21206,0,194511180.000,2,1,1,多换,S,3086.8000,3086.4000,3086.2000,3086.0000,3085.8000,3088.0000,3088.2000,3088.8000,3089.2000,3089.6000,2,2,2,3,4,1,2,1,1,1
SF,IH2003,2020-01-10 09:31:10.900,3088.0000,21206,0,194511180.000,0,-,-,-,-,3087.0000,3086.8000,3086.4000,3086.2000,3086.0000,3088.0000,3088.2000,3088.8000,3089.2000,3089.6000,2,2,2,2,3,1,2,1,1,1
SF,IH2003,2020-01-10 09:31:11.400,3088.0000,21206,0,194511180.000,0,-,-,-,-,3087.8000,3087.2000,3087.0000,3086.8000,3086.4000,3088.0000,3088.2000,3088.8000,3089.2000,3089.6000,2,2,2,2,2,1,2,1,1,1
SF,IH2003,2020-01-10 09:31:11.900,3087.8000,21204,-2,196363860.000,2,0,2,双平,S,3087.2000,3087.0000,3086.8000,3086.4000,3086.2000,3087.6000,3087.8000,3088.0000,3088.2000,3088.8000,1,1,2,2,2,1,2,1,2,1
SF,IH2003,2020-01-10 09:31:12.400,3087.2000,21204,0,197290020.000,1,0,1,多换,S,3087.0000,3086.8000,3086.4000,3086.2000,3086.0000,3087.6000,3087.8000,3088.0000,3088.2000,3088.8000,1,1,2,2,3,1,1,1,2,1
SF,IH2003,2020-01-10 09:31:12.900,3087.0000,21204,0,199142220.000,2,1,1,多换,S,3086.8000,3086.4000,3086.2000,3086.0000,3085.8000,3087.0000,3087.6000,3087.8000,3088.0000,3088.2000,1,2,2,3,4,1,1,1,1,2
SF,IH2003,2020-01-10 09:31:13.400,3086.8000,21204,0,200068260.000,1,0,1,多换,S,3086.4000,3086.2000,3086.0000,3085.8000,3085.0000,3087.0000,3087.8000,3088.0000,3088.2000,3088.8000,2,2,3,4,7,1,1,1,2,1
SF,IH2003,2020-01-10 09:31:13.900,3086.8000,21204,0,200068260.000,0,-,-,-,-,3086.4000,3086.2000,3086.0000,3085.8000,3085.0000,3087.0000,3087.2000,3087.8000,3088.0000,3088.2000,2,2,3,4,7,1,1,1,1,2
SF,IH2003,2020-01-10 09:31:15.400,3086.8000,21204,0,200068260.000,0,-,-,-,-,3086.4000,3086.2000,3086.0000,3085.8000,3085.0000,3087.0000,3087.2000,3087.8000,3088.0000,3088.2000,2,2,5,4,7,1,1,1,1,2
SF,IH2003,2020-01-10 09:31:15.900,3088.0000,21204,0,203773260.000,4,2,2,多换,S,3088.0000,3086.4000,3086.2000,3086.0000,3085.8000,3088.2000,3088.8000,3089.2000,3089.6000,3089.8000,14,2,2,5,4,2,1,1,1,1
SF,IH2003,2020-01-10 09:31:16.400,3087.8000,21204,0,217669200.000,15,7,8,多换,S,3086.4000,3086.2000,3086.0000,3085.8000,3085.0000,3088.0000,3088.2000,3088.6000,3088.8000,3089.2000,2,2,5,4,7,5,2,1,1,1
SF,IH2003,2020-01-10 09:31:16.900,3087.8000,21204,0,217669200.000,0,-,-,-,-,3086.4000,3086.2000,3086.0000,3085.8000,3085.0000,3087.8000,3088.0000,3088.2000,3088.6000,3088.8000,2,2,5,4,7,2,4,3,1,1
SF,IH2003,2020-01-10 09:31:17.400,3087.8000,21204,0,217669200.000,0,-,-,-,-,3086.4000,3086.2000,3086.0000,3085.8000,3085.0000,3087.6000,3087.8000,3088.0000,3088.2000,3088.6000,2,2,5,4,7,3,2,3,3,1
SF,IH2003,2020-01-10 09:31:17.900,3087.8000,21204,0,217669200.000,0,-,-,-,-,3086.4000,3086.2000,3086.0000,3085.8000,3085.0000,3087.4000,3087.6000,3087.8000,3088.0000,3088.2000,2,2,5,4,7,1,3,1,3,3
SF,IH2003,2020-01-10 09:31:18.400,3087.8000,21204,0,217669200.000,0,-,-,-,-,3086.4000,3086.2000,3086.0000,3085.8000,3085.0000,3087.2000,3087.4000,3087.6000,3087.8000,3088.0000,2,3,5,4,7,2,1,2,1,4
SF,IH2003,2020-01-10 09:31:18.900,3087.8000,21204,0,217669200.000,0,-,-,-,-,3086.6000,3086.4000,3086.2000,3086.0000,3085.8000,3087.2000,3087.4000,3087.6000,3087.8000,3088.0000,2,2,3,5,4,2,1,2,1,4
SF,IH2003,2020-01-10 09:31:19.400,3087.8000,21204,0,217669200.000,0,-,-,-,-,3086.4000,3086.2000,3086.0000,3085.8000,3085.0000,3087.2000,3087.4000,3087.6000,3087.8000,3088.0000,2,3,5,4,7,2,1,2,1,4
SF,IH2003,2020-01-10 09:31:19.900,3087.8000,21204,0,217669200.000,0,-,-,-,-,3086.6000,3086.4000,3086.2000,3086.0000,3085.8000,3087.4000,3087.6000,3088.0000,3088.2000,3088.8000,2,2,3,5,4,1,2,4,3,1
SF,IH2003,2020-01-10 09:31:20.400,3087.8000,21204,0,217669200.000,0,-,-,-,-,3086.4000,3086.2000,3086.0000,3085.8000,3085.0000,3087.2000,3087.4000,3087.6000,3088.0000,3088.2000,2,3,5,4,7,2,1,2,4,3
SF,IH2003,2020-01-10 09:31:21.400,3087.8000,21204,0,217669200.000,0,-,-,-,-,3086.6000,3086.4000,3086.2000,3086.0000,3085.8000,3087.2000,3087.4000,3087.6000,3088.0000,3088.2000,2,2,3,5,4,2,1,2,4,3
SF,IH2003,2020-01-10 09:31:21.900,3087.8000,21204,0,217669200.000,0,-,-,-,-,3086.4000,3086.2000,3086.0000,3085.8000,3085.0000,3087.2000,3087.4000,3087.6000,3088.0000,3088.2000,2,3,5,4,7,2,1,2,4,3
SF,IH2003,2020-01-10 09:31:22.400,3087.8000,21204,0,217669200.000,0,-,-,-,-,3086.4000,3086.2000,3086.0000,3085.8000,3085.0000,3087.2000,3087.4000,3087.6000,3088.0000,3088.2000,2,3,6,4,7,2,1,2,4,3
SF,IH2003,2020-01-10 09:31:22.900,3087.8000,21204,0,217669200.000,0,-,-,-,-,3086.4000,3086.2000,3086.0000,3085.8000,3085.0000,3087.2000,3087.4000,3087.6000,3088.0000,3088.2000,2,3,6,4,7,2,1,2,4,3
SF,IH2003,2020-01-10 09:31:23.400,3087.8000,21204,0,217669200.000,0,-,-,-,-,3086.4000,3086.2000,3086.0000,3085.8000,3085.0000,3087.2000,3087.4000,3087.6000,3088.0000,3088.2000,2,3,6,4,8,2,1,2,4,3
SF,IH2003,2020-01-10 09:31:24.400,3087.2000,21205,1,218595360.000,1,1,0,双开,S,3086.4000,3086.2000,3086.0000,3085.8000,3085.0000,3087.2000,3087.4000,3087.6000,3088.0000,3088.2000,2,3,6,4,8,1,1,1,4,3
SF,IH2003,2020-01-10 09:31:24.900,3087.2000,21205,0,218595360.000,0,-,-,-,-,3086.4000,3086.2000,3086.0000,3085.8000,3085.0000,3087.2000,3087.4000,3087.6000,3088.0000,3088.2000,2,3,6,4,8,1,1,1,4,3
SF,IH2003,2020-01-10 09:31:25.400,3087.2000,21205,0,218595360.000,0,-,-,-,-,3086.4000,3086.2000,3086.0000,3085.8000,3085.0000,3087.2000,3087.4000,3087.6000,3088.0000,3088.2000,2,3,5,4,8,1,1,1,4,3
SF,IH2003,2020-01-10 09:31:25.900,3087.2000,21205,0,218595360.000,0,-,-,-,-,3086.4000,3086.2000,3086.0000,3085.8000,3085.0000,3087.2000,3087.4000,3087.6000,3087.8000,3088.0000,2,3,5,4,8,1,1,1,1,4
SF,IH2003,2020-01-10 09:31:26.400,3086.4000,21203,-2,220447200.000,2,0,2,双平,S,3086.2000,3086.0000,3085.8000,3085.0000,3083.6000,3087.0000,3087.2000,3087.6000,3087.8000,3088.0000,3,5,4,8,1,4,1,1,1,3
SF,IH2003,2020-01-10 09:31:26.900,3086.4000,21203,0,220447200.000,0,-,-,-,-,3086.2000,3086.0000,3085.8000,3085.0000,3083.6000,3086.8000,3087.0000,3087.2000,3087.8000,3088.0000,3,5,4,8,1,1,4,1,1,3
SF,IH2003,2020-01-10 09:31:27.400,3087.0000,21200,-3,226002900.000,6,1,5,多平,S,3086.0000,3085.8000,3085.0000,3083.6000,3083.0000,3086.6000,3087.0000,3087.8000,3088.0000,3088.2000,5,4,8,1,2,1,1,1,3,3
SF,IH2003,2020-01-10 09:31:27.900,3087.0000,21200,0,226002900.000,0,-,-,-,-,3086.0000,3085.8000,3085.0000,3083.6000,3083.0000,3086.6000,3087.0000,3087.8000,3088.0000,3088.2000,5,4,7,1,2,1,1,1,3,3
SF,IH2003,2020-01-10 09:31:28.400,3086.0000,21199,-1,227854500.000,2,0,2,多平,S,3086.0000,3085.8000,3085.0000,3083.6000,3083.0000,3086.4000,3086.6000,3087.0000,3087.8000,3088.0000,3,4,7,1,2,3,1,1,1,3
SF,IH2003,2020-01-10 09:31:28.900,3086.0000,21199,0,229706100.000,2,1,1,多换,S,3086.0000,3085.8000,3085.0000,3083.6000,3083.0000,3086.4000,3086.6000,3087.0000,3088.0000,3088.2000,1,4,7,1,2,3,2,1,3,2
SF,IH2003,2020-01-10 09:31:29.400,3086.0000,21198,-1,230631900.000,1,0,1,双平,S,3085.8000,3085.0000,3083.6000,3083.0000,3081.6000,3086.2000,3086.4000,3086.6000,3087.0000,3087.6000,4,7,1,2,1,2,4,2,1,1
SF,IH2003,2020-01-10 09:31:29.900,3086.0000,21198,0,230631900.000,0,-,-,-,-,3085.8000,3085.0000,3083.6000,3083.0000,3081.6000,3086.0000,3086.4000,3086.6000,3087.6000,3087.8000,4,7,1,2,1,2,2,2,1,1
SF,IH2003,2020-01-10 09:31:30.900,3085.8000,21198,0,232483380.000,2,1,1,多换,S,3085.8000,3085.0000,3083.6000,3083.0000,3081.6000,3086.0000,3086.4000,3086.6000,3087.6000,3087.8000,2,7,1,2,1,2,2,1,1,1
SF,IH2003,2020-01-10 09:31:31.400,3085.8000,21198,0,232483380.000,0,-,-,-,-,3085.8000,3085.0000,3083.6000,3083.0000,3081.6000,3086.0000,3086.4000,3086.6000,3087.0000,3087.6000,2,7,1,2,1,2,2,1,1,1
SF,IH2003,2020-01-10 09:31:31.900,3085.8000,21198,0,232483380.000,0,-,-,-,-,3085.8000,3085.0000,3083.6000,3083.0000,3081.6000,3086.0000,3086.4000,3086.6000,3087.0000,3087.6000,2,7,1,2,1,2,2,1,1,1
SF,IH2003,2020-01-10 09:31:32.400,3086.0000,21197,-1,234334980.000,2,0,2,多平,S,3086.2000,3086.0000,3085.8000,3085.0000,3083.6000,3086.6000,3087.0000,3087.6000,3087.8000,3088.0000,2,1,2,7,1,1,1,1,1,3
SF,IH2003,2020-01-10 09:31:32.900,3086.0000,21197,0,234334980.000,0,-,-,-,-,3086.0000,3085.8000,3085.0000,3083.6000,3083.0000,3086.4000,3086.6000,3087.0000,3087.6000,3087.8000,1,2,7,1,2,1,2,1,1,1
SF,IH2003,2020-01-10 09:31:33.400,3086.0000,21196,-1,235260780.000,1,0,1,双平,S,3086.0000,3085.8000,3085.0000,3083.6000,3083.0000,3086.6000,3087.0000,3087.6000,3087.8000,3088.0000,1,2,7,1,2,1,1,1,1,3
SF,IH2003,2020-01-10 09:31:33.900,3086.0000,21196,0,235260780.000,0,-,-,-,-,3086.0000,3085.8000,3085.0000,3083.6000,3083.0000,3086.6000,3087.0000,3087.2000,3087.6000,3087.8000,1,2,7,1,2,1,1,1,1,1
SF,IH2003,2020-01-10 09:31:34.400,3086.0000,21195,-1,236186580.000,1,0,1,双平,S,3085.8000,3085.0000,3083.6000,3083.0000,3081.6000,3086.6000,3087.0000,3087.6000,3087.8000,3088.0000,2,7,1,2,1,1,1,1,1,3
SF,IH2003,2020-01-10 09:31:34.900,3086.0000,21195,0,236186580.000,0,-,-,-,-,3086.0000,3085.8000,3085.0000,3083.6000,3083.0000,3086.6000,3087.0000,3087.2000,3087.6000,3087.8000,2,2,7,1,2,1,1,1,1,1
SF,IH2003,2020-01-10 09:31:35.400,3086.0000,21195,0,236186580.000,0,-,-,-,-,3085.8000,3085.0000,3083.6000,3083.0000,3081.6000,3086.6000,3087.0000,3087.2000,3087.6000,3087.8000,2,7,1,2,1,2,1,1,1,1
SF,IH2003,2020-01-10 09:31:35.900,3086.0000,21194,-1,237112380.000,1,0,1,双平,S,3086.0000,3085.8000,3085.0000,3083.6000,3083.0000,3086.6000,3087.0000,3087.6000,3087.8000,3088.0000,1,2,7,1,2,2,1,1,1,3
SF,IH2003,2020-01-10 09:31:36.400,3086.0000,21194,0,237112380.000,0,-,-,-,-,3086.0000,3085.8000,3085.0000,3083.6000,3083.0000,3086.6000,3087.0000,3087.4000,3087.6000,3087.8000,1,2,7,1,2,2,1,1,1,1
SF,IH2003,2020-01-10 09:31:36.900,3086.0000,21194,0,237112380.000,0,-,-,-,-,3085.8000,3085.0000,3083.6000,3083.0000,3081.6000,3086.0000,3086.6000,3087.0000,3087.4000,3087.6000,2,7,1,2,1,1,2,1,1,1
SF,IH2003,2020-01-10 09:31:37.400,3086.0000,21192,-2,238963980.000,2,0,2,双平,S,3086.0000,3085.8000,3085.0000,3083.6000,3083.0000,3086.6000,3087.0000,3087.4000,3087.6000,3087.8000,2,2,7,1,2,2,1,1,1,1
SF,IH2003,2020-01-10 09:31:37.900,3086.0000,21192,0,238963980.000,0,-,-,-,-,3086.2000,3086.0000,3085.8000,3085.0000,3083.6000,3086.6000,3087.0000,3087.4000,3087.6000,3087.8000,1,2,2,7,1,2,1,1,1,1
SF,IH2003,2020-01-10 09:31:38.400,3086.0000,21192,0,238963980.000,0,-,-,-,-,3086.0000,3085.8000,3085.0000,3083.6000,3083.0000,3086.6000,3087.0000,3087.4000,3087.6000,3087.8000,2,2,7,1,2,2,1,1,1,1
SF,IH2003,2020-01-10 09:31:38.900,3086.0000,21192,0,238963980.000,0,-,-,-,-,3086.0000,3085.8000,3085.0000,3083.6000,3083.0000,3086.6000,3087.0000,3087.6000,3087.8000,3088.0000,2,2,7,1,2,1,1,1,1,3
SF,IH2003,2020-01-10 09:31:39.400,3086.0000,21192,0,238963980.000,0,-,-,-,-,3086.0000,3085.8000,3085.0000,3083.6000,3083.0000,3086.6000,3087.6000,3087.8000,3088.0000,3088.2000,2,2,7,1,2,1,1,1,3,2
SF,IH2003,2020-01-10 09:31:39.900,3086.0000,21191,-1,239889780.000,1,0,1,双平,S,3086.0000,3085.8000,3085.0000,3083.6000,3083.0000,3086.6000,3087.6000,3087.8000,3088.0000,3088.2000,2,2,7,1,2,1,1,1,3,2
SF,IH2003,2020-01-10 09:31:40.400,3086.0000,21191,0,239889780.000,0,-,-,-,-,3086.0000,3085.8000,3085.0000,3083.6000,3083.0000,3086.6000,3087.6000,3087.8000,3088.0000,3088.2000,2,3,7,1,2,1,1,1,3,2
SF,IH2003,2020-01-10 09:31:40.900,3086.0000,21192,1,240815580.000,1,1,0,双开,S,3086.0000,3085.8000,3085.0000,3083.6000,3083.0000,3086.6000,3087.6000,3087.8000,3088.0000,3088.2000,1,3,7,1,2,1,1,1,3,2
SF,IH2003,2020-01-10 09:31:41.900,3086.0000,21192,0,240815580.000,0,-,-,-,-,3086.0000,3085.8000,3085.0000,3083.6000,3083.0000,3086.6000,3087.6000,3087.8000,3088.0000,3088.2000,1,3,7,1,2,2,1,1,3,2
SF,IH2003,2020-01-10 09:31:42.400,3086.6000,21191,-1,241741560.000,1,0,1,双平,S,3086.0000,3085.8000,3085.0000,3083.6000,3083.0000,3086.6000,3087.6000,3087.8000,3088.0000,3088.2000,1,3,7,1,2,1,1,1,3,2
SF,IH2003,2020-01-10 09:31:42.900,3086.6000,21190,-1,243593520.000,2,0,2,多平,S,3086.0000,3085.8000,3085.0000,3083.6000,3083.0000,3086.6000,3087.6000,3087.8000,3088.0000,3088.2000,1,3,7,1,2,1,1,1,3,2
SF,IH2003,2020-01-10 09:31:43.400,3086.6000,21190,0,243593520.000,0,-,-,-,-,3086.6000,3086.0000,3085.8000,3085.0000,3083.6000,3087.6000,3087.8000,3088.0000,3088.2000,3088.8000,1,1,3,7,1,1,1,3,2,1
SF,IH2003,2020-01-10 09:31:43.900,3086.6000,21189,-1,244519500.000,1,0,1,双平,S,3086.0000,3085.8000,3085.0000,3083.6000,3083.0000,3087.2000,3087.4000,3087.6000,3087.8000,3088.0000,1,3,7,1,2,1,3,1,1,3
SF,IH2003,2020-01-10 09:31:44.400,3086.6000,21189,0,244519500.000,0,-,-,-,-,3086.0000,3085.8000,3085.0000,3083.6000,3083.0000,3087.4000,3087.6000,3087.8000,3088.0000,3088.2000,1,3,7,1,2,1,1,1,3,3
SF,IH2003,2020-01-10 09:31:44.900,3086.6000,21189,0,244519500.000,0,-,-,-,-,3086.2000,3086.0000,3085.8000,3085.0000,3083.6000,3087.4000,3087.6000,3087.8000,3088.0000,3088.2000,2,1,3,7,1,1,1,1,3,2
SF,IH2003,2020-01-10 09:31:45.400,3086.6000,21189,0,244519500.000,0,-,-,-,-,3086.2000,3086.0000,3085.8000,3085.0000,3083.6000,3087.4000,3087.6000,3087.8000,3088.0000,3088.2000,3,1,3,7,1,1,1,1,3,2
SF,IH2003,2020-01-10 09:31:46.400,3086.6000,21189,0,244519500.000,0,-,-,-,-,3086.4000,3086.2000,3086.0000,3085.8000,3085.0000,3087.4000,3087.6000,3087.8000,3088.0000,3088.2000,1,2,1,3,7,1,1,1,3,2
SF,IH2003,2020-01-10 09:31:46.900,3086.6000,21189,0,244519500.000,0,-,-,-,-,3086.6000,3086.4000,3086.2000,3086.0000,3085.8000,3087.6000,3087.8000,3088.0000,3088.2000,3088.4000,3,1,1,1,3,1,1,3,2,1
SF,IH2003,2020-01-10 09:31:47.400,3086.6000,21189,0,244519500.000,0,-,-,-,-,3086.6000,3086.4000,3086.2000,3086.0000,3085.8000,3087.6000,3087.8000,3088.0000,3088.2000,3088.8000,3,1,1,1,3,1,1,3,2,1
SF,IH2003,2020-01-10 09:31:47.900,3086.6000,21190,1,246371460.000,2,1,1,空开,S,3086.6000,3086.2000,3086.0000,3085.8000,3085.0000,3087.4000,3087.6000,3087.8000,3088.0000,3088.2000,1,1,1,3,7,1,1,1,3,2
SF,IH2003,2020-01-10 09:31:48.400,3086.6000,21190,0,246371460.000,0,-,-,-,-,3086.8000,3086.2000,3086.0000,3085.8000,3085.0000,3087.4000,3087.6000,3087.8000,3088.0000,3088.2000,1,1,1,3,7,1,1,1,3,2
SF,IH2003,2020-01-10 09:31:49.900,3086.6000,21190,0,246371460.000,0,-,-,-,-,3086.8000,3086.2000,3086.0000,3085.8000,3085.0000,3087.4000,3087.6000,3087.8000,3088.0000,3088.2000,1,1,1,3,7,2,1,1,3,2
SF,IH2003,2020-01-10 09:31:50.900,3086.8000,21190,0,247297500.000,1,0,1,多换,S,3086.2000,3086.0000,3085.8000,3085.0000,3083.6000,3087.4000,3087.6000,3087.8000,3088.0000,3088.2000,1,1,3,7,1,2,1,1,3,2
SF,IH2003,2020-01-10 09:31:51.400,3086.8000,21190,0,247297500.000,0,-,-,-,-,3086.4000,3086.2000,3086.0000,3085.8000,3085.0000,3087.4000,3087.6000,3087.8000,3088.0000,3088.2000,1,1,1,3,7,2,1,1,3,2
SF,IH2003,2020-01-10 09:31:53.400,3086.8000,21190,0,247297500.000,0,-,-,-,-,3086.4000,3086.2000,3086.0000,3085.8000,3085.0000,3087.4000,3087.6000,3087.8000,3088.0000,3088.2000,1,1,1,3,7,2,1,1,4,2
SF,IH2003,2020-01-10 09:31:53.900,3086.8000,21190,0,247297500.000,0,-,-,-,-,3086.4000,3086.2000,3086.0000,3085.8000,3085.0000,3087.2000,3087.4000,3087.6000,3087.8000,3088.0000,1,1,1,3,7,1,2,1,1,4
SF,IH2003,2020-01-10 09:31:54.400,3086.8000,21190,0,247297500.000,0,-,-,-,-,3086.4000,3086.2000,3086.0000,3085.8000,3085.0000,3087.4000,3087.6000,3087.8000,3088.0000,3088.2000,1,1,1,3,7,2,1,1,4,2
SF,IH2003,2020-01-10 09:31:54.900,3086.8000,21190,0,247297500.000,0,-,-,-,-,3086.0000,3085.8000,3085.0000,3083.6000,3083.0000,3087.2000,3087.4000,3087.6000,3087.8000,3088.0000,1,3,7,1,2,2,2,1,1,4
SF,IH2003,2020-01-10 09:31:56.400,3086.8000,21190,0,247297500.000,0,-,-,-,-,3086.2000,3086.0000,3085.8000,3085.0000,3083.6000,3086.4000,3087.2000,3087.4000,3087.6000,3087.8000,1,1,3,7,1,1,2,2,1,1
SF,IH2003,2020-01-10 09:31:56.900,3086.2000,21189,-1,249149280.000,2,0,2,多平,S,3086.4000,3086.0000,3085.8000,3085.0000,3083.6000,3087.2000,3087.4000,3087.6000,3087.8000,3088.0000,1,1,3,7,1,1,2,1,1,4
SF,IH2003,2020-01-10 09:31:57.400,3086.4000,21189,0,250075200.000,1,0,1,多换,S,3086.0000,3085.8000,3085.0000,3083.6000,3083.0000,3086.4000,3086.8000,3087.0000,3087.2000,3087.4000,1,3,7,1,2,2,1,1,1,2
SF,IH2003,2020-01-10 09:31:57.900,3086.0000,21188,-1,251001000.000,1,0,1,双平,S,3085.8000,3085.0000,3083.6000,3083.0000,3081.6000,3086.4000,3086.8000,3087.2000,3087.4000,3087.6000,3,7,1,2,1,2,1,1,2,1
SF,IH2003,2020-01-10 09:31:58.400,3086.0000,21188,0,251001000.000,0,-,-,-,-,3085.8000,3085.0000,3083.6000,3083.0000,3081.6000,3086.4000,3086.8000,3087.2000,3087.4000,3087.6000,3,7,1,2,1,4,1,1,2,1
SF,IH2003,2020-01-10 09:31:58.900,3085.8000,21188,0,252852480.000,2,1,1,多换,S,3085.8000,3085.0000,3083.6000,3083.0000,3081.6000,3086.2000,3086.4000,3086.8000,3087.2000,3087.4000,1,7,1,2,1,1,4,1,1,2
SF,IH2003,2020-01-10 09:31:59.400,3085.8000,21187,-1,253778220.000,1,0,1,双平,S,3085.0000,3083.6000,3083.0000,3081.6000,3080.4000,3086.4000,3086.8000,3087.2000,3087.4000,3087.6000,7,1,2,1,1,4,1,1,2,1
SF,IH2003,2020-01-10 09:31:59.900,3085.8000,21187,0,253778220.000,0,-,-,-,-,3085.2000,3085.0000,3083.6000,3083.0000,3081.6000,3086.2000,3086.4000,3086.8000,3087.2000,3087.4000,2,7,1,2,1,1,4,1,1,2
SF,IH2003,2020-01-10 09:32:00.400,3085.8000,21187,0,253778220.000,0,-,-,-,-,3085.2000,3085.0000,3083.6000,3083.0000,3081.6000,3086.4000,3086.8000,3087.2000,3087.4000,3087.6000,2,7,1,2,1,4,1,1,2,1
SF,IH2003,2020-01-10 09:32:00.900,3085.4000,21186,-1,255629760.000,2,0,2,多平,S,3085.2000,3085.0000,3083.6000,3083.0000,3081.6000,3086.0000,3086.4000,3086.8000,3087.2000,3087.4000,2,7,1,2,1,1,3,2,1,2
SF,IH2003,2020-01-10 09:32:01.400,3086.0000,21186,0,256555560.000,1,0,1,多换,S,3085.4000,3085.2000,3085.0000,3083.6000,3083.0000,3086.4000,3086.8000,3087.2000,3087.4000,3087.6000,1,2,7,1,2,3,2,1,2,1
SF,IH2003,2020-01-10 09:32:01.900,3086.0000,21186,0,256555560.000,0,-,-,-,-,3085.2000,3085.0000,3083.6000,3083.0000,3081.6000,3086.2000,3086.4000,3086.8000,3087.2000,3087.4000,2,7,1,2,1,1,3,2,1,2
SF,IH2003,2020-01-10 09:32:02.400,3086.0000,21186,0,256555560.000,0,-,-,-,-,3085.2000,3085.0000,3083.6000,3083.0000,3081.6000,3086.4000,3086.8000,3087.2000,3087.4000,3087.6000,2,7,1,2,1,3,2,1,2,1
SF,IH2003,2020-01-10 09:32:02.900,3086.0000,21186,0,256555560.000,0,-,-,-,-,3085.4000,3085.0000,3083.6000,3083.0000,3081.6000,3086.2000,3086.4000,3086.8000,3087.0000,3087.4000,1,7,1,2,1,4,3,2,1,2
SF,IH2003,2020-01-10 09:32:04.400,3085.4000,21186,0,257481180.000,1,0,1,多换,S,3085.0000,3083.6000,3083.0000,3081.6000,3080.4000,3086.2000,3086.4000,3086.8000,3087.0000,3087.4000,7,1,2,1,1,4,3,2,1,2
SF,IH2003,2020-01-10 09:32:04.900,3085.4000,21186,0,257481180.000,0,-,-,-,-,3085.0000,3084.8000,3083.6000,3083.0000,3081.6000,3086.2000,3086.4000,3086.8000,3087.0000,3087.4000,7,1,1,2,1,2,3,1,1,2
SF,IH2003,2020-01-10 09:32:05.400,3085.4000,21186,0,257481180.000,0,-,-,-,-,3085.0000,3084.8000,3083.6000,3083.0000,3081.6000,3086.0000,3086.2000,3086.4000,3086.8000,3087.0000,7,1,1,2,1,2,2,3,1,1
SF,IH2003,2020-01-10 09:32:05.900,3085.0000,21187,1,258406680.000,1,1,0,双开,S,3085.0000,3084.8000,3083.6000,3083.0000,3081.6000,3085.8000,3086.0000,3086.2000,3086.4000,3086.8000,6,1,1,2,1,1,2,1,3,1
SF,IH2003,2020-01-10 09:32:06.400,3085.0000,21187,0,258406680.000,0,-,-,-,-,3085.0000,3084.8000,3083.6000,3083.0000,3081.6000,3086.0000,3086.2000,3086.4000,3086.8000,3087.0000,6,1,1,2,1,1,1,3,1,1
SF,IH2003,2020-01-10 09:32:06.900,3085.0000,21187,0,260257680.000,2,1,1,多换,S,3085.0000,3084.8000,3083.6000,3083.0000,3081.6000,3085.8000,3086.0000,3086.4000,3086.8000,3087.0000,4,1,1,2,1,2,1,3,1,1
SF,IH2003,2020-01-10 09:32:07.400,3085.0000,21187,0,260257680.000,0,-,-,-,-,3085.0000,3084.8000,3083.6000,3083.0000,3081.6000,3085.8000,3086.0000,3086.4000,3086.8000,3087.0000,4,2,1,2,1,2,1,3,1,1
SF,IH2003,2020-01-10 09:32:07.900,3085.0000,21187,0,260257680.000,0,-,-,-,-,3085.0000,3084.8000,3083.6000,3083.0000,3081.6000,3085.8000,3086.0000,3086.4000,3086.8000,3087.0000,4,2,1,2,1,2,1,1,1,1
SF,IH2003,2020-01-10 09:32:08.400,3085.0000,21187,0,260257680.000,0,-,-,-,-,3085.0000,3084.8000,3083.6000,3083.0000,3081.6000,3085.2000,3085.8000,3086.0000,3086.4000,3086.8000,4,2,1,2,1,1,1,1,1,1
SF,IH2003,2020-01-10 09:32:08.900,3085.2000,21186,-1,261183240.000,1,0,1,双平,S,3085.2000,3085.0000,3084.8000,3083.6000,3083.0000,3086.0000,3086.4000,3086.8000,3087.0000,3087.4000,9,4,2,1,2,2,1,1,2,2
SF,IH2003,2020-01-10 09:32:09.400,3085.2000,21186,0,261183240.000,0,-,-,-,-,3085.2000,3085.0000,3084.8000,3083.6000,3083.0000,3085.8000,3086.0000,3086.4000,3086.8000,3087.0000,6,4,2,1,2,1,2,1,1,2
SF,IH2003,2020-01-10 09:32:09.900,3085.2000,21186,0,261183240.000,0,-,-,-,-,3085.2000,3085.0000,3084.8000,3083.6000,3083.0000,3085.6000,3086.0000,3086.4000,3086.8000,3087.0000,4,4,2,1,2,1,2,1,1,2
SF,IH2003,2020-01-10 09:32:10.400,3085.6000,21186,0,262108920.000,1,0,1,多换,S,3085.6000,3085.2000,3085.0000,3084.8000,3083.6000,3086.0000,3086.4000,3086.8000,3087.0000,3087.4000,4,3,4,2,1,2,1,1,2,2
SF,IH2003,2020-01-10 09:32:10.900,3085.8000,21182,-4,265812060.000,4,0,4,双平,S,3085.6000,3085.2000,3085.0000,3084.8000,3083.6000,3086.4000,3086.8000,3087.0000,3087.4000,3088.0000,4,4,4,2,1,1,1,2,2,4
SF,IH2003,2020-01-10 09:32:11.400,3085.8000,21182,0,265812060.000,0,-,-,-,-,3085.6000,3085.2000,3085.0000,3084.8000,3083.6000,3086.4000,3086.8000,3087.0000,3087.4000,3088.0000,4,4,4,2,1,1,2,2,2,4
SF,IH2003,2020-01-10 09:32:11.900,3085.8000,21182,0,265812060.000,0,-,-,-,-,3085.6000,3085.2000,3085.0000,3084.8000,3083.6000,3086.4000,3086.8000,3087.0000,3087.2000,3087.4000,2,4,4,2,1,1,2,2,1,2
SF,IH2003,2020-01-10 09:32:12.400,3085.6000,21181,-1,267663420.000,2,0,2,多平,S,3085.2000,3085.0000,3084.8000,3083.6000,3083.0000,3085.6000,3086.4000,3086.8000,3087.0000,3087.2000,4,4,2,1,2,1,1,2,2,1
SF,IH2003,2020-01-10 09:32:12.900,3085.6000,21181,0,267663420.000,0,-,-,-,-,3085.2000,3085.0000,3084.8000,3083.6000,3083.0000,3085.6000,3086.4000,3086.8000,3087.0000,3087.2000,3,4,2,1,2,1,1,2,2,1
SF,IH2003,2020-01-10 09:32:13.400,3085.6000,21181,0,267663420.000,0,-,-,-,-,3085.4000,3085.2000,3085.0000,3084.8000,3083.6000,3085.6000,3086.4000,3086.8000,3087.0000,3087.2000,3,1,4,2,1,1,1,2,2,1
SF,IH2003,2020-01-10 09:32:13.900,3085.4000,21181,0,268589040.000,1,0,1,多换,S,3085.4000,3085.2000,3085.0000,3084.8000,3083.6000,3085.6000,3086.4000,3086.8000,3087.0000,3087.2000,2,1,5,2,1,1,1,2,2,1
SF,IH2003,2020-01-10 09:32:14.400,3085.4000,21179,-2,270440280.000,2,0,2,双平,S,3085.2000,3085.0000,3084.8000,3083.6000,3083.0000,3085.4000,3085.6000,3086.4000,3086.8000,3087.0000,1,5,2,1,2,2,1,1,2,2
SF,IH2003,2020-01-10 09:32:14.900,3085.4000,21179,0,270440280.000,0,-,-,-,-,3085.2000,3085.0000,3084.8000,3083.6000,3083.0000,3086.4000,3086.8000,3087.0000,3087.4000,3088.0000,1,5,2,1,2,1,2,2,2,3
SF,IH2003,2020-01-10 09:32:15.400,3085.4000,21179,0,270440280.000,0,-,-,-,-,3085.2000,3085.0000,3084.8000,3083.6000,3083.0000,3085.6000,3086.2000,3086.4000,3086.8000,3087.0000,1,5,2,1,2,3,6,1,2,2
SF,IH2003,2020-01-10 09:32:15.900,3085.2000,21179,0,271365840.000,1,0,1,多换,S,3085.0000,3084.8000,3083.6000,3083.0000,3081.6000,3085.6000,3086.2000,3086.4000,3086.8000,3087.0000,5,2,1,2,1,3,3,1,2,2
SF,IH2003,2020-01-10 09:32:16.400,3085.2000,21179,0,271365840.000,0,-,-,-,-,3085.0000,3084.8000,3083.6000,3083.0000,3081.6000,3085.6000,3086.2000,3086.4000,3086.8000,3087.0000,5,2,1,2,1,4,3,1,2,2
SF,IH2003,2020-01-10 09:32:19.900,3085.2000,21179,0,271365840.000,0,-,-,-,-,3085.0000,3084.8000,3083.6000,3083.0000,3081.6000,3085.6000,3086.2000,3086.4000,3086.8000,3087.0000,6,2,1,2,1,4,3,1,2,2
SF,IH2003,2020-01-10 09:32:20.900,3085.2000,21179,0,271365840.000,0,-,-,-,-,3085.0000,3084.8000,3083.6000,3083.0000,3081.6000,3085.6000,3086.2000,3086.4000,3086.8000,3087.0000,6,2,1,2,1,4,3,1,1,1
SF,IH2003,2020-01-10 09:32:21.400,3085.2000,21179,0,271365840.000,0,-,-,-,-,3085.0000,3084.8000,3083.6000,3083.0000,3081.6000,3085.6000,3086.0000,3086.2000,3086.4000,3086.8000,6,2,1,2,1,4,1,3,1,1
SF,IH2003,2020-01-10 09:32:21.900,3085.0000,21182,3,274142340.000,3,3,0,双开,S,3085.0000,3084.8000,3083.6000,3083.0000,3081.6000,3085.6000,3086.0000,3086.2000,3086.4000,3086.8000,3,2,1,2,1,4,1,3,1,1
SF,IH2003,2020-01-10 09:32:22.900,3085.6000,21182,0,277845060.000,4,2,2,多换,S,3085.0000,3084.8000,3083.6000,3083.0000,3081.6000,3086.0000,3086.2000,3086.4000,3086.8000,3087.0000,3,2,1,2,1,2,1,1,1,1
SF,IH2003,2020-01-10 09:32:23.400,3085.6000,21182,0,277845060.000,0,-,-,-,-,3085.0000,3084.8000,3083.6000,3083.0000,3081.6000,3086.0000,3086.4000,3086.8000,3087.0000,3087.4000,3,2,1,2,1,2,1,1,1,2
SF,IH2003,2020-01-10 09:32:25.900,3086.0000,21180,-2,279696660.000,2,0,2,双平,S,3085.0000,3084.8000,3083.6000,3083.0000,3081.6000,3086.4000,3086.8000,3087.0000,3087.4000,3088.0000,3,2,1,2,1,1,1,1,2,3
SF,IH2003,2020-01-10 09:32:26.400,3086.0000,21180,0,279696660.000,0,-,-,-,-,3085.2000,3085.0000,3084.8000,3083.6000,3083.0000,3085.6000,3086.4000,3086.8000,3087.0000,3087.4000,3,3,2,1,2,1,1,1,1,2
SF,IH2003,2020-01-10 09:32:26.900,3085.6000,21179,-1,280622340.000,1,0,1,双平,S,3085.6000,3085.2000,3085.0000,3084.8000,3083.6000,3086.4000,3086.8000,3087.0000,3087.4000,3088.0000,5,3,3,2,1,1,1,1,2,3
SF,IH2003,2020-01-10 09:32:27.400,3085.6000,21179,0,280622340.000,0,-,-,-,-,3085.6000,3085.2000,3085.0000,3084.8000,3083.6000,3086.4000,3086.8000,3087.0000,3087.4000,3088.0000,4,3,3,2,1,1,1,1,2,3
SF,IH2003,2020-01-10 09:32:27.900,3085.6000,21179,0,280622340.000,0,-,-,-,-,3085.6000,3085.2000,3085.0000,3084.8000,3083.6000,3086.4000,3086.8000,3087.0000,3087.4000,3088.0000,4,3,3,2,1,1,1,1,2,3
SF,IH2003,2020-01-10 09:32:28.400,3085.6000,21179,0,280622340.000,0,-,-,-,-,3085.6000,3085.2000,3085.0000,3084.8000,3083.6000,3086.4000,3086.8000,3087.0000,3087.4000,3088.0000,5,3,3,1,1,1,1,1,2,3
SF,IH2003,2020-01-10 09:32:28.900,3085.6000,21179,0,280622340.000,0,-,-,-,-,3085.6000,3085.2000,3085.0000,3084.8000,3083.6000,3086.4000,3086.8000,3087.0000,3087.4000,3088.0000,5,3,3,1,1,1,1,1,2,3
SF,IH2003,2020-01-10 09:32:29.400,3085.6000,21179,0,281548020.000,1,0,1,多换,S,3085.6000,3085.2000,3085.0000,3084.8000,3083.6000,3086.4000,3086.8000,3087.0000,3087.4000,3088.0000,4,3,3,1,1,1,1,1,2,3
SF,IH2003,2020-01-10 09:32:29.900,3085.6000,21179,0,281548020.000,0,-,-,-,-,3085.6000,3085.2000,3085.0000,3084.8000,3083.6000,3086.4000,3086.8000,3087.0000,3087.4000,3087.6000,4,3,3,1,1,1,1,1,2,1
SF,IH2003,2020-01-10 09:32:30.400,3085.6000,21179,0,281548020.000,0,-,-,-,-,3085.6000,3085.2000,3085.0000,3084.8000,3083.6000,3086.4000,3086.8000,3087.0000,3087.4000,3087.6000,4,1,3,1,1,1,1,1,2,1
SF,IH2003,2020-01-10 09:32:31.400,3085.6000,21179,0,282473700.000,1,0,1,多换,S,3085.6000,3085.2000,3085.0000,3084.8000,3083.6000,3086.4000,3086.8000,3087.0000,3087.4000,3087.6000,3,1,3,1,1,1,1,1,2,1
SF,IH2003,2020-01-10 09:32:31.900,3085.6000,21178,-1,284325060.000,2,0,2,多平,S,3085.2000,3085.0000,3084.8000,3083.6000,3083.0000,3085.6000,3086.4000,3086.8000,3087.0000,3087.4000,1,3,1,1,2,2,1,1,1,2
SF,IH2003,2020-01-10 09:32:32.400,3085.6000,21177,-1,285250740.000,1,0,1,双平,S,3085.2000,3085.0000,3084.8000,3083.6000,3083.0000,3085.6000,3086.4000,3086.8000,3087.0000,3087.4000,1,3,1,1,2,1,1,1,1,2
SF,IH2003,2020-01-10 09:32:32.900,3085.6000,21177,0,286176420.000,1,0,1,多换,S,3085.8000,3085.6000,3085.2000,3085.0000,3084.8000,3086.4000,3086.8000,3087.0000,3087.4000,3087.6000,1,1,1,3,1,1,1,1,2,1
SF,IH2003,2020-01-10 09:32:33.400,3085.6000,21177,0,286176420.000,0,-,-,-,-,3085.8000,3085.6000,3085.2000,3085.0000,3084.8000,3086.2000,3086.4000,3086.8000,3087.0000,3087.4000,1,1,1,3,1,1,1,1,1,2
SF,IH2003,2020-01-10 09:32:33.900,3085.6000,21177,0,286176420.000,0,-,-,-,-,3085.6000,3085.2000,3085.0000,3084.8000,3083.6000,3086.2000,3086.4000,3086.8000,3087.0000,3087.4000,1,1,3,1,1,1,2,1,1,2
SF,IH2003,2020-01-10 09:32:34.900,3085.6000,21177,0,286176420.000,0,-,-,-,-,3085.6000,3085.2000,3085.0000,3084.8000,3083.6000,3086.2000,3086.4000,3086.8000,3087.0000,3087.4000,1,1,3,1,1,1,3,1,1,2
SF,IH2003,2020-01-10 09:32:36.400,3085.6000,21177,0,286176420.000,0,-,-,-,-,3085.8000,3085.6000,3085.2000,3085.0000,3084.8000,3086.2000,3086.4000,3086.8000,3087.0000,3087.4000,1,1,1,3,1,1,3,1,1,2
SF,IH2003,2020-01-10 09:32:36.900,3086.2000,21176,-1,287102280.000,1,0,1,双平,S,3085.8000,3085.6000,3085.2000,3085.0000,3084.8000,3086.4000,3086.8000,3087.0000,3087.4000,3087.6000,1,1,1,3,1,3,1,1,2,1
SF,IH2003,2020-01-10 09:32:37.400,3086.2000,21176,0,287102280.000,0,-,-,-,-,3085.8000,3085.6000,3085.2000,3085.0000,3084.8000,3086.4000,3086.8000,3087.0000,3087.4000,3087.6000,1,1,1,3,1,3,1,1,2,1
SF,IH2003,2020-01-10 09:32:37.900,3086.2000,21176,0,287102280.000,0,-,-,-,-,3085.8000,3085.6000,3085.2000,3085.0000,3084.8000,3086.4000,3086.8000,3087.0000,3087.4000,3088.0000,1,1,1,3,1,2,1,1,2,3
SF,IH2003,2020-01-10 09:32:38.900,3086.4000,21174,-2,288954120.000,2,0,2,双平,S,3085.8000,3085.6000,3085.2000,3085.0000,3084.8000,3086.8000,3087.0000,3087.4000,3088.0000,3088.2000,1,1,1,3,1,1,1,2,3,2
SF,IH2003,2020-01-10 09:32:39.400,3085.8000,21173,-1,289879860.000,1,0,1,双平,S,3085.6000,3085.2000,3085.0000,3084.8000,3083.6000,3086.2000,3086.8000,3087.0000,3087.4000,3088.0000,1,1,3,1,1,1,1,1,2,3
SF,IH2003,2020-01-10 09:32:39.900,3086.2000,21172,-1,290805720.000,1,0,1,双平,S,3085.6000,3085.2000,3085.0000,3084.8000,3083.6000,3086.8000,3087.0000,3087.4000,3088.0000,3088.2000,1,1,3,1,1,1,1,2,3,2
SF,IH2003,2020-01-10 09:32:40.400,3086.2000,21172,0,290805720.000,0,-,-,-,-,3085.8000,3085.6000,3085.0000,3084.8000,3083.6000,3086.6000,3086.8000,3087.0000,3087.4000,3088.0000,1,1,3,1,1,1,1,1,2,3
SF,IH2003,2020-01-10 09:32:42.400,3086.2000,21172,0,290805720.000,0,-,-,-,-,3085.8000,3085.6000,3085.0000,3084.8000,3083.6000,3086.6000,3086.8000,3087.0000,3087.4000,3088.0000,1,1,3,1,1,1,1,1,2,3
SF,IH2003,2020-01-10 09:32:42.900,3086.2000,21172,0,290805720.000,0,-,-,-,-,3085.6000,3085.0000,3084.8000,3083.6000,3083.0000,3085.8000,3086.6000,3086.8000,3087.0000,3087.4000,1,3,1,1,2,1,1,1,1,2
SF,IH2003,2020-01-10 09:32:43.400,3085.8000,21171,-1,292657200.000,2,0,2,多平,S,3085.8000,3085.6000,3085.0000,3084.8000,3083.6000,3086.6000,3086.8000,3087.0000,3087.4000,3088.0000,3,1,3,1,1,1,1,1,2,4
SF,IH2003,2020-01-10 09:32:43.900,3085.8000,21171,0,292657200.000,0,-,-,-,-,3085.8000,3085.6000,3085.0000,3084.8000,3083.6000,3086.6000,3086.8000,3087.0000,3087.4000,3088.0000,1,1,3,1,1,1,1,1,2,4
SF,IH2003,2020-01-10 09:32:44.400,3085.8000,21171,0,293582940.000,1,0,1,多换,S,3085.0000,3084.8000,3083.6000,3083.0000,3081.6000,3086.6000,3086.8000,3087.0000,3087.4000,3088.0000,3,1,1,2,1,1,1,1,2,4
SF,IH2003,2020-01-10 09:32:44.900,3085.8000,21171,0,293582940.000,0,-,-,-,-,3085.2000,3085.0000,3084.8000,3083.6000,3083.0000,3086.6000,3086.8000,3087.0000,3087.4000,3088.0000,4,3,1,1,2,1,1,1,2,4
SF,IH2003,2020-01-10 09:32:46.400,3085.8000,21171,0,293582940.000,0,-,-,-,-,3085.2000,3085.0000,3084.8000,3083.6000,3081.6000,3085.8000,3086.6000,3086.8000,3087.0000,3087.4000,4,3,1,1,1,1,1,1,1,2
SF,IH2003,2020-01-10 09:32:46.900,3085.8000,21171,0,294508680.000,1,0,1,多换,S,3085.8000,3085.2000,3085.0000,3084.8000,3083.6000,3086.6000,3086.8000,3087.0000,3087.4000,3088.0000,2,4,3,1,1,1,1,1,2,4
SF,IH2003,2020-01-10 09:32:47.400,3085.8000,21171,0,294508680.000,0,-,-,-,-,3085.2000,3085.0000,3084.8000,3083.6000,3081.6000,3086.6000,3086.8000,3087.0000,3087.4000,3088.0000,2,3,1,1,1,1,1,1,2,4
SF,IH2003,2020-01-10 09:32:47.900,3085.8000,21171,0,294508680.000,0,-,-,-,-,3085.2000,3085.0000,3084.8000,3083.6000,3081.6000,3086.4000,3086.6000,3086.8000,3087.0000,3087.4000,2,3,1,1,1,1,1,1,1,2
SF,IH2003,2020-01-10 09:32:48.400,3085.8000,21171,0,294508680.000,0,-,-,-,-,3085.2000,3085.0000,3084.8000,3083.6000,3081.6000,3086.4000,3086.6000,3086.8000,3087.0000,3087.4000,3,3,1,1,1,1,1,1,1,2
SF,IH2003,2020-01-10 09:32:48.900,3086.2000,21171,0,295434540.000,1,0,1,多换,S,3085.2000,3085.0000,3084.8000,3083.6000,3081.6000,3086.4000,3086.6000,3086.8000,3087.0000,3087.4000,3,3,1,1,1,1,1,1,1,2
SF,IH2003,2020-01-10 09:32:49.400,3086.2000,21171,0,295434540.000,0,-,-,-,-,3086.4000,3085.4000,3085.2000,3085.0000,3084.8000,3086.6000,3086.8000,3087.0000,3087.4000,3088.0000,1,1,3,3,1,1,1,1,2,4
SF,IH2003,2020-01-10 09:32:49.900,3086.8000,21169,-2,297286560.000,2,0,2,双平,S,3085.4000,3085.2000,3085.0000,3084.8000,3083.6000,3087.0000,3087.4000,3088.0000,3088.2000,3088.4000,1,3,3,1,1,1,2,4,2,1
SF,IH2003,2020-01-10 09:32:50.400,3087.0000,21168,-1,298212660.000,1,0,1,双平,S,3085.6000,3085.4000,3085.2000,3085.0000,3084.8000,3087.4000,3088.0000,3088.2000,3088.4000,3088.8000,3,2,2,3,1,2,4,2,1,2
SF,IH2003,2020-01-10 09:32:50.900,3087.0000,21168,0,298212660.000,0,-,-,-,-,3086.0000,3085.8000,3085.6000,3085.4000,3085.2000,3087.4000,3088.0000,3088.2000,3088.4000,3088.8000,2,2,4,1,2,2,4,2,1,3
SF,IH2003,2020-01-10 09:32:51.400,3087.0000,21168,0,298212660.000,0,-,-,-,-,3085.8000,3085.6000,3085.4000,3085.2000,3085.0000,3087.2000,3087.4000,3088.0000,3088.2000,3088.4000,1,2,1,2,3,1,2,4,2,1
SF,IH2003,2020-01-10 09:32:51.900,3087.0000,21167,-1,299138760.000,1,0,1,双平,S,3085.8000,3085.6000,3085.2000,3085.0000,3084.8000,3087.0000,3087.2000,3087.4000,3088.0000,3088.2000,1,2,2,3,1,1,1,2,4,2
SF,IH2003,2020-01-10 09:32:52.400,3087.0000,21167,0,299138760.000,0,-,-,-,-,3085.6000,3085.2000,3085.0000,3084.8000,3083.6000,3086.4000,3086.8000,3087.0000,3087.2000,3087.4000,2,2,3,1,1,2,1,1,1,2
SF,IH2003,2020-01-10 09:32:52.900,3085.8000,21166,-1,300990480.000,2,0,2,多平,S,3085.6000,3085.2000,3085.0000,3084.8000,3083.6000,3086.4000,3087.2000,3087.4000,3088.0000,3088.2000,2,2,3,1,1,1,1,2,4,2
SF,IH2003,2020-01-10 09:32:53.400,3085.8000,21166,0,300990480.000,0,-,-,-,-,3085.6000,3085.2000,3085.0000,3084.8000,3083.6000,3086.4000,3087.2000,3087.4000,3088.0000,3088.2000,2,2,3,1,1,1,1,2,4,2
SF,IH2003,2020-01-10 09:32:53.900,3085.8000,21165,-1,301916220.000,1,0,1,双平,S,3085.6000,3085.2000,3085.0000,3084.8000,3083.6000,3086.4000,3087.2000,3087.4000,3088.0000,3088.2000,2,2,3,1,1,1,1,2,4,2
SF,IH2003,2020-01-10 09:32:54.400,3085.6000,21165,0,302841900.000,1,0,1,多换,S,3085.2000,3085.0000,3084.8000,3083.6000,3081.6000,3086.4000,3087.2000,3087.4000,3088.0000,3088.2000,1,3,1,1,1,1,1,2,4,2
SF,IH2003,2020-01-10 09:32:54.900,3085.6000,21165,0,302841900.000,0,-,-,-,-,3085.4000,3085.2000,3085.0000,3084.8000,3083.6000,3085.6000,3086.4000,3087.2000,3087.4000,3088.0000,1,1,3,1,1,2,1,1,2,4
SF,IH2003,2020-01-10 09:32:55.400,3085.6000,21164,-1,304693260.000,2,0,2,多平,S,3085.2000,3085.0000,3084.8000,3083.6000,3081.6000,3086.4000,3087.2000,3087.4000,3088.0000,3088.2000,1,3,1,1,1,1,1,2,4,2
SF,IH2003,2020-01-10 09:32:55.900,3085.6000,21164,0,304693260.000,0,-,-,-,-,3085.2000,3085.0000,3084.8000,3083.6000,3081.6000,3086.4000,3087.2000,3087.4000,3088.0000,3088.2000,1,3,1,1,1,1,1,3,4,2
SF,IH2003,2020-01-10 09:32:56.400,3085.6000,21164,0,304693260.000,0,-,-,-,-,3085.2000,3085.0000,3084.8000,3083.6000,3081.6000,3086.4000,3087.2000,3087.4000,3088.0000,3088.2000,1,3,1,1,1,1,1,2,4,2
SF,IH2003,2020-01-10 09:32:56.900,3085.6000,21164,0,304693260.000,0,-,-,-,-,3085.4000,3085.2000,3085.0000,3084.8000,3083.6000,3086.4000,3087.2000,3087.4000,3088.0000,3088.2000,2,1,3,1,1,1,1,2,4,2
SF,IH2003,2020-01-10 09:32:57.400,3085.6000,21164,0,304693260.000,0,-,-,-,-,3085.2000,3085.0000,3084.8000,3083.6000,3081.6000,3086.4000,3086.8000,3087.2000,3087.4000,3088.0000,1,3,1,1,1,1,1,1,2,4
SF,IH2003,2020-01-10 09:32:57.900,3085.6000,21164,0,304693260.000,0,-,-,-,-,3085.2000,3085.0000,3084.8000,3083.6000,3081.6000,3086.4000,3086.8000,3087.2000,3087.4000,3087.6000,1,3,1,1,1,1,1,1,2,1
SF,IH2003,2020-01-10 09:32:58.400,3085.2000,21164,0,305618820.000,1,0,1,多换,S,3085.0000,3084.8000,3083.6000,3081.6000,3080.4000,3086.4000,3086.8000,3087.2000,3087.4000,3088.0000,3,1,1,1,1,1,1,1,2,4
SF,IH2003,2020-01-10 09:32:58.900,3085.2000,21164,0,305618820.000,0,-,-,-,-,3085.0000,3084.8000,3083.6000,3081.6000,3080.4000,3086.2000,3086.4000,3086.8000,3087.4000,3087.8000,3,1,1,1,1,1,1,1,2,1
SF,IH2003,2020-01-10 09:32:59.400,3085.2000,21164,0,305618820.000,0,-,-,-,-,3085.0000,3084.8000,3083.6000,3081.6000,3080.4000,3086.2000,3086.4000,3086.8000,3087.4000,3087.8000,3,1,1,1,1,1,1,1,2,1
SF,IH2003,2020-01-10 09:32:59.900,3086.4000,21164,0,307470600.000,2,1,1,多换,S,3085.0000,3084.8000,3083.6000,3081.6000,3080.4000,3086.8000,3087.4000,3087.8000,3088.0000,3088.2000,3,1,1,1,1,1,2,1,4,2
SF,IH2003,2020-01-10 09:33:00.400,3086.4000,21164,0,307470600.000,0,-,-,-,-,3085.2000,3085.0000,3084.8000,3083.6000,3081.6000,3086.6000,3086.8000,3087.4000,3087.8000,3088.0000,2,3,1,1,1,4,1,2,1,4
SF,IH2003,2020-01-10 09:33:00.900,3086.4000,21164,0,307470600.000,0,-,-,-,-,3085.2000,3085.0000,3084.8000,3083.6000,3081.6000,3086.6000,3086.8000,3087.4000,3087.8000,3088.0000,4,3,1,1,1,4,1,2,1,4
SF,IH2003,2020-01-10 09:33:01.400,3085.2000,21163,-1,308396160.000,1,0,1,双平,S,3085.2000,3085.0000,3084.8000,3083.6000,3081.6000,3086.6000,3086.8000,3087.4000,3087.8000,3088.0000,3,3,1,1,1,2,1,2,1,4
SF,IH2003,2020-01-10 09:33:01.900,3085.2000,21163,0,308396160.000,0,-,-,-,-,3085.2000,3085.0000,3084.8000,3083.6000,3081.6000,3086.8000,3087.4000,3087.6000,3088.0000,3088.2000,3,3,1,1,1,1,2,1,4,2
SF,IH2003,2020-01-10 09:33:02.400,3085.2000,21163,0,308396160.000,0,-,-,-,-,3085.2000,3085.0000,3084.8000,3083.6000,3081.6000,3086.6000,3086.8000,3087.4000,3087.6000,3088.0000,3,3,1,1,1,4,1,2,1,4
SF,IH2003,2020-01-10 09:33:02.900,3085.2000,21163,0,308396160.000,0,-,-,-,-,3085.2000,3085.0000,3084.8000,3083.6000,3081.6000,3086.6000,3086.8000,3087.4000,3087.6000,3088.0000,3,3,1,1,1,5,1,2,1,4
SF,IH2003,2020-01-10 09:33:03.400,3085.2000,21163,0,308396160.000,0,-,-,-,-,3085.2000,3085.0000,3084.8000,3083.6000,3081.6000,3086.6000,3086.8000,3087.4000,3087.6000,3088.0000,3,3,1,1,1,5,1,2,1,4
SF,IH2003,2020-01-10 09:33:03.900,3085.2000,21163,0,308396160.000,0,-,-,-,-,3085.2000,3085.0000,3084.8000,3083.6000,3081.6000,3086.4000,3086.6000,3086.8000,3087.4000,3087.6000,2,3,1,1,1,4,3,1,2,1
SF,IH2003,2020-01-10 09:33:04.400,3085.2000,21163,0,308396160.000,0,-,-,-,-,3085.2000,3085.0000,3084.8000,3083.6000,3081.6000,3086.2000,3086.4000,3086.6000,3086.8000,3087.4000,2,3,1,1,1,3,3,2,1,2
SF,IH2003,2020-01-10 09:33:04.900,3085.2000,21163,0,308396160.000,0,-,-,-,-,3085.2000,3085.0000,3084.8000,3083.6000,3081.6000,3086.2000,3086.4000,3086.6000,3086.8000,3087.4000,2,3,1,1,1,2,3,1,1,2
SF,IH2003,2020-01-10 09:33:05.400,3085.2000,21163,0,310247280.000,2,1,1,多换,S,3085.0000,3084.8000,3083.6000,3081.6000,3080.4000,3085.2000,3086.2000,3086.4000,3086.6000,3086.8000,3,1,1,1,1,1,2,3,1,1
SF,IH2003,2020-01-10 09:33:05.900,3085.2000,21163,0,310247280.000,0,-,-,-,-,3085.0000,3084.8000,3083.6000,3081.6000,3080.4000,3086.4000,3086.6000,3086.8000,3087.4000,3087.6000,3,1,1,1,1,3,1,1,2,1
SF,IH2003,2020-01-10 09:33:06.400,3085.0000,21164,1,311172780.000,1,1,0,双开,S,3085.0000,3084.8000,3083.6000,3081.6000,3080.4000,3086.2000,3086.4000,3086.6000,3086.8000,3087.4000,2,1,1,1,1,1,3,1,1,2
SF,IH2003,2020-01-10 09:33:06.900,3085.0000,21164,0,311172780.000,0,-,-,-,-,3085.0000,3084.8000,3083.6000,3081.6000,3080.4000,3086.0000,3086.2000,3086.4000,3086.6000,3086.8000,2,1,1,1,1,1,1,3,1,1
SF,IH2003,2020-01-10 09:33:07.400,3085.0000,21164,0,313023780.000,2,1,1,多换,S,3084.8000,3083.6000,3081.6000,3080.4000,3080.2000,3085.8000,3086.0000,3086.2000,3086.4000,3086.6000,1,1,1,1,2,2,1,1,3,2
SF,IH2003,2020-01-10 09:33:07.900,3084.8000,21164,0,313949220.000,1,0,1,多换,S,3083.6000,3081.6000,3080.4000,3080.2000,3080.0000,3084.8000,3085.6000,3085.8000,3086.0000,3086.4000,1,1,1,2,4,3,1,2,2,3
SF,IH2003,2020-01-10 09:33:08.400,3084.8000,21164,0,313949220.000,0,-,-,-,-,3083.8000,3083.6000,3081.6000,3080.4000,3080.2000,3084.8000,3085.8000,3086.0000,3086.4000,3086.6000,1,1,1,1,2,2,2,2,3,2
SF,IH2003,2020-01-10 09:33:08.900,3084.8000,21164,0,313949220.000,0,-,-,-,-,3083.8000,3083.6000,3081.6000,3080.4000,3080.2000,3084.8000,3085.8000,3086.0000,3086.4000,3086.6000,1,1,1,1,2,2,2,2,3,2
SF,IH2003,2020-01-10 09:33:09.400,3084.8000,21164,0,313949220.000,0,-,-,-,-,3083.8000,3083.6000,3081.6000,3080.4000,3080.2000,3084.8000,3085.8000,3086.0000,3086.4000,3086.6000,1,1,1,1,2,3,2,2,3,2
SF,IH2003,2020-01-10 09:33:09.900,3084.8000,21164,0,313949220.000,0,-,-,-,-,3083.8000,3083.6000,3081.6000,3080.4000,3080.2000,3084.8000,3085.8000,3086.0000,3086.4000,3086.6000,1,1,1,1,2,3,2,2,3,2
SF,IH2003,2020-01-10 09:33:10.400,3084.8000,21164,0,313949220.000,0,-,-,-,-,3083.6000,3081.6000,3080.4000,3080.2000,3080.0000,3084.8000,3085.8000,3086.0000,3086.4000,3086.6000,1,1,1,2,4,3,2,2,3,2
SF,IH2003,2020-01-10 09:33:10.900,3084.8000,21164,0,313949220.000,0,-,-,-,-,3083.6000,3081.6000,3080.4000,3080.2000,3080.0000,3084.6000,3084.8000,3085.8000,3086.0000,3086.4000,1,1,1,2,4,2,3,2,2,4
SF,IH2003,2020-01-10 09:33:11.400,3083.6000,21164,0,314874300.000,1,0,1,多换,S,3081.6000,3080.4000,3080.2000,3080.0000,3078.0000,3084.6000,3084.8000,3085.8000,3086.0000,3086.4000,1,1,2,4,6,2,3,2,2,4
SF,IH2003,2020-01-10 09:33:11.900,3083.6000,21164,0,314874300.000,0,-,-,-,-,3083.4000,3083.0000,3082.8000,3082.6000,3082.4000,3084.4000,3084.8000,3085.8000,3086.0000,3086.4000,1,1,1,1,5,4,3,2,2,4
SF,IH2003,2020-01-10 09:33:12.400,3083.6000,21164,0,314874300.000,0,-,-,-,-,3083.0000,3082.8000,3082.6000,3082.4000,3082.2000,3083.6000,3084.8000,3085.8000,3086.0000,3086.4000,1,1,1,5,1,1,3,2,2,4
SF,IH2003,2020-01-10 09:33:12.900,3083.6000,21163,-1,315799380.000,1,0,1,双平,S,3083.8000,3083.6000,3083.2000,3082.0000,3081.8000,3084.8000,3085.8000,3086.0000,3086.4000,3086.6000,2,4,1,7,3,3,2,2,4,2
SF,IH2003,2020-01-10 09:33:13.400,3084.8000,21162,-1,316724820.000,1,0,1,双平,S,3083.8000,3083.6000,3083.2000,3082.0000,3081.8000,3084.8000,3085.8000,3086.0000,3086.4000,3086.6000,1,3,1,7,2,2,2,2,4,2
SF,IH2003,2020-01-10 09:33:13.900,3084.8000,21161,-1,318575700.000,2,0,2,多平,S,3083.8000,3083.6000,3083.2000,3082.0000,3081.8000,3085.8000,3086.0000,3086.4000,3086.6000,3086.8000,1,3,1,7,2,2,2,4,2,1
SF,IH2003,2020-01-10 09:33:14.400,3084.8000,21161,0,318575700.000,0,-,-,-,-,3084.0000,3083.6000,3082.0000,3081.8000,3081.6000,3085.6000,3085.8000,3086.0000,3086.4000,3086.6000,3,3,7,2,1,9,2,2,4,2
SF,IH2003,2020-01-10 09:33:14.900,3084.8000,21161,0,318575700.000,0,-,-,-,-,3084.0000,3083.6000,3082.0000,3081.8000,3081.6000,3085.4000,3085.6000,3085.8000,3086.0000,3086.4000,3,3,7,2,1,4,7,2,2,2
SF,IH2003,2020-01-10 09:33:15.400,3084.8000,21161,0,318575700.000,0,-,-,-,-,3084.0000,3083.6000,3082.0000,3081.8000,3081.6000,3085.2000,3085.4000,3085.6000,3085.8000,3086.0000,1,3,7,2,1,1,4,4,2,2
SF,IH2003,2020-01-10 09:33:15.900,3084.8000,21161,0,318575700.000,0,-,-,-,-,3083.6000,3082.0000,3081.8000,3081.6000,3080.4000,3083.8000,3085.0000,3085.4000,3085.6000,3086.0000,3,7,2,1,1,1,6,2,3,2
SF,IH2003,2020-01-10 09:33:16.400,3084.0000,21160,-1,320426100.000,2,0,2,多平,S,3084.0000,3083.8000,3083.6000,3082.0000,3081.8000,3085.0000,3085.4000,3085.6000,3086.0000,3086.4000,1,2,2,7,2,2,2,3,2,2
SF,IH2003,2020-01-10 09:33:16.900,3084.0000,21160,0,320426100.000,0,-,-,-,-,3084.0000,3083.8000,3083.6000,3082.0000,3081.8000,3085.0000,3085.4000,3085.6000,3086.0000,3086.4000,1,1,2,7,2,1,2,3,2,2
SF,IH2003,2020-01-10 09:33:17.400,3084.0000,21160,0,320426100.000,0,-,-,-,-,3083.8000,3083.6000,3082.0000,3081.8000,3081.6000,3084.8000,3085.0000,3085.4000,3085.6000,3086.0000,1,2,7,2,1,4,1,2,3,2
SF,IH2003,2020-01-10 09:33:17.900,3084.0000,21160,0,320426100.000,0,-,-,-,-,3084.0000,3083.8000,3083.6000,3082.0000,3081.8000,3084.8000,3085.0000,3085.4000,3085.6000,3086.0000,1,1,2,7,2,4,1,2,3,2
SF,IH2003,2020-01-10 09:33:18.400,3084.0000,21160,0,320426100.000,0,-,-,-,-,3084.0000,3083.8000,3083.6000,3082.0000,3081.8000,3084.8000,3085.0000,3085.4000,3085.6000,3086.0000,1,1,2,7,2,3,1,2,3,2
SF,IH2003,2020-01-10 09:33:19.400,3084.0000,21159,-1,321351300.000,1,0,1,双平,S,3083.8000,3083.6000,3082.0000,3081.8000,3081.6000,3084.0000,3084.8000,3085.0000,3085.4000,3085.6000,1,2,7,2,1,1,3,1,2,3
SF,IH2003,2020-01-10 09:33:19.900,3084.0000,21158,-1,322276500.000,1,0,1,双平,S,3083.6000,3082.0000,3081.8000,3081.6000,3081.2000,3083.8000,3084.8000,3085.0000,3085.4000,3085.6000,2,7,2,1,1,1,3,1,2,3
SF,IH2003,2020-01-10 09:33:20.400,3083.8000,21157,-1,323201640.000,1,0,1,双平,S,3083.6000,3082.0000,3081.8000,3081.6000,3081.2000,3084.8000,3085.0000,3085.4000,3085.6000,3086.0000,2,7,2,1,1,3,1,2,3,2
SF,IH2003,2020-01-10 09:33:20.900,3083.8000,21157,0,323201640.000,0,-,-,-,-,3082.0000,3081.8000,3081.6000,3081.2000,3080.4000,3084.6000,3084.8000,3085.0000,3085.4000,3085.6000,7,2,1,1,1,4,3,2,2,3
SF,IH2003,2020-01-10 09:33:21.400,3083.8000,21157,0,323201640.000,0,-,-,-,-,3082.6000,3082.2000,3082.0000,3081.8000,3081.6000,3084.4000,3084.6000,3084.8000,3085.0000,3085.4000,1,10,7,2,1,2,1,3,2,2
SF,IH2003,2020-01-10 09:33:21.900,3083.8000,21157,0,323201640.000,0,-,-,-,-,3083.0000,3082.8000,3082.2000,3082.0000,3081.8000,3084.4000,3084.8000,3085.0000,3085.4000,3085.6000,2,6,9,7,2,2,3,2,2,2
SF,IH2003,2020-01-10 09:33:22.400,3083.8000,21157,0,323201640.000,0,-,-,-,-,3083.2000,3083.0000,3082.8000,3082.2000,3082.0000,3084.4000,3084.8000,3085.0000,3085.4000,3085.6000,3,2,4,8,7,1,3,2,2,2
SF,IH2003,2020-01-10 09:33:22.900,3083.8000,21157,0,323201640.000,0,-,-,-,-,3083.6000,3083.2000,3083.0000,3082.8000,3082.2000,3084.8000,3085.0000,3085.4000,3085.6000,3086.0000,1,3,2,4,8,3,2,2,2,2
SF,IH2003,2020-01-10 09:33:23.400,3083.8000,21157,0,323201640.000,0,-,-,-,-,3083.6000,3083.0000,3082.8000,3082.2000,3082.0000,3084.6000,3084.8000,3085.0000,3085.4000,3085.6000,1,2,3,4,7,2,3,2,2,2
SF,IH2003,2020-01-10 09:33:24.900,3083.8000,21157,0,323201640.000,0,-,-,-,-,3083.6000,3083.0000,3082.8000,3082.2000,3082.0000,3084.4000,3084.6000,3085.0000,3085.4000,3085.6000,1,4,3,4,7,3,2,2,2,2
SF,IH2003,2020-01-10 09:33:25.400,3083.8000,21157,0,323201640.000,0,-,-,-,-,3083.6000,3083.0000,3082.8000,3082.2000,3082.0000,3084.4000,3084.6000,3085.0000,3085.4000,3085.6000,1,4,3,4,7,3,1,2,2,2
SF,IH2003,2020-01-10 09:33:25.900,3083.8000,21157,0,323201640.000,0,-,-,-,-,3083.6000,3083.0000,3082.8000,3082.2000,3082.0000,3084.4000,3084.6000,3085.0000,3085.4000,3085.6000,1,4,3,4,7,3,1,2,2,2
SF,IH2003,2020-01-10 09:33:26.400,3083.8000,21157,0,323201640.000,0,-,-,-,-,3083.6000,3083.0000,3082.8000,3082.4000,3082.2000,3084.4000,3084.6000,3085.0000,3085.4000,3085.6000,1,4,3,1,4,3,1,2,2,2
SF,IH2003,2020-01-10 09:33:26.900,3083.6000,21157,0,324126720.000,1,0,1,多换,S,3083.0000,3082.8000,3082.4000,3082.2000,3082.0000,3084.4000,3084.6000,3085.0000,3085.4000,3085.6000,4,4,1,4,7,3,1,2,2,2
SF,IH2003,2020-01-10 09:33:27.400,3083.6000,21157,0,324126720.000,0,-,-,-,-,3083.2000,3083.0000,3082.8000,3082.4000,3082.2000,3084.4000,3084.6000,3085.0000,3085.4000,3085.6000,2,4,4,1,4,3,1,3,2,2
SF,IH2003,2020-01-10 09:33:27.900,3083.6000,21157,0,324126720.000,0,-,-,-,-,3083.0000,3082.8000,3082.4000,3082.2000,3081.8000,3083.6000,3084.2000,3084.4000,3084.8000,3085.0000,2,1,1,3,2,1,4,3,1,3
SF,IH2003,2020-01-10 09:33:28.400,3083.6000,21157,0,324126720.000,0,-,-,-,-,3083.0000,3082.8000,3082.4000,3082.2000,3081.8000,3083.6000,3084.2000,3084.4000,3084.6000,3084.8000,2,1,1,3,2,1,1,3,1,1
SF,IH2003,2020-01-10 09:33:28.900,3083.6000,21157,0,324126720.000,0,-,-,-,-,3083.0000,3082.4000,3082.2000,3081.8000,3081.6000,3083.6000,3084.2000,3084.6000,3084.8000,3085.0000,2,1,3,2,1,1,4,1,1,3
SF,IH2003,2020-01-10 09:33:29.900,3083.6000,21157,0,324126720.000,0,-,-,-,-,3083.0000,3082.4000,3082.2000,3081.8000,3081.6000,3083.6000,3084.2000,3084.6000,3084.8000,3085.0000,2,1,3,2,1,1,4,1,1,3
SF,IH2003,2020-01-10 09:33:30.400,3083.6000,21157,0,324126720.000,0,-,-,-,-,3083.0000,3082.4000,3082.2000,3081.8000,3081.6000,3083.6000,3084.2000,3084.6000,3084.8000,3085.0000,2,1,3,2,1,2,4,1,1,3
SF,IH2003,2020-01-10 09:33:30.900,3083.6000,21157,0,324126720.000,0,-,-,-,-,3083.0000,3082.4000,3082.2000,3081.8000,3081.6000,3083.6000,3084.2000,3084.6000,3084.8000,3085.0000,2,1,3,1,1,2,4,1,1,3
SF,IH2003,2020-01-10 09:33:31.900,3083.6000,21157,0,324126720.000,0,-,-,-,-,3083.0000,3082.4000,3082.2000,3081.8000,3081.6000,3083.6000,3084.2000,3084.6000,3084.8000,3085.0000,2,1,3,1,1,3,4,1,1,3
SF,IH2003,2020-01-10 09:33:33.400,3083.0000,21157,0,325976520.000,2,1,1,多换,S,3082.4000,3082.2000,3081.8000,3081.6000,3081.2000,3082.8000,3083.0000,3083.6000,3084.2000,3084.6000,1,3,1,1,1,1,1,3,4,1
SF,IH2003,2020-01-10 09:33:33.900,3083.0000,21155,-2,327826260.000,2,0,2,双平,S,3082.4000,3081.8000,3081.6000,3081.2000,3080.4000,3083.4000,3083.6000,3084.2000,3084.6000,3084.8000,1,1,1,1,1,3,3,1,1,1
SF,IH2003,2020-01-10 09:33:34.400,3082.4000,21154,-1,328750980.000,1,0,1,双平,S,3081.8000,3081.6000,3081.2000,3080.4000,3080.2000,3083.4000,3083.6000,3084.2000,3084.6000,3084.8000,1,1,1,1,2,3,3,1,1,1
SF,IH2003,2020-01-10 09:33:34.900,3082.4000,21154,0,328750980.000,0,-,-,-,-,3082.0000,3081.8000,3081.6000,3081.2000,3080.4000,3083.2000,3083.4000,3083.6000,3084.6000,3084.8000,2,1,1,1,1,4,3,3,1,1
SF,IH2003,2020-01-10 09:33:35.400,3082.4000,21154,0,328750980.000,0,-,-,-,-,3082.0000,3081.6000,3081.2000,3080.4000,3080.2000,3083.0000,3083.2000,3083.4000,3083.6000,3084.6000,2,1,1,1,2,2,2,3,3,1
SF,IH2003,2020-01-10 09:33:35.900,3082.4000,21154,0,328750980.000,0,-,-,-,-,3082.0000,3081.6000,3081.2000,3080.4000,3080.2000,3083.0000,3083.2000,3083.4000,3083.6000,3084.6000,2,1,1,1,2,2,1,3,3,1
SF,IH2003,2020-01-10 09:33:36.400,3082.4000,21154,0,328750980.000,0,-,-,-,-,3081.6000,3081.2000,3080.4000,3080.2000,3080.0000,3083.0000,3083.2000,3083.4000,3083.6000,3084.6000,1,1,1,2,4,2,1,3,3,1
SF,IH2003,2020-01-10 09:33:36.900,3082.4000,21154,0,328750980.000,0,-,-,-,-,3081.6000,3081.2000,3080.4000,3080.2000,3080.0000,3082.8000,3083.0000,3083.4000,3083.6000,3084.6000,1,1,1,2,4,3,2,3,2,1
SF,IH2003,2020-01-10 09:33:37.400,3081.6000,21153,-1,329675460.000,1,0,1,双平,S,3081.2000,3080.4000,3080.2000,3080.0000,3078.0000,3082.6000,3082.8000,3083.4000,3083.6000,3084.6000,1,1,2,4,6,3,3,3,2,1
SF,IH2003,2020-01-10 09:33:37.900,3081.6000,21153,0,329675460.000,0,-,-,-,-,3081.2000,3080.4000,3080.2000,3080.0000,3078.0000,3082.0000,3082.4000,3082.6000,3083.4000,3083.6000,1,1,2,4,6,2,7,1,3,2
SF,IH2003,2020-01-10 09:33:38.400,3081.2000,21152,-1,330599820.000,1,0,1,双平,S,3080.4000,3080.2000,3080.0000,3078.0000,3077.2000,3081.2000,3081.6000,3081.8000,3082.0000,3082.4000,1,2,4,6,1,1,2,3,2,2
SF,IH2003,2020-01-10 09:33:38.900,3081.2000,21151,-1,331524180.000,1,0,1,双平,S,3080.4000,3080.2000,3080.0000,3078.0000,3077.2000,3081.6000,3081.8000,3082.0000,3082.6000,3083.6000,1,2,4,6,1,2,4,2,1,1
SF,IH2003,2020-01-10 09:33:39.400,3081.2000,21151,0,331524180.000,0,-,-,-,-,3080.6000,3080.4000,3080.2000,3080.0000,3078.0000,3081.6000,3081.8000,3082.0000,3082.6000,3084.6000,1,1,2,4,6,2,3,2,1,1
SF,IH2003,2020-01-10 09:33:39.900,3080.6000,21150,-1,332448360.000,1,0,1,双平,S,3080.4000,3080.2000,3080.0000,3078.0000,3077.2000,3081.6000,3081.8000,3082.0000,3082.6000,3084.6000,1,2,4,6,1,2,3,2,1,1
SF,IH2003,2020-01-10 09:33:40.400,3080.4000,21149,-1,333372480.000,1,0,1,双平,S,3080.2000,3080.0000,3078.0000,3077.2000,3077.0000,3080.4000,3081.4000,3081.6000,3081.8000,3082.0000,2,4,6,1,4,1,3,2,3,2
SF,IH2003,2020-01-10 09:33:40.900,3080.0000,21144,-5,338916960.000,6,0,6,多平,S,3080.0000,3078.0000,3077.2000,3077.0000,3076.2000,3081.2000,3081.4000,3081.6000,3081.8000,3082.0000,3,6,1,4,1,1,1,2,3,2
SF,IH2003,2020-01-10 09:33:41.400,3080.0000,21142,-2,343536360.000,5,1,4,多平,S,3078.0000,3077.2000,3077.0000,3076.2000,3076.0000,3081.0000,3081.2000,3081.6000,3081.8000,3082.0000,5,1,4,1,6,3,1,2,3,2
SF,IH2003,2020-01-10 09:33:41.900,3080.0000,21142,0,343536360.000,0,-,-,-,-,3079.6000,3078.8000,3078.6000,3078.4000,3078.2000,3080.8000,3081.0000,3081.2000,3081.6000,3081.8000,1,2,5,7,7,2,1,1,2,3
SF,IH2003,2020-01-10 09:33:42.400,3080.0000,21142,0,343536360.000,0,-,-,-,-,3080.4000,3078.8000,3078.6000,3078.4000,3078.2000,3080.6000,3081.2000,3081.6000,3081.8000,3082.0000,1,2,5,7,7,6,1,2,3,2
SF,IH2003,2020-01-10 09:33:42.900,3080.4000,21141,-1,344460480.000,1,0,1,双平,S,3078.8000,3078.6000,3078.4000,3078.2000,3078.0000,3080.0000,3080.2000,3080.4000,3080.6000,3081.2000,2,5,7,4,7,1,3,2,5,1
SF,IH2003,2020-01-10 09:33:43.400,3080.4000,21141,0,344460480.000,0,-,-,-,-,3079.6000,3079.0000,3078.8000,3078.6000,3078.4000,3080.0000,3080.2000,3080.4000,3080.6000,3081.2000,1,6,1,5,7,1,2,2,3,1
SF,IH2003,2020-01-10 09:33:43.900,3080.4000,21141,0,344460480.000,0,-,-,-,-,3079.0000,3078.8000,3078.6000,3078.4000,3078.2000,3079.6000,3079.8000,3080.0000,3080.2000,3080.4000,5,1,5,7,3,2,1,1,2,2
SF,IH2003,2020-01-10 09:33:44.400,3079.8000,21139,-2,347232180.000,3,0,3,多平,S,3079.6000,3079.0000,3078.6000,3078.4000,3078.2000,3080.0000,3080.2000,3080.4000,3080.6000,3081.2000,5,4,1,7,3,1,2,2,3,1
SF,IH2003,2020-01-10 09:33:44.900,3079.8000,21134,-5,351851640.000,5,0,5,双平,S,3078.2000,3078.0000,3077.2000,3077.0000,3076.2000,3079.6000,3080.0000,3080.4000,3080.6000,3081.2000,3,6,1,4,1,3,1,2,2,1
SF,IH2003,2020-01-10 09:33:45.400,3079.6000,21135,1,354623280.000,3,2,1,空开,S,3079.6000,3079.2000,3078.8000,3078.6000,3078.4000,3080.0000,3080.4000,3080.6000,3081.2000,3081.6000,2,2,3,8,5,1,2,2,1,2
SF,IH2003,2020-01-10 09:33:45.900,3078.4000,21134,-1,356470800.000,2,0,2,多平,S,3078.4000,3078.2000,3078.0000,3077.2000,3077.0000,3079.8000,3080.4000,3080.6000,3081.2000,3081.6000,2,6,5,1,4,2,2,2,1,2
SF,IH2003,2020-01-10 09:33:46.400,3078.4000,21132,-2,358317840.000,2,0,2,双平,S,3078.4000,3078.2000,3078.0000,3077.2000,3077.0000,3079.6000,3079.8000,3080.4000,3080.6000,3081.2000,1,3,5,1,4,1,2,2,2,1
SF,IH2003,2020-01-10 09:33:46.900,3078.4000,21132,0,358317840.000,0,-,-,-,-,3079.2000,3078.8000,3078.6000,3078.4000,3078.2000,3079.4000,3079.6000,3080.4000,3080.6000,3081.2000,2,2,2,2,3,2,1,2,2,1
SF,IH2003,2020-01-10 09:33:47.400,3079.4000,21127,-5,363860640.000,6,0,6,多平,S,3078.8000,3078.6000,3078.4000,3078.2000,3078.0000,3079.4000,3079.6000,3080.4000,3080.6000,3081.2000,2,2,1,3,5,2,1,2,2,1
SF,IH2003,2020-01-10 09:33:47.900,3079.4000,21127,0,363860640.000,0,-,-,-,-,3078.4000,3078.2000,3078.0000,3077.2000,3077.0000,3079.4000,3079.6000,3080.4000,3080.6000,3081.2000,1,3,5,1,4,2,1,2,2,1
SF,IH2003,2020-01-10 09:33:49.400,3078.8000,21126,-1,365708100.000,2,0,2,多平,S,3078.6000,3078.4000,3078.2000,3078.0000,3077.2000,3079.4000,3079.6000,3080.4000,3080.6000,3081.6000,2,1,3,5,1,1,1,2,2,2
SF,IH2003,2020-01-10 09:33:49.900,3078.8000,21126,0,365708100.000,0,-,-,-,-,3078.4000,3078.0000,3077.2000,3077.0000,3076.2000,3079.2000,3079.4000,3079.6000,3080.0000,3080.4000,1,5,1,5,1,2,1,1,1,2
SF,IH2003,2020-01-10 09:33:50.400,3079.2000,21124,-2,367555620.000,2,0,2,双平,S,3078.4000,3078.0000,3077.2000,3077.0000,3076.2000,3079.4000,3079.6000,3080.0000,3080.4000,3080.6000,1,5,1,5,1,1,1,1,2,2
SF,IH2003,2020-01-10 09:33:50.900,3079.2000,21124,0,367555620.000,0,-,-,-,-,3078.6000,3078.4000,3078.0000,3077.2000,3077.0000,3079.4000,3079.6000,3080.0000,3080.4000,3080.6000,1,1,5,1,5,1,1,1,2,2
SF,IH2003,2020-01-10 09:33:51.400,3079.2000,21124,0,367555620.000,0,-,-,-,-,3078.6000,3078.4000,3078.0000,3077.2000,3077.0000,3079.4000,3079.6000,3080.0000,3080.4000,3080.6000,1,1,5,1,5,1,1,1,2,2
SF,IH2003,2020-01-10 09:33:51.900,3079.2000,21121,-3,370326480.000,3,0,3,双平,S,3078.0000,3077.2000,3077.0000,3076.2000,3076.0000,3079.4000,3079.6000,3080.0000,3080.4000,3080.6000,5,1,5,1,6,1,1,1,2,2
SF,IH2003,2020-01-10 09:33:52.400,3079.2000,21121,0,370326480.000,0,-,-,-,-,3078.0000,3077.2000,3077.0000,3076.2000,3076.0000,3079.2000,3079.4000,3079.6000,3080.0000,3080.4000,5,1,5,1,6,3,1,1,1,2
SF,IH2003,2020-01-10 09:33:52.900,3079.2000,21121,0,370326480.000,0,-,-,-,-,3078.0000,3077.2000,3077.0000,3076.2000,3076.0000,3079.0000,3079.2000,3079.4000,3079.6000,3080.0000,5,1,5,1,6,2,2,1,1,1
SF,IH2003,2020-01-10 09:33:53.400,3079.0000,21120,-1,371250180.000,1,0,1,双平,S,3078.0000,3077.2000,3077.0000,3076.2000,3076.0000,3079.0000,3079.2000,3079.4000,3079.6000,3080.0000,5,1,5,1,6,1,1,1,1,1
SF,IH2003,2020-01-10 09:33:53.900,3079.0000,21119,-1,372173880.000,1,0,1,双平,S,3079.0000,3078.2000,3078.0000,3077.2000,3077.0000,3079.4000,3079.6000,3080.0000,3080.4000,3080.6000,1,1,5,1,5,1,1,1,2,2
SF,IH2003,2020-01-10 09:33:54.400,3079.0000,21117,-2,374021400.000,2,0,2,双平,S,3078.2000,3078.0000,3077.2000,3077.0000,3076.2000,3079.6000,3080.0000,3080.4000,3080.6000,3082.0000,1,5,1,5,1,1,1,2,2,3
SF,IH2003,2020-01-10 09:33:54.900,3079.6000,21117,0,375869160.000,2,1,1,多换,S,3079.6000,3078.8000,3078.6000,3078.4000,3078.2000,3080.0000,3080.4000,3080.6000,3082.0000,3082.6000,1,2,7,5,1,1,2,2,3,1
SF,IH2003,2020-01-10 09:33:55.400,3080.0000,21116,-1,376793160.000,1,0,1,双平,S,3080.0000,3079.8000,3079.6000,3078.6000,3078.4000,3080.4000,3080.6000,3082.0000,3082.6000,3083.0000,1,2,1,7,2,2,2,3,1,1
SF,IH2003,2020-01-10 09:33:55.900,3080.0000,21116,0,376793160.000,0,-,-,-,-,3079.8000,3079.6000,3078.6000,3078.4000,3078.2000,3080.6000,3082.0000,3082.6000,3083.0000,3083.4000,2,1,7,2,1,2,3,1,1,1
SF,IH2003,2020-01-10 09:33:56.400,3080.0000,21116,0,376793160.000,0,-,-,-,-,3079.8000,3079.6000,3078.6000,3078.4000,3078.2000,3082.0000,3082.6000,3083.0000,3083.4000,3084.6000,2,1,7,2,1,3,1,1,1,1
SF,IH2003,2020-01-10 09:33:56.900,3080.0000,21116,0,376793160.000,0,-,-,-,-,3080.0000,3079.8000,3079.6000,3078.6000,3078.4000,3081.6000,3081.8000,3082.0000,3082.6000,3083.4000,2,2,1,7,2,1,7,3,1,1
SF,IH2003,2020-01-10 09:33:57.400,3079.8000,21114,-2,379565100.000,3,0,3,多平,S,3079.8000,3079.6000,3078.4000,3078.0000,3077.2000,3080.0000,3081.4000,3081.8000,3082.0000,3083.4000,1,1,2,5,1,1,6,6,3,1
SF,IH2003,2020-01-10 09:33:57.900,3079.8000,21114,0,380489040.000,1,0,1,多换,S,3079.6000,3078.4000,3078.0000,3077.2000,3077.0000,3079.8000,3080.0000,3081.4000,3081.8000,3082.0000,1,2,5,1,5,1,1,5,3,3
SF,IH2003,2020-01-10 09:33:58.400,3079.6000,21113,-1,381412920.000,1,0,1,双平,S,3078.4000,3078.0000,3077.2000,3077.0000,3076.2000,3080.0000,3081.4000,3081.8000,3082.0000,3083.4000,2,5,1,5,1,1,5,3,3,1
SF,IH2003,2020-01-10 09:33:58.900,3079.6000,21113,0,381412920.000,0,-,-,-,-,3078.6000,3078.4000,3078.0000,3077.2000,3077.0000,3080.0000,3081.4000,3081.8000,3082.0000,3082.4000,5,2,5,1,5,1,5,3,3,1
SF,IH2003,2020-01-10 09:33:59.400,3079.6000,21113,0,381412920.000,0,-,-,-,-,3079.0000,3078.8000,3078.6000,3078.4000,3078.0000,3079.6000,3080.0000,3080.4000,3081.0000,3081.4000,2,2,6,2,5,1,1,1,3,4
SF,IH2003,2020-01-10 09:33:59.900,3079.6000,21112,-1,382336800.000,1,0,1,双平,S,3079.8000,3079.6000,3079.2000,3078.6000,3078.4000,3080.0000,3080.4000,3081.0000,3081.4000,3081.8000,1,3,1,1,2,4,1,3,4,3
SF,IH2003,2020-01-10 09:34:00.400,3079.6000,21112,0,383260680.000,1,0,1,多换,S,3079.6000,3079.2000,3078.4000,3078.0000,3077.2000,3080.0000,3080.4000,3081.0000,3081.4000,3081.8000,3,1,2,5,1,4,1,3,4,3
SF,IH2003,2020-01-10 09:34:00.900,3080.0000,21112,0,386956680.000,4,2,2,多换,S,3079.6000,3079.2000,3078.4000,3078.0000,3077.2000,3080.4000,3081.0000,3081.4000,3081.8000,3082.0000,3,1,2,5,1,1,3,4,3,3
SF,IH2003,2020-01-10 09:34:01.400,3080.0000,21112,0,386956680.000,0,-,-,-,-,3080.0000,3079.8000,3079.6000,3078.4000,3078.0000,3080.4000,3081.0000,3081.4000,3081.8000,3082.0000,1,1,1,2,5,1,3,2,3,3
SF,IH2003,2020-01-10 09:34:01.900,3079.6000,21109,-3,389728500.000,3,0,3,双平,S,3078.4000,3078.0000,3077.2000,3077.0000,3076.2000,3079.6000,3079.8000,3080.4000,3081.0000,3081.4000,2,5,1,5,1,2,2,1,3,2
SF,IH2003,2020-01-10 09:34:02.400,3079.6000,21109,0,390652380.000,1,0,1,多换,S,3078.6000,3078.4000,3078.0000,3077.2000,3077.0000,3079.6000,3079.8000,3081.0000,3081.4000,3081.8000,12,2,5,1,5,2,2,3,2,3
SF,IH2003,2020-01-10 09:34:02.900,3079.6000,21109,0,390652380.000,0,-,-,-,-,3078.6000,3078.4000,3078.0000,3077.2000,3077.0000,3079.8000,3081.0000,3081.4000,3081.8000,3082.0000,3,2,5,1,5,1,3,2,3,3
SF,IH2003,2020-01-10 09:34:03.400,3079.6000,21109,0,390652380.000,0,-,-,-,-,3079.2000,3078.8000,3078.6000,3078.4000,3078.0000,3081.0000,3081.4000,3081.8000,3082.0000,3082.4000,2,4,2,2,5,3,2,3,3,1
SF,IH2003,2020-01-10 09:34:03.900,3079.6000,21109,0,390652380.000,0,-,-,-,-,3079.4000,3078.8000,3078.6000,3078.4000,3078.0000,3080.8000,3081.0000,3081.4000,3081.8000,3082.0000,1,2,1,2,5,3,3,2,2,3
SF,IH2003,2020-01-10 09:34:04.400,3080.0000,21108,-1,391576380.000,1,0,1,双平,S,3079.4000,3078.6000,3078.4000,3078.0000,3077.2000,3080.0000,3080.8000,3081.0000,3081.4000,3081.8000,1,1,2,5,1,2,2,3,2,2
SF,IH2003,2020-01-10 09:34:04.900,3080.0000,21106,-2,393424380.000,2,0,2,双平,S,3080.2000,3079.4000,3078.6000,3078.4000,3078.0000,3080.8000,3081.0000,3081.4000,3081.8000,3082.0000,1,1,1,2,5,1,3,2,2,3
SF,IH2003,2020-01-10 09:34:05.400,3080.0000,21106,0,393424380.000,0,-,-,-,-,3078.6000,3078.4000,3078.0000,3077.2000,3077.0000,3080.8000,3081.0000,3081.4000,3081.8000,3082.0000,1,2,6,1,5,1,3,2,2,3
SF,IH2003,2020-01-10 09:34:05.900,3080.0000,21106,0,393424380.000,0,-,-,-,-,3079.0000,3078.8000,3078.6000,3078.4000,3078.0000,3080.6000,3081.0000,3081.4000,3081.8000,3082.0000,11,5,2,2,6,2,3,2,2,3
SF,IH2003,2020-01-10 09:34:06.400,3080.0000,21106,0,393424380.000,0,-,-,-,-,3079.2000,3079.0000,3078.8000,3078.6000,3078.4000,3080.6000,3081.0000,3081.8000,3082.0000,3082.4000,5,9,4,2,2,2,3,1,3,1
SF,IH2003,2020-01-10 09:34:06.900,3080.0000,21106,0,393424380.000,0,-,-,-,-,3079.4000,3079.2000,3079.0000,3078.8000,3078.6000,3080.6000,3081.0000,3081.8000,3082.0000,3082.4000,1,3,9,3,2,1,3,1,3,1
SF,IH2003,2020-01-10 09:34:07.400,3080.0000,21106,0,393424380.000,0,-,-,-,-,3079.6000,3079.4000,3079.2000,3079.0000,3078.8000,3080.4000,3081.0000,3081.8000,3082.0000,3082.4000,3,1,2,2,2,1,3,1,3,1
SF,IH2003,2020-01-10 09:34:07.900,3080.0000,21106,0,393424380.000,0,-,-,-,-,3079.6000,3079.2000,3079.0000,3078.8000,3078.6000,3080.4000,3081.0000,3081.8000,3082.0000,3082.4000,2,1,1,2,2,1,3,1,3,1
SF,IH2003,2020-01-10 09:34:08.900,3079.6000,21105,-1,394348260.000,1,0,1,双平,S,3079.6000,3079.2000,3079.0000,3078.8000,3078.6000,3080.4000,3081.0000,3081.8000,3082.0000,3082.4000,1,1,1,2,2,1,3,1,3,1
SF,IH2003,2020-01-10 09:34:10.900,3079.6000,21105,0,394348260.000,0,-,-,-,-,3079.6000,3079.2000,3079.0000,3078.8000,3078.6000,3080.4000,3081.0000,3081.8000,3082.0000,3082.4000,1,1,1,2,2,1,3,2,3,1
SF,IH2003,2020-01-10 09:34:11.400,3079.6000,21105,0,394348260.000,0,-,-,-,-,3079.6000,3079.2000,3079.0000,3078.8000,3078.6000,3080.4000,3081.0000,3081.6000,3081.8000,3082.0000,1,1,1,2,2,1,3,1,1,3
SF,IH2003,2020-01-10 09:34:11.900,3079.6000,21105,0,394348260.000,0,-,-,-,-,3079.0000,3078.8000,3078.6000,3078.4000,3078.0000,3080.4000,3081.0000,3081.6000,3081.8000,3082.0000,1,2,2,2,6,1,3,1,1,3
SF,IH2003,2020-01-10 09:34:12.400,3079.6000,21105,0,394348260.000,0,-,-,-,-,3079.2000,3079.0000,3078.8000,3078.6000,3078.4000,3080.4000,3081.0000,3081.8000,3082.0000,3082.4000,2,1,2,2,2,1,3,1,3,1
SF,IH2003,2020-01-10 09:34:12.900,3079.6000,21105,0,394348260.000,0,-,-,-,-,3079.4000,3079.2000,3079.0000,3078.8000,3078.6000,3080.4000,3081.0000,3081.8000,3082.0000,3082.4000,1,1,1,2,2,1,3,1,3,1
SF,IH2003,2020-01-10 09:34:13.400,3079.6000,21105,0,395272140.000,1,0,1,多换,S,3079.4000,3079.2000,3079.0000,3078.8000,3078.6000,3080.4000,3081.0000,3081.8000,3082.0000,3082.4000,1,1,1,2,2,1,3,1,3,1
SF,IH2003,2020-01-10 09:34:13.900,3079.6000,21105,0,395272140.000,0,-,-,-,-,3079.4000,3079.0000,3078.8000,3078.6000,3078.4000,3080.4000,3081.0000,3081.8000,3082.0000,3082.4000,1,1,2,2,2,1,3,1,3,1
SF,IH2003,2020-01-10 09:34:14.900,3079.6000,21105,0,395272140.000,0,-,-,-,-,3079.8000,3079.6000,3079.4000,3079.0000,3078.8000,3080.4000,3081.0000,3081.8000,3082.0000,3082.4000,2,1,1,1,2,1,3,1,3,1
SF,IH2003,2020-01-10 09:34:15.400,3079.6000,21105,0,395272140.000,0,-,-,-,-,3079.8000,3079.6000,3079.4000,3079.0000,3078.8000,3080.4000,3081.0000,3081.8000,3082.0000,3082.4000,2,1,1,1,2,1,3,1,3,1
SF,IH2003,2020-01-10 09:34:15.900,3079.8000,21104,-1,396196080.000,1,0,1,双平,S,3079.4000,3079.0000,3078.8000,3078.6000,3078.4000,3080.4000,3081.0000,3081.8000,3082.0000,3082.4000,1,1,2,2,2,1,3,1,3,1
SF,IH2003,2020-01-10 09:34:17.900,3079.8000,21104,0,396196080.000,0,-,-,-,-,3079.4000,3079.0000,3078.8000,3078.6000,3078.4000,3080.4000,3081.0000,3081.8000,3082.0000,3082.4000,1,1,2,2,2,1,3,1,3,1
SF,IH2003,2020-01-10 09:34:18.900,3080.4000,21103,-1,397120200.000,1,0,1,双平,S,3079.4000,3079.0000,3078.8000,3078.6000,3078.4000,3081.0000,3081.8000,3082.0000,3082.4000,3083.4000,1,1,2,2,2,3,1,3,1,1
SF,IH2003,2020-01-10 09:34:19.400,3080.4000,21103,0,397120200.000,0,-,-,-,-,3079.6000,3079.0000,3078.8000,3078.6000,3078.4000,3081.0000,3081.8000,3082.0000,3082.4000,3083.4000,3,1,2,2,2,3,1,3,1,1
SF,IH2003,2020-01-10 09:34:19.900,3081.0000,21102,-1,398044500.000,1,0,1,双平,S,3079.6000,3079.0000,3078.8000,3078.6000,3078.4000,3081.0000,3081.8000,3082.0000,3082.4000,3083.4000,3,1,2,2,2,2,1,3,1,1
SF,IH2003,2020-01-10 09:34:20.400,3081.0000,21102,0,398044500.000,0,-,-,-,-,3079.6000,3079.0000,3078.8000,3078.6000,3078.4000,3081.0000,3081.8000,3082.0000,3082.4000,3083.4000,6,1,2,2,2,2,1,3,1,1
SF,IH2003,2020-01-10 09:34:20.900,3081.0000,21102,0,398044500.000,0,-,-,-,-,3079.8000,3079.6000,3079.0000,3078.8000,3078.6000,3080.4000,3081.0000,3081.8000,3082.0000,3082.4000,1,6,1,2,2,1,2,1,3,1
SF,IH2003,2020-01-10 09:34:21.400,3080.4000,21102,0,398968620.000,1,0,1,多换,S,3080.6000,3080.4000,3079.6000,3079.0000,3078.8000,3081.0000,3081.8000,3082.0000,3082.4000,3083.4000,2,1,6,1,2,2,1,3,1,1
SF,IH2003,2020-01-10 09:34:21.900,3081.0000,21100,-2,400817220.000,2,0,2,双平,S,3081.2000,3081.0000,3080.6000,3080.4000,3079.6000,3081.8000,3082.0000,3082.4000,3083.4000,3084.6000,1,2,1,1,7,1,3,1,1,1
SF,IH2003,2020-01-10 09:34:22.400,3081.2000,21099,-1,401741580.000,1,0,1,双平,S,3081.8000,3081.0000,3080.6000,3080.4000,3079.6000,3082.0000,3082.4000,3083.4000,3084.6000,3084.8000,1,2,1,1,7,3,1,1,1,1
SF,IH2003,2020-01-10 09:34:22.900,3081.8000,21098,-1,402666120.000,1,0,1,双平,S,3081.0000,3080.6000,3079.6000,3079.0000,3078.8000,3081.4000,3081.6000,3081.8000,3082.0000,3082.4000,2,1,7,1,2,2,5,5,3,1
SF,IH2003,2020-01-10 09:34:23.400,3081.8000,21098,0,402666120.000,0,-,-,-,-,3081.0000,3080.6000,3079.6000,3079.0000,3078.8000,3081.6000,3081.8000,3082.0000,3082.4000,3083.4000,2,1,7,1,2,3,4,3,1,1
SF,IH2003,2020-01-10 09:34:23.900,3081.0000,21097,-1,403590420.000,1,0,1,双平,S,3081.0000,3080.6000,3079.6000,3079.0000,3078.8000,3081.6000,3081.8000,3082.0000,3082.4000,3083.4000,1,1,7,1,2,3,4,3,1,1
SF,IH2003,2020-01-10 09:34:25.400,3081.0000,21097,0,403590420.000,0,-,-,-,-,3081.4000,3081.0000,3080.6000,3079.6000,3079.0000,3081.6000,3081.8000,3082.0000,3082.4000,3083.4000,1,1,1,7,1,3,4,3,1,1
SF,IH2003,2020-01-10 09:34:25.900,3081.4000,21095,-2,406363680.000,3,0,3,多平,S,3081.0000,3080.6000,3079.6000,3079.0000,3078.8000,3081.6000,3081.8000,3082.0000,3082.4000,3083.4000,1,1,7,1,2,3,2,3,1,1
SF,IH2003,2020-01-10 09:34:26.400,3081.4000,21095,0,406363680.000,0,-,-,-,-,3081.0000,3080.6000,3079.6000,3079.0000,3078.8000,3081.8000,3082.0000,3082.4000,3083.4000,3084.6000,1,1,7,1,2,2,3,1,1,1
SF,IH2003,2020-01-10 09:34:26.900,3081.0000,21094,-1,407287980.000,1,0,1,双平,S,3080.6000,3079.6000,3079.0000,3078.8000,3078.6000,3081.8000,3082.0000,3082.4000,3083.4000,3084.6000,1,7,1,2,1,2,3,1,1,1
SF,IH2003,2020-01-10 09:34:27.400,3081.0000,21094,0,407287980.000,0,-,-,-,-,3080.8000,3080.6000,3079.6000,3079.0000,3078.8000,3081.8000,3082.0000,3082.4000,3083.4000,3084.6000,3,1,6,1,2,2,3,1,1,1
SF,IH2003,2020-01-10 09:34:27.900,3081.0000,21094,0,407287980.000,0,-,-,-,-,3081.6000,3081.0000,3080.8000,3080.6000,3079.6000,3081.8000,3082.0000,3082.4000,3083.4000,3084.6000,1,1,2,1,6,2,3,1,1,1
SF,IH2003,2020-01-10 09:34:28.400,3081.8000,21093,-1,409136940.000,2,0,2,多平,S,3081.0000,3080.8000,3080.6000,3079.6000,3079.0000,3081.8000,3082.0000,3082.4000,3083.4000,3084.6000,1,1,1,5,1,1,3,1,1,1
SF,IH2003,2020-01-10 09:34:29.400,3081.8000,21093,0,409136940.000,0,-,-,-,-,3081.2000,3080.8000,3080.6000,3079.6000,3079.0000,3081.8000,3082.0000,3082.4000,3083.4000,3084.6000,1,1,1,5,1,1,3,1,1,1
SF,IH2003,2020-01-10 09:34:29.900,3082.0000,21093,0,410061540.000,1,0,1,多换,S,3081.8000,3081.2000,3080.8000,3080.6000,3079.6000,3082.0000,3082.4000,3083.4000,3084.6000,3084.8000,1,1,1,1,5,2,1,1,1,1
SF,IH2003,2020-01-10 09:34:30.900,3082.0000,21091,-2,411910740.000,2,0,2,双平,S,3082.0000,3081.8000,3081.2000,3080.8000,3080.6000,3082.4000,3084.6000,3084.8000,3085.0000,3086.0000,1,1,1,1,1,1,1,1,2,1
SF,IH2003,2020-01-10 09:34:31.400,3082.4000,21091,0,413760180.000,2,1,1,多换,S,3081.8000,3081.2000,3080.8000,3080.6000,3079.6000,3084.6000,3084.8000,3085.0000,3086.0000,3086.4000,1,1,1,1,5,1,1,2,1,1
SF,IH2003,2020-01-10 09:34:31.900,3082.4000,21091,0,413760180.000,0,-,-,-,-,3082.2000,3082.0000,3081.8000,3081.2000,3080.6000,3083.8000,3084.4000,3084.6000,3084.8000,3085.0000,1,2,1,1,1,1,9,1,1,2
SF,IH2003,2020-01-10 09:34:32.400,3082.2000,21092,1,414684840.000,1,1,0,双开,S,3082.0000,3081.8000,3081.2000,3080.6000,3079.6000,3083.6000,3083.8000,3084.4000,3084.6000,3084.8000,1,1,1,1,5,5,1,5,1,1
SF,IH2003,2020-01-10 09:34:32.900,3082.2000,21092,0,414684840.000,0,-,-,-,-,3082.2000,3082.0000,3081.8000,3081.2000,3080.6000,3083.4000,3083.6000,3083.8000,3084.4000,3084.6000,1,1,1,1,1,3,4,1,5,1
SF,IH2003,2020-01-10 09:34:33.400,3082.2000,21092,0,414684840.000,0,-,-,-,-,3082.2000,3081.8000,3081.2000,3080.6000,3079.6000,3082.6000,3083.2000,3083.4000,3083.6000,3083.8000,1,1,1,1,5,1,3,3,3,1
SF,IH2003,2020-01-10 09:34:33.900,3082.2000,21091,-1,416534280.000,2,0,2,多平,S,3081.8000,3081.2000,3080.6000,3079.6000,3079.0000,3083.2000,3083.4000,3083.6000,3083.8000,3084.4000,1,1,1,5,1,3,3,2,1,3
SF,IH2003,2020-01-10 09:34:34.400,3082.2000,21091,0,416534280.000,0,-,-,-,-,3081.8000,3080.6000,3079.6000,3079.0000,3078.8000,3083.0000,3083.2000,3083.4000,3083.6000,3083.8000,1,1,2,1,2,4,3,3,2,1
SF,IH2003,2020-01-10 09:34:34.900,3082.0000,21092,1,418383480.000,2,1,1,空开,S,3082.0000,3080.6000,3080.0000,3079.6000,3079.0000,3082.8000,3083.0000,3083.2000,3083.4000,3083.8000,1,1,1,2,1,4,4,2,3,1
SF,IH2003,2020-01-10 09:34:35.400,3082.0000,21092,0,419308080.000,1,0,1,多换,S,3080.6000,3080.0000,3079.6000,3079.0000,3078.8000,3081.8000,3082.0000,3082.6000,3082.8000,3083.0000,1,1,2,1,2,3,3,1,4,4
SF,IH2003,2020-01-10 09:34:35.900,3082.0000,21092,0,419308080.000,0,-,-,-,-,3080.8000,3080.6000,3080.0000,3079.6000,3079.0000,3081.8000,3082.0000,3082.6000,3082.8000,3083.0000,3,1,1,2,1,3,2,1,3,4
SF,IH2003,2020-01-10 09:34:36.400,3082.0000,21092,0,419308080.000,0,-,-,-,-,3081.0000,3080.8000,3080.6000,3080.0000,3079.6000,3081.8000,3082.0000,3082.6000,3082.8000,3083.0000,1,2,1,1,2,3,2,1,3,4
SF,IH2003,2020-01-10 09:34:36.900,3082.0000,21092,0,419308080.000,0,-,-,-,-,3081.2000,3080.8000,3080.6000,3080.0000,3079.6000,3081.8000,3082.0000,3082.6000,3082.8000,3083.0000,1,1,1,1,2,1,2,1,3,4
SF,IH2003,2020-01-10 09:34:37.400,3082.0000,21092,0,420232680.000,1,0,1,多换,S,3081.2000,3080.8000,3080.6000,3080.0000,3079.6000,3082.0000,3082.6000,3082.8000,3083.0000,3083.2000,1,1,1,1,2,2,1,3,4,2
SF,IH2003,2020-01-10 09:34:38.400,3082.0000,21092,0,420232680.000,0,-,-,-,-,3081.8000,3081.4000,3080.8000,3080.6000,3080.0000,3082.0000,3082.6000,3082.8000,3083.0000,3083.2000,1,1,1,1,1,1,1,3,4,2
SF,IH2003,2020-01-10 09:34:38.900,3081.8000,21091,-1,421157220.000,1,0,1,双平,S,3081.4000,3080.8000,3080.6000,3080.0000,3079.6000,3081.6000,3082.6000,3082.8000,3083.0000,3083.2000,1,1,1,1,2,1,1,3,4,2
SF,IH2003,2020-01-10 09:34:39.400,3081.6000,21090,-1,422081700.000,1,0,1,双平,S,3081.6000,3080.8000,3080.6000,3080.0000,3079.6000,3082.6000,3082.8000,3083.0000,3083.2000,3083.4000,4,1,1,1,2,1,3,4,2,3
SF,IH2003,2020-01-10 09:34:39.900,3081.6000,21090,0,423006180.000,1,0,1,多换,S,3080.6000,3080.0000,3079.6000,3079.0000,3078.8000,3082.4000,3082.6000,3082.8000,3083.0000,3083.4000,1,1,2,1,2,3,1,2,4,3
SF,IH2003,2020-01-10 09:34:40.400,3081.6000,21090,0,423006180.000,0,-,-,-,-,3080.8000,3080.6000,3080.0000,3079.6000,3079.0000,3082.2000,3082.4000,3082.6000,3082.8000,3083.0000,5,1,1,2,1,1,3,1,2,2
SF,IH2003,2020-01-10 09:34:40.900,3081.6000,21090,0,423006180.000,0,-,-,-,-,3081.0000,3080.8000,3080.6000,3080.0000,3079.6000,3082.2000,3082.6000,3082.8000,3083.0000,3083.8000,2,4,1,1,2,1,1,2,2,1
SF,IH2003,2020-01-10 09:34:41.400,3081.6000,21090,0,423006180.000,0,-,-,-,-,3082.2000,3081.2000,3080.8000,3080.6000,3080.0000,3082.6000,3082.8000,3083.0000,3083.8000,3084.4000,1,3,1,1,1,1,2,2,1,2
SF,IH2003,2020-01-10 09:34:41.900,3082.2000,21090,0,423930840.000,1,0,1,多换,S,3081.2000,3080.8000,3080.6000,3080.0000,3079.6000,3082.2000,3082.6000,3082.8000,3083.0000,3083.8000,2,1,1,1,2,1,1,2,2,1
SF,IH2003,2020-01-10 09:34:42.400,3082.2000,21090,0,423930840.000,0,-,-,-,-,3081.4000,3081.2000,3080.8000,3080.6000,3080.0000,3082.2000,3082.6000,3082.8000,3083.8000,3084.4000,1,1,1,1,1,1,1,2,1,2
SF,IH2003,2020-01-10 09:34:42.900,3082.2000,21089,-1,424855500.000,1,0,1,双平,S,3081.6000,3080.8000,3080.6000,3080.0000,3079.6000,3082.6000,3083.8000,3084.4000,3084.6000,3084.8000,2,1,1,1,2,1,1,2,1,1
SF,IH2003,2020-01-10 09:34:43.400,3082.2000,21089,0,424855500.000,0,-,-,-,-,3080.8000,3080.6000,3080.0000,3079.6000,3079.0000,3082.6000,3083.8000,3084.4000,3084.6000,3084.8000,1,1,1,2,1,1,1,2,1,1
SF,IH2003,2020-01-10 09:34:43.900,3082.2000,21089,0,424855500.000,0,-,-,-,-,3081.0000,3080.8000,3080.6000,3080.0000,3079.6000,3082.6000,3083.8000,3084.4000,3084.6000,3084.8000,5,1,1,1,2,1,1,2,1,1
SF,IH2003,2020-01-10 09:34:44.400,3082.2000,21089,0,424855500.000,0,-,-,-,-,3081.2000,3081.0000,3080.8000,3080.6000,3080.0000,3082.6000,3083.8000,3084.4000,3084.6000,3084.8000,2,2,1,1,1,1,1,2,1,1
SF,IH2003,2020-01-10 09:34:44.900,3082.2000,21089,0,424855500.000,0,-,-,-,-,3081.4000,3081.2000,3080.8000,3080.6000,3080.0000,3082.6000,3083.8000,3084.4000,3084.6000,3084.8000,2,1,1,1,1,1,1,2,1,1
SF,IH2003,2020-01-10 09:34:45.900,3082.2000,21089,0,424855500.000,0,-,-,-,-,3081.6000,3081.4000,3080.8000,3080.6000,3080.0000,3082.6000,3083.8000,3084.4000,3084.6000,3084.8000,3,1,1,1,1,1,1,2,1,1
SF,IH2003,2020-01-10 09:34:46.400,3082.2000,21089,0,424855500.000,0,-,-,-,-,3081.6000,3081.4000,3080.8000,3080.6000,3080.0000,3082.6000,3083.8000,3084.4000,3084.6000,3084.8000,3,1,1,1,1,1,1,2,1,1
SF,IH2003,2020-01-10 09:34:47.400,3082.2000,21089,0,424855500.000,0,-,-,-,-,3081.6000,3081.4000,3080.8000,3080.6000,3080.0000,3082.6000,3083.8000,3084.4000,3084.6000,3084.8000,3,1,2,1,1,1,1,2,1,1
SF,IH2003,2020-01-10 09:34:47.900,3081.6000,21089,0,425779980.000,1,0,1,多换,S,3081.6000,3081.4000,3080.8000,3080.6000,3080.0000,3082.6000,3083.8000,3084.4000,3084.6000,3084.8000,2,1,2,1,1,1,1,2,1,1
SF,IH2003,2020-01-10 09:34:48.400,3081.6000,21089,0,425779980.000,0,-,-,-,-,3081.6000,3081.4000,3080.8000,3080.6000,3080.0000,3082.6000,3083.8000,3084.4000,3084.6000,3084.8000,2,1,2,1,1,2,1,2,1,1
SF,IH2003,2020-01-10 09:34:48.900,3081.6000,21089,0,426704460.000,1,0,1,多换,S,3081.6000,3081.4000,3080.8000,3080.6000,3080.0000,3082.6000,3083.8000,3084.4000,3084.6000,3084.8000,1,1,2,1,1,2,1,2,1,1
