市场代码,合约代码,时间,最新,持仓,增仓,成交额,成交量,开仓,平仓,成交类型,方向,买一价,买二价,买三价,买四价,买五价,卖一价,卖二价,卖三价,卖四价,卖五价,买一量,买二量,买三量,买四量,买五量,卖一量,卖二量,卖三量,卖四量,卖五量
SF,IH2010,2020-09-16 09:29:00.400,3290.0000,9661,0,2961000.000,3.000,-,-,-,-,3287.0000,3286.8000,3286.0000,3285.6000,3285.0000,3290.0000,3291.6000,3292.0000,3294.8000,3296.0000,1,4,2,3,2,1,2,1,5,14
SF,IH2010,2020-09-16 09:30:00.400,3290.0000,9661,0,2961000.000,0,-,-,-,-,3287.4000,3287.0000,3286.0000,3285.0000,3284.6000,3289.8000,3290.0000,3291.6000,3292.0000,3294.8000,3,1,3,2,1,1,1,2,1,5
SF,IH2010,2020-09-16 09:30:00.900,3290.0000,9661,0,4935000.000,2,1,1,多换,S,3290.0000,3289.8000,3287.6000,3287.4000,3287.0000,3291.6000,3294.8000,3296.0000,3298.4000,3299.8000,1,1,1,3,1,2,5,14,12,1
SF,IH2010,2020-09-16 09:30:01.400,3290.0000,9661,0,5922000.000,1,0,1,多换,S,3289.8000,3287.6000,3287.4000,3287.0000,3286.0000,3290.0000,3291.6000,3294.8000,3296.0000,3298.4000,1,1,3,1,3,1,2,5,14,12
SF,IH2010,2020-09-16 09:30:01.900,3289.8000,9660,-1,8882880.000,3,1,2,多平,S,3287.4000,3287.0000,3286.0000,3285.0000,3283.0000,3291.6000,3294.8000,3296.0000,3298.4000,3299.8000,3,1,3,2,1,2,5,14,12,1
SF,IH2010,2020-09-16 09:30:02.400,3289.8000,9660,0,8882880.000,0,-,-,-,-,3287.6000,3287.0000,3286.0000,3285.0000,3283.0000,3291.2000,3291.4000,3291.6000,3294.8000,3296.0000,1,1,3,2,1,1,1,2,5,14
SF,IH2010,2020-09-16 09:30:02.900,3289.8000,9660,0,8882880.000,0,-,-,-,-,3289.4000,3288.4000,3287.8000,3287.0000,3286.0000,3290.6000,3290.8000,3291.0000,3291.2000,3291.6000,1,1,1,1,3,1,3,4,2,2
SF,IH2010,2020-09-16 09:30:03.400,3288.4000,9658,-2,10856220.000,2,0,2,双平,S,3287.8000,3287.0000,3286.0000,3285.0000,3283.0000,3289.4000,3289.6000,3290.2000,3290.8000,3291.2000,1,1,3,2,1,2,2,4,2,1
SF,IH2010,2020-09-16 09:30:03.900,3287.8000,9657,-1,11842560.000,1,0,1,双平,S,3287.0000,3286.0000,3285.0000,3283.0000,3282.6000,3287.8000,3289.0000,3289.2000,3289.6000,3290.4000,1,3,2,1,1,1,2,2,1,1
SF,IH2010,2020-09-16 09:30:04.400,3287.6000,9654,-3,15787440.000,4,0,4,多平,S,3287.8000,3286.0000,3285.0000,3283.2000,3283.0000,3289.0000,3289.2000,3289.6000,3290.4000,3290.8000,2,3,3,1,1,2,2,1,1,2
SF,IH2010,2020-09-16 09:30:04.900,3287.6000,9654,0,17760000.000,2,1,1,多换,S,3286.0000,3285.0000,3283.2000,3283.0000,3282.6000,3288.4000,3288.8000,3289.0000,3290.4000,3290.8000,3,3,1,1,1,2,1,2,1,2
SF,IH2010,2020-09-16 09:30:05.400,3287.6000,9654,0,17760000.000,0,-,-,-,-,3286.0000,3285.0000,3283.2000,3283.0000,3282.6000,3288.8000,3289.6000,3290.8000,3291.2000,3291.6000,3,3,1,1,1,1,1,2,1,1
SF,IH2010,2020-09-16 09:30:05.900,3287.6000,9654,0,17760000.000,0,-,-,-,-,3288.4000,3286.0000,3285.0000,3283.2000,3283.0000,3288.8000,3289.6000,3290.8000,3291.2000,3291.6000,8,3,3,1,1,1,1,2,1,1
SF,IH2010,2020-09-16 09:30:06.400,3288.4000,9646,-8,25652160.000,8,0,8,双平,S,3286.0000,3285.0000,3283.2000,3283.0000,3282.6000,3288.4000,3288.6000,3288.8000,3289.6000,3290.8000,3,3,1,1,1,6,1,1,1,2
SF,IH2010,2020-09-16 09:30:06.900,3287.6000,9645,-1,26638440.000,1,0,1,双平,S,3286.0000,3285.0000,3283.2000,3283.0000,3282.6000,3287.6000,3288.2000,3288.4000,3289.6000,3290.8000,3,3,1,1,1,1,1,2,1,2
SF,IH2010,2020-09-16 09:30:07.400,3287.6000,9644,-1,27624720.000,1,0,1,双平,S,3286.0000,3285.0000,3283.2000,3283.0000,3282.6000,3287.8000,3290.8000,3291.2000,3291.6000,3294.6000,3,3,1,1,1,1,2,1,1,5
SF,IH2010,2020-09-16 09:30:07.900,3287.8000,9643,-1,28611060.000,1,0,1,双平,S,3287.8000,3286.0000,3285.0000,3283.2000,3283.0000,3290.8000,3291.2000,3291.6000,3294.6000,3294.8000,1,3,3,1,1,2,1,1,5,5
SF,IH2010,2020-09-16 09:30:08.400,3287.8000,9642,-1,29597400.000,1,0,1,双平,S,3286.0000,3285.0000,3283.2000,3283.0000,3282.6000,3288.6000,3288.8000,3289.2000,3289.6000,3290.0000,3,3,1,1,2,2,1,1,1,2
SF,IH2010,2020-09-16 09:30:08.900,3287.8000,9642,0,29597400.000,0,-,-,-,-,3286.0000,3285.0000,3283.2000,3283.0000,3282.6000,3289.2000,3289.6000,3290.0000,3290.2000,3290.4000,2,3,1,1,2,1,1,2,1,5
SF,IH2010,2020-09-16 09:30:09.400,3287.8000,9642,0,29597400.000,0,-,-,-,-,3289.2000,3286.0000,3285.0000,3283.2000,3283.0000,3289.6000,3290.0000,3290.2000,3290.4000,3290.8000,1,2,3,1,1,1,2,1,5,2
SF,IH2010,2020-09-16 09:30:09.900,3289.2000,9641,-1,31570920.000,2,0,2,多平,S,3286.0000,3285.0000,3283.2000,3283.0000,3282.6000,3289.4000,3289.6000,3290.0000,3290.2000,3290.4000,2,3,1,1,2,2,1,2,1,3
SF,IH2010,2020-09-16 09:30:10.400,3289.2000,9640,-1,32557680.000,1,0,1,双平,S,3286.4000,3286.2000,3286.0000,3285.0000,3283.2000,3290.8000,3291.2000,3291.6000,3294.6000,3294.8000,4,1,2,3,1,2,1,1,5,5
SF,IH2010,2020-09-16 09:30:10.900,3289.2000,9640,0,32557680.000,0,-,-,-,-,3287.0000,3286.8000,3286.6000,3286.4000,3286.2000,3290.4000,3291.6000,3294.6000,3294.8000,3296.0000,1,4,4,6,1,2,1,5,5,14
SF,IH2010,2020-09-16 09:30:11.400,3289.2000,9640,0,32557680.000,0,-,-,-,-,3287.4000,3287.0000,3286.8000,3286.6000,3286.4000,3290.4000,3291.6000,3294.6000,3294.8000,3296.0000,2,1,2,4,2,1,1,5,5,14
SF,IH2010,2020-09-16 09:30:11.900,3289.2000,9640,0,32557680.000,0,-,-,-,-,3287.6000,3287.4000,3287.0000,3286.8000,3286.6000,3290.4000,3291.6000,3294.6000,3294.8000,3296.0000,1,1,1,2,3,1,1,5,5,14
SF,IH2010,2020-09-16 09:30:12.400,3289.2000,9640,0,32557680.000,0,-,-,-,-,3287.8000,3287.6000,3287.0000,3286.8000,3286.6000,3290.4000,3291.6000,3294.6000,3294.8000,3296.0000,1,1,1,2,3,1,1,5,5,14
SF,IH2010,2020-09-16 09:30:12.900,3289.2000,9640,0,32557680.000,0,-,-,-,-,3288.2000,3288.0000,3287.8000,3287.6000,3287.0000,3291.6000,3294.6000,3294.8000,3296.0000,3298.4000,1,2,1,1,1,1,5,5,14,12
SF,IH2010,2020-09-16 09:30:13.400,3289.2000,9640,0,32557680.000,0,-,-,-,-,3288.6000,3288.4000,3286.8000,3286.6000,3286.4000,3291.4000,3291.6000,3294.6000,3294.8000,3296.0000,1,1,2,3,2,1,1,5,5,14
SF,IH2010,2020-09-16 09:30:13.900,3289.2000,9640,0,32557680.000,0,-,-,-,-,3290.2000,3290.0000,3289.0000,3288.8000,3288.6000,3291.6000,3294.8000,3296.0000,3298.4000,3299.8000,1,1,4,2,1,1,5,14,17,1
SF,IH2010,2020-09-16 09:30:14.400,3291.6000,9640,0,33545160.000,1,0,1,多换,S,3290.4000,3289.0000,3288.6000,3287.6000,3286.8000,3294.8000,3296.0000,3298.4000,3299.8000,3300.6000,1,4,1,1,3,5,14,17,1,2
SF,IH2010,2020-09-16 09:30:14.900,3291.6000,9640,0,33545160.000,0,-,-,-,-,3290.6000,3289.2000,3289.0000,3288.6000,3288.0000,3293.6000,3293.8000,3294.0000,3294.2000,3294.4000,1,1,4,1,1,1,3,1,1,4
SF,IH2010,2020-09-16 09:30:15.400,3291.6000,9640,0,33545160.000,0,-,-,-,-,3290.6000,3289.2000,3289.0000,3288.6000,3288.0000,3293.6000,3293.8000,3294.0000,3294.2000,3294.4000,1,1,4,1,1,1,3,1,1,4
SF,IH2010,2020-09-16 09:30:15.900,3293.4000,9640,0,35521200.000,2,1,1,多换,S,3293.6000,3290.8000,3290.6000,3289.2000,3289.0000,3293.8000,3294.0000,3294.2000,3294.4000,3294.6000,1,1,1,1,4,3,1,1,4,1
SF,IH2010,2020-09-16 09:30:16.400,3293.6000,9640,0,38485440.000,3,1,2,多换,S,3290.6000,3289.2000,3289.0000,3288.6000,3288.0000,3292.6000,3293.0000,3293.4000,3293.6000,3293.8000,1,1,4,1,1,2,1,2,1,3
SF,IH2010,2020-09-16 09:30:16.900,3293.6000,9640,0,38485440.000,0,-,-,-,-,3291.0000,3290.8000,3290.6000,3289.0000,3288.6000,3293.0000,3293.8000,3294.0000,3294.4000,3294.8000,1,1,1,4,1,1,2,1,1,5
SF,IH2010,2020-09-16 09:30:17.400,3293.6000,9640,0,38485440.000,0,-,-,-,-,3291.2000,3291.0000,3290.8000,3290.6000,3289.0000,3292.6000,3292.8000,3293.0000,3293.2000,3293.6000,1,1,1,1,4,1,2,1,1,1
SF,IH2010,2020-09-16 09:30:17.900,3293.6000,9640,0,38485440.000,0,-,-,-,-,3291.2000,3291.0000,3290.8000,3290.6000,3289.0000,3293.0000,3293.2000,3293.6000,3293.8000,3294.0000,1,1,1,1,4,1,1,1,2,1
SF,IH2010,2020-09-16 09:30:18.400,3291.2000,9639,-1,39472800.000,1,0,1,双平,S,3291.0000,3290.8000,3290.6000,3289.0000,3288.6000,3293.0000,3293.2000,3293.6000,3293.8000,3294.0000,1,1,1,4,1,1,1,1,2,1
SF,IH2010,2020-09-16 09:30:18.900,3291.2000,9639,0,39472800.000,0,-,-,-,-,3291.2000,3290.6000,3289.0000,3288.6000,3288.4000,3292.8000,3293.0000,3293.2000,3293.6000,3294.0000,1,1,4,1,1,3,1,1,1,1
SF,IH2010,2020-09-16 09:30:19.400,3291.2000,9638,-1,40460160.000,1,0,1,双平,S,3290.6000,3289.0000,3288.6000,3288.4000,3288.0000,3292.8000,3293.0000,3293.2000,3293.6000,3294.0000,1,4,1,1,1,3,1,1,1,1
SF,IH2010,2020-09-16 09:30:19.900,3291.2000,9638,0,40460160.000,0,-,-,-,-,3290.6000,3289.0000,3288.6000,3288.4000,3288.0000,3292.8000,3293.0000,3293.2000,3293.6000,3294.0000,1,4,1,1,1,3,1,1,1,1
SF,IH2010,2020-09-16 09:30:20.400,3291.2000,9638,0,40460160.000,0,-,-,-,-,3290.6000,3289.0000,3288.6000,3288.4000,3288.0000,3291.2000,3292.6000,3292.8000,3293.0000,3293.6000,1,4,1,1,1,1,1,3,1,1
SF,IH2010,2020-09-16 09:30:20.900,3290.6000,9637,-1,42434700.000,2,0,2,多平,S,3291.2000,3289.0000,3288.6000,3288.4000,3288.0000,3292.6000,3292.8000,3293.0000,3293.6000,3294.0000,3,4,1,1,1,2,3,1,1,1
SF,IH2010,2020-09-16 09:30:21.400,3291.0000,9636,-1,44409240.000,2,0,2,多平,S,3289.0000,3288.6000,3288.4000,3288.0000,3287.6000,3292.6000,3292.8000,3293.0000,3293.6000,3294.0000,4,1,1,1,1,2,3,1,1,1
SF,IH2010,2020-09-16 09:30:21.900,3291.0000,9636,0,44409240.000,0,-,-,-,-,3289.6000,3289.2000,3289.0000,3288.6000,3288.4000,3292.4000,3292.6000,3292.8000,3293.0000,3293.6000,1,2,3,1,1,2,3,3,1,1
SF,IH2010,2020-09-16 09:30:22.400,3291.0000,9636,0,44409240.000,0,-,-,-,-,3289.8000,3289.6000,3289.2000,3289.0000,3288.6000,3292.2000,3292.4000,3292.6000,3292.8000,3293.0000,2,1,1,2,1,1,1,2,3,1
SF,IH2010,2020-09-16 09:30:22.900,3291.0000,9636,0,44409240.000,0,-,-,-,-,3290.0000,3289.8000,3289.2000,3288.6000,3288.4000,3292.2000,3292.6000,3292.8000,3293.0000,3293.6000,1,1,1,1,1,1,2,3,1,1
SF,IH2010,2020-09-16 09:30:23.900,3291.0000,9636,0,44409240.000,0,-,-,-,-,3290.0000,3289.2000,3288.6000,3288.4000,3288.0000,3291.8000,3292.2000,3292.6000,3292.8000,3293.0000,1,1,1,1,1,1,1,1,3,1
SF,IH2010,2020-09-16 09:30:24.400,3291.0000,9636,0,44409240.000,0,-,-,-,-,3289.2000,3288.6000,3288.4000,3288.0000,3287.6000,3291.6000,3291.8000,3292.6000,3292.8000,3293.0000,1,1,1,1,1,1,1,1,3,1
SF,IH2010,2020-09-16 09:30:24.900,3291.6000,9635,-1,45396720.000,1,0,1,双平,S,3289.6000,3289.4000,3288.6000,3288.4000,3288.0000,3291.2000,3291.8000,3292.6000,3292.8000,3293.0000,1,1,1,1,1,1,1,1,3,1
SF,IH2010,2020-09-16 09:30:25.400,3291.6000,9635,0,45396720.000,0,-,-,-,-,3289.6000,3288.6000,3288.4000,3288.0000,3287.6000,3291.2000,3291.8000,3292.6000,3292.8000,3293.0000,1,1,1,1,1,1,1,1,3,1
SF,IH2010,2020-09-16 09:30:25.900,3289.6000,9635,0,46383600.000,1,0,1,多换,S,3288.6000,3288.4000,3288.0000,3287.6000,3286.8000,3291.2000,3291.8000,3292.6000,3292.8000,3293.0000,1,1,1,1,1,1,1,1,3,1
SF,IH2010,2020-09-16 09:30:26.400,3289.6000,9635,0,46383600.000,0,-,-,-,-,3290.0000,3289.0000,3288.8000,3288.6000,3288.4000,3291.2000,3291.8000,3292.6000,3293.0000,3293.4000,1,1,1,1,1,1,1,1,1,1
SF,IH2010,2020-09-16 09:30:26.900,3289.6000,9635,0,46383600.000,0,-,-,-,-,3288.8000,3288.6000,3288.4000,3288.0000,3287.6000,3291.0000,3291.2000,3291.8000,3292.6000,3293.0000,1,1,1,1,1,3,1,1,1,1
SF,IH2010,2020-09-16 09:30:27.400,3289.6000,9635,0,46383600.000,0,-,-,-,-,3288.6000,3288.4000,3288.0000,3287.6000,3286.8000,3291.0000,3291.2000,3292.6000,3293.0000,3293.4000,1,1,1,1,1,3,1,1,1,1
SF,IH2010,2020-09-16 09:30:27.900,3289.6000,9635,0,46383600.000,0,-,-,-,-,3288.6000,3288.4000,3288.0000,3287.6000,3287.0000,3291.0000,3291.2000,3292.6000,3293.0000,3293.4000,1,1,1,1,1,3,1,1,1,1
SF,IH2010,2020-09-16 09:30:28.400,3291.0000,9634,-1,47370900.000,1,0,1,双平,S,3288.4000,3288.0000,3287.6000,3287.0000,3286.8000,3291.0000,3291.2000,3292.6000,3293.0000,3293.4000,1,1,1,1,1,2,2,1,1,1
SF,IH2010,2020-09-16 09:30:28.900,3291.0000,9634,0,47370900.000,0,-,-,-,-,3288.4000,3288.0000,3287.6000,3287.0000,3286.8000,3291.0000,3291.2000,3292.4000,3292.6000,3293.0000,1,1,1,1,1,2,2,3,1,1
SF,IH2010,2020-09-16 09:30:29.400,3291.0000,9634,0,48358200.000,1,0,1,多换,S,3288.4000,3288.0000,3287.6000,3287.0000,3286.8000,3291.0000,3291.2000,3292.4000,3292.6000,3293.0000,1,1,1,1,1,1,2,3,1,1
SF,IH2010,2020-09-16 09:30:29.900,3291.0000,9634,0,49345500.000,1,0,1,多换,S,3288.6000,3288.4000,3288.0000,3287.6000,3287.0000,3291.0000,3291.2000,3292.6000,3293.0000,3293.4000,1,1,1,1,1,1,2,1,1,1
SF,IH2010,2020-09-16 09:30:30.400,3291.0000,9634,0,50332800.000,1,0,1,多换,S,3288.8000,3288.6000,3288.4000,3288.0000,3287.6000,3291.2000,3292.6000,3293.0000,3293.4000,3293.6000,1,1,1,1,1,2,1,1,1,1
SF,IH2010,2020-09-16 09:30:31.400,3291.0000,9634,0,50332800.000,0,-,-,-,-,3288.8000,3288.6000,3288.4000,3288.0000,3287.6000,3291.2000,3292.6000,3293.0000,3293.4000,3293.6000,1,1,1,1,1,3,1,1,1,1
SF,IH2010,2020-09-16 09:30:31.900,3291.2000,9634,0,53294880.000,3,1,2,多换,S,3291.8000,3288.8000,3288.6000,3288.4000,3288.0000,3292.6000,3293.0000,3293.4000,3293.6000,3294.0000,1,1,1,1,1,1,1,1,1,1
SF,IH2010,2020-09-16 09:30:32.400,3291.8000,9634,0,54282420.000,1,0,1,多换,S,3288.6000,3288.4000,3288.0000,3287.6000,3287.0000,3291.6000,3292.2000,3292.4000,3292.6000,3293.0000,1,1,1,1,1,2,1,3,1,1
SF,IH2010,2020-09-16 09:30:32.900,3291.8000,9634,0,54282420.000,0,-,-,-,-,3289.0000,3288.6000,3288.4000,3288.0000,3287.6000,3292.4000,3292.6000,3293.0000,3293.4000,3293.6000,1,4,1,1,1,2,1,1,1,1
SF,IH2010,2020-09-16 09:30:33.400,3291.8000,9634,0,54282420.000,0,-,-,-,-,3289.2000,3289.0000,3288.6000,3288.4000,3288.0000,3291.8000,3292.2000,3292.4000,3292.6000,3293.0000,1,1,3,1,1,1,3,2,1,1
SF,IH2010,2020-09-16 09:30:33.900,3291.8000,9634,0,54282420.000,0,-,-,-,-,3289.2000,3289.0000,3288.4000,3288.0000,3287.6000,3291.8000,3292.2000,3292.4000,3292.6000,3293.0000,1,1,1,1,1,1,1,2,1,1
SF,IH2010,2020-09-16 09:30:34.400,3291.8000,9634,0,54282420.000,0,-,-,-,-,3289.2000,3289.0000,3288.6000,3288.4000,3288.0000,3291.6000,3291.8000,3292.2000,3292.4000,3292.6000,3,1,1,1,1,1,1,1,2,1
SF,IH2010,2020-09-16 09:30:34.900,3291.8000,9634,0,54282420.000,0,-,-,-,-,3289.2000,3289.0000,3288.6000,3288.4000,3288.0000,3291.6000,3291.8000,3292.4000,3292.6000,3293.0000,3,1,1,1,1,1,1,2,1,1
SF,IH2010,2020-09-16 09:30:36.400,3291.8000,9634,0,54282420.000,0,-,-,-,-,3289.2000,3289.0000,3288.6000,3288.4000,3288.0000,3291.4000,3291.6000,3291.8000,3292.4000,3292.6000,3,1,1,1,1,1,2,1,2,1
SF,IH2010,2020-09-16 09:30:36.900,3291.8000,9634,0,54282420.000,0,-,-,-,-,3289.2000,3289.0000,3288.6000,3288.4000,3288.0000,3291.2000,3291.4000,3291.6000,3291.8000,3292.4000,3,1,1,1,1,2,2,1,1,2
SF,IH2010,2020-09-16 09:30:37.400,3291.6000,9633,-1,55269900.000,1,0,1,双平,S,3289.4000,3289.2000,3289.0000,3288.6000,3288.4000,3291.2000,3291.4000,3291.6000,3291.8000,3292.4000,1,3,1,1,1,1,2,1,1,2
SF,IH2010,2020-09-16 09:30:37.900,3291.6000,9633,0,55269900.000,0,-,-,-,-,3289.2000,3289.0000,3288.6000,3288.4000,3288.0000,3290.8000,3291.0000,3291.2000,3291.4000,3291.8000,3,1,1,1,1,1,2,1,1,1
SF,IH2010,2020-09-16 09:30:38.400,3291.6000,9633,0,55269900.000,0,-,-,-,-,3289.4000,3289.2000,3288.6000,3288.4000,3288.0000,3290.8000,3291.4000,3291.8000,3292.4000,3292.6000,1,2,1,1,1,1,1,2,3,1
SF,IH2010,2020-09-16 09:30:38.900,3291.6000,9633,0,55269900.000,0,-,-,-,-,3289.2000,3288.6000,3288.4000,3288.0000,3287.0000,3290.8000,3291.4000,3291.8000,3292.4000,3292.6000,2,1,1,1,1,1,1,2,3,1
SF,IH2010,2020-09-16 09:30:39.400,3291.6000,9633,0,55269900.000,0,-,-,-,-,3289.4000,3289.2000,3288.6000,3288.4000,3288.0000,3290.8000,3291.4000,3291.8000,3292.4000,3292.6000,1,2,1,1,1,1,1,2,3,1
SF,IH2010,2020-09-16 09:30:39.900,3291.6000,9633,0,55269900.000,0,-,-,-,-,3289.6000,3289.2000,3288.6000,3288.4000,3288.0000,3290.8000,3291.4000,3291.8000,3292.4000,3292.6000,2,2,1,1,1,1,1,2,3,1
SF,IH2010,2020-09-16 09:30:40.400,3290.8000,9632,-1,56257140.000,1,0,1,双平,S,3289.8000,3289.6000,3289.2000,3288.6000,3288.4000,3291.4000,3291.8000,3292.4000,3292.6000,3293.0000,1,1,2,1,1,1,2,3,1,1
SF,IH2010,2020-09-16 09:30:40.900,3291.4000,9632,0,57244560.000,1,0,1,多换,S,3289.6000,3288.6000,3288.4000,3288.0000,3287.0000,3291.8000,3292.4000,3292.6000,3293.0000,3293.4000,1,1,1,1,1,2,3,1,1,3
SF,IH2010,2020-09-16 09:30:41.400,3291.6000,9632,0,58232040.000,1,0,1,多换,S,3289.8000,3289.6000,3288.6000,3288.4000,3288.0000,3291.6000,3291.8000,3292.4000,3292.6000,3293.0000,3,1,1,1,1,1,2,3,1,1
SF,IH2010,2020-09-16 09:30:41.900,3291.4000,9631,-1,60206460.000,2,0,2,多平,S,3290.0000,3289.8000,3289.6000,3288.6000,3288.4000,3291.6000,3291.8000,3292.4000,3292.6000,3293.0000,1,3,1,1,1,1,2,3,1,1
SF,IH2010,2020-09-16 09:30:42.400,3291.4000,9631,0,60206460.000,0,-,-,-,-,3289.6000,3288.6000,3288.4000,3288.0000,3287.0000,3291.4000,3291.6000,3291.8000,3292.4000,3292.6000,1,1,1,1,1,1,2,2,3,1
SF,IH2010,2020-09-16 09:30:42.900,3291.4000,9631,0,61193880.000,1,0,1,多换,S,3290.0000,3289.8000,3289.6000,3288.6000,3288.4000,3291.6000,3291.8000,3292.4000,3292.6000,3293.0000,3,1,1,1,1,1,2,3,1,1
SF,IH2010,2020-09-16 09:30:43.400,3291.4000,9631,0,62181300.000,1,0,1,多换,S,3290.2000,3290.0000,3289.6000,3288.6000,3288.4000,3291.8000,3292.4000,3292.6000,3293.0000,3293.4000,1,3,1,1,1,2,1,1,1,1
SF,IH2010,2020-09-16 09:30:43.900,3291.4000,9631,0,62181300.000,0,-,-,-,-,3290.4000,3289.6000,3288.6000,3288.4000,3288.0000,3291.8000,3292.4000,3292.6000,3293.0000,3293.4000,1,1,1,1,1,1,1,1,1,1
SF,IH2010,2020-09-16 09:30:44.400,3291.4000,9631,0,62181300.000,0,-,-,-,-,3290.6000,3290.2000,3289.6000,3288.6000,3288.4000,3291.8000,3292.4000,3292.6000,3293.0000,3293.4000,1,3,1,1,1,1,1,1,1,1
SF,IH2010,2020-09-16 09:30:44.900,3291.4000,9631,0,62181300.000,0,-,-,-,-,3289.6000,3288.6000,3288.4000,3288.0000,3287.0000,3291.8000,3292.4000,3292.6000,3293.0000,3293.4000,1,1,1,1,1,1,1,1,1,1
SF,IH2010,2020-09-16 09:30:45.400,3291.4000,9631,0,62181300.000,0,-,-,-,-,3290.6000,3289.6000,3288.6000,3288.4000,3288.0000,3291.8000,3292.4000,3292.6000,3293.0000,3293.4000,1,4,1,1,1,1,1,1,1,1
SF,IH2010,2020-09-16 09:30:45.900,3291.4000,9631,0,62181300.000,0,-,-,-,-,3290.6000,3289.6000,3288.6000,3288.4000,3288.0000,3291.8000,3292.4000,3292.6000,3293.0000,3293.4000,3,1,1,1,1,1,1,1,1,1
SF,IH2010,2020-09-16 09:30:46.400,3291.8000,9631,0,63168840.000,1,0,1,多换,S,3290.8000,3290.6000,3289.6000,3288.6000,3288.4000,3292.4000,3292.6000,3293.0000,3293.4000,3293.6000,1,3,1,1,1,1,1,1,1,1
SF,IH2010,2020-09-16 09:30:46.900,3291.8000,9631,0,63168840.000,0,-,-,-,-,3290.6000,3289.6000,3288.6000,3288.4000,3288.0000,3292.4000,3292.6000,3293.0000,3293.6000,3294.0000,1,1,1,1,1,1,1,1,1,1
SF,IH2010,2020-09-16 09:30:47.400,3292.4000,9630,-1,64156560.000,1,0,1,双平,S,3291.8000,3290.8000,3290.6000,3289.6000,3288.6000,3292.6000,3293.0000,3293.6000,3294.0000,3294.8000,1,1,1,1,1,1,1,1,1,5
SF,IH2010,2020-09-16 09:30:47.900,3292.6000,9629,-1,65144340.000,1,0,1,双平,S,3292.6000,3291.8000,3290.6000,3289.6000,3288.6000,3293.0000,3293.6000,3294.0000,3294.8000,3298.4000,1,1,1,1,1,1,1,1,5,5
SF,IH2010,2020-09-16 09:30:48.400,3293.6000,9626,-3,68108220.000,3,0,3,双平,S,3293.6000,3293.4000,3293.2000,3292.8000,3291.8000,3294.0000,3294.8000,3298.4000,3299.8000,3302.8000,1,2,1,1,1,1,5,5,1,1
SF,IH2010,2020-09-16 09:30:48.900,3293.6000,9625,-1,69096300.000,1,0,1,双平,S,3293.2000,3291.8000,3290.6000,3289.6000,3288.6000,3294.8000,3298.4000,3299.8000,3302.8000,3311.0000,1,1,1,1,1,5,5,1,1,1
SF,IH2010,2020-09-16 09:30:49.400,3293.6000,9625,0,69096300.000,0,-,-,-,-,3293.2000,3293.0000,3291.8000,3290.6000,3289.6000,3294.8000,3298.4000,3299.8000,3302.8000,3311.0000,1,10,1,1,1,5,5,1,1,1
SF,IH2010,2020-09-16 09:30:49.900,3293.6000,9625,0,69096300.000,0,-,-,-,-,3293.2000,3293.0000,3291.8000,3290.6000,3289.6000,3294.8000,3298.4000,3299.8000,3302.8000,3311.0000,1,10,1,1,1,5,5,1,1,1
SF,IH2010,2020-09-16 09:30:50.400,3293.6000,9625,0,69096300.000,0,-,-,-,-,3293.2000,3293.0000,3291.8000,3290.6000,3289.6000,3294.6000,3294.8000,3298.4000,3299.8000,3302.8000,1,10,1,1,1,1,5,5,1,1
SF,IH2010,2020-09-16 09:30:50.900,3293.6000,9625,0,69096300.000,0,-,-,-,-,3293.4000,3293.2000,3293.0000,3291.8000,3290.6000,3294.6000,3294.8000,3298.4000,3299.8000,3302.8000,1,1,10,1,1,1,5,5,1,1
SF,IH2010,2020-09-16 09:30:51.400,3294.8000,9625,0,71073120.000,2,1,1,多换,S,3293.2000,3293.0000,3291.8000,3290.6000,3289.6000,3294.8000,3298.4000,3299.8000,3302.8000,3311.0000,1,10,1,1,1,4,5,1,1,1
SF,IH2010,2020-09-16 09:30:51.900,3294.8000,9624,-1,72061560.000,1,0,1,双平,S,3293.4000,3293.2000,3293.0000,3291.8000,3290.6000,3294.8000,3298.4000,3299.8000,3302.8000,3311.0000,1,1,10,1,1,3,5,1,1,1
SF,IH2010,2020-09-16 09:30:52.400,3294.8000,9621,-3,75026880.000,3,0,3,双平,S,3293.6000,3293.2000,3293.0000,3291.8000,3290.6000,3298.4000,3299.8000,3302.8000,3311.0000,3317.4000,1,1,10,1,1,5,1,1,1,1
SF,IH2010,2020-09-16 09:30:52.900,3294.8000,9621,0,75026880.000,0,-,-,-,-,3293.8000,3293.2000,3293.0000,3291.8000,3290.6000,3295.8000,3296.4000,3296.6000,3296.8000,3297.4000,4,1,10,1,1,2,2,1,1,2
SF,IH2010,2020-09-16 09:30:53.400,3294.8000,9621,0,75026880.000,0,-,-,-,-,3294.0000,3293.8000,3293.2000,3293.0000,3291.8000,3295.6000,3297.4000,3297.8000,3298.0000,3298.2000,1,1,1,10,1,1,2,5,5,5
SF,IH2010,2020-09-16 09:30:53.900,3294.8000,9621,0,75026880.000,0,-,-,-,-,3294.2000,3293.2000,3293.0000,3291.8000,3290.6000,3295.6000,3297.4000,3297.8000,3298.0000,3298.2000,1,1,10,1,1,1,3,4,5,5
SF,IH2010,2020-09-16 09:30:54.400,3295.6000,9621,0,76015560.000,1,0,1,多换,S,3294.4000,3293.2000,3293.0000,3291.8000,3290.6000,3297.4000,3297.8000,3298.0000,3298.2000,3298.4000,1,1,10,1,1,3,4,5,5,6
SF,IH2010,2020-09-16 09:30:54.900,3295.6000,9621,0,76015560.000,0,-,-,-,-,3293.2000,3291.8000,3290.6000,3289.6000,3288.6000,3294.4000,3297.0000,3297.2000,3297.4000,3297.8000,1,1,1,1,1,5,2,4,2,3
SF,IH2010,2020-09-16 09:30:55.400,3294.4000,9616,-5,80957160.000,5,0,5,双平,S,3293.4000,3291.8000,3290.6000,3289.6000,3288.6000,3294.8000,3297.0000,3297.2000,3297.4000,3297.8000,2,1,1,1,1,1,2,2,2,3
SF,IH2010,2020-09-16 09:30:55.900,3294.8000,9616,0,81945600.000,1,0,1,多换,S,3296.0000,3293.6000,3291.8000,3290.6000,3289.6000,3297.0000,3297.2000,3297.4000,3297.8000,3298.0000,1,1,1,1,1,2,2,2,3,4
SF,IH2010,2020-09-16 09:30:56.400,3296.0000,9616,0,82934400.000,1,0,1,多换,S,3290.6000,3288.6000,3288.4000,3288.0000,3287.0000,3296.0000,3296.6000,3296.8000,3297.0000,3297.2000,1,1,1,1,1,3,1,3,2,2
SF,IH2010,2020-09-16 09:30:56.900,3296.0000,9616,0,82934400.000,0,-,-,-,-,3294.4000,3293.4000,3292.0000,3291.8000,3291.6000,3295.8000,3296.6000,3296.8000,3298.0000,3298.2000,1,1,1,3,1,1,1,3,4,1
SF,IH2010,2020-09-16 09:30:57.400,3296.6000,9617,1,85900020.000,3,2,1,空开,S,3292.0000,3291.8000,3291.6000,3291.2000,3291.0000,3296.8000,3298.0000,3298.2000,3298.4000,3299.8000,1,3,1,2,6,3,4,1,1,1
SF,IH2010,2020-09-16 09:30:57.900,3296.6000,9617,0,85900020.000,0,-,-,-,-,3292.6000,3292.4000,3292.2000,3292.0000,3291.8000,3296.4000,3296.6000,3296.8000,3298.0000,3298.2000,2,4,3,1,3,2,1,2,4,1
SF,IH2010,2020-09-16 09:30:58.400,3296.6000,9617,0,85900020.000,0,-,-,-,-,3295.8000,3293.4000,3292.6000,3292.4000,3292.2000,3296.0000,3296.2000,3296.4000,3296.6000,3296.8000,1,1,3,1,2,1,1,3,1,1
SF,IH2010,2020-09-16 09:30:58.900,3295.8000,9617,0,86888760.000,1,0,1,多换,S,3293.4000,3292.6000,3292.2000,3291.8000,3291.6000,3294.6000,3294.8000,3295.2000,3295.6000,3295.8000,1,2,2,2,1,2,1,2,1,1
SF,IH2010,2020-09-16 09:30:59.400,3293.6000,9617,0,87876840.000,1,0,1,多换,S,3293.6000,3292.6000,3291.8000,3291.6000,3291.2000,3294.6000,3296.0000,3296.4000,3296.6000,3296.8000,1,1,2,1,2,2,1,3,1,1
SF,IH2010,2020-09-16 09:30:59.900,3293.6000,9617,0,87876840.000,0,-,-,-,-,3292.6000,3291.8000,3291.2000,3290.6000,3288.6000,3294.4000,3294.6000,3295.6000,3296.0000,3296.4000,1,2,1,1,1,1,2,2,1,3
SF,IH2010,2020-09-16 09:31:00.400,3293.6000,9617,0,87876840.000,0,-,-,-,-,3292.8000,3292.6000,3290.6000,3288.6000,3288.4000,3294.4000,3294.6000,3295.6000,3296.0000,3296.4000,1,1,1,1,1,1,2,2,3,4
SF,IH2010,2020-09-16 09:31:00.900,3293.6000,9617,0,87876840.000,0,-,-,-,-,3293.0000,3292.6000,3290.6000,3288.6000,3288.4000,3294.4000,3294.6000,3295.6000,3296.0000,3296.4000,1,1,1,1,1,1,2,2,3,4
SF,IH2010,2020-09-16 09:31:01.400,3294.2000,9614,-3,91828980.000,4,0,4,多平,S,3294.4000,3292.6000,3290.6000,3288.6000,3288.4000,3294.6000,3295.6000,3296.0000,3296.4000,3296.6000,1,1,1,1,1,2,2,3,4,1
SF,IH2010,2020-09-16 09:31:01.900,3294.4000,9614,0,93805620.000,2,1,1,多换,S,3290.6000,3288.6000,3288.4000,3288.0000,3287.0000,3294.4000,3294.6000,3295.6000,3296.0000,3296.4000,1,1,1,1,1,2,2,2,3,4
SF,IH2010,2020-09-16 09:31:02.400,3294.4000,9614,0,93805620.000,0,-,-,-,-,3291.2000,3291.0000,3290.8000,3290.6000,3288.6000,3294.2000,3294.6000,3295.6000,3296.0000,3296.4000,3,3,1,1,1,5,2,2,3,4
SF,IH2010,2020-09-16 09:31:02.900,3294.4000,9614,0,93805620.000,0,-,-,-,-,3291.2000,3291.0000,3290.6000,3288.6000,3288.4000,3294.0000,3294.2000,3294.6000,3295.6000,3296.0000,3,2,1,1,1,1,5,2,2,3
SF,IH2010,2020-09-16 09:31:03.400,3294.4000,9614,0,94793940.000,1,0,1,多换,S,3291.4000,3291.2000,3291.0000,3290.6000,3288.6000,3294.2000,3294.6000,3295.6000,3296.0000,3296.4000,1,3,2,1,1,4,2,2,3,4
SF,IH2010,2020-09-16 09:31:03.900,3294.4000,9614,0,95782260.000,1,0,1,多换,S,3292.0000,3291.6000,3291.4000,3291.2000,3291.0000,3294.2000,3294.6000,3295.6000,3296.0000,3296.4000,2,1,2,1,1,2,2,2,3,4
SF,IH2010,2020-09-16 09:31:04.400,3294.4000,9614,0,95782260.000,0,-,-,-,-,3292.4000,3292.2000,3292.0000,3291.4000,3291.2000,3294.2000,3294.6000,3295.6000,3296.0000,3296.4000,1,1,1,1,1,1,2,1,3,4
SF,IH2010,2020-09-16 09:31:04.900,3294.6000,9614,0,96770640.000,1,0,1,多换,S,3294.4000,3292.8000,3292.6000,3292.4000,3292.2000,3294.6000,3295.6000,3296.0000,3296.4000,3296.6000,3,1,3,1,1,1,1,3,4,1
SF,IH2010,2020-09-16 09:31:05.400,3294.4000,9613,-1,100723920.000,4,1,3,多平,S,3292.8000,3292.6000,3292.4000,3292.2000,3291.4000,3294.6000,3295.6000,3296.0000,3296.4000,3296.6000,1,2,1,1,1,1,1,3,4,1
SF,IH2010,2020-09-16 09:31:05.900,3294.4000,9613,0,100723920.000,0,-,-,-,-,3293.0000,3292.8000,3292.6000,3292.4000,3292.2000,3295.6000,3296.0000,3296.4000,3296.6000,3296.8000,1,1,1,1,1,1,3,3,1,1
SF,IH2010,2020-09-16 09:31:06.400,3294.4000,9613,0,100723920.000,0,-,-,-,-,3294.2000,3293.2000,3292.6000,3292.4000,3292.2000,3295.4000,3295.6000,3296.0000,3296.4000,3296.6000,1,3,1,1,1,1,1,3,3,1
SF,IH2010,2020-09-16 09:31:06.900,3293.2000,9612,-1,102700140.000,2,0,2,多平,S,3293.2000,3292.4000,3292.2000,3291.2000,3291.0000,3295.2000,3295.4000,3295.6000,3296.0000,3296.4000,1,1,2,1,1,1,1,1,3,3
SF,IH2010,2020-09-16 09:31:07.400,3293.2000,9612,0,102700140.000,0,-,-,-,-,3293.4000,3293.2000,3292.4000,3292.2000,3291.2000,3295.4000,3295.6000,3296.0000,3296.4000,3296.6000,1,1,1,1,1,1,1,3,2,1
SF,IH2010,2020-09-16 09:31:07.900,3295.0000,9612,0,103688640.000,1,0,1,多换,S,3293.6000,3293.2000,3292.4000,3292.2000,3291.2000,3295.0000,3295.4000,3296.0000,3296.4000,3296.6000,1,1,1,1,1,1,1,1,3,1
SF,IH2010,2020-09-16 09:31:08.400,3295.0000,9611,-1,104677140.000,1,0,1,双平,S,3295.0000,3293.8000,3292.4000,3292.2000,3291.2000,3295.4000,3296.0000,3296.4000,3296.6000,3296.8000,1,3,1,1,1,1,1,2,1,1
SF,IH2010,2020-09-16 09:31:08.900,3295.0000,9610,-1,106654260.000,2,0,2,多平,S,3293.8000,3292.4000,3292.2000,3291.0000,3290.6000,3296.0000,3296.4000,3296.6000,3296.8000,3297.2000,2,1,1,1,1,1,2,2,1,1
SF,IH2010,2020-09-16 09:31:09.400,3296.0000,9610,0,107643060.000,1,0,1,多换,S,3294.0000,3293.8000,3292.4000,3292.2000,3291.0000,3296.4000,3296.6000,3296.8000,3297.2000,3298.0000,1,2,1,1,1,2,2,1,1,5
SF,IH2010,2020-09-16 09:31:09.900,3296.0000,9610,0,107643060.000,0,-,-,-,-,3294.6000,3294.0000,3293.8000,3292.4000,3292.2000,3296.6000,3297.2000,3298.0000,3298.2000,3299.8000,1,1,2,1,1,1,1,5,1,1
SF,IH2010,2020-09-16 09:31:10.400,3296.0000,9610,0,107643060.000,0,-,-,-,-,3294.8000,3294.6000,3294.0000,3293.8000,3292.4000,3296.6000,3297.2000,3298.0000,3298.2000,3299.8000,2,1,1,1,1,1,1,5,1,1
SF,IH2010,2020-09-16 09:31:10.900,3296.0000,9610,0,107643060.000,0,-,-,-,-,3295.2000,3294.8000,3294.6000,3294.0000,3293.8000,3296.6000,3297.2000,3298.0000,3298.2000,3299.8000,1,1,1,1,1,1,1,5,1,1
SF,IH2010,2020-09-16 09:31:11.400,3296.4000,9611,1,108631980.000,1,1,0,双开,S,3296.4000,3295.4000,3294.6000,3294.0000,3293.8000,3296.6000,3297.2000,3298.0000,3298.2000,3299.8000,5,1,1,1,1,1,1,5,1,1
SF,IH2010,2020-09-16 09:31:11.900,3296.6000,9612,1,117532320.000,9,5,4,空开,S,3296.8000,3294.6000,3294.0000,3293.4000,3292.4000,3297.2000,3298.0000,3298.2000,3299.8000,3302.2000,2,1,1,1,1,1,5,1,1,5
SF,IH2010,2020-09-16 09:31:12.400,3296.6000,9612,0,119510280.000,2,1,1,多换,S,3294.6000,3294.0000,3293.4000,3292.4000,3292.2000,3296.8000,3297.2000,3298.0000,3298.2000,3299.8000,1,1,1,1,1,2,1,4,1,1
SF,IH2010,2020-09-16 09:31:12.900,3296.6000,9612,0,119510280.000,0,-,-,-,-,3296.0000,3294.8000,3294.6000,3294.0000,3293.4000,3296.6000,3296.8000,3297.2000,3298.0000,3298.2000,10,1,1,1,1,3,1,1,3,1
SF,IH2010,2020-09-16 09:31:13.400,3296.0000,9612,0,123465600.000,4,2,2,多换,S,3296.0000,3294.8000,3294.0000,3293.4000,3292.4000,3296.4000,3296.6000,3296.8000,3297.0000,3297.2000,7,1,1,1,1,1,3,1,1,1
SF,IH2010,2020-09-16 09:31:13.900,3296.0000,9612,0,124454400.000,1,0,1,多换,S,3296.0000,3294.8000,3294.0000,3293.4000,3292.4000,3296.4000,3296.6000,3297.0000,3297.2000,3298.0000,6,1,1,1,1,1,3,1,1,3
SF,IH2010,2020-09-16 09:31:14.400,3296.0000,9611,-1,126432120.000,2,0,2,多平,S,3296.0000,3294.8000,3294.0000,3293.4000,3292.4000,3296.6000,3297.0000,3297.2000,3298.0000,3298.2000,5,1,1,1,1,2,1,1,3,1
SF,IH2010,2020-09-16 09:31:14.900,3296.0000,9611,0,127420920.000,1,0,1,多换,S,3296.0000,3294.8000,3294.0000,3293.4000,3292.4000,3296.6000,3297.0000,3297.2000,3298.0000,3298.2000,4,1,1,1,1,2,1,1,3,1
SF,IH2010,2020-09-16 09:31:15.400,3296.0000,9615,4,131376120.000,4,4,0,双开,S,3294.8000,3294.0000,3293.4000,3292.4000,3292.2000,3296.6000,3297.0000,3297.2000,3298.0000,3298.2000,1,1,1,1,1,2,1,1,3,1
SF,IH2010,2020-09-16 09:31:15.900,3296.0000,9615,0,131376120.000,0,-,-,-,-,3295.0000,3294.8000,3294.0000,3293.4000,3292.4000,3296.0000,3296.6000,3297.0000,3297.2000,3298.0000,2,1,1,1,1,1,2,1,1,3
SF,IH2010,2020-09-16 09:31:16.400,3296.0000,9615,0,131376120.000,0,-,-,-,-,3295.2000,3295.0000,3294.8000,3294.0000,3293.4000,3296.0000,3296.6000,3297.0000,3297.2000,3298.0000,1,1,1,1,1,1,2,1,1,3
SF,IH2010,2020-09-16 09:31:16.900,3295.4000,9614,-1,132364740.000,1,0,1,双平,S,3294.0000,3293.4000,3292.4000,3292.2000,3290.6000,3296.0000,3296.6000,3297.0000,3297.2000,3298.0000,1,1,1,1,1,1,2,1,1,3
SF,IH2010,2020-09-16 09:31:17.400,3295.4000,9614,0,132364740.000,0,-,-,-,-,3294.2000,3294.0000,3293.4000,3292.4000,3292.2000,3295.8000,3296.0000,3296.6000,3297.0000,3297.2000,1,1,1,1,1,1,1,2,1,1
SF,IH2010,2020-09-16 09:31:17.900,3295.4000,9614,0,132364740.000,0,-,-,-,-,3294.4000,3294.0000,3293.4000,3292.4000,3292.2000,3295.8000,3296.0000,3296.6000,3297.0000,3297.2000,1,1,1,1,1,1,1,2,1,1
SF,IH2010,2020-09-16 09:31:18.400,3292.4000,9616,2,134340480.000,2,2,0,双开,S,3292.2000,3290.6000,3290.4000,3290.0000,3288.6000,3295.6000,3295.8000,3296.0000,3296.2000,3296.6000,1,1,6,1,1,1,1,1,1,2
SF,IH2010,2020-09-16 09:31:18.900,3292.4000,9616,0,134340480.000,0,-,-,-,-,3292.8000,3292.6000,3292.4000,3292.2000,3290.6000,3295.4000,3295.6000,3295.8000,3296.0000,3296.2000,1,2,2,1,1,5,1,1,1,1
SF,IH2010,2020-09-16 09:31:19.400,3292.4000,9616,0,134340480.000,0,-,-,-,-,3293.0000,3292.8000,3292.6000,3292.4000,3292.2000,3295.4000,3295.6000,3295.8000,3296.0000,3296.2000,1,1,2,1,1,3,1,1,1,1
SF,IH2010,2020-09-16 09:31:19.900,3292.4000,9616,0,134340480.000,0,-,-,-,-,3293.4000,3293.2000,3293.0000,3292.8000,3292.6000,3295.4000,3295.6000,3296.0000,3296.2000,3296.6000,1,2,1,1,2,3,1,1,1,2
SF,IH2010,2020-09-16 09:31:20.400,3292.4000,9616,0,134340480.000,0,-,-,-,-,3293.6000,3293.4000,3293.2000,3293.0000,3292.8000,3295.4000,3295.6000,3296.0000,3296.2000,3296.6000,1,1,2,1,1,2,1,1,1,2
SF,IH2010,2020-09-16 09:31:20.900,3292.4000,9616,0,134340480.000,0,-,-,-,-,3293.8000,3293.4000,3293.2000,3293.0000,3292.8000,3295.6000,3296.0000,3296.6000,3297.0000,3297.2000,1,1,2,1,1,1,1,2,1,1
SF,IH2010,2020-09-16 09:31:21.400,3292.4000,9616,0,134340480.000,0,-,-,-,-,3293.4000,3293.0000,3292.8000,3292.6000,3292.4000,3295.0000,3295.4000,3295.6000,3296.0000,3297.0000,1,1,1,2,3,1,1,2,1,1
SF,IH2010,2020-09-16 09:31:21.900,3292.4000,9616,0,134340480.000,0,-,-,-,-,3295.0000,3293.6000,3293.4000,3293.0000,3292.6000,3295.4000,3295.6000,3296.0000,3297.0000,3297.2000,1,1,1,1,2,1,1,1,1,1
SF,IH2010,2020-09-16 09:31:22.400,3294.8000,9616,0,135328920.000,1,0,1,多换,S,3293.0000,3292.8000,3292.6000,3292.4000,3292.2000,3295.4000,3295.6000,3296.0000,3297.0000,3297.2000,1,5,2,3,1,1,1,1,1,1
SF,IH2010,2020-09-16 09:31:22.900,3294.8000,9616,0,135328920.000,0,-,-,-,-,3293.2000,3293.0000,3292.8000,3292.6000,3292.4000,3295.2000,3295.4000,3295.6000,3296.0000,3297.0000,1,1,5,2,3,2,1,1,1,1
SF,IH2010,2020-09-16 09:31:23.400,3294.8000,9616,0,135328920.000,0,-,-,-,-,3293.4000,3293.2000,3293.0000,3292.8000,3292.6000,3295.2000,3295.4000,3295.6000,3296.0000,3297.0000,1,1,1,5,2,2,1,1,1,1
SF,IH2010,2020-09-16 09:31:23.900,3294.8000,9616,0,135328920.000,0,-,-,-,-,3293.2000,3293.0000,3292.8000,3292.6000,3292.4000,3294.8000,3295.2000,3295.4000,3295.6000,3296.0000,1,1,5,2,3,1,2,1,1,1
SF,IH2010,2020-09-16 09:31:24.400,3293.2000,9616,0,137304900.000,2,1,1,多换,S,3292.8000,3292.6000,3292.2000,3291.6000,3290.6000,3294.6000,3295.0000,3295.2000,3295.4000,3295.6000,5,2,1,1,1,1,1,2,1,1
SF,IH2010,2020-09-16 09:31:24.900,3293.2000,9616,0,137304900.000,0,-,-,-,-,3292.8000,3292.6000,3292.2000,3290.6000,3290.4000,3294.2000,3294.4000,3294.6000,3294.8000,3295.0000,5,2,1,1,6,1,2,2,2,1
SF,IH2010,2020-09-16 09:31:25.400,3293.2000,9616,0,137304900.000,0,-,-,-,-,3292.8000,3292.2000,3290.4000,3290.0000,3288.6000,3294.2000,3294.4000,3294.6000,3294.8000,3295.0000,5,1,6,1,1,1,1,1,1,1
SF,IH2010,2020-09-16 09:31:25.900,3293.2000,9616,0,137304900.000,0,-,-,-,-,3292.8000,3292.2000,3290.4000,3290.0000,3288.6000,3293.8000,3294.0000,3294.2000,3294.4000,3294.6000,5,1,6,1,1,1,3,1,1,1
SF,IH2010,2020-09-16 09:31:26.400,3292.8000,9616,0,138292740.000,1,0,1,多换,S,3292.8000,3292.2000,3290.4000,3290.0000,3288.6000,3294.0000,3294.2000,3294.4000,3294.6000,3294.8000,4,1,6,1,1,3,1,1,1,1
SF,IH2010,2020-09-16 09:31:26.900,3292.8000,9616,0,139280580.000,1,0,1,多换,S,3292.8000,3292.2000,3290.4000,3290.0000,3288.6000,3293.6000,3294.0000,3294.2000,3294.4000,3294.6000,3,1,6,1,1,1,3,1,1,1
SF,IH2010,2020-09-16 09:31:27.400,3292.8000,9616,0,142244100.000,3,1,2,多换,S,3292.2000,3290.4000,3290.0000,3288.6000,3288.4000,3294.0000,3294.2000,3294.4000,3294.6000,3294.8000,1,6,1,1,2,3,1,1,1,1
SF,IH2010,2020-09-16 09:31:27.900,3292.8000,9616,0,142244100.000,0,-,-,-,-,3292.2000,3290.4000,3290.0000,3288.6000,3288.4000,3293.2000,3293.4000,3293.6000,3293.8000,3294.0000,1,6,1,1,2,1,2,4,3,3
SF,IH2010,2020-09-16 09:31:28.400,3292.8000,9616,0,142244100.000,0,-,-,-,-,3292.2000,3290.4000,3290.0000,3288.6000,3288.4000,3293.2000,3293.4000,3293.6000,3293.8000,3294.0000,1,6,1,1,2,1,2,1,1,3
SF,IH2010,2020-09-16 09:31:28.900,3293.2000,9616,0,143232060.000,1,0,1,多换,S,3292.2000,3290.4000,3290.0000,3288.6000,3288.4000,3293.4000,3293.6000,3293.8000,3294.0000,3294.6000,1,6,1,1,2,2,1,1,3,1
SF,IH2010,2020-09-16 09:31:29.400,3292.2000,9615,-1,146195760.000,3,1,2,多平,S,3290.4000,3290.0000,3288.6000,3288.4000,3288.0000,3292.2000,3293.6000,3293.8000,3294.0000,3294.6000,6,1,1,2,1,3,1,1,3,1
SF,IH2010,2020-09-16 09:31:29.900,3292.2000,9615,0,149158740.000,3,1,2,多换,S,3292.4000,3290.6000,3290.4000,3290.0000,3288.6000,3293.6000,3293.8000,3294.0000,3294.8000,3295.0000,1,3,6,1,1,1,1,3,1,1
SF,IH2010,2020-09-16 09:31:30.400,3292.2000,9615,0,149158740.000,0,-,-,-,-,3292.4000,3290.6000,3290.4000,3290.0000,3288.6000,3294.8000,3295.0000,3296.0000,3296.2000,3296.4000,1,2,6,1,1,1,1,1,14,1
SF,IH2010,2020-09-16 09:31:30.900,3292.2000,9615,0,149158740.000,0,-,-,-,-,3292.6000,3292.4000,3291.0000,3290.6000,3290.4000,3294.4000,3294.6000,3294.8000,3295.0000,3296.0000,1,1,1,3,6,2,1,1,1,1
SF,IH2010,2020-09-16 09:31:31.400,3292.2000,9615,0,149158740.000,0,-,-,-,-,3292.6000,3292.4000,3291.0000,3290.6000,3290.4000,3294.0000,3294.2000,3294.4000,3294.6000,3294.8000,1,1,1,3,6,1,3,1,1,1
SF,IH2010,2020-09-16 09:31:31.900,3292.2000,9615,0,149158740.000,0,-,-,-,-,3292.6000,3292.4000,3291.0000,3290.6000,3290.4000,3294.2000,3294.6000,3294.8000,3296.0000,3296.2000,1,1,1,3,6,1,1,1,1,14
SF,IH2010,2020-09-16 09:31:32.400,3292.2000,9615,0,149158740.000,0,-,-,-,-,3292.8000,3292.6000,3292.4000,3291.0000,3290.6000,3294.6000,3294.8000,3296.0000,3296.2000,3296.4000,1,6,1,1,3,1,1,1,14,1
SF,IH2010,2020-09-16 09:31:32.900,3292.2000,9615,0,149158740.000,0,-,-,-,-,3292.6000,3292.4000,3291.0000,3290.6000,3290.4000,3294.4000,3294.8000,3296.0000,3296.2000,3296.4000,5,1,1,3,6,3,1,1,14,1
SF,IH2010,2020-09-16 09:31:33.400,3292.2000,9615,0,149158740.000,0,-,-,-,-,3292.6000,3292.4000,3291.0000,3290.6000,3290.4000,3294.2000,3294.4000,3296.0000,3296.2000,3296.4000,5,1,1,3,6,1,3,1,14,1
SF,IH2010,2020-09-16 09:31:33.900,3292.2000,9615,0,149158740.000,0,-,-,-,-,3292.6000,3292.4000,3291.0000,3290.6000,3290.4000,3294.0000,3294.2000,3294.4000,3296.0000,3296.2000,5,1,1,3,6,1,2,3,3,14
SF,IH2010,2020-09-16 09:31:34.400,3292.2000,9615,0,149158740.000,0,-,-,-,-,3292.6000,3292.4000,3290.6000,3290.4000,3290.0000,3293.6000,3293.8000,3294.2000,3294.4000,3296.0000,5,1,3,6,1,1,5,2,2,3
SF,IH2010,2020-09-16 09:31:34.900,3292.2000,9615,0,149158740.000,0,-,-,-,-,3292.6000,3292.4000,3290.6000,3290.4000,3290.0000,3293.6000,3293.8000,3294.2000,3294.4000,3296.0000,5,1,3,6,1,1,4,2,1,3
SF,IH2010,2020-09-16 09:31:35.400,3292.2000,9615,0,149158740.000,0,-,-,-,-,3292.6000,3292.4000,3290.6000,3290.4000,3290.0000,3293.2000,3293.6000,3293.8000,3294.2000,3294.4000,5,1,3,6,1,1,1,4,1,1
SF,IH2010,2020-09-16 09:31:36.900,3293.2000,9614,-1,150146700.000,1,0,1,双平,S,3293.2000,3292.6000,3292.4000,3290.6000,3290.4000,3293.6000,3293.8000,3294.2000,3296.0000,3296.2000,1,5,1,3,6,1,4,1,3,14
SF,IH2010,2020-09-16 09:31:37.400,3293.2000,9613,-1,151134660.000,1,0,1,双平,S,3292.6000,3292.4000,3290.6000,3290.4000,3290.0000,3293.6000,3293.8000,3294.2000,3296.0000,3296.2000,5,1,2,6,1,1,4,1,3,14
SF,IH2010,2020-09-16 09:31:37.900,3293.2000,9613,0,151134660.000,0,-,-,-,-,3292.6000,3292.4000,3291.6000,3290.6000,3290.4000,3293.6000,3293.8000,3294.2000,3296.0000,3296.2000,5,1,1,2,6,1,4,1,3,14
SF,IH2010,2020-09-16 09:31:38.400,3293.2000,9613,0,151134660.000,0,-,-,-,-,3292.6000,3292.4000,3291.6000,3290.8000,3290.6000,3293.6000,3293.8000,3294.2000,3296.0000,3296.2000,5,1,1,1,2,1,3,1,3,14
SF,IH2010,2020-09-16 09:31:38.900,3293.2000,9613,0,151134660.000,0,-,-,-,-,3292.6000,3292.4000,3291.6000,3290.8000,3290.6000,3293.8000,3294.2000,3296.0000,3296.2000,3296.4000,5,1,1,1,2,3,1,3,14,1
SF,IH2010,2020-09-16 09:31:39.900,3293.2000,9613,0,151134660.000,0,-,-,-,-,3292.6000,3292.4000,3291.6000,3290.8000,3290.6000,3293.4000,3293.8000,3294.2000,3296.0000,3296.2000,5,1,1,1,2,1,3,1,3,14
SF,IH2010,2020-09-16 09:31:40.400,3292.6000,9613,0,152122440.000,1,0,1,多换,S,3292.6000,3292.4000,3291.6000,3290.8000,3290.6000,3293.2000,3293.8000,3294.2000,3296.0000,3296.2000,4,1,1,1,2,3,3,1,3,14
SF,IH2010,2020-09-16 09:31:40.900,3292.6000,9616,3,156073560.000,4,3,1,空开,S,3292.4000,3291.6000,3290.8000,3290.6000,3290.4000,3292.6000,3293.2000,3293.8000,3294.2000,3296.0000,1,1,1,2,6,1,3,3,1,3
SF,IH2010,2020-09-16 09:31:41.400,3292.6000,9616,0,157061340.000,1,0,1,多换,S,3291.6000,3290.8000,3290.6000,3290.4000,3290.0000,3293.2000,3293.8000,3294.2000,3296.0000,3296.2000,1,1,2,6,1,3,3,1,3,14
SF,IH2010,2020-09-16 09:31:41.900,3292.6000,9616,0,157061340.000,0,-,-,-,-,3291.6000,3290.8000,3290.6000,3290.4000,3290.2000,3293.8000,3294.2000,3296.0000,3296.2000,3296.4000,1,1,2,6,1,3,1,3,14,1
SF,IH2010,2020-09-16 09:31:42.400,3292.6000,9616,0,157061340.000,0,-,-,-,-,3293.0000,3291.6000,3290.8000,3290.6000,3290.4000,3296.0000,3296.2000,3296.4000,3297.0000,3297.2000,6,1,1,2,6,3,14,1,1,1
SF,IH2010,2020-09-16 09:31:42.900,3292.6000,9616,0,157061340.000,0,-,-,-,-,3293.0000,3291.6000,3290.8000,3290.6000,3290.4000,3293.4000,3293.6000,3293.8000,3294.0000,3294.2000,6,1,1,2,6,1,1,3,3,1
SF,IH2010,2020-09-16 09:31:43.400,3293.4000,9615,-1,158049360.000,1,0,1,双平,S,3293.0000,3291.6000,3290.8000,3290.6000,3290.4000,3294.6000,3295.6000,3295.8000,3296.0000,3296.2000,6,1,1,2,6,2,9,14,4,14
SF,IH2010,2020-09-16 09:31:43.900,3293.4000,9615,0,158049360.000,0,-,-,-,-,3293.0000,3291.6000,3290.8000,3290.6000,3290.4000,3294.6000,3295.6000,3295.8000,3296.0000,3296.2000,6,1,1,2,6,1,9,14,4,14
SF,IH2010,2020-09-16 09:31:44.400,3293.4000,9615,0,158049360.000,0,-,-,-,-,3293.0000,3291.6000,3290.8000,3290.6000,3290.4000,3294.2000,3294.4000,3294.6000,3295.6000,3295.8000,6,1,1,2,6,1,2,2,8,11
SF,IH2010,2020-09-16 09:31:44.900,3293.0000,9615,0,159037260.000,1,0,1,多换,S,3293.0000,3291.6000,3290.8000,3290.6000,3290.4000,3294.2000,3294.6000,3295.6000,3295.8000,3296.0000,5,1,1,2,6,1,1,8,11,4
SF,IH2010,2020-09-16 09:31:45.400,3293.0000,9615,0,159037260.000,0,-,-,-,-,3293.0000,3291.6000,3290.8000,3290.6000,3290.4000,3294.0000,3294.2000,3294.6000,3295.6000,3295.8000,5,1,1,2,6,1,1,1,8,11
SF,IH2010,2020-09-16 09:31:45.900,3293.0000,9615,0,159037260.000,0,-,-,-,-,3293.0000,3291.6000,3290.8000,3290.6000,3290.4000,3294.2000,3294.6000,3295.6000,3295.8000,3296.0000,5,1,1,2,6,1,1,8,7,4
SF,IH2010,2020-09-16 09:31:46.400,3294.0000,9617,2,162001260.000,3,2,1,空开,S,3293.0000,3291.6000,3290.8000,3290.6000,3290.4000,3294.2000,3294.6000,3295.6000,3295.8000,3296.0000,3,1,1,2,6,1,1,8,7,4
SF,IH2010,2020-09-16 09:31:46.900,3294.6000,9618,1,163977900.000,2,1,1,空开,S,3293.0000,3291.6000,3290.8000,3290.6000,3290.4000,3295.6000,3295.8000,3296.0000,3296.2000,3296.4000,3,1,1,2,6,7,7,4,14,1
SF,IH2010,2020-09-16 09:31:47.400,3294.6000,9617,-1,164966280.000,1,0,1,双平,S,3293.0000,3291.6000,3290.8000,3290.4000,3290.0000,3294.6000,3295.0000,3295.2000,3295.4000,3295.6000,3,1,1,6,1,2,3,1,7,7
SF,IH2010,2020-09-16 09:31:47.900,3294.6000,9617,0,164966280.000,0,-,-,-,-,3293.0000,3291.6000,3290.8000,3290.4000,3290.0000,3294.4000,3294.6000,3295.0000,3295.2000,3295.4000,3,1,1,6,1,1,2,3,1,7
SF,IH2010,2020-09-16 09:31:48.400,3294.6000,9617,0,164966280.000,0,-,-,-,-,3293.0000,3291.6000,3290.8000,3290.4000,3290.0000,3294.6000,3295.0000,3295.2000,3295.4000,3295.6000,3,1,1,6,1,2,3,1,7,7
SF,IH2010,2020-09-16 09:31:48.900,3294.6000,9617,0,165954660.000,1,0,1,多换,S,3293.0000,3291.6000,3290.8000,3290.4000,3290.0000,3294.4000,3294.6000,3295.0000,3295.2000,3295.4000,3,1,1,6,1,2,2,4,1,3
SF,IH2010,2020-09-16 09:31:49.400,3294.6000,9617,0,165954660.000,0,-,-,-,-,3293.0000,3291.6000,3290.8000,3290.4000,3290.0000,3294.2000,3294.4000,3294.6000,3295.0000,3295.2000,3,1,1,6,1,1,3,2,4,1
SF,IH2010,2020-09-16 09:31:49.900,3294.6000,9617,0,166943040.000,1,0,1,多换,S,3293.0000,3291.6000,3290.8000,3290.4000,3290.0000,3294.4000,3294.6000,3295.0000,3295.2000,3295.4000,3,1,1,6,1,2,2,4,1,1
SF,IH2010,2020-09-16 09:31:50.400,3294.4000,9617,0,167931360.000,1,0,1,多换,S,3293.2000,3293.0000,3291.6000,3290.8000,3290.4000,3294.4000,3294.6000,3295.0000,3295.2000,3295.4000,2,3,1,1,6,1,2,4,1,1
SF,IH2010,2020-09-16 09:31:50.900,3294.4000,9617,0,167931360.000,0,-,-,-,-,3293.2000,3293.0000,3291.6000,3290.4000,3290.0000,3294.2000,3294.4000,3294.6000,3295.0000,3295.2000,2,3,1,6,1,2,1,2,3,1
SF,IH2010,2020-09-16 09:31:51.400,3294.4000,9617,0,168919680.000,1,0,1,多换,S,3293.2000,3293.0000,3291.6000,3290.4000,3290.0000,3294.2000,3294.4000,3295.0000,3295.2000,3295.4000,2,3,1,6,1,1,1,3,1,1
SF,IH2010,2020-09-16 09:31:51.900,3294.4000,9617,0,168919680.000,0,-,-,-,-,3293.2000,3293.0000,3291.6000,3290.4000,3290.0000,3295.0000,3295.2000,3295.4000,3295.6000,3295.8000,2,3,1,6,1,3,1,1,7,2
SF,IH2010,2020-09-16 09:31:52.400,3294.8000,9618,1,171884940.000,3,2,1,空开,S,3294.8000,3293.4000,3291.6000,3290.4000,3290.0000,3295.0000,3295.4000,3295.6000,3295.8000,3296.0000,3,1,1,6,1,2,1,6,2,2
SF,IH2010,2020-09-16 09:31:52.900,3294.8000,9618,0,175838700.000,4,2,2,多换,S,3290.4000,3290.0000,3288.6000,3288.4000,3288.0000,3294.6000,3294.8000,3295.0000,3295.4000,3295.6000,6,1,1,2,1,1,5,3,1,2
SF,IH2010,2020-09-16 09:31:53.400,3294.0000,9619,1,176826900.000,1,1,0,双开,S,3294.0000,3291.6000,3291.4000,3291.2000,3291.0000,3294.4000,3294.8000,3295.0000,3295.4000,3295.6000,5,1,3,1,4,1,4,2,1,2
SF,IH2010,2020-09-16 09:31:53.900,3294.0000,9619,0,182756100.000,6,3,3,多换,S,3291.6000,3291.4000,3291.2000,3291.0000,3290.8000,3294.6000,3294.8000,3295.0000,3295.4000,3295.6000,1,3,1,3,5,2,4,2,1,2
SF,IH2010,2020-09-16 09:31:54.400,3291.6000,9620,1,184731120.000,2,1,1,空开,S,3291.4000,3291.2000,3291.0000,3290.8000,3290.6000,3291.6000,3294.4000,3294.6000,3294.8000,3295.0000,2,1,3,3,4,2,2,2,3,2
SF,IH2010,2020-09-16 09:31:54.900,3291.6000,9620,0,186706080.000,2,1,1,多换,S,3291.8000,3291.6000,3291.4000,3291.2000,3290.8000,3294.4000,3294.6000,3294.8000,3295.0000,3295.6000,1,4,1,1,2,2,2,3,2,2
SF,IH2010,2020-09-16 09:31:55.400,3291.6000,9620,0,186706080.000,0,-,-,-,-,3291.8000,3291.6000,3291.2000,3290.8000,3290.6000,3294.2000,3294.4000,3294.6000,3294.8000,3295.0000,1,2,1,2,4,2,2,1,3,1
SF,IH2010,2020-09-16 09:31:55.900,3294.0000,9621,1,187694280.000,1,1,0,双开,S,3292.0000,3291.8000,3291.6000,3291.2000,3290.8000,3294.0000,3294.2000,3294.6000,3294.8000,3295.0000,1,1,2,1,2,1,2,1,3,1
SF,IH2010,2020-09-16 09:31:56.400,3294.0000,9621,0,187694280.000,0,-,-,-,-,3292.2000,3292.0000,3291.8000,3291.6000,3291.2000,3294.0000,3294.2000,3294.8000,3295.0000,3295.6000,1,1,1,2,1,2,2,3,1,2
SF,IH2010,2020-09-16 09:31:56.900,3294.0000,9621,0,187694280.000,0,-,-,-,-,3292.4000,3292.0000,3291.8000,3291.6000,3291.2000,3294.0000,3294.2000,3294.8000,3295.0000,3295.6000,1,1,1,2,1,1,2,3,1,2
SF,IH2010,2020-09-16 09:31:57.400,3294.0000,9621,0,187694280.000,0,-,-,-,-,3292.0000,3291.8000,3291.6000,3291.2000,3290.8000,3294.6000,3294.8000,3295.0000,3295.6000,3295.8000,1,2,2,1,2,1,2,1,2,2
SF,IH2010,2020-09-16 09:31:57.900,3294.0000,9621,0,187694280.000,0,-,-,-,-,3291.8000,3291.6000,3291.2000,3290.8000,3290.6000,3294.2000,3294.4000,3294.6000,3295.0000,3295.6000,2,1,1,2,1,3,3,2,1,2
SF,IH2010,2020-09-16 09:31:58.400,3294.0000,9621,0,187694280.000,0,-,-,-,-,3291.8000,3291.6000,3291.2000,3290.8000,3290.6000,3294.0000,3294.2000,3294.4000,3294.6000,3295.0000,1,1,1,2,1,1,3,3,1,1
SF,IH2010,2020-09-16 09:31:58.900,3294.0000,9621,0,187694280.000,0,-,-,-,-,3291.8000,3291.6000,3291.2000,3290.8000,3290.6000,3293.8000,3294.0000,3294.2000,3294.4000,3294.6000,1,1,2,2,1,2,1,3,3,1
SF,IH2010,2020-09-16 09:31:59.400,3294.0000,9621,0,187694280.000,0,-,-,-,-,3292.0000,3291.8000,3291.6000,3291.2000,3290.8000,3293.8000,3294.0000,3294.2000,3294.4000,3294.6000,1,1,1,2,2,3,1,3,3,1
SF,IH2010,2020-09-16 09:31:59.900,3294.0000,9621,0,187694280.000,0,-,-,-,-,3292.2000,3291.8000,3291.6000,3291.2000,3290.8000,3293.8000,3294.0000,3294.4000,3294.6000,3295.0000,1,1,1,2,2,1,1,1,1,1
SF,IH2010,2020-09-16 09:32:00.400,3294.0000,9621,0,187694280.000,0,-,-,-,-,3292.4000,3291.8000,3291.6000,3291.2000,3290.8000,3293.6000,3294.4000,3294.6000,3295.0000,3295.6000,2,1,1,2,2,1,1,1,1,2
SF,IH2010,2020-09-16 09:32:00.900,3294.0000,9621,0,187694280.000,0,-,-,-,-,3292.4000,3291.8000,3291.6000,3291.2000,3290.8000,3293.4000,3293.6000,3294.4000,3294.6000,3295.0000,1,1,1,2,2,1,1,1,1,1
SF,IH2010,2020-09-16 09:32:01.400,3293.4000,9621,0,189670500.000,2,1,1,多换,S,3291.8000,3291.6000,3291.2000,3290.8000,3290.6000,3293.2000,3293.4000,3294.4000,3294.6000,3295.0000,1,1,1,2,1,1,1,1,1,1
SF,IH2010,2020-09-16 09:32:01.900,3293.4000,9621,0,190658520.000,1,0,1,多换,S,3291.8000,3291.0000,3290.6000,3290.4000,3290.0000,3293.4000,3294.4000,3294.6000,3295.0000,3295.6000,1,1,1,6,2,1,1,1,1,2
SF,IH2010,2020-09-16 09:32:02.400,3293.4000,9621,0,195598620.000,5,2,3,多换,S,3292.0000,3291.8000,3290.6000,3290.4000,3290.0000,3293.2000,3293.4000,3293.8000,3294.4000,3294.6000,1,1,1,6,3,5,1,1,1,6
SF,IH2010,2020-09-16 09:32:02.900,3291.8000,9620,-1,196586160.000,1,0,1,双平,S,3290.6000,3290.4000,3290.0000,3288.6000,3288.4000,3292.0000,3293.0000,3293.2000,3293.4000,3293.8000,1,6,3,1,2,1,3,5,1,1
SF,IH2010,2020-09-16 09:32:03.400,3290.8000,9619,-1,198561000.000,2,0,2,多平,S,3290.4000,3290.0000,3288.6000,3288.4000,3288.0000,3292.0000,3292.8000,3293.0000,3293.2000,3293.4000,6,3,1,2,1,3,1,4,5,1
SF,IH2010,2020-09-16 09:32:03.900,3292.0000,9619,0,199548600.000,1,0,1,多换,S,3290.6000,3290.4000,3290.0000,3288.6000,3288.4000,3292.0000,3292.8000,3293.0000,3293.2000,3293.4000,2,6,2,1,2,2,1,5,5,1
SF,IH2010,2020-09-16 09:32:04.400,3292.0000,9619,0,199548600.000,0,-,-,-,-,3290.8000,3290.6000,3290.4000,3290.0000,3288.6000,3292.0000,3292.8000,3293.0000,3293.2000,3293.8000,3,1,6,2,1,2,1,5,5,1
SF,IH2010,2020-09-16 09:32:04.900,3292.0000,9619,0,200536200.000,1,0,1,多换,S,3291.0000,3290.8000,3290.4000,3290.0000,3288.6000,3292.0000,3292.8000,3293.0000,3293.2000,3293.8000,2,2,6,2,1,1,1,2,4,1
SF,IH2010,2020-09-16 09:32:05.400,3292.0000,9619,0,200536200.000,0,-,-,-,-,3291.2000,3291.0000,3290.8000,3290.4000,3290.0000,3292.0000,3292.8000,3293.0000,3293.2000,3293.8000,1,1,2,6,2,1,1,2,4,1
SF,IH2010,2020-09-16 09:32:05.900,3292.0000,9619,0,200536200.000,0,-,-,-,-,3291.8000,3291.0000,3290.4000,3290.0000,3289.2000,3292.0000,3292.8000,3293.0000,3293.2000,3293.8000,1,1,6,2,1,1,1,1,4,1
SF,IH2010,2020-09-16 09:32:06.400,3291.8000,9619,0,202511280.000,2,1,1,多换,S,3290.4000,3290.0000,3289.2000,3288.6000,3288.4000,3291.2000,3291.8000,3292.8000,3293.0000,3293.2000,6,2,1,1,2,1,1,1,1,2
SF,IH2010,2020-09-16 09:32:06.900,3291.8000,9619,0,202511280.000,0,-,-,-,-,3290.4000,3290.0000,3289.2000,3288.6000,3288.4000,3291.0000,3291.2000,3292.8000,3293.0000,3293.2000,6,2,1,1,2,1,1,1,1,2
SF,IH2010,2020-09-16 09:32:07.400,3291.2000,9618,-1,204485940.000,2,0,2,多平,S,3290.4000,3290.0000,3289.2000,3288.6000,3288.4000,3292.8000,3293.0000,3293.2000,3293.8000,3294.0000,6,2,1,1,2,1,1,2,1,1
SF,IH2010,2020-09-16 09:32:07.900,3291.2000,9618,0,204485940.000,0,-,-,-,-,3290.6000,3290.4000,3290.0000,3289.2000,3288.6000,3292.4000,3292.6000,3292.8000,3293.0000,3293.2000,1,6,2,1,1,3,3,1,1,2
SF,IH2010,2020-09-16 09:32:08.400,3291.2000,9618,0,204485940.000,0,-,-,-,-,3290.6000,3290.4000,3290.0000,3289.2000,3288.6000,3291.6000,3292.0000,3292.2000,3292.4000,3292.6000,1,6,2,1,1,1,1,1,1,2
SF,IH2010,2020-09-16 09:32:08.900,3291.2000,9618,0,204485940.000,0,-,-,-,-,3290.8000,3290.6000,3290.4000,3290.0000,3289.2000,3292.0000,3292.2000,3292.4000,3292.6000,3292.8000,1,1,6,2,2,1,1,1,1,1
SF,IH2010,2020-09-16 09:32:09.400,3290.6000,9618,0,206460360.000,2,1,1,多换,S,3290.4000,3290.0000,3289.2000,3288.6000,3288.4000,3290.6000,3291.6000,3291.8000,3292.0000,3292.4000,6,2,2,1,2,2,1,3,1,1
SF,IH2010,2020-09-16 09:32:09.900,3290.6000,9619,1,207447540.000,1,1,0,双开,S,3290.4000,3290.0000,3289.2000,3288.6000,3288.4000,3290.6000,3291.6000,3291.8000,3292.0000,3292.4000,6,2,2,1,2,1,1,3,1,1
SF,IH2010,2020-09-16 09:32:10.400,3291.6000,9621,2,209422200.000,2,2,0,双开,S,3290.4000,3290.0000,3289.2000,3288.6000,3288.4000,3291.8000,3292.0000,3292.4000,3292.6000,3292.8000,6,2,2,1,2,3,1,2,1,1
SF,IH2010,2020-09-16 09:32:10.900,3291.6000,9621,0,209422200.000,0,-,-,-,-,3290.4000,3290.0000,3289.2000,3288.6000,3288.4000,3291.6000,3291.8000,3292.0000,3292.4000,3292.6000,6,2,1,1,2,3,3,1,2,1
SF,IH2010,2020-09-16 09:32:11.400,3290.4000,9620,-1,210409320.000,1,0,1,双平,S,3290.4000,3290.0000,3289.2000,3288.6000,3288.4000,3291.4000,3291.6000,3291.8000,3292.0000,3292.4000,5,2,1,1,2,2,3,2,1,2
SF,IH2010,2020-09-16 09:32:11.900,3290.4000,9620,0,210409320.000,0,-,-,-,-,3290.4000,3290.0000,3289.2000,3288.6000,3288.4000,3291.2000,3291.4000,3291.6000,3291.8000,3292.0000,5,2,1,1,2,1,4,3,2,1
SF,IH2010,2020-09-16 09:32:12.400,3290.4000,9620,0,210409320.000,0,-,-,-,-,3290.8000,3290.4000,3290.0000,3289.2000,3288.6000,3291.2000,3291.4000,3291.6000,3291.8000,3292.0000,3,5,2,1,1,1,2,3,2,1
SF,IH2010,2020-09-16 09:32:12.900,3290.8000,9618,-2,219294180.000,9,3,6,多平,S,3290.6000,3290.4000,3290.0000,3289.2000,3288.6000,3290.8000,3291.2000,3291.4000,3291.6000,3291.8000,1,3,2,1,1,2,1,2,2,2
SF,IH2010,2020-09-16 09:32:13.400,3290.4000,9616,-2,221268480.000,2,0,2,双平,S,3290.4000,3290.2000,3290.0000,3289.2000,3288.6000,3291.2000,3291.4000,3291.6000,3291.8000,3292.4000,2,1,2,1,1,1,2,2,2,1
SF,IH2010,2020-09-16 09:32:13.900,3290.4000,9616,0,221268480.000,0,-,-,-,-,3290.4000,3290.2000,3290.0000,3289.2000,3288.6000,3291.0000,3291.2000,3291.4000,3291.6000,3291.8000,2,1,2,1,1,1,1,1,2,2
SF,IH2010,2020-09-16 09:32:14.400,3290.4000,9615,-1,223242720.000,2,0,2,多平,S,3290.0000,3289.2000,3288.6000,3288.4000,3288.0000,3290.8000,3291.0000,3291.2000,3291.4000,3291.6000,2,1,1,2,1,1,1,1,1,1
SF,IH2010,2020-09-16 09:32:14.900,3290.4000,9615,0,223242720.000,0,-,-,-,-,3290.0000,3289.4000,3289.2000,3288.6000,3288.4000,3291.0000,3291.2000,3291.4000,3291.6000,3292.6000,2,1,1,1,2,1,1,1,1,1
SF,IH2010,2020-09-16 09:32:15.400,3290.4000,9615,0,223242720.000,0,-,-,-,-,3290.6000,3290.0000,3289.4000,3289.2000,3288.6000,3290.8000,3291.0000,3291.2000,3291.4000,3291.6000,1,2,1,1,1,1,1,1,1,1
SF,IH2010,2020-09-16 09:32:15.900,3290.4000,9614,-1,224229840.000,1,0,1,双平,S,3290.0000,3289.4000,3288.6000,3288.4000,3288.0000,3290.8000,3291.0000,3291.2000,3291.4000,3291.6000,2,1,1,2,1,1,1,1,1,1
SF,IH2010,2020-09-16 09:32:16.400,3290.6000,9614,0,225217020.000,1,0,1,多换,S,3290.0000,3289.4000,3288.6000,3288.4000,3288.0000,3290.6000,3290.8000,3291.2000,3291.4000,3291.6000,2,1,1,2,1,1,1,1,1,1
SF,IH2010,2020-09-16 09:32:16.900,3290.6000,9614,0,226204200.000,1,0,1,多换,S,3290.0000,3289.4000,3288.6000,3288.4000,3288.0000,3290.8000,3291.2000,3291.4000,3292.2000,3292.6000,2,1,1,2,1,1,1,1,1,1
SF,IH2010,2020-09-16 09:32:17.400,3290.8000,9614,0,227191440.000,1,0,1,多换,S,3292.0000,3291.0000,3290.2000,3290.0000,3289.4000,3292.2000,3292.6000,3293.8000,3294.0000,3294.6000,1,2,1,2,1,1,1,1,1,5
SF,IH2010,2020-09-16 09:32:17.900,3291.0000,9613,-1,229166340.000,2,0,2,多平,S,3291.0000,3290.2000,3290.0000,3288.6000,3288.4000,3291.2000,3291.4000,3291.6000,3291.8000,3292.0000,1,1,2,1,2,1,1,1,6,4
SF,IH2010,2020-09-16 09:32:18.400,3291.4000,9611,-2,231141120.000,2,0,2,双平,S,3291.2000,3290.2000,3290.0000,3289.2000,3288.6000,3291.8000,3292.0000,3292.2000,3293.8000,3294.6000,1,1,2,1,1,1,3,1,2,5
SF,IH2010,2020-09-16 09:32:18.900,3291.2000,9610,-1,232128480.000,1,0,1,双平,S,3290.2000,3290.0000,3289.2000,3288.6000,3288.4000,3290.8000,3291.2000,3291.4000,3291.6000,3292.0000,1,2,1,2,2,1,3,1,2,3
SF,IH2010,2020-09-16 09:32:19.400,3290.8000,9609,-1,233115720.000,1,0,1,双平,S,3290.4000,3290.2000,3290.0000,3289.2000,3288.6000,3291.2000,3291.6000,3292.0000,3292.8000,3293.8000,1,1,3,1,2,1,1,3,2,2
SF,IH2010,2020-09-16 09:32:19.900,3292.0000,9609,0,234103320.000,1,0,1,多换,S,3290.6000,3290.2000,3290.0000,3289.2000,3288.6000,3292.0000,3292.8000,3293.8000,3294.6000,3296.0000,2,1,3,1,2,2,2,2,5,2
SF,IH2010,2020-09-16 09:32:20.400,3292.0000,9609,0,234103320.000,0,-,-,-,-,3290.8000,3290.6000,3290.2000,3290.0000,3289.2000,3291.8000,3292.0000,3292.8000,3293.8000,3294.6000,2,1,1,3,1,2,2,2,2,5
SF,IH2010,2020-09-16 09:32:20.900,3292.0000,9609,0,234103320.000,0,-,-,-,-,3291.0000,3290.8000,3290.6000,3290.2000,3290.0000,3292.0000,3293.8000,3294.6000,3296.0000,3296.4000,2,1,1,1,3,2,2,5,2,1
SF,IH2010,2020-09-16 09:32:21.400,3291.0000,9607,-2,237065820.000,3,0,3,多平,S,3290.8000,3290.6000,3290.2000,3290.0000,3289.2000,3291.0000,3291.8000,3293.8000,3294.6000,3296.0000,1,1,1,3,1,4,3,2,5,2
SF,IH2010,2020-09-16 09:32:21.900,3291.8000,9608,1,242002560.000,5,3,2,空开,S,3291.4000,3291.2000,3291.0000,3290.8000,3290.6000,3291.8000,3293.8000,3294.6000,3296.0000,3296.4000,2,2,2,1,1,2,2,5,2,1
SF,IH2010,2020-09-16 09:32:22.400,3291.8000,9606,-2,243977640.000,2,0,2,双平,S,3291.8000,3291.4000,3291.2000,3291.0000,3290.8000,3293.8000,3294.6000,3296.0000,3296.4000,3297.0000,2,2,2,1,1,2,5,2,1,2
SF,IH2010,2020-09-16 09:32:22.900,3291.8000,9606,0,243977640.000,0,-,-,-,-,3292.0000,3291.8000,3291.4000,3291.2000,3291.0000,3292.4000,3292.6000,3292.8000,3293.0000,3293.4000,1,2,2,2,1,1,1,1,1,2
SF,IH2010,2020-09-16 09:32:23.400,3292.4000,9606,0,244965360.000,1,0,1,多换,S,3292.6000,3292.4000,3292.0000,3291.8000,3291.4000,3293.6000,3296.0000,3296.4000,3297.0000,3297.2000,1,1,1,2,2,4,2,1,2,1
SF,IH2010,2020-09-16 09:32:23.900,3293.6000,9606,0,246941220.000,2,1,1,多换,S,3292.4000,3292.0000,3291.8000,3291.4000,3291.2000,3293.4000,3293.6000,3296.0000,3296.4000,3297.0000,1,1,1,2,2,1,2,2,1,2
SF,IH2010,2020-09-16 09:32:24.400,3293.6000,9606,0,246941220.000,0,-,-,-,-,3292.4000,3292.0000,3291.8000,3291.4000,3291.2000,3293.2000,3293.4000,3293.6000,3295.0000,3296.0000,1,1,1,2,2,1,1,1,1,2
SF,IH2010,2020-09-16 09:32:25.400,3293.6000,9606,0,246941220.000,0,-,-,-,-,3292.4000,3292.0000,3291.8000,3291.4000,3291.2000,3293.0000,3293.4000,3293.6000,3295.0000,3296.0000,1,1,1,2,2,1,1,1,1,2
SF,IH2010,2020-09-16 09:32:25.900,3293.6000,9606,0,246941220.000,0,-,-,-,-,3292.6000,3292.4000,3291.8000,3291.4000,3291.2000,3293.0000,3293.6000,3295.0000,3296.0000,3296.4000,2,1,1,2,2,1,1,1,2,1
SF,IH2010,2020-09-16 09:32:26.400,3293.0000,9605,-1,247929120.000,1,0,1,双平,S,3293.0000,3292.6000,3292.4000,3291.8000,3291.4000,3293.6000,3295.0000,3296.0000,3296.4000,3297.0000,1,2,1,1,2,1,1,2,1,2
SF,IH2010,2020-09-16 09:32:26.900,3292.6000,9601,-4,251880600.000,4,0,4,双平,S,3292.6000,3292.4000,3291.8000,3291.4000,3291.2000,3293.0000,3293.6000,3295.0000,3296.0000,3296.4000,1,1,1,2,2,1,1,1,2,1
SF,IH2010,2020-09-16 09:32:27.400,3292.6000,9600,-1,252868380.000,1,0,1,双平,S,3291.8000,3291.4000,3291.2000,3291.0000,3290.0000,3292.6000,3293.0000,3293.6000,3294.0000,3295.0000,1,2,2,1,3,3,1,1,1,1
SF,IH2010,2020-09-16 09:32:27.900,3292.6000,9600,0,252868380.000,0,-,-,-,-,3291.2000,3291.0000,3290.2000,3290.0000,3288.6000,3291.6000,3292.4000,3292.6000,3293.0000,3293.6000,2,1,1,3,1,2,1,1,1,1
SF,IH2010,2020-09-16 09:32:28.400,3291.6000,9598,-2,254843340.000,2,0,2,双平,S,3291.0000,3290.2000,3290.0000,3289.2000,3288.6000,3292.4000,3292.6000,3293.0000,3293.6000,3295.0000,1,1,3,1,1,1,1,1,1,1
SF,IH2010,2020-09-16 09:32:28.900,3291.0000,9598,0,255830640.000,1,0,1,多换,S,3290.2000,3290.0000,3289.2000,3288.6000,3288.4000,3292.2000,3292.4000,3292.6000,3293.0000,3293.4000,1,3,1,1,2,1,1,1,2,1
SF,IH2010,2020-09-16 09:32:29.400,3291.0000,9598,0,255830640.000,0,-,-,-,-,3290.4000,3290.2000,3290.0000,3289.2000,3288.6000,3292.0000,3292.2000,3292.4000,3292.6000,3293.0000,2,1,3,1,1,1,1,1,1,2
SF,IH2010,2020-09-16 09:32:29.900,3291.0000,9598,0,255830640.000,0,-,-,-,-,3290.6000,3290.4000,3290.2000,3290.0000,3289.2000,3291.8000,3292.4000,3292.6000,3293.0000,3293.4000,1,1,1,3,1,1,1,1,2,1
SF,IH2010,2020-09-16 09:32:30.400,3291.0000,9598,0,255830640.000,0,-,-,-,-,3290.4000,3290.2000,3290.0000,3289.2000,3288.6000,3291.8000,3292.4000,3292.6000,3293.0000,3293.4000,1,1,3,1,1,1,1,1,2,1
SF,IH2010,2020-09-16 09:32:30.900,3291.0000,9598,0,255830640.000,0,-,-,-,-,3290.4000,3290.2000,3290.0000,3289.2000,3288.6000,3291.8000,3292.4000,3292.6000,3293.0000,3293.4000,1,1,3,1,1,1,1,1,2,1
SF,IH2010,2020-09-16 09:32:31.400,3291.0000,9598,0,255830640.000,0,-,-,-,-,3290.6000,3290.4000,3290.2000,3290.0000,3289.2000,3291.6000,3291.8000,3292.4000,3292.6000,3293.0000,1,1,1,3,1,1,1,1,1,2
SF,IH2010,2020-09-16 09:32:31.900,3290.4000,9598,0,257804940.000,2,1,1,多换,S,3290.2000,3290.0000,3289.2000,3288.6000,3288.4000,3290.6000,3291.4000,3291.6000,3292.4000,3292.6000,1,3,1,1,2,1,1,1,1,1
SF,IH2010,2020-09-16 09:32:32.400,3290.6000,9593,-5,262740180.000,5,0,5,双平,S,3289.2000,3288.6000,3288.4000,3288.0000,3287.6000,3291.4000,3291.6000,3292.4000,3292.6000,3293.0000,1,1,2,2,1,1,1,1,1,1
SF,IH2010,2020-09-16 09:32:32.900,3290.6000,9593,0,262740180.000,0,-,-,-,-,3289.4000,3289.2000,3288.6000,3288.4000,3288.0000,3291.4000,3291.6000,3292.4000,3292.6000,3293.0000,1,1,1,2,2,1,1,1,1,1
SF,IH2010,2020-09-16 09:32:33.400,3290.6000,9593,0,262740180.000,0,-,-,-,-,3289.4000,3289.2000,3288.6000,3288.4000,3288.0000,3290.8000,3291.0000,3291.2000,3291.4000,3291.6000,1,1,1,2,2,1,1,4,2,1
SF,IH2010,2020-09-16 09:32:33.900,3290.6000,9593,0,262740180.000,0,-,-,-,-,3289.4000,3289.2000,3288.6000,3288.4000,3288.0000,3290.6000,3291.2000,3291.4000,3291.6000,3292.4000,1,1,1,2,2,1,3,1,1,1
SF,IH2010,2020-09-16 09:32:34.400,3290.6000,9593,0,262740180.000,0,-,-,-,-,3289.4000,3289.2000,3288.6000,3288.4000,3288.0000,3290.4000,3290.6000,3291.2000,3291.4000,3291.6000,1,1,1,2,2,3,1,2,1,1
SF,IH2010,2020-09-16 09:32:34.900,3290.6000,9589,-4,266688720.000,4,0,4,双平,S,3289.6000,3289.4000,3289.2000,3288.6000,3288.4000,3291.2000,3291.6000,3292.6000,3293.0000,3293.2000,3,1,1,1,2,1,1,1,1,1
SF,IH2010,2020-09-16 09:32:35.400,3290.6000,9589,0,266688720.000,0,-,-,-,-,3289.8000,3289.6000,3289.2000,3288.6000,3288.4000,3291.0000,3291.2000,3292.6000,3293.0000,3293.2000,1,2,1,1,2,2,1,1,1,1
SF,IH2010,2020-09-16 09:32:35.900,3290.6000,9589,0,266688720.000,0,-,-,-,-,3289.8000,3289.6000,3289.2000,3288.6000,3288.4000,3291.0000,3292.6000,3293.0000,3293.2000,3295.0000,1,2,1,1,2,1,1,1,1,1
SF,IH2010,2020-09-16 09:32:36.400,3290.6000,9589,0,266688720.000,0,-,-,-,-,3289.8000,3289.6000,3289.2000,3288.6000,3288.4000,3291.0000,3292.6000,3293.0000,3293.2000,3295.0000,1,2,1,1,2,1,1,1,1,1
SF,IH2010,2020-09-16 09:32:36.900,3290.6000,9589,0,266688720.000,0,-,-,-,-,3289.8000,3289.2000,3288.6000,3288.4000,3288.0000,3292.6000,3293.0000,3293.2000,3295.0000,3296.0000,1,1,1,2,2,1,1,1,1,2
SF,IH2010,2020-09-16 09:32:37.400,3290.6000,9589,0,266688720.000,0,-,-,-,-,3290.0000,3289.8000,3289.2000,3288.6000,3288.4000,3291.4000,3291.6000,3291.8000,3292.0000,3292.2000,1,1,1,1,2,1,1,1,1,2
SF,IH2010,2020-09-16 09:32:37.900,3290.6000,9589,0,266688720.000,0,-,-,-,-,3289.8000,3289.2000,3288.6000,3288.4000,3288.0000,3291.2000,3291.8000,3292.0000,3292.4000,3292.6000,1,2,1,2,2,2,1,1,2,1
SF,IH2010,2020-09-16 09:32:38.400,3290.6000,9589,0,266688720.000,0,-,-,-,-,3289.8000,3289.2000,3288.6000,3288.4000,3288.0000,3291.0000,3291.2000,3291.8000,3292.0000,3292.4000,1,2,1,2,2,2,1,1,1,2
SF,IH2010,2020-09-16 09:32:38.900,3290.6000,9589,0,266688720.000,0,-,-,-,-,3289.2000,3288.6000,3288.4000,3288.0000,3287.6000,3290.8000,3291.0000,3291.8000,3292.4000,3292.6000,2,1,2,2,1,2,1,1,2,1
SF,IH2010,2020-09-16 09:32:39.400,3290.6000,9589,0,266688720.000,0,-,-,-,-,3289.4000,3289.2000,3288.6000,3288.4000,3288.0000,3289.8000,3290.8000,3291.0000,3292.4000,3292.6000,1,2,1,2,2,2,2,1,2,1
SF,IH2010,2020-09-16 09:32:39.900,3289.8000,9587,-2,268662600.000,2,0,2,双平,S,3289.8000,3289.4000,3289.2000,3288.6000,3288.4000,3290.8000,3291.0000,3292.4000,3293.0000,3295.0000,2,1,2,1,2,1,1,1,2,1
SF,IH2010,2020-09-16 09:32:40.400,3289.8000,9587,0,268662600.000,0,-,-,-,-,3289.8000,3289.4000,3289.2000,3288.6000,3288.4000,3290.8000,3291.0000,3292.4000,3293.0000,3295.0000,2,1,2,1,2,1,1,1,2,1
SF,IH2010,2020-09-16 09:32:41.400,3289.8000,9587,0,268662600.000,0,-,-,-,-,3290.2000,3289.8000,3289.4000,3289.2000,3288.6000,3290.8000,3291.0000,3292.2000,3292.4000,3293.0000,1,2,1,2,1,1,1,1,1,2
SF,IH2010,2020-09-16 09:32:41.900,3289.8000,9587,0,275571720.000,7,3,4,多换,S,3289.4000,3289.2000,3288.6000,3288.4000,3288.0000,3289.8000,3290.6000,3290.8000,3291.0000,3292.2000,1,2,1,2,2,1,1,1,1,1
SF,IH2010,2020-09-16 09:32:42.400,3289.8000,9587,0,276558660.000,1,0,1,多换,S,3289.2000,3288.6000,3288.4000,3288.0000,3287.6000,3290.6000,3290.8000,3291.0000,3292.2000,3292.4000,2,1,2,2,1,1,1,1,1,1
SF,IH2010,2020-09-16 09:32:42.900,3289.8000,9587,0,276558660.000,0,-,-,-,-,3289.4000,3289.2000,3288.6000,3288.4000,3288.0000,3290.4000,3290.6000,3291.0000,3292.2000,3292.4000,1,2,1,2,2,1,1,1,1,1
SF,IH2010,2020-09-16 09:32:43.400,3289.8000,9587,0,276558660.000,0,-,-,-,-,3289.4000,3289.2000,3288.6000,3288.4000,3288.0000,3290.2000,3290.4000,3290.6000,3291.0000,3292.2000,1,2,1,2,2,1,1,1,1,1
SF,IH2010,2020-09-16 09:32:43.900,3289.8000,9587,0,276558660.000,0,-,-,-,-,3290.2000,3289.4000,3289.2000,3288.6000,3288.4000,3290.4000,3290.6000,3291.0000,3292.2000,3292.4000,1,1,2,1,2,1,1,1,1,1
SF,IH2010,2020-09-16 09:32:44.400,3289.4000,9586,-1,278532540.000,2,0,2,多平,S,3289.2000,3288.6000,3288.4000,3288.0000,3287.6000,3290.4000,3290.6000,3291.0000,3292.2000,3292.4000,2,1,2,2,1,1,1,1,1,1
SF,IH2010,2020-09-16 09:32:46.900,3289.2000,9587,1,280506060.000,2,1,1,空开,S,3288.6000,3288.4000,3288.0000,3287.6000,3287.0000,3289.2000,3290.4000,3290.6000,3291.0000,3292.2000,1,2,2,1,2,2,1,1,1,1
SF,IH2010,2020-09-16 09:32:47.400,3289.2000,9587,0,282479580.000,2,1,1,多换,S,3289.4000,3288.8000,3288.6000,3288.4000,3288.0000,3290.4000,3291.0000,3292.2000,3292.4000,3292.8000,1,1,1,2,2,1,1,1,1,1
SF,IH2010,2020-09-16 09:32:47.900,3289.2000,9586,-1,283466340.000,1,0,1,双平,S,3288.8000,3288.6000,3288.4000,3288.0000,3287.6000,3290.4000,3291.0000,3292.2000,3292.4000,3292.8000,1,1,2,2,1,1,1,1,1,1
SF,IH2010,2020-09-16 09:32:48.400,3289.2000,9586,0,283466340.000,0,-,-,-,-,3288.6000,3288.4000,3288.0000,3287.6000,3287.0000,3290.2000,3290.4000,3291.0000,3291.6000,3292.2000,1,2,2,1,2,2,1,1,1,1
SF,IH2010,2020-09-16 09:32:48.900,3289.2000,9586,0,283466340.000,0,-,-,-,-,3288.8000,3288.6000,3288.4000,3288.0000,3287.6000,3290.0000,3290.2000,3291.0000,3291.6000,3292.2000,1,1,2,2,1,1,1,1,1,1
SF,IH2010,2020-09-16 09:32:49.400,3289.2000,9586,0,283466340.000,0,-,-,-,-,3288.6000,3288.4000,3288.0000,3287.6000,3287.0000,3289.8000,3290.0000,3290.2000,3291.0000,3291.6000,1,2,2,1,2,1,1,1,1,1
SF,IH2010,2020-09-16 09:32:49.900,3289.2000,9586,0,283466340.000,0,-,-,-,-,3288.6000,3288.4000,3288.0000,3287.6000,3287.0000,3289.6000,3289.8000,3290.2000,3291.0000,3291.6000,1,2,2,1,2,1,1,1,1,1
SF,IH2010,2020-09-16 09:32:50.400,3289.2000,9586,0,283466340.000,0,-,-,-,-,3288.6000,3288.4000,3288.0000,3287.6000,3287.0000,3289.4000,3289.6000,3289.8000,3290.2000,3291.0000,1,2,2,1,2,1,1,1,1,1
SF,IH2010,2020-09-16 09:32:50.900,3289.2000,9586,0,283466340.000,0,-,-,-,-,3288.6000,3288.4000,3288.0000,3287.6000,3287.0000,3289.4000,3289.6000,3289.8000,3290.2000,3291.0000,1,2,2,1,2,1,1,1,1,1
SF,IH2010,2020-09-16 09:32:51.400,3289.2000,9586,0,283466340.000,0,-,-,-,-,3288.6000,3288.4000,3288.0000,3287.6000,3287.0000,3289.2000,3289.4000,3289.8000,3290.2000,3291.0000,1,2,2,1,1,1,1,1,1,1
SF,IH2010,2020-09-16 09:32:51.900,3289.4000,9586,0,288399900.000,5,2,3,多换,S,3289.6000,3288.4000,3288.0000,3287.6000,3287.0000,3289.8000,3290.2000,3291.0000,3291.6000,3292.2000,1,2,2,1,1,1,1,1,1,1
SF,IH2010,2020-09-16 09:32:52.400,3289.4000,9586,0,289386720.000,1,0,1,多换,S,3288.4000,3288.0000,3287.6000,3287.0000,3286.8000,3288.6000,3289.6000,3289.8000,3290.2000,3291.0000,2,2,1,1,1,1,2,1,1,1
SF,IH2010,2020-09-16 09:32:52.900,3288.6000,9586,0,291359880.000,2,1,1,多换,S,3288.4000,3288.0000,3287.6000,3287.0000,3286.8000,3289.6000,3289.8000,3290.2000,3291.0000,3291.6000,2,2,1,1,1,1,1,1,1,1
SF,IH2010,2020-09-16 09:32:53.400,3288.6000,9586,0,291359880.000,0,-,-,-,-,3288.4000,3288.0000,3287.6000,3287.0000,3286.8000,3289.4000,3289.6000,3289.8000,3290.2000,3291.0000,2,2,1,1,1,2,1,1,1,1
SF,IH2010,2020-09-16 09:32:53.900,3288.6000,9586,0,291359880.000,0,-,-,-,-,3288.6000,3288.4000,3288.0000,3287.6000,3287.0000,3289.2000,3289.4000,3289.6000,3289.8000,3290.2000,1,2,2,1,1,1,1,1,1,1
SF,IH2010,2020-09-16 09:32:54.400,3289.4000,9585,-1,292346700.000,1,0,1,双平,S,3289.2000,3288.6000,3288.4000,3288.0000,3287.6000,3289.6000,3289.8000,3290.2000,3291.0000,3291.6000,1,1,2,2,1,1,1,1,1,1
SF,IH2010,2020-09-16 09:32:54.900,3289.2000,9584,-1,294320340.000,2,0,2,多平,S,3288.8000,3288.6000,3288.4000,3288.0000,3287.6000,3289.2000,3289.8000,3290.2000,3291.0000,3291.6000,3,1,2,2,1,1,1,1,1,1
SF,IH2010,2020-09-16 09:32:55.400,3289.2000,9583,-1,295307100.000,1,0,1,双平,S,3289.2000,3288.8000,3288.6000,3288.4000,3288.2000,3289.8000,3291.0000,3291.6000,3292.2000,3292.8000,2,3,1,2,1,1,1,1,1,1
SF,IH2010,2020-09-16 09:32:55.900,3289.2000,9583,0,295307100.000,0,-,-,-,-,3289.2000,3288.8000,3288.6000,3288.4000,3288.2000,3289.8000,3291.0000,3291.6000,3292.2000,3292.8000,2,3,1,2,1,1,1,1,1,1
SF,IH2010,2020-09-16 09:32:56.400,3289.2000,9583,0,295307100.000,0,-,-,-,-,3289.2000,3288.8000,3288.6000,3288.4000,3288.2000,3289.8000,3290.8000,3291.0000,3291.6000,3292.2000,2,3,1,2,1,1,2,1,1,1
SF,IH2010,2020-09-16 09:32:56.900,3289.2000,9583,0,296293860.000,1,0,1,多换,S,3288.8000,3288.6000,3288.4000,3288.2000,3288.0000,3289.8000,3290.8000,3291.0000,3291.6000,3292.2000,3,1,2,1,2,1,2,1,1,1
SF,IH2010,2020-09-16 09:32:57.400,3289.2000,9583,0,296293860.000,0,-,-,-,-,3289.0000,3288.6000,3288.4000,3288.2000,3288.0000,3289.8000,3290.8000,3291.0000,3291.6000,3292.2000,1,1,2,1,2,1,2,1,1,1
SF,IH2010,2020-09-16 09:32:57.900,3289.2000,9583,0,296293860.000,0,-,-,-,-,3289.0000,3288.6000,3288.4000,3288.2000,3288.0000,3289.8000,3290.8000,3291.0000,3291.6000,3292.2000,4,1,2,1,2,1,2,1,1,1
SF,IH2010,2020-09-16 09:32:58.900,3289.2000,9583,0,296293860.000,0,-,-,-,-,3289.0000,3288.6000,3288.4000,3288.2000,3288.0000,3289.8000,3290.8000,3291.0000,3291.6000,3292.2000,4,1,2,1,2,1,2,1,1,1
SF,IH2010,2020-09-16 09:32:59.400,3289.2000,9583,0,296293860.000,0,-,-,-,-,3289.0000,3288.6000,3288.4000,3288.2000,3288.0000,3289.4000,3289.8000,3290.8000,3291.0000,3291.6000,4,1,2,1,2,1,1,2,1,1
SF,IH2010,2020-09-16 09:32:59.900,3289.4000,9582,-1,297280680.000,1,0,1,双平,S,3289.0000,3288.6000,3288.4000,3288.2000,3288.0000,3289.8000,3290.8000,3291.6000,3292.2000,3292.8000,4,1,2,1,2,1,2,1,1,1
SF,IH2010,2020-09-16 09:33:00.400,3289.4000,9582,0,297280680.000,0,-,-,-,-,3289.0000,3288.6000,3288.4000,3288.2000,3288.0000,3290.8000,3291.6000,3292.2000,3292.8000,3293.0000,4,1,2,1,2,2,1,1,1,1
SF,IH2010,2020-09-16 09:33:00.900,3289.4000,9582,0,297280680.000,0,-,-,-,-,3289.0000,3288.6000,3288.4000,3288.2000,3288.0000,3290.6000,3290.8000,3291.6000,3292.2000,3292.8000,4,1,2,1,2,6,3,1,1,1
SF,IH2010,2020-09-16 09:33:01.400,3289.4000,9582,0,297280680.000,0,-,-,-,-,3289.2000,3289.0000,3288.6000,3288.4000,3288.2000,3290.4000,3290.6000,3290.8000,3291.6000,3292.2000,1,4,1,2,1,1,5,3,1,1
SF,IH2010,2020-09-16 09:33:01.900,3289.0000,9577,-5,302214240.000,5,0,5,双平,S,3288.6000,3288.4000,3288.2000,3288.0000,3287.6000,3290.2000,3290.4000,3290.6000,3290.8000,3291.6000,1,2,1,2,1,4,1,4,1,1
SF,IH2010,2020-09-16 09:33:02.400,3289.0000,9577,0,302214240.000,0,-,-,-,-,3288.6000,3288.4000,3288.2000,3288.0000,3287.6000,3289.2000,3290.0000,3290.2000,3290.4000,3290.6000,1,2,1,2,1,4,3,3,1,4
SF,IH2010,2020-09-16 09:33:02.900,3289.0000,9577,0,302214240.000,0,-,-,-,-,3288.6000,3288.4000,3288.2000,3288.0000,3287.6000,3289.2000,3289.8000,3290.2000,3290.6000,3291.6000,1,2,1,2,1,4,1,3,3,1
SF,IH2010,2020-09-16 09:33:03.400,3289.2000,9577,0,306161280.000,4,2,2,多换,S,3289.2000,3288.8000,3288.6000,3288.4000,3288.2000,3289.8000,3290.2000,3290.6000,3291.6000,3292.2000,1,3,1,2,1,1,3,1,1,1
SF,IH2010,2020-09-16 09:33:03.900,3289.2000,9577,0,306161280.000,0,-,-,-,-,3288.8000,3288.6000,3288.4000,3288.2000,3288.0000,3289.8000,3290.2000,3290.6000,3291.6000,3292.2000,3,1,2,1,2,1,3,1,1,1
SF,IH2010,2020-09-16 09:33:04.400,3289.2000,9577,0,306161280.000,0,-,-,-,-,3288.8000,3288.6000,3288.4000,3288.2000,3288.0000,3289.8000,3290.2000,3290.6000,3291.6000,3292.2000,1,1,2,1,2,1,3,1,1,1
SF,IH2010,2020-09-16 09:33:04.900,3289.8000,9575,-2,308135100.000,2,0,2,双平,S,3288.8000,3288.6000,3288.4000,3288.2000,3288.0000,3290.2000,3290.6000,3291.6000,3292.2000,3292.8000,1,1,2,1,2,2,1,1,1,1
SF,IH2010,2020-09-16 09:33:05.400,3289.8000,9575,0,308135100.000,0,-,-,-,-,3288.8000,3288.6000,3288.4000,3288.2000,3288.0000,3290.2000,3290.6000,3291.6000,3292.2000,3292.8000,1,1,2,1,2,2,1,1,1,1
SF,IH2010,2020-09-16 09:33:06.400,3289.8000,9575,0,308135100.000,0,-,-,-,-,3288.8000,3288.6000,3288.4000,3288.2000,3288.0000,3290.2000,3290.6000,3291.6000,3292.2000,3292.8000,1,1,2,1,2,1,1,1,1,1
SF,IH2010,2020-09-16 09:33:06.900,3289.8000,9575,0,308135100.000,0,-,-,-,-,3289.0000,3288.8000,3288.6000,3288.4000,3288.2000,3290.2000,3290.6000,3291.6000,3292.2000,3292.8000,1,1,1,2,1,1,1,1,1,1
SF,IH2010,2020-09-16 09:33:07.400,3290.2000,9574,-1,309122160.000,1,0,1,双平,S,3290.2000,3289.2000,3289.0000,3288.6000,3288.4000,3290.6000,3291.6000,3292.2000,3292.8000,3293.0000,1,1,1,1,2,1,1,1,1,1
SF,IH2010,2020-09-16 09:33:07.900,3290.2000,9573,-1,310109220.000,1,0,1,双平,S,3289.2000,3288.6000,3288.4000,3288.2000,3288.0000,3291.6000,3292.2000,3292.8000,3293.0000,3295.0000,1,1,2,1,2,1,1,1,1,2
SF,IH2010,2020-09-16 09:33:08.400,3290.2000,9573,0,310109220.000,0,-,-,-,-,3289.4000,3289.2000,3288.6000,3288.4000,3288.2000,3291.2000,3291.4000,3291.6000,3292.2000,3292.8000,2,1,1,2,1,2,3,2,1,1
SF,IH2010,2020-09-16 09:33:08.900,3290.2000,9573,0,310109220.000,0,-,-,-,-,3289.6000,3289.4000,3288.6000,3288.4000,3288.2000,3291.0000,3291.2000,3291.4000,3291.6000,3292.2000,1,2,1,2,1,2,2,2,2,1
SF,IH2010,2020-09-16 09:33:09.400,3290.2000,9573,0,310109220.000,0,-,-,-,-,3289.6000,3289.4000,3288.6000,3288.4000,3288.2000,3291.0000,3291.4000,3291.6000,3292.2000,3292.8000,1,2,1,2,1,1,2,2,1,1
SF,IH2010,2020-09-16 09:33:09.900,3290.2000,9573,0,310109220.000,0,-,-,-,-,3289.8000,3289.6000,3289.4000,3288.6000,3288.4000,3291.6000,3292.2000,3292.8000,3293.0000,3295.0000,2,1,2,1,2,2,1,1,1,2
SF,IH2010,2020-09-16 09:33:10.400,3290.2000,9573,0,310109220.000,0,-,-,-,-,3290.0000,3289.8000,3289.4000,3288.6000,3288.4000,3291.6000,3292.2000,3292.8000,3293.0000,3295.0000,1,2,2,1,2,2,1,1,1,2
SF,IH2010,2020-09-16 09:33:10.900,3290.2000,9573,0,310109220.000,0,-,-,-,-,3290.0000,3289.8000,3289.4000,3289.0000,3288.6000,3291.6000,3292.2000,3292.8000,3293.0000,3295.0000,1,1,1,1,1,2,1,1,1,2
SF,IH2010,2020-09-16 09:33:11.400,3290.2000,9573,0,310109220.000,0,-,-,-,-,3290.4000,3290.2000,3290.0000,3289.8000,3289.4000,3291.6000,3292.2000,3292.8000,3293.0000,3295.0000,1,1,1,1,1,2,1,1,1,2
SF,IH2010,2020-09-16 09:33:11.900,3290.4000,9576,3,314057700.000,4,3,1,空开,S,3290.6000,3290.4000,3289.8000,3289.4000,3289.0000,3291.6000,3292.2000,3292.8000,3293.0000,3295.0000,2,1,1,1,1,2,1,1,1,2
SF,IH2010,2020-09-16 09:33:12.400,3290.4000,9576,0,314057700.000,0,-,-,-,-,3290.6000,3289.8000,3289.0000,3288.6000,3288.4000,3291.4000,3291.6000,3292.2000,3292.8000,3293.0000,2,1,1,1,2,1,2,1,1,1
SF,IH2010,2020-09-16 09:33:12.900,3290.4000,9576,0,314057700.000,0,-,-,-,-,3290.6000,3289.0000,3288.6000,3288.4000,3288.2000,3291.2000,3291.4000,3291.6000,3292.2000,3292.8000,2,1,1,2,1,3,1,2,1,1
SF,IH2010,2020-09-16 09:33:13.400,3290.6000,9576,0,316032060.000,2,1,1,多换,S,3289.0000,3288.6000,3288.4000,3288.2000,3288.0000,3291.2000,3291.4000,3291.6000,3292.2000,3292.8000,2,1,2,1,1,3,1,2,1,1
SF,IH2010,2020-09-16 09:33:13.900,3290.6000,9576,0,316032060.000,0,-,-,-,-,3289.6000,3289.2000,3289.0000,3288.6000,3288.4000,3291.0000,3291.2000,3291.6000,3292.2000,3292.8000,1,3,2,1,2,1,3,2,1,1
SF,IH2010,2020-09-16 09:33:14.400,3290.6000,9576,0,316032060.000,0,-,-,-,-,3289.8000,3289.6000,3289.2000,3289.0000,3288.6000,3291.0000,3291.2000,3291.4000,3291.6000,3292.2000,1,1,2,2,2,1,3,1,2,1
SF,IH2010,2020-09-16 09:33:14.900,3289.6000,9574,-2,318005880.000,2,0,2,双平,S,3289.0000,3288.6000,3288.4000,3288.2000,3288.0000,3289.6000,3289.8000,3290.6000,3290.8000,3291.0000,2,2,2,1,1,1,1,1,1,1
SF,IH2010,2020-09-16 09:33:15.400,3289.6000,9574,0,318005880.000,0,-,-,-,-,3289.0000,3288.6000,3288.4000,3288.2000,3288.0000,3289.8000,3290.6000,3290.8000,3291.0000,3291.2000,2,2,2,1,1,1,1,1,1,3
SF,IH2010,2020-09-16 09:33:15.900,3289.6000,9574,0,318005880.000,0,-,-,-,-,3289.0000,3288.6000,3288.4000,3288.2000,3288.0000,3290.6000,3290.8000,3291.0000,3291.2000,3291.4000,2,2,2,1,1,1,1,1,3,2
SF,IH2010,2020-09-16 09:33:16.400,3289.6000,9574,0,318005880.000,0,-,-,-,-,3289.0000,3288.6000,3288.4000,3288.2000,3288.0000,3290.4000,3290.6000,3290.8000,3291.2000,3291.4000,2,2,2,1,1,1,1,1,3,2
SF,IH2010,2020-09-16 09:33:16.900,3289.6000,9574,0,318005880.000,0,-,-,-,-,3289.2000,3289.0000,3288.6000,3288.4000,3288.2000,3290.4000,3290.6000,3291.2000,3291.4000,3291.6000,2,2,2,2,1,1,1,3,2,2
SF,IH2010,2020-09-16 09:33:17.400,3289.6000,9574,0,318005880.000,0,-,-,-,-,3289.2000,3289.0000,3288.6000,3288.4000,3288.2000,3290.4000,3290.6000,3291.2000,3291.4000,3291.6000,2,2,2,2,1,1,1,3,2,2
SF,IH2010,2020-09-16 09:33:17.900,3289.6000,9574,0,318005880.000,0,-,-,-,-,3289.2000,3289.0000,3288.6000,3288.4000,3288.2000,3290.4000,3290.6000,3291.2000,3291.4000,3291.6000,2,2,2,2,1,1,1,3,2,2
SF,IH2010,2020-09-16 09:33:18.400,3289.6000,9574,0,318005880.000,0,-,-,-,-,3289.4000,3289.2000,3289.0000,3288.6000,3288.4000,3290.6000,3291.2000,3291.4000,3291.6000,3292.4000,1,2,2,2,2,1,3,2,2,1
SF,IH2010,2020-09-16 09:33:18.900,3289.6000,9574,0,318005880.000,0,-,-,-,-,3289.2000,3289.0000,3288.6000,3288.4000,3288.2000,3290.6000,3291.2000,3291.4000,3291.6000,3292.4000,1,2,2,2,1,1,3,2,2,1
SF,IH2010,2020-09-16 09:33:19.400,3289.6000,9574,0,318005880.000,0,-,-,-,-,3289.2000,3289.0000,3288.6000,3288.4000,3288.2000,3290.4000,3290.6000,3291.2000,3291.4000,3291.6000,1,2,2,2,1,1,1,3,2,2
SF,IH2010,2020-09-16 09:33:20.400,3289.6000,9574,0,318005880.000,0,-,-,-,-,3289.4000,3289.2000,3289.0000,3288.6000,3288.4000,3290.4000,3290.6000,3291.2000,3291.4000,3291.6000,1,1,2,2,2,1,1,3,2,2
SF,IH2010,2020-09-16 09:33:20.900,3290.4000,9573,-1,318993000.000,1,0,1,双平,S,3289.2000,3289.0000,3288.6000,3288.4000,3288.2000,3290.6000,3291.2000,3291.4000,3291.6000,3292.4000,1,2,2,2,1,1,3,2,2,1
SF,IH2010,2020-09-16 09:33:21.400,3290.4000,9573,0,318993000.000,0,-,-,-,-,3289.2000,3289.0000,3288.6000,3288.4000,3288.2000,3290.4000,3290.6000,3291.2000,3291.4000,3291.6000,1,2,2,2,1,1,1,3,2,2
SF,IH2010,2020-09-16 09:33:21.900,3290.6000,9573,0,320967300.000,2,1,1,多换,S,3290.8000,3289.2000,3289.0000,3288.6000,3288.4000,3291.2000,3291.4000,3291.6000,3292.4000,3292.8000,3,1,2,2,2,3,2,2,1,1
SF,IH2010,2020-09-16 09:33:22.400,3289.0000,9574,1,325902480.000,5,3,2,空开,S,3289.0000,3288.6000,3288.4000,3288.2000,3288.0000,3289.8000,3290.8000,3291.0000,3291.2000,3291.4000,1,2,2,1,2,1,2,3,7,2
SF,IH2010,2020-09-16 09:33:22.900,3289.0000,9574,0,326889180.000,1,0,1,多换,S,3289.0000,3288.6000,3288.4000,3288.2000,3288.0000,3290.8000,3291.0000,3291.2000,3291.4000,3291.6000,1,2,2,1,2,2,1,3,2,2
SF,IH2010,2020-09-16 09:33:23.400,3289.0000,9574,0,326889180.000,0,-,-,-,-,3289.0000,3288.6000,3288.4000,3288.2000,3288.0000,3290.6000,3290.8000,3291.2000,3291.4000,3291.6000,1,2,2,1,2,3,2,3,2,2
SF,IH2010,2020-09-16 09:33:23.900,3289.0000,9573,-1,327875880.000,1,0,1,双平,S,3288.6000,3288.4000,3288.2000,3288.0000,3287.6000,3290.4000,3290.6000,3290.8000,3291.2000,3291.4000,2,2,1,2,1,4,3,1,3,2
SF,IH2010,2020-09-16 09:33:24.400,3288.6000,9573,0,329849040.000,2,1,1,多换,S,3288.4000,3288.2000,3288.0000,3287.6000,3287.4000,3288.6000,3290.0000,3290.2000,3290.4000,3290.6000,2,1,2,1,2,2,1,2,3,2
SF,IH2010,2020-09-16 09:33:24.900,3288.6000,9573,0,330835620.000,1,0,1,多换,S,3288.4000,3288.2000,3288.0000,3287.6000,3287.4000,3288.6000,3290.0000,3290.2000,3290.4000,3290.6000,2,1,2,1,2,1,1,1,2,1
SF,IH2010,2020-09-16 09:33:25.400,3288.4000,9573,0,332808660.000,2,1,1,多换,S,3288.2000,3288.0000,3287.6000,3287.0000,3286.8000,3288.6000,3290.0000,3290.2000,3290.4000,3290.6000,1,2,1,1,1,1,1,1,2,1
SF,IH2010,2020-09-16 09:33:25.900,3288.0000,9572,-1,335767920.000,3,1,2,多平,S,3287.6000,3287.0000,3286.8000,3285.0000,3284.6000,3288.2000,3288.6000,3290.0000,3290.2000,3290.4000,1,2,1,3,2,2,1,1,1,2
SF,IH2010,2020-09-16 09:33:26.400,3287.6000,9572,0,336754200.000,1,0,1,多换,S,3287.0000,3286.8000,3285.0000,3284.6000,3283.6000,3288.0000,3288.2000,3288.6000,3288.8000,3290.0000,2,1,3,2,1,1,1,1,1,1
SF,IH2010,2020-09-16 09:33:26.900,3287.6000,9572,0,336754200.000,0,-,-,-,-,3287.0000,3286.8000,3285.0000,3284.6000,3283.6000,3288.0000,3288.2000,3288.6000,3288.8000,3290.0000,2,1,3,2,1,1,1,1,1,1
SF,IH2010,2020-09-16 09:33:27.400,3287.6000,9572,0,336754200.000,0,-,-,-,-,3287.0000,3286.8000,3285.0000,3284.6000,3283.6000,3288.0000,3288.2000,3288.6000,3288.8000,3290.0000,2,1,3,2,1,1,1,1,1,1
SF,IH2010,2020-09-16 09:33:27.900,3288.0000,9572,0,337740600.000,1,0,1,多换,S,3288.0000,3287.0000,3286.8000,3285.0000,3284.6000,3288.2000,3288.6000,3288.8000,3290.0000,3290.4000,3,2,1,3,2,1,1,1,1,2
SF,IH2010,2020-09-16 09:33:28.400,3288.0000,9572,0,337740600.000,0,-,-,-,-,3288.0000,3287.0000,3286.8000,3285.0000,3284.6000,3288.6000,3288.8000,3290.0000,3290.4000,3290.6000,3,3,1,3,2,1,1,1,2,1
SF,IH2010,2020-09-16 09:33:28.900,3288.8000,9572,0,339713820.000,2,1,1,多换,S,3288.0000,3287.0000,3286.8000,3286.2000,3285.0000,3289.6000,3290.0000,3290.4000,3290.6000,3290.8000,3,3,1,1,3,1,1,2,1,5
SF,IH2010,2020-09-16 09:33:29.400,3288.8000,9572,0,339713820.000,0,-,-,-,-,3288.2000,3288.0000,3287.0000,3286.8000,3286.2000,3289.4000,3289.6000,3290.4000,3290.6000,3290.8000,1,3,3,1,1,3,2,1,1,5
SF,IH2010,2020-09-16 09:33:29.900,3288.8000,9572,0,339713820.000,0,-,-,-,-,3288.2000,3288.0000,3287.0000,3286.8000,3286.2000,3289.4000,3289.6000,3290.4000,3290.6000,3291.2000,1,3,3,1,1,2,2,1,1,3
SF,IH2010,2020-09-16 09:33:30.400,3288.8000,9572,0,339713820.000,0,-,-,-,-,3288.2000,3288.0000,3287.0000,3286.8000,3286.2000,3289.4000,3289.6000,3290.4000,3290.6000,3291.2000,1,3,3,1,1,1,2,1,1,3
SF,IH2010,2020-09-16 09:33:30.900,3288.8000,9572,0,339713820.000,0,-,-,-,-,3288.2000,3288.0000,3287.0000,3286.8000,3286.2000,3289.4000,3289.6000,3290.0000,3290.4000,3291.2000,1,3,3,1,1,3,1,1,1,3
SF,IH2010,2020-09-16 09:33:31.400,3288.8000,9572,0,339713820.000,0,-,-,-,-,3288.2000,3288.0000,3287.8000,3287.0000,3286.8000,3289.4000,3289.6000,3290.0000,3290.4000,3291.2000,1,3,1,3,1,1,1,1,1,3
SF,IH2010,2020-09-16 09:33:31.900,3289.4000,9571,-1,340700640.000,1,0,1,双平,S,3289.2000,3288.2000,3288.0000,3287.8000,3287.0000,3290.0000,3290.4000,3291.2000,3291.4000,3292.8000,5,1,3,1,3,1,1,3,1,1
SF,IH2010,2020-09-16 09:33:32.400,3289.2000,9567,-4,346621740.000,6,1,5,多平,S,3289.2000,3288.2000,3288.0000,3287.8000,3287.0000,3289.6000,3289.8000,3290.4000,3291.2000,3291.4000,3,1,3,1,3,2,5,1,3,1
SF,IH2010,2020-09-16 09:33:32.900,3289.6000,9566,-1,351556260.000,5,2,3,多平,S,3289.8000,3289.6000,3289.4000,3289.2000,3288.2000,3291.2000,3291.4000,3292.8000,3293.0000,3294.6000,2,1,1,3,1,3,1,1,1,5
SF,IH2010,2020-09-16 09:33:33.400,3289.6000,9566,0,351556260.000,0,-,-,-,-,3290.0000,3289.8000,3289.6000,3289.4000,3289.2000,3291.2000,3291.4000,3292.8000,3293.0000,3294.6000,1,2,1,1,3,3,1,1,1,5
SF,IH2010,2020-09-16 09:33:33.900,3289.6000,9566,0,351556260.000,0,-,-,-,-,3290.0000,3289.8000,3289.6000,3289.4000,3289.2000,3291.2000,3291.4000,3292.8000,3293.0000,3294.6000,1,2,1,1,3,3,1,1,1,5
SF,IH2010,2020-09-16 09:33:34.400,3289.8000,9565,-1,353530200.000,2,0,2,多平,S,3289.8000,3289.6000,3289.4000,3289.2000,3288.0000,3290.0000,3290.4000,3290.6000,3290.8000,3291.0000,1,1,1,3,3,1,3,1,1,3
SF,IH2010,2020-09-16 09:33:34.900,3290.0000,9565,0,354517200.000,1,0,1,多换,S,3289.6000,3289.4000,3289.2000,3288.0000,3287.8000,3291.0000,3291.2000,3291.4000,3292.8000,3293.0000,1,1,3,3,1,2,3,1,1,1
SF,IH2010,2020-09-16 09:33:35.400,3290.0000,9565,0,354517200.000,0,-,-,-,-,3289.6000,3289.4000,3289.2000,3288.8000,3288.0000,3290.6000,3290.8000,3291.0000,3291.2000,3291.4000,1,1,3,1,3,1,1,2,3,1
SF,IH2010,2020-09-16 09:33:35.900,3290.0000,9565,0,354517200.000,0,-,-,-,-,3289.8000,3289.6000,3289.4000,3289.2000,3288.8000,3291.0000,3291.2000,3291.4000,3292.8000,3293.0000,2,1,1,3,1,1,3,1,1,1
SF,IH2010,2020-09-16 09:33:39.400,3290.0000,9565,0,354517200.000,0,-,-,-,-,3289.8000,3289.6000,3289.4000,3289.2000,3288.8000,3291.0000,3291.2000,3291.4000,3292.8000,3293.0000,2,1,1,3,1,1,3,1,1,1
SF,IH2010,2020-09-16 09:33:39.900,3290.0000,9565,0,354517200.000,0,-,-,-,-,3289.8000,3289.6000,3289.4000,3289.2000,3288.8000,3291.0000,3291.2000,3291.4000,3292.8000,3293.0000,1,1,1,3,1,1,3,1,1,1
SF,IH2010,2020-09-16 09:33:40.400,3290.0000,9565,0,354517200.000,0,-,-,-,-,3289.8000,3289.6000,3289.4000,3289.2000,3288.8000,3290.8000,3291.0000,3291.2000,3291.4000,3292.8000,1,1,1,3,1,1,1,3,1,1
SF,IH2010,2020-09-16 09:33:40.900,3289.8000,9564,-1,355504140.000,1,0,1,双平,S,3289.6000,3289.4000,3289.2000,3288.8000,3288.0000,3290.8000,3291.0000,3291.2000,3291.4000,3292.8000,1,1,3,1,3,1,1,3,1,1
SF,IH2010,2020-09-16 09:33:41.400,3289.6000,9563,-1,356491020.000,1,0,1,双平,S,3289.4000,3289.2000,3288.8000,3288.0000,3287.8000,3290.6000,3290.8000,3291.2000,3291.4000,3292.8000,1,3,1,3,1,1,1,3,1,1
SF,IH2010,2020-09-16 09:33:41.900,3289.6000,9563,0,356491020.000,0,-,-,-,-,3290.0000,3289.4000,3288.8000,3288.0000,3287.8000,3290.4000,3290.6000,3290.8000,3291.2000,3291.4000,5,1,1,3,1,1,1,1,3,1
SF,IH2010,2020-09-16 09:33:42.400,3290.0000,9564,1,361426020.000,5,3,2,空开,S,3288.8000,3288.0000,3287.8000,3287.0000,3286.8000,3290.0000,3290.2000,3290.4000,3290.6000,3290.8000,1,3,1,2,1,2,1,1,1,1
SF,IH2010,2020-09-16 09:33:42.900,3290.4000,9564,0,363400140.000,2,1,1,多换,S,3290.4000,3289.0000,3288.8000,3288.0000,3287.8000,3290.6000,3290.8000,3291.2000,3291.4000,3291.8000,4,2,1,3,1,1,1,3,1,1
SF,IH2010,2020-09-16 09:33:43.400,3290.4000,9565,1,367348620.000,4,2,2,空开,S,3289.0000,3288.8000,3288.0000,3287.8000,3287.0000,3290.4000,3290.6000,3290.8000,3291.2000,3291.4000,2,1,2,1,2,2,3,1,3,1
SF,IH2010,2020-09-16 09:33:43.900,3289.0000,9565,0,368335320.000,1,0,1,多换,S,3289.0000,3288.8000,3288.0000,3287.8000,3287.0000,3290.2000,3290.4000,3290.8000,3291.2000,3291.4000,1,1,2,1,2,1,1,1,3,1
SF,IH2010,2020-09-16 09:33:44.900,3289.0000,9565,0,368335320.000,0,-,-,-,-,3290.0000,3289.0000,3288.8000,3288.0000,3287.8000,3290.2000,3290.4000,3290.8000,3291.2000,3291.4000,1,1,1,2,1,1,1,1,3,1
SF,IH2010,2020-09-16 09:33:45.400,3289.0000,9564,-1,370309020.000,2,0,2,多平,S,3288.8000,3288.0000,3287.8000,3287.0000,3286.8000,3290.0000,3290.8000,3291.2000,3291.4000,3291.6000,1,2,1,2,1,2,1,3,1,1
SF,IH2010,2020-09-16 09:33:45.900,3289.0000,9564,0,370309020.000,0,-,-,-,-,3288.8000,3288.0000,3287.8000,3287.0000,3286.8000,3289.8000,3290.0000,3290.8000,3291.2000,3291.4000,1,2,1,2,1,1,1,1,3,1
SF,IH2010,2020-09-16 09:33:46.900,3289.8000,9563,-1,371295960.000,1,0,1,双平,S,3289.0000,3288.8000,3288.0000,3287.8000,3287.0000,3290.0000,3290.8000,3291.2000,3291.4000,3291.6000,1,1,2,1,2,1,1,3,1,1
SF,IH2010,2020-09-16 09:33:47.400,3290.0000,9563,0,372282960.000,1,0,1,多换,S,3289.0000,3288.8000,3288.0000,3287.8000,3287.0000,3290.8000,3291.2000,3291.4000,3291.6000,3291.8000,1,1,2,1,2,1,3,1,1,1
SF,IH2010,2020-09-16 09:33:47.900,3290.0000,9563,0,372282960.000,0,-,-,-,-,3289.2000,3288.8000,3288.0000,3287.8000,3287.0000,3290.6000,3290.8000,3291.2000,3291.4000,3291.6000,1,1,2,1,2,3,1,3,1,1
SF,IH2010,2020-09-16 09:33:48.400,3290.0000,9563,0,372282960.000,0,-,-,-,-,3289.2000,3288.8000,3288.0000,3287.8000,3287.0000,3290.0000,3290.4000,3290.6000,3290.8000,3291.2000,1,1,2,1,2,1,1,5,1,3
SF,IH2010,2020-09-16 09:33:48.900,3290.0000,9563,0,372282960.000,0,-,-,-,-,3288.8000,3288.0000,3287.8000,3287.0000,3286.8000,3290.0000,3290.6000,3290.8000,3291.2000,3291.4000,1,2,1,2,1,1,2,1,3,1
SF,IH2010,2020-09-16 09:33:49.400,3290.0000,9563,0,372282960.000,0,-,-,-,-,3289.0000,3288.8000,3288.0000,3287.8000,3287.0000,3290.0000,3290.6000,3290.8000,3291.2000,3291.4000,2,1,2,1,2,1,1,1,3,1
SF,IH2010,2020-09-16 09:33:49.900,3290.0000,9562,-1,373269960.000,1,0,1,双平,S,3289.0000,3288.8000,3288.0000,3287.8000,3287.0000,3290.6000,3290.8000,3291.2000,3291.4000,3291.6000,2,1,2,1,2,1,1,3,1,1
SF,IH2010,2020-09-16 09:33:50.400,3290.0000,9562,0,373269960.000,0,-,-,-,-,3289.2000,3289.0000,3288.8000,3288.0000,3287.8000,3290.6000,3290.8000,3291.2000,3291.4000,3291.6000,1,2,1,2,1,1,1,3,1,1
SF,IH2010,2020-09-16 09:33:50.900,3290.0000,9562,0,373269960.000,0,-,-,-,-,3289.4000,3289.2000,3288.8000,3288.0000,3287.8000,3290.6000,3290.8000,3291.2000,3291.4000,3291.6000,1,1,1,2,1,1,1,3,1,1
SF,IH2010,2020-09-16 09:33:51.400,3291.4000,9556,-6,379193880.000,6,0,6,双平,S,3291.4000,3289.4000,3289.2000,3288.8000,3288.0000,3291.6000,3291.8000,3292.8000,3294.6000,3296.0000,4,1,1,1,2,1,1,1,5,1
SF,IH2010,2020-09-16 09:33:51.900,3291.4000,9549,-7,388080660.000,9,1,8,多平,S,3289.4000,3288.0000,3287.8000,3287.0000,3286.8000,3291.4000,3291.6000,3291.8000,3292.8000,3294.6000,1,2,1,2,1,5,4,1,1,5
SF,IH2010,2020-09-16 09:33:52.400,3291.4000,9547,-2,393017760.000,5,1,4,多平,S,3289.6000,3289.4000,3288.0000,3287.8000,3287.0000,3291.6000,3291.8000,3292.8000,3294.6000,3296.0000,2,1,2,1,2,4,1,1,5,1
SF,IH2010,2020-09-16 09:33:52.900,3291.4000,9544,-3,396967440.000,4,0,4,多平,S,3289.8000,3288.0000,3287.8000,3287.0000,3286.8000,3291.2000,3291.4000,3291.6000,3291.8000,3292.8000,4,2,1,2,1,1,1,1,1,1
SF,IH2010,2020-09-16 09:33:53.400,3289.8000,9544,0,397954380.000,1,0,1,多换,S,3289.8000,3288.0000,3287.8000,3287.0000,3286.8000,3290.4000,3291.0000,3291.2000,3291.4000,3291.6000,3,2,1,2,1,2,1,1,1,4
SF,IH2010,2020-09-16 09:33:53.900,3291.0000,9540,-4,403877100.000,6,1,5,多平,S,3289.8000,3288.0000,3287.8000,3287.0000,3286.8000,3290.4000,3291.0000,3291.2000,3291.4000,3291.6000,1,2,1,2,1,2,1,1,1,1
SF,IH2010,2020-09-16 09:33:54.400,3290.8000,9538,-2,406838820.000,3,0,3,多平,S,3290.8000,3289.8000,3288.6000,3288.0000,3287.8000,3291.0000,3291.4000,3291.6000,3291.8000,3292.8000,3,1,1,2,1,2,1,1,1,1
SF,IH2010,2020-09-16 09:33:54.900,3289.8000,9536,-2,410787480.000,4,1,3,多平,S,3288.6000,3288.0000,3287.8000,3287.0000,3286.8000,3290.8000,3291.0000,3291.4000,3291.6000,3291.8000,1,2,1,2,1,1,1,1,1,1
SF,IH2010,2020-09-16 09:33:55.400,3289.8000,9536,0,410787480.000,0,-,-,-,-,3289.4000,3288.8000,3288.6000,3288.0000,3287.8000,3290.6000,3290.8000,3291.0000,3291.4000,3291.6000,1,1,1,2,1,1,1,1,1,1
SF,IH2010,2020-09-16 09:33:55.900,3291.0000,9531,-5,416711220.000,6,0,6,多平,S,3291.0000,3289.6000,3289.4000,3288.6000,3288.0000,3291.6000,3291.8000,3292.4000,3292.8000,3294.6000,1,2,1,1,2,1,1,1,1,5
SF,IH2010,2020-09-16 09:33:56.400,3291.0000,9530,-1,417698520.000,1,0,1,双平,S,3290.0000,3289.6000,3289.4000,3288.6000,3288.0000,3290.6000,3291.0000,3291.6000,3291.8000,3292.4000,1,2,1,1,2,3,1,1,1,1
SF,IH2010,2020-09-16 09:33:56.900,3291.0000,9526,-4,422634660.000,5,0,5,多平,S,3291.0000,3290.8000,3290.2000,3290.0000,3289.6000,3291.6000,3291.8000,3292.4000,3292.8000,3294.6000,1,1,1,1,1,1,1,1,1,5
SF,IH2010,2020-09-16 09:33:57.400,3291.0000,9525,-1,423621960.000,1,0,1,双平,S,3290.8000,3290.2000,3290.0000,3289.6000,3288.6000,3291.0000,3291.6000,3291.8000,3292.4000,3292.8000,1,1,1,1,1,1,1,1,1,1
SF,IH2010,2020-09-16 09:33:57.900,3290.8000,9524,-1,424609200.000,1,0,1,双平,S,3290.2000,3290.0000,3289.6000,3288.6000,3288.0000,3290.8000,3291.0000,3291.6000,3291.8000,3292.4000,2,1,1,1,2,1,1,1,1,1
SF,IH2010,2020-09-16 09:33:58.400,3290.2000,9522,-2,426583320.000,2,0,2,双平,S,3290.0000,3289.6000,3288.6000,3288.0000,3287.8000,3290.2000,3290.6000,3290.8000,3291.6000,3291.8000,1,1,1,2,1,1,1,1,1,1
SF,IH2010,2020-09-16 09:33:58.900,3290.2000,9521,-1,428557440.000,2,0,2,多平,S,3290.0000,3289.6000,3288.6000,3288.0000,3287.8000,3290.8000,3291.4000,3291.6000,3291.8000,3292.4000,1,1,1,2,1,2,1,1,1,1
SF,IH2010,2020-09-16 09:33:59.400,3290.2000,9521,0,428557440.000,0,-,-,-,-,3290.0000,3289.6000,3288.6000,3288.0000,3287.8000,3290.8000,3291.6000,3291.8000,3292.0000,3292.4000,1,1,1,2,1,2,1,1,1,1
SF,IH2010,2020-09-16 09:33:59.900,3290.2000,9521,0,428557440.000,0,-,-,-,-,3289.6000,3288.6000,3288.0000,3287.8000,3287.0000,3290.8000,3291.6000,3291.8000,3292.0000,3292.4000,1,1,2,1,2,2,1,1,1,1
SF,IH2010,2020-09-16 09:34:00.400,3290.8000,9521,0,430531620.000,2,1,1,多换,S,3289.6000,3288.6000,3288.0000,3287.8000,3287.0000,3290.8000,3291.6000,3291.8000,3292.0000,3292.4000,1,1,2,1,2,4,1,1,1,1
SF,IH2010,2020-09-16 09:34:00.900,3290.8000,9521,0,430531620.000,0,-,-,-,-,3289.8000,3289.6000,3288.6000,3288.0000,3287.8000,3290.8000,3291.6000,3291.8000,3292.0000,3292.4000,1,1,1,2,1,4,1,1,2,1
SF,IH2010,2020-09-16 09:34:01.400,3290.8000,9521,0,430531620.000,0,-,-,-,-,3289.8000,3289.6000,3288.6000,3288.0000,3287.8000,3290.6000,3290.8000,3291.4000,3291.6000,3291.8000,1,1,1,2,1,3,4,2,1,1
SF,IH2010,2020-09-16 09:34:01.900,3290.8000,9520,-1,434480580.000,4,1,3,多平,S,3289.8000,3289.6000,3288.6000,3288.0000,3287.8000,3290.8000,3291.4000,3291.6000,3291.8000,3292.0000,1,1,1,2,1,3,3,1,2,2
SF,IH2010,2020-09-16 09:34:02.400,3290.8000,9517,-3,437442300.000,3,0,3,双平,S,3290.0000,3289.8000,3289.6000,3288.6000,3288.0000,3291.4000,3291.6000,3291.8000,3292.0000,3292.4000,3,1,1,1,2,1,1,2,2,1
SF,IH2010,2020-09-16 09:34:02.900,3290.8000,9517,0,437442300.000,0,-,-,-,-,3290.0000,3289.8000,3289.6000,3288.6000,3288.0000,3291.4000,3291.6000,3291.8000,3292.0000,3292.4000,3,1,1,1,2,1,1,1,2,1
SF,IH2010,2020-09-16 09:34:03.400,3290.8000,9517,0,437442300.000,0,-,-,-,-,3290.2000,3290.0000,3289.6000,3288.6000,3288.0000,3291.6000,3291.8000,3292.0000,3292.4000,3292.8000,1,3,1,1,2,1,1,1,1,2
SF,IH2010,2020-09-16 09:34:03.900,3290.8000,9517,0,437442300.000,0,-,-,-,-,3290.4000,3290.2000,3290.0000,3289.6000,3288.6000,3291.6000,3291.8000,3292.0000,3292.4000,3292.8000,2,1,2,1,1,1,1,1,1,1
SF,IH2010,2020-09-16 09:34:04.900,3291.6000,9517,0,438429780.000,1,0,1,多换,S,3290.4000,3290.2000,3290.0000,3289.6000,3288.6000,3291.8000,3292.0000,3292.4000,3292.8000,3294.6000,2,1,2,1,1,1,1,1,1,5
SF,IH2010,2020-09-16 09:34:05.400,3291.6000,9517,0,438429780.000,0,-,-,-,-,3290.4000,3290.2000,3290.0000,3289.6000,3288.6000,3291.6000,3291.8000,3292.0000,3292.4000,3292.8000,2,1,2,1,1,1,1,1,1,1
SF,IH2010,2020-09-16 09:34:05.900,3291.6000,9517,0,438429780.000,0,-,-,-,-,3290.4000,3290.2000,3290.0000,3289.6000,3288.6000,3291.6000,3291.8000,3292.0000,3292.4000,3292.8000,2,1,2,1,1,1,1,1,1,1
SF,IH2010,2020-09-16 09:34:06.400,3291.6000,9517,0,439417260.000,1,0,1,多换,S,3290.4000,3290.2000,3290.0000,3289.6000,3288.6000,3291.8000,3292.0000,3292.4000,3292.8000,3293.0000,2,1,2,1,1,1,1,1,2,1
SF,IH2010,2020-09-16 09:34:06.900,3291.6000,9517,0,439417260.000,0,-,-,-,-,3290.4000,3290.2000,3290.0000,3289.6000,3288.6000,3291.8000,3292.0000,3292.8000,3293.0000,3294.6000,2,1,2,1,1,1,1,2,1,5
SF,IH2010,2020-09-16 09:34:07.400,3291.6000,9517,0,439417260.000,0,-,-,-,-,3290.4000,3290.0000,3289.6000,3288.6000,3288.0000,3291.8000,3292.8000,3293.0000,3294.6000,3296.0000,2,2,1,1,2,1,2,1,5,1
SF,IH2010,2020-09-16 09:34:07.900,3291.6000,9517,0,439417260.000,0,-,-,-,-,3290.4000,3289.6000,3288.6000,3288.0000,3287.0000,3291.6000,3291.8000,3292.8000,3293.0000,3294.6000,2,1,1,2,2,1,1,2,1,5
SF,IH2010,2020-09-16 09:34:08.400,3291.6000,9517,0,439417260.000,0,-,-,-,-,3290.4000,3289.6000,3288.6000,3288.0000,3287.0000,3291.6000,3291.8000,3292.0000,3292.8000,3293.0000,1,1,1,2,2,1,1,1,2,1
SF,IH2010,2020-09-16 09:34:08.900,3291.6000,9517,0,439417260.000,0,-,-,-,-,3290.4000,3289.6000,3288.6000,3288.0000,3287.0000,3291.4000,3291.6000,3291.8000,3292.0000,3292.8000,1,1,1,2,2,1,1,1,1,2
SF,IH2010,2020-09-16 09:34:09.900,3291.6000,9517,0,439417260.000,0,-,-,-,-,3290.4000,3288.6000,3288.0000,3287.0000,3286.8000,3291.4000,3291.6000,3291.8000,3292.0000,3292.8000,1,1,2,2,1,1,1,1,1,2
SF,IH2010,2020-09-16 09:34:10.400,3290.4000,9516,-1,440404380.000,1,0,1,双平,S,3288.6000,3288.0000,3287.0000,3286.8000,3285.0000,3291.4000,3291.6000,3291.8000,3292.0000,3292.8000,1,2,2,1,3,1,1,1,1,2
SF,IH2010,2020-09-16 09:34:10.900,3290.4000,9516,0,440404380.000,0,-,-,-,-,3289.6000,3289.2000,3289.0000,3288.8000,3288.6000,3291.2000,3291.4000,3291.6000,3291.8000,3292.0000,1,1,1,4,1,2,1,1,1,1
SF,IH2010,2020-09-16 09:34:11.400,3290.4000,9516,0,440404380.000,0,-,-,-,-,3289.8000,3289.6000,3289.2000,3289.0000,3288.8000,3291.0000,3291.2000,3291.4000,3291.8000,3292.0000,1,1,1,1,1,1,1,1,2,1
SF,IH2010,2020-09-16 09:34:11.900,3290.4000,9516,0,440404380.000,0,-,-,-,-,3289.8000,3289.6000,3289.2000,3289.0000,3288.6000,3291.2000,3291.4000,3291.8000,3292.0000,3292.8000,1,1,1,1,1,1,1,2,2,1
SF,IH2010,2020-09-16 09:34:12.400,3290.4000,9516,0,440404380.000,0,-,-,-,-,3289.8000,3289.0000,3288.6000,3288.0000,3287.0000,3291.8000,3292.0000,3292.8000,3293.0000,3293.4000,1,1,1,2,2,2,2,1,1,1
SF,IH2010,2020-09-16 09:34:12.900,3290.4000,9516,0,440404380.000,0,-,-,-,-,3290.4000,3290.0000,3289.8000,3289.0000,3288.6000,3291.6000,3291.8000,3292.0000,3292.8000,3293.0000,1,3,1,1,1,1,2,2,1,1
SF,IH2010,2020-09-16 09:34:13.400,3290.4000,9516,0,440404380.000,0,-,-,-,-,3289.8000,3289.0000,3288.6000,3288.0000,3287.0000,3291.6000,3291.8000,3292.0000,3292.8000,3293.0000,1,1,1,2,2,1,2,2,1,1
SF,IH2010,2020-09-16 09:34:13.900,3290.4000,9516,0,440404380.000,0,-,-,-,-,3289.8000,3289.0000,3288.6000,3287.0000,3286.8000,3291.6000,3291.8000,3292.0000,3292.8000,3293.0000,1,1,1,2,1,1,2,2,1,1
SF,IH2010,2020-09-16 09:34:14.400,3290.4000,9516,0,440404380.000,0,-,-,-,-,3290.0000,3289.8000,3289.0000,3288.6000,3287.0000,3291.4000,3291.6000,3291.8000,3292.0000,3292.8000,1,1,1,1,2,1,1,2,2,1
SF,IH2010,2020-09-16 09:34:14.900,3290.4000,9516,0,440404380.000,0,-,-,-,-,3289.8000,3289.0000,3288.6000,3287.0000,3286.8000,3291.2000,3291.4000,3291.8000,3292.0000,3292.8000,1,1,1,2,1,1,1,2,2,1
SF,IH2010,2020-09-16 09:34:15.400,3290.4000,9516,0,440404380.000,0,-,-,-,-,3288.6000,3288.2000,3287.0000,3286.8000,3285.0000,3291.0000,3291.2000,3291.4000,3291.8000,3292.0000,1,1,2,1,3,1,1,1,2,2
SF,IH2010,2020-09-16 09:34:15.900,3290.4000,9516,0,440404380.000,0,-,-,-,-,3288.8000,3288.6000,3288.2000,3287.0000,3286.8000,3290.8000,3291.2000,3291.4000,3291.8000,3292.0000,3,1,1,2,1,2,3,1,2,2
SF,IH2010,2020-09-16 09:34:16.400,3290.4000,9516,0,440404380.000,0,-,-,-,-,3289.0000,3288.8000,3288.6000,3288.2000,3287.0000,3289.6000,3290.8000,3291.2000,3291.4000,3291.8000,2,1,1,1,2,2,2,3,1,2
SF,IH2010,2020-09-16 09:34:16.900,3290.0000,9515,-1,447313140.000,7,3,4,多平,S,3290.0000,3288.8000,3288.6000,3288.2000,3287.0000,3290.8000,3291.4000,3291.8000,3292.0000,3292.8000,1,1,1,1,2,1,1,2,2,2
SF,IH2010,2020-09-16 09:34:17.400,3290.0000,9515,0,448300140.000,1,0,1,多换,S,3288.8000,3288.6000,3288.2000,3287.0000,3286.8000,3290.0000,3290.4000,3290.6000,3290.8000,3291.4000,1,1,1,2,1,3,1,1,4,1
SF,IH2010,2020-09-16 09:34:17.900,3289.0000,9515,0,449286840.000,1,0,1,多换,S,3288.8000,3288.6000,3288.2000,3287.0000,3286.8000,3290.0000,3290.6000,3290.8000,3291.4000,3291.8000,1,1,1,2,1,2,1,1,1,2
SF,IH2010,2020-09-16 09:34:18.400,3290.0000,9515,0,451260840.000,2,1,1,多换,S,3290.4000,3289.0000,3288.8000,3288.6000,3288.2000,3290.6000,3290.8000,3291.8000,3292.0000,3292.6000,1,1,1,1,1,1,1,2,2,2
SF,IH2010,2020-09-16 09:34:18.900,3290.4000,9514,-1,453235020.000,2,0,2,多平,S,3289.2000,3289.0000,3288.8000,3288.6000,3288.2000,3290.6000,3290.8000,3291.2000,3291.8000,3292.0000,1,1,1,1,1,1,1,1,2,2
SF,IH2010,2020-09-16 09:34:19.400,3290.4000,9514,0,453235020.000,0,-,-,-,-,3289.4000,3289.2000,3288.6000,3288.2000,3287.0000,3290.4000,3290.6000,3291.2000,3291.8000,3292.0000,1,1,1,1,2,1,1,1,2,2
SF,IH2010,2020-09-16 09:34:20.400,3290.4000,9514,0,453235020.000,0,-,-,-,-,3289.4000,3289.2000,3288.6000,3288.2000,3287.0000,3290.4000,3290.6000,3291.2000,3291.8000,3292.0000,1,1,1,1,2,1,1,1,2,2
SF,IH2010,2020-09-16 09:34:20.900,3290.4000,9514,0,453235020.000,0,-,-,-,-,3289.4000,3289.2000,3288.6000,3288.2000,3287.0000,3290.2000,3290.4000,3290.6000,3291.2000,3291.8000,1,1,1,1,2,1,3,1,1,2
SF,IH2010,2020-09-16 09:34:21.400,3290.4000,9514,0,453235020.000,0,-,-,-,-,3289.4000,3289.2000,3288.6000,3288.2000,3287.0000,3290.0000,3290.2000,3290.4000,3290.6000,3291.2000,1,1,1,1,2,1,1,3,1,1
SF,IH2010,2020-09-16 09:34:21.900,3290.4000,9514,0,453235020.000,0,-,-,-,-,3289.2000,3288.6000,3288.2000,3287.0000,3286.8000,3290.0000,3290.2000,3290.4000,3290.6000,3291.2000,1,1,1,2,1,1,1,3,1,1
SF,IH2010,2020-09-16 09:34:22.400,3290.6000,9513,-1,457183380.000,4,1,3,多平,S,3290.8000,3288.8000,3288.6000,3288.2000,3287.0000,3291.2000,3291.8000,3292.0000,3292.6000,3292.8000,1,1,1,1,2,1,2,2,2,3
SF,IH2010,2020-09-16 09:34:22.900,3290.8000,9514,1,458170620.000,1,1,0,双开,S,3288.8000,3288.6000,3288.2000,3287.0000,3286.8000,3290.0000,3290.8000,3291.0000,3291.2000,3291.8000,1,1,1,2,1,1,1,2,1,2
SF,IH2010,2020-09-16 09:34:23.400,3290.0000,9513,-1,459157620.000,1,0,1,双平,S,3290.0000,3289.0000,3288.8000,3288.6000,3288.2000,3291.2000,3291.8000,3292.0000,3292.8000,3293.0000,2,2,1,1,1,1,2,2,3,1
SF,IH2010,2020-09-16 09:34:23.900,3290.0000,9513,0,459157620.000,0,-,-,-,-,3290.2000,3290.0000,3288.8000,3288.6000,3288.2000,3290.8000,3291.2000,3291.8000,3292.0000,3292.8000,1,2,1,1,1,1,1,2,2,1
SF,IH2010,2020-09-16 09:34:24.400,3290.0000,9513,0,459157620.000,0,-,-,-,-,3290.2000,3290.0000,3288.8000,3288.6000,3288.2000,3291.0000,3291.2000,3291.8000,3292.0000,3292.8000,1,2,1,1,1,1,1,2,1,1
SF,IH2010,2020-09-16 09:34:24.900,3290.0000,9513,0,459157620.000,0,-,-,-,-,3288.8000,3288.6000,3288.2000,3287.0000,3286.8000,3291.0000,3291.2000,3291.8000,3292.0000,3292.8000,1,1,1,2,1,1,2,2,1,1
SF,IH2010,2020-09-16 09:34:25.400,3290.0000,9513,0,459157620.000,0,-,-,-,-,3289.0000,3288.8000,3288.6000,3288.2000,3287.0000,3290.8000,3291.0000,3291.2000,3291.6000,3291.8000,1,1,1,1,2,1,1,2,1,2
SF,IH2010,2020-09-16 09:34:25.900,3290.0000,9513,0,459157620.000,0,-,-,-,-,3289.0000,3288.8000,3288.6000,3288.2000,3287.0000,3290.8000,3291.0000,3291.2000,3291.6000,3291.8000,1,1,1,1,2,1,1,2,1,2
SF,IH2010,2020-09-16 09:34:26.400,3290.0000,9513,0,459157620.000,0,-,-,-,-,3289.0000,3288.8000,3288.6000,3288.2000,3288.0000,3290.6000,3290.8000,3291.0000,3291.2000,3291.6000,1,2,1,1,1,1,1,1,2,1
SF,IH2010,2020-09-16 09:34:26.900,3290.0000,9513,0,459157620.000,0,-,-,-,-,3289.0000,3288.8000,3288.6000,3288.2000,3288.0000,3290.6000,3290.8000,3291.0000,3291.2000,3291.6000,1,2,1,1,1,1,1,1,1,1
