市场代码,合约代码,时间,最新,持仓,增仓,成交额,成交量,开仓,平仓,成交类型,方向,买一价,买二价,买三价,买四价,买五价,卖一价,卖二价,卖三价,卖四价,卖五价,买一量,买二量,买三量,买四量,买五量,卖一量,卖二量,卖三量,卖四量,卖五量
SF,IH2009,2020-06-15 09:29:00.100,2755.0000,18393,0,19836000.000,24.000,-,-,-,-,2755.0000,2753.6000,2753.4000,2753.0000,2752.8000,2755.6000,2758.6000,2759.0000,2759.6000,2760.0000,23,1,1,1,1,1,1,1,5,2
SF,IH2009,2020-06-15 09:30:00.100,2754.0000,18413,20,43802460.000,29,24,5,空开,S,2753.4000,2753.0000,2752.8000,2752.4000,2752.0000,2754.0000,2754.6000,2754.8000,2755.0000,2755.2000,1,1,1,1,1,7,6,5,4,6
SF,IH2009,2020-06-15 09:30:00.600,2752.4000,18409,-4,57845760.000,17,6,11,多平,S,2752.0000,2751.4000,2751.0000,2750.8000,2750.6000,2753.2000,2753.4000,2754.0000,2754.6000,2754.8000,1,2,2,1,1,1,8,5,4,1
SF,IH2009,2020-06-15 09:30:01.100,2753.4000,18407,-2,60323820.000,3,0,3,多平,S,2753.2000,2752.6000,2752.2000,2752.0000,2751.4000,2753.4000,2754.0000,2754.6000,2754.8000,2755.0000,1,1,6,1,2,6,4,1,1,7
SF,IH2009,2020-06-15 09:30:01.600,2754.0000,18404,-3,66932340.000,8,2,6,多平,S,2753.4000,2752.4000,2752.2000,2752.0000,2751.4000,2754.0000,2755.0000,2755.2000,2758.6000,2758.8000,9,1,4,2,2,2,6,2,1,5
SF,IH2009,2020-06-15 09:30:02.100,2754.0000,18402,-2,71062980.000,5,1,4,多平,S,2754.0000,2753.8000,2753.4000,2752.8000,2752.4000,2755.0000,2755.2000,2758.6000,2759.0000,2760.0000,2,3,13,1,1,5,2,1,1,2
SF,IH2009,2020-06-15 09:30:02.600,2755.0000,18399,-3,75195480.000,5,1,4,多平,S,2755.0000,2754.2000,2754.0000,2753.8000,2753.4000,2755.2000,2758.6000,2759.0000,2760.0000,2761.0000,1,12,2,3,2,2,1,1,2,2
SF,IH2009,2020-06-15 09:30:03.100,2755.2000,18399,0,77675100.000,3,1,2,多换,S,2755.2000,2754.2000,2754.0000,2753.8000,2753.4000,2758.6000,2759.0000,2760.0000,2761.0000,2762.6000,13,1,3,3,1,1,1,2,2,5
SF,IH2009,2020-06-15 09:30:03.600,2756.8000,18398,-1,80155260.000,3,1,2,多平,S,2755.6000,2755.4000,2755.2000,2754.0000,2753.8000,2756.8000,2757.4000,2757.6000,2758.0000,2758.2000,1,1,11,3,3,1,1,1,1,7
SF,IH2009,2020-06-15 09:30:04.100,2756.8000,18398,0,80155260.000,0,-,-,-,-,2755.8000,2755.6000,2755.4000,2754.4000,2754.0000,2757.4000,2757.6000,2758.0000,2758.2000,2758.4000,11,2,1,2,3,1,1,1,7,2
SF,IH2009,2020-06-15 09:30:04.600,2755.8000,18396,-2,84289080.000,5,1,4,多平,S,2755.8000,2755.6000,2754.0000,2753.8000,2753.4000,2757.4000,2757.6000,2758.0000,2758.2000,2758.4000,8,1,3,3,1,2,1,1,7,2
SF,IH2009,2020-06-15 09:30:05.100,2756.6000,18396,0,85942800.000,2,1,1,多换,S,2756.0000,2755.8000,2755.6000,2755.4000,2755.2000,2757.2000,2757.4000,2757.6000,2758.0000,2758.2000,3,5,1,1,1,1,2,1,1,7
SF,IH2009,2020-06-15 09:30:05.600,2756.0000,18396,0,89250000.000,4,2,2,多换,S,2756.2000,2755.6000,2755.4000,2755.2000,2754.0000,2756.6000,2757.0000,2757.2000,2757.4000,2757.6000,4,1,1,1,3,1,6,1,3,1
SF,IH2009,2020-06-15 09:30:06.100,2756.0000,18396,0,93384240.000,5,2,3,多换,S,2756.0000,2755.6000,2755.4000,2755.2000,2754.0000,2756.6000,2757.0000,2757.2000,2757.4000,2757.6000,9,1,1,1,3,2,6,1,3,1
SF,IH2009,2020-06-15 09:30:06.600,2756.4000,18397,1,95038080.000,2,1,1,空开,S,2756.0000,2755.6000,2755.4000,2755.2000,2754.0000,2756.4000,2757.2000,2757.4000,2757.6000,2758.4000,9,1,1,1,2,6,1,2,1,1
SF,IH2009,2020-06-15 09:30:07.100,2756.4000,18397,0,95038080.000,0,-,-,-,-,2756.0000,2755.6000,2755.4000,2755.2000,2754.0000,2757.4000,2757.6000,2758.4000,2758.6000,2759.0000,9,1,1,1,2,2,1,1,2,1
SF,IH2009,2020-06-15 09:30:07.600,2756.4000,18397,0,95038080.000,0,-,-,-,-,2756.2000,2756.0000,2755.6000,2755.4000,2755.2000,2756.6000,2757.0000,2757.4000,2757.6000,2758.4000,1,9,1,1,1,1,6,2,1,1
SF,IH2009,2020-06-15 09:30:08.100,2756.2000,18396,-1,95864940.000,1,0,1,双平,S,2756.0000,2755.6000,2755.4000,2755.2000,2754.0000,2756.6000,2757.0000,2757.4000,2757.6000,2758.4000,9,1,1,1,2,2,6,3,1,1
SF,IH2009,2020-06-15 09:30:08.600,2756.2000,18396,0,95864940.000,0,-,-,-,-,2756.4000,2756.2000,2756.0000,2755.6000,2755.4000,2756.6000,2757.0000,2757.4000,2757.6000,2758.4000,1,1,9,1,1,2,6,3,1,1
SF,IH2009,2020-06-15 09:30:09.100,2756.4000,18396,0,96691860.000,1,0,1,多换,S,2756.2000,2755.6000,2755.4000,2755.2000,2754.0000,2756.6000,2757.0000,2757.4000,2757.6000,2758.4000,1,1,1,1,1,1,6,3,1,1
SF,IH2009,2020-06-15 09:30:09.600,2757.0000,18393,-3,101654220.000,6,1,5,多平,S,2756.6000,2756.2000,2755.6000,2755.4000,2755.2000,2757.0000,2757.4000,2757.6000,2758.4000,2758.6000,1,1,1,1,1,2,3,1,1,2
SF,IH2009,2020-06-15 09:30:10.100,2757.0000,18393,0,101654220.000,0,-,-,-,-,2756.6000,2756.2000,2755.6000,2755.4000,2755.2000,2757.6000,2758.4000,2758.6000,2759.0000,2760.0000,16,1,1,1,1,1,1,2,1,2
SF,IH2009,2020-06-15 09:30:10.600,2756.6000,18392,-1,102481200.000,1,0,1,双平,S,2757.0000,2756.8000,2756.6000,2756.4000,2756.2000,2757.4000,2757.6000,2758.4000,2758.6000,2759.0000,1,1,15,9,1,1,3,1,2,1
SF,IH2009,2020-06-15 09:30:11.100,2757.6000,18388,-4,105790260.000,4,0,4,双平,S,2757.4000,2757.0000,2756.8000,2756.6000,2756.2000,2758.4000,2758.6000,2759.0000,2760.0000,2762.6000,1,1,1,16,1,1,2,1,2,5
SF,IH2009,2020-06-15 09:30:11.600,2758.0000,18386,-2,107445060.000,2,0,2,双平,S,2757.0000,2756.8000,2756.6000,2756.2000,2755.6000,2758.0000,2758.4000,2758.6000,2759.0000,2760.0000,2,1,16,1,1,2,1,2,1,2
SF,IH2009,2020-06-15 09:30:12.100,2758.0000,18386,0,107445060.000,0,-,-,-,-,2757.2000,2757.0000,2756.6000,2756.2000,2755.6000,2757.8000,2758.0000,2758.4000,2758.6000,2759.0000,1,2,16,1,1,1,1,1,2,1
SF,IH2009,2020-06-15 09:30:12.600,2757.6000,18385,-1,109099740.000,2,0,2,多平,S,2757.6000,2757.2000,2757.0000,2756.6000,2756.2000,2758.0000,2758.6000,2759.0000,2760.0000,2762.6000,8,1,2,16,1,1,2,1,2,5
SF,IH2009,2020-06-15 09:30:13.100,2757.8000,18384,-1,110754480.000,2,0,2,多平,S,2757.6000,2757.2000,2757.0000,2756.6000,2756.2000,2758.6000,2759.0000,2760.0000,2762.6000,2763.0000,8,1,2,16,1,2,1,2,5,1
SF,IH2009,2020-06-15 09:30:13.600,2757.8000,18383,-1,111581820.000,1,0,1,双平,S,2757.8000,2757.6000,2757.0000,2756.6000,2756.2000,2758.6000,2759.0000,2760.0000,2762.6000,2763.0000,1,8,2,16,1,2,1,2,5,1
SF,IH2009,2020-06-15 09:30:14.100,2758.6000,18381,-2,113236980.000,2,0,2,双平,S,2758.6000,2757.8000,2757.0000,2756.6000,2756.2000,2759.0000,2760.0000,2762.6000,2763.0000,2763.8000,7,2,2,16,1,1,2,5,1,1
SF,IH2009,2020-06-15 09:30:14.600,2758.6000,18376,-5,117375060.000,5,0,5,双平,S,2758.6000,2757.8000,2757.0000,2756.6000,2756.2000,2760.0000,2762.6000,2763.0000,2763.8000,2764.0000,5,2,2,16,1,2,5,1,1,1
SF,IH2009,2020-06-15 09:30:15.100,2758.6000,18376,0,117375060.000,0,-,-,-,-,2758.8000,2758.6000,2757.0000,2756.6000,2756.2000,2760.0000,2762.6000,2763.0000,2763.8000,2764.0000,2,5,2,16,1,2,5,1,1,1
SF,IH2009,2020-06-15 09:30:15.600,2758.6000,18376,0,118202640.000,1,0,1,多换,S,2758.8000,2758.6000,2757.8000,2757.0000,2756.6000,2760.0000,2762.6000,2763.0000,2763.8000,2764.0000,2,6,10,2,16,2,5,1,1,1
SF,IH2009,2020-06-15 09:30:16.100,2758.6000,18376,0,118202640.000,0,-,-,-,-,2758.8000,2758.6000,2757.8000,2757.0000,2756.6000,2760.0000,2762.6000,2763.0000,2763.8000,2764.0000,2,6,10,2,16,2,5,1,1,1
SF,IH2009,2020-06-15 09:30:16.600,2758.6000,18376,0,118202640.000,0,-,-,-,-,2758.8000,2758.6000,2757.8000,2757.0000,2756.6000,2760.0000,2762.6000,2763.0000,2763.8000,2764.0000,2,7,10,1,16,2,5,1,1,1
SF,IH2009,2020-06-15 09:30:17.100,2758.6000,18376,0,118202640.000,0,-,-,-,-,2758.8000,2758.6000,2757.8000,2757.0000,2756.6000,2760.0000,2762.6000,2763.0000,2763.8000,2764.0000,2,7,10,1,16,2,5,1,1,1
SF,IH2009,2020-06-15 09:30:17.600,2760.0000,18374,-2,119858640.000,2,0,2,双平,S,2759.6000,2758.8000,2758.6000,2757.8000,2757.0000,2763.0000,2763.8000,2764.0000,2765.4000,2766.0000,1,2,7,10,1,1,1,1,1,1
SF,IH2009,2020-06-15 09:30:18.100,2762.6000,18373,-1,120687420.000,1,0,1,双平,S,2760.0000,2759.8000,2758.6000,2757.8000,2757.0000,2762.8000,2763.0000,2763.8000,2764.0000,2765.4000,1,2,7,10,1,1,7,1,1,1
SF,IH2009,2020-06-15 09:30:18.600,2762.6000,18373,0,120687420.000,0,-,-,-,-,2760.2000,2760.0000,2759.8000,2758.6000,2757.8000,2762.6000,2762.8000,2763.0000,2763.8000,2764.0000,2,1,1,7,10,1,2,7,1,1
SF,IH2009,2020-06-15 09:30:19.100,2762.6000,18372,-1,121516200.000,1,0,1,双平,S,2760.4000,2760.2000,2760.0000,2759.8000,2758.6000,2762.4000,2762.6000,2763.0000,2763.8000,2764.0000,1,2,1,1,7,4,1,7,1,1
SF,IH2009,2020-06-15 09:30:19.600,2762.6000,18372,0,121516200.000,0,-,-,-,-,2760.6000,2760.4000,2760.2000,2760.0000,2759.8000,2762.4000,2762.6000,2763.0000,2763.8000,2764.0000,1,1,1,1,1,4,1,6,1,1
SF,IH2009,2020-06-15 09:30:20.100,2762.6000,18372,0,121516200.000,0,-,-,-,-,2761.0000,2760.8000,2760.6000,2760.4000,2760.0000,2762.4000,2763.0000,2763.8000,2764.0000,2765.4000,1,1,1,1,1,4,6,1,1,1
SF,IH2009,2020-06-15 09:30:20.600,2762.6000,18372,0,121516200.000,0,-,-,-,-,2761.0000,2760.8000,2760.6000,2760.4000,2760.0000,2762.2000,2762.4000,2763.0000,2763.8000,2764.0000,1,1,1,1,1,2,4,6,1,1
SF,IH2009,2020-06-15 09:30:21.100,2761.0000,18372,0,122344500.000,1,0,1,多换,S,2761.2000,2760.8000,2760.4000,2760.0000,2759.8000,2762.0000,2762.2000,2762.4000,2763.0000,2763.8000,1,1,1,1,1,2,2,4,5,1
SF,IH2009,2020-06-15 09:30:21.600,2761.0000,18371,-1,123172800.000,1,0,1,双平,S,2760.8000,2760.4000,2760.0000,2759.8000,2758.6000,2761.2000,2761.4000,2761.8000,2762.0000,2762.2000,1,1,1,1,7,1,1,1,2,1
SF,IH2009,2020-06-15 09:30:22.100,2761.0000,18371,0,123172800.000,0,-,-,-,-,2760.8000,2760.4000,2760.0000,2759.8000,2758.6000,2761.0000,2761.2000,2761.8000,2762.0000,2762.4000,1,1,1,1,7,1,2,1,2,1
SF,IH2009,2020-06-15 09:30:22.600,2760.8000,18370,-1,124001040.000,1,0,1,双平,S,2760.4000,2760.0000,2759.8000,2758.6000,2757.8000,2761.0000,2761.2000,2761.8000,2762.0000,2762.4000,1,1,1,7,10,2,2,1,2,1
SF,IH2009,2020-06-15 09:30:23.100,2757.8000,18364,-6,136414860.000,15,4,11,多平,S,2757.8000,2757.0000,2756.6000,2756.2000,2755.6000,2760.8000,2761.0000,2761.2000,2761.8000,2762.0000,5,1,12,1,1,1,2,1,1,2
SF,IH2009,2020-06-15 09:30:23.600,2760.8000,18364,0,138071280.000,2,1,1,多换,S,2758.0000,2757.8000,2757.6000,2757.0000,2756.6000,2761.0000,2761.2000,2761.8000,2762.0000,2762.4000,5,5,1,1,12,1,1,1,2,1
SF,IH2009,2020-06-15 09:30:24.100,2761.0000,18363,-1,138899580.000,1,0,1,双平,S,2758.2000,2758.0000,2757.8000,2757.6000,2757.0000,2760.8000,2761.0000,2761.2000,2761.8000,2762.0000,2,5,5,1,1,1,1,1,1,2
SF,IH2009,2020-06-15 09:30:24.600,2761.0000,18364,1,139727880.000,1,1,0,双开,S,2758.2000,2758.0000,2757.8000,2757.0000,2756.6000,2760.6000,2760.8000,2761.2000,2761.8000,2762.0000,2,1,5,1,12,2,2,1,1,2
SF,IH2009,2020-06-15 09:30:25.100,2760.4000,18361,-3,143038260.000,4,0,4,多平,S,2758.4000,2757.8000,2757.2000,2757.0000,2756.6000,2760.6000,2760.8000,2761.0000,2761.2000,2761.8000,1,5,1,1,12,2,1,1,1,1
SF,IH2009,2020-06-15 09:30:25.600,2758.4000,18361,0,143865780.000,1,0,1,多换,S,2757.8000,2757.2000,2757.0000,2756.6000,2756.2000,2758.0000,2760.4000,2760.6000,2761.0000,2761.8000,5,1,1,12,1,3,3,3,1,1
SF,IH2009,2020-06-15 09:30:26.100,2758.0000,18357,-4,147175380.000,4,0,4,双平,S,2758.0000,2757.8000,2757.0000,2756.6000,2756.2000,2760.0000,2760.2000,2760.4000,2760.6000,2761.0000,2,5,1,12,1,20,1,3,2,1
SF,IH2009,2020-06-15 09:30:26.600,2759.8000,18356,-1,148830720.000,2,0,2,多平,S,2758.0000,2757.8000,2757.0000,2756.6000,2756.2000,2759.8000,2760.0000,2760.4000,2761.0000,2761.8000,1,5,1,12,1,3,21,1,1,1
SF,IH2009,2020-06-15 09:30:27.100,2759.8000,18356,0,148830720.000,0,-,-,-,-,2758.0000,2757.8000,2757.0000,2756.6000,2756.2000,2758.4000,2759.6000,2759.8000,2760.0000,2760.4000,1,5,1,12,1,3,2,3,20,1
SF,IH2009,2020-06-15 09:30:27.600,2758.4000,18354,-2,151313280.000,3,0,3,多平,S,2758.4000,2758.0000,2757.8000,2757.0000,2756.6000,2759.6000,2759.8000,2760.0000,2760.4000,2761.8000,1,2,5,1,12,2,1,20,1,1
SF,IH2009,2020-06-15 09:30:28.100,2758.4000,18354,0,151313280.000,0,-,-,-,-,2758.4000,2758.0000,2757.8000,2757.0000,2756.6000,2759.4000,2759.6000,2759.8000,2760.0000,2760.4000,1,2,5,1,12,1,1,1,20,1
SF,IH2009,2020-06-15 09:30:28.600,2758.4000,18354,0,152140800.000,1,0,1,多换,S,2758.0000,2757.8000,2757.0000,2756.6000,2756.2000,2759.4000,2759.6000,2759.8000,2760.0000,2760.4000,2,5,1,12,2,2,1,1,20,1
SF,IH2009,2020-06-15 09:30:29.100,2759.4000,18354,0,152968620.000,1,0,1,多换,S,2759.6000,2758.0000,2757.8000,2757.0000,2756.6000,2759.8000,2760.0000,2760.4000,2760.6000,2761.8000,1,2,5,1,12,1,20,1,1,1
SF,IH2009,2020-06-15 09:30:29.600,2758.0000,18353,-1,154623900.000,2,0,2,多平,S,2758.0000,2757.8000,2757.0000,2756.6000,2756.2000,2759.4000,2759.6000,2760.0000,2760.4000,2760.6000,2,5,1,12,2,1,4,20,1,1
SF,IH2009,2020-06-15 09:30:30.100,2758.0000,18353,0,154623900.000,0,-,-,-,-,2758.0000,2757.8000,2757.0000,2756.6000,2756.2000,2759.2000,2759.4000,2759.6000,2760.0000,2760.4000,2,5,1,12,2,1,1,4,20,1
SF,IH2009,2020-06-15 09:30:30.600,2759.2000,18352,-1,155451660.000,1,0,1,双平,S,2758.0000,2757.8000,2757.0000,2756.6000,2756.2000,2759.4000,2759.6000,2760.0000,2760.4000,2760.6000,2,5,1,12,2,1,1,20,1,1
SF,IH2009,2020-06-15 09:30:31.100,2759.4000,18351,-1,156279480.000,1,0,1,双平,S,2758.8000,2758.0000,2757.8000,2757.0000,2756.6000,2759.6000,2760.0000,2760.4000,2760.6000,2761.8000,1,3,5,1,12,1,20,1,1,1
SF,IH2009,2020-06-15 09:30:31.600,2759.4000,18351,0,156279480.000,0,-,-,-,-,2758.0000,2757.8000,2757.0000,2756.6000,2756.2000,2759.4000,2759.6000,2760.0000,2760.4000,2760.6000,3,5,1,12,2,1,1,20,1,1
SF,IH2009,2020-06-15 09:30:32.100,2759.4000,18351,0,156279480.000,0,-,-,-,-,2758.0000,2757.8000,2757.0000,2756.6000,2756.2000,2759.4000,2759.6000,2760.0000,2760.4000,2761.8000,2,5,1,12,2,1,1,20,1,1
SF,IH2009,2020-06-15 09:30:33.100,2759.4000,18351,0,156279480.000,0,-,-,-,-,2758.0000,2757.8000,2757.0000,2756.6000,2756.2000,2759.2000,2759.6000,2760.0000,2760.4000,2761.8000,2,5,1,12,2,3,1,20,1,1
SF,IH2009,2020-06-15 09:30:33.600,2759.4000,18351,0,156279480.000,0,-,-,-,-,2758.0000,2757.8000,2757.0000,2756.6000,2756.2000,2759.0000,2759.2000,2759.6000,2760.0000,2760.4000,2,5,1,12,2,2,3,1,20,1
SF,IH2009,2020-06-15 09:30:34.600,2759.2000,18350,-1,157107240.000,1,0,1,双平,S,2758.0000,2757.8000,2757.0000,2756.6000,2756.2000,2759.0000,2759.2000,2759.6000,2760.0000,2760.4000,2,5,1,12,1,1,3,1,20,1
SF,IH2009,2020-06-15 09:30:35.100,2759.2000,18350,0,157107240.000,0,-,-,-,-,2758.0000,2757.8000,2757.0000,2756.6000,2756.2000,2758.8000,2759.0000,2759.2000,2759.6000,2760.0000,2,5,1,12,1,2,1,3,1,20
SF,IH2009,2020-06-15 09:30:35.600,2759.2000,18349,-1,157935000.000,1,0,1,双平,S,2758.0000,2757.8000,2757.0000,2756.6000,2756.2000,2758.8000,2759.2000,2759.6000,2760.0000,2761.8000,2,5,1,12,1,1,3,1,20,1
SF,IH2009,2020-06-15 09:30:36.100,2758.8000,18347,-2,159590340.000,2,0,2,双平,S,2758.0000,2757.8000,2757.0000,2756.6000,2756.2000,2759.2000,2759.6000,2760.0000,2761.8000,2762.0000,2,5,1,12,1,3,1,20,1,1
SF,IH2009,2020-06-15 09:30:37.600,2758.8000,18347,0,159590340.000,0,-,-,-,-,2758.0000,2757.8000,2757.0000,2756.6000,2756.2000,2759.0000,2759.2000,2759.6000,2760.0000,2761.8000,2,5,1,12,1,1,3,1,20,1
SF,IH2009,2020-06-15 09:30:38.100,2758.8000,18347,0,160417980.000,1,0,1,多换,S,2758.0000,2757.8000,2757.0000,2756.6000,2756.2000,2758.8000,2759.0000,2759.6000,2760.0000,2761.8000,2,5,1,12,1,3,1,1,20,1
SF,IH2009,2020-06-15 09:30:38.600,2758.8000,18347,0,161245620.000,1,0,1,多换,S,2758.0000,2757.8000,2757.0000,2756.6000,2756.2000,2758.8000,2759.0000,2759.6000,2760.0000,2761.8000,2,6,1,12,1,2,1,1,20,1
SF,IH2009,2020-06-15 09:30:39.100,2758.8000,18347,0,162073260.000,1,0,1,多换,S,2758.0000,2757.8000,2757.0000,2756.6000,2756.2000,2758.8000,2759.0000,2759.6000,2760.0000,2761.8000,2,6,1,12,1,2,1,1,20,1
SF,IH2009,2020-06-15 09:30:39.600,2758.8000,18347,0,162073260.000,0,-,-,-,-,2758.2000,2758.0000,2757.8000,2757.0000,2756.6000,2758.8000,2760.0000,2761.8000,2762.0000,2762.4000,3,2,6,1,12,2,20,1,1,1
SF,IH2009,2020-06-15 09:30:40.100,2758.8000,18347,0,162073260.000,0,-,-,-,-,2758.2000,2758.0000,2757.8000,2757.0000,2756.6000,2758.6000,2758.8000,2760.0000,2761.8000,2762.0000,3,2,6,1,12,1,1,20,1,1
SF,IH2009,2020-06-15 09:30:40.600,2758.4000,18345,-2,163728360.000,2,0,2,双平,S,2758.2000,2758.0000,2757.8000,2757.0000,2756.6000,2758.8000,2760.0000,2761.8000,2762.0000,2762.4000,1,2,6,1,12,1,20,1,1,1
SF,IH2009,2020-06-15 09:30:41.100,2758.4000,18345,0,163728360.000,0,-,-,-,-,2758.0000,2757.8000,2757.0000,2756.6000,2756.2000,2758.6000,2758.8000,2760.0000,2761.8000,2762.0000,2,6,1,12,1,1,1,20,1,1
SF,IH2009,2020-06-15 09:30:41.600,2758.0000,18343,-2,165383160.000,2,0,2,双平,S,2757.8000,2757.0000,2756.6000,2756.2000,2755.2000,2758.0000,2758.6000,2758.8000,2760.0000,2760.6000,6,1,12,1,1,1,1,1,20,1
SF,IH2009,2020-06-15 09:30:42.100,2757.8000,18343,0,168692520.000,4,2,2,多换,S,2757.8000,2757.0000,2756.6000,2756.2000,2755.2000,2758.0000,2758.8000,2759.8000,2760.0000,2760.6000,2,1,12,1,1,1,1,1,20,1
SF,IH2009,2020-06-15 09:30:42.600,2757.8000,18343,0,170347200.000,2,1,1,多换,S,2757.0000,2756.6000,2756.2000,2755.2000,2755.0000,2758.0000,2758.8000,2759.8000,2760.0000,2760.6000,1,12,1,1,2,1,1,1,20,1
SF,IH2009,2020-06-15 09:30:43.100,2757.8000,18343,0,170347200.000,0,-,-,-,-,2757.0000,2756.6000,2756.2000,2755.2000,2755.0000,2758.0000,2758.8000,2759.8000,2760.0000,2760.6000,1,12,1,1,2,1,1,1,20,1
SF,IH2009,2020-06-15 09:30:43.600,2757.8000,18343,0,170347200.000,0,-,-,-,-,2757.0000,2756.6000,2756.2000,2755.2000,2755.0000,2758.0000,2758.8000,2759.8000,2760.0000,2760.6000,2,12,1,1,2,1,1,1,20,1
SF,IH2009,2020-06-15 09:30:44.100,2758.0000,18342,-1,171174600.000,1,0,1,双平,S,2757.0000,2756.6000,2756.2000,2755.2000,2755.0000,2758.8000,2760.0000,2760.6000,2761.8000,2762.0000,1,11,1,1,2,1,20,1,1,1
SF,IH2009,2020-06-15 09:30:44.600,2758.0000,18342,0,171174600.000,0,-,-,-,-,2757.0000,2756.6000,2756.2000,2755.2000,2755.0000,2758.0000,2758.6000,2758.8000,2760.0000,2760.6000,1,11,1,1,2,2,2,2,20,1
SF,IH2009,2020-06-15 09:30:45.100,2758.0000,18342,0,171174600.000,0,-,-,-,-,2757.0000,2756.6000,2756.2000,2755.2000,2755.0000,2757.8000,2758.0000,2758.6000,2758.8000,2760.6000,1,11,1,1,2,1,2,2,1,1
SF,IH2009,2020-06-15 09:30:45.600,2758.0000,18342,0,171174600.000,0,-,-,-,-,2757.0000,2756.6000,2756.2000,2755.2000,2755.0000,2758.0000,2758.6000,2758.8000,2760.6000,2761.8000,1,11,1,1,2,2,1,1,1,1
SF,IH2009,2020-06-15 09:30:46.100,2758.0000,18341,-1,172002000.000,1,0,1,双平,S,2757.0000,2756.6000,2756.2000,2755.2000,2755.0000,2757.8000,2758.0000,2758.6000,2758.8000,2760.6000,1,11,1,1,2,2,2,1,1,1
SF,IH2009,2020-06-15 09:30:46.600,2758.0000,18341,0,172002000.000,0,-,-,-,-,2757.2000,2757.0000,2756.6000,2756.2000,2755.2000,2757.8000,2758.0000,2758.6000,2758.8000,2760.6000,1,2,11,1,1,2,2,1,1,1
SF,IH2009,2020-06-15 09:30:47.600,2757.2000,18339,-2,173656500.000,2,0,2,双平,S,2757.0000,2756.6000,2756.2000,2755.2000,2755.0000,2757.8000,2758.0000,2758.6000,2758.8000,2760.6000,2,11,1,1,2,1,2,1,1,1
SF,IH2009,2020-06-15 09:30:48.100,2757.2000,18339,0,173656500.000,0,-,-,-,-,2757.0000,2756.6000,2756.2000,2755.2000,2755.0000,2757.2000,2757.8000,2758.0000,2758.6000,2758.8000,2,11,1,1,2,1,1,2,1,1
SF,IH2009,2020-06-15 09:30:49.100,2757.0000,18339,0,174483600.000,1,0,1,多换,S,2757.0000,2756.6000,2756.2000,2755.2000,2755.0000,2757.2000,2757.8000,2758.0000,2758.6000,2758.8000,1,11,1,1,2,1,1,2,1,1
SF,IH2009,2020-06-15 09:30:49.600,2757.0000,18339,0,174483600.000,0,-,-,-,-,2756.6000,2756.2000,2755.2000,2755.0000,2753.4000,2757.2000,2757.8000,2758.0000,2758.6000,2758.8000,11,1,1,2,1,1,1,2,1,1
SF,IH2009,2020-06-15 09:30:50.100,2757.0000,18339,0,174483600.000,0,-,-,-,-,2756.8000,2756.6000,2756.2000,2755.2000,2755.0000,2757.2000,2757.8000,2758.0000,2758.6000,2758.8000,1,11,1,1,2,1,1,2,1,1
SF,IH2009,2020-06-15 09:30:50.600,2756.8000,18338,-1,175310640.000,1,0,1,双平,S,2756.6000,2756.2000,2755.2000,2755.0000,2753.4000,2757.2000,2757.8000,2758.0000,2758.6000,2758.8000,11,1,1,2,1,1,1,2,1,1
SF,IH2009,2020-06-15 09:30:51.100,2756.6000,18338,0,181099500.000,7,3,4,多换,S,2756.6000,2756.2000,2755.2000,2755.0000,2753.4000,2757.2000,2757.8000,2758.0000,2758.6000,2758.8000,4,1,1,2,1,1,1,2,1,1
SF,IH2009,2020-06-15 09:30:51.600,2756.6000,18338,0,181099500.000,0,-,-,-,-,2756.6000,2756.2000,2755.2000,2755.0000,2753.2000,2757.0000,2757.2000,2757.8000,2758.0000,2758.6000,4,1,1,2,2,10,1,1,2,1
SF,IH2009,2020-06-15 09:30:52.100,2756.6000,18338,0,182753460.000,2,1,1,多换,S,2756.6000,2756.2000,2755.2000,2755.0000,2753.2000,2757.0000,2757.2000,2757.8000,2758.0000,2758.6000,2,1,1,2,2,10,1,1,2,1
SF,IH2009,2020-06-15 09:30:52.600,2756.6000,18336,-2,185234400.000,3,0,3,多平,S,2756.2000,2755.2000,2755.0000,2753.2000,2753.0000,2756.6000,2757.0000,2757.2000,2757.8000,2758.6000,1,1,2,2,2,1,10,1,1,1
SF,IH2009,2020-06-15 09:30:53.100,2756.6000,18336,0,185234400.000,0,-,-,-,-,2756.2000,2755.2000,2755.0000,2753.2000,2753.0000,2756.4000,2756.6000,2757.0000,2757.2000,2757.8000,1,1,2,2,2,1,1,12,1,1
SF,IH2009,2020-06-15 09:30:53.600,2756.6000,18336,0,185234400.000,0,-,-,-,-,2756.2000,2755.2000,2755.0000,2753.2000,2753.0000,2756.4000,2756.6000,2757.0000,2757.8000,2758.6000,1,1,2,2,2,1,2,12,1,1
SF,IH2009,2020-06-15 09:30:54.100,2756.6000,18335,-1,186888300.000,2,0,2,多平,S,2756.4000,2756.2000,2755.2000,2755.0000,2753.2000,2757.0000,2757.8000,2758.6000,2759.8000,2760.6000,1,1,1,2,2,12,1,1,1,1
SF,IH2009,2020-06-15 09:30:54.600,2757.0000,18334,-1,187715400.000,1,0,1,双平,S,2756.4000,2756.2000,2755.2000,2755.0000,2753.2000,2757.0000,2757.8000,2758.6000,2759.8000,2760.6000,2,1,1,2,2,11,1,1,1,1
SF,IH2009,2020-06-15 09:30:55.100,2756.2000,18332,-2,190196100.000,3,0,3,多平,S,2755.2000,2755.0000,2753.2000,2753.0000,2752.8000,2756.4000,2756.8000,2757.0000,2757.8000,2758.6000,1,2,2,2,1,1,1,11,1,1
SF,IH2009,2020-06-15 09:30:55.600,2756.2000,18332,0,190196100.000,0,-,-,-,-,2755.2000,2755.0000,2753.2000,2753.0000,2752.8000,2756.4000,2757.0000,2757.8000,2758.6000,2759.8000,2,2,2,2,1,1,11,1,1,1
SF,IH2009,2020-06-15 09:30:56.100,2756.4000,18331,-1,191023020.000,1,0,1,双平,S,2755.4000,2755.2000,2755.0000,2753.2000,2753.0000,2757.0000,2757.8000,2758.6000,2759.8000,2760.6000,1,3,2,2,2,11,1,1,1,1
SF,IH2009,2020-06-15 09:30:56.600,2756.4000,18331,0,191023020.000,0,-,-,-,-,2755.4000,2755.2000,2755.0000,2753.2000,2753.0000,2757.0000,2757.8000,2758.0000,2758.6000,2759.8000,3,2,2,2,2,11,1,1,1,1
SF,IH2009,2020-06-15 09:30:57.100,2757.0000,18331,0,191850120.000,1,0,1,多换,S,2755.6000,2755.4000,2755.2000,2755.0000,2753.2000,2756.4000,2757.0000,2757.8000,2758.0000,2758.6000,1,2,2,2,2,1,10,1,1,1
SF,IH2009,2020-06-15 09:30:57.600,2756.4000,18329,-2,193503960.000,2,0,2,双平,S,2756.4000,2755.8000,2755.6000,2755.4000,2755.2000,2757.0000,2757.8000,2758.0000,2758.6000,2759.8000,1,1,1,1,2,10,1,1,1,1
SF,IH2009,2020-06-15 09:30:58.100,2757.0000,18329,0,195158160.000,2,1,1,多换,S,2756.4000,2755.8000,2755.6000,2755.2000,2755.0000,2757.0000,2757.8000,2758.0000,2758.6000,2759.8000,1,2,1,2,2,9,1,1,1,1
SF,IH2009,2020-06-15 09:30:58.600,2757.0000,18329,0,195158160.000,0,-,-,-,-,2756.4000,2755.8000,2755.6000,2755.2000,2755.0000,2757.0000,2757.8000,2758.0000,2758.6000,2759.8000,1,1,1,2,2,7,1,1,1,1
SF,IH2009,2020-06-15 09:30:59.100,2756.4000,18329,0,195985080.000,1,0,1,多换,S,2755.8000,2755.2000,2755.0000,2753.2000,2753.0000,2756.0000,2757.0000,2757.8000,2758.0000,2759.0000,1,2,2,2,2,1,7,1,1,1
SF,IH2009,2020-06-15 09:30:59.600,2756.0000,18328,-1,196811880.000,1,0,1,双平,S,2756.2000,2756.0000,2755.8000,2755.2000,2755.0000,2757.0000,2757.8000,2758.0000,2759.0000,2759.8000,7,1,1,2,2,7,1,1,1,1
SF,IH2009,2020-06-15 09:31:00.100,2757.0000,18324,-4,200120280.000,4,0,4,双平,S,2756.4000,2756.2000,2756.0000,2755.8000,2755.2000,2757.0000,2757.8000,2758.0000,2759.0000,2759.8000,1,7,1,1,2,3,1,1,1,1
SF,IH2009,2020-06-15 09:31:00.600,2757.0000,18322,-2,201774480.000,2,0,2,双平,S,2756.4000,2756.2000,2755.8000,2755.2000,2755.0000,2757.0000,2757.8000,2758.0000,2759.0000,2759.8000,1,1,1,2,2,1,1,1,1,1
SF,IH2009,2020-06-15 09:31:01.100,2756.6000,18321,-1,202601460.000,1,0,1,双平,S,2756.6000,2756.4000,2756.2000,2755.8000,2755.2000,2757.0000,2758.0000,2759.0000,2759.8000,2761.8000,1,1,1,1,2,1,1,1,1,1
SF,IH2009,2020-06-15 09:31:02.100,2757.0000,18321,0,203428560.000,1,0,1,多换,S,2757.0000,2756.6000,2756.2000,2755.8000,2755.2000,2758.0000,2759.0000,2759.8000,2761.8000,2762.0000,9,1,1,1,2,1,1,1,1,1
SF,IH2009,2020-06-15 09:31:02.600,2757.0000,18321,0,203428560.000,0,-,-,-,-,2757.0000,2755.2000,2755.0000,2753.2000,2753.0000,2757.8000,2758.0000,2759.0000,2759.8000,2761.8000,9,2,2,2,2,1,2,1,1,1
SF,IH2009,2020-06-15 09:31:03.100,2757.0000,18321,0,203428560.000,0,-,-,-,-,2757.0000,2756.2000,2755.2000,2755.0000,2753.2000,2757.6000,2757.8000,2758.0000,2759.0000,2759.8000,10,1,2,2,2,3,2,1,1,1
SF,IH2009,2020-06-15 09:31:03.600,2757.0000,18321,0,205082760.000,2,1,1,多换,S,2757.2000,2757.0000,2756.2000,2755.2000,2755.0000,2757.6000,2757.8000,2758.0000,2759.0000,2759.8000,1,8,1,2,2,3,2,1,1,1
SF,IH2009,2020-06-15 09:31:04.100,2757.0000,18321,0,205082760.000,0,-,-,-,-,2757.2000,2757.0000,2756.2000,2755.2000,2755.0000,2757.8000,2758.0000,2759.0000,2759.8000,2761.8000,1,8,1,2,2,2,1,1,1,1
SF,IH2009,2020-06-15 09:31:04.600,2757.2000,18320,-1,205909920.000,1,0,1,双平,S,2757.0000,2756.2000,2755.2000,2755.0000,2753.2000,2757.8000,2758.0000,2759.0000,2759.8000,2761.8000,8,1,2,2,2,2,1,1,1,1
SF,IH2009,2020-06-15 09:31:05.100,2757.2000,18320,0,205909920.000,0,-,-,-,-,2757.0000,2756.2000,2755.2000,2755.0000,2753.2000,2757.8000,2758.0000,2759.0000,2759.8000,2761.8000,8,1,2,2,2,1,1,1,1,1
SF,IH2009,2020-06-15 09:31:05.600,2757.2000,18320,0,205909920.000,0,-,-,-,-,2757.2000,2757.0000,2756.2000,2755.2000,2755.0000,2757.8000,2758.0000,2759.0000,2759.8000,2761.8000,1,8,2,2,2,1,1,1,1,1
SF,IH2009,2020-06-15 09:31:06.100,2757.0000,18320,0,207564120.000,2,1,1,多换,S,2757.0000,2756.2000,2755.2000,2755.0000,2753.2000,2758.0000,2759.0000,2759.8000,2761.8000,2762.0000,6,2,2,2,2,1,1,1,1,1
SF,IH2009,2020-06-15 09:31:06.600,2757.0000,18320,0,207564120.000,0,-,-,-,-,2757.2000,2757.0000,2756.2000,2755.2000,2755.0000,2758.0000,2759.0000,2759.8000,2761.8000,2762.0000,2,6,2,2,2,1,1,1,1,1
SF,IH2009,2020-06-15 09:31:07.100,2758.0000,18319,-1,208391520.000,1,0,1,双平,S,2758.0000,2757.4000,2757.2000,2757.0000,2756.2000,2759.0000,2759.8000,2761.8000,2762.0000,2762.4000,2,1,2,6,2,1,1,1,1,1
SF,IH2009,2020-06-15 09:31:07.600,2759.0000,18317,-2,210046860.000,2,0,2,双平,S,2758.0000,2757.4000,2757.2000,2757.0000,2756.8000,2759.8000,2761.8000,2762.0000,2762.4000,2763.0000,1,1,2,6,1,1,1,1,1,5
SF,IH2009,2020-06-15 09:31:08.100,2759.0000,18317,0,210046860.000,0,-,-,-,-,2758.2000,2758.0000,2757.2000,2757.0000,2756.8000,2759.6000,2759.8000,2761.8000,2762.0000,2762.4000,3,3,1,6,1,2,1,1,1,1
SF,IH2009,2020-06-15 09:31:08.600,2759.0000,18317,0,210046860.000,0,-,-,-,-,2758.2000,2758.0000,2757.2000,2757.0000,2756.8000,2759.4000,2759.6000,2759.8000,2761.8000,2762.0000,3,2,1,6,1,2,2,1,1,1
SF,IH2009,2020-06-15 09:31:09.100,2759.0000,18317,0,210046860.000,0,-,-,-,-,2758.4000,2758.2000,2758.0000,2757.4000,2757.2000,2759.2000,2759.4000,2759.8000,2761.8000,2762.0000,1,2,3,1,1,1,2,1,1,1
SF,IH2009,2020-06-15 09:31:09.600,2758.2000,18314,-3,212529300.000,3,0,3,双平,S,2758.0000,2757.4000,2757.2000,2757.0000,2756.8000,2759.2000,2759.4000,2759.8000,2761.8000,2762.0000,3,1,1,5,1,2,2,1,1,1
SF,IH2009,2020-06-15 09:31:10.100,2758.0000,18313,-1,214184100.000,2,0,2,多平,S,2757.4000,2757.2000,2757.0000,2756.8000,2756.2000,2758.2000,2759.0000,2759.2000,2759.4000,2759.8000,1,1,5,1,2,2,3,2,2,1
SF,IH2009,2020-06-15 09:31:10.600,2758.0000,18313,0,214184100.000,0,-,-,-,-,2757.4000,2757.2000,2757.0000,2756.8000,2756.2000,2758.0000,2758.2000,2759.0000,2759.2000,2759.4000,1,1,5,1,2,1,2,2,1,2
SF,IH2009,2020-06-15 09:31:11.100,2758.0000,18313,0,214184100.000,0,-,-,-,-,2758.0000,2757.6000,2757.4000,2757.2000,2757.0000,2759.2000,2759.8000,2761.8000,2762.0000,2762.4000,1,1,1,1,5,2,1,1,1,1
SF,IH2009,2020-06-15 09:31:11.600,2758.0000,18313,0,214184100.000,0,-,-,-,-,2758.0000,2757.6000,2757.4000,2757.2000,2757.0000,2759.0000,2759.2000,2759.8000,2761.8000,2762.0000,1,1,1,1,5,1,2,1,1,1
SF,IH2009,2020-06-15 09:31:12.100,2758.0000,18313,0,215011500.000,1,0,1,多换,S,2757.6000,2757.4000,2757.2000,2757.0000,2756.8000,2759.0000,2759.2000,2759.8000,2760.2000,2761.8000,1,1,1,5,1,1,2,1,1,1
SF,IH2009,2020-06-15 09:31:12.600,2758.0000,18313,0,215011500.000,0,-,-,-,-,2757.6000,2757.4000,2757.2000,2757.0000,2756.8000,2758.8000,2759.0000,2759.2000,2759.8000,2760.2000,1,1,1,5,1,2,1,1,1,1
SF,IH2009,2020-06-15 09:31:13.100,2758.8000,18311,-2,216666780.000,2,0,2,双平,S,2757.8000,2757.6000,2757.4000,2757.2000,2757.0000,2759.2000,2759.8000,2760.2000,2761.8000,2762.0000,1,1,1,1,5,1,1,1,1,1
SF,IH2009,2020-06-15 09:31:13.600,2758.8000,18311,0,216666780.000,0,-,-,-,-,2757.8000,2757.6000,2757.4000,2757.2000,2757.0000,2759.0000,2759.2000,2759.8000,2760.2000,2761.8000,1,1,1,1,5,2,2,1,1,1
SF,IH2009,2020-06-15 09:31:14.600,2759.0000,18310,-1,217494480.000,1,0,1,双平,S,2758.8000,2757.8000,2757.6000,2757.4000,2757.2000,2759.0000,2759.2000,2759.8000,2760.2000,2761.8000,1,1,1,1,1,1,2,1,1,1
SF,IH2009,2020-06-15 09:31:15.100,2758.8000,18309,-1,218322120.000,1,0,1,双平,S,2757.6000,2757.4000,2757.2000,2757.0000,2756.8000,2758.6000,2758.8000,2759.2000,2759.8000,2760.2000,1,1,1,5,1,1,2,2,1,1
SF,IH2009,2020-06-15 09:31:15.600,2758.8000,18309,0,218322120.000,0,-,-,-,-,2757.8000,2757.6000,2757.4000,2757.2000,2757.0000,2758.8000,2759.2000,2759.8000,2760.2000,2761.8000,1,1,1,1,5,2,2,1,1,1
SF,IH2009,2020-06-15 09:31:16.100,2758.8000,18309,0,218322120.000,0,-,-,-,-,2757.6000,2757.4000,2757.2000,2757.0000,2756.8000,2758.8000,2759.2000,2759.4000,2760.2000,2761.8000,1,1,1,5,1,2,2,1,1,1
SF,IH2009,2020-06-15 09:31:17.100,2758.8000,18309,0,218322120.000,0,-,-,-,-,2757.8000,2757.6000,2757.4000,2757.2000,2757.0000,2758.8000,2759.2000,2759.4000,2760.2000,2761.8000,2,1,1,1,5,2,2,1,1,1
SF,IH2009,2020-06-15 09:31:17.600,2758.8000,18309,0,218322120.000,0,-,-,-,-,2758.0000,2757.8000,2757.4000,2757.2000,2757.0000,2759.2000,2759.4000,2760.2000,2761.8000,2762.0000,1,2,1,1,6,1,1,1,1,1
SF,IH2009,2020-06-15 09:31:18.100,2758.8000,18309,0,218322120.000,0,-,-,-,-,2758.2000,2758.0000,2757.8000,2757.4000,2757.2000,2759.0000,2759.2000,2759.4000,2760.2000,2761.8000,1,1,1,1,1,1,1,1,1,1
SF,IH2009,2020-06-15 09:31:18.600,2759.0000,18308,-1,219149820.000,1,0,1,双平,S,2758.0000,2757.8000,2757.4000,2757.2000,2757.0000,2759.2000,2759.4000,2760.2000,2761.8000,2762.0000,1,1,1,2,6,1,1,1,1,1
SF,IH2009,2020-06-15 09:31:19.100,2759.0000,18308,0,219149820.000,0,-,-,-,-,2758.2000,2758.0000,2757.8000,2757.4000,2757.2000,2759.2000,2759.4000,2760.2000,2761.2000,2761.8000,1,1,1,1,2,1,1,1,1,1
SF,IH2009,2020-06-15 09:31:19.600,2759.0000,18308,0,219149820.000,0,-,-,-,-,2758.2000,2758.0000,2757.8000,2757.2000,2757.0000,2759.2000,2759.4000,2760.2000,2761.2000,2761.8000,1,1,1,2,6,1,1,1,1,1
SF,IH2009,2020-06-15 09:31:20.100,2759.0000,18308,0,219149820.000,0,-,-,-,-,2758.4000,2758.2000,2757.8000,2757.2000,2757.0000,2759.2000,2759.4000,2760.2000,2761.2000,2761.8000,1,1,2,2,6,1,1,1,1,1
SF,IH2009,2020-06-15 09:31:20.600,2759.2000,18307,-1,219977580.000,1,0,1,双平,S,2758.4000,2758.2000,2757.8000,2757.2000,2757.0000,2759.4000,2760.2000,2761.2000,2761.8000,2762.0000,1,1,2,2,6,1,1,1,1,2
SF,IH2009,2020-06-15 09:31:21.100,2759.4000,18308,1,220805400.000,1,1,0,双开,S,2758.4000,2758.2000,2757.8000,2757.2000,2757.0000,2760.2000,2761.2000,2761.8000,2762.0000,2762.4000,1,1,2,2,6,1,1,1,2,1
SF,IH2009,2020-06-15 09:31:21.600,2759.4000,18308,0,220805400.000,0,-,-,-,-,2758.6000,2758.4000,2758.2000,2757.8000,2757.2000,2759.6000,2760.0000,2760.2000,2761.2000,2761.8000,2,1,1,2,2,1,1,2,1,1
SF,IH2009,2020-06-15 09:31:22.100,2759.4000,18308,0,220805400.000,0,-,-,-,-,2759.2000,2758.8000,2758.6000,2758.2000,2757.8000,2759.6000,2760.2000,2761.2000,2761.8000,2762.0000,1,1,2,1,2,1,2,1,1,2
SF,IH2009,2020-06-15 09:31:22.600,2759.2000,18307,-1,221633160.000,1,0,1,双平,S,2758.8000,2757.8000,2757.2000,2757.0000,2756.2000,2759.6000,2760.2000,2761.2000,2761.8000,2762.0000,1,1,1,6,2,1,2,1,1,2
SF,IH2009,2020-06-15 09:31:23.100,2759.6000,18312,5,226600140.000,6,5,1,空开,S,2759.6000,2758.8000,2757.8000,2757.2000,2757.0000,2760.2000,2761.2000,2761.8000,2762.0000,2762.4000,4,1,1,1,6,2,1,1,2,1
SF,IH2009,2020-06-15 09:31:23.600,2759.6000,18312,0,229911660.000,4,2,2,多换,S,2758.8000,2758.0000,2757.8000,2757.2000,2757.0000,2759.4000,2760.0000,2760.2000,2761.2000,2761.8000,1,1,1,1,6,1,2,2,1,1
SF,IH2009,2020-06-15 09:31:24.100,2758.8000,18311,-1,230739300.000,1,0,1,双平,S,2758.0000,2757.8000,2757.2000,2757.0000,2756.2000,2759.4000,2760.0000,2760.2000,2761.2000,2761.8000,1,1,1,6,2,2,3,2,1,1
SF,IH2009,2020-06-15 09:31:24.600,2758.8000,18311,0,230739300.000,0,-,-,-,-,2758.2000,2758.0000,2757.8000,2757.2000,2757.0000,2759.4000,2760.0000,2760.2000,2761.2000,2761.8000,1,1,1,1,6,1,3,2,1,1
SF,IH2009,2020-06-15 09:31:25.100,2759.4000,18310,-1,231567120.000,1,0,1,双平,S,2758.2000,2758.0000,2757.8000,2757.2000,2757.0000,2760.2000,2761.2000,2761.8000,2762.0000,2762.4000,2,1,1,1,6,2,1,1,2,1
SF,IH2009,2020-06-15 09:31:25.600,2759.4000,18310,0,231567120.000,0,-,-,-,-,2758.4000,2758.2000,2758.0000,2757.8000,2757.6000,2760.0000,2760.2000,2761.2000,2761.8000,2762.0000,2,2,1,1,1,2,2,1,1,2
SF,IH2009,2020-06-15 09:31:26.100,2759.4000,18310,0,231567120.000,0,-,-,-,-,2758.6000,2758.4000,2758.2000,2758.0000,2757.8000,2760.2000,2761.2000,2761.8000,2762.0000,2762.4000,3,2,1,1,1,2,1,1,2,1
SF,IH2009,2020-06-15 09:31:26.600,2759.4000,18310,0,231567120.000,0,-,-,-,-,2760.0000,2758.8000,2758.6000,2758.4000,2758.2000,2760.2000,2761.2000,2761.8000,2762.0000,2762.4000,2,1,3,1,1,1,1,1,2,1
SF,IH2009,2020-06-15 09:31:27.100,2760.0000,18309,-1,232395120.000,1,0,1,双平,S,2760.0000,2758.6000,2758.4000,2758.2000,2758.0000,2761.2000,2761.8000,2762.0000,2762.4000,2763.0000,1,3,1,1,1,1,1,2,1,5
SF,IH2009,2020-06-15 09:31:27.600,2760.0000,18309,0,232395120.000,0,-,-,-,-,2760.2000,2760.0000,2758.4000,2758.0000,2757.8000,2761.0000,2761.2000,2761.8000,2762.0000,2762.4000,2,1,1,1,1,1,1,1,2,1
SF,IH2009,2020-06-15 09:31:28.100,2760.0000,18309,0,232395120.000,0,-,-,-,-,2760.2000,2760.0000,2759.0000,2758.4000,2758.0000,2761.0000,2761.2000,2761.8000,2762.0000,2762.4000,3,1,1,1,1,3,1,1,2,2
SF,IH2009,2020-06-15 09:31:28.600,2760.0000,18309,0,232395120.000,0,-,-,-,-,2760.2000,2760.0000,2759.0000,2758.4000,2758.0000,2760.8000,2761.0000,2761.2000,2761.8000,2762.0000,3,1,1,1,1,1,2,1,1,2
SF,IH2009,2020-06-15 09:31:29.100,2760.0000,18309,0,232395120.000,0,-,-,-,-,2760.2000,2760.0000,2759.0000,2758.4000,2758.0000,2760.8000,2761.0000,2761.2000,2761.8000,2762.0000,3,1,1,1,1,1,1,1,1,2
SF,IH2009,2020-06-15 09:31:29.600,2760.8000,18308,-1,233223360.000,1,0,1,双平,S,2760.2000,2760.0000,2759.0000,2758.4000,2758.0000,2761.2000,2761.8000,2762.0000,2762.4000,2763.0000,3,1,1,1,2,1,1,2,2,5
SF,IH2009,2020-06-15 09:31:30.100,2760.8000,18308,0,233223360.000,0,-,-,-,-,2760.2000,2760.0000,2759.0000,2758.4000,2758.2000,2761.2000,2761.8000,2762.0000,2762.4000,2763.0000,3,1,1,1,1,2,1,2,1,5
SF,IH2009,2020-06-15 09:31:30.600,2760.8000,18308,0,233223360.000,0,-,-,-,-,2760.8000,2760.2000,2760.0000,2759.0000,2758.4000,2761.2000,2761.8000,2762.0000,2762.4000,2763.0000,1,3,1,1,1,2,1,2,1,5
SF,IH2009,2020-06-15 09:31:31.100,2760.8000,18308,0,234051600.000,1,0,1,多换,S,2760.2000,2760.0000,2759.0000,2758.4000,2758.0000,2761.2000,2761.8000,2762.0000,2762.4000,2763.0000,3,1,1,1,3,2,1,2,1,5
SF,IH2009,2020-06-15 09:31:31.600,2761.2000,18307,-1,234879960.000,1,0,1,双平,S,2760.2000,2760.0000,2759.0000,2758.4000,2758.2000,2761.2000,2761.8000,2762.0000,2762.4000,2763.0000,3,1,1,1,1,1,1,2,1,5
SF,IH2009,2020-06-15 09:31:32.100,2761.2000,18306,-1,235708320.000,1,0,1,双平,S,2761.2000,2760.4000,2760.2000,2760.0000,2759.0000,2761.8000,2762.0000,2762.4000,2763.0000,2763.2000,10,4,3,1,1,1,2,1,5,1
SF,IH2009,2020-06-15 09:31:32.600,2761.2000,18306,0,235708320.000,0,-,-,-,-,2761.4000,2761.2000,2760.4000,2760.2000,2760.0000,2762.0000,2762.4000,2763.0000,2763.2000,2763.8000,1,10,2,3,1,1,1,1,1,1
SF,IH2009,2020-06-15 09:31:33.100,2761.2000,18306,0,235708320.000,0,-,-,-,-,2761.8000,2761.4000,2761.2000,2760.4000,2760.2000,2762.0000,2762.4000,2763.0000,2763.2000,2763.8000,1,1,10,2,3,1,1,1,1,1
SF,IH2009,2020-06-15 09:31:33.600,2762.0000,18305,-1,236536920.000,1,0,1,双平,S,2761.8000,2761.4000,2761.2000,2761.0000,2760.4000,2762.4000,2763.0000,2763.2000,2763.8000,2764.0000,1,1,10,1,2,1,1,1,1,1
SF,IH2009,2020-06-15 09:31:34.100,2762.0000,18305,0,237365520.000,1,0,1,多换,S,2761.8000,2761.4000,2761.2000,2761.0000,2760.4000,2762.4000,2763.0000,2763.2000,2763.8000,2764.0000,1,1,10,1,2,1,1,1,1,1
SF,IH2009,2020-06-15 09:31:34.600,2762.4000,18305,0,238194240.000,1,0,1,多换,S,2761.8000,2761.2000,2761.0000,2760.4000,2760.2000,2763.0000,2763.2000,2763.8000,2764.0000,2766.4000,1,10,1,2,3,1,1,2,1,5
SF,IH2009,2020-06-15 09:31:35.100,2762.4000,18305,0,238194240.000,0,-,-,-,-,2762.0000,2761.8000,2761.2000,2761.0000,2760.4000,2762.8000,2763.0000,2763.2000,2763.8000,2764.0000,1,1,10,1,2,1,2,1,2,1
SF,IH2009,2020-06-15 09:31:35.600,2762.4000,18305,0,238194240.000,0,-,-,-,-,2762.0000,2761.8000,2761.2000,2761.0000,2760.4000,2763.0000,2763.2000,2763.8000,2764.0000,2764.4000,3,1,10,1,2,2,1,2,1,1
SF,IH2009,2020-06-15 09:31:36.100,2762.4000,18305,0,238194240.000,0,-,-,-,-,2762.0000,2761.8000,2761.2000,2761.0000,2760.4000,2763.0000,2763.2000,2763.8000,2764.0000,2764.4000,3,1,10,1,2,1,1,2,1,1
SF,IH2009,2020-06-15 09:31:36.600,2762.4000,18305,0,238194240.000,0,-,-,-,-,2762.0000,2761.8000,2761.2000,2761.0000,2760.4000,2762.8000,2763.0000,2763.2000,2763.8000,2764.0000,2,1,10,1,2,1,1,1,2,1
SF,IH2009,2020-06-15 09:31:37.100,2763.0000,18306,1,241509180.000,4,2,2,空开,S,2762.8000,2761.8000,2761.2000,2761.0000,2760.4000,2763.2000,2763.8000,2764.0000,2764.4000,2766.4000,9,1,10,1,2,1,2,1,1,5
SF,IH2009,2020-06-15 09:31:37.600,2762.8000,18306,0,242338020.000,1,0,1,多换,S,2762.8000,2761.8000,2761.2000,2761.0000,2760.4000,2763.2000,2763.8000,2764.0000,2764.4000,2766.4000,8,1,10,1,2,1,2,1,1,5
SF,IH2009,2020-06-15 09:31:38.100,2762.8000,18306,0,243995700.000,2,1,1,多换,S,2762.8000,2761.8000,2761.2000,2761.0000,2760.2000,2763.0000,2763.2000,2763.8000,2764.0000,2764.4000,7,1,10,1,2,3,1,2,1,1
SF,IH2009,2020-06-15 09:31:38.600,2763.0000,18305,-1,245653440.000,2,0,2,多平,S,2762.8000,2761.8000,2761.2000,2761.0000,2760.2000,2763.0000,2763.2000,2763.8000,2764.0000,2764.4000,6,1,11,1,2,2,1,2,1,1
SF,IH2009,2020-06-15 09:31:39.100,2763.0000,18304,-1,246482340.000,1,0,1,双平,S,2762.8000,2761.8000,2761.4000,2761.2000,2761.0000,2763.2000,2763.8000,2764.0000,2764.4000,2766.4000,6,1,1,11,1,1,2,1,1,5
SF,IH2009,2020-06-15 09:31:39.600,2762.8000,18304,0,252284220.000,7,3,4,多换,S,2761.8000,2761.4000,2761.2000,2761.0000,2760.2000,2762.8000,2763.0000,2763.2000,2763.8000,2764.0000,1,1,11,1,2,2,1,1,2,1
SF,IH2009,2020-06-15 09:31:40.100,2762.8000,18304,0,252284220.000,0,-,-,-,-,2761.8000,2761.4000,2761.2000,2761.0000,2760.6000,2762.6000,2762.8000,2763.2000,2763.8000,2764.0000,1,1,11,1,1,1,1,2,2,1
SF,IH2009,2020-06-15 09:31:40.600,2762.8000,18304,0,252284220.000,0,-,-,-,-,2761.8000,2761.4000,2761.2000,2761.0000,2760.6000,2762.4000,2762.6000,2762.8000,2763.2000,2763.8000,1,1,11,1,1,2,2,1,1,2
SF,IH2009,2020-06-15 09:31:41.100,2762.8000,18304,0,253113060.000,1,0,1,多换,S,2761.8000,2761.4000,2761.2000,2761.0000,2760.6000,2762.6000,2762.8000,2763.2000,2763.8000,2764.0000,2,1,11,1,1,2,1,1,2,1
SF,IH2009,2020-06-15 09:31:41.600,2762.8000,18304,0,253113060.000,0,-,-,-,-,2762.0000,2761.8000,2761.4000,2761.2000,2761.0000,2762.6000,2762.8000,2763.2000,2763.8000,2764.0000,5,2,1,11,1,1,1,1,2,1
SF,IH2009,2020-06-15 09:31:42.100,2762.6000,18303,-1,253941840.000,1,0,1,双平,S,2762.0000,2761.8000,2761.4000,2761.2000,2761.0000,2762.8000,2763.2000,2763.8000,2764.0000,2764.2000,5,2,1,11,1,1,1,2,1,1
SF,IH2009,2020-06-15 09:31:42.600,2762.6000,18303,0,253941840.000,0,-,-,-,-,2762.2000,2762.0000,2761.8000,2761.4000,2761.2000,2762.8000,2763.2000,2763.8000,2764.0000,2764.2000,1,5,1,1,11,1,1,2,1,1
SF,IH2009,2020-06-15 09:31:44.100,2762.8000,18303,0,256428360.000,3,1,2,多换,S,2762.8000,2762.2000,2762.0000,2761.8000,2761.4000,2763.2000,2763.8000,2764.0000,2764.2000,2764.4000,7,1,5,1,1,1,2,1,1,1
SF,IH2009,2020-06-15 09:31:44.600,2762.8000,18303,0,256428360.000,0,-,-,-,-,2763.2000,2762.8000,2762.4000,2762.2000,2762.0000,2763.8000,2764.0000,2764.2000,2764.4000,2766.4000,1,7,4,1,1,2,1,1,1,5
SF,IH2009,2020-06-15 09:31:45.100,2762.8000,18303,0,256428360.000,0,-,-,-,-,2763.2000,2762.8000,2762.4000,2762.0000,2761.8000,2763.8000,2764.0000,2764.4000,2766.4000,2768.0000,2,7,4,1,1,2,1,1,5,2
SF,IH2009,2020-06-15 09:31:45.600,2762.8000,18303,0,256428360.000,0,-,-,-,-,2763.2000,2762.8000,2762.6000,2762.4000,2762.0000,2763.8000,2764.0000,2764.4000,2766.4000,2768.0000,2,7,1,4,1,2,1,1,5,2
SF,IH2009,2020-06-15 09:31:46.100,2763.8000,18301,-2,258086460.000,2,0,2,双平,S,2763.2000,2762.8000,2762.6000,2762.4000,2762.0000,2763.8000,2764.0000,2764.4000,2766.4000,2768.0000,1,7,1,4,1,1,1,1,5,2
SF,IH2009,2020-06-15 09:31:46.600,2763.8000,18301,0,258086460.000,0,-,-,-,-,2763.2000,2762.8000,2762.6000,2762.4000,2762.0000,2763.8000,2764.0000,2764.4000,2765.2000,2766.4000,1,7,1,4,1,1,1,1,1,5
SF,IH2009,2020-06-15 09:31:47.100,2763.8000,18301,0,258086460.000,0,-,-,-,-,2762.8000,2762.6000,2762.4000,2762.0000,2761.8000,2763.8000,2764.0000,2764.4000,2765.2000,2766.4000,7,1,4,1,1,1,1,1,1,5
SF,IH2009,2020-06-15 09:31:47.600,2763.8000,18301,0,258915600.000,1,0,1,多换,S,2763.0000,2762.8000,2762.6000,2762.4000,2761.8000,2764.0000,2764.4000,2765.2000,2766.4000,2768.0000,1,7,1,4,1,1,1,1,5,2
SF,IH2009,2020-06-15 09:31:48.100,2763.8000,18301,0,258915600.000,0,-,-,-,-,2763.0000,2762.8000,2762.6000,2762.4000,2761.8000,2763.8000,2764.0000,2764.4000,2765.2000,2766.4000,2,7,1,4,1,1,1,1,1,5
SF,IH2009,2020-06-15 09:31:48.600,2763.8000,18301,0,258915600.000,0,-,-,-,-,2763.2000,2763.0000,2762.8000,2762.6000,2762.4000,2763.6000,2764.0000,2764.4000,2765.2000,2766.4000,1,2,7,1,4,1,1,1,1,5
SF,IH2009,2020-06-15 09:31:49.100,2763.6000,18300,-1,259744680.000,1,0,1,双平,S,2763.6000,2763.2000,2763.0000,2762.8000,2762.6000,2764.0000,2764.4000,2765.2000,2766.4000,2768.0000,1,3,2,7,1,1,1,1,5,2
SF,IH2009,2020-06-15 09:31:49.600,2763.6000,18300,0,259744680.000,0,-,-,-,-,2763.6000,2763.0000,2762.8000,2762.6000,2762.4000,2764.0000,2764.4000,2765.2000,2766.4000,2768.0000,4,2,8,1,2,1,1,1,5,2
SF,IH2009,2020-06-15 09:31:50.100,2763.6000,18300,0,259744680.000,0,-,-,-,-,2763.0000,2762.8000,2762.6000,2762.4000,2761.8000,2763.8000,2764.0000,2764.4000,2765.2000,2766.4000,1,8,1,2,1,1,1,1,1,5
SF,IH2009,2020-06-15 09:31:50.600,2763.6000,18300,0,259744680.000,0,-,-,-,-,2763.2000,2763.0000,2762.8000,2762.6000,2762.4000,2763.8000,2764.0000,2764.4000,2765.2000,2765.8000,2,2,8,1,2,1,1,1,1,1
SF,IH2009,2020-06-15 09:31:51.100,2763.8000,18299,-1,260573820.000,1,0,1,双平,S,2763.4000,2763.2000,2762.8000,2762.6000,2761.8000,2763.6000,2764.0000,2764.4000,2765.2000,2765.8000,3,4,8,1,1,1,1,1,1,1
SF,IH2009,2020-06-15 09:31:51.600,2764.0000,18297,-2,262232160.000,2,0,2,双平,S,2763.6000,2763.4000,2763.2000,2762.8000,2762.6000,2765.2000,2765.8000,2766.4000,2768.0000,2774.0000,4,4,2,8,1,1,1,5,2,2
SF,IH2009,2020-06-15 09:31:52.100,2764.0000,18297,0,262232160.000,0,-,-,-,-,2763.8000,2763.6000,2763.4000,2763.2000,2762.8000,2765.0000,2765.2000,2765.8000,2766.6000,2768.0000,1,3,1,2,8,3,2,1,1,2
SF,IH2009,2020-06-15 09:31:52.600,2764.0000,18297,0,262232160.000,0,-,-,-,-,2763.8000,2763.6000,2762.8000,2762.6000,2761.8000,2764.8000,2765.0000,2765.2000,2765.8000,2766.6000,4,3,8,1,1,1,2,1,1,1
SF,IH2009,2020-06-15 09:31:53.100,2764.0000,18297,0,262232160.000,0,-,-,-,-,2763.8000,2763.6000,2762.8000,2762.6000,2761.8000,2764.8000,2765.0000,2765.2000,2765.8000,2766.6000,4,3,8,1,1,1,1,1,1,1
SF,IH2009,2020-06-15 09:31:54.600,2763.8000,18297,0,264719580.000,3,1,2,多换,S,2763.8000,2763.6000,2762.8000,2762.6000,2761.8000,2764.8000,2765.0000,2765.2000,2765.8000,2766.6000,1,3,8,1,1,1,1,1,1,1
SF,IH2009,2020-06-15 09:31:55.100,2764.6000,18296,-1,265548960.000,1,0,1,双平,S,2763.8000,2763.6000,2762.8000,2762.6000,2761.8000,2764.8000,2765.2000,2765.8000,2766.6000,2768.0000,1,3,8,1,1,1,1,1,1,2
SF,IH2009,2020-06-15 09:31:55.600,2764.8000,18297,1,266378400.000,1,1,0,双开,S,2763.8000,2763.6000,2762.8000,2762.6000,2761.8000,2765.2000,2765.8000,2766.6000,2768.0000,2770.2000,1,3,8,1,1,1,1,1,2,5
SF,IH2009,2020-06-15 09:31:56.100,2764.8000,18297,0,266378400.000,0,-,-,-,-,2764.0000,2763.8000,2763.6000,2762.8000,2762.6000,2765.0000,2765.2000,2765.8000,2766.6000,2768.0000,1,1,3,8,1,2,1,1,1,2
SF,IH2009,2020-06-15 09:31:56.600,2764.8000,18297,0,266378400.000,0,-,-,-,-,2764.2000,2764.0000,2763.6000,2762.8000,2762.6000,2765.2000,2765.8000,2766.6000,2768.0000,2770.2000,1,2,3,8,1,1,1,1,2,5
SF,IH2009,2020-06-15 09:31:57.100,2764.8000,18297,0,266378400.000,0,-,-,-,-,2764.4000,2764.2000,2764.0000,2763.6000,2762.8000,2765.2000,2765.8000,2766.6000,2768.0000,2770.2000,1,1,1,3,1,1,1,1,2,5
SF,IH2009,2020-06-15 09:31:57.600,2764.8000,18297,0,266378400.000,0,-,-,-,-,2764.6000,2764.4000,2763.6000,2762.8000,2762.6000,2765.2000,2765.8000,2766.6000,2768.0000,2770.2000,1,1,3,1,1,1,1,1,2,5
SF,IH2009,2020-06-15 09:31:58.100,2764.8000,18297,0,266378400.000,0,-,-,-,-,2764.6000,2764.4000,2763.6000,2762.8000,2762.6000,2765.0000,2765.2000,2765.8000,2766.6000,2768.0000,1,1,3,1,1,1,1,1,1,2
SF,IH2009,2020-06-15 09:31:58.600,2764.8000,18297,0,266378400.000,0,-,-,-,-,2764.8000,2764.6000,2764.4000,2763.6000,2762.8000,2765.2000,2765.8000,2766.6000,2768.0000,2770.2000,1,1,1,3,1,1,1,1,2,5
SF,IH2009,2020-06-15 09:32:00.600,2764.8000,18296,-1,267207840.000,1,0,1,双平,S,2764.6000,2764.4000,2763.6000,2762.8000,2762.6000,2765.2000,2765.8000,2766.6000,2768.0000,2770.2000,1,1,3,1,1,1,1,1,2,5
SF,IH2009,2020-06-15 09:32:01.100,2765.0000,18294,-2,268866720.000,2,0,2,双平,S,2763.6000,2762.8000,2762.6000,2761.2000,2760.2000,2765.2000,2765.8000,2766.6000,2768.0000,2770.2000,3,1,1,11,3,1,1,1,2,5
SF,IH2009,2020-06-15 09:32:01.600,2765.0000,18294,0,268866720.000,0,-,-,-,-,2763.8000,2763.6000,2762.8000,2762.6000,2762.0000,2765.0000,2765.2000,2765.8000,2766.6000,2767.8000,2,3,1,1,1,2,1,1,1,1
SF,IH2009,2020-06-15 09:32:02.100,2765.0000,18294,0,268866720.000,0,-,-,-,-,2763.8000,2763.6000,2762.8000,2762.6000,2762.0000,2765.0000,2765.2000,2765.8000,2766.6000,2767.8000,3,3,1,1,1,3,1,1,1,1
SF,IH2009,2020-06-15 09:32:02.600,2765.0000,18294,0,268866720.000,0,-,-,-,-,2764.0000,2763.8000,2763.6000,2762.8000,2762.6000,2764.8000,2765.0000,2765.2000,2765.8000,2766.6000,1,2,3,1,1,1,3,1,1,1
SF,IH2009,2020-06-15 09:32:03.100,2765.0000,18294,0,268866720.000,0,-,-,-,-,2763.8000,2763.6000,2762.8000,2762.6000,2762.0000,2764.8000,2765.0000,2765.2000,2765.8000,2766.6000,1,3,1,1,1,2,3,1,1,1
SF,IH2009,2020-06-15 09:32:03.600,2765.0000,18294,0,268866720.000,0,-,-,-,-,2763.8000,2763.6000,2762.8000,2762.6000,2762.0000,2764.8000,2765.0000,2765.2000,2765.8000,2766.6000,1,3,1,1,1,11,3,1,1,1
SF,IH2009,2020-06-15 09:32:04.100,2765.0000,18294,0,268866720.000,0,-,-,-,-,2763.8000,2763.6000,2762.8000,2762.6000,2762.0000,2764.6000,2764.8000,2765.0000,2765.2000,2765.8000,1,3,1,1,1,1,11,3,1,1
SF,IH2009,2020-06-15 09:32:04.600,2765.0000,18294,0,268866720.000,0,-,-,-,-,2763.8000,2763.6000,2762.8000,2762.6000,2762.0000,2764.6000,2764.8000,2765.0000,2765.2000,2765.8000,1,3,1,1,1,1,10,1,1,1
SF,IH2009,2020-06-15 09:32:05.100,2765.0000,18294,0,268866720.000,0,-,-,-,-,2763.8000,2763.6000,2762.8000,2762.6000,2762.0000,2764.6000,2764.8000,2765.0000,2765.2000,2765.8000,1,3,1,1,1,1,10,1,1,1
SF,IH2009,2020-06-15 09:32:05.600,2764.6000,18294,0,269696100.000,1,0,1,多换,S,2763.8000,2763.6000,2762.8000,2762.6000,2762.0000,2764.8000,2765.0000,2765.2000,2765.8000,2766.6000,1,3,1,1,1,10,1,1,1,1
SF,IH2009,2020-06-15 09:32:06.100,2764.6000,18294,0,269696100.000,0,-,-,-,-,2763.8000,2763.6000,2762.8000,2762.6000,2762.0000,2764.8000,2765.0000,2765.2000,2765.8000,2766.6000,1,3,1,1,1,10,1,2,1,1
SF,IH2009,2020-06-15 09:32:07.100,2764.6000,18294,0,269696100.000,0,-,-,-,-,2763.8000,2763.6000,2762.8000,2762.6000,2762.0000,2764.6000,2764.8000,2765.0000,2765.2000,2765.8000,1,3,1,1,1,1,10,1,2,1
SF,IH2009,2020-06-15 09:32:08.100,2763.8000,18293,-1,270525240.000,1,0,1,双平,S,2763.6000,2762.8000,2762.6000,2762.0000,2761.2000,2764.6000,2764.8000,2765.0000,2765.2000,2765.8000,3,1,1,1,11,1,10,1,2,1
SF,IH2009,2020-06-15 09:32:08.600,2763.8000,18293,0,270525240.000,0,-,-,-,-,2764.0000,2762.8000,2762.6000,2762.0000,2761.2000,2764.4000,2764.6000,2764.8000,2765.0000,2765.2000,1,1,1,1,11,1,2,10,1,2
SF,IH2009,2020-06-15 09:32:09.100,2764.0000,18292,-1,271354440.000,1,0,1,双平,S,2762.8000,2762.6000,2762.0000,2761.2000,2760.2000,2764.4000,2764.6000,2764.8000,2765.0000,2765.2000,1,1,1,11,3,1,2,10,1,2
SF,IH2009,2020-06-15 09:32:09.600,2764.0000,18292,0,271354440.000,0,-,-,-,-,2763.0000,2762.8000,2762.6000,2762.0000,2761.2000,2764.0000,2764.4000,2764.6000,2764.8000,2765.0000,3,1,1,1,11,2,1,1,10,1
SF,IH2009,2020-06-15 09:32:10.100,2763.2000,18291,-1,272183400.000,1,0,1,双平,S,2763.0000,2762.8000,2762.6000,2762.0000,2761.2000,2764.0000,2764.4000,2764.6000,2764.8000,2765.0000,3,1,1,1,11,3,1,1,10,1
SF,IH2009,2020-06-15 09:32:10.600,2764.0000,18289,-2,274671000.000,3,0,3,多平,S,2764.0000,2763.0000,2762.8000,2762.6000,2762.0000,2764.4000,2764.6000,2764.8000,2765.0000,2765.2000,8,3,1,1,11,1,1,10,1,2
SF,IH2009,2020-06-15 09:32:11.100,2764.0000,18283,-6,279646200.000,6,0,6,双平,S,2764.0000,2763.0000,2762.8000,2762.6000,2762.0000,2764.4000,2764.6000,2764.8000,2765.0000,2765.2000,2,1,1,1,11,1,1,10,1,2
SF,IH2009,2020-06-15 09:32:11.600,2764.0000,18281,-2,281304600.000,2,0,2,双平,S,2763.0000,2762.8000,2762.6000,2762.0000,2761.2000,2764.4000,2764.6000,2764.8000,2765.0000,2765.2000,1,1,1,11,11,1,1,10,1,2
SF,IH2009,2020-06-15 09:32:12.100,2764.0000,18281,0,281304600.000,0,-,-,-,-,2763.0000,2762.8000,2762.6000,2762.0000,2761.2000,2763.8000,2764.0000,2764.4000,2764.6000,2764.8000,1,1,1,11,11,2,1,1,1,10
SF,IH2009,2020-06-15 09:32:12.600,2763.0000,18281,0,282133500.000,1,0,1,多换,S,2762.8000,2762.6000,2762.0000,2761.2000,2760.2000,2763.8000,2764.4000,2764.6000,2764.8000,2765.0000,1,1,11,11,3,2,1,1,10,2
SF,IH2009,2020-06-15 09:32:13.100,2763.0000,18281,0,282133500.000,0,-,-,-,-,2762.8000,2762.6000,2762.0000,2761.2000,2760.2000,2763.6000,2763.8000,2764.6000,2764.8000,2765.0000,1,1,11,12,3,1,2,1,10,2
SF,IH2009,2020-06-15 09:32:13.600,2763.0000,18281,0,282133500.000,0,-,-,-,-,2762.8000,2762.6000,2762.0000,2761.2000,2760.2000,2763.4000,2763.6000,2763.8000,2764.0000,2764.6000,1,1,11,12,3,1,2,2,1,1
SF,IH2009,2020-06-15 09:32:14.100,2763.0000,18281,0,282133500.000,0,-,-,-,-,2762.8000,2762.6000,2762.0000,2761.2000,2760.2000,2763.6000,2763.8000,2764.0000,2764.6000,2764.8000,1,1,11,12,3,2,2,1,1,10
SF,IH2009,2020-06-15 09:32:14.600,2763.0000,18281,0,282133500.000,0,-,-,-,-,2762.8000,2762.6000,2762.0000,2761.2000,2760.2000,2763.4000,2763.6000,2763.8000,2764.0000,2764.6000,1,1,11,12,3,1,2,2,1,1
SF,IH2009,2020-06-15 09:32:15.100,2763.0000,18281,0,282133500.000,0,-,-,-,-,2762.8000,2762.6000,2762.0000,2761.2000,2760.2000,2763.6000,2763.8000,2764.0000,2764.6000,2764.8000,1,1,11,12,3,2,2,1,1,10
SF,IH2009,2020-06-15 09:32:15.600,2763.0000,18281,0,282133500.000,0,-,-,-,-,2762.8000,2762.6000,2762.0000,2761.2000,2760.2000,2763.4000,2763.6000,2763.8000,2764.6000,2764.8000,1,1,11,11,3,1,2,2,1,10
SF,IH2009,2020-06-15 09:32:16.100,2762.8000,18280,-1,282962340.000,1,0,1,双平,S,2762.6000,2762.0000,2761.2000,2760.2000,2758.0000,2763.6000,2763.8000,2764.6000,2764.8000,2765.0000,1,11,11,3,3,2,2,1,10,2
SF,IH2009,2020-06-15 09:32:16.600,2762.8000,18280,0,282962340.000,0,-,-,-,-,2762.6000,2762.0000,2761.2000,2760.6000,2760.2000,2763.4000,2763.6000,2764.6000,2764.8000,2765.0000,1,11,11,1,3,1,1,1,10,2
SF,IH2009,2020-06-15 09:32:17.100,2762.8000,18280,0,282962340.000,0,-,-,-,-,2762.6000,2762.0000,2761.2000,2760.6000,2760.2000,2763.2000,2763.6000,2764.0000,2764.6000,2764.8000,1,11,11,1,3,1,1,1,1,10
SF,IH2009,2020-06-15 09:32:17.600,2762.6000,18279,-1,283791120.000,1,0,1,双平,S,2762.0000,2761.2000,2760.6000,2760.2000,2758.0000,2763.0000,2763.6000,2764.0000,2764.6000,2764.8000,11,11,1,3,3,10,1,1,1,10
SF,IH2009,2020-06-15 09:32:18.100,2762.6000,18279,0,283791120.000,0,-,-,-,-,2762.2000,2762.0000,2761.2000,2760.6000,2760.2000,2763.0000,2763.6000,2764.0000,2764.6000,2764.8000,1,11,11,1,3,10,1,1,1,10
SF,IH2009,2020-06-15 09:32:18.600,2762.6000,18279,0,283791120.000,0,-,-,-,-,2762.2000,2762.0000,2761.2000,2760.6000,2760.2000,2763.0000,2763.4000,2763.6000,2764.0000,2764.6000,1,11,11,1,3,10,1,1,1,1
SF,IH2009,2020-06-15 09:32:19.600,2762.6000,18279,0,283791120.000,0,-,-,-,-,2762.2000,2762.0000,2761.2000,2760.6000,2760.2000,2763.0000,2763.4000,2763.6000,2764.0000,2764.6000,1,11,11,1,3,10,1,1,1,1
SF,IH2009,2020-06-15 09:32:20.600,2763.0000,18277,-2,286277820.000,3,0,3,多平,S,2762.2000,2762.0000,2761.2000,2760.6000,2760.2000,2763.0000,2763.4000,2763.6000,2764.0000,2764.6000,1,11,11,1,3,7,1,1,1,1
SF,IH2009,2020-06-15 09:32:21.100,2763.0000,18270,-7,292080120.000,7,0,7,双平,S,2762.4000,2762.2000,2762.0000,2761.2000,2760.6000,2763.4000,2763.6000,2764.0000,2764.6000,2764.8000,3,1,11,11,1,1,1,1,1,10
SF,IH2009,2020-06-15 09:32:21.600,2763.0000,18270,0,292080120.000,0,-,-,-,-,2762.6000,2762.4000,2762.0000,2761.2000,2760.6000,2763.4000,2764.0000,2764.6000,2764.8000,2765.0000,1,3,11,11,1,1,1,1,10,2
SF,IH2009,2020-06-15 09:32:22.100,2763.0000,18270,0,292080120.000,0,-,-,-,-,2763.0000,2762.6000,2762.4000,2762.0000,2761.2000,2763.4000,2764.0000,2764.6000,2764.8000,2765.0000,1,1,3,11,11,1,1,1,10,2
SF,IH2009,2020-06-15 09:32:22.600,2763.0000,18270,0,292080120.000,0,-,-,-,-,2763.0000,2762.6000,2762.0000,2761.2000,2760.2000,2763.4000,2764.0000,2764.6000,2764.8000,2765.0000,1,1,11,11,3,1,1,1,10,2
SF,IH2009,2020-06-15 09:32:24.100,2763.0000,18270,0,292080120.000,0,-,-,-,-,2763.0000,2762.6000,2762.0000,2761.2000,2760.2000,2763.4000,2764.0000,2764.6000,2764.8000,2765.0000,1,1,11,11,3,1,1,1,10,2
SF,IH2009,2020-06-15 09:32:24.600,2763.0000,18270,0,292909020.000,1,0,1,多换,S,2762.0000,2761.2000,2760.2000,2758.0000,2757.8000,2763.4000,2764.0000,2764.6000,2764.8000,2765.0000,11,11,3,3,1,1,1,1,10,2
SF,IH2009,2020-06-15 09:32:25.100,2763.0000,18270,0,292909020.000,0,-,-,-,-,2762.2000,2762.0000,2761.2000,2760.2000,2758.0000,2763.0000,2763.4000,2764.0000,2764.6000,2764.8000,6,11,11,3,3,1,1,1,1,10
SF,IH2009,2020-06-15 09:32:25.600,2763.0000,18270,0,292909020.000,0,-,-,-,-,2762.2000,2762.0000,2761.2000,2760.6000,2760.2000,2763.4000,2764.0000,2764.6000,2764.8000,2765.0000,6,11,11,1,3,1,1,1,10,2
SF,IH2009,2020-06-15 09:32:26.100,2763.0000,18270,0,292909020.000,0,-,-,-,-,2763.0000,2762.2000,2762.0000,2761.2000,2760.6000,2763.2000,2763.4000,2764.0000,2764.6000,2764.8000,1,6,11,11,1,1,1,1,1,10
SF,IH2009,2020-06-15 09:32:26.600,2763.0000,18269,-1,293737920.000,1,0,1,双平,S,2762.2000,2762.0000,2761.2000,2760.2000,2758.0000,2763.0000,2763.2000,2763.4000,2763.6000,2764.0000,1,11,11,3,3,2,1,1,1,1
SF,IH2009,2020-06-15 09:32:27.100,2763.0000,18269,0,293737920.000,0,-,-,-,-,2762.2000,2762.0000,2761.2000,2760.2000,2758.0000,2763.2000,2763.4000,2763.6000,2764.0000,2764.6000,1,11,11,4,3,1,1,1,1,1
SF,IH2009,2020-06-15 09:32:27.600,2763.0000,18269,0,293737920.000,0,-,-,-,-,2762.4000,2762.2000,2762.0000,2761.2000,2760.2000,2763.4000,2763.6000,2764.0000,2764.6000,2764.8000,1,1,11,11,4,1,1,1,1,10
SF,IH2009,2020-06-15 09:32:28.100,2763.0000,18269,0,293737920.000,0,-,-,-,-,2762.6000,2762.4000,2762.0000,2761.2000,2760.2000,2763.0000,2763.4000,2763.6000,2764.0000,2764.6000,1,1,11,11,4,1,1,1,1,1
SF,IH2009,2020-06-15 09:32:28.600,2763.0000,18268,-1,294566820.000,1,0,1,双平,S,2763.0000,2762.6000,2762.4000,2762.0000,2761.2000,2763.4000,2763.6000,2764.0000,2764.6000,2764.8000,3,1,1,11,11,1,1,1,1,10
SF,IH2009,2020-06-15 09:32:29.100,2763.0000,18268,0,295395720.000,1,0,1,多换,S,2762.6000,2762.4000,2762.0000,2761.2000,2760.2000,2763.4000,2763.6000,2764.0000,2764.6000,2764.8000,1,1,11,11,3,1,1,1,1,10
SF,IH2009,2020-06-15 09:32:30.100,2763.0000,18268,0,295395720.000,0,-,-,-,-,2762.6000,2762.4000,2762.0000,2761.2000,2760.2000,2763.4000,2763.6000,2764.0000,2764.6000,2764.8000,1,1,11,11,4,1,1,1,1,10
SF,IH2009,2020-06-15 09:32:31.600,2763.4000,18267,-1,296224740.000,1,0,1,双平,S,2762.6000,2762.4000,2762.0000,2761.2000,2760.2000,2763.4000,2763.6000,2764.0000,2764.6000,2764.8000,1,1,11,11,4,1,1,1,1,10
SF,IH2009,2020-06-15 09:32:32.100,2763.4000,18267,0,296224740.000,0,-,-,-,-,2762.8000,2762.6000,2762.4000,2762.0000,2761.2000,2763.4000,2763.6000,2764.0000,2764.6000,2764.8000,1,1,1,11,11,1,1,1,1,10
SF,IH2009,2020-06-15 09:32:32.600,2762.8000,18267,0,297053580.000,1,0,1,多换,S,2762.6000,2762.4000,2762.0000,2761.2000,2760.2000,2763.4000,2763.6000,2764.0000,2764.6000,2764.8000,1,1,11,11,4,1,1,1,1,10
SF,IH2009,2020-06-15 09:32:33.600,2763.4000,18267,0,297882600.000,1,0,1,多换,S,2762.6000,2762.4000,2762.0000,2761.2000,2760.2000,2763.4000,2763.6000,2764.0000,2764.6000,2764.8000,1,1,11,11,4,1,1,1,1,10
SF,IH2009,2020-06-15 09:32:34.100,2762.6000,18266,-1,298711380.000,1,0,1,双平,S,2762.4000,2762.0000,2761.2000,2760.2000,2758.0000,2762.6000,2763.4000,2763.6000,2764.0000,2764.6000,1,11,11,4,3,2,1,1,1,1
SF,IH2009,2020-06-15 09:32:34.600,2762.6000,18264,-2,300368940.000,2,0,2,双平,S,2762.6000,2762.4000,2762.0000,2761.2000,2760.2000,2762.8000,2763.4000,2763.6000,2764.0000,2764.6000,11,1,11,11,4,1,1,1,1,1
SF,IH2009,2020-06-15 09:32:35.100,2762.8000,18264,0,301197780.000,1,0,1,多换,S,2762.8000,2762.6000,2762.4000,2762.0000,2761.2000,2763.4000,2763.6000,2764.0000,2764.6000,2764.8000,1,5,1,11,11,1,1,1,1,10
SF,IH2009,2020-06-15 09:32:35.600,2762.8000,18264,0,301197780.000,0,-,-,-,-,2762.8000,2762.6000,2762.4000,2762.0000,2761.2000,2763.4000,2763.6000,2764.0000,2764.6000,2764.8000,1,3,1,11,11,1,1,1,2,10
SF,IH2009,2020-06-15 09:32:36.100,2762.6000,18263,-1,302026560.000,1,0,1,双平,S,2762.0000,2761.2000,2760.2000,2758.0000,2757.8000,2762.6000,2763.4000,2763.6000,2764.0000,2764.6000,11,11,4,3,1,1,1,1,1,2
SF,IH2009,2020-06-15 09:32:36.600,2762.6000,18263,0,302026560.000,0,-,-,-,-,2762.0000,2761.2000,2760.4000,2760.2000,2758.0000,2762.6000,2763.4000,2763.6000,2764.0000,2764.6000,11,11,1,4,3,1,1,1,1,2
SF,IH2009,2020-06-15 09:32:37.100,2762.6000,18263,0,302026560.000,0,-,-,-,-,2762.0000,2761.2000,2760.4000,2760.2000,2758.0000,2762.6000,2763.4000,2763.6000,2764.0000,2764.6000,11,11,1,4,3,1,1,2,1,2
SF,IH2009,2020-06-15 09:32:37.600,2762.6000,18263,0,302026560.000,0,-,-,-,-,2762.0000,2761.2000,2760.4000,2760.2000,2758.0000,2762.6000,2763.2000,2763.4000,2763.6000,2764.0000,11,11,1,4,3,1,3,1,2,1
SF,IH2009,2020-06-15 09:32:38.600,2762.0000,18263,0,302855160.000,1,0,1,多换,S,2762.0000,2761.2000,2760.4000,2760.2000,2758.0000,2762.6000,2763.2000,2763.4000,2763.6000,2764.0000,10,11,1,3,3,1,3,1,2,1
SF,IH2009,2020-06-15 09:32:39.100,2762.0000,18263,0,302855160.000,0,-,-,-,-,2762.0000,2761.2000,2760.4000,2760.2000,2758.0000,2762.6000,2763.2000,2763.4000,2763.6000,2764.0000,10,11,1,3,3,1,3,1,2,1
SF,IH2009,2020-06-15 09:32:39.600,2762.0000,18263,0,305340960.000,3,1,2,多换,S,2762.0000,2761.2000,2760.4000,2760.2000,2758.0000,2762.6000,2763.2000,2763.4000,2763.6000,2764.0000,7,11,1,3,3,1,3,1,2,1
SF,IH2009,2020-06-15 09:32:40.100,2762.0000,18264,1,311141160.000,7,4,3,空开,S,2761.2000,2760.4000,2760.2000,2758.0000,2757.8000,2762.0000,2762.4000,2762.6000,2763.2000,2763.4000,11,1,3,3,1,2,1,1,3,1
SF,IH2009,2020-06-15 09:32:40.600,2762.0000,18264,0,311141160.000,0,-,-,-,-,2761.2000,2760.4000,2760.2000,2759.8000,2758.0000,2762.0000,2762.4000,2762.6000,2763.2000,2763.4000,11,1,3,1,3,2,1,2,3,1
SF,IH2009,2020-06-15 09:32:41.100,2762.0000,18264,0,311141160.000,0,-,-,-,-,2761.4000,2761.2000,2760.4000,2760.2000,2759.8000,2762.0000,2762.4000,2762.6000,2763.2000,2763.4000,5,11,1,3,1,2,1,2,4,1
SF,IH2009,2020-06-15 09:32:41.600,2762.0000,18264,0,311969760.000,1,0,1,多换,S,2762.2000,2761.6000,2761.4000,2761.2000,2760.4000,2762.4000,2762.6000,2763.2000,2763.4000,2763.6000,1,1,5,11,1,1,2,4,1,2
SF,IH2009,2020-06-15 09:32:42.100,2762.0000,18264,0,311969760.000,0,-,-,-,-,2762.2000,2761.6000,2761.4000,2761.2000,2760.4000,2762.6000,2763.2000,2763.4000,2763.6000,2764.0000,1,1,5,11,1,2,4,1,1,1
SF,IH2009,2020-06-15 09:32:42.600,2762.0000,18264,0,311969760.000,0,-,-,-,-,2762.2000,2761.6000,2761.4000,2761.2000,2760.4000,2762.6000,2763.2000,2763.4000,2763.6000,2763.8000,1,1,5,11,1,1,4,1,1,1
SF,IH2009,2020-06-15 09:32:43.100,2762.0000,18263,-1,312798360.000,1,0,1,双平,S,2761.6000,2761.4000,2761.2000,2760.4000,2760.2000,2762.6000,2763.2000,2763.4000,2763.6000,2763.8000,1,5,11,1,2,1,4,1,1,1
SF,IH2009,2020-06-15 09:32:43.600,2762.0000,18263,0,312798360.000,0,-,-,-,-,2761.6000,2761.4000,2761.2000,2760.4000,2760.2000,2762.0000,2762.6000,2763.0000,2763.2000,2763.4000,1,5,11,1,2,1,1,1,4,1
SF,IH2009,2020-06-15 09:32:44.100,2762.0000,18264,1,313626960.000,1,1,0,双开,S,2762.0000,2761.6000,2761.4000,2761.2000,2760.4000,2762.6000,2763.0000,2763.2000,2763.4000,2763.6000,1,1,5,11,1,1,1,4,1,1
SF,IH2009,2020-06-15 09:32:44.600,2762.0000,18264,0,313626960.000,0,-,-,-,-,2762.0000,2761.6000,2761.2000,2760.4000,2760.2000,2762.6000,2763.0000,2763.2000,2763.4000,2763.6000,1,1,11,1,2,1,1,4,1,1
SF,IH2009,2020-06-15 09:32:45.100,2762.0000,18264,0,313626960.000,0,-,-,-,-,2761.6000,2761.2000,2760.4000,2760.2000,2759.8000,2762.0000,2762.6000,2763.0000,2763.2000,2763.4000,1,11,1,2,1,1,1,1,4,1
SF,IH2009,2020-06-15 09:32:45.600,2762.0000,18264,0,313626960.000,0,-,-,-,-,2761.2000,2760.4000,2760.2000,2759.8000,2758.0000,2762.6000,2763.0000,2763.2000,2763.4000,2763.6000,11,1,2,1,3,1,1,4,1,1
SF,IH2009,2020-06-15 09:32:46.100,2762.0000,18264,0,313626960.000,0,-,-,-,-,2761.8000,2761.4000,2761.2000,2760.4000,2760.2000,2762.4000,2762.6000,2763.0000,2763.2000,2763.4000,10,1,11,1,2,2,1,1,4,1
SF,IH2009,2020-06-15 09:32:46.600,2762.0000,18264,0,313626960.000,0,-,-,-,-,2761.8000,2761.4000,2761.2000,2760.4000,2760.2000,2762.4000,2762.6000,2763.0000,2763.2000,2763.4000,10,1,11,1,2,2,1,1,4,1
SF,IH2009,2020-06-15 09:32:47.100,2762.0000,18264,0,313626960.000,0,-,-,-,-,2761.8000,2761.4000,2761.2000,2760.4000,2760.2000,2762.4000,2762.6000,2763.0000,2763.2000,2763.4000,10,1,11,1,2,1,1,1,4,1
SF,IH2009,2020-06-15 09:32:48.100,2762.0000,18264,0,313626960.000,0,-,-,-,-,2761.8000,2761.4000,2761.2000,2760.4000,2760.2000,2762.4000,2762.6000,2763.0000,2763.2000,2763.4000,11,1,11,1,2,1,1,1,4,1
SF,IH2009,2020-06-15 09:32:48.600,2762.0000,18264,0,313626960.000,0,-,-,-,-,2761.8000,2761.4000,2761.2000,2760.4000,2760.2000,2762.4000,2762.6000,2762.8000,2763.0000,2763.2000,11,1,11,1,2,1,1,1,1,4
SF,IH2009,2020-06-15 09:32:49.100,2762.0000,18264,0,313626960.000,0,-,-,-,-,2761.8000,2761.4000,2761.2000,2760.4000,2760.2000,2762.4000,2762.6000,2762.8000,2763.0000,2763.2000,11,1,11,1,2,1,1,1,1,5
SF,IH2009,2020-06-15 09:32:49.600,2762.8000,18263,-1,316113300.000,3,1,2,多平,S,2762.0000,2761.8000,2761.4000,2761.2000,2760.4000,2763.0000,2763.2000,2763.4000,2763.6000,2763.8000,5,11,2,11,1,1,5,1,1,1
SF,IH2009,2020-06-15 09:32:50.100,2762.8000,18263,0,316113300.000,0,-,-,-,-,2762.0000,2761.8000,2761.4000,2761.2000,2760.4000,2763.0000,2763.2000,2763.4000,2763.6000,2763.8000,7,11,2,11,1,1,5,1,1,1
SF,IH2009,2020-06-15 09:32:50.600,2762.8000,18263,0,316113300.000,0,-,-,-,-,2762.2000,2762.0000,2761.8000,2761.4000,2761.2000,2763.0000,2763.2000,2763.4000,2763.6000,2763.8000,1,7,11,1,11,2,5,1,1,1
SF,IH2009,2020-06-15 09:32:51.100,2762.8000,18263,0,316113300.000,0,-,-,-,-,2762.0000,2761.8000,2761.4000,2761.2000,2760.4000,2763.0000,2763.2000,2763.4000,2763.6000,2763.8000,7,11,1,11,1,2,5,1,1,1
SF,IH2009,2020-06-15 09:32:51.600,2762.8000,18263,0,316113300.000,0,-,-,-,-,2762.2000,2762.0000,2761.8000,2761.4000,2761.2000,2763.0000,2763.2000,2763.4000,2763.6000,2763.8000,1,7,11,1,11,2,5,1,1,1
SF,IH2009,2020-06-15 09:32:54.100,2762.0000,18256,-7,322742160.000,8,0,8,多平,S,2761.8000,2761.4000,2761.2000,2760.4000,2760.2000,2762.0000,2763.0000,2763.2000,2763.4000,2763.6000,11,1,11,1,2,2,1,5,1,1
SF,IH2009,2020-06-15 09:32:54.600,2763.0000,18254,-2,325228260.000,3,0,3,多平,S,2762.4000,2762.0000,2761.8000,2761.4000,2761.2000,2763.2000,2763.4000,2763.6000,2763.8000,2764.6000,1,6,11,1,11,5,1,1,1,2
SF,IH2009,2020-06-15 09:32:55.100,2763.0000,18254,0,325228260.000,0,-,-,-,-,2762.4000,2762.0000,2761.8000,2761.4000,2761.2000,2763.2000,2763.4000,2763.6000,2763.8000,2764.6000,1,3,11,1,11,5,1,1,1,2
SF,IH2009,2020-06-15 09:32:55.600,2762.0000,18254,0,326056860.000,1,0,1,多换,S,2762.0000,2761.8000,2761.4000,2761.2000,2760.4000,2763.2000,2763.4000,2763.6000,2763.8000,2764.6000,2,11,1,11,1,5,1,1,1,2
SF,IH2009,2020-06-15 09:32:56.100,2762.0000,18254,0,326056860.000,0,-,-,-,-,2762.8000,2762.0000,2761.8000,2761.4000,2761.2000,2763.0000,2763.2000,2763.4000,2763.6000,2763.8000,1,2,11,1,11,2,6,1,1,1
SF,IH2009,2020-06-15 09:32:56.600,2762.8000,18255,1,327714540.000,2,1,1,空开,S,2762.0000,2761.8000,2761.4000,2761.2000,2760.2000,2763.0000,2763.2000,2763.4000,2763.6000,2763.8000,2,11,1,11,2,1,6,1,1,1
SF,IH2009,2020-06-15 09:32:57.100,2762.8000,18255,0,327714540.000,0,-,-,-,-,2762.0000,2761.8000,2761.4000,2761.2000,2760.2000,2763.0000,2763.2000,2763.4000,2763.6000,2763.8000,2,11,1,11,2,1,6,1,1,1
SF,IH2009,2020-06-15 09:32:57.600,2762.8000,18255,0,327714540.000,0,-,-,-,-,2762.2000,2762.0000,2761.8000,2761.4000,2761.2000,2763.0000,2763.2000,2763.4000,2763.6000,2763.8000,1,3,11,1,11,1,6,1,1,1
SF,IH2009,2020-06-15 09:32:58.100,2762.8000,18255,0,327714540.000,0,-,-,-,-,2762.2000,2762.0000,2761.8000,2761.4000,2761.2000,2763.0000,2763.2000,2763.4000,2763.6000,2763.8000,1,4,11,1,11,1,6,1,1,1
SF,IH2009,2020-06-15 09:32:58.600,2762.8000,18255,0,327714540.000,0,-,-,-,-,2762.2000,2762.0000,2761.8000,2761.4000,2761.2000,2763.0000,2763.2000,2763.4000,2763.6000,2763.8000,1,6,11,1,11,2,4,1,1,1
SF,IH2009,2020-06-15 09:32:59.100,2762.8000,18255,0,327714540.000,0,-,-,-,-,2762.2000,2762.0000,2761.8000,2761.4000,2761.2000,2763.0000,2763.2000,2763.4000,2763.6000,2763.8000,1,6,11,1,11,2,4,1,1,1
SF,IH2009,2020-06-15 09:32:59.600,2762.8000,18255,0,327714540.000,0,-,-,-,-,2762.8000,2762.0000,2761.8000,2761.4000,2761.2000,2763.0000,2763.2000,2763.4000,2763.6000,2763.8000,1,6,11,1,11,2,4,1,1,1
SF,IH2009,2020-06-15 09:33:00.100,2762.8000,18255,0,328543380.000,1,0,1,多换,S,2762.0000,2761.8000,2761.4000,2761.2000,2760.2000,2762.8000,2763.0000,2763.2000,2763.4000,2763.6000,6,11,1,11,2,1,1,4,1,1
SF,IH2009,2020-06-15 09:33:00.600,2762.8000,18255,0,328543380.000,0,-,-,-,-,2762.0000,2761.8000,2761.4000,2761.2000,2760.2000,2762.8000,2763.0000,2763.2000,2763.4000,2763.6000,6,11,1,11,2,1,1,4,1,1
SF,IH2009,2020-06-15 09:33:01.100,2762.8000,18255,0,328543380.000,0,-,-,-,-,2762.0000,2761.8000,2761.4000,2761.2000,2760.2000,2762.6000,2762.8000,2763.0000,2763.2000,2763.4000,6,11,1,11,2,1,1,1,4,1
SF,IH2009,2020-06-15 09:33:01.600,2762.8000,18255,0,328543380.000,0,-,-,-,-,2762.0000,2761.8000,2761.4000,2761.2000,2760.2000,2762.6000,2762.8000,2763.0000,2763.2000,2763.4000,5,11,1,11,2,1,1,1,4,1
SF,IH2009,2020-06-15 09:33:02.600,2762.8000,18255,0,328543380.000,0,-,-,-,-,2762.0000,2761.8000,2761.4000,2761.2000,2760.2000,2762.4000,2762.6000,2762.8000,2763.0000,2763.2000,4,11,1,11,2,3,3,2,1,4
SF,IH2009,2020-06-15 09:33:03.100,2762.0000,18256,1,331857780.000,4,2,2,空开,S,2761.8000,2761.4000,2761.2000,2760.2000,2758.0000,2762.4000,2762.6000,2762.8000,2763.0000,2763.2000,11,1,11,2,3,4,3,1,1,4
SF,IH2009,2020-06-15 09:33:03.600,2761.8000,18256,0,333514860.000,2,1,1,多换,S,2761.8000,2761.4000,2761.2000,2760.2000,2758.0000,2762.0000,2762.4000,2762.6000,2762.8000,2763.0000,9,1,11,2,3,2,4,1,1,1
SF,IH2009,2020-06-15 09:33:04.100,2762.0000,18256,0,338486160.000,6,3,3,多换,S,2761.8000,2761.4000,2761.2000,2760.2000,2758.0000,2762.0000,2762.4000,2762.6000,2762.8000,2763.0000,4,1,11,2,3,1,4,1,1,1
SF,IH2009,2020-06-15 09:33:04.600,2761.8000,18256,0,340143240.000,2,1,1,多换,S,2761.8000,2761.4000,2761.2000,2760.2000,2758.0000,2762.0000,2762.4000,2762.6000,2763.0000,2763.2000,2,1,11,2,3,2,4,1,1,4
SF,IH2009,2020-06-15 09:33:05.100,2761.8000,18256,0,341800320.000,2,1,1,多换,S,2761.4000,2761.2000,2760.2000,2758.0000,2757.8000,2761.6000,2761.8000,2762.0000,2762.4000,2762.6000,1,11,2,3,1,2,1,2,4,1
SF,IH2009,2020-06-15 09:33:05.600,2762.0000,18253,-3,345943080.000,5,1,4,多平,S,2762.0000,2761.6000,2761.4000,2761.2000,2760.2000,2762.4000,2762.6000,2763.0000,2763.2000,2763.4000,6,2,1,11,2,1,1,1,4,1
SF,IH2009,2020-06-15 09:33:06.100,2762.0000,18253,0,346771680.000,1,0,1,多换,S,2762.0000,2761.4000,2761.2000,2760.2000,2759.0000,2762.4000,2762.6000,2763.0000,2763.2000,2763.4000,5,1,11,2,1,1,1,1,4,1
SF,IH2009,2020-06-15 09:33:06.600,2762.0000,18253,0,347600280.000,1,0,1,多换,S,2762.0000,2761.4000,2761.2000,2760.2000,2759.0000,2762.6000,2763.0000,2763.2000,2763.4000,2763.6000,4,1,11,2,1,1,1,4,1,1
SF,IH2009,2020-06-15 09:33:07.100,2762.0000,18253,0,347600280.000,0,-,-,-,-,2762.0000,2761.4000,2761.2000,2760.2000,2759.0000,2762.2000,2762.6000,2763.0000,2763.2000,2763.4000,5,1,11,2,1,3,1,1,4,1
SF,IH2009,2020-06-15 09:33:07.600,2762.0000,18253,0,350086080.000,3,1,2,多换,S,2762.0000,2761.4000,2761.2000,2760.2000,2759.0000,2762.2000,2762.6000,2763.0000,2763.2000,2763.4000,2,1,11,2,1,3,1,1,4,1
SF,IH2009,2020-06-15 09:33:08.100,2762.0000,18253,0,352571880.000,3,1,2,多换,S,2761.4000,2761.2000,2760.2000,2759.0000,2758.0000,2761.8000,2762.2000,2762.6000,2763.0000,2763.2000,1,11,2,1,2,1,3,1,1,4
SF,IH2009,2020-06-15 09:33:08.600,2762.0000,18253,0,352571880.000,0,-,-,-,-,2761.4000,2761.2000,2760.2000,2759.0000,2758.0000,2761.8000,2762.2000,2762.6000,2763.0000,2763.2000,1,11,2,1,2,1,2,1,1,4
SF,IH2009,2020-06-15 09:33:09.600,2761.2000,18252,-1,362512260.000,12,5,7,多平,S,2760.2000,2759.0000,2758.0000,2757.8000,2757.6000,2761.8000,2762.2000,2762.6000,2763.0000,2763.2000,2,1,2,1,1,1,2,1,1,4
SF,IH2009,2020-06-15 09:33:10.100,2761.2000,18252,0,362512260.000,0,-,-,-,-,2760.2000,2759.0000,2758.0000,2757.8000,2757.6000,2761.6000,2761.8000,2762.2000,2762.6000,2763.0000,2,1,2,1,1,3,1,2,1,1
SF,IH2009,2020-06-15 09:33:10.600,2761.2000,18252,0,362512260.000,0,-,-,-,-,2760.4000,2760.2000,2759.0000,2758.0000,2757.8000,2761.6000,2761.8000,2762.2000,2762.6000,2763.0000,5,2,1,2,1,4,1,2,1,1
SF,IH2009,2020-06-15 09:33:11.100,2761.2000,18252,0,362512260.000,0,-,-,-,-,2760.6000,2760.4000,2760.2000,2759.0000,2758.0000,2761.6000,2761.8000,2762.2000,2762.6000,2763.0000,1,4,2,1,2,4,1,2,1,1
SF,IH2009,2020-06-15 09:33:11.600,2760.6000,18251,-1,363340440.000,1,0,1,双平,S,2760.4000,2760.2000,2759.0000,2758.0000,2757.8000,2761.4000,2761.6000,2761.8000,2762.2000,2762.6000,4,2,1,2,1,2,2,1,2,1
SF,IH2009,2020-06-15 09:33:12.100,2760.6000,18251,0,363340440.000,0,-,-,-,-,2760.8000,2760.2000,2759.0000,2758.0000,2757.8000,2761.4000,2761.6000,2761.8000,2762.2000,2762.6000,4,2,1,2,1,2,2,1,2,1
SF,IH2009,2020-06-15 09:33:12.600,2760.2000,18251,0,364168500.000,1,0,1,多换,S,2760.2000,2759.0000,2758.0000,2757.8000,2757.6000,2761.2000,2761.4000,2761.6000,2761.8000,2762.2000,1,1,2,1,1,1,1,2,1,2
SF,IH2009,2020-06-15 09:33:13.100,2760.2000,18251,0,364168500.000,0,-,-,-,-,2760.4000,2760.2000,2759.0000,2758.0000,2757.8000,2761.0000,2761.2000,2761.4000,2761.6000,2761.8000,4,1,1,2,1,3,1,1,1,1
SF,IH2009,2020-06-15 09:33:14.100,2760.2000,18250,-1,365824860.000,2,0,2,多平,S,2759.0000,2758.0000,2757.8000,2757.6000,2757.2000,2761.0000,2761.2000,2761.4000,2761.6000,2761.8000,1,2,1,1,1,2,1,1,1,1
SF,IH2009,2020-06-15 09:33:14.600,2760.2000,18250,0,365824860.000,0,-,-,-,-,2759.2000,2759.0000,2758.0000,2757.8000,2757.6000,2760.8000,2761.0000,2761.2000,2761.4000,2761.8000,5,1,2,1,1,2,2,1,1,1
SF,IH2009,2020-06-15 09:33:15.100,2760.2000,18250,0,365824860.000,0,-,-,-,-,2759.2000,2759.0000,2758.0000,2757.8000,2757.6000,2760.8000,2761.0000,2761.2000,2761.4000,2761.8000,6,1,2,1,1,3,2,1,1,1
SF,IH2009,2020-06-15 09:33:15.600,2760.2000,18250,0,365824860.000,0,-,-,-,-,2759.4000,2759.2000,2759.0000,2758.0000,2757.8000,2760.6000,2760.8000,2761.0000,2761.2000,2761.4000,1,5,1,2,1,1,2,2,1,1
SF,IH2009,2020-06-15 09:33:16.100,2760.2000,18250,0,365824860.000,0,-,-,-,-,2759.6000,2759.4000,2759.0000,2758.0000,2757.8000,2760.6000,2760.8000,2761.0000,2761.2000,2761.4000,5,1,1,2,1,1,2,2,1,1
SF,IH2009,2020-06-15 09:33:16.600,2760.4000,18250,0,366652980.000,1,0,1,多换,S,2759.6000,2759.4000,2759.0000,2758.0000,2757.8000,2760.6000,2760.8000,2761.0000,2761.2000,2761.4000,5,1,1,2,1,2,1,2,1,1
SF,IH2009,2020-06-15 09:33:17.100,2759.8000,18249,-1,367480920.000,1,0,1,双平,S,2759.6000,2759.4000,2759.0000,2758.0000,2757.8000,2760.4000,2760.6000,2760.8000,2761.0000,2761.2000,4,1,1,2,1,1,2,1,2,1
SF,IH2009,2020-06-15 09:33:17.600,2759.6000,18247,-2,369136740.000,2,0,2,双平,S,2759.6000,2759.4000,2759.0000,2758.0000,2757.8000,2760.6000,2760.8000,2761.0000,2761.2000,2761.4000,2,1,1,2,1,2,1,2,1,1
SF,IH2009,2020-06-15 09:33:18.100,2759.6000,18247,0,369136740.000,0,-,-,-,-,2759.4000,2759.0000,2758.0000,2757.8000,2757.6000,2760.2000,2760.4000,2760.6000,2760.8000,2761.0000,1,1,2,1,1,1,2,1,1,2
SF,IH2009,2020-06-15 09:33:18.600,2759.4000,18247,0,369964560.000,1,0,1,多换,S,2759.0000,2758.0000,2757.8000,2757.6000,2757.2000,2760.0000,2760.2000,2760.6000,2760.8000,2761.0000,1,2,1,1,1,1,1,1,1,2
SF,IH2009,2020-06-15 09:33:19.100,2759.4000,18247,0,369964560.000,0,-,-,-,-,2759.2000,2759.0000,2758.0000,2757.8000,2757.6000,2759.4000,2760.0000,2760.2000,2760.6000,2760.8000,3,1,2,1,1,10,1,1,1,1
SF,IH2009,2020-06-15 09:33:19.600,2759.4000,18246,-1,372447960.000,3,1,2,多平,S,2759.2000,2759.0000,2758.0000,2757.8000,2757.6000,2759.4000,2760.0000,2760.2000,2760.6000,2760.8000,1,1,2,1,1,8,1,1,2,1
SF,IH2009,2020-06-15 09:33:20.100,2759.0000,18246,0,373275660.000,1,0,1,多换,S,2758.0000,2757.8000,2757.6000,2757.2000,2757.0000,2759.4000,2760.0000,2760.2000,2760.6000,2760.8000,2,1,1,1,5,9,1,1,2,1
SF,IH2009,2020-06-15 09:33:20.600,2759.0000,18246,0,373275660.000,0,-,-,-,-,2758.2000,2758.0000,2757.8000,2757.6000,2757.2000,2759.2000,2759.4000,2760.0000,2760.6000,2760.8000,1,2,1,1,1,1,9,1,1,1
SF,IH2009,2020-06-15 09:33:21.100,2759.4000,18243,-3,376586880.000,4,0,4,多平,S,2758.2000,2758.0000,2757.8000,2757.6000,2757.2000,2759.4000,2760.0000,2760.6000,2760.8000,2761.0000,3,2,1,1,1,6,1,1,1,1
SF,IH2009,2020-06-15 09:33:21.600,2759.4000,18242,-1,377414700.000,1,0,1,双平,S,2758.4000,2758.2000,2758.0000,2757.8000,2757.6000,2759.4000,2760.6000,2760.8000,2761.2000,2762.0000,1,1,2,1,1,6,1,1,1,1
SF,IH2009,2020-06-15 09:33:22.100,2758.0000,18240,-2,380724480.000,4,1,3,多平,S,2757.8000,2757.6000,2757.2000,2757.0000,2756.2000,2758.0000,2759.4000,2760.6000,2760.8000,2761.2000,1,1,1,5,1,6,6,1,1,1
SF,IH2009,2020-06-15 09:33:22.600,2758.0000,18234,-6,385688880.000,6,0,6,双平,S,2759.2000,2758.4000,2758.2000,2758.0000,2757.8000,2759.4000,2760.6000,2762.0000,2763.0000,2763.2000,1,3,1,8,1,6,1,1,1,3
SF,IH2009,2020-06-15 09:33:23.100,2759.4000,18233,-1,387344460.000,2,0,2,多平,S,2758.2000,2758.0000,2757.8000,2757.6000,2757.2000,2759.4000,2760.6000,2762.0000,2763.0000,2763.2000,1,5,1,1,1,5,1,1,1,3
SF,IH2009,2020-06-15 09:33:23.600,2758.2000,18231,-2,388999440.000,2,0,2,双平,S,2758.0000,2757.8000,2757.6000,2757.2000,2757.0000,2759.4000,2760.6000,2762.0000,2763.0000,2763.2000,4,1,1,1,5,5,1,1,1,3
SF,IH2009,2020-06-15 09:33:24.100,2758.2000,18231,0,388999440.000,0,-,-,-,-,2758.2000,2758.0000,2757.8000,2757.6000,2757.2000,2759.2000,2759.4000,2760.6000,2762.0000,2763.0000,1,4,1,1,1,4,5,1,1,1
SF,IH2009,2020-06-15 09:33:24.600,2759.2000,18228,-3,392310480.000,4,0,4,多平,S,2758.2000,2758.0000,2757.8000,2757.6000,2757.2000,2759.4000,2760.6000,2762.0000,2763.0000,2763.4000,1,4,1,1,1,4,1,1,1,1
SF,IH2009,2020-06-15 09:33:26.600,2759.4000,18224,-4,395621760.000,4,0,4,双平,S,2758.2000,2758.0000,2757.8000,2757.2000,2757.0000,2760.6000,2762.0000,2763.0000,2763.4000,2763.6000,1,4,1,1,5,1,1,1,1,1
SF,IH2009,2020-06-15 09:33:27.100,2759.4000,18224,0,395621760.000,0,-,-,-,-,2759.4000,2758.4000,2758.2000,2758.0000,2757.8000,2760.4000,2760.6000,2762.0000,2763.0000,2763.4000,1,2,1,4,1,1,1,1,1,1
SF,IH2009,2020-06-15 09:33:27.600,2759.4000,18224,0,395621760.000,0,-,-,-,-,2759.6000,2759.4000,2758.6000,2758.4000,2758.0000,2760.6000,2762.0000,2763.0000,2763.4000,2763.6000,1,1,6,1,2,1,1,1,1,1
SF,IH2009,2020-06-15 09:33:28.100,2759.4000,18224,0,395621760.000,0,-,-,-,-,2759.6000,2759.4000,2758.4000,2758.0000,2757.8000,2760.6000,2762.0000,2763.0000,2763.4000,2763.6000,1,1,1,2,1,1,1,1,1,1
SF,IH2009,2020-06-15 09:33:28.600,2760.6000,18223,-1,396449940.000,1,0,1,双平,S,2759.6000,2759.4000,2758.4000,2758.0000,2757.8000,2762.0000,2763.0000,2763.4000,2763.6000,2764.6000,1,1,1,2,1,1,1,1,1,2
SF,IH2009,2020-06-15 09:33:29.100,2760.6000,18223,0,396449940.000,0,-,-,-,-,2759.8000,2759.6000,2759.4000,2758.0000,2757.8000,2761.8000,2762.0000,2763.0000,2763.4000,2763.6000,2,1,2,1,1,3,1,1,1,1
SF,IH2009,2020-06-15 09:33:29.600,2760.6000,18223,0,396449940.000,0,-,-,-,-,2760.0000,2759.8000,2759.4000,2758.0000,2757.8000,2761.8000,2762.0000,2763.0000,2763.4000,2763.6000,1,2,2,1,1,3,1,1,1,1
SF,IH2009,2020-06-15 09:33:30.100,2760.6000,18223,0,396449940.000,0,-,-,-,-,2760.2000,2760.0000,2759.4000,2758.0000,2757.8000,2761.4000,2761.8000,2762.0000,2763.0000,2763.4000,1,1,2,1,1,1,1,1,1,1
SF,IH2009,2020-06-15 09:33:30.600,2761.8000,18221,-2,398106900.000,2,0,2,双平,S,2761.8000,2760.4000,2759.4000,2758.0000,2757.8000,2762.0000,2763.0000,2763.4000,2763.6000,2764.6000,3,1,2,1,1,1,1,1,1,2
SF,IH2009,2020-06-15 09:33:31.100,2761.8000,18218,-3,400592520.000,3,0,3,双平,S,2760.6000,2760.4000,2759.4000,2758.0000,2757.8000,2761.4000,2761.8000,2762.0000,2763.0000,2763.4000,2,1,1,1,1,3,1,1,1,1
SF,IH2009,2020-06-15 09:33:31.600,2761.8000,18218,0,400592520.000,0,-,-,-,-,2760.6000,2760.4000,2759.4000,2758.0000,2757.8000,2761.8000,2762.0000,2763.0000,2763.4000,2763.6000,2,1,1,1,1,1,1,1,1,1
SF,IH2009,2020-06-15 09:33:32.100,2760.6000,18218,0,401420700.000,1,0,1,多换,S,2760.6000,2760.4000,2759.4000,2758.0000,2757.8000,2761.6000,2761.8000,2762.0000,2763.0000,2763.4000,1,1,1,1,1,3,1,1,1,1
SF,IH2009,2020-06-15 09:33:32.600,2760.6000,18218,0,401420700.000,0,-,-,-,-,2760.6000,2760.4000,2760.2000,2759.4000,2757.8000,2761.6000,2761.8000,2762.0000,2763.0000,2763.4000,1,1,1,1,1,3,1,1,1,1
SF,IH2009,2020-06-15 09:33:33.100,2760.6000,18218,0,402248880.000,1,0,1,多换,S,2760.4000,2760.2000,2759.4000,2757.8000,2757.4000,2761.6000,2761.8000,2762.0000,2763.0000,2763.4000,1,1,1,1,1,3,1,1,1,1
SF,IH2009,2020-06-15 09:33:33.600,2760.6000,18218,0,402248880.000,0,-,-,-,-,2760.4000,2760.2000,2759.4000,2757.8000,2757.4000,2761.4000,2761.6000,2761.8000,2762.0000,2762.6000,1,1,1,1,1,2,1,1,1,1
SF,IH2009,2020-06-15 09:33:34.100,2760.6000,18218,0,402248880.000,0,-,-,-,-,2760.4000,2760.2000,2759.4000,2757.8000,2757.4000,2761.4000,2761.6000,2761.8000,2762.0000,2762.6000,1,1,1,1,1,2,1,1,1,1
SF,IH2009,2020-06-15 09:33:35.100,2760.4000,18218,0,403077000.000,1,0,1,多换,S,2760.2000,2759.4000,2758.0000,2757.8000,2757.4000,2761.2000,2761.6000,2762.0000,2762.6000,2763.0000,1,1,10,1,1,1,1,1,1,1
SF,IH2009,2020-06-15 09:33:35.600,2760.4000,18218,0,403077000.000,0,-,-,-,-,2760.2000,2759.4000,2758.0000,2757.8000,2757.4000,2761.0000,2761.2000,2761.4000,2762.0000,2762.6000,1,1,10,1,1,1,1,1,1,1
SF,IH2009,2020-06-15 09:33:36.100,2761.0000,18217,-1,403905300.000,1,0,1,双平,S,2760.2000,2759.4000,2758.0000,2757.8000,2757.4000,2761.2000,2762.0000,2762.6000,2763.0000,2763.4000,1,1,10,1,1,1,1,1,1,1
SF,IH2009,2020-06-15 09:33:36.600,2760.2000,18217,0,404733360.000,1,0,1,多换,S,2759.4000,2758.0000,2757.8000,2757.4000,2757.2000,2761.2000,2762.0000,2762.6000,2763.0000,2763.4000,1,10,1,1,1,1,1,1,1,1
SF,IH2009,2020-06-15 09:33:37.100,2760.2000,18217,0,404733360.000,0,-,-,-,-,2759.8000,2759.6000,2759.4000,2758.0000,2757.8000,2761.0000,2762.0000,2762.6000,2763.0000,2763.4000,1,2,1,10,1,2,1,1,1,1
SF,IH2009,2020-06-15 09:33:37.600,2760.2000,18217,0,404733360.000,0,-,-,-,-,2760.0000,2759.8000,2759.6000,2759.4000,2758.0000,2761.0000,2762.0000,2762.6000,2763.0000,2763.4000,1,1,1,1,10,2,1,1,1,1
SF,IH2009,2020-06-15 09:33:38.100,2760.2000,18217,0,404733360.000,0,-,-,-,-,2760.2000,2760.0000,2759.8000,2759.6000,2759.4000,2761.0000,2762.0000,2762.6000,2763.0000,2763.4000,1,1,1,1,1,2,1,1,1,1
SF,IH2009,2020-06-15 09:33:39.600,2761.0000,18215,-2,406389960.000,2,0,2,双平,S,2760.2000,2760.0000,2759.8000,2759.6000,2759.4000,2762.0000,2762.6000,2763.0000,2763.4000,2763.6000,1,1,1,1,1,1,1,1,1,1
SF,IH2009,2020-06-15 09:33:40.100,2761.0000,18215,0,406389960.000,0,-,-,-,-,2761.0000,2760.4000,2760.2000,2759.4000,2758.0000,2761.8000,2762.0000,2762.6000,2763.0000,2763.4000,1,8,1,1,10,1,1,1,1,1
SF,IH2009,2020-06-15 09:33:40.600,2761.0000,18215,0,406389960.000,0,-,-,-,-,2761.0000,2760.4000,2760.2000,2759.4000,2758.0000,2761.8000,2762.0000,2762.6000,2763.0000,2763.4000,1,2,1,1,10,1,1,1,1,1
SF,IH2009,2020-06-15 09:33:41.100,2761.0000,18215,0,407218260.000,1,0,1,多换,S,2760.4000,2760.2000,2759.4000,2758.0000,2757.8000,2761.8000,2762.0000,2762.6000,2763.0000,2763.4000,2,1,1,10,1,1,1,1,1,1
SF,IH2009,2020-06-15 09:33:41.600,2761.0000,18215,0,407218260.000,0,-,-,-,-,2760.4000,2760.2000,2759.4000,2758.0000,2757.8000,2761.6000,2761.8000,2762.0000,2762.6000,2763.0000,2,1,1,10,1,1,1,1,1,1
SF,IH2009,2020-06-15 09:33:42.100,2761.0000,18215,0,407218260.000,0,-,-,-,-,2760.4000,2760.2000,2759.4000,2758.0000,2757.8000,2761.4000,2761.6000,2762.0000,2762.6000,2763.0000,1,1,1,10,1,1,1,1,1,1
SF,IH2009,2020-06-15 09:33:42.600,2761.0000,18215,0,407218260.000,0,-,-,-,-,2760.4000,2760.2000,2759.4000,2758.0000,2757.8000,2761.4000,2762.0000,2762.6000,2763.0000,2763.4000,1,1,1,10,1,1,1,1,1,1
SF,IH2009,2020-06-15 09:33:43.100,2761.0000,18215,0,407218260.000,0,-,-,-,-,2760.4000,2760.2000,2759.4000,2758.0000,2757.8000,2761.4000,2762.0000,2762.6000,2763.0000,2763.4000,1,1,1,10,1,1,1,1,1,1
SF,IH2009,2020-06-15 09:33:43.600,2761.0000,18215,0,407218260.000,0,-,-,-,-,2760.4000,2760.2000,2759.4000,2758.0000,2757.8000,2761.4000,2762.0000,2762.6000,2763.0000,2763.4000,1,1,1,10,1,2,1,1,1,1
SF,IH2009,2020-06-15 09:33:44.100,2761.0000,18215,0,407218260.000,0,-,-,-,-,2760.4000,2760.2000,2759.4000,2758.0000,2757.8000,2761.4000,2761.6000,2762.0000,2762.6000,2763.0000,1,1,1,10,1,2,1,1,1,1
SF,IH2009,2020-06-15 09:33:44.600,2761.0000,18215,0,407218260.000,0,-,-,-,-,2760.4000,2760.2000,2759.4000,2758.8000,2758.0000,2761.4000,2761.6000,2762.0000,2762.6000,2763.0000,1,1,1,1,10,2,1,1,1,1
SF,IH2009,2020-06-15 09:33:47.600,2760.4000,18214,-1,408046380.000,1,0,1,双平,S,2760.2000,2759.4000,2758.8000,2758.0000,2757.8000,2761.4000,2761.6000,2762.0000,2762.6000,2763.0000,1,1,1,10,1,2,1,1,1,1
SF,IH2009,2020-06-15 09:33:48.100,2760.4000,18214,0,408046380.000,0,-,-,-,-,2760.2000,2759.4000,2758.8000,2758.0000,2757.8000,2761.2000,2761.4000,2761.6000,2762.0000,2762.6000,1,1,1,10,1,1,2,1,1,1
SF,IH2009,2020-06-15 09:33:48.600,2760.4000,18214,0,408046380.000,0,-,-,-,-,2760.2000,2759.4000,2758.8000,2758.0000,2757.8000,2761.0000,2761.2000,2761.4000,2761.6000,2762.0000,1,1,1,10,1,1,1,1,1,1
SF,IH2009,2020-06-15 09:33:49.100,2761.0000,18214,0,408874680.000,1,0,1,多换,S,2760.2000,2759.4000,2758.8000,2758.0000,2757.8000,2761.2000,2761.4000,2761.6000,2762.0000,2762.6000,1,1,1,10,1,1,1,1,1,1
SF,IH2009,2020-06-15 09:33:50.100,2761.0000,18214,0,408874680.000,0,-,-,-,-,2760.2000,2759.4000,2758.8000,2758.0000,2757.8000,2761.2000,2761.4000,2761.6000,2762.0000,2762.6000,2,1,1,10,1,1,1,1,1,1
SF,IH2009,2020-06-15 09:33:50.600,2761.0000,18214,0,408874680.000,0,-,-,-,-,2760.2000,2759.4000,2758.8000,2758.0000,2757.8000,2761.0000,2761.2000,2761.4000,2761.6000,2762.0000,2,1,1,10,1,1,1,1,1,1
SF,IH2009,2020-06-15 09:33:51.600,2761.0000,18214,0,409702980.000,1,0,1,多换,S,2760.2000,2759.4000,2758.8000,2758.0000,2757.8000,2761.0000,2761.2000,2761.4000,2761.6000,2762.0000,3,1,1,10,1,1,1,1,1,1
SF,IH2009,2020-06-15 09:33:52.100,2760.2000,18212,-2,412187160.000,3,0,3,多平,S,2759.4000,2758.8000,2758.0000,2757.8000,2757.4000,2761.0000,2761.2000,2761.4000,2761.6000,2762.0000,1,1,10,1,1,1,1,1,1,1
SF,IH2009,2020-06-15 09:33:52.600,2760.2000,18212,0,412187160.000,0,-,-,-,-,2759.4000,2758.8000,2758.0000,2757.8000,2757.4000,2761.0000,2761.2000,2761.4000,2761.6000,2762.0000,1,1,10,1,1,1,1,1,1,1
SF,IH2009,2020-06-15 09:33:53.100,2759.6000,18212,0,413015040.000,1,0,1,多换,S,2759.4000,2758.8000,2758.0000,2757.8000,2757.4000,2761.0000,2761.4000,2761.6000,2762.0000,2762.6000,1,1,10,1,1,1,1,1,1,1
SF,IH2009,2020-06-15 09:33:53.600,2759.6000,18212,0,413015040.000,0,-,-,-,-,2759.6000,2759.4000,2758.8000,2758.0000,2757.8000,2760.8000,2761.0000,2761.4000,2762.0000,2762.6000,1,1,1,10,1,1,1,1,1,1
SF,IH2009,2020-06-15 09:33:54.100,2759.6000,18212,0,413015040.000,0,-,-,-,-,2759.4000,2758.8000,2758.0000,2757.8000,2757.4000,2760.6000,2761.4000,2762.0000,2762.6000,2763.0000,1,1,10,1,1,1,1,1,1,1
SF,IH2009,2020-06-15 09:33:55.100,2759.6000,18212,0,413015040.000,0,-,-,-,-,2759.4000,2758.8000,2758.0000,2757.8000,2757.4000,2759.6000,2760.6000,2761.4000,2762.0000,2762.6000,1,1,10,1,1,2,1,1,1,1
SF,IH2009,2020-06-15 09:33:55.600,2760.6000,18210,-2,415498980.000,3,0,3,多平,S,2759.8000,2759.6000,2759.4000,2758.8000,2758.0000,2761.4000,2762.0000,2762.6000,2763.0000,2763.4000,4,5,1,1,10,1,1,1,1,1
SF,IH2009,2020-06-15 09:33:56.100,2760.6000,18210,0,415498980.000,0,-,-,-,-,2760.0000,2759.8000,2759.6000,2759.4000,2758.8000,2761.2000,2761.4000,2762.0000,2762.2000,2762.6000,1,1,3,1,1,1,1,1,1,1
SF,IH2009,2020-06-15 09:33:56.600,2760.6000,18210,0,415498980.000,0,-,-,-,-,2760.0000,2759.8000,2759.6000,2759.4000,2758.8000,2760.4000,2761.2000,2761.4000,2762.0000,2762.2000,1,1,3,1,1,1,1,1,1,1
SF,IH2009,2020-06-15 09:33:57.100,2760.4000,18209,-1,416327100.000,1,0,1,双平,S,2760.0000,2759.8000,2759.6000,2759.4000,2758.8000,2761.2000,2761.4000,2762.0000,2762.2000,2762.6000,1,1,3,1,1,1,1,1,1,1
SF,IH2009,2020-06-15 09:33:58.100,2760.4000,18209,0,416327100.000,0,-,-,-,-,2760.2000,2760.0000,2759.8000,2759.6000,2759.4000,2761.2000,2761.4000,2762.0000,2762.2000,2762.6000,1,1,1,3,1,1,1,1,1,1
SF,IH2009,2020-06-15 09:33:58.600,2760.4000,18209,0,416327100.000,0,-,-,-,-,2760.2000,2760.0000,2759.8000,2759.6000,2759.4000,2761.0000,2761.2000,2761.4000,2762.0000,2762.2000,1,1,1,3,1,1,1,1,1,1
SF,IH2009,2020-06-15 09:33:59.600,2760.4000,18209,0,416327100.000,0,-,-,-,-,2760.4000,2760.2000,2760.0000,2759.8000,2759.6000,2761.0000,2761.2000,2761.4000,2762.0000,2762.2000,1,1,1,1,3,1,1,1,1,1
SF,IH2009,2020-06-15 09:34:00.100,2760.4000,18209,0,417155220.000,1,0,1,多换,S,2760.2000,2760.0000,2759.8000,2759.6000,2759.4000,2761.0000,2761.2000,2761.4000,2762.0000,2762.2000,1,1,1,3,1,1,1,1,1,1
SF,IH2009,2020-06-15 09:34:00.600,2760.2000,18209,0,417983280.000,1,0,1,多换,S,2760.0000,2759.8000,2759.6000,2759.4000,2758.8000,2761.0000,2761.2000,2761.4000,2762.0000,2762.2000,1,1,3,1,1,1,1,1,1,1
SF,IH2009,2020-06-15 09:34:01.100,2759.8000,18208,-1,419639220.000,2,0,2,多平,S,2759.6000,2759.4000,2758.8000,2758.0000,2757.8000,2760.8000,2761.0000,2761.4000,2762.0000,2762.2000,3,1,1,10,1,1,1,1,1,1
SF,IH2009,2020-06-15 09:34:01.600,2759.8000,18208,0,419639220.000,0,-,-,-,-,2759.8000,2759.6000,2759.4000,2758.8000,2758.0000,2760.8000,2761.0000,2761.4000,2762.0000,2762.2000,2,3,1,1,10,1,1,1,1,1
SF,IH2009,2020-06-15 09:34:02.100,2760.8000,18207,-1,420467460.000,1,0,1,双平,S,2760.2000,2759.8000,2759.6000,2759.4000,2758.8000,2761.0000,2761.4000,2762.0000,2762.2000,2762.6000,1,2,3,1,1,1,1,1,1,1
SF,IH2009,2020-06-15 09:34:02.600,2761.0000,18207,0,421295760.000,1,0,1,多换,S,2760.2000,2759.8000,2759.6000,2759.4000,2758.8000,2761.4000,2762.0000,2762.2000,2762.6000,2763.0000,1,2,3,1,1,1,1,1,1,1
SF,IH2009,2020-06-15 09:34:03.100,2761.2000,18207,0,422124120.000,1,0,1,多换,S,2760.4000,2760.2000,2759.8000,2759.6000,2759.4000,2761.4000,2762.0000,2762.2000,2762.6000,2763.0000,1,1,1,3,1,1,1,1,1,1
SF,IH2009,2020-06-15 09:34:03.600,2761.2000,18207,0,422124120.000,0,-,-,-,-,2760.2000,2759.8000,2759.6000,2759.4000,2758.8000,2761.2000,2761.4000,2762.0000,2762.2000,2762.6000,1,1,3,1,1,1,1,1,1,1
SF,IH2009,2020-06-15 09:34:04.100,2761.2000,18207,0,422124120.000,0,-,-,-,-,2760.2000,2759.6000,2759.4000,2758.8000,2758.0000,2761.2000,2762.0000,2762.2000,2762.6000,2763.0000,1,3,1,1,10,1,1,1,1,1
SF,IH2009,2020-06-15 09:34:05.100,2761.2000,18207,0,422124120.000,0,-,-,-,-,2760.2000,2759.6000,2759.4000,2758.8000,2758.0000,2761.0000,2761.2000,2762.0000,2762.2000,2762.6000,2,3,1,1,10,1,1,1,1,1
SF,IH2009,2020-06-15 09:34:05.600,2761.2000,18207,0,422124120.000,0,-,-,-,-,2760.2000,2759.6000,2759.4000,2758.8000,2758.0000,2761.0000,2761.2000,2762.0000,2762.2000,2762.6000,2,2,1,1,10,1,1,1,1,1
SF,IH2009,2020-06-15 09:34:06.100,2761.2000,18207,0,422952480.000,1,0,1,多换,S,2760.2000,2759.6000,2759.4000,2758.8000,2758.0000,2761.2000,2762.0000,2762.2000,2762.6000,2763.0000,2,2,1,1,10,1,1,1,1,1
SF,IH2009,2020-06-15 09:34:06.600,2760.2000,18207,0,424608600.000,2,1,1,多换,S,2759.6000,2759.4000,2758.8000,2758.0000,2757.8000,2760.0000,2761.2000,2762.0000,2762.2000,2762.6000,2,1,1,10,1,8,1,1,1,1
SF,IH2009,2020-06-15 09:34:07.100,2760.0000,18200,-7,431232600.000,8,0,8,多平,S,2760.0000,2759.8000,2759.4000,2758.8000,2758.0000,2761.2000,2762.0000,2762.2000,2762.6000,2763.0000,5,1,1,1,10,1,1,1,1,1
SF,IH2009,2020-06-15 09:34:07.600,2760.0000,18200,0,431232600.000,0,-,-,-,-,2760.2000,2760.0000,2759.8000,2759.4000,2758.8000,2761.2000,2762.0000,2762.2000,2762.6000,2763.0000,1,3,1,1,1,1,1,1,1,1
SF,IH2009,2020-06-15 09:34:09.600,2760.0000,18200,0,431232600.000,0,-,-,-,-,2760.2000,2760.0000,2759.8000,2759.4000,2758.8000,2761.2000,2762.0000,2762.2000,2762.6000,2763.0000,2,3,1,1,1,1,1,1,1,1
SF,IH2009,2020-06-15 09:34:10.100,2760.0000,18200,0,431232600.000,0,-,-,-,-,2760.2000,2760.0000,2759.8000,2759.4000,2758.8000,2761.0000,2761.2000,2762.0000,2762.2000,2762.6000,1,3,1,1,1,2,1,1,1,1
SF,IH2009,2020-06-15 09:34:11.600,2760.0000,18198,-2,434544660.000,4,1,3,多平,S,2759.8000,2759.4000,2758.8000,2758.0000,2757.8000,2761.0000,2761.2000,2762.0000,2762.2000,2762.6000,1,1,1,10,1,2,1,1,1,1
SF,IH2009,2020-06-15 09:34:12.100,2760.0000,18198,0,434544660.000,0,-,-,-,-,2759.4000,2758.8000,2758.0000,2757.8000,2757.4000,2760.2000,2760.8000,2761.0000,2762.0000,2762.2000,1,1,10,1,1,2,1,2,1,1
SF,IH2009,2020-06-15 09:34:12.600,2760.2000,18199,1,435372720.000,1,1,0,双开,S,2759.4000,2758.8000,2758.0000,2757.8000,2757.4000,2760.8000,2761.0000,2762.0000,2762.2000,2762.6000,1,1,10,1,1,2,2,1,1,1
SF,IH2009,2020-06-15 09:34:13.100,2760.2000,18199,0,435372720.000,0,-,-,-,-,2759.4000,2758.8000,2758.0000,2757.8000,2757.4000,2760.6000,2760.8000,2761.0000,2762.0000,2762.2000,1,1,10,1,1,2,2,1,1,1
SF,IH2009,2020-06-15 09:34:13.600,2760.2000,18199,0,435372720.000,0,-,-,-,-,2759.4000,2758.8000,2758.0000,2757.8000,2757.4000,2760.4000,2760.6000,2760.8000,2761.0000,2762.0000,1,1,10,1,1,1,2,1,1,1
SF,IH2009,2020-06-15 09:34:14.100,2760.2000,18199,0,435372720.000,0,-,-,-,-,2759.4000,2758.8000,2758.0000,2757.8000,2757.4000,2760.4000,2760.6000,2760.8000,2762.0000,2762.2000,1,1,10,1,1,2,2,1,1,1
SF,IH2009,2020-06-15 09:34:15.100,2759.4000,18199,0,436200540.000,1,0,1,多换,S,2758.8000,2758.0000,2757.8000,2757.4000,2757.2000,2760.2000,2760.4000,2760.6000,2760.8000,2762.0000,1,10,1,1,1,1,1,2,1,1
SF,IH2009,2020-06-15 09:34:15.600,2759.4000,18199,0,436200540.000,0,-,-,-,-,2759.0000,2758.8000,2758.0000,2757.8000,2757.4000,2760.2000,2760.4000,2760.6000,2760.8000,2762.0000,1,1,10,1,1,1,1,2,1,1
SF,IH2009,2020-06-15 09:34:16.600,2760.2000,18199,0,437028600.000,1,0,1,多换,S,2759.0000,2758.8000,2758.0000,2757.8000,2757.4000,2760.4000,2760.6000,2760.8000,2762.0000,2762.2000,1,1,10,1,1,1,2,1,1,1
SF,IH2009,2020-06-15 09:34:17.100,2760.2000,18199,0,437028600.000,0,-,-,-,-,2759.0000,2758.8000,2758.0000,2757.8000,2757.4000,2760.2000,2760.4000,2760.6000,2760.8000,2762.0000,1,1,10,1,1,1,1,1,1,1
SF,IH2009,2020-06-15 09:34:17.600,2760.2000,18199,0,437028600.000,0,-,-,-,-,2759.0000,2758.8000,2758.0000,2757.8000,2757.4000,2760.0000,2760.2000,2760.6000,2760.8000,2762.0000,2,1,10,1,1,1,1,1,1,1
SF,IH2009,2020-06-15 09:34:18.100,2760.0000,18198,-1,437856600.000,1,0,1,双平,S,2759.0000,2758.8000,2758.0000,2757.8000,2757.4000,2760.2000,2760.6000,2760.8000,2762.0000,2762.2000,2,1,10,1,1,1,1,1,1,1
SF,IH2009,2020-06-15 09:34:18.600,2760.0000,18198,0,437856600.000,0,-,-,-,-,2759.0000,2758.8000,2758.0000,2757.8000,2757.4000,2760.2000,2760.8000,2762.0000,2762.2000,2762.6000,2,1,10,1,1,1,1,2,1,1
SF,IH2009,2020-06-15 09:34:19.100,2760.0000,18198,0,437856600.000,0,-,-,-,-,2759.0000,2758.8000,2758.0000,2757.8000,2757.4000,2760.0000,2760.2000,2760.8000,2762.0000,2762.2000,2,1,10,1,1,1,1,1,2,1
SF,IH2009,2020-06-15 09:34:20.100,2760.0000,18198,0,437856600.000,0,-,-,-,-,2759.2000,2759.0000,2758.8000,2758.0000,2757.8000,2760.0000,2760.2000,2760.8000,2762.0000,2762.2000,1,2,1,10,1,1,1,1,2,1
SF,IH2009,2020-06-15 09:34:20.600,2759.0000,18197,-1,439512060.000,2,0,2,多平,S,2759.0000,2758.8000,2758.0000,2757.8000,2757.4000,2760.0000,2760.2000,2760.8000,2762.0000,2762.2000,1,1,10,1,1,1,1,1,2,1
SF,IH2009,2020-06-15 09:34:21.100,2759.0000,18197,0,439512060.000,0,-,-,-,-,2759.0000,2758.8000,2758.0000,2757.8000,2757.4000,2759.8000,2760.0000,2760.8000,2762.0000,2762.2000,1,1,10,1,1,1,1,1,2,1
SF,IH2009,2020-06-15 09:34:21.600,2759.0000,18197,0,440339760.000,1,0,1,多换,S,2758.8000,2758.0000,2757.8000,2757.4000,2757.2000,2759.8000,2760.0000,2760.8000,2762.0000,2762.2000,1,10,1,1,1,1,1,1,2,1
SF,IH2009,2020-06-15 09:34:22.600,2759.0000,18197,0,440339760.000,0,-,-,-,-,2758.8000,2758.0000,2757.8000,2757.4000,2757.2000,2759.8000,2760.0000,2760.8000,2762.0000,2762.2000,1,10,1,1,1,2,1,1,2,1
SF,IH2009,2020-06-15 09:34:23.100,2759.6000,18196,-1,441167640.000,1,0,1,双平,S,2758.8000,2758.0000,2757.8000,2757.4000,2757.2000,2759.6000,2759.8000,2760.0000,2760.8000,2762.0000,1,10,1,1,1,1,1,1,1,2
SF,IH2009,2020-06-15 09:34:23.600,2758.8000,18196,0,441995280.000,1,0,1,多换,S,2758.0000,2757.8000,2757.4000,2757.2000,2757.0000,2759.8000,2760.8000,2762.0000,2762.2000,2762.6000,10,1,1,1,5,1,1,2,1,1
SF,IH2009,2020-06-15 09:34:24.100,2758.8000,18196,0,441995280.000,0,-,-,-,-,2758.2000,2758.0000,2757.8000,2757.4000,2757.2000,2759.4000,2759.6000,2760.8000,2762.0000,2762.2000,1,10,1,1,1,1,2,1,2,1
SF,IH2009,2020-06-15 09:34:24.600,2758.8000,18196,0,441995280.000,0,-,-,-,-,2758.2000,2758.0000,2757.8000,2757.4000,2757.2000,2759.2000,2759.4000,2759.6000,2760.8000,2762.0000,1,10,1,1,1,1,1,2,1,2
SF,IH2009,2020-06-15 09:34:25.600,2758.8000,18196,0,441995280.000,0,-,-,-,-,2758.2000,2758.0000,2757.8000,2757.4000,2757.2000,2759.2000,2759.4000,2759.6000,2760.8000,2762.0000,1,10,1,1,1,1,1,2,1,2
SF,IH2009,2020-06-15 09:34:26.100,2758.8000,18196,0,441995280.000,0,-,-,-,-,2758.2000,2758.0000,2757.8000,2757.4000,2757.2000,2759.0000,2759.2000,2759.6000,2760.8000,2762.0000,1,10,1,1,1,1,2,2,1,2
SF,IH2009,2020-06-15 09:34:26.600,2758.8000,18196,0,441995280.000,0,-,-,-,-,2758.2000,2758.0000,2757.8000,2757.4000,2757.2000,2759.0000,2759.6000,2760.8000,2762.0000,2762.2000,1,10,1,1,1,1,2,1,2,1
SF,IH2009,2020-06-15 09:34:27.100,2758.8000,18196,0,441995280.000,0,-,-,-,-,2758.2000,2758.0000,2757.8000,2757.4000,2757.0000,2759.0000,2759.6000,2760.8000,2762.0000,2762.2000,1,10,1,1,5,1,2,1,2,1
SF,IH2009,2020-06-15 09:34:28.100,2758.8000,18196,0,441995280.000,0,-,-,-,-,2758.2000,2758.0000,2757.8000,2757.4000,2757.0000,2758.8000,2759.0000,2759.6000,2760.8000,2762.0000,1,10,1,1,5,1,1,2,1,2
SF,IH2009,2020-06-15 09:34:28.600,2758.8000,18196,0,441995280.000,0,-,-,-,-,2758.2000,2758.0000,2757.8000,2757.4000,2757.0000,2758.6000,2758.8000,2759.0000,2759.6000,2760.8000,1,10,1,1,5,1,1,1,2,1
SF,IH2009,2020-06-15 09:34:29.100,2758.8000,18196,0,441995280.000,0,-,-,-,-,2758.2000,2758.0000,2757.8000,2757.4000,2757.0000,2758.6000,2758.8000,2759.0000,2759.6000,2760.8000,1,10,1,1,5,1,1,1,1,1
SF,IH2009,2020-06-15 09:34:29.600,2758.6000,18195,-1,442822860.000,1,0,1,双平,S,2758.2000,2758.0000,2757.8000,2757.4000,2757.0000,2758.8000,2759.0000,2759.6000,2760.8000,2762.0000,1,10,1,1,5,1,1,1,1,2
SF,IH2009,2020-06-15 09:34:30.600,2758.6000,18195,0,442822860.000,0,-,-,-,-,2758.2000,2758.0000,2757.8000,2757.4000,2757.0000,2758.8000,2759.0000,2759.6000,2760.8000,2762.0000,1,10,1,1,5,1,1,1,1,2
SF,IH2009,2020-06-15 09:34:31.100,2758.2000,18194,-1,443650320.000,1,0,1,双平,S,2758.0000,2757.8000,2757.4000,2757.0000,2756.2000,2758.6000,2758.8000,2759.6000,2760.8000,2762.0000,10,1,1,5,1,1,2,1,1,2
SF,IH2009,2020-06-15 09:34:31.600,2758.6000,18193,-1,444477900.000,1,0,1,双平,S,2758.0000,2757.8000,2757.4000,2757.0000,2756.2000,2758.6000,2758.8000,2759.6000,2760.8000,2762.0000,10,1,1,5,1,1,1,1,1,2
SF,IH2009,2020-06-15 09:34:32.100,2758.8000,18191,-2,446133120.000,2,0,2,双平,S,2758.4000,2758.0000,2757.8000,2757.4000,2757.0000,2759.6000,2760.8000,2762.0000,2762.2000,2762.6000,1,10,1,1,5,1,1,2,1,1
SF,IH2009,2020-06-15 09:34:32.600,2758.4000,18192,1,446960640.000,1,1,0,双开,S,2758.0000,2757.8000,2757.4000,2757.0000,2756.2000,2759.4000,2759.6000,2760.8000,2762.0000,2762.2000,10,1,1,5,1,1,1,1,2,1
SF,IH2009,2020-06-15 09:34:33.100,2758.4000,18192,0,446960640.000,0,-,-,-,-,2758.2000,2758.0000,2757.8000,2757.4000,2757.0000,2759.2000,2759.4000,2760.8000,2762.0000,2762.2000,1,10,1,1,5,1,3,1,2,1
SF,IH2009,2020-06-15 09:34:33.600,2758.4000,18192,0,446960640.000,0,-,-,-,-,2758.2000,2758.0000,2757.8000,2757.4000,2757.0000,2759.2000,2759.4000,2760.8000,2762.0000,2762.2000,1,10,1,1,5,1,1,1,2,1
SF,IH2009,2020-06-15 09:34:34.100,2758.2000,18192,0,447788100.000,1,0,1,多换,S,2758.0000,2757.8000,2757.4000,2757.0000,2756.2000,2759.2000,2759.4000,2760.8000,2762.0000,2762.2000,10,1,1,5,1,1,1,1,2,1
SF,IH2009,2020-06-15 09:34:34.600,2758.2000,18192,0,447788100.000,0,-,-,-,-,2758.0000,2757.8000,2757.4000,2757.0000,2756.2000,2759.0000,2759.2000,2759.4000,2760.8000,2762.0000,10,1,1,5,1,1,1,1,1,2
SF,IH2009,2020-06-15 09:34:35.100,2758.2000,18192,0,447788100.000,0,-,-,-,-,2758.6000,2758.0000,2757.8000,2757.4000,2757.0000,2758.8000,2759.0000,2759.4000,2760.8000,2762.0000,2,10,1,1,5,1,1,1,1,2
SF,IH2009,2020-06-15 09:34:35.600,2758.8000,18192,0,448615740.000,1,0,1,多换,S,2758.6000,2758.0000,2757.8000,2757.4000,2757.0000,2759.4000,2760.8000,2762.0000,2762.2000,2762.6000,2,10,1,1,5,1,1,2,1,1
SF,IH2009,2020-06-15 09:34:36.100,2758.8000,18192,0,448615740.000,0,-,-,-,-,2758.6000,2758.0000,2757.8000,2757.4000,2757.0000,2760.8000,2762.0000,2762.6000,2763.4000,2763.6000,2,10,1,1,5,1,2,1,1,2
SF,IH2009,2020-06-15 09:34:36.600,2758.8000,18192,0,448615740.000,0,-,-,-,-,2758.8000,2758.6000,2758.0000,2757.8000,2757.4000,2759.8000,2760.0000,2760.4000,2760.6000,2760.8000,2,2,10,1,1,1,1,1,2,2
SF,IH2009,2020-06-15 09:34:37.100,2758.8000,18192,0,448615740.000,0,-,-,-,-,2758.8000,2758.6000,2758.0000,2757.8000,2757.4000,2759.6000,2759.8000,2760.0000,2760.6000,2760.8000,1,2,10,1,1,1,1,2,3,1
SF,IH2009,2020-06-15 09:34:37.600,2758.8000,18192,0,448615740.000,0,-,-,-,-,2758.8000,2758.6000,2758.2000,2758.0000,2757.8000,2759.6000,2759.8000,2760.0000,2760.6000,2760.8000,1,2,1,10,1,1,1,2,3,1
SF,IH2009,2020-06-15 09:34:38.100,2758.8000,18192,0,448615740.000,0,-,-,-,-,2758.8000,2758.6000,2758.2000,2758.0000,2757.8000,2759.8000,2760.0000,2760.6000,2760.8000,2762.0000,1,2,1,10,1,1,1,3,1,1
SF,IH2009,2020-06-15 09:34:38.600,2758.8000,18192,0,448615740.000,0,-,-,-,-,2758.8000,2758.6000,2758.2000,2758.0000,2757.8000,2759.8000,2760.0000,2760.6000,2762.0000,2762.6000,1,2,1,10,1,1,1,2,1,1
SF,IH2009,2020-06-15 09:34:40.100,2758.8000,18192,0,448615740.000,0,-,-,-,-,2758.8000,2758.6000,2758.2000,2758.0000,2757.8000,2759.8000,2760.0000,2760.6000,2762.0000,2762.6000,1,2,1,10,1,1,1,2,1,1
SF,IH2009,2020-06-15 09:34:40.600,2758.8000,18192,0,448615740.000,0,-,-,-,-,2758.8000,2758.6000,2758.2000,2758.0000,2757.8000,2759.8000,2760.0000,2760.6000,2762.0000,2762.6000,1,2,1,10,1,1,1,2,1,1
SF,IH2009,2020-06-15 09:34:41.100,2758.8000,18192,0,448615740.000,0,-,-,-,-,2758.8000,2758.6000,2758.2000,2758.0000,2757.8000,2759.8000,2760.0000,2760.6000,2762.0000,2762.6000,1,2,1,10,2,1,1,2,1,1
SF,IH2009,2020-06-15 09:34:42.600,2758.8000,18192,0,448615740.000,0,-,-,-,-,2758.8000,2758.6000,2758.2000,2758.0000,2757.8000,2759.8000,2760.0000,2760.6000,2762.0000,2762.6000,1,2,1,10,2,1,1,1,1,1
SF,IH2009,2020-06-15 09:34:44.100,2758.8000,18192,0,448615740.000,0,-,-,-,-,2758.8000,2758.6000,2758.2000,2758.0000,2757.8000,2759.6000,2759.8000,2760.0000,2760.6000,2762.0000,1,2,1,10,2,1,1,1,1,1
SF,IH2009,2020-06-15 09:34:46.600,2758.8000,18192,0,448615740.000,0,-,-,-,-,2758.8000,2758.6000,2758.2000,2758.0000,2757.8000,2759.6000,2759.8000,2760.0000,2760.6000,2762.0000,1,2,1,10,2,1,1,1,1,1
SF,IH2009,2020-06-15 09:34:47.600,2758.8000,18191,-1,449443380.000,1,0,1,双平,S,2758.6000,2758.2000,2758.0000,2757.8000,2757.4000,2759.6000,2759.8000,2760.0000,2760.6000,2762.0000,2,1,10,2,1,1,1,1,1,1
