市场代码,合约代码,时间,最新,持仓,增仓,成交额,成交量,开仓,平仓,成交类型,方向,买一价,买二价,买三价,买四价,买五价,卖一价,卖二价,卖三价,卖四价,卖五价,买一量,买二量,买三量,买四量,买五量,卖一量,卖二量,卖三量,卖四量,卖五量
SF,IH2012,2020-09-21 09:29:00.300,3336.0000,33125,0,66052800.000,66.000,-,-,-,-,3333.0000,3330.0000,3328.8000,3328.0000,3327.8000,3337.8000,3338.0000,3339.0000,3339.4000,3339.6000,2,1,2,7,6,1,3,2,1,1
SF,IH2012,2020-09-21 09:30:00.300,3337.8000,33113,-12,83071560.000,17,2,15,多平,S,3337.8000,3337.4000,3336.2000,3336.0000,3333.2000,3338.0000,3339.0000,3339.4000,3339.6000,3339.8000,18,7,2,2,1,3,2,1,1,1
SF,IH2012,2020-09-21 09:30:00.800,3337.4000,33106,-7,103098120.000,20,6,14,多平,S,3337.4000,3336.2000,3336.0000,3333.2000,3333.0000,3337.6000,3337.8000,3338.0000,3338.8000,3339.0000,5,2,2,1,5,2,3,4,4,2
SF,IH2012,2020-09-21 09:30:01.300,3336.0000,33099,-7,113108820.000,10,1,9,多平,S,3333.2000,3333.0000,3331.0000,3330.0000,3328.8000,3336.8000,3337.0000,3337.2000,3337.4000,3337.6000,1,5,1,3,2,2,1,1,1,5
SF,IH2012,2020-09-21 09:30:01.800,3333.2000,33099,0,114108780.000,1,0,1,多换,S,3333.0000,3331.0000,3330.0000,3328.8000,3328.0000,3334.0000,3335.2000,3335.8000,3336.0000,3336.6000,5,1,3,2,7,3,1,1,1,6
SF,IH2012,2020-09-21 09:30:02.300,3336.0000,33086,-13,132119340.000,18,2,16,多平,S,3333.2000,3333.0000,3332.8000,3331.0000,3330.0000,3337.4000,3337.8000,3338.0000,3339.0000,3339.6000,1,5,1,1,3,6,3,4,2,1
SF,IH2012,2020-09-21 09:30:02.800,3337.4000,33076,-10,147135060.000,15,2,13,多平,S,3336.8000,3336.0000,3335.0000,3333.2000,3333.0000,3338.0000,3338.6000,3339.0000,3339.2000,3339.6000,5,1,1,2,6,4,1,2,1,1
SF,IH2012,2020-09-21 09:30:03.300,3336.2000,33075,-1,160147980.000,13,6,7,多平,S,3334.0000,3333.2000,3333.0000,3332.8000,3331.0000,3336.2000,3336.8000,3337.0000,3337.4000,3337.6000,4,1,6,1,1,2,1,1,1,2
SF,IH2012,2020-09-21 09:30:03.800,3337.0000,33070,-5,168154200.000,8,1,7,多平,S,3336.2000,3334.2000,3334.0000,3333.2000,3333.0000,3337.4000,3338.6000,3339.0000,3339.2000,3339.6000,2,1,5,1,5,2,1,2,1,1
SF,IH2012,2020-09-21 09:30:04.300,3334.0000,33064,-6,177161940.000,9,1,8,多平,S,3334.0000,3333.2000,3333.0000,3331.0000,3330.2000,3334.6000,3335.8000,3336.0000,3336.2000,3336.4000,2,1,5,1,1,4,1,1,4,1
SF,IH2012,2020-09-21 09:30:04.800,3336.2000,33061,-3,182164800.000,5,1,4,多平,S,3336.2000,3334.6000,3334.0000,3333.2000,3333.0000,3336.8000,3337.0000,3337.6000,3338.0000,3338.6000,1,1,2,2,5,1,3,1,3,1
SF,IH2012,2020-09-21 09:30:05.300,3334.0000,33060,-1,184165860.000,2,0,2,多平,S,3334.0000,3333.2000,3333.0000,3331.0000,3330.2000,3336.4000,3336.8000,3337.0000,3337.6000,3338.0000,1,2,5,1,1,1,1,3,1,3
SF,IH2012,2020-09-21 09:30:05.800,3334.6000,33060,0,187167000.000,3,1,2,多换,S,3334.2000,3334.0000,3333.2000,3333.0000,3331.0000,3335.8000,3336.0000,3336.2000,3336.4000,3336.8000,1,1,2,5,1,1,2,1,1,1
SF,IH2012,2020-09-21 09:30:06.300,3335.8000,33060,0,190168260.000,3,1,2,多换,S,3334.0000,3333.2000,3333.0000,3331.0000,3330.2000,3336.0000,3336.2000,3336.4000,3336.8000,3337.0000,1,2,5,1,1,2,2,1,1,4
SF,IH2012,2020-09-21 09:30:06.800,3334.0000,33060,0,191168460.000,1,0,1,多换,S,3333.2000,3333.0000,3331.0000,3330.2000,3330.0000,3335.8000,3336.0000,3336.2000,3336.4000,3336.8000,2,5,1,1,3,1,2,3,1,1
SF,IH2012,2020-09-21 09:30:07.300,3334.0000,33060,0,191168460.000,0,-,-,-,-,3333.2000,3333.0000,3331.0000,3330.2000,3330.0000,3335.8000,3336.0000,3336.2000,3336.4000,3336.8000,2,5,1,1,3,1,2,3,1,1
SF,IH2012,2020-09-21 09:30:07.800,3336.0000,33059,-1,193170000.000,2,0,2,多平,S,3333.4000,3333.2000,3333.0000,3331.0000,3330.2000,3336.0000,3336.2000,3336.4000,3337.0000,3338.0000,1,2,5,1,1,1,3,1,4,3
SF,IH2012,2020-09-21 09:30:08.300,3335.8000,33059,0,196172220.000,3,1,2,多换,S,3333.4000,3333.2000,3333.0000,3331.0000,3330.2000,3336.0000,3336.2000,3336.4000,3337.0000,3338.0000,2,2,5,1,1,1,3,1,4,3
SF,IH2012,2020-09-21 09:30:08.800,3333.4000,33058,-1,198172980.000,2,0,2,多平,S,3333.4000,3333.2000,3333.0000,3331.0000,3330.2000,3334.4000,3335.8000,3336.0000,3336.2000,3336.4000,1,2,5,1,1,1,1,1,3,1
SF,IH2012,2020-09-21 09:30:09.300,3334.0000,33058,0,199173180.000,1,0,1,多换,S,3334.0000,3333.4000,3333.2000,3333.0000,3331.0000,3334.4000,3335.8000,3336.0000,3336.2000,3337.0000,1,1,2,5,1,1,1,1,3,2
SF,IH2012,2020-09-21 09:30:09.800,3334.4000,33055,-3,202174140.000,3,0,3,双平,S,3333.2000,3333.0000,3331.0000,3330.2000,3330.0000,3333.4000,3335.8000,3336.0000,3336.2000,3336.8000,2,5,1,1,4,1,1,2,3,1
SF,IH2012,2020-09-21 09:30:10.300,3333.2000,33054,-1,205174080.000,3,1,2,多平,S,3333.2000,3333.0000,3331.0000,3330.2000,3330.0000,3333.4000,3335.8000,3336.0000,3336.2000,3336.8000,1,5,1,1,4,1,1,2,3,1
SF,IH2012,2020-09-21 09:30:10.800,3334.0000,33052,-2,209174340.000,4,1,3,多平,S,3333.2000,3333.0000,3331.0000,3330.2000,3330.0000,3334.0000,3335.8000,3336.0000,3336.2000,3336.8000,1,5,1,1,4,7,1,2,3,1
SF,IH2012,2020-09-21 09:30:11.300,3334.0000,33050,-2,211174740.000,2,0,2,双平,S,3333.4000,3333.2000,3333.0000,3331.0000,3330.2000,3334.0000,3334.2000,3335.8000,3336.0000,3336.2000,1,2,5,1,1,5,1,1,3,3
SF,IH2012,2020-09-21 09:30:11.800,3333.2000,33050,0,215174880.000,4,2,2,多换,S,3333.4000,3333.0000,3331.0000,3330.2000,3330.0000,3334.0000,3334.2000,3335.8000,3336.0000,3336.2000,1,5,1,1,4,4,1,1,3,2
SF,IH2012,2020-09-21 09:30:12.300,3333.4000,33048,-2,218174940.000,3,0,3,多平,S,3333.0000,3332.6000,3331.0000,3330.2000,3330.0000,3333.4000,3334.0000,3334.2000,3335.8000,3336.0000,5,6,1,1,4,1,4,1,1,3
SF,IH2012,2020-09-21 09:30:12.800,3333.4000,33047,-1,220174980.000,2,0,2,多平,S,3333.6000,3333.0000,3332.8000,3332.6000,3331.0000,3334.0000,3334.2000,3335.8000,3336.0000,3336.2000,1,6,1,6,1,4,1,1,3,2
SF,IH2012,2020-09-21 09:30:13.300,3333.2000,33045,-2,223175040.000,3,0,3,多平,S,3333.0000,3332.8000,3332.6000,3331.0000,3330.2000,3333.2000,3333.4000,3334.0000,3334.2000,3335.8000,5,1,6,1,1,4,1,3,1,1
SF,IH2012,2020-09-21 09:30:13.800,3333.2000,33040,-5,228174780.000,5,0,5,双平,S,3333.0000,3332.8000,3332.6000,3331.0000,3330.2000,3333.4000,3334.0000,3334.2000,3334.4000,3335.8000,4,1,6,1,1,1,3,1,1,1
SF,IH2012,2020-09-21 09:30:14.300,3333.0000,33037,-3,232174620.000,4,0,4,多平,S,3333.0000,3332.8000,3332.6000,3331.0000,3330.2000,3333.4000,3334.0000,3334.2000,3334.4000,3335.8000,5,1,6,1,1,1,3,1,1,1
SF,IH2012,2020-09-21 09:30:14.800,3333.4000,33034,-3,237174600.000,5,1,4,多平,S,3333.0000,3332.6000,3331.0000,3330.2000,3330.0000,3334.0000,3334.2000,3334.4000,3335.8000,3336.0000,3,6,1,1,4,3,1,1,1,4
SF,IH2012,2020-09-21 09:30:15.300,3333.4000,33034,0,237174600.000,0,-,-,-,-,3333.0000,3332.6000,3331.0000,3330.2000,3330.0000,3333.4000,3334.0000,3334.4000,3335.8000,3336.0000,3,6,1,1,4,2,3,1,1,4
SF,IH2012,2020-09-21 09:30:15.800,3333.0000,33029,-5,243174540.000,6,0,6,多平,S,3333.0000,3332.8000,3332.6000,3331.0000,3330.2000,3334.0000,3334.4000,3335.8000,3336.0000,3336.2000,1,1,6,1,1,2,1,1,4,2
SF,IH2012,2020-09-21 09:30:16.300,3333.0000,33029,0,243174540.000,0,-,-,-,-,3333.4000,3333.0000,3332.8000,3332.6000,3331.0000,3334.0000,3334.4000,3335.8000,3336.0000,3336.2000,1,1,1,6,3,2,1,1,4,2
SF,IH2012,2020-09-21 09:30:16.800,3333.0000,33029,0,245174400.000,2,1,1,多换,S,3332.8000,3332.6000,3331.0000,3330.2000,3330.0000,3333.0000,3334.0000,3334.4000,3335.8000,3336.0000,1,6,3,1,4,2,2,1,1,4
SF,IH2012,2020-09-21 09:30:17.300,3334.0000,33024,-5,253175400.000,8,1,7,多平,S,3333.4000,3333.2000,3332.8000,3332.6000,3331.0000,3334.4000,3335.8000,3336.0000,3336.2000,3337.0000,1,1,1,6,3,1,1,4,2,1
SF,IH2012,2020-09-21 09:30:17.800,3333.2000,33023,-1,255175380.000,2,0,2,多平,S,3332.8000,3332.6000,3331.0000,3330.2000,3330.0000,3334.4000,3335.8000,3336.0000,3336.2000,3337.0000,1,6,3,1,4,1,1,4,2,1
SF,IH2012,2020-09-21 09:30:18.300,3333.2000,33023,0,255175380.000,0,-,-,-,-,3332.6000,3331.0000,3330.2000,3330.0000,3328.8000,3333.0000,3333.2000,3334.4000,3335.8000,3336.0000,6,3,1,4,2,1,1,1,1,4
SF,IH2012,2020-09-21 09:30:18.800,3333.2000,33023,0,255175380.000,0,-,-,-,-,3332.6000,3331.0000,3330.2000,3330.0000,3328.8000,3333.0000,3333.2000,3334.4000,3335.8000,3336.0000,6,3,1,4,2,1,1,1,1,4
SF,IH2012,2020-09-21 09:30:19.300,3332.6000,33017,-6,261174060.000,6,0,6,双平,S,3331.0000,3330.2000,3330.0000,3328.8000,3328.0000,3332.6000,3333.0000,3333.2000,3334.4000,3335.8000,3,1,4,2,7,1,2,1,1,1
SF,IH2012,2020-09-21 09:30:19.800,3332.6000,33017,0,261174060.000,0,-,-,-,-,3331.8000,3331.4000,3331.2000,3331.0000,3330.2000,3332.6000,3333.0000,3333.2000,3334.4000,3335.8000,2,4,3,3,1,2,2,1,2,1
SF,IH2012,2020-09-21 09:30:20.300,3331.4000,33014,-3,264172800.000,3,0,3,双平,S,3331.4000,3331.2000,3331.0000,3330.2000,3330.0000,3332.6000,3333.0000,3333.2000,3334.4000,3335.8000,3,3,3,1,4,2,2,2,2,1
SF,IH2012,2020-09-21 09:30:20.800,3331.4000,33010,-4,268170840.000,4,0,4,双平,S,3331.2000,3331.0000,3330.2000,3330.0000,3328.8000,3332.6000,3333.0000,3333.2000,3334.4000,3335.8000,3,3,1,4,2,2,2,2,2,1
SF,IH2012,2020-09-21 09:30:21.300,3332.4000,33009,-1,269170560.000,1,0,1,双平,S,3331.2000,3331.0000,3330.2000,3330.0000,3328.8000,3331.4000,3331.8000,3332.6000,3333.0000,3333.2000,2,3,1,4,2,1,1,3,2,2
SF,IH2012,2020-09-21 09:30:21.800,3331.4000,33007,-2,271169340.000,2,0,2,双平,S,3331.6000,3331.0000,3330.2000,3330.0000,3328.8000,3331.8000,3332.6000,3333.0000,3333.2000,3334.4000,3,3,1,4,2,1,3,2,2,2
SF,IH2012,2020-09-21 09:30:22.300,3331.6000,33006,-1,275167260.000,4,1,3,多平,S,3331.0000,3330.2000,3330.0000,3328.8000,3328.0000,3331.4000,3331.6000,3331.8000,3332.6000,3333.0000,3,1,4,2,7,1,2,1,3,2
SF,IH2012,2020-09-21 09:30:22.800,3331.4000,33006,0,280163940.000,5,2,3,多换,S,3331.2000,3330.2000,3330.0000,3328.8000,3328.0000,3331.6000,3331.8000,3332.6000,3333.0000,3333.2000,1,1,4,2,7,3,1,3,2,2
SF,IH2012,2020-09-21 09:30:23.300,3331.2000,33004,-2,282162660.000,2,0,2,双平,S,3330.2000,3330.0000,3328.8000,3328.0000,3327.8000,3331.2000,3331.6000,3331.8000,3332.6000,3332.8000,1,4,2,7,6,2,5,1,3,1
SF,IH2012,2020-09-21 09:30:23.800,3331.2000,33004,0,282162660.000,0,-,-,-,-,3330.4000,3330.2000,3330.0000,3328.8000,3328.0000,3331.2000,3331.6000,3331.8000,3332.6000,3332.8000,2,1,4,2,7,2,5,1,2,1
SF,IH2012,2020-09-21 09:30:24.300,3331.2000,33003,-1,286159680.000,4,1,3,多平,S,3330.4000,3330.2000,3330.0000,3328.8000,3328.0000,3331.6000,3331.8000,3332.6000,3332.8000,3333.0000,2,1,4,2,7,4,1,1,1,1
SF,IH2012,2020-09-21 09:30:24.800,3330.6000,32999,-4,292155960.000,6,1,5,多平,S,3330.6000,3330.4000,3330.2000,3330.0000,3328.8000,3331.4000,3331.8000,3332.6000,3332.8000,3333.0000,1,4,1,4,2,2,1,1,1,1
SF,IH2012,2020-09-21 09:30:25.300,3331.4000,32997,-2,294154800.000,2,0,2,双平,S,3331.4000,3331.2000,3331.0000,3330.6000,3330.4000,3331.8000,3332.6000,3332.8000,3333.0000,3333.2000,1,1,1,1,3,1,1,1,1,2
SF,IH2012,2020-09-21 09:30:25.800,3331.8000,32996,-1,295154340.000,1,0,1,双平,S,3331.8000,3331.6000,3331.4000,3331.2000,3331.0000,3332.6000,3332.8000,3333.0000,3333.2000,3334.4000,1,1,1,1,2,1,1,1,2,2
SF,IH2012,2020-09-21 09:30:26.300,3331.8000,32996,0,295154340.000,0,-,-,-,-,3332.4000,3332.0000,3331.6000,3331.4000,3331.2000,3332.6000,3332.8000,3333.0000,3333.2000,3333.8000,1,1,1,1,1,1,1,1,2,1
SF,IH2012,2020-09-21 09:30:26.800,3332.4000,32994,-2,297153780.000,2,0,2,双平,S,3331.6000,3331.4000,3331.2000,3331.0000,3330.4000,3332.6000,3332.8000,3333.0000,3333.2000,3333.8000,2,1,1,1,3,1,1,1,2,1
SF,IH2012,2020-09-21 09:30:27.300,3331.6000,32994,0,298153260.000,1,0,1,多换,S,3331.4000,3331.2000,3330.4000,3330.2000,3330.0000,3332.6000,3332.8000,3333.0000,3333.2000,3333.8000,1,1,3,1,4,1,1,1,2,1
SF,IH2012,2020-09-21 09:30:27.800,3331.6000,32994,0,298153260.000,0,-,-,-,-,3331.6000,3331.4000,3331.2000,3330.4000,3330.2000,3332.6000,3332.8000,3333.0000,3333.2000,3333.8000,2,1,1,3,1,1,1,1,2,1
SF,IH2012,2020-09-21 09:30:28.300,3331.6000,32992,-2,300152520.000,2,0,2,双平,S,3331.6000,3331.4000,3331.2000,3330.4000,3330.2000,3332.8000,3333.0000,3333.2000,3333.8000,3334.0000,1,1,1,3,1,1,1,2,1,2
SF,IH2012,2020-09-21 09:30:28.800,3331.6000,32992,0,300152520.000,0,-,-,-,-,3331.6000,3331.4000,3331.2000,3330.4000,3330.2000,3332.8000,3333.0000,3333.2000,3333.8000,3334.0000,1,1,1,3,1,1,1,2,1,2
SF,IH2012,2020-09-21 09:30:29.300,3332.6000,32992,0,301152300.000,1,0,1,多换,S,3332.6000,3331.6000,3331.4000,3331.2000,3330.4000,3332.8000,3333.0000,3333.2000,3333.8000,3334.0000,3,1,1,1,3,1,1,2,1,2
SF,IH2012,2020-09-21 09:30:29.800,3332.8000,32991,-1,302152140.000,1,0,1,双平,S,3332.6000,3331.8000,3331.4000,3331.2000,3330.4000,3333.0000,3333.2000,3333.8000,3334.0000,3334.4000,3,1,1,1,3,1,2,1,2,2
SF,IH2012,2020-09-21 09:30:30.300,3332.6000,32989,-2,305151600.000,3,0,3,多平,S,3332.6000,3331.4000,3331.2000,3330.4000,3330.2000,3333.2000,3333.8000,3334.0000,3334.4000,3335.0000,2,1,1,3,1,2,1,2,2,1
SF,IH2012,2020-09-21 09:30:30.800,3332.6000,32989,0,305151600.000,0,-,-,-,-,3332.6000,3331.4000,3331.2000,3330.4000,3330.2000,3333.2000,3333.8000,3334.0000,3334.4000,3335.0000,2,1,1,3,2,2,1,2,2,1
SF,IH2012,2020-09-21 09:30:31.300,3332.6000,32986,-3,310150500.000,5,1,4,多平,S,3331.4000,3331.2000,3330.4000,3330.2000,3330.0000,3333.2000,3333.8000,3334.0000,3334.4000,3335.0000,1,1,3,2,4,1,1,2,2,1
SF,IH2012,2020-09-21 09:30:31.800,3332.6000,32986,0,310150500.000,0,-,-,-,-,3332.2000,3331.8000,3331.6000,3331.4000,3331.2000,3333.0000,3333.2000,3333.8000,3334.0000,3334.4000,1,3,3,1,1,1,1,1,2,2
SF,IH2012,2020-09-21 09:30:32.300,3334.0000,32986,0,315150960.000,5,2,3,多换,S,3331.8000,3331.6000,3331.4000,3331.2000,3330.4000,3332.2000,3334.4000,3335.0000,3336.0000,3336.2000,3,4,1,1,3,1,2,1,1,2
SF,IH2012,2020-09-21 09:30:32.800,3332.2000,32981,-5,323150520.000,8,1,7,多平,S,3332.0000,3331.8000,3331.6000,3331.4000,3331.2000,3332.2000,3336.0000,3336.2000,3336.8000,3337.0000,2,2,1,1,1,16,1,2,1,1
SF,IH2012,2020-09-21 09:30:33.300,3332.2000,32971,-10,333147120.000,10,0,10,双平,S,3332.0000,3331.8000,3331.6000,3331.4000,3331.2000,3332.2000,3336.0000,3336.2000,3336.8000,3337.0000,3,1,1,1,1,6,1,2,1,1
SF,IH2012,2020-09-21 09:30:33.800,3332.2000,32968,-3,336146100.000,3,0,3,双平,S,3332.0000,3331.8000,3331.6000,3331.4000,3331.2000,3332.2000,3336.0000,3336.2000,3336.8000,3337.0000,2,1,1,1,1,3,1,2,1,1
SF,IH2012,2020-09-21 09:30:34.300,3332.2000,32966,-2,339145080.000,3,0,3,多平,S,3332.0000,3331.8000,3331.6000,3331.4000,3331.2000,3336.0000,3336.2000,3336.8000,3337.0000,3338.0000,2,1,1,1,1,1,2,2,1,3
SF,IH2012,2020-09-21 09:30:34.800,3332.0000,32964,-2,341144280.000,2,0,2,双平,S,3332.8000,3332.4000,3332.2000,3331.8000,3331.4000,3335.4000,3335.6000,3335.8000,3336.2000,3336.8000,1,1,2,1,1,2,3,3,2,2
SF,IH2012,2020-09-21 09:30:35.300,3332.2000,32962,-2,344143320.000,3,0,3,多平,S,3331.4000,3330.4000,3330.2000,3330.0000,3328.8000,3332.0000,3332.6000,3335.0000,3335.2000,3335.4000,1,3,2,4,2,1,1,4,2,2
SF,IH2012,2020-09-21 09:30:35.800,3332.0000,32959,-3,347141940.000,3,0,3,双平,S,3330.6000,3330.4000,3330.2000,3330.0000,3328.8000,3332.6000,3335.0000,3335.2000,3335.4000,3335.8000,1,3,2,4,2,1,4,1,2,2
SF,IH2012,2020-09-21 09:30:36.300,3332.0000,32959,0,347141940.000,0,-,-,-,-,3331.8000,3331.2000,3331.0000,3330.8000,3330.6000,3332.4000,3332.6000,3335.0000,3335.4000,3335.8000,1,1,1,1,2,1,1,4,2,1
SF,IH2012,2020-09-21 09:30:36.800,3331.8000,32958,-1,348141480.000,1,0,1,双平,S,3331.0000,3330.8000,3330.6000,3330.4000,3330.2000,3331.8000,3332.6000,3335.0000,3335.4000,3335.8000,1,1,2,3,2,2,1,4,2,1
SF,IH2012,2020-09-21 09:30:37.300,3332.6000,32957,-1,351140340.000,3,1,2,多平,S,3331.8000,3331.4000,3331.0000,3330.8000,3330.6000,3335.0000,3335.2000,3335.4000,3335.8000,3336.0000,1,1,1,1,1,4,1,2,1,1
SF,IH2012,2020-09-21 09:30:37.800,3332.6000,32957,0,351140340.000,0,-,-,-,-,3331.8000,3331.4000,3331.0000,3330.8000,3330.6000,3334.4000,3334.6000,3334.8000,3335.0000,3335.2000,1,1,1,1,1,1,1,4,4,1
SF,IH2012,2020-09-21 09:30:38.300,3331.0000,32957,0,353139180.000,2,1,1,多换,S,3330.6000,3330.4000,3330.2000,3330.0000,3328.8000,3333.8000,3334.0000,3334.2000,3334.4000,3334.6000,1,3,2,4,2,2,3,2,4,1
SF,IH2012,2020-09-21 09:30:38.800,3331.8000,32956,-1,354138720.000,1,0,1,双平,S,3331.2000,3330.8000,3330.6000,3330.4000,3330.2000,3333.4000,3333.6000,3333.8000,3334.0000,3334.2000,1,3,2,3,2,2,1,1,3,1
SF,IH2012,2020-09-21 09:30:39.300,3331.8000,32956,0,354138720.000,0,-,-,-,-,3331.4000,3331.2000,3330.8000,3330.6000,3330.4000,3333.2000,3333.8000,3334.2000,3334.6000,3335.0000,2,1,1,1,3,1,1,1,1,1
SF,IH2012,2020-09-21 09:30:39.800,3331.8000,32956,0,354138720.000,0,-,-,-,-,3331.6000,3331.4000,3331.2000,3330.8000,3330.6000,3333.0000,3333.2000,3334.6000,3335.0000,3335.2000,1,1,2,1,1,1,1,1,1,1
SF,IH2012,2020-09-21 09:30:40.300,3331.8000,32956,0,354138720.000,0,-,-,-,-,3331.8000,3331.6000,3331.4000,3331.2000,3330.8000,3333.2000,3334.8000,3335.0000,3336.2000,3336.8000,2,1,1,3,1,1,1,1,2,2
SF,IH2012,2020-09-21 09:30:40.800,3331.8000,32956,0,354138720.000,0,-,-,-,-,3333.0000,3332.0000,3331.8000,3331.4000,3331.2000,3333.2000,3334.8000,3336.2000,3336.8000,3337.0000,1,2,2,1,2,2,2,2,2,1
SF,IH2012,2020-09-21 09:30:41.300,3333.0000,32954,-2,358138320.000,4,1,3,多平,S,3332.0000,3331.8000,3331.4000,3331.2000,3330.8000,3333.2000,3334.8000,3336.2000,3336.8000,3337.0000,1,1,1,2,2,1,2,2,2,1
SF,IH2012,2020-09-21 09:30:41.800,3333.2000,32954,0,359138280.000,1,0,1,多换,S,3332.0000,3331.8000,3331.4000,3331.2000,3330.8000,3334.8000,3336.2000,3336.8000,3337.0000,3338.0000,1,1,1,2,2,2,2,2,1,3
SF,IH2012,2020-09-21 09:30:42.300,3333.2000,32954,0,359138280.000,0,-,-,-,-,3332.0000,3331.8000,3331.4000,3331.2000,3330.8000,3333.0000,3334.2000,3334.6000,3334.8000,3336.2000,1,1,1,2,2,1,2,3,2,2
SF,IH2012,2020-09-21 09:30:42.800,3331.8000,32953,-1,361137420.000,2,0,2,多平,S,3331.4000,3331.2000,3330.8000,3330.6000,3330.4000,3333.0000,3334.2000,3334.4000,3334.6000,3334.8000,1,2,2,1,3,1,2,3,3,2
SF,IH2012,2020-09-21 09:30:43.800,3334.2000,32955,2,363137580.000,2,2,0,双开,S,3331.8000,3331.4000,3331.2000,3330.8000,3330.6000,3334.2000,3334.6000,3334.8000,3336.2000,3336.8000,1,1,2,2,1,1,3,2,2,2
SF,IH2012,2020-09-21 09:30:44.300,3333.0000,32956,1,364137480.000,1,1,0,双开,S,3333.0000,3332.0000,3331.8000,3331.4000,3331.2000,3333.8000,3334.0000,3334.2000,3334.6000,3334.8000,1,1,1,1,2,1,1,1,1,2
SF,IH2012,2020-09-21 09:30:44.800,3333.0000,32955,-1,365137380.000,1,0,1,双平,S,3333.2000,3331.8000,3331.4000,3331.2000,3330.8000,3333.6000,3333.8000,3334.6000,3334.8000,3336.2000,1,1,1,2,2,1,1,1,2,2
SF,IH2012,2020-09-21 09:30:45.300,3333.0000,32954,-1,366137280.000,1,0,1,双平,S,3331.8000,3331.2000,3330.8000,3330.6000,3330.4000,3333.6000,3334.6000,3334.8000,3336.2000,3336.8000,1,2,2,1,3,1,1,2,2,2
SF,IH2012,2020-09-21 09:30:45.800,3333.0000,32954,0,366137280.000,0,-,-,-,-,3332.0000,3331.8000,3331.2000,3330.8000,3330.6000,3333.4000,3334.6000,3334.8000,3335.0000,3336.2000,3,1,2,2,1,1,1,2,1,2
SF,IH2012,2020-09-21 09:30:46.300,3333.4000,32954,0,368137260.000,2,1,1,多换,S,3332.2000,3332.0000,3331.8000,3331.2000,3330.8000,3334.6000,3334.8000,3335.0000,3336.2000,3336.8000,1,2,1,2,2,1,2,1,2,2
SF,IH2012,2020-09-21 09:30:46.800,3333.4000,32954,0,368137260.000,0,-,-,-,-,3333.6000,3332.4000,3332.2000,3331.8000,3331.2000,3334.0000,3334.4000,3334.6000,3334.8000,3335.0000,1,3,1,1,2,2,2,1,2,1
SF,IH2012,2020-09-21 09:30:47.300,3333.6000,32953,-1,369137340.000,1,0,1,双平,S,3332.4000,3332.2000,3331.8000,3331.2000,3330.8000,3333.2000,3333.6000,3333.8000,3334.0000,3334.4000,3,1,1,2,1,1,2,2,2,2
SF,IH2012,2020-09-21 09:30:47.800,3332.6000,32952,-1,371137080.000,2,0,2,多平,S,3332.4000,3331.8000,3331.2000,3330.8000,3330.6000,3333.6000,3333.8000,3334.0000,3334.4000,3334.6000,2,1,2,1,1,1,1,2,2,1
SF,IH2012,2020-09-21 09:30:48.300,3333.6000,32952,0,372137160.000,1,0,1,多换,S,3332.6000,3332.4000,3331.8000,3331.2000,3330.8000,3334.0000,3334.4000,3334.6000,3334.8000,3335.0000,1,1,1,2,1,2,2,1,2,1
SF,IH2012,2020-09-21 09:30:48.800,3333.6000,32952,0,372137160.000,0,-,-,-,-,3332.8000,3331.8000,3331.2000,3330.8000,3330.6000,3334.0000,3334.6000,3334.8000,3335.0000,3336.2000,2,1,2,1,1,2,1,2,1,2
SF,IH2012,2020-09-21 09:30:49.300,3334.0000,32951,-1,373137360.000,1,0,1,双平,S,3333.0000,3332.8000,3331.8000,3331.2000,3330.8000,3334.0000,3334.6000,3334.8000,3336.2000,3336.8000,1,2,1,2,1,1,1,2,2,2
SF,IH2012,2020-09-21 09:30:49.800,3334.0000,32951,0,373137360.000,0,-,-,-,-,3333.2000,3331.8000,3331.2000,3330.8000,3330.6000,3333.6000,3334.0000,3334.6000,3334.8000,3336.2000,3,1,2,1,1,1,1,1,2,2
SF,IH2012,2020-09-21 09:30:50.300,3333.6000,32950,-1,374137440.000,1,0,1,双平,S,3333.4000,3333.2000,3331.8000,3331.2000,3330.8000,3334.0000,3334.6000,3334.8000,3336.2000,3336.8000,1,1,1,2,1,2,1,2,2,2
SF,IH2012,2020-09-21 09:30:50.800,3333.4000,32948,-2,376137540.000,2,0,2,双平,S,3333.2000,3331.8000,3331.2000,3330.8000,3330.6000,3333.8000,3334.0000,3334.6000,3334.8000,3336.2000,1,1,2,1,1,1,2,1,2,2
SF,IH2012,2020-09-21 09:30:51.300,3333.2000,32947,-1,377137500.000,1,0,1,双平,S,3331.8000,3331.2000,3330.8000,3330.6000,3330.4000,3333.0000,3333.2000,3333.8000,3334.0000,3334.6000,1,2,1,1,4,2,1,1,2,1
SF,IH2012,2020-09-21 09:30:51.800,3332.0000,32945,-2,379136700.000,2,0,2,双平,S,3331.2000,3330.8000,3330.6000,3330.4000,3330.2000,3332.4000,3333.0000,3333.2000,3333.4000,3334.0000,2,1,1,4,2,1,2,2,1,8
SF,IH2012,2020-09-21 09:30:52.300,3332.0000,32945,0,379136700.000,0,-,-,-,-,3331.4000,3331.2000,3330.8000,3330.6000,3330.4000,3332.4000,3333.0000,3333.2000,3333.4000,3334.0000,3,2,1,1,4,1,2,2,1,9
SF,IH2012,2020-09-21 09:30:52.800,3332.2000,32943,-2,381135720.000,2,0,2,双平,S,3331.2000,3330.8000,3330.6000,3330.4000,3330.2000,3332.4000,3333.0000,3333.2000,3333.4000,3334.0000,1,1,1,4,2,1,2,2,1,9
SF,IH2012,2020-09-21 09:30:53.300,3332.2000,32943,0,381135720.000,0,-,-,-,-,3331.4000,3331.2000,3330.8000,3330.6000,3330.4000,3332.4000,3333.0000,3333.2000,3333.4000,3334.0000,1,1,1,1,4,1,2,3,1,9
SF,IH2012,2020-09-21 09:30:53.800,3332.4000,32944,1,382135440.000,1,1,0,双开,S,3331.4000,3331.2000,3330.8000,3330.6000,3330.4000,3333.0000,3333.2000,3333.4000,3334.0000,3334.6000,1,1,1,1,4,2,3,1,10,1
SF,IH2012,2020-09-21 09:30:54.300,3331.4000,32943,-1,383134860.000,1,0,1,双平,S,3332.0000,3331.6000,3331.2000,3330.8000,3330.6000,3332.8000,3333.0000,3333.2000,3333.4000,3334.0000,1,1,1,1,1,3,2,3,1,10
SF,IH2012,2020-09-21 09:30:54.800,3332.0000,32939,-4,387132900.000,4,0,4,双平,S,3332.4000,3331.2000,3330.8000,3330.6000,3330.4000,3332.8000,3333.0000,3333.2000,3333.4000,3334.0000,1,1,1,1,4,3,2,3,1,10
SF,IH2012,2020-09-21 09:30:55.300,3332.0000,32938,-1,388132500.000,1,0,1,双平,S,3331.2000,3330.8000,3330.6000,3330.4000,3330.2000,3332.2000,3332.4000,3332.8000,3333.0000,3333.2000,1,1,1,4,2,1,1,2,2,3
SF,IH2012,2020-09-21 09:30:55.800,3331.2000,32937,-1,389131860.000,1,0,1,双平,S,3331.4000,3330.8000,3330.6000,3330.4000,3330.2000,3332.2000,3332.4000,3333.0000,3333.2000,3333.4000,1,1,1,4,2,1,1,2,3,1
SF,IH2012,2020-09-21 09:30:56.300,3331.2000,32937,0,389131860.000,0,-,-,-,-,3331.6000,3330.8000,3330.6000,3330.4000,3330.2000,3332.0000,3332.4000,3333.0000,3333.2000,3333.4000,1,1,1,4,2,2,1,2,3,1
SF,IH2012,2020-09-21 09:30:56.800,3331.2000,32937,0,389131860.000,0,-,-,-,-,3331.6000,3330.8000,3330.6000,3330.4000,3330.2000,3332.0000,3332.4000,3333.0000,3333.2000,3333.4000,1,1,1,4,2,2,1,2,3,1
SF,IH2012,2020-09-21 09:30:57.300,3331.2000,32937,0,389131860.000,0,-,-,-,-,3331.6000,3330.8000,3330.6000,3330.4000,3330.2000,3332.0000,3332.4000,3333.0000,3333.2000,3333.4000,1,1,1,4,2,2,1,2,3,1
SF,IH2012,2020-09-21 09:30:58.300,3331.2000,32937,0,389131860.000,0,-,-,-,-,3331.6000,3330.6000,3330.4000,3330.2000,3330.0000,3332.0000,3332.4000,3333.0000,3333.2000,3333.4000,1,1,4,2,4,2,1,2,3,1
SF,IH2012,2020-09-21 09:30:58.800,3331.6000,32936,-1,390131340.000,1,0,1,双平,S,3331.2000,3330.6000,3330.4000,3330.2000,3330.0000,3331.6000,3331.8000,3332.0000,3332.4000,3333.0000,1,1,4,2,5,1,1,2,1,2
SF,IH2012,2020-09-21 09:30:59.300,3331.2000,32935,-1,391130700.000,1,0,1,双平,S,3330.6000,3330.4000,3330.2000,3330.0000,3328.8000,3331.6000,3331.8000,3332.0000,3332.4000,3333.0000,1,4,2,5,3,1,1,2,1,2
SF,IH2012,2020-09-21 09:30:59.800,3331.2000,32935,0,391130700.000,0,-,-,-,-,3330.6000,3330.4000,3330.2000,3330.0000,3328.8000,3331.0000,3331.4000,3331.6000,3332.0000,3332.4000,1,4,2,5,3,4,1,1,1,1
SF,IH2012,2020-09-21 09:31:00.300,3330.8000,32928,-7,398125740.000,7,0,7,双平,S,3330.6000,3330.4000,3330.2000,3330.0000,3328.8000,3331.4000,3331.6000,3332.0000,3332.4000,3333.0000,1,4,2,5,3,1,1,1,1,2
SF,IH2012,2020-09-21 09:31:00.800,3330.8000,32928,0,398125740.000,0,-,-,-,-,3330.6000,3330.4000,3330.2000,3330.0000,3328.8000,3331.2000,3331.4000,3331.6000,3332.0000,3332.4000,1,4,4,5,3,1,1,1,1,1
SF,IH2012,2020-09-21 09:31:01.300,3330.6000,32927,-1,399124920.000,1,0,1,双平,S,3330.4000,3330.2000,3330.0000,3328.8000,3328.0000,3330.6000,3331.2000,3331.4000,3331.6000,3332.0000,4,4,5,3,7,2,1,2,1,1
SF,IH2012,2020-09-21 09:31:01.800,3330.6000,32922,-5,406119180.000,7,1,6,多平,S,3330.8000,3330.6000,3330.4000,3330.2000,3330.0000,3331.4000,3331.6000,3332.0000,3332.2000,3332.4000,1,1,4,4,5,2,1,1,1,1
SF,IH2012,2020-09-21 09:31:02.300,3331.6000,32920,-2,409117500.000,3,0,3,多平,S,3331.2000,3331.0000,3330.6000,3330.4000,3330.2000,3332.0000,3332.2000,3332.4000,3333.0000,3333.2000,1,4,1,4,4,1,1,1,2,3
SF,IH2012,2020-09-21 09:31:02.800,3331.8000,32919,-1,410117040.000,1,0,1,双平,S,3331.2000,3330.4000,3330.2000,3330.0000,3328.8000,3332.0000,3332.2000,3332.4000,3333.0000,3333.2000,1,4,4,5,3,1,1,1,2,3
SF,IH2012,2020-09-21 09:31:03.300,3331.8000,32919,0,410117040.000,0,-,-,-,-,3331.2000,3330.4000,3330.2000,3330.0000,3328.8000,3332.0000,3332.2000,3332.4000,3333.0000,3333.2000,4,4,4,5,3,1,1,1,2,3
SF,IH2012,2020-09-21 09:31:03.800,3331.2000,32919,0,411116400.000,1,0,1,多换,S,3331.2000,3330.4000,3330.2000,3330.0000,3328.8000,3331.8000,3332.0000,3332.2000,3332.4000,3333.0000,2,4,4,5,3,1,1,1,1,2
SF,IH2012,2020-09-21 09:31:04.300,3331.2000,32919,0,413115120.000,2,1,1,多换,S,3330.4000,3330.2000,3330.0000,3328.8000,3328.0000,3331.6000,3331.8000,3332.0000,3332.2000,3332.4000,4,4,5,3,7,1,1,1,1,1
SF,IH2012,2020-09-21 09:31:04.800,3331.6000,32919,0,414114600.000,1,0,1,多换,S,3330.8000,3330.6000,3330.4000,3330.2000,3330.0000,3331.6000,3332.0000,3332.2000,3332.4000,3333.0000,1,3,4,4,5,1,1,1,1,2
SF,IH2012,2020-09-21 09:31:05.300,3331.6000,32919,0,414114600.000,0,-,-,-,-,3330.8000,3330.6000,3330.4000,3330.2000,3330.0000,3331.6000,3332.0000,3332.2000,3332.4000,3333.0000,1,2,4,4,5,1,1,1,1,2
SF,IH2012,2020-09-21 09:31:05.800,3331.6000,32919,0,415114080.000,1,0,1,多换,S,3330.4000,3330.2000,3330.0000,3328.8000,3328.0000,3331.0000,3331.4000,3331.6000,3332.0000,3332.2000,4,4,5,3,7,19,1,1,1,1
SF,IH2012,2020-09-21 09:31:06.300,3330.8000,32913,-6,422108280.000,7,0,7,多平,S,3330.2000,3330.0000,3328.8000,3328.0000,3327.8000,3330.8000,3331.0000,3331.4000,3331.6000,3332.0000,4,5,3,7,6,1,18,1,1,1
SF,IH2012,2020-09-21 09:31:06.800,3330.2000,32911,-2,427103580.000,5,1,4,多平,S,3330.0000,3328.8000,3328.0000,3327.8000,3327.0000,3330.4000,3330.8000,3331.0000,3331.4000,3332.0000,5,3,7,6,1,1,4,18,1,1
SF,IH2012,2020-09-21 09:31:07.300,3330.4000,32909,-2,434096760.000,7,2,5,多平,S,3328.8000,3328.0000,3327.8000,3327.0000,3326.0000,3330.8000,3331.0000,3331.4000,3331.6000,3332.0000,3,7,6,1,5,5,19,1,1,1
SF,IH2012,2020-09-21 09:31:07.800,3330.6000,32908,-1,435095940.000,1,0,1,双平,S,3329.6000,3329.0000,3328.8000,3328.0000,3327.8000,3330.6000,3330.8000,3331.0000,3331.6000,3332.0000,1,2,3,7,6,1,7,19,1,1
SF,IH2012,2020-09-21 09:31:08.300,3329.6000,32907,-1,436094820.000,1,0,1,双平,S,3329.0000,3328.8000,3328.0000,3327.8000,3327.0000,3330.4000,3330.6000,3330.8000,3331.0000,3331.6000,3,3,9,6,1,1,1,7,19,1
SF,IH2012,2020-09-21 09:31:08.800,3330.4000,32906,-1,437093940.000,1,0,1,双平,S,3329.0000,3328.8000,3328.0000,3327.8000,3327.0000,3330.4000,3330.8000,3331.0000,3331.6000,3332.0000,3,3,9,6,1,1,4,19,1,1
SF,IH2012,2020-09-21 09:31:09.300,3330.4000,32906,0,438093060.000,1,0,1,多换,S,3329.0000,3328.8000,3328.0000,3327.8000,3327.0000,3329.6000,3330.4000,3330.8000,3331.0000,3331.6000,3,3,9,6,1,1,2,4,19,1
SF,IH2012,2020-09-21 09:31:09.800,3329.6000,32905,-1,439091940.000,1,0,1,双平,S,3329.0000,3328.8000,3328.0000,3327.8000,3327.0000,3330.4000,3330.8000,3331.0000,3331.6000,3332.0000,3,3,9,6,1,2,4,19,1,1
SF,IH2012,2020-09-21 09:31:10.300,3329.0000,32904,-1,440090640.000,1,0,1,双平,S,3329.0000,3328.8000,3328.0000,3327.8000,3327.0000,3329.2000,3330.2000,3330.4000,3330.8000,3331.0000,2,3,9,6,1,1,2,2,4,19
SF,IH2012,2020-09-21 09:31:10.800,3329.0000,32901,-3,444085560.000,4,0,4,多平,S,3328.8000,3328.0000,3327.8000,3327.0000,3326.0000,3329.2000,3330.2000,3330.4000,3330.8000,3331.0000,3,8,6,1,5,1,3,1,4,19
SF,IH2012,2020-09-21 09:31:11.300,3328.8000,32899,-2,447081720.000,3,0,3,多平,S,3328.8000,3328.0000,3327.8000,3327.0000,3326.0000,3329.0000,3330.2000,3330.4000,3330.8000,3331.0000,2,8,6,1,5,1,3,1,4,19
SF,IH2012,2020-09-21 09:31:11.800,3328.8000,32899,0,449079000.000,2,1,1,多换,S,3328.0000,3327.8000,3327.0000,3326.0000,3325.0000,3329.0000,3330.2000,3330.4000,3330.8000,3331.0000,8,6,1,5,7,1,3,1,4,19
SF,IH2012,2020-09-21 09:31:12.300,3329.0000,32898,-1,451076400.000,2,0,2,多平,S,3328.2000,3328.0000,3327.8000,3327.0000,3326.0000,3328.8000,3330.2000,3330.4000,3330.8000,3331.0000,2,8,7,1,5,1,2,1,4,19
SF,IH2012,2020-09-21 09:31:12.800,3329.0000,32894,-4,455071140.000,4,0,4,双平,S,3329.8000,3328.4000,3328.2000,3328.0000,3327.8000,3330.2000,3330.4000,3330.8000,3331.0000,3332.0000,1,1,2,10,7,2,1,3,19,3
SF,IH2012,2020-09-21 09:31:13.300,3328.8000,32892,-2,458067360.000,3,0,3,多平,S,3328.8000,3328.4000,3328.2000,3328.0000,3327.8000,3329.6000,3329.8000,3330.0000,3330.2000,3330.4000,2,1,2,9,7,1,2,2,2,1
SF,IH2012,2020-09-21 09:31:13.800,3329.8000,32890,-2,460065180.000,2,0,2,双平,S,3329.2000,3329.0000,3328.8000,3328.4000,3328.2000,3330.2000,3330.4000,3330.8000,3331.0000,3332.0000,1,1,2,1,2,2,1,3,19,2
SF,IH2012,2020-09-21 09:31:14.300,3329.4000,32886,-4,464061060.000,4,0,4,双平,S,3329.2000,3328.8000,3328.4000,3328.2000,3328.0000,3330.4000,3330.8000,3331.0000,3332.0000,3332.2000,1,3,1,2,9,1,2,19,2,1
SF,IH2012,2020-09-21 09:31:14.800,3329.4000,32886,0,464061060.000,0,-,-,-,-,3329.4000,3329.2000,3328.8000,3328.4000,3328.2000,3329.8000,3330.4000,3330.8000,3331.0000,3332.0000,2,1,3,1,2,1,1,2,19,3
SF,IH2012,2020-09-21 09:31:15.300,3329.4000,32886,0,464061060.000,0,-,-,-,-,3329.4000,3329.2000,3328.8000,3328.4000,3328.2000,3329.8000,3330.4000,3330.8000,3331.0000,3332.0000,8,1,3,1,2,1,1,2,19,3
SF,IH2012,2020-09-21 09:31:15.800,3329.4000,32886,0,464061060.000,0,-,-,-,-,3329.4000,3329.2000,3328.8000,3328.4000,3328.2000,3329.8000,3330.4000,3330.8000,3331.0000,3332.0000,4,1,3,1,2,1,1,2,19,3
SF,IH2012,2020-09-21 09:31:16.300,3329.4000,32883,-3,467057520.000,3,0,3,双平,S,3329.2000,3328.8000,3328.4000,3328.2000,3328.0000,3329.4000,3329.8000,3330.4000,3330.8000,3331.0000,1,3,1,2,9,1,1,1,2,19
SF,IH2012,2020-09-21 09:31:16.800,3329.2000,32883,0,468056280.000,1,0,1,多换,S,3328.8000,3328.4000,3328.0000,3327.8000,3327.0000,3329.4000,3329.8000,3330.4000,3330.8000,3331.0000,3,1,9,6,2,1,1,1,2,19
SF,IH2012,2020-09-21 09:31:17.300,3328.8000,32880,-3,473049780.000,5,1,4,多平,S,3328.4000,3328.0000,3327.8000,3327.0000,3326.0000,3329.8000,3330.4000,3330.8000,3331.0000,3332.0000,1,9,6,2,5,1,1,1,19,2
SF,IH2012,2020-09-21 09:31:17.800,3329.4000,32879,-1,474048600.000,1,0,1,双平,S,3328.6000,3328.4000,3328.0000,3327.8000,3327.0000,3329.8000,3330.4000,3330.8000,3331.0000,3331.4000,5,1,9,6,2,1,1,1,19,1
SF,IH2012,2020-09-21 09:31:18.300,3329.4000,32879,0,474048600.000,0,-,-,-,-,3328.6000,3328.0000,3327.8000,3327.0000,3326.0000,3329.6000,3329.8000,3330.4000,3330.8000,3331.0000,1,9,6,2,5,1,1,1,1,19
SF,IH2012,2020-09-21 09:31:18.800,3329.4000,32879,0,476046240.000,2,1,1,多换,S,3328.0000,3327.8000,3327.0000,3326.0000,3325.0000,3329.4000,3329.6000,3329.8000,3330.4000,3331.0000,9,6,2,5,7,1,3,1,1,19
SF,IH2012,2020-09-21 09:31:19.300,3328.0000,32871,-8,484033500.000,8,0,8,双平,S,3327.8000,3327.0000,3326.0000,3325.0000,3324.2000,3328.6000,3329.2000,3329.4000,3329.6000,3329.8000,6,2,5,7,1,1,3,2,1,1
SF,IH2012,2020-09-21 09:31:19.800,3327.8000,32865,-6,490023540.000,6,0,6,双平,S,3327.0000,3326.0000,3325.0000,3324.2000,3323.0000,3327.8000,3328.4000,3328.6000,3329.0000,3329.2000,2,5,2,1,1,1,3,2,1,1
SF,IH2012,2020-09-21 09:31:20.300,3327.8000,32865,0,491021880.000,1,0,1,多换,S,3327.0000,3326.0000,3325.0000,3324.2000,3323.0000,3327.6000,3327.8000,3328.4000,3328.6000,3329.0000,2,5,2,1,1,1,2,1,2,1
SF,IH2012,2020-09-21 09:31:20.800,3327.0000,32863,-2,493018080.000,2,0,2,双平,S,3326.0000,3325.0000,3324.2000,3323.0000,3322.8000,3327.0000,3327.4000,3327.6000,3327.8000,3328.4000,5,2,1,1,1,1,1,1,2,1
SF,IH2012,2020-09-21 09:31:21.300,3327.0000,32863,0,493018080.000,0,-,-,-,-,3326.8000,3326.4000,3326.2000,3326.0000,3325.0000,3327.8000,3328.4000,3328.6000,3329.0000,3329.4000,1,4,1,5,2,2,1,2,1,1
SF,IH2012,2020-09-21 09:31:21.800,3327.0000,32863,0,493018080.000,0,-,-,-,-,3327.0000,3326.2000,3326.0000,3325.0000,3324.2000,3327.6000,3327.8000,3328.4000,3328.6000,3329.0000,1,1,5,2,1,1,2,1,2,1
SF,IH2012,2020-09-21 09:31:22.300,3327.0000,32857,-6,500005680.000,7,0,7,多平,S,3326.2000,3326.0000,3325.0000,3324.2000,3323.0000,3327.0000,3328.4000,3328.6000,3329.0000,3329.4000,1,5,2,1,1,2,1,2,1,1
SF,IH2012,2020-09-21 09:31:22.800,3326.8000,32855,-2,502999920.000,3,0,3,多平,S,3326.4000,3326.2000,3326.0000,3325.0000,3324.2000,3327.0000,3328.4000,3328.6000,3329.4000,3329.8000,9,2,5,2,1,1,1,2,1,1
SF,IH2012,2020-09-21 09:31:23.300,3327.0000,32854,-1,503998020.000,1,0,1,双平,S,3327.4000,3326.6000,3326.4000,3326.2000,3326.0000,3328.6000,3329.4000,3329.8000,3330.2000,3330.4000,1,1,11,2,5,2,1,1,1,1
SF,IH2012,2020-09-21 09:31:23.800,3328.4000,32853,-1,504996540.000,1,0,1,双平,S,3328.2000,3327.8000,3327.6000,3327.2000,3326.6000,3328.4000,3328.6000,3329.4000,3329.8000,3330.2000,1,2,1,1,1,1,2,1,1,1
SF,IH2012,2020-09-21 09:31:24.300,3328.2000,32852,-1,505995000.000,1,0,1,双平,S,3327.8000,3327.6000,3327.2000,3326.6000,3326.4000,3328.6000,3329.4000,3329.8000,3330.2000,3330.4000,1,1,1,1,8,2,1,1,1,1
SF,IH2012,2020-09-21 09:31:24.800,3327.8000,32851,-1,507991800.000,2,0,2,多平,S,3327.6000,3327.2000,3327.0000,3326.6000,3326.4000,3328.6000,3329.4000,3329.8000,3330.2000,3330.4000,1,1,1,1,7,1,1,1,1,1
SF,IH2012,2020-09-21 09:31:25.300,3327.8000,32850,-1,508990140.000,1,0,1,双平,S,3327.2000,3327.0000,3326.6000,3326.4000,3326.0000,3328.4000,3328.6000,3329.4000,3329.8000,3330.2000,1,1,1,7,5,1,1,1,1,1
SF,IH2012,2020-09-21 09:31:25.800,3327.8000,32850,0,508990140.000,0,-,-,-,-,3327.4000,3327.2000,3327.0000,3326.6000,3326.4000,3328.6000,3329.4000,3329.8000,3330.2000,3330.4000,6,1,1,1,3,1,1,1,1,1
SF,IH2012,2020-09-21 09:31:26.300,3327.8000,32850,0,508990140.000,0,-,-,-,-,3327.4000,3327.2000,3327.0000,3326.6000,3326.4000,3329.4000,3329.8000,3330.2000,3330.4000,3331.0000,6,2,1,1,3,1,1,1,1,18
SF,IH2012,2020-09-21 09:31:26.800,3329.2000,32850,0,509988900.000,1,0,1,多换,S,3327.6000,3327.4000,3327.2000,3327.0000,3326.6000,3329.2000,3329.4000,3329.8000,3330.2000,3330.4000,1,6,2,1,1,1,1,1,1,1
SF,IH2012,2020-09-21 09:31:27.300,3327.8000,32849,-1,511986000.000,2,0,2,多平,S,3327.8000,3327.6000,3327.4000,3327.2000,3327.0000,3328.4000,3329.4000,3329.8000,3330.2000,3330.4000,1,1,5,2,1,1,1,1,1,1
SF,IH2012,2020-09-21 09:31:27.800,3328.0000,32847,-2,513982920.000,2,0,2,双平,S,3328.0000,3327.4000,3327.2000,3327.0000,3326.6000,3329.4000,3329.8000,3330.2000,3330.4000,3331.0000,3,5,1,1,2,1,1,1,1,18
SF,IH2012,2020-09-21 09:31:28.300,3328.0000,32844,-3,516978900.000,3,0,3,双平,S,3328.2000,3327.8000,3327.4000,3327.2000,3327.0000,3328.6000,3329.8000,3330.2000,3330.4000,3331.0000,1,1,5,1,1,1,1,1,1,18
SF,IH2012,2020-09-21 09:31:28.800,3328.2000,32843,-1,518975940.000,2,0,2,多平,S,3327.8000,3327.4000,3327.2000,3327.0000,3326.6000,3329.8000,3330.2000,3330.4000,3331.0000,3332.0000,1,5,1,1,2,1,1,1,18,2
SF,IH2012,2020-09-21 09:31:29.300,3328.0000,32842,-1,519974340.000,1,0,1,双平,S,3328.0000,3327.8000,3327.4000,3327.2000,3327.0000,3329.4000,3329.8000,3330.2000,3330.4000,3331.0000,1,1,4,1,1,1,1,1,1,18
SF,IH2012,2020-09-21 09:31:29.800,3328.0000,32842,0,519974340.000,0,-,-,-,-,3328.0000,3327.8000,3327.4000,3327.2000,3327.0000,3329.2000,3329.4000,3329.8000,3330.2000,3330.4000,1,1,4,1,1,1,1,1,1,1
SF,IH2012,2020-09-21 09:31:30.300,3328.0000,32842,0,519974340.000,0,-,-,-,-,3327.8000,3327.4000,3327.2000,3327.0000,3326.6000,3328.0000,3329.2000,3329.4000,3329.8000,3330.2000,1,4,1,1,2,2,1,1,1,1
SF,IH2012,2020-09-21 09:31:30.800,3329.8000,32840,-2,525966000.000,6,2,4,多平,S,3327.4000,3327.2000,3327.0000,3326.6000,3326.0000,3330.2000,3330.4000,3331.0000,3332.0000,3332.2000,4,1,1,2,5,1,1,18,2,1
SF,IH2012,2020-09-21 09:31:31.300,3327.6000,32839,-1,527962560.000,2,0,2,多平,S,3327.4000,3327.2000,3327.0000,3326.6000,3326.0000,3329.8000,3330.0000,3330.2000,3330.4000,3331.0000,4,1,1,2,5,1,5,1,1,19
SF,IH2012,2020-09-21 09:31:31.800,3327.6000,32839,0,527962560.000,0,-,-,-,-,3328.4000,3327.6000,3327.4000,3327.2000,3327.0000,3329.6000,3329.8000,3330.0000,3330.2000,3330.4000,1,2,4,1,1,2,1,4,1,1
SF,IH2012,2020-09-21 09:31:32.300,3329.4000,32838,-1,528961380.000,1,0,1,双平,S,3328.6000,3328.4000,3327.6000,3327.4000,3327.2000,3329.8000,3330.0000,3330.2000,3330.4000,3331.0000,1,1,1,4,1,1,4,1,1,19
SF,IH2012,2020-09-21 09:31:32.800,3329.4000,32838,0,528961380.000,0,-,-,-,-,3328.8000,3328.6000,3328.4000,3327.4000,3327.2000,3330.0000,3330.2000,3330.4000,3331.0000,3332.0000,1,1,1,4,1,1,1,1,19,2
SF,IH2012,2020-09-21 09:31:33.300,3329.4000,32838,0,528961380.000,0,-,-,-,-,3329.0000,3328.8000,3327.8000,3327.4000,3327.2000,3329.8000,3330.0000,3330.2000,3330.4000,3331.0000,1,1,1,4,1,1,1,1,1,19
SF,IH2012,2020-09-21 09:31:33.800,3329.4000,32838,0,528961380.000,0,-,-,-,-,3329.4000,3329.0000,3328.8000,3327.8000,3327.4000,3329.8000,3330.0000,3330.2000,3330.4000,3331.0000,1,1,1,1,4,1,1,1,1,19
SF,IH2012,2020-09-21 09:31:34.300,3329.4000,32836,-2,531957840.000,3,0,3,多平,S,3328.8000,3327.8000,3327.4000,3327.2000,3327.0000,3329.8000,3330.0000,3330.2000,3330.4000,3331.0000,1,1,4,1,1,1,1,1,1,19
SF,IH2012,2020-09-21 09:31:34.800,3329.6000,32836,0,533955600.000,2,1,1,多换,S,3328.8000,3328.0000,3327.8000,3327.4000,3327.2000,3329.6000,3329.8000,3330.0000,3330.2000,3330.4000,1,1,1,4,1,1,1,1,1,1
SF,IH2012,2020-09-21 09:31:35.300,3329.6000,32835,-1,534954480.000,1,0,1,双平,S,3328.0000,3327.8000,3327.4000,3327.2000,3327.0000,3329.8000,3330.0000,3330.2000,3330.4000,3331.0000,1,1,4,1,1,1,1,1,1,19
SF,IH2012,2020-09-21 09:31:35.800,3329.6000,32835,0,534954480.000,0,-,-,-,-,3328.2000,3328.0000,3327.8000,3327.4000,3327.2000,3329.6000,3329.8000,3330.0000,3330.2000,3330.4000,2,2,1,4,1,1,1,1,1,1
SF,IH2012,2020-09-21 09:31:36.300,3329.6000,32835,0,534954480.000,0,-,-,-,-,3328.2000,3328.0000,3327.8000,3327.4000,3327.2000,3329.6000,3329.8000,3330.0000,3330.2000,3330.4000,2,1,1,4,1,1,1,1,1,1
SF,IH2012,2020-09-21 09:31:36.800,3328.0000,32833,-2,538948200.000,4,1,3,多平,S,3327.8000,3327.4000,3327.2000,3327.0000,3326.6000,3329.6000,3329.8000,3330.0000,3330.2000,3330.4000,1,4,1,1,2,1,1,1,1,1
SF,IH2012,2020-09-21 09:31:37.300,3327.8000,32832,-1,540944940.000,2,0,2,多平,S,3327.4000,3327.2000,3327.0000,3326.6000,3326.0000,3329.6000,3329.8000,3330.0000,3330.2000,3330.4000,4,1,1,2,5,3,1,1,1,1
SF,IH2012,2020-09-21 09:31:37.800,3327.8000,32832,0,540944940.000,0,-,-,-,-,3327.6000,3327.2000,3327.0000,3326.6000,3326.0000,3329.4000,3329.6000,3329.8000,3330.0000,3330.2000,1,1,1,2,5,4,2,1,1,1
SF,IH2012,2020-09-21 09:31:38.300,3327.8000,32832,0,540944940.000,0,-,-,-,-,3327.6000,3327.2000,3327.0000,3326.6000,3326.0000,3329.2000,3329.4000,3329.6000,3329.8000,3330.0000,1,1,1,2,5,3,4,1,1,1
SF,IH2012,2020-09-21 09:31:38.800,3327.6000,32831,-1,541943220.000,1,0,1,双平,S,3327.0000,3326.6000,3326.0000,3325.0000,3324.2000,3329.0000,3329.2000,3329.4000,3329.6000,3329.8000,1,2,5,4,1,1,3,3,1,1
SF,IH2012,2020-09-21 09:31:39.300,3327.6000,32831,0,541943220.000,0,-,-,-,-,3327.2000,3327.0000,3326.6000,3326.0000,3325.0000,3328.8000,3329.0000,3329.4000,3329.6000,3329.8000,1,1,2,5,4,3,2,3,1,1
SF,IH2012,2020-09-21 09:31:39.800,3327.6000,32832,1,542941500.000,1,1,0,双开,S,3327.4000,3327.2000,3327.0000,3326.6000,3326.0000,3328.6000,3328.8000,3329.0000,3329.4000,3329.8000,5,1,1,2,5,1,3,2,3,1
SF,IH2012,2020-09-21 09:31:40.300,3327.6000,32832,0,542941500.000,0,-,-,-,-,3327.2000,3327.0000,3326.6000,3326.0000,3325.0000,3328.6000,3328.8000,3329.0000,3329.4000,3329.8000,1,1,1,5,4,1,3,2,3,1
SF,IH2012,2020-09-21 09:31:40.800,3327.6000,32832,0,542941500.000,0,-,-,-,-,3327.2000,3327.0000,3326.6000,3326.0000,3325.0000,3327.4000,3328.6000,3328.8000,3329.0000,3329.4000,1,1,1,5,4,1,1,3,2,3
SF,IH2012,2020-09-21 09:31:41.300,3327.6000,32830,-2,544938060.000,2,0,2,双平,S,3328.0000,3327.6000,3327.4000,3327.2000,3327.0000,3328.6000,3328.8000,3329.0000,3329.4000,3329.8000,2,2,1,1,1,1,3,1,3,1
SF,IH2012,2020-09-21 09:31:41.800,3328.0000,32830,0,546934860.000,2,1,1,多换,S,3327.2000,3327.0000,3326.6000,3326.4000,3326.0000,3328.4000,3328.6000,3328.8000,3329.0000,3329.4000,1,1,1,1,5,2,1,2,1,3
SF,IH2012,2020-09-21 09:31:42.300,3328.0000,32830,0,546934860.000,0,-,-,-,-,3328.0000,3327.0000,3326.6000,3326.4000,3326.0000,3328.2000,3328.4000,3328.8000,3329.4000,3329.8000,1,1,1,1,5,1,3,2,3,1
SF,IH2012,2020-09-21 09:31:42.800,3328.0000,32828,-2,548931660.000,2,0,2,双平,S,3327.0000,3326.6000,3326.4000,3326.0000,3325.0000,3328.4000,3328.8000,3329.4000,3329.8000,3330.0000,1,1,1,5,3,3,2,3,1,1
SF,IH2012,2020-09-21 09:31:43.300,3328.4000,32826,-2,552925860.000,4,1,3,多平,S,3327.4000,3327.2000,3327.0000,3326.6000,3326.4000,3328.8000,3329.8000,3330.0000,3330.4000,3331.0000,4,4,1,1,1,1,1,2,1,18
SF,IH2012,2020-09-21 09:31:43.800,3328.4000,32826,0,552925860.000,0,-,-,-,-,3327.6000,3327.4000,3327.2000,3327.0000,3326.6000,3329.8000,3330.0000,3330.4000,3331.0000,3332.0000,4,4,3,2,1,1,2,1,18,1
SF,IH2012,2020-09-21 09:31:44.300,3328.4000,32826,0,552925860.000,0,-,-,-,-,3328.4000,3327.8000,3327.6000,3327.4000,3327.2000,3329.2000,3329.6000,3329.8000,3330.0000,3330.4000,1,5,1,1,2,1,3,1,3,1
SF,IH2012,2020-09-21 09:31:44.800,3328.4000,32825,-1,554922900.000,2,0,2,多平,S,3327.8000,3327.6000,3327.4000,3327.2000,3327.0000,3329.0000,3329.8000,3330.0000,3330.4000,3331.0000,5,1,1,1,2,2,1,3,1,18
SF,IH2012,2020-09-21 09:31:45.300,3328.4000,32825,0,554922900.000,0,-,-,-,-,3328.8000,3327.8000,3327.6000,3327.4000,3327.2000,3329.0000,3329.8000,3330.0000,3330.4000,3331.0000,1,5,1,1,1,2,1,3,1,18
SF,IH2012,2020-09-21 09:31:45.800,3328.8000,32825,0,555921540.000,1,0,1,多换,S,3327.8000,3327.6000,3327.4000,3327.2000,3327.0000,3328.4000,3328.8000,3329.2000,3329.8000,3330.0000,5,1,1,1,2,5,2,1,1,3
SF,IH2012,2020-09-21 09:31:46.300,3328.2000,32824,-1,557918520.000,2,0,2,多平,S,3328.2000,3327.8000,3327.6000,3327.4000,3327.2000,3328.4000,3328.8000,3329.2000,3329.8000,3330.0000,1,5,1,1,1,4,3,1,1,3
SF,IH2012,2020-09-21 09:31:46.800,3328.2000,32823,-1,558916980.000,1,0,1,双平,S,3327.8000,3327.6000,3327.4000,3327.2000,3327.0000,3328.2000,3328.4000,3328.8000,3329.2000,3329.8000,1,1,1,1,2,1,4,2,1,1
SF,IH2012,2020-09-21 09:31:47.300,3327.6000,32821,-2,560913600.000,2,0,2,双平,S,3327.8000,3327.4000,3327.2000,3327.0000,3326.6000,3328.2000,3328.4000,3328.8000,3329.0000,3329.2000,3,1,1,2,1,1,4,2,1,1
SF,IH2012,2020-09-21 09:31:47.800,3327.6000,32821,0,561911880.000,1,0,1,多换,S,3327.8000,3327.4000,3327.2000,3327.0000,3326.6000,3328.2000,3328.4000,3328.8000,3329.0000,3329.2000,2,1,1,2,1,1,4,2,1,1
SF,IH2012,2020-09-21 09:31:48.300,3327.8000,32819,-2,563908560.000,2,0,2,双平,S,3327.8000,3327.4000,3327.2000,3327.0000,3326.6000,3328.2000,3328.4000,3328.8000,3329.0000,3329.2000,1,1,1,2,1,1,4,2,1,1
SF,IH2012,2020-09-21 09:31:48.800,3327.8000,32817,-2,567901620.000,4,1,3,多平,S,3327.0000,3326.6000,3326.0000,3325.0000,3324.2000,3328.0000,3328.2000,3328.4000,3328.8000,3329.0000,1,1,5,3,1,1,1,4,1,1
SF,IH2012,2020-09-21 09:31:49.300,3327.8000,32817,0,567901620.000,0,-,-,-,-,3327.2000,3327.0000,3326.6000,3326.0000,3325.0000,3327.8000,3328.0000,3328.2000,3328.4000,3328.8000,2,1,1,5,3,1,2,1,4,1
SF,IH2012,2020-09-21 09:31:49.800,3327.6000,32816,-1,569898240.000,2,0,2,多平,S,3327.4000,3327.0000,3326.6000,3326.0000,3325.0000,3328.0000,3328.2000,3328.4000,3328.8000,3329.0000,5,1,1,5,3,1,1,4,1,1
SF,IH2012,2020-09-21 09:31:50.300,3328.0000,32816,0,570896640.000,1,0,1,多换,S,3327.8000,3327.0000,3326.6000,3326.0000,3325.0000,3328.2000,3328.4000,3328.8000,3329.0000,3329.2000,2,1,1,5,3,1,4,1,1,1
SF,IH2012,2020-09-21 09:31:50.800,3328.2000,32814,-2,573891780.000,3,0,3,多平,S,3327.0000,3326.6000,3326.0000,3325.0000,3324.2000,3327.4000,3327.8000,3328.4000,3328.8000,3329.0000,1,1,5,2,1,1,2,4,1,2
SF,IH2012,2020-09-21 09:31:51.300,3327.4000,32813,-1,576886440.000,3,1,2,多平,S,3327.4000,3327.0000,3326.6000,3326.0000,3325.0000,3327.8000,3328.4000,3328.8000,3329.0000,3329.2000,1,1,1,5,2,2,4,1,2,1
SF,IH2012,2020-09-21 09:31:51.800,3327.8000,32811,-2,580879980.000,4,1,3,多平,S,3327.8000,3327.2000,3327.0000,3326.6000,3326.0000,3328.4000,3328.8000,3329.0000,3329.2000,3329.6000,1,6,1,1,5,3,1,2,1,1
SF,IH2012,2020-09-21 09:31:52.300,3328.4000,32811,0,581878500.000,1,0,1,多换,S,3327.8000,3327.2000,3327.0000,3326.6000,3326.0000,3328.4000,3328.8000,3329.0000,3329.2000,3329.6000,2,6,1,1,5,2,1,2,1,1
SF,IH2012,2020-09-21 09:31:52.800,3327.2000,32807,-4,585871560.000,4,0,4,双平,S,3327.2000,3327.0000,3326.6000,3326.0000,3325.0000,3328.4000,3328.8000,3329.0000,3329.2000,3329.6000,2,1,1,5,2,2,1,2,1,1
SF,IH2012,2020-09-21 09:31:53.300,3327.4000,32804,-3,588866460.000,3,0,3,双平,S,3327.2000,3327.0000,3326.6000,3326.0000,3325.0000,3328.2000,3328.4000,3328.8000,3329.0000,3329.2000,2,1,1,5,2,2,2,1,2,1
SF,IH2012,2020-09-21 09:31:53.800,3327.4000,32804,0,588866460.000,0,-,-,-,-,3327.4000,3327.2000,3327.0000,3326.6000,3326.2000,3328.2000,3328.4000,3328.8000,3329.0000,3329.2000,1,2,1,1,1,2,2,1,2,1
SF,IH2012,2020-09-21 09:31:54.300,3328.2000,32803,-1,589864920.000,1,0,1,双平,S,3327.8000,3327.4000,3327.0000,3326.6000,3326.2000,3328.2000,3328.4000,3328.8000,3329.0000,3329.2000,3,1,1,1,1,1,2,1,2,1
SF,IH2012,2020-09-21 09:31:54.800,3328.2000,32803,0,589864920.000,0,-,-,-,-,3327.8000,3327.4000,3327.0000,3326.6000,3326.2000,3328.2000,3328.4000,3328.8000,3329.0000,3329.2000,1,1,1,1,1,1,2,1,2,1
SF,IH2012,2020-09-21 09:31:55.300,3328.2000,32803,0,589864920.000,0,-,-,-,-,3327.8000,3327.4000,3327.0000,3326.6000,3326.2000,3328.4000,3328.8000,3329.0000,3329.2000,3329.6000,1,1,1,1,1,2,2,2,1,1
SF,IH2012,2020-09-21 09:31:55.800,3328.4000,32802,-1,590863440.000,1,0,1,双平,S,3327.8000,3327.4000,3327.0000,3326.6000,3326.2000,3328.4000,3328.8000,3329.0000,3329.2000,3329.6000,1,1,1,1,1,1,1,2,1,1
SF,IH2012,2020-09-21 09:31:56.300,3328.4000,32802,0,590863440.000,0,-,-,-,-,3327.8000,3327.4000,3327.0000,3326.6000,3326.2000,3328.0000,3328.4000,3328.8000,3329.0000,3329.2000,1,1,1,1,1,1,1,1,2,1
SF,IH2012,2020-09-21 09:31:57.300,3327.8000,32801,-1,592860180.000,2,0,2,多平,S,3327.4000,3327.0000,3326.6000,3326.2000,3326.0000,3328.4000,3328.8000,3329.0000,3329.2000,3329.6000,1,1,1,1,5,1,1,2,1,1
SF,IH2012,2020-09-21 09:31:57.800,3327.8000,32801,0,592860180.000,0,-,-,-,-,3327.6000,3327.0000,3326.6000,3326.2000,3326.0000,3327.8000,3328.2000,3328.4000,3328.8000,3329.0000,2,1,1,1,5,1,1,1,1,2
SF,IH2012,2020-09-21 09:31:58.300,3327.6000,32799,-2,594856740.000,2,0,2,双平,S,3327.0000,3326.6000,3326.2000,3326.0000,3325.0000,3327.6000,3327.8000,3328.2000,3328.4000,3328.8000,1,1,1,5,2,1,1,1,1,1
SF,IH2012,2020-09-21 09:31:58.800,3327.6000,32799,0,594856740.000,0,-,-,-,-,3327.0000,3326.6000,3326.2000,3326.0000,3325.0000,3327.8000,3328.0000,3328.2000,3328.4000,3328.8000,1,1,1,5,2,2,1,1,1,1
SF,IH2012,2020-09-21 09:31:59.300,3327.6000,32799,0,596853360.000,2,1,1,多换,S,3327.4000,3327.0000,3326.6000,3326.2000,3326.0000,3327.8000,3328.0000,3328.2000,3328.4000,3328.8000,1,1,1,1,5,1,1,1,1,1
SF,IH2012,2020-09-21 09:31:59.800,3327.6000,32799,0,596853360.000,0,-,-,-,-,3327.0000,3326.6000,3326.2000,3326.0000,3325.0000,3327.8000,3328.0000,3328.2000,3328.4000,3328.8000,1,1,1,5,2,1,1,1,1,1
SF,IH2012,2020-09-21 09:32:00.300,3327.8000,32798,-1,597851700.000,1,0,1,双平,S,3327.4000,3327.0000,3326.6000,3326.2000,3326.0000,3328.0000,3328.2000,3328.4000,3328.8000,3329.0000,1,1,1,1,5,1,1,1,1,2
SF,IH2012,2020-09-21 09:32:01.300,3327.4000,32797,-1,598849920.000,1,0,1,双平,S,3327.0000,3326.6000,3326.2000,3326.0000,3325.0000,3328.0000,3328.2000,3328.4000,3328.8000,3329.0000,1,1,1,5,2,1,1,1,1,2
SF,IH2012,2020-09-21 09:32:01.800,3327.0000,32796,-1,599848020.000,1,0,1,双平,S,3326.6000,3326.2000,3326.0000,3325.0000,3324.2000,3327.8000,3328.0000,3328.2000,3328.4000,3328.8000,1,1,5,2,1,3,1,1,1,1
SF,IH2012,2020-09-21 09:32:02.300,3327.6000,32795,-1,602842980.000,3,1,2,多平,S,3327.4000,3327.0000,3326.8000,3326.6000,3326.2000,3327.8000,3328.0000,3328.2000,3328.4000,3328.8000,2,3,4,2,1,1,1,1,1,1
SF,IH2012,2020-09-21 09:32:02.800,3327.6000,32795,0,602842980.000,0,-,-,-,-,3327.0000,3326.8000,3326.6000,3326.2000,3326.0000,3327.8000,3328.0000,3328.2000,3328.4000,3328.8000,1,1,1,1,5,3,1,1,1,1
SF,IH2012,2020-09-21 09:32:03.300,3327.0000,32795,0,603841080.000,1,0,1,多换,S,3326.6000,3326.2000,3326.0000,3325.8000,3325.0000,3327.6000,3327.8000,3328.0000,3328.4000,3328.8000,1,1,5,1,2,1,3,1,1,1
SF,IH2012,2020-09-21 09:32:03.800,3327.0000,32795,0,603841080.000,0,-,-,-,-,3327.0000,3326.8000,3326.6000,3326.2000,3326.0000,3327.6000,3327.8000,3328.0000,3328.4000,3328.8000,2,1,1,1,6,1,3,1,1,1
SF,IH2012,2020-09-21 09:32:04.300,3327.0000,32795,0,603841080.000,0,-,-,-,-,3326.8000,3326.6000,3326.2000,3326.0000,3325.8000,3327.6000,3327.8000,3328.0000,3328.4000,3328.8000,1,1,1,6,1,1,3,1,2,1
SF,IH2012,2020-09-21 09:32:05.300,3327.0000,32795,0,603841080.000,0,-,-,-,-,3326.8000,3326.6000,3326.2000,3326.0000,3325.8000,3327.6000,3327.8000,3328.0000,3328.4000,3328.8000,1,1,1,6,1,1,3,1,2,1
SF,IH2012,2020-09-21 09:32:05.800,3327.0000,32795,0,603841080.000,0,-,-,-,-,3326.8000,3326.6000,3326.2000,3326.0000,3325.8000,3327.6000,3327.8000,3328.0000,3328.4000,3328.8000,1,1,1,6,1,2,3,2,2,1
SF,IH2012,2020-09-21 09:32:06.300,3326.6000,32794,-1,605837100.000,2,0,2,多平,S,3326.2000,3326.0000,3325.8000,3325.6000,3325.0000,3327.4000,3327.6000,3327.8000,3328.0000,3328.4000,1,6,1,1,2,1,2,3,2,2
SF,IH2012,2020-09-21 09:32:06.800,3326.6000,32794,0,605837100.000,0,-,-,-,-,3327.0000,3326.6000,3326.2000,3326.0000,3325.8000,3327.2000,3327.4000,3327.6000,3327.8000,3328.0000,1,2,1,6,1,1,1,2,2,2
SF,IH2012,2020-09-21 09:32:07.300,3326.6000,32793,-1,608831040.000,3,1,2,多平,S,3326.2000,3326.0000,3325.8000,3325.6000,3325.0000,3326.8000,3327.0000,3327.2000,3327.4000,3327.6000,1,6,1,1,2,1,1,2,1,2
SF,IH2012,2020-09-21 09:32:07.800,3326.0000,32791,-2,611824500.000,3,0,3,多平,S,3326.0000,3325.8000,3325.6000,3325.0000,3324.2000,3326.6000,3326.8000,3327.0000,3327.2000,3327.6000,4,1,1,2,1,1,1,1,1,2
SF,IH2012,2020-09-21 09:32:08.300,3326.4000,32790,-1,616813620.000,5,2,3,多平,S,3325.8000,3325.6000,3325.0000,3324.2000,3324.0000,3326.6000,3326.8000,3327.0000,3327.2000,3327.6000,1,1,2,1,2,4,1,1,1,2
SF,IH2012,2020-09-21 09:32:08.800,3326.4000,32790,0,616813620.000,0,-,-,-,-,3326.2000,3325.8000,3325.6000,3325.0000,3324.2000,3326.6000,3326.8000,3327.0000,3327.2000,3327.6000,1,2,1,2,1,5,1,1,1,2
SF,IH2012,2020-09-21 09:32:09.300,3326.2000,32789,-1,617811480.000,1,0,1,双平,S,3325.8000,3325.6000,3325.0000,3324.2000,3323.0000,3326.2000,3326.6000,3326.8000,3327.0000,3327.2000,1,1,2,1,1,1,5,1,1,1
SF,IH2012,2020-09-21 09:32:09.800,3326.2000,32789,0,619807080.000,2,1,1,多换,S,3325.6000,3325.0000,3324.2000,3323.0000,3322.8000,3326.6000,3326.8000,3327.0000,3327.2000,3327.6000,1,2,1,1,1,5,1,1,1,2
SF,IH2012,2020-09-21 09:32:10.300,3326.2000,32789,0,619807080.000,0,-,-,-,-,3326.2000,3325.8000,3325.6000,3325.0000,3324.2000,3326.4000,3326.6000,3326.8000,3327.0000,3327.6000,2,1,1,2,1,1,4,1,1,2
SF,IH2012,2020-09-21 09:32:10.800,3326.4000,32788,-1,620805000.000,1,0,1,双平,S,3326.2000,3325.8000,3325.6000,3325.4000,3325.0000,3326.6000,3326.8000,3327.0000,3327.6000,3328.0000,2,1,1,1,2,4,1,1,2,2
SF,IH2012,2020-09-21 09:32:11.300,3326.6000,32787,-1,621802980.000,1,0,1,双平,S,3325.8000,3325.6000,3325.4000,3325.0000,3324.8000,3326.6000,3326.8000,3327.0000,3327.6000,3328.0000,1,1,1,2,1,3,1,1,2,2
SF,IH2012,2020-09-21 09:32:11.800,3326.6000,32787,0,622800960.000,1,0,1,多换,S,3326.2000,3325.8000,3325.6000,3325.4000,3325.0000,3326.6000,3326.8000,3327.0000,3327.6000,3328.0000,1,1,1,1,2,2,1,1,2,2
SF,IH2012,2020-09-21 09:32:12.300,3326.6000,32783,-4,628788780.000,6,1,5,多平,S,3325.8000,3325.6000,3325.4000,3325.0000,3324.8000,3327.0000,3327.6000,3328.0000,3328.4000,3328.6000,1,1,1,2,1,1,2,2,2,1
SF,IH2012,2020-09-21 09:32:12.800,3326.6000,32783,0,628788780.000,0,-,-,-,-,3326.6000,3326.0000,3325.6000,3325.4000,3325.0000,3327.6000,3328.0000,3328.4000,3328.6000,3328.8000,1,2,1,1,2,2,2,2,1,1
SF,IH2012,2020-09-21 09:32:13.300,3326.6000,32783,0,629786760.000,1,0,1,多换,S,3326.0000,3325.8000,3325.6000,3325.4000,3325.0000,3327.4000,3327.6000,3328.0000,3328.4000,3328.6000,1,1,1,1,2,1,2,2,2,1
SF,IH2012,2020-09-21 09:32:13.800,3327.4000,32782,-1,630784980.000,1,0,1,双平,S,3326.6000,3326.2000,3326.0000,3325.8000,3325.6000,3327.6000,3328.0000,3328.4000,3328.6000,3328.8000,1,1,1,1,1,2,2,2,1,1
SF,IH2012,2020-09-21 09:32:14.300,3327.6000,32780,-2,632781540.000,2,0,2,双平,S,3326.8000,3326.6000,3326.2000,3325.8000,3325.6000,3327.4000,3328.0000,3328.4000,3328.6000,3328.8000,1,1,2,1,1,3,2,2,1,1
SF,IH2012,2020-09-21 09:32:14.800,3327.6000,32780,0,632781540.000,0,-,-,-,-,3326.8000,3326.6000,3325.8000,3325.6000,3325.4000,3327.4000,3328.0000,3328.4000,3328.6000,3328.8000,1,1,1,1,1,3,2,2,1,1
SF,IH2012,2020-09-21 09:32:15.300,3326.8000,32780,0,634777620.000,2,1,1,多换,S,3326.6000,3325.8000,3325.6000,3325.4000,3325.0000,3327.2000,3327.4000,3328.0000,3328.4000,3328.6000,2,1,1,1,2,1,3,3,2,1
SF,IH2012,2020-09-21 09:32:15.800,3326.6000,32781,1,635775600.000,1,1,0,双开,S,3326.6000,3325.8000,3325.6000,3325.4000,3325.0000,3327.2000,3327.4000,3328.0000,3328.4000,3328.6000,1,1,1,1,2,1,3,3,2,1
SF,IH2012,2020-09-21 09:32:16.300,3326.6000,32781,0,635775600.000,0,-,-,-,-,3326.6000,3325.8000,3325.6000,3325.4000,3325.0000,3327.4000,3328.0000,3328.4000,3328.6000,3328.8000,1,2,1,1,2,3,4,2,1,1
SF,IH2012,2020-09-21 09:32:16.800,3325.8000,32780,-1,637771320.000,2,0,2,多平,S,3325.8000,3325.6000,3325.4000,3325.0000,3324.8000,3327.2000,3327.4000,3328.0000,3328.4000,3328.6000,1,1,1,2,1,1,3,4,2,1
SF,IH2012,2020-09-21 09:32:17.300,3325.8000,32779,-1,638769060.000,1,0,1,双平,S,3325.8000,3325.6000,3325.4000,3325.0000,3324.8000,3327.2000,3327.4000,3328.0000,3328.4000,3328.6000,1,1,1,2,1,2,3,4,2,1
SF,IH2012,2020-09-21 09:32:17.800,3327.0000,32778,-1,639767160.000,1,0,1,双平,S,3325.8000,3325.6000,3325.4000,3325.0000,3324.8000,3327.0000,3327.2000,3327.4000,3328.0000,3328.4000,2,1,1,2,1,2,2,3,4,2
SF,IH2012,2020-09-21 09:32:18.300,3327.0000,32778,0,639767160.000,0,-,-,-,-,3325.8000,3325.6000,3325.4000,3325.0000,3324.8000,3326.8000,3327.0000,3327.2000,3327.4000,3328.0000,2,1,1,2,1,1,2,1,3,4
SF,IH2012,2020-09-21 09:32:18.800,3327.0000,32778,0,639767160.000,0,-,-,-,-,3326.0000,3325.8000,3325.6000,3325.4000,3325.0000,3326.8000,3327.0000,3327.2000,3327.4000,3328.0000,1,2,1,1,2,1,2,1,3,4
SF,IH2012,2020-09-21 09:32:19.300,3327.0000,32778,0,639767160.000,0,-,-,-,-,3326.0000,3325.8000,3325.6000,3325.4000,3325.0000,3326.8000,3327.0000,3327.4000,3328.0000,3328.4000,1,2,1,1,2,1,1,3,4,2
SF,IH2012,2020-09-21 09:32:19.800,3327.0000,32778,0,639767160.000,0,-,-,-,-,3325.8000,3325.6000,3325.4000,3325.0000,3324.8000,3327.0000,3327.4000,3328.0000,3328.4000,3328.6000,2,1,1,2,1,1,3,4,2,1
SF,IH2012,2020-09-21 09:32:20.300,3327.0000,32778,0,639767160.000,0,-,-,-,-,3326.0000,3325.8000,3325.6000,3325.4000,3325.0000,3326.8000,3327.0000,3327.4000,3328.0000,3328.4000,2,2,1,1,2,1,1,3,4,2
SF,IH2012,2020-09-21 09:32:20.800,3327.0000,32778,0,639767160.000,0,-,-,-,-,3326.6000,3326.0000,3325.8000,3325.6000,3325.4000,3327.4000,3328.0000,3328.4000,3328.6000,3328.8000,2,2,5,1,1,3,4,2,1,1
SF,IH2012,2020-09-21 09:32:21.300,3327.0000,32778,0,639767160.000,0,-,-,-,-,3325.8000,3325.6000,3325.4000,3325.0000,3324.8000,3326.6000,3327.2000,3327.4000,3328.0000,3328.4000,5,1,1,2,1,1,2,3,4,2
SF,IH2012,2020-09-21 09:32:21.800,3327.0000,32778,0,639767160.000,0,-,-,-,-,3325.8000,3325.6000,3325.4000,3325.0000,3324.8000,3326.6000,3327.2000,3327.4000,3328.0000,3328.4000,2,1,1,2,1,1,2,3,4,2
SF,IH2012,2020-09-21 09:32:22.300,3326.6000,32777,-1,641763120.000,2,0,2,多平,S,3325.8000,3325.6000,3325.4000,3325.0000,3324.8000,3327.2000,3327.4000,3328.0000,3328.4000,3328.6000,4,1,1,2,1,2,3,4,2,1
SF,IH2012,2020-09-21 09:32:22.800,3326.6000,32777,0,641763120.000,0,-,-,-,-,3326.0000,3325.8000,3325.6000,3325.4000,3325.0000,3327.2000,3327.4000,3328.0000,3328.4000,3328.6000,2,4,1,1,2,2,3,4,2,1
SF,IH2012,2020-09-21 09:32:23.300,3326.6000,32777,0,641763120.000,0,-,-,-,-,3325.8000,3325.6000,3325.4000,3325.0000,3324.8000,3327.2000,3327.4000,3328.0000,3328.4000,3328.6000,4,1,1,2,1,2,3,4,2,1
SF,IH2012,2020-09-21 09:32:23.800,3326.6000,32777,0,641763120.000,0,-,-,-,-,3326.4000,3326.0000,3325.8000,3325.6000,3325.4000,3327.2000,3327.4000,3328.0000,3328.4000,3328.6000,1,1,4,1,1,2,3,4,2,1
SF,IH2012,2020-09-21 09:32:24.300,3326.6000,32777,0,641763120.000,0,-,-,-,-,3326.4000,3325.8000,3325.6000,3325.4000,3325.0000,3327.2000,3327.4000,3328.0000,3328.4000,3328.6000,1,4,1,1,2,2,3,4,2,1
SF,IH2012,2020-09-21 09:32:25.300,3326.6000,32777,0,641763120.000,0,-,-,-,-,3326.4000,3325.8000,3325.6000,3325.4000,3325.0000,3327.2000,3327.4000,3328.0000,3328.4000,3328.6000,1,6,1,1,2,2,3,4,2,1
SF,IH2012,2020-09-21 09:32:25.800,3326.6000,32777,0,641763120.000,0,-,-,-,-,3326.4000,3325.8000,3325.6000,3325.4000,3325.0000,3326.6000,3327.2000,3327.4000,3328.0000,3328.4000,1,6,1,1,2,5,2,3,4,2
SF,IH2012,2020-09-21 09:32:26.300,3326.6000,32772,-5,646753020.000,5,0,5,双平,S,3326.8000,3326.6000,3326.4000,3325.8000,3325.6000,3327.2000,3327.4000,3328.0000,3328.4000,3328.6000,2,4,3,6,1,2,3,4,2,1
SF,IH2012,2020-09-21 09:32:26.800,3326.6000,32768,-4,650744940.000,4,0,4,双平,S,3326.4000,3326.0000,3325.8000,3325.6000,3325.4000,3326.6000,3327.2000,3328.0000,3328.4000,3328.6000,1,1,6,1,1,4,2,4,2,1
SF,IH2012,2020-09-21 09:32:27.300,3326.6000,32768,0,650744940.000,0,-,-,-,-,3326.4000,3326.0000,3325.8000,3325.6000,3325.4000,3326.6000,3327.2000,3328.0000,3328.4000,3328.6000,1,1,6,1,1,4,2,4,2,1
SF,IH2012,2020-09-21 09:32:27.800,3326.6000,32768,0,650744940.000,0,-,-,-,-,3326.4000,3326.0000,3325.8000,3325.6000,3325.4000,3326.6000,3326.8000,3327.2000,3328.0000,3328.4000,1,1,6,1,1,4,1,2,4,2
SF,IH2012,2020-09-21 09:32:28.300,3326.6000,32767,-1,652740840.000,2,0,2,多平,S,3326.0000,3325.8000,3325.6000,3325.4000,3325.0000,3326.6000,3326.8000,3327.0000,3327.2000,3328.0000,1,6,1,1,2,3,1,1,2,4
SF,IH2012,2020-09-21 09:32:29.300,3326.6000,32767,0,652740840.000,0,-,-,-,-,3326.0000,3325.8000,3325.6000,3325.4000,3325.0000,3326.6000,3326.8000,3327.0000,3327.2000,3328.0000,1,6,1,1,3,3,1,1,2,4
SF,IH2012,2020-09-21 09:32:29.800,3326.6000,32767,0,652740840.000,0,-,-,-,-,3325.8000,3325.6000,3325.4000,3325.0000,3324.8000,3326.6000,3326.8000,3327.0000,3327.2000,3328.0000,6,1,1,3,1,3,1,1,2,4
SF,IH2012,2020-09-21 09:32:30.300,3326.6000,32767,0,653738820.000,1,0,1,多换,S,3326.2000,3325.8000,3325.6000,3325.4000,3325.0000,3326.6000,3326.8000,3327.0000,3327.2000,3328.0000,1,6,1,1,3,2,1,1,2,4
SF,IH2012,2020-09-21 09:32:30.800,3325.8000,32763,-4,660723120.000,7,1,6,多平,S,3325.6000,3325.4000,3325.0000,3324.8000,3324.2000,3326.0000,3326.2000,3326.6000,3326.8000,3327.0000,1,1,3,1,5,1,2,7,1,1
SF,IH2012,2020-09-21 09:32:31.300,3325.6000,32762,-1,661720800.000,1,0,1,双平,S,3325.0000,3324.8000,3324.2000,3323.0000,3322.8000,3325.6000,3326.0000,3326.2000,3326.6000,3326.8000,3,1,5,1,1,1,2,1,7,1
SF,IH2012,2020-09-21 09:32:31.800,3325.0000,32760,-2,664713300.000,3,0,3,多平,S,3324.2000,3323.0000,3322.8000,3322.0000,3321.2000,3325.4000,3325.6000,3326.0000,3326.2000,3326.6000,5,1,1,1,5,3,2,1,1,7
SF,IH2012,2020-09-21 09:32:32.300,3325.0000,32760,0,664713300.000,0,-,-,-,-,3325.0000,3324.4000,3324.2000,3323.0000,3322.8000,3325.2000,3325.4000,3325.6000,3326.0000,3326.2000,2,2,5,1,1,1,3,2,1,1
SF,IH2012,2020-09-21 09:32:32.800,3325.0000,32760,0,664713300.000,0,-,-,-,-,3324.2000,3323.0000,3322.8000,3322.0000,3321.2000,3325.2000,3325.4000,3325.6000,3326.0000,3326.2000,4,1,1,1,5,1,3,2,1,1
SF,IH2012,2020-09-21 09:32:33.300,3325.0000,32759,-1,665710800.000,1,0,1,双平,S,3324.2000,3323.0000,3322.8000,3322.0000,3321.0000,3325.2000,3325.4000,3325.6000,3326.0000,3326.2000,4,1,1,1,3,1,2,2,1,1
SF,IH2012,2020-09-21 09:32:33.800,3324.2000,32756,-3,669699840.000,4,0,4,多平,S,3323.0000,3322.8000,3322.0000,3321.0000,3320.2000,3324.2000,3325.0000,3325.2000,3325.4000,3325.6000,1,1,1,3,1,1,2,1,2,1
SF,IH2012,2020-09-21 09:32:34.300,3325.0000,32754,-2,671694600.000,2,0,2,双平,S,3324.6000,3323.8000,3323.6000,3323.4000,3323.2000,3325.0000,3325.2000,3325.6000,3326.0000,3326.2000,2,1,2,3,4,2,2,1,1,1
SF,IH2012,2020-09-21 09:32:34.800,3324.6000,32753,-1,672691980.000,1,0,1,双平,S,3323.2000,3323.0000,3322.8000,3322.0000,3321.0000,3324.2000,3325.0000,3325.2000,3325.6000,3326.0000,2,2,1,1,3,1,2,2,1,1
SF,IH2012,2020-09-21 09:32:35.300,3323.4000,32751,-2,674686260.000,2,0,2,双平,S,3323.4000,3323.2000,3323.0000,3322.8000,3322.0000,3325.0000,3325.2000,3325.6000,3326.0000,3326.2000,2,2,2,1,1,2,2,1,1,1
SF,IH2012,2020-09-21 09:32:35.800,3323.4000,32751,0,674686260.000,0,-,-,-,-,3324.2000,3323.6000,3323.0000,3322.8000,3322.0000,3324.8000,3325.0000,3325.2000,3325.6000,3326.0000,1,2,2,1,1,3,2,1,1,1
SF,IH2012,2020-09-21 09:32:36.300,3324.2000,32749,-2,676680780.000,2,0,2,双平,S,3323.0000,3322.8000,3322.0000,3321.0000,3320.2000,3324.6000,3324.8000,3325.0000,3325.2000,3325.6000,1,1,1,3,1,2,3,2,1,1
SF,IH2012,2020-09-21 09:32:36.800,3323.2000,32749,0,677677740.000,1,0,1,多换,S,3324.2000,3323.0000,3322.8000,3322.0000,3321.0000,3324.4000,3324.6000,3324.8000,3325.0000,3325.2000,3,1,1,1,3,2,2,2,1,1
SF,IH2012,2020-09-21 09:32:37.300,3324.2000,32746,-3,680669520.000,3,0,3,双平,S,3323.2000,3323.0000,3322.8000,3322.0000,3321.0000,3324.2000,3324.4000,3324.6000,3324.8000,3325.0000,1,1,1,1,3,2,2,1,2,1
SF,IH2012,2020-09-21 09:32:37.800,3323.2000,32745,-1,681666480.000,1,0,1,双平,S,3323.0000,3322.8000,3322.0000,3321.0000,3320.2000,3324.0000,3324.4000,3324.8000,3325.0000,3325.2000,1,1,1,3,1,3,2,2,1,1
SF,IH2012,2020-09-21 09:32:38.300,3323.2000,32745,0,684657180.000,3,1,2,多换,S,3322.0000,3321.0000,3320.2000,3320.0000,3319.0000,3323.8000,3324.0000,3324.4000,3324.8000,3325.0000,1,3,1,5,4,1,3,1,2,1
SF,IH2012,2020-09-21 09:32:38.800,3323.2000,32745,0,684657180.000,0,-,-,-,-,3322.2000,3322.0000,3321.0000,3320.2000,3320.0000,3323.6000,3323.8000,3324.0000,3324.4000,3324.8000,2,1,3,1,5,2,1,1,1,2
SF,IH2012,2020-09-21 09:32:39.300,3322.0000,32742,-3,687647100.000,3,0,3,双平,S,3321.0000,3320.2000,3320.0000,3319.0000,3317.8000,3323.4000,3323.6000,3324.0000,3324.4000,3324.8000,3,1,5,4,1,4,3,1,1,2
SF,IH2012,2020-09-21 09:32:39.800,3321.0000,32742,0,688643400.000,1,0,1,多换,S,3321.0000,3320.2000,3320.0000,3319.0000,3317.8000,3322.0000,3323.2000,3323.4000,3323.6000,3324.0000,2,1,5,4,1,1,5,4,1,1
SF,IH2012,2020-09-21 09:32:40.300,3321.2000,32741,-1,690636360.000,2,0,2,多平,S,3321.0000,3320.2000,3320.0000,3319.0000,3317.8000,3322.0000,3322.2000,3323.2000,3323.4000,3324.0000,2,1,5,4,1,1,1,6,3,1
SF,IH2012,2020-09-21 09:32:40.800,3321.0000,32741,0,692628960.000,2,1,1,多换,S,3320.2000,3320.0000,3319.0000,3317.8000,3317.4000,3321.8000,3322.0000,3323.2000,3323.4000,3324.0000,1,5,4,1,5,1,2,6,2,1
SF,IH2012,2020-09-21 09:32:41.300,3321.8000,32740,-1,693625500.000,1,0,1,双平,S,3320.4000,3320.2000,3320.0000,3319.0000,3317.8000,3321.0000,3321.8000,3322.0000,3322.2000,3323.2000,1,1,5,4,1,1,1,2,1,5
SF,IH2012,2020-09-21 09:32:41.800,3322.2000,32735,-5,699604860.000,6,0,6,多平,S,3321.0000,3320.8000,3320.6000,3320.2000,3320.0000,3323.2000,3323.4000,3324.0000,3324.4000,3325.0000,2,2,1,1,4,5,2,1,1,1
SF,IH2012,2020-09-21 09:32:42.300,3322.6000,32735,0,700601640.000,1,0,1,多换,S,3321.2000,3321.0000,3320.2000,3320.0000,3319.0000,3322.8000,3323.0000,3323.2000,3323.4000,3324.0000,2,1,1,4,4,1,3,5,1,1
SF,IH2012,2020-09-21 09:32:42.800,3321.2000,32733,-2,702594780.000,2,0,2,双平,S,3321.2000,3321.0000,3320.2000,3320.0000,3319.0000,3322.6000,3322.8000,3323.0000,3323.2000,3323.4000,1,1,1,4,4,1,1,2,5,1
SF,IH2012,2020-09-21 09:32:43.300,3321.2000,32733,0,702594780.000,0,-,-,-,-,3321.4000,3321.2000,3321.0000,3320.0000,3319.0000,3322.6000,3322.8000,3323.0000,3323.2000,3323.4000,1,1,1,4,4,2,1,2,5,1
SF,IH2012,2020-09-21 09:32:43.800,3321.4000,32732,-1,704587620.000,2,0,2,多平,S,3321.6000,3321.0000,3320.0000,3319.0000,3317.8000,3322.4000,3322.6000,3322.8000,3323.0000,3323.2000,1,1,4,4,1,1,2,1,1,5
SF,IH2012,2020-09-21 09:32:44.300,3321.4000,32731,-1,705584040.000,1,0,1,双平,S,3321.6000,3321.0000,3320.0000,3319.0000,3317.8000,3322.2000,3322.4000,3322.6000,3322.8000,3323.0000,1,1,4,4,1,2,1,1,1,1
SF,IH2012,2020-09-21 09:32:44.800,3322.0000,32731,0,707577060.000,2,1,1,多换,S,3321.2000,3321.0000,3320.0000,3319.0000,3317.8000,3322.2000,3322.6000,3322.8000,3323.0000,3323.2000,1,1,4,4,1,2,1,1,1,5
SF,IH2012,2020-09-21 09:32:45.300,3322.0000,32731,0,707577060.000,0,-,-,-,-,3321.6000,3321.2000,3321.0000,3320.0000,3319.0000,3321.8000,3322.0000,3322.2000,3322.8000,3323.0000,1,2,1,4,4,1,1,2,1,1
SF,IH2012,2020-09-21 09:32:45.800,3321.2000,32730,-1,710566440.000,3,1,2,多平,S,3321.2000,3320.0000,3319.0000,3318.2000,3317.8000,3322.0000,3322.2000,3323.0000,3323.2000,3323.4000,1,4,4,1,1,1,1,1,5,1
SF,IH2012,2020-09-21 09:32:46.300,3321.2000,32729,-1,711562800.000,1,0,1,双平,S,3320.0000,3319.0000,3318.2000,3317.8000,3317.0000,3321.2000,3322.0000,3322.2000,3323.0000,3323.2000,4,4,1,1,2,1,1,1,1,5
SF,IH2012,2020-09-21 09:32:46.800,3321.2000,32728,-1,712559160.000,1,0,1,双平,S,3321.2000,3320.6000,3320.2000,3320.0000,3319.0000,3323.0000,3323.2000,3323.4000,3324.0000,3324.4000,1,1,6,4,4,1,5,1,1,1
SF,IH2012,2020-09-21 09:32:47.300,3321.2000,32728,0,712559160.000,0,-,-,-,-,3321.4000,3321.2000,3321.0000,3320.2000,3320.0000,3322.8000,3323.0000,3323.2000,3323.4000,3324.0000,3,1,1,3,5,2,2,3,1,1
SF,IH2012,2020-09-21 09:32:47.800,3321.2000,32727,-1,713555520.000,1,0,1,双平,S,3321.6000,3321.4000,3321.2000,3321.0000,3320.2000,3322.8000,3323.0000,3323.2000,3323.4000,3325.0000,1,2,1,1,2,2,1,3,1,1
SF,IH2012,2020-09-21 09:32:48.300,3323.0000,32724,-3,716546100.000,3,0,3,双平,S,3321.8000,3321.6000,3321.2000,3321.0000,3320.2000,3323.4000,3325.0000,3325.2000,3325.8000,3326.0000,3,1,1,1,2,1,1,1,1,1
SF,IH2012,2020-09-21 09:32:48.800,3322.0000,32723,-1,718539300.000,2,0,2,多平,S,3321.8000,3321.2000,3321.0000,3320.2000,3320.0000,3323.4000,3325.0000,3325.2000,3325.8000,3326.0000,3,1,1,2,4,1,1,1,1,1
SF,IH2012,2020-09-21 09:32:49.300,3322.0000,32723,0,718539300.000,0,-,-,-,-,3321.8000,3321.2000,3321.0000,3320.2000,3320.0000,3323.2000,3325.0000,3325.2000,3326.0000,3326.6000,1,1,1,2,4,4,1,1,1,12
SF,IH2012,2020-09-21 09:32:49.800,3321.2000,32722,-1,719535660.000,1,0,1,双平,S,3321.0000,3320.2000,3320.0000,3319.0000,3318.2000,3321.8000,3322.4000,3323.0000,3323.2000,3325.2000,1,2,4,4,1,1,1,2,3,1
SF,IH2012,2020-09-21 09:32:50.300,3321.2000,32722,0,719535660.000,0,-,-,-,-,3321.2000,3321.0000,3320.2000,3320.0000,3319.0000,3321.8000,3322.4000,3323.0000,3323.2000,3325.2000,1,1,3,4,4,2,1,2,3,1
SF,IH2012,2020-09-21 09:32:50.800,3321.2000,32722,0,719535660.000,0,-,-,-,-,3321.2000,3321.0000,3320.2000,3320.0000,3319.0000,3321.8000,3322.4000,3323.0000,3323.2000,3325.2000,1,1,3,4,4,2,1,2,3,1
SF,IH2012,2020-09-21 09:32:51.300,3322.4000,32719,-3,722525460.000,3,0,3,双平,S,3321.2000,3321.0000,3320.2000,3320.0000,3319.0000,3323.0000,3323.2000,3325.2000,3326.0000,3326.6000,1,1,3,4,4,2,3,1,1,12
SF,IH2012,2020-09-21 09:32:51.800,3322.4000,32719,0,722525460.000,0,-,-,-,-,3321.4000,3321.2000,3321.0000,3320.2000,3320.0000,3321.6000,3322.8000,3323.0000,3323.2000,3325.2000,1,1,1,3,4,3,1,2,1,1
SF,IH2012,2020-09-21 09:32:52.300,3321.6000,32716,-3,725514900.000,3,0,3,双平,S,3321.8000,3321.0000,3320.2000,3320.0000,3319.0000,3322.8000,3323.0000,3323.2000,3325.2000,3326.0000,1,1,6,4,4,1,2,1,1,1
SF,IH2012,2020-09-21 09:32:52.800,3321.6000,32716,0,725514900.000,0,-,-,-,-,3322.0000,3321.8000,3321.0000,3320.2000,3320.0000,3325.2000,3326.0000,3326.6000,3326.8000,3327.0000,2,1,1,6,4,1,1,12,1,1
SF,IH2012,2020-09-21 09:32:53.300,3321.6000,32716,0,725514900.000,0,-,-,-,-,3322.2000,3322.0000,3321.8000,3321.0000,3320.2000,3324.4000,3324.6000,3324.8000,3325.0000,3325.2000,2,1,1,1,6,1,1,1,2,1
SF,IH2012,2020-09-21 09:32:53.800,3324.4000,32715,-1,727508820.000,2,0,2,多平,S,3322.6000,3322.4000,3322.2000,3321.8000,3321.0000,3324.4000,3324.6000,3324.8000,3325.0000,3325.2000,2,1,3,1,1,1,1,1,1,1
SF,IH2012,2020-09-21 09:32:54.300,3322.8000,32713,-2,729502500.000,2,0,2,双平,S,3322.8000,3322.6000,3322.2000,3321.8000,3321.0000,3324.2000,3324.8000,3325.0000,3325.2000,3326.0000,3,3,2,1,1,1,1,1,1,1
SF,IH2012,2020-09-21 09:32:54.800,3324.2000,32714,1,730499760.000,1,1,0,双开,S,3324.2000,3322.8000,3322.6000,3321.8000,3321.0000,3325.0000,3325.2000,3326.0000,3326.6000,3326.8000,1,3,1,1,1,1,1,1,12,1
SF,IH2012,2020-09-21 09:32:55.300,3322.8000,32711,-3,734487540.000,4,0,4,多平,S,3321.8000,3321.0000,3320.2000,3320.0000,3319.0000,3324.0000,3324.2000,3324.8000,3325.0000,3325.2000,1,1,5,4,4,2,4,3,1,1
SF,IH2012,2020-09-21 09:32:55.800,3322.8000,32711,0,734487540.000,0,-,-,-,-,3322.2000,3322.0000,3321.8000,3321.0000,3320.2000,3323.8000,3324.0000,3324.2000,3324.6000,3324.8000,1,2,1,1,5,3,2,1,1,2
SF,IH2012,2020-09-21 09:32:56.300,3322.8000,32711,0,734487540.000,0,-,-,-,-,3322.0000,3321.8000,3321.0000,3320.2000,3320.0000,3322.2000,3323.6000,3323.8000,3324.2000,3324.6000,1,1,1,5,4,1,3,3,1,1
SF,IH2012,2020-09-21 09:32:56.800,3322.2000,32710,-1,735484200.000,1,0,1,双平,S,3322.0000,3321.8000,3321.0000,3320.2000,3320.0000,3323.6000,3323.8000,3324.2000,3324.6000,3324.8000,1,1,1,5,4,2,3,1,1,1
SF,IH2012,2020-09-21 09:32:57.300,3322.2000,32709,-1,736480860.000,1,0,1,双平,S,3321.8000,3321.0000,3320.2000,3320.0000,3319.0000,3323.4000,3323.6000,3323.8000,3324.2000,3324.6000,1,1,5,4,4,3,2,2,1,1
SF,IH2012,2020-09-21 09:32:57.800,3322.2000,32709,0,736480860.000,0,-,-,-,-,3322.0000,3321.8000,3321.0000,3320.2000,3320.0000,3322.2000,3323.2000,3323.4000,3323.8000,3324.2000,1,1,1,5,4,1,2,2,2,1
SF,IH2012,2020-09-21 09:32:58.300,3323.2000,32707,-2,738474480.000,2,0,2,双平,S,3322.2000,3322.0000,3321.8000,3321.0000,3320.2000,3323.4000,3323.8000,3324.2000,3324.6000,3324.8000,3,2,1,1,5,1,1,1,1,1
SF,IH2012,2020-09-21 09:32:58.800,3322.4000,32706,-1,739471200.000,1,0,1,双平,S,3322.4000,3322.2000,3321.8000,3321.0000,3320.2000,3323.8000,3324.2000,3324.6000,3324.8000,3325.2000,1,1,1,1,5,1,1,1,1,1
SF,IH2012,2020-09-21 09:32:59.300,3322.4000,32706,0,739471200.000,0,-,-,-,-,3322.6000,3322.4000,3322.2000,3321.8000,3321.0000,3323.6000,3323.8000,3324.2000,3324.6000,3324.8000,1,1,1,1,1,2,2,1,1,1
SF,IH2012,2020-09-21 09:32:59.800,3322.4000,32706,0,739471200.000,0,-,-,-,-,3322.6000,3322.2000,3321.8000,3321.0000,3320.2000,3323.6000,3323.8000,3324.2000,3324.6000,3324.8000,1,1,1,1,5,2,1,1,1,1
SF,IH2012,2020-09-21 09:33:00.300,3322.4000,32706,0,739471200.000,0,-,-,-,-,3322.8000,3322.2000,3321.8000,3321.0000,3320.2000,3323.6000,3323.8000,3324.2000,3324.6000,3324.8000,1,1,1,1,5,2,1,1,1,1
SF,IH2012,2020-09-21 09:33:00.800,3322.6000,32705,-1,740467980.000,1,0,1,双平,S,3322.8000,3322.2000,3321.8000,3321.0000,3320.2000,3323.0000,3323.6000,3323.8000,3324.2000,3324.6000,2,1,1,1,5,2,2,1,1,1
SF,IH2012,2020-09-21 09:33:01.300,3322.8000,32703,-2,743458500.000,3,0,3,多平,S,3322.2000,3321.8000,3321.0000,3320.2000,3320.0000,3322.8000,3323.0000,3323.6000,3323.8000,3324.6000,1,1,1,5,3,1,2,1,1,1
SF,IH2012,2020-09-21 09:33:01.800,3322.8000,32703,0,744455340.000,1,0,1,多换,S,3322.2000,3321.8000,3321.0000,3320.2000,3320.0000,3322.8000,3323.0000,3323.8000,3324.6000,3324.8000,1,1,1,5,3,1,2,1,1,1
SF,IH2012,2020-09-21 09:33:02.300,3322.8000,32703,0,744455340.000,0,-,-,-,-,3321.8000,3321.6000,3321.0000,3320.2000,3320.0000,3322.2000,3323.0000,3323.8000,3324.6000,3324.8000,1,1,1,5,3,1,2,1,1,1
SF,IH2012,2020-09-21 09:33:02.800,3322.8000,32703,0,745452180.000,1,0,1,多换,S,3322.4000,3322.2000,3322.0000,3321.8000,3321.6000,3323.0000,3323.8000,3324.8000,3325.2000,3326.0000,2,2,2,1,1,2,1,1,1,1
SF,IH2012,2020-09-21 09:33:03.300,3323.0000,32699,-4,749439780.000,4,0,4,双平,S,3323.0000,3322.8000,3322.6000,3322.2000,3321.8000,3325.2000,3326.0000,3326.6000,3326.8000,3327.2000,1,2,1,2,2,1,1,10,1,1
SF,IH2012,2020-09-21 09:33:03.800,3323.0000,32699,0,749439780.000,0,-,-,-,-,3323.2000,3323.0000,3322.8000,3322.6000,3322.2000,3325.0000,3325.2000,3326.0000,3326.6000,3326.8000,1,3,2,1,1,4,1,1,10,1
SF,IH2012,2020-09-21 09:33:04.300,3325.0000,32698,-1,750437280.000,1,0,1,双平,S,3323.2000,3323.0000,3322.8000,3322.2000,3321.8000,3325.0000,3325.2000,3326.0000,3326.6000,3326.8000,2,1,2,1,2,2,1,1,10,1
SF,IH2012,2020-09-21 09:33:04.800,3325.0000,32698,0,750437280.000,0,-,-,-,-,3323.2000,3323.0000,3322.8000,3321.8000,3321.6000,3324.8000,3325.0000,3325.2000,3326.0000,3326.6000,2,1,2,2,1,4,2,1,1,10
SF,IH2012,2020-09-21 09:33:05.300,3323.0000,32696,-2,753428100.000,3,0,3,多平,S,3322.8000,3321.8000,3321.6000,3321.0000,3320.2000,3324.6000,3324.8000,3325.0000,3325.2000,3326.0000,2,2,1,1,5,1,6,1,1,1
SF,IH2012,2020-09-21 09:33:05.800,3322.8000,32696,0,754424940.000,1,0,1,多换,S,3323.0000,3322.8000,3321.8000,3321.6000,3321.0000,3323.2000,3324.2000,3324.4000,3324.6000,3324.8000,1,1,2,1,1,1,1,4,2,3
SF,IH2012,2020-09-21 09:33:06.300,3322.8000,32696,0,756418620.000,2,1,1,多换,S,3321.8000,3321.6000,3321.0000,3320.2000,3320.0000,3322.8000,3323.2000,3324.2000,3324.4000,3324.6000,1,1,1,5,3,3,2,1,3,2
SF,IH2012,2020-09-21 09:33:06.800,3322.8000,32695,-1,757415460.000,1,0,1,双平,S,3322.0000,3321.8000,3321.6000,3321.0000,3320.2000,3322.8000,3323.2000,3324.2000,3324.4000,3324.6000,1,1,1,1,5,1,2,1,3,2
SF,IH2012,2020-09-21 09:33:07.300,3322.8000,32693,-2,759409140.000,2,0,2,双平,S,3322.2000,3322.0000,3321.8000,3321.6000,3321.0000,3322.6000,3323.2000,3324.2000,3324.4000,3324.6000,3,1,1,1,1,2,2,1,3,2
SF,IH2012,2020-09-21 09:33:07.800,3323.2000,32691,-2,763396740.000,4,1,3,多平,S,3323.2000,3322.6000,3322.4000,3322.2000,3321.8000,3324.4000,3324.8000,3325.0000,3325.2000,3326.0000,2,1,1,1,1,3,1,3,1,1
SF,IH2012,2020-09-21 09:33:08.300,3323.2000,32691,0,764393700.000,1,0,1,多换,S,3323.2000,3322.6000,3321.8000,3321.6000,3321.0000,3324.2000,3324.4000,3324.8000,3325.0000,3325.2000,1,2,1,1,1,3,2,1,3,1
SF,IH2012,2020-09-21 09:33:08.800,3322.6000,32687,-4,770374920.000,6,1,5,多平,S,3321.8000,3321.6000,3321.0000,3320.2000,3320.0000,3324.0000,3324.2000,3324.8000,3325.0000,3325.2000,1,1,1,5,3,5,3,1,3,1
SF,IH2012,2020-09-21 09:33:09.300,3322.4000,32688,1,771371640.000,1,1,0,双开,S,3322.0000,3321.8000,3321.6000,3321.0000,3320.2000,3322.8000,3323.6000,3323.8000,3324.0000,3324.2000,1,1,1,1,5,1,1,3,6,2
SF,IH2012,2020-09-21 09:33:09.800,3322.8000,32688,0,772368480.000,1,0,1,多换,S,3321.8000,3321.6000,3321.0000,3320.2000,3320.0000,3323.6000,3323.8000,3324.0000,3324.2000,3324.8000,1,1,1,5,3,1,2,5,2,1
SF,IH2012,2020-09-21 09:33:10.300,3322.8000,32688,0,772368480.000,0,-,-,-,-,3322.0000,3321.8000,3321.6000,3321.0000,3320.2000,3323.2000,3323.4000,3323.6000,3323.8000,3324.0000,1,1,1,1,5,1,4,1,1,3
SF,IH2012,2020-09-21 09:33:10.800,3322.8000,32688,0,772368480.000,0,-,-,-,-,3322.0000,3321.8000,3321.6000,3321.0000,3320.2000,3323.0000,3323.2000,3323.4000,3323.6000,3324.0000,1,1,1,1,5,1,1,4,1,3
SF,IH2012,2020-09-21 09:33:11.300,3322.8000,32688,0,772368480.000,0,-,-,-,-,3322.0000,3321.8000,3321.6000,3321.0000,3320.2000,3323.0000,3323.2000,3323.4000,3323.6000,3324.0000,1,1,1,1,5,2,1,3,1,3
SF,IH2012,2020-09-21 09:33:11.800,3322.8000,32688,0,772368480.000,0,-,-,-,-,3322.6000,3322.0000,3321.8000,3321.6000,3321.0000,3322.8000,3323.0000,3323.4000,3323.6000,3324.0000,1,1,1,1,1,1,2,2,1,3
SF,IH2012,2020-09-21 09:33:12.300,3321.8000,32686,-2,774361800.000,2,0,2,双平,S,3321.6000,3321.0000,3320.2000,3320.0000,3319.0000,3322.4000,3322.6000,3322.8000,3323.0000,3323.4000,1,1,5,3,4,2,1,1,2,1
SF,IH2012,2020-09-21 09:33:12.800,3322.8000,32686,0,777352080.000,3,1,2,多换,S,3321.8000,3321.6000,3321.0000,3320.2000,3320.0000,3323.0000,3323.6000,3324.0000,3324.2000,3325.0000,2,1,1,5,3,2,1,4,2,3
SF,IH2012,2020-09-21 09:33:13.300,3322.8000,32686,0,777352080.000,0,-,-,-,-,3321.8000,3321.6000,3321.0000,3320.2000,3320.0000,3322.8000,3323.0000,3323.6000,3324.0000,3324.2000,2,1,1,5,3,2,2,1,4,2
SF,IH2012,2020-09-21 09:33:13.800,3322.8000,32686,0,777352080.000,0,-,-,-,-,3321.8000,3321.6000,3321.0000,3320.2000,3320.0000,3322.8000,3323.0000,3323.6000,3324.0000,3324.2000,2,1,1,5,3,3,2,1,4,2
SF,IH2012,2020-09-21 09:33:14.300,3322.8000,32686,0,777352080.000,0,-,-,-,-,3321.8000,3321.6000,3321.0000,3320.2000,3320.0000,3322.8000,3323.0000,3323.6000,3324.0000,3324.2000,2,1,2,5,3,3,2,1,4,2
SF,IH2012,2020-09-21 09:33:14.800,3322.8000,32686,0,777352080.000,0,-,-,-,-,3321.8000,3321.6000,3321.0000,3320.2000,3320.0000,3322.6000,3322.8000,3323.0000,3323.6000,3324.0000,1,1,2,5,3,2,3,2,1,4
SF,IH2012,2020-09-21 09:33:15.300,3322.6000,32686,0,778348860.000,1,0,1,多换,S,3321.6000,3321.0000,3320.2000,3320.0000,3319.0000,3321.8000,3322.6000,3322.8000,3323.0000,3323.6000,1,2,5,3,4,1,3,2,2,1
SF,IH2012,2020-09-21 09:33:15.800,3321.6000,32686,0,779345340.000,1,0,1,多换,S,3321.0000,3320.2000,3320.0000,3319.0000,3318.8000,3321.8000,3322.6000,3322.8000,3323.0000,3323.6000,2,5,3,4,1,1,3,2,2,1
SF,IH2012,2020-09-21 09:33:16.300,3321.6000,32686,0,779345340.000,0,-,-,-,-,3321.0000,3320.2000,3320.0000,3319.0000,3318.8000,3321.8000,3322.6000,3322.8000,3323.0000,3323.6000,3,5,3,4,1,2,3,2,1,1
SF,IH2012,2020-09-21 09:33:16.800,3321.0000,32685,-1,780341640.000,1,0,1,双平,S,3321.0000,3320.2000,3320.0000,3319.0000,3318.8000,3321.6000,3321.8000,3322.6000,3322.8000,3323.0000,2,4,3,4,1,3,2,2,2,1
SF,IH2012,2020-09-21 09:33:17.300,3321.0000,32684,-1,782334240.000,2,0,2,多平,S,3320.2000,3320.0000,3319.0000,3318.8000,3318.2000,3321.0000,3321.4000,3321.6000,3321.8000,3322.6000,4,3,4,1,2,1,1,3,1,2
SF,IH2012,2020-09-21 09:33:17.800,3321.0000,32684,0,782334240.000,0,-,-,-,-,3320.2000,3320.0000,3319.0000,3318.8000,3318.2000,3321.0000,3321.4000,3321.6000,3321.8000,3322.6000,4,3,4,1,2,2,1,2,1,2
SF,IH2012,2020-09-21 09:33:18.300,3320.2000,32683,-1,784326360.000,2,0,2,多平,S,3320.2000,3320.0000,3319.0000,3318.8000,3318.2000,3320.8000,3321.0000,3321.4000,3321.6000,3321.8000,2,3,4,1,2,4,2,1,2,1
SF,IH2012,2020-09-21 09:33:18.800,3320.8000,32681,-2,787314720.000,3,0,3,多平,S,3320.0000,3319.0000,3318.8000,3318.2000,3317.8000,3320.8000,3321.0000,3321.4000,3321.6000,3321.8000,3,4,1,2,1,3,2,1,2,1
SF,IH2012,2020-09-21 09:33:19.300,3320.8000,32681,0,787314720.000,0,-,-,-,-,3320.0000,3319.0000,3318.8000,3318.2000,3317.8000,3320.8000,3321.0000,3321.4000,3321.6000,3321.8000,3,4,1,2,1,5,2,1,2,1
SF,IH2012,2020-09-21 09:33:19.800,3320.8000,32677,-4,791299680.000,4,0,4,双平,S,3320.0000,3319.0000,3318.8000,3318.2000,3317.8000,3320.8000,3321.0000,3321.4000,3321.6000,3321.8000,4,4,1,2,1,1,2,1,2,1
SF,IH2012,2020-09-21 09:33:20.300,3321.0000,32674,-3,794288520.000,3,0,3,双平,S,3321.0000,3320.8000,3320.2000,3320.0000,3319.0000,3321.6000,3321.8000,3323.0000,3323.6000,3324.0000,1,2,3,4,4,2,1,2,1,1
SF,IH2012,2020-09-21 09:33:20.800,3321.6000,32672,-2,796281480.000,2,0,2,双平,S,3321.2000,3321.0000,3320.8000,3320.2000,3320.0000,3321.8000,3323.0000,3323.6000,3324.0000,3324.2000,1,1,2,3,4,1,2,1,1,2
SF,IH2012,2020-09-21 09:33:21.300,3321.8000,32671,-1,797278020.000,1,0,1,双平,S,3321.4000,3321.2000,3321.0000,3320.8000,3320.2000,3323.0000,3323.6000,3324.0000,3324.2000,3325.2000,1,1,1,1,3,2,1,1,2,2
SF,IH2012,2020-09-21 09:33:21.800,3323.0000,32671,0,799271820.000,2,1,1,多换,S,3321.6000,3321.4000,3321.0000,3320.8000,3320.2000,3323.0000,3323.2000,3323.6000,3324.0000,3324.2000,2,1,1,1,2,1,1,1,1,2
SF,IH2012,2020-09-21 09:33:22.300,3321.6000,32670,-1,801264780.000,2,0,2,多平,S,3321.4000,3321.0000,3320.8000,3320.0000,3319.0000,3322.8000,3323.2000,3323.6000,3324.0000,3324.2000,1,1,1,3,4,3,1,1,1,2
SF,IH2012,2020-09-21 09:33:22.800,3321.6000,32670,0,801264780.000,0,-,-,-,-,3321.8000,3321.6000,3321.4000,3321.0000,3320.8000,3322.6000,3322.8000,3323.2000,3323.6000,3324.0000,1,1,1,1,1,1,3,1,1,1
SF,IH2012,2020-09-21 09:33:23.300,3321.8000,32670,0,802261320.000,1,0,1,多换,S,3321.6000,3321.4000,3321.0000,3320.8000,3320.6000,3322.6000,3322.8000,3323.2000,3323.6000,3324.0000,1,1,1,1,1,1,4,1,1,1
SF,IH2012,2020-09-21 09:33:23.800,3321.6000,32669,-1,803257800.000,1,0,1,双平,S,3321.4000,3321.0000,3320.8000,3320.6000,3320.0000,3322.4000,3322.6000,3322.8000,3323.2000,3323.6000,1,1,1,1,4,2,1,2,1,1
SF,IH2012,2020-09-21 09:33:24.300,3322.4000,32669,0,804254520.000,1,0,1,多换,S,3321.4000,3321.0000,3320.8000,3320.6000,3320.0000,3322.4000,3322.6000,3322.8000,3323.2000,3323.6000,1,1,1,1,4,1,1,2,1,1
SF,IH2012,2020-09-21 09:33:24.800,3322.8000,32666,-3,807244920.000,3,0,3,双平,S,3321.6000,3321.4000,3321.0000,3320.8000,3320.6000,3323.6000,3324.0000,3324.2000,3325.2000,3326.0000,3,1,1,1,1,1,1,1,1,1
SF,IH2012,2020-09-21 09:33:25.300,3322.8000,32666,0,807244920.000,0,-,-,-,-,3321.8000,3321.6000,3320.8000,3320.6000,3320.0000,3323.4000,3323.6000,3324.0000,3324.2000,3325.2000,1,4,1,1,4,2,1,1,1,1
SF,IH2012,2020-09-21 09:33:25.800,3322.8000,32666,0,807244920.000,0,-,-,-,-,3322.0000,3321.8000,3321.6000,3321.0000,3320.8000,3323.4000,3323.6000,3324.0000,3324.2000,3325.2000,3,1,2,1,1,2,1,1,1,1
SF,IH2012,2020-09-21 09:33:26.300,3322.8000,32666,0,807244920.000,0,-,-,-,-,3322.2000,3322.0000,3321.6000,3321.0000,3320.8000,3323.4000,3323.6000,3324.0000,3324.2000,3325.2000,2,2,1,1,1,2,1,1,1,1
SF,IH2012,2020-09-21 09:33:26.800,3322.2000,32662,-4,812228640.000,5,0,5,多平,S,3321.0000,3320.8000,3320.6000,3320.0000,3319.2000,3323.2000,3323.4000,3323.6000,3324.0000,3324.2000,1,1,1,4,1,1,1,1,1,1
SF,IH2012,2020-09-21 09:33:27.300,3322.2000,32662,0,812228640.000,0,-,-,-,-,3321.4000,3321.2000,3321.0000,3320.8000,3320.6000,3323.0000,3323.2000,3323.6000,3324.0000,3324.2000,1,2,1,1,1,2,3,1,1,1
SF,IH2012,2020-09-21 09:33:27.800,3322.2000,32662,0,812228640.000,0,-,-,-,-,3321.6000,3321.4000,3321.2000,3321.0000,3320.8000,3322.8000,3323.0000,3323.2000,3323.6000,3324.0000,1,1,1,1,1,2,2,2,1,1
SF,IH2012,2020-09-21 09:33:28.300,3322.2000,32662,0,812228640.000,0,-,-,-,-,3321.6000,3321.2000,3321.0000,3320.8000,3320.6000,3322.6000,3322.8000,3323.0000,3323.2000,3323.6000,1,1,1,1,1,1,4,1,2,1
SF,IH2012,2020-09-21 09:33:28.800,3322.2000,32662,0,812228640.000,0,-,-,-,-,3321.8000,3321.2000,3321.0000,3320.8000,3320.6000,3322.4000,3322.8000,3323.0000,3323.6000,3324.0000,1,1,1,1,1,1,1,1,1,1
SF,IH2012,2020-09-21 09:33:29.300,3322.4000,32661,-1,813225360.000,1,0,1,双平,S,3321.8000,3321.2000,3321.0000,3320.8000,3320.6000,3322.8000,3323.6000,3324.0000,3324.2000,3325.2000,1,1,1,1,1,1,1,1,1,1
SF,IH2012,2020-09-21 09:33:29.800,3321.0000,32659,-2,816214860.000,3,0,3,多平,S,3320.8000,3320.6000,3320.0000,3319.2000,3319.0000,3321.0000,3323.6000,3324.0000,3324.2000,3325.2000,1,1,4,1,5,17,1,1,1,1
SF,IH2012,2020-09-21 09:33:30.300,3321.0000,32641,-18,834148260.000,18,0,18,双平,S,3322.0000,3321.6000,3321.2000,3321.0000,3320.8000,3322.6000,3323.6000,3324.0000,3324.2000,3325.2000,2,1,2,4,1,1,1,1,1,1
SF,IH2012,2020-09-21 09:33:30.800,3320.8000,32633,-8,843114900.000,9,0,9,多平,S,3320.6000,3320.0000,3319.2000,3319.0000,3318.8000,3321.6000,3321.8000,3322.0000,3322.4000,3323.6000,1,4,1,5,1,1,1,5,2,1
SF,IH2012,2020-09-21 09:33:31.300,3320.8000,32633,0,843114900.000,0,-,-,-,-,3320.6000,3320.0000,3319.2000,3319.0000,3318.8000,3321.4000,3321.6000,3321.8000,3322.0000,3322.4000,1,4,1,5,1,1,1,1,2,1
SF,IH2012,2020-09-21 09:33:31.800,3321.4000,32632,-1,844111320.000,1,0,1,双平,S,3320.6000,3320.0000,3319.2000,3319.0000,3318.8000,3321.4000,3321.6000,3322.0000,3323.6000,3324.0000,1,4,1,5,1,1,1,2,1,1
SF,IH2012,2020-09-21 09:33:32.300,3321.4000,32632,0,844111320.000,0,-,-,-,-,3320.6000,3320.0000,3319.2000,3319.0000,3318.8000,3321.4000,3321.6000,3322.0000,3323.6000,3324.0000,1,4,1,5,1,1,1,2,1,1
SF,IH2012,2020-09-21 09:33:32.800,3321.4000,32632,0,844111320.000,0,-,-,-,-,3321.4000,3320.6000,3320.0000,3319.2000,3319.0000,3321.6000,3322.0000,3323.6000,3324.0000,3324.2000,1,1,4,1,5,1,2,1,1,1
SF,IH2012,2020-09-21 09:33:33.300,3321.4000,32631,-1,845107740.000,1,0,1,双平,S,3320.6000,3320.0000,3319.2000,3319.0000,3318.8000,3321.4000,3321.6000,3322.0000,3323.6000,3324.0000,1,5,1,5,1,3,1,2,1,1
SF,IH2012,2020-09-21 09:33:33.800,3321.2000,32631,0,847100280.000,2,1,1,多换,S,3320.0000,3319.2000,3319.0000,3318.8000,3318.2000,3321.4000,3321.6000,3322.0000,3323.6000,3324.0000,5,1,5,1,2,1,1,2,1,1
SF,IH2012,2020-09-21 09:33:34.300,3321.2000,32631,0,847100280.000,0,-,-,-,-,3320.2000,3320.0000,3319.2000,3319.0000,3318.8000,3321.2000,3321.4000,3322.0000,3323.6000,3324.0000,1,5,1,5,1,1,1,12,1,1
SF,IH2012,2020-09-21 09:33:34.800,3321.2000,32631,0,847100280.000,0,-,-,-,-,3320.0000,3319.2000,3319.0000,3318.8000,3318.2000,3321.0000,3321.2000,3322.0000,3323.6000,3324.0000,5,1,5,1,2,2,2,12,1,1
SF,IH2012,2020-09-21 09:33:35.300,3321.2000,32630,-1,848096640.000,1,0,1,双平,S,3320.4000,3320.2000,3320.0000,3319.2000,3319.0000,3321.2000,3322.0000,3323.6000,3324.0000,3324.2000,1,2,5,1,5,2,12,1,1,1
SF,IH2012,2020-09-21 09:33:35.800,3321.2000,32630,0,848096640.000,0,-,-,-,-,3320.4000,3320.2000,3320.0000,3319.2000,3319.0000,3322.0000,3323.6000,3324.0000,3324.2000,3325.2000,1,1,5,1,5,12,1,1,1,1
SF,IH2012,2020-09-21 09:33:36.300,3321.2000,32630,0,848096640.000,0,-,-,-,-,3321.2000,3320.6000,3320.0000,3319.2000,3319.0000,3322.0000,3323.6000,3324.0000,3324.2000,3325.2000,2,5,5,1,5,11,1,1,1,1
SF,IH2012,2020-09-21 09:33:36.800,3321.2000,32628,-2,851085720.000,3,0,3,多平,S,3320.6000,3320.0000,3319.2000,3319.0000,3318.8000,3322.0000,3323.6000,3324.0000,3324.2000,3325.2000,3,5,1,5,1,11,1,1,1,1
SF,IH2012,2020-09-21 09:33:37.300,3321.2000,32628,0,851085720.000,0,-,-,-,-,3320.8000,3320.6000,3320.0000,3319.6000,3319.2000,3321.4000,3322.0000,3323.6000,3324.0000,3324.2000,1,3,5,1,1,1,11,1,1,1
SF,IH2012,2020-09-21 09:33:37.800,3321.2000,32628,0,851085720.000,0,-,-,-,-,3320.8000,3320.6000,3320.0000,3319.6000,3319.2000,3321.4000,3322.0000,3323.6000,3324.0000,3324.2000,1,3,5,1,1,1,11,1,1,1
SF,IH2012,2020-09-21 09:33:38.300,3321.2000,32628,0,851085720.000,0,-,-,-,-,3320.6000,3320.0000,3319.6000,3319.2000,3319.0000,3321.2000,3321.4000,3322.0000,3323.6000,3324.0000,3,5,1,1,5,1,1,11,1,1
SF,IH2012,2020-09-21 09:33:38.800,3321.2000,32629,1,852082080.000,1,1,0,双开,S,3320.6000,3320.0000,3319.6000,3319.2000,3319.0000,3321.4000,3322.0000,3323.6000,3324.2000,3325.2000,3,6,1,1,5,1,11,1,1,1
SF,IH2012,2020-09-21 09:33:39.300,3321.2000,32629,0,852082080.000,0,-,-,-,-,3320.6000,3320.0000,3319.6000,3319.2000,3319.0000,3321.4000,3322.0000,3323.6000,3324.2000,3325.2000,3,6,1,1,5,1,11,1,1,1
SF,IH2012,2020-09-21 09:33:39.800,3321.2000,32629,0,852082080.000,0,-,-,-,-,3320.0000,3319.6000,3319.2000,3319.0000,3318.8000,3321.4000,3322.0000,3323.6000,3324.2000,3325.2000,6,1,1,5,2,1,11,1,1,1
SF,IH2012,2020-09-21 09:33:40.300,3321.2000,32629,0,852082080.000,0,-,-,-,-,3320.2000,3320.0000,3319.6000,3319.2000,3319.0000,3321.4000,3322.0000,3323.6000,3324.2000,3325.2000,1,6,1,1,5,2,11,1,1,1
SF,IH2012,2020-09-21 09:33:40.800,3321.2000,32629,0,852082080.000,0,-,-,-,-,3320.6000,3320.2000,3320.0000,3319.6000,3319.2000,3321.2000,3321.4000,3322.0000,3323.6000,3324.2000,4,2,6,1,1,1,2,11,1,1
SF,IH2012,2020-09-21 09:33:41.300,3321.2000,32629,0,853078440.000,1,0,1,多换,S,3320.6000,3320.2000,3320.0000,3319.6000,3319.2000,3321.4000,3322.0000,3323.6000,3324.2000,3325.2000,4,2,6,1,1,1,11,1,1,1
SF,IH2012,2020-09-21 09:33:42.300,3321.2000,32629,0,853078440.000,0,-,-,-,-,3320.6000,3320.2000,3320.0000,3319.6000,3319.2000,3321.4000,3322.0000,3323.6000,3324.2000,3325.2000,4,2,7,1,1,1,11,1,1,1
SF,IH2012,2020-09-21 09:33:42.800,3321.4000,32628,-1,854074860.000,1,0,1,双平,S,3321.6000,3320.8000,3320.6000,3320.0000,3319.6000,3322.0000,3323.6000,3324.2000,3325.2000,3326.0000,1,1,4,7,1,11,1,1,1,1
SF,IH2012,2020-09-21 09:33:43.300,3321.6000,32627,-1,855071340.000,1,0,1,双平,S,3320.8000,3320.6000,3320.0000,3319.6000,3319.2000,3321.4000,3321.6000,3321.8000,3322.0000,3322.2000,1,1,7,1,1,2,5,1,11,1
SF,IH2012,2020-09-21 09:33:43.800,3321.6000,32626,-1,856067820.000,1,0,1,双平,S,3320.6000,3320.0000,3319.6000,3319.2000,3319.0000,3321.4000,3321.6000,3321.8000,3322.0000,3322.2000,1,7,1,1,5,3,2,1,11,1
SF,IH2012,2020-09-21 09:33:44.300,3321.4000,32625,-1,859056840.000,3,1,2,多平,S,3320.0000,3319.6000,3319.2000,3319.0000,3318.8000,3321.4000,3321.6000,3321.8000,3322.0000,3322.2000,7,1,1,5,2,1,2,1,11,1
SF,IH2012,2020-09-21 09:33:44.800,3321.6000,32622,-3,862046220.000,3,0,3,双平,S,3320.2000,3320.0000,3319.6000,3319.2000,3319.0000,3321.8000,3322.0000,3322.2000,3323.6000,3324.2000,4,7,1,1,5,1,11,1,1,1
SF,IH2012,2020-09-21 09:33:45.300,3321.6000,32621,-1,863042700.000,1,0,1,双平,S,3321.4000,3320.6000,3320.4000,3320.2000,3320.0000,3322.0000,3322.2000,3323.6000,3324.2000,3325.2000,1,3,1,5,7,11,1,1,1,1
SF,IH2012,2020-09-21 09:33:45.800,3321.6000,32621,0,863042700.000,0,-,-,-,-,3321.6000,3321.4000,3320.6000,3320.2000,3320.0000,3322.0000,3322.2000,3323.6000,3324.2000,3325.2000,5,1,3,3,7,10,1,1,1,1
SF,IH2012,2020-09-21 09:33:46.300,3321.4000,32614,-7,871014840.000,8,0,8,多平,S,3320.2000,3320.0000,3319.6000,3319.2000,3319.0000,3320.6000,3322.0000,3322.2000,3323.6000,3324.2000,3,7,1,1,5,3,7,1,1,1
SF,IH2012,2020-09-21 09:33:46.800,3322.2000,32603,-11,881976960.000,11,0,11,双平,S,3322.2000,3321.4000,3321.2000,3321.0000,3320.8000,3323.6000,3324.2000,3325.2000,3326.0000,3326.6000,1,3,3,1,2,1,1,1,1,10
SF,IH2012,2020-09-21 09:33:47.300,3322.2000,32601,-2,883970280.000,2,0,2,双平,S,3321.4000,3321.2000,3321.0000,3320.8000,3320.6000,3323.2000,3323.4000,3323.6000,3324.2000,3325.2000,3,1,1,2,6,1,5,1,1,1
SF,IH2012,2020-09-21 09:33:47.800,3322.2000,32601,0,883970280.000,0,-,-,-,-,3320.6000,3320.0000,3319.6000,3319.2000,3319.0000,3323.0000,3323.2000,3323.4000,3323.6000,3324.2000,2,7,1,1,5,6,2,4,1,1
SF,IH2012,2020-09-21 09:33:48.300,3322.2000,32601,0,883970280.000,0,-,-,-,-,3321.4000,3321.2000,3320.8000,3320.6000,3320.0000,3322.8000,3323.0000,3323.2000,3323.4000,3323.6000,2,1,1,3,7,1,5,1,3,1
SF,IH2012,2020-09-21 09:33:48.800,3322.6000,32601,0,884967060.000,1,0,1,多换,S,3321.6000,3321.4000,3321.2000,3320.6000,3320.0000,3322.8000,3323.0000,3323.2000,3323.4000,3323.6000,1,2,1,4,7,2,3,1,1,1
SF,IH2012,2020-09-21 09:33:49.300,3322.6000,32601,0,884967060.000,0,-,-,-,-,3321.8000,3321.6000,3321.4000,3321.2000,3320.6000,3322.6000,3322.8000,3323.0000,3323.2000,3323.4000,1,1,2,1,3,4,2,1,1,1
SF,IH2012,2020-09-21 09:33:49.800,3322.6000,32601,0,884967060.000,0,-,-,-,-,3321.8000,3321.2000,3320.6000,3320.0000,3319.6000,3322.2000,3322.6000,3322.8000,3323.4000,3323.6000,2,1,3,7,1,1,2,2,1,1
SF,IH2012,2020-09-21 09:33:50.300,3322.8000,32599,-2,886960620.000,2,0,2,双平,S,3322.4000,3321.8000,3321.2000,3320.6000,3320.0000,3322.8000,3323.4000,3323.6000,3324.2000,3325.2000,1,2,1,3,7,1,1,1,1,1
SF,IH2012,2020-09-21 09:33:50.800,3321.8000,32595,-4,891943920.000,5,0,5,多平,S,3321.2000,3321.0000,3320.6000,3320.2000,3320.0000,3322.8000,3323.4000,3323.6000,3324.2000,3325.2000,1,1,3,1,7,1,1,1,1,1
SF,IH2012,2020-09-21 09:33:51.300,3321.8000,32595,0,891943920.000,0,-,-,-,-,3321.4000,3321.2000,3321.0000,3320.6000,3320.2000,3322.6000,3322.8000,3323.4000,3323.6000,3324.2000,2,1,1,3,1,3,2,1,1,1
SF,IH2012,2020-09-21 09:33:51.800,3321.8000,32595,0,891943920.000,0,-,-,-,-,3321.2000,3321.0000,3320.6000,3320.2000,3320.0000,3322.4000,3322.6000,3322.8000,3323.4000,3323.6000,1,1,3,1,8,4,2,1,1,1
SF,IH2012,2020-09-21 09:33:52.300,3321.8000,32595,0,891943920.000,0,-,-,-,-,3321.2000,3321.0000,3320.6000,3320.2000,3320.0000,3322.2000,3322.4000,3322.6000,3322.8000,3323.4000,1,1,3,1,8,3,2,2,1,1
SF,IH2012,2020-09-21 09:33:52.800,3321.8000,32595,0,891943920.000,0,-,-,-,-,3321.2000,3321.0000,3320.6000,3320.2000,3320.0000,3322.0000,3322.2000,3322.4000,3322.6000,3322.8000,1,1,3,1,8,1,3,1,2,1
SF,IH2012,2020-09-21 09:33:53.300,3321.8000,32595,0,891943920.000,0,-,-,-,-,3322.0000,3321.4000,3321.2000,3321.0000,3320.6000,3322.6000,3322.8000,3323.4000,3323.6000,3324.2000,2,5,1,1,3,1,1,1,1,1
SF,IH2012,2020-09-21 09:33:53.800,3321.8000,32595,0,891943920.000,0,-,-,-,-,3321.4000,3321.2000,3321.0000,3320.6000,3320.2000,3322.0000,3322.4000,3322.6000,3322.8000,3323.4000,2,1,1,3,1,1,1,1,1,1
SF,IH2012,2020-09-21 09:33:54.300,3321.8000,32595,0,891943920.000,0,-,-,-,-,3321.8000,3321.4000,3321.2000,3321.0000,3320.6000,3322.6000,3322.8000,3323.4000,3323.6000,3324.2000,2,2,1,1,2,1,1,1,1,1
SF,IH2012,2020-09-21 09:33:54.800,3321.8000,32595,0,891943920.000,0,-,-,-,-,3321.4000,3321.2000,3321.0000,3320.6000,3320.2000,3322.4000,3322.6000,3322.8000,3323.4000,3323.6000,2,1,2,2,1,2,1,1,1,1
SF,IH2012,2020-09-21 09:33:55.300,3321.8000,32595,0,891943920.000,0,-,-,-,-,3321.4000,3321.2000,3321.0000,3320.6000,3320.2000,3322.4000,3322.6000,3322.8000,3323.4000,3323.6000,1,1,2,2,1,2,1,1,1,1
SF,IH2012,2020-09-21 09:33:55.800,3321.8000,32595,0,891943920.000,0,-,-,-,-,3322.0000,3321.2000,3321.0000,3320.6000,3320.2000,3322.2000,3322.4000,3322.8000,3323.4000,3323.6000,1,1,2,2,1,3,2,1,1,1
SF,IH2012,2020-09-21 09:33:56.300,3321.8000,32595,0,892940460.000,1,0,1,多换,S,3321.2000,3321.0000,3320.6000,3320.2000,3320.0000,3321.6000,3322.0000,3322.2000,3322.4000,3323.4000,1,3,2,1,7,1,2,4,2,1
SF,IH2012,2020-09-21 09:33:56.800,3321.8000,32595,0,892940460.000,0,-,-,-,-,3321.2000,3321.0000,3320.6000,3320.4000,3320.2000,3321.6000,3322.0000,3322.2000,3322.4000,3323.0000,1,3,1,1,1,1,1,3,2,1
SF,IH2012,2020-09-21 09:33:57.300,3321.2000,32594,-1,893936820.000,1,0,1,双平,S,3321.0000,3320.6000,3320.4000,3320.2000,3320.0000,3321.6000,3322.0000,3322.2000,3322.4000,3323.0000,3,1,1,1,7,2,1,3,1,1
SF,IH2012,2020-09-21 09:33:58.800,3321.2000,32594,0,893936820.000,0,-,-,-,-,3321.4000,3321.0000,3320.6000,3320.4000,3320.2000,3321.6000,3322.0000,3322.2000,3322.4000,3323.0000,2,3,1,1,1,3,1,3,1,1
SF,IH2012,2020-09-21 09:33:59.300,3321.0000,32592,-2,897922260.000,4,1,3,多平,S,3321.0000,3320.6000,3320.4000,3320.2000,3320.0000,3321.4000,3321.6000,3322.0000,3322.2000,3322.4000,1,1,1,1,7,2,3,4,2,1
SF,IH2012,2020-09-21 09:33:59.800,3321.0000,32591,-1,899914860.000,2,0,2,多平,S,3320.6000,3320.4000,3320.2000,3320.0000,3319.8000,3321.0000,3321.2000,3321.4000,3321.6000,3322.0000,1,1,1,7,1,2,1,1,4,4
SF,IH2012,2020-09-21 09:34:00.300,3321.0000,32591,0,901907340.000,2,1,1,多换,S,3320.4000,3320.2000,3320.0000,3319.8000,3319.6000,3321.0000,3321.2000,3321.4000,3321.6000,3322.0000,1,1,7,1,1,3,1,1,4,4
SF,IH2012,2020-09-21 09:34:00.800,3320.2000,32589,-2,904895700.000,3,0,3,多平,S,3320.0000,3319.8000,3319.6000,3319.2000,3319.0000,3320.8000,3321.0000,3321.2000,3321.4000,3321.6000,7,1,1,1,5,1,3,1,1,4
SF,IH2012,2020-09-21 09:34:01.300,3320.2000,32589,0,904895700.000,0,-,-,-,-,3320.0000,3319.8000,3319.6000,3319.2000,3319.0000,3320.6000,3320.8000,3321.0000,3321.4000,3321.6000,7,1,1,1,5,2,1,3,1,3
SF,IH2012,2020-09-21 09:34:01.800,3320.2000,32589,0,904895700.000,0,-,-,-,-,3320.0000,3319.8000,3319.6000,3319.2000,3319.0000,3320.4000,3320.6000,3321.0000,3321.4000,3321.6000,8,1,1,1,5,2,3,3,1,3
SF,IH2012,2020-09-21 09:34:02.300,3320.4000,32588,-1,906887940.000,2,0,2,多平,S,3320.0000,3319.8000,3319.6000,3319.2000,3319.0000,3321.0000,3321.4000,3321.6000,3322.0000,3322.2000,10,1,1,1,5,3,1,2,4,1
SF,IH2012,2020-09-21 09:34:02.800,3320.4000,32587,-1,907884060.000,1,0,1,双平,S,3320.2000,3320.0000,3319.8000,3319.6000,3319.2000,3320.4000,3320.8000,3321.0000,3321.4000,3321.6000,3,11,1,1,1,3,1,3,1,2
SF,IH2012,2020-09-21 09:34:03.300,3321.0000,32584,-3,911868720.000,4,0,4,多平,S,3320.4000,3320.2000,3320.0000,3319.8000,3319.6000,3321.0000,3321.4000,3321.6000,3322.0000,3322.2000,1,1,11,1,1,2,1,1,4,1
SF,IH2012,2020-09-21 09:34:03.800,3320.0000,32583,-1,913860780.000,2,0,2,多平,S,3320.0000,3319.8000,3319.6000,3319.2000,3319.0000,3320.2000,3320.8000,3321.0000,3321.4000,3321.6000,8,1,1,1,5,2,1,2,1,1
SF,IH2012,2020-09-21 09:34:04.300,3320.0000,32581,-2,925812660.000,12,5,7,多平,S,3319.6000,3319.2000,3319.0000,3318.8000,3318.6000,3320.2000,3320.8000,3321.0000,3321.6000,3322.0000,1,1,5,1,1,1,1,2,1,4
SF,IH2012,2020-09-21 09:34:04.800,3320.0000,32581,0,927804540.000,2,1,1,多换,S,3319.2000,3319.0000,3318.8000,3318.6000,3318.2000,3320.2000,3320.6000,3320.8000,3321.0000,3321.6000,1,5,1,1,5,1,1,1,2,1
SF,IH2012,2020-09-21 09:34:05.300,3320.0000,32580,-1,929796540.000,2,0,2,多平,S,3319.4000,3319.2000,3319.0000,3318.8000,3318.6000,3320.0000,3320.2000,3320.6000,3320.8000,3321.6000,2,1,5,1,1,4,1,1,1,1
SF,IH2012,2020-09-21 09:34:05.800,3320.0000,32578,-2,933779940.000,4,1,3,多平,S,3319.4000,3319.0000,3318.8000,3318.6000,3318.2000,3320.0000,3320.6000,3320.8000,3321.6000,3322.0000,1,5,1,1,5,2,1,1,1,4
SF,IH2012,2020-09-21 09:34:06.300,3320.0000,32578,0,933779940.000,0,-,-,-,-,3319.4000,3319.0000,3318.8000,3318.6000,3318.2000,3320.0000,3320.6000,3320.8000,3321.6000,3322.0000,1,5,1,1,5,3,1,1,1,4
SF,IH2012,2020-09-21 09:34:06.800,3319.4000,32577,-1,934775760.000,1,0,1,双平,S,3319.0000,3318.8000,3318.6000,3318.2000,3318.0000,3319.4000,3319.8000,3320.0000,3320.6000,3320.8000,5,1,1,5,3,1,1,3,1,1
SF,IH2012,2020-09-21 09:34:07.300,3319.0000,32577,0,936767160.000,2,1,1,多换,S,3319.0000,3318.8000,3318.6000,3318.2000,3318.0000,3319.4000,3319.8000,3320.0000,3320.6000,3320.8000,3,1,1,5,3,5,1,4,1,1
SF,IH2012,2020-09-21 09:34:07.800,3319.2000,32576,-1,942741300.000,6,2,4,多平,S,3318.6000,3318.2000,3318.0000,3317.8000,3317.0000,3319.4000,3320.0000,3320.6000,3320.8000,3321.6000,1,5,3,1,2,5,4,1,1,1
SF,IH2012,2020-09-21 09:34:08.300,3319.2000,32576,0,947719380.000,5,2,3,多换,S,3318.2000,3318.0000,3317.8000,3317.0000,3316.0000,3319.2000,3319.4000,3320.0000,3320.6000,3320.8000,4,3,1,2,2,5,5,4,1,1
SF,IH2012,2020-09-21 09:34:08.800,3319.2000,32576,0,947719380.000,0,-,-,-,-,3318.2000,3318.0000,3317.8000,3317.0000,3316.0000,3318.6000,3319.0000,3319.2000,3319.4000,3320.0000,4,3,1,2,2,1,1,5,5,4
SF,IH2012,2020-09-21 09:34:09.300,3319.2000,32573,-3,951702180.000,4,0,4,多平,S,3318.2000,3318.0000,3317.8000,3317.0000,3316.0000,3319.2000,3319.4000,3320.0000,3320.6000,3320.8000,4,3,1,2,2,3,6,4,1,1
SF,IH2012,2020-09-21 09:34:09.800,3319.2000,32572,-1,952697940.000,1,0,1,双平,S,3318.6000,3318.4000,3318.2000,3318.0000,3317.8000,3319.2000,3319.4000,3320.0000,3320.6000,3322.0000,1,3,4,3,1,1,6,4,1,4
SF,IH2012,2020-09-21 09:34:10.300,3319.2000,32564,-8,961660200.000,9,0,9,多平,S,3319.2000,3318.8000,3318.4000,3318.2000,3318.0000,3320.0000,3320.6000,3322.0000,3322.2000,3323.0000,1,2,2,4,3,2,1,4,1,1
SF,IH2012,2020-09-21 09:34:10.800,3319.8000,32563,-1,964648140.000,3,1,2,多平,S,3319.8000,3319.4000,3319.2000,3318.8000,3318.4000,3320.6000,3322.0000,3322.2000,3323.0000,3323.4000,2,2,1,1,1,1,4,1,1,1
SF,IH2012,2020-09-21 09:34:11.300,3319.2000,32562,-1,969627420.000,5,2,3,多平,S,3318.8000,3318.2000,3318.0000,3317.8000,3317.0000,3319.4000,3319.8000,3320.2000,3320.4000,3320.6000,1,4,3,1,2,1,2,2,2,1
SF,IH2012,2020-09-21 09:34:11.800,3319.2000,32562,0,969627420.000,0,-,-,-,-,3318.8000,3318.2000,3318.0000,3317.8000,3317.0000,3320.2000,3320.4000,3320.6000,3322.0000,3322.2000,4,4,3,1,2,1,2,1,4,1
SF,IH2012,2020-09-21 09:34:12.300,3318.8000,32559,-3,973609980.000,4,0,4,多平,S,3318.2000,3318.0000,3317.8000,3317.0000,3316.0000,3320.0000,3320.2000,3320.4000,3320.6000,3322.0000,4,3,1,2,2,3,1,1,1,4
SF,IH2012,2020-09-21 09:34:12.800,3318.8000,32559,0,973609980.000,0,-,-,-,-,3319.0000,3318.4000,3318.2000,3318.0000,3317.8000,3319.4000,3319.6000,3319.8000,3320.0000,3320.2000,1,1,4,3,1,1,2,9,3,1
SF,IH2012,2020-09-21 09:34:13.300,3318.8000,32559,0,973609980.000,0,-,-,-,-,3319.0000,3318.4000,3318.2000,3318.0000,3317.8000,3319.4000,3319.8000,3320.0000,3320.2000,3320.6000,1,1,4,3,1,1,2,2,1,1
SF,IH2012,2020-09-21 09:34:13.800,3319.0000,32559,0,974605680.000,1,0,1,多换,S,3318.4000,3318.2000,3318.0000,3317.8000,3317.0000,3319.0000,3319.4000,3319.8000,3320.0000,3320.2000,1,4,3,1,2,1,1,2,2,1
SF,IH2012,2020-09-21 09:34:14.300,3319.0000,32559,0,975601380.000,1,0,1,多换,S,3318.4000,3318.2000,3318.0000,3317.8000,3317.0000,3319.4000,3319.8000,3320.0000,3320.2000,3320.6000,1,4,3,1,2,1,2,2,1,1
SF,IH2012,2020-09-21 09:34:14.800,3319.2000,32560,1,977592900.000,2,1,1,空开,S,3318.2000,3318.0000,3317.8000,3317.0000,3316.0000,3319.2000,3319.4000,3319.8000,3320.2000,3320.6000,4,3,1,2,2,2,1,2,1,1
SF,IH2012,2020-09-21 09:34:15.300,3319.2000,32560,0,978588660.000,1,0,1,多换,S,3318.4000,3318.2000,3318.0000,3317.8000,3317.0000,3319.2000,3319.4000,3319.8000,3320.2000,3320.6000,1,4,3,1,2,5,1,1,1,1
SF,IH2012,2020-09-21 09:34:15.800,3319.2000,32560,0,978588660.000,0,-,-,-,-,3318.2000,3318.0000,3317.8000,3317.0000,3316.0000,3318.4000,3318.8000,3319.0000,3319.2000,3319.4000,4,3,1,2,2,2,1,4,4,1
