市场代码,合约代码,时间,最新,持仓,增仓,成交额,成交量,开仓,平仓,成交类型,方向,买一价,买二价,买三价,买四价,买五价,卖一价,卖二价,卖三价,卖四价,卖五价,买一量,买二量,买三量,买四量,买五量,卖一量,卖二量,卖三量,卖四量,卖五量
SF,IH2004,2020-02-25 09:29:00.200,2922.0000,557,0,0.000,0.000,-,-,-,-,2878.0000,2877.0000,2875.0000,2874.4000,2873.0000,2896.4000,2897.0000,2898.6000,2899.8000,2900.0000,1,1,1,1,2,1,1,1,2,1
SF,IH2004,2020-02-25 09:30:00.200,2922.0000,557,0,0.000,0,-,-,-,-,2893.0000,2892.0000,2889.6000,2889.0000,2888.6000,2896.2000,2896.4000,2897.0000,2898.6000,2899.8000,1,1,3,1,1,3,1,1,1,2
SF,IH2004,2020-02-25 09:30:00.700,2896.0000,561,4,4338060.000,5,4,1,空开,S,2893.8000,2893.2000,2889.0000,2887.4000,2887.0000,2896.2000,2896.4000,2899.8000,2938.4000,3133.4000,1,2,1,1,20,2,1,2,2,4
SF,IH2004,2020-02-25 09:30:01.200,2896.0000,561,0,4338060.000,0,-,-,-,-,2894.0000,2893.8000,2889.0000,2887.4000,2887.0000,2896.2000,2899.8000,2938.4000,3133.4000,3205.2000,2,1,1,1,20,1,2,2,4,1
SF,IH2004,2020-02-25 09:30:01.700,2896.2000,561,0,5206920.000,1,0,1,多换,S,2894.0000,2893.8000,2887.4000,2887.0000,2886.0000,2938.4000,2958.8000,3133.4000,3205.2000,0.0000,2,1,1,20,20,2,1,4,1,0
SF,IH2004,2020-02-25 09:30:02.200,2896.2000,561,0,5206920.000,0,-,-,-,-,2894.2000,2894.0000,2893.8000,2888.0000,2887.4000,2899.2000,2899.6000,2901.0000,2901.6000,2902.2000,1,2,1,5,1,2,1,1,1,1
SF,IH2004,2020-02-25 09:30:02.700,2896.2000,561,0,5206920.000,0,-,-,-,-,2896.4000,2894.4000,2894.2000,2893.8000,2888.0000,2901.0000,2901.8000,2902.2000,2904.0000,2907.0000,1,2,1,1,5,1,1,1,1,5
SF,IH2004,2020-02-25 09:30:03.200,2896.2000,561,0,5206920.000,0,-,-,-,-,2896.6000,2893.8000,2888.0000,2887.4000,2887.0000,2900.8000,2901.0000,2901.8000,2902.2000,2904.0000,3,1,5,1,20,1,1,1,1,1
SF,IH2004,2020-02-25 09:30:03.700,2896.2000,561,0,5206920.000,0,-,-,-,-,2896.6000,2896.4000,2893.8000,2888.0000,2887.4000,2900.8000,2901.0000,2901.8000,2902.2000,2904.0000,3,1,1,5,1,1,1,1,1,1
SF,IH2004,2020-02-25 09:30:04.200,2896.2000,561,0,5206920.000,0,-,-,-,-,2898.0000,2896.6000,2896.4000,2888.0000,2887.4000,2900.8000,2901.0000,2901.8000,2904.0000,2907.0000,1,3,1,5,1,1,1,1,1,5
SF,IH2004,2020-02-25 09:30:04.700,2896.2000,561,0,5206920.000,0,-,-,-,-,2898.2000,2896.6000,2896.4000,2888.0000,2887.4000,2900.6000,2900.8000,2901.0000,2901.8000,2904.0000,1,2,1,5,1,1,1,1,1,1
SF,IH2004,2020-02-25 09:30:05.200,2900.4000,561,0,6077040.000,1,0,1,多换,S,2900.0000,2896.6000,2896.4000,2888.0000,2887.4000,2900.6000,2901.0000,2901.8000,2904.0000,2907.0000,2,2,1,5,1,1,1,1,1,5
SF,IH2004,2020-02-25 09:30:05.700,2900.0000,561,0,7817040.000,2,1,1,多换,S,2898.4000,2896.6000,2896.4000,2888.0000,2887.4000,2899.8000,2900.6000,2901.8000,2904.0000,2907.0000,1,2,1,5,1,1,1,1,1,5
SF,IH2004,2020-02-25 09:30:06.200,2900.0000,561,0,7817040.000,0,-,-,-,-,2898.6000,2898.4000,2896.6000,2896.4000,2888.0000,2901.8000,2904.0000,2907.0000,2931.6000,2933.0000,1,1,1,1,5,1,1,5,9,10
SF,IH2004,2020-02-25 09:30:06.700,2900.0000,561,0,7817040.000,0,-,-,-,-,2898.8000,2898.6000,2896.4000,2888.0000,2887.4000,2901.0000,2901.6000,2901.8000,2904.0000,2907.0000,2,1,1,5,1,1,1,1,1,5
SF,IH2004,2020-02-25 09:30:07.200,2900.0000,561,0,7817040.000,0,-,-,-,-,2899.0000,2898.8000,2896.4000,2888.0000,2887.4000,2904.0000,2907.0000,2931.6000,2933.0000,2937.0000,1,1,1,5,1,1,5,9,10,2
SF,IH2004,2020-02-25 09:30:07.700,2900.0000,561,0,7817040.000,0,-,-,-,-,2899.2000,2896.4000,2888.0000,2887.4000,2887.0000,2903.8000,2904.0000,2907.0000,2931.6000,2933.0000,2,1,5,1,20,1,4,5,9,10
SF,IH2004,2020-02-25 09:30:08.200,2899.4000,560,-1,8686860.000,1,0,1,双平,S,2899.2000,2896.4000,2888.0000,2887.4000,2887.0000,2903.8000,2904.0000,2907.0000,2931.6000,2933.0000,2,1,5,1,20,1,4,5,9,10
SF,IH2004,2020-02-25 09:30:08.700,2899.4000,560,0,8686860.000,0,-,-,-,-,2899.2000,2896.4000,2888.0000,2887.4000,2887.0000,2901.8000,2903.6000,2903.8000,2904.0000,2907.0000,1,1,5,1,20,1,1,1,3,5
SF,IH2004,2020-02-25 09:30:09.200,2899.4000,560,0,8686860.000,0,-,-,-,-,2899.2000,2896.4000,2888.0000,2887.4000,2887.0000,2901.6000,2901.8000,2903.6000,2904.0000,2907.0000,1,1,5,1,20,1,1,1,3,5
SF,IH2004,2020-02-25 09:30:09.700,2899.4000,560,0,8686860.000,0,-,-,-,-,2896.4000,2888.0000,2887.4000,2887.0000,2886.0000,2901.6000,2901.8000,2903.6000,2904.0000,2907.0000,1,5,1,20,20,1,1,1,3,5
SF,IH2004,2020-02-25 09:30:10.200,2899.4000,560,0,8686860.000,0,-,-,-,-,2898.0000,2897.4000,2896.6000,2896.4000,2888.0000,2901.4000,2901.6000,2901.8000,2904.0000,2907.0000,1,1,2,1,5,2,1,1,3,5
SF,IH2004,2020-02-25 09:30:10.700,2899.4000,560,0,8686860.000,0,-,-,-,-,2898.2000,2898.0000,2897.4000,2896.4000,2888.0000,2901.4000,2901.8000,2904.0000,2907.0000,2931.6000,2,1,1,1,5,2,1,3,5,9
SF,IH2004,2020-02-25 09:30:11.200,2901.4000,560,0,10427700.000,2,1,1,多换,S,2901.4000,2898.4000,2898.2000,2898.0000,2897.4000,2904.0000,2907.0000,2931.6000,2933.0000,2937.0000,2,1,2,1,1,3,5,9,10,2
SF,IH2004,2020-02-25 09:30:11.700,2901.4000,560,0,12168540.000,2,1,1,多换,S,2901.6000,2898.4000,2898.2000,2898.0000,2897.4000,2903.8000,2904.0000,2907.0000,2931.6000,2933.0000,1,1,1,1,1,1,4,5,9,10
SF,IH2004,2020-02-25 09:30:12.200,2901.4000,559,-1,13038960.000,1,0,1,双平,S,2898.4000,2898.2000,2898.0000,2897.4000,2896.4000,2901.4000,2904.0000,2907.0000,2931.6000,2933.0000,1,1,1,1,1,1,4,5,9,10
SF,IH2004,2020-02-25 09:30:12.700,2901.4000,559,0,13909380.000,1,0,1,多换,S,2898.6000,2898.4000,2898.0000,2896.4000,2888.0000,2904.0000,2907.0000,2931.6000,2933.0000,2937.0000,2,1,1,1,5,4,5,9,10,2
SF,IH2004,2020-02-25 09:30:13.200,2901.4000,559,0,13909380.000,0,-,-,-,-,2898.8000,2898.6000,2898.0000,2896.4000,2888.0000,2903.8000,2904.0000,2910.8000,2931.6000,2933.0000,1,2,1,1,5,1,4,5,9,10
SF,IH2004,2020-02-25 09:30:13.700,2901.4000,559,0,13909380.000,0,-,-,-,-,2899.0000,2898.8000,2898.0000,2896.4000,2888.0000,2903.8000,2904.0000,2910.8000,2931.6000,2933.0000,2,2,1,1,5,1,4,5,9,10
SF,IH2004,2020-02-25 09:30:14.200,2901.4000,559,0,13909380.000,0,-,-,-,-,2899.2000,2899.0000,2898.8000,2898.0000,2896.4000,2903.6000,2904.0000,2910.8000,2931.6000,2933.0000,2,2,1,1,1,1,4,5,9,10
SF,IH2004,2020-02-25 09:30:14.700,2901.4000,559,0,13909380.000,0,-,-,-,-,2899.4000,2899.2000,2898.0000,2896.4000,2888.0000,2903.6000,2904.0000,2910.8000,2931.6000,2933.0000,2,3,1,1,5,1,4,5,9,10
SF,IH2004,2020-02-25 09:30:15.200,2901.4000,559,0,13909380.000,0,-,-,-,-,2899.6000,2899.4000,2899.2000,2898.0000,2896.4000,2903.6000,2904.0000,2910.8000,2931.6000,2933.0000,1,2,1,1,1,1,4,5,9,10
SF,IH2004,2020-02-25 09:30:15.700,2901.4000,559,0,13909380.000,0,-,-,-,-,2899.8000,2899.6000,2899.4000,2898.0000,2896.4000,2901.8000,2903.4000,2903.6000,2904.0000,2910.8000,1,1,1,1,1,1,1,1,3,5
SF,IH2004,2020-02-25 09:30:16.200,2901.4000,559,0,13909380.000,0,-,-,-,-,2900.0000,2899.8000,2898.0000,2896.4000,2888.0000,2903.4000,2903.6000,2904.0000,2910.8000,2931.6000,1,1,1,1,5,1,1,3,5,9
SF,IH2004,2020-02-25 09:30:16.700,2901.4000,559,0,13909380.000,0,-,-,-,-,2900.2000,2898.0000,2896.4000,2888.0000,2887.4000,2903.2000,2903.4000,2904.0000,2910.8000,2931.6000,2,1,1,5,1,1,1,3,5,9
SF,IH2004,2020-02-25 09:30:17.200,2901.4000,559,0,13909380.000,0,-,-,-,-,2900.4000,2900.2000,2898.0000,2896.4000,2888.0000,2901.8000,2903.2000,2904.0000,2910.8000,2931.6000,1,1,1,1,5,1,2,3,5,9
SF,IH2004,2020-02-25 09:30:17.700,2901.8000,560,1,14779920.000,1,1,0,双开,S,2902.0000,2900.6000,2900.4000,2898.0000,2896.4000,2910.8000,2931.6000,2933.0000,2937.0000,2938.2000,1,1,2,1,1,5,9,10,2,3
SF,IH2004,2020-02-25 09:30:18.200,2901.8000,560,0,14779920.000,0,-,-,-,-,2902.2000,2898.0000,2896.4000,2888.0000,2887.4000,2904.0000,2906.2000,2906.4000,2906.8000,2907.0000,2,1,1,5,1,1,1,1,1,1
SF,IH2004,2020-02-25 09:30:18.700,2901.8000,560,0,14779920.000,0,-,-,-,-,2898.0000,2896.4000,2888.0000,2887.4000,2887.0000,2903.8000,2904.0000,2905.0000,2906.2000,2906.4000,1,1,5,1,20,1,3,2,1,1
SF,IH2004,2020-02-25 09:30:19.200,2901.8000,560,0,14779920.000,0,-,-,-,-,2899.6000,2899.2000,2898.2000,2898.0000,2896.4000,2903.8000,2904.0000,2905.0000,2906.4000,2906.8000,1,1,4,1,1,1,4,2,1,1
SF,IH2004,2020-02-25 09:30:19.700,2901.8000,560,0,14779920.000,0,-,-,-,-,2899.8000,2899.6000,2899.2000,2898.2000,2898.0000,2903.8000,2904.0000,2906.4000,2906.8000,2910.4000,3,1,1,1,1,1,3,1,1,1
SF,IH2004,2020-02-25 09:30:20.700,2901.8000,560,0,14779920.000,0,-,-,-,-,2899.8000,2899.6000,2899.2000,2898.0000,2896.4000,2903.6000,2903.8000,2904.0000,2906.4000,2906.8000,3,1,1,1,1,1,1,3,1,1
SF,IH2004,2020-02-25 09:30:21.200,2901.8000,560,0,14779920.000,0,-,-,-,-,2899.8000,2899.6000,2899.2000,2898.0000,2896.4000,2903.4000,2903.6000,2904.0000,2906.4000,2906.8000,3,1,1,1,1,1,1,4,1,1
SF,IH2004,2020-02-25 09:30:21.700,2901.8000,560,0,14779920.000,0,-,-,-,-,2900.0000,2899.8000,2898.0000,2896.4000,2888.0000,2903.4000,2904.0000,2906.4000,2906.8000,2910.4000,1,2,1,1,5,1,4,1,1,1
SF,IH2004,2020-02-25 09:30:22.200,2901.8000,560,0,14779920.000,0,-,-,-,-,2900.2000,2900.0000,2899.6000,2898.0000,2896.4000,2903.4000,2904.0000,2906.4000,2906.8000,2910.4000,2,1,1,1,1,1,4,1,1,1
SF,IH2004,2020-02-25 09:30:22.700,2901.8000,560,0,14779920.000,0,-,-,-,-,2900.4000,2900.2000,2900.0000,2899.6000,2898.0000,2903.4000,2904.0000,2906.4000,2906.8000,2910.4000,2,2,1,1,1,1,4,1,1,1
SF,IH2004,2020-02-25 09:30:23.200,2901.8000,560,0,14779920.000,0,-,-,-,-,2900.6000,2900.4000,2900.2000,2898.0000,2896.4000,2903.4000,2904.0000,2906.4000,2906.8000,2910.4000,1,2,1,1,1,1,4,1,1,1
SF,IH2004,2020-02-25 09:30:23.700,2901.8000,560,0,14779920.000,0,-,-,-,-,2900.8000,2900.6000,2900.4000,2900.2000,2898.0000,2903.4000,2904.0000,2906.4000,2906.8000,2910.4000,2,1,1,1,1,1,3,1,1,1
SF,IH2004,2020-02-25 09:30:24.200,2901.8000,560,0,14779920.000,0,-,-,-,-,2901.0000,2900.8000,2900.4000,2900.2000,2898.0000,2903.4000,2904.0000,2906.4000,2906.8000,2910.4000,1,2,1,1,1,1,3,1,1,1
SF,IH2004,2020-02-25 09:30:24.700,2901.8000,560,0,14779920.000,0,-,-,-,-,2901.2000,2901.0000,2900.8000,2900.2000,2898.0000,2904.0000,2906.4000,2906.8000,2910.4000,2910.8000,2,1,1,1,1,3,1,1,1,5
SF,IH2004,2020-02-25 09:30:25.200,2901.8000,560,0,14779920.000,0,-,-,-,-,2901.4000,2901.2000,2900.8000,2900.2000,2898.0000,2904.0000,2906.4000,2906.8000,2910.4000,2910.8000,1,2,1,1,1,3,1,1,1,5
SF,IH2004,2020-02-25 09:30:25.700,2901.8000,560,0,14779920.000,0,-,-,-,-,2901.6000,2901.4000,2901.2000,2900.8000,2900.2000,2904.0000,2906.4000,2906.8000,2910.4000,2910.8000,1,1,2,1,1,3,1,1,1,5
SF,IH2004,2020-02-25 09:30:26.200,2901.8000,560,0,14779920.000,0,-,-,-,-,2901.8000,2901.6000,2901.2000,2900.8000,2900.2000,2904.0000,2906.4000,2906.8000,2910.4000,2910.8000,2,1,1,1,1,3,1,1,1,5
SF,IH2004,2020-02-25 09:30:26.700,2901.8000,560,0,14779920.000,0,-,-,-,-,2901.8000,2901.6000,2901.2000,2900.8000,2900.2000,2903.2000,2904.0000,2906.4000,2906.8000,2910.4000,2,1,1,1,1,1,3,1,1,1
SF,IH2004,2020-02-25 09:30:27.200,2903.2000,560,0,15650880.000,1,0,1,多换,S,2902.0000,2901.8000,2901.6000,2901.2000,2900.8000,2904.0000,2906.4000,2906.8000,2910.4000,2910.8000,1,3,1,1,1,2,1,1,1,5
SF,IH2004,2020-02-25 09:30:27.700,2903.2000,560,0,15650880.000,0,-,-,-,-,2902.2000,2902.0000,2901.8000,2901.6000,2901.2000,2904.0000,2906.4000,2906.8000,2910.4000,2910.8000,2,1,1,1,1,2,1,1,1,5
SF,IH2004,2020-02-25 09:30:28.200,2903.2000,560,0,15650880.000,0,-,-,-,-,2902.2000,2902.0000,2901.8000,2901.6000,2901.2000,2906.8000,2910.4000,2910.8000,2931.6000,2933.0000,3,1,1,1,1,1,1,5,9,10
SF,IH2004,2020-02-25 09:30:28.700,2903.2000,560,0,15650880.000,0,-,-,-,-,2902.4000,2902.2000,2902.0000,2901.8000,2901.6000,2906.0000,2906.2000,2906.4000,2906.6000,2906.8000,2,3,1,1,1,1,1,1,1,1
SF,IH2004,2020-02-25 09:30:29.200,2903.2000,560,0,15650880.000,0,-,-,-,-,2902.6000,2902.4000,2902.2000,2902.0000,2901.8000,2910.4000,2910.8000,2931.6000,2933.0000,2937.0000,2,2,1,1,1,1,5,9,10,2
SF,IH2004,2020-02-25 09:30:29.700,2903.2000,560,0,15650880.000,0,-,-,-,-,2902.8000,2902.6000,2902.4000,2902.2000,2902.0000,2907.0000,2907.2000,2908.4000,2908.8000,2910.2000,1,1,1,1,1,1,1,1,2,2
SF,IH2004,2020-02-25 09:30:30.200,2903.2000,560,0,15650880.000,0,-,-,-,-,2903.0000,2902.8000,2902.4000,2902.2000,2902.0000,2907.0000,2907.2000,2908.4000,2908.8000,2910.2000,2,1,1,1,1,1,1,1,2,3
SF,IH2004,2020-02-25 09:30:30.700,2903.2000,560,0,15650880.000,0,-,-,-,-,2903.2000,2903.0000,2902.4000,2902.2000,2902.0000,2906.8000,2907.0000,2907.2000,2908.4000,2908.8000,1,2,1,1,1,1,1,1,1,2
SF,IH2004,2020-02-25 09:30:31.200,2903.2000,560,0,15650880.000,0,-,-,-,-,2903.4000,2903.2000,2902.4000,2902.2000,2902.0000,2907.0000,2907.2000,2908.4000,2908.8000,2910.2000,2,2,1,1,1,1,1,1,2,1
SF,IH2004,2020-02-25 09:30:31.700,2903.2000,560,0,15650880.000,0,-,-,-,-,2903.6000,2903.4000,2903.2000,2902.4000,2902.2000,2907.0000,2907.2000,2908.4000,2908.8000,2910.2000,1,2,1,1,1,1,1,1,2,1
SF,IH2004,2020-02-25 09:30:32.200,2903.2000,560,0,15650880.000,0,-,-,-,-,2903.8000,2903.6000,2902.4000,2902.2000,2902.0000,2906.8000,2907.0000,2908.4000,2908.8000,2910.2000,2,1,1,1,1,1,1,1,2,1
SF,IH2004,2020-02-25 09:30:32.700,2903.2000,560,0,15650880.000,0,-,-,-,-,2903.8000,2903.6000,2902.4000,2902.2000,2902.0000,2906.8000,2908.8000,2910.4000,2914.6000,2931.6000,2,1,1,1,1,1,2,1,5,9
SF,IH2004,2020-02-25 09:30:33.200,2906.8000,561,1,16522920.000,1,1,0,双开,S,2904.0000,2903.8000,2903.6000,2902.4000,2902.2000,2908.8000,2910.4000,2914.6000,2931.6000,2933.0000,1,2,1,1,1,2,1,5,9,10
SF,IH2004,2020-02-25 09:30:33.700,2906.8000,561,0,16522920.000,0,-,-,-,-,2904.2000,2904.0000,2902.4000,2902.2000,2895.6000,2908.6000,2908.8000,2910.4000,2914.6000,2931.6000,3,2,1,1,5,1,2,1,5,9
SF,IH2004,2020-02-25 09:30:34.200,2906.8000,561,0,16522920.000,0,-,-,-,-,2904.2000,2904.0000,2902.4000,2902.2000,2895.6000,2907.0000,2908.4000,2908.8000,2910.4000,2914.6000,3,2,1,1,5,1,2,2,1,5
SF,IH2004,2020-02-25 09:30:34.700,2906.8000,561,0,16522920.000,0,-,-,-,-,2904.4000,2904.2000,2902.4000,2902.2000,2895.6000,2907.0000,2908.4000,2908.8000,2910.4000,2914.6000,1,3,1,1,5,1,3,2,1,5
SF,IH2004,2020-02-25 09:30:35.200,2906.8000,561,0,16522920.000,0,-,-,-,-,2904.6000,2904.4000,2904.2000,2902.2000,2895.6000,2906.8000,2907.0000,2908.4000,2908.8000,2910.4000,1,1,1,1,5,1,1,2,2,1
SF,IH2004,2020-02-25 09:30:35.700,2906.8000,561,0,16522920.000,0,-,-,-,-,2904.6000,2904.4000,2902.6000,2902.2000,2895.6000,2906.8000,2907.0000,2908.4000,2908.8000,2914.6000,1,1,1,1,5,1,1,2,2,5
SF,IH2004,2020-02-25 09:30:36.200,2906.8000,561,0,16522920.000,0,-,-,-,-,2904.8000,2904.6000,2902.6000,2902.2000,2895.6000,2907.0000,2908.4000,2908.8000,2914.6000,2931.6000,2,1,1,1,5,1,1,2,5,9
SF,IH2004,2020-02-25 09:30:36.700,2906.8000,561,0,16522920.000,0,-,-,-,-,2904.8000,2902.6000,2902.2000,2895.6000,2891.0000,2906.8000,2907.0000,2908.4000,2908.8000,2914.6000,1,1,1,5,20,1,1,1,2,5
SF,IH2004,2020-02-25 09:30:37.200,2906.8000,561,0,16522920.000,0,-,-,-,-,2905.0000,2904.8000,2902.6000,2902.2000,2895.6000,2906.8000,2907.0000,2908.2000,2908.4000,2908.8000,1,1,1,1,5,1,1,1,1,2
SF,IH2004,2020-02-25 09:30:37.700,2906.8000,561,0,16522920.000,0,-,-,-,-,2902.6000,2902.2000,2895.6000,2891.0000,2887.4000,2906.8000,2907.0000,2908.2000,2908.4000,2908.8000,1,1,5,20,1,1,1,1,1,2
SF,IH2004,2020-02-25 09:30:38.200,2906.8000,561,0,16522920.000,0,-,-,-,-,2904.0000,2903.8000,2902.8000,2902.6000,2902.2000,2907.0000,2908.2000,2908.8000,2914.6000,2931.6000,1,1,3,1,1,1,1,2,5,9
SF,IH2004,2020-02-25 09:30:38.700,2906.8000,561,0,16522920.000,0,-,-,-,-,2904.2000,2904.0000,2902.8000,2902.6000,2902.2000,2908.2000,2908.8000,2914.6000,2931.6000,2933.0000,2,1,1,1,1,1,2,5,9,10
SF,IH2004,2020-02-25 09:30:39.200,2906.8000,561,0,16522920.000,0,-,-,-,-,2907.0000,2904.4000,2904.2000,2904.0000,2902.6000,2908.0000,2908.2000,2908.8000,2914.6000,2931.6000,4,1,2,1,1,1,1,2,5,9
SF,IH2004,2020-02-25 09:30:39.700,2907.0000,557,-4,20011320.000,4,0,4,双平,S,2904.4000,2904.2000,2904.0000,2902.6000,2902.2000,2907.0000,2908.2000,2908.4000,2908.8000,2914.6000,1,1,1,1,1,1,1,1,2,5
SF,IH2004,2020-02-25 09:30:40.200,2907.0000,557,0,20011320.000,0,-,-,-,-,2904.6000,2904.0000,2902.6000,2902.2000,2895.6000,2908.2000,2908.8000,2910.0000,2914.6000,2931.6000,2,1,1,1,5,1,2,1,5,9
SF,IH2004,2020-02-25 09:30:40.700,2907.0000,557,0,20011320.000,0,-,-,-,-,2904.8000,2904.6000,2904.0000,2902.6000,2902.2000,2908.0000,2908.2000,2908.8000,2910.0000,2914.6000,1,3,1,1,1,1,1,2,1,5
SF,IH2004,2020-02-25 09:30:41.200,2907.0000,557,0,20011320.000,0,-,-,-,-,2905.0000,2904.8000,2904.6000,2904.0000,2902.6000,2908.2000,2908.8000,2910.0000,2914.6000,2931.6000,2,1,1,1,1,1,2,1,5,9
SF,IH2004,2020-02-25 09:30:41.700,2907.0000,557,0,20011320.000,0,-,-,-,-,2905.2000,2905.0000,2904.0000,2902.6000,2902.2000,2908.0000,2908.2000,2908.8000,2910.0000,2914.6000,1,2,1,1,1,1,1,2,1,5
SF,IH2004,2020-02-25 09:30:42.200,2907.0000,557,0,20011320.000,0,-,-,-,-,2905.4000,2905.2000,2904.0000,2902.6000,2902.2000,2907.0000,2908.0000,2908.2000,2908.8000,2910.0000,1,1,1,1,1,1,1,1,2,1
SF,IH2004,2020-02-25 09:30:42.700,2905.4000,557,0,20882940.000,1,0,1,多换,S,2904.0000,2902.6000,2902.2000,2895.6000,2891.0000,2907.0000,2908.0000,2908.2000,2908.8000,2910.0000,1,1,1,5,20,2,1,1,2,1
SF,IH2004,2020-02-25 09:30:43.200,2905.4000,557,0,20882940.000,0,-,-,-,-,2904.2000,2904.0000,2902.6000,2902.2000,2895.6000,2906.8000,2907.0000,2908.0000,2908.2000,2908.8000,2,1,1,1,5,1,1,1,1,2
SF,IH2004,2020-02-25 09:30:43.700,2904.0000,556,-1,23496660.000,3,1,2,多平,S,2902.6000,2902.2000,2895.6000,2891.0000,2890.0000,2904.4000,2906.8000,2907.0000,2908.2000,2908.8000,1,1,5,20,20,1,1,2,1,2
SF,IH2004,2020-02-25 09:30:44.200,2904.0000,556,0,23496660.000,0,-,-,-,-,2902.8000,2902.6000,2902.2000,2895.6000,2891.0000,2904.4000,2906.8000,2907.0000,2908.2000,2908.8000,1,1,1,5,20,1,1,2,1,2
SF,IH2004,2020-02-25 09:30:44.700,2904.0000,556,0,23496660.000,0,-,-,-,-,2902.8000,2902.6000,2902.2000,2895.6000,2891.0000,2904.4000,2906.8000,2907.0000,2908.2000,2908.8000,1,1,1,5,20,1,1,2,1,2
SF,IH2004,2020-02-25 09:30:45.700,2904.0000,556,0,23496660.000,0,-,-,-,-,2902.8000,2902.6000,2902.2000,2895.6000,2891.0000,2904.0000,2904.4000,2906.8000,2907.0000,2908.2000,1,1,1,5,20,1,1,1,2,1
SF,IH2004,2020-02-25 09:30:47.200,2902.6000,554,-2,25238280.000,2,0,2,双平,S,2902.2000,2895.6000,2891.0000,2890.0000,2889.0000,2904.0000,2904.4000,2906.8000,2907.0000,2908.2000,1,5,20,20,20,1,1,1,2,1
SF,IH2004,2020-02-25 09:30:47.700,2902.6000,554,0,25238280.000,0,-,-,-,-,2895.6000,2891.0000,2890.0000,2889.0000,2887.4000,2904.0000,2904.4000,2906.8000,2907.0000,2908.2000,5,20,20,20,1,1,1,1,2,1
SF,IH2004,2020-02-25 09:30:48.200,2902.6000,554,0,25238280.000,0,-,-,-,-,2902.2000,2901.6000,2899.0000,2897.8000,2895.8000,2904.0000,2904.4000,2906.8000,2907.0000,2908.2000,1,1,1,3,3,1,1,1,2,1
SF,IH2004,2020-02-25 09:30:48.700,2902.6000,554,0,25238280.000,0,-,-,-,-,2902.2000,2901.6000,2899.0000,2895.8000,2895.6000,2903.8000,2904.0000,2904.4000,2906.8000,2907.0000,1,1,1,3,5,1,1,1,1,2
SF,IH2004,2020-02-25 09:30:49.200,2902.6000,554,0,25238280.000,0,-,-,-,-,2902.2000,2901.6000,2899.0000,2895.8000,2895.6000,2903.8000,2904.0000,2904.4000,2906.8000,2907.0000,1,1,1,3,5,1,1,1,1,2
SF,IH2004,2020-02-25 09:30:49.700,2902.6000,554,0,25238280.000,0,-,-,-,-,2899.0000,2895.8000,2895.6000,2891.0000,2890.0000,2903.8000,2904.0000,2904.4000,2906.8000,2907.0000,1,2,5,20,20,1,1,1,1,2
SF,IH2004,2020-02-25 09:30:50.200,2902.6000,554,0,25238280.000,0,-,-,-,-,2899.2000,2891.8000,2891.0000,2890.0000,2889.0000,2903.6000,2903.8000,2904.0000,2904.4000,2907.0000,2,5,20,20,20,1,1,1,1,2
SF,IH2004,2020-02-25 09:30:50.700,2902.6000,554,0,25238280.000,0,-,-,-,-,2899.2000,2891.8000,2891.0000,2890.0000,2889.0000,2903.4000,2903.6000,2904.0000,2904.4000,2907.0000,1,5,20,20,20,1,1,2,1,6
SF,IH2004,2020-02-25 09:30:51.200,2902.6000,554,0,25238280.000,0,-,-,-,-,2899.2000,2891.8000,2891.0000,2890.0000,2889.0000,2903.2000,2903.4000,2904.0000,2904.4000,2907.0000,1,5,20,20,20,1,1,1,1,1
SF,IH2004,2020-02-25 09:30:51.700,2902.6000,554,0,25238280.000,0,-,-,-,-,2899.2000,2891.8000,2891.0000,2890.0000,2889.0000,2903.0000,2903.2000,2904.0000,2904.4000,2907.0000,1,5,20,20,20,1,1,1,1,1
SF,IH2004,2020-02-25 09:30:52.200,2902.6000,554,0,25238280.000,0,-,-,-,-,2899.2000,2891.8000,2891.0000,2890.0000,2889.0000,2902.8000,2903.0000,2904.0000,2904.4000,2907.0000,1,5,20,20,20,1,1,1,1,1
SF,IH2004,2020-02-25 09:30:52.700,2902.6000,554,0,25238280.000,0,-,-,-,-,2899.2000,2891.8000,2891.0000,2890.0000,2889.0000,2902.6000,2902.8000,2904.0000,2904.4000,2907.0000,1,5,20,20,20,1,1,1,1,1
SF,IH2004,2020-02-25 09:30:53.200,2902.6000,554,0,25238280.000,0,-,-,-,-,2899.2000,2891.8000,2891.0000,2890.0000,2889.0000,2902.4000,2902.6000,2904.0000,2904.4000,2907.0000,1,5,20,20,20,1,1,1,1,1
SF,IH2004,2020-02-25 09:30:53.700,2902.6000,554,0,25238280.000,0,-,-,-,-,2899.2000,2891.8000,2891.0000,2890.0000,2889.0000,2902.2000,2902.4000,2904.0000,2904.4000,2907.0000,1,5,20,20,20,1,1,1,1,1
SF,IH2004,2020-02-25 09:30:54.200,2902.6000,554,0,25238280.000,0,-,-,-,-,2899.2000,2891.8000,2891.0000,2890.0000,2889.0000,2901.8000,2902.0000,2902.2000,2904.0000,2904.4000,1,5,20,20,20,1,1,1,1,1
SF,IH2004,2020-02-25 09:30:54.700,2902.6000,554,0,25238280.000,0,-,-,-,-,2891.8000,2891.0000,2890.0000,2889.0000,2888.0000,2901.6000,2904.0000,2904.4000,2907.0000,2908.2000,5,20,20,20,20,2,1,1,1,1
SF,IH2004,2020-02-25 09:30:55.200,2902.6000,554,0,25238280.000,0,-,-,-,-,2898.0000,2896.4000,2892.2000,2892.0000,2891.8000,2901.4000,2901.6000,2901.8000,2904.0000,2904.4000,1,2,1,2,5,1,1,1,1,1
SF,IH2004,2020-02-25 09:30:55.700,2902.6000,554,0,25238280.000,0,-,-,-,-,2898.2000,2898.0000,2896.4000,2892.2000,2892.0000,2901.2000,2901.8000,2904.0000,2904.4000,2907.0000,1,1,2,1,1,2,1,1,1,1
SF,IH2004,2020-02-25 09:30:56.200,2902.6000,554,0,25238280.000,0,-,-,-,-,2898.2000,2898.0000,2896.4000,2892.2000,2892.0000,2901.2000,2901.8000,2904.0000,2904.4000,2907.0000,1,1,2,1,1,1,1,1,1,1
SF,IH2004,2020-02-25 09:30:56.700,2902.6000,554,0,25238280.000,0,-,-,-,-,2898.2000,2898.0000,2896.4000,2892.2000,2892.0000,2901.0000,2901.2000,2901.8000,2904.0000,2904.4000,1,1,2,1,1,1,1,1,1,1
SF,IH2004,2020-02-25 09:30:57.200,2902.6000,554,0,25238280.000,0,-,-,-,-,2898.2000,2898.0000,2896.4000,2892.2000,2892.0000,2900.8000,2901.0000,2901.8000,2904.0000,2904.4000,1,1,1,1,1,1,1,1,1,1
SF,IH2004,2020-02-25 09:30:57.700,2902.6000,554,0,25238280.000,0,-,-,-,-,2898.0000,2896.4000,2892.2000,2892.0000,2891.8000,2900.8000,2901.0000,2901.8000,2904.0000,2904.4000,1,1,1,1,5,1,1,1,1,1
SF,IH2004,2020-02-25 09:30:58.200,2902.6000,554,0,25238280.000,0,-,-,-,-,2898.0000,2896.4000,2892.2000,2892.0000,2891.8000,2900.6000,2900.8000,2901.8000,2904.0000,2904.4000,1,1,1,1,5,1,1,1,1,1
SF,IH2004,2020-02-25 09:30:58.700,2902.6000,554,0,25238280.000,0,-,-,-,-,2898.0000,2896.4000,2892.2000,2892.0000,2891.8000,2900.4000,2900.6000,2901.8000,2904.0000,2904.4000,1,1,1,1,5,1,1,1,1,1
SF,IH2004,2020-02-25 09:30:59.200,2902.6000,554,0,25238280.000,0,-,-,-,-,2898.0000,2896.4000,2892.2000,2892.0000,2891.8000,2900.2000,2900.4000,2901.8000,2904.0000,2904.4000,1,1,1,1,5,1,1,1,1,1
SF,IH2004,2020-02-25 09:30:59.700,2902.6000,554,0,25238280.000,0,-,-,-,-,2898.0000,2896.4000,2892.2000,2892.0000,2891.8000,2900.0000,2900.2000,2901.8000,2904.0000,2904.4000,1,1,1,1,5,1,1,1,1,1
SF,IH2004,2020-02-25 09:31:00.200,2902.6000,554,0,25238280.000,0,-,-,-,-,2896.4000,2892.2000,2892.0000,2891.8000,2891.0000,2900.0000,2900.2000,2901.8000,2904.0000,2904.4000,1,1,1,5,20,1,1,1,1,1
SF,IH2004,2020-02-25 09:31:00.700,2902.6000,554,0,25238280.000,0,-,-,-,-,2896.6000,2896.4000,2892.2000,2892.0000,2891.8000,2899.8000,2900.0000,2901.8000,2904.0000,2904.4000,1,1,1,1,5,1,1,1,1,1
SF,IH2004,2020-02-25 09:31:01.200,2902.6000,554,0,25238280.000,0,-,-,-,-,2896.8000,2896.6000,2896.4000,2892.2000,2891.8000,2900.0000,2901.8000,2904.0000,2904.4000,2907.0000,1,1,1,1,5,1,1,1,1,1
SF,IH2004,2020-02-25 09:31:01.700,2902.6000,554,0,25238280.000,0,-,-,-,-,2897.0000,2896.4000,2892.2000,2891.0000,2890.0000,2899.2000,2899.6000,2899.8000,2900.0000,2904.0000,1,1,1,20,20,1,1,1,1,1
SF,IH2004,2020-02-25 09:31:02.200,2902.6000,554,0,25238280.000,0,-,-,-,-,2892.2000,2891.0000,2890.0000,2889.0000,2888.0000,2899.0000,2904.4000,2907.0000,2908.2000,2910.0000,1,20,20,20,25,2,1,1,1,1
SF,IH2004,2020-02-25 09:31:02.700,2902.6000,554,0,25238280.000,0,-,-,-,-,2893.8000,2892.4000,2892.2000,2891.0000,2890.0000,2904.4000,2907.0000,2908.2000,2910.0000,2910.8000,2,3,1,20,20,1,1,1,1,5
SF,IH2004,2020-02-25 09:31:03.200,2902.6000,554,0,25238280.000,0,-,-,-,-,2896.4000,2894.0000,2893.8000,2892.4000,2892.2000,2899.2000,2899.6000,2901.0000,2901.6000,2902.2000,1,2,2,1,1,1,1,1,1,1
SF,IH2004,2020-02-25 09:31:03.700,2902.6000,554,0,25238280.000,0,-,-,-,-,2896.4000,2894.0000,2893.8000,2892.2000,2891.0000,2899.0000,2899.2000,2899.6000,2901.0000,2901.6000,1,2,2,1,20,1,1,1,1,1
SF,IH2004,2020-02-25 09:31:04.200,2899.2000,554,0,26108040.000,1,0,1,多换,S,2896.4000,2894.0000,2893.8000,2892.2000,2891.0000,2901.0000,2901.6000,2902.2000,2904.0000,2904.2000,1,2,2,1,20,1,1,1,2,3
SF,IH2004,2020-02-25 09:31:04.700,2899.2000,554,0,26108040.000,0,-,-,-,-,2896.6000,2896.4000,2893.8000,2892.2000,2891.0000,2900.8000,2901.0000,2902.2000,2904.0000,2904.2000,2,1,2,1,20,1,1,2,2,1
SF,IH2004,2020-02-25 09:31:05.200,2899.2000,554,0,26108040.000,0,-,-,-,-,2898.0000,2896.6000,2896.4000,2893.8000,2892.2000,2900.6000,2900.8000,2901.0000,2902.2000,2904.0000,1,2,1,1,1,1,1,1,1,2
SF,IH2004,2020-02-25 09:31:05.700,2899.2000,554,0,26108040.000,0,-,-,-,-,2896.6000,2896.4000,2893.8000,2892.2000,2891.0000,2898.0000,2900.4000,2900.6000,2901.0000,2902.2000,2,1,1,1,20,1,1,1,1,1
SF,IH2004,2020-02-25 09:31:06.200,2898.0000,554,0,26977440.000,1,0,1,多换,S,2898.2000,2896.4000,2893.8000,2891.0000,2890.0000,2900.4000,2902.2000,2904.0000,2904.4000,2907.0000,1,1,1,20,20,1,1,1,1,1
SF,IH2004,2020-02-25 09:31:06.700,2898.0000,554,0,26977440.000,0,-,-,-,-,2898.0000,2896.4000,2893.8000,2891.0000,2890.0000,2900.2000,2902.2000,2904.0000,2904.4000,2907.0000,1,1,1,20,20,1,1,1,1,1
SF,IH2004,2020-02-25 09:31:07.200,2898.0000,554,0,26977440.000,0,-,-,-,-,2896.4000,2893.8000,2891.0000,2890.0000,2889.0000,2900.2000,2902.2000,2904.0000,2904.4000,2907.0000,1,1,20,20,20,2,1,1,1,1
SF,IH2004,2020-02-25 09:31:07.700,2898.0000,554,0,26977440.000,0,-,-,-,-,2896.6000,2896.4000,2893.8000,2891.0000,2890.0000,2900.2000,2902.2000,2904.0000,2904.4000,2907.0000,2,1,1,20,20,2,1,1,1,1
SF,IH2004,2020-02-25 09:31:08.200,2898.0000,554,0,26977440.000,0,-,-,-,-,2896.6000,2896.4000,2893.8000,2891.0000,2890.0000,2900.2000,2902.2000,2904.0000,2904.4000,2907.0000,3,1,1,20,20,2,1,1,1,1
SF,IH2004,2020-02-25 09:31:08.700,2898.0000,554,0,26977440.000,0,-,-,-,-,2896.6000,2896.4000,2893.8000,2891.0000,2890.0000,2900.2000,2902.2000,2904.0000,2904.4000,2907.0000,3,1,1,20,20,2,1,1,1,1
SF,IH2004,2020-02-25 09:31:09.200,2898.0000,554,0,26977440.000,0,-,-,-,-,2896.6000,2896.4000,2893.8000,2891.0000,2890.0000,2900.2000,2902.2000,2904.0000,2904.4000,2907.0000,2,1,1,20,20,1,1,1,1,1
SF,IH2004,2020-02-25 09:31:09.700,2900.2000,553,-1,28717500.000,2,0,2,多平,S,2896.8000,2896.6000,2896.4000,2893.8000,2891.0000,2900.0000,2902.2000,2904.0000,2904.4000,2907.0000,2,2,1,1,20,1,1,1,1,1
SF,IH2004,2020-02-25 09:31:10.200,2900.2000,553,0,28717500.000,0,-,-,-,-,2897.0000,2896.8000,2896.4000,2893.8000,2891.0000,2902.2000,2904.0000,2904.4000,2907.0000,2908.2000,2,2,1,1,20,1,1,1,1,1
SF,IH2004,2020-02-25 09:31:10.700,2900.2000,553,0,28717500.000,0,-,-,-,-,2897.2000,2897.0000,2896.4000,2893.8000,2891.0000,2901.0000,2901.8000,2902.0000,2902.2000,2904.0000,1,1,1,1,20,1,1,2,2,1
SF,IH2004,2020-02-25 09:31:11.200,2900.2000,553,0,28717500.000,0,-,-,-,-,2897.4000,2897.2000,2896.4000,2893.8000,2891.0000,2900.8000,2901.0000,2901.8000,2902.2000,2904.0000,1,2,1,1,20,2,1,1,1,1
SF,IH2004,2020-02-25 09:31:11.700,2900.2000,553,0,28717500.000,0,-,-,-,-,2897.6000,2897.4000,2897.2000,2896.4000,2893.8000,2900.8000,2901.0000,2901.8000,2902.2000,2904.0000,1,1,1,1,1,2,1,1,1,1
SF,IH2004,2020-02-25 09:31:12.200,2900.2000,553,0,28717500.000,0,-,-,-,-,2897.8000,2897.6000,2896.4000,2893.8000,2891.0000,2900.8000,2901.0000,2901.8000,2902.2000,2904.0000,1,1,1,1,20,2,1,1,1,1
SF,IH2004,2020-02-25 09:31:12.700,2900.2000,553,0,28717500.000,0,-,-,-,-,2898.0000,2897.8000,2896.4000,2893.8000,2891.0000,2900.8000,2901.0000,2901.8000,2902.2000,2904.0000,1,2,1,1,20,2,1,1,1,1
SF,IH2004,2020-02-25 09:31:13.200,2900.2000,553,0,28717500.000,0,-,-,-,-,2898.0000,2897.8000,2896.4000,2893.8000,2891.0000,2900.8000,2901.0000,2901.8000,2902.2000,2904.0000,1,2,1,1,20,2,1,1,1,1
SF,IH2004,2020-02-25 09:31:13.700,2900.2000,553,0,28717500.000,0,-,-,-,-,2898.2000,2898.0000,2897.8000,2896.4000,2893.8000,2901.8000,2902.2000,2904.0000,2904.4000,2907.0000,2,2,1,1,1,1,1,1,1,1
SF,IH2004,2020-02-25 09:31:14.200,2900.2000,553,0,28717500.000,0,-,-,-,-,2898.4000,2898.2000,2896.4000,2893.8000,2891.0000,2901.6000,2901.8000,2902.2000,2904.0000,2904.4000,2,1,1,1,20,2,1,1,1,1
SF,IH2004,2020-02-25 09:31:14.700,2900.2000,553,0,28717500.000,0,-,-,-,-,2898.4000,2896.4000,2893.8000,2891.0000,2890.0000,2901.6000,2901.8000,2902.2000,2904.0000,2904.4000,2,1,1,20,20,2,1,1,1,1
SF,IH2004,2020-02-25 09:31:15.200,2900.2000,553,0,28717500.000,0,-,-,-,-,2898.4000,2896.4000,2893.8000,2891.0000,2890.0000,2901.0000,2901.6000,2901.8000,2902.2000,2904.0000,1,1,1,20,20,1,2,1,1,1
SF,IH2004,2020-02-25 09:31:15.700,2900.2000,553,0,28717500.000,0,-,-,-,-,2896.4000,2893.8000,2891.0000,2890.0000,2889.0000,2900.8000,2901.0000,2901.8000,2902.2000,2904.0000,1,1,20,20,20,2,1,1,1,1
SF,IH2004,2020-02-25 09:31:16.200,2900.2000,553,0,28717500.000,0,-,-,-,-,2896.6000,2896.4000,2893.8000,2891.0000,2890.0000,2900.8000,2901.0000,2901.8000,2902.2000,2904.0000,3,1,1,20,20,1,1,1,1,1
SF,IH2004,2020-02-25 09:31:16.700,2900.2000,553,0,28717500.000,0,-,-,-,-,2896.6000,2896.4000,2893.8000,2891.0000,2890.0000,2900.6000,2900.8000,2901.0000,2901.8000,2902.2000,4,1,1,20,20,1,1,1,1,1
SF,IH2004,2020-02-25 09:31:17.200,2900.2000,553,0,28717500.000,0,-,-,-,-,2898.0000,2896.6000,2896.4000,2893.8000,2891.0000,2900.4000,2901.0000,2901.8000,2902.2000,2904.0000,1,4,1,1,20,1,1,1,1,1
SF,IH2004,2020-02-25 09:31:17.700,2900.2000,553,0,28717500.000,0,-,-,-,-,2898.2000,2898.0000,2896.6000,2896.4000,2893.8000,2901.8000,2902.2000,2904.0000,2904.4000,2907.0000,3,1,2,1,1,1,1,1,1,1
SF,IH2004,2020-02-25 09:31:18.200,2900.2000,553,0,28717500.000,0,-,-,-,-,2898.4000,2898.2000,2898.0000,2896.4000,2893.8000,2901.6000,2901.8000,2902.2000,2904.0000,2904.4000,1,3,1,1,1,2,1,1,1,1
SF,IH2004,2020-02-25 09:31:18.700,2900.2000,553,0,28717500.000,0,-,-,-,-,2898.6000,2898.4000,2898.2000,2898.0000,2896.4000,2901.0000,2901.6000,2901.8000,2902.2000,2904.0000,1,1,1,1,1,1,2,1,1,1
SF,IH2004,2020-02-25 09:31:19.200,2900.2000,553,0,28717500.000,0,-,-,-,-,2898.8000,2898.6000,2898.0000,2896.4000,2893.8000,2901.6000,2902.2000,2904.0000,2904.4000,2907.0000,1,2,1,1,1,2,1,1,1,1
SF,IH2004,2020-02-25 09:31:19.700,2900.2000,553,0,28717500.000,0,-,-,-,-,2899.0000,2898.8000,2898.6000,2898.0000,2896.4000,2901.6000,2902.2000,2904.0000,2904.4000,2907.0000,1,1,1,1,1,2,1,1,1,1
SF,IH2004,2020-02-25 09:31:20.200,2900.2000,553,0,28717500.000,0,-,-,-,-,2899.0000,2898.8000,2898.0000,2896.4000,2893.8000,2901.0000,2901.6000,2901.8000,2902.2000,2904.0000,1,1,1,1,1,1,2,1,1,1
SF,IH2004,2020-02-25 09:31:20.700,2900.2000,553,0,28717500.000,0,-,-,-,-,2899.2000,2899.0000,2898.8000,2898.0000,2896.4000,2901.6000,2901.8000,2902.2000,2904.0000,2904.4000,1,1,1,1,1,2,1,1,1,1
SF,IH2004,2020-02-25 09:31:21.200,2900.2000,553,0,28717500.000,0,-,-,-,-,2899.4000,2899.2000,2898.8000,2898.0000,2896.4000,2901.6000,2902.2000,2904.0000,2904.4000,2907.0000,1,1,1,1,1,2,1,1,1,1
SF,IH2004,2020-02-25 09:31:21.700,2900.2000,553,0,28717500.000,0,-,-,-,-,2899.4000,2898.8000,2898.0000,2896.4000,2891.0000,2902.2000,2904.0000,2904.4000,2907.0000,2907.6000,1,1,1,1,20,1,1,1,1,1
SF,IH2004,2020-02-25 09:31:22.200,2900.2000,553,0,28717500.000,0,-,-,-,-,2899.4000,2898.8000,2898.0000,2896.4000,2891.0000,2901.8000,2902.0000,2902.2000,2904.0000,2904.4000,1,1,1,1,20,1,2,1,1,1
SF,IH2004,2020-02-25 09:31:22.700,2900.2000,553,0,28717500.000,0,-,-,-,-,2898.0000,2896.4000,2891.0000,2890.0000,2889.0000,2901.0000,2901.6000,2901.8000,2902.2000,2904.0000,1,1,20,20,20,1,2,1,1,1
SF,IH2004,2020-02-25 09:31:23.200,2900.2000,553,0,28717500.000,0,-,-,-,-,2898.2000,2898.0000,2896.4000,2891.0000,2890.0000,2901.6000,2901.8000,2902.2000,2904.0000,2904.4000,2,1,1,20,20,2,1,1,1,1
SF,IH2004,2020-02-25 09:31:23.700,2900.2000,553,0,28717500.000,0,-,-,-,-,2898.4000,2898.2000,2896.4000,2891.0000,2890.0000,2901.4000,2901.6000,2901.8000,2902.2000,2904.0000,1,3,1,20,20,1,1,1,1,1
SF,IH2004,2020-02-25 09:31:24.200,2900.2000,553,0,28717500.000,0,-,-,-,-,2898.6000,2898.4000,2898.2000,2896.4000,2891.0000,2901.4000,2901.6000,2901.8000,2902.2000,2904.0000,1,1,2,1,20,1,1,1,1,1
SF,IH2004,2020-02-25 09:31:24.700,2900.2000,553,0,28717500.000,0,-,-,-,-,2898.4000,2896.4000,2891.0000,2890.0000,2889.0000,2901.0000,2901.2000,2901.4000,2901.8000,2902.2000,1,1,20,20,20,1,1,1,1,1
SF,IH2004,2020-02-25 09:31:25.200,2900.2000,553,0,28717500.000,0,-,-,-,-,2898.6000,2896.4000,2891.0000,2890.0000,2889.0000,2900.8000,2901.2000,2901.8000,2902.2000,2904.0000,1,1,20,20,20,1,1,1,1,1
SF,IH2004,2020-02-25 09:31:25.700,2900.2000,553,0,28717500.000,0,-,-,-,-,2896.4000,2891.0000,2890.0000,2889.0000,2888.0000,2900.8000,2901.0000,2901.2000,2901.8000,2902.2000,1,20,20,20,25,1,1,1,1,1
SF,IH2004,2020-02-25 09:31:26.200,2900.2000,553,0,28717500.000,0,-,-,-,-,2898.0000,2896.6000,2896.4000,2891.0000,2890.0000,2900.8000,2901.8000,2902.2000,2904.0000,2904.4000,1,4,1,20,20,1,1,1,1,1
SF,IH2004,2020-02-25 09:31:26.700,2900.2000,553,0,28717500.000,0,-,-,-,-,2898.2000,2898.0000,2896.6000,2896.4000,2891.0000,2901.8000,2904.0000,2904.4000,2907.0000,2907.6000,2,1,2,1,20,1,1,1,1,1
SF,IH2004,2020-02-25 09:31:27.200,2900.2000,553,0,28717500.000,0,-,-,-,-,2898.4000,2898.2000,2896.4000,2891.0000,2890.0000,2901.0000,2901.6000,2901.8000,2904.0000,2904.4000,1,2,1,20,20,1,2,1,1,1
SF,IH2004,2020-02-25 09:31:27.700,2900.2000,553,0,28717500.000,0,-,-,-,-,2898.2000,2896.4000,2891.0000,2890.0000,2889.0000,2900.8000,2901.0000,2901.6000,2901.8000,2904.0000,1,1,20,20,20,2,1,1,1,1
SF,IH2004,2020-02-25 09:31:28.200,2900.2000,553,0,28717500.000,0,-,-,-,-,2896.4000,2891.0000,2890.0000,2889.0000,2888.0000,2900.8000,2901.0000,2901.8000,2904.0000,2904.4000,1,20,20,20,25,2,1,1,1,1
SF,IH2004,2020-02-25 09:31:28.700,2900.2000,553,0,28717500.000,0,-,-,-,-,2896.6000,2896.4000,2891.0000,2890.0000,2889.0000,2900.8000,2901.0000,2901.8000,2904.0000,2904.4000,3,1,20,20,20,1,1,1,1,1
SF,IH2004,2020-02-25 09:31:29.200,2900.2000,553,0,28717500.000,0,-,-,-,-,2898.0000,2896.8000,2896.6000,2896.4000,2891.0000,2900.8000,2901.0000,2901.8000,2904.0000,2904.4000,1,1,3,1,20,1,1,1,1,1
SF,IH2004,2020-02-25 09:31:29.700,2900.6000,553,0,29587680.000,1,0,1,多换,S,2898.2000,2898.0000,2896.8000,2896.6000,2896.4000,2900.8000,2901.0000,2901.8000,2904.0000,2904.4000,1,1,1,2,1,1,1,1,1,1
SF,IH2004,2020-02-25 09:31:30.200,2900.6000,553,0,29587680.000,0,-,-,-,-,2898.4000,2898.2000,2898.0000,2896.6000,2896.4000,2900.4000,2900.8000,2901.0000,2901.8000,2904.0000,1,2,1,1,1,1,1,1,1,1
SF,IH2004,2020-02-25 09:31:30.700,2900.6000,553,0,29587680.000,0,-,-,-,-,2898.4000,2898.2000,2896.6000,2896.4000,2891.0000,2900.2000,2900.4000,2901.0000,2901.8000,2904.0000,1,2,1,1,20,1,1,1,1,1
SF,IH2004,2020-02-25 09:31:31.700,2900.6000,553,0,29587680.000,0,-,-,-,-,2898.6000,2898.4000,2896.6000,2896.4000,2891.0000,2900.4000,2901.8000,2904.0000,2904.4000,2907.0000,1,1,1,1,20,1,1,1,1,1
SF,IH2004,2020-02-25 09:31:32.200,2900.6000,553,0,29587680.000,0,-,-,-,-,2898.6000,2898.4000,2896.6000,2896.4000,2891.0000,2900.4000,2901.8000,2904.0000,2904.4000,2907.0000,2,1,1,1,20,1,1,1,1,1
SF,IH2004,2020-02-25 09:31:32.700,2900.6000,553,0,29587680.000,0,-,-,-,-,2898.8000,2898.6000,2896.6000,2896.4000,2891.0000,2900.4000,2901.8000,2904.0000,2904.4000,2907.0000,1,2,1,1,20,1,1,1,1,1
SF,IH2004,2020-02-25 09:31:33.200,2900.4000,554,1,30457800.000,1,1,0,双开,S,2899.0000,2898.8000,2898.6000,2896.6000,2896.4000,2901.8000,2904.0000,2904.4000,2907.0000,2907.6000,1,1,1,1,1,1,1,1,1,1
SF,IH2004,2020-02-25 09:31:33.700,2900.4000,554,0,30457800.000,0,-,-,-,-,2899.2000,2899.0000,2898.6000,2896.6000,2896.4000,2901.8000,2904.0000,2904.4000,2907.0000,2907.6000,2,1,1,1,1,1,1,1,1,1
SF,IH2004,2020-02-25 09:31:34.200,2900.4000,554,0,30457800.000,0,-,-,-,-,2899.4000,2899.2000,2898.6000,2896.6000,2896.4000,2904.0000,2904.4000,2907.0000,2907.6000,2908.2000,1,2,1,1,1,1,1,1,1,1
SF,IH2004,2020-02-25 09:31:34.700,2900.4000,554,0,30457800.000,0,-,-,-,-,2899.6000,2899.4000,2899.2000,2898.6000,2896.4000,2903.8000,2904.0000,2904.4000,2907.0000,2907.6000,2,1,1,1,1,1,4,1,1,1
SF,IH2004,2020-02-25 09:31:35.200,2900.4000,554,0,30457800.000,0,-,-,-,-,2902.0000,2899.8000,2899.6000,2899.2000,2898.6000,2903.6000,2903.8000,2904.0000,2904.4000,2907.0000,1,1,3,1,1,1,1,4,1,1
SF,IH2004,2020-02-25 09:31:35.700,2900.4000,554,0,30457800.000,0,-,-,-,-,2902.0000,2899.8000,2899.6000,2899.2000,2896.4000,2903.4000,2903.6000,2904.0000,2904.4000,2907.0000,1,1,2,1,1,1,1,4,1,1
SF,IH2004,2020-02-25 09:31:36.200,2900.4000,554,0,30457800.000,0,-,-,-,-,2902.0000,2899.8000,2899.6000,2896.4000,2891.0000,2903.4000,2903.6000,2904.0000,2904.4000,2907.0000,1,1,2,1,20,1,1,4,1,1
SF,IH2004,2020-02-25 09:31:36.700,2903.2000,555,1,31328760.000,1,1,0,双开,S,2899.8000,2899.6000,2896.4000,2891.0000,2890.0000,2903.4000,2903.6000,2904.0000,2904.4000,2907.0000,1,1,1,20,20,1,1,3,1,1
SF,IH2004,2020-02-25 09:31:37.200,2903.2000,555,0,31328760.000,0,-,-,-,-,2900.0000,2899.8000,2896.4000,2891.0000,2890.0000,2903.4000,2903.6000,2904.0000,2904.4000,2907.0000,3,1,1,20,20,1,1,3,1,1
SF,IH2004,2020-02-25 09:31:37.700,2903.2000,556,1,32199720.000,1,1,0,双开,S,2900.2000,2900.0000,2896.4000,2891.0000,2890.0000,2903.4000,2904.0000,2904.4000,2907.0000,2907.6000,1,3,1,20,20,1,3,1,1,1
SF,IH2004,2020-02-25 09:31:38.200,2903.2000,556,0,32199720.000,0,-,-,-,-,2900.4000,2900.2000,2896.4000,2891.0000,2890.0000,2903.4000,2904.0000,2904.4000,2907.0000,2907.6000,2,1,1,20,20,1,3,1,1,1
SF,IH2004,2020-02-25 09:31:38.700,2903.2000,556,0,32199720.000,0,-,-,-,-,2900.6000,2900.4000,2896.4000,2891.0000,2890.0000,2903.4000,2904.0000,2904.4000,2907.0000,2907.6000,1,3,1,20,20,1,3,1,1,1
SF,IH2004,2020-02-25 09:31:39.200,2903.2000,556,0,32199720.000,0,-,-,-,-,2900.8000,2900.6000,2900.4000,2896.4000,2891.0000,2904.0000,2904.4000,2907.0000,2907.6000,2908.2000,1,1,2,1,20,3,1,1,1,1
SF,IH2004,2020-02-25 09:31:39.700,2903.2000,556,0,32199720.000,0,-,-,-,-,2901.0000,2900.8000,2900.4000,2896.4000,2891.0000,2903.8000,2904.0000,2904.4000,2907.0000,2907.6000,2,2,1,1,20,1,4,1,1,1
SF,IH2004,2020-02-25 09:31:40.200,2903.2000,556,0,32199720.000,0,-,-,-,-,2901.2000,2901.0000,2900.8000,2900.4000,2896.4000,2903.2000,2903.8000,2904.0000,2904.4000,2907.0000,1,2,1,1,1,1,1,3,1,1
SF,IH2004,2020-02-25 09:31:40.700,2903.2000,556,0,32199720.000,0,-,-,-,-,2901.4000,2901.2000,2900.8000,2900.4000,2896.4000,2903.2000,2903.8000,2904.0000,2904.4000,2907.0000,1,2,1,1,1,1,1,3,1,1
SF,IH2004,2020-02-25 09:31:41.200,2903.2000,556,0,32199720.000,0,-,-,-,-,2901.6000,2901.4000,2901.2000,2900.8000,2896.4000,2903.2000,2903.8000,2904.0000,2904.4000,2907.0000,1,1,1,1,1,1,1,3,1,1
SF,IH2004,2020-02-25 09:31:41.700,2903.2000,557,1,33070680.000,1,1,0,双开,S,2901.8000,2901.6000,2901.2000,2896.4000,2891.0000,2903.8000,2904.0000,2904.4000,2907.0000,2907.6000,1,1,1,1,20,1,3,1,1,1
SF,IH2004,2020-02-25 09:31:42.200,2903.2000,557,0,33070680.000,0,-,-,-,-,2901.8000,2901.6000,2896.4000,2891.0000,2890.0000,2904.0000,2904.4000,2907.0000,2907.6000,2908.2000,1,1,1,20,20,3,1,1,1,1
SF,IH2004,2020-02-25 09:31:42.700,2903.2000,557,0,33070680.000,0,-,-,-,-,2902.0000,2901.8000,2896.4000,2891.0000,2890.0000,2904.0000,2904.4000,2907.0000,2907.6000,2908.2000,2,1,1,20,20,1,1,1,1,1
SF,IH2004,2020-02-25 09:31:43.200,2903.2000,557,0,33070680.000,0,-,-,-,-,2902.2000,2902.0000,2896.4000,2891.0000,2890.0000,2904.0000,2904.4000,2907.0000,2907.6000,2908.2000,1,2,1,20,20,1,1,1,1,1
SF,IH2004,2020-02-25 09:31:43.700,2903.2000,557,0,33070680.000,0,-,-,-,-,2902.0000,2896.4000,2891.0000,2890.0000,2889.0000,2904.0000,2904.4000,2907.0000,2907.6000,2908.2000,1,1,20,20,20,1,1,1,1,1
SF,IH2004,2020-02-25 09:31:44.200,2903.2000,557,0,33070680.000,0,-,-,-,-,2902.4000,2902.2000,2902.0000,2891.0000,2890.0000,2904.0000,2904.4000,2907.0000,2907.6000,2908.2000,1,2,1,20,20,1,1,1,1,1
SF,IH2004,2020-02-25 09:31:44.700,2903.2000,557,0,33070680.000,0,-,-,-,-,2902.6000,2902.4000,2891.0000,2890.0000,2889.0000,2904.0000,2904.4000,2907.0000,2907.6000,2908.2000,1,1,20,20,20,4,1,1,1,1
SF,IH2004,2020-02-25 09:31:45.200,2903.2000,557,0,33070680.000,0,-,-,-,-,2902.6000,2891.0000,2890.0000,2889.0000,2888.0000,2904.0000,2904.4000,2907.0000,2907.6000,2908.2000,1,20,20,20,25,1,1,1,1,1
SF,IH2004,2020-02-25 09:31:45.700,2903.2000,557,0,33070680.000,0,-,-,-,-,2902.6000,2891.0000,2890.0000,2889.0000,2888.0000,2903.8000,2904.0000,2904.4000,2907.0000,2907.6000,1,20,20,20,25,1,4,1,1,1
SF,IH2004,2020-02-25 09:31:46.200,2903.2000,557,0,33070680.000,0,-,-,-,-,2903.8000,2902.6000,2891.0000,2890.0000,2889.0000,2904.4000,2907.0000,2907.6000,2908.2000,2910.0000,1,1,20,20,20,1,1,1,1,1
SF,IH2004,2020-02-25 09:31:46.700,2903.8000,556,-1,33941820.000,1,0,1,双平,S,2902.6000,2891.0000,2890.0000,2889.0000,2888.0000,2904.0000,2904.4000,2907.0000,2907.6000,2908.2000,1,20,20,20,25,1,1,1,1,1
SF,IH2004,2020-02-25 09:31:47.700,2904.0000,557,1,34813020.000,1,1,0,双开,S,2902.6000,2891.0000,2890.0000,2889.0000,2888.0000,2904.4000,2907.0000,2907.6000,2908.2000,2910.0000,1,20,20,20,25,1,1,1,1,1
SF,IH2004,2020-02-25 09:31:48.200,2904.0000,557,0,34813020.000,0,-,-,-,-,2902.8000,2902.6000,2891.0000,2890.0000,2889.0000,2904.2000,2904.4000,2907.0000,2907.6000,2908.2000,1,1,20,20,20,1,1,1,1,1
SF,IH2004,2020-02-25 09:31:49.700,2904.0000,557,0,34813020.000,0,-,-,-,-,2902.8000,2902.6000,2891.0000,2890.0000,2889.0000,2904.4000,2907.0000,2907.6000,2908.2000,2910.0000,1,1,20,20,20,1,1,1,1,1
SF,IH2004,2020-02-25 09:31:50.200,2904.4000,558,1,35684340.000,1,1,0,双开,S,2903.0000,2902.8000,2891.0000,2890.0000,2889.0000,2907.0000,2907.6000,2908.2000,2910.0000,2910.8000,1,1,20,20,20,1,1,1,1,5
SF,IH2004,2020-02-25 09:31:50.700,2904.4000,558,0,35684340.000,0,-,-,-,-,2903.2000,2903.0000,2891.0000,2890.0000,2889.0000,2906.2000,2906.4000,2906.8000,2907.0000,2907.6000,1,1,20,20,20,1,1,4,2,1
SF,IH2004,2020-02-25 09:31:51.200,2904.4000,558,0,35684340.000,0,-,-,-,-,2903.4000,2903.2000,2891.0000,2890.0000,2889.0000,2906.0000,2906.2000,2906.4000,2906.8000,2907.0000,1,2,20,20,20,1,1,1,4,2
SF,IH2004,2020-02-25 09:31:51.700,2904.4000,558,0,35684340.000,0,-,-,-,-,2903.4000,2903.2000,2891.0000,2890.0000,2889.0000,2906.0000,2906.2000,2906.8000,2907.0000,2907.6000,1,2,20,20,20,1,1,3,2,1
SF,IH2004,2020-02-25 09:31:52.200,2904.4000,558,0,35684340.000,0,-,-,-,-,2903.6000,2903.4000,2903.2000,2891.0000,2890.0000,2906.0000,2906.2000,2906.8000,2907.0000,2907.6000,1,1,2,20,20,1,1,2,2,1
SF,IH2004,2020-02-25 09:31:53.200,2904.4000,558,0,35684340.000,0,-,-,-,-,2903.6000,2903.4000,2903.2000,2891.0000,2890.0000,2905.8000,2906.0000,2906.2000,2906.8000,2907.0000,1,1,2,20,20,1,1,1,2,2
SF,IH2004,2020-02-25 09:31:53.700,2904.4000,558,0,35684340.000,0,-,-,-,-,2903.6000,2903.4000,2903.2000,2891.0000,2890.0000,2905.6000,2905.8000,2906.2000,2906.8000,2907.0000,1,1,1,20,20,1,1,1,2,2
SF,IH2004,2020-02-25 09:31:54.200,2904.4000,558,0,35684340.000,0,-,-,-,-,2903.6000,2903.4000,2891.0000,2890.0000,2889.0000,2905.6000,2905.8000,2906.2000,2906.8000,2907.0000,1,1,20,20,20,1,1,1,2,2
SF,IH2004,2020-02-25 09:31:54.700,2904.4000,558,0,35684340.000,0,-,-,-,-,2903.4000,2891.0000,2890.0000,2889.0000,2888.0000,2905.6000,2906.2000,2906.8000,2907.0000,2907.6000,1,20,20,20,25,1,1,2,2,1
SF,IH2004,2020-02-25 09:31:55.200,2904.4000,558,0,35684340.000,0,-,-,-,-,2903.8000,2903.4000,2891.0000,2890.0000,2889.0000,2904.0000,2905.4000,2905.6000,2906.8000,2907.0000,1,1,20,20,20,2,1,1,2,2
SF,IH2004,2020-02-25 09:31:55.700,2904.0000,559,1,36555540.000,1,1,0,双开,S,2904.2000,2903.8000,2903.4000,2891.0000,2890.0000,2905.4000,2905.6000,2906.8000,2907.0000,2907.6000,1,1,1,20,20,1,1,2,2,1
SF,IH2004,2020-02-25 09:31:56.200,2904.0000,559,0,36555540.000,0,-,-,-,-,2904.2000,2903.4000,2891.0000,2890.0000,2889.0000,2905.2000,2905.4000,2906.8000,2907.0000,2907.6000,1,1,20,20,20,1,1,2,2,1
SF,IH2004,2020-02-25 09:31:56.700,2904.0000,559,0,36555540.000,0,-,-,-,-,2904.2000,2903.4000,2891.0000,2890.0000,2889.0000,2905.2000,2906.8000,2907.0000,2907.6000,2908.2000,1,1,20,20,20,1,2,2,1,1
SF,IH2004,2020-02-25 09:31:57.200,2904.0000,559,0,36555540.000,0,-,-,-,-,2903.4000,2891.0000,2890.0000,2889.0000,2888.0000,2905.2000,2906.8000,2907.0000,2907.6000,2908.2000,1,20,20,20,25,1,2,2,1,1
SF,IH2004,2020-02-25 09:31:57.700,2904.0000,559,0,36555540.000,0,-,-,-,-,2903.4000,2891.0000,2890.0000,2889.0000,2888.0000,2904.0000,2905.2000,2906.8000,2907.0000,2907.6000,1,20,20,20,25,1,1,2,2,1
SF,IH2004,2020-02-25 09:31:58.200,2904.0000,559,0,36555540.000,0,-,-,-,-,2903.4000,2891.0000,2890.0000,2889.0000,2888.0000,2903.8000,2904.0000,2906.8000,2907.0000,2907.6000,1,20,20,20,25,1,1,2,2,1
SF,IH2004,2020-02-25 09:31:58.700,2904.0000,560,1,38297880.000,2,1,1,空开,S,2903.4000,2891.0000,2890.0000,2889.0000,2888.0000,2906.8000,2907.0000,2907.6000,2908.2000,2910.0000,1,20,20,20,25,2,2,1,1,1
SF,IH2004,2020-02-25 09:31:59.200,2904.0000,560,0,38297880.000,0,-,-,-,-,2903.6000,2891.0000,2890.0000,2889.0000,2888.0000,2906.4000,2906.8000,2907.0000,2907.6000,2908.2000,1,20,20,20,25,1,3,2,1,1
SF,IH2004,2020-02-25 09:31:59.700,2904.0000,560,0,38297880.000,0,-,-,-,-,2903.6000,2891.0000,2890.0000,2889.0000,2888.0000,2906.2000,2906.4000,2906.8000,2907.0000,2907.6000,2,20,20,20,25,3,2,2,2,1
SF,IH2004,2020-02-25 09:32:00.200,2904.0000,560,0,38297880.000,0,-,-,-,-,2903.6000,2891.0000,2890.0000,2889.0000,2888.0000,2906.2000,2906.4000,2906.8000,2907.0000,2907.6000,1,20,20,20,25,2,1,2,2,1
SF,IH2004,2020-02-25 09:32:00.700,2904.0000,560,0,38297880.000,0,-,-,-,-,2903.6000,2891.0000,2890.0000,2889.0000,2888.0000,2906.2000,2906.4000,2906.8000,2907.0000,2907.6000,1,20,20,20,25,2,1,2,2,1
SF,IH2004,2020-02-25 09:32:01.200,2904.0000,560,0,38297880.000,0,-,-,-,-,2903.6000,2891.0000,2890.0000,2889.0000,2888.0000,2906.2000,2906.4000,2906.8000,2907.0000,2907.6000,1,20,20,20,25,2,1,2,2,1
SF,IH2004,2020-02-25 09:32:01.700,2904.0000,560,0,38297880.000,0,-,-,-,-,2903.8000,2903.6000,2891.0000,2890.0000,2889.0000,2906.2000,2906.8000,2907.0000,2907.6000,2908.2000,1,1,20,20,20,2,2,2,1,1
SF,IH2004,2020-02-25 09:32:02.200,2904.0000,560,0,38297880.000,0,-,-,-,-,2904.0000,2903.8000,2903.6000,2891.0000,2890.0000,2906.2000,2906.8000,2907.0000,2907.6000,2908.2000,1,1,1,20,20,1,2,2,1,1
SF,IH2004,2020-02-25 09:32:02.700,2904.0000,560,0,38297880.000,0,-,-,-,-,2904.2000,2904.0000,2903.6000,2891.0000,2890.0000,2906.2000,2906.8000,2907.0000,2907.6000,2908.2000,1,1,1,20,20,1,2,2,1,1
SF,IH2004,2020-02-25 09:32:03.700,2904.0000,560,0,38297880.000,0,-,-,-,-,2904.4000,2904.2000,2904.0000,2903.6000,2891.0000,2906.8000,2907.0000,2907.6000,2908.2000,2910.0000,1,1,1,1,20,1,2,1,1,1
SF,IH2004,2020-02-25 09:32:04.200,2904.0000,560,0,38297880.000,0,-,-,-,-,2904.6000,2904.4000,2904.0000,2903.6000,2891.0000,2906.8000,2907.0000,2907.6000,2908.2000,2910.0000,1,1,1,1,20,2,2,1,1,1
SF,IH2004,2020-02-25 09:32:04.700,2904.0000,560,0,38297880.000,0,-,-,-,-,2904.8000,2904.6000,2904.4000,2904.0000,2903.6000,2906.8000,2907.0000,2907.6000,2908.2000,2910.0000,1,1,1,1,1,1,2,1,1,1
SF,IH2004,2020-02-25 09:32:05.200,2904.0000,560,0,38297880.000,0,-,-,-,-,2904.8000,2904.6000,2904.4000,2904.0000,2903.6000,2906.8000,2907.0000,2907.6000,2908.2000,2910.0000,1,1,1,1,1,1,2,1,1,1
SF,IH2004,2020-02-25 09:32:05.700,2904.0000,560,0,38297880.000,0,-,-,-,-,2904.8000,2904.6000,2904.4000,2904.0000,2903.6000,2906.8000,2907.0000,2907.6000,2908.2000,2910.0000,1,1,1,1,1,2,2,1,1,1
SF,IH2004,2020-02-25 09:32:06.200,2904.0000,560,0,38297880.000,0,-,-,-,-,2904.8000,2904.6000,2904.4000,2904.0000,2903.6000,2906.8000,2907.0000,2907.6000,2908.2000,2910.0000,1,1,1,1,1,1,2,1,1,1
SF,IH2004,2020-02-25 09:32:06.700,2904.0000,560,0,38297880.000,0,-,-,-,-,2905.0000,2904.8000,2904.4000,2904.0000,2903.6000,2906.8000,2907.0000,2907.6000,2908.2000,2910.0000,1,1,1,1,1,1,2,1,1,1
SF,IH2004,2020-02-25 09:32:07.200,2904.0000,560,0,38297880.000,0,-,-,-,-,2905.2000,2905.0000,2904.8000,2904.4000,2904.0000,2906.8000,2907.0000,2907.6000,2908.2000,2910.0000,1,1,1,1,1,1,2,1,1,1
SF,IH2004,2020-02-25 09:32:09.200,2904.0000,560,0,38297880.000,0,-,-,-,-,2905.2000,2905.0000,2904.8000,2904.4000,2904.0000,2907.0000,2907.6000,2908.2000,2910.0000,2910.8000,1,1,1,1,1,2,1,1,1,5
SF,IH2004,2020-02-25 09:32:09.700,2904.0000,560,0,38297880.000,0,-,-,-,-,2905.4000,2905.2000,2904.8000,2904.4000,2904.0000,2907.0000,2907.6000,2908.2000,2910.0000,2910.8000,2,2,1,1,1,2,1,1,1,5
SF,IH2004,2020-02-25 09:32:10.200,2904.0000,560,0,38297880.000,0,-,-,-,-,2905.4000,2905.2000,2904.8000,2904.4000,2904.0000,2907.0000,2907.6000,2908.2000,2910.0000,2910.8000,1,2,1,1,1,2,1,1,1,5
SF,IH2004,2020-02-25 09:32:12.200,2905.2000,560,0,39169440.000,1,0,1,多换,S,2905.2000,2904.8000,2904.4000,2904.0000,2903.6000,2907.0000,2907.6000,2908.2000,2910.0000,2910.8000,2,1,1,1,1,2,1,1,1,5
SF,IH2004,2020-02-25 09:32:12.700,2905.2000,561,1,40041000.000,1,1,0,双开,S,2905.2000,2904.8000,2904.4000,2904.0000,2891.0000,2907.0000,2907.6000,2908.2000,2910.0000,2910.8000,1,1,1,1,20,2,1,1,1,5
SF,IH2004,2020-02-25 09:32:13.200,2905.2000,561,0,40912560.000,1,0,1,多换,S,2904.8000,2904.4000,2891.0000,2890.0000,2889.0000,2906.8000,2907.0000,2907.6000,2908.2000,2910.0000,1,1,20,20,20,3,2,1,1,1
SF,IH2004,2020-02-25 09:32:13.700,2905.2000,561,0,40912560.000,0,-,-,-,-,2904.8000,2891.0000,2890.0000,2889.0000,2888.0000,2906.8000,2907.0000,2907.6000,2908.2000,2910.0000,1,20,20,20,25,3,2,1,1,1
SF,IH2004,2020-02-25 09:32:14.200,2904.8000,561,0,41784000.000,1,0,1,多换,S,2891.0000,2890.0000,2889.0000,2888.0000,2887.4000,2906.4000,2906.8000,2907.0000,2907.6000,2908.2000,20,20,20,25,1,1,4,2,1,1
SF,IH2004,2020-02-25 09:32:14.700,2904.8000,561,0,41784000.000,0,-,-,-,-,2899.6000,2899.2000,2899.0000,2898.0000,2896.4000,2904.6000,2906.2000,2906.4000,2906.6000,2906.8000,1,2,1,1,1,1,1,1,1,3
SF,IH2004,2020-02-25 09:32:15.200,2904.8000,561,0,41784000.000,0,-,-,-,-,2901.4000,2899.8000,2899.6000,2899.2000,2898.0000,2904.6000,2906.2000,2906.4000,2906.8000,2907.0000,1,3,1,2,1,1,1,1,2,2
SF,IH2004,2020-02-25 09:32:15.700,2904.8000,561,0,41784000.000,0,-,-,-,-,2901.6000,2901.4000,2899.6000,2899.2000,2898.0000,2904.0000,2904.4000,2904.6000,2906.2000,2906.4000,3,1,1,2,1,1,1,1,1,1
SF,IH2004,2020-02-25 09:32:16.200,2904.8000,561,0,41784000.000,0,-,-,-,-,2901.6000,2899.6000,2899.2000,2898.0000,2896.4000,2906.2000,2906.4000,2906.8000,2907.0000,2907.6000,2,1,2,1,2,1,1,2,1,1
SF,IH2004,2020-02-25 09:32:16.700,2904.8000,561,0,41784000.000,0,-,-,-,-,2901.8000,2901.6000,2899.6000,2899.2000,2898.0000,2905.2000,2906.0000,2906.2000,2906.4000,2906.8000,1,2,1,2,1,1,1,2,1,2
SF,IH2004,2020-02-25 09:32:17.200,2904.8000,561,0,41784000.000,0,-,-,-,-,2902.0000,2901.8000,2901.6000,2899.6000,2899.2000,2905.0000,2905.2000,2906.0000,2906.2000,2906.4000,1,1,1,1,2,1,1,1,2,1
SF,IH2004,2020-02-25 09:32:17.700,2904.8000,561,0,41784000.000,0,-,-,-,-,2902.0000,2901.8000,2901.6000,2899.6000,2899.2000,2904.0000,2905.0000,2905.2000,2906.0000,2906.2000,1,1,1,1,2,1,2,1,1,2
SF,IH2004,2020-02-25 09:32:18.200,2904.8000,561,0,41784000.000,0,-,-,-,-,2902.2000,2902.0000,2901.8000,2901.6000,2899.2000,2905.0000,2905.2000,2906.0000,2906.2000,2906.8000,1,1,1,1,2,1,1,1,1,2
SF,IH2004,2020-02-25 09:32:18.700,2904.8000,561,0,41784000.000,0,-,-,-,-,2902.4000,2902.2000,2901.8000,2899.2000,2893.2000,2905.2000,2906.2000,2906.8000,2907.0000,2907.6000,2,1,1,2,2,1,1,1,1,1
SF,IH2004,2020-02-25 09:32:19.200,2904.8000,561,0,41784000.000,0,-,-,-,-,2902.4000,2902.2000,2901.8000,2899.2000,2893.2000,2906.8000,2907.0000,2907.6000,2908.2000,2910.0000,2,1,1,2,2,1,1,1,1,1
SF,IH2004,2020-02-25 09:32:19.700,2904.8000,561,0,41784000.000,0,-,-,-,-,2903.0000,2902.6000,2902.4000,2901.8000,2899.2000,2905.8000,2906.6000,2906.8000,2907.0000,2907.6000,1,1,2,1,2,1,1,2,1,1
SF,IH2004,2020-02-25 09:32:20.200,2904.8000,561,0,41784000.000,0,-,-,-,-,2903.2000,2903.0000,2902.6000,2901.8000,2899.2000,2906.6000,2906.8000,2907.0000,2907.6000,2908.2000,2,1,1,1,2,1,2,1,1,1
SF,IH2004,2020-02-25 09:32:20.700,2904.8000,561,0,41784000.000,0,-,-,-,-,2903.4000,2903.2000,2903.0000,2901.8000,2899.2000,2906.0000,2906.6000,2906.8000,2907.0000,2907.6000,1,2,1,1,2,1,1,1,1,1
SF,IH2004,2020-02-25 09:32:21.200,2904.8000,561,0,41784000.000,0,-,-,-,-,2903.6000,2901.8000,2899.2000,2893.2000,2891.8000,2906.4000,2906.8000,2907.0000,2907.6000,2908.2000,2,1,2,2,5,1,1,1,1,1
SF,IH2004,2020-02-25 09:32:21.700,2904.8000,561,0,41784000.000,0,-,-,-,-,2903.6000,2901.8000,2899.2000,2893.2000,2891.8000,2906.2000,2906.4000,2906.8000,2907.0000,2907.6000,2,1,2,2,5,1,1,1,1,1
SF,IH2004,2020-02-25 09:32:22.200,2904.8000,561,0,41784000.000,0,-,-,-,-,2903.6000,2901.8000,2899.2000,2893.2000,2891.8000,2906.2000,2907.0000,2907.6000,2908.2000,2910.0000,2,1,2,2,5,1,1,1,1,1
SF,IH2004,2020-02-25 09:32:22.700,2904.8000,561,0,41784000.000,0,-,-,-,-,2903.6000,2901.8000,2899.2000,2893.2000,2891.8000,2907.0000,2907.6000,2908.2000,2910.0000,2910.8000,2,1,2,2,5,1,1,1,1,5
SF,IH2004,2020-02-25 09:32:23.200,2904.8000,561,0,41784000.000,0,-,-,-,-,2904.4000,2903.8000,2903.6000,2901.8000,2899.2000,2907.0000,2907.6000,2908.2000,2910.0000,2910.8000,1,1,2,1,2,2,1,1,1,5
SF,IH2004,2020-02-25 09:32:23.700,2904.8000,561,0,41784000.000,0,-,-,-,-,2904.6000,2904.4000,2904.0000,2903.8000,2893.2000,2907.0000,2907.6000,2908.2000,2910.0000,2914.6000,2,1,2,1,2,1,1,1,1,5
SF,IH2004,2020-02-25 09:32:24.200,2904.8000,561,0,41784000.000,0,-,-,-,-,2904.6000,2903.8000,2893.2000,2891.8000,2891.2000,2907.0000,2907.6000,2908.2000,2910.0000,2914.6000,2,1,2,5,2,2,1,1,1,5
SF,IH2004,2020-02-25 09:32:24.700,2904.8000,561,0,41784000.000,0,-,-,-,-,2905.0000,2904.6000,2903.8000,2893.2000,2891.8000,2907.0000,2907.6000,2908.2000,2910.0000,2914.6000,1,1,1,2,5,2,1,1,1,5
SF,IH2004,2020-02-25 09:32:25.200,2904.8000,561,0,41784000.000,0,-,-,-,-,2905.2000,2905.0000,2903.8000,2893.2000,2891.8000,2907.0000,2907.6000,2908.2000,2910.0000,2914.6000,2,1,1,2,5,1,1,1,1,5
SF,IH2004,2020-02-25 09:32:25.700,2904.8000,561,0,41784000.000,0,-,-,-,-,2905.2000,2905.0000,2903.8000,2893.2000,2891.8000,2907.0000,2907.6000,2908.2000,2910.0000,2914.6000,1,1,1,2,5,2,1,1,1,5
SF,IH2004,2020-02-25 09:32:26.200,2904.8000,561,0,41784000.000,0,-,-,-,-,2905.4000,2905.2000,2905.0000,2903.8000,2893.2000,2907.0000,2907.6000,2908.2000,2910.0000,2914.6000,1,1,1,1,2,1,1,1,1,5
SF,IH2004,2020-02-25 09:32:27.200,2904.8000,561,0,41784000.000,0,-,-,-,-,2905.2000,2905.0000,2903.8000,2893.2000,2891.8000,2907.0000,2907.6000,2908.2000,2910.0000,2914.6000,1,1,1,2,5,2,1,1,1,5
SF,IH2004,2020-02-25 09:32:27.700,2904.8000,561,0,41784000.000,0,-,-,-,-,2905.4000,2905.2000,2905.0000,2903.8000,2893.2000,2907.0000,2907.6000,2908.2000,2910.0000,2914.6000,1,1,1,1,2,1,1,1,1,5
SF,IH2004,2020-02-25 09:32:29.700,2904.8000,561,0,41784000.000,0,-,-,-,-,2905.4000,2905.2000,2905.0000,2903.8000,2893.2000,2907.0000,2907.6000,2908.2000,2910.0000,2914.6000,1,1,1,1,2,2,1,1,1,5
SF,IH2004,2020-02-25 09:32:30.200,2904.8000,561,0,41784000.000,0,-,-,-,-,2905.4000,2905.2000,2905.0000,2903.8000,2893.2000,2907.0000,2907.6000,2908.2000,2910.0000,2914.6000,1,1,1,1,2,1,1,1,1,5
SF,IH2004,2020-02-25 09:32:30.700,2907.0000,561,0,42656100.000,1,0,1,多换,S,2905.4000,2905.2000,2905.0000,2903.8000,2893.2000,2907.6000,2908.2000,2910.0000,2914.6000,2936.8000,1,1,1,1,2,1,1,1,5,1
SF,IH2004,2020-02-25 09:32:31.200,2907.0000,561,0,42656100.000,0,-,-,-,-,2905.6000,2905.4000,2903.8000,2893.2000,2891.8000,2907.6000,2908.2000,2910.0000,2914.6000,2936.8000,1,1,1,2,5,1,1,1,5,1
SF,IH2004,2020-02-25 09:32:31.700,2907.0000,561,0,42656100.000,0,-,-,-,-,2905.8000,2905.6000,2903.8000,2893.2000,2891.8000,2907.6000,2908.2000,2910.0000,2914.6000,2936.8000,2,1,1,2,5,1,1,1,5,1
SF,IH2004,2020-02-25 09:32:32.200,2907.0000,561,0,42656100.000,0,-,-,-,-,2903.8000,2893.2000,2891.8000,2891.2000,2891.0000,2907.0000,2907.6000,2908.2000,2910.0000,2914.6000,1,2,5,2,20,1,1,1,1,5
SF,IH2004,2020-02-25 09:32:32.700,2907.0000,561,0,42656100.000,0,-,-,-,-,2904.8000,2904.0000,2903.8000,2893.2000,2891.8000,2907.6000,2908.2000,2910.0000,2914.6000,2936.8000,1,5,1,2,5,1,1,1,5,1
SF,IH2004,2020-02-25 09:32:33.200,2907.0000,561,0,42656100.000,0,-,-,-,-,2905.0000,2904.8000,2904.0000,2903.8000,2893.2000,2907.6000,2908.2000,2910.0000,2914.6000,2936.8000,2,1,3,1,2,1,1,1,5,1
SF,IH2004,2020-02-25 09:32:33.700,2907.0000,561,0,42656100.000,0,-,-,-,-,2905.0000,2904.0000,2903.8000,2893.2000,2891.8000,2907.6000,2908.2000,2910.0000,2914.6000,2936.8000,2,3,1,2,5,1,1,1,5,1
SF,IH2004,2020-02-25 09:32:34.200,2907.0000,561,0,42656100.000,0,-,-,-,-,2905.8000,2905.0000,2904.0000,2903.8000,2899.4000,2907.6000,2908.2000,2910.0000,2912.0000,2914.6000,1,2,3,1,5,1,1,1,1,5
SF,IH2004,2020-02-25 09:32:34.700,2907.6000,562,1,43528380.000,1,1,0,双开,S,2906.4000,2906.2000,2906.0000,2905.8000,2904.0000,2908.2000,2910.0000,2912.0000,2914.6000,2936.8000,1,1,2,1,2,1,1,1,5,1
SF,IH2004,2020-02-25 09:32:35.200,2907.6000,562,0,43528380.000,0,-,-,-,-,2906.6000,2904.0000,2903.8000,2899.4000,2893.2000,2908.2000,2910.0000,2912.0000,2914.6000,2936.8000,2,2,1,5,2,1,1,1,5,1
SF,IH2004,2020-02-25 09:32:35.700,2907.6000,562,0,43528380.000,0,-,-,-,-,2906.8000,2906.6000,2904.0000,2903.8000,2895.6000,2908.2000,2910.0000,2912.0000,2914.6000,2936.8000,2,1,2,1,5,1,1,1,5,1
SF,IH2004,2020-02-25 09:32:36.200,2907.6000,562,0,43528380.000,0,-,-,-,-,2907.0000,2906.8000,2904.0000,2903.8000,2895.6000,2908.2000,2910.0000,2912.0000,2914.6000,2936.8000,1,1,2,1,5,1,1,1,5,1
SF,IH2004,2020-02-25 09:32:36.700,2907.6000,562,0,43528380.000,0,-,-,-,-,2907.0000,2906.8000,2904.0000,2903.8000,2895.6000,2908.2000,2910.0000,2912.0000,2914.6000,2936.8000,2,1,2,1,5,1,1,1,5,1
SF,IH2004,2020-02-25 09:32:37.200,2908.2000,561,-1,44400840.000,1,0,1,双平,S,2907.0000,2906.8000,2904.0000,2903.8000,2895.6000,2910.0000,2912.0000,2914.6000,2936.8000,2938.2000,2,1,2,1,5,1,1,5,1,1
SF,IH2004,2020-02-25 09:32:37.700,2908.2000,561,0,44400840.000,0,-,-,-,-,2907.0000,2904.0000,2903.8000,2895.6000,2893.2000,2910.0000,2912.0000,2914.6000,2936.8000,2938.2000,2,2,1,5,2,2,1,5,1,1
SF,IH2004,2020-02-25 09:32:38.200,2908.2000,561,0,44400840.000,0,-,-,-,-,2907.4000,2907.0000,2904.0000,2903.8000,2895.6000,2910.0000,2914.6000,2936.8000,2938.2000,2989.4000,1,2,2,1,5,2,5,1,1,9
SF,IH2004,2020-02-25 09:32:38.700,2908.2000,561,0,44400840.000,0,-,-,-,-,2907.6000,2907.4000,2904.0000,2903.8000,2895.6000,2909.6000,2909.8000,2910.0000,2914.6000,2936.8000,2,1,2,1,5,1,1,2,5,1
SF,IH2004,2020-02-25 09:32:39.200,2908.2000,561,0,44400840.000,0,-,-,-,-,2904.0000,2903.8000,2895.6000,2891.2000,2891.0000,2909.4000,2909.8000,2910.0000,2914.6000,2936.8000,2,1,5,2,20,1,2,2,5,1
SF,IH2004,2020-02-25 09:32:39.700,2908.2000,561,0,44400840.000,0,-,-,-,-,2905.8000,2904.2000,2904.0000,2895.6000,2891.2000,2909.0000,2909.8000,2910.0000,2914.6000,2936.8000,1,3,3,5,2,1,1,2,5,1
SF,IH2004,2020-02-25 09:32:40.200,2908.2000,561,0,44400840.000,0,-,-,-,-,2906.0000,2905.8000,2904.0000,2895.6000,2891.2000,2908.8000,2910.0000,2914.6000,2936.8000,2938.2000,3,1,3,5,2,1,2,5,1,1
SF,IH2004,2020-02-25 09:32:40.700,2908.2000,561,0,44400840.000,0,-,-,-,-,2906.0000,2904.0000,2895.6000,2891.2000,2891.0000,2908.8000,2910.0000,2914.6000,2936.8000,2938.2000,3,3,5,2,20,1,2,5,1,1
SF,IH2004,2020-02-25 09:32:41.200,2908.2000,561,0,44400840.000,0,-,-,-,-,2906.0000,2904.0000,2895.6000,2891.2000,2891.0000,2908.6000,2908.8000,2910.0000,2914.6000,2936.8000,2,3,5,2,20,1,1,2,5,1
SF,IH2004,2020-02-25 09:32:41.700,2908.2000,561,0,44400840.000,0,-,-,-,-,2906.2000,2906.0000,2904.0000,2895.6000,2891.2000,2908.4000,2908.6000,2910.0000,2914.6000,2936.8000,1,1,3,5,2,1,1,2,5,1
SF,IH2004,2020-02-25 09:32:42.200,2908.2000,561,0,44400840.000,0,-,-,-,-,2906.0000,2904.0000,2895.6000,2891.2000,2891.0000,2908.4000,2908.6000,2910.0000,2914.6000,2936.8000,1,3,5,2,20,1,1,2,5,1
SF,IH2004,2020-02-25 09:32:42.700,2908.2000,561,0,44400840.000,0,-,-,-,-,2906.2000,2906.0000,2904.0000,2895.6000,2891.2000,2908.6000,2910.0000,2914.6000,2936.8000,2938.2000,1,1,3,5,2,1,2,5,1,1
SF,IH2004,2020-02-25 09:32:43.200,2908.2000,561,0,44400840.000,0,-,-,-,-,2906.4000,2906.2000,2904.0000,2895.6000,2891.2000,2908.6000,2910.0000,2914.6000,2936.8000,2938.2000,1,1,3,5,2,1,2,5,1,1
SF,IH2004,2020-02-25 09:32:43.700,2908.2000,561,0,44400840.000,0,-,-,-,-,2906.4000,2906.2000,2904.0000,2895.6000,2891.2000,2908.4000,2908.6000,2910.0000,2914.6000,2936.8000,1,1,3,5,2,1,1,2,5,1
SF,IH2004,2020-02-25 09:32:44.200,2908.2000,561,0,44400840.000,0,-,-,-,-,2906.2000,2904.0000,2895.6000,2891.2000,2891.0000,2908.2000,2908.4000,2908.6000,2910.0000,2914.6000,1,3,5,2,20,1,1,1,2,5
SF,IH2004,2020-02-25 09:32:44.700,2908.2000,561,0,44400840.000,0,-,-,-,-,2904.0000,2895.6000,2891.2000,2891.0000,2890.0000,2908.0000,2908.2000,2908.4000,2910.0000,2914.6000,3,5,2,20,20,1,1,1,2,5
SF,IH2004,2020-02-25 09:32:45.200,2908.2000,561,0,44400840.000,0,-,-,-,-,2904.4000,2904.2000,2904.0000,2895.6000,2891.2000,2907.8000,2908.0000,2910.0000,2914.6000,2936.8000,1,3,3,5,2,1,1,2,5,1
SF,IH2004,2020-02-25 09:32:45.700,2908.2000,561,0,44400840.000,0,-,-,-,-,2904.6000,2904.4000,2904.0000,2895.6000,2891.2000,2910.0000,2914.6000,2936.8000,2938.2000,2989.4000,3,1,3,5,2,2,5,1,1,9
SF,IH2004,2020-02-25 09:32:46.200,2908.2000,561,0,44400840.000,0,-,-,-,-,2906.4000,2906.2000,2904.6000,2904.0000,2895.6000,2909.2000,2910.0000,2914.6000,2936.8000,2938.2000,1,1,3,2,5,1,2,5,1,1
SF,IH2004,2020-02-25 09:32:46.700,2908.2000,561,0,44400840.000,0,-,-,-,-,2906.6000,2904.6000,2904.0000,2895.6000,2891.2000,2909.2000,2910.0000,2914.6000,2936.8000,2938.2000,2,1,2,5,2,1,2,5,1,1
SF,IH2004,2020-02-25 09:32:47.200,2908.2000,561,0,44400840.000,0,-,-,-,-,2906.6000,2904.6000,2904.0000,2895.6000,2891.2000,2909.2000,2910.0000,2914.6000,2936.8000,2938.2000,2,1,2,5,2,1,2,5,1,1
SF,IH2004,2020-02-25 09:32:47.700,2908.2000,561,0,44400840.000,0,-,-,-,-,2906.6000,2904.6000,2904.0000,2895.6000,2891.2000,2909.2000,2910.0000,2914.6000,2936.8000,2938.2000,2,1,2,5,2,1,2,5,1,1
SF,IH2004,2020-02-25 09:32:55.700,2908.2000,561,0,44400840.000,0,-,-,-,-,2906.6000,2904.6000,2904.0000,2895.6000,2891.2000,2909.2000,2910.0000,2914.6000,2936.8000,2938.2000,1,1,2,5,2,1,2,5,1,1
SF,IH2004,2020-02-25 09:32:56.200,2908.2000,561,0,44400840.000,0,-,-,-,-,2904.6000,2904.0000,2895.6000,2891.2000,2891.0000,2909.0000,2909.2000,2910.0000,2914.6000,2936.8000,1,2,5,2,20,2,1,2,5,1
SF,IH2004,2020-02-25 09:32:56.700,2908.2000,561,0,44400840.000,0,-,-,-,-,2904.8000,2904.6000,2904.0000,2895.6000,2891.2000,2909.0000,2910.0000,2914.6000,2936.8000,2938.2000,2,1,2,5,2,2,2,5,1,1
SF,IH2004,2020-02-25 09:32:57.200,2908.2000,561,0,44400840.000,0,-,-,-,-,2905.4000,2905.0000,2904.8000,2904.0000,2895.6000,2908.4000,2909.0000,2910.0000,2914.6000,2936.8000,1,1,2,2,5,1,2,2,5,1
SF,IH2004,2020-02-25 09:32:57.700,2908.2000,561,0,44400840.000,0,-,-,-,-,2905.6000,2905.4000,2905.0000,2904.0000,2895.6000,2908.2000,2909.0000,2910.0000,2914.6000,2936.8000,2,1,1,2,5,1,2,2,5,1
SF,IH2004,2020-02-25 09:32:58.200,2908.2000,561,0,44400840.000,0,-,-,-,-,2905.6000,2905.4000,2905.0000,2904.0000,2895.6000,2907.8000,2908.0000,2908.2000,2909.0000,2910.0000,2,1,1,2,5,1,1,1,1,2
SF,IH2004,2020-02-25 09:32:58.700,2908.2000,561,0,44400840.000,0,-,-,-,-,2905.6000,2905.0000,2904.0000,2895.6000,2891.2000,2907.6000,2908.2000,2909.0000,2910.0000,2914.6000,1,1,2,5,2,2,1,1,2,5
SF,IH2004,2020-02-25 09:32:59.200,2908.2000,561,0,44400840.000,0,-,-,-,-,2904.0000,2895.6000,2891.2000,2891.0000,2890.0000,2907.0000,2907.4000,2907.6000,2908.2000,2909.0000,2,5,2,20,20,1,1,2,1,1
SF,IH2004,2020-02-25 09:32:59.700,2908.2000,561,0,44400840.000,0,-,-,-,-,2904.2000,2904.0000,2895.6000,2891.2000,2891.0000,2906.8000,2907.0000,2907.4000,2907.6000,2908.2000,2,3,5,2,20,1,1,1,2,1
SF,IH2004,2020-02-25 09:33:00.200,2908.2000,561,0,44400840.000,0,-,-,-,-,2904.2000,2904.0000,2895.6000,2891.2000,2891.0000,2906.8000,2907.0000,2907.4000,2907.6000,2908.2000,2,3,5,2,20,1,1,1,2,1
SF,IH2004,2020-02-25 09:33:00.700,2908.2000,561,0,44400840.000,0,-,-,-,-,2904.2000,2895.6000,2891.2000,2891.0000,2890.0000,2906.6000,2906.8000,2907.0000,2907.4000,2907.6000,1,5,2,20,20,1,1,1,1,1
SF,IH2004,2020-02-25 09:33:01.200,2908.2000,561,0,44400840.000,0,-,-,-,-,2895.6000,2891.2000,2891.0000,2890.0000,2889.0000,2906.4000,2906.6000,2906.8000,2907.0000,2907.6000,5,2,20,20,20,1,1,1,1,1
SF,IH2004,2020-02-25 09:33:01.700,2908.2000,561,0,44400840.000,0,-,-,-,-,2902.2000,2901.8000,2901.6000,2900.8000,2899.2000,2906.2000,2906.4000,2906.8000,2907.0000,2907.6000,1,1,1,1,2,3,1,1,1,1
SF,IH2004,2020-02-25 09:33:02.200,2908.2000,561,0,44400840.000,0,-,-,-,-,2902.4000,2902.2000,2901.8000,2901.6000,2899.2000,2906.0000,2906.4000,2906.8000,2907.0000,2907.6000,2,1,1,1,2,2,1,1,1,1
SF,IH2004,2020-02-25 09:33:02.700,2908.2000,561,0,44400840.000,0,-,-,-,-,2902.8000,2902.6000,2902.4000,2902.2000,2901.8000,2905.8000,2906.0000,2906.4000,2906.8000,2907.0000,1,1,2,1,1,1,2,1,1,1
SF,IH2004,2020-02-25 09:33:03.200,2908.2000,561,0,44400840.000,0,-,-,-,-,2903.0000,2902.8000,2902.6000,2902.4000,2902.2000,2905.6000,2906.0000,2906.4000,2906.8000,2907.0000,1,1,1,1,1,1,1,1,1,1
SF,IH2004,2020-02-25 09:33:03.700,2908.2000,561,0,44400840.000,0,-,-,-,-,2903.0000,2902.8000,2902.4000,2902.2000,2901.8000,2905.4000,2905.6000,2906.0000,2906.4000,2906.8000,1,1,1,1,1,1,2,1,1,1
SF,IH2004,2020-02-25 09:33:04.200,2908.2000,561,0,44400840.000,0,-,-,-,-,2903.0000,2902.8000,2902.4000,2902.2000,2901.8000,2905.2000,2905.6000,2906.0000,2906.4000,2906.8000,1,1,1,1,1,1,1,1,1,1
SF,IH2004,2020-02-25 09:33:04.700,2908.2000,561,0,44400840.000,0,-,-,-,-,2903.0000,2902.8000,2902.4000,2901.8000,2899.2000,2905.0000,2905.2000,2905.6000,2906.0000,2906.4000,1,1,1,1,2,1,1,1,1,1
SF,IH2004,2020-02-25 09:33:05.200,2908.2000,561,0,44400840.000,0,-,-,-,-,2903.0000,2901.8000,2899.2000,2899.0000,2896.0000,2904.8000,2905.0000,2905.6000,2906.0000,2906.4000,1,1,2,1,2,1,1,1,1,1
SF,IH2004,2020-02-25 09:33:05.700,2908.2000,561,0,44400840.000,0,-,-,-,-,2901.8000,2899.2000,2899.0000,2896.0000,2895.6000,2904.8000,2905.0000,2905.6000,2906.0000,2906.4000,1,2,1,2,5,1,1,1,1,1
SF,IH2004,2020-02-25 09:33:06.200,2908.2000,561,0,44400840.000,0,-,-,-,-,2902.2000,2902.0000,2901.8000,2901.6000,2899.2000,2904.6000,2905.6000,2906.0000,2906.4000,2906.8000,1,3,1,1,2,1,1,1,1,1
SF,IH2004,2020-02-25 09:33:06.700,2908.2000,561,0,44400840.000,0,-,-,-,-,2902.4000,2902.2000,2902.0000,2901.8000,2901.6000,2904.6000,2905.6000,2906.0000,2906.4000,2907.0000,2,1,1,1,1,1,1,1,1,1
SF,IH2004,2020-02-25 09:33:07.200,2904.6000,561,0,45272220.000,1,0,1,多换,S,2905.0000,2902.4000,2902.2000,2902.0000,2901.8000,2905.6000,2906.0000,2906.4000,2907.0000,2910.0000,1,2,1,1,1,1,1,1,1,1
SF,IH2004,2020-02-25 09:33:07.700,2905.0000,562,1,46143720.000,1,1,0,双开,S,2902.6000,2902.4000,2902.2000,2902.0000,2901.8000,2904.8000,2905.4000,2905.6000,2906.0000,2907.0000,1,1,1,1,1,1,1,1,1,1
SF,IH2004,2020-02-25 09:33:08.200,2904.8000,561,-1,47015160.000,1,0,1,双平,S,2902.8000,2902.6000,2902.2000,2901.8000,2901.6000,2905.6000,2907.0000,2910.0000,2914.6000,2936.8000,2,1,1,1,1,1,1,1,5,1
SF,IH2004,2020-02-25 09:33:08.700,2904.8000,561,0,47015160.000,0,-,-,-,-,2902.8000,2902.6000,2902.2000,2901.8000,2901.6000,2905.4000,2907.0000,2910.0000,2914.6000,2936.8000,2,1,1,1,1,1,1,1,5,1
SF,IH2004,2020-02-25 09:33:09.200,2904.8000,561,0,47015160.000,0,-,-,-,-,2903.0000,2902.8000,2902.6000,2902.2000,2901.8000,2907.0000,2910.0000,2914.6000,2936.8000,2938.2000,1,2,1,1,1,1,1,5,1,1
SF,IH2004,2020-02-25 09:33:09.700,2904.8000,561,0,47015160.000,0,-,-,-,-,2903.6000,2903.2000,2903.0000,2902.6000,2902.2000,2906.4000,2907.0000,2910.0000,2914.6000,2936.8000,1,3,1,1,1,1,1,1,5,1
SF,IH2004,2020-02-25 09:33:10.200,2904.8000,561,0,47015160.000,0,-,-,-,-,2903.8000,2903.6000,2903.2000,2903.0000,2902.6000,2907.0000,2910.0000,2914.6000,2936.8000,2938.2000,4,1,1,1,1,1,1,5,1,1
SF,IH2004,2020-02-25 09:33:10.700,2904.8000,561,0,47015160.000,0,-,-,-,-,2904.0000,2903.8000,2903.0000,2902.6000,2902.2000,2906.6000,2907.0000,2910.0000,2914.6000,2936.8000,1,4,1,1,1,1,1,1,5,1
SF,IH2004,2020-02-25 09:33:11.200,2904.8000,561,0,47015160.000,0,-,-,-,-,2904.2000,2903.8000,2903.0000,2902.6000,2902.2000,2906.6000,2907.0000,2910.0000,2914.6000,2936.8000,3,2,1,1,1,1,1,1,5,1
SF,IH2004,2020-02-25 09:33:12.200,2904.8000,561,0,47015160.000,0,-,-,-,-,2904.2000,2903.8000,2903.0000,2902.6000,2902.2000,2906.6000,2907.0000,2910.0000,2914.6000,2936.8000,3,2,1,1,1,1,1,1,5,1
SF,IH2004,2020-02-25 09:33:12.700,2904.8000,561,0,47015160.000,0,-,-,-,-,2904.2000,2903.8000,2903.0000,2902.2000,2901.8000,2906.4000,2906.6000,2907.0000,2910.0000,2914.6000,2,1,1,1,1,2,1,1,1,5
SF,IH2004,2020-02-25 09:33:13.200,2904.8000,561,0,47015160.000,0,-,-,-,-,2904.2000,2903.8000,2902.2000,2901.8000,2901.6000,2906.4000,2906.6000,2907.0000,2910.0000,2914.6000,1,1,1,1,1,2,1,1,1,5
SF,IH2004,2020-02-25 09:33:13.700,2904.8000,561,0,47015160.000,0,-,-,-,-,2902.2000,2901.8000,2901.6000,2899.2000,2899.0000,2906.4000,2907.0000,2910.0000,2914.6000,2936.8000,1,1,1,2,1,2,1,1,5,1
SF,IH2004,2020-02-25 09:33:14.200,2904.8000,561,0,47015160.000,0,-,-,-,-,2903.0000,2902.4000,2902.2000,2901.8000,2901.6000,2906.0000,2906.4000,2907.0000,2910.0000,2914.6000,1,4,1,1,1,1,1,1,1,5
SF,IH2004,2020-02-25 09:33:14.700,2905.8000,560,-1,47886900.000,1,0,1,双平,S,2903.2000,2903.0000,2902.4000,2902.2000,2901.8000,2907.0000,2910.0000,2914.6000,2936.8000,2938.2000,1,1,3,1,1,1,1,5,1,1
SF,IH2004,2020-02-25 09:33:15.200,2905.8000,560,0,47886900.000,0,-,-,-,-,2903.4000,2903.2000,2903.0000,2902.2000,2901.8000,2906.2000,2906.8000,2907.0000,2910.0000,2914.6000,2,1,1,1,1,1,2,1,1,5
SF,IH2004,2020-02-25 09:33:15.700,2905.8000,560,0,47886900.000,0,-,-,-,-,2903.4000,2903.2000,2902.2000,2901.8000,2901.6000,2906.0000,2906.2000,2906.4000,2906.6000,2906.8000,2,1,1,1,1,2,1,2,1,3
SF,IH2004,2020-02-25 09:33:16.200,2905.8000,560,0,47886900.000,0,-,-,-,-,2903.6000,2903.4000,2902.2000,2901.8000,2901.6000,2905.6000,2906.0000,2906.8000,2907.0000,2910.0000,1,1,1,1,1,1,1,1,1,1
SF,IH2004,2020-02-25 09:33:16.700,2905.8000,560,0,47886900.000,0,-,-,-,-,2903.6000,2903.4000,2902.2000,2901.8000,2901.6000,2905.6000,2906.0000,2906.8000,2907.0000,2910.0000,1,1,1,1,1,1,1,1,1,1
SF,IH2004,2020-02-25 09:33:17.700,2905.8000,560,0,47886900.000,0,-,-,-,-,2903.4000,2902.2000,2901.8000,2901.6000,2899.2000,2905.4000,2905.6000,2906.0000,2906.8000,2907.0000,1,1,1,1,2,1,1,1,1,1
SF,IH2004,2020-02-25 09:33:18.700,2905.8000,560,0,47886900.000,0,-,-,-,-,2903.4000,2901.8000,2901.6000,2899.2000,2899.0000,2905.4000,2905.6000,2906.0000,2906.8000,2907.0000,1,1,1,2,1,1,1,1,1,1
SF,IH2004,2020-02-25 09:33:20.200,2905.8000,560,0,47886900.000,0,-,-,-,-,2903.4000,2899.2000,2899.0000,2896.0000,2895.6000,2905.4000,2905.6000,2906.0000,2906.8000,2907.0000,1,2,1,2,5,1,1,1,1,1
SF,IH2004,2020-02-25 09:33:20.700,2905.8000,560,0,47886900.000,0,-,-,-,-,2899.2000,2896.0000,2895.6000,2891.2000,2891.0000,2904.0000,2905.2000,2905.4000,2905.6000,2906.8000,2,2,5,1,20,1,2,1,1,1
SF,IH2004,2020-02-25 09:33:21.200,2905.8000,560,0,47886900.000,0,-,-,-,-,2899.6000,2899.4000,2899.2000,2896.0000,2895.6000,2903.8000,2904.0000,2905.2000,2905.4000,2905.6000,1,3,2,2,5,1,1,1,1,1
SF,IH2004,2020-02-25 09:33:21.700,2905.8000,560,0,47886900.000,0,-,-,-,-,2899.8000,2899.6000,2899.2000,2896.0000,2895.6000,2903.8000,2904.0000,2905.2000,2905.4000,2905.6000,3,1,2,2,5,1,1,1,1,1
SF,IH2004,2020-02-25 09:33:22.200,2905.8000,560,0,47886900.000,0,-,-,-,-,2899.8000,2899.6000,2899.2000,2896.0000,2891.8000,2903.8000,2904.0000,2905.2000,2905.4000,2906.8000,3,1,2,2,5,1,1,1,1,1
SF,IH2004,2020-02-25 09:33:22.700,2905.8000,560,0,47886900.000,0,-,-,-,-,2900.4000,2900.0000,2899.8000,2899.6000,2899.2000,2903.6000,2903.8000,2904.0000,2905.2000,2906.8000,1,1,3,1,2,1,1,1,1,1
SF,IH2004,2020-02-25 09:33:23.200,2905.8000,560,0,47886900.000,0,-,-,-,-,2900.6000,2900.4000,2900.0000,2899.8000,2899.6000,2903.4000,2904.0000,2905.2000,2906.8000,2907.0000,2,1,1,1,1,1,1,1,1,5
SF,IH2004,2020-02-25 09:33:23.700,2905.8000,560,0,47886900.000,0,-,-,-,-,2900.8000,2900.6000,2900.4000,2899.6000,2899.2000,2903.2000,2903.4000,2904.0000,2905.2000,2906.8000,1,2,1,1,2,2,1,1,1,1
SF,IH2004,2020-02-25 09:33:24.200,2905.8000,560,0,47886900.000,0,-,-,-,-,2901.0000,2900.8000,2900.4000,2899.6000,2899.2000,2903.2000,2904.0000,2905.2000,2906.8000,2907.0000,1,1,1,1,2,1,1,1,1,5
SF,IH2004,2020-02-25 09:33:24.700,2905.8000,560,0,47886900.000,0,-,-,-,-,2901.2000,2901.0000,2900.4000,2899.6000,2899.2000,2903.2000,2904.0000,2905.2000,2906.8000,2907.0000,1,1,1,1,2,1,1,1,1,5
SF,IH2004,2020-02-25 09:33:25.200,2905.8000,560,0,47886900.000,0,-,-,-,-,2901.4000,2901.2000,2900.4000,2899.6000,2899.2000,2903.2000,2904.0000,2905.2000,2906.8000,2907.0000,2,1,1,1,2,1,1,1,1,5
SF,IH2004,2020-02-25 09:33:25.700,2905.8000,560,0,47886900.000,0,-,-,-,-,2901.4000,2901.2000,2900.4000,2899.6000,2899.2000,2903.0000,2903.2000,2904.0000,2905.2000,2906.8000,2,1,1,1,2,1,1,1,1,1
SF,IH2004,2020-02-25 09:33:26.200,2905.8000,560,0,47886900.000,0,-,-,-,-,2901.4000,2901.2000,2900.4000,2899.6000,2899.2000,2903.2000,2904.0000,2905.2000,2906.8000,2907.0000,2,1,1,1,2,1,1,1,1,5
SF,IH2004,2020-02-25 09:33:26.700,2905.8000,560,0,47886900.000,0,-,-,-,-,2901.6000,2901.4000,2901.2000,2900.4000,2899.6000,2903.0000,2904.0000,2905.2000,2906.8000,2907.0000,1,2,1,1,1,1,1,1,1,5
SF,IH2004,2020-02-25 09:33:27.200,2905.8000,560,0,47886900.000,0,-,-,-,-,2901.8000,2901.6000,2901.2000,2900.4000,2899.6000,2904.0000,2905.2000,2906.8000,2907.0000,2910.0000,1,1,1,1,1,1,1,1,5,1
SF,IH2004,2020-02-25 09:33:27.700,2905.8000,560,0,47886900.000,0,-,-,-,-,2901.8000,2901.6000,2901.2000,2900.4000,2899.6000,2903.8000,2904.0000,2905.2000,2906.8000,2907.0000,1,1,1,1,1,1,1,1,1,5
SF,IH2004,2020-02-25 09:33:28.200,2905.8000,560,0,47886900.000,0,-,-,-,-,2901.8000,2901.2000,2900.4000,2899.6000,2899.2000,2903.8000,2904.0000,2905.2000,2906.8000,2907.0000,1,1,1,1,2,1,1,1,1,5
SF,IH2004,2020-02-25 09:33:28.700,2905.8000,560,0,47886900.000,0,-,-,-,-,2900.4000,2899.6000,2899.2000,2896.0000,2891.8000,2903.6000,2903.8000,2904.0000,2905.2000,2906.8000,1,1,2,2,5,2,1,1,1,1
SF,IH2004,2020-02-25 09:33:29.200,2905.8000,560,0,47886900.000,0,-,-,-,-,2900.6000,2900.4000,2899.6000,2899.2000,2896.0000,2904.0000,2905.2000,2906.8000,2907.0000,2910.0000,4,1,1,2,2,1,1,1,5,1
SF,IH2004,2020-02-25 09:33:29.700,2905.8000,560,0,47886900.000,0,-,-,-,-,2900.6000,2900.4000,2899.6000,2899.2000,2896.0000,2903.6000,2904.0000,2905.2000,2906.8000,2907.0000,4,1,1,2,2,1,1,1,1,5
SF,IH2004,2020-02-25 09:33:30.200,2905.8000,560,0,47886900.000,0,-,-,-,-,2900.6000,2899.6000,2899.2000,2896.0000,2891.8000,2904.0000,2905.2000,2906.8000,2907.0000,2910.0000,4,1,2,2,5,1,1,1,5,1
SF,IH2004,2020-02-25 09:33:30.700,2905.8000,560,0,47886900.000,0,-,-,-,-,2900.8000,2900.6000,2899.6000,2899.2000,2896.0000,2903.4000,2904.0000,2905.2000,2906.8000,2907.0000,1,4,1,2,2,1,1,1,1,5
SF,IH2004,2020-02-25 09:33:31.200,2905.8000,560,0,47886900.000,0,-,-,-,-,2901.0000,2900.8000,2900.6000,2899.6000,2899.2000,2904.0000,2905.2000,2906.8000,2907.0000,2910.0000,3,1,2,1,2,1,1,1,5,1
SF,IH2004,2020-02-25 09:33:31.700,2903.6000,559,-1,48757980.000,1,0,1,双平,S,2901.0000,2900.6000,2899.6000,2899.2000,2896.0000,2904.0000,2905.2000,2906.8000,2907.0000,2910.0000,3,2,1,2,2,1,1,1,5,1
SF,IH2004,2020-02-25 09:33:32.200,2903.6000,559,0,48757980.000,0,-,-,-,-,2901.8000,2901.0000,2900.6000,2899.6000,2899.2000,2904.0000,2905.2000,2906.8000,2910.0000,2910.8000,1,3,2,1,2,1,1,1,1,5
SF,IH2004,2020-02-25 09:33:32.700,2903.6000,559,0,48757980.000,0,-,-,-,-,2903.6000,2902.0000,2901.8000,2901.0000,2900.6000,2904.0000,2905.2000,2906.8000,2910.0000,2910.8000,1,2,1,2,2,1,1,1,1,5
SF,IH2004,2020-02-25 09:33:33.200,2903.6000,559,0,49629060.000,1,0,1,多换,S,2902.0000,2901.8000,2901.0000,2900.6000,2899.6000,2903.4000,2904.0000,2905.2000,2906.8000,2910.0000,2,1,1,1,1,1,1,1,1,1
SF,IH2004,2020-02-25 09:33:33.700,2903.6000,559,0,49629060.000,0,-,-,-,-,2902.0000,2901.8000,2901.0000,2900.6000,2899.6000,2904.0000,2905.2000,2906.8000,2910.0000,2910.8000,2,1,1,1,1,1,1,1,1,5
SF,IH2004,2020-02-25 09:33:34.200,2903.6000,559,0,49629060.000,0,-,-,-,-,2902.0000,2901.8000,2901.0000,2900.6000,2899.6000,2904.0000,2905.2000,2906.8000,2910.0000,2910.8000,2,1,1,1,1,1,1,1,1,5
SF,IH2004,2020-02-25 09:33:34.700,2903.6000,559,0,49629060.000,0,-,-,-,-,2902.2000,2902.0000,2901.8000,2900.6000,2899.6000,2904.0000,2905.2000,2906.8000,2910.0000,2910.8000,1,2,1,1,1,1,1,1,1,5
SF,IH2004,2020-02-25 09:33:35.200,2903.6000,559,0,49629060.000,0,-,-,-,-,2902.4000,2902.2000,2902.0000,2901.8000,2900.6000,2905.2000,2906.8000,2910.0000,2910.8000,2936.8000,1,1,1,2,1,1,1,1,5,1
SF,IH2004,2020-02-25 09:33:35.700,2903.6000,559,0,49629060.000,0,-,-,-,-,2902.6000,2902.4000,2902.0000,2901.8000,2900.6000,2906.8000,2910.0000,2910.8000,2936.8000,2989.4000,2,1,1,1,1,1,1,5,1,9
SF,IH2004,2020-02-25 09:33:36.200,2903.6000,559,0,49629060.000,0,-,-,-,-,2903.2000,2902.8000,2902.6000,2902.0000,2901.8000,2906.4000,2906.6000,2906.8000,2910.0000,2910.8000,1,4,2,1,1,1,1,2,1,5
SF,IH2004,2020-02-25 09:33:36.700,2903.6000,559,0,49629060.000,0,-,-,-,-,2903.4000,2903.2000,2902.6000,2902.0000,2901.8000,2906.8000,2910.0000,2910.8000,2936.8000,2989.4000,3,1,1,1,1,1,1,5,1,9
SF,IH2004,2020-02-25 09:33:37.200,2903.6000,559,0,49629060.000,0,-,-,-,-,2903.4000,2902.6000,2902.0000,2901.8000,2899.2000,2906.6000,2906.8000,2910.0000,2910.8000,2936.8000,4,1,1,1,2,1,2,1,5,1
SF,IH2004,2020-02-25 09:33:37.700,2903.6000,559,0,49629060.000,0,-,-,-,-,2903.8000,2903.4000,2902.6000,2902.0000,2901.8000,2906.6000,2906.8000,2910.0000,2910.8000,2936.8000,1,4,1,1,1,1,1,1,5,1
SF,IH2004,2020-02-25 09:33:38.200,2903.6000,559,0,49629060.000,0,-,-,-,-,2904.0000,2903.4000,2902.6000,2902.0000,2901.8000,2906.4000,2906.6000,2906.8000,2910.0000,2910.8000,1,4,1,1,1,1,1,1,1,5
SF,IH2004,2020-02-25 09:33:38.700,2903.6000,559,0,49629060.000,0,-,-,-,-,2904.0000,2903.4000,2902.6000,2902.0000,2901.8000,2906.2000,2906.4000,2906.8000,2910.0000,2910.8000,1,3,1,1,1,2,4,2,1,5
SF,IH2004,2020-02-25 09:33:39.200,2903.6000,559,0,49629060.000,0,-,-,-,-,2904.0000,2903.4000,2902.6000,2902.0000,2901.8000,2906.2000,2906.4000,2906.8000,2910.0000,2910.8000,1,3,1,1,1,1,3,2,1,5
SF,IH2004,2020-02-25 09:33:39.700,2903.6000,559,0,49629060.000,0,-,-,-,-,2904.0000,2903.4000,2902.6000,2902.0000,2901.8000,2906.0000,2906.4000,2906.8000,2910.0000,2910.8000,1,3,1,1,1,1,1,2,1,5
SF,IH2004,2020-02-25 09:33:40.200,2903.6000,559,0,49629060.000,0,-,-,-,-,2904.2000,2904.0000,2903.4000,2902.6000,2902.0000,2906.0000,2906.4000,2906.8000,2910.0000,2910.8000,1,1,2,1,1,1,1,1,1,5
SF,IH2004,2020-02-25 09:33:40.700,2903.6000,559,0,49629060.000,0,-,-,-,-,2904.4000,2904.2000,2904.0000,2903.4000,2902.6000,2906.8000,2910.0000,2910.8000,2936.8000,2989.4000,1,2,1,1,1,1,1,5,1,9
SF,IH2004,2020-02-25 09:33:41.200,2903.6000,559,0,49629060.000,0,-,-,-,-,2904.6000,2904.4000,2904.0000,2903.4000,2902.6000,2906.8000,2910.0000,2910.8000,2936.8000,2989.4000,2,1,1,1,1,1,1,5,1,9
SF,IH2004,2020-02-25 09:33:41.700,2903.6000,559,0,49629060.000,0,-,-,-,-,2904.6000,2904.0000,2903.4000,2902.0000,2901.8000,2906.8000,2910.0000,2910.8000,2936.8000,2989.4000,3,1,1,1,1,1,1,5,1,9
SF,IH2004,2020-02-25 09:33:42.200,2903.6000,559,0,49629060.000,0,-,-,-,-,2904.6000,2904.0000,2902.0000,2901.8000,2899.2000,2906.6000,2906.8000,2910.0000,2910.8000,2936.8000,3,1,1,1,2,1,1,1,5,1
SF,IH2004,2020-02-25 09:33:42.700,2903.6000,559,0,49629060.000,0,-,-,-,-,2904.6000,2904.0000,2901.8000,2899.2000,2896.0000,2906.6000,2906.8000,2910.0000,2910.8000,2936.8000,2,1,1,2,2,1,1,1,5,1
SF,IH2004,2020-02-25 09:33:43.200,2903.6000,559,0,49629060.000,0,-,-,-,-,2904.6000,2901.8000,2899.2000,2896.0000,2891.8000,2906.4000,2906.6000,2906.8000,2910.0000,2910.8000,1,1,2,2,5,2,1,2,1,5
SF,IH2004,2020-02-25 09:33:43.700,2903.6000,559,0,49629060.000,0,-,-,-,-,2901.8000,2899.2000,2896.0000,2891.8000,2891.2000,2906.2000,2906.4000,2906.8000,2910.0000,2910.8000,1,2,2,5,1,1,1,1,1,5
SF,IH2004,2020-02-25 09:33:44.200,2903.6000,559,0,49629060.000,0,-,-,-,-,2902.8000,2902.2000,2902.0000,2901.8000,2901.6000,2906.2000,2906.4000,2906.8000,2910.0000,2910.8000,1,1,3,1,1,1,2,1,1,5
SF,IH2004,2020-02-25 09:33:44.700,2903.6000,559,0,49629060.000,0,-,-,-,-,2903.0000,2902.8000,2901.8000,2899.2000,2896.0000,2906.4000,2906.8000,2910.0000,2910.8000,2936.8000,4,1,1,2,2,2,1,1,5,1
SF,IH2004,2020-02-25 09:33:45.200,2903.6000,559,0,49629060.000,0,-,-,-,-,2903.0000,2901.8000,2899.2000,2896.0000,2891.8000,2906.4000,2906.8000,2910.0000,2910.8000,2936.8000,4,1,2,2,5,1,1,1,5,1
SF,IH2004,2020-02-25 09:33:45.700,2903.6000,559,0,49629060.000,0,-,-,-,-,2903.0000,2901.8000,2899.2000,2896.0000,2891.8000,2906.0000,2906.2000,2906.4000,2906.8000,2910.0000,2,1,2,2,5,1,4,2,1,1
SF,IH2004,2020-02-25 09:33:46.200,2903.6000,559,0,49629060.000,0,-,-,-,-,2903.0000,2899.2000,2896.0000,2891.8000,2891.2000,2904.0000,2905.8000,2906.0000,2906.2000,2906.4000,1,2,2,5,1,1,2,1,3,2
SF,IH2004,2020-02-25 09:33:46.700,2903.6000,559,0,49629060.000,0,-,-,-,-,2899.2000,2896.0000,2891.8000,2891.2000,2891.0000,2905.8000,2906.2000,2906.4000,2906.8000,2910.0000,2,2,5,1,20,2,1,1,1,1
SF,IH2004,2020-02-25 09:33:47.200,2903.6000,559,0,49629060.000,0,-,-,-,-,2901.8000,2901.6000,2899.4000,2899.2000,2899.0000,2905.8000,2906.4000,2906.8000,2910.0000,2910.8000,1,2,6,2,1,1,1,1,1,5
SF,IH2004,2020-02-25 09:33:47.700,2903.6000,559,0,49629060.000,0,-,-,-,-,2902.0000,2901.8000,2901.6000,2899.2000,2899.0000,2905.6000,2905.8000,2906.4000,2906.8000,2910.0000,3,1,1,2,1,1,1,1,1,1
SF,IH2004,2020-02-25 09:33:48.200,2903.6000,559,0,49629060.000,0,-,-,-,-,2902.0000,2899.2000,2896.0000,2891.8000,2891.2000,2904.0000,2905.4000,2905.6000,2905.8000,2906.4000,3,2,2,5,1,1,2,1,1,1
SF,IH2004,2020-02-25 09:33:48.700,2903.6000,559,0,49629060.000,0,-,-,-,-,2902.2000,2902.0000,2899.2000,2896.0000,2891.8000,2904.0000,2905.2000,2905.4000,2905.6000,2905.8000,1,1,2,2,5,1,1,1,1,1
SF,IH2004,2020-02-25 09:33:49.200,2903.6000,559,0,49629060.000,0,-,-,-,-,2902.4000,2902.2000,2901.8000,2899.2000,2896.0000,2903.8000,2905.2000,2905.4000,2905.6000,2905.8000,1,2,1,2,2,1,1,1,1,1
SF,IH2004,2020-02-25 09:33:49.700,2903.6000,559,0,49629060.000,0,-,-,-,-,2902.6000,2902.4000,2902.2000,2901.8000,2899.2000,2903.8000,2905.2000,2905.4000,2905.6000,2905.8000,1,1,1,1,2,1,1,1,1,1
SF,IH2004,2020-02-25 09:33:50.700,2903.6000,559,0,49629060.000,0,-,-,-,-,2902.4000,2902.2000,2899.2000,2896.0000,2891.8000,2903.8000,2905.2000,2905.4000,2905.6000,2905.8000,1,1,2,2,5,1,1,1,1,1
SF,IH2004,2020-02-25 09:33:51.200,2903.6000,559,0,49629060.000,0,-,-,-,-,2902.4000,2899.2000,2896.0000,2891.8000,2891.2000,2903.8000,2905.4000,2905.6000,2905.8000,2906.4000,1,2,2,5,1,1,1,1,1,1
SF,IH2004,2020-02-25 09:33:51.700,2903.6000,559,0,49629060.000,0,-,-,-,-,2899.2000,2896.0000,2891.8000,2891.2000,2891.0000,2903.8000,2905.4000,2905.6000,2905.8000,2906.4000,2,2,5,1,20,1,1,1,1,1
SF,IH2004,2020-02-25 09:33:52.200,2903.6000,559,0,49629060.000,0,-,-,-,-,2901.0000,2899.6000,2899.4000,2899.2000,2896.0000,2903.8000,2905.6000,2905.8000,2906.4000,2906.8000,1,1,4,2,2,1,1,1,1,1
SF,IH2004,2020-02-25 09:33:52.700,2903.6000,559,0,49629060.000,0,-,-,-,-,2901.2000,2901.0000,2899.6000,2899.4000,2899.2000,2903.8000,2905.6000,2905.8000,2906.4000,2906.8000,2,1,1,2,2,1,1,1,1,1
SF,IH2004,2020-02-25 09:33:53.200,2903.6000,559,0,49629060.000,0,-,-,-,-,2901.4000,2901.2000,2899.6000,2899.4000,2899.2000,2903.8000,2905.6000,2906.4000,2906.8000,2909.2000,2,2,1,2,2,1,1,1,1,1
SF,IH2004,2020-02-25 09:33:53.700,2903.6000,559,0,49629060.000,0,-,-,-,-,2901.6000,2901.4000,2899.6000,2899.4000,2899.2000,2903.8000,2905.6000,2906.4000,2906.8000,2909.2000,3,2,1,1,2,1,1,1,1,1
SF,IH2004,2020-02-25 09:33:54.200,2903.6000,559,0,49629060.000,0,-,-,-,-,2901.6000,2899.6000,2899.4000,2899.2000,2896.0000,2903.6000,2903.8000,2905.6000,2906.4000,2906.8000,2,1,1,2,2,1,1,1,1,1
SF,IH2004,2020-02-25 09:33:54.700,2903.6000,560,1,50500140.000,1,1,0,双开,S,2899.6000,2899.4000,2899.2000,2896.0000,2891.8000,2903.4000,2903.6000,2903.8000,2905.6000,2906.4000,1,1,2,2,5,1,1,1,1,1
SF,IH2004,2020-02-25 09:33:55.200,2903.6000,560,0,50500140.000,0,-,-,-,-,2900.4000,2899.8000,2899.6000,2899.2000,2896.0000,2903.2000,2903.4000,2905.6000,2906.4000,2906.8000,1,4,1,2,2,1,1,1,1,1
SF,IH2004,2020-02-25 09:33:55.700,2903.6000,560,0,50500140.000,0,-,-,-,-,2900.6000,2900.4000,2899.8000,2899.6000,2899.2000,2905.6000,2906.4000,2906.8000,2909.2000,2910.0000,3,1,1,1,2,1,1,1,1,1
SF,IH2004,2020-02-25 09:33:56.200,2903.6000,560,0,50500140.000,0,-,-,-,-,2900.8000,2900.6000,2899.6000,2899.2000,2896.0000,2904.0000,2904.2000,2904.4000,2905.4000,2905.6000,1,2,1,2,2,4,1,1,1,1
SF,IH2004,2020-02-25 09:33:56.700,2903.6000,560,0,50500140.000,0,-,-,-,-,2901.0000,2900.8000,2900.6000,2899.6000,2899.2000,2904.0000,2905.4000,2905.6000,2906.4000,2906.8000,4,1,1,1,2,1,1,1,1,1
SF,IH2004,2020-02-25 09:33:57.200,2903.6000,560,0,50500140.000,0,-,-,-,-,2901.2000,2901.0000,2900.8000,2900.6000,2899.6000,2904.0000,2905.6000,2906.4000,2906.8000,2909.2000,1,4,1,1,1,1,1,1,1,1
SF,IH2004,2020-02-25 09:33:57.700,2903.6000,560,0,50500140.000,0,-,-,-,-,2901.4000,2901.2000,2901.0000,2900.8000,2900.6000,2905.6000,2906.4000,2906.8000,2909.2000,2910.0000,3,1,2,1,1,1,1,1,1,1
SF,IH2004,2020-02-25 09:33:58.200,2903.6000,560,0,50500140.000,0,-,-,-,-,2901.6000,2901.4000,2901.0000,2900.6000,2899.6000,2905.4000,2905.6000,2906.4000,2906.8000,2909.2000,2,3,1,1,1,1,1,1,1,1
SF,IH2004,2020-02-25 09:33:58.700,2903.6000,560,0,50500140.000,0,-,-,-,-,2902.4000,2901.8000,2901.6000,2901.4000,2901.0000,2905.4000,2905.6000,2906.4000,2906.8000,2909.2000,1,2,2,1,1,1,1,1,1,1
SF,IH2004,2020-02-25 09:33:59.200,2903.6000,560,0,50500140.000,0,-,-,-,-,2902.6000,2902.4000,2901.8000,2901.6000,2901.4000,2905.2000,2905.4000,2905.6000,2906.4000,2906.8000,1,1,1,2,1,2,1,1,1,1
SF,IH2004,2020-02-25 09:33:59.700,2903.6000,560,0,50500140.000,0,-,-,-,-,2902.6000,2901.8000,2901.6000,2899.6000,2899.2000,2905.2000,2905.6000,2906.4000,2906.8000,2909.2000,1,1,1,1,2,2,1,1,1,1
SF,IH2004,2020-02-25 09:34:00.200,2903.6000,560,0,50500140.000,0,-,-,-,-,2901.8000,2901.6000,2899.6000,2899.2000,2896.0000,2905.2000,2905.6000,2906.4000,2906.8000,2909.2000,1,1,1,2,2,2,1,1,1,1
SF,IH2004,2020-02-25 09:34:00.700,2903.6000,560,0,50500140.000,0,-,-,-,-,2902.8000,2902.2000,2902.0000,2901.8000,2899.6000,2905.2000,2905.6000,2906.4000,2906.8000,2909.2000,1,1,2,1,1,1,1,1,1,1
SF,IH2004,2020-02-25 09:34:01.200,2903.6000,560,0,50500140.000,0,-,-,-,-,2903.0000,2902.8000,2902.2000,2902.0000,2901.8000,2905.2000,2905.6000,2906.4000,2906.8000,2909.2000,1,1,2,1,2,1,1,1,1,1
SF,IH2004,2020-02-25 09:34:01.700,2903.6000,560,0,50500140.000,0,-,-,-,-,2902.2000,2902.0000,2901.8000,2899.2000,2896.0000,2904.0000,2905.0000,2905.2000,2905.6000,2906.4000,1,1,1,2,2,1,2,1,1,1
SF,IH2004,2020-02-25 09:34:02.200,2903.6000,560,0,50500140.000,0,-,-,-,-,2902.4000,2902.2000,2899.2000,2896.0000,2891.8000,2904.0000,2905.0000,2905.6000,2906.4000,2906.8000,1,1,2,2,5,1,2,1,1,1
SF,IH2004,2020-02-25 09:34:02.700,2903.6000,560,0,50500140.000,0,-,-,-,-,2902.4000,2899.2000,2896.0000,2891.8000,2891.0000,2903.8000,2904.0000,2905.0000,2905.6000,2906.4000,1,2,2,5,20,1,1,1,1,1
SF,IH2004,2020-02-25 09:34:03.200,2903.6000,560,0,50500140.000,0,-,-,-,-,2902.4000,2899.2000,2896.0000,2891.8000,2891.0000,2905.0000,2905.6000,2906.4000,2906.8000,2909.2000,1,2,2,5,20,1,1,1,1,1
SF,IH2004,2020-02-25 09:34:03.700,2903.6000,560,0,50500140.000,0,-,-,-,-,2902.6000,2902.4000,2899.2000,2896.0000,2891.8000,2904.0000,2904.8000,2905.0000,2905.6000,2906.4000,1,1,2,2,5,1,3,1,1,1
SF,IH2004,2020-02-25 09:34:04.200,2903.6000,560,0,50500140.000,0,-,-,-,-,2902.6000,2902.4000,2899.2000,2896.0000,2891.8000,2903.8000,2904.0000,2904.8000,2905.0000,2905.6000,1,1,2,2,5,1,1,2,1,1
SF,IH2004,2020-02-25 09:34:04.700,2903.6000,560,0,50500140.000,0,-,-,-,-,2902.6000,2902.4000,2899.2000,2896.0000,2891.8000,2904.0000,2904.8000,2905.0000,2905.6000,2906.4000,1,1,2,2,5,1,2,1,1,1
SF,IH2004,2020-02-25 09:34:05.200,2903.6000,560,0,50500140.000,0,-,-,-,-,2902.6000,2902.4000,2899.2000,2896.0000,2891.8000,2904.0000,2905.0000,2905.6000,2906.4000,2906.8000,1,1,2,2,5,1,1,1,1,1
SF,IH2004,2020-02-25 09:34:06.200,2903.6000,560,0,50500140.000,0,-,-,-,-,2902.6000,2902.4000,2899.2000,2896.0000,2891.8000,2905.0000,2905.6000,2906.4000,2906.8000,2909.2000,1,1,2,2,5,1,1,1,1,1
SF,IH2004,2020-02-25 09:34:06.700,2903.6000,560,0,50500140.000,0,-,-,-,-,2902.8000,2902.6000,2899.2000,2896.0000,2891.8000,2906.4000,2906.8000,2909.2000,2910.0000,2910.8000,3,1,2,2,5,1,1,1,1,5
SF,IH2004,2020-02-25 09:34:07.200,2903.6000,560,0,50500140.000,0,-,-,-,-,2903.0000,2902.8000,2899.2000,2896.0000,2891.8000,2904.0000,2906.2000,2906.4000,2906.8000,2909.2000,1,2,2,2,5,1,2,2,1,1
SF,IH2004,2020-02-25 09:34:07.700,2903.6000,560,0,50500140.000,0,-,-,-,-,2904.2000,2904.0000,2902.8000,2899.2000,2896.0000,2906.4000,2906.8000,2909.2000,2910.0000,2910.8000,1,1,1,2,2,2,1,1,1,5
SF,IH2004,2020-02-25 09:34:08.200,2903.6000,560,0,50500140.000,0,-,-,-,-,2904.0000,2903.2000,2899.2000,2896.0000,2891.8000,2906.2000,2906.4000,2906.8000,2909.2000,2910.0000,1,1,2,2,5,1,1,1,1,1
SF,IH2004,2020-02-25 09:34:08.700,2903.6000,560,0,50500140.000,0,-,-,-,-,2904.0000,2903.2000,2899.2000,2896.0000,2891.8000,2906.2000,2906.8000,2909.2000,2910.0000,2910.8000,1,1,2,2,5,1,1,1,1,5
SF,IH2004,2020-02-25 09:34:09.200,2903.6000,560,0,50500140.000,0,-,-,-,-,2904.2000,2904.0000,2903.2000,2899.2000,2896.0000,2906.8000,2909.2000,2910.0000,2910.8000,2936.8000,1,1,1,2,2,1,1,1,5,1
SF,IH2004,2020-02-25 09:34:14.700,2903.6000,560,0,50500140.000,0,-,-,-,-,2904.4000,2904.2000,2904.0000,2899.2000,2896.0000,2906.8000,2909.2000,2910.0000,2910.8000,2936.8000,1,1,1,2,2,1,1,1,5,1
SF,IH2004,2020-02-25 09:34:15.200,2903.6000,560,0,50500140.000,0,-,-,-,-,2904.8000,2904.6000,2904.4000,2904.2000,2904.0000,2906.8000,2909.2000,2910.0000,2910.8000,2936.8000,1,2,1,1,1,1,1,1,5,1
SF,IH2004,2020-02-25 09:34:15.700,2903.6000,560,0,50500140.000,0,-,-,-,-,2905.0000,2904.8000,2904.6000,2904.2000,2904.0000,2909.2000,2910.0000,2910.8000,2936.8000,2989.4000,2,1,1,1,1,1,1,5,1,9
SF,IH2004,2020-02-25 09:34:16.200,2903.6000,560,0,50500140.000,0,-,-,-,-,2905.2000,2905.0000,2904.6000,2904.0000,2899.2000,2907.0000,2908.4000,2908.6000,2908.8000,2909.0000,1,2,1,1,2,1,2,1,2,1
SF,IH2004,2020-02-25 09:34:16.700,2903.6000,560,0,50500140.000,0,-,-,-,-,2905.0000,2904.6000,2904.0000,2899.2000,2896.0000,2907.0000,2908.4000,2908.8000,2909.0000,2909.2000,2,1,1,2,2,1,1,2,1,1
SF,IH2004,2020-02-25 09:34:17.200,2903.6000,560,0,50500140.000,0,-,-,-,-,2905.6000,2905.2000,2905.0000,2904.0000,2896.0000,2906.8000,2907.0000,2908.8000,2909.2000,2910.0000,1,1,1,1,2,1,1,2,1,1
SF,IH2004,2020-02-25 09:34:21.200,2903.6000,560,0,50500140.000,0,-,-,-,-,2905.6000,2905.2000,2905.0000,2904.0000,2896.0000,2906.8000,2908.8000,2909.2000,2910.0000,2910.8000,1,1,1,1,2,1,2,1,1,5
SF,IH2004,2020-02-25 09:34:22.200,2903.6000,560,0,50500140.000,0,-,-,-,-,2905.6000,2905.2000,2905.0000,2904.0000,2896.0000,2908.8000,2909.2000,2910.0000,2910.8000,2936.8000,1,1,1,1,2,2,1,1,5,1
SF,IH2004,2020-02-25 09:34:22.700,2903.6000,560,0,50500140.000,0,-,-,-,-,2905.8000,2905.6000,2905.2000,2905.0000,2904.0000,2907.0000,2908.4000,2908.6000,2908.8000,2909.2000,1,1,1,1,1,1,1,2,2,1
SF,IH2004,2020-02-25 09:34:23.200,2903.6000,560,0,50500140.000,0,-,-,-,-,2905.6000,2905.2000,2905.0000,2904.0000,2896.0000,2907.0000,2908.4000,2908.6000,2908.8000,2909.2000,1,1,1,1,2,1,1,3,2,1
SF,IH2004,2020-02-25 09:34:23.700,2903.6000,560,0,50500140.000,0,-,-,-,-,2905.6000,2905.2000,2905.0000,2904.0000,2896.0000,2907.0000,2908.4000,2908.6000,2908.8000,2909.2000,1,1,1,1,2,1,1,2,2,1
SF,IH2004,2020-02-25 09:34:24.200,2903.6000,560,0,50500140.000,0,-,-,-,-,2905.8000,2905.2000,2904.0000,2896.0000,2891.8000,2907.0000,2908.4000,2908.8000,2909.2000,2910.0000,1,1,1,2,5,1,1,2,1,1
SF,IH2004,2020-02-25 09:34:25.700,2905.8000,560,0,51371880.000,1,0,1,多换,S,2905.2000,2904.0000,2896.0000,2891.8000,2891.0000,2907.0000,2908.4000,2908.8000,2909.2000,2910.0000,1,1,2,5,20,1,1,2,1,1
SF,IH2004,2020-02-25 09:34:26.200,2905.8000,560,0,51371880.000,0,-,-,-,-,2904.0000,2896.0000,2891.8000,2891.0000,2890.0000,2908.8000,2909.2000,2910.0000,2910.8000,2936.8000,1,2,5,20,20,2,1,1,5,1
SF,IH2004,2020-02-25 09:34:26.700,2905.8000,560,0,51371880.000,0,-,-,-,-,2904.4000,2904.2000,2904.0000,2896.0000,2891.8000,2906.8000,2907.0000,2908.4000,2908.6000,2908.8000,1,2,1,2,5,1,1,1,1,2
SF,IH2004,2020-02-25 09:34:27.200,2905.8000,560,0,51371880.000,0,-,-,-,-,2904.2000,2904.0000,2896.0000,2891.8000,2891.0000,2906.8000,2907.0000,2907.8000,2908.0000,2908.4000,1,1,2,5,20,1,1,1,1,1
SF,IH2004,2020-02-25 09:34:27.700,2905.8000,560,0,51371880.000,0,-,-,-,-,2904.2000,2904.0000,2896.0000,2891.8000,2891.0000,2906.6000,2906.8000,2907.0000,2907.8000,2908.4000,1,1,2,5,20,1,1,1,1,1
SF,IH2004,2020-02-25 09:34:28.200,2905.8000,560,0,51371880.000,0,-,-,-,-,2904.4000,2904.2000,2904.0000,2896.0000,2891.8000,2906.6000,2906.8000,2907.0000,2907.8000,2908.4000,1,1,1,2,5,1,1,1,1,1
SF,IH2004,2020-02-25 09:34:28.700,2905.8000,560,0,51371880.000,0,-,-,-,-,2904.4000,2904.2000,2904.0000,2896.0000,2891.8000,2906.6000,2906.8000,2907.0000,2908.4000,2908.6000,1,1,1,2,5,1,1,1,1,1
SF,IH2004,2020-02-25 09:34:31.200,2905.8000,560,0,51371880.000,0,-,-,-,-,2904.4000,2904.2000,2904.0000,2896.0000,2891.8000,2906.6000,2907.0000,2908.4000,2908.6000,2908.8000,1,1,1,2,5,1,1,1,1,2
SF,IH2004,2020-02-25 09:34:31.700,2905.8000,560,0,51371880.000,0,-,-,-,-,2904.6000,2904.4000,2904.2000,2904.0000,2896.0000,2906.6000,2907.0000,2908.4000,2908.8000,2909.2000,1,1,1,1,2,1,1,1,2,1
SF,IH2004,2020-02-25 09:34:32.700,2905.8000,560,0,51371880.000,0,-,-,-,-,2904.4000,2904.2000,2904.0000,2896.0000,2891.8000,2906.6000,2907.0000,2908.4000,2908.8000,2909.2000,1,1,1,2,5,1,1,1,2,1
SF,IH2004,2020-02-25 09:34:33.200,2905.8000,560,0,51371880.000,0,-,-,-,-,2904.6000,2904.4000,2904.0000,2896.0000,2891.8000,2906.6000,2907.0000,2908.4000,2908.8000,2909.2000,2,1,1,2,5,1,1,1,2,1
SF,IH2004,2020-02-25 09:34:33.700,2905.8000,560,0,51371880.000,0,-,-,-,-,2904.6000,2904.0000,2896.0000,2891.8000,2891.0000,2906.6000,2907.0000,2908.4000,2908.8000,2909.2000,1,1,2,5,20,1,1,1,2,1
SF,IH2004,2020-02-25 09:34:34.200,2905.8000,560,0,51371880.000,0,-,-,-,-,2904.0000,2896.0000,2891.8000,2891.0000,2890.0000,2906.4000,2906.6000,2907.0000,2908.4000,2908.8000,1,2,5,20,20,1,1,1,1,2
SF,IH2004,2020-02-25 09:34:34.700,2905.8000,560,0,51371880.000,0,-,-,-,-,2904.2000,2904.0000,2896.0000,2891.8000,2891.0000,2906.2000,2906.4000,2906.6000,2907.0000,2908.4000,1,1,2,5,20,1,1,1,1,1
SF,IH2004,2020-02-25 09:34:41.200,2905.8000,560,0,51371880.000,0,-,-,-,-,2904.2000,2904.0000,2896.0000,2891.8000,2891.0000,2906.0000,2906.2000,2906.4000,2906.6000,2907.0000,1,1,2,5,20,1,1,1,1,1
SF,IH2004,2020-02-25 09:34:41.700,2905.8000,560,0,51371880.000,0,-,-,-,-,2904.0000,2896.0000,2891.8000,2891.0000,2890.0000,2906.0000,2906.2000,2906.4000,2906.6000,2907.0000,1,2,5,20,20,1,1,1,1,1
SF,IH2004,2020-02-25 09:34:42.200,2905.8000,560,0,51371880.000,0,-,-,-,-,2904.0000,2896.0000,2891.8000,2891.0000,2890.0000,2905.8000,2906.0000,2906.2000,2906.4000,2906.6000,1,2,5,20,20,1,1,1,1,1
SF,IH2004,2020-02-25 09:34:42.700,2905.8000,560,0,51371880.000,0,-,-,-,-,2904.0000,2896.0000,2891.8000,2891.0000,2890.0000,2905.6000,2905.8000,2906.2000,2906.4000,2906.6000,1,2,5,20,20,1,1,2,1,1
SF,IH2004,2020-02-25 09:34:48.200,2905.6000,560,0,52243560.000,1,0,1,多换,S,2904.0000,2896.0000,2891.8000,2891.0000,2890.0000,2905.8000,2906.2000,2906.4000,2906.6000,2907.0000,1,2,5,20,20,1,2,1,1,1
SF,IH2004,2020-02-25 09:34:48.700,2905.6000,560,0,52243560.000,0,-,-,-,-,2905.0000,2904.2000,2904.0000,2896.0000,2891.8000,2905.8000,2906.2000,2906.6000,2907.0000,2908.4000,1,1,3,2,5,1,1,1,1,1
SF,IH2004,2020-02-25 09:34:49.200,2905.8000,560,0,53115300.000,1,0,1,多换,S,2906.0000,2905.0000,2904.2000,2904.0000,2896.0000,2906.2000,2907.0000,2908.4000,2908.8000,2909.2000,1,1,1,4,2,1,1,1,2,1
SF,IH2004,2020-02-25 09:34:49.700,2905.8000,560,0,53115300.000,0,-,-,-,-,2905.0000,2904.2000,2904.0000,2896.0000,2891.8000,2906.2000,2907.0000,2908.8000,2909.2000,2910.0000,1,1,4,2,5,1,1,2,1,1
SF,IH2004,2020-02-25 09:34:50.200,2905.8000,560,0,53115300.000,0,-,-,-,-,2905.0000,2904.2000,2904.0000,2896.0000,2891.8000,2906.2000,2908.8000,2909.2000,2910.0000,2910.8000,1,1,3,2,5,1,2,1,1,5
SF,IH2004,2020-02-25 09:34:50.700,2905.8000,560,0,53115300.000,0,-,-,-,-,2905.2000,2905.0000,2904.2000,2904.0000,2896.0000,2906.2000,2908.8000,2909.2000,2910.0000,2910.8000,2,1,1,3,2,1,2,1,1,5
SF,IH2004,2020-02-25 09:34:51.200,2905.8000,560,0,53115300.000,0,-,-,-,-,2905.2000,2904.2000,2904.0000,2896.0000,2891.8000,2906.2000,2908.8000,2909.2000,2910.0000,2910.8000,2,1,3,2,5,1,2,1,1,5
SF,IH2004,2020-02-25 09:34:51.700,2905.8000,560,0,53115300.000,0,-,-,-,-,2906.0000,2904.2000,2904.0000,2896.0000,2891.8000,2906.2000,2908.8000,2909.2000,2910.0000,2910.8000,1,1,3,2,5,1,2,1,1,5
SF,IH2004,2020-02-25 09:34:52.200,2906.2000,561,1,53987160.000,1,1,0,双开,S,2906.0000,2904.2000,2904.0000,2896.0000,2891.8000,2908.8000,2909.2000,2910.0000,2910.8000,2923.4000,1,1,3,2,5,2,1,1,5,1
SF,IH2004,2020-02-25 09:34:52.700,2906.2000,561,0,53987160.000,0,-,-,-,-,2906.0000,2904.2000,2904.0000,2896.0000,2891.8000,2908.6000,2908.8000,2909.2000,2910.0000,2910.8000,1,1,3,2,5,2,2,1,1,5
SF,IH2004,2020-02-25 09:34:53.200,2906.2000,561,0,53987160.000,0,-,-,-,-,2906.0000,2904.2000,2904.0000,2896.0000,2891.8000,2908.6000,2908.8000,2909.2000,2910.0000,2910.8000,1,1,3,2,5,2,2,1,1,5
SF,IH2004,2020-02-25 09:34:53.700,2906.2000,561,0,53987160.000,0,-,-,-,-,2906.0000,2904.2000,2904.0000,2896.0000,2891.8000,2907.0000,2908.6000,2908.8000,2909.2000,2910.0000,1,1,3,2,5,1,2,2,1,1
SF,IH2004,2020-02-25 09:34:54.200,2906.2000,561,0,53987160.000,0,-,-,-,-,2906.0000,2904.2000,2904.0000,2896.0000,2891.8000,2908.6000,2908.8000,2909.2000,2910.0000,2910.8000,1,1,3,2,5,2,2,1,1,5
SF,IH2004,2020-02-25 09:34:54.700,2906.2000,561,0,53987160.000,0,-,-,-,-,2904.2000,2904.0000,2896.0000,2891.8000,2891.0000,2908.6000,2908.8000,2909.2000,2910.0000,2910.8000,1,3,2,5,20,2,2,1,1,5
SF,IH2004,2020-02-25 09:34:55.200,2906.2000,561,0,53987160.000,0,-,-,-,-,2905.6000,2904.4000,2904.2000,2904.0000,2896.0000,2908.6000,2908.8000,2909.2000,2910.0000,2910.8000,1,3,1,3,2,2,2,1,1,5
SF,IH2004,2020-02-25 09:34:55.700,2906.2000,561,0,53987160.000,0,-,-,-,-,2905.6000,2904.4000,2904.2000,2904.0000,2896.0000,2907.0000,2908.6000,2908.8000,2909.2000,2910.0000,1,3,1,3,2,1,2,2,1,1
SF,IH2004,2020-02-25 09:34:56.200,2906.2000,561,0,53987160.000,0,-,-,-,-,2905.6000,2904.4000,2904.2000,2904.0000,2896.0000,2907.0000,2908.4000,2908.6000,2908.8000,2909.2000,1,2,1,3,2,1,1,2,2,1
SF,IH2004,2020-02-25 09:34:56.700,2906.2000,561,0,53987160.000,0,-,-,-,-,2905.6000,2904.4000,2904.2000,2904.0000,2896.0000,2908.6000,2908.8000,2909.2000,2910.0000,2910.8000,1,2,1,3,2,2,2,1,1,5
SF,IH2004,2020-02-25 09:34:57.200,2906.2000,561,0,53987160.000,0,-,-,-,-,2905.6000,2904.4000,2904.2000,2904.0000,2896.0000,2907.0000,2908.6000,2908.8000,2909.2000,2910.0000,1,2,1,3,2,1,2,2,1,1
SF,IH2004,2020-02-25 09:34:57.700,2906.2000,561,0,53987160.000,0,-,-,-,-,2904.4000,2904.2000,2904.0000,2896.0000,2891.8000,2907.0000,2908.4000,2908.6000,2908.8000,2909.2000,2,1,3,2,5,1,1,2,2,1
SF,IH2004,2020-02-25 09:34:58.200,2906.2000,561,0,53987160.000,0,-,-,-,-,2905.2000,2904.6000,2904.4000,2904.0000,2896.0000,2907.0000,2908.6000,2908.8000,2909.2000,2910.0000,1,2,2,3,2,1,1,2,1,1
SF,IH2004,2020-02-25 09:34:58.700,2906.2000,561,0,53987160.000,0,-,-,-,-,2905.4000,2905.2000,2904.6000,2904.0000,2896.0000,2907.0000,2908.6000,2908.8000,2909.2000,2910.0000,2,1,2,3,2,1,1,2,1,1
SF,IH2004,2020-02-25 09:34:59.200,2906.2000,561,0,53987160.000,0,-,-,-,-,2904.6000,2904.0000,2896.0000,2891.8000,2891.0000,2907.0000,2908.6000,2908.8000,2909.2000,2910.0000,2,3,2,5,20,1,1,2,1,1
SF,IH2004,2020-02-25 09:34:59.700,2906.2000,561,0,53987160.000,0,-,-,-,-,2905.0000,2904.6000,2904.0000,2896.0000,2891.8000,2907.0000,2908.6000,2908.8000,2909.2000,2910.0000,1,1,1,2,5,1,1,2,1,1
