市场代码,合约代码,时间,最新,持仓,增仓,成交额,成交量,开仓,平仓,成交类型,方向,买一价,买二价,买三价,买四价,买五价,卖一价,卖二价,卖三价,卖四价,卖五价,买一量,买二量,买三量,买四量,买五量,卖一量,卖二量,卖三量,卖四量,卖五量
SF,IH2012,2020-10-29 09:29:00.100,3268.0000,31570,0,50000400.000,51.000,-,-,-,-,3268.0000,3267.0000,3266.2000,3266.0000,3265.0000,3269.0000,3269.2000,3269.4000,3270.0000,3270.4000,9,12,1,12,11,1,1,1,8,1
SF,IH2012,2020-10-29 09:30:00.100,3268.0000,31605,35,99984960.000,51,43,8,空开,S,3265.0000,3264.0000,3263.2000,3263.0000,3262.0000,3266.6000,3267.0000,3267.2000,3268.0000,3268.6000,12,11,1,10,10,1,1,1,15,2
SF,IH2012,2020-10-29 09:30:00.600,3266.2000,31601,-4,122515740.000,23,9,14,多平,S,3264.0000,3263.2000,3263.0000,3262.0000,3261.2000,3265.0000,3266.2000,3266.4000,3266.6000,3266.8000,11,3,10,10,1,13,3,3,1,1
SF,IH2012,2020-10-29 09:30:01.100,3265.0000,31594,-7,152874300.000,31,12,19,多平,S,3263.0000,3262.0000,3261.2000,3261.0000,3260.4000,3264.0000,3265.0000,3266.2000,3266.4000,3267.0000,10,10,1,11,1,1,27,2,3,1
SF,IH2012,2020-10-29 09:30:01.600,3265.0000,31593,-1,169521060.000,17,8,9,多平,S,3263.0000,3262.0000,3261.2000,3261.0000,3260.4000,3265.0000,3265.4000,3266.2000,3266.4000,3267.0000,7,10,1,11,1,29,1,3,2,1
SF,IH2012,2020-10-29 09:30:02.100,3262.0000,31587,-6,188122680.000,19,6,13,多平,S,3262.0000,3261.2000,3261.0000,3260.4000,3260.2000,3264.8000,3265.0000,3266.2000,3266.4000,3267.0000,8,1,11,1,3,3,30,1,2,1
SF,IH2012,2020-10-29 09:30:02.600,3261.0000,31583,-4,205737900.000,18,7,11,多平,S,3261.0000,3260.4000,3260.2000,3260.0000,3259.0000,3263.0000,3264.0000,3264.2000,3264.4000,3264.6000,8,1,3,6,1,2,1,1,2,2
SF,IH2012,2020-10-29 09:30:03.100,3263.0000,31582,-1,210632160.000,5,2,3,多平,S,3261.4000,3261.2000,3261.0000,3260.4000,3260.2000,3262.0000,3263.4000,3264.0000,3264.2000,3264.4000,6,3,8,1,3,9,1,1,1,1
SF,IH2012,2020-10-29 09:30:03.600,3261.6000,31563,-19,234119940.000,24,2,22,多平,S,3261.6000,3261.4000,3261.0000,3260.4000,3260.2000,3264.0000,3264.4000,3264.6000,3265.0000,3265.6000,23,1,8,1,3,1,1,1,35,1
SF,IH2012,2020-10-29 09:30:04.100,3265.0000,31560,-3,239016360.000,5,1,4,多平,S,3263.4000,3263.0000,3262.6000,3262.2000,3262.0000,3265.0000,3265.6000,3266.4000,3267.8000,3268.0000,2,1,1,2,9,30,1,2,1,15
SF,IH2012,2020-10-29 09:30:04.600,3264.2000,31559,-1,257618460.000,19,9,10,多平,S,3263.6000,3262.0000,3261.8000,3261.4000,3261.0000,3264.4000,3264.8000,3265.0000,3265.6000,3266.4000,10,4,3,1,8,1,3,27,1,2
SF,IH2012,2020-10-29 09:30:05.100,3264.2000,31559,0,267409440.000,10,5,5,多换,S,3263.6000,3262.0000,3261.8000,3261.0000,3260.4000,3264.2000,3264.8000,3265.0000,3265.6000,3266.4000,1,5,3,8,1,2,2,26,1,2
SF,IH2012,2020-10-29 09:30:05.600,3264.4000,31549,-10,279162300.000,12,1,11,多平,S,3263.6000,3262.0000,3261.8000,3261.0000,3260.4000,3265.0000,3265.6000,3267.8000,3268.0000,3268.6000,1,5,3,8,1,29,1,1,15,1
SF,IH2012,2020-10-29 09:30:06.100,3263.6000,31547,-2,284057880.000,5,1,4,多平,S,3262.0000,3261.8000,3261.0000,3260.4000,3260.2000,3265.0000,3265.6000,3267.8000,3268.0000,3268.6000,5,2,8,1,3,29,1,1,14,1
SF,IH2012,2020-10-29 09:30:06.600,3263.6000,31547,0,284057880.000,0,-,-,-,-,3262.6000,3262.2000,3262.0000,3261.8000,3261.0000,3263.4000,3263.6000,3264.8000,3265.0000,3267.8000,1,4,6,1,8,1,2,1,29,1
SF,IH2012,2020-10-29 09:30:07.100,3264.6000,31544,-3,287974500.000,4,0,4,多平,S,3264.6000,3264.0000,3263.6000,3262.8000,3262.6000,3264.8000,3265.0000,3267.8000,3268.0000,3268.6000,2,1,1,1,1,1,29,1,14,1
SF,IH2012,2020-10-29 09:30:07.600,3264.0000,31543,-1,290912460.000,3,1,2,多平,S,3263.6000,3262.8000,3262.6000,3262.2000,3262.0000,3264.4000,3264.8000,3265.0000,3267.8000,3268.0000,1,1,1,1,5,2,1,29,1,14
SF,IH2012,2020-10-29 09:30:08.100,3262.6000,31540,-3,297765840.000,7,2,5,多平,S,3262.2000,3262.0000,3261.8000,3261.0000,3260.4000,3262.6000,3263.4000,3264.8000,3265.0000,3267.8000,1,5,1,8,1,3,2,1,29,1
SF,IH2012,2020-10-29 09:30:08.600,3264.8000,31535,-5,304618500.000,7,1,6,多平,S,3263.0000,3262.8000,3262.6000,3262.4000,3262.2000,3265.0000,3267.0000,3267.8000,3268.0000,3268.6000,2,8,5,2,4,29,1,1,14,1
SF,IH2012,2020-10-29 09:30:09.100,3263.6000,31535,0,305597580.000,1,0,1,多换,S,3263.4000,3263.2000,3263.0000,3262.8000,3262.6000,3263.6000,3264.6000,3264.8000,3265.0000,3267.0000,1,1,2,4,1,4,1,2,29,1
SF,IH2012,2020-10-29 09:30:09.600,3263.6000,31533,-2,312451140.000,7,2,5,多平,S,3263.8000,3263.6000,3263.4000,3262.8000,3262.6000,3264.6000,3264.8000,3265.0000,3267.0000,3267.8000,1,4,3,4,1,1,1,29,1,1
SF,IH2012,2020-10-29 09:30:10.100,3264.8000,31529,-4,316368720.000,4,0,4,双平,S,3264.0000,3263.6000,3263.4000,3262.8000,3262.6000,3265.0000,3267.0000,3267.8000,3268.0000,3268.6000,2,2,1,4,1,29,1,1,14,1
SF,IH2012,2020-10-29 09:30:10.600,3265.0000,31529,0,321265680.000,5,2,3,多换,S,3264.0000,3263.6000,3263.4000,3262.8000,3262.4000,3265.0000,3267.8000,3268.0000,3268.6000,3269.0000,7,2,1,4,1,26,1,14,1,1
SF,IH2012,2020-10-29 09:30:11.100,3264.0000,31533,4,327142380.000,6,5,1,空开,S,3264.0000,3263.6000,3263.4000,3262.8000,3262.4000,3265.0000,3267.8000,3268.0000,3268.6000,3269.0000,6,3,1,4,1,21,1,10,1,1
SF,IH2012,2020-10-29 09:30:11.600,3264.0000,31525,-8,340854000.000,14,3,11,多平,S,3264.0000,3263.6000,3263.4000,3262.8000,3262.4000,3265.0000,3267.8000,3268.0000,3268.6000,3269.0000,1,3,1,4,2,15,1,10,1,1
SF,IH2012,2020-10-29 09:30:12.100,3265.0000,31522,-3,351628500.000,11,4,7,多平,S,3264.8000,3264.4000,3264.2000,3264.0000,3263.6000,3265.0000,3267.8000,3268.0000,3268.6000,3269.0000,7,1,9,1,3,4,1,10,1,1
SF,IH2012,2020-10-29 09:30:12.600,3265.0000,31521,-1,356526000.000,5,2,3,多平,S,3265.2000,3265.0000,3264.8000,3264.4000,3264.2000,3267.8000,3268.0000,3268.6000,3269.0000,3269.2000,5,29,4,2,8,1,10,1,1,1
SF,IH2012,2020-10-29 09:30:13.100,3265.4000,31515,-6,366328020.000,10,2,8,多平,S,3267.8000,3265.4000,3265.2000,3265.0000,3264.8000,3268.0000,3268.2000,3268.6000,3269.0000,3269.2000,1,1,4,27,1,6,2,3,1,1
SF,IH2012,2020-10-29 09:30:13.600,3267.8000,31514,-1,369269040.000,3,1,2,多平,S,3265.4000,3265.2000,3265.0000,3264.4000,3264.2000,3267.4000,3267.6000,3267.8000,3268.0000,3268.2000,2,4,27,2,6,1,3,9,6,2
SF,IH2012,2020-10-29 09:30:14.100,3267.2000,31510,-4,373189380.000,4,0,4,双平,S,3267.4000,3265.6000,3265.4000,3265.2000,3265.0000,3267.8000,3268.0000,3268.6000,3269.0000,3269.2000,1,2,2,4,28,4,4,3,1,1
SF,IH2012,2020-10-29 09:30:14.600,3267.4000,31508,-2,375149820.000,2,0,2,双平,S,3265.6000,3265.4000,3265.2000,3265.0000,3264.4000,3266.4000,3266.6000,3267.0000,3267.2000,3267.4000,1,2,4,30,2,2,1,1,3,4
SF,IH2012,2020-10-29 09:30:15.100,3266.2000,31507,-1,379069260.000,4,1,3,多平,S,3265.4000,3265.2000,3265.0000,3264.4000,3263.6000,3267.4000,3267.6000,3267.8000,3268.0000,3268.6000,1,4,29,2,3,1,2,3,4,3
SF,IH2012,2020-10-29 09:30:15.600,3267.2000,31500,-7,389846880.000,11,2,9,多平,S,3266.4000,3265.6000,3265.0000,3264.4000,3263.6000,3267.2000,3267.6000,3267.8000,3268.0000,3268.4000,4,3,30,2,2,1,1,2,4,2
SF,IH2012,2020-10-29 09:30:16.100,3267.0000,31497,-3,393766740.000,4,0,4,多平,S,3266.4000,3265.6000,3265.0000,3264.4000,3263.6000,3267.0000,3267.2000,3267.4000,3267.6000,3267.8000,1,2,30,2,2,2,1,2,1,2
SF,IH2012,2020-10-29 09:30:16.600,3267.4000,31494,-3,398667420.000,5,1,4,多平,S,3267.0000,3266.6000,3266.4000,3265.6000,3265.0000,3267.4000,3267.6000,3267.8000,3268.0000,3268.6000,1,1,2,2,30,1,1,2,4,1
SF,IH2012,2020-10-29 09:30:17.100,3267.4000,31493,-1,399647640.000,1,0,1,双平,S,3267.4000,3267.0000,3266.6000,3266.4000,3265.6000,3268.0000,3268.4000,3269.0000,3269.2000,3269.4000,1,1,1,1,2,4,1,1,1,1
SF,IH2012,2020-10-29 09:30:17.600,3267.4000,31493,0,400627860.000,1,0,1,多换,S,3266.6000,3266.4000,3265.6000,3265.0000,3264.4000,3267.4000,3268.0000,3268.4000,3269.0000,3269.2000,1,1,2,30,2,1,4,1,1,1
SF,IH2012,2020-10-29 09:30:18.100,3268.0000,31493,0,402588480.000,2,1,1,多换,S,3266.6000,3266.4000,3265.6000,3265.0000,3264.4000,3268.0000,3268.4000,3269.0000,3269.2000,3269.4000,2,1,2,30,2,3,1,1,1,1
SF,IH2012,2020-10-29 09:30:18.600,3268.0000,31493,0,403568880.000,1,0,1,多换,S,3266.8000,3266.6000,3266.4000,3265.6000,3265.0000,3268.0000,3268.4000,3269.0000,3269.2000,3269.4000,1,2,1,1,30,3,1,1,1,1
SF,IH2012,2020-10-29 09:30:19.100,3266.6000,31490,-3,407488920.000,4,0,4,多平,S,3266.4000,3265.6000,3265.0000,3264.4000,3263.6000,3267.6000,3267.8000,3268.0000,3268.4000,3269.0000,1,1,30,2,2,1,2,3,1,1
SF,IH2012,2020-10-29 09:30:19.600,3266.6000,31491,1,408468900.000,1,1,0,双开,S,3266.4000,3265.6000,3265.0000,3264.4000,3263.6000,3267.4000,3267.8000,3268.0000,3268.4000,3269.0000,1,1,30,2,1,1,1,3,1,1
SF,IH2012,2020-10-29 09:30:20.100,3267.8000,31488,-3,411409380.000,3,0,3,双平,S,3265.0000,3264.4000,3263.6000,3263.4000,3262.4000,3268.0000,3268.2000,3268.4000,3269.0000,3269.2000,30,2,1,1,2,3,2,1,1,1
SF,IH2012,2020-10-29 09:30:20.600,3267.8000,31488,0,412389720.000,1,0,1,多换,S,3266.6000,3265.4000,3265.2000,3265.0000,3264.4000,3266.8000,3267.8000,3268.0000,3268.4000,3269.0000,1,2,2,10,2,1,1,7,1,1
SF,IH2012,2020-10-29 09:30:21.100,3266.6000,31488,0,415329660.000,3,1,2,多换,S,3265.2000,3265.0000,3264.4000,3263.6000,3263.4000,3266.6000,3266.8000,3267.8000,3268.0000,3268.4000,2,10,2,1,1,3,1,1,7,1
SF,IH2012,2020-10-29 09:30:21.600,3266.4000,31488,0,420228960.000,5,2,3,多换,S,3265.2000,3265.0000,3264.4000,3263.6000,3263.4000,3266.6000,3266.8000,3267.8000,3268.0000,3268.2000,2,10,2,1,1,3,1,1,7,1
SF,IH2012,2020-10-29 09:30:22.100,3266.6000,31484,-4,427086060.000,7,1,6,多平,S,3265.2000,3265.0000,3264.4000,3263.6000,3263.4000,3266.6000,3266.8000,3267.8000,3268.0000,3268.2000,1,6,2,1,1,2,1,1,7,1
SF,IH2012,2020-10-29 09:30:22.600,3266.6000,31484,0,428066040.000,1,0,1,多换,S,3265.2000,3265.0000,3263.6000,3263.4000,3263.0000,3266.4000,3266.6000,3266.8000,3267.8000,3268.0000,1,4,1,1,1,1,2,1,1,12
SF,IH2012,2020-10-29 09:30:23.100,3265.2000,31481,-3,431984280.000,4,0,4,多平,S,3265.0000,3263.6000,3263.4000,3263.0000,3262.4000,3266.4000,3266.6000,3266.8000,3268.0000,3268.4000,4,1,1,1,2,1,2,1,12,1
SF,IH2012,2020-10-29 09:30:23.600,3265.2000,31481,0,431984280.000,0,-,-,-,-,3265.0000,3263.6000,3263.4000,3263.0000,3262.4000,3265.2000,3266.4000,3266.6000,3266.8000,3268.0000,4,1,1,1,2,3,3,2,1,12
SF,IH2012,2020-10-29 09:30:24.100,3266.4000,31476,-5,438842640.000,7,1,6,多平,S,3266.4000,3265.8000,3265.0000,3263.6000,3263.4000,3266.6000,3266.8000,3268.0000,3268.4000,3269.0000,16,2,4,1,1,1,1,8,1,1
SF,IH2012,2020-10-29 09:30:24.600,3268.0000,31466,-10,451582860.000,13,1,12,多平,S,3266.4000,3265.8000,3265.0000,3263.6000,3263.4000,3268.0000,3268.4000,3269.0000,3269.2000,3269.4000,11,2,4,1,1,6,1,1,1,1
SF,IH2012,2020-10-29 09:30:25.100,3266.6000,31466,0,453542820.000,2,1,1,多换,S,3266.6000,3266.4000,3265.8000,3265.0000,3263.6000,3267.6000,3267.8000,3268.0000,3268.4000,3269.0000,4,11,2,4,1,1,2,6,1,1
SF,IH2012,2020-10-29 09:30:25.600,3266.6000,31465,-1,455502780.000,2,0,2,多平,S,3266.6000,3266.4000,3265.8000,3265.0000,3263.6000,3267.6000,3267.8000,3268.0000,3268.4000,3269.0000,2,11,2,4,1,1,2,6,1,1
SF,IH2012,2020-10-29 09:30:26.100,3266.6000,31465,0,457463040.000,2,1,1,多换,S,3266.6000,3266.4000,3265.8000,3265.2000,3265.0000,3267.6000,3267.8000,3268.0000,3268.4000,3269.0000,1,11,2,1,4,1,4,6,1,1
SF,IH2012,2020-10-29 09:30:26.600,3266.6000,31463,-2,460403580.000,3,0,3,多平,S,3266.4000,3266.0000,3265.8000,3265.6000,3265.2000,3267.8000,3268.0000,3268.4000,3269.0000,3269.2000,11,1,2,1,1,2,7,1,1,1
SF,IH2012,2020-10-29 09:30:27.100,3266.6000,31462,-1,461383560.000,1,0,1,双平,S,3266.6000,3266.4000,3266.0000,3265.8000,3265.6000,3267.8000,3268.0000,3268.4000,3269.0000,3269.2000,6,11,1,2,1,1,7,1,1,1
SF,IH2012,2020-10-29 09:30:27.600,3266.6000,31462,0,462363540.000,1,0,1,多换,S,3266.6000,3266.4000,3266.0000,3265.8000,3265.6000,3267.8000,3268.0000,3268.4000,3269.0000,3269.2000,5,11,1,2,1,1,7,1,1,1
SF,IH2012,2020-10-29 09:30:28.100,3266.6000,31462,0,462363540.000,0,-,-,-,-,3267.6000,3266.4000,3266.0000,3265.8000,3265.6000,3267.8000,3268.0000,3268.4000,3269.0000,3269.2000,1,11,1,2,1,1,7,1,1,1
SF,IH2012,2020-10-29 09:30:28.600,3267.6000,31462,0,466284780.000,4,2,2,多换,S,3266.4000,3266.0000,3265.8000,3265.6000,3265.2000,3267.6000,3268.0000,3268.2000,3268.4000,3269.0000,11,1,2,1,1,1,7,1,1,1
SF,IH2012,2020-10-29 09:30:29.100,3267.6000,31463,1,467265060.000,1,1,0,双开,S,3267.8000,3266.6000,3266.4000,3266.0000,3265.8000,3268.0000,3268.4000,3269.0000,3269.2000,3269.4000,2,2,11,1,2,7,1,1,1,1
SF,IH2012,2020-10-29 09:30:29.600,3267.8000,31461,-2,474127560.000,7,2,5,多平,S,3266.6000,3266.4000,3266.0000,3265.8000,3265.6000,3268.0000,3268.4000,3269.0000,3269.2000,3269.4000,2,11,1,2,1,5,1,1,1,1
SF,IH2012,2020-10-29 09:30:30.100,3268.0000,31461,0,475107960.000,1,0,1,多换,S,3267.6000,3266.8000,3266.6000,3266.4000,3266.0000,3268.0000,3268.4000,3269.0000,3269.2000,3269.4000,1,3,2,11,1,3,1,1,1,1
SF,IH2012,2020-10-29 09:30:30.600,3268.0000,31460,-1,479029560.000,4,1,3,多平,S,3268.0000,3267.8000,3267.6000,3266.8000,3266.6000,3268.4000,3269.0000,3269.2000,3269.4000,3269.8000,1,1,1,3,2,1,1,1,1,1
SF,IH2012,2020-10-29 09:30:31.100,3267.6000,31456,-4,482951340.000,4,0,4,双平,S,3266.8000,3266.6000,3266.4000,3266.0000,3265.8000,3269.0000,3269.2000,3269.4000,3269.8000,3270.0000,3,2,13,1,2,1,1,1,1,5
SF,IH2012,2020-10-29 09:30:31.600,3267.6000,31456,0,482951340.000,0,-,-,-,-,3268.4000,3267.0000,3266.8000,3266.6000,3266.4000,3268.6000,3268.8000,3269.0000,3269.2000,3269.4000,3,2,3,1,13,1,2,1,1,1
SF,IH2012,2020-10-29 09:30:32.100,3268.4000,31453,-3,486873420.000,4,0,4,多平,S,3267.0000,3266.8000,3266.6000,3266.4000,3266.0000,3268.0000,3268.2000,3268.4000,3268.6000,3268.8000,2,3,1,13,2,1,1,2,3,1
SF,IH2012,2020-10-29 09:30:32.600,3268.4000,31453,0,486873420.000,0,-,-,-,-,3267.4000,3267.0000,3266.8000,3266.6000,3266.4000,3268.0000,3268.2000,3268.8000,3269.0000,3269.2000,1,1,3,1,13,1,1,1,1,1
SF,IH2012,2020-10-29 09:30:33.100,3268.0000,31452,-1,487853820.000,1,0,1,双平,S,3267.8000,3267.4000,3267.0000,3266.8000,3266.6000,3268.8000,3269.0000,3269.2000,3269.4000,3269.8000,1,1,1,3,1,1,1,1,1,1
SF,IH2012,2020-10-29 09:30:33.600,3267.8000,31450,-2,490794900.000,3,0,3,多平,S,3267.4000,3267.0000,3266.6000,3266.4000,3266.0000,3268.8000,3269.0000,3269.2000,3269.4000,3269.8000,1,1,1,13,2,1,1,1,1,1
SF,IH2012,2020-10-29 09:30:34.100,3268.6000,31450,0,491775480.000,1,0,1,多换,S,3268.0000,3267.6000,3266.6000,3266.4000,3266.0000,3268.4000,3268.6000,3268.8000,3269.0000,3269.2000,1,1,1,13,2,1,1,1,1,1
SF,IH2012,2020-10-29 09:30:34.600,3268.8000,31439,-11,504521460.000,13,1,12,多平,S,3268.8000,3266.6000,3266.4000,3266.0000,3265.6000,3269.0000,3269.2000,3269.4000,3269.8000,3270.0000,1,1,13,2,1,1,1,1,1,5
SF,IH2012,2020-10-29 09:30:35.100,3268.8000,31438,-1,505502100.000,1,0,1,双平,S,3266.6000,3266.4000,3266.0000,3265.6000,3265.0000,3268.0000,3268.2000,3268.6000,3268.8000,3269.0000,1,13,2,1,4,1,1,1,11,1
SF,IH2012,2020-10-29 09:30:35.600,3268.6000,31437,-1,510403740.000,5,2,3,多平,S,3268.0000,3266.8000,3266.6000,3266.4000,3266.0000,3268.6000,3268.8000,3269.0000,3269.2000,3269.4000,2,1,1,13,2,1,4,1,1,2
SF,IH2012,2020-10-29 09:30:36.100,3268.0000,31438,1,512364540.000,2,1,1,空开,S,3266.8000,3266.6000,3266.4000,3266.0000,3265.8000,3268.0000,3268.6000,3268.8000,3269.0000,3269.2000,1,1,13,2,1,2,1,2,1,1
SF,IH2012,2020-10-29 09:30:36.600,3268.0000,31437,-1,513344940.000,1,0,1,双平,S,3267.0000,3266.8000,3266.6000,3266.4000,3266.0000,3268.2000,3268.6000,3268.8000,3269.0000,3269.2000,2,1,1,13,2,1,1,2,1,1
SF,IH2012,2020-10-29 09:30:37.100,3268.0000,31437,0,513344940.000,0,-,-,-,-,3267.6000,3267.4000,3267.0000,3266.8000,3266.6000,3268.2000,3268.6000,3268.8000,3269.0000,3269.2000,1,1,3,1,1,1,2,2,1,1
SF,IH2012,2020-10-29 09:30:37.600,3267.6000,31439,2,515305500.000,2,2,0,双开,S,3267.4000,3267.0000,3266.8000,3266.6000,3266.4000,3268.2000,3268.6000,3268.8000,3269.0000,3269.2000,1,3,1,1,13,1,3,1,1,1
SF,IH2012,2020-10-29 09:30:38.100,3268.2000,31439,0,516285960.000,1,0,1,多换,S,3268.4000,3268.0000,3267.4000,3267.2000,3267.0000,3268.6000,3268.8000,3269.0000,3269.2000,3269.4000,1,1,1,1,3,3,1,1,1,2
SF,IH2012,2020-10-29 09:30:38.600,3267.0000,31434,-5,524128440.000,8,1,7,多平,S,3266.8000,3266.6000,3266.4000,3266.0000,3265.8000,3268.6000,3268.8000,3269.0000,3269.2000,3269.4000,1,1,13,1,1,3,2,1,1,2
SF,IH2012,2020-10-29 09:30:39.100,3268.4000,31434,0,525108960.000,1,0,1,多换,S,3268.2000,3267.0000,3266.8000,3266.6000,3266.4000,3268.4000,3268.6000,3268.8000,3269.0000,3269.2000,1,2,2,1,13,2,2,2,1,1
SF,IH2012,2020-10-29 09:30:39.600,3268.4000,31434,0,527069940.000,2,1,1,多换,S,3267.0000,3266.8000,3266.6000,3266.4000,3266.0000,3268.2000,3268.4000,3268.6000,3268.8000,3269.0000,2,2,1,13,1,1,1,2,2,1
SF,IH2012,2020-10-29 09:30:40.100,3267.4000,31434,0,528050160.000,1,0,1,多换,S,3267.0000,3266.8000,3266.6000,3266.4000,3266.0000,3268.4000,3268.6000,3268.8000,3269.0000,3269.2000,1,2,1,13,1,1,1,2,1,1
SF,IH2012,2020-10-29 09:30:40.600,3267.4000,31434,0,528050160.000,0,-,-,-,-,3267.0000,3266.8000,3266.6000,3266.4000,3266.0000,3268.2000,3268.4000,3268.6000,3268.8000,3269.0000,2,2,1,13,1,1,1,1,2,1
SF,IH2012,2020-10-29 09:30:41.100,3267.4000,31434,0,528050160.000,0,-,-,-,-,3267.8000,3267.0000,3266.8000,3266.6000,3266.4000,3268.2000,3268.4000,3268.6000,3268.8000,3269.0000,1,2,2,1,12,1,2,1,2,1
SF,IH2012,2020-10-29 09:30:41.600,3268.4000,31431,-3,531971820.000,4,0,4,多平,S,3267.8000,3267.0000,3266.8000,3266.6000,3266.4000,3268.4000,3268.6000,3268.8000,3269.0000,3269.2000,1,2,2,1,12,1,2,2,1,1
SF,IH2012,2020-10-29 09:30:42.100,3268.0000,31430,-1,532952220.000,1,0,1,双平,S,3267.8000,3267.0000,3266.8000,3266.6000,3266.4000,3268.4000,3268.6000,3268.8000,3269.0000,3269.2000,1,2,2,1,12,1,2,2,1,1
SF,IH2012,2020-10-29 09:30:42.600,3268.0000,31430,0,532952220.000,0,-,-,-,-,3268.2000,3267.8000,3267.0000,3266.8000,3266.4000,3268.4000,3268.6000,3268.8000,3269.0000,3269.2000,1,1,2,2,12,1,2,2,1,1
SF,IH2012,2020-10-29 09:30:43.100,3268.4000,31429,-1,533932740.000,1,0,1,双平,S,3268.2000,3267.8000,3267.0000,3266.8000,3266.4000,3268.6000,3268.8000,3269.0000,3269.2000,3269.4000,1,1,2,1,12,2,2,1,1,2
SF,IH2012,2020-10-29 09:30:43.600,3268.2000,31427,-2,535893660.000,2,0,2,双平,S,3267.8000,3267.0000,3266.8000,3266.4000,3266.0000,3268.6000,3268.8000,3269.0000,3269.2000,3269.4000,1,2,1,12,3,2,2,1,1,2
SF,IH2012,2020-10-29 09:30:44.100,3270.0000,31431,4,550606140.000,15,9,6,空开,S,3270.4000,3267.8000,3267.0000,3266.8000,3266.4000,3270.8000,3271.4000,3273.6000,3274.0000,3274.2000,3,1,2,1,12,2,1,1,1,1
SF,IH2012,2020-10-29 09:30:44.600,3270.4000,31430,-1,553549500.000,3,1,2,多平,S,3267.8000,3267.0000,3266.4000,3266.0000,3265.6000,3269.0000,3269.8000,3270.2000,3270.4000,3270.6000,1,2,12,3,1,1,1,9,9,6
SF,IH2012,2020-10-29 09:30:45.100,3270.4000,31429,-1,560415360.000,7,3,4,多平,S,3270.4000,3269.0000,3267.0000,3266.4000,3266.0000,3270.6000,3270.8000,3271.4000,3273.6000,3274.0000,2,1,1,12,3,6,2,1,1,1
SF,IH2012,2020-10-29 09:30:45.600,3270.4000,31429,0,562377600.000,2,1,1,多换,S,3269.0000,3267.0000,3266.4000,3266.0000,3265.6000,3269.2000,3270.2000,3270.4000,3270.6000,3270.8000,1,2,12,3,1,1,4,9,6,2
SF,IH2012,2020-10-29 09:30:46.100,3269.2000,31429,0,565319820.000,3,1,2,多换,S,3267.0000,3266.4000,3266.0000,3265.6000,3265.0000,3268.2000,3269.2000,3270.2000,3270.4000,3270.6000,2,2,3,1,6,1,1,6,3,5
SF,IH2012,2020-10-29 09:30:46.600,3267.4000,31425,-4,570221460.000,5,0,5,多平,S,3267.2000,3267.0000,3266.4000,3266.0000,3265.6000,3270.2000,3270.4000,3270.6000,3271.4000,3273.6000,3,2,2,3,1,5,4,5,2,1
SF,IH2012,2020-10-29 09:30:47.100,3267.4000,31425,0,573162840.000,3,1,2,多换,S,3268.2000,3267.4000,3267.2000,3267.0000,3266.4000,3269.6000,3269.8000,3270.0000,3270.2000,3270.4000,1,3,3,3,2,1,2,6,7,2
SF,IH2012,2020-10-29 09:30:47.600,3268.2000,31424,-1,575123760.000,2,0,2,多平,S,3268.0000,3267.4000,3267.2000,3267.0000,3266.8000,3268.2000,3269.4000,3269.6000,3269.8000,3270.0000,1,2,1,2,1,1,2,2,2,4
SF,IH2012,2020-10-29 09:30:48.100,3268.0000,31421,-3,582967080.000,8,2,6,多平,S,3267.2000,3267.0000,3266.8000,3266.4000,3266.0000,3267.8000,3269.4000,3269.6000,3269.8000,3270.0000,1,2,1,2,2,3,2,2,1,3
SF,IH2012,2020-10-29 09:30:48.600,3269.6000,31411,-10,592773360.000,10,0,10,双平,S,3267.0000,3266.8000,3266.4000,3266.0000,3265.6000,3269.8000,3270.0000,3270.2000,3270.4000,3270.6000,2,1,2,2,1,3,3,5,3,3
SF,IH2012,2020-10-29 09:30:49.100,3269.6000,31411,0,592773360.000,0,-,-,-,-,3268.2000,3267.2000,3267.0000,3266.8000,3266.4000,3269.0000,3269.2000,3269.4000,3269.6000,3269.8000,1,4,2,1,2,1,1,1,5,4
SF,IH2012,2020-10-29 09:30:49.600,3268.2000,31410,-1,594734280.000,2,0,2,多平,S,3267.2000,3267.0000,3266.8000,3266.4000,3266.0000,3268.2000,3268.6000,3268.8000,3269.0000,3269.2000,3,4,1,2,2,1,2,2,1,1
SF,IH2012,2020-10-29 09:30:50.100,3268.2000,31411,1,595714740.000,1,1,0,双开,S,3267.4000,3267.2000,3267.0000,3266.8000,3266.4000,3268.6000,3268.8000,3269.2000,3269.4000,3269.6000,2,1,4,1,2,1,2,2,4,3
SF,IH2012,2020-10-29 09:30:50.600,3268.2000,31411,0,595714740.000,0,-,-,-,-,3267.6000,3267.4000,3267.0000,3266.8000,3266.4000,3268.6000,3268.8000,3269.2000,3269.4000,3269.6000,2,1,4,1,2,1,2,1,5,3
SF,IH2012,2020-10-29 09:30:51.100,3268.2000,31411,0,595714740.000,0,-,-,-,-,3267.6000,3267.4000,3267.0000,3266.8000,3266.4000,3268.6000,3268.8000,3269.2000,3269.4000,3269.6000,2,1,4,1,2,2,2,1,5,2
SF,IH2012,2020-10-29 09:30:51.600,3268.2000,31411,0,595714740.000,0,-,-,-,-,3267.6000,3267.0000,3266.8000,3266.6000,3266.4000,3268.6000,3268.8000,3269.4000,3269.6000,3269.8000,2,4,1,1,2,2,2,5,2,3
SF,IH2012,2020-10-29 09:30:52.100,3268.6000,31411,0,597675900.000,2,1,1,多换,S,3267.8000,3267.6000,3267.0000,3266.8000,3266.6000,3268.8000,3269.4000,3269.6000,3269.8000,3270.0000,1,1,4,1,1,2,5,2,3,1
SF,IH2012,2020-10-29 09:30:52.600,3267.8000,31410,-1,598656240.000,1,0,1,双平,S,3267.6000,3267.0000,3266.8000,3266.6000,3266.4000,3268.8000,3269.4000,3269.6000,3269.8000,3270.0000,1,4,1,1,2,2,3,1,2,1
SF,IH2012,2020-10-29 09:30:53.100,3267.6000,31409,-1,599636520.000,1,0,1,双平,S,3267.0000,3266.8000,3266.6000,3266.4000,3266.0000,3268.6000,3268.8000,3269.4000,3269.6000,3269.8000,5,1,1,2,2,2,3,2,1,2
SF,IH2012,2020-10-29 09:30:53.600,3268.4000,31409,0,601597560.000,2,1,1,多换,S,3267.2000,3267.0000,3266.8000,3266.6000,3266.4000,3268.6000,3268.8000,3269.4000,3269.6000,3269.8000,3,5,1,1,2,2,1,2,1,2
SF,IH2012,2020-10-29 09:30:54.100,3268.6000,31410,1,603558720.000,2,1,1,空开,S,3267.4000,3267.2000,3267.0000,3266.8000,3266.6000,3268.8000,3269.4000,3269.6000,3269.8000,3270.0000,1,3,5,1,1,1,2,1,2,6
SF,IH2012,2020-10-29 09:30:54.600,3268.6000,31410,0,604539300.000,1,0,1,多换,S,3267.6000,3267.4000,3267.2000,3267.0000,3266.8000,3268.8000,3269.4000,3269.6000,3269.8000,3270.0000,2,1,2,5,1,1,2,1,2,6
SF,IH2012,2020-10-29 09:30:55.100,3268.6000,31409,-1,605519880.000,1,0,1,双平,S,3267.6000,3267.4000,3267.2000,3267.0000,3266.8000,3268.8000,3269.4000,3269.6000,3269.8000,3270.0000,2,1,2,5,1,1,1,1,2,6
SF,IH2012,2020-10-29 09:30:55.600,3267.6000,31406,-3,608460780.000,3,0,3,双平,S,3267.2000,3267.0000,3266.8000,3266.6000,3266.4000,3267.4000,3268.6000,3268.8000,3269.4000,3269.6000,2,5,1,1,2,1,1,1,1,1
SF,IH2012,2020-10-29 09:30:56.100,3268.8000,31405,-1,613363020.000,5,2,3,多平,S,3268.8000,3267.4000,3267.2000,3267.0000,3266.8000,3269.4000,3269.6000,3269.8000,3270.0000,3270.2000,7,3,2,5,1,1,1,2,8,4
SF,IH2012,2020-10-29 09:30:56.600,3268.8000,31405,0,620227500.000,7,3,4,多换,S,3267.4000,3267.2000,3267.0000,3266.8000,3266.6000,3268.8000,3269.0000,3269.2000,3269.4000,3269.6000,2,2,5,1,1,2,1,3,3,1
SF,IH2012,2020-10-29 09:30:57.100,3269.0000,31405,0,622188840.000,2,1,1,多换,S,3267.6000,3267.4000,3267.2000,3267.0000,3266.8000,3269.2000,3269.4000,3270.0000,3270.2000,3270.4000,2,2,2,6,1,3,3,6,6,2
SF,IH2012,2020-10-29 09:30:57.600,3267.8000,31405,0,623169180.000,1,0,1,多换,S,3267.8000,3267.6000,3267.4000,3267.2000,3267.0000,3269.2000,3269.4000,3270.0000,3270.2000,3270.4000,1,1,2,2,6,2,1,6,6,2
SF,IH2012,2020-10-29 09:30:58.100,3269.2000,31403,-2,625130700.000,2,0,2,双平,S,3268.0000,3267.8000,3267.4000,3267.2000,3267.0000,3270.0000,3270.2000,3270.4000,3270.6000,3271.0000,2,1,1,2,6,3,4,2,1,1
SF,IH2012,2020-10-29 09:30:58.600,3269.2000,31403,0,625130700.000,0,-,-,-,-,3268.2000,3268.0000,3267.8000,3267.4000,3267.2000,3269.2000,3269.8000,3270.0000,3270.2000,3270.4000,5,2,1,1,2,1,1,2,3,2
SF,IH2012,2020-10-29 09:30:59.100,3268.4000,31402,-1,630034020.000,5,2,3,多平,S,3268.4000,3268.2000,3268.0000,3267.8000,3267.4000,3269.8000,3270.0000,3270.2000,3270.6000,3271.4000,1,2,5,1,1,1,1,3,1,2
SF,IH2012,2020-10-29 09:30:59.600,3268.4000,31402,0,630034020.000,0,-,-,-,-,3268.6000,3268.4000,3268.2000,3268.0000,3267.8000,3269.6000,3269.8000,3270.0000,3270.2000,3271.2000,2,1,2,5,1,1,1,1,1,2
SF,IH2012,2020-10-29 09:31:00.100,3269.6000,31400,-2,631995780.000,2,0,2,双平,S,3269.6000,3268.8000,3268.6000,3268.2000,3268.0000,3269.8000,3270.0000,3270.8000,3271.4000,3272.6000,1,1,2,2,5,1,1,1,2,5
SF,IH2012,2020-10-29 09:31:00.600,3269.6000,31398,-2,636900780.000,5,1,4,多平,S,3268.8000,3268.6000,3268.2000,3268.0000,3267.8000,3269.4000,3271.4000,3272.6000,3273.6000,3274.0000,1,2,2,5,1,2,2,5,1,1
SF,IH2012,2020-10-29 09:31:01.100,3269.4000,31393,-5,641804880.000,5,0,5,双平,S,3269.0000,3268.8000,3268.6000,3268.2000,3268.0000,3269.4000,3271.4000,3272.6000,3273.6000,3274.0000,2,1,2,2,6,1,2,5,1,1
SF,IH2012,2020-10-29 09:31:01.600,3268.8000,31391,-2,644746920.000,3,0,3,多平,S,3268.6000,3268.2000,3268.0000,3267.4000,3267.2000,3269.0000,3269.4000,3271.4000,3272.6000,3273.6000,2,2,6,1,2,1,1,2,5,1
SF,IH2012,2020-10-29 09:31:02.100,3268.6000,31390,-1,645727500.000,1,0,1,双平,S,3268.8000,3268.2000,3268.0000,3267.4000,3267.2000,3269.4000,3270.4000,3270.6000,3271.4000,3272.6000,1,2,6,1,2,4,1,1,2,5
SF,IH2012,2020-10-29 09:31:02.600,3268.8000,31383,-7,652591980.000,7,0,7,双平,S,3269.0000,3268.2000,3268.0000,3267.4000,3267.2000,3269.4000,3270.4000,3270.6000,3271.4000,3272.6000,8,1,6,1,2,5,1,1,2,5
SF,IH2012,2020-10-29 09:31:03.100,3269.0000,31381,-2,661418280.000,9,3,6,多平,S,3268.0000,3267.4000,3267.2000,3267.0000,3266.8000,3268.8000,3269.0000,3269.4000,3270.4000,3270.6000,6,1,2,7,1,2,1,5,1,1
SF,IH2012,2020-10-29 09:31:03.600,3268.8000,31379,-2,663379560.000,2,0,2,双平,S,3268.2000,3268.0000,3267.4000,3267.2000,3267.0000,3269.4000,3270.4000,3270.6000,3271.4000,3272.6000,4,6,1,2,7,5,1,1,2,5
SF,IH2012,2020-10-29 09:31:04.100,3269.4000,31379,0,664360380.000,1,0,1,多换,S,3268.2000,3268.0000,3267.4000,3267.2000,3267.0000,3269.2000,3269.4000,3270.4000,3270.6000,3271.4000,4,6,1,2,7,1,4,1,1,2
SF,IH2012,2020-10-29 09:31:04.600,3269.2000,31374,-5,669264360.000,5,0,5,双平,S,3268.6000,3268.2000,3268.0000,3267.4000,3267.2000,3269.4000,3270.4000,3270.6000,3271.4000,3272.6000,1,4,6,1,2,2,1,1,2,5
SF,IH2012,2020-10-29 09:31:05.100,3268.8000,31372,-2,671225820.000,2,0,2,双平,S,3268.8000,3268.6000,3268.2000,3268.0000,3267.4000,3270.4000,3270.6000,3271.4000,3272.6000,3273.6000,2,1,4,6,1,1,1,2,5,1
SF,IH2012,2020-10-29 09:31:05.600,3268.8000,31372,0,671225820.000,0,-,-,-,-,3269.0000,3268.8000,3268.6000,3268.2000,3268.0000,3269.6000,3270.2000,3270.4000,3270.6000,3270.8000,1,2,1,4,6,1,2,1,1,1
SF,IH2012,2020-10-29 09:31:06.100,3268.8000,31372,0,671225820.000,0,-,-,-,-,3268.8000,3268.6000,3268.2000,3268.0000,3267.2000,3269.6000,3270.2000,3270.4000,3270.6000,3270.8000,2,1,4,7,2,1,2,1,1,1
SF,IH2012,2020-10-29 09:31:06.600,3269.6000,31371,-1,672206700.000,1,0,1,双平,S,3269.2000,3268.8000,3268.6000,3268.2000,3268.0000,3270.2000,3270.6000,3270.8000,3271.4000,3272.6000,2,2,1,4,5,2,1,1,2,5
SF,IH2012,2020-10-29 09:31:07.100,3270.2000,31371,0,673187760.000,1,0,1,多换,S,3269.4000,3269.2000,3269.0000,3268.8000,3268.6000,3270.2000,3270.8000,3271.4000,3272.6000,3273.6000,1,3,2,2,1,1,1,2,5,1
SF,IH2012,2020-10-29 09:31:07.600,3270.2000,31369,-2,675149880.000,2,0,2,双平,S,3269.4000,3269.2000,3269.0000,3268.8000,3268.6000,3270.8000,3271.4000,3271.8000,3272.6000,3273.6000,2,3,2,2,2,1,2,1,5,1
SF,IH2012,2020-10-29 09:31:08.100,3270.6000,31368,-1,676131060.000,1,0,1,双平,S,3269.6000,3269.4000,3269.2000,3269.0000,3268.8000,3270.6000,3271.0000,3271.4000,3271.8000,3272.2000,3,1,3,2,1,1,1,2,1,1
SF,IH2012,2020-10-29 09:31:08.600,3270.6000,31366,-2,678093420.000,2,0,2,双平,S,3270.8000,3270.2000,3269.8000,3269.6000,3269.4000,3271.0000,3271.4000,3272.2000,3272.6000,3273.6000,1,1,3,3,1,1,1,1,2,1
SF,IH2012,2020-10-29 09:31:09.100,3270.6000,31364,-2,682999500.000,5,1,4,多平,S,3270.6000,3270.2000,3269.8000,3269.6000,3269.4000,3270.8000,3271.4000,3272.2000,3272.6000,3273.6000,2,1,2,3,1,1,1,1,4,1
SF,IH2012,2020-10-29 09:31:09.600,3270.6000,31364,0,682999500.000,0,-,-,-,-,3270.6000,3270.2000,3269.8000,3269.6000,3269.4000,3270.8000,3271.4000,3272.2000,3272.6000,3273.6000,2,1,2,3,1,1,1,1,4,1
SF,IH2012,2020-10-29 09:31:10.100,3270.6000,31364,0,682999500.000,0,-,-,-,-,3270.6000,3270.2000,3269.8000,3269.6000,3269.4000,3270.8000,3271.4000,3272.6000,3273.6000,3274.0000,3,1,2,3,1,1,1,4,1,2
SF,IH2012,2020-10-29 09:31:10.600,3271.0000,31361,-3,685943340.000,3,0,3,双平,S,3270.6000,3270.4000,3270.2000,3269.8000,3269.6000,3271.4000,3272.6000,3273.6000,3274.0000,3274.2000,3,1,1,2,3,1,4,1,2,1
SF,IH2012,2020-10-29 09:31:11.100,3270.8000,31359,-2,687905820.000,2,0,2,双平,S,3270.8000,3270.6000,3270.4000,3270.2000,3269.8000,3271.4000,3272.6000,3273.6000,3274.0000,3274.2000,1,4,1,1,2,1,2,1,2,1
SF,IH2012,2020-10-29 09:31:11.600,3270.8000,31359,0,687905820.000,0,-,-,-,-,3271.0000,3270.8000,3270.6000,3270.4000,3270.2000,3271.4000,3272.6000,3273.6000,3274.0000,3274.2000,1,1,4,1,1,1,2,1,2,1
SF,IH2012,2020-10-29 09:31:12.100,3271.4000,31359,0,688887240.000,1,0,1,多换,S,3271.0000,3270.8000,3270.6000,3270.4000,3269.8000,3273.4000,3273.6000,3274.0000,3274.2000,3274.4000,1,1,4,1,2,2,1,1,1,2
SF,IH2012,2020-10-29 09:31:12.600,3271.6000,31359,0,689868720.000,1,0,1,多换,S,3271.4000,3271.2000,3271.0000,3270.6000,3270.4000,3272.0000,3272.4000,3273.0000,3273.2000,3273.4000,21,3,2,4,1,1,1,2,11,3
SF,IH2012,2020-10-29 09:31:13.100,3271.4000,31360,1,690850140.000,1,1,0,双开,S,3271.4000,3271.2000,3271.0000,3270.6000,3270.4000,3272.0000,3272.4000,3273.0000,3273.2000,3273.4000,21,1,1,4,1,2,1,1,9,3
SF,IH2012,2020-10-29 09:31:13.600,3271.4000,31360,0,690850140.000,0,-,-,-,-,3271.4000,3271.2000,3270.6000,3270.4000,3269.8000,3271.8000,3272.0000,3272.4000,3273.0000,3273.2000,21,1,4,1,1,1,1,1,2,8
SF,IH2012,2020-10-29 09:31:14.100,3271.4000,31352,-8,699682920.000,9,0,9,多平,S,3271.4000,3271.2000,3270.6000,3270.4000,3269.8000,3271.8000,3272.0000,3272.4000,3273.0000,3273.2000,12,1,4,1,1,1,1,1,2,8
SF,IH2012,2020-10-29 09:31:14.600,3271.4000,31345,-7,711459960.000,12,2,10,多平,S,3271.0000,3270.6000,3270.4000,3269.8000,3269.6000,3271.8000,3272.0000,3272.4000,3273.0000,3273.2000,2,4,1,1,1,3,2,1,2,7
SF,IH2012,2020-10-29 09:31:15.100,3271.4000,31346,1,712441380.000,1,1,0,双开,S,3271.0000,3270.6000,3270.4000,3269.8000,3269.2000,3271.6000,3271.8000,3272.0000,3272.4000,3273.0000,2,4,1,1,2,1,2,2,1,2
SF,IH2012,2020-10-29 09:31:15.600,3271.4000,31346,0,712441380.000,0,-,-,-,-,3271.0000,3270.6000,3270.4000,3269.8000,3269.2000,3271.8000,3272.0000,3272.4000,3273.0000,3273.2000,2,4,1,1,2,2,2,1,2,7
SF,IH2012,2020-10-29 09:31:16.100,3271.4000,31346,0,712441380.000,0,-,-,-,-,3271.2000,3271.0000,3270.6000,3270.4000,3269.8000,3271.8000,3272.0000,3272.4000,3273.0000,3273.2000,2,3,4,1,1,1,2,1,2,5
SF,IH2012,2020-10-29 09:31:16.600,3272.0000,31344,-2,714404580.000,2,0,2,双平,S,3271.8000,3271.6000,3271.4000,3271.2000,3271.0000,3273.0000,3273.2000,3273.4000,3273.6000,3274.0000,1,1,3,3,3,1,5,1,1,1
SF,IH2012,2020-10-29 09:31:17.100,3271.8000,31342,-2,717349320.000,3,0,3,多平,S,3271.8000,3271.6000,3271.4000,3271.2000,3271.0000,3272.8000,3273.2000,3273.6000,3274.0000,3274.2000,1,1,2,3,2,3,2,1,3,1
SF,IH2012,2020-10-29 09:31:17.600,3271.8000,31342,0,718330860.000,1,0,1,多换,S,3271.8000,3271.6000,3271.4000,3271.2000,3271.0000,3272.8000,3273.2000,3273.6000,3274.0000,3274.2000,1,1,2,3,2,3,2,1,3,1
SF,IH2012,2020-10-29 09:31:18.100,3272.2000,31339,-3,722258040.000,4,0,4,多平,S,3273.0000,3272.8000,3272.2000,3272.0000,3271.8000,3273.2000,3273.6000,3274.0000,3274.2000,3274.4000,1,1,5,2,2,1,1,3,1,2
SF,IH2012,2020-10-29 09:31:18.600,3272.8000,31337,-2,725203740.000,3,0,3,多平,S,3272.0000,3271.8000,3271.6000,3271.4000,3271.0000,3272.8000,3273.0000,3273.6000,3274.0000,3274.2000,1,4,1,3,2,1,3,1,1,1
SF,IH2012,2020-10-29 09:31:19.100,3272.8000,31336,-1,726185580.000,1,0,1,双平,S,3272.8000,3272.2000,3272.0000,3271.8000,3271.6000,3273.0000,3273.6000,3274.0000,3274.2000,3274.6000,1,1,2,4,1,2,1,1,1,1
SF,IH2012,2020-10-29 09:31:19.600,3273.0000,31335,-1,730113120.000,4,1,3,多平,S,3272.0000,3271.8000,3271.6000,3271.4000,3271.0000,3273.6000,3274.0000,3274.2000,3274.6000,3274.8000,2,4,1,3,2,1,1,1,1,2
SF,IH2012,2020-10-29 09:31:20.100,3273.4000,31334,-1,732076800.000,2,0,2,多平,S,3272.2000,3272.0000,3271.8000,3271.6000,3271.4000,3273.4000,3273.6000,3274.0000,3274.2000,3274.4000,3,4,3,1,3,1,1,1,1,2
SF,IH2012,2020-10-29 09:31:20.600,3273.4000,31334,0,732076800.000,0,-,-,-,-,3272.4000,3272.2000,3272.0000,3271.8000,3271.6000,3273.4000,3273.6000,3274.0000,3274.2000,3274.4000,2,3,3,3,1,1,1,1,1,2
SF,IH2012,2020-10-29 09:31:21.100,3272.6000,31335,1,734040600.000,2,1,1,空开,S,3272.4000,3272.2000,3272.0000,3271.8000,3271.6000,3273.4000,3273.6000,3274.0000,3274.2000,3274.4000,2,1,2,2,1,1,1,1,1,2
SF,IH2012,2020-10-29 09:31:21.600,3272.6000,31334,-1,735022380.000,1,0,1,双平,S,3272.4000,3272.0000,3271.8000,3271.6000,3271.4000,3273.2000,3273.4000,3273.6000,3273.8000,3274.0000,1,2,2,1,3,1,1,1,1,1
SF,IH2012,2020-10-29 09:31:22.100,3272.6000,31334,0,736004160.000,1,0,1,多换,S,3272.0000,3271.8000,3271.6000,3271.4000,3270.8000,3272.4000,3273.2000,3273.4000,3273.6000,3273.8000,2,2,1,3,1,1,1,1,1,1
SF,IH2012,2020-10-29 09:31:22.600,3272.4000,31334,0,736985880.000,1,0,1,多换,S,3272.0000,3271.8000,3271.6000,3271.4000,3270.8000,3273.2000,3273.4000,3273.6000,3273.8000,3274.0000,2,2,1,3,1,1,1,1,1,1
SF,IH2012,2020-10-29 09:31:23.100,3272.4000,31334,0,736985880.000,0,-,-,-,-,3272.0000,3271.8000,3271.6000,3271.4000,3270.8000,3273.0000,3273.2000,3273.6000,3273.8000,3274.0000,2,2,1,3,1,3,1,1,1,1
SF,IH2012,2020-10-29 09:31:23.600,3272.0000,31333,-1,737967480.000,1,0,1,双平,S,3272.0000,3271.8000,3271.6000,3271.4000,3270.8000,3272.8000,3273.0000,3273.6000,3273.8000,3274.0000,1,2,1,3,1,1,3,1,1,1
SF,IH2012,2020-10-29 09:31:24.100,3272.0000,31333,0,739930680.000,2,1,1,多换,S,3271.8000,3271.4000,3270.8000,3270.6000,3270.4000,3272.6000,3272.8000,3273.0000,3273.6000,3273.8000,2,3,1,4,1,1,1,2,1,1
SF,IH2012,2020-10-29 09:31:24.600,3272.0000,31333,0,739930680.000,0,-,-,-,-,3271.8000,3271.4000,3270.8000,3270.6000,3270.4000,3272.0000,3272.4000,3272.6000,3273.0000,3273.6000,2,3,1,4,1,1,1,1,3,1
SF,IH2012,2020-10-29 09:31:25.100,3272.0000,31333,0,740912280.000,1,0,1,多换,S,3272.2000,3271.8000,3271.4000,3270.8000,3270.6000,3272.4000,3272.6000,3273.0000,3273.6000,3273.8000,1,2,4,1,4,1,1,2,1,1
SF,IH2012,2020-10-29 09:31:25.600,3272.0000,31333,0,740912280.000,0,-,-,-,-,3271.8000,3271.4000,3270.8000,3270.6000,3270.4000,3272.0000,3272.2000,3272.4000,3272.6000,3273.0000,2,4,1,4,1,1,1,1,1,2
SF,IH2012,2020-10-29 09:31:26.100,3272.0000,31332,-1,744838560.000,4,1,3,多平,S,3271.4000,3270.8000,3270.6000,3270.4000,3270.0000,3272.0000,3272.4000,3272.6000,3273.0000,3273.6000,4,1,4,1,2,1,1,1,2,1
SF,IH2012,2020-10-29 09:31:26.600,3272.0000,31331,-1,746801760.000,2,0,2,多平,S,3271.6000,3271.4000,3270.8000,3270.6000,3270.4000,3272.0000,3272.4000,3272.6000,3273.0000,3273.6000,1,4,1,4,1,1,1,2,3,1
SF,IH2012,2020-10-29 09:31:27.100,3272.0000,31331,0,746801760.000,0,-,-,-,-,3271.6000,3271.4000,3270.8000,3270.6000,3270.4000,3271.8000,3272.0000,3272.4000,3272.6000,3273.0000,1,2,1,4,1,1,2,1,1,3
SF,IH2012,2020-10-29 09:31:27.600,3271.4000,31329,-2,749746080.000,3,0,3,多平,S,3270.8000,3270.6000,3270.4000,3270.0000,3269.8000,3271.8000,3272.0000,3272.4000,3272.6000,3273.0000,1,4,1,2,1,1,2,1,1,3
SF,IH2012,2020-10-29 09:31:28.100,3271.4000,31329,0,749746080.000,0,-,-,-,-,3271.0000,3270.8000,3270.6000,3270.4000,3270.0000,3271.6000,3271.8000,3272.0000,3272.6000,3273.0000,1,1,4,1,2,1,1,2,1,4
SF,IH2012,2020-10-29 09:31:28.600,3270.8000,31328,-1,751708620.000,2,0,2,多平,S,3270.6000,3270.4000,3270.0000,3269.8000,3269.6000,3271.4000,3271.6000,3271.8000,3272.0000,3272.6000,4,1,2,1,1,1,2,1,2,1
SF,IH2012,2020-10-29 09:31:29.100,3271.2000,31327,-1,752689980.000,1,0,1,双平,S,3270.8000,3270.6000,3270.4000,3270.0000,3269.8000,3271.4000,3271.6000,3271.8000,3272.0000,3272.6000,1,4,1,2,1,1,2,1,2,1
SF,IH2012,2020-10-29 09:31:29.600,3271.4000,31326,-1,753671400.000,1,0,1,双平,S,3270.8000,3270.6000,3270.4000,3270.0000,3269.8000,3271.6000,3271.8000,3272.0000,3272.6000,3272.8000,1,4,1,2,1,2,1,2,1,2
SF,IH2012,2020-10-29 09:31:30.100,3270.8000,31324,-2,755633940.000,2,0,2,双平,S,3271.0000,3270.8000,3270.6000,3270.4000,3270.0000,3271.6000,3271.8000,3272.0000,3272.6000,3272.8000,1,1,4,1,2,2,1,2,1,2
SF,IH2012,2020-10-29 09:31:30.600,3271.0000,31323,-1,756615240.000,1,0,1,双平,S,3271.4000,3270.8000,3270.6000,3270.4000,3270.0000,3271.6000,3271.8000,3272.0000,3272.6000,3272.8000,1,1,4,1,2,2,1,2,1,2
SF,IH2012,2020-10-29 09:31:31.100,3271.4000,31323,0,757596660.000,1,0,1,多换,S,3270.8000,3270.6000,3270.4000,3270.0000,3269.8000,3271.4000,3271.6000,3271.8000,3272.0000,3272.6000,1,4,1,2,1,1,2,1,2,1
SF,IH2012,2020-10-29 09:31:31.600,3271.4000,31323,0,757596660.000,0,-,-,-,-,3271.4000,3270.8000,3270.6000,3270.4000,3270.0000,3271.6000,3271.8000,3272.0000,3272.6000,3272.8000,2,1,4,1,2,2,1,2,1,2
SF,IH2012,2020-10-29 09:31:32.100,3271.4000,31323,0,759559500.000,2,1,1,多换,S,3270.8000,3270.6000,3270.4000,3270.0000,3269.8000,3271.4000,3271.6000,3271.8000,3272.0000,3272.6000,1,4,1,2,1,1,2,1,2,1
SF,IH2012,2020-10-29 09:31:32.600,3271.4000,31323,0,759559500.000,0,-,-,-,-,3270.8000,3270.6000,3270.4000,3270.0000,3269.8000,3271.4000,3271.6000,3271.8000,3272.0000,3272.6000,1,4,1,2,1,1,2,1,1,1
SF,IH2012,2020-10-29 09:31:33.100,3271.4000,31323,0,760540920.000,1,0,1,多换,S,3270.6000,3270.4000,3270.0000,3269.8000,3269.6000,3271.4000,3271.6000,3271.8000,3272.0000,3272.6000,4,1,2,1,1,1,2,1,1,1
SF,IH2012,2020-10-29 09:31:33.600,3271.4000,31323,0,761522340.000,1,0,1,多换,S,3270.8000,3270.6000,3270.4000,3270.0000,3269.8000,3271.6000,3271.8000,3272.0000,3272.6000,3273.0000,2,5,1,2,1,2,1,1,1,5
SF,IH2012,2020-10-29 09:31:34.100,3271.4000,31323,0,761522340.000,0,-,-,-,-,3271.0000,3270.8000,3270.6000,3270.4000,3270.0000,3271.6000,3271.8000,3272.0000,3272.6000,3273.0000,1,2,5,1,3,2,1,1,1,5
SF,IH2012,2020-10-29 09:31:35.100,3271.0000,31323,0,762503640.000,1,0,1,多换,S,3270.6000,3270.4000,3270.0000,3269.8000,3269.6000,3271.6000,3272.0000,3272.6000,3273.0000,3273.6000,5,1,3,1,1,2,1,1,5,1
SF,IH2012,2020-10-29 09:31:35.600,3271.0000,31323,0,762503640.000,0,-,-,-,-,3270.6000,3270.4000,3270.0000,3269.8000,3269.6000,3271.4000,3271.6000,3272.0000,3272.6000,3273.0000,5,1,3,1,1,1,2,1,1,5
SF,IH2012,2020-10-29 09:31:36.600,3270.6000,31323,0,763484820.000,1,0,1,多换,S,3270.6000,3270.4000,3270.0000,3269.8000,3269.6000,3271.4000,3271.6000,3272.0000,3272.6000,3273.0000,4,1,4,1,1,1,2,1,1,5
SF,IH2012,2020-10-29 09:31:37.100,3271.6000,31322,-1,766429200.000,3,1,2,多平,S,3271.4000,3270.8000,3270.6000,3270.4000,3270.0000,3272.0000,3272.6000,3273.0000,3273.6000,3273.8000,1,2,4,1,4,1,1,5,1,1
SF,IH2012,2020-10-29 09:31:37.600,3272.0000,31322,0,767410800.000,1,0,1,多换,S,3271.4000,3270.8000,3270.6000,3270.4000,3270.0000,3272.6000,3273.0000,3273.6000,3273.8000,3274.0000,1,2,4,1,4,1,5,1,1,1
SF,IH2012,2020-10-29 09:31:38.100,3272.0000,31322,0,767410800.000,0,-,-,-,-,3271.6000,3271.4000,3270.8000,3270.6000,3270.4000,3272.6000,3273.0000,3273.6000,3273.8000,3274.0000,2,1,2,4,1,1,5,1,1,1
SF,IH2012,2020-10-29 09:31:38.600,3272.0000,31322,0,767410800.000,0,-,-,-,-,3271.8000,3271.6000,3271.4000,3270.8000,3270.6000,3272.6000,3273.0000,3273.6000,3273.8000,3274.0000,3,2,4,2,3,1,3,1,1,1
SF,IH2012,2020-10-29 09:31:39.100,3273.0000,31320,-2,769374480.000,2,0,2,双平,S,3272.6000,3272.2000,3272.0000,3271.8000,3271.6000,3273.0000,3273.6000,3273.8000,3274.0000,3274.2000,1,1,2,3,1,2,1,1,1,1
SF,IH2012,2020-10-29 09:31:39.600,3273.0000,31318,-2,771338280.000,2,0,2,双平,S,3272.6000,3272.2000,3272.0000,3271.8000,3271.6000,3273.6000,3273.8000,3274.0000,3274.2000,3274.4000,2,1,2,2,1,1,1,1,1,2
SF,IH2012,2020-10-29 09:31:40.100,3273.0000,31317,-1,772320180.000,1,0,1,双平,S,3272.8000,3272.6000,3272.2000,3271.8000,3271.6000,3273.6000,3273.8000,3274.0000,3274.2000,3274.4000,3,2,1,2,1,1,1,1,1,2
SF,IH2012,2020-10-29 09:31:40.600,3273.0000,31317,0,772320180.000,0,-,-,-,-,3273.0000,3272.8000,3272.6000,3272.2000,3271.8000,3273.6000,3273.8000,3274.0000,3274.2000,3274.4000,1,3,1,1,2,1,1,1,1,2
SF,IH2012,2020-10-29 09:31:41.100,3273.6000,31316,-1,774284160.000,2,0,2,多平,S,3273.6000,3272.8000,3272.6000,3272.2000,3271.8000,3273.8000,3274.0000,3274.2000,3274.4000,3274.6000,1,2,1,1,2,1,1,1,2,1
SF,IH2012,2020-10-29 09:31:41.600,3273.6000,31316,0,775266240.000,1,0,1,多换,S,3273.0000,3272.8000,3272.6000,3272.2000,3271.8000,3273.8000,3274.0000,3274.2000,3274.4000,3274.6000,1,2,1,1,2,1,1,1,2,1
SF,IH2012,2020-10-29 09:31:42.100,3272.8000,31316,0,778211820.000,3,1,2,多换,S,3272.2000,3271.8000,3271.6000,3271.4000,3271.2000,3272.6000,3272.8000,3273.0000,3273.8000,3274.0000,1,2,1,4,1,1,1,1,2,1
SF,IH2012,2020-10-29 09:31:42.600,3272.2000,31316,0,780175140.000,2,1,1,多换,S,3271.8000,3271.6000,3271.4000,3271.2000,3270.8000,3272.2000,3272.6000,3272.8000,3273.0000,3273.8000,1,1,4,1,3,1,1,1,1,3
SF,IH2012,2020-10-29 09:31:43.100,3272.0000,31316,0,786064680.000,6,3,3,多换,S,3271.6000,3271.4000,3271.2000,3270.8000,3270.6000,3272.2000,3272.6000,3272.8000,3273.0000,3273.8000,1,4,1,3,5,1,1,1,1,3
SF,IH2012,2020-10-29 09:31:43.600,3271.6000,31315,-1,789009360.000,3,1,2,多平,S,3271.4000,3271.2000,3270.8000,3270.6000,3270.4000,3272.6000,3272.8000,3273.0000,3273.8000,3274.0000,4,1,3,5,1,1,1,1,3,1
SF,IH2012,2020-10-29 09:31:44.100,3272.6000,31315,0,789991140.000,1,0,1,多换,S,3271.6000,3271.4000,3271.2000,3270.8000,3270.6000,3272.8000,3273.0000,3273.6000,3273.8000,3274.0000,3,4,1,3,5,1,1,2,3,1
SF,IH2012,2020-10-29 09:31:44.600,3271.8000,31315,0,790972680.000,1,0,1,多换,S,3271.8000,3271.6000,3271.4000,3271.2000,3270.8000,3272.8000,3273.0000,3273.6000,3273.8000,3274.0000,2,2,4,1,3,1,1,2,3,1
SF,IH2012,2020-10-29 09:31:45.100,3271.8000,31315,0,790972680.000,0,-,-,-,-,3272.8000,3272.0000,3271.8000,3271.6000,3271.4000,3273.0000,3273.8000,3274.0000,3274.2000,3274.6000,1,1,1,2,4,1,3,1,1,2
SF,IH2012,2020-10-29 09:31:45.600,3272.8000,31314,-1,793918200.000,3,1,2,多平,S,3272.0000,3271.8000,3271.6000,3271.4000,3271.2000,3272.8000,3273.6000,3273.8000,3274.0000,3274.2000,1,1,2,4,1,1,1,3,1,1
SF,IH2012,2020-10-29 09:31:46.100,3272.8000,31314,0,793918200.000,0,-,-,-,-,3272.2000,3271.8000,3271.6000,3271.4000,3271.2000,3273.8000,3274.0000,3274.2000,3274.6000,3274.8000,1,1,2,4,1,3,1,1,2,1
SF,IH2012,2020-10-29 09:31:46.600,3272.8000,31314,0,793918200.000,0,-,-,-,-,3272.8000,3272.2000,3271.8000,3271.6000,3271.4000,3273.6000,3273.8000,3274.0000,3274.2000,3274.6000,7,1,1,2,4,4,2,1,1,2
SF,IH2012,2020-10-29 09:31:47.100,3272.8000,31307,-7,800791080.000,7,0,7,双平,S,3272.2000,3271.4000,3271.2000,3270.8000,3270.6000,3272.8000,3273.6000,3273.8000,3274.0000,3274.2000,1,4,1,3,5,2,5,2,1,1
SF,IH2012,2020-10-29 09:31:47.600,3272.8000,31307,0,800791080.000,0,-,-,-,-,3272.2000,3271.4000,3271.2000,3270.8000,3270.6000,3272.8000,3273.6000,3273.8000,3274.0000,3274.2000,1,4,1,3,5,1,5,2,1,1
SF,IH2012,2020-10-29 09:31:48.100,3272.8000,31307,0,801772920.000,1,0,1,多换,S,3272.2000,3271.4000,3271.2000,3270.8000,3270.6000,3273.6000,3273.8000,3274.0000,3274.2000,3274.6000,1,4,1,3,5,5,2,1,1,2
SF,IH2012,2020-10-29 09:31:48.600,3272.8000,31307,0,801772920.000,0,-,-,-,-,3272.4000,3271.4000,3271.2000,3270.8000,3270.6000,3273.6000,3273.8000,3274.0000,3274.2000,3274.6000,1,4,1,3,5,5,2,1,1,2
SF,IH2012,2020-10-29 09:31:49.100,3272.8000,31307,0,801772920.000,0,-,-,-,-,3272.8000,3272.4000,3271.4000,3271.2000,3270.8000,3273.4000,3273.6000,3273.8000,3274.0000,3274.2000,1,1,4,1,3,1,4,1,1,1
SF,IH2012,2020-10-29 09:31:49.600,3273.6000,31304,-3,808647180.000,7,2,5,多平,S,3273.6000,3272.4000,3271.4000,3271.2000,3270.8000,3273.8000,3274.0000,3274.2000,3274.6000,3274.8000,2,1,4,1,3,1,1,1,2,1
SF,IH2012,2020-10-29 09:31:50.100,3273.6000,31302,-2,813557580.000,5,1,4,多平,S,3273.4000,3272.4000,3271.4000,3271.2000,3270.8000,3273.6000,3273.8000,3274.0000,3274.2000,3274.6000,1,2,4,1,3,5,1,1,1,2
SF,IH2012,2020-10-29 09:31:50.600,3273.4000,31302,0,814539600.000,1,0,1,多换,S,3272.4000,3272.0000,3271.4000,3271.2000,3270.8000,3273.2000,3273.4000,3273.6000,3273.8000,3274.0000,2,1,4,1,3,1,4,4,1,1
SF,IH2012,2020-10-29 09:31:51.100,3273.2000,31301,-1,815521560.000,1,0,1,双平,S,3272.4000,3272.0000,3271.4000,3271.2000,3270.8000,3273.4000,3273.6000,3273.8000,3274.0000,3274.2000,2,1,4,1,3,4,3,1,1,1
SF,IH2012,2020-10-29 09:31:51.600,3272.4000,31302,1,816503280.000,1,1,0,双开,S,3272.4000,3272.0000,3271.4000,3271.2000,3270.8000,3272.8000,3273.2000,3273.4000,3273.6000,3273.8000,1,1,4,1,3,1,2,3,3,1
SF,IH2012,2020-10-29 09:31:52.100,3272.4000,31302,0,819448680.000,3,1,2,多换,S,3272.0000,3271.4000,3271.2000,3270.8000,3270.6000,3273.4000,3273.6000,3273.8000,3274.0000,3274.2000,1,4,1,3,5,3,3,1,1,1
SF,IH2012,2020-10-29 09:31:52.600,3272.0000,31300,-2,823375200.000,4,1,3,多平,S,3271.4000,3271.2000,3270.8000,3270.6000,3270.4000,3271.8000,3272.4000,3273.4000,3273.6000,3273.8000,4,1,3,5,1,3,3,2,3,1
SF,IH2012,2020-10-29 09:31:53.100,3272.4000,31300,0,829264980.000,6,3,3,多换,S,3272.8000,3271.8000,3271.6000,3271.4000,3271.2000,3273.4000,3273.6000,3273.8000,3274.0000,3274.2000,1,5,2,4,1,2,3,1,1,1
SF,IH2012,2020-10-29 09:31:53.600,3272.6000,31297,-3,832210320.000,3,0,3,双平,S,3271.8000,3271.6000,3271.4000,3271.2000,3270.8000,3272.6000,3272.8000,3273.4000,3273.6000,3273.8000,3,1,4,1,3,1,1,2,3,1
SF,IH2012,2020-10-29 09:31:54.100,3273.4000,31298,1,836137980.000,4,2,2,空开,S,3272.6000,3272.0000,3271.8000,3271.6000,3271.4000,3273.6000,3273.8000,3274.0000,3274.2000,3274.6000,2,1,3,1,4,3,1,1,1,1
SF,IH2012,2020-10-29 09:31:54.600,3272.8000,31298,0,838101660.000,2,1,1,多换,S,3272.6000,3272.0000,3271.8000,3271.6000,3271.4000,3273.6000,3273.8000,3274.0000,3274.2000,3274.6000,2,1,3,1,4,2,1,1,1,1
SF,IH2012,2020-10-29 09:31:55.100,3272.6000,31296,-2,841047060.000,3,0,3,多平,S,3272.0000,3271.8000,3271.6000,3271.4000,3271.2000,3273.4000,3273.6000,3273.8000,3274.0000,3274.2000,1,3,1,4,2,2,2,1,1,1
SF,IH2012,2020-10-29 09:31:55.600,3271.8000,31293,-3,845955540.000,5,1,4,多平,S,3271.8000,3271.6000,3271.4000,3271.2000,3270.8000,3273.4000,3273.6000,3273.8000,3274.0000,3274.2000,2,1,4,1,3,1,2,1,1,1
SF,IH2012,2020-10-29 09:31:56.100,3271.8000,31293,0,845955540.000,0,-,-,-,-,3272.0000,3271.8000,3271.6000,3271.4000,3271.2000,3273.2000,3273.4000,3273.6000,3273.8000,3274.0000,2,2,1,4,1,3,1,2,1,1
SF,IH2012,2020-10-29 09:31:56.600,3271.8000,31293,0,845955540.000,0,-,-,-,-,3272.0000,3271.8000,3271.6000,3271.4000,3271.2000,3273.2000,3273.4000,3273.6000,3273.8000,3274.0000,1,2,1,4,1,3,1,2,1,1
SF,IH2012,2020-10-29 09:31:57.100,3271.8000,31292,-1,846937080.000,1,0,1,双平,S,3271.8000,3271.6000,3271.4000,3271.2000,3270.8000,3273.2000,3273.4000,3273.6000,3273.8000,3274.0000,2,2,4,1,3,3,1,2,1,1
SF,IH2012,2020-10-29 09:31:57.600,3271.8000,31292,0,846937080.000,0,-,-,-,-,3271.8000,3271.6000,3271.4000,3271.2000,3270.8000,3273.2000,3273.4000,3273.6000,3273.8000,3274.0000,2,2,4,1,3,3,2,2,1,1
SF,IH2012,2020-10-29 09:31:58.100,3271.8000,31292,0,846937080.000,0,-,-,-,-,3272.0000,3271.8000,3271.6000,3271.4000,3271.2000,3273.2000,3273.4000,3273.6000,3273.8000,3274.0000,1,2,2,4,1,3,2,2,1,1
SF,IH2012,2020-10-29 09:31:58.600,3271.8000,31292,0,846937080.000,0,-,-,-,-,3272.0000,3271.8000,3271.6000,3271.4000,3271.2000,3273.2000,3273.4000,3273.6000,3273.8000,3274.0000,1,2,2,4,1,3,2,2,1,1
SF,IH2012,2020-10-29 09:31:59.600,3272.0000,31291,-1,847918680.000,1,0,1,双平,S,3271.8000,3271.6000,3271.4000,3271.2000,3270.8000,3273.2000,3273.4000,3273.6000,3273.8000,3274.0000,2,2,4,1,3,3,2,2,1,1
SF,IH2012,2020-10-29 09:32:00.100,3271.6000,31290,-1,849881700.000,2,0,2,多平,S,3271.6000,3271.4000,3271.2000,3270.8000,3270.6000,3271.8000,3273.0000,3273.2000,3273.4000,3273.6000,1,3,1,3,4,2,4,3,2,2
SF,IH2012,2020-10-29 09:32:00.600,3271.2000,31286,-4,854788800.000,5,0,5,多平,S,3270.8000,3270.6000,3270.4000,3270.0000,3269.6000,3271.8000,3273.0000,3273.2000,3273.4000,3273.6000,1,4,1,8,1,3,4,2,2,2
SF,IH2012,2020-10-29 09:32:01.100,3270.8000,31285,-1,855770040.000,1,0,1,双平,S,3270.6000,3270.4000,3270.0000,3269.6000,3269.0000,3271.6000,3271.8000,3273.0000,3273.2000,3273.4000,4,1,8,2,3,3,3,3,1,2
SF,IH2012,2020-10-29 09:32:01.600,3270.6000,31287,2,857732460.000,2,2,0,双开,S,3270.6000,3270.4000,3270.0000,3269.6000,3269.0000,3271.4000,3271.6000,3271.8000,3273.0000,3273.2000,2,1,8,2,3,1,2,2,3,1
SF,IH2012,2020-10-29 09:32:02.100,3270.6000,31287,0,857732460.000,0,-,-,-,-,3270.6000,3270.4000,3270.0000,3269.6000,3269.0000,3271.2000,3271.4000,3271.8000,3272.8000,3273.0000,2,1,8,2,3,2,1,2,1,3
SF,IH2012,2020-10-29 09:32:02.600,3270.6000,31286,-1,860676180.000,3,1,2,多平,S,3270.4000,3270.0000,3269.6000,3269.0000,3268.6000,3270.6000,3271.2000,3271.4000,3271.8000,3272.6000,1,8,2,3,3,1,1,1,2,1
SF,IH2012,2020-10-29 09:32:03.100,3270.6000,31286,0,861657360.000,1,0,1,多换,S,3270.6000,3270.4000,3270.0000,3269.6000,3269.0000,3271.2000,3271.4000,3271.8000,3272.6000,3272.8000,9,1,8,2,3,1,1,2,1,1
SF,IH2012,2020-10-29 09:32:03.600,3270.4000,31280,-6,873431880.000,12,3,9,多平,S,3270.0000,3269.6000,3269.0000,3268.6000,3268.0000,3271.8000,3272.6000,3272.8000,3273.0000,3273.2000,8,2,3,3,8,2,1,1,1,3
SF,IH2012,2020-10-29 09:32:04.100,3270.2000,31280,0,874412940.000,1,0,1,多换,S,3271.4000,3270.4000,3270.2000,3270.0000,3269.6000,3271.6000,3271.8000,3272.6000,3272.8000,3273.0000,1,1,2,8,2,2,2,1,1,1
SF,IH2012,2020-10-29 09:32:04.600,3270.0000,31279,-1,879318600.000,5,2,3,多平,S,3270.0000,3269.6000,3269.0000,3268.6000,3268.0000,3271.2000,3271.4000,3271.6000,3271.8000,3272.6000,7,2,3,2,8,1,2,2,2,1
SF,IH2012,2020-10-29 09:32:05.100,3270.0000,31279,0,879318600.000,0,-,-,-,-,3270.2000,3270.0000,3269.6000,3269.0000,3268.6000,3271.2000,3271.4000,3271.6000,3271.8000,3272.8000,1,7,2,3,3,2,2,2,1,1
SF,IH2012,2020-10-29 09:32:05.600,3270.0000,31280,1,881280600.000,2,1,1,空开,S,3270.0000,3269.6000,3269.0000,3268.6000,3268.0000,3271.0000,3271.2000,3271.4000,3271.6000,3271.8000,6,2,3,3,8,1,3,2,1,1
SF,IH2012,2020-10-29 09:32:06.100,3271.0000,31281,1,889129200.000,8,4,4,空开,S,3269.6000,3269.0000,3268.6000,3268.0000,3267.8000,3270.8000,3271.0000,3271.2000,3271.4000,3271.8000,2,3,3,8,1,1,1,3,1,1
SF,IH2012,2020-10-29 09:32:06.600,3271.0000,31281,0,890110500.000,1,0,1,多换,S,3269.6000,3269.0000,3268.6000,3268.0000,3267.8000,3270.4000,3270.6000,3270.8000,3271.0000,3271.2000,2,3,3,8,1,2,3,1,2,3
SF,IH2012,2020-10-29 09:32:07.100,3270.4000,31281,0,892072500.000,2,1,1,多换,S,3269.0000,3268.6000,3268.0000,3267.8000,3267.6000,3270.6000,3270.8000,3271.0000,3271.2000,3271.4000,3,3,8,1,1,3,2,2,3,1
SF,IH2012,2020-10-29 09:32:07.600,3270.4000,31282,1,894034740.000,2,1,1,空开,S,3269.2000,3269.0000,3268.6000,3268.0000,3267.8000,3270.0000,3270.4000,3270.6000,3270.8000,3271.0000,2,3,3,8,1,1,2,4,2,2
SF,IH2012,2020-10-29 09:32:08.100,3270.4000,31281,-1,895015860.000,1,0,1,双平,S,3269.4000,3269.2000,3269.0000,3268.6000,3268.0000,3270.0000,3270.4000,3270.6000,3270.8000,3271.0000,1,1,3,3,7,1,1,4,2,2
SF,IH2012,2020-10-29 09:32:08.600,3270.4000,31280,-1,895996980.000,1,0,1,双平,S,3269.4000,3269.2000,3269.0000,3268.6000,3268.0000,3270.2000,3270.4000,3270.6000,3270.8000,3271.0000,1,1,3,3,7,1,1,4,2,2
SF,IH2012,2020-10-29 09:32:09.100,3270.4000,31280,0,895996980.000,0,-,-,-,-,3269.4000,3269.2000,3269.0000,3268.6000,3268.0000,3270.6000,3270.8000,3271.0000,3271.4000,3271.8000,1,1,3,3,7,3,1,2,1,1
SF,IH2012,2020-10-29 09:32:09.600,3270.4000,31280,0,895996980.000,0,-,-,-,-,3270.0000,3269.6000,3269.4000,3269.0000,3268.6000,3270.6000,3270.8000,3271.0000,3271.4000,3271.6000,2,1,1,3,3,3,1,2,1,1
SF,IH2012,2020-10-29 09:32:10.100,3269.6000,31281,1,898939860.000,3,2,1,空开,S,3269.4000,3269.0000,3268.6000,3268.0000,3267.8000,3270.0000,3270.2000,3270.4000,3270.6000,3270.8000,1,3,3,8,1,2,3,3,3,1
SF,IH2012,2020-10-29 09:32:10.600,3270.4000,31280,-1,902864160.000,4,1,3,多平,S,3270.0000,3269.6000,3269.4000,3269.0000,3268.6000,3270.6000,3270.8000,3271.0000,3271.4000,3271.6000,3,1,1,3,3,3,1,2,1,1
SF,IH2012,2020-10-29 09:32:11.100,3270.6000,31280,0,903845340.000,1,0,1,多换,S,3270.2000,3269.4000,3269.0000,3268.6000,3268.0000,3270.6000,3270.8000,3271.0000,3271.4000,3271.6000,1,1,3,3,8,1,1,2,1,1
SF,IH2012,2020-10-29 09:32:11.600,3269.4000,31281,1,906788400.000,3,2,1,空开,S,3269.0000,3268.6000,3268.0000,3267.8000,3267.0000,3270.0000,3270.8000,3271.0000,3271.4000,3271.6000,3,3,8,1,10,1,1,2,1,2
SF,IH2012,2020-10-29 09:32:12.100,3269.4000,31281,0,906788400.000,0,-,-,-,-,3270.0000,3269.2000,3269.0000,3268.6000,3268.0000,3270.2000,3270.8000,3271.0000,3271.4000,3271.6000,1,1,3,2,8,1,1,2,1,2
SF,IH2012,2020-10-29 09:32:12.600,3269.8000,31279,-2,909731100.000,3,0,3,多平,S,3269.0000,3268.6000,3268.0000,3267.8000,3267.0000,3270.0000,3270.2000,3270.8000,3271.0000,3271.4000,3,2,8,1,10,7,1,1,2,1
SF,IH2012,2020-10-29 09:32:13.100,3269.0000,31278,-1,910711800.000,1,0,1,双平,S,3269.0000,3268.6000,3268.0000,3267.8000,3267.6000,3269.2000,3269.8000,3270.0000,3270.8000,3271.0000,2,2,8,1,1,1,1,6,2,4
SF,IH2012,2020-10-29 09:32:13.600,3269.0000,31278,0,913654020.000,3,1,2,多换,S,3269.0000,3268.6000,3268.0000,3267.8000,3267.6000,3269.8000,3270.0000,3270.2000,3270.8000,3271.0000,1,2,8,1,1,1,6,1,2,4
SF,IH2012,2020-10-29 09:32:14.100,3269.0000,31278,0,914634720.000,1,0,1,多换,S,3268.6000,3268.0000,3267.8000,3267.6000,3267.0000,3269.0000,3269.6000,3269.8000,3270.0000,3270.2000,2,8,1,1,10,1,1,2,6,1
SF,IH2012,2020-10-29 09:32:14.600,3269.0000,31278,0,914634720.000,0,-,-,-,-,3268.6000,3268.0000,3267.8000,3267.6000,3267.0000,3269.0000,3269.6000,3269.8000,3270.0000,3270.2000,2,8,1,1,10,1,1,2,6,1
SF,IH2012,2020-10-29 09:32:15.100,3269.0000,31278,0,914634720.000,0,-,-,-,-,3268.6000,3268.0000,3267.8000,3267.6000,3267.0000,3269.0000,3269.6000,3269.8000,3270.0000,3271.0000,2,8,1,1,10,1,3,2,7,4
SF,IH2012,2020-10-29 09:32:15.600,3268.6000,31279,1,915615300.000,1,1,0,双开,S,3268.6000,3268.0000,3267.8000,3267.6000,3267.0000,3268.8000,3269.0000,3269.6000,3269.8000,3270.0000,1,8,1,1,10,1,1,3,2,7
SF,IH2012,2020-10-29 09:32:16.100,3268.6000,31279,0,915615300.000,0,-,-,-,-,3268.0000,3267.8000,3267.6000,3267.0000,3266.8000,3268.6000,3268.8000,3269.0000,3269.6000,3269.8000,9,1,1,10,2,3,1,1,2,2
SF,IH2012,2020-10-29 09:32:16.600,3268.0000,31278,-1,917576100.000,2,0,2,多平,S,3268.0000,3267.8000,3267.6000,3267.0000,3266.8000,3268.6000,3268.8000,3269.0000,3269.2000,3269.6000,7,1,1,10,2,2,1,1,1,2
SF,IH2012,2020-10-29 09:32:17.100,3268.0000,31277,-1,923458500.000,6,2,4,多平,S,3268.0000,3267.8000,3267.6000,3267.0000,3266.8000,3268.6000,3268.8000,3269.0000,3269.2000,3269.6000,1,1,1,10,2,2,1,1,1,2
SF,IH2012,2020-10-29 09:32:17.600,3267.6000,31277,0,926399520.000,3,1,2,多换,S,3267.0000,3266.8000,3266.0000,3265.8000,3265.6000,3268.0000,3268.4000,3268.6000,3268.8000,3269.0000,10,2,4,1,1,4,2,2,1,1
SF,IH2012,2020-10-29 09:32:18.100,3267.6000,31277,0,926399520.000,0,-,-,-,-,3267.0000,3266.8000,3266.0000,3265.8000,3265.6000,3268.0000,3268.2000,3268.4000,3268.6000,3268.8000,10,2,4,1,1,6,1,2,2,1
SF,IH2012,2020-10-29 09:32:18.600,3267.6000,31277,0,926399520.000,0,-,-,-,-,3267.0000,3266.8000,3266.0000,3265.8000,3265.6000,3268.0000,3268.2000,3268.4000,3268.6000,3268.8000,10,2,4,1,1,5,1,2,2,1
SF,IH2012,2020-10-29 09:32:19.100,3267.6000,31277,0,926399520.000,0,-,-,-,-,3267.0000,3266.8000,3266.0000,3265.8000,3265.6000,3268.0000,3268.2000,3268.4000,3268.8000,3269.0000,10,2,4,1,1,5,1,2,1,1
SF,IH2012,2020-10-29 09:32:19.600,3267.0000,31275,-2,928359720.000,2,0,2,双平,S,3267.0000,3266.8000,3266.0000,3265.8000,3265.6000,3268.0000,3268.2000,3268.4000,3268.8000,3269.0000,8,2,4,1,1,2,1,2,1,1
SF,IH2012,2020-10-29 09:32:20.100,3267.0000,31268,-7,936200520.000,8,0,8,多平,S,3266.8000,3266.0000,3265.8000,3265.6000,3265.2000,3267.0000,3267.8000,3268.0000,3268.2000,3268.4000,2,4,1,1,5,4,2,3,1,1
SF,IH2012,2020-10-29 09:32:20.600,3267.0000,31265,-3,942080940.000,6,1,5,多平,S,3266.0000,3265.8000,3265.6000,3265.2000,3265.0000,3267.0000,3267.8000,3268.0000,3268.2000,3268.4000,4,1,1,5,3,1,2,2,1,1
SF,IH2012,2020-10-29 09:32:21.100,3267.0000,31264,-1,944041140.000,2,0,2,多平,S,3266.2000,3266.0000,3265.8000,3265.6000,3265.2000,3267.8000,3268.0000,3268.2000,3268.4000,3268.8000,1,4,1,1,5,2,2,1,1,1
SF,IH2012,2020-10-29 09:32:21.600,3267.0000,31264,0,944041140.000,0,-,-,-,-,3266.2000,3266.0000,3265.8000,3265.6000,3265.2000,3266.8000,3267.6000,3267.8000,3268.0000,3268.4000,2,4,1,1,5,1,1,2,2,1
SF,IH2012,2020-10-29 09:32:22.100,3267.0000,31263,-1,946981440.000,3,1,2,多平,S,3266.8000,3266.6000,3266.2000,3266.0000,3265.8000,3267.8000,3268.0000,3268.4000,3268.8000,3269.0000,4,1,2,4,1,1,2,1,1,1
SF,IH2012,2020-10-29 09:32:22.600,3268.0000,31260,-3,949922580.000,3,0,3,双平,S,3267.0000,3266.8000,3266.6000,3266.2000,3266.0000,3268.4000,3268.8000,3269.0000,3269.4000,3269.6000,1,4,1,2,4,1,1,1,1,1
SF,IH2012,2020-10-29 09:32:23.100,3268.4000,31259,-1,953843940.000,4,1,3,多平,S,3267.2000,3267.0000,3266.8000,3266.6000,3266.2000,3268.4000,3268.8000,3269.0000,3269.4000,3269.6000,1,1,4,1,1,1,1,1,1,1
SF,IH2012,2020-10-29 09:32:23.600,3267.4000,31259,0,955804680.000,2,1,1,多换,S,3267.4000,3267.2000,3267.0000,3266.8000,3266.6000,3268.8000,3269.0000,3269.4000,3269.6000,3270.0000,2,1,1,4,1,1,1,1,1,2
SF,IH2012,2020-10-29 09:32:24.100,3267.4000,31259,0,955804680.000,0,-,-,-,-,3267.6000,3267.4000,3267.2000,3267.0000,3266.8000,3268.6000,3268.8000,3269.4000,3269.6000,3270.0000,1,1,1,1,3,4,2,1,1,2
SF,IH2012,2020-10-29 09:32:24.600,3267.2000,31258,-1,958745340.000,3,1,2,多平,S,3267.0000,3266.8000,3266.6000,3266.0000,3265.8000,3268.2000,3268.4000,3268.6000,3268.8000,3269.6000,1,3,1,4,1,1,2,6,1,1
SF,IH2012,2020-10-29 09:32:25.100,3267.2000,31258,0,958745340.000,0,-,-,-,-,3266.8000,3266.6000,3266.0000,3265.8000,3265.6000,3267.6000,3268.0000,3268.2000,3268.4000,3268.6000,3,1,4,1,1,1,3,2,2,5
SF,IH2012,2020-10-29 09:32:25.600,3267.6000,31257,-1,959725620.000,1,0,1,双平,S,3267.6000,3267.0000,3266.6000,3266.0000,3265.8000,3268.0000,3268.2000,3268.4000,3268.6000,3269.6000,3,1,1,4,1,3,1,2,5,1
SF,IH2012,2020-10-29 09:32:26.100,3268.0000,31256,-1,960706020.000,1,0,1,双平,S,3266.6000,3266.0000,3265.8000,3265.6000,3265.2000,3268.0000,3268.2000,3268.4000,3268.6000,3269.6000,1,4,1,1,4,1,1,2,4,1
SF,IH2012,2020-10-29 09:32:26.600,3268.0000,31256,0,961686420.000,1,0,1,多换,S,3267.0000,3266.8000,3266.6000,3266.0000,3265.8000,3268.2000,3268.4000,3268.6000,3269.6000,3270.0000,2,2,1,4,1,1,1,4,1,1
SF,IH2012,2020-10-29 09:32:27.100,3268.2000,31255,-1,962666880.000,1,0,1,双平,S,3267.2000,3267.0000,3266.8000,3266.6000,3266.0000,3268.0000,3268.6000,3269.6000,3270.0000,3271.0000,1,2,1,1,4,1,4,1,1,3
SF,IH2012,2020-10-29 09:32:27.600,3268.0000,31255,0,963647280.000,1,0,1,多换,S,3267.2000,3267.0000,3266.8000,3266.6000,3266.0000,3268.6000,3269.6000,3270.0000,3271.0000,3271.2000,1,2,1,1,4,2,1,1,3,4
SF,IH2012,2020-10-29 09:32:28.100,3268.0000,31255,0,963647280.000,0,-,-,-,-,3267.4000,3267.2000,3267.0000,3266.8000,3266.6000,3268.6000,3269.6000,3270.0000,3271.0000,3271.2000,1,1,2,1,1,2,1,1,3,4
SF,IH2012,2020-10-29 09:32:28.600,3268.6000,31255,0,965608440.000,2,1,1,多换,S,3268.0000,3267.6000,3267.4000,3267.0000,3266.8000,3270.0000,3271.0000,3271.2000,3271.8000,3272.4000,1,3,1,2,1,1,3,4,1,1
SF,IH2012,2020-10-29 09:32:29.100,3268.6000,31255,0,965608440.000,0,-,-,-,-,3268.2000,3268.0000,3267.6000,3267.4000,3267.0000,3269.8000,3270.0000,3271.0000,3271.2000,3271.8000,4,2,2,1,2,3,1,3,4,1
SF,IH2012,2020-10-29 09:32:29.600,3268.6000,31255,0,965608440.000,0,-,-,-,-,3268.6000,3268.2000,3268.0000,3267.6000,3267.4000,3269.8000,3270.0000,3271.0000,3271.2000,3271.8000,1,4,2,2,1,2,1,3,4,1
SF,IH2012,2020-10-29 09:32:30.100,3268.6000,31255,0,965608440.000,0,-,-,-,-,3268.2000,3268.0000,3267.6000,3267.4000,3267.0000,3269.8000,3270.0000,3271.0000,3271.2000,3271.8000,3,2,2,2,1,2,1,3,4,1
SF,IH2012,2020-10-29 09:32:30.600,3268.6000,31255,0,965608440.000,0,-,-,-,-,3268.2000,3268.0000,3267.6000,3267.4000,3267.0000,3269.6000,3269.8000,3270.0000,3271.0000,3271.2000,3,2,2,2,1,1,1,1,3,4
SF,IH2012,2020-10-29 09:32:31.100,3269.6000,31251,-4,970512720.000,5,0,5,多平,S,3268.2000,3268.0000,3267.6000,3267.4000,3267.0000,3269.8000,3270.0000,3271.0000,3271.2000,3271.8000,2,2,2,2,2,1,1,3,4,1
SF,IH2012,2020-10-29 09:32:31.600,3268.2000,31250,-1,973454160.000,3,1,2,多平,S,3268.0000,3267.6000,3267.4000,3267.0000,3266.6000,3269.4000,3269.6000,3269.8000,3270.0000,3271.0000,2,2,1,2,1,2,3,2,1,3
SF,IH2012,2020-10-29 09:32:32.100,3268.0000,31250,0,974434560.000,1,0,1,多换,S,3268.0000,3267.6000,3267.4000,3267.0000,3266.6000,3269.0000,3269.2000,3269.4000,3269.6000,3269.8000,1,2,1,1,1,1,4,2,1,2
SF,IH2012,2020-10-29 09:32:32.600,3268.0000,31250,0,974434560.000,0,-,-,-,-,3268.0000,3267.6000,3267.4000,3267.0000,3266.6000,3268.8000,3269.0000,3269.2000,3269.4000,3269.6000,1,2,1,1,1,2,1,4,1,1
SF,IH2012,2020-10-29 09:32:33.100,3268.0000,31250,0,974434560.000,0,-,-,-,-,3268.0000,3267.6000,3267.4000,3267.0000,3266.6000,3268.8000,3269.0000,3269.2000,3269.6000,3269.8000,1,2,1,1,1,2,1,3,1,1
SF,IH2012,2020-10-29 09:32:33.600,3268.0000,31250,0,974434560.000,0,-,-,-,-,3268.0000,3267.6000,3267.4000,3267.0000,3266.6000,3268.8000,3269.0000,3269.2000,3269.6000,3269.8000,2,2,1,1,1,1,1,3,1,1
SF,IH2012,2020-10-29 09:32:34.100,3268.8000,31250,0,975415200.000,1,0,1,多换,S,3268.2000,3268.0000,3267.6000,3267.4000,3267.0000,3269.2000,3269.6000,3270.0000,3270.6000,3271.0000,1,2,2,1,1,2,1,1,3,3
SF,IH2012,2020-10-29 09:32:34.600,3269.2000,31249,-1,976395960.000,1,0,1,双平,S,3268.8000,3268.2000,3268.0000,3267.6000,3267.4000,3270.0000,3270.6000,3271.0000,3271.2000,3271.8000,1,1,2,2,1,1,3,3,1,1
SF,IH2012,2020-10-29 09:32:35.100,3269.2000,31249,0,976395960.000,0,-,-,-,-,3269.0000,3268.8000,3268.0000,3267.6000,3267.4000,3270.0000,3270.6000,3271.0000,3271.2000,3271.8000,1,1,2,2,1,1,3,3,1,1
SF,IH2012,2020-10-29 09:32:35.600,3269.2000,31249,0,976395960.000,0,-,-,-,-,3269.2000,3269.0000,3268.8000,3268.0000,3267.6000,3270.0000,3270.6000,3271.0000,3271.2000,3271.8000,1,1,1,2,2,2,3,3,1,1
SF,IH2012,2020-10-29 09:32:36.100,3269.2000,31249,0,976395960.000,0,-,-,-,-,3269.2000,3269.0000,3268.8000,3268.0000,3267.6000,3269.8000,3270.0000,3270.6000,3271.0000,3271.2000,1,1,1,2,2,1,2,3,3,1
SF,IH2012,2020-10-29 09:32:36.600,3269.2000,31249,0,976395960.000,0,-,-,-,-,3269.2000,3269.0000,3268.8000,3268.0000,3267.6000,3269.8000,3270.0000,3270.6000,3271.0000,3271.2000,1,1,1,2,2,1,1,3,3,1
SF,IH2012,2020-10-29 09:32:37.100,3269.2000,31249,0,976395960.000,0,-,-,-,-,3269.2000,3269.0000,3268.8000,3268.0000,3267.6000,3269.8000,3270.0000,3271.0000,3271.2000,3271.8000,1,1,1,3,2,1,1,3,1,2
SF,IH2012,2020-10-29 09:32:37.600,3270.0000,31247,-2,978357900.000,2,0,2,双平,S,3269.2000,3269.0000,3268.8000,3268.0000,3267.6000,3271.0000,3271.2000,3271.8000,3272.4000,3272.8000,1,1,1,3,2,3,1,2,1,2
SF,IH2012,2020-10-29 09:32:38.100,3269.4000,31246,-1,979338720.000,1,0,1,双平,S,3269.2000,3268.8000,3268.0000,3267.6000,3267.4000,3270.6000,3270.8000,3271.0000,3271.2000,3271.8000,1,1,3,2,1,1,3,3,1,2
SF,IH2012,2020-10-29 09:32:38.600,3269.4000,31246,0,979338720.000,0,-,-,-,-,3269.4000,3269.2000,3268.8000,3268.0000,3267.6000,3270.4000,3270.6000,3270.8000,3271.0000,3271.2000,1,1,1,2,2,3,1,2,3,1
SF,IH2012,2020-10-29 09:32:39.100,3270.4000,31245,-1,981300960.000,2,0,2,多平,S,3269.6000,3269.4000,3268.8000,3268.0000,3267.6000,3270.6000,3270.8000,3271.0000,3271.2000,3271.8000,1,1,1,3,2,1,2,3,1,2
SF,IH2012,2020-10-29 09:32:39.600,3270.4000,31245,0,981300960.000,0,-,-,-,-,3269.8000,3269.6000,3269.2000,3268.8000,3268.0000,3270.6000,3270.8000,3271.0000,3271.2000,3271.8000,1,1,5,1,3,1,1,3,1,2
SF,IH2012,2020-10-29 09:32:40.100,3270.4000,31245,0,981300960.000,0,-,-,-,-,3270.0000,3269.8000,3269.2000,3268.8000,3268.0000,3270.8000,3271.0000,3271.2000,3271.8000,3272.4000,2,1,5,1,3,1,3,1,2,1
SF,IH2012,2020-10-29 09:32:40.600,3269.8000,31244,-1,984243900.000,3,1,2,多平,S,3269.2000,3268.8000,3268.0000,3267.6000,3267.4000,3270.0000,3270.6000,3270.8000,3271.0000,3271.2000,5,1,3,2,1,1,1,1,3,1
SF,IH2012,2020-10-29 09:32:41.600,3269.8000,31244,0,984243900.000,0,-,-,-,-,3269.4000,3269.2000,3268.8000,3268.0000,3267.6000,3270.0000,3270.6000,3270.8000,3271.0000,3271.2000,1,5,1,3,2,1,1,1,3,1
SF,IH2012,2020-10-29 09:32:42.100,3269.8000,31244,0,984243900.000,0,-,-,-,-,3269.6000,3269.2000,3268.8000,3268.0000,3267.6000,3269.8000,3270.0000,3270.6000,3270.8000,3271.0000,1,5,1,3,2,1,1,1,1,3
SF,IH2012,2020-10-29 09:32:42.600,3269.6000,31243,-1,986205720.000,2,0,2,多平,S,3269.2000,3268.8000,3268.0000,3267.6000,3267.4000,3270.0000,3270.6000,3270.8000,3271.0000,3271.2000,5,1,3,2,1,1,1,1,3,1
SF,IH2012,2020-10-29 09:32:43.100,3269.6000,31243,0,986205720.000,0,-,-,-,-,3269.2000,3268.8000,3268.0000,3267.6000,3267.4000,3269.8000,3270.0000,3270.6000,3270.8000,3271.0000,5,1,3,2,1,1,1,1,1,3
SF,IH2012,2020-10-29 09:32:43.600,3269.6000,31243,0,986205720.000,0,-,-,-,-,3269.4000,3269.2000,3268.8000,3268.0000,3267.6000,3270.0000,3270.6000,3270.8000,3271.0000,3271.2000,1,5,1,3,2,1,1,1,2,1
SF,IH2012,2020-10-29 09:32:44.100,3269.6000,31243,0,986205720.000,0,-,-,-,-,3269.6000,3269.2000,3268.8000,3268.0000,3267.6000,3270.0000,3270.6000,3270.8000,3271.0000,3271.2000,1,5,1,3,2,1,1,1,2,1
SF,IH2012,2020-10-29 09:32:44.600,3269.8000,31243,0,987186660.000,1,0,1,多换,S,3269.6000,3269.2000,3268.8000,3268.0000,3267.6000,3270.0000,3270.6000,3270.8000,3271.0000,3271.2000,1,5,1,3,2,1,1,1,2,1
SF,IH2012,2020-10-29 09:32:45.100,3269.6000,31242,-1,988167540.000,1,0,1,双平,S,3269.2000,3268.8000,3268.0000,3267.6000,3267.4000,3270.0000,3270.6000,3270.8000,3271.0000,3271.2000,5,1,3,2,1,1,1,1,2,1
SF,IH2012,2020-10-29 09:32:45.600,3269.6000,31242,0,988167540.000,0,-,-,-,-,3269.2000,3268.8000,3268.0000,3267.6000,3267.4000,3270.0000,3270.6000,3270.8000,3271.0000,3271.2000,5,1,3,2,1,2,1,1,2,1
SF,IH2012,2020-10-29 09:32:46.100,3269.6000,31242,0,988167540.000,0,-,-,-,-,3269.2000,3268.8000,3268.0000,3267.6000,3267.4000,3270.0000,3270.6000,3270.8000,3271.0000,3271.2000,6,1,3,2,1,2,1,1,2,1
SF,IH2012,2020-10-29 09:32:46.600,3270.0000,31242,0,989148540.000,1,0,1,多换,S,3269.2000,3268.8000,3268.0000,3267.6000,3267.4000,3270.0000,3270.6000,3270.8000,3271.0000,3271.2000,6,1,3,2,1,1,1,1,2,1
SF,IH2012,2020-10-29 09:32:47.100,3270.0000,31242,0,990129540.000,1,0,1,多换,S,3269.2000,3268.8000,3268.0000,3267.6000,3267.4000,3270.6000,3270.8000,3271.0000,3271.2000,3271.8000,6,1,3,2,1,1,1,2,1,2
SF,IH2012,2020-10-29 09:32:47.600,3271.0000,31242,0,994054380.000,4,2,2,多换,S,3270.0000,3269.4000,3269.2000,3268.8000,3268.0000,3271.0000,3271.2000,3271.8000,3272.4000,3272.6000,1,2,6,1,3,2,1,2,1,3
SF,IH2012,2020-10-29 09:32:48.100,3270.2000,31241,-1,996998040.000,3,1,2,多平,S,3270.0000,3269.4000,3269.2000,3268.8000,3268.0000,3271.0000,3271.2000,3271.8000,3272.4000,3272.6000,2,1,6,1,4,1,1,1,1,3
SF,IH2012,2020-10-29 09:32:48.600,3270.2000,31241,0,996998040.000,0,-,-,-,-,3270.0000,3269.4000,3269.2000,3268.8000,3268.0000,3271.0000,3271.2000,3271.8000,3272.4000,3272.6000,2,1,6,1,4,1,1,1,1,3
SF,IH2012,2020-10-29 09:32:49.100,3270.2000,31241,0,996998040.000,0,-,-,-,-,3270.0000,3269.4000,3269.2000,3268.8000,3268.0000,3271.0000,3271.2000,3271.8000,3272.4000,3272.6000,2,1,7,1,4,1,1,1,1,3
SF,IH2012,2020-10-29 09:32:49.600,3270.2000,31241,0,996998040.000,0,-,-,-,-,3270.0000,3269.4000,3269.2000,3268.8000,3268.0000,3271.0000,3271.2000,3271.8000,3272.4000,3272.6000,2,1,6,1,4,1,1,1,1,3
SF,IH2012,2020-10-29 09:32:50.100,3270.8000,31240,-1,997979280.000,1,0,1,双平,S,3270.0000,3269.4000,3269.2000,3268.8000,3268.0000,3270.8000,3271.0000,3271.2000,3271.8000,3272.4000,1,1,6,1,4,1,1,1,1,1
SF,IH2012,2020-10-29 09:32:50.600,3270.8000,31240,0,997979280.000,0,-,-,-,-,3270.0000,3269.4000,3269.2000,3268.8000,3268.0000,3270.8000,3271.0000,3271.2000,3271.8000,3272.4000,1,1,6,1,4,1,1,1,1,1
SF,IH2012,2020-10-29 09:32:51.100,3270.8000,31240,0,997979280.000,0,-,-,-,-,3270.0000,3269.4000,3269.2000,3268.8000,3268.0000,3271.0000,3271.2000,3271.8000,3272.4000,3272.8000,1,1,6,1,4,1,1,1,1,1
SF,IH2012,2020-10-29 09:32:51.600,3270.8000,31240,0,997979280.000,0,-,-,-,-,3270.2000,3270.0000,3269.4000,3269.2000,3268.8000,3270.6000,3271.0000,3271.2000,3271.8000,3272.4000,2,1,1,6,1,1,1,1,1,1
SF,IH2012,2020-10-29 09:32:52.100,3270.6000,31239,-1,999941640.000,2,0,2,多平,S,3270.6000,3270.4000,3270.2000,3270.0000,3269.4000,3271.0000,3271.2000,3271.8000,3272.4000,3272.8000,5,5,2,1,1,1,1,1,1,1
SF,IH2012,2020-10-29 09:32:52.600,3271.2000,31238,-1,1001904300.000,2,0,2,多平,S,3270.6000,3270.4000,3270.2000,3270.0000,3269.4000,3271.8000,3272.4000,3272.8000,3273.0000,3273.4000,5,5,2,1,1,1,1,1,1,2
SF,IH2012,2020-10-29 09:32:53.100,3270.8000,31238,0,1002885540.000,1,0,1,多换,S,3270.8000,3270.6000,3270.4000,3270.2000,3270.0000,3271.8000,3272.4000,3272.8000,3273.0000,3273.4000,1,3,5,1,1,1,1,1,1,2
SF,IH2012,2020-10-29 09:32:53.600,3270.8000,31238,0,1002885540.000,0,-,-,-,-,3271.0000,3270.8000,3270.4000,3270.2000,3270.0000,3271.8000,3272.4000,3272.8000,3273.0000,3273.4000,7,1,5,1,1,1,1,1,1,2
SF,IH2012,2020-10-29 09:32:54.100,3271.8000,31238,0,1003867080.000,1,0,1,多换,S,3271.0000,3270.8000,3270.4000,3270.2000,3270.0000,3272.4000,3272.8000,3273.0000,3273.4000,3273.6000,7,1,5,1,1,1,1,1,2,1
SF,IH2012,2020-10-29 09:32:54.600,3271.8000,31238,0,1003867080.000,0,-,-,-,-,3271.2000,3271.0000,3270.4000,3270.0000,3269.4000,3271.6000,3272.2000,3272.4000,3272.8000,3273.0000,1,7,5,2,1,1,1,3,1,1
SF,IH2012,2020-10-29 09:32:55.100,3271.6000,31237,-1,1004848560.000,1,0,1,双平,S,3271.2000,3271.0000,3270.4000,3270.0000,3269.4000,3272.2000,3272.4000,3272.8000,3273.0000,3273.4000,1,7,5,3,1,1,3,1,1,2
SF,IH2012,2020-10-29 09:32:55.600,3271.6000,31237,0,1004848560.000,0,-,-,-,-,3271.2000,3271.0000,3270.4000,3270.0000,3269.4000,3272.0000,3272.2000,3272.4000,3272.8000,3273.0000,1,7,5,3,1,1,1,3,1,1
SF,IH2012,2020-10-29 09:32:56.100,3271.6000,31237,0,1004848560.000,0,-,-,-,-,3271.2000,3271.0000,3270.4000,3270.0000,3269.4000,3272.0000,3272.2000,3272.4000,3272.8000,3273.0000,1,7,5,3,1,1,1,1,1,1
SF,IH2012,2020-10-29 09:32:57.600,3272.0000,31237,0,1005830160.000,1,0,1,多换,S,3271.2000,3271.0000,3270.4000,3270.0000,3269.4000,3272.2000,3272.4000,3272.8000,3273.0000,3273.4000,1,7,5,3,1,1,1,1,1,2
SF,IH2012,2020-10-29 09:32:58.100,3272.0000,31237,0,1005830160.000,0,-,-,-,-,3271.4000,3271.2000,3271.0000,3270.4000,3270.0000,3272.0000,3272.4000,3272.8000,3273.0000,3273.4000,2,1,7,5,3,1,1,1,1,2
SF,IH2012,2020-10-29 09:32:58.600,3272.0000,31238,1,1006811760.000,1,1,0,双开,S,3271.4000,3271.2000,3270.4000,3270.0000,3269.2000,3272.4000,3272.8000,3273.0000,3273.4000,3273.6000,2,1,5,4,6,1,1,1,2,1
SF,IH2012,2020-10-29 09:32:59.100,3272.0000,31238,0,1006811760.000,0,-,-,-,-,3271.6000,3271.4000,3270.4000,3270.0000,3269.2000,3272.4000,3272.8000,3273.0000,3273.4000,3273.6000,2,2,5,4,6,1,1,1,2,1
SF,IH2012,2020-10-29 09:32:59.600,3272.0000,31238,0,1007793360.000,1,0,1,多换,S,3271.6000,3271.4000,3270.4000,3270.0000,3269.2000,3272.4000,3272.8000,3273.0000,3273.4000,3273.6000,2,2,5,4,6,1,1,1,2,1
SF,IH2012,2020-10-29 09:33:00.100,3272.0000,31238,0,1007793360.000,0,-,-,-,-,3271.6000,3271.4000,3270.4000,3270.0000,3269.2000,3272.4000,3272.8000,3273.0000,3273.4000,3273.6000,2,2,5,4,6,1,1,1,2,1
SF,IH2012,2020-10-29 09:33:00.600,3271.6000,31237,-1,1009756320.000,2,0,2,多平,S,3270.4000,3270.0000,3269.2000,3268.8000,3268.0000,3272.4000,3272.8000,3273.0000,3273.4000,3273.6000,5,4,6,1,5,1,1,1,2,1
SF,IH2012,2020-10-29 09:33:01.100,3271.6000,31237,0,1009756320.000,0,-,-,-,-,3270.6000,3270.4000,3270.0000,3269.2000,3268.8000,3272.2000,3272.4000,3272.8000,3273.0000,3273.4000,4,6,4,6,1,4,3,1,1,2
SF,IH2012,2020-10-29 09:33:01.600,3270.6000,31235,-2,1011718680.000,2,0,2,双平,S,3270.4000,3270.0000,3269.2000,3268.8000,3268.0000,3271.4000,3271.8000,3272.0000,3272.2000,3272.4000,5,4,6,1,5,2,1,1,4,3
SF,IH2012,2020-10-29 09:33:02.100,3270.4000,31235,0,1015643160.000,4,2,2,多换,S,3270.4000,3270.0000,3269.2000,3268.8000,3268.0000,3271.2000,3271.4000,3271.8000,3272.0000,3272.2000,2,4,6,1,5,2,4,1,1,1
SF,IH2012,2020-10-29 09:33:02.600,3270.0000,31234,-1,1021529400.000,6,2,4,多平,S,3269.2000,3268.8000,3268.0000,3267.4000,3267.0000,3270.4000,3271.0000,3271.2000,3271.4000,3271.8000,6,1,5,1,2,3,2,2,4,1
SF,IH2012,2020-10-29 09:33:03.100,3270.0000,31234,0,1021529400.000,0,-,-,-,-,3269.2000,3268.8000,3268.0000,3267.4000,3267.0000,3270.2000,3270.4000,3270.6000,3271.0000,3271.4000,6,1,5,1,2,2,1,1,2,4
SF,IH2012,2020-10-29 09:33:03.600,3270.0000,31234,0,1022510400.000,1,0,1,多换,S,3269.8000,3269.2000,3268.8000,3268.0000,3267.4000,3270.2000,3270.4000,3270.6000,3271.0000,3271.4000,1,6,1,5,1,2,1,1,1,4
SF,IH2012,2020-10-29 09:33:04.100,3270.4000,31232,-2,1025453520.000,3,0,3,多平,S,3270.4000,3269.2000,3268.8000,3268.0000,3267.4000,3270.6000,3271.0000,3271.4000,3271.8000,3272.2000,6,6,1,5,1,1,1,2,1,1
SF,IH2012,2020-10-29 09:33:04.600,3270.4000,31232,0,1031340240.000,6,3,3,多换,S,3269.2000,3268.8000,3268.0000,3267.4000,3267.0000,3270.4000,3270.6000,3271.0000,3271.4000,3271.8000,6,1,5,1,3,1,1,1,2,1
SF,IH2012,2020-10-29 09:33:05.100,3270.2000,31232,0,1032321300.000,1,0,1,多换,S,3269.4000,3269.2000,3268.8000,3268.0000,3267.4000,3270.6000,3271.0000,3271.4000,3271.8000,3272.2000,1,6,1,5,1,1,1,2,1,1
SF,IH2012,2020-10-29 09:33:05.600,3270.2000,31232,0,1032321300.000,0,-,-,-,-,3269.6000,3269.4000,3269.2000,3269.0000,3268.8000,3270.6000,3270.8000,3271.0000,3271.4000,3271.8000,2,1,6,1,1,1,1,1,2,1
SF,IH2012,2020-10-29 09:33:06.100,3270.8000,31231,-1,1034283720.000,2,0,2,多平,S,3270.6000,3269.8000,3269.6000,3269.2000,3269.0000,3270.8000,3271.0000,3271.4000,3271.8000,3272.2000,3,5,2,6,1,1,1,2,1,1
SF,IH2012,2020-10-29 09:33:06.600,3270.8000,31230,-1,1037227440.000,3,1,2,多平,S,3270.8000,3269.8000,3269.6000,3269.2000,3269.0000,3271.0000,3271.4000,3271.8000,3272.2000,3272.4000,2,6,2,6,1,1,2,1,1,1
SF,IH2012,2020-10-29 09:33:07.100,3270.8000,31227,-3,1040171220.000,3,0,3,双平,S,3271.2000,3269.8000,3269.6000,3269.2000,3269.0000,3271.4000,3271.8000,3272.2000,3272.4000,3272.8000,2,6,2,6,1,2,1,1,1,4
SF,IH2012,2020-10-29 09:33:07.600,3271.2000,31225,-2,1043115300.000,3,0,3,多平,S,3269.8000,3269.6000,3269.2000,3269.0000,3268.8000,3271.4000,3271.8000,3272.4000,3272.8000,3273.0000,6,2,6,1,1,2,1,1,4,1
SF,IH2012,2020-10-29 09:33:08.100,3271.2000,31225,0,1043115300.000,0,-,-,-,-,3270.0000,3269.8000,3269.6000,3269.2000,3269.0000,3271.4000,3271.8000,3272.4000,3272.8000,3273.0000,3,6,1,6,1,2,1,1,4,1
SF,IH2012,2020-10-29 09:33:08.600,3270.2000,31224,-1,1044096360.000,1,0,1,双平,S,3270.0000,3269.8000,3269.2000,3269.0000,3268.8000,3270.8000,3271.2000,3271.4000,3271.8000,3272.4000,3,5,6,1,1,12,1,2,1,1
SF,IH2012,2020-10-29 09:33:09.100,3270.0000,31222,-2,1046058360.000,2,0,2,双平,S,3269.8000,3269.2000,3269.0000,3268.8000,3268.0000,3270.8000,3271.2000,3271.4000,3271.8000,3272.4000,5,6,1,1,5,12,1,2,1,1
SF,IH2012,2020-10-29 09:33:09.600,3269.8000,31219,-3,1049001180.000,3,0,3,双平,S,3269.2000,3269.0000,3268.8000,3268.0000,3267.4000,3270.6000,3270.8000,3271.4000,3271.8000,3272.4000,6,1,1,5,1,2,12,2,1,1
SF,IH2012,2020-10-29 09:33:10.100,3270.0000,31219,0,1049982180.000,1,0,1,多换,S,3269.2000,3269.0000,3268.8000,3268.0000,3267.4000,3270.4000,3270.6000,3270.8000,3271.4000,3271.8000,6,1,1,5,1,1,4,12,2,1
SF,IH2012,2020-10-29 09:33:10.600,3270.2000,31219,0,1054886280.000,5,2,3,多换,S,3269.2000,3269.0000,3268.8000,3268.0000,3267.4000,3270.2000,3270.4000,3270.6000,3270.8000,3271.4000,2,1,1,5,1,3,1,2,12,2
SF,IH2012,2020-10-29 09:33:11.100,3270.2000,31219,0,1054886280.000,0,-,-,-,-,3269.2000,3269.0000,3268.8000,3268.0000,3267.4000,3270.0000,3270.2000,3270.8000,3271.4000,3272.0000,2,1,1,5,1,1,2,12,2,1
SF,IH2012,2020-10-29 09:33:11.600,3270.0000,31218,-1,1055867280.000,1,0,1,双平,S,3269.2000,3269.0000,3268.8000,3268.0000,3267.4000,3270.2000,3270.8000,3271.4000,3272.0000,3272.4000,2,1,1,5,1,2,12,2,1,1
SF,IH2012,2020-10-29 09:33:12.100,3270.0000,31218,0,1055867280.000,0,-,-,-,-,3269.4000,3269.2000,3269.0000,3268.8000,3268.0000,3270.2000,3270.8000,3271.4000,3272.0000,3272.4000,1,2,1,1,5,2,12,2,1,1
SF,IH2012,2020-10-29 09:33:12.600,3270.0000,31218,0,1056848280.000,1,0,1,多换,S,3269.4000,3269.2000,3269.0000,3268.8000,3268.0000,3270.2000,3270.8000,3271.4000,3272.0000,3272.4000,1,2,1,1,5,2,12,2,1,1
SF,IH2012,2020-10-29 09:33:13.100,3270.0000,31218,0,1056848280.000,0,-,-,-,-,3269.4000,3269.2000,3269.0000,3268.8000,3268.0000,3270.2000,3270.8000,3271.4000,3272.0000,3272.4000,1,2,1,1,5,2,12,2,1,1
SF,IH2012,2020-10-29 09:33:13.600,3270.0000,31218,0,1056848280.000,0,-,-,-,-,3269.4000,3269.2000,3269.0000,3268.8000,3268.0000,3270.2000,3270.8000,3271.4000,3272.0000,3272.4000,1,2,1,1,5,2,12,2,1,1
SF,IH2012,2020-10-29 09:33:14.100,3269.4000,31217,-1,1057829100.000,1,0,1,双平,S,3269.2000,3269.0000,3268.8000,3268.0000,3267.4000,3270.0000,3270.2000,3270.8000,3271.4000,3272.0000,2,1,1,5,1,2,2,12,2,1
SF,IH2012,2020-10-29 09:33:14.600,3269.2000,31217,0,1058809860.000,1,0,1,多换,S,3269.2000,3269.0000,3268.8000,3268.0000,3267.4000,3269.8000,3270.0000,3270.8000,3271.4000,3272.0000,1,1,1,5,1,2,2,12,2,1
SF,IH2012,2020-10-29 09:33:15.100,3269.2000,31216,-1,1060771500.000,2,0,2,多平,S,3269.0000,3268.8000,3268.0000,3267.4000,3267.0000,3269.6000,3269.8000,3270.0000,3270.8000,3271.4000,1,1,5,1,3,1,2,1,12,2
SF,IH2012,2020-10-29 09:33:15.600,3269.0000,31215,-1,1061752200.000,1,0,1,双平,S,3269.0000,3268.8000,3268.0000,3267.4000,3267.0000,3269.6000,3269.8000,3270.0000,3270.8000,3271.4000,1,1,5,1,3,1,2,1,12,2
SF,IH2012,2020-10-29 09:33:16.100,3269.0000,31214,-1,1062732900.000,1,0,1,双平,S,3268.8000,3268.0000,3267.4000,3267.0000,3266.6000,3269.2000,3269.6000,3269.8000,3270.0000,3270.8000,1,5,1,3,1,1,1,2,1,12
SF,IH2012,2020-10-29 09:33:16.600,3269.0000,31214,0,1062732900.000,0,-,-,-,-,3268.8000,3268.0000,3267.4000,3267.0000,3266.6000,3269.2000,3269.6000,3269.8000,3270.0000,3270.8000,1,5,1,3,1,1,1,2,1,12
SF,IH2012,2020-10-29 09:33:17.100,3268.8000,31213,-1,1063713540.000,1,0,1,双平,S,3268.0000,3267.4000,3267.0000,3266.6000,3266.0000,3269.2000,3269.6000,3269.8000,3270.0000,3270.8000,5,1,3,1,3,2,1,1,1,12
SF,IH2012,2020-10-29 09:33:17.600,3268.8000,31213,0,1063713540.000,0,-,-,-,-,3268.0000,3267.4000,3267.0000,3266.6000,3266.0000,3269.2000,3269.6000,3269.8000,3270.0000,3270.8000,6,1,3,1,3,2,1,1,1,12
SF,IH2012,2020-10-29 09:33:18.100,3268.8000,31213,0,1063713540.000,0,-,-,-,-,3268.2000,3268.0000,3267.4000,3267.0000,3266.6000,3269.0000,3269.2000,3269.6000,3270.0000,3270.8000,1,6,1,3,1,1,2,1,1,12
SF,IH2012,2020-10-29 09:33:18.600,3268.8000,31213,0,1063713540.000,0,-,-,-,-,3268.4000,3268.2000,3268.0000,3267.4000,3267.0000,3269.0000,3269.2000,3269.6000,3270.0000,3270.8000,1,1,6,1,3,1,2,1,1,12
SF,IH2012,2020-10-29 09:33:19.100,3268.8000,31213,0,1063713540.000,0,-,-,-,-,3268.4000,3268.2000,3268.0000,3267.4000,3267.0000,3269.0000,3269.2000,3269.6000,3270.0000,3270.8000,2,1,5,1,3,1,2,1,1,12
SF,IH2012,2020-10-29 09:33:19.600,3268.8000,31213,0,1063713540.000,0,-,-,-,-,3268.4000,3268.2000,3268.0000,3267.4000,3267.0000,3269.0000,3269.2000,3269.6000,3270.0000,3270.8000,2,1,5,1,3,1,2,1,1,12
SF,IH2012,2020-10-29 09:33:20.600,3268.0000,31210,-3,1071557040.000,8,2,6,多平,S,3267.4000,3267.0000,3266.6000,3266.0000,3265.8000,3268.4000,3269.0000,3269.2000,3269.6000,3270.0000,1,3,1,3,1,1,1,2,1,1
SF,IH2012,2020-10-29 09:33:21.100,3265.8000,31206,-4,1081356420.000,10,3,7,多平,S,3265.2000,3265.0000,3264.8000,3264.6000,3264.0000,3267.4000,3268.4000,3269.0000,3269.2000,3269.4000,5,7,1,1,2,3,2,1,2,1
SF,IH2012,2020-10-29 09:33:21.600,3266.6000,31198,-8,1090177860.000,9,0,9,多平,S,3266.4000,3266.2000,3265.6000,3265.4000,3265.2000,3268.4000,3269.0000,3269.2000,3269.4000,3270.0000,1,1,5,10,6,1,1,2,1,1
SF,IH2012,2020-10-29 09:33:22.100,3266.6000,31198,0,1091157840.000,1,0,1,多换,S,3266.6000,3265.6000,3265.4000,3265.2000,3265.0000,3268.2000,3268.4000,3269.2000,3269.4000,3270.0000,3,5,9,5,7,4,1,1,1,1
SF,IH2012,2020-10-29 09:33:22.600,3268.4000,31196,-2,1095079740.000,4,1,3,多平,S,3267.0000,3266.8000,3266.6000,3266.4000,3265.4000,3269.2000,3269.4000,3271.0000,3271.4000,3272.0000,1,7,2,1,5,1,1,2,2,1
SF,IH2012,2020-10-29 09:33:23.100,3268.4000,31196,0,1095079740.000,0,-,-,-,-,3267.4000,3267.2000,3267.0000,3266.8000,3266.6000,3269.0000,3269.2000,3269.4000,3271.0000,3271.4000,1,4,1,7,2,1,2,1,2,2
SF,IH2012,2020-10-29 09:33:23.600,3268.4000,31196,0,1095079740.000,0,-,-,-,-,3268.2000,3267.8000,3267.6000,3267.4000,3267.2000,3269.0000,3269.2000,3269.4000,3271.0000,3271.4000,1,1,3,1,3,1,2,1,2,2
SF,IH2012,2020-10-29 09:33:24.100,3268.2000,31195,-1,1097040720.000,2,0,2,多平,S,3267.8000,3267.6000,3267.4000,3267.2000,3267.0000,3269.0000,3269.2000,3269.4000,3270.0000,3271.0000,1,1,1,3,1,1,2,1,1,2
SF,IH2012,2020-10-29 09:33:24.600,3268.2000,31195,0,1097040720.000,0,-,-,-,-,3268.0000,3267.6000,3267.4000,3267.2000,3267.0000,3268.8000,3269.0000,3269.2000,3269.4000,3270.0000,1,1,1,3,1,2,2,2,1,1
SF,IH2012,2020-10-29 09:33:25.100,3268.0000,31194,-1,1098021120.000,1,0,1,双平,S,3267.2000,3267.0000,3266.8000,3266.6000,3266.2000,3268.6000,3268.8000,3269.0000,3269.2000,3269.4000,3,1,1,2,1,2,2,1,1,1
SF,IH2012,2020-10-29 09:33:25.600,3268.0000,31194,0,1098021120.000,0,-,-,-,-,3267.4000,3267.2000,3267.0000,3266.8000,3266.6000,3268.4000,3268.6000,3269.2000,3269.4000,3270.0000,2,3,1,1,2,1,2,1,1,1
SF,IH2012,2020-10-29 09:33:26.100,3268.0000,31194,0,1098021120.000,0,-,-,-,-,3267.8000,3267.6000,3267.4000,3267.2000,3267.0000,3269.2000,3269.4000,3270.0000,3271.0000,3271.4000,1,1,2,1,1,1,1,1,2,3
SF,IH2012,2020-10-29 09:33:26.600,3268.0000,31194,0,1098021120.000,0,-,-,-,-,3268.0000,3267.8000,3267.6000,3267.4000,3267.2000,3269.2000,3269.4000,3270.0000,3271.0000,3271.4000,2,1,1,1,1,1,1,1,2,3
SF,IH2012,2020-10-29 09:33:27.100,3268.0000,31194,0,1098021120.000,0,-,-,-,-,3268.6000,3268.0000,3267.8000,3267.6000,3267.4000,3269.2000,3269.4000,3270.0000,3271.0000,3271.4000,1,2,1,1,2,1,1,1,2,3
SF,IH2012,2020-10-29 09:33:27.600,3268.0000,31194,0,1098021120.000,0,-,-,-,-,3268.6000,3268.0000,3267.8000,3267.6000,3267.4000,3269.2000,3269.4000,3270.0000,3271.0000,3271.4000,1,1,1,1,2,1,1,1,2,3
SF,IH2012,2020-10-29 09:33:28.100,3268.0000,31194,0,1098021120.000,0,-,-,-,-,3268.6000,3268.0000,3267.8000,3267.6000,3267.4000,3269.2000,3269.4000,3270.0000,3271.0000,3271.4000,1,1,1,1,2,1,1,1,2,3
SF,IH2012,2020-10-29 09:33:28.600,3268.6000,31194,0,1099982280.000,2,1,1,多换,S,3268.0000,3267.8000,3267.6000,3267.4000,3267.2000,3269.2000,3269.4000,3270.0000,3271.0000,3271.4000,1,1,1,1,1,1,1,1,2,3
SF,IH2012,2020-10-29 09:33:29.100,3268.6000,31194,0,1099982280.000,0,-,-,-,-,3268.0000,3267.8000,3267.6000,3267.4000,3267.2000,3269.0000,3269.2000,3269.4000,3270.0000,3271.0000,1,1,1,1,1,1,1,1,1,2
SF,IH2012,2020-10-29 09:33:29.600,3268.6000,31194,0,1099982280.000,0,-,-,-,-,3268.0000,3267.8000,3267.6000,3267.4000,3267.2000,3268.6000,3269.0000,3269.2000,3269.4000,3270.0000,1,1,1,1,1,1,1,1,1,1
SF,IH2012,2020-10-29 09:33:30.100,3268.6000,31194,0,1099982280.000,0,-,-,-,-,3267.8000,3267.6000,3267.4000,3267.2000,3267.0000,3268.6000,3269.0000,3269.2000,3269.4000,3270.0000,1,1,1,1,2,1,1,2,1,1
SF,IH2012,2020-10-29 09:33:30.600,3268.6000,31194,0,1099982280.000,0,-,-,-,-,3267.6000,3267.4000,3267.2000,3267.0000,3266.6000,3268.6000,3269.0000,3269.2000,3269.4000,3270.0000,1,1,1,2,3,1,1,2,1,1
SF,IH2012,2020-10-29 09:33:31.100,3268.6000,31195,1,1100962860.000,1,1,0,双开,S,3268.0000,3267.8000,3267.6000,3267.4000,3267.2000,3269.0000,3269.2000,3269.4000,3270.0000,3271.0000,1,3,2,1,1,1,2,1,1,2
SF,IH2012,2020-10-29 09:33:31.600,3268.6000,31195,0,1100962860.000,0,-,-,-,-,3268.0000,3267.8000,3267.6000,3267.4000,3267.2000,3269.0000,3269.2000,3269.4000,3270.0000,3271.0000,1,3,2,1,1,1,2,1,1,2
SF,IH2012,2020-10-29 09:33:32.100,3268.0000,31194,-1,1104884880.000,4,1,3,多平,S,3267.8000,3267.6000,3267.4000,3267.2000,3267.0000,3269.2000,3269.4000,3270.0000,3271.0000,3271.4000,2,2,1,1,2,2,1,1,2,1
SF,IH2012,2020-10-29 09:33:32.600,3269.2000,31194,0,1105865640.000,1,0,1,多换,S,3268.0000,3267.8000,3267.6000,3267.4000,3267.2000,3269.2000,3269.4000,3270.0000,3271.0000,3271.4000,3,1,2,1,1,1,1,1,2,1
SF,IH2012,2020-10-29 09:33:33.100,3269.2000,31194,0,1105865640.000,0,-,-,-,-,3268.2000,3268.0000,3267.8000,3267.6000,3267.4000,3269.2000,3269.4000,3270.0000,3271.0000,3271.4000,2,3,1,2,1,1,1,1,2,1
SF,IH2012,2020-10-29 09:33:33.600,3268.2000,31193,-1,1107826560.000,2,0,2,多平,S,3268.0000,3267.8000,3267.6000,3267.4000,3267.2000,3269.2000,3269.4000,3270.0000,3270.4000,3271.0000,3,1,2,1,1,1,1,1,2,2
SF,IH2012,2020-10-29 09:33:34.100,3268.2000,31193,0,1107826560.000,0,-,-,-,-,3268.2000,3268.0000,3267.8000,3267.6000,3267.4000,3269.0000,3269.2000,3269.4000,3270.0000,3270.4000,1,3,1,1,1,1,2,1,1,2
SF,IH2012,2020-10-29 09:33:34.600,3268.2000,31192,-1,1108807020.000,1,0,1,双平,S,3268.0000,3267.0000,3266.6000,3266.0000,3265.4000,3269.0000,3269.2000,3269.4000,3270.0000,3271.0000,2,2,3,2,2,1,2,1,1,2
SF,IH2012,2020-10-29 09:33:35.100,3268.8000,31192,0,1109787660.000,1,0,1,多换,S,3267.0000,3266.6000,3266.0000,3265.4000,3265.2000,3268.8000,3269.0000,3269.2000,3269.4000,3270.0000,2,3,2,2,4,1,2,2,1,1
SF,IH2012,2020-10-29 09:33:35.600,3268.8000,31193,1,1112728680.000,3,2,1,空开,S,3267.2000,3267.0000,3266.6000,3266.0000,3265.4000,3269.0000,3269.2000,3269.4000,3270.0000,3271.0000,10,3,2,2,2,3,1,1,1,2
SF,IH2012,2020-10-29 09:33:36.100,3268.8000,31193,0,1112728680.000,0,-,-,-,-,3267.4000,3267.2000,3267.0000,3266.6000,3266.0000,3268.8000,3269.0000,3269.2000,3269.4000,3270.0000,3,3,3,2,2,1,2,1,1,1
SF,IH2012,2020-10-29 09:33:36.600,3268.8000,31193,0,1112728680.000,0,-,-,-,-,3267.6000,3267.4000,3267.2000,3267.0000,3266.6000,3268.0000,3269.0000,3269.2000,3269.4000,3270.0000,2,2,2,3,2,1,2,1,1,1
SF,IH2012,2020-10-29 09:33:37.100,3268.0000,31192,-1,1113709080.000,1,0,1,双平,S,3268.2000,3267.6000,3267.4000,3267.2000,3267.0000,3269.0000,3269.2000,3269.4000,3270.0000,3271.0000,1,1,2,1,2,2,1,1,1,2
SF,IH2012,2020-10-29 09:33:37.600,3268.6000,31192,0,1114689660.000,1,0,1,多换,S,3268.2000,3267.6000,3267.2000,3267.0000,3266.6000,3269.0000,3269.2000,3269.4000,3270.0000,3271.0000,1,2,1,2,2,3,1,1,1,2
SF,IH2012,2020-10-29 09:33:38.600,3268.2000,31192,0,1115670120.000,1,0,1,多换,S,3267.6000,3267.2000,3267.0000,3266.6000,3266.0000,3268.2000,3269.0000,3269.2000,3269.4000,3270.0000,3,1,1,2,2,1,3,1,1,1
SF,IH2012,2020-10-29 09:33:39.100,3267.6000,31190,-2,1117630680.000,2,0,2,双平,S,3267.2000,3266.6000,3266.0000,3265.4000,3265.2000,3268.2000,3269.0000,3269.2000,3269.4000,3270.0000,1,2,2,2,5,1,3,1,1,1
SF,IH2012,2020-10-29 09:33:39.600,3267.6000,31190,0,1117630680.000,0,-,-,-,-,3267.2000,3266.6000,3266.0000,3265.4000,3265.2000,3268.0000,3268.2000,3269.0000,3269.2000,3269.4000,1,1,3,2,5,1,1,3,1,1
SF,IH2012,2020-10-29 09:33:40.100,3267.6000,31190,0,1117630680.000,0,-,-,-,-,3267.2000,3266.6000,3266.0000,3265.4000,3265.2000,3267.6000,3267.8000,3268.0000,3268.2000,3269.0000,1,1,3,2,4,1,1,1,1,2
SF,IH2012,2020-10-29 09:33:40.600,3267.6000,31190,0,1117630680.000,0,-,-,-,-,3267.2000,3266.6000,3266.0000,3265.4000,3265.2000,3267.6000,3267.8000,3268.2000,3269.0000,3269.2000,2,1,3,2,4,2,1,1,2,1
SF,IH2012,2020-10-29 09:33:41.100,3267.6000,31189,-1,1119591240.000,2,0,2,多平,S,3267.2000,3266.6000,3266.0000,3265.4000,3265.2000,3267.8000,3268.2000,3269.0000,3269.2000,3269.4000,2,1,3,2,4,1,1,2,1,1
SF,IH2012,2020-10-29 09:33:41.600,3267.2000,31189,0,1120571400.000,1,0,1,多换,S,3267.2000,3266.6000,3266.0000,3265.4000,3265.2000,3268.2000,3269.0000,3269.2000,3269.4000,3270.0000,2,1,3,2,4,1,2,1,1,1
SF,IH2012,2020-10-29 09:33:42.100,3267.2000,31189,0,1120571400.000,0,-,-,-,-,3267.2000,3266.6000,3266.0000,3265.4000,3265.2000,3268.0000,3268.2000,3269.0000,3269.2000,3269.4000,2,1,3,2,4,1,2,1,1,1
SF,IH2012,2020-10-29 09:33:42.600,3267.2000,31189,0,1120571400.000,0,-,-,-,-,3267.2000,3266.6000,3266.0000,3265.4000,3265.2000,3267.8000,3268.0000,3268.2000,3269.0000,3269.2000,1,1,3,2,4,1,1,2,1,1
SF,IH2012,2020-10-29 09:33:43.600,3267.2000,31189,0,1120571400.000,0,-,-,-,-,3267.2000,3266.6000,3266.0000,3265.4000,3265.2000,3267.8000,3268.0000,3268.2000,3269.0000,3269.2000,1,1,3,2,4,1,1,2,1,1
SF,IH2012,2020-10-29 09:33:44.100,3267.2000,31189,0,1120571400.000,0,-,-,-,-,3267.2000,3267.0000,3266.6000,3266.0000,3265.4000,3267.8000,3268.0000,3268.2000,3269.0000,3269.2000,1,5,1,3,1,1,1,2,1,1
SF,IH2012,2020-10-29 09:33:44.600,3267.2000,31189,0,1120571400.000,0,-,-,-,-,3267.2000,3267.0000,3266.6000,3266.0000,3265.4000,3267.8000,3268.0000,3268.2000,3269.0000,3269.2000,1,5,1,3,1,1,1,2,1,1
SF,IH2012,2020-10-29 09:33:45.100,3267.2000,31189,0,1120571400.000,0,-,-,-,-,3267.2000,3267.0000,3266.6000,3266.0000,3265.4000,3267.8000,3268.0000,3268.2000,3269.0000,3269.2000,1,5,1,4,1,1,1,2,1,1
SF,IH2012,2020-10-29 09:33:45.600,3267.2000,31189,0,1120571400.000,0,-,-,-,-,3267.2000,3267.0000,3266.6000,3266.0000,3265.4000,3267.8000,3268.0000,3268.2000,3269.0000,3269.2000,2,5,1,4,1,1,1,2,1,1
SF,IH2012,2020-10-29 09:33:46.100,3267.2000,31189,0,1120571400.000,0,-,-,-,-,3267.2000,3267.0000,3266.6000,3266.0000,3265.2000,3268.0000,3268.2000,3269.0000,3269.2000,3269.4000,2,5,1,4,4,1,2,1,1,1
SF,IH2012,2020-10-29 09:33:46.600,3268.0000,31189,0,1121551800.000,1,0,1,多换,S,3267.2000,3267.0000,3266.6000,3266.0000,3265.2000,3268.0000,3268.2000,3269.0000,3269.2000,3269.4000,2,5,1,4,4,1,2,1,1,1
SF,IH2012,2020-10-29 09:33:47.100,3268.0000,31189,0,1121551800.000,0,-,-,-,-,3267.8000,3267.2000,3267.0000,3266.6000,3266.0000,3268.0000,3268.2000,3269.0000,3269.2000,3269.4000,1,2,5,1,4,1,2,1,1,1
SF,IH2012,2020-10-29 09:33:47.600,3267.8000,31187,-2,1125473160.000,4,1,3,多平,S,3267.2000,3267.0000,3266.6000,3266.0000,3265.2000,3268.0000,3268.2000,3269.0000,3269.2000,3269.4000,2,5,1,4,4,1,1,1,1,1
SF,IH2012,2020-10-29 09:33:48.100,3267.8000,31187,0,1125473160.000,0,-,-,-,-,3267.2000,3267.0000,3266.6000,3266.0000,3265.2000,3268.0000,3268.2000,3269.0000,3269.2000,3269.4000,2,5,1,4,4,1,1,1,1,1
SF,IH2012,2020-10-29 09:33:48.600,3267.8000,31187,0,1125473160.000,0,-,-,-,-,3267.2000,3267.0000,3266.6000,3266.0000,3265.2000,3268.2000,3269.0000,3269.2000,3269.4000,3269.8000,3,5,1,4,4,1,1,1,1,1
SF,IH2012,2020-10-29 09:33:49.100,3267.8000,31187,0,1125473160.000,0,-,-,-,-,3267.4000,3267.2000,3267.0000,3266.6000,3266.0000,3269.0000,3269.2000,3269.4000,3269.8000,3270.0000,1,4,5,1,4,1,1,1,1,1
SF,IH2012,2020-10-29 09:33:49.600,3267.8000,31187,0,1125473160.000,0,-,-,-,-,3268.0000,3267.6000,3267.4000,3267.2000,3267.0000,3268.6000,3268.8000,3269.0000,3269.2000,3269.4000,1,1,1,4,6,1,4,1,1,1
SF,IH2012,2020-10-29 09:33:50.100,3268.0000,31187,0,1126453560.000,1,0,1,多换,S,3267.4000,3267.2000,3267.0000,3266.6000,3266.0000,3268.0000,3268.2000,3268.4000,3268.6000,3268.8000,1,4,6,2,4,1,1,1,2,4
SF,IH2012,2020-10-29 09:33:50.600,3268.2000,31185,-2,1128414420.000,2,0,2,双平,S,3268.2000,3267.4000,3267.2000,3267.0000,3266.6000,3268.6000,3268.8000,3269.2000,3269.4000,3269.8000,1,1,4,6,2,2,4,1,1,1
SF,IH2012,2020-10-29 09:33:51.100,3268.2000,31184,-1,1129394880.000,1,0,1,双平,S,3268.0000,3267.4000,3267.2000,3267.0000,3266.6000,3268.6000,3268.8000,3269.2000,3269.4000,3269.8000,1,1,4,6,2,2,2,1,1,1
SF,IH2012,2020-10-29 09:33:51.600,3268.2000,31184,0,1129394880.000,0,-,-,-,-,3268.0000,3267.4000,3267.2000,3267.0000,3266.6000,3268.6000,3268.8000,3269.2000,3269.4000,3269.8000,1,1,4,6,2,1,2,1,1,1
SF,IH2012,2020-10-29 09:33:52.100,3268.6000,31183,-1,1130375460.000,1,0,1,双平,S,3268.6000,3268.2000,3268.0000,3267.4000,3267.2000,3268.8000,3269.2000,3269.4000,3269.8000,3270.0000,1,1,1,1,4,2,1,1,1,1
SF,IH2012,2020-10-29 09:33:52.600,3268.8000,31181,-2,1132336680.000,2,0,2,双平,S,3268.6000,3268.2000,3268.0000,3267.4000,3267.2000,3269.2000,3269.4000,3269.8000,3270.0000,3270.6000,1,1,1,1,3,1,1,1,1,1
SF,IH2012,2020-10-29 09:33:53.100,3268.8000,31181,0,1132336680.000,0,-,-,-,-,3268.6000,3268.2000,3268.0000,3267.4000,3267.2000,3269.0000,3269.2000,3269.4000,3269.8000,3270.0000,1,1,1,1,3,1,1,1,1,1
SF,IH2012,2020-10-29 09:33:53.600,3269.0000,31181,0,1133317380.000,1,0,1,多换,S,3268.8000,3268.6000,3268.2000,3268.0000,3267.4000,3269.2000,3269.4000,3269.8000,3270.0000,3270.6000,1,1,1,1,1,1,1,1,1,1
SF,IH2012,2020-10-29 09:33:54.100,3269.0000,31181,0,1133317380.000,0,-,-,-,-,3268.8000,3268.6000,3268.2000,3268.0000,3267.2000,3269.2000,3269.4000,3269.8000,3270.0000,3270.6000,2,1,1,1,3,1,1,1,1,1
SF,IH2012,2020-10-29 09:33:54.600,3269.0000,31181,0,1133317380.000,0,-,-,-,-,3268.8000,3268.6000,3268.0000,3267.2000,3267.0000,3269.2000,3269.4000,3269.8000,3270.0000,3270.6000,2,1,1,2,6,1,1,1,1,1
SF,IH2012,2020-10-29 09:33:55.100,3268.8000,31181,0,1134298020.000,1,0,1,多换,S,3268.6000,3268.0000,3267.2000,3267.0000,3266.6000,3268.8000,3269.2000,3269.4000,3269.8000,3270.0000,1,1,2,6,1,3,2,1,1,1
SF,IH2012,2020-10-29 09:33:55.600,3268.6000,31179,-2,1136259240.000,2,0,2,双平,S,3268.0000,3267.2000,3267.0000,3266.6000,3266.4000,3268.6000,3269.2000,3269.4000,3269.8000,3270.0000,1,2,6,1,1,1,2,1,1,1
SF,IH2012,2020-10-29 09:33:56.100,3268.6000,31179,0,1136259240.000,0,-,-,-,-,3268.0000,3267.2000,3267.0000,3266.6000,3266.0000,3268.6000,3269.2000,3269.4000,3269.8000,3270.0000,1,2,6,1,4,1,1,1,1,2
SF,IH2012,2020-10-29 09:33:56.600,3268.6000,31179,0,1136259240.000,0,-,-,-,-,3268.0000,3267.2000,3267.0000,3266.6000,3266.0000,3268.6000,3269.2000,3269.4000,3269.8000,3270.0000,2,2,6,1,4,1,1,1,1,2
SF,IH2012,2020-10-29 09:33:57.100,3268.6000,31179,0,1136259240.000,0,-,-,-,-,3268.0000,3267.2000,3267.0000,3266.6000,3266.0000,3268.6000,3269.2000,3269.4000,3269.8000,3270.0000,2,2,6,1,4,1,1,3,1,2
SF,IH2012,2020-10-29 09:33:57.600,3268.0000,31180,1,1137239640.000,1,1,0,双开,S,3268.0000,3267.2000,3267.0000,3266.6000,3266.0000,3268.6000,3269.2000,3269.4000,3269.8000,3270.0000,1,2,6,1,4,1,1,1,1,2
SF,IH2012,2020-10-29 09:33:58.100,3268.0000,31180,0,1137239640.000,0,-,-,-,-,3268.0000,3267.2000,3267.0000,3266.6000,3266.0000,3268.6000,3269.2000,3269.4000,3269.8000,3270.0000,1,2,6,1,4,1,1,1,1,2
SF,IH2012,2020-10-29 09:33:58.600,3268.0000,31180,0,1137239640.000,0,-,-,-,-,3268.0000,3267.8000,3267.2000,3267.0000,3266.6000,3268.6000,3269.2000,3269.4000,3269.8000,3270.0000,1,1,2,6,1,1,1,1,1,2
SF,IH2012,2020-10-29 09:33:59.600,3268.0000,31180,0,1137239640.000,0,-,-,-,-,3268.0000,3267.8000,3267.2000,3267.0000,3266.6000,3268.6000,3269.2000,3269.4000,3269.8000,3270.0000,1,1,2,6,1,1,1,1,1,2
SF,IH2012,2020-10-29 09:34:00.100,3268.0000,31180,0,1137239640.000,0,-,-,-,-,3268.0000,3267.8000,3267.2000,3267.0000,3266.6000,3268.6000,3269.2000,3269.4000,3269.8000,3270.0000,3,1,2,6,1,1,1,1,1,2
SF,IH2012,2020-10-29 09:34:00.600,3268.0000,31179,-1,1138220040.000,1,0,1,双平,S,3268.0000,3267.8000,3267.2000,3267.0000,3266.6000,3268.6000,3269.2000,3269.4000,3269.8000,3270.0000,2,1,2,6,1,1,1,1,1,2
SF,IH2012,2020-10-29 09:34:01.100,3267.8000,31177,-2,1142141580.000,4,1,3,多平,S,3267.2000,3267.0000,3266.6000,3266.0000,3265.2000,3268.0000,3268.6000,3269.2000,3269.4000,3269.8000,2,6,1,4,4,2,2,1,3,1
SF,IH2012,2020-10-29 09:34:01.600,3267.8000,31177,0,1142141580.000,0,-,-,-,-,3267.2000,3267.0000,3266.6000,3266.0000,3265.2000,3267.8000,3268.0000,3268.6000,3269.2000,3269.4000,2,6,1,4,4,2,3,1,1,3
SF,IH2012,2020-10-29 09:34:02.100,3267.2000,31177,0,1144101900.000,2,1,1,多换,S,3267.0000,3266.6000,3266.0000,3265.2000,3265.0000,3267.2000,3267.8000,3268.0000,3268.6000,3269.2000,6,1,4,4,7,2,2,1,1,1
SF,IH2012,2020-10-29 09:34:02.600,3267.0000,31172,-5,1149982500.000,6,0,6,多平,S,3266.6000,3266.0000,3265.2000,3265.0000,3264.8000,3267.0000,3267.8000,3268.0000,3268.6000,3269.2000,1,4,4,7,1,3,2,1,1,1
SF,IH2012,2020-10-29 09:34:03.100,3266.6000,31171,-1,1151942460.000,2,0,2,多平,S,3266.0000,3265.2000,3265.0000,3264.8000,3264.6000,3266.6000,3267.8000,3268.0000,3268.6000,3269.2000,4,4,7,1,1,2,2,1,1,1
SF,IH2012,2020-10-29 09:34:04.100,3266.0000,31170,-1,1152922260.000,1,0,1,双平,S,3266.0000,3265.2000,3265.0000,3264.8000,3264.6000,3266.6000,3267.8000,3268.0000,3268.6000,3269.2000,3,4,7,1,1,1,2,1,1,1
SF,IH2012,2020-10-29 09:34:04.600,3266.6000,31171,1,1153902240.000,1,1,0,双开,S,3266.0000,3265.2000,3265.0000,3264.8000,3264.6000,3267.8000,3268.0000,3268.6000,3269.2000,3269.4000,3,4,7,1,1,2,1,2,1,3
SF,IH2012,2020-10-29 09:34:05.100,3266.6000,31171,0,1153902240.000,0,-,-,-,-,3266.2000,3266.0000,3265.2000,3265.0000,3264.8000,3267.4000,3267.6000,3267.8000,3268.0000,3268.6000,2,3,4,7,1,1,2,2,1,2
SF,IH2012,2020-10-29 09:34:05.600,3266.6000,31171,0,1153902240.000,0,-,-,-,-,3266.2000,3266.0000,3265.2000,3265.0000,3264.8000,3266.8000,3267.2000,3267.4000,3267.6000,3267.8000,1,3,4,7,1,1,1,2,1,2
SF,IH2012,2020-10-29 09:34:06.100,3266.6000,31171,0,1153902240.000,0,-,-,-,-,3266.2000,3266.0000,3265.2000,3265.0000,3264.8000,3267.2000,3267.4000,3267.6000,3267.8000,3268.6000,1,3,4,7,1,1,2,1,2,1
SF,IH2012,2020-10-29 09:34:06.600,3266.6000,31171,0,1153902240.000,0,-,-,-,-,3266.2000,3266.0000,3265.2000,3265.0000,3264.8000,3267.2000,3267.4000,3267.8000,3268.6000,3269.2000,1,3,4,7,1,3,2,2,1,1
SF,IH2012,2020-10-29 09:34:07.100,3266.6000,31171,0,1153902240.000,0,-,-,-,-,3266.2000,3266.0000,3265.2000,3265.0000,3264.8000,3266.8000,3267.2000,3267.4000,3267.8000,3268.6000,2,3,4,7,1,1,2,2,2,1
SF,IH2012,2020-10-29 09:34:07.600,3266.6000,31171,0,1153902240.000,0,-,-,-,-,3266.2000,3266.0000,3265.2000,3265.0000,3264.8000,3266.6000,3267.2000,3267.4000,3267.8000,3268.6000,2,3,4,7,1,1,2,2,2,1
SF,IH2012,2020-10-29 09:34:08.100,3266.2000,31171,0,1155861960.000,2,1,1,多换,S,3266.0000,3265.2000,3265.0000,3264.8000,3264.6000,3266.2000,3267.2000,3267.4000,3267.8000,3268.6000,3,4,7,1,1,3,2,2,2,1
SF,IH2012,2020-10-29 09:34:08.600,3266.2000,31171,0,1155861960.000,0,-,-,-,-,3266.0000,3265.2000,3265.0000,3264.8000,3264.6000,3266.2000,3267.2000,3267.4000,3267.8000,3268.6000,3,4,7,1,1,2,2,2,2,1
SF,IH2012,2020-10-29 09:34:09.100,3266.2000,31170,-1,1157821680.000,2,0,2,多平,S,3266.0000,3265.2000,3265.0000,3264.8000,3264.6000,3267.2000,3267.4000,3267.8000,3268.6000,3269.2000,3,4,7,1,1,2,2,2,1,1
SF,IH2012,2020-10-29 09:34:09.600,3266.2000,31170,0,1157821680.000,0,-,-,-,-,3266.0000,3265.2000,3265.0000,3264.8000,3264.6000,3266.4000,3267.0000,3267.2000,3267.4000,3267.8000,3,4,7,1,1,1,3,2,1,2
SF,IH2012,2020-10-29 09:34:10.100,3266.2000,31170,0,1160761260.000,3,1,2,多换,S,3266.0000,3265.2000,3265.0000,3264.8000,3264.6000,3267.0000,3267.2000,3267.4000,3267.8000,3268.6000,2,4,7,1,1,1,2,1,2,1
SF,IH2012,2020-10-29 09:34:10.600,3266.2000,31170,0,1160761260.000,0,-,-,-,-,3266.0000,3265.2000,3265.0000,3264.8000,3264.6000,3266.8000,3267.0000,3267.4000,3267.8000,3268.6000,2,4,7,1,1,4,2,1,2,1
SF,IH2012,2020-10-29 09:34:11.100,3266.2000,31170,0,1160761260.000,0,-,-,-,-,3266.0000,3265.2000,3265.0000,3264.8000,3264.6000,3266.8000,3267.0000,3267.4000,3267.8000,3268.4000,2,4,7,1,1,4,1,1,2,1
SF,IH2012,2020-10-29 09:34:11.600,3266.2000,31170,0,1160761260.000,0,-,-,-,-,3266.0000,3265.2000,3265.0000,3264.8000,3264.6000,3266.8000,3267.0000,3267.4000,3267.8000,3268.4000,2,4,7,1,1,5,1,1,2,1
SF,IH2012,2020-10-29 09:34:12.100,3266.2000,31170,0,1160761260.000,0,-,-,-,-,3266.0000,3265.2000,3265.0000,3264.8000,3264.6000,3266.4000,3266.8000,3267.0000,3267.4000,3267.8000,2,4,7,1,1,1,5,1,1,2
SF,IH2012,2020-10-29 09:34:12.600,3266.2000,31170,0,1160761260.000,0,-,-,-,-,3266.2000,3266.0000,3265.2000,3265.0000,3264.8000,3266.4000,3266.8000,3267.0000,3267.4000,3267.8000,1,2,4,7,1,2,4,1,1,2
SF,IH2012,2020-10-29 09:34:13.100,3266.8000,31168,-2,1165660920.000,5,1,4,多平,S,3266.4000,3266.0000,3265.2000,3265.0000,3264.8000,3266.8000,3267.0000,3267.4000,3267.8000,3268.4000,1,2,4,7,1,1,1,1,2,1
SF,IH2012,2020-10-29 09:34:13.600,3267.0000,31167,-1,1166641020.000,1,0,1,双平,S,3267.0000,3266.0000,3265.2000,3265.0000,3264.8000,3267.4000,3267.8000,3268.4000,3268.6000,3269.2000,1,2,4,7,1,1,2,1,1,1
SF,IH2012,2020-10-29 09:34:14.100,3267.0000,31166,-1,1167621120.000,1,0,1,双平,S,3266.4000,3266.0000,3265.2000,3265.0000,3264.8000,3267.8000,3268.4000,3268.6000,3269.2000,3269.4000,1,2,4,7,1,2,1,1,1,3
SF,IH2012,2020-10-29 09:34:14.600,3267.0000,31166,0,1167621120.000,0,-,-,-,-,3266.4000,3266.0000,3265.2000,3265.0000,3264.8000,3267.4000,3267.6000,3267.8000,3268.4000,3268.6000,1,2,4,7,1,1,3,2,1,1
SF,IH2012,2020-10-29 09:34:15.100,3267.0000,31166,0,1167621120.000,0,-,-,-,-,3266.4000,3266.0000,3265.2000,3265.0000,3264.8000,3267.0000,3267.4000,3267.6000,3267.8000,3268.4000,2,2,4,7,1,1,2,3,2,1
SF,IH2012,2020-10-29 09:34:15.600,3267.0000,31166,0,1167621120.000,0,-,-,-,-,3266.4000,3266.0000,3265.2000,3265.0000,3264.8000,3267.0000,3267.2000,3267.4000,3267.6000,3267.8000,2,2,4,7,1,1,1,2,2,2
