市场代码,合约代码,时间,最新,持仓,增仓,成交额,成交量,开仓,平仓,成交类型,方向,买一价,买二价,买三价,买四价,买五价,卖一价,卖二价,卖三价,卖四价,卖五价,买一量,买二量,买三量,买四量,买五量,卖一量,卖二量,卖三量,卖四量,卖五量
SF,IH2006,2020-01-20 09:29:00.300,3074.6000,9255,0,4611900.000,5.000,-,-,-,-,3074.6000,3071.6000,3065.0000,3062.4000,3053.0000,3074.8000,3075.0000,3076.0000,3077.8000,3080.0000,1,1,1,1,1,2,1,3,1,4
SF,IH2006,2020-01-20 09:30:00.300,3074.8000,9254,-1,10146600.000,6,2,4,多平,S,3074.6000,3074.4000,3071.6000,3065.0000,3053.0000,3076.0000,3077.8000,3080.0000,3083.0000,3084.8000,1,4,1,1,1,4,1,4,1,1
SF,IH2006,2020-01-20 09:30:00.800,3076.0000,9251,-3,14760600.000,5,1,4,多平,S,3077.2000,3075.8000,3075.4000,3074.8000,3074.6000,3077.8000,3080.0000,3083.0000,3084.8000,3085.2000,1,1,1,6,3,1,4,1,1,1
SF,IH2006,2020-01-20 09:30:01.300,3077.2000,9251,0,15683760.000,1,0,1,多换,S,3075.8000,3075.4000,3074.8000,3074.4000,3073.0000,3076.0000,3077.2000,3077.6000,3077.8000,3080.0000,1,1,6,2,1,1,1,1,1,4
SF,IH2006,2020-01-20 09:30:01.800,3076.0000,9250,-1,16606560.000,1,0,1,双平,S,3076.0000,3075.8000,3075.4000,3074.8000,3074.4000,3076.2000,3077.2000,3077.6000,3077.8000,3080.0000,2,1,1,2,2,1,2,1,1,4
SF,IH2006,2020-01-20 09:30:02.300,3076.2000,9250,0,17529420.000,1,0,1,多换,S,3076.0000,3075.8000,3074.8000,3074.4000,3073.0000,3077.2000,3077.6000,3077.8000,3080.0000,3083.0000,2,1,2,2,1,2,1,1,3,1
SF,IH2006,2020-01-20 09:30:02.800,3076.0000,9249,-1,18452220.000,1,0,1,双平,S,3076.0000,3075.8000,3074.8000,3074.4000,3073.0000,3077.2000,3077.6000,3077.8000,3080.0000,3083.0000,1,1,2,2,1,2,1,1,3,1
SF,IH2006,2020-01-20 09:30:03.300,3076.0000,9249,0,18452220.000,0,-,-,-,-,3076.2000,3076.0000,3075.8000,3074.8000,3074.4000,3077.2000,3077.6000,3077.8000,3080.0000,3083.0000,1,1,1,3,2,2,1,1,3,1
SF,IH2006,2020-01-20 09:30:03.800,3076.0000,9249,0,18452220.000,0,-,-,-,-,3076.4000,3075.8000,3074.8000,3074.4000,3074.0000,3077.2000,3077.6000,3077.8000,3080.0000,3083.0000,1,1,1,2,1,2,1,1,3,1
SF,IH2006,2020-01-20 09:30:04.300,3076.0000,9248,-1,19375020.000,1,0,1,双平,S,3075.8000,3074.8000,3074.4000,3074.0000,3073.0000,3077.2000,3077.6000,3077.8000,3080.0000,3083.0000,1,1,2,1,1,2,1,1,3,1
SF,IH2006,2020-01-20 09:30:04.800,3075.8000,9248,0,20297760.000,1,0,1,多换,S,3074.8000,3074.4000,3074.0000,3073.0000,3070.4000,3075.6000,3075.8000,3077.0000,3077.2000,3077.8000,1,2,1,1,5,1,1,1,2,1
SF,IH2006,2020-01-20 09:30:05.300,3075.6000,9247,-1,21220440.000,1,0,1,双平,S,3074.8000,3074.4000,3074.0000,3073.0000,3070.4000,3075.8000,3077.0000,3077.2000,3077.8000,3080.0000,1,2,1,1,5,1,1,2,1,3
SF,IH2006,2020-01-20 09:30:05.800,3074.4000,9246,-1,23065200.000,2,0,2,多平,S,3074.0000,3073.0000,3068.0000,3066.6000,3065.0000,3074.8000,3075.4000,3075.6000,3075.8000,3077.2000,1,1,2,5,1,2,3,1,1,2
SF,IH2006,2020-01-20 09:30:06.300,3074.8000,9245,-1,24910080.000,2,0,2,多平,S,3074.4000,3074.2000,3074.0000,3073.0000,3068.0000,3075.8000,3077.2000,3077.8000,3080.0000,3083.0000,1,2,1,1,2,1,2,1,3,1
SF,IH2006,2020-01-20 09:30:06.800,3074.8000,9245,0,24910080.000,0,-,-,-,-,3074.6000,3074.2000,3074.0000,3073.0000,3068.0000,3075.8000,3077.2000,3077.8000,3080.0000,3083.0000,1,2,1,1,2,1,2,1,3,1
SF,IH2006,2020-01-20 09:30:07.300,3074.8000,9245,0,24910080.000,0,-,-,-,-,3074.4000,3074.2000,3074.0000,3073.0000,3068.0000,3075.6000,3075.8000,3077.2000,3077.8000,3080.0000,1,2,1,1,2,1,1,2,1,3
SF,IH2006,2020-01-20 09:30:08.300,3074.8000,9245,0,24910080.000,0,-,-,-,-,3074.2000,3074.0000,3073.0000,3068.0000,3066.6000,3075.6000,3075.8000,3077.2000,3077.8000,3080.0000,2,1,1,2,5,1,1,2,1,3
SF,IH2006,2020-01-20 09:30:09.300,3074.8000,9245,0,24910080.000,0,-,-,-,-,3074.4000,3074.2000,3074.0000,3073.0000,3068.0000,3075.6000,3075.8000,3077.2000,3077.8000,3080.0000,1,2,1,1,2,1,1,2,1,3
SF,IH2006,2020-01-20 09:30:09.800,3074.4000,9246,1,26754780.000,2,1,1,空开,S,3074.2000,3074.0000,3073.0000,3068.0000,3066.6000,3075.6000,3075.8000,3077.2000,3077.8000,3080.0000,1,1,1,2,5,1,1,2,1,3
SF,IH2006,2020-01-20 09:30:10.300,3074.4000,9245,-1,27677100.000,1,0,1,双平,S,3074.0000,3073.0000,3068.0000,3066.6000,3065.0000,3074.2000,3075.6000,3075.8000,3077.2000,3077.8000,1,1,2,5,1,3,1,1,2,1
SF,IH2006,2020-01-20 09:30:10.800,3074.2000,9242,-3,30443880.000,3,0,3,双平,S,3074.6000,3074.4000,3074.2000,3074.0000,3073.0000,3075.6000,3075.8000,3077.2000,3077.8000,3079.8000,2,1,1,1,1,1,1,2,1,1
SF,IH2006,2020-01-20 09:30:11.300,3074.4000,9241,-1,31366200.000,1,0,1,双平,S,3074.6000,3074.4000,3074.2000,3074.0000,3073.0000,3075.6000,3075.8000,3077.2000,3077.8000,3079.8000,2,1,1,1,1,1,1,2,1,1
SF,IH2006,2020-01-20 09:30:11.800,3074.4000,9241,0,31366200.000,0,-,-,-,-,3074.6000,3074.4000,3074.2000,3074.0000,3073.0000,3075.6000,3075.8000,3077.2000,3077.8000,3079.8000,2,1,1,1,1,1,1,2,1,1
SF,IH2006,2020-01-20 09:30:12.300,3074.4000,9241,0,31366200.000,0,-,-,-,-,3074.8000,3074.6000,3074.4000,3074.2000,3074.0000,3075.8000,3077.2000,3077.8000,3079.8000,3080.0000,1,2,1,1,1,1,2,1,1,3
SF,IH2006,2020-01-20 09:30:13.800,3074.4000,9241,0,31366200.000,0,-,-,-,-,3075.0000,3074.8000,3074.6000,3074.4000,3074.0000,3075.8000,3077.2000,3077.8000,3079.8000,3080.0000,1,2,2,1,1,1,2,1,1,3
SF,IH2006,2020-01-20 09:30:14.300,3075.8000,9240,-1,32288940.000,1,0,1,双平,S,3075.0000,3074.8000,3074.6000,3074.4000,3074.0000,3077.2000,3077.8000,3079.8000,3080.0000,3083.0000,1,1,2,1,1,2,1,1,3,1
SF,IH2006,2020-01-20 09:30:14.800,3075.8000,9240,0,32288940.000,0,-,-,-,-,3075.2000,3074.6000,3074.4000,3074.0000,3073.0000,3077.0000,3077.2000,3077.8000,3079.8000,3080.0000,3,2,1,1,1,2,2,1,1,3
SF,IH2006,2020-01-20 09:30:15.300,3075.8000,9240,0,32288940.000,0,-,-,-,-,3075.2000,3074.6000,3074.4000,3074.0000,3073.0000,3077.0000,3077.2000,3077.8000,3079.8000,3080.0000,4,2,1,1,1,2,2,1,1,3
SF,IH2006,2020-01-20 09:30:15.800,3075.8000,9240,0,32288940.000,0,-,-,-,-,3075.2000,3074.6000,3074.4000,3074.0000,3073.0000,3075.8000,3077.0000,3077.2000,3077.8000,3079.8000,3,2,1,1,1,1,2,2,1,1
SF,IH2006,2020-01-20 09:30:16.300,3075.8000,9239,-1,33211680.000,1,0,1,双平,S,3075.8000,3075.2000,3074.6000,3074.4000,3074.0000,3077.0000,3077.2000,3077.8000,3079.8000,3080.0000,2,3,2,1,1,1,2,1,1,3
SF,IH2006,2020-01-20 09:30:16.800,3075.8000,9239,0,33211680.000,0,-,-,-,-,3075.8000,3075.2000,3074.6000,3074.4000,3074.0000,3076.8000,3077.0000,3077.2000,3077.8000,3079.8000,2,2,2,1,1,1,1,2,1,1
SF,IH2006,2020-01-20 09:30:17.300,3075.8000,9239,0,33211680.000,0,-,-,-,-,3075.8000,3075.2000,3074.6000,3074.4000,3074.0000,3076.8000,3077.0000,3077.2000,3077.8000,3079.8000,2,2,2,1,1,1,1,1,1,1
SF,IH2006,2020-01-20 09:30:17.800,3075.8000,9239,0,33211680.000,0,-,-,-,-,3075.8000,3075.2000,3074.6000,3074.4000,3074.0000,3076.6000,3076.8000,3077.2000,3077.8000,3079.8000,2,2,2,1,1,1,1,1,1,1
SF,IH2006,2020-01-20 09:30:18.300,3075.8000,9239,0,33211680.000,0,-,-,-,-,3076.0000,3075.6000,3075.2000,3074.6000,3074.4000,3076.6000,3076.8000,3077.2000,3077.8000,3079.8000,1,1,1,2,1,1,1,1,1,1
SF,IH2006,2020-01-20 09:30:18.800,3076.0000,9238,-1,34134480.000,1,0,1,双平,S,3075.6000,3075.2000,3074.6000,3074.4000,3074.0000,3076.6000,3076.8000,3077.2000,3077.8000,3079.8000,1,1,2,1,1,1,1,1,1,1
SF,IH2006,2020-01-20 09:30:19.300,3076.0000,9238,0,34134480.000,0,-,-,-,-,3075.6000,3075.2000,3074.6000,3074.4000,3074.0000,3076.6000,3077.2000,3077.8000,3079.8000,3080.0000,1,1,2,1,1,1,1,1,1,3
SF,IH2006,2020-01-20 09:30:20.300,3076.0000,9238,0,34134480.000,0,-,-,-,-,3075.6000,3075.2000,3074.6000,3074.4000,3074.0000,3076.4000,3076.6000,3077.2000,3077.8000,3079.8000,1,1,2,1,1,1,1,1,1,1
SF,IH2006,2020-01-20 09:30:20.800,3076.4000,9238,0,35057400.000,1,0,1,多换,S,3075.6000,3075.2000,3074.6000,3074.4000,3074.0000,3076.6000,3077.2000,3077.8000,3079.8000,3080.0000,1,1,2,1,1,1,1,1,1,3
SF,IH2006,2020-01-20 09:30:21.300,3076.4000,9238,0,35057400.000,0,-,-,-,-,3075.6000,3075.2000,3074.6000,3074.4000,3074.0000,3076.6000,3077.2000,3077.8000,3079.0000,3079.8000,1,1,2,1,1,1,1,1,1,1
SF,IH2006,2020-01-20 09:30:21.800,3076.4000,9238,0,35057400.000,0,-,-,-,-,3075.2000,3074.6000,3074.4000,3074.0000,3073.0000,3076.4000,3076.6000,3077.2000,3077.8000,3079.0000,1,2,1,1,1,1,1,1,1,1
SF,IH2006,2020-01-20 09:30:22.300,3076.4000,9238,0,35980320.000,1,0,1,多换,S,3076.4000,3075.2000,3074.6000,3074.4000,3074.0000,3076.6000,3077.2000,3077.8000,3079.0000,3079.8000,1,1,2,1,1,1,1,1,1,1
SF,IH2006,2020-01-20 09:30:22.800,3076.6000,9239,1,39672060.000,4,2,2,空开,S,3076.6000,3075.2000,3074.6000,3074.4000,3074.0000,3077.2000,3077.8000,3079.0000,3079.8000,3080.0000,10,1,2,1,1,1,1,1,1,3
SF,IH2006,2020-01-20 09:30:23.300,3076.6000,9239,0,40595040.000,1,0,1,多换,S,3076.6000,3075.2000,3074.6000,3074.4000,3074.0000,3077.2000,3077.8000,3079.0000,3079.8000,3080.0000,9,1,2,1,1,1,1,1,1,3
SF,IH2006,2020-01-20 09:30:24.300,3076.6000,9239,0,45209940.000,5,2,3,多换,S,3076.6000,3075.2000,3074.6000,3074.4000,3074.2000,3077.2000,3077.8000,3079.0000,3079.8000,3080.0000,4,1,2,1,5,1,1,1,1,3
SF,IH2006,2020-01-20 09:30:24.800,3077.0000,9239,0,47979120.000,3,1,2,多换,S,3076.6000,3075.2000,3074.6000,3074.4000,3074.0000,3077.2000,3077.8000,3079.0000,3079.8000,3080.0000,3,1,2,1,1,1,1,1,1,3
SF,IH2006,2020-01-20 09:30:25.300,3077.0000,9239,0,47979120.000,0,-,-,-,-,3076.6000,3075.2000,3074.6000,3074.4000,3074.0000,3077.2000,3077.8000,3079.0000,3079.8000,3080.0000,3,1,2,1,1,1,1,1,1,3
SF,IH2006,2020-01-20 09:30:25.800,3076.6000,9239,0,50748060.000,3,1,2,多换,S,3075.2000,3074.6000,3074.4000,3074.0000,3073.0000,3077.0000,3077.2000,3077.8000,3078.2000,3079.0000,1,2,1,1,1,1,1,1,1,1
SF,IH2006,2020-01-20 09:30:26.300,3076.6000,9239,0,50748060.000,0,-,-,-,-,3075.2000,3074.6000,3074.4000,3074.0000,3073.0000,3076.8000,3077.0000,3077.2000,3077.8000,3078.2000,1,2,1,1,1,2,1,1,1,1
SF,IH2006,2020-01-20 09:30:26.800,3076.6000,9239,0,50748060.000,0,-,-,-,-,3075.2000,3074.6000,3074.4000,3074.0000,3073.0000,3076.8000,3077.0000,3077.2000,3077.8000,3078.2000,1,2,1,1,1,1,1,1,1,1
SF,IH2006,2020-01-20 09:30:27.800,3076.6000,9239,0,50748060.000,0,-,-,-,-,3075.2000,3074.6000,3074.4000,3074.0000,3073.0000,3076.8000,3077.0000,3077.2000,3077.8000,3078.2000,2,2,1,1,1,1,1,1,1,1
SF,IH2006,2020-01-20 09:30:28.800,3076.6000,9239,0,50748060.000,0,-,-,-,-,3075.4000,3075.2000,3074.6000,3074.4000,3074.0000,3076.8000,3077.0000,3077.2000,3077.8000,3078.2000,1,2,2,1,1,2,1,1,1,1
SF,IH2006,2020-01-20 09:30:29.300,3076.6000,9239,0,50748060.000,0,-,-,-,-,3075.6000,3075.4000,3075.2000,3074.6000,3074.4000,3076.8000,3077.0000,3077.2000,3077.8000,3078.2000,1,1,1,2,1,2,1,1,1,1
SF,IH2006,2020-01-20 09:30:29.800,3076.6000,9239,0,50748060.000,0,-,-,-,-,3075.8000,3075.6000,3075.4000,3075.2000,3074.6000,3076.8000,3077.0000,3077.2000,3077.8000,3078.2000,1,1,1,1,2,1,1,1,1,1
SF,IH2006,2020-01-20 09:30:30.300,3076.6000,9239,0,50748060.000,0,-,-,-,-,3075.8000,3075.6000,3075.4000,3074.6000,3074.4000,3076.8000,3077.0000,3077.2000,3077.8000,3078.2000,1,1,1,2,1,1,1,1,1,1
SF,IH2006,2020-01-20 09:30:30.800,3076.6000,9239,0,50748060.000,0,-,-,-,-,3075.8000,3075.6000,3074.6000,3074.4000,3074.0000,3076.8000,3077.0000,3077.2000,3077.8000,3078.2000,1,1,2,1,1,1,1,1,1,1
SF,IH2006,2020-01-20 09:30:31.300,3076.6000,9239,0,50748060.000,0,-,-,-,-,3075.6000,3074.6000,3074.4000,3074.0000,3073.0000,3076.8000,3077.0000,3077.2000,3077.8000,3078.2000,1,2,1,1,1,1,1,1,1,1
SF,IH2006,2020-01-20 09:30:32.300,3076.6000,9239,0,50748060.000,0,-,-,-,-,3075.6000,3074.6000,3074.4000,3074.0000,3073.0000,3075.8000,3076.8000,3077.0000,3077.2000,3077.8000,1,2,1,1,1,2,1,1,1,1
SF,IH2006,2020-01-20 09:30:32.800,3075.8000,9237,-2,52593540.000,2,0,2,双平,S,3075.8000,3075.6000,3074.6000,3074.4000,3074.0000,3076.8000,3077.0000,3077.2000,3077.8000,3078.2000,1,1,2,1,1,1,1,1,1,1
SF,IH2006,2020-01-20 09:30:33.800,3076.8000,9238,1,53516580.000,1,1,0,双开,S,3076.8000,3075.6000,3074.6000,3074.4000,3074.0000,3077.0000,3077.2000,3077.8000,3078.2000,3079.0000,1,1,2,1,1,1,1,1,1,1
SF,IH2006,2020-01-20 09:30:34.300,3076.8000,9238,0,54439620.000,1,0,1,多换,S,3074.6000,3074.0000,3073.0000,3070.4000,3068.0000,3077.0000,3077.2000,3077.8000,3078.2000,3079.0000,2,1,1,5,2,1,2,1,1,1
SF,IH2006,2020-01-20 09:30:34.800,3076.8000,9238,0,54439620.000,0,-,-,-,-,3074.8000,3074.6000,3074.0000,3073.0000,3070.4000,3076.8000,3077.0000,3077.2000,3077.8000,3078.2000,1,2,1,1,5,2,1,1,1,1
SF,IH2006,2020-01-20 09:30:35.300,3076.8000,9239,1,56285700.000,2,1,1,空开,S,3075.0000,3074.8000,3074.6000,3074.0000,3073.0000,3077.0000,3077.2000,3077.8000,3078.2000,3079.0000,2,1,2,1,1,1,1,1,1,1
SF,IH2006,2020-01-20 09:30:35.800,3076.8000,9239,0,56285700.000,0,-,-,-,-,3075.2000,3075.0000,3074.6000,3074.0000,3073.0000,3076.6000,3077.0000,3077.2000,3077.8000,3078.2000,1,2,2,1,1,1,1,1,1,1
SF,IH2006,2020-01-20 09:30:36.300,3076.8000,9239,0,56285700.000,0,-,-,-,-,3076.6000,3075.2000,3075.0000,3074.6000,3074.0000,3077.0000,3077.2000,3077.8000,3078.2000,3079.0000,2,1,1,2,1,1,1,1,1,1
SF,IH2006,2020-01-20 09:30:36.800,3076.6000,9240,1,58131660.000,2,1,1,空开,S,3075.2000,3075.0000,3074.6000,3074.0000,3073.0000,3076.6000,3077.0000,3077.2000,3077.8000,3078.2000,1,1,2,1,1,2,1,2,1,1
SF,IH2006,2020-01-20 09:30:37.300,3076.6000,9240,0,58131660.000,0,-,-,-,-,3075.2000,3075.0000,3074.6000,3074.0000,3073.0000,3076.4000,3076.6000,3077.0000,3077.2000,3077.8000,1,1,2,1,1,1,2,1,1,1
SF,IH2006,2020-01-20 09:30:37.800,3076.6000,9240,0,59977620.000,2,1,1,多换,S,3075.2000,3075.0000,3074.6000,3074.0000,3073.0000,3077.0000,3077.2000,3077.8000,3078.2000,3079.0000,1,1,2,1,1,1,1,1,1,1
SF,IH2006,2020-01-20 09:30:38.300,3076.6000,9240,0,59977620.000,0,-,-,-,-,3075.4000,3075.2000,3074.6000,3074.0000,3073.0000,3077.0000,3077.2000,3077.8000,3078.2000,3079.0000,1,1,2,1,1,1,1,1,1,1
SF,IH2006,2020-01-20 09:30:38.800,3076.8000,9240,0,61823700.000,2,1,1,多换,S,3075.6000,3075.4000,3074.6000,3074.0000,3073.0000,3076.8000,3077.0000,3077.2000,3077.8000,3078.2000,1,1,2,1,1,1,1,2,1,1
SF,IH2006,2020-01-20 09:30:39.300,3075.6000,9240,0,62746380.000,1,0,1,多换,S,3075.4000,3074.6000,3074.0000,3073.0000,3070.4000,3076.8000,3077.0000,3077.2000,3077.6000,3077.8000,1,2,1,1,5,1,1,1,1,1
SF,IH2006,2020-01-20 09:30:39.800,3075.6000,9240,0,62746380.000,0,-,-,-,-,3075.6000,3075.4000,3074.6000,3074.0000,3073.0000,3076.8000,3077.0000,3077.2000,3077.6000,3077.8000,2,1,2,1,1,1,1,1,1,1
SF,IH2006,2020-01-20 09:30:40.300,3076.8000,9240,0,63669420.000,1,0,1,多换,S,3076.8000,3075.6000,3075.4000,3074.6000,3074.0000,3077.0000,3077.2000,3077.6000,3077.8000,3078.2000,1,2,1,2,1,1,1,1,1,1
SF,IH2006,2020-01-20 09:30:40.800,3076.8000,9240,0,64592460.000,1,0,1,多换,S,3075.6000,3075.4000,3074.6000,3074.0000,3073.0000,3077.0000,3077.2000,3077.6000,3077.8000,3078.2000,1,1,2,1,1,1,1,1,1,1
SF,IH2006,2020-01-20 09:30:41.300,3076.8000,9240,0,64592460.000,0,-,-,-,-,3075.6000,3075.4000,3074.6000,3074.0000,3073.0000,3077.0000,3077.2000,3077.6000,3077.8000,3078.2000,1,1,2,1,1,2,1,1,1,1
SF,IH2006,2020-01-20 09:30:41.800,3077.0000,9241,1,66438660.000,2,1,1,空开,S,3075.6000,3075.4000,3074.6000,3074.0000,3073.0000,3077.2000,3077.6000,3077.8000,3078.2000,3079.0000,1,1,2,1,1,1,1,1,1,1
SF,IH2006,2020-01-20 09:30:42.300,3077.0000,9241,0,66438660.000,0,-,-,-,-,3075.8000,3075.6000,3075.4000,3074.6000,3074.0000,3077.2000,3077.6000,3077.8000,3078.2000,3079.0000,1,1,1,2,1,1,1,1,1,1
SF,IH2006,2020-01-20 09:30:42.800,3077.2000,9241,0,67361820.000,1,0,1,多换,S,3077.2000,3076.0000,3075.8000,3075.4000,3074.6000,3077.6000,3077.8000,3078.2000,3079.0000,3079.8000,1,1,1,1,2,2,1,1,1,1
SF,IH2006,2020-01-20 09:30:43.300,3077.2000,9241,0,68284980.000,1,0,1,多换,S,3076.0000,3075.4000,3074.0000,3073.0000,3070.4000,3077.6000,3077.8000,3078.2000,3079.0000,3079.8000,1,1,1,1,5,2,1,1,1,1
SF,IH2006,2020-01-20 09:30:43.800,3077.2000,9241,0,68284980.000,0,-,-,-,-,3076.2000,3076.0000,3075.4000,3074.0000,3073.0000,3077.6000,3077.8000,3078.0000,3078.2000,3079.0000,1,1,1,1,1,2,1,1,1,1
SF,IH2006,2020-01-20 09:30:44.300,3077.6000,9242,1,70131480.000,2,1,1,空开,S,3076.2000,3076.0000,3075.4000,3074.0000,3073.0000,3077.6000,3077.8000,3078.0000,3078.2000,3079.0000,1,1,1,1,1,1,1,1,1,1
SF,IH2006,2020-01-20 09:30:44.800,3077.6000,9242,0,70131480.000,0,-,-,-,-,3076.4000,3075.4000,3074.0000,3073.0000,3070.4000,3077.6000,3077.8000,3078.0000,3078.2000,3079.0000,1,1,1,1,5,1,1,1,1,1
SF,IH2006,2020-01-20 09:30:45.300,3077.6000,9242,0,71054760.000,1,0,1,多换,S,3077.6000,3076.4000,3075.4000,3074.0000,3073.0000,3077.8000,3078.0000,3078.2000,3079.0000,3079.8000,1,1,1,1,1,1,1,1,1,1
SF,IH2006,2020-01-20 09:30:45.800,3077.6000,9242,0,71978040.000,1,0,1,多换,S,3076.4000,3075.4000,3074.0000,3073.0000,3070.4000,3077.8000,3078.0000,3078.2000,3079.0000,3079.8000,1,1,1,1,5,1,1,1,1,1
SF,IH2006,2020-01-20 09:30:46.300,3077.8000,9242,0,73824660.000,2,1,1,多换,S,3076.4000,3075.4000,3074.0000,3073.0000,3070.4000,3078.0000,3078.2000,3079.0000,3079.8000,3080.0000,1,1,1,1,5,1,1,1,1,3
SF,IH2006,2020-01-20 09:30:46.800,3076.4000,9242,0,74747580.000,1,0,1,多换,S,3075.4000,3074.0000,3073.0000,3070.4000,3068.0000,3078.0000,3078.2000,3079.0000,3079.8000,3080.0000,1,1,1,5,2,1,1,1,1,3
SF,IH2006,2020-01-20 09:30:47.300,3078.0000,9243,1,76594320.000,2,1,1,空开,S,3075.6000,3075.4000,3074.0000,3073.0000,3070.4000,3078.2000,3079.0000,3079.8000,3080.0000,3083.0000,1,1,1,1,5,1,1,1,3,1
SF,IH2006,2020-01-20 09:30:47.800,3078.0000,9243,0,76594320.000,0,-,-,-,-,3075.8000,3075.6000,3074.0000,3073.0000,3070.4000,3078.0000,3078.2000,3079.0000,3079.8000,3080.0000,1,1,1,1,5,2,1,1,1,3
SF,IH2006,2020-01-20 09:30:48.300,3078.0000,9243,0,76594320.000,0,-,-,-,-,3076.0000,3075.8000,3074.0000,3073.0000,3070.4000,3078.0000,3078.2000,3079.0000,3079.8000,3080.0000,1,1,1,1,5,2,1,1,1,3
SF,IH2006,2020-01-20 09:30:48.800,3078.0000,9243,0,76594320.000,0,-,-,-,-,3076.2000,3076.0000,3074.0000,3073.0000,3070.4000,3077.2000,3077.6000,3077.8000,3078.0000,3078.2000,1,1,1,1,5,1,3,2,2,1
SF,IH2006,2020-01-20 09:30:49.300,3078.0000,9243,0,76594320.000,0,-,-,-,-,3076.0000,3074.0000,3073.0000,3070.4000,3068.0000,3077.2000,3077.6000,3077.8000,3078.0000,3078.2000,1,1,1,5,2,1,3,3,2,1
SF,IH2006,2020-01-20 09:30:49.800,3078.0000,9243,0,76594320.000,0,-,-,-,-,3076.0000,3074.0000,3073.0000,3070.4000,3068.0000,3077.6000,3077.8000,3078.0000,3078.2000,3079.0000,1,1,1,5,2,3,4,2,1,1
SF,IH2006,2020-01-20 09:30:50.300,3078.0000,9243,0,76594320.000,0,-,-,-,-,3076.0000,3074.0000,3073.0000,3070.4000,3068.0000,3077.6000,3077.8000,3078.0000,3078.2000,3079.0000,1,1,1,5,2,3,3,2,1,1
SF,IH2006,2020-01-20 09:30:50.800,3078.0000,9243,0,76594320.000,0,-,-,-,-,3077.0000,3076.0000,3074.0000,3073.0000,3070.4000,3077.6000,3077.8000,3078.0000,3078.2000,3079.0000,1,1,1,1,5,3,3,2,1,1
SF,IH2006,2020-01-20 09:30:51.300,3077.0000,9243,0,77517420.000,1,0,1,多换,S,3076.0000,3074.0000,3073.0000,3070.4000,3068.0000,3077.2000,3077.6000,3077.8000,3078.0000,3078.2000,1,1,1,5,2,1,3,3,2,1
SF,IH2006,2020-01-20 09:30:51.800,3077.0000,9243,0,77517420.000,0,-,-,-,-,3074.0000,3073.0000,3070.4000,3068.0000,3066.0000,3076.8000,3077.0000,3077.2000,3077.8000,3078.0000,1,1,5,2,1,3,2,2,2,1
SF,IH2006,2020-01-20 09:30:52.300,3077.0000,9243,0,77517420.000,0,-,-,-,-,3074.2000,3074.0000,3073.0000,3070.4000,3068.0000,3076.6000,3076.8000,3077.2000,3077.8000,3078.0000,2,1,1,5,2,1,3,1,2,1
SF,IH2006,2020-01-20 09:30:52.800,3077.0000,9243,0,77517420.000,0,-,-,-,-,3074.6000,3074.2000,3074.0000,3073.0000,3070.4000,3076.2000,3076.6000,3077.2000,3077.8000,3078.0000,1,2,1,1,5,3,1,1,2,1
SF,IH2006,2020-01-20 09:30:53.300,3077.0000,9243,0,77517420.000,0,-,-,-,-,3074.8000,3074.6000,3074.2000,3074.0000,3073.0000,3077.2000,3077.8000,3078.0000,3078.2000,3079.0000,3,1,1,1,1,1,2,1,1,1
SF,IH2006,2020-01-20 09:30:53.800,3077.0000,9243,0,77517420.000,0,-,-,-,-,3075.0000,3074.8000,3074.6000,3074.0000,3073.0000,3077.0000,3077.2000,3077.8000,3078.0000,3078.2000,1,3,1,1,1,1,1,2,1,1
SF,IH2006,2020-01-20 09:30:54.300,3077.0000,9243,0,77517420.000,0,-,-,-,-,3075.2000,3075.0000,3074.8000,3074.6000,3074.0000,3077.0000,3077.2000,3077.8000,3078.0000,3078.2000,1,1,2,1,1,1,2,2,1,1
SF,IH2006,2020-01-20 09:30:54.800,3077.0000,9243,0,77517420.000,0,-,-,-,-,3075.4000,3075.2000,3074.6000,3074.0000,3073.0000,3077.0000,3077.2000,3077.8000,3078.0000,3078.2000,1,1,1,1,1,1,2,2,2,1
SF,IH2006,2020-01-20 09:30:55.300,3077.0000,9243,0,77517420.000,0,-,-,-,-,3075.6000,3075.4000,3074.6000,3074.0000,3073.0000,3076.8000,3077.0000,3077.2000,3077.8000,3078.0000,1,1,1,1,1,3,1,2,2,2
SF,IH2006,2020-01-20 09:30:55.800,3077.0000,9243,0,77517420.000,0,-,-,-,-,3075.4000,3074.6000,3074.0000,3073.0000,3070.4000,3076.4000,3076.6000,3076.8000,3077.2000,3077.8000,1,1,1,1,5,3,3,5,2,2
SF,IH2006,2020-01-20 09:30:56.300,3075.4000,9242,-1,78440040.000,1,0,1,双平,S,3074.0000,3073.0000,3070.4000,3068.0000,3066.0000,3076.6000,3076.8000,3077.2000,3077.8000,3078.0000,1,1,5,2,1,1,5,2,1,2
SF,IH2006,2020-01-20 09:30:56.800,3075.4000,9242,0,78440040.000,0,-,-,-,-,3074.2000,3074.0000,3073.0000,3070.4000,3068.0000,3076.4000,3076.6000,3076.8000,3077.2000,3077.8000,2,1,1,5,2,1,1,4,2,1
SF,IH2006,2020-01-20 09:30:57.300,3075.4000,9242,0,78440040.000,0,-,-,-,-,3074.2000,3074.0000,3073.0000,3070.4000,3068.0000,3076.4000,3076.8000,3077.2000,3077.6000,3078.0000,2,1,1,5,2,1,4,2,1,2
SF,IH2006,2020-01-20 09:30:57.800,3075.4000,9242,0,78440040.000,0,-,-,-,-,3074.2000,3074.0000,3073.0000,3070.4000,3068.0000,3076.2000,3076.4000,3076.8000,3077.2000,3077.6000,1,1,1,5,2,2,1,3,2,1
SF,IH2006,2020-01-20 09:30:58.300,3075.4000,9242,0,78440040.000,0,-,-,-,-,3074.2000,3074.0000,3073.0000,3070.4000,3068.0000,3075.8000,3076.0000,3076.2000,3076.8000,3077.2000,1,1,1,5,2,3,3,2,2,2
SF,IH2006,2020-01-20 09:30:58.800,3075.4000,9242,0,78440040.000,0,-,-,-,-,3074.0000,3073.0000,3068.0000,3066.6000,3066.0000,3075.6000,3075.8000,3076.0000,3076.2000,3076.8000,1,1,2,5,1,2,3,2,1,2
SF,IH2006,2020-01-20 09:30:59.300,3075.4000,9242,0,78440040.000,0,-,-,-,-,3074.2000,3074.0000,3073.0000,3068.0000,3066.6000,3075.2000,3075.4000,3075.6000,3076.0000,3076.8000,1,1,1,2,5,3,2,2,1,2
SF,IH2006,2020-01-20 09:30:59.800,3075.4000,9242,0,78440040.000,0,-,-,-,-,3074.2000,3074.0000,3073.0000,3068.0000,3066.6000,3075.0000,3075.2000,3075.4000,3075.6000,3076.0000,1,1,1,2,5,1,3,2,1,1
SF,IH2006,2020-01-20 09:31:00.300,3075.4000,9242,0,78440040.000,0,-,-,-,-,3074.2000,3074.0000,3073.0000,3068.0000,3066.6000,3075.4000,3076.0000,3076.8000,3077.2000,3077.6000,1,1,1,2,5,2,1,2,2,1
SF,IH2006,2020-01-20 09:31:00.800,3075.4000,9242,0,78440040.000,0,-,-,-,-,3074.2000,3074.0000,3073.0000,3068.0000,3066.6000,3076.8000,3077.2000,3077.6000,3078.0000,3078.2000,1,1,1,2,5,2,2,1,2,1
SF,IH2006,2020-01-20 09:31:01.300,3075.4000,9242,0,78440040.000,0,-,-,-,-,3074.2000,3074.0000,3073.0000,3068.0000,3066.6000,3076.4000,3076.6000,3076.8000,3077.2000,3077.6000,1,1,1,2,5,3,6,2,2,1
SF,IH2006,2020-01-20 09:31:01.800,3075.4000,9242,0,78440040.000,0,-,-,-,-,3074.2000,3074.0000,3073.0000,3068.0000,3066.6000,3076.6000,3077.2000,3077.6000,3078.0000,3078.2000,1,1,1,2,5,2,2,1,2,1
SF,IH2006,2020-01-20 09:31:02.300,3075.4000,9242,0,78440040.000,0,-,-,-,-,3074.2000,3074.0000,3073.0000,3068.0000,3066.6000,3076.2000,3076.4000,3076.6000,3077.2000,3077.6000,1,1,1,2,5,3,3,2,2,1
SF,IH2006,2020-01-20 09:31:02.800,3075.4000,9242,0,78440040.000,0,-,-,-,-,3074.2000,3074.0000,3073.0000,3068.0000,3066.6000,3076.0000,3076.2000,3076.4000,3077.2000,3077.6000,1,1,1,2,5,3,3,2,2,1
SF,IH2006,2020-01-20 09:31:03.300,3075.4000,9242,0,78440040.000,0,-,-,-,-,3074.2000,3074.0000,3073.0000,3068.0000,3066.6000,3075.6000,3075.8000,3076.0000,3077.2000,3077.6000,1,1,1,2,5,3,2,3,2,1
SF,IH2006,2020-01-20 09:31:03.800,3075.4000,9242,0,78440040.000,0,-,-,-,-,3074.2000,3074.0000,3073.0000,3068.0000,3066.6000,3075.4000,3075.8000,3077.2000,3077.6000,3078.0000,1,1,1,2,6,3,2,2,1,2
SF,IH2006,2020-01-20 09:31:04.300,3075.4000,9242,0,78440040.000,0,-,-,-,-,3074.4000,3074.2000,3074.0000,3073.0000,3068.0000,3075.4000,3075.8000,3077.2000,3077.6000,3078.0000,2,1,1,1,2,3,2,2,1,2
SF,IH2006,2020-01-20 09:31:04.800,3075.8000,9241,-1,80285400.000,2,0,2,多平,S,3075.6000,3075.4000,3074.4000,3074.0000,3073.0000,3077.2000,3077.6000,3078.0000,3078.2000,3079.0000,1,1,2,1,1,2,1,2,1,1
SF,IH2006,2020-01-20 09:31:05.300,3075.8000,9241,0,80285400.000,0,-,-,-,-,3075.8000,3075.6000,3075.4000,3074.0000,3073.0000,3076.8000,3077.0000,3077.2000,3077.6000,3078.0000,1,1,1,1,1,4,5,3,1,2
SF,IH2006,2020-01-20 09:31:05.800,3075.6000,9240,-1,82130820.000,2,0,2,多平,S,3075.4000,3074.0000,3073.0000,3068.0000,3066.6000,3076.8000,3077.0000,3077.2000,3077.6000,3078.0000,1,1,1,2,6,3,2,3,1,2
SF,IH2006,2020-01-20 09:31:06.300,3075.6000,9240,0,83053500.000,1,0,1,多换,S,3075.4000,3074.0000,3073.0000,3068.0000,3066.6000,3076.8000,3077.0000,3077.2000,3077.6000,3078.0000,1,1,1,2,6,3,1,3,1,2
SF,IH2006,2020-01-20 09:31:06.800,3075.6000,9240,0,83053500.000,0,-,-,-,-,3075.6000,3075.4000,3074.0000,3073.0000,3068.0000,3077.2000,3077.6000,3078.0000,3078.2000,3079.0000,1,1,1,1,2,2,1,2,1,1
SF,IH2006,2020-01-20 09:31:07.300,3075.6000,9240,0,83053500.000,0,-,-,-,-,3075.6000,3075.4000,3074.0000,3073.0000,3068.0000,3076.8000,3077.2000,3077.6000,3078.0000,3078.2000,1,1,1,1,2,3,1,1,2,1
SF,IH2006,2020-01-20 09:31:09.300,3075.6000,9240,0,83053500.000,0,-,-,-,-,3075.6000,3075.4000,3074.0000,3073.0000,3068.0000,3077.2000,3077.6000,3078.0000,3078.2000,3079.0000,1,1,1,1,2,1,1,2,1,1
SF,IH2006,2020-01-20 09:31:09.800,3075.6000,9240,0,83053500.000,0,-,-,-,-,3075.4000,3074.0000,3073.0000,3068.0000,3067.2000,3076.6000,3076.8000,3077.0000,3077.2000,3077.6000,1,1,1,2,5,1,3,5,2,1
SF,IH2006,2020-01-20 09:31:10.300,3075.6000,9240,0,83053500.000,0,-,-,-,-,3074.0000,3073.0000,3068.0000,3067.2000,3066.6000,3076.6000,3077.0000,3077.2000,3077.6000,3078.0000,1,1,2,5,6,1,3,2,1,2
SF,IH2006,2020-01-20 09:31:10.800,3075.6000,9240,0,83053500.000,0,-,-,-,-,3074.2000,3074.0000,3073.0000,3068.0000,3067.2000,3075.6000,3076.6000,3077.0000,3077.2000,3077.6000,3,1,1,2,5,2,1,3,2,1
SF,IH2006,2020-01-20 09:31:11.300,3075.6000,9239,-1,83976180.000,1,0,1,双平,S,3074.2000,3074.0000,3073.0000,3068.0000,3067.2000,3075.6000,3076.6000,3077.0000,3077.2000,3077.6000,3,1,1,2,5,3,1,3,2,1
SF,IH2006,2020-01-20 09:31:11.800,3075.6000,9239,0,83976180.000,0,-,-,-,-,3074.2000,3074.0000,3073.0000,3068.0000,3067.2000,3075.6000,3076.6000,3077.0000,3077.2000,3077.6000,3,1,1,2,5,3,1,3,2,1
SF,IH2006,2020-01-20 09:31:12.300,3075.6000,9238,-1,84898860.000,1,0,1,双平,S,3074.4000,3074.2000,3074.0000,3073.0000,3068.0000,3075.6000,3077.0000,3077.2000,3077.6000,3078.0000,2,2,1,1,2,2,3,2,1,2
SF,IH2006,2020-01-20 09:31:12.800,3075.6000,9236,-2,86744220.000,2,0,2,双平,S,3074.6000,3074.4000,3074.2000,3074.0000,3073.0000,3077.2000,3077.6000,3078.0000,3078.2000,3079.0000,1,2,1,1,1,1,1,2,1,1
SF,IH2006,2020-01-20 09:31:13.300,3075.6000,9236,0,86744220.000,0,-,-,-,-,3074.8000,3074.6000,3074.4000,3074.0000,3073.0000,3077.0000,3077.2000,3077.6000,3078.0000,3078.2000,1,1,2,1,1,1,2,1,2,1
SF,IH2006,2020-01-20 09:31:13.800,3075.6000,9236,0,86744220.000,0,-,-,-,-,3075.0000,3074.8000,3074.0000,3073.0000,3068.0000,3077.0000,3077.2000,3077.6000,3078.0000,3078.2000,1,1,1,1,2,1,1,1,2,1
SF,IH2006,2020-01-20 09:31:14.300,3075.6000,9236,0,86744220.000,0,-,-,-,-,3075.2000,3075.0000,3074.0000,3073.0000,3068.0000,3077.0000,3077.2000,3077.6000,3078.0000,3078.2000,1,1,1,1,2,1,1,1,2,1
SF,IH2006,2020-01-20 09:31:14.800,3075.6000,9236,0,86744220.000,0,-,-,-,-,3075.4000,3075.2000,3074.0000,3073.0000,3068.0000,3077.0000,3077.2000,3077.6000,3078.0000,3078.2000,1,1,1,1,2,1,2,1,2,1
SF,IH2006,2020-01-20 09:31:15.300,3075.6000,9236,0,86744220.000,0,-,-,-,-,3075.6000,3075.4000,3075.2000,3074.0000,3073.0000,3077.0000,3077.2000,3077.6000,3078.0000,3078.2000,1,1,1,1,1,1,2,1,2,1
SF,IH2006,2020-01-20 09:31:15.800,3075.6000,9236,0,86744220.000,0,-,-,-,-,3075.6000,3075.2000,3074.0000,3073.0000,3068.0000,3077.0000,3077.2000,3077.6000,3078.0000,3078.2000,1,1,1,1,2,1,2,1,2,1
SF,IH2006,2020-01-20 09:31:16.300,3075.6000,9236,0,86744220.000,0,-,-,-,-,3075.6000,3075.2000,3074.0000,3073.0000,3068.0000,3077.0000,3077.2000,3077.6000,3078.0000,3078.2000,1,1,1,1,2,1,2,1,2,1
SF,IH2006,2020-01-20 09:31:16.800,3075.6000,9236,0,87666900.000,1,0,1,多换,S,3075.2000,3074.0000,3073.0000,3068.0000,3067.2000,3077.0000,3077.2000,3077.6000,3078.0000,3078.2000,1,1,1,2,5,1,2,1,2,1
SF,IH2006,2020-01-20 09:31:17.800,3075.6000,9236,0,87666900.000,0,-,-,-,-,3075.2000,3074.0000,3073.0000,3068.0000,3067.2000,3077.0000,3077.2000,3077.6000,3078.0000,3078.2000,1,1,1,2,5,1,1,1,2,1
SF,IH2006,2020-01-20 09:31:18.300,3075.6000,9236,0,87666900.000,0,-,-,-,-,3075.4000,3075.2000,3074.0000,3073.0000,3068.0000,3077.6000,3078.0000,3078.2000,3079.0000,3079.8000,1,1,1,1,2,1,2,1,1,1
SF,IH2006,2020-01-20 09:31:18.800,3075.6000,9236,0,87666900.000,0,-,-,-,-,3075.6000,3075.4000,3074.0000,3073.0000,3068.0000,3077.4000,3077.6000,3078.0000,3078.2000,3079.0000,2,1,1,1,2,1,1,2,1,1
SF,IH2006,2020-01-20 09:31:19.300,3075.6000,9236,0,87666900.000,0,-,-,-,-,3075.8000,3075.6000,3074.0000,3073.0000,3068.0000,3077.4000,3077.6000,3078.0000,3078.2000,3079.0000,1,2,1,1,2,1,1,2,1,1
SF,IH2006,2020-01-20 09:31:19.800,3075.6000,9236,0,87666900.000,0,-,-,-,-,3075.8000,3075.6000,3074.0000,3073.0000,3068.0000,3076.4000,3077.4000,3077.6000,3078.0000,3078.2000,1,1,1,1,2,1,1,1,2,1
SF,IH2006,2020-01-20 09:31:20.300,3076.4000,9235,-1,88589820.000,1,0,1,双平,S,3076.4000,3075.8000,3074.0000,3073.0000,3068.0000,3077.4000,3077.6000,3078.0000,3078.2000,3079.0000,1,1,1,1,2,1,1,2,1,1
SF,IH2006,2020-01-20 09:31:20.800,3076.4000,9235,0,88589820.000,0,-,-,-,-,3075.8000,3074.0000,3073.0000,3068.0000,3067.2000,3076.4000,3077.4000,3077.6000,3078.0000,3078.2000,1,1,1,2,5,1,1,1,2,1
SF,IH2006,2020-01-20 09:31:21.300,3076.4000,9234,-1,89512740.000,1,0,1,双平,S,3076.4000,3075.8000,3074.0000,3073.0000,3068.0000,3077.6000,3078.0000,3078.2000,3079.0000,3079.8000,1,1,1,1,2,1,2,1,1,1
SF,IH2006,2020-01-20 09:31:21.800,3076.4000,9234,0,89512740.000,0,-,-,-,-,3076.4000,3075.8000,3074.0000,3073.0000,3068.0000,3077.4000,3077.6000,3078.0000,3078.2000,3079.0000,1,1,1,1,2,1,1,2,1,1
SF,IH2006,2020-01-20 09:31:22.300,3076.4000,9234,0,89512740.000,0,-,-,-,-,3076.6000,3076.4000,3074.0000,3073.0000,3068.0000,3077.6000,3078.0000,3078.2000,3079.0000,3079.8000,1,1,1,1,2,1,2,1,1,1
SF,IH2006,2020-01-20 09:31:22.800,3076.4000,9234,0,89512740.000,0,-,-,-,-,3076.6000,3076.4000,3074.0000,3073.0000,3068.0000,3076.8000,3077.6000,3078.0000,3078.2000,3079.0000,1,1,1,1,2,1,1,2,1,1
SF,IH2006,2020-01-20 09:31:23.300,3076.8000,9233,-1,90435780.000,1,0,1,双平,S,3077.0000,3076.8000,3076.6000,3076.4000,3074.0000,3077.4000,3077.6000,3078.0000,3078.2000,3079.0000,1,2,1,1,1,1,1,2,1,1
SF,IH2006,2020-01-20 09:31:23.800,3077.0000,9233,0,91358880.000,1,0,1,多换,S,3076.8000,3076.6000,3076.4000,3074.0000,3073.0000,3077.4000,3077.6000,3078.0000,3078.2000,3079.0000,1,1,1,1,1,1,1,2,1,1
SF,IH2006,2020-01-20 09:31:24.300,3077.0000,9233,0,91358880.000,0,-,-,-,-,3076.6000,3076.4000,3074.0000,3073.0000,3068.0000,3077.4000,3077.6000,3078.0000,3078.2000,3079.0000,1,1,1,1,2,1,1,2,1,1
SF,IH2006,2020-01-20 09:31:24.800,3077.0000,9233,0,91358880.000,0,-,-,-,-,3076.4000,3074.0000,3073.0000,3068.0000,3067.2000,3077.4000,3077.6000,3078.0000,3078.2000,3079.0000,1,1,1,2,5,1,1,2,1,1
SF,IH2006,2020-01-20 09:31:25.800,3077.0000,9233,0,91358880.000,0,-,-,-,-,3076.4000,3074.0000,3073.0000,3068.0000,3067.2000,3076.6000,3076.8000,3077.4000,3078.0000,3078.2000,1,1,1,2,5,1,1,1,2,1
SF,IH2006,2020-01-20 09:31:26.300,3076.6000,9232,-1,94127880.000,3,1,2,多平,S,3076.6000,3074.0000,3073.0000,3068.0000,3067.2000,3077.4000,3078.0000,3078.2000,3079.0000,3079.8000,1,1,1,2,5,1,2,1,1,1
SF,IH2006,2020-01-20 09:31:26.800,3076.6000,9231,-1,95973840.000,2,0,2,多平,S,3074.0000,3073.0000,3068.0000,3067.2000,3066.6000,3077.4000,3078.0000,3078.2000,3079.0000,3079.8000,1,1,2,5,6,1,2,1,1,1
SF,IH2006,2020-01-20 09:31:27.300,3076.6000,9231,0,95973840.000,0,-,-,-,-,3074.2000,3074.0000,3073.0000,3068.0000,3067.2000,3077.2000,3077.4000,3078.0000,3078.2000,3079.0000,14,2,1,2,5,1,1,2,1,1
SF,IH2006,2020-01-20 09:31:27.800,3076.6000,9231,0,95973840.000,0,-,-,-,-,3074.4000,3074.2000,3074.0000,3073.0000,3068.0000,3077.2000,3077.4000,3078.0000,3078.2000,3079.0000,1,2,2,1,2,1,1,2,1,1
SF,IH2006,2020-01-20 09:31:28.300,3077.2000,9232,1,96897000.000,1,1,0,双开,S,3074.6000,3074.4000,3074.2000,3074.0000,3073.0000,3077.4000,3078.0000,3078.2000,3079.0000,3079.8000,2,1,1,2,1,1,2,1,1,1
SF,IH2006,2020-01-20 09:31:28.800,3077.4000,9231,-1,98743380.000,2,0,2,多平,S,3074.6000,3074.2000,3074.0000,3073.0000,3068.0000,3078.0000,3078.2000,3079.0000,3079.8000,3080.0000,2,1,2,1,2,2,1,1,1,3
SF,IH2006,2020-01-20 09:31:29.300,3077.4000,9231,0,98743380.000,0,-,-,-,-,3074.8000,3074.6000,3074.2000,3074.0000,3073.0000,3077.8000,3078.0000,3078.2000,3079.0000,3079.8000,1,2,1,2,1,1,2,1,1,1
SF,IH2006,2020-01-20 09:31:29.800,3077.4000,9231,0,98743380.000,0,-,-,-,-,3075.0000,3074.8000,3074.6000,3074.2000,3074.0000,3077.8000,3078.0000,3078.2000,3079.0000,3079.8000,2,1,1,1,2,1,2,1,1,1
SF,IH2006,2020-01-20 09:31:30.300,3075.2000,9232,1,99665940.000,1,1,0,双开,S,3075.0000,3074.6000,3074.2000,3074.0000,3073.0000,3077.8000,3078.0000,3078.2000,3079.0000,3079.8000,2,1,1,2,1,1,2,1,1,1
SF,IH2006,2020-01-20 09:31:30.800,3075.2000,9232,0,99665940.000,0,-,-,-,-,3077.6000,3075.2000,3075.0000,3074.6000,3074.2000,3077.8000,3078.0000,3078.2000,3079.0000,3079.8000,1,2,2,1,1,1,2,1,1,1
SF,IH2006,2020-01-20 09:31:31.300,3077.6000,9232,0,100589220.000,1,0,1,多换,S,3075.2000,3075.0000,3074.6000,3074.2000,3074.0000,3077.6000,3077.8000,3078.0000,3078.2000,3079.0000,2,2,1,1,2,3,1,2,1,1
SF,IH2006,2020-01-20 09:31:31.800,3077.6000,9232,0,100589220.000,0,-,-,-,-,3075.8000,3075.4000,3075.2000,3075.0000,3074.6000,3077.4000,3077.6000,3078.0000,3078.2000,3079.0000,1,2,3,1,1,1,3,2,1,1
SF,IH2006,2020-01-20 09:31:32.300,3077.6000,9232,0,100589220.000,0,-,-,-,-,3076.0000,3075.8000,3075.4000,3075.2000,3075.0000,3077.4000,3077.6000,3078.0000,3078.2000,3079.0000,2,1,2,2,1,1,2,2,1,1
SF,IH2006,2020-01-20 09:31:32.800,3077.4000,9231,-1,101512440.000,1,0,1,双平,S,3076.0000,3075.4000,3075.2000,3075.0000,3074.6000,3077.2000,3077.4000,3077.6000,3078.0000,3078.2000,1,2,1,1,1,1,1,2,2,1
SF,IH2006,2020-01-20 09:31:33.300,3077.4000,9231,0,101512440.000,0,-,-,-,-,3076.0000,3075.4000,3075.0000,3074.6000,3074.0000,3077.4000,3077.6000,3078.0000,3078.2000,3079.0000,1,2,1,1,2,1,2,2,1,1
SF,IH2006,2020-01-20 09:31:33.800,3077.4000,9231,0,101512440.000,0,-,-,-,-,3076.2000,3076.0000,3075.4000,3075.0000,3074.6000,3077.4000,3077.6000,3078.0000,3078.2000,3079.0000,1,1,2,1,1,1,2,2,1,1
SF,IH2006,2020-01-20 09:31:34.300,3077.4000,9231,0,101512440.000,0,-,-,-,-,3076.0000,3075.4000,3075.0000,3074.6000,3074.0000,3077.4000,3077.6000,3078.0000,3078.2000,3079.0000,1,2,1,1,2,1,2,2,1,1
SF,IH2006,2020-01-20 09:31:34.800,3077.4000,9231,0,101512440.000,0,-,-,-,-,3076.2000,3076.0000,3075.4000,3075.0000,3074.6000,3076.6000,3077.4000,3077.6000,3078.0000,3078.2000,1,1,2,1,1,1,1,2,2,1
SF,IH2006,2020-01-20 09:31:35.300,3076.6000,9230,-1,102435420.000,1,0,1,双平,S,3076.0000,3075.4000,3075.0000,3074.6000,3074.0000,3077.4000,3077.6000,3078.0000,3078.2000,3079.0000,1,1,1,1,2,1,2,2,1,1
SF,IH2006,2020-01-20 09:31:35.800,3076.6000,9230,0,102435420.000,0,-,-,-,-,3076.0000,3075.4000,3075.0000,3074.6000,3074.0000,3077.4000,3077.6000,3078.0000,3078.2000,3079.0000,1,1,1,1,2,1,2,2,1,1
SF,IH2006,2020-01-20 09:31:36.300,3076.6000,9230,0,102435420.000,0,-,-,-,-,3076.2000,3076.0000,3075.4000,3075.0000,3074.6000,3077.4000,3077.6000,3078.0000,3078.2000,3079.0000,1,1,1,1,1,1,2,2,1,1
SF,IH2006,2020-01-20 09:31:36.800,3076.6000,9230,0,102435420.000,0,-,-,-,-,3076.0000,3075.4000,3075.0000,3074.6000,3074.0000,3077.4000,3077.6000,3078.0000,3078.2000,3079.0000,1,1,1,1,2,1,2,2,1,1
SF,IH2006,2020-01-20 09:31:37.300,3076.6000,9230,0,102435420.000,0,-,-,-,-,3076.2000,3076.0000,3075.4000,3075.0000,3074.6000,3077.4000,3077.6000,3078.0000,3078.2000,3079.0000,1,1,1,1,1,1,2,2,1,1
SF,IH2006,2020-01-20 09:31:37.800,3076.6000,9230,0,102435420.000,0,-,-,-,-,3076.0000,3075.4000,3075.0000,3074.6000,3074.0000,3077.4000,3077.6000,3078.0000,3078.2000,3079.0000,1,1,1,1,2,1,2,2,1,1
SF,IH2006,2020-01-20 09:31:41.800,3076.6000,9230,0,102435420.000,0,-,-,-,-,3076.0000,3075.4000,3075.0000,3074.6000,3074.0000,3077.4000,3077.6000,3078.0000,3078.2000,3079.0000,1,1,1,1,2,1,3,2,1,1
SF,IH2006,2020-01-20 09:31:42.300,3076.6000,9230,0,102435420.000,0,-,-,-,-,3076.6000,3076.2000,3076.0000,3075.4000,3075.0000,3077.6000,3078.0000,3078.2000,3079.0000,3079.8000,1,1,1,1,1,3,2,1,1,1
SF,IH2006,2020-01-20 09:31:42.800,3076.6000,9230,0,102435420.000,0,-,-,-,-,3076.8000,3076.6000,3076.2000,3075.4000,3075.0000,3077.6000,3078.0000,3078.2000,3079.0000,3079.8000,1,1,1,1,1,3,2,1,1,1
SF,IH2006,2020-01-20 09:31:47.800,3076.6000,9229,-1,104281380.000,2,0,2,多平,S,3076.2000,3075.4000,3075.0000,3074.6000,3074.0000,3077.6000,3078.0000,3078.2000,3079.0000,3079.8000,1,1,1,1,2,3,2,1,1,1
SF,IH2006,2020-01-20 09:31:48.300,3076.6000,9229,0,104281380.000,0,-,-,-,-,3076.4000,3076.2000,3075.4000,3075.0000,3074.6000,3077.4000,3077.6000,3078.0000,3078.2000,3079.0000,1,1,1,1,1,1,3,2,1,1
SF,IH2006,2020-01-20 09:31:48.800,3076.4000,9229,0,105204300.000,1,0,1,多换,S,3076.2000,3075.4000,3075.0000,3074.6000,3074.0000,3077.4000,3077.6000,3078.0000,3078.2000,3079.0000,1,1,1,1,2,1,3,2,1,1
SF,IH2006,2020-01-20 09:31:49.300,3076.2000,9229,0,106127160.000,1,0,1,多换,S,3075.4000,3075.0000,3074.6000,3074.0000,3073.0000,3077.4000,3077.6000,3078.0000,3078.2000,3079.0000,1,1,1,2,1,1,3,2,1,1
SF,IH2006,2020-01-20 09:31:49.800,3076.2000,9229,0,106127160.000,0,-,-,-,-,3075.6000,3075.4000,3075.0000,3074.6000,3074.0000,3077.0000,3077.4000,3077.6000,3078.0000,3078.2000,2,1,1,1,2,1,1,3,2,1
SF,IH2006,2020-01-20 09:31:50.300,3076.2000,9229,0,106127160.000,0,-,-,-,-,3075.8000,3075.6000,3075.4000,3075.0000,3074.0000,3076.8000,3077.6000,3078.0000,3078.2000,3079.0000,1,2,1,1,2,1,3,2,1,1
SF,IH2006,2020-01-20 09:31:50.800,3076.2000,9229,0,106127160.000,0,-,-,-,-,3075.8000,3075.6000,3075.4000,3075.0000,3074.0000,3076.6000,3076.8000,3077.4000,3077.6000,3078.0000,1,1,1,1,2,1,1,1,3,2
SF,IH2006,2020-01-20 09:31:51.300,3075.8000,9229,0,107049900.000,1,0,1,多换,S,3075.6000,3075.4000,3075.0000,3074.0000,3073.0000,3076.8000,3077.4000,3077.6000,3078.0000,3078.2000,1,1,1,2,1,1,1,3,2,1
SF,IH2006,2020-01-20 09:31:51.800,3075.8000,9229,0,107049900.000,0,-,-,-,-,3075.4000,3075.0000,3074.0000,3073.0000,3068.0000,3076.6000,3076.8000,3077.4000,3077.6000,3078.0000,1,1,2,1,2,1,1,1,3,2
SF,IH2006,2020-01-20 09:31:52.300,3075.8000,9229,0,107049900.000,0,-,-,-,-,3075.4000,3075.0000,3074.0000,3073.0000,3068.0000,3076.4000,3076.6000,3077.4000,3077.6000,3078.0000,1,1,2,1,2,1,1,1,3,2
SF,IH2006,2020-01-20 09:31:53.300,3075.8000,9229,0,107049900.000,0,-,-,-,-,3075.0000,3074.0000,3073.0000,3068.0000,3067.2000,3076.4000,3076.6000,3077.4000,3077.6000,3078.0000,1,2,1,2,5,1,1,1,3,2
SF,IH2006,2020-01-20 09:31:53.800,3075.8000,9229,0,107049900.000,0,-,-,-,-,3074.0000,3073.0000,3068.0000,3067.2000,3066.6000,3076.4000,3076.6000,3077.4000,3077.6000,3078.0000,1,1,2,5,6,1,1,1,3,2
SF,IH2006,2020-01-20 09:31:54.300,3075.8000,9229,0,107049900.000,0,-,-,-,-,3074.2000,3074.0000,3073.0000,3068.0000,3067.2000,3076.4000,3076.6000,3077.4000,3077.6000,3078.0000,2,1,1,2,5,1,1,1,3,2
SF,IH2006,2020-01-20 09:31:54.800,3075.8000,9229,0,107049900.000,0,-,-,-,-,3074.2000,3074.0000,3073.0000,3068.0000,3067.2000,3076.4000,3076.6000,3077.4000,3077.6000,3078.0000,2,1,1,2,5,1,1,1,3,2
SF,IH2006,2020-01-20 09:31:55.300,3075.8000,9229,0,107049900.000,0,-,-,-,-,3074.2000,3074.0000,3073.0000,3068.0000,3067.2000,3076.0000,3076.4000,3076.6000,3077.4000,3077.6000,2,1,1,2,5,1,1,1,1,3
SF,IH2006,2020-01-20 09:31:55.800,3075.8000,9229,0,107049900.000,0,-,-,-,-,3074.2000,3074.0000,3073.0000,3068.0000,3067.2000,3075.8000,3076.0000,3077.4000,3077.6000,3078.0000,2,1,1,2,5,1,1,1,1,2
SF,IH2006,2020-01-20 09:31:56.300,3075.8000,9229,0,107049900.000,0,-,-,-,-,3074.2000,3074.0000,3073.0000,3068.0000,3067.2000,3075.4000,3075.8000,3076.0000,3077.4000,3077.6000,2,1,1,2,5,1,1,1,1,1
SF,IH2006,2020-01-20 09:31:56.800,3075.8000,9229,0,107049900.000,0,-,-,-,-,3074.0000,3073.0000,3068.0000,3067.2000,3066.6000,3075.2000,3075.4000,3076.0000,3077.4000,3077.6000,1,1,2,5,6,1,1,1,1,1
SF,IH2006,2020-01-20 09:31:57.300,3075.8000,9229,0,107049900.000,0,-,-,-,-,3074.0000,3073.0000,3068.0000,3067.2000,3066.6000,3075.2000,3075.4000,3076.6000,3077.4000,3077.6000,1,1,2,5,6,1,1,1,1,1
SF,IH2006,2020-01-20 09:31:57.800,3075.8000,9229,0,107049900.000,0,-,-,-,-,3074.2000,3074.0000,3073.0000,3068.0000,3067.2000,3075.2000,3075.4000,3076.6000,3077.4000,3077.6000,1,1,1,2,5,1,1,1,1,1
SF,IH2006,2020-01-20 09:31:58.800,3075.4000,9228,-1,108895080.000,2,0,2,多平,S,3074.2000,3074.0000,3073.0000,3068.0000,3067.2000,3076.6000,3077.4000,3077.6000,3078.0000,3078.2000,1,1,1,2,5,1,1,1,2,1
SF,IH2006,2020-01-20 09:31:59.300,3075.4000,9228,0,108895080.000,0,-,-,-,-,3074.4000,3074.2000,3074.0000,3073.0000,3068.0000,3076.4000,3077.4000,3077.6000,3078.0000,3078.2000,3,1,1,1,2,2,1,1,2,1
SF,IH2006,2020-01-20 09:31:59.800,3075.4000,9228,0,108895080.000,0,-,-,-,-,3074.4000,3074.0000,3073.0000,3068.0000,3067.2000,3076.4000,3077.4000,3077.6000,3078.0000,3078.2000,3,1,1,2,5,1,1,1,2,1
SF,IH2006,2020-01-20 09:32:00.300,3075.4000,9228,0,108895080.000,0,-,-,-,-,3074.4000,3074.0000,3073.0000,3068.0000,3067.2000,3076.0000,3076.2000,3076.4000,3077.4000,3077.6000,1,1,1,2,5,1,5,2,1,1
SF,IH2006,2020-01-20 09:32:00.800,3075.4000,9228,0,108895080.000,0,-,-,-,-,3074.4000,3074.0000,3073.0000,3068.0000,3067.2000,3075.8000,3076.0000,3077.4000,3077.6000,3078.0000,1,1,1,2,5,2,1,1,1,2
SF,IH2006,2020-01-20 09:32:01.300,3075.4000,9228,0,108895080.000,0,-,-,-,-,3074.6000,3074.4000,3074.0000,3073.0000,3068.0000,3075.6000,3075.8000,3076.0000,3077.4000,3077.6000,1,2,1,1,2,1,1,1,1,1
SF,IH2006,2020-01-20 09:32:01.800,3075.4000,9228,0,108895080.000,0,-,-,-,-,3074.4000,3074.0000,3073.0000,3068.0000,3067.2000,3075.4000,3075.8000,3076.0000,3077.4000,3077.6000,1,1,1,2,5,1,1,1,1,1
SF,IH2006,2020-01-20 09:32:02.300,3075.4000,9228,0,108895080.000,0,-,-,-,-,3074.0000,3073.0000,3068.0000,3067.2000,3066.6000,3075.2000,3076.0000,3077.4000,3077.6000,3078.0000,1,1,2,5,6,2,1,1,1,2
SF,IH2006,2020-01-20 09:32:02.800,3075.4000,9228,0,108895080.000,0,-,-,-,-,3074.0000,3073.0000,3068.0000,3067.2000,3066.6000,3075.2000,3077.4000,3077.6000,3078.0000,3078.2000,1,1,2,5,6,2,1,1,2,1
SF,IH2006,2020-01-20 09:32:03.300,3075.4000,9228,0,108895080.000,0,-,-,-,-,3074.0000,3073.0000,3068.0000,3067.2000,3066.6000,3075.0000,3075.2000,3077.4000,3077.6000,3078.0000,1,1,2,5,6,1,2,1,1,2
SF,IH2006,2020-01-20 09:32:03.800,3075.4000,9228,0,108895080.000,0,-,-,-,-,3074.0000,3073.0000,3068.0000,3067.2000,3066.6000,3074.8000,3075.0000,3075.2000,3077.4000,3077.6000,1,1,2,5,6,1,1,1,1,1
SF,IH2006,2020-01-20 09:32:05.300,3074.0000,9227,-1,109817280.000,1,0,1,双平,S,3073.0000,3068.0000,3067.2000,3066.6000,3066.0000,3074.4000,3074.8000,3075.0000,3075.2000,3077.4000,1,2,5,6,2,3,1,1,1,1
SF,IH2006,2020-01-20 09:32:05.800,3074.0000,9227,0,109817280.000,0,-,-,-,-,3073.2000,3073.0000,3068.0000,3067.2000,3066.6000,3075.2000,3077.4000,3077.6000,3078.0000,3078.2000,1,2,2,5,6,1,1,1,2,1
SF,IH2006,2020-01-20 09:32:06.300,3074.0000,9227,0,109817280.000,0,-,-,-,-,3073.4000,3073.2000,3073.0000,3068.0000,3067.2000,3074.8000,3075.2000,3077.4000,3077.6000,3078.0000,1,1,2,2,5,1,1,1,1,2
SF,IH2006,2020-01-20 09:32:06.800,3074.0000,9227,0,109817280.000,0,-,-,-,-,3073.4000,3073.2000,3073.0000,3068.0000,3067.2000,3074.6000,3074.8000,3077.4000,3077.6000,3078.0000,1,1,2,2,5,1,1,1,1,2
SF,IH2006,2020-01-20 09:32:07.300,3074.0000,9227,0,109817280.000,0,-,-,-,-,3073.2000,3073.0000,3068.0000,3067.2000,3066.6000,3074.6000,3074.8000,3077.4000,3077.6000,3078.0000,1,2,2,5,6,1,1,1,1,2
SF,IH2006,2020-01-20 09:32:07.800,3074.0000,9227,0,109817280.000,0,-,-,-,-,3073.2000,3073.0000,3068.0000,3067.2000,3066.6000,3074.6000,3074.8000,3077.4000,3077.6000,3078.0000,1,2,2,5,6,1,1,1,1,2
SF,IH2006,2020-01-20 09:32:08.800,3074.0000,9227,0,109817280.000,0,-,-,-,-,3073.2000,3073.0000,3068.0000,3067.2000,3066.6000,3074.4000,3074.6000,3074.8000,3077.4000,3077.6000,1,2,2,5,6,4,1,1,1,1
SF,IH2006,2020-01-20 09:32:09.300,3074.0000,9227,0,109817280.000,0,-,-,-,-,3073.0000,3068.0000,3067.2000,3066.6000,3066.0000,3074.2000,3074.4000,3077.4000,3077.6000,3078.0000,2,2,5,6,2,1,1,1,1,2
SF,IH2006,2020-01-20 09:32:09.800,3074.0000,9227,0,109817280.000,0,-,-,-,-,3073.0000,3068.0000,3067.2000,3066.6000,3066.0000,3074.2000,3074.4000,3077.4000,3077.6000,3078.0000,2,2,5,6,2,1,1,1,1,2
SF,IH2006,2020-01-20 09:32:10.300,3074.0000,9227,0,109817280.000,0,-,-,-,-,3073.0000,3068.0000,3067.2000,3066.6000,3066.0000,3074.2000,3074.4000,3077.4000,3077.6000,3078.0000,2,2,5,6,2,1,5,1,1,2
SF,IH2006,2020-01-20 09:32:10.800,3074.0000,9227,0,109817280.000,0,-,-,-,-,3073.2000,3073.0000,3068.0000,3067.2000,3066.6000,3074.4000,3077.4000,3077.6000,3078.0000,3078.2000,1,2,2,5,6,1,1,1,2,1
SF,IH2006,2020-01-20 09:32:11.300,3074.4000,9227,0,110739600.000,1,0,1,多换,S,3074.6000,3074.4000,3073.4000,3073.2000,3073.0000,3077.4000,3077.6000,3078.0000,3078.2000,3078.4000,1,1,1,1,2,1,1,2,1,1
SF,IH2006,2020-01-20 09:32:11.800,3074.4000,9227,0,110739600.000,0,-,-,-,-,3074.8000,3074.6000,3074.4000,3073.4000,3073.2000,3076.0000,3076.8000,3077.0000,3077.2000,3077.4000,1,1,1,1,1,1,1,3,9,1
SF,IH2006,2020-01-20 09:32:12.300,3074.4000,9227,0,110739600.000,0,-,-,-,-,3074.6000,3074.4000,3073.4000,3073.2000,3073.0000,3076.0000,3077.0000,3077.2000,3077.4000,3077.6000,1,1,1,1,2,2,3,8,1,1
SF,IH2006,2020-01-20 09:32:12.800,3074.4000,9227,0,110739600.000,0,-,-,-,-,3074.8000,3074.6000,3074.4000,3073.2000,3073.0000,3076.0000,3077.0000,3077.2000,3077.4000,3077.6000,1,1,1,1,2,2,3,8,1,1
SF,IH2006,2020-01-20 09:32:13.300,3074.8000,9227,0,111662040.000,1,0,1,多换,S,3074.6000,3074.4000,3073.2000,3073.0000,3068.0000,3076.0000,3077.0000,3077.2000,3077.4000,3077.6000,1,1,1,2,2,2,3,8,1,1
SF,IH2006,2020-01-20 09:32:14.300,3076.0000,9228,1,113507640.000,2,1,1,空开,S,3074.8000,3074.6000,3074.4000,3073.2000,3073.0000,3077.0000,3077.2000,3077.4000,3077.6000,3078.0000,1,1,1,1,2,3,6,1,1,2
SF,IH2006,2020-01-20 09:32:14.800,3076.0000,9228,0,113507640.000,0,-,-,-,-,3075.2000,3075.0000,3074.6000,3074.4000,3073.0000,3076.8000,3077.4000,3077.6000,3078.0000,3078.2000,2,2,1,1,2,1,1,1,2,1
SF,IH2006,2020-01-20 09:32:15.300,3075.4000,9229,1,114430260.000,1,1,0,双开,S,3075.2000,3075.0000,3074.6000,3074.4000,3073.0000,3077.4000,3077.6000,3078.0000,3078.2000,3078.4000,2,1,1,1,2,1,1,2,1,1
SF,IH2006,2020-01-20 09:32:15.800,3075.4000,9229,0,114430260.000,0,-,-,-,-,3075.6000,3075.4000,3075.2000,3074.6000,3074.4000,3077.2000,3077.4000,3077.6000,3078.0000,3078.2000,1,2,1,1,1,1,1,1,2,1
SF,IH2006,2020-01-20 09:32:16.300,3075.4000,9229,0,114430260.000,0,-,-,-,-,3076.0000,3075.8000,3075.6000,3075.4000,3074.6000,3077.2000,3077.4000,3077.6000,3078.0000,3078.2000,1,1,1,1,1,1,1,1,2,1
SF,IH2006,2020-01-20 09:32:16.800,3075.4000,9229,0,114430260.000,0,-,-,-,-,3076.0000,3075.8000,3075.6000,3075.4000,3074.6000,3077.2000,3077.4000,3077.6000,3078.0000,3078.2000,1,1,1,1,1,1,1,1,2,1
SF,IH2006,2020-01-20 09:32:17.300,3076.0000,9230,1,115353060.000,1,1,0,双开,S,3075.4000,3074.6000,3074.4000,3073.0000,3068.0000,3077.0000,3077.2000,3077.4000,3077.6000,3078.0000,1,1,1,2,2,2,3,1,1,2
SF,IH2006,2020-01-20 09:32:17.800,3076.0000,9230,0,115353060.000,0,-,-,-,-,3075.6000,3075.4000,3074.6000,3074.4000,3073.0000,3076.8000,3077.0000,3077.2000,3077.4000,3077.6000,1,1,1,1,2,1,2,2,1,1
SF,IH2006,2020-01-20 09:32:18.300,3076.0000,9230,0,115353060.000,0,-,-,-,-,3075.4000,3074.6000,3074.4000,3073.0000,3068.0000,3076.8000,3077.0000,3077.2000,3077.4000,3077.6000,1,1,1,2,2,1,2,2,1,1
SF,IH2006,2020-01-20 09:32:19.300,3076.0000,9230,0,115353060.000,0,-,-,-,-,3075.6000,3075.4000,3074.6000,3074.4000,3073.0000,3076.8000,3077.2000,3077.4000,3077.6000,3078.0000,1,1,1,1,2,1,2,1,1,2
SF,IH2006,2020-01-20 09:32:19.800,3076.0000,9230,0,115353060.000,0,-,-,-,-,3075.6000,3075.4000,3074.6000,3074.4000,3073.0000,3076.8000,3077.2000,3077.4000,3077.6000,3078.0000,2,1,1,1,2,1,2,1,1,2
SF,IH2006,2020-01-20 09:32:20.300,3076.0000,9230,0,115353060.000,0,-,-,-,-,3075.8000,3075.6000,3075.4000,3074.6000,3074.4000,3076.4000,3076.8000,3077.2000,3077.4000,3077.6000,1,1,1,1,1,3,1,2,1,1
SF,IH2006,2020-01-20 09:32:20.800,3075.8000,9230,0,116275800.000,1,0,1,多换,S,3074.6000,3074.4000,3073.0000,3068.0000,3067.2000,3075.8000,3076.8000,3077.2000,3077.4000,3077.6000,1,1,2,2,5,1,1,2,1,1
SF,IH2006,2020-01-20 09:32:21.300,3075.8000,9230,0,116275800.000,0,-,-,-,-,3075.0000,3074.8000,3074.6000,3074.4000,3073.0000,3076.8000,3077.0000,3077.2000,3077.4000,3077.6000,1,3,1,1,2,1,1,2,1,1
SF,IH2006,2020-01-20 09:32:21.800,3075.8000,9230,0,116275800.000,0,-,-,-,-,3075.2000,3074.8000,3074.6000,3074.4000,3073.0000,3076.8000,3077.0000,3077.2000,3077.4000,3077.6000,2,2,1,1,2,1,1,2,1,1
SF,IH2006,2020-01-20 09:32:22.300,3075.8000,9230,0,116275800.000,0,-,-,-,-,3075.2000,3074.8000,3074.6000,3074.4000,3073.0000,3076.4000,3076.8000,3077.0000,3077.2000,3077.4000,1,1,1,1,2,3,1,1,2,1
SF,IH2006,2020-01-20 09:32:22.800,3075.8000,9230,0,116275800.000,0,-,-,-,-,3074.6000,3074.4000,3073.0000,3068.0000,3067.2000,3076.2000,3076.4000,3077.0000,3077.2000,3077.4000,1,1,2,2,5,1,3,1,2,1
SF,IH2006,2020-01-20 09:32:23.300,3075.8000,9230,0,116275800.000,0,-,-,-,-,3074.6000,3074.4000,3073.0000,3068.0000,3067.2000,3075.8000,3076.0000,3076.2000,3077.0000,3077.2000,1,1,2,2,5,3,2,1,1,2
SF,IH2006,2020-01-20 09:32:23.800,3075.8000,9231,1,117198540.000,1,1,0,双开,S,3074.6000,3074.4000,3073.0000,3068.0000,3067.2000,3076.0000,3077.0000,3077.2000,3077.4000,3077.6000,1,1,2,2,5,2,1,2,1,1
SF,IH2006,2020-01-20 09:32:24.300,3075.8000,9231,0,117198540.000,0,-,-,-,-,3074.8000,3074.4000,3073.0000,3068.0000,3067.2000,3075.8000,3076.0000,3077.0000,3077.2000,3077.4000,1,1,2,2,5,2,2,1,2,1
SF,IH2006,2020-01-20 09:32:24.800,3075.8000,9231,0,117198540.000,0,-,-,-,-,3074.8000,3074.4000,3073.8000,3073.0000,3068.0000,3075.6000,3075.8000,3076.0000,3077.0000,3077.2000,1,1,1,2,2,1,1,2,1,2
SF,IH2006,2020-01-20 09:32:25.800,3074.8000,9231,0,118120980.000,1,0,1,多换,S,3073.8000,3073.0000,3068.0000,3067.2000,3066.6000,3074.8000,3075.6000,3075.8000,3076.0000,3077.0000,1,2,2,5,6,1,1,1,2,1
SF,IH2006,2020-01-20 09:32:26.300,3074.8000,9231,0,118120980.000,0,-,-,-,-,3074.0000,3073.8000,3073.0000,3068.0000,3067.2000,3074.8000,3075.8000,3076.0000,3077.0000,3077.2000,1,1,2,2,5,1,1,2,1,2
SF,IH2006,2020-01-20 09:32:27.300,3074.8000,9231,0,119043420.000,1,0,1,多换,S,3074.0000,3073.8000,3073.0000,3068.0000,3067.2000,3075.8000,3076.0000,3077.0000,3077.2000,3077.4000,1,1,1,2,5,1,2,1,2,1
SF,IH2006,2020-01-20 09:32:27.800,3074.8000,9231,0,119043420.000,0,-,-,-,-,3074.2000,3073.8000,3073.0000,3068.0000,3067.2000,3075.6000,3075.8000,3077.0000,3077.2000,3077.4000,2,1,1,2,5,7,2,1,2,1
SF,IH2006,2020-01-20 09:32:28.300,3074.8000,9231,0,119043420.000,0,-,-,-,-,3074.2000,3073.8000,3073.0000,3068.0000,3067.2000,3075.4000,3075.6000,3077.0000,3077.2000,3077.4000,2,1,1,2,5,1,1,1,2,1
SF,IH2006,2020-01-20 09:32:28.800,3074.8000,9231,0,119043420.000,0,-,-,-,-,3074.2000,3073.8000,3073.0000,3068.0000,3067.2000,3075.6000,3077.0000,3077.2000,3077.4000,3077.6000,1,1,1,2,5,1,1,2,1,1
SF,IH2006,2020-01-20 09:32:29.300,3074.8000,9231,0,119043420.000,0,-,-,-,-,3074.2000,3073.8000,3073.0000,3068.0000,3067.2000,3075.2000,3075.6000,3077.0000,3077.2000,3077.4000,1,1,1,2,5,3,1,1,2,1
SF,IH2006,2020-01-20 09:32:30.300,3074.8000,9231,0,119043420.000,0,-,-,-,-,3074.2000,3073.8000,3073.0000,3068.0000,3067.2000,3075.0000,3075.2000,3075.6000,3077.0000,3077.2000,1,1,1,2,5,2,3,1,1,2
SF,IH2006,2020-01-20 09:32:30.800,3074.8000,9231,0,119043420.000,0,-,-,-,-,3074.2000,3073.8000,3073.0000,3068.0000,3067.2000,3075.0000,3075.6000,3077.0000,3077.2000,3077.4000,1,1,1,2,5,2,1,1,2,1
SF,IH2006,2020-01-20 09:32:31.300,3074.8000,9231,0,119043420.000,0,-,-,-,-,3074.2000,3073.8000,3073.0000,3068.0000,3067.2000,3075.0000,3075.6000,3077.0000,3077.2000,3077.4000,1,1,1,2,5,2,1,1,2,1
SF,IH2006,2020-01-20 09:32:33.300,3074.2000,9231,0,119965680.000,1,0,1,多换,S,3073.8000,3073.0000,3068.0000,3067.2000,3066.6000,3075.0000,3075.6000,3077.0000,3077.2000,3077.4000,1,1,2,5,6,2,1,1,2,1
SF,IH2006,2020-01-20 09:32:33.800,3074.2000,9231,0,119965680.000,0,-,-,-,-,3073.8000,3073.0000,3068.0000,3067.2000,3066.6000,3074.8000,3075.0000,3077.0000,3077.2000,3077.4000,1,1,2,5,6,1,2,1,2,1
SF,IH2006,2020-01-20 09:32:35.300,3074.2000,9231,0,119965680.000,0,-,-,-,-,3074.4000,3073.8000,3073.0000,3068.0000,3067.2000,3074.6000,3074.8000,3075.0000,3077.0000,3077.2000,1,1,1,2,5,1,1,1,1,2
SF,IH2006,2020-01-20 09:32:35.800,3074.4000,9230,-1,122732640.000,3,1,2,多平,S,3073.8000,3073.0000,3068.0000,3067.2000,3066.6000,3074.8000,3075.0000,3077.0000,3077.2000,3077.4000,1,1,2,5,6,1,1,1,2,1
SF,IH2006,2020-01-20 09:32:36.300,3074.4000,9230,0,122732640.000,0,-,-,-,-,3074.0000,3073.8000,3073.0000,3068.0000,3067.2000,3074.8000,3075.0000,3077.0000,3077.2000,3077.4000,2,1,1,2,5,1,1,1,2,1
SF,IH2006,2020-01-20 09:32:36.800,3074.4000,9230,0,122732640.000,0,-,-,-,-,3074.0000,3073.8000,3073.0000,3068.0000,3067.2000,3074.8000,3075.0000,3077.0000,3077.2000,3077.4000,1,1,1,2,5,1,1,1,2,1
SF,IH2006,2020-01-20 09:32:37.300,3074.8000,9231,1,123655080.000,1,1,0,双开,S,3074.8000,3074.0000,3073.8000,3073.0000,3068.0000,3075.0000,3077.0000,3077.2000,3077.4000,3077.6000,1,1,1,1,2,1,1,2,1,1
SF,IH2006,2020-01-20 09:32:37.800,3074.8000,9231,0,124577520.000,1,0,1,多换,S,3073.8000,3073.0000,3068.0000,3067.2000,3066.6000,3074.8000,3075.0000,3077.0000,3077.2000,3077.4000,1,1,2,5,6,1,1,1,2,1
SF,IH2006,2020-01-20 09:32:38.300,3074.8000,9231,0,124577520.000,0,-,-,-,-,3073.8000,3073.0000,3068.0000,3067.2000,3066.6000,3075.0000,3077.0000,3077.2000,3077.4000,3077.6000,1,1,2,5,6,1,1,2,1,1
SF,IH2006,2020-01-20 09:32:38.800,3075.0000,9231,0,125500020.000,1,0,1,多换,S,3075.0000,3073.8000,3073.0000,3068.0000,3067.2000,3077.0000,3077.2000,3077.4000,3077.6000,3078.0000,1,1,1,2,5,1,2,1,1,2
SF,IH2006,2020-01-20 09:32:39.300,3075.0000,9230,-1,127345020.000,2,0,2,多平,S,3073.8000,3073.0000,3068.0000,3067.2000,3066.6000,3076.4000,3076.6000,3076.8000,3077.0000,3077.2000,1,1,2,5,6,1,3,8,1,2
SF,IH2006,2020-01-20 09:32:39.800,3075.0000,9230,0,127345020.000,0,-,-,-,-,3074.0000,3073.8000,3073.0000,3068.0000,3067.2000,3076.0000,3076.2000,3076.8000,3077.0000,3077.2000,1,1,1,2,5,4,7,3,1,2
SF,IH2006,2020-01-20 09:32:40.300,3075.8000,9231,1,129190440.000,2,1,1,空开,S,3073.8000,3073.0000,3068.0000,3067.2000,3066.6000,3075.8000,3076.0000,3076.2000,3076.8000,3077.0000,1,1,2,5,6,7,4,2,3,1
SF,IH2006,2020-01-20 09:32:40.800,3075.8000,9231,0,129190440.000,0,-,-,-,-,3073.8000,3073.0000,3068.0000,3067.2000,3066.6000,3074.4000,3075.4000,3075.8000,3076.0000,3076.2000,1,1,2,5,6,3,3,7,1,2
SF,IH2006,2020-01-20 09:32:41.300,3075.8000,9231,0,129190440.000,0,-,-,-,-,3073.8000,3073.0000,3068.0000,3067.2000,3066.6000,3074.4000,3075.4000,3075.8000,3076.2000,3076.8000,1,1,2,5,6,3,3,7,2,3
SF,IH2006,2020-01-20 09:32:41.800,3075.8000,9231,0,129190440.000,0,-,-,-,-,3073.8000,3073.0000,3068.0000,3067.2000,3066.6000,3075.4000,3075.6000,3075.8000,3076.2000,3076.8000,1,1,2,5,6,3,1,6,2,3
SF,IH2006,2020-01-20 09:32:42.300,3075.4000,9232,1,131035680.000,2,1,1,空开,S,3073.8000,3073.0000,3068.0000,3067.2000,3066.6000,3075.2000,3075.4000,3075.6000,3075.8000,3076.2000,1,1,2,5,6,2,3,1,3,2
SF,IH2006,2020-01-20 09:32:42.800,3075.4000,9232,0,131035680.000,0,-,-,-,-,3074.0000,3073.8000,3073.0000,3068.0000,3067.2000,3074.8000,3075.2000,3075.8000,3076.2000,3076.4000,1,1,1,2,5,3,3,2,2,1
SF,IH2006,2020-01-20 09:32:43.300,3075.4000,9232,0,131035680.000,0,-,-,-,-,3074.0000,3073.8000,3073.0000,3068.0000,3067.2000,3074.8000,3075.0000,3075.2000,3075.8000,3076.2000,1,1,1,2,5,3,1,2,2,2
SF,IH2006,2020-01-20 09:32:43.800,3074.8000,9232,0,132880560.000,2,1,1,多换,S,3074.0000,3073.8000,3073.0000,3068.0000,3067.2000,3074.8000,3075.0000,3075.2000,3075.8000,3076.2000,1,1,1,2,5,1,1,2,3,2
SF,IH2006,2020-01-20 09:32:44.300,3074.8000,9232,0,132880560.000,0,-,-,-,-,3074.0000,3073.8000,3073.0000,3068.0000,3067.2000,3075.2000,3075.4000,3075.8000,3076.0000,3076.2000,1,1,1,2,5,2,1,3,1,2
SF,IH2006,2020-01-20 09:32:44.800,3074.8000,9233,1,135647580.000,3,2,1,空开,S,3073.8000,3073.0000,3068.0000,3067.2000,3066.6000,3075.0000,3075.2000,3075.8000,3076.0000,3076.2000,1,1,2,5,6,1,2,3,1,2
SF,IH2006,2020-01-20 09:32:45.300,3075.0000,9232,-1,136570080.000,1,0,1,双平,S,3074.0000,3073.8000,3073.0000,3068.0000,3067.2000,3075.8000,3076.0000,3076.2000,3076.4000,3076.8000,2,1,1,2,5,3,1,2,2,3
SF,IH2006,2020-01-20 09:32:45.800,3075.0000,9232,0,136570080.000,0,-,-,-,-,3074.0000,3073.8000,3073.0000,3068.0000,3067.2000,3075.6000,3075.8000,3076.0000,3076.2000,3076.4000,2,1,1,2,5,1,1,1,1,2
SF,IH2006,2020-01-20 09:32:46.300,3075.4000,9232,0,138415320.000,2,1,1,多换,S,3074.2000,3073.8000,3073.0000,3068.0000,3067.2000,3075.4000,3075.6000,3075.8000,3076.0000,3076.2000,1,1,1,2,5,2,1,1,1,1
SF,IH2006,2020-01-20 09:32:46.800,3075.4000,9232,0,138415320.000,0,-,-,-,-,3074.4000,3074.2000,3073.8000,3073.0000,3068.0000,3075.6000,3075.8000,3076.0000,3076.2000,3076.4000,2,1,1,1,2,1,1,1,1,2
SF,IH2006,2020-01-20 09:32:47.300,3075.4000,9232,0,138415320.000,0,-,-,-,-,3073.8000,3073.0000,3068.0000,3067.2000,3066.6000,3075.4000,3075.6000,3075.8000,3076.0000,3076.2000,1,1,2,5,6,2,1,1,1,1
SF,IH2006,2020-01-20 09:32:47.800,3075.4000,9233,1,140260560.000,2,1,1,空开,S,3074.0000,3073.8000,3073.0000,3068.0000,3067.2000,3074.8000,3075.4000,3075.8000,3076.0000,3076.2000,2,1,1,2,5,1,1,1,1,1
SF,IH2006,2020-01-20 09:32:49.300,3074.8000,9233,0,141183000.000,1,0,1,多换,S,3074.8000,3074.0000,3073.8000,3073.0000,3068.0000,3075.4000,3075.8000,3076.0000,3076.2000,3076.4000,1,2,1,1,2,1,1,1,1,2
SF,IH2006,2020-01-20 09:32:49.800,3074.8000,9233,0,142105440.000,1,0,1,多换,S,3074.0000,3073.8000,3073.0000,3068.0000,3067.2000,3074.8000,3075.4000,3075.8000,3076.0000,3076.2000,2,1,1,2,5,4,1,1,1,1
SF,IH2006,2020-01-20 09:32:50.300,3074.8000,9233,0,142105440.000,0,-,-,-,-,3074.0000,3073.8000,3073.0000,3068.0000,3067.2000,3074.8000,3075.4000,3075.8000,3076.0000,3076.2000,2,1,1,2,5,1,1,1,1,1
SF,IH2006,2020-01-20 09:32:50.800,3074.8000,9233,0,142105440.000,0,-,-,-,-,3074.2000,3074.0000,3073.8000,3073.0000,3068.0000,3075.8000,3076.0000,3076.2000,3076.4000,3076.8000,1,2,1,1,2,1,1,1,2,3
SF,IH2006,2020-01-20 09:32:51.300,3074.8000,9233,0,142105440.000,0,-,-,-,-,3073.8000,3073.0000,3068.0000,3067.2000,3066.6000,3074.4000,3075.6000,3075.8000,3076.0000,3076.2000,1,1,2,5,6,4,5,1,1,1
SF,IH2006,2020-01-20 09:32:51.800,3074.8000,9233,0,142105440.000,0,-,-,-,-,3074.4000,3074.0000,3073.8000,3073.0000,3068.0000,3075.6000,3075.8000,3076.0000,3076.2000,3076.4000,1,2,1,1,2,4,1,1,1,2
SF,IH2006,2020-01-20 09:32:52.300,3074.8000,9233,0,142105440.000,0,-,-,-,-,3074.4000,3074.0000,3073.8000,3073.0000,3068.0000,3075.6000,3075.8000,3076.0000,3076.2000,3076.4000,1,1,1,1,2,4,1,1,1,2
SF,IH2006,2020-01-20 09:32:52.800,3074.8000,9233,0,142105440.000,0,-,-,-,-,3074.4000,3074.0000,3073.8000,3073.0000,3068.0000,3075.4000,3075.6000,3075.8000,3076.0000,3076.2000,2,1,1,1,2,1,4,1,1,1
SF,IH2006,2020-01-20 09:32:53.300,3074.8000,9233,0,142105440.000,0,-,-,-,-,3074.4000,3074.0000,3073.8000,3073.0000,3068.0000,3075.2000,3075.4000,3075.6000,3075.8000,3076.0000,2,1,1,1,2,2,1,3,2,1
SF,IH2006,2020-01-20 09:32:53.800,3075.2000,9234,1,143028000.000,1,1,0,双开,S,3074.4000,3074.0000,3073.8000,3073.0000,3068.0000,3075.2000,3075.4000,3075.6000,3075.8000,3076.0000,2,1,1,1,2,1,1,3,2,1
SF,IH2006,2020-01-20 09:32:54.300,3075.2000,9234,0,143028000.000,0,-,-,-,-,3074.0000,3073.8000,3073.0000,3068.0000,3067.2000,3074.4000,3075.2000,3075.4000,3075.6000,3075.8000,1,1,1,2,5,3,1,1,3,2
SF,IH2006,2020-01-20 09:32:55.300,3074.4000,9235,1,143950320.000,1,1,0,双开,S,3074.0000,3073.8000,3073.0000,3068.0000,3067.2000,3074.4000,3075.2000,3075.4000,3075.6000,3075.8000,1,1,1,2,5,2,1,1,3,2
SF,IH2006,2020-01-20 09:32:56.300,3074.0000,9234,-1,144872520.000,1,0,1,双平,S,3073.8000,3073.0000,3068.0000,3067.2000,3066.6000,3074.4000,3075.2000,3075.4000,3075.6000,3075.8000,1,1,2,5,6,3,1,1,3,2
SF,IH2006,2020-01-20 09:33:01.300,3074.0000,9234,0,144872520.000,0,-,-,-,-,3074.0000,3073.8000,3073.0000,3068.0000,3067.2000,3074.4000,3075.2000,3075.4000,3075.6000,3075.8000,1,1,1,2,5,2,1,1,3,2
SF,IH2006,2020-01-20 09:33:01.800,3074.0000,9234,0,144872520.000,0,-,-,-,-,3073.8000,3073.0000,3068.0000,3067.2000,3066.6000,3074.4000,3075.2000,3075.4000,3075.6000,3075.8000,1,1,2,5,6,3,1,1,3,2
SF,IH2006,2020-01-20 09:33:02.300,3074.0000,9234,0,144872520.000,0,-,-,-,-,3073.8000,3073.0000,3068.0000,3067.2000,3066.6000,3074.4000,3075.2000,3075.4000,3075.6000,3075.8000,1,1,2,5,6,3,1,1,3,2
SF,IH2006,2020-01-20 09:33:03.800,3073.8000,9233,-1,145794660.000,1,0,1,双平,S,3073.0000,3068.0000,3067.2000,3066.6000,3066.0000,3073.8000,3074.4000,3075.2000,3075.4000,3075.6000,1,2,5,6,2,1,3,1,1,3
SF,IH2006,2020-01-20 09:33:04.300,3073.8000,9233,0,146716800.000,1,0,1,多换,S,3073.2000,3073.0000,3068.0000,3067.2000,3066.6000,3074.4000,3075.2000,3075.4000,3075.6000,3075.8000,4,1,2,5,6,3,1,1,3,2
SF,IH2006,2020-01-20 09:33:04.800,3073.8000,9233,0,146716800.000,0,-,-,-,-,3073.4000,3073.2000,3073.0000,3068.0000,3067.2000,3074.0000,3074.4000,3075.2000,3075.4000,3075.6000,2,3,1,2,5,1,3,1,1,3
SF,IH2006,2020-01-20 09:33:05.300,3073.8000,9233,0,146716800.000,0,-,-,-,-,3073.6000,3073.4000,3073.2000,3073.0000,3068.0000,3074.0000,3074.4000,3075.2000,3075.4000,3075.6000,1,2,2,1,2,1,3,1,1,3
SF,IH2006,2020-01-20 09:33:06.300,3073.8000,9233,0,146716800.000,0,-,-,-,-,3073.2000,3073.0000,3068.0000,3067.2000,3066.6000,3074.0000,3074.4000,3075.2000,3075.4000,3075.6000,1,1,2,5,6,1,3,1,1,3
SF,IH2006,2020-01-20 09:33:07.300,3073.8000,9233,0,146716800.000,0,-,-,-,-,3073.4000,3073.2000,3073.0000,3068.0000,3067.2000,3074.0000,3074.4000,3075.2000,3075.4000,3075.6000,1,1,1,2,5,1,3,1,1,3
SF,IH2006,2020-01-20 09:33:07.800,3074.0000,9232,-1,147639000.000,1,0,1,双平,S,3073.4000,3073.2000,3073.0000,3068.0000,3067.2000,3073.6000,3074.4000,3075.2000,3075.4000,3075.6000,1,1,1,2,5,1,3,1,1,3
SF,IH2006,2020-01-20 09:33:08.300,3073.6000,9231,-1,148561080.000,1,0,1,双平,S,3073.8000,3073.6000,3073.4000,3073.0000,3068.0000,3074.4000,3075.2000,3075.4000,3075.6000,3075.8000,1,3,1,1,2,3,1,1,3,2
SF,IH2006,2020-01-20 09:33:08.800,3073.8000,9230,-1,149483220.000,1,0,1,双平,S,3073.6000,3073.4000,3073.0000,3068.0000,3067.2000,3073.8000,3074.4000,3075.2000,3075.4000,3075.6000,3,1,1,2,5,5,3,1,1,3
SF,IH2006,2020-01-20 09:33:09.300,3073.8000,9224,-6,155016000.000,6,0,6,双平,S,3073.0000,3068.0000,3067.2000,3066.6000,3066.0000,3073.4000,3074.4000,3075.2000,3075.4000,3075.6000,1,2,5,6,2,1,3,1,1,3
SF,IH2006,2020-01-20 09:33:09.800,3073.4000,9224,0,155938020.000,1,0,1,多换,S,3073.4000,3073.2000,3073.0000,3068.0000,3067.2000,3074.4000,3075.2000,3075.4000,3075.6000,3075.8000,1,2,1,2,5,3,1,1,3,2
SF,IH2006,2020-01-20 09:33:10.300,3073.4000,9224,0,155938020.000,0,-,-,-,-,3073.6000,3073.4000,3073.2000,3073.0000,3068.0000,3074.4000,3075.2000,3075.4000,3075.6000,3075.8000,1,1,2,1,2,3,1,1,3,2
SF,IH2006,2020-01-20 09:33:10.800,3073.4000,9224,0,155938020.000,0,-,-,-,-,3073.6000,3073.4000,3073.2000,3073.0000,3068.0000,3074.4000,3075.2000,3075.4000,3075.6000,3075.8000,1,1,1,1,2,3,1,1,3,2
SF,IH2006,2020-01-20 09:33:11.800,3073.6000,9225,1,156860100.000,1,1,0,双开,S,3073.4000,3073.2000,3073.0000,3068.0000,3067.2000,3073.6000,3074.4000,3075.2000,3075.4000,3075.6000,1,1,1,2,5,9,3,1,1,3
SF,IH2006,2020-01-20 09:33:12.300,3073.6000,9226,1,163314660.000,7,4,3,空开,S,3073.0000,3068.0000,3067.2000,3066.6000,3066.0000,3073.4000,3073.6000,3074.4000,3075.2000,3075.4000,1,2,5,6,2,1,2,3,1,1
SF,IH2006,2020-01-20 09:33:12.800,3073.4000,9225,-1,164236680.000,1,0,1,双平,S,3073.0000,3068.0000,3067.2000,3066.6000,3066.0000,3073.6000,3074.4000,3075.2000,3075.4000,3075.6000,1,2,5,6,2,2,3,1,1,3
SF,IH2006,2020-01-20 09:33:13.800,3073.4000,9225,0,164236680.000,0,-,-,-,-,3073.2000,3073.0000,3068.0000,3067.2000,3066.6000,3073.6000,3074.4000,3075.2000,3075.4000,3075.6000,1,1,2,5,6,2,3,1,1,3
SF,IH2006,2020-01-20 09:33:14.300,3073.4000,9225,0,164236680.000,0,-,-,-,-,3073.0000,3068.0000,3067.2000,3066.6000,3066.0000,3073.6000,3074.4000,3075.2000,3075.4000,3075.6000,1,2,5,6,2,2,3,1,1,3
SF,IH2006,2020-01-20 09:33:19.300,3073.0000,9225,0,165158580.000,1,0,1,多换,S,3068.0000,3067.2000,3066.6000,3066.0000,3065.0000,3073.6000,3074.4000,3075.2000,3075.4000,3075.6000,2,5,6,2,1,2,3,1,1,3
SF,IH2006,2020-01-20 09:33:19.800,3073.0000,9225,0,165158580.000,0,-,-,-,-,3071.0000,3070.2000,3069.0000,3068.4000,3068.2000,3073.4000,3073.6000,3074.4000,3075.2000,3075.4000,2,1,1,3,4,2,2,3,1,1
SF,IH2006,2020-01-20 09:33:20.300,3073.0000,9225,0,165158580.000,0,-,-,-,-,3071.2000,3071.0000,3070.2000,3069.0000,3068.4000,3073.4000,3073.6000,3074.4000,3075.2000,3075.4000,3,2,1,1,3,2,2,3,1,1
SF,IH2006,2020-01-20 09:33:20.800,3073.0000,9225,0,165158580.000,0,-,-,-,-,3071.6000,3071.2000,3070.2000,3069.0000,3068.4000,3073.4000,3073.6000,3074.4000,3075.2000,3075.4000,2,3,1,1,3,2,2,3,1,1
SF,IH2006,2020-01-20 09:33:21.300,3073.0000,9225,0,165158580.000,0,-,-,-,-,3072.2000,3071.8000,3071.2000,3070.2000,3069.0000,3073.4000,3073.6000,3074.4000,3075.2000,3075.4000,1,5,1,1,1,2,2,3,1,1
SF,IH2006,2020-01-20 09:33:21.800,3073.0000,9225,0,165158580.000,0,-,-,-,-,3072.4000,3072.2000,3071.8000,3071.2000,3070.2000,3073.4000,3073.6000,3074.4000,3075.2000,3075.4000,1,1,4,1,1,1,2,3,1,1
SF,IH2006,2020-01-20 09:33:22.300,3073.0000,9225,0,165158580.000,0,-,-,-,-,3072.4000,3072.2000,3071.8000,3071.2000,3070.2000,3073.2000,3073.4000,3073.6000,3074.4000,3075.2000,1,1,1,1,1,1,1,2,3,1
SF,IH2006,2020-01-20 09:33:23.300,3073.0000,9225,0,165158580.000,0,-,-,-,-,3072.4000,3072.2000,3071.8000,3071.2000,3070.2000,3073.4000,3073.6000,3074.4000,3075.2000,3075.4000,1,1,1,1,1,1,2,3,1,1
SF,IH2006,2020-01-20 09:33:23.800,3073.0000,9225,0,165158580.000,0,-,-,-,-,3072.6000,3072.4000,3072.2000,3071.8000,3071.2000,3073.2000,3073.4000,3073.6000,3074.4000,3075.2000,1,1,1,1,1,1,1,2,3,1
SF,IH2006,2020-01-20 09:33:24.300,3073.0000,9225,0,165158580.000,0,-,-,-,-,3072.6000,3072.4000,3072.2000,3071.8000,3071.2000,3073.2000,3073.4000,3073.6000,3074.4000,3075.2000,1,1,1,1,1,1,1,2,3,1
SF,IH2006,2020-01-20 09:33:24.800,3073.0000,9225,0,165158580.000,0,-,-,-,-,3072.8000,3072.2000,3071.8000,3071.2000,3070.2000,3073.6000,3074.4000,3075.2000,3075.4000,3075.6000,1,1,1,1,1,2,3,1,1,2
SF,IH2006,2020-01-20 09:33:26.800,3073.0000,9225,0,165158580.000,0,-,-,-,-,3072.8000,3072.2000,3071.8000,3071.2000,3070.2000,3073.6000,3074.4000,3075.2000,3075.4000,3075.6000,1,1,1,1,1,2,3,1,1,2
SF,IH2006,2020-01-20 09:33:27.300,3073.0000,9225,0,165158580.000,0,-,-,-,-,3072.8000,3072.2000,3071.8000,3071.2000,3070.2000,3073.0000,3073.6000,3074.4000,3075.2000,3075.4000,1,1,1,1,1,1,2,3,1,1
SF,IH2006,2020-01-20 09:33:27.800,3073.0000,9224,-1,166080480.000,1,0,1,双平,S,3072.8000,3072.2000,3071.8000,3071.2000,3070.2000,3073.6000,3074.4000,3075.2000,3075.4000,3075.6000,1,1,1,1,1,2,3,1,1,2
SF,IH2006,2020-01-20 09:33:28.300,3073.0000,9224,0,166080480.000,0,-,-,-,-,3073.0000,3072.8000,3072.2000,3071.8000,3071.2000,3073.6000,3074.4000,3075.2000,3075.4000,3075.6000,1,1,1,1,1,2,3,1,1,2
SF,IH2006,2020-01-20 09:33:29.800,3073.0000,9225,1,167002380.000,1,1,0,双开,S,3072.8000,3072.2000,3071.8000,3071.2000,3070.2000,3073.6000,3074.4000,3075.2000,3075.4000,3075.6000,1,1,1,1,1,2,3,1,1,2
SF,IH2006,2020-01-20 09:33:30.800,3073.0000,9225,0,167002380.000,0,-,-,-,-,3072.8000,3072.2000,3071.8000,3071.2000,3070.2000,3073.6000,3074.4000,3075.0000,3075.2000,3075.4000,1,1,1,1,1,2,3,1,1,1
SF,IH2006,2020-01-20 09:33:31.800,3073.0000,9225,0,167002380.000,0,-,-,-,-,3072.2000,3071.8000,3071.2000,3070.2000,3069.0000,3073.6000,3074.4000,3075.0000,3075.2000,3075.4000,1,1,1,1,1,2,3,1,1,1
SF,IH2006,2020-01-20 09:33:32.300,3073.0000,9225,0,167002380.000,0,-,-,-,-,3072.4000,3072.2000,3071.2000,3070.2000,3069.0000,3073.4000,3073.6000,3074.4000,3075.0000,3075.2000,2,2,1,1,1,2,2,3,1,1
SF,IH2006,2020-01-20 09:33:32.800,3073.0000,9225,0,167002380.000,0,-,-,-,-,3072.4000,3072.2000,3071.2000,3070.2000,3069.0000,3073.0000,3073.4000,3073.6000,3074.4000,3075.0000,1,2,1,1,1,1,2,2,3,1
SF,IH2006,2020-01-20 09:33:34.800,3073.0000,9225,0,167002380.000,0,-,-,-,-,3072.2000,3071.2000,3070.2000,3069.0000,3068.4000,3073.0000,3073.4000,3073.6000,3074.4000,3075.0000,2,1,1,1,3,1,2,2,3,1
SF,IH2006,2020-01-20 09:33:35.300,3073.0000,9225,0,167002380.000,0,-,-,-,-,3071.2000,3070.2000,3069.0000,3068.4000,3068.0000,3073.0000,3073.4000,3073.6000,3074.4000,3075.0000,1,1,1,3,3,1,2,2,3,1
SF,IH2006,2020-01-20 09:33:35.800,3073.0000,9225,0,167002380.000,0,-,-,-,-,3071.8000,3071.4000,3071.2000,3070.2000,3069.0000,3072.8000,3073.0000,3073.4000,3073.6000,3074.4000,1,4,1,1,1,3,1,1,2,3
SF,IH2006,2020-01-20 09:33:36.300,3073.0000,9225,0,167002380.000,0,-,-,-,-,3072.0000,3071.8000,3071.4000,3071.2000,3070.2000,3072.8000,3073.0000,3073.6000,3074.4000,3075.0000,3,1,1,1,1,1,1,2,3,1
SF,IH2006,2020-01-20 09:33:36.800,3073.0000,9225,0,167002380.000,0,-,-,-,-,3072.0000,3071.8000,3071.4000,3071.2000,3070.2000,3072.8000,3073.0000,3073.6000,3074.4000,3075.0000,3,1,1,1,1,1,1,2,3,1
SF,IH2006,2020-01-20 09:33:37.300,3073.0000,9225,0,167002380.000,0,-,-,-,-,3072.0000,3071.4000,3071.2000,3070.2000,3069.0000,3072.8000,3073.0000,3073.6000,3074.4000,3075.0000,3,1,1,1,1,1,1,2,3,1
SF,IH2006,2020-01-20 09:33:37.800,3072.0000,9225,0,167923980.000,1,0,1,多换,S,3072.0000,3071.4000,3070.2000,3069.0000,3068.4000,3072.8000,3073.0000,3073.6000,3074.4000,3075.0000,1,1,1,1,3,1,1,2,3,1
SF,IH2006,2020-01-20 09:33:38.300,3072.0000,9225,0,168845580.000,1,0,1,多换,S,3069.0000,3068.4000,3068.0000,3067.2000,3066.6000,3072.6000,3072.8000,3073.0000,3073.6000,3074.4000,1,3,3,5,7,1,1,1,2,3
SF,IH2006,2020-01-20 09:33:38.800,3072.0000,9225,0,168845580.000,0,-,-,-,-,3070.6000,3070.4000,3070.2000,3069.4000,3069.2000,3072.4000,3072.6000,3073.0000,3073.6000,3074.4000,1,1,1,3,3,2,1,1,2,3
SF,IH2006,2020-01-20 09:33:39.300,3072.0000,9225,0,168845580.000,0,-,-,-,-,3070.8000,3070.4000,3070.2000,3069.2000,3069.0000,3072.4000,3072.6000,3073.0000,3073.6000,3074.4000,3,1,1,1,1,2,1,1,2,3
SF,IH2006,2020-01-20 09:33:39.800,3072.0000,9225,0,168845580.000,0,-,-,-,-,3070.8000,3070.2000,3069.2000,3069.0000,3068.0000,3072.2000,3072.4000,3073.0000,3073.6000,3074.4000,3,1,1,1,3,1,2,1,2,3
SF,IH2006,2020-01-20 09:33:40.300,3072.0000,9225,0,168845580.000,0,-,-,-,-,3071.4000,3071.0000,3070.8000,3070.2000,3069.2000,3072.2000,3072.4000,3073.0000,3073.6000,3074.4000,1,1,3,1,1,1,1,1,2,3
SF,IH2006,2020-01-20 09:33:40.800,3072.2000,9225,0,169767240.000,1,0,1,多换,S,3071.6000,3071.4000,3071.0000,3070.8000,3070.2000,3073.0000,3073.6000,3074.4000,3075.0000,3075.2000,1,1,1,2,1,1,2,3,1,1
SF,IH2006,2020-01-20 09:33:41.300,3072.2000,9225,0,169767240.000,0,-,-,-,-,3071.6000,3071.4000,3070.8000,3070.2000,3069.2000,3072.8000,3073.0000,3073.6000,3074.4000,3075.0000,2,1,1,1,1,3,1,2,3,1
SF,IH2006,2020-01-20 09:33:41.800,3072.2000,9225,0,169767240.000,0,-,-,-,-,3071.6000,3070.8000,3070.2000,3069.2000,3069.0000,3072.8000,3073.0000,3073.6000,3074.4000,3075.0000,2,1,1,1,1,2,1,2,3,1
SF,IH2006,2020-01-20 09:33:42.800,3072.2000,9225,0,169767240.000,0,-,-,-,-,3071.8000,3071.6000,3070.8000,3070.2000,3069.2000,3072.8000,3073.0000,3073.6000,3074.4000,3075.0000,2,2,1,1,1,1,1,2,3,1
SF,IH2006,2020-01-20 09:33:43.300,3072.2000,9225,0,169767240.000,0,-,-,-,-,3072.0000,3071.8000,3071.6000,3070.8000,3070.2000,3072.8000,3073.0000,3073.6000,3074.4000,3075.0000,1,2,1,1,1,1,1,2,3,1
SF,IH2006,2020-01-20 09:33:43.800,3072.2000,9225,0,169767240.000,0,-,-,-,-,3072.0000,3071.8000,3071.6000,3070.8000,3070.2000,3072.8000,3073.0000,3073.6000,3074.4000,3075.0000,1,1,1,1,1,1,1,2,3,1
SF,IH2006,2020-01-20 09:33:45.300,3072.8000,9226,1,170689080.000,1,1,0,双开,S,3072.0000,3071.6000,3070.8000,3070.2000,3069.2000,3073.0000,3073.6000,3074.4000,3075.0000,3075.2000,1,1,1,1,1,1,2,3,1,1
SF,IH2006,2020-01-20 09:33:45.800,3072.8000,9226,0,170689080.000,0,-,-,-,-,3072.0000,3071.6000,3070.8000,3070.2000,3069.2000,3072.8000,3073.0000,3073.6000,3074.4000,3075.0000,1,1,1,1,1,1,1,2,3,1
SF,IH2006,2020-01-20 09:33:46.300,3072.8000,9226,0,170689080.000,0,-,-,-,-,3072.2000,3072.0000,3071.6000,3070.8000,3070.2000,3072.8000,3073.0000,3073.6000,3074.4000,3075.0000,1,1,1,1,1,1,1,2,3,1
SF,IH2006,2020-01-20 09:33:46.800,3072.8000,9226,0,170689080.000,0,-,-,-,-,3072.4000,3072.2000,3071.6000,3070.8000,3070.2000,3073.0000,3073.6000,3074.4000,3075.0000,3075.2000,1,1,1,1,1,1,2,3,1,1
SF,IH2006,2020-01-20 09:33:47.800,3072.8000,9226,0,170689080.000,0,-,-,-,-,3072.2000,3071.6000,3070.8000,3070.2000,3069.2000,3073.0000,3073.6000,3074.4000,3075.0000,3075.2000,1,1,1,1,1,1,2,3,1,1
SF,IH2006,2020-01-20 09:33:49.300,3072.8000,9226,0,170689080.000,0,-,-,-,-,3072.4000,3072.2000,3071.6000,3070.8000,3070.2000,3073.0000,3073.6000,3074.4000,3075.0000,3075.2000,1,1,1,1,1,1,2,3,1,1
SF,IH2006,2020-01-20 09:33:50.300,3072.8000,9226,0,170689080.000,0,-,-,-,-,3072.2000,3071.6000,3070.8000,3070.2000,3069.2000,3073.0000,3073.6000,3074.4000,3075.0000,3075.2000,1,1,1,1,1,1,2,3,1,1
SF,IH2006,2020-01-20 09:33:50.800,3072.8000,9226,0,170689080.000,0,-,-,-,-,3071.6000,3070.8000,3070.2000,3069.2000,3069.0000,3073.0000,3073.6000,3074.4000,3075.0000,3075.2000,1,1,1,1,1,1,2,3,1,1
SF,IH2006,2020-01-20 09:33:51.300,3072.8000,9226,0,170689080.000,0,-,-,-,-,3072.0000,3071.8000,3071.6000,3070.8000,3070.2000,3073.0000,3073.6000,3074.4000,3075.0000,3075.2000,1,3,1,1,1,1,2,3,1,1
SF,IH2006,2020-01-20 09:33:51.800,3072.8000,9226,0,170689080.000,0,-,-,-,-,3072.2000,3072.0000,3071.8000,3070.8000,3070.2000,3073.0000,3073.6000,3074.4000,3075.0000,3075.2000,2,1,2,1,1,1,2,3,1,1
SF,IH2006,2020-01-20 09:33:54.800,3072.8000,9226,0,170689080.000,0,-,-,-,-,3072.2000,3072.0000,3071.8000,3070.8000,3070.2000,3073.0000,3073.6000,3074.4000,3075.0000,3075.2000,2,1,2,1,1,2,2,3,1,1
SF,IH2006,2020-01-20 09:33:55.300,3072.8000,9226,0,170689080.000,0,-,-,-,-,3072.2000,3071.8000,3070.8000,3070.2000,3069.2000,3073.0000,3073.6000,3074.4000,3075.0000,3075.2000,2,1,1,1,1,2,2,3,1,1
SF,IH2006,2020-01-20 09:33:55.800,3072.8000,9226,0,170689080.000,0,-,-,-,-,3072.4000,3072.2000,3071.8000,3070.8000,3070.2000,3073.0000,3073.6000,3074.4000,3075.0000,3075.2000,1,2,1,1,1,2,2,3,1,1
SF,IH2006,2020-01-20 09:33:56.300,3072.8000,9226,0,170689080.000,0,-,-,-,-,3072.2000,3070.8000,3070.2000,3069.2000,3069.0000,3073.0000,3073.6000,3074.4000,3075.0000,3075.2000,2,1,1,1,1,2,2,3,1,1
SF,IH2006,2020-01-20 09:33:56.800,3072.8000,9226,0,170689080.000,0,-,-,-,-,3072.4000,3072.2000,3070.8000,3070.2000,3069.2000,3073.0000,3073.6000,3074.4000,3075.0000,3075.2000,1,2,1,1,1,2,2,3,1,1
SF,IH2006,2020-01-20 09:33:57.300,3072.8000,9226,0,170689080.000,0,-,-,-,-,3072.6000,3072.2000,3070.8000,3070.2000,3069.2000,3073.0000,3073.6000,3074.4000,3075.0000,3075.2000,1,1,1,1,1,2,2,3,1,1
SF,IH2006,2020-01-20 09:33:57.800,3072.8000,9226,0,170689080.000,0,-,-,-,-,3072.6000,3072.2000,3070.8000,3070.2000,3069.2000,3073.0000,3073.6000,3074.4000,3075.0000,3075.2000,1,1,1,1,1,2,2,3,1,1
SF,IH2006,2020-01-20 09:33:58.300,3072.8000,9226,0,170689080.000,0,-,-,-,-,3072.6000,3072.2000,3070.8000,3070.2000,3069.2000,3073.0000,3073.2000,3073.6000,3074.4000,3075.0000,1,1,1,1,1,2,1,2,3,1
SF,IH2006,2020-01-20 09:33:58.800,3072.6000,9225,-1,171610860.000,1,0,1,双平,S,3072.2000,3070.8000,3070.2000,3069.2000,3069.0000,3073.0000,3073.2000,3073.6000,3074.4000,3075.0000,1,1,1,1,1,2,1,2,3,1
SF,IH2006,2020-01-20 09:33:59.300,3072.6000,9225,0,171610860.000,0,-,-,-,-,3072.6000,3072.2000,3070.8000,3070.2000,3069.2000,3073.0000,3073.2000,3073.6000,3074.4000,3075.0000,1,1,1,1,1,2,1,2,3,1
SF,IH2006,2020-01-20 09:33:59.800,3072.6000,9224,-1,172532640.000,1,0,1,双平,S,3072.2000,3070.8000,3070.2000,3069.2000,3069.0000,3073.0000,3073.2000,3073.6000,3074.4000,3075.0000,1,1,1,1,1,2,1,2,3,1
SF,IH2006,2020-01-20 09:34:00.300,3072.6000,9224,0,172532640.000,0,-,-,-,-,3072.2000,3070.8000,3070.2000,3069.2000,3069.0000,3072.8000,3073.0000,3073.2000,3073.6000,3074.4000,1,1,1,1,1,1,2,1,2,3
SF,IH2006,2020-01-20 09:34:04.300,3073.0000,9222,-2,175298280.000,3,0,3,多平,S,3073.0000,3072.8000,3072.2000,3070.8000,3070.2000,3073.2000,3073.6000,3074.4000,3075.0000,3075.2000,1,1,1,1,1,1,2,3,1,1
SF,IH2006,2020-01-20 09:34:04.800,3073.6000,9223,1,178064400.000,3,2,1,空开,S,3073.4000,3073.2000,3073.0000,3072.8000,3070.8000,3074.4000,3075.0000,3075.2000,3075.4000,3075.6000,3,1,1,1,1,3,1,1,1,2
SF,IH2006,2020-01-20 09:34:05.300,3074.4000,9222,-1,179909040.000,2,0,2,多平,S,3073.6000,3073.4000,3073.2000,3073.0000,3072.8000,3074.2000,3075.0000,3075.2000,3075.4000,3075.6000,1,3,1,1,1,1,1,1,1,2
SF,IH2006,2020-01-20 09:34:05.800,3074.2000,9222,0,180831300.000,1,0,1,多换,S,3073.6000,3073.4000,3073.2000,3073.0000,3072.8000,3075.0000,3075.2000,3075.4000,3075.6000,3075.8000,1,3,1,1,1,1,1,1,2,2
SF,IH2006,2020-01-20 09:34:06.300,3074.2000,9222,0,180831300.000,0,-,-,-,-,3073.8000,3073.6000,3073.4000,3073.2000,3073.0000,3074.8000,3075.0000,3075.2000,3075.4000,3075.6000,1,1,2,1,1,1,2,1,1,2
SF,IH2006,2020-01-20 09:34:06.800,3073.8000,9221,-1,181753440.000,1,0,1,双平,S,3073.6000,3073.4000,3073.2000,3073.0000,3072.8000,3074.6000,3075.0000,3075.2000,3075.4000,3075.6000,1,2,1,1,1,1,2,1,1,2
SF,IH2006,2020-01-20 09:34:07.300,3073.8000,9221,0,181753440.000,0,-,-,-,-,3073.4000,3073.2000,3073.0000,3072.8000,3070.2000,3074.4000,3075.0000,3075.2000,3075.4000,3075.6000,2,1,1,1,1,2,2,1,1,2
SF,IH2006,2020-01-20 09:34:07.800,3074.4000,9221,0,182675760.000,1,0,1,多换,S,3073.4000,3073.2000,3073.0000,3072.8000,3070.2000,3074.4000,3075.0000,3075.2000,3075.4000,3075.6000,2,1,1,1,1,1,2,1,1,2
SF,IH2006,2020-01-20 09:34:08.800,3074.4000,9222,1,184520400.000,2,1,1,空开,S,3073.4000,3073.2000,3073.0000,3072.8000,3071.0000,3075.0000,3075.2000,3075.4000,3075.6000,3075.8000,2,1,1,1,1,2,1,1,2,2
SF,IH2006,2020-01-20 09:34:09.300,3074.4000,9222,0,184520400.000,0,-,-,-,-,3073.6000,3073.4000,3073.2000,3073.0000,3072.8000,3074.6000,3074.8000,3075.0000,3075.4000,3075.6000,1,2,1,1,1,1,5,2,1,2
SF,IH2006,2020-01-20 09:34:09.800,3073.6000,9222,0,185442480.000,1,0,1,多换,S,3073.4000,3073.2000,3073.0000,3072.8000,3071.0000,3074.4000,3074.6000,3074.8000,3075.0000,3075.4000,2,1,1,1,1,1,1,4,2,1
SF,IH2006,2020-01-20 09:34:10.300,3073.6000,9223,1,187286880.000,2,1,1,空开,S,3073.2000,3073.0000,3072.8000,3071.0000,3070.2000,3074.6000,3074.8000,3075.0000,3075.4000,3075.6000,1,1,1,1,1,1,4,2,1,2
SF,IH2006,2020-01-20 09:34:10.800,3073.6000,9223,0,187286880.000,0,-,-,-,-,3073.0000,3072.8000,3071.0000,3070.2000,3069.0000,3074.4000,3074.6000,3074.8000,3075.0000,3075.4000,1,1,1,1,1,5,1,2,1,1
SF,IH2006,2020-01-20 09:34:11.300,3074.4000,9223,0,188209200.000,1,0,1,多换,S,3073.2000,3073.0000,3072.8000,3071.0000,3070.2000,3074.4000,3074.6000,3074.8000,3075.0000,3075.4000,1,1,1,1,1,2,1,2,1,1
SF,IH2006,2020-01-20 09:34:11.800,3074.4000,9223,0,188209200.000,0,-,-,-,-,3073.0000,3072.8000,3071.0000,3070.2000,3069.0000,3074.4000,3074.8000,3075.0000,3075.4000,3075.6000,1,1,1,1,1,2,1,1,1,2
SF,IH2006,2020-01-20 09:34:12.300,3074.4000,9223,0,188209200.000,0,-,-,-,-,3073.2000,3073.0000,3072.8000,3071.0000,3070.2000,3074.2000,3074.4000,3074.8000,3075.0000,3075.4000,1,1,1,1,1,1,2,1,1,1
SF,IH2006,2020-01-20 09:34:12.800,3074.4000,9223,0,188209200.000,0,-,-,-,-,3073.4000,3073.2000,3073.0000,3072.8000,3071.0000,3074.2000,3074.4000,3074.8000,3075.0000,3075.4000,1,1,1,1,1,1,2,1,1,1
SF,IH2006,2020-01-20 09:34:13.300,3073.4000,9223,0,189131220.000,1,0,1,多换,S,3073.0000,3072.8000,3071.0000,3070.2000,3069.0000,3074.2000,3074.4000,3074.8000,3075.0000,3075.4000,1,1,1,1,1,1,2,1,1,1
SF,IH2006,2020-01-20 09:34:13.800,3073.4000,9223,0,189131220.000,0,-,-,-,-,3073.0000,3072.8000,3071.0000,3070.2000,3069.0000,3074.0000,3074.2000,3074.4000,3074.8000,3075.0000,1,1,1,1,1,1,1,2,1,1
SF,IH2006,2020-01-20 09:34:14.800,3074.0000,9222,-1,190053420.000,1,0,1,双平,S,3073.0000,3072.8000,3071.0000,3070.2000,3069.0000,3074.2000,3074.4000,3074.8000,3075.0000,3075.4000,1,1,1,1,1,1,2,1,1,1
SF,IH2006,2020-01-20 09:34:15.300,3074.0000,9222,0,190053420.000,0,-,-,-,-,3073.2000,3073.0000,3072.8000,3071.0000,3070.2000,3074.2000,3074.4000,3074.8000,3075.0000,3075.4000,1,1,1,1,1,1,2,1,1,1
SF,IH2006,2020-01-20 09:34:15.800,3074.0000,9222,0,190053420.000,0,-,-,-,-,3073.4000,3073.2000,3073.0000,3072.8000,3071.0000,3074.2000,3074.4000,3074.8000,3075.0000,3075.4000,1,1,1,1,1,1,2,2,1,1
SF,IH2006,2020-01-20 09:34:16.300,3074.0000,9222,0,190053420.000,0,-,-,-,-,3073.4000,3073.2000,3073.0000,3072.8000,3071.0000,3074.0000,3074.2000,3074.4000,3074.8000,3075.0000,1,1,1,1,1,1,1,2,2,1
SF,IH2006,2020-01-20 09:34:16.800,3074.0000,9223,1,190975620.000,1,1,0,双开,S,3073.4000,3073.0000,3072.8000,3071.0000,3070.2000,3074.2000,3074.4000,3074.8000,3075.0000,3075.4000,1,1,1,1,1,1,2,2,1,1
SF,IH2006,2020-01-20 09:34:19.300,3074.0000,9223,0,190975620.000,0,-,-,-,-,3073.4000,3073.0000,3072.8000,3071.0000,3070.2000,3074.2000,3074.4000,3074.8000,3075.0000,3075.4000,1,1,1,1,1,1,1,2,1,1
SF,IH2006,2020-01-20 09:34:19.800,3074.0000,9223,0,190975620.000,0,-,-,-,-,3073.4000,3073.0000,3072.8000,3071.0000,3070.2000,3074.4000,3074.8000,3075.0000,3075.4000,3075.6000,1,1,1,1,1,1,2,1,1,2
SF,IH2006,2020-01-20 09:34:20.300,3074.0000,9223,0,190975620.000,0,-,-,-,-,3073.6000,3073.4000,3073.0000,3072.8000,3071.0000,3074.4000,3074.8000,3075.0000,3075.4000,3075.6000,1,1,1,1,1,1,2,1,1,2
SF,IH2006,2020-01-20 09:34:20.800,3073.6000,9222,-1,191897700.000,1,0,1,双平,S,3073.4000,3073.0000,3072.8000,3071.0000,3070.2000,3074.8000,3075.0000,3075.4000,3075.6000,3075.8000,1,1,1,1,1,2,1,1,2,2
SF,IH2006,2020-01-20 09:34:21.300,3073.6000,9222,0,191897700.000,0,-,-,-,-,3073.6000,3073.4000,3073.0000,3072.8000,3071.0000,3074.6000,3074.8000,3075.0000,3075.4000,3075.6000,1,1,1,1,1,1,2,1,1,2
SF,IH2006,2020-01-20 09:34:21.800,3073.6000,9222,0,191897700.000,0,-,-,-,-,3073.6000,3073.4000,3073.0000,3072.8000,3071.0000,3074.6000,3074.8000,3075.0000,3075.4000,3075.6000,1,1,1,1,1,1,2,1,1,2
SF,IH2006,2020-01-20 09:34:22.300,3073.6000,9222,0,191897700.000,0,-,-,-,-,3073.6000,3073.0000,3072.8000,3071.0000,3070.2000,3074.6000,3074.8000,3075.0000,3075.4000,3075.6000,1,1,1,1,1,1,2,1,1,2
SF,IH2006,2020-01-20 09:34:22.800,3074.6000,9222,0,192820080.000,1,0,1,多换,S,3074.6000,3073.0000,3072.8000,3071.0000,3070.2000,3074.8000,3075.0000,3075.4000,3075.6000,3075.8000,1,1,1,1,1,2,1,1,2,2
SF,IH2006,2020-01-20 09:34:23.300,3074.6000,9222,0,193742460.000,1,0,1,多换,S,3073.0000,3072.8000,3071.0000,3070.2000,3069.0000,3074.2000,3074.6000,3074.8000,3075.0000,3075.4000,1,1,1,1,1,2,7,2,1,1
SF,IH2006,2020-01-20 09:34:23.800,3074.6000,9222,0,193742460.000,0,-,-,-,-,3073.2000,3073.0000,3072.8000,3071.0000,3070.2000,3074.2000,3074.6000,3074.8000,3075.0000,3075.4000,2,1,1,1,1,2,3,2,1,1
SF,IH2006,2020-01-20 09:34:24.300,3074.6000,9221,-1,194664840.000,1,0,1,双平,S,3073.2000,3073.0000,3072.8000,3071.0000,3070.2000,3074.2000,3074.6000,3074.8000,3075.0000,3075.4000,2,1,1,1,1,1,3,2,1,1
SF,IH2006,2020-01-20 09:34:24.800,3074.6000,9221,0,194664840.000,0,-,-,-,-,3073.4000,3073.2000,3073.0000,3072.8000,3071.0000,3074.2000,3074.6000,3074.8000,3075.0000,3075.4000,1,2,1,1,1,1,3,2,1,1
SF,IH2006,2020-01-20 09:34:25.300,3074.6000,9220,-1,195587220.000,1,0,1,双平,S,3073.4000,3073.2000,3073.0000,3072.8000,3071.0000,3074.6000,3074.8000,3075.0000,3075.4000,3075.6000,1,1,1,1,1,3,2,1,1,2
SF,IH2006,2020-01-20 09:34:25.800,3074.6000,9220,0,195587220.000,0,-,-,-,-,3073.4000,3073.2000,3073.0000,3072.8000,3071.0000,3074.4000,3074.6000,3074.8000,3075.0000,3075.4000,1,1,1,1,1,1,3,2,1,1
SF,IH2006,2020-01-20 09:34:26.300,3074.6000,9220,0,195587220.000,0,-,-,-,-,3073.6000,3073.0000,3072.8000,3071.0000,3070.2000,3074.4000,3074.6000,3074.8000,3075.0000,3075.4000,1,1,1,1,1,1,3,2,1,1
SF,IH2006,2020-01-20 09:34:26.800,3074.6000,9219,-1,196509600.000,1,0,1,双平,S,3073.6000,3073.0000,3072.8000,3071.0000,3070.2000,3074.6000,3074.8000,3075.0000,3075.4000,3075.6000,1,1,1,1,1,3,2,1,1,2
SF,IH2006,2020-01-20 09:34:27.300,3073.6000,9220,1,197431680.000,1,1,0,双开,S,3073.0000,3072.8000,3071.0000,3070.2000,3069.0000,3074.6000,3074.8000,3075.0000,3075.4000,3075.6000,1,1,1,1,1,3,2,1,1,2
SF,IH2006,2020-01-20 09:34:27.800,3073.6000,9220,0,197431680.000,0,-,-,-,-,3073.2000,3073.0000,3072.8000,3071.0000,3070.2000,3074.4000,3074.6000,3074.8000,3075.0000,3075.4000,1,1,1,1,1,1,3,2,1,1
SF,IH2006,2020-01-20 09:34:28.300,3073.6000,9220,0,197431680.000,0,-,-,-,-,3073.4000,3073.2000,3073.0000,3072.8000,3071.0000,3074.4000,3074.6000,3074.8000,3075.0000,3075.4000,1,1,1,1,1,1,3,2,1,1
SF,IH2006,2020-01-20 09:34:28.800,3073.6000,9220,0,197431680.000,0,-,-,-,-,3073.4000,3073.2000,3073.0000,3072.8000,3071.0000,3074.0000,3074.4000,3074.6000,3074.8000,3075.0000,1,1,1,1,1,1,1,3,2,1
SF,IH2006,2020-01-20 09:34:29.300,3073.6000,9220,0,197431680.000,0,-,-,-,-,3073.4000,3073.2000,3073.0000,3072.8000,3071.0000,3074.0000,3074.6000,3074.8000,3075.0000,3075.4000,1,1,1,1,1,1,3,2,1,1
SF,IH2006,2020-01-20 09:34:30.800,3073.2000,9220,0,198353640.000,1,0,1,多换,S,3072.8000,3071.0000,3070.2000,3069.0000,3068.0000,3073.2000,3073.4000,3074.0000,3074.6000,3074.8000,1,1,1,1,3,1,1,1,3,2
SF,IH2006,2020-01-20 09:34:31.300,3073.2000,9220,0,198353640.000,0,-,-,-,-,3071.0000,3070.2000,3069.0000,3068.0000,3067.2000,3073.2000,3073.4000,3074.0000,3074.6000,3074.8000,1,1,1,3,5,1,1,1,3,2
SF,IH2006,2020-01-20 09:34:31.800,3073.2000,9220,0,198353640.000,0,-,-,-,-,3071.8000,3071.4000,3071.2000,3071.0000,3070.2000,3073.0000,3073.2000,3073.4000,3074.0000,3074.6000,1,2,1,1,1,2,1,1,1,3
SF,IH2006,2020-01-20 09:34:32.300,3073.2000,9220,0,198353640.000,0,-,-,-,-,3071.8000,3071.4000,3071.2000,3071.0000,3070.2000,3073.0000,3073.2000,3073.4000,3074.0000,3074.8000,1,2,1,1,1,1,1,1,1,2
SF,IH2006,2020-01-20 09:34:32.800,3073.2000,9220,0,198353640.000,0,-,-,-,-,3072.0000,3071.8000,3071.4000,3071.2000,3071.0000,3073.0000,3073.2000,3073.4000,3074.0000,3074.8000,1,1,2,1,1,1,1,1,1,2
SF,IH2006,2020-01-20 09:34:33.300,3073.2000,9220,0,198353640.000,0,-,-,-,-,3072.0000,3071.8000,3071.2000,3071.0000,3070.2000,3073.0000,3073.2000,3073.4000,3074.0000,3074.8000,1,1,1,1,1,1,1,1,1,2
SF,IH2006,2020-01-20 09:34:33.800,3073.2000,9220,0,199275600.000,1,0,1,多换,S,3072.0000,3071.8000,3071.2000,3071.0000,3070.2000,3073.2000,3073.4000,3074.0000,3074.8000,3075.0000,1,1,1,1,1,1,1,1,2,1
SF,IH2006,2020-01-20 09:34:36.300,3072.0000,9219,-1,200197200.000,1,0,1,双平,S,3071.8000,3071.2000,3071.0000,3070.2000,3069.0000,3073.0000,3073.2000,3073.4000,3074.0000,3074.8000,1,1,1,1,1,3,1,1,1,2
SF,IH2006,2020-01-20 09:34:36.800,3071.8000,9218,-1,201118740.000,1,0,1,双平,S,3071.2000,3071.0000,3070.2000,3069.0000,3068.0000,3071.8000,3072.8000,3073.0000,3073.2000,3073.4000,1,1,1,1,3,1,5,3,1,1
SF,IH2006,2020-01-20 09:34:37.300,3071.2000,9218,0,202040100.000,1,0,1,多换,S,3071.0000,3069.0000,3068.0000,3067.2000,3066.6000,3071.8000,3072.8000,3073.0000,3073.2000,3073.4000,1,1,3,5,7,1,5,3,1,1
SF,IH2006,2020-01-20 09:34:37.800,3071.0000,9216,-2,203882700.000,2,0,2,双平,S,3068.0000,3067.2000,3066.6000,3066.0000,3065.0000,3071.0000,3071.6000,3071.8000,3072.8000,3073.0000,3,5,7,2,1,1,1,1,3,3
SF,IH2006,2020-01-20 09:34:38.300,3071.0000,9216,0,203882700.000,0,-,-,-,-,3069.0000,3068.8000,3068.6000,3068.4000,3068.2000,3070.8000,3071.8000,3072.8000,3073.0000,3073.2000,1,1,1,2,4,2,1,1,3,1
SF,IH2006,2020-01-20 09:34:38.800,3071.0000,9216,0,203882700.000,0,-,-,-,-,3069.2000,3069.0000,3068.2000,3068.0000,3067.2000,3070.8000,3071.8000,3072.8000,3073.0000,3074.0000,3,1,3,2,5,2,1,1,3,1
SF,IH2006,2020-01-20 09:34:39.800,3071.0000,9216,0,203882700.000,0,-,-,-,-,3069.4000,3069.2000,3069.0000,3068.2000,3068.0000,3070.8000,3071.8000,3072.8000,3073.0000,3074.0000,2,3,1,3,2,2,1,1,3,1
SF,IH2006,2020-01-20 09:34:41.300,3070.8000,9215,-1,205725180.000,2,0,2,多平,S,3069.4000,3069.2000,3069.0000,3068.2000,3068.0000,3071.8000,3072.8000,3073.0000,3074.0000,3074.8000,2,3,1,3,2,1,1,3,1,1
SF,IH2006,2020-01-20 09:34:41.800,3070.8000,9215,0,205725180.000,0,-,-,-,-,3069.6000,3069.4000,3069.2000,3069.0000,3068.2000,3071.6000,3071.8000,3072.8000,3073.0000,3074.0000,2,2,2,1,3,4,1,1,1,1
SF,IH2006,2020-01-20 09:34:42.300,3070.8000,9215,0,205725180.000,0,-,-,-,-,3069.8000,3069.6000,3069.4000,3069.2000,3068.2000,3071.8000,3072.8000,3073.0000,3074.0000,3074.8000,2,2,2,2,3,1,1,1,1,1
SF,IH2006,2020-01-20 09:34:42.800,3070.8000,9215,0,205725180.000,0,-,-,-,-,3070.0000,3069.8000,3069.4000,3068.2000,3068.0000,3071.6000,3071.8000,3072.8000,3073.0000,3074.0000,3,2,2,3,2,1,1,1,1,1
SF,IH2006,2020-01-20 09:34:43.300,3070.8000,9215,0,205725180.000,0,-,-,-,-,3070.0000,3069.8000,3069.4000,3068.2000,3068.0000,3071.6000,3071.8000,3072.8000,3073.0000,3074.0000,3,2,2,1,2,1,1,1,1,1
SF,IH2006,2020-01-20 09:34:43.800,3070.8000,9215,0,205725180.000,0,-,-,-,-,3070.0000,3069.8000,3068.2000,3068.0000,3067.2000,3071.4000,3071.6000,3072.8000,3073.0000,3074.0000,2,2,1,2,5,2,1,1,1,1
SF,IH2006,2020-01-20 09:34:44.300,3070.8000,9215,0,205725180.000,0,-,-,-,-,3070.0000,3069.8000,3068.2000,3068.0000,3067.2000,3071.2000,3071.4000,3072.8000,3073.0000,3074.0000,2,2,1,2,5,1,2,1,1,1
SF,IH2006,2020-01-20 09:34:44.800,3070.8000,9215,0,205725180.000,0,-,-,-,-,3068.2000,3068.0000,3067.2000,3066.6000,3066.0000,3071.0000,3071.2000,3071.4000,3072.8000,3073.0000,1,2,5,2,2,1,1,2,1,1
SF,IH2006,2020-01-20 09:34:45.300,3070.8000,9215,0,205725180.000,0,-,-,-,-,3069.2000,3068.8000,3068.4000,3068.2000,3068.0000,3070.8000,3071.0000,3072.8000,3073.0000,3074.0000,1,1,3,1,2,1,1,1,1,1
SF,IH2006,2020-01-20 09:34:45.800,3070.8000,9215,0,205725180.000,0,-,-,-,-,3069.4000,3069.2000,3068.8000,3068.4000,3068.2000,3070.8000,3071.0000,3072.8000,3073.0000,3074.0000,1,1,1,1,1,1,1,1,1,1
SF,IH2006,2020-01-20 09:34:46.300,3070.8000,9215,0,205725180.000,0,-,-,-,-,3069.6000,3069.4000,3069.2000,3068.8000,3068.4000,3070.6000,3070.8000,3071.6000,3072.8000,3073.0000,1,1,1,1,1,1,1,1,1,1
SF,IH2006,2020-01-20 09:34:46.800,3070.8000,9215,0,205725180.000,0,-,-,-,-,3069.6000,3069.4000,3069.2000,3068.8000,3068.4000,3070.6000,3070.8000,3071.6000,3072.8000,3073.0000,1,1,1,1,1,1,1,1,1,1
SF,IH2006,2020-01-20 09:34:47.300,3070.8000,9215,0,205725180.000,0,-,-,-,-,3069.4000,3069.2000,3068.8000,3068.4000,3068.2000,3070.6000,3070.8000,3071.6000,3072.8000,3073.0000,1,1,1,1,1,1,1,1,1,1
SF,IH2006,2020-01-20 09:34:47.800,3070.8000,9215,0,205725180.000,0,-,-,-,-,3069.2000,3068.4000,3068.2000,3068.0000,3067.2000,3070.4000,3070.6000,3071.6000,3072.8000,3073.0000,1,1,1,2,5,1,1,1,1,1
SF,IH2006,2020-01-20 09:34:48.300,3070.8000,9215,0,205725180.000,0,-,-,-,-,3069.4000,3069.2000,3068.4000,3068.2000,3068.0000,3070.4000,3071.6000,3072.8000,3073.0000,3074.0000,1,1,1,1,2,1,1,1,1,1
SF,IH2006,2020-01-20 09:34:48.800,3070.8000,9215,0,205725180.000,0,-,-,-,-,3069.4000,3068.4000,3068.2000,3068.0000,3067.2000,3070.4000,3071.6000,3072.8000,3073.0000,3074.0000,1,1,1,2,5,1,1,1,1,1
SF,IH2006,2020-01-20 09:34:49.300,3070.8000,9215,0,205725180.000,0,-,-,-,-,3068.4000,3068.0000,3067.2000,3066.6000,3066.0000,3070.2000,3070.4000,3071.6000,3072.8000,3074.0000,1,2,5,2,2,4,1,1,1,1
SF,IH2006,2020-01-20 09:34:49.800,3070.8000,9215,0,205725180.000,0,-,-,-,-,3068.6000,3068.4000,3068.0000,3067.2000,3066.6000,3070.0000,3070.2000,3071.6000,3072.8000,3074.0000,1,1,2,5,2,1,4,1,1,1
SF,IH2006,2020-01-20 09:34:50.300,3070.8000,9215,0,205725180.000,0,-,-,-,-,3068.8000,3068.6000,3068.4000,3068.0000,3067.2000,3070.0000,3070.2000,3071.6000,3072.8000,3074.0000,1,1,1,2,5,1,3,1,1,1
SF,IH2006,2020-01-20 09:34:50.800,3070.8000,9215,0,205725180.000,0,-,-,-,-,3069.0000,3068.8000,3068.4000,3068.0000,3067.2000,3071.6000,3072.8000,3074.0000,3074.8000,3075.0000,1,1,1,2,5,1,1,1,1,1
SF,IH2006,2020-01-20 09:34:51.300,3070.8000,9215,0,205725180.000,0,-,-,-,-,3069.2000,3069.0000,3068.8000,3068.0000,3067.2000,3071.2000,3071.4000,3071.6000,3072.8000,3074.0000,2,1,1,2,5,1,7,1,1,1
SF,IH2006,2020-01-20 09:34:51.800,3070.8000,9215,0,205725180.000,0,-,-,-,-,3069.4000,3069.2000,3068.8000,3068.0000,3067.2000,3071.0000,3071.2000,3071.4000,3071.6000,3072.8000,1,2,1,2,5,1,1,6,1,1
SF,IH2006,2020-01-20 09:34:52.300,3070.8000,9215,0,205725180.000,0,-,-,-,-,3069.4000,3069.2000,3068.0000,3067.2000,3066.6000,3071.0000,3071.2000,3071.4000,3071.6000,3072.8000,1,2,2,5,2,1,1,5,1,1
SF,IH2006,2020-01-20 09:34:52.800,3070.8000,9215,0,205725180.000,0,-,-,-,-,3069.6000,3069.4000,3069.2000,3068.0000,3067.2000,3071.0000,3071.2000,3071.4000,3071.6000,3072.8000,1,1,2,2,5,1,1,5,1,1
SF,IH2006,2020-01-20 09:34:53.300,3070.8000,9215,0,205725180.000,0,-,-,-,-,3069.6000,3069.4000,3069.2000,3068.0000,3067.2000,3070.8000,3071.0000,3071.2000,3071.4000,3071.6000,1,1,2,2,5,1,1,1,5,1
SF,IH2006,2020-01-20 09:34:53.800,3070.8000,9215,0,205725180.000,0,-,-,-,-,3069.6000,3069.2000,3068.0000,3067.2000,3066.6000,3070.8000,3071.2000,3071.4000,3071.6000,3072.8000,1,2,2,5,2,1,1,3,1,1
SF,IH2006,2020-01-20 09:34:54.300,3070.8000,9215,0,205725180.000,0,-,-,-,-,3069.8000,3069.6000,3069.2000,3068.0000,3067.2000,3071.0000,3071.2000,3071.4000,3071.6000,3072.8000,1,1,2,2,5,1,1,3,1,1
SF,IH2006,2020-01-20 09:34:54.800,3070.8000,9215,0,205725180.000,0,-,-,-,-,3069.2000,3068.0000,3067.2000,3066.6000,3066.0000,3070.8000,3071.0000,3071.2000,3071.4000,3071.6000,2,2,5,2,2,2,1,1,3,1
SF,IH2006,2020-01-20 09:34:55.300,3070.8000,9215,0,205725180.000,0,-,-,-,-,3069.4000,3069.2000,3068.0000,3067.2000,3066.6000,3070.8000,3071.0000,3071.2000,3071.4000,3071.6000,1,1,2,5,2,2,1,1,3,1
SF,IH2006,2020-01-20 09:34:55.800,3070.8000,9215,0,205725180.000,0,-,-,-,-,3069.6000,3069.4000,3069.2000,3068.0000,3067.2000,3070.8000,3071.0000,3071.2000,3071.4000,3071.6000,1,1,1,2,5,2,1,1,3,1
SF,IH2006,2020-01-20 09:34:56.300,3070.8000,9215,0,205725180.000,0,-,-,-,-,3069.8000,3069.6000,3069.4000,3069.2000,3068.0000,3070.8000,3071.0000,3071.2000,3071.4000,3071.6000,1,1,1,1,2,1,1,1,3,1
SF,IH2006,2020-01-20 09:34:57.300,3070.8000,9215,0,205725180.000,0,-,-,-,-,3069.8000,3069.4000,3069.2000,3068.0000,3067.2000,3070.8000,3071.0000,3071.2000,3071.4000,3071.6000,1,1,1,2,5,1,1,1,3,1
SF,IH2006,2020-01-20 09:34:57.800,3070.8000,9215,0,205725180.000,0,-,-,-,-,3069.4000,3069.2000,3068.0000,3067.2000,3066.6000,3070.6000,3070.8000,3071.0000,3071.2000,3071.4000,1,1,2,5,2,1,1,1,1,3
SF,IH2006,2020-01-20 09:34:58.300,3070.8000,9215,0,205725180.000,0,-,-,-,-,3069.4000,3069.2000,3068.0000,3067.2000,3066.6000,3070.6000,3070.8000,3071.2000,3071.4000,3071.6000,1,1,2,5,2,1,1,1,3,1
SF,IH2006,2020-01-20 09:34:58.800,3070.8000,9215,0,205725180.000,0,-,-,-,-,3069.6000,3069.2000,3068.0000,3067.2000,3066.6000,3070.4000,3071.2000,3071.4000,3071.6000,3072.8000,1,1,2,5,2,2,1,2,1,1
SF,IH2006,2020-01-20 09:34:59.300,3070.8000,9215,0,205725180.000,0,-,-,-,-,3069.6000,3068.0000,3067.2000,3066.6000,3066.0000,3070.4000,3071.2000,3071.4000,3071.6000,3072.8000,1,2,5,2,2,2,1,2,1,1
SF,IH2006,2020-01-20 09:34:59.800,3070.8000,9215,0,205725180.000,0,-,-,-,-,3069.6000,3068.0000,3067.2000,3066.6000,3066.0000,3070.4000,3071.2000,3071.4000,3071.6000,3072.8000,1,2,5,2,2,2,1,2,1,1
SF,IH2006,2020-01-20 09:35:00.300,3070.8000,9215,0,205725180.000,0,-,-,-,-,3069.6000,3068.0000,3067.2000,3066.6000,3066.0000,3070.4000,3071.2000,3071.4000,3071.6000,3072.8000,1,2,5,2,2,1,1,2,1,1
SF,IH2006,2020-01-20 09:35:00.800,3070.8000,9215,0,205725180.000,0,-,-,-,-,3068.0000,3067.2000,3066.6000,3066.0000,3062.8000,3070.4000,3071.2000,3071.4000,3071.6000,3072.8000,2,5,2,2,5,1,1,2,1,1
SF,IH2006,2020-01-20 09:35:01.300,3070.8000,9215,0,205725180.000,0,-,-,-,-,3068.2000,3068.0000,3067.2000,3066.6000,3066.0000,3070.2000,3071.2000,3071.4000,3071.6000,3072.8000,2,3,5,2,2,1,1,2,1,1
SF,IH2006,2020-01-20 09:35:01.800,3070.8000,9215,0,205725180.000,0,-,-,-,-,3068.4000,3068.2000,3068.0000,3067.2000,3066.6000,3070.0000,3070.2000,3071.2000,3071.4000,3071.6000,1,2,2,5,2,1,1,1,2,1
SF,IH2006,2020-01-20 09:35:02.300,3070.8000,9215,0,205725180.000,0,-,-,-,-,3068.6000,3068.2000,3068.0000,3067.2000,3066.6000,3069.8000,3070.0000,3070.2000,3071.2000,3071.4000,1,1,2,5,2,1,1,1,1,2
SF,IH2006,2020-01-20 09:35:03.800,3068.6000,9216,1,206645760.000,1,1,0,双开,S,3068.2000,3068.0000,3067.2000,3066.6000,3066.0000,3069.6000,3069.8000,3070.0000,3070.2000,3071.2000,1,2,5,2,2,3,1,1,1,1
SF,IH2006,2020-01-20 09:35:04.300,3068.6000,9216,0,206645760.000,0,-,-,-,-,3068.2000,3068.0000,3067.2000,3066.6000,3066.0000,3069.4000,3069.6000,3069.8000,3070.2000,3071.6000,1,2,5,2,2,3,3,1,1,1
SF,IH2006,2020-01-20 09:35:04.800,3068.6000,9216,0,206645760.000,0,-,-,-,-,3068.0000,3067.2000,3066.6000,3066.0000,3062.8000,3069.2000,3069.4000,3069.6000,3069.8000,3070.2000,2,5,2,2,5,1,3,3,1,1
SF,IH2006,2020-01-20 09:35:05.300,3068.6000,9216,0,206645760.000,0,-,-,-,-,3068.0000,3067.2000,3066.6000,3066.0000,3062.8000,3069.4000,3069.6000,3069.8000,3071.6000,3074.0000,2,5,2,2,5,3,3,1,1,1
SF,IH2006,2020-01-20 09:35:05.800,3068.6000,9216,0,206645760.000,0,-,-,-,-,3068.2000,3068.0000,3067.2000,3066.6000,3066.0000,3069.2000,3069.4000,3069.6000,3074.0000,3075.0000,2,2,5,2,2,1,3,3,1,1
SF,IH2006,2020-01-20 09:35:06.300,3069.4000,9215,-1,208487340.000,2,0,2,多平,S,3068.4000,3068.2000,3068.0000,3067.2000,3066.6000,3069.6000,3074.0000,3075.0000,3075.6000,3075.8000,2,2,2,5,2,1,1,1,2,2
SF,IH2006,2020-01-20 09:35:06.800,3069.4000,9215,0,208487340.000,0,-,-,-,-,3068.6000,3068.4000,3068.0000,3067.2000,3066.6000,3069.6000,3074.0000,3075.0000,3075.6000,3075.8000,1,3,2,5,2,1,1,1,2,2
SF,IH2006,2020-01-20 09:35:07.300,3069.4000,9215,0,208487340.000,0,-,-,-,-,3068.6000,3068.4000,3068.0000,3067.2000,3066.6000,3069.6000,3074.0000,3075.0000,3075.6000,3075.8000,1,1,2,5,2,1,1,1,2,2
SF,IH2006,2020-01-20 09:35:07.800,3069.4000,9215,0,208487340.000,0,-,-,-,-,3068.4000,3068.0000,3067.2000,3066.6000,3066.0000,3069.4000,3069.6000,3074.0000,3075.0000,3075.6000,1,2,5,2,2,3,1,1,1,2
SF,IH2006,2020-01-20 09:35:08.300,3068.4000,9215,0,209407860.000,1,0,1,多换,S,3068.0000,3067.2000,3066.6000,3066.0000,3062.8000,3069.2000,3069.4000,3074.0000,3075.0000,3075.6000,2,5,2,2,5,2,3,1,1,2
SF,IH2006,2020-01-20 09:35:08.800,3068.4000,9215,0,209407860.000,0,-,-,-,-,3068.0000,3067.2000,3066.6000,3066.0000,3062.8000,3069.0000,3069.2000,3069.4000,3074.0000,3075.0000,2,5,2,2,5,4,2,2,1,1
SF,IH2006,2020-01-20 09:35:09.300,3068.4000,9215,0,209407860.000,0,-,-,-,-,3068.0000,3067.2000,3066.6000,3066.0000,3062.8000,3069.0000,3069.2000,3069.4000,3074.0000,3075.0000,2,5,2,2,5,3,1,2,1,1
SF,IH2006,2020-01-20 09:35:09.800,3068.0000,9215,0,210328260.000,1,0,1,多换,S,3068.0000,3067.2000,3066.6000,3066.0000,3062.8000,3068.8000,3069.0000,3069.4000,3074.0000,3075.0000,1,5,2,2,5,5,3,1,1,1
SF,IH2006,2020-01-20 09:35:10.300,3068.0000,9215,0,211248660.000,1,0,1,多换,S,3067.2000,3066.6000,3066.0000,3062.8000,3062.6000,3068.0000,3069.0000,3069.4000,3074.0000,3075.0000,5,2,2,5,1,1,3,1,1,1
SF,IH2006,2020-01-20 09:35:10.800,3068.0000,9214,-1,212169060.000,1,0,1,双平,S,3068.0000,3067.4000,3067.2000,3066.6000,3066.0000,3069.0000,3069.4000,3074.0000,3075.0000,3075.6000,1,1,6,2,2,3,1,1,1,2
SF,IH2006,2020-01-20 09:35:11.300,3068.0000,9214,0,212169060.000,0,-,-,-,-,3067.2000,3066.6000,3066.0000,3062.8000,3062.6000,3068.8000,3069.0000,3069.4000,3074.0000,3075.0000,5,2,2,5,1,5,3,1,1,1
SF,IH2006,2020-01-20 09:35:11.800,3068.0000,9214,0,212169060.000,0,-,-,-,-,3067.2000,3066.6000,3066.0000,3062.8000,3062.6000,3068.6000,3068.8000,3069.0000,3069.4000,3074.0000,5,2,2,5,1,3,5,2,1,1
SF,IH2006,2020-01-20 09:35:12.300,3068.0000,9214,0,212169060.000,0,-,-,-,-,3067.4000,3067.2000,3066.6000,3066.0000,3062.8000,3068.4000,3068.6000,3068.8000,3069.0000,3069.4000,1,5,2,2,5,3,3,2,2,1
SF,IH2006,2020-01-20 09:35:12.800,3068.0000,9214,0,212169060.000,0,-,-,-,-,3067.2000,3066.6000,3066.0000,3062.8000,3062.6000,3068.2000,3068.4000,3068.6000,3068.8000,3069.0000,5,2,2,5,1,3,3,2,2,2
SF,IH2006,2020-01-20 09:35:13.800,3068.0000,9214,0,212169060.000,0,-,-,-,-,3067.2000,3066.6000,3066.0000,3062.8000,3062.6000,3068.0000,3068.2000,3068.4000,3068.6000,3068.8000,5,2,2,5,1,1,3,2,2,2
SF,IH2006,2020-01-20 09:35:14.300,3068.0000,9214,0,212169060.000,0,-,-,-,-,3067.2000,3066.6000,3066.0000,3062.8000,3062.6000,3067.8000,3068.0000,3068.2000,3068.4000,3068.6000,5,2,2,5,1,1,1,2,2,2
SF,IH2006,2020-01-20 09:35:14.800,3067.2000,9214,0,213089220.000,1,0,1,多换,S,3067.2000,3066.6000,3066.0000,3062.8000,3062.6000,3067.8000,3068.0000,3068.2000,3068.4000,3068.6000,4,2,2,5,1,1,1,2,2,2
SF,IH2006,2020-01-20 09:35:15.300,3067.2000,9214,0,213089220.000,0,-,-,-,-,3067.2000,3066.6000,3066.0000,3062.8000,3062.6000,3067.8000,3068.2000,3068.4000,3068.6000,3068.8000,4,2,2,5,1,1,2,2,2,2
