市场代码,合约代码,时间,最新,持仓,增仓,成交额,成交量,开仓,平仓,成交类型,方向,买一价,买二价,买三价,买四价,买五价,卖一价,卖二价,卖三价,卖四价,卖五价,买一量,买二量,买三量,买四量,买五量,卖一量,卖二量,卖三量,卖四量,卖五量
SF,IH2012,2020-09-07 09:29:00.400,3266.0000,23648,0,2939400.000,3.000,-,-,-,-,3265.0000,3263.6000,3263.2000,3263.0000,3261.6000,3268.0000,3269.0000,3275.4000,3276.2000,3278.0000,2,1,1,1,1,1,1,1,1,2
SF,IH2012,2020-09-07 09:30:00.400,3267.0000,23647,-1,4899900.000,2,0,2,多平,S,3268.0000,3266.2000,3266.0000,3265.4000,3265.2000,3269.0000,3271.0000,3275.4000,3276.2000,3278.0000,1,1,2,4,1,1,1,1,1,2
SF,IH2012,2020-09-07 09:30:00.900,3268.8000,23647,0,5880540.000,1,0,1,多换,S,3266.6000,3266.2000,3266.0000,3265.6000,3265.4000,3269.0000,3271.0000,3278.0000,3282.0000,3284.0000,1,1,2,1,4,1,1,1,1,1
SF,IH2012,2020-09-07 09:30:01.400,3269.0000,23646,-1,7841940.000,2,0,2,多平,S,3268.2000,3268.0000,3267.8000,3266.8000,3266.2000,3271.0000,3278.0000,3282.0000,3284.0000,3286.0000,2,1,1,1,1,1,1,1,1,1
SF,IH2012,2020-09-07 09:30:01.900,3269.0000,23646,0,7841940.000,0,-,-,-,-,3268.4000,3266.2000,3266.0000,3265.6000,3265.4000,3270.6000,3271.0000,3278.0000,3282.0000,3284.0000,2,1,4,1,2,5,1,1,1,1
SF,IH2012,2020-09-07 09:30:02.400,3269.0000,23646,0,7841940.000,0,-,-,-,-,3268.4000,3266.2000,3266.0000,3265.6000,3265.4000,3270.6000,3271.0000,3278.0000,3282.0000,3284.0000,1,1,4,1,2,3,1,1,1,1
SF,IH2012,2020-09-07 09:30:02.900,3269.0000,23646,0,7841940.000,0,-,-,-,-,3269.4000,3268.4000,3266.2000,3266.0000,3265.6000,3270.6000,3271.0000,3278.0000,3282.0000,3284.0000,2,1,1,4,1,3,1,1,1,1
SF,IH2012,2020-09-07 09:30:03.400,3270.4000,23645,-1,9804180.000,2,0,2,多平,S,3268.4000,3266.2000,3266.0000,3265.6000,3265.4000,3270.6000,3271.0000,3278.0000,3282.0000,3284.0000,1,1,4,1,2,3,1,1,1,1
SF,IH2012,2020-09-07 09:30:03.900,3270.4000,23645,0,9804180.000,0,-,-,-,-,3270.0000,3269.6000,3268.4000,3266.2000,3266.0000,3270.4000,3270.6000,3271.0000,3278.0000,3282.0000,1,1,1,1,4,1,3,1,1,1
SF,IH2012,2020-09-07 09:30:04.400,3270.2000,23643,-2,12747120.000,3,0,3,多平,S,3268.4000,3266.2000,3266.0000,3265.6000,3265.4000,3270.4000,3270.6000,3271.0000,3278.0000,3282.0000,1,1,4,1,2,1,1,1,1,1
SF,IH2012,2020-09-07 09:30:04.900,3270.4000,23643,0,13728240.000,1,0,1,多换,S,3270.0000,3269.6000,3269.4000,3268.4000,3266.2000,3271.0000,3278.0000,3282.0000,3284.0000,3286.0000,2,1,2,1,1,1,1,1,1,1
SF,IH2012,2020-09-07 09:30:05.400,3271.0000,23643,0,14709540.000,1,0,1,多换,S,3270.4000,3270.2000,3268.4000,3266.2000,3266.0000,3274.6000,3278.0000,3282.0000,3283.2000,3284.0000,1,1,1,1,3,1,1,1,5,1
SF,IH2012,2020-09-07 09:30:05.900,3271.0000,23643,0,15690840.000,1,0,1,多换,S,3271.0000,3270.6000,3270.4000,3266.2000,3266.0000,3273.6000,3274.2000,3274.4000,3274.6000,3278.0000,1,2,3,1,3,1,5,1,1,1
SF,IH2012,2020-09-07 09:30:06.400,3271.2000,23643,0,16672200.000,1,0,1,多换,S,3271.0000,3270.6000,3270.4000,3266.2000,3266.0000,3273.0000,3274.2000,3274.4000,3274.6000,3278.0000,1,1,4,1,3,1,5,1,1,1
SF,IH2012,2020-09-07 09:30:06.900,3271.2000,23643,0,16672200.000,0,-,-,-,-,3272.2000,3271.2000,3271.0000,3270.4000,3266.2000,3273.0000,3274.2000,3274.6000,3278.0000,3282.0000,2,2,2,4,1,1,3,1,1,1
SF,IH2012,2020-09-07 09:30:07.400,3272.8000,23642,-1,17654040.000,1,0,1,双平,S,3271.2000,3271.0000,3270.4000,3266.2000,3266.0000,3274.2000,3274.6000,3278.0000,3282.0000,3283.2000,1,2,4,1,3,3,1,1,1,5
SF,IH2012,2020-09-07 09:30:07.900,3272.8000,23642,0,17654040.000,0,-,-,-,-,3271.4000,3271.2000,3271.0000,3270.4000,3266.2000,3273.8000,3274.0000,3274.2000,3274.6000,3278.0000,1,1,2,4,1,1,1,3,1,1
SF,IH2012,2020-09-07 09:30:08.400,3273.8000,23641,-1,18636180.000,1,0,1,双平,S,3271.8000,3271.6000,3271.4000,3271.0000,3270.4000,3274.0000,3274.2000,3274.6000,3278.0000,3282.0000,1,1,1,1,4,1,3,1,1,1
SF,IH2012,2020-09-07 09:30:08.900,3273.8000,23641,0,18636180.000,0,-,-,-,-,3272.0000,3271.8000,3271.0000,3270.6000,3270.4000,3274.2000,3274.6000,3278.0000,3282.0000,3283.2000,1,1,1,1,4,3,1,1,1,5
SF,IH2012,2020-09-07 09:30:09.400,3272.0000,23640,-1,19617780.000,1,0,1,双平,S,3271.0000,3270.6000,3270.4000,3266.2000,3266.0000,3271.4000,3274.0000,3274.2000,3274.6000,3278.0000,1,1,5,1,3,1,1,3,1,1
SF,IH2012,2020-09-07 09:30:09.900,3274.2000,23639,-1,22563660.000,3,1,2,多平,S,3271.8000,3271.6000,3271.4000,3271.2000,3271.0000,3274.2000,3274.6000,3278.0000,3282.0000,3283.2000,2,5,2,1,1,2,1,1,1,5
SF,IH2012,2020-09-07 09:30:10.400,3274.2000,23639,0,22563660.000,0,-,-,-,-,3272.0000,3271.0000,3270.6000,3270.4000,3266.2000,3274.2000,3274.6000,3278.0000,3282.0000,3283.2000,1,1,1,5,1,2,1,1,1,5
SF,IH2012,2020-09-07 09:30:10.900,3272.0000,23638,-1,23545260.000,1,0,1,双平,S,3271.0000,3270.6000,3270.4000,3266.2000,3266.0000,3274.0000,3274.2000,3274.6000,3278.0000,3282.0000,1,1,5,1,3,1,2,1,1,1
SF,IH2012,2020-09-07 09:30:11.400,3273.8000,23638,0,24527400.000,1,0,1,多换,S,3271.2000,3271.0000,3270.6000,3270.4000,3266.2000,3274.0000,3274.2000,3274.6000,3278.0000,3282.0000,4,1,1,5,1,1,2,1,1,1
SF,IH2012,2020-09-07 09:30:11.900,3273.8000,23638,0,24527400.000,0,-,-,-,-,3271.8000,3271.4000,3271.2000,3271.0000,3270.6000,3274.0000,3274.2000,3274.6000,3278.0000,3282.0000,1,2,4,1,1,1,2,3,1,1
SF,IH2012,2020-09-07 09:30:12.400,3273.8000,23638,0,24527400.000,0,-,-,-,-,3271.8000,3271.4000,3271.2000,3271.0000,3270.6000,3273.4000,3273.6000,3274.0000,3274.2000,3274.6000,1,2,3,1,1,1,1,1,1,3
SF,IH2012,2020-09-07 09:30:12.900,3273.4000,23637,-1,25509420.000,1,0,1,双平,S,3271.8000,3271.4000,3271.2000,3271.0000,3270.6000,3273.2000,3273.4000,3274.0000,3274.2000,3274.6000,1,2,3,1,1,1,1,1,1,1
SF,IH2012,2020-09-07 09:30:13.400,3273.2000,23636,-1,26491380.000,1,0,1,双平,S,3272.4000,3271.2000,3271.0000,3270.6000,3270.4000,3273.4000,3274.0000,3274.2000,3274.6000,3278.0000,2,3,1,1,3,1,1,1,3,1
SF,IH2012,2020-09-07 09:30:13.900,3273.2000,23636,0,26491380.000,0,-,-,-,-,3271.2000,3271.0000,3270.6000,3270.4000,3268.0000,3273.4000,3274.0000,3274.2000,3274.6000,3278.0000,3,1,1,3,5,1,1,3,3,1
SF,IH2012,2020-09-07 09:30:14.400,3273.2000,23636,0,26491380.000,0,-,-,-,-,3272.6000,3272.4000,3272.2000,3272.0000,3271.8000,3273.2000,3273.4000,3274.2000,3274.6000,3278.0000,1,1,2,1,1,1,1,3,3,1
SF,IH2012,2020-09-07 09:30:14.900,3272.4000,23634,-2,28454880.000,2,0,2,双平,S,3272.0000,3271.2000,3271.0000,3270.6000,3270.4000,3273.2000,3273.4000,3274.2000,3274.6000,3278.0000,1,2,1,1,3,1,1,3,3,1
SF,IH2012,2020-09-07 09:30:15.400,3272.4000,23634,0,28454880.000,0,-,-,-,-,3272.0000,3271.2000,3271.0000,3270.6000,3270.4000,3272.4000,3273.0000,3273.2000,3273.4000,3274.2000,1,2,1,1,3,1,2,1,1,3
SF,IH2012,2020-09-07 09:30:15.900,3272.4000,23633,-1,29436600.000,1,0,1,双平,S,3272.0000,3271.2000,3271.0000,3270.6000,3270.4000,3273.0000,3273.2000,3273.4000,3274.2000,3274.6000,1,1,1,1,3,2,1,1,3,3
SF,IH2012,2020-09-07 09:30:16.400,3272.0000,23632,-1,30418200.000,1,0,1,双平,S,3271.0000,3270.6000,3270.4000,3270.0000,3266.2000,3273.0000,3273.2000,3274.2000,3274.6000,3278.0000,1,1,3,1,1,2,1,3,3,1
SF,IH2012,2020-09-07 09:30:16.900,3272.0000,23632,0,30418200.000,0,-,-,-,-,3272.2000,3271.2000,3271.0000,3270.6000,3270.4000,3272.8000,3273.0000,3273.2000,3274.2000,3274.6000,2,4,1,1,3,1,2,1,3,3
SF,IH2012,2020-09-07 09:30:17.400,3272.0000,23632,0,30418200.000,0,-,-,-,-,3272.2000,3271.2000,3271.0000,3270.6000,3270.4000,3273.0000,3273.2000,3274.2000,3274.6000,3278.0000,2,3,2,1,3,2,1,3,3,1
SF,IH2012,2020-09-07 09:30:17.900,3271.2000,23629,-3,33362880.000,3,0,3,双平,S,3271.0000,3270.6000,3270.4000,3270.0000,3266.2000,3273.0000,3273.2000,3274.2000,3274.6000,3278.0000,2,1,3,1,1,2,1,3,3,1
SF,IH2012,2020-09-07 09:30:18.400,3272.8000,23628,-1,34344720.000,1,0,1,双平,S,3271.2000,3271.0000,3270.6000,3270.4000,3270.0000,3273.0000,3273.2000,3274.2000,3274.6000,3278.0000,1,2,1,3,1,2,1,3,3,1
SF,IH2012,2020-09-07 09:30:18.900,3272.8000,23628,0,34344720.000,0,-,-,-,-,3271.0000,3270.6000,3270.4000,3270.0000,3266.2000,3272.8000,3273.0000,3273.2000,3274.2000,3274.6000,2,1,3,1,1,1,2,1,3,3
SF,IH2012,2020-09-07 09:30:19.400,3272.8000,23628,0,34344720.000,0,-,-,-,-,3271.0000,3270.6000,3270.4000,3270.0000,3266.2000,3272.6000,3272.8000,3273.0000,3273.2000,3274.2000,2,1,3,1,1,1,1,3,1,3
SF,IH2012,2020-09-07 09:30:19.900,3271.0000,23627,-1,37289160.000,3,1,2,多平,S,3270.6000,3270.4000,3270.0000,3266.2000,3266.0000,3272.6000,3272.8000,3273.0000,3273.2000,3274.2000,1,3,1,1,3,1,1,3,1,3
SF,IH2012,2020-09-07 09:30:20.400,3271.0000,23627,0,37289160.000,0,-,-,-,-,3270.6000,3270.4000,3270.0000,3266.2000,3266.0000,3272.4000,3272.6000,3273.0000,3273.2000,3274.2000,1,3,1,1,3,1,1,3,1,3
SF,IH2012,2020-09-07 09:30:20.900,3271.0000,23627,0,37289160.000,0,-,-,-,-,3270.8000,3270.6000,3270.4000,3270.0000,3266.2000,3271.2000,3272.4000,3272.6000,3273.0000,3273.2000,1,1,3,1,1,1,1,1,3,1
SF,IH2012,2020-09-07 09:30:21.400,3271.0000,23627,0,37289160.000,0,-,-,-,-,3270.6000,3270.4000,3270.0000,3266.2000,3266.0000,3271.2000,3272.4000,3272.6000,3273.0000,3273.2000,1,3,1,1,3,1,1,3,3,1
SF,IH2012,2020-09-07 09:30:21.900,3271.2000,23626,-1,38270520.000,1,0,1,双平,S,3270.6000,3270.4000,3270.0000,3266.2000,3266.0000,3271.4000,3272.2000,3272.4000,3272.6000,3273.0000,1,3,1,1,3,1,2,1,3,3
SF,IH2012,2020-09-07 09:30:22.400,3271.4000,23626,0,39251940.000,1,0,1,多换,S,3270.8000,3270.6000,3270.4000,3270.0000,3266.2000,3272.4000,3272.6000,3273.0000,3273.2000,3274.2000,1,1,3,1,1,2,3,3,1,1
SF,IH2012,2020-09-07 09:30:22.900,3271.0000,23625,-1,40233240.000,1,0,1,双平,S,3270.6000,3270.4000,3270.0000,3266.2000,3266.0000,3272.6000,3273.0000,3273.2000,3274.0000,3274.2000,1,3,1,1,3,3,3,1,2,1
SF,IH2012,2020-09-07 09:30:23.400,3271.0000,23625,0,40233240.000,0,-,-,-,-,3270.6000,3270.4000,3270.0000,3266.2000,3266.0000,3272.4000,3272.6000,3272.8000,3273.0000,3273.2000,1,3,1,1,3,2,1,4,3,1
SF,IH2012,2020-09-07 09:30:23.900,3271.0000,23625,0,40233240.000,0,-,-,-,-,3270.6000,3270.4000,3270.0000,3266.2000,3266.0000,3272.4000,3272.6000,3272.8000,3273.0000,3274.0000,1,3,1,1,3,2,1,4,3,2
SF,IH2012,2020-09-07 09:30:24.400,3271.0000,23625,0,40233240.000,0,-,-,-,-,3270.6000,3270.4000,3270.0000,3266.2000,3266.0000,3272.4000,3272.6000,3272.8000,3273.0000,3274.0000,1,3,1,1,3,2,1,4,2,2
SF,IH2012,2020-09-07 09:30:24.900,3271.0000,23625,0,40233240.000,0,-,-,-,-,3270.6000,3270.4000,3270.0000,3266.2000,3266.0000,3272.0000,3272.4000,3272.6000,3272.8000,3273.0000,1,3,1,1,3,1,2,1,4,2
SF,IH2012,2020-09-07 09:30:25.400,3272.0000,23625,0,41214840.000,1,0,1,多换,S,3270.6000,3270.4000,3270.0000,3266.2000,3266.0000,3272.6000,3272.8000,3273.0000,3274.0000,3274.2000,1,3,1,1,3,1,4,3,2,1
SF,IH2012,2020-09-07 09:30:25.900,3270.8000,23624,-1,42196080.000,1,0,1,双平,S,3270.8000,3270.6000,3270.4000,3270.0000,3266.2000,3272.4000,3272.6000,3273.0000,3274.0000,3274.2000,1,1,3,1,1,1,1,7,2,1
SF,IH2012,2020-09-07 09:30:26.400,3270.8000,23624,0,42196080.000,0,-,-,-,-,3270.8000,3270.6000,3270.4000,3270.0000,3266.2000,3272.2000,3272.6000,3273.0000,3274.0000,3274.2000,1,1,3,1,1,1,1,7,2,1
SF,IH2012,2020-09-07 09:30:26.900,3270.4000,23623,-1,45139620.000,3,1,2,多平,S,3270.4000,3270.0000,3266.2000,3266.0000,3265.6000,3272.0000,3272.6000,3273.0000,3273.2000,3274.0000,2,1,1,2,1,1,1,3,4,2
SF,IH2012,2020-09-07 09:30:27.400,3270.4000,23623,0,45139620.000,0,-,-,-,-,3270.4000,3270.0000,3266.2000,3266.0000,3265.6000,3272.0000,3272.6000,3273.0000,3273.2000,3274.0000,2,1,1,2,1,1,1,3,4,2
SF,IH2012,2020-09-07 09:30:27.900,3270.4000,23623,0,45139620.000,0,-,-,-,-,3270.4000,3270.0000,3266.2000,3266.0000,3265.6000,3271.8000,3272.0000,3272.2000,3272.6000,3273.0000,2,1,1,2,1,1,1,1,1,3
SF,IH2012,2020-09-07 09:30:28.400,3270.4000,23623,0,45139620.000,0,-,-,-,-,3270.6000,3270.4000,3270.0000,3266.2000,3266.0000,3272.0000,3272.2000,3272.6000,3273.0000,3273.2000,2,2,1,1,2,1,1,1,3,4
SF,IH2012,2020-09-07 09:30:28.900,3270.6000,23622,-1,46120800.000,1,0,1,双平,S,3270.6000,3270.4000,3270.0000,3266.2000,3266.0000,3272.0000,3272.2000,3272.6000,3273.0000,3273.2000,1,2,1,1,2,1,1,1,3,4
SF,IH2012,2020-09-07 09:30:29.400,3270.6000,23622,0,46120800.000,0,-,-,-,-,3270.6000,3270.4000,3270.0000,3266.2000,3266.0000,3271.8000,3272.0000,3272.2000,3272.6000,3273.0000,1,2,1,1,2,2,1,1,1,3
SF,IH2012,2020-09-07 09:30:29.900,3270.4000,23620,-2,49064640.000,3,0,3,多平,S,3270.4000,3270.0000,3266.2000,3266.0000,3265.6000,3271.8000,3272.0000,3272.2000,3272.6000,3273.0000,1,1,1,2,1,1,1,1,1,3
SF,IH2012,2020-09-07 09:30:31.400,3270.4000,23620,0,49064640.000,0,-,-,-,-,3270.4000,3270.0000,3266.2000,3266.0000,3265.6000,3271.8000,3272.0000,3272.2000,3272.6000,3273.0000,1,1,1,2,1,1,1,1,1,3
SF,IH2012,2020-09-07 09:30:31.900,3270.4000,23619,-1,50045760.000,1,0,1,双平,S,3270.0000,3266.2000,3266.0000,3265.6000,3265.0000,3271.8000,3272.0000,3272.2000,3272.6000,3273.0000,1,1,2,1,3,1,1,1,1,3
SF,IH2012,2020-09-07 09:30:32.400,3270.4000,23619,0,50045760.000,0,-,-,-,-,3270.2000,3270.0000,3266.2000,3266.0000,3265.6000,3271.6000,3271.8000,3272.0000,3272.2000,3272.6000,2,1,1,2,1,1,1,1,1,1
SF,IH2012,2020-09-07 09:30:32.900,3270.4000,23619,0,50045760.000,0,-,-,-,-,3270.2000,3270.0000,3266.2000,3266.0000,3265.6000,3271.6000,3271.8000,3272.0000,3272.2000,3272.6000,1,1,1,2,1,1,1,1,1,1
SF,IH2012,2020-09-07 09:30:33.400,3270.4000,23619,0,50045760.000,0,-,-,-,-,3270.0000,3266.2000,3266.0000,3265.6000,3265.0000,3270.4000,3271.6000,3271.8000,3272.0000,3272.2000,1,1,2,1,3,1,1,1,1,1
SF,IH2012,2020-09-07 09:30:33.900,3270.0000,23615,-4,53970120.000,4,0,4,双平,S,3266.2000,3266.0000,3265.6000,3265.0000,3264.2000,3271.6000,3271.8000,3272.0000,3272.2000,3272.6000,1,2,1,3,5,1,1,1,1,1
SF,IH2012,2020-09-07 09:30:34.400,3270.0000,23615,0,53970120.000,0,-,-,-,-,3269.2000,3269.0000,3268.8000,3268.6000,3268.4000,3271.2000,3271.4000,3271.6000,3271.8000,3272.0000,3,2,3,2,2,1,2,2,1,1
SF,IH2012,2020-09-07 09:30:34.900,3270.0000,23615,0,53970120.000,0,-,-,-,-,3269.8000,3269.6000,3269.4000,3269.2000,3269.0000,3271.0000,3271.8000,3272.0000,3272.2000,3272.6000,1,1,1,2,2,1,1,1,1,1
SF,IH2012,2020-09-07 09:30:35.400,3270.0000,23615,0,53970120.000,0,-,-,-,-,3269.8000,3269.6000,3269.4000,3269.2000,3269.0000,3271.8000,3272.0000,3272.2000,3273.0000,3273.2000,1,1,1,2,1,1,1,1,2,4
SF,IH2012,2020-09-07 09:30:35.900,3270.0000,23615,0,53970120.000,0,-,-,-,-,3270.0000,3269.8000,3269.6000,3269.4000,3269.2000,3271.6000,3271.8000,3272.0000,3272.2000,3273.0000,1,1,1,1,2,1,1,1,1,2
SF,IH2012,2020-09-07 09:30:36.400,3270.0000,23615,0,53970120.000,0,-,-,-,-,3269.8000,3269.6000,3269.4000,3269.2000,3268.8000,3271.6000,3271.8000,3272.0000,3272.2000,3273.0000,1,1,1,2,1,1,1,1,1,2
SF,IH2012,2020-09-07 09:30:36.900,3270.0000,23615,0,53970120.000,0,-,-,-,-,3270.0000,3269.8000,3269.6000,3269.4000,3269.2000,3271.6000,3272.0000,3272.2000,3273.0000,3273.2000,1,1,1,1,2,1,1,1,2,4
SF,IH2012,2020-09-07 09:30:37.400,3270.0000,23615,0,53970120.000,0,-,-,-,-,3269.8000,3269.6000,3269.4000,3269.2000,3268.8000,3271.6000,3272.0000,3272.2000,3273.0000,3273.2000,1,1,1,2,1,1,1,1,2,4
SF,IH2012,2020-09-07 09:30:38.900,3270.0000,23615,0,53970120.000,0,-,-,-,-,3270.0000,3269.8000,3269.4000,3269.2000,3268.8000,3271.6000,3272.0000,3272.2000,3273.0000,3273.2000,2,1,1,2,1,1,1,1,2,4
SF,IH2012,2020-09-07 09:30:39.400,3270.0000,23615,0,53970120.000,0,-,-,-,-,3270.2000,3270.0000,3269.8000,3269.4000,3269.2000,3271.6000,3272.0000,3272.2000,3273.0000,3273.2000,1,2,1,1,2,1,1,1,2,4
SF,IH2012,2020-09-07 09:30:39.900,3270.0000,23615,0,53970120.000,0,-,-,-,-,3269.8000,3269.4000,3269.2000,3268.8000,3268.6000,3271.6000,3272.0000,3272.2000,3273.0000,3273.2000,1,1,2,1,2,1,1,1,2,4
SF,IH2012,2020-09-07 09:30:40.400,3270.0000,23615,0,53970120.000,0,-,-,-,-,3270.0000,3269.8000,3269.4000,3269.2000,3268.8000,3271.6000,3272.0000,3273.0000,3273.2000,3274.0000,3,1,1,2,1,1,1,2,4,2
SF,IH2012,2020-09-07 09:30:40.900,3270.2000,23615,0,54951180.000,1,0,1,多换,S,3270.0000,3269.8000,3269.4000,3269.2000,3268.8000,3271.6000,3272.0000,3273.0000,3273.2000,3274.0000,3,1,1,2,1,1,1,2,4,2
SF,IH2012,2020-09-07 09:30:41.400,3271.6000,23614,-1,55932660.000,1,0,1,双平,S,3270.2000,3270.0000,3269.8000,3269.4000,3269.2000,3272.0000,3273.0000,3273.2000,3274.0000,3274.2000,4,5,1,1,1,1,2,4,2,1
SF,IH2012,2020-09-07 09:30:41.900,3271.6000,23612,-2,57895740.000,2,0,2,双平,S,3271.0000,3270.8000,3270.6000,3270.4000,3270.2000,3273.0000,3273.2000,3274.0000,3274.2000,3274.6000,2,4,2,5,5,2,4,2,1,1
SF,IH2012,2020-09-07 09:30:42.400,3271.6000,23612,0,58877220.000,1,0,1,多换,S,3271.2000,3270.8000,3270.6000,3270.4000,3270.2000,3273.0000,3273.2000,3274.0000,3274.2000,3274.6000,4,4,1,3,4,2,4,2,1,1
SF,IH2012,2020-09-07 09:30:42.900,3271.6000,23612,0,58877220.000,0,-,-,-,-,3271.4000,3271.2000,3271.0000,3270.8000,3270.6000,3273.0000,3273.2000,3274.0000,3274.2000,3274.6000,1,4,1,3,1,2,4,2,1,1
SF,IH2012,2020-09-07 09:30:43.400,3271.6000,23612,0,58877220.000,0,-,-,-,-,3271.6000,3271.4000,3271.2000,3271.0000,3270.8000,3273.0000,3273.2000,3274.0000,3274.2000,3274.6000,2,2,2,1,3,2,4,2,1,1
SF,IH2012,2020-09-07 09:30:43.900,3271.6000,23612,0,58877220.000,0,-,-,-,-,3271.6000,3271.4000,3271.2000,3271.0000,3270.8000,3273.0000,3274.0000,3274.2000,3274.6000,3275.0000,2,2,2,1,3,2,2,1,1,4
SF,IH2012,2020-09-07 09:30:44.400,3271.6000,23612,0,58877220.000,0,-,-,-,-,3271.6000,3271.4000,3271.2000,3271.0000,3270.8000,3273.0000,3274.0000,3274.2000,3274.6000,3275.0000,2,2,2,1,3,3,2,1,1,4
SF,IH2012,2020-09-07 09:30:44.900,3273.0000,23613,1,61822920.000,3,2,1,空开,S,3271.8000,3271.6000,3271.4000,3271.2000,3270.8000,3274.0000,3274.2000,3274.6000,3275.0000,3278.0000,1,3,1,1,3,2,1,1,4,1
SF,IH2012,2020-09-07 09:30:45.400,3273.0000,23613,0,61822920.000,0,-,-,-,-,3272.2000,3272.0000,3271.8000,3271.6000,3271.4000,3274.0000,3274.2000,3274.6000,3275.0000,3278.0000,1,4,1,1,1,6,1,1,4,1
SF,IH2012,2020-09-07 09:30:45.900,3273.0000,23613,0,61822920.000,0,-,-,-,-,3272.4000,3272.2000,3272.0000,3271.8000,3271.6000,3274.0000,3274.2000,3274.6000,3275.0000,3278.0000,2,1,3,1,1,6,1,1,4,1
SF,IH2012,2020-09-07 09:30:46.400,3273.0000,23613,0,61822920.000,0,-,-,-,-,3272.8000,3272.4000,3271.8000,3271.6000,3271.4000,3274.0000,3274.2000,3274.6000,3275.0000,3278.0000,1,5,1,1,1,4,2,1,4,1
SF,IH2012,2020-09-07 09:30:46.900,3273.0000,23613,0,61822920.000,0,-,-,-,-,3272.8000,3272.4000,3271.8000,3271.6000,3271.4000,3273.8000,3274.0000,3274.2000,3274.6000,3275.0000,1,4,1,1,1,1,4,2,1,4
SF,IH2012,2020-09-07 09:30:47.400,3273.0000,23613,0,61822920.000,0,-,-,-,-,3272.8000,3272.4000,3271.8000,3271.6000,3271.4000,3273.8000,3274.0000,3274.2000,3274.6000,3275.0000,1,4,1,1,1,1,2,4,1,4
SF,IH2012,2020-09-07 09:30:48.400,3273.0000,23611,-2,63786720.000,2,0,2,双平,S,3273.0000,3272.8000,3272.4000,3271.8000,3271.6000,3273.8000,3274.0000,3274.2000,3274.6000,3275.0000,1,1,1,1,1,1,2,4,1,4
SF,IH2012,2020-09-07 09:30:48.900,3272.8000,23610,-1,64768560.000,1,0,1,双平,S,3272.4000,3271.8000,3271.6000,3271.4000,3270.8000,3273.8000,3274.0000,3274.2000,3274.6000,3275.0000,1,1,1,1,3,1,2,4,1,4
SF,IH2012,2020-09-07 09:30:49.400,3272.4000,23609,-1,65750280.000,1,0,1,双平,S,3271.6000,3271.4000,3270.8000,3270.6000,3270.4000,3273.6000,3273.8000,3274.0000,3274.2000,3274.6000,1,1,3,1,1,1,1,2,4,1
SF,IH2012,2020-09-07 09:30:49.900,3273.4000,23609,0,66732300.000,1,0,1,多换,S,3270.8000,3270.6000,3270.4000,3269.4000,3268.6000,3273.4000,3273.6000,3273.8000,3274.0000,3274.2000,3,1,1,1,2,2,1,1,2,4
SF,IH2012,2020-09-07 09:30:50.400,3273.4000,23609,0,67714320.000,1,0,1,多换,S,3271.4000,3271.2000,3270.8000,3270.6000,3270.4000,3273.6000,3273.8000,3274.0000,3274.2000,3274.6000,1,1,4,1,1,1,1,2,4,1
SF,IH2012,2020-09-07 09:30:50.900,3273.4000,23609,0,67714320.000,0,-,-,-,-,3271.4000,3271.2000,3270.8000,3270.6000,3270.4000,3273.4000,3273.6000,3273.8000,3274.0000,3274.2000,1,1,4,1,1,1,1,1,2,4
SF,IH2012,2020-09-07 09:30:51.400,3273.8000,23609,0,70660560.000,3,1,2,多换,S,3271.6000,3271.4000,3271.2000,3270.8000,3270.6000,3274.0000,3274.2000,3274.6000,3275.0000,3278.0000,3,2,1,4,1,2,4,1,4,1
SF,IH2012,2020-09-07 09:30:51.900,3273.8000,23609,0,70660560.000,0,-,-,-,-,3271.6000,3271.4000,3271.2000,3270.8000,3270.6000,3274.0000,3274.2000,3274.6000,3275.0000,3278.0000,2,2,1,4,1,2,4,1,4,1
SF,IH2012,2020-09-07 09:30:52.900,3273.8000,23609,0,70660560.000,0,-,-,-,-,3271.6000,3271.4000,3271.2000,3270.8000,3270.6000,3274.0000,3274.2000,3274.6000,3275.0000,3278.0000,2,3,1,4,1,2,4,1,4,1
SF,IH2012,2020-09-07 09:30:53.400,3273.8000,23609,0,70660560.000,0,-,-,-,-,3272.0000,3271.6000,3271.4000,3271.2000,3270.8000,3274.0000,3274.2000,3274.6000,3275.0000,3278.0000,1,1,3,1,4,2,4,1,4,1
SF,IH2012,2020-09-07 09:30:53.900,3273.8000,23609,0,70660560.000,0,-,-,-,-,3272.2000,3272.0000,3271.6000,3271.4000,3271.2000,3273.8000,3274.0000,3274.2000,3274.6000,3275.0000,1,1,1,3,1,1,2,4,1,4
SF,IH2012,2020-09-07 09:30:54.400,3273.8000,23609,0,70660560.000,0,-,-,-,-,3272.2000,3272.0000,3271.6000,3271.4000,3271.2000,3274.0000,3274.6000,3275.0000,3278.0000,3280.0000,1,1,1,3,1,2,5,4,1,3
SF,IH2012,2020-09-07 09:30:54.900,3273.8000,23609,0,70660560.000,0,-,-,-,-,3272.4000,3272.2000,3272.0000,3271.6000,3271.4000,3274.0000,3274.6000,3275.0000,3278.0000,3280.0000,1,1,1,1,3,2,5,4,1,3
SF,IH2012,2020-09-07 09:30:55.400,3273.8000,23609,0,70660560.000,0,-,-,-,-,3272.4000,3272.2000,3272.0000,3271.6000,3271.4000,3274.0000,3274.6000,3275.0000,3278.0000,3280.0000,1,1,1,1,3,2,5,4,1,3
SF,IH2012,2020-09-07 09:30:55.900,3273.8000,23609,0,70660560.000,0,-,-,-,-,3272.4000,3272.2000,3272.0000,3271.6000,3271.4000,3274.0000,3274.6000,3275.0000,3278.0000,3280.0000,1,1,1,1,3,2,5,4,1,3
SF,IH2012,2020-09-07 09:30:56.400,3273.8000,23609,0,70660560.000,0,-,-,-,-,3272.6000,3272.4000,3272.2000,3272.0000,3271.6000,3274.0000,3274.6000,3275.0000,3278.0000,3280.0000,1,1,1,1,1,2,5,4,1,3
SF,IH2012,2020-09-07 09:30:56.900,3274.0000,23609,0,71642760.000,1,0,1,多换,S,3272.6000,3272.4000,3272.2000,3272.0000,3271.6000,3274.0000,3274.6000,3275.0000,3278.0000,3280.0000,1,1,1,1,1,1,5,4,1,3
SF,IH2012,2020-09-07 09:30:57.400,3272.6000,23608,-1,72624540.000,1,0,1,双平,S,3272.4000,3272.2000,3272.0000,3271.6000,3271.4000,3274.0000,3274.6000,3274.8000,3275.0000,3278.0000,1,1,1,1,2,1,1,4,4,1
SF,IH2012,2020-09-07 09:30:57.900,3272.6000,23608,0,72624540.000,0,-,-,-,-,3272.4000,3272.2000,3272.0000,3271.6000,3271.4000,3273.8000,3274.0000,3274.6000,3274.8000,3275.0000,1,1,1,1,2,2,1,1,4,4
SF,IH2012,2020-09-07 09:30:58.400,3272.6000,23608,0,72624540.000,0,-,-,-,-,3272.6000,3272.4000,3272.2000,3272.0000,3271.6000,3273.8000,3274.0000,3274.6000,3274.8000,3275.0000,2,1,1,1,1,2,1,1,4,4
SF,IH2012,2020-09-07 09:30:58.900,3272.6000,23608,0,72624540.000,0,-,-,-,-,3272.6000,3272.2000,3272.0000,3271.6000,3271.4000,3273.8000,3274.0000,3274.6000,3274.8000,3275.0000,1,1,1,1,1,2,1,1,4,4
SF,IH2012,2020-09-07 09:30:59.400,3272.6000,23608,0,72624540.000,0,-,-,-,-,3272.8000,3272.6000,3272.2000,3272.0000,3271.6000,3273.8000,3274.0000,3274.6000,3274.8000,3275.0000,1,1,1,1,1,2,1,1,4,4
SF,IH2012,2020-09-07 09:31:00.400,3272.6000,23608,0,72624540.000,0,-,-,-,-,3272.8000,3272.6000,3272.2000,3272.0000,3271.6000,3273.8000,3274.0000,3274.6000,3274.8000,3275.0000,1,1,1,1,1,2,1,1,4,4
SF,IH2012,2020-09-07 09:31:01.400,3272.6000,23608,0,72624540.000,0,-,-,-,-,3272.8000,3272.6000,3272.2000,3272.0000,3271.6000,3273.8000,3274.0000,3274.6000,3274.8000,3275.0000,1,1,1,1,1,2,2,1,4,4
SF,IH2012,2020-09-07 09:31:01.900,3272.6000,23606,-2,75569940.000,3,0,3,多平,S,3272.2000,3272.0000,3271.6000,3271.4000,3271.0000,3273.8000,3274.0000,3274.6000,3275.0000,3278.0000,1,1,1,1,1,2,2,1,4,1
SF,IH2012,2020-09-07 09:31:02.400,3272.6000,23606,0,75569940.000,0,-,-,-,-,3272.4000,3272.2000,3272.0000,3271.4000,3271.0000,3273.6000,3273.8000,3274.0000,3274.6000,3275.0000,1,3,1,1,1,1,2,2,1,4
SF,IH2012,2020-09-07 09:31:02.900,3273.6000,23605,-1,76552020.000,1,0,1,双平,S,3272.6000,3272.2000,3272.0000,3271.4000,3271.0000,3272.8000,3273.8000,3274.0000,3274.6000,3275.0000,1,2,1,1,1,1,2,2,1,4
SF,IH2012,2020-09-07 09:31:03.400,3272.8000,23604,-1,77533860.000,1,0,1,双平,S,3273.6000,3273.2000,3273.0000,3272.8000,3272.6000,3273.8000,3274.0000,3274.6000,3275.0000,3278.0000,1,2,2,9,1,2,2,1,4,1
SF,IH2012,2020-09-07 09:31:03.900,3273.6000,23603,-1,78515940.000,1,0,1,双平,S,3272.6000,3272.2000,3272.0000,3271.4000,3271.0000,3273.8000,3274.0000,3274.6000,3275.0000,3278.0000,1,1,1,1,1,6,2,1,4,1
SF,IH2012,2020-09-07 09:31:04.400,3273.6000,23603,0,78515940.000,0,-,-,-,-,3272.8000,3272.6000,3272.2000,3272.0000,3271.4000,3273.8000,3274.0000,3274.6000,3275.0000,3278.0000,2,1,1,1,1,2,2,1,4,1
SF,IH2012,2020-09-07 09:31:04.900,3273.6000,23603,0,78515940.000,0,-,-,-,-,3273.4000,3273.2000,3273.0000,3272.8000,3272.6000,3273.8000,3274.0000,3274.6000,3275.0000,3278.0000,2,1,2,5,1,2,2,1,4,1
SF,IH2012,2020-09-07 09:31:05.400,3273.8000,23602,-1,80480220.000,2,0,2,多平,S,3273.4000,3273.0000,3272.8000,3272.6000,3272.0000,3274.0000,3274.6000,3275.0000,3278.0000,3280.0000,2,2,3,2,1,2,1,4,1,3
SF,IH2012,2020-09-07 09:31:05.900,3274.0000,23601,-1,81462420.000,1,0,1,双平,S,3273.6000,3273.4000,3273.0000,3272.8000,3272.6000,3274.0000,3274.6000,3275.0000,3278.0000,3280.0000,1,2,2,3,2,1,1,4,1,3
SF,IH2012,2020-09-07 09:31:06.400,3274.0000,23600,-1,82444620.000,1,0,1,双平,S,3273.6000,3273.4000,3273.0000,3272.8000,3272.6000,3274.6000,3275.0000,3278.0000,3280.0000,3282.0000,2,1,1,2,2,1,8,1,3,1
SF,IH2012,2020-09-07 09:31:06.900,3274.0000,23600,0,82444620.000,0,-,-,-,-,3274.0000,3273.6000,3273.4000,3272.8000,3272.6000,3274.6000,3275.0000,3278.0000,3280.0000,3282.0000,1,1,1,1,2,1,8,1,3,1
SF,IH2012,2020-09-07 09:31:07.400,3274.0000,23599,-1,84409020.000,2,0,2,多平,S,3273.6000,3273.4000,3272.8000,3272.6000,3272.0000,3274.6000,3275.0000,3278.0000,3280.0000,3282.0000,1,1,1,2,1,1,8,1,3,1
SF,IH2012,2020-09-07 09:31:07.900,3274.0000,23599,0,84409020.000,0,-,-,-,-,3273.8000,3273.6000,3273.4000,3272.8000,3272.6000,3274.6000,3275.0000,3278.0000,3280.0000,3282.0000,1,1,1,1,2,1,8,1,3,1
SF,IH2012,2020-09-07 09:31:08.400,3273.6000,23598,-1,86373240.000,2,0,2,多平,S,3273.4000,3272.8000,3272.6000,3272.0000,3271.0000,3274.6000,3275.0000,3278.0000,3280.0000,3282.0000,1,1,2,1,1,1,8,1,3,1
SF,IH2012,2020-09-07 09:31:08.900,3273.6000,23598,0,86373240.000,0,-,-,-,-,3274.0000,3272.8000,3272.6000,3272.0000,3271.0000,3274.6000,3275.0000,3278.0000,3280.0000,3282.0000,1,1,2,1,1,1,8,1,3,1
SF,IH2012,2020-09-07 09:31:09.400,3273.8000,23597,-1,87355380.000,1,0,1,双平,S,3272.8000,3272.6000,3272.0000,3271.0000,3270.8000,3274.6000,3275.0000,3278.0000,3280.0000,3282.0000,1,1,1,1,3,1,8,1,3,1
SF,IH2012,2020-09-07 09:31:09.900,3273.8000,23597,0,87355380.000,0,-,-,-,-,3273.0000,3272.8000,3272.6000,3272.0000,3271.0000,3274.6000,3275.0000,3278.0000,3280.0000,3282.0000,4,2,1,1,1,1,8,1,3,1
SF,IH2012,2020-09-07 09:31:10.400,3273.8000,23597,0,87355380.000,0,-,-,-,-,3273.2000,3273.0000,3272.8000,3272.6000,3272.0000,3274.6000,3275.0000,3278.0000,3280.0000,3282.0000,1,4,1,1,1,1,8,1,3,1
SF,IH2012,2020-09-07 09:31:10.900,3273.8000,23597,0,87355380.000,0,-,-,-,-,3273.2000,3273.0000,3272.8000,3272.6000,3272.0000,3274.4000,3274.6000,3275.0000,3278.0000,3280.0000,1,3,1,1,1,1,1,8,1,3
SF,IH2012,2020-09-07 09:31:12.400,3273.8000,23597,0,87355380.000,0,-,-,-,-,3273.2000,3273.0000,3272.8000,3272.6000,3272.0000,3274.4000,3274.6000,3275.0000,3278.0000,3280.0000,1,3,1,1,1,1,1,8,1,3
SF,IH2012,2020-09-07 09:31:12.900,3273.8000,23597,0,87355380.000,0,-,-,-,-,3273.0000,3272.6000,3272.0000,3271.0000,3270.8000,3274.2000,3274.4000,3274.6000,3275.0000,3278.0000,2,1,1,1,3,2,1,1,8,1
SF,IH2012,2020-09-07 09:31:13.400,3273.8000,23597,0,87355380.000,0,-,-,-,-,3273.0000,3272.0000,3271.0000,3270.8000,3270.6000,3274.2000,3274.4000,3274.6000,3275.0000,3278.0000,1,1,1,3,1,1,1,1,8,1
SF,IH2012,2020-09-07 09:31:13.900,3273.8000,23597,0,88337520.000,1,0,1,多换,S,3273.8000,3272.0000,3271.0000,3270.8000,3270.6000,3274.2000,3274.4000,3274.6000,3275.0000,3278.0000,2,1,1,3,1,1,1,1,8,1
SF,IH2012,2020-09-07 09:31:14.400,3273.8000,23596,-1,89319660.000,1,0,1,双平,S,3273.8000,3272.0000,3271.0000,3270.8000,3270.6000,3274.2000,3274.4000,3274.6000,3275.0000,3278.0000,1,1,1,3,1,1,1,1,8,1
SF,IH2012,2020-09-07 09:31:14.900,3273.8000,23596,0,89319660.000,0,-,-,-,-,3273.8000,3272.0000,3271.0000,3270.8000,3270.6000,3274.4000,3274.6000,3275.0000,3278.0000,3280.0000,1,1,1,3,1,1,1,8,1,3
SF,IH2012,2020-09-07 09:31:15.400,3273.8000,23595,-1,90301800.000,1,0,1,双平,S,3272.0000,3271.0000,3270.8000,3270.6000,3270.0000,3274.4000,3274.6000,3275.0000,3278.0000,3280.0000,1,1,3,1,1,1,1,6,1,3
SF,IH2012,2020-09-07 09:31:15.900,3273.8000,23595,0,90301800.000,0,-,-,-,-,3272.4000,3272.2000,3272.0000,3271.0000,3270.8000,3274.2000,3274.4000,3274.6000,3275.0000,3278.0000,3,6,2,1,3,2,1,1,6,1
SF,IH2012,2020-09-07 09:31:16.400,3273.8000,23595,0,90301800.000,0,-,-,-,-,3272.6000,3272.4000,3272.2000,3272.0000,3271.0000,3274.2000,3274.4000,3274.6000,3275.0000,3278.0000,3,4,3,2,1,2,2,1,6,1
SF,IH2012,2020-09-07 09:31:16.900,3273.8000,23595,0,90301800.000,0,-,-,-,-,3273.0000,3272.8000,3272.6000,3272.4000,3272.2000,3274.2000,3274.4000,3274.6000,3275.0000,3278.0000,1,1,4,3,3,2,2,1,4,1
SF,IH2012,2020-09-07 09:31:17.400,3273.8000,23595,0,90301800.000,0,-,-,-,-,3272.8000,3272.6000,3272.4000,3272.2000,3272.0000,3274.2000,3274.4000,3274.6000,3275.0000,3278.0000,1,3,2,2,1,2,2,1,4,1
SF,IH2012,2020-09-07 09:31:17.900,3273.8000,23595,0,90301800.000,0,-,-,-,-,3272.6000,3272.4000,3272.2000,3272.0000,3271.0000,3274.0000,3274.2000,3274.4000,3274.6000,3275.0000,3,1,2,1,1,1,2,2,1,4
SF,IH2012,2020-09-07 09:31:18.900,3273.8000,23595,0,90301800.000,0,-,-,-,-,3272.8000,3272.6000,3272.4000,3272.2000,3272.0000,3274.0000,3274.2000,3274.4000,3274.6000,3275.0000,1,3,1,2,1,1,2,2,1,4
SF,IH2012,2020-09-07 09:31:19.400,3273.8000,23595,0,90301800.000,0,-,-,-,-,3272.8000,3272.6000,3272.4000,3272.2000,3272.0000,3274.0000,3274.2000,3274.4000,3274.6000,3275.0000,1,3,1,1,1,1,2,2,1,4
SF,IH2012,2020-09-07 09:31:19.900,3272.6000,23591,-4,94228980.000,4,0,4,双平,S,3272.4000,3272.0000,3271.0000,3270.8000,3270.6000,3272.6000,3274.0000,3274.2000,3274.4000,3274.6000,1,1,1,3,1,1,1,2,2,1
SF,IH2012,2020-09-07 09:31:20.400,3272.4000,23590,-1,95210700.000,1,0,1,双平,S,3272.0000,3271.0000,3270.8000,3270.6000,3270.0000,3272.4000,3272.6000,3274.0000,3274.2000,3274.4000,1,1,3,1,1,1,1,1,2,2
SF,IH2012,2020-09-07 09:31:20.900,3272.4000,23590,0,95210700.000,0,-,-,-,-,3272.0000,3271.0000,3270.8000,3270.6000,3270.0000,3272.4000,3272.6000,3273.4000,3274.0000,3274.2000,1,1,3,1,1,1,1,1,1,2
SF,IH2012,2020-09-07 09:31:21.400,3272.0000,23590,0,96192300.000,1,0,1,多换,S,3271.0000,3270.8000,3270.6000,3270.0000,3269.4000,3272.4000,3272.6000,3273.4000,3274.0000,3274.2000,1,3,1,1,1,1,1,1,1,3
SF,IH2012,2020-09-07 09:31:21.900,3271.4000,23589,-1,97173720.000,1,0,1,双平,S,3271.2000,3271.0000,3270.8000,3270.6000,3270.0000,3272.4000,3272.6000,3273.4000,3274.0000,3274.2000,1,2,3,1,1,1,1,1,1,3
SF,IH2012,2020-09-07 09:31:22.400,3271.4000,23589,0,97173720.000,0,-,-,-,-,3271.2000,3271.0000,3270.8000,3270.6000,3270.0000,3272.2000,3272.4000,3272.6000,3273.4000,3274.0000,1,2,3,1,1,1,1,1,1,1
SF,IH2012,2020-09-07 09:31:22.900,3271.4000,23589,0,97173720.000,0,-,-,-,-,3271.0000,3270.8000,3270.6000,3270.0000,3269.4000,3271.2000,3272.2000,3272.4000,3272.6000,3273.4000,2,3,1,1,1,1,1,1,1,1
SF,IH2012,2020-09-07 09:31:23.400,3271.2000,23588,-1,98155080.000,1,0,1,双平,S,3271.2000,3271.0000,3270.8000,3270.6000,3270.0000,3272.2000,3272.4000,3272.6000,3273.4000,3274.0000,1,2,2,1,1,1,1,1,1,1
SF,IH2012,2020-09-07 09:31:23.900,3271.2000,23588,0,98155080.000,0,-,-,-,-,3271.0000,3270.6000,3270.0000,3269.4000,3268.4000,3271.4000,3272.0000,3272.2000,3272.4000,3272.6000,1,1,1,1,2,1,2,1,1,1
SF,IH2012,2020-09-07 09:31:24.400,3271.2000,23588,0,98155080.000,0,-,-,-,-,3271.0000,3270.6000,3270.0000,3269.4000,3268.4000,3272.0000,3272.2000,3272.4000,3272.6000,3273.4000,1,1,1,1,2,1,1,1,1,1
SF,IH2012,2020-09-07 09:31:24.900,3270.6000,23588,0,100117560.000,2,1,1,多换,S,3270.0000,3269.4000,3268.4000,3266.4000,3266.0000,3271.8000,3272.0000,3272.4000,3272.6000,3273.4000,1,1,2,1,2,1,1,1,1,1
SF,IH2012,2020-09-07 09:31:25.400,3270.6000,23588,0,100117560.000,0,-,-,-,-,3271.4000,3270.2000,3270.0000,3268.4000,3266.4000,3271.6000,3271.8000,3272.0000,3272.4000,3272.6000,1,1,2,2,1,2,1,1,1,1
SF,IH2012,2020-09-07 09:31:25.900,3271.4000,23587,-1,101098980.000,1,0,1,双平,S,3270.0000,3268.4000,3266.4000,3266.0000,3265.6000,3271.4000,3271.6000,3272.0000,3272.4000,3272.6000,2,2,1,2,1,2,1,1,1,1
SF,IH2012,2020-09-07 09:31:26.400,3271.6000,23587,0,104043300.000,3,1,2,多换,S,3271.6000,3270.0000,3268.4000,3266.4000,3266.0000,3272.0000,3272.4000,3272.6000,3273.4000,3274.0000,7,2,2,1,2,1,1,1,1,1
SF,IH2012,2020-09-07 09:31:26.900,3271.6000,23587,0,110913660.000,7,3,4,多换,S,3270.0000,3268.4000,3266.4000,3266.0000,3265.6000,3271.4000,3272.0000,3272.4000,3272.6000,3273.4000,2,2,1,2,1,1,1,1,1,1
SF,IH2012,2020-09-07 09:31:27.400,3270.2000,23587,0,111894720.000,1,0,1,多换,S,3270.0000,3268.4000,3266.4000,3266.0000,3265.6000,3271.4000,3272.0000,3272.4000,3272.6000,3273.4000,2,2,1,2,1,1,1,1,1,1
SF,IH2012,2020-09-07 09:31:27.900,3270.2000,23587,0,111894720.000,0,-,-,-,-,3270.0000,3268.4000,3266.4000,3266.0000,3265.6000,3271.2000,3271.4000,3272.0000,3272.4000,3272.6000,2,2,1,2,1,1,1,1,1,1
SF,IH2012,2020-09-07 09:31:28.400,3270.2000,23587,0,111894720.000,0,-,-,-,-,3270.2000,3270.0000,3268.4000,3266.4000,3266.0000,3271.2000,3271.4000,3272.0000,3272.4000,3272.6000,1,2,2,1,2,1,1,1,1,1
SF,IH2012,2020-09-07 09:31:29.400,3270.0000,23587,0,112875720.000,1,0,1,多换,S,3270.0000,3268.4000,3266.4000,3266.0000,3265.6000,3271.2000,3271.4000,3272.0000,3272.4000,3272.6000,1,2,1,2,1,1,1,1,1,1
SF,IH2012,2020-09-07 09:31:29.900,3270.0000,23587,0,112875720.000,0,-,-,-,-,3270.0000,3268.4000,3266.4000,3266.0000,3265.6000,3271.0000,3271.2000,3271.4000,3272.0000,3272.4000,1,2,1,2,1,1,1,1,1,1
SF,IH2012,2020-09-07 09:31:30.400,3270.0000,23587,0,112875720.000,0,-,-,-,-,3270.0000,3268.4000,3266.4000,3266.0000,3265.6000,3270.8000,3271.0000,3271.4000,3272.0000,3272.4000,1,2,1,2,1,1,1,1,1,1
SF,IH2012,2020-09-07 09:31:31.900,3270.0000,23588,1,113856720.000,1,1,0,双开,S,3268.4000,3266.4000,3266.0000,3265.6000,3265.0000,3270.8000,3271.0000,3271.4000,3272.0000,3272.4000,2,1,1,1,3,1,1,1,1,1
SF,IH2012,2020-09-07 09:31:32.400,3270.0000,23588,0,113856720.000,0,-,-,-,-,3269.8000,3269.6000,3269.4000,3269.2000,3269.0000,3270.6000,3270.8000,3271.0000,3271.4000,3272.0000,2,2,1,2,1,1,1,1,1,1
SF,IH2012,2020-09-07 09:31:32.900,3270.0000,23588,0,113856720.000,0,-,-,-,-,3270.0000,3269.0000,3268.8000,3268.6000,3268.4000,3270.8000,3271.0000,3271.4000,3272.0000,3272.4000,1,1,2,3,3,1,1,1,1,1
SF,IH2012,2020-09-07 09:31:33.400,3270.0000,23588,0,113856720.000,0,-,-,-,-,3269.0000,3268.8000,3268.6000,3268.4000,3266.0000,3269.8000,3270.8000,3271.0000,3271.4000,3272.0000,1,2,3,3,1,1,1,1,1,1
SF,IH2012,2020-09-07 09:31:33.900,3269.8000,23588,0,114837660.000,1,0,1,多换,S,3269.6000,3269.4000,3269.2000,3269.0000,3268.8000,3270.8000,3271.0000,3271.4000,3272.6000,3274.4000,2,3,3,1,1,1,1,1,1,1
SF,IH2012,2020-09-07 09:31:34.400,3270.8000,23587,-1,115818900.000,1,0,1,双平,S,3269.4000,3269.2000,3269.0000,3268.6000,3268.4000,3271.4000,3272.6000,3274.4000,3274.6000,3275.0000,1,2,1,2,2,1,1,1,1,4
SF,IH2012,2020-09-07 09:31:34.900,3270.8000,23587,0,115818900.000,0,-,-,-,-,3269.8000,3269.6000,3269.2000,3269.0000,3268.6000,3271.2000,3272.6000,3274.4000,3274.6000,3275.0000,1,4,1,1,2,1,1,1,1,4
SF,IH2012,2020-09-07 09:31:35.400,3270.8000,23587,0,115818900.000,0,-,-,-,-,3270.0000,3269.8000,3269.6000,3269.2000,3268.6000,3271.2000,3272.6000,3274.4000,3274.6000,3275.0000,3,2,2,1,2,1,1,1,1,4
SF,IH2012,2020-09-07 09:31:35.900,3270.0000,23586,-1,116799900.000,1,0,1,双平,S,3270.0000,3269.8000,3269.6000,3269.2000,3268.6000,3274.4000,3274.6000,3275.0000,3278.0000,3280.0000,1,2,2,1,2,1,1,4,1,3
SF,IH2012,2020-09-07 09:31:36.400,3270.0000,23586,0,116799900.000,0,-,-,-,-,3270.2000,3269.8000,3269.6000,3268.6000,3268.4000,3273.6000,3273.8000,3274.0000,3274.2000,3274.4000,2,2,1,1,2,1,1,3,9,1
SF,IH2012,2020-09-07 09:31:36.900,3270.0000,23586,0,116799900.000,0,-,-,-,-,3270.4000,3270.2000,3269.8000,3269.6000,3268.6000,3273.0000,3273.4000,3273.6000,3273.8000,3274.2000,1,2,2,1,1,1,6,1,1,5
SF,IH2012,2020-09-07 09:31:37.400,3270.0000,23586,0,116799900.000,0,-,-,-,-,3270.2000,3269.8000,3269.6000,3268.6000,3268.4000,3271.4000,3272.6000,3272.8000,3273.0000,3273.4000,1,2,1,1,2,1,1,2,1,4
SF,IH2012,2020-09-07 09:31:37.900,3270.0000,23586,0,116799900.000,0,-,-,-,-,3270.6000,3270.2000,3269.8000,3269.6000,3268.6000,3272.6000,3272.8000,3273.0000,3273.8000,3274.2000,1,1,1,1,1,1,2,1,1,3
SF,IH2012,2020-09-07 09:31:38.400,3270.2000,23586,0,117780960.000,1,0,1,多换,S,3269.8000,3269.6000,3268.6000,3268.4000,3266.0000,3271.4000,3272.2000,3272.4000,3272.6000,3273.0000,1,1,1,2,1,1,1,3,1,1
SF,IH2012,2020-09-07 09:31:38.900,3271.4000,23585,-1,118762380.000,1,0,1,双平,S,3271.4000,3270.2000,3270.0000,3269.8000,3269.6000,3272.2000,3272.4000,3272.6000,3273.0000,3274.2000,1,1,1,1,1,1,2,1,1,3
SF,IH2012,2020-09-07 09:31:39.400,3271.4000,23585,0,118762380.000,0,-,-,-,-,3270.2000,3270.0000,3269.8000,3269.6000,3268.6000,3272.0000,3272.2000,3272.6000,3273.0000,3274.2000,1,1,2,1,1,1,1,1,1,3
SF,IH2012,2020-09-07 09:31:39.900,3271.4000,23585,0,118762380.000,0,-,-,-,-,3270.4000,3270.2000,3270.0000,3269.8000,3269.6000,3272.0000,3272.2000,3272.6000,3273.0000,3274.2000,1,1,1,2,1,1,1,1,1,3
SF,IH2012,2020-09-07 09:31:40.900,3271.4000,23585,0,118762380.000,0,-,-,-,-,3270.4000,3270.2000,3270.0000,3269.8000,3269.6000,3271.4000,3272.0000,3272.2000,3272.6000,3273.0000,1,1,1,2,1,1,1,1,1,1
SF,IH2012,2020-09-07 09:31:41.400,3271.4000,23585,0,118762380.000,0,-,-,-,-,3269.8000,3269.6000,3268.6000,3268.4000,3266.0000,3271.4000,3272.0000,3272.2000,3272.6000,3273.0000,2,1,1,2,1,1,1,1,1,1
SF,IH2012,2020-09-07 09:31:41.900,3271.4000,23585,0,118762380.000,0,-,-,-,-,3270.0000,3269.8000,3269.6000,3268.6000,3268.4000,3271.4000,3272.0000,3272.2000,3272.6000,3273.0000,3,2,1,1,2,1,1,1,1,1
SF,IH2012,2020-09-07 09:31:42.400,3270.2000,23584,-1,119743440.000,1,0,1,双平,S,3270.0000,3269.8000,3269.6000,3268.6000,3268.4000,3271.4000,3272.0000,3272.2000,3272.6000,3273.0000,5,2,1,1,2,1,1,1,1,1
SF,IH2012,2020-09-07 09:31:42.900,3270.2000,23584,0,119743440.000,0,-,-,-,-,3270.0000,3269.8000,3269.6000,3268.4000,3266.0000,3271.4000,3272.0000,3272.2000,3272.6000,3273.0000,3,2,1,2,1,1,1,1,1,1
SF,IH2012,2020-09-07 09:31:43.400,3270.2000,23584,0,119743440.000,0,-,-,-,-,3270.0000,3269.8000,3269.6000,3268.4000,3266.0000,3271.2000,3271.4000,3272.2000,3272.6000,3273.0000,1,2,1,2,1,2,1,1,1,1
SF,IH2012,2020-09-07 09:31:43.900,3270.2000,23584,0,119743440.000,0,-,-,-,-,3270.0000,3269.8000,3269.6000,3268.4000,3266.0000,3271.2000,3271.4000,3272.2000,3272.6000,3273.0000,1,1,1,2,1,2,1,1,1,1
SF,IH2012,2020-09-07 09:31:45.900,3271.4000,23582,-2,122687580.000,3,0,3,多平,S,3270.0000,3269.8000,3269.6000,3268.4000,3266.0000,3272.2000,3272.6000,3273.0000,3274.2000,3274.4000,1,1,1,2,1,1,1,1,3,1
SF,IH2012,2020-09-07 09:31:46.400,3271.4000,23582,0,122687580.000,0,-,-,-,-,3270.8000,3270.4000,3270.2000,3270.0000,3269.8000,3272.0000,3272.2000,3272.6000,3273.0000,3274.2000,1,1,5,1,1,1,1,1,1,1
SF,IH2012,2020-09-07 09:31:46.900,3271.4000,23582,0,122687580.000,0,-,-,-,-,3270.2000,3270.0000,3269.8000,3269.6000,3268.4000,3272.0000,3272.2000,3272.6000,3273.0000,3274.2000,3,1,1,1,2,1,1,1,1,1
SF,IH2012,2020-09-07 09:31:47.400,3271.4000,23582,0,122687580.000,0,-,-,-,-,3270.8000,3270.4000,3270.2000,3270.0000,3269.8000,3272.0000,3273.0000,3274.6000,3275.0000,3275.6000,1,2,4,1,1,2,1,1,4,1
SF,IH2012,2020-09-07 09:31:47.900,3271.4000,23582,0,122687580.000,0,-,-,-,-,3270.8000,3270.4000,3270.2000,3270.0000,3269.6000,3272.0000,3273.0000,3274.6000,3275.0000,3275.6000,4,1,4,1,1,2,1,1,4,1
SF,IH2012,2020-09-07 09:31:48.400,3271.4000,23582,0,122687580.000,0,-,-,-,-,3270.2000,3270.0000,3269.6000,3268.4000,3266.0000,3272.0000,3273.0000,3274.6000,3275.0000,3275.6000,3,1,1,2,1,2,1,1,4,1
SF,IH2012,2020-09-07 09:31:48.900,3271.4000,23582,0,122687580.000,0,-,-,-,-,3270.2000,3270.0000,3269.6000,3268.4000,3266.0000,3271.8000,3272.0000,3273.0000,3274.6000,3275.0000,3,1,1,2,1,1,2,1,1,4
SF,IH2012,2020-09-07 09:31:49.400,3271.4000,23582,0,122687580.000,0,-,-,-,-,3270.8000,3270.6000,3270.4000,3270.2000,3270.0000,3271.8000,3272.0000,3273.0000,3274.6000,3275.0000,2,1,1,3,1,1,2,1,1,4
SF,IH2012,2020-09-07 09:31:49.900,3271.4000,23582,0,122687580.000,0,-,-,-,-,3271.2000,3271.0000,3270.8000,3270.2000,3270.0000,3272.0000,3273.0000,3274.6000,3275.0000,3275.6000,2,1,7,3,2,2,1,1,4,1
SF,IH2012,2020-09-07 09:31:50.400,3271.2000,23581,-1,123668940.000,1,0,1,双平,S,3271.0000,3270.2000,3270.0000,3269.6000,3268.4000,3271.2000,3272.0000,3273.0000,3274.6000,3275.0000,1,1,2,1,2,1,1,1,1,4
SF,IH2012,2020-09-07 09:31:50.900,3271.2000,23581,0,123668940.000,0,-,-,-,-,3271.0000,3270.2000,3270.0000,3269.6000,3268.4000,3271.2000,3272.0000,3272.4000,3273.0000,3274.6000,1,1,2,1,2,1,1,1,1,1
SF,IH2012,2020-09-07 09:31:51.400,3271.0000,23580,-1,124650240.000,1,0,1,双平,S,3270.2000,3270.0000,3269.6000,3268.4000,3266.0000,3271.2000,3272.0000,3272.4000,3273.0000,3273.2000,1,2,1,2,1,1,1,1,1,1
SF,IH2012,2020-09-07 09:31:51.900,3271.0000,23580,0,124650240.000,0,-,-,-,-,3270.4000,3270.2000,3270.0000,3269.6000,3268.4000,3272.0000,3272.4000,3273.0000,3273.2000,3274.6000,2,1,2,1,2,1,1,1,1,1
SF,IH2012,2020-09-07 09:31:52.400,3271.0000,23580,0,124650240.000,0,-,-,-,-,3271.2000,3270.6000,3270.4000,3270.2000,3270.0000,3272.4000,3273.0000,3273.2000,3274.0000,3274.6000,10,1,3,1,2,1,1,1,1,1
SF,IH2012,2020-09-07 09:31:52.900,3271.0000,23580,0,127594140.000,3,1,2,多换,S,3271.2000,3270.6000,3270.4000,3270.2000,3270.0000,3272.2000,3272.4000,3273.0000,3273.2000,3274.0000,7,1,3,1,2,2,2,1,1,1
SF,IH2012,2020-09-07 09:31:53.400,3271.0000,23580,0,127594140.000,0,-,-,-,-,3271.2000,3270.6000,3270.4000,3270.2000,3270.0000,3272.2000,3272.4000,3273.0000,3273.2000,3274.0000,7,1,2,1,2,2,2,1,1,1
SF,IH2012,2020-09-07 09:31:53.900,3271.2000,23580,0,129556860.000,2,1,1,多换,S,3271.2000,3270.6000,3270.4000,3270.2000,3270.0000,3272.2000,3272.4000,3273.0000,3273.2000,3274.0000,5,1,2,2,2,2,2,1,1,1
SF,IH2012,2020-09-07 09:31:54.900,3271.2000,23580,0,129556860.000,0,-,-,-,-,3271.2000,3270.6000,3270.4000,3270.2000,3270.0000,3272.2000,3272.4000,3273.0000,3273.2000,3274.0000,5,1,2,2,2,2,2,1,1,1
SF,IH2012,2020-09-07 09:31:55.400,3271.2000,23580,0,133482300.000,4,2,2,多换,S,3271.2000,3270.6000,3270.4000,3270.2000,3270.0000,3272.0000,3272.2000,3272.4000,3273.0000,3273.2000,1,1,2,2,2,1,2,2,1,1
SF,IH2012,2020-09-07 09:31:55.900,3271.2000,23580,0,134463660.000,1,0,1,多换,S,3270.2000,3270.0000,3268.4000,3266.0000,3265.6000,3271.8000,3272.0000,3272.2000,3272.4000,3273.0000,2,2,2,1,1,1,1,1,2,1
SF,IH2012,2020-09-07 09:31:56.400,3271.2000,23580,0,134463660.000,0,-,-,-,-,3270.2000,3270.0000,3268.4000,3266.0000,3265.6000,3271.8000,3272.0000,3272.2000,3272.4000,3273.0000,4,2,2,1,1,1,1,1,2,1
SF,IH2012,2020-09-07 09:31:56.900,3271.2000,23580,0,134463660.000,0,-,-,-,-,3270.2000,3270.0000,3268.4000,3266.0000,3265.6000,3271.8000,3272.0000,3272.2000,3272.4000,3273.0000,1,2,2,1,1,1,1,1,2,1
SF,IH2012,2020-09-07 09:31:57.400,3271.2000,23580,0,134463660.000,0,-,-,-,-,3270.2000,3270.0000,3268.4000,3266.0000,3265.6000,3271.6000,3271.8000,3272.0000,3272.2000,3272.4000,1,2,2,1,1,1,1,1,1,2
SF,IH2012,2020-09-07 09:31:57.900,3271.2000,23580,0,134463660.000,0,-,-,-,-,3270.2000,3270.0000,3268.4000,3266.0000,3265.6000,3271.4000,3271.6000,3272.2000,3272.4000,3273.2000,1,2,2,1,1,2,1,1,1,1
SF,IH2012,2020-09-07 09:31:58.400,3271.2000,23580,0,134463660.000,0,-,-,-,-,3270.2000,3270.0000,3268.4000,3266.0000,3265.6000,3271.4000,3271.6000,3272.2000,3272.4000,3273.2000,1,2,2,1,1,3,1,1,1,1
SF,IH2012,2020-09-07 09:31:59.400,3270.2000,23579,-1,135444720.000,1,0,1,双平,S,3270.4000,3270.0000,3268.4000,3266.0000,3265.6000,3271.4000,3271.6000,3272.2000,3272.4000,3273.2000,1,2,2,1,1,3,1,1,1,1
SF,IH2012,2020-09-07 09:31:59.900,3270.2000,23579,0,135444720.000,0,-,-,-,-,3270.4000,3270.0000,3268.4000,3266.0000,3265.6000,3271.2000,3271.4000,3271.6000,3272.2000,3272.4000,1,2,2,1,1,1,3,1,1,1
SF,IH2012,2020-09-07 09:32:00.400,3270.2000,23579,0,135444720.000,0,-,-,-,-,3270.4000,3270.0000,3268.4000,3266.0000,3265.6000,3271.0000,3271.4000,3271.6000,3272.2000,3272.4000,2,2,2,1,1,2,2,1,1,1
SF,IH2012,2020-09-07 09:32:00.900,3270.4000,23577,-2,137406960.000,2,0,2,双平,S,3270.0000,3268.4000,3266.0000,3265.6000,3265.0000,3270.4000,3270.6000,3270.8000,3271.0000,3271.4000,2,2,1,1,3,3,1,1,3,2
SF,IH2012,2020-09-07 09:32:01.400,3270.0000,23576,-1,139368960.000,2,0,2,多平,S,3268.4000,3266.0000,3265.6000,3265.0000,3264.2000,3270.4000,3270.6000,3270.8000,3271.0000,3271.4000,2,1,1,3,5,3,1,1,2,2
SF,IH2012,2020-09-07 09:32:01.900,3268.4000,23574,-2,141330060.000,2,0,2,双平,S,3268.4000,3266.0000,3265.6000,3265.0000,3264.2000,3269.8000,3270.2000,3270.4000,3270.6000,3270.8000,1,1,1,3,5,1,4,3,1,1
SF,IH2012,2020-09-07 09:32:02.400,3268.4000,23573,-1,142310580.000,1,0,1,双平,S,3266.0000,3265.6000,3265.0000,3264.2000,3263.2000,3269.4000,3269.6000,3269.8000,3270.0000,3270.2000,1,1,3,5,1,1,3,1,3,2
SF,IH2012,2020-09-07 09:32:02.900,3268.4000,23573,0,142310580.000,0,-,-,-,-,3266.8000,3266.2000,3266.0000,3265.6000,3265.0000,3269.0000,3269.2000,3269.4000,3269.6000,3269.8000,2,2,2,1,3,1,3,4,1,1
SF,IH2012,2020-09-07 09:32:03.400,3268.4000,23573,0,142310580.000,0,-,-,-,-,3267.2000,3266.2000,3266.0000,3265.6000,3265.0000,3268.8000,3269.0000,3269.4000,3269.6000,3269.8000,2,1,2,1,3,2,1,4,1,1
SF,IH2012,2020-09-07 09:32:03.900,3268.4000,23573,0,142310580.000,0,-,-,-,-,3266.0000,3265.6000,3265.0000,3263.2000,3263.0000,3268.2000,3268.6000,3268.8000,3269.0000,3269.4000,2,1,3,1,1,1,5,4,1,1
SF,IH2012,2020-09-07 09:32:04.400,3268.4000,23573,0,142310580.000,0,-,-,-,-,3266.2000,3266.0000,3265.6000,3265.0000,3263.2000,3266.8000,3268.0000,3268.2000,3268.6000,3268.8000,3,2,1,3,1,1,2,1,4,1
SF,IH2012,2020-09-07 09:32:04.900,3267.0000,23568,-5,147211500.000,5,0,5,双平,S,3266.8000,3266.2000,3266.0000,3265.6000,3265.0000,3267.8000,3268.0000,3268.2000,3268.8000,3269.0000,3,1,1,1,3,1,2,1,1,1
SF,IH2012,2020-09-07 09:32:05.400,3266.8000,23568,0,148191540.000,1,0,1,多换,S,3266.0000,3265.6000,3265.0000,3263.2000,3263.0000,3267.6000,3268.2000,3268.8000,3269.0000,3269.4000,1,1,3,1,1,2,1,1,1,1
SF,IH2012,2020-09-07 09:32:05.900,3267.4000,23568,0,149171760.000,1,0,1,多换,S,3266.0000,3265.6000,3265.0000,3263.2000,3263.0000,3267.4000,3267.6000,3268.2000,3268.8000,3269.4000,1,1,3,1,1,1,2,1,1,1
SF,IH2012,2020-09-07 09:32:06.400,3267.4000,23568,0,149171760.000,0,-,-,-,-,3266.0000,3265.6000,3265.0000,3263.2000,3263.0000,3267.2000,3267.4000,3268.2000,3268.8000,3269.4000,1,1,3,1,1,1,1,1,1,1
SF,IH2012,2020-09-07 09:32:06.900,3267.4000,23568,0,149171760.000,0,-,-,-,-,3266.0000,3265.6000,3265.0000,3263.2000,3263.0000,3267.0000,3267.2000,3268.2000,3268.8000,3269.4000,1,1,3,1,1,1,1,1,1,1
SF,IH2012,2020-09-07 09:32:07.400,3267.4000,23568,0,149171760.000,0,-,-,-,-,3266.0000,3265.6000,3265.0000,3263.2000,3263.0000,3267.2000,3268.2000,3268.8000,3269.4000,3270.0000,1,1,3,1,1,1,1,1,1,2
SF,IH2012,2020-09-07 09:32:07.900,3267.4000,23568,0,149171760.000,0,-,-,-,-,3266.0000,3265.6000,3265.0000,3263.2000,3263.0000,3267.0000,3267.2000,3268.2000,3268.8000,3269.4000,1,1,3,1,1,2,1,1,1,1
SF,IH2012,2020-09-07 09:32:08.400,3266.4000,23567,-1,150151680.000,1,0,1,双平,S,3266.4000,3266.2000,3266.0000,3265.6000,3265.0000,3267.0000,3267.2000,3268.2000,3268.8000,3269.4000,1,1,1,1,3,1,1,1,1,1
SF,IH2012,2020-09-07 09:32:08.900,3266.2000,23566,-1,151131540.000,1,0,1,双平,S,3266.0000,3265.6000,3265.0000,3263.2000,3263.0000,3267.0000,3267.2000,3268.2000,3269.4000,3270.0000,1,1,3,1,1,1,1,1,1,2
SF,IH2012,2020-09-07 09:32:09.400,3267.0000,23565,-1,152111640.000,1,0,1,双平,S,3266.0000,3265.6000,3265.0000,3263.2000,3263.0000,3266.8000,3267.0000,3268.2000,3269.4000,3270.0000,1,1,3,1,1,1,1,1,1,2
SF,IH2012,2020-09-07 09:32:09.900,3267.0000,23563,-2,154071780.000,2,0,2,双平,S,3266.8000,3266.0000,3265.6000,3265.0000,3263.2000,3268.2000,3269.4000,3270.0000,3270.4000,3272.4000,1,1,1,3,1,1,1,2,1,1
SF,IH2012,2020-09-07 09:32:10.400,3267.0000,23563,0,154071780.000,0,-,-,-,-,3267.0000,3266.8000,3266.2000,3266.0000,3265.6000,3268.0000,3268.2000,3269.4000,3270.0000,3270.4000,1,1,1,1,1,3,1,1,2,1
SF,IH2012,2020-09-07 09:32:10.900,3267.0000,23563,0,154071780.000,0,-,-,-,-,3267.0000,3266.8000,3266.2000,3266.0000,3265.6000,3268.0000,3269.4000,3270.0000,3270.4000,3272.4000,1,1,1,1,2,3,1,2,1,1
SF,IH2012,2020-09-07 09:32:11.900,3267.0000,23563,0,154071780.000,0,-,-,-,-,3267.0000,3266.8000,3266.2000,3266.0000,3265.6000,3268.0000,3269.4000,3270.0000,3270.4000,3272.4000,1,1,1,1,2,2,1,2,1,1
SF,IH2012,2020-09-07 09:32:12.400,3267.0000,23563,0,154071780.000,0,-,-,-,-,3267.0000,3266.8000,3266.2000,3266.0000,3265.6000,3268.0000,3269.4000,3270.0000,3270.4000,3272.4000,1,1,1,1,2,1,1,2,1,1
SF,IH2012,2020-09-07 09:32:12.900,3268.0000,23562,-1,155052180.000,1,0,1,双平,S,3267.2000,3267.0000,3266.8000,3266.0000,3265.6000,3270.0000,3270.4000,3272.4000,3274.6000,3275.0000,1,1,1,1,2,2,1,1,1,5
SF,IH2012,2020-09-07 09:32:13.400,3268.0000,23562,0,155052180.000,0,-,-,-,-,3267.4000,3267.2000,3267.0000,3266.8000,3266.0000,3267.8000,3268.2000,3269.2000,3269.4000,3269.6000,1,1,1,1,1,1,1,3,2,2
SF,IH2012,2020-09-07 09:32:13.900,3267.2000,23560,-2,157012560.000,2,0,2,双平,S,3267.0000,3266.8000,3266.0000,3265.6000,3265.0000,3267.4000,3267.8000,3269.2000,3269.4000,3269.6000,1,1,1,2,3,1,1,3,2,2
SF,IH2012,2020-09-07 09:32:14.400,3269.2000,23559,-1,160934340.000,4,1,3,多平,S,3266.0000,3265.6000,3265.0000,3263.2000,3263.0000,3269.2000,3269.4000,3269.6000,3269.8000,3270.0000,1,2,3,1,1,1,2,2,5,2
SF,IH2012,2020-09-07 09:32:14.900,3269.2000,23559,0,161915100.000,1,0,1,多换,S,3266.2000,3266.0000,3265.6000,3265.0000,3264.4000,3268.8000,3269.0000,3269.2000,3269.4000,3269.8000,1,1,2,3,1,2,5,1,1,4
SF,IH2012,2020-09-07 09:32:15.400,3269.2000,23559,0,161915100.000,0,-,-,-,-,3266.2000,3266.0000,3265.6000,3265.0000,3264.4000,3267.6000,3268.2000,3268.4000,3268.6000,3268.8000,2,1,2,3,1,1,1,1,2,2
SF,IH2012,2020-09-07 09:32:15.900,3269.2000,23559,0,161915100.000,0,-,-,-,-,3267.6000,3266.4000,3266.2000,3266.0000,3265.6000,3268.6000,3268.8000,3269.0000,3269.2000,3269.4000,1,1,2,1,2,3,1,2,1,1
SF,IH2012,2020-09-07 09:32:16.400,3269.2000,23559,0,161915100.000,0,-,-,-,-,3267.6000,3266.2000,3266.0000,3265.6000,3265.0000,3268.4000,3268.6000,3268.8000,3269.0000,3269.2000,1,2,1,2,3,1,2,1,1,1
SF,IH2012,2020-09-07 09:32:16.900,3268.6000,23557,-2,163876260.000,2,0,2,双平,S,3267.6000,3266.2000,3266.0000,3265.6000,3265.0000,3269.0000,3269.4000,3269.8000,3270.4000,3272.4000,1,2,1,2,3,1,1,2,1,1
SF,IH2012,2020-09-07 09:32:17.400,3268.6000,23557,0,163876260.000,0,-,-,-,-,3267.8000,3267.6000,3266.2000,3266.0000,3265.6000,3269.8000,3270.4000,3272.4000,3274.6000,3275.0000,1,1,1,1,2,2,1,1,1,5
SF,IH2012,2020-09-07 09:32:17.900,3269.6000,23557,0,165837720.000,2,1,1,多换,S,3267.8000,3267.6000,3267.2000,3266.2000,3266.0000,3269.6000,3269.8000,3270.4000,3272.4000,3274.6000,1,1,1,1,1,2,2,1,1,1
SF,IH2012,2020-09-07 09:32:18.400,3269.6000,23557,0,165837720.000,0,-,-,-,-,3267.8000,3267.2000,3266.2000,3266.0000,3265.6000,3269.4000,3269.6000,3270.4000,3272.4000,3274.6000,1,1,1,1,2,2,3,1,1,1
SF,IH2012,2020-09-07 09:32:18.900,3267.8000,23556,-1,166818060.000,1,0,1,双平,S,3267.2000,3266.2000,3266.0000,3265.6000,3265.0000,3267.8000,3268.6000,3269.2000,3269.4000,3269.6000,1,1,1,2,3,1,1,4,5,1
SF,IH2012,2020-09-07 09:32:19.400,3267.8000,23556,0,166818060.000,0,-,-,-,-,3267.2000,3266.2000,3266.0000,3265.6000,3265.0000,3267.8000,3269.2000,3269.4000,3269.6000,3270.4000,1,1,1,2,3,1,1,3,1,1
SF,IH2012,2020-09-07 09:32:20.400,3267.2000,23555,-1,167798220.000,1,0,1,双平,S,3266.2000,3266.0000,3265.6000,3265.0000,3263.2000,3267.8000,3269.2000,3269.4000,3269.6000,3270.4000,1,1,2,3,1,1,1,3,1,1
SF,IH2012,2020-09-07 09:32:20.900,3267.8000,23554,-1,168778560.000,1,0,1,双平,S,3267.2000,3266.6000,3266.4000,3266.2000,3266.0000,3269.4000,3269.6000,3270.4000,3272.4000,3274.6000,1,4,4,2,1,4,1,1,1,1
SF,IH2012,2020-09-07 09:32:21.400,3267.8000,23554,0,168778560.000,0,-,-,-,-,3267.4000,3266.6000,3266.4000,3266.2000,3266.0000,3269.0000,3269.2000,3269.4000,3270.4000,3272.4000,1,1,1,1,1,1,2,4,1,1
SF,IH2012,2020-09-07 09:32:21.900,3267.8000,23554,0,168778560.000,0,-,-,-,-,3267.4000,3266.6000,3266.4000,3266.0000,3265.6000,3268.8000,3269.0000,3269.2000,3269.4000,3270.4000,1,1,1,1,2,2,1,1,2,1
SF,IH2012,2020-09-07 09:32:22.400,3267.4000,23552,-2,170739060.000,2,0,2,双平,S,3266.6000,3266.0000,3265.6000,3265.0000,3263.2000,3268.8000,3269.2000,3269.4000,3270.4000,3272.4000,1,1,2,3,1,1,1,2,1,1
SF,IH2012,2020-09-07 09:32:22.900,3267.4000,23552,0,170739060.000,0,-,-,-,-,3267.2000,3266.8000,3266.6000,3266.0000,3265.6000,3268.6000,3269.4000,3270.4000,3272.4000,3274.6000,2,2,3,1,2,2,2,1,1,1
SF,IH2012,2020-09-07 09:32:23.400,3267.4000,23552,0,170739060.000,0,-,-,-,-,3267.4000,3267.2000,3266.6000,3266.0000,3265.6000,3268.6000,3269.4000,3270.4000,3272.4000,3274.6000,1,2,3,1,2,2,1,1,1,1
SF,IH2012,2020-09-07 09:32:23.900,3267.4000,23552,0,170739060.000,0,-,-,-,-,3267.6000,3267.4000,3267.2000,3266.6000,3266.0000,3268.6000,3269.4000,3270.4000,3272.4000,3274.6000,1,1,1,3,1,1,1,1,1,1
SF,IH2012,2020-09-07 09:32:24.900,3268.6000,23551,-1,171719640.000,1,0,1,双平,S,3267.4000,3266.6000,3266.0000,3265.6000,3265.0000,3269.4000,3270.4000,3272.4000,3274.6000,3275.0000,1,1,1,2,3,1,1,1,1,5
SF,IH2012,2020-09-07 09:32:25.400,3267.6000,23549,-2,174660900.000,3,0,3,多平,S,3267.6000,3267.4000,3266.6000,3266.0000,3265.6000,3269.2000,3270.4000,3272.4000,3274.6000,3275.0000,1,1,1,1,2,1,1,1,1,5
SF,IH2012,2020-09-07 09:32:25.900,3267.6000,23549,0,174660900.000,0,-,-,-,-,3267.8000,3267.6000,3266.6000,3266.0000,3265.6000,3269.2000,3270.4000,3272.4000,3274.6000,3275.0000,2,2,1,1,2,2,1,1,1,5
SF,IH2012,2020-09-07 09:32:26.400,3267.6000,23549,0,174660900.000,0,-,-,-,-,3267.8000,3267.6000,3266.6000,3266.0000,3265.6000,3269.2000,3270.4000,3272.4000,3274.6000,3275.0000,2,2,1,1,2,1,1,1,1,5
SF,IH2012,2020-09-07 09:32:26.900,3267.6000,23549,0,174660900.000,0,-,-,-,-,3267.8000,3267.6000,3266.6000,3266.0000,3265.6000,3269.2000,3270.4000,3272.4000,3274.6000,3275.0000,2,1,1,1,2,1,1,1,1,5
SF,IH2012,2020-09-07 09:32:27.400,3267.6000,23549,0,174660900.000,0,-,-,-,-,3267.8000,3266.6000,3266.0000,3265.6000,3265.0000,3269.2000,3270.4000,3272.4000,3274.6000,3275.0000,1,1,1,2,3,1,1,1,1,5
SF,IH2012,2020-09-07 09:32:27.900,3267.6000,23549,0,174660900.000,0,-,-,-,-,3267.8000,3266.6000,3266.0000,3265.6000,3265.0000,3269.0000,3269.2000,3270.4000,3272.4000,3274.6000,1,1,1,2,3,1,1,1,1,1
SF,IH2012,2020-09-07 09:32:28.900,3267.6000,23549,0,174660900.000,0,-,-,-,-,3268.0000,3267.8000,3266.6000,3266.0000,3265.6000,3269.0000,3269.2000,3270.4000,3272.4000,3274.6000,1,1,1,1,2,1,1,1,1,1
SF,IH2012,2020-09-07 09:32:29.400,3267.6000,23549,0,174660900.000,0,-,-,-,-,3268.0000,3267.8000,3267.0000,3266.6000,3266.0000,3269.0000,3270.4000,3272.4000,3274.6000,3275.0000,1,1,1,1,1,2,1,1,1,5
SF,IH2012,2020-09-07 09:32:30.900,3267.6000,23549,0,174660900.000,0,-,-,-,-,3268.0000,3267.8000,3267.0000,3266.6000,3266.0000,3269.0000,3272.4000,3274.6000,3275.0000,3278.0000,1,1,1,1,1,2,1,1,5,1
SF,IH2012,2020-09-07 09:32:31.400,3267.6000,23549,0,174660900.000,0,-,-,-,-,3268.2000,3267.0000,3266.0000,3265.6000,3265.0000,3268.4000,3269.0000,3272.4000,3274.6000,3275.0000,2,1,1,1,3,1,2,1,1,5
SF,IH2012,2020-09-07 09:32:31.900,3268.4000,23549,0,175641420.000,1,0,1,多换,S,3268.2000,3267.4000,3267.0000,3266.0000,3265.6000,3269.0000,3272.4000,3274.6000,3275.0000,3278.0000,1,1,1,1,1,2,1,1,5,1
SF,IH2012,2020-09-07 09:32:32.400,3268.2000,23548,-1,176621880.000,1,0,1,双平,S,3267.4000,3267.0000,3266.0000,3265.6000,3265.0000,3269.0000,3272.4000,3275.0000,3278.0000,3280.0000,1,1,1,1,3,2,1,5,1,3
SF,IH2012,2020-09-07 09:32:32.900,3268.2000,23548,0,176621880.000,0,-,-,-,-,3267.6000,3267.4000,3267.0000,3266.0000,3265.6000,3268.8000,3269.0000,3272.4000,3275.0000,3278.0000,1,1,1,1,1,1,2,1,5,1
SF,IH2012,2020-09-07 09:32:33.400,3268.2000,23548,0,176621880.000,0,-,-,-,-,3267.6000,3267.4000,3267.0000,3266.0000,3265.6000,3268.8000,3269.0000,3272.4000,3275.0000,3278.0000,2,1,1,1,1,1,2,1,5,1
SF,IH2012,2020-09-07 09:32:33.900,3268.2000,23548,0,176621880.000,0,-,-,-,-,3267.6000,3267.4000,3267.0000,3266.0000,3265.6000,3268.8000,3269.0000,3272.4000,3275.0000,3278.0000,2,1,1,1,1,2,2,1,5,1
SF,IH2012,2020-09-07 09:32:34.900,3268.2000,23548,0,176621880.000,0,-,-,-,-,3267.8000,3267.6000,3267.4000,3267.0000,3266.0000,3268.8000,3269.0000,3272.4000,3275.0000,3278.0000,1,2,1,1,1,2,2,1,5,1
SF,IH2012,2020-09-07 09:32:35.400,3268.8000,23547,-1,178583160.000,2,0,2,多平,S,3268.2000,3267.8000,3267.6000,3267.4000,3267.0000,3269.0000,3272.4000,3275.0000,3278.0000,3280.0000,1,2,2,1,1,1,1,5,1,3
SF,IH2012,2020-09-07 09:32:35.900,3269.0000,23546,-1,179563860.000,1,0,1,双平,S,3268.2000,3267.8000,3267.6000,3267.4000,3267.0000,3272.4000,3275.0000,3278.0000,3280.0000,3282.0000,1,2,2,1,1,1,5,1,3,1
SF,IH2012,2020-09-07 09:32:36.400,3269.0000,23546,0,179563860.000,0,-,-,-,-,3268.4000,3268.2000,3267.8000,3267.6000,3267.4000,3269.8000,3270.8000,3271.4000,3271.6000,3272.0000,2,1,1,1,1,1,2,1,2,6
SF,IH2012,2020-09-07 09:32:36.900,3269.0000,23546,0,179563860.000,0,-,-,-,-,3268.2000,3267.8000,3267.6000,3267.4000,3267.0000,3269.6000,3270.8000,3271.4000,3271.6000,3272.0000,1,1,1,1,1,1,2,1,3,5
SF,IH2012,2020-09-07 09:32:37.400,3269.0000,23546,0,179563860.000,0,-,-,-,-,3268.2000,3267.8000,3267.6000,3267.4000,3267.0000,3269.6000,3270.8000,3271.4000,3271.6000,3272.0000,1,1,1,1,1,1,2,1,2,5
SF,IH2012,2020-09-07 09:32:37.900,3269.0000,23546,0,179563860.000,0,-,-,-,-,3267.8000,3267.6000,3267.4000,3267.0000,3266.0000,3269.4000,3269.6000,3270.8000,3271.4000,3271.6000,1,1,1,1,1,1,2,2,1,2
SF,IH2012,2020-09-07 09:32:38.400,3269.0000,23546,0,179563860.000,0,-,-,-,-,3268.0000,3267.8000,3267.6000,3267.4000,3267.0000,3269.2000,3269.6000,3270.8000,3271.4000,3271.6000,1,1,1,1,1,1,1,2,1,2
SF,IH2012,2020-09-07 09:32:38.900,3269.0000,23546,0,179563860.000,0,-,-,-,-,3268.2000,3267.8000,3267.6000,3267.4000,3267.0000,3271.4000,3271.6000,3272.0000,3272.2000,3272.4000,3,1,1,1,1,1,2,5,3,1
SF,IH2012,2020-09-07 09:32:39.400,3269.0000,23546,0,179563860.000,0,-,-,-,-,3268.4000,3268.2000,3267.8000,3267.6000,3267.4000,3269.4000,3270.8000,3271.0000,3271.2000,3271.4000,1,2,1,1,1,1,3,5,4,1
SF,IH2012,2020-09-07 09:32:39.900,3269.0000,23546,0,179563860.000,0,-,-,-,-,3268.4000,3268.2000,3267.8000,3267.6000,3267.4000,3270.8000,3271.0000,3271.2000,3271.4000,3271.6000,1,2,1,1,1,4,5,4,1,2
SF,IH2012,2020-09-07 09:32:40.400,3269.0000,23546,0,179563860.000,0,-,-,-,-,3268.6000,3268.2000,3267.8000,3267.6000,3267.4000,3270.4000,3270.6000,3270.8000,3271.2000,3271.4000,1,1,1,1,1,2,5,1,2,1
SF,IH2012,2020-09-07 09:32:40.900,3269.0000,23546,0,179563860.000,0,-,-,-,-,3268.8000,3268.2000,3267.8000,3267.6000,3267.4000,3270.2000,3270.6000,3270.8000,3271.2000,3271.4000,1,1,1,1,1,2,3,1,1,1
SF,IH2012,2020-09-07 09:32:41.400,3269.0000,23546,0,179563860.000,0,-,-,-,-,3269.0000,3268.8000,3268.2000,3267.8000,3267.6000,3270.0000,3270.2000,3270.6000,3270.8000,3271.2000,1,2,1,1,1,1,1,3,1,1
SF,IH2012,2020-09-07 09:32:41.900,3269.0000,23546,0,179563860.000,0,-,-,-,-,3269.2000,3269.0000,3268.8000,3268.2000,3267.8000,3270.0000,3270.6000,3270.8000,3271.2000,3271.4000,1,1,1,1,1,1,3,1,1,1
SF,IH2012,2020-09-07 09:32:42.900,3269.0000,23546,0,179563860.000,0,-,-,-,-,3269.2000,3269.0000,3268.8000,3268.2000,3267.8000,3270.0000,3270.6000,3271.2000,3271.4000,3272.2000,1,1,1,1,1,1,3,1,1,1
SF,IH2012,2020-09-07 09:32:43.400,3270.0000,23545,-1,180544860.000,1,0,1,双平,S,3269.2000,3269.0000,3268.8000,3268.2000,3267.8000,3270.6000,3271.2000,3271.4000,3272.2000,3272.4000,1,1,1,1,1,3,1,1,1,1
SF,IH2012,2020-09-07 09:32:43.900,3270.0000,23545,0,180544860.000,0,-,-,-,-,3269.4000,3269.2000,3269.0000,3268.2000,3267.8000,3269.8000,3270.6000,3271.2000,3272.2000,3272.4000,1,1,1,1,1,1,2,1,1,1
SF,IH2012,2020-09-07 09:32:44.400,3270.0000,23545,0,181525860.000,1,0,1,多换,S,3269.8000,3269.4000,3269.0000,3268.2000,3267.8000,3271.2000,3272.2000,3272.4000,3275.0000,3278.0000,2,2,1,1,1,1,1,1,5,1
SF,IH2012,2020-09-07 09:32:44.900,3270.0000,23545,0,181525860.000,0,-,-,-,-,3270.0000,3269.8000,3269.4000,3269.0000,3268.2000,3272.2000,3272.4000,3275.0000,3278.0000,3280.0000,1,1,1,1,1,1,1,5,1,3
SF,IH2012,2020-09-07 09:32:45.400,3269.8000,23544,-1,182506800.000,1,0,1,双平,S,3269.4000,3269.0000,3268.2000,3268.0000,3267.8000,3271.8000,3272.0000,3272.4000,3275.0000,3278.0000,1,1,1,1,1,3,3,1,5,1
SF,IH2012,2020-09-07 09:32:45.900,3269.8000,23544,0,182506800.000,0,-,-,-,-,3269.6000,3269.4000,3269.0000,3268.2000,3268.0000,3271.6000,3271.8000,3272.0000,3272.4000,3275.0000,1,1,1,1,1,3,2,1,1,5
SF,IH2012,2020-09-07 09:32:46.400,3269.8000,23544,0,182506800.000,0,-,-,-,-,3269.8000,3269.6000,3269.4000,3269.0000,3268.0000,3271.2000,3271.4000,3271.6000,3272.0000,3272.4000,1,2,1,1,1,2,1,2,1,1
SF,IH2012,2020-09-07 09:32:46.900,3269.8000,23544,0,182506800.000,0,-,-,-,-,3269.8000,3269.6000,3269.4000,3269.0000,3268.0000,3271.2000,3271.6000,3271.8000,3272.0000,3272.4000,1,1,1,1,1,2,2,1,1,1
SF,IH2012,2020-09-07 09:32:47.400,3269.8000,23544,0,182506800.000,0,-,-,-,-,3270.0000,3269.8000,3269.4000,3269.0000,3268.0000,3271.6000,3271.8000,3272.0000,3274.4000,3275.0000,1,1,1,1,1,2,1,1,1,5
SF,IH2012,2020-09-07 09:32:47.900,3269.8000,23544,0,182506800.000,0,-,-,-,-,3270.0000,3269.8000,3269.4000,3269.0000,3268.0000,3271.4000,3271.6000,3271.8000,3272.0000,3274.4000,1,1,1,1,1,1,2,1,1,1
SF,IH2012,2020-09-07 09:32:48.400,3269.8000,23544,0,183487740.000,1,0,1,多换,S,3269.8000,3269.4000,3269.0000,3268.0000,3267.8000,3271.2000,3271.4000,3271.6000,3271.8000,3272.0000,1,1,1,1,1,1,1,2,1,1
SF,IH2012,2020-09-07 09:32:48.900,3269.8000,23544,0,183487740.000,0,-,-,-,-,3269.8000,3269.4000,3269.0000,3268.0000,3267.8000,3271.0000,3271.2000,3271.4000,3271.6000,3271.8000,1,1,1,1,1,2,2,1,1,1
SF,IH2012,2020-09-07 09:32:49.400,3269.8000,23544,0,183487740.000,0,-,-,-,-,3270.0000,3269.0000,3268.0000,3267.8000,3267.6000,3271.0000,3271.6000,3271.8000,3272.0000,3274.4000,1,1,1,1,1,1,1,1,1,1
SF,IH2012,2020-09-07 09:32:49.900,3271.0000,23543,-1,184469040.000,1,0,1,双平,S,3270.2000,3270.0000,3269.0000,3268.0000,3267.8000,3271.6000,3271.8000,3272.0000,3274.4000,3275.0000,1,1,1,1,1,1,1,1,1,5
SF,IH2012,2020-09-07 09:32:50.400,3271.0000,23542,-1,185450340.000,1,0,1,双平,S,3270.6000,3270.4000,3270.2000,3268.0000,3267.8000,3271.6000,3271.8000,3272.0000,3274.4000,3275.0000,1,2,1,1,1,1,1,1,1,5
SF,IH2012,2020-09-07 09:32:50.900,3271.0000,23542,0,185450340.000,0,-,-,-,-,3270.8000,3270.6000,3270.2000,3268.0000,3267.8000,3271.4000,3271.8000,3272.0000,3274.4000,3275.0000,1,1,1,1,1,1,1,1,1,5
SF,IH2012,2020-09-07 09:32:51.400,3271.0000,23542,0,185450340.000,0,-,-,-,-,3270.6000,3270.2000,3269.8000,3268.0000,3267.8000,3271.4000,3271.8000,3272.0000,3274.4000,3275.0000,1,1,1,1,1,1,1,1,1,5
SF,IH2012,2020-09-07 09:32:51.900,3271.0000,23542,0,185450340.000,0,-,-,-,-,3270.8000,3270.6000,3270.2000,3270.0000,3269.8000,3271.4000,3271.8000,3272.0000,3274.4000,3275.0000,1,1,1,1,1,1,1,1,1,5
SF,IH2012,2020-09-07 09:32:52.400,3270.8000,23541,-1,186431580.000,1,0,1,双平,S,3270.6000,3270.0000,3269.8000,3268.0000,3267.8000,3271.4000,3271.8000,3272.0000,3274.4000,3275.0000,1,1,1,1,1,1,1,1,1,5
SF,IH2012,2020-09-07 09:32:52.900,3270.8000,23541,0,186431580.000,0,-,-,-,-,3270.0000,3269.8000,3268.0000,3267.8000,3267.6000,3271.4000,3271.8000,3272.0000,3274.4000,3275.0000,1,1,1,1,1,1,1,1,1,5
SF,IH2012,2020-09-07 09:32:53.400,3270.8000,23541,0,186431580.000,0,-,-,-,-,3270.2000,3270.0000,3269.8000,3268.0000,3267.8000,3271.2000,3271.4000,3271.8000,3272.0000,3274.4000,1,1,1,1,1,1,1,1,1,1
SF,IH2012,2020-09-07 09:32:54.400,3270.8000,23541,0,186431580.000,0,-,-,-,-,3270.6000,3270.2000,3270.0000,3269.8000,3268.0000,3271.2000,3271.4000,3271.8000,3272.0000,3274.4000,1,1,1,1,1,1,1,1,1,1
SF,IH2012,2020-09-07 09:32:54.900,3270.8000,23541,0,186431580.000,0,-,-,-,-,3270.2000,3270.0000,3269.8000,3268.0000,3267.8000,3271.0000,3271.2000,3271.4000,3271.8000,3272.0000,1,1,1,1,1,1,1,1,1,1
SF,IH2012,2020-09-07 09:32:55.400,3271.0000,23540,-1,187412880.000,1,0,1,双平,S,3270.0000,3269.8000,3268.0000,3267.8000,3267.6000,3271.2000,3271.4000,3271.8000,3272.0000,3274.4000,1,1,1,1,1,1,1,1,1,1
SF,IH2012,2020-09-07 09:32:55.900,3271.0000,23540,0,187412880.000,0,-,-,-,-,3270.6000,3270.2000,3270.0000,3269.8000,3268.0000,3271.2000,3271.4000,3271.8000,3272.0000,3274.4000,1,2,1,1,1,1,1,1,1,1
SF,IH2012,2020-09-07 09:32:56.400,3271.2000,23539,-1,188394240.000,1,0,1,双平,S,3271.2000,3270.6000,3270.2000,3270.0000,3269.8000,3271.4000,3271.8000,3272.0000,3274.4000,3275.0000,2,1,1,1,1,1,1,1,1,5
SF,IH2012,2020-09-07 09:32:56.900,3271.4000,23538,-1,189375660.000,1,0,1,双平,S,3271.4000,3271.2000,3270.6000,3270.4000,3270.0000,3271.8000,3272.0000,3274.4000,3275.0000,3278.0000,2,2,1,1,1,1,1,1,5,1
SF,IH2012,2020-09-07 09:32:57.400,3271.8000,23537,-1,191338620.000,2,0,2,多平,S,3271.4000,3271.2000,3270.6000,3270.4000,3270.0000,3272.0000,3274.4000,3275.0000,3278.0000,3280.0000,1,2,1,1,1,1,1,5,1,3
SF,IH2012,2020-09-07 09:32:57.900,3272.0000,23536,-1,192320220.000,1,0,1,双平,S,3271.8000,3271.4000,3271.2000,3270.6000,3270.4000,3274.4000,3275.0000,3278.0000,3280.0000,3282.0000,1,1,2,1,1,1,5,1,3,1
SF,IH2012,2020-09-07 09:32:58.400,3272.0000,23536,0,192320220.000,0,-,-,-,-,3271.8000,3271.4000,3271.2000,3270.6000,3270.4000,3273.2000,3273.6000,3273.8000,3274.0000,3274.2000,1,1,2,1,1,1,1,1,3,6
SF,IH2012,2020-09-07 09:32:58.900,3272.0000,23536,0,192320220.000,0,-,-,-,-,3271.8000,3271.4000,3271.2000,3270.4000,3270.0000,3273.0000,3273.6000,3273.8000,3274.0000,3274.2000,1,1,2,1,1,2,1,1,2,6
SF,IH2012,2020-09-07 09:32:59.400,3272.0000,23536,0,192320220.000,0,-,-,-,-,3271.8000,3271.4000,3271.2000,3270.4000,3270.0000,3273.0000,3273.8000,3274.0000,3274.2000,3274.4000,1,1,2,1,1,1,1,2,5,1
SF,IH2012,2020-09-07 09:32:59.900,3272.0000,23536,0,192320220.000,0,-,-,-,-,3271.8000,3271.4000,3271.2000,3270.4000,3270.0000,3272.8000,3273.0000,3273.8000,3274.0000,3274.2000,1,1,2,1,1,2,1,1,2,4
SF,IH2012,2020-09-07 09:33:00.400,3272.0000,23536,0,192320220.000,0,-,-,-,-,3271.8000,3271.4000,3271.2000,3270.4000,3270.0000,3272.6000,3272.8000,3273.8000,3274.0000,3274.2000,1,1,2,1,1,1,2,1,2,4
SF,IH2012,2020-09-07 09:33:00.900,3272.0000,23536,0,192320220.000,0,-,-,-,-,3272.0000,3271.8000,3271.4000,3271.2000,3270.4000,3272.6000,3272.8000,3273.8000,3274.0000,3274.2000,1,1,1,2,1,1,1,1,2,4
SF,IH2012,2020-09-07 09:33:01.400,3272.0000,23536,0,192320220.000,0,-,-,-,-,3272.0000,3271.8000,3271.4000,3271.2000,3270.4000,3272.6000,3273.8000,3274.0000,3274.2000,3274.4000,1,1,1,2,1,1,1,2,4,1
SF,IH2012,2020-09-07 09:33:01.900,3272.0000,23535,-1,193301820.000,1,0,1,双平,S,3271.4000,3271.2000,3270.4000,3270.0000,3269.8000,3272.0000,3272.6000,3273.8000,3274.0000,3274.2000,1,2,1,1,1,1,1,1,2,4
SF,IH2012,2020-09-07 09:33:02.400,3272.0000,23535,0,194283420.000,1,0,1,多换,S,3271.4000,3271.2000,3270.4000,3270.0000,3269.8000,3272.6000,3272.8000,3273.6000,3273.8000,3274.0000,1,2,1,1,1,1,1,1,1,2
SF,IH2012,2020-09-07 09:33:02.900,3271.4000,23534,-1,195264840.000,1,0,1,双平,S,3271.2000,3270.4000,3270.0000,3269.8000,3268.0000,3272.4000,3272.6000,3272.8000,3273.6000,3273.8000,2,1,1,1,1,1,1,1,1,1
SF,IH2012,2020-09-07 09:33:03.400,3271.4000,23534,0,195264840.000,0,-,-,-,-,3271.2000,3270.4000,3270.0000,3269.8000,3268.0000,3272.2000,3272.4000,3272.8000,3273.6000,3273.8000,2,1,1,1,1,1,1,1,1,1
SF,IH2012,2020-09-07 09:33:03.900,3271.4000,23534,0,195264840.000,0,-,-,-,-,3271.2000,3270.4000,3270.0000,3269.8000,3268.0000,3271.4000,3272.2000,3272.8000,3273.6000,3273.8000,1,1,1,1,1,1,1,1,1,1
SF,IH2012,2020-09-07 09:33:04.400,3271.2000,23533,-1,196246200.000,1,0,1,双平,S,3270.4000,3270.0000,3269.8000,3268.0000,3267.8000,3271.2000,3271.4000,3272.0000,3272.2000,3272.8000,1,1,1,1,1,2,1,1,1,1
SF,IH2012,2020-09-07 09:33:04.900,3271.2000,23533,0,196246200.000,0,-,-,-,-,3270.0000,3269.8000,3268.0000,3267.8000,3267.6000,3270.4000,3271.4000,3272.2000,3272.8000,3273.6000,1,1,1,1,1,1,1,1,1,1
SF,IH2012,2020-09-07 09:33:05.400,3270.0000,23532,-1,197227200.000,1,0,1,双平,S,3269.8000,3268.0000,3267.8000,3267.6000,3266.0000,3271.4000,3272.2000,3272.8000,3273.8000,3274.0000,1,1,1,1,2,1,1,1,1,2
SF,IH2012,2020-09-07 09:33:05.900,3270.0000,23532,0,197227200.000,0,-,-,-,-,3269.2000,3268.0000,3267.8000,3267.6000,3266.0000,3270.0000,3271.0000,3271.2000,3271.4000,3273.8000,1,1,1,1,2,1,2,3,1,1
SF,IH2012,2020-09-07 09:33:06.400,3270.0000,23532,0,197227200.000,0,-,-,-,-,3268.0000,3267.8000,3267.6000,3266.0000,3265.6000,3269.8000,3270.0000,3271.0000,3271.2000,3271.4000,1,1,1,2,1,1,1,2,1,1
SF,IH2012,2020-09-07 09:33:06.900,3270.0000,23532,0,197227200.000,0,-,-,-,-,3268.2000,3268.0000,3267.8000,3267.6000,3266.0000,3269.6000,3269.8000,3270.0000,3270.8000,3271.0000,4,1,1,1,2,1,1,1,1,2
SF,IH2012,2020-09-07 09:33:07.400,3269.6000,23531,-1,198208080.000,1,0,1,双平,S,3268.8000,3268.4000,3268.2000,3268.0000,3267.8000,3270.0000,3270.8000,3271.2000,3271.4000,3273.8000,2,5,4,2,1,1,1,1,1,1
SF,IH2012,2020-09-07 09:33:07.900,3269.6000,23531,0,198208080.000,0,-,-,-,-,3268.4000,3268.2000,3268.0000,3267.8000,3267.6000,3270.8000,3271.2000,3271.4000,3273.8000,3274.2000,5,2,1,1,1,1,1,1,1,3
SF,IH2012,2020-09-07 09:33:08.400,3269.6000,23531,0,198208080.000,0,-,-,-,-,3269.0000,3268.6000,3268.4000,3268.2000,3268.0000,3270.6000,3270.8000,3271.4000,3272.2000,3273.8000,1,4,3,1,1,2,1,1,1,1
SF,IH2012,2020-09-07 09:33:08.900,3269.6000,23531,0,198208080.000,0,-,-,-,-,3269.4000,3269.0000,3268.6000,3268.4000,3268.2000,3270.6000,3270.8000,3271.4000,3272.2000,3273.8000,1,1,4,4,1,2,1,1,1,1
SF,IH2012,2020-09-07 09:33:09.400,3269.6000,23531,0,198208080.000,0,-,-,-,-,3269.4000,3269.2000,3269.0000,3268.6000,3268.4000,3270.6000,3270.8000,3271.4000,3272.2000,3273.8000,1,1,1,3,4,1,1,1,1,1
SF,IH2012,2020-09-07 09:33:10.400,3269.6000,23531,0,198208080.000,0,-,-,-,-,3269.4000,3269.2000,3269.0000,3268.6000,3268.4000,3270.4000,3270.6000,3270.8000,3271.4000,3272.2000,1,1,1,3,4,1,1,1,1,1
SF,IH2012,2020-09-07 09:33:10.900,3269.6000,23531,0,198208080.000,0,-,-,-,-,3269.2000,3268.6000,3268.4000,3268.2000,3268.0000,3269.4000,3270.2000,3270.4000,3270.8000,3271.4000,1,1,1,1,1,1,1,1,1,1
SF,IH2012,2020-09-07 09:33:11.400,3269.4000,23528,-3,201150540.000,3,0,3,双平,S,3269.4000,3269.2000,3268.6000,3268.4000,3268.2000,3270.2000,3270.8000,3271.4000,3273.8000,3274.2000,2,1,1,1,1,1,1,1,1,3
SF,IH2012,2020-09-07 09:33:11.900,3269.4000,23528,0,201150540.000,0,-,-,-,-,3269.4000,3269.2000,3268.6000,3268.4000,3268.2000,3270.2000,3270.8000,3271.4000,3272.0000,3273.8000,2,1,1,1,1,1,1,1,1,1
SF,IH2012,2020-09-07 09:33:12.400,3270.2000,23527,-1,202131600.000,1,0,1,双平,S,3269.4000,3269.2000,3268.6000,3268.4000,3268.2000,3270.8000,3271.4000,3272.0000,3273.8000,3274.2000,2,1,1,1,1,1,1,1,1,3
SF,IH2012,2020-09-07 09:33:12.900,3270.2000,23527,0,202131600.000,0,-,-,-,-,3269.4000,3269.2000,3268.6000,3268.4000,3268.2000,3270.6000,3270.8000,3271.4000,3272.0000,3273.8000,2,1,1,1,1,3,1,1,1,1
SF,IH2012,2020-09-07 09:33:13.400,3270.2000,23527,0,202131600.000,0,-,-,-,-,3269.4000,3269.2000,3268.6000,3268.4000,3268.2000,3270.4000,3270.6000,3270.8000,3271.4000,3272.0000,2,1,1,1,1,1,1,1,1,1
SF,IH2012,2020-09-07 09:33:13.900,3270.2000,23527,0,202131600.000,0,-,-,-,-,3269.6000,3269.4000,3269.2000,3268.6000,3268.4000,3270.4000,3270.8000,3271.4000,3272.0000,3273.8000,1,2,1,1,1,1,1,1,1,1
SF,IH2012,2020-09-07 09:33:14.400,3270.2000,23527,0,202131600.000,0,-,-,-,-,3269.6000,3269.4000,3269.2000,3268.6000,3268.4000,3270.8000,3271.4000,3272.0000,3273.8000,3274.2000,1,2,1,1,1,1,1,1,1,3
SF,IH2012,2020-09-07 09:33:14.900,3270.2000,23527,0,202131600.000,0,-,-,-,-,3269.8000,3269.6000,3269.4000,3269.2000,3268.6000,3271.4000,3272.0000,3273.8000,3274.2000,3274.4000,1,1,2,1,1,1,1,1,3,1
SF,IH2012,2020-09-07 09:33:15.400,3270.2000,23527,0,202131600.000,0,-,-,-,-,3270.0000,3269.6000,3269.4000,3269.2000,3268.4000,3271.4000,3272.0000,3273.0000,3273.8000,3274.2000,1,2,2,1,1,1,1,1,1,3
SF,IH2012,2020-09-07 09:33:15.900,3270.2000,23527,0,202131600.000,0,-,-,-,-,3270.2000,3270.0000,3269.6000,3269.4000,3269.2000,3271.4000,3272.0000,3273.0000,3273.8000,3274.2000,1,2,2,2,1,1,1,1,1,3
SF,IH2012,2020-09-07 09:33:16.400,3271.4000,23526,-1,203113020.000,1,0,1,双平,S,3270.6000,3270.4000,3270.2000,3269.6000,3269.4000,3272.0000,3273.0000,3273.8000,3274.2000,3274.4000,1,2,3,1,2,1,1,1,3,1
SF,IH2012,2020-09-07 09:33:16.900,3271.0000,23525,-1,204094320.000,1,0,1,双平,S,3270.8000,3270.6000,3270.4000,3270.2000,3269.6000,3273.0000,3273.8000,3274.2000,3274.4000,3275.0000,2,1,1,3,1,1,1,3,1,5
SF,IH2012,2020-09-07 09:33:17.400,3271.0000,23525,0,204094320.000,0,-,-,-,-,3271.0000,3270.8000,3270.6000,3269.6000,3269.4000,3272.8000,3273.0000,3273.8000,3274.2000,3274.4000,1,1,1,1,1,3,1,1,3,2
SF,IH2012,2020-09-07 09:33:17.900,3271.0000,23525,0,204094320.000,0,-,-,-,-,3271.2000,3271.0000,3270.6000,3269.6000,3269.4000,3272.8000,3273.0000,3273.8000,3274.2000,3274.4000,2,2,1,1,1,1,1,1,3,2
SF,IH2012,2020-09-07 09:33:18.400,3271.0000,23525,0,204094320.000,0,-,-,-,-,3271.2000,3271.0000,3270.6000,3269.6000,3269.4000,3272.6000,3272.8000,3273.0000,3273.8000,3274.2000,2,1,1,1,1,2,1,1,1,3
SF,IH2012,2020-09-07 09:33:18.900,3271.0000,23525,0,204094320.000,0,-,-,-,-,3271.4000,3271.2000,3271.0000,3270.6000,3269.6000,3272.6000,3272.8000,3273.0000,3273.8000,3274.2000,2,2,1,1,1,1,1,1,1,1
SF,IH2012,2020-09-07 09:33:19.400,3271.0000,23525,0,204094320.000,0,-,-,-,-,3271.6000,3271.4000,3271.2000,3271.0000,3270.6000,3273.0000,3273.8000,3274.2000,3274.4000,3275.0000,2,3,1,1,1,1,1,1,1,5
SF,IH2012,2020-09-07 09:33:19.900,3271.0000,23525,0,204094320.000,0,-,-,-,-,3271.6000,3271.4000,3271.2000,3271.0000,3270.6000,3273.0000,3274.4000,3275.0000,3276.8000,3278.0000,2,3,1,1,1,1,1,5,1,1
SF,IH2012,2020-09-07 09:33:20.900,3271.0000,23525,0,204094320.000,0,-,-,-,-,3273.0000,3271.8000,3271.6000,3271.4000,3271.2000,3274.4000,3275.0000,3276.8000,3278.0000,3280.0000,1,1,1,3,1,1,5,1,1,3
SF,IH2012,2020-09-07 09:33:21.400,3273.0000,23524,-1,205076220.000,1,0,1,双平,S,3271.6000,3271.4000,3271.2000,3271.0000,3270.6000,3273.0000,3274.2000,3274.4000,3275.0000,3276.8000,1,3,2,1,1,1,2,1,5,1
SF,IH2012,2020-09-07 09:33:21.900,3273.0000,23524,0,206058120.000,1,0,1,多换,S,3273.0000,3272.2000,3271.8000,3271.6000,3271.4000,3274.2000,3274.4000,3275.0000,3276.8000,3278.0000,1,1,3,3,3,3,1,5,1,1
SF,IH2012,2020-09-07 09:33:22.400,3273.0000,23524,0,206058120.000,0,-,-,-,-,3273.2000,3272.2000,3271.8000,3271.6000,3271.4000,3274.4000,3275.0000,3276.8000,3278.0000,3280.0000,1,1,1,4,3,1,5,1,1,3
SF,IH2012,2020-09-07 09:33:22.900,3273.0000,23524,0,206058120.000,0,-,-,-,-,3273.4000,3272.2000,3271.8000,3271.6000,3271.4000,3274.4000,3275.0000,3276.4000,3276.8000,3278.0000,2,1,1,3,3,1,5,1,1,1
SF,IH2012,2020-09-07 09:33:23.400,3273.0000,23524,0,206058120.000,0,-,-,-,-,3273.6000,3273.4000,3272.2000,3271.8000,3271.6000,3274.4000,3275.0000,3276.4000,3276.8000,3278.0000,1,1,1,1,3,1,5,1,1,1
SF,IH2012,2020-09-07 09:33:23.900,3273.6000,23523,-1,207040200.000,1,0,1,双平,S,3273.4000,3272.2000,3271.8000,3271.6000,3271.4000,3274.4000,3275.0000,3276.4000,3276.8000,3278.0000,1,1,1,3,1,1,5,1,1,1
SF,IH2012,2020-09-07 09:33:24.400,3273.4000,23522,-1,208022220.000,1,0,1,双平,S,3273.2000,3272.2000,3271.6000,3271.4000,3271.2000,3274.4000,3275.0000,3276.4000,3276.8000,3278.0000,1,1,3,1,1,1,5,1,1,1
SF,IH2012,2020-09-07 09:33:24.900,3273.2000,23521,-1,209004180.000,1,0,1,双平,S,3272.2000,3271.6000,3271.4000,3271.2000,3271.0000,3274.2000,3274.4000,3275.0000,3276.4000,3276.8000,1,3,1,1,1,4,1,5,1,1
SF,IH2012,2020-09-07 09:33:25.400,3273.2000,23521,0,209004180.000,0,-,-,-,-,3272.6000,3272.4000,3272.2000,3271.4000,3271.2000,3274.2000,3274.4000,3275.0000,3276.4000,3276.8000,2,4,2,1,1,1,1,5,1,1
SF,IH2012,2020-09-07 09:33:25.900,3274.2000,23520,-1,209986440.000,1,0,1,双平,S,3272.4000,3272.2000,3271.4000,3271.2000,3269.6000,3274.4000,3275.0000,3276.4000,3276.8000,3278.0000,3,1,1,1,1,1,5,1,1,1
SF,IH2012,2020-09-07 09:33:26.400,3274.2000,23520,0,209986440.000,0,-,-,-,-,3272.8000,3272.6000,3272.4000,3272.2000,3271.4000,3274.4000,3275.0000,3276.4000,3276.8000,3278.0000,2,4,4,1,1,1,5,1,1,1
SF,IH2012,2020-09-07 09:33:26.900,3274.2000,23520,0,209986440.000,0,-,-,-,-,3273.0000,3272.8000,3272.6000,3272.4000,3272.2000,3275.0000,3276.4000,3276.8000,3278.0000,3280.0000,3,2,6,3,1,5,1,1,1,3
SF,IH2012,2020-09-07 09:33:27.400,3274.2000,23520,0,209986440.000,0,-,-,-,-,3273.2000,3273.0000,3272.8000,3272.6000,3272.4000,3275.0000,3276.4000,3278.0000,3279.2000,3280.0000,6,4,2,4,1,5,1,1,1,3
SF,IH2012,2020-09-07 09:33:27.900,3274.2000,23520,0,209986440.000,0,-,-,-,-,3273.8000,3273.4000,3273.2000,3273.0000,3272.8000,3275.0000,3276.4000,3278.0000,3279.2000,3280.0000,1,2,7,2,2,5,1,1,1,3
SF,IH2012,2020-09-07 09:33:28.400,3274.2000,23520,0,209986440.000,0,-,-,-,-,3273.8000,3273.4000,3273.2000,3273.0000,3272.8000,3275.0000,3276.4000,3278.0000,3279.2000,3280.0000,1,3,6,2,2,5,1,1,1,3
SF,IH2012,2020-09-07 09:33:28.900,3273.4000,23517,-3,213914880.000,4,0,4,多平,S,3273.4000,3273.2000,3273.0000,3272.6000,3272.4000,3274.2000,3274.8000,3275.0000,3276.4000,3278.0000,1,6,1,3,1,1,2,5,1,1
SF,IH2012,2020-09-07 09:33:29.400,3273.4000,23516,-1,214896900.000,1,0,1,双平,S,3273.2000,3272.6000,3272.4000,3269.6000,3269.2000,3274.0000,3274.6000,3275.0000,3276.4000,3278.0000,3,3,1,1,1,1,2,5,1,1
SF,IH2012,2020-09-07 09:33:29.900,3274.0000,23515,-1,215879100.000,1,0,1,双平,S,3273.2000,3272.6000,3272.4000,3269.6000,3269.2000,3275.0000,3278.0000,3279.2000,3280.0000,3282.0000,3,3,1,1,1,5,1,1,3,1
SF,IH2012,2020-09-07 09:33:30.400,3274.0000,23515,0,215879100.000,0,-,-,-,-,3273.4000,3273.2000,3272.6000,3269.6000,3269.2000,3274.8000,3275.0000,3278.0000,3279.2000,3280.0000,1,3,3,1,1,3,5,1,1,3
SF,IH2012,2020-09-07 09:33:31.900,3274.0000,23515,0,215879100.000,0,-,-,-,-,3273.4000,3273.2000,3272.6000,3269.6000,3269.2000,3274.8000,3275.0000,3278.0000,3279.2000,3280.0000,1,3,3,1,1,1,5,1,1,3
SF,IH2012,2020-09-07 09:33:32.400,3274.8000,23515,0,216861540.000,1,0,1,多换,S,3273.6000,3273.4000,3273.2000,3272.6000,3269.6000,3275.0000,3278.0000,3279.2000,3280.0000,3282.0000,1,1,3,3,1,5,1,1,3,1
SF,IH2012,2020-09-07 09:33:32.900,3274.8000,23515,0,216861540.000,0,-,-,-,-,3273.8000,3273.6000,3273.4000,3273.2000,3272.6000,3275.0000,3278.0000,3279.2000,3280.0000,3282.0000,1,1,1,3,3,5,1,1,3,1
SF,IH2012,2020-09-07 09:33:33.900,3275.0000,23515,0,223738920.000,7,3,4,多换,S,3275.0000,3273.8000,3273.6000,3273.4000,3273.2000,3278.0000,3279.2000,3280.0000,3282.0000,3285.0000,4,1,1,1,3,1,1,3,1,1
SF,IH2012,2020-09-07 09:33:34.400,3275.0000,23512,-3,231598920.000,8,2,6,多平,S,3273.6000,3273.2000,3272.6000,3272.4000,3269.6000,3275.6000,3276.2000,3276.4000,3276.8000,3277.4000,1,3,3,1,1,1,1,3,1,2
SF,IH2012,2020-09-07 09:33:34.900,3275.4000,23512,0,232581540.000,1,0,1,多换,S,3273.8000,3273.6000,3273.2000,3272.6000,3269.6000,3275.4000,3276.8000,3277.4000,3277.6000,3277.8000,3,1,3,3,1,2,1,2,13,6
SF,IH2012,2020-09-07 09:33:35.400,3275.4000,23512,0,232581540.000,0,-,-,-,-,3273.8000,3273.6000,3273.2000,3272.6000,3269.6000,3275.4000,3276.8000,3277.4000,3277.6000,3277.8000,1,1,3,3,1,4,1,1,9,5
SF,IH2012,2020-09-07 09:33:35.900,3275.4000,23510,-2,234546780.000,2,0,2,双平,S,3274.0000,3273.8000,3273.6000,3273.2000,3272.6000,3276.8000,3277.4000,3277.6000,3277.8000,3278.0000,4,2,1,3,3,1,1,9,5,1
SF,IH2012,2020-09-07 09:33:36.400,3275.4000,23510,0,234546780.000,0,-,-,-,-,3275.4000,3274.2000,3274.0000,3273.6000,3273.2000,3276.4000,3277.4000,3277.6000,3277.8000,3278.0000,1,4,2,1,3,2,1,7,5,1
SF,IH2012,2020-09-07 09:33:36.900,3275.4000,23510,0,234546780.000,0,-,-,-,-,3275.6000,3275.4000,3274.2000,3274.0000,3273.6000,3276.6000,3277.4000,3277.6000,3277.8000,3278.0000,1,11,1,2,1,1,1,2,5,1
SF,IH2012,2020-09-07 09:33:37.400,3275.4000,23509,-1,245355600.000,11,5,6,多平,S,3274.2000,3274.0000,3273.6000,3273.2000,3272.6000,3277.8000,3278.0000,3279.2000,3280.0000,3282.0000,1,2,1,4,2,5,1,1,3,1
SF,IH2012,2020-09-07 09:33:37.900,3275.4000,23508,-1,246338220.000,1,0,1,双平,S,3274.4000,3274.2000,3274.0000,3273.6000,3273.2000,3276.2000,3276.4000,3277.0000,3277.4000,3277.6000,1,1,2,1,4,2,1,1,4,6
SF,IH2012,2020-09-07 09:33:38.400,3276.2000,23510,2,257148900.000,11,6,5,空开,S,3274.6000,3274.0000,3273.6000,3273.2000,3269.6000,3276.4000,3276.8000,3277.4000,3277.6000,3277.8000,1,1,1,1,1,1,2,5,5,4
SF,IH2012,2020-09-07 09:33:38.900,3276.2000,23510,0,257148900.000,0,-,-,-,-,3274.8000,3274.6000,3274.0000,3273.2000,3269.6000,3275.8000,3276.2000,3276.4000,3276.8000,3277.4000,1,1,1,1,1,1,2,1,1,3
SF,IH2012,2020-09-07 09:33:39.400,3276.2000,23510,0,260097480.000,3,1,2,多换,S,3276.2000,3274.8000,3274.0000,3273.2000,3269.6000,3276.4000,3277.4000,3277.6000,3277.8000,3278.0000,7,1,1,1,1,1,3,3,4,1
SF,IH2012,2020-09-07 09:33:39.900,3276.2000,23508,-2,268943280.000,9,3,6,多平,S,3275.8000,3275.0000,3274.8000,3274.0000,3273.2000,3277.6000,3277.8000,3278.0000,3279.2000,3280.0000,2,1,1,1,1,3,4,1,1,3
SF,IH2012,2020-09-07 09:33:40.400,3276.2000,23508,0,269926140.000,1,0,1,多换,S,3276.0000,3275.8000,3274.0000,3273.2000,3269.6000,3277.0000,3277.4000,3277.6000,3277.8000,3278.0000,2,3,1,1,1,1,1,1,3,1
SF,IH2012,2020-09-07 09:33:40.900,3276.2000,23508,0,269926140.000,0,-,-,-,-,3276.4000,3276.2000,3276.0000,3275.8000,3274.4000,3278.0000,3279.2000,3280.0000,3282.0000,3285.0000,10,1,2,3,1,1,1,3,1,1
SF,IH2012,2020-09-07 09:33:41.400,3276.2000,23508,0,269926140.000,0,-,-,-,-,3276.6000,3276.4000,3276.2000,3275.8000,3274.4000,3277.6000,3278.0000,3279.2000,3280.0000,3282.0000,3,10,1,2,2,1,1,1,3,1
SF,IH2012,2020-09-07 09:33:41.900,3276.2000,23508,0,269926140.000,0,-,-,-,-,3276.8000,3276.6000,3276.4000,3276.2000,3275.8000,3277.8000,3278.0000,3279.2000,3280.0000,3282.0000,2,1,10,1,2,1,1,1,3,1
SF,IH2012,2020-09-07 09:33:42.400,3276.2000,23508,0,269926140.000,0,-,-,-,-,3276.8000,3276.6000,3276.4000,3275.8000,3274.0000,3277.2000,3277.4000,3278.0000,3279.2000,3280.0000,2,1,10,1,1,1,1,1,1,3
SF,IH2012,2020-09-07 09:33:42.900,3276.2000,23508,0,269926140.000,0,-,-,-,-,3276.6000,3276.4000,3275.8000,3275.4000,3269.6000,3277.4000,3278.0000,3279.2000,3280.0000,3282.0000,1,10,1,1,1,1,1,1,3,1
SF,IH2012,2020-09-07 09:33:43.400,3276.2000,23508,0,269926140.000,0,-,-,-,-,3276.6000,3276.4000,3275.8000,3275.4000,3275.0000,3277.4000,3278.0000,3279.2000,3280.0000,3282.0000,1,10,1,1,1,1,1,1,3,1
SF,IH2012,2020-09-07 09:33:43.900,3277.4000,23507,-1,270909360.000,1,0,1,双平,S,3276.6000,3276.4000,3275.8000,3275.4000,3275.0000,3278.0000,3279.2000,3280.0000,3282.0000,3285.0000,1,10,1,1,1,1,1,3,1,1
SF,IH2012,2020-09-07 09:33:44.400,3278.0000,23506,-1,271892760.000,1,0,1,双平,S,3277.4000,3276.4000,3275.8000,3275.4000,3275.0000,3279.2000,3280.0000,3282.0000,3285.0000,3285.8000,2,10,1,1,1,1,3,1,1,1
SF,IH2012,2020-09-07 09:33:44.900,3277.6000,23505,-1,272876040.000,1,0,1,双平,S,3278.0000,3277.6000,3277.4000,3276.8000,3275.8000,3279.0000,3280.0000,3281.6000,3282.0000,3285.0000,10,2,2,2,1,1,3,1,1,1
SF,IH2012,2020-09-07 09:33:45.400,3277.6000,23504,-1,273859320.000,1,0,1,双平,S,3278.0000,3277.6000,3277.4000,3275.8000,3275.4000,3280.0000,3281.6000,3282.0000,3285.0000,3285.8000,10,2,2,1,1,3,1,1,1,1
SF,IH2012,2020-09-07 09:33:45.900,3277.6000,23504,0,273859320.000,0,-,-,-,-,3279.2000,3278.2000,3278.0000,3277.6000,3277.4000,3279.8000,3280.0000,3281.6000,3282.0000,3285.0000,10,4,10,1,2,4,3,1,1,1
SF,IH2012,2020-09-07 09:33:46.400,3279.2000,23498,-6,281730900.000,8,1,7,多平,S,3279.2000,3278.2000,3278.0000,3277.6000,3277.4000,3281.6000,3282.0000,3285.0000,3285.8000,3286.0000,9,2,10,1,2,1,1,1,1,2
SF,IH2012,2020-09-07 09:33:46.900,3279.2000,23498,0,283698420.000,2,1,1,多换,S,3279.4000,3279.2000,3278.0000,3277.4000,3276.2000,3281.0000,3281.2000,3281.4000,3281.6000,3282.0000,2,7,10,2,1,2,5,9,1,1
SF,IH2012,2020-09-07 09:33:47.400,3279.4000,23495,-3,291568680.000,8,2,6,多平,S,3279.2000,3278.0000,3277.4000,3276.2000,3275.4000,3279.8000,3280.2000,3280.4000,3280.6000,3280.8000,2,10,2,1,1,3,2,1,6,1
SF,IH2012,2020-09-07 09:33:47.900,3279.2000,23495,0,293536200.000,2,1,1,多换,S,3278.0000,3277.4000,3276.2000,3275.4000,3269.2000,3279.6000,3280.4000,3280.6000,3280.8000,3281.0000,10,2,1,1,1,1,1,6,2,2
SF,IH2012,2020-09-07 09:33:48.400,3279.6000,23492,-3,297470820.000,4,0,4,多平,S,3279.6000,3278.2000,3278.0000,3277.4000,3276.2000,3280.4000,3280.6000,3280.8000,3281.0000,3281.2000,8,3,10,2,2,1,5,2,2,2
SF,IH2012,2020-09-07 09:33:48.900,3279.6000,23486,-6,304357980.000,7,0,7,多平,S,3279.6000,3278.0000,3277.4000,3276.2000,3275.4000,3279.8000,3280.0000,3280.2000,3280.4000,3280.6000,1,10,2,1,1,2,4,3,1,1
SF,IH2012,2020-09-07 09:33:49.400,3280.6000,23478,-8,312230520.000,8,0,8,双平,S,3280.2000,3280.0000,3279.8000,3279.6000,3278.0000,3281.0000,3281.2000,3281.4000,3281.6000,3282.0000,1,1,6,1,10,2,1,2,1,1
SF,IH2012,2020-09-07 09:33:49.900,3281.2000,23475,-3,315183480.000,3,0,3,双平,S,3281.0000,3280.4000,3280.2000,3280.0000,3279.8000,3281.4000,3281.6000,3282.0000,3283.4000,3285.0000,1,1,1,1,5,2,1,1,2,1
SF,IH2012,2020-09-07 09:33:50.400,3281.6000,23472,-3,318136800.000,3,0,3,双平,S,3281.4000,3281.0000,3280.2000,3280.0000,3279.8000,3282.0000,3283.4000,3285.0000,3285.8000,3286.0000,1,2,1,1,5,1,2,1,1,2
SF,IH2012,2020-09-07 09:33:50.900,3282.0000,23471,-1,319121400.000,1,0,1,双平,S,3281.6000,3281.4000,3281.0000,3280.2000,3280.0000,3283.4000,3285.0000,3285.8000,3286.0000,3288.8000,1,1,2,1,1,2,1,1,2,1
SF,IH2012,2020-09-07 09:33:51.400,3282.0000,23471,0,319121400.000,0,-,-,-,-,3281.8000,3281.6000,3281.4000,3281.0000,3280.2000,3282.4000,3283.0000,3283.2000,3285.0000,3285.8000,1,1,1,2,1,2,2,4,1,1
SF,IH2012,2020-09-07 09:33:51.900,3281.6000,23469,-2,321090420.000,2,0,2,双平,S,3281.4000,3281.0000,3280.2000,3280.0000,3279.8000,3282.4000,3283.0000,3283.2000,3285.0000,3285.4000,1,2,1,1,3,2,1,3,1,2
SF,IH2012,2020-09-07 09:33:52.400,3281.4000,23467,-2,324044220.000,3,0,3,多平,S,3281.0000,3280.2000,3280.0000,3279.8000,3279.6000,3281.4000,3281.6000,3283.2000,3285.0000,3285.4000,2,1,1,3,1,1,1,1,1,2
SF,IH2012,2020-09-07 09:33:52.900,3281.0000,23466,-1,325028520.000,1,0,1,双平,S,3281.0000,3280.2000,3280.0000,3279.8000,3279.6000,3281.4000,3281.6000,3283.2000,3285.0000,3285.4000,1,1,1,3,1,1,1,1,1,2
SF,IH2012,2020-09-07 09:33:53.400,3281.0000,23465,-1,326012820.000,1,0,1,双平,S,3280.2000,3280.0000,3279.8000,3279.6000,3278.8000,3281.4000,3281.6000,3282.4000,3283.2000,3285.0000,1,1,3,1,1,1,1,1,1,1
SF,IH2012,2020-09-07 09:33:53.900,3281.0000,23465,0,326012820.000,0,-,-,-,-,3280.4000,3280.2000,3280.0000,3279.8000,3279.6000,3281.4000,3281.6000,3282.4000,3285.0000,3285.4000,3,1,1,3,1,1,1,1,1,2
SF,IH2012,2020-09-07 09:33:54.400,3281.6000,23464,-1,327981720.000,2,0,2,多平,S,3281.4000,3280.4000,3280.2000,3280.0000,3279.8000,3282.4000,3283.0000,3285.0000,3285.4000,3285.8000,1,2,1,1,3,1,1,1,2,1
SF,IH2012,2020-09-07 09:33:54.900,3281.8000,23463,-1,328966260.000,1,0,1,双平,S,3280.6000,3280.4000,3280.2000,3280.0000,3279.8000,3282.4000,3283.0000,3285.0000,3285.4000,3285.8000,3,1,1,1,2,1,1,1,2,1
SF,IH2012,2020-09-07 09:33:55.400,3281.8000,23463,0,328966260.000,0,-,-,-,-,3280.8000,3280.6000,3280.2000,3280.0000,3279.8000,3282.2000,3283.0000,3285.0000,3285.4000,3285.8000,2,3,1,1,2,1,1,1,2,1
SF,IH2012,2020-09-07 09:33:55.900,3282.2000,23462,-1,329950920.000,1,0,1,双平,S,3282.2000,3281.2000,3281.0000,3280.8000,3280.2000,3284.8000,3285.0000,3285.4000,3285.8000,3286.0000,1,2,2,4,1,1,1,2,1,2
SF,IH2012,2020-09-07 09:33:56.400,3282.2000,23462,0,329950920.000,0,-,-,-,-,3282.4000,3282.2000,3281.2000,3281.0000,3280.8000,3283.8000,3284.2000,3284.4000,3284.6000,3284.8000,1,1,2,3,2,1,1,5,4,1
SF,IH2012,2020-09-07 09:33:56.900,3282.2000,23462,0,329950920.000,0,-,-,-,-,3282.4000,3282.2000,3281.2000,3281.0000,3280.8000,3283.4000,3283.8000,3284.2000,3284.4000,3284.6000,1,1,2,3,2,1,1,1,3,4
SF,IH2012,2020-09-07 09:33:57.400,3282.2000,23461,-1,330935580.000,1,0,1,双平,S,3281.2000,3281.0000,3280.8000,3280.2000,3280.0000,3283.2000,3283.4000,3284.2000,3284.4000,3284.6000,2,2,2,1,1,1,1,1,3,4
SF,IH2012,2020-09-07 09:33:57.900,3282.2000,23461,0,330935580.000,0,-,-,-,-,3281.6000,3281.4000,3281.2000,3281.0000,3280.8000,3283.0000,3283.2000,3284.4000,3284.6000,3285.0000,1,4,2,1,1,2,1,3,3,2
SF,IH2012,2020-09-07 09:33:58.400,3282.2000,23461,0,330935580.000,0,-,-,-,-,3281.8000,3281.6000,3281.4000,3281.2000,3281.0000,3283.2000,3284.4000,3284.6000,3285.0000,3285.4000,2,1,2,2,1,1,3,3,2,2
SF,IH2012,2020-09-07 09:33:58.900,3282.2000,23461,0,330935580.000,0,-,-,-,-,3281.8000,3281.6000,3281.4000,3281.0000,3280.8000,3284.4000,3284.6000,3285.0000,3285.4000,3285.8000,1,1,1,1,1,3,3,2,2,1
SF,IH2012,2020-09-07 09:33:59.400,3282.2000,23461,0,330935580.000,0,-,-,-,-,3282.0000,3281.8000,3281.6000,3281.0000,3280.8000,3284.0000,3284.2000,3284.4000,3284.6000,3285.0000,1,1,1,1,1,1,4,3,3,2
SF,IH2012,2020-09-07 09:33:59.900,3282.2000,23461,0,330935580.000,0,-,-,-,-,3282.2000,3282.0000,3281.0000,3280.8000,3280.2000,3283.4000,3283.8000,3284.0000,3284.2000,3284.4000,3,4,1,1,1,3,1,2,2,3
SF,IH2012,2020-09-07 09:34:00.400,3283.4000,23458,-3,333890640.000,3,0,3,双平,S,3282.4000,3282.2000,3282.0000,3281.0000,3280.8000,3284.2000,3284.4000,3285.0000,3285.4000,3285.8000,4,2,1,1,1,1,1,1,2,1
SF,IH2012,2020-09-07 09:34:00.900,3283.4000,23458,0,333890640.000,0,-,-,-,-,3282.6000,3282.4000,3281.0000,3280.8000,3280.2000,3284.2000,3284.4000,3285.0000,3285.4000,3285.8000,4,3,1,1,1,1,1,1,2,1
SF,IH2012,2020-09-07 09:34:01.400,3283.0000,23458,0,334875540.000,1,0,1,多换,S,3283.0000,3282.8000,3282.6000,3280.8000,3280.0000,3284.4000,3285.0000,3285.4000,3285.8000,3286.0000,2,1,4,1,1,1,1,2,1,2
SF,IH2012,2020-09-07 09:34:01.900,3283.0000,23458,0,334875540.000,0,-,-,-,-,3283.2000,3282.8000,3282.6000,3280.8000,3280.0000,3284.0000,3284.2000,3284.4000,3285.0000,3285.4000,1,3,1,1,1,2,2,1,1,2
SF,IH2012,2020-09-07 09:34:02.400,3283.2000,23457,-1,335860500.000,1,0,1,双平,S,3282.6000,3280.8000,3280.0000,3279.6000,3276.2000,3283.2000,3284.0000,3284.2000,3284.4000,3285.0000,1,1,1,1,1,1,4,2,1,1
SF,IH2012,2020-09-07 09:34:02.900,3283.2000,23457,0,335860500.000,0,-,-,-,-,3280.8000,3280.0000,3279.6000,3276.2000,3275.4000,3283.0000,3283.2000,3283.8000,3284.0000,3284.2000,1,1,1,1,1,1,1,1,2,1
SF,IH2012,2020-09-07 09:34:03.400,3283.2000,23457,0,335860500.000,0,-,-,-,-,3282.0000,3281.4000,3281.2000,3281.0000,3280.8000,3282.8000,3283.0000,3283.2000,3283.8000,3284.0000,1,2,1,2,1,2,1,1,1,2
SF,IH2012,2020-09-07 09:34:03.900,3282.2000,23455,-2,337830120.000,2,0,2,双平,S,3282.0000,3281.4000,3281.2000,3281.0000,3280.8000,3283.2000,3283.8000,3284.0000,3284.2000,3284.4000,1,2,2,3,1,1,1,1,1,2
SF,IH2012,2020-09-07 09:34:04.400,3282.0000,23454,-1,339799380.000,2,0,2,多平,S,3281.2000,3281.0000,3280.8000,3280.0000,3279.6000,3283.0000,3283.2000,3283.8000,3284.0000,3284.2000,1,3,1,1,1,2,1,1,1,1
SF,IH2012,2020-09-07 09:34:04.900,3282.0000,23454,0,339799380.000,0,-,-,-,-,3282.2000,3281.8000,3281.4000,3281.2000,3281.0000,3282.8000,3283.0000,3283.2000,3284.0000,3284.2000,1,1,1,2,1,1,2,1,1,2
SF,IH2012,2020-09-07 09:34:05.400,3282.8000,23453,-1,341769120.000,2,0,2,多平,S,3282.8000,3282.2000,3281.8000,3281.4000,3281.2000,3283.0000,3283.2000,3284.0000,3284.2000,3284.4000,19,1,2,1,1,1,1,1,2,2
SF,IH2012,2020-09-07 09:34:05.900,3283.0000,23450,-3,344723880.000,3,0,3,双平,S,3283.0000,3282.8000,3281.8000,3281.4000,3281.2000,3284.0000,3284.2000,3284.4000,3285.0000,3285.4000,1,19,2,1,1,1,2,2,1,2
SF,IH2012,2020-09-07 09:34:06.400,3283.0000,23450,0,344723880.000,0,-,-,-,-,3283.4000,3283.0000,3282.8000,3281.8000,3281.4000,3283.8000,3284.0000,3284.2000,3284.4000,3285.0000,1,2,19,2,1,1,1,2,2,1
SF,IH2012,2020-09-07 09:34:06.900,3283.2000,23450,0,345708840.000,1,0,1,多换,S,3283.0000,3282.8000,3281.8000,3281.4000,3281.2000,3283.4000,3283.8000,3284.0000,3284.2000,3284.4000,2,19,2,1,1,1,1,1,2,2
SF,IH2012,2020-09-07 09:34:07.400,3283.8000,23446,-4,349649340.000,4,0,4,双平,S,3283.6000,3283.4000,3283.0000,3282.8000,3281.8000,3284.2000,3284.4000,3285.0000,3285.4000,3285.6000,2,3,1,19,2,1,2,1,2,1
SF,IH2012,2020-09-07 09:34:07.900,3284.4000,23446,0,352605240.000,3,1,2,多换,S,3284.2000,3283.6000,3283.4000,3283.2000,3283.0000,3285.0000,3285.4000,3285.6000,3285.8000,3286.0000,1,2,3,1,1,1,2,1,1,4
SF,IH2012,2020-09-07 09:34:08.400,3285.0000,23446,0,353590740.000,1,0,1,多换,S,3284.0000,3283.4000,3283.0000,3282.8000,3282.0000,3285.4000,3285.6000,3285.8000,3286.0000,3288.8000,1,1,1,19,1,2,1,1,3,1
SF,IH2012,2020-09-07 09:34:08.900,3284.0000,23446,0,355561200.000,2,1,1,多换,S,3283.4000,3283.0000,3282.8000,3281.8000,3281.2000,3285.0000,3285.4000,3285.6000,3285.8000,3286.0000,18,1,19,1,1,3,2,1,1,3
SF,IH2012,2020-09-07 09:34:09.400,3284.0000,23446,0,355561200.000,0,-,-,-,-,3283.6000,3283.4000,3283.0000,3282.8000,3281.8000,3285.0000,3285.4000,3285.6000,3285.8000,3286.0000,2,18,1,19,1,2,2,1,1,3
SF,IH2012,2020-09-07 09:34:09.900,3285.0000,23445,-1,356546700.000,1,0,1,双平,S,3283.8000,3283.6000,3283.4000,3283.0000,3282.8000,3285.0000,3285.6000,3285.8000,3286.0000,3288.8000,1,1,18,1,19,1,1,1,3,2
SF,IH2012,2020-09-07 09:34:10.400,3285.0000,23445,0,357532200.000,1,0,1,多换,S,3284.0000,3283.4000,3283.0000,3282.8000,3281.8000,3285.6000,3285.8000,3286.0000,3288.8000,3289.6000,3,18,1,19,1,1,1,3,2,1
SF,IH2012,2020-09-07 09:34:10.900,3285.0000,23445,0,357532200.000,0,-,-,-,-,3284.0000,3283.4000,3283.0000,3281.8000,3281.2000,3285.4000,3285.6000,3285.8000,3286.0000,3287.0000,2,18,1,1,1,1,1,1,3,1
SF,IH2012,2020-09-07 09:34:11.400,3285.0000,23445,0,357532200.000,0,-,-,-,-,3284.2000,3284.0000,3283.4000,3283.0000,3281.8000,3285.4000,3285.6000,3285.8000,3286.0000,3287.0000,1,2,18,1,1,1,1,1,3,1
SF,IH2012,2020-09-07 09:34:11.900,3285.0000,23445,0,357532200.000,0,-,-,-,-,3284.4000,3284.2000,3284.0000,3283.0000,3281.8000,3285.4000,3285.6000,3285.8000,3286.0000,3287.0000,1,1,2,1,1,1,1,1,3,1
SF,IH2012,2020-09-07 09:34:12.400,3285.0000,23445,0,357532200.000,0,-,-,-,-,3284.4000,3284.2000,3284.0000,3283.0000,3281.8000,3285.0000,3285.6000,3285.8000,3286.0000,3287.0000,1,1,1,1,1,1,1,1,3,1
SF,IH2012,2020-09-07 09:34:12.900,3285.0000,23445,0,358517700.000,1,0,1,多换,S,3285.4000,3285.0000,3284.4000,3284.2000,3284.0000,3285.8000,3286.0000,3287.0000,3287.4000,3288.8000,18,3,1,1,1,1,3,1,2,2
SF,IH2012,2020-09-07 09:34:13.400,3286.0000,23443,-2,362460840.000,4,1,3,多平,S,3285.8000,3285.4000,3285.0000,3284.2000,3284.0000,3287.0000,3287.4000,3288.8000,3289.6000,3290.0000,1,18,2,1,1,1,2,2,1,3
SF,IH2012,2020-09-07 09:34:13.900,3286.0000,23442,-1,365418000.000,3,1,2,多平,S,3285.4000,3285.0000,3284.2000,3284.0000,3283.0000,3286.0000,3286.6000,3286.8000,3287.0000,3287.4000,17,3,2,1,1,3,1,2,1,2
SF,IH2012,2020-09-07 09:34:14.400,3286.0000,23440,-2,369361200.000,4,1,3,多平,S,3285.4000,3285.0000,3284.2000,3284.0000,3283.0000,3286.4000,3286.6000,3286.8000,3287.0000,3287.4000,17,3,2,1,1,1,1,3,1,2
SF,IH2012,2020-09-07 09:34:14.900,3286.0000,23439,-1,370347000.000,1,0,1,双平,S,3285.4000,3285.0000,3284.2000,3284.0000,3283.0000,3286.0000,3286.8000,3287.0000,3287.4000,3287.8000,18,3,2,1,1,2,1,1,2,1
SF,IH2012,2020-09-07 09:34:15.400,3286.2000,23436,-3,375276600.000,5,1,4,多平,S,3286.2000,3286.0000,3285.6000,3285.4000,3285.0000,3287.4000,3287.8000,3288.8000,3289.6000,3290.0000,1,5,1,18,3,2,1,2,1,3
SF,IH2012,2020-09-07 09:34:15.900,3286.2000,23436,0,375276600.000,0,-,-,-,-,3286.2000,3285.4000,3285.0000,3284.2000,3284.0000,3287.0000,3287.4000,3287.8000,3288.8000,3289.6000,1,18,3,2,1,2,2,1,2,1
SF,IH2012,2020-09-07 09:34:16.400,3286.2000,23435,-1,376262460.000,1,0,1,双平,S,3286.2000,3285.4000,3285.0000,3284.2000,3284.0000,3287.0000,3287.8000,3288.8000,3289.6000,3290.0000,1,18,3,2,1,2,1,2,1,3
SF,IH2012,2020-09-07 09:34:16.900,3286.2000,23435,0,376262460.000,0,-,-,-,-,3286.2000,3285.4000,3285.0000,3284.2000,3284.0000,3287.0000,3287.8000,3288.8000,3289.6000,3290.0000,1,18,3,2,1,2,1,2,1,2
SF,IH2012,2020-09-07 09:34:17.400,3287.0000,23435,0,377248560.000,1,0,1,多换,S,3286.2000,3285.4000,3285.0000,3284.2000,3284.0000,3287.0000,3287.8000,3288.8000,3289.6000,3290.0000,1,18,3,2,1,1,1,3,1,2
SF,IH2012,2020-09-07 09:34:17.900,3287.0000,23435,0,377248560.000,0,-,-,-,-,3286.2000,3285.4000,3285.0000,3284.2000,3284.0000,3287.0000,3287.8000,3288.8000,3289.6000,3290.0000,2,18,1,2,1,1,1,3,1,2
SF,IH2012,2020-09-07 09:34:18.400,3287.0000,23435,0,378234660.000,1,0,1,多换,S,3286.4000,3286.2000,3285.4000,3285.0000,3284.2000,3287.8000,3288.8000,3289.6000,3290.0000,3292.6000,2,2,1,1,2,1,3,1,2,1
SF,IH2012,2020-09-07 09:34:18.900,3287.0000,23435,0,378234660.000,0,-,-,-,-,3286.4000,3286.2000,3285.4000,3285.0000,3284.2000,3287.8000,3288.8000,3289.6000,3290.0000,3292.6000,2,1,1,1,2,1,3,1,2,1
SF,IH2012,2020-09-07 09:34:19.900,3287.8000,23435,0,379221000.000,1,0,1,多换,S,3287.8000,3286.4000,3286.2000,3285.4000,3285.0000,3288.8000,3289.6000,3290.0000,3292.6000,3293.0000,16,2,1,1,1,3,1,2,1,1
SF,IH2012,2020-09-07 09:34:20.400,3287.8000,23435,0,395002440.000,16,8,8,多换,S,3286.4000,3286.2000,3285.4000,3284.2000,3281.8000,3287.8000,3288.4000,3288.6000,3288.8000,3289.6000,1,1,1,1,1,1,1,4,3,1
SF,IH2012,2020-09-07 09:34:20.900,3287.8000,23435,0,395002440.000,0,-,-,-,-,3286.4000,3286.2000,3285.4000,3284.2000,3281.8000,3287.8000,3288.4000,3288.6000,3288.8000,3289.6000,1,1,1,1,1,1,4,2,3,1
SF,IH2012,2020-09-07 09:34:21.400,3287.8000,23435,0,395002440.000,0,-,-,-,-,3286.4000,3286.2000,3285.4000,3284.2000,3281.8000,3287.8000,3288.4000,3288.6000,3288.8000,3289.6000,1,1,1,1,1,1,4,2,3,1
SF,IH2012,2020-09-07 09:34:21.900,3287.8000,23436,1,397961460.000,3,2,1,空开,S,3286.4000,3286.2000,3285.4000,3284.2000,3281.8000,3288.4000,3288.6000,3288.8000,3289.6000,3290.0000,1,1,1,1,1,1,2,2,1,2
SF,IH2012,2020-09-07 09:34:22.400,3286.4000,23435,-1,398947380.000,1,0,1,双平,S,3286.2000,3285.4000,3284.2000,3281.8000,3280.8000,3286.6000,3287.4000,3287.6000,3287.8000,3288.0000,1,1,1,1,1,3,4,2,2,1
SF,IH2012,2020-09-07 09:34:22.900,3285.4000,23434,-1,400918860.000,2,0,2,多平,S,3284.2000,3281.8000,3280.8000,3279.6000,3276.2000,3286.2000,3286.6000,3287.4000,3287.8000,3288.0000,1,1,1,1,1,1,3,3,2,1
SF,IH2012,2020-09-07 09:34:23.400,3284.4000,23433,-1,401904180.000,1,0,1,双平,S,3281.8000,3280.8000,3279.6000,3276.2000,3269.2000,3284.0000,3286.0000,3286.2000,3287.4000,3287.8000,1,1,1,1,1,2,2,1,3,3
SF,IH2012,2020-09-07 09:34:23.900,3284.0000,23430,-3,404859900.000,3,0,3,双平,S,3283.8000,3283.0000,3282.8000,3282.6000,3282.4000,3286.0000,3286.2000,3287.2000,3287.4000,3287.8000,1,1,1,1,1,1,1,1,3,2
SF,IH2012,2020-09-07 09:34:24.400,3284.0000,23430,0,404859900.000,0,-,-,-,-,3284.4000,3284.0000,3283.8000,3282.8000,3282.6000,3285.8000,3286.2000,3287.2000,3287.4000,3287.6000,1,1,1,1,1,1,1,1,3,1
SF,IH2012,2020-09-07 09:34:24.900,3284.0000,23430,0,404859900.000,0,-,-,-,-,3284.0000,3282.8000,3282.6000,3282.4000,3282.2000,3285.6000,3285.8000,3286.2000,3287.4000,3287.6000,1,1,1,1,5,1,1,1,3,1
SF,IH2012,2020-09-07 09:34:25.400,3284.0000,23430,0,404859900.000,0,-,-,-,-,3284.0000,3282.8000,3282.6000,3282.4000,3282.2000,3285.4000,3285.6000,3286.2000,3287.4000,3287.6000,1,1,1,1,5,2,1,1,3,1
SF,IH2012,2020-09-07 09:34:25.900,3284.0000,23430,0,404859900.000,0,-,-,-,-,3284.2000,3284.0000,3282.8000,3282.6000,3282.4000,3284.4000,3285.4000,3286.2000,3287.0000,3287.4000,1,1,1,1,1,1,2,1,3,3
SF,IH2012,2020-09-07 09:34:26.400,3284.4000,23428,-2,407815860.000,3,0,3,多平,S,3282.8000,3282.6000,3282.4000,3282.2000,3281.8000,3285.4000,3286.2000,3287.0000,3287.2000,3287.4000,1,1,1,5,2,2,1,3,1,2
SF,IH2012,2020-09-07 09:34:26.900,3284.4000,23428,0,407815860.000,0,-,-,-,-,3283.0000,3282.8000,3282.6000,3282.4000,3282.2000,3285.4000,3286.2000,3287.0000,3287.2000,3287.4000,1,2,1,1,1,2,1,3,1,2
SF,IH2012,2020-09-07 09:34:27.400,3284.4000,23428,0,407815860.000,0,-,-,-,-,3283.0000,3282.8000,3281.8000,3280.8000,3279.6000,3283.6000,3284.4000,3284.8000,3285.0000,3285.2000,1,1,1,1,1,3,1,1,4,2
SF,IH2012,2020-09-07 09:34:27.900,3283.6000,23427,-1,409786020.000,2,0,2,多平,S,3283.2000,3282.8000,3281.8000,3280.8000,3279.6000,3284.8000,3285.0000,3285.2000,3285.4000,3286.2000,1,1,1,1,1,1,2,1,1,1
SF,IH2012,2020-09-07 09:34:28.400,3283.2000,23426,-1,410770980.000,1,0,1,双平,S,3282.8000,3281.8000,3280.8000,3279.6000,3276.2000,3283.4000,3284.2000,3284.4000,3284.6000,3284.8000,1,1,1,1,1,1,2,2,6,1
SF,IH2012,2020-09-07 09:34:28.900,3283.4000,23425,-1,411756000.000,1,0,1,双平,S,3283.4000,3283.0000,3281.8000,3280.8000,3279.6000,3284.6000,3285.2000,3286.0000,3286.2000,3286.4000,1,1,1,1,1,2,1,1,1,1
SF,IH2012,2020-09-07 09:34:29.400,3283.4000,23424,-1,412741020.000,1,0,1,双平,S,3283.0000,3281.8000,3280.8000,3279.6000,3276.2000,3284.4000,3284.6000,3285.2000,3286.0000,3286.2000,1,1,1,1,1,1,2,1,1,1
