市场代码,合约代码,时间,最新,持仓,增仓,成交额,成交量,开仓,平仓,成交类型,方向,买一价,买二价,买三价,买四价,买五价,卖一价,卖二价,卖三价,卖四价,卖五价,买一量,买二量,买三量,买四量,买五量,卖一量,卖二量,卖三量,卖四量,卖五量
SF,IH2012,2020-06-02 09:29:00.000,2730.0000,4290,0,2457000.000,3.000,-,-,-,-,2730.0000,2726.6000,2720.8000,2720.2000,2720.0000,2732.2000,2734.0000,2734.2000,2738.0000,2740.2000,5,1,1,1,1,1,1,3,2,1
SF,IH2012,2020-06-02 09:30:00.500,2730.0000,4295,5,7371000.000,6,5,1,空开,S,2726.6000,2720.8000,2720.2000,2720.0000,2719.4000,2729.0000,2729.4000,2729.6000,2730.0000,2731.8000,1,1,1,1,1,1,3,15,3,5
SF,IH2012,2020-06-02 09:30:01.000,2726.8000,4293,-2,9007080.000,2,0,2,双平,S,2720.2000,2720.0000,2717.0000,2715.8000,2710.2000,2728.6000,2729.0000,2729.4000,2729.6000,2730.0000,1,1,1,2,1,1,1,1,6,3
SF,IH2012,2020-06-02 09:30:01.500,2726.8000,4293,0,9007080.000,0,-,-,-,-,2720.8000,2720.6000,2720.4000,2720.2000,2720.0000,2728.0000,2728.4000,2728.6000,2729.0000,2729.4000,5,4,3,1,1,1,1,1,1,1
SF,IH2012,2020-06-02 09:30:02.000,2726.8000,4293,0,9007080.000,0,-,-,-,-,2721.2000,2721.0000,2720.4000,2720.2000,2720.0000,2727.8000,2728.0000,2729.0000,2729.4000,2730.0000,3,3,1,1,1,1,1,1,1,3
SF,IH2012,2020-06-02 09:30:02.500,2726.8000,4293,0,9007080.000,0,-,-,-,-,2721.4000,2721.2000,2721.0000,2720.4000,2720.2000,2727.8000,2728.0000,2729.0000,2729.4000,2730.0000,4,4,1,1,1,1,1,1,1,3
SF,IH2012,2020-06-02 09:30:03.000,2726.8000,4293,0,9007080.000,0,-,-,-,-,2721.8000,2721.4000,2721.0000,2720.4000,2720.2000,2727.8000,2728.0000,2729.0000,2730.0000,2732.6000,4,4,1,1,1,1,1,1,2,1
SF,IH2012,2020-06-02 09:30:03.500,2726.8000,4293,0,9007080.000,0,-,-,-,-,2722.0000,2721.8000,2721.4000,2721.0000,2720.4000,2727.8000,2728.0000,2729.0000,2730.0000,2732.6000,9,4,2,1,1,1,1,1,2,1
SF,IH2012,2020-06-02 09:30:04.000,2726.8000,4293,0,9007080.000,0,-,-,-,-,2722.4000,2722.2000,2722.0000,2721.4000,2721.0000,2727.8000,2728.0000,2730.0000,2732.6000,2732.8000,4,1,9,2,1,1,1,2,1,1
SF,IH2012,2020-06-02 09:30:04.500,2726.8000,4293,0,9007080.000,0,-,-,-,-,2722.6000,2722.4000,2722.2000,2722.0000,2721.4000,2727.8000,2728.0000,2728.8000,2730.0000,2732.6000,9,4,1,2,2,1,1,1,2,1
SF,IH2012,2020-06-02 09:30:05.000,2726.8000,4293,0,9007080.000,0,-,-,-,-,2723.0000,2722.6000,2722.2000,2722.0000,2721.4000,2727.8000,2728.0000,2728.8000,2730.0000,2732.6000,4,9,1,2,2,1,1,1,2,1
SF,IH2012,2020-06-02 09:30:05.500,2726.8000,4293,0,9007080.000,0,-,-,-,-,2723.2000,2723.0000,2722.6000,2722.2000,2722.0000,2727.8000,2728.0000,2728.8000,2732.6000,2736.0000,8,4,2,1,2,1,1,1,1,5
SF,IH2012,2020-06-02 09:30:06.000,2726.8000,4293,0,9007080.000,0,-,-,-,-,2723.6000,2723.2000,2722.6000,2722.2000,2722.0000,2727.8000,2728.0000,2728.8000,2732.6000,2736.0000,4,8,2,1,2,1,1,1,1,5
SF,IH2012,2020-06-02 09:30:06.500,2726.8000,4293,0,9007080.000,0,-,-,-,-,2723.8000,2723.6000,2723.2000,2722.6000,2722.2000,2727.8000,2728.0000,2728.8000,2732.6000,2736.0000,9,4,1,2,1,1,1,1,1,5
SF,IH2012,2020-06-02 09:30:07.000,2726.8000,4293,0,9007080.000,0,-,-,-,-,2724.2000,2723.8000,2723.2000,2722.6000,2722.0000,2727.8000,2728.0000,2728.8000,2732.6000,2736.0000,4,9,1,2,2,1,1,1,1,5
SF,IH2012,2020-06-02 09:30:07.500,2727.8000,4292,-1,9825420.000,1,0,1,双平,S,2724.4000,2724.2000,2723.8000,2723.2000,2722.6000,2728.0000,2728.8000,2732.6000,2736.0000,2738.0000,10,4,2,1,2,1,1,1,5,2
SF,IH2012,2020-06-02 09:30:08.000,2727.8000,4292,0,9825420.000,0,-,-,-,-,2724.8000,2724.6000,2724.4000,2723.8000,2723.2000,2728.0000,2728.8000,2732.0000,2732.6000,2736.0000,4,1,9,2,1,1,1,1,1,5
SF,IH2012,2020-06-02 09:30:08.500,2727.8000,4292,0,9825420.000,0,-,-,-,-,2725.0000,2724.8000,2724.4000,2723.8000,2723.2000,2728.8000,2732.0000,2732.6000,2736.0000,2738.0000,8,4,3,2,1,1,1,1,5,2
SF,IH2012,2020-06-02 09:30:09.000,2727.8000,4292,0,9825420.000,0,-,-,-,-,2725.4000,2725.0000,2724.6000,2724.4000,2723.8000,2728.8000,2732.0000,2732.6000,2736.0000,2738.0000,4,7,5,3,2,1,1,1,5,2
SF,IH2012,2020-06-02 09:30:09.500,2727.8000,4292,0,9825420.000,0,-,-,-,-,2725.6000,2725.4000,2725.0000,2724.6000,2724.4000,2728.8000,2732.0000,2732.6000,2736.0000,2738.0000,7,4,1,5,3,1,1,1,5,2
SF,IH2012,2020-06-02 09:30:10.000,2727.8000,4292,0,9825420.000,0,-,-,-,-,2726.0000,2725.8000,2725.6000,2725.0000,2724.6000,2728.8000,2732.0000,2732.6000,2738.0000,2739.0000,4,2,7,1,5,1,1,1,2,1
SF,IH2012,2020-06-02 09:30:10.500,2728.8000,4292,0,10644060.000,1,0,1,多换,S,2726.2000,2726.0000,2725.8000,2725.6000,2725.0000,2732.0000,2732.6000,2738.0000,2739.0000,2739.8000,8,4,2,1,1,1,1,2,1,5
SF,IH2012,2020-06-02 09:30:11.000,2728.8000,4292,0,10644060.000,0,-,-,-,-,2726.6000,2726.2000,2725.8000,2725.6000,2725.0000,2732.0000,2732.6000,2738.0000,2739.0000,2739.8000,4,8,1,1,1,1,1,2,1,5
SF,IH2012,2020-06-02 09:30:11.500,2728.8000,4292,0,10644060.000,0,-,-,-,-,2726.8000,2726.6000,2726.2000,2725.8000,2725.6000,2728.8000,2732.0000,2732.6000,2738.0000,2739.0000,7,4,2,1,1,1,1,1,2,1
SF,IH2012,2020-06-02 09:30:12.000,2728.8000,4291,-1,11462700.000,1,0,1,双平,S,2728.8000,2727.2000,2726.8000,2726.2000,2725.8000,2732.0000,2732.6000,2738.0000,2739.0000,2739.8000,1,4,7,2,1,2,1,2,1,5
SF,IH2012,2020-06-02 09:30:12.500,2728.8000,4291,0,13918620.000,3,1,2,多换,S,2729.0000,2728.8000,2727.2000,2726.8000,2726.2000,2731.8000,2732.0000,2732.6000,2738.0000,2739.0000,2,1,4,2,2,1,2,1,2,1
SF,IH2012,2020-06-02 09:30:13.000,2728.8000,4291,0,13918620.000,0,-,-,-,-,2729.0000,2728.8000,2727.2000,2726.8000,2726.2000,2731.8000,2732.0000,2732.6000,2738.0000,2739.0000,2,1,4,1,2,1,2,1,2,1
SF,IH2012,2020-06-02 09:30:13.500,2728.8000,4290,-1,16374660.000,3,1,2,多平,S,2726.8000,2725.8000,2725.6000,2725.0000,2724.6000,2731.4000,2731.8000,2732.0000,2732.6000,2738.0000,1,1,1,1,5,1,1,2,1,2
SF,IH2012,2020-06-02 09:30:14.000,2728.8000,4290,0,16374660.000,0,-,-,-,-,2725.8000,2725.6000,2725.0000,2724.6000,2724.4000,2731.4000,2731.8000,2732.0000,2732.6000,2738.0000,1,1,1,5,2,1,1,2,1,2
SF,IH2012,2020-06-02 09:30:14.500,2728.8000,4290,0,16374660.000,0,-,-,-,-,2726.2000,2726.0000,2725.6000,2725.0000,2724.6000,2731.4000,2731.8000,2732.0000,2732.6000,2738.0000,4,1,1,1,5,1,1,2,1,2
SF,IH2012,2020-06-02 09:30:15.000,2728.8000,4290,0,16374660.000,0,-,-,-,-,2726.4000,2726.2000,2726.0000,2725.6000,2725.0000,2731.8000,2732.0000,2732.6000,2738.0000,2739.0000,1,4,1,1,1,1,2,1,2,1
SF,IH2012,2020-06-02 09:30:15.500,2728.8000,4290,0,16374660.000,0,-,-,-,-,2726.8000,2726.4000,2726.0000,2725.6000,2725.0000,2731.8000,2732.0000,2732.6000,2738.0000,2739.0000,4,1,1,1,1,1,2,1,2,1
SF,IH2012,2020-06-02 09:30:16.000,2728.8000,4290,0,16374660.000,0,-,-,-,-,2726.8000,2726.4000,2726.0000,2725.6000,2725.0000,2731.8000,2732.0000,2732.6000,2738.0000,2739.0000,5,1,1,1,1,1,2,1,2,1
SF,IH2012,2020-06-02 09:30:16.500,2728.8000,4290,0,16374660.000,0,-,-,-,-,2727.0000,2726.8000,2726.4000,2726.0000,2725.6000,2731.8000,2732.0000,2732.6000,2738.0000,2739.0000,1,5,1,1,1,1,2,1,2,1
SF,IH2012,2020-06-02 09:30:17.000,2728.8000,4290,0,16374660.000,0,-,-,-,-,2727.4000,2727.0000,2726.4000,2726.0000,2725.6000,2731.8000,2732.0000,2732.6000,2738.0000,2739.0000,4,1,1,1,1,1,2,1,2,1
SF,IH2012,2020-06-02 09:30:17.500,2728.8000,4290,0,16374660.000,0,-,-,-,-,2727.4000,2726.4000,2726.0000,2725.6000,2725.0000,2731.8000,2732.0000,2732.6000,2738.0000,2739.0000,5,1,1,1,1,1,2,1,2,1
SF,IH2012,2020-06-02 09:30:19.000,2728.8000,4290,0,16374660.000,0,-,-,-,-,2727.6000,2727.4000,2726.4000,2726.0000,2725.6000,2731.8000,2732.0000,2732.6000,2738.0000,2739.0000,1,5,1,1,1,1,2,1,2,1
SF,IH2012,2020-06-02 09:30:19.500,2728.8000,4290,0,16374660.000,0,-,-,-,-,2728.0000,2727.6000,2726.4000,2726.0000,2725.6000,2731.8000,2732.0000,2732.6000,2738.0000,2739.0000,4,1,1,1,1,1,2,1,2,1
SF,IH2012,2020-06-02 09:30:20.000,2728.8000,4290,0,16374660.000,0,-,-,-,-,2728.0000,2726.4000,2726.0000,2725.6000,2725.0000,2731.8000,2732.0000,2732.6000,2738.0000,2739.0000,5,1,1,1,1,1,2,1,2,1
SF,IH2012,2020-06-02 09:30:21.000,2728.8000,4290,0,16374660.000,0,-,-,-,-,2731.8000,2728.0000,2726.4000,2726.0000,2725.6000,2732.0000,2732.6000,2738.0000,2739.0000,2739.8000,2,5,1,1,1,2,1,2,1,5
SF,IH2012,2020-06-02 09:30:21.500,2731.8000,4289,-1,18833280.000,3,1,2,多平,S,2728.0000,2726.4000,2726.0000,2725.6000,2725.0000,2732.0000,2732.6000,2738.0000,2739.0000,2739.8000,4,1,1,1,1,2,1,2,1,5
SF,IH2012,2020-06-02 09:30:22.000,2731.8000,4289,0,18833280.000,0,-,-,-,-,2728.2000,2728.0000,2726.4000,2726.0000,2725.6000,2732.0000,2732.6000,2738.0000,2739.0000,2739.8000,1,4,1,1,1,2,1,2,1,5
SF,IH2012,2020-06-02 09:30:22.500,2731.8000,4289,0,18833280.000,0,-,-,-,-,2728.6000,2728.2000,2726.4000,2726.0000,2725.6000,2732.0000,2732.6000,2738.0000,2739.0000,2739.8000,4,1,1,1,1,2,1,2,1,5
SF,IH2012,2020-06-02 09:30:25.500,2731.8000,4289,0,18833280.000,0,-,-,-,-,2728.6000,2728.2000,2726.4000,2726.0000,2725.6000,2732.0000,2732.6000,2734.8000,2738.0000,2739.0000,4,1,1,1,1,2,1,1,2,1
SF,IH2012,2020-06-02 09:30:26.000,2731.8000,4289,0,18833280.000,0,-,-,-,-,2728.6000,2726.4000,2726.0000,2725.6000,2725.0000,2732.0000,2732.6000,2734.8000,2738.0000,2739.0000,4,1,1,1,1,2,1,1,2,1
SF,IH2012,2020-06-02 09:30:26.500,2731.8000,4289,0,18833280.000,0,-,-,-,-,2728.6000,2726.4000,2726.0000,2725.6000,2725.0000,2732.0000,2732.6000,2734.8000,2738.0000,2739.0000,4,1,1,1,1,2,1,1,2,1
SF,IH2012,2020-06-02 09:30:27.000,2731.8000,4289,0,18833280.000,0,-,-,-,-,2728.6000,2726.4000,2726.0000,2725.6000,2725.0000,2732.0000,2732.6000,2734.8000,2738.0000,2739.0000,4,1,1,1,1,2,1,1,2,1
SF,IH2012,2020-06-02 09:30:28.000,2731.8000,4289,0,18833280.000,0,-,-,-,-,2728.6000,2726.4000,2726.0000,2725.6000,2725.0000,2732.0000,2732.6000,2734.8000,2738.0000,2739.0000,4,1,1,1,1,2,1,1,2,1
SF,IH2012,2020-06-02 09:30:28.500,2731.8000,4289,0,18833280.000,0,-,-,-,-,2728.8000,2728.6000,2726.4000,2726.0000,2725.6000,2732.0000,2732.6000,2734.8000,2738.0000,2739.0000,2,4,1,1,1,2,1,1,2,1
SF,IH2012,2020-06-02 09:30:29.000,2731.8000,4289,0,18833280.000,0,-,-,-,-,2729.2000,2728.8000,2726.4000,2726.0000,2725.6000,2732.0000,2732.6000,2734.8000,2738.0000,2739.0000,4,2,1,1,1,2,1,1,2,1
SF,IH2012,2020-06-02 09:30:29.500,2731.8000,4289,0,18833280.000,0,-,-,-,-,2731.8000,2729.2000,2726.4000,2726.0000,2725.6000,2732.0000,2732.6000,2734.8000,2738.0000,2739.0000,3,4,1,1,1,2,1,1,2,1
SF,IH2012,2020-06-02 09:30:30.000,2731.8000,4289,0,21291900.000,3,1,2,多换,S,2729.2000,2726.4000,2726.0000,2725.6000,2725.0000,2732.0000,2732.6000,2734.8000,2738.0000,2739.0000,4,1,1,1,1,2,1,1,2,1
SF,IH2012,2020-06-02 09:30:31.000,2731.8000,4289,0,21291900.000,0,-,-,-,-,2729.4000,2729.2000,2726.4000,2726.0000,2725.6000,2732.0000,2732.6000,2734.8000,2738.0000,2739.0000,1,4,1,1,1,2,1,1,2,1
SF,IH2012,2020-06-02 09:30:31.500,2731.8000,4289,0,21291900.000,0,-,-,-,-,2729.8000,2729.4000,2726.4000,2726.0000,2725.6000,2732.0000,2732.6000,2734.8000,2738.0000,2739.0000,4,1,1,1,1,2,1,1,2,1
SF,IH2012,2020-06-02 09:30:32.000,2732.0000,4287,-2,22931100.000,2,0,2,双平,S,2732.0000,2729.8000,2729.4000,2726.4000,2726.0000,2732.6000,2734.8000,2738.0000,2739.0000,2740.0000,1,4,1,1,1,1,1,2,1,1
SF,IH2012,2020-06-02 09:30:32.500,2732.0000,4286,-1,24570480.000,2,0,2,多平,S,2729.8000,2726.4000,2726.0000,2725.6000,2725.0000,2734.8000,2738.0000,2739.0000,2740.0000,2740.2000,4,1,1,1,1,1,2,1,1,1
SF,IH2012,2020-06-02 09:30:33.000,2732.0000,4286,0,24570480.000,0,-,-,-,-,2729.8000,2726.4000,2726.0000,2725.6000,2725.0000,2734.8000,2738.0000,2739.0000,2740.0000,2740.2000,4,1,1,1,1,2,2,1,1,1
SF,IH2012,2020-06-02 09:30:33.500,2732.0000,4286,0,24570480.000,0,-,-,-,-,2729.8000,2726.4000,2726.0000,2725.6000,2725.0000,2734.8000,2738.0000,2739.0000,2740.0000,2740.2000,5,1,1,1,1,2,2,1,1,1
SF,IH2012,2020-06-02 09:30:34.000,2732.0000,4286,0,24570480.000,0,-,-,-,-,2730.0000,2729.8000,2726.4000,2726.0000,2725.6000,2734.8000,2738.0000,2739.0000,2740.0000,2740.2000,1,5,1,1,1,1,2,1,1,1
SF,IH2012,2020-06-02 09:30:34.500,2732.0000,4286,0,24570480.000,0,-,-,-,-,2730.4000,2730.0000,2726.4000,2726.0000,2725.6000,2734.8000,2738.0000,2739.0000,2740.0000,2740.2000,5,1,1,1,1,1,2,1,1,1
SF,IH2012,2020-06-02 09:30:35.000,2732.0000,4286,0,24570480.000,0,-,-,-,-,2730.4000,2726.4000,2726.0000,2725.6000,2725.0000,2734.6000,2734.8000,2738.0000,2739.0000,2740.0000,5,1,1,1,1,1,1,2,1,1
SF,IH2012,2020-06-02 09:30:36.000,2732.0000,4286,0,24570480.000,0,-,-,-,-,2726.4000,2726.0000,2725.6000,2725.0000,2724.6000,2734.6000,2734.8000,2738.0000,2739.0000,2740.0000,1,1,1,1,5,1,1,2,1,1
SF,IH2012,2020-06-02 09:30:36.500,2732.0000,4286,0,24570480.000,0,-,-,-,-,2726.8000,2726.6000,2726.4000,2726.0000,2725.6000,2734.2000,2734.8000,2738.0000,2739.0000,2740.0000,5,4,1,1,1,1,1,2,1,1
SF,IH2012,2020-06-02 09:30:37.000,2732.0000,4286,0,24570480.000,0,-,-,-,-,2727.0000,2726.8000,2726.6000,2726.4000,2726.0000,2734.2000,2734.8000,2738.0000,2739.0000,2740.0000,2,5,4,1,1,1,1,2,1,1
SF,IH2012,2020-06-02 09:30:37.500,2732.0000,4286,0,24570480.000,0,-,-,-,-,2727.4000,2727.0000,2726.6000,2726.4000,2726.0000,2734.0000,2734.2000,2734.8000,2738.0000,2739.0000,5,2,2,1,1,1,1,1,2,1
SF,IH2012,2020-06-02 09:30:38.000,2732.0000,4286,0,24570480.000,0,-,-,-,-,2727.6000,2727.4000,2727.0000,2726.6000,2726.4000,2733.6000,2734.0000,2734.8000,2738.0000,2739.0000,1,5,2,2,1,1,1,1,2,1
SF,IH2012,2020-06-02 09:30:38.500,2732.0000,4286,0,24570480.000,0,-,-,-,-,2728.2000,2728.0000,2727.6000,2727.0000,2726.6000,2733.4000,2733.6000,2734.0000,2734.8000,2738.0000,1,5,1,2,2,1,1,1,1,2
SF,IH2012,2020-06-02 09:30:39.000,2732.0000,4286,0,24570480.000,0,-,-,-,-,2728.6000,2727.6000,2727.0000,2726.6000,2726.4000,2733.4000,2733.6000,2734.0000,2734.8000,2738.0000,5,1,2,2,1,1,1,1,1,2
SF,IH2012,2020-06-02 09:30:41.500,2732.0000,4286,0,24570480.000,0,-,-,-,-,2729.2000,2728.6000,2727.6000,2727.0000,2726.6000,2731.0000,2733.4000,2733.6000,2734.0000,2734.8000,1,5,1,2,2,1,1,1,1,1
SF,IH2012,2020-06-02 09:30:42.000,2731.0000,4286,0,25389780.000,1,0,1,多换,S,2731.0000,2729.2000,2728.6000,2727.6000,2727.0000,2733.0000,2733.6000,2734.8000,2738.0000,2739.0000,1,1,5,1,2,1,1,1,2,1
SF,IH2012,2020-06-02 09:30:42.500,2731.0000,4286,0,25389780.000,0,-,-,-,-,2731.0000,2728.6000,2727.6000,2727.0000,2726.6000,2733.0000,2733.6000,2734.8000,2736.8000,2738.0000,1,5,1,2,2,1,1,1,1,2
SF,IH2012,2020-06-02 09:30:43.000,2731.0000,4286,0,25389780.000,0,-,-,-,-,2731.0000,2727.6000,2727.0000,2726.6000,2726.4000,2732.8000,2733.0000,2733.6000,2734.8000,2736.8000,1,1,2,2,1,1,1,1,1,1
SF,IH2012,2020-06-02 09:30:43.500,2731.0000,4286,0,25389780.000,0,-,-,-,-,2727.6000,2727.0000,2726.6000,2726.4000,2726.0000,2732.8000,2733.0000,2733.6000,2734.8000,2736.8000,1,2,2,1,1,1,1,1,1,1
SF,IH2012,2020-06-02 09:30:44.000,2731.0000,4286,0,25389780.000,0,-,-,-,-,2728.0000,2727.8000,2727.6000,2727.0000,2726.6000,2732.8000,2733.0000,2733.6000,2734.8000,2736.8000,5,1,1,2,2,1,1,1,1,1
SF,IH2012,2020-06-02 09:30:44.500,2731.0000,4286,0,25389780.000,0,-,-,-,-,2728.0000,2727.6000,2727.0000,2726.6000,2726.4000,2732.6000,2732.8000,2733.0000,2734.8000,2736.8000,5,1,2,2,1,1,1,1,1,1
SF,IH2012,2020-06-02 09:30:45.000,2731.0000,4286,0,25389780.000,0,-,-,-,-,2728.0000,2727.0000,2726.6000,2726.4000,2726.0000,2732.4000,2732.6000,2732.8000,2733.0000,2734.8000,5,2,2,1,1,2,1,1,1,1
SF,IH2012,2020-06-02 09:30:46.000,2731.0000,4286,0,25389780.000,0,-,-,-,-,2727.0000,2726.6000,2726.4000,2726.0000,2725.6000,2732.4000,2732.6000,2732.8000,2733.0000,2734.8000,2,2,1,1,1,1,1,1,1,1
SF,IH2012,2020-06-02 09:30:46.500,2731.0000,4286,0,25389780.000,0,-,-,-,-,2727.4000,2727.2000,2727.0000,2726.6000,2726.4000,2732.4000,2732.6000,2733.0000,2734.8000,2736.8000,5,1,1,2,1,1,1,1,1,1
SF,IH2012,2020-06-02 09:30:47.000,2731.0000,4286,0,25389780.000,0,-,-,-,-,2727.6000,2727.4000,2727.2000,2727.0000,2726.6000,2732.4000,2733.0000,2734.8000,2736.8000,2738.0000,1,5,1,1,2,1,1,1,1,3
SF,IH2012,2020-06-02 09:30:47.500,2731.0000,4286,0,25389780.000,0,-,-,-,-,2728.0000,2727.6000,2727.2000,2727.0000,2726.6000,2732.4000,2733.0000,2734.8000,2736.8000,2738.0000,5,1,1,1,2,1,1,1,1,3
SF,IH2012,2020-06-02 09:30:48.000,2731.0000,4286,0,25389780.000,0,-,-,-,-,2728.2000,2728.0000,2727.6000,2727.2000,2727.0000,2732.2000,2732.4000,2733.0000,2734.8000,2736.8000,1,5,1,1,1,1,1,1,1,1
SF,IH2012,2020-06-02 09:30:48.500,2731.0000,4286,0,25389780.000,0,-,-,-,-,2728.2000,2728.0000,2727.6000,2727.2000,2727.0000,2732.0000,2732.2000,2732.4000,2733.0000,2734.8000,1,5,1,1,1,1,1,1,1,1
SF,IH2012,2020-06-02 09:30:49.000,2731.0000,4286,0,25389780.000,0,-,-,-,-,2727.2000,2727.0000,2726.6000,2726.4000,2726.0000,2732.0000,2732.2000,2732.4000,2734.8000,2736.8000,1,2,2,1,1,1,1,1,1,1
SF,IH2012,2020-06-02 09:30:49.500,2731.0000,4286,0,25389780.000,0,-,-,-,-,2727.6000,2727.2000,2727.0000,2726.6000,2726.4000,2732.0000,2732.2000,2732.4000,2734.8000,2736.8000,5,1,2,2,1,1,1,1,1,1
SF,IH2012,2020-06-02 09:30:50.500,2731.0000,4286,0,25389780.000,0,-,-,-,-,2728.2000,2727.6000,2727.0000,2726.6000,2726.4000,2732.0000,2732.2000,2732.4000,2734.8000,2736.8000,1,5,2,2,1,1,1,1,1,1
SF,IH2012,2020-06-02 09:30:52.000,2731.0000,4286,0,25389780.000,0,-,-,-,-,2728.2000,2727.6000,2727.0000,2726.6000,2726.4000,2732.0000,2732.2000,2732.4000,2734.8000,2736.8000,1,5,2,2,1,2,1,1,1,1
SF,IH2012,2020-06-02 09:30:52.500,2731.0000,4286,0,25389780.000,0,-,-,-,-,2728.2000,2727.6000,2727.0000,2726.6000,2726.4000,2732.0000,2732.2000,2732.4000,2734.8000,2736.8000,2,5,2,2,1,2,1,1,1,1
SF,IH2012,2020-06-02 09:30:54.000,2731.0000,4286,0,25389780.000,0,-,-,-,-,2728.2000,2727.6000,2727.0000,2726.6000,2726.4000,2732.0000,2732.2000,2732.4000,2734.8000,2736.0000,1,5,1,2,1,2,1,1,1,5
SF,IH2012,2020-06-02 09:30:54.500,2731.0000,4286,0,25389780.000,0,-,-,-,-,2728.4000,2728.2000,2727.6000,2727.0000,2726.6000,2732.0000,2732.2000,2732.4000,2734.8000,2736.0000,1,1,5,1,2,2,1,1,1,5
SF,IH2012,2020-06-02 09:30:55.000,2732.0000,4286,0,26209380.000,1,0,1,多换,S,2728.4000,2728.2000,2727.0000,2726.6000,2726.4000,2732.0000,2732.2000,2732.4000,2734.8000,2736.0000,1,1,1,2,1,1,1,1,1,5
SF,IH2012,2020-06-02 09:30:55.500,2732.0000,4286,0,26209380.000,0,-,-,-,-,2728.4000,2727.0000,2726.6000,2726.4000,2726.0000,2732.0000,2732.2000,2732.4000,2734.8000,2736.0000,1,1,2,1,1,1,1,1,1,5
SF,IH2012,2020-06-02 09:30:56.000,2732.0000,4286,0,26209380.000,0,-,-,-,-,2728.4000,2727.0000,2726.6000,2726.4000,2726.0000,2731.8000,2732.0000,2732.2000,2732.4000,2734.8000,1,1,2,1,1,1,1,1,1,1
SF,IH2012,2020-06-02 09:30:56.500,2732.0000,4286,0,26209380.000,0,-,-,-,-,2728.4000,2727.0000,2726.6000,2726.4000,2726.0000,2732.0000,2732.2000,2732.4000,2734.8000,2736.0000,1,1,2,1,2,1,1,1,1,5
SF,IH2012,2020-06-02 09:31:00.000,2732.0000,4286,0,26209380.000,0,-,-,-,-,2728.6000,2728.4000,2727.0000,2726.0000,2725.6000,2731.6000,2732.0000,2732.2000,2732.4000,2734.8000,1,1,1,2,1,1,1,1,1,1
SF,IH2012,2020-06-02 09:31:00.500,2732.0000,4286,0,26209380.000,0,-,-,-,-,2728.6000,2728.4000,2727.0000,2726.0000,2725.6000,2732.0000,2732.2000,2732.4000,2734.8000,2736.0000,1,1,1,2,1,1,1,1,1,5
SF,IH2012,2020-06-02 09:31:01.000,2732.0000,4286,0,26209380.000,0,-,-,-,-,2728.8000,2728.6000,2728.4000,2727.0000,2726.0000,2731.8000,2732.0000,2732.2000,2732.4000,2734.8000,1,1,1,1,2,1,1,1,1,1
SF,IH2012,2020-06-02 09:31:01.500,2732.0000,4286,0,26209380.000,0,-,-,-,-,2728.8000,2728.6000,2728.4000,2727.0000,2726.0000,2731.8000,2732.0000,2732.2000,2732.4000,2734.8000,1,1,1,1,2,2,1,1,1,1
SF,IH2012,2020-06-02 09:31:02.500,2732.0000,4286,0,26209380.000,0,-,-,-,-,2728.8000,2728.6000,2728.4000,2727.0000,2726.0000,2731.6000,2731.8000,2732.0000,2732.2000,2732.4000,1,1,1,1,2,1,2,1,1,1
SF,IH2012,2020-06-02 09:31:03.000,2732.0000,4286,0,26209380.000,0,-,-,-,-,2728.6000,2728.4000,2727.0000,2726.0000,2725.6000,2731.4000,2731.6000,2731.8000,2732.2000,2732.4000,1,1,1,2,1,1,1,1,1,2
SF,IH2012,2020-06-02 09:31:03.500,2732.0000,4286,0,26209380.000,0,-,-,-,-,2728.6000,2728.4000,2727.0000,2726.0000,2725.0000,2731.2000,2731.4000,2731.8000,2732.2000,2732.4000,1,1,1,1,1,1,1,1,1,2
SF,IH2012,2020-06-02 09:31:04.000,2728.6000,4285,-1,27027960.000,1,0,1,双平,S,2728.4000,2727.0000,2726.0000,2725.0000,2724.4000,2731.0000,2731.2000,2731.8000,2732.2000,2732.4000,1,1,1,1,2,1,1,1,1,2
SF,IH2012,2020-06-02 09:31:04.500,2728.6000,4285,0,27027960.000,0,-,-,-,-,2728.4000,2727.0000,2726.0000,2725.0000,2724.4000,2730.6000,2731.0000,2731.8000,2732.2000,2732.4000,1,1,1,1,2,1,1,1,1,2
SF,IH2012,2020-06-02 09:31:05.000,2728.6000,4285,0,27027960.000,0,-,-,-,-,2728.6000,2728.4000,2727.0000,2726.0000,2725.0000,2730.4000,2730.6000,2731.8000,2732.2000,2732.4000,1,1,1,1,1,1,1,1,1,2
SF,IH2012,2020-06-02 09:31:05.500,2728.6000,4285,0,27027960.000,0,-,-,-,-,2728.4000,2727.0000,2726.0000,2725.0000,2724.4000,2730.4000,2730.6000,2731.8000,2732.2000,2732.4000,1,1,1,1,2,1,1,1,1,2
SF,IH2012,2020-06-02 09:31:06.000,2728.6000,4285,0,27027960.000,0,-,-,-,-,2728.4000,2727.0000,2726.0000,2725.0000,2724.4000,2730.0000,2730.4000,2731.8000,2732.2000,2732.4000,1,1,1,1,2,1,1,1,1,2
SF,IH2012,2020-06-02 09:31:06.500,2728.6000,4285,0,27027960.000,0,-,-,-,-,2728.4000,2727.0000,2726.0000,2724.4000,2723.8000,2729.8000,2730.0000,2731.8000,2732.2000,2732.4000,1,1,1,2,2,1,2,1,1,2
SF,IH2012,2020-06-02 09:31:07.000,2728.6000,4285,0,27027960.000,0,-,-,-,-,2727.0000,2726.0000,2724.4000,2723.8000,2723.2000,2729.8000,2730.0000,2731.8000,2732.2000,2732.4000,1,1,2,2,1,1,1,1,1,2
SF,IH2012,2020-06-02 09:31:07.500,2728.6000,4285,0,27027960.000,0,-,-,-,-,2727.2000,2727.0000,2726.0000,2724.4000,2723.8000,2729.8000,2730.0000,2731.8000,2732.2000,2732.4000,1,1,1,2,2,1,1,1,1,1
SF,IH2012,2020-06-02 09:31:08.000,2728.6000,4285,0,27027960.000,0,-,-,-,-,2727.4000,2727.2000,2727.0000,2726.0000,2724.4000,2729.8000,2730.0000,2731.8000,2732.2000,2732.4000,1,1,1,1,2,1,1,1,1,1
SF,IH2012,2020-06-02 09:31:08.500,2728.6000,4285,0,27027960.000,0,-,-,-,-,2727.6000,2727.4000,2727.0000,2726.0000,2724.4000,2729.8000,2730.0000,2731.8000,2732.2000,2732.4000,1,1,1,1,2,1,1,1,1,1
SF,IH2012,2020-06-02 09:31:09.000,2728.6000,4285,0,27027960.000,0,-,-,-,-,2727.8000,2727.6000,2727.4000,2727.0000,2726.0000,2729.8000,2730.0000,2731.8000,2732.2000,2732.4000,1,1,1,1,1,1,1,1,1,1
SF,IH2012,2020-06-02 09:31:09.500,2728.6000,4285,0,27027960.000,0,-,-,-,-,2728.0000,2727.8000,2727.4000,2727.0000,2726.0000,2729.8000,2731.8000,2732.2000,2732.4000,2732.6000,1,1,1,1,1,1,1,1,1,1
SF,IH2012,2020-06-02 09:31:10.000,2728.6000,4285,0,27027960.000,0,-,-,-,-,2728.2000,2728.0000,2727.8000,2727.4000,2727.0000,2729.8000,2731.8000,2732.2000,2732.4000,2732.6000,1,1,1,1,1,1,1,1,1,1
SF,IH2012,2020-06-02 09:31:10.500,2728.6000,4285,0,27027960.000,0,-,-,-,-,2728.4000,2728.2000,2727.8000,2727.0000,2726.0000,2729.8000,2731.8000,2732.2000,2732.4000,2732.6000,1,1,1,1,1,1,1,1,1,1
SF,IH2012,2020-06-02 09:31:12.000,2728.6000,4285,0,27027960.000,0,-,-,-,-,2728.4000,2728.2000,2727.8000,2727.0000,2726.0000,2729.8000,2731.8000,2732.2000,2732.4000,2732.6000,1,1,1,1,1,1,1,1,1,1
SF,IH2012,2020-06-02 09:31:13.500,2728.6000,4285,0,27027960.000,0,-,-,-,-,2728.6000,2728.4000,2728.2000,2727.8000,2727.0000,2729.8000,2731.8000,2732.2000,2732.4000,2732.6000,1,1,1,1,1,1,1,1,1,1
SF,IH2012,2020-06-02 09:31:14.000,2728.6000,4285,0,27027960.000,0,-,-,-,-,2728.8000,2728.6000,2728.2000,2727.8000,2727.0000,2731.8000,2732.2000,2732.4000,2732.6000,2734.0000,1,1,1,1,1,1,1,1,1,1
SF,IH2012,2020-06-02 09:31:14.500,2728.6000,4285,0,27027960.000,0,-,-,-,-,2729.8000,2729.0000,2728.8000,2728.6000,2728.2000,2731.6000,2731.8000,2732.2000,2732.4000,2732.6000,1,1,1,1,1,2,1,1,1,1
SF,IH2012,2020-06-02 09:31:15.000,2728.6000,4285,0,27027960.000,0,-,-,-,-,2729.8000,2729.0000,2728.8000,2728.2000,2727.8000,2731.6000,2731.8000,2732.2000,2732.4000,2732.6000,1,1,1,1,1,1,1,1,1,1
SF,IH2012,2020-06-02 09:31:15.500,2728.6000,4285,0,27027960.000,0,-,-,-,-,2729.8000,2729.0000,2728.8000,2728.2000,2727.0000,2731.6000,2731.8000,2732.2000,2732.4000,2732.6000,1,1,1,1,1,1,1,1,1,1
SF,IH2012,2020-06-02 09:31:16.000,2728.6000,4285,0,27027960.000,0,-,-,-,-,2729.8000,2729.0000,2728.8000,2727.8000,2727.0000,2731.6000,2731.8000,2732.2000,2732.4000,2732.6000,1,1,1,1,1,1,1,1,1,1
SF,IH2012,2020-06-02 09:31:16.500,2728.6000,4285,0,27027960.000,0,-,-,-,-,2730.0000,2729.8000,2727.8000,2727.0000,2726.0000,2731.6000,2731.8000,2732.2000,2732.4000,2732.6000,1,1,1,1,1,1,1,1,1,1
SF,IH2012,2020-06-02 09:31:18.000,2728.6000,4285,0,27027960.000,0,-,-,-,-,2730.0000,2729.8000,2728.6000,2727.8000,2727.0000,2731.6000,2732.2000,2732.4000,2732.6000,2734.0000,1,1,1,1,1,1,1,1,1,1
SF,IH2012,2020-06-02 09:31:18.500,2728.6000,4285,0,27027960.000,0,-,-,-,-,2730.0000,2729.8000,2728.6000,2727.8000,2727.0000,2731.4000,2731.6000,2732.2000,2732.4000,2732.6000,1,1,1,1,1,1,1,1,1,1
SF,IH2012,2020-06-02 09:31:20.000,2728.6000,4285,0,27027960.000,0,-,-,-,-,2730.0000,2729.8000,2728.6000,2727.8000,2727.0000,2731.4000,2731.6000,2732.2000,2732.4000,2732.6000,1,1,1,1,1,1,1,1,1,1
SF,IH2012,2020-06-02 09:31:21.000,2728.6000,4285,0,27027960.000,0,-,-,-,-,2731.0000,2730.0000,2729.8000,2728.6000,2727.8000,2731.4000,2731.6000,2732.2000,2732.4000,2732.6000,1,1,1,1,1,1,1,1,1,1
SF,IH2012,2020-06-02 09:31:21.500,2731.0000,4284,-1,27847260.000,1,0,1,双平,S,2730.0000,2729.8000,2728.6000,2727.6000,2727.0000,2731.4000,2731.6000,2732.2000,2732.4000,2732.6000,1,1,1,1,1,1,1,1,1,1
SF,IH2012,2020-06-02 09:31:22.000,2731.0000,4284,0,27847260.000,0,-,-,-,-,2730.0000,2729.8000,2728.6000,2728.4000,2727.6000,2731.4000,2731.6000,2732.2000,2732.4000,2732.6000,1,1,1,1,1,1,1,1,1,1
SF,IH2012,2020-06-02 09:31:22.500,2731.0000,4284,0,27847260.000,0,-,-,-,-,2730.0000,2729.8000,2728.6000,2728.4000,2727.6000,2731.6000,2732.2000,2732.4000,2732.6000,2734.0000,1,1,1,1,1,1,1,1,1,1
SF,IH2012,2020-06-02 09:31:24.000,2731.0000,4284,0,27847260.000,0,-,-,-,-,2730.0000,2729.8000,2728.6000,2728.4000,2727.6000,2730.6000,2731.6000,2732.2000,2732.4000,2732.6000,1,1,1,1,1,1,1,1,1,1
SF,IH2012,2020-06-02 09:31:24.500,2730.6000,4283,-1,28666440.000,1,0,1,双平,S,2730.6000,2730.0000,2729.8000,2728.6000,2728.4000,2731.6000,2732.2000,2732.4000,2732.6000,2734.0000,1,1,1,1,1,1,1,1,1,1
SF,IH2012,2020-06-02 09:31:25.000,2730.6000,4283,0,28666440.000,0,-,-,-,-,2730.6000,2729.8000,2728.6000,2728.4000,2727.6000,2731.4000,2731.6000,2732.2000,2732.4000,2732.6000,1,1,1,1,1,1,1,1,1,1
SF,IH2012,2020-06-02 09:31:26.500,2730.6000,4282,-1,29485620.000,1,0,1,双平,S,2729.8000,2728.6000,2728.4000,2727.6000,2727.0000,2730.6000,2731.4000,2731.6000,2732.2000,2732.4000,1,1,1,1,1,1,1,1,1,1
SF,IH2012,2020-06-02 09:31:27.000,2730.6000,4282,0,29485620.000,0,-,-,-,-,2729.8000,2728.6000,2728.4000,2727.6000,2727.0000,2730.6000,2731.6000,2732.2000,2732.4000,2732.6000,1,1,1,1,1,1,1,1,1,1
SF,IH2012,2020-06-02 09:31:27.500,2730.6000,4282,0,29485620.000,0,-,-,-,-,2729.8000,2728.6000,2728.4000,2727.6000,2727.0000,2730.6000,2731.6000,2732.2000,2732.4000,2732.6000,1,1,1,1,1,1,2,1,1,1
SF,IH2012,2020-06-02 09:31:28.000,2730.6000,4282,0,29485620.000,0,-,-,-,-,2729.8000,2728.6000,2728.4000,2727.6000,2727.0000,2730.6000,2731.6000,2732.2000,2732.4000,2732.6000,1,1,1,1,1,1,2,1,1,2
SF,IH2012,2020-06-02 09:31:28.500,2730.6000,4282,0,29485620.000,0,-,-,-,-,2729.8000,2728.6000,2728.4000,2727.6000,2727.0000,2731.6000,2732.2000,2732.4000,2732.6000,2734.0000,1,1,1,1,1,2,1,1,2,1
SF,IH2012,2020-06-02 09:31:29.000,2730.6000,4282,0,29485620.000,0,-,-,-,-,2729.8000,2728.6000,2728.4000,2727.6000,2727.0000,2731.6000,2732.2000,2732.4000,2732.6000,2733.6000,1,1,1,1,1,2,1,1,2,1
SF,IH2012,2020-06-02 09:31:29.500,2730.6000,4282,0,29485620.000,0,-,-,-,-,2730.0000,2729.8000,2728.6000,2728.4000,2727.6000,2731.6000,2732.2000,2732.4000,2732.6000,2733.6000,1,1,1,1,1,2,1,1,2,1
SF,IH2012,2020-06-02 09:31:33.500,2730.6000,4282,0,29485620.000,0,-,-,-,-,2730.0000,2729.8000,2728.6000,2728.4000,2727.6000,2731.6000,2732.2000,2732.4000,2732.6000,2733.6000,1,1,1,1,1,2,1,1,2,1
SF,IH2012,2020-06-02 09:31:34.500,2730.0000,4281,-1,30304620.000,1,0,1,双平,S,2729.8000,2728.6000,2728.4000,2727.6000,2727.0000,2731.6000,2732.2000,2732.4000,2732.6000,2732.8000,1,1,1,1,2,2,1,1,2,1
SF,IH2012,2020-06-02 09:31:35.500,2730.0000,4281,0,30304620.000,0,-,-,-,-,2729.8000,2728.6000,2728.4000,2727.6000,2727.0000,2731.6000,2732.2000,2732.4000,2732.6000,2732.8000,1,1,1,1,2,1,1,1,2,1
SF,IH2012,2020-06-02 09:31:36.000,2730.0000,4281,0,30304620.000,0,-,-,-,-,2729.8000,2728.6000,2728.4000,2727.6000,2727.0000,2731.6000,2732.2000,2732.4000,2732.6000,2732.8000,1,2,1,1,2,1,1,1,2,1
SF,IH2012,2020-06-02 09:31:36.500,2730.0000,4281,0,30304620.000,0,-,-,-,-,2730.0000,2729.8000,2728.6000,2728.4000,2727.6000,2731.6000,2732.2000,2732.4000,2732.6000,2732.8000,1,1,2,1,1,1,1,1,2,1
SF,IH2012,2020-06-02 09:31:37.000,2730.0000,4281,0,30304620.000,0,-,-,-,-,2730.0000,2729.8000,2728.6000,2728.4000,2727.6000,2731.6000,2732.2000,2732.4000,2732.6000,2732.8000,1,1,2,1,1,1,1,1,2,1
SF,IH2012,2020-06-02 09:31:39.000,2730.0000,4281,0,30304620.000,0,-,-,-,-,2730.0000,2729.8000,2728.6000,2728.4000,2727.6000,2731.6000,2732.2000,2732.4000,2732.6000,2732.8000,1,1,2,1,1,1,1,1,2,1
SF,IH2012,2020-06-02 09:31:40.000,2730.0000,4281,0,30304620.000,0,-,-,-,-,2729.8000,2728.6000,2728.4000,2727.6000,2727.0000,2731.6000,2732.2000,2732.4000,2732.6000,2732.8000,1,2,1,1,2,1,1,1,2,1
SF,IH2012,2020-06-02 09:31:41.500,2730.0000,4281,0,30304620.000,0,-,-,-,-,2730.0000,2729.8000,2728.6000,2728.4000,2727.6000,2731.6000,2732.2000,2732.4000,2732.6000,2732.8000,1,1,2,1,1,1,1,1,2,1
SF,IH2012,2020-06-02 09:31:43.000,2730.0000,4281,0,30304620.000,0,-,-,-,-,2730.2000,2730.0000,2729.8000,2728.6000,2728.4000,2731.6000,2732.2000,2732.4000,2732.6000,2732.8000,1,1,1,2,1,1,1,1,2,1
SF,IH2012,2020-06-02 09:31:44.000,2730.0000,4281,0,30304620.000,0,-,-,-,-,2730.2000,2729.8000,2728.6000,2728.4000,2727.6000,2731.6000,2732.2000,2732.4000,2732.6000,2732.8000,1,1,2,1,1,1,1,1,2,1
SF,IH2012,2020-06-02 09:31:44.500,2730.2000,4280,-1,31123680.000,1,0,1,双平,S,2729.8000,2729.2000,2728.6000,2728.4000,2727.6000,2731.0000,2731.6000,2732.2000,2732.4000,2732.6000,1,1,2,1,1,1,1,1,1,2
SF,IH2012,2020-06-02 09:31:45.000,2730.2000,4280,0,31123680.000,0,-,-,-,-,2729.8000,2729.2000,2728.6000,2728.4000,2727.6000,2730.8000,2731.0000,2732.4000,2732.6000,2732.8000,1,1,2,1,1,1,1,1,2,1
SF,IH2012,2020-06-02 09:31:48.500,2730.8000,4279,-1,31942920.000,1,0,1,双平,S,2729.8000,2729.2000,2728.6000,2728.4000,2727.6000,2732.4000,2732.6000,2732.8000,2734.0000,2736.8000,1,1,2,1,1,1,2,1,1,1
SF,IH2012,2020-06-02 09:31:49.000,2730.8000,4279,0,31942920.000,0,-,-,-,-,2730.0000,2729.8000,2729.2000,2728.6000,2728.4000,2732.2000,2732.4000,2732.6000,2732.8000,2733.6000,1,1,1,2,1,2,1,2,1,1
SF,IH2012,2020-06-02 09:31:54.500,2730.8000,4279,0,31942920.000,0,-,-,-,-,2730.0000,2729.8000,2729.2000,2728.6000,2728.4000,2731.0000,2732.2000,2732.4000,2732.6000,2732.8000,1,1,1,2,1,1,2,1,2,1
SF,IH2012,2020-06-02 09:31:55.000,2730.8000,4279,0,31942920.000,0,-,-,-,-,2729.8000,2729.2000,2728.6000,2728.4000,2727.6000,2730.8000,2731.0000,2732.2000,2732.4000,2732.6000,1,1,2,1,1,1,1,1,1,2
SF,IH2012,2020-06-02 09:31:56.000,2730.8000,4279,0,31942920.000,0,-,-,-,-,2729.8000,2729.2000,2728.6000,2728.4000,2727.6000,2730.8000,2731.0000,2732.2000,2732.4000,2732.6000,1,1,2,1,1,1,1,1,1,2
SF,IH2012,2020-06-02 09:31:58.500,2729.8000,4278,-1,32761860.000,1,0,1,双平,S,2729.2000,2728.6000,2728.4000,2727.6000,2727.4000,2730.8000,2731.0000,2732.2000,2732.4000,2732.6000,1,2,1,1,1,1,1,1,1,2
SF,IH2012,2020-06-02 09:31:59.500,2729.8000,4278,0,32761860.000,0,-,-,-,-,2729.2000,2728.6000,2728.4000,2727.6000,2727.4000,2730.6000,2730.8000,2731.0000,2732.2000,2732.4000,1,2,1,1,1,1,1,1,1,1
SF,IH2012,2020-06-02 09:32:00.500,2729.8000,4278,0,32761860.000,0,-,-,-,-,2729.2000,2728.6000,2728.4000,2727.6000,2727.4000,2730.8000,2731.0000,2731.8000,2732.2000,2732.4000,1,2,1,1,1,1,1,1,1,1
SF,IH2012,2020-06-02 09:32:01.000,2729.8000,4278,0,32761860.000,0,-,-,-,-,2729.4000,2729.2000,2728.6000,2728.4000,2727.6000,2730.8000,2731.0000,2731.8000,2732.2000,2732.4000,2,1,2,1,1,1,1,1,1,1
SF,IH2012,2020-06-02 09:32:05.000,2730.8000,4277,-1,33581100.000,1,0,1,双平,S,2729.4000,2729.2000,2728.6000,2728.4000,2727.6000,2731.0000,2731.8000,2732.2000,2732.4000,2732.6000,2,1,2,1,1,1,1,1,1,2
SF,IH2012,2020-06-02 09:32:05.500,2730.8000,4277,0,33581100.000,0,-,-,-,-,2729.6000,2729.4000,2729.2000,2728.6000,2728.4000,2731.0000,2731.8000,2732.4000,2732.6000,2732.8000,1,1,1,2,1,1,1,1,2,1
SF,IH2012,2020-06-02 09:32:06.000,2730.8000,4277,0,33581100.000,0,-,-,-,-,2730.0000,2729.8000,2729.6000,2729.2000,2728.6000,2731.0000,2731.8000,2732.4000,2732.6000,2732.8000,1,1,1,1,2,1,1,1,2,1
SF,IH2012,2020-06-02 09:32:06.500,2730.8000,4277,0,33581100.000,0,-,-,-,-,2730.0000,2729.8000,2729.6000,2729.2000,2728.6000,2731.0000,2731.8000,2732.4000,2732.6000,2732.8000,1,2,1,1,2,1,1,1,2,1
SF,IH2012,2020-06-02 09:32:07.000,2729.8000,4277,0,36037980.000,3,1,2,多换,S,2729.6000,2729.2000,2728.6000,2728.4000,2727.6000,2731.0000,2731.8000,2732.4000,2732.6000,2732.8000,1,1,2,1,1,1,1,1,2,1
SF,IH2012,2020-06-02 09:32:08.000,2729.8000,4277,0,36037980.000,0,-,-,-,-,2729.2000,2728.6000,2728.4000,2727.6000,2727.0000,2731.0000,2731.8000,2732.4000,2732.6000,2732.8000,1,2,1,1,2,1,1,1,2,1
SF,IH2012,2020-06-02 09:32:08.500,2729.8000,4277,0,36037980.000,0,-,-,-,-,2729.4000,2729.2000,2728.6000,2728.4000,2727.6000,2730.8000,2731.0000,2731.8000,2732.4000,2732.6000,2,1,2,1,1,1,1,1,1,2
SF,IH2012,2020-06-02 09:32:11.000,2730.8000,4276,-1,36857220.000,1,0,1,双平,S,2729.4000,2729.2000,2728.6000,2728.4000,2727.6000,2731.0000,2731.8000,2732.4000,2732.6000,2732.8000,2,1,2,1,1,1,1,1,2,1
SF,IH2012,2020-06-02 09:32:12.000,2730.8000,4276,0,36857220.000,0,-,-,-,-,2729.4000,2729.2000,2728.6000,2728.4000,2727.6000,2731.0000,2731.8000,2732.4000,2732.6000,2732.8000,1,1,2,1,1,1,1,1,2,1
SF,IH2012,2020-06-02 09:32:12.500,2730.8000,4276,0,36857220.000,0,-,-,-,-,2729.4000,2729.2000,2728.6000,2728.4000,2727.6000,2730.8000,2731.0000,2731.8000,2732.4000,2732.6000,1,1,2,1,1,1,1,1,1,2
SF,IH2012,2020-06-02 09:32:17.000,2730.8000,4275,-1,37676460.000,1,0,1,双平,S,2729.4000,2729.2000,2728.6000,2728.4000,2727.6000,2731.0000,2731.8000,2732.4000,2732.6000,2732.8000,1,1,2,1,1,1,1,1,2,1
SF,IH2012,2020-06-02 09:32:17.500,2730.8000,4275,0,37676460.000,0,-,-,-,-,2729.6000,2729.4000,2729.2000,2728.6000,2728.4000,2731.0000,2731.8000,2732.4000,2732.6000,2732.8000,2,1,1,2,1,1,1,1,2,1
SF,IH2012,2020-06-02 09:32:18.000,2730.8000,4275,0,37676460.000,0,-,-,-,-,2729.8000,2729.6000,2729.2000,2728.6000,2728.4000,2731.0000,2731.8000,2732.4000,2732.6000,2732.8000,1,2,1,2,1,1,1,1,2,1
SF,IH2012,2020-06-02 09:32:18.500,2731.0000,4274,-1,38495760.000,1,0,1,双平,S,2730.0000,2729.8000,2729.6000,2729.2000,2728.6000,2731.8000,2732.4000,2732.6000,2732.8000,2734.0000,1,1,1,1,2,1,1,2,1,1
SF,IH2012,2020-06-02 09:32:19.000,2731.0000,4274,0,38495760.000,0,-,-,-,-,2730.2000,2730.0000,2729.2000,2728.6000,2728.4000,2731.6000,2731.8000,2732.4000,2732.6000,2732.8000,1,1,1,2,1,1,1,1,2,1
SF,IH2012,2020-06-02 09:32:20.000,2731.0000,4274,0,38495760.000,0,-,-,-,-,2730.2000,2729.2000,2728.6000,2728.4000,2727.6000,2731.6000,2731.8000,2732.4000,2732.6000,2732.8000,1,1,2,1,1,1,1,1,2,1
SF,IH2012,2020-06-02 09:32:26.500,2731.6000,4273,-1,39315240.000,1,0,1,双平,S,2730.2000,2729.2000,2728.6000,2728.4000,2727.6000,2731.8000,2732.4000,2732.6000,2732.8000,2734.0000,1,1,2,1,1,1,1,2,1,1
SF,IH2012,2020-06-02 09:32:28.000,2731.6000,4273,0,39315240.000,0,-,-,-,-,2730.2000,2729.2000,2728.6000,2728.4000,2727.6000,2731.6000,2731.8000,2732.4000,2732.6000,2732.8000,1,1,2,1,1,1,1,1,2,1
SF,IH2012,2020-06-02 09:32:30.000,2730.2000,4272,-1,40134300.000,1,0,1,双平,S,2729.2000,2728.6000,2728.4000,2727.6000,2727.0000,2731.6000,2731.8000,2732.4000,2732.6000,2732.8000,1,2,1,1,2,1,1,1,2,1
SF,IH2012,2020-06-02 09:32:30.500,2730.2000,4272,0,40134300.000,0,-,-,-,-,2729.4000,2729.2000,2728.6000,2728.4000,2727.6000,2731.4000,2731.8000,2732.4000,2732.6000,2732.8000,2,1,2,1,1,1,1,1,2,1
SF,IH2012,2020-06-02 09:32:31.000,2730.2000,4272,0,40134300.000,0,-,-,-,-,2729.4000,2729.2000,2728.6000,2728.4000,2727.6000,2731.2000,2731.4000,2731.8000,2732.4000,2732.6000,1,1,2,1,1,1,1,1,1,2
SF,IH2012,2020-06-02 09:32:31.500,2730.2000,4272,0,40134300.000,0,-,-,-,-,2729.4000,2729.2000,2728.6000,2728.4000,2727.6000,2731.0000,2731.2000,2731.8000,2732.4000,2732.6000,1,1,2,1,1,1,1,1,1,2
SF,IH2012,2020-06-02 09:32:32.000,2730.2000,4272,0,40134300.000,0,-,-,-,-,2729.4000,2729.2000,2728.6000,2728.4000,2727.6000,2730.8000,2731.0000,2731.8000,2732.4000,2732.6000,1,1,2,1,1,1,1,1,1,2
SF,IH2012,2020-06-02 09:32:36.000,2730.2000,4272,0,40134300.000,0,-,-,-,-,2729.4000,2729.2000,2728.6000,2728.4000,2727.6000,2731.0000,2731.8000,2732.4000,2732.6000,2732.8000,1,1,2,1,1,1,1,1,2,1
SF,IH2012,2020-06-02 09:32:36.500,2730.2000,4272,0,40134300.000,0,-,-,-,-,2729.4000,2729.2000,2728.6000,2728.4000,2727.6000,2730.8000,2731.0000,2731.8000,2732.4000,2732.6000,1,1,2,1,1,1,1,1,1,2
SF,IH2012,2020-06-02 09:32:37.000,2730.2000,4272,0,40134300.000,0,-,-,-,-,2729.4000,2729.2000,2728.6000,2728.4000,2727.6000,2731.0000,2731.8000,2732.4000,2732.6000,2732.8000,1,1,2,1,1,1,1,1,2,1
SF,IH2012,2020-06-02 09:32:37.500,2730.2000,4272,0,40134300.000,0,-,-,-,-,2729.4000,2729.2000,2728.6000,2728.4000,2727.6000,2730.8000,2731.0000,2731.8000,2732.4000,2732.6000,1,1,2,1,1,1,1,1,1,2
SF,IH2012,2020-06-02 09:32:41.500,2730.2000,4272,0,40134300.000,0,-,-,-,-,2730.0000,2729.4000,2729.2000,2728.6000,2728.4000,2730.8000,2731.0000,2731.8000,2732.4000,2732.6000,1,1,1,2,1,1,1,1,1,2
SF,IH2012,2020-06-02 09:32:45.000,2730.2000,4272,0,40134300.000,0,-,-,-,-,2730.0000,2729.4000,2729.2000,2728.6000,2728.4000,2731.0000,2731.8000,2732.4000,2732.6000,2732.8000,1,1,1,2,1,1,1,1,2,1
SF,IH2012,2020-06-02 09:32:50.500,2730.2000,4272,0,40134300.000,0,-,-,-,-,2730.0000,2729.4000,2729.2000,2728.6000,2728.4000,2731.0000,2731.8000,2732.4000,2732.6000,2732.8000,1,1,1,2,1,1,1,1,2,1
SF,IH2012,2020-06-02 09:32:53.000,2730.2000,4272,0,40134300.000,0,-,-,-,-,2730.0000,2729.4000,2729.2000,2728.6000,2728.4000,2730.8000,2731.0000,2731.8000,2732.4000,2732.6000,1,1,1,2,1,1,1,1,1,2
SF,IH2012,2020-06-02 09:32:55.500,2730.0000,4271,-1,40953300.000,1,0,1,双平,S,2729.4000,2729.2000,2728.6000,2728.4000,2727.6000,2730.8000,2731.0000,2731.8000,2732.4000,2732.6000,1,1,2,1,1,1,1,1,1,2
SF,IH2012,2020-06-02 09:32:56.000,2730.0000,4271,0,40953300.000,0,-,-,-,-,2729.4000,2729.2000,2728.6000,2728.4000,2727.6000,2731.0000,2731.8000,2732.4000,2732.6000,2732.8000,1,1,2,1,1,1,1,1,2,1
SF,IH2012,2020-06-02 09:32:57.500,2730.0000,4271,0,40953300.000,0,-,-,-,-,2729.4000,2729.2000,2728.6000,2728.4000,2727.6000,2730.8000,2731.0000,2731.8000,2732.4000,2732.6000,1,1,2,1,1,1,1,1,1,2
SF,IH2012,2020-06-02 09:33:06.500,2730.0000,4271,0,40953300.000,0,-,-,-,-,2729.4000,2729.2000,2728.6000,2728.4000,2727.6000,2731.0000,2731.8000,2732.4000,2732.6000,2732.8000,1,1,2,1,1,1,1,1,2,1
SF,IH2012,2020-06-02 09:33:07.000,2730.0000,4271,0,40953300.000,0,-,-,-,-,2729.2000,2728.6000,2728.4000,2727.6000,2727.4000,2730.8000,2731.0000,2731.8000,2732.4000,2732.6000,1,2,1,1,1,2,1,1,1,2
SF,IH2012,2020-06-02 09:33:07.500,2730.0000,4271,0,40953300.000,0,-,-,-,-,2729.2000,2728.6000,2728.4000,2727.6000,2727.4000,2730.6000,2730.8000,2731.8000,2732.4000,2732.6000,1,2,1,1,1,2,1,1,1,2
SF,IH2012,2020-06-02 09:33:09.000,2729.2000,4270,-1,41772060.000,1,0,1,双平,S,2728.6000,2728.4000,2727.6000,2727.4000,2727.0000,2730.4000,2730.6000,2730.8000,2731.8000,2732.4000,2,1,1,1,2,1,2,2,1,1
SF,IH2012,2020-06-02 09:33:09.500,2729.2000,4270,0,41772060.000,0,-,-,-,-,2728.8000,2728.6000,2728.4000,2727.6000,2727.4000,2730.2000,2730.4000,2730.6000,2730.8000,2731.8000,1,2,1,1,1,1,1,1,2,1
SF,IH2012,2020-06-02 09:33:10.000,2729.2000,4270,0,41772060.000,0,-,-,-,-,2728.8000,2728.6000,2728.4000,2727.6000,2727.4000,2730.2000,2730.4000,2730.6000,2730.8000,2731.8000,1,2,1,1,1,1,1,1,2,1
SF,IH2012,2020-06-02 09:33:11.000,2729.2000,4270,0,41772060.000,0,-,-,-,-,2728.8000,2728.6000,2728.4000,2727.6000,2727.4000,2730.2000,2730.4000,2730.8000,2731.8000,2732.4000,1,2,1,1,1,1,1,1,1,1
SF,IH2012,2020-06-02 09:33:11.500,2729.2000,4270,0,41772060.000,0,-,-,-,-,2729.0000,2728.8000,2728.6000,2728.4000,2727.6000,2730.8000,2731.8000,2732.4000,2732.6000,2732.8000,1,1,2,1,1,1,1,1,1,1
SF,IH2012,2020-06-02 09:33:12.000,2729.2000,4270,0,41772060.000,0,-,-,-,-,2729.2000,2729.0000,2728.6000,2728.4000,2727.6000,2730.6000,2730.8000,2731.8000,2732.4000,2732.6000,1,1,2,1,1,1,1,1,1,1
SF,IH2012,2020-06-02 09:33:12.500,2729.2000,4270,0,41772060.000,0,-,-,-,-,2729.2000,2728.6000,2728.4000,2727.6000,2727.4000,2730.4000,2730.6000,2730.8000,2731.8000,2732.4000,1,2,1,1,1,1,1,1,1,1
SF,IH2012,2020-06-02 09:33:13.500,2729.2000,4269,-1,42590820.000,1,0,1,双平,S,2728.6000,2728.4000,2727.6000,2727.4000,2727.0000,2730.4000,2730.6000,2730.8000,2731.8000,2732.4000,2,1,1,1,2,1,1,1,1,1
SF,IH2012,2020-06-02 09:33:14.000,2729.2000,4269,0,42590820.000,0,-,-,-,-,2728.6000,2728.4000,2727.6000,2727.4000,2727.0000,2730.2000,2730.8000,2731.8000,2732.4000,2732.6000,2,1,1,1,2,1,1,1,1,1
SF,IH2012,2020-06-02 09:33:15.500,2729.2000,4269,0,42590820.000,0,-,-,-,-,2728.6000,2728.4000,2727.6000,2727.4000,2727.0000,2730.0000,2730.2000,2730.8000,2731.8000,2732.4000,2,1,1,1,2,1,1,1,1,1
SF,IH2012,2020-06-02 09:33:16.000,2729.2000,4269,0,42590820.000,0,-,-,-,-,2728.6000,2728.4000,2727.6000,2727.4000,2727.0000,2729.8000,2730.0000,2730.8000,2731.8000,2732.4000,2,1,1,1,2,1,1,1,1,1
SF,IH2012,2020-06-02 09:33:18.000,2729.2000,4269,0,42590820.000,0,-,-,-,-,2728.6000,2728.4000,2727.6000,2727.4000,2727.0000,2729.8000,2730.8000,2731.8000,2732.4000,2732.8000,2,1,1,1,2,1,1,1,1,1
SF,IH2012,2020-06-02 09:33:26.500,2729.8000,4268,-1,43409760.000,1,0,1,双平,S,2729.8000,2728.6000,2728.4000,2727.6000,2727.4000,2730.8000,2731.8000,2732.4000,2732.8000,2734.0000,1,2,1,1,1,1,1,1,1,1
SF,IH2012,2020-06-02 09:33:27.000,2729.8000,4267,-1,44228700.000,1,0,1,双平,S,2728.6000,2728.4000,2727.6000,2727.0000,2726.6000,2730.8000,2731.8000,2732.4000,2732.8000,2734.0000,2,1,1,2,1,1,1,1,1,1
SF,IH2012,2020-06-02 09:33:27.500,2729.8000,4267,0,44228700.000,0,-,-,-,-,2728.8000,2728.6000,2728.4000,2727.6000,2727.0000,2730.6000,2730.8000,2731.8000,2732.4000,2732.8000,1,2,1,1,2,1,1,1,1,1
SF,IH2012,2020-06-02 09:33:30.500,2729.8000,4267,0,44228700.000,0,-,-,-,-,2728.8000,2728.6000,2728.4000,2727.6000,2727.0000,2730.6000,2730.8000,2731.8000,2732.4000,2732.8000,2,2,1,1,2,1,1,1,1,1
SF,IH2012,2020-06-02 09:33:36.000,2729.8000,4267,0,44228700.000,0,-,-,-,-,2729.0000,2728.8000,2728.6000,2728.4000,2727.6000,2730.6000,2730.8000,2731.8000,2732.4000,2732.8000,1,2,2,1,1,1,1,1,1,1
SF,IH2012,2020-06-02 09:33:36.500,2729.8000,4267,0,44228700.000,0,-,-,-,-,2729.0000,2728.8000,2728.6000,2728.4000,2727.6000,2730.4000,2730.6000,2730.8000,2731.8000,2732.4000,1,2,2,1,1,1,1,1,1,1
SF,IH2012,2020-06-02 09:33:40.000,2729.8000,4267,0,44228700.000,0,-,-,-,-,2729.0000,2728.8000,2728.6000,2728.4000,2727.6000,2729.8000,2730.4000,2730.6000,2730.8000,2731.8000,1,2,2,1,1,1,1,1,1,1
SF,IH2012,2020-06-02 09:33:40.500,2729.8000,4267,0,45047640.000,1,0,1,多换,S,2730.4000,2729.0000,2728.8000,2728.6000,2728.4000,2730.6000,2730.8000,2731.8000,2732.4000,2732.8000,1,1,2,2,1,1,1,1,1,1
SF,IH2012,2020-06-02 09:33:41.000,2730.4000,4266,-1,45866760.000,1,0,1,双平,S,2729.0000,2728.8000,2728.6000,2728.4000,2727.6000,2730.2000,2730.8000,2731.8000,2732.4000,2732.8000,1,2,2,1,1,1,1,1,1,1
SF,IH2012,2020-06-02 09:33:41.500,2730.4000,4266,0,45866760.000,0,-,-,-,-,2729.0000,2728.8000,2728.6000,2728.4000,2727.6000,2730.2000,2730.8000,2731.0000,2731.8000,2732.4000,1,2,2,1,2,1,1,1,1,1
SF,IH2012,2020-06-02 09:33:42.000,2730.4000,4266,0,45866760.000,0,-,-,-,-,2729.0000,2728.8000,2728.6000,2728.4000,2727.6000,2730.2000,2731.0000,2731.8000,2732.4000,2732.8000,1,2,2,1,2,2,1,2,1,1
SF,IH2012,2020-06-02 09:33:42.500,2730.4000,4266,0,45866760.000,0,-,-,-,-,2729.0000,2728.8000,2728.6000,2728.4000,2727.6000,2730.2000,2731.0000,2731.8000,2732.4000,2732.8000,1,2,2,1,2,2,1,2,1,1
SF,IH2012,2020-06-02 09:33:43.000,2730.4000,4266,0,45866760.000,0,-,-,-,-,2729.2000,2729.0000,2728.8000,2728.6000,2728.4000,2730.2000,2731.0000,2731.8000,2732.4000,2732.8000,1,1,1,2,1,2,1,2,1,1
SF,IH2012,2020-06-02 09:33:44.500,2730.4000,4266,0,45866760.000,0,-,-,-,-,2729.4000,2729.2000,2728.8000,2728.6000,2728.4000,2730.2000,2731.0000,2731.8000,2732.4000,2732.8000,1,1,1,2,1,2,1,2,1,1
SF,IH2012,2020-06-02 09:33:45.500,2730.4000,4266,0,45866760.000,0,-,-,-,-,2729.4000,2729.2000,2728.8000,2728.6000,2728.4000,2730.2000,2731.0000,2731.8000,2732.4000,2734.0000,1,1,1,2,1,2,1,2,1,1
SF,IH2012,2020-06-02 09:33:46.000,2730.4000,4266,0,45866760.000,0,-,-,-,-,2729.4000,2729.2000,2729.0000,2728.8000,2728.6000,2730.2000,2731.0000,2731.8000,2732.4000,2734.0000,1,1,1,1,2,2,1,2,1,1
SF,IH2012,2020-06-02 09:33:48.500,2729.4000,4265,-1,46685580.000,1,0,1,双平,S,2729.2000,2729.0000,2728.8000,2728.6000,2728.4000,2730.2000,2731.0000,2731.8000,2732.4000,2734.0000,1,1,1,2,1,2,1,2,1,1
SF,IH2012,2020-06-02 09:33:49.000,2729.4000,4265,0,46685580.000,0,-,-,-,-,2729.0000,2728.8000,2728.6000,2728.4000,2727.6000,2730.2000,2731.0000,2731.8000,2732.4000,2734.0000,1,1,2,1,2,2,1,2,1,1
SF,IH2012,2020-06-02 09:33:49.500,2730.2000,4264,-1,47504640.000,1,0,1,双平,S,2729.0000,2728.8000,2728.6000,2728.4000,2727.6000,2730.2000,2731.0000,2731.8000,2732.4000,2732.8000,1,1,2,1,2,1,1,2,1,1
SF,IH2012,2020-06-02 09:33:50.000,2730.2000,4264,0,47504640.000,0,-,-,-,-,2729.0000,2728.8000,2728.6000,2728.4000,2727.6000,2730.2000,2731.0000,2731.8000,2732.4000,2734.0000,1,1,2,1,2,1,1,2,1,1
SF,IH2012,2020-06-02 09:33:50.500,2729.0000,4264,0,48323340.000,1,0,1,多换,S,2728.8000,2728.6000,2728.4000,2727.6000,2727.0000,2730.2000,2731.0000,2731.8000,2732.4000,2734.0000,1,2,1,2,2,1,1,2,1,1
SF,IH2012,2020-06-02 09:33:51.000,2729.0000,4264,0,48323340.000,0,-,-,-,-,2728.8000,2728.6000,2728.4000,2727.6000,2727.0000,2730.0000,2730.2000,2731.0000,2731.8000,2732.4000,1,2,1,2,2,1,1,1,2,1
SF,IH2012,2020-06-02 09:34:05.500,2729.0000,4264,0,48323340.000,0,-,-,-,-,2728.8000,2728.6000,2728.4000,2727.6000,2727.0000,2730.0000,2730.2000,2731.0000,2731.8000,2732.4000,1,1,1,2,2,1,1,1,2,1
SF,IH2012,2020-06-02 09:34:06.000,2729.0000,4264,0,48323340.000,0,-,-,-,-,2729.0000,2728.8000,2728.6000,2728.4000,2727.6000,2730.0000,2730.2000,2731.0000,2731.8000,2732.4000,1,1,1,1,2,1,1,1,2,1
SF,IH2012,2020-06-02 09:34:15.500,2729.0000,4264,0,48323340.000,0,-,-,-,-,2729.0000,2728.8000,2728.6000,2728.4000,2727.6000,2730.0000,2730.2000,2731.0000,2731.8000,2732.4000,1,1,1,1,2,1,1,1,2,1
SF,IH2012,2020-06-02 09:34:19.500,2729.0000,4264,0,48323340.000,0,-,-,-,-,2729.2000,2729.0000,2728.8000,2728.6000,2728.4000,2730.0000,2730.2000,2731.0000,2731.8000,2732.4000,1,1,1,1,1,1,1,1,2,1
SF,IH2012,2020-06-02 09:34:22.000,2730.0000,4264,0,49142340.000,1,0,1,多换,S,2729.2000,2729.0000,2728.8000,2728.6000,2728.4000,2730.2000,2731.0000,2731.8000,2732.4000,2734.0000,1,1,1,1,1,1,1,2,1,1
SF,IH2012,2020-06-02 09:34:22.500,2730.0000,4264,0,49142340.000,0,-,-,-,-,2729.4000,2728.8000,2728.6000,2728.4000,2727.6000,2730.2000,2731.0000,2731.8000,2732.4000,2734.0000,2,1,1,1,2,1,1,2,1,1
SF,IH2012,2020-06-02 09:34:23.000,2730.2000,4263,-1,50780280.000,2,0,2,多平,S,2729.4000,2728.8000,2728.6000,2728.4000,2727.6000,2731.0000,2731.8000,2732.4000,2734.0000,2738.0000,2,1,1,1,2,1,2,1,1,3
SF,IH2012,2020-06-02 09:34:23.500,2730.2000,4263,0,50780280.000,0,-,-,-,-,2729.6000,2729.4000,2728.8000,2728.6000,2728.4000,2730.8000,2731.0000,2731.8000,2732.4000,2732.8000,1,1,1,1,1,1,1,2,1,1
SF,IH2012,2020-06-02 09:34:24.000,2730.2000,4263,0,50780280.000,0,-,-,-,-,2729.6000,2729.4000,2728.8000,2728.6000,2728.4000,2731.0000,2731.8000,2732.4000,2732.8000,2734.0000,1,1,1,1,1,1,2,1,1,1
SF,IH2012,2020-06-02 09:34:26.000,2730.2000,4263,0,50780280.000,0,-,-,-,-,2729.8000,2729.6000,2729.4000,2728.8000,2728.6000,2731.0000,2731.8000,2732.4000,2732.8000,2734.0000,1,1,1,1,1,1,2,1,1,1
SF,IH2012,2020-06-02 09:34:27.000,2730.2000,4263,0,50780280.000,0,-,-,-,-,2729.8000,2729.6000,2729.4000,2728.8000,2728.6000,2730.8000,2731.0000,2731.8000,2732.4000,2732.8000,1,1,1,1,1,1,1,2,1,1
SF,IH2012,2020-06-02 09:34:32.000,2730.2000,4263,0,50780280.000,0,-,-,-,-,2729.8000,2729.6000,2729.4000,2728.8000,2728.6000,2730.2000,2730.8000,2731.0000,2731.8000,2732.4000,1,1,1,1,1,1,1,1,2,1
SF,IH2012,2020-06-02 09:34:32.500,2730.2000,4263,0,50780280.000,0,-,-,-,-,2729.8000,2729.6000,2729.4000,2728.8000,2728.6000,2730.2000,2730.8000,2731.0000,2731.8000,2732.4000,1,1,1,1,1,1,1,1,2,1
SF,IH2012,2020-06-02 09:34:33.000,2730.2000,4263,0,50780280.000,0,-,-,-,-,2729.8000,2729.6000,2728.8000,2728.6000,2728.4000,2730.2000,2730.8000,2731.0000,2731.8000,2732.4000,1,1,1,1,1,1,1,1,2,1
SF,IH2012,2020-06-02 09:34:33.500,2730.2000,4263,0,51599340.000,1,0,1,多换,S,2729.8000,2729.6000,2728.8000,2728.6000,2728.4000,2730.8000,2731.0000,2731.8000,2732.4000,2734.0000,1,1,1,1,1,1,1,2,1,1
SF,IH2012,2020-06-02 09:34:34.000,2730.2000,4263,0,51599340.000,0,-,-,-,-,2729.8000,2729.6000,2728.8000,2728.6000,2728.4000,2730.8000,2731.0000,2731.8000,2732.4000,2734.0000,1,1,1,1,1,1,1,2,2,1
SF,IH2012,2020-06-02 09:34:36.000,2730.2000,4263,0,51599340.000,0,-,-,-,-,2729.8000,2729.6000,2728.8000,2728.6000,2728.4000,2730.8000,2731.0000,2731.8000,2732.4000,2734.0000,1,1,1,1,1,1,1,2,2,1
SF,IH2012,2020-06-02 09:34:36.500,2730.2000,4263,0,51599340.000,0,-,-,-,-,2729.8000,2729.6000,2728.8000,2728.6000,2728.4000,2731.0000,2731.8000,2732.4000,2734.0000,2738.0000,1,1,1,1,1,1,2,2,1,3
SF,IH2012,2020-06-02 09:34:45.000,2729.6000,4261,-2,53237160.000,2,0,2,双平,S,2728.8000,2728.6000,2728.4000,2727.6000,2727.0000,2731.0000,2731.8000,2732.4000,2734.0000,2738.0000,1,1,1,2,2,1,2,2,1,3
SF,IH2012,2020-06-02 09:34:45.500,2729.6000,4261,0,53237160.000,0,-,-,-,-,2729.0000,2728.8000,2728.6000,2728.4000,2727.6000,2730.8000,2731.0000,2731.8000,2732.4000,2734.0000,1,1,1,1,2,1,1,2,2,1
SF,IH2012,2020-06-02 09:34:48.000,2729.6000,4261,0,53237160.000,0,-,-,-,-,2729.0000,2728.8000,2728.6000,2728.4000,2727.6000,2730.8000,2731.0000,2731.8000,2732.4000,2734.0000,1,1,1,1,2,1,1,2,2,1
SF,IH2012,2020-06-02 09:34:48.500,2729.6000,4261,0,53237160.000,0,-,-,-,-,2729.0000,2728.8000,2728.6000,2728.4000,2727.6000,2730.8000,2731.0000,2731.8000,2732.4000,2734.0000,1,1,1,1,2,2,1,2,2,1
SF,IH2012,2020-06-02 09:34:52.000,2729.6000,4261,0,53237160.000,0,-,-,-,-,2729.0000,2728.8000,2728.6000,2728.4000,2727.6000,2730.6000,2730.8000,2731.0000,2731.8000,2732.4000,1,1,1,1,2,1,2,1,2,2
SF,IH2012,2020-06-02 09:34:52.500,2729.6000,4261,0,53237160.000,0,-,-,-,-,2729.0000,2728.8000,2728.6000,2728.4000,2727.6000,2730.4000,2730.8000,2731.0000,2731.8000,2732.4000,1,1,1,1,2,2,1,1,2,2
SF,IH2012,2020-06-02 09:34:56.000,2729.6000,4261,0,53237160.000,0,-,-,-,-,2729.0000,2728.8000,2728.6000,2728.4000,2727.6000,2730.4000,2730.8000,2731.0000,2731.8000,2732.4000,1,1,1,1,2,2,1,1,1,2
SF,IH2012,2020-06-02 09:34:56.500,2729.6000,4261,0,53237160.000,0,-,-,-,-,2729.0000,2728.8000,2728.6000,2728.4000,2727.6000,2730.0000,2730.4000,2730.8000,2731.0000,2731.8000,1,1,1,1,2,1,2,1,1,1
SF,IH2012,2020-06-02 09:34:57.000,2729.6000,4261,0,53237160.000,0,-,-,-,-,2729.0000,2728.8000,2728.6000,2728.4000,2727.6000,2730.0000,2730.4000,2731.0000,2731.8000,2732.4000,1,1,1,1,2,1,1,1,1,1
SF,IH2012,2020-06-02 09:35:00.500,2730.0000,4261,0,54056160.000,1,0,1,多换,S,2729.0000,2728.8000,2728.6000,2728.4000,2727.6000,2730.4000,2731.0000,2731.8000,2732.4000,2734.0000,1,1,1,1,2,1,1,1,1,1
SF,IH2012,2020-06-02 09:35:02.500,2729.0000,4260,-1,54874860.000,1,0,1,双平,S,2728.8000,2728.6000,2728.4000,2727.6000,2727.0000,2730.4000,2731.0000,2731.8000,2732.4000,2734.0000,1,1,1,2,2,1,1,1,1,1
SF,IH2012,2020-06-02 09:35:03.000,2729.0000,4260,0,54874860.000,0,-,-,-,-,2728.8000,2728.6000,2728.4000,2727.6000,2727.0000,2730.2000,2730.4000,2731.0000,2731.8000,2732.4000,1,1,1,2,2,1,1,1,1,1
SF,IH2012,2020-06-02 09:35:03.500,2728.8000,4260,0,55693500.000,1,0,1,多换,S,2728.6000,2728.4000,2727.6000,2727.0000,2726.0000,2730.0000,2731.0000,2731.8000,2732.4000,2734.0000,1,1,2,2,1,2,1,1,1,1
SF,IH2012,2020-06-02 09:35:05.000,2728.6000,4260,0,56512080.000,1,0,1,多换,S,2728.4000,2727.6000,2727.0000,2726.0000,2725.0000,2729.8000,2730.0000,2731.0000,2731.8000,2732.4000,1,2,2,1,3,1,2,1,1,1
SF,IH2012,2020-06-02 09:35:05.500,2728.6000,4260,0,56512080.000,0,-,-,-,-,2728.4000,2727.6000,2727.0000,2726.0000,2725.0000,2729.6000,2729.8000,2730.0000,2731.0000,2731.8000,1,2,2,1,3,1,1,1,1,1
SF,IH2012,2020-06-02 09:35:06.000,2728.4000,4259,-1,57330600.000,1,0,1,双平,S,2727.6000,2727.0000,2726.2000,2726.0000,2725.0000,2729.2000,2729.6000,2730.0000,2731.0000,2731.8000,2,2,1,1,3,1,1,1,1,1
SF,IH2012,2020-06-02 09:35:06.500,2728.4000,4259,0,57330600.000,0,-,-,-,-,2727.6000,2727.0000,2726.2000,2726.0000,2725.0000,2729.0000,2729.2000,2730.0000,2731.0000,2732.4000,2,2,1,1,3,2,1,1,1,1
SF,IH2012,2020-06-02 09:35:07.000,2728.4000,4259,0,57330600.000,0,-,-,-,-,2727.6000,2727.0000,2726.2000,2726.0000,2725.0000,2728.8000,2729.0000,2730.0000,2731.0000,2732.4000,2,2,1,1,3,1,1,1,1,1
SF,IH2012,2020-06-02 09:35:07.500,2728.4000,4259,0,57330600.000,0,-,-,-,-,2727.6000,2727.0000,2726.2000,2726.0000,2725.0000,2728.6000,2728.8000,2730.0000,2731.0000,2732.4000,2,2,1,1,3,1,1,1,1,1
SF,IH2012,2020-06-02 09:35:08.000,2728.4000,4259,0,57330600.000,0,-,-,-,-,2727.6000,2727.0000,2726.2000,2726.0000,2725.0000,2728.2000,2728.6000,2730.0000,2732.4000,2734.0000,1,2,1,1,3,1,1,1,1,1
SF,IH2012,2020-06-02 09:35:08.500,2728.4000,4259,0,57330600.000,0,-,-,-,-,2727.6000,2727.0000,2726.2000,2726.0000,2725.0000,2728.6000,2732.4000,2734.0000,2735.2000,2738.0000,1,2,1,1,3,1,1,1,1,3
SF,IH2012,2020-06-02 09:35:09.000,2728.4000,4259,0,57330600.000,0,-,-,-,-,2727.6000,2727.0000,2726.2000,2726.0000,2725.0000,2728.4000,2728.6000,2732.4000,2734.0000,2735.2000,1,2,1,1,3,1,1,1,1,1
SF,IH2012,2020-06-02 09:35:11.000,2728.4000,4258,-1,58149120.000,1,0,1,双平,S,2727.6000,2727.0000,2726.2000,2726.0000,2725.0000,2728.6000,2732.4000,2734.0000,2735.2000,2738.0000,1,2,1,1,3,1,1,1,1,3
SF,IH2012,2020-06-02 09:35:11.500,2728.4000,4258,0,58149120.000,0,-,-,-,-,2727.6000,2727.0000,2726.2000,2726.0000,2725.0000,2728.6000,2732.4000,2734.0000,2735.2000,2738.0000,1,2,1,1,3,1,1,1,1,3
SF,IH2012,2020-06-02 09:35:12.000,2728.4000,4258,0,58149120.000,0,-,-,-,-,2727.6000,2727.0000,2726.2000,2726.0000,2725.0000,2728.6000,2732.4000,2734.0000,2735.2000,2738.0000,1,2,1,1,3,1,1,1,1,3
SF,IH2012,2020-06-02 09:35:12.500,2727.8000,4258,0,58967460.000,1,0,1,多换,S,2727.6000,2727.0000,2726.2000,2726.0000,2725.0000,2728.6000,2732.4000,2734.0000,2735.2000,2738.0000,1,2,1,1,3,1,1,1,1,3
SF,IH2012,2020-06-02 09:35:15.000,2728.6000,4257,-1,59786040.000,1,0,1,双平,S,2727.6000,2727.0000,2726.2000,2726.0000,2725.0000,2732.4000,2734.0000,2735.2000,2738.0000,2739.0000,1,2,1,1,3,1,1,1,3,1
SF,IH2012,2020-06-02 09:35:15.500,2728.6000,4257,0,59786040.000,0,-,-,-,-,2727.8000,2727.6000,2727.0000,2726.2000,2726.0000,2732.0000,2732.2000,2732.4000,2734.0000,2735.2000,1,1,2,1,1,1,1,1,1,1
SF,IH2012,2020-06-02 09:35:16.000,2728.6000,4257,0,59786040.000,0,-,-,-,-,2727.8000,2727.6000,2727.0000,2726.2000,2726.0000,2731.8000,2732.0000,2732.4000,2734.0000,2735.2000,1,1,2,1,1,1,1,1,1,1
SF,IH2012,2020-06-02 09:35:16.500,2728.6000,4257,0,59786040.000,0,-,-,-,-,2727.8000,2727.6000,2727.0000,2726.2000,2726.0000,2731.4000,2731.8000,2732.4000,2734.0000,2735.2000,1,1,2,1,1,1,1,1,1,1
SF,IH2012,2020-06-02 09:35:17.000,2728.6000,4257,0,59786040.000,0,-,-,-,-,2727.8000,2727.6000,2727.0000,2726.2000,2726.0000,2731.2000,2731.4000,2732.4000,2734.0000,2735.2000,1,1,2,1,1,1,1,1,1,1
SF,IH2012,2020-06-02 09:35:17.500,2728.6000,4257,0,59786040.000,0,-,-,-,-,2727.8000,2727.6000,2727.0000,2726.2000,2726.0000,2730.8000,2731.2000,2732.4000,2734.0000,2735.2000,1,1,2,1,1,1,1,1,1,1
SF,IH2012,2020-06-02 09:35:18.000,2728.6000,4257,0,59786040.000,0,-,-,-,-,2727.8000,2727.6000,2727.0000,2726.2000,2726.0000,2730.6000,2730.8000,2732.4000,2734.0000,2735.2000,1,1,2,1,1,1,1,1,1,1
SF,IH2012,2020-06-02 09:35:18.500,2728.6000,4257,0,59786040.000,0,-,-,-,-,2727.8000,2727.6000,2727.0000,2726.2000,2726.0000,2730.2000,2730.6000,2732.4000,2734.0000,2735.2000,1,1,2,1,1,1,1,1,1,1
SF,IH2012,2020-06-02 09:35:19.000,2728.6000,4257,0,59786040.000,0,-,-,-,-,2728.0000,2727.8000,2727.6000,2727.0000,2726.2000,2730.0000,2730.2000,2732.4000,2734.0000,2735.2000,1,1,1,2,1,1,1,1,1,1
SF,IH2012,2020-06-02 09:35:19.500,2728.6000,4257,0,59786040.000,0,-,-,-,-,2728.2000,2727.6000,2727.0000,2726.2000,2726.0000,2730.0000,2732.4000,2734.0000,2735.2000,2738.0000,2,1,2,1,1,1,1,1,1,3
SF,IH2012,2020-06-02 09:35:20.500,2728.2000,4256,-1,60604500.000,1,0,1,双平,S,2727.6000,2727.0000,2726.2000,2726.0000,2725.0000,2730.0000,2732.4000,2734.0000,2735.2000,2738.0000,1,2,1,1,3,1,1,1,1,3
SF,IH2012,2020-06-02 09:35:21.000,2728.2000,4256,0,60604500.000,0,-,-,-,-,2727.8000,2727.6000,2727.0000,2726.2000,2726.0000,2730.0000,2732.4000,2734.0000,2735.2000,2738.0000,2,1,2,1,1,1,1,1,1,3
SF,IH2012,2020-06-02 09:35:21.500,2728.2000,4256,0,60604500.000,0,-,-,-,-,2727.8000,2727.6000,2727.0000,2726.2000,2726.0000,2730.0000,2732.4000,2734.0000,2735.2000,2738.0000,2,1,2,1,1,2,1,1,1,3
SF,IH2012,2020-06-02 09:35:23.000,2728.2000,4256,0,60604500.000,0,-,-,-,-,2727.8000,2727.6000,2727.0000,2726.2000,2726.0000,2730.0000,2732.4000,2734.0000,2735.2000,2738.0000,2,1,2,1,1,2,1,1,1,3
SF,IH2012,2020-06-02 09:35:25.000,2728.2000,4256,0,60604500.000,0,-,-,-,-,2727.8000,2727.6000,2727.0000,2726.2000,2726.0000,2729.6000,2730.0000,2732.4000,2734.0000,2735.2000,2,1,2,1,1,1,2,1,1,1
SF,IH2012,2020-06-02 09:35:25.500,2728.2000,4256,0,60604500.000,0,-,-,-,-,2727.8000,2727.6000,2727.0000,2726.2000,2726.0000,2729.4000,2729.6000,2730.0000,2732.4000,2734.0000,2,1,2,1,1,1,1,1,1,1
SF,IH2012,2020-06-02 09:35:26.000,2728.2000,4256,0,60604500.000,0,-,-,-,-,2728.0000,2727.8000,2727.6000,2727.0000,2726.2000,2729.4000,2729.6000,2730.0000,2732.4000,2734.0000,1,1,1,2,1,1,1,1,1,1
SF,IH2012,2020-06-02 09:35:26.500,2728.2000,4256,0,60604500.000,0,-,-,-,-,2728.0000,2727.8000,2727.6000,2727.0000,2726.2000,2729.4000,2730.0000,2732.4000,2734.0000,2735.2000,1,1,1,2,1,1,1,1,1,1
SF,IH2012,2020-06-02 09:35:28.000,2728.2000,4256,0,60604500.000,0,-,-,-,-,2727.8000,2727.6000,2727.0000,2726.2000,2726.0000,2729.4000,2730.0000,2732.4000,2734.0000,2735.2000,1,1,2,1,1,1,1,1,1,1
SF,IH2012,2020-06-02 09:35:28.500,2728.2000,4256,0,60604500.000,0,-,-,-,-,2728.0000,2727.8000,2727.6000,2727.0000,2726.2000,2729.4000,2730.0000,2732.4000,2734.0000,2735.2000,1,1,1,2,1,1,1,1,1,1
SF,IH2012,2020-06-02 09:35:33.000,2729.4000,4255,-1,61423320.000,1,0,1,双平,S,2728.0000,2727.8000,2727.6000,2727.0000,2726.2000,2730.0000,2732.4000,2734.0000,2735.2000,2738.0000,1,1,1,2,1,1,1,1,1,3
SF,IH2012,2020-06-02 09:35:33.500,2729.4000,4255,0,61423320.000,0,-,-,-,-,2728.2000,2727.6000,2727.0000,2726.2000,2726.0000,2730.0000,2732.4000,2734.0000,2735.2000,2738.0000,3,1,2,1,1,1,1,1,1,3
SF,IH2012,2020-06-02 09:35:34.000,2729.4000,4255,0,61423320.000,0,-,-,-,-,2728.2000,2727.6000,2727.0000,2726.2000,2726.0000,2730.0000,2732.4000,2734.0000,2735.2000,2738.0000,3,1,2,1,1,1,1,1,1,3
SF,IH2012,2020-06-02 09:35:34.500,2729.4000,4255,0,61423320.000,0,-,-,-,-,2728.2000,2727.6000,2727.0000,2726.2000,2726.0000,2730.0000,2732.4000,2734.0000,2735.2000,2738.0000,3,1,2,1,1,1,1,1,1,3
SF,IH2012,2020-06-02 09:35:35.000,2729.4000,4255,0,61423320.000,0,-,-,-,-,2728.2000,2727.6000,2727.0000,2726.2000,2726.0000,2729.8000,2730.0000,2732.4000,2734.0000,2735.2000,3,1,2,1,1,1,1,1,1,1
SF,IH2012,2020-06-02 09:35:35.500,2729.4000,4255,0,61423320.000,0,-,-,-,-,2728.4000,2728.2000,2727.6000,2727.0000,2726.2000,2729.8000,2730.0000,2732.4000,2734.0000,2735.2000,1,2,1,2,1,1,1,1,1,1
SF,IH2012,2020-06-02 09:35:36.000,2729.4000,4255,0,61423320.000,0,-,-,-,-,2728.6000,2728.2000,2727.6000,2727.0000,2726.2000,2730.0000,2732.4000,2734.0000,2735.2000,2738.0000,2,1,1,2,1,1,1,1,1,3
SF,IH2012,2020-06-02 09:35:36.500,2729.4000,4255,0,61423320.000,0,-,-,-,-,2728.6000,2728.2000,2727.6000,2727.0000,2726.0000,2730.0000,2732.4000,2734.0000,2735.2000,2738.0000,2,1,1,2,1,1,1,1,1,3
SF,IH2012,2020-06-02 09:35:37.000,2729.4000,4255,0,61423320.000,0,-,-,-,-,2728.6000,2728.2000,2727.6000,2727.0000,2726.0000,2730.0000,2732.4000,2734.0000,2735.2000,2738.0000,2,1,1,2,1,1,1,1,1,3
SF,IH2012,2020-06-02 09:35:37.500,2729.4000,4255,0,61423320.000,0,-,-,-,-,2728.6000,2728.2000,2727.6000,2727.0000,2726.0000,2730.0000,2732.4000,2734.0000,2735.2000,2738.0000,2,1,1,2,1,1,1,1,1,3
SF,IH2012,2020-06-02 09:35:38.000,2729.4000,4255,0,61423320.000,0,-,-,-,-,2728.6000,2728.2000,2727.6000,2727.0000,2726.0000,2730.0000,2732.4000,2734.0000,2735.2000,2738.0000,2,1,1,2,1,1,1,1,1,3
SF,IH2012,2020-06-02 09:35:39.500,2728.6000,4254,-1,62241900.000,1,0,1,双平,S,2728.6000,2728.2000,2727.6000,2727.0000,2726.0000,2730.0000,2732.4000,2734.0000,2735.2000,2738.0000,1,1,1,2,1,1,1,1,1,3
SF,IH2012,2020-06-02 09:35:40.000,2728.6000,4254,0,62241900.000,0,-,-,-,-,2728.6000,2727.6000,2727.0000,2726.0000,2725.0000,2729.8000,2730.0000,2732.4000,2734.0000,2735.2000,1,1,2,1,3,1,1,1,1,1
SF,IH2012,2020-06-02 09:35:41.000,2728.6000,4254,0,62241900.000,0,-,-,-,-,2728.6000,2727.6000,2727.0000,2726.0000,2725.0000,2729.8000,2730.0000,2732.4000,2734.0000,2735.2000,1,1,2,1,3,1,1,1,1,1
SF,IH2012,2020-06-02 09:35:42.000,2728.6000,4254,0,62241900.000,0,-,-,-,-,2728.6000,2728.2000,2727.6000,2727.0000,2726.0000,2729.8000,2730.0000,2732.4000,2734.0000,2735.2000,1,1,1,2,1,1,1,1,1,1
SF,IH2012,2020-06-02 09:35:42.500,2728.6000,4254,0,62241900.000,0,-,-,-,-,2728.6000,2728.2000,2727.6000,2727.0000,2726.0000,2729.8000,2730.0000,2732.4000,2734.0000,2735.2000,1,1,1,2,1,2,1,1,1,1
SF,IH2012,2020-06-02 09:35:48.000,2729.8000,4253,-1,63879780.000,2,0,2,多平,S,2729.8000,2728.6000,2728.2000,2727.6000,2727.0000,2730.0000,2732.4000,2734.0000,2735.2000,2738.0000,1,1,1,1,2,1,1,1,1,3
SF,IH2012,2020-06-02 09:35:48.500,2730.0000,4252,-1,64698780.000,1,0,1,双平,S,2728.6000,2728.2000,2727.6000,2727.0000,2726.0000,2732.4000,2734.0000,2735.2000,2738.0000,2739.0000,2,1,1,2,1,1,1,1,3,1
SF,IH2012,2020-06-02 09:35:49.000,2730.0000,4252,0,64698780.000,0,-,-,-,-,2728.8000,2728.6000,2728.2000,2727.8000,2727.6000,2731.8000,2732.0000,2732.2000,2732.4000,2734.0000,1,2,1,1,1,1,1,2,1,1
SF,IH2012,2020-06-02 09:35:49.500,2730.0000,4252,0,64698780.000,0,-,-,-,-,2729.0000,2728.8000,2728.6000,2728.2000,2727.8000,2731.6000,2731.8000,2732.2000,2732.4000,2734.0000,1,1,1,1,1,2,1,1,1,1
SF,IH2012,2020-06-02 09:35:52.500,2730.0000,4252,0,64698780.000,0,-,-,-,-,2729.0000,2728.8000,2728.6000,2728.2000,2727.8000,2731.6000,2732.2000,2732.4000,2734.0000,2735.2000,1,1,1,1,1,2,1,1,1,1
SF,IH2012,2020-06-02 09:35:53.000,2730.0000,4252,0,64698780.000,0,-,-,-,-,2729.0000,2728.8000,2728.6000,2728.2000,2727.8000,2731.2000,2731.6000,2732.2000,2732.4000,2733.8000,1,1,1,1,1,1,3,1,1,1
SF,IH2012,2020-06-02 09:35:53.500,2730.0000,4252,0,64698780.000,0,-,-,-,-,2729.2000,2729.0000,2728.8000,2728.6000,2728.2000,2731.0000,2731.2000,2731.6000,2732.4000,2733.8000,1,1,1,1,1,1,1,2,1,1
SF,IH2012,2020-06-02 09:35:54.000,2730.0000,4252,0,64698780.000,0,-,-,-,-,2729.4000,2729.2000,2728.8000,2728.6000,2728.2000,2731.0000,2731.2000,2731.6000,2732.4000,2733.8000,1,1,1,1,1,1,1,2,1,1
SF,IH2012,2020-06-02 09:35:54.500,2730.0000,4252,0,64698780.000,0,-,-,-,-,2729.4000,2729.2000,2728.8000,2728.6000,2728.2000,2731.0000,2731.2000,2731.6000,2732.4000,2733.8000,1,1,1,1,1,1,1,1,1,1
SF,IH2012,2020-06-02 09:35:55.000,2730.0000,4252,0,64698780.000,0,-,-,-,-,2729.4000,2729.2000,2728.6000,2728.2000,2727.8000,2731.0000,2731.2000,2731.6000,2732.4000,2733.8000,1,1,1,1,1,1,1,1,1,1
SF,IH2012,2020-06-02 09:35:55.500,2730.0000,4252,0,64698780.000,0,-,-,-,-,2729.4000,2728.6000,2728.2000,2727.8000,2727.6000,2730.8000,2731.0000,2731.6000,2732.4000,2733.8000,1,1,1,1,1,1,1,1,1,1
SF,IH2012,2020-06-02 09:35:58.000,2730.0000,4252,0,64698780.000,0,-,-,-,-,2729.4000,2728.6000,2728.2000,2727.8000,2727.6000,2731.0000,2732.4000,2733.8000,2734.0000,2735.2000,1,1,1,1,1,1,1,1,1,1
SF,IH2012,2020-06-02 09:35:58.500,2730.0000,4252,0,64698780.000,0,-,-,-,-,2729.6000,2729.4000,2728.6000,2728.2000,2727.8000,2731.0000,2732.4000,2733.8000,2734.0000,2735.2000,2,1,1,1,1,1,1,1,1,1
SF,IH2012,2020-06-02 09:35:59.000,2730.0000,4252,0,64698780.000,0,-,-,-,-,2729.8000,2729.6000,2728.6000,2728.2000,2727.8000,2732.4000,2733.8000,2734.0000,2735.2000,2738.0000,1,2,1,1,1,1,1,1,1,3
SF,IH2012,2020-06-02 09:35:59.500,2730.0000,4252,0,64698780.000,0,-,-,-,-,2729.8000,2729.6000,2728.6000,2728.2000,2727.8000,2732.0000,2732.2000,2732.4000,2733.8000,2734.0000,1,1,1,1,1,2,1,1,1,1
SF,IH2012,2020-06-02 09:36:00.000,2730.0000,4252,0,64698780.000,0,-,-,-,-,2729.8000,2729.6000,2728.6000,2728.2000,2727.8000,2731.8000,2732.0000,2732.4000,2733.8000,2734.0000,1,1,1,1,1,1,2,1,1,1
SF,IH2012,2020-06-02 09:36:00.500,2730.0000,4252,0,64698780.000,0,-,-,-,-,2729.8000,2728.6000,2728.2000,2727.8000,2727.6000,2731.6000,2731.8000,2732.4000,2733.8000,2734.0000,1,1,1,1,1,2,1,1,1,1
SF,IH2012,2020-06-02 09:36:01.000,2730.0000,4252,0,64698780.000,0,-,-,-,-,2729.8000,2728.6000,2728.2000,2727.8000,2727.6000,2731.4000,2731.6000,2732.4000,2733.8000,2734.0000,1,1,1,1,1,1,1,1,1,1
SF,IH2012,2020-06-02 09:36:01.500,2730.0000,4252,0,64698780.000,0,-,-,-,-,2729.8000,2728.6000,2728.2000,2727.8000,2727.6000,2731.2000,2731.4000,2732.4000,2733.8000,2734.0000,1,1,1,1,1,2,1,1,1,1
SF,IH2012,2020-06-02 09:36:03.000,2730.0000,4252,0,64698780.000,0,-,-,-,-,2729.8000,2728.6000,2728.2000,2727.8000,2727.6000,2731.2000,2731.4000,2732.4000,2733.8000,2734.0000,1,1,1,1,1,2,1,1,1,1
SF,IH2012,2020-06-02 09:36:03.500,2730.0000,4252,0,64698780.000,0,-,-,-,-,2729.8000,2728.6000,2728.2000,2727.8000,2727.6000,2731.2000,2731.4000,2732.4000,2733.8000,2734.8000,1,1,1,1,1,2,1,1,1,1
SF,IH2012,2020-06-02 09:36:05.000,2729.8000,4251,-1,65517720.000,1,0,1,双平,S,2728.6000,2728.2000,2727.8000,2727.6000,2727.0000,2729.8000,2731.2000,2731.4000,2732.4000,2733.8000,1,1,1,1,2,1,1,1,1,1
SF,IH2012,2020-06-02 09:36:05.500,2729.8000,4251,0,65517720.000,0,-,-,-,-,2728.8000,2728.6000,2728.2000,2727.8000,2727.6000,2729.8000,2731.2000,2731.4000,2731.8000,2732.4000,2,1,1,1,1,1,1,1,1,1
SF,IH2012,2020-06-02 09:36:07.000,2729.8000,4251,0,65517720.000,0,-,-,-,-,2728.8000,2728.6000,2728.2000,2727.8000,2727.6000,2731.2000,2731.4000,2731.8000,2732.4000,2733.8000,2,1,1,1,1,1,1,1,1,1
SF,IH2012,2020-06-02 09:36:07.500,2729.8000,4251,0,65517720.000,0,-,-,-,-,2728.8000,2728.6000,2728.2000,2727.8000,2727.6000,2731.0000,2731.2000,2731.8000,2732.4000,2733.0000,1,1,1,1,1,2,1,1,1,1
SF,IH2012,2020-06-02 09:36:08.000,2729.8000,4251,0,65517720.000,0,-,-,-,-,2729.0000,2728.8000,2728.6000,2728.2000,2727.8000,2731.0000,2731.2000,2731.8000,2732.4000,2733.0000,1,1,1,1,1,1,1,1,1,1
SF,IH2012,2020-06-02 09:36:08.500,2729.8000,4251,0,65517720.000,0,-,-,-,-,2729.2000,2729.0000,2728.6000,2728.2000,2727.8000,2731.0000,2731.2000,2731.8000,2732.4000,2733.0000,2,1,1,1,1,1,1,1,1,1
SF,IH2012,2020-06-02 09:36:09.000,2729.8000,4251,0,65517720.000,0,-,-,-,-,2729.4000,2729.2000,2729.0000,2728.6000,2728.2000,2731.0000,2731.2000,2731.8000,2732.4000,2733.0000,1,2,1,1,1,1,1,1,1,1
SF,IH2012,2020-06-02 09:36:09.500,2729.8000,4251,0,65517720.000,0,-,-,-,-,2729.4000,2729.2000,2729.0000,2728.6000,2728.2000,2730.8000,2731.0000,2731.2000,2731.8000,2732.4000,1,1,1,1,1,1,1,1,1,1
SF,IH2012,2020-06-02 09:36:10.000,2729.8000,4251,0,65517720.000,0,-,-,-,-,2729.4000,2729.2000,2729.0000,2728.6000,2728.2000,2730.6000,2730.8000,2731.2000,2731.8000,2732.4000,1,1,1,1,1,1,1,1,1,1
SF,IH2012,2020-06-02 09:36:10.500,2729.8000,4251,0,65517720.000,0,-,-,-,-,2729.4000,2729.2000,2729.0000,2728.6000,2728.2000,2730.6000,2731.2000,2731.8000,2732.4000,2733.8000,1,1,1,1,1,1,1,1,1,1
SF,IH2012,2020-06-02 09:36:12.000,2730.6000,4250,-1,66336900.000,1,0,1,双平,S,2729.4000,2729.2000,2729.0000,2728.6000,2728.2000,2731.2000,2731.8000,2732.4000,2733.8000,2734.8000,1,1,1,1,1,1,1,1,1,1
SF,IH2012,2020-06-02 09:36:12.500,2730.6000,4250,0,66336900.000,0,-,-,-,-,2729.6000,2729.4000,2729.0000,2728.6000,2728.2000,2731.2000,2731.8000,2732.4000,2733.2000,2733.8000,1,1,1,1,1,1,1,1,1,1
SF,IH2012,2020-06-02 09:36:13.000,2730.6000,4250,0,66336900.000,0,-,-,-,-,2729.8000,2729.6000,2729.4000,2729.0000,2728.6000,2731.2000,2731.8000,2732.4000,2733.2000,2733.8000,2,1,1,1,1,1,1,1,1,1
SF,IH2012,2020-06-02 09:36:15.500,2730.6000,4250,0,66336900.000,0,-,-,-,-,2729.8000,2729.6000,2729.4000,2729.0000,2728.6000,2731.2000,2731.8000,2733.2000,2733.8000,2734.8000,2,1,1,1,1,1,1,1,1,1
SF,IH2012,2020-06-02 09:36:16.000,2730.6000,4250,0,66336900.000,0,-,-,-,-,2730.0000,2729.8000,2729.4000,2729.0000,2728.6000,2731.2000,2731.8000,2733.2000,2733.8000,2734.8000,1,2,1,1,1,1,1,1,1,1
SF,IH2012,2020-06-02 09:36:16.500,2730.6000,4250,0,66336900.000,0,-,-,-,-,2730.2000,2730.0000,2729.8000,2729.4000,2729.0000,2731.2000,2731.8000,2733.2000,2733.8000,2734.8000,1,1,1,1,1,1,1,1,1,1
SF,IH2012,2020-06-02 09:36:17.000,2730.6000,4250,0,66336900.000,0,-,-,-,-,2730.4000,2730.2000,2729.8000,2729.4000,2729.0000,2731.2000,2731.8000,2733.2000,2733.8000,2734.8000,1,1,1,1,1,1,1,1,1,1
SF,IH2012,2020-06-02 09:36:17.500,2731.2000,4249,-1,67156260.000,1,0,1,双平,S,2730.4000,2730.2000,2729.8000,2729.4000,2729.0000,2731.8000,2733.2000,2733.8000,2734.8000,2735.2000,1,1,1,1,1,1,1,1,1,1
SF,IH2012,2020-06-02 09:36:18.000,2731.2000,4249,0,67156260.000,0,-,-,-,-,2730.4000,2730.2000,2729.8000,2729.4000,2729.0000,2731.8000,2733.2000,2733.8000,2734.8000,2735.2000,1,1,1,1,1,1,1,1,1,1
SF,IH2012,2020-06-02 09:36:18.500,2731.2000,4249,0,67156260.000,0,-,-,-,-,2730.6000,2730.4000,2730.2000,2729.8000,2729.4000,2733.2000,2733.8000,2734.8000,2735.2000,2738.0000,1,1,1,1,1,1,1,1,1,3
SF,IH2012,2020-06-02 09:36:19.000,2731.2000,4249,0,67156260.000,0,-,-,-,-,2730.8000,2730.6000,2730.2000,2729.8000,2729.4000,2733.0000,2733.2000,2733.8000,2734.6000,2734.8000,1,1,1,1,1,1,1,1,1,1
SF,IH2012,2020-06-02 09:36:19.500,2731.2000,4249,0,67156260.000,0,-,-,-,-,2731.2000,2730.8000,2730.6000,2730.2000,2729.8000,2733.2000,2733.8000,2734.6000,2734.8000,2735.2000,1,1,1,1,1,1,1,1,1,1
SF,IH2012,2020-06-02 09:36:20.000,2731.2000,4249,0,67156260.000,0,-,-,-,-,2731.4000,2730.6000,2730.2000,2729.8000,2729.4000,2733.2000,2733.8000,2734.6000,2734.8000,2735.2000,2,1,1,1,1,1,1,1,1,1
SF,IH2012,2020-06-02 09:36:20.500,2731.2000,4249,0,67156260.000,0,-,-,-,-,2731.6000,2731.4000,2730.6000,2730.2000,2729.8000,2733.2000,2733.8000,2734.6000,2734.8000,2735.2000,1,1,1,1,1,1,1,1,1,1
SF,IH2012,2020-06-02 09:36:21.000,2731.2000,4249,0,67156260.000,0,-,-,-,-,2731.8000,2730.6000,2730.2000,2728.2000,2727.6000,2733.2000,2733.8000,2734.6000,2734.8000,2735.2000,2,1,1,1,1,1,1,1,1,1
SF,IH2012,2020-06-02 09:36:21.500,2731.2000,4249,0,67156260.000,0,-,-,-,-,2731.8000,2730.6000,2728.2000,2727.6000,2727.0000,2733.2000,2733.8000,2734.6000,2734.8000,2735.2000,2,1,1,1,2,1,1,1,1,1
SF,IH2012,2020-06-02 09:36:22.000,2731.2000,4249,0,67156260.000,0,-,-,-,-,2731.8000,2728.2000,2727.6000,2727.0000,2726.0000,2733.2000,2733.8000,2734.6000,2734.8000,2735.2000,2,1,1,2,1,1,1,1,1,1
SF,IH2012,2020-06-02 09:36:22.500,2731.2000,4249,0,67156260.000,0,-,-,-,-,2731.8000,2728.2000,2727.6000,2727.0000,2726.0000,2733.2000,2733.8000,2734.6000,2734.8000,2735.2000,2,1,1,2,1,1,1,1,1,1
SF,IH2012,2020-06-02 09:36:23.000,2731.2000,4249,0,67156260.000,0,-,-,-,-,2731.8000,2728.2000,2727.6000,2727.0000,2726.0000,2733.2000,2733.8000,2734.6000,2734.8000,2735.2000,1,1,1,2,1,1,1,1,1,1
SF,IH2012,2020-06-02 09:36:24.000,2731.2000,4249,0,67156260.000,0,-,-,-,-,2731.8000,2728.4000,2728.2000,2727.6000,2727.0000,2733.2000,2733.8000,2734.6000,2734.8000,2735.2000,1,5,1,1,2,1,1,1,1,1
SF,IH2012,2020-06-02 09:36:24.500,2731.2000,4249,0,67156260.000,0,-,-,-,-,2731.8000,2728.4000,2728.2000,2727.6000,2727.0000,2733.2000,2733.8000,2734.6000,2734.8000,2735.2000,1,5,1,1,2,1,1,1,1,1
SF,IH2012,2020-06-02 09:36:25.500,2731.2000,4249,0,67156260.000,0,-,-,-,-,2731.8000,2728.4000,2728.2000,2727.6000,2727.0000,2733.8000,2734.6000,2734.8000,2735.2000,2738.0000,1,5,1,1,2,1,1,1,1,3
SF,IH2012,2020-06-02 09:36:26.000,2731.2000,4249,0,67156260.000,0,-,-,-,-,2732.0000,2731.8000,2728.4000,2728.2000,2727.6000,2733.8000,2734.6000,2734.8000,2735.2000,2738.0000,1,1,5,1,1,1,1,1,1,3
SF,IH2012,2020-06-02 09:36:26.500,2731.2000,4249,0,67156260.000,0,-,-,-,-,2732.2000,2728.4000,2728.2000,2727.6000,2727.0000,2733.8000,2734.6000,2734.8000,2735.2000,2738.0000,3,5,1,1,2,1,1,1,1,3
SF,IH2012,2020-06-02 09:36:27.000,2731.2000,4249,0,67156260.000,0,-,-,-,-,2732.4000,2732.2000,2728.4000,2728.2000,2727.6000,2733.8000,2734.6000,2734.8000,2735.2000,2738.0000,1,2,5,1,1,1,1,1,1,3
SF,IH2012,2020-06-02 09:36:27.500,2733.8000,4248,-1,67976400.000,1,0,1,双平,S,2732.6000,2732.2000,2728.4000,2728.2000,2727.6000,2734.6000,2734.8000,2735.2000,2738.0000,2739.0000,1,1,5,1,1,1,1,1,3,1
SF,IH2012,2020-06-02 09:36:28.000,2733.8000,4248,0,67976400.000,0,-,-,-,-,2732.8000,2732.6000,2728.4000,2728.2000,2727.6000,2734.6000,2734.8000,2735.2000,2736.2000,2738.0000,1,1,5,1,1,1,1,1,1,3
SF,IH2012,2020-06-02 09:36:28.500,2733.8000,4248,0,67976400.000,0,-,-,-,-,2733.0000,2732.8000,2728.4000,2728.2000,2727.6000,2734.6000,2734.8000,2735.2000,2736.2000,2738.0000,1,1,5,1,1,1,1,1,1,3
SF,IH2012,2020-06-02 09:36:29.000,2733.8000,4248,0,67976400.000,0,-,-,-,-,2733.2000,2733.0000,2728.4000,2728.2000,2727.6000,2734.6000,2734.8000,2735.2000,2736.2000,2738.0000,1,1,5,1,1,1,1,1,1,3
SF,IH2012,2020-06-02 09:36:29.500,2733.8000,4248,0,67976400.000,0,-,-,-,-,2733.4000,2733.2000,2728.4000,2728.2000,2727.6000,2734.6000,2734.8000,2735.2000,2736.2000,2738.0000,1,1,5,1,1,1,1,1,1,3
SF,IH2012,2020-06-02 09:36:30.000,2733.8000,4248,0,67976400.000,0,-,-,-,-,2733.4000,2728.4000,2728.2000,2727.6000,2727.0000,2734.6000,2734.8000,2735.2000,2736.2000,2738.0000,1,5,1,1,2,1,1,1,1,3
SF,IH2012,2020-06-02 09:36:31.500,2733.8000,4248,0,67976400.000,0,-,-,-,-,2733.4000,2728.4000,2728.2000,2727.6000,2727.0000,2734.6000,2734.8000,2736.2000,2738.0000,2739.0000,1,5,1,1,2,1,1,1,3,1
SF,IH2012,2020-06-02 09:36:32.000,2734.6000,4247,-1,68796780.000,1,0,1,双平,S,2733.4000,2728.4000,2728.2000,2727.6000,2727.0000,2734.8000,2736.2000,2738.0000,2739.0000,2739.8000,1,5,1,1,2,1,1,3,1,2
SF,IH2012,2020-06-02 09:36:33.000,2734.8000,4247,0,69617220.000,1,0,1,多换,S,2734.8000,2734.6000,2733.4000,2728.4000,2728.2000,2736.2000,2738.0000,2739.0000,2739.8000,2740.0000,3,1,1,5,1,1,3,1,2,1
SF,IH2012,2020-06-02 09:36:33.500,2734.8000,4244,-3,72078540.000,3,0,3,双平,S,2733.4000,2728.4000,2728.2000,2727.6000,2727.0000,2736.0000,2736.2000,2737.6000,2738.0000,2739.0000,1,5,1,1,2,1,1,1,3,1
SF,IH2012,2020-06-02 09:36:34.500,2734.8000,4244,0,72078540.000,0,-,-,-,-,2733.8000,2733.4000,2728.4000,2728.2000,2727.6000,2736.0000,2736.2000,2737.6000,2738.0000,2739.0000,1,1,5,1,1,1,1,1,3,1
SF,IH2012,2020-06-02 09:36:35.000,2734.8000,4244,0,72078540.000,0,-,-,-,-,2734.0000,2733.8000,2728.4000,2728.2000,2727.6000,2736.0000,2736.2000,2737.6000,2738.0000,2739.0000,1,1,5,1,1,1,1,1,3,1
SF,IH2012,2020-06-02 09:36:36.000,2734.8000,4244,0,72078540.000,0,-,-,-,-,2734.2000,2734.0000,2728.4000,2728.2000,2727.6000,2736.0000,2736.2000,2737.6000,2738.0000,2739.0000,1,1,5,1,1,1,1,1,3,1
SF,IH2012,2020-06-02 09:36:36.500,2734.8000,4244,0,72078540.000,0,-,-,-,-,2734.4000,2734.2000,2728.4000,2728.2000,2727.6000,2736.2000,2737.6000,2738.0000,2739.0000,2739.8000,1,1,5,1,1,1,1,3,1,2
SF,IH2012,2020-06-02 09:36:38.000,2734.8000,4244,0,72078540.000,0,-,-,-,-,2734.6000,2734.4000,2728.4000,2728.2000,2727.6000,2736.2000,2737.6000,2738.0000,2739.0000,2739.8000,1,1,5,1,1,1,1,3,1,2
SF,IH2012,2020-06-02 09:36:38.500,2734.8000,4244,0,72078540.000,0,-,-,-,-,2734.8000,2728.8000,2728.4000,2728.2000,2727.6000,2736.2000,2737.6000,2738.0000,2739.0000,2739.8000,1,1,5,1,1,1,1,3,1,2
SF,IH2012,2020-06-02 09:36:39.000,2734.8000,4244,0,72078540.000,0,-,-,-,-,2734.8000,2728.8000,2728.4000,2728.2000,2727.6000,2736.2000,2737.6000,2738.0000,2739.0000,2739.8000,2,1,5,1,1,1,1,3,1,2
SF,IH2012,2020-06-02 09:36:39.500,2736.2000,4244,0,72899400.000,1,0,1,多换,S,2734.8000,2728.8000,2728.4000,2728.2000,2727.6000,2737.6000,2738.0000,2739.0000,2739.2000,2739.8000,1,1,5,1,1,1,3,1,1,2
SF,IH2012,2020-06-02 09:36:40.000,2736.2000,4244,0,72899400.000,0,-,-,-,-,2734.8000,2728.8000,2728.4000,2728.2000,2727.6000,2737.4000,2737.6000,2738.0000,2739.0000,2739.2000,1,1,5,1,1,1,1,3,1,1
SF,IH2012,2020-06-02 09:36:40.500,2736.2000,4244,0,72899400.000,0,-,-,-,-,2734.8000,2728.8000,2728.4000,2728.2000,2727.6000,2737.4000,2737.6000,2738.0000,2739.0000,2739.2000,1,1,5,1,1,1,1,3,1,1
SF,IH2012,2020-06-02 09:36:41.000,2736.2000,4244,0,72899400.000,0,-,-,-,-,2735.2000,2735.0000,2734.8000,2728.8000,2728.4000,2737.4000,2737.6000,2738.0000,2739.0000,2739.2000,1,1,1,1,5,1,1,3,1,1
SF,IH2012,2020-06-02 09:36:41.500,2737.4000,4244,0,73720620.000,1,0,1,多换,S,2735.4000,2735.2000,2735.0000,2728.8000,2728.4000,2737.6000,2738.0000,2739.0000,2739.2000,2739.8000,1,1,1,1,5,1,3,1,1,2
SF,IH2012,2020-06-02 09:36:42.500,2737.4000,4244,0,73720620.000,0,-,-,-,-,2735.6000,2735.4000,2735.2000,2728.8000,2728.4000,2737.6000,2738.0000,2739.0000,2739.2000,2739.8000,1,1,1,1,5,1,3,1,1,1
SF,IH2012,2020-06-02 09:36:43.000,2737.4000,4244,0,73720620.000,0,-,-,-,-,2735.8000,2735.6000,2735.2000,2728.8000,2728.4000,2737.6000,2738.0000,2739.0000,2739.2000,2739.8000,1,1,1,1,5,1,3,1,1,1
SF,IH2012,2020-06-02 09:36:43.500,2737.4000,4244,0,73720620.000,0,-,-,-,-,2735.8000,2735.6000,2728.8000,2728.4000,2728.2000,2737.6000,2738.0000,2739.0000,2739.2000,2739.8000,1,1,1,5,1,1,3,1,1,1
SF,IH2012,2020-06-02 09:36:44.000,2737.4000,4244,0,73720620.000,0,-,-,-,-,2735.8000,2735.6000,2728.8000,2728.4000,2728.2000,2737.6000,2738.0000,2739.0000,2739.2000,2739.8000,1,1,1,5,1,1,2,1,1,1
SF,IH2012,2020-06-02 09:36:46.000,2737.4000,4244,0,73720620.000,0,-,-,-,-,2735.8000,2735.6000,2728.8000,2728.4000,2728.2000,2737.0000,2737.6000,2738.0000,2739.0000,2739.2000,1,1,1,5,1,1,1,2,1,1
SF,IH2012,2020-06-02 09:36:46.500,2737.4000,4244,0,73720620.000,0,-,-,-,-,2735.8000,2728.8000,2728.4000,2728.2000,2727.6000,2737.0000,2737.6000,2738.0000,2739.0000,2739.2000,1,1,5,1,1,1,1,2,1,1
SF,IH2012,2020-06-02 09:36:48.000,2737.4000,4244,0,73720620.000,0,-,-,-,-,2735.8000,2728.8000,2728.4000,2728.2000,2727.6000,2737.0000,2737.6000,2738.0000,2739.0000,2739.2000,1,1,5,1,1,1,1,2,1,1
SF,IH2012,2020-06-02 09:36:49.000,2737.4000,4244,0,73720620.000,0,-,-,-,-,2735.8000,2728.8000,2728.4000,2728.2000,2727.6000,2737.0000,2737.4000,2737.6000,2738.0000,2739.0000,1,1,5,1,1,1,1,1,2,1
SF,IH2012,2020-06-02 09:36:50.000,2735.8000,4243,-1,74541360.000,1,0,1,双平,S,2728.8000,2728.4000,2728.2000,2727.6000,2727.0000,2737.0000,2737.4000,2737.6000,2738.0000,2739.0000,1,5,1,1,2,1,1,1,2,1
SF,IH2012,2020-06-02 09:36:50.500,2735.8000,4243,0,74541360.000,0,-,-,-,-,2729.6000,2729.2000,2729.0000,2728.8000,2728.4000,2736.8000,2737.0000,2737.4000,2737.6000,2738.0000,4,5,6,1,5,1,1,1,1,2
SF,IH2012,2020-06-02 09:36:51.000,2735.8000,4243,0,74541360.000,0,-,-,-,-,2730.0000,2729.8000,2729.0000,2728.8000,2728.4000,2736.8000,2737.0000,2737.4000,2737.6000,2738.0000,5,4,3,1,5,1,1,1,1,2
SF,IH2012,2020-06-02 09:36:51.500,2735.8000,4243,0,74541360.000,0,-,-,-,-,2730.2000,2730.0000,2729.8000,2729.0000,2728.8000,2736.8000,2737.0000,2737.4000,2737.6000,2738.0000,4,5,2,3,1,1,1,1,1,2
SF,IH2012,2020-06-02 09:36:52.000,2735.8000,4243,0,74541360.000,0,-,-,-,-,2731.4000,2730.6000,2730.2000,2729.8000,2729.0000,2736.6000,2736.8000,2737.0000,2737.4000,2737.6000,1,5,4,2,2,2,1,1,1,1
SF,IH2012,2020-06-02 09:36:52.500,2735.8000,4243,0,74541360.000,0,-,-,-,-,2731.8000,2731.6000,2731.4000,2730.2000,2729.8000,2736.4000,2736.6000,2737.0000,2737.4000,2737.6000,5,2,1,3,2,1,1,1,1,1
SF,IH2012,2020-06-02 09:36:53.000,2735.8000,4243,0,74541360.000,0,-,-,-,-,2732.0000,2731.8000,2731.6000,2731.4000,2730.2000,2736.4000,2736.6000,2737.0000,2737.4000,2737.6000,1,6,1,1,3,1,1,1,1,1
SF,IH2012,2020-06-02 09:36:53.500,2735.8000,4243,0,74541360.000,0,-,-,-,-,2732.4000,2732.0000,2731.8000,2731.6000,2730.2000,2736.2000,2736.4000,2737.0000,2737.4000,2737.6000,5,1,1,1,3,1,1,1,1,1
SF,IH2012,2020-06-02 09:36:54.000,2735.8000,4243,0,74541360.000,0,-,-,-,-,2732.6000,2732.4000,2731.8000,2731.6000,2730.2000,2736.0000,2736.2000,2737.0000,2737.4000,2737.6000,1,6,1,1,3,1,1,1,1,1
SF,IH2012,2020-06-02 09:36:54.500,2735.8000,4243,0,74541360.000,0,-,-,-,-,2733.0000,2732.6000,2732.4000,2731.8000,2731.6000,2736.0000,2737.0000,2737.4000,2737.6000,2738.0000,5,1,1,1,1,1,1,1,1,2
SF,IH2012,2020-06-02 09:36:55.000,2735.8000,4243,0,74541360.000,0,-,-,-,-,2733.2000,2732.4000,2731.8000,2731.6000,2730.2000,2736.0000,2737.0000,2737.4000,2737.6000,2738.0000,1,1,1,1,3,1,1,1,1,2
SF,IH2012,2020-06-02 09:36:55.500,2735.8000,4243,0,74541360.000,0,-,-,-,-,2733.2000,2732.4000,2731.6000,2730.2000,2729.8000,2735.8000,2736.0000,2737.0000,2737.4000,2737.6000,2,1,1,3,2,1,1,1,1,1
SF,IH2012,2020-06-02 09:36:56.000,2735.8000,4243,0,74541360.000,0,-,-,-,-,2733.2000,2732.4000,2731.6000,2730.2000,2729.8000,2735.6000,2735.8000,2737.0000,2737.4000,2737.6000,2,1,1,3,2,1,1,1,1,1
SF,IH2012,2020-06-02 09:36:56.500,2735.8000,4243,0,74541360.000,0,-,-,-,-,2733.4000,2733.2000,2732.4000,2731.6000,2730.2000,2737.0000,2737.4000,2737.6000,2738.0000,2739.0000,1,2,1,1,3,1,1,1,2,1
SF,IH2012,2020-06-02 09:36:57.000,2735.8000,4243,0,74541360.000,0,-,-,-,-,2733.6000,2733.2000,2731.6000,2730.2000,2729.8000,2736.8000,2737.0000,2737.4000,2737.6000,2738.0000,1,1,1,3,2,1,1,1,1,2
SF,IH2012,2020-06-02 09:36:57.500,2735.8000,4243,0,74541360.000,0,-,-,-,-,2733.8000,2733.6000,2733.2000,2731.6000,2730.2000,2736.8000,2737.0000,2737.4000,2737.6000,2738.0000,1,1,1,1,3,1,1,1,1,2
SF,IH2012,2020-06-02 09:36:58.000,2735.8000,4243,0,74541360.000,0,-,-,-,-,2734.0000,2733.8000,2733.2000,2731.6000,2730.2000,2736.8000,2737.0000,2737.4000,2737.6000,2738.0000,1,1,1,1,3,1,1,1,1,2
SF,IH2012,2020-06-02 09:36:59.000,2735.8000,4243,0,74541360.000,0,-,-,-,-,2734.0000,2733.2000,2731.6000,2730.2000,2729.8000,2736.0000,2736.6000,2736.8000,2737.0000,2737.4000,1,1,1,3,2,1,1,1,1,1
SF,IH2012,2020-06-02 09:36:59.500,2735.8000,4243,0,74541360.000,0,-,-,-,-,2734.2000,2734.0000,2731.6000,2730.2000,2729.8000,2735.8000,2736.0000,2736.6000,2737.0000,2737.4000,2,1,1,3,2,1,1,1,1,1
SF,IH2012,2020-06-02 09:37:00.000,2735.8000,4243,0,74541360.000,0,-,-,-,-,2734.2000,2734.0000,2731.6000,2730.2000,2729.8000,2735.6000,2735.8000,2736.0000,2736.6000,2737.0000,1,1,1,3,2,1,1,1,1,1
SF,IH2012,2020-06-02 09:37:00.500,2735.8000,4243,0,74541360.000,0,-,-,-,-,2734.2000,2734.0000,2731.6000,2730.2000,2729.8000,2735.4000,2735.6000,2736.0000,2736.6000,2737.0000,1,1,1,3,2,1,1,1,1,1
SF,IH2012,2020-06-02 09:37:01.000,2735.8000,4243,0,74541360.000,0,-,-,-,-,2734.6000,2734.2000,2734.0000,2731.6000,2730.2000,2735.4000,2736.0000,2736.6000,2737.0000,2737.4000,1,1,1,1,3,1,1,1,1,1
SF,IH2012,2020-06-02 09:37:01.500,2735.8000,4243,0,74541360.000,0,-,-,-,-,2734.6000,2734.2000,2734.0000,2731.6000,2730.2000,2735.4000,2736.0000,2737.0000,2737.4000,2737.6000,1,1,1,1,3,1,1,1,1,1
SF,IH2012,2020-06-02 09:37:02.000,2735.4000,4242,-1,75361980.000,1,0,1,双平,S,2735.4000,2734.6000,2734.2000,2734.0000,2731.6000,2736.0000,2737.0000,2737.4000,2737.6000,2738.0000,1,1,1,1,1,1,1,1,1,2
SF,IH2012,2020-06-02 09:37:02.500,2736.0000,4241,-1,76182780.000,1,0,1,双平,S,2736.0000,2735.4000,2734.6000,2734.2000,2734.0000,2737.0000,2737.4000,2737.6000,2738.0000,2739.0000,1,1,1,1,1,1,1,1,2,1
SF,IH2012,2020-06-02 09:37:03.000,2736.0000,4241,0,76182780.000,0,-,-,-,-,2735.4000,2734.6000,2734.2000,2734.0000,2731.6000,2736.8000,2737.0000,2737.4000,2737.6000,2738.0000,1,1,1,1,1,1,1,1,1,2
SF,IH2012,2020-06-02 09:37:03.500,2736.0000,4241,0,76182780.000,0,-,-,-,-,2735.6000,2735.4000,2734.6000,2734.2000,2731.6000,2736.8000,2737.0000,2737.4000,2737.6000,2738.0000,1,1,1,1,1,1,1,1,1,2
SF,IH2012,2020-06-02 09:37:05.000,2735.6000,4240,-1,77003460.000,1,0,1,双平,S,2735.4000,2734.6000,2734.2000,2731.6000,2730.2000,2736.8000,2737.0000,2737.4000,2737.6000,2738.0000,1,1,1,1,3,1,1,1,1,2
SF,IH2012,2020-06-02 09:37:05.500,2735.6000,4240,0,77003460.000,0,-,-,-,-,2735.6000,2735.4000,2734.6000,2734.2000,2731.6000,2736.8000,2737.0000,2737.4000,2737.6000,2738.0000,1,1,1,1,1,1,1,1,1,2
SF,IH2012,2020-06-02 09:37:06.000,2735.6000,4240,0,77003460.000,0,-,-,-,-,2735.6000,2735.4000,2734.6000,2734.2000,2731.6000,2736.8000,2737.0000,2737.4000,2737.6000,2738.0000,1,1,1,1,1,1,1,1,1,2
SF,IH2012,2020-06-02 09:37:06.500,2735.6000,4240,0,77003460.000,0,-,-,-,-,2735.6000,2735.4000,2734.6000,2734.2000,2731.6000,2736.8000,2737.0000,2737.4000,2737.6000,2738.0000,1,1,1,1,1,1,1,1,1,2
SF,IH2012,2020-06-02 09:37:08.000,2735.6000,4240,0,77003460.000,0,-,-,-,-,2735.6000,2735.4000,2734.6000,2734.2000,2731.6000,2736.8000,2737.0000,2737.4000,2737.6000,2738.0000,1,1,1,1,1,1,1,1,1,2
SF,IH2012,2020-06-02 09:37:10.000,2735.6000,4240,0,77003460.000,0,-,-,-,-,2735.6000,2735.4000,2734.6000,2734.2000,2731.6000,2736.4000,2736.8000,2737.0000,2737.4000,2737.6000,1,1,1,1,1,1,1,1,1,1
SF,IH2012,2020-06-02 09:37:10.500,2736.4000,4239,-1,77824380.000,1,0,1,双平,S,2735.8000,2735.6000,2735.4000,2734.6000,2734.2000,2737.0000,2737.4000,2737.6000,2738.0000,2738.6000,1,1,1,1,1,1,1,1,2,1
SF,IH2012,2020-06-02 09:37:11.000,2736.4000,4239,0,77824380.000,0,-,-,-,-,2736.0000,2735.8000,2735.4000,2734.6000,2734.2000,2737.0000,2737.4000,2737.6000,2738.0000,2738.6000,1,1,1,1,1,1,1,1,2,1
SF,IH2012,2020-06-02 09:37:12.000,2736.4000,4239,0,77824380.000,0,-,-,-,-,2736.0000,2735.4000,2734.6000,2734.2000,2731.6000,2737.0000,2737.4000,2737.6000,2738.0000,2738.6000,1,1,1,1,1,1,1,1,2,1
SF,IH2012,2020-06-02 09:37:14.500,2736.4000,4239,0,77824380.000,0,-,-,-,-,2736.0000,2735.4000,2734.6000,2734.2000,2731.6000,2737.0000,2737.4000,2737.6000,2738.0000,2738.6000,2,1,1,1,1,1,1,1,2,1
SF,IH2012,2020-06-02 09:37:17.500,2736.0000,4238,-1,79465980.000,2,0,2,多平,S,2735.4000,2734.6000,2734.2000,2731.6000,2730.2000,2735.8000,2736.0000,2737.0000,2737.4000,2737.6000,1,1,1,1,3,1,1,1,1,1
SF,IH2012,2020-06-02 09:37:18.000,2736.0000,4236,-2,81107520.000,2,0,2,双平,S,2735.4000,2734.6000,2734.2000,2731.6000,2730.2000,2737.0000,2737.4000,2737.6000,2738.0000,2738.6000,1,1,1,1,3,1,1,1,2,1
SF,IH2012,2020-06-02 09:37:18.500,2735.4000,4235,-1,81928140.000,1,0,1,双平,S,2734.6000,2734.2000,2731.6000,2730.2000,2730.0000,2736.8000,2737.0000,2737.4000,2737.6000,2738.0000,1,1,1,3,1,1,1,1,1,2
SF,IH2012,2020-06-02 09:37:19.000,2735.4000,4235,0,81928140.000,0,-,-,-,-,2734.6000,2734.2000,2732.6000,2731.6000,2730.2000,2736.8000,2737.0000,2737.4000,2737.6000,2738.0000,1,1,1,1,3,1,1,1,1,2
SF,IH2012,2020-06-02 09:37:19.500,2735.4000,4235,0,81928140.000,0,-,-,-,-,2734.8000,2734.6000,2734.2000,2732.6000,2731.6000,2736.6000,2736.8000,2737.0000,2737.4000,2737.6000,1,1,1,1,1,1,1,1,1,1
SF,IH2012,2020-06-02 09:37:21.000,2735.4000,4235,0,81928140.000,0,-,-,-,-,2735.0000,2734.8000,2734.6000,2734.2000,2732.6000,2736.6000,2736.8000,2737.0000,2737.4000,2737.6000,1,1,1,1,1,1,1,1,1,1
SF,IH2012,2020-06-02 09:37:21.500,2735.4000,4235,0,81928140.000,0,-,-,-,-,2735.2000,2735.0000,2734.6000,2734.2000,2731.6000,2736.4000,2736.6000,2736.8000,2737.0000,2737.4000,1,1,1,1,1,1,1,1,1,1
SF,IH2012,2020-06-02 09:37:22.000,2735.4000,4235,0,81928140.000,0,-,-,-,-,2735.0000,2734.6000,2734.2000,2731.6000,2730.2000,2736.2000,2737.0000,2737.4000,2737.6000,2738.0000,1,1,1,1,3,2,1,1,1,2
SF,IH2012,2020-06-02 09:37:23.500,2735.4000,4235,0,81928140.000,0,-,-,-,-,2735.0000,2734.6000,2734.2000,2731.6000,2730.2000,2736.0000,2736.2000,2737.0000,2737.4000,2737.6000,1,1,1,1,3,1,2,1,1,1
SF,IH2012,2020-06-02 09:37:24.000,2735.0000,4234,-1,82748640.000,1,0,1,双平,S,2734.6000,2734.2000,2731.6000,2730.2000,2730.0000,2735.8000,2736.0000,2737.0000,2737.4000,2737.6000,1,1,1,3,1,2,1,1,1,1
SF,IH2012,2020-06-02 09:37:24.500,2735.0000,4234,0,82748640.000,0,-,-,-,-,2734.6000,2734.2000,2733.0000,2731.6000,2730.2000,2735.8000,2736.0000,2737.0000,2737.4000,2737.6000,1,1,1,1,3,2,1,1,1,1
SF,IH2012,2020-06-02 09:37:25.000,2735.0000,4234,0,82748640.000,0,-,-,-,-,2734.6000,2734.2000,2733.0000,2731.6000,2730.2000,2735.8000,2736.0000,2737.0000,2737.4000,2737.6000,1,1,1,1,3,2,1,1,1,1
SF,IH2012,2020-06-02 09:37:26.000,2735.0000,4234,0,82748640.000,0,-,-,-,-,2734.6000,2734.2000,2733.0000,2731.6000,2730.2000,2735.8000,2736.0000,2737.0000,2737.4000,2737.6000,1,1,1,1,3,2,1,1,1,1
SF,IH2012,2020-06-02 09:37:26.500,2735.0000,4234,0,82748640.000,0,-,-,-,-,2734.6000,2734.2000,2733.0000,2731.6000,2730.2000,2735.8000,2736.0000,2737.0000,2737.4000,2737.6000,1,1,1,1,3,1,1,1,1,1
SF,IH2012,2020-06-02 09:37:27.000,2735.0000,4234,0,82748640.000,0,-,-,-,-,2734.8000,2734.6000,2734.2000,2733.0000,2731.6000,2737.0000,2737.4000,2737.6000,2738.0000,2738.6000,1,1,1,1,1,1,1,1,2,1
SF,IH2012,2020-06-02 09:37:27.500,2735.0000,4234,0,82748640.000,0,-,-,-,-,2734.8000,2734.6000,2734.2000,2733.0000,2731.6000,2736.6000,2736.8000,2737.0000,2737.4000,2737.6000,1,1,1,1,1,1,2,1,1,1
SF,IH2012,2020-06-02 09:37:28.000,2735.0000,4234,0,82748640.000,0,-,-,-,-,2734.8000,2734.6000,2734.2000,2733.0000,2731.6000,2736.4000,2736.6000,2737.0000,2737.4000,2737.6000,1,1,1,1,1,2,1,1,1,1
SF,IH2012,2020-06-02 09:37:28.500,2735.0000,4234,0,82748640.000,0,-,-,-,-,2734.8000,2734.6000,2734.2000,2733.0000,2731.6000,2736.2000,2736.4000,2737.0000,2737.4000,2737.6000,1,1,1,1,1,1,2,1,1,1
SF,IH2012,2020-06-02 09:37:29.000,2735.0000,4234,0,82748640.000,0,-,-,-,-,2734.8000,2734.6000,2734.2000,2733.0000,2731.6000,2736.0000,2736.2000,2736.4000,2737.0000,2737.4000,1,1,1,1,1,1,1,1,1,1
SF,IH2012,2020-06-02 09:37:29.500,2735.0000,4234,0,82748640.000,0,-,-,-,-,2734.8000,2734.6000,2734.2000,2733.0000,2731.6000,2736.0000,2736.2000,2736.4000,2737.0000,2737.4000,1,1,1,1,1,1,1,1,1,1
SF,IH2012,2020-06-02 09:37:30.500,2735.0000,4234,0,82748640.000,0,-,-,-,-,2734.8000,2734.6000,2734.2000,2733.0000,2731.6000,2736.0000,2736.4000,2737.0000,2737.4000,2737.6000,1,1,1,1,1,1,1,1,1,1
SF,IH2012,2020-06-02 09:37:32.000,2735.0000,4234,0,82748640.000,0,-,-,-,-,2734.8000,2734.6000,2734.2000,2733.0000,2731.6000,2736.4000,2737.0000,2737.4000,2737.6000,2738.0000,1,1,1,1,1,1,1,1,1,2
SF,IH2012,2020-06-02 09:37:32.500,2735.0000,4234,0,82748640.000,0,-,-,-,-,2735.0000,2734.8000,2734.6000,2734.2000,2733.0000,2736.4000,2737.0000,2737.4000,2737.6000,2738.0000,2,1,1,1,1,1,1,1,1,2
SF,IH2012,2020-06-02 09:37:33.000,2735.0000,4234,0,82748640.000,0,-,-,-,-,2735.0000,2734.8000,2734.6000,2734.2000,2733.0000,2736.2000,2736.4000,2737.0000,2737.4000,2737.6000,2,1,1,1,1,1,1,1,1,1
SF,IH2012,2020-06-02 09:37:33.500,2735.0000,4234,0,82748640.000,0,-,-,-,-,2735.0000,2734.8000,2734.6000,2734.2000,2733.0000,2736.2000,2736.4000,2737.0000,2737.4000,2737.6000,1,1,1,1,1,1,1,1,1,1
SF,IH2012,2020-06-02 09:37:35.000,2735.0000,4234,0,82748640.000,0,-,-,-,-,2735.0000,2734.8000,2734.6000,2734.2000,2733.0000,2736.2000,2736.4000,2737.0000,2737.4000,2737.6000,1,1,1,1,1,1,1,1,1,1
SF,IH2012,2020-06-02 09:37:37.000,2735.0000,4234,0,82748640.000,0,-,-,-,-,2735.0000,2734.8000,2734.6000,2734.2000,2733.0000,2736.2000,2736.4000,2737.0000,2737.4000,2737.6000,2,1,1,1,1,1,1,1,1,1
SF,IH2012,2020-06-02 09:37:37.500,2735.0000,4234,0,82748640.000,0,-,-,-,-,2735.0000,2734.8000,2734.6000,2734.2000,2733.0000,2736.0000,2736.2000,2737.0000,2737.4000,2737.6000,2,1,1,1,1,1,1,1,1,1
SF,IH2012,2020-06-02 09:37:38.000,2735.0000,4234,0,82748640.000,0,-,-,-,-,2735.0000,2734.8000,2734.6000,2734.2000,2733.0000,2735.8000,2736.0000,2737.0000,2737.4000,2737.6000,2,1,1,1,1,1,1,1,1,1
SF,IH2012,2020-06-02 09:37:38.500,2735.0000,4234,0,82748640.000,0,-,-,-,-,2735.0000,2734.8000,2734.2000,2733.0000,2731.6000,2735.8000,2736.0000,2737.0000,2737.4000,2737.6000,2,1,1,1,1,1,1,1,1,1
SF,IH2012,2020-06-02 09:37:39.500,2735.0000,4234,0,82748640.000,0,-,-,-,-,2735.0000,2734.8000,2734.2000,2733.0000,2731.6000,2736.0000,2737.0000,2737.4000,2737.6000,2738.0000,2,1,1,1,1,1,1,1,1,2
SF,IH2012,2020-06-02 09:37:40.500,2735.0000,4234,0,82748640.000,0,-,-,-,-,2735.0000,2734.8000,2734.2000,2733.0000,2731.6000,2735.8000,2736.0000,2737.0000,2737.4000,2737.6000,2,1,1,1,1,1,1,1,1,1
SF,IH2012,2020-06-02 09:37:41.000,2735.8000,4233,-1,83569380.000,1,0,1,双平,S,2735.0000,2734.8000,2734.2000,2733.0000,2731.6000,2736.0000,2737.4000,2737.6000,2738.0000,2738.6000,2,1,1,1,1,1,1,1,2,1
SF,IH2012,2020-06-02 09:37:44.000,2735.8000,4233,0,83569380.000,0,-,-,-,-,2735.0000,2734.8000,2734.2000,2733.0000,2731.6000,2736.0000,2737.0000,2737.4000,2737.6000,2738.0000,2,1,1,1,1,1,1,1,1,2
SF,IH2012,2020-06-02 09:37:44.500,2735.8000,4233,0,83569380.000,0,-,-,-,-,2735.0000,2734.8000,2734.2000,2733.0000,2731.6000,2736.0000,2737.0000,2737.4000,2737.6000,2738.0000,1,1,1,1,1,1,1,1,1,2
SF,IH2012,2020-06-02 09:37:46.000,2735.8000,4233,0,83569380.000,0,-,-,-,-,2735.0000,2734.8000,2734.2000,2733.0000,2731.6000,2736.0000,2737.0000,2737.4000,2737.6000,2738.0000,1,1,1,1,1,2,1,1,1,2
SF,IH2012,2020-06-02 09:37:47.500,2735.8000,4233,0,83569380.000,0,-,-,-,-,2735.0000,2734.8000,2734.2000,2733.0000,2731.6000,2736.0000,2737.0000,2737.4000,2737.6000,2738.0000,1,1,1,1,1,2,1,1,1,2
SF,IH2012,2020-06-02 09:37:48.000,2736.0000,4232,-1,84390180.000,1,0,1,双平,S,2735.0000,2734.8000,2734.2000,2733.0000,2731.6000,2737.0000,2737.4000,2737.6000,2738.0000,2738.6000,1,1,1,1,1,1,1,1,2,1
SF,IH2012,2020-06-02 09:37:48.500,2736.0000,4232,0,84390180.000,0,-,-,-,-,2735.2000,2735.0000,2734.2000,2733.0000,2731.6000,2736.8000,2737.0000,2737.4000,2737.6000,2738.0000,1,1,1,1,1,2,1,1,1,2
SF,IH2012,2020-06-02 09:37:49.000,2736.0000,4232,0,84390180.000,0,-,-,-,-,2736.0000,2735.8000,2735.2000,2735.0000,2734.2000,2736.6000,2736.8000,2737.0000,2737.4000,2737.6000,3,1,1,1,1,1,1,1,1,1
SF,IH2012,2020-06-02 09:37:49.500,2736.0000,4232,0,84390180.000,0,-,-,-,-,2736.0000,2735.8000,2735.2000,2735.0000,2734.2000,2736.6000,2737.0000,2737.4000,2737.6000,2738.0000,3,1,1,1,1,1,1,1,1,2
SF,IH2012,2020-06-02 09:37:50.000,2736.6000,4232,0,85211160.000,1,0,1,多换,S,2736.0000,2735.8000,2735.2000,2735.0000,2734.2000,2737.0000,2737.4000,2737.6000,2738.0000,2738.6000,3,1,1,1,1,1,1,1,2,1
SF,IH2012,2020-06-02 09:37:50.500,2736.0000,4231,-1,86031960.000,1,0,1,双平,S,2736.0000,2735.8000,2735.2000,2735.0000,2734.2000,2737.0000,2737.4000,2737.6000,2738.0000,2738.6000,2,1,1,1,1,1,1,1,2,2
SF,IH2012,2020-06-02 09:37:51.000,2736.0000,4229,-2,87673560.000,2,0,2,双平,S,2735.8000,2735.2000,2735.0000,2734.2000,2731.6000,2737.0000,2737.4000,2737.6000,2738.0000,2738.6000,1,1,1,1,1,1,1,1,2,2
SF,IH2012,2020-06-02 09:37:51.500,2735.8000,4228,-1,88494300.000,1,0,1,双平,S,2735.2000,2735.0000,2734.2000,2731.6000,2730.2000,2735.8000,2736.8000,2737.0000,2737.4000,2737.6000,1,1,1,1,3,1,1,1,1,1
SF,IH2012,2020-06-02 09:37:52.000,2735.8000,4228,0,88494300.000,0,-,-,-,-,2735.2000,2735.0000,2734.2000,2731.6000,2730.2000,2735.8000,2736.8000,2737.0000,2737.4000,2737.6000,1,1,1,1,3,1,1,1,1,1
SF,IH2012,2020-06-02 09:37:52.500,2735.8000,4228,0,88494300.000,0,-,-,-,-,2735.2000,2735.0000,2734.2000,2731.6000,2730.2000,2735.8000,2737.0000,2737.4000,2737.6000,2738.0000,1,1,1,1,3,1,1,1,1,2
SF,IH2012,2020-06-02 09:37:54.000,2735.8000,4228,0,88494300.000,0,-,-,-,-,2735.2000,2735.0000,2734.2000,2731.6000,2730.2000,2736.8000,2737.0000,2737.6000,2738.0000,2738.6000,1,1,1,1,3,1,2,1,2,1
SF,IH2012,2020-06-02 09:37:54.500,2735.8000,4228,0,88494300.000,0,-,-,-,-,2735.2000,2735.0000,2734.2000,2731.6000,2730.2000,2736.6000,2736.8000,2737.0000,2737.6000,2738.0000,1,1,1,1,3,1,1,2,1,3
SF,IH2012,2020-06-02 09:37:57.000,2735.8000,4228,0,88494300.000,0,-,-,-,-,2736.0000,2735.4000,2735.2000,2735.0000,2734.2000,2736.6000,2736.8000,2737.0000,2737.6000,2738.0000,1,1,1,1,1,1,1,1,1,3
SF,IH2012,2020-06-02 09:37:57.500,2736.0000,4228,0,89315100.000,1,0,1,多换,S,2735.4000,2735.2000,2735.0000,2734.2000,2731.6000,2736.6000,2736.8000,2737.0000,2737.6000,2738.0000,1,1,1,1,1,1,1,1,1,3
SF,IH2012,2020-06-02 09:38:00.500,2736.0000,4228,0,89315100.000,0,-,-,-,-,2735.4000,2735.2000,2735.0000,2734.2000,2731.6000,2736.6000,2736.8000,2737.0000,2737.6000,2738.0000,1,1,1,1,1,2,1,1,1,3
SF,IH2012,2020-06-02 09:38:02.000,2736.0000,4228,0,89315100.000,0,-,-,-,-,2735.2000,2735.0000,2734.2000,2731.6000,2730.2000,2736.6000,2736.8000,2737.0000,2737.6000,2738.0000,1,1,1,1,5,2,1,1,1,3
SF,IH2012,2020-06-02 09:38:04.000,2736.0000,4228,0,89315100.000,0,-,-,-,-,2735.2000,2735.0000,2734.2000,2731.6000,2730.2000,2736.6000,2736.8000,2737.0000,2737.6000,2738.0000,1,1,1,1,5,2,1,1,1,3
SF,IH2012,2020-06-02 09:38:05.000,2736.0000,4228,0,89315100.000,0,-,-,-,-,2735.2000,2735.0000,2734.2000,2731.6000,2730.2000,2736.6000,2736.8000,2737.6000,2738.0000,2738.2000,1,1,1,1,5,2,1,1,3,1
SF,IH2012,2020-06-02 09:38:05.500,2736.0000,4228,0,89315100.000,0,-,-,-,-,2735.2000,2735.0000,2734.2000,2731.6000,2730.2000,2736.6000,2736.8000,2737.6000,2738.0000,2738.2000,1,1,1,1,5,2,1,1,3,1
SF,IH2012,2020-06-02 09:38:06.500,2736.0000,4228,0,89315100.000,0,-,-,-,-,2735.2000,2735.0000,2734.2000,2731.6000,2730.2000,2736.6000,2736.8000,2737.6000,2738.0000,2738.2000,1,1,1,1,5,2,1,1,3,1
SF,IH2012,2020-06-02 09:38:11.500,2736.0000,4228,0,89315100.000,0,-,-,-,-,2735.2000,2735.0000,2734.2000,2731.6000,2730.2000,2736.6000,2736.8000,2737.6000,2738.0000,2738.2000,1,1,1,1,5,1,1,1,3,1
SF,IH2012,2020-06-02 09:38:12.000,2736.0000,4228,0,89315100.000,0,-,-,-,-,2735.0000,2734.2000,2730.2000,2730.0000,2729.8000,2736.6000,2736.8000,2737.6000,2738.0000,2738.2000,1,1,5,6,3,1,1,1,3,1
SF,IH2012,2020-06-02 09:38:14.000,2736.6000,4228,0,90136080.000,1,0,1,多换,S,2735.2000,2735.0000,2734.2000,2730.2000,2730.0000,2736.8000,2737.6000,2738.0000,2738.2000,2738.6000,1,1,1,5,6,1,1,3,1,1
SF,IH2012,2020-06-02 09:38:14.500,2736.6000,4228,0,90136080.000,0,-,-,-,-,2735.4000,2735.2000,2735.0000,2734.2000,2730.2000,2736.6000,2736.8000,2737.6000,2738.0000,2738.2000,1,1,1,1,5,1,1,1,3,1
SF,IH2012,2020-06-02 09:38:16.000,2735.4000,4227,-1,90956700.000,1,0,1,双平,S,2735.2000,2735.0000,2734.2000,2730.2000,2730.0000,2736.6000,2736.8000,2737.6000,2738.0000,2738.2000,1,1,1,5,6,1,1,1,3,1
SF,IH2012,2020-06-02 09:38:16.500,2735.4000,4227,0,90956700.000,0,-,-,-,-,2735.2000,2735.0000,2734.2000,2730.2000,2730.0000,2736.4000,2736.6000,2736.8000,2737.6000,2738.0000,1,1,1,5,6,1,1,1,1,3
SF,IH2012,2020-06-02 09:38:17.000,2735.4000,4227,0,90956700.000,0,-,-,-,-,2735.2000,2735.0000,2734.2000,2730.2000,2730.0000,2736.4000,2736.6000,2736.8000,2737.6000,2738.0000,1,1,1,5,6,1,1,1,1,3
SF,IH2012,2020-06-02 09:38:17.500,2735.4000,4227,0,90956700.000,0,-,-,-,-,2735.2000,2734.2000,2730.2000,2730.0000,2729.8000,2736.4000,2736.6000,2736.8000,2737.6000,2738.0000,1,1,5,6,3,1,1,1,1,3
SF,IH2012,2020-06-02 09:38:18.000,2735.2000,4227,0,91777260.000,1,0,1,多换,S,2734.2000,2730.2000,2730.0000,2729.8000,2729.0000,2736.0000,2736.2000,2736.4000,2736.6000,2736.8000,1,5,6,3,2,1,1,1,1,1
SF,IH2012,2020-06-02 09:38:18.500,2735.2000,4227,0,91777260.000,0,-,-,-,-,2734.4000,2734.2000,2730.2000,2730.0000,2729.8000,2735.2000,2735.8000,2736.0000,2736.2000,2736.6000,1,1,5,6,3,1,1,1,1,1
SF,IH2012,2020-06-02 09:38:19.000,2735.2000,4226,-1,92597820.000,1,0,1,双平,S,2734.4000,2734.2000,2730.2000,2730.0000,2729.8000,2735.8000,2736.6000,2736.8000,2738.0000,2738.6000,1,1,5,6,3,1,1,1,3,1
SF,IH2012,2020-06-02 09:38:19.500,2735.2000,4226,0,92597820.000,0,-,-,-,-,2734.4000,2734.2000,2730.2000,2730.0000,2729.8000,2735.8000,2736.8000,2738.0000,2738.6000,2739.0000,1,1,5,6,3,1,1,3,1,2
SF,IH2012,2020-06-02 09:38:21.000,2735.2000,4226,0,92597820.000,0,-,-,-,-,2734.4000,2734.2000,2730.2000,2730.0000,2729.8000,2735.8000,2736.8000,2738.0000,2738.6000,2739.0000,1,1,5,6,3,1,1,3,1,2
SF,IH2012,2020-06-02 09:38:22.500,2735.8000,4225,-1,93418560.000,1,0,1,双平,S,2734.4000,2734.2000,2730.2000,2730.0000,2729.8000,2736.8000,2738.0000,2738.6000,2739.0000,2739.8000,1,1,5,6,3,1,3,1,2,1
SF,IH2012,2020-06-02 09:38:23.000,2735.8000,4225,0,93418560.000,0,-,-,-,-,2734.4000,2734.2000,2730.2000,2730.0000,2729.8000,2736.4000,2736.8000,2738.0000,2738.6000,2739.0000,1,1,5,6,3,1,1,3,1,2
SF,IH2012,2020-06-02 09:38:24.500,2735.8000,4225,0,93418560.000,0,-,-,-,-,2734.4000,2734.2000,2730.2000,2730.0000,2729.8000,2736.2000,2736.4000,2736.8000,2738.0000,2738.6000,1,1,5,6,3,1,1,1,3,1
SF,IH2012,2020-06-02 09:38:25.000,2735.8000,4225,0,93418560.000,0,-,-,-,-,2734.4000,2734.2000,2730.2000,2730.0000,2729.8000,2735.8000,2736.2000,2736.8000,2738.0000,2738.6000,1,1,5,6,3,1,1,1,3,1
SF,IH2012,2020-06-02 09:38:25.500,2735.8000,4225,0,93418560.000,0,-,-,-,-,2734.4000,2734.2000,2730.2000,2730.0000,2729.8000,2735.8000,2736.2000,2736.8000,2738.0000,2738.6000,1,1,5,6,3,1,1,1,3,1
SF,IH2012,2020-06-02 09:38:26.000,2735.8000,4225,0,93418560.000,0,-,-,-,-,2734.4000,2734.2000,2730.2000,2730.0000,2729.8000,2735.8000,2736.2000,2736.8000,2738.0000,2738.6000,11,1,5,6,3,1,1,1,3,1
