市场代码,合约代码,时间,最新,持仓,增仓,成交额,成交量,开仓,平仓,成交类型,方向,买一价,买二价,买三价,买四价,买五价,卖一价,卖二价,卖三价,卖四价,卖五价,买一量,买二量,买三量,买四量,买五量,卖一量,卖二量,卖三量,卖四量,卖五量
SF,IH2011,2020-10-13 09:29:00.000,3370.0000,6120,0,7077000.000,7.000,-,-,-,-,3369.6000,3368.6000,3367.6000,3367.2000,3366.6000,3371.0000,3374.2000,3377.0000,3378.0000,3383.0000,2,2,2,1,2,1,4,1,1,1
SF,IH2011,2020-10-13 09:30:00.500,3366.6000,6125,5,15160620.000,8,6,2,空开,S,3366.6000,3365.6000,3365.0000,3363.6000,3362.6000,3368.6000,3369.0000,3369.2000,3369.4000,3369.6000,1,2,1,2,2,2,5,6,5,5
SF,IH2011,2020-10-13 09:30:01.000,3366.6000,6126,1,21220500.000,6,3,3,空开,S,3365.6000,3365.0000,3363.6000,3362.6000,3361.6000,3366.4000,3366.6000,3368.2000,3368.4000,3368.6000,2,1,2,2,2,2,3,4,2,3
SF,IH2011,2020-10-13 09:30:01.500,3365.0000,6125,-1,24249360.000,3,1,2,多平,S,3363.6000,3362.6000,3361.6000,3361.0000,3360.6000,3365.2000,3365.6000,3365.8000,3366.0000,3366.2000,2,2,2,1,2,3,2,1,3,4
SF,IH2011,2020-10-13 09:30:02.000,3364.8000,6124,-1,32323140.000,8,3,5,多平,S,3362.6000,3361.6000,3361.0000,3360.6000,3360.2000,3363.6000,3364.8000,3365.0000,3365.2000,3365.6000,2,2,1,2,1,1,1,1,3,1
SF,IH2011,2020-10-13 09:30:02.500,3362.6000,6124,0,36358560.000,4,2,2,多换,S,3361.6000,3361.0000,3360.6000,3360.2000,3359.6000,3361.8000,3362.2000,3362.6000,3362.8000,3363.2000,2,1,2,1,2,2,3,3,1,1
SF,IH2011,2020-10-13 09:30:03.000,3361.6000,6123,-1,43419060.000,7,3,4,多平,S,3361.0000,3360.6000,3360.2000,3359.6000,3358.0000,3362.0000,3362.6000,3362.8000,3363.2000,3363.4000,1,2,1,2,1,1,3,1,1,1
SF,IH2011,2020-10-13 09:30:03.500,3360.6000,6124,1,46443720.000,3,2,1,空开,S,3360.2000,3359.6000,3358.0000,3357.6000,3355.8000,3361.0000,3361.4000,3361.8000,3362.0000,3362.6000,1,2,1,2,2,1,1,2,1,2
SF,IH2011,2020-10-13 09:30:04.000,3360.2000,6124,0,47451780.000,1,0,1,多换,S,3359.6000,3358.0000,3357.6000,3355.8000,3355.0000,3359.8000,3360.2000,3360.6000,3360.8000,3361.4000,2,1,2,2,1,1,1,1,3,1
SF,IH2011,2020-10-13 09:30:04.500,3359.6000,6125,1,49467600.000,2,1,1,空开,S,3359.6000,3358.0000,3357.6000,3355.8000,3355.0000,3360.2000,3360.6000,3360.8000,3361.4000,3361.8000,1,1,2,2,1,1,1,3,1,1
SF,IH2011,2020-10-13 09:30:05.000,3360.2000,6124,-1,51483540.000,2,0,2,多平,S,3360.2000,3358.0000,3357.6000,3355.8000,3355.0000,3360.6000,3360.8000,3361.4000,3361.8000,3362.6000,3,1,2,2,1,1,1,1,1,2
SF,IH2011,2020-10-13 09:30:05.500,3360.4000,6125,1,59548500.000,8,4,4,空开,S,3358.0000,3357.6000,3355.8000,3355.0000,3352.8000,3361.4000,3362.6000,3362.8000,3363.8000,3364.6000,1,2,2,1,1,1,2,1,2,1
SF,IH2011,2020-10-13 09:30:06.000,3358.0000,6128,3,65593980.000,6,4,2,空开,S,3358.0000,3357.6000,3355.8000,3355.0000,3352.8000,3360.8000,3361.0000,3361.2000,3361.4000,3362.6000,1,2,2,1,1,1,3,1,2,2
SF,IH2011,2020-10-13 09:30:06.500,3358.0000,6128,0,65593980.000,0,-,-,-,-,3358.8000,3358.0000,3357.6000,3355.8000,3355.0000,3360.0000,3360.4000,3360.6000,3360.8000,3361.4000,1,2,2,2,1,2,3,1,1,1
SF,IH2011,2020-10-13 09:30:07.000,3358.8000,6128,0,67609260.000,2,1,1,多换,S,3358.0000,3357.6000,3355.8000,3355.0000,3347.8000,3360.0000,3360.4000,3360.6000,3360.8000,3361.4000,2,2,2,1,5,2,3,1,1,1
SF,IH2011,2020-10-13 09:30:07.500,3358.2000,6129,1,71640660.000,4,2,2,空开,S,3358.0000,3357.6000,3355.8000,3355.0000,3347.8000,3360.4000,3360.8000,3361.4000,3362.6000,3363.8000,2,2,2,1,5,3,1,1,2,2
SF,IH2011,2020-10-13 09:30:08.000,3358.0000,6131,2,73655460.000,2,2,0,双开,S,3357.8000,3357.6000,3355.8000,3355.0000,3347.8000,3359.8000,3360.4000,3360.8000,3361.4000,3362.6000,1,2,2,1,5,1,3,1,1,2
SF,IH2011,2020-10-13 09:30:08.500,3359.8000,6130,-1,74663400.000,1,0,1,双平,S,3357.8000,3357.6000,3355.8000,3355.0000,3347.8000,3358.0000,3360.8000,3361.4000,3362.6000,3363.8000,1,2,2,1,5,1,1,1,1,2
SF,IH2011,2020-10-13 09:30:09.000,3358.2000,6130,0,76678800.000,2,1,1,多换,S,3358.2000,3358.0000,3357.8000,3357.6000,3355.8000,3360.8000,3361.4000,3362.6000,3363.8000,3364.6000,2,1,1,2,2,1,1,1,2,1
SF,IH2011,2020-10-13 09:30:09.500,3358.2000,6130,0,76678800.000,0,-,-,-,-,3359.8000,3358.6000,3358.2000,3357.8000,3357.6000,3362.6000,3363.8000,3364.6000,3365.0000,3366.0000,5,1,2,1,2,1,2,1,1,1
SF,IH2011,2020-10-13 09:30:10.000,3359.8000,6130,0,77686740.000,1,0,1,多换,S,3359.8000,3358.6000,3358.2000,3357.8000,3357.6000,3362.0000,3362.2000,3362.6000,3363.8000,3364.6000,4,1,1,1,2,1,3,1,2,1
SF,IH2011,2020-10-13 09:30:10.500,3361.6000,6131,1,81719940.000,4,2,2,空开,S,3359.8000,3358.6000,3358.2000,3357.8000,3357.6000,3361.6000,3362.0000,3362.6000,3363.8000,3364.6000,3,1,1,1,2,2,1,1,2,1
SF,IH2011,2020-10-13 09:30:11.000,3360.0000,6131,0,83735940.000,2,1,1,多换,S,3360.0000,3359.8000,3358.6000,3358.2000,3357.8000,3362.6000,3363.4000,3363.8000,3364.6000,3365.0000,1,3,1,1,1,1,1,2,1,1
SF,IH2011,2020-10-13 09:30:11.500,3360.0000,6131,0,84743940.000,1,0,1,多换,S,3359.8000,3358.6000,3358.2000,3357.8000,3357.6000,3362.2000,3362.4000,3362.6000,3363.4000,3363.8000,3,1,1,1,2,2,1,1,1,2
SF,IH2011,2020-10-13 09:30:12.000,3360.0000,6131,0,84743940.000,0,-,-,-,-,3360.0000,3359.8000,3358.6000,3358.2000,3357.8000,3362.4000,3362.6000,3363.4000,3363.8000,3364.6000,2,4,1,1,1,1,1,1,2,1
SF,IH2011,2020-10-13 09:30:12.500,3360.0000,6130,-1,85751940.000,1,0,1,双平,S,3360.0000,3359.8000,3358.6000,3358.2000,3357.8000,3361.4000,3362.0000,3362.4000,3362.6000,3363.4000,1,4,1,1,1,1,2,2,1,1
SF,IH2011,2020-10-13 09:30:13.000,3360.0000,6130,0,85751940.000,0,-,-,-,-,3360.0000,3359.8000,3358.6000,3358.2000,3357.8000,3362.2000,3362.4000,3362.6000,3363.4000,3363.8000,1,4,1,1,1,1,2,1,1,1
SF,IH2011,2020-10-13 09:30:13.500,3362.0000,6130,0,87769140.000,2,1,1,多换,S,3360.0000,3359.8000,3358.6000,3358.2000,3357.8000,3362.2000,3362.4000,3363.4000,3363.8000,3364.6000,2,4,1,1,1,1,2,1,1,1
SF,IH2011,2020-10-13 09:30:14.000,3360.0000,6130,0,88777140.000,1,0,1,多换,S,3360.0000,3359.8000,3358.6000,3358.2000,3357.8000,3362.2000,3362.4000,3363.4000,3363.8000,3364.6000,1,4,1,1,1,2,2,1,1,1
SF,IH2011,2020-10-13 09:30:14.500,3360.0000,6130,0,88777140.000,0,-,-,-,-,3360.0000,3359.8000,3358.2000,3357.8000,3357.6000,3362.4000,3363.4000,3363.8000,3364.6000,3365.0000,4,4,1,1,2,2,1,1,1,1
SF,IH2011,2020-10-13 09:30:15.000,3360.0000,6130,0,88777140.000,0,-,-,-,-,3360.0000,3359.8000,3358.2000,3357.8000,3357.6000,3362.4000,3363.8000,3364.6000,3365.0000,3366.8000,4,4,1,1,2,3,1,1,1,5
SF,IH2011,2020-10-13 09:30:15.500,3360.0000,6129,-1,91801140.000,3,1,2,多平,S,3359.8000,3358.2000,3357.8000,3357.6000,3355.8000,3360.0000,3362.0000,3362.2000,3362.4000,3362.8000,4,1,1,2,2,7,2,2,3,1
SF,IH2011,2020-10-13 09:30:16.000,3359.8000,6121,-8,101880960.000,10,1,9,多平,S,3360.0000,3359.8000,3357.8000,3357.6000,3355.8000,3362.2000,3362.4000,3362.8000,3363.8000,3364.6000,2,3,1,2,2,2,3,1,1,1
SF,IH2011,2020-10-13 09:30:16.500,3359.8000,6122,1,106922160.000,5,3,2,空开,S,3357.8000,3357.6000,3355.8000,3355.0000,3347.8000,3362.4000,3362.8000,3363.8000,3364.6000,3365.0000,1,2,2,1,5,3,1,1,1,2
SF,IH2011,2020-10-13 09:30:17.000,3359.6000,6122,0,107930040.000,1,0,1,多换,S,3359.4000,3359.2000,3358.8000,3358.4000,3358.2000,3362.0000,3362.2000,3362.4000,3362.8000,3363.8000,1,1,1,1,6,3,2,3,1,1
SF,IH2011,2020-10-13 09:30:17.500,3359.6000,6122,0,107930040.000,0,-,-,-,-,3359.4000,3358.8000,3358.4000,3358.2000,3357.8000,3361.8000,3362.0000,3362.2000,3362.4000,3362.8000,1,1,1,3,1,1,2,1,3,1
SF,IH2011,2020-10-13 09:30:18.000,3359.6000,6122,0,107930040.000,0,-,-,-,-,3359.4000,3358.8000,3358.4000,3358.2000,3357.8000,3361.2000,3361.6000,3361.8000,3362.0000,3362.2000,1,1,1,2,1,1,1,1,2,1
SF,IH2011,2020-10-13 09:30:18.500,3359.4000,6123,1,108937860.000,1,1,0,双开,S,3358.8000,3358.4000,3358.2000,3357.8000,3357.6000,3361.2000,3361.6000,3362.0000,3362.2000,3362.4000,1,1,1,1,2,1,1,2,1,3
SF,IH2011,2020-10-13 09:30:19.000,3359.4000,6123,0,108937860.000,0,-,-,-,-,3359.2000,3359.0000,3358.8000,3357.8000,3357.6000,3361.0000,3361.2000,3361.4000,3362.0000,3362.2000,2,1,1,1,2,1,1,1,2,1
SF,IH2011,2020-10-13 09:30:19.500,3361.0000,6123,0,109946160.000,1,0,1,多换,S,3361.0000,3360.2000,3359.4000,3359.2000,3359.0000,3361.2000,3361.4000,3362.0000,3362.2000,3362.4000,1,1,1,1,1,1,1,2,1,3
SF,IH2011,2020-10-13 09:30:20.000,3361.0000,6123,0,110954460.000,1,0,1,多换,S,3360.2000,3359.2000,3358.8000,3357.8000,3357.6000,3361.0000,3361.4000,3361.6000,3362.0000,3362.4000,1,1,1,1,2,1,1,1,2,3
SF,IH2011,2020-10-13 09:30:20.500,3360.2000,6124,1,111962520.000,1,1,0,双开,S,3359.2000,3358.8000,3357.8000,3357.6000,3355.8000,3361.4000,3361.6000,3362.0000,3362.4000,3362.8000,1,1,1,2,2,1,1,2,3,1
SF,IH2011,2020-10-13 09:30:21.000,3360.2000,6124,0,111962520.000,0,-,-,-,-,3359.4000,3359.2000,3358.8000,3357.8000,3357.6000,3361.0000,3361.4000,3361.6000,3362.0000,3362.4000,1,1,1,1,2,1,1,1,2,3
SF,IH2011,2020-10-13 09:30:22.000,3360.8000,6124,0,112970760.000,1,0,1,多换,S,3359.4000,3359.2000,3358.8000,3357.8000,3357.6000,3361.0000,3361.4000,3361.6000,3362.0000,3362.4000,1,1,1,1,2,1,1,1,2,3
SF,IH2011,2020-10-13 09:30:22.500,3359.4000,6124,0,115994640.000,3,1,2,多换,S,3358.8000,3357.8000,3357.6000,3355.8000,3355.0000,3359.4000,3360.8000,3361.0000,3361.4000,3361.6000,1,1,2,2,1,1,1,1,1,1
SF,IH2011,2020-10-13 09:30:23.000,3361.0000,6123,-1,120026820.000,4,1,3,多平,S,3357.8000,3357.6000,3355.8000,3355.0000,3353.4000,3361.4000,3361.6000,3362.0000,3362.4000,3362.8000,1,2,2,1,6,1,1,2,2,1
SF,IH2011,2020-10-13 09:30:23.500,3358.2000,6123,0,121034280.000,1,0,1,多换,S,3358.2000,3358.0000,3357.8000,3357.6000,3355.8000,3361.0000,3361.2000,3361.4000,3361.6000,3362.4000,2,1,1,2,2,4,1,3,1,2
SF,IH2011,2020-10-13 09:30:24.000,3358.2000,6123,0,121034280.000,0,-,-,-,-,3358.2000,3357.8000,3357.6000,3355.8000,3355.0000,3361.0000,3361.2000,3361.4000,3361.6000,3362.4000,2,1,2,2,1,4,1,3,1,2
SF,IH2011,2020-10-13 09:30:24.500,3360.8000,6122,-1,122042520.000,1,0,1,双平,S,3358.2000,3357.8000,3357.6000,3355.8000,3355.0000,3360.8000,3361.0000,3361.4000,3361.6000,3362.4000,2,1,2,2,1,4,4,3,1,1
SF,IH2011,2020-10-13 09:30:25.000,3360.8000,6122,0,122042520.000,0,-,-,-,-,3358.2000,3357.8000,3357.6000,3355.8000,3355.0000,3360.6000,3360.8000,3361.0000,3361.4000,3361.6000,2,1,2,2,1,2,4,2,3,1
SF,IH2011,2020-10-13 09:30:25.500,3360.6000,6123,1,123050700.000,1,1,0,双开,S,3358.2000,3357.8000,3357.6000,3355.8000,3355.0000,3360.4000,3360.6000,3360.8000,3361.0000,3361.4000,1,1,2,2,1,1,2,4,2,3
SF,IH2011,2020-10-13 09:30:26.000,3358.2000,6123,0,124058160.000,1,0,1,多换,S,3357.8000,3357.6000,3355.8000,3355.0000,3353.4000,3360.2000,3360.4000,3360.6000,3360.8000,3361.0000,1,2,2,1,6,1,1,3,4,1
SF,IH2011,2020-10-13 09:30:26.500,3360.0000,6123,0,125066160.000,1,0,1,多换,S,3357.8000,3357.6000,3355.8000,3355.0000,3353.4000,3360.0000,3360.2000,3360.4000,3360.6000,3360.8000,1,2,2,1,6,1,1,1,3,4
SF,IH2011,2020-10-13 09:30:27.000,3360.0000,6123,0,125066160.000,0,-,-,-,-,3357.8000,3357.6000,3355.8000,3355.0000,3353.4000,3360.0000,3360.2000,3360.4000,3360.6000,3360.8000,1,2,2,1,6,1,1,1,3,4
SF,IH2011,2020-10-13 09:30:27.500,3360.0000,6123,0,125066160.000,0,-,-,-,-,3357.8000,3357.6000,3355.8000,3355.0000,3353.4000,3359.8000,3360.0000,3360.4000,3360.6000,3360.8000,1,2,2,1,6,2,1,1,3,4
SF,IH2011,2020-10-13 09:30:28.000,3359.8000,6124,1,126074100.000,1,1,0,双开,S,3357.8000,3357.6000,3355.8000,3355.0000,3353.4000,3359.8000,3360.0000,3360.4000,3360.6000,3360.8000,1,2,2,1,6,2,1,1,3,4
SF,IH2011,2020-10-13 09:30:28.500,3359.8000,6124,0,126074100.000,0,-,-,-,-,3358.2000,3358.0000,3357.8000,3357.6000,3355.8000,3359.8000,3360.0000,3360.4000,3360.6000,3360.8000,3,1,1,2,2,2,1,1,3,4
SF,IH2011,2020-10-13 09:30:29.000,3358.2000,6123,-1,128089500.000,2,0,2,多平,S,3358.2000,3357.8000,3357.6000,3355.8000,3355.0000,3359.8000,3360.0000,3360.4000,3360.6000,3360.8000,2,1,2,2,1,3,1,1,3,4
SF,IH2011,2020-10-13 09:30:29.500,3358.2000,6123,0,129096960.000,1,0,1,多换,S,3358.2000,3357.8000,3357.6000,3355.8000,3355.0000,3359.6000,3359.8000,3360.0000,3360.4000,3360.6000,1,1,2,2,1,1,3,1,1,3
SF,IH2011,2020-10-13 09:30:30.000,3358.2000,6123,0,129096960.000,0,-,-,-,-,3358.2000,3357.8000,3357.6000,3355.8000,3355.0000,3359.4000,3359.6000,3359.8000,3360.0000,3360.4000,1,1,2,2,1,1,1,1,1,1
SF,IH2011,2020-10-13 09:30:30.500,3359.2000,6122,-1,131112480.000,2,0,2,多平,S,3358.4000,3358.2000,3357.8000,3357.6000,3355.8000,3359.4000,3359.8000,3360.0000,3360.4000,3360.6000,1,1,1,2,2,1,1,1,1,3
SF,IH2011,2020-10-13 09:30:31.000,3358.4000,6122,0,132120000.000,1,0,1,多换,S,3358.2000,3357.8000,3357.6000,3355.8000,3355.0000,3359.4000,3359.8000,3360.0000,3360.4000,3360.6000,1,1,2,2,1,1,1,1,1,3
SF,IH2011,2020-10-13 09:30:31.500,3358.4000,6122,0,132120000.000,0,-,-,-,-,3358.2000,3357.8000,3357.6000,3355.8000,3355.0000,3359.4000,3359.8000,3360.0000,3360.4000,3360.6000,1,1,2,2,1,1,1,1,1,3
SF,IH2011,2020-10-13 09:30:32.000,3359.2000,6122,0,133127760.000,1,0,1,多换,S,3358.2000,3357.8000,3357.6000,3355.8000,3355.0000,3359.4000,3359.8000,3360.0000,3360.4000,3360.6000,1,1,2,2,1,1,1,1,1,3
SF,IH2011,2020-10-13 09:30:32.500,3359.4000,6121,-1,134135580.000,1,0,1,双平,S,3358.2000,3357.8000,3357.6000,3355.8000,3355.0000,3359.8000,3360.0000,3360.4000,3360.6000,3360.8000,1,1,2,2,1,1,1,1,3,1
SF,IH2011,2020-10-13 09:30:33.000,3359.6000,6121,0,135143460.000,1,0,1,多换,S,3358.2000,3357.8000,3357.6000,3357.0000,3355.8000,3359.6000,3359.8000,3360.0000,3360.4000,3360.6000,1,1,2,1,2,3,1,1,1,1
SF,IH2011,2020-10-13 09:30:33.500,3358.2000,6121,0,136150920.000,1,0,1,多换,S,3357.8000,3357.6000,3357.0000,3355.8000,3355.0000,3359.6000,3359.8000,3360.0000,3360.4000,3360.6000,1,2,1,2,1,3,1,1,1,1
SF,IH2011,2020-10-13 09:30:34.000,3358.0000,6121,0,137158320.000,1,0,1,多换,S,3357.8000,3357.6000,3357.2000,3357.0000,3355.8000,3359.4000,3359.6000,3359.8000,3360.0000,3360.4000,1,2,1,1,2,2,3,1,1,1
SF,IH2011,2020-10-13 09:30:34.500,3358.0000,6121,0,137158320.000,0,-,-,-,-,3358.0000,3357.8000,3357.6000,3357.2000,3357.0000,3359.4000,3359.6000,3359.8000,3360.0000,3360.4000,1,1,2,1,1,3,3,1,1,1
SF,IH2011,2020-10-13 09:30:35.000,3358.0000,6121,0,137158320.000,0,-,-,-,-,3357.8000,3357.6000,3357.2000,3357.0000,3355.8000,3358.0000,3359.4000,3359.6000,3359.8000,3360.0000,1,2,1,1,2,1,3,3,1,1
SF,IH2011,2020-10-13 09:30:35.500,3358.0000,6121,0,138165720.000,1,0,1,多换,S,3358.0000,3357.8000,3357.6000,3357.2000,3357.0000,3359.4000,3359.6000,3359.8000,3360.0000,3360.4000,1,1,2,1,1,1,3,1,1,1
SF,IH2011,2020-10-13 09:30:36.000,3358.0000,6121,0,138165720.000,0,-,-,-,-,3357.8000,3357.6000,3357.2000,3357.0000,3355.8000,3359.2000,3359.4000,3359.6000,3359.8000,3360.0000,1,2,1,1,2,1,1,3,1,1
SF,IH2011,2020-10-13 09:30:36.500,3358.0000,6121,0,138165720.000,0,-,-,-,-,3357.8000,3357.6000,3357.2000,3357.0000,3355.8000,3359.0000,3359.2000,3359.4000,3359.6000,3359.8000,1,2,1,1,2,1,1,1,3,1
SF,IH2011,2020-10-13 09:30:37.000,3358.0000,6121,0,138165720.000,0,-,-,-,-,3357.8000,3357.6000,3357.0000,3355.8000,3355.0000,3359.0000,3359.2000,3359.4000,3359.6000,3359.8000,1,2,1,2,1,2,1,1,3,1
SF,IH2011,2020-10-13 09:30:37.500,3359.0000,6119,-2,140181120.000,2,0,2,双平,S,3358.0000,3357.8000,3357.6000,3357.0000,3355.8000,3359.4000,3359.8000,3360.0000,3360.4000,3360.6000,1,1,2,1,2,1,1,1,1,1
SF,IH2011,2020-10-13 09:30:38.000,3358.2000,6120,1,142196400.000,2,1,1,空开,S,3359.0000,3357.8000,3357.6000,3357.0000,3355.8000,3359.8000,3360.0000,3360.4000,3360.6000,3361.0000,1,1,2,1,2,1,1,1,1,1
SF,IH2011,2020-10-13 09:30:38.500,3359.0000,6119,-1,144212040.000,2,0,2,多平,S,3357.8000,3357.6000,3357.0000,3355.8000,3355.0000,3359.0000,3360.0000,3360.4000,3360.6000,3361.0000,1,2,1,2,1,1,1,1,1,1
SF,IH2011,2020-10-13 09:30:39.000,3358.2000,6120,1,148242360.000,4,2,2,空开,S,3358.0000,3357.8000,3357.6000,3357.0000,3355.8000,3359.0000,3359.2000,3360.4000,3360.6000,3361.0000,1,1,2,1,2,1,1,1,1,1
SF,IH2011,2020-10-13 09:30:39.500,3359.0000,6120,0,150257760.000,2,1,1,多换,S,3358.6000,3358.4000,3357.8000,3357.6000,3357.0000,3359.2000,3360.4000,3360.6000,3361.0000,3361.6000,1,2,1,2,1,1,1,1,1,1
SF,IH2011,2020-10-13 09:30:40.000,3359.2000,6119,-1,151265520.000,1,0,1,双平,S,3359.2000,3358.6000,3358.4000,3357.8000,3357.6000,3360.4000,3360.6000,3361.0000,3361.6000,3362.0000,2,1,2,1,2,1,1,1,1,1
SF,IH2011,2020-10-13 09:30:40.500,3359.2000,6119,0,152273280.000,1,0,1,多换,S,3358.6000,3358.4000,3357.8000,3357.6000,3357.0000,3360.4000,3360.6000,3361.0000,3361.6000,3362.0000,1,2,1,2,1,1,1,1,1,1
SF,IH2011,2020-10-13 09:30:41.000,3360.2000,6119,0,153281340.000,1,0,1,多换,S,3359.0000,3358.8000,3358.6000,3357.8000,3357.6000,3360.4000,3360.6000,3361.0000,3361.6000,3362.0000,1,2,1,1,2,1,1,1,1,1
SF,IH2011,2020-10-13 09:30:41.500,3360.2000,6119,0,153281340.000,0,-,-,-,-,3359.0000,3358.8000,3358.6000,3357.8000,3357.6000,3360.6000,3361.0000,3361.6000,3362.0000,3362.8000,1,2,1,1,2,1,1,1,1,1
SF,IH2011,2020-10-13 09:30:42.000,3360.2000,6119,0,153281340.000,0,-,-,-,-,3359.2000,3359.0000,3358.8000,3358.6000,3357.8000,3360.6000,3361.0000,3361.6000,3362.0000,3362.8000,1,1,2,1,1,2,1,1,1,1
SF,IH2011,2020-10-13 09:30:42.500,3360.2000,6119,0,153281340.000,0,-,-,-,-,3359.2000,3359.0000,3358.8000,3358.6000,3357.8000,3360.6000,3361.0000,3361.6000,3362.0000,3362.8000,1,1,2,1,1,1,1,1,1,1
SF,IH2011,2020-10-13 09:30:43.000,3360.6000,6118,-1,154289520.000,1,0,1,双平,S,3359.2000,3359.0000,3358.8000,3358.6000,3357.8000,3360.8000,3361.6000,3362.0000,3362.8000,3364.6000,1,1,2,1,1,1,1,1,1,1
SF,IH2011,2020-10-13 09:30:43.500,3360.8000,6118,0,155297760.000,1,0,1,多换,S,3359.4000,3359.2000,3359.0000,3358.8000,3358.6000,3361.6000,3362.0000,3362.8000,3364.6000,3365.0000,1,1,1,2,1,1,1,1,1,1
SF,IH2011,2020-10-13 09:30:44.000,3359.8000,6118,0,156305700.000,1,0,1,多换,S,3359.6000,3359.2000,3358.6000,3357.8000,3357.6000,3361.2000,3361.4000,3361.6000,3362.0000,3362.8000,2,2,1,1,2,2,3,3,1,1
SF,IH2011,2020-10-13 09:30:44.500,3359.8000,6118,0,156305700.000,0,-,-,-,-,3359.6000,3359.2000,3358.6000,3357.8000,3357.6000,3361.0000,3361.4000,3361.6000,3362.0000,3362.8000,1,2,1,1,2,1,1,2,1,1
SF,IH2011,2020-10-13 09:30:45.000,3359.8000,6118,0,156305700.000,0,-,-,-,-,3359.8000,3359.6000,3359.2000,3357.8000,3357.6000,3361.0000,3361.4000,3361.6000,3362.0000,3362.8000,1,1,1,1,2,1,1,2,1,1
SF,IH2011,2020-10-13 09:30:45.500,3361.0000,6117,-1,157314000.000,1,0,1,双平,S,3361.0000,3359.8000,3359.6000,3359.2000,3357.8000,3361.4000,3361.6000,3362.0000,3362.8000,3364.6000,1,1,1,1,1,1,2,1,1,1
SF,IH2011,2020-10-13 09:30:46.000,3361.0000,6116,-1,158322300.000,1,0,1,双平,S,3359.6000,3359.2000,3357.8000,3357.6000,3357.0000,3361.0000,3361.4000,3361.6000,3362.0000,3362.8000,1,1,1,2,2,2,1,2,1,1
SF,IH2011,2020-10-13 09:30:46.500,3361.0000,6116,0,159330600.000,1,0,1,多换,S,3361.0000,3359.6000,3359.2000,3357.8000,3357.6000,3361.4000,3361.6000,3362.0000,3362.8000,3364.6000,1,1,1,1,2,1,2,1,1,1
SF,IH2011,2020-10-13 09:30:47.000,3361.0000,6116,0,160338900.000,1,0,1,多换,S,3359.6000,3359.2000,3357.8000,3357.6000,3357.0000,3360.6000,3361.0000,3361.4000,3361.6000,3362.0000,1,1,1,2,2,1,2,1,2,1
SF,IH2011,2020-10-13 09:30:47.500,3360.6000,6116,0,161347080.000,1,0,1,多换,S,3359.2000,3357.8000,3357.6000,3357.0000,3355.8000,3361.4000,3361.6000,3362.0000,3362.8000,3364.6000,1,1,2,2,2,1,2,1,1,1
SF,IH2011,2020-10-13 09:30:48.000,3360.6000,6116,0,161347080.000,0,-,-,-,-,3359.6000,3359.4000,3359.2000,3357.8000,3357.6000,3361.2000,3361.4000,3361.6000,3362.0000,3362.8000,1,2,1,1,2,1,1,2,1,1
SF,IH2011,2020-10-13 09:30:48.500,3360.6000,6116,0,161347080.000,0,-,-,-,-,3359.8000,3359.6000,3359.4000,3359.2000,3357.8000,3361.0000,3361.2000,3361.4000,3361.6000,3362.0000,1,1,2,1,1,1,1,1,2,1
SF,IH2011,2020-10-13 09:30:49.000,3360.6000,6116,0,161347080.000,0,-,-,-,-,3360.0000,3359.6000,3359.4000,3359.2000,3357.8000,3361.2000,3361.4000,3361.6000,3362.0000,3362.8000,1,1,2,1,1,1,1,2,1,1
SF,IH2011,2020-10-13 09:30:49.500,3360.6000,6116,0,161347080.000,0,-,-,-,-,3359.6000,3359.4000,3359.2000,3357.8000,3357.6000,3361.4000,3361.6000,3362.0000,3362.8000,3364.6000,1,2,1,1,2,2,2,1,1,1
SF,IH2011,2020-10-13 09:30:50.000,3360.6000,6116,0,161347080.000,0,-,-,-,-,3359.8000,3359.6000,3359.4000,3359.2000,3357.8000,3361.4000,3361.6000,3362.0000,3362.8000,3364.6000,1,1,1,1,1,2,2,1,1,1
SF,IH2011,2020-10-13 09:30:50.500,3360.6000,6116,0,161347080.000,0,-,-,-,-,3360.0000,3359.8000,3359.6000,3359.4000,3359.2000,3361.4000,3361.6000,3362.0000,3362.8000,3364.6000,1,1,1,1,1,2,1,1,1,1
SF,IH2011,2020-10-13 09:30:51.000,3360.6000,6116,0,161347080.000,0,-,-,-,-,3359.8000,3359.6000,3359.4000,3359.2000,3357.8000,3361.4000,3361.6000,3362.0000,3362.8000,3364.6000,1,1,1,1,1,2,1,1,1,1
SF,IH2011,2020-10-13 09:30:51.500,3361.4000,6114,-2,163363920.000,2,0,2,双平,S,3359.8000,3359.6000,3359.4000,3359.2000,3357.8000,3361.6000,3362.0000,3362.8000,3364.6000,3365.0000,1,1,1,1,1,1,1,1,1,1
SF,IH2011,2020-10-13 09:30:52.000,3359.8000,6115,1,164371860.000,1,1,0,双开,S,3359.6000,3359.4000,3359.2000,3357.8000,3357.6000,3361.4000,3361.6000,3362.0000,3362.8000,3364.6000,1,1,1,1,2,1,1,1,1,1
SF,IH2011,2020-10-13 09:30:52.500,3359.8000,6115,0,164371860.000,0,-,-,-,-,3359.8000,3359.4000,3359.2000,3357.8000,3357.6000,3361.2000,3361.6000,3362.0000,3362.8000,3364.6000,1,1,1,1,2,1,1,1,1,1
SF,IH2011,2020-10-13 09:30:53.000,3359.8000,6115,0,164371860.000,0,-,-,-,-,3359.8000,3359.4000,3359.2000,3357.8000,3357.6000,3361.6000,3362.0000,3362.8000,3364.6000,3365.0000,1,1,1,1,2,1,1,1,1,1
SF,IH2011,2020-10-13 09:30:53.500,3359.8000,6115,0,164371860.000,0,-,-,-,-,3359.8000,3359.4000,3359.2000,3357.8000,3357.6000,3361.4000,3361.6000,3362.0000,3362.8000,3364.6000,1,1,1,1,2,1,1,1,1,1
SF,IH2011,2020-10-13 09:30:54.000,3359.8000,6115,0,164371860.000,0,-,-,-,-,3359.8000,3359.4000,3359.2000,3357.8000,3357.6000,3361.6000,3362.0000,3362.8000,3364.6000,3365.0000,1,1,1,1,2,1,1,1,1,1
SF,IH2011,2020-10-13 09:30:54.500,3359.8000,6115,0,164371860.000,0,-,-,-,-,3359.8000,3359.4000,3359.2000,3357.8000,3357.6000,3361.4000,3361.6000,3362.0000,3362.8000,3364.6000,1,1,1,1,2,1,3,1,1,1
SF,IH2011,2020-10-13 09:30:55.000,3359.8000,6115,0,164371860.000,0,-,-,-,-,3359.8000,3359.4000,3359.2000,3357.8000,3357.6000,3361.4000,3361.6000,3362.0000,3362.8000,3364.6000,1,1,1,1,2,1,2,1,1,1
SF,IH2011,2020-10-13 09:30:56.000,3361.4000,6114,-1,165380280.000,1,0,1,双平,S,3359.8000,3359.4000,3359.2000,3357.8000,3357.6000,3361.6000,3362.0000,3362.8000,3364.6000,3365.0000,1,1,1,1,2,2,1,1,1,1
SF,IH2011,2020-10-13 09:30:56.500,3361.4000,6114,0,165380280.000,0,-,-,-,-,3359.8000,3359.4000,3359.2000,3357.8000,3357.6000,3361.4000,3361.6000,3361.8000,3362.0000,3362.8000,1,1,1,1,2,1,2,1,1,1
SF,IH2011,2020-10-13 09:30:57.000,3361.4000,6114,0,165380280.000,0,-,-,-,-,3359.8000,3359.4000,3359.2000,3357.8000,3357.6000,3361.6000,3361.8000,3362.0000,3362.8000,3364.6000,1,1,1,1,2,2,1,1,1,1
SF,IH2011,2020-10-13 09:30:57.500,3361.4000,6114,0,166388700.000,1,0,1,多换,S,3360.0000,3359.8000,3359.4000,3359.2000,3357.8000,3361.6000,3361.8000,3362.0000,3362.8000,3364.6000,1,1,1,1,1,2,1,1,1,1
SF,IH2011,2020-10-13 09:30:58.000,3361.4000,6114,0,166388700.000,0,-,-,-,-,3360.2000,3359.8000,3359.2000,3357.8000,3357.6000,3361.6000,3361.8000,3362.0000,3362.8000,3364.6000,1,1,1,1,2,1,1,1,1,1
SF,IH2011,2020-10-13 09:30:58.500,3361.4000,6114,0,166388700.000,0,-,-,-,-,3360.4000,3359.8000,3359.2000,3357.8000,3357.6000,3361.6000,3361.8000,3362.0000,3362.8000,3364.6000,1,1,1,1,2,1,1,1,1,1
SF,IH2011,2020-10-13 09:30:59.000,3361.4000,6114,0,166388700.000,0,-,-,-,-,3360.6000,3359.8000,3359.2000,3357.8000,3357.6000,3361.6000,3361.8000,3362.0000,3362.8000,3364.6000,1,1,1,1,2,1,1,1,1,1
SF,IH2011,2020-10-13 09:30:59.500,3361.4000,6114,0,166388700.000,0,-,-,-,-,3359.8000,3359.2000,3357.8000,3357.6000,3357.0000,3361.6000,3361.8000,3362.0000,3362.8000,3364.6000,1,1,1,2,2,1,3,1,1,1
SF,IH2011,2020-10-13 09:31:00.000,3360.2000,6114,0,168404820.000,2,1,1,多换,S,3360.0000,3359.8000,3357.8000,3357.6000,3357.0000,3361.4000,3361.6000,3361.8000,3362.0000,3362.8000,2,1,1,2,2,1,1,3,1,1
SF,IH2011,2020-10-13 09:31:00.500,3360.2000,6113,-1,171429780.000,3,1,2,多平,S,3360.0000,3359.8000,3357.8000,3357.6000,3357.0000,3361.8000,3362.0000,3362.8000,3364.6000,3365.0000,1,1,1,2,2,3,1,1,1,1
SF,IH2011,2020-10-13 09:31:01.000,3360.2000,6113,0,172437840.000,1,0,1,多换,S,3357.8000,3357.6000,3357.0000,3355.8000,3355.0000,3361.6000,3361.8000,3362.0000,3362.8000,3364.6000,1,2,2,2,1,1,3,1,1,1
SF,IH2011,2020-10-13 09:31:01.500,3360.2000,6113,0,172437840.000,0,-,-,-,-,3359.0000,3358.6000,3358.2000,3358.0000,3357.8000,3361.4000,3361.6000,3361.8000,3362.0000,3362.8000,1,1,2,1,1,3,1,3,1,1
SF,IH2011,2020-10-13 09:31:02.000,3360.2000,6113,0,172437840.000,0,-,-,-,-,3359.2000,3359.0000,3358.6000,3358.2000,3357.8000,3361.4000,3361.6000,3361.8000,3362.0000,3362.8000,1,1,1,2,1,2,1,3,1,1
SF,IH2011,2020-10-13 09:31:02.500,3360.2000,6113,0,172437840.000,0,-,-,-,-,3359.4000,3359.2000,3359.0000,3358.6000,3358.2000,3361.2000,3361.4000,3361.8000,3362.0000,3362.8000,2,1,1,1,2,1,2,3,1,1
SF,IH2011,2020-10-13 09:31:03.000,3361.2000,6112,-1,173446200.000,1,0,1,双平,S,3360.2000,3359.8000,3359.6000,3359.4000,3358.6000,3361.8000,3362.0000,3362.8000,3364.6000,3365.0000,1,2,2,2,1,3,1,1,1,1
SF,IH2011,2020-10-13 09:31:03.500,3361.6000,6111,-1,174454680.000,1,0,1,双平,S,3360.4000,3359.8000,3359.6000,3359.4000,3358.6000,3361.8000,3362.0000,3362.8000,3364.6000,3365.0000,1,3,2,2,1,3,1,1,1,1
SF,IH2011,2020-10-13 09:31:04.000,3361.8000,6110,-1,175463220.000,1,0,1,双平,S,3360.6000,3359.8000,3359.6000,3359.4000,3358.6000,3361.8000,3362.0000,3362.8000,3364.6000,3365.0000,2,3,1,2,1,2,1,1,1,1
SF,IH2011,2020-10-13 09:31:04.500,3360.8000,6109,-1,177480000.000,2,0,2,多平,S,3360.6000,3359.8000,3359.6000,3359.4000,3358.6000,3361.8000,3362.0000,3362.8000,3364.6000,3365.0000,2,2,1,2,1,1,1,1,1,1
SF,IH2011,2020-10-13 09:31:05.000,3361.8000,6108,-1,178488540.000,1,0,1,双平,S,3360.6000,3359.8000,3359.6000,3359.4000,3358.6000,3362.0000,3362.8000,3364.6000,3365.0000,3366.8000,2,2,1,2,1,1,1,1,1,5
SF,IH2011,2020-10-13 09:31:05.500,3360.6000,6107,-1,180505320.000,2,0,2,多平,S,3360.6000,3359.8000,3359.6000,3359.4000,3358.6000,3362.8000,3364.6000,3365.0000,3366.8000,3369.0000,1,1,1,1,1,1,1,1,5,4
SF,IH2011,2020-10-13 09:31:06.000,3360.6000,6107,0,181513500.000,1,0,1,多换,S,3360.8000,3359.8000,3359.6000,3359.4000,3358.6000,3362.6000,3362.8000,3364.6000,3365.0000,3366.8000,2,1,1,1,1,2,1,1,1,5
SF,IH2011,2020-10-13 09:31:06.500,3360.6000,6107,0,181513500.000,0,-,-,-,-,3361.0000,3360.8000,3359.8000,3359.6000,3359.4000,3362.4000,3362.6000,3362.8000,3364.6000,3365.0000,1,3,1,1,1,2,2,1,1,1
SF,IH2011,2020-10-13 09:31:07.000,3361.0000,6107,0,182521800.000,1,0,1,多换,S,3361.2000,3360.8000,3359.8000,3359.6000,3359.4000,3362.2000,3362.4000,3362.6000,3362.8000,3364.6000,1,3,1,1,1,1,2,1,1,1
SF,IH2011,2020-10-13 09:31:07.500,3362.2000,6105,-2,184538820.000,2,0,2,双平,S,3361.2000,3360.8000,3359.8000,3359.6000,3359.4000,3362.4000,3362.6000,3362.8000,3364.6000,3365.0000,1,3,1,1,1,2,1,1,1,1
SF,IH2011,2020-10-13 09:31:08.000,3361.2000,6104,-1,186555840.000,2,0,2,多平,S,3360.8000,3359.8000,3359.6000,3359.4000,3358.6000,3362.4000,3362.6000,3362.8000,3364.6000,3365.0000,3,1,1,1,1,2,1,1,1,1
SF,IH2011,2020-10-13 09:31:08.500,3361.2000,6104,0,186555840.000,0,-,-,-,-,3361.0000,3360.8000,3359.8000,3359.6000,3359.4000,3362.2000,3362.4000,3362.6000,3362.8000,3364.6000,1,2,1,1,1,1,2,1,1,1
SF,IH2011,2020-10-13 09:31:09.000,3361.2000,6104,0,187564200.000,1,0,1,多换,S,3362.4000,3362.2000,3361.0000,3360.8000,3359.6000,3362.6000,3362.8000,3364.6000,3365.0000,3366.8000,1,1,2,1,1,1,1,1,1,5
SF,IH2011,2020-10-13 09:31:09.500,3362.2000,6102,-2,189581520.000,2,0,2,双平,S,3361.0000,3360.8000,3359.6000,3359.4000,3358.6000,3362.0000,3362.2000,3362.4000,3362.8000,3364.6000,1,1,1,1,1,2,1,2,1,1
SF,IH2011,2020-10-13 09:31:10.000,3362.2000,6102,0,189581520.000,0,-,-,-,-,3361.0000,3359.6000,3359.4000,3358.6000,3357.8000,3362.0000,3362.2000,3362.4000,3362.8000,3363.4000,1,1,1,1,1,2,1,2,1,1
SF,IH2011,2020-10-13 09:31:10.500,3362.0000,6101,-1,191598720.000,2,0,2,多平,S,3359.6000,3359.4000,3358.6000,3357.8000,3357.6000,3362.2000,3362.4000,3362.8000,3363.4000,3364.6000,1,1,1,1,2,1,1,1,1,1
SF,IH2011,2020-10-13 09:31:11.000,3362.0000,6101,0,193615440.000,2,1,1,多换,S,3360.4000,3360.0000,3359.8000,3359.6000,3359.4000,3362.0000,3362.2000,3362.4000,3362.8000,3363.4000,1,1,2,1,1,2,1,1,1,1
SF,IH2011,2020-10-13 09:31:11.500,3362.0000,6101,0,193615440.000,0,-,-,-,-,3360.6000,3360.4000,3360.0000,3359.8000,3359.6000,3362.0000,3362.2000,3362.4000,3362.8000,3363.4000,1,1,1,1,1,2,1,1,1,1
SF,IH2011,2020-10-13 09:31:12.500,3362.0000,6100,-1,194624040.000,1,0,1,双平,S,3360.8000,3360.6000,3360.0000,3359.8000,3359.6000,3362.0000,3362.2000,3362.4000,3362.8000,3363.4000,1,1,1,1,1,1,1,1,1,1
SF,IH2011,2020-10-13 09:31:13.000,3362.0000,6100,0,194624040.000,0,-,-,-,-,3361.0000,3360.8000,3360.0000,3359.8000,3359.6000,3362.0000,3362.2000,3362.4000,3362.8000,3363.4000,1,1,1,1,1,1,1,1,1,1
SF,IH2011,2020-10-13 09:31:13.500,3362.0000,6100,0,194624040.000,0,-,-,-,-,3361.2000,3361.0000,3360.8000,3360.0000,3359.8000,3362.0000,3362.2000,3362.4000,3362.8000,3363.4000,1,1,1,1,1,1,1,1,1,1
SF,IH2011,2020-10-13 09:31:14.000,3362.0000,6100,0,194624040.000,0,-,-,-,-,3361.4000,3361.2000,3360.0000,3359.8000,3359.6000,3362.0000,3362.2000,3362.4000,3362.8000,3363.4000,1,2,1,1,1,1,1,1,1,1
SF,IH2011,2020-10-13 09:31:15.000,3362.0000,6100,0,194624040.000,0,-,-,-,-,3361.4000,3361.2000,3360.0000,3359.8000,3359.4000,3362.0000,3362.2000,3362.4000,3362.8000,3363.4000,1,2,1,1,1,1,1,1,1,1
SF,IH2011,2020-10-13 09:31:16.500,3362.0000,6100,0,194624040.000,0,-,-,-,-,3361.4000,3361.2000,3360.0000,3359.8000,3359.4000,3362.0000,3362.2000,3362.4000,3362.8000,3363.4000,1,2,1,1,1,1,2,1,1,1
SF,IH2011,2020-10-13 09:31:17.000,3362.0000,6100,0,195632640.000,1,0,1,多换,S,3361.4000,3361.2000,3360.0000,3359.8000,3359.4000,3362.2000,3362.4000,3362.8000,3363.4000,3364.6000,1,2,1,1,1,2,1,1,1,1
SF,IH2011,2020-10-13 09:31:17.500,3361.4000,6100,0,196641060.000,1,0,1,多换,S,3361.2000,3360.0000,3359.8000,3359.4000,3358.6000,3362.2000,3362.4000,3362.8000,3363.4000,3364.6000,2,1,1,1,1,2,1,1,1,1
SF,IH2011,2020-10-13 09:31:19.500,3361.4000,6100,0,196641060.000,0,-,-,-,-,3361.2000,3360.0000,3359.8000,3359.4000,3358.6000,3362.2000,3362.8000,3363.4000,3364.6000,3365.0000,2,1,1,1,1,2,1,1,1,1
SF,IH2011,2020-10-13 09:31:22.000,3361.4000,6100,0,196641060.000,0,-,-,-,-,3361.2000,3360.0000,3359.8000,3359.4000,3358.6000,3361.8000,3362.2000,3362.8000,3363.4000,3364.6000,2,1,1,1,1,1,2,1,1,1
SF,IH2011,2020-10-13 09:31:22.500,3361.6000,6099,-1,197649540.000,1,0,1,双平,S,3361.2000,3360.0000,3359.8000,3359.4000,3358.6000,3361.8000,3362.2000,3362.8000,3363.4000,3364.6000,2,1,1,1,1,1,2,1,1,1
SF,IH2011,2020-10-13 09:31:23.000,3361.8000,6097,-2,200674800.000,3,0,3,多平,S,3360.0000,3359.8000,3359.4000,3358.6000,3357.8000,3362.2000,3362.8000,3363.4000,3364.6000,3365.0000,1,1,1,1,1,2,1,1,1,1
SF,IH2011,2020-10-13 09:31:23.500,3360.2000,6097,0,201682860.000,1,0,1,多换,S,3361.4000,3360.2000,3360.0000,3359.8000,3359.4000,3362.0000,3362.2000,3362.8000,3363.4000,3364.6000,1,1,1,1,1,2,2,1,1,1
SF,IH2011,2020-10-13 09:31:24.000,3361.8000,6095,-2,203699820.000,2,0,2,双平,S,3360.2000,3360.0000,3359.4000,3358.6000,3357.8000,3361.8000,3362.2000,3362.8000,3363.4000,3364.6000,1,1,1,1,1,2,2,1,1,1
SF,IH2011,2020-10-13 09:31:24.500,3360.2000,6094,-1,205716420.000,2,0,2,多平,S,3359.4000,3358.6000,3357.8000,3357.6000,3357.0000,3361.6000,3361.8000,3362.2000,3362.8000,3363.4000,1,1,1,2,2,1,2,2,1,1
SF,IH2011,2020-10-13 09:31:25.000,3361.4000,6093,-1,206724840.000,1,0,1,双平,S,3359.6000,3359.4000,3358.6000,3357.8000,3357.6000,3361.6000,3362.2000,3362.8000,3363.4000,3364.6000,2,2,1,1,2,1,2,1,1,1
SF,IH2011,2020-10-13 09:31:25.500,3361.4000,6093,0,206724840.000,0,-,-,-,-,3360.6000,3360.4000,3359.6000,3359.4000,3357.8000,3361.4000,3361.6000,3362.2000,3362.8000,3363.4000,1,1,2,1,1,1,1,2,1,1
SF,IH2011,2020-10-13 09:31:26.000,3360.4000,6093,0,207732960.000,1,0,1,多换,S,3359.6000,3359.4000,3358.2000,3357.8000,3357.6000,3360.0000,3361.2000,3362.2000,3362.8000,3363.4000,2,1,1,1,2,1,1,2,1,1
SF,IH2011,2020-10-13 09:31:26.500,3360.0000,6092,-1,210757320.000,3,1,2,多平,S,3359.6000,3359.4000,3358.2000,3357.8000,3357.6000,3362.2000,3362.8000,3364.6000,3365.0000,3366.8000,1,1,1,1,2,2,1,1,1,5
SF,IH2011,2020-10-13 09:31:27.000,3360.0000,6092,0,210757320.000,0,-,-,-,-,3359.8000,3359.6000,3359.4000,3358.2000,3357.8000,3361.4000,3362.0000,3362.2000,3362.8000,3364.6000,2,1,1,1,1,2,1,3,1,1
SF,IH2011,2020-10-13 09:31:27.500,3360.0000,6092,0,210757320.000,0,-,-,-,-,3359.8000,3359.6000,3359.4000,3358.2000,3357.8000,3361.4000,3362.0000,3362.2000,3362.8000,3364.6000,2,1,1,1,1,2,1,2,1,1
SF,IH2011,2020-10-13 09:31:28.000,3361.4000,6090,-2,212774160.000,2,0,2,双平,S,3360.8000,3360.0000,3359.8000,3359.6000,3359.4000,3362.0000,3362.2000,3362.8000,3364.6000,3365.0000,1,1,1,1,1,1,2,1,1,1
SF,IH2011,2020-10-13 09:31:28.500,3360.8000,6090,0,214790940.000,2,1,1,多换,S,3360.2000,3359.8000,3359.4000,3358.2000,3357.8000,3360.8000,3362.0000,3362.2000,3362.8000,3364.6000,1,1,1,1,1,1,1,2,1,1
SF,IH2011,2020-10-13 09:31:29.000,3360.8000,6089,-1,215799180.000,1,0,1,双平,S,3360.8000,3360.2000,3359.8000,3359.4000,3358.2000,3362.0000,3362.2000,3362.8000,3364.6000,3365.0000,1,1,1,1,1,1,2,1,1,1
SF,IH2011,2020-10-13 09:31:29.500,3360.6000,6089,0,216807360.000,1,0,1,多换,S,3359.8000,3359.4000,3358.2000,3357.8000,3357.6000,3361.6000,3361.8000,3362.0000,3362.2000,3362.8000,1,1,1,1,2,1,1,1,2,1
SF,IH2011,2020-10-13 09:31:30.000,3360.6000,6089,0,216807360.000,0,-,-,-,-,3360.2000,3360.0000,3359.8000,3359.4000,3358.2000,3361.4000,3361.6000,3362.2000,3362.8000,3364.6000,1,1,1,1,1,2,1,2,1,1
SF,IH2011,2020-10-13 09:31:30.500,3360.6000,6089,0,216807360.000,0,-,-,-,-,3360.0000,3359.8000,3359.4000,3358.2000,3357.8000,3361.4000,3361.6000,3362.2000,3362.8000,3364.6000,1,1,1,1,1,2,1,2,1,1
SF,IH2011,2020-10-13 09:31:31.000,3360.6000,6089,0,216807360.000,0,-,-,-,-,3359.8000,3359.4000,3358.2000,3357.8000,3357.6000,3361.4000,3361.6000,3362.2000,3362.8000,3364.6000,1,1,1,1,2,1,1,2,1,1
SF,IH2011,2020-10-13 09:31:31.500,3360.6000,6089,0,216807360.000,0,-,-,-,-,3359.8000,3358.2000,3357.8000,3357.6000,3357.0000,3360.2000,3361.2000,3361.4000,3361.6000,3362.2000,1,1,1,2,2,1,1,1,1,2
SF,IH2011,2020-10-13 09:31:32.000,3360.2000,6089,0,217815420.000,1,0,1,多换,S,3360.2000,3359.8000,3357.8000,3357.6000,3357.0000,3361.2000,3361.6000,3362.2000,3362.8000,3364.6000,1,1,1,2,2,1,1,2,1,1
SF,IH2011,2020-10-13 09:31:32.500,3361.2000,6088,-1,218823780.000,1,0,1,双平,S,3359.8000,3357.8000,3357.6000,3357.0000,3355.8000,3360.0000,3362.2000,3362.8000,3364.6000,3365.0000,1,1,2,2,2,2,2,1,1,1
SF,IH2011,2020-10-13 09:31:33.000,3360.0000,6088,0,220839780.000,2,1,1,多换,S,3360.6000,3360.0000,3357.8000,3357.6000,3357.0000,3362.2000,3362.8000,3364.6000,3365.0000,3366.8000,1,2,1,2,2,2,1,1,1,5
SF,IH2011,2020-10-13 09:31:33.500,3360.4000,6087,-1,221847900.000,1,0,1,双平,S,3360.0000,3357.8000,3357.6000,3357.0000,3355.8000,3360.2000,3360.6000,3361.8000,3362.0000,3362.2000,1,1,2,2,2,9,1,1,9,2
SF,IH2011,2020-10-13 09:31:34.000,3360.2000,6087,0,222855960.000,1,0,1,多换,S,3360.0000,3358.8000,3357.8000,3357.6000,3357.0000,3360.2000,3360.6000,3361.6000,3361.8000,3362.0000,1,1,1,2,2,8,1,1,1,8
SF,IH2011,2020-10-13 09:31:34.500,3360.0000,6086,-1,224871960.000,2,0,2,多平,S,3358.8000,3357.8000,3357.6000,3357.0000,3355.8000,3360.2000,3361.6000,3361.8000,3362.0000,3362.2000,1,1,2,2,2,8,1,1,8,2
SF,IH2011,2020-10-13 09:31:35.000,3360.2000,6085,-1,231928020.000,7,3,4,多平,S,3359.0000,3358.8000,3357.8000,3357.6000,3357.0000,3360.0000,3360.2000,3361.6000,3361.8000,3362.0000,3,1,1,3,2,1,2,1,1,7
SF,IH2011,2020-10-13 09:31:35.500,3359.0000,6086,1,234951420.000,3,2,1,空开,S,3359.0000,3358.8000,3357.8000,3357.6000,3357.0000,3360.2000,3361.6000,3361.8000,3362.0000,3362.2000,1,1,1,3,2,2,1,1,7,2
SF,IH2011,2020-10-13 09:31:36.000,3360.2000,6085,-1,235959480.000,1,0,1,双平,S,3359.0000,3358.8000,3357.8000,3357.6000,3357.0000,3360.2000,3361.8000,3362.0000,3362.2000,3362.8000,2,1,1,3,2,1,1,7,2,1
SF,IH2011,2020-10-13 09:31:36.500,3359.0000,6084,-1,237975240.000,2,0,2,多平,S,3359.0000,3358.8000,3357.8000,3357.6000,3357.0000,3360.0000,3361.8000,3362.0000,3362.2000,3362.8000,1,1,1,3,2,1,1,7,2,1
SF,IH2011,2020-10-13 09:31:37.000,3360.0000,6084,0,238983240.000,1,0,1,多换,S,3360.2000,3360.0000,3359.0000,3358.8000,3357.6000,3361.8000,3362.0000,3362.2000,3362.8000,3364.6000,1,1,1,1,3,1,7,2,1,1
SF,IH2011,2020-10-13 09:31:37.500,3360.2000,6084,0,239991300.000,1,0,1,多换,S,3360.0000,3359.0000,3358.8000,3357.6000,3357.0000,3361.6000,3361.8000,3362.0000,3362.2000,3362.8000,1,1,1,2,2,2,1,1,2,1
SF,IH2011,2020-10-13 09:31:38.000,3361.6000,6084,0,240999780.000,1,0,1,多换,S,3359.0000,3358.8000,3357.6000,3357.0000,3355.8000,3359.6000,3361.4000,3361.6000,3361.8000,3362.0000,1,1,2,2,2,1,1,1,1,1
SF,IH2011,2020-10-13 09:31:38.500,3359.8000,6084,0,242007720.000,1,0,1,多换,S,3359.6000,3359.2000,3359.0000,3358.8000,3357.6000,3362.0000,3362.2000,3362.8000,3364.6000,3365.0000,1,1,1,1,2,1,2,1,1,1
SF,IH2011,2020-10-13 09:31:39.000,3359.8000,6084,0,242007720.000,0,-,-,-,-,3359.8000,3359.0000,3358.8000,3357.6000,3357.0000,3361.4000,3361.8000,3362.0000,3362.2000,3362.8000,2,1,1,2,2,2,2,1,2,1
SF,IH2011,2020-10-13 09:31:39.500,3359.8000,6084,0,243015660.000,1,0,1,多换,S,3359.0000,3358.8000,3357.6000,3357.0000,3355.8000,3361.2000,3361.4000,3361.8000,3362.0000,3362.2000,1,1,2,2,2,2,1,1,1,2
SF,IH2011,2020-10-13 09:31:40.000,3361.0000,6083,-1,245032260.000,2,0,2,多平,S,3359.2000,3359.0000,3358.8000,3357.6000,3357.4000,3361.2000,3361.4000,3361.8000,3362.0000,3362.2000,1,1,1,2,1,1,1,1,1,2
SF,IH2011,2020-10-13 09:31:40.500,3361.0000,6083,0,246040560.000,1,0,1,多换,S,3361.2000,3360.2000,3359.4000,3359.2000,3359.0000,3361.4000,3361.8000,3362.2000,3362.8000,3364.6000,1,1,1,1,1,1,1,2,1,1
SF,IH2011,2020-10-13 09:31:41.000,3361.0000,6082,-1,247048860.000,1,0,1,双平,S,3359.2000,3359.0000,3357.6000,3357.0000,3355.8000,3360.0000,3361.2000,3361.8000,3362.2000,3362.8000,1,1,2,2,2,1,2,1,2,1
SF,IH2011,2020-10-13 09:31:41.500,3360.0000,6082,0,248056860.000,1,0,1,多换,S,3360.0000,3359.4000,3359.2000,3359.0000,3357.6000,3361.2000,3361.8000,3362.2000,3362.8000,3364.6000,1,1,1,1,2,1,1,2,1,1
SF,IH2011,2020-10-13 09:31:42.000,3360.0000,6082,0,249064860.000,1,0,1,多换,S,3359.2000,3359.0000,3357.6000,3357.0000,3355.8000,3361.0000,3361.2000,3361.4000,3361.8000,3362.2000,1,1,2,1,2,1,1,1,1,2
SF,IH2011,2020-10-13 09:31:42.500,3360.0000,6082,0,249064860.000,0,-,-,-,-,3359.4000,3359.2000,3359.0000,3357.6000,3357.0000,3361.0000,3361.2000,3361.4000,3361.8000,3362.2000,1,1,1,2,1,2,1,1,1,2
SF,IH2011,2020-10-13 09:31:43.000,3360.0000,6082,0,249064860.000,0,-,-,-,-,3359.6000,3359.0000,3358.0000,3357.6000,3357.0000,3361.0000,3361.2000,3361.4000,3361.8000,3362.0000,1,1,1,2,1,2,1,1,1,1
SF,IH2011,2020-10-13 09:31:43.500,3360.0000,6082,0,249064860.000,0,-,-,-,-,3359.0000,3358.0000,3357.6000,3357.0000,3355.8000,3361.0000,3361.2000,3361.4000,3361.8000,3362.0000,1,1,2,1,2,2,1,1,1,1
SF,IH2011,2020-10-13 09:31:44.000,3360.0000,6082,0,249064860.000,0,-,-,-,-,3359.2000,3359.0000,3358.0000,3357.6000,3357.0000,3361.0000,3361.2000,3361.4000,3361.8000,3362.0000,2,1,1,2,1,2,1,1,1,1
SF,IH2011,2020-10-13 09:31:44.500,3360.0000,6082,0,249064860.000,0,-,-,-,-,3359.2000,3359.0000,3358.0000,3357.6000,3357.0000,3361.0000,3361.2000,3361.8000,3362.0000,3362.2000,2,1,1,2,1,1,1,1,1,1
SF,IH2011,2020-10-13 09:31:46.000,3360.0000,6082,0,249064860.000,0,-,-,-,-,3359.2000,3359.0000,3358.0000,3357.6000,3357.0000,3360.0000,3360.8000,3361.0000,3361.2000,3361.8000,2,1,1,2,1,1,1,1,1,1
SF,IH2011,2020-10-13 09:31:46.500,3360.0000,6082,0,250072860.000,1,0,1,多换,S,3359.8000,3359.2000,3359.0000,3358.0000,3357.6000,3360.8000,3361.0000,3361.2000,3361.8000,3362.0000,3,1,1,1,2,1,1,1,1,1
SF,IH2011,2020-10-13 09:31:47.000,3359.8000,6082,0,251080800.000,1,0,1,多换,S,3359.8000,3359.0000,3358.0000,3357.6000,3357.0000,3360.0000,3360.6000,3360.8000,3361.2000,3361.8000,2,1,1,2,1,1,1,1,1,1
SF,IH2011,2020-10-13 09:31:47.500,3360.0000,6080,-2,253096740.000,2,0,2,双平,S,3359.8000,3358.0000,3357.6000,3357.0000,3355.8000,3360.8000,3361.2000,3361.8000,3362.0000,3362.2000,1,1,2,1,2,1,1,1,1,1
SF,IH2011,2020-10-13 09:31:48.000,3359.8000,6079,-1,254104680.000,1,0,1,双平,S,3358.0000,3357.6000,3357.0000,3355.8000,3355.0000,3359.4000,3360.6000,3360.8000,3361.2000,3361.8000,1,2,1,2,1,1,3,1,1,1
SF,IH2011,2020-10-13 09:31:48.500,3359.8000,6079,0,254104680.000,0,-,-,-,-,3359.0000,3358.2000,3358.0000,3357.6000,3357.0000,3359.4000,3360.6000,3360.8000,3361.2000,3361.8000,1,3,1,2,1,1,2,1,1,1
SF,IH2011,2020-10-13 09:31:49.000,3359.8000,6079,0,254104680.000,0,-,-,-,-,3358.2000,3358.0000,3357.6000,3357.0000,3355.8000,3359.4000,3360.4000,3360.6000,3360.8000,3361.2000,2,1,2,1,2,1,1,2,1,1
SF,IH2011,2020-10-13 09:31:49.500,3359.8000,6079,0,254104680.000,0,-,-,-,-,3358.4000,3358.2000,3358.0000,3357.6000,3357.0000,3359.4000,3360.4000,3360.6000,3360.8000,3361.2000,2,2,1,2,1,1,1,1,1,1
SF,IH2011,2020-10-13 09:31:50.000,3359.8000,6079,0,254104680.000,0,-,-,-,-,3358.6000,3358.4000,3358.2000,3358.0000,3357.6000,3359.4000,3360.4000,3360.6000,3360.8000,3361.2000,1,2,1,1,2,1,1,1,1,1
SF,IH2011,2020-10-13 09:31:50.500,3359.8000,6079,0,254104680.000,0,-,-,-,-,3358.6000,3358.4000,3358.2000,3358.0000,3357.6000,3359.4000,3360.4000,3360.6000,3360.8000,3361.2000,1,1,1,1,2,1,1,1,1,1
SF,IH2011,2020-10-13 09:31:51.000,3359.8000,6079,0,254104680.000,0,-,-,-,-,3359.0000,3358.6000,3358.2000,3358.0000,3357.6000,3359.4000,3360.0000,3360.4000,3360.6000,3360.8000,1,1,1,1,2,1,2,1,1,1
SF,IH2011,2020-10-13 09:31:51.500,3359.8000,6079,0,254104680.000,0,-,-,-,-,3358.6000,3358.2000,3358.0000,3357.6000,3357.0000,3359.4000,3360.0000,3360.4000,3360.6000,3360.8000,1,1,1,2,1,1,2,1,1,1
SF,IH2011,2020-10-13 09:31:52.000,3359.8000,6079,0,254104680.000,0,-,-,-,-,3358.6000,3358.2000,3358.0000,3357.6000,3357.0000,3359.0000,3359.4000,3360.0000,3360.4000,3360.6000,1,1,1,2,1,1,1,2,1,1
SF,IH2011,2020-10-13 09:31:52.500,3359.8000,6079,0,254104680.000,0,-,-,-,-,3359.0000,3358.6000,3358.2000,3358.0000,3357.6000,3359.4000,3360.0000,3360.4000,3360.6000,3360.8000,1,1,1,1,2,1,3,1,1,1
SF,IH2011,2020-10-13 09:31:53.000,3359.8000,6079,0,254104680.000,0,-,-,-,-,3358.6000,3358.2000,3358.0000,3357.6000,3357.0000,3359.0000,3360.0000,3360.6000,3361.0000,3361.4000,1,1,1,2,1,1,3,1,1,2
SF,IH2011,2020-10-13 09:31:54.000,3359.8000,6079,0,254104680.000,0,-,-,-,-,3358.6000,3358.2000,3358.0000,3357.6000,3357.0000,3359.0000,3360.0000,3360.6000,3361.0000,3361.4000,1,1,1,2,1,1,4,1,1,2
SF,IH2011,2020-10-13 09:31:54.500,3359.0000,6079,0,255112380.000,1,0,1,多换,S,3358.6000,3358.2000,3358.0000,3357.6000,3357.0000,3360.0000,3360.6000,3361.0000,3361.4000,3361.8000,1,1,1,2,1,4,1,1,2,1
SF,IH2011,2020-10-13 09:31:55.000,3358.2000,6079,0,257127420.000,2,1,1,多换,S,3359.0000,3358.0000,3357.6000,3357.0000,3355.8000,3360.0000,3360.6000,3361.0000,3361.4000,3361.8000,1,1,2,1,2,4,1,1,2,2
SF,IH2011,2020-10-13 09:31:55.500,3359.0000,6079,0,258135120.000,1,0,1,多换,S,3358.0000,3357.6000,3357.0000,3355.8000,3355.0000,3360.0000,3360.6000,3361.0000,3361.4000,3361.8000,1,2,1,2,1,4,1,1,2,2
SF,IH2011,2020-10-13 09:31:56.000,3359.0000,6079,0,258135120.000,0,-,-,-,-,3358.2000,3358.0000,3357.6000,3357.0000,3355.8000,3359.8000,3360.0000,3361.0000,3361.4000,3361.8000,1,1,2,1,2,2,4,1,2,2
SF,IH2011,2020-10-13 09:31:56.500,3359.0000,6079,0,258135120.000,0,-,-,-,-,3358.2000,3358.0000,3357.6000,3357.0000,3355.8000,3359.8000,3360.0000,3361.0000,3361.4000,3361.8000,1,2,2,1,2,2,4,1,2,2
SF,IH2011,2020-10-13 09:31:57.500,3359.0000,6079,0,258135120.000,0,-,-,-,-,3358.2000,3358.0000,3357.6000,3357.0000,3355.8000,3359.8000,3360.0000,3361.0000,3361.4000,3361.8000,1,2,2,1,2,2,5,1,2,2
SF,IH2011,2020-10-13 09:32:00.500,3359.0000,6079,0,258135120.000,0,-,-,-,-,3358.2000,3358.0000,3357.6000,3357.0000,3355.8000,3359.8000,3360.0000,3361.0000,3361.4000,3361.8000,1,2,2,1,2,1,5,1,2,2
SF,IH2011,2020-10-13 09:32:01.000,3359.0000,6079,0,258135120.000,0,-,-,-,-,3358.4000,3358.2000,3358.0000,3357.6000,3357.0000,3359.8000,3360.0000,3361.0000,3361.4000,3361.8000,1,1,1,2,1,1,5,1,2,2
SF,IH2011,2020-10-13 09:32:02.000,3358.4000,6079,0,259142640.000,1,0,1,多换,S,3358.2000,3358.0000,3357.6000,3357.0000,3355.8000,3359.6000,3359.8000,3360.0000,3361.0000,3361.4000,1,1,2,1,2,1,1,5,1,2
SF,IH2011,2020-10-13 09:32:02.500,3358.4000,6079,0,259142640.000,0,-,-,-,-,3358.0000,3357.6000,3357.0000,3355.8000,3355.0000,3359.4000,3359.6000,3360.0000,3361.0000,3361.4000,1,2,1,2,1,1,1,5,1,2
SF,IH2011,2020-10-13 09:32:03.000,3358.4000,6079,0,259142640.000,0,-,-,-,-,3358.0000,3357.6000,3357.0000,3355.8000,3355.0000,3359.4000,3360.0000,3361.0000,3361.4000,3361.8000,1,2,1,2,1,1,5,1,2,1
SF,IH2011,2020-10-13 09:32:03.500,3358.4000,6079,0,259142640.000,0,-,-,-,-,3358.2000,3358.0000,3357.6000,3357.0000,3355.8000,3359.2000,3359.4000,3360.0000,3361.0000,3361.4000,1,1,2,1,2,1,1,5,1,2
SF,IH2011,2020-10-13 09:32:04.000,3358.4000,6079,0,259142640.000,0,-,-,-,-,3358.4000,3358.2000,3358.0000,3357.6000,3357.0000,3359.2000,3359.4000,3360.0000,3361.0000,3361.4000,1,1,1,2,1,1,1,5,1,2
SF,IH2011,2020-10-13 09:32:04.500,3358.4000,6079,0,259142640.000,0,-,-,-,-,3358.4000,3358.2000,3358.0000,3357.6000,3357.0000,3359.2000,3359.4000,3360.0000,3361.0000,3361.4000,1,1,1,2,1,1,1,5,1,2
SF,IH2011,2020-10-13 09:32:05.000,3358.4000,6079,0,259142640.000,0,-,-,-,-,3358.4000,3358.0000,3357.6000,3357.0000,3355.8000,3359.2000,3359.4000,3359.6000,3360.0000,3361.0000,1,1,2,1,2,1,1,1,5,1
SF,IH2011,2020-10-13 09:32:06.000,3358.4000,6079,0,260150160.000,1,0,1,多换,S,3358.0000,3357.6000,3357.0000,3355.8000,3355.0000,3359.2000,3359.4000,3359.6000,3360.0000,3361.0000,1,2,1,2,1,1,1,1,5,1
SF,IH2011,2020-10-13 09:32:06.500,3358.0000,6079,0,261157560.000,1,0,1,多换,S,3357.6000,3357.0000,3355.8000,3355.0000,3353.2000,3359.0000,3359.2000,3359.6000,3360.0000,3361.0000,2,1,2,1,1,1,1,1,5,1
SF,IH2011,2020-10-13 09:32:07.000,3358.0000,6079,0,261157560.000,0,-,-,-,-,3357.6000,3357.0000,3355.8000,3355.0000,3353.2000,3359.0000,3359.2000,3360.0000,3361.0000,3361.4000,2,1,2,1,1,1,1,5,1,2
SF,IH2011,2020-10-13 09:32:08.000,3358.0000,6079,0,261157560.000,0,-,-,-,-,3357.6000,3357.0000,3355.8000,3355.0000,3353.2000,3359.0000,3360.0000,3361.0000,3361.4000,3361.8000,2,1,2,1,1,1,5,1,2,1
SF,IH2011,2020-10-13 09:32:09.000,3357.6000,6080,1,262164840.000,1,1,0,双开,S,3357.6000,3357.0000,3355.8000,3355.0000,3353.2000,3359.0000,3359.6000,3360.0000,3361.0000,3361.4000,1,1,2,1,1,1,1,5,1,2
SF,IH2011,2020-10-13 09:32:09.500,3357.6000,6080,0,263172120.000,1,0,1,多换,S,3357.0000,3355.8000,3355.0000,3353.2000,3351.2000,3358.8000,3359.0000,3359.6000,3360.0000,3361.0000,1,2,1,1,6,7,1,1,5,1
SF,IH2011,2020-10-13 09:32:10.000,3357.0000,6078,-2,265186380.000,2,0,2,双平,S,3355.8000,3355.0000,3353.2000,3351.2000,3350.8000,3358.4000,3358.6000,3358.8000,3359.6000,3360.0000,2,1,1,6,2,1,4,7,1,5
SF,IH2011,2020-10-13 09:32:10.500,3356.0000,6078,0,266193180.000,1,0,1,多换,S,3355.8000,3355.0000,3353.2000,3351.2000,3350.8000,3358.0000,3358.2000,3358.4000,3358.6000,3358.8000,2,1,1,6,2,1,2,1,2,6
SF,IH2011,2020-10-13 09:32:11.000,3356.0000,6078,0,266193180.000,0,-,-,-,-,3355.8000,3355.0000,3353.2000,3351.2000,3350.8000,3357.8000,3358.4000,3358.6000,3358.8000,3360.0000,2,1,1,6,2,2,1,2,6,5
SF,IH2011,2020-10-13 09:32:11.500,3356.0000,6078,0,266193180.000,0,-,-,-,-,3355.8000,3355.0000,3353.2000,3351.2000,3350.8000,3357.6000,3357.8000,3358.6000,3358.8000,3360.0000,2,1,1,6,2,1,2,1,6,5
SF,IH2011,2020-10-13 09:32:12.000,3356.0000,6078,0,266193180.000,0,-,-,-,-,3355.8000,3355.0000,3353.2000,3351.2000,3350.8000,3357.4000,3358.6000,3358.8000,3360.0000,3361.4000,2,1,1,6,2,3,1,5,4,2
SF,IH2011,2020-10-13 09:32:12.500,3356.0000,6078,0,266193180.000,0,-,-,-,-,3355.8000,3355.0000,3353.2000,3351.2000,3350.8000,3357.4000,3358.6000,3358.8000,3359.6000,3360.0000,2,1,1,6,2,3,1,5,1,4
SF,IH2011,2020-10-13 09:32:13.500,3356.0000,6078,0,266193180.000,0,-,-,-,-,3355.8000,3355.0000,3353.2000,3351.2000,3350.8000,3357.4000,3358.6000,3358.8000,3359.6000,3360.0000,2,1,1,6,2,2,1,5,1,4
SF,IH2011,2020-10-13 09:32:14.000,3356.0000,6078,0,266193180.000,0,-,-,-,-,3355.8000,3355.0000,3353.2000,3351.2000,3350.8000,3357.4000,3358.6000,3358.8000,3360.0000,3361.4000,2,1,1,6,2,2,1,5,4,2
SF,IH2011,2020-10-13 09:32:14.500,3356.0000,6078,0,266193180.000,0,-,-,-,-,3355.8000,3355.0000,3353.2000,3351.2000,3350.8000,3357.4000,3358.6000,3358.8000,3360.0000,3361.4000,2,1,1,6,2,2,1,5,4,2
SF,IH2011,2020-10-13 09:32:16.000,3356.0000,6078,0,266193180.000,0,-,-,-,-,3357.0000,3355.8000,3355.0000,3353.2000,3351.2000,3357.4000,3358.6000,3358.8000,3359.6000,3360.0000,1,2,1,1,6,2,1,5,1,4
SF,IH2011,2020-10-13 09:32:16.500,3357.0000,6078,0,267200280.000,1,0,1,多换,S,3355.8000,3355.0000,3353.2000,3351.2000,3350.8000,3357.0000,3358.6000,3358.8000,3359.6000,3360.0000,2,1,1,6,2,2,1,5,1,4
SF,IH2011,2020-10-13 09:32:17.000,3357.0000,6078,0,267200280.000,0,-,-,-,-,3355.8000,3355.0000,3353.2000,3351.2000,3350.8000,3357.0000,3358.6000,3358.8000,3359.6000,3360.0000,2,1,1,6,2,1,1,5,1,4
SF,IH2011,2020-10-13 09:32:17.500,3357.0000,6078,0,267200280.000,0,-,-,-,-,3355.8000,3355.0000,3353.2000,3351.2000,3350.2000,3356.8000,3357.0000,3358.6000,3358.8000,3360.0000,2,1,1,6,2,1,1,1,5,4
SF,IH2011,2020-10-13 09:32:20.000,3357.0000,6078,0,267200280.000,0,-,-,-,-,3355.8000,3355.0000,3353.2000,3351.2000,3350.2000,3356.8000,3357.0000,3358.6000,3358.8000,3359.6000,2,1,1,6,2,1,1,1,5,1
SF,IH2011,2020-10-13 09:32:20.500,3355.8000,6077,-1,270221160.000,3,1,2,多平,S,3355.8000,3355.0000,3353.2000,3351.2000,3350.2000,3358.6000,3358.8000,3359.6000,3360.0000,3362.8000,1,1,1,6,2,1,5,1,5,1
SF,IH2011,2020-10-13 09:32:21.000,3355.8000,6077,0,271227900.000,1,0,1,多换,S,3356.0000,3355.8000,3355.0000,3353.2000,3351.2000,3358.2000,3358.4000,3358.6000,3359.6000,3360.0000,1,1,1,1,6,6,6,2,1,5
SF,IH2011,2020-10-13 09:32:21.500,3358.0000,6077,0,272235300.000,1,0,1,多换,S,3356.0000,3355.8000,3355.0000,3353.2000,3351.2000,3357.8000,3358.0000,3358.2000,3358.4000,3358.6000,1,1,1,1,6,1,1,6,4,2
SF,IH2011,2020-10-13 09:32:22.000,3356.0000,6077,0,274248960.000,2,1,1,多换,S,3355.8000,3355.0000,3353.2000,3351.2000,3350.2000,3357.6000,3357.8000,3358.2000,3358.4000,3358.6000,1,1,1,6,2,3,2,2,2,2
SF,IH2011,2020-10-13 09:32:22.500,3356.0000,6077,0,274248960.000,0,-,-,-,-,3355.8000,3355.0000,3353.2000,3351.2000,3350.2000,3357.6000,3357.8000,3358.2000,3358.4000,3358.6000,1,1,1,6,2,3,2,2,2,2
SF,IH2011,2020-10-13 09:32:23.000,3356.0000,6077,0,274248960.000,0,-,-,-,-,3355.8000,3355.0000,3353.2000,3351.2000,3350.2000,3357.6000,3357.8000,3358.2000,3358.4000,3358.6000,1,1,1,6,2,4,2,2,2,2
SF,IH2011,2020-10-13 09:32:23.500,3356.0000,6077,0,274248960.000,0,-,-,-,-,3355.8000,3355.0000,3353.2000,3351.2000,3350.2000,3357.4000,3357.6000,3357.8000,3358.2000,3358.4000,2,1,1,6,2,1,3,1,2,2
SF,IH2011,2020-10-13 09:32:24.000,3356.0000,6077,0,274248960.000,0,-,-,-,-,3355.8000,3355.0000,3353.2000,3351.2000,3350.2000,3357.2000,3357.4000,3357.6000,3357.8000,3358.2000,2,1,1,6,2,3,1,1,1,2
SF,IH2011,2020-10-13 09:32:24.500,3356.0000,6077,0,274248960.000,0,-,-,-,-,3355.8000,3355.0000,3353.2000,3351.2000,3350.2000,3357.0000,3357.2000,3357.6000,3357.8000,3358.2000,2,1,1,6,2,2,3,1,1,2
SF,IH2011,2020-10-13 09:32:25.000,3355.8000,6076,-1,276262440.000,2,0,2,多平,S,3355.0000,3353.2000,3351.2000,3350.2000,3348.0000,3356.8000,3357.0000,3357.2000,3357.6000,3357.8000,1,1,6,2,1,2,2,1,1,1
SF,IH2011,2020-10-13 09:32:25.500,3355.0000,6076,0,277268940.000,1,0,1,多换,S,3353.2000,3351.2000,3350.2000,3348.0000,3347.2000,3356.6000,3356.8000,3357.0000,3357.2000,3357.8000,1,6,2,1,3,3,3,1,1,1
SF,IH2011,2020-10-13 09:32:26.000,3355.0000,6076,0,277268940.000,0,-,-,-,-,3354.8000,3354.4000,3353.8000,3353.6000,3353.4000,3356.2000,3356.4000,3356.6000,3356.8000,3357.0000,1,1,1,1,2,1,2,3,1,1
SF,IH2011,2020-10-13 09:32:26.500,3355.0000,6076,0,277268940.000,0,-,-,-,-,3355.0000,3354.4000,3353.8000,3353.4000,3353.2000,3356.0000,3356.6000,3357.0000,3358.2000,3358.4000,1,1,1,2,1,2,2,1,2,2
SF,IH2011,2020-10-13 09:32:27.000,3356.0000,6074,-2,279282540.000,2,0,2,双平,S,3354.4000,3353.8000,3353.4000,3353.2000,3351.2000,3356.6000,3357.0000,3358.2000,3358.4000,3359.2000,1,1,2,1,6,1,1,2,2,5
SF,IH2011,2020-10-13 09:32:27.500,3356.0000,6074,0,279282540.000,0,-,-,-,-,3354.6000,3354.4000,3353.8000,3353.4000,3353.2000,3356.4000,3356.6000,3357.0000,3357.8000,3358.2000,1,1,1,1,1,1,1,1,1,2
SF,IH2011,2020-10-13 09:32:28.000,3354.8000,6074,0,280288980.000,1,0,1,多换,S,3354.6000,3354.4000,3353.8000,3353.4000,3353.2000,3356.2000,3356.4000,3357.0000,3357.8000,3358.2000,1,1,1,1,1,5,1,1,1,2
SF,IH2011,2020-10-13 09:32:28.500,3354.6000,6074,0,281295360.000,1,0,1,多换,S,3354.4000,3353.8000,3353.4000,3353.2000,3351.2000,3356.0000,3356.2000,3357.0000,3357.8000,3358.2000,1,1,1,1,6,1,4,1,1,2
SF,IH2011,2020-10-13 09:32:29.000,3354.6000,6074,0,281295360.000,0,-,-,-,-,3354.4000,3353.8000,3353.4000,3353.2000,3351.2000,3356.0000,3356.2000,3357.0000,3357.8000,3358.2000,1,1,1,1,6,1,3,1,1,2
SF,IH2011,2020-10-13 09:32:29.500,3354.6000,6074,0,281295360.000,0,-,-,-,-,3354.6000,3354.4000,3353.8000,3353.4000,3353.2000,3356.0000,3356.2000,3357.0000,3357.8000,3358.2000,1,1,1,1,1,1,3,1,1,2
SF,IH2011,2020-10-13 09:32:30.000,3356.2000,6074,0,284315880.000,3,1,2,多换,S,3356.2000,3354.6000,3354.4000,3353.8000,3353.4000,3357.0000,3357.8000,3358.2000,3358.4000,3359.2000,1,1,1,1,1,2,1,2,2,5
SF,IH2011,2020-10-13 09:32:30.500,3356.2000,6074,0,285322740.000,1,0,1,多换,S,3354.6000,3354.4000,3353.8000,3353.4000,3353.2000,3355.8000,3356.2000,3356.8000,3357.0000,3357.8000,1,1,1,1,1,1,2,2,2,1
SF,IH2011,2020-10-13 09:32:31.000,3355.8000,6074,0,286329480.000,1,0,1,多换,S,3356.0000,3355.2000,3354.8000,3354.6000,3354.4000,3356.2000,3357.0000,3358.2000,3358.4000,3359.6000,2,1,1,1,1,1,2,2,2,1
SF,IH2011,2020-10-13 09:32:31.500,3356.2000,6074,0,287336340.000,1,0,1,多换,S,3356.2000,3356.0000,3354.8000,3354.6000,3354.4000,3357.0000,3358.2000,3358.4000,3359.6000,3360.0000,1,2,1,1,1,2,2,2,1,5
SF,IH2011,2020-10-13 09:32:32.000,3356.2000,6074,0,287336340.000,0,-,-,-,-,3356.2000,3356.0000,3355.0000,3354.8000,3354.6000,3356.8000,3357.0000,3358.2000,3358.4000,3360.0000,1,2,1,2,1,1,2,2,2,5
SF,IH2011,2020-10-13 09:32:32.500,3356.2000,6073,-1,288343200.000,1,0,1,双平,S,3356.0000,3355.0000,3354.8000,3354.6000,3354.4000,3357.0000,3358.2000,3358.4000,3360.0000,3362.8000,2,1,1,1,1,2,2,2,5,1
SF,IH2011,2020-10-13 09:32:33.000,3356.2000,6073,0,288343200.000,0,-,-,-,-,3356.0000,3355.0000,3354.8000,3354.6000,3354.4000,3356.8000,3357.0000,3358.2000,3358.4000,3360.0000,2,1,1,1,1,2,2,2,2,5
SF,IH2011,2020-10-13 09:32:33.500,3356.0000,6073,0,290356800.000,2,1,1,多换,S,3355.0000,3354.8000,3354.6000,3354.4000,3353.8000,3356.8000,3357.0000,3358.2000,3358.4000,3360.0000,1,1,1,1,1,2,2,2,2,5
SF,IH2011,2020-10-13 09:32:34.000,3356.0000,6073,0,290356800.000,0,-,-,-,-,3355.2000,3355.0000,3354.8000,3354.4000,3353.8000,3356.8000,3357.0000,3358.2000,3358.4000,3359.6000,2,1,1,1,1,1,2,2,2,1
SF,IH2011,2020-10-13 09:32:34.500,3356.0000,6073,0,290356800.000,0,-,-,-,-,3355.2000,3355.0000,3354.8000,3354.4000,3353.8000,3357.0000,3358.2000,3358.4000,3359.6000,3360.0000,2,1,1,1,1,2,2,2,1,5
SF,IH2011,2020-10-13 09:32:35.000,3356.8000,6073,0,291363840.000,1,0,1,多换,S,3355.6000,3355.2000,3355.0000,3354.8000,3354.4000,3356.8000,3357.0000,3358.2000,3358.4000,3359.6000,1,2,1,1,1,1,2,2,2,1
SF,IH2011,2020-10-13 09:32:35.500,3355.8000,6073,0,294384360.000,3,1,2,多换,S,3355.8000,3355.6000,3355.2000,3355.0000,3354.8000,3357.0000,3358.2000,3360.0000,3362.8000,3363.0000,2,1,1,1,1,2,2,5,1,5
SF,IH2011,2020-10-13 09:32:36.000,3355.8000,6073,0,295391100.000,1,0,1,多换,S,3355.8000,3355.6000,3355.2000,3355.0000,3354.8000,3357.0000,3358.2000,3360.0000,3362.8000,3363.0000,2,1,1,1,1,1,2,5,1,5
SF,IH2011,2020-10-13 09:32:36.500,3355.8000,6073,0,295391100.000,0,-,-,-,-,3355.8000,3355.6000,3355.2000,3355.0000,3354.8000,3357.0000,3358.2000,3360.0000,3362.8000,3363.0000,2,1,1,1,1,1,2,5,1,5
SF,IH2011,2020-10-13 09:32:37.000,3355.8000,6073,0,295391100.000,0,-,-,-,-,3355.8000,3355.2000,3354.8000,3354.4000,3354.0000,3357.0000,3358.2000,3360.0000,3362.8000,3363.0000,2,1,1,1,5,1,1,5,1,5
SF,IH2011,2020-10-13 09:32:37.500,3357.0000,6073,0,296398200.000,1,0,1,多换,S,3356.0000,3355.8000,3355.2000,3354.8000,3354.4000,3358.2000,3360.0000,3362.8000,3363.0000,3364.6000,1,2,1,1,1,1,5,1,5,1
SF,IH2011,2020-10-13 09:32:38.000,3357.0000,6073,0,296398200.000,0,-,-,-,-,3357.0000,3356.2000,3356.0000,3354.8000,3354.4000,3357.8000,3358.0000,3358.2000,3359.6000,3360.0000,1,2,1,1,1,1,3,2,1,5
SF,IH2011,2020-10-13 09:32:38.500,3357.0000,6073,0,297405300.000,1,0,1,多换,S,3356.2000,3356.0000,3354.8000,3354.4000,3354.0000,3357.0000,3357.8000,3358.0000,3358.2000,3359.6000,2,1,1,1,5,2,1,3,2,1
SF,IH2011,2020-10-13 09:32:39.000,3357.0000,6073,0,297405300.000,0,-,-,-,-,3356.2000,3356.0000,3354.8000,3354.4000,3354.0000,3357.8000,3358.0000,3358.2000,3359.6000,3360.0000,1,1,1,1,5,1,2,2,1,5
SF,IH2011,2020-10-13 09:32:39.500,3357.0000,6073,0,297405300.000,0,-,-,-,-,3356.2000,3354.8000,3354.4000,3354.0000,3353.8000,3357.6000,3357.8000,3358.0000,3358.2000,3360.0000,1,1,1,5,1,2,1,1,2,5
SF,IH2011,2020-10-13 09:32:40.000,3357.0000,6073,0,297405300.000,0,-,-,-,-,3356.2000,3354.8000,3354.4000,3354.0000,3353.8000,3357.6000,3357.8000,3358.2000,3360.0000,3362.8000,1,1,1,5,1,2,1,2,5,1
SF,IH2011,2020-10-13 09:32:40.500,3357.0000,6073,0,297405300.000,0,-,-,-,-,3356.2000,3354.8000,3354.4000,3354.0000,3353.8000,3357.6000,3357.8000,3358.2000,3360.0000,3362.8000,1,1,1,5,1,2,1,2,5,1
SF,IH2011,2020-10-13 09:32:41.000,3357.0000,6073,0,297405300.000,0,-,-,-,-,3356.2000,3354.8000,3354.4000,3354.0000,3353.8000,3357.8000,3358.2000,3360.0000,3362.8000,3363.0000,1,1,1,5,1,1,2,5,1,5
SF,IH2011,2020-10-13 09:32:41.500,3357.0000,6073,0,297405300.000,0,-,-,-,-,3356.2000,3355.0000,3354.8000,3354.4000,3354.0000,3357.6000,3357.8000,3358.2000,3359.6000,3360.0000,1,1,1,1,5,2,1,2,1,5
SF,IH2011,2020-10-13 09:32:42.000,3357.0000,6073,0,297405300.000,0,-,-,-,-,3356.2000,3355.0000,3354.8000,3354.4000,3354.0000,3357.6000,3357.8000,3358.2000,3359.6000,3360.0000,1,2,1,1,5,2,1,2,1,5
SF,IH2011,2020-10-13 09:32:42.500,3357.6000,6073,0,299419440.000,2,1,1,多换,S,3355.0000,3354.8000,3354.4000,3354.0000,3353.8000,3357.6000,3357.8000,3358.2000,3359.6000,3360.0000,2,1,1,5,1,1,1,2,1,5
SF,IH2011,2020-10-13 09:32:43.000,3355.4000,6074,1,300426060.000,1,1,0,双开,S,3355.2000,3355.0000,3354.8000,3354.0000,3353.8000,3357.4000,3357.8000,3358.2000,3360.0000,3362.8000,4,3,1,5,1,2,1,2,5,1
SF,IH2011,2020-10-13 09:32:43.500,3355.4000,6074,0,300426060.000,0,-,-,-,-,3355.2000,3355.0000,3354.8000,3354.0000,3353.8000,3357.2000,3357.4000,3357.8000,3358.2000,3360.0000,4,3,1,5,1,1,1,1,2,5
SF,IH2011,2020-10-13 09:32:44.000,3355.4000,6074,0,300426060.000,0,-,-,-,-,3355.4000,3355.2000,3355.0000,3354.8000,3354.0000,3357.2000,3357.4000,3357.8000,3358.2000,3360.0000,1,4,3,1,5,1,1,1,2,5
SF,IH2011,2020-10-13 09:32:44.500,3357.4000,6072,-2,302440440.000,2,0,2,双平,S,3356.2000,3355.6000,3355.2000,3355.0000,3354.8000,3358.2000,3360.0000,3362.8000,3363.0000,3364.6000,1,4,1,3,1,2,5,1,5,1
SF,IH2011,2020-10-13 09:32:45.000,3356.4000,6072,0,303447360.000,1,0,1,多换,S,3357.6000,3356.4000,3355.6000,3355.2000,3355.0000,3358.0000,3358.2000,3359.6000,3360.0000,3362.8000,1,2,1,1,3,2,1,1,5,1
SF,IH2011,2020-10-13 09:32:45.500,3357.6000,6071,-1,304454640.000,1,0,1,双平,S,3356.4000,3355.6000,3355.2000,3355.0000,3354.0000,3357.6000,3358.0000,3359.6000,3360.0000,3362.8000,2,1,1,3,5,4,1,1,4,1
SF,IH2011,2020-10-13 09:32:46.000,3356.6000,6071,0,305461620.000,1,0,1,多换,S,3356.4000,3356.2000,3355.2000,3355.0000,3354.0000,3357.6000,3359.6000,3360.0000,3362.8000,3363.0000,1,1,1,3,5,2,1,4,1,5
SF,IH2011,2020-10-13 09:32:46.500,3356.6000,6071,0,305461620.000,0,-,-,-,-,3356.4000,3356.2000,3355.2000,3355.0000,3354.0000,3357.6000,3360.0000,3362.8000,3363.0000,3364.6000,1,1,1,3,5,2,4,1,5,1
SF,IH2011,2020-10-13 09:32:47.500,3356.4000,6071,0,306468540.000,1,0,1,多换,S,3356.2000,3355.2000,3355.0000,3354.0000,3353.8000,3357.6000,3360.0000,3362.8000,3363.0000,3364.6000,1,1,3,5,1,2,4,1,5,1
SF,IH2011,2020-10-13 09:32:48.000,3356.4000,6071,0,306468540.000,0,-,-,-,-,3356.4000,3356.2000,3355.2000,3355.0000,3354.0000,3357.6000,3360.0000,3362.8000,3363.0000,3364.6000,1,1,1,3,5,2,4,1,5,1
SF,IH2011,2020-10-13 09:32:48.500,3357.6000,6070,-1,307475820.000,1,0,1,双平,S,3356.4000,3356.2000,3355.2000,3355.0000,3354.0000,3357.6000,3359.6000,3360.0000,3362.8000,3363.0000,1,1,1,3,5,1,1,4,1,5
SF,IH2011,2020-10-13 09:32:49.000,3357.6000,6070,0,307475820.000,0,-,-,-,-,3356.4000,3356.2000,3355.2000,3355.0000,3354.0000,3357.6000,3359.6000,3360.0000,3362.8000,3363.0000,1,1,1,3,5,1,1,4,1,5
SF,IH2011,2020-10-13 09:32:49.500,3357.6000,6069,-1,308483100.000,1,0,1,双平,S,3356.4000,3356.2000,3355.2000,3355.0000,3354.0000,3359.6000,3360.0000,3362.8000,3363.0000,3364.6000,1,1,1,3,5,1,4,1,5,1
SF,IH2011,2020-10-13 09:32:50.000,3356.6000,6069,0,309490080.000,1,0,1,多换,S,3356.4000,3356.2000,3355.0000,3354.0000,3353.8000,3358.8000,3359.2000,3359.4000,3359.6000,3360.0000,1,1,3,5,1,1,5,6,1,4
SF,IH2011,2020-10-13 09:32:50.500,3356.6000,6069,0,309490080.000,0,-,-,-,-,3356.4000,3356.2000,3355.0000,3354.0000,3353.8000,3358.6000,3358.8000,3359.2000,3359.4000,3360.0000,1,1,3,5,1,6,2,3,3,4
SF,IH2011,2020-10-13 09:32:52.000,3356.6000,6069,0,309490080.000,0,-,-,-,-,3356.8000,3356.4000,3356.2000,3355.0000,3354.0000,3358.6000,3358.8000,3359.2000,3359.4000,3359.6000,1,2,1,3,5,6,2,3,3,1
SF,IH2011,2020-10-13 09:32:52.500,3356.6000,6069,0,309490080.000,0,-,-,-,-,3357.0000,3356.8000,3356.4000,3355.0000,3354.0000,3358.4000,3358.6000,3358.8000,3359.2000,3359.4000,1,1,2,3,5,1,7,1,3,3
SF,IH2011,2020-10-13 09:32:53.000,3357.0000,6069,0,310497180.000,1,0,1,多换,S,3356.4000,3355.0000,3354.0000,3353.8000,3353.2000,3358.2000,3358.4000,3358.6000,3358.8000,3359.2000,2,3,5,1,1,3,1,5,1,3
SF,IH2011,2020-10-13 09:32:53.500,3357.0000,6069,0,310497180.000,0,-,-,-,-,3356.4000,3355.0000,3354.0000,3353.8000,3353.2000,3358.0000,3358.2000,3358.4000,3358.6000,3358.8000,2,3,5,1,1,1,3,1,4,1
SF,IH2011,2020-10-13 09:32:54.000,3357.0000,6069,0,310497180.000,0,-,-,-,-,3356.4000,3355.0000,3354.0000,3353.8000,3353.2000,3357.8000,3358.0000,3358.2000,3358.4000,3358.6000,2,3,5,1,1,2,1,1,1,2
SF,IH2011,2020-10-13 09:32:54.500,3357.0000,6069,0,310497180.000,0,-,-,-,-,3356.4000,3355.0000,3354.0000,3353.8000,3353.2000,3357.8000,3358.0000,3358.2000,3358.4000,3358.6000,3,3,5,1,1,2,1,1,1,2
SF,IH2011,2020-10-13 09:32:55.000,3357.0000,6069,0,310497180.000,0,-,-,-,-,3356.4000,3355.0000,3354.0000,3353.8000,3353.2000,3357.8000,3358.0000,3358.4000,3358.6000,3358.8000,3,3,5,1,1,1,1,1,1,1
SF,IH2011,2020-10-13 09:32:55.500,3357.0000,6069,0,310497180.000,0,-,-,-,-,3356.4000,3355.0000,3354.0000,3353.8000,3353.2000,3358.0000,3358.4000,3358.6000,3358.8000,3359.2000,3,3,5,1,1,1,1,1,1,3
SF,IH2011,2020-10-13 09:32:56.000,3357.0000,6069,0,310497180.000,0,-,-,-,-,3356.4000,3355.0000,3354.0000,3353.8000,3353.2000,3357.8000,3358.0000,3358.4000,3358.6000,3358.8000,3,3,5,1,1,1,1,1,1,1
SF,IH2011,2020-10-13 09:32:57.000,3357.0000,6069,0,310497180.000,0,-,-,-,-,3356.4000,3355.0000,3354.0000,3353.8000,3353.2000,3357.8000,3358.0000,3358.4000,3358.6000,3358.8000,3,3,5,1,1,1,1,1,1,1
SF,IH2011,2020-10-13 09:32:57.500,3357.8000,6068,-1,311504520.000,1,0,1,双平,S,3356.4000,3355.0000,3354.0000,3353.8000,3353.2000,3358.0000,3358.4000,3358.6000,3358.8000,3359.2000,2,3,5,1,1,1,1,1,1,3
SF,IH2011,2020-10-13 09:32:58.000,3357.8000,6068,0,311504520.000,0,-,-,-,-,3356.4000,3355.0000,3354.0000,3353.8000,3353.2000,3358.0000,3358.2000,3358.4000,3358.8000,3359.2000,2,3,5,1,1,2,1,1,1,3
SF,IH2011,2020-10-13 09:32:58.500,3356.4000,6068,0,312511440.000,1,0,1,多换,S,3356.4000,3355.0000,3354.0000,3353.8000,3353.2000,3357.8000,3358.0000,3358.2000,3358.4000,3358.8000,1,3,5,1,1,1,2,1,1,1
SF,IH2011,2020-10-13 09:32:59.000,3356.4000,6068,0,312511440.000,0,-,-,-,-,3356.4000,3355.0000,3354.0000,3353.8000,3353.2000,3357.6000,3357.8000,3358.0000,3358.2000,3358.4000,1,3,5,1,1,1,1,2,1,1
SF,IH2011,2020-10-13 09:32:59.500,3356.4000,6068,0,312511440.000,0,-,-,-,-,3356.4000,3355.0000,3354.0000,3353.8000,3353.2000,3357.6000,3357.8000,3358.0000,3358.2000,3358.4000,1,3,5,1,1,1,1,2,1,1
SF,IH2011,2020-10-13 09:33:00.000,3356.4000,6068,0,313518360.000,1,0,1,多换,S,3355.6000,3355.0000,3354.0000,3353.8000,3353.2000,3357.4000,3357.6000,3357.8000,3358.0000,3358.2000,1,3,5,1,1,1,1,1,2,1
SF,IH2011,2020-10-13 09:33:00.500,3356.4000,6068,0,313518360.000,0,-,-,-,-,3355.8000,3355.6000,3355.0000,3354.0000,3353.8000,3357.2000,3357.4000,3357.8000,3358.0000,3358.2000,2,1,3,5,1,1,1,1,1,1
SF,IH2011,2020-10-13 09:33:01.000,3356.4000,6068,0,313518360.000,0,-,-,-,-,3356.0000,3355.8000,3355.6000,3355.0000,3354.0000,3357.0000,3357.2000,3357.4000,3357.8000,3358.0000,1,2,1,3,5,1,1,1,1,1
SF,IH2011,2020-10-13 09:33:01.500,3356.4000,6068,0,313518360.000,0,-,-,-,-,3356.0000,3355.8000,3355.6000,3355.0000,3354.0000,3357.0000,3357.8000,3358.0000,3358.2000,3358.4000,1,1,1,3,5,1,1,1,1,1
SF,IH2011,2020-10-13 09:33:02.000,3357.0000,6068,0,314525460.000,1,0,1,多换,S,3356.0000,3355.8000,3355.6000,3355.0000,3354.0000,3358.0000,3358.2000,3358.4000,3358.8000,3359.2000,1,1,1,3,5,1,1,1,1,3
SF,IH2011,2020-10-13 09:33:02.500,3356.2000,6068,0,315532320.000,1,0,1,多换,S,3356.0000,3355.6000,3355.0000,3354.0000,3353.8000,3357.8000,3358.0000,3358.2000,3358.4000,3358.8000,1,1,3,5,1,5,2,1,1,1
SF,IH2011,2020-10-13 09:33:03.000,3356.2000,6068,0,315532320.000,0,-,-,-,-,3355.6000,3355.0000,3354.0000,3353.8000,3353.2000,3357.8000,3358.0000,3358.2000,3358.4000,3358.8000,1,3,5,1,1,6,1,1,1,1
SF,IH2011,2020-10-13 09:33:03.500,3356.2000,6068,0,315532320.000,0,-,-,-,-,3355.8000,3355.6000,3355.0000,3354.0000,3353.8000,3357.8000,3358.0000,3358.2000,3358.4000,3358.8000,1,1,3,5,1,5,1,1,1,1
SF,IH2011,2020-10-13 09:33:04.000,3356.2000,6068,0,315532320.000,0,-,-,-,-,3355.8000,3355.6000,3355.0000,3354.0000,3353.8000,3357.6000,3357.8000,3358.0000,3358.2000,3358.4000,1,1,4,5,1,1,5,1,1,1
SF,IH2011,2020-10-13 09:33:04.500,3355.8000,6067,-1,316539060.000,1,0,1,双平,S,3355.6000,3355.0000,3354.0000,3353.8000,3353.2000,3357.4000,3357.8000,3358.0000,3358.2000,3358.4000,1,4,5,1,1,4,3,1,1,1
SF,IH2011,2020-10-13 09:33:05.000,3355.6000,6066,-1,317545740.000,1,0,1,双平,S,3356.2000,3355.8000,3355.0000,3354.0000,3353.8000,3357.0000,3357.2000,3357.4000,3357.8000,3358.0000,1,1,3,5,1,3,2,5,3,1
SF,IH2011,2020-10-13 09:33:05.500,3355.8000,6065,-1,319559340.000,2,0,2,多平,S,3355.0000,3354.0000,3353.8000,3353.2000,3351.0000,3356.2000,3356.8000,3357.0000,3357.4000,3357.8000,3,5,1,1,1,3,3,3,2,3
SF,IH2011,2020-10-13 09:33:06.000,3355.0000,6064,-1,322578840.000,3,1,2,多平,S,3354.0000,3353.2000,3351.0000,3350.2000,3350.0000,3356.0000,3356.2000,3356.8000,3357.4000,3357.8000,5,1,1,6,2,7,3,1,1,3
SF,IH2011,2020-10-13 09:33:06.500,3354.2000,6064,0,323585100.000,1,0,1,多换,S,3354.0000,3353.2000,3351.0000,3350.2000,3350.0000,3355.8000,3356.0000,3356.2000,3356.8000,3357.4000,5,1,1,6,2,1,7,3,1,1
SF,IH2011,2020-10-13 09:33:07.000,3354.2000,6064,0,323585100.000,0,-,-,-,-,3354.2000,3354.0000,3353.2000,3351.0000,3350.2000,3355.6000,3355.8000,3356.2000,3357.4000,3357.8000,1,5,1,1,6,1,1,2,1,3
SF,IH2011,2020-10-13 09:33:07.500,3354.2000,6064,0,323585100.000,0,-,-,-,-,3354.0000,3353.2000,3351.0000,3350.2000,3350.0000,3355.6000,3355.8000,3356.2000,3357.4000,3357.8000,5,1,1,6,2,1,1,2,1,3
SF,IH2011,2020-10-13 09:33:08.000,3354.2000,6064,0,323585100.000,0,-,-,-,-,3354.0000,3353.2000,3351.0000,3350.2000,3350.0000,3355.6000,3355.8000,3356.2000,3357.4000,3357.8000,5,1,1,6,2,1,1,2,1,3
SF,IH2011,2020-10-13 09:33:09.000,3354.2000,6064,0,323585100.000,0,-,-,-,-,3354.0000,3353.2000,3351.0000,3350.2000,3350.0000,3355.4000,3355.6000,3355.8000,3356.2000,3357.4000,5,1,1,6,2,1,2,1,2,1
SF,IH2011,2020-10-13 09:33:09.500,3354.2000,6064,0,323585100.000,0,-,-,-,-,3354.0000,3353.2000,3351.0000,3350.2000,3350.0000,3355.0000,3355.2000,3355.8000,3356.2000,3357.4000,6,1,1,6,2,1,1,1,2,1
SF,IH2011,2020-10-13 09:33:10.000,3354.2000,6064,0,323585100.000,0,-,-,-,-,3354.2000,3354.0000,3353.2000,3351.0000,3350.2000,3354.8000,3355.0000,3355.8000,3356.2000,3357.4000,3,7,1,1,6,1,1,1,2,1
SF,IH2011,2020-10-13 09:33:10.500,3355.0000,6062,-2,325597860.000,2,0,2,双平,S,3354.8000,3354.2000,3354.0000,3353.2000,3351.0000,3355.8000,3356.2000,3357.4000,3357.8000,3358.0000,1,2,7,1,1,1,1,1,3,1
SF,IH2011,2020-10-13 09:33:11.000,3354.8000,6062,0,326604300.000,1,0,1,多换,S,3354.0000,3353.2000,3351.0000,3350.2000,3350.0000,3355.0000,3355.6000,3355.8000,3356.2000,3357.4000,7,1,1,6,2,1,5,1,1,1
SF,IH2011,2020-10-13 09:33:11.500,3354.8000,6062,0,326604300.000,0,-,-,-,-,3354.2000,3354.0000,3353.2000,3351.0000,3350.2000,3355.0000,3355.6000,3355.8000,3356.2000,3357.4000,1,7,1,1,6,1,4,1,1,1
SF,IH2011,2020-10-13 09:33:12.000,3354.8000,6062,0,326604300.000,0,-,-,-,-,3354.2000,3354.0000,3353.2000,3351.0000,3350.2000,3354.8000,3355.0000,3355.6000,3355.8000,3356.2000,1,17,1,1,6,1,1,3,1,1
SF,IH2011,2020-10-13 09:33:12.500,3354.8000,6062,0,326604300.000,0,-,-,-,-,3354.2000,3354.0000,3353.2000,3351.0000,3350.2000,3354.8000,3355.6000,3355.8000,3356.2000,3357.4000,1,17,1,1,6,1,3,1,1,1
SF,IH2011,2020-10-13 09:33:13.000,3354.2000,6061,-1,327610560.000,1,0,1,双平,S,3354.2000,3354.0000,3353.2000,3351.0000,3350.2000,3354.6000,3354.8000,3355.6000,3355.8000,3356.2000,1,17,1,1,6,1,1,3,1,1
SF,IH2011,2020-10-13 09:33:13.500,3354.0000,6060,-1,331635420.000,4,1,3,多平,S,3354.0000,3353.8000,3353.2000,3351.0000,3350.2000,3354.2000,3354.6000,3355.6000,3355.8000,3356.2000,14,1,1,1,6,1,1,3,1,1
SF,IH2011,2020-10-13 09:33:14.000,3354.0000,6059,-1,347734680.000,16,7,9,多平,S,3353.8000,3353.2000,3351.0000,3350.2000,3348.0000,3354.2000,3354.6000,3355.6000,3355.8000,3357.4000,1,1,1,6,1,1,1,3,1,1
SF,IH2011,2020-10-13 09:33:14.500,3353.8000,6059,0,348740820.000,1,0,1,多换,S,3353.2000,3351.0000,3348.0000,3347.2000,3345.4000,3353.4000,3354.2000,3354.6000,3355.6000,3355.8000,1,1,1,3,2,6,1,1,3,1
SF,IH2011,2020-10-13 09:33:15.000,3353.4000,6059,0,349746840.000,1,0,1,多换,S,3353.2000,3351.0000,3348.0000,3347.2000,3345.4000,3353.4000,3354.2000,3355.6000,3355.8000,3357.4000,1,1,1,3,2,5,1,3,1,1
SF,IH2011,2020-10-13 09:33:15.500,3353.4000,6059,0,354776940.000,5,2,3,多换,S,3353.4000,3353.2000,3351.0000,3348.0000,3347.2000,3354.2000,3355.6000,3355.8000,3357.4000,3358.0000,2,1,1,1,3,1,3,1,1,1
SF,IH2011,2020-10-13 09:33:16.000,3353.4000,6059,0,355782960.000,1,0,1,多换,S,3353.2000,3352.4000,3351.0000,3348.0000,3347.2000,3354.2000,3355.6000,3355.8000,3357.4000,3358.0000,1,1,1,1,3,1,3,1,1,1
SF,IH2011,2020-10-13 09:33:16.500,3353.4000,6059,0,355782960.000,0,-,-,-,-,3353.4000,3353.2000,3352.4000,3351.4000,3351.0000,3354.0000,3354.2000,3355.6000,3355.8000,3357.4000,1,1,1,1,1,1,1,3,1,1
SF,IH2011,2020-10-13 09:33:17.000,3354.0000,6057,-2,357795180.000,2,0,2,双平,S,3353.2000,3352.4000,3351.4000,3351.0000,3348.0000,3354.2000,3355.6000,3355.8000,3357.4000,3358.0000,1,1,1,1,1,1,3,1,1,1
SF,IH2011,2020-10-13 09:33:17.500,3354.0000,6057,0,357795180.000,0,-,-,-,-,3353.2000,3352.4000,3351.4000,3351.0000,3348.0000,3354.2000,3355.6000,3355.8000,3357.4000,3358.0000,1,1,1,1,1,1,3,1,1,1
SF,IH2011,2020-10-13 09:33:19.000,3354.0000,6057,0,357795180.000,0,-,-,-,-,3353.2000,3352.4000,3351.4000,3351.0000,3348.0000,3354.2000,3355.6000,3355.8000,3357.4000,3358.0000,1,1,1,1,1,1,3,1,1,1
SF,IH2011,2020-10-13 09:33:19.500,3354.0000,6057,0,357795180.000,0,-,-,-,-,3353.2000,3352.4000,3351.4000,3348.0000,3347.2000,3354.0000,3354.2000,3355.6000,3355.8000,3357.4000,1,1,1,1,3,1,1,3,1,1
SF,IH2011,2020-10-13 09:33:20.000,3354.2000,6057,0,358801440.000,1,0,1,多换,S,3354.0000,3353.2000,3352.4000,3351.4000,3348.0000,3355.6000,3355.8000,3357.4000,3358.0000,3358.2000,1,1,1,1,1,3,1,1,1,1
SF,IH2011,2020-10-13 09:33:20.500,3354.0000,6056,-1,359807640.000,1,0,1,双平,S,3353.2000,3352.4000,3348.0000,3347.2000,3345.4000,3353.6000,3354.0000,3354.8000,3355.2000,3355.4000,2,1,1,3,2,1,1,1,3,8
SF,IH2011,2020-10-13 09:33:21.000,3354.0000,6056,0,361819920.000,2,1,1,多换,S,3353.6000,3353.2000,3352.4000,3347.2000,3345.4000,3354.8000,3355.2000,3355.4000,3355.6000,3355.8000,1,3,1,3,2,1,3,6,4,1
SF,IH2011,2020-10-13 09:33:21.500,3354.6000,6056,0,363832260.000,2,1,1,多换,S,3353.6000,3353.2000,3352.4000,3347.2000,3345.4000,3355.4000,3355.6000,3355.8000,3357.4000,3358.2000,1,2,1,3,2,4,3,1,1,1
SF,IH2011,2020-10-13 09:33:22.000,3354.6000,6056,0,363832260.000,0,-,-,-,-,3353.8000,3353.6000,3353.2000,3352.4000,3347.2000,3355.2000,3355.4000,3355.6000,3355.8000,3357.4000,1,1,2,1,3,3,4,3,1,1
SF,IH2011,2020-10-13 09:33:22.500,3353.6000,6054,-2,365844480.000,2,0,2,双平,S,3353.2000,3352.4000,3347.2000,3345.4000,3344.0000,3353.6000,3355.2000,3355.4000,3355.6000,3355.8000,2,1,3,2,5,5,3,4,3,1
SF,IH2011,2020-10-13 09:33:23.000,3353.6000,6049,-5,371880960.000,6,0,6,多平,S,3353.2000,3352.4000,3347.2000,3345.4000,3344.0000,3355.2000,3355.4000,3355.6000,3355.8000,3357.4000,2,1,3,2,5,2,1,3,1,1
SF,IH2011,2020-10-13 09:33:23.500,3353.6000,6049,0,371880960.000,0,-,-,-,-,3354.8000,3353.8000,3353.4000,3353.2000,3352.4000,3355.2000,3355.6000,3355.8000,3357.4000,3358.2000,1,1,2,2,1,2,1,1,1,1
SF,IH2011,2020-10-13 09:33:24.000,3354.8000,6048,-1,372887400.000,1,0,1,双平,S,3353.8000,3353.4000,3353.2000,3353.0000,3350.4000,3354.8000,3355.2000,3355.8000,3357.4000,3358.2000,1,1,2,1,4,3,2,1,1,1
SF,IH2011,2020-10-13 09:33:24.500,3354.8000,6048,0,372887400.000,0,-,-,-,-,3353.8000,3353.4000,3353.2000,3353.0000,3350.4000,3354.6000,3355.2000,3355.8000,3357.4000,3358.2000,1,1,2,1,4,1,1,1,1,1
SF,IH2011,2020-10-13 09:33:25.000,3354.8000,6048,0,372887400.000,0,-,-,-,-,3354.6000,3353.8000,3353.4000,3353.2000,3353.0000,3355.2000,3355.8000,3357.4000,3358.2000,3358.4000,1,1,1,2,1,1,1,1,1,1
SF,IH2011,2020-10-13 09:33:25.500,3354.6000,6047,-1,373893780.000,1,0,1,双平,S,3353.8000,3353.4000,3353.2000,3353.0000,3350.4000,3354.6000,3355.0000,3355.2000,3355.8000,3357.4000,1,1,2,1,4,1,1,1,1,1
SF,IH2011,2020-10-13 09:33:26.000,3353.4000,6047,0,375905940.000,2,1,1,多换,S,3353.2000,3353.0000,3350.4000,3347.2000,3345.4000,3355.0000,3355.2000,3355.8000,3357.4000,3358.2000,2,1,4,3,2,1,1,1,1,1
SF,IH2011,2020-10-13 09:33:26.500,3353.4000,6048,1,376911960.000,1,1,0,双开,S,3353.2000,3353.0000,3350.4000,3347.2000,3345.4000,3354.8000,3355.0000,3355.2000,3355.8000,3357.4000,2,1,4,3,2,2,1,1,1,1
SF,IH2011,2020-10-13 09:33:27.000,3354.8000,6046,-2,378924780.000,2,0,2,双平,S,3353.2000,3353.0000,3350.4000,3347.2000,3345.4000,3354.8000,3355.2000,3355.8000,3357.4000,3358.2000,2,1,4,3,2,1,1,1,1,1
SF,IH2011,2020-10-13 09:33:27.500,3353.4000,6046,0,379930800.000,1,0,1,多换,S,3353.2000,3353.0000,3350.4000,3347.2000,3345.4000,3354.6000,3355.2000,3355.8000,3357.4000,3358.2000,2,1,4,3,2,1,1,1,1,1
SF,IH2011,2020-10-13 09:33:28.000,3353.4000,6046,0,379930800.000,0,-,-,-,-,3353.2000,3353.0000,3350.4000,3347.2000,3345.4000,3354.4000,3355.2000,3355.8000,3357.4000,3358.2000,2,1,4,3,2,1,1,1,1,1
SF,IH2011,2020-10-13 09:33:28.500,3353.4000,6046,0,379930800.000,0,-,-,-,-,3353.2000,3353.0000,3350.4000,3347.2000,3345.4000,3354.4000,3354.6000,3355.2000,3355.8000,3357.4000,2,1,4,3,2,1,1,1,1,1
SF,IH2011,2020-10-13 09:33:29.000,3353.4000,6046,0,379930800.000,0,-,-,-,-,3353.2000,3353.0000,3350.4000,3347.2000,3345.4000,3354.4000,3355.2000,3355.8000,3357.4000,3358.2000,2,1,4,3,2,1,1,1,1,1
SF,IH2011,2020-10-13 09:33:30.000,3353.4000,6046,0,379930800.000,0,-,-,-,-,3353.2000,3353.0000,3350.4000,3347.2000,3345.4000,3354.4000,3355.2000,3355.8000,3357.4000,3358.2000,2,1,4,3,2,1,1,1,1,1
SF,IH2011,2020-10-13 09:33:30.500,3353.4000,6046,0,379930800.000,0,-,-,-,-,3354.2000,3353.2000,3353.0000,3350.4000,3347.2000,3354.4000,3355.2000,3355.8000,3357.4000,3358.4000,1,2,1,4,3,1,1,1,1,1
SF,IH2011,2020-10-13 09:33:31.000,3354.2000,6045,-1,380937060.000,1,0,1,双平,S,3353.2000,3353.0000,3350.4000,3347.2000,3345.4000,3354.2000,3355.2000,3355.8000,3357.4000,3358.4000,2,1,4,3,2,2,1,1,1,1
SF,IH2011,2020-10-13 09:33:31.500,3354.2000,6045,0,380937060.000,0,-,-,-,-,3353.4000,3353.2000,3353.0000,3350.4000,3347.2000,3354.2000,3354.4000,3355.2000,3355.8000,3357.4000,2,2,1,4,3,1,1,1,1,1
SF,IH2011,2020-10-13 09:33:32.000,3354.2000,6045,0,380937060.000,0,-,-,-,-,3353.4000,3353.2000,3353.0000,3350.4000,3347.2000,3354.2000,3354.4000,3355.2000,3355.8000,3357.4000,2,3,1,4,3,1,1,1,1,1
SF,IH2011,2020-10-13 09:33:33.000,3354.2000,6045,0,381943320.000,1,0,1,多换,S,3353.4000,3353.2000,3353.0000,3350.4000,3347.2000,3354.4000,3355.2000,3355.8000,3357.4000,3358.4000,2,3,1,4,3,1,1,1,1,1
SF,IH2011,2020-10-13 09:33:33.500,3353.6000,6044,-1,383955720.000,2,0,2,多平,S,3353.4000,3353.2000,3353.0000,3350.4000,3347.2000,3355.2000,3355.8000,3357.4000,3358.4000,3359.4000,2,3,1,4,3,1,1,1,1,1
SF,IH2011,2020-10-13 09:33:34.000,3353.6000,6044,0,383955720.000,0,-,-,-,-,3353.6000,3353.4000,3353.2000,3353.0000,3350.4000,3355.0000,3355.2000,3355.8000,3357.4000,3358.4000,1,2,3,1,4,3,1,1,1,1
SF,IH2011,2020-10-13 09:33:35.500,3353.6000,6044,0,383955720.000,0,-,-,-,-,3353.6000,3353.4000,3353.2000,3353.0000,3350.2000,3355.0000,3355.2000,3355.8000,3357.4000,3358.4000,1,2,3,6,3,3,1,1,1,1
SF,IH2011,2020-10-13 09:33:36.000,3353.6000,6044,0,383955720.000,0,-,-,-,-,3353.8000,3353.6000,3353.4000,3353.2000,3353.0000,3355.0000,3355.8000,3357.4000,3358.4000,3359.4000,2,1,2,3,6,2,1,1,1,1
SF,IH2011,2020-10-13 09:33:36.500,3353.6000,6044,0,383955720.000,0,-,-,-,-,3353.8000,3353.6000,3353.4000,3353.2000,3353.0000,3355.0000,3355.8000,3357.4000,3358.4000,3359.4000,2,1,2,3,6,1,1,1,1,1
SF,IH2011,2020-10-13 09:33:37.000,3353.6000,6044,0,383955720.000,0,-,-,-,-,3354.0000,3353.8000,3353.4000,3353.2000,3353.0000,3355.8000,3357.4000,3358.4000,3359.4000,3360.0000,1,2,2,3,6,1,1,1,1,5
SF,IH2011,2020-10-13 09:33:37.500,3353.6000,6044,0,383955720.000,0,-,-,-,-,3354.0000,3353.8000,3353.4000,3353.2000,3353.0000,3355.6000,3355.8000,3357.4000,3358.4000,3359.4000,1,2,2,3,6,3,1,1,1,1
SF,IH2011,2020-10-13 09:33:38.500,3353.6000,6044,0,383955720.000,0,-,-,-,-,3354.0000,3353.8000,3353.4000,3353.2000,3353.0000,3355.6000,3355.8000,3357.4000,3358.4000,3359.4000,1,2,2,3,6,2,1,1,1,1
SF,IH2011,2020-10-13 09:33:39.000,3353.6000,6044,0,383955720.000,0,-,-,-,-,3354.0000,3353.8000,3353.4000,3353.2000,3353.0000,3357.4000,3358.4000,3359.4000,3359.8000,3360.0000,1,2,2,3,6,1,1,1,1,5
SF,IH2011,2020-10-13 09:33:39.500,3353.6000,6044,0,383955720.000,0,-,-,-,-,3355.6000,3354.2000,3354.0000,3353.8000,3353.2000,3356.2000,3357.0000,3357.2000,3357.4000,3358.4000,1,1,1,2,3,1,7,8,2,1
SF,IH2011,2020-10-13 09:33:40.000,3355.6000,6043,-1,384962400.000,1,0,1,双平,S,3354.2000,3353.2000,3353.0000,3350.2000,3347.2000,3355.6000,3356.0000,3357.0000,3357.2000,3357.4000,1,3,6,3,3,5,3,4,4,2
SF,IH2011,2020-10-13 09:33:40.500,3354.4000,6043,0,385968720.000,1,0,1,多换,S,3354.4000,3353.2000,3353.0000,3350.2000,3347.2000,3355.6000,3356.0000,3357.0000,3357.2000,3357.4000,3,3,6,3,3,2,2,5,4,2
SF,IH2011,2020-10-13 09:33:41.000,3354.4000,6043,0,385968720.000,0,-,-,-,-,3354.4000,3353.2000,3353.0000,3350.2000,3347.2000,3355.4000,3356.0000,3357.0000,3357.2000,3357.4000,2,3,6,3,3,1,2,2,4,2
SF,IH2011,2020-10-13 09:33:41.500,3354.4000,6043,0,385968720.000,0,-,-,-,-,3354.4000,3353.2000,3353.0000,3350.2000,3347.2000,3355.4000,3356.0000,3357.0000,3357.2000,3357.4000,2,3,6,3,3,1,2,2,4,2
SF,IH2011,2020-10-13 09:33:42.000,3354.4000,6043,0,385968720.000,0,-,-,-,-,3354.4000,3353.2000,3353.0000,3350.2000,3347.2000,3355.4000,3357.0000,3357.2000,3357.4000,3357.6000,2,3,6,3,3,1,2,4,2,1
SF,IH2011,2020-10-13 09:33:42.500,3355.4000,6042,-1,386975340.000,1,0,1,双平,S,3354.4000,3353.2000,3353.0000,3350.2000,3347.2000,3357.0000,3357.2000,3357.4000,3357.6000,3358.4000,2,3,6,3,3,2,4,2,1,1
SF,IH2011,2020-10-13 09:33:43.000,3355.4000,6042,0,386975340.000,0,-,-,-,-,3354.6000,3353.2000,3353.0000,3350.2000,3347.2000,3356.8000,3357.0000,3357.2000,3357.4000,3357.6000,2,3,6,3,3,6,3,2,1,1
SF,IH2011,2020-10-13 09:33:44.500,3355.4000,6042,0,386975340.000,0,-,-,-,-,3354.6000,3353.2000,3353.0000,3350.2000,3347.2000,3356.8000,3357.0000,3357.2000,3357.4000,3357.6000,2,3,6,3,3,6,3,2,1,1
SF,IH2011,2020-10-13 09:33:45.000,3355.4000,6042,0,386975340.000,0,-,-,-,-,3354.6000,3353.2000,3353.0000,3350.2000,3347.2000,3356.2000,3356.6000,3356.8000,3357.0000,3357.2000,2,3,6,3,3,1,1,7,2,2
SF,IH2011,2020-10-13 09:33:45.500,3355.4000,6042,0,386975340.000,0,-,-,-,-,3354.6000,3353.2000,3353.0000,3350.2000,3347.2000,3356.0000,3356.2000,3356.6000,3356.8000,3357.0000,1,3,6,3,3,2,1,1,6,2
SF,IH2011,2020-10-13 09:33:46.000,3355.4000,6042,0,386975340.000,0,-,-,-,-,3354.6000,3353.2000,3353.0000,3350.2000,3347.2000,3356.0000,3356.2000,3356.8000,3357.0000,3357.2000,1,3,6,3,3,2,1,6,2,2
SF,IH2011,2020-10-13 09:33:46.500,3355.4000,6042,0,386975340.000,0,-,-,-,-,3354.6000,3353.2000,3353.0000,3350.2000,3347.2000,3356.0000,3356.2000,3356.8000,3357.0000,3357.2000,1,3,6,3,3,2,1,6,2,2
SF,IH2011,2020-10-13 09:33:47.500,3355.4000,6042,0,386975340.000,0,-,-,-,-,3354.6000,3353.2000,3353.0000,3350.2000,3347.2000,3356.0000,3356.8000,3357.0000,3357.2000,3357.4000,1,3,6,3,3,2,5,2,2,1
SF,IH2011,2020-10-13 09:33:48.000,3356.0000,6041,-1,388988940.000,2,0,2,多平,S,3354.6000,3353.2000,3353.0000,3350.2000,3347.2000,3355.8000,3356.8000,3357.0000,3357.2000,3357.4000,1,3,6,3,3,1,5,2,2,1
SF,IH2011,2020-10-13 09:33:48.500,3354.8000,6042,1,389995380.000,1,1,0,双开,S,3354.6000,3353.2000,3353.0000,3350.2000,3347.2000,3355.8000,3356.8000,3357.0000,3357.2000,3357.4000,2,3,6,3,3,1,5,2,2,1
SF,IH2011,2020-10-13 09:33:49.000,3355.8000,6041,-1,391002120.000,1,0,1,双平,S,3354.8000,3354.6000,3353.2000,3353.0000,3350.2000,3356.8000,3357.0000,3357.2000,3357.4000,3357.6000,1,1,3,6,3,4,2,2,1,1
SF,IH2011,2020-10-13 09:33:49.500,3355.8000,6041,0,391002120.000,0,-,-,-,-,3355.0000,3354.8000,3353.2000,3353.0000,3350.2000,3356.6000,3356.8000,3357.0000,3357.2000,3357.4000,1,1,3,6,3,2,3,2,2,1
SF,IH2011,2020-10-13 09:33:50.000,3355.0000,6041,0,392008620.000,1,0,1,多换,S,3354.8000,3353.2000,3353.0000,3350.2000,3347.2000,3356.6000,3356.8000,3357.0000,3357.2000,3357.4000,1,3,6,3,3,2,2,2,2,1
SF,IH2011,2020-10-13 09:33:50.500,3355.0000,6041,0,393015120.000,1,0,1,多换,S,3354.8000,3353.2000,3353.0000,3350.2000,3347.2000,3356.6000,3356.8000,3357.0000,3357.4000,3357.6000,1,3,6,3,3,2,1,2,1,1
SF,IH2011,2020-10-13 09:33:51.000,3355.0000,6041,0,393015120.000,0,-,-,-,-,3355.0000,3354.8000,3353.2000,3353.0000,3350.2000,3356.6000,3356.8000,3357.0000,3357.4000,3357.6000,1,2,3,6,3,2,1,2,1,1
SF,IH2011,2020-10-13 09:33:51.500,3355.0000,6041,0,393015120.000,0,-,-,-,-,3355.0000,3354.8000,3353.2000,3353.0000,3350.2000,3356.6000,3356.8000,3357.0000,3357.4000,3357.6000,1,2,3,6,3,2,1,2,1,1
SF,IH2011,2020-10-13 09:33:52.000,3355.0000,6041,0,393015120.000,0,-,-,-,-,3354.8000,3353.2000,3353.0000,3350.2000,3347.2000,3356.6000,3356.8000,3357.0000,3357.4000,3357.6000,2,3,6,3,3,2,1,2,1,1
SF,IH2011,2020-10-13 09:33:53.500,3355.0000,6041,0,393015120.000,0,-,-,-,-,3354.8000,3353.2000,3353.0000,3350.2000,3347.2000,3356.6000,3357.0000,3357.4000,3357.6000,3358.4000,2,3,6,3,3,2,2,1,1,2
SF,IH2011,2020-10-13 09:33:54.000,3355.0000,6041,0,393015120.000,0,-,-,-,-,3355.0000,3354.8000,3353.2000,3353.0000,3350.2000,3356.6000,3357.0000,3357.4000,3357.6000,3358.4000,1,2,3,6,3,2,2,1,1,2
SF,IH2011,2020-10-13 09:33:54.500,3355.0000,6041,0,393015120.000,0,-,-,-,-,3354.8000,3353.2000,3353.0000,3350.2000,3347.2000,3356.6000,3357.0000,3357.4000,3357.6000,3358.4000,2,3,6,3,3,2,2,1,1,2
SF,IH2011,2020-10-13 09:33:55.000,3355.0000,6041,0,393015120.000,0,-,-,-,-,3355.0000,3354.8000,3353.2000,3353.0000,3350.2000,3356.6000,3357.0000,3357.4000,3357.6000,3358.4000,1,2,3,6,3,2,2,1,1,2
SF,IH2011,2020-10-13 09:33:55.500,3355.0000,6041,0,393015120.000,0,-,-,-,-,3354.8000,3353.2000,3353.0000,3350.2000,3347.2000,3356.6000,3357.0000,3357.4000,3357.6000,3358.4000,1,3,6,3,3,2,2,1,1,2
SF,IH2011,2020-10-13 09:33:56.000,3355.0000,6041,0,393015120.000,0,-,-,-,-,3355.0000,3354.8000,3353.2000,3353.0000,3350.2000,3356.6000,3357.0000,3357.4000,3357.6000,3358.4000,1,1,3,6,3,2,2,1,1,2
SF,IH2011,2020-10-13 09:33:57.000,3355.0000,6041,0,393015120.000,0,-,-,-,-,3355.0000,3354.8000,3353.2000,3353.0000,3350.2000,3356.6000,3357.0000,3357.4000,3357.6000,3358.4000,1,1,3,6,3,2,2,1,1,2
SF,IH2011,2020-10-13 09:33:57.500,3355.0000,6041,0,393015120.000,0,-,-,-,-,3355.2000,3355.0000,3354.8000,3353.2000,3353.0000,3356.6000,3357.0000,3357.4000,3357.6000,3358.4000,1,1,1,3,6,2,2,1,1,2
SF,IH2011,2020-10-13 09:33:58.000,3355.0000,6041,0,393015120.000,0,-,-,-,-,3355.2000,3355.0000,3354.8000,3353.2000,3353.0000,3356.6000,3357.0000,3357.4000,3357.6000,3358.4000,1,1,1,4,6,2,2,1,1,2
SF,IH2011,2020-10-13 09:33:58.500,3355.0000,6041,0,393015120.000,0,-,-,-,-,3355.2000,3355.0000,3354.8000,3353.2000,3353.0000,3356.6000,3357.0000,3357.4000,3357.6000,3358.4000,1,1,1,4,6,2,2,1,1,2
SF,IH2011,2020-10-13 09:33:59.000,3355.0000,6041,0,393015120.000,0,-,-,-,-,3355.4000,3355.2000,3354.8000,3353.2000,3353.0000,3356.6000,3357.0000,3357.6000,3358.4000,3359.4000,1,1,1,4,6,1,2,1,2,1
SF,IH2011,2020-10-13 09:33:59.500,3355.0000,6041,0,393015120.000,0,-,-,-,-,3355.6000,3355.2000,3355.0000,3354.8000,3353.2000,3356.6000,3357.0000,3357.6000,3358.4000,3359.4000,1,1,1,1,3,1,2,1,2,1
SF,IH2011,2020-10-13 09:34:00.500,3355.0000,6041,0,393015120.000,0,-,-,-,-,3355.6000,3355.2000,3354.8000,3353.2000,3353.0000,3356.6000,3357.0000,3357.6000,3358.4000,3359.4000,1,1,1,3,6,1,2,1,2,1
SF,IH2011,2020-10-13 09:34:01.000,3355.0000,6041,0,393015120.000,0,-,-,-,-,3355.6000,3355.2000,3354.8000,3353.2000,3353.0000,3356.6000,3357.0000,3357.6000,3358.4000,3359.4000,1,1,1,3,6,1,2,1,2,1
SF,IH2011,2020-10-13 09:34:01.500,3355.0000,6041,0,393015120.000,0,-,-,-,-,3355.6000,3355.2000,3355.0000,3354.8000,3353.2000,3356.6000,3357.0000,3357.6000,3358.4000,3359.4000,1,1,1,1,3,1,2,1,2,1
SF,IH2011,2020-10-13 09:34:02.000,3355.0000,6041,0,393015120.000,0,-,-,-,-,3355.6000,3355.2000,3355.0000,3354.8000,3353.2000,3357.0000,3357.6000,3358.4000,3359.4000,3360.0000,1,1,1,1,3,1,1,2,1,5
SF,IH2011,2020-10-13 09:34:02.500,3355.0000,6041,0,393015120.000,0,-,-,-,-,3355.6000,3355.2000,3355.0000,3354.8000,3353.2000,3356.8000,3357.0000,3357.6000,3358.4000,3359.4000,1,1,1,1,3,1,1,1,2,1
SF,IH2011,2020-10-13 09:34:03.000,3355.0000,6041,0,393015120.000,0,-,-,-,-,3355.6000,3355.2000,3355.0000,3354.8000,3353.2000,3356.8000,3357.0000,3357.6000,3358.4000,3359.4000,1,1,1,1,3,1,1,1,2,1
SF,IH2011,2020-10-13 09:34:03.500,3355.0000,6041,0,393015120.000,0,-,-,-,-,3355.6000,3355.2000,3354.8000,3353.2000,3353.0000,3356.8000,3357.0000,3357.6000,3358.4000,3359.4000,1,1,1,3,6,1,1,1,2,1
SF,IH2011,2020-10-13 09:34:04.000,3355.0000,6041,0,393015120.000,0,-,-,-,-,3355.6000,3355.2000,3355.0000,3354.8000,3353.2000,3356.8000,3357.0000,3357.6000,3358.4000,3359.4000,1,1,1,1,3,1,1,1,2,1
SF,IH2011,2020-10-13 09:34:05.000,3355.0000,6041,0,393015120.000,0,-,-,-,-,3355.6000,3355.2000,3354.8000,3353.2000,3353.0000,3356.8000,3357.0000,3357.6000,3358.4000,3359.4000,1,1,1,3,6,1,1,1,2,1
SF,IH2011,2020-10-13 09:34:05.500,3355.0000,6041,0,393015120.000,0,-,-,-,-,3355.6000,3355.2000,3354.8000,3353.2000,3353.0000,3356.8000,3357.0000,3357.6000,3358.4000,3359.4000,1,1,2,3,6,1,1,1,2,1
SF,IH2011,2020-10-13 09:34:06.000,3355.0000,6041,0,393015120.000,0,-,-,-,-,3355.6000,3355.2000,3355.0000,3354.8000,3353.2000,3356.8000,3357.0000,3357.6000,3358.4000,3359.4000,1,1,1,2,3,1,1,1,2,1
SF,IH2011,2020-10-13 09:34:06.500,3355.0000,6041,0,393015120.000,0,-,-,-,-,3355.6000,3355.2000,3355.0000,3354.8000,3353.2000,3356.8000,3357.0000,3357.6000,3358.4000,3359.4000,1,1,1,2,2,1,1,1,2,1
SF,IH2011,2020-10-13 09:34:07.000,3355.0000,6041,0,393015120.000,0,-,-,-,-,3355.6000,3355.2000,3355.0000,3354.8000,3353.2000,3356.8000,3357.0000,3357.6000,3358.4000,3359.4000,1,1,1,2,2,1,1,1,2,1
SF,IH2011,2020-10-13 09:34:07.500,3355.0000,6041,0,393015120.000,0,-,-,-,-,3355.6000,3355.2000,3355.0000,3354.8000,3353.2000,3356.8000,3357.0000,3357.6000,3358.4000,3359.4000,1,1,1,1,2,1,1,1,2,1
SF,IH2011,2020-10-13 09:34:08.000,3356.8000,6041,0,394022160.000,1,0,1,多换,S,3355.6000,3355.2000,3354.8000,3353.2000,3353.0000,3357.0000,3357.6000,3358.4000,3359.4000,3360.0000,1,1,1,2,6,1,1,2,1,5
SF,IH2011,2020-10-13 09:34:08.500,3356.8000,6041,0,394022160.000,0,-,-,-,-,3355.8000,3355.6000,3355.2000,3354.8000,3353.2000,3356.8000,3357.0000,3357.6000,3358.4000,3359.4000,1,1,1,1,2,1,1,1,2,1
SF,IH2011,2020-10-13 09:34:09.000,3356.8000,6041,0,394022160.000,0,-,-,-,-,3355.8000,3355.6000,3355.2000,3354.8000,3353.2000,3357.0000,3357.6000,3358.4000,3359.4000,3360.0000,1,1,1,1,2,1,1,2,1,5
SF,IH2011,2020-10-13 09:34:09.500,3356.8000,6041,0,395029200.000,1,0,1,多换,S,3355.8000,3355.6000,3355.2000,3354.8000,3353.2000,3357.0000,3357.6000,3358.4000,3359.4000,3360.0000,1,1,1,1,2,1,1,2,1,5
SF,IH2011,2020-10-13 09:34:10.000,3356.8000,6041,0,395029200.000,0,-,-,-,-,3355.8000,3355.6000,3355.2000,3354.8000,3353.2000,3357.0000,3357.6000,3358.4000,3359.4000,3360.0000,1,1,1,1,2,1,1,2,1,5
SF,IH2011,2020-10-13 09:34:12.000,3356.8000,6041,0,395029200.000,0,-,-,-,-,3355.8000,3355.6000,3355.2000,3354.8000,3353.2000,3357.0000,3357.6000,3358.4000,3359.4000,3360.0000,1,1,1,1,2,1,1,2,1,5
SF,IH2011,2020-10-13 09:34:13.500,3356.8000,6041,0,395029200.000,0,-,-,-,-,3355.8000,3355.6000,3355.2000,3354.8000,3353.2000,3357.0000,3357.6000,3358.4000,3359.4000,3360.0000,1,1,1,1,2,1,1,2,1,5
SF,IH2011,2020-10-13 09:34:15.500,3356.8000,6041,0,395029200.000,0,-,-,-,-,3355.8000,3355.6000,3355.2000,3354.8000,3353.2000,3357.0000,3357.6000,3358.4000,3359.4000,3359.6000,1,1,1,1,2,1,1,2,1,1
SF,IH2011,2020-10-13 09:34:17.000,3356.8000,6041,0,395029200.000,0,-,-,-,-,3355.8000,3355.6000,3355.2000,3354.8000,3353.2000,3357.0000,3357.6000,3358.4000,3359.4000,3360.0000,1,1,1,1,2,1,1,2,1,5
SF,IH2011,2020-10-13 09:34:19.000,3356.8000,6041,0,395029200.000,0,-,-,-,-,3355.8000,3355.6000,3355.2000,3354.8000,3353.2000,3357.0000,3357.6000,3358.4000,3359.4000,3359.6000,1,1,1,1,2,1,1,2,1,1
SF,IH2011,2020-10-13 09:34:20.500,3356.8000,6041,0,395029200.000,0,-,-,-,-,3355.8000,3355.6000,3355.2000,3354.8000,3353.2000,3357.0000,3357.6000,3358.4000,3359.4000,3360.0000,1,1,1,1,2,1,1,2,1,5
SF,IH2011,2020-10-13 09:34:22.500,3356.8000,6041,0,395029200.000,0,-,-,-,-,3355.8000,3355.6000,3355.2000,3354.8000,3353.2000,3357.0000,3357.6000,3358.4000,3359.4000,3359.6000,1,1,1,1,2,1,1,2,1,1
SF,IH2011,2020-10-13 09:34:24.500,3356.8000,6041,0,395029200.000,0,-,-,-,-,3355.8000,3355.6000,3355.2000,3354.8000,3353.2000,3357.0000,3357.6000,3358.4000,3359.4000,3360.0000,1,1,1,1,2,1,1,2,1,5
SF,IH2011,2020-10-13 09:34:25.000,3356.8000,6041,0,395029200.000,0,-,-,-,-,3355.6000,3355.2000,3353.2000,3353.0000,3350.2000,3356.8000,3357.0000,3357.6000,3358.4000,3359.4000,1,1,2,6,3,1,1,1,2,1
SF,IH2011,2020-10-13 09:34:25.500,3356.8000,6041,0,395029200.000,0,-,-,-,-,3355.8000,3355.6000,3355.2000,3353.2000,3353.0000,3357.0000,3357.6000,3358.4000,3359.4000,3360.0000,1,1,1,2,6,1,1,2,1,5
SF,IH2011,2020-10-13 09:34:26.500,3356.8000,6041,0,395029200.000,0,-,-,-,-,3355.8000,3355.6000,3353.2000,3353.0000,3350.2000,3357.0000,3357.6000,3358.4000,3359.4000,3359.8000,1,1,2,6,3,1,1,2,1,1
SF,IH2011,2020-10-13 09:34:27.000,3356.8000,6041,0,395029200.000,0,-,-,-,-,3353.2000,3353.0000,3350.2000,3347.2000,3345.4000,3356.8000,3357.0000,3357.6000,3358.4000,3359.4000,2,6,3,3,2,1,1,1,2,1
SF,IH2011,2020-10-13 09:34:27.500,3356.8000,6041,0,399057360.000,4,2,2,多换,S,3356.8000,3355.6000,3355.0000,3354.6000,3353.8000,3357.0000,3357.6000,3358.4000,3359.4000,3359.8000,1,1,1,1,1,1,1,2,1,1
SF,IH2011,2020-10-13 09:34:28.000,3356.8000,6041,0,400064400.000,1,0,1,多换,S,3355.0000,3354.6000,3353.8000,3353.4000,3353.2000,3356.6000,3356.8000,3357.0000,3357.6000,3358.4000,1,1,1,15,3,1,1,1,1,2
SF,IH2011,2020-10-13 09:34:28.500,3356.8000,6041,0,401071440.000,1,0,1,多换,S,3355.4000,3355.2000,3355.0000,3353.8000,3353.4000,3356.8000,3357.0000,3357.6000,3358.4000,3359.4000,1,3,1,1,14,1,1,1,2,1
SF,IH2011,2020-10-13 09:34:29.000,3356.8000,6041,0,401071440.000,0,-,-,-,-,3356.0000,3355.6000,3355.4000,3355.2000,3355.0000,3357.0000,3357.6000,3358.4000,3359.4000,3360.0000,1,2,2,1,1,1,1,2,1,5
SF,IH2011,2020-10-13 09:34:29.500,3356.8000,6041,0,401071440.000,0,-,-,-,-,3355.6000,3355.4000,3355.2000,3355.0000,3354.8000,3357.0000,3357.6000,3358.4000,3359.4000,3360.0000,1,2,1,1,1,1,1,2,1,5
SF,IH2011,2020-10-13 09:34:30.000,3356.8000,6041,0,401071440.000,0,-,-,-,-,3355.8000,3355.6000,3355.4000,3355.2000,3355.0000,3357.0000,3357.6000,3358.4000,3359.4000,3359.8000,2,1,1,1,1,1,1,2,1,1
SF,IH2011,2020-10-13 09:34:30.500,3356.8000,6041,0,401071440.000,0,-,-,-,-,3356.0000,3355.8000,3355.4000,3355.2000,3355.0000,3357.0000,3357.6000,3358.4000,3359.4000,3359.8000,1,2,1,1,1,1,1,2,1,1
SF,IH2011,2020-10-13 09:34:31.500,3356.8000,6041,0,401071440.000,0,-,-,-,-,3356.0000,3355.8000,3355.4000,3355.2000,3355.0000,3357.0000,3357.6000,3358.4000,3359.4000,3360.0000,1,2,1,1,1,1,1,2,1,5
SF,IH2011,2020-10-13 09:34:32.000,3356.8000,6041,0,401071440.000,0,-,-,-,-,3356.0000,3355.8000,3355.4000,3355.2000,3355.0000,3357.0000,3357.6000,3358.4000,3359.4000,3360.0000,1,2,1,1,1,1,1,2,1,5
SF,IH2011,2020-10-13 09:34:32.500,3356.8000,6041,0,401071440.000,0,-,-,-,-,3356.0000,3355.8000,3355.4000,3355.0000,3353.8000,3357.0000,3357.6000,3358.4000,3359.4000,3360.0000,1,2,1,1,1,1,1,2,1,5
SF,IH2011,2020-10-13 09:34:33.000,3355.0000,6042,1,407111340.000,6,3,3,空开,S,3353.8000,3353.4000,3353.2000,3353.0000,3350.2000,3355.0000,3357.0000,3357.6000,3358.4000,3359.4000,1,11,3,6,3,14,1,1,2,1
SF,IH2011,2020-10-13 09:34:33.500,3355.0000,6042,0,421202340.000,14,7,7,多换,S,3355.0000,3354.8000,3354.2000,3354.0000,3353.8000,3357.0000,3357.2000,3357.6000,3358.4000,3359.4000,1,1,1,12,2,1,1,1,1,1
SF,IH2011,2020-10-13 09:34:34.000,3356.8000,6041,-1,422209380.000,1,0,1,双平,S,3355.4000,3355.2000,3355.0000,3354.2000,3354.0000,3357.0000,3357.6000,3358.2000,3358.4000,3359.4000,2,4,1,1,11,1,1,1,1,1
SF,IH2011,2020-10-13 09:34:34.500,3356.8000,6041,0,422209380.000,0,-,-,-,-,3355.6000,3355.4000,3355.2000,3355.0000,3354.2000,3356.8000,3357.0000,3357.6000,3358.2000,3358.4000,1,2,2,1,1,1,1,1,1,1
SF,IH2011,2020-10-13 09:34:35.000,3356.8000,6041,0,422209380.000,0,-,-,-,-,3355.6000,3355.4000,3355.2000,3355.0000,3354.2000,3356.8000,3357.0000,3357.6000,3358.2000,3358.4000,1,2,3,1,1,1,1,1,1,1
SF,IH2011,2020-10-13 09:34:35.500,3356.8000,6041,0,423216420.000,1,0,1,多换,S,3356.8000,3355.6000,3355.4000,3355.2000,3355.0000,3357.0000,3357.6000,3358.2000,3358.4000,3359.4000,22,1,2,4,1,1,1,1,1,1
SF,IH2011,2020-10-13 09:34:36.000,3356.8000,6041,0,437314980.000,14,7,7,多换,S,3356.8000,3355.6000,3355.4000,3355.2000,3355.0000,3357.0000,3357.6000,3358.2000,3358.4000,3359.4000,8,1,1,4,1,1,1,1,1,1
SF,IH2011,2020-10-13 09:34:36.500,3357.0000,6042,1,440336160.000,3,2,1,空开,S,3357.0000,3356.8000,3355.6000,3355.4000,3355.2000,3357.6000,3358.2000,3358.4000,3359.4000,3360.0000,2,6,1,1,4,1,1,1,2,5
SF,IH2011,2020-10-13 09:34:37.000,3357.0000,6042,0,442350360.000,2,1,1,多换,S,3356.8000,3355.6000,3355.4000,3355.2000,3355.0000,3357.6000,3358.2000,3358.4000,3359.4000,3359.8000,6,1,1,3,1,1,1,1,2,1
SF,IH2011,2020-10-13 09:34:37.500,3357.0000,6042,0,442350360.000,0,-,-,-,-,3356.8000,3355.6000,3355.4000,3355.2000,3355.0000,3357.6000,3358.2000,3358.4000,3359.4000,3359.8000,6,1,1,5,1,1,1,1,2,1
SF,IH2011,2020-10-13 09:34:38.000,3357.0000,6042,0,442350360.000,0,-,-,-,-,3356.8000,3355.8000,3355.6000,3355.4000,3355.2000,3357.6000,3358.2000,3358.4000,3359.4000,3359.8000,6,1,1,1,5,1,1,1,2,1
SF,IH2011,2020-10-13 09:34:38.500,3357.0000,6042,0,442350360.000,0,-,-,-,-,3356.8000,3355.8000,3355.6000,3355.4000,3355.2000,3357.6000,3358.2000,3358.4000,3359.4000,3360.0000,6,1,1,1,5,1,1,1,2,6
SF,IH2011,2020-10-13 09:34:39.000,3357.6000,6043,1,445371720.000,3,2,1,空开,S,3357.8000,3356.8000,3355.8000,3355.6000,3355.4000,3358.2000,3358.4000,3359.4000,3360.0000,3360.2000,1,4,1,1,1,1,1,2,6,1
SF,IH2011,2020-10-13 09:34:39.500,3357.8000,6043,0,446379060.000,1,0,1,多换,S,3356.8000,3355.8000,3355.6000,3355.4000,3355.2000,3357.8000,3358.0000,3358.2000,3358.4000,3359.4000,4,1,1,1,4,3,2,2,1,2
SF,IH2011,2020-10-13 09:34:40.000,3358.0000,6043,0,447386460.000,1,0,1,多换,S,3356.8000,3355.8000,3355.6000,3355.4000,3355.2000,3358.2000,3358.4000,3359.4000,3360.0000,3360.2000,4,1,1,1,4,2,1,2,5,1
SF,IH2011,2020-10-13 09:34:40.500,3358.0000,6043,0,447386460.000,0,-,-,-,-,3357.0000,3356.8000,3355.8000,3355.4000,3355.2000,3358.4000,3359.4000,3360.0000,3360.2000,3362.4000,1,4,1,1,4,1,2,5,1,3
SF,IH2011,2020-10-13 09:34:41.000,3358.0000,6043,0,447386460.000,0,-,-,-,-,3357.0000,3356.8000,3355.8000,3355.4000,3355.2000,3358.2000,3358.4000,3359.4000,3359.8000,3360.0000,1,4,1,1,4,1,2,2,1,5
SF,IH2011,2020-10-13 09:34:41.500,3358.0000,6043,0,447386460.000,0,-,-,-,-,3357.0000,3356.8000,3355.8000,3355.4000,3355.2000,3358.4000,3359.4000,3359.8000,3360.0000,3360.2000,1,4,1,1,4,2,2,1,5,1
SF,IH2011,2020-10-13 09:34:42.000,3358.0000,6043,0,447386460.000,0,-,-,-,-,3357.0000,3356.8000,3355.8000,3355.4000,3355.2000,3358.2000,3358.4000,3359.4000,3359.8000,3360.0000,1,4,1,1,4,1,2,2,1,5
SF,IH2011,2020-10-13 09:34:42.500,3358.0000,6043,0,447386460.000,0,-,-,-,-,3357.0000,3356.8000,3355.8000,3355.4000,3355.2000,3358.4000,3359.4000,3360.0000,3361.2000,3362.4000,1,4,1,1,4,2,2,5,1,3
SF,IH2011,2020-10-13 09:34:43.000,3358.0000,6043,0,447386460.000,0,-,-,-,-,3357.0000,3356.8000,3355.8000,3355.4000,3355.2000,3358.2000,3358.4000,3359.4000,3360.0000,3361.2000,1,4,1,1,4,1,1,2,5,1
SF,IH2011,2020-10-13 09:34:43.500,3358.0000,6043,0,447386460.000,0,-,-,-,-,3357.0000,3356.8000,3355.8000,3355.4000,3355.2000,3358.4000,3359.4000,3360.0000,3361.2000,3362.4000,1,4,1,2,4,1,2,5,1,3
SF,IH2011,2020-10-13 09:34:44.000,3358.2000,6044,1,448393920.000,1,1,0,双开,S,3357.0000,3356.8000,3355.8000,3355.4000,3355.2000,3358.4000,3359.4000,3360.0000,3361.2000,3362.4000,1,4,1,2,4,1,2,5,1,3
SF,IH2011,2020-10-13 09:34:44.500,3358.2000,6044,0,448393920.000,0,-,-,-,-,3357.0000,3356.8000,3355.8000,3355.4000,3355.2000,3358.4000,3358.8000,3359.4000,3359.8000,3360.0000,1,4,1,2,4,1,1,2,1,5
SF,IH2011,2020-10-13 09:34:45.000,3358.2000,6044,0,448393920.000,0,-,-,-,-,3357.0000,3356.8000,3355.8000,3355.4000,3355.2000,3358.4000,3358.8000,3359.4000,3359.8000,3360.0000,1,4,1,2,4,1,1,2,1,5
SF,IH2011,2020-10-13 09:34:45.500,3358.2000,6044,0,448393920.000,0,-,-,-,-,3357.0000,3356.8000,3355.8000,3355.4000,3355.2000,3358.4000,3358.8000,3359.4000,3359.8000,3360.0000,1,4,1,2,4,2,1,2,1,5
SF,IH2011,2020-10-13 09:34:46.000,3358.2000,6044,0,448393920.000,0,-,-,-,-,3357.0000,3356.8000,3355.8000,3355.4000,3355.2000,3358.4000,3358.8000,3359.4000,3360.0000,3361.2000,1,4,1,2,4,2,1,2,5,1
SF,IH2011,2020-10-13 09:34:46.500,3358.2000,6044,0,448393920.000,0,-,-,-,-,3357.0000,3356.8000,3355.8000,3355.4000,3355.2000,3358.4000,3358.8000,3359.4000,3360.0000,3361.2000,1,4,1,2,4,2,1,2,5,1
SF,IH2011,2020-10-13 09:34:47.000,3358.2000,6044,0,448393920.000,0,-,-,-,-,3357.0000,3356.8000,3355.8000,3355.4000,3355.2000,3358.4000,3358.8000,3359.4000,3360.0000,3361.2000,1,4,1,2,3,2,1,2,5,1
SF,IH2011,2020-10-13 09:34:48.000,3358.2000,6044,0,448393920.000,0,-,-,-,-,3357.0000,3356.8000,3355.8000,3355.4000,3355.2000,3358.4000,3358.8000,3359.4000,3359.8000,3360.0000,1,4,1,2,3,2,1,2,1,5
SF,IH2011,2020-10-13 09:34:49.500,3358.2000,6044,0,448393920.000,0,-,-,-,-,3357.0000,3356.8000,3355.8000,3355.4000,3355.2000,3358.4000,3358.8000,3359.4000,3360.0000,3361.2000,1,4,1,2,3,2,1,2,5,1
SF,IH2011,2020-10-13 09:34:50.000,3357.0000,6044,0,449401020.000,1,0,1,多换,S,3356.8000,3355.8000,3355.4000,3355.2000,3355.0000,3358.4000,3358.8000,3359.4000,3360.0000,3361.2000,4,1,2,3,2,2,1,2,5,1
SF,IH2011,2020-10-13 09:34:50.500,3357.0000,6044,0,449401020.000,0,-,-,-,-,3357.0000,3356.8000,3355.4000,3355.2000,3355.0000,3358.2000,3358.4000,3358.8000,3359.4000,3360.0000,1,1,2,3,2,2,2,1,2,5
SF,IH2011,2020-10-13 09:34:51.000,3357.0000,6044,0,449401020.000,0,-,-,-,-,3357.0000,3356.8000,3355.4000,3355.2000,3355.0000,3358.2000,3358.4000,3358.8000,3359.4000,3360.0000,1,1,2,3,2,2,1,1,2,5
SF,IH2011,2020-10-13 09:34:51.500,3357.0000,6044,0,449401020.000,0,-,-,-,-,3357.0000,3356.8000,3355.4000,3355.2000,3355.0000,3358.2000,3358.4000,3358.8000,3359.4000,3359.8000,1,1,2,3,2,2,1,1,2,1
SF,IH2011,2020-10-13 09:34:52.000,3358.2000,6045,1,452423400.000,3,2,1,空开,S,3357.0000,3356.8000,3355.4000,3355.2000,3355.0000,3358.4000,3358.8000,3359.4000,3359.8000,3360.0000,1,1,2,3,2,1,1,2,1,5
SF,IH2011,2020-10-13 09:34:52.500,3358.2000,6045,0,452423400.000,0,-,-,-,-,3357.0000,3356.8000,3355.4000,3355.2000,3355.0000,3358.4000,3358.8000,3359.4000,3359.8000,3360.0000,1,1,2,3,2,2,1,2,1,5
SF,IH2011,2020-10-13 09:34:53.500,3358.2000,6045,0,452423400.000,0,-,-,-,-,3357.0000,3356.8000,3355.4000,3355.2000,3355.0000,3358.4000,3358.8000,3359.4000,3360.0000,3361.2000,1,1,2,3,2,2,1,2,5,1
