市场代码,合约代码,时间,最新,持仓,增仓,成交额,成交量,开仓,平仓,成交类型,方向,买一价,买二价,买三价,买四价,买五价,卖一价,卖二价,卖三价,卖四价,卖五价,买一量,买二量,买三量,买四量,买五量,卖一量,卖二量,卖三量,卖四量,卖五量
SF,IH2003,2020-01-20 09:29:00.300,3082.2000,22315,0,17568540.000,19.000,-,-,-,-,3082.0000,3081.2000,3080.0000,3078.6000,3076.0000,3083.0000,3084.0000,3084.8000,3085.0000,3086.0000,1,1,2,1,1,1,17,1,5,2
SF,IH2003,2020-01-20 09:30:00.300,3083.0000,22314,-1,23117640.000,6,2,4,多平,S,3081.2000,3080.0000,3078.6000,3076.0000,3075.6000,3082.4000,3084.0000,3084.8000,3085.0000,3086.0000,1,2,1,1,2,1,17,1,7,2
SF,IH2003,2020-01-20 09:30:00.800,3081.4000,22305,-9,36062340.000,14,2,12,多平,S,3081.4000,3081.2000,3081.0000,3080.0000,3079.8000,3082.0000,3082.8000,3083.0000,3083.6000,3084.0000,5,1,1,2,4,1,1,1,1,15
SF,IH2003,2020-01-20 09:30:01.300,3081.4000,22300,-5,41608920.000,6,0,6,多平,S,3080.0000,3074.2000,3072.0000,3066.2000,3065.2000,3081.8000,3082.0000,3082.2000,3082.6000,3082.8000,2,5,16,2,1,7,3,1,1,1
SF,IH2003,2020-01-20 09:30:01.800,3081.4000,22300,0,41608920.000,0,-,-,-,-,3080.2000,3080.0000,3079.8000,3074.2000,3072.0000,3081.2000,3081.6000,3082.0000,3082.6000,3082.8000,4,3,5,5,16,2,1,3,1,1
SF,IH2003,2020-01-20 09:30:02.300,3080.2000,22299,-1,43457100.000,2,0,2,多平,S,3080.2000,3080.0000,3079.8000,3074.2000,3072.0000,3081.2000,3081.4000,3082.0000,3082.6000,3082.8000,7,4,5,5,16,2,1,3,1,1
SF,IH2003,2020-01-20 09:30:02.800,3080.2000,22298,-1,44381160.000,1,0,1,双平,S,3080.2000,3080.0000,3079.8000,3074.2000,3072.0000,3081.2000,3081.4000,3082.0000,3082.6000,3083.0000,6,4,5,5,16,3,1,3,1,2
SF,IH2003,2020-01-20 09:30:03.300,3080.4000,22297,-1,46229580.000,2,0,2,多平,S,3080.2000,3080.0000,3079.8000,3074.2000,3072.0000,3081.2000,3081.4000,3082.0000,3082.6000,3083.0000,6,4,5,5,16,3,1,3,1,2
SF,IH2003,2020-01-20 09:30:03.800,3080.2000,22293,-4,49925820.000,4,0,4,双平,S,3080.2000,3080.0000,3079.8000,3074.2000,3072.0000,3081.0000,3081.2000,3081.4000,3082.0000,3082.6000,1,3,5,5,16,1,3,1,4,1
SF,IH2003,2020-01-20 09:30:04.300,3080.2000,22293,0,49925820.000,0,-,-,-,-,3080.0000,3079.4000,3074.2000,3072.0000,3066.2000,3080.2000,3081.0000,3081.2000,3081.4000,3082.0000,3,5,5,16,2,1,2,3,1,4
SF,IH2003,2020-01-20 09:30:04.800,3080.0000,22291,-2,53621880.000,4,1,3,多平,S,3079.4000,3074.2000,3072.0000,3066.2000,3065.2000,3080.2000,3081.0000,3081.2000,3081.4000,3082.0000,5,5,16,2,1,2,1,3,1,4
SF,IH2003,2020-01-20 09:30:05.300,3079.6000,22291,0,54545760.000,1,0,1,多换,S,3079.4000,3074.2000,3072.0000,3066.2000,3065.2000,3080.0000,3080.2000,3081.2000,3081.4000,3082.0000,5,5,16,2,1,2,3,3,1,4
SF,IH2003,2020-01-20 09:30:05.800,3079.4000,22284,-7,61936320.000,8,0,8,多平,S,3072.0000,3070.4000,3066.2000,3065.2000,3065.0000,3080.0000,3080.2000,3081.2000,3081.4000,3082.0000,16,5,2,1,1,13,3,3,1,4
SF,IH2003,2020-01-20 09:30:06.300,3079.2000,22283,-1,62860080.000,1,0,1,双平,S,3078.4000,3078.0000,3077.4000,3076.8000,3075.6000,3079.8000,3080.0000,3080.2000,3081.2000,3081.4000,4,3,5,1,1,2,5,5,3,1
SF,IH2003,2020-01-20 09:30:06.800,3078.6000,22283,0,64707240.000,2,1,1,多换,S,3078.6000,3078.4000,3078.2000,3078.0000,3077.8000,3079.4000,3079.8000,3080.0000,3080.2000,3081.2000,3,1,3,2,1,3,1,4,6,3
SF,IH2003,2020-01-20 09:30:07.300,3078.6000,22282,-1,65630820.000,1,0,1,双平,S,3078.4000,3078.2000,3078.0000,3077.8000,3077.4000,3079.2000,3079.4000,3079.6000,3080.0000,3080.2000,1,3,2,3,5,1,3,1,4,6
SF,IH2003,2020-01-20 09:30:07.800,3078.6000,22281,-1,66554400.000,1,0,1,双平,S,3079.2000,3078.6000,3078.4000,3078.2000,3078.0000,3079.4000,3079.6000,3080.0000,3080.2000,3081.0000,1,1,1,3,2,4,1,4,6,1
SF,IH2003,2020-01-20 09:30:08.300,3079.2000,22281,0,67478160.000,1,0,1,多换,S,3078.6000,3078.2000,3078.0000,3077.8000,3077.4000,3079.4000,3079.6000,3080.0000,3080.2000,3081.0000,1,3,2,3,5,4,2,4,6,1
SF,IH2003,2020-01-20 09:30:08.800,3079.2000,22280,-1,69325500.000,2,0,2,多平,S,3078.0000,3077.8000,3077.4000,3077.2000,3076.8000,3079.4000,3079.6000,3080.0000,3080.2000,3081.0000,2,3,5,1,1,4,2,4,5,1
SF,IH2003,2020-01-20 09:30:09.300,3078.8000,22279,-1,70249140.000,1,0,1,双平,S,3078.4000,3078.2000,3078.0000,3077.8000,3077.6000,3079.4000,3079.6000,3080.0000,3080.2000,3081.0000,4,4,3,1,2,4,2,4,5,1
SF,IH2003,2020-01-20 09:30:09.800,3079.2000,22277,-2,74867760.000,5,1,4,多平,S,3078.4000,3078.2000,3078.0000,3077.8000,3077.6000,3079.4000,3079.6000,3080.0000,3080.2000,3081.0000,4,4,2,1,2,4,2,5,5,1
SF,IH2003,2020-01-20 09:30:10.300,3079.2000,22277,0,74867760.000,0,-,-,-,-,3078.0000,3077.6000,3077.4000,3077.2000,3076.8000,3079.4000,3079.6000,3080.0000,3080.2000,3081.0000,1,2,4,1,1,1,2,5,5,1
SF,IH2003,2020-01-20 09:30:10.800,3079.4000,22276,-1,75791580.000,1,0,1,双平,S,3078.8000,3078.6000,3078.4000,3078.2000,3078.0000,3079.6000,3080.0000,3080.2000,3081.0000,3081.2000,3,2,3,4,4,2,5,5,1,3
SF,IH2003,2020-01-20 09:30:11.300,3079.6000,22274,-2,77639340.000,2,0,2,双平,S,3078.4000,3078.2000,3078.0000,3077.6000,3077.4000,3080.0000,3080.2000,3081.0000,3081.2000,3081.4000,1,4,2,2,4,5,5,1,3,1
SF,IH2003,2020-01-20 09:30:11.800,3080.0000,22273,-1,79487220.000,2,0,2,多平,S,3078.6000,3078.4000,3078.2000,3078.0000,3077.6000,3079.2000,3080.0000,3080.2000,3081.0000,3081.2000,10,2,3,2,2,1,5,5,1,3
SF,IH2003,2020-01-20 09:30:12.300,3079.2000,22272,-1,80410980.000,1,0,1,双平,S,3079.4000,3079.2000,3079.0000,3078.8000,3078.6000,3080.0000,3080.2000,3081.0000,3081.2000,3081.4000,2,2,2,2,11,6,5,1,3,1
SF,IH2003,2020-01-20 09:30:12.800,3080.0000,22269,-3,85030980.000,5,1,4,多平,S,3079.8000,3079.6000,3079.4000,3079.2000,3078.8000,3080.0000,3080.2000,3081.0000,3081.2000,3081.4000,1,1,3,4,1,1,5,1,3,1
SF,IH2003,2020-01-20 09:30:13.300,3080.0000,22267,-2,87803040.000,3,0,3,多平,S,3079.4000,3079.2000,3078.8000,3078.6000,3078.4000,3080.2000,3081.0000,3081.2000,3081.4000,3082.0000,3,3,1,13,2,4,1,3,1,4
SF,IH2003,2020-01-20 09:30:13.800,3080.0000,22262,-5,94271280.000,7,1,6,多平,S,3080.0000,3079.6000,3079.4000,3079.2000,3078.8000,3081.0000,3081.2000,3081.4000,3082.0000,3082.6000,2,1,4,1,1,1,3,1,4,1
SF,IH2003,2020-01-20 09:30:14.300,3080.0000,22262,0,94271280.000,0,-,-,-,-,3080.4000,3080.2000,3080.0000,3079.6000,3079.4000,3081.0000,3081.2000,3081.4000,3082.0000,3082.6000,2,5,2,2,3,2,3,1,4,1
SF,IH2003,2020-01-20 09:30:14.800,3080.0000,22262,0,94271280.000,0,-,-,-,-,3080.2000,3080.0000,3079.4000,3079.2000,3078.8000,3081.0000,3081.2000,3081.4000,3082.0000,3082.6000,1,1,2,1,1,2,3,1,4,1
SF,IH2003,2020-01-20 09:30:15.300,3081.0000,22261,-1,97044180.000,3,1,2,多平,S,3080.4000,3080.2000,3080.0000,3079.4000,3079.2000,3081.2000,3081.4000,3082.0000,3082.6000,3083.0000,2,2,2,2,1,3,1,4,1,2
SF,IH2003,2020-01-20 09:30:15.800,3081.0000,22261,0,97044180.000,0,-,-,-,-,3080.4000,3080.2000,3080.0000,3079.8000,3079.4000,3081.2000,3081.4000,3082.0000,3082.6000,3083.0000,1,1,1,2,2,3,1,5,1,2
SF,IH2003,2020-01-20 09:30:16.300,3081.0000,22261,0,97044180.000,0,-,-,-,-,3080.4000,3080.2000,3080.0000,3079.8000,3079.4000,3081.0000,3081.2000,3081.4000,3082.0000,3082.6000,1,1,1,2,2,1,4,1,4,1
SF,IH2003,2020-01-20 09:30:16.800,3081.0000,22261,0,97044180.000,0,-,-,-,-,3080.4000,3080.2000,3080.0000,3079.8000,3079.4000,3081.0000,3081.2000,3081.4000,3082.0000,3082.6000,1,1,1,2,2,2,3,1,5,1
SF,IH2003,2020-01-20 09:30:17.300,3081.0000,22262,1,98892780.000,2,1,1,空开,S,3081.0000,3080.8000,3080.6000,3080.4000,3080.2000,3081.2000,3081.4000,3082.0000,3082.6000,3083.0000,1,3,3,1,1,3,1,5,1,2
SF,IH2003,2020-01-20 09:30:17.800,3080.8000,22260,-2,100741320.000,2,0,2,双平,S,3080.4000,3080.2000,3080.0000,3079.8000,3079.4000,3081.0000,3081.2000,3081.4000,3082.0000,3082.6000,1,1,1,2,2,2,3,1,5,1
SF,IH2003,2020-01-20 09:30:18.300,3080.2000,22258,-2,103513800.000,3,0,3,多平,S,3080.0000,3079.8000,3079.4000,3079.2000,3078.8000,3080.4000,3081.0000,3081.2000,3081.4000,3082.0000,1,2,2,1,1,1,1,3,1,5
SF,IH2003,2020-01-20 09:30:18.800,3080.2000,22256,-2,105361920.000,2,0,2,双平,S,3080.0000,3079.8000,3079.4000,3079.2000,3078.8000,3080.4000,3081.0000,3081.2000,3081.4000,3082.0000,2,2,2,1,1,2,1,3,1,5
SF,IH2003,2020-01-20 09:30:19.300,3080.4000,22255,-1,107210160.000,2,0,2,多平,S,3080.4000,3080.0000,3079.8000,3079.4000,3079.2000,3081.0000,3081.2000,3081.4000,3082.0000,3082.6000,1,2,2,2,1,1,3,1,5,1
SF,IH2003,2020-01-20 09:30:19.800,3081.0000,22255,0,108134460.000,1,0,1,多换,S,3080.4000,3080.0000,3079.8000,3079.4000,3079.2000,3081.0000,3081.2000,3081.4000,3082.0000,3082.6000,2,2,2,2,2,2,3,1,5,1
SF,IH2003,2020-01-20 09:30:20.300,3080.4000,22254,-1,109058580.000,1,0,1,双平,S,3080.0000,3079.4000,3079.2000,3078.8000,3078.6000,3081.0000,3081.2000,3081.4000,3082.0000,3082.6000,2,2,2,1,3,2,3,1,5,1
SF,IH2003,2020-01-20 09:30:20.800,3080.0000,22253,-1,109982580.000,1,0,1,双平,S,3079.6000,3079.4000,3079.2000,3078.8000,3078.6000,3081.0000,3081.2000,3081.4000,3082.0000,3082.6000,2,2,2,1,3,2,3,1,5,1
SF,IH2003,2020-01-20 09:30:21.300,3080.0000,22253,0,109982580.000,0,-,-,-,-,3079.8000,3079.6000,3079.4000,3079.2000,3078.8000,3080.0000,3080.4000,3080.8000,3081.0000,3081.2000,1,1,1,2,1,1,1,1,2,3
SF,IH2003,2020-01-20 09:30:21.800,3080.4000,22252,-1,111830700.000,2,0,2,多平,S,3080.0000,3079.8000,3079.6000,3079.4000,3079.2000,3081.0000,3081.2000,3081.4000,3082.0000,3082.6000,8,3,3,1,4,1,3,1,5,1
SF,IH2003,2020-01-20 09:30:22.300,3080.4000,22252,0,111830700.000,0,-,-,-,-,3080.0000,3079.8000,3079.6000,3079.4000,3079.2000,3081.0000,3081.2000,3081.4000,3081.8000,3082.0000,4,3,2,1,4,1,3,1,1,4
SF,IH2003,2020-01-20 09:30:22.800,3081.0000,22253,1,113679060.000,2,1,1,空开,S,3080.2000,3080.0000,3079.8000,3079.6000,3079.4000,3081.0000,3081.2000,3081.4000,3081.8000,3082.0000,2,4,1,2,1,2,3,1,1,4
SF,IH2003,2020-01-20 09:30:23.300,3081.0000,22253,0,113679060.000,0,-,-,-,-,3080.2000,3080.0000,3079.8000,3079.6000,3079.4000,3080.4000,3081.0000,3081.2000,3081.4000,3081.8000,3,4,1,2,1,1,4,3,1,1
SF,IH2003,2020-01-20 09:30:23.800,3081.0000,22253,0,114603360.000,1,0,1,多换,S,3080.4000,3080.2000,3080.0000,3079.8000,3079.6000,3081.0000,3081.2000,3081.4000,3081.8000,3082.0000,3,5,5,1,2,2,3,1,1,4
SF,IH2003,2020-01-20 09:30:24.300,3080.6000,22253,0,116451720.000,2,1,1,多换,S,3080.4000,3080.2000,3080.0000,3079.8000,3079.6000,3081.0000,3081.2000,3081.4000,3081.8000,3082.0000,3,2,5,1,2,2,3,1,1,4
SF,IH2003,2020-01-20 09:30:24.800,3080.2000,22252,-1,120148140.000,4,1,3,多平,S,3080.0000,3079.6000,3079.4000,3079.2000,3079.0000,3081.0000,3081.2000,3081.4000,3081.8000,3082.0000,5,2,1,2,1,4,3,1,1,5
SF,IH2003,2020-01-20 09:30:25.300,3080.2000,22252,0,120148140.000,0,-,-,-,-,3080.0000,3079.6000,3079.4000,3079.2000,3079.0000,3080.2000,3080.8000,3081.0000,3081.2000,3081.4000,5,2,1,2,1,2,1,5,3,1
SF,IH2003,2020-01-20 09:30:25.800,3080.0000,22251,-1,124768500.000,5,2,3,多平,S,3080.0000,3079.6000,3079.4000,3079.2000,3079.0000,3081.0000,3081.2000,3081.4000,3081.8000,3082.0000,2,2,1,2,1,5,4,1,1,5
SF,IH2003,2020-01-20 09:30:26.300,3080.0000,22251,0,124768500.000,0,-,-,-,-,3080.0000,3079.4000,3079.2000,3079.0000,3078.4000,3080.8000,3081.0000,3081.2000,3081.4000,3081.8000,2,1,2,1,1,2,5,4,1,1
SF,IH2003,2020-01-20 09:30:26.800,3080.6000,22250,-1,127540680.000,3,1,2,多平,S,3079.4000,3079.2000,3079.0000,3078.4000,3078.0000,3080.8000,3081.0000,3081.2000,3081.4000,3081.8000,1,2,1,1,3,2,5,4,1,1
SF,IH2003,2020-01-20 09:30:27.300,3080.6000,22250,0,127540680.000,0,-,-,-,-,3080.0000,3079.6000,3079.4000,3079.2000,3079.0000,3080.8000,3081.0000,3081.2000,3081.4000,3081.8000,1,3,1,2,1,1,6,4,1,1
SF,IH2003,2020-01-20 09:30:27.800,3080.8000,22251,1,128464920.000,1,1,0,双开,S,3080.0000,3079.6000,3079.4000,3079.2000,3079.0000,3081.0000,3081.2000,3081.4000,3081.6000,3081.8000,1,4,4,2,1,5,4,1,3,1
SF,IH2003,2020-01-20 09:30:28.300,3080.8000,22251,0,128464920.000,0,-,-,-,-,3080.0000,3079.6000,3079.4000,3079.2000,3079.0000,3080.8000,3081.0000,3081.2000,3081.4000,3081.8000,1,4,1,2,1,1,5,3,1,1
SF,IH2003,2020-01-20 09:30:28.800,3080.8000,22250,-1,129389160.000,1,0,1,双平,S,3080.0000,3079.6000,3079.4000,3079.2000,3079.0000,3080.2000,3080.8000,3081.0000,3081.2000,3081.4000,1,3,1,2,1,1,1,5,3,1
SF,IH2003,2020-01-20 09:30:29.300,3080.2000,22249,-1,130313220.000,1,0,1,双平,S,3080.2000,3080.0000,3079.6000,3079.4000,3079.2000,3080.8000,3081.0000,3081.2000,3081.4000,3081.8000,4,1,3,1,2,1,5,3,1,1
SF,IH2003,2020-01-20 09:30:29.800,3080.8000,22250,1,131237460.000,1,1,0,双开,S,3080.4000,3080.2000,3080.0000,3079.6000,3079.4000,3080.8000,3081.0000,3081.2000,3081.8000,3082.0000,1,1,1,3,1,1,5,3,1,6
SF,IH2003,2020-01-20 09:30:30.300,3080.0000,22247,-3,134933880.000,4,0,4,多平,S,3079.6000,3079.4000,3079.2000,3079.0000,3078.4000,3080.0000,3081.0000,3081.2000,3081.8000,3082.0000,3,1,2,1,1,2,6,3,1,6
SF,IH2003,2020-01-20 09:30:30.800,3080.0000,22245,-2,136781880.000,2,0,2,双平,S,3080.0000,3079.6000,3079.4000,3079.2000,3079.0000,3081.0000,3081.2000,3081.8000,3082.0000,3082.6000,5,3,1,2,1,6,3,1,6,1
SF,IH2003,2020-01-20 09:30:31.300,3080.0000,22245,0,136781880.000,0,-,-,-,-,3080.2000,3080.0000,3079.6000,3079.4000,3079.2000,3081.0000,3081.2000,3081.8000,3082.0000,3082.6000,1,2,3,1,2,6,3,1,6,1
SF,IH2003,2020-01-20 09:30:31.800,3080.2000,22245,0,137705940.000,1,0,1,多换,S,3080.0000,3079.6000,3079.4000,3079.2000,3079.0000,3081.0000,3081.2000,3081.8000,3082.0000,3082.6000,2,3,1,2,1,6,4,1,6,1
SF,IH2003,2020-01-20 09:30:32.300,3080.0000,22244,-1,138629940.000,1,0,1,双平,S,3080.0000,3079.4000,3079.2000,3079.0000,3078.6000,3080.2000,3080.8000,3081.0000,3081.2000,3081.8000,1,1,2,1,2,1,1,6,4,1
SF,IH2003,2020-01-20 09:30:32.800,3080.0000,22243,-1,139553940.000,1,0,1,双平,S,3079.4000,3079.2000,3079.0000,3078.6000,3078.4000,3080.0000,3081.0000,3081.2000,3081.8000,3082.0000,1,2,1,2,1,4,6,4,1,6
SF,IH2003,2020-01-20 09:30:33.300,3080.0000,22243,0,139553940.000,0,-,-,-,-,3079.8000,3079.6000,3079.4000,3079.2000,3079.0000,3080.0000,3081.0000,3081.2000,3081.8000,3082.0000,2,1,1,2,1,4,6,4,1,6
SF,IH2003,2020-01-20 09:30:33.800,3079.6000,22243,0,140477820.000,1,0,1,多换,S,3079.4000,3079.2000,3079.0000,3078.4000,3078.0000,3079.8000,3080.0000,3081.0000,3081.2000,3081.8000,1,2,1,1,3,1,3,8,3,1
SF,IH2003,2020-01-20 09:30:34.300,3079.6000,22243,0,140477820.000,0,-,-,-,-,3079.4000,3079.2000,3079.0000,3078.4000,3078.0000,3079.6000,3079.8000,3080.0000,3081.0000,3081.2000,1,2,1,1,3,2,1,3,8,3
SF,IH2003,2020-01-20 09:30:34.800,3079.6000,22242,-1,142325520.000,2,0,2,多平,S,3079.2000,3079.0000,3078.4000,3078.0000,3077.4000,3079.6000,3079.8000,3080.0000,3081.0000,3081.2000,2,1,1,3,3,1,1,3,8,3
SF,IH2003,2020-01-20 09:30:35.300,3079.6000,22241,-1,143249400.000,1,0,1,双平,S,3079.6000,3079.4000,3079.2000,3079.0000,3078.4000,3079.8000,3080.0000,3081.0000,3081.2000,3081.8000,1,1,2,1,3,1,3,8,3,1
SF,IH2003,2020-01-20 09:30:35.800,3079.4000,22240,-1,144173220.000,1,0,1,双平,S,3079.6000,3079.2000,3079.0000,3078.4000,3078.0000,3079.8000,3080.0000,3081.0000,3081.2000,3081.8000,1,3,1,3,3,1,3,8,3,1
SF,IH2003,2020-01-20 09:30:36.300,3079.8000,22240,0,146021040.000,2,1,1,多换,S,3079.2000,3079.0000,3078.4000,3078.0000,3077.4000,3080.0000,3081.0000,3081.2000,3081.8000,3082.0000,2,1,3,3,3,3,8,3,1,6
SF,IH2003,2020-01-20 09:30:36.800,3079.8000,22240,0,146021040.000,0,-,-,-,-,3079.2000,3079.0000,3078.4000,3078.0000,3077.4000,3080.0000,3081.0000,3081.2000,3081.8000,3082.0000,2,1,3,3,3,3,8,3,1,6
SF,IH2003,2020-01-20 09:30:37.300,3079.8000,22240,0,146021040.000,0,-,-,-,-,3079.2000,3079.0000,3078.4000,3078.0000,3077.4000,3080.0000,3081.0000,3081.2000,3081.8000,3082.0000,2,1,3,3,3,3,8,3,1,6
SF,IH2003,2020-01-20 09:30:37.800,3079.2000,22238,-2,148792560.000,3,0,3,多平,S,3079.2000,3079.0000,3078.4000,3078.0000,3077.4000,3081.0000,3081.2000,3081.8000,3082.0000,3082.6000,3,1,3,3,3,8,3,1,6,1
SF,IH2003,2020-01-20 09:30:38.300,3079.2000,22237,-1,149716320.000,1,0,1,双平,S,3080.0000,3079.4000,3079.2000,3079.0000,3078.4000,3080.8000,3081.0000,3081.2000,3081.8000,3082.0000,1,1,2,1,3,4,8,3,1,6
SF,IH2003,2020-01-20 09:30:38.800,3080.0000,22237,0,150640320.000,1,0,1,多换,S,3079.2000,3079.0000,3078.4000,3078.0000,3077.4000,3080.0000,3080.8000,3081.0000,3081.2000,3081.8000,2,1,1,3,3,1,2,8,6,1
SF,IH2003,2020-01-20 09:30:39.300,3079.6000,22236,-1,151564200.000,1,0,1,双平,S,3079.2000,3079.0000,3078.4000,3078.0000,3077.4000,3080.0000,3080.8000,3081.0000,3081.2000,3081.8000,2,1,1,3,3,1,1,8,3,1
SF,IH2003,2020-01-20 09:30:39.800,3079.6000,22236,0,151564200.000,0,-,-,-,-,3079.2000,3079.0000,3078.4000,3078.2000,3078.0000,3080.0000,3080.2000,3080.8000,3081.0000,3081.2000,3,1,1,2,3,1,1,1,8,3
SF,IH2003,2020-01-20 09:30:40.300,3080.0000,22235,-1,152488200.000,1,0,1,双平,S,3079.4000,3079.2000,3079.0000,3078.4000,3078.2000,3080.2000,3080.8000,3081.0000,3081.2000,3081.8000,1,3,1,1,2,1,1,8,3,1
SF,IH2003,2020-01-20 09:30:40.800,3079.2000,22235,0,153411960.000,1,0,1,多换,S,3079.2000,3079.0000,3078.4000,3078.2000,3078.0000,3080.2000,3080.8000,3081.0000,3081.2000,3081.8000,1,1,1,2,3,2,2,8,3,1
SF,IH2003,2020-01-20 09:30:41.300,3079.2000,22234,-1,154335720.000,1,0,1,双平,S,3079.6000,3079.0000,3078.4000,3078.0000,3077.4000,3080.2000,3080.8000,3081.0000,3081.2000,3081.8000,1,1,1,5,3,3,2,8,3,1
SF,IH2003,2020-01-20 09:30:41.800,3079.6000,22233,-1,155259600.000,1,0,1,双平,S,3079.0000,3078.4000,3078.0000,3077.4000,3077.2000,3080.2000,3080.8000,3081.0000,3081.2000,3081.8000,1,1,3,3,1,3,2,8,3,1
SF,IH2003,2020-01-20 09:30:42.300,3079.6000,22233,0,155259600.000,0,-,-,-,-,3079.2000,3079.0000,3078.4000,3078.2000,3078.0000,3080.2000,3080.8000,3081.0000,3081.2000,3081.8000,1,1,1,2,3,4,2,8,3,1
SF,IH2003,2020-01-20 09:30:42.800,3079.6000,22233,0,155259600.000,0,-,-,-,-,3079.2000,3079.0000,3078.4000,3078.2000,3078.0000,3080.2000,3080.8000,3081.0000,3081.2000,3081.8000,2,1,1,2,3,4,2,8,3,1
SF,IH2003,2020-01-20 09:30:43.300,3080.2000,22232,-1,156183660.000,1,0,1,双平,S,3079.2000,3079.0000,3078.4000,3078.2000,3078.0000,3080.2000,3080.8000,3081.0000,3081.2000,3081.8000,3,1,1,2,3,3,2,8,3,1
SF,IH2003,2020-01-20 09:30:43.800,3080.2000,22232,0,156183660.000,0,-,-,-,-,3079.2000,3079.0000,3078.4000,3078.2000,3078.0000,3080.2000,3080.8000,3081.0000,3081.2000,3081.8000,3,1,1,2,3,3,2,8,3,1
SF,IH2003,2020-01-20 09:30:44.300,3080.2000,22232,0,156183660.000,0,-,-,-,-,3079.2000,3079.0000,3078.4000,3078.2000,3078.0000,3080.2000,3080.8000,3081.0000,3081.2000,3081.8000,2,1,1,2,3,3,2,8,3,1
SF,IH2003,2020-01-20 09:30:44.800,3080.2000,22232,0,156183660.000,0,-,-,-,-,3079.2000,3079.0000,3078.4000,3078.0000,3077.4000,3080.0000,3080.2000,3080.8000,3081.0000,3081.2000,4,1,1,3,3,1,3,2,8,3
SF,IH2003,2020-01-20 09:30:45.300,3080.2000,22232,0,156183660.000,0,-,-,-,-,3079.2000,3079.0000,3078.4000,3078.0000,3077.4000,3080.0000,3080.2000,3080.8000,3081.0000,3081.2000,4,1,1,3,3,1,3,2,8,3
SF,IH2003,2020-01-20 09:30:45.800,3080.2000,22232,0,156183660.000,0,-,-,-,-,3079.4000,3079.2000,3079.0000,3078.4000,3078.0000,3080.0000,3080.2000,3080.8000,3081.0000,3081.2000,1,3,1,1,3,1,3,2,8,3
SF,IH2003,2020-01-20 09:30:46.800,3080.0000,22231,-1,157107660.000,1,0,1,双平,S,3079.4000,3079.2000,3079.0000,3078.4000,3078.0000,3080.2000,3080.8000,3081.0000,3081.2000,3081.8000,1,3,1,1,3,3,2,8,3,1
SF,IH2003,2020-01-20 09:30:47.300,3079.4000,22232,1,158031480.000,1,1,0,双开,S,3079.2000,3079.0000,3078.4000,3078.0000,3077.4000,3080.2000,3080.8000,3081.0000,3081.2000,3081.8000,3,1,1,3,3,3,2,8,3,1
SF,IH2003,2020-01-20 09:30:47.800,3080.0000,22232,0,160803000.000,3,1,2,多换,S,3079.4000,3079.2000,3079.0000,3078.4000,3078.0000,3080.0000,3080.2000,3080.8000,3081.0000,3081.2000,1,2,1,1,3,1,3,2,8,3
SF,IH2003,2020-01-20 09:30:48.300,3080.0000,22230,-2,162650820.000,2,0,2,双平,S,3079.2000,3079.0000,3078.4000,3078.0000,3077.4000,3080.2000,3080.8000,3081.0000,3081.2000,3081.8000,2,1,1,3,3,3,2,8,3,1
SF,IH2003,2020-01-20 09:30:48.800,3080.0000,22230,0,163574820.000,1,0,1,多换,S,3079.2000,3079.0000,3078.4000,3078.0000,3077.4000,3080.0000,3080.2000,3080.8000,3081.0000,3081.2000,2,1,1,3,3,2,3,1,8,3
SF,IH2003,2020-01-20 09:30:49.300,3080.0000,22231,1,164498820.000,1,1,0,双开,S,3079.2000,3079.0000,3078.4000,3078.0000,3077.4000,3080.0000,3080.2000,3080.8000,3081.0000,3081.2000,3,1,1,3,3,1,3,1,8,3
SF,IH2003,2020-01-20 09:30:49.800,3079.2000,22231,0,165422580.000,1,0,1,多换,S,3079.2000,3079.0000,3078.4000,3078.0000,3077.4000,3080.2000,3080.8000,3081.0000,3081.2000,3081.8000,1,1,1,3,3,3,1,8,3,1
SF,IH2003,2020-01-20 09:30:50.300,3079.2000,22231,0,165422580.000,0,-,-,-,-,3079.2000,3079.0000,3078.4000,3078.0000,3077.4000,3080.0000,3080.2000,3080.8000,3081.0000,3081.2000,2,1,1,3,3,1,3,1,8,3
SF,IH2003,2020-01-20 09:30:50.800,3079.2000,22231,0,167270100.000,2,1,1,多换,S,3079.0000,3078.4000,3078.0000,3077.4000,3077.2000,3080.2000,3080.8000,3081.0000,3081.2000,3081.8000,1,1,3,3,1,3,1,8,3,1
SF,IH2003,2020-01-20 09:30:51.300,3079.0000,22230,-1,168193800.000,1,0,1,双平,S,3078.4000,3078.0000,3077.4000,3077.2000,3076.6000,3080.0000,3080.2000,3080.8000,3081.0000,3081.2000,1,3,3,1,1,9,3,1,8,3
SF,IH2003,2020-01-20 09:30:51.800,3079.0000,22230,0,168193800.000,0,-,-,-,-,3078.4000,3078.0000,3077.4000,3077.2000,3076.6000,3079.8000,3080.0000,3080.2000,3080.8000,3081.0000,1,3,3,3,1,1,9,3,2,8
SF,IH2003,2020-01-20 09:30:52.300,3079.0000,22230,0,168193800.000,0,-,-,-,-,3078.4000,3078.0000,3077.4000,3077.2000,3076.6000,3079.6000,3079.8000,3080.2000,3080.8000,3081.0000,1,3,3,3,1,9,1,3,2,8
SF,IH2003,2020-01-20 09:30:52.800,3079.0000,22230,0,168193800.000,0,-,-,-,-,3078.4000,3078.0000,3077.2000,3076.6000,3075.8000,3079.6000,3079.8000,3080.2000,3080.4000,3080.8000,1,1,2,1,1,8,1,3,3,2
SF,IH2003,2020-01-20 09:30:53.300,3078.4000,22230,0,169117320.000,1,0,1,多换,S,3078.4000,3078.0000,3077.2000,3076.6000,3075.8000,3079.4000,3079.8000,3080.2000,3080.4000,3080.8000,2,1,2,1,1,1,1,3,3,2
SF,IH2003,2020-01-20 09:30:53.800,3078.4000,22230,0,169117320.000,0,-,-,-,-,3078.4000,3078.0000,3077.2000,3076.6000,3075.8000,3079.2000,3079.8000,3080.2000,3080.8000,3081.0000,2,1,2,1,1,1,2,3,2,8
SF,IH2003,2020-01-20 09:30:54.300,3078.4000,22230,0,169117320.000,0,-,-,-,-,3078.0000,3077.2000,3076.6000,3075.8000,3072.8000,3079.0000,3079.2000,3079.8000,3080.2000,3080.8000,1,2,1,1,1,1,1,2,3,2
SF,IH2003,2020-01-20 09:30:54.800,3078.4000,22230,0,169117320.000,0,-,-,-,-,3078.0000,3077.2000,3076.6000,3075.8000,3072.8000,3078.8000,3079.2000,3079.8000,3080.2000,3080.8000,3,2,1,1,1,1,1,2,3,2
SF,IH2003,2020-01-20 09:30:55.300,3078.4000,22230,0,169117320.000,0,-,-,-,-,3078.0000,3076.8000,3076.6000,3075.8000,3072.8000,3078.6000,3078.8000,3079.8000,3080.2000,3080.8000,3,2,1,1,1,1,1,2,3,2
SF,IH2003,2020-01-20 09:30:55.800,3078.0000,22230,0,170040720.000,1,0,1,多换,S,3078.0000,3076.8000,3076.6000,3075.8000,3072.8000,3078.4000,3078.8000,3079.8000,3080.0000,3080.2000,1,2,1,1,1,1,1,1,1,3
SF,IH2003,2020-01-20 09:30:56.300,3078.8000,22231,1,170964360.000,1,1,0,双开,S,3078.0000,3076.8000,3076.6000,3075.8000,3072.8000,3079.8000,3080.0000,3080.2000,3080.8000,3081.0000,2,2,1,1,1,1,1,3,2,7
SF,IH2003,2020-01-20 09:30:56.800,3078.8000,22231,0,170964360.000,0,-,-,-,-,3078.2000,3078.0000,3076.8000,3076.6000,3075.8000,3079.6000,3079.8000,3080.0000,3080.2000,3080.8000,1,3,2,1,1,2,1,3,3,2
SF,IH2003,2020-01-20 09:30:57.300,3078.8000,22231,0,170964360.000,0,-,-,-,-,3078.2000,3078.0000,3076.6000,3075.8000,3072.8000,3079.6000,3079.8000,3080.0000,3080.2000,3080.8000,1,4,1,1,1,2,1,3,3,2
SF,IH2003,2020-01-20 09:30:57.800,3078.2000,22230,-1,171887820.000,1,0,1,双平,S,3078.0000,3076.6000,3075.8000,3072.8000,3072.2000,3079.6000,3079.8000,3080.0000,3080.2000,3080.8000,3,1,1,1,8,3,1,3,3,2
SF,IH2003,2020-01-20 09:30:58.300,3078.0000,22229,-1,174658020.000,3,1,2,多平,S,3076.6000,3075.8000,3072.8000,3072.2000,3072.0000,3078.6000,3079.4000,3079.6000,3079.8000,3080.0000,1,1,1,8,17,1,8,2,1,4
SF,IH2003,2020-01-20 09:30:58.800,3078.0000,22229,0,174658020.000,0,-,-,-,-,3077.4000,3077.0000,3076.6000,3075.8000,3072.8000,3078.4000,3078.6000,3079.4000,3079.8000,3080.0000,1,1,1,3,1,10,2,1,1,4
SF,IH2003,2020-01-20 09:30:59.300,3078.0000,22229,0,174658020.000,0,-,-,-,-,3077.0000,3076.6000,3075.8000,3072.8000,3072.2000,3078.4000,3078.6000,3079.4000,3079.8000,3080.0000,1,1,1,1,8,9,1,1,1,4
SF,IH2003,2020-01-20 09:30:59.800,3078.0000,22229,0,174658020.000,0,-,-,-,-,3077.2000,3077.0000,3076.6000,3075.8000,3075.6000,3078.2000,3078.4000,3078.6000,3079.4000,3079.8000,5,3,1,1,2,2,9,1,1,1
SF,IH2003,2020-01-20 09:31:00.300,3078.0000,22229,0,174658020.000,0,-,-,-,-,3077.4000,3077.2000,3077.0000,3076.6000,3075.8000,3078.0000,3078.2000,3078.6000,3079.4000,3079.8000,1,6,1,1,1,1,2,1,1,1
SF,IH2003,2020-01-20 09:31:00.800,3078.0000,22229,0,174658020.000,0,-,-,-,-,3078.0000,3077.6000,3077.4000,3077.0000,3076.6000,3078.2000,3078.6000,3079.8000,3080.0000,3080.2000,1,1,1,1,1,2,1,1,6,3
SF,IH2003,2020-01-20 09:31:01.300,3078.0000,22228,-1,176504820.000,2,0,2,多平,S,3077.6000,3077.4000,3077.0000,3076.6000,3075.8000,3078.0000,3078.2000,3078.6000,3079.8000,3080.0000,1,1,1,1,1,6,2,1,1,6
SF,IH2003,2020-01-20 09:31:01.800,3078.2000,22227,-1,177428280.000,1,0,1,双平,S,3077.8000,3077.4000,3077.0000,3076.6000,3075.8000,3078.2000,3078.6000,3079.8000,3080.0000,3080.2000,2,2,1,1,1,1,1,1,5,3
SF,IH2003,2020-01-20 09:31:02.300,3078.2000,22227,0,177428280.000,0,-,-,-,-,3077.8000,3077.4000,3077.0000,3076.6000,3075.8000,3078.2000,3078.6000,3079.0000,3079.8000,3080.0000,1,2,1,1,1,1,1,3,1,5
SF,IH2003,2020-01-20 09:31:02.800,3078.2000,22227,0,178351740.000,1,0,1,多换,S,3077.8000,3077.4000,3077.0000,3076.6000,3075.8000,3078.6000,3079.0000,3079.8000,3080.0000,3080.2000,1,2,1,1,1,1,3,1,5,3
SF,IH2003,2020-01-20 09:31:03.300,3078.2000,22227,0,178351740.000,0,-,-,-,-,3077.8000,3077.0000,3076.6000,3075.8000,3075.6000,3078.0000,3078.6000,3079.8000,3080.0000,3080.2000,1,1,1,1,2,6,2,1,5,3
SF,IH2003,2020-01-20 09:31:03.800,3078.0000,22226,-1,181122000.000,3,1,2,多平,S,3078.0000,3077.8000,3077.0000,3076.6000,3075.8000,3078.6000,3079.6000,3079.8000,3080.0000,3080.2000,1,1,1,1,1,2,1,1,5,3
SF,IH2003,2020-01-20 09:31:04.300,3078.0000,22226,0,181122000.000,0,-,-,-,-,3078.2000,3078.0000,3077.0000,3076.6000,3075.8000,3078.6000,3079.6000,3079.8000,3080.0000,3080.2000,1,1,1,1,1,2,2,1,5,3
SF,IH2003,2020-01-20 09:31:04.800,3078.6000,22226,0,182969160.000,2,1,1,多换,S,3078.6000,3078.2000,3078.0000,3077.0000,3076.6000,3078.8000,3079.6000,3079.8000,3080.0000,3080.2000,1,3,1,1,1,2,2,1,6,3
SF,IH2003,2020-01-20 09:31:05.300,3078.8000,22223,-3,185740080.000,3,0,3,双平,S,3078.8000,3078.6000,3078.2000,3078.0000,3077.0000,3079.6000,3079.8000,3080.0000,3080.2000,3080.8000,1,2,2,1,1,2,1,6,3,2
SF,IH2003,2020-01-20 09:31:05.800,3078.8000,22222,-1,186663720.000,1,0,1,双平,S,3078.8000,3078.6000,3078.0000,3077.0000,3076.6000,3079.4000,3079.6000,3079.8000,3080.0000,3080.2000,1,1,1,1,1,1,2,1,5,3
SF,IH2003,2020-01-20 09:31:06.300,3078.8000,22222,0,186663720.000,0,-,-,-,-,3078.8000,3078.6000,3078.0000,3077.0000,3076.6000,3079.6000,3079.8000,3080.0000,3080.2000,3080.8000,1,1,1,1,1,2,1,5,3,2
SF,IH2003,2020-01-20 09:31:06.800,3078.8000,22222,0,186663720.000,0,-,-,-,-,3079.0000,3078.8000,3078.6000,3078.0000,3077.0000,3079.6000,3079.8000,3080.0000,3080.2000,3080.8000,1,2,1,1,1,2,1,5,3,2
SF,IH2003,2020-01-20 09:31:07.800,3078.8000,22222,0,186663720.000,0,-,-,-,-,3079.0000,3078.8000,3078.6000,3078.0000,3077.0000,3079.6000,3079.8000,3080.0000,3080.2000,3080.8000,1,2,1,1,1,2,1,5,3,2
SF,IH2003,2020-01-20 09:31:08.300,3078.8000,22222,0,186663720.000,0,-,-,-,-,3079.0000,3078.8000,3078.6000,3078.0000,3077.0000,3079.6000,3079.8000,3080.0000,3080.2000,3080.8000,1,1,1,1,1,2,1,5,3,2
SF,IH2003,2020-01-20 09:31:08.800,3078.8000,22222,0,186663720.000,0,-,-,-,-,3079.0000,3078.8000,3078.6000,3078.0000,3077.0000,3079.6000,3079.8000,3080.0000,3080.2000,3080.8000,1,1,1,1,1,2,1,6,3,2
SF,IH2003,2020-01-20 09:31:09.300,3079.0000,22221,-1,189434940.000,3,1,2,多平,S,3078.8000,3078.6000,3078.0000,3077.0000,3076.6000,3079.6000,3079.8000,3080.0000,3080.2000,3080.8000,1,1,1,1,1,2,1,6,3,2
SF,IH2003,2020-01-20 09:31:09.800,3079.0000,22221,0,189434940.000,0,-,-,-,-,3078.0000,3077.0000,3076.6000,3075.8000,3075.6000,3078.8000,3079.0000,3079.2000,3079.4000,3079.6000,1,1,1,1,2,1,1,2,4,3
SF,IH2003,2020-01-20 09:31:10.300,3079.0000,22221,0,189434940.000,0,-,-,-,-,3078.2000,3078.0000,3077.0000,3076.6000,3075.8000,3079.0000,3079.6000,3079.8000,3080.0000,3080.2000,3,2,1,1,1,1,2,1,6,3
SF,IH2003,2020-01-20 09:31:10.800,3079.0000,22221,0,189434940.000,0,-,-,-,-,3078.2000,3078.0000,3077.0000,3076.6000,3075.8000,3079.0000,3079.6000,3079.8000,3080.0000,3080.2000,2,1,1,1,1,1,2,1,9,3
SF,IH2003,2020-01-20 09:31:11.300,3079.0000,22221,0,189434940.000,0,-,-,-,-,3078.4000,3078.2000,3078.0000,3077.0000,3076.6000,3079.0000,3079.6000,3079.8000,3080.0000,3080.2000,1,3,2,1,1,1,2,1,9,3
SF,IH2003,2020-01-20 09:31:11.800,3079.0000,22221,0,193129740.000,4,2,2,多换,S,3079.2000,3078.6000,3078.4000,3078.0000,3077.0000,3079.6000,3079.8000,3080.0000,3080.2000,3080.8000,12,2,1,3,1,2,1,9,3,2
SF,IH2003,2020-01-20 09:31:12.300,3079.2000,22221,0,194053500.000,1,0,1,多换,S,3079.2000,3078.6000,3078.4000,3078.0000,3077.0000,3079.4000,3079.6000,3079.8000,3080.0000,3080.2000,11,2,1,3,1,1,2,1,10,3
SF,IH2003,2020-01-20 09:31:12.800,3079.2000,22220,-1,195901080.000,2,0,2,多平,S,3079.2000,3078.6000,3078.4000,3078.0000,3077.0000,3079.6000,3079.8000,3080.0000,3080.2000,3080.8000,10,2,1,3,1,2,1,10,3,2
SF,IH2003,2020-01-20 09:31:13.300,3079.2000,22220,0,200519880.000,5,2,3,多换,S,3079.2000,3078.6000,3078.4000,3078.0000,3077.0000,3079.6000,3079.8000,3080.0000,3080.2000,3080.8000,5,2,1,3,1,2,1,10,3,2
SF,IH2003,2020-01-20 09:31:13.800,3078.0000,22217,-3,209757120.000,10,3,7,多平,S,3078.0000,3077.0000,3076.6000,3075.8000,3075.6000,3079.6000,3079.8000,3080.0000,3080.2000,3080.8000,2,1,1,1,2,1,1,8,3,2
SF,IH2003,2020-01-20 09:31:14.300,3078.0000,22217,0,209757120.000,0,-,-,-,-,3078.4000,3078.2000,3078.0000,3077.0000,3076.6000,3079.6000,3079.8000,3080.0000,3080.2000,3080.8000,2,1,2,1,1,1,1,8,6,2
SF,IH2003,2020-01-20 09:31:14.800,3078.0000,22217,0,209757120.000,0,-,-,-,-,3078.4000,3078.2000,3078.0000,3077.6000,3077.0000,3079.6000,3079.8000,3080.0000,3080.2000,3080.8000,2,1,2,1,1,2,1,8,3,2
SF,IH2003,2020-01-20 09:31:15.300,3079.6000,22217,0,210681000.000,1,0,1,多换,S,3078.4000,3078.0000,3077.6000,3077.0000,3076.6000,3079.8000,3080.0000,3080.2000,3080.8000,3081.0000,2,2,1,1,1,1,9,3,2,11
SF,IH2003,2020-01-20 09:31:15.800,3079.6000,22217,0,210681000.000,0,-,-,-,-,3078.0000,3077.6000,3077.0000,3076.6000,3075.8000,3079.6000,3079.8000,3080.0000,3080.2000,3080.8000,2,1,1,1,1,1,2,9,3,5
SF,IH2003,2020-01-20 09:31:16.300,3079.6000,22217,0,210681000.000,0,-,-,-,-,3078.2000,3078.0000,3077.8000,3077.6000,3077.0000,3079.8000,3080.0000,3080.2000,3080.8000,3081.0000,1,2,1,1,3,2,9,3,5,11
SF,IH2003,2020-01-20 09:31:16.800,3079.6000,22217,0,210681000.000,0,-,-,-,-,3078.2000,3078.0000,3077.8000,3077.6000,3077.0000,3079.6000,3079.8000,3080.0000,3080.2000,3080.8000,1,2,1,1,1,1,2,9,3,2
SF,IH2003,2020-01-20 09:31:17.300,3079.0000,22217,0,212528220.000,2,1,1,多换,S,3078.4000,3078.2000,3078.0000,3077.8000,3077.6000,3079.8000,3080.0000,3080.2000,3080.8000,3081.0000,1,1,2,1,1,1,9,3,2,11
SF,IH2003,2020-01-20 09:31:17.800,3079.0000,22217,0,212528220.000,0,-,-,-,-,3078.6000,3078.4000,3078.2000,3078.0000,3077.8000,3079.0000,3079.8000,3080.0000,3080.2000,3080.8000,1,3,1,2,1,5,1,9,3,2
SF,IH2003,2020-01-20 09:31:18.300,3079.0000,22211,-6,218070420.000,6,0,6,双平,S,3079.0000,3078.8000,3078.6000,3078.4000,3078.2000,3079.6000,3079.8000,3080.0000,3080.2000,3080.8000,3,1,2,3,1,1,1,9,3,2
SF,IH2003,2020-01-20 09:31:18.800,3079.0000,22211,0,218070420.000,0,-,-,-,-,3079.0000,3078.8000,3078.6000,3078.4000,3078.2000,3079.8000,3080.0000,3080.2000,3080.8000,3081.0000,2,1,2,3,1,1,9,2,2,14
SF,IH2003,2020-01-20 09:31:19.300,3079.0000,22211,0,218070420.000,0,-,-,-,-,3079.0000,3078.8000,3078.4000,3078.2000,3078.0000,3079.8000,3080.0000,3080.2000,3080.8000,3081.0000,2,1,3,1,2,3,9,2,2,14
SF,IH2003,2020-01-20 09:31:19.800,3079.0000,22211,0,218070420.000,0,-,-,-,-,3079.0000,3078.8000,3078.4000,3078.2000,3078.0000,3079.8000,3080.0000,3080.2000,3080.8000,3081.0000,2,1,3,1,2,3,9,2,2,11
SF,IH2003,2020-01-20 09:31:20.300,3079.0000,22211,0,218070420.000,0,-,-,-,-,3079.0000,3078.8000,3078.4000,3078.2000,3078.0000,3079.6000,3079.8000,3080.0000,3080.2000,3080.8000,2,1,3,1,2,1,2,12,2,2
SF,IH2003,2020-01-20 09:31:20.800,3079.8000,22210,-1,219918240.000,2,0,2,多平,S,3079.0000,3078.8000,3078.4000,3078.2000,3078.0000,3079.8000,3080.0000,3080.2000,3080.8000,3081.0000,2,1,3,1,2,1,9,2,2,11
SF,IH2003,2020-01-20 09:31:21.300,3079.8000,22209,-1,220842180.000,1,0,1,双平,S,3079.0000,3078.8000,3078.4000,3078.2000,3078.0000,3080.0000,3080.2000,3080.8000,3081.0000,3081.2000,2,2,3,1,2,9,2,2,11,4
SF,IH2003,2020-01-20 09:31:21.800,3079.0000,22205,-4,226385340.000,6,1,5,多平,S,3079.0000,3078.8000,3078.4000,3078.2000,3078.0000,3080.0000,3080.2000,3080.8000,3081.0000,3081.2000,1,2,3,3,2,6,2,5,11,4
SF,IH2003,2020-01-20 09:31:22.300,3080.0000,22204,-1,227309340.000,1,0,1,双平,S,3079.2000,3079.0000,3078.8000,3078.4000,3078.2000,3080.0000,3080.2000,3080.8000,3081.0000,3081.2000,2,3,2,2,3,5,2,2,11,4
SF,IH2003,2020-01-20 09:31:22.800,3080.2000,22200,-4,232853400.000,6,1,5,多平,S,3080.0000,3079.2000,3079.0000,3078.8000,3078.4000,3080.2000,3080.8000,3081.0000,3081.2000,3081.8000,1,4,3,2,1,1,2,11,4,1
SF,IH2003,2020-01-20 09:31:23.300,3080.2000,22199,-1,233777460.000,1,0,1,双平,S,3080.2000,3080.0000,3079.8000,3079.2000,3078.8000,3080.8000,3081.0000,3081.2000,3081.8000,3082.0000,2,1,1,5,2,2,11,4,1,5
SF,IH2003,2020-01-20 09:31:23.800,3080.2000,22197,-2,235625580.000,2,0,2,双平,S,3079.2000,3078.8000,3078.4000,3078.0000,3077.8000,3079.8000,3080.2000,3080.8000,3081.0000,3081.2000,3,2,1,2,1,1,2,2,11,4
SF,IH2003,2020-01-20 09:31:24.300,3080.2000,22197,0,235625580.000,0,-,-,-,-,3079.4000,3079.2000,3078.8000,3078.4000,3078.0000,3079.8000,3080.2000,3080.8000,3081.0000,3081.2000,1,1,2,1,2,1,1,2,11,4
SF,IH2003,2020-01-20 09:31:24.800,3080.2000,22197,0,235625580.000,0,-,-,-,-,3079.4000,3079.2000,3078.8000,3078.4000,3078.0000,3079.8000,3080.2000,3080.8000,3081.0000,3081.2000,1,1,2,1,2,1,1,2,11,4
SF,IH2003,2020-01-20 09:31:25.300,3079.8000,22197,0,236549520.000,1,0,1,多换,S,3079.4000,3079.2000,3078.8000,3078.4000,3078.0000,3080.2000,3080.8000,3081.0000,3081.2000,3081.8000,1,1,2,1,2,1,2,11,4,1
SF,IH2003,2020-01-20 09:31:25.800,3079.8000,22197,0,236549520.000,0,-,-,-,-,3079.8000,3079.4000,3079.2000,3078.8000,3078.4000,3080.2000,3080.8000,3081.0000,3081.2000,3081.8000,1,1,1,2,1,1,2,11,4,1
SF,IH2003,2020-01-20 09:31:26.300,3079.8000,22196,-1,237473460.000,1,0,1,双平,S,3079.6000,3079.4000,3079.2000,3078.8000,3078.4000,3080.2000,3080.8000,3081.0000,3081.2000,3081.6000,1,1,1,2,1,1,2,11,4,1
SF,IH2003,2020-01-20 09:31:26.800,3080.2000,22195,-1,238397520.000,1,0,1,双平,S,3080.2000,3079.8000,3079.6000,3079.2000,3078.8000,3080.4000,3080.8000,3081.0000,3081.2000,3081.6000,1,1,2,1,2,2,2,11,4,1
SF,IH2003,2020-01-20 09:31:27.300,3080.2000,22193,-2,240245640.000,2,0,2,双平,S,3079.8000,3079.6000,3079.2000,3078.8000,3078.4000,3080.2000,3080.4000,3080.8000,3081.0000,3081.2000,2,2,1,2,1,6,2,2,11,4
SF,IH2003,2020-01-20 09:31:27.800,3080.2000,22193,0,241169700.000,1,0,1,多换,S,3079.6000,3079.2000,3078.8000,3078.4000,3078.0000,3080.0000,3080.2000,3080.4000,3080.8000,3081.0000,2,1,2,1,2,1,6,2,2,11
SF,IH2003,2020-01-20 09:31:28.300,3080.2000,22192,-1,242093760.000,1,0,1,双平,S,3079.6000,3079.2000,3078.8000,3078.4000,3078.0000,3080.2000,3080.4000,3080.8000,3081.0000,3081.2000,2,1,2,1,2,5,2,2,11,4
SF,IH2003,2020-01-20 09:31:28.800,3079.6000,22191,-1,243017640.000,1,0,1,双平,S,3079.6000,3079.2000,3078.8000,3078.4000,3078.0000,3080.2000,3080.4000,3080.8000,3081.0000,3081.2000,1,1,2,1,2,4,2,2,11,4
SF,IH2003,2020-01-20 09:31:29.300,3079.6000,22191,0,243017640.000,0,-,-,-,-,3079.6000,3079.2000,3078.8000,3078.4000,3078.0000,3080.2000,3080.4000,3080.8000,3081.0000,3081.2000,1,1,2,1,2,4,2,2,11,4
SF,IH2003,2020-01-20 09:31:29.800,3079.6000,22191,0,243017640.000,0,-,-,-,-,3079.2000,3078.8000,3078.4000,3078.0000,3077.8000,3080.2000,3080.4000,3080.8000,3081.0000,3081.2000,1,2,1,2,1,4,2,2,11,4
SF,IH2003,2020-01-20 09:31:30.300,3079.6000,22191,0,243017640.000,0,-,-,-,-,3079.2000,3078.8000,3078.4000,3078.0000,3077.8000,3079.6000,3080.2000,3080.4000,3080.8000,3081.0000,2,2,1,2,1,1,4,2,2,11
SF,IH2003,2020-01-20 09:31:30.800,3079.6000,22190,-1,243941520.000,1,0,1,双平,S,3079.8000,3079.4000,3079.2000,3078.8000,3078.4000,3080.2000,3080.4000,3080.8000,3081.0000,3081.2000,1,1,3,2,1,4,2,2,11,4
SF,IH2003,2020-01-20 09:31:31.300,3080.2000,22190,0,244865580.000,1,0,1,多换,S,3079.6000,3079.2000,3078.8000,3078.4000,3078.0000,3080.2000,3080.4000,3080.8000,3081.0000,3081.2000,1,3,1,1,2,3,2,2,11,4
SF,IH2003,2020-01-20 09:31:31.800,3080.2000,22189,-1,245789640.000,1,0,1,双平,S,3079.8000,3079.6000,3079.2000,3078.8000,3078.4000,3080.2000,3080.4000,3080.8000,3081.0000,3081.2000,2,1,3,1,1,2,2,2,11,4
SF,IH2003,2020-01-20 09:31:32.300,3079.8000,22187,-2,247637520.000,2,0,2,双平,S,3080.0000,3079.6000,3079.2000,3078.8000,3078.4000,3080.2000,3080.4000,3080.8000,3081.0000,3081.2000,1,1,3,1,1,2,3,2,11,4
SF,IH2003,2020-01-20 09:31:32.800,3079.8000,22186,-1,250409280.000,3,1,2,多平,S,3079.2000,3078.8000,3078.4000,3078.0000,3077.8000,3080.0000,3080.2000,3080.4000,3080.8000,3081.0000,1,1,1,2,1,5,2,3,2,11
SF,IH2003,2020-01-20 09:31:33.300,3079.8000,22186,0,250409280.000,0,-,-,-,-,3079.2000,3078.8000,3078.4000,3078.0000,3077.8000,3080.0000,3080.2000,3080.4000,3080.8000,3081.0000,1,1,1,2,1,3,2,3,2,11
SF,IH2003,2020-01-20 09:31:33.800,3079.8000,22186,0,250409280.000,0,-,-,-,-,3078.8000,3078.4000,3078.0000,3077.8000,3077.6000,3079.6000,3080.0000,3080.2000,3080.4000,3080.8000,1,1,2,1,1,1,3,2,3,2
SF,IH2003,2020-01-20 09:31:34.300,3079.6000,22185,-1,251333160.000,1,0,1,双平,S,3079.2000,3079.0000,3078.8000,3078.4000,3078.0000,3080.0000,3080.2000,3080.4000,3080.8000,3081.0000,2,1,1,1,2,3,2,3,2,11
SF,IH2003,2020-01-20 09:31:34.800,3079.6000,22185,0,251333160.000,0,-,-,-,-,3079.4000,3079.2000,3078.8000,3078.4000,3078.0000,3080.0000,3080.2000,3080.4000,3080.8000,3081.0000,1,2,1,1,2,3,2,3,2,11
SF,IH2003,2020-01-20 09:31:35.300,3079.6000,22185,0,251333160.000,0,-,-,-,-,3078.8000,3078.4000,3078.0000,3077.8000,3077.6000,3080.0000,3080.2000,3080.4000,3080.8000,3081.0000,1,1,2,1,1,3,2,3,2,11
SF,IH2003,2020-01-20 09:31:35.800,3080.0000,22185,0,252257160.000,1,0,1,多换,S,3079.0000,3078.8000,3078.4000,3078.0000,3077.8000,3080.0000,3080.2000,3080.4000,3080.8000,3081.0000,1,2,1,2,1,2,2,3,2,11
SF,IH2003,2020-01-20 09:31:36.300,3080.0000,22185,0,252257160.000,0,-,-,-,-,3079.2000,3078.8000,3078.4000,3078.0000,3077.8000,3080.0000,3080.2000,3080.4000,3080.8000,3081.0000,3,3,1,2,1,2,2,3,2,11
SF,IH2003,2020-01-20 09:31:36.800,3079.2000,22185,0,253180920.000,1,0,1,多换,S,3078.8000,3078.4000,3078.0000,3077.8000,3077.6000,3080.0000,3080.2000,3080.4000,3080.8000,3081.0000,2,1,2,1,1,2,2,3,2,11
SF,IH2003,2020-01-20 09:31:37.300,3079.2000,22185,0,253180920.000,0,-,-,-,-,3079.0000,3078.8000,3078.4000,3078.0000,3077.8000,3079.6000,3080.0000,3080.2000,3080.4000,3080.8000,1,3,1,2,1,1,2,2,3,2
SF,IH2003,2020-01-20 09:31:37.800,3080.0000,22185,0,255028800.000,2,1,1,多换,S,3079.0000,3078.8000,3078.4000,3078.0000,3077.8000,3080.0000,3080.2000,3080.4000,3080.8000,3081.0000,2,3,1,2,1,1,2,3,2,11
SF,IH2003,2020-01-20 09:31:38.300,3080.0000,22185,0,255028800.000,0,-,-,-,-,3079.0000,3078.8000,3078.4000,3078.0000,3077.8000,3080.0000,3080.2000,3080.4000,3080.8000,3081.0000,3,2,1,2,1,1,2,3,2,11
SF,IH2003,2020-01-20 09:31:38.800,3080.0000,22185,0,255028800.000,0,-,-,-,-,3079.2000,3079.0000,3078.8000,3078.4000,3078.0000,3080.0000,3080.2000,3080.4000,3080.8000,3081.0000,1,1,2,1,2,1,2,3,2,11
SF,IH2003,2020-01-20 09:31:39.300,3080.0000,22184,-1,255952800.000,1,0,1,双平,S,3079.2000,3079.0000,3078.8000,3078.4000,3078.0000,3080.2000,3080.4000,3080.8000,3081.0000,3081.2000,2,1,2,1,2,2,3,2,11,4
SF,IH2003,2020-01-20 09:31:39.800,3080.0000,22184,0,255952800.000,0,-,-,-,-,3079.2000,3079.0000,3078.8000,3078.4000,3078.0000,3080.0000,3080.2000,3080.4000,3080.8000,3081.0000,3,1,2,1,2,1,2,3,2,11
SF,IH2003,2020-01-20 09:31:40.300,3080.0000,22183,-1,256876800.000,1,0,1,双平,S,3079.2000,3079.0000,3078.8000,3078.4000,3078.0000,3080.2000,3080.4000,3080.8000,3081.0000,3081.2000,2,1,2,1,2,2,3,2,11,4
SF,IH2003,2020-01-20 09:31:40.800,3080.0000,22183,0,256876800.000,0,-,-,-,-,3079.2000,3079.0000,3078.8000,3078.4000,3078.0000,3080.2000,3080.4000,3080.6000,3080.8000,3081.0000,1,1,2,1,2,2,3,1,2,11
SF,IH2003,2020-01-20 09:31:41.300,3080.0000,22183,0,256876800.000,0,-,-,-,-,3079.2000,3079.0000,3078.8000,3078.4000,3078.0000,3080.2000,3080.4000,3080.6000,3080.8000,3081.0000,3,2,2,1,2,2,3,1,2,11
SF,IH2003,2020-01-20 09:31:41.800,3080.2000,22182,-1,258724920.000,2,0,2,多平,S,3079.4000,3079.2000,3079.0000,3078.8000,3078.4000,3080.4000,3080.6000,3080.8000,3081.0000,3081.2000,1,2,2,2,1,3,1,2,12,4
SF,IH2003,2020-01-20 09:31:42.300,3080.2000,22182,0,258724920.000,0,-,-,-,-,3080.2000,3079.4000,3079.2000,3079.0000,3078.8000,3080.4000,3080.6000,3080.8000,3081.0000,3081.2000,1,1,5,2,2,3,1,2,12,4
SF,IH2003,2020-01-20 09:31:42.800,3080.6000,22178,-4,262421460.000,4,0,4,双平,S,3080.2000,3079.4000,3079.2000,3079.0000,3078.8000,3080.8000,3081.0000,3081.2000,3081.6000,3081.8000,1,1,5,2,2,2,12,4,1,1
SF,IH2003,2020-01-20 09:31:43.300,3080.6000,22178,0,262421460.000,0,-,-,-,-,3079.4000,3079.2000,3079.0000,3078.8000,3078.4000,3080.8000,3081.0000,3081.2000,3081.6000,3081.8000,1,4,2,2,1,2,12,4,1,1
SF,IH2003,2020-01-20 09:31:43.800,3080.6000,22178,0,262421460.000,0,-,-,-,-,3079.6000,3079.4000,3079.2000,3079.0000,3078.8000,3080.8000,3081.0000,3081.2000,3081.6000,3081.8000,1,1,4,3,2,2,12,4,1,1
SF,IH2003,2020-01-20 09:31:44.300,3080.6000,22178,0,262421460.000,0,-,-,-,-,3079.6000,3079.2000,3079.0000,3078.8000,3078.4000,3080.8000,3081.0000,3081.2000,3081.6000,3081.8000,3,4,3,2,1,2,12,4,1,1
SF,IH2003,2020-01-20 09:31:45.300,3079.6000,22178,0,263345340.000,1,0,1,多换,S,3079.6000,3079.2000,3079.0000,3078.8000,3078.4000,3080.4000,3080.8000,3081.0000,3081.2000,3081.6000,1,4,3,2,1,2,2,12,4,1
SF,IH2003,2020-01-20 09:31:45.800,3080.4000,22178,0,264269460.000,1,0,1,多换,S,3079.6000,3079.2000,3079.0000,3078.8000,3078.4000,3080.4000,3080.8000,3081.0000,3081.2000,3081.6000,1,4,3,2,1,1,2,12,4,1
SF,IH2003,2020-01-20 09:31:46.300,3080.4000,22178,0,264269460.000,0,-,-,-,-,3079.6000,3079.4000,3079.2000,3079.0000,3078.8000,3080.4000,3080.8000,3081.0000,3081.2000,3081.6000,1,1,4,3,2,1,2,12,4,1
SF,IH2003,2020-01-20 09:31:46.800,3080.4000,22178,0,264269460.000,0,-,-,-,-,3079.6000,3079.4000,3079.2000,3079.0000,3078.8000,3080.4000,3080.8000,3081.0000,3081.2000,3081.6000,1,1,4,3,2,1,2,12,4,1
SF,IH2003,2020-01-20 09:31:47.800,3080.4000,22178,0,264269460.000,0,-,-,-,-,3079.6000,3079.4000,3079.2000,3079.0000,3078.8000,3080.4000,3080.8000,3081.0000,3081.2000,3081.6000,1,1,4,3,2,1,2,12,4,1
SF,IH2003,2020-01-20 09:31:48.300,3079.6000,22178,0,265193340.000,1,0,1,多换,S,3079.4000,3079.2000,3079.0000,3078.8000,3078.4000,3079.6000,3080.4000,3080.8000,3081.0000,3081.2000,1,4,3,2,1,1,2,2,12,4
SF,IH2003,2020-01-20 09:31:48.800,3079.4000,22177,-1,267040980.000,2,0,2,多平,S,3079.6000,3079.2000,3079.0000,3078.8000,3078.4000,3080.4000,3080.8000,3081.0000,3081.2000,3081.6000,1,1,3,2,1,2,2,15,4,1
SF,IH2003,2020-01-20 09:31:49.300,3079.6000,22175,-2,268888680.000,2,0,2,双平,S,3079.2000,3079.0000,3078.8000,3078.4000,3078.2000,3079.6000,3080.2000,3080.4000,3080.8000,3081.0000,1,3,2,1,1,3,1,5,2,12
SF,IH2003,2020-01-20 09:31:49.800,3079.6000,22175,0,268888680.000,0,-,-,-,-,3079.0000,3078.8000,3078.4000,3078.2000,3078.0000,3079.6000,3080.2000,3080.4000,3080.8000,3081.0000,3,2,1,1,2,2,1,2,2,12
SF,IH2003,2020-01-20 09:31:50.300,3079.6000,22173,-2,270736440.000,2,0,2,双平,S,3079.2000,3079.0000,3078.8000,3078.4000,3078.2000,3080.2000,3080.4000,3080.8000,3081.0000,3081.2000,1,3,2,1,1,1,1,2,12,4
SF,IH2003,2020-01-20 09:31:50.800,3079.6000,22173,0,270736440.000,0,-,-,-,-,3079.0000,3078.8000,3078.4000,3078.2000,3078.0000,3080.2000,3080.4000,3080.8000,3081.0000,3081.2000,3,2,1,1,2,4,1,2,12,4
SF,IH2003,2020-01-20 09:31:51.300,3079.0000,22172,-1,273507540.000,3,1,2,多平,S,3078.4000,3078.2000,3078.0000,3077.6000,3077.0000,3080.0000,3080.2000,3080.4000,3080.8000,3081.0000,1,1,1,1,2,1,1,1,2,12
SF,IH2003,2020-01-20 09:31:51.800,3080.2000,22174,2,275355540.000,2,2,0,双开,S,3078.4000,3078.2000,3078.0000,3077.6000,3077.0000,3080.2000,3080.4000,3080.8000,3081.0000,3081.2000,1,1,1,1,2,2,1,2,12,4
SF,IH2003,2020-01-20 09:31:52.300,3080.2000,22174,0,275355540.000,0,-,-,-,-,3078.6000,3078.4000,3078.2000,3078.0000,3077.6000,3080.0000,3080.2000,3080.4000,3080.8000,3081.0000,1,1,1,1,1,3,3,1,2,12
SF,IH2003,2020-01-20 09:31:52.800,3080.2000,22174,0,275355540.000,0,-,-,-,-,3078.4000,3078.2000,3078.0000,3077.6000,3077.0000,3080.0000,3080.2000,3080.4000,3080.8000,3081.0000,1,1,1,1,2,3,3,1,2,12
SF,IH2003,2020-01-20 09:31:53.300,3080.2000,22174,0,275355540.000,0,-,-,-,-,3078.4000,3078.2000,3078.0000,3077.6000,3077.0000,3079.8000,3080.0000,3080.2000,3080.4000,3080.8000,1,1,1,1,2,1,3,2,1,2
SF,IH2003,2020-01-20 09:31:53.800,3080.2000,22174,0,275355540.000,0,-,-,-,-,3078.2000,3078.0000,3077.0000,3076.6000,3076.2000,3079.6000,3079.8000,3080.0000,3080.2000,3080.4000,1,1,2,1,1,1,1,2,2,1
SF,IH2003,2020-01-20 09:31:54.300,3080.2000,22174,0,275355540.000,0,-,-,-,-,3078.2000,3078.0000,3077.0000,3076.6000,3076.2000,3079.6000,3080.0000,3080.2000,3080.4000,3080.8000,1,1,2,1,1,2,2,2,1,2
SF,IH2003,2020-01-20 09:31:54.800,3078.2000,22173,-1,276279000.000,1,0,1,双平,S,3078.0000,3077.0000,3076.6000,3076.2000,3075.8000,3078.6000,3079.6000,3080.0000,3080.2000,3080.4000,1,2,1,1,1,1,2,2,2,1
SF,IH2003,2020-01-20 09:31:55.300,3078.2000,22173,0,276279000.000,0,-,-,-,-,3077.0000,3076.6000,3076.2000,3075.8000,3075.0000,3078.6000,3079.6000,3080.0000,3080.2000,3080.4000,2,1,1,1,1,1,2,2,2,1
SF,IH2003,2020-01-20 09:31:55.800,3078.2000,22173,0,276279000.000,0,-,-,-,-,3078.0000,3077.4000,3077.2000,3077.0000,3076.6000,3078.6000,3079.6000,3080.0000,3080.2000,3080.4000,1,4,1,3,1,1,1,2,2,1
SF,IH2003,2020-01-20 09:31:56.300,3078.2000,22173,0,276279000.000,0,-,-,-,-,3077.4000,3077.2000,3077.0000,3076.6000,3076.2000,3078.6000,3079.6000,3080.0000,3080.2000,3080.4000,3,1,2,1,1,1,1,2,3,1
SF,IH2003,2020-01-20 09:31:56.800,3078.6000,22174,1,278126160.000,2,1,1,空开,S,3077.6000,3077.4000,3077.2000,3077.0000,3076.6000,3079.6000,3080.0000,3080.2000,3080.4000,3080.8000,2,3,1,2,1,1,2,3,1,2
SF,IH2003,2020-01-20 09:31:57.300,3078.6000,22174,0,278126160.000,0,-,-,-,-,3078.6000,3077.6000,3077.4000,3077.2000,3077.0000,3079.4000,3079.6000,3080.0000,3080.2000,3080.4000,1,6,4,1,2,2,1,1,3,1
SF,IH2003,2020-01-20 09:31:57.800,3078.6000,22174,0,279049740.000,1,0,1,多换,S,3078.4000,3078.0000,3077.8000,3077.6000,3077.4000,3079.4000,3079.6000,3080.0000,3080.2000,3080.4000,1,1,1,4,4,1,1,1,3,1
SF,IH2003,2020-01-20 09:31:58.300,3078.6000,22174,0,279049740.000,0,-,-,-,-,3077.6000,3077.4000,3077.2000,3077.0000,3076.6000,3079.2000,3079.4000,3080.0000,3080.2000,3080.4000,3,4,1,2,1,1,1,1,3,1
SF,IH2003,2020-01-20 09:31:58.800,3078.6000,22174,0,279049740.000,0,-,-,-,-,3079.4000,3078.0000,3077.8000,3077.6000,3077.4000,3080.2000,3080.4000,3080.8000,3081.0000,3081.2000,2,1,4,3,4,3,1,2,12,4
SF,IH2003,2020-01-20 09:31:59.300,3079.4000,22172,-2,280897380.000,2,0,2,双平,S,3078.0000,3077.8000,3077.6000,3077.4000,3077.0000,3079.4000,3080.0000,3080.2000,3080.4000,3080.8000,1,3,4,4,2,1,2,3,1,2
SF,IH2003,2020-01-20 09:31:59.800,3079.4000,22172,0,281821200.000,1,0,1,多换,S,3078.2000,3077.8000,3077.6000,3077.4000,3077.0000,3080.0000,3080.2000,3080.4000,3080.8000,3081.0000,1,1,4,3,2,2,4,1,2,12
SF,IH2003,2020-01-20 09:32:00.300,3079.4000,22172,0,281821200.000,0,-,-,-,-,3078.2000,3077.6000,3077.4000,3077.0000,3076.6000,3079.2000,3079.8000,3080.0000,3080.2000,3080.4000,2,3,5,2,1,1,4,3,4,1
SF,IH2003,2020-01-20 09:32:00.800,3079.4000,22172,0,282745020.000,1,0,1,多换,S,3078.2000,3077.6000,3077.4000,3077.0000,3076.6000,3079.2000,3079.8000,3080.0000,3080.2000,3080.4000,1,3,5,2,1,1,1,1,4,1
SF,IH2003,2020-01-20 09:32:01.300,3079.4000,22172,0,282745020.000,0,-,-,-,-,3078.4000,3078.2000,3078.0000,3077.6000,3077.4000,3079.2000,3079.8000,3080.0000,3080.2000,3080.4000,2,1,1,3,5,1,1,2,4,1
SF,IH2003,2020-01-20 09:32:01.800,3078.4000,22172,0,284592060.000,2,1,1,多换,S,3078.6000,3077.6000,3077.4000,3077.0000,3076.6000,3079.2000,3079.8000,3080.0000,3080.2000,3080.4000,1,3,5,2,1,1,1,2,4,1
SF,IH2003,2020-01-20 09:32:02.300,3078.6000,22171,-1,285515640.000,1,0,1,双平,S,3077.4000,3077.0000,3076.6000,3076.2000,3075.8000,3078.6000,3079.0000,3080.0000,3080.2000,3080.4000,3,2,1,1,1,2,1,2,4,1
SF,IH2003,2020-01-20 09:32:02.800,3077.4000,22170,-1,286438860.000,1,0,1,双平,S,3077.4000,3077.0000,3076.6000,3076.2000,3075.8000,3078.4000,3078.6000,3079.0000,3080.0000,3080.2000,4,2,1,1,1,2,2,7,2,4
SF,IH2003,2020-01-20 09:32:03.300,3077.4000,22170,0,287362080.000,1,0,1,多换,S,3077.4000,3077.0000,3076.6000,3076.2000,3075.8000,3078.4000,3078.6000,3079.0000,3080.0000,3080.2000,3,2,1,1,1,3,2,7,2,4
SF,IH2003,2020-01-20 09:32:03.800,3077.4000,22170,0,288285300.000,1,0,1,多换,S,3077.4000,3077.0000,3076.6000,3076.2000,3075.8000,3078.4000,3078.6000,3079.0000,3079.8000,3080.0000,3,2,1,1,1,3,2,7,1,2
SF,IH2003,2020-01-20 09:32:04.300,3077.4000,22170,0,288285300.000,0,-,-,-,-,3077.4000,3077.0000,3076.6000,3076.2000,3075.8000,3078.4000,3078.6000,3079.0000,3079.8000,3080.0000,3,2,1,1,1,3,2,7,1,2
SF,IH2003,2020-01-20 09:32:04.800,3077.4000,22170,0,288285300.000,0,-,-,-,-,3077.4000,3077.0000,3076.6000,3076.2000,3075.8000,3078.4000,3078.6000,3079.0000,3079.8000,3080.0000,3,2,1,1,1,3,2,7,1,2
SF,IH2003,2020-01-20 09:32:05.300,3077.4000,22170,0,288285300.000,0,-,-,-,-,3077.4000,3077.0000,3076.6000,3076.2000,3075.8000,3078.4000,3078.6000,3079.0000,3079.8000,3080.0000,3,2,1,1,1,3,2,7,1,2
SF,IH2003,2020-01-20 09:32:05.800,3077.4000,22170,0,288285300.000,0,-,-,-,-,3077.6000,3077.4000,3077.0000,3076.6000,3076.2000,3078.4000,3078.6000,3079.8000,3080.0000,3080.2000,1,3,2,1,1,2,2,1,3,4
SF,IH2003,2020-01-20 09:32:08.300,3077.4000,22171,1,289208520.000,1,1,0,双开,S,3077.4000,3077.0000,3076.6000,3076.2000,3075.8000,3078.4000,3078.6000,3079.8000,3080.0000,3080.2000,3,2,1,1,1,2,2,1,3,4
SF,IH2003,2020-01-20 09:32:08.800,3077.4000,22171,0,289208520.000,0,-,-,-,-,3077.0000,3076.6000,3076.2000,3075.8000,3075.0000,3078.4000,3078.6000,3079.8000,3080.0000,3080.2000,2,1,1,1,1,3,2,1,3,4
SF,IH2003,2020-01-20 09:32:09.300,3077.4000,22171,0,289208520.000,0,-,-,-,-,3077.0000,3076.6000,3076.2000,3075.8000,3075.0000,3078.4000,3078.6000,3079.8000,3080.0000,3080.2000,5,1,1,1,1,2,2,1,2,4
SF,IH2003,2020-01-20 09:32:09.800,3077.4000,22171,0,289208520.000,0,-,-,-,-,3077.0000,3076.6000,3076.2000,3075.8000,3075.0000,3078.2000,3078.4000,3078.6000,3079.8000,3080.0000,5,1,1,1,1,7,2,2,1,3
SF,IH2003,2020-01-20 09:32:10.300,3077.4000,22171,0,289208520.000,0,-,-,-,-,3077.0000,3076.6000,3076.2000,3075.8000,3075.0000,3078.2000,3078.4000,3078.6000,3079.8000,3080.0000,5,1,1,1,1,8,3,2,1,3
SF,IH2003,2020-01-20 09:32:10.800,3077.4000,22171,0,289208520.000,0,-,-,-,-,3077.0000,3076.6000,3076.2000,3075.8000,3075.0000,3078.4000,3078.6000,3079.8000,3080.0000,3080.2000,5,1,1,1,1,2,2,1,4,4
SF,IH2003,2020-01-20 09:32:11.300,3078.4000,22170,-1,290132040.000,1,0,1,双平,S,3078.2000,3077.2000,3077.0000,3076.6000,3076.2000,3078.6000,3079.8000,3080.0000,3080.2000,3080.4000,1,5,5,1,1,2,1,4,4,1
SF,IH2003,2020-01-20 09:32:11.800,3078.6000,22168,-2,291979200.000,2,0,2,双平,S,3078.8000,3078.6000,3078.2000,3077.4000,3077.2000,3079.8000,3080.0000,3080.2000,3080.4000,3080.6000,2,1,1,1,4,1,4,4,1,1
SF,IH2003,2020-01-20 09:32:12.300,3078.6000,22168,0,291979200.000,0,-,-,-,-,3078.8000,3078.6000,3078.2000,3077.4000,3077.2000,3079.6000,3079.8000,3080.0000,3080.2000,3080.4000,2,1,1,1,1,1,1,5,4,1
SF,IH2003,2020-01-20 09:32:13.300,3078.6000,22168,0,291979200.000,0,-,-,-,-,3078.8000,3078.6000,3078.2000,3077.4000,3077.2000,3079.6000,3079.8000,3080.0000,3080.2000,3080.4000,2,1,1,1,1,1,1,5,4,1
SF,IH2003,2020-01-20 09:32:14.300,3079.8000,22167,-1,293827020.000,2,0,2,多平,S,3078.8000,3078.6000,3078.2000,3077.4000,3077.2000,3080.0000,3080.2000,3080.4000,3080.6000,3080.8000,2,1,1,1,1,4,4,1,1,2
SF,IH2003,2020-01-20 09:32:14.800,3079.0000,22165,-2,295674720.000,2,0,2,双平,S,3079.0000,3078.8000,3078.6000,3078.2000,3077.4000,3080.0000,3080.2000,3080.4000,3080.6000,3080.8000,1,2,1,1,1,3,4,1,1,2
SF,IH2003,2020-01-20 09:32:15.300,3079.0000,22165,0,295674720.000,0,-,-,-,-,3079.0000,3078.8000,3078.6000,3078.2000,3077.4000,3080.0000,3080.2000,3080.4000,3080.6000,3080.8000,4,2,1,1,1,3,4,1,1,2
SF,IH2003,2020-01-20 09:32:15.800,3079.0000,22165,0,295674720.000,0,-,-,-,-,3079.0000,3078.8000,3078.6000,3078.2000,3077.4000,3080.0000,3080.2000,3080.4000,3080.6000,3080.8000,4,2,1,1,1,3,4,1,1,2
SF,IH2003,2020-01-20 09:32:16.300,3079.0000,22165,0,295674720.000,0,-,-,-,-,3079.0000,3078.8000,3078.6000,3078.2000,3077.4000,3080.0000,3080.2000,3080.4000,3080.6000,3080.8000,4,2,1,1,1,3,4,1,1,2
SF,IH2003,2020-01-20 09:32:16.800,3079.0000,22165,0,295674720.000,0,-,-,-,-,3079.0000,3078.8000,3078.6000,3078.2000,3077.4000,3079.8000,3080.0000,3080.2000,3080.4000,3080.6000,4,2,1,1,1,3,3,4,1,1
SF,IH2003,2020-01-20 09:32:17.800,3079.8000,22164,-1,297522600.000,2,0,2,多平,S,3079.0000,3078.8000,3078.6000,3078.2000,3077.4000,3079.8000,3080.0000,3080.2000,3080.4000,3080.6000,4,2,1,1,1,1,3,4,1,1
SF,IH2003,2020-01-20 09:32:19.800,3079.8000,22163,-1,298446540.000,1,0,1,双平,S,3079.0000,3078.8000,3078.6000,3078.2000,3077.4000,3080.0000,3080.2000,3080.4000,3080.6000,3080.8000,4,2,1,1,1,3,4,1,1,2
SF,IH2003,2020-01-20 09:32:20.300,3079.8000,22163,0,298446540.000,0,-,-,-,-,3079.0000,3078.8000,3078.6000,3078.2000,3077.4000,3079.6000,3080.0000,3080.2000,3080.4000,3080.6000,1,2,1,1,1,7,3,4,1,1
SF,IH2003,2020-01-20 09:32:20.800,3079.8000,22163,0,298446540.000,0,-,-,-,-,3079.0000,3078.8000,3078.6000,3078.2000,3077.4000,3080.0000,3080.2000,3080.4000,3080.6000,3080.8000,4,2,1,1,1,4,4,1,1,2
SF,IH2003,2020-01-20 09:32:21.300,3079.8000,22163,0,298446540.000,0,-,-,-,-,3079.0000,3078.8000,3078.6000,3078.2000,3077.4000,3079.8000,3080.0000,3080.2000,3080.4000,3080.6000,3,2,1,1,1,7,5,4,1,1
SF,IH2003,2020-01-20 09:32:21.800,3079.8000,22163,0,298446540.000,0,-,-,-,-,3079.0000,3078.8000,3078.6000,3078.2000,3077.4000,3079.8000,3080.0000,3080.2000,3080.4000,3080.6000,3,2,1,1,1,1,4,4,1,1
SF,IH2003,2020-01-20 09:32:22.300,3079.8000,22163,0,298446540.000,0,-,-,-,-,3079.0000,3078.8000,3078.6000,3078.2000,3077.4000,3079.6000,3079.8000,3080.0000,3080.2000,3080.4000,3,2,1,1,1,8,1,4,4,1
SF,IH2003,2020-01-20 09:32:22.800,3079.0000,22163,0,300293940.000,2,1,1,多换,S,3079.0000,3078.8000,3078.6000,3078.2000,3077.4000,3079.6000,3079.8000,3080.0000,3080.2000,3080.4000,1,2,1,1,1,1,1,4,4,1
SF,IH2003,2020-01-20 09:32:23.300,3078.6000,22162,-1,302141220.000,2,0,2,多平,S,3078.2000,3077.0000,3076.8000,3076.6000,3076.2000,3079.0000,3079.4000,3079.6000,3079.8000,3080.0000,1,2,2,1,1,1,9,1,1,5
SF,IH2003,2020-01-20 09:32:23.800,3078.6000,22162,0,302141220.000,0,-,-,-,-,3077.0000,3076.8000,3076.6000,3076.2000,3075.8000,3079.0000,3079.4000,3079.6000,3079.8000,3080.0000,2,2,1,1,1,1,7,1,1,5
SF,IH2003,2020-01-20 09:32:24.300,3078.6000,22162,0,302141220.000,0,-,-,-,-,3077.4000,3077.2000,3077.0000,3076.8000,3076.6000,3078.8000,3079.0000,3079.4000,3079.6000,3079.8000,1,2,2,2,1,4,1,7,1,1
SF,IH2003,2020-01-20 09:32:24.800,3077.6000,22163,1,303064500.000,1,1,0,双开,S,3077.2000,3077.0000,3076.8000,3076.6000,3076.2000,3078.8000,3079.0000,3079.4000,3079.6000,3079.8000,1,2,2,1,1,6,1,7,1,1
SF,IH2003,2020-01-20 09:32:25.300,3077.6000,22163,0,303064500.000,0,-,-,-,-,3077.4000,3077.0000,3076.8000,3076.6000,3076.2000,3078.2000,3078.8000,3079.0000,3079.4000,3079.8000,1,2,2,1,1,1,6,1,7,1
SF,IH2003,2020-01-20 09:32:25.800,3077.6000,22163,0,303064500.000,0,-,-,-,-,3077.4000,3077.0000,3076.8000,3076.6000,3076.2000,3078.2000,3078.8000,3079.0000,3079.4000,3079.8000,1,2,2,1,1,1,4,1,7,1
SF,IH2003,2020-01-20 09:32:26.300,3078.2000,22163,0,303987960.000,1,0,1,多换,S,3078.2000,3077.0000,3076.8000,3076.6000,3076.2000,3078.8000,3079.0000,3079.4000,3079.8000,3080.0000,2,2,2,1,1,4,1,7,1,5
SF,IH2003,2020-01-20 09:32:26.800,3078.2000,22163,0,305834880.000,2,1,1,多换,S,3077.0000,3076.8000,3076.6000,3076.2000,3075.8000,3077.8000,3078.2000,3078.6000,3078.8000,3079.0000,2,2,1,1,1,1,1,1,3,1
SF,IH2003,2020-01-20 09:32:27.300,3078.2000,22163,0,305834880.000,0,-,-,-,-,3077.8000,3077.0000,3076.8000,3076.6000,3076.2000,3078.6000,3078.8000,3079.0000,3079.6000,3079.8000,1,2,2,1,1,8,3,7,1,1
SF,IH2003,2020-01-20 09:32:27.800,3078.2000,22163,0,305834880.000,0,-,-,-,-,3077.8000,3077.0000,3076.8000,3076.6000,3076.2000,3078.6000,3078.8000,3079.0000,3079.6000,3079.8000,1,3,2,1,1,1,3,7,1,1
SF,IH2003,2020-01-20 09:32:28.300,3078.2000,22163,0,305834880.000,0,-,-,-,-,3077.8000,3077.0000,3076.8000,3076.6000,3076.2000,3078.2000,3078.6000,3078.8000,3079.0000,3079.6000,1,3,2,1,1,1,1,3,7,1
SF,IH2003,2020-01-20 09:32:29.800,3078.2000,22163,0,305834880.000,0,-,-,-,-,3077.0000,3076.8000,3076.6000,3076.2000,3075.8000,3078.2000,3078.6000,3078.8000,3079.0000,3079.6000,3,2,1,1,1,1,1,3,7,1
SF,IH2003,2020-01-20 09:32:30.300,3078.2000,22163,0,305834880.000,0,-,-,-,-,3077.2000,3077.0000,3076.8000,3076.6000,3076.2000,3078.0000,3078.2000,3078.6000,3078.8000,3079.0000,2,3,2,1,1,1,1,1,3,7
SF,IH2003,2020-01-20 09:32:30.800,3078.2000,22163,0,305834880.000,0,-,-,-,-,3077.2000,3077.0000,3076.8000,3076.6000,3076.2000,3078.2000,3078.6000,3078.8000,3079.0000,3079.6000,2,3,2,1,1,1,1,3,7,1
SF,IH2003,2020-01-20 09:32:31.300,3078.2000,22163,0,305834880.000,0,-,-,-,-,3077.2000,3077.0000,3076.8000,3076.6000,3076.2000,3077.8000,3078.2000,3078.6000,3078.8000,3079.0000,2,3,2,1,1,1,1,1,3,7
SF,IH2003,2020-01-20 09:32:31.800,3077.4000,22161,-2,307681440.000,2,0,2,双平,S,3077.2000,3077.0000,3076.8000,3076.6000,3076.2000,3078.2000,3078.6000,3078.8000,3079.0000,3079.6000,2,3,2,1,1,1,1,3,7,1
SF,IH2003,2020-01-20 09:32:32.300,3077.4000,22161,0,307681440.000,0,-,-,-,-,3077.0000,3076.8000,3076.6000,3076.2000,3075.8000,3078.0000,3078.2000,3078.6000,3078.8000,3079.0000,3,2,1,1,1,1,1,1,3,7
SF,IH2003,2020-01-20 09:32:32.800,3077.4000,22161,0,307681440.000,0,-,-,-,-,3077.0000,3076.8000,3076.6000,3076.2000,3075.8000,3077.8000,3078.0000,3078.2000,3078.6000,3079.0000,3,2,1,1,1,3,1,1,1,7
SF,IH2003,2020-01-20 09:32:33.800,3077.8000,22160,-1,308604780.000,1,0,1,双平,S,3077.0000,3076.8000,3076.6000,3076.2000,3075.8000,3077.8000,3078.0000,3078.2000,3078.6000,3079.0000,3,2,1,1,1,2,1,1,1,7
SF,IH2003,2020-01-20 09:32:35.300,3077.8000,22159,-1,311374680.000,3,1,2,多平,S,3077.8000,3077.0000,3076.8000,3076.6000,3076.2000,3078.0000,3078.2000,3078.6000,3079.0000,3079.6000,13,3,2,1,1,1,1,1,7,1
SF,IH2003,2020-01-20 09:32:35.800,3077.8000,22159,0,322454760.000,12,6,6,多换,S,3077.8000,3077.0000,3076.8000,3076.6000,3076.2000,3078.0000,3078.2000,3078.6000,3079.0000,3079.6000,1,3,2,1,1,1,1,1,7,1
SF,IH2003,2020-01-20 09:32:36.300,3077.8000,22159,0,323378100.000,1,0,1,多换,S,3077.0000,3076.8000,3076.6000,3076.2000,3075.8000,3078.0000,3078.2000,3078.6000,3079.0000,3079.6000,3,2,1,1,1,1,1,1,7,1
SF,IH2003,2020-01-20 09:32:36.800,3077.8000,22159,0,323378100.000,0,-,-,-,-,3077.0000,3076.8000,3076.6000,3076.2000,3075.8000,3078.0000,3078.2000,3078.6000,3079.0000,3079.6000,3,2,1,1,1,1,1,1,7,1
SF,IH2003,2020-01-20 09:32:37.800,3077.8000,22159,0,323378100.000,0,-,-,-,-,3077.0000,3076.8000,3076.6000,3076.2000,3075.8000,3078.0000,3078.2000,3078.4000,3078.6000,3079.0000,3,2,1,1,1,2,1,4,1,7
SF,IH2003,2020-01-20 09:32:39.300,3077.8000,22159,0,323378100.000,0,-,-,-,-,3077.0000,3076.8000,3076.6000,3076.2000,3075.8000,3078.0000,3078.2000,3078.4000,3078.6000,3079.0000,3,2,1,1,1,2,1,4,1,7
SF,IH2003,2020-01-20 09:32:39.800,3077.8000,22159,0,323378100.000,0,-,-,-,-,3077.0000,3076.8000,3076.6000,3076.2000,3075.8000,3078.0000,3078.2000,3078.4000,3078.6000,3079.0000,3,2,2,1,1,2,1,4,1,7
SF,IH2003,2020-01-20 09:32:41.800,3077.8000,22159,0,323378100.000,0,-,-,-,-,3077.0000,3076.8000,3076.6000,3076.2000,3075.8000,3077.8000,3078.0000,3078.2000,3078.4000,3078.6000,3,2,2,1,1,7,2,1,4,1
SF,IH2003,2020-01-20 09:32:42.300,3077.8000,22159,0,323378100.000,0,-,-,-,-,3077.0000,3076.8000,3076.6000,3076.2000,3075.8000,3078.0000,3078.2000,3078.4000,3078.6000,3079.0000,3,2,2,1,1,2,1,4,1,7
SF,IH2003,2020-01-20 09:32:42.800,3077.8000,22159,0,323378100.000,0,-,-,-,-,3077.0000,3076.8000,3076.6000,3076.2000,3075.8000,3078.0000,3078.2000,3078.4000,3078.6000,3079.0000,3,2,2,1,1,2,1,4,1,7
SF,IH2003,2020-01-20 09:32:43.300,3077.8000,22159,0,323378100.000,0,-,-,-,-,3077.0000,3076.8000,3076.6000,3076.2000,3075.8000,3077.8000,3078.0000,3078.2000,3078.4000,3078.6000,3,2,2,1,1,1,2,1,4,1
SF,IH2003,2020-01-20 09:32:43.800,3077.8000,22159,0,323378100.000,0,-,-,-,-,3077.0000,3076.8000,3076.6000,3076.2000,3075.8000,3077.8000,3078.0000,3078.2000,3078.4000,3078.6000,3,2,2,1,1,1,2,1,4,1
SF,IH2003,2020-01-20 09:32:44.300,3077.8000,22159,0,323378100.000,0,-,-,-,-,3077.0000,3076.8000,3076.6000,3076.2000,3075.8000,3077.8000,3078.0000,3078.2000,3078.4000,3078.6000,3,2,2,1,1,1,2,1,4,1
SF,IH2003,2020-01-20 09:32:44.800,3077.8000,22158,-1,326148120.000,3,1,2,多平,S,3077.0000,3076.8000,3076.6000,3076.2000,3075.8000,3078.0000,3078.2000,3078.4000,3078.6000,3079.0000,3,2,2,1,1,2,1,4,1,7
SF,IH2003,2020-01-20 09:32:45.300,3077.8000,22158,0,326148120.000,0,-,-,-,-,3077.0000,3076.8000,3076.6000,3076.2000,3075.8000,3077.8000,3078.0000,3078.2000,3078.4000,3078.6000,3,2,2,1,1,1,2,1,4,1
SF,IH2003,2020-01-20 09:32:45.800,3077.8000,22157,-1,327071460.000,1,0,1,双平,S,3077.0000,3076.8000,3076.6000,3076.2000,3075.8000,3078.0000,3078.2000,3078.4000,3078.6000,3079.0000,3,2,2,1,1,2,1,4,1,7
SF,IH2003,2020-01-20 09:32:46.800,3077.8000,22157,0,327071460.000,0,-,-,-,-,3077.4000,3077.0000,3076.8000,3076.6000,3076.2000,3078.0000,3078.2000,3078.4000,3078.6000,3079.0000,1,3,2,2,1,2,1,4,1,7
SF,IH2003,2020-01-20 09:32:47.300,3077.8000,22157,0,327071460.000,0,-,-,-,-,3077.0000,3076.8000,3076.6000,3076.2000,3075.8000,3077.4000,3078.0000,3078.2000,3078.4000,3078.6000,3,2,2,1,1,1,2,1,4,2
SF,IH2003,2020-01-20 09:32:47.800,3077.8000,22157,0,327071460.000,0,-,-,-,-,3077.0000,3076.8000,3076.6000,3076.2000,3075.8000,3078.0000,3078.2000,3078.4000,3078.6000,3079.0000,3,2,2,1,1,2,1,4,1,7
SF,IH2003,2020-01-20 09:32:48.800,3077.8000,22157,0,327071460.000,0,-,-,-,-,3077.0000,3076.8000,3076.6000,3076.2000,3075.8000,3077.8000,3078.0000,3078.2000,3078.4000,3078.6000,3,2,2,1,1,7,2,3,4,1
SF,IH2003,2020-01-20 09:32:49.300,3077.0000,22159,2,329840760.000,3,2,1,空开,S,3076.8000,3076.6000,3076.2000,3075.8000,3075.0000,3077.0000,3078.0000,3078.2000,3078.4000,3078.6000,2,2,1,1,1,5,2,3,4,1
SF,IH2003,2020-01-20 09:32:49.800,3077.0000,22159,0,334456260.000,5,2,3,多换,S,3077.0000,3076.8000,3076.6000,3076.2000,3075.8000,3078.0000,3078.2000,3078.4000,3078.6000,3079.0000,3,2,2,1,1,2,3,4,1,7
SF,IH2003,2020-01-20 09:32:50.800,3077.0000,22159,0,335379360.000,1,0,1,多换,S,3077.0000,3076.8000,3076.6000,3076.2000,3075.8000,3078.0000,3078.2000,3078.4000,3078.6000,3079.0000,2,2,2,1,1,2,3,4,1,7
SF,IH2003,2020-01-20 09:32:51.300,3077.0000,22159,0,335379360.000,0,-,-,-,-,3077.0000,3076.8000,3076.6000,3076.2000,3075.8000,3077.8000,3078.0000,3078.2000,3078.4000,3078.6000,2,2,2,1,1,8,2,3,4,1
SF,IH2003,2020-01-20 09:32:51.800,3077.0000,22158,-1,336302460.000,1,0,1,双平,S,3077.0000,3076.8000,3076.6000,3076.2000,3075.8000,3077.8000,3078.0000,3078.2000,3078.4000,3078.6000,1,2,2,1,1,3,2,3,4,1
SF,IH2003,2020-01-20 09:32:52.300,3077.0000,22157,-1,337225560.000,1,0,1,双平,S,3076.8000,3076.6000,3076.2000,3075.8000,3075.0000,3077.8000,3078.0000,3078.2000,3078.4000,3078.6000,2,2,1,1,1,3,2,3,4,1
SF,IH2003,2020-01-20 09:32:52.800,3077.0000,22157,0,337225560.000,0,-,-,-,-,3076.8000,3076.6000,3076.2000,3075.8000,3075.0000,3077.8000,3078.0000,3078.2000,3078.4000,3078.6000,2,2,1,1,1,3,2,3,4,1
SF,IH2003,2020-01-20 09:32:53.800,3077.0000,22156,-1,338148660.000,1,0,1,双平,S,3076.8000,3076.6000,3076.2000,3075.8000,3075.0000,3077.0000,3077.8000,3078.0000,3078.2000,3078.4000,2,2,1,1,1,5,3,2,3,4
SF,IH2003,2020-01-20 09:32:54.300,3077.0000,22156,0,338148660.000,0,-,-,-,-,3076.8000,3076.6000,3076.2000,3075.8000,3075.0000,3077.0000,3077.8000,3078.0000,3078.2000,3078.4000,2,2,1,1,1,5,3,3,3,4
SF,IH2003,2020-01-20 09:32:55.800,3077.0000,22155,-1,339071760.000,1,0,1,双平,S,3076.8000,3076.6000,3076.2000,3075.8000,3075.0000,3077.0000,3077.8000,3078.0000,3078.2000,3078.4000,2,2,1,1,1,4,3,3,3,4
SF,IH2003,2020-01-20 09:32:56.300,3077.0000,22152,-3,341840940.000,3,0,3,双平,S,3076.6000,3076.2000,3075.8000,3075.0000,3074.6000,3077.0000,3077.8000,3078.0000,3078.2000,3078.4000,2,1,1,1,1,3,3,5,3,4
SF,IH2003,2020-01-20 09:32:58.300,3076.6000,22152,0,342763920.000,1,0,1,多换,S,3076.6000,3076.2000,3075.8000,3075.0000,3074.6000,3077.0000,3077.8000,3078.0000,3078.2000,3078.4000,1,1,1,1,1,3,3,5,3,4
SF,IH2003,2020-01-20 09:32:59.800,3076.6000,22152,0,343686900.000,1,0,1,多换,S,3076.2000,3075.8000,3075.0000,3074.6000,3074.0000,3077.0000,3077.8000,3078.0000,3078.2000,3078.4000,1,1,1,1,1,3,3,5,3,4
SF,IH2003,2020-01-20 09:33:00.300,3076.6000,22152,0,343686900.000,0,-,-,-,-,3076.8000,3076.2000,3075.8000,3075.0000,3074.6000,3077.0000,3077.8000,3078.0000,3078.2000,3078.4000,1,1,1,1,1,3,3,5,3,4
SF,IH2003,2020-01-20 09:33:00.800,3076.6000,22152,0,343686900.000,0,-,-,-,-,3076.8000,3076.2000,3075.8000,3075.0000,3074.6000,3077.0000,3077.8000,3078.0000,3078.2000,3078.4000,1,1,1,1,1,3,3,5,2,4
SF,IH2003,2020-01-20 09:33:01.800,3076.8000,22151,-1,344609940.000,1,0,1,双平,S,3076.2000,3075.8000,3075.0000,3074.6000,3074.0000,3077.0000,3077.8000,3078.0000,3078.2000,3078.4000,1,1,1,1,1,3,3,5,2,4
SF,IH2003,2020-01-20 09:33:02.300,3076.8000,22151,0,344609940.000,0,-,-,-,-,3076.2000,3075.8000,3075.0000,3074.6000,3074.0000,3076.8000,3077.0000,3077.8000,3078.0000,3078.2000,2,1,1,1,1,1,3,3,5,2
SF,IH2003,2020-01-20 09:33:02.800,3076.8000,22150,-1,345532980.000,1,0,1,双平,S,3076.6000,3076.2000,3075.8000,3075.0000,3074.6000,3077.0000,3077.8000,3078.0000,3078.2000,3078.4000,1,2,1,1,1,3,3,5,3,4
SF,IH2003,2020-01-20 09:33:03.300,3076.8000,22150,0,345532980.000,0,-,-,-,-,3076.2000,3075.8000,3075.0000,3074.6000,3074.0000,3077.0000,3077.8000,3078.0000,3078.2000,3078.4000,1,1,1,1,1,3,3,5,3,4
SF,IH2003,2020-01-20 09:33:04.800,3076.2000,22150,0,346455840.000,1,0,1,多换,S,3075.8000,3075.0000,3074.6000,3074.0000,3073.2000,3077.0000,3077.8000,3078.0000,3078.2000,3078.4000,1,1,1,1,1,3,3,5,3,4
SF,IH2003,2020-01-20 09:33:05.300,3076.2000,22150,0,346455840.000,0,-,-,-,-,3075.8000,3075.0000,3074.6000,3074.0000,3073.2000,3077.0000,3077.8000,3078.0000,3078.2000,3078.4000,1,1,1,1,1,3,3,5,3,4
SF,IH2003,2020-01-20 09:33:05.800,3076.2000,22150,0,346455840.000,0,-,-,-,-,3076.2000,3075.8000,3075.0000,3074.6000,3074.0000,3077.0000,3077.8000,3078.0000,3078.2000,3078.4000,2,2,1,1,1,3,3,5,3,4
SF,IH2003,2020-01-20 09:33:06.300,3076.2000,22150,0,348301560.000,2,1,1,多换,S,3075.8000,3075.0000,3074.6000,3074.0000,3073.2000,3076.4000,3076.8000,3077.0000,3077.8000,3078.0000,2,1,1,1,1,2,2,3,3,5
SF,IH2003,2020-01-20 09:33:06.800,3076.2000,22150,0,348301560.000,0,-,-,-,-,3075.8000,3075.0000,3074.6000,3074.0000,3073.2000,3076.8000,3077.0000,3077.8000,3078.0000,3078.2000,2,1,1,1,1,3,3,3,5,3
SF,IH2003,2020-01-20 09:33:07.300,3076.2000,22150,0,348301560.000,0,-,-,-,-,3075.8000,3075.0000,3074.6000,3074.0000,3073.2000,3076.8000,3077.0000,3077.8000,3078.0000,3078.2000,2,1,1,1,1,3,9,3,5,3
SF,IH2003,2020-01-20 09:33:08.300,3075.8000,22149,-1,350147040.000,2,0,2,多平,S,3075.0000,3074.6000,3074.0000,3073.2000,3073.0000,3075.8000,3076.6000,3076.8000,3077.0000,3077.8000,1,1,1,1,1,4,1,3,9,3
SF,IH2003,2020-01-20 09:33:08.800,3075.8000,22144,-5,354760740.000,5,0,5,双平,S,3076.0000,3075.8000,3075.6000,3075.2000,3075.0000,3076.6000,3076.8000,3077.0000,3077.8000,3078.0000,1,6,1,2,3,1,1,9,3,5
SF,IH2003,2020-01-20 09:33:09.300,3077.0000,22141,-3,357529860.000,3,0,3,双平,S,3076.6000,3075.8000,3075.6000,3075.2000,3075.0000,3077.0000,3077.8000,3078.0000,3078.2000,3078.4000,5,1,2,2,3,8,3,5,3,4
SF,IH2003,2020-01-20 09:33:09.800,3077.0000,22137,-4,362145360.000,5,0,5,多平,S,3075.8000,3075.6000,3075.2000,3075.0000,3074.8000,3077.0000,3077.8000,3078.0000,3078.2000,3078.4000,1,2,2,1,1,3,3,5,3,4
SF,IH2003,2020-01-20 09:33:10.300,3077.0000,22136,-1,363991260.000,2,0,2,多平,S,3076.0000,3075.8000,3075.6000,3075.2000,3075.0000,3077.0000,3077.8000,3078.0000,3078.2000,3078.4000,2,2,2,1,1,2,3,5,3,4
SF,IH2003,2020-01-20 09:33:12.300,3076.0000,22134,-2,365836860.000,2,0,2,双平,S,3075.8000,3075.6000,3075.2000,3075.0000,3074.8000,3077.0000,3077.8000,3078.0000,3078.2000,3078.4000,2,2,1,1,1,2,3,4,3,4
SF,IH2003,2020-01-20 09:33:12.800,3076.0000,22134,0,365836860.000,0,-,-,-,-,3075.8000,3075.6000,3075.2000,3075.0000,3074.8000,3076.8000,3077.0000,3077.8000,3078.0000,3078.2000,1,2,1,1,1,11,2,2,4,3
SF,IH2003,2020-01-20 09:33:13.300,3076.0000,22134,0,365836860.000,0,-,-,-,-,3076.0000,3075.8000,3075.6000,3075.2000,3075.0000,3076.8000,3077.0000,3077.6000,3077.8000,3078.0000,2,1,2,1,1,11,2,1,2,4
SF,IH2003,2020-01-20 09:33:13.800,3076.0000,22134,0,365836860.000,0,-,-,-,-,3076.0000,3075.8000,3075.6000,3075.2000,3075.0000,3076.8000,3077.0000,3077.6000,3077.8000,3078.0000,2,2,2,1,1,3,2,1,2,4
SF,IH2003,2020-01-20 09:33:15.800,3076.0000,22134,0,365836860.000,0,-,-,-,-,3076.0000,3075.8000,3075.6000,3075.2000,3075.0000,3076.8000,3077.0000,3077.6000,3077.8000,3078.0000,4,2,2,1,1,3,2,1,2,4
SF,IH2003,2020-01-20 09:33:16.800,3076.0000,22134,0,365836860.000,0,-,-,-,-,3076.0000,3075.8000,3075.6000,3075.2000,3075.0000,3076.8000,3077.0000,3077.6000,3077.8000,3078.0000,4,2,2,1,1,3,3,1,2,4
SF,IH2003,2020-01-20 09:33:17.300,3076.0000,22134,0,365836860.000,0,-,-,-,-,3076.0000,3075.8000,3075.6000,3075.2000,3075.0000,3076.8000,3077.0000,3077.6000,3077.8000,3078.0000,4,2,2,1,1,2,3,1,2,4
SF,IH2003,2020-01-20 09:33:17.800,3076.0000,22136,2,367682460.000,2,2,0,双开,S,3076.0000,3075.8000,3075.6000,3075.2000,3075.0000,3076.8000,3077.0000,3077.6000,3077.8000,3078.0000,2,2,2,1,1,2,3,1,2,4
SF,IH2003,2020-01-20 09:33:18.300,3076.0000,22136,0,367682460.000,0,-,-,-,-,3076.0000,3075.8000,3075.6000,3075.2000,3075.0000,3076.8000,3077.0000,3077.6000,3077.8000,3078.0000,2,1,2,1,1,2,3,1,2,4
SF,IH2003,2020-01-20 09:33:18.800,3076.0000,22136,0,367682460.000,0,-,-,-,-,3076.0000,3075.8000,3075.6000,3075.2000,3075.0000,3076.8000,3077.0000,3077.6000,3077.8000,3078.0000,3,2,2,1,1,2,3,1,2,4
SF,IH2003,2020-01-20 09:33:20.300,3076.8000,22136,0,368605500.000,1,0,1,多换,S,3076.0000,3075.8000,3075.6000,3075.2000,3075.0000,3076.8000,3077.0000,3077.6000,3077.8000,3078.0000,3,2,2,1,1,2,3,1,2,4
SF,IH2003,2020-01-20 09:33:21.300,3076.0000,22136,0,369528300.000,1,0,1,多换,S,3076.0000,3075.8000,3075.6000,3075.2000,3075.0000,3076.8000,3077.0000,3077.6000,3077.8000,3078.0000,2,2,2,1,1,2,9,1,2,4
SF,IH2003,2020-01-20 09:33:22.300,3076.0000,22136,0,369528300.000,0,-,-,-,-,3076.0000,3075.8000,3075.6000,3075.2000,3075.0000,3076.6000,3076.8000,3077.0000,3077.6000,3077.8000,2,2,2,1,1,1,2,9,1,2
SF,IH2003,2020-01-20 09:33:22.800,3076.0000,22136,0,369528300.000,0,-,-,-,-,3076.0000,3075.8000,3075.6000,3075.2000,3075.0000,3076.6000,3076.8000,3077.0000,3077.6000,3077.8000,2,2,2,1,1,1,1,9,1,2
SF,IH2003,2020-01-20 09:33:23.300,3076.6000,22136,0,370451280.000,1,0,1,多换,S,3076.0000,3075.8000,3075.6000,3075.2000,3075.0000,3076.8000,3077.0000,3077.6000,3077.8000,3078.0000,2,2,2,1,1,1,9,1,2,4
SF,IH2003,2020-01-20 09:33:23.800,3076.6000,22136,0,370451280.000,0,-,-,-,-,3076.0000,3075.8000,3075.6000,3075.2000,3075.0000,3076.8000,3077.0000,3077.6000,3077.8000,3078.0000,2,3,2,1,1,1,9,1,2,4
SF,IH2003,2020-01-20 09:33:24.300,3076.0000,22135,-1,372296880.000,2,0,2,多平,S,3075.8000,3075.6000,3075.2000,3075.0000,3074.8000,3076.8000,3077.0000,3077.6000,3077.8000,3078.0000,3,2,1,1,1,1,9,1,2,4
SF,IH2003,2020-01-20 09:33:25.800,3076.0000,22135,0,372296880.000,0,-,-,-,-,3075.8000,3075.6000,3075.2000,3075.0000,3074.8000,3076.8000,3077.0000,3077.6000,3077.8000,3078.0000,3,2,1,2,1,1,9,1,2,4
SF,IH2003,2020-01-20 09:33:27.300,3076.0000,22135,0,372296880.000,0,-,-,-,-,3075.8000,3075.6000,3075.2000,3075.0000,3074.8000,3076.8000,3077.0000,3077.6000,3077.8000,3078.0000,4,2,1,2,1,1,9,1,2,4
SF,IH2003,2020-01-20 09:33:27.800,3076.0000,22135,0,372296880.000,0,-,-,-,-,3075.8000,3075.6000,3075.2000,3075.0000,3074.8000,3076.8000,3077.0000,3077.6000,3077.8000,3078.0000,3,2,1,2,1,2,9,1,2,4
SF,IH2003,2020-01-20 09:33:28.800,3076.0000,22135,0,372296880.000,0,-,-,-,-,3075.8000,3075.6000,3075.2000,3075.0000,3074.8000,3076.8000,3077.0000,3077.6000,3077.8000,3078.0000,3,2,1,2,1,1,9,1,2,4
SF,IH2003,2020-01-20 09:33:29.300,3076.0000,22135,0,372296880.000,0,-,-,-,-,3076.0000,3075.8000,3075.6000,3075.2000,3075.0000,3076.8000,3077.0000,3077.6000,3077.8000,3078.0000,1,3,3,1,2,1,9,1,2,4
SF,IH2003,2020-01-20 09:33:29.800,3076.0000,22135,0,372296880.000,0,-,-,-,-,3076.0000,3075.8000,3075.6000,3075.2000,3075.0000,3076.8000,3077.0000,3077.6000,3077.8000,3078.0000,1,3,3,1,2,1,9,1,2,4
SF,IH2003,2020-01-20 09:33:30.300,3076.0000,22135,0,372296880.000,0,-,-,-,-,3076.0000,3075.8000,3075.6000,3075.2000,3075.0000,3076.8000,3077.0000,3077.6000,3077.8000,3078.0000,2,3,3,1,2,1,9,1,2,4
SF,IH2003,2020-01-20 09:33:30.800,3076.0000,22134,-1,373219680.000,1,0,1,双平,S,3076.0000,3075.8000,3075.6000,3075.2000,3075.0000,3076.8000,3077.0000,3077.6000,3077.8000,3078.0000,2,3,3,1,2,1,9,1,2,4
SF,IH2003,2020-01-20 09:33:31.300,3076.8000,22134,0,374142720.000,1,0,1,多换,S,3076.8000,3076.0000,3075.8000,3075.6000,3075.2000,3077.0000,3077.6000,3078.0000,3078.2000,3078.4000,2,2,3,3,1,9,1,2,3,3
SF,IH2003,2020-01-20 09:33:31.800,3076.8000,22132,-2,377834880.000,4,1,3,多平,S,3076.0000,3075.8000,3075.6000,3075.2000,3075.0000,3076.8000,3077.0000,3077.6000,3078.0000,3078.2000,2,3,3,1,2,6,10,1,2,3
SF,IH2003,2020-01-20 09:33:32.300,3076.8000,22132,0,377834880.000,0,-,-,-,-,3076.0000,3075.8000,3075.6000,3075.2000,3075.0000,3076.8000,3077.0000,3077.6000,3078.0000,3078.2000,2,3,3,1,2,2,9,1,2,3
SF,IH2003,2020-01-20 09:33:32.800,3076.0000,22131,-1,378757680.000,1,0,1,双平,S,3076.0000,3075.8000,3075.6000,3075.2000,3075.0000,3076.8000,3077.0000,3077.6000,3078.0000,3078.2000,1,3,3,1,2,3,9,1,2,3
SF,IH2003,2020-01-20 09:33:33.300,3076.0000,22131,0,379680480.000,1,0,1,多换,S,3075.8000,3075.6000,3075.2000,3075.0000,3074.8000,3076.8000,3077.0000,3077.6000,3078.0000,3078.2000,3,3,1,2,1,3,9,1,2,3
SF,IH2003,2020-01-20 09:33:33.800,3076.0000,22131,0,379680480.000,0,-,-,-,-,3076.0000,3075.8000,3075.6000,3075.2000,3075.0000,3076.8000,3077.0000,3077.6000,3078.0000,3078.2000,2,3,3,1,2,3,9,1,2,3
SF,IH2003,2020-01-20 09:33:34.300,3076.0000,22131,0,379680480.000,0,-,-,-,-,3075.8000,3075.6000,3075.2000,3075.0000,3074.8000,3076.0000,3076.6000,3076.8000,3077.0000,3077.6000,3,3,1,2,1,1,1,3,9,1
SF,IH2003,2020-01-20 09:33:34.800,3076.0000,22130,-1,380603280.000,1,0,1,双平,S,3075.8000,3075.6000,3075.0000,3074.8000,3074.6000,3076.6000,3076.8000,3077.0000,3077.6000,3078.0000,3,3,2,1,1,8,3,9,1,2
SF,IH2003,2020-01-20 09:33:35.300,3076.0000,22130,0,380603280.000,0,-,-,-,-,3075.8000,3075.6000,3075.0000,3074.8000,3074.6000,3076.4000,3076.6000,3076.8000,3077.0000,3077.6000,3,3,2,1,1,1,8,3,9,1
SF,IH2003,2020-01-20 09:33:35.800,3075.8000,22130,0,381526020.000,1,0,1,多换,S,3075.8000,3075.6000,3075.0000,3074.8000,3074.6000,3076.4000,3076.6000,3076.8000,3077.0000,3077.6000,2,3,2,1,1,1,8,3,9,1
SF,IH2003,2020-01-20 09:33:36.300,3075.8000,22130,0,381526020.000,0,-,-,-,-,3076.0000,3075.8000,3075.6000,3075.0000,3074.8000,3076.4000,3076.6000,3076.8000,3077.0000,3077.6000,2,2,3,2,1,1,8,3,9,1
SF,IH2003,2020-01-20 09:33:36.800,3075.8000,22130,0,381526020.000,0,-,-,-,-,3075.8000,3075.6000,3075.0000,3074.8000,3074.6000,3076.4000,3076.6000,3076.8000,3077.0000,3077.6000,2,3,2,1,1,1,8,3,9,1
SF,IH2003,2020-01-20 09:33:37.300,3075.8000,22130,0,381526020.000,0,-,-,-,-,3075.8000,3075.6000,3075.0000,3074.8000,3074.6000,3076.0000,3076.2000,3076.4000,3076.6000,3076.8000,2,3,2,1,1,1,9,2,1,3
SF,IH2003,2020-01-20 09:33:37.800,3075.6000,22129,-1,384294180.000,3,1,2,多平,S,3075.6000,3075.0000,3074.8000,3074.6000,3074.0000,3075.8000,3076.0000,3076.2000,3076.4000,3076.6000,2,2,1,1,1,2,1,7,2,2
SF,IH2003,2020-01-20 09:33:38.300,3075.8000,22129,0,390753240.000,7,3,4,多换,S,3075.0000,3074.8000,3074.6000,3074.0000,3073.2000,3075.6000,3076.0000,3076.2000,3076.4000,3076.6000,2,1,1,1,1,1,1,7,1,2
SF,IH2003,2020-01-20 09:33:38.800,3075.6000,22127,-2,393521340.000,3,0,3,多平,S,3075.6000,3075.0000,3074.8000,3074.6000,3074.0000,3076.6000,3076.8000,3077.0000,3077.6000,3078.0000,3,2,1,1,1,2,1,11,1,2
SF,IH2003,2020-01-20 09:33:39.300,3075.6000,22126,-1,394444020.000,1,0,1,双平,S,3075.0000,3074.8000,3074.6000,3074.0000,3073.2000,3075.8000,3076.4000,3076.6000,3076.8000,3077.0000,2,1,1,1,1,4,9,3,1,11
SF,IH2003,2020-01-20 09:33:39.800,3075.6000,22126,0,395366700.000,1,0,1,多换,S,3075.6000,3075.2000,3075.0000,3074.8000,3074.6000,3076.4000,3076.6000,3076.8000,3077.0000,3077.6000,4,2,2,1,1,8,3,1,11,1
SF,IH2003,2020-01-20 09:33:40.300,3076.4000,22126,0,396289620.000,1,0,1,多换,S,3075.6000,3075.2000,3075.0000,3074.8000,3074.6000,3076.4000,3076.6000,3076.8000,3077.0000,3077.6000,4,2,2,1,1,7,2,1,11,1
SF,IH2003,2020-01-20 09:33:40.800,3075.6000,22126,0,397212300.000,1,0,1,多换,S,3075.6000,3075.2000,3075.0000,3074.8000,3074.6000,3076.4000,3076.6000,3076.8000,3077.0000,3077.6000,3,2,2,1,1,7,2,1,11,1
SF,IH2003,2020-01-20 09:33:41.300,3076.4000,22127,1,399057900.000,2,1,1,空开,S,3075.6000,3075.2000,3075.0000,3074.8000,3074.6000,3076.4000,3076.6000,3076.8000,3077.0000,3077.6000,2,2,2,1,1,6,2,1,11,1
SF,IH2003,2020-01-20 09:33:41.800,3075.6000,22127,0,400903260.000,2,1,1,多换,S,3075.2000,3075.0000,3074.8000,3074.6000,3074.0000,3075.6000,3076.4000,3076.6000,3076.8000,3077.0000,2,2,1,1,1,5,6,2,1,11
SF,IH2003,2020-01-20 09:33:42.300,3075.6000,22122,-5,405516660.000,5,0,5,双平,S,3075.6000,3075.4000,3075.2000,3075.0000,3074.8000,3076.4000,3076.6000,3076.8000,3077.0000,3077.6000,1,2,2,2,1,6,2,1,11,1
SF,IH2003,2020-01-20 09:33:42.800,3075.6000,22122,0,405516660.000,0,-,-,-,-,3075.8000,3075.6000,3075.4000,3075.2000,3075.0000,3076.4000,3076.6000,3076.8000,3077.0000,3077.6000,1,1,1,2,2,5,2,1,11,1
SF,IH2003,2020-01-20 09:33:43.300,3075.6000,22122,0,406439340.000,1,0,1,多换,S,3075.4000,3075.0000,3074.8000,3074.6000,3074.0000,3076.4000,3076.6000,3076.8000,3077.0000,3077.6000,1,2,1,1,1,5,2,1,11,1
SF,IH2003,2020-01-20 09:33:43.800,3075.6000,22121,-1,407362020.000,1,0,1,双平,S,3075.6000,3075.0000,3074.8000,3074.6000,3074.0000,3076.2000,3076.4000,3076.6000,3076.8000,3077.0000,2,2,1,1,1,1,5,2,1,11
SF,IH2003,2020-01-20 09:33:44.300,3075.6000,22121,0,407362020.000,0,-,-,-,-,3075.6000,3075.0000,3074.8000,3074.6000,3074.0000,3076.0000,3076.6000,3076.8000,3077.0000,3077.6000,2,2,1,1,1,5,2,1,11,1
SF,IH2003,2020-01-20 09:33:44.800,3075.6000,22121,0,407362020.000,0,-,-,-,-,3076.4000,3075.6000,3075.0000,3074.8000,3074.6000,3076.6000,3076.8000,3077.0000,3077.6000,3078.0000,1,2,2,1,1,2,1,11,1,2
SF,IH2003,2020-01-20 09:33:45.300,3076.4000,22121,0,408284940.000,1,0,1,多换,S,3075.6000,3075.0000,3074.8000,3074.6000,3074.0000,3076.2000,3076.4000,3076.6000,3076.8000,3077.0000,2,2,1,1,1,5,4,2,1,11
SF,IH2003,2020-01-20 09:33:45.800,3075.6000,22120,-1,409207620.000,1,0,1,双平,S,3075.6000,3075.0000,3074.8000,3074.6000,3074.0000,3076.2000,3076.4000,3076.6000,3076.8000,3077.0000,1,2,1,1,1,1,9,2,1,11
SF,IH2003,2020-01-20 09:33:46.300,3075.6000,22120,0,409207620.000,0,-,-,-,-,3075.6000,3075.0000,3074.8000,3074.6000,3074.0000,3076.4000,3076.6000,3076.8000,3077.0000,3077.6000,1,2,1,1,1,9,2,1,11,1
SF,IH2003,2020-01-20 09:33:46.800,3075.6000,22121,1,410130300.000,1,1,0,双开,S,3075.0000,3074.6000,3074.0000,3073.2000,3073.0000,3076.4000,3076.6000,3076.8000,3077.0000,3077.6000,2,1,1,1,1,4,2,1,11,1
SF,IH2003,2020-01-20 09:33:47.300,3075.6000,22121,0,410130300.000,0,-,-,-,-,3075.2000,3075.0000,3074.6000,3074.0000,3073.2000,3076.4000,3076.6000,3076.8000,3077.0000,3077.6000,6,2,1,1,1,4,2,1,11,1
SF,IH2003,2020-01-20 09:33:47.800,3075.6000,22121,0,410130300.000,0,-,-,-,-,3075.2000,3075.0000,3074.6000,3074.0000,3073.2000,3076.4000,3076.6000,3076.8000,3077.0000,3077.6000,4,2,1,1,1,4,2,1,11,1
SF,IH2003,2020-01-20 09:33:48.800,3075.6000,22121,0,410130300.000,0,-,-,-,-,3075.2000,3075.0000,3074.6000,3074.0000,3073.2000,3076.4000,3076.6000,3076.8000,3077.0000,3077.6000,4,2,1,1,1,4,2,3,11,1
SF,IH2003,2020-01-20 09:33:50.300,3075.6000,22121,0,410130300.000,0,-,-,-,-,3075.2000,3075.0000,3074.6000,3074.0000,3073.2000,3076.4000,3076.6000,3076.8000,3077.0000,3077.6000,4,2,2,1,1,4,2,3,12,1
SF,IH2003,2020-01-20 09:33:50.800,3075.6000,22121,0,410130300.000,0,-,-,-,-,3075.2000,3075.0000,3074.6000,3074.0000,3073.2000,3076.2000,3076.4000,3076.6000,3076.8000,3077.0000,4,2,2,1,1,1,4,2,3,12
SF,IH2003,2020-01-20 09:33:51.800,3075.6000,22121,0,410130300.000,0,-,-,-,-,3075.2000,3075.0000,3074.6000,3074.0000,3073.2000,3076.2000,3076.4000,3076.6000,3076.8000,3077.0000,4,2,2,1,1,1,4,2,3,12
SF,IH2003,2020-01-20 09:33:52.300,3075.6000,22121,0,410130300.000,0,-,-,-,-,3075.2000,3075.0000,3074.6000,3074.0000,3073.2000,3076.2000,3076.4000,3076.6000,3076.8000,3077.0000,4,2,2,1,1,1,4,2,3,12
SF,IH2003,2020-01-20 09:33:52.800,3075.4000,22120,-1,411975780.000,2,0,2,多平,S,3075.2000,3075.0000,3074.6000,3074.0000,3073.2000,3076.4000,3076.6000,3076.8000,3077.0000,3077.6000,5,2,2,1,1,4,2,3,12,1
SF,IH2003,2020-01-20 09:33:53.300,3075.4000,22120,0,411975780.000,0,-,-,-,-,3075.4000,3075.2000,3075.0000,3074.6000,3074.0000,3076.4000,3076.6000,3076.8000,3077.0000,3077.6000,1,5,2,2,1,4,2,3,12,1
SF,IH2003,2020-01-20 09:33:53.800,3075.4000,22120,0,411975780.000,0,-,-,-,-,3075.4000,3075.2000,3075.0000,3074.6000,3074.0000,3076.4000,3076.6000,3076.8000,3077.0000,3077.6000,4,5,2,2,1,4,2,3,12,1
SF,IH2003,2020-01-20 09:33:54.300,3075.4000,22119,-1,412898400.000,1,0,1,双平,S,3075.4000,3075.2000,3075.0000,3074.6000,3074.0000,3076.4000,3076.6000,3076.8000,3077.0000,3077.6000,2,5,2,2,1,4,2,3,12,1
SF,IH2003,2020-01-20 09:33:54.800,3075.2000,22121,2,414743520.000,2,2,0,双开,S,3075.0000,3074.6000,3074.0000,3073.2000,3073.0000,3075.2000,3076.4000,3076.6000,3076.8000,3077.0000,2,2,1,1,1,8,4,2,3,12
SF,IH2003,2020-01-20 09:33:55.300,3075.2000,22121,0,422124000.000,8,4,4,多换,S,3075.2000,3075.0000,3074.6000,3074.0000,3073.2000,3076.4000,3076.6000,3076.8000,3077.0000,3077.6000,6,4,2,1,1,4,2,3,12,1
SF,IH2003,2020-01-20 09:33:55.800,3075.2000,22121,0,422124000.000,0,-,-,-,-,3075.2000,3075.0000,3074.6000,3074.0000,3073.2000,3076.0000,3076.2000,3076.4000,3076.6000,3076.8000,4,4,2,1,1,1,3,4,2,3
SF,IH2003,2020-01-20 09:33:56.300,3076.0000,22120,-1,423046800.000,1,0,1,双平,S,3075.2000,3075.0000,3074.6000,3074.0000,3073.2000,3076.2000,3076.4000,3076.6000,3076.8000,3077.0000,4,2,2,1,1,2,4,2,3,12
SF,IH2003,2020-01-20 09:33:57.300,3076.0000,22120,0,423046800.000,0,-,-,-,-,3075.2000,3075.0000,3074.6000,3074.0000,3073.2000,3076.2000,3076.4000,3076.6000,3076.8000,3077.0000,4,2,2,1,1,2,4,3,3,12
SF,IH2003,2020-01-20 09:33:57.800,3076.2000,22119,-1,424892520.000,2,0,2,多平,S,3075.6000,3075.4000,3075.2000,3075.0000,3074.6000,3076.2000,3076.4000,3076.6000,3076.8000,3077.0000,1,1,3,2,2,1,4,3,3,12
SF,IH2003,2020-01-20 09:33:58.300,3076.2000,22119,0,424892520.000,0,-,-,-,-,3075.2000,3075.0000,3074.6000,3074.0000,3073.2000,3075.8000,3076.0000,3076.2000,3076.4000,3076.6000,3,2,2,1,1,6,1,1,4,3
SF,IH2003,2020-01-20 09:33:58.800,3075.8000,22114,-5,429506220.000,5,0,5,双平,S,3075.2000,3075.0000,3074.6000,3074.0000,3073.2000,3075.8000,3076.0000,3076.2000,3076.4000,3076.6000,3,2,2,1,1,1,1,1,4,3
SF,IH2003,2020-01-20 09:33:59.300,3075.8000,22114,0,429506220.000,0,-,-,-,-,3075.2000,3075.0000,3074.6000,3074.0000,3073.2000,3075.8000,3076.0000,3076.2000,3076.4000,3076.6000,3,2,2,1,1,3,1,1,4,3
SF,IH2003,2020-01-20 09:33:59.800,3075.8000,22112,-2,432274440.000,3,0,3,多平,S,3075.8000,3075.2000,3075.0000,3074.6000,3074.0000,3076.0000,3076.2000,3076.4000,3076.6000,3076.8000,1,3,2,2,1,1,1,4,3,3
SF,IH2003,2020-01-20 09:34:00.300,3075.8000,22110,-2,434119920.000,2,0,2,双平,S,3075.2000,3075.0000,3074.6000,3074.0000,3073.2000,3076.0000,3076.2000,3076.4000,3076.6000,3076.8000,3,2,2,1,1,2,1,4,3,3
SF,IH2003,2020-01-20 09:34:00.800,3076.0000,22109,-1,435042720.000,1,0,1,双平,S,3075.2000,3075.0000,3074.6000,3074.0000,3073.2000,3076.0000,3076.2000,3076.4000,3076.6000,3076.8000,3,2,2,1,1,1,1,4,3,3
SF,IH2003,2020-01-20 09:34:01.800,3076.0000,22109,0,435042720.000,0,-,-,-,-,3075.4000,3075.2000,3075.0000,3074.6000,3074.0000,3076.0000,3076.2000,3076.4000,3076.6000,3076.8000,1,3,2,2,1,1,1,4,3,3
SF,IH2003,2020-01-20 09:34:02.300,3076.0000,22109,0,435042720.000,0,-,-,-,-,3075.2000,3075.0000,3074.6000,3074.0000,3073.2000,3076.0000,3076.2000,3076.4000,3076.6000,3076.8000,3,2,2,1,1,1,1,4,3,3
SF,IH2003,2020-01-20 09:34:02.800,3075.2000,22107,-2,437810640.000,3,0,3,多平,S,3075.2000,3075.0000,3074.6000,3074.0000,3073.2000,3076.2000,3076.4000,3076.6000,3076.8000,3077.0000,1,2,2,1,1,1,4,3,3,13
SF,IH2003,2020-01-20 09:34:03.300,3075.2000,22107,0,437810640.000,0,-,-,-,-,3075.2000,3075.0000,3074.6000,3074.0000,3073.2000,3076.0000,3076.2000,3076.4000,3076.6000,3076.8000,1,3,2,1,1,1,1,3,3,3
SF,IH2003,2020-01-20 09:34:04.300,3076.0000,22105,-2,439656240.000,2,0,2,双平,S,3075.4000,3075.2000,3075.0000,3074.8000,3074.6000,3076.4000,3076.6000,3076.8000,3077.0000,3077.6000,1,2,3,1,2,3,3,3,13,1
SF,IH2003,2020-01-20 09:34:04.800,3076.8000,22100,-5,446116980.000,7,1,6,多平,S,3076.4000,3076.2000,3075.8000,3075.6000,3075.4000,3076.8000,3077.0000,3077.6000,3078.0000,3078.2000,1,2,1,1,4,2,13,1,2,3
SF,IH2003,2020-01-20 09:34:05.300,3076.8000,22098,-2,447963060.000,2,0,2,双平,S,3076.8000,3076.2000,3075.6000,3075.4000,3075.2000,3077.0000,3077.6000,3078.0000,3078.2000,3078.6000,2,2,1,4,3,13,1,2,3,2
SF,IH2003,2020-01-20 09:34:05.800,3077.0000,22097,-1,450732360.000,3,1,2,多平,S,3076.8000,3076.2000,3075.6000,3075.4000,3075.2000,3077.0000,3077.6000,3078.0000,3078.2000,3078.6000,1,2,1,4,3,10,1,2,3,2
SF,IH2003,2020-01-20 09:34:06.300,3076.8000,22094,-3,453501540.000,3,0,3,双平,S,3076.2000,3075.6000,3075.4000,3075.2000,3075.0000,3076.8000,3077.0000,3077.6000,3078.0000,3078.2000,2,1,4,3,2,2,10,1,2,3
SF,IH2003,2020-01-20 09:34:06.800,3077.0000,22093,-1,454424640.000,1,0,1,双平,S,3076.4000,3076.2000,3075.6000,3075.4000,3075.2000,3077.0000,3077.6000,3078.0000,3078.2000,3078.6000,1,2,1,4,3,9,1,2,3,2
SF,IH2003,2020-01-20 09:34:07.300,3077.0000,22093,0,454424640.000,0,-,-,-,-,3076.2000,3075.6000,3075.4000,3075.2000,3075.0000,3077.0000,3077.6000,3078.0000,3078.2000,3078.6000,2,1,4,2,2,9,1,2,3,2
SF,IH2003,2020-01-20 09:34:07.800,3077.0000,22093,0,454424640.000,0,-,-,-,-,3076.4000,3076.2000,3075.6000,3075.4000,3075.2000,3077.0000,3077.6000,3078.0000,3078.2000,3078.6000,2,2,1,4,2,9,1,2,1,2
SF,IH2003,2020-01-20 09:34:08.300,3077.0000,22093,0,454424640.000,0,-,-,-,-,3076.4000,3076.2000,3075.6000,3075.4000,3075.2000,3077.0000,3077.6000,3078.0000,3078.2000,3078.6000,2,2,1,3,1,9,1,2,2,2
SF,IH2003,2020-01-20 09:34:08.800,3076.4000,22092,-1,455347560.000,1,0,1,双平,S,3076.2000,3075.6000,3075.4000,3075.2000,3075.0000,3076.4000,3076.6000,3077.0000,3077.6000,3078.0000,2,1,3,1,2,1,2,9,1,2
SF,IH2003,2020-01-20 09:34:09.300,3076.4000,22092,0,455347560.000,0,-,-,-,-,3076.2000,3075.6000,3075.4000,3075.2000,3075.0000,3076.6000,3077.0000,3077.6000,3078.0000,3078.2000,2,1,3,1,2,2,9,1,2,2
SF,IH2003,2020-01-20 09:34:09.800,3076.2000,22090,-2,457193400.000,2,0,2,双平,S,3076.2000,3075.6000,3075.4000,3075.2000,3075.0000,3076.6000,3077.0000,3077.6000,3078.0000,3078.2000,1,1,3,1,2,1,9,1,2,2
SF,IH2003,2020-01-20 09:34:10.300,3076.2000,22089,-1,458116260.000,1,0,1,双平,S,3075.6000,3075.4000,3075.2000,3075.0000,3074.8000,3076.6000,3077.0000,3077.6000,3078.0000,3078.2000,1,3,1,2,1,1,5,1,2,2
SF,IH2003,2020-01-20 09:34:10.800,3076.2000,22089,0,458116260.000,0,-,-,-,-,3075.6000,3075.4000,3075.2000,3075.0000,3074.8000,3076.2000,3076.4000,3076.6000,3077.0000,3077.6000,1,2,1,2,1,1,1,1,5,1
SF,IH2003,2020-01-20 09:34:11.300,3076.2000,22089,0,458116260.000,0,-,-,-,-,3075.8000,3075.6000,3075.2000,3075.0000,3074.8000,3076.6000,3077.0000,3077.6000,3078.0000,3078.2000,2,1,1,2,1,1,5,1,2,2
SF,IH2003,2020-01-20 09:34:11.800,3075.6000,22088,-1,459038940.000,1,0,1,双平,S,3075.2000,3075.0000,3074.8000,3074.6000,3074.0000,3075.6000,3076.6000,3077.0000,3077.6000,3078.0000,1,2,1,2,1,1,1,5,1,2
SF,IH2003,2020-01-20 09:34:12.300,3075.6000,22087,-1,459961620.000,1,0,1,双平,S,3075.8000,3075.6000,3075.4000,3075.2000,3075.0000,3076.6000,3077.0000,3077.6000,3078.0000,3078.2000,3,6,4,2,2,1,6,1,2,2
SF,IH2003,2020-01-20 09:34:12.800,3075.6000,22087,0,459961620.000,0,-,-,-,-,3075.8000,3075.6000,3075.4000,3075.2000,3075.0000,3076.6000,3077.0000,3077.6000,3078.0000,3078.2000,1,4,3,2,2,1,6,1,2,2
SF,IH2003,2020-01-20 09:34:13.300,3075.6000,22087,0,459961620.000,0,-,-,-,-,3075.8000,3075.6000,3075.4000,3075.2000,3075.0000,3076.4000,3076.6000,3077.0000,3077.6000,3078.0000,1,4,3,2,2,1,1,6,1,2
SF,IH2003,2020-01-20 09:34:13.800,3076.6000,22086,-1,460884600.000,1,0,1,双平,S,3075.8000,3075.6000,3075.4000,3075.2000,3075.0000,3076.6000,3077.0000,3077.4000,3077.6000,3078.0000,1,4,3,2,2,1,6,1,1,2
SF,IH2003,2020-01-20 09:34:14.800,3075.8000,22085,-1,461807340.000,1,0,1,双平,S,3075.6000,3075.4000,3075.2000,3075.0000,3074.8000,3076.6000,3077.0000,3077.4000,3077.6000,3078.0000,4,3,2,2,1,1,6,1,1,2
SF,IH2003,2020-01-20 09:34:15.300,3075.8000,22085,0,461807340.000,0,-,-,-,-,3076.2000,3075.6000,3075.4000,3075.2000,3075.0000,3076.4000,3076.6000,3077.0000,3077.4000,3077.6000,2,4,3,2,2,1,1,6,1,1
SF,IH2003,2020-01-20 09:34:15.800,3075.8000,22085,0,461807340.000,0,-,-,-,-,3076.4000,3075.6000,3075.4000,3075.2000,3075.0000,3076.6000,3076.8000,3077.0000,3077.4000,3077.6000,1,4,3,2,2,1,1,6,1,1
SF,IH2003,2020-01-20 09:34:16.300,3076.4000,22084,-1,462730260.000,1,0,1,双平,S,3075.6000,3075.4000,3075.2000,3075.0000,3074.8000,3076.4000,3076.6000,3076.8000,3077.0000,3077.4000,4,3,2,2,1,2,1,1,6,1
SF,IH2003,2020-01-20 09:34:16.800,3076.4000,22084,0,462730260.000,0,-,-,-,-,3075.6000,3075.4000,3075.2000,3075.0000,3074.8000,3076.4000,3076.6000,3076.8000,3077.0000,3077.4000,4,3,2,2,1,2,1,1,6,1
SF,IH2003,2020-01-20 09:34:17.300,3075.6000,22083,-1,463652940.000,1,0,1,双平,S,3075.6000,3075.4000,3075.2000,3075.0000,3074.8000,3076.4000,3076.6000,3076.8000,3077.0000,3077.4000,3,3,2,2,1,2,1,1,6,1
SF,IH2003,2020-01-20 09:34:17.800,3076.4000,22083,0,464575860.000,1,0,1,多换,S,3075.6000,3075.4000,3075.2000,3075.0000,3074.8000,3076.4000,3076.6000,3076.8000,3077.0000,3077.4000,3,3,2,2,1,1,1,1,6,1
SF,IH2003,2020-01-20 09:34:18.300,3076.2000,22082,-1,465498720.000,1,0,1,双平,S,3076.2000,3075.8000,3075.6000,3075.4000,3075.2000,3076.4000,3076.6000,3076.8000,3077.0000,3077.4000,1,1,3,3,2,1,1,1,6,1
SF,IH2003,2020-01-20 09:34:18.800,3076.6000,22081,-1,467344620.000,2,0,2,多平,S,3076.4000,3075.6000,3075.4000,3075.2000,3075.0000,3076.8000,3077.0000,3077.4000,3077.6000,3078.0000,2,2,3,2,2,1,6,1,1,2
SF,IH2003,2020-01-20 09:34:19.300,3076.6000,22081,0,467344620.000,0,-,-,-,-,3076.4000,3075.6000,3075.4000,3075.2000,3075.0000,3076.8000,3077.0000,3077.4000,3077.6000,3078.0000,1,2,3,2,2,1,6,1,1,2
SF,IH2003,2020-01-20 09:34:20.300,3076.6000,22081,0,467344620.000,0,-,-,-,-,3076.4000,3075.6000,3075.4000,3075.2000,3075.0000,3076.8000,3077.0000,3077.4000,3077.6000,3078.0000,1,2,3,2,2,2,6,1,1,2
SF,IH2003,2020-01-20 09:34:20.800,3076.8000,22081,0,468267660.000,1,0,1,多换,S,3075.6000,3075.4000,3075.2000,3075.0000,3074.8000,3076.8000,3077.0000,3077.4000,3077.6000,3078.0000,2,3,2,2,1,1,6,1,1,2
SF,IH2003,2020-01-20 09:34:21.300,3076.8000,22081,0,468267660.000,0,-,-,-,-,3076.4000,3076.2000,3075.8000,3075.6000,3075.2000,3076.8000,3077.0000,3077.4000,3077.6000,3078.0000,1,1,5,2,2,1,6,1,1,2
SF,IH2003,2020-01-20 09:34:21.800,3076.8000,22081,0,468267660.000,0,-,-,-,-,3076.6000,3075.8000,3075.6000,3075.2000,3075.0000,3076.8000,3077.0000,3077.4000,3077.6000,3078.0000,1,6,2,2,2,1,6,1,1,2
SF,IH2003,2020-01-20 09:34:22.300,3076.6000,22081,0,469190640.000,1,0,1,多换,S,3075.8000,3075.6000,3075.2000,3075.0000,3074.8000,3076.6000,3076.8000,3077.0000,3077.4000,3077.6000,4,2,2,2,1,2,2,6,1,1
SF,IH2003,2020-01-20 09:34:22.800,3076.6000,22081,0,469190640.000,0,-,-,-,-,3075.8000,3075.6000,3075.2000,3075.0000,3074.8000,3076.4000,3076.6000,3076.8000,3077.0000,3077.4000,4,2,2,2,1,4,2,2,6,1
SF,IH2003,2020-01-20 09:34:23.300,3076.6000,22080,-1,471036600.000,2,0,2,多平,S,3076.2000,3076.0000,3075.8000,3075.6000,3075.2000,3076.4000,3076.6000,3076.8000,3077.0000,3077.4000,1,1,5,2,2,2,2,2,6,1
SF,IH2003,2020-01-20 09:34:23.800,3076.4000,22079,-1,472882440.000,2,0,2,多平,S,3076.0000,3075.8000,3075.6000,3075.2000,3075.0000,3076.6000,3076.8000,3077.0000,3077.4000,3077.6000,1,3,2,2,2,2,2,6,1,1
SF,IH2003,2020-01-20 09:34:24.300,3076.4000,22079,0,472882440.000,0,-,-,-,-,3076.0000,3075.8000,3075.6000,3075.2000,3075.0000,3076.6000,3076.8000,3077.0000,3077.4000,3077.6000,1,3,2,2,2,2,2,6,1,1
SF,IH2003,2020-01-20 09:34:24.800,3076.4000,22079,0,472882440.000,0,-,-,-,-,3076.0000,3075.8000,3075.6000,3075.2000,3075.0000,3076.6000,3076.8000,3077.0000,3077.4000,3077.6000,1,3,2,2,2,2,2,6,1,1
SF,IH2003,2020-01-20 09:34:25.300,3076.0000,22079,0,474728160.000,2,1,1,多换,S,3075.8000,3075.6000,3075.2000,3075.0000,3074.8000,3076.6000,3076.8000,3077.0000,3077.4000,3077.6000,3,2,2,2,1,2,1,6,1,1
SF,IH2003,2020-01-20 09:34:25.800,3076.0000,22079,0,474728160.000,0,-,-,-,-,3075.8000,3075.6000,3075.2000,3075.0000,3074.8000,3076.0000,3076.6000,3076.8000,3077.0000,3077.4000,2,2,2,2,1,1,3,1,6,1
SF,IH2003,2020-01-20 09:34:26.300,3076.0000,22078,-1,475650960.000,1,0,1,双平,S,3076.2000,3076.0000,3075.8000,3075.6000,3075.2000,3076.6000,3076.8000,3077.0000,3077.4000,3077.6000,1,2,3,2,2,3,1,8,1,1
SF,IH2003,2020-01-20 09:34:26.800,3076.0000,22078,0,475650960.000,0,-,-,-,-,3076.2000,3076.0000,3075.8000,3075.6000,3075.2000,3076.6000,3076.8000,3077.0000,3077.4000,3077.6000,1,1,1,2,2,3,1,8,1,1
SF,IH2003,2020-01-20 09:34:27.300,3076.2000,22077,-1,476573820.000,1,0,1,双平,S,3076.0000,3075.8000,3075.6000,3075.2000,3075.0000,3076.6000,3076.8000,3077.0000,3077.4000,3077.6000,1,1,2,2,2,4,1,8,1,1
SF,IH2003,2020-01-20 09:34:27.800,3076.6000,22075,-2,478419780.000,2,0,2,双平,S,3076.0000,3075.8000,3075.6000,3075.2000,3075.0000,3076.6000,3076.8000,3077.0000,3077.4000,3077.6000,2,1,2,2,2,2,1,8,1,1
SF,IH2003,2020-01-20 09:34:28.300,3076.6000,22075,0,478419780.000,0,-,-,-,-,3076.0000,3075.8000,3075.6000,3075.2000,3075.0000,3076.6000,3076.8000,3077.0000,3077.4000,3077.6000,2,1,2,2,2,2,1,6,1,1
SF,IH2003,2020-01-20 09:34:29.300,3076.6000,22075,0,478419780.000,0,-,-,-,-,3076.0000,3075.8000,3075.6000,3075.2000,3075.0000,3076.2000,3076.6000,3076.8000,3077.0000,3077.4000,2,1,2,2,2,1,2,1,6,1
SF,IH2003,2020-01-20 09:34:30.300,3076.6000,22075,0,478419780.000,0,-,-,-,-,3076.0000,3075.8000,3075.6000,3075.2000,3075.0000,3076.2000,3076.6000,3076.8000,3077.0000,3077.4000,1,1,2,2,2,1,4,1,6,1
SF,IH2003,2020-01-20 09:34:30.800,3076.0000,22075,0,479342580.000,1,0,1,多换,S,3075.2000,3075.0000,3074.8000,3074.6000,3074.0000,3075.8000,3076.0000,3076.2000,3076.6000,3076.8000,2,2,1,2,1,3,2,1,4,1
SF,IH2003,2020-01-20 09:34:31.300,3076.0000,22075,0,479342580.000,0,-,-,-,-,3075.0000,3074.8000,3074.6000,3074.0000,3073.6000,3075.8000,3076.0000,3076.2000,3076.6000,3076.8000,2,1,2,1,1,3,3,1,4,1
SF,IH2003,2020-01-20 09:34:31.800,3076.0000,22075,0,479342580.000,0,-,-,-,-,3075.2000,3075.0000,3074.8000,3074.6000,3074.0000,3075.8000,3076.0000,3076.2000,3076.6000,3076.8000,2,2,1,2,1,3,3,1,4,1
SF,IH2003,2020-01-20 09:34:32.300,3076.0000,22075,0,479342580.000,0,-,-,-,-,3075.0000,3074.8000,3074.6000,3074.0000,3073.6000,3075.2000,3075.8000,3076.0000,3076.2000,3076.6000,2,1,2,1,1,2,3,3,1,2
SF,IH2003,2020-01-20 09:34:32.800,3075.0000,22073,-2,482110080.000,3,0,3,多平,S,3074.8000,3074.6000,3074.0000,3073.6000,3073.2000,3075.2000,3075.8000,3076.0000,3076.2000,3076.6000,1,2,1,1,1,1,3,3,1,2
SF,IH2003,2020-01-20 09:34:33.800,3074.8000,22073,0,483032520.000,1,0,1,多换,S,3074.6000,3074.0000,3073.6000,3073.2000,3073.0000,3075.2000,3075.8000,3076.0000,3076.2000,3076.6000,2,1,1,1,1,1,3,3,1,1
SF,IH2003,2020-01-20 09:34:34.300,3074.8000,22073,0,483032520.000,0,-,-,-,-,3074.6000,3074.0000,3073.6000,3073.2000,3073.0000,3074.8000,3075.2000,3075.6000,3075.8000,3076.0000,2,1,1,1,1,1,1,2,3,3
SF,IH2003,2020-01-20 09:34:34.800,3074.8000,22072,-1,483954960.000,1,0,1,双平,S,3074.8000,3074.6000,3074.0000,3073.6000,3073.2000,3075.2000,3075.6000,3075.8000,3076.0000,3076.2000,2,2,1,1,1,1,2,2,3,1
SF,IH2003,2020-01-20 09:34:35.300,3074.8000,22072,0,483954960.000,0,-,-,-,-,3074.8000,3074.6000,3074.0000,3073.6000,3073.2000,3075.2000,3075.6000,3075.8000,3076.0000,3076.2000,2,2,1,1,1,1,2,2,3,1
SF,IH2003,2020-01-20 09:34:35.800,3074.8000,22072,0,484877400.000,1,0,1,多换,S,3074.6000,3074.0000,3073.6000,3073.2000,3073.0000,3074.8000,3075.2000,3075.6000,3075.8000,3076.0000,2,1,1,1,1,1,1,2,2,3
SF,IH2003,2020-01-20 09:34:36.300,3074.6000,22071,-1,486722160.000,2,0,2,多平,S,3074.0000,3073.6000,3073.2000,3073.0000,3072.8000,3074.6000,3074.8000,3075.2000,3075.6000,3075.8000,1,1,1,1,1,3,1,2,2,2
SF,IH2003,2020-01-20 09:34:36.800,3074.0000,22071,0,487644360.000,1,0,1,多换,S,3073.6000,3073.2000,3073.0000,3072.8000,3072.6000,3074.6000,3074.8000,3075.2000,3075.6000,3075.8000,1,1,1,1,1,3,1,2,2,2
SF,IH2003,2020-01-20 09:34:37.300,3074.0000,22071,0,487644360.000,0,-,-,-,-,3073.6000,3073.2000,3073.0000,3072.8000,3072.6000,3074.0000,3074.4000,3074.6000,3074.8000,3075.2000,1,1,1,1,1,1,1,2,1,1
SF,IH2003,2020-01-20 09:34:37.800,3073.2000,22070,-1,489488400.000,2,0,2,多平,S,3073.0000,3072.8000,3072.6000,3072.2000,3072.0000,3073.6000,3074.0000,3074.6000,3074.8000,3075.2000,1,1,1,1,1,2,1,2,1,1
SF,IH2003,2020-01-20 09:34:38.300,3073.0000,22070,0,490410300.000,1,0,1,多换,S,3072.8000,3072.6000,3072.2000,3072.0000,3071.2000,3073.0000,3073.6000,3074.0000,3074.6000,3074.8000,2,1,1,1,1,1,1,1,2,1
SF,IH2003,2020-01-20 09:34:38.800,3073.0000,22069,-1,491332200.000,1,0,1,双平,S,3073.0000,3072.8000,3072.6000,3072.2000,3071.2000,3073.6000,3074.0000,3074.8000,3075.2000,3076.0000,2,1,1,1,1,1,1,1,1,2
SF,IH2003,2020-01-20 09:34:39.300,3073.0000,22068,-1,492254100.000,1,0,1,双平,S,3072.8000,3072.6000,3072.2000,3071.2000,3070.2000,3073.6000,3074.0000,3074.8000,3075.2000,3076.0000,1,1,1,1,1,1,1,1,1,2
SF,IH2003,2020-01-20 09:34:40.300,3073.0000,22068,0,492254100.000,0,-,-,-,-,3072.8000,3072.6000,3072.2000,3071.2000,3070.2000,3073.6000,3074.0000,3074.8000,3075.2000,3076.0000,2,2,1,1,1,1,3,2,1,2
SF,IH2003,2020-01-20 09:34:41.300,3073.0000,22068,0,492254100.000,0,-,-,-,-,3073.6000,3072.8000,3072.6000,3072.2000,3071.2000,3074.0000,3074.8000,3075.2000,3076.0000,3076.2000,1,4,2,1,1,3,2,1,1,1
SF,IH2003,2020-01-20 09:34:41.800,3074.0000,22067,-1,495020700.000,3,1,2,多平,S,3073.8000,3073.6000,3072.8000,3072.6000,3072.2000,3074.8000,3075.2000,3076.0000,3076.2000,3076.6000,2,2,4,2,1,2,1,1,1,1
SF,IH2003,2020-01-20 09:34:42.300,3074.0000,22067,0,495020700.000,0,-,-,-,-,3074.0000,3073.8000,3073.6000,3072.8000,3072.6000,3074.6000,3074.8000,3075.2000,3076.0000,3076.2000,1,1,2,4,2,2,2,1,1,1
SF,IH2003,2020-01-20 09:34:42.800,3074.0000,22067,0,495020700.000,0,-,-,-,-,3074.0000,3073.8000,3073.6000,3072.8000,3072.6000,3074.6000,3074.8000,3075.2000,3076.0000,3076.2000,1,1,1,4,2,1,2,1,1,1
SF,IH2003,2020-01-20 09:34:43.300,3074.0000,22067,0,495942900.000,1,0,1,多换,S,3073.8000,3073.6000,3073.0000,3072.8000,3072.6000,3074.2000,3074.4000,3074.8000,3075.2000,3076.2000,1,1,2,4,2,1,1,2,1,1
SF,IH2003,2020-01-20 09:34:43.800,3073.8000,22066,-1,496865040.000,1,0,1,双平,S,3073.6000,3073.0000,3072.8000,3072.6000,3072.2000,3074.8000,3075.2000,3076.2000,3076.6000,3076.8000,1,2,4,2,1,2,1,1,1,1
SF,IH2003,2020-01-20 09:34:44.300,3073.8000,22066,0,496865040.000,0,-,-,-,-,3073.6000,3073.0000,3072.8000,3072.6000,3072.2000,3074.6000,3074.8000,3075.2000,3076.2000,3076.6000,1,2,4,2,1,4,2,1,1,1
SF,IH2003,2020-01-20 09:34:44.800,3073.6000,22065,-1,497787120.000,1,0,1,双平,S,3073.0000,3072.8000,3072.6000,3072.2000,3071.2000,3074.4000,3074.6000,3074.8000,3075.2000,3076.2000,2,4,2,1,1,1,10,2,1,1
SF,IH2003,2020-01-20 09:34:45.300,3073.6000,22065,0,497787120.000,0,-,-,-,-,3073.2000,3073.0000,3072.8000,3072.6000,3072.2000,3074.2000,3074.4000,3074.6000,3074.8000,3075.2000,1,2,1,1,1,1,1,6,2,1
SF,IH2003,2020-01-20 09:34:45.800,3073.8000,22064,-1,499631220.000,2,0,2,多平,S,3073.0000,3072.8000,3072.6000,3072.2000,3071.2000,3074.2000,3074.4000,3074.6000,3074.8000,3075.2000,2,2,1,1,1,1,1,6,2,1
SF,IH2003,2020-01-20 09:34:46.300,3073.2000,22064,0,500553180.000,1,0,1,多换,S,3073.0000,3072.8000,3072.6000,3072.2000,3071.2000,3074.0000,3074.2000,3074.4000,3074.6000,3074.8000,2,1,1,1,1,1,1,1,6,2
