市场代码,合约代码,时间,最新,持仓,增仓,成交额,成交量,开仓,平仓,成交类型,方向,买一价,买二价,买三价,买四价,买五价,卖一价,卖二价,卖三价,卖四价,卖五价,买一量,买二量,买三量,买四量,买五量,卖一量,卖二量,卖三量,卖四量,卖五量
SF,IH2009,2020-04-03 09:29:00.200,2616.2000,9880,0,2354580.000,3.000,-,-,-,-,2613.4000,2613.0000,2611.8000,2611.2000,2610.6000,2620.0000,2623.0000,2624.0000,2624.8000,2625.0000,1,1,1,1,1,1,1,1,1,2
SF,IH2009,2020-04-03 09:30:00.200,2616.2000,9880,0,2354580.000,0,-,-,-,-,2614.0000,2613.6000,2613.0000,2612.8000,2611.8000,2619.6000,2619.8000,2620.0000,2623.0000,2624.0000,1,1,1,1,1,2,2,1,1,1
SF,IH2009,2020-04-03 09:30:00.700,2616.2000,9880,0,2354580.000,0,-,-,-,-,2614.0000,2613.0000,2612.8000,2611.8000,2611.2000,2616.0000,2617.2000,2618.0000,2618.2000,2619.0000,1,1,1,1,1,1,1,1,1,1
SF,IH2009,2020-04-03 09:30:01.200,2616.2000,9880,0,2354580.000,0,-,-,-,-,2614.0000,2613.4000,2613.0000,2612.8000,2611.8000,2618.0000,2618.2000,2619.0000,2619.4000,2619.6000,1,1,1,1,1,1,1,1,5,2
SF,IH2009,2020-04-03 09:30:01.700,2614.2000,9879,-1,3138840.000,1,0,1,双平,S,2614.2000,2614.0000,2613.4000,2613.0000,2612.8000,2617.8000,2619.4000,2620.0000,2623.0000,2624.0000,2,1,2,1,1,2,1,1,1,1
SF,IH2009,2020-04-03 09:30:02.200,2614.2000,9879,0,3138840.000,0,-,-,-,-,2614.2000,2614.0000,2613.6000,2613.4000,2613.0000,2617.8000,2619.4000,2620.0000,2623.0000,2624.0000,3,1,1,2,1,2,1,1,1,1
SF,IH2009,2020-04-03 09:30:02.700,2614.2000,9879,0,3138840.000,0,-,-,-,-,2615.0000,2614.6000,2614.4000,2614.2000,2614.0000,2617.4000,2617.8000,2618.0000,2619.4000,2620.0000,1,2,1,3,1,1,2,1,1,1
SF,IH2009,2020-04-03 09:30:03.200,2614.2000,9879,0,3138840.000,0,-,-,-,-,2615.2000,2615.0000,2614.6000,2614.2000,2614.0000,2617.2000,2617.4000,2617.6000,2617.8000,2618.0000,1,1,2,3,1,4,1,1,1,2
SF,IH2009,2020-04-03 09:30:03.700,2614.2000,9879,0,3138840.000,0,-,-,-,-,2615.0000,2614.6000,2614.2000,2614.0000,2613.6000,2617.0000,2617.2000,2617.4000,2617.6000,2617.8000,1,2,2,1,1,1,6,1,1,1
SF,IH2009,2020-04-03 09:30:04.200,2614.2000,9879,0,3138840.000,0,-,-,-,-,2615.0000,2614.6000,2614.2000,2614.0000,2613.6000,2616.8000,2617.0000,2617.2000,2617.4000,2617.6000,1,2,2,1,1,5,1,4,1,1
SF,IH2009,2020-04-03 09:30:04.700,2616.8000,9877,-2,4708860.000,2,0,2,双平,S,2616.8000,2615.2000,2615.0000,2614.6000,2614.2000,2617.4000,2617.8000,2618.0000,2619.4000,2619.6000,1,1,1,2,1,1,1,2,1,1
SF,IH2009,2020-04-03 09:30:05.200,2615.2000,9875,-2,6278460.000,2,0,2,双平,S,2615.0000,2614.6000,2614.0000,2613.6000,2613.4000,2616.6000,2616.8000,2617.2000,2617.8000,2618.0000,1,2,1,1,2,1,2,1,1,2
SF,IH2009,2020-04-03 09:30:05.700,2616.8000,9875,0,7848420.000,2,1,1,多换,S,2615.0000,2614.6000,2614.0000,2613.6000,2613.4000,2617.2000,2617.8000,2618.0000,2619.4000,2619.6000,1,2,1,1,2,1,1,3,1,1
SF,IH2009,2020-04-03 09:30:06.200,2616.8000,9875,0,7848420.000,0,-,-,-,-,2615.0000,2614.6000,2614.0000,2613.6000,2613.4000,2616.2000,2616.4000,2617.0000,2617.2000,2617.8000,1,2,1,1,2,1,1,2,1,1
SF,IH2009,2020-04-03 09:30:06.700,2615.0000,9876,1,8632920.000,1,1,0,双开,S,2614.6000,2614.0000,2613.6000,2613.4000,2613.0000,2615.0000,2616.0000,2616.2000,2616.4000,2617.0000,1,1,1,2,1,1,1,1,1,2
SF,IH2009,2020-04-03 09:30:07.200,2615.0000,9875,-1,9417420.000,1,0,1,双平,S,2615.0000,2614.6000,2614.0000,2613.6000,2613.4000,2616.2000,2617.0000,2617.2000,2617.8000,2618.0000,2,1,1,1,2,1,1,1,1,3
SF,IH2009,2020-04-03 09:30:07.700,2615.0000,9875,0,9417420.000,0,-,-,-,-,2615.0000,2614.6000,2614.0000,2613.6000,2613.4000,2616.2000,2617.0000,2617.2000,2617.8000,2618.0000,1,1,1,1,2,1,1,1,1,3
SF,IH2009,2020-04-03 09:30:08.200,2615.0000,9875,0,10201920.000,1,0,1,多换,S,2614.6000,2614.0000,2613.6000,2613.4000,2613.0000,2616.0000,2616.2000,2617.0000,2617.2000,2617.8000,1,1,1,2,1,1,1,1,1,1
SF,IH2009,2020-04-03 09:30:08.700,2615.0000,9875,0,10201920.000,0,-,-,-,-,2614.6000,2614.0000,2613.6000,2613.4000,2613.0000,2616.0000,2616.2000,2617.0000,2617.8000,2618.0000,1,1,1,2,1,1,1,1,1,3
SF,IH2009,2020-04-03 09:30:09.200,2615.0000,9875,0,10201920.000,0,-,-,-,-,2614.6000,2614.0000,2613.6000,2613.4000,2613.0000,2616.0000,2616.2000,2617.0000,2617.8000,2618.0000,1,1,1,2,1,3,1,1,1,2
SF,IH2009,2020-04-03 09:30:09.700,2614.6000,9874,-1,10986300.000,1,0,1,双平,S,2614.0000,2613.6000,2613.4000,2613.0000,2612.8000,2616.0000,2616.2000,2617.0000,2617.8000,2618.0000,1,1,2,1,1,2,1,1,1,2
SF,IH2009,2020-04-03 09:30:10.200,2614.0000,9873,-1,11770500.000,1,0,1,双平,S,2613.6000,2613.4000,2613.0000,2612.8000,2611.2000,2615.8000,2616.0000,2616.2000,2617.8000,2618.0000,1,2,1,1,1,1,2,1,1,2
SF,IH2009,2020-04-03 09:30:10.700,2615.6000,9874,1,12555180.000,1,1,0,双开,S,2613.6000,2613.4000,2613.0000,2612.8000,2611.2000,2615.6000,2615.8000,2616.0000,2616.2000,2617.8000,1,2,1,1,1,1,1,2,1,1
SF,IH2009,2020-04-03 09:30:11.200,2615.6000,9874,0,12555180.000,0,-,-,-,-,2613.6000,2613.4000,2613.0000,2612.8000,2611.2000,2615.0000,2615.4000,2615.6000,2616.0000,2616.2000,1,2,1,1,1,1,2,1,2,1
SF,IH2009,2020-04-03 09:30:11.700,2615.6000,9874,0,12555180.000,0,-,-,-,-,2613.6000,2613.4000,2613.0000,2612.8000,2611.2000,2615.0000,2615.4000,2615.6000,2616.0000,2616.2000,1,2,1,1,1,3,2,1,2,1
SF,IH2009,2020-04-03 09:30:12.200,2614.8000,9871,-3,15691740.000,4,0,4,多平,S,2613.0000,2612.8000,2611.2000,2610.6000,2610.2000,2614.8000,2615.0000,2615.4000,2615.6000,2616.0000,1,1,1,1,2,1,3,2,1,2
SF,IH2009,2020-04-03 09:30:12.700,2614.8000,9871,0,15691740.000,0,-,-,-,-,2613.0000,2612.8000,2611.2000,2610.6000,2610.2000,2614.6000,2615.0000,2615.4000,2615.6000,2616.0000,1,1,1,1,2,1,3,1,1,2
SF,IH2009,2020-04-03 09:30:13.200,2614.8000,9871,0,15691740.000,0,-,-,-,-,2613.0000,2612.8000,2611.2000,2610.6000,2610.2000,2613.6000,2614.4000,2614.6000,2615.0000,2615.4000,1,1,1,1,2,3,2,1,3,1
SF,IH2009,2020-04-03 09:30:13.700,2612.8000,9870,-1,17259480.000,2,0,2,多平,S,2611.2000,2610.6000,2610.2000,2606.8000,2606.0000,2613.6000,2614.4000,2614.6000,2615.0000,2615.4000,1,1,2,5,7,3,2,1,5,1
SF,IH2009,2020-04-03 09:30:14.200,2612.8000,9870,0,17259480.000,0,-,-,-,-,2611.2000,2610.6000,2610.2000,2606.8000,2606.0000,2613.4000,2613.6000,2614.4000,2615.0000,2615.4000,1,1,2,5,7,2,3,1,5,1
SF,IH2009,2020-04-03 09:30:14.700,2612.8000,9870,0,17259480.000,0,-,-,-,-,2612.0000,2611.2000,2610.6000,2610.2000,2606.8000,2613.4000,2613.6000,2614.4000,2615.0000,2615.4000,8,1,1,2,5,1,3,1,5,1
SF,IH2009,2020-04-03 09:30:15.200,2612.8000,9870,0,17259480.000,0,-,-,-,-,2612.0000,2611.4000,2611.2000,2610.6000,2610.2000,2613.4000,2613.6000,2614.6000,2615.0000,2615.4000,8,3,1,1,2,1,3,1,5,1
SF,IH2009,2020-04-03 09:30:15.700,2612.8000,9870,0,17259480.000,0,-,-,-,-,2613.4000,2612.0000,2611.4000,2611.2000,2610.6000,2613.6000,2614.6000,2615.0000,2615.4000,2615.6000,1,8,3,1,1,3,1,5,1,1
SF,IH2009,2020-04-03 09:30:16.200,2613.4000,9869,-1,18827520.000,2,0,2,多平,S,2613.4000,2612.0000,2611.4000,2611.2000,2610.6000,2613.6000,2614.6000,2615.0000,2615.4000,2615.6000,1,8,3,1,1,3,1,5,1,1
SF,IH2009,2020-04-03 09:30:16.700,2613.4000,9868,-1,19611540.000,1,0,1,双平,S,2612.0000,2611.2000,2610.6000,2610.2000,2606.8000,2613.4000,2613.6000,2613.8000,2614.6000,2615.0000,8,1,1,2,5,1,3,1,1,5
SF,IH2009,2020-04-03 09:30:18.200,2613.4000,9868,0,20395560.000,1,0,1,多换,S,2612.0000,2611.2000,2610.6000,2610.2000,2606.8000,2613.6000,2613.8000,2614.6000,2615.0000,2615.4000,8,1,1,2,5,3,1,1,3,1
SF,IH2009,2020-04-03 09:30:18.700,2613.4000,9868,0,20395560.000,0,-,-,-,-,2612.0000,2611.2000,2610.6000,2610.2000,2606.8000,2613.4000,2613.6000,2613.8000,2614.6000,2615.0000,9,1,1,2,5,1,3,1,1,3
SF,IH2009,2020-04-03 09:30:19.200,2612.0000,9868,0,21962760.000,2,1,1,多换,S,2612.0000,2611.2000,2610.6000,2610.2000,2606.8000,2613.2000,2613.4000,2613.6000,2613.8000,2614.6000,7,1,1,2,5,1,2,3,1,1
SF,IH2009,2020-04-03 09:30:19.700,2612.0000,9868,0,24313560.000,3,1,2,多换,S,2612.0000,2611.2000,2610.6000,2610.2000,2606.8000,2613.0000,2613.2000,2613.4000,2613.6000,2613.8000,5,1,1,2,5,1,1,2,3,1
SF,IH2009,2020-04-03 09:30:20.200,2612.0000,9868,0,26664600.000,3,1,2,多换,S,2612.0000,2611.4000,2611.2000,2610.6000,2610.2000,2613.0000,2613.2000,2613.4000,2613.6000,2613.8000,3,1,1,1,2,1,1,2,3,1
SF,IH2009,2020-04-03 09:30:20.700,2612.0000,9867,-1,29799000.000,4,1,3,多平,S,2611.4000,2611.2000,2610.6000,2610.2000,2606.8000,2613.0000,2613.2000,2613.4000,2613.6000,2613.8000,1,1,1,2,5,1,1,2,3,1
SF,IH2009,2020-04-03 09:30:21.200,2611.4000,9866,-1,30582420.000,1,0,1,双平,S,2611.2000,2611.0000,2610.6000,2610.2000,2606.8000,2611.6000,2611.8000,2613.0000,2613.2000,2613.4000,1,1,1,2,5,1,1,1,1,2
SF,IH2009,2020-04-03 09:30:21.700,2611.8000,9864,-2,32149440.000,2,0,2,双平,S,2612.2000,2612.0000,2611.8000,2611.2000,2611.0000,2613.2000,2613.6000,2613.8000,2614.6000,2615.0000,1,1,1,2,1,1,3,1,1,3
SF,IH2009,2020-04-03 09:30:22.200,2611.8000,9864,0,32149440.000,0,-,-,-,-,2612.2000,2612.0000,2611.8000,2611.2000,2611.0000,2613.6000,2613.8000,2614.6000,2615.0000,2615.6000,1,1,1,2,1,3,1,1,3,1
SF,IH2009,2020-04-03 09:30:22.700,2611.8000,9864,0,32149440.000,0,-,-,-,-,2612.2000,2612.0000,2611.8000,2611.2000,2611.0000,2613.4000,2613.6000,2613.8000,2614.6000,2615.0000,1,1,1,2,1,2,3,1,1,3
SF,IH2009,2020-04-03 09:30:23.200,2612.2000,9863,-1,32933100.000,1,0,1,双平,S,2612.0000,2611.8000,2611.2000,2611.0000,2610.6000,2613.0000,2613.4000,2613.6000,2613.8000,2615.0000,1,1,2,1,1,3,1,3,1,1
SF,IH2009,2020-04-03 09:30:23.700,2612.0000,9862,-1,33716700.000,1,0,1,双平,S,2611.8000,2611.2000,2611.0000,2610.6000,2610.2000,2612.0000,2613.0000,2613.6000,2613.8000,2615.0000,1,2,1,1,2,1,3,3,1,1
SF,IH2009,2020-04-03 09:30:24.200,2612.0000,9861,-1,34500300.000,1,0,1,双平,S,2611.2000,2611.0000,2610.6000,2610.2000,2606.8000,2612.2000,2613.0000,2613.6000,2613.8000,2615.0000,2,1,1,2,5,1,3,3,1,1
SF,IH2009,2020-04-03 09:30:24.700,2611.4000,9859,-2,36067380.000,2,0,2,双平,S,2611.2000,2611.0000,2610.6000,2610.2000,2606.8000,2613.0000,2613.6000,2613.8000,2615.0000,2615.6000,2,1,1,2,5,3,3,1,1,1
SF,IH2009,2020-04-03 09:30:25.200,2611.4000,9859,0,36067380.000,0,-,-,-,-,2611.2000,2611.0000,2610.6000,2610.2000,2606.8000,2612.0000,2612.8000,2613.0000,2613.6000,2613.8000,2,1,1,2,5,1,1,3,3,1
SF,IH2009,2020-04-03 09:30:25.700,2611.4000,9859,0,36067380.000,0,-,-,-,-,2611.2000,2611.0000,2610.6000,2610.2000,2606.8000,2611.8000,2612.0000,2612.8000,2613.0000,2613.2000,2,1,1,2,5,1,1,1,3,2
SF,IH2009,2020-04-03 09:30:26.200,2611.4000,9859,0,36067380.000,0,-,-,-,-,2611.8000,2611.2000,2611.0000,2610.6000,2610.2000,2612.0000,2612.8000,2613.0000,2613.6000,2613.8000,1,2,1,1,2,1,1,3,3,1
SF,IH2009,2020-04-03 09:30:26.700,2611.4000,9859,0,36067380.000,0,-,-,-,-,2611.2000,2611.0000,2610.6000,2610.2000,2606.8000,2612.8000,2613.0000,2613.6000,2613.8000,2615.0000,2,1,1,2,5,1,3,3,1,1
SF,IH2009,2020-04-03 09:30:27.200,2611.4000,9859,0,36067380.000,0,-,-,-,-,2612.0000,2611.4000,2611.2000,2611.0000,2610.6000,2612.6000,2612.8000,2613.0000,2613.6000,2613.8000,1,1,2,1,1,1,1,3,3,1
SF,IH2009,2020-04-03 09:30:27.700,2612.0000,9858,-1,36850980.000,1,0,1,双平,S,2611.4000,2611.2000,2611.0000,2610.6000,2610.2000,2613.0000,2613.6000,2613.8000,2615.0000,2615.6000,1,2,1,1,2,3,3,1,1,1
SF,IH2009,2020-04-03 09:30:28.200,2613.0000,9856,-2,38418720.000,2,0,2,双平,S,2611.4000,2611.2000,2611.0000,2610.6000,2610.2000,2612.2000,2612.8000,2613.0000,2613.6000,2613.8000,1,2,1,1,2,1,1,2,3,1
SF,IH2009,2020-04-03 09:30:28.700,2612.4000,9855,-1,39202440.000,1,0,1,双平,S,2612.2000,2611.6000,2611.4000,2611.2000,2611.0000,2613.0000,2613.6000,2613.8000,2615.0000,2615.6000,1,1,1,2,1,2,3,1,1,1
SF,IH2009,2020-04-03 09:30:29.200,2612.4000,9855,0,39202440.000,0,-,-,-,-,2612.2000,2611.4000,2611.2000,2611.0000,2610.6000,2613.0000,2613.6000,2613.8000,2615.0000,2615.6000,1,1,2,1,1,2,3,1,1,1
SF,IH2009,2020-04-03 09:30:29.700,2612.8000,9854,-1,39986280.000,1,0,1,双平,S,2612.2000,2611.4000,2611.2000,2611.0000,2610.6000,2613.0000,2613.6000,2613.8000,2615.0000,2615.6000,1,1,2,1,1,2,3,1,1,1
SF,IH2009,2020-04-03 09:30:30.200,2612.8000,9854,0,39986280.000,0,-,-,-,-,2612.2000,2611.4000,2611.2000,2611.0000,2610.6000,2613.0000,2613.6000,2613.8000,2615.0000,2615.6000,1,1,2,1,1,2,3,1,1,1
SF,IH2009,2020-04-03 09:30:30.700,2612.8000,9854,0,39986280.000,0,-,-,-,-,2612.4000,2612.2000,2611.4000,2611.2000,2611.0000,2613.0000,2613.6000,2613.8000,2615.0000,2615.6000,2,1,1,2,1,2,3,1,1,1
SF,IH2009,2020-04-03 09:30:31.200,2612.2000,9852,-2,42337320.000,3,0,3,多平,S,2611.2000,2611.0000,2610.6000,2610.2000,2606.8000,2613.0000,2613.6000,2613.8000,2615.0000,2615.6000,2,1,1,2,5,2,3,1,1,1
SF,IH2009,2020-04-03 09:30:31.700,2612.2000,9852,0,42337320.000,0,-,-,-,-,2611.4000,2611.2000,2611.0000,2610.6000,2610.2000,2612.8000,2613.0000,2613.6000,2613.8000,2615.0000,1,2,1,1,2,1,2,3,1,1
SF,IH2009,2020-04-03 09:30:32.200,2612.2000,9852,0,42337320.000,0,-,-,-,-,2611.6000,2611.4000,2611.2000,2611.0000,2610.6000,2612.8000,2613.0000,2613.6000,2613.8000,2615.0000,1,1,2,1,1,1,2,3,1,1
SF,IH2009,2020-04-03 09:30:32.700,2613.0000,9849,-3,44688960.000,3,0,3,双平,S,2612.8000,2611.8000,2611.4000,2611.2000,2611.0000,2613.6000,2613.8000,2615.0000,2615.6000,2616.0000,1,1,1,2,1,3,1,1,1,1
SF,IH2009,2020-04-03 09:30:33.200,2612.8000,9848,-1,45472800.000,1,0,1,双平,S,2612.0000,2611.4000,2611.2000,2611.0000,2610.6000,2613.6000,2613.8000,2615.0000,2615.6000,2616.0000,8,1,2,1,1,3,1,1,1,1
SF,IH2009,2020-04-03 09:30:33.700,2612.8000,9848,0,45472800.000,0,-,-,-,-,2612.8000,2612.2000,2612.0000,2611.4000,2611.2000,2613.6000,2613.8000,2615.0000,2615.6000,2616.0000,1,1,8,1,2,3,1,1,1,1
SF,IH2009,2020-04-03 09:30:34.200,2612.8000,9848,0,46256640.000,1,0,1,多换,S,2612.0000,2611.4000,2611.2000,2611.0000,2610.6000,2613.6000,2613.8000,2615.0000,2615.6000,2616.0000,8,1,2,1,1,3,1,1,1,1
SF,IH2009,2020-04-03 09:30:34.700,2612.8000,9848,0,46256640.000,0,-,-,-,-,2612.2000,2612.0000,2611.4000,2611.2000,2611.0000,2612.8000,2613.2000,2613.6000,2613.8000,2615.0000,1,8,1,2,1,1,1,3,1,1
SF,IH2009,2020-04-03 09:30:35.200,2612.8000,9848,0,47040480.000,1,0,1,多换,S,2612.4000,2612.2000,2612.0000,2611.4000,2611.2000,2613.2000,2613.6000,2613.8000,2615.0000,2615.6000,1,2,8,1,2,1,3,1,1,1
SF,IH2009,2020-04-03 09:30:35.700,2612.2000,9847,-1,47824140.000,1,0,1,双平,S,2612.0000,2611.4000,2611.2000,2611.0000,2610.6000,2612.4000,2613.2000,2613.6000,2613.8000,2615.0000,8,1,2,1,1,1,1,3,1,1
SF,IH2009,2020-04-03 09:30:36.200,2612.2000,9847,0,47824140.000,0,-,-,-,-,2612.0000,2611.2000,2611.0000,2610.6000,2610.2000,2613.0000,2613.6000,2613.8000,2615.0000,2615.6000,8,2,1,1,2,2,3,1,1,1
SF,IH2009,2020-04-03 09:30:37.700,2612.2000,9847,0,47824140.000,0,-,-,-,-,2612.0000,2611.2000,2611.0000,2610.6000,2610.2000,2612.8000,2613.0000,2613.6000,2613.8000,2615.0000,8,2,1,1,2,1,1,3,1,1
SF,IH2009,2020-04-03 09:30:38.200,2612.8000,9846,-1,48607980.000,1,0,1,双平,S,2612.0000,2611.2000,2611.0000,2610.6000,2610.2000,2613.0000,2613.6000,2613.8000,2615.0000,2615.6000,8,2,1,1,2,1,3,1,1,1
SF,IH2009,2020-04-03 09:30:38.700,2612.8000,9846,0,48607980.000,0,-,-,-,-,2612.2000,2612.0000,2611.8000,2611.2000,2611.0000,2613.0000,2613.6000,2613.8000,2615.0000,2615.6000,1,8,1,2,1,1,3,1,1,1
SF,IH2009,2020-04-03 09:30:39.200,2613.0000,9845,-1,49391880.000,1,0,1,双平,S,2612.0000,2611.8000,2611.2000,2611.0000,2610.6000,2613.6000,2613.8000,2615.0000,2615.6000,2616.0000,8,1,2,1,1,3,1,1,1,1
SF,IH2009,2020-04-03 09:30:39.700,2613.0000,9845,0,49391880.000,0,-,-,-,-,2612.2000,2612.0000,2611.8000,2611.2000,2611.0000,2613.6000,2613.8000,2615.0000,2615.6000,2616.0000,1,8,1,2,1,3,1,1,1,1
SF,IH2009,2020-04-03 09:30:40.200,2613.0000,9845,0,49391880.000,0,-,-,-,-,2612.4000,2612.2000,2612.0000,2611.8000,2611.2000,2613.6000,2613.8000,2615.0000,2615.6000,2616.0000,1,3,8,1,2,3,1,1,1,1
SF,IH2009,2020-04-03 09:30:40.700,2613.0000,9845,0,49391880.000,0,-,-,-,-,2612.2000,2612.0000,2611.8000,2611.2000,2611.0000,2613.6000,2613.8000,2615.0000,2615.6000,2616.0000,3,8,1,2,1,3,1,1,1,1
SF,IH2009,2020-04-03 09:30:41.200,2613.0000,9845,0,49391880.000,0,-,-,-,-,2612.4000,2612.2000,2612.0000,2611.8000,2611.2000,2613.8000,2615.0000,2615.6000,2616.0000,2617.8000,1,2,8,1,2,1,1,1,1,1
SF,IH2009,2020-04-03 09:30:41.700,2613.0000,9845,0,49391880.000,0,-,-,-,-,2612.2000,2612.0000,2611.8000,2611.2000,2611.0000,2613.4000,2613.6000,2613.8000,2615.0000,2615.6000,2,8,1,2,1,1,1,1,1,1
SF,IH2009,2020-04-03 09:30:42.200,2613.0000,9845,0,49391880.000,0,-,-,-,-,2612.4000,2612.2000,2612.0000,2611.8000,2611.2000,2613.4000,2613.8000,2615.0000,2615.6000,2616.0000,1,2,8,1,2,1,1,1,1,1
SF,IH2009,2020-04-03 09:30:42.700,2613.0000,9845,0,49391880.000,0,-,-,-,-,2612.2000,2612.0000,2611.8000,2611.2000,2611.0000,2613.4000,2613.8000,2615.0000,2615.6000,2616.0000,2,8,1,2,1,1,1,1,1,1
SF,IH2009,2020-04-03 09:30:43.200,2613.0000,9845,0,49391880.000,0,-,-,-,-,2612.2000,2612.0000,2611.8000,2611.2000,2611.0000,2613.4000,2613.8000,2615.0000,2615.6000,2616.0000,2,9,1,2,1,1,1,1,1,1
SF,IH2009,2020-04-03 09:30:43.700,2613.0000,9845,0,49391880.000,0,-,-,-,-,2612.2000,2612.0000,2611.8000,2611.2000,2611.0000,2613.4000,2613.8000,2614.0000,2615.0000,2615.6000,2,9,1,2,1,1,1,1,1,1
SF,IH2009,2020-04-03 09:30:44.200,2613.0000,9845,0,49391880.000,0,-,-,-,-,2612.4000,2612.2000,2612.0000,2611.8000,2611.2000,2613.4000,2613.8000,2614.0000,2615.0000,2615.6000,1,2,9,1,2,1,1,1,1,1
SF,IH2009,2020-04-03 09:30:44.700,2612.2000,9844,-1,50175540.000,1,0,1,双平,S,2612.2000,2612.0000,2611.8000,2611.2000,2611.0000,2613.4000,2613.8000,2614.0000,2615.0000,2615.6000,1,9,1,2,1,1,1,1,1,1
SF,IH2009,2020-04-03 09:30:45.200,2612.2000,9844,0,50175540.000,0,-,-,-,-,2612.2000,2612.0000,2611.8000,2611.2000,2611.0000,2613.0000,2613.4000,2613.8000,2614.0000,2615.0000,1,9,1,2,1,2,1,1,1,1
SF,IH2009,2020-04-03 09:30:45.700,2613.0000,9843,-1,51743340.000,2,0,2,多平,S,2612.4000,2612.2000,2612.0000,2611.8000,2611.2000,2613.4000,2613.8000,2614.0000,2615.0000,2615.6000,1,1,9,1,2,1,1,1,1,1
SF,IH2009,2020-04-03 09:30:46.200,2613.4000,9842,-1,52527360.000,1,0,1,双平,S,2612.6000,2612.2000,2612.0000,2611.8000,2611.2000,2613.8000,2614.0000,2615.0000,2615.6000,2616.0000,1,1,9,1,2,1,1,1,1,1
SF,IH2009,2020-04-03 09:30:46.700,2613.4000,9842,0,52527360.000,0,-,-,-,-,2612.2000,2612.0000,2611.8000,2611.2000,2611.0000,2613.8000,2614.0000,2615.0000,2615.6000,2616.0000,1,9,1,2,1,1,1,1,1,1
SF,IH2009,2020-04-03 09:30:47.200,2613.4000,9842,0,52527360.000,0,-,-,-,-,2612.4000,2612.2000,2612.0000,2611.8000,2611.2000,2613.8000,2614.0000,2615.0000,2615.6000,2616.0000,1,1,9,1,2,1,1,1,1,1
SF,IH2009,2020-04-03 09:30:47.700,2613.4000,9842,0,52527360.000,0,-,-,-,-,2612.2000,2612.0000,2611.8000,2611.2000,2611.0000,2613.8000,2614.0000,2615.0000,2615.6000,2616.0000,1,9,1,2,1,1,1,1,1,1
SF,IH2009,2020-04-03 09:30:48.200,2613.4000,9842,0,52527360.000,0,-,-,-,-,2612.2000,2612.0000,2611.8000,2611.2000,2611.0000,2613.6000,2613.8000,2614.0000,2615.0000,2615.6000,1,9,1,2,1,1,1,1,1,1
SF,IH2009,2020-04-03 09:30:48.700,2613.4000,9842,0,52527360.000,0,-,-,-,-,2612.2000,2612.0000,2611.8000,2611.2000,2611.0000,2613.8000,2614.0000,2615.0000,2615.6000,2616.0000,1,9,1,2,1,1,1,1,1,1
SF,IH2009,2020-04-03 09:30:49.200,2613.4000,9842,0,52527360.000,0,-,-,-,-,2612.0000,2611.8000,2611.2000,2611.0000,2610.6000,2613.6000,2613.8000,2614.0000,2615.0000,2615.6000,9,1,2,1,1,2,1,1,1,1
SF,IH2009,2020-04-03 09:30:49.700,2613.4000,9842,0,52527360.000,0,-,-,-,-,2612.0000,2611.8000,2611.2000,2611.0000,2610.6000,2613.6000,2613.8000,2614.0000,2615.0000,2615.6000,9,1,2,1,1,2,1,1,1,1
SF,IH2009,2020-04-03 09:30:50.200,2613.4000,9842,0,52527360.000,0,-,-,-,-,2612.0000,2611.8000,2611.2000,2611.0000,2610.6000,2613.6000,2613.8000,2614.0000,2615.0000,2615.6000,9,1,2,1,1,2,1,1,1,1
SF,IH2009,2020-04-03 09:30:50.700,2613.4000,9842,0,52527360.000,0,-,-,-,-,2612.0000,2611.8000,2611.2000,2611.0000,2610.6000,2613.6000,2613.8000,2614.0000,2615.0000,2615.6000,9,1,2,1,1,2,1,1,1,1
SF,IH2009,2020-04-03 09:30:52.200,2613.4000,9842,0,52527360.000,0,-,-,-,-,2612.0000,2611.8000,2611.2000,2611.0000,2610.6000,2613.4000,2613.6000,2613.8000,2614.0000,2615.0000,9,1,2,1,1,1,2,1,1,1
SF,IH2009,2020-04-03 09:30:52.700,2613.4000,9842,0,52527360.000,0,-,-,-,-,2612.0000,2611.8000,2611.2000,2611.0000,2610.6000,2613.2000,2613.4000,2613.6000,2613.8000,2614.0000,9,1,2,1,1,2,1,1,1,1
SF,IH2009,2020-04-03 09:30:53.700,2612.0000,9842,0,53310960.000,1,0,1,多换,S,2612.0000,2611.8000,2611.2000,2611.0000,2610.6000,2612.8000,2613.0000,2613.2000,2613.4000,2613.6000,8,1,2,1,1,1,1,2,1,1
SF,IH2009,2020-04-03 09:30:54.200,2612.0000,9842,0,53310960.000,0,-,-,-,-,2612.0000,2611.8000,2611.2000,2611.0000,2610.6000,2612.8000,2613.0000,2613.4000,2613.6000,2613.8000,8,1,2,1,1,1,1,1,1,1
SF,IH2009,2020-04-03 09:30:54.700,2612.0000,9842,0,56445360.000,4,2,2,多换,S,2612.0000,2611.8000,2611.2000,2611.0000,2610.6000,2612.8000,2613.0000,2613.4000,2613.6000,2613.8000,4,1,2,1,1,1,1,1,1,1
SF,IH2009,2020-04-03 09:30:55.200,2612.0000,9842,0,57228960.000,1,0,1,多换,S,2612.0000,2611.8000,2611.2000,2611.0000,2610.6000,2612.8000,2613.0000,2613.4000,2613.6000,2613.8000,4,1,2,1,1,1,1,1,1,1
SF,IH2009,2020-04-03 09:30:55.700,2612.0000,9842,0,58012560.000,1,0,1,多换,S,2612.0000,2611.8000,2611.2000,2611.0000,2610.6000,2612.8000,2613.0000,2613.4000,2613.6000,2613.8000,3,1,2,1,1,1,1,1,1,1
SF,IH2009,2020-04-03 09:30:56.200,2612.0000,9842,0,58012560.000,0,-,-,-,-,2612.2000,2612.0000,2611.8000,2611.2000,2611.0000,2612.8000,2613.0000,2613.4000,2613.6000,2613.8000,1,3,1,2,1,1,1,1,1,1
SF,IH2009,2020-04-03 09:30:56.700,2612.0000,9842,0,58012560.000,0,-,-,-,-,2612.2000,2612.0000,2611.8000,2611.2000,2611.0000,2612.8000,2613.0000,2613.4000,2613.6000,2613.8000,1,3,1,2,1,1,1,1,1,1
SF,IH2009,2020-04-03 09:30:57.200,2612.2000,9842,0,58796220.000,1,0,1,多换,S,2612.0000,2611.8000,2611.2000,2611.0000,2610.6000,2612.8000,2613.0000,2613.4000,2613.6000,2613.8000,3,1,2,1,1,1,1,1,1,1
SF,IH2009,2020-04-03 09:30:57.700,2612.2000,9842,0,58796220.000,0,-,-,-,-,2612.0000,2611.8000,2611.2000,2611.0000,2610.6000,2612.8000,2613.0000,2613.4000,2613.6000,2613.8000,3,1,2,1,1,1,2,1,1,1
SF,IH2009,2020-04-03 09:30:58.200,2612.2000,9842,0,58796220.000,0,-,-,-,-,2612.0000,2611.8000,2611.2000,2611.0000,2610.6000,2612.6000,2612.8000,2613.0000,2613.6000,2613.8000,3,1,2,1,1,3,1,1,1,1
SF,IH2009,2020-04-03 09:30:58.700,2611.8000,9840,-2,61930560.000,4,1,3,多平,S,2611.2000,2611.0000,2610.6000,2610.2000,2610.0000,2612.6000,2612.8000,2613.0000,2613.6000,2613.8000,2,1,1,1,2,3,1,1,1,1
SF,IH2009,2020-04-03 09:30:59.200,2612.4000,9840,0,62714280.000,1,0,1,多换,S,2611.2000,2611.0000,2610.6000,2610.2000,2610.0000,2611.8000,2612.4000,2612.6000,2612.8000,2613.0000,2,1,1,1,2,1,1,3,1,1
SF,IH2009,2020-04-03 09:30:59.700,2612.4000,9840,0,62714280.000,0,-,-,-,-,2611.2000,2611.0000,2610.6000,2610.2000,2610.0000,2611.8000,2612.4000,2612.6000,2612.8000,2613.0000,2,1,1,1,2,1,1,2,1,1
SF,IH2009,2020-04-03 09:31:00.200,2612.4000,9840,0,62714280.000,0,-,-,-,-,2611.2000,2611.0000,2610.6000,2610.2000,2610.0000,2611.8000,2612.4000,2612.6000,2612.8000,2613.0000,2,1,1,1,2,1,1,2,1,1
SF,IH2009,2020-04-03 09:31:00.700,2612.4000,9840,0,62714280.000,0,-,-,-,-,2611.4000,2611.2000,2611.0000,2610.6000,2610.2000,2612.4000,2612.8000,2613.0000,2613.6000,2613.8000,1,2,1,1,1,1,1,1,1,1
SF,IH2009,2020-04-03 09:31:01.200,2612.4000,9840,0,62714280.000,0,-,-,-,-,2611.2000,2611.0000,2610.6000,2610.2000,2610.0000,2612.8000,2613.0000,2613.6000,2613.8000,2614.0000,2,1,1,1,2,1,1,1,1,1
SF,IH2009,2020-04-03 09:31:01.700,2612.4000,9840,0,62714280.000,0,-,-,-,-,2611.2000,2611.0000,2610.6000,2610.2000,2610.0000,2612.2000,2612.6000,2612.8000,2613.0000,2613.6000,2,1,1,1,2,1,3,1,1,1
SF,IH2009,2020-04-03 09:31:02.200,2612.4000,9840,0,62714280.000,0,-,-,-,-,2611.4000,2611.2000,2611.0000,2610.6000,2610.2000,2612.8000,2613.0000,2613.6000,2613.8000,2614.0000,1,2,1,1,1,1,1,1,1,1
SF,IH2009,2020-04-03 09:31:02.700,2612.4000,9840,0,62714280.000,0,-,-,-,-,2611.2000,2611.0000,2610.6000,2610.2000,2610.0000,2612.0000,2612.6000,2612.8000,2613.0000,2613.6000,2,1,1,1,2,1,5,1,1,1
SF,IH2009,2020-04-03 09:31:03.200,2612.4000,9840,0,62714280.000,0,-,-,-,-,2611.4000,2611.2000,2611.0000,2610.6000,2610.2000,2612.6000,2612.8000,2613.0000,2613.6000,2613.8000,2,2,1,1,1,1,1,1,1,1
SF,IH2009,2020-04-03 09:31:03.700,2612.4000,9840,0,62714280.000,0,-,-,-,-,2611.2000,2611.0000,2610.6000,2610.2000,2610.0000,2612.6000,2612.8000,2613.0000,2613.6000,2613.8000,2,1,1,1,2,1,1,1,1,1
SF,IH2009,2020-04-03 09:31:04.200,2612.4000,9840,0,62714280.000,0,-,-,-,-,2611.4000,2611.2000,2611.0000,2610.6000,2610.2000,2612.6000,2612.8000,2613.0000,2613.6000,2613.8000,1,2,1,1,1,1,1,1,1,1
SF,IH2009,2020-04-03 09:31:04.700,2612.4000,9840,0,62714280.000,0,-,-,-,-,2611.2000,2611.0000,2610.6000,2610.2000,2610.0000,2612.4000,2612.6000,2612.8000,2613.0000,2613.6000,2,1,1,1,2,1,1,1,1,1
SF,IH2009,2020-04-03 09:31:05.200,2612.4000,9840,0,62714280.000,0,-,-,-,-,2611.2000,2611.0000,2610.6000,2610.2000,2610.0000,2612.6000,2612.8000,2613.0000,2613.6000,2613.8000,2,1,1,1,2,1,1,1,1,1
SF,IH2009,2020-04-03 09:31:05.700,2612.4000,9840,0,62714280.000,0,-,-,-,-,2611.4000,2611.2000,2611.0000,2610.6000,2610.2000,2612.6000,2612.8000,2613.0000,2613.6000,2613.8000,1,2,1,1,1,1,1,1,1,1
SF,IH2009,2020-04-03 09:31:06.200,2612.4000,9840,0,62714280.000,0,-,-,-,-,2611.2000,2611.0000,2610.6000,2610.2000,2610.0000,2611.4000,2612.4000,2612.6000,2612.8000,2613.0000,2,1,1,1,2,1,2,1,1,1
SF,IH2009,2020-04-03 09:31:06.700,2611.2000,9837,-3,65847900.000,4,0,4,多平,S,2611.2000,2611.0000,2610.6000,2610.2000,2610.0000,2612.4000,2612.6000,2612.8000,2613.0000,2613.6000,1,1,1,1,2,1,1,1,1,1
SF,IH2009,2020-04-03 09:31:07.200,2611.2000,9837,0,65847900.000,0,-,-,-,-,2611.4000,2611.2000,2611.0000,2610.6000,2610.2000,2612.8000,2613.0000,2613.6000,2613.8000,2614.0000,1,1,1,1,1,1,1,1,1,1
SF,IH2009,2020-04-03 09:31:07.700,2611.2000,9837,0,65847900.000,0,-,-,-,-,2611.4000,2611.2000,2611.0000,2610.6000,2610.2000,2612.6000,2612.8000,2613.0000,2613.6000,2613.8000,1,1,1,1,1,3,1,1,1,1
SF,IH2009,2020-04-03 09:31:08.200,2611.2000,9837,0,65847900.000,0,-,-,-,-,2611.2000,2611.0000,2610.6000,2610.2000,2610.0000,2612.6000,2612.8000,2613.0000,2613.6000,2613.8000,1,1,1,1,2,3,1,1,1,1
SF,IH2009,2020-04-03 09:31:08.700,2611.2000,9837,0,65847900.000,0,-,-,-,-,2611.2000,2611.0000,2610.6000,2610.2000,2610.0000,2612.6000,2612.8000,2613.0000,2613.4000,2613.6000,1,1,1,1,2,3,1,1,1,1
SF,IH2009,2020-04-03 09:31:09.700,2611.2000,9837,0,65847900.000,0,-,-,-,-,2611.2000,2611.0000,2610.6000,2610.2000,2610.0000,2612.4000,2612.6000,2612.8000,2613.0000,2613.4000,1,1,1,1,2,1,3,1,1,1
SF,IH2009,2020-04-03 09:31:10.200,2612.6000,9837,0,67415460.000,2,1,1,多换,S,2611.2000,2611.0000,2610.6000,2610.2000,2610.0000,2612.8000,2613.0000,2613.4000,2613.8000,2614.0000,1,1,1,1,2,1,1,1,1,1
SF,IH2009,2020-04-03 09:31:10.700,2612.6000,9837,0,67415460.000,0,-,-,-,-,2611.4000,2611.2000,2611.0000,2610.6000,2610.2000,2612.2000,2612.8000,2613.0000,2613.4000,2613.8000,1,1,1,1,1,1,1,1,1,1
SF,IH2009,2020-04-03 09:31:11.200,2612.6000,9837,0,67415460.000,0,-,-,-,-,2612.0000,2611.2000,2611.0000,2610.6000,2610.2000,2612.2000,2612.8000,2613.0000,2613.4000,2613.8000,1,1,1,1,1,1,1,1,1,1
SF,IH2009,2020-04-03 09:31:11.700,2612.0000,9837,0,68199060.000,1,0,1,多换,S,2611.2000,2611.0000,2610.6000,2610.2000,2610.0000,2612.2000,2612.8000,2613.0000,2613.4000,2613.8000,1,1,1,1,2,1,1,1,1,1
SF,IH2009,2020-04-03 09:31:12.200,2612.0000,9837,0,68199060.000,0,-,-,-,-,2611.4000,2611.2000,2611.0000,2610.6000,2610.2000,2612.2000,2612.8000,2613.0000,2613.4000,2613.8000,1,1,1,1,1,1,1,1,1,1
SF,IH2009,2020-04-03 09:31:12.700,2612.0000,9837,0,68199060.000,0,-,-,-,-,2611.6000,2611.4000,2611.2000,2611.0000,2610.6000,2612.2000,2612.8000,2613.0000,2613.4000,2613.8000,1,1,1,1,1,1,1,1,1,1
SF,IH2009,2020-04-03 09:31:13.200,2612.0000,9835,-2,69766140.000,2,0,2,双平,S,2611.4000,2611.2000,2611.0000,2610.6000,2610.2000,2612.0000,2612.2000,2612.8000,2613.0000,2613.4000,1,1,1,1,1,1,1,1,1,1
SF,IH2009,2020-04-03 09:31:13.700,2612.0000,9835,0,69766140.000,0,-,-,-,-,2612.0000,2611.4000,2611.2000,2611.0000,2610.6000,2612.2000,2612.8000,2613.0000,2613.4000,2613.8000,1,1,1,1,1,1,1,1,1,1
SF,IH2009,2020-04-03 09:31:14.200,2612.2000,9834,-1,70549800.000,1,0,1,双平,S,2612.4000,2612.0000,2611.4000,2611.2000,2611.0000,2612.8000,2613.0000,2613.4000,2613.8000,2614.0000,1,1,1,2,1,1,1,1,1,1
SF,IH2009,2020-04-03 09:31:15.200,2612.2000,9834,0,70549800.000,0,-,-,-,-,2612.0000,2611.2000,2611.0000,2610.6000,2610.2000,2612.6000,2612.8000,2613.0000,2613.4000,2613.8000,1,2,1,1,1,1,1,1,1,1
SF,IH2009,2020-04-03 09:31:15.700,2612.2000,9834,0,70549800.000,0,-,-,-,-,2612.0000,2611.2000,2611.0000,2610.6000,2610.2000,2612.8000,2613.0000,2613.4000,2613.8000,2614.0000,1,2,1,2,1,1,1,1,1,1
SF,IH2009,2020-04-03 09:31:16.700,2612.2000,9834,0,70549800.000,0,-,-,-,-,2611.2000,2611.0000,2610.6000,2610.2000,2610.0000,2612.8000,2613.0000,2613.4000,2613.8000,2614.0000,2,1,2,1,2,1,1,1,1,1
SF,IH2009,2020-04-03 09:31:17.200,2612.2000,9834,0,70549800.000,0,-,-,-,-,2611.4000,2611.2000,2611.0000,2610.6000,2610.2000,2612.6000,2612.8000,2613.0000,2613.4000,2613.8000,1,2,1,2,1,1,1,1,1,1
SF,IH2009,2020-04-03 09:31:17.700,2612.2000,9834,0,70549800.000,0,-,-,-,-,2611.4000,2611.2000,2611.0000,2610.6000,2610.2000,2612.8000,2613.0000,2613.4000,2613.8000,2614.0000,1,2,1,2,1,1,1,1,1,1
SF,IH2009,2020-04-03 09:31:18.200,2612.2000,9834,0,70549800.000,0,-,-,-,-,2611.6000,2611.4000,2611.2000,2611.0000,2610.6000,2612.8000,2613.0000,2613.4000,2613.8000,2614.0000,1,1,2,1,2,1,1,1,1,1
SF,IH2009,2020-04-03 09:31:18.700,2612.2000,9834,0,70549800.000,0,-,-,-,-,2611.6000,2611.2000,2611.0000,2610.6000,2610.2000,2612.8000,2613.0000,2613.4000,2613.8000,2614.0000,1,2,1,2,1,1,1,1,1,1
SF,IH2009,2020-04-03 09:31:19.700,2612.2000,9834,0,70549800.000,0,-,-,-,-,2611.8000,2611.6000,2611.2000,2611.0000,2610.6000,2612.8000,2613.0000,2613.4000,2613.8000,2614.0000,1,1,2,1,2,1,2,1,1,1
SF,IH2009,2020-04-03 09:31:20.200,2612.8000,9833,-1,71333640.000,1,0,1,双平,S,2611.8000,2611.6000,2611.2000,2611.0000,2610.6000,2613.0000,2613.4000,2613.8000,2614.0000,2616.0000,1,1,2,1,2,2,1,1,1,1
SF,IH2009,2020-04-03 09:31:21.200,2612.8000,9833,0,71333640.000,0,-,-,-,-,2611.8000,2611.6000,2611.2000,2611.0000,2610.6000,2613.0000,2613.8000,2614.0000,2616.0000,2618.0000,1,1,2,1,2,2,1,1,1,2
SF,IH2009,2020-04-03 09:31:22.700,2612.8000,9833,0,71333640.000,0,-,-,-,-,2611.8000,2611.6000,2611.2000,2611.0000,2610.6000,2613.0000,2613.8000,2614.0000,2616.0000,2618.0000,1,1,2,1,2,2,1,1,1,2
SF,IH2009,2020-04-03 09:31:23.200,2612.8000,9833,0,71333640.000,0,-,-,-,-,2612.0000,2611.8000,2611.2000,2611.0000,2610.6000,2613.0000,2613.8000,2614.0000,2616.0000,2618.0000,1,1,2,1,2,2,1,1,1,2
SF,IH2009,2020-04-03 09:31:23.700,2613.0000,9832,-1,72117540.000,1,0,1,双平,S,2612.0000,2611.8000,2611.2000,2611.0000,2610.6000,2613.0000,2613.8000,2614.0000,2616.0000,2618.0000,1,1,2,1,2,1,1,1,1,2
SF,IH2009,2020-04-03 09:31:24.200,2613.0000,9831,-1,72901440.000,1,0,1,双平,S,2612.0000,2611.8000,2611.2000,2611.0000,2610.6000,2613.8000,2614.0000,2616.0000,2618.0000,2620.0000,1,1,2,1,2,1,1,1,2,1
SF,IH2009,2020-04-03 09:31:24.700,2613.0000,9831,0,72901440.000,0,-,-,-,-,2613.0000,2612.2000,2612.0000,2611.8000,2611.2000,2613.8000,2614.0000,2616.0000,2618.0000,2620.0000,1,2,1,1,2,1,1,1,2,1
SF,IH2009,2020-04-03 09:31:25.200,2613.0000,9831,0,72901440.000,0,-,-,-,-,2613.2000,2613.0000,2612.2000,2611.8000,2611.2000,2613.8000,2614.0000,2616.0000,2618.0000,2620.0000,1,1,2,1,2,1,1,1,2,1
SF,IH2009,2020-04-03 09:31:26.200,2614.0000,9829,-2,74469780.000,2,0,2,双平,S,2613.2000,2613.0000,2612.2000,2611.8000,2611.2000,2616.0000,2618.0000,2620.0000,2622.0000,2623.0000,2,1,2,1,2,1,2,1,3,1
SF,IH2009,2020-04-03 09:31:26.700,2614.0000,9829,0,74469780.000,0,-,-,-,-,2613.4000,2613.2000,2613.0000,2611.2000,2611.0000,2615.8000,2616.0000,2618.0000,2620.0000,2622.0000,2,1,1,2,1,1,1,2,1,3
SF,IH2009,2020-04-03 09:31:27.200,2614.0000,9829,0,74469780.000,0,-,-,-,-,2613.4000,2613.2000,2613.0000,2611.2000,2611.0000,2615.6000,2615.8000,2616.0000,2618.0000,2620.0000,2,1,1,2,2,1,2,1,2,1
SF,IH2009,2020-04-03 09:31:27.700,2613.4000,9828,-1,75253800.000,1,0,1,双平,S,2613.2000,2613.0000,2611.2000,2611.0000,2610.6000,2615.4000,2615.6000,2615.8000,2616.0000,2618.0000,1,1,2,2,1,2,1,2,1,2
SF,IH2009,2020-04-03 09:31:28.200,2613.4000,9828,0,75253800.000,0,-,-,-,-,2613.2000,2613.0000,2611.2000,2611.0000,2610.6000,2615.2000,2615.4000,2615.8000,2616.0000,2618.0000,1,1,2,2,1,1,2,1,1,2
SF,IH2009,2020-04-03 09:31:28.700,2613.4000,9828,0,75253800.000,0,-,-,-,-,2613.0000,2611.2000,2611.0000,2610.6000,2610.2000,2615.0000,2615.2000,2615.8000,2616.0000,2618.0000,1,2,2,1,1,3,1,1,1,2
SF,IH2009,2020-04-03 09:31:29.200,2613.4000,9828,0,75253800.000,0,-,-,-,-,2613.4000,2613.0000,2611.2000,2611.0000,2610.6000,2614.8000,2615.0000,2615.8000,2616.0000,2618.0000,1,1,2,2,1,1,3,1,1,2
SF,IH2009,2020-04-03 09:31:29.700,2613.4000,9827,-1,76037820.000,1,0,1,双平,S,2613.0000,2611.6000,2611.2000,2611.0000,2610.6000,2614.6000,2614.8000,2615.0000,2615.8000,2616.0000,1,1,2,2,1,1,1,2,1,1
SF,IH2009,2020-04-03 09:31:30.200,2613.4000,9827,0,76037820.000,0,-,-,-,-,2613.0000,2611.6000,2611.2000,2611.0000,2610.6000,2614.4000,2615.0000,2615.8000,2616.0000,2618.0000,1,1,2,2,1,2,2,1,1,2
SF,IH2009,2020-04-03 09:31:30.700,2613.0000,9826,-1,76821720.000,1,0,1,双平,S,2611.6000,2611.2000,2611.0000,2610.6000,2610.2000,2612.6000,2614.4000,2615.0000,2615.8000,2616.0000,1,2,2,1,1,1,2,2,1,1
SF,IH2009,2020-04-03 09:31:31.200,2612.6000,9825,-1,77605500.000,1,0,1,双平,S,2611.6000,2611.2000,2611.0000,2610.6000,2610.2000,2614.4000,2614.8000,2615.0000,2615.8000,2616.0000,1,2,2,1,1,2,1,1,1,1
SF,IH2009,2020-04-03 09:31:31.700,2612.6000,9825,0,77605500.000,0,-,-,-,-,2611.8000,2611.6000,2611.2000,2611.0000,2610.6000,2614.2000,2614.4000,2614.8000,2615.8000,2616.0000,4,1,2,2,1,1,1,1,1,1
SF,IH2009,2020-04-03 09:31:32.200,2612.6000,9825,0,77605500.000,0,-,-,-,-,2611.8000,2611.6000,2611.2000,2611.0000,2610.6000,2614.2000,2614.4000,2614.8000,2615.8000,2616.0000,2,1,2,2,1,1,2,1,1,1
SF,IH2009,2020-04-03 09:31:32.700,2612.6000,9825,0,77605500.000,0,-,-,-,-,2611.8000,2611.6000,2611.2000,2611.0000,2610.6000,2614.0000,2614.2000,2614.4000,2614.8000,2615.0000,2,1,2,2,1,1,1,1,1,3
SF,IH2009,2020-04-03 09:31:33.200,2612.6000,9825,0,77605500.000,0,-,-,-,-,2612.0000,2611.8000,2611.6000,2611.2000,2611.0000,2613.4000,2613.8000,2614.8000,2615.0000,2615.8000,1,2,1,2,2,1,1,1,3,1
SF,IH2009,2020-04-03 09:31:33.700,2612.6000,9825,0,77605500.000,0,-,-,-,-,2612.2000,2612.0000,2611.8000,2611.6000,2611.2000,2613.4000,2613.8000,2614.8000,2615.0000,2615.8000,1,4,1,1,2,1,1,1,3,1
SF,IH2009,2020-04-03 09:31:34.200,2613.4000,9824,-1,78389520.000,1,0,1,双平,S,2612.4000,2612.2000,2612.0000,2611.6000,2611.2000,2614.8000,2615.0000,2615.8000,2616.0000,2618.0000,2,2,4,1,2,1,3,1,1,2
SF,IH2009,2020-04-03 09:31:34.700,2613.4000,9824,0,78389520.000,0,-,-,-,-,2613.4000,2612.6000,2612.2000,2612.0000,2611.6000,2614.6000,2614.8000,2615.0000,2615.8000,2616.0000,1,1,1,4,1,2,1,3,1,1
SF,IH2009,2020-04-03 09:31:35.200,2613.4000,9824,0,78389520.000,0,-,-,-,-,2613.4000,2612.6000,2612.0000,2611.6000,2611.2000,2614.4000,2614.6000,2614.8000,2615.0000,2615.8000,1,1,4,1,2,1,2,1,3,1
SF,IH2009,2020-04-03 09:31:35.700,2613.4000,9824,0,79173540.000,1,0,1,多换,S,2612.6000,2612.0000,2611.6000,2611.2000,2611.0000,2614.2000,2614.6000,2614.8000,2615.0000,2615.8000,1,4,1,2,4,1,2,1,3,1
SF,IH2009,2020-04-03 09:31:36.200,2613.4000,9824,0,79173540.000,0,-,-,-,-,2612.0000,2611.6000,2611.2000,2611.0000,2610.6000,2614.0000,2614.6000,2614.8000,2615.0000,2615.8000,3,1,2,4,1,1,2,1,3,1
SF,IH2009,2020-04-03 09:31:36.700,2613.4000,9824,0,79173540.000,0,-,-,-,-,2612.2000,2612.0000,2611.6000,2611.2000,2611.0000,2613.8000,2614.6000,2614.8000,2615.0000,2615.8000,6,3,1,2,4,1,1,1,3,1
SF,IH2009,2020-04-03 09:31:37.200,2613.4000,9824,0,79173540.000,0,-,-,-,-,2612.2000,2612.0000,2611.6000,2611.2000,2611.0000,2614.6000,2614.8000,2615.0000,2615.8000,2616.0000,6,3,1,2,4,1,1,3,1,1
SF,IH2009,2020-04-03 09:31:37.700,2613.4000,9824,0,79173540.000,0,-,-,-,-,2612.4000,2612.2000,2612.0000,2611.6000,2611.2000,2614.6000,2614.8000,2615.0000,2615.8000,2616.0000,1,6,3,1,2,1,1,3,1,1
SF,IH2009,2020-04-03 09:31:38.200,2612.6000,9823,-1,79957320.000,1,0,1,双平,S,2614.0000,2613.8000,2612.6000,2612.4000,2612.2000,2614.6000,2614.8000,2615.0000,2615.8000,2616.0000,1,1,1,1,4,1,1,3,1,1
SF,IH2009,2020-04-03 09:31:38.700,2613.8000,9822,-1,81525660.000,2,0,2,多平,S,2612.6000,2612.4000,2612.2000,2612.0000,2611.6000,2614.0000,2614.4000,2614.8000,2615.0000,2615.8000,2,1,4,3,1,1,2,1,3,1
SF,IH2009,2020-04-03 09:31:39.200,2613.8000,9822,0,81525660.000,0,-,-,-,-,2612.8000,2612.6000,2612.4000,2612.2000,2612.0000,2614.0000,2614.8000,2615.0000,2615.6000,2615.8000,2,1,1,4,3,1,1,3,1,1
SF,IH2009,2020-04-03 09:31:39.700,2613.8000,9822,0,81525660.000,0,-,-,-,-,2612.8000,2612.6000,2612.4000,2612.2000,2612.0000,2614.0000,2614.8000,2615.0000,2615.6000,2615.8000,3,1,1,4,3,1,1,3,1,1
SF,IH2009,2020-04-03 09:31:40.200,2613.8000,9822,0,81525660.000,0,-,-,-,-,2612.8000,2612.6000,2612.4000,2612.2000,2612.0000,2614.0000,2614.8000,2615.0000,2615.6000,2615.8000,2,1,1,4,3,1,1,3,1,1
SF,IH2009,2020-04-03 09:31:40.700,2613.8000,9822,0,81525660.000,0,-,-,-,-,2612.8000,2612.6000,2612.4000,2612.2000,2612.0000,2614.8000,2615.0000,2615.6000,2615.8000,2616.0000,2,1,1,3,3,1,3,1,1,1
SF,IH2009,2020-04-03 09:31:41.200,2613.8000,9822,0,81525660.000,0,-,-,-,-,2613.0000,2612.8000,2612.4000,2612.2000,2612.0000,2614.6000,2614.8000,2615.0000,2615.6000,2615.8000,2,2,1,3,3,1,1,3,1,1
SF,IH2009,2020-04-03 09:31:41.700,2613.8000,9822,0,81525660.000,0,-,-,-,-,2613.0000,2612.8000,2612.4000,2612.2000,2612.0000,2614.4000,2614.8000,2615.0000,2615.6000,2615.8000,3,2,1,3,3,1,1,3,1,1
SF,IH2009,2020-04-03 09:31:42.200,2613.2000,9821,-1,82309620.000,1,0,1,双平,S,2613.0000,2612.8000,2612.4000,2612.2000,2612.0000,2614.8000,2615.0000,2615.6000,2615.8000,2616.0000,3,2,1,3,3,1,3,1,1,1
SF,IH2009,2020-04-03 09:31:42.700,2613.2000,9821,0,82309620.000,0,-,-,-,-,2613.0000,2612.8000,2612.4000,2612.2000,2612.0000,2614.6000,2614.8000,2615.0000,2615.6000,2615.8000,3,2,1,3,3,1,1,3,1,1
SF,IH2009,2020-04-03 09:31:43.200,2613.2000,9821,0,82309620.000,0,-,-,-,-,2613.2000,2613.0000,2612.4000,2612.2000,2612.0000,2614.8000,2615.0000,2615.6000,2616.0000,2618.0000,1,3,1,3,3,1,3,1,1,2
SF,IH2009,2020-04-03 09:31:43.700,2613.2000,9821,0,82309620.000,0,-,-,-,-,2613.4000,2613.2000,2613.0000,2612.4000,2612.2000,2614.8000,2615.0000,2615.6000,2616.0000,2618.0000,3,1,3,1,3,1,3,1,1,2
SF,IH2009,2020-04-03 09:31:44.200,2613.2000,9821,0,82309620.000,0,-,-,-,-,2613.2000,2613.0000,2612.4000,2612.2000,2612.0000,2614.6000,2614.8000,2615.0000,2615.6000,2616.0000,1,2,1,3,3,1,1,3,1,1
SF,IH2009,2020-04-03 09:31:44.700,2613.2000,9821,0,82309620.000,0,-,-,-,-,2613.4000,2613.2000,2613.0000,2612.4000,2612.2000,2614.8000,2615.0000,2615.6000,2616.0000,2618.0000,2,1,2,1,3,2,3,1,1,2
SF,IH2009,2020-04-03 09:31:45.200,2613.2000,9821,0,82309620.000,0,-,-,-,-,2613.4000,2613.2000,2613.0000,2612.4000,2612.2000,2614.6000,2614.8000,2615.0000,2615.6000,2616.0000,2,1,2,1,3,1,2,3,1,1
SF,IH2009,2020-04-03 09:31:45.700,2613.2000,9821,0,82309620.000,0,-,-,-,-,2614.6000,2613.6000,2613.4000,2613.0000,2612.4000,2614.8000,2615.0000,2615.6000,2616.0000,2618.0000,1,1,2,2,1,2,3,1,1,2
SF,IH2009,2020-04-03 09:31:46.200,2614.6000,9820,-1,83094000.000,1,0,1,双平,S,2613.4000,2613.0000,2612.4000,2612.2000,2612.0000,2614.6000,2614.8000,2615.0000,2615.6000,2616.0000,2,2,1,3,3,1,2,3,1,1
SF,IH2009,2020-04-03 09:31:46.700,2614.6000,9820,0,83094000.000,0,-,-,-,-,2613.8000,2613.6000,2613.4000,2613.0000,2612.4000,2614.6000,2614.8000,2615.0000,2615.6000,2616.0000,1,1,2,2,1,1,2,3,1,1
SF,IH2009,2020-04-03 09:31:47.200,2614.6000,9820,0,83094000.000,0,-,-,-,-,2613.8000,2613.6000,2613.4000,2613.0000,2612.4000,2614.6000,2614.8000,2615.0000,2615.6000,2616.0000,1,2,1,2,1,1,2,3,1,1
SF,IH2009,2020-04-03 09:31:47.700,2615.0000,9815,-5,87016260.000,5,0,5,双平,S,2614.8000,2614.0000,2613.8000,2613.6000,2613.4000,2615.0000,2615.6000,2616.0000,2616.6000,2618.0000,1,2,1,2,1,1,1,1,1,2
SF,IH2009,2020-04-03 09:31:48.200,2615.0000,9814,-1,87800760.000,1,0,1,双平,S,2614.8000,2614.2000,2614.0000,2613.8000,2613.6000,2615.6000,2616.0000,2616.6000,2618.0000,2620.0000,1,1,2,2,2,1,1,1,2,1
SF,IH2009,2020-04-03 09:31:48.700,2615.0000,9814,0,87800760.000,0,-,-,-,-,2615.0000,2614.8000,2614.2000,2614.0000,2613.8000,2615.4000,2616.0000,2616.6000,2618.0000,2620.0000,1,1,1,2,2,1,1,1,2,1
SF,IH2009,2020-04-03 09:31:49.200,2615.0000,9814,0,87800760.000,0,-,-,-,-,2615.4000,2615.0000,2614.8000,2614.0000,2613.8000,2616.0000,2616.6000,2617.4000,2618.0000,2620.0000,1,1,1,2,2,1,1,1,2,1
SF,IH2009,2020-04-03 09:31:49.700,2615.4000,9813,-1,88585380.000,1,0,1,双平,S,2614.8000,2614.0000,2613.8000,2613.6000,2613.4000,2615.4000,2615.8000,2616.0000,2616.6000,2617.4000,1,2,2,1,1,1,1,1,1,1
SF,IH2009,2020-04-03 09:31:50.200,2615.4000,9813,0,88585380.000,0,-,-,-,-,2614.8000,2614.0000,2613.8000,2613.6000,2613.4000,2615.4000,2616.0000,2616.6000,2617.4000,2618.0000,1,2,2,1,1,1,1,1,1,2
SF,IH2009,2020-04-03 09:31:50.700,2615.4000,9813,0,88585380.000,0,-,-,-,-,2614.8000,2614.0000,2613.8000,2613.6000,2613.4000,2615.4000,2616.0000,2616.6000,2617.4000,2618.0000,1,2,2,1,1,1,2,1,1,2
SF,IH2009,2020-04-03 09:31:51.200,2615.4000,9813,0,88585380.000,0,-,-,-,-,2614.0000,2613.8000,2613.6000,2613.4000,2613.0000,2614.8000,2615.4000,2616.0000,2616.6000,2617.4000,2,2,1,1,2,1,1,2,1,1
SF,IH2009,2020-04-03 09:31:51.700,2615.4000,9813,0,88585380.000,0,-,-,-,-,2614.2000,2614.0000,2613.8000,2613.6000,2613.4000,2615.4000,2616.0000,2616.6000,2618.0000,2620.0000,1,2,2,1,1,1,2,1,2,1
SF,IH2009,2020-04-03 09:31:52.200,2615.4000,9813,0,88585380.000,0,-,-,-,-,2614.8000,2614.4000,2614.2000,2614.0000,2613.8000,2615.4000,2616.0000,2616.6000,2617.4000,2618.0000,1,1,2,2,2,1,2,1,1,2
SF,IH2009,2020-04-03 09:31:52.700,2615.4000,9813,0,88585380.000,0,-,-,-,-,2614.4000,2614.2000,2614.0000,2613.8000,2613.6000,2615.4000,2616.0000,2616.6000,2617.4000,2618.0000,1,2,2,2,1,1,2,1,1,2
SF,IH2009,2020-04-03 09:31:53.700,2615.4000,9813,0,88585380.000,0,-,-,-,-,2614.4000,2614.2000,2614.0000,2613.8000,2613.4000,2615.4000,2616.0000,2616.6000,2617.4000,2618.0000,1,2,2,2,1,1,2,1,1,2
SF,IH2009,2020-04-03 09:31:54.200,2615.4000,9813,0,88585380.000,0,-,-,-,-,2614.4000,2614.2000,2614.0000,2613.8000,2613.4000,2615.2000,2615.4000,2616.0000,2616.6000,2617.4000,1,1,2,2,1,1,1,2,1,1
SF,IH2009,2020-04-03 09:31:54.700,2615.4000,9813,0,88585380.000,0,-,-,-,-,2614.6000,2614.4000,2614.2000,2614.0000,2613.8000,2615.4000,2616.0000,2616.6000,2617.4000,2618.0000,1,1,1,2,2,1,2,1,1,2
SF,IH2009,2020-04-03 09:31:55.200,2614.4000,9813,0,90154080.000,2,1,1,多换,S,2614.2000,2614.0000,2613.8000,2613.4000,2613.0000,2614.6000,2615.2000,2615.4000,2616.0000,2616.6000,1,2,2,1,2,1,1,1,2,1
SF,IH2009,2020-04-03 09:31:55.700,2614.6000,9811,-2,91722720.000,2,0,2,双平,S,2613.8000,2613.4000,2613.0000,2612.4000,2612.2000,2615.4000,2616.0000,2616.6000,2618.0000,2620.0000,2,1,2,1,1,1,2,1,2,1
SF,IH2009,2020-04-03 09:31:56.200,2615.2000,9811,0,92507280.000,1,0,1,多换,S,2613.8000,2613.4000,2613.0000,2612.4000,2612.2000,2615.2000,2615.4000,2616.0000,2616.6000,2618.0000,2,1,2,1,1,3,1,2,1,2
SF,IH2009,2020-04-03 09:31:57.200,2615.2000,9811,0,92507280.000,0,-,-,-,-,2613.8000,2613.0000,2612.4000,2612.2000,2612.0000,2615.2000,2615.4000,2616.0000,2616.6000,2618.0000,2,1,1,1,4,3,1,2,1,2
SF,IH2009,2020-04-03 09:31:58.700,2615.2000,9811,0,92507280.000,0,-,-,-,-,2613.8000,2613.0000,2612.4000,2612.2000,2612.0000,2615.2000,2615.4000,2616.0000,2616.6000,2618.0000,2,1,1,1,4,3,1,2,1,2
SF,IH2009,2020-04-03 09:31:59.200,2615.2000,9810,-1,93291840.000,1,0,1,双平,S,2613.8000,2613.0000,2612.4000,2612.2000,2612.0000,2615.2000,2615.4000,2616.0000,2616.6000,2618.0000,2,1,1,1,4,2,1,2,1,2
SF,IH2009,2020-04-03 09:31:59.700,2615.2000,9810,0,93291840.000,0,-,-,-,-,2614.0000,2613.8000,2613.0000,2612.4000,2612.2000,2615.2000,2615.4000,2616.0000,2616.6000,2618.0000,2,2,1,1,1,2,1,2,1,2
SF,IH2009,2020-04-03 09:32:00.200,2615.2000,9810,0,93291840.000,0,-,-,-,-,2614.0000,2613.8000,2613.0000,2612.4000,2612.2000,2615.0000,2615.2000,2615.4000,2616.0000,2616.6000,2,2,1,1,1,1,1,1,2,1
SF,IH2009,2020-04-03 09:32:00.700,2615.0000,9808,-2,94860840.000,2,0,2,双平,S,2615.4000,2615.2000,2615.0000,2614.0000,2613.8000,2616.0000,2616.6000,2618.0000,2620.0000,2620.2000,1,1,1,2,2,2,1,2,1,1
SF,IH2009,2020-04-03 09:32:01.200,2616.0000,9807,-1,95645640.000,1,0,1,双平,S,2616.2000,2615.4000,2615.2000,2615.0000,2614.0000,2616.6000,2618.0000,2620.0000,2620.2000,2623.0000,1,1,1,1,2,1,2,1,1,1
SF,IH2009,2020-04-03 09:32:01.700,2616.0000,9807,0,95645640.000,0,-,-,-,-,2615.4000,2615.2000,2615.0000,2613.8000,2612.4000,2616.2000,2616.6000,2618.0000,2620.0000,2620.2000,1,1,1,1,1,1,1,2,1,1
SF,IH2009,2020-04-03 09:32:02.200,2616.0000,9807,0,95645640.000,0,-,-,-,-,2615.4000,2615.2000,2615.0000,2613.8000,2612.4000,2616.0000,2616.2000,2616.6000,2618.0000,2620.0000,1,1,1,1,1,1,1,1,2,1
SF,IH2009,2020-04-03 09:32:02.700,2616.0000,9807,0,95645640.000,0,-,-,-,-,2615.2000,2615.0000,2613.8000,2612.4000,2612.2000,2615.4000,2616.0000,2616.2000,2616.6000,2617.4000,1,1,1,1,1,1,1,1,1,1
SF,IH2009,2020-04-03 09:32:03.200,2615.2000,9806,-1,96430200.000,1,0,1,双平,S,2614.2000,2613.8000,2612.4000,2612.2000,2612.0000,2615.2000,2615.4000,2616.0000,2616.2000,2616.6000,1,1,1,1,3,1,1,1,1,1
SF,IH2009,2020-04-03 09:32:03.700,2615.2000,9806,0,96430200.000,0,-,-,-,-,2614.4000,2614.2000,2613.8000,2613.6000,2612.4000,2615.2000,2615.4000,2616.0000,2616.2000,2616.6000,2,1,1,1,1,1,1,1,1,1
SF,IH2009,2020-04-03 09:32:04.200,2615.2000,9806,0,96430200.000,0,-,-,-,-,2614.4000,2614.2000,2613.8000,2613.6000,2612.8000,2615.2000,2615.4000,2616.0000,2616.2000,2616.6000,2,1,1,1,1,1,1,1,1,1
SF,IH2009,2020-04-03 09:32:04.700,2615.2000,9806,0,96430200.000,0,-,-,-,-,2614.6000,2614.4000,2614.2000,2613.8000,2613.6000,2615.2000,2615.4000,2616.0000,2616.2000,2616.6000,1,1,1,1,1,1,1,1,1,1
SF,IH2009,2020-04-03 09:32:05.200,2614.6000,9805,-1,97214580.000,1,0,1,双平,S,2614.4000,2614.2000,2613.8000,2613.6000,2612.8000,2615.2000,2615.4000,2616.0000,2616.2000,2616.6000,1,1,1,1,1,1,1,1,1,1
SF,IH2009,2020-04-03 09:32:05.700,2614.6000,9805,0,97214580.000,0,-,-,-,-,2614.2000,2613.8000,2613.6000,2612.8000,2612.4000,2615.2000,2615.4000,2616.0000,2616.2000,2616.6000,1,1,1,1,1,1,1,1,1,1
SF,IH2009,2020-04-03 09:32:06.200,2614.6000,9805,0,97214580.000,0,-,-,-,-,2614.4000,2614.2000,2613.8000,2613.6000,2613.0000,2615.2000,2615.4000,2616.0000,2616.2000,2616.6000,1,1,1,1,1,1,1,1,1,1
SF,IH2009,2020-04-03 09:32:06.700,2614.6000,9805,0,97214580.000,0,-,-,-,-,2614.2000,2613.8000,2613.6000,2613.0000,2612.8000,2615.2000,2615.4000,2616.0000,2616.2000,2616.6000,1,1,1,1,1,1,1,1,1,1
SF,IH2009,2020-04-03 09:32:07.200,2614.6000,9805,0,97214580.000,0,-,-,-,-,2614.2000,2613.8000,2613.6000,2613.0000,2612.8000,2615.2000,2615.4000,2616.0000,2616.2000,2616.6000,1,1,1,1,1,1,1,1,1,1
SF,IH2009,2020-04-03 09:32:07.700,2614.6000,9805,0,97214580.000,0,-,-,-,-,2613.8000,2613.6000,2613.0000,2612.8000,2612.4000,2615.2000,2615.4000,2616.0000,2616.2000,2616.6000,1,1,1,1,1,1,1,1,1,1
SF,IH2009,2020-04-03 09:32:08.200,2614.6000,9805,0,97214580.000,0,-,-,-,-,2613.8000,2613.6000,2613.0000,2612.8000,2612.4000,2615.2000,2615.4000,2616.0000,2616.2000,2616.6000,1,1,1,1,1,1,1,1,1,1
SF,IH2009,2020-04-03 09:32:09.200,2613.8000,9805,0,97998720.000,1,0,1,多换,S,2613.6000,2613.0000,2612.8000,2612.4000,2612.2000,2615.0000,2615.2000,2615.4000,2616.0000,2616.2000,1,1,1,1,1,2,1,1,1,1
SF,IH2009,2020-04-03 09:32:09.700,2613.8000,9805,0,97998720.000,0,-,-,-,-,2613.0000,2612.8000,2612.4000,2612.2000,2612.0000,2613.8000,2614.8000,2615.0000,2615.2000,2615.4000,1,1,1,1,3,1,1,2,1,1
SF,IH2009,2020-04-03 09:32:10.200,2613.8000,9805,0,98782860.000,1,0,1,多换,S,2613.4000,2613.0000,2612.8000,2612.4000,2612.2000,2615.2000,2615.4000,2616.0000,2618.0000,2620.0000,1,1,1,1,1,1,1,1,2,1
SF,IH2009,2020-04-03 09:32:10.700,2613.8000,9805,0,98782860.000,0,-,-,-,-,2613.4000,2613.0000,2612.8000,2612.4000,2612.2000,2615.0000,2615.2000,2615.4000,2616.0000,2617.2000,1,1,1,1,1,3,1,1,1,1
SF,IH2009,2020-04-03 09:32:11.200,2613.4000,9804,-1,99566880.000,1,0,1,双平,S,2613.0000,2612.8000,2612.4000,2612.2000,2612.0000,2615.0000,2615.2000,2615.4000,2616.0000,2617.2000,1,1,1,1,3,3,1,1,1,1
SF,IH2009,2020-04-03 09:32:11.700,2613.4000,9804,0,99566880.000,0,-,-,-,-,2613.2000,2613.0000,2612.8000,2612.4000,2612.2000,2614.8000,2615.0000,2615.2000,2615.4000,2616.0000,1,1,1,1,1,1,3,1,1,1
SF,IH2009,2020-04-03 09:32:12.200,2613.4000,9804,0,99566880.000,0,-,-,-,-,2613.0000,2612.8000,2612.4000,2612.2000,2612.0000,2614.6000,2614.8000,2615.0000,2615.2000,2615.4000,1,1,1,1,3,1,2,2,1,1
SF,IH2009,2020-04-03 09:32:12.700,2613.2000,9803,-1,100350840.000,1,0,1,双平,S,2613.0000,2612.8000,2612.4000,2612.2000,2612.0000,2614.4000,2614.8000,2615.0000,2615.2000,2615.4000,1,1,1,1,3,1,2,2,1,1
SF,IH2009,2020-04-03 09:32:13.200,2613.2000,9803,0,100350840.000,0,-,-,-,-,2613.0000,2612.8000,2612.4000,2612.2000,2612.0000,2614.2000,2614.8000,2615.0000,2615.2000,2615.4000,1,1,1,1,3,1,2,2,1,1
SF,IH2009,2020-04-03 09:32:13.700,2613.2000,9803,0,100350840.000,0,-,-,-,-,2613.0000,2612.8000,2612.4000,2612.2000,2612.0000,2614.0000,2614.8000,2615.0000,2615.2000,2615.4000,1,1,1,1,3,1,2,2,1,1
SF,IH2009,2020-04-03 09:32:14.200,2613.2000,9803,0,100350840.000,0,-,-,-,-,2613.0000,2612.8000,2612.4000,2612.2000,2612.0000,2613.8000,2614.8000,2615.0000,2615.2000,2615.4000,2,1,1,1,3,1,2,2,1,1
SF,IH2009,2020-04-03 09:32:14.700,2613.2000,9803,0,100350840.000,0,-,-,-,-,2613.0000,2612.8000,2612.4000,2612.2000,2612.0000,2614.8000,2615.0000,2615.2000,2615.4000,2616.0000,2,1,1,1,3,2,2,1,1,1
SF,IH2009,2020-04-03 09:32:15.200,2613.2000,9803,0,100350840.000,0,-,-,-,-,2613.0000,2612.8000,2612.4000,2612.2000,2612.0000,2614.6000,2614.8000,2615.2000,2615.4000,2616.0000,2,1,1,1,3,3,2,1,1,1
SF,IH2009,2020-04-03 09:32:16.200,2613.0000,9803,0,101134740.000,1,0,1,多换,S,2613.0000,2612.8000,2612.4000,2612.2000,2612.0000,2614.6000,2614.8000,2615.2000,2615.4000,2616.0000,1,1,1,1,5,3,2,1,1,1
SF,IH2009,2020-04-03 09:32:16.700,2613.0000,9803,0,101134740.000,0,-,-,-,-,2613.0000,2612.8000,2612.4000,2612.0000,2611.8000,2614.4000,2614.6000,2614.8000,2615.2000,2615.4000,1,1,1,5,1,1,3,1,1,1
SF,IH2009,2020-04-03 09:32:17.200,2613.0000,9803,0,101134740.000,0,-,-,-,-,2613.0000,2612.8000,2612.4000,2612.0000,2611.8000,2614.2000,2614.4000,2614.6000,2614.8000,2615.2000,1,1,1,5,1,2,1,1,1,1
SF,IH2009,2020-04-03 09:32:18.200,2613.0000,9803,0,101918640.000,1,0,1,多换,S,2612.4000,2612.0000,2611.8000,2611.6000,2611.2000,2614.2000,2614.4000,2614.6000,2614.8000,2615.2000,1,5,1,1,1,2,1,1,1,1
SF,IH2009,2020-04-03 09:32:18.700,2613.0000,9803,0,101918640.000,0,-,-,-,-,2612.0000,2611.8000,2611.6000,2611.2000,2610.6000,2614.0000,2614.2000,2614.4000,2614.8000,2615.2000,2,1,1,1,1,1,2,2,1,1
SF,IH2009,2020-04-03 09:32:19.200,2613.0000,9803,0,101918640.000,0,-,-,-,-,2612.0000,2611.8000,2611.6000,2611.2000,2610.6000,2613.8000,2614.0000,2614.4000,2614.8000,2615.2000,2,1,1,1,1,2,2,1,1,1
SF,IH2009,2020-04-03 09:32:19.700,2613.0000,9803,0,101918640.000,0,-,-,-,-,2612.0000,2611.8000,2611.6000,2611.2000,2610.6000,2613.6000,2613.8000,2614.4000,2614.8000,2615.2000,2,1,1,1,1,2,2,1,1,1
SF,IH2009,2020-04-03 09:32:20.200,2613.0000,9803,0,101918640.000,0,-,-,-,-,2612.0000,2611.8000,2611.6000,2611.2000,2610.6000,2613.4000,2613.6000,2613.8000,2614.8000,2615.2000,2,1,1,1,1,1,1,1,1,1
SF,IH2009,2020-04-03 09:32:20.700,2613.0000,9803,0,101918640.000,0,-,-,-,-,2612.0000,2611.8000,2611.6000,2611.2000,2610.6000,2613.2000,2613.6000,2613.8000,2614.8000,2615.2000,2,1,1,1,1,1,1,1,1,1
SF,IH2009,2020-04-03 09:32:21.200,2613.0000,9803,0,101918640.000,0,-,-,-,-,2612.0000,2611.8000,2611.6000,2611.2000,2610.6000,2613.0000,2613.6000,2613.8000,2615.2000,2615.4000,2,1,1,1,1,1,1,1,1,1
SF,IH2009,2020-04-03 09:32:21.700,2613.0000,9803,0,101918640.000,0,-,-,-,-,2612.0000,2611.8000,2611.6000,2611.2000,2610.6000,2613.6000,2613.8000,2615.2000,2618.0000,2620.0000,2,1,1,1,1,1,1,1,2,1
SF,IH2009,2020-04-03 09:32:22.200,2613.0000,9803,0,101918640.000,0,-,-,-,-,2612.0000,2611.8000,2611.6000,2611.2000,2610.6000,2613.0000,2613.4000,2613.6000,2613.8000,2615.2000,2,1,1,1,1,2,1,1,1,1
SF,IH2009,2020-04-03 09:32:22.700,2613.0000,9803,0,101918640.000,0,-,-,-,-,2612.0000,2611.8000,2611.6000,2611.2000,2610.6000,2613.0000,2613.4000,2613.6000,2615.2000,2618.0000,2,1,1,1,1,2,1,1,1,2
SF,IH2009,2020-04-03 09:32:24.200,2613.0000,9803,0,101918640.000,0,-,-,-,-,2612.0000,2611.8000,2611.6000,2611.2000,2610.6000,2612.8000,2613.0000,2613.4000,2613.6000,2615.2000,3,1,1,1,1,1,2,1,1,1
SF,IH2009,2020-04-03 09:32:24.700,2613.0000,9800,-3,104270280.000,3,0,3,双平,S,2612.8000,2612.0000,2611.8000,2611.6000,2611.2000,2613.6000,2618.0000,2620.0000,2620.2000,2623.0000,1,3,1,1,1,1,2,1,1,1
SF,IH2009,2020-04-03 09:32:25.200,2613.0000,9799,-1,105838260.000,2,0,2,多平,S,2613.0000,2612.8000,2612.2000,2612.0000,2611.8000,2618.0000,2620.0000,2620.2000,2623.0000,2624.8000,1,1,1,3,1,2,1,1,1,5
SF,IH2009,2020-04-03 09:32:25.700,2613.0000,9799,0,106622160.000,1,0,1,多换,S,2613.2000,2613.0000,2612.8000,2612.0000,2611.8000,2615.8000,2616.0000,2616.4000,2617.6000,2617.8000,1,1,1,4,1,1,3,1,1,4
SF,IH2009,2020-04-03 09:32:26.200,2613.0000,9799,0,106622160.000,0,-,-,-,-,2613.2000,2613.0000,2612.8000,2612.0000,2611.8000,2615.6000,2616.0000,2617.6000,2617.8000,2618.0000,1,1,1,4,1,4,2,1,2,2
SF,IH2009,2020-04-03 09:32:26.700,2613.0000,9799,0,106622160.000,0,-,-,-,-,2613.2000,2613.0000,2612.8000,2612.0000,2611.8000,2615.4000,2615.6000,2616.0000,2617.6000,2617.8000,1,1,1,4,1,1,2,1,1,2
SF,IH2009,2020-04-03 09:32:27.200,2613.0000,9799,0,106622160.000,0,-,-,-,-,2613.4000,2613.2000,2613.0000,2612.8000,2612.0000,2615.6000,2617.6000,2617.8000,2618.0000,2618.2000,1,1,1,1,4,2,1,2,2,1
SF,IH2009,2020-04-03 09:32:27.700,2613.0000,9799,0,106622160.000,0,-,-,-,-,2613.6000,2613.4000,2613.0000,2612.8000,2612.0000,2615.6000,2617.6000,2617.8000,2618.0000,2618.2000,1,1,1,1,4,1,1,2,2,1
SF,IH2009,2020-04-03 09:32:28.200,2613.0000,9799,0,106622160.000,0,-,-,-,-,2613.6000,2613.0000,2612.8000,2612.0000,2611.8000,2615.4000,2615.6000,2617.6000,2617.8000,2618.0000,1,1,1,4,1,1,1,1,2,2
SF,IH2009,2020-04-03 09:32:28.700,2613.0000,9799,0,106622160.000,0,-,-,-,-,2613.6000,2613.0000,2612.8000,2612.0000,2611.8000,2615.2000,2617.6000,2617.8000,2618.0000,2618.2000,1,1,1,4,1,2,1,2,2,1
SF,IH2009,2020-04-03 09:32:29.700,2613.4000,9799,0,107406180.000,1,0,1,多换,S,2613.0000,2612.8000,2612.0000,2611.8000,2611.6000,2615.2000,2617.6000,2617.8000,2618.0000,2618.2000,1,1,4,1,1,2,1,2,2,1
SF,IH2009,2020-04-03 09:32:30.200,2613.4000,9799,0,107406180.000,0,-,-,-,-,2613.0000,2612.8000,2612.0000,2611.8000,2611.6000,2615.2000,2617.6000,2617.8000,2618.0000,2618.2000,1,1,4,1,1,1,1,2,2,1
SF,IH2009,2020-04-03 09:32:30.700,2613.4000,9799,0,107406180.000,0,-,-,-,-,2613.0000,2612.8000,2612.0000,2611.8000,2611.6000,2615.0000,2615.2000,2617.6000,2617.8000,2618.0000,1,1,4,1,1,1,1,1,2,2
SF,IH2009,2020-04-03 09:32:31.200,2613.4000,9799,0,107406180.000,0,-,-,-,-,2613.2000,2613.0000,2612.8000,2612.0000,2611.8000,2614.8000,2615.0000,2615.2000,2617.6000,2617.8000,1,1,1,4,1,1,1,1,1,2
SF,IH2009,2020-04-03 09:32:31.700,2613.4000,9799,0,107406180.000,0,-,-,-,-,2613.0000,2612.8000,2612.0000,2611.8000,2611.6000,2614.6000,2615.0000,2615.2000,2617.6000,2617.8000,1,1,4,1,1,1,1,1,1,2
SF,IH2009,2020-04-03 09:32:32.200,2613.4000,9799,0,107406180.000,0,-,-,-,-,2613.0000,2612.8000,2612.0000,2611.8000,2611.6000,2614.4000,2615.0000,2615.2000,2617.6000,2617.8000,2,1,5,1,1,1,1,1,1,2
SF,IH2009,2020-04-03 09:32:32.700,2613.4000,9799,0,107406180.000,0,-,-,-,-,2613.0000,2612.8000,2612.0000,2611.8000,2611.6000,2614.2000,2615.0000,2615.2000,2617.6000,2617.8000,3,1,5,1,1,1,1,1,1,1
SF,IH2009,2020-04-03 09:32:33.200,2613.4000,9799,0,107406180.000,0,-,-,-,-,2613.2000,2613.0000,2612.8000,2612.0000,2611.8000,2615.0000,2615.2000,2617.6000,2617.8000,2618.0000,1,3,1,5,1,1,1,1,1,2
SF,IH2009,2020-04-03 09:32:33.700,2613.4000,9799,0,107406180.000,0,-,-,-,-,2613.0000,2612.8000,2612.0000,2611.8000,2611.6000,2614.8000,2615.0000,2615.2000,2617.6000,2617.8000,3,1,5,1,1,1,1,1,1,1
SF,IH2009,2020-04-03 09:32:34.200,2613.4000,9799,0,107406180.000,0,-,-,-,-,2613.2000,2613.0000,2612.8000,2612.0000,2611.8000,2614.8000,2615.0000,2617.6000,2617.8000,2618.0000,2,3,1,5,1,1,1,1,1,2
SF,IH2009,2020-04-03 09:32:34.700,2613.4000,9799,0,107406180.000,0,-,-,-,-,2614.4000,2613.2000,2613.0000,2612.8000,2612.0000,2614.8000,2617.6000,2617.8000,2618.0000,2618.2000,1,2,3,1,5,1,1,1,2,1
SF,IH2009,2020-04-03 09:32:35.200,2614.4000,9799,0,108190500.000,1,0,1,多换,S,2613.2000,2613.0000,2612.8000,2612.0000,2611.6000,2614.8000,2617.6000,2617.8000,2618.0000,2618.2000,1,3,1,5,1,1,1,1,2,1
SF,IH2009,2020-04-03 09:32:35.700,2614.8000,9799,0,108974940.000,1,0,1,多换,S,2613.4000,2613.2000,2613.0000,2612.8000,2612.0000,2617.6000,2617.8000,2618.0000,2618.2000,2620.0000,1,1,3,1,5,1,1,2,1,1
SF,IH2009,2020-04-03 09:32:36.200,2614.8000,9799,0,108974940.000,0,-,-,-,-,2613.0000,2612.8000,2612.0000,2611.6000,2611.2000,2616.2000,2617.4000,2617.6000,2617.8000,2618.0000,3,1,5,2,1,1,4,1,1,2
SF,IH2009,2020-04-03 09:32:36.700,2614.8000,9799,0,108974940.000,0,-,-,-,-,2613.2000,2613.0000,2612.8000,2612.0000,2611.6000,2616.0000,2616.2000,2617.4000,2617.6000,2617.8000,2,3,1,5,2,3,1,1,2,1
SF,IH2009,2020-04-03 09:32:37.200,2614.8000,9799,0,108974940.000,0,-,-,-,-,2613.2000,2613.0000,2612.8000,2612.0000,2611.6000,2616.0000,2617.4000,2617.6000,2617.8000,2618.0000,1,3,1,5,2,4,1,1,1,2
SF,IH2009,2020-04-03 09:32:37.700,2614.8000,9799,0,108974940.000,0,-,-,-,-,2613.2000,2613.0000,2612.8000,2612.0000,2611.6000,2615.6000,2616.0000,2617.4000,2617.6000,2617.8000,1,3,1,5,2,1,4,1,1,1
SF,IH2009,2020-04-03 09:32:38.200,2614.8000,9799,0,108974940.000,0,-,-,-,-,2613.2000,2613.0000,2612.8000,2612.0000,2611.6000,2615.4000,2615.6000,2616.0000,2617.4000,2617.6000,1,3,1,5,2,3,1,3,1,1
SF,IH2009,2020-04-03 09:32:38.700,2614.8000,9799,0,108974940.000,0,-,-,-,-,2613.0000,2612.8000,2612.0000,2611.6000,2611.2000,2615.2000,2615.4000,2615.8000,2616.0000,2617.4000,4,1,5,2,1,2,2,1,1,1
SF,IH2009,2020-04-03 09:32:39.200,2614.8000,9799,0,108974940.000,0,-,-,-,-,2613.0000,2612.8000,2612.0000,2611.6000,2611.2000,2615.0000,2615.2000,2615.4000,2615.8000,2616.0000,4,1,5,2,1,2,2,1,1,1
SF,IH2009,2020-04-03 09:32:39.700,2614.8000,9799,0,108974940.000,0,-,-,-,-,2613.0000,2612.8000,2612.0000,2611.6000,2611.2000,2614.8000,2615.0000,2615.2000,2615.4000,2615.8000,4,1,5,2,2,1,2,2,1,1
SF,IH2009,2020-04-03 09:32:40.200,2614.8000,9799,0,108974940.000,0,-,-,-,-,2613.0000,2612.8000,2612.0000,2611.6000,2611.2000,2614.6000,2615.0000,2615.2000,2615.4000,2615.8000,4,1,5,2,2,2,1,2,1,1
SF,IH2009,2020-04-03 09:32:40.700,2614.8000,9799,0,108974940.000,0,-,-,-,-,2613.0000,2612.8000,2612.6000,2612.0000,2611.6000,2614.6000,2615.0000,2615.2000,2615.4000,2615.8000,4,1,1,5,2,1,1,2,1,1
SF,IH2009,2020-04-03 09:32:41.200,2614.8000,9799,0,108974940.000,0,-,-,-,-,2613.0000,2612.8000,2612.6000,2612.0000,2611.6000,2614.4000,2615.0000,2615.2000,2615.4000,2615.8000,4,1,1,5,2,1,1,2,1,1
SF,IH2009,2020-04-03 09:32:41.700,2614.8000,9799,0,108974940.000,0,-,-,-,-,2613.0000,2612.8000,2612.6000,2612.0000,2611.6000,2614.2000,2615.0000,2615.2000,2615.4000,2615.8000,4,1,1,5,2,1,1,2,1,1
SF,IH2009,2020-04-03 09:32:42.200,2614.8000,9799,0,108974940.000,0,-,-,-,-,2613.2000,2613.0000,2612.8000,2612.6000,2612.0000,2615.0000,2615.2000,2615.4000,2615.8000,2616.0000,1,4,1,1,5,1,2,1,1,1
SF,IH2009,2020-04-03 09:32:42.700,2614.8000,9799,0,108974940.000,0,-,-,-,-,2613.2000,2613.0000,2612.8000,2612.6000,2612.0000,2614.8000,2615.0000,2615.2000,2615.4000,2615.8000,1,4,1,1,5,4,1,1,1,1
SF,IH2009,2020-04-03 09:32:43.200,2614.8000,9799,0,108974940.000,0,-,-,-,-,2613.2000,2613.0000,2612.8000,2612.6000,2612.0000,2614.8000,2615.2000,2615.4000,2615.8000,2616.0000,1,4,1,1,5,4,1,1,1,1
SF,IH2009,2020-04-03 09:32:45.200,2613.0000,9798,-1,111326820.000,3,1,2,多平,S,2613.0000,2612.8000,2612.6000,2612.0000,2611.6000,2614.8000,2615.2000,2615.4000,2616.0000,2617.4000,4,1,1,5,2,4,1,1,1,1
SF,IH2009,2020-04-03 09:32:45.700,2613.0000,9798,0,111326820.000,0,-,-,-,-,2613.0000,2612.8000,2612.6000,2612.0000,2611.6000,2614.8000,2615.2000,2615.4000,2616.0000,2617.4000,4,1,1,5,2,2,1,1,1,1
SF,IH2009,2020-04-03 09:32:46.200,2613.0000,9798,0,111326820.000,0,-,-,-,-,2613.0000,2612.8000,2612.6000,2612.0000,2611.6000,2614.8000,2615.2000,2615.4000,2616.0000,2617.4000,4,1,1,5,2,1,1,1,1,1
SF,IH2009,2020-04-03 09:32:46.700,2613.0000,9798,0,111326820.000,0,-,-,-,-,2613.2000,2613.0000,2612.8000,2612.6000,2612.0000,2614.6000,2615.2000,2615.4000,2616.0000,2617.4000,1,5,1,1,5,1,1,1,1,1
SF,IH2009,2020-04-03 09:32:47.200,2613.0000,9798,0,111326820.000,0,-,-,-,-,2613.2000,2613.0000,2612.8000,2612.6000,2612.0000,2614.4000,2615.2000,2615.4000,2616.0000,2617.4000,1,5,1,1,5,1,1,1,1,1
SF,IH2009,2020-04-03 09:32:47.700,2613.0000,9798,0,111326820.000,0,-,-,-,-,2613.2000,2613.0000,2612.8000,2612.6000,2612.0000,2615.2000,2615.4000,2616.0000,2617.4000,2617.6000,1,5,1,1,5,1,1,1,1,1
SF,IH2009,2020-04-03 09:32:48.200,2613.0000,9798,0,111326820.000,0,-,-,-,-,2613.2000,2613.0000,2612.8000,2612.6000,2612.0000,2615.0000,2615.4000,2616.0000,2617.4000,2617.6000,1,5,1,1,5,1,1,1,1,1
SF,IH2009,2020-04-03 09:32:48.700,2613.0000,9798,0,111326820.000,0,-,-,-,-,2613.2000,2613.0000,2612.8000,2612.6000,2612.0000,2614.8000,2615.4000,2616.0000,2617.4000,2617.6000,1,5,1,1,5,1,1,1,1,1
SF,IH2009,2020-04-03 09:32:49.200,2613.0000,9798,0,112110720.000,1,0,1,多换,S,2613.0000,2612.8000,2612.6000,2612.0000,2611.6000,2614.6000,2615.4000,2616.0000,2617.4000,2617.6000,5,1,1,5,2,1,1,1,1,1
SF,IH2009,2020-04-03 09:32:49.700,2613.0000,9798,0,112110720.000,0,-,-,-,-,2613.0000,2612.8000,2612.6000,2612.0000,2611.6000,2614.4000,2615.4000,2616.0000,2617.4000,2617.6000,5,1,1,5,2,1,1,1,1,1
SF,IH2009,2020-04-03 09:32:50.200,2613.0000,9798,0,112110720.000,0,-,-,-,-,2613.0000,2612.8000,2612.6000,2612.0000,2611.6000,2614.2000,2615.4000,2616.0000,2617.4000,2617.6000,5,1,1,5,2,1,1,1,1,1
SF,IH2009,2020-04-03 09:32:50.700,2613.0000,9798,0,112110720.000,0,-,-,-,-,2613.0000,2612.8000,2612.6000,2612.0000,2611.6000,2614.0000,2615.4000,2616.0000,2617.4000,2617.6000,5,1,1,5,2,1,1,1,1,1
SF,IH2009,2020-04-03 09:32:51.200,2613.0000,9798,0,112110720.000,0,-,-,-,-,2613.0000,2612.8000,2612.6000,2612.0000,2611.6000,2615.4000,2616.0000,2617.4000,2617.6000,2617.8000,5,1,1,5,2,1,1,1,1,1
SF,IH2009,2020-04-03 09:32:51.700,2613.0000,9798,0,112110720.000,0,-,-,-,-,2613.0000,2612.8000,2612.6000,2612.0000,2611.6000,2615.2000,2615.4000,2616.0000,2617.4000,2617.6000,5,2,1,5,2,2,1,1,1,1
SF,IH2009,2020-04-03 09:32:53.700,2613.0000,9798,0,112110720.000,0,-,-,-,-,2613.0000,2612.8000,2612.6000,2612.0000,2611.6000,2614.8000,2615.0000,2615.2000,2615.4000,2616.0000,5,2,1,5,2,1,1,2,1,1
SF,IH2009,2020-04-03 09:32:54.200,2613.0000,9798,0,112110720.000,0,-,-,-,-,2613.0000,2612.8000,2612.6000,2612.0000,2611.6000,2614.6000,2614.8000,2615.0000,2615.2000,2615.4000,5,2,1,5,2,1,1,1,2,1
SF,IH2009,2020-04-03 09:32:54.700,2613.0000,9798,0,112110720.000,0,-,-,-,-,2613.0000,2612.8000,2612.6000,2612.0000,2611.6000,2614.4000,2614.6000,2614.8000,2615.2000,2615.4000,5,2,1,5,2,5,2,1,2,1
SF,IH2009,2020-04-03 09:32:55.700,2613.0000,9798,0,112110720.000,0,-,-,-,-,2613.0000,2612.8000,2612.6000,2612.0000,2611.6000,2614.4000,2614.6000,2615.2000,2615.4000,2616.0000,5,2,1,5,2,5,2,2,1,1
SF,IH2009,2020-04-03 09:32:56.200,2614.4000,9799,1,112895040.000,1,1,0,双开,S,2613.0000,2612.8000,2612.6000,2612.0000,2611.6000,2614.2000,2614.4000,2614.6000,2615.2000,2615.4000,5,2,1,5,2,1,4,2,2,1
SF,IH2009,2020-04-03 09:32:56.700,2614.4000,9799,0,112895040.000,0,-,-,-,-,2613.0000,2612.8000,2612.6000,2612.0000,2611.6000,2614.0000,2614.4000,2614.6000,2615.2000,2615.4000,5,2,1,5,2,1,3,2,2,1
SF,IH2009,2020-04-03 09:32:57.200,2614.4000,9799,0,112895040.000,0,-,-,-,-,2613.0000,2612.8000,2612.6000,2612.0000,2611.6000,2613.8000,2614.0000,2614.4000,2614.6000,2615.2000,5,2,1,5,2,1,1,2,2,2
SF,IH2009,2020-04-03 09:32:57.700,2614.4000,9799,0,112895040.000,0,-,-,-,-,2613.0000,2612.8000,2612.6000,2612.0000,2611.6000,2613.6000,2613.8000,2614.4000,2614.6000,2615.2000,5,2,1,5,2,1,1,1,2,2
SF,IH2009,2020-04-03 09:32:58.700,2613.6000,9798,-1,113679120.000,1,0,1,双平,S,2613.2000,2613.0000,2612.8000,2612.6000,2612.0000,2614.6000,2615.2000,2615.4000,2616.0000,2617.6000,1,5,2,1,5,1,2,1,1,1
SF,IH2009,2020-04-03 09:32:59.200,2613.6000,9798,0,113679120.000,0,-,-,-,-,2613.0000,2612.8000,2612.6000,2612.0000,2611.6000,2614.4000,2615.2000,2615.4000,2616.0000,2617.6000,5,2,1,5,2,1,2,1,1,1
SF,IH2009,2020-04-03 09:32:59.700,2613.6000,9798,0,113679120.000,0,-,-,-,-,2613.0000,2612.8000,2612.6000,2612.0000,2611.6000,2614.2000,2614.4000,2615.2000,2615.4000,2616.0000,5,2,1,5,2,1,2,2,1,1
SF,IH2009,2020-04-03 09:33:00.700,2613.6000,9798,0,113679120.000,0,-,-,-,-,2613.2000,2613.0000,2612.8000,2612.6000,2612.0000,2614.2000,2614.4000,2615.2000,2615.4000,2616.0000,1,5,2,1,5,1,2,2,1,1
SF,IH2009,2020-04-03 09:33:01.200,2613.6000,9798,0,113679120.000,0,-,-,-,-,2613.0000,2612.8000,2612.6000,2612.0000,2611.6000,2613.2000,2614.2000,2614.4000,2615.2000,2615.4000,5,2,1,5,2,1,1,2,2,1
SF,IH2009,2020-04-03 09:33:01.700,2613.2000,9797,-1,114463080.000,1,0,1,双平,S,2613.0000,2612.8000,2612.6000,2612.0000,2611.6000,2614.2000,2614.4000,2615.2000,2615.4000,2616.0000,5,2,1,5,2,1,4,2,1,1
SF,IH2009,2020-04-03 09:33:02.200,2613.2000,9797,0,114463080.000,0,-,-,-,-,2613.0000,2612.8000,2612.6000,2612.0000,2611.6000,2614.2000,2614.4000,2615.2000,2615.4000,2616.0000,5,2,1,5,2,1,3,2,2,1
SF,IH2009,2020-04-03 09:33:02.700,2613.2000,9797,0,114463080.000,0,-,-,-,-,2613.0000,2612.8000,2612.6000,2612.0000,2611.6000,2614.0000,2614.2000,2614.4000,2615.2000,2615.4000,5,2,1,5,2,1,1,3,2,2
SF,IH2009,2020-04-03 09:33:03.200,2613.2000,9797,0,114463080.000,0,-,-,-,-,2613.0000,2612.8000,2612.6000,2612.0000,2611.6000,2614.2000,2614.4000,2615.2000,2615.4000,2616.0000,5,2,1,5,2,1,3,2,2,1
SF,IH2009,2020-04-03 09:33:03.700,2613.2000,9797,0,114463080.000,0,-,-,-,-,2613.0000,2612.8000,2612.6000,2612.0000,2611.6000,2614.0000,2614.2000,2614.4000,2615.2000,2615.4000,5,2,1,5,2,1,1,4,2,2
SF,IH2009,2020-04-03 09:33:04.200,2613.2000,9797,0,114463080.000,0,-,-,-,-,2613.0000,2612.8000,2612.6000,2612.0000,2611.6000,2614.2000,2614.4000,2615.2000,2615.4000,2616.0000,5,2,1,5,2,1,3,2,2,1
SF,IH2009,2020-04-03 09:33:04.700,2613.0000,9798,1,116814900.000,3,2,1,空开,S,2613.0000,2612.8000,2612.6000,2612.0000,2611.6000,2614.2000,2614.4000,2615.2000,2615.4000,2616.0000,4,2,1,5,2,1,3,2,2,1
SF,IH2009,2020-04-03 09:33:05.700,2613.0000,9798,0,116814900.000,0,-,-,-,-,2613.0000,2612.8000,2612.6000,2612.0000,2611.6000,2614.2000,2614.4000,2615.2000,2615.4000,2616.0000,5,2,1,5,2,1,3,2,2,1
SF,IH2009,2020-04-03 09:33:06.200,2613.0000,9798,0,116814900.000,0,-,-,-,-,2613.2000,2613.0000,2612.8000,2612.6000,2612.0000,2614.2000,2614.4000,2615.2000,2615.4000,2616.0000,1,5,2,1,5,1,3,2,2,1
SF,IH2009,2020-04-03 09:33:06.700,2613.0000,9798,0,116814900.000,0,-,-,-,-,2613.0000,2612.8000,2612.6000,2612.0000,2611.6000,2614.2000,2614.4000,2615.2000,2615.4000,2616.0000,5,2,1,5,2,1,3,2,2,1
SF,IH2009,2020-04-03 09:33:07.200,2613.0000,9798,0,116814900.000,0,-,-,-,-,2613.0000,2612.8000,2612.6000,2612.0000,2611.6000,2614.0000,2614.2000,2614.4000,2615.2000,2615.4000,5,2,1,5,2,2,1,2,2,2
SF,IH2009,2020-04-03 09:33:07.700,2613.0000,9798,0,116814900.000,0,-,-,-,-,2613.2000,2613.0000,2612.8000,2612.6000,2612.0000,2613.8000,2614.4000,2615.2000,2615.4000,2616.0000,1,5,3,1,5,1,2,2,2,1
SF,IH2009,2020-04-03 09:33:08.200,2613.0000,9798,0,116814900.000,0,-,-,-,-,2613.0000,2612.8000,2612.6000,2612.0000,2611.6000,2614.4000,2615.2000,2615.4000,2616.0000,2617.6000,5,3,1,5,2,2,2,2,1,1
SF,IH2009,2020-04-03 09:33:08.700,2613.0000,9798,0,116814900.000,0,-,-,-,-,2613.8000,2613.0000,2612.8000,2612.6000,2612.0000,2614.4000,2615.2000,2615.4000,2616.0000,2617.6000,1,5,3,1,5,1,2,2,1,1
SF,IH2009,2020-04-03 09:33:09.200,2613.0000,9798,0,116814900.000,0,-,-,-,-,2613.8000,2613.0000,2612.8000,2612.6000,2612.0000,2614.4000,2615.2000,2615.4000,2616.0000,2616.4000,1,5,3,1,5,1,1,2,1,1
SF,IH2009,2020-04-03 09:33:09.700,2613.0000,9798,0,116814900.000,0,-,-,-,-,2613.8000,2613.0000,2612.8000,2612.6000,2612.0000,2615.2000,2615.4000,2616.0000,2616.4000,2617.6000,1,5,3,1,5,1,2,1,1,1
SF,IH2009,2020-04-03 09:33:10.200,2613.0000,9798,0,116814900.000,0,-,-,-,-,2613.8000,2613.0000,2612.8000,2612.6000,2612.0000,2615.0000,2615.2000,2615.4000,2616.0000,2616.4000,1,5,3,1,5,2,1,2,1,1
SF,IH2009,2020-04-03 09:33:10.700,2613.0000,9798,0,116814900.000,0,-,-,-,-,2613.8000,2613.0000,2612.8000,2612.6000,2612.0000,2615.0000,2615.2000,2615.4000,2616.0000,2616.4000,1,5,3,1,5,2,1,1,1,1
SF,IH2009,2020-04-03 09:33:14.200,2613.0000,9798,0,116814900.000,0,-,-,-,-,2613.8000,2613.0000,2612.8000,2612.6000,2612.0000,2614.2000,2615.0000,2615.2000,2615.4000,2616.0000,1,5,3,1,5,1,1,1,1,1
SF,IH2009,2020-04-03 09:33:14.700,2614.2000,9797,-1,117599160.000,1,0,1,双平,S,2613.8000,2613.0000,2612.8000,2612.6000,2612.0000,2615.0000,2615.4000,2616.0000,2616.4000,2617.6000,1,5,3,1,5,1,1,1,1,1
SF,IH2009,2020-04-03 09:33:15.200,2614.2000,9797,0,117599160.000,0,-,-,-,-,2613.8000,2613.0000,2612.8000,2612.6000,2612.0000,2615.4000,2616.0000,2616.4000,2617.6000,2618.0000,1,5,3,1,5,1,1,1,1,2
SF,IH2009,2020-04-03 09:33:15.700,2614.2000,9797,0,117599160.000,0,-,-,-,-,2613.8000,2613.0000,2612.8000,2612.6000,2612.0000,2615.2000,2615.4000,2616.0000,2616.4000,2617.6000,1,5,3,1,5,1,1,1,1,1
SF,IH2009,2020-04-03 09:33:16.200,2614.2000,9797,0,117599160.000,0,-,-,-,-,2613.8000,2613.0000,2612.8000,2612.6000,2612.0000,2615.4000,2616.0000,2616.4000,2617.6000,2618.0000,1,5,3,1,5,1,1,1,1,2
SF,IH2009,2020-04-03 09:33:16.700,2614.2000,9797,0,117599160.000,0,-,-,-,-,2614.0000,2613.8000,2613.0000,2612.8000,2612.6000,2615.4000,2616.0000,2616.4000,2617.6000,2618.0000,1,1,5,3,1,1,1,1,1,2
SF,IH2009,2020-04-03 09:33:17.200,2614.2000,9797,0,117599160.000,0,-,-,-,-,2613.8000,2613.0000,2612.8000,2612.6000,2612.0000,2616.0000,2616.4000,2617.6000,2618.0000,2620.0000,1,5,3,1,5,1,1,1,2,2
SF,IH2009,2020-04-03 09:33:17.700,2614.2000,9797,0,117599160.000,0,-,-,-,-,2613.8000,2613.0000,2612.8000,2612.6000,2612.0000,2616.4000,2617.6000,2617.8000,2618.0000,2620.0000,1,5,3,1,5,1,1,1,2,2
SF,IH2009,2020-04-03 09:33:18.200,2614.2000,9797,0,117599160.000,0,-,-,-,-,2614.0000,2613.8000,2613.0000,2612.8000,2612.6000,2616.2000,2616.4000,2617.6000,2617.8000,2618.0000,1,1,5,3,1,2,1,1,1,2
SF,IH2009,2020-04-03 09:33:21.200,2614.2000,9797,0,117599160.000,0,-,-,-,-,2614.0000,2613.8000,2613.2000,2613.0000,2612.8000,2616.2000,2616.4000,2617.6000,2617.8000,2618.0000,1,1,1,5,2,2,1,1,1,2
SF,IH2009,2020-04-03 09:33:21.700,2614.2000,9797,0,117599160.000,0,-,-,-,-,2613.8000,2613.2000,2613.0000,2612.8000,2612.6000,2616.2000,2616.4000,2617.6000,2617.8000,2618.0000,1,1,5,2,1,2,1,1,1,2
SF,IH2009,2020-04-03 09:33:22.200,2614.2000,9797,0,117599160.000,0,-,-,-,-,2614.2000,2613.8000,2613.2000,2613.0000,2612.8000,2616.2000,2616.4000,2617.6000,2617.8000,2618.0000,1,1,1,5,2,2,1,1,1,2
SF,IH2009,2020-04-03 09:33:22.700,2614.2000,9797,0,117599160.000,0,-,-,-,-,2614.2000,2613.8000,2613.2000,2613.0000,2612.8000,2616.0000,2616.2000,2616.4000,2617.6000,2617.8000,1,1,1,5,2,2,2,1,1,1
SF,IH2009,2020-04-03 09:33:23.700,2614.2000,9797,0,117599160.000,0,-,-,-,-,2614.4000,2614.2000,2613.8000,2613.2000,2613.0000,2615.8000,2616.0000,2616.2000,2616.4000,2617.8000,1,1,1,1,5,1,1,2,1,1
SF,IH2009,2020-04-03 09:33:24.200,2615.8000,9797,0,118383900.000,1,0,1,多换,S,2614.6000,2614.2000,2613.8000,2613.2000,2613.0000,2616.2000,2616.4000,2617.8000,2618.0000,2620.0000,1,1,1,1,5,1,1,1,2,2
SF,IH2009,2020-04-03 09:33:24.700,2615.8000,9797,0,118383900.000,0,-,-,-,-,2614.8000,2614.2000,2613.8000,2613.2000,2613.0000,2616.4000,2617.8000,2618.0000,2620.0000,2620.2000,2,1,1,1,5,1,1,2,2,1
SF,IH2009,2020-04-03 09:33:25.200,2615.8000,9797,0,118383900.000,0,-,-,-,-,2615.0000,2614.8000,2614.2000,2613.8000,2613.2000,2616.4000,2617.8000,2618.0000,2620.0000,2620.2000,1,2,1,1,1,1,1,2,2,1
SF,IH2009,2020-04-03 09:33:25.700,2615.2000,9796,-1,119168460.000,1,0,1,双平,S,2615.0000,2614.8000,2614.2000,2613.8000,2613.2000,2616.4000,2617.8000,2618.0000,2620.0000,2620.2000,1,1,1,1,1,1,1,2,2,1
SF,IH2009,2020-04-03 09:33:26.200,2615.2000,9796,0,119168460.000,0,-,-,-,-,2614.8000,2614.2000,2613.8000,2613.2000,2613.0000,2616.4000,2617.8000,2618.0000,2620.0000,2620.2000,1,1,1,1,5,1,1,2,2,1
SF,IH2009,2020-04-03 09:33:26.700,2615.2000,9796,0,119168460.000,0,-,-,-,-,2614.8000,2614.2000,2613.8000,2613.2000,2613.0000,2617.8000,2618.0000,2620.0000,2620.2000,2623.0000,1,1,1,1,5,1,2,2,1,1
SF,IH2009,2020-04-03 09:33:27.200,2615.2000,9796,0,119168460.000,0,-,-,-,-,2614.8000,2613.8000,2613.2000,2613.0000,2612.8000,2617.6000,2617.8000,2618.0000,2619.4000,2620.0000,1,1,1,5,2,3,1,2,1,2
SF,IH2009,2020-04-03 09:33:27.700,2615.2000,9796,0,119168460.000,0,-,-,-,-,2614.8000,2613.8000,2613.2000,2613.0000,2612.8000,2617.6000,2617.8000,2618.0000,2619.4000,2620.0000,1,1,1,5,2,3,1,2,1,2
SF,IH2009,2020-04-03 09:33:29.200,2615.2000,9796,0,119168460.000,0,-,-,-,-,2615.0000,2614.8000,2614.0000,2613.8000,2613.2000,2617.6000,2617.8000,2618.0000,2619.4000,2620.0000,1,1,1,1,1,3,1,2,1,2
SF,IH2009,2020-04-03 09:33:29.700,2615.2000,9796,0,119168460.000,0,-,-,-,-,2614.8000,2614.0000,2613.8000,2613.2000,2613.0000,2617.6000,2617.8000,2618.0000,2619.4000,2620.0000,1,1,1,1,5,3,1,2,1,2
SF,IH2009,2020-04-03 09:33:30.200,2615.2000,9796,0,119168460.000,0,-,-,-,-,2614.8000,2614.0000,2613.8000,2613.2000,2613.0000,2617.6000,2617.8000,2618.0000,2619.4000,2620.0000,1,1,1,1,5,3,1,2,1,2
SF,IH2009,2020-04-03 09:33:30.700,2615.2000,9796,0,119168460.000,0,-,-,-,-,2614.8000,2614.0000,2613.8000,2613.2000,2613.0000,2617.4000,2617.6000,2617.8000,2618.0000,2619.4000,1,1,1,1,5,1,3,1,2,1
SF,IH2009,2020-04-03 09:33:31.200,2615.2000,9796,0,119168460.000,0,-,-,-,-,2614.8000,2614.0000,2613.8000,2613.2000,2613.0000,2617.2000,2617.4000,2617.8000,2618.0000,2619.4000,1,1,1,1,5,4,1,1,2,1
SF,IH2009,2020-04-03 09:33:31.700,2615.2000,9796,0,119168460.000,0,-,-,-,-,2614.8000,2614.0000,2613.8000,2613.2000,2613.0000,2617.2000,2617.4000,2617.8000,2618.0000,2619.4000,1,1,1,1,5,3,1,1,2,1
SF,IH2009,2020-04-03 09:33:32.200,2614.8000,9796,0,119952900.000,1,0,1,多换,S,2614.0000,2613.8000,2613.2000,2613.0000,2612.8000,2617.2000,2617.4000,2617.8000,2618.0000,2619.4000,1,1,1,5,2,3,1,1,2,1
SF,IH2009,2020-04-03 09:33:32.700,2614.8000,9796,0,119952900.000,0,-,-,-,-,2614.4000,2614.2000,2614.0000,2613.8000,2613.2000,2617.2000,2617.4000,2617.8000,2618.0000,2619.4000,1,3,1,1,1,3,1,1,2,1
SF,IH2009,2020-04-03 09:33:33.200,2614.8000,9796,0,119952900.000,0,-,-,-,-,2614.4000,2614.2000,2614.0000,2613.8000,2613.2000,2616.6000,2616.8000,2617.0000,2617.2000,2617.4000,1,1,1,1,1,1,1,2,3,1
SF,IH2009,2020-04-03 09:33:33.700,2614.8000,9796,0,119952900.000,0,-,-,-,-,2614.4000,2614.2000,2614.0000,2613.8000,2613.2000,2616.4000,2616.6000,2616.8000,2617.0000,2617.2000,1,1,1,1,1,3,1,1,1,1
SF,IH2009,2020-04-03 09:33:34.700,2614.8000,9796,0,119952900.000,0,-,-,-,-,2614.4000,2614.2000,2614.0000,2613.8000,2613.2000,2616.4000,2616.6000,2616.8000,2617.0000,2617.2000,1,1,2,1,1,3,1,1,1,1
SF,IH2009,2020-04-03 09:33:35.200,2614.8000,9796,0,119952900.000,0,-,-,-,-,2614.4000,2614.0000,2613.8000,2613.2000,2613.0000,2616.4000,2616.6000,2616.8000,2617.0000,2617.2000,2,2,1,1,5,3,1,1,1,1
SF,IH2009,2020-04-03 09:33:35.700,2614.8000,9796,0,119952900.000,0,-,-,-,-,2614.6000,2614.4000,2614.0000,2613.8000,2613.2000,2616.4000,2616.6000,2616.8000,2617.0000,2617.2000,1,2,2,1,1,3,1,1,1,1
SF,IH2009,2020-04-03 09:33:36.200,2614.8000,9796,0,119952900.000,0,-,-,-,-,2614.6000,2614.4000,2614.0000,2613.8000,2613.2000,2616.0000,2616.4000,2616.8000,2617.0000,2617.2000,1,1,2,1,1,1,3,1,1,1
SF,IH2009,2020-04-03 09:33:37.700,2614.8000,9796,0,119952900.000,0,-,-,-,-,2614.6000,2614.4000,2614.0000,2613.8000,2613.2000,2616.4000,2616.8000,2617.0000,2617.2000,2617.4000,1,1,2,1,1,3,1,1,1,1
SF,IH2009,2020-04-03 09:33:38.700,2614.8000,9796,0,119952900.000,0,-,-,-,-,2614.6000,2614.4000,2614.0000,2613.8000,2613.2000,2616.0000,2616.4000,2616.8000,2617.0000,2617.2000,1,1,2,1,1,1,3,1,1,1
SF,IH2009,2020-04-03 09:33:39.200,2614.6000,9796,0,120737280.000,1,0,1,多换,S,2614.4000,2614.0000,2613.8000,2613.2000,2613.0000,2616.0000,2616.4000,2616.8000,2617.0000,2617.2000,1,2,1,1,5,1,3,1,1,1
SF,IH2009,2020-04-03 09:33:39.700,2616.0000,9795,-1,121522080.000,1,0,1,双平,S,2614.4000,2614.0000,2613.8000,2613.2000,2613.0000,2616.4000,2616.8000,2617.0000,2617.2000,2617.4000,1,2,1,1,5,3,1,1,1,1
SF,IH2009,2020-04-03 09:33:40.200,2616.0000,9795,0,121522080.000,0,-,-,-,-,2614.8000,2614.4000,2614.0000,2613.8000,2613.2000,2616.4000,2616.8000,2617.0000,2617.2000,2617.4000,1,1,2,1,1,3,1,1,1,1
SF,IH2009,2020-04-03 09:33:40.700,2616.0000,9795,0,121522080.000,0,-,-,-,-,2614.8000,2614.4000,2614.0000,2613.8000,2613.2000,2616.4000,2616.8000,2617.0000,2617.2000,2617.4000,1,1,2,1,1,3,1,1,1,1
SF,IH2009,2020-04-03 09:33:41.200,2616.0000,9795,0,121522080.000,0,-,-,-,-,2614.8000,2614.4000,2614.0000,2613.8000,2613.2000,2616.2000,2616.4000,2616.8000,2617.0000,2617.2000,1,1,2,1,1,1,3,1,1,1
SF,IH2009,2020-04-03 09:33:41.700,2616.0000,9795,0,121522080.000,0,-,-,-,-,2614.8000,2614.4000,2614.0000,2613.8000,2613.2000,2616.0000,2616.2000,2616.4000,2616.8000,2617.0000,1,1,2,1,1,3,3,1,1,1
SF,IH2009,2020-04-03 09:33:42.200,2616.0000,9795,0,121522080.000,0,-,-,-,-,2614.8000,2614.4000,2614.0000,2613.8000,2613.2000,2615.8000,2616.0000,2616.2000,2616.4000,2616.8000,1,1,2,1,1,1,4,3,1,1
SF,IH2009,2020-04-03 09:33:42.700,2614.8000,9795,0,122306520.000,1,0,1,多换,S,2614.4000,2614.0000,2613.8000,2613.2000,2613.0000,2615.8000,2616.0000,2616.2000,2616.4000,2616.8000,1,2,1,1,5,2,3,3,1,1
SF,IH2009,2020-04-03 09:33:43.200,2614.8000,9795,0,122306520.000,0,-,-,-,-,2614.4000,2614.0000,2613.8000,2613.2000,2613.0000,2615.6000,2615.8000,2616.0000,2616.2000,2616.4000,1,2,1,1,5,1,1,2,3,1
SF,IH2009,2020-04-03 09:33:44.200,2614.8000,9795,0,122306520.000,0,-,-,-,-,2614.4000,2614.0000,2613.8000,2613.2000,2613.0000,2615.6000,2615.8000,2616.0000,2616.2000,2616.4000,1,2,1,1,5,1,1,2,3,1
SF,IH2009,2020-04-03 09:33:44.700,2614.8000,9795,0,122306520.000,0,-,-,-,-,2614.4000,2614.0000,2613.8000,2613.2000,2613.0000,2615.6000,2615.8000,2616.0000,2616.2000,2616.4000,1,2,1,1,5,1,1,2,3,1
SF,IH2009,2020-04-03 09:33:45.700,2614.4000,9795,0,123090840.000,1,0,1,多换,S,2614.0000,2613.8000,2613.2000,2613.0000,2612.8000,2614.4000,2615.6000,2615.8000,2616.0000,2616.2000,2,1,1,5,2,1,1,1,2,3
SF,IH2009,2020-04-03 09:33:46.200,2614.4000,9795,0,123090840.000,0,-,-,-,-,2614.0000,2613.8000,2613.2000,2613.0000,2612.8000,2614.4000,2615.2000,2615.6000,2615.8000,2616.0000,2,1,1,5,2,5,1,1,1,2
SF,IH2009,2020-04-03 09:33:46.700,2614.4000,9794,-1,124659480.000,2,0,2,多平,S,2614.0000,2613.8000,2613.2000,2613.0000,2612.8000,2614.4000,2615.2000,2615.6000,2615.8000,2616.0000,2,1,1,5,2,3,1,1,1,1
SF,IH2009,2020-04-03 09:33:47.200,2614.4000,9792,-2,126228120.000,2,0,2,双平,S,2614.0000,2613.8000,2613.2000,2613.0000,2612.8000,2614.4000,2615.2000,2615.6000,2615.8000,2616.0000,2,1,1,5,2,1,1,1,1,1
SF,IH2009,2020-04-03 09:33:47.700,2614.4000,9791,-1,127012440.000,1,0,1,双平,S,2614.4000,2614.0000,2613.8000,2613.2000,2613.0000,2615.6000,2616.2000,2616.8000,2617.0000,2617.4000,1,2,1,1,5,1,3,1,1,2
SF,IH2009,2020-04-03 09:33:48.200,2614.4000,9791,0,127012440.000,0,-,-,-,-,2614.4000,2614.0000,2613.8000,2613.2000,2613.0000,2616.2000,2616.8000,2617.0000,2617.4000,2618.0000,1,2,1,1,5,3,1,1,2,2
SF,IH2009,2020-04-03 09:33:48.700,2614.4000,9791,0,127012440.000,0,-,-,-,-,2614.4000,2614.0000,2613.8000,2613.2000,2613.0000,2616.8000,2617.0000,2617.4000,2618.0000,2620.0000,1,2,1,1,5,1,1,1,2,2
SF,IH2009,2020-04-03 09:33:49.200,2614.4000,9791,0,127012440.000,0,-,-,-,-,2614.4000,2614.0000,2613.8000,2613.2000,2613.0000,2616.6000,2616.8000,2617.0000,2617.4000,2618.0000,1,2,1,1,5,4,1,1,1,2
SF,IH2009,2020-04-03 09:33:49.700,2614.4000,9791,0,127012440.000,0,-,-,-,-,2614.4000,2614.0000,2613.8000,2613.2000,2613.0000,2616.6000,2616.8000,2617.0000,2617.4000,2618.0000,1,2,1,1,5,3,1,1,1,2
SF,IH2009,2020-04-03 09:33:52.700,2614.4000,9791,0,127012440.000,0,-,-,-,-,2614.8000,2614.4000,2614.0000,2613.8000,2613.2000,2616.6000,2616.8000,2617.4000,2618.0000,2620.0000,1,1,2,1,1,3,1,1,2,2
SF,IH2009,2020-04-03 09:33:53.200,2614.4000,9791,0,127012440.000,0,-,-,-,-,2614.4000,2614.0000,2613.8000,2613.2000,2613.0000,2616.6000,2616.8000,2617.4000,2618.0000,2620.0000,1,2,1,1,5,2,1,1,2,2
SF,IH2009,2020-04-03 09:33:53.700,2614.4000,9791,0,127012440.000,0,-,-,-,-,2614.6000,2614.4000,2614.0000,2613.8000,2613.2000,2616.6000,2616.8000,2617.4000,2618.0000,2620.0000,1,1,2,1,1,2,1,1,2,2
SF,IH2009,2020-04-03 09:33:54.700,2614.4000,9791,0,127012440.000,0,-,-,-,-,2614.6000,2614.4000,2614.0000,2613.8000,2613.2000,2616.6000,2616.8000,2617.4000,2618.0000,2620.0000,1,1,2,1,1,1,1,1,2,2
SF,IH2009,2020-04-03 09:33:55.200,2614.4000,9791,0,127012440.000,0,-,-,-,-,2614.6000,2614.4000,2614.0000,2613.8000,2613.2000,2616.8000,2617.4000,2618.0000,2620.0000,2620.2000,1,1,2,1,1,1,1,2,2,1
SF,IH2009,2020-04-03 09:33:56.200,2614.4000,9791,0,127012440.000,0,-,-,-,-,2616.6000,2614.6000,2614.4000,2614.0000,2613.8000,2616.8000,2617.4000,2618.0000,2620.0000,2620.2000,1,1,1,2,1,1,1,2,2,1
SF,IH2009,2020-04-03 09:33:56.700,2616.6000,9791,0,127797420.000,1,0,1,多换,S,2614.8000,2614.4000,2614.0000,2613.2000,2613.0000,2616.8000,2617.4000,2618.0000,2620.0000,2620.2000,1,1,2,1,5,1,1,2,2,1
SF,IH2009,2020-04-03 09:33:57.200,2616.6000,9791,0,127797420.000,0,-,-,-,-,2615.0000,2614.8000,2614.4000,2614.0000,2613.2000,2616.8000,2617.4000,2618.0000,2620.0000,2620.2000,1,1,1,2,1,1,1,2,2,1
SF,IH2009,2020-04-03 09:33:57.700,2616.6000,9791,0,127797420.000,0,-,-,-,-,2615.0000,2614.4000,2614.0000,2613.2000,2613.0000,2616.8000,2617.4000,2618.0000,2620.0000,2620.2000,1,1,2,1,5,1,1,2,2,1
SF,IH2009,2020-04-03 09:33:58.200,2616.6000,9791,0,127797420.000,0,-,-,-,-,2615.0000,2614.4000,2614.0000,2613.2000,2613.0000,2616.2000,2616.8000,2617.4000,2618.0000,2620.0000,1,1,2,1,5,1,1,1,2,2
SF,IH2009,2020-04-03 09:33:58.700,2616.6000,9791,0,127797420.000,0,-,-,-,-,2615.0000,2614.4000,2614.0000,2613.2000,2613.0000,2616.2000,2616.6000,2616.8000,2617.4000,2618.0000,1,1,2,1,5,1,1,1,1,2
SF,IH2009,2020-04-03 09:33:59.200,2616.6000,9791,0,127797420.000,0,-,-,-,-,2615.0000,2614.4000,2614.0000,2613.2000,2613.0000,2616.2000,2616.8000,2617.4000,2618.0000,2620.0000,1,1,2,1,5,1,1,1,2,2
SF,IH2009,2020-04-03 09:33:59.700,2616.6000,9791,0,127797420.000,0,-,-,-,-,2614.4000,2614.0000,2613.2000,2613.0000,2612.8000,2616.2000,2616.8000,2617.4000,2618.0000,2620.0000,1,2,1,5,2,1,1,1,2,2
SF,IH2009,2020-04-03 09:34:00.200,2616.6000,9791,0,127797420.000,0,-,-,-,-,2614.4000,2614.0000,2613.2000,2613.0000,2612.8000,2616.0000,2616.2000,2616.8000,2617.4000,2618.0000,1,2,1,5,2,1,1,1,1,2
SF,IH2009,2020-04-03 09:34:00.700,2616.6000,9791,0,127797420.000,0,-,-,-,-,2614.6000,2614.4000,2614.0000,2613.2000,2613.0000,2616.0000,2616.2000,2616.8000,2617.4000,2618.0000,1,1,2,1,5,1,1,1,1,2
SF,IH2009,2020-04-03 09:34:01.200,2616.6000,9791,0,127797420.000,0,-,-,-,-,2614.4000,2614.0000,2613.2000,2613.0000,2612.8000,2616.0000,2616.2000,2616.8000,2617.4000,2618.0000,1,2,2,5,2,1,1,1,1,2
SF,IH2009,2020-04-03 09:34:01.700,2616.6000,9791,0,127797420.000,0,-,-,-,-,2614.6000,2614.4000,2614.0000,2613.2000,2613.0000,2616.0000,2616.2000,2616.8000,2617.4000,2618.0000,1,1,2,2,5,1,1,1,1,2
SF,IH2009,2020-04-03 09:34:02.200,2616.6000,9791,0,127797420.000,0,-,-,-,-,2614.6000,2614.4000,2614.0000,2613.2000,2613.0000,2616.0000,2616.2000,2616.8000,2617.4000,2618.0000,2,1,2,2,5,1,1,1,1,2
SF,IH2009,2020-04-03 09:34:02.700,2616.6000,9791,0,127797420.000,0,-,-,-,-,2614.6000,2614.4000,2614.0000,2613.2000,2613.0000,2616.0000,2616.2000,2616.8000,2617.4000,2618.0000,1,1,2,2,5,1,1,1,1,2
SF,IH2009,2020-04-03 09:34:03.200,2616.6000,9791,0,127797420.000,0,-,-,-,-,2614.8000,2614.6000,2614.4000,2614.0000,2613.2000,2616.0000,2616.2000,2616.8000,2617.4000,2618.0000,1,1,1,2,2,1,1,1,1,2
SF,IH2009,2020-04-03 09:34:03.700,2616.6000,9791,0,127797420.000,0,-,-,-,-,2614.8000,2614.6000,2614.4000,2614.0000,2613.2000,2616.2000,2616.8000,2617.4000,2618.0000,2620.0000,1,1,1,2,2,1,1,1,2,2
SF,IH2009,2020-04-03 09:34:04.700,2616.6000,9791,0,127797420.000,0,-,-,-,-,2614.6000,2614.4000,2614.0000,2613.2000,2613.0000,2616.2000,2616.8000,2617.4000,2618.0000,2620.0000,1,1,2,2,5,1,1,1,2,2
SF,IH2009,2020-04-03 09:34:05.200,2616.6000,9791,0,127797420.000,0,-,-,-,-,2614.6000,2614.4000,2614.0000,2613.2000,2613.0000,2616.2000,2616.8000,2617.4000,2618.0000,2620.0000,1,1,2,2,5,1,1,1,2,2
SF,IH2009,2020-04-03 09:34:05.700,2616.6000,9791,0,127797420.000,0,-,-,-,-,2614.8000,2614.6000,2614.4000,2614.0000,2613.2000,2616.2000,2616.8000,2617.4000,2618.0000,2620.0000,2,1,1,2,2,1,1,1,2,2
SF,IH2009,2020-04-03 09:34:06.200,2616.2000,9792,1,128582280.000,1,1,0,双开,S,2615.2000,2614.8000,2614.6000,2614.4000,2614.0000,2616.8000,2617.4000,2618.0000,2620.0000,2620.2000,1,2,1,1,2,1,1,2,2,1
SF,IH2009,2020-04-03 09:34:06.700,2616.2000,9792,0,128582280.000,0,-,-,-,-,2615.2000,2614.8000,2614.6000,2614.4000,2614.0000,2616.8000,2617.4000,2618.0000,2620.0000,2620.2000,1,1,1,1,2,1,1,2,2,1
SF,IH2009,2020-04-03 09:34:07.200,2616.2000,9792,0,128582280.000,0,-,-,-,-,2614.6000,2614.4000,2614.0000,2613.2000,2613.0000,2616.2000,2616.6000,2616.8000,2617.4000,2618.0000,1,1,2,2,5,2,1,1,1,2
SF,IH2009,2020-04-03 09:34:07.700,2616.2000,9792,0,128582280.000,0,-,-,-,-,2615.2000,2614.8000,2614.6000,2614.4000,2614.0000,2616.2000,2616.8000,2617.4000,2618.0000,2620.0000,1,2,1,1,2,2,1,1,2,2
SF,IH2009,2020-04-03 09:34:08.700,2616.2000,9792,0,128582280.000,0,-,-,-,-,2615.2000,2614.8000,2614.6000,2614.4000,2614.0000,2616.2000,2616.8000,2617.4000,2618.0000,2620.0000,1,3,1,1,2,2,1,1,2,2
SF,IH2009,2020-04-03 09:34:09.200,2616.2000,9792,0,129367140.000,1,0,1,多换,S,2615.2000,2614.8000,2614.6000,2614.4000,2614.0000,2616.2000,2616.8000,2617.4000,2618.0000,2620.0000,1,3,1,1,2,1,1,1,2,2
SF,IH2009,2020-04-03 09:34:09.700,2616.2000,9792,0,129367140.000,0,-,-,-,-,2614.8000,2614.6000,2614.4000,2614.0000,2613.2000,2616.2000,2616.8000,2617.4000,2618.0000,2620.0000,1,1,1,2,2,1,1,1,2,2
SF,IH2009,2020-04-03 09:34:10.700,2616.2000,9792,0,129367140.000,0,-,-,-,-,2615.0000,2614.8000,2614.6000,2614.4000,2614.0000,2616.2000,2616.8000,2617.4000,2618.0000,2620.0000,1,1,1,1,2,1,1,1,2,2
SF,IH2009,2020-04-03 09:34:11.200,2616.2000,9792,0,129367140.000,0,-,-,-,-,2615.0000,2614.8000,2614.6000,2614.4000,2614.0000,2616.2000,2616.8000,2617.4000,2618.0000,2620.0000,1,1,1,1,2,1,1,1,2,2
SF,IH2009,2020-04-03 09:34:11.700,2616.2000,9792,0,130152000.000,1,0,1,多换,S,2614.8000,2614.6000,2614.4000,2614.0000,2613.2000,2616.8000,2617.4000,2618.0000,2620.0000,2620.2000,1,1,1,2,1,1,1,2,2,1
SF,IH2009,2020-04-03 09:34:12.200,2616.2000,9792,0,130152000.000,0,-,-,-,-,2615.0000,2614.8000,2614.6000,2614.4000,2614.0000,2616.8000,2617.4000,2618.0000,2620.0000,2620.2000,1,1,1,1,2,1,1,2,2,1
SF,IH2009,2020-04-03 09:34:12.700,2616.2000,9792,0,130152000.000,0,-,-,-,-,2615.0000,2614.6000,2614.4000,2614.0000,2613.2000,2616.8000,2617.4000,2618.0000,2620.0000,2620.2000,1,1,1,2,1,1,1,2,2,1
SF,IH2009,2020-04-03 09:34:13.200,2616.2000,9792,0,130152000.000,0,-,-,-,-,2615.0000,2614.6000,2614.4000,2614.0000,2613.2000,2616.8000,2618.0000,2620.0000,2620.2000,2622.2000,1,1,1,2,1,1,2,2,1,5
SF,IH2009,2020-04-03 09:34:13.700,2616.2000,9792,0,130152000.000,0,-,-,-,-,2615.0000,2614.6000,2614.4000,2614.0000,2613.2000,2616.6000,2616.8000,2618.0000,2620.0000,2620.2000,1,1,1,2,2,1,1,2,2,1
SF,IH2009,2020-04-03 09:34:14.200,2616.6000,9792,0,130936980.000,1,0,1,多换,S,2615.0000,2614.6000,2614.4000,2614.0000,2613.2000,2616.8000,2618.0000,2620.0000,2620.2000,2622.2000,1,1,1,2,3,1,2,2,1,5
SF,IH2009,2020-04-03 09:34:14.700,2616.6000,9792,0,130936980.000,0,-,-,-,-,2615.2000,2615.0000,2614.6000,2614.4000,2614.0000,2616.8000,2618.0000,2620.0000,2620.2000,2622.2000,1,1,1,1,2,1,2,2,1,5
SF,IH2009,2020-04-03 09:34:15.700,2616.6000,9792,0,130936980.000,0,-,-,-,-,2615.2000,2614.6000,2614.4000,2614.0000,2613.2000,2616.8000,2618.0000,2620.0000,2620.2000,2622.2000,1,1,1,2,3,1,2,2,1,5
SF,IH2009,2020-04-03 09:34:16.200,2616.6000,9792,0,130936980.000,0,-,-,-,-,2615.2000,2614.6000,2614.4000,2614.0000,2613.2000,2616.8000,2618.0000,2620.0000,2620.2000,2622.2000,2,1,1,2,3,1,2,2,1,5
SF,IH2009,2020-04-03 09:34:16.700,2616.6000,9792,0,130936980.000,0,-,-,-,-,2615.2000,2614.6000,2614.4000,2614.0000,2613.2000,2616.8000,2618.0000,2620.0000,2620.2000,2622.2000,2,1,1,2,4,1,2,2,1,5
SF,IH2009,2020-04-03 09:34:18.700,2616.6000,9792,0,130936980.000,0,-,-,-,-,2615.2000,2614.6000,2614.4000,2614.0000,2613.2000,2616.8000,2618.0000,2620.0000,2620.2000,2622.2000,1,1,1,2,4,1,2,2,1,5
SF,IH2009,2020-04-03 09:34:19.700,2616.6000,9792,0,130936980.000,0,-,-,-,-,2615.2000,2614.6000,2614.4000,2614.0000,2613.2000,2616.8000,2618.0000,2620.0000,2620.2000,2622.2000,2,1,1,2,4,1,2,2,1,5
SF,IH2009,2020-04-03 09:34:21.200,2616.6000,9792,0,130936980.000,0,-,-,-,-,2615.2000,2614.6000,2614.4000,2614.0000,2613.2000,2616.8000,2618.0000,2620.0000,2620.2000,2622.2000,1,1,1,2,4,1,2,2,1,5
SF,IH2009,2020-04-03 09:34:21.700,2616.6000,9792,0,130936980.000,0,-,-,-,-,2615.4000,2615.2000,2614.6000,2614.4000,2614.0000,2616.8000,2618.0000,2620.0000,2620.2000,2622.2000,1,1,1,1,2,1,2,2,1,5
SF,IH2009,2020-04-03 09:34:22.200,2616.6000,9792,0,130936980.000,0,-,-,-,-,2615.2000,2614.6000,2614.4000,2614.0000,2613.2000,2616.8000,2618.0000,2620.0000,2620.2000,2622.2000,1,1,1,2,4,1,2,2,1,5
SF,IH2009,2020-04-03 09:34:23.200,2616.6000,9792,0,130936980.000,0,-,-,-,-,2615.2000,2614.6000,2614.4000,2614.0000,2613.2000,2616.8000,2618.0000,2620.0000,2620.2000,2622.2000,2,1,1,2,4,1,2,2,1,5
SF,IH2009,2020-04-03 09:34:23.700,2616.6000,9792,0,130936980.000,0,-,-,-,-,2615.2000,2614.6000,2614.4000,2614.0000,2613.2000,2616.6000,2616.8000,2618.0000,2620.0000,2620.2000,2,1,1,2,4,1,1,2,2,1
SF,IH2009,2020-04-03 09:34:24.200,2616.6000,9792,0,130936980.000,0,-,-,-,-,2615.2000,2614.6000,2614.4000,2614.0000,2613.2000,2616.6000,2616.8000,2618.0000,2620.0000,2620.2000,1,1,1,2,4,1,1,2,2,1
SF,IH2009,2020-04-03 09:34:25.200,2616.6000,9792,0,130936980.000,0,-,-,-,-,2615.2000,2614.6000,2614.4000,2614.0000,2613.2000,2616.8000,2618.0000,2620.0000,2620.2000,2622.2000,2,1,1,2,4,1,2,2,1,5
SF,IH2009,2020-04-03 09:34:26.200,2616.6000,9792,0,130936980.000,0,-,-,-,-,2615.2000,2614.6000,2614.4000,2614.0000,2613.2000,2616.6000,2616.8000,2618.0000,2620.0000,2620.2000,2,1,1,3,4,1,1,2,2,1
SF,IH2009,2020-04-03 09:34:28.200,2616.6000,9792,0,130936980.000,0,-,-,-,-,2615.2000,2614.6000,2614.4000,2614.0000,2613.2000,2616.8000,2618.0000,2620.0000,2620.2000,2622.2000,2,1,1,3,4,1,2,2,1,5
SF,IH2009,2020-04-03 09:34:28.700,2616.6000,9792,0,130936980.000,0,-,-,-,-,2615.2000,2614.6000,2614.4000,2614.0000,2613.2000,2616.6000,2616.8000,2618.0000,2620.0000,2620.2000,2,1,1,3,4,1,1,2,2,1
SF,IH2009,2020-04-03 09:34:29.200,2616.6000,9792,0,130936980.000,0,-,-,-,-,2615.2000,2614.6000,2614.4000,2614.0000,2613.2000,2616.6000,2616.8000,2618.0000,2620.0000,2620.2000,1,1,1,3,4,1,1,2,2,1
SF,IH2009,2020-04-03 09:34:29.700,2616.6000,9792,0,130936980.000,0,-,-,-,-,2615.2000,2614.6000,2614.4000,2614.0000,2613.2000,2616.6000,2616.8000,2617.6000,2618.0000,2620.0000,3,1,1,3,4,1,1,1,2,2
SF,IH2009,2020-04-03 09:34:30.200,2616.6000,9792,0,130936980.000,0,-,-,-,-,2615.2000,2614.6000,2614.4000,2614.0000,2613.2000,2616.6000,2616.8000,2617.6000,2618.0000,2620.0000,3,1,1,3,3,1,1,1,2,2
SF,IH2009,2020-04-03 09:34:30.700,2616.6000,9792,0,130936980.000,0,-,-,-,-,2615.2000,2614.6000,2614.4000,2614.0000,2613.2000,2616.6000,2616.8000,2617.6000,2618.0000,2620.0000,4,1,1,3,3,1,1,1,2,2
SF,IH2009,2020-04-03 09:34:33.200,2616.6000,9792,0,130936980.000,0,-,-,-,-,2615.2000,2614.6000,2614.4000,2614.0000,2613.2000,2616.6000,2616.8000,2617.6000,2618.0000,2620.0000,4,1,1,3,2,1,1,1,2,2
SF,IH2009,2020-04-03 09:34:33.700,2616.6000,9792,0,130936980.000,0,-,-,-,-,2615.2000,2614.6000,2614.4000,2614.0000,2613.2000,2616.6000,2616.8000,2617.6000,2618.0000,2620.0000,3,1,1,3,2,1,1,1,2,2
SF,IH2009,2020-04-03 09:34:35.200,2615.2000,9792,0,131721540.000,1,0,1,多换,S,2615.2000,2614.6000,2614.4000,2614.0000,2613.2000,2616.6000,2616.8000,2617.6000,2618.0000,2620.0000,2,1,1,3,2,1,1,1,2,2
SF,IH2009,2020-04-03 09:34:35.700,2615.2000,9792,0,131721540.000,0,-,-,-,-,2615.2000,2614.6000,2614.4000,2614.0000,2613.2000,2616.2000,2616.6000,2616.8000,2617.6000,2618.0000,2,1,1,3,2,1,1,1,1,2
SF,IH2009,2020-04-03 09:34:36.200,2615.2000,9792,0,131721540.000,0,-,-,-,-,2615.4000,2615.2000,2614.6000,2614.4000,2614.0000,2616.2000,2616.6000,2616.8000,2617.6000,2618.0000,2,3,1,1,3,1,1,1,1,1
SF,IH2009,2020-04-03 09:34:36.700,2615.2000,9792,0,131721540.000,0,-,-,-,-,2615.4000,2615.2000,2614.6000,2614.4000,2614.0000,2616.2000,2616.6000,2616.8000,2617.6000,2618.0000,1,3,1,1,3,1,1,1,1,1
SF,IH2009,2020-04-03 09:34:37.200,2615.2000,9792,0,131721540.000,0,-,-,-,-,2615.8000,2615.4000,2615.2000,2614.6000,2614.4000,2616.2000,2616.8000,2617.6000,2618.0000,2620.0000,1,1,3,1,1,1,1,1,1,2
SF,IH2009,2020-04-03 09:34:37.700,2615.2000,9792,0,131721540.000,0,-,-,-,-,2615.6000,2615.4000,2615.2000,2614.6000,2614.4000,2616.2000,2616.8000,2617.6000,2618.0000,2620.0000,1,1,3,1,1,1,1,1,1,2
SF,IH2009,2020-04-03 09:34:38.200,2615.2000,9792,0,131721540.000,0,-,-,-,-,2615.6000,2615.4000,2615.2000,2614.6000,2614.4000,2616.2000,2616.8000,2617.6000,2618.0000,2620.0000,1,1,3,1,1,1,1,1,1,2
SF,IH2009,2020-04-03 09:34:38.700,2615.2000,9792,0,131721540.000,0,-,-,-,-,2615.8000,2615.4000,2615.2000,2614.6000,2614.4000,2616.2000,2616.8000,2617.6000,2618.0000,2620.0000,1,1,3,1,1,1,1,1,1,2
SF,IH2009,2020-04-03 09:34:39.200,2615.2000,9792,0,131721540.000,0,-,-,-,-,2615.4000,2615.2000,2614.6000,2614.4000,2614.0000,2616.2000,2616.8000,2617.6000,2618.0000,2620.0000,1,3,1,1,3,1,1,1,1,2
SF,IH2009,2020-04-03 09:34:39.700,2615.2000,9792,0,131721540.000,0,-,-,-,-,2615.8000,2615.4000,2615.2000,2614.6000,2614.4000,2616.2000,2616.8000,2617.6000,2618.0000,2620.0000,1,1,3,1,1,1,1,1,1,2
SF,IH2009,2020-04-03 09:34:40.700,2615.2000,9792,0,131721540.000,0,-,-,-,-,2615.8000,2615.4000,2615.2000,2614.6000,2614.4000,2616.2000,2616.8000,2617.6000,2618.0000,2620.0000,1,3,1,1,1,1,1,1,1,1
SF,IH2009,2020-04-03 09:34:41.200,2615.2000,9792,0,131721540.000,0,-,-,-,-,2615.4000,2615.2000,2614.6000,2614.4000,2614.0000,2616.2000,2616.8000,2617.6000,2618.0000,2620.0000,3,1,1,1,3,1,1,1,1,1
SF,IH2009,2020-04-03 09:34:41.700,2616.2000,9792,0,132506400.000,1,0,1,多换,S,2615.6000,2615.4000,2614.6000,2614.4000,2614.0000,2616.8000,2617.6000,2618.0000,2620.0000,2620.2000,2,3,1,1,3,1,1,1,1,1
SF,IH2009,2020-04-03 09:34:42.200,2616.2000,9792,0,132506400.000,0,-,-,-,-,2615.6000,2615.4000,2614.6000,2614.4000,2614.0000,2616.8000,2617.6000,2618.0000,2620.0000,2620.2000,2,3,1,1,3,1,1,1,1,1
SF,IH2009,2020-04-03 09:34:42.700,2616.2000,9792,0,132506400.000,0,-,-,-,-,2615.8000,2615.6000,2615.4000,2614.6000,2614.4000,2616.8000,2617.6000,2618.0000,2620.0000,2620.2000,1,2,3,1,1,1,1,1,1,1
SF,IH2009,2020-04-03 09:34:43.200,2616.2000,9792,0,132506400.000,0,-,-,-,-,2616.0000,2615.8000,2615.6000,2615.4000,2614.6000,2616.8000,2617.6000,2618.0000,2620.0000,2620.2000,1,1,2,2,1,1,1,1,1,1
SF,IH2009,2020-04-03 09:34:43.700,2616.8000,9791,-1,133291440.000,1,0,1,双平,S,2615.8000,2615.6000,2615.4000,2614.6000,2614.4000,2617.6000,2618.0000,2620.0000,2620.2000,2622.8000,1,2,2,1,1,1,1,1,1,1
SF,IH2009,2020-04-03 09:34:44.200,2616.8000,9791,0,133291440.000,0,-,-,-,-,2615.6000,2615.4000,2614.6000,2614.4000,2614.0000,2617.4000,2617.6000,2618.0000,2620.0000,2620.2000,2,2,1,1,3,1,1,1,1,1
SF,IH2009,2020-04-03 09:34:44.700,2616.8000,9791,0,133291440.000,0,-,-,-,-,2616.2000,2615.6000,2615.4000,2614.6000,2614.4000,2617.4000,2617.6000,2618.0000,2620.0000,2620.2000,1,3,2,1,1,1,1,1,1,1
SF,IH2009,2020-04-03 09:34:45.200,2616.2000,9791,0,134076300.000,1,0,1,多换,S,2615.6000,2615.4000,2614.6000,2614.4000,2614.0000,2617.6000,2618.0000,2620.0000,2620.2000,2622.8000,1,2,1,1,3,1,1,1,1,1
SF,IH2009,2020-04-03 09:34:45.700,2616.2000,9791,0,134076300.000,0,-,-,-,-,2615.6000,2615.4000,2614.6000,2614.4000,2614.0000,2617.4000,2617.6000,2618.0000,2620.0000,2620.2000,1,2,1,1,3,2,1,1,1,1
SF,IH2009,2020-04-03 09:34:46.200,2616.2000,9791,0,134076300.000,0,-,-,-,-,2615.6000,2615.4000,2614.6000,2614.4000,2614.0000,2617.4000,2617.6000,2618.0000,2620.0000,2620.2000,1,2,1,1,3,1,1,1,1,1
SF,IH2009,2020-04-03 09:34:47.700,2616.2000,9791,0,134076300.000,0,-,-,-,-,2615.6000,2615.4000,2614.6000,2614.4000,2614.0000,2617.4000,2617.6000,2618.0000,2620.0000,2620.2000,1,2,1,1,3,1,1,1,1,1
SF,IH2009,2020-04-03 09:34:48.200,2616.2000,9791,0,134076300.000,0,-,-,-,-,2615.6000,2615.4000,2614.6000,2614.4000,2614.0000,2617.4000,2617.6000,2618.0000,2620.0000,2620.2000,2,2,1,1,3,1,1,1,1,1
SF,IH2009,2020-04-03 09:34:48.700,2616.2000,9791,0,134076300.000,0,-,-,-,-,2615.6000,2615.4000,2614.6000,2614.4000,2614.0000,2617.4000,2617.6000,2618.0000,2620.0000,2620.2000,2,2,1,1,3,1,1,1,1,1
SF,IH2009,2020-04-03 09:34:50.200,2616.2000,9791,0,134076300.000,0,-,-,-,-,2615.6000,2615.4000,2614.6000,2614.4000,2614.0000,2617.4000,2617.6000,2618.0000,2620.0000,2620.2000,2,2,1,1,4,1,1,1,1,1
SF,IH2009,2020-04-03 09:34:50.700,2616.2000,9791,0,134076300.000,0,-,-,-,-,2615.6000,2615.4000,2615.0000,2614.6000,2614.4000,2617.2000,2617.4000,2617.6000,2618.0000,2620.0000,2,2,1,1,1,1,1,1,1,1
SF,IH2009,2020-04-03 09:34:51.200,2616.2000,9791,0,134076300.000,0,-,-,-,-,2615.6000,2615.0000,2614.6000,2614.4000,2614.0000,2617.6000,2618.0000,2620.0000,2620.2000,2622.8000,4,1,1,1,4,1,1,1,1,1
SF,IH2009,2020-04-03 09:34:51.700,2616.2000,9791,0,134076300.000,0,-,-,-,-,2615.8000,2615.6000,2615.0000,2614.6000,2614.4000,2617.6000,2618.0000,2620.0000,2620.2000,2622.8000,1,4,1,1,1,1,1,1,1,1
SF,IH2009,2020-04-03 09:34:52.200,2616.2000,9791,0,134076300.000,0,-,-,-,-,2615.8000,2615.6000,2615.0000,2614.6000,2614.4000,2617.6000,2618.0000,2620.0000,2620.2000,2622.8000,1,4,1,1,1,1,1,1,1,1
SF,IH2009,2020-04-03 09:34:52.700,2616.2000,9791,0,134076300.000,0,-,-,-,-,2615.8000,2615.6000,2615.0000,2614.6000,2614.4000,2617.6000,2618.0000,2620.0000,2620.2000,2622.8000,1,4,1,1,1,1,1,1,1,1
SF,IH2009,2020-04-03 09:34:53.200,2616.2000,9791,0,134076300.000,0,-,-,-,-,2615.8000,2615.6000,2615.0000,2614.6000,2614.4000,2617.6000,2618.0000,2620.0000,2620.2000,2622.8000,1,4,1,1,1,1,1,1,1,1
SF,IH2009,2020-04-03 09:34:53.700,2616.2000,9791,0,134076300.000,0,-,-,-,-,2615.6000,2615.0000,2614.6000,2614.4000,2614.0000,2617.4000,2617.6000,2618.0000,2620.0000,2620.2000,4,1,1,1,4,1,1,1,1,1
SF,IH2009,2020-04-03 09:34:54.200,2616.2000,9791,0,134076300.000,0,-,-,-,-,2616.0000,2615.8000,2615.6000,2615.0000,2614.6000,2617.6000,2618.0000,2620.0000,2620.2000,2622.8000,2,3,5,1,1,1,1,1,1,1
SF,IH2009,2020-04-03 09:34:54.700,2616.2000,9791,0,134076300.000,0,-,-,-,-,2616.2000,2616.0000,2615.8000,2615.6000,2615.0000,2617.6000,2618.0000,2620.0000,2620.2000,2622.8000,1,2,3,5,1,1,1,1,1,1
SF,IH2009,2020-04-03 09:34:55.200,2616.2000,9791,0,134076300.000,0,-,-,-,-,2615.8000,2615.6000,2615.0000,2614.6000,2614.4000,2617.6000,2618.0000,2620.0000,2620.2000,2622.8000,1,5,1,1,1,1,1,1,1,1
SF,IH2009,2020-04-03 09:34:56.200,2616.2000,9791,0,134076300.000,0,-,-,-,-,2616.0000,2615.8000,2615.6000,2615.0000,2614.6000,2617.6000,2618.0000,2620.0000,2620.2000,2622.8000,1,1,5,1,1,1,1,1,1,1
SF,IH2009,2020-04-03 09:34:57.200,2616.2000,9791,0,134076300.000,0,-,-,-,-,2616.2000,2616.0000,2615.8000,2615.6000,2615.0000,2617.6000,2618.0000,2620.0000,2620.2000,2622.8000,1,1,1,5,1,1,1,1,1,1
SF,IH2009,2020-04-03 09:34:57.700,2616.2000,9791,0,134076300.000,0,-,-,-,-,2616.2000,2616.0000,2615.8000,2615.6000,2615.0000,2617.6000,2618.0000,2620.0000,2620.2000,2622.8000,1,1,1,5,1,1,1,1,1,1
SF,IH2009,2020-04-03 09:34:58.200,2616.2000,9791,0,134076300.000,0,-,-,-,-,2616.2000,2616.0000,2615.8000,2615.6000,2615.0000,2617.6000,2618.0000,2620.0000,2620.2000,2622.8000,1,1,1,5,1,1,1,1,1,1
SF,IH2009,2020-04-03 09:34:58.700,2616.2000,9791,0,134076300.000,0,-,-,-,-,2616.2000,2616.0000,2615.8000,2615.6000,2615.0000,2617.6000,2618.0000,2620.0000,2620.2000,2622.8000,1,1,1,5,1,1,1,1,1,1
SF,IH2009,2020-04-03 09:34:59.200,2616.2000,9791,0,134076300.000,0,-,-,-,-,2616.4000,2616.2000,2616.0000,2615.8000,2615.6000,2617.6000,2618.0000,2620.0000,2620.2000,2622.8000,1,1,1,1,5,1,1,1,1,1
