市场代码,合约代码,时间,最新,持仓,增仓,成交额,成交量,开仓,平仓,成交类型,方向,买一价,买二价,买三价,买四价,买五价,卖一价,卖二价,卖三价,卖四价,卖五价,买一量,买二量,买三量,买四量,买五量,卖一量,卖二量,卖三量,卖四量,卖五量
SF,IH2012,2020-08-10 09:29:00.400,3226.4000,15909,0,967920.000,1.000,-,-,-,-,3225.0000,3222.8000,3222.0000,3220.8000,3220.0000,3233.0000,3235.4000,3236.0000,3237.0000,3238.0000,1,1,1,1,2,2,1,3,1,1
SF,IH2012,2020-08-10 09:30:00.400,3232.8000,15905,-4,6775800.000,6,1,5,多平,S,3225.4000,3222.8000,3220.0000,3218.8000,3218.2000,3233.0000,3236.0000,3237.0000,3238.6000,3240.0000,1,1,2,1,1,3,3,1,1,12
SF,IH2012,2020-08-10 09:30:00.900,3232.8000,15905,0,6775800.000,0,-,-,-,-,3226.6000,3226.0000,3225.6000,3225.4000,3222.8000,3232.6000,3232.8000,3233.0000,3236.0000,3237.0000,2,1,2,4,1,4,3,4,2,1
SF,IH2012,2020-08-10 09:30:01.400,3232.8000,15905,0,6775800.000,0,-,-,-,-,3226.8000,3226.6000,3226.0000,3225.6000,3225.4000,3232.0000,3232.2000,3232.6000,3232.8000,3233.0000,1,2,1,1,5,1,1,4,3,4
SF,IH2012,2020-08-10 09:30:01.900,3226.8000,15904,-1,7743840.000,1,0,1,双平,S,3229.4000,3226.8000,3226.6000,3226.0000,3225.6000,3231.8000,3232.0000,3232.8000,3233.0000,3236.0000,1,1,2,1,1,2,1,3,4,2
SF,IH2012,2020-08-10 09:30:02.400,3229.2000,15903,-1,8712600.000,1,0,1,双平,S,3226.6000,3225.6000,3225.4000,3220.0000,3218.8000,3231.6000,3231.8000,3232.0000,3232.8000,3233.0000,2,1,5,2,1,3,2,1,2,4
SF,IH2012,2020-08-10 09:30:02.900,3229.2000,15903,0,8712600.000,0,-,-,-,-,3226.8000,3220.0000,3218.8000,3218.2000,3211.6000,3231.2000,3231.4000,3231.6000,3232.0000,3232.8000,1,2,1,1,2,1,1,3,1,1
SF,IH2012,2020-08-10 09:30:03.400,3229.2000,15903,0,8712600.000,0,-,-,-,-,3226.8000,3220.0000,3218.8000,3218.2000,3210.6000,3231.0000,3231.2000,3231.6000,3232.0000,3232.8000,1,2,1,1,1,2,1,1,1,1
SF,IH2012,2020-08-10 09:30:03.900,3229.2000,15903,0,8712600.000,0,-,-,-,-,3227.2000,3226.8000,3220.0000,3218.8000,3218.2000,3231.0000,3231.2000,3231.6000,3232.0000,3232.8000,4,1,2,1,1,2,1,1,1,1
SF,IH2012,2020-08-10 09:30:04.400,3227.4000,15903,0,9680820.000,1,0,1,多换,S,3220.0000,3218.8000,3218.2000,3210.6000,3201.6000,3229.4000,3231.0000,3231.2000,3231.6000,3232.0000,2,1,1,1,2,1,2,1,1,1
SF,IH2012,2020-08-10 09:30:04.900,3228.4000,15899,-4,13555620.000,4,0,4,双平,S,3228.0000,3227.2000,3227.0000,3226.8000,3226.4000,3231.6000,3232.0000,3232.8000,3233.0000,3236.0000,1,2,1,2,1,1,1,1,4,2
SF,IH2012,2020-08-10 09:30:05.400,3228.4000,15899,0,13555620.000,0,-,-,-,-,3228.4000,3228.2000,3225.6000,3223.2000,3221.6000,3231.2000,3231.4000,3231.6000,3232.0000,3232.8000,1,1,1,3,1,2,1,1,1,1
SF,IH2012,2020-08-10 09:30:05.900,3228.4000,15897,-2,15492660.000,2,0,2,双平,S,3225.6000,3223.2000,3221.6000,3220.6000,3220.4000,3231.0000,3231.2000,3231.6000,3232.0000,3232.8000,1,3,1,1,5,2,2,1,1,1
SF,IH2012,2020-08-10 09:30:06.400,3230.6000,15896,-1,16461840.000,1,0,1,双平,S,3226.0000,3225.8000,3225.6000,3223.2000,3221.6000,3230.6000,3230.8000,3231.0000,3231.6000,3232.0000,7,2,1,3,1,1,2,2,1,1
SF,IH2012,2020-08-10 09:30:06.900,3230.6000,15896,0,16461840.000,0,-,-,-,-,3226.4000,3226.2000,3226.0000,3225.6000,3223.2000,3229.8000,3230.0000,3230.2000,3230.4000,3230.6000,1,1,3,1,3,1,3,2,2,2
SF,IH2012,2020-08-10 09:30:07.400,3225.6000,15894,-2,18397440.000,2,0,2,双平,S,3223.2000,3221.6000,3220.6000,3220.2000,3220.0000,3229.4000,3229.6000,3230.0000,3230.4000,3230.6000,3,1,1,1,3,2,2,3,1,2
SF,IH2012,2020-08-10 09:30:07.900,3225.6000,15894,0,18397440.000,0,-,-,-,-,3228.0000,3227.2000,3227.0000,3226.8000,3226.4000,3229.0000,3229.2000,3230.4000,3230.6000,3231.6000,1,2,1,2,1,1,1,1,1,1
SF,IH2012,2020-08-10 09:30:08.400,3229.2000,15888,-6,24209940.000,6,0,6,双平,S,3223.6000,3223.4000,3223.2000,3221.6000,3220.6000,3230.4000,3230.6000,3231.6000,3232.0000,3232.8000,5,2,4,1,1,1,1,1,1,1
SF,IH2012,2020-08-10 09:30:08.900,3229.2000,15888,0,24209940.000,0,-,-,-,-,3226.6000,3224.6000,3224.0000,3223.8000,3223.6000,3229.8000,3230.4000,3230.6000,3231.6000,3232.0000,2,1,1,2,5,1,1,1,1,1
SF,IH2012,2020-08-10 09:30:09.400,3229.2000,15888,0,24209940.000,0,-,-,-,-,3228.8000,3226.8000,3226.6000,3224.6000,3224.0000,3229.8000,3230.4000,3230.6000,3231.6000,3232.0000,1,2,2,1,1,1,1,1,1,1
SF,IH2012,2020-08-10 09:30:09.900,3229.2000,15888,0,24209940.000,0,-,-,-,-,3226.8000,3226.6000,3224.6000,3224.0000,3223.6000,3229.8000,3230.6000,3231.6000,3232.0000,3232.8000,2,2,1,1,1,1,1,1,1,1
SF,IH2012,2020-08-10 09:30:10.400,3229.2000,15888,0,24209940.000,0,-,-,-,-,3229.4000,3229.2000,3229.0000,3228.8000,3228.4000,3231.6000,3232.0000,3232.8000,3233.0000,3236.0000,1,2,2,3,1,1,1,1,4,2
SF,IH2012,2020-08-10 09:30:10.900,3229.2000,15888,0,24209940.000,0,-,-,-,-,3229.8000,3229.6000,3229.0000,3227.2000,3227.0000,3231.4000,3231.6000,3232.0000,3232.8000,3233.0000,1,1,1,5,1,2,1,1,1,4
SF,IH2012,2020-08-10 09:30:11.400,3229.6000,15886,-2,26147700.000,2,0,2,双平,S,3230.6000,3229.0000,3227.2000,3227.0000,3226.8000,3231.4000,3231.6000,3232.0000,3232.8000,3233.0000,1,1,4,1,2,2,1,1,1,4
SF,IH2012,2020-08-10 09:30:11.900,3230.6000,15884,-2,28086000.000,2,0,2,双平,S,3230.8000,3229.0000,3227.2000,3227.0000,3226.8000,3231.4000,3231.6000,3232.0000,3232.8000,3233.0000,5,1,4,1,2,1,1,1,1,4
SF,IH2012,2020-08-10 09:30:12.400,3230.8000,15879,-5,32932500.000,5,0,5,双平,S,3230.8000,3229.0000,3227.2000,3227.0000,3226.8000,3231.6000,3232.0000,3232.8000,3233.0000,3236.0000,2,1,4,1,2,1,1,1,4,2
SF,IH2012,2020-08-10 09:30:12.900,3230.8000,15877,-2,34870980.000,2,0,2,双平,S,3229.0000,3227.0000,3226.8000,3226.6000,3223.2000,3231.4000,3231.6000,3232.0000,3232.8000,3233.0000,1,1,2,2,1,3,1,1,1,4
SF,IH2012,2020-08-10 09:30:13.400,3231.4000,15876,-1,35840400.000,1,0,1,双平,S,3230.6000,3229.2000,3229.0000,3227.0000,3226.8000,3231.6000,3232.0000,3232.8000,3233.0000,3236.0000,1,1,1,1,2,1,1,1,4,2
SF,IH2012,2020-08-10 09:30:13.900,3231.4000,15876,0,35840400.000,0,-,-,-,-,3230.8000,3229.2000,3229.0000,3227.0000,3226.8000,3231.6000,3232.0000,3232.8000,3233.0000,3236.0000,1,1,1,1,2,1,1,1,4,2
SF,IH2012,2020-08-10 09:30:14.400,3231.4000,15876,0,35840400.000,0,-,-,-,-,3229.2000,3229.0000,3227.0000,3226.8000,3226.6000,3230.6000,3231.6000,3232.0000,3232.8000,3233.0000,1,1,1,2,2,1,1,1,1,4
SF,IH2012,2020-08-10 09:30:14.900,3230.6000,15876,0,36809580.000,1,0,1,多换,S,3231.4000,3230.6000,3230.0000,3229.4000,3229.0000,3231.6000,3232.0000,3232.8000,3233.0000,3236.0000,1,1,1,2,1,1,1,1,4,2
SF,IH2012,2020-08-10 09:30:15.400,3231.4000,15876,0,37779000.000,1,0,1,多换,S,3229.4000,3229.0000,3227.0000,3226.8000,3226.6000,3230.8000,3231.4000,3231.6000,3232.0000,3232.8000,1,1,1,1,2,2,1,1,1,1
SF,IH2012,2020-08-10 09:30:15.900,3231.4000,15876,0,37779000.000,0,-,-,-,-,3231.0000,3230.8000,3229.6000,3229.4000,3229.0000,3231.6000,3232.0000,3232.8000,3233.0000,3236.0000,2,1,1,1,1,1,1,1,4,3
SF,IH2012,2020-08-10 09:30:16.400,3232.0000,15874,-2,39718080.000,2,0,2,双平,S,3232.2000,3231.0000,3230.8000,3229.4000,3229.0000,3232.8000,3233.0000,3236.0000,3237.0000,3238.6000,1,2,1,1,1,1,4,3,1,1
SF,IH2012,2020-08-10 09:30:16.900,3232.8000,15873,-1,41657580.000,2,0,2,多平,S,3231.0000,3230.8000,3229.4000,3229.0000,3227.0000,3233.0000,3236.0000,3237.0000,3238.6000,3240.0000,2,1,1,1,1,4,3,1,1,12
SF,IH2012,2020-08-10 09:30:17.400,3233.0000,15871,-2,43597320.000,2,0,2,双平,S,3231.2000,3230.8000,3229.0000,3227.0000,3226.8000,3233.0000,3236.0000,3237.0000,3238.6000,3240.0000,4,1,1,1,1,3,3,1,1,12
SF,IH2012,2020-08-10 09:30:17.900,3233.0000,15869,-2,46507020.000,3,0,3,多平,S,3231.6000,3231.2000,3230.8000,3229.0000,3227.0000,3236.0000,3237.0000,3238.6000,3240.0000,3241.0000,5,4,1,1,1,3,1,1,12,1
SF,IH2012,2020-08-10 09:30:18.400,3233.0000,15869,0,46507020.000,0,-,-,-,-,3232.0000,3231.8000,3231.2000,3230.8000,3229.0000,3234.0000,3235.6000,3236.0000,3237.0000,3238.6000,1,3,1,1,1,1,2,4,1,1
SF,IH2012,2020-08-10 09:30:18.900,3233.0000,15869,0,46507020.000,0,-,-,-,-,3232.2000,3231.8000,3231.2000,3230.8000,3229.0000,3233.8000,3234.0000,3235.6000,3236.0000,3237.0000,2,1,1,1,1,1,1,2,4,1
SF,IH2012,2020-08-10 09:30:19.400,3232.2000,15868,-1,47476680.000,1,0,1,双平,S,3230.8000,3229.0000,3227.0000,3226.8000,3220.2000,3233.6000,3234.0000,3235.6000,3236.0000,3237.0000,1,1,1,1,1,1,1,2,4,1
SF,IH2012,2020-08-10 09:30:19.900,3232.2000,15868,0,47476680.000,0,-,-,-,-,3232.0000,3229.0000,3227.0000,3226.8000,3220.2000,3233.4000,3233.6000,3234.0000,3235.6000,3236.0000,2,1,1,1,1,1,1,1,2,4
SF,IH2012,2020-08-10 09:30:20.400,3232.0000,15866,-2,49415880.000,2,0,2,双平,S,3229.0000,3227.0000,3226.8000,3220.2000,3220.0000,3231.8000,3233.2000,3233.4000,3234.0000,3235.6000,1,1,1,1,2,1,4,2,1,2
SF,IH2012,2020-08-10 09:30:20.900,3232.0000,15866,0,49415880.000,0,-,-,-,-,3229.2000,3229.0000,3227.0000,3226.8000,3220.2000,3231.6000,3231.8000,3233.2000,3233.4000,3234.0000,1,1,1,1,1,1,1,2,2,1
SF,IH2012,2020-08-10 09:30:21.400,3229.0000,15864,-2,51353340.000,2,0,2,双平,S,3227.0000,3226.8000,3220.2000,3220.0000,3218.8000,3231.4000,3231.6000,3231.8000,3233.2000,3233.4000,1,1,1,2,1,1,1,1,2,2
SF,IH2012,2020-08-10 09:30:21.900,3229.0000,15864,0,51353340.000,0,-,-,-,-,3229.8000,3227.6000,3227.4000,3227.2000,3226.8000,3231.0000,3231.2000,3231.4000,3231.8000,3233.2000,1,1,2,7,1,1,1,1,1,1
SF,IH2012,2020-08-10 09:30:22.400,3229.0000,15864,0,51353340.000,0,-,-,-,-,3227.6000,3227.4000,3227.2000,3226.8000,3220.2000,3231.4000,3231.8000,3233.2000,3233.4000,3234.0000,1,1,7,1,1,1,1,1,2,1
SF,IH2012,2020-08-10 09:30:22.900,3229.8000,15864,0,52322280.000,1,0,1,多换,S,3229.4000,3228.0000,3227.8000,3227.6000,3227.2000,3231.8000,3233.2000,3233.4000,3234.0000,3235.6000,2,2,8,2,2,1,1,2,1,2
SF,IH2012,2020-08-10 09:30:23.400,3229.8000,15864,0,52322280.000,0,-,-,-,-,3229.6000,3228.0000,3227.8000,3227.6000,3227.2000,3231.8000,3233.2000,3233.4000,3234.0000,3235.6000,2,2,6,2,2,1,1,2,1,2
SF,IH2012,2020-08-10 09:30:23.900,3229.8000,15859,-5,58135920.000,6,0,6,多平,S,3229.6000,3227.8000,3227.6000,3227.2000,3220.2000,3233.2000,3234.0000,3235.6000,3236.0000,3237.0000,2,1,2,2,1,1,1,2,4,1
SF,IH2012,2020-08-10 09:30:24.400,3229.8000,15859,0,58135920.000,0,-,-,-,-,3229.6000,3227.8000,3227.6000,3227.2000,3220.2000,3233.0000,3233.2000,3234.0000,3235.6000,3236.0000,2,1,2,2,1,1,1,1,2,4
SF,IH2012,2020-08-10 09:30:24.900,3229.8000,15859,0,58135920.000,0,-,-,-,-,3230.0000,3229.6000,3227.8000,3227.6000,3227.2000,3233.0000,3233.2000,3234.0000,3235.6000,3236.0000,2,2,1,2,2,1,1,1,2,4
SF,IH2012,2020-08-10 09:30:25.400,3229.8000,15859,0,58135920.000,0,-,-,-,-,3230.2000,3230.0000,3227.8000,3227.6000,3227.2000,3233.0000,3233.2000,3234.0000,3235.6000,3236.0000,2,3,1,2,2,1,1,1,2,4
SF,IH2012,2020-08-10 09:30:25.900,3230.0000,15858,-1,59104920.000,1,0,1,双平,S,3230.2000,3230.0000,3227.8000,3227.6000,3227.2000,3232.8000,3233.0000,3233.2000,3234.0000,3235.6000,1,3,1,2,2,1,1,1,1,2
SF,IH2012,2020-08-10 09:30:26.400,3230.0000,15858,0,60073920.000,1,0,1,多换,S,3230.2000,3230.0000,3227.8000,3227.6000,3227.2000,3232.6000,3232.8000,3233.2000,3234.0000,3235.6000,3,3,1,2,2,1,1,1,1,2
SF,IH2012,2020-08-10 09:30:26.900,3230.0000,15858,0,60073920.000,0,-,-,-,-,3231.4000,3230.6000,3230.2000,3230.0000,3227.8000,3232.4000,3233.2000,3234.0000,3236.0000,3237.0000,2,1,2,3,1,1,1,1,4,1
SF,IH2012,2020-08-10 09:30:27.400,3232.4000,15857,-1,61043640.000,1,0,1,双平,S,3231.6000,3230.6000,3230.2000,3230.0000,3227.8000,3233.2000,3234.0000,3236.0000,3237.0000,3238.6000,1,1,2,3,1,1,1,4,1,1
SF,IH2012,2020-08-10 09:30:27.900,3232.4000,15857,0,61043640.000,0,-,-,-,-,3231.8000,3230.2000,3230.0000,3227.8000,3227.6000,3233.0000,3233.2000,3234.0000,3236.0000,3237.0000,1,2,3,1,1,1,1,1,4,1
SF,IH2012,2020-08-10 09:30:28.400,3231.8000,15856,-1,62013180.000,1,0,1,双平,S,3230.2000,3230.0000,3227.8000,3227.6000,3227.2000,3233.0000,3233.2000,3234.0000,3236.0000,3237.0000,2,3,1,1,1,1,1,1,4,1
SF,IH2012,2020-08-10 09:30:28.900,3231.6000,15855,-1,63952140.000,2,0,2,多平,S,3230.6000,3230.4000,3230.2000,3230.0000,3227.8000,3233.0000,3233.2000,3234.0000,3236.0000,3237.0000,1,2,4,3,1,1,1,1,4,1
SF,IH2012,2020-08-10 09:30:29.400,3231.6000,15855,0,63952140.000,0,-,-,-,-,3230.8000,3230.6000,3230.4000,3230.2000,3230.0000,3233.0000,3233.2000,3234.0000,3236.0000,3237.0000,2,1,1,3,3,1,1,1,4,1
SF,IH2012,2020-08-10 09:30:29.900,3231.6000,15855,0,63952140.000,0,-,-,-,-,3231.0000,3230.8000,3230.4000,3230.2000,3230.0000,3233.0000,3233.2000,3234.0000,3236.0000,3237.0000,1,2,1,1,3,1,1,1,4,1
SF,IH2012,2020-08-10 09:30:30.400,3231.6000,15855,0,63952140.000,0,-,-,-,-,3232.6000,3231.2000,3231.0000,3230.4000,3230.2000,3233.0000,3233.2000,3234.0000,3236.0000,3237.0000,1,2,1,1,1,1,1,1,4,1
SF,IH2012,2020-08-10 09:30:30.900,3233.2000,15852,-3,66861780.000,3,0,3,双平,S,3233.0000,3231.4000,3231.2000,3231.0000,3230.4000,3236.0000,3237.0000,3238.6000,3240.0000,3241.0000,1,1,2,1,1,3,1,1,12,1
SF,IH2012,2020-08-10 09:30:31.400,3233.2000,15852,0,66861780.000,0,-,-,-,-,3233.2000,3233.0000,3231.4000,3231.0000,3230.4000,3236.0000,3237.0000,3238.6000,3240.0000,3241.0000,2,1,1,1,1,3,1,1,12,1
SF,IH2012,2020-08-10 09:30:31.900,3233.2000,15852,0,66861780.000,0,-,-,-,-,3233.2000,3233.0000,3231.4000,3231.0000,3230.4000,3235.8000,3236.0000,3237.0000,3238.6000,3240.0000,2,1,1,1,1,1,3,1,1,12
SF,IH2012,2020-08-10 09:30:32.900,3233.2000,15852,0,66861780.000,0,-,-,-,-,3233.2000,3233.0000,3231.4000,3231.0000,3230.4000,3235.8000,3236.0000,3237.0000,3238.6000,3240.0000,2,1,1,1,1,1,3,1,1,12
SF,IH2012,2020-08-10 09:30:33.400,3233.2000,15852,0,67831740.000,1,0,1,多换,S,3233.2000,3233.0000,3231.4000,3231.0000,3230.4000,3235.6000,3235.8000,3236.0000,3237.0000,3238.6000,1,1,1,1,1,1,1,3,1,1
SF,IH2012,2020-08-10 09:30:33.900,3233.2000,15851,-1,68801700.000,1,0,1,双平,S,3233.0000,3231.0000,3230.4000,3230.2000,3230.0000,3235.4000,3235.6000,3236.0000,3237.0000,3238.6000,1,1,1,1,4,1,1,3,1,1
SF,IH2012,2020-08-10 09:30:34.400,3235.2000,15848,-3,71712060.000,3,0,3,双平,S,3233.4000,3233.2000,3231.0000,3230.4000,3230.2000,3235.4000,3236.0000,3237.0000,3238.6000,3240.0000,1,1,1,1,1,1,3,1,1,12
SF,IH2012,2020-08-10 09:30:34.900,3235.2000,15848,0,71712060.000,0,-,-,-,-,3233.6000,3233.4000,3231.0000,3230.2000,3230.0000,3235.2000,3235.4000,3236.0000,3237.0000,3238.6000,2,2,1,1,2,1,1,3,1,1
SF,IH2012,2020-08-10 09:30:35.400,3235.2000,15848,0,71712060.000,0,-,-,-,-,3233.8000,3233.4000,3231.0000,3230.2000,3230.0000,3235.0000,3235.2000,3236.0000,3237.0000,3238.6000,1,1,1,1,2,1,1,3,1,1
SF,IH2012,2020-08-10 09:30:35.900,3235.2000,15848,0,71712060.000,0,-,-,-,-,3231.0000,3230.2000,3230.0000,3228.0000,3227.2000,3236.0000,3237.0000,3238.6000,3240.0000,3241.0000,1,1,2,1,1,3,1,1,12,1
SF,IH2012,2020-08-10 09:30:36.400,3235.2000,15848,0,71712060.000,0,-,-,-,-,3234.6000,3234.4000,3234.0000,3233.6000,3233.4000,3235.2000,3236.0000,3237.0000,3238.6000,3240.0000,1,2,1,2,1,1,3,1,1,12
SF,IH2012,2020-08-10 09:30:36.900,3234.8000,15846,-2,73653060.000,2,0,2,双平,S,3233.4000,3232.4000,3232.2000,3231.6000,3231.2000,3236.0000,3237.0000,3238.6000,3240.0000,3241.0000,1,1,2,2,3,3,1,1,12,1
SF,IH2012,2020-08-10 09:30:37.400,3234.8000,15846,0,73653060.000,0,-,-,-,-,3234.0000,3233.6000,3233.4000,3233.2000,3232.4000,3236.0000,3237.0000,3238.6000,3240.0000,3241.0000,2,2,2,1,1,3,1,1,12,1
SF,IH2012,2020-08-10 09:30:37.900,3236.0000,15846,0,76565460.000,3,1,2,多换,S,3236.0000,3235.2000,3235.0000,3234.2000,3234.0000,3237.0000,3238.6000,3240.0000,3241.0000,3244.6000,2,2,4,3,2,1,1,12,1,1
SF,IH2012,2020-08-10 09:30:38.400,3237.0000,15845,-1,77536560.000,1,0,1,双平,S,3236.4000,3236.2000,3236.0000,3235.0000,3234.6000,3238.6000,3240.0000,3241.0000,3244.6000,3245.6000,1,1,2,2,1,1,12,1,1,1
SF,IH2012,2020-08-10 09:30:38.900,3237.0000,15845,0,77536560.000,0,-,-,-,-,3236.6000,3236.4000,3236.0000,3235.0000,3234.6000,3236.8000,3238.4000,3238.6000,3240.0000,3241.0000,1,1,2,2,1,1,1,1,12,1
SF,IH2012,2020-08-10 09:30:39.400,3237.0000,15845,0,78507660.000,1,0,1,多换,S,3236.4000,3236.0000,3235.0000,3234.0000,3233.4000,3238.4000,3238.6000,3240.0000,3241.0000,3244.6000,1,2,2,1,2,1,1,12,1,1
SF,IH2012,2020-08-10 09:30:39.900,3238.2000,15844,-1,79479120.000,1,0,1,双平,S,3237.0000,3236.6000,3236.4000,3236.0000,3233.4000,3238.2000,3238.4000,3238.6000,3240.0000,3241.0000,1,2,1,2,2,2,1,1,12,1
SF,IH2012,2020-08-10 09:30:40.400,3237.6000,15842,-2,81421860.000,2,0,2,双平,S,3237.2000,3237.0000,3236.6000,3236.0000,3233.4000,3238.6000,3240.0000,3241.0000,3244.6000,3245.6000,1,1,1,2,1,1,12,1,1,1
SF,IH2012,2020-08-10 09:30:40.900,3237.6000,15842,0,81421860.000,0,-,-,-,-,3237.8000,3237.4000,3236.6000,3236.0000,3233.4000,3238.6000,3240.0000,3241.0000,3244.6000,3245.6000,1,2,1,2,1,1,12,1,1,1
SF,IH2012,2020-08-10 09:30:41.400,3238.6000,15841,-1,82393440.000,1,0,1,双平,S,3238.0000,3237.8000,3236.6000,3236.0000,3233.4000,3240.0000,3241.0000,3244.6000,3245.6000,3247.0000,2,1,1,2,1,12,1,1,1,1
SF,IH2012,2020-08-10 09:30:41.900,3238.6000,15841,0,82393440.000,0,-,-,-,-,3239.0000,3238.6000,3238.2000,3238.0000,3236.0000,3240.0000,3241.0000,3244.6000,3245.6000,3247.0000,1,2,3,1,2,12,1,1,1,1
SF,IH2012,2020-08-10 09:30:42.400,3238.6000,15841,0,82393440.000,0,-,-,-,-,3239.6000,3238.2000,3236.0000,3233.4000,3232.2000,3239.8000,3240.0000,3241.0000,3244.6000,3245.6000,1,1,2,1,2,1,12,1,1,1
SF,IH2012,2020-08-10 09:30:42.900,3239.6000,15840,-1,83365320.000,1,0,1,双平,S,3238.2000,3236.0000,3233.4000,3232.2000,3231.6000,3239.6000,3239.8000,3240.0000,3241.0000,3244.6000,1,2,1,2,1,1,1,12,1,1
SF,IH2012,2020-08-10 09:30:43.400,3239.6000,15840,0,83365320.000,0,-,-,-,-,3236.0000,3233.4000,3232.2000,3231.6000,3230.0000,3239.4000,3240.0000,3241.0000,3244.6000,3245.6000,2,1,2,1,1,1,12,1,1,1
SF,IH2012,2020-08-10 09:30:43.900,3239.6000,15840,0,83365320.000,0,-,-,-,-,3239.4000,3238.8000,3238.6000,3238.2000,3238.0000,3240.0000,3241.0000,3244.6000,3245.6000,3247.0000,1,1,2,2,1,12,1,1,1,1
SF,IH2012,2020-08-10 09:30:44.400,3240.0000,15839,-1,84337320.000,1,0,1,双平,S,3239.4000,3239.2000,3238.2000,3237.8000,3236.8000,3240.0000,3241.0000,3244.6000,3245.6000,3247.0000,1,1,1,5,2,11,1,1,1,1
SF,IH2012,2020-08-10 09:30:44.900,3239.6000,15838,-1,85309200.000,1,0,1,双平,S,3239.4000,3239.2000,3236.8000,3236.6000,3236.2000,3240.0000,3241.0000,3244.6000,3245.6000,3247.0000,1,1,2,1,2,11,1,1,1,1
SF,IH2012,2020-08-10 09:30:45.400,3240.0000,15835,-3,88224780.000,3,0,3,双平,S,3239.4000,3236.8000,3236.6000,3236.2000,3236.0000,3240.0000,3241.0000,3244.6000,3245.6000,3247.0000,1,2,1,2,3,10,1,1,1,1
SF,IH2012,2020-08-10 09:30:45.900,3239.4000,15835,0,89196600.000,1,0,1,多换,S,3237.4000,3236.8000,3236.6000,3236.2000,3236.0000,3239.4000,3240.0000,3241.0000,3244.6000,3245.6000,1,2,1,2,3,1,10,1,1,1
SF,IH2012,2020-08-10 09:30:46.400,3237.6000,15833,-2,91139160.000,2,0,2,双平,S,3236.8000,3236.2000,3236.0000,3232.2000,3231.6000,3239.2000,3239.4000,3240.0000,3241.0000,3244.6000,2,1,3,2,1,4,1,10,1,1
SF,IH2012,2020-08-10 09:30:46.900,3237.6000,15833,0,91139160.000,0,-,-,-,-,3236.0000,3232.2000,3231.6000,3230.0000,3228.0000,3239.2000,3239.4000,3240.0000,3241.0000,3244.6000,3,2,1,1,1,3,1,10,1,1
SF,IH2012,2020-08-10 09:30:47.400,3238.8000,15833,0,94052400.000,3,1,2,多换,S,3232.2000,3231.6000,3230.0000,3228.0000,3220.2000,3238.8000,3239.0000,3239.2000,3239.4000,3240.0000,2,1,1,1,1,5,1,3,1,10
SF,IH2012,2020-08-10 09:30:47.900,3238.8000,15833,0,94052400.000,0,-,-,-,-,3235.4000,3234.0000,3233.4000,3232.6000,3232.4000,3238.4000,3238.6000,3238.8000,3239.0000,3239.2000,1,1,1,2,1,2,1,6,1,1
SF,IH2012,2020-08-10 09:30:48.400,3238.8000,15833,0,94052400.000,0,-,-,-,-,3234.0000,3233.4000,3232.6000,3232.4000,3232.2000,3238.0000,3238.2000,3238.4000,3238.8000,3239.0000,1,1,2,1,3,1,7,1,1,1
SF,IH2012,2020-08-10 09:30:48.900,3238.8000,15833,0,94052400.000,0,-,-,-,-,3234.2000,3234.0000,3233.4000,3232.6000,3232.2000,3236.8000,3237.6000,3237.8000,3238.0000,3238.2000,1,1,1,2,3,1,2,1,1,5
SF,IH2012,2020-08-10 09:30:49.400,3238.8000,15833,0,94052400.000,0,-,-,-,-,3234.2000,3234.0000,3233.4000,3232.6000,3232.2000,3236.6000,3236.8000,3237.6000,3238.0000,3238.2000,1,1,1,2,3,2,1,2,1,5
SF,IH2012,2020-08-10 09:30:49.900,3238.8000,15833,0,94052400.000,0,-,-,-,-,3234.0000,3233.4000,3232.6000,3232.2000,3231.6000,3236.6000,3236.8000,3237.6000,3238.0000,3238.2000,1,1,2,3,1,2,1,2,1,5
SF,IH2012,2020-08-10 09:30:50.400,3234.2000,15832,-1,95022660.000,1,0,1,双平,S,3234.0000,3233.4000,3232.6000,3232.2000,3231.6000,3236.6000,3236.8000,3237.6000,3238.0000,3238.2000,1,1,2,3,1,2,1,1,1,5
SF,IH2012,2020-08-10 09:30:50.900,3233.4000,15830,-2,96962880.000,2,0,2,双平,S,3232.6000,3232.2000,3231.6000,3230.0000,3228.0000,3236.6000,3236.8000,3237.6000,3238.0000,3238.2000,1,3,1,1,1,2,1,1,1,5
SF,IH2012,2020-08-10 09:30:51.400,3232.6000,15828,-2,99872400.000,3,0,3,多平,S,3232.2000,3230.0000,3228.0000,3220.2000,3220.0000,3233.4000,3234.0000,3234.6000,3236.2000,3236.4000,2,1,1,1,1,2,1,2,8,1
SF,IH2012,2020-08-10 09:30:51.900,3232.2000,15828,0,101811720.000,2,1,1,多换,S,3230.0000,3228.0000,3220.2000,3220.0000,3210.6000,3233.0000,3233.2000,3236.2000,3236.6000,3237.6000,1,1,1,1,1,1,1,7,4,1
SF,IH2012,2020-08-10 09:30:52.400,3232.2000,15827,-1,102781380.000,1,0,1,双平,S,3232.2000,3231.8000,3231.0000,3230.4000,3230.2000,3232.8000,3233.0000,3236.2000,3236.6000,3237.6000,2,1,2,1,1,1,1,7,3,1
SF,IH2012,2020-08-10 09:30:52.900,3232.2000,15825,-2,104720700.000,2,0,2,双平,S,3230.0000,3228.0000,3220.2000,3220.0000,3210.6000,3232.2000,3232.6000,3233.0000,3236.2000,3236.6000,3,1,1,1,1,1,1,1,6,2
SF,IH2012,2020-08-10 09:30:53.400,3232.2000,15825,0,104720700.000,0,-,-,-,-,3230.2000,3230.0000,3228.0000,3220.2000,3220.0000,3231.6000,3231.8000,3232.0000,3232.2000,3236.2000,2,1,1,1,1,1,1,2,1,6
SF,IH2012,2020-08-10 09:30:53.900,3231.6000,15819,-6,110537580.000,6,0,6,双平,S,3230.0000,3228.0000,3220.2000,3220.0000,3210.6000,3231.6000,3231.8000,3232.0000,3232.2000,3236.2000,1,1,1,1,1,1,1,1,1,6
SF,IH2012,2020-08-10 09:30:54.400,3231.6000,15819,0,110537580.000,0,-,-,-,-,3230.0000,3228.0000,3220.2000,3220.0000,3210.6000,3231.2000,3231.4000,3231.6000,3232.0000,3232.2000,2,1,1,1,1,1,1,1,1,1
SF,IH2012,2020-08-10 09:30:54.900,3231.6000,15819,0,110537580.000,0,-,-,-,-,3230.2000,3230.0000,3228.0000,3220.2000,3220.0000,3231.0000,3231.2000,3231.6000,3232.0000,3232.2000,1,2,1,1,1,1,1,1,1,1
SF,IH2012,2020-08-10 09:30:55.400,3231.6000,15819,0,111507060.000,1,0,1,多换,S,3230.0000,3228.0000,3220.2000,3220.0000,3210.6000,3231.2000,3231.6000,3232.0000,3232.2000,3236.2000,1,1,1,1,1,1,1,1,1,6
SF,IH2012,2020-08-10 09:30:55.900,3230.0000,15819,0,112476060.000,1,0,1,多换,S,3230.2000,3228.0000,3220.2000,3220.0000,3210.6000,3231.2000,3231.6000,3232.0000,3232.2000,3236.2000,1,1,1,1,1,1,1,1,1,6
SF,IH2012,2020-08-10 09:30:56.400,3231.2000,15819,0,113445420.000,1,0,1,多换,S,3228.0000,3220.2000,3220.0000,3210.6000,3210.2000,3231.6000,3232.0000,3232.2000,3236.2000,3236.6000,1,1,1,1,1,1,1,1,6,2
SF,IH2012,2020-08-10 09:30:56.900,3231.6000,15817,-2,115384320.000,2,0,2,双平,S,3230.8000,3230.2000,3230.0000,3229.2000,3228.4000,3231.4000,3232.2000,3236.2000,3236.6000,3238.0000,1,1,2,1,1,1,1,6,1,1
SF,IH2012,2020-08-10 09:30:57.400,3231.4000,15816,-1,116353740.000,1,0,1,双平,S,3230.0000,3228.4000,3228.2000,3228.0000,3220.2000,3232.2000,3236.2000,3236.6000,3238.0000,3239.4000,1,1,2,2,1,1,6,1,1,1
SF,IH2012,2020-08-10 09:30:57.900,3231.4000,15816,0,116353740.000,0,-,-,-,-,3228.4000,3228.2000,3228.0000,3220.2000,3220.0000,3232.0000,3236.2000,3236.6000,3238.0000,3239.4000,1,2,2,1,1,2,6,1,1,1
SF,IH2012,2020-08-10 09:30:58.400,3231.4000,15816,0,116353740.000,0,-,-,-,-,3230.0000,3228.8000,3228.6000,3228.4000,3228.2000,3232.0000,3236.2000,3236.6000,3238.0000,3239.4000,1,1,3,3,1,1,6,1,1,1
SF,IH2012,2020-08-10 09:30:58.900,3232.0000,15815,-1,117323340.000,1,0,1,双平,S,3232.2000,3231.0000,3230.4000,3230.2000,3230.0000,3236.2000,3236.6000,3238.0000,3239.4000,3240.0000,1,1,1,4,2,6,1,1,1,11
SF,IH2012,2020-08-10 09:30:59.400,3232.0000,15815,0,117323340.000,0,-,-,-,-,3232.4000,3232.2000,3230.4000,3230.2000,3230.0000,3234.0000,3235.8000,3236.2000,3236.6000,3238.0000,2,1,1,1,2,1,1,7,1,1
SF,IH2012,2020-08-10 09:30:59.900,3232.0000,15815,0,117323340.000,0,-,-,-,-,3234.0000,3232.6000,3232.4000,3232.2000,3230.4000,3236.2000,3238.0000,3239.4000,3240.0000,3241.0000,1,1,2,1,1,1,1,1,11,1
SF,IH2012,2020-08-10 09:31:00.400,3234.0000,15814,-1,118293540.000,1,0,1,双平,S,3234.2000,3232.4000,3232.2000,3230.4000,3230.2000,3236.0000,3238.0000,3239.4000,3240.0000,3241.0000,1,1,1,1,1,1,1,1,11,1
SF,IH2012,2020-08-10 09:31:00.900,3234.0000,15814,0,118293540.000,0,-,-,-,-,3234.2000,3232.4000,3232.2000,3230.4000,3230.2000,3236.0000,3238.0000,3239.4000,3240.0000,3241.0000,1,1,1,1,1,1,1,1,11,1
SF,IH2012,2020-08-10 09:31:01.400,3234.2000,15813,-1,119263800.000,1,0,1,双平,S,3234.2000,3232.2000,3230.4000,3230.2000,3230.0000,3236.0000,3238.0000,3239.4000,3240.0000,3241.0000,1,1,1,1,2,1,1,1,11,1
SF,IH2012,2020-08-10 09:31:01.900,3234.2000,15813,0,119263800.000,0,-,-,-,-,3235.6000,3234.4000,3234.2000,3232.2000,3230.4000,3236.0000,3238.0000,3239.4000,3240.0000,3241.0000,1,1,1,1,1,1,1,1,11,1
SF,IH2012,2020-08-10 09:31:02.400,3235.6000,15812,-1,120234480.000,1,0,1,双平,S,3234.2000,3230.4000,3230.2000,3230.0000,3228.6000,3236.0000,3238.0000,3239.4000,3240.0000,3241.0000,1,1,1,7,1,1,1,1,11,1
SF,IH2012,2020-08-10 09:31:02.900,3234.2000,15811,-1,122175060.000,2,0,2,多平,S,3234.4000,3230.4000,3230.2000,3230.0000,3228.0000,3236.0000,3238.0000,3239.4000,3240.0000,3241.0000,1,1,1,8,1,1,1,1,11,1
SF,IH2012,2020-08-10 09:31:03.400,3234.4000,15811,0,123145380.000,1,0,1,多换,S,3230.4000,3230.2000,3230.0000,3228.0000,3220.2000,3235.8000,3236.0000,3238.0000,3239.4000,3240.0000,1,1,8,1,1,2,1,1,1,11
SF,IH2012,2020-08-10 09:31:03.900,3234.4000,15811,0,123145380.000,0,-,-,-,-,3231.0000,3230.8000,3230.6000,3230.4000,3230.0000,3235.4000,3235.6000,3235.8000,3238.0000,3239.4000,1,1,1,1,8,6,2,1,1,1
SF,IH2012,2020-08-10 09:31:04.400,3234.4000,15811,0,123145380.000,0,-,-,-,-,3231.6000,3231.2000,3231.0000,3230.8000,3230.0000,3234.0000,3235.0000,3235.2000,3235.4000,3235.8000,1,1,4,1,8,1,2,1,6,1
SF,IH2012,2020-08-10 09:31:04.900,3234.0000,15811,0,124115580.000,1,0,1,多换,S,3231.8000,3231.6000,3231.0000,3230.0000,3228.0000,3235.0000,3239.4000,3240.0000,3241.0000,3244.6000,3,4,1,8,1,1,1,12,1,1
SF,IH2012,2020-08-10 09:31:05.400,3234.0000,15811,0,124115580.000,0,-,-,-,-,3231.8000,3231.0000,3230.0000,3228.0000,3220.2000,3234.8000,3235.0000,3239.4000,3240.0000,3241.0000,6,1,8,1,1,1,1,1,12,1
SF,IH2012,2020-08-10 09:31:05.900,3234.0000,15811,0,124115580.000,0,-,-,-,-,3231.8000,3231.0000,3230.0000,3228.2000,3228.0000,3234.8000,3235.0000,3239.4000,3240.0000,3241.0000,6,1,8,1,1,1,1,1,12,1
SF,IH2012,2020-08-10 09:31:06.400,3234.0000,15811,0,124115580.000,0,-,-,-,-,3231.8000,3231.0000,3230.0000,3228.2000,3228.0000,3234.8000,3235.0000,3239.4000,3240.0000,3241.0000,6,1,10,1,1,1,1,1,12,1
SF,IH2012,2020-08-10 09:31:06.900,3234.0000,15811,0,124115580.000,0,-,-,-,-,3232.0000,3231.8000,3230.0000,3228.2000,3228.0000,3234.8000,3239.4000,3240.0000,3241.0000,3244.6000,2,6,10,1,1,1,1,12,1,1
SF,IH2012,2020-08-10 09:31:07.400,3234.0000,15811,0,124115580.000,0,-,-,-,-,3232.6000,3232.2000,3232.0000,3231.8000,3230.0000,3239.4000,3240.0000,3241.0000,3244.6000,3245.6000,1,3,5,1,10,1,12,1,1,1
SF,IH2012,2020-08-10 09:31:07.900,3234.0000,15811,0,124115580.000,0,-,-,-,-,3233.2000,3233.0000,3232.8000,3232.6000,3232.2000,3236.2000,3236.8000,3237.6000,3238.2000,3239.0000,1,1,2,3,1,1,2,1,1,8
SF,IH2012,2020-08-10 09:31:08.400,3234.0000,15811,0,124115580.000,0,-,-,-,-,3233.4000,3233.2000,3232.2000,3230.0000,3228.2000,3236.2000,3236.8000,3237.6000,3238.2000,3239.0000,2,3,1,10,1,1,2,1,1,7
SF,IH2012,2020-08-10 09:31:08.900,3234.0000,15811,0,124115580.000,0,-,-,-,-,3233.4000,3230.0000,3228.2000,3228.0000,3220.2000,3236.0000,3236.8000,3237.6000,3238.2000,3239.0000,4,10,1,1,1,2,2,1,1,7
SF,IH2012,2020-08-10 09:31:09.400,3233.8000,15809,-2,126055860.000,2,0,2,双平,S,3233.4000,3230.0000,3228.2000,3228.0000,3220.2000,3236.0000,3236.8000,3237.6000,3238.2000,3239.0000,4,10,1,1,1,2,2,1,1,7
SF,IH2012,2020-08-10 09:31:09.900,3233.8000,15809,0,126055860.000,0,-,-,-,-,3234.2000,3233.4000,3230.0000,3228.2000,3228.0000,3236.0000,3236.8000,3237.6000,3238.2000,3239.0000,3,4,10,1,1,2,2,1,1,7
SF,IH2012,2020-08-10 09:31:10.400,3234.0000,15806,-3,132846720.000,7,2,5,多平,S,3230.0000,3228.2000,3228.0000,3220.2000,3220.0000,3234.0000,3234.2000,3234.4000,3234.8000,3235.2000,8,1,1,1,1,2,1,1,1,2
SF,IH2012,2020-08-10 09:31:10.900,3234.0000,15806,0,132846720.000,0,-,-,-,-,3232.0000,3230.6000,3230.4000,3230.2000,3230.0000,3233.8000,3234.0000,3234.2000,3239.0000,3239.2000,1,1,2,2,11,1,2,1,1,2
SF,IH2012,2020-08-10 09:31:11.400,3234.0000,15806,0,132846720.000,0,-,-,-,-,3232.2000,3230.4000,3230.2000,3230.0000,3228.2000,3233.8000,3234.0000,3234.2000,3239.0000,3239.2000,1,2,1,11,1,1,2,1,1,2
SF,IH2012,2020-08-10 09:31:11.900,3234.0000,15806,0,132846720.000,0,-,-,-,-,3230.4000,3230.0000,3228.2000,3228.0000,3220.2000,3233.6000,3233.8000,3234.0000,3234.2000,3239.0000,2,11,1,1,1,2,1,2,1,1
SF,IH2012,2020-08-10 09:31:12.400,3234.0000,15806,0,132846720.000,0,-,-,-,-,3232.0000,3230.8000,3230.6000,3230.4000,3230.0000,3233.4000,3233.6000,3234.0000,3234.2000,3239.0000,2,1,1,1,11,1,1,2,1,1
SF,IH2012,2020-08-10 09:31:12.900,3234.0000,15806,0,132846720.000,0,-,-,-,-,3232.4000,3230.8000,3230.6000,3230.0000,3228.2000,3233.2000,3234.0000,3234.2000,3239.0000,3239.2000,1,1,1,11,1,2,2,1,1,2
SF,IH2012,2020-08-10 09:31:13.400,3232.4000,15803,-3,135755880.000,3,0,3,双平,S,3230.0000,3228.2000,3228.0000,3220.2000,3220.0000,3232.8000,3233.2000,3234.0000,3234.2000,3239.0000,11,1,1,1,1,1,2,2,1,1
SF,IH2012,2020-08-10 09:31:13.900,3232.8000,15801,-2,139634940.000,4,1,3,多平,S,3230.2000,3230.0000,3228.2000,3228.0000,3220.2000,3234.0000,3234.2000,3239.0000,3239.2000,3239.4000,1,11,1,1,1,2,1,1,2,1
SF,IH2012,2020-08-10 09:31:14.400,3230.2000,15802,1,140604000.000,1,1,0,双开,S,3230.0000,3228.2000,3228.0000,3220.2000,3220.0000,3231.8000,3233.4000,3233.6000,3233.8000,3234.0000,8,1,1,1,1,1,2,7,3,3
SF,IH2012,2020-08-10 09:31:14.900,3230.2000,15802,0,140604000.000,0,-,-,-,-,3230.0000,3228.2000,3228.0000,3220.2000,3220.0000,3231.6000,3233.6000,3233.8000,3234.0000,3239.0000,8,1,1,1,1,1,6,2,2,1
SF,IH2012,2020-08-10 09:31:15.400,3230.2000,15802,0,140604000.000,0,-,-,-,-,3230.0000,3228.2000,3228.0000,3220.2000,3220.0000,3231.4000,3231.6000,3233.6000,3233.8000,3239.0000,8,1,1,1,1,1,1,6,2,1
SF,IH2012,2020-08-10 09:31:15.900,3230.2000,15802,0,140604000.000,0,-,-,-,-,3230.0000,3228.2000,3228.0000,3220.2000,3220.0000,3231.6000,3233.6000,3233.8000,3239.2000,3239.4000,8,1,1,1,1,1,6,2,2,1
SF,IH2012,2020-08-10 09:31:16.400,3230.2000,15802,0,140604000.000,0,-,-,-,-,3230.0000,3228.2000,3228.0000,3220.2000,3220.0000,3231.4000,3231.6000,3233.6000,3233.8000,3239.2000,8,1,1,1,1,1,1,6,2,2
SF,IH2012,2020-08-10 09:31:16.900,3231.6000,15801,-1,142542480.000,2,0,2,多平,S,3230.0000,3228.2000,3228.0000,3220.2000,3220.0000,3233.6000,3233.8000,3239.2000,3239.4000,3240.0000,8,1,1,1,1,6,2,2,1,12
SF,IH2012,2020-08-10 09:31:17.400,3231.6000,15801,0,142542480.000,0,-,-,-,-,3230.2000,3230.0000,3228.2000,3228.0000,3220.2000,3231.4000,3233.2000,3233.4000,3233.6000,3239.2000,1,8,1,1,1,1,2,5,7,2
SF,IH2012,2020-08-10 09:31:17.900,3231.6000,15801,0,142542480.000,0,-,-,-,-,3230.4000,3230.0000,3228.2000,3228.0000,3220.2000,3231.2000,3233.4000,3233.6000,3239.2000,3239.4000,1,4,1,1,1,1,5,2,2,1
SF,IH2012,2020-08-10 09:31:18.400,3231.2000,15801,0,143511840.000,1,0,1,多换,S,3230.4000,3230.0000,3228.2000,3228.0000,3220.2000,3231.2000,3233.4000,3233.6000,3239.2000,3239.4000,1,4,1,1,1,3,5,2,2,1
SF,IH2012,2020-08-10 09:31:18.900,3231.2000,15799,-2,145450320.000,2,0,2,双平,S,3230.0000,3228.2000,3228.0000,3220.2000,3220.0000,3230.4000,3231.0000,3231.2000,3233.4000,3233.6000,4,1,1,1,2,1,5,2,5,2
SF,IH2012,2020-08-10 09:31:19.400,3230.0000,15797,-2,150295380.000,5,1,4,多平,S,3228.2000,3228.0000,3220.2000,3220.0000,3210.6000,3230.2000,3230.4000,3231.0000,3231.2000,3232.2000,1,1,1,2,1,1,1,5,2,1
SF,IH2012,2020-08-10 09:31:19.900,3230.0000,15797,0,150295380.000,0,-,-,-,-,3228.4000,3228.2000,3228.0000,3220.2000,3220.0000,3230.0000,3230.2000,3230.4000,3231.0000,3231.2000,1,1,2,1,2,1,1,2,5,2
SF,IH2012,2020-08-10 09:31:20.400,3230.0000,15797,0,150295380.000,0,-,-,-,-,3228.4000,3228.2000,3228.0000,3220.2000,3220.0000,3230.0000,3230.2000,3230.4000,3231.0000,3231.2000,1,1,2,1,2,4,1,2,5,2
SF,IH2012,2020-08-10 09:31:20.900,3230.0000,15797,0,150295380.000,0,-,-,-,-,3228.2000,3228.0000,3220.2000,3220.0000,3210.6000,3228.4000,3229.8000,3230.0000,3230.2000,3230.4000,1,2,1,2,1,2,1,4,1,2
SF,IH2012,2020-08-10 09:31:21.400,3228.4000,15795,-2,152232420.000,2,0,2,双平,S,3228.4000,3228.2000,3228.0000,3220.2000,3220.0000,3230.0000,3230.2000,3230.4000,3231.0000,3233.4000,2,2,2,1,2,4,1,2,5,4
SF,IH2012,2020-08-10 09:31:21.900,3230.4000,15790,-5,158046600.000,6,0,6,多平,S,3229.2000,3228.6000,3228.2000,3228.0000,3220.2000,3232.0000,3233.4000,3233.6000,3239.2000,3239.4000,2,2,1,1,1,1,4,2,2,1
SF,IH2012,2020-08-10 09:31:22.400,3230.4000,15790,0,158046600.000,0,-,-,-,-,3229.4000,3228.6000,3228.2000,3228.0000,3220.2000,3231.6000,3232.0000,3233.4000,3233.6000,3233.8000,2,1,1,1,1,6,1,4,2,1
SF,IH2012,2020-08-10 09:31:22.900,3230.4000,15790,0,158046600.000,0,-,-,-,-,3229.6000,3229.4000,3229.2000,3228.6000,3228.2000,3231.4000,3231.6000,3232.0000,3233.4000,3233.6000,1,2,1,1,1,1,5,1,4,2
SF,IH2012,2020-08-10 09:31:23.400,3230.4000,15790,0,158046600.000,0,-,-,-,-,3229.6000,3229.4000,3229.2000,3228.6000,3228.2000,3231.4000,3231.6000,3232.0000,3233.4000,3233.6000,1,1,1,1,1,1,5,1,4,2
SF,IH2012,2020-08-10 09:31:23.900,3229.6000,15788,-2,159984420.000,2,0,2,双平,S,3229.4000,3229.2000,3228.6000,3228.2000,3228.0000,3231.4000,3231.6000,3232.0000,3233.4000,3233.6000,1,1,1,1,1,1,5,1,4,2
SF,IH2012,2020-08-10 09:31:24.400,3229.4000,15787,-1,161922060.000,2,0,2,多平,S,3229.2000,3228.6000,3228.2000,3228.0000,3220.2000,3231.0000,3231.2000,3231.4000,3232.0000,3233.4000,1,1,1,1,1,6,2,1,1,4
SF,IH2012,2020-08-10 09:31:24.900,3229.4000,15787,0,161922060.000,0,-,-,-,-,3229.2000,3228.6000,3228.2000,3228.0000,3226.0000,3230.6000,3231.2000,3231.4000,3232.0000,3233.4000,1,1,1,1,1,1,2,1,1,4
SF,IH2012,2020-08-10 09:31:25.400,3229.4000,15787,0,161922060.000,0,-,-,-,-,3229.2000,3228.2000,3228.0000,3226.0000,3220.2000,3230.6000,3231.2000,3231.4000,3232.0000,3233.4000,1,1,1,1,1,1,2,1,1,4
SF,IH2012,2020-08-10 09:31:26.400,3229.2000,15786,-1,162890820.000,1,0,1,双平,S,3228.2000,3228.0000,3226.0000,3220.2000,3220.0000,3230.6000,3231.2000,3231.4000,3232.0000,3233.4000,1,1,1,1,2,1,2,1,1,4
SF,IH2012,2020-08-10 09:31:26.900,3229.2000,15786,0,162890820.000,0,-,-,-,-,3228.4000,3228.2000,3228.0000,3226.0000,3220.2000,3230.4000,3230.6000,3231.2000,3232.0000,3233.4000,1,1,1,1,1,1,1,1,1,4
SF,IH2012,2020-08-10 09:31:27.400,3229.2000,15786,0,162890820.000,0,-,-,-,-,3228.4000,3228.2000,3228.0000,3226.0000,3225.0000,3230.4000,3230.6000,3231.2000,3232.0000,3233.4000,1,1,1,1,4,1,1,1,1,4
SF,IH2012,2020-08-10 09:31:27.900,3229.2000,15786,0,162890820.000,0,-,-,-,-,3228.4000,3228.2000,3228.0000,3226.0000,3225.0000,3230.4000,3230.6000,3232.0000,3233.4000,3233.6000,1,1,1,1,4,1,1,1,4,1
SF,IH2012,2020-08-10 09:31:28.400,3229.2000,15786,0,162890820.000,0,-,-,-,-,3228.4000,3228.2000,3228.0000,3226.0000,3225.0000,3230.4000,3230.6000,3232.0000,3233.4000,3233.6000,1,1,1,1,4,1,1,1,4,1
SF,IH2012,2020-08-10 09:31:28.900,3229.2000,15786,0,162890820.000,0,-,-,-,-,3228.4000,3228.2000,3228.0000,3226.0000,3225.0000,3230.4000,3230.6000,3232.0000,3233.4000,3233.6000,1,2,1,1,4,1,1,1,4,1
SF,IH2012,2020-08-10 09:31:30.400,3229.2000,15786,0,162890820.000,0,-,-,-,-,3229.0000,3228.4000,3228.2000,3228.0000,3226.0000,3230.4000,3230.6000,3232.0000,3233.4000,3233.6000,1,1,2,1,1,1,1,1,4,1
SF,IH2012,2020-08-10 09:31:30.900,3229.2000,15786,0,162890820.000,0,-,-,-,-,3229.0000,3228.4000,3228.2000,3228.0000,3226.0000,3230.6000,3232.0000,3233.4000,3233.6000,3239.2000,1,1,2,1,1,1,1,4,1,2
SF,IH2012,2020-08-10 09:31:32.400,3230.6000,15785,-1,163860000.000,1,0,1,双平,S,3230.6000,3229.0000,3228.4000,3228.2000,3228.0000,3232.0000,3233.4000,3233.6000,3239.2000,3239.4000,1,1,1,2,1,1,4,1,2,1
SF,IH2012,2020-08-10 09:31:32.900,3230.6000,15785,0,163860000.000,0,-,-,-,-,3230.6000,3230.4000,3229.0000,3228.6000,3228.4000,3231.2000,3231.6000,3231.8000,3232.0000,3233.4000,1,1,1,1,1,1,5,1,1,4
SF,IH2012,2020-08-10 09:31:33.400,3231.6000,15783,-2,166768320.000,3,0,3,多平,S,3230.6000,3230.4000,3229.0000,3228.6000,3228.4000,3231.6000,3231.8000,3232.0000,3233.4000,3233.6000,1,1,1,1,1,3,1,1,4,1
SF,IH2012,2020-08-10 09:31:33.900,3230.6000,15781,-2,168707040.000,2,0,2,双平,S,3230.4000,3229.0000,3228.6000,3228.4000,3228.2000,3232.0000,3233.4000,3233.6000,3239.2000,3239.4000,2,1,1,1,2,1,5,1,2,1
SF,IH2012,2020-08-10 09:31:34.400,3230.6000,15780,-1,169676220.000,1,0,1,双平,S,3230.4000,3229.0000,3228.6000,3228.2000,3228.0000,3233.4000,3233.6000,3239.2000,3239.4000,3240.0000,2,1,1,2,1,5,1,2,1,12
SF,IH2012,2020-08-10 09:31:34.900,3230.6000,15780,0,169676220.000,0,-,-,-,-,3230.6000,3230.4000,3229.0000,3228.6000,3228.2000,3233.0000,3233.2000,3233.4000,3233.6000,3239.2000,1,2,1,1,2,3,2,5,1,2
SF,IH2012,2020-08-10 09:31:35.400,3230.6000,15780,0,169676220.000,0,-,-,-,-,3230.6000,3230.4000,3229.0000,3228.6000,3228.2000,3232.6000,3232.8000,3233.0000,3233.4000,3233.6000,1,2,1,1,2,1,2,3,5,1
SF,IH2012,2020-08-10 09:31:35.900,3230.6000,15780,0,169676220.000,0,-,-,-,-,3230.6000,3230.4000,3229.0000,3228.6000,3228.2000,3232.2000,3232.4000,3232.6000,3233.4000,3233.6000,1,2,1,1,2,3,2,1,5,1
SF,IH2012,2020-08-10 09:31:36.400,3230.4000,15777,-3,172583640.000,3,0,3,双平,S,3229.0000,3228.6000,3228.2000,3228.0000,3226.0000,3230.4000,3230.6000,3231.8000,3232.0000,3232.2000,1,1,2,1,1,1,1,1,2,3
SF,IH2012,2020-08-10 09:31:36.900,3230.4000,15777,0,172583640.000,0,-,-,-,-,3229.0000,3228.6000,3228.2000,3228.0000,3226.0000,3230.4000,3230.6000,3231.8000,3232.0000,3232.2000,1,1,2,1,1,1,1,1,5,3
SF,IH2012,2020-08-10 09:31:37.400,3229.0000,15777,0,173552340.000,1,0,1,多换,S,3228.6000,3228.2000,3228.0000,3226.0000,3225.0000,3230.4000,3230.6000,3231.8000,3232.0000,3232.2000,1,2,1,1,4,1,1,1,5,3
SF,IH2012,2020-08-10 09:31:37.900,3229.0000,15777,0,173552340.000,0,-,-,-,-,3228.8000,3228.6000,3228.2000,3228.0000,3226.8000,3230.4000,3230.6000,3232.0000,3232.2000,3232.4000,1,1,2,1,1,1,1,5,3,2
SF,IH2012,2020-08-10 09:31:38.400,3228.8000,15777,0,174520980.000,1,0,1,多换,S,3228.6000,3228.2000,3228.0000,3226.8000,3226.0000,3230.4000,3230.6000,3232.0000,3232.2000,3232.4000,1,2,1,1,1,1,1,5,3,2
SF,IH2012,2020-08-10 09:31:38.900,3228.8000,15777,0,174520980.000,0,-,-,-,-,3228.6000,3228.4000,3228.2000,3228.0000,3226.8000,3230.2000,3230.4000,3230.6000,3232.0000,3232.2000,1,1,2,1,1,1,1,1,4,3
SF,IH2012,2020-08-10 09:31:39.400,3228.8000,15777,0,174520980.000,0,-,-,-,-,3228.8000,3228.6000,3228.4000,3228.2000,3228.0000,3230.2000,3230.4000,3230.6000,3232.0000,3232.2000,1,1,2,2,1,1,1,1,4,3
SF,IH2012,2020-08-10 09:31:39.900,3228.8000,15777,0,174520980.000,0,-,-,-,-,3228.6000,3228.4000,3228.2000,3228.0000,3226.8000,3230.2000,3230.4000,3230.6000,3232.0000,3232.2000,1,1,2,1,1,1,1,1,4,3
SF,IH2012,2020-08-10 09:31:40.400,3228.8000,15777,0,174520980.000,0,-,-,-,-,3228.6000,3228.4000,3228.2000,3228.0000,3226.8000,3230.0000,3230.2000,3230.4000,3230.6000,3232.0000,1,1,2,1,1,3,1,1,1,4
SF,IH2012,2020-08-10 09:31:40.900,3230.2000,15773,-4,178397040.000,4,0,4,双平,S,3230.0000,3229.8000,3229.4000,3229.0000,3228.6000,3230.4000,3230.6000,3232.0000,3232.2000,3232.4000,1,2,1,1,1,1,1,4,3,1
SF,IH2012,2020-08-10 09:31:41.400,3230.4000,15772,-1,179366160.000,1,0,1,双平,S,3229.8000,3229.4000,3229.0000,3228.6000,3228.4000,3230.6000,3232.0000,3232.2000,3232.4000,3233.4000,2,1,1,1,1,1,5,3,1,4
SF,IH2012,2020-08-10 09:31:41.900,3229.8000,15770,-2,181304040.000,2,0,2,双平,S,3229.4000,3228.6000,3228.4000,3228.2000,3228.0000,3230.6000,3232.0000,3232.2000,3232.4000,3233.4000,1,1,1,2,1,1,5,3,1,4
SF,IH2012,2020-08-10 09:31:42.400,3229.4000,15769,-1,182272860.000,1,0,1,双平,S,3228.6000,3228.4000,3228.2000,3228.0000,3227.4000,3230.4000,3230.6000,3232.0000,3232.2000,3232.4000,1,1,2,1,1,1,1,5,3,1
SF,IH2012,2020-08-10 09:31:42.900,3229.4000,15769,0,182272860.000,0,-,-,-,-,3228.4000,3228.2000,3228.0000,3227.4000,3226.0000,3230.2000,3230.4000,3230.6000,3232.0000,3232.2000,1,2,1,1,1,1,1,1,5,3
SF,IH2012,2020-08-10 09:31:43.400,3229.4000,15769,0,182272860.000,0,-,-,-,-,3228.4000,3228.2000,3228.0000,3227.4000,3226.0000,3230.0000,3230.2000,3230.6000,3232.0000,3232.2000,1,2,1,1,1,1,1,1,5,3
SF,IH2012,2020-08-10 09:31:43.900,3228.2000,15767,-2,184209840.000,2,0,2,双平,S,3228.2000,3228.0000,3227.4000,3226.0000,3225.0000,3228.4000,3229.8000,3230.0000,3230.2000,3230.6000,2,1,1,1,4,1,3,1,1,1
SF,IH2012,2020-08-10 09:31:44.400,3228.0000,15764,-3,187115160.000,3,0,3,双平,S,3227.4000,3226.0000,3225.0000,3221.2000,3220.2000,3229.8000,3230.0000,3230.2000,3230.6000,3232.0000,1,1,4,1,1,6,1,1,1,4
SF,IH2012,2020-08-10 09:31:44.900,3227.4000,15763,-1,188083380.000,1,0,1,双平,S,3226.0000,3225.0000,3221.2000,3220.2000,3220.0000,3228.0000,3229.4000,3229.6000,3229.8000,3230.2000,1,4,1,1,2,1,1,3,6,1
SF,IH2012,2020-08-10 09:31:45.400,3226.0000,15762,-1,189051180.000,1,0,1,双平,S,3225.0000,3221.2000,3220.2000,3220.0000,3211.2000,3227.6000,3227.8000,3229.6000,3229.8000,3232.0000,4,1,1,2,3,4,2,1,3,4
SF,IH2012,2020-08-10 09:31:45.900,3226.0000,15762,0,189051180.000,0,-,-,-,-,3225.2000,3225.0000,3224.8000,3221.2000,3220.2000,3227.4000,3227.6000,3229.6000,3229.8000,3232.0000,1,4,1,1,1,1,4,1,3,4
SF,IH2012,2020-08-10 09:31:46.400,3225.2000,15761,-1,190018740.000,1,0,1,双平,S,3225.0000,3221.2000,3220.2000,3220.0000,3211.2000,3227.2000,3227.4000,3227.6000,3229.8000,3232.0000,4,1,1,2,3,1,2,4,3,4
SF,IH2012,2020-08-10 09:31:46.900,3225.0000,15761,0,190986240.000,1,0,1,多换,S,3225.0000,3221.2000,3220.2000,3220.0000,3211.2000,3226.8000,3227.0000,3227.2000,3227.4000,3232.0000,3,1,1,2,3,4,1,4,1,1
SF,IH2012,2020-08-10 09:31:47.400,3225.0000,15761,0,191953740.000,1,0,1,多换,S,3225.0000,3221.2000,3220.2000,3220.0000,3211.2000,3225.2000,3226.6000,3226.8000,3227.0000,3227.2000,2,1,1,2,3,3,3,4,1,3
SF,IH2012,2020-08-10 09:31:47.900,3225.0000,15761,0,193888740.000,2,1,1,多换,S,3221.2000,3220.2000,3220.0000,3211.2000,3210.6000,3225.0000,3225.2000,3226.6000,3226.8000,3227.0000,1,1,2,3,1,1,3,2,4,1
SF,IH2012,2020-08-10 09:31:48.400,3223.2000,15760,-1,194855700.000,1,0,1,双平,S,3222.4000,3221.4000,3221.2000,3220.2000,3220.0000,3224.8000,3225.0000,3225.2000,3226.6000,3226.8000,2,2,1,1,2,1,1,3,2,4
SF,IH2012,2020-08-10 09:31:48.900,3224.8000,15760,0,195823140.000,1,0,1,多换,S,3222.6000,3222.4000,3221.4000,3221.2000,3220.2000,3224.8000,3225.0000,3225.2000,3226.6000,3226.8000,1,4,1,1,1,3,1,3,2,4
SF,IH2012,2020-08-10 09:31:49.400,3222.6000,15755,-5,202594020.000,7,1,6,多平,S,3222.4000,3221.4000,3221.2000,3220.2000,3220.0000,3222.6000,3224.6000,3225.2000,3226.6000,3226.8000,4,1,1,1,2,1,1,3,2,4
SF,IH2012,2020-08-10 09:31:49.900,3222.6000,15753,-2,204527580.000,2,0,2,双平,S,3223.0000,3222.8000,3222.6000,3222.4000,3221.4000,3224.6000,3225.2000,3226.8000,3232.0000,3233.4000,1,2,9,2,1,1,3,4,1,2
SF,IH2012,2020-08-10 09:31:50.400,3223.2000,15749,-4,209363220.000,5,0,5,多平,S,3223.6000,3222.8000,3222.6000,3222.4000,3221.4000,3232.0000,3233.4000,3233.6000,3239.2000,3239.4000,1,3,5,2,1,1,2,1,2,1
SF,IH2012,2020-08-10 09:31:50.900,3223.2000,15749,0,209363220.000,0,-,-,-,-,3224.8000,3224.0000,3223.8000,3222.8000,3222.6000,3226.4000,3227.4000,3227.6000,3228.0000,3229.8000,1,1,4,2,3,1,3,1,1,1
SF,IH2012,2020-08-10 09:31:51.400,3223.2000,15749,0,209363220.000,0,-,-,-,-,3223.8000,3222.8000,3222.6000,3222.4000,3221.4000,3226.2000,3227.4000,3228.0000,3229.8000,3230.0000,2,2,3,2,1,1,1,1,1,1
SF,IH2012,2020-08-10 09:31:51.900,3223.2000,15749,0,209363220.000,0,-,-,-,-,3223.8000,3222.8000,3222.6000,3222.4000,3221.4000,3225.8000,3226.0000,3226.2000,3227.4000,3228.0000,1,1,2,2,1,4,1,1,1,1
SF,IH2012,2020-08-10 09:31:52.400,3223.2000,15749,0,209363220.000,0,-,-,-,-,3223.8000,3222.8000,3222.6000,3222.4000,3221.4000,3225.6000,3225.8000,3226.0000,3227.4000,3228.0000,1,1,1,2,1,1,4,1,1,1
SF,IH2012,2020-08-10 09:31:52.900,3223.2000,15749,0,209363220.000,0,-,-,-,-,3223.8000,3222.8000,3222.6000,3222.4000,3221.4000,3225.6000,3225.8000,3226.0000,3227.4000,3228.0000,1,1,1,2,1,1,1,1,1,1
SF,IH2012,2020-08-10 09:31:53.400,3223.2000,15749,0,209363220.000,0,-,-,-,-,3223.8000,3223.2000,3222.8000,3222.4000,3221.4000,3225.2000,3225.4000,3225.6000,3226.0000,3227.4000,1,1,1,2,1,3,1,4,1,1
SF,IH2012,2020-08-10 09:31:53.900,3223.2000,15749,0,209363220.000,0,-,-,-,-,3223.2000,3222.8000,3221.4000,3221.2000,3220.2000,3225.0000,3225.2000,3225.4000,3225.6000,3226.0000,1,1,1,1,1,1,3,1,3,1
SF,IH2012,2020-08-10 09:31:54.400,3225.0000,15748,-1,210330720.000,1,0,1,双平,S,3223.2000,3222.8000,3221.4000,3221.2000,3220.2000,3225.2000,3225.4000,3225.6000,3226.0000,3228.0000,3,1,1,1,1,3,1,3,1,1
SF,IH2012,2020-08-10 09:31:54.900,3225.0000,15748,0,210330720.000,0,-,-,-,-,3223.4000,3223.2000,3222.8000,3221.4000,3221.2000,3225.0000,3225.6000,3226.0000,3228.0000,3229.8000,2,3,1,1,1,1,3,1,1,1
SF,IH2012,2020-08-10 09:31:55.400,3223.6000,15746,-2,212265300.000,2,0,2,双平,S,3223.4000,3223.2000,3222.8000,3221.4000,3221.2000,3225.6000,3229.8000,3230.0000,3230.4000,3231.4000,2,3,1,1,1,3,1,1,1,1
SF,IH2012,2020-08-10 09:31:55.900,3225.6000,15743,-3,215168340.000,3,0,3,双平,S,3223.6000,3223.4000,3223.2000,3222.8000,3221.4000,3225.4000,3229.8000,3230.0000,3230.4000,3231.4000,1,1,3,1,1,1,1,1,1,1
SF,IH2012,2020-08-10 09:31:56.400,3225.4000,15741,-2,217103580.000,2,0,2,双平,S,3225.6000,3223.4000,3223.2000,3222.8000,3221.4000,3229.8000,3230.0000,3230.4000,3231.4000,3231.6000,1,1,3,1,1,1,1,1,1,3
SF,IH2012,2020-08-10 09:31:56.900,3225.4000,15741,0,218071200.000,1,0,1,多换,S,3225.6000,3223.2000,3222.8000,3221.4000,3221.2000,3226.6000,3227.4000,3227.6000,3227.8000,3228.0000,1,3,1,1,1,1,1,2,1,1
SF,IH2012,2020-08-10 09:31:57.400,3225.4000,15741,0,218071200.000,0,-,-,-,-,3225.6000,3223.2000,3222.8000,3221.4000,3221.2000,3226.2000,3226.4000,3228.0000,3229.4000,3229.6000,1,3,1,1,1,4,1,1,3,2
SF,IH2012,2020-08-10 09:31:57.900,3225.6000,15739,-2,220974480.000,3,0,3,多平,S,3223.2000,3222.8000,3221.4000,3221.2000,3220.2000,3226.2000,3226.4000,3228.0000,3229.4000,3229.6000,3,1,1,1,1,4,3,1,3,2
SF,IH2012,2020-08-10 09:31:58.400,3226.2000,15736,-3,223878060.000,3,0,3,双平,S,3223.8000,3223.4000,3223.2000,3222.8000,3221.4000,3226.4000,3229.6000,3229.8000,3230.0000,3230.4000,2,3,6,1,1,3,2,2,1,1
SF,IH2012,2020-08-10 09:31:58.900,3224.0000,15732,-4,227749020.000,4,0,4,双平,S,3224.0000,3223.8000,3223.4000,3223.2000,3222.8000,3229.6000,3229.8000,3230.0000,3230.4000,3231.4000,2,2,1,6,1,2,2,1,1,1
SF,IH2012,2020-08-10 09:31:59.400,3224.0000,15731,-1,228716220.000,1,0,1,双平,S,3224.6000,3224.4000,3224.2000,3224.0000,3223.4000,3229.0000,3229.2000,3229.4000,3229.6000,3229.8000,2,1,1,2,1,1,2,2,3,2
SF,IH2012,2020-08-10 09:31:59.900,3224.0000,15730,-1,229683420.000,1,0,1,双平,S,3224.8000,3224.6000,3224.4000,3224.2000,3223.4000,3228.6000,3229.0000,3229.2000,3229.6000,3229.8000,2,4,2,1,1,2,1,1,3,2
SF,IH2012,2020-08-10 09:32:00.400,3224.0000,15730,0,229683420.000,0,-,-,-,-,3225.6000,3225.4000,3225.0000,3224.8000,3224.6000,3228.6000,3229.6000,3229.8000,3230.0000,3230.4000,1,1,1,2,3,2,2,2,1,1
SF,IH2012,2020-08-10 09:32:00.900,3225.8000,15730,0,230651160.000,1,0,1,多换,S,3226.0000,3225.8000,3225.6000,3224.8000,3224.6000,3228.6000,3229.6000,3229.8000,3230.0000,3230.4000,1,1,1,1,3,1,2,2,1,1
SF,IH2012,2020-08-10 09:32:01.400,3225.8000,15730,0,230651160.000,0,-,-,-,-,3226.2000,3226.0000,3225.6000,3224.8000,3224.6000,3228.6000,3229.8000,3230.0000,3230.4000,3231.4000,2,1,1,1,3,1,2,1,1,1
SF,IH2012,2020-08-10 09:32:01.900,3225.8000,15730,0,230651160.000,0,-,-,-,-,3226.2000,3225.6000,3224.8000,3224.6000,3223.2000,3228.2000,3228.4000,3228.6000,3229.8000,3230.0000,1,1,1,3,4,1,4,1,2,1
SF,IH2012,2020-08-10 09:32:02.400,3226.2000,15730,0,231619020.000,1,0,1,多换,S,3225.6000,3224.6000,3223.2000,3222.8000,3221.4000,3228.0000,3228.2000,3228.4000,3228.6000,3229.8000,1,3,4,1,1,2,1,3,1,2
SF,IH2012,2020-08-10 09:32:02.900,3226.2000,15730,0,231619020.000,0,-,-,-,-,3224.6000,3223.2000,3222.8000,3221.4000,3221.2000,3227.6000,3228.0000,3228.4000,3228.6000,3229.8000,3,4,1,1,1,1,2,3,1,2
SF,IH2012,2020-08-10 09:32:03.400,3226.2000,15730,0,231619020.000,0,-,-,-,-,3224.6000,3223.2000,3222.8000,3221.4000,3221.2000,3227.4000,3227.6000,3228.4000,3228.6000,3229.8000,2,4,1,1,1,2,1,3,1,2
SF,IH2012,2020-08-10 09:32:03.900,3226.2000,15730,0,231619020.000,0,-,-,-,-,3225.0000,3224.8000,3224.6000,3223.2000,3222.8000,3227.2000,3227.4000,3228.4000,3228.6000,3229.8000,1,4,2,4,1,1,2,3,1,2
SF,IH2012,2020-08-10 09:32:04.400,3227.0000,15730,0,232587120.000,1,0,1,多换,S,3225.4000,3225.2000,3225.0000,3224.8000,3224.6000,3227.2000,3228.4000,3228.6000,3229.8000,3230.0000,1,2,2,2,2,1,3,1,2,1
SF,IH2012,2020-08-10 09:32:04.900,3227.2000,15729,-1,233555280.000,1,0,1,双平,S,3225.8000,3225.6000,3224.8000,3223.2000,3222.8000,3228.4000,3228.6000,3229.8000,3230.0000,3230.4000,1,2,1,4,1,3,1,2,1,1
SF,IH2012,2020-08-10 09:32:05.400,3228.4000,15728,-1,234523800.000,1,0,1,双平,S,3227.2000,3227.0000,3226.6000,3226.4000,3226.2000,3228.4000,3230.4000,3231.4000,3233.4000,3235.0000,1,1,2,1,1,2,1,1,2,1
SF,IH2012,2020-08-10 09:32:05.900,3228.4000,15727,-1,235492320.000,1,0,1,双平,S,3226.4000,3226.0000,3225.8000,3223.2000,3222.8000,3228.4000,3233.4000,3235.0000,3239.4000,3240.0000,1,2,3,2,1,2,2,1,1,12
SF,IH2012,2020-08-10 09:32:06.400,3228.4000,15725,-2,237429360.000,2,0,2,双平,S,3226.6000,3226.4000,3225.8000,3223.2000,3222.8000,3233.4000,3235.0000,3239.4000,3240.0000,3241.0000,4,1,3,2,1,2,1,1,12,1
SF,IH2012,2020-08-10 09:32:06.900,3228.4000,15725,0,237429360.000,0,-,-,-,-,3227.2000,3227.0000,3226.8000,3226.6000,3225.8000,3232.8000,3233.0000,3233.2000,3233.4000,3235.0000,1,4,2,5,3,1,2,3,5,1
SF,IH2012,2020-08-10 09:32:07.400,3228.4000,15725,0,237429360.000,0,-,-,-,-,3227.6000,3227.4000,3227.2000,3227.0000,3226.8000,3231.8000,3232.4000,3232.8000,3233.0000,3233.4000,4,2,2,1,2,1,2,1,1,5
SF,IH2012,2020-08-10 09:32:07.900,3228.4000,15725,0,237429360.000,0,-,-,-,-,3228.2000,3228.0000,3227.8000,3227.6000,3227.4000,3232.4000,3233.0000,3233.4000,3235.0000,3239.4000,1,1,2,4,1,1,1,5,1,1
SF,IH2012,2020-08-10 09:32:08.400,3228.4000,15725,0,237429360.000,0,-,-,-,-,3228.6000,3228.4000,3228.2000,3228.0000,3227.6000,3233.0000,3233.4000,3235.0000,3239.4000,3240.0000,1,5,1,1,1,1,5,1,1,12
SF,IH2012,2020-08-10 09:32:08.900,3228.4000,15725,0,237429360.000,0,-,-,-,-,3229.2000,3229.0000,3228.8000,3228.6000,3228.4000,3232.6000,3232.8000,3233.0000,3233.4000,3235.0000,1,1,3,1,3,1,1,1,4,1
SF,IH2012,2020-08-10 09:32:09.400,3228.4000,15725,0,237429360.000,0,-,-,-,-,3229.4000,3229.2000,3229.0000,3228.8000,3228.6000,3232.2000,3232.6000,3233.4000,3235.0000,3239.4000,2,1,1,1,1,1,1,4,1,1
SF,IH2012,2020-08-10 09:32:09.900,3228.4000,15725,0,237429360.000,0,-,-,-,-,3230.0000,3229.6000,3229.4000,3229.0000,3228.8000,3231.8000,3232.0000,3233.4000,3235.0000,3239.4000,1,1,2,1,1,1,1,4,1,1
SF,IH2012,2020-08-10 09:32:10.400,3228.4000,15725,0,237429360.000,0,-,-,-,-,3230.0000,3229.6000,3229.4000,3229.0000,3228.8000,3231.6000,3233.4000,3235.0000,3239.4000,3240.0000,1,1,2,1,1,1,4,1,1,12
SF,IH2012,2020-08-10 09:32:10.900,3228.4000,15725,0,237429360.000,0,-,-,-,-,3230.2000,3230.0000,3229.6000,3229.4000,3229.0000,3233.4000,3235.0000,3239.4000,3240.0000,3241.0000,1,3,1,1,1,4,1,1,12,1
SF,IH2012,2020-08-10 09:32:11.400,3231.8000,15725,0,238398900.000,1,0,1,多换,S,3230.8000,3230.4000,3230.2000,3230.0000,3229.6000,3231.4000,3232.8000,3233.2000,3235.0000,3239.4000,1,1,1,2,1,3,1,1,1,1
SF,IH2012,2020-08-10 09:32:11.900,3231.4000,15722,-3,241307160.000,3,0,3,双平,S,3230.8000,3230.2000,3230.0000,3229.6000,3229.0000,3233.2000,3235.0000,3239.4000,3240.0000,3241.0000,1,1,2,1,1,1,1,1,12,1
SF,IH2012,2020-08-10 09:32:12.400,3231.4000,15722,0,241307160.000,0,-,-,-,-,3231.0000,3230.8000,3230.2000,3230.0000,3229.6000,3233.2000,3235.0000,3239.4000,3240.0000,3241.0000,1,1,1,2,1,1,1,1,12,1
SF,IH2012,2020-08-10 09:32:12.900,3231.4000,15722,0,241307160.000,0,-,-,-,-,3231.6000,3231.2000,3231.0000,3230.0000,3229.6000,3233.0000,3233.2000,3235.0000,3239.4000,3240.0000,2,1,1,2,1,3,1,1,1,12
SF,IH2012,2020-08-10 09:32:13.400,3231.4000,15722,0,241307160.000,0,-,-,-,-,3232.0000,3231.6000,3231.2000,3231.0000,3230.0000,3233.0000,3233.2000,3235.0000,3239.4000,3240.0000,1,2,1,1,2,3,1,1,1,12
SF,IH2012,2020-08-10 09:32:13.900,3232.2000,15719,-3,245186040.000,4,0,4,多平,S,3232.6000,3232.0000,3231.6000,3231.2000,3231.0000,3233.0000,3233.2000,3235.0000,3239.4000,3240.0000,1,1,1,1,1,2,1,1,1,12
SF,IH2012,2020-08-10 09:32:14.400,3232.6000,15718,-1,246155820.000,1,0,1,双平,S,3232.0000,3231.6000,3231.2000,3231.0000,3230.0000,3233.0000,3235.0000,3239.4000,3240.0000,3241.0000,1,1,1,1,2,2,1,1,12,1
SF,IH2012,2020-08-10 09:32:14.900,3233.0000,15716,-2,249064980.000,3,0,3,多平,S,3231.6000,3231.2000,3231.0000,3230.0000,3229.6000,3233.0000,3235.0000,3239.4000,3240.0000,3241.0000,1,1,1,2,1,1,1,1,12,1
SF,IH2012,2020-08-10 09:32:15.400,3231.6000,15715,-1,250034460.000,1,0,1,双平,S,3231.0000,3230.0000,3229.2000,3227.6000,3227.2000,3232.8000,3233.0000,3235.0000,3239.4000,3240.0000,1,2,1,1,1,1,1,1,1,12
SF,IH2012,2020-08-10 09:32:15.900,3231.6000,15715,0,250034460.000,0,-,-,-,-,3231.0000,3229.2000,3227.6000,3227.2000,3226.8000,3232.8000,3233.0000,3235.0000,3239.4000,3240.0000,1,1,1,1,1,1,1,1,1,12
SF,IH2012,2020-08-10 09:32:16.400,3231.0000,15713,-2,252942360.000,3,0,3,多平,S,3229.2000,3227.6000,3227.2000,3226.8000,3225.0000,3232.6000,3232.8000,3233.0000,3235.0000,3239.4000,1,1,1,1,1,1,1,1,1,1
SF,IH2012,2020-08-10 09:32:16.900,3231.0000,15713,0,252942360.000,0,-,-,-,-,3229.4000,3229.2000,3227.6000,3227.2000,3226.8000,3232.4000,3232.6000,3233.0000,3235.0000,3239.4000,1,1,1,1,1,1,1,1,1,1
SF,IH2012,2020-08-10 09:32:17.400,3231.0000,15713,0,252942360.000,0,-,-,-,-,3229.4000,3229.2000,3227.6000,3227.2000,3226.8000,3232.0000,3232.2000,3232.4000,3233.0000,3235.0000,1,1,1,1,1,2,1,1,1,1
SF,IH2012,2020-08-10 09:32:17.900,3231.0000,15713,0,252942360.000,0,-,-,-,-,3229.2000,3227.6000,3227.2000,3226.8000,3225.0000,3231.8000,3235.0000,3239.4000,3240.0000,3241.0000,1,1,1,1,1,3,1,1,12,1
SF,IH2012,2020-08-10 09:32:18.400,3229.6000,15713,0,253911240.000,1,0,1,多换,S,3229.4000,3229.2000,3227.6000,3227.2000,3226.8000,3231.8000,3235.0000,3239.4000,3240.0000,3241.0000,2,1,1,1,1,3,1,1,12,1
SF,IH2012,2020-08-10 09:32:18.900,3229.6000,15713,0,253911240.000,0,-,-,-,-,3229.4000,3229.2000,3227.6000,3227.2000,3226.8000,3231.8000,3235.0000,3239.4000,3240.0000,3241.0000,2,1,1,1,1,3,1,1,12,1
SF,IH2012,2020-08-10 09:32:19.400,3231.8000,15711,-2,256819860.000,3,0,3,多平,S,3229.8000,3229.4000,3229.2000,3227.6000,3227.2000,3235.0000,3239.4000,3240.0000,3241.0000,3244.6000,1,2,1,1,1,1,1,12,1,1
SF,IH2012,2020-08-10 09:32:19.900,3231.8000,15711,0,256819860.000,0,-,-,-,-,3230.2000,3230.0000,3229.8000,3229.4000,3229.2000,3234.0000,3234.4000,3234.6000,3234.8000,3235.0000,1,3,1,1,1,1,2,1,6,2
SF,IH2012,2020-08-10 09:32:20.400,3231.8000,15711,0,256819860.000,0,-,-,-,-,3230.6000,3230.4000,3230.2000,3230.0000,3229.8000,3233.6000,3233.8000,3234.4000,3234.8000,3235.0000,1,1,1,3,1,1,1,2,2,2
SF,IH2012,2020-08-10 09:32:20.900,3231.8000,15711,0,256819860.000,0,-,-,-,-,3230.8000,3230.6000,3230.0000,3229.8000,3229.4000,3233.4000,3234.4000,3234.8000,3235.0000,3239.4000,1,1,1,1,1,1,2,2,2,1
SF,IH2012,2020-08-10 09:32:21.400,3231.8000,15711,0,256819860.000,0,-,-,-,-,3230.8000,3230.6000,3230.0000,3229.8000,3229.4000,3233.2000,3233.4000,3234.4000,3235.0000,3239.4000,1,1,1,1,1,1,1,1,1,1
SF,IH2012,2020-08-10 09:32:21.900,3231.8000,15711,0,256819860.000,0,-,-,-,-,3231.0000,3230.8000,3230.6000,3230.0000,3229.8000,3233.2000,3235.0000,3239.4000,3240.0000,3241.0000,1,1,1,1,1,1,1,1,12,1
SF,IH2012,2020-08-10 09:32:22.400,3231.2000,15711,0,257789220.000,1,0,1,多换,S,3231.2000,3231.0000,3230.6000,3230.0000,3229.8000,3235.0000,3239.4000,3240.0000,3241.0000,3244.6000,1,1,1,1,1,1,1,12,1,1
SF,IH2012,2020-08-10 09:32:22.900,3231.2000,15711,0,257789220.000,0,-,-,-,-,3231.4000,3231.2000,3230.6000,3230.0000,3229.8000,3234.6000,3235.0000,3239.4000,3240.0000,3241.0000,2,1,1,1,1,2,1,1,12,1
SF,IH2012,2020-08-10 09:32:23.400,3231.2000,15711,0,257789220.000,0,-,-,-,-,3231.4000,3231.2000,3230.6000,3230.0000,3229.8000,3234.4000,3234.6000,3235.0000,3239.4000,3240.0000,2,1,1,1,1,1,1,1,1,12
SF,IH2012,2020-08-10 09:32:23.900,3231.2000,15712,1,258758580.000,1,1,0,双开,S,3231.4000,3231.2000,3230.6000,3230.0000,3229.8000,3234.2000,3234.4000,3234.6000,3235.0000,3239.4000,1,1,1,1,1,1,1,1,1,1
SF,IH2012,2020-08-10 09:32:24.400,3231.2000,15712,0,258758580.000,0,-,-,-,-,3231.4000,3230.6000,3230.0000,3229.8000,3229.4000,3234.0000,3234.2000,3235.0000,3239.4000,3240.0000,1,1,1,1,1,1,1,1,1,12
SF,IH2012,2020-08-10 09:32:24.900,3231.2000,15712,0,258758580.000,0,-,-,-,-,3232.6000,3231.6000,3231.4000,3231.2000,3230.6000,3233.8000,3234.0000,3235.0000,3239.4000,3240.0000,1,2,2,1,1,1,4,1,1,13
SF,IH2012,2020-08-10 09:32:25.400,3231.2000,15712,0,258758580.000,0,-,-,-,-,3231.6000,3231.4000,3231.2000,3230.6000,3230.0000,3234.0000,3235.0000,3239.4000,3240.0000,3241.0000,3,2,1,1,1,4,1,1,13,1
SF,IH2012,2020-08-10 09:32:25.900,3231.6000,15711,-1,260697540.000,2,0,2,多平,S,3231.8000,3231.6000,3231.4000,3231.2000,3230.6000,3233.8000,3234.0000,3235.0000,3239.4000,3240.0000,5,3,1,1,1,1,4,1,1,13
SF,IH2012,2020-08-10 09:32:26.400,3233.8000,15711,0,261667680.000,1,0,1,多换,S,3232.8000,3232.0000,3231.8000,3231.6000,3231.4000,3234.0000,3235.0000,3239.4000,3240.0000,3241.0000,1,1,4,3,1,4,1,1,13,1
SF,IH2012,2020-08-10 09:32:26.900,3233.8000,15711,0,261667680.000,0,-,-,-,-,3232.0000,3231.8000,3231.6000,3231.2000,3230.6000,3233.8000,3234.0000,3235.0000,3239.4000,3240.0000,1,4,2,1,1,1,3,1,1,13
SF,IH2012,2020-08-10 09:32:27.400,3233.8000,15710,-1,262637820.000,1,0,1,双平,S,3233.4000,3233.0000,3232.8000,3232.6000,3232.2000,3234.0000,3235.0000,3239.4000,3240.0000,3241.0000,1,2,1,1,1,3,1,1,13,1
SF,IH2012,2020-08-10 09:32:27.900,3234.0000,15707,-3,265548420.000,3,0,3,双平,S,3233.6000,3233.4000,3232.6000,3232.2000,3232.0000,3235.0000,3239.4000,3240.0000,3241.0000,3244.6000,2,1,1,1,1,1,1,13,1,1
SF,IH2012,2020-08-10 09:32:28.400,3235.0000,15707,0,266518920.000,1,0,1,多换,S,3234.2000,3233.6000,3232.6000,3232.2000,3232.0000,3239.4000,3240.0000,3241.0000,3244.6000,3245.6000,1,1,1,1,1,1,13,1,1,1
SF,IH2012,2020-08-10 09:32:28.900,3234.4000,15707,0,267489240.000,1,0,1,多换,S,3234.2000,3233.6000,3232.6000,3232.2000,3231.6000,3236.6000,3238.2000,3238.8000,3239.0000,3239.2000,1,1,1,1,1,1,1,2,1,5
SF,IH2012,2020-08-10 09:32:29.400,3234.2000,15707,0,268459500.000,1,0,1,多换,S,3233.6000,3232.2000,3231.6000,3229.8000,3229.2000,3236.2000,3236.4000,3238.2000,3238.8000,3239.0000,1,1,1,1,1,1,3,1,2,1
SF,IH2012,2020-08-10 09:32:29.900,3234.2000,15707,0,268459500.000,0,-,-,-,-,3233.6000,3231.6000,3229.8000,3229.2000,3227.2000,3236.0000,3236.2000,3238.2000,3238.8000,3239.0000,1,1,1,1,1,2,1,1,2,1
SF,IH2012,2020-08-10 09:32:30.400,3233.6000,15706,-1,269429580.000,1,0,1,双平,S,3231.6000,3229.8000,3229.2000,3227.2000,3226.8000,3235.8000,3236.0000,3236.2000,3238.2000,3238.8000,1,1,1,1,1,1,2,1,1,2
SF,IH2012,2020-08-10 09:32:30.900,3235.4000,15707,1,270400200.000,1,1,0,双开,S,3231.8000,3231.4000,3229.8000,3229.2000,3227.2000,3235.6000,3236.2000,3238.2000,3238.8000,3239.2000,1,1,1,1,1,2,1,1,2,2
SF,IH2012,2020-08-10 09:32:31.400,3235.4000,15707,0,270400200.000,0,-,-,-,-,3232.2000,3231.4000,3229.8000,3229.2000,3227.2000,3235.2000,3235.4000,3235.6000,3238.2000,3238.8000,1,1,1,1,1,2,4,2,1,1
SF,IH2012,2020-08-10 09:32:31.900,3232.2000,15707,0,271369860.000,1,0,1,多换,S,3231.8000,3229.8000,3229.2000,3227.2000,3226.8000,3233.6000,3234.6000,3234.8000,3235.0000,3235.4000,1,1,1,1,1,1,1,6,4,2
SF,IH2012,2020-08-10 09:32:32.400,3231.8000,15707,0,272339400.000,1,0,1,多换,S,3229.8000,3229.2000,3227.2000,3226.8000,3225.0000,3231.8000,3233.4000,3234.8000,3235.0000,3235.4000,1,1,1,2,1,1,2,3,3,2
SF,IH2012,2020-08-10 09:32:32.900,3229.8000,15706,-1,273308340.000,1,0,1,双平,S,3229.2000,3227.2000,3226.8000,3225.0000,3223.2000,3231.6000,3231.8000,3233.4000,3234.8000,3235.0000,1,1,2,1,1,2,1,1,3,2
SF,IH2012,2020-08-10 09:32:33.400,3229.2000,15705,-1,274277100.000,1,0,1,双平,S,3227.2000,3226.8000,3225.0000,3223.2000,3221.2000,3231.2000,3231.6000,3231.8000,3234.8000,3235.0000,1,2,1,1,1,2,2,1,3,2
SF,IH2012,2020-08-10 09:32:33.900,3229.2000,15705,0,274277100.000,0,-,-,-,-,3227.8000,3227.4000,3227.2000,3226.8000,3225.0000,3231.0000,3231.2000,3231.8000,3234.8000,3235.0000,1,1,1,2,1,1,2,1,3,2
SF,IH2012,2020-08-10 09:32:34.400,3229.2000,15705,0,274277100.000,0,-,-,-,-,3228.0000,3227.2000,3226.8000,3225.0000,3223.2000,3231.0000,3231.2000,3231.8000,3234.8000,3235.0000,1,1,2,1,1,1,1,1,3,2
SF,IH2012,2020-08-10 09:32:34.900,3229.2000,15705,0,274277100.000,0,-,-,-,-,3228.2000,3228.0000,3227.2000,3226.8000,3225.0000,3230.6000,3230.8000,3231.0000,3231.2000,3231.8000,1,1,1,2,1,1,1,1,1,1
SF,IH2012,2020-08-10 09:32:35.400,3230.2000,15705,0,275246160.000,1,0,1,多换,S,3229.4000,3228.6000,3228.4000,3228.2000,3228.0000,3230.4000,3231.8000,3234.8000,3235.0000,3239.2000,1,2,2,2,1,1,1,3,2,2
SF,IH2012,2020-08-10 09:32:35.900,3230.2000,15705,0,275246160.000,0,-,-,-,-,3230.4000,3229.6000,3228.6000,3228.4000,3228.2000,3231.8000,3234.8000,3235.0000,3239.2000,3239.4000,1,1,2,1,1,1,3,2,2,2
SF,IH2012,2020-08-10 09:32:36.400,3230.2000,15705,0,275246160.000,0,-,-,-,-,3229.6000,3228.6000,3228.4000,3228.2000,3228.0000,3231.8000,3234.8000,3239.2000,3239.4000,3240.0000,1,2,1,1,1,1,3,2,2,13
SF,IH2012,2020-08-10 09:32:36.900,3231.6000,15706,1,276215640.000,1,1,0,双开,S,3231.0000,3230.8000,3230.0000,3229.8000,3229.6000,3231.8000,3234.8000,3239.2000,3239.4000,3240.0000,1,1,5,1,1,1,3,2,2,13
SF,IH2012,2020-08-10 09:32:37.400,3231.0000,15705,-1,277184940.000,1,0,1,双平,S,3230.0000,3229.8000,3229.6000,3228.2000,3228.0000,3234.8000,3239.2000,3239.4000,3240.0000,3241.0000,3,1,1,1,1,1,2,2,13,1
SF,IH2012,2020-08-10 09:32:37.900,3231.0000,15705,0,277184940.000,0,-,-,-,-,3230.4000,3229.6000,3228.0000,3227.2000,3226.8000,3234.0000,3234.4000,3234.6000,3234.8000,3239.2000,1,1,1,1,1,1,2,3,2,2
SF,IH2012,2020-08-10 09:32:38.400,3231.0000,15705,0,277184940.000,0,-,-,-,-,3228.0000,3227.2000,3226.8000,3225.0000,3223.2000,3233.4000,3233.6000,3233.8000,3234.0000,3234.8000,1,1,1,1,1,7,3,9,1,1
SF,IH2012,2020-08-10 09:32:38.900,3231.0000,15705,0,277184940.000,0,-,-,-,-,3228.4000,3228.2000,3228.0000,3226.8000,3225.0000,3233.0000,3233.2000,3233.4000,3233.6000,3234.0000,2,2,2,1,1,1,1,7,2,1
SF,IH2012,2020-08-10 09:32:39.400,3231.0000,15705,0,277184940.000,0,-,-,-,-,3228.6000,3228.0000,3226.8000,3225.0000,3223.2000,3232.4000,3232.8000,3233.0000,3233.4000,3234.0000,1,1,1,1,1,3,1,1,4,1
SF,IH2012,2020-08-10 09:32:39.900,3231.0000,15705,0,277184940.000,0,-,-,-,-,3228.0000,3226.8000,3225.0000,3223.2000,3221.2000,3232.0000,3232.2000,3232.4000,3233.4000,3234.0000,1,1,1,1,1,2,2,3,2,1
SF,IH2012,2020-08-10 09:32:40.400,3231.0000,15705,0,277184940.000,0,-,-,-,-,3228.0000,3226.8000,3225.0000,3223.2000,3221.2000,3231.4000,3231.6000,3231.8000,3232.0000,3233.4000,1,1,1,1,1,4,1,2,2,2
SF,IH2012,2020-08-10 09:32:40.900,3231.0000,15705,0,277184940.000,0,-,-,-,-,3228.0000,3226.8000,3225.0000,3223.2000,3221.2000,3229.8000,3231.0000,3231.2000,3231.4000,3231.6000,1,1,1,1,1,1,3,3,4,1
SF,IH2012,2020-08-10 09:32:41.400,3228.0000,15705,0,278153340.000,1,0,1,多换,S,3226.8000,3225.0000,3223.2000,3221.2000,3221.0000,3229.2000,3229.4000,3229.6000,3229.8000,3231.2000,1,1,1,1,1,2,1,1,2,1
SF,IH2012,2020-08-10 09:32:41.900,3228.0000,15705,0,278153340.000,0,-,-,-,-,3226.8000,3225.0000,3223.2000,3221.2000,3221.0000,3228.6000,3229.0000,3229.2000,3229.8000,3233.4000,1,1,1,1,1,1,3,2,2,2
SF,IH2012,2020-08-10 09:32:42.400,3228.0000,15705,0,278153340.000,0,-,-,-,-,3226.8000,3225.0000,3223.2000,3221.2000,3221.0000,3228.2000,3228.4000,3228.6000,3229.0000,3229.8000,1,1,1,1,1,2,1,1,1,2
SF,IH2012,2020-08-10 09:32:42.900,3228.0000,15705,0,278153340.000,0,-,-,-,-,3226.8000,3225.0000,3223.2000,3221.2000,3221.0000,3228.0000,3228.2000,3228.6000,3229.0000,3229.8000,1,1,1,1,1,1,2,1,1,2
SF,IH2012,2020-08-10 09:32:43.400,3228.0000,15704,-1,279121740.000,1,0,1,双平,S,3226.8000,3225.0000,3223.2000,3221.2000,3221.0000,3228.2000,3228.6000,3229.0000,3229.8000,3233.4000,1,1,1,1,1,2,1,1,2,1
SF,IH2012,2020-08-10 09:32:43.900,3228.2000,15703,-1,280090200.000,1,0,1,双平,S,3226.8000,3225.0000,3223.2000,3221.2000,3221.0000,3229.0000,3229.8000,3233.4000,3234.8000,3239.2000,1,1,1,1,1,1,2,1,1,2
SF,IH2012,2020-08-10 09:32:44.400,3228.2000,15703,0,280090200.000,0,-,-,-,-,3227.0000,3226.8000,3225.0000,3223.2000,3221.2000,3229.0000,3229.8000,3233.4000,3234.8000,3239.2000,1,1,1,1,1,1,1,1,1,2
SF,IH2012,2020-08-10 09:32:44.900,3228.2000,15703,0,280090200.000,0,-,-,-,-,3227.6000,3227.0000,3226.8000,3225.0000,3223.2000,3229.0000,3229.8000,3233.4000,3234.8000,3239.2000,1,1,1,1,1,1,1,1,1,2
SF,IH2012,2020-08-10 09:32:45.400,3228.2000,15703,0,280090200.000,0,-,-,-,-,3227.6000,3227.0000,3226.8000,3225.0000,3223.2000,3229.8000,3233.4000,3234.8000,3239.2000,3239.4000,1,1,1,1,1,1,1,1,2,2
SF,IH2012,2020-08-10 09:32:45.900,3227.6000,15703,0,282026820.000,2,1,1,多换,S,3226.8000,3225.0000,3223.2000,3221.2000,3221.0000,3227.6000,3229.4000,3229.6000,3229.8000,3233.4000,1,1,1,1,1,2,4,4,1,1
SF,IH2012,2020-08-10 09:32:46.400,3227.4000,15702,-1,283963080.000,2,0,2,多平,S,3225.0000,3223.2000,3221.2000,3221.0000,3220.2000,3227.6000,3229.4000,3229.6000,3229.8000,3234.8000,1,1,1,1,1,2,1,4,1,1
SF,IH2012,2020-08-10 09:32:46.900,3227.4000,15702,0,283963080.000,0,-,-,-,-,3225.2000,3225.0000,3223.2000,3221.2000,3221.0000,3227.4000,3227.6000,3229.4000,3229.6000,3229.8000,1,2,1,1,1,1,2,1,2,1
SF,IH2012,2020-08-10 09:32:47.400,3227.6000,15700,-2,286867860.000,3,0,3,多平,S,3226.8000,3226.4000,3226.2000,3225.6000,3225.4000,3229.6000,3229.8000,3232.8000,3234.8000,3239.2000,1,2,1,2,2,2,1,1,1,2
SF,IH2012,2020-08-10 09:32:47.900,3227.6000,15700,0,286867860.000,0,-,-,-,-,3227.6000,3227.0000,3226.6000,3226.4000,3225.6000,3229.4000,3229.6000,3229.8000,3232.8000,3234.8000,1,2,1,1,2,1,2,1,1,1
SF,IH2012,2020-08-10 09:32:48.400,3227.6000,15700,0,286867860.000,0,-,-,-,-,3227.6000,3227.0000,3226.6000,3226.4000,3225.6000,3229.6000,3229.8000,3232.8000,3234.8000,3239.2000,1,2,1,1,2,2,1,1,1,2
SF,IH2012,2020-08-10 09:32:48.900,3227.6000,15700,0,286867860.000,0,-,-,-,-,3227.8000,3227.6000,3226.6000,3226.4000,3225.6000,3232.8000,3239.2000,3239.4000,3240.0000,3241.0000,2,1,1,1,2,1,2,2,13,1
SF,IH2012,2020-08-10 09:32:49.400,3227.6000,15700,0,286867860.000,0,-,-,-,-,3227.8000,3227.6000,3226.6000,3226.4000,3225.6000,3232.2000,3232.4000,3232.6000,3232.8000,3239.2000,2,1,1,1,2,2,1,1,1,2
SF,IH2012,2020-08-10 09:32:49.900,3227.6000,15700,0,286867860.000,0,-,-,-,-,3227.8000,3227.6000,3226.6000,3226.4000,3225.6000,3231.8000,3232.0000,3232.2000,3232.8000,3239.2000,2,1,1,1,2,1,1,2,1,2
SF,IH2012,2020-08-10 09:32:50.400,3227.6000,15700,0,286867860.000,0,-,-,-,-,3228.0000,3227.8000,3227.6000,3226.6000,3226.4000,3231.2000,3231.4000,3231.6000,3231.8000,3232.8000,1,3,2,1,1,2,1,1,1,1
SF,IH2012,2020-08-10 09:32:50.900,3227.6000,15700,0,286867860.000,0,-,-,-,-,3228.2000,3228.0000,3227.8000,3227.6000,3226.6000,3230.8000,3231.2000,3231.4000,3232.8000,3239.2000,2,1,1,2,1,1,2,1,1,2
SF,IH2012,2020-08-10 09:32:51.400,3227.6000,15700,0,286867860.000,0,-,-,-,-,3228.2000,3227.8000,3227.6000,3226.6000,3226.4000,3230.4000,3230.6000,3232.8000,3239.2000,3239.4000,2,1,1,1,1,3,2,1,2,2
SF,IH2012,2020-08-10 09:32:51.900,3228.2000,15699,-1,288804780.000,2,0,2,多平,S,3227.6000,3226.6000,3226.4000,3225.6000,3225.0000,3229.8000,3230.0000,3230.2000,3230.4000,3230.6000,1,1,1,2,1,1,3,3,2,1
SF,IH2012,2020-08-10 09:32:52.400,3227.6000,15698,-1,289773060.000,1,0,1,双平,S,3226.6000,3226.4000,3225.8000,3225.6000,3225.0000,3229.2000,3229.6000,3229.8000,3230.0000,3230.6000,1,1,1,2,1,2,2,1,3,1
SF,IH2012,2020-08-10 09:32:52.900,3227.6000,15698,0,289773060.000,0,-,-,-,-,3226.8000,3226.6000,3226.4000,3225.8000,3225.6000,3229.0000,3229.2000,3229.8000,3230.6000,3232.8000,1,1,1,1,2,1,2,1,1,1
SF,IH2012,2020-08-10 09:32:53.400,3227.6000,15698,0,289773060.000,0,-,-,-,-,3226.8000,3226.6000,3226.4000,3225.8000,3225.6000,3228.6000,3228.8000,3229.0000,3229.8000,3230.6000,1,1,1,1,2,1,2,1,1,1
SF,IH2012,2020-08-10 09:32:53.900,3228.6000,15699,1,290741640.000,1,1,0,双开,S,3226.8000,3226.6000,3226.4000,3225.8000,3225.6000,3228.8000,3229.0000,3229.8000,3230.6000,3232.8000,1,1,1,1,2,2,1,1,1,1
SF,IH2012,2020-08-10 09:32:54.400,3228.8000,15698,-1,292678860.000,2,0,2,多平,S,3227.8000,3227.0000,3226.8000,3226.6000,3226.4000,3229.8000,3230.6000,3232.8000,3239.2000,3239.4000,1,1,1,1,1,1,1,1,2,2
SF,IH2012,2020-08-10 09:32:54.900,3228.8000,15698,0,292678860.000,0,-,-,-,-,3228.0000,3227.0000,3226.6000,3226.4000,3225.8000,3229.8000,3230.6000,3232.8000,3239.2000,3239.4000,2,1,1,1,1,1,1,1,2,2
SF,IH2012,2020-08-10 09:32:55.400,3229.8000,15697,-1,293647800.000,1,0,1,双平,S,3228.0000,3226.6000,3226.4000,3225.8000,3225.6000,3230.6000,3232.8000,3239.2000,3239.4000,3240.0000,2,1,1,1,2,1,1,2,2,12
SF,IH2012,2020-08-10 09:32:55.900,3230.6000,15696,-1,294616980.000,1,0,1,双平,S,3228.0000,3226.6000,3226.4000,3225.8000,3225.6000,3232.8000,3239.2000,3239.4000,3240.0000,3241.0000,2,1,1,1,2,1,2,2,12,1
SF,IH2012,2020-08-10 09:32:56.400,3230.6000,15696,0,294616980.000,0,-,-,-,-,3228.6000,3228.2000,3228.0000,3226.6000,3226.4000,3232.4000,3232.6000,3232.8000,3239.2000,3239.4000,1,2,2,1,1,1,1,1,2,2
SF,IH2012,2020-08-10 09:32:56.900,3230.6000,15696,0,294616980.000,0,-,-,-,-,3228.8000,3228.6000,3228.2000,3227.0000,3226.6000,3232.8000,3239.2000,3239.4000,3240.0000,3241.0000,2,1,2,1,1,1,2,2,12,1
SF,IH2012,2020-08-10 09:32:57.400,3230.6000,15696,0,294616980.000,0,-,-,-,-,3229.0000,3228.8000,3228.6000,3227.0000,3226.6000,3232.6000,3232.8000,3239.2000,3239.4000,3240.0000,3,2,1,1,1,1,1,2,2,12
SF,IH2012,2020-08-10 09:32:57.900,3230.6000,15696,0,294616980.000,0,-,-,-,-,3229.2000,3229.0000,3228.6000,3227.0000,3226.6000,3232.6000,3232.8000,3239.2000,3239.4000,3240.0000,2,1,1,1,1,1,1,2,2,12
SF,IH2012,2020-08-10 09:32:58.400,3230.6000,15696,0,294616980.000,0,-,-,-,-,3230.2000,3229.2000,3228.6000,3227.0000,3226.6000,3232.0000,3232.2000,3232.6000,3232.8000,3239.2000,1,1,1,1,1,1,3,1,1,2
SF,IH2012,2020-08-10 09:32:58.900,3230.2000,15696,0,295586040.000,1,0,1,多换,S,3229.2000,3227.0000,3226.6000,3226.4000,3225.8000,3230.2000,3231.2000,3231.6000,3231.8000,3232.8000,1,1,1,1,1,1,2,2,1,1
SF,IH2012,2020-08-10 09:32:59.400,3229.2000,15696,0,296554800.000,1,0,1,多换,S,3228.0000,3227.0000,3226.6000,3226.4000,3225.8000,3231.6000,3231.8000,3232.8000,3239.2000,3239.4000,1,1,1,1,1,1,1,1,2,2
SF,IH2012,2020-08-10 09:32:59.900,3229.2000,15696,0,296554800.000,0,-,-,-,-,3228.2000,3228.0000,3227.0000,3226.6000,3226.4000,3231.0000,3231.2000,3231.4000,3231.6000,3232.8000,1,1,1,1,1,1,1,1,1,1
SF,IH2012,2020-08-10 09:33:00.400,3229.2000,15696,0,296554800.000,0,-,-,-,-,3228.0000,3227.0000,3226.6000,3226.4000,3225.8000,3230.6000,3230.8000,3231.0000,3231.6000,3232.8000,1,1,1,1,1,1,2,1,1,1
SF,IH2012,2020-08-10 09:33:00.900,3229.2000,15696,0,296554800.000,0,-,-,-,-,3228.0000,3227.0000,3226.4000,3225.8000,3225.0000,3230.2000,3230.4000,3230.6000,3231.0000,3231.6000,1,1,1,1,1,2,2,1,1,1
SF,IH2012,2020-08-10 09:33:01.400,3229.2000,15696,0,296554800.000,0,-,-,-,-,3228.0000,3227.0000,3226.4000,3225.8000,3225.0000,3230.0000,3231.6000,3232.0000,3232.8000,3239.2000,1,1,1,1,1,2,1,1,1,2
SF,IH2012,2020-08-10 09:33:01.900,3229.2000,15696,0,296554800.000,0,-,-,-,-,3228.0000,3227.0000,3226.4000,3225.8000,3225.0000,3229.6000,3229.8000,3230.0000,3231.6000,3232.0000,1,1,1,1,1,1,2,5,1,1
SF,IH2012,2020-08-10 09:33:02.400,3229.4000,15696,0,297523620.000,1,0,1,多换,S,3228.0000,3227.0000,3226.4000,3225.8000,3225.0000,3229.8000,3230.0000,3231.6000,3232.0000,3232.8000,1,1,1,1,1,2,2,1,1,1
SF,IH2012,2020-08-10 09:33:02.900,3229.4000,15696,0,297523620.000,0,-,-,-,-,3228.2000,3228.0000,3227.0000,3226.4000,3225.8000,3230.0000,3231.6000,3232.0000,3232.8000,3239.2000,1,1,1,1,1,2,1,1,1,2
SF,IH2012,2020-08-10 09:33:03.900,3230.0000,15696,0,298492620.000,1,0,1,多换,S,3228.2000,3228.0000,3227.0000,3226.4000,3225.8000,3230.0000,3232.0000,3232.8000,3239.2000,3239.4000,1,2,1,1,1,1,1,1,2,2
SF,IH2012,2020-08-10 09:33:04.400,3230.0000,15696,0,299461620.000,1,0,1,多换,S,3228.2000,3228.0000,3227.0000,3226.4000,3225.8000,3232.0000,3232.8000,3239.2000,3239.4000,3240.0000,1,2,1,1,1,1,1,2,2,12
SF,IH2012,2020-08-10 09:33:04.900,3230.0000,15696,0,299461620.000,0,-,-,-,-,3228.6000,3228.4000,3228.2000,3228.0000,3227.0000,3231.8000,3232.0000,3232.8000,3239.2000,3239.4000,1,2,1,2,1,1,1,1,2,2
SF,IH2012,2020-08-10 09:33:05.400,3230.0000,15696,0,299461620.000,0,-,-,-,-,3229.2000,3229.0000,3228.8000,3228.6000,3228.4000,3231.8000,3232.0000,3232.8000,3239.2000,3239.4000,1,1,2,1,1,1,1,1,2,2
SF,IH2012,2020-08-10 09:33:05.900,3230.0000,15696,0,299461620.000,0,-,-,-,-,3229.6000,3229.4000,3229.2000,3229.0000,3228.8000,3231.8000,3232.0000,3232.8000,3239.2000,3239.4000,1,1,1,1,1,1,1,1,2,2
SF,IH2012,2020-08-10 09:33:06.400,3230.0000,15696,0,299461620.000,0,-,-,-,-,3229.8000,3228.8000,3228.6000,3228.0000,3227.0000,3231.4000,3231.8000,3232.0000,3232.8000,3239.2000,1,1,1,1,1,1,1,1,1,2
SF,IH2012,2020-08-10 09:33:06.900,3229.8000,15696,0,300430560.000,1,0,1,多换,S,3228.8000,3228.6000,3228.0000,3227.0000,3226.4000,3231.2000,3231.4000,3232.0000,3232.8000,3239.2000,1,1,1,1,1,1,1,1,1,2
SF,IH2012,2020-08-10 09:33:07.400,3228.8000,15695,-1,301399200.000,1,0,1,双平,S,3228.0000,3227.0000,3226.4000,3225.8000,3225.0000,3231.0000,3231.2000,3231.4000,3232.0000,3232.8000,1,1,1,1,1,1,1,1,1,1
SF,IH2012,2020-08-10 09:33:07.900,3228.8000,15695,0,301399200.000,0,-,-,-,-,3228.0000,3227.0000,3226.4000,3225.8000,3225.0000,3230.6000,3230.8000,3231.0000,3232.0000,3232.8000,1,1,1,1,1,1,1,1,1,1
SF,IH2012,2020-08-10 09:33:08.400,3228.8000,15695,0,301399200.000,0,-,-,-,-,3228.0000,3227.0000,3226.4000,3225.8000,3225.0000,3230.2000,3230.4000,3230.6000,3232.0000,3232.8000,1,1,1,1,1,3,2,1,1,1
SF,IH2012,2020-08-10 09:33:08.900,3228.8000,15695,0,301399200.000,0,-,-,-,-,3228.0000,3227.0000,3226.4000,3225.8000,3225.0000,3230.0000,3230.2000,3230.6000,3232.0000,3232.8000,1,1,1,1,1,2,3,1,1,1
SF,IH2012,2020-08-10 09:33:09.400,3228.0000,15695,0,302367600.000,1,0,1,多换,S,3227.0000,3226.4000,3225.8000,3225.0000,3223.2000,3229.8000,3230.0000,3230.2000,3230.6000,3232.0000,1,1,1,1,1,1,2,3,1,1
SF,IH2012,2020-08-10 09:33:09.900,3228.0000,15695,0,302367600.000,0,-,-,-,-,3227.0000,3226.4000,3225.8000,3225.0000,3223.2000,3229.6000,3229.8000,3230.2000,3232.0000,3239.2000,1,1,1,1,1,3,1,3,1,2
SF,IH2012,2020-08-10 09:33:10.400,3228.0000,15695,0,302367600.000,0,-,-,-,-,3227.0000,3226.4000,3225.8000,3225.0000,3223.2000,3229.6000,3229.8000,3232.0000,3239.2000,3239.4000,1,1,1,1,1,2,1,1,2,2
SF,IH2012,2020-08-10 09:33:10.900,3228.0000,15695,0,302367600.000,0,-,-,-,-,3227.2000,3227.0000,3226.4000,3225.8000,3225.0000,3229.6000,3229.8000,3232.0000,3239.2000,3239.4000,2,1,1,1,1,2,1,1,2,2
SF,IH2012,2020-08-10 09:33:11.400,3229.6000,15694,-1,304305360.000,2,0,2,多平,S,3227.2000,3227.0000,3226.4000,3225.8000,3225.0000,3229.8000,3232.0000,3239.2000,3239.4000,3240.0000,2,1,1,1,1,1,1,2,2,12
SF,IH2012,2020-08-10 09:33:11.900,3229.6000,15694,0,304305360.000,0,-,-,-,-,3228.4000,3227.6000,3227.2000,3227.0000,3226.4000,3229.6000,3229.8000,3232.0000,3239.2000,3239.4000,1,1,2,1,1,1,1,1,2,2
SF,IH2012,2020-08-10 09:33:12.400,3229.6000,15694,0,304305360.000,0,-,-,-,-,3228.6000,3227.6000,3227.2000,3227.0000,3226.4000,3229.8000,3232.0000,3239.2000,3239.4000,3240.0000,1,1,1,1,1,1,1,2,2,12
SF,IH2012,2020-08-10 09:33:12.900,3228.6000,15694,0,305273940.000,1,0,1,多换,S,3227.6000,3227.2000,3227.0000,3226.4000,3225.8000,3229.8000,3232.0000,3239.2000,3239.4000,3240.0000,1,1,1,1,1,1,1,2,2,12
SF,IH2012,2020-08-10 09:33:13.400,3228.6000,15694,0,305273940.000,0,-,-,-,-,3227.8000,3227.6000,3227.2000,3227.0000,3226.4000,3229.6000,3229.8000,3232.0000,3239.2000,3239.4000,1,1,1,1,1,1,1,1,2,2
SF,IH2012,2020-08-10 09:33:14.400,3229.8000,15693,-1,307211760.000,2,0,2,多平,S,3229.0000,3227.8000,3227.6000,3227.2000,3227.0000,3232.0000,3239.2000,3239.4000,3240.0000,3241.0000,1,1,1,1,1,1,2,2,12,1
SF,IH2012,2020-08-10 09:33:14.900,3229.8000,15693,0,307211760.000,0,-,-,-,-,3229.2000,3227.8000,3227.6000,3227.2000,3227.0000,3231.4000,3231.6000,3231.8000,3232.0000,3239.2000,1,1,1,1,1,1,3,1,1,2
SF,IH2012,2020-08-10 09:33:15.400,3229.8000,15693,0,307211760.000,0,-,-,-,-,3229.2000,3227.8000,3227.6000,3227.2000,3227.0000,3231.2000,3231.4000,3231.6000,3232.0000,3239.2000,1,1,1,1,1,1,1,3,1,2
SF,IH2012,2020-08-10 09:33:15.900,3229.8000,15693,0,307211760.000,0,-,-,-,-,3229.4000,3229.2000,3227.8000,3227.6000,3227.0000,3231.2000,3232.0000,3239.2000,3239.4000,3240.0000,2,1,1,1,1,1,1,2,2,12
SF,IH2012,2020-08-10 09:33:16.400,3229.8000,15693,0,307211760.000,0,-,-,-,-,3229.6000,3229.4000,3229.2000,3227.6000,3227.0000,3232.0000,3239.2000,3239.4000,3240.0000,3241.0000,1,1,1,1,1,1,2,2,12,1
SF,IH2012,2020-08-10 09:33:16.900,3229.8000,15693,0,307211760.000,0,-,-,-,-,3231.2000,3229.8000,3229.6000,3229.4000,3227.6000,3231.8000,3232.0000,3239.2000,3239.4000,3240.0000,1,1,1,1,1,1,1,2,2,12
SF,IH2012,2020-08-10 09:33:17.400,3232.0000,15692,-1,308181360.000,1,0,1,双平,S,3231.2000,3229.8000,3229.6000,3229.4000,3227.6000,3239.2000,3239.4000,3240.0000,3241.0000,3244.6000,1,1,1,1,1,2,2,12,1,1
SF,IH2012,2020-08-10 09:33:17.900,3232.0000,15692,0,308181360.000,0,-,-,-,-,3231.6000,3231.4000,3231.2000,3227.6000,3227.0000,3233.6000,3234.6000,3234.8000,3236.8000,3237.0000,2,4,1,1,1,1,2,1,3,2
SF,IH2012,2020-08-10 09:33:18.400,3232.0000,15692,0,308181360.000,0,-,-,-,-,3231.8000,3231.6000,3231.4000,3231.2000,3227.6000,3233.4000,3236.8000,3237.0000,3238.2000,3238.4000,2,1,1,1,1,1,3,2,1,2
SF,IH2012,2020-08-10 09:33:18.900,3233.4000,15691,-1,309151380.000,1,0,1,双平,S,3232.0000,3231.8000,3231.6000,3231.4000,3231.2000,3236.8000,3238.2000,3238.4000,3238.6000,3238.8000,3,2,1,1,1,3,1,2,2,4
SF,IH2012,2020-08-10 09:33:19.400,3233.4000,15691,0,309151380.000,0,-,-,-,-,3232.4000,3232.2000,3232.0000,3231.8000,3231.6000,3233.8000,3236.4000,3236.6000,3236.8000,3238.2000,1,2,3,1,1,1,1,4,4,1
SF,IH2012,2020-08-10 09:33:19.900,3233.4000,15691,0,309151380.000,0,-,-,-,-,3232.2000,3232.0000,3231.8000,3231.6000,3231.2000,3236.4000,3236.6000,3236.8000,3238.2000,3238.4000,2,3,1,1,1,1,3,4,1,2
SF,IH2012,2020-08-10 09:33:20.400,3233.4000,15691,0,309151380.000,0,-,-,-,-,3232.6000,3232.2000,3232.0000,3231.6000,3231.2000,3236.0000,3236.2000,3236.4000,3236.6000,3236.8000,1,2,3,1,1,1,2,1,3,4
SF,IH2012,2020-08-10 09:33:20.900,3233.6000,15690,-1,312061020.000,3,1,2,多平,S,3232.0000,3231.6000,3231.2000,3227.6000,3227.0000,3235.4000,3235.6000,3235.8000,3236.0000,3236.2000,3,1,1,1,1,1,3,2,2,1
SF,IH2012,2020-08-10 09:33:21.400,3232.0000,15690,0,315939420.000,4,2,2,多换,S,3231.6000,3231.2000,3227.6000,3227.0000,3226.4000,3235.0000,3235.2000,3235.4000,3236.2000,3236.6000,1,1,1,1,1,5,2,2,1,3
SF,IH2012,2020-08-10 09:33:21.900,3232.0000,15690,0,315939420.000,0,-,-,-,-,3231.6000,3231.2000,3227.6000,3227.0000,3226.4000,3234.8000,3235.0000,3235.4000,3236.2000,3236.6000,1,1,1,1,1,2,5,2,1,3
SF,IH2012,2020-08-10 09:33:22.400,3231.6000,15689,-1,316908900.000,1,0,1,双平,S,3231.2000,3227.6000,3227.0000,3226.4000,3225.8000,3232.8000,3233.4000,3234.0000,3234.2000,3234.4000,1,1,1,1,1,1,2,1,2,7
SF,IH2012,2020-08-10 09:33:22.900,3231.2000,15688,-1,317878260.000,1,0,1,双平,S,3227.6000,3227.0000,3226.4000,3225.8000,3225.0000,3232.4000,3232.6000,3233.4000,3234.0000,3234.2000,1,1,1,1,1,2,1,2,1,2
SF,IH2012,2020-08-10 09:33:23.400,3231.2000,15688,0,317878260.000,0,-,-,-,-,3228.0000,3227.8000,3227.6000,3227.0000,3225.8000,3232.2000,3232.4000,3233.4000,3234.0000,3234.2000,1,3,2,1,1,1,2,2,1,2
SF,IH2012,2020-08-10 09:33:23.900,3231.2000,15688,0,317878260.000,0,-,-,-,-,3228.2000,3228.0000,3227.6000,3227.0000,3225.8000,3231.8000,3232.2000,3232.4000,3233.4000,3234.0000,1,1,1,1,1,1,1,1,2,1
SF,IH2012,2020-08-10 09:33:24.400,3231.2000,15688,0,317878260.000,0,-,-,-,-,3228.2000,3227.6000,3227.0000,3225.8000,3225.0000,3231.6000,3231.8000,3232.4000,3233.4000,3234.0000,1,1,1,1,1,2,1,1,2,1
SF,IH2012,2020-08-10 09:33:24.900,3231.6000,15689,1,318847740.000,1,1,0,双开,S,3228.2000,3227.6000,3227.0000,3225.8000,3225.0000,3231.6000,3231.8000,3232.4000,3233.4000,3234.0000,2,1,1,1,1,1,1,1,2,1
SF,IH2012,2020-08-10 09:33:25.400,3231.6000,15689,0,318847740.000,0,-,-,-,-,3228.4000,3228.2000,3227.6000,3227.0000,3225.8000,3231.2000,3231.6000,3233.4000,3234.0000,3234.2000,2,1,1,1,1,1,1,2,1,2
SF,IH2012,2020-08-10 09:33:25.900,3231.4000,15689,0,319817160.000,1,0,1,多换,S,3228.6000,3228.4000,3227.0000,3225.8000,3225.0000,3231.0000,3233.4000,3234.0000,3234.2000,3234.8000,2,2,1,1,1,2,2,1,2,1
SF,IH2012,2020-08-10 09:33:26.400,3231.0000,15687,-2,321755760.000,2,0,2,双平,S,3230.0000,3228.8000,3228.6000,3228.4000,3227.0000,3233.4000,3234.0000,3234.2000,3234.8000,3235.0000,1,1,2,1,1,2,1,2,1,1
SF,IH2012,2020-08-10 09:33:26.900,3230.2000,15688,1,322724820.000,1,1,0,双开,S,3230.2000,3230.0000,3228.8000,3227.0000,3225.8000,3232.8000,3233.0000,3233.2000,3234.2000,3235.0000,1,1,1,1,1,1,2,2,1,1
SF,IH2012,2020-08-10 09:33:27.400,3230.2000,15688,0,322724820.000,0,-,-,-,-,3230.2000,3230.0000,3227.0000,3225.8000,3225.0000,3232.6000,3234.2000,3235.0000,3236.6000,3236.8000,1,1,1,1,1,2,1,1,3,1
SF,IH2012,2020-08-10 09:33:27.900,3230.2000,15688,0,322724820.000,0,-,-,-,-,3230.4000,3230.2000,3230.0000,3227.0000,3225.8000,3232.6000,3234.2000,3235.0000,3236.6000,3236.8000,1,1,1,1,1,2,1,1,3,1
SF,IH2012,2020-08-10 09:33:28.400,3232.6000,15689,1,323694600.000,1,1,0,双开,S,3230.6000,3230.4000,3230.0000,3227.0000,3225.8000,3232.6000,3235.0000,3236.6000,3236.8000,3238.6000,3,1,1,1,1,1,1,3,1,1
SF,IH2012,2020-08-10 09:33:28.900,3232.6000,15689,0,323694600.000,0,-,-,-,-,3230.8000,3230.6000,3230.4000,3230.0000,3227.0000,3232.8000,3235.0000,3236.6000,3236.8000,3238.6000,1,3,1,1,1,1,1,3,1,1
SF,IH2012,2020-08-10 09:33:29.400,3232.6000,15689,0,323694600.000,0,-,-,-,-,3231.0000,3230.8000,3230.6000,3230.4000,3230.0000,3232.8000,3235.0000,3236.6000,3236.8000,3238.6000,2,1,2,1,1,1,1,3,1,1
SF,IH2012,2020-08-10 09:33:29.900,3232.6000,15689,0,323694600.000,0,-,-,-,-,3231.0000,3230.8000,3230.6000,3230.4000,3230.0000,3232.8000,3235.0000,3236.6000,3236.8000,3238.6000,2,1,2,1,1,1,1,3,1,1
SF,IH2012,2020-08-10 09:33:30.400,3231.0000,15689,0,324663900.000,1,0,1,多换,S,3230.8000,3230.6000,3230.0000,3227.0000,3225.8000,3232.6000,3232.8000,3235.0000,3236.6000,3236.8000,1,1,1,1,1,1,1,1,3,1
SF,IH2012,2020-08-10 09:33:30.900,3231.0000,15689,0,324663900.000,0,-,-,-,-,3230.6000,3230.0000,3227.0000,3225.8000,3225.0000,3232.6000,3232.8000,3235.0000,3236.6000,3236.8000,1,1,1,1,1,1,1,1,3,1
SF,IH2012,2020-08-10 09:33:31.400,3230.6000,15688,-1,325633080.000,1,0,1,双平,S,3230.8000,3230.0000,3227.0000,3225.8000,3225.0000,3232.4000,3232.6000,3232.8000,3235.0000,3236.6000,1,1,1,1,1,3,1,1,1,3
SF,IH2012,2020-08-10 09:33:31.900,3232.2000,15687,-1,327571980.000,2,0,2,多平,S,3230.0000,3227.0000,3225.8000,3225.0000,3223.2000,3232.2000,3232.4000,3232.8000,3235.0000,3236.6000,1,1,1,1,1,1,3,1,1,3
SF,IH2012,2020-08-10 09:33:32.400,3232.2000,15687,0,327571980.000,0,-,-,-,-,3230.0000,3227.0000,3225.8000,3225.0000,3223.2000,3232.0000,3232.2000,3232.4000,3232.8000,3235.0000,1,1,1,1,1,1,1,2,1,1
SF,IH2012,2020-08-10 09:33:32.900,3232.2000,15687,0,327571980.000,0,-,-,-,-,3230.0000,3227.0000,3225.8000,3225.0000,3223.2000,3231.8000,3232.0000,3232.4000,3232.8000,3235.0000,1,1,1,1,1,1,1,2,1,1
SF,IH2012,2020-08-10 09:33:33.400,3232.2000,15687,0,327571980.000,0,-,-,-,-,3230.0000,3227.0000,3225.8000,3225.0000,3223.2000,3231.8000,3232.0000,3232.4000,3232.8000,3235.0000,1,1,1,1,1,1,1,1,1,1
SF,IH2012,2020-08-10 09:33:33.900,3232.2000,15687,0,327571980.000,0,-,-,-,-,3230.0000,3227.0000,3225.8000,3225.0000,3223.2000,3231.8000,3232.0000,3232.4000,3232.8000,3235.0000,1,1,1,1,1,1,2,1,1,1
SF,IH2012,2020-08-10 09:33:34.900,3232.2000,15687,0,327571980.000,0,-,-,-,-,3230.0000,3227.0000,3225.8000,3225.0000,3223.2000,3231.8000,3232.0000,3232.4000,3232.8000,3235.0000,4,1,1,1,1,1,2,1,1,1
SF,IH2012,2020-08-10 09:33:35.400,3232.2000,15687,0,327571980.000,0,-,-,-,-,3230.0000,3227.0000,3225.8000,3225.0000,3223.2000,3231.8000,3232.0000,3232.4000,3232.8000,3235.0000,1,1,1,1,1,1,2,1,1,1
SF,IH2012,2020-08-10 09:33:35.900,3232.2000,15687,0,327571980.000,0,-,-,-,-,3231.0000,3230.8000,3230.0000,3227.0000,3225.8000,3231.8000,3232.0000,3232.4000,3232.8000,3235.0000,1,1,4,1,1,1,2,1,1,1
SF,IH2012,2020-08-10 09:33:36.400,3231.0000,15686,-1,328541280.000,1,0,1,双平,S,3230.0000,3227.0000,3225.8000,3225.0000,3223.2000,3231.8000,3232.0000,3232.4000,3232.8000,3235.0000,1,1,1,1,1,1,1,1,1,1
SF,IH2012,2020-08-10 09:33:36.900,3230.0000,15685,-1,329510280.000,1,0,1,双平,S,3227.0000,3225.8000,3225.0000,3223.2000,3223.0000,3231.8000,3232.0000,3232.4000,3232.8000,3235.0000,1,1,1,1,1,1,1,1,1,1
SF,IH2012,2020-08-10 09:33:37.400,3230.0000,15685,0,329510280.000,0,-,-,-,-,3231.2000,3230.8000,3230.6000,3230.0000,3229.8000,3231.4000,3231.6000,3231.8000,3232.0000,3232.4000,1,2,1,4,1,1,1,1,1,1
SF,IH2012,2020-08-10 09:33:37.900,3231.2000,15684,-1,330479640.000,1,0,1,双平,S,3227.4000,3227.2000,3227.0000,3225.8000,3225.0000,3231.2000,3231.8000,3232.0000,3232.4000,3232.8000,2,2,2,1,1,2,1,1,1,1
SF,IH2012,2020-08-10 09:33:38.400,3231.2000,15684,0,330479640.000,0,-,-,-,-,3229.8000,3229.2000,3228.4000,3227.6000,3227.4000,3231.0000,3231.2000,3232.0000,3232.4000,3232.8000,2,1,1,2,2,1,1,1,1,1
SF,IH2012,2020-08-10 09:33:38.900,3231.0000,15684,0,331448940.000,1,0,1,多换,S,3229.8000,3229.2000,3228.4000,3227.6000,3227.4000,3231.2000,3232.0000,3232.4000,3232.8000,3235.0000,2,1,1,3,2,2,1,1,1,1
SF,IH2012,2020-08-10 09:33:39.400,3231.0000,15684,0,331448940.000,0,-,-,-,-,3229.8000,3229.2000,3228.4000,3227.6000,3227.4000,3231.2000,3232.0000,3232.4000,3232.8000,3235.0000,2,1,1,3,2,1,1,1,1,1
SF,IH2012,2020-08-10 09:33:39.900,3229.8000,15683,-1,332417880.000,1,0,1,双平,S,3229.8000,3229.2000,3228.4000,3227.6000,3227.4000,3231.0000,3231.2000,3232.0000,3232.4000,3232.8000,1,1,1,2,2,1,1,1,1,1
SF,IH2012,2020-08-10 09:33:40.400,3229.8000,15683,0,332417880.000,0,-,-,-,-,3227.6000,3227.4000,3227.2000,3227.0000,3225.8000,3231.0000,3231.2000,3232.0000,3232.4000,3232.8000,2,2,1,2,1,1,1,1,1,1
SF,IH2012,2020-08-10 09:33:40.900,3231.2000,15682,-1,333387240.000,1,0,1,双平,S,3230.2000,3230.0000,3229.8000,3229.4000,3228.8000,3232.0000,3232.4000,3232.8000,3235.0000,3236.6000,2,4,1,3,1,1,1,1,1,2
SF,IH2012,2020-08-10 09:33:41.400,3231.2000,15682,0,333387240.000,0,-,-,-,-,3227.8000,3227.6000,3227.0000,3225.8000,3225.0000,3231.8000,3232.0000,3232.4000,3232.8000,3235.0000,3,2,1,1,1,2,1,1,1,1
SF,IH2012,2020-08-10 09:33:41.900,3231.2000,15682,0,333387240.000,0,-,-,-,-,3229.6000,3229.2000,3228.4000,3228.2000,3228.0000,3231.8000,3232.0000,3232.4000,3232.8000,3235.0000,1,1,1,3,1,1,1,1,1,1
SF,IH2012,2020-08-10 09:33:42.400,3231.2000,15682,0,333387240.000,0,-,-,-,-,3230.0000,3229.8000,3229.6000,3229.2000,3228.4000,3231.8000,3232.0000,3232.4000,3232.8000,3235.0000,3,3,1,1,1,1,1,1,1,1
SF,IH2012,2020-08-10 09:33:42.900,3231.2000,15682,0,333387240.000,0,-,-,-,-,3230.0000,3229.8000,3228.4000,3228.2000,3227.8000,3231.8000,3232.0000,3232.4000,3232.8000,3235.0000,3,3,1,2,2,1,1,1,1,1
SF,IH2012,2020-08-10 09:33:43.400,3231.2000,15682,0,333387240.000,0,-,-,-,-,3229.8000,3228.4000,3227.8000,3227.6000,3227.0000,3231.0000,3231.8000,3232.0000,3232.4000,3232.8000,1,1,1,1,1,1,1,1,1,1
SF,IH2012,2020-08-10 09:33:43.900,3231.2000,15682,0,333387240.000,0,-,-,-,-,3227.4000,3227.0000,3225.8000,3225.0000,3223.2000,3230.8000,3231.0000,3232.0000,3232.4000,3232.8000,1,1,1,1,1,1,1,1,1,1
SF,IH2012,2020-08-10 09:33:44.400,3230.8000,15682,0,335325720.000,2,1,1,多换,S,3229.2000,3229.0000,3227.6000,3227.4000,3227.0000,3231.0000,3232.0000,3232.4000,3232.8000,3235.0000,2,1,4,2,1,1,1,1,1,1
SF,IH2012,2020-08-10 09:33:44.900,3230.8000,15682,0,335325720.000,0,-,-,-,-,3227.6000,3227.4000,3227.0000,3225.8000,3225.0000,3230.8000,3231.0000,3232.0000,3232.4000,3232.8000,2,2,1,1,1,1,1,1,1,1
SF,IH2012,2020-08-10 09:33:45.400,3230.8000,15682,0,335325720.000,0,-,-,-,-,3228.0000,3227.6000,3227.4000,3227.0000,3225.8000,3230.8000,3231.0000,3232.0000,3232.4000,3232.8000,1,2,1,1,1,1,1,1,1,1
SF,IH2012,2020-08-10 09:33:45.900,3230.8000,15682,0,335325720.000,0,-,-,-,-,3228.2000,3227.4000,3227.0000,3225.8000,3225.0000,3230.2000,3230.4000,3230.6000,3230.8000,3231.0000,2,1,1,1,1,3,3,2,2,1
SF,IH2012,2020-08-10 09:33:46.400,3230.8000,15682,0,335325720.000,0,-,-,-,-,3228.2000,3227.4000,3227.0000,3225.8000,3225.0000,3230.0000,3230.2000,3230.8000,3231.0000,3232.0000,1,1,1,1,1,1,3,1,1,1
SF,IH2012,2020-08-10 09:33:46.900,3228.2000,15682,0,336294180.000,1,0,1,多换,S,3227.4000,3227.0000,3225.8000,3225.0000,3223.2000,3229.4000,3230.0000,3230.8000,3231.0000,3236.6000,1,1,1,1,1,3,1,1,1,2
SF,IH2012,2020-08-10 09:33:47.400,3228.2000,15682,0,336294180.000,0,-,-,-,-,3227.4000,3227.0000,3225.8000,3225.0000,3223.2000,3229.2000,3229.4000,3230.8000,3231.0000,3236.6000,1,1,1,1,1,4,7,1,1,2
SF,IH2012,2020-08-10 09:33:47.900,3227.4000,15681,-1,337262400.000,1,0,1,双平,S,3227.0000,3225.8000,3225.0000,3223.2000,3223.0000,3228.6000,3229.2000,3229.4000,3230.8000,3231.0000,1,1,1,1,1,3,3,4,1,1
SF,IH2012,2020-08-10 09:33:48.400,3227.4000,15681,0,337262400.000,0,-,-,-,-,3227.0000,3225.8000,3225.0000,3223.2000,3223.0000,3228.4000,3228.6000,3229.2000,3229.4000,3230.8000,1,1,1,1,1,1,3,1,4,1
SF,IH2012,2020-08-10 09:33:48.900,3227.4000,15681,0,337262400.000,0,-,-,-,-,3227.0000,3225.8000,3225.0000,3223.2000,3223.0000,3228.4000,3228.6000,3229.2000,3229.4000,3230.8000,1,1,1,1,1,1,3,1,4,1
SF,IH2012,2020-08-10 09:33:49.400,3227.4000,15681,0,337262400.000,0,-,-,-,-,3227.2000,3227.0000,3225.8000,3225.0000,3223.2000,3229.2000,3229.4000,3231.0000,3236.6000,3239.4000,1,1,1,1,1,1,4,1,2,1
SF,IH2012,2020-08-10 09:33:50.900,3229.4000,15680,-1,339199980.000,2,0,2,多平,S,3229.2000,3228.0000,3227.6000,3227.4000,3227.2000,3229.4000,3231.0000,3236.6000,3239.4000,3240.0000,2,1,3,3,2,3,1,2,1,12
SF,IH2012,2020-08-10 09:33:51.400,3229.2000,15672,-8,347919000.000,9,0,9,多平,S,3228.4000,3228.0000,3227.4000,3227.2000,3227.0000,3231.0000,3236.6000,3239.4000,3240.0000,3241.0000,1,1,3,2,1,1,2,1,12,1
SF,IH2012,2020-08-10 09:33:51.900,3229.2000,15672,0,347919000.000,0,-,-,-,-,3228.6000,3228.4000,3228.0000,3227.4000,3227.2000,3230.4000,3230.6000,3230.8000,3231.0000,3236.6000,1,1,1,2,1,3,4,1,1,2
SF,IH2012,2020-08-10 09:33:52.400,3228.4000,15672,0,349856100.000,2,1,1,多换,S,3228.0000,3227.4000,3227.0000,3225.8000,3225.0000,3230.2000,3230.4000,3230.6000,3231.0000,3236.6000,1,2,1,1,1,1,3,2,1,2
SF,IH2012,2020-08-10 09:33:52.900,3228.4000,15672,0,349856100.000,0,-,-,-,-,3228.0000,3227.4000,3227.0000,3225.8000,3225.0000,3229.6000,3229.8000,3230.0000,3230.2000,3230.6000,1,2,1,1,1,3,2,1,1,2
SF,IH2012,2020-08-10 09:33:53.400,3228.0000,15672,0,350824500.000,1,0,1,多换,S,3227.4000,3227.0000,3225.8000,3225.0000,3223.2000,3229.4000,3229.6000,3230.0000,3231.0000,3236.6000,2,1,1,1,1,2,3,1,1,2
SF,IH2012,2020-08-10 09:33:53.900,3228.0000,15672,0,350824500.000,0,-,-,-,-,3227.4000,3227.0000,3225.8000,3225.0000,3223.2000,3228.8000,3229.2000,3229.4000,3229.6000,3231.0000,1,1,1,1,1,2,2,2,1,1
SF,IH2012,2020-08-10 09:33:54.400,3228.0000,15672,0,350824500.000,0,-,-,-,-,3227.0000,3225.8000,3225.0000,3223.2000,3223.0000,3228.4000,3228.6000,3228.8000,3229.2000,3229.4000,1,1,1,1,1,1,3,2,1,1
SF,IH2012,2020-08-10 09:33:54.900,3228.6000,15669,-3,355667280.000,5,1,4,多平,S,3227.2000,3227.0000,3225.8000,3225.0000,3223.2000,3228.2000,3229.2000,3229.4000,3236.6000,3239.4000,1,1,1,1,1,1,1,1,2,1
SF,IH2012,2020-08-10 09:33:55.400,3228.2000,15668,-1,356635740.000,1,0,1,双平,S,3228.2000,3227.2000,3227.0000,3225.8000,3225.0000,3229.2000,3236.6000,3239.4000,3240.0000,3241.0000,1,1,1,1,1,1,2,1,12,1
SF,IH2012,2020-08-10 09:33:55.900,3228.2000,15668,0,356635740.000,0,-,-,-,-,3228.2000,3227.2000,3227.0000,3225.8000,3225.0000,3236.6000,3239.4000,3240.0000,3241.0000,3244.6000,1,1,1,1,1,2,1,12,1,1
SF,IH2012,2020-08-10 09:33:56.400,3228.2000,15668,0,356635740.000,0,-,-,-,-,3228.4000,3227.0000,3225.8000,3225.0000,3223.2000,3230.6000,3231.6000,3231.8000,3233.4000,3234.0000,3,1,1,1,1,1,2,2,2,1
SF,IH2012,2020-08-10 09:33:56.900,3228.2000,15668,0,356635740.000,0,-,-,-,-,3228.4000,3227.0000,3225.8000,3225.0000,3223.2000,3230.4000,3233.4000,3234.0000,3235.0000,3236.0000,1,1,1,1,1,2,2,1,1,1
SF,IH2012,2020-08-10 09:33:57.400,3228.2000,15668,0,356635740.000,0,-,-,-,-,3228.4000,3227.0000,3225.8000,3225.0000,3223.2000,3230.4000,3233.4000,3234.0000,3235.0000,3235.2000,1,1,1,1,1,2,2,1,1,1
SF,IH2012,2020-08-10 09:33:57.900,3228.2000,15668,0,356635740.000,0,-,-,-,-,3228.4000,3227.0000,3225.8000,3225.0000,3223.2000,3230.2000,3230.4000,3233.4000,3234.0000,3235.0000,1,1,1,1,1,1,2,2,1,1
SF,IH2012,2020-08-10 09:33:58.400,3228.2000,15668,0,356635740.000,0,-,-,-,-,3227.0000,3225.8000,3225.0000,3223.2000,3223.0000,3230.0000,3230.2000,3230.4000,3233.4000,3234.0000,1,1,1,1,1,1,1,1,2,1
SF,IH2012,2020-08-10 09:33:58.900,3228.2000,15668,0,356635740.000,0,-,-,-,-,3227.2000,3227.0000,3225.8000,3225.0000,3223.2000,3229.8000,3230.0000,3233.4000,3234.0000,3235.0000,1,1,1,5,1,1,1,2,1,1
SF,IH2012,2020-08-10 09:33:59.400,3228.2000,15668,0,356635740.000,0,-,-,-,-,3227.2000,3227.0000,3225.8000,3225.0000,3223.2000,3229.4000,3229.6000,3229.8000,3233.4000,3234.0000,1,1,1,5,1,1,1,1,2,1
SF,IH2012,2020-08-10 09:33:59.900,3228.2000,15668,0,356635740.000,0,-,-,-,-,3227.2000,3227.0000,3225.8000,3225.0000,3223.2000,3229.2000,3229.4000,3229.6000,3233.4000,3234.0000,1,1,1,5,1,1,1,1,2,1
SF,IH2012,2020-08-10 09:34:00.400,3228.2000,15668,0,356635740.000,0,-,-,-,-,3227.4000,3227.2000,3227.0000,3225.8000,3225.0000,3229.2000,3229.4000,3229.6000,3233.4000,3234.0000,1,1,1,1,5,1,1,1,2,1
SF,IH2012,2020-08-10 09:34:00.900,3229.2000,15668,0,357604500.000,1,0,1,多换,S,3227.6000,3227.4000,3227.0000,3225.8000,3225.0000,3229.0000,3229.6000,3233.4000,3234.0000,3235.0000,1,1,1,1,5,1,1,2,1,1
SF,IH2012,2020-08-10 09:34:01.400,3229.0000,15667,-1,358573200.000,1,0,1,双平,S,3229.0000,3227.6000,3227.4000,3227.0000,3225.8000,3233.4000,3234.0000,3235.0000,3235.2000,3236.0000,3,1,1,1,1,2,1,1,1,1
SF,IH2012,2020-08-10 09:34:01.900,3229.0000,15667,0,358573200.000,0,-,-,-,-,3229.2000,3229.0000,3227.8000,3227.4000,3227.0000,3230.0000,3233.0000,3233.4000,3234.0000,3235.0000,2,2,1,1,1,1,1,3,1,1
SF,IH2012,2020-08-10 09:34:02.400,3230.0000,15666,-1,359542200.000,1,0,1,双平,S,3229.2000,3229.0000,3227.4000,3227.0000,3225.8000,3233.0000,3233.4000,3234.0000,3235.0000,3235.2000,1,2,1,1,1,1,3,1,1,1
SF,IH2012,2020-08-10 09:34:02.900,3232.4000,15665,-1,360511920.000,1,0,1,双平,S,3229.4000,3229.2000,3229.0000,3227.4000,3227.0000,3232.6000,3232.8000,3233.0000,3233.4000,3234.0000,2,1,2,1,1,2,1,1,3,1
SF,IH2012,2020-08-10 09:34:03.400,3232.4000,15665,0,360511920.000,0,-,-,-,-,3229.4000,3229.0000,3227.4000,3227.0000,3225.8000,3232.2000,3232.4000,3232.6000,3233.4000,3234.0000,2,2,1,1,1,1,2,2,3,1
SF,IH2012,2020-08-10 09:34:03.900,3232.4000,15665,0,360511920.000,0,-,-,-,-,3229.4000,3229.0000,3227.4000,3227.0000,3225.8000,3230.8000,3231.6000,3231.8000,3232.0000,3232.2000,2,2,1,1,1,1,1,1,3,1
SF,IH2012,2020-08-10 09:34:04.400,3232.4000,15665,0,360511920.000,0,-,-,-,-,3229.4000,3229.0000,3227.4000,3227.0000,3225.8000,3230.6000,3231.6000,3232.2000,3232.4000,3233.4000,1,2,1,1,1,1,1,1,1,3
SF,IH2012,2020-08-10 09:34:04.900,3230.6000,15665,0,361481100.000,1,0,1,多换,S,3229.4000,3229.0000,3227.4000,3227.0000,3225.8000,3231.6000,3232.2000,3232.4000,3233.4000,3234.0000,1,2,1,1,1,1,1,1,3,1
SF,IH2012,2020-08-10 09:34:05.400,3230.6000,15665,0,361481100.000,0,-,-,-,-,3229.6000,3229.4000,3229.0000,3228.0000,3227.4000,3231.2000,3231.6000,3232.4000,3233.4000,3234.0000,2,1,2,1,1,2,1,1,3,1
SF,IH2012,2020-08-10 09:34:05.900,3231.2000,15665,0,362450460.000,1,0,1,多换,S,3230.6000,3229.6000,3229.4000,3229.0000,3228.0000,3232.4000,3233.4000,3234.0000,3235.0000,3235.2000,1,2,1,2,1,1,3,1,1,1
SF,IH2012,2020-08-10 09:34:06.400,3231.2000,15665,0,362450460.000,0,-,-,-,-,3230.8000,3230.6000,3229.6000,3229.4000,3228.0000,3232.4000,3233.4000,3234.0000,3235.0000,3235.2000,1,1,1,1,1,1,3,1,1,1
SF,IH2012,2020-08-10 09:34:06.900,3232.2000,15664,-1,363420120.000,1,0,1,双平,S,3230.8000,3230.6000,3229.6000,3229.4000,3228.0000,3232.2000,3235.0000,3235.2000,3236.0000,3236.2000,1,1,1,1,1,2,1,1,1,2
SF,IH2012,2020-08-10 09:34:07.400,3232.2000,15662,-2,365359440.000,2,0,2,双平,S,3231.4000,3230.8000,3230.6000,3229.6000,3229.4000,3235.0000,3235.2000,3236.0000,3236.6000,3239.4000,2,1,1,1,1,1,1,1,2,1
SF,IH2012,2020-08-10 09:34:07.900,3232.2000,15662,0,365359440.000,0,-,-,-,-,3231.6000,3231.4000,3230.8000,3230.6000,3229.4000,3235.2000,3239.4000,3240.0000,3241.0000,3244.6000,2,2,1,1,1,1,1,4,1,1
SF,IH2012,2020-08-10 09:34:08.400,3232.2000,15662,0,365359440.000,0,-,-,-,-,3231.6000,3230.6000,3229.4000,3228.0000,3227.4000,3235.0000,3235.2000,3239.4000,3240.0000,3241.0000,2,1,1,1,1,2,1,1,4,1
SF,IH2012,2020-08-10 09:34:08.900,3232.2000,15662,0,365359440.000,0,-,-,-,-,3232.0000,3231.6000,3230.6000,3229.4000,3228.0000,3235.0000,3235.2000,3239.4000,3240.0000,3241.0000,1,2,1,1,1,2,1,1,4,1
SF,IH2012,2020-08-10 09:34:09.400,3232.2000,15662,0,365359440.000,0,-,-,-,-,3232.4000,3232.2000,3230.6000,3229.4000,3228.0000,3235.0000,3235.2000,3239.4000,3240.0000,3241.0000,1,2,1,1,1,1,1,1,4,1
SF,IH2012,2020-08-10 09:34:09.900,3232.2000,15662,0,365359440.000,0,-,-,-,-,3232.8000,3232.6000,3232.4000,3230.6000,3229.4000,3235.2000,3239.4000,3240.0000,3241.0000,3244.6000,2,2,1,1,1,1,1,4,1,1
SF,IH2012,2020-08-10 09:34:10.400,3232.2000,15662,0,365359440.000,0,-,-,-,-,3233.0000,3232.8000,3230.6000,3229.4000,3228.0000,3235.2000,3239.4000,3240.0000,3241.0000,3244.6000,3,2,1,1,1,1,1,4,1,1
SF,IH2012,2020-08-10 09:34:10.900,3235.2000,15661,-1,366330000.000,1,0,1,双平,S,3235.2000,3233.4000,3233.0000,3232.8000,3230.6000,3239.4000,3240.0000,3241.0000,3244.6000,3245.6000,1,1,3,1,1,1,4,1,1,1
SF,IH2012,2020-08-10 09:34:11.400,3236.0000,15660,-1,367300800.000,1,0,1,双平,S,3235.4000,3235.2000,3233.0000,3232.8000,3230.6000,3236.8000,3237.0000,3237.2000,3238.2000,3239.0000,1,1,2,1,1,2,2,2,1,4
SF,IH2012,2020-08-10 09:34:11.900,3235.2000,15659,-1,369241980.000,2,0,2,多平,S,3233.0000,3230.6000,3229.4000,3228.6000,3228.0000,3238.2000,3239.2000,3239.4000,3240.0000,3241.0000,2,1,1,1,1,1,3,2,4,1
SF,IH2012,2020-08-10 09:34:12.400,3235.2000,15659,0,369241980.000,0,-,-,-,-,3233.6000,3233.4000,3233.2000,3233.0000,3230.6000,3238.0000,3239.2000,3239.4000,3240.0000,3241.0000,1,5,1,2,1,1,2,2,4,1
SF,IH2012,2020-08-10 09:34:12.900,3235.2000,15659,0,369241980.000,0,-,-,-,-,3233.8000,3233.6000,3233.4000,3233.0000,3230.6000,3238.0000,3239.2000,3239.4000,3240.0000,3241.0000,3,1,2,1,1,1,2,2,4,1
SF,IH2012,2020-08-10 09:34:13.400,3235.2000,15659,0,369241980.000,0,-,-,-,-,3233.8000,3233.6000,3233.0000,3230.6000,3229.4000,3237.6000,3238.0000,3239.2000,3239.4000,3240.0000,3,1,1,1,1,1,1,2,2,4
SF,IH2012,2020-08-10 09:34:13.900,3235.2000,15659,0,369241980.000,0,-,-,-,-,3233.8000,3233.6000,3233.0000,3230.6000,3229.4000,3237.4000,3237.6000,3239.2000,3239.4000,3240.0000,2,1,1,1,1,2,1,2,2,4
SF,IH2012,2020-08-10 09:34:14.400,3235.2000,15659,0,369241980.000,0,-,-,-,-,3233.8000,3233.6000,3233.0000,3230.6000,3229.4000,3237.0000,3237.4000,3239.2000,3239.4000,3240.0000,2,1,1,1,1,1,2,2,2,4
SF,IH2012,2020-08-10 09:34:14.900,3236.8000,15660,1,370213020.000,1,1,0,双开,S,3234.0000,3233.8000,3233.6000,3233.0000,3230.6000,3236.8000,3239.2000,3239.4000,3240.0000,3241.0000,1,2,1,1,1,1,2,2,4,1
SF,IH2012,2020-08-10 09:34:15.400,3236.8000,15660,0,370213020.000,0,-,-,-,-,3234.6000,3234.4000,3234.2000,3234.0000,3233.8000,3239.2000,3239.4000,3240.0000,3241.0000,3244.6000,1,2,2,1,2,2,2,4,1,1
SF,IH2012,2020-08-10 09:34:15.900,3236.8000,15660,0,370213020.000,0,-,-,-,-,3234.8000,3234.6000,3234.4000,3233.8000,3233.6000,3237.0000,3238.8000,3239.2000,3239.4000,3240.0000,2,1,2,2,1,1,1,2,2,4
SF,IH2012,2020-08-10 09:34:16.400,3236.8000,15660,0,370213020.000,0,-,-,-,-,3235.2000,3235.0000,3234.8000,3234.6000,3233.8000,3238.8000,3239.2000,3239.4000,3240.0000,3241.0000,2,1,2,1,1,1,2,2,4,1
SF,IH2012,2020-08-10 09:34:16.900,3236.8000,15660,0,370213020.000,0,-,-,-,-,3235.4000,3235.0000,3234.6000,3233.8000,3233.6000,3238.2000,3238.8000,3239.2000,3239.4000,3240.0000,2,1,1,1,1,1,1,2,2,4
SF,IH2012,2020-08-10 09:34:17.400,3239.2000,15660,0,371184780.000,1,0,1,多换,S,3235.4000,3235.0000,3234.6000,3233.8000,3233.6000,3239.4000,3240.0000,3241.0000,3244.6000,3245.6000,2,1,1,1,1,2,4,1,1,1
