市场代码,合约代码,时间,最新,持仓,增仓,成交额,成交量,开仓,平仓,成交类型,方向,买一价,买二价,买三价,买四价,买五价,卖一价,卖二价,卖三价,卖四价,卖五价,买一量,买二量,买三量,买四量,买五量,卖一量,卖二量,卖三量,卖四量,卖五量
SF,IH2003,2020-02-17 09:29:00.300,2893.6000,24729,0,10416960.000,12.000,-,-,-,-,2893.6000,2893.2000,2892.8000,2892.4000,2892.2000,2893.8000,2894.4000,2895.0000,2895.8000,2897.0000,1,1,1,4,2,1,1,1,1,2
SF,IH2003,2020-02-17 09:30:00.300,2893.8000,24728,-1,13021560.000,3,1,2,多平,S,2894.0000,2893.8000,2893.6000,2893.2000,2892.8000,2894.8000,2895.0000,2895.8000,2897.0000,2897.6000,2,13,1,1,1,1,1,1,3,1
SF,IH2003,2020-02-17 09:30:00.800,2894.2000,24725,-3,18231780.000,6,1,5,多平,S,2894.2000,2894.0000,2893.8000,2893.6000,2893.4000,2895.0000,2895.8000,2897.0000,2897.6000,2898.0000,2,3,18,4,1,1,1,3,1,1
SF,IH2003,2020-02-17 09:30:01.300,2895.0000,24714,-11,30401580.000,14,1,13,多平,S,2894.4000,2894.2000,2894.0000,2893.8000,2893.6000,2899.0000,2899.8000,2900.0000,2903.0000,2903.6000,2,7,4,18,4,1,2,1,1,1
SF,IH2003,2020-02-17 09:30:01.800,2895.0000,24713,-1,31270080.000,1,0,1,双平,S,2895.0000,2894.6000,2894.4000,2894.0000,2893.8000,2895.8000,2898.2000,2898.4000,2898.8000,2899.0000,2,9,2,4,18,1,1,3,2,1
SF,IH2003,2020-02-17 09:30:02.300,2895.8000,24712,-1,33007560.000,2,0,2,多平,S,2896.0000,2895.8000,2895.6000,2895.4000,2895.2000,2899.0000,2899.2000,2899.8000,2900.0000,2903.0000,2,13,1,4,12,1,1,2,1,1
SF,IH2003,2020-02-17 09:30:02.800,2896.0000,24710,-2,34745100.000,2,0,2,双平,S,2896.2000,2896.0000,2895.8000,2895.4000,2895.2000,2898.8000,2899.0000,2899.2000,2899.8000,2900.0000,5,1,11,3,6,5,2,2,2,1
SF,IH2003,2020-02-17 09:30:03.300,2896.2000,24706,-4,38220360.000,4,0,4,双平,S,2896.4000,2896.2000,2896.0000,2895.8000,2895.4000,2898.6000,2898.8000,2899.0000,2899.8000,2900.0000,1,4,1,11,3,3,3,2,2,1
SF,IH2003,2020-02-17 09:30:03.800,2898.6000,24704,-2,42567540.000,5,1,4,多平,S,2896.6000,2896.4000,2896.2000,2895.8000,2895.4000,2898.6000,2898.8000,2899.0000,2899.8000,2900.0000,3,1,2,11,3,1,3,2,2,1
SF,IH2003,2020-02-17 09:30:04.300,2898.6000,24703,-1,45176400.000,3,1,2,多平,S,2898.6000,2896.8000,2896.6000,2895.8000,2895.4000,2899.0000,2899.6000,2899.8000,2900.0000,2903.0000,2,2,3,14,3,1,3,2,1,1
SF,IH2003,2020-02-17 09:30:04.800,2896.8000,24699,-4,53002080.000,9,2,7,多平,S,2896.8000,2896.6000,2895.8000,2895.4000,2895.2000,2899.0000,2899.6000,2899.8000,2900.0000,2903.0000,2,5,14,3,4,1,3,2,1,1
SF,IH2003,2020-02-17 09:30:05.300,2897.4000,24698,-1,55610640.000,3,1,2,多平,S,2897.4000,2897.0000,2896.6000,2895.8000,2895.4000,2898.0000,2899.6000,2899.8000,2900.0000,2903.0000,1,2,5,14,3,1,3,2,1,1
SF,IH2003,2020-02-17 09:30:05.800,2898.8000,24698,0,59088960.000,4,2,2,多换,S,2898.0000,2897.4000,2896.6000,2895.8000,2895.4000,2898.8000,2899.0000,2899.2000,2899.6000,2899.8000,5,1,3,14,3,4,1,2,1,2
SF,IH2003,2020-02-17 09:30:06.300,2898.8000,24697,-1,61697640.000,3,1,2,多平,S,2898.0000,2897.6000,2897.4000,2896.6000,2895.8000,2898.8000,2899.0000,2899.8000,2900.0000,2903.0000,5,5,1,1,14,1,1,2,1,1
SF,IH2003,2020-02-17 09:30:06.800,2899.8000,24696,-1,64306920.000,3,1,2,多平,S,2898.8000,2898.6000,2898.2000,2898.0000,2897.6000,2899.8000,2900.0000,2903.0000,2903.6000,2905.0000,1,2,2,5,3,6,1,1,1,2
SF,IH2003,2020-02-17 09:30:07.300,2899.8000,24695,-1,65176860.000,1,0,1,双平,S,2898.6000,2898.2000,2898.0000,2897.6000,2897.4000,2899.8000,2900.0000,2903.0000,2903.6000,2905.0000,2,1,6,1,1,3,1,1,1,2
SF,IH2003,2020-02-17 09:30:07.800,2898.2000,24695,0,68655420.000,4,2,2,多换,S,2899.8000,2898.0000,2897.6000,2897.4000,2896.6000,2900.0000,2900.8000,2903.0000,2903.6000,2905.0000,1,6,1,1,1,2,3,1,1,2
SF,IH2003,2020-02-17 09:30:08.300,2899.8000,24696,1,76484220.000,9,5,4,空开,S,2899.0000,2898.0000,2897.6000,2897.4000,2896.6000,2900.0000,2900.2000,2900.8000,2903.0000,2903.6000,1,5,1,1,1,2,1,3,1,1
SF,IH2003,2020-02-17 09:30:08.800,2899.8000,24694,-2,79963560.000,4,1,3,多平,S,2898.0000,2897.6000,2896.6000,2895.8000,2895.2000,2900.0000,2900.2000,2900.8000,2903.0000,2903.6000,5,1,1,14,2,2,1,3,1,1
SF,IH2003,2020-02-17 09:30:09.300,2899.8000,24694,0,79963560.000,0,-,-,-,-,2899.8000,2898.2000,2898.0000,2896.6000,2895.8000,2900.0000,2900.8000,2901.2000,2903.0000,2903.6000,1,8,5,1,3,3,3,1,1,1
SF,IH2003,2020-02-17 09:30:09.800,2898.2000,24691,-3,86052900.000,7,2,5,多平,S,2898.2000,2898.0000,2896.6000,2895.8000,2895.2000,2900.8000,2901.2000,2903.0000,2903.6000,2905.0000,6,5,1,3,2,3,1,1,1,2
SF,IH2003,2020-02-17 09:30:10.300,2898.2000,24690,-1,86922360.000,1,0,1,双平,S,2900.0000,2899.0000,2898.4000,2898.2000,2898.0000,2900.6000,2900.8000,2901.2000,2903.0000,2903.6000,2,2,5,6,2,1,3,1,1,1
SF,IH2003,2020-02-17 09:30:10.800,2900.4000,24690,0,91272060.000,5,2,3,多换,S,2900.8000,2899.0000,2898.4000,2898.2000,2898.0000,2901.0000,2901.2000,2903.0000,2903.6000,2905.0000,4,1,4,8,2,4,1,1,1,2
SF,IH2003,2020-02-17 09:30:11.300,2900.2000,24691,1,97363200.000,7,4,3,空开,S,2899.0000,2898.0000,2896.6000,2895.8000,2895.2000,2900.2000,2900.4000,2900.8000,2901.0000,2901.2000,1,1,1,3,1,1,2,4,2,1
SF,IH2003,2020-02-17 09:30:11.800,2899.2000,24691,0,98232960.000,1,0,1,多换,S,2900.2000,2899.0000,2898.0000,2896.6000,2895.8000,2900.8000,2901.0000,2901.2000,2903.0000,2903.6000,1,1,1,1,3,5,1,4,1,1
SF,IH2003,2020-02-17 09:30:12.300,2900.6000,24691,0,106063740.000,9,4,5,多换,S,2899.0000,2898.0000,2896.6000,2895.8000,2895.2000,2900.2000,2900.6000,2900.8000,2901.0000,2901.2000,1,1,1,3,1,1,3,4,1,1
SF,IH2003,2020-02-17 09:30:12.800,2898.0000,24690,-1,107802840.000,2,0,2,多平,S,2896.6000,2895.8000,2895.2000,2894.4000,2894.0000,2899.0000,2900.0000,2900.2000,2900.4000,2900.6000,1,3,1,2,2,4,2,1,1,7
SF,IH2003,2020-02-17 09:30:13.300,2899.6000,24687,-3,114760980.000,8,2,6,多平,S,2896.8000,2896.6000,2895.8000,2895.2000,2894.4000,2899.0000,2900.0000,2900.2000,2900.4000,2900.8000,7,1,3,1,2,1,1,1,1,1
SF,IH2003,2020-02-17 09:30:13.800,2900.2000,24689,2,117370740.000,3,2,1,空开,S,2899.0000,2897.0000,2896.8000,2896.6000,2896.4000,2900.2000,2900.4000,2900.8000,2901.0000,2901.2000,1,1,8,1,1,8,1,1,1,1
SF,IH2003,2020-02-17 09:30:14.300,2899.0000,24688,-1,119979840.000,3,1,2,多平,S,2897.0000,2896.8000,2896.6000,2896.4000,2895.8000,2899.0000,2899.6000,2899.8000,2900.0000,2900.2000,3,3,1,1,3,1,2,2,4,5
SF,IH2003,2020-02-17 09:30:14.800,2899.0000,24687,-1,122588160.000,3,1,2,多平,S,2897.0000,2896.8000,2896.6000,2896.4000,2895.8000,2899.2000,2899.6000,2900.0000,2900.2000,2900.8000,3,1,1,1,3,3,2,2,9,1
SF,IH2003,2020-02-17 09:30:15.300,2899.0000,24687,0,122588160.000,0,-,-,-,-,2899.0000,2897.0000,2896.8000,2896.6000,2896.4000,2899.2000,2900.0000,2900.2000,2900.8000,2901.0000,1,3,1,1,1,4,2,9,1,1
SF,IH2003,2020-02-17 09:30:15.800,2899.0000,24684,-3,129545760.000,8,2,6,多平,S,2896.6000,2896.4000,2895.2000,2895.0000,2894.4000,2899.2000,2900.0000,2900.2000,2900.8000,2901.0000,1,1,1,1,2,4,2,9,1,1
SF,IH2003,2020-02-17 09:30:16.300,2899.0000,24684,0,130415460.000,1,0,1,多换,S,2897.0000,2896.8000,2896.6000,2896.4000,2895.2000,2899.0000,2899.2000,2900.0000,2900.2000,2900.8000,1,1,1,1,1,1,4,2,9,1
SF,IH2003,2020-02-17 09:30:16.800,2899.0000,24686,2,135633660.000,6,4,2,空开,S,2897.2000,2897.0000,2896.8000,2896.6000,2895.2000,2898.4000,2898.8000,2899.0000,2899.2000,2899.4000,1,1,2,1,1,2,5,1,4,1
SF,IH2003,2020-02-17 09:30:17.300,2899.0000,24685,-1,136503360.000,1,0,1,双平,S,2897.2000,2896.8000,2896.6000,2896.2000,2895.2000,2898.0000,2898.2000,2898.4000,2898.8000,2899.0000,1,2,1,1,1,1,3,1,3,1
SF,IH2003,2020-02-17 09:30:17.800,2898.0000,24685,0,137372760.000,1,0,1,多换,S,2898.0000,2897.4000,2897.2000,2896.8000,2896.6000,2898.2000,2898.4000,2898.8000,2899.0000,2899.2000,1,1,1,2,1,2,1,3,1,6
SF,IH2003,2020-02-17 09:30:18.300,2898.0000,24686,1,138242160.000,1,1,0,双开,S,2898.2000,2896.6000,2896.2000,2895.2000,2895.0000,2898.8000,2899.2000,2899.4000,2899.8000,2900.0000,1,1,2,1,1,3,6,6,1,1
SF,IH2003,2020-02-17 09:30:18.800,2898.0000,24686,0,140850360.000,3,1,2,多换,S,2898.0000,2896.6000,2896.2000,2895.2000,2895.0000,2898.2000,2898.4000,2898.6000,2898.8000,2899.2000,1,1,2,1,1,3,1,4,3,6
SF,IH2003,2020-02-17 09:30:19.300,2898.0000,24686,0,141719760.000,1,0,1,多换,S,2896.6000,2896.2000,2895.2000,2895.0000,2894.0000,2898.0000,2898.2000,2898.4000,2898.6000,2898.8000,1,2,1,1,2,1,3,2,1,2
SF,IH2003,2020-02-17 09:30:19.800,2898.0000,24686,0,143458560.000,2,1,1,多换,S,2898.0000,2897.4000,2896.8000,2896.6000,2896.2000,2898.4000,2898.6000,2898.8000,2899.2000,2899.4000,4,1,1,1,2,2,1,2,6,6
SF,IH2003,2020-02-17 09:30:20.300,2898.0000,24686,0,149544360.000,7,3,4,多换,S,2896.6000,2896.2000,2895.2000,2895.0000,2894.0000,2898.0000,2898.2000,2898.4000,2898.6000,2898.8000,1,2,1,1,2,2,1,3,1,1
SF,IH2003,2020-02-17 09:30:20.800,2898.0000,24686,0,149544360.000,0,-,-,-,-,2896.8000,2896.6000,2896.2000,2895.2000,2895.0000,2897.8000,2898.2000,2898.4000,2898.6000,2898.8000,1,1,2,1,1,4,3,2,1,1
SF,IH2003,2020-02-17 09:30:21.300,2898.0000,24686,0,149544360.000,0,-,-,-,-,2896.6000,2896.2000,2895.2000,2895.0000,2894.0000,2897.8000,2898.2000,2898.4000,2898.6000,2898.8000,1,2,1,1,2,5,2,2,1,1
SF,IH2003,2020-02-17 09:30:21.800,2897.8000,24686,0,151283040.000,2,1,1,多换,S,2897.8000,2897.4000,2896.8000,2896.6000,2896.2000,2898.2000,2898.4000,2898.6000,2898.8000,2899.2000,4,1,1,3,2,2,2,1,1,4
SF,IH2003,2020-02-17 09:30:22.300,2896.6000,24685,-1,156498780.000,6,2,4,多平,S,2896.6000,2896.2000,2895.2000,2895.0000,2894.0000,2898.2000,2898.4000,2898.6000,2898.8000,2899.2000,2,2,1,1,2,3,2,1,1,4
SF,IH2003,2020-02-17 09:30:22.800,2896.6000,24685,0,156498780.000,0,-,-,-,-,2896.8000,2896.6000,2896.2000,2895.2000,2895.0000,2897.8000,2898.2000,2898.6000,2898.8000,2899.2000,1,2,2,1,1,2,2,6,1,4
SF,IH2003,2020-02-17 09:30:23.300,2897.6000,24687,2,158237340.000,2,2,0,双开,S,2897.0000,2896.6000,2896.2000,2895.2000,2895.0000,2897.8000,2898.6000,2898.8000,2899.2000,2899.4000,1,2,2,1,1,4,6,1,4,1
SF,IH2003,2020-02-17 09:30:23.800,2897.8000,24689,2,162584040.000,5,3,2,空开,S,2897.8000,2897.0000,2896.6000,2896.2000,2895.2000,2898.0000,2898.6000,2898.8000,2899.2000,2899.4000,2,2,2,2,1,5,1,1,4,1
SF,IH2003,2020-02-17 09:30:24.300,2897.0000,24688,-1,166060920.000,4,1,3,多平,S,2896.2000,2895.2000,2895.0000,2894.0000,2893.8000,2898.0000,2898.6000,2898.8000,2899.2000,2899.4000,2,1,1,2,17,5,1,1,4,1
SF,IH2003,2020-02-17 09:30:24.800,2898.0000,24691,3,170407560.000,5,4,1,空开,S,2896.4000,2896.2000,2895.2000,2895.0000,2894.0000,2898.0000,2898.6000,2898.8000,2899.2000,2899.4000,4,2,1,2,2,2,1,1,4,1
SF,IH2003,2020-02-17 09:30:25.300,2898.0000,24693,2,173015760.000,3,2,1,空开,S,2896.4000,2896.2000,2895.2000,2895.0000,2894.0000,2898.0000,2898.6000,2898.8000,2899.2000,2899.4000,4,2,1,2,1,1,1,6,4,1
SF,IH2003,2020-02-17 09:30:25.800,2898.0000,24693,0,173015760.000,0,-,-,-,-,2896.4000,2896.2000,2895.2000,2895.0000,2893.8000,2897.0000,2898.0000,2898.6000,2898.8000,2899.2000,6,2,1,2,17,1,1,1,6,4
SF,IH2003,2020-02-17 09:30:26.300,2898.0000,24693,0,174754260.000,2,1,1,多换,S,2897.2000,2897.0000,2896.4000,2896.2000,2895.2000,2898.6000,2898.8000,2899.2000,2899.4000,2899.6000,2,1,6,2,1,1,6,4,1,2
SF,IH2003,2020-02-17 09:30:26.800,2898.0000,24693,0,174754260.000,0,-,-,-,-,2897.2000,2897.0000,2896.4000,2896.2000,2895.2000,2898.2000,2898.4000,2898.6000,2898.8000,2899.2000,2,5,2,2,1,1,1,1,6,4
SF,IH2003,2020-02-17 09:30:27.300,2897.2000,24693,0,175623420.000,1,0,1,多换,S,2897.0000,2896.4000,2896.2000,2895.2000,2895.0000,2898.2000,2898.6000,2898.8000,2899.2000,2899.4000,5,2,2,1,2,1,1,6,4,1
SF,IH2003,2020-02-17 09:30:27.800,2898.2000,24693,0,176492880.000,1,0,1,多换,S,2897.2000,2897.0000,2896.4000,2896.2000,2895.2000,2898.2000,2898.6000,2898.8000,2899.2000,2899.4000,1,5,2,2,1,1,1,6,4,1
SF,IH2003,2020-02-17 09:30:28.300,2898.2000,24692,-1,177362340.000,1,0,1,双平,S,2897.4000,2897.0000,2896.4000,2896.2000,2895.2000,2898.6000,2898.8000,2899.0000,2899.2000,2899.4000,1,5,2,2,1,1,6,1,4,1
SF,IH2003,2020-02-17 09:30:28.800,2898.2000,24692,0,177362340.000,0,-,-,-,-,2897.0000,2896.4000,2896.2000,2895.2000,2895.0000,2898.6000,2898.8000,2899.0000,2899.2000,2899.4000,5,2,2,1,2,1,6,1,4,1
SF,IH2003,2020-02-17 09:30:29.300,2898.2000,24692,0,177362340.000,0,-,-,-,-,2897.2000,2897.0000,2896.4000,2896.2000,2895.2000,2898.4000,2898.6000,2898.8000,2899.0000,2899.2000,1,5,2,2,1,2,3,6,1,4
SF,IH2003,2020-02-17 09:30:29.800,2897.4000,24692,0,178231560.000,1,0,1,多换,S,2897.0000,2896.4000,2896.2000,2895.2000,2895.0000,2897.4000,2898.4000,2898.6000,2898.8000,2899.0000,5,2,2,1,2,4,2,3,6,1
SF,IH2003,2020-02-17 09:30:30.300,2898.4000,24688,-4,182577960.000,5,0,5,多平,S,2897.6000,2897.4000,2897.0000,2896.4000,2896.2000,2898.4000,2898.6000,2898.8000,2899.0000,2899.2000,8,2,5,3,2,1,1,7,1,4
SF,IH2003,2020-02-17 09:30:30.800,2898.4000,24688,0,182577960.000,0,-,-,-,-,2897.6000,2897.4000,2897.2000,2897.0000,2896.4000,2898.4000,2898.6000,2898.8000,2899.0000,2899.2000,10,2,1,5,3,1,1,7,1,4
SF,IH2003,2020-02-17 09:30:31.300,2897.6000,24688,0,183447240.000,1,0,1,多换,S,2897.6000,2897.4000,2897.2000,2897.0000,2896.8000,2898.2000,2898.4000,2898.6000,2898.8000,2899.0000,7,2,1,5,1,1,4,1,7,2
SF,IH2003,2020-02-17 09:30:31.800,2898.4000,24686,-2,185186220.000,2,0,2,双平,S,2898.2000,2897.8000,2897.6000,2897.4000,2897.2000,2898.4000,2898.8000,2899.0000,2899.2000,2899.6000,1,1,7,1,1,1,6,2,3,1
SF,IH2003,2020-02-17 09:30:32.300,2898.8000,24683,-3,192143160.000,8,2,6,多平,S,2898.6000,2898.4000,2898.2000,2897.6000,2897.4000,2899.0000,2899.6000,2899.8000,2900.0000,2900.2000,3,10,2,7,1,2,1,5,6,2
SF,IH2003,2020-02-17 09:30:32.800,2898.6000,24681,-2,193882440.000,2,0,2,双平,S,2898.8000,2898.6000,2898.4000,2898.2000,2897.6000,2899.0000,2899.6000,2899.8000,2900.0000,2900.2000,1,1,1,2,7,1,1,2,6,2
SF,IH2003,2020-02-17 09:30:33.300,2899.0000,24680,-1,194752140.000,1,0,1,双平,S,2899.2000,2899.0000,2898.6000,2898.4000,2898.2000,2899.6000,2899.8000,2900.0000,2900.2000,2900.8000,1,4,1,1,3,1,2,6,2,2
SF,IH2003,2020-02-17 09:30:33.800,2899.4000,24681,1,199101120.000,5,3,2,空开,S,2899.6000,2898.6000,2898.4000,2898.2000,2897.6000,2899.8000,2900.0000,2900.2000,2900.8000,2901.0000,4,1,2,3,7,2,6,1,2,1
SF,IH2003,2020-02-17 09:30:34.300,2899.6000,24681,0,202580580.000,4,2,2,多换,S,2898.6000,2898.4000,2898.2000,2897.6000,2897.4000,2899.4000,2899.8000,2900.0000,2900.2000,2900.8000,1,2,3,7,2,2,2,6,1,2
SF,IH2003,2020-02-17 09:30:34.800,2899.6000,24681,0,202580580.000,0,-,-,-,-,2898.6000,2898.4000,2898.2000,2897.6000,2897.4000,2899.4000,2899.8000,2900.0000,2900.2000,2900.8000,1,2,3,7,2,2,2,6,1,2
SF,IH2003,2020-02-17 09:30:35.300,2899.6000,24681,0,202580580.000,0,-,-,-,-,2898.8000,2898.6000,2898.4000,2898.2000,2897.6000,2899.4000,2899.8000,2900.0000,2900.2000,2900.8000,2,1,2,3,7,2,2,6,1,2
SF,IH2003,2020-02-17 09:30:35.800,2899.0000,24681,0,204319860.000,2,1,1,多换,S,2898.4000,2898.2000,2897.6000,2897.4000,2897.2000,2898.8000,2899.2000,2899.4000,2899.8000,2900.0000,2,3,7,2,1,2,1,1,2,6
SF,IH2003,2020-02-17 09:30:36.300,2898.4000,24679,-2,206058900.000,2,0,2,双平,S,2898.2000,2897.6000,2897.4000,2897.2000,2897.0000,2898.8000,2899.2000,2899.4000,2899.8000,2900.0000,2,7,2,1,2,2,1,1,1,6
SF,IH2003,2020-02-17 09:30:36.800,2898.8000,24674,-5,213015840.000,8,1,7,多平,S,2897.6000,2897.4000,2897.2000,2897.0000,2896.8000,2899.8000,2900.0000,2900.2000,2900.8000,2901.0000,7,2,1,2,1,1,6,1,2,1
SF,IH2003,2020-02-17 09:30:37.300,2898.8000,24674,0,213015840.000,0,-,-,-,-,2899.0000,2897.6000,2897.4000,2897.2000,2897.0000,2899.6000,2899.8000,2900.0000,2900.2000,2900.8000,2,7,2,1,2,2,1,6,3,2
SF,IH2003,2020-02-17 09:30:37.800,2898.8000,24674,0,214755120.000,2,1,1,多换,S,2897.6000,2897.4000,2897.2000,2897.0000,2896.8000,2898.4000,2898.6000,2899.6000,2899.8000,2900.0000,7,2,1,2,1,2,3,3,1,6
SF,IH2003,2020-02-17 09:30:38.300,2898.8000,24674,0,214755120.000,0,-,-,-,-,2897.8000,2897.6000,2897.4000,2897.2000,2897.0000,2898.4000,2898.6000,2899.2000,2899.6000,2899.8000,1,7,2,1,2,2,3,2,2,1
SF,IH2003,2020-02-17 09:30:38.800,2898.8000,24674,0,214755120.000,0,-,-,-,-,2897.6000,2897.4000,2897.2000,2896.8000,2896.6000,2898.4000,2898.6000,2899.2000,2899.6000,2899.8000,7,2,1,1,1,2,3,2,2,1
SF,IH2003,2020-02-17 09:30:39.300,2898.8000,24674,0,214755120.000,0,-,-,-,-,2898.0000,2897.6000,2897.4000,2897.2000,2896.8000,2898.4000,2898.6000,2899.0000,2899.2000,2899.8000,2,7,2,1,1,2,3,1,4,1
SF,IH2003,2020-02-17 09:30:39.800,2898.4000,24674,0,216494160.000,2,1,1,多换,S,2898.4000,2898.0000,2897.6000,2897.4000,2897.2000,2898.6000,2899.0000,2899.2000,2899.8000,2900.0000,13,2,7,2,1,3,1,4,1,6
SF,IH2003,2020-02-17 09:30:40.300,2898.4000,24671,-3,221711280.000,6,1,5,多平,S,2898.4000,2898.0000,2897.6000,2897.4000,2897.2000,2898.6000,2899.0000,2899.2000,2899.4000,2899.8000,7,2,7,2,1,1,2,4,1,1
SF,IH2003,2020-02-17 09:30:40.800,2898.4000,24667,-4,225189360.000,4,0,4,双平,S,2898.4000,2898.0000,2897.6000,2897.4000,2896.8000,2898.6000,2899.0000,2899.2000,2899.4000,2899.6000,3,3,7,2,1,1,2,4,1,3
SF,IH2003,2020-02-17 09:30:41.300,2898.6000,24664,-3,229537020.000,5,1,4,多平,S,2898.6000,2898.0000,2897.6000,2897.4000,2896.8000,2899.0000,2899.2000,2899.4000,2899.6000,2899.8000,5,5,7,2,1,1,4,1,3,1
SF,IH2003,2020-02-17 09:30:41.800,2898.6000,24664,0,238232820.000,10,5,5,多换,S,2898.0000,2897.6000,2897.4000,2896.8000,2896.6000,2898.4000,2898.6000,2898.8000,2899.0000,2899.2000,5,7,1,1,1,1,4,3,3,5
SF,IH2003,2020-02-17 09:30:42.300,2898.4000,24662,-2,239971860.000,2,0,2,双平,S,2898.0000,2897.6000,2897.4000,2896.8000,2896.6000,2898.6000,2899.0000,2899.2000,2899.4000,2899.6000,5,7,1,1,1,3,1,4,1,3
SF,IH2003,2020-02-17 09:30:42.800,2898.6000,24660,-2,242580600.000,3,0,3,多平,S,2898.4000,2898.2000,2898.0000,2897.6000,2897.4000,2899.0000,2899.2000,2899.4000,2899.6000,2899.8000,1,2,5,7,1,1,2,1,3,1
SF,IH2003,2020-02-17 09:30:43.300,2898.6000,24660,0,242580600.000,0,-,-,-,-,2898.4000,2898.2000,2898.0000,2897.6000,2897.4000,2899.0000,2899.2000,2899.4000,2899.6000,2899.8000,1,1,5,7,1,1,2,1,3,1
SF,IH2003,2020-02-17 09:30:43.800,2899.0000,24660,0,243450300.000,1,0,1,多换,S,2898.4000,2898.2000,2898.0000,2897.6000,2897.4000,2899.2000,2899.4000,2899.6000,2899.8000,2900.0000,1,1,3,7,1,2,1,3,1,6
SF,IH2003,2020-02-17 09:30:44.300,2898.4000,24659,-1,244319820.000,1,0,1,双平,S,2898.2000,2898.0000,2897.6000,2897.4000,2896.8000,2899.2000,2899.4000,2899.6000,2899.8000,2900.0000,1,3,7,1,1,2,1,3,1,6
SF,IH2003,2020-02-17 09:30:44.800,2898.6000,24658,-1,245189400.000,1,0,1,双平,S,2898.8000,2898.2000,2898.0000,2897.6000,2897.4000,2899.2000,2899.4000,2899.6000,2899.8000,2900.0000,2,1,3,7,1,4,1,3,1,6
SF,IH2003,2020-02-17 09:30:45.300,2898.8000,24656,-2,246928680.000,2,0,2,双平,S,2898.2000,2898.0000,2897.6000,2897.4000,2896.8000,2898.8000,2899.2000,2899.4000,2899.8000,2900.0000,2,3,7,1,1,1,4,1,1,6
SF,IH2003,2020-02-17 09:30:45.800,2899.2000,24657,1,248668080.000,2,1,1,空开,S,2898.2000,2898.0000,2897.6000,2897.4000,2896.8000,2899.2000,2899.8000,2900.0000,2900.2000,2900.8000,2,3,7,1,1,3,1,6,1,2
SF,IH2003,2020-02-17 09:30:46.300,2899.2000,24657,0,248668080.000,0,-,-,-,-,2898.2000,2898.0000,2897.6000,2897.4000,2896.8000,2899.2000,2899.8000,2900.0000,2900.2000,2900.8000,2,3,7,1,1,5,1,6,1,2
SF,IH2003,2020-02-17 09:30:46.800,2898.2000,24656,-1,249537540.000,1,0,1,双平,S,2898.2000,2898.0000,2897.6000,2897.4000,2896.8000,2898.6000,2898.8000,2899.2000,2899.8000,2900.0000,1,3,7,1,1,2,1,5,1,6
SF,IH2003,2020-02-17 09:30:47.300,2898.6000,24656,0,250407120.000,1,0,1,多换,S,2898.2000,2898.0000,2897.6000,2897.4000,2896.8000,2898.6000,2898.8000,2899.2000,2899.8000,2900.0000,1,3,7,1,1,1,1,3,1,6
SF,IH2003,2020-02-17 09:30:47.800,2898.6000,24656,0,250407120.000,0,-,-,-,-,2898.2000,2898.0000,2897.6000,2897.4000,2896.8000,2898.6000,2899.2000,2899.8000,2900.0000,2900.2000,1,3,7,1,1,1,3,1,6,1
SF,IH2003,2020-02-17 09:30:48.300,2898.4000,24655,-1,251276640.000,1,0,1,双平,S,2898.4000,2898.2000,2898.0000,2897.6000,2897.4000,2898.6000,2899.2000,2899.8000,2900.0000,2900.2000,1,1,3,7,1,1,3,1,6,1
SF,IH2003,2020-02-17 09:30:48.800,2898.4000,24655,0,251276640.000,0,-,-,-,-,2898.4000,2898.2000,2898.0000,2897.6000,2897.4000,2898.6000,2899.2000,2899.8000,2900.0000,2900.2000,1,1,4,7,1,1,3,1,7,1
SF,IH2003,2020-02-17 09:30:49.300,2898.6000,24655,0,252146220.000,1,0,1,多换,S,2898.4000,2898.2000,2898.0000,2897.6000,2897.4000,2899.2000,2899.8000,2900.0000,2900.2000,2900.8000,1,1,4,7,1,3,1,7,1,2
SF,IH2003,2020-02-17 09:30:49.800,2898.6000,24655,0,252146220.000,0,-,-,-,-,2898.4000,2898.2000,2898.0000,2897.6000,2897.4000,2899.2000,2899.8000,2900.0000,2900.2000,2900.8000,1,1,4,7,1,4,1,7,1,2
SF,IH2003,2020-02-17 09:30:50.300,2898.4000,24655,0,253015740.000,1,0,1,多换,S,2898.2000,2898.0000,2897.6000,2897.4000,2897.0000,2899.2000,2900.0000,2900.2000,2900.8000,2901.0000,1,4,7,1,1,4,7,1,2,3
SF,IH2003,2020-02-17 09:30:50.800,2898.4000,24655,0,253015740.000,0,-,-,-,-,2898.2000,2898.0000,2897.6000,2897.4000,2897.0000,2898.8000,2899.0000,2899.2000,2899.4000,2900.0000,3,4,7,1,1,1,3,6,1,7
SF,IH2003,2020-02-17 09:30:51.300,2898.4000,24655,0,253015740.000,0,-,-,-,-,2898.2000,2898.0000,2897.6000,2897.4000,2897.0000,2899.0000,2899.2000,2900.0000,2900.2000,2900.8000,3,4,7,1,1,2,3,7,1,2
SF,IH2003,2020-02-17 09:30:51.800,2898.4000,24655,0,253015740.000,0,-,-,-,-,2898.2000,2898.0000,2897.6000,2897.4000,2897.0000,2898.4000,2899.0000,2899.2000,2900.0000,2900.2000,3,4,7,1,1,1,3,3,7,1
SF,IH2003,2020-02-17 09:30:52.300,2898.8000,24654,-1,254754900.000,2,0,2,多平,S,2898.4000,2898.2000,2898.0000,2897.6000,2897.4000,2898.8000,2899.0000,2899.2000,2900.0000,2900.2000,1,3,4,7,1,2,2,4,7,1
SF,IH2003,2020-02-17 09:30:52.800,2899.0000,24653,-1,255624600.000,1,0,1,双平,S,2898.2000,2898.0000,2897.6000,2897.4000,2897.0000,2899.0000,2899.2000,2900.0000,2900.2000,2900.8000,3,4,7,1,1,1,3,7,1,2
SF,IH2003,2020-02-17 09:30:53.300,2898.2000,24650,-3,258233460.000,3,0,3,双平,S,2898.2000,2898.0000,2897.6000,2897.4000,2897.0000,2899.2000,2899.8000,2900.0000,2900.2000,2900.8000,2,4,7,1,1,3,3,7,1,2
SF,IH2003,2020-02-17 09:30:53.800,2898.2000,24650,0,258233460.000,0,-,-,-,-,2898.4000,2898.2000,2898.0000,2897.6000,2897.4000,2898.8000,2899.0000,2899.2000,2899.4000,2899.8000,2,2,4,7,1,1,2,5,1,3
SF,IH2003,2020-02-17 09:30:54.300,2899.0000,24651,1,262581360.000,5,3,2,空开,S,2899.0000,2898.2000,2898.0000,2897.6000,2897.4000,2899.2000,2899.4000,2900.0000,2900.2000,2900.8000,7,2,4,7,1,5,1,7,1,2
SF,IH2003,2020-02-17 09:30:54.800,2898.2000,24651,0,269538720.000,8,4,4,多换,S,2898.2000,2898.0000,2897.6000,2897.4000,2897.0000,2898.4000,2898.6000,2899.0000,2899.2000,2899.4000,1,4,7,1,1,1,4,11,7,1
SF,IH2003,2020-02-17 09:30:55.300,2898.2000,24650,-1,270408180.000,1,0,1,双平,S,2898.0000,2897.6000,2897.4000,2897.0000,2896.8000,2898.2000,2898.4000,2898.6000,2898.8000,2899.0000,4,7,1,1,1,1,1,3,3,12
SF,IH2003,2020-02-17 09:30:55.800,2898.0000,24647,-3,273016380.000,3,0,3,双平,S,2898.0000,2897.6000,2897.4000,2897.0000,2896.8000,2898.2000,2898.6000,2898.8000,2899.0000,2899.2000,1,7,1,1,1,3,3,5,8,7
SF,IH2003,2020-02-17 09:30:56.300,2897.6000,24645,-2,275624520.000,3,0,3,多平,S,2897.6000,2897.4000,2897.0000,2896.8000,2896.6000,2898.0000,2898.2000,2898.6000,2898.8000,2899.0000,6,1,1,1,1,3,2,3,2,5
SF,IH2003,2020-02-17 09:30:56.800,2897.6000,24645,0,275624520.000,0,-,-,-,-,2897.6000,2897.4000,2897.0000,2896.8000,2896.6000,2898.0000,2898.2000,2898.6000,2898.8000,2899.0000,6,1,1,1,1,4,2,3,1,4
SF,IH2003,2020-02-17 09:30:57.300,2897.6000,24642,-3,278232360.000,3,0,3,双平,S,2897.6000,2897.4000,2897.0000,2896.8000,2896.6000,2898.0000,2898.2000,2898.6000,2898.8000,2899.0000,3,1,1,1,1,2,2,3,1,4
SF,IH2003,2020-02-17 09:30:57.800,2898.0000,24640,-2,279971040.000,2,0,2,双平,S,2897.6000,2897.4000,2897.0000,2896.8000,2896.6000,2898.2000,2898.6000,2898.8000,2899.0000,2899.2000,2,1,1,1,1,2,3,1,4,7
SF,IH2003,2020-02-17 09:30:58.300,2898.2000,24640,0,280840500.000,1,0,1,多换,S,2898.0000,2897.6000,2897.4000,2897.0000,2896.8000,2898.2000,2898.6000,2898.8000,2899.0000,2899.2000,1,2,1,1,1,1,3,1,3,7
SF,IH2003,2020-02-17 09:30:58.800,2898.2000,24642,2,283448760.000,3,2,1,空开,S,2897.6000,2897.4000,2897.0000,2896.8000,2896.6000,2898.2000,2898.6000,2898.8000,2899.0000,2899.2000,2,1,1,1,1,1,3,1,3,7
SF,IH2003,2020-02-17 09:30:59.300,2898.2000,24642,0,283448760.000,0,-,-,-,-,2897.6000,2897.4000,2897.0000,2896.8000,2896.6000,2898.2000,2898.6000,2898.8000,2899.0000,2899.2000,2,1,1,1,1,1,3,1,3,7
SF,IH2003,2020-02-17 09:30:59.800,2898.2000,24642,0,284318220.000,1,0,1,多换,S,2898.2000,2898.0000,2897.8000,2897.6000,2897.4000,2898.6000,2898.8000,2899.0000,2899.2000,2899.4000,1,4,5,2,1,3,1,3,7,1
SF,IH2003,2020-02-17 09:31:00.300,2898.0000,24644,2,286057080.000,2,2,0,双开,S,2898.0000,2897.8000,2897.6000,2897.4000,2897.0000,2898.4000,2898.6000,2898.8000,2899.0000,2899.2000,3,5,2,1,1,1,5,1,1,7
SF,IH2003,2020-02-17 09:31:00.800,2898.0000,24644,0,286057080.000,0,-,-,-,-,2898.0000,2897.8000,2897.6000,2897.4000,2897.0000,2898.4000,2898.6000,2898.8000,2899.0000,2899.2000,3,5,2,1,1,1,4,1,4,7
SF,IH2003,2020-02-17 09:31:01.300,2898.0000,24645,1,288665400.000,3,2,1,空开,S,2898.0000,2897.8000,2897.6000,2897.4000,2897.0000,2898.6000,2898.8000,2899.0000,2899.2000,2899.4000,4,5,2,2,1,4,1,4,7,1
SF,IH2003,2020-02-17 09:31:01.800,2898.0000,24642,-3,292143000.000,4,0,4,多平,S,2897.8000,2897.6000,2897.4000,2897.0000,2896.6000,2898.0000,2898.6000,2898.8000,2899.0000,2899.2000,5,2,2,1,1,2,5,1,4,7
SF,IH2003,2020-02-17 09:31:02.300,2898.0000,24641,-1,293881800.000,2,0,2,多平,S,2897.8000,2897.6000,2897.4000,2897.0000,2896.6000,2898.0000,2898.2000,2898.6000,2898.8000,2899.0000,5,2,2,1,1,1,1,4,1,4
SF,IH2003,2020-02-17 09:31:02.800,2897.8000,24642,1,295620600.000,2,1,1,空开,S,2897.8000,2897.6000,2897.4000,2897.0000,2896.6000,2898.0000,2898.6000,2898.8000,2899.0000,2899.2000,4,2,2,1,1,1,4,1,4,7
SF,IH2003,2020-02-17 09:31:03.300,2898.0000,24641,-1,296490000.000,1,0,1,双平,S,2897.8000,2897.6000,2897.4000,2897.0000,2896.6000,2898.2000,2898.6000,2898.8000,2899.0000,2899.2000,4,2,2,1,1,2,5,1,4,5
SF,IH2003,2020-02-17 09:31:03.800,2898.0000,24641,0,296490000.000,0,-,-,-,-,2897.8000,2897.6000,2897.4000,2897.0000,2896.6000,2898.2000,2898.6000,2898.8000,2899.0000,2899.2000,4,2,2,1,1,1,5,1,4,5
SF,IH2003,2020-02-17 09:31:04.300,2898.6000,24643,2,307792500.000,13,7,6,空开,S,2897.6000,2897.4000,2897.0000,2896.6000,2896.4000,2897.8000,2898.6000,2898.8000,2899.0000,2899.2000,2,2,1,1,1,3,2,1,5,5
SF,IH2003,2020-02-17 09:31:04.800,2897.8000,24639,-4,312139200.000,5,0,5,多平,S,2897.8000,2897.6000,2897.4000,2897.0000,2896.6000,2898.6000,2898.8000,2899.0000,2899.2000,2899.4000,1,2,2,1,1,2,1,5,5,1
SF,IH2003,2020-02-17 09:31:05.300,2897.8000,24639,0,312139200.000,0,-,-,-,-,2897.8000,2897.6000,2897.4000,2897.0000,2896.6000,2898.2000,2898.4000,2898.6000,2898.8000,2899.0000,1,2,2,6,1,2,1,4,1,5
SF,IH2003,2020-02-17 09:31:05.800,2897.8000,24639,0,313008540.000,1,0,1,多换,S,2897.6000,2897.4000,2897.0000,2896.6000,2896.4000,2898.6000,2898.8000,2899.0000,2899.2000,2899.4000,2,2,6,1,1,2,1,2,5,1
SF,IH2003,2020-02-17 09:31:06.300,2897.8000,24639,0,313008540.000,0,-,-,-,-,2897.6000,2897.4000,2897.0000,2896.6000,2896.4000,2898.4000,2898.6000,2898.8000,2899.0000,2899.2000,3,2,6,1,1,5,3,1,2,5
SF,IH2003,2020-02-17 09:31:06.800,2897.6000,24638,-1,314747100.000,2,0,2,多平,S,2897.6000,2897.4000,2897.0000,2896.6000,2896.4000,2897.8000,2898.4000,2898.6000,2898.8000,2899.0000,1,2,6,1,1,1,6,2,1,2
SF,IH2003,2020-02-17 09:31:07.300,2897.6000,24637,-1,315616380.000,1,0,1,双平,S,2897.4000,2897.0000,2896.6000,2896.4000,2896.2000,2897.8000,2898.4000,2898.6000,2898.8000,2899.0000,2,6,1,1,2,1,5,2,1,2
SF,IH2003,2020-02-17 09:31:07.800,2897.6000,24637,0,315616380.000,0,-,-,-,-,2897.4000,2897.0000,2896.6000,2896.4000,2896.2000,2897.8000,2898.4000,2898.6000,2898.8000,2899.0000,2,6,1,1,2,2,5,2,1,2
SF,IH2003,2020-02-17 09:31:08.300,2897.4000,24636,-1,317354940.000,2,0,2,多平,S,2897.4000,2897.0000,2896.6000,2896.4000,2896.2000,2897.8000,2898.0000,2898.4000,2898.6000,2898.8000,1,6,1,1,2,1,1,5,1,1
SF,IH2003,2020-02-17 09:31:08.800,2897.4000,24636,0,317354940.000,0,-,-,-,-,2897.4000,2897.0000,2896.6000,2896.4000,2896.2000,2897.6000,2897.8000,2898.0000,2898.2000,2898.4000,1,6,1,1,2,1,1,1,1,5
SF,IH2003,2020-02-17 09:31:09.300,2897.4000,24635,-1,319093440.000,2,0,2,多平,S,2897.0000,2896.6000,2896.4000,2896.2000,2896.0000,2897.4000,2897.8000,2898.0000,2898.2000,2898.4000,6,1,1,2,9,2,1,1,1,5
SF,IH2003,2020-02-17 09:31:09.800,2897.6000,24634,-1,322570500.000,4,1,3,多平,S,2897.0000,2896.6000,2896.4000,2896.2000,2896.0000,2898.0000,2898.4000,2898.6000,2899.0000,2899.2000,6,1,1,2,10,1,4,1,3,5
SF,IH2003,2020-02-17 09:31:10.300,2897.2000,24634,0,323439660.000,1,0,1,多换,S,2897.0000,2896.6000,2896.4000,2896.2000,2896.0000,2898.0000,2898.4000,2898.6000,2899.0000,2899.2000,6,1,1,2,10,1,4,1,3,5
SF,IH2003,2020-02-17 09:31:10.800,2897.2000,24634,0,323439660.000,0,-,-,-,-,2897.0000,2896.6000,2896.4000,2896.2000,2896.0000,2898.0000,2898.4000,2898.6000,2899.0000,2899.2000,6,1,1,2,10,1,5,1,3,5
SF,IH2003,2020-02-17 09:31:11.300,2897.0000,24633,-1,326047320.000,3,1,2,多平,S,2897.0000,2896.6000,2896.4000,2896.2000,2896.0000,2897.2000,2898.0000,2898.2000,2898.4000,2898.6000,5,1,1,2,10,1,1,1,7,1
SF,IH2003,2020-02-17 09:31:11.800,2897.0000,24634,1,328654620.000,3,2,1,空开,S,2897.0000,2896.6000,2896.4000,2896.2000,2896.0000,2897.2000,2897.4000,2898.0000,2898.2000,2898.4000,2,1,1,2,10,1,1,1,1,4
SF,IH2003,2020-02-17 09:31:12.300,2897.0000,24633,-1,331261980.000,3,1,2,多平,S,2896.6000,2896.4000,2896.2000,2896.0000,2895.8000,2897.0000,2897.4000,2897.8000,2898.0000,2898.2000,1,1,2,10,1,2,2,3,2,1
SF,IH2003,2020-02-17 09:31:12.800,2897.0000,24633,0,331261980.000,0,-,-,-,-,2896.6000,2896.4000,2896.2000,2896.0000,2895.8000,2897.0000,2897.4000,2897.8000,2898.0000,2898.2000,1,1,2,10,1,3,2,3,2,1
SF,IH2003,2020-02-17 09:31:13.300,2896.6000,24632,-1,332130960.000,1,0,1,双平,S,2896.4000,2896.2000,2896.0000,2895.8000,2895.6000,2896.6000,2897.0000,2897.4000,2897.6000,2897.8000,1,2,10,1,1,1,2,2,1,5
SF,IH2003,2020-02-17 09:31:13.800,2896.6000,24631,-1,332999940.000,1,0,1,双平,S,2896.4000,2896.2000,2896.0000,2895.6000,2895.2000,2896.8000,2897.0000,2897.2000,2897.4000,2897.6000,1,2,10,1,2,2,2,1,2,1
SF,IH2003,2020-02-17 09:31:14.300,2896.4000,24631,0,333868860.000,1,0,1,多换,S,2896.2000,2896.0000,2895.6000,2895.2000,2895.0000,2896.4000,2896.8000,2897.0000,2897.2000,2897.4000,2,10,1,2,3,1,2,2,4,2
SF,IH2003,2020-02-17 09:31:14.800,2896.4000,24628,-3,336475500.000,3,0,3,双平,S,2896.0000,2895.6000,2895.2000,2895.0000,2894.0000,2896.8000,2897.0000,2897.2000,2897.4000,2897.6000,10,1,2,3,1,2,3,4,2,1
SF,IH2003,2020-02-17 09:31:15.300,2896.0000,24628,0,337344300.000,1,0,1,多换,S,2896.0000,2895.6000,2895.2000,2895.0000,2894.0000,2896.4000,2896.6000,2896.8000,2897.0000,2897.2000,9,1,2,3,1,2,4,3,3,7
SF,IH2003,2020-02-17 09:31:15.800,2896.0000,24629,1,338213100.000,1,1,0,双开,S,2896.0000,2895.6000,2895.2000,2895.0000,2894.0000,2896.4000,2896.8000,2897.0000,2897.2000,2897.4000,8,1,2,5,1,1,2,3,7,2
SF,IH2003,2020-02-17 09:31:16.300,2896.0000,24629,0,339950700.000,2,1,1,多换,S,2896.0000,2895.6000,2895.2000,2895.0000,2894.0000,2896.2000,2896.4000,2896.6000,2896.8000,2897.0000,6,1,2,5,1,1,1,1,2,2
SF,IH2003,2020-02-17 09:31:16.800,2896.0000,24629,0,339950700.000,0,-,-,-,-,2896.0000,2895.6000,2895.2000,2895.0000,2894.0000,2896.4000,2896.6000,2896.8000,2897.0000,2897.2000,6,1,2,5,1,2,1,2,2,4
SF,IH2003,2020-02-17 09:31:17.300,2896.0000,24629,0,340819500.000,1,0,1,多换,S,2896.0000,2895.6000,2895.2000,2895.0000,2894.0000,2896.2000,2896.4000,2896.6000,2896.8000,2897.0000,5,1,2,5,1,3,4,5,2,2
SF,IH2003,2020-02-17 09:31:17.800,2896.2000,24626,-3,344294940.000,4,0,4,多平,S,2896.0000,2895.6000,2895.2000,2895.0000,2894.0000,2896.4000,2896.6000,2896.8000,2897.0000,2897.4000,2,1,3,5,1,3,6,2,2,2
SF,IH2003,2020-02-17 09:31:18.300,2896.4000,24624,-2,346032660.000,2,0,2,双平,S,2896.0000,2895.6000,2895.2000,2895.0000,2894.0000,2896.4000,2896.6000,2896.8000,2897.0000,2897.4000,1,1,3,5,1,2,6,2,1,2
SF,IH2003,2020-02-17 09:31:18.800,2896.4000,24624,0,346032660.000,0,-,-,-,-,2896.0000,2895.6000,2895.2000,2895.0000,2894.0000,2896.2000,2896.4000,2896.6000,2896.8000,2897.0000,1,1,3,5,1,1,2,8,2,1
SF,IH2003,2020-02-17 09:31:19.300,2895.6000,24622,-2,347770140.000,2,0,2,双平,S,2895.2000,2895.0000,2894.0000,2893.8000,2893.6000,2895.8000,2896.0000,2896.4000,2896.6000,2896.8000,3,5,1,8,1,1,3,5,8,2
SF,IH2003,2020-02-17 09:31:19.800,2896.0000,24619,-3,352114080.000,5,1,4,多平,S,2895.4000,2895.2000,2895.0000,2894.0000,2893.8000,2896.4000,2896.6000,2896.8000,2897.0000,2897.4000,5,3,5,1,8,5,8,2,1,2
SF,IH2003,2020-02-17 09:31:20.300,2896.0000,24619,0,352982880.000,1,0,1,多换,S,2895.8000,2895.4000,2895.2000,2895.0000,2894.0000,2896.4000,2896.6000,2896.8000,2897.0000,2897.4000,1,2,3,5,1,5,8,2,1,2
SF,IH2003,2020-02-17 09:31:20.800,2896.4000,24617,-2,354720720.000,2,0,2,双平,S,2895.8000,2895.4000,2895.2000,2895.0000,2894.0000,2896.2000,2896.4000,2896.6000,2896.8000,2897.0000,1,2,4,5,1,1,3,8,2,1
SF,IH2003,2020-02-17 09:31:21.300,2896.4000,24616,-1,357327420.000,3,1,2,多平,S,2896.2000,2895.4000,2895.2000,2895.0000,2894.0000,2896.4000,2896.6000,2896.8000,2897.0000,2897.4000,1,1,3,5,1,1,8,2,1,3
SF,IH2003,2020-02-17 09:31:21.800,2896.2000,24616,0,358196280.000,1,0,1,多换,S,2895.4000,2895.2000,2895.0000,2894.0000,2893.8000,2896.0000,2896.2000,2896.4000,2896.6000,2896.8000,1,3,5,1,8,1,7,1,8,2
SF,IH2003,2020-02-17 09:31:22.300,2896.2000,24614,-2,361671660.000,4,1,3,多平,S,2895.4000,2895.2000,2895.0000,2894.0000,2893.8000,2896.2000,2896.6000,2896.8000,2897.0000,2897.4000,1,3,5,1,8,2,8,2,1,3
SF,IH2003,2020-02-17 09:31:22.800,2895.8000,24615,1,362540400.000,1,1,0,双开,S,2895.8000,2895.4000,2895.2000,2895.0000,2894.0000,2896.2000,2896.6000,2896.8000,2897.0000,2897.4000,4,1,3,5,1,2,8,2,1,3
SF,IH2003,2020-02-17 09:31:23.300,2895.8000,24615,0,362540400.000,0,-,-,-,-,2895.8000,2895.4000,2895.2000,2895.0000,2894.0000,2896.2000,2896.6000,2896.8000,2897.0000,2897.4000,4,1,3,5,1,2,8,2,1,3
SF,IH2003,2020-02-17 09:31:23.800,2896.2000,24614,-1,364278120.000,2,0,2,多平,S,2895.8000,2895.4000,2895.2000,2895.0000,2894.0000,2896.0000,2896.4000,2896.6000,2896.8000,2897.0000,4,1,3,5,1,3,1,8,2,1
SF,IH2003,2020-02-17 09:31:24.300,2896.0000,24611,-3,366884520.000,3,0,3,双平,S,2896.2000,2896.0000,2895.8000,2895.4000,2895.2000,2896.4000,2896.6000,2896.8000,2897.0000,2897.4000,3,3,5,1,3,1,9,2,1,3
SF,IH2003,2020-02-17 09:31:24.800,2896.4000,24610,-1,367753440.000,1,0,1,双平,S,2896.4000,2896.2000,2896.0000,2895.8000,2895.4000,2896.6000,2896.8000,2897.0000,2897.4000,2897.6000,2,5,2,5,1,9,2,1,3,1
SF,IH2003,2020-02-17 09:31:25.300,2896.4000,24610,0,367753440.000,0,-,-,-,-,2896.2000,2896.0000,2895.8000,2895.4000,2895.2000,2896.6000,2896.8000,2897.0000,2897.4000,2897.6000,2,2,5,1,3,6,2,1,3,1
SF,IH2003,2020-02-17 09:31:25.800,2896.6000,24609,-1,369491280.000,2,0,2,多平,S,2896.0000,2895.8000,2895.4000,2895.2000,2895.0000,2896.4000,2896.6000,2896.8000,2897.0000,2897.4000,2,5,1,3,5,1,5,2,1,3
SF,IH2003,2020-02-17 09:31:26.300,2896.6000,24606,-3,373835760.000,5,1,4,多平,S,2896.0000,2895.8000,2895.4000,2895.2000,2895.0000,2896.6000,2896.8000,2897.0000,2897.4000,2897.6000,2,5,1,3,5,4,2,1,3,1
SF,IH2003,2020-02-17 09:31:26.800,2896.6000,24606,0,373835760.000,0,-,-,-,-,2896.0000,2895.8000,2895.4000,2895.2000,2895.0000,2896.6000,2896.8000,2897.0000,2897.4000,2897.6000,2,5,1,3,5,4,2,1,3,1
SF,IH2003,2020-02-17 09:31:27.300,2896.6000,24606,0,373835760.000,0,-,-,-,-,2896.0000,2895.8000,2895.4000,2895.2000,2895.0000,2896.6000,2896.8000,2897.0000,2897.4000,2897.6000,2,5,1,3,6,4,2,1,3,1
SF,IH2003,2020-02-17 09:31:27.800,2896.6000,24606,0,374704740.000,1,0,1,多换,S,2896.0000,2895.8000,2895.4000,2895.2000,2895.0000,2896.6000,2896.8000,2897.0000,2897.4000,2897.6000,2,6,1,3,6,3,2,1,3,1
SF,IH2003,2020-02-17 09:31:28.800,2896.0000,24605,-1,375573540.000,1,0,1,双平,S,2896.0000,2895.8000,2895.4000,2895.2000,2895.0000,2896.6000,2896.8000,2897.0000,2897.4000,2897.6000,1,6,1,3,6,3,2,1,3,1
SF,IH2003,2020-02-17 09:31:29.300,2896.0000,24605,0,375573540.000,0,-,-,-,-,2896.0000,2895.8000,2895.4000,2895.2000,2895.0000,2896.6000,2896.8000,2897.0000,2897.4000,2897.6000,2,6,1,3,6,3,3,1,3,1
SF,IH2003,2020-02-17 09:31:29.800,2896.0000,24604,-1,376442340.000,1,0,1,双平,S,2896.0000,2895.8000,2895.4000,2895.2000,2895.0000,2896.6000,2896.8000,2897.0000,2897.4000,2897.6000,1,6,1,3,6,3,5,1,3,1
SF,IH2003,2020-02-17 09:31:30.300,2896.0000,24603,-1,377311140.000,1,0,1,双平,S,2895.8000,2895.4000,2895.2000,2895.0000,2894.0000,2896.0000,2896.6000,2896.8000,2897.0000,2897.4000,6,1,4,7,1,1,3,5,1,3
SF,IH2003,2020-02-17 09:31:30.800,2895.8000,24603,0,382523580.000,6,3,3,多换,S,2895.4000,2895.2000,2895.0000,2894.0000,2893.8000,2895.8000,2896.0000,2896.6000,2896.8000,2897.0000,1,4,7,2,8,2,1,3,5,2
SF,IH2003,2020-02-17 09:31:31.300,2895.4000,24602,-1,383392200.000,1,0,1,双平,S,2895.2000,2895.0000,2894.0000,2893.8000,2893.6000,2895.4000,2895.8000,2896.0000,2896.6000,2896.8000,4,7,2,8,2,1,2,1,3,5
SF,IH2003,2020-02-17 09:31:31.800,2895.4000,24601,-1,384260820.000,1,0,1,双平,S,2895.2000,2895.0000,2894.0000,2893.8000,2893.6000,2895.4000,2895.8000,2896.0000,2896.2000,2896.6000,4,7,2,8,2,1,1,1,2,3
SF,IH2003,2020-02-17 09:31:32.300,2895.4000,24601,0,384260820.000,0,-,-,-,-,2895.2000,2895.0000,2894.0000,2893.8000,2893.6000,2895.4000,2895.8000,2896.0000,2896.2000,2896.6000,5,7,2,8,2,1,1,1,2,3
SF,IH2003,2020-02-17 09:31:32.800,2895.2000,24601,0,385997940.000,2,1,1,多换,S,2895.2000,2895.0000,2894.0000,2893.8000,2893.6000,2895.4000,2895.8000,2896.0000,2896.2000,2896.4000,2,7,2,9,2,1,1,1,2,1
SF,IH2003,2020-02-17 09:31:33.300,2895.2000,24599,-2,387735060.000,2,0,2,双平,S,2895.0000,2894.0000,2893.8000,2893.6000,2893.4000,2895.2000,2895.8000,2896.0000,2896.2000,2896.4000,7,2,9,2,1,1,1,1,2,1
SF,IH2003,2020-02-17 09:31:33.800,2895.2000,24598,-1,388603620.000,1,0,1,双平,S,2895.6000,2895.4000,2895.2000,2895.0000,2894.0000,2896.0000,2896.2000,2896.4000,2896.6000,2896.8000,2,2,1,7,2,1,2,1,3,3
SF,IH2003,2020-02-17 09:31:34.300,2895.6000,24597,-1,389472300.000,1,0,1,双平,S,2895.4000,2895.2000,2895.0000,2894.0000,2893.8000,2896.0000,2896.2000,2896.4000,2896.6000,2896.8000,2,1,7,2,9,1,2,1,3,3
SF,IH2003,2020-02-17 09:31:34.800,2895.6000,24597,0,389472300.000,0,-,-,-,-,2895.4000,2895.2000,2895.0000,2894.0000,2893.8000,2896.0000,2896.2000,2896.4000,2896.6000,2896.8000,2,1,7,2,9,1,2,1,3,4
SF,IH2003,2020-02-17 09:31:35.300,2895.6000,24597,0,389472300.000,0,-,-,-,-,2895.4000,2895.2000,2895.0000,2894.0000,2893.8000,2896.2000,2896.4000,2896.6000,2896.8000,2897.0000,3,1,7,2,9,2,1,3,4,2
SF,IH2003,2020-02-17 09:31:35.800,2895.6000,24597,0,389472300.000,0,-,-,-,-,2895.4000,2895.2000,2895.0000,2894.0000,2893.8000,2896.2000,2896.4000,2896.6000,2896.8000,2897.0000,3,1,7,2,9,2,1,3,4,2
SF,IH2003,2020-02-17 09:31:36.300,2895.6000,24597,0,389472300.000,0,-,-,-,-,2895.4000,2895.2000,2895.0000,2894.0000,2893.8000,2896.0000,2896.2000,2896.4000,2896.6000,2896.8000,3,1,7,2,9,1,2,1,3,4
SF,IH2003,2020-02-17 09:31:36.800,2895.6000,24597,0,390340980.000,1,0,1,多换,S,2895.4000,2895.2000,2895.0000,2894.0000,2893.8000,2896.0000,2896.2000,2896.4000,2896.6000,2896.8000,3,1,7,2,9,1,2,1,3,4
SF,IH2003,2020-02-17 09:31:37.300,2895.4000,24596,-1,392078220.000,2,0,2,多平,S,2895.2000,2895.0000,2894.0000,2893.8000,2893.6000,2895.4000,2896.0000,2896.2000,2896.4000,2896.6000,1,7,2,9,2,1,1,2,1,3
SF,IH2003,2020-02-17 09:31:37.800,2896.2000,24596,0,394684500.000,3,1,2,多换,S,2896.0000,2895.0000,2894.0000,2893.8000,2893.6000,2896.2000,2896.4000,2896.6000,2896.8000,2897.0000,2,7,2,9,2,1,1,3,3,2
SF,IH2003,2020-02-17 09:31:38.300,2896.0000,24594,-2,396422100.000,2,0,2,双平,S,2895.0000,2894.0000,2893.8000,2893.6000,2893.4000,2895.2000,2895.4000,2895.8000,2896.0000,2896.2000,7,2,9,2,1,1,1,3,7,4
SF,IH2003,2020-02-17 09:31:38.800,2895.2000,24591,-3,399896340.000,4,0,4,多平,S,2895.2000,2895.0000,2894.0000,2893.8000,2893.6000,2895.4000,2895.8000,2896.0000,2896.2000,2896.4000,1,7,2,9,2,1,3,5,3,1
SF,IH2003,2020-02-17 09:31:39.300,2895.0000,24591,0,401633400.000,2,1,1,多换,S,2895.0000,2894.0000,2893.8000,2893.6000,2893.4000,2895.2000,2895.4000,2895.8000,2896.0000,2896.2000,6,2,9,2,1,1,1,3,3,3
SF,IH2003,2020-02-17 09:31:39.800,2895.0000,24591,0,401633400.000,0,-,-,-,-,2895.0000,2894.0000,2893.8000,2893.6000,2893.4000,2895.2000,2895.4000,2895.8000,2896.0000,2896.2000,6,2,9,2,1,1,1,2,4,3
SF,IH2003,2020-02-17 09:31:40.300,2895.0000,24588,-3,406844400.000,6,1,5,多平,S,2894.0000,2893.8000,2893.6000,2893.4000,2893.2000,2895.4000,2895.8000,2896.0000,2896.2000,2896.4000,2,9,2,1,1,1,2,4,3,1
SF,IH2003,2020-02-17 09:31:40.800,2895.0000,24588,0,406844400.000,0,-,-,-,-,2894.2000,2894.0000,2893.8000,2893.6000,2893.4000,2895.0000,2895.2000,2895.4000,2895.8000,2896.0000,1,2,9,2,1,1,1,1,3,4
SF,IH2003,2020-02-17 09:31:41.300,2895.0000,24587,-1,407712900.000,1,0,1,双平,S,2894.2000,2894.0000,2893.8000,2893.6000,2893.4000,2895.2000,2895.4000,2895.8000,2896.0000,2896.2000,1,2,9,2,1,1,1,3,4,3
SF,IH2003,2020-02-17 09:31:41.800,2895.0000,24588,1,408581400.000,1,1,0,双开,S,2894.2000,2894.0000,2893.8000,2893.6000,2893.4000,2895.0000,2895.2000,2895.4000,2895.8000,2896.0000,1,2,9,2,1,1,1,1,3,3
SF,IH2003,2020-02-17 09:31:42.300,2895.2000,24588,0,410318460.000,2,1,1,多换,S,2894.4000,2894.2000,2894.0000,2893.8000,2893.6000,2895.0000,2895.4000,2895.8000,2896.0000,2896.2000,1,1,2,9,2,1,1,3,3,3
SF,IH2003,2020-02-17 09:31:42.800,2894.4000,24587,-1,411186780.000,1,0,1,双平,S,2894.0000,2893.8000,2893.6000,2893.4000,2893.2000,2895.0000,2895.4000,2895.8000,2896.0000,2896.2000,2,9,2,1,1,1,1,3,3,3
SF,IH2003,2020-02-17 09:31:43.300,2894.0000,24585,-2,412923180.000,2,0,2,双平,S,2893.8000,2893.6000,2893.4000,2893.2000,2893.0000,2894.8000,2895.0000,2895.4000,2895.6000,2895.8000,9,2,1,1,2,1,1,1,1,3
SF,IH2003,2020-02-17 09:31:43.800,2894.0000,24585,0,412923180.000,0,-,-,-,-,2893.8000,2893.6000,2893.4000,2893.2000,2893.0000,2894.0000,2894.8000,2895.0000,2895.4000,2895.6000,9,2,1,1,2,1,1,1,1,1
SF,IH2003,2020-02-17 09:31:44.300,2894.0000,24585,0,413791380.000,1,0,1,多换,S,2894.2000,2894.0000,2893.8000,2893.6000,2893.4000,2894.8000,2895.0000,2895.4000,2895.6000,2895.8000,3,4,9,2,1,1,1,1,1,4
SF,IH2003,2020-02-17 09:31:44.800,2894.0000,24585,0,413791380.000,0,-,-,-,-,2894.2000,2893.8000,2893.6000,2893.4000,2893.2000,2894.8000,2895.0000,2895.4000,2895.6000,2895.8000,1,9,2,1,1,1,1,1,1,4
SF,IH2003,2020-02-17 09:31:45.300,2894.2000,24584,-1,414659640.000,1,0,1,双平,S,2893.8000,2893.6000,2893.4000,2893.2000,2893.0000,2894.4000,2894.8000,2895.0000,2895.4000,2895.6000,9,2,1,1,2,1,2,1,1,1
SF,IH2003,2020-02-17 09:31:45.800,2894.2000,24584,0,414659640.000,0,-,-,-,-,2893.8000,2893.6000,2893.4000,2893.2000,2893.0000,2894.2000,2894.8000,2895.0000,2895.4000,2895.6000,9,2,1,1,2,2,1,1,1,1
SF,IH2003,2020-02-17 09:31:46.300,2894.2000,24585,1,415527900.000,1,1,0,双开,S,2893.8000,2893.6000,2893.4000,2893.2000,2893.0000,2894.0000,2894.8000,2895.0000,2895.4000,2895.6000,9,2,1,1,2,1,1,1,1,1
SF,IH2003,2020-02-17 09:31:46.800,2894.0000,24585,0,416396100.000,1,0,1,多换,S,2894.2000,2894.0000,2893.8000,2893.6000,2893.4000,2894.8000,2895.0000,2895.4000,2895.6000,2895.8000,3,1,9,2,1,1,1,1,1,3
SF,IH2003,2020-02-17 09:31:47.300,2894.2000,24582,-3,419000880.000,3,0,3,双平,S,2894.0000,2893.8000,2893.6000,2893.4000,2893.2000,2894.8000,2895.0000,2895.4000,2895.6000,2895.8000,1,9,2,1,1,9,1,1,1,3
SF,IH2003,2020-02-17 09:31:47.800,2894.2000,24582,0,419000880.000,0,-,-,-,-,2894.0000,2893.8000,2893.6000,2893.4000,2893.2000,2894.2000,2894.6000,2894.8000,2895.0000,2895.4000,1,9,2,1,1,1,1,9,1,1
SF,IH2003,2020-02-17 09:31:48.300,2894.2000,24580,-2,421605660.000,3,0,3,多平,S,2894.2000,2893.8000,2893.6000,2893.4000,2893.2000,2894.8000,2895.0000,2895.4000,2895.6000,2895.8000,2,9,2,1,1,8,1,1,1,3
SF,IH2003,2020-02-17 09:31:48.800,2894.2000,24580,0,421605660.000,0,-,-,-,-,2894.2000,2893.8000,2893.6000,2893.4000,2893.2000,2894.6000,2894.8000,2895.0000,2895.4000,2895.6000,2,9,2,1,1,1,7,1,1,1
SF,IH2003,2020-02-17 09:31:49.300,2894.2000,24580,0,421605660.000,0,-,-,-,-,2894.2000,2893.8000,2893.6000,2893.4000,2893.2000,2894.6000,2894.8000,2895.0000,2895.4000,2895.6000,2,9,2,1,1,1,7,1,1,1
SF,IH2003,2020-02-17 09:31:49.800,2894.2000,24578,-2,423342180.000,2,0,2,双平,S,2893.8000,2893.6000,2893.4000,2893.2000,2893.0000,2894.6000,2894.8000,2895.0000,2895.2000,2895.6000,9,2,1,1,2,1,7,1,1,1
SF,IH2003,2020-02-17 09:31:50.300,2894.2000,24578,0,423342180.000,0,-,-,-,-,2893.8000,2893.6000,2893.4000,2893.2000,2893.0000,2894.2000,2894.6000,2894.8000,2895.0000,2895.2000,9,2,1,1,2,1,1,7,1,1
SF,IH2003,2020-02-17 09:31:50.800,2894.2000,24577,-1,424210440.000,1,0,1,双平,S,2893.8000,2893.6000,2893.4000,2893.2000,2893.0000,2894.6000,2894.8000,2895.0000,2895.2000,2895.8000,9,2,1,1,2,1,7,2,1,3
SF,IH2003,2020-02-17 09:31:51.800,2893.8000,24577,0,426814860.000,3,1,2,多换,S,2893.8000,2893.6000,2893.4000,2893.2000,2893.0000,2894.6000,2894.8000,2895.0000,2895.2000,2895.8000,6,2,1,1,2,4,7,2,1,3
SF,IH2003,2020-02-17 09:31:52.300,2893.8000,24575,-2,433759920.000,8,3,5,多平,S,2893.6000,2893.4000,2893.2000,2893.0000,2892.8000,2893.8000,2894.2000,2894.4000,2894.6000,2895.0000,1,1,1,2,2,3,1,1,4,3
SF,IH2003,2020-02-17 09:31:52.800,2893.2000,24576,1,436363980.000,3,2,1,空开,S,2893.0000,2892.8000,2892.6000,2892.4000,2892.2000,2893.4000,2893.6000,2893.8000,2894.2000,2894.4000,2,2,1,1,1,1,6,12,1,2
SF,IH2003,2020-02-17 09:31:53.300,2892.8000,24577,1,438967620.000,3,2,1,空开,S,2892.8000,2892.6000,2892.4000,2892.2000,2892.0000,2893.2000,2893.6000,2893.8000,2894.2000,2894.4000,1,1,1,1,3,1,6,13,2,2
SF,IH2003,2020-02-17 09:31:53.800,2893.0000,24576,-1,441571140.000,3,1,2,多平,S,2892.4000,2892.2000,2892.0000,2891.6000,2891.2000,2893.2000,2893.6000,2893.8000,2894.2000,2894.4000,1,1,3,2,1,1,7,12,2,2
SF,IH2003,2020-02-17 09:31:54.300,2893.0000,24576,0,441571140.000,0,-,-,-,-,2892.4000,2892.2000,2892.0000,2891.6000,2891.2000,2893.2000,2893.6000,2893.8000,2894.2000,2894.4000,1,1,3,2,1,1,7,12,2,2
SF,IH2003,2020-02-17 09:31:54.800,2893.0000,24576,0,441571140.000,0,-,-,-,-,2892.4000,2892.2000,2892.0000,2891.6000,2891.2000,2893.0000,2893.2000,2893.6000,2893.8000,2894.2000,1,1,3,2,1,1,1,7,13,2
SF,IH2003,2020-02-17 09:31:55.300,2893.0000,24576,0,441571140.000,0,-,-,-,-,2892.4000,2892.2000,2892.0000,2891.6000,2891.2000,2893.0000,2893.4000,2893.6000,2893.8000,2894.2000,1,1,3,2,1,4,1,3,13,2
SF,IH2003,2020-02-17 09:31:55.800,2893.0000,24576,0,441571140.000,0,-,-,-,-,2892.4000,2892.2000,2892.0000,2891.6000,2891.2000,2893.0000,2893.4000,2893.6000,2893.8000,2894.2000,1,1,3,2,1,4,1,2,13,2
SF,IH2003,2020-02-17 09:31:56.300,2892.4000,24576,0,442438860.000,1,0,1,多换,S,2892.2000,2892.0000,2891.6000,2891.2000,2891.0000,2893.0000,2893.4000,2893.6000,2893.8000,2894.2000,1,3,2,1,6,4,1,2,13,2
SF,IH2003,2020-02-17 09:31:56.800,2892.4000,24576,0,442438860.000,0,-,-,-,-,2892.2000,2892.0000,2891.6000,2891.2000,2891.0000,2892.4000,2893.0000,2893.2000,2893.4000,2893.6000,1,3,2,1,6,1,4,1,1,2
SF,IH2003,2020-02-17 09:31:57.300,2893.0000,24576,0,445042380.000,3,1,2,多换,S,2892.6000,2892.2000,2892.0000,2891.6000,2891.2000,2893.0000,2893.2000,2893.6000,2893.8000,2894.2000,2,1,3,2,1,2,1,1,13,1
SF,IH2003,2020-02-17 09:31:57.800,2892.6000,24574,-2,446777940.000,2,0,2,双平,S,2892.4000,2892.2000,2892.0000,2891.6000,2891.2000,2893.0000,2893.2000,2893.4000,2893.6000,2893.8000,1,1,3,2,1,2,1,1,1,6
SF,IH2003,2020-02-17 09:31:58.300,2892.6000,24574,0,446777940.000,0,-,-,-,-,2892.4000,2892.2000,2892.0000,2891.6000,2891.2000,2893.0000,2893.2000,2893.4000,2893.6000,2893.8000,1,1,3,2,1,9,1,1,1,5
SF,IH2003,2020-02-17 09:31:58.800,2892.6000,24574,0,446777940.000,0,-,-,-,-,2892.4000,2892.2000,2892.0000,2891.6000,2891.2000,2892.6000,2893.0000,2893.2000,2893.4000,2893.6000,1,1,3,2,1,1,9,1,1,1
SF,IH2003,2020-02-17 09:31:59.300,2893.0000,24572,-2,448513620.000,2,0,2,双平,S,2892.6000,2892.4000,2892.2000,2892.0000,2891.6000,2893.0000,2893.2000,2893.4000,2893.6000,2893.8000,2,1,1,3,2,9,1,1,1,5
SF,IH2003,2020-02-17 09:31:59.800,2893.0000,24571,-1,449381520.000,1,0,1,双平,S,2892.6000,2892.4000,2892.2000,2892.0000,2891.6000,2893.0000,2893.2000,2893.4000,2893.6000,2893.8000,2,1,1,3,2,8,1,1,1,5
SF,IH2003,2020-02-17 09:32:00.300,2892.6000,24569,-2,451117080.000,2,0,2,双平,S,2892.6000,2892.4000,2892.2000,2892.0000,2891.6000,2893.0000,2893.2000,2893.4000,2893.6000,2893.8000,1,1,1,3,2,8,1,1,1,5
SF,IH2003,2020-02-17 09:32:00.800,2892.6000,24570,1,451984860.000,1,1,0,双开,S,2892.4000,2892.2000,2892.0000,2891.6000,2891.2000,2892.6000,2893.0000,2893.2000,2893.4000,2893.6000,1,1,3,2,1,1,11,1,1,1
SF,IH2003,2020-02-17 09:32:01.300,2892.6000,24570,0,452852640.000,1,0,1,多换,S,2892.8000,2892.6000,2892.4000,2892.2000,2892.0000,2893.0000,2893.2000,2893.4000,2893.6000,2893.8000,1,2,1,1,3,11,1,1,1,2
SF,IH2003,2020-02-17 09:32:01.800,2892.6000,24570,0,452852640.000,0,-,-,-,-,2892.8000,2892.6000,2892.4000,2892.2000,2892.0000,2893.0000,2893.2000,2893.4000,2893.6000,2893.8000,1,4,1,1,3,11,1,1,1,2
SF,IH2003,2020-02-17 09:32:02.300,2893.2000,24559,-11,463267500.000,12,0,12,多平,S,2893.2000,2893.0000,2892.8000,2892.6000,2892.4000,2893.4000,2893.6000,2893.8000,2894.2000,2894.4000,1,5,1,3,1,1,1,2,1,1
SF,IH2003,2020-02-17 09:32:02.800,2893.4000,24560,1,464135520.000,1,1,0,双开,S,2893.4000,2893.2000,2893.0000,2892.8000,2892.6000,2893.8000,2894.0000,2894.2000,2894.4000,2895.2000,1,1,5,1,1,1,2,1,1,1
SF,IH2003,2020-02-17 09:32:03.300,2893.6000,24560,0,466739940.000,3,1,2,多换,S,2893.4000,2893.2000,2893.0000,2892.8000,2892.6000,2894.2000,2895.2000,2895.8000,2896.0000,2896.2000,1,1,6,1,1,1,1,2,3,1
SF,IH2003,2020-02-17 09:32:03.800,2893.6000,24560,0,466739940.000,0,-,-,-,-,2893.8000,2893.4000,2893.2000,2893.0000,2892.8000,2894.2000,2895.2000,2895.8000,2896.0000,2896.2000,1,1,1,6,1,1,1,2,3,1
SF,IH2003,2020-02-17 09:32:04.300,2893.6000,24559,-1,467608020.000,1,0,1,双平,S,2893.4000,2893.2000,2893.0000,2892.8000,2892.6000,2894.2000,2895.2000,2895.8000,2896.0000,2896.2000,1,1,6,1,2,1,1,2,3,1
SF,IH2003,2020-02-17 09:32:04.800,2893.6000,24559,0,467608020.000,0,-,-,-,-,2893.4000,2893.2000,2893.0000,2892.8000,2892.6000,2893.8000,2894.2000,2894.6000,2895.8000,2896.0000,1,1,6,1,2,1,1,1,2,3
SF,IH2003,2020-02-17 09:32:05.300,2893.6000,24559,0,467608020.000,0,-,-,-,-,2893.2000,2893.0000,2892.8000,2892.6000,2892.2000,2893.8000,2894.2000,2894.6000,2895.8000,2896.0000,1,6,1,2,1,2,1,1,2,3
SF,IH2003,2020-02-17 09:32:05.800,2893.6000,24559,0,467608020.000,0,-,-,-,-,2893.2000,2893.0000,2892.8000,2892.6000,2892.2000,2893.8000,2894.2000,2894.6000,2895.8000,2896.0000,1,6,1,2,1,2,1,1,2,3
SF,IH2003,2020-02-17 09:32:06.300,2893.6000,24559,0,467608020.000,0,-,-,-,-,2893.0000,2892.8000,2892.6000,2892.2000,2892.0000,2893.8000,2894.2000,2894.6000,2895.8000,2896.0000,6,1,1,1,5,2,1,1,2,4
SF,IH2003,2020-02-17 09:32:06.800,2893.8000,24559,0,469344300.000,2,1,1,多换,S,2893.0000,2892.8000,2892.2000,2892.0000,2891.6000,2894.2000,2894.6000,2895.8000,2896.0000,2896.2000,6,1,1,5,2,1,1,2,4,1
SF,IH2003,2020-02-17 09:32:07.300,2893.8000,24559,0,469344300.000,0,-,-,-,-,2893.8000,2893.2000,2893.0000,2892.8000,2892.2000,2894.2000,2894.6000,2895.8000,2896.0000,2896.2000,2,1,6,1,1,1,1,2,4,1
SF,IH2003,2020-02-17 09:32:07.800,2893.8000,24559,0,469344300.000,0,-,-,-,-,2893.8000,2893.4000,2893.0000,2892.8000,2892.2000,2894.2000,2894.6000,2895.8000,2896.0000,2896.2000,3,1,6,1,1,1,1,2,3,1
SF,IH2003,2020-02-17 09:32:08.300,2893.8000,24557,-2,471948720.000,3,0,3,多平,S,2893.4000,2893.0000,2892.8000,2892.2000,2892.0000,2893.8000,2894.2000,2894.6000,2895.8000,2896.0000,1,6,1,1,5,3,1,1,2,3
SF,IH2003,2020-02-17 09:32:08.800,2893.4000,24556,-1,473684760.000,2,0,2,多平,S,2893.0000,2892.8000,2892.2000,2892.0000,2891.6000,2893.2000,2893.8000,2894.0000,2894.2000,2894.6000,6,1,1,5,2,1,1,1,1,1
SF,IH2003,2020-02-17 09:32:09.300,2893.2000,24555,-1,475420680.000,2,0,2,多平,S,2893.2000,2893.0000,2892.8000,2892.2000,2892.0000,2893.8000,2894.0000,2894.2000,2894.6000,2895.8000,1,6,1,1,5,1,1,1,1,2
SF,IH2003,2020-02-17 09:32:09.800,2893.2000,24555,0,475420680.000,0,-,-,-,-,2893.4000,2893.2000,2893.0000,2892.8000,2892.2000,2893.8000,2894.0000,2894.2000,2894.6000,2895.8000,2,2,6,1,1,1,1,1,1,2
SF,IH2003,2020-02-17 09:32:10.300,2893.2000,24555,0,475420680.000,0,-,-,-,-,2893.4000,2893.2000,2893.0000,2892.8000,2892.2000,2893.8000,2894.0000,2894.2000,2894.6000,2895.8000,2,2,6,1,1,1,1,1,1,2
SF,IH2003,2020-02-17 09:32:10.800,2893.2000,24553,-2,477156600.000,2,0,2,双平,S,2893.0000,2892.8000,2892.2000,2892.0000,2891.6000,2893.2000,2893.8000,2894.0000,2894.2000,2894.6000,6,1,1,5,2,1,1,1,1,1
SF,IH2003,2020-02-17 09:32:11.300,2893.2000,24552,-1,478024560.000,1,0,1,双平,S,2893.2000,2893.0000,2892.8000,2892.2000,2892.0000,2893.8000,2894.0000,2894.2000,2894.6000,2895.8000,1,3,1,1,5,1,1,1,1,2
SF,IH2003,2020-02-17 09:32:11.800,2893.8000,24553,1,478892700.000,1,1,0,双开,S,2893.4000,2893.2000,2893.0000,2892.8000,2892.2000,2894.0000,2894.2000,2894.6000,2895.8000,2896.0000,1,6,3,1,1,1,1,1,2,3
SF,IH2003,2020-02-17 09:32:12.300,2893.8000,24553,0,478892700.000,0,-,-,-,-,2893.4000,2893.2000,2893.0000,2892.8000,2892.2000,2894.0000,2894.2000,2894.6000,2895.8000,2896.0000,1,11,3,1,1,1,1,1,2,3
SF,IH2003,2020-02-17 09:32:12.800,2894.2000,24554,1,480629160.000,2,1,1,空开,S,2893.4000,2893.2000,2893.0000,2892.8000,2892.2000,2894.6000,2895.8000,2896.0000,2896.2000,2896.6000,1,11,3,1,1,1,2,3,1,1
SF,IH2003,2020-02-17 09:32:13.300,2894.2000,24554,0,480629160.000,0,-,-,-,-,2893.6000,2893.2000,2893.0000,2892.8000,2892.2000,2894.6000,2895.8000,2896.0000,2896.2000,2896.6000,2,11,3,1,1,1,2,3,1,1
SF,IH2003,2020-02-17 09:32:13.800,2894.2000,24554,0,480629160.000,0,-,-,-,-,2893.6000,2893.2000,2893.0000,2892.8000,2892.2000,2894.6000,2895.8000,2896.0000,2896.2000,2896.6000,2,11,2,1,1,1,1,3,1,1
SF,IH2003,2020-02-17 09:32:14.300,2893.6000,24553,-1,481497240.000,1,0,1,双平,S,2893.6000,2893.2000,2893.0000,2892.8000,2892.2000,2894.6000,2895.8000,2896.0000,2896.2000,2896.6000,1,11,2,1,1,1,1,3,1,1
SF,IH2003,2020-02-17 09:32:15.800,2893.6000,24552,-1,482365320.000,1,0,1,双平,S,2893.2000,2893.0000,2892.8000,2892.2000,2892.0000,2894.6000,2895.8000,2896.0000,2896.2000,2896.6000,11,2,1,1,5,1,1,3,1,1
SF,IH2003,2020-02-17 09:32:16.300,2893.2000,24552,0,491912880.000,11,5,6,多换,S,2893.0000,2892.8000,2892.2000,2892.0000,2891.6000,2894.6000,2895.8000,2896.0000,2896.2000,2896.6000,2,1,1,5,2,4,1,3,1,1
SF,IH2003,2020-02-17 09:32:16.800,2893.2000,24552,0,491912880.000,0,-,-,-,-,2893.0000,2892.8000,2892.2000,2892.0000,2891.6000,2894.6000,2895.8000,2896.0000,2896.2000,2896.6000,5,1,1,5,2,4,1,3,2,1
SF,IH2003,2020-02-17 09:32:17.300,2893.2000,24552,0,491912880.000,0,-,-,-,-,2893.2000,2893.0000,2892.8000,2892.2000,2892.0000,2894.6000,2895.6000,2895.8000,2896.0000,2896.2000,4,5,1,1,5,4,1,1,3,2
SF,IH2003,2020-02-17 09:32:17.800,2893.2000,24552,0,491912880.000,0,-,-,-,-,2893.2000,2893.0000,2892.8000,2892.2000,2892.0000,2894.6000,2895.6000,2895.8000,2896.0000,2896.2000,1,5,1,1,5,4,1,1,3,2
SF,IH2003,2020-02-17 09:32:18.300,2893.2000,24552,0,492780840.000,1,0,1,多换,S,2893.2000,2893.0000,2892.8000,2892.2000,2892.0000,2894.6000,2895.6000,2895.8000,2896.0000,2896.2000,1,5,1,1,6,1,1,1,3,2
SF,IH2003,2020-02-17 09:32:18.800,2893.2000,24552,0,492780840.000,0,-,-,-,-,2893.2000,2893.0000,2892.8000,2892.2000,2892.0000,2894.4000,2894.6000,2895.6000,2895.8000,2896.0000,2,5,1,1,6,1,1,1,1,3
SF,IH2003,2020-02-17 09:32:19.300,2893.2000,24551,-1,493648800.000,1,0,1,双平,S,2893.2000,2893.0000,2892.8000,2892.2000,2892.0000,2894.4000,2894.6000,2895.6000,2895.8000,2896.0000,2,5,1,1,6,3,2,1,1,3
SF,IH2003,2020-02-17 09:32:19.800,2893.2000,24551,0,493648800.000,0,-,-,-,-,2893.2000,2893.0000,2892.8000,2892.2000,2892.0000,2894.2000,2894.4000,2894.6000,2895.6000,2895.8000,2,5,1,1,6,2,1,1,1,1
SF,IH2003,2020-02-17 09:32:20.300,2893.2000,24551,0,493648800.000,0,-,-,-,-,2893.2000,2893.0000,2892.8000,2892.2000,2892.0000,2894.2000,2894.4000,2894.6000,2895.6000,2895.8000,2,5,1,1,6,1,1,1,1,1
SF,IH2003,2020-02-17 09:32:20.800,2893.2000,24549,-2,495384720.000,2,0,2,双平,S,2893.2000,2893.0000,2892.8000,2892.2000,2892.0000,2894.2000,2894.4000,2894.6000,2895.6000,2895.8000,1,5,1,1,6,1,1,1,1,1
SF,IH2003,2020-02-17 09:32:21.300,2894.2000,24548,-1,496252980.000,1,0,1,双平,S,2893.2000,2893.0000,2892.8000,2892.2000,2892.0000,2894.4000,2894.6000,2895.6000,2895.8000,2896.0000,1,5,1,1,6,1,1,1,1,3
SF,IH2003,2020-02-17 09:32:21.800,2894.2000,24548,0,496252980.000,0,-,-,-,-,2893.4000,2893.2000,2893.0000,2892.8000,2892.2000,2895.4000,2895.6000,2895.8000,2896.0000,2896.2000,1,1,5,1,1,1,1,1,3,2
SF,IH2003,2020-02-17 09:32:22.300,2894.2000,24548,0,496252980.000,0,-,-,-,-,2894.4000,2893.2000,2893.0000,2892.8000,2892.2000,2895.2000,2895.4000,2895.6000,2895.8000,2896.0000,1,1,5,1,1,3,1,1,1,3
SF,IH2003,2020-02-17 09:32:22.800,2894.4000,24547,-1,497121300.000,1,0,1,双平,S,2893.2000,2893.0000,2892.8000,2892.2000,2892.0000,2894.2000,2894.4000,2895.0000,2895.2000,2895.4000,1,5,1,1,6,2,3,2,6,1
SF,IH2003,2020-02-17 09:32:23.300,2894.4000,24547,0,497121300.000,0,-,-,-,-,2893.2000,2893.0000,2892.8000,2892.2000,2892.0000,2894.2000,2894.4000,2895.0000,2895.2000,2895.4000,2,5,1,1,6,2,3,1,2,1
SF,IH2003,2020-02-17 09:32:23.800,2893.2000,24546,-1,498857220.000,2,0,2,多平,S,2893.0000,2892.8000,2892.2000,2892.0000,2891.6000,2894.2000,2894.4000,2895.0000,2895.2000,2895.4000,5,1,1,6,2,2,2,1,2,1
SF,IH2003,2020-02-17 09:32:24.300,2893.2000,24546,0,498857220.000,0,-,-,-,-,2893.2000,2893.0000,2892.8000,2892.2000,2892.0000,2894.2000,2894.4000,2895.0000,2895.2000,2895.4000,1,5,1,1,6,2,2,1,2,1
SF,IH2003,2020-02-17 09:32:24.800,2893.2000,24546,0,501461700.000,3,1,2,多换,S,2893.2000,2893.0000,2892.8000,2892.2000,2892.0000,2894.4000,2895.0000,2895.2000,2895.4000,2895.6000,3,6,1,1,6,2,1,2,1,1
SF,IH2003,2020-02-17 09:32:25.300,2893.2000,24546,0,501461700.000,0,-,-,-,-,2893.2000,2893.0000,2892.8000,2892.2000,2892.0000,2893.4000,2894.4000,2895.0000,2895.2000,2895.4000,3,6,1,1,6,1,2,1,2,1
SF,IH2003,2020-02-17 09:32:25.800,2893.4000,24544,-2,504065760.000,3,0,3,多平,S,2893.6000,2893.4000,2893.2000,2893.0000,2892.8000,2894.4000,2895.2000,2895.4000,2895.6000,2895.8000,1,6,3,6,1,1,1,1,1,1
SF,IH2003,2020-02-17 09:32:26.300,2893.4000,24544,0,504065760.000,0,-,-,-,-,2893.4000,2893.2000,2893.0000,2892.8000,2892.2000,2894.4000,2895.2000,2895.4000,2895.6000,2895.8000,5,3,6,1,1,1,1,1,1,1
SF,IH2003,2020-02-17 09:32:26.800,2893.4000,24544,0,504933780.000,1,0,1,多换,S,2893.4000,2893.2000,2893.0000,2892.8000,2892.2000,2894.4000,2895.2000,2895.4000,2895.6000,2895.8000,4,3,6,1,1,1,1,1,1,1
SF,IH2003,2020-02-17 09:32:27.300,2893.4000,24544,0,504933780.000,0,-,-,-,-,2893.4000,2893.0000,2892.8000,2892.2000,2892.0000,2894.2000,2894.4000,2895.4000,2895.6000,2895.8000,5,5,1,1,6,1,1,1,1,1
SF,IH2003,2020-02-17 09:32:27.800,2893.4000,24544,0,504933780.000,0,-,-,-,-,2893.4000,2893.0000,2892.8000,2892.2000,2892.0000,2894.2000,2895.4000,2895.6000,2895.8000,2896.0000,5,5,1,1,6,1,1,1,1,3
SF,IH2003,2020-02-17 09:32:28.300,2894.2000,24544,0,505802040.000,1,0,1,多换,S,2893.4000,2893.0000,2892.8000,2892.2000,2892.0000,2895.6000,2895.8000,2896.0000,2896.2000,2896.6000,5,5,1,1,6,1,1,3,2,1
SF,IH2003,2020-02-17 09:32:28.800,2894.2000,24544,0,505802040.000,0,-,-,-,-,2893.6000,2893.4000,2893.0000,2892.8000,2892.2000,2895.2000,2895.4000,2895.6000,2895.8000,2896.0000,1,6,5,1,1,1,5,1,1,2
SF,IH2003,2020-02-17 09:32:29.300,2894.2000,24544,0,505802040.000,0,-,-,-,-,2893.6000,2893.4000,2893.0000,2892.8000,2892.2000,2894.2000,2895.0000,2895.2000,2895.4000,2895.6000,1,5,5,1,1,1,3,1,4,1
SF,IH2003,2020-02-17 09:32:29.800,2894.2000,24542,-2,507538560.000,2,0,2,双平,S,2893.4000,2893.0000,2892.8000,2892.2000,2892.0000,2895.0000,2895.2000,2895.4000,2895.6000,2895.8000,5,5,1,1,6,2,1,1,1,1
SF,IH2003,2020-02-17 09:32:30.300,2893.4000,24543,1,508406580.000,1,1,0,双开,S,2893.4000,2893.0000,2892.8000,2892.2000,2892.0000,2894.8000,2895.0000,2895.2000,2895.4000,2895.6000,4,5,1,1,6,1,2,1,1,1
SF,IH2003,2020-02-17 09:32:30.800,2893.4000,24543,0,508406580.000,0,-,-,-,-,2893.4000,2893.0000,2892.8000,2892.2000,2892.0000,2894.8000,2895.0000,2895.2000,2895.4000,2895.6000,4,5,1,1,6,3,2,1,1,1
SF,IH2003,2020-02-17 09:32:31.300,2894.8000,24542,-1,509275020.000,1,0,1,双平,S,2893.4000,2893.0000,2892.8000,2892.2000,2892.0000,2894.8000,2895.0000,2895.2000,2895.4000,2895.6000,4,5,1,1,6,2,1,1,1,2
SF,IH2003,2020-02-17 09:32:31.800,2893.4000,24538,-4,515351280.000,7,1,6,多平,S,2893.0000,2892.8000,2892.2000,2892.0000,2891.6000,2893.2000,2895.0000,2895.2000,2895.4000,2895.6000,5,1,1,6,2,3,2,1,1,2
SF,IH2003,2020-02-17 09:32:32.300,2894.8000,24536,-2,518823600.000,4,1,3,多平,S,2894.8000,2893.8000,2893.6000,2893.4000,2893.2000,2895.0000,2895.2000,2895.6000,2895.8000,2896.0000,1,2,2,4,4,1,1,2,1,2
SF,IH2003,2020-02-17 09:32:32.800,2894.8000,24536,0,519692040.000,1,0,1,多换,S,2893.8000,2893.6000,2893.4000,2893.2000,2893.0000,2894.2000,2894.4000,2894.8000,2895.0000,2895.6000,2,1,3,1,3,2,1,5,1,2
SF,IH2003,2020-02-17 09:32:33.300,2893.8000,24535,-1,520560180.000,1,0,1,双平,S,2893.6000,2893.2000,2893.0000,2892.8000,2892.2000,2894.2000,2894.6000,2894.8000,2895.0000,2895.6000,1,1,3,1,1,2,1,4,1,2
SF,IH2003,2020-02-17 09:32:33.800,2893.6000,24534,-1,521428260.000,1,0,1,双平,S,2893.2000,2893.0000,2892.8000,2892.2000,2892.0000,2894.2000,2894.6000,2894.8000,2895.0000,2895.6000,1,3,1,1,6,2,1,3,1,2
SF,IH2003,2020-02-17 09:32:34.300,2893.6000,24534,0,521428260.000,0,-,-,-,-,2893.2000,2893.0000,2892.8000,2892.2000,2892.0000,2894.2000,2894.6000,2894.8000,2895.0000,2895.6000,1,3,1,1,6,3,1,3,1,2
SF,IH2003,2020-02-17 09:32:34.800,2893.2000,24534,0,522296220.000,1,0,1,多换,S,2893.0000,2892.8000,2892.2000,2892.0000,2891.6000,2894.0000,2894.2000,2894.6000,2894.8000,2895.0000,3,1,1,6,2,1,2,1,3,1
SF,IH2003,2020-02-17 09:32:35.300,2893.2000,24534,0,522296220.000,0,-,-,-,-,2893.0000,2892.8000,2892.2000,2892.0000,2891.6000,2893.8000,2894.0000,2894.2000,2894.6000,2894.8000,3,1,1,6,2,1,2,2,1,3
SF,IH2003,2020-02-17 09:32:35.800,2893.0000,24531,-3,524899920.000,3,0,3,双平,S,2892.2000,2892.0000,2891.6000,2891.2000,2891.0000,2893.0000,2893.8000,2894.0000,2894.2000,2894.6000,1,6,2,1,7,2,1,2,2,1
SF,IH2003,2020-02-17 09:32:36.300,2893.0000,24531,0,524899920.000,0,-,-,-,-,2892.2000,2892.0000,2891.6000,2891.2000,2891.0000,2892.8000,2893.0000,2894.2000,2894.6000,2894.8000,1,6,2,1,7,1,1,2,1,1
SF,IH2003,2020-02-17 09:32:36.800,2892.2000,24531,0,525767580.000,1,0,1,多换,S,2892.0000,2891.6000,2891.2000,2891.0000,2890.8000,2893.0000,2893.2000,2894.2000,2894.6000,2894.8000,6,2,1,7,4,1,1,2,1,1
SF,IH2003,2020-02-17 09:32:37.300,2892.0000,24531,0,526635180.000,1,0,1,多换,S,2892.0000,2891.6000,2891.2000,2891.0000,2890.8000,2893.0000,2893.2000,2894.2000,2894.6000,2894.8000,5,2,1,7,4,1,1,2,1,1
SF,IH2003,2020-02-17 09:32:37.800,2893.0000,24530,-1,529238580.000,3,1,2,多平,S,2892.0000,2891.6000,2891.2000,2891.0000,2890.8000,2893.0000,2893.2000,2894.2000,2894.6000,2894.8000,4,2,1,7,4,1,1,2,1,1
SF,IH2003,2020-02-17 09:32:38.300,2893.0000,24530,0,529238580.000,0,-,-,-,-,2892.0000,2891.6000,2891.2000,2891.0000,2890.8000,2892.8000,2893.0000,2893.2000,2894.2000,2894.6000,4,2,1,7,4,1,1,1,2,1
SF,IH2003,2020-02-17 09:32:38.800,2892.0000,24529,-1,530106180.000,1,0,1,双平,S,2892.0000,2891.6000,2891.2000,2891.0000,2890.8000,2892.8000,2893.2000,2894.2000,2894.6000,2895.0000,3,2,1,7,4,1,1,2,1,1
SF,IH2003,2020-02-17 09:32:39.300,2892.8000,24529,0,530974020.000,1,0,1,多换,S,2892.0000,2891.8000,2891.6000,2891.2000,2891.0000,2893.2000,2894.2000,2894.6000,2895.0000,2895.6000,3,1,2,1,7,1,2,1,2,2
SF,IH2003,2020-02-17 09:32:39.800,2893.0000,24528,-1,534444720.000,4,1,3,多平,S,2891.8000,2891.6000,2891.2000,2891.0000,2890.8000,2893.0000,2893.2000,2894.2000,2894.6000,2895.0000,1,2,1,7,4,2,2,2,1,2
SF,IH2003,2020-02-17 09:32:40.300,2891.8000,24529,1,535312260.000,1,1,0,双开,S,2891.6000,2891.2000,2891.0000,2890.8000,2890.4000,2893.2000,2894.2000,2894.6000,2895.0000,2895.6000,2,1,7,4,1,2,2,1,2,2
SF,IH2003,2020-02-17 09:32:40.800,2891.8000,24530,1,537047760.000,2,1,1,空开,S,2891.8000,2891.6000,2891.2000,2891.0000,2890.8000,2892.0000,2893.2000,2894.2000,2894.6000,2895.0000,4,2,1,7,4,1,1,2,1,2
SF,IH2003,2020-02-17 09:32:41.300,2892.0000,24524,-6,542253360.000,6,0,6,双平,S,2892.2000,2892.0000,2891.8000,2891.6000,2891.2000,2894.2000,2895.0000,2895.6000,2895.8000,2896.0000,2,1,5,2,1,2,2,2,1,2
SF,IH2003,2020-02-17 09:32:41.800,2892.0000,24524,0,542253360.000,0,-,-,-,-,2892.2000,2891.8000,2891.6000,2891.2000,2891.0000,2893.8000,2894.0000,2894.2000,2894.4000,2895.0000,2,5,2,1,8,1,3,2,2,2
SF,IH2003,2020-02-17 09:32:42.300,2893.6000,24524,0,543121440.000,1,0,1,多换,S,2892.2000,2891.8000,2891.6000,2891.2000,2891.0000,2893.6000,2893.8000,2894.0000,2894.2000,2894.8000,2,5,2,1,8,1,1,4,2,1
SF,IH2003,2020-02-17 09:32:42.800,2892.2000,24523,-1,543989100.000,1,0,1,双平,S,2892.2000,2892.0000,2891.8000,2891.6000,2891.2000,2893.6000,2893.8000,2894.0000,2894.2000,2894.8000,1,1,5,2,1,2,1,2,2,1
SF,IH2003,2020-02-17 09:32:43.300,2892.2000,24523,0,543989100.000,0,-,-,-,-,2892.2000,2892.0000,2891.8000,2891.6000,2891.2000,2893.4000,2893.6000,2893.8000,2894.0000,2894.2000,1,1,5,2,1,1,2,1,2,2
SF,IH2003,2020-02-17 09:32:43.800,2893.8000,24525,2,547461240.000,4,3,1,空开,S,2892.4000,2892.2000,2892.0000,2891.8000,2891.6000,2894.0000,2894.2000,2894.8000,2895.0000,2895.6000,1,1,1,5,2,2,2,1,2,2
SF,IH2003,2020-02-17 09:32:44.300,2892.4000,24525,0,548328960.000,1,0,1,多换,S,2892.2000,2892.0000,2891.8000,2891.6000,2891.2000,2893.2000,2893.8000,2894.0000,2894.2000,2894.8000,1,1,6,2,1,1,2,2,2,1
SF,IH2003,2020-02-17 09:32:44.800,2892.4000,24525,0,548328960.000,0,-,-,-,-,2893.0000,2892.2000,2892.0000,2891.8000,2891.6000,2893.2000,2893.8000,2894.0000,2894.2000,2894.8000,1,1,2,6,2,1,1,2,2,1
SF,IH2003,2020-02-17 09:32:45.300,2893.0000,24525,0,550064760.000,2,1,1,多换,S,2892.2000,2892.0000,2891.8000,2891.6000,2891.2000,2892.8000,2893.0000,2893.2000,2893.8000,2894.0000,1,2,6,2,1,1,1,1,1,2
SF,IH2003,2020-02-17 09:32:45.800,2892.8000,24524,-1,550932600.000,1,0,1,双平,S,2892.2000,2892.0000,2891.8000,2891.6000,2891.2000,2893.0000,2893.2000,2893.6000,2894.2000,2895.0000,1,3,7,2,1,1,1,1,2,2
SF,IH2003,2020-02-17 09:32:46.300,2892.8000,24523,-1,551800440.000,1,0,1,双平,S,2892.4000,2892.2000,2892.0000,2891.8000,2891.6000,2893.0000,2894.2000,2895.0000,2895.6000,2895.8000,1,1,3,7,2,1,2,2,2,1
SF,IH2003,2020-02-17 09:32:46.800,2893.0000,24524,1,552668340.000,1,1,0,双开,S,2892.4000,2892.2000,2892.0000,2891.8000,2891.6000,2894.2000,2895.0000,2895.6000,2895.8000,2896.0000,1,1,3,7,2,2,2,2,1,2
SF,IH2003,2020-02-17 09:32:47.300,2893.0000,24524,0,552668340.000,0,-,-,-,-,2893.0000,2892.2000,2892.0000,2891.8000,2891.6000,2894.0000,2894.2000,2894.4000,2895.0000,2895.6000,4,1,3,7,2,2,2,2,2,2
SF,IH2003,2020-02-17 09:32:47.800,2893.0000,24520,-4,556139940.000,4,0,4,双平,S,2892.2000,2892.0000,2891.8000,2891.6000,2891.2000,2893.0000,2894.0000,2894.2000,2895.0000,2895.6000,1,3,7,2,1,1,2,2,2,2
SF,IH2003,2020-02-17 09:32:48.300,2893.0000,24520,0,556139940.000,0,-,-,-,-,2892.4000,2892.2000,2892.0000,2891.8000,2891.6000,2893.0000,2894.2000,2895.0000,2895.6000,2895.8000,1,1,3,7,2,1,2,2,2,1
SF,IH2003,2020-02-17 09:32:48.800,2893.0000,24520,0,556139940.000,0,-,-,-,-,2892.4000,2892.2000,2892.0000,2891.8000,2891.6000,2893.0000,2894.2000,2895.0000,2895.6000,2895.8000,4,1,3,4,2,1,2,3,2,1
SF,IH2003,2020-02-17 09:32:49.300,2893.0000,24520,0,556139940.000,0,-,-,-,-,2892.4000,2892.2000,2892.0000,2891.8000,2891.6000,2893.0000,2894.2000,2895.0000,2895.6000,2895.8000,1,1,3,4,2,1,2,3,2,1
SF,IH2003,2020-02-17 09:32:49.800,2893.0000,24520,0,556139940.000,0,-,-,-,-,2892.4000,2892.2000,2892.0000,2891.8000,2891.6000,2893.0000,2894.2000,2895.0000,2895.6000,2895.8000,1,2,3,4,2,1,2,3,2,1
SF,IH2003,2020-02-17 09:32:50.300,2893.0000,24520,0,556139940.000,0,-,-,-,-,2892.4000,2892.2000,2892.0000,2891.8000,2891.6000,2893.0000,2894.2000,2895.0000,2895.6000,2895.8000,1,2,3,4,2,1,2,3,2,1
SF,IH2003,2020-02-17 09:32:50.800,2893.0000,24520,0,557007840.000,1,0,1,多换,S,2893.0000,2892.4000,2892.2000,2892.0000,2891.8000,2894.2000,2895.0000,2895.6000,2895.8000,2896.0000,1,1,2,3,4,2,3,2,1,2
SF,IH2003,2020-02-17 09:32:51.300,2893.0000,24520,0,557875740.000,1,0,1,多换,S,2892.2000,2892.0000,2891.8000,2891.6000,2891.2000,2894.0000,2894.2000,2895.0000,2895.6000,2895.8000,2,3,4,2,1,3,2,3,2,1
SF,IH2003,2020-02-17 09:32:51.800,2893.0000,24519,-1,558743640.000,1,0,1,双平,S,2892.4000,2892.2000,2892.0000,2891.8000,2891.6000,2894.0000,2894.2000,2895.0000,2895.6000,2895.8000,6,2,3,2,2,3,3,3,2,1
SF,IH2003,2020-02-17 09:32:52.300,2893.0000,24519,0,558743640.000,0,-,-,-,-,2892.2000,2892.0000,2891.8000,2891.6000,2891.2000,2893.0000,2894.0000,2894.2000,2895.0000,2895.6000,2,3,2,2,1,1,3,3,3,2
SF,IH2003,2020-02-17 09:32:52.800,2893.0000,24519,0,558743640.000,0,-,-,-,-,2892.4000,2892.2000,2892.0000,2891.8000,2891.6000,2893.0000,2894.0000,2894.2000,2895.0000,2895.6000,4,2,3,2,2,1,1,2,3,2
SF,IH2003,2020-02-17 09:32:53.300,2893.0000,24518,-1,559611540.000,1,0,1,双平,S,2892.4000,2892.2000,2892.0000,2891.8000,2891.6000,2894.0000,2894.2000,2895.0000,2895.6000,2895.8000,1,2,3,2,2,1,2,3,2,1
SF,IH2003,2020-02-17 09:32:53.800,2893.0000,24518,0,559611540.000,0,-,-,-,-,2892.4000,2892.2000,2892.0000,2891.8000,2891.6000,2893.8000,2894.0000,2894.2000,2895.0000,2895.6000,1,2,3,2,2,3,1,2,4,2
SF,IH2003,2020-02-17 09:32:55.300,2893.0000,24518,0,559611540.000,0,-,-,-,-,2892.4000,2892.2000,2892.0000,2891.8000,2891.6000,2893.8000,2894.0000,2894.2000,2895.0000,2895.6000,1,2,3,2,2,3,1,2,4,2
SF,IH2003,2020-02-17 09:32:55.800,2893.0000,24518,0,559611540.000,0,-,-,-,-,2892.4000,2892.2000,2892.0000,2891.8000,2891.6000,2893.8000,2894.0000,2894.2000,2895.0000,2895.6000,1,2,3,2,2,4,1,2,3,2
SF,IH2003,2020-02-17 09:32:56.800,2893.0000,24518,0,559611540.000,0,-,-,-,-,2892.4000,2892.2000,2892.0000,2891.8000,2891.6000,2893.8000,2894.0000,2894.2000,2895.0000,2895.6000,1,2,3,2,3,4,1,2,3,2
SF,IH2003,2020-02-17 09:32:57.300,2892.4000,24518,0,560479260.000,1,0,1,多换,S,2892.2000,2892.0000,2891.8000,2891.6000,2891.2000,2893.8000,2894.0000,2894.2000,2895.0000,2895.6000,2,3,2,3,1,3,1,2,3,2
SF,IH2003,2020-02-17 09:32:57.800,2892.4000,24518,0,560479260.000,0,-,-,-,-,2892.4000,2892.2000,2892.0000,2891.8000,2891.6000,2893.6000,2893.8000,2894.0000,2894.2000,2895.0000,4,2,3,2,3,2,1,2,2,3
SF,IH2003,2020-02-17 09:32:58.300,2892.4000,24518,0,560479260.000,0,-,-,-,-,2893.0000,2892.4000,2892.2000,2892.0000,2891.8000,2893.6000,2893.8000,2894.0000,2894.2000,2894.4000,1,4,2,3,2,2,1,2,2,5
SF,IH2003,2020-02-17 09:32:59.300,2892.4000,24518,0,560479260.000,0,-,-,-,-,2893.0000,2892.4000,2892.2000,2892.0000,2891.8000,2893.6000,2893.8000,2894.0000,2894.2000,2894.4000,1,4,2,3,2,2,1,2,2,5
SF,IH2003,2020-02-17 09:32:59.800,2893.8000,24515,-3,563083560.000,3,0,3,双平,S,2893.6000,2893.0000,2892.4000,2892.2000,2892.0000,2894.0000,2894.2000,2894.4000,2895.0000,2895.6000,1,1,4,2,3,1,2,5,3,2
SF,IH2003,2020-02-17 09:33:00.300,2894.0000,24515,0,563951760.000,1,0,1,多换,S,2894.0000,2893.8000,2893.6000,2893.2000,2893.0000,2894.4000,2895.0000,2895.6000,2895.8000,2896.2000,1,2,2,4,3,5,3,2,1,2
SF,IH2003,2020-02-17 09:33:00.800,2894.6000,24515,0,566556780.000,3,1,2,多换,S,2894.4000,2894.0000,2893.8000,2893.6000,2893.2000,2894.6000,2895.0000,2895.6000,2895.8000,2896.2000,1,2,2,1,4,2,3,2,1,2
SF,IH2003,2020-02-17 09:33:01.300,2894.6000,24516,1,568293540.000,2,1,1,空开,S,2894.6000,2894.4000,2894.0000,2893.8000,2893.6000,2895.0000,2895.4000,2895.6000,2895.8000,2896.2000,1,1,1,2,1,3,5,2,1,2
SF,IH2003,2020-02-17 09:33:01.800,2894.6000,24516,0,568293540.000,0,-,-,-,-,2894.6000,2894.4000,2894.0000,2893.8000,2893.6000,2895.0000,2895.4000,2895.6000,2895.8000,2896.2000,2,1,1,2,4,3,5,2,1,2
SF,IH2003,2020-02-17 09:33:02.300,2895.0000,24515,-1,569162040.000,1,0,1,双平,S,2894.6000,2894.4000,2894.0000,2893.8000,2893.6000,2895.0000,2895.4000,2895.6000,2895.8000,2896.2000,2,1,1,2,4,2,5,1,1,2
SF,IH2003,2020-02-17 09:33:02.800,2894.6000,24514,-1,570898800.000,2,0,2,多平,S,2894.4000,2894.0000,2893.8000,2893.6000,2893.2000,2895.0000,2895.4000,2895.6000,2895.8000,2896.2000,1,1,2,4,4,3,5,1,1,2
SF,IH2003,2020-02-17 09:33:03.300,2895.0000,24511,-3,573504300.000,3,0,3,双平,S,2895.0000,2894.4000,2894.0000,2893.8000,2893.6000,2895.4000,2895.6000,2895.8000,2896.2000,2896.6000,1,1,1,2,4,5,1,1,2,1
SF,IH2003,2020-02-17 09:33:03.800,2895.0000,24510,-1,574372800.000,1,0,1,双平,S,2894.6000,2894.4000,2894.0000,2893.8000,2893.6000,2895.4000,2895.6000,2895.8000,2896.2000,2896.6000,1,1,2,2,4,5,1,1,2,1
SF,IH2003,2020-02-17 09:33:04.300,2894.8000,24509,-1,575241240.000,1,0,1,双平,S,2894.8000,2894.6000,2894.4000,2894.0000,2893.8000,2895.4000,2895.6000,2895.8000,2896.2000,2896.6000,4,1,1,1,2,5,1,1,2,1
SF,IH2003,2020-02-17 09:33:04.800,2895.4000,24509,0,579584340.000,5,2,3,多换,S,2895.4000,2894.8000,2894.6000,2894.4000,2894.0000,2895.6000,2895.8000,2896.2000,2896.6000,2897.0000,1,5,1,1,1,6,1,2,1,1
SF,IH2003,2020-02-17 09:33:05.300,2895.6000,24508,-1,583927740.000,5,2,3,多平,S,2895.4000,2894.8000,2894.6000,2894.4000,2894.0000,2895.6000,2895.8000,2896.2000,2896.6000,2897.0000,1,5,1,1,1,1,1,2,1,1
SF,IH2003,2020-02-17 09:33:05.800,2895.4000,24507,-1,585665040.000,2,0,2,多平,S,2894.8000,2894.6000,2894.4000,2894.0000,2893.6000,2895.8000,2896.2000,2896.6000,2897.0000,2897.4000,5,1,1,1,3,1,2,1,1,1
SF,IH2003,2020-02-17 09:33:06.300,2895.8000,24506,-1,586533780.000,1,0,1,双平,S,2895.8000,2895.6000,2895.2000,2895.0000,2894.8000,2896.2000,2896.4000,2896.6000,2897.0000,2897.4000,1,4,1,2,3,2,5,1,1,1
SF,IH2003,2020-02-17 09:33:06.800,2895.8000,24506,0,586533780.000,0,-,-,-,-,2895.6000,2895.2000,2895.0000,2894.8000,2894.4000,2896.2000,2896.4000,2896.6000,2897.0000,2897.4000,3,1,2,3,1,2,5,1,1,1
SF,IH2003,2020-02-17 09:33:07.300,2895.6000,24504,-2,589139820.000,3,0,3,多平,S,2895.2000,2895.0000,2894.8000,2894.4000,2894.0000,2895.8000,2896.2000,2896.4000,2896.6000,2897.0000,1,2,3,1,1,1,2,5,1,1
SF,IH2003,2020-02-17 09:33:07.800,2896.2000,24502,-2,591746280.000,3,0,3,多平,S,2895.8000,2895.4000,2895.2000,2894.8000,2894.4000,2896.4000,2896.6000,2897.0000,2897.4000,2897.6000,3,2,1,1,1,5,1,1,1,1
SF,IH2003,2020-02-17 09:33:08.300,2895.8000,24502,0,593483760.000,2,1,1,多换,S,2895.8000,2895.4000,2895.2000,2894.8000,2894.4000,2896.4000,2896.6000,2897.0000,2897.4000,2897.6000,1,3,1,1,1,5,1,1,1,1
SF,IH2003,2020-02-17 09:33:08.800,2895.8000,24502,0,594352500.000,1,0,1,多换,S,2895.4000,2895.2000,2894.8000,2894.4000,2894.0000,2896.4000,2896.6000,2897.0000,2897.4000,2897.6000,3,1,1,1,1,5,1,1,1,1
SF,IH2003,2020-02-17 09:33:09.300,2896.4000,24502,0,595221420.000,1,0,1,多换,S,2895.6000,2895.4000,2895.2000,2894.8000,2894.4000,2896.4000,2896.6000,2897.0000,2897.4000,2897.6000,2,2,1,1,1,4,1,1,1,1
SF,IH2003,2020-02-17 09:33:09.800,2896.4000,24503,1,596959260.000,2,1,1,空开,S,2895.8000,2895.6000,2895.4000,2895.2000,2894.8000,2896.4000,2896.6000,2897.0000,2897.4000,2897.6000,1,2,2,1,1,2,1,1,1,1
SF,IH2003,2020-02-17 09:33:10.300,2896.0000,24504,1,597828060.000,1,1,0,双开,S,2896.0000,2895.8000,2895.4000,2895.2000,2894.8000,2896.6000,2897.0000,2897.2000,2897.4000,2897.6000,1,1,2,1,1,1,1,2,1,1
SF,IH2003,2020-02-17 09:33:10.800,2896.0000,24503,-1,598696860.000,1,0,1,双平,S,2895.8000,2895.4000,2895.2000,2894.8000,2894.4000,2896.6000,2897.0000,2897.2000,2897.4000,2897.6000,1,2,1,1,1,1,1,2,1,1
SF,IH2003,2020-02-17 09:33:11.800,2896.0000,24503,0,598696860.000,0,-,-,-,-,2896.4000,2896.2000,2895.8000,2895.4000,2895.2000,2896.6000,2897.0000,2897.2000,2897.4000,2897.6000,1,1,1,2,1,1,1,2,1,1
SF,IH2003,2020-02-17 09:33:12.300,2896.4000,24502,-1,600434760.000,2,0,2,多平,S,2896.2000,2896.0000,2895.8000,2895.4000,2895.2000,2897.0000,2897.2000,2897.4000,2897.6000,2898.4000,2,1,1,1,1,1,2,1,1,1
SF,IH2003,2020-02-17 09:33:12.800,2896.4000,24502,0,600434760.000,0,-,-,-,-,2896.4000,2896.2000,2896.0000,2895.4000,2895.2000,2897.0000,2897.4000,2897.6000,2898.4000,2898.6000,1,2,1,1,1,1,1,1,1,1
SF,IH2003,2020-02-17 09:33:13.300,2896.4000,24502,0,600434760.000,0,-,-,-,-,2896.6000,2896.2000,2896.0000,2895.4000,2895.2000,2897.0000,2897.4000,2897.6000,2897.8000,2898.4000,1,2,1,1,1,1,1,1,2,1
SF,IH2003,2020-02-17 09:33:13.800,2897.0000,24502,0,601303860.000,1,0,1,多换,S,2896.8000,2896.6000,2896.4000,2896.2000,2896.0000,2897.4000,2897.6000,2897.8000,2898.4000,2898.6000,1,2,1,3,1,1,1,2,1,1
SF,IH2003,2020-02-17 09:33:14.300,2896.6000,24502,0,603041820.000,2,1,1,多换,S,2896.6000,2896.4000,2896.2000,2896.0000,2895.4000,2897.4000,2897.6000,2898.4000,2898.6000,2899.0000,1,1,3,1,1,1,1,1,1,1
SF,IH2003,2020-02-17 09:33:14.800,2896.6000,24501,-1,604779780.000,2,0,2,多平,S,2896.4000,2896.2000,2896.0000,2895.6000,2895.4000,2897.4000,2897.6000,2898.4000,2898.6000,2899.0000,2,3,1,1,1,1,1,1,1,1
SF,IH2003,2020-02-17 09:33:16.300,2896.4000,24499,-2,606517620.000,2,0,2,双平,S,2896.2000,2896.0000,2895.6000,2895.4000,2895.2000,2897.4000,2897.6000,2898.4000,2898.6000,2899.0000,3,1,1,1,1,1,1,1,1,1
SF,IH2003,2020-02-17 09:33:16.800,2896.4000,24499,0,606517620.000,0,-,-,-,-,2896.2000,2896.0000,2895.6000,2895.4000,2895.2000,2897.4000,2897.6000,2898.4000,2898.6000,2899.0000,3,1,1,1,1,2,1,1,1,1
SF,IH2003,2020-02-17 09:33:17.300,2897.4000,24498,-1,609124920.000,3,1,2,多平,S,2896.2000,2896.0000,2895.6000,2895.4000,2895.2000,2897.6000,2898.4000,2898.6000,2899.0000,2899.2000,2,2,1,1,1,1,1,1,1,1
SF,IH2003,2020-02-17 09:33:17.800,2897.0000,24497,-1,609994020.000,1,0,1,双平,S,2896.2000,2896.0000,2895.6000,2895.4000,2895.2000,2897.4000,2897.6000,2898.4000,2898.6000,2899.0000,2,3,1,1,1,1,1,1,1,1
SF,IH2003,2020-02-17 09:33:18.300,2897.0000,24497,0,609994020.000,0,-,-,-,-,2896.4000,2896.2000,2896.0000,2895.6000,2895.4000,2897.6000,2898.4000,2898.6000,2899.0000,2899.2000,1,2,4,1,1,1,1,1,1,1
SF,IH2003,2020-02-17 09:33:18.800,2897.0000,24497,0,609994020.000,0,-,-,-,-,2897.4000,2896.4000,2896.2000,2896.0000,2895.6000,2897.6000,2898.4000,2898.6000,2899.0000,2899.2000,1,1,2,4,1,1,1,1,1,1
SF,IH2003,2020-02-17 09:33:19.300,2897.4000,24496,-1,610863240.000,1,0,1,双平,S,2897.2000,2896.8000,2896.2000,2896.0000,2895.6000,2897.6000,2898.4000,2898.6000,2899.0000,2899.2000,1,1,2,4,1,1,1,1,1,1
SF,IH2003,2020-02-17 09:33:19.800,2897.6000,24496,0,611732520.000,1,0,1,多换,S,2897.2000,2897.0000,2896.8000,2896.2000,2896.0000,2898.4000,2898.6000,2899.0000,2899.2000,2899.8000,1,1,1,3,4,2,1,1,1,1
SF,IH2003,2020-02-17 09:33:21.300,2897.4000,24495,-1,613470900.000,2,0,2,多平,S,2897.0000,2896.2000,2896.0000,2895.6000,2895.4000,2897.6000,2898.2000,2898.4000,2898.6000,2899.0000,1,3,4,1,1,2,2,2,1,1
SF,IH2003,2020-02-17 09:33:21.800,2898.4000,24496,1,614340420.000,1,1,0,双开,S,2897.6000,2897.0000,2896.8000,2896.2000,2896.0000,2898.0000,2898.4000,2898.6000,2899.0000,2899.2000,1,1,1,3,4,1,1,1,1,1
SF,IH2003,2020-02-17 09:33:22.300,2897.6000,24495,-1,615209700.000,1,0,1,双平,S,2897.0000,2896.8000,2896.2000,2896.0000,2895.6000,2897.4000,2897.6000,2898.0000,2898.4000,2898.6000,1,1,3,4,1,1,1,1,1,1
SF,IH2003,2020-02-17 09:33:22.800,2897.0000,24495,0,616078800.000,1,0,1,多换,S,2896.2000,2896.0000,2895.6000,2895.4000,2895.2000,2897.4000,2897.6000,2898.0000,2898.4000,2898.6000,3,4,1,1,2,1,1,1,1,1
SF,IH2003,2020-02-17 09:33:23.300,2897.4000,24495,0,616948020.000,1,0,1,多换,S,2896.4000,2896.2000,2896.0000,2895.6000,2895.2000,2897.6000,2898.0000,2898.2000,2898.4000,2898.6000,2,3,5,1,2,1,1,1,1,1
SF,IH2003,2020-02-17 09:33:23.800,2897.4000,24495,0,616948020.000,0,-,-,-,-,2896.2000,2896.0000,2895.6000,2895.2000,2894.8000,2897.6000,2898.0000,2898.2000,2898.4000,2898.6000,3,5,1,2,1,1,1,1,1,1
SF,IH2003,2020-02-17 09:33:24.300,2897.4000,24495,0,616948020.000,0,-,-,-,-,2896.6000,2896.4000,2896.2000,2896.0000,2895.6000,2897.4000,2897.6000,2898.0000,2898.2000,2898.4000,1,2,3,6,1,2,2,1,1,1
SF,IH2003,2020-02-17 09:33:24.800,2897.4000,24495,0,617817240.000,1,0,1,多换,S,2896.6000,2896.4000,2896.2000,2896.0000,2895.6000,2897.4000,2897.6000,2898.0000,2898.2000,2898.4000,1,3,3,6,1,2,2,1,1,1
SF,IH2003,2020-02-17 09:33:25.300,2897.4000,24495,0,617817240.000,0,-,-,-,-,2896.6000,2896.4000,2896.2000,2896.0000,2895.6000,2897.4000,2897.6000,2898.0000,2898.2000,2898.4000,1,1,3,6,1,2,2,1,1,1
SF,IH2003,2020-02-17 09:33:25.800,2897.4000,24495,0,617817240.000,0,-,-,-,-,2896.6000,2896.4000,2896.2000,2896.0000,2895.6000,2897.6000,2898.0000,2898.2000,2898.4000,2898.6000,1,1,3,6,1,1,1,1,1,1
SF,IH2003,2020-02-17 09:33:26.300,2897.4000,24495,0,617817240.000,0,-,-,-,-,2896.8000,2896.6000,2896.4000,2896.2000,2896.0000,2897.6000,2898.0000,2898.2000,2898.4000,2898.6000,1,1,1,3,6,1,1,1,1,1
SF,IH2003,2020-02-17 09:33:26.800,2896.8000,24495,0,618686280.000,1,0,1,多换,S,2896.6000,2896.4000,2896.2000,2896.0000,2895.6000,2897.6000,2898.0000,2898.2000,2898.4000,2898.6000,1,1,3,6,1,1,1,1,1,1
SF,IH2003,2020-02-17 09:33:27.300,2897.6000,24496,1,619555560.000,1,1,0,双开,S,2896.6000,2896.4000,2896.2000,2896.0000,2895.6000,2898.0000,2898.2000,2898.4000,2898.6000,2899.0000,2,1,3,6,1,1,1,1,1,1
SF,IH2003,2020-02-17 09:33:27.800,2898.0000,24496,0,620424960.000,1,0,1,多换,S,2897.6000,2897.0000,2896.8000,2896.6000,2896.4000,2898.4000,2898.6000,2899.0000,2899.2000,2899.8000,1,1,3,2,2,1,1,1,1,1
SF,IH2003,2020-02-17 09:33:28.300,2897.0000,24496,0,621294060.000,1,0,1,多换,S,2896.8000,2896.6000,2896.4000,2896.2000,2896.0000,2897.2000,2898.4000,2898.6000,2899.0000,2899.2000,2,2,2,3,6,1,1,1,1,1
SF,IH2003,2020-02-17 09:33:28.800,2897.6000,24494,-2,623032500.000,2,0,2,双平,S,2897.4000,2897.2000,2897.0000,2896.8000,2896.6000,2897.8000,2898.4000,2898.6000,2899.0000,2899.2000,1,5,1,2,2,2,1,1,1,1
SF,IH2003,2020-02-17 09:33:29.300,2898.4000,24494,0,623902020.000,1,0,1,多换,S,2898.4000,2897.4000,2897.2000,2897.0000,2896.8000,2898.6000,2899.0000,2899.2000,2899.8000,2900.0000,1,2,3,1,2,1,1,1,1,4
SF,IH2003,2020-02-17 09:33:29.800,2897.8000,24492,-2,626510400.000,3,0,3,多平,S,2897.4000,2897.2000,2897.0000,2896.8000,2896.6000,2898.2000,2898.4000,2898.6000,2899.0000,2899.2000,1,1,2,2,2,1,2,1,1,1
SF,IH2003,2020-02-17 09:33:30.300,2898.6000,24491,-1,627379980.000,1,0,1,双平,S,2897.4000,2897.2000,2897.0000,2896.8000,2896.6000,2898.2000,2899.0000,2899.2000,2899.8000,2900.0000,1,1,1,2,2,1,1,1,1,4
SF,IH2003,2020-02-17 09:33:30.800,2898.2000,24490,-1,628249440.000,1,0,1,双平,S,2898.2000,2897.4000,2897.2000,2897.0000,2896.8000,2899.0000,2899.2000,2899.8000,2900.0000,2900.2000,1,2,1,1,2,1,1,1,4,1
SF,IH2003,2020-02-17 09:33:31.300,2898.2000,24490,0,629118900.000,1,0,1,多换,S,2897.4000,2897.2000,2897.0000,2896.8000,2896.6000,2898.2000,2898.8000,2899.0000,2899.2000,2899.8000,1,1,6,2,2,2,1,1,1,1
SF,IH2003,2020-02-17 09:33:31.800,2897.4000,24489,-1,629988120.000,1,0,1,双平,S,2897.4000,2897.2000,2897.0000,2896.8000,2896.6000,2899.0000,2899.2000,2899.8000,2900.0000,2900.2000,1,1,6,2,2,1,1,1,4,1
SF,IH2003,2020-02-17 09:33:32.300,2897.4000,24489,0,629988120.000,0,-,-,-,-,2898.4000,2898.2000,2897.4000,2897.2000,2897.0000,2898.8000,2899.0000,2899.2000,2899.8000,2900.0000,2,1,1,1,6,1,1,1,1,3
SF,IH2003,2020-02-17 09:33:32.800,2897.4000,24489,0,629988120.000,0,-,-,-,-,2898.4000,2898.2000,2897.4000,2897.2000,2897.0000,2898.8000,2899.0000,2899.2000,2899.8000,2900.0000,2,1,1,1,6,1,1,1,1,3
SF,IH2003,2020-02-17 09:33:33.300,2899.0000,24488,-1,631727340.000,2,0,2,多平,S,2898.2000,2897.4000,2897.2000,2897.0000,2896.8000,2899.2000,2899.8000,2900.0000,2900.2000,2900.8000,1,1,1,6,2,1,1,3,1,1
SF,IH2003,2020-02-17 09:33:33.800,2899.0000,24488,0,631727340.000,0,-,-,-,-,2898.8000,2898.2000,2897.4000,2897.2000,2897.0000,2899.2000,2899.8000,2900.0000,2900.2000,2900.8000,1,1,1,1,6,1,1,3,1,1
SF,IH2003,2020-02-17 09:33:34.300,2899.2000,24487,-1,632597100.000,1,0,1,双平,S,2899.2000,2899.0000,2898.8000,2898.6000,2898.4000,2899.8000,2900.0000,2900.2000,2900.8000,2901.0000,2,1,2,2,1,1,3,1,1,2
SF,IH2003,2020-02-17 09:33:34.800,2901.0000,24486,-1,638687640.000,7,3,4,多平,S,2900.4000,2900.2000,2900.0000,2899.8000,2899.6000,2901.0000,2903.0000,2903.6000,2903.8000,2904.8000,1,2,1,7,7,1,2,1,1,2
SF,IH2003,2020-02-17 09:33:35.300,2901.0000,24485,-1,643038660.000,5,2,3,多平,S,2899.8000,2899.6000,2899.4000,2899.2000,2899.0000,2903.0000,2903.6000,2903.8000,2904.8000,2905.0000,1,3,2,4,6,2,1,1,2,3
SF,IH2003,2020-02-17 09:33:35.800,2902.2000,24484,-1,644779620.000,2,0,2,多平,S,2900.2000,2900.0000,2899.8000,2899.6000,2899.4000,2902.4000,2902.6000,2902.8000,2903.0000,2903.2000,2,3,1,3,1,1,2,4,2,1
SF,IH2003,2020-02-17 09:33:36.300,2902.2000,24484,0,645650280.000,1,0,1,多换,S,2900.4000,2900.2000,2900.0000,2899.6000,2899.4000,2901.4000,2902.2000,2902.4000,2902.6000,2902.8000,1,2,2,3,1,1,1,1,2,2
SF,IH2003,2020-02-17 09:33:36.800,2903.0000,24486,2,651745860.000,7,4,3,空开,S,2903.0000,2901.4000,2901.2000,2900.6000,2900.4000,2903.6000,2903.8000,2904.8000,2905.0000,2905.8000,4,3,2,3,1,2,1,2,3,2
SF,IH2003,2020-02-17 09:33:37.300,2903.0000,24484,-2,657842160.000,7,2,5,多平,S,2901.4000,2901.2000,2900.8000,2900.6000,2900.4000,2902.8000,2903.0000,2903.4000,2903.6000,2903.8000,5,1,2,3,1,1,2,2,1,2
SF,IH2003,2020-02-17 09:33:37.800,2903.0000,24486,2,663067560.000,6,4,2,空开,S,2901.4000,2901.2000,2900.8000,2900.6000,2900.2000,2903.0000,2903.4000,2903.6000,2903.8000,2904.0000,4,1,2,3,1,1,2,1,2,1
SF,IH2003,2020-02-17 09:33:38.300,2903.0000,24485,-1,663938460.000,1,0,1,双平,S,2901.6000,2901.4000,2901.2000,2900.6000,2900.2000,2903.4000,2903.6000,2903.8000,2904.0000,2904.8000,1,5,2,1,1,2,1,2,1,2
SF,IH2003,2020-02-17 09:33:38.800,2903.2000,24484,-1,666550800.000,3,1,2,多平,S,2901.4000,2901.2000,2900.6000,2900.2000,2899.6000,2903.2000,2903.4000,2903.6000,2903.8000,2904.0000,5,2,1,1,2,5,2,1,2,1
SF,IH2003,2020-02-17 09:33:39.300,2902.8000,24484,0,669162540.000,3,1,2,多换,S,2901.6000,2901.4000,2901.2000,2899.6000,2899.4000,2903.0000,2903.2000,2903.6000,2903.8000,2904.0000,1,4,2,2,5,4,7,2,2,1
SF,IH2003,2020-02-17 09:33:39.800,2902.4000,24483,-1,671774820.000,3,1,2,多平,S,2902.4000,2901.8000,2901.6000,2901.4000,2899.6000,2902.8000,2903.0000,2903.2000,2903.6000,2903.8000,4,3,5,3,2,1,2,1,1,2
SF,IH2003,2020-02-17 09:33:40.300,2902.4000,24482,-1,672645540.000,1,0,1,双平,S,2902.4000,2901.8000,2901.6000,2901.4000,2899.6000,2902.8000,2903.0000,2903.6000,2903.8000,2904.0000,3,4,5,3,2,2,2,1,2,1
SF,IH2003,2020-02-17 09:33:40.800,2902.4000,24479,-3,675257700.000,3,0,3,双平,S,2901.8000,2901.6000,2901.4000,2899.6000,2899.4000,2902.4000,2902.6000,2902.8000,2903.0000,2903.6000,3,1,3,2,5,2,1,2,1,1
SF,IH2003,2020-02-17 09:33:41.300,2902.4000,24479,0,676128420.000,1,0,1,多换,S,2902.0000,2901.8000,2901.4000,2899.6000,2899.4000,2902.2000,2902.4000,2902.6000,2902.8000,2903.0000,1,3,3,2,5,1,3,1,2,2
SF,IH2003,2020-02-17 09:33:41.800,2902.2000,24478,-1,676999080.000,1,0,1,双平,S,2902.2000,2902.0000,2901.8000,2901.4000,2899.6000,2902.4000,2902.6000,2902.8000,2903.0000,2903.6000,1,1,3,3,2,1,1,2,2,1
SF,IH2003,2020-02-17 09:33:42.300,2902.6000,24475,-3,679611360.000,3,0,3,双平,S,2902.4000,2902.2000,2902.0000,2901.8000,2901.4000,2902.8000,2903.0000,2903.6000,2903.8000,2904.0000,2,1,1,3,3,2,1,1,2,1
SF,IH2003,2020-02-17 09:33:42.800,2902.8000,24475,0,680482200.000,1,0,1,多换,S,2902.4000,2902.2000,2902.0000,2901.8000,2901.4000,2903.0000,2903.6000,2903.8000,2904.0000,2904.8000,2,1,1,3,3,1,1,2,1,2
SF,IH2003,2020-02-17 09:33:43.300,2903.0000,24475,0,681353100.000,1,0,1,多换,S,2902.6000,2902.4000,2902.2000,2901.8000,2901.4000,2903.6000,2903.8000,2904.0000,2904.8000,2905.0000,2,1,1,2,3,1,2,1,2,3
SF,IH2003,2020-02-17 09:33:43.800,2902.4000,24474,-1,683965380.000,3,1,2,多平,S,2902.8000,2902.2000,2901.4000,2899.6000,2899.4000,2903.6000,2903.8000,2904.0000,2904.8000,2905.0000,2,1,3,1,5,1,2,1,2,3
SF,IH2003,2020-02-17 09:33:44.300,2902.8000,24472,-2,685707060.000,2,0,2,双平,S,2902.2000,2901.4000,2899.6000,2899.4000,2899.2000,2902.6000,2902.8000,2903.4000,2903.6000,2903.8000,1,3,1,5,2,2,1,4,1,2
SF,IH2003,2020-02-17 09:33:44.800,2902.8000,24472,0,685707060.000,0,-,-,-,-,2902.2000,2901.4000,2899.6000,2899.4000,2899.2000,2902.6000,2902.8000,2903.4000,2903.6000,2903.8000,2,3,1,5,2,2,1,4,1,2
SF,IH2003,2020-02-17 09:33:45.300,2902.2000,24471,-1,687448380.000,2,0,2,多平,S,2901.4000,2899.6000,2899.4000,2899.2000,2899.0000,2902.6000,2902.8000,2903.4000,2903.6000,2903.8000,3,1,5,2,3,2,1,3,1,2
SF,IH2003,2020-02-17 09:33:45.800,2902.6000,24469,-2,689189820.000,2,0,2,双平,S,2901.6000,2901.4000,2899.6000,2899.4000,2899.2000,2902.6000,2902.8000,2903.4000,2903.6000,2903.8000,1,3,1,5,2,1,1,3,1,1
SF,IH2003,2020-02-17 09:33:46.300,2902.6000,24469,0,689189820.000,0,-,-,-,-,2902.6000,2901.6000,2901.4000,2899.6000,2899.4000,2902.8000,2903.4000,2903.6000,2903.8000,2904.0000,2,2,3,1,5,1,3,1,1,1
SF,IH2003,2020-02-17 09:33:46.800,2902.6000,24467,-2,690931380.000,2,0,2,双平,S,2901.6000,2901.4000,2899.6000,2899.4000,2899.2000,2902.6000,2902.8000,2903.4000,2903.6000,2903.8000,1,3,1,5,2,1,1,3,1,1
SF,IH2003,2020-02-17 09:33:47.300,2902.6000,24467,0,690931380.000,0,-,-,-,-,2901.6000,2901.4000,2899.6000,2899.4000,2899.2000,2902.6000,2902.8000,2903.4000,2903.6000,2903.8000,11,3,1,5,2,1,1,3,1,1
SF,IH2003,2020-02-17 09:33:47.800,2901.6000,24466,-1,691801860.000,1,0,1,双平,S,2901.6000,2901.4000,2899.6000,2899.4000,2899.2000,2902.6000,2902.8000,2903.4000,2903.6000,2903.8000,11,4,1,5,2,1,1,3,1,1
SF,IH2003,2020-02-17 09:33:48.300,2901.6000,24466,0,692672340.000,1,0,1,多换,S,2901.6000,2901.4000,2899.6000,2899.4000,2899.2000,2902.6000,2902.8000,2903.4000,2903.6000,2903.8000,10,3,1,5,2,1,1,3,1,1
SF,IH2003,2020-02-17 09:33:49.300,2902.6000,24464,-2,694413900.000,2,0,2,双平,S,2902.6000,2901.6000,2901.4000,2899.6000,2899.4000,2902.8000,2903.4000,2903.6000,2903.8000,2904.0000,1,10,3,1,5,1,3,1,1,1
SF,IH2003,2020-02-17 09:33:49.800,2902.6000,24464,0,695284680.000,1,0,1,多换,S,2901.8000,2901.6000,2901.4000,2899.6000,2899.4000,2902.4000,2902.6000,2902.8000,2903.4000,2903.6000,1,10,3,1,5,2,2,1,3,1
SF,IH2003,2020-02-17 09:33:50.300,2902.6000,24464,0,695284680.000,0,-,-,-,-,2901.6000,2901.4000,2899.6000,2899.4000,2899.2000,2902.4000,2902.6000,2903.4000,2903.6000,2903.8000,10,3,1,5,2,2,4,3,1,1
SF,IH2003,2020-02-17 09:33:50.800,2901.6000,24464,0,697025640.000,2,1,1,多换,S,2901.6000,2901.4000,2900.8000,2900.2000,2899.6000,2902.0000,2902.2000,2902.4000,2902.6000,2903.4000,8,3,1,1,1,1,1,2,3,2
SF,IH2003,2020-02-17 09:33:51.300,2901.6000,24464,0,699637080.000,3,1,2,多换,S,2901.6000,2901.4000,2900.8000,2900.2000,2899.6000,2901.8000,2902.0000,2902.4000,2902.6000,2903.4000,6,3,1,1,1,1,1,2,3,1
SF,IH2003,2020-02-17 09:33:51.800,2901.8000,24465,1,701378100.000,2,1,1,空开,S,2901.6000,2901.4000,2900.8000,2900.2000,2899.6000,2902.0000,2902.4000,2902.6000,2903.4000,2903.6000,5,3,1,1,1,1,3,3,1,1
SF,IH2003,2020-02-17 09:33:52.300,2902.0000,24463,-2,703989900.000,3,0,3,多平,S,2901.6000,2901.4000,2900.8000,2900.2000,2899.6000,2902.4000,2902.6000,2903.4000,2903.6000,2903.8000,2,3,1,1,1,3,3,1,1,1
SF,IH2003,2020-02-17 09:33:52.800,2902.0000,24463,0,703989900.000,0,-,-,-,-,2901.6000,2901.4000,2900.8000,2900.2000,2899.6000,2902.4000,2902.6000,2903.4000,2903.6000,2903.8000,5,3,1,1,1,1,2,1,1,1
SF,IH2003,2020-02-17 09:33:53.300,2902.4000,24462,-1,704860620.000,1,0,1,双平,S,2902.4000,2902.0000,2901.8000,2901.6000,2901.4000,2902.6000,2903.4000,2903.6000,2903.8000,2904.0000,1,1,1,6,3,1,1,1,1,1
SF,IH2003,2020-02-17 09:33:53.800,2902.6000,24461,-1,706602180.000,2,0,2,多平,S,2902.6000,2902.4000,2902.0000,2901.8000,2901.6000,2903.4000,2903.6000,2903.8000,2904.0000,2904.8000,1,3,1,3,6,1,1,1,1,2
SF,IH2003,2020-02-17 09:33:54.300,2902.6000,24460,-1,707472960.000,1,0,1,双平,S,2902.4000,2902.0000,2901.8000,2901.6000,2901.4000,2903.6000,2903.8000,2904.0000,2904.8000,2905.0000,1,1,3,6,3,1,1,2,2,3
SF,IH2003,2020-02-17 09:33:54.800,2903.6000,24460,0,708344040.000,1,0,1,多换,S,2903.4000,2902.6000,2902.4000,2902.0000,2901.8000,2903.8000,2904.0000,2904.8000,2905.0000,2905.8000,1,1,1,1,1,1,2,2,3,2
SF,IH2003,2020-02-17 09:33:55.300,2903.4000,24458,-2,710086080.000,2,0,2,双平,S,2903.0000,2902.6000,2902.4000,2902.0000,2901.8000,2903.2000,2903.4000,2903.6000,2903.8000,2904.0000,1,1,1,1,1,1,2,1,1,2
SF,IH2003,2020-02-17 09:33:55.800,2903.4000,24458,0,710086080.000,0,-,-,-,-,2902.4000,2902.0000,2901.8000,2901.6000,2901.4000,2903.4000,2903.6000,2903.8000,2904.0000,2904.8000,1,1,1,6,3,3,1,1,2,2
SF,IH2003,2020-02-17 09:33:56.300,2903.4000,24458,0,710957100.000,1,0,1,多换,S,2902.4000,2902.0000,2901.6000,2901.4000,2901.0000,2903.0000,2903.4000,2903.6000,2903.8000,2904.0000,1,1,6,3,1,1,2,1,1,2
SF,IH2003,2020-02-17 09:33:56.800,2903.0000,24458,0,711828000.000,1,0,1,多换,S,2902.4000,2902.0000,2901.6000,2901.4000,2901.0000,2903.4000,2903.6000,2903.8000,2904.0000,2904.8000,1,1,6,3,1,3,1,1,2,2
SF,IH2003,2020-02-17 09:33:57.300,2903.4000,24458,0,712699020.000,1,0,1,多换,S,2903.0000,2902.8000,2902.6000,2902.4000,2902.0000,2903.4000,2903.8000,2904.0000,2904.8000,2905.0000,1,1,1,2,1,2,1,2,2,3
SF,IH2003,2020-02-17 09:33:57.800,2904.0000,24455,-3,716183400.000,4,0,4,多平,S,2903.6000,2903.4000,2903.2000,2903.0000,2902.6000,2904.0000,2904.8000,2905.0000,2905.8000,2906.0000,2,1,2,1,1,1,2,3,2,1
SF,IH2003,2020-02-17 09:33:58.300,2904.8000,24455,0,717926040.000,2,1,1,多换,S,2903.6000,2903.4000,2903.0000,2902.6000,2902.4000,2904.8000,2905.0000,2905.8000,2906.0000,2906.4000,5,2,1,1,1,1,3,2,1,1
SF,IH2003,2020-02-17 09:33:58.800,2903.6000,24454,-1,718797120.000,1,0,1,双平,S,2903.6000,2903.0000,2902.6000,2902.4000,2902.0000,2904.8000,2905.0000,2905.8000,2906.0000,2906.4000,5,1,1,1,1,2,3,2,1,1
SF,IH2003,2020-02-17 09:33:59.300,2903.6000,24453,-1,719668200.000,1,0,1,双平,S,2904.0000,2903.6000,2902.6000,2902.4000,2902.0000,2904.8000,2905.0000,2905.8000,2906.0000,2906.4000,2,6,1,1,1,2,3,2,1,1
SF,IH2003,2020-02-17 09:33:59.800,2903.6000,24453,0,719668200.000,0,-,-,-,-,2904.0000,2903.6000,2902.6000,2902.4000,2902.0000,2904.2000,2904.8000,2905.0000,2905.6000,2905.8000,4,5,1,1,1,1,2,3,1,2
SF,IH2003,2020-02-17 09:34:00.300,2904.0000,24446,-7,725766720.000,7,0,7,双平,S,2903.6000,2902.6000,2902.4000,2902.0000,2901.8000,2904.8000,2905.0000,2905.6000,2905.8000,2906.0000,5,1,1,1,1,2,3,1,2,1
SF,IH2003,2020-02-17 09:34:00.800,2904.0000,24446,0,726637920.000,1,0,1,多换,S,2904.0000,2903.6000,2902.6000,2902.4000,2902.0000,2904.6000,2904.8000,2905.0000,2905.6000,2905.8000,2,7,1,1,1,2,2,3,1,2
SF,IH2003,2020-02-17 09:34:01.300,2904.0000,24446,0,727509120.000,1,0,1,多换,S,2904.0000,2903.6000,2902.8000,2902.6000,2902.4000,2904.6000,2904.8000,2905.0000,2905.6000,2905.8000,2,7,1,1,1,1,2,3,1,2
SF,IH2003,2020-02-17 09:34:01.800,2904.6000,24445,-1,728380500.000,1,0,1,双平,S,2904.6000,2904.2000,2904.0000,2903.6000,2903.2000,2904.8000,2905.0000,2905.6000,2905.8000,2906.0000,1,1,3,7,2,2,3,1,2,1
SF,IH2003,2020-02-17 09:34:02.300,2904.6000,24444,-1,729251880.000,1,0,1,双平,S,2904.2000,2904.0000,2903.6000,2903.2000,2902.8000,2904.8000,2905.0000,2905.6000,2905.8000,2906.0000,1,2,7,2,1,2,3,1,2,1
SF,IH2003,2020-02-17 09:34:02.800,2904.6000,24443,-1,732737460.000,4,1,3,多平,S,2904.6000,2904.2000,2904.0000,2903.6000,2903.2000,2904.8000,2905.0000,2905.6000,2905.8000,2906.0000,7,1,2,7,2,1,3,1,2,1
SF,IH2003,2020-02-17 09:34:03.300,2904.8000,24442,-1,734480280.000,2,0,2,多平,S,2904.6000,2904.0000,2903.6000,2903.2000,2902.8000,2905.0000,2905.6000,2905.8000,2906.0000,2906.4000,6,2,4,2,1,3,1,2,1,1
SF,IH2003,2020-02-17 09:34:03.800,2904.6000,24439,-3,737094420.000,3,0,3,双平,S,2904.6000,2904.0000,2903.6000,2903.2000,2902.8000,2905.0000,2905.6000,2905.8000,2906.0000,2906.4000,7,2,4,2,1,3,1,2,1,1
SF,IH2003,2020-02-17 09:34:04.300,2904.8000,24437,-2,739708680.000,3,0,3,多平,S,2904.6000,2904.0000,2903.6000,2903.2000,2902.8000,2904.8000,2905.0000,2905.6000,2905.8000,2906.0000,6,1,4,2,1,1,4,1,2,1
SF,IH2003,2020-02-17 09:34:04.800,2904.6000,24433,-4,745808340.000,7,1,6,多平,S,2904.0000,2903.6000,2903.2000,2902.8000,2902.6000,2904.6000,2904.8000,2905.0000,2905.6000,2905.8000,1,3,2,1,1,1,1,4,1,2
SF,IH2003,2020-02-17 09:34:05.300,2904.0000,24433,0,746679540.000,1,0,1,多换,S,2903.6000,2903.2000,2902.8000,2902.6000,2902.4000,2904.6000,2904.8000,2905.0000,2905.6000,2905.8000,2,2,1,1,1,1,1,4,1,2
SF,IH2003,2020-02-17 09:34:05.800,2903.6000,24432,-1,747550620.000,1,0,1,双平,S,2903.2000,2902.8000,2902.6000,2902.4000,2902.0000,2904.0000,2904.4000,2904.6000,2904.8000,2905.0000,2,1,1,1,1,1,1,1,1,5
SF,IH2003,2020-02-17 09:34:06.300,2903.4000,24430,-2,750163560.000,3,0,3,多平,S,2902.4000,2902.0000,2901.8000,2901.6000,2901.4000,2903.6000,2904.0000,2904.4000,2904.6000,2904.8000,1,1,1,2,1,1,1,1,1,1
SF,IH2003,2020-02-17 09:34:06.800,2902.4000,24427,-3,753647400.000,4,0,4,多平,S,2902.0000,2901.8000,2901.6000,2901.4000,2901.2000,2904.0000,2904.6000,2904.8000,2905.0000,2905.6000,1,1,2,1,1,1,1,1,5,1
SF,IH2003,2020-02-17 09:34:07.300,2902.0000,24427,0,754518000.000,1,0,1,多换,S,2902.2000,2901.8000,2901.6000,2901.4000,2901.2000,2903.4000,2903.8000,2904.0000,2904.6000,2904.8000,1,1,2,1,1,3,6,1,1,1
SF,IH2003,2020-02-17 09:34:07.800,2902.2000,24427,0,755388660.000,1,0,1,多换,S,2901.8000,2901.6000,2901.4000,2901.2000,2900.8000,2903.2000,2903.4000,2903.6000,2903.8000,2904.0000,1,2,1,1,1,4,1,1,3,3
SF,IH2003,2020-02-17 09:34:08.300,2902.2000,24427,0,755388660.000,0,-,-,-,-,2901.8000,2901.6000,2901.4000,2901.2000,2900.8000,2903.0000,2903.2000,2903.6000,2903.8000,2904.0000,1,2,1,1,1,4,3,1,1,3
SF,IH2003,2020-02-17 09:34:08.800,2902.8000,24425,-2,757130340.000,2,0,2,双平,S,2901.8000,2901.6000,2901.4000,2901.2000,2900.2000,2903.0000,2903.2000,2903.4000,2903.8000,2904.0000,1,2,1,1,1,2,4,1,1,3
SF,IH2003,2020-02-17 09:34:09.300,2903.0000,24425,0,758001240.000,1,0,1,多换,S,2902.0000,2901.8000,2901.6000,2901.4000,2901.2000,2903.2000,2903.8000,2904.0000,2904.6000,2904.8000,3,2,2,1,1,2,1,3,1,1
SF,IH2003,2020-02-17 09:34:09.800,2903.2000,24426,1,759743160.000,2,1,1,空开,S,2903.2000,2902.2000,2902.0000,2901.8000,2901.6000,2903.8000,2904.0000,2904.6000,2904.8000,2905.0000,1,3,1,3,2,1,1,1,1,4
SF,IH2003,2020-02-17 09:34:10.300,2903.8000,24425,-1,760614300.000,1,0,1,双平,S,2903.4000,2903.2000,2902.2000,2902.0000,2901.8000,2904.0000,2904.6000,2904.8000,2905.0000,2905.4000,3,1,4,2,3,1,1,1,4,1
SF,IH2003,2020-02-17 09:34:10.800,2903.8000,24424,-1,761485440.000,1,0,1,双平,S,2904.0000,2903.4000,2903.2000,2902.2000,2902.0000,2904.6000,2904.8000,2905.0000,2905.4000,2905.6000,1,3,3,3,2,1,1,4,1,1
SF,IH2003,2020-02-17 09:34:11.300,2903.4000,24421,-3,764098680.000,3,0,3,双平,S,2903.2000,2902.2000,2901.8000,2901.6000,2901.4000,2904.0000,2904.6000,2904.8000,2905.0000,2905.4000,3,3,2,2,1,1,1,1,4,1
SF,IH2003,2020-02-17 09:34:11.800,2904.0000,24421,0,764969880.000,1,0,1,多换,S,2903.4000,2903.2000,2902.2000,2901.8000,2901.6000,2904.0000,2904.6000,2904.8000,2905.0000,2905.4000,2,3,4,2,2,1,1,1,4,1
SF,IH2003,2020-02-17 09:34:12.300,2903.6000,24420,-1,766712160.000,2,0,2,多平,S,2903.4000,2903.2000,2902.2000,2901.8000,2901.6000,2904.6000,2904.8000,2905.0000,2905.4000,2905.6000,2,3,4,2,2,1,1,4,1,1
SF,IH2003,2020-02-17 09:34:12.800,2903.6000,24420,0,766712160.000,0,-,-,-,-,2904.0000,2903.6000,2903.4000,2903.2000,2902.2000,2904.6000,2904.8000,2905.0000,2905.4000,2905.6000,1,2,2,3,4,1,1,4,1,1
SF,IH2003,2020-02-17 09:34:13.300,2904.0000,24418,-2,768454560.000,2,0,2,双平,S,2904.0000,2903.6000,2903.4000,2903.2000,2902.2000,2904.6000,2904.8000,2905.0000,2905.4000,2905.6000,2,2,1,3,4,1,1,4,1,1
SF,IH2003,2020-02-17 09:34:13.800,2904.0000,24417,-1,771939360.000,4,1,3,多平,S,2903.6000,2903.4000,2903.2000,2902.2000,2901.8000,2904.0000,2904.6000,2904.8000,2905.0000,2905.4000,1,1,3,4,2,1,1,1,4,1
SF,IH2003,2020-02-17 09:34:14.300,2903.6000,24416,-1,773681640.000,2,0,2,多平,S,2903.4000,2903.2000,2902.8000,2902.2000,2901.8000,2904.0000,2904.6000,2904.8000,2905.0000,2905.4000,1,3,10,4,2,2,1,1,4,1
SF,IH2003,2020-02-17 09:34:14.800,2903.6000,24416,0,773681640.000,0,-,-,-,-,2903.4000,2903.2000,2902.8000,2902.2000,2901.8000,2903.6000,2904.0000,2904.6000,2904.8000,2905.0000,1,3,10,4,2,1,2,1,1,4
SF,IH2003,2020-02-17 09:34:15.300,2903.2000,24415,-1,775423620.000,2,0,2,多平,S,2903.2000,2902.8000,2902.2000,2901.8000,2901.6000,2903.6000,2904.0000,2904.6000,2904.8000,2905.0000,2,10,4,2,2,1,2,1,1,4
SF,IH2003,2020-02-17 09:34:15.800,2903.2000,24415,0,775423620.000,0,-,-,-,-,2903.2000,2902.8000,2902.2000,2901.8000,2901.6000,2903.6000,2904.0000,2904.6000,2904.8000,2905.0000,3,10,3,2,2,1,2,1,1,4
SF,IH2003,2020-02-17 09:34:16.800,2904.0000,24416,1,777165900.000,2,1,1,空开,S,2903.2000,2902.8000,2902.2000,2901.8000,2901.6000,2904.0000,2904.6000,2904.8000,2905.0000,2905.4000,3,10,3,2,2,1,1,1,4,1
SF,IH2003,2020-02-17 09:34:17.300,2903.2000,24415,-1,778907820.000,2,0,2,多平,S,2903.6000,2903.2000,2902.8000,2902.2000,2901.8000,2903.8000,2904.4000,2904.6000,2904.8000,2905.0000,2,1,10,3,2,2,1,1,1,4
SF,IH2003,2020-02-17 09:34:17.800,2903.2000,24413,-2,782391900.000,4,1,3,多平,S,2902.8000,2902.2000,2901.8000,2901.6000,2901.4000,2903.2000,2903.4000,2903.6000,2903.8000,2904.0000,10,3,2,2,1,3,1,2,3,2
SF,IH2003,2020-02-17 09:34:18.300,2902.8000,24416,3,791100300.000,10,6,4,空开,S,2902.2000,2901.8000,2901.6000,2901.4000,2901.2000,2902.6000,2902.8000,2903.0000,2903.2000,2903.6000,3,1,2,1,1,1,3,1,3,2
