市场代码,合约代码,时间,最新,持仓,增仓,成交额,成交量,开仓,平仓,成交类型,方向,买一价,买二价,买三价,买四价,买五价,卖一价,卖二价,卖三价,卖四价,卖五价,买一量,买二量,买三量,买四量,买五量,卖一量,卖二量,卖三量,卖四量,卖五量
SF,IH2009,2020-05-19 09:29:00.400,2754.0000,14222,0,6609600.000,8.000,-,-,-,-,2754.0000,2753.0000,2750.8000,2748.6000,2748.4000,2756.0000,2757.0000,2758.0000,2758.2000,2759.0000,3,4,1,1,1,2,1,2,1,1
SF,IH2009,2020-05-19 09:30:00.400,2757.4000,14224,2,13227000.000,8,5,3,空开,S,2757.4000,2756.2000,2756.0000,2755.8000,2755.0000,2758.0000,2758.8000,2759.0000,2760.0000,2762.0000,3,16,14,1,1,10,1,2,3,1
SF,IH2009,2020-05-19 09:30:00.900,2757.4000,14223,-1,15708780.000,3,1,2,多平,S,2757.4000,2756.2000,2756.0000,2755.0000,2754.4000,2758.0000,2758.8000,2759.0000,2760.0000,2762.0000,1,16,16,1,3,10,1,2,3,1
SF,IH2009,2020-05-19 09:30:01.400,2758.0000,14221,-2,18190980.000,3,0,3,多平,S,2756.2000,2756.0000,2755.0000,2754.4000,2754.2000,2757.8000,2758.0000,2758.8000,2759.0000,2760.0000,16,16,1,1,3,3,8,1,2,3
SF,IH2009,2020-05-19 09:30:01.900,2756.4000,14218,-3,20672220.000,3,0,3,双平,S,2756.2000,2756.0000,2755.0000,2754.4000,2754.2000,2757.4000,2757.6000,2757.8000,2758.0000,2758.8000,18,16,1,1,3,1,1,4,8,1
SF,IH2009,2020-05-19 09:30:02.400,2757.2000,14220,2,22326540.000,2,2,0,双开,S,2756.4000,2756.2000,2756.0000,2755.0000,2754.4000,2757.2000,2757.4000,2757.6000,2757.8000,2758.0000,2,18,16,1,1,3,1,1,1,8
SF,IH2009,2020-05-19 09:30:03.400,2757.2000,14220,0,22326540.000,0,-,-,-,-,2756.4000,2756.2000,2756.0000,2755.0000,2754.4000,2757.2000,2757.4000,2757.6000,2757.8000,2758.0000,2,18,16,1,1,3,1,1,1,8
SF,IH2009,2020-05-19 09:30:03.900,2757.2000,14217,-3,24808020.000,3,0,3,双平,S,2756.4000,2756.2000,2756.0000,2755.0000,2754.4000,2757.2000,2757.4000,2757.6000,2757.8000,2758.0000,2,18,16,1,1,3,1,1,1,8
SF,IH2009,2020-05-19 09:30:04.400,2757.2000,14217,0,24808020.000,0,-,-,-,-,2756.4000,2756.2000,2756.0000,2755.0000,2754.4000,2757.2000,2757.4000,2757.6000,2757.8000,2758.0000,2,18,16,1,1,3,1,1,1,8
SF,IH2009,2020-05-19 09:30:04.900,2757.6000,14214,-3,30597840.000,7,2,5,多平,S,2756.2000,2756.0000,2755.0000,2754.4000,2754.2000,2757.8000,2758.0000,2758.8000,2759.0000,2760.0000,18,16,2,1,3,1,8,2,2,3
SF,IH2009,2020-05-19 09:30:05.400,2757.8000,14213,-1,31425180.000,1,0,1,双平,S,2756.2000,2756.0000,2755.0000,2754.4000,2754.2000,2757.6000,2758.0000,2758.8000,2759.0000,2760.0000,18,16,2,1,3,1,8,2,2,3
SF,IH2009,2020-05-19 09:30:05.900,2757.8000,14213,0,31425180.000,0,-,-,-,-,2756.2000,2756.0000,2755.0000,2754.4000,2754.2000,2757.6000,2758.0000,2758.8000,2759.0000,2760.0000,18,16,2,1,3,1,8,2,2,3
SF,IH2009,2020-05-19 09:30:06.400,2756.2000,14211,-2,33905760.000,3,0,3,多平,S,2756.2000,2756.0000,2755.0000,2754.4000,2754.2000,2756.4000,2757.6000,2758.0000,2758.8000,2759.0000,15,16,2,1,3,1,1,8,2,2
SF,IH2009,2020-05-19 09:30:06.900,2757.6000,14208,-3,36387240.000,3,0,3,双平,S,2756.2000,2756.0000,2755.0000,2754.4000,2754.2000,2758.0000,2758.8000,2759.0000,2760.0000,2762.0000,13,14,2,1,3,8,2,2,1,1
SF,IH2009,2020-05-19 09:30:07.400,2756.2000,14208,0,37214100.000,1,0,1,多换,S,2756.2000,2756.0000,2755.0000,2754.4000,2754.2000,2757.8000,2758.0000,2758.8000,2759.0000,2760.0000,12,14,2,1,3,3,8,2,2,1
SF,IH2009,2020-05-19 09:30:07.900,2756.2000,14209,1,39694680.000,3,2,1,空开,S,2756.2000,2756.0000,2755.0000,2754.2000,2754.0000,2756.8000,2757.4000,2757.6000,2757.8000,2758.0000,10,13,2,3,6,1,1,1,5,10
SF,IH2009,2020-05-19 09:30:08.400,2756.2000,14206,-3,45482700.000,7,2,5,多平,S,2756.2000,2756.0000,2755.0000,2754.2000,2754.0000,2756.6000,2757.4000,2757.6000,2757.8000,2758.0000,3,13,2,3,4,1,1,1,4,8
SF,IH2009,2020-05-19 09:30:08.900,2756.4000,14207,1,49617000.000,5,3,2,空开,S,2756.0000,2755.0000,2754.2000,2754.0000,2750.0000,2756.2000,2756.4000,2757.2000,2757.4000,2757.6000,12,2,3,4,1,1,1,1,1,1
SF,IH2009,2020-05-19 09:30:09.400,2756.2000,14206,-1,60370860.000,13,6,7,多平,S,2756.0000,2755.0000,2754.2000,2754.0000,2750.0000,2758.0000,2758.8000,2759.0000,2760.0000,2762.0000,12,2,3,4,1,5,2,2,1,1
SF,IH2009,2020-05-19 09:30:09.900,2756.0000,14206,0,61197660.000,1,0,1,多换,S,2756.2000,2756.0000,2755.0000,2754.2000,2754.0000,2756.4000,2756.8000,2757.6000,2757.8000,2758.0000,1,11,2,3,4,1,4,1,2,7
SF,IH2009,2020-05-19 09:30:10.400,2756.2000,14204,-2,63678600.000,3,0,3,多平,S,2756.0000,2755.0000,2754.2000,2754.0000,2750.0000,2757.8000,2758.0000,2758.2000,2758.8000,2759.0000,12,2,3,4,1,1,5,1,2,2
SF,IH2009,2020-05-19 09:30:10.900,2756.2000,14204,0,63678600.000,0,-,-,-,-,2756.2000,2756.0000,2755.0000,2754.2000,2754.0000,2757.8000,2758.0000,2758.2000,2758.8000,2759.0000,2,12,2,3,4,1,5,1,2,2
SF,IH2009,2020-05-19 09:30:11.400,2756.2000,14203,-1,64505460.000,1,0,1,双平,S,2756.4000,2756.2000,2756.0000,2755.0000,2754.2000,2757.6000,2757.8000,2758.0000,2758.2000,2758.8000,5,1,12,2,3,3,1,5,1,2
SF,IH2009,2020-05-19 09:30:11.900,2756.2000,14203,0,64505460.000,0,-,-,-,-,2756.4000,2756.2000,2756.0000,2755.0000,2754.2000,2757.6000,2757.8000,2758.0000,2758.2000,2758.8000,5,1,12,2,3,3,1,5,1,2
SF,IH2009,2020-05-19 09:30:12.400,2756.2000,14202,-1,69466920.000,6,2,4,多平,S,2756.0000,2755.0000,2754.2000,2754.0000,2750.0000,2757.4000,2758.0000,2758.2000,2758.8000,2759.0000,12,2,3,4,1,2,5,1,2,2
SF,IH2009,2020-05-19 09:30:12.900,2757.2000,14201,-1,70294080.000,1,0,1,双平,S,2756.0000,2755.0000,2754.2000,2754.0000,2750.0000,2757.4000,2758.0000,2758.2000,2758.8000,2759.0000,12,2,3,4,1,2,5,1,2,2
SF,IH2009,2020-05-19 09:30:13.400,2757.2000,14201,0,70294080.000,0,-,-,-,-,2756.0000,2755.0000,2754.2000,2754.0000,2750.0000,2756.2000,2757.4000,2758.0000,2758.2000,2758.8000,12,2,3,4,1,1,2,5,1,2
SF,IH2009,2020-05-19 09:30:13.900,2756.0000,14201,0,71947680.000,2,1,1,多换,S,2756.0000,2755.0000,2754.2000,2754.0000,2750.0000,2756.2000,2757.2000,2757.4000,2757.6000,2758.0000,10,2,3,4,1,1,3,6,1,5
SF,IH2009,2020-05-19 09:30:14.400,2756.0000,14201,0,78562080.000,8,4,4,多换,S,2756.0000,2755.0000,2754.2000,2754.0000,2750.0000,2756.2000,2757.2000,2757.4000,2758.0000,2758.2000,2,2,3,4,1,1,3,5,5,1
SF,IH2009,2020-05-19 09:30:14.900,2756.0000,14201,0,81042480.000,3,1,2,多换,S,2755.0000,2754.2000,2754.0000,2750.0000,2747.4000,2756.2000,2757.4000,2758.0000,2758.2000,2758.8000,2,3,4,1,5,2,5,5,1,2
SF,IH2009,2020-05-19 09:30:15.400,2756.0000,14201,0,81042480.000,0,-,-,-,-,2756.0000,2755.2000,2755.0000,2754.2000,2754.0000,2756.2000,2757.4000,2758.0000,2758.2000,2758.8000,1,2,2,3,4,1,5,5,1,2
SF,IH2009,2020-05-19 09:30:15.900,2756.2000,14199,-2,82696140.000,2,0,2,双平,S,2755.2000,2755.0000,2754.2000,2754.0000,2750.0000,2755.6000,2756.0000,2757.4000,2758.0000,2758.2000,2,2,3,4,1,1,1,1,5,1
SF,IH2009,2020-05-19 09:30:16.400,2755.2000,14196,-3,85175940.000,3,0,3,双平,S,2755.0000,2754.2000,2754.0000,2750.0000,2747.4000,2755.2000,2756.0000,2757.4000,2758.0000,2758.2000,2,3,4,1,5,2,2,1,5,1
SF,IH2009,2020-05-19 09:30:16.900,2755.0000,14193,-3,88482120.000,4,0,4,多平,S,2755.0000,2754.2000,2754.0000,2750.0000,2747.4000,2756.0000,2757.4000,2758.0000,2758.2000,2758.8000,1,3,4,1,5,1,1,6,1,2
SF,IH2009,2020-05-19 09:30:17.900,2756.0000,14192,-1,89308920.000,1,0,1,双平,S,2755.0000,2754.2000,2754.0000,2750.0000,2747.4000,2757.4000,2758.0000,2758.2000,2758.8000,2759.0000,1,3,4,1,5,1,6,1,2,2
SF,IH2009,2020-05-19 09:30:18.400,2755.2000,14191,-1,90135480.000,1,0,1,双平,S,2755.0000,2754.2000,2754.0000,2750.0000,2747.4000,2756.2000,2757.2000,2757.4000,2757.6000,2758.0000,1,3,4,1,5,1,6,3,1,6
SF,IH2009,2020-05-19 09:30:18.900,2755.2000,14191,0,90135480.000,0,-,-,-,-,2755.0000,2754.2000,2754.0000,2750.0000,2747.4000,2756.2000,2757.2000,2757.4000,2757.6000,2758.0000,1,3,4,1,5,1,6,3,1,6
SF,IH2009,2020-05-19 09:30:19.400,2755.0000,14191,0,90961980.000,1,0,1,多换,S,2754.2000,2754.0000,2750.0000,2747.4000,2745.0000,2756.0000,2756.2000,2757.2000,2757.4000,2757.6000,3,4,1,5,2,1,1,6,2,1
SF,IH2009,2020-05-19 09:30:19.900,2755.0000,14191,0,90961980.000,0,-,-,-,-,2754.2000,2754.0000,2750.0000,2747.4000,2745.0000,2755.6000,2755.8000,2756.0000,2756.2000,2757.2000,3,4,1,5,2,2,1,4,1,4
SF,IH2009,2020-05-19 09:30:20.400,2755.0000,14191,0,90961980.000,0,-,-,-,-,2754.2000,2754.0000,2750.0000,2747.4000,2745.0000,2755.4000,2755.6000,2755.8000,2756.0000,2757.2000,3,4,1,5,2,1,2,1,3,4
SF,IH2009,2020-05-19 09:30:20.900,2754.2000,14191,0,91788240.000,1,0,1,多换,S,2754.2000,2754.0000,2750.0000,2747.4000,2745.0000,2754.6000,2755.2000,2755.4000,2755.8000,2756.0000,2,4,1,5,2,1,8,4,1,3
SF,IH2009,2020-05-19 09:30:21.400,2754.2000,14193,2,93440760.000,2,2,0,双开,S,2754.0000,2750.0000,2747.4000,2745.0000,2742.0000,2754.2000,2755.0000,2755.2000,2755.4000,2755.8000,4,1,5,2,2,2,2,8,4,1
SF,IH2009,2020-05-19 09:30:21.900,2754.2000,14193,0,95093280.000,2,1,1,多换,S,2754.2000,2754.0000,2750.0000,2745.0000,2743.6000,2755.0000,2755.2000,2755.4000,2755.8000,2756.0000,1,4,1,2,5,2,8,4,1,3
SF,IH2009,2020-05-19 09:30:22.400,2754.2000,14193,0,95093280.000,0,-,-,-,-,2754.2000,2754.0000,2750.0000,2745.0000,2743.6000,2754.6000,2755.0000,2755.4000,2755.8000,2756.0000,1,4,1,2,5,1,2,4,1,3
SF,IH2009,2020-05-19 09:30:22.900,2755.4000,14195,2,100052400.000,6,4,2,空开,S,2754.0000,2750.0000,2745.0000,2743.6000,2742.0000,2755.4000,2755.8000,2756.0000,2756.8000,2757.2000,4,1,2,5,2,1,1,3,1,4
SF,IH2009,2020-05-19 09:30:23.400,2754.0000,14198,3,104183400.000,5,4,1,空开,S,2750.0000,2745.0000,2743.6000,2742.0000,2741.0000,2754.0000,2754.6000,2755.2000,2755.4000,2755.8000,1,2,5,2,1,3,2,4,2,1
SF,IH2009,2020-05-19 09:30:23.900,2754.0000,14198,0,104183400.000,0,-,-,-,-,2753.2000,2752.2000,2751.0000,2750.8000,2750.6000,2753.8000,2755.2000,2756.0000,2756.8000,2757.2000,2,3,2,1,3,2,1,3,1,3
SF,IH2009,2020-05-19 09:30:24.400,2753.8000,14196,-2,105835680.000,2,0,2,双平,S,2751.2000,2751.0000,2750.6000,2750.4000,2750.2000,2755.2000,2756.0000,2756.8000,2757.2000,2757.4000,1,2,2,9,8,1,3,1,3,1
SF,IH2009,2020-05-19 09:30:24.900,2753.8000,14196,0,105835680.000,0,-,-,-,-,2753.0000,2752.0000,2751.6000,2751.4000,2751.2000,2753.2000,2754.0000,2755.2000,2756.0000,2756.8000,2,2,9,7,2,1,5,1,3,1
SF,IH2009,2020-05-19 09:30:25.400,2753.2000,14193,-3,108313560.000,3,0,3,双平,S,2753.0000,2751.6000,2751.4000,2751.2000,2751.0000,2754.0000,2755.2000,2756.0000,2756.8000,2757.2000,2,9,5,1,2,5,1,4,1,3
SF,IH2009,2020-05-19 09:30:25.900,2753.2000,14192,-1,109139520.000,1,0,1,双平,S,2751.6000,2751.4000,2751.2000,2751.0000,2750.6000,2754.0000,2755.2000,2756.0000,2756.8000,2757.2000,9,5,1,2,1,5,1,4,1,3
SF,IH2009,2020-05-19 09:30:26.400,2754.0000,14191,-1,109965720.000,1,0,1,双平,S,2752.6000,2751.8000,2751.6000,2751.4000,2751.2000,2754.0000,2755.2000,2756.0000,2756.8000,2757.2000,2,8,8,2,1,4,1,4,1,3
SF,IH2009,2020-05-19 09:30:26.900,2754.0000,14191,0,109965720.000,0,-,-,-,-,2753.6000,2752.8000,2752.6000,2751.8000,2751.6000,2753.8000,2754.0000,2756.0000,2756.8000,2757.2000,2,2,2,7,8,1,4,4,1,3
SF,IH2009,2020-05-19 09:30:27.400,2754.0000,14191,0,109965720.000,0,-,-,-,-,2753.6000,2752.8000,2752.6000,2751.8000,2751.6000,2754.0000,2756.0000,2756.8000,2757.2000,2757.4000,2,1,2,7,8,4,4,1,3,1
SF,IH2009,2020-05-19 09:30:27.900,2753.6000,14191,0,111617880.000,2,1,1,多换,S,2752.8000,2752.6000,2751.8000,2751.6000,2751.4000,2754.0000,2756.0000,2756.8000,2757.2000,2757.4000,1,2,7,7,2,4,4,1,3,1
SF,IH2009,2020-05-19 09:30:28.400,2754.0000,14188,-3,114922680.000,4,0,4,多平,S,2753.0000,2752.8000,2752.6000,2751.8000,2751.6000,2756.0000,2756.8000,2757.2000,2757.4000,2757.6000,4,1,2,5,7,4,1,3,1,1
SF,IH2009,2020-05-19 09:30:28.900,2754.0000,14188,0,114922680.000,0,-,-,-,-,2753.2000,2753.0000,2752.6000,2751.8000,2751.6000,2756.0000,2756.8000,2757.2000,2757.4000,2757.6000,1,3,2,1,7,1,1,3,1,1
SF,IH2009,2020-05-19 09:30:29.400,2754.2000,14188,0,115748940.000,1,0,1,多换,S,2753.4000,2753.2000,2753.0000,2752.6000,2751.8000,2755.8000,2756.0000,2756.8000,2757.2000,2757.4000,1,1,3,2,1,1,1,1,3,1
SF,IH2009,2020-05-19 09:30:29.900,2754.2000,14188,0,115748940.000,0,-,-,-,-,2753.6000,2753.4000,2753.0000,2751.8000,2751.6000,2755.8000,2756.0000,2756.8000,2757.2000,2757.4000,2,2,1,1,7,2,1,1,3,1
SF,IH2009,2020-05-19 09:30:30.400,2754.2000,14188,0,115748940.000,0,-,-,-,-,2753.8000,2753.6000,2753.4000,2753.0000,2751.8000,2755.8000,2756.0000,2756.8000,2757.2000,2757.4000,3,2,1,1,1,2,2,1,3,1
SF,IH2009,2020-05-19 09:30:30.900,2754.2000,14188,0,115748940.000,0,-,-,-,-,2754.0000,2753.6000,2753.0000,2751.8000,2751.6000,2755.8000,2756.0000,2756.8000,2757.2000,2757.4000,2,1,1,1,7,2,1,1,3,1
SF,IH2009,2020-05-19 09:30:31.400,2755.8000,14187,-1,116575680.000,1,0,1,双平,S,2754.0000,2753.6000,2753.0000,2751.8000,2751.6000,2756.0000,2756.8000,2757.2000,2757.4000,2757.6000,2,1,1,1,7,2,1,3,1,1
SF,IH2009,2020-05-19 09:30:31.900,2755.8000,14187,0,116575680.000,0,-,-,-,-,2754.2000,2754.0000,2753.0000,2751.8000,2751.6000,2755.6000,2756.0000,2756.8000,2757.2000,2757.4000,1,2,1,1,7,1,2,1,3,1
SF,IH2009,2020-05-19 09:30:32.400,2754.4000,14186,-1,117402000.000,1,0,1,双平,S,2754.4000,2754.2000,2754.0000,2753.0000,2751.8000,2755.6000,2756.0000,2756.8000,2757.2000,2757.4000,1,1,1,1,2,1,1,1,3,1
SF,IH2009,2020-05-19 09:30:32.900,2754.4000,14186,0,117402000.000,0,-,-,-,-,2754.6000,2753.0000,2751.8000,2751.6000,2751.4000,2756.0000,2756.8000,2757.2000,2757.4000,2757.6000,1,1,2,7,2,1,1,3,1,1
SF,IH2009,2020-05-19 09:30:33.400,2754.4000,14186,0,117402000.000,0,-,-,-,-,2753.2000,2753.0000,2751.8000,2751.6000,2751.4000,2754.2000,2755.6000,2755.8000,2756.0000,2756.8000,1,1,2,7,2,2,1,1,2,1
SF,IH2009,2020-05-19 09:30:33.900,2754.2000,14183,-3,119880780.000,3,0,3,双平,S,2755.6000,2754.2000,2754.0000,2753.8000,2753.4000,2756.0000,2756.8000,2757.2000,2757.4000,2757.6000,1,1,1,1,6,2,1,3,1,1
SF,IH2009,2020-05-19 09:30:34.400,2754.2000,14182,-1,120707040.000,1,0,1,双平,S,2754.2000,2754.0000,2753.4000,2753.2000,2753.0000,2755.6000,2756.0000,2756.8000,2757.2000,2757.4000,2,1,5,1,1,2,2,1,3,1
SF,IH2009,2020-05-19 09:30:34.900,2754.2000,14182,0,120707040.000,0,-,-,-,-,2754.4000,2754.2000,2753.4000,2753.0000,2751.8000,2755.4000,2755.6000,2756.0000,2756.8000,2757.2000,2,2,3,1,2,2,2,2,1,3
SF,IH2009,2020-05-19 09:30:35.400,2754.2000,14182,0,120707040.000,0,-,-,-,-,2754.4000,2754.2000,2753.4000,2753.0000,2751.8000,2755.4000,2755.6000,2756.0000,2756.8000,2757.2000,1,2,1,1,2,2,2,2,1,3
SF,IH2009,2020-05-19 09:30:35.900,2754.2000,14182,0,120707040.000,0,-,-,-,-,2754.4000,2754.2000,2753.4000,2753.0000,2751.8000,2755.6000,2756.0000,2756.8000,2757.2000,2757.4000,1,2,1,1,2,3,2,1,3,1
SF,IH2009,2020-05-19 09:30:36.400,2754.2000,14182,0,120707040.000,0,-,-,-,-,2754.4000,2754.2000,2753.4000,2753.0000,2751.8000,2755.6000,2756.0000,2756.8000,2757.2000,2757.4000,1,2,1,1,2,3,2,1,3,1
SF,IH2009,2020-05-19 09:30:36.900,2754.2000,14182,0,120707040.000,0,-,-,-,-,2754.6000,2754.4000,2754.2000,2753.4000,2753.0000,2755.6000,2756.0000,2756.8000,2757.2000,2757.4000,1,1,1,1,1,3,2,1,3,1
SF,IH2009,2020-05-19 09:30:37.400,2754.2000,14182,0,120707040.000,0,-,-,-,-,2754.6000,2754.4000,2754.2000,2753.4000,2753.0000,2755.6000,2756.0000,2756.8000,2757.2000,2757.4000,1,1,1,1,1,3,2,1,3,1
SF,IH2009,2020-05-19 09:30:37.900,2754.2000,14182,0,120707040.000,0,-,-,-,-,2754.6000,2754.4000,2754.2000,2753.4000,2753.0000,2755.6000,2756.0000,2756.8000,2757.2000,2757.6000,1,1,1,1,1,3,2,1,3,1
SF,IH2009,2020-05-19 09:30:38.400,2755.6000,14180,-2,123187080.000,3,0,3,多平,S,2754.8000,2754.6000,2754.4000,2754.2000,2753.4000,2756.0000,2756.8000,2757.6000,2758.0000,2758.2000,1,1,2,1,1,2,1,1,6,1
SF,IH2009,2020-05-19 09:30:38.900,2755.6000,14180,0,123187080.000,0,-,-,-,-,2755.0000,2754.8000,2754.4000,2754.2000,2753.4000,2756.0000,2756.8000,2757.6000,2758.0000,2758.2000,3,1,1,1,1,2,1,1,6,1
SF,IH2009,2020-05-19 09:30:39.400,2755.6000,14180,0,123187080.000,0,-,-,-,-,2755.0000,2754.8000,2754.4000,2754.2000,2753.0000,2756.0000,2756.8000,2757.6000,2758.0000,2758.2000,4,1,1,1,1,2,1,1,6,1
SF,IH2009,2020-05-19 09:30:39.900,2755.6000,14180,0,123187080.000,0,-,-,-,-,2755.2000,2755.0000,2754.8000,2754.4000,2754.2000,2756.0000,2756.8000,2758.0000,2758.2000,2758.6000,2,4,1,1,1,2,1,6,1,1
SF,IH2009,2020-05-19 09:30:40.400,2755.0000,14178,-2,124840140.000,2,0,2,双平,S,2755.0000,2754.4000,2754.2000,2754.0000,2753.0000,2755.6000,2756.0000,2756.8000,2758.0000,2758.2000,2,1,1,1,1,1,2,1,6,1
SF,IH2009,2020-05-19 09:30:40.900,2755.0000,14178,0,124840140.000,0,-,-,-,-,2755.0000,2754.4000,2754.2000,2754.0000,2753.0000,2755.6000,2756.0000,2756.8000,2758.0000,2758.2000,1,1,1,1,1,1,2,1,6,1
SF,IH2009,2020-05-19 09:30:41.400,2755.6000,14179,1,125666820.000,1,1,0,双开,S,2755.0000,2754.4000,2754.2000,2754.0000,2753.0000,2756.0000,2756.8000,2758.0000,2758.2000,2758.6000,1,1,1,1,1,2,1,6,1,1
SF,IH2009,2020-05-19 09:30:42.400,2755.6000,14179,0,125666820.000,0,-,-,-,-,2755.2000,2755.0000,2754.4000,2754.2000,2754.0000,2756.0000,2756.8000,2758.0000,2758.2000,2758.6000,3,1,1,1,1,2,1,6,1,1
SF,IH2009,2020-05-19 09:30:43.400,2755.0000,14175,-4,129799500.000,5,0,5,多平,S,2754.4000,2754.2000,2754.0000,2753.0000,2751.8000,2755.0000,2755.2000,2756.0000,2756.8000,2758.0000,1,1,1,1,2,2,1,2,1,6
SF,IH2009,2020-05-19 09:30:43.900,2755.0000,14175,0,129799500.000,0,-,-,-,-,2754.6000,2754.4000,2754.2000,2754.0000,2753.0000,2755.0000,2755.2000,2755.8000,2756.0000,2756.8000,1,1,1,1,1,2,1,1,2,1
SF,IH2009,2020-05-19 09:30:44.400,2755.0000,14175,0,129799500.000,0,-,-,-,-,2754.4000,2754.2000,2754.0000,2753.0000,2751.8000,2755.0000,2755.2000,2755.8000,2756.0000,2756.8000,1,1,1,1,2,2,1,1,2,1
SF,IH2009,2020-05-19 09:30:44.900,2755.0000,14175,0,129799500.000,0,-,-,-,-,2754.4000,2754.2000,2754.0000,2753.2000,2753.0000,2755.0000,2755.2000,2755.8000,2756.0000,2756.8000,1,1,1,1,1,2,1,1,2,1
SF,IH2009,2020-05-19 09:30:45.400,2755.0000,14175,0,130626000.000,1,0,1,多换,S,2754.6000,2754.4000,2754.2000,2754.0000,2753.2000,2755.0000,2755.2000,2755.8000,2756.0000,2756.8000,1,1,1,1,1,1,1,1,2,1
SF,IH2009,2020-05-19 09:30:45.900,2755.0000,14175,0,130626000.000,0,-,-,-,-,2754.4000,2754.2000,2754.0000,2753.2000,2753.0000,2755.0000,2755.2000,2755.8000,2756.0000,2756.8000,1,1,1,1,1,1,1,1,2,1
SF,IH2009,2020-05-19 09:30:46.400,2755.0000,14175,0,130626000.000,0,-,-,-,-,2754.4000,2754.2000,2754.0000,2753.2000,2753.0000,2755.0000,2755.2000,2755.8000,2756.0000,2756.8000,1,1,1,1,1,1,1,1,3,1
SF,IH2009,2020-05-19 09:30:46.900,2755.0000,14174,-1,131452500.000,1,0,1,双平,S,2754.4000,2754.2000,2754.0000,2753.2000,2753.0000,2755.2000,2755.8000,2756.0000,2756.8000,2758.0000,1,1,1,1,1,1,1,3,1,6
SF,IH2009,2020-05-19 09:30:47.400,2755.0000,14174,0,131452500.000,0,-,-,-,-,2754.6000,2754.4000,2754.2000,2754.0000,2753.2000,2755.2000,2755.8000,2756.0000,2756.8000,2758.0000,1,1,1,1,1,1,1,3,1,6
SF,IH2009,2020-05-19 09:30:47.900,2755.0000,14174,0,131452500.000,0,-,-,-,-,2754.6000,2754.4000,2754.2000,2754.0000,2753.2000,2755.2000,2755.8000,2756.0000,2756.8000,2758.0000,3,1,1,1,1,1,1,3,1,6
SF,IH2009,2020-05-19 09:30:48.400,2755.0000,14174,0,131452500.000,0,-,-,-,-,2754.6000,2754.4000,2754.2000,2754.0000,2753.2000,2755.2000,2755.8000,2756.0000,2756.8000,2758.0000,1,1,1,1,1,1,1,3,1,6
SF,IH2009,2020-05-19 09:30:49.400,2755.0000,14174,0,131452500.000,0,-,-,-,-,2754.6000,2754.4000,2754.2000,2754.0000,2753.2000,2755.8000,2756.0000,2756.8000,2758.0000,2758.2000,1,1,1,1,1,1,3,1,6,1
SF,IH2009,2020-05-19 09:30:49.900,2755.0000,14174,0,131452500.000,0,-,-,-,-,2754.8000,2754.6000,2754.4000,2754.2000,2754.0000,2755.6000,2755.8000,2756.0000,2756.8000,2758.0000,1,2,1,1,1,1,2,3,1,6
SF,IH2009,2020-05-19 09:30:50.400,2755.0000,14174,0,131452500.000,0,-,-,-,-,2754.4000,2754.2000,2754.0000,2753.2000,2753.0000,2755.6000,2755.8000,2756.0000,2756.8000,2758.0000,1,1,1,1,1,1,2,3,1,6
SF,IH2009,2020-05-19 09:30:50.900,2755.0000,14174,0,131452500.000,0,-,-,-,-,2754.6000,2754.4000,2754.2000,2754.0000,2753.2000,2755.6000,2755.8000,2756.0000,2756.8000,2758.0000,1,1,1,1,1,1,1,3,1,6
SF,IH2009,2020-05-19 09:30:51.400,2755.0000,14174,0,131452500.000,0,-,-,-,-,2754.4000,2754.2000,2754.0000,2753.2000,2753.0000,2755.6000,2755.8000,2756.0000,2756.8000,2758.0000,1,1,1,1,1,1,1,3,1,6
SF,IH2009,2020-05-19 09:30:52.400,2755.0000,14174,0,131452500.000,0,-,-,-,-,2754.6000,2754.4000,2754.2000,2754.0000,2753.2000,2755.6000,2755.8000,2756.0000,2756.8000,2758.0000,1,1,1,1,1,2,1,3,1,6
SF,IH2009,2020-05-19 09:30:52.900,2755.0000,14174,0,131452500.000,0,-,-,-,-,2754.4000,2754.2000,2754.0000,2753.2000,2753.0000,2755.6000,2755.8000,2756.0000,2756.8000,2758.0000,1,1,1,1,1,1,1,3,1,6
SF,IH2009,2020-05-19 09:30:53.400,2755.0000,14174,0,131452500.000,0,-,-,-,-,2754.6000,2754.4000,2754.2000,2754.0000,2753.2000,2755.4000,2755.6000,2755.8000,2756.0000,2756.8000,1,1,1,1,1,1,1,1,3,1
SF,IH2009,2020-05-19 09:30:53.900,2755.0000,14174,0,131452500.000,0,-,-,-,-,2754.6000,2754.4000,2754.2000,2754.0000,2753.2000,2755.6000,2755.8000,2756.0000,2756.8000,2758.0000,2,1,1,1,1,1,1,3,1,6
SF,IH2009,2020-05-19 09:30:54.400,2755.0000,14174,0,131452500.000,0,-,-,-,-,2754.8000,2754.6000,2754.4000,2754.2000,2754.0000,2755.6000,2755.8000,2756.0000,2756.8000,2758.0000,1,2,1,1,1,1,1,3,1,6
SF,IH2009,2020-05-19 09:30:54.900,2755.0000,14174,0,131452500.000,0,-,-,-,-,2754.8000,2754.6000,2754.4000,2754.2000,2754.0000,2755.6000,2755.8000,2756.0000,2756.8000,2758.0000,1,2,1,1,1,1,1,3,1,6
SF,IH2009,2020-05-19 09:30:55.400,2755.0000,14174,0,131452500.000,0,-,-,-,-,2754.6000,2754.4000,2754.2000,2754.0000,2753.2000,2755.6000,2755.8000,2756.0000,2756.8000,2758.0000,2,1,1,1,1,1,1,3,1,6
SF,IH2009,2020-05-19 09:30:55.900,2755.0000,14174,0,131452500.000,0,-,-,-,-,2754.6000,2754.4000,2754.2000,2754.0000,2753.2000,2755.6000,2755.8000,2756.0000,2756.8000,2758.0000,2,1,1,1,1,2,1,3,1,6
SF,IH2009,2020-05-19 09:30:56.400,2755.0000,14174,0,131452500.000,0,-,-,-,-,2754.4000,2754.2000,2754.0000,2753.2000,2753.0000,2755.6000,2755.8000,2756.0000,2756.8000,2758.0000,1,1,1,1,1,1,1,3,1,6
SF,IH2009,2020-05-19 09:30:56.900,2755.0000,14174,0,131452500.000,0,-,-,-,-,2754.6000,2754.4000,2754.2000,2754.0000,2753.2000,2755.6000,2755.8000,2756.0000,2756.8000,2758.0000,4,1,1,1,1,1,1,3,1,6
SF,IH2009,2020-05-19 09:30:57.400,2755.0000,14174,0,131452500.000,0,-,-,-,-,2754.8000,2754.6000,2754.4000,2754.2000,2754.0000,2755.6000,2755.8000,2756.0000,2756.8000,2758.0000,3,4,2,1,1,1,1,3,1,6
SF,IH2009,2020-05-19 09:30:57.900,2755.0000,14174,0,131452500.000,0,-,-,-,-,2754.6000,2754.4000,2754.2000,2754.0000,2753.2000,2755.6000,2755.8000,2756.0000,2756.8000,2758.0000,3,1,1,1,1,1,1,3,1,6
SF,IH2009,2020-05-19 09:30:58.400,2755.0000,14174,0,131452500.000,0,-,-,-,-,2754.8000,2754.6000,2754.4000,2754.2000,2754.0000,2755.0000,2755.6000,2755.8000,2756.0000,2756.8000,2,5,1,1,1,1,1,1,3,1
SF,IH2009,2020-05-19 09:30:58.900,2755.0000,14172,-2,133105500.000,2,0,2,双平,S,2754.8000,2754.6000,2754.4000,2754.2000,2754.0000,2755.6000,2755.8000,2756.0000,2756.8000,2758.0000,1,5,1,1,1,1,1,3,1,6
SF,IH2009,2020-05-19 09:30:59.400,2755.6000,14171,-1,133932180.000,1,0,1,双平,S,2755.6000,2755.0000,2754.6000,2754.4000,2754.2000,2755.8000,2756.0000,2756.8000,2758.0000,2758.2000,2,1,2,1,1,1,3,1,6,1
SF,IH2009,2020-05-19 09:30:59.900,2755.6000,14169,-2,135585540.000,2,0,2,双平,S,2755.0000,2754.6000,2754.4000,2754.2000,2754.0000,2755.6000,2755.8000,2756.0000,2756.8000,2758.0000,1,2,1,1,1,2,1,3,1,6
SF,IH2009,2020-05-19 09:31:00.400,2756.0000,14170,1,139719360.000,5,3,2,空开,S,2755.0000,2754.6000,2754.4000,2754.2000,2754.0000,2756.8000,2758.0000,2758.2000,2758.6000,2759.0000,1,2,1,1,1,1,6,1,1,2
SF,IH2009,2020-05-19 09:31:00.900,2756.0000,14170,0,139719360.000,0,-,-,-,-,2755.2000,2755.0000,2754.6000,2754.4000,2754.2000,2756.0000,2756.6000,2756.8000,2757.0000,2758.0000,2,2,2,1,1,1,1,1,1,6
SF,IH2009,2020-05-19 09:31:01.400,2756.0000,14170,0,139719360.000,0,-,-,-,-,2755.2000,2755.0000,2754.6000,2754.4000,2754.2000,2756.0000,2756.6000,2756.8000,2757.0000,2758.0000,2,2,2,1,1,1,1,1,1,6
SF,IH2009,2020-05-19 09:31:01.900,2756.0000,14170,0,139719360.000,0,-,-,-,-,2755.2000,2755.0000,2754.6000,2754.4000,2754.2000,2756.0000,2756.6000,2756.8000,2758.0000,2758.2000,1,2,2,1,1,1,1,1,6,1
SF,IH2009,2020-05-19 09:31:02.400,2756.0000,14170,0,139719360.000,0,-,-,-,-,2755.0000,2754.6000,2754.4000,2754.2000,2754.0000,2756.0000,2756.6000,2756.8000,2758.0000,2758.2000,2,2,1,1,1,1,1,1,6,1
SF,IH2009,2020-05-19 09:31:02.900,2755.2000,14168,-2,141372720.000,2,0,2,双平,S,2755.2000,2755.0000,2754.6000,2754.4000,2754.2000,2756.6000,2756.8000,2758.0000,2758.2000,2758.6000,1,2,2,1,1,2,1,6,1,1
SF,IH2009,2020-05-19 09:31:03.400,2755.2000,14168,0,141372720.000,0,-,-,-,-,2755.4000,2755.2000,2755.0000,2754.4000,2754.2000,2756.6000,2756.8000,2758.0000,2758.2000,2758.6000,1,5,1,1,1,2,1,6,1,1
SF,IH2009,2020-05-19 09:31:03.900,2755.2000,14168,0,141372720.000,0,-,-,-,-,2755.6000,2755.4000,2755.2000,2755.0000,2754.4000,2756.6000,2756.8000,2758.0000,2758.2000,2758.6000,2,1,1,1,1,2,1,6,1,1
SF,IH2009,2020-05-19 09:31:04.400,2755.2000,14168,0,141372720.000,0,-,-,-,-,2755.8000,2755.6000,2755.0000,2754.4000,2754.2000,2756.6000,2756.8000,2758.0000,2758.2000,2758.6000,4,2,1,1,1,2,1,6,1,1
SF,IH2009,2020-05-19 09:31:04.900,2755.6000,14168,0,142199400.000,1,0,1,多换,S,2755.8000,2755.6000,2755.0000,2754.4000,2754.2000,2756.6000,2756.8000,2758.0000,2758.2000,2758.6000,5,1,1,1,1,2,1,6,1,1
SF,IH2009,2020-05-19 09:31:05.400,2755.6000,14168,0,142199400.000,0,-,-,-,-,2755.8000,2755.6000,2755.0000,2754.4000,2754.2000,2756.6000,2756.8000,2758.0000,2758.2000,2758.6000,3,1,1,1,1,2,1,6,1,1
SF,IH2009,2020-05-19 09:31:05.900,2755.8000,14165,-3,144679620.000,3,0,3,双平,S,2755.6000,2755.0000,2754.4000,2754.2000,2754.0000,2756.4000,2756.6000,2756.8000,2758.0000,2758.2000,1,1,1,1,1,2,2,1,6,1
SF,IH2009,2020-05-19 09:31:06.400,2755.8000,14165,0,144679620.000,0,-,-,-,-,2755.0000,2754.4000,2754.2000,2754.0000,2753.2000,2756.4000,2756.6000,2756.8000,2758.0000,2758.2000,1,1,1,1,1,2,2,1,6,1
SF,IH2009,2020-05-19 09:31:06.900,2755.8000,14165,0,144679620.000,0,-,-,-,-,2755.6000,2755.2000,2755.0000,2754.4000,2754.2000,2756.6000,2756.8000,2758.0000,2758.2000,2758.6000,1,1,2,1,1,2,1,6,1,1
SF,IH2009,2020-05-19 09:31:07.400,2755.8000,14165,0,144679620.000,0,-,-,-,-,2755.0000,2754.4000,2754.2000,2754.0000,2753.4000,2756.4000,2756.6000,2756.8000,2758.0000,2758.2000,2,1,1,1,1,1,2,1,6,1
SF,IH2009,2020-05-19 09:31:07.900,2755.6000,14164,-1,145506300.000,1,0,1,双平,S,2755.0000,2754.4000,2754.2000,2754.0000,2753.4000,2756.4000,2756.6000,2756.8000,2758.0000,2758.2000,1,1,1,1,1,1,2,1,6,1
SF,IH2009,2020-05-19 09:31:08.400,2755.6000,14164,0,145506300.000,0,-,-,-,-,2755.0000,2754.4000,2754.2000,2754.0000,2753.4000,2756.4000,2756.6000,2756.8000,2758.0000,2758.2000,1,1,1,1,1,1,2,1,6,1
SF,IH2009,2020-05-19 09:31:08.900,2755.6000,14164,0,145506300.000,0,-,-,-,-,2755.2000,2755.0000,2754.4000,2754.2000,2754.0000,2756.4000,2756.6000,2756.8000,2758.0000,2758.2000,1,1,1,1,1,1,2,1,6,1
SF,IH2009,2020-05-19 09:31:09.400,2755.6000,14164,0,145506300.000,0,-,-,-,-,2755.6000,2755.0000,2754.4000,2754.2000,2754.0000,2755.8000,2756.6000,2756.8000,2758.0000,2758.2000,2,1,1,1,1,1,2,1,6,1
SF,IH2009,2020-05-19 09:31:09.900,2756.6000,14162,-2,147160020.000,2,0,2,双平,S,2755.8000,2755.6000,2754.4000,2754.2000,2754.0000,2756.6000,2756.8000,2758.0000,2758.2000,2758.6000,3,2,1,1,1,1,1,6,1,1
SF,IH2009,2020-05-19 09:31:10.400,2756.6000,14161,-1,147987000.000,1,0,1,双平,S,2755.8000,2754.4000,2754.2000,2754.0000,2753.2000,2756.8000,2758.0000,2758.2000,2758.6000,2759.0000,3,1,1,1,1,1,6,1,1,2
SF,IH2009,2020-05-19 09:31:10.900,2755.8000,14160,-1,148813740.000,1,0,1,双平,S,2755.8000,2754.4000,2754.2000,2754.0000,2753.2000,2756.8000,2758.0000,2758.2000,2758.6000,2759.0000,2,1,1,1,1,1,6,1,1,2
SF,IH2009,2020-05-19 09:31:11.400,2755.8000,14158,-2,150467220.000,2,0,2,双平,S,2754.4000,2754.2000,2754.0000,2753.4000,2753.2000,2756.8000,2757.0000,2758.0000,2758.2000,2758.6000,1,1,1,1,1,1,1,6,1,1
SF,IH2009,2020-05-19 09:31:11.900,2755.8000,14158,0,150467220.000,0,-,-,-,-,2755.8000,2755.2000,2754.8000,2754.6000,2754.4000,2756.6000,2756.8000,2757.0000,2758.0000,2758.2000,1,2,8,9,3,1,1,1,6,1
SF,IH2009,2020-05-19 09:31:12.400,2755.8000,14158,0,150467220.000,0,-,-,-,-,2756.4000,2755.2000,2754.8000,2754.6000,2754.4000,2756.8000,2757.0000,2758.0000,2758.2000,2758.6000,3,2,8,10,3,1,1,6,1,1
SF,IH2009,2020-05-19 09:31:12.900,2755.8000,14158,0,150467220.000,0,-,-,-,-,2756.4000,2756.0000,2755.2000,2754.8000,2754.6000,2756.8000,2757.0000,2758.0000,2758.2000,2758.6000,3,2,2,8,10,1,1,6,1,1
SF,IH2009,2020-05-19 09:31:13.400,2755.8000,14158,0,150467220.000,0,-,-,-,-,2756.4000,2756.0000,2755.2000,2754.8000,2754.6000,2756.8000,2757.0000,2758.0000,2758.2000,2758.6000,3,2,2,8,10,1,1,6,1,1
SF,IH2009,2020-05-19 09:31:13.900,2756.8000,14158,0,151294260.000,1,0,1,多换,S,2756.4000,2756.0000,2755.2000,2754.8000,2754.6000,2757.0000,2758.0000,2758.2000,2758.6000,2759.0000,3,2,2,8,10,1,6,1,1,2
SF,IH2009,2020-05-19 09:31:14.400,2756.8000,14158,0,151294260.000,0,-,-,-,-,2756.4000,2756.0000,2755.2000,2754.8000,2754.6000,2757.0000,2758.0000,2758.2000,2758.6000,2759.0000,1,2,2,8,10,1,6,1,1,2
SF,IH2009,2020-05-19 09:31:14.900,2756.8000,14158,0,151294260.000,0,-,-,-,-,2756.8000,2756.4000,2756.0000,2755.2000,2754.8000,2757.0000,2758.0000,2758.2000,2758.6000,2759.0000,2,1,2,2,8,1,6,1,1,2
SF,IH2009,2020-05-19 09:31:15.400,2756.8000,14158,0,151294260.000,0,-,-,-,-,2756.8000,2756.4000,2756.0000,2755.2000,2754.8000,2757.0000,2758.0000,2758.2000,2758.6000,2759.0000,2,1,2,2,8,1,6,1,1,2
SF,IH2009,2020-05-19 09:31:16.400,2756.8000,14157,-1,152121300.000,1,0,1,双平,S,2756.8000,2756.4000,2756.0000,2755.2000,2754.8000,2757.0000,2758.0000,2758.2000,2758.6000,2759.0000,1,1,2,2,8,1,6,1,1,2
SF,IH2009,2020-05-19 09:31:16.900,2756.8000,14156,-1,152948340.000,1,0,1,双平,S,2756.4000,2756.0000,2755.2000,2754.8000,2754.6000,2756.6000,2757.0000,2758.0000,2758.2000,2758.6000,1,2,2,8,9,2,1,6,1,1
SF,IH2009,2020-05-19 09:31:17.400,2757.0000,14155,-1,153775440.000,1,0,1,双平,S,2757.0000,2756.8000,2756.6000,2756.4000,2756.0000,2758.0000,2758.2000,2758.6000,2759.0000,2759.8000,1,2,4,2,2,6,1,1,2,1
SF,IH2009,2020-05-19 09:31:17.900,2757.8000,14152,-3,156257220.000,3,0,3,双平,S,2756.6000,2756.4000,2756.0000,2755.2000,2754.8000,2757.8000,2758.0000,2758.2000,2758.6000,2759.0000,1,1,2,1,8,2,6,1,1,2
SF,IH2009,2020-05-19 09:31:18.400,2757.8000,14152,0,156257220.000,0,-,-,-,-,2756.6000,2756.4000,2756.0000,2755.8000,2755.2000,2757.8000,2758.0000,2758.2000,2758.6000,2759.0000,1,1,2,1,1,2,6,1,1,2
SF,IH2009,2020-05-19 09:31:18.900,2757.8000,14152,0,156257220.000,0,-,-,-,-,2756.6000,2756.4000,2756.0000,2755.8000,2755.2000,2757.8000,2758.0000,2758.2000,2758.6000,2759.0000,1,1,2,1,1,2,6,1,1,2
SF,IH2009,2020-05-19 09:31:19.400,2757.8000,14152,0,156257220.000,0,-,-,-,-,2756.6000,2756.4000,2756.0000,2755.8000,2755.2000,2757.8000,2758.0000,2758.2000,2758.6000,2759.0000,1,1,2,1,1,1,6,1,1,2
SF,IH2009,2020-05-19 09:31:19.900,2757.8000,14152,0,156257220.000,0,-,-,-,-,2756.8000,2756.6000,2756.4000,2756.0000,2755.8000,2757.8000,2758.0000,2758.2000,2758.6000,2759.0000,3,2,1,2,1,1,6,1,1,2
SF,IH2009,2020-05-19 09:31:20.400,2757.8000,14152,0,156257220.000,0,-,-,-,-,2756.8000,2756.6000,2756.4000,2756.0000,2755.8000,2758.0000,2758.2000,2758.6000,2759.0000,2759.8000,3,2,1,2,1,6,1,1,2,1
SF,IH2009,2020-05-19 09:31:20.900,2757.8000,14152,0,156257220.000,0,-,-,-,-,2756.8000,2756.6000,2756.4000,2756.0000,2755.8000,2757.8000,2758.0000,2758.2000,2758.6000,2759.0000,1,1,1,2,1,1,6,1,1,2
SF,IH2009,2020-05-19 09:31:21.400,2757.8000,14152,0,156257220.000,0,-,-,-,-,2756.8000,2756.6000,2756.4000,2756.0000,2755.8000,2757.8000,2758.0000,2758.2000,2758.6000,2759.0000,1,1,1,2,1,1,6,1,1,2
SF,IH2009,2020-05-19 09:31:22.900,2757.8000,14152,0,156257220.000,0,-,-,-,-,2756.8000,2756.6000,2756.4000,2756.0000,2755.8000,2757.8000,2758.0000,2758.2000,2758.6000,2759.0000,1,2,1,2,1,1,6,1,1,2
SF,IH2009,2020-05-19 09:31:23.900,2757.0000,14152,0,157084320.000,1,0,1,多换,S,2756.8000,2756.6000,2756.4000,2756.0000,2755.8000,2757.8000,2758.0000,2758.2000,2758.6000,2759.0000,1,2,1,2,1,1,6,1,1,2
SF,IH2009,2020-05-19 09:31:24.400,2757.0000,14152,0,157084320.000,0,-,-,-,-,2756.8000,2756.6000,2756.4000,2756.0000,2755.8000,2758.0000,2758.2000,2758.6000,2759.0000,2759.8000,1,2,1,2,1,6,1,1,2,1
SF,IH2009,2020-05-19 09:31:24.900,2757.0000,14152,0,157084320.000,0,-,-,-,-,2757.0000,2756.8000,2756.6000,2756.4000,2756.0000,2757.8000,2758.0000,2758.2000,2758.6000,2759.0000,3,1,1,1,2,1,6,1,1,2
SF,IH2009,2020-05-19 09:31:25.900,2757.0000,14152,0,157084320.000,0,-,-,-,-,2757.0000,2756.8000,2756.6000,2756.4000,2756.0000,2757.6000,2757.8000,2758.0000,2758.2000,2758.6000,3,1,1,1,2,1,1,6,1,1
SF,IH2009,2020-05-19 09:31:26.400,2757.0000,14149,-3,159565620.000,3,0,3,双平,S,2756.8000,2756.6000,2756.4000,2756.0000,2755.8000,2757.0000,2757.6000,2757.8000,2758.0000,2758.2000,1,1,1,2,1,1,1,1,7,1
SF,IH2009,2020-05-19 09:31:26.900,2756.8000,14148,-1,160392660.000,1,0,1,双平,S,2756.6000,2756.4000,2756.0000,2755.8000,2755.2000,2757.0000,2757.6000,2757.8000,2758.0000,2758.2000,1,1,2,1,1,1,1,1,7,1
SF,IH2009,2020-05-19 09:31:27.400,2756.8000,14148,0,160392660.000,0,-,-,-,-,2756.4000,2756.0000,2755.8000,2755.2000,2755.0000,2756.8000,2757.0000,2757.6000,2758.0000,2758.2000,1,2,1,1,2,2,1,1,7,1
SF,IH2009,2020-05-19 09:31:27.900,2756.4000,14147,-1,163700340.000,4,1,3,多平,S,2756.0000,2755.8000,2755.2000,2755.0000,2754.8000,2756.8000,2757.0000,2757.6000,2758.0000,2758.2000,2,1,1,2,8,2,2,2,7,1
SF,IH2009,2020-05-19 09:31:28.400,2756.4000,14147,0,163700340.000,0,-,-,-,-,2756.0000,2755.8000,2755.2000,2755.0000,2754.8000,2756.6000,2756.8000,2757.0000,2757.6000,2758.0000,2,1,1,2,8,1,2,2,2,7
SF,IH2009,2020-05-19 09:31:28.900,2756.4000,14147,0,163700340.000,0,-,-,-,-,2756.2000,2756.0000,2755.8000,2755.2000,2755.0000,2756.6000,2756.8000,2757.0000,2757.6000,2758.0000,1,2,1,1,2,1,2,3,2,7
SF,IH2009,2020-05-19 09:31:29.900,2756.4000,14147,0,163700340.000,0,-,-,-,-,2756.0000,2755.8000,2755.2000,2755.0000,2754.8000,2756.6000,2756.8000,2757.0000,2757.6000,2758.0000,2,1,1,2,8,1,2,3,2,7
SF,IH2009,2020-05-19 09:31:30.400,2756.4000,14147,0,163700340.000,0,-,-,-,-,2756.0000,2755.8000,2755.4000,2755.2000,2755.0000,2756.6000,2756.8000,2757.0000,2757.6000,2758.0000,2,1,1,1,2,1,2,3,2,7
SF,IH2009,2020-05-19 09:31:30.900,2756.6000,14145,-2,165354300.000,2,0,2,双平,S,2756.0000,2755.8000,2755.4000,2755.2000,2755.0000,2756.8000,2757.0000,2757.6000,2758.0000,2758.2000,2,1,1,1,2,2,3,2,7,2
SF,IH2009,2020-05-19 09:31:31.400,2756.6000,14145,0,165354300.000,0,-,-,-,-,2756.0000,2755.8000,2755.4000,2755.2000,2755.0000,2756.8000,2757.0000,2757.6000,2758.0000,2758.2000,2,1,1,1,2,1,3,2,7,2
SF,IH2009,2020-05-19 09:31:31.900,2756.2000,14144,-1,168662460.000,4,1,3,多平,S,2756.2000,2756.0000,2755.8000,2755.4000,2755.2000,2757.6000,2758.0000,2758.2000,2758.6000,2758.8000,2,2,1,1,1,2,7,2,1,1
SF,IH2009,2020-05-19 09:31:32.400,2756.2000,14144,0,168662460.000,0,-,-,-,-,2756.2000,2756.0000,2755.8000,2755.4000,2755.2000,2757.6000,2758.0000,2758.2000,2758.6000,2758.8000,3,2,1,1,1,2,7,2,1,1
SF,IH2009,2020-05-19 09:31:32.900,2756.2000,14144,0,169489320.000,1,0,1,多换,S,2756.2000,2756.0000,2755.8000,2755.4000,2755.2000,2757.6000,2758.0000,2758.2000,2758.6000,2758.8000,2,2,1,1,1,1,7,2,1,1
SF,IH2009,2020-05-19 09:31:33.400,2756.2000,14144,0,169489320.000,0,-,-,-,-,2756.6000,2756.2000,2756.0000,2755.8000,2755.4000,2757.6000,2758.0000,2758.2000,2758.6000,2758.8000,7,2,2,1,1,1,7,2,1,1
SF,IH2009,2020-05-19 09:31:33.900,2756.6000,14144,0,171143160.000,2,1,1,多换,S,2756.6000,2756.2000,2756.0000,2755.8000,2755.4000,2757.6000,2758.0000,2758.2000,2758.6000,2758.8000,6,1,2,1,1,1,7,2,1,1
SF,IH2009,2020-05-19 09:31:34.900,2757.6000,14143,-1,171970440.000,1,0,1,双平,S,2756.8000,2756.6000,2756.2000,2756.0000,2755.8000,2757.2000,2758.0000,2758.2000,2758.6000,2758.8000,1,6,1,2,1,1,7,2,1,1
SF,IH2009,2020-05-19 09:31:35.400,2757.2000,14139,-4,176933400.000,6,1,5,多平,S,2757.2000,2757.0000,2756.6000,2756.2000,2756.0000,2758.0000,2758.2000,2758.6000,2758.8000,2759.0000,2,1,1,1,2,7,1,1,1,2
SF,IH2009,2020-05-19 09:31:35.900,2757.2000,14138,-1,177760560.000,1,0,1,双平,S,2757.2000,2756.6000,2756.2000,2756.0000,2755.8000,2758.0000,2758.2000,2758.6000,2758.8000,2759.0000,2,1,1,2,1,7,1,1,1,2
SF,IH2009,2020-05-19 09:31:36.400,2757.2000,14138,0,177760560.000,0,-,-,-,-,2757.2000,2756.6000,2756.0000,2755.8000,2755.4000,2758.0000,2758.2000,2758.6000,2758.8000,2759.0000,2,1,2,1,1,7,1,1,1,2
SF,IH2009,2020-05-19 09:31:36.900,2757.2000,14138,0,177760560.000,0,-,-,-,-,2757.2000,2756.6000,2756.0000,2755.8000,2755.4000,2758.0000,2758.2000,2758.6000,2758.8000,2759.0000,1,1,2,1,1,7,1,1,1,2
SF,IH2009,2020-05-19 09:31:37.400,2757.2000,14138,0,177760560.000,0,-,-,-,-,2757.2000,2756.6000,2755.8000,2755.4000,2755.2000,2758.0000,2758.2000,2758.6000,2758.8000,2759.0000,2,1,1,1,1,7,1,1,1,2
SF,IH2009,2020-05-19 09:31:38.900,2757.2000,14138,0,177760560.000,0,-,-,-,-,2757.2000,2756.6000,2755.8000,2755.4000,2755.2000,2758.0000,2758.2000,2758.6000,2758.8000,2759.0000,2,1,1,1,1,7,1,1,1,2
SF,IH2009,2020-05-19 09:31:39.400,2757.2000,14138,0,177760560.000,0,-,-,-,-,2757.6000,2757.2000,2756.6000,2755.8000,2755.4000,2758.0000,2758.2000,2758.6000,2758.8000,2759.0000,1,2,1,1,1,7,1,1,1,2
SF,IH2009,2020-05-19 09:31:39.900,2758.0000,14136,-2,179415360.000,2,0,2,双平,S,2757.8000,2757.6000,2757.2000,2756.6000,2755.8000,2758.0000,2758.2000,2758.6000,2758.8000,2759.0000,1,1,3,1,1,5,1,1,1,2
SF,IH2009,2020-05-19 09:31:40.400,2757.8000,14134,-2,181070100.000,2,0,2,双平,S,2757.2000,2756.6000,2755.8000,2755.2000,2755.0000,2758.0000,2758.2000,2758.6000,2758.8000,2759.0000,3,1,1,1,6,4,1,1,1,2
SF,IH2009,2020-05-19 09:31:40.900,2758.0000,14132,-2,182724900.000,2,0,2,双平,S,2757.6000,2757.4000,2757.2000,2756.6000,2755.8000,2758.0000,2758.2000,2758.6000,2758.8000,2759.0000,2,1,3,2,1,2,1,1,1,2
SF,IH2009,2020-05-19 09:31:41.400,2758.2000,14131,-1,185207160.000,3,1,2,多平,S,2758.0000,2757.6000,2757.2000,2756.6000,2755.8000,2758.6000,2758.8000,2759.0000,2759.8000,2760.0000,3,1,3,1,1,1,1,2,3,2
SF,IH2009,2020-05-19 09:31:41.900,2758.0000,14131,0,186034560.000,1,0,1,多换,S,2758.0000,2757.6000,2757.2000,2756.6000,2755.8000,2758.4000,2758.6000,2758.8000,2759.0000,2759.8000,1,1,3,1,1,1,1,1,2,3
SF,IH2009,2020-05-19 09:31:42.400,2758.0000,14129,-2,187689360.000,2,0,2,双平,S,2758.2000,2757.2000,2756.6000,2755.8000,2755.2000,2758.4000,2758.6000,2758.8000,2759.0000,2759.8000,2,3,1,1,1,1,1,1,2,3
SF,IH2009,2020-05-19 09:31:42.900,2758.4000,14127,-2,190171800.000,3,0,3,多平,S,2757.2000,2756.6000,2755.2000,2755.0000,2754.6000,2758.2000,2758.6000,2758.8000,2759.0000,2759.8000,3,1,1,6,7,1,1,1,2,3
SF,IH2009,2020-05-19 09:31:43.400,2758.4000,14127,0,190171800.000,0,-,-,-,-,2757.6000,2757.4000,2757.2000,2756.6000,2756.2000,2758.2000,2758.6000,2758.8000,2759.0000,2759.2000,3,1,4,1,1,1,1,1,2,1
SF,IH2009,2020-05-19 09:31:43.900,2758.4000,14127,0,190999320.000,1,0,1,多换,S,2757.6000,2757.2000,2756.6000,2756.2000,2755.6000,2758.2000,2758.6000,2758.8000,2759.0000,2759.2000,3,4,1,1,1,1,1,1,2,1
SF,IH2009,2020-05-19 09:31:46.400,2758.4000,14127,0,190999320.000,0,-,-,-,-,2757.6000,2757.2000,2756.6000,2756.2000,2755.6000,2758.2000,2758.6000,2758.8000,2759.0000,2759.2000,1,4,1,1,1,1,1,1,2,1
SF,IH2009,2020-05-19 09:31:46.900,2758.8000,14125,-2,193482000.000,3,0,3,多平,S,2758.0000,2757.6000,2757.2000,2756.6000,2756.2000,2759.0000,2759.2000,2759.8000,2760.0000,2760.4000,2,1,4,1,1,2,1,3,2,1
SF,IH2009,2020-05-19 09:31:47.400,2759.2000,14124,-1,195965160.000,3,1,2,多平,S,2758.2000,2758.0000,2757.2000,2756.6000,2756.2000,2759.8000,2760.0000,2760.4000,2761.2000,2762.2000,1,2,4,1,1,3,2,1,1,1
SF,IH2009,2020-05-19 09:31:47.900,2759.2000,14124,0,195965160.000,0,-,-,-,-,2758.2000,2758.0000,2757.2000,2756.6000,2756.2000,2759.6000,2759.8000,2760.0000,2760.4000,2761.2000,2,2,4,1,1,1,3,2,1,1
SF,IH2009,2020-05-19 09:31:48.400,2759.2000,14124,0,195965160.000,0,-,-,-,-,2758.8000,2758.4000,2758.2000,2757.2000,2756.6000,2759.8000,2760.0000,2760.4000,2761.2000,2762.2000,2,1,4,3,1,3,2,1,1,1
SF,IH2009,2020-05-19 09:31:48.900,2759.2000,14124,0,195965160.000,0,-,-,-,-,2759.2000,2759.0000,2758.8000,2758.2000,2757.2000,2759.8000,2760.0000,2760.4000,2761.2000,2762.2000,1,1,2,2,3,3,2,1,1,1
SF,IH2009,2020-05-19 09:31:49.400,2759.2000,14124,0,195965160.000,0,-,-,-,-,2759.0000,2758.8000,2758.2000,2757.2000,2755.2000,2759.6000,2759.8000,2760.0000,2760.4000,2761.2000,1,2,2,3,1,1,3,2,1,1
SF,IH2009,2020-05-19 09:31:50.400,2759.6000,14123,-1,197620740.000,2,0,2,多平,S,2759.6000,2758.8000,2758.2000,2757.2000,2755.2000,2759.8000,2760.0000,2760.4000,2761.2000,2762.2000,9,2,2,3,1,3,2,1,1,1
SF,IH2009,2020-05-19 09:31:50.900,2759.6000,14123,0,205071660.000,9,4,5,多换,S,2758.8000,2758.2000,2757.2000,2755.2000,2755.0000,2759.8000,2760.0000,2760.4000,2761.2000,2762.2000,2,2,2,1,6,3,2,1,1,1
SF,IH2009,2020-05-19 09:31:51.400,2759.6000,14123,0,205071660.000,0,-,-,-,-,2758.8000,2758.2000,2757.2000,2755.2000,2755.0000,2759.6000,2759.8000,2760.0000,2760.4000,2761.2000,2,2,2,1,6,1,2,2,1,1
SF,IH2009,2020-05-19 09:31:51.900,2759.6000,14123,0,205071660.000,0,-,-,-,-,2759.0000,2758.8000,2758.2000,2757.2000,2755.2000,2759.8000,2760.0000,2760.4000,2761.2000,2762.2000,3,2,2,2,1,2,3,1,1,1
SF,IH2009,2020-05-19 09:31:52.400,2759.6000,14123,0,205071660.000,0,-,-,-,-,2759.2000,2759.0000,2758.8000,2758.2000,2757.2000,2759.8000,2760.0000,2760.4000,2761.2000,2762.2000,2,3,3,1,2,3,3,1,1,1
SF,IH2009,2020-05-19 09:31:52.900,2759.0000,14121,-2,207554880.000,3,0,3,多平,S,2758.8000,2758.2000,2757.2000,2755.2000,2755.0000,2759.0000,2759.8000,2760.0000,2760.4000,2761.2000,3,1,2,1,6,1,3,3,1,1
SF,IH2009,2020-05-19 09:31:53.400,2759.0000,14120,-1,208382580.000,1,0,1,双平,S,2759.0000,2758.8000,2758.2000,2757.2000,2755.2000,2759.8000,2760.0000,2760.4000,2761.2000,2762.2000,6,3,1,2,1,3,3,1,1,1
SF,IH2009,2020-05-19 09:31:53.900,2759.0000,14120,0,208382580.000,0,-,-,-,-,2759.0000,2758.8000,2758.2000,2757.2000,2755.2000,2759.8000,2760.0000,2760.4000,2761.2000,2762.2000,3,3,1,2,1,3,3,1,1,1
SF,IH2009,2020-05-19 09:31:54.400,2759.0000,14120,0,208382580.000,0,-,-,-,-,2759.2000,2759.0000,2758.8000,2758.2000,2757.2000,2759.8000,2760.0000,2760.4000,2761.2000,2762.2000,2,1,3,1,2,3,3,1,1,1
SF,IH2009,2020-05-19 09:31:55.400,2759.0000,14120,0,208382580.000,0,-,-,-,-,2759.2000,2758.8000,2758.2000,2757.2000,2755.2000,2759.8000,2760.0000,2760.4000,2761.2000,2762.2000,2,3,1,2,1,3,3,1,1,1
SF,IH2009,2020-05-19 09:31:55.900,2759.2000,14119,-1,210038100.000,2,0,2,多平,S,2758.8000,2758.2000,2757.2000,2755.2000,2755.0000,2759.0000,2759.6000,2759.8000,2760.0000,2760.4000,3,1,2,1,6,1,2,3,3,1
SF,IH2009,2020-05-19 09:31:56.400,2759.2000,14119,0,210038100.000,0,-,-,-,-,2758.8000,2758.2000,2757.2000,2755.2000,2755.0000,2759.0000,2759.6000,2759.8000,2760.0000,2760.4000,3,1,2,1,5,1,2,3,3,1
SF,IH2009,2020-05-19 09:31:56.900,2759.0000,14118,-1,210865800.000,1,0,1,双平,S,2759.0000,2758.8000,2758.2000,2757.2000,2755.2000,2759.6000,2759.8000,2760.0000,2760.4000,2761.2000,1,3,1,2,1,2,3,3,1,1
SF,IH2009,2020-05-19 09:31:57.400,2759.0000,14118,0,210865800.000,0,-,-,-,-,2759.0000,2758.8000,2758.4000,2758.2000,2757.2000,2759.8000,2760.0000,2760.4000,2761.2000,2762.2000,1,3,1,1,2,3,3,1,1,1
SF,IH2009,2020-05-19 09:31:57.900,2759.0000,14117,-1,211693500.000,1,0,1,双平,S,2758.8000,2758.4000,2758.2000,2757.8000,2757.2000,2759.8000,2760.0000,2760.4000,2761.2000,2761.8000,3,1,1,1,2,3,3,1,1,1
SF,IH2009,2020-05-19 09:31:58.400,2759.0000,14117,0,211693500.000,0,-,-,-,-,2758.8000,2758.4000,2758.2000,2757.8000,2757.2000,2759.8000,2760.0000,2760.4000,2761.2000,2761.8000,3,1,1,1,3,3,3,1,1,1
SF,IH2009,2020-05-19 09:31:58.900,2759.0000,14117,0,211693500.000,0,-,-,-,-,2759.0000,2758.8000,2758.4000,2758.2000,2757.8000,2759.8000,2760.0000,2760.4000,2761.0000,2761.2000,2,3,1,1,1,4,3,1,1,1
SF,IH2009,2020-05-19 09:31:59.900,2759.0000,14117,0,211693500.000,0,-,-,-,-,2759.0000,2758.8000,2758.4000,2758.2000,2757.8000,2759.8000,2760.0000,2760.4000,2761.0000,2761.2000,2,3,1,1,1,4,3,1,1,1
SF,IH2009,2020-05-19 09:32:00.900,2759.0000,14117,0,211693500.000,0,-,-,-,-,2758.8000,2758.4000,2758.2000,2757.8000,2757.2000,2759.8000,2760.0000,2760.4000,2761.0000,2761.2000,3,1,1,1,3,4,3,1,1,1
SF,IH2009,2020-05-19 09:32:01.400,2759.0000,14117,0,211693500.000,0,-,-,-,-,2759.0000,2758.8000,2758.4000,2758.2000,2757.8000,2759.8000,2760.0000,2760.4000,2761.0000,2761.2000,3,3,1,1,1,4,3,1,1,1
SF,IH2009,2020-05-19 09:32:01.900,2759.0000,14117,0,211693500.000,0,-,-,-,-,2759.0000,2758.8000,2758.4000,2758.2000,2757.8000,2759.6000,2759.8000,2760.0000,2760.4000,2761.0000,3,3,1,1,1,1,4,3,1,1
SF,IH2009,2020-05-19 09:32:02.400,2759.0000,14117,0,211693500.000,0,-,-,-,-,2759.0000,2758.8000,2758.4000,2758.2000,2757.8000,2759.6000,2759.8000,2760.0000,2760.4000,2761.0000,1,2,1,1,1,1,4,3,1,1
SF,IH2009,2020-05-19 09:32:02.900,2759.0000,14116,-1,212521200.000,1,0,1,双平,S,2758.8000,2758.4000,2758.2000,2757.8000,2757.2000,2759.6000,2759.8000,2760.0000,2760.4000,2761.0000,2,1,1,1,2,1,4,3,1,1
SF,IH2009,2020-05-19 09:32:03.900,2759.0000,14116,0,212521200.000,0,-,-,-,-,2758.8000,2758.4000,2758.2000,2757.8000,2757.2000,2759.8000,2760.0000,2760.4000,2761.0000,2761.2000,2,1,1,1,2,4,3,1,1,1
SF,IH2009,2020-05-19 09:32:04.400,2759.0000,14116,0,212521200.000,0,-,-,-,-,2759.0000,2758.8000,2758.4000,2758.2000,2757.8000,2759.8000,2760.0000,2760.4000,2761.0000,2761.2000,2,3,1,1,1,4,3,1,1,1
SF,IH2009,2020-05-19 09:32:05.400,2759.0000,14116,0,212521200.000,0,-,-,-,-,2759.0000,2758.8000,2758.4000,2758.2000,2757.8000,2759.6000,2759.8000,2760.0000,2760.4000,2761.0000,2,3,1,1,1,1,4,3,1,1
SF,IH2009,2020-05-19 09:32:05.900,2759.8000,14118,2,216660840.000,5,3,2,空开,S,2759.0000,2758.8000,2758.4000,2758.2000,2757.8000,2760.0000,2760.4000,2761.0000,2761.2000,2761.8000,2,3,1,1,1,3,1,1,1,1
SF,IH2009,2020-05-19 09:32:06.400,2759.8000,14118,0,216660840.000,0,-,-,-,-,2759.4000,2759.0000,2758.8000,2758.4000,2758.2000,2760.0000,2760.4000,2761.0000,2761.2000,2761.8000,1,2,3,1,1,3,1,1,1,1
SF,IH2009,2020-05-19 09:32:06.900,2759.8000,14118,0,216660840.000,0,-,-,-,-,2759.0000,2758.8000,2758.4000,2758.2000,2757.8000,2760.0000,2760.4000,2761.0000,2761.2000,2761.8000,2,3,1,1,1,3,1,1,1,1
SF,IH2009,2020-05-19 09:32:07.900,2759.8000,14118,0,216660840.000,0,-,-,-,-,2759.8000,2759.0000,2758.8000,2758.4000,2758.2000,2760.0000,2760.4000,2761.0000,2761.2000,2761.8000,1,2,3,1,1,3,1,1,1,1
SF,IH2009,2020-05-19 09:32:08.400,2759.4000,14117,-1,219144600.000,3,1,2,多平,S,2759.0000,2758.8000,2758.4000,2758.2000,2757.8000,2760.0000,2760.4000,2761.0000,2761.2000,2761.8000,2,3,1,1,1,2,1,1,1,1
SF,IH2009,2020-05-19 09:32:08.900,2760.0000,14114,-3,221628600.000,3,0,3,双平,S,2759.0000,2758.8000,2758.4000,2758.2000,2757.8000,2760.4000,2761.0000,2761.2000,2761.8000,2762.2000,2,3,1,1,1,1,1,1,1,1
SF,IH2009,2020-05-19 09:32:09.400,2760.0000,14114,0,221628600.000,0,-,-,-,-,2759.2000,2759.0000,2758.8000,2758.4000,2758.2000,2761.0000,2761.2000,2761.8000,2762.2000,2763.0000,2,2,3,1,1,1,1,1,1,3
SF,IH2009,2020-05-19 09:32:09.900,2760.0000,14114,0,221628600.000,0,-,-,-,-,2759.2000,2759.0000,2758.8000,2758.4000,2758.2000,2760.8000,2761.0000,2761.2000,2761.8000,2762.2000,2,2,3,1,1,1,1,1,1,1
SF,IH2009,2020-05-19 09:32:10.400,2760.0000,14114,0,221628600.000,0,-,-,-,-,2759.4000,2759.2000,2759.0000,2758.8000,2758.4000,2761.0000,2761.2000,2761.8000,2762.2000,2763.0000,1,2,2,3,1,1,1,1,1,4
SF,IH2009,2020-05-19 09:32:10.900,2760.0000,14114,0,221628600.000,0,-,-,-,-,2759.6000,2759.4000,2759.0000,2758.8000,2758.4000,2761.0000,2761.2000,2761.8000,2762.2000,2763.0000,1,1,2,3,1,1,1,1,1,4
SF,IH2009,2020-05-19 09:32:11.400,2760.0000,14114,0,221628600.000,0,-,-,-,-,2760.0000,2759.8000,2759.4000,2758.8000,2758.4000,2761.0000,2761.2000,2761.8000,2762.2000,2763.0000,2,3,1,2,1,1,1,1,1,4
SF,IH2009,2020-05-19 09:32:11.900,2760.0000,14114,0,221628600.000,0,-,-,-,-,2759.4000,2758.8000,2758.4000,2757.8000,2755.0000,2760.8000,2761.0000,2761.2000,2761.8000,2762.2000,1,2,1,1,5,1,1,1,1,1
SF,IH2009,2020-05-19 09:32:12.400,2760.0000,14114,0,221628600.000,0,-,-,-,-,2759.8000,2759.6000,2759.4000,2758.8000,2758.4000,2760.8000,2761.0000,2761.2000,2761.8000,2762.2000,2,2,1,2,1,1,1,1,1,1
SF,IH2009,2020-05-19 09:32:12.900,2760.0000,14114,0,221628600.000,0,-,-,-,-,2759.4000,2758.8000,2758.4000,2757.8000,2755.0000,2760.8000,2761.0000,2761.2000,2761.8000,2762.2000,1,2,1,1,5,1,1,1,1,1
SF,IH2009,2020-05-19 09:32:13.400,2760.0000,14114,0,221628600.000,0,-,-,-,-,2759.4000,2758.8000,2758.4000,2757.8000,2755.0000,2759.6000,2760.2000,2760.8000,2761.0000,2761.2000,1,2,1,1,5,1,2,2,1,1
SF,IH2009,2020-05-19 09:32:13.900,2759.6000,14114,0,222456480.000,1,0,1,多换,S,2759.4000,2758.8000,2758.4000,2757.8000,2755.0000,2760.2000,2760.8000,2761.0000,2761.2000,2761.8000,1,2,1,1,5,2,2,1,1,1
SF,IH2009,2020-05-19 09:32:15.400,2759.6000,14114,0,222456480.000,0,-,-,-,-,2759.4000,2758.8000,2758.4000,2757.8000,2755.0000,2760.8000,2761.0000,2761.2000,2761.8000,2762.2000,1,2,1,1,5,2,1,1,1,1
SF,IH2009,2020-05-19 09:32:15.900,2759.6000,14114,0,222456480.000,0,-,-,-,-,2759.6000,2759.4000,2758.8000,2758.4000,2757.8000,2760.8000,2761.0000,2761.2000,2761.8000,2762.2000,3,1,2,1,1,2,2,1,1,1
SF,IH2009,2020-05-19 09:32:16.400,2759.6000,14114,0,222456480.000,0,-,-,-,-,2759.6000,2759.4000,2758.8000,2758.4000,2757.8000,2760.6000,2760.8000,2761.0000,2761.2000,2761.8000,3,1,2,1,1,2,2,2,1,1
SF,IH2009,2020-05-19 09:32:16.900,2759.6000,14114,0,222456480.000,0,-,-,-,-,2759.6000,2759.4000,2758.8000,2758.4000,2757.8000,2760.4000,2760.6000,2760.8000,2761.0000,2761.2000,3,1,2,1,1,3,1,2,2,1
SF,IH2009,2020-05-19 09:32:17.900,2759.6000,14114,0,222456480.000,0,-,-,-,-,2759.6000,2759.4000,2758.8000,2758.4000,2757.8000,2760.4000,2760.8000,2761.0000,2761.2000,2761.8000,3,1,2,1,1,3,2,2,1,1
SF,IH2009,2020-05-19 09:32:18.400,2759.6000,14114,0,222456480.000,0,-,-,-,-,2759.6000,2759.4000,2758.8000,2758.4000,2757.8000,2760.4000,2760.8000,2761.0000,2761.2000,2761.8000,3,1,2,1,1,3,3,2,1,1
SF,IH2009,2020-05-19 09:32:19.400,2759.6000,14114,0,223284360.000,1,0,1,多换,S,2759.6000,2759.4000,2758.8000,2758.4000,2757.8000,2760.4000,2760.8000,2761.0000,2761.2000,2761.8000,2,1,2,1,1,3,3,2,1,1
SF,IH2009,2020-05-19 09:32:19.900,2759.6000,14114,0,224940120.000,2,1,1,多换,S,2759.4000,2758.8000,2758.4000,2757.8000,2755.0000,2760.4000,2760.8000,2761.0000,2761.2000,2761.8000,1,2,1,1,5,3,3,2,1,1
SF,IH2009,2020-05-19 09:32:20.400,2759.6000,14114,0,224940120.000,0,-,-,-,-,2759.4000,2758.8000,2758.4000,2757.8000,2755.0000,2760.0000,2760.2000,2760.4000,2760.8000,2761.0000,1,2,1,1,5,1,1,2,3,2
SF,IH2009,2020-05-19 09:32:20.900,2759.6000,14114,0,224940120.000,0,-,-,-,-,2759.4000,2758.8000,2758.4000,2757.8000,2755.0000,2760.0000,2760.2000,2760.4000,2760.8000,2761.0000,1,2,1,1,5,1,1,2,3,2
SF,IH2009,2020-05-19 09:32:21.900,2760.0000,14113,-1,225768120.000,1,0,1,双平,S,2760.0000,2759.6000,2759.4000,2758.8000,2758.4000,2760.2000,2760.8000,2761.0000,2761.2000,2761.8000,2,5,2,2,1,1,2,2,1,1
SF,IH2009,2020-05-19 09:32:22.400,2760.0000,14109,-4,229080240.000,4,0,4,双平,S,2759.6000,2759.4000,2759.2000,2758.8000,2758.4000,2760.8000,2761.0000,2761.2000,2761.8000,2762.2000,5,2,1,2,1,2,2,1,1,1
SF,IH2009,2020-05-19 09:32:22.900,2759.6000,14107,-2,230736060.000,2,0,2,双平,S,2759.6000,2759.4000,2759.2000,2758.8000,2758.4000,2760.8000,2761.0000,2761.2000,2761.8000,2762.2000,6,2,1,2,1,2,2,1,1,1
SF,IH2009,2020-05-19 09:32:23.400,2759.6000,14107,0,230736060.000,0,-,-,-,-,2760.2000,2759.6000,2759.4000,2759.2000,2758.8000,2760.6000,2760.8000,2761.0000,2761.2000,2761.8000,1,6,2,1,2,5,2,2,1,1
SF,IH2009,2020-05-19 09:32:23.900,2760.2000,14107,0,231564120.000,1,0,1,多换,S,2759.6000,2759.4000,2759.2000,2758.8000,2758.4000,2760.6000,2760.8000,2761.0000,2761.2000,2761.8000,6,2,1,2,1,5,2,2,1,1
SF,IH2009,2020-05-19 09:32:24.400,2760.2000,14107,0,231564120.000,0,-,-,-,-,2759.6000,2759.4000,2759.2000,2758.8000,2758.4000,2760.2000,2760.6000,2760.8000,2761.0000,2761.2000,3,2,1,2,1,1,5,2,2,1
SF,IH2009,2020-05-19 09:32:24.900,2760.2000,14107,0,231564120.000,0,-,-,-,-,2759.6000,2759.4000,2759.2000,2758.8000,2758.4000,2760.2000,2760.6000,2760.8000,2761.0000,2761.2000,3,2,1,2,1,1,5,2,2,1
SF,IH2009,2020-05-19 09:32:25.400,2760.2000,14107,0,231564120.000,0,-,-,-,-,2759.4000,2759.2000,2758.8000,2758.4000,2757.6000,2760.2000,2760.6000,2760.8000,2761.0000,2761.2000,2,1,2,1,1,1,5,2,2,1
SF,IH2009,2020-05-19 09:32:25.900,2760.2000,14107,0,231564120.000,0,-,-,-,-,2759.8000,2759.4000,2759.2000,2758.8000,2758.4000,2760.6000,2760.8000,2761.0000,2761.2000,2761.8000,3,2,1,2,1,3,2,2,1,1
SF,IH2009,2020-05-19 09:32:26.900,2760.2000,14107,0,231564120.000,0,-,-,-,-,2759.8000,2759.4000,2759.2000,2758.8000,2758.4000,2760.6000,2760.8000,2761.0000,2761.2000,2761.8000,3,2,1,2,1,3,2,2,1,1
SF,IH2009,2020-05-19 09:32:27.400,2760.2000,14107,0,231564120.000,0,-,-,-,-,2759.8000,2759.4000,2759.2000,2758.8000,2758.4000,2760.4000,2760.6000,2760.8000,2761.0000,2761.2000,3,2,1,2,1,1,3,2,2,1
SF,IH2009,2020-05-19 09:32:27.900,2760.2000,14107,0,231564120.000,0,-,-,-,-,2759.8000,2759.4000,2759.2000,2758.8000,2758.4000,2760.2000,2760.4000,2760.6000,2760.8000,2761.0000,3,2,1,2,1,1,1,3,2,2
SF,IH2009,2020-05-19 09:32:28.400,2760.2000,14107,0,231564120.000,0,-,-,-,-,2759.4000,2759.2000,2758.8000,2758.4000,2757.6000,2760.2000,2760.4000,2760.6000,2760.8000,2761.0000,2,1,2,1,1,1,1,4,2,2
SF,IH2009,2020-05-19 09:32:28.900,2760.0000,14107,0,232392120.000,1,0,1,多换,S,2760.0000,2759.6000,2759.4000,2759.2000,2758.8000,2760.2000,2760.4000,2760.6000,2760.8000,2761.0000,2,1,2,1,2,1,1,4,2,2
SF,IH2009,2020-05-19 09:32:29.400,2760.2000,14106,-1,233220180.000,1,0,1,双平,S,2760.0000,2759.6000,2759.4000,2759.2000,2758.8000,2760.4000,2760.6000,2760.8000,2761.0000,2761.2000,2,1,2,1,2,1,4,2,2,1
SF,IH2009,2020-05-19 09:32:29.900,2760.0000,14107,1,234048180.000,1,1,0,双开,S,2760.0000,2759.6000,2759.4000,2759.2000,2758.8000,2760.4000,2760.6000,2760.8000,2761.0000,2761.2000,1,1,2,1,2,1,4,2,2,1
SF,IH2009,2020-05-19 09:32:30.900,2760.0000,14106,-1,235704300.000,2,0,2,多平,S,2759.6000,2759.4000,2759.2000,2758.8000,2758.4000,2760.6000,2760.8000,2761.0000,2761.2000,2761.8000,1,2,1,2,1,1,2,2,1,1
SF,IH2009,2020-05-19 09:32:31.400,2760.0000,14106,0,235704300.000,0,-,-,-,-,2759.6000,2759.4000,2759.2000,2758.8000,2758.4000,2760.6000,2760.8000,2761.0000,2761.2000,2761.8000,3,2,1,3,1,1,2,2,1,1
SF,IH2009,2020-05-19 09:32:32.400,2760.0000,14106,0,235704300.000,0,-,-,-,-,2759.6000,2759.4000,2759.2000,2758.8000,2758.4000,2760.0000,2760.6000,2760.8000,2761.0000,2761.2000,3,2,1,3,1,2,2,2,2,1
SF,IH2009,2020-05-19 09:32:32.900,2760.0000,14106,0,236532300.000,1,0,1,多换,S,2759.6000,2759.4000,2759.2000,2758.8000,2758.4000,2760.0000,2760.6000,2760.8000,2761.0000,2761.2000,3,2,1,3,1,1,2,2,2,1
SF,IH2009,2020-05-19 09:32:33.400,2760.0000,14106,0,237360300.000,1,0,1,多换,S,2759.6000,2759.4000,2759.2000,2758.8000,2758.4000,2760.2000,2760.6000,2760.8000,2761.0000,2761.2000,3,2,1,3,1,1,2,2,2,1
SF,IH2009,2020-05-19 09:32:34.400,2760.0000,14106,0,237360300.000,0,-,-,-,-,2759.6000,2759.4000,2759.2000,2758.8000,2758.4000,2760.2000,2760.6000,2760.8000,2761.0000,2761.2000,3,2,1,3,1,1,2,2,2,1
SF,IH2009,2020-05-19 09:32:34.900,2759.6000,14105,-1,238188180.000,1,0,1,双平,S,2759.6000,2759.4000,2759.2000,2758.8000,2758.4000,2760.2000,2760.6000,2760.8000,2761.0000,2761.2000,2,2,1,3,1,1,2,2,2,1
SF,IH2009,2020-05-19 09:32:35.400,2760.0000,14105,0,239016180.000,1,0,1,多换,S,2759.4000,2759.2000,2758.8000,2758.4000,2755.0000,2760.2000,2760.6000,2760.8000,2761.0000,2761.2000,2,1,3,1,5,1,1,2,2,1
SF,IH2009,2020-05-19 09:32:36.900,2759.4000,14104,-1,240671820.000,2,0,2,多平,S,2759.2000,2758.8000,2758.4000,2755.0000,2754.6000,2760.0000,2760.2000,2760.6000,2760.8000,2761.0000,1,3,1,5,3,1,1,1,2,2
SF,IH2009,2020-05-19 09:32:37.400,2758.8000,14100,-4,244810140.000,5,0,5,多平,S,2758.4000,2755.0000,2754.6000,2754.2000,2754.0000,2760.0000,2760.2000,2760.6000,2760.8000,2761.0000,1,5,3,1,1,1,1,1,2,2
SF,IH2009,2020-05-19 09:32:37.900,2758.8000,14100,0,244810140.000,0,-,-,-,-,2758.4000,2755.0000,2754.6000,2754.2000,2754.0000,2759.8000,2760.0000,2760.2000,2760.6000,2760.8000,1,5,3,1,1,2,1,1,1,2
SF,IH2009,2020-05-19 09:32:39.400,2758.8000,14100,0,244810140.000,0,-,-,-,-,2758.6000,2758.4000,2755.0000,2754.6000,2754.2000,2759.8000,2760.0000,2760.2000,2760.6000,2760.8000,2,1,5,3,1,2,1,1,1,2
SF,IH2009,2020-05-19 09:32:39.900,2758.8000,14100,0,244810140.000,0,-,-,-,-,2758.6000,2758.4000,2755.0000,2754.6000,2754.2000,2759.6000,2759.8000,2760.0000,2760.2000,2760.6000,2,1,5,3,1,2,1,1,1,1
SF,IH2009,2020-05-19 09:32:40.400,2758.8000,14100,0,244810140.000,0,-,-,-,-,2758.6000,2758.4000,2755.0000,2754.6000,2754.2000,2759.4000,2759.6000,2760.0000,2760.2000,2760.6000,4,1,5,3,1,2,3,1,1,1
SF,IH2009,2020-05-19 09:32:40.900,2759.4000,14099,-1,245637960.000,1,0,1,双平,S,2758.6000,2758.4000,2755.0000,2754.6000,2754.2000,2759.6000,2760.2000,2760.6000,2760.8000,2761.0000,4,1,5,3,1,3,1,1,2,2
SF,IH2009,2020-05-19 09:32:41.400,2759.6000,14099,0,246465840.000,1,0,1,多换,S,2758.8000,2758.6000,2758.4000,2755.0000,2754.6000,2759.6000,2760.2000,2760.6000,2760.8000,2761.0000,1,4,1,5,3,1,1,1,2,2
SF,IH2009,2020-05-19 09:32:41.900,2759.6000,14099,0,246465840.000,0,-,-,-,-,2758.8000,2758.6000,2758.4000,2755.0000,2754.6000,2760.2000,2760.6000,2760.8000,2761.0000,2761.2000,1,4,1,5,3,1,1,2,2,1
SF,IH2009,2020-05-19 09:32:42.400,2758.8000,14098,-1,247293480.000,1,0,1,双平,S,2758.6000,2758.4000,2755.0000,2754.6000,2754.2000,2760.0000,2760.2000,2760.6000,2760.8000,2761.0000,4,1,5,3,1,1,1,1,2,2
SF,IH2009,2020-05-19 09:32:42.900,2758.6000,14098,0,248121060.000,1,0,1,多换,S,2758.6000,2758.4000,2755.0000,2754.6000,2754.2000,2759.8000,2760.2000,2760.6000,2760.8000,2761.0000,3,1,5,3,1,1,1,1,2,2
SF,IH2009,2020-05-19 09:32:43.400,2758.6000,14097,-1,248948640.000,1,0,1,双平,S,2758.8000,2758.6000,2758.4000,2755.0000,2754.6000,2759.6000,2760.0000,2760.2000,2760.6000,2760.8000,1,3,1,5,3,1,1,1,1,2
SF,IH2009,2020-05-19 09:32:43.900,2758.6000,14097,0,248948640.000,0,-,-,-,-,2758.8000,2758.6000,2758.4000,2755.0000,2754.6000,2759.8000,2760.2000,2760.6000,2760.8000,2761.0000,4,3,1,5,3,1,1,1,3,2
SF,IH2009,2020-05-19 09:32:44.400,2758.6000,14097,0,248948640.000,0,-,-,-,-,2758.8000,2758.6000,2758.4000,2755.0000,2754.6000,2759.8000,2760.0000,2760.2000,2760.6000,2760.8000,4,3,1,5,3,1,1,1,1,3
SF,IH2009,2020-05-19 09:32:44.900,2758.6000,14097,0,248948640.000,0,-,-,-,-,2758.8000,2758.6000,2758.4000,2755.0000,2754.6000,2759.6000,2759.8000,2760.0000,2760.2000,2760.6000,4,3,1,5,3,1,1,2,1,1
SF,IH2009,2020-05-19 09:32:45.400,2758.8000,14097,0,249776280.000,1,0,1,多换,S,2758.8000,2758.6000,2758.4000,2755.0000,2754.6000,2760.0000,2760.2000,2760.6000,2760.8000,2761.0000,3,3,1,5,3,2,1,1,3,2
SF,IH2009,2020-05-19 09:32:45.900,2758.8000,14097,0,249776280.000,0,-,-,-,-,2758.8000,2758.6000,2758.4000,2755.0000,2754.6000,2759.8000,2760.0000,2760.2000,2760.6000,2760.8000,3,3,1,5,3,2,2,1,1,3
SF,IH2009,2020-05-19 09:32:46.400,2758.8000,14096,-1,250603920.000,1,0,1,双平,S,2758.8000,2758.6000,2758.4000,2755.0000,2754.6000,2759.8000,2760.0000,2760.2000,2760.6000,2760.8000,2,3,1,5,3,2,2,1,1,3
SF,IH2009,2020-05-19 09:32:46.900,2758.8000,14096,0,250603920.000,0,-,-,-,-,2758.8000,2758.6000,2758.4000,2755.0000,2754.6000,2759.6000,2759.8000,2760.0000,2760.2000,2760.6000,2,3,1,5,3,1,2,2,1,1
SF,IH2009,2020-05-19 09:32:47.400,2759.6000,14096,0,251431800.000,1,0,1,多换,S,2758.8000,2758.6000,2758.4000,2755.0000,2754.6000,2759.6000,2759.8000,2760.0000,2760.2000,2760.6000,2,3,1,5,3,1,1,2,1,1
SF,IH2009,2020-05-19 09:32:47.900,2758.8000,14096,0,252259440.000,1,0,1,多换,S,2758.8000,2758.6000,2758.4000,2755.0000,2754.6000,2759.6000,2760.0000,2760.2000,2760.6000,2760.8000,1,3,1,5,3,1,2,1,1,3
SF,IH2009,2020-05-19 09:32:48.400,2758.8000,14095,-1,253087080.000,1,0,1,双平,S,2758.6000,2758.4000,2755.0000,2754.6000,2754.2000,2758.8000,2759.4000,2760.0000,2760.2000,2760.6000,3,1,5,3,1,2,1,2,1,1
SF,IH2009,2020-05-19 09:32:48.900,2758.8000,14094,-1,255570000.000,3,1,2,多平,S,2758.6000,2758.4000,2755.0000,2754.6000,2754.2000,2758.8000,2760.0000,2760.2000,2760.6000,2760.8000,5,1,5,3,1,2,2,1,1,3
SF,IH2009,2020-05-19 09:32:49.400,2758.8000,14094,0,257225280.000,2,1,1,多换,S,2758.8000,2758.6000,2758.4000,2755.0000,2754.6000,2760.0000,2760.2000,2760.6000,2760.8000,2761.0000,3,3,1,5,3,2,1,1,3,2
SF,IH2009,2020-05-19 09:32:49.900,2759.8000,14093,-1,258053220.000,1,0,1,双平,S,2758.6000,2758.4000,2755.0000,2754.6000,2754.2000,2759.8000,2760.0000,2760.2000,2760.6000,2760.8000,3,1,5,3,1,2,2,1,1,3
SF,IH2009,2020-05-19 09:32:50.400,2759.8000,14093,0,258053220.000,0,-,-,-,-,2758.6000,2758.4000,2755.0000,2754.6000,2754.2000,2758.8000,2759.8000,2760.0000,2760.2000,2760.6000,5,1,5,3,1,1,2,2,1,1
SF,IH2009,2020-05-19 09:32:50.900,2758.8000,14092,-1,258880860.000,1,0,1,双平,S,2758.8000,2758.6000,2758.4000,2755.0000,2754.6000,2760.0000,2760.2000,2760.6000,2760.8000,2761.0000,7,6,1,5,3,2,1,1,3,2
SF,IH2009,2020-05-19 09:32:51.400,2758.8000,14092,0,258880860.000,0,-,-,-,-,2758.8000,2758.6000,2758.4000,2755.0000,2754.6000,2760.0000,2760.2000,2760.6000,2760.8000,2761.0000,8,5,1,5,3,2,1,1,3,2
SF,IH2009,2020-05-19 09:32:51.900,2760.0000,14093,1,259708860.000,1,1,0,双开,S,2759.0000,2758.8000,2758.6000,2758.4000,2758.2000,2760.0000,2760.2000,2760.6000,2760.8000,2761.0000,1,7,5,1,1,1,1,1,3,2
SF,IH2009,2020-05-19 09:32:52.400,2759.2000,14090,-3,263020140.000,4,0,4,多平,S,2759.0000,2758.8000,2758.6000,2758.2000,2755.0000,2760.2000,2760.6000,2760.8000,2761.0000,2762.2000,3,7,5,1,5,1,1,3,2,1
SF,IH2009,2020-05-19 09:32:52.900,2759.2000,14090,0,263020140.000,0,-,-,-,-,2759.0000,2758.8000,2758.6000,2758.2000,2755.0000,2760.0000,2760.2000,2760.6000,2760.8000,2761.0000,4,7,5,1,5,2,1,1,3,2
SF,IH2009,2020-05-19 09:32:53.400,2759.2000,14090,0,263020140.000,0,-,-,-,-,2759.0000,2758.8000,2758.6000,2758.2000,2755.0000,2760.0000,2760.2000,2760.6000,2760.8000,2761.0000,3,6,5,1,5,3,1,1,3,2
SF,IH2009,2020-05-19 09:32:53.900,2759.2000,14090,0,263020140.000,0,-,-,-,-,2759.2000,2759.0000,2758.8000,2758.6000,2758.2000,2760.0000,2760.2000,2760.6000,2760.8000,2761.0000,1,3,6,5,1,2,1,1,3,2
SF,IH2009,2020-05-19 09:32:54.400,2759.2000,14090,0,263020140.000,0,-,-,-,-,2759.2000,2759.0000,2758.8000,2758.6000,2758.2000,2759.8000,2760.0000,2760.2000,2760.6000,2760.8000,1,3,5,5,1,1,1,1,1,3
SF,IH2009,2020-05-19 09:32:54.900,2759.2000,14090,0,263020140.000,0,-,-,-,-,2759.0000,2758.8000,2758.6000,2758.2000,2755.0000,2759.8000,2760.0000,2760.2000,2760.6000,2760.8000,3,5,5,1,5,1,1,1,1,3
SF,IH2009,2020-05-19 09:32:55.400,2759.2000,14090,0,263020140.000,0,-,-,-,-,2759.0000,2758.8000,2758.6000,2758.2000,2755.0000,2759.8000,2760.0000,2760.2000,2760.6000,2760.8000,3,5,5,1,5,1,1,1,1,3
SF,IH2009,2020-05-19 09:32:55.900,2759.2000,14090,0,263020140.000,0,-,-,-,-,2759.0000,2758.8000,2758.6000,2758.2000,2755.0000,2759.8000,2760.0000,2760.2000,2760.6000,2760.8000,3,5,5,1,5,1,1,1,1,3
SF,IH2009,2020-05-19 09:32:56.400,2759.2000,14090,0,263020140.000,0,-,-,-,-,2759.2000,2759.0000,2758.8000,2758.6000,2758.2000,2760.0000,2760.2000,2760.6000,2760.8000,2761.0000,3,3,5,5,1,1,1,1,3,2
SF,IH2009,2020-05-19 09:32:56.900,2759.2000,14090,0,263020140.000,0,-,-,-,-,2759.2000,2759.0000,2758.8000,2758.6000,2758.2000,2759.8000,2760.0000,2760.2000,2760.6000,2760.8000,3,3,5,5,1,1,1,1,1,3
SF,IH2009,2020-05-19 09:32:57.400,2759.2000,14090,0,263020140.000,0,-,-,-,-,2759.2000,2759.0000,2758.8000,2758.6000,2758.2000,2759.8000,2760.0000,2760.2000,2760.6000,2760.8000,3,3,5,5,1,1,2,1,1,3
SF,IH2009,2020-05-19 09:32:59.400,2759.2000,14090,0,265503420.000,3,1,2,多换,S,2759.4000,2759.0000,2758.8000,2758.6000,2758.2000,2759.6000,2759.8000,2760.0000,2760.2000,2760.6000,1,3,5,3,1,1,1,2,1,1
SF,IH2009,2020-05-19 09:32:59.900,2759.2000,14089,-1,266331180.000,1,0,1,双平,S,2759.0000,2758.8000,2758.6000,2758.2000,2755.0000,2759.4000,2759.8000,2760.0000,2760.2000,2760.6000,3,2,3,1,5,1,1,2,2,1
SF,IH2009,2020-05-19 09:33:00.400,2759.0000,14086,-3,268814280.000,3,0,3,双平,S,2758.8000,2758.6000,2758.2000,2755.0000,2754.6000,2759.0000,2759.4000,2760.0000,2760.2000,2760.6000,1,3,1,5,3,1,1,2,2,1
SF,IH2009,2020-05-19 09:33:00.900,2758.8000,14084,-2,270469620.000,2,0,2,双平,S,2758.6000,2758.2000,2755.0000,2754.6000,2754.2000,2758.8000,2759.2000,2759.4000,2759.6000,2760.0000,3,1,5,3,1,1,2,1,1,2
SF,IH2009,2020-05-19 09:33:01.400,2758.6000,14083,-1,272952360.000,3,1,2,多平,S,2758.2000,2755.0000,2754.6000,2754.2000,2754.0000,2758.8000,2759.2000,2759.4000,2759.6000,2760.0000,1,5,3,1,1,1,3,1,1,2
SF,IH2009,2020-05-19 09:33:01.900,2758.8000,14083,0,273780000.000,1,0,1,多换,S,2758.8000,2758.2000,2755.0000,2754.6000,2754.2000,2759.0000,2759.2000,2759.4000,2759.6000,2760.0000,12,1,5,3,1,1,2,1,1,2
SF,IH2009,2020-05-19 09:33:02.400,2759.0000,14082,-1,274607700.000,1,0,1,双平,S,2758.8000,2758.2000,2755.0000,2754.6000,2754.2000,2759.2000,2759.4000,2759.6000,2760.0000,2760.2000,12,1,5,3,1,2,1,1,2,2
SF,IH2009,2020-05-19 09:33:02.900,2759.0000,14081,-1,275435400.000,1,0,1,双平,S,2758.8000,2758.2000,2755.0000,2754.6000,2754.2000,2759.2000,2759.4000,2759.6000,2760.0000,2760.2000,12,1,5,3,1,2,1,1,2,2
SF,IH2009,2020-05-19 09:33:03.400,2759.2000,14079,-2,277090920.000,2,0,2,双平,S,2759.2000,2758.8000,2758.6000,2758.2000,2755.0000,2760.0000,2760.2000,2760.6000,2760.8000,2761.0000,1,12,1,1,5,2,2,1,3,2
SF,IH2009,2020-05-19 09:33:03.900,2759.2000,14079,0,277090920.000,0,-,-,-,-,2759.2000,2758.8000,2758.6000,2758.2000,2756.8000,2759.8000,2760.0000,2760.2000,2760.6000,2760.8000,1,12,2,1,1,2,2,2,1,3
SF,IH2009,2020-05-19 09:33:04.400,2759.2000,14079,0,277090920.000,0,-,-,-,-,2759.2000,2758.8000,2758.6000,2758.2000,2758.0000,2759.8000,2760.0000,2760.2000,2760.6000,2760.8000,1,12,2,1,1,2,2,2,1,3
SF,IH2009,2020-05-19 09:33:04.900,2759.2000,14079,0,277090920.000,0,-,-,-,-,2759.2000,2758.8000,2758.6000,2758.2000,2758.0000,2759.8000,2760.0000,2760.2000,2760.6000,2760.8000,1,12,1,1,1,2,2,2,1,3
SF,IH2009,2020-05-19 09:33:05.400,2759.2000,14079,0,277090920.000,0,-,-,-,-,2759.2000,2758.8000,2758.6000,2758.2000,2758.0000,2759.8000,2760.0000,2760.2000,2760.6000,2760.8000,2,12,1,1,1,2,2,2,1,3
SF,IH2009,2020-05-19 09:33:05.900,2759.8000,14078,-1,277918860.000,1,0,1,双平,S,2759.2000,2758.8000,2758.6000,2758.2000,2758.0000,2759.8000,2760.0000,2760.2000,2760.6000,2760.8000,2,12,1,1,1,1,2,2,1,3
SF,IH2009,2020-05-19 09:33:06.400,2759.8000,14078,0,277918860.000,0,-,-,-,-,2759.4000,2759.2000,2758.8000,2758.6000,2758.2000,2760.0000,2760.2000,2760.6000,2760.8000,2761.0000,1,2,12,1,1,2,2,1,3,2
SF,IH2009,2020-05-19 09:33:07.400,2759.8000,14078,0,277918860.000,0,-,-,-,-,2759.8000,2759.4000,2759.2000,2758.8000,2758.6000,2760.0000,2760.2000,2760.6000,2760.8000,2761.0000,1,1,2,12,1,2,2,1,3,2
SF,IH2009,2020-05-19 09:33:07.900,2760.0000,14077,-1,279574800.000,2,0,2,多平,S,2759.4000,2759.2000,2758.8000,2758.6000,2758.2000,2760.0000,2760.2000,2760.6000,2760.8000,2761.0000,1,2,12,1,1,1,2,1,3,2
SF,IH2009,2020-05-19 09:33:08.400,2760.0000,14077,0,279574800.000,0,-,-,-,-,2759.4000,2759.2000,2758.8000,2758.6000,2758.2000,2760.0000,2760.2000,2760.6000,2760.8000,2761.0000,1,2,12,1,1,1,2,1,3,2
SF,IH2009,2020-05-19 09:33:08.900,2760.0000,14076,-1,280402800.000,1,0,1,双平,S,2759.4000,2759.2000,2758.8000,2758.6000,2758.2000,2760.2000,2760.6000,2760.8000,2761.0000,2762.2000,1,2,12,1,1,2,1,3,2,1
SF,IH2009,2020-05-19 09:33:09.400,2760.0000,14076,0,280402800.000,0,-,-,-,-,2760.0000,2759.6000,2759.2000,2758.8000,2758.6000,2760.2000,2760.6000,2760.8000,2761.0000,2762.2000,1,1,2,12,1,2,1,3,2,1
SF,IH2009,2020-05-19 09:33:09.900,2760.0000,14076,0,280402800.000,0,-,-,-,-,2760.0000,2759.6000,2759.2000,2758.8000,2758.6000,2760.2000,2760.6000,2760.8000,2761.0000,2762.2000,1,1,2,12,1,2,1,3,2,1
SF,IH2009,2020-05-19 09:33:10.400,2760.0000,14076,0,281230800.000,1,0,1,多换,S,2759.6000,2759.2000,2758.8000,2758.6000,2758.2000,2760.2000,2760.6000,2760.8000,2761.0000,2762.2000,1,2,12,1,1,2,1,3,2,1
SF,IH2009,2020-05-19 09:33:10.900,2760.0000,14076,0,281230800.000,0,-,-,-,-,2759.6000,2759.2000,2758.8000,2758.6000,2758.2000,2760.2000,2760.6000,2760.8000,2761.0000,2762.2000,1,2,12,1,1,2,1,3,2,1
SF,IH2009,2020-05-19 09:33:12.400,2760.0000,14077,1,282058800.000,1,1,0,双开,S,2759.6000,2759.2000,2758.8000,2758.6000,2758.2000,2760.2000,2760.6000,2760.8000,2761.0000,2762.2000,1,2,12,1,1,2,1,3,2,1
SF,IH2009,2020-05-19 09:33:14.400,2760.2000,14076,-1,283714920.000,2,0,2,多平,S,2759.6000,2759.2000,2758.8000,2758.6000,2758.2000,2760.6000,2760.8000,2761.0000,2762.2000,2763.0000,1,2,12,1,1,1,3,2,1,3
SF,IH2009,2020-05-19 09:33:14.900,2760.2000,14076,0,283714920.000,0,-,-,-,-,2759.6000,2759.2000,2758.8000,2758.6000,2758.2000,2760.6000,2760.8000,2761.0000,2762.2000,2763.0000,1,2,12,1,1,2,3,2,1,3
SF,IH2009,2020-05-19 09:33:15.400,2760.2000,14076,0,283714920.000,0,-,-,-,-,2759.6000,2759.2000,2758.8000,2758.6000,2758.2000,2760.6000,2760.8000,2761.0000,2762.2000,2763.0000,1,2,12,1,1,2,3,2,1,3
SF,IH2009,2020-05-19 09:33:15.900,2760.2000,14076,0,283714920.000,0,-,-,-,-,2759.6000,2759.2000,2758.8000,2758.6000,2758.2000,2760.6000,2760.8000,2761.0000,2762.2000,2763.0000,1,1,12,1,1,1,3,2,1,4
SF,IH2009,2020-05-19 09:33:16.400,2760.2000,14076,0,283714920.000,0,-,-,-,-,2759.6000,2759.2000,2758.8000,2758.6000,2758.2000,2760.0000,2760.6000,2760.8000,2761.0000,2762.2000,1,1,12,1,1,2,1,3,2,1
SF,IH2009,2020-05-19 09:33:16.900,2760.2000,14076,0,283714920.000,0,-,-,-,-,2759.6000,2759.2000,2758.8000,2758.6000,2758.2000,2760.0000,2760.6000,2760.8000,2761.0000,2762.2000,2,1,12,1,1,2,1,3,1,1
SF,IH2009,2020-05-19 09:33:17.900,2759.6000,14074,-2,285370680.000,2,0,2,双平,S,2759.2000,2758.8000,2758.6000,2758.2000,2758.0000,2760.0000,2760.6000,2760.8000,2761.0000,2762.2000,1,12,1,1,1,2,1,3,1,1
SF,IH2009,2020-05-19 09:33:18.900,2759.6000,14074,0,285370680.000,0,-,-,-,-,2759.4000,2759.2000,2758.8000,2758.6000,2758.2000,2759.6000,2759.8000,2760.0000,2760.6000,2760.8000,1,1,12,1,1,1,1,2,1,3
SF,IH2009,2020-05-19 09:33:19.400,2759.4000,14073,-1,286198500.000,1,0,1,双平,S,2759.2000,2758.8000,2758.6000,2758.2000,2758.0000,2759.4000,2759.6000,2759.8000,2760.0000,2760.6000,1,12,1,1,1,1,1,1,2,1
SF,IH2009,2020-05-19 09:33:19.900,2759.2000,14072,-1,287026260.000,1,0,1,双平,S,2758.8000,2758.6000,2758.2000,2758.0000,2757.6000,2759.2000,2759.6000,2759.8000,2760.0000,2760.6000,12,1,1,1,1,1,1,1,2,1
SF,IH2009,2020-05-19 09:33:20.400,2759.6000,14071,-1,287854140.000,1,0,1,双平,S,2758.8000,2758.6000,2758.2000,2758.0000,2757.6000,2759.8000,2760.0000,2760.6000,2760.8000,2761.0000,12,1,1,1,1,1,2,1,3,1
SF,IH2009,2020-05-19 09:33:20.900,2759.6000,14071,0,287854140.000,0,-,-,-,-,2758.8000,2758.6000,2758.2000,2758.0000,2757.6000,2759.6000,2759.8000,2760.0000,2760.6000,2760.8000,12,1,1,1,1,1,1,2,1,3
SF,IH2009,2020-05-19 09:33:21.400,2759.6000,14071,0,287854140.000,0,-,-,-,-,2758.8000,2758.6000,2758.2000,2758.0000,2757.6000,2759.6000,2760.0000,2760.6000,2760.8000,2761.0000,12,1,1,1,1,1,2,1,3,1
SF,IH2009,2020-05-19 09:33:21.900,2759.6000,14071,0,287854140.000,0,-,-,-,-,2758.8000,2758.6000,2758.2000,2758.0000,2757.6000,2759.6000,2760.0000,2760.6000,2760.8000,2761.0000,12,1,1,1,1,2,2,1,3,1
SF,IH2009,2020-05-19 09:33:22.900,2759.6000,14070,-1,288682020.000,1,0,1,双平,S,2758.8000,2758.6000,2758.2000,2758.0000,2757.6000,2759.6000,2760.0000,2760.6000,2760.8000,2761.0000,12,1,1,1,1,1,2,1,3,1
SF,IH2009,2020-05-19 09:33:23.900,2759.6000,14070,0,288682020.000,0,-,-,-,-,2759.0000,2758.8000,2758.6000,2758.2000,2758.0000,2759.6000,2760.0000,2760.6000,2760.8000,2761.0000,3,12,1,1,1,1,2,1,3,1
SF,IH2009,2020-05-19 09:33:24.900,2759.6000,14070,0,289509900.000,1,0,1,多换,S,2759.0000,2758.8000,2758.6000,2758.2000,2758.0000,2760.0000,2760.6000,2760.8000,2761.0000,2762.2000,3,12,1,1,1,2,1,3,1,1
SF,IH2009,2020-05-19 09:33:25.400,2759.6000,14070,0,289509900.000,0,-,-,-,-,2759.0000,2758.8000,2758.6000,2758.2000,2758.0000,2759.8000,2760.0000,2760.6000,2760.8000,2761.0000,3,12,1,1,1,3,2,1,3,1
SF,IH2009,2020-05-19 09:33:25.900,2759.6000,14070,0,289509900.000,0,-,-,-,-,2759.0000,2758.8000,2758.6000,2758.2000,2758.0000,2759.8000,2760.0000,2760.6000,2760.8000,2761.0000,3,12,1,1,1,1,2,1,3,1
SF,IH2009,2020-05-19 09:33:26.900,2759.8000,14069,-1,290337840.000,1,0,1,双平,S,2759.8000,2759.0000,2758.8000,2758.6000,2758.2000,2760.0000,2760.6000,2760.8000,2761.0000,2762.2000,1,5,12,1,1,2,1,3,1,1
SF,IH2009,2020-05-19 09:33:27.400,2759.8000,14069,0,291165780.000,1,0,1,多换,S,2759.2000,2759.0000,2758.8000,2758.6000,2758.2000,2759.8000,2760.0000,2760.6000,2760.8000,2761.0000,1,5,12,1,1,8,2,1,3,1
SF,IH2009,2020-05-19 09:33:27.900,2759.8000,14069,0,291165780.000,0,-,-,-,-,2759.2000,2759.0000,2758.8000,2758.6000,2758.2000,2759.8000,2760.0000,2760.6000,2760.8000,2761.0000,1,5,12,1,1,5,2,2,3,1
SF,IH2009,2020-05-19 09:33:28.400,2759.2000,14068,-1,291993540.000,1,0,1,双平,S,2759.0000,2758.8000,2758.6000,2758.2000,2758.0000,2759.8000,2760.0000,2760.6000,2760.8000,2761.0000,5,12,1,1,1,5,2,2,3,1
SF,IH2009,2020-05-19 09:33:28.900,2759.2000,14068,0,291993540.000,0,-,-,-,-,2759.0000,2758.8000,2758.6000,2758.2000,2758.0000,2759.2000,2759.8000,2760.0000,2760.6000,2760.8000,5,12,1,1,1,1,4,2,2,3
SF,IH2009,2020-05-19 09:33:29.400,2759.2000,14068,0,291993540.000,0,-,-,-,-,2759.0000,2758.8000,2758.6000,2758.2000,2758.0000,2759.8000,2760.0000,2760.6000,2760.8000,2761.0000,5,12,1,1,1,4,2,2,3,1
SF,IH2009,2020-05-19 09:33:35.400,2759.0000,14065,-3,294476640.000,3,0,3,双平,S,2759.0000,2758.8000,2758.6000,2758.2000,2758.0000,2759.8000,2760.0000,2760.6000,2760.8000,2761.0000,2,12,1,1,1,4,2,2,3,1
SF,IH2009,2020-05-19 09:33:35.900,2758.8000,14066,1,297787320.000,4,2,2,空开,S,2758.8000,2758.6000,2758.2000,2758.0000,2757.6000,2759.0000,2759.4000,2759.6000,2759.8000,2760.0000,10,1,1,1,1,2,2,2,2,2
SF,IH2009,2020-05-19 09:33:36.400,2758.8000,14066,0,301925520.000,5,2,3,多换,S,2758.8000,2758.6000,2758.2000,2758.0000,2757.6000,2759.0000,2759.6000,2759.8000,2760.0000,2760.6000,5,1,1,1,1,1,1,2,2,2
SF,IH2009,2020-05-19 09:33:36.900,2758.8000,14066,0,305236080.000,4,2,2,多换,S,2758.8000,2758.6000,2758.2000,2758.0000,2757.6000,2759.0000,2759.6000,2759.8000,2760.0000,2760.6000,1,1,1,1,1,1,1,2,2,2
SF,IH2009,2020-05-19 09:33:38.900,2758.8000,14066,0,305236080.000,0,-,-,-,-,2758.8000,2758.6000,2758.2000,2758.0000,2757.6000,2759.0000,2759.6000,2760.0000,2760.6000,2760.8000,1,1,1,1,1,1,1,2,2,3
SF,IH2009,2020-05-19 09:33:39.400,2758.8000,14066,0,305236080.000,0,-,-,-,-,2758.8000,2758.6000,2758.2000,2758.0000,2757.6000,2759.0000,2759.6000,2760.0000,2760.6000,2760.8000,1,1,1,1,1,1,1,4,2,3
SF,IH2009,2020-05-19 09:33:40.900,2758.8000,14067,1,306063720.000,1,1,0,双开,S,2758.6000,2758.2000,2758.0000,2757.6000,2757.0000,2758.8000,2759.0000,2759.6000,2760.0000,2760.6000,1,1,1,1,1,5,1,1,4,2
SF,IH2009,2020-05-19 09:33:41.400,2758.8000,14067,0,306063720.000,0,-,-,-,-,2758.2000,2758.0000,2757.8000,2757.6000,2757.0000,2758.8000,2759.0000,2759.6000,2760.0000,2760.6000,1,1,1,1,1,5,1,1,4,2
SF,IH2009,2020-05-19 09:33:41.900,2758.8000,14067,0,306063720.000,0,-,-,-,-,2758.2000,2758.0000,2757.8000,2757.6000,2757.4000,2758.8000,2759.0000,2759.6000,2760.0000,2760.6000,1,1,1,1,1,5,1,1,4,2
SF,IH2009,2020-05-19 09:33:42.400,2758.8000,14067,0,306063720.000,0,-,-,-,-,2758.2000,2758.0000,2757.8000,2757.6000,2757.4000,2758.8000,2759.0000,2759.6000,2760.0000,2760.6000,1,1,1,1,1,5,1,1,4,2
SF,IH2009,2020-05-19 09:33:43.400,2758.8000,14067,0,306063720.000,0,-,-,-,-,2758.2000,2758.0000,2757.8000,2757.6000,2757.4000,2758.6000,2758.8000,2759.0000,2759.6000,2760.0000,1,1,1,1,1,1,5,1,1,4
SF,IH2009,2020-05-19 09:33:44.900,2758.2000,14066,-1,306891180.000,1,0,1,双平,S,2758.0000,2757.8000,2757.6000,2757.4000,2757.0000,2758.2000,2758.6000,2758.8000,2759.0000,2759.6000,1,1,1,1,1,11,1,5,1,1
SF,IH2009,2020-05-19 09:33:45.400,2758.2000,14055,-11,315993240.000,11,0,11,双平,S,2758.2000,2758.0000,2757.8000,2757.6000,2757.4000,2758.8000,2759.0000,2759.6000,2760.0000,2760.6000,1,1,1,1,1,5,1,1,4,1
SF,IH2009,2020-05-19 09:33:45.900,2758.2000,14055,0,315993240.000,0,-,-,-,-,2758.2000,2758.0000,2757.8000,2757.6000,2757.4000,2758.8000,2759.0000,2759.6000,2760.0000,2760.6000,1,1,1,1,1,5,2,1,4,1
SF,IH2009,2020-05-19 09:33:46.400,2758.2000,14055,0,315993240.000,0,-,-,-,-,2758.2000,2758.0000,2757.8000,2757.6000,2757.4000,2758.6000,2758.8000,2759.0000,2759.6000,2760.0000,1,1,1,1,1,1,5,2,1,4
SF,IH2009,2020-05-19 09:33:46.900,2758.2000,14055,0,315993240.000,0,-,-,-,-,2758.0000,2757.8000,2757.6000,2757.4000,2757.0000,2758.6000,2758.8000,2759.0000,2759.6000,2760.0000,1,1,1,1,1,1,5,2,1,4
SF,IH2009,2020-05-19 09:33:47.400,2757.8000,14055,0,317647980.000,2,1,1,多换,S,2757.6000,2757.4000,2757.0000,2756.6000,2754.6000,2758.4000,2758.6000,2758.8000,2759.0000,2759.6000,1,1,1,1,3,2,1,5,2,1
SF,IH2009,2020-05-19 09:33:47.900,2757.8000,14055,0,317647980.000,0,-,-,-,-,2757.6000,2757.4000,2757.0000,2756.6000,2754.6000,2758.0000,2758.6000,2758.8000,2759.0000,2759.6000,1,1,1,1,3,1,1,5,2,1
SF,IH2009,2020-05-19 09:33:48.400,2757.8000,14055,0,317647980.000,0,-,-,-,-,2757.6000,2757.4000,2757.0000,2756.6000,2754.6000,2758.0000,2758.6000,2758.8000,2759.0000,2759.6000,1,1,1,1,3,1,1,5,2,1
SF,IH2009,2020-05-19 09:33:49.400,2758.0000,14055,0,318475380.000,1,0,1,多换,S,2757.6000,2757.4000,2757.0000,2756.6000,2754.6000,2758.6000,2758.8000,2759.0000,2759.6000,2760.0000,1,1,1,1,3,1,5,2,1,4
SF,IH2009,2020-05-19 09:33:49.900,2758.0000,14055,0,318475380.000,0,-,-,-,-,2757.6000,2757.4000,2757.0000,2756.6000,2754.6000,2758.6000,2758.8000,2759.0000,2759.6000,2760.0000,2,1,1,1,3,1,5,2,1,4
SF,IH2009,2020-05-19 09:33:50.400,2758.6000,14055,0,319302960.000,1,0,1,多换,S,2757.8000,2757.6000,2757.4000,2757.0000,2756.6000,2758.8000,2759.0000,2759.6000,2760.0000,2760.6000,1,2,1,1,1,5,2,1,4,1
SF,IH2009,2020-05-19 09:33:50.900,2757.6000,14053,-2,320957580.000,2,0,2,双平,S,2757.6000,2757.4000,2757.0000,2756.6000,2754.6000,2758.8000,2759.0000,2759.6000,2760.0000,2760.6000,1,1,1,1,3,5,2,1,4,1
SF,IH2009,2020-05-19 09:33:51.400,2757.6000,14053,0,320957580.000,0,-,-,-,-,2757.8000,2757.4000,2757.0000,2756.6000,2754.6000,2758.8000,2759.0000,2759.6000,2760.0000,2760.6000,3,1,1,1,3,5,2,1,4,1
SF,IH2009,2020-05-19 09:33:51.900,2757.6000,14053,0,320957580.000,0,-,-,-,-,2758.0000,2757.8000,2757.4000,2757.0000,2756.6000,2758.8000,2759.0000,2759.6000,2760.0000,2760.6000,1,1,1,1,1,5,2,1,4,1
SF,IH2009,2020-05-19 09:33:52.400,2757.6000,14053,0,320957580.000,0,-,-,-,-,2758.0000,2757.8000,2757.4000,2757.0000,2756.6000,2758.8000,2759.0000,2759.6000,2760.0000,2760.6000,1,1,1,1,1,5,2,1,4,1
SF,IH2009,2020-05-19 09:33:52.900,2757.6000,14053,0,320957580.000,0,-,-,-,-,2757.8000,2757.4000,2757.0000,2756.6000,2754.6000,2758.8000,2759.0000,2759.6000,2760.0000,2760.6000,1,1,1,1,3,5,2,1,4,1
SF,IH2009,2020-05-19 09:33:53.400,2757.6000,14053,0,320957580.000,0,-,-,-,-,2757.4000,2757.0000,2756.6000,2754.6000,2754.2000,2758.8000,2759.0000,2759.6000,2760.0000,2760.6000,1,1,1,3,1,5,1,1,4,1
SF,IH2009,2020-05-19 09:33:54.400,2757.6000,14053,0,320957580.000,0,-,-,-,-,2757.4000,2757.0000,2756.6000,2754.6000,2754.2000,2758.8000,2759.0000,2759.6000,2760.0000,2760.6000,1,1,1,3,1,5,1,1,4,1
SF,IH2009,2020-05-19 09:33:54.900,2757.6000,14053,0,320957580.000,0,-,-,-,-,2757.4000,2757.0000,2756.6000,2754.6000,2754.2000,2758.0000,2758.8000,2759.0000,2759.6000,2760.0000,2,1,1,3,1,1,5,1,1,4
SF,IH2009,2020-05-19 09:33:55.400,2757.6000,14050,-3,323439540.000,3,0,3,双平,S,2757.4000,2757.0000,2756.6000,2754.6000,2754.2000,2758.8000,2759.0000,2759.4000,2759.6000,2760.0000,1,1,1,3,1,5,1,1,1,4
SF,IH2009,2020-05-19 09:33:55.900,2757.6000,14050,0,323439540.000,0,-,-,-,-,2757.6000,2757.4000,2757.0000,2756.6000,2754.6000,2758.6000,2758.8000,2759.0000,2759.4000,2759.6000,1,1,1,1,3,2,5,1,1,1
SF,IH2009,2020-05-19 09:33:56.400,2757.6000,14050,0,323439540.000,0,-,-,-,-,2757.4000,2757.0000,2756.6000,2754.6000,2754.2000,2758.4000,2758.6000,2758.8000,2759.0000,2759.4000,1,1,1,3,1,2,2,5,1,1
SF,IH2009,2020-05-19 09:33:56.900,2757.6000,14050,0,323439540.000,0,-,-,-,-,2757.4000,2757.0000,2756.6000,2754.6000,2754.2000,2758.4000,2758.6000,2758.8000,2759.0000,2759.4000,1,1,1,3,1,2,1,5,1,1
SF,IH2009,2020-05-19 09:33:57.400,2757.6000,14050,0,323439540.000,0,-,-,-,-,2757.4000,2757.0000,2756.6000,2754.6000,2754.2000,2758.4000,2758.8000,2759.0000,2759.4000,2759.6000,1,1,1,3,1,2,5,1,1,1
SF,IH2009,2020-05-19 09:33:57.900,2757.6000,14050,0,323439540.000,0,-,-,-,-,2757.4000,2757.0000,2756.6000,2754.6000,2754.2000,2757.6000,2758.4000,2758.8000,2759.0000,2759.4000,2,1,1,3,1,1,2,5,1,1
SF,IH2009,2020-05-19 09:33:58.400,2757.6000,14048,-2,325094100.000,2,0,2,双平,S,2757.6000,2757.4000,2757.0000,2756.6000,2754.6000,2758.4000,2758.8000,2759.0000,2759.4000,2760.0000,4,2,1,1,3,2,5,1,1,4
SF,IH2009,2020-05-19 09:33:58.900,2757.6000,14048,0,325094100.000,0,-,-,-,-,2757.8000,2757.6000,2757.4000,2757.0000,2756.6000,2758.4000,2758.8000,2759.0000,2759.4000,2760.0000,1,5,2,1,1,2,5,1,1,4
SF,IH2009,2020-05-19 09:33:59.900,2757.6000,14048,0,325094100.000,0,-,-,-,-,2757.8000,2757.6000,2757.4000,2757.0000,2756.6000,2758.4000,2758.8000,2759.0000,2759.4000,2760.0000,1,5,2,1,1,2,5,1,1,4
SF,IH2009,2020-05-19 09:34:00.400,2757.6000,14048,0,325094100.000,0,-,-,-,-,2757.8000,2757.6000,2757.4000,2757.0000,2756.6000,2758.4000,2758.8000,2759.0000,2759.4000,2760.0000,1,5,1,1,1,2,5,1,1,4
SF,IH2009,2020-05-19 09:34:00.900,2757.6000,14048,0,325094100.000,0,-,-,-,-,2757.8000,2757.6000,2757.4000,2757.0000,2756.6000,2758.4000,2758.8000,2759.0000,2759.4000,2760.0000,1,5,1,1,1,2,5,1,1,5
SF,IH2009,2020-05-19 09:34:01.400,2757.6000,14048,0,325094100.000,0,-,-,-,-,2757.8000,2757.6000,2757.4000,2757.0000,2756.6000,2758.4000,2758.8000,2759.0000,2759.4000,2760.0000,1,2,1,1,1,2,5,1,1,5
SF,IH2009,2020-05-19 09:34:01.900,2758.4000,14048,0,325921620.000,1,0,1,多换,S,2757.8000,2757.6000,2757.4000,2757.0000,2756.6000,2758.4000,2758.8000,2759.0000,2759.4000,2760.0000,1,2,1,1,1,1,5,1,1,5
SF,IH2009,2020-05-19 09:34:02.400,2758.4000,14048,0,325921620.000,0,-,-,-,-,2758.0000,2757.8000,2757.6000,2757.4000,2757.0000,2758.4000,2758.8000,2759.0000,2759.4000,2760.0000,3,1,2,1,1,1,5,1,1,5
SF,IH2009,2020-05-19 09:34:02.900,2757.8000,14048,0,326748960.000,1,0,1,多换,S,2757.6000,2757.4000,2757.0000,2756.6000,2755.0000,2758.4000,2758.8000,2759.0000,2759.4000,2760.0000,2,1,1,1,1,1,5,1,1,5
SF,IH2009,2020-05-19 09:34:03.400,2758.4000,14049,1,328404000.000,2,1,1,空开,S,2757.8000,2757.6000,2757.4000,2757.0000,2756.6000,2758.8000,2759.0000,2759.4000,2760.0000,2760.6000,1,2,1,1,1,5,1,1,5,1
SF,IH2009,2020-05-19 09:34:03.900,2758.4000,14049,0,328404000.000,0,-,-,-,-,2757.8000,2757.6000,2757.4000,2757.0000,2756.6000,2758.6000,2758.8000,2759.0000,2759.4000,2760.0000,3,2,1,1,1,2,5,1,1,5
SF,IH2009,2020-05-19 09:34:04.400,2758.4000,14049,0,328404000.000,0,-,-,-,-,2757.8000,2757.6000,2757.4000,2757.0000,2756.6000,2758.6000,2758.8000,2759.0000,2759.4000,2760.0000,3,2,1,1,1,1,5,1,1,5
SF,IH2009,2020-05-19 09:34:05.400,2758.4000,14049,0,328404000.000,0,-,-,-,-,2757.8000,2757.6000,2757.4000,2757.0000,2756.6000,2758.6000,2758.8000,2759.0000,2759.4000,2760.0000,3,1,1,1,1,1,5,1,1,5
SF,IH2009,2020-05-19 09:34:05.900,2758.4000,14049,0,328404000.000,0,-,-,-,-,2757.8000,2757.6000,2757.4000,2757.0000,2756.6000,2758.4000,2758.8000,2759.0000,2759.4000,2760.0000,3,1,1,1,1,1,5,1,1,5
SF,IH2009,2020-05-19 09:34:06.400,2758.4000,14049,0,328404000.000,0,-,-,-,-,2757.8000,2757.6000,2757.4000,2757.0000,2756.6000,2758.4000,2758.8000,2759.0000,2759.4000,2760.0000,2,1,1,1,1,1,5,1,1,5
SF,IH2009,2020-05-19 09:34:06.900,2758.4000,14049,0,328404000.000,0,-,-,-,-,2757.8000,2757.6000,2757.4000,2757.0000,2756.6000,2758.4000,2758.8000,2759.0000,2759.4000,2760.0000,2,1,1,1,1,1,5,1,1,5
SF,IH2009,2020-05-19 09:34:07.400,2758.4000,14049,0,328404000.000,0,-,-,-,-,2757.8000,2757.6000,2757.4000,2757.0000,2756.6000,2758.4000,2758.8000,2759.4000,2760.0000,2760.4000,2,1,1,1,1,1,5,1,5,1
SF,IH2009,2020-05-19 09:34:08.400,2758.4000,14049,0,328404000.000,0,-,-,-,-,2757.8000,2757.6000,2757.4000,2757.0000,2756.6000,2758.8000,2759.4000,2760.0000,2760.4000,2760.6000,2,1,1,1,1,5,1,5,1,1
SF,IH2009,2020-05-19 09:34:08.900,2757.8000,14049,0,329231340.000,1,0,1,多换,S,2757.8000,2757.6000,2757.4000,2757.0000,2756.6000,2758.6000,2758.8000,2759.4000,2760.0000,2760.4000,1,1,1,1,1,1,5,1,5,1
SF,IH2009,2020-05-19 09:34:09.400,2757.8000,14049,0,329231340.000,0,-,-,-,-,2757.8000,2757.6000,2757.4000,2757.0000,2756.6000,2758.6000,2758.8000,2759.4000,2760.0000,2760.4000,1,1,1,1,1,1,5,1,5,1
SF,IH2009,2020-05-19 09:34:09.900,2757.8000,14049,0,329231340.000,0,-,-,-,-,2757.8000,2757.6000,2757.4000,2757.0000,2756.6000,2758.6000,2758.8000,2759.4000,2760.0000,2760.4000,1,1,1,1,1,1,5,1,5,1
SF,IH2009,2020-05-19 09:34:10.400,2757.8000,14049,0,330058680.000,1,0,1,多换,S,2757.6000,2757.4000,2757.0000,2756.6000,2755.0000,2757.8000,2758.4000,2758.6000,2758.8000,2759.4000,1,1,1,1,1,1,1,1,5,1
SF,IH2009,2020-05-19 09:34:10.900,2757.8000,14048,-1,330886020.000,1,0,1,双平,S,2757.4000,2757.0000,2756.6000,2755.0000,2754.6000,2758.4000,2758.8000,2759.4000,2760.0000,2760.4000,1,1,1,1,3,1,5,1,5,1
SF,IH2009,2020-05-19 09:34:11.400,2757.8000,14048,0,330886020.000,0,-,-,-,-,2757.4000,2757.0000,2756.6000,2755.0000,2754.6000,2758.2000,2758.8000,2759.4000,2760.0000,2760.4000,1,1,1,1,3,1,5,1,5,1
SF,IH2009,2020-05-19 09:34:12.400,2757.8000,14048,0,330886020.000,0,-,-,-,-,2757.4000,2757.0000,2756.6000,2755.0000,2754.6000,2758.2000,2758.6000,2758.8000,2759.4000,2760.0000,1,1,1,1,3,1,1,5,1,5
SF,IH2009,2020-05-19 09:34:13.400,2758.2000,14048,0,331713480.000,1,0,1,多换,S,2757.4000,2757.0000,2756.6000,2755.0000,2754.6000,2758.6000,2758.8000,2759.4000,2760.0000,2760.4000,1,1,1,1,3,2,5,1,6,1
SF,IH2009,2020-05-19 09:34:13.900,2757.4000,14048,0,332540700.000,1,0,1,多换,S,2757.0000,2756.6000,2755.0000,2754.6000,2754.2000,2757.8000,2758.4000,2758.6000,2758.8000,2759.4000,1,1,1,3,1,1,3,2,5,1
SF,IH2009,2020-05-19 09:34:14.400,2757.8000,14049,1,333368040.000,1,1,0,双开,S,2757.4000,2757.2000,2757.0000,2756.6000,2755.0000,2758.4000,2758.6000,2758.8000,2759.4000,2760.0000,3,1,1,1,1,1,2,5,1,6
SF,IH2009,2020-05-19 09:34:14.900,2757.8000,14049,0,333368040.000,0,-,-,-,-,2757.4000,2757.0000,2756.6000,2755.0000,2754.6000,2758.2000,2758.4000,2758.6000,2758.8000,2759.4000,3,1,1,1,3,1,1,2,5,1
SF,IH2009,2020-05-19 09:34:15.400,2757.8000,14049,0,333368040.000,0,-,-,-,-,2757.4000,2757.0000,2756.6000,2755.0000,2754.6000,2758.4000,2758.6000,2758.8000,2759.4000,2760.0000,3,1,1,1,3,1,2,5,1,6
SF,IH2009,2020-05-19 09:34:15.900,2757.8000,14049,0,333368040.000,0,-,-,-,-,2757.4000,2757.0000,2756.6000,2755.0000,2754.6000,2758.2000,2758.4000,2758.6000,2758.8000,2759.4000,3,1,1,1,3,1,1,2,5,1
SF,IH2009,2020-05-19 09:34:16.400,2757.8000,14049,0,333368040.000,0,-,-,-,-,2757.4000,2757.0000,2756.6000,2755.0000,2754.6000,2758.6000,2758.8000,2759.4000,2760.0000,2760.4000,3,1,1,1,3,2,5,1,6,1
SF,IH2009,2020-05-19 09:34:16.900,2757.8000,14049,0,333368040.000,0,-,-,-,-,2757.4000,2757.0000,2756.6000,2755.0000,2754.6000,2758.4000,2758.6000,2758.8000,2759.4000,2760.0000,3,1,1,1,3,2,2,5,1,6
SF,IH2009,2020-05-19 09:34:19.400,2757.8000,14049,0,333368040.000,0,-,-,-,-,2757.0000,2756.6000,2755.0000,2754.6000,2754.2000,2758.2000,2758.4000,2758.6000,2758.8000,2759.4000,1,1,1,3,1,1,2,2,5,1
SF,IH2009,2020-05-19 09:34:19.900,2757.8000,14049,0,333368040.000,0,-,-,-,-,2757.0000,2756.6000,2755.0000,2754.6000,2754.2000,2758.0000,2758.2000,2758.6000,2758.8000,2759.4000,1,1,1,3,1,2,1,2,5,1
SF,IH2009,2020-05-19 09:34:20.400,2758.0000,14050,1,334195440.000,1,1,0,双开,S,2757.0000,2756.6000,2755.0000,2754.6000,2754.2000,2758.0000,2758.2000,2758.6000,2758.8000,2759.4000,1,1,1,3,1,1,1,2,5,1
SF,IH2009,2020-05-19 09:34:20.900,2758.0000,14050,0,334195440.000,0,-,-,-,-,2757.0000,2756.6000,2755.0000,2754.6000,2754.2000,2758.0000,2758.6000,2758.8000,2759.4000,2760.0000,1,1,1,3,1,1,2,5,1,6
SF,IH2009,2020-05-19 09:34:21.400,2758.0000,14050,0,334195440.000,0,-,-,-,-,2757.2000,2757.0000,2756.6000,2755.0000,2754.6000,2758.0000,2758.6000,2758.8000,2759.4000,2760.0000,1,1,1,1,3,1,2,5,1,6
SF,IH2009,2020-05-19 09:34:21.900,2758.0000,14050,0,334195440.000,0,-,-,-,-,2757.2000,2757.0000,2756.6000,2755.0000,2754.6000,2758.0000,2758.6000,2758.8000,2759.4000,2760.0000,1,1,1,1,3,1,2,5,1,6
SF,IH2009,2020-05-19 09:34:22.400,2758.0000,14050,0,335022840.000,1,0,1,多换,S,2758.0000,2757.2000,2757.0000,2756.6000,2755.0000,2758.6000,2758.8000,2759.4000,2760.0000,2760.4000,4,1,1,1,1,2,5,1,6,1
SF,IH2009,2020-05-19 09:34:22.900,2758.0000,14050,0,337505040.000,3,1,2,多换,S,2758.0000,2757.0000,2756.6000,2755.0000,2754.6000,2758.6000,2758.8000,2759.4000,2760.0000,2760.4000,1,1,1,1,3,2,5,1,6,1
SF,IH2009,2020-05-19 09:34:23.400,2758.0000,14050,0,338332440.000,1,0,1,多换,S,2757.0000,2756.6000,2755.0000,2754.6000,2754.2000,2758.0000,2758.4000,2758.6000,2758.8000,2759.4000,1,1,1,3,1,2,1,2,5,1
SF,IH2009,2020-05-19 09:34:23.900,2758.0000,14050,0,338332440.000,0,-,-,-,-,2757.2000,2757.0000,2756.6000,2755.0000,2754.6000,2758.0000,2758.4000,2758.6000,2758.8000,2759.4000,2,1,1,1,3,2,1,2,5,1
SF,IH2009,2020-05-19 09:34:24.400,2758.0000,14050,0,338332440.000,0,-,-,-,-,2757.4000,2757.2000,2757.0000,2756.6000,2755.0000,2758.0000,2758.6000,2758.8000,2759.4000,2760.0000,2,2,1,1,1,2,2,5,1,6
SF,IH2009,2020-05-19 09:34:25.400,2758.0000,14050,0,338332440.000,0,-,-,-,-,2757.4000,2757.2000,2757.0000,2756.6000,2755.0000,2758.0000,2758.6000,2758.8000,2759.4000,2760.0000,1,2,1,1,1,2,2,5,1,6
SF,IH2009,2020-05-19 09:34:25.900,2758.0000,14049,-1,339159840.000,1,0,1,双平,S,2757.4000,2757.2000,2757.0000,2756.6000,2755.0000,2758.0000,2758.6000,2758.8000,2759.4000,2760.0000,1,2,1,1,1,2,2,5,1,6
SF,IH2009,2020-05-19 09:34:26.400,2758.0000,14049,0,339159840.000,0,-,-,-,-,2757.4000,2757.2000,2757.0000,2756.6000,2755.0000,2758.6000,2758.8000,2759.4000,2760.0000,2760.4000,1,2,1,1,1,2,5,1,6,1
SF,IH2009,2020-05-19 09:34:26.900,2758.0000,14049,0,339159840.000,0,-,-,-,-,2757.4000,2757.2000,2757.0000,2756.6000,2755.0000,2758.4000,2758.6000,2758.8000,2759.4000,2760.0000,1,2,1,1,1,2,2,5,1,6
SF,IH2009,2020-05-19 09:34:27.400,2758.0000,14049,0,339159840.000,0,-,-,-,-,2757.4000,2757.2000,2757.0000,2756.6000,2755.0000,2758.4000,2758.6000,2758.8000,2759.4000,2760.0000,1,2,1,1,1,2,1,5,1,6
SF,IH2009,2020-05-19 09:34:27.900,2758.0000,14049,0,339159840.000,0,-,-,-,-,2757.4000,2757.2000,2757.0000,2756.6000,2755.0000,2758.4000,2758.6000,2758.8000,2759.4000,2760.0000,1,2,1,1,1,3,1,5,1,6
SF,IH2009,2020-05-19 09:34:29.400,2758.0000,14049,0,339159840.000,0,-,-,-,-,2757.4000,2757.2000,2757.0000,2756.6000,2755.0000,2758.4000,2758.6000,2758.8000,2759.4000,2760.0000,1,2,1,1,1,2,1,5,1,6
SF,IH2009,2020-05-19 09:34:29.900,2758.0000,14049,0,339159840.000,0,-,-,-,-,2757.4000,2757.2000,2757.0000,2756.6000,2755.0000,2758.4000,2758.6000,2758.8000,2759.4000,2760.0000,1,2,1,1,1,2,1,5,1,6
SF,IH2009,2020-05-19 09:34:30.400,2758.0000,14049,0,339159840.000,0,-,-,-,-,2757.4000,2757.2000,2757.0000,2756.6000,2755.0000,2758.4000,2758.6000,2758.8000,2759.4000,2760.0000,1,2,1,1,1,2,1,5,1,6
SF,IH2009,2020-05-19 09:34:30.900,2758.0000,14049,0,339159840.000,0,-,-,-,-,2757.4000,2757.2000,2757.0000,2756.6000,2755.0000,2758.4000,2758.6000,2758.8000,2759.4000,2760.0000,1,2,1,1,1,2,1,5,1,6
SF,IH2009,2020-05-19 09:34:31.400,2758.0000,14049,0,339159840.000,0,-,-,-,-,2757.4000,2757.2000,2757.0000,2756.6000,2755.0000,2758.2000,2758.4000,2758.6000,2758.8000,2759.4000,1,2,1,1,1,2,2,1,5,1
SF,IH2009,2020-05-19 09:34:31.900,2758.0000,14049,0,339159840.000,0,-,-,-,-,2757.4000,2757.2000,2757.0000,2756.6000,2755.0000,2758.2000,2758.4000,2758.6000,2758.8000,2759.4000,1,2,1,1,1,2,1,1,5,1
SF,IH2009,2020-05-19 09:34:32.400,2758.0000,14049,0,339159840.000,0,-,-,-,-,2757.4000,2757.2000,2757.0000,2756.6000,2755.0000,2758.0000,2758.2000,2758.6000,2758.8000,2759.4000,1,2,1,1,1,1,2,1,5,1
SF,IH2009,2020-05-19 09:34:32.900,2757.2000,14049,0,340814220.000,2,1,1,多换,S,2757.2000,2756.6000,2755.0000,2754.6000,2754.2000,2758.0000,2758.2000,2758.6000,2758.8000,2759.4000,1,1,1,3,1,1,2,1,5,1
SF,IH2009,2020-05-19 09:34:33.400,2757.2000,14049,0,341641380.000,1,0,1,多换,S,2756.6000,2755.0000,2754.6000,2754.2000,2754.0000,2757.2000,2757.8000,2758.0000,2758.2000,2758.6000,1,1,3,1,1,2,1,1,3,1
SF,IH2009,2020-05-19 09:34:33.900,2757.2000,14049,0,341641380.000,0,-,-,-,-,2756.6000,2755.0000,2754.6000,2754.2000,2754.0000,2757.8000,2758.0000,2758.2000,2758.6000,2758.8000,1,1,1,1,1,1,1,2,1,5
SF,IH2009,2020-05-19 09:34:34.400,2757.2000,14049,0,341641380.000,0,-,-,-,-,2756.6000,2755.0000,2754.6000,2754.2000,2754.0000,2757.6000,2757.8000,2758.0000,2758.2000,2758.6000,1,1,1,1,1,1,1,1,2,1
SF,IH2009,2020-05-19 09:34:34.900,2757.2000,14049,0,341641380.000,0,-,-,-,-,2756.6000,2755.0000,2754.2000,2754.0000,2753.4000,2757.2000,2757.4000,2757.8000,2758.2000,2758.6000,1,1,1,1,1,2,1,1,1,1
SF,IH2009,2020-05-19 09:34:35.400,2757.2000,14049,0,341641380.000,0,-,-,-,-,2756.6000,2755.0000,2754.2000,2754.0000,2753.4000,2757.6000,2758.2000,2758.6000,2758.8000,2759.4000,1,1,1,1,1,1,1,1,5,1
SF,IH2009,2020-05-19 09:34:35.900,2757.2000,14049,0,341641380.000,0,-,-,-,-,2756.6000,2755.0000,2754.2000,2754.0000,2753.4000,2757.2000,2757.4000,2757.6000,2758.2000,2758.6000,1,1,1,1,1,1,3,1,1,1
SF,IH2009,2020-05-19 09:34:36.400,2757.2000,14048,-1,342468540.000,1,0,1,双平,S,2756.6000,2755.0000,2754.2000,2754.0000,2753.4000,2757.4000,2757.6000,2758.2000,2758.6000,2759.4000,1,1,1,1,1,1,1,1,1,1
SF,IH2009,2020-05-19 09:34:36.900,2757.2000,14048,0,342468540.000,0,-,-,-,-,2756.6000,2755.0000,2754.2000,2754.0000,2753.4000,2758.2000,2758.6000,2759.4000,2760.0000,2760.4000,1,1,1,1,1,1,1,1,6,1
SF,IH2009,2020-05-19 09:34:37.400,2757.2000,14048,0,342468540.000,0,-,-,-,-,2756.8000,2756.6000,2755.0000,2754.2000,2754.0000,2758.2000,2758.6000,2759.4000,2760.0000,2760.4000,4,1,1,1,1,1,1,1,6,1
SF,IH2009,2020-05-19 09:34:37.900,2757.2000,14048,0,342468540.000,0,-,-,-,-,2757.0000,2756.8000,2756.6000,2755.0000,2754.2000,2758.2000,2758.6000,2759.4000,2760.0000,2760.4000,2,3,1,1,1,1,1,1,6,1
SF,IH2009,2020-05-19 09:34:38.400,2757.2000,14048,0,342468540.000,0,-,-,-,-,2757.2000,2757.0000,2756.8000,2756.6000,2755.0000,2758.2000,2758.6000,2759.4000,2760.0000,2760.4000,2,1,2,1,1,2,1,1,6,1
SF,IH2009,2020-05-19 09:34:38.900,2757.2000,14046,-2,344122860.000,2,0,2,双平,S,2756.8000,2756.6000,2755.0000,2754.2000,2754.0000,2758.2000,2758.6000,2759.4000,2760.0000,2760.4000,1,1,1,1,1,2,1,1,6,1
SF,IH2009,2020-05-19 09:34:39.400,2757.2000,14046,0,344122860.000,0,-,-,-,-,2757.0000,2756.8000,2756.6000,2755.0000,2754.2000,2758.0000,2758.2000,2758.6000,2759.4000,2760.0000,1,1,1,1,1,2,2,1,1,6
SF,IH2009,2020-05-19 09:34:39.900,2757.2000,14046,0,344122860.000,0,-,-,-,-,2756.8000,2756.6000,2755.0000,2754.2000,2754.0000,2758.0000,2758.2000,2758.6000,2759.4000,2760.0000,1,1,1,1,1,2,2,1,1,6
SF,IH2009,2020-05-19 09:34:40.400,2757.2000,14046,0,344122860.000,0,-,-,-,-,2756.6000,2755.0000,2754.2000,2754.0000,2753.4000,2757.8000,2758.0000,2758.2000,2758.6000,2759.4000,1,1,1,1,1,2,2,2,1,1
SF,IH2009,2020-05-19 09:34:40.900,2757.2000,14046,0,344122860.000,0,-,-,-,-,2756.6000,2755.0000,2754.2000,2754.0000,2753.4000,2757.8000,2758.0000,2758.2000,2758.6000,2759.4000,1,1,1,1,1,2,2,2,1,1
SF,IH2009,2020-05-19 09:34:41.400,2757.2000,14046,0,344122860.000,0,-,-,-,-,2756.6000,2755.0000,2754.2000,2754.0000,2753.4000,2758.2000,2758.6000,2759.4000,2760.0000,2760.4000,1,1,1,1,1,2,1,1,7,1
SF,IH2009,2020-05-19 09:34:41.900,2758.2000,14046,0,345777780.000,2,1,1,多换,S,2756.8000,2756.6000,2755.0000,2754.2000,2754.0000,2758.6000,2759.4000,2760.0000,2760.4000,2760.6000,1,4,1,1,1,1,1,7,1,1
SF,IH2009,2020-05-19 09:34:42.400,2758.2000,14046,0,345777780.000,0,-,-,-,-,2757.0000,2756.6000,2755.0000,2754.2000,2754.0000,2758.4000,2758.6000,2759.4000,2760.0000,2760.4000,1,4,1,1,1,2,1,1,7,1
SF,IH2009,2020-05-19 09:34:42.900,2758.2000,14046,0,345777780.000,0,-,-,-,-,2756.6000,2755.0000,2754.2000,2754.0000,2753.4000,2758.4000,2758.6000,2759.4000,2760.0000,2760.4000,1,1,1,1,1,2,1,1,7,1
SF,IH2009,2020-05-19 09:34:43.400,2758.2000,14046,0,345777780.000,0,-,-,-,-,2756.8000,2756.6000,2755.0000,2754.2000,2754.0000,2758.4000,2758.6000,2759.4000,2760.0000,2760.4000,1,1,1,1,1,2,1,1,7,1
SF,IH2009,2020-05-19 09:34:43.900,2758.2000,14046,0,345777780.000,0,-,-,-,-,2757.0000,2756.6000,2755.0000,2754.2000,2754.0000,2758.4000,2758.6000,2759.4000,2760.0000,2760.4000,1,1,1,1,1,2,1,1,7,1
SF,IH2009,2020-05-19 09:34:44.400,2758.2000,14046,0,345777780.000,0,-,-,-,-,2757.0000,2756.6000,2755.0000,2754.2000,2754.0000,2758.4000,2758.6000,2759.4000,2760.0000,2760.4000,1,1,1,1,1,1,1,1,7,1
SF,IH2009,2020-05-19 09:34:44.900,2758.2000,14046,0,345777780.000,0,-,-,-,-,2757.2000,2757.0000,2756.8000,2756.6000,2755.0000,2758.6000,2759.4000,2760.0000,2760.4000,2760.6000,1,1,2,1,1,1,1,7,1,1
SF,IH2009,2020-05-19 09:34:45.400,2757.2000,14045,-1,346604940.000,1,0,1,双平,S,2757.4000,2756.8000,2756.6000,2755.0000,2754.2000,2758.6000,2759.4000,2760.0000,2760.4000,2760.6000,1,2,1,1,1,1,1,7,1,1
SF,IH2009,2020-05-19 09:34:45.900,2757.2000,14045,0,346604940.000,0,-,-,-,-,2757.4000,2756.8000,2756.6000,2755.0000,2754.2000,2758.4000,2758.6000,2759.4000,2760.0000,2760.4000,1,2,1,1,1,2,2,1,7,1
SF,IH2009,2020-05-19 09:34:46.400,2757.2000,14045,0,346604940.000,0,-,-,-,-,2757.4000,2756.8000,2756.6000,2755.0000,2754.2000,2758.4000,2758.6000,2759.4000,2760.0000,2760.4000,1,2,1,1,1,2,2,1,7,1
SF,IH2009,2020-05-19 09:34:46.900,2757.2000,14045,0,346604940.000,0,-,-,-,-,2756.8000,2756.6000,2755.0000,2754.2000,2754.0000,2758.4000,2758.6000,2759.4000,2760.0000,2760.4000,2,1,1,1,1,2,2,1,7,1
SF,IH2009,2020-05-19 09:34:47.400,2757.2000,14045,0,346604940.000,0,-,-,-,-,2757.0000,2756.8000,2756.6000,2755.0000,2754.2000,2758.2000,2758.6000,2759.4000,2760.0000,2760.4000,2,2,1,1,1,1,1,1,7,1
SF,IH2009,2020-05-19 09:34:47.900,2758.2000,14044,-1,347432400.000,1,0,1,双平,S,2757.0000,2756.8000,2756.6000,2755.0000,2754.2000,2758.6000,2759.4000,2760.0000,2760.4000,2760.6000,2,2,1,1,1,1,1,7,1,1
SF,IH2009,2020-05-19 09:34:48.400,2758.2000,14044,0,347432400.000,0,-,-,-,-,2757.0000,2756.8000,2756.6000,2755.0000,2754.2000,2758.6000,2759.4000,2760.0000,2760.4000,2760.6000,1,2,1,1,1,1,1,7,1,1
SF,IH2009,2020-05-19 09:34:48.900,2758.2000,14044,0,347432400.000,0,-,-,-,-,2756.8000,2756.6000,2755.0000,2754.2000,2754.0000,2758.4000,2758.6000,2759.4000,2760.0000,2760.4000,2,1,1,1,1,1,1,1,7,1
SF,IH2009,2020-05-19 09:34:49.400,2758.2000,14044,0,347432400.000,0,-,-,-,-,2757.0000,2756.8000,2756.6000,2755.0000,2754.2000,2758.4000,2758.6000,2759.4000,2760.0000,2760.4000,1,2,1,1,1,1,1,1,7,1
SF,IH2009,2020-05-19 09:34:49.900,2758.2000,14044,0,347432400.000,0,-,-,-,-,2756.8000,2756.6000,2755.0000,2754.2000,2754.0000,2758.4000,2758.6000,2759.4000,2760.0000,2760.4000,2,1,1,1,1,1,1,1,7,1
SF,IH2009,2020-05-19 09:34:50.400,2758.2000,14044,0,347432400.000,0,-,-,-,-,2757.0000,2756.8000,2756.6000,2755.0000,2754.2000,2758.6000,2759.4000,2760.0000,2760.4000,2760.6000,4,2,1,1,1,1,1,7,1,1
SF,IH2009,2020-05-19 09:34:50.900,2758.2000,14044,0,347432400.000,0,-,-,-,-,2757.0000,2756.8000,2756.6000,2755.0000,2754.2000,2758.6000,2759.4000,2760.0000,2760.4000,2760.6000,4,2,1,1,1,3,1,7,1,1
SF,IH2009,2020-05-19 09:34:51.400,2758.2000,14044,0,347432400.000,0,-,-,-,-,2757.0000,2756.8000,2756.6000,2755.0000,2754.2000,2758.4000,2758.6000,2759.4000,2760.0000,2760.4000,1,2,1,1,1,2,4,1,7,1
SF,IH2009,2020-05-19 09:34:51.900,2758.2000,14044,0,347432400.000,0,-,-,-,-,2756.8000,2756.6000,2755.0000,2754.2000,2754.0000,2758.4000,2758.6000,2759.4000,2760.0000,2760.4000,2,1,1,1,1,2,4,1,7,1
SF,IH2009,2020-05-19 09:34:52.400,2758.2000,14044,0,347432400.000,0,-,-,-,-,2757.0000,2756.8000,2756.6000,2755.0000,2754.2000,2758.4000,2758.6000,2758.8000,2759.4000,2760.0000,1,2,1,1,1,2,4,1,1,7
SF,IH2009,2020-05-19 09:34:52.900,2758.2000,14044,0,347432400.000,0,-,-,-,-,2756.8000,2756.6000,2755.0000,2754.2000,2754.0000,2758.4000,2758.6000,2758.8000,2759.4000,2760.0000,2,1,1,1,1,2,5,1,1,7
SF,IH2009,2020-05-19 09:34:53.400,2758.2000,14044,0,347432400.000,0,-,-,-,-,2757.0000,2756.8000,2756.6000,2755.0000,2754.2000,2758.4000,2758.6000,2758.8000,2759.4000,2760.0000,1,2,1,1,1,1,4,1,1,7
SF,IH2009,2020-05-19 09:34:53.900,2758.2000,14044,0,347432400.000,0,-,-,-,-,2756.8000,2756.6000,2755.0000,2754.2000,2754.0000,2758.4000,2758.6000,2758.8000,2759.4000,2760.0000,2,1,1,1,1,1,4,1,1,7
SF,IH2009,2020-05-19 09:34:54.400,2758.2000,14044,0,347432400.000,0,-,-,-,-,2757.0000,2756.8000,2756.6000,2755.0000,2754.2000,2758.4000,2758.6000,2758.8000,2759.4000,2760.0000,1,2,1,1,1,1,4,1,1,7
SF,IH2009,2020-05-19 09:34:54.900,2758.2000,14044,0,347432400.000,0,-,-,-,-,2757.2000,2756.8000,2756.6000,2755.0000,2754.2000,2758.4000,2758.6000,2758.8000,2759.4000,2760.0000,1,2,1,1,1,1,4,1,1,7
SF,IH2009,2020-05-19 09:34:55.400,2758.2000,14044,0,347432400.000,0,-,-,-,-,2756.8000,2756.6000,2754.2000,2754.0000,2753.4000,2758.4000,2758.6000,2758.8000,2759.4000,2760.0000,2,1,1,1,1,1,4,1,1,7
