市场代码,合约代码,时间,最新,持仓,增仓,成交额,成交量,开仓,平仓,成交类型,方向,买一价,买二价,买三价,买四价,买五价,卖一价,卖二价,卖三价,卖四价,卖五价,买一量,买二量,买三量,买四量,买五量,卖一量,卖二量,卖三量,卖四量,卖五量
SF,IH2009,2020-02-18 09:29:00.000,2906.0000,3907,0,871800.000,1.000,-,-,-,-,2905.2000,2905.0000,2902.2000,2900.0000,2898.0000,2911.2000,2911.4000,2912.0000,2915.0000,2917.0000,1,1,1,1,1,1,1,1,3,3
SF,IH2009,2020-02-18 09:30:00.500,2905.0000,3908,1,2614860.000,2,1,1,空开,S,2902.2000,2900.0000,2898.0000,2895.8000,2894.2000,2905.0000,2905.2000,2911.2000,2911.4000,2912.0000,1,1,1,1,1,2,1,1,1,1
SF,IH2009,2020-02-18 09:30:01.000,2905.0000,3908,0,2614860.000,0,-,-,-,-,2902.6000,2902.4000,2902.2000,2900.0000,2898.0000,2905.0000,2905.2000,2911.2000,2912.0000,2914.0000,1,1,1,1,1,1,1,1,1,1
SF,IH2009,2020-02-18 09:30:01.500,2902.4000,3907,-1,3485580.000,1,0,1,双平,S,2902.2000,2900.0000,2898.0000,2895.8000,2894.2000,2904.8000,2905.0000,2905.2000,2907.0000,2911.2000,1,1,1,1,1,2,1,1,5,1
SF,IH2009,2020-02-18 09:30:02.000,2902.4000,3907,0,3485580.000,0,-,-,-,-,2903.6000,2902.6000,2902.4000,2902.2000,2900.0000,2905.0000,2905.2000,2907.0000,2911.2000,2912.0000,1,1,1,1,1,1,1,5,1,1
SF,IH2009,2020-02-18 09:30:02.500,2903.4000,3907,0,4356600.000,1,0,1,多换,S,2903.8000,2902.4000,2902.2000,2900.2000,2900.0000,2905.2000,2907.0000,2911.2000,2912.0000,2914.0000,2,1,1,1,1,1,5,1,1,1
SF,IH2009,2020-02-18 09:30:03.000,2903.4000,3907,0,4356600.000,0,-,-,-,-,2904.2000,2903.8000,2902.4000,2902.2000,2900.2000,2905.0000,2907.0000,2911.2000,2912.0000,2914.0000,1,2,1,1,1,1,5,1,1,1
SF,IH2009,2020-02-18 09:30:03.500,2903.4000,3907,0,4356600.000,0,-,-,-,-,2904.4000,2902.4000,2902.2000,2900.2000,2900.0000,2905.0000,2910.8000,2911.2000,2912.0000,2914.0000,2,1,1,1,1,1,5,1,1,1
SF,IH2009,2020-02-18 09:30:04.000,2903.4000,3907,0,4356600.000,0,-,-,-,-,2904.8000,2904.4000,2902.4000,2902.2000,2900.2000,2910.8000,2911.2000,2912.0000,2914.0000,2915.0000,1,2,1,1,1,5,1,1,1,2
SF,IH2009,2020-02-18 09:30:04.500,2904.8000,3907,0,6099540.000,2,1,1,多换,S,2905.0000,2902.2000,2900.2000,2900.0000,2898.0000,2910.0000,2910.6000,2910.8000,2911.2000,2912.0000,2,1,1,1,1,3,1,5,1,1
SF,IH2009,2020-02-18 09:30:05.000,2904.8000,3907,0,6099540.000,0,-,-,-,-,2905.0000,2902.2000,2900.2000,2900.0000,2898.0000,2909.8000,2910.8000,2911.2000,2912.0000,2914.0000,3,1,1,1,1,3,5,1,1,1
SF,IH2009,2020-02-18 09:30:05.500,2904.8000,3908,1,6970980.000,1,1,0,双开,S,2905.0000,2902.2000,2902.0000,2900.2000,2900.0000,2909.8000,2910.8000,2911.2000,2912.0000,2914.0000,2,1,1,1,1,3,5,1,1,1
SF,IH2009,2020-02-18 09:30:06.000,2904.8000,3908,0,6970980.000,0,-,-,-,-,2905.0000,2902.2000,2902.0000,2900.2000,2900.0000,2909.8000,2910.8000,2911.2000,2912.0000,2914.0000,3,1,1,1,1,3,5,1,1,1
SF,IH2009,2020-02-18 09:30:07.000,2904.8000,3908,0,6970980.000,0,-,-,-,-,2905.6000,2905.0000,2902.2000,2902.0000,2900.2000,2909.8000,2910.8000,2911.2000,2912.0000,2914.0000,1,3,1,1,1,6,5,1,1,1
SF,IH2009,2020-02-18 09:30:07.500,2904.8000,3908,0,6970980.000,0,-,-,-,-,2905.8000,2905.6000,2905.0000,2902.2000,2902.0000,2909.8000,2910.8000,2911.2000,2912.0000,2914.0000,1,1,2,1,1,6,5,1,1,1
SF,IH2009,2020-02-18 09:30:08.000,2904.8000,3908,0,6970980.000,0,-,-,-,-,2906.0000,2905.8000,2905.6000,2905.0000,2902.2000,2909.8000,2910.8000,2911.2000,2912.0000,2914.0000,1,1,1,2,1,6,5,1,1,1
SF,IH2009,2020-02-18 09:30:08.500,2904.8000,3908,0,6970980.000,0,-,-,-,-,2906.2000,2906.0000,2905.6000,2905.0000,2902.2000,2909.8000,2910.8000,2911.2000,2912.0000,2914.0000,1,1,1,2,1,6,5,1,1,1
SF,IH2009,2020-02-18 09:30:09.000,2905.8000,3908,0,7842720.000,1,0,1,多换,S,2905.6000,2905.0000,2902.2000,2902.0000,2900.2000,2909.8000,2910.8000,2911.2000,2912.0000,2914.0000,1,2,1,1,1,6,5,1,1,1
SF,IH2009,2020-02-18 09:30:09.500,2905.8000,3908,0,7842720.000,0,-,-,-,-,2905.8000,2905.6000,2905.0000,2902.2000,2902.0000,2909.8000,2910.8000,2911.2000,2912.0000,2914.0000,1,1,2,1,1,6,5,1,1,1
SF,IH2009,2020-02-18 09:30:10.000,2905.8000,3908,0,7842720.000,0,-,-,-,-,2905.8000,2905.6000,2905.0000,2902.2000,2902.0000,2909.6000,2909.8000,2910.8000,2911.2000,2912.0000,1,1,2,1,1,1,6,5,1,1
SF,IH2009,2020-02-18 09:30:10.500,2905.8000,3908,0,7842720.000,0,-,-,-,-,2905.8000,2905.6000,2905.0000,2902.2000,2902.0000,2909.4000,2909.6000,2909.8000,2910.8000,2911.2000,1,1,2,1,1,3,1,4,5,1
SF,IH2009,2020-02-18 09:30:11.000,2905.8000,3908,0,7842720.000,0,-,-,-,-,2905.6000,2905.0000,2904.0000,2902.2000,2902.0000,2909.2000,2909.4000,2909.6000,2909.8000,2910.8000,1,2,1,1,1,1,6,1,4,5
SF,IH2009,2020-02-18 09:30:11.500,2905.8000,3908,0,7842720.000,0,-,-,-,-,2905.6000,2905.0000,2904.0000,2902.2000,2902.0000,2909.0000,2909.2000,2909.4000,2909.6000,2909.8000,1,2,1,1,1,3,1,1,1,4
SF,IH2009,2020-02-18 09:30:12.000,2905.6000,3908,0,8714400.000,1,0,1,多换,S,2905.0000,2904.0000,2902.2000,2902.0000,2900.2000,2908.8000,2909.0000,2909.2000,2909.4000,2909.6000,2,1,1,1,1,2,6,1,1,1
SF,IH2009,2020-02-18 09:30:12.500,2905.6000,3908,0,8714400.000,0,-,-,-,-,2905.0000,2904.0000,2902.2000,2902.0000,2900.2000,2908.6000,2908.8000,2909.0000,2909.2000,2909.4000,2,1,1,1,1,3,2,1,1,1
SF,IH2009,2020-02-18 09:30:13.000,2905.0000,3907,-1,9585900.000,1,0,1,双平,S,2905.0000,2904.0000,2902.2000,2902.0000,2900.2000,2908.4000,2908.6000,2908.8000,2909.0000,2909.2000,1,1,1,1,1,1,3,1,1,1
SF,IH2009,2020-02-18 09:30:13.500,2905.0000,3907,0,9585900.000,0,-,-,-,-,2905.0000,2904.0000,2902.2000,2902.0000,2900.2000,2908.2000,2908.4000,2908.6000,2908.8000,2909.0000,1,1,1,1,1,4,1,1,1,1
SF,IH2009,2020-02-18 09:30:14.000,2905.0000,3907,0,9585900.000,0,-,-,-,-,2905.0000,2904.0000,2902.2000,2902.0000,2900.2000,2908.2000,2908.6000,2908.8000,2909.0000,2909.2000,1,1,1,1,1,4,1,1,1,1
SF,IH2009,2020-02-18 09:30:14.500,2908.2000,3907,0,12203280.000,3,1,2,多换,S,2905.2000,2905.0000,2904.0000,2902.2000,2902.0000,2908.2000,2908.6000,2908.8000,2909.0000,2909.8000,1,1,1,1,1,1,1,1,1,3
SF,IH2009,2020-02-18 09:30:15.000,2908.2000,3907,0,12203280.000,0,-,-,-,-,2905.4000,2905.2000,2905.0000,2904.0000,2902.2000,2908.0000,2908.2000,2908.6000,2909.0000,2909.8000,1,1,1,1,1,1,1,1,1,3
SF,IH2009,2020-02-18 09:30:15.500,2908.2000,3907,0,12203280.000,0,-,-,-,-,2905.6000,2905.4000,2905.0000,2904.0000,2902.2000,2907.8000,2908.0000,2908.6000,2909.0000,2909.8000,1,1,1,1,1,1,1,1,1,3
SF,IH2009,2020-02-18 09:30:16.000,2908.2000,3907,0,12203280.000,0,-,-,-,-,2905.6000,2905.4000,2905.0000,2904.0000,2902.2000,2907.8000,2908.0000,2908.6000,2909.0000,2909.8000,1,1,1,1,1,1,1,1,1,3
SF,IH2009,2020-02-18 09:30:16.500,2905.8000,3906,-1,13075020.000,1,0,1,双平,S,2905.6000,2905.4000,2905.0000,2904.0000,2902.2000,2905.8000,2907.8000,2908.0000,2908.6000,2909.0000,1,1,1,1,1,2,1,1,1,1
SF,IH2009,2020-02-18 09:30:17.000,2905.8000,3904,-2,14818500.000,2,0,2,双平,S,2905.4000,2905.0000,2904.0000,2902.2000,2902.0000,2907.8000,2908.0000,2908.6000,2909.0000,2909.8000,1,1,1,1,1,1,1,1,1,3
SF,IH2009,2020-02-18 09:30:17.500,2905.8000,3904,0,14818500.000,0,-,-,-,-,2905.6000,2905.4000,2905.0000,2904.0000,2902.2000,2907.8000,2908.6000,2909.0000,2909.8000,2910.8000,1,1,1,1,1,1,1,1,3,5
SF,IH2009,2020-02-18 09:30:18.000,2907.8000,3904,0,15690840.000,1,0,1,多换,S,2905.8000,2905.6000,2905.4000,2905.0000,2904.0000,2909.0000,2909.8000,2910.8000,2911.2000,2912.0000,2,1,1,1,1,1,3,5,1,1
SF,IH2009,2020-02-18 09:30:18.500,2907.8000,3904,0,15690840.000,0,-,-,-,-,2906.0000,2905.8000,2905.4000,2905.0000,2904.0000,2909.0000,2909.8000,2910.8000,2911.2000,2912.0000,1,2,1,1,1,1,3,5,1,1
SF,IH2009,2020-02-18 09:30:19.000,2907.8000,3904,0,15690840.000,0,-,-,-,-,2906.2000,2906.0000,2905.8000,2905.4000,2905.0000,2909.0000,2909.8000,2910.8000,2911.2000,2912.0000,2,1,1,1,1,1,3,5,1,1
SF,IH2009,2020-02-18 09:30:19.500,2907.8000,3904,0,15690840.000,0,-,-,-,-,2906.4000,2906.2000,2905.8000,2905.4000,2905.0000,2909.0000,2909.8000,2910.8000,2911.2000,2912.0000,1,2,1,1,1,1,3,5,1,1
SF,IH2009,2020-02-18 09:30:20.000,2907.8000,3904,0,15690840.000,0,-,-,-,-,2906.6000,2906.4000,2906.2000,2905.8000,2905.0000,2909.0000,2909.8000,2910.8000,2911.2000,2912.0000,2,1,1,1,1,1,3,5,1,1
SF,IH2009,2020-02-18 09:30:20.500,2909.0000,3904,0,16563540.000,1,0,1,多换,S,2909.0000,2906.6000,2906.4000,2906.2000,2905.0000,2909.8000,2910.8000,2911.2000,2912.0000,2914.0000,3,2,1,1,1,3,5,1,1,1
SF,IH2009,2020-02-18 09:30:21.000,2909.0000,3904,0,19181640.000,3,1,2,多换,S,2906.6000,2905.0000,2904.0000,2902.2000,2902.0000,2909.8000,2911.2000,2912.0000,2914.0000,2914.6000,2,1,1,1,1,3,1,1,1,5
SF,IH2009,2020-02-18 09:30:21.500,2909.0000,3904,0,19181640.000,0,-,-,-,-,2906.8000,2906.6000,2905.0000,2904.0000,2902.2000,2909.6000,2909.8000,2911.2000,2912.0000,2914.0000,1,1,1,1,1,1,3,1,1,1
SF,IH2009,2020-02-18 09:30:22.000,2909.0000,3904,0,19181640.000,0,-,-,-,-,2907.0000,2906.8000,2905.0000,2904.0000,2902.2000,2909.6000,2909.8000,2911.2000,2912.0000,2914.0000,1,1,1,1,1,1,3,1,1,1
SF,IH2009,2020-02-18 09:30:22.500,2909.0000,3904,0,19181640.000,0,-,-,-,-,2907.2000,2907.0000,2906.0000,2905.0000,2904.0000,2909.8000,2911.2000,2912.0000,2914.0000,2914.6000,2,1,2,1,1,3,1,1,1,5
SF,IH2009,2020-02-18 09:30:23.000,2909.0000,3904,0,19181640.000,0,-,-,-,-,2907.4000,2907.2000,2906.0000,2905.0000,2904.0000,2909.8000,2911.2000,2912.0000,2914.0000,2914.6000,1,2,2,1,1,3,1,1,1,5
SF,IH2009,2020-02-18 09:30:23.500,2909.0000,3904,0,19181640.000,0,-,-,-,-,2907.6000,2907.4000,2907.2000,2906.0000,2905.0000,2909.8000,2911.2000,2912.0000,2914.0000,2914.6000,1,1,1,2,1,3,1,1,1,5
SF,IH2009,2020-02-18 09:30:24.000,2909.0000,3904,0,19181640.000,0,-,-,-,-,2908.0000,2907.8000,2907.6000,2906.0000,2905.0000,2909.6000,2909.8000,2911.2000,2912.0000,2914.0000,1,1,1,2,1,1,3,1,1,1
SF,IH2009,2020-02-18 09:30:25.000,2909.0000,3904,0,19181640.000,0,-,-,-,-,2908.2000,2908.0000,2907.8000,2907.6000,2906.0000,2909.8000,2911.2000,2912.0000,2914.0000,2914.6000,1,1,1,1,2,3,1,1,1,5
SF,IH2009,2020-02-18 09:30:28.500,2909.0000,3904,0,19181640.000,0,-,-,-,-,2908.2000,2908.0000,2907.8000,2907.6000,2906.0000,2909.6000,2909.8000,2911.2000,2912.0000,2914.0000,1,1,1,1,2,1,3,1,1,1
SF,IH2009,2020-02-18 09:30:29.000,2909.0000,3904,0,19181640.000,0,-,-,-,-,2908.2000,2908.0000,2907.6000,2906.0000,2905.0000,2909.8000,2911.2000,2912.0000,2914.0000,2914.6000,1,1,1,2,1,3,1,1,1,5
SF,IH2009,2020-02-18 09:30:29.500,2909.0000,3904,0,19181640.000,0,-,-,-,-,2908.4000,2908.2000,2908.0000,2906.0000,2905.0000,2909.8000,2911.2000,2912.0000,2914.0000,2914.6000,1,1,1,2,1,3,1,1,1,5
SF,IH2009,2020-02-18 09:30:30.000,2909.0000,3904,0,19181640.000,0,-,-,-,-,2908.4000,2908.0000,2906.0000,2905.0000,2904.0000,2909.8000,2911.2000,2912.0000,2914.0000,2914.6000,1,1,2,1,1,3,1,1,1,5
SF,IH2009,2020-02-18 09:30:33.500,2909.8000,3904,0,20927520.000,2,1,1,多换,S,2908.4000,2908.0000,2906.0000,2905.0000,2904.0000,2909.8000,2911.2000,2912.0000,2914.0000,2914.6000,1,1,2,1,1,1,1,1,1,5
SF,IH2009,2020-02-18 09:30:34.000,2909.8000,3904,0,20927520.000,0,-,-,-,-,2908.4000,2908.0000,2906.0000,2905.0000,2904.0000,2909.8000,2911.2000,2912.0000,2914.0000,2914.6000,1,1,2,1,1,1,1,1,1,5
SF,IH2009,2020-02-18 09:30:35.000,2909.8000,3904,0,20927520.000,0,-,-,-,-,2908.4000,2908.0000,2906.0000,2905.0000,2904.0000,2909.6000,2909.8000,2911.2000,2912.0000,2914.0000,1,1,2,1,1,1,1,1,1,1
SF,IH2009,2020-02-18 09:30:37.000,2908.4000,3904,0,21800040.000,1,0,1,多换,S,2908.0000,2906.0000,2905.0000,2904.0000,2902.2000,2909.6000,2909.8000,2911.2000,2912.0000,2914.0000,1,2,1,1,1,2,1,1,1,1
SF,IH2009,2020-02-18 09:30:37.500,2908.4000,3904,0,21800040.000,0,-,-,-,-,2908.0000,2906.0000,2905.0000,2904.0000,2902.2000,2909.4000,2909.6000,2909.8000,2911.2000,2912.0000,1,2,1,1,1,1,2,1,1,1
SF,IH2009,2020-02-18 09:30:39.000,2909.6000,3903,-1,24418140.000,3,1,2,多平,S,2906.0000,2905.0000,2904.0000,2902.2000,2902.0000,2909.6000,2909.8000,2911.2000,2912.0000,2914.0000,2,1,1,1,1,1,1,1,1,1
SF,IH2009,2020-02-18 09:30:39.500,2909.6000,3903,0,24418140.000,0,-,-,-,-,2906.2000,2906.0000,2905.0000,2904.0000,2902.2000,2909.6000,2909.8000,2911.2000,2912.0000,2914.0000,2,2,1,1,1,1,1,1,1,1
SF,IH2009,2020-02-18 09:30:40.000,2909.6000,3903,0,24418140.000,0,-,-,-,-,2906.2000,2906.0000,2905.0000,2904.0000,2902.2000,2909.4000,2909.6000,2909.8000,2911.2000,2912.0000,2,2,1,1,1,1,1,1,1,1
SF,IH2009,2020-02-18 09:30:40.500,2909.6000,3903,0,24418140.000,0,-,-,-,-,2906.2000,2906.0000,2905.0000,2904.0000,2902.2000,2909.4000,2909.6000,2909.8000,2911.2000,2912.0000,2,2,1,1,1,1,1,1,1,1
SF,IH2009,2020-02-18 09:30:41.000,2909.6000,3903,0,24418140.000,0,-,-,-,-,2906.2000,2906.0000,2905.0000,2904.0000,2902.2000,2909.4000,2909.6000,2909.8000,2911.2000,2912.0000,1,2,1,1,1,1,1,1,1,1
SF,IH2009,2020-02-18 09:30:41.500,2909.6000,3903,0,24418140.000,0,-,-,-,-,2906.4000,2906.2000,2906.0000,2905.0000,2904.0000,2909.4000,2909.6000,2909.8000,2911.2000,2912.0000,1,1,2,1,1,1,1,1,1,1
SF,IH2009,2020-02-18 09:30:42.000,2909.6000,3903,0,24418140.000,0,-,-,-,-,2906.6000,2906.4000,2906.0000,2905.0000,2904.0000,2909.4000,2909.6000,2909.8000,2911.2000,2912.0000,1,1,2,1,1,1,1,1,1,1
SF,IH2009,2020-02-18 09:30:42.500,2909.6000,3903,0,24418140.000,0,-,-,-,-,2906.6000,2906.4000,2906.0000,2905.0000,2904.0000,2909.0000,2909.6000,2909.8000,2911.2000,2912.0000,1,1,2,1,1,1,1,1,1,1
SF,IH2009,2020-02-18 09:30:43.000,2909.6000,3903,0,24418140.000,0,-,-,-,-,2906.8000,2906.6000,2906.0000,2905.0000,2904.0000,2909.0000,2909.6000,2909.8000,2911.2000,2912.0000,1,1,2,1,1,1,1,1,1,1
SF,IH2009,2020-02-18 09:30:43.500,2909.6000,3903,0,24418140.000,0,-,-,-,-,2907.0000,2906.8000,2906.0000,2905.0000,2904.0000,2909.0000,2909.6000,2909.8000,2911.2000,2912.0000,1,1,2,1,1,1,1,1,1,1
SF,IH2009,2020-02-18 09:30:44.000,2909.6000,3903,0,24418140.000,0,-,-,-,-,2907.0000,2906.0000,2905.0000,2904.0000,2902.2000,2909.0000,2909.6000,2909.8000,2911.2000,2912.0000,1,2,1,1,1,1,1,1,1,1
SF,IH2009,2020-02-18 09:30:44.500,2909.6000,3903,0,24418140.000,0,-,-,-,-,2907.2000,2907.0000,2906.0000,2905.0000,2904.0000,2909.0000,2909.6000,2909.8000,2911.2000,2912.0000,1,1,2,1,1,1,1,1,1,1
SF,IH2009,2020-02-18 09:30:46.500,2909.6000,3903,0,24418140.000,0,-,-,-,-,2907.2000,2907.0000,2906.0000,2904.0000,2902.2000,2909.0000,2909.6000,2909.8000,2911.2000,2912.0000,1,1,2,1,1,1,1,1,1,1
SF,IH2009,2020-02-18 09:30:47.000,2909.6000,3903,0,24418140.000,0,-,-,-,-,2907.4000,2907.2000,2907.0000,2906.0000,2904.0000,2909.0000,2909.6000,2909.8000,2911.2000,2912.0000,1,1,1,2,1,1,1,1,1,1
SF,IH2009,2020-02-18 09:30:47.500,2909.6000,3903,0,24418140.000,0,-,-,-,-,2907.4000,2907.2000,2907.0000,2906.0000,2904.0000,2909.0000,2909.6000,2909.8000,2911.2000,2912.0000,1,1,1,2,1,1,1,1,1,1
SF,IH2009,2020-02-18 09:30:48.000,2909.6000,3903,0,24418140.000,0,-,-,-,-,2907.4000,2907.2000,2907.0000,2906.0000,2904.0000,2909.0000,2909.6000,2909.8000,2911.2000,2912.0000,1,1,1,2,1,1,1,1,1,1
SF,IH2009,2020-02-18 09:30:48.500,2909.6000,3903,0,24418140.000,0,-,-,-,-,2907.2000,2907.0000,2906.0000,2904.0000,2902.2000,2909.0000,2909.6000,2909.8000,2911.2000,2912.0000,1,1,2,1,1,1,1,1,1,1
SF,IH2009,2020-02-18 09:30:49.500,2909.6000,3903,0,26163900.000,2,1,1,多换,S,2907.4000,2907.2000,2907.0000,2906.0000,2904.0000,2909.8000,2911.2000,2912.0000,2914.0000,2914.6000,1,1,1,2,1,1,1,1,1,5
SF,IH2009,2020-02-18 09:30:50.000,2909.6000,3903,0,26163900.000,0,-,-,-,-,2907.6000,2907.4000,2906.0000,2904.0000,2902.2000,2909.8000,2911.2000,2912.0000,2914.0000,2914.6000,2,1,2,1,1,1,1,1,1,5
SF,IH2009,2020-02-18 09:30:50.500,2909.6000,3903,0,26163900.000,0,-,-,-,-,2907.6000,2906.0000,2904.0000,2902.2000,2902.0000,2909.8000,2911.2000,2912.0000,2914.0000,2914.6000,2,2,1,1,1,1,1,1,1,5
SF,IH2009,2020-02-18 09:30:51.000,2909.6000,3903,0,26163900.000,0,-,-,-,-,2907.6000,2906.0000,2904.0000,2902.2000,2902.0000,2909.8000,2911.2000,2912.0000,2914.0000,2914.6000,2,2,1,1,1,1,1,1,1,5
SF,IH2009,2020-02-18 09:30:51.500,2909.6000,3903,0,26163900.000,0,-,-,-,-,2907.8000,2907.6000,2906.0000,2904.0000,2902.2000,2909.8000,2911.2000,2912.0000,2914.0000,2914.6000,1,2,2,1,1,1,1,1,1,5
SF,IH2009,2020-02-18 09:30:52.000,2909.6000,3903,0,26163900.000,0,-,-,-,-,2908.0000,2907.8000,2906.0000,2904.0000,2902.2000,2909.8000,2911.2000,2912.0000,2914.0000,2914.6000,2,1,2,1,1,1,1,1,1,5
SF,IH2009,2020-02-18 09:30:52.500,2909.6000,3903,0,26163900.000,0,-,-,-,-,2908.0000,2906.0000,2904.0000,2902.2000,2902.0000,2909.8000,2911.2000,2912.0000,2914.0000,2914.6000,2,2,1,1,1,1,1,1,1,5
SF,IH2009,2020-02-18 09:30:54.000,2909.6000,3903,0,26163900.000,0,-,-,-,-,2908.2000,2908.0000,2906.0000,2904.0000,2902.2000,2909.8000,2911.2000,2912.0000,2914.0000,2914.6000,1,2,2,1,1,1,1,1,1,5
SF,IH2009,2020-02-18 09:30:55.500,2909.6000,3903,0,26163900.000,0,-,-,-,-,2908.0000,2906.0000,2904.0000,2902.2000,2902.0000,2909.8000,2911.2000,2912.0000,2914.0000,2914.6000,2,2,1,1,1,1,1,1,1,5
SF,IH2009,2020-02-18 09:30:56.500,2909.6000,3903,0,26163900.000,0,-,-,-,-,2908.2000,2908.0000,2906.0000,2905.2000,2904.0000,2909.8000,2911.2000,2912.0000,2914.0000,2914.6000,1,2,2,1,1,1,1,1,1,5
SF,IH2009,2020-02-18 09:30:57.000,2909.6000,3903,0,26163900.000,0,-,-,-,-,2908.4000,2908.2000,2908.0000,2906.0000,2905.2000,2909.8000,2911.2000,2912.0000,2914.0000,2914.6000,1,1,1,2,1,1,1,1,1,5
SF,IH2009,2020-02-18 09:30:57.500,2909.8000,3903,0,27036840.000,1,0,1,多换,S,2909.8000,2908.4000,2908.2000,2908.0000,2906.0000,2911.2000,2912.0000,2914.0000,2914.6000,2916.8000,1,1,1,1,2,1,1,1,5,1
SF,IH2009,2020-02-18 09:30:58.000,2909.8000,3903,0,27036840.000,0,-,-,-,-,2909.8000,2908.0000,2906.0000,2905.2000,2904.0000,2911.0000,2911.2000,2912.0000,2914.0000,2914.6000,1,1,2,1,1,1,1,1,1,5
SF,IH2009,2020-02-18 09:30:58.500,2909.8000,3903,0,27036840.000,0,-,-,-,-,2909.8000,2908.0000,2906.0000,2905.2000,2904.0000,2911.0000,2911.2000,2912.0000,2914.0000,2914.6000,1,1,2,1,1,1,1,1,1,5
SF,IH2009,2020-02-18 09:30:59.000,2909.8000,3903,0,27036840.000,0,-,-,-,-,2909.8000,2908.0000,2906.0000,2905.2000,2904.0000,2911.2000,2912.0000,2914.0000,2914.6000,2916.8000,1,1,2,1,1,1,1,1,5,1
SF,IH2009,2020-02-18 09:30:59.500,2909.8000,3903,0,27036840.000,0,-,-,-,-,2909.8000,2908.0000,2906.0000,2905.2000,2904.0000,2911.2000,2912.0000,2914.0000,2914.6000,2916.8000,1,1,2,1,1,1,1,1,5,1
SF,IH2009,2020-02-18 09:31:00.000,2909.8000,3903,0,27036840.000,0,-,-,-,-,2909.8000,2908.0000,2906.0000,2905.2000,2904.0000,2911.2000,2912.0000,2914.0000,2914.6000,2916.8000,1,1,2,1,1,1,1,1,5,1
SF,IH2009,2020-02-18 09:31:01.000,2909.8000,3903,0,27036840.000,0,-,-,-,-,2911.0000,2909.8000,2908.0000,2906.0000,2905.2000,2911.2000,2912.0000,2914.0000,2914.6000,2916.8000,3,1,1,2,1,1,1,1,5,1
SF,IH2009,2020-02-18 09:31:01.500,2911.0000,3903,0,29656740.000,3,1,2,多换,S,2909.8000,2908.0000,2906.0000,2905.2000,2904.0000,2911.2000,2912.0000,2914.0000,2914.6000,2916.8000,1,1,2,1,1,1,1,1,5,1
SF,IH2009,2020-02-18 09:31:02.000,2911.0000,3903,0,29656740.000,0,-,-,-,-,2909.8000,2908.0000,2906.0000,2905.2000,2904.0000,2911.2000,2912.0000,2914.0000,2914.6000,2916.8000,1,1,2,1,1,1,1,1,5,1
SF,IH2009,2020-02-18 09:31:02.500,2911.0000,3903,0,29656740.000,0,-,-,-,-,2909.8000,2908.0000,2906.0000,2905.2000,2904.0000,2911.2000,2912.0000,2914.0000,2914.6000,2916.8000,1,1,2,1,1,1,1,1,5,1
SF,IH2009,2020-02-18 09:31:03.000,2911.0000,3903,0,29656740.000,0,-,-,-,-,2909.8000,2908.0000,2906.0000,2905.2000,2904.0000,2911.2000,2912.0000,2914.0000,2914.6000,2916.8000,1,1,2,1,1,1,1,1,5,1
SF,IH2009,2020-02-18 09:31:03.500,2911.0000,3903,0,29656740.000,0,-,-,-,-,2909.8000,2908.0000,2906.0000,2905.2000,2904.0000,2911.2000,2912.0000,2914.0000,2914.6000,2916.8000,1,1,2,1,1,1,1,1,5,1
SF,IH2009,2020-02-18 09:31:04.000,2911.0000,3903,0,29656740.000,0,-,-,-,-,2909.8000,2908.0000,2906.0000,2905.2000,2904.0000,2910.0000,2911.2000,2912.0000,2914.0000,2914.6000,1,1,2,1,1,1,1,1,1,5
SF,IH2009,2020-02-18 09:31:04.500,2909.8000,3903,0,30529680.000,1,0,1,多换,S,2908.0000,2906.0000,2905.2000,2904.0000,2902.2000,2910.0000,2911.2000,2912.0000,2914.0000,2914.6000,1,2,1,1,1,1,1,1,1,5
SF,IH2009,2020-02-18 09:31:05.000,2909.8000,3903,0,30529680.000,0,-,-,-,-,2908.2000,2908.0000,2906.0000,2905.2000,2904.0000,2910.0000,2911.2000,2912.0000,2914.0000,2914.6000,1,1,2,1,1,1,1,1,1,5
SF,IH2009,2020-02-18 09:31:06.000,2909.8000,3903,0,30529680.000,0,-,-,-,-,2908.4000,2908.2000,2908.0000,2906.0000,2905.2000,2910.0000,2911.2000,2912.0000,2914.0000,2914.6000,1,1,1,2,1,1,1,1,1,5
SF,IH2009,2020-02-18 09:31:06.500,2910.0000,3903,0,31402680.000,1,0,1,多换,S,2908.4000,2908.2000,2906.0000,2905.2000,2904.0000,2911.2000,2912.0000,2914.0000,2914.6000,2916.8000,1,1,2,1,1,1,1,1,5,1
SF,IH2009,2020-02-18 09:31:07.000,2910.0000,3903,0,31402680.000,0,-,-,-,-,2908.4000,2908.2000,2906.0000,2905.2000,2904.0000,2911.0000,2911.2000,2912.0000,2914.0000,2914.6000,1,1,2,1,1,1,1,1,1,5
SF,IH2009,2020-02-18 09:31:08.000,2910.0000,3903,0,31402680.000,0,-,-,-,-,2908.2000,2906.0000,2905.2000,2904.0000,2902.2000,2911.0000,2911.2000,2912.0000,2914.0000,2914.6000,1,2,1,1,1,1,1,1,1,5
SF,IH2009,2020-02-18 09:31:08.500,2910.0000,3903,0,31402680.000,0,-,-,-,-,2908.2000,2906.0000,2905.2000,2904.0000,2902.2000,2911.2000,2912.0000,2914.0000,2914.6000,2916.8000,1,2,1,1,1,1,1,1,5,1
SF,IH2009,2020-02-18 09:31:09.000,2910.0000,3903,0,31402680.000,0,-,-,-,-,2908.2000,2906.0000,2905.2000,2904.0000,2902.2000,2911.2000,2912.0000,2914.0000,2914.6000,2916.8000,1,2,1,1,1,1,1,1,5,1
SF,IH2009,2020-02-18 09:31:09.500,2910.0000,3903,0,31402680.000,0,-,-,-,-,2908.2000,2906.0000,2905.2000,2904.0000,2902.2000,2911.0000,2911.2000,2912.0000,2914.0000,2914.6000,1,2,1,1,1,2,1,1,1,5
SF,IH2009,2020-02-18 09:31:13.000,2910.0000,3903,0,31402680.000,0,-,-,-,-,2908.2000,2906.0000,2904.0000,2902.2000,2902.0000,2911.0000,2911.2000,2912.0000,2914.0000,2914.6000,1,2,1,1,1,2,1,1,1,5
SF,IH2009,2020-02-18 09:31:13.500,2910.0000,3903,0,31402680.000,0,-,-,-,-,2908.4000,2908.2000,2906.0000,2904.0000,2902.2000,2910.8000,2911.0000,2911.2000,2912.0000,2914.0000,2,1,2,1,1,1,1,1,1,1
SF,IH2009,2020-02-18 09:31:14.000,2908.6000,3904,1,32275260.000,1,1,0,双开,S,2908.6000,2908.4000,2906.0000,2904.0000,2902.2000,2910.8000,2911.0000,2911.2000,2912.0000,2914.0000,1,2,2,1,1,1,1,1,1,1
SF,IH2009,2020-02-18 09:31:14.500,2908.6000,3904,0,32275260.000,0,-,-,-,-,2908.8000,2908.6000,2908.4000,2906.0000,2904.0000,2910.8000,2911.0000,2911.2000,2912.0000,2914.0000,1,1,1,2,1,1,1,1,1,1
SF,IH2009,2020-02-18 09:31:15.000,2911.2000,3901,-3,34895160.000,3,0,3,双平,S,2909.0000,2908.8000,2908.4000,2906.0000,2904.0000,2912.0000,2914.0000,2916.8000,2917.0000,2922.2000,1,1,1,2,1,1,1,1,3,5
SF,IH2009,2020-02-18 09:31:15.500,2911.2000,3901,0,34895160.000,0,-,-,-,-,2909.2000,2909.0000,2908.4000,2907.6000,2906.0000,2914.0000,2916.8000,2917.0000,2922.2000,2930.0000,2,1,1,1,2,1,1,3,5,3
SF,IH2009,2020-02-18 09:31:16.000,2911.2000,3901,0,34895160.000,0,-,-,-,-,2909.4000,2909.2000,2909.0000,2907.6000,2906.0000,2913.8000,2914.0000,2916.8000,2917.0000,2922.2000,1,2,1,1,2,1,1,1,3,5
SF,IH2009,2020-02-18 09:31:16.500,2911.2000,3901,0,34895160.000,0,-,-,-,-,2909.6000,2909.4000,2907.6000,2906.0000,2904.0000,2913.8000,2914.0000,2916.8000,2917.0000,2922.2000,2,1,1,2,1,1,1,1,3,5
SF,IH2009,2020-02-18 09:31:17.000,2911.2000,3901,0,34895160.000,0,-,-,-,-,2909.8000,2909.6000,2909.4000,2907.6000,2906.0000,2913.8000,2914.0000,2916.8000,2917.0000,2922.2000,1,2,1,1,2,1,1,1,3,5
SF,IH2009,2020-02-18 09:31:17.500,2911.2000,3901,0,34895160.000,0,-,-,-,-,2910.0000,2909.8000,2907.6000,2906.0000,2904.0000,2913.8000,2914.0000,2916.8000,2917.0000,2922.2000,2,1,1,2,1,1,1,1,3,5
SF,IH2009,2020-02-18 09:31:18.000,2911.2000,3901,0,34895160.000,0,-,-,-,-,2910.0000,2909.8000,2907.6000,2906.0000,2904.0000,2913.8000,2914.0000,2916.8000,2917.0000,2922.2000,2,1,1,2,1,1,1,1,3,5
SF,IH2009,2020-02-18 09:31:18.500,2911.2000,3901,0,34895160.000,0,-,-,-,-,2910.2000,2910.0000,2909.8000,2907.6000,2906.0000,2914.0000,2916.8000,2917.0000,2922.2000,2930.0000,1,2,1,1,2,1,1,3,5,3
SF,IH2009,2020-02-18 09:31:19.000,2911.2000,3901,0,34895160.000,0,-,-,-,-,2910.4000,2910.2000,2909.8000,2907.6000,2906.0000,2914.0000,2916.8000,2917.0000,2922.2000,2930.0000,2,1,1,1,2,1,1,3,5,3
SF,IH2009,2020-02-18 09:31:19.500,2911.2000,3901,0,34895160.000,0,-,-,-,-,2910.4000,2910.2000,2909.8000,2907.6000,2906.0000,2914.0000,2916.8000,2917.0000,2922.2000,2930.0000,2,1,1,1,2,1,1,3,5,3
SF,IH2009,2020-02-18 09:31:20.000,2911.2000,3901,0,34895160.000,0,-,-,-,-,2910.6000,2910.4000,2910.2000,2907.6000,2906.0000,2914.0000,2916.8000,2917.0000,2922.2000,2930.0000,1,2,1,1,2,1,1,3,5,3
SF,IH2009,2020-02-18 09:31:20.500,2911.2000,3901,0,34895160.000,0,-,-,-,-,2910.8000,2910.6000,2907.6000,2906.0000,2904.0000,2914.0000,2916.8000,2917.0000,2922.2000,2930.0000,2,1,1,2,1,1,1,3,5,3
SF,IH2009,2020-02-18 09:31:21.000,2911.2000,3901,0,34895160.000,0,-,-,-,-,2911.0000,2910.8000,2907.6000,2906.0000,2904.0000,2914.0000,2916.8000,2917.0000,2922.2000,2930.0000,1,2,1,2,1,1,1,3,5,3
SF,IH2009,2020-02-18 09:31:21.500,2911.2000,3901,0,34895160.000,0,-,-,-,-,2911.2000,2911.0000,2910.8000,2907.6000,2906.0000,2914.0000,2916.8000,2917.0000,2922.2000,2930.0000,1,1,1,1,2,1,1,3,5,3
SF,IH2009,2020-02-18 09:31:22.000,2911.2000,3901,0,34895160.000,0,-,-,-,-,2911.4000,2911.2000,2911.0000,2907.6000,2906.0000,2914.0000,2916.8000,2917.0000,2922.2000,2930.0000,2,1,1,1,2,1,1,3,5,3
SF,IH2009,2020-02-18 09:31:22.500,2911.2000,3901,0,34895160.000,0,-,-,-,-,2911.6000,2911.4000,2911.0000,2907.6000,2906.0000,2914.0000,2916.8000,2917.0000,2922.2000,2930.0000,1,2,1,1,2,1,1,3,5,3
SF,IH2009,2020-02-18 09:31:23.000,2911.2000,3901,0,34895160.000,0,-,-,-,-,2911.8000,2911.6000,2911.4000,2911.0000,2907.6000,2913.0000,2914.0000,2916.8000,2917.0000,2922.2000,1,1,2,1,1,1,1,1,3,5
SF,IH2009,2020-02-18 09:31:23.500,2911.2000,3901,0,34895160.000,0,-,-,-,-,2911.8000,2911.4000,2911.0000,2909.6000,2906.0000,2913.0000,2914.0000,2916.8000,2917.0000,2922.2000,1,2,1,1,2,1,1,1,3,5
SF,IH2009,2020-02-18 09:31:24.000,2913.0000,3900,-1,35769060.000,1,0,1,双平,S,2912.0000,2911.8000,2911.4000,2911.0000,2909.6000,2914.0000,2916.0000,2916.8000,2917.0000,2922.2000,6,1,1,1,1,1,1,1,3,5
SF,IH2009,2020-02-18 09:31:24.500,2913.0000,3900,0,35769060.000,0,-,-,-,-,2912.2000,2911.8000,2911.4000,2911.0000,2909.6000,2914.0000,2916.0000,2916.8000,2917.0000,2922.2000,3,1,1,1,1,1,1,1,3,5
SF,IH2009,2020-02-18 09:31:25.000,2913.0000,3900,0,35769060.000,0,-,-,-,-,2912.2000,2911.8000,2911.4000,2911.0000,2909.6000,2914.0000,2916.0000,2916.8000,2917.0000,2922.2000,3,1,1,1,1,1,1,1,3,5
SF,IH2009,2020-02-18 09:31:25.500,2913.0000,3900,0,35769060.000,0,-,-,-,-,2912.2000,2911.8000,2911.4000,2911.0000,2909.6000,2914.0000,2916.0000,2916.8000,2917.0000,2922.2000,3,1,1,1,1,1,1,1,3,5
SF,IH2009,2020-02-18 09:31:26.000,2913.0000,3900,0,35769060.000,0,-,-,-,-,2912.2000,2911.8000,2911.4000,2909.6000,2906.0000,2914.0000,2916.0000,2916.8000,2917.0000,2922.2000,3,1,1,1,2,1,1,1,3,5
SF,IH2009,2020-02-18 09:31:26.500,2913.0000,3900,0,35769060.000,0,-,-,-,-,2912.2000,2911.8000,2909.6000,2906.0000,2904.0000,2914.0000,2916.0000,2916.8000,2917.0000,2922.2000,3,1,1,2,1,1,1,1,3,5
SF,IH2009,2020-02-18 09:31:27.000,2913.0000,3900,0,35769060.000,0,-,-,-,-,2912.2000,2909.6000,2906.0000,2904.0000,2902.2000,2914.0000,2916.0000,2916.8000,2917.0000,2922.2000,2,1,2,1,1,1,1,1,3,5
SF,IH2009,2020-02-18 09:31:27.500,2913.0000,3900,0,35769060.000,0,-,-,-,-,2912.2000,2909.6000,2906.0000,2904.0000,2902.2000,2914.0000,2916.0000,2916.8000,2917.0000,2922.2000,1,1,2,1,1,1,1,1,3,5
SF,IH2009,2020-02-18 09:31:28.000,2912.2000,3900,0,36642720.000,1,0,1,多换,S,2909.6000,2906.0000,2904.0000,2902.2000,2902.0000,2913.8000,2914.0000,2916.0000,2916.8000,2917.0000,1,2,1,1,1,1,1,1,1,3
SF,IH2009,2020-02-18 09:31:28.500,2912.2000,3900,0,36642720.000,0,-,-,-,-,2909.8000,2909.6000,2906.0000,2904.0000,2902.2000,2913.6000,2913.8000,2914.0000,2916.0000,2916.8000,1,1,2,1,1,1,1,1,1,1
SF,IH2009,2020-02-18 09:31:29.000,2912.2000,3900,0,36642720.000,0,-,-,-,-,2909.8000,2909.6000,2906.0000,2904.0000,2902.2000,2913.4000,2913.6000,2914.0000,2916.0000,2916.8000,1,1,2,1,1,1,1,1,1,1
SF,IH2009,2020-02-18 09:31:29.500,2912.2000,3900,0,36642720.000,0,-,-,-,-,2912.6000,2909.8000,2909.6000,2906.0000,2904.0000,2913.2000,2913.4000,2914.0000,2916.0000,2916.8000,1,1,1,2,1,1,1,1,1,1
SF,IH2009,2020-02-18 09:31:30.000,2912.6000,3900,0,37516500.000,1,0,1,多换,S,2909.6000,2906.0000,2904.0000,2902.2000,2902.0000,2914.0000,2914.6000,2916.0000,2916.8000,2917.0000,1,2,1,1,1,1,5,1,1,3
SF,IH2009,2020-02-18 09:31:30.500,2912.6000,3900,0,37516500.000,0,-,-,-,-,2909.8000,2909.6000,2906.0000,2904.0000,2902.2000,2913.8000,2914.0000,2916.0000,2916.8000,2917.0000,1,1,2,1,1,1,1,1,1,3
SF,IH2009,2020-02-18 09:31:31.000,2912.6000,3900,0,37516500.000,0,-,-,-,-,2910.0000,2909.8000,2909.6000,2906.0000,2904.0000,2913.8000,2914.0000,2916.0000,2916.8000,2917.0000,1,1,1,2,1,1,1,1,1,3
SF,IH2009,2020-02-18 09:31:31.500,2912.6000,3900,0,37516500.000,0,-,-,-,-,2910.4000,2910.2000,2910.0000,2909.6000,2906.0000,2913.2000,2913.8000,2914.0000,2916.0000,2916.8000,1,1,1,1,2,2,1,1,1,1
SF,IH2009,2020-02-18 09:31:32.000,2912.6000,3900,0,37516500.000,0,-,-,-,-,2910.6000,2910.4000,2910.0000,2909.6000,2906.0000,2913.0000,2913.2000,2914.0000,2916.0000,2916.8000,2,1,1,1,2,1,1,1,1,1
SF,IH2009,2020-02-18 09:31:32.500,2912.6000,3900,0,37516500.000,0,-,-,-,-,2910.6000,2910.0000,2909.6000,2906.0000,2904.0000,2913.0000,2913.2000,2914.0000,2916.0000,2916.8000,2,1,1,2,1,1,1,1,1,1
SF,IH2009,2020-02-18 09:31:33.000,2910.8000,3900,0,38389740.000,1,0,1,多换,S,2910.6000,2909.6000,2906.0000,2904.0000,2902.2000,2913.0000,2914.0000,2916.0000,2916.8000,2917.0000,2,1,2,1,1,2,1,1,1,3
SF,IH2009,2020-02-18 09:31:33.500,2910.8000,3900,0,38389740.000,0,-,-,-,-,2910.6000,2909.6000,2906.0000,2904.0000,2902.2000,2913.0000,2914.0000,2916.0000,2916.8000,2917.0000,1,1,2,1,1,2,1,1,1,3
SF,IH2009,2020-02-18 09:31:34.500,2910.6000,3900,0,39262920.000,1,0,1,多换,S,2909.6000,2906.0000,2904.0000,2902.2000,2902.0000,2913.0000,2914.0000,2916.0000,2916.8000,2917.0000,1,2,1,1,1,2,1,1,1,3
SF,IH2009,2020-02-18 09:31:35.000,2910.6000,3900,0,39262920.000,0,-,-,-,-,2909.8000,2909.6000,2906.0000,2904.0000,2902.2000,2912.8000,2913.0000,2914.0000,2916.0000,2916.8000,2,1,2,1,1,1,2,1,1,1
SF,IH2009,2020-02-18 09:31:35.500,2910.6000,3900,0,39262920.000,0,-,-,-,-,2909.8000,2909.6000,2906.0000,2904.0000,2902.2000,2912.6000,2912.8000,2913.0000,2914.0000,2916.0000,2,1,2,1,1,1,1,1,1,1
SF,IH2009,2020-02-18 09:31:36.500,2910.6000,3900,0,39262920.000,0,-,-,-,-,2909.8000,2909.6000,2906.0000,2904.0000,2902.2000,2912.6000,2913.0000,2914.0000,2916.0000,2916.8000,1,1,2,1,1,1,1,1,1,1
SF,IH2009,2020-02-18 09:31:37.000,2910.6000,3900,0,39262920.000,0,-,-,-,-,2910.0000,2909.8000,2909.6000,2906.0000,2904.0000,2912.6000,2913.0000,2914.0000,2916.0000,2916.8000,1,1,1,2,1,1,1,1,1,1
SF,IH2009,2020-02-18 09:31:37.500,2910.6000,3900,0,39262920.000,0,-,-,-,-,2910.2000,2910.0000,2909.6000,2906.0000,2904.0000,2912.6000,2913.0000,2914.0000,2916.0000,2916.8000,1,1,1,2,1,1,1,2,1,1
SF,IH2009,2020-02-18 09:31:38.500,2910.6000,3900,0,39262920.000,0,-,-,-,-,2910.4000,2910.2000,2910.0000,2909.6000,2906.0000,2912.6000,2913.0000,2914.0000,2916.0000,2916.8000,1,2,1,1,2,1,1,3,1,1
SF,IH2009,2020-02-18 09:31:39.000,2910.6000,3900,0,40136100.000,1,0,1,多换,S,2910.4000,2910.2000,2910.0000,2909.6000,2906.0000,2912.6000,2913.0000,2914.0000,2916.0000,2916.8000,1,1,1,1,2,1,1,3,1,1
SF,IH2009,2020-02-18 09:31:39.500,2910.6000,3900,0,40136100.000,0,-,-,-,-,2910.4000,2910.2000,2909.6000,2906.0000,2904.0000,2912.6000,2913.0000,2914.0000,2916.0000,2916.8000,1,1,1,2,1,1,1,3,1,1
SF,IH2009,2020-02-18 09:31:40.000,2910.6000,3900,0,40136100.000,0,-,-,-,-,2910.2000,2909.6000,2906.0000,2904.0000,2902.2000,2912.6000,2913.0000,2914.0000,2916.0000,2916.8000,1,1,2,1,1,1,1,3,1,1
SF,IH2009,2020-02-18 09:31:40.500,2910.6000,3900,0,40136100.000,0,-,-,-,-,2910.4000,2910.2000,2909.6000,2906.0000,2904.0000,2912.6000,2913.0000,2914.0000,2916.0000,2916.8000,1,1,1,2,1,1,1,3,1,1
SF,IH2009,2020-02-18 09:31:41.000,2910.6000,3900,0,40136100.000,0,-,-,-,-,2910.4000,2910.2000,2909.6000,2906.0000,2904.0000,2912.6000,2913.0000,2914.0000,2916.0000,2916.8000,1,1,1,2,1,1,1,3,1,1
SF,IH2009,2020-02-18 09:31:41.500,2910.6000,3900,0,40136100.000,0,-,-,-,-,2910.2000,2909.6000,2906.0000,2904.0000,2902.2000,2912.6000,2913.0000,2914.0000,2916.0000,2916.8000,1,1,2,1,1,1,1,3,1,1
SF,IH2009,2020-02-18 09:31:42.000,2910.6000,3900,0,40136100.000,0,-,-,-,-,2910.2000,2909.6000,2906.0000,2904.0000,2902.2000,2912.4000,2912.6000,2913.0000,2914.0000,2916.0000,1,1,2,1,1,1,1,1,3,1
SF,IH2009,2020-02-18 09:31:42.500,2910.6000,3900,0,40136100.000,0,-,-,-,-,2910.2000,2909.6000,2906.0000,2904.0000,2902.2000,2912.2000,2912.4000,2913.0000,2914.0000,2916.0000,1,1,2,1,1,1,1,1,3,1
SF,IH2009,2020-02-18 09:31:43.000,2910.6000,3900,0,40136100.000,0,-,-,-,-,2910.2000,2909.6000,2906.0000,2904.0000,2902.2000,2912.2000,2912.4000,2913.0000,2914.0000,2916.0000,1,1,2,1,1,1,1,1,3,1
SF,IH2009,2020-02-18 09:31:43.500,2910.6000,3900,0,40136100.000,0,-,-,-,-,2910.2000,2909.6000,2906.0000,2904.0000,2902.2000,2910.4000,2912.2000,2912.4000,2913.0000,2914.0000,1,1,2,1,1,1,1,1,1,3
SF,IH2009,2020-02-18 09:31:44.000,2910.4000,3900,0,41009220.000,1,0,1,多换,S,2910.2000,2909.6000,2906.0000,2904.0000,2902.2000,2912.2000,2913.0000,2914.0000,2916.0000,2916.8000,1,1,2,1,1,1,1,3,1,1
SF,IH2009,2020-02-18 09:31:46.000,2910.4000,3900,0,41009220.000,0,-,-,-,-,2910.2000,2909.6000,2906.0000,2904.0000,2902.2000,2912.2000,2913.0000,2914.0000,2916.0000,2916.8000,1,1,2,1,1,1,1,3,1,1
SF,IH2009,2020-02-18 09:31:46.500,2912.2000,3900,0,41882880.000,1,0,1,多换,S,2910.4000,2910.2000,2909.6000,2906.0000,2904.0000,2912.0000,2914.0000,2916.0000,2916.8000,2917.0000,3,1,1,2,1,1,3,1,1,3
SF,IH2009,2020-02-18 09:31:47.000,2912.2000,3899,-1,42756540.000,1,0,1,双平,S,2912.2000,2910.4000,2910.2000,2909.6000,2906.0000,2914.0000,2916.0000,2916.8000,2917.0000,2918.4000,1,2,1,1,2,3,1,1,3,5
SF,IH2009,2020-02-18 09:31:47.500,2912.2000,3899,0,42756540.000,0,-,-,-,-,2912.4000,2912.2000,2910.4000,2910.2000,2909.6000,2913.8000,2914.0000,2916.0000,2916.8000,2917.0000,1,1,2,1,1,1,3,1,1,3
SF,IH2009,2020-02-18 09:31:48.000,2912.2000,3899,0,43630200.000,1,0,1,多换,S,2912.2000,2910.4000,2910.2000,2909.6000,2906.0000,2913.8000,2914.0000,2916.0000,2916.8000,2917.0000,1,1,1,1,2,1,3,1,1,3
SF,IH2009,2020-02-18 09:31:48.500,2912.2000,3899,0,43630200.000,0,-,-,-,-,2912.2000,2910.4000,2910.2000,2909.6000,2906.0000,2913.6000,2913.8000,2914.0000,2916.0000,2916.8000,1,1,1,1,2,1,1,3,1,1
SF,IH2009,2020-02-18 09:31:49.000,2912.2000,3899,0,43630200.000,0,-,-,-,-,2912.2000,2910.4000,2910.2000,2909.6000,2906.0000,2913.4000,2913.6000,2914.0000,2916.0000,2916.8000,1,1,1,1,2,1,1,3,1,1
SF,IH2009,2020-02-18 09:31:49.500,2912.2000,3899,0,43630200.000,0,-,-,-,-,2912.2000,2910.4000,2910.2000,2909.6000,2906.0000,2913.4000,2913.8000,2914.0000,2916.0000,2916.8000,1,1,1,1,2,1,1,3,1,1
SF,IH2009,2020-02-18 09:31:52.500,2912.2000,3899,0,44503860.000,1,0,1,多换,S,2910.4000,2910.2000,2909.6000,2906.0000,2904.0000,2913.4000,2913.8000,2914.0000,2916.0000,2916.8000,1,1,1,2,1,1,1,3,1,1
SF,IH2009,2020-02-18 09:31:53.000,2912.2000,3899,0,44503860.000,0,-,-,-,-,2910.6000,2910.2000,2909.6000,2906.0000,2904.0000,2913.4000,2913.8000,2914.0000,2916.0000,2916.8000,1,1,1,2,1,1,1,3,1,1
SF,IH2009,2020-02-18 09:31:54.000,2912.2000,3899,0,44503860.000,0,-,-,-,-,2910.6000,2910.2000,2909.6000,2906.0000,2904.0000,2913.0000,2913.4000,2913.8000,2914.0000,2916.0000,1,1,1,2,1,1,1,1,3,1
SF,IH2009,2020-02-18 09:31:54.500,2912.2000,3899,0,44503860.000,0,-,-,-,-,2910.6000,2910.2000,2909.6000,2906.0000,2904.0000,2912.8000,2913.0000,2913.8000,2914.0000,2916.0000,1,1,1,2,1,1,1,1,3,1
SF,IH2009,2020-02-18 09:31:55.000,2912.2000,3899,0,44503860.000,0,-,-,-,-,2912.2000,2910.2000,2909.6000,2906.0000,2904.0000,2912.6000,2912.8000,2913.0000,2913.8000,2914.0000,1,1,1,2,1,1,1,1,1,3
SF,IH2009,2020-02-18 09:31:55.500,2912.2000,3899,0,45377520.000,1,0,1,多换,S,2910.2000,2909.6000,2906.0000,2904.0000,2902.2000,2912.6000,2913.0000,2913.8000,2914.0000,2916.0000,1,1,2,1,1,1,1,1,3,1
SF,IH2009,2020-02-18 09:31:56.000,2912.2000,3899,0,45377520.000,0,-,-,-,-,2910.4000,2910.2000,2909.6000,2906.0000,2904.0000,2913.8000,2914.0000,2916.0000,2916.8000,2917.0000,2,1,1,2,1,1,3,1,1,3
SF,IH2009,2020-02-18 09:31:56.500,2912.2000,3899,0,45377520.000,0,-,-,-,-,2910.4000,2910.2000,2909.6000,2906.0000,2904.0000,2910.6000,2913.4000,2913.6000,2913.8000,2914.0000,2,1,1,2,1,1,1,1,1,3
SF,IH2009,2020-02-18 09:31:57.000,2910.4000,3897,-2,47123820.000,2,0,2,双平,S,2910.2000,2909.6000,2906.0000,2904.0000,2902.2000,2913.4000,2913.8000,2914.0000,2916.0000,2916.8000,1,1,2,1,1,1,1,3,1,1
SF,IH2009,2020-02-18 09:31:57.500,2910.4000,3897,0,47123820.000,0,-,-,-,-,2910.2000,2909.6000,2906.0000,2904.0000,2902.2000,2913.2000,2913.4000,2913.8000,2914.0000,2916.0000,1,1,2,1,1,2,1,1,3,1
SF,IH2009,2020-02-18 09:31:58.000,2910.2000,3898,1,47996880.000,1,1,0,双开,S,2909.6000,2906.0000,2904.0000,2902.2000,2902.0000,2913.2000,2913.4000,2913.8000,2914.0000,2916.0000,1,2,1,1,1,3,1,1,3,1
SF,IH2009,2020-02-18 09:31:58.500,2910.2000,3898,0,47996880.000,0,-,-,-,-,2909.8000,2909.6000,2906.0000,2904.0000,2902.2000,2913.2000,2913.4000,2913.8000,2914.0000,2916.0000,1,1,2,1,1,3,1,1,3,1
SF,IH2009,2020-02-18 09:31:59.000,2910.2000,3898,0,47996880.000,0,-,-,-,-,2910.0000,2909.8000,2909.6000,2906.0000,2904.0000,2913.2000,2913.8000,2914.0000,2916.0000,2916.8000,1,1,1,2,1,3,1,3,1,1
SF,IH2009,2020-02-18 09:31:59.500,2910.2000,3898,0,47996880.000,0,-,-,-,-,2910.0000,2909.8000,2909.6000,2906.0000,2904.0000,2913.2000,2913.8000,2914.0000,2916.0000,2916.8000,1,1,1,2,1,2,1,3,1,1
SF,IH2009,2020-02-18 09:32:00.000,2910.2000,3898,0,47996880.000,0,-,-,-,-,2910.0000,2909.8000,2909.6000,2906.0000,2904.0000,2913.2000,2913.8000,2914.0000,2916.0000,2916.8000,1,1,1,2,1,1,1,3,1,1
SF,IH2009,2020-02-18 09:32:00.500,2910.2000,3898,0,47996880.000,0,-,-,-,-,2910.2000,2910.0000,2909.6000,2906.0000,2904.0000,2913.0000,2913.2000,2913.8000,2914.0000,2916.0000,1,1,1,2,1,1,1,1,3,1
SF,IH2009,2020-02-18 09:32:05.000,2910.2000,3898,0,47996880.000,0,-,-,-,-,2910.2000,2909.6000,2906.0000,2904.0000,2902.2000,2913.0000,2913.2000,2913.8000,2914.0000,2916.0000,1,1,2,1,1,1,1,1,3,1
SF,IH2009,2020-02-18 09:32:05.500,2910.2000,3898,0,47996880.000,0,-,-,-,-,2910.4000,2910.2000,2909.6000,2906.0000,2904.0000,2913.2000,2913.8000,2914.0000,2916.0000,2916.8000,1,1,1,2,1,1,1,3,1,1
SF,IH2009,2020-02-18 09:32:06.000,2910.2000,3898,0,47996880.000,0,-,-,-,-,2910.6000,2910.4000,2909.6000,2906.0000,2904.0000,2913.2000,2913.8000,2914.0000,2916.0000,2916.8000,1,1,1,2,1,1,1,3,1,1
SF,IH2009,2020-02-18 09:32:06.500,2910.2000,3898,0,47996880.000,0,-,-,-,-,2910.8000,2910.6000,2909.6000,2906.0000,2904.0000,2913.0000,2913.2000,2913.8000,2914.0000,2916.0000,1,1,1,2,1,1,1,1,3,1
SF,IH2009,2020-02-18 09:32:07.000,2910.2000,3899,1,48869940.000,1,1,0,双开,S,2910.6000,2909.6000,2906.0000,2904.0000,2902.2000,2912.8000,2913.0000,2913.2000,2913.8000,2914.0000,1,1,2,1,1,1,1,1,1,3
SF,IH2009,2020-02-18 09:32:07.500,2910.2000,3899,0,48869940.000,0,-,-,-,-,2910.6000,2909.6000,2906.0000,2904.0000,2902.2000,2912.6000,2912.8000,2913.0000,2913.2000,2913.8000,1,1,2,1,1,1,1,1,1,1
SF,IH2009,2020-02-18 09:32:08.000,2910.2000,3899,0,48869940.000,0,-,-,-,-,2910.6000,2909.6000,2906.0000,2904.0000,2902.2000,2912.4000,2912.6000,2913.0000,2913.2000,2913.8000,1,1,2,1,1,1,1,1,1,1
SF,IH2009,2020-02-18 09:32:08.500,2910.2000,3899,0,48869940.000,0,-,-,-,-,2910.6000,2909.6000,2906.0000,2904.0000,2902.2000,2912.2000,2912.4000,2912.6000,2913.0000,2913.2000,1,1,2,1,1,1,1,1,1,1
SF,IH2009,2020-02-18 09:32:09.000,2910.2000,3899,0,48869940.000,0,-,-,-,-,2910.6000,2909.6000,2906.0000,2904.0000,2902.2000,2912.2000,2912.4000,2912.6000,2913.0000,2913.2000,1,1,2,1,1,1,1,1,1,1
SF,IH2009,2020-02-18 09:32:09.500,2910.2000,3899,0,48869940.000,0,-,-,-,-,2909.6000,2906.0000,2904.0000,2902.2000,2902.0000,2912.2000,2912.4000,2912.6000,2913.0000,2913.2000,1,2,1,1,1,1,1,1,1,1
SF,IH2009,2020-02-18 09:32:10.000,2910.2000,3899,0,48869940.000,0,-,-,-,-,2909.8000,2909.6000,2906.0000,2904.0000,2902.2000,2912.0000,2912.2000,2912.6000,2913.2000,2913.8000,1,1,2,1,1,1,1,1,1,1
SF,IH2009,2020-02-18 09:32:10.500,2910.2000,3899,0,48869940.000,0,-,-,-,-,2909.8000,2909.6000,2906.0000,2904.0000,2902.2000,2912.0000,2912.2000,2913.2000,2913.8000,2914.0000,1,1,2,1,1,1,1,1,1,3
SF,IH2009,2020-02-18 09:32:11.000,2910.2000,3899,0,48869940.000,0,-,-,-,-,2909.8000,2909.6000,2906.0000,2904.0000,2902.2000,2912.0000,2913.2000,2913.8000,2914.0000,2916.0000,1,1,2,1,1,1,1,1,3,1
SF,IH2009,2020-02-18 09:32:11.500,2910.2000,3899,0,48869940.000,0,-,-,-,-,2909.8000,2909.6000,2906.0000,2904.0000,2902.2000,2912.0000,2913.2000,2913.8000,2914.0000,2916.0000,1,1,2,1,1,1,1,1,3,1
SF,IH2009,2020-02-18 09:32:12.000,2910.2000,3899,0,48869940.000,0,-,-,-,-,2909.8000,2909.6000,2906.0000,2904.0000,2902.2000,2911.8000,2912.0000,2913.2000,2913.8000,2914.0000,1,1,2,1,1,1,1,1,1,3
SF,IH2009,2020-02-18 09:32:12.500,2910.2000,3899,0,48869940.000,0,-,-,-,-,2909.8000,2909.6000,2906.0000,2904.0000,2902.2000,2911.6000,2911.8000,2913.2000,2913.8000,2914.0000,1,1,2,1,1,1,1,1,1,3
SF,IH2009,2020-02-18 09:32:13.000,2910.2000,3899,0,48869940.000,0,-,-,-,-,2909.8000,2909.6000,2906.0000,2904.0000,2902.2000,2911.6000,2913.2000,2913.8000,2914.0000,2916.0000,1,1,2,1,1,1,1,1,3,1
SF,IH2009,2020-02-18 09:32:18.500,2910.2000,3899,0,48869940.000,0,-,-,-,-,2909.8000,2908.6000,2906.0000,2904.0000,2902.2000,2911.6000,2913.2000,2913.8000,2914.0000,2916.0000,1,1,2,1,1,1,1,1,3,1
SF,IH2009,2020-02-18 09:32:19.000,2910.2000,3899,0,48869940.000,0,-,-,-,-,2910.0000,2909.8000,2908.6000,2906.0000,2904.0000,2911.6000,2913.2000,2913.8000,2914.0000,2916.0000,1,1,1,2,1,1,1,1,3,1
SF,IH2009,2020-02-18 09:32:21.500,2910.0000,3900,1,49742940.000,1,1,0,双开,S,2909.8000,2908.6000,2906.0000,2904.0000,2902.2000,2911.6000,2913.2000,2913.8000,2914.0000,2916.0000,1,1,2,1,1,1,1,1,3,1
SF,IH2009,2020-02-18 09:32:22.000,2910.0000,3900,0,49742940.000,0,-,-,-,-,2909.8000,2908.6000,2906.0000,2904.0000,2902.2000,2911.4000,2911.6000,2913.2000,2913.8000,2914.0000,1,1,2,1,1,1,1,1,1,3
SF,IH2009,2020-02-18 09:32:23.000,2910.0000,3900,0,49742940.000,0,-,-,-,-,2910.0000,2909.8000,2908.6000,2906.0000,2904.0000,2911.6000,2913.2000,2913.8000,2914.0000,2916.0000,1,1,1,2,1,1,1,1,3,1
SF,IH2009,2020-02-18 09:32:23.500,2910.0000,3900,0,49742940.000,0,-,-,-,-,2910.0000,2909.8000,2908.6000,2906.0000,2904.0000,2911.4000,2911.6000,2913.2000,2913.8000,2914.0000,1,1,1,2,1,1,1,1,1,3
SF,IH2009,2020-02-18 09:32:26.000,2910.0000,3900,0,49742940.000,0,-,-,-,-,2910.2000,2910.0000,2909.8000,2908.6000,2906.0000,2911.4000,2911.6000,2913.2000,2913.8000,2914.0000,1,1,1,1,2,1,1,1,1,3
SF,IH2009,2020-02-18 09:32:26.500,2910.0000,3900,0,49742940.000,0,-,-,-,-,2910.2000,2910.0000,2909.8000,2908.6000,2906.0000,2913.2000,2913.8000,2914.0000,2916.0000,2916.8000,1,1,1,1,2,1,1,3,1,1
SF,IH2009,2020-02-18 09:32:27.000,2910.0000,3900,0,49742940.000,0,-,-,-,-,2910.2000,2910.0000,2909.8000,2908.6000,2906.0000,2913.0000,2913.2000,2913.8000,2914.0000,2916.0000,1,1,1,1,2,1,1,1,3,1
SF,IH2009,2020-02-18 09:32:27.500,2910.0000,3900,0,49742940.000,0,-,-,-,-,2910.0000,2909.8000,2908.6000,2906.0000,2904.0000,2912.8000,2913.0000,2913.2000,2913.8000,2914.0000,1,1,1,2,1,1,1,1,1,3
SF,IH2009,2020-02-18 09:32:28.000,2910.0000,3900,0,49742940.000,0,-,-,-,-,2910.0000,2906.6000,2906.0000,2904.0000,2902.2000,2912.6000,2912.8000,2913.8000,2914.0000,2916.0000,1,1,2,1,1,3,1,1,3,1
SF,IH2009,2020-02-18 09:32:28.500,2910.0000,3900,0,49742940.000,0,-,-,-,-,2911.6000,2910.0000,2906.6000,2906.0000,2904.0000,2912.4000,2912.6000,2912.8000,2913.8000,2914.0000,4,1,1,2,1,1,3,1,1,3
SF,IH2009,2020-02-18 09:32:29.000,2911.6000,3899,-1,50616420.000,1,0,1,双平,S,2911.6000,2910.0000,2906.6000,2906.0000,2904.0000,2912.2000,2912.4000,2912.6000,2912.8000,2913.8000,3,1,1,2,1,1,1,2,1,1
SF,IH2009,2020-02-18 09:32:29.500,2911.6000,3898,-1,51489900.000,1,0,1,双平,S,2911.6000,2910.0000,2906.6000,2906.0000,2904.0000,2912.4000,2912.6000,2912.8000,2913.8000,2914.0000,2,1,1,2,1,1,1,1,1,3
SF,IH2009,2020-02-18 09:32:30.000,2911.6000,3898,0,51489900.000,0,-,-,-,-,2911.6000,2910.0000,2906.6000,2906.0000,2904.0000,2912.4000,2912.6000,2912.8000,2913.8000,2914.0000,2,1,1,2,1,1,1,1,1,3
SF,IH2009,2020-02-18 09:32:30.500,2911.6000,3898,0,51489900.000,0,-,-,-,-,2911.6000,2910.0000,2906.6000,2906.0000,2904.0000,2912.4000,2912.6000,2912.8000,2913.8000,2914.0000,2,1,1,2,1,1,1,1,1,3
SF,IH2009,2020-02-18 09:32:31.000,2911.6000,3898,0,51489900.000,0,-,-,-,-,2911.6000,2910.0000,2906.6000,2906.0000,2904.0000,2912.4000,2912.6000,2912.8000,2913.8000,2914.0000,2,1,1,2,1,1,1,1,1,3
SF,IH2009,2020-02-18 09:32:31.500,2911.6000,3898,0,51489900.000,0,-,-,-,-,2911.6000,2910.0000,2906.6000,2906.0000,2904.0000,2912.4000,2912.6000,2913.8000,2914.0000,2916.0000,2,1,1,2,1,1,1,1,3,1
SF,IH2009,2020-02-18 09:32:32.000,2911.6000,3898,0,52363380.000,1,0,1,多换,S,2911.6000,2910.0000,2906.6000,2906.0000,2904.0000,2912.4000,2912.6000,2913.8000,2914.0000,2916.0000,1,1,1,2,1,1,1,1,3,1
SF,IH2009,2020-02-18 09:32:32.500,2911.6000,3898,0,52363380.000,0,-,-,-,-,2911.6000,2910.0000,2906.6000,2906.0000,2904.0000,2912.4000,2912.6000,2913.8000,2914.0000,2916.0000,1,1,1,2,1,1,1,1,3,1
SF,IH2009,2020-02-18 09:32:33.000,2911.6000,3898,0,52363380.000,0,-,-,-,-,2911.6000,2910.0000,2906.6000,2906.0000,2904.0000,2912.4000,2912.6000,2913.8000,2914.0000,2916.0000,1,1,1,2,1,1,1,1,3,1
SF,IH2009,2020-02-18 09:32:33.500,2911.6000,3898,0,52363380.000,0,-,-,-,-,2911.6000,2906.6000,2906.0000,2904.0000,2902.2000,2912.4000,2912.6000,2913.8000,2914.0000,2916.0000,1,1,2,1,1,1,1,1,3,1
SF,IH2009,2020-02-18 09:32:34.000,2911.6000,3898,0,52363380.000,0,-,-,-,-,2911.6000,2906.6000,2906.0000,2904.0000,2902.2000,2912.4000,2912.6000,2913.8000,2914.0000,2916.0000,1,1,2,1,1,1,1,1,3,1
SF,IH2009,2020-02-18 09:32:34.500,2911.6000,3898,0,52363380.000,0,-,-,-,-,2911.8000,2911.6000,2906.6000,2906.0000,2904.0000,2912.4000,2912.6000,2913.8000,2914.0000,2916.0000,1,1,1,2,1,1,1,1,3,1
SF,IH2009,2020-02-18 09:32:35.000,2911.6000,3898,0,52363380.000,0,-,-,-,-,2911.8000,2911.6000,2906.6000,2906.0000,2904.0000,2912.4000,2913.8000,2914.0000,2916.0000,2916.8000,1,1,1,2,1,1,1,3,1,1
SF,IH2009,2020-02-18 09:32:35.500,2911.6000,3898,0,52363380.000,0,-,-,-,-,2911.8000,2911.6000,2906.6000,2906.0000,2904.0000,2913.8000,2914.0000,2916.0000,2916.8000,2917.0000,1,1,1,2,1,1,3,1,1,3
SF,IH2009,2020-02-18 09:32:36.000,2911.6000,3898,0,52363380.000,0,-,-,-,-,2911.8000,2911.6000,2906.6000,2906.0000,2904.0000,2912.8000,2913.6000,2913.8000,2914.0000,2916.0000,1,1,1,2,1,1,3,1,2,1
SF,IH2009,2020-02-18 09:32:37.000,2911.6000,3898,0,52363380.000,0,-,-,-,-,2911.8000,2911.6000,2906.6000,2906.0000,2904.0000,2912.8000,2913.6000,2913.8000,2914.0000,2916.0000,1,1,1,2,1,1,2,1,2,1
SF,IH2009,2020-02-18 09:32:38.000,2911.6000,3898,0,52363380.000,0,-,-,-,-,2911.8000,2911.6000,2906.6000,2906.0000,2904.0000,2912.8000,2913.6000,2913.8000,2914.0000,2916.0000,1,1,1,2,1,1,2,1,2,1
SF,IH2009,2020-02-18 09:32:38.500,2911.8000,3899,1,53236920.000,1,1,0,双开,S,2911.6000,2906.6000,2906.0000,2904.0000,2902.2000,2912.8000,2913.6000,2913.8000,2914.0000,2916.0000,1,1,2,1,1,1,2,1,2,1
SF,IH2009,2020-02-18 09:32:39.000,2911.6000,3898,-1,54110400.000,1,0,1,双平,S,2906.6000,2906.0000,2904.0000,2902.2000,2902.0000,2912.8000,2913.6000,2913.8000,2914.0000,2916.0000,1,2,1,1,1,2,1,1,2,1
SF,IH2009,2020-02-18 09:32:39.500,2911.6000,3898,0,54110400.000,0,-,-,-,-,2907.0000,2906.8000,2906.6000,2906.0000,2904.0000,2912.6000,2912.8000,2913.8000,2914.0000,2916.0000,1,1,1,2,1,1,2,1,2,1
SF,IH2009,2020-02-18 09:32:40.000,2911.6000,3898,0,54110400.000,0,-,-,-,-,2907.2000,2907.0000,2906.6000,2906.0000,2904.0000,2912.2000,2912.4000,2912.6000,2912.8000,2913.8000,1,1,1,2,1,1,1,1,2,1
SF,IH2009,2020-02-18 09:32:40.500,2911.6000,3898,0,54110400.000,0,-,-,-,-,2907.2000,2906.6000,2906.0000,2904.0000,2902.2000,2912.0000,2912.2000,2912.4000,2913.8000,2914.0000,1,1,2,1,1,1,1,1,1,2
SF,IH2009,2020-02-18 09:32:41.000,2911.6000,3898,0,54110400.000,0,-,-,-,-,2907.6000,2907.2000,2907.0000,2906.6000,2906.0000,2911.4000,2911.8000,2912.0000,2912.2000,2913.8000,1,1,1,1,2,1,1,1,1,1
SF,IH2009,2020-02-18 09:32:41.500,2911.6000,3898,0,54110400.000,0,-,-,-,-,2907.8000,2907.6000,2907.0000,2906.6000,2906.0000,2911.2000,2911.4000,2911.8000,2912.2000,2913.8000,1,1,1,1,2,2,1,1,1,1
SF,IH2009,2020-02-18 09:32:42.000,2911.6000,3898,0,54110400.000,0,-,-,-,-,2907.8000,2907.0000,2906.6000,2906.0000,2904.0000,2911.2000,2912.2000,2913.8000,2914.0000,2916.0000,1,1,1,2,1,2,1,1,2,1
SF,IH2009,2020-02-18 09:32:42.500,2911.6000,3898,0,54110400.000,0,-,-,-,-,2907.8000,2907.0000,2906.6000,2906.0000,2904.0000,2911.0000,2911.2000,2912.2000,2913.8000,2914.0000,1,1,1,2,1,1,1,1,1,2
SF,IH2009,2020-02-18 09:32:43.000,2911.6000,3898,0,54110400.000,0,-,-,-,-,2907.8000,2907.0000,2906.6000,2906.0000,2904.0000,2910.8000,2911.0000,2912.2000,2913.8000,2914.0000,1,1,1,2,1,1,1,1,1,2
SF,IH2009,2020-02-18 09:32:43.500,2911.6000,3898,0,54110400.000,0,-,-,-,-,2907.8000,2907.0000,2906.6000,2906.0000,2904.0000,2910.8000,2912.2000,2913.8000,2914.0000,2916.0000,1,1,1,2,1,1,1,1,2,1
SF,IH2009,2020-02-18 09:32:44.000,2911.6000,3898,0,54110400.000,0,-,-,-,-,2907.8000,2907.0000,2906.6000,2906.0000,2904.0000,2910.8000,2912.2000,2913.8000,2914.0000,2916.0000,1,1,1,2,1,1,1,1,2,1
SF,IH2009,2020-02-18 09:32:44.500,2911.6000,3898,0,54110400.000,0,-,-,-,-,2907.8000,2907.0000,2906.6000,2906.2000,2906.0000,2910.8000,2912.2000,2913.8000,2914.0000,2916.0000,1,1,1,1,2,1,1,1,2,1
SF,IH2009,2020-02-18 09:32:45.000,2911.6000,3898,0,54110400.000,0,-,-,-,-,2907.8000,2907.0000,2906.6000,2906.2000,2906.0000,2910.8000,2912.2000,2913.8000,2914.0000,2916.0000,1,1,1,1,2,1,1,1,2,1
SF,IH2009,2020-02-18 09:32:45.500,2911.6000,3898,0,54110400.000,0,-,-,-,-,2907.8000,2907.0000,2906.6000,2906.2000,2906.0000,2910.8000,2912.2000,2913.8000,2914.0000,2916.0000,1,1,1,1,2,1,1,1,2,1
SF,IH2009,2020-02-18 09:32:46.000,2911.6000,3898,0,54110400.000,0,-,-,-,-,2907.8000,2907.0000,2906.6000,2906.2000,2906.0000,2910.8000,2912.2000,2913.8000,2914.0000,2916.0000,1,1,1,1,2,1,1,1,2,1
SF,IH2009,2020-02-18 09:32:46.500,2911.6000,3898,0,54110400.000,0,-,-,-,-,2907.8000,2907.0000,2906.6000,2906.2000,2906.0000,2910.8000,2912.2000,2913.8000,2914.0000,2916.0000,1,1,1,1,2,1,1,1,2,1
SF,IH2009,2020-02-18 09:32:47.000,2911.6000,3898,0,54110400.000,0,-,-,-,-,2907.8000,2907.0000,2906.6000,2906.2000,2906.0000,2910.8000,2912.2000,2913.8000,2914.0000,2916.0000,1,1,1,1,2,1,1,1,2,1
SF,IH2009,2020-02-18 09:32:47.500,2911.6000,3898,0,54110400.000,0,-,-,-,-,2908.6000,2907.8000,2907.0000,2906.6000,2906.0000,2910.8000,2912.2000,2913.8000,2914.0000,2916.0000,1,1,1,1,2,1,1,1,2,1
SF,IH2009,2020-02-18 09:32:48.000,2911.6000,3898,0,54110400.000,0,-,-,-,-,2908.8000,2908.6000,2907.0000,2906.6000,2906.0000,2910.8000,2912.2000,2913.8000,2914.0000,2916.0000,1,1,1,1,2,1,1,1,2,1
SF,IH2009,2020-02-18 09:32:48.500,2911.6000,3898,0,54110400.000,0,-,-,-,-,2908.8000,2907.0000,2906.6000,2906.0000,2904.0000,2910.8000,2911.0000,2912.2000,2913.8000,2914.0000,1,1,1,2,1,1,1,1,1,2
SF,IH2009,2020-02-18 09:32:49.500,2911.6000,3898,0,54110400.000,0,-,-,-,-,2909.8000,2908.8000,2907.0000,2906.6000,2906.0000,2910.8000,2911.0000,2912.2000,2913.8000,2914.0000,1,1,1,1,2,1,1,1,1,2
SF,IH2009,2020-02-18 09:32:50.000,2911.6000,3898,0,54110400.000,0,-,-,-,-,2909.8000,2908.8000,2907.0000,2906.6000,2906.0000,2911.0000,2912.2000,2913.8000,2914.0000,2916.0000,1,1,1,1,2,1,1,1,2,1
SF,IH2009,2020-02-18 09:32:50.500,2911.6000,3898,0,54110400.000,0,-,-,-,-,2909.8000,2908.8000,2907.0000,2906.6000,2906.0000,2911.0000,2912.2000,2913.8000,2914.0000,2916.0000,1,1,1,1,2,1,1,1,2,1
SF,IH2009,2020-02-18 09:32:51.500,2909.8000,3899,1,54983340.000,1,1,0,双开,S,2908.8000,2907.0000,2906.6000,2906.0000,2904.0000,2911.0000,2912.2000,2913.8000,2914.0000,2916.0000,1,1,1,2,1,1,1,1,2,1
SF,IH2009,2020-02-18 09:32:52.000,2909.8000,3899,0,54983340.000,0,-,-,-,-,2908.8000,2907.0000,2906.6000,2906.0000,2904.0000,2910.8000,2911.0000,2912.2000,2913.8000,2914.0000,1,1,1,2,1,1,1,1,1,2
SF,IH2009,2020-02-18 09:32:52.500,2909.8000,3899,0,54983340.000,0,-,-,-,-,2908.8000,2907.0000,2906.6000,2906.0000,2904.0000,2910.6000,2910.8000,2911.0000,2912.2000,2913.8000,1,1,1,2,1,1,1,1,1,1
SF,IH2009,2020-02-18 09:32:53.500,2909.8000,3899,0,54983340.000,0,-,-,-,-,2908.8000,2907.0000,2906.6000,2906.0000,2904.0000,2910.6000,2910.8000,2911.0000,2913.8000,2914.0000,1,1,1,2,1,1,1,1,1,2
SF,IH2009,2020-02-18 09:32:54.000,2909.8000,3899,0,54983340.000,0,-,-,-,-,2908.8000,2907.0000,2906.6000,2906.0000,2904.0000,2910.8000,2911.0000,2913.8000,2914.0000,2916.0000,1,1,1,2,1,1,1,1,2,1
SF,IH2009,2020-02-18 09:32:54.500,2909.8000,3899,0,54983340.000,0,-,-,-,-,2908.8000,2907.0000,2906.6000,2906.0000,2904.0000,2910.8000,2911.0000,2913.8000,2914.0000,2916.0000,1,1,1,2,1,1,1,1,2,1
SF,IH2009,2020-02-18 09:32:55.000,2911.0000,3898,-1,56729880.000,2,0,2,多平,S,2909.0000,2908.8000,2907.0000,2906.6000,2906.0000,2913.8000,2914.0000,2916.0000,2916.8000,2917.0000,1,1,1,1,2,1,2,1,1,3
SF,IH2009,2020-02-18 09:32:55.500,2911.0000,3898,0,56729880.000,0,-,-,-,-,2909.2000,2909.0000,2907.0000,2906.6000,2906.0000,2913.6000,2913.8000,2914.0000,2916.0000,2916.8000,1,1,1,1,2,1,1,2,1,1
SF,IH2009,2020-02-18 09:32:56.000,2911.0000,3898,0,56729880.000,0,-,-,-,-,2909.4000,2909.2000,2907.0000,2906.6000,2906.0000,2913.6000,2913.8000,2914.0000,2916.0000,2916.8000,1,1,1,1,2,1,1,2,1,1
SF,IH2009,2020-02-18 09:32:56.500,2911.0000,3898,0,56729880.000,0,-,-,-,-,2909.6000,2909.4000,2907.0000,2906.6000,2906.0000,2913.8000,2914.0000,2916.0000,2916.8000,2917.0000,1,1,1,1,2,1,2,1,1,3
SF,IH2009,2020-02-18 09:32:57.000,2911.0000,3898,0,56729880.000,0,-,-,-,-,2909.8000,2909.6000,2907.0000,2906.6000,2906.0000,2913.4000,2913.8000,2914.0000,2916.0000,2916.8000,1,1,1,1,2,1,1,2,1,1
SF,IH2009,2020-02-18 09:32:57.500,2911.0000,3898,0,56729880.000,0,-,-,-,-,2910.0000,2909.8000,2907.0000,2906.6000,2906.0000,2913.4000,2913.8000,2914.0000,2916.0000,2916.8000,1,1,1,1,2,1,1,2,1,1
SF,IH2009,2020-02-18 09:32:58.000,2911.0000,3898,0,56729880.000,0,-,-,-,-,2910.2000,2910.0000,2907.0000,2906.6000,2906.0000,2913.2000,2913.4000,2913.8000,2914.0000,2916.0000,1,1,1,1,2,2,1,1,2,1
SF,IH2009,2020-02-18 09:32:58.500,2911.0000,3898,0,56729880.000,0,-,-,-,-,2910.2000,2910.0000,2907.0000,2906.6000,2906.0000,2913.2000,2913.4000,2913.8000,2914.0000,2916.0000,1,1,1,1,2,2,1,1,2,1
SF,IH2009,2020-02-18 09:32:59.000,2911.0000,3898,0,56729880.000,0,-,-,-,-,2910.2000,2910.0000,2907.0000,2906.6000,2906.0000,2913.2000,2913.4000,2913.8000,2914.0000,2916.0000,1,2,1,1,2,2,1,1,2,1
SF,IH2009,2020-02-18 09:32:59.500,2911.0000,3898,0,56729880.000,0,-,-,-,-,2910.2000,2910.0000,2907.0000,2906.6000,2906.0000,2913.2000,2913.4000,2913.8000,2914.0000,2916.0000,1,2,1,1,2,1,1,1,2,1
SF,IH2009,2020-02-18 09:33:00.000,2911.0000,3898,0,56729880.000,0,-,-,-,-,2910.2000,2910.0000,2907.0000,2906.6000,2906.0000,2913.0000,2913.2000,2913.8000,2914.0000,2916.0000,1,2,1,1,2,2,1,1,2,1
SF,IH2009,2020-02-18 09:33:00.500,2911.0000,3898,0,56729880.000,0,-,-,-,-,2910.4000,2907.0000,2906.6000,2906.0000,2904.0000,2913.0000,2913.8000,2914.0000,2916.0000,2916.8000,1,1,1,2,1,2,1,2,1,1
SF,IH2009,2020-02-18 09:33:01.000,2911.0000,3898,0,56729880.000,0,-,-,-,-,2910.4000,2907.0000,2906.6000,2906.0000,2904.0000,2913.8000,2914.0000,2916.0000,2916.8000,2917.0000,1,1,1,2,1,1,2,1,1,3
SF,IH2009,2020-02-18 09:33:01.500,2911.0000,3898,0,56729880.000,0,-,-,-,-,2907.0000,2906.6000,2906.0000,2904.0000,2902.2000,2913.0000,2913.6000,2913.8000,2914.0000,2916.0000,1,1,2,1,1,1,2,1,2,1
SF,IH2009,2020-02-18 09:33:02.000,2911.0000,3898,0,56729880.000,0,-,-,-,-,2907.2000,2907.0000,2906.8000,2906.6000,2906.0000,2913.0000,2913.6000,2913.8000,2914.0000,2916.0000,1,1,1,1,2,1,1,1,2,1
SF,IH2009,2020-02-18 09:33:02.500,2911.0000,3898,0,56729880.000,0,-,-,-,-,2907.2000,2907.0000,2906.6000,2906.0000,2904.0000,2912.6000,2913.0000,2913.8000,2914.0000,2916.0000,1,1,1,2,1,1,1,1,2,1
SF,IH2009,2020-02-18 09:33:03.000,2911.0000,3898,0,56729880.000,0,-,-,-,-,2907.2000,2907.0000,2906.8000,2906.6000,2906.0000,2912.6000,2913.0000,2913.8000,2914.0000,2916.0000,1,1,1,1,2,1,1,1,2,1
SF,IH2009,2020-02-18 09:33:03.500,2911.0000,3898,0,56729880.000,0,-,-,-,-,2907.2000,2907.0000,2906.8000,2906.6000,2906.0000,2912.6000,2913.0000,2913.8000,2914.0000,2916.0000,1,1,1,1,2,1,1,1,2,1
SF,IH2009,2020-02-18 09:33:04.000,2911.0000,3898,0,56729880.000,0,-,-,-,-,2907.6000,2907.4000,2907.2000,2907.0000,2906.8000,2912.6000,2913.0000,2913.8000,2914.0000,2916.0000,1,1,1,1,1,1,1,1,2,1
SF,IH2009,2020-02-18 09:33:04.500,2911.0000,3898,0,56729880.000,0,-,-,-,-,2907.8000,2907.6000,2907.4000,2907.0000,2906.8000,2912.6000,2913.0000,2913.8000,2914.0000,2916.0000,1,1,1,1,1,1,1,1,2,1
SF,IH2009,2020-02-18 09:33:05.000,2911.0000,3898,0,56729880.000,0,-,-,-,-,2908.2000,2907.8000,2907.6000,2907.4000,2907.0000,2912.6000,2913.0000,2913.8000,2914.0000,2916.0000,1,1,1,1,1,1,1,1,2,1
SF,IH2009,2020-02-18 09:33:05.500,2911.0000,3898,0,56729880.000,0,-,-,-,-,2908.4000,2908.2000,2907.6000,2907.0000,2906.8000,2912.6000,2913.0000,2913.8000,2914.0000,2916.0000,1,1,1,1,1,1,1,1,2,1
SF,IH2009,2020-02-18 09:33:06.000,2911.0000,3898,0,56729880.000,0,-,-,-,-,2908.4000,2908.2000,2907.6000,2907.0000,2906.8000,2912.6000,2913.0000,2913.8000,2914.0000,2916.0000,1,1,2,1,1,1,1,1,2,1
SF,IH2009,2020-02-18 09:33:06.500,2911.0000,3898,0,56729880.000,0,-,-,-,-,2908.4000,2907.6000,2907.0000,2906.8000,2906.6000,2912.6000,2913.0000,2913.8000,2914.0000,2916.0000,1,2,1,1,1,1,1,1,2,1
SF,IH2009,2020-02-18 09:33:07.000,2911.0000,3898,0,56729880.000,0,-,-,-,-,2908.6000,2908.4000,2907.6000,2907.0000,2906.8000,2912.6000,2913.0000,2913.8000,2914.0000,2916.0000,1,1,1,1,1,1,1,1,2,1
SF,IH2009,2020-02-18 09:33:07.500,2911.0000,3898,0,56729880.000,0,-,-,-,-,2908.8000,2908.6000,2907.6000,2907.0000,2906.8000,2912.6000,2913.0000,2913.8000,2914.0000,2916.0000,1,1,1,1,1,1,1,1,2,1
SF,IH2009,2020-02-18 09:33:09.000,2911.0000,3898,0,56729880.000,0,-,-,-,-,2908.8000,2908.6000,2907.6000,2907.0000,2906.8000,2912.4000,2912.6000,2913.0000,2913.8000,2914.0000,1,1,1,1,1,1,1,1,1,2
SF,IH2009,2020-02-18 09:33:10.000,2911.0000,3898,0,56729880.000,0,-,-,-,-,2908.8000,2908.6000,2907.6000,2907.0000,2906.8000,2912.6000,2913.0000,2913.8000,2914.0000,2916.0000,1,1,1,1,1,1,1,1,2,1
SF,IH2009,2020-02-18 09:33:10.500,2911.0000,3898,0,56729880.000,0,-,-,-,-,2908.8000,2908.6000,2907.6000,2907.0000,2906.8000,2912.6000,2913.0000,2913.8000,2914.0000,2916.0000,1,1,1,1,1,1,1,1,2,1
SF,IH2009,2020-02-18 09:33:11.500,2911.0000,3898,0,56729880.000,0,-,-,-,-,2909.0000,2908.8000,2907.6000,2907.0000,2906.8000,2912.6000,2913.0000,2913.8000,2914.0000,2916.0000,1,1,1,1,1,1,1,1,2,1
SF,IH2009,2020-02-18 09:33:12.000,2911.0000,3898,0,56729880.000,0,-,-,-,-,2909.2000,2909.0000,2907.6000,2907.0000,2906.8000,2912.6000,2913.0000,2913.8000,2914.0000,2916.0000,1,1,1,1,1,1,1,1,2,1
SF,IH2009,2020-02-18 09:33:13.000,2911.0000,3898,0,56729880.000,0,-,-,-,-,2909.2000,2907.6000,2907.0000,2906.8000,2906.6000,2912.6000,2913.0000,2913.8000,2914.0000,2916.0000,1,1,1,1,1,1,1,1,2,1
SF,IH2009,2020-02-18 09:33:13.500,2911.0000,3898,0,56729880.000,0,-,-,-,-,2909.4000,2909.2000,2907.6000,2907.0000,2906.8000,2912.6000,2913.0000,2913.8000,2914.0000,2916.0000,1,2,1,1,1,1,1,1,2,1
SF,IH2009,2020-02-18 09:33:14.000,2911.0000,3898,0,56729880.000,0,-,-,-,-,2909.6000,2909.4000,2909.2000,2907.6000,2907.0000,2912.4000,2912.6000,2913.0000,2913.8000,2914.0000,1,1,1,1,1,1,1,1,1,2
SF,IH2009,2020-02-18 09:33:14.500,2911.0000,3898,0,56729880.000,0,-,-,-,-,2909.8000,2909.6000,2909.2000,2907.6000,2907.0000,2912.4000,2912.6000,2913.8000,2914.0000,2916.0000,1,1,1,1,1,1,1,1,2,1
SF,IH2009,2020-02-18 09:33:15.000,2911.0000,3898,0,56729880.000,0,-,-,-,-,2909.8000,2909.6000,2907.6000,2907.0000,2906.8000,2912.0000,2912.6000,2913.8000,2914.0000,2916.0000,1,1,1,1,1,1,1,1,2,1
SF,IH2009,2020-02-18 09:33:15.500,2911.0000,3898,0,56729880.000,0,-,-,-,-,2910.0000,2909.8000,2907.6000,2907.0000,2906.8000,2912.0000,2912.6000,2913.8000,2914.0000,2916.0000,1,1,1,1,1,1,1,1,2,1
SF,IH2009,2020-02-18 09:33:16.000,2911.0000,3898,0,56729880.000,0,-,-,-,-,2910.2000,2910.0000,2907.6000,2907.0000,2906.8000,2911.8000,2912.0000,2912.6000,2913.8000,2914.0000,1,1,1,1,1,1,1,1,1,2
SF,IH2009,2020-02-18 09:33:16.500,2911.0000,3898,0,56729880.000,0,-,-,-,-,2910.2000,2910.0000,2909.0000,2907.0000,2906.8000,2911.8000,2912.0000,2912.6000,2913.8000,2914.0000,1,1,1,1,1,1,1,1,1,2
SF,IH2009,2020-02-18 09:33:18.500,2910.2000,3898,0,57602940.000,1,0,1,多换,S,2910.0000,2909.0000,2907.0000,2906.8000,2906.6000,2910.2000,2911.6000,2911.8000,2912.0000,2912.6000,1,1,1,1,1,1,1,1,1,1
SF,IH2009,2020-02-18 09:33:19.000,2910.2000,3897,-1,58476000.000,1,0,1,双平,S,2909.0000,2907.0000,2906.8000,2906.6000,2906.0000,2911.6000,2912.0000,2912.6000,2913.8000,2914.0000,1,1,1,1,2,1,1,1,1,2
SF,IH2009,2020-02-18 09:33:19.500,2910.2000,3897,0,58476000.000,0,-,-,-,-,2909.2000,2909.0000,2907.0000,2906.8000,2906.6000,2911.4000,2911.6000,2912.0000,2912.6000,2913.8000,1,1,1,1,1,2,1,1,1,1
SF,IH2009,2020-02-18 09:33:20.000,2910.2000,3897,0,58476000.000,0,-,-,-,-,2909.4000,2909.2000,2909.0000,2907.0000,2906.8000,2910.2000,2911.4000,2911.6000,2912.0000,2912.6000,1,1,1,1,1,1,2,1,1,1
SF,IH2009,2020-02-18 09:33:20.500,2910.2000,3897,0,59349060.000,1,0,1,多换,S,2909.4000,2909.0000,2907.0000,2906.8000,2906.6000,2911.4000,2911.6000,2912.0000,2912.6000,2913.8000,1,1,1,1,1,1,1,1,1,1
SF,IH2009,2020-02-18 09:33:21.000,2910.2000,3897,0,59349060.000,0,-,-,-,-,2909.0000,2907.0000,2906.8000,2906.6000,2906.0000,2911.2000,2911.4000,2911.6000,2912.0000,2912.6000,1,1,1,1,2,1,1,1,1,1
SF,IH2009,2020-02-18 09:33:21.500,2910.2000,3897,0,59349060.000,0,-,-,-,-,2909.2000,2909.0000,2907.0000,2906.8000,2906.6000,2911.0000,2911.2000,2911.6000,2912.0000,2912.6000,1,1,1,1,1,1,1,1,1,1
SF,IH2009,2020-02-18 09:33:22.000,2910.2000,3897,0,59349060.000,0,-,-,-,-,2909.4000,2909.2000,2909.0000,2907.0000,2906.8000,2910.8000,2911.0000,2912.0000,2913.8000,2914.0000,1,1,1,1,1,1,1,1,1,2
SF,IH2009,2020-02-18 09:33:23.000,2910.2000,3897,0,59349060.000,0,-,-,-,-,2909.4000,2909.2000,2909.0000,2907.0000,2906.8000,2910.8000,2911.0000,2912.0000,2913.8000,2914.0000,1,1,1,1,1,1,1,1,1,2
SF,IH2009,2020-02-18 09:33:24.000,2910.2000,3897,0,59349060.000,0,-,-,-,-,2909.2000,2909.0000,2907.0000,2906.8000,2906.6000,2910.8000,2911.0000,2912.0000,2913.8000,2914.0000,1,1,1,1,1,1,1,1,1,2
SF,IH2009,2020-02-18 09:33:24.500,2910.2000,3897,0,59349060.000,0,-,-,-,-,2909.0000,2907.0000,2906.8000,2906.6000,2906.0000,2910.8000,2911.0000,2913.8000,2914.0000,2916.0000,1,1,1,1,2,1,1,1,2,1
SF,IH2009,2020-02-18 09:33:25.000,2910.2000,3897,0,59349060.000,0,-,-,-,-,2909.0000,2907.0000,2906.8000,2906.6000,2906.0000,2910.6000,2910.8000,2911.0000,2913.8000,2914.0000,1,1,1,1,2,1,1,1,1,2
SF,IH2009,2020-02-18 09:33:27.000,2910.2000,3897,0,59349060.000,0,-,-,-,-,2909.0000,2907.0000,2906.8000,2906.6000,2906.0000,2910.6000,2911.0000,2913.8000,2914.0000,2916.0000,1,1,1,1,2,2,1,1,2,1
SF,IH2009,2020-02-18 09:33:27.500,2909.0000,3897,0,60221760.000,1,0,1,多换,S,2907.0000,2906.8000,2906.6000,2906.0000,2904.0000,2910.0000,2910.4000,2910.6000,2911.0000,2913.8000,1,1,1,2,1,1,1,1,1,1
SF,IH2009,2020-02-18 09:33:28.000,2909.0000,3897,0,60221760.000,0,-,-,-,-,2909.0000,2907.2000,2906.8000,2906.6000,2906.0000,2909.8000,2910.0000,2910.4000,2913.8000,2914.0000,1,1,1,1,2,1,1,2,1,2
SF,IH2009,2020-02-18 09:33:28.500,2909.0000,3897,0,60221760.000,0,-,-,-,-,2909.0000,2906.8000,2906.6000,2906.0000,2904.0000,2910.0000,2910.4000,2913.8000,2914.0000,2916.0000,1,1,1,2,1,1,1,1,2,1
SF,IH2009,2020-02-18 09:33:29.000,2909.0000,3897,0,60221760.000,0,-,-,-,-,2909.0000,2906.8000,2906.6000,2906.0000,2904.0000,2910.0000,2910.4000,2913.8000,2914.0000,2916.0000,2,1,1,2,1,1,1,1,2,1
SF,IH2009,2020-02-18 09:33:29.500,2909.0000,3897,0,60221760.000,0,-,-,-,-,2909.0000,2906.8000,2906.6000,2906.0000,2904.0000,2909.8000,2910.0000,2910.4000,2913.8000,2914.0000,2,1,1,2,1,1,1,1,1,2
SF,IH2009,2020-02-18 09:33:30.000,2909.0000,3897,0,61094460.000,1,0,1,多换,S,2909.0000,2907.6000,2906.8000,2906.6000,2906.0000,2910.0000,2910.4000,2913.8000,2914.0000,2916.0000,1,1,1,1,2,1,1,1,2,1
SF,IH2009,2020-02-18 09:33:31.500,2909.0000,3897,0,61094460.000,0,-,-,-,-,2909.0000,2907.6000,2906.8000,2906.6000,2906.0000,2909.2000,2910.0000,2910.4000,2913.8000,2914.0000,1,1,1,1,2,1,1,1,1,2
SF,IH2009,2020-02-18 09:33:32.000,2909.0000,3898,1,61967160.000,1,1,0,双开,S,2907.6000,2906.8000,2906.6000,2906.0000,2904.0000,2909.2000,2910.0000,2910.4000,2913.8000,2914.0000,1,1,1,2,1,1,1,1,1,2
SF,IH2009,2020-02-18 09:33:32.500,2909.0000,3898,0,61967160.000,0,-,-,-,-,2907.8000,2907.6000,2906.8000,2906.6000,2906.0000,2910.0000,2913.8000,2914.0000,2916.0000,2916.8000,1,1,1,1,2,1,1,2,1,1
SF,IH2009,2020-02-18 09:33:33.000,2909.0000,3898,0,61967160.000,0,-,-,-,-,2907.8000,2907.6000,2906.8000,2906.6000,2906.0000,2909.8000,2910.0000,2913.8000,2914.0000,2916.0000,1,1,1,1,2,1,1,1,2,1
SF,IH2009,2020-02-18 09:33:33.500,2909.0000,3898,0,61967160.000,0,-,-,-,-,2907.8000,2907.6000,2906.8000,2906.6000,2906.0000,2909.6000,2909.8000,2910.0000,2913.8000,2914.0000,1,1,1,1,2,1,1,1,1,2
SF,IH2009,2020-02-18 09:33:34.000,2909.0000,3898,0,61967160.000,0,-,-,-,-,2907.8000,2906.8000,2906.6000,2906.0000,2904.0000,2909.4000,2909.6000,2909.8000,2913.8000,2914.0000,1,1,1,2,1,1,1,1,1,2
SF,IH2009,2020-02-18 09:33:34.500,2909.0000,3898,0,61967160.000,0,-,-,-,-,2907.8000,2906.8000,2906.6000,2906.0000,2904.0000,2909.0000,2909.2000,2909.4000,2909.6000,2909.8000,1,1,1,2,1,1,1,1,1,1
SF,IH2009,2020-02-18 09:33:35.000,2909.0000,3898,0,61967160.000,0,-,-,-,-,2907.8000,2906.8000,2906.6000,2906.0000,2904.0000,2909.2000,2909.4000,2909.6000,2909.8000,2913.8000,1,1,1,2,1,1,1,1,1,1
SF,IH2009,2020-02-18 09:33:35.500,2909.0000,3898,0,61967160.000,0,-,-,-,-,2906.8000,2906.6000,2906.0000,2904.0000,2902.2000,2908.8000,2909.2000,2909.6000,2909.8000,2913.8000,1,1,2,1,1,1,1,1,1,1
SF,IH2009,2020-02-18 09:33:36.000,2909.0000,3898,0,61967160.000,0,-,-,-,-,2907.0000,2906.8000,2906.6000,2906.0000,2904.0000,2908.6000,2908.8000,2909.2000,2913.8000,2914.0000,1,1,1,2,1,2,1,1,1,2
SF,IH2009,2020-02-18 09:33:36.500,2909.0000,3898,0,61967160.000,0,-,-,-,-,2907.0000,2906.8000,2906.6000,2906.0000,2904.0000,2908.6000,2913.8000,2914.0000,2916.0000,2916.8000,1,1,1,2,1,2,1,2,1,1
SF,IH2009,2020-02-18 09:33:37.000,2909.0000,3898,0,61967160.000,0,-,-,-,-,2907.2000,2907.0000,2906.8000,2906.6000,2906.0000,2908.6000,2913.8000,2914.0000,2916.0000,2916.8000,1,1,1,1,2,1,1,2,1,1
SF,IH2009,2020-02-18 09:33:37.500,2909.0000,3898,0,61967160.000,0,-,-,-,-,2907.4000,2907.2000,2906.8000,2906.6000,2906.0000,2913.8000,2914.0000,2916.0000,2916.8000,2917.0000,1,1,1,1,2,1,2,1,1,2
SF,IH2009,2020-02-18 09:33:38.000,2909.0000,3898,0,61967160.000,0,-,-,-,-,2907.2000,2906.8000,2906.6000,2906.0000,2904.0000,2911.0000,2913.6000,2913.8000,2914.0000,2916.0000,1,1,1,2,1,1,3,1,2,1
SF,IH2009,2020-02-18 09:33:38.500,2909.0000,3898,0,61967160.000,0,-,-,-,-,2907.4000,2907.2000,2906.8000,2906.6000,2906.0000,2910.8000,2911.0000,2913.6000,2913.8000,2914.0000,1,1,1,1,2,1,1,1,1,2
SF,IH2009,2020-02-18 09:33:39.000,2909.0000,3898,0,61967160.000,0,-,-,-,-,2907.4000,2907.2000,2906.8000,2906.6000,2906.0000,2910.6000,2910.8000,2911.0000,2913.6000,2913.8000,1,1,1,1,2,2,1,1,1,1
SF,IH2009,2020-02-18 09:33:39.500,2909.0000,3898,0,61967160.000,0,-,-,-,-,2907.4000,2907.2000,2906.8000,2906.6000,2906.0000,2910.4000,2910.6000,2913.8000,2914.0000,2916.0000,1,1,1,1,2,1,2,1,2,1
SF,IH2009,2020-02-18 09:33:40.000,2909.0000,3898,0,61967160.000,0,-,-,-,-,2907.4000,2907.2000,2906.8000,2906.6000,2906.0000,2909.8000,2910.4000,2910.6000,2913.8000,2914.0000,1,1,1,1,2,1,2,1,1,2
SF,IH2009,2020-02-18 09:33:40.500,2909.0000,3898,0,61967160.000,0,-,-,-,-,2907.4000,2907.2000,2906.8000,2906.6000,2906.0000,2909.6000,2909.8000,2910.4000,2913.8000,2914.0000,1,1,1,1,2,1,1,1,1,2
SF,IH2009,2020-02-18 09:33:41.000,2909.0000,3898,0,61967160.000,0,-,-,-,-,2907.4000,2907.2000,2906.8000,2906.6000,2906.0000,2909.6000,2909.8000,2910.4000,2913.8000,2914.0000,1,1,1,1,2,1,1,1,1,2
SF,IH2009,2020-02-18 09:33:41.500,2909.0000,3898,0,61967160.000,0,-,-,-,-,2907.6000,2907.4000,2906.8000,2906.6000,2906.0000,2909.6000,2909.8000,2910.4000,2913.8000,2914.0000,1,1,1,1,2,1,1,1,1,2
SF,IH2009,2020-02-18 09:33:42.000,2909.0000,3898,0,61967160.000,0,-,-,-,-,2907.8000,2907.6000,2906.8000,2906.6000,2906.0000,2909.4000,2909.6000,2909.8000,2913.8000,2914.0000,1,1,1,1,2,1,1,1,1,2
SF,IH2009,2020-02-18 09:33:43.500,2909.0000,3898,0,61967160.000,0,-,-,-,-,2907.8000,2906.8000,2906.6000,2906.0000,2904.0000,2909.6000,2909.8000,2913.8000,2914.0000,2916.0000,1,1,1,2,1,1,1,1,2,1
SF,IH2009,2020-02-18 09:33:44.000,2909.0000,3898,0,61967160.000,0,-,-,-,-,2907.8000,2906.8000,2906.6000,2906.0000,2904.0000,2909.4000,2909.6000,2909.8000,2913.8000,2914.0000,1,1,1,2,1,1,1,1,1,2
SF,IH2009,2020-02-18 09:33:44.500,2909.0000,3898,0,61967160.000,0,-,-,-,-,2907.8000,2906.8000,2906.6000,2906.0000,2904.0000,2909.4000,2909.6000,2909.8000,2913.8000,2914.0000,1,1,1,2,1,1,1,1,1,2
SF,IH2009,2020-02-18 09:33:46.000,2909.0000,3898,0,61967160.000,0,-,-,-,-,2907.8000,2906.8000,2906.6000,2906.0000,2904.0000,2909.6000,2909.8000,2913.8000,2914.0000,2916.0000,1,1,1,2,1,1,1,1,2,1
SF,IH2009,2020-02-18 09:33:46.500,2909.0000,3898,0,61967160.000,0,-,-,-,-,2907.8000,2906.6000,2906.0000,2904.0000,2902.2000,2909.6000,2913.8000,2914.0000,2916.0000,2916.8000,1,1,2,1,1,1,1,2,1,1
SF,IH2009,2020-02-18 09:33:47.000,2909.0000,3898,0,61967160.000,0,-,-,-,-,2908.0000,2907.8000,2906.6000,2906.0000,2904.0000,2909.6000,2913.8000,2914.0000,2916.0000,2916.8000,1,1,1,2,1,1,1,2,1,1
SF,IH2009,2020-02-18 09:33:47.500,2909.0000,3898,0,61967160.000,0,-,-,-,-,2908.2000,2908.0000,2906.6000,2906.0000,2904.0000,2909.6000,2913.8000,2914.0000,2916.0000,2916.8000,1,1,1,2,1,1,1,2,1,1
SF,IH2009,2020-02-18 09:33:48.000,2909.0000,3898,0,61967160.000,0,-,-,-,-,2908.2000,2908.0000,2906.6000,2906.0000,2904.0000,2913.8000,2914.0000,2916.0000,2916.8000,2917.0000,1,1,1,2,1,1,2,1,1,2
SF,IH2009,2020-02-18 09:33:48.500,2909.0000,3898,0,61967160.000,0,-,-,-,-,2908.0000,2906.6000,2906.0000,2904.0000,2902.2000,2911.8000,2913.6000,2913.8000,2914.0000,2916.0000,1,1,2,1,1,1,3,1,2,1
SF,IH2009,2020-02-18 09:33:49.000,2909.0000,3898,0,61967160.000,0,-,-,-,-,2908.0000,2906.6000,2906.0000,2904.0000,2902.2000,2911.6000,2911.8000,2913.6000,2913.8000,2914.0000,1,1,2,1,1,2,1,1,1,2
SF,IH2009,2020-02-18 09:33:49.500,2909.0000,3898,0,61967160.000,0,-,-,-,-,2908.2000,2908.0000,2906.6000,2906.0000,2904.0000,2911.4000,2911.6000,2913.6000,2913.8000,2914.0000,1,1,1,2,1,1,2,1,1,2
SF,IH2009,2020-02-18 09:33:50.000,2909.0000,3898,0,61967160.000,0,-,-,-,-,2908.2000,2908.0000,2906.6000,2906.0000,2904.0000,2910.6000,2911.2000,2911.4000,2913.8000,2914.0000,1,1,1,2,1,1,3,1,1,2
SF,IH2009,2020-02-18 09:33:50.500,2909.0000,3898,0,61967160.000,0,-,-,-,-,2908.2000,2908.0000,2906.6000,2906.0000,2904.0000,2910.4000,2910.6000,2911.2000,2913.8000,2914.0000,1,1,1,2,1,2,1,2,1,2
SF,IH2009,2020-02-18 09:33:51.000,2909.0000,3898,0,61967160.000,0,-,-,-,-,2908.2000,2908.0000,2906.6000,2906.0000,2904.0000,2910.2000,2910.4000,2911.2000,2913.8000,2914.0000,1,1,1,2,1,1,2,1,1,2
SF,IH2009,2020-02-18 09:33:51.500,2909.0000,3898,0,61967160.000,0,-,-,-,-,2906.6000,2906.0000,2904.0000,2902.2000,2902.0000,2910.0000,2910.2000,2910.4000,2911.2000,2913.8000,1,2,1,1,1,3,1,1,1,1
SF,IH2009,2020-02-18 09:33:52.000,2909.0000,3898,0,61967160.000,0,-,-,-,-,2906.8000,2906.6000,2906.0000,2904.0000,2902.2000,2910.0000,2910.2000,2911.2000,2913.8000,2914.0000,1,1,2,1,1,3,1,1,1,2
SF,IH2009,2020-02-18 09:33:52.500,2909.0000,3898,0,61967160.000,0,-,-,-,-,2906.8000,2906.6000,2906.0000,2904.0000,2902.2000,2909.8000,2910.0000,2913.8000,2914.0000,2916.0000,1,1,2,1,1,1,3,1,2,1
SF,IH2009,2020-02-18 09:33:53.000,2909.0000,3898,0,61967160.000,0,-,-,-,-,2907.0000,2906.8000,2906.6000,2906.0000,2904.0000,2909.6000,2910.0000,2913.8000,2914.0000,2916.0000,1,1,1,2,1,3,2,1,2,1
SF,IH2009,2020-02-18 09:33:53.500,2909.0000,3898,0,61967160.000,0,-,-,-,-,2907.2000,2907.0000,2906.6000,2906.0000,2904.0000,2909.6000,2913.8000,2914.0000,2916.0000,2916.8000,1,1,1,2,1,3,1,2,1,1
SF,IH2009,2020-02-18 09:33:54.000,2909.0000,3898,0,61967160.000,0,-,-,-,-,2907.2000,2907.0000,2906.6000,2906.0000,2904.0000,2909.0000,2909.6000,2913.8000,2914.0000,2916.0000,1,1,1,2,1,1,2,1,2,1
SF,IH2009,2020-02-18 09:33:54.500,2909.0000,3898,0,61967160.000,0,-,-,-,-,2907.2000,2907.0000,2906.6000,2906.0000,2904.0000,2909.0000,2909.4000,2909.6000,2913.8000,2914.0000,1,1,1,2,1,1,1,1,1,2
SF,IH2009,2020-02-18 09:33:55.000,2909.0000,3898,0,61967160.000,0,-,-,-,-,2907.2000,2907.0000,2906.6000,2906.0000,2904.0000,2908.8000,2909.0000,2909.6000,2913.8000,2914.0000,1,1,1,2,1,1,1,1,1,2
SF,IH2009,2020-02-18 09:33:55.500,2909.0000,3898,0,61967160.000,0,-,-,-,-,2907.2000,2906.6000,2906.0000,2904.0000,2903.0000,2908.8000,2909.0000,2909.6000,2913.8000,2914.0000,1,1,2,1,1,1,1,1,1,2
SF,IH2009,2020-02-18 09:33:56.000,2909.0000,3898,0,61967160.000,0,-,-,-,-,2907.2000,2906.6000,2906.0000,2904.0000,2903.0000,2908.8000,2909.0000,2909.6000,2913.8000,2914.0000,1,1,2,1,1,1,1,1,1,2
SF,IH2009,2020-02-18 09:33:56.500,2909.0000,3898,0,61967160.000,0,-,-,-,-,2907.2000,2906.6000,2906.0000,2904.0000,2903.0000,2909.0000,2909.6000,2913.8000,2914.0000,2916.0000,1,1,2,1,1,1,1,1,2,1
SF,IH2009,2020-02-18 09:33:57.000,2909.0000,3898,0,61967160.000,0,-,-,-,-,2907.2000,2906.6000,2906.0000,2904.0000,2903.0000,2909.6000,2913.8000,2914.0000,2916.0000,2916.8000,1,1,2,1,1,1,1,2,1,1
SF,IH2009,2020-02-18 09:33:57.500,2909.0000,3898,0,61967160.000,0,-,-,-,-,2907.2000,2906.6000,2906.0000,2904.0000,2903.0000,2909.0000,2909.6000,2913.8000,2914.0000,2916.0000,1,1,2,1,1,1,1,1,2,1
SF,IH2009,2020-02-18 09:33:58.000,2909.0000,3898,0,61967160.000,0,-,-,-,-,2907.2000,2906.6000,2906.0000,2904.0000,2903.0000,2909.6000,2913.8000,2914.0000,2916.0000,2916.8000,1,1,2,1,1,1,1,2,1,1
SF,IH2009,2020-02-18 09:33:58.500,2909.0000,3898,0,61967160.000,0,-,-,-,-,2907.2000,2906.6000,2906.0000,2904.0000,2903.0000,2909.4000,2909.6000,2913.8000,2914.0000,2916.0000,1,1,2,1,1,1,1,1,2,1
SF,IH2009,2020-02-18 09:33:59.000,2909.0000,3898,0,61967160.000,0,-,-,-,-,2907.2000,2906.6000,2906.0000,2904.0000,2903.0000,2909.2000,2913.8000,2914.0000,2916.0000,2916.8000,1,1,2,1,1,2,1,2,1,1
SF,IH2009,2020-02-18 09:33:59.500,2909.0000,3898,0,61967160.000,0,-,-,-,-,2907.2000,2907.0000,2906.6000,2906.0000,2904.0000,2909.2000,2913.8000,2914.0000,2916.0000,2916.8000,1,1,1,2,1,2,1,2,1,1
SF,IH2009,2020-02-18 09:34:00.000,2907.4000,3897,-1,62839380.000,1,0,1,双平,S,2907.2000,2906.6000,2906.0000,2904.0000,2903.0000,2909.0000,2909.2000,2913.8000,2914.0000,2916.0000,1,1,2,1,1,1,2,1,2,1
SF,IH2009,2020-02-18 09:34:00.500,2907.4000,3897,0,62839380.000,0,-,-,-,-,2907.2000,2906.6000,2906.0000,2904.0000,2903.0000,2908.8000,2909.0000,2909.2000,2913.8000,2914.0000,1,1,2,1,1,1,1,2,1,2
SF,IH2009,2020-02-18 09:34:01.000,2907.4000,3897,0,62839380.000,0,-,-,-,-,2907.2000,2907.0000,2906.6000,2906.0000,2904.0000,2908.8000,2909.0000,2909.2000,2913.8000,2914.0000,1,1,1,2,1,1,1,1,1,2
SF,IH2009,2020-02-18 09:34:01.500,2907.4000,3897,0,62839380.000,0,-,-,-,-,2907.4000,2907.2000,2907.0000,2906.6000,2906.0000,2908.6000,2909.2000,2913.8000,2914.0000,2916.0000,1,1,1,1,2,1,1,1,2,1
SF,IH2009,2020-02-18 09:34:02.000,2908.6000,3896,-1,63711960.000,1,0,1,双平,S,2907.4000,2907.0000,2906.6000,2906.0000,2904.0000,2909.2000,2913.8000,2914.0000,2916.0000,2916.8000,2,1,1,2,1,1,1,2,1,1
SF,IH2009,2020-02-18 09:34:02.500,2908.6000,3896,0,63711960.000,0,-,-,-,-,2907.6000,2907.4000,2907.0000,2906.6000,2906.0000,2909.2000,2913.8000,2914.0000,2916.0000,2916.8000,1,2,1,1,2,1,1,2,1,1
SF,IH2009,2020-02-18 09:34:03.000,2909.2000,3896,0,64584720.000,1,0,1,多换,S,2907.4000,2907.0000,2906.6000,2906.0000,2904.0000,2913.8000,2914.0000,2916.0000,2916.8000,2917.0000,2,1,1,2,1,1,2,1,1,2
SF,IH2009,2020-02-18 09:34:03.500,2909.2000,3896,0,64584720.000,0,-,-,-,-,2907.6000,2907.4000,2907.0000,2906.6000,2906.0000,2911.8000,2913.6000,2913.8000,2914.0000,2916.0000,2,2,1,1,2,1,1,1,2,1
SF,IH2009,2020-02-18 09:34:04.000,2909.2000,3896,0,64584720.000,0,-,-,-,-,2907.6000,2907.4000,2907.0000,2906.6000,2906.0000,2911.6000,2911.8000,2913.6000,2913.8000,2914.0000,2,1,1,1,2,1,1,1,1,2
SF,IH2009,2020-02-18 09:34:04.500,2909.2000,3896,0,64584720.000,0,-,-,-,-,2907.8000,2907.6000,2907.4000,2907.0000,2906.6000,2911.4000,2911.6000,2911.8000,2913.8000,2914.0000,1,2,1,1,1,1,1,1,1,2
SF,IH2009,2020-02-18 09:34:05.000,2909.2000,3896,0,64584720.000,0,-,-,-,-,2908.0000,2907.8000,2907.4000,2907.0000,2906.6000,2911.4000,2913.8000,2914.0000,2916.0000,2916.8000,2,1,1,1,1,1,1,2,1,1
SF,IH2009,2020-02-18 09:34:05.500,2909.2000,3896,0,64584720.000,0,-,-,-,-,2908.0000,2907.8000,2907.4000,2907.0000,2906.6000,2911.0000,2911.2000,2913.8000,2914.0000,2916.0000,2,1,1,1,1,1,1,1,2,1
SF,IH2009,2020-02-18 09:34:06.000,2909.2000,3896,0,64584720.000,0,-,-,-,-,2908.0000,2907.8000,2907.4000,2907.0000,2906.6000,2910.8000,2911.0000,2911.2000,2913.8000,2914.0000,2,1,1,1,1,1,1,1,1,2
SF,IH2009,2020-02-18 09:34:07.000,2909.2000,3896,0,64584720.000,0,-,-,-,-,2908.0000,2907.8000,2907.4000,2907.0000,2906.6000,2911.0000,2911.2000,2913.8000,2914.0000,2916.0000,2,1,1,1,1,1,1,1,2,1
SF,IH2009,2020-02-18 09:34:07.500,2909.2000,3896,0,64584720.000,0,-,-,-,-,2908.0000,2907.8000,2907.4000,2907.0000,2906.6000,2910.8000,2911.0000,2913.8000,2914.0000,2916.0000,2,1,1,1,1,1,1,1,2,1
SF,IH2009,2020-02-18 09:34:09.000,2909.2000,3896,0,64584720.000,0,-,-,-,-,2908.0000,2907.8000,2907.4000,2907.0000,2906.6000,2911.0000,2913.8000,2914.0000,2916.0000,2916.8000,2,1,1,1,1,1,1,2,1,1
SF,IH2009,2020-02-18 09:34:10.500,2909.2000,3896,0,64584720.000,0,-,-,-,-,2908.0000,2907.8000,2907.4000,2907.0000,2906.6000,2910.8000,2911.0000,2913.8000,2914.0000,2916.0000,2,1,1,1,1,1,1,1,2,1
SF,IH2009,2020-02-18 09:34:11.000,2909.2000,3896,0,64584720.000,0,-,-,-,-,2908.2000,2908.0000,2907.8000,2907.4000,2907.0000,2910.8000,2911.0000,2913.8000,2914.0000,2916.0000,1,2,1,1,1,1,1,1,2,1
SF,IH2009,2020-02-18 09:34:11.500,2909.2000,3896,0,64584720.000,0,-,-,-,-,2908.4000,2908.2000,2908.0000,2907.8000,2907.4000,2910.8000,2911.0000,2913.8000,2914.0000,2916.0000,1,1,1,1,1,1,1,1,2,1
SF,IH2009,2020-02-18 09:34:12.000,2909.2000,3896,0,64584720.000,0,-,-,-,-,2908.6000,2908.4000,2908.2000,2907.8000,2907.4000,2911.0000,2913.8000,2914.0000,2916.0000,2916.8000,1,1,1,1,1,1,1,2,1,1
SF,IH2009,2020-02-18 09:34:12.500,2909.2000,3896,0,64584720.000,0,-,-,-,-,2908.8000,2908.6000,2908.2000,2907.8000,2907.4000,2910.8000,2911.0000,2913.8000,2914.0000,2916.0000,1,1,1,1,1,1,1,1,2,1
SF,IH2009,2020-02-18 09:34:13.000,2909.2000,3896,0,64584720.000,0,-,-,-,-,2908.8000,2908.6000,2908.2000,2907.4000,2907.0000,2910.8000,2911.0000,2913.8000,2914.0000,2916.0000,1,1,1,1,1,1,1,1,2,1
SF,IH2009,2020-02-18 09:34:14.000,2909.2000,3896,0,64584720.000,0,-,-,-,-,2909.4000,2908.8000,2908.6000,2907.4000,2907.0000,2911.0000,2913.8000,2914.0000,2916.0000,2916.8000,1,1,1,1,1,1,1,2,1,1
SF,IH2009,2020-02-18 09:34:14.500,2909.4000,3896,0,65457540.000,1,0,1,多换,S,2908.6000,2907.4000,2907.0000,2906.6000,2906.0000,2910.8000,2911.0000,2913.8000,2914.0000,2916.0000,1,1,1,1,2,1,1,1,2,1
SF,IH2009,2020-02-18 09:34:17.000,2909.4000,3896,0,65457540.000,0,-,-,-,-,2908.6000,2907.4000,2907.0000,2906.6000,2906.0000,2908.8000,2910.8000,2911.0000,2913.8000,2914.0000,1,1,1,1,2,1,1,1,1,2
SF,IH2009,2020-02-18 09:34:17.500,2908.8000,3896,0,66330180.000,1,0,1,多换,S,2907.4000,2907.0000,2906.6000,2906.0000,2904.0000,2910.8000,2911.0000,2913.8000,2914.0000,2916.0000,1,1,1,2,1,1,1,1,2,1
SF,IH2009,2020-02-18 09:34:18.500,2908.8000,3896,0,66330180.000,0,-,-,-,-,2907.4000,2907.0000,2906.6000,2906.0000,2904.0000,2910.8000,2911.0000,2913.8000,2914.0000,2916.0000,1,1,1,2,1,1,2,1,2,1
SF,IH2009,2020-02-18 09:34:19.000,2908.8000,3896,0,66330180.000,0,-,-,-,-,2907.6000,2907.4000,2907.0000,2906.6000,2906.0000,2910.8000,2911.0000,2913.8000,2914.0000,2916.0000,1,1,1,1,2,1,2,1,2,1
SF,IH2009,2020-02-18 09:34:20.000,2908.8000,3896,0,66330180.000,0,-,-,-,-,2907.8000,2907.6000,2907.4000,2907.0000,2906.6000,2910.8000,2911.0000,2913.8000,2914.0000,2916.0000,1,1,1,1,1,1,2,1,2,1
SF,IH2009,2020-02-18 09:34:20.500,2908.8000,3896,0,66330180.000,0,-,-,-,-,2908.0000,2907.8000,2907.4000,2907.0000,2906.6000,2910.6000,2910.8000,2911.0000,2913.8000,2914.0000,1,1,1,1,1,1,1,2,1,2
SF,IH2009,2020-02-18 09:34:21.000,2908.8000,3896,0,66330180.000,0,-,-,-,-,2908.0000,2907.8000,2907.4000,2907.0000,2906.6000,2910.4000,2910.6000,2910.8000,2911.0000,2913.8000,1,1,1,1,1,1,1,1,1,1
SF,IH2009,2020-02-18 09:34:21.500,2908.8000,3896,0,66330180.000,0,-,-,-,-,2908.0000,2907.8000,2907.4000,2907.0000,2906.6000,2910.0000,2910.4000,2910.8000,2911.0000,2913.8000,1,1,1,1,1,1,1,1,1,1
SF,IH2009,2020-02-18 09:34:22.000,2908.8000,3896,0,66330180.000,0,-,-,-,-,2908.4000,2908.0000,2907.8000,2907.4000,2907.0000,2909.8000,2910.4000,2910.8000,2911.0000,2913.8000,1,1,1,1,1,1,1,1,1,1
SF,IH2009,2020-02-18 09:34:23.500,2908.8000,3896,0,66330180.000,0,-,-,-,-,2908.4000,2908.2000,2908.0000,2907.8000,2907.4000,2909.8000,2910.4000,2910.8000,2911.0000,2913.8000,1,1,1,1,1,1,1,1,1,1
SF,IH2009,2020-02-18 09:34:25.000,2908.8000,3896,0,66330180.000,0,-,-,-,-,2908.4000,2908.2000,2908.0000,2907.8000,2907.4000,2909.8000,2910.4000,2911.0000,2913.8000,2914.0000,1,1,1,1,1,1,1,1,1,2
SF,IH2009,2020-02-18 09:34:25.500,2908.8000,3896,0,66330180.000,0,-,-,-,-,2908.6000,2908.4000,2908.2000,2907.8000,2907.4000,2909.8000,2911.0000,2913.8000,2914.0000,2916.0000,1,1,1,1,1,1,1,1,2,1
SF,IH2009,2020-02-18 09:34:26.000,2908.8000,3896,0,66330180.000,0,-,-,-,-,2908.6000,2908.4000,2908.2000,2907.4000,2907.0000,2909.8000,2911.0000,2913.8000,2914.0000,2916.0000,1,1,1,1,1,1,1,1,2,1
SF,IH2009,2020-02-18 09:34:27.000,2908.8000,3896,0,66330180.000,0,-,-,-,-,2908.6000,2908.4000,2908.2000,2907.4000,2907.0000,2911.0000,2913.8000,2914.0000,2916.0000,2916.8000,1,1,1,1,1,1,1,2,1,1
SF,IH2009,2020-02-18 09:34:27.500,2908.8000,3896,0,66330180.000,0,-,-,-,-,2908.6000,2908.4000,2908.2000,2907.4000,2907.0000,2910.6000,2910.8000,2911.0000,2913.8000,2914.0000,1,1,1,1,1,1,1,1,1,2
SF,IH2009,2020-02-18 09:34:28.000,2908.8000,3896,0,66330180.000,0,-,-,-,-,2908.6000,2908.4000,2908.2000,2907.4000,2907.0000,2910.0000,2910.6000,2910.8000,2911.0000,2913.8000,1,1,1,1,1,1,1,1,1,1
SF,IH2009,2020-02-18 09:34:28.500,2908.8000,3896,0,66330180.000,0,-,-,-,-,2908.6000,2908.4000,2908.2000,2907.4000,2907.0000,2910.0000,2910.6000,2911.0000,2913.8000,2914.0000,1,1,1,1,1,1,1,1,1,2
SF,IH2009,2020-02-18 09:34:33.500,2908.6000,3896,0,67202760.000,1,0,1,多换,S,2908.4000,2908.2000,2907.4000,2907.0000,2906.6000,2910.0000,2910.6000,2911.0000,2913.8000,2914.0000,1,1,1,1,1,1,1,1,1,2
SF,IH2009,2020-02-18 09:34:34.000,2908.6000,3896,0,67202760.000,0,-,-,-,-,2908.4000,2908.2000,2907.4000,2907.0000,2906.6000,2909.8000,2910.0000,2910.6000,2911.0000,2913.8000,1,1,1,1,1,1,1,1,1,1
SF,IH2009,2020-02-18 09:34:35.000,2908.6000,3896,0,67202760.000,0,-,-,-,-,2908.4000,2908.2000,2907.4000,2907.0000,2906.6000,2910.0000,2910.6000,2911.0000,2913.8000,2914.0000,1,1,1,1,1,1,1,1,1,2
SF,IH2009,2020-02-18 09:34:35.500,2908.6000,3896,0,67202760.000,0,-,-,-,-,2908.4000,2908.2000,2907.4000,2907.0000,2906.6000,2909.8000,2910.0000,2910.6000,2911.0000,2913.8000,1,1,1,1,1,1,1,1,1,1
SF,IH2009,2020-02-18 09:34:36.000,2908.6000,3896,0,67202760.000,0,-,-,-,-,2908.4000,2908.2000,2907.4000,2907.0000,2906.6000,2909.8000,2910.0000,2910.6000,2911.0000,2913.8000,1,1,1,1,1,1,1,1,1,1
SF,IH2009,2020-02-18 09:34:36.500,2908.6000,3896,0,67202760.000,0,-,-,-,-,2908.4000,2908.2000,2907.4000,2907.0000,2906.6000,2910.0000,2910.6000,2911.0000,2913.8000,2914.0000,1,1,1,1,1,1,1,1,1,2
SF,IH2009,2020-02-18 09:34:38.500,2908.4000,3897,1,68075280.000,1,1,0,双开,S,2908.2000,2907.4000,2907.0000,2906.6000,2906.0000,2910.0000,2910.6000,2911.0000,2913.8000,2914.0000,1,1,1,1,2,1,1,1,1,2
SF,IH2009,2020-02-18 09:34:39.000,2908.4000,3897,0,68075280.000,0,-,-,-,-,2908.2000,2907.4000,2907.0000,2906.6000,2906.0000,2910.0000,2911.0000,2913.8000,2914.0000,2916.0000,1,1,1,1,2,1,1,1,2,1
SF,IH2009,2020-02-18 09:34:39.500,2908.4000,3897,0,68075280.000,0,-,-,-,-,2908.2000,2907.4000,2907.0000,2906.6000,2906.0000,2909.8000,2910.0000,2911.0000,2913.8000,2914.0000,1,1,1,1,2,1,1,1,1,2
SF,IH2009,2020-02-18 09:34:40.500,2908.4000,3897,0,68075280.000,0,-,-,-,-,2908.4000,2908.2000,2907.4000,2907.0000,2906.6000,2909.8000,2910.0000,2911.0000,2913.8000,2914.0000,1,1,1,1,1,1,1,1,1,2
SF,IH2009,2020-02-18 09:34:44.500,2908.4000,3896,-1,68947800.000,1,0,1,双平,S,2908.2000,2907.4000,2907.0000,2906.6000,2906.0000,2909.8000,2910.0000,2911.0000,2913.8000,2914.0000,1,1,1,1,2,1,1,1,1,2
SF,IH2009,2020-02-18 09:34:45.000,2908.4000,3896,0,68947800.000,0,-,-,-,-,2908.2000,2907.4000,2907.0000,2906.6000,2906.0000,2908.4000,2909.4000,2909.6000,2909.8000,2910.0000,1,1,1,1,2,1,1,1,1,1
SF,IH2009,2020-02-18 09:34:45.500,2908.4000,3896,0,69820320.000,1,0,1,多换,S,2908.2000,2907.4000,2907.0000,2906.6000,2906.0000,2909.4000,2909.6000,2909.8000,2910.0000,2911.0000,1,1,1,1,2,1,1,1,1,1
SF,IH2009,2020-02-18 09:34:46.000,2908.4000,3896,0,69820320.000,0,-,-,-,-,2908.2000,2907.4000,2907.0000,2906.6000,2906.0000,2909.4000,2909.6000,2909.8000,2910.0000,2911.0000,1,1,1,1,2,2,1,1,1,1
SF,IH2009,2020-02-18 09:34:46.500,2908.4000,3896,0,69820320.000,0,-,-,-,-,2908.2000,2907.4000,2907.0000,2906.6000,2906.0000,2909.4000,2909.6000,2909.8000,2910.0000,2911.0000,1,1,1,1,2,2,1,1,1,1
SF,IH2009,2020-02-18 09:34:47.000,2908.4000,3896,0,69820320.000,0,-,-,-,-,2908.2000,2907.4000,2907.0000,2906.6000,2906.0000,2909.4000,2909.6000,2909.8000,2910.0000,2911.0000,1,1,1,1,2,2,1,1,1,1
SF,IH2009,2020-02-18 09:34:47.500,2908.2000,3896,0,70692780.000,1,0,1,多换,S,2907.4000,2907.0000,2906.6000,2906.0000,2904.0000,2909.4000,2909.6000,2909.8000,2910.0000,2911.0000,1,1,1,2,1,2,1,1,1,1
SF,IH2009,2020-02-18 09:34:49.500,2908.2000,3896,0,70692780.000,0,-,-,-,-,2907.4000,2907.0000,2906.6000,2906.0000,2904.0000,2908.2000,2909.4000,2909.6000,2909.8000,2910.0000,1,1,1,2,1,1,2,1,1,1
SF,IH2009,2020-02-18 09:34:50.000,2908.2000,3896,0,71565240.000,1,0,1,多换,S,2907.4000,2907.0000,2906.6000,2906.0000,2904.0000,2909.4000,2910.0000,2911.0000,2913.8000,2914.0000,1,1,1,2,1,2,1,1,1,2
SF,IH2009,2020-02-18 09:34:50.500,2908.2000,3896,0,71565240.000,0,-,-,-,-,2908.4000,2907.4000,2907.0000,2906.6000,2906.0000,2909.4000,2910.0000,2911.0000,2913.8000,2914.0000,1,1,1,1,2,1,1,1,1,2
SF,IH2009,2020-02-18 09:34:51.000,2908.2000,3896,0,71565240.000,0,-,-,-,-,2908.4000,2907.6000,2907.4000,2907.0000,2906.6000,2910.0000,2911.0000,2913.8000,2914.0000,2916.0000,1,1,1,1,1,1,1,1,2,1
SF,IH2009,2020-02-18 09:34:51.500,2908.2000,3896,0,71565240.000,0,-,-,-,-,2908.4000,2907.6000,2907.4000,2907.0000,2906.6000,2909.6000,2909.8000,2910.0000,2911.0000,2913.8000,1,1,1,1,1,1,1,1,1,1
SF,IH2009,2020-02-18 09:34:52.000,2908.2000,3896,0,71565240.000,0,-,-,-,-,2908.4000,2907.6000,2907.4000,2907.0000,2906.6000,2909.8000,2910.0000,2911.0000,2913.8000,2914.0000,1,1,1,1,1,1,1,1,1,2
SF,IH2009,2020-02-18 09:34:54.000,2908.2000,3896,0,71565240.000,0,-,-,-,-,2908.4000,2907.4000,2907.0000,2906.6000,2906.0000,2909.8000,2910.0000,2911.0000,2913.8000,2914.0000,1,1,1,1,2,1,1,1,1,2
SF,IH2009,2020-02-18 09:34:54.500,2908.2000,3896,0,71565240.000,0,-,-,-,-,2908.4000,2907.4000,2907.0000,2906.6000,2906.0000,2909.8000,2910.0000,2911.0000,2913.8000,2914.0000,1,1,1,1,2,1,1,1,1,2
SF,IH2009,2020-02-18 09:34:55.000,2908.4000,3895,-1,72437760.000,1,0,1,双平,S,2907.4000,2907.0000,2906.6000,2906.0000,2904.0000,2909.6000,2909.8000,2910.0000,2911.0000,2913.8000,1,1,1,2,1,1,1,1,1,1
SF,IH2009,2020-02-18 09:34:55.500,2908.4000,3895,0,72437760.000,0,-,-,-,-,2907.4000,2906.6000,2906.0000,2904.0000,2903.0000,2909.4000,2909.6000,2909.8000,2910.0000,2911.0000,1,1,2,1,1,1,1,1,1,1
SF,IH2009,2020-02-18 09:34:56.000,2908.4000,3895,0,72437760.000,0,-,-,-,-,2907.4000,2906.6000,2906.0000,2904.0000,2903.0000,2909.2000,2909.4000,2909.6000,2909.8000,2910.0000,1,1,2,1,1,1,1,1,1,1
SF,IH2009,2020-02-18 09:34:56.500,2908.4000,3895,0,72437760.000,0,-,-,-,-,2907.4000,2906.6000,2906.0000,2904.0000,2903.0000,2909.0000,2909.2000,2909.4000,2909.8000,2910.0000,1,1,2,1,1,6,1,1,1,1
SF,IH2009,2020-02-18 09:34:57.000,2908.4000,3895,0,72437760.000,0,-,-,-,-,2907.4000,2906.6000,2906.0000,2904.0000,2903.0000,2908.4000,2908.8000,2909.2000,2909.4000,2909.8000,1,1,2,1,1,1,1,1,1,1
SF,IH2009,2020-02-18 09:34:58.000,2908.4000,3895,0,72437760.000,0,-,-,-,-,2907.4000,2906.6000,2906.0000,2904.0000,2903.0000,2908.4000,2908.8000,2909.2000,2909.4000,2909.8000,2,1,2,1,1,1,1,1,1,1
SF,IH2009,2020-02-18 09:34:58.500,2908.4000,3895,0,72437760.000,0,-,-,-,-,2907.4000,2906.6000,2906.0000,2904.0000,2903.0000,2908.8000,2909.4000,2910.0000,2913.8000,2914.0000,2,1,2,1,1,1,1,1,1,2
SF,IH2009,2020-02-18 09:34:59.500,2907.4000,3896,1,73309980.000,1,1,0,双开,S,2907.4000,2906.6000,2906.0000,2904.0000,2903.0000,2908.8000,2909.4000,2910.0000,2913.8000,2914.0000,1,1,2,1,1,1,1,1,1,2
SF,IH2009,2020-02-18 09:35:02.500,2907.4000,3896,0,74182200.000,1,0,1,多换,S,2906.6000,2906.0000,2904.0000,2903.0000,2900.2000,2908.8000,2909.4000,2910.0000,2913.8000,2914.0000,1,2,1,1,1,1,1,1,1,2
SF,IH2009,2020-02-18 09:35:03.000,2907.4000,3896,0,74182200.000,0,-,-,-,-,2906.8000,2906.6000,2906.0000,2904.0000,2903.0000,2908.4000,2908.8000,2909.4000,2910.0000,2913.8000,1,1,2,1,1,1,1,1,1,1
SF,IH2009,2020-02-18 09:35:03.500,2907.4000,3896,0,74182200.000,0,-,-,-,-,2906.8000,2906.6000,2906.0000,2904.0000,2903.0000,2908.2000,2908.4000,2908.8000,2909.4000,2910.0000,1,1,2,1,1,1,1,1,1,1
SF,IH2009,2020-02-18 09:35:04.000,2907.4000,3896,0,74182200.000,0,-,-,-,-,2906.6000,2906.0000,2904.0000,2903.0000,2900.2000,2908.2000,2908.4000,2908.8000,2909.4000,2910.0000,1,2,1,1,1,1,1,1,1,1
SF,IH2009,2020-02-18 09:35:04.500,2907.4000,3896,0,74182200.000,0,-,-,-,-,2906.6000,2906.0000,2904.0000,2903.0000,2900.2000,2908.2000,2908.4000,2908.8000,2909.4000,2910.0000,1,2,1,1,1,1,1,1,1,1
SF,IH2009,2020-02-18 09:35:07.000,2908.2000,3895,-1,75054660.000,1,0,1,双平,S,2906.6000,2906.0000,2904.0000,2903.0000,2900.2000,2908.4000,2908.8000,2909.4000,2910.0000,2913.8000,1,2,1,1,1,1,1,1,1,1
SF,IH2009,2020-02-18 09:35:07.500,2908.2000,3895,0,75054660.000,0,-,-,-,-,2906.6000,2906.0000,2904.0000,2903.0000,2900.2000,2908.2000,2908.4000,2908.8000,2909.4000,2910.0000,1,2,1,1,1,2,1,1,1,1
SF,IH2009,2020-02-18 09:35:08.000,2908.2000,3895,0,75054660.000,0,-,-,-,-,2906.8000,2906.6000,2906.0000,2904.0000,2903.0000,2908.2000,2908.8000,2909.4000,2910.0000,2913.8000,1,1,2,1,1,2,1,1,1,1
SF,IH2009,2020-02-18 09:35:08.500,2908.2000,3895,0,75054660.000,0,-,-,-,-,2906.8000,2906.6000,2904.0000,2903.0000,2900.2000,2907.2000,2908.2000,2908.8000,2909.4000,2910.0000,1,1,1,1,1,1,2,1,1,1
SF,IH2009,2020-02-18 09:35:09.000,2906.8000,3895,0,75926700.000,1,0,1,多换,S,2906.6000,2904.0000,2903.0000,2900.2000,2900.0000,2907.2000,2908.2000,2908.8000,2909.4000,2910.0000,1,1,1,1,1,1,2,1,1,1
SF,IH2009,2020-02-18 09:35:09.500,2906.6000,3895,0,76798680.000,1,0,1,多换,S,2904.0000,2903.0000,2900.2000,2900.0000,2899.0000,2907.2000,2908.2000,2908.8000,2909.4000,2910.0000,1,1,1,1,1,1,2,1,1,1
SF,IH2009,2020-02-18 09:35:10.000,2906.6000,3895,0,76798680.000,0,-,-,-,-,2905.8000,2905.0000,2904.2000,2904.0000,2903.0000,2907.2000,2908.2000,2908.8000,2909.4000,2910.0000,1,1,1,2,1,1,1,1,1,1
SF,IH2009,2020-02-18 09:35:10.500,2906.6000,3895,0,76798680.000,0,-,-,-,-,2905.8000,2904.2000,2904.0000,2903.0000,2900.2000,2907.2000,2908.2000,2908.8000,2909.4000,2910.0000,1,1,2,1,1,1,1,1,1,1
SF,IH2009,2020-02-18 09:35:11.500,2906.6000,3895,0,76798680.000,0,-,-,-,-,2904.2000,2904.0000,2903.0000,2900.2000,2900.0000,2907.2000,2908.2000,2908.8000,2909.4000,2910.0000,1,2,1,1,1,1,1,1,1,1
SF,IH2009,2020-02-18 09:35:12.000,2906.6000,3895,0,76798680.000,0,-,-,-,-,2904.2000,2904.0000,2900.2000,2900.0000,2899.0000,2907.2000,2908.2000,2908.8000,2909.4000,2910.0000,1,2,1,1,1,1,1,1,1,1
SF,IH2009,2020-02-18 09:35:12.500,2906.6000,3895,0,76798680.000,0,-,-,-,-,2904.6000,2904.2000,2904.0000,2900.2000,2900.0000,2907.2000,2908.2000,2908.8000,2909.4000,2910.0000,1,1,2,1,1,1,1,1,1,1
SF,IH2009,2020-02-18 09:35:13.000,2906.6000,3895,0,76798680.000,0,-,-,-,-,2904.6000,2904.2000,2904.0000,2900.2000,2900.0000,2905.8000,2907.0000,2907.2000,2908.2000,2908.8000,1,1,2,1,1,1,1,1,1,1
SF,IH2009,2020-02-18 09:35:13.500,2906.6000,3895,0,76798680.000,0,-,-,-,-,2904.2000,2904.0000,2900.2000,2900.0000,2899.0000,2905.8000,2907.0000,2907.2000,2908.2000,2908.8000,1,2,1,1,1,1,1,1,1,1
SF,IH2009,2020-02-18 09:35:14.500,2906.6000,3895,0,76798680.000,0,-,-,-,-,2904.2000,2904.0000,2900.2000,2900.0000,2899.0000,2905.8000,2907.0000,2907.2000,2908.2000,2908.8000,1,1,1,1,1,1,1,1,1,1
SF,IH2009,2020-02-18 09:35:15.000,2906.6000,3895,0,76798680.000,0,-,-,-,-,2905.2000,2904.0000,2900.2000,2900.0000,2899.0000,2905.8000,2907.0000,2908.2000,2908.8000,2909.4000,1,1,1,1,1,1,1,1,1,1
SF,IH2009,2020-02-18 09:35:15.500,2905.2000,3895,0,77670240.000,1,0,1,多换,S,2904.0000,2900.2000,2900.0000,2899.0000,2898.0000,2905.6000,2905.8000,2907.0000,2908.2000,2908.8000,1,1,1,1,1,1,1,1,1,1
SF,IH2009,2020-02-18 09:35:18.000,2905.2000,3895,0,77670240.000,0,-,-,-,-,2904.6000,2904.0000,2900.2000,2900.0000,2899.0000,2905.6000,2905.8000,2907.0000,2908.2000,2908.8000,1,1,1,1,1,1,1,1,1,1
SF,IH2009,2020-02-18 09:35:19.500,2905.2000,3895,0,77670240.000,0,-,-,-,-,2904.0000,2900.2000,2900.0000,2899.0000,2898.0000,2905.6000,2905.8000,2907.0000,2908.2000,2908.8000,1,1,1,1,1,1,1,1,1,1
SF,IH2009,2020-02-18 09:35:20.000,2905.2000,3895,0,77670240.000,0,-,-,-,-,2904.0000,2900.2000,2900.0000,2899.0000,2898.0000,2905.6000,2905.8000,2907.0000,2908.2000,2908.8000,1,1,1,1,1,1,1,1,1,1
SF,IH2009,2020-02-18 09:35:22.000,2905.2000,3895,0,77670240.000,0,-,-,-,-,2904.4000,2904.0000,2900.2000,2900.0000,2899.0000,2905.6000,2905.8000,2907.0000,2908.2000,2908.8000,1,2,1,1,1,1,1,1,1,1
SF,IH2009,2020-02-18 09:35:22.500,2905.2000,3895,0,77670240.000,0,-,-,-,-,2904.4000,2904.0000,2900.2000,2900.0000,2899.0000,2905.8000,2908.8000,2909.4000,2910.0000,2913.8000,2,2,1,1,1,1,1,1,1,1
SF,IH2009,2020-02-18 09:35:23.000,2905.2000,3895,0,77670240.000,0,-,-,-,-,2904.6000,2904.4000,2904.0000,2900.2000,2900.0000,2905.8000,2908.8000,2910.0000,2913.8000,2914.0000,2,2,2,1,1,1,1,1,1,2
SF,IH2009,2020-02-18 09:35:23.500,2905.2000,3895,0,77670240.000,0,-,-,-,-,2904.8000,2904.6000,2904.4000,2904.0000,2900.2000,2905.8000,2910.0000,2913.8000,2914.0000,2916.0000,1,2,1,2,1,1,1,1,2,1
SF,IH2009,2020-02-18 09:35:24.000,2905.2000,3895,0,77670240.000,0,-,-,-,-,2904.6000,2904.4000,2904.0000,2900.2000,2900.0000,2905.8000,2910.0000,2913.8000,2914.0000,2916.0000,1,1,2,1,1,1,1,1,2,1
SF,IH2009,2020-02-18 09:35:24.500,2905.2000,3895,0,77670240.000,0,-,-,-,-,2904.6000,2904.4000,2904.0000,2900.2000,2900.0000,2905.8000,2910.0000,2913.8000,2914.0000,2916.0000,1,1,1,1,1,1,1,1,2,1
SF,IH2009,2020-02-18 09:35:28.500,2905.2000,3895,0,77670240.000,0,-,-,-,-,2904.6000,2904.4000,2904.0000,2900.2000,2900.0000,2905.8000,2910.0000,2913.8000,2914.0000,2916.0000,2,1,1,1,1,1,1,1,2,1
SF,IH2009,2020-02-18 09:35:30.000,2905.2000,3895,0,77670240.000,0,-,-,-,-,2904.6000,2904.4000,2904.0000,2900.2000,2900.0000,2905.8000,2910.0000,2913.8000,2914.0000,2916.0000,1,1,1,1,1,1,1,1,2,1
SF,IH2009,2020-02-18 09:35:31.000,2904.6000,3895,0,78541620.000,1,0,1,多换,S,2904.4000,2904.0000,2900.2000,2900.0000,2899.0000,2904.6000,2905.8000,2910.0000,2913.8000,2914.0000,1,1,1,1,1,3,1,1,1,2
SF,IH2009,2020-02-18 09:35:31.500,2904.6000,3895,0,81155760.000,3,1,2,多换,S,2904.8000,2904.4000,2904.0000,2900.2000,2900.0000,2905.8000,2910.0000,2913.8000,2914.0000,2916.0000,1,1,1,1,1,1,1,1,2,1
SF,IH2009,2020-02-18 09:35:32.000,2904.6000,3895,0,81155760.000,0,-,-,-,-,2904.8000,2904.4000,2904.0000,2900.2000,2900.0000,2905.8000,2909.8000,2910.0000,2913.8000,2914.0000,1,1,1,1,1,1,1,1,1,2
SF,IH2009,2020-02-18 09:35:32.500,2904.6000,3895,0,81155760.000,0,-,-,-,-,2904.4000,2904.0000,2900.2000,2900.0000,2899.0000,2905.8000,2909.8000,2910.0000,2913.8000,2914.0000,1,1,1,1,1,1,1,1,1,2
SF,IH2009,2020-02-18 09:35:34.500,2904.6000,3895,0,81155760.000,0,-,-,-,-,2904.4000,2904.0000,2900.2000,2900.0000,2899.0000,2905.8000,2909.8000,2910.0000,2913.8000,2914.0000,2,1,1,1,1,1,1,1,1,2
SF,IH2009,2020-02-18 09:35:35.000,2904.6000,3895,0,81155760.000,0,-,-,-,-,2904.4000,2904.0000,2900.2000,2900.0000,2899.0000,2905.6000,2905.8000,2909.8000,2910.0000,2913.8000,2,1,1,1,1,1,1,1,1,1
SF,IH2009,2020-02-18 09:35:35.500,2904.6000,3895,0,81155760.000,0,-,-,-,-,2904.4000,2904.0000,2900.2000,2900.0000,2899.0000,2905.8000,2909.8000,2910.0000,2913.8000,2914.0000,1,1,1,1,1,1,1,1,1,2
SF,IH2009,2020-02-18 09:35:37.000,2904.6000,3895,0,81155760.000,0,-,-,-,-,2904.4000,2904.0000,2900.2000,2900.0000,2899.0000,2905.8000,2909.8000,2910.0000,2913.8000,2914.0000,2,1,1,1,1,1,1,1,1,2
SF,IH2009,2020-02-18 09:35:39.000,2904.6000,3895,0,81155760.000,0,-,-,-,-,2904.6000,2904.4000,2904.0000,2900.2000,2900.0000,2905.8000,2909.8000,2910.0000,2913.8000,2914.0000,1,2,1,1,1,1,1,1,1,2
SF,IH2009,2020-02-18 09:35:39.500,2905.8000,3895,0,82027500.000,1,0,1,多换,S,2904.6000,2904.4000,2904.0000,2900.2000,2900.0000,2910.0000,2913.8000,2914.0000,2916.0000,2916.8000,1,1,1,1,1,1,1,2,1,1
SF,IH2009,2020-02-18 09:35:40.000,2905.8000,3895,0,82027500.000,0,-,-,-,-,2905.0000,2904.8000,2904.6000,2904.4000,2904.0000,2907.8000,2909.8000,2910.0000,2913.8000,2914.0000,1,1,1,1,1,1,1,1,1,2
SF,IH2009,2020-02-18 09:35:40.500,2905.8000,3895,0,82027500.000,0,-,-,-,-,2905.0000,2904.8000,2904.6000,2904.4000,2904.0000,2907.6000,2907.8000,2910.0000,2913.8000,2914.0000,1,1,1,1,1,2,1,1,1,2
SF,IH2009,2020-02-18 09:35:41.000,2905.8000,3895,0,82027500.000,0,-,-,-,-,2905.2000,2905.0000,2904.8000,2904.6000,2904.4000,2907.6000,2910.0000,2913.8000,2914.0000,2916.0000,1,2,1,1,1,2,1,1,2,1
SF,IH2009,2020-02-18 09:35:41.500,2905.8000,3895,0,82027500.000,0,-,-,-,-,2905.2000,2905.0000,2904.8000,2904.6000,2904.4000,2907.0000,2907.6000,2910.0000,2913.8000,2914.0000,1,2,1,1,1,1,2,1,1,2
SF,IH2009,2020-02-18 09:35:42.000,2905.8000,3895,0,82027500.000,0,-,-,-,-,2905.2000,2905.0000,2904.8000,2904.6000,2904.4000,2907.6000,2910.0000,2913.8000,2914.0000,2916.0000,1,2,1,1,1,1,1,1,2,1
SF,IH2009,2020-02-18 09:35:42.500,2905.8000,3895,0,82027500.000,0,-,-,-,-,2905.2000,2905.0000,2904.6000,2904.4000,2904.0000,2907.4000,2907.6000,2910.0000,2913.8000,2914.0000,1,2,1,1,1,1,1,1,1,2
SF,IH2009,2020-02-18 09:35:43.000,2905.8000,3895,0,82027500.000,0,-,-,-,-,2905.0000,2904.6000,2904.4000,2904.0000,2900.2000,2907.2000,2907.4000,2907.6000,2910.0000,2913.8000,2,1,1,1,1,1,1,1,1,1
SF,IH2009,2020-02-18 09:35:43.500,2905.8000,3895,0,82027500.000,0,-,-,-,-,2905.2000,2905.0000,2904.6000,2904.4000,2904.0000,2907.2000,2907.6000,2910.0000,2913.8000,2914.0000,1,2,1,1,1,1,1,1,1,2
SF,IH2009,2020-02-18 09:35:44.500,2905.8000,3895,0,82027500.000,0,-,-,-,-,2905.2000,2905.0000,2904.6000,2904.4000,2904.0000,2907.2000,2907.6000,2910.0000,2913.8000,2914.0000,1,1,1,1,1,1,1,1,1,2
SF,IH2009,2020-02-18 09:35:45.000,2905.8000,3895,0,82027500.000,0,-,-,-,-,2905.8000,2905.0000,2904.6000,2904.4000,2904.0000,2907.2000,2907.6000,2910.0000,2913.8000,2914.0000,1,2,1,1,1,1,1,1,1,2
SF,IH2009,2020-02-18 09:35:45.500,2905.8000,3895,0,82027500.000,0,-,-,-,-,2905.0000,2904.6000,2904.4000,2904.0000,2900.2000,2907.6000,2910.0000,2913.8000,2914.0000,2916.0000,1,1,1,1,1,1,1,1,2,1
SF,IH2009,2020-02-18 09:35:46.000,2905.8000,3895,0,82027500.000,0,-,-,-,-,2905.2000,2905.0000,2904.6000,2904.4000,2904.0000,2907.4000,2907.6000,2910.0000,2913.8000,2914.0000,2,1,1,1,1,1,1,1,1,2
SF,IH2009,2020-02-18 09:35:46.500,2905.8000,3895,0,82027500.000,0,-,-,-,-,2905.2000,2905.0000,2904.6000,2904.4000,2904.0000,2907.4000,2907.6000,2910.0000,2913.8000,2914.0000,2,2,1,1,1,1,1,1,1,2
SF,IH2009,2020-02-18 09:35:47.000,2905.8000,3895,0,82027500.000,0,-,-,-,-,2905.2000,2905.0000,2904.6000,2904.4000,2904.0000,2910.0000,2913.8000,2914.0000,2916.0000,2916.8000,1,2,1,1,1,1,1,2,1,1
SF,IH2009,2020-02-18 09:35:47.500,2905.8000,3895,0,82027500.000,0,-,-,-,-,2905.4000,2905.2000,2905.0000,2904.6000,2904.4000,2907.2000,2908.4000,2909.8000,2910.0000,2913.8000,1,1,2,1,1,1,1,1,1,1
SF,IH2009,2020-02-18 09:35:48.000,2905.8000,3895,0,82027500.000,0,-,-,-,-,2905.4000,2905.0000,2904.6000,2904.4000,2904.0000,2908.4000,2909.8000,2910.0000,2913.8000,2914.0000,1,2,1,1,1,1,1,1,1,2
