市场代码,合约代码,时间,最新,持仓,增仓,成交额,成交量,开仓,平仓,成交类型,方向,买一价,买二价,买三价,买四价,买五价,卖一价,卖二价,卖三价,卖四价,卖五价,买一量,买二量,买三量,买四量,买五量,卖一量,卖二量,卖三量,卖四量,卖五量
SF,IH2003,2019-11-20 09:29:00.000,2987.2000,13150,0,1792320.000,2.000,-,-,-,-,2986.0000,2985.8000,2985.2000,2985.0000,2983.8000,2987.2000,2988.2000,2988.6000,2989.8000,2990.4000,5,1,1,1,1,1,2,2,1,1
SF,IH2003,2019-11-20 09:30:00.500,2987.2000,13150,0,1792320.000,0,-,-,-,-,2987.2000,2987.0000,2986.2000,2986.0000,2985.8000,2988.2000,2988.4000,2989.8000,2990.4000,2990.8000,3,1,1,5,1,1,2,1,1,1
SF,IH2003,2019-11-20 09:30:01.000,2987.2000,13147,-3,4480800.000,3,0,3,双平,S,2987.0000,2986.2000,2986.0000,2985.8000,2985.2000,2987.6000,2988.0000,2988.2000,2988.4000,2990.8000,1,1,5,1,1,4,5,1,2,1
SF,IH2003,2019-11-20 09:30:01.500,2987.2000,13147,0,5376960.000,1,0,1,多换,S,2987.0000,2986.2000,2986.0000,2985.8000,2985.2000,2988.4000,2990.8000,2993.6000,2994.0000,2994.4000,1,1,5,1,1,2,1,1,1,5
SF,IH2003,2019-11-20 09:30:02.000,2987.2000,13147,0,5376960.000,0,-,-,-,-,2987.2000,2987.0000,2986.2000,2986.0000,2985.8000,2988.2000,2988.4000,2990.8000,2993.6000,2994.0000,1,2,1,5,1,1,2,1,1,1
SF,IH2003,2019-11-20 09:30:02.500,2987.2000,13147,0,5376960.000,0,-,-,-,-,2987.2000,2987.0000,2986.2000,2986.0000,2985.8000,2988.2000,2988.4000,2990.8000,2993.6000,2994.0000,1,1,1,5,1,1,2,1,1,1
SF,IH2003,2019-11-20 09:30:03.000,2987.2000,13147,0,5376960.000,0,-,-,-,-,2987.2000,2987.0000,2986.2000,2986.0000,2985.8000,2988.4000,2990.8000,2993.6000,2994.0000,2994.4000,1,1,1,5,1,2,1,1,1,5
SF,IH2003,2019-11-20 09:30:04.000,2987.2000,13147,0,5376960.000,0,-,-,-,-,2987.2000,2987.0000,2986.2000,2986.0000,2985.8000,2987.8000,2988.2000,2988.4000,2990.8000,2993.6000,1,1,1,5,1,4,5,2,1,1
SF,IH2003,2019-11-20 09:30:04.500,2987.2000,13147,0,5376960.000,0,-,-,-,-,2987.2000,2987.0000,2986.2000,2986.0000,2985.8000,2987.4000,2987.6000,2987.8000,2988.2000,2988.4000,1,1,1,5,1,2,1,4,5,2
SF,IH2003,2019-11-20 09:30:05.000,2987.6000,13144,-3,8065680.000,3,0,3,双平,S,2987.6000,2987.2000,2987.0000,2986.2000,2986.0000,2988.2000,2988.4000,2990.8000,2994.0000,2994.4000,1,1,1,1,5,5,2,1,1,5
SF,IH2003,2019-11-20 09:30:05.500,2987.6000,13144,0,8065680.000,0,-,-,-,-,2987.6000,2987.2000,2987.0000,2986.2000,2986.0000,2988.0000,2988.2000,2988.4000,2990.8000,2994.0000,1,1,1,1,5,2,5,2,1,1
SF,IH2003,2019-11-20 09:30:06.000,2987.6000,13143,-1,8961960.000,1,0,1,双平,S,2987.2000,2987.0000,2986.2000,2986.0000,2985.8000,2987.6000,2987.8000,2988.0000,2988.2000,2988.4000,1,1,1,5,1,2,2,1,5,2
SF,IH2003,2019-11-20 09:30:06.500,2987.2000,13143,0,10754400.000,2,1,1,多换,S,2987.0000,2986.2000,2986.0000,2985.8000,2985.2000,2987.4000,2987.6000,2987.8000,2988.2000,2988.4000,1,1,5,1,1,3,5,4,5,2
SF,IH2003,2019-11-20 09:30:07.000,2987.4000,13143,0,11650620.000,1,0,1,多换,S,2987.0000,2986.2000,2986.0000,2985.8000,2985.2000,2987.4000,2987.6000,2987.8000,2988.2000,2988.4000,1,1,5,1,1,2,5,4,5,2
SF,IH2003,2019-11-20 09:30:07.500,2987.4000,13143,0,12546840.000,1,0,1,多换,S,2987.4000,2987.2000,2987.0000,2986.2000,2986.0000,2987.6000,2988.4000,2990.8000,2994.0000,2994.4000,1,3,1,1,5,4,2,1,1,5
SF,IH2003,2019-11-20 09:30:08.000,2987.6000,13138,-5,17028240.000,5,0,5,双平,S,2987.0000,2986.2000,2986.0000,2985.8000,2985.2000,2988.4000,2990.8000,2994.0000,2994.4000,2999.0000,1,1,5,1,1,2,1,1,5,1
SF,IH2003,2019-11-20 09:30:08.500,2987.6000,13138,0,17028240.000,0,-,-,-,-,2987.0000,2986.2000,2986.0000,2985.8000,2985.2000,2988.4000,2990.8000,2994.0000,2994.4000,2999.0000,1,1,5,1,1,3,1,1,5,1
SF,IH2003,2019-11-20 09:30:09.000,2987.6000,13138,0,17028240.000,0,-,-,-,-,2987.0000,2986.2000,2986.0000,2985.8000,2985.2000,2988.2000,2988.4000,2990.8000,2994.4000,2999.0000,1,1,5,1,1,1,2,1,5,1
SF,IH2003,2019-11-20 09:30:10.000,2987.6000,13138,0,17028240.000,0,-,-,-,-,2987.2000,2987.0000,2986.2000,2986.0000,2985.8000,2988.2000,2988.4000,2990.8000,2994.4000,2999.0000,1,1,1,5,1,1,2,1,5,1
SF,IH2003,2019-11-20 09:30:10.500,2988.4000,13135,-3,19717740.000,3,0,3,双平,S,2988.2000,2987.6000,2987.4000,2987.2000,2987.0000,2990.8000,2991.0000,2994.4000,2999.0000,3005.0000,1,3,4,7,1,1,2,5,1,2
SF,IH2003,2019-11-20 09:30:11.000,2988.4000,13135,0,19717740.000,0,-,-,-,-,2988.4000,2988.2000,2987.6000,2987.4000,2987.2000,2989.6000,2990.0000,2990.2000,2990.4000,2990.6000,1,2,3,4,7,2,1,1,2,5
SF,IH2003,2019-11-20 09:30:11.500,2988.4000,13135,0,19717740.000,0,-,-,-,-,2988.6000,2988.4000,2988.2000,2987.6000,2987.4000,2990.6000,2990.8000,2994.4000,2999.0000,3005.0000,1,9,2,3,1,4,1,5,1,2
SF,IH2003,2019-11-20 09:30:12.000,2988.4000,13135,0,19717740.000,0,-,-,-,-,2988.8000,2988.4000,2988.2000,2987.6000,2987.4000,2990.4000,2990.6000,2990.8000,2994.4000,2999.0000,3,5,2,3,1,1,4,1,5,1
SF,IH2003,2019-11-20 09:30:12.500,2988.4000,13135,0,19717740.000,0,-,-,-,-,2988.2000,2987.6000,2987.4000,2987.2000,2987.0000,2989.6000,2989.8000,2990.2000,2990.4000,2990.6000,2,1,1,3,1,1,2,7,5,4
SF,IH2003,2019-11-20 09:30:13.000,2988.4000,13135,0,19717740.000,0,-,-,-,-,2988.2000,2987.6000,2987.4000,2987.2000,2987.0000,2989.4000,2989.6000,2990.2000,2990.4000,2990.6000,2,1,1,3,1,2,2,6,4,4
SF,IH2003,2019-11-20 09:30:13.500,2988.4000,13135,0,19717740.000,0,-,-,-,-,2988.2000,2987.6000,2987.4000,2987.2000,2987.0000,2989.4000,2990.2000,2990.4000,2990.6000,2990.8000,1,1,1,2,1,4,6,4,2,1
SF,IH2003,2019-11-20 09:30:14.000,2988.4000,13135,0,19717740.000,0,-,-,-,-,2987.6000,2987.4000,2987.2000,2987.0000,2986.2000,2989.2000,2989.4000,2990.2000,2990.4000,2990.6000,1,1,2,1,1,3,4,6,3,2
SF,IH2003,2019-11-20 09:30:14.500,2988.4000,13135,0,19717740.000,0,-,-,-,-,2987.6000,2987.2000,2987.0000,2986.2000,2986.0000,2989.0000,2989.2000,2989.4000,2990.2000,2990.4000,1,2,1,1,5,4,1,2,5,3
SF,IH2003,2019-11-20 09:30:15.000,2988.4000,13135,0,19717740.000,0,-,-,-,-,2987.6000,2987.2000,2987.0000,2986.2000,2986.0000,2988.8000,2989.0000,2989.2000,2989.4000,2990.2000,1,2,1,1,5,4,4,1,2,5
SF,IH2003,2019-11-20 09:30:15.500,2988.4000,13135,0,19717740.000,0,-,-,-,-,2987.6000,2987.2000,2986.2000,2986.0000,2985.8000,2988.6000,2988.8000,2989.0000,2989.2000,2989.4000,1,2,1,5,1,1,4,2,1,2
SF,IH2003,2019-11-20 09:30:16.000,2988.4000,13135,0,19717740.000,0,-,-,-,-,2988.0000,2986.2000,2986.0000,2985.8000,2985.2000,2988.6000,2989.0000,2989.2000,2989.4000,2990.2000,1,1,5,1,1,1,2,1,2,5
SF,IH2003,2019-11-20 09:30:16.500,2988.0000,13134,-1,20614140.000,1,0,1,双平,S,2986.2000,2986.0000,2985.8000,2985.2000,2985.0000,2988.0000,2988.2000,2988.4000,2988.6000,2989.0000,1,5,1,1,2,1,1,5,1,1
SF,IH2003,2019-11-20 09:30:17.000,2988.0000,13134,0,20614140.000,0,-,-,-,-,2986.4000,2986.2000,2986.0000,2985.8000,2985.2000,2987.8000,2988.0000,2988.4000,2988.6000,2989.0000,6,1,5,1,1,1,5,4,1,1
SF,IH2003,2019-11-20 09:30:17.500,2988.0000,13134,0,20614140.000,0,-,-,-,-,2986.4000,2986.2000,2986.0000,2985.8000,2985.2000,2987.8000,2988.0000,2988.4000,2988.6000,2989.4000,6,1,5,1,1,1,2,4,1,2
SF,IH2003,2019-11-20 09:30:18.000,2988.0000,13134,0,20614140.000,0,-,-,-,-,2986.2000,2986.0000,2985.8000,2985.2000,2985.0000,2987.6000,2987.8000,2988.0000,2988.4000,2989.4000,1,5,1,1,2,5,2,2,4,2
SF,IH2003,2019-11-20 09:30:18.500,2988.0000,13134,0,20614140.000,0,-,-,-,-,2986.4000,2986.2000,2986.0000,2985.8000,2985.2000,2987.6000,2987.8000,2988.0000,2988.4000,2989.4000,1,1,5,1,1,1,1,2,4,2
SF,IH2003,2019-11-20 09:30:19.000,2988.0000,13134,0,20614140.000,0,-,-,-,-,2986.4000,2986.2000,2986.0000,2985.8000,2985.2000,2987.6000,2987.8000,2988.0000,2988.4000,2989.4000,1,1,5,1,1,2,1,3,4,2
SF,IH2003,2019-11-20 09:30:19.500,2988.0000,13134,0,20614140.000,0,-,-,-,-,2986.2000,2986.0000,2985.8000,2985.2000,2985.0000,2987.2000,2987.4000,2987.6000,2987.8000,2988.0000,1,5,1,1,2,2,3,2,1,3
SF,IH2003,2019-11-20 09:30:20.000,2988.0000,13134,0,20614140.000,0,-,-,-,-,2986.4000,2986.2000,2986.0000,2985.8000,2985.2000,2987.6000,2987.8000,2988.0000,2988.4000,2989.4000,1,1,5,1,1,1,1,3,4,2
SF,IH2003,2019-11-20 09:30:20.500,2988.0000,13134,0,20614140.000,0,-,-,-,-,2986.2000,2986.0000,2985.8000,2985.2000,2985.0000,2987.6000,2987.8000,2988.0000,2988.4000,2989.4000,1,6,1,1,2,1,1,3,4,2
SF,IH2003,2019-11-20 09:30:21.000,2988.0000,13134,0,20614140.000,0,-,-,-,-,2986.4000,2986.2000,2986.0000,2985.8000,2985.2000,2987.6000,2987.8000,2988.0000,2988.4000,2989.4000,1,1,6,1,1,1,1,3,4,2
SF,IH2003,2019-11-20 09:30:21.500,2988.0000,13134,0,20614140.000,0,-,-,-,-,2986.2000,2986.0000,2985.8000,2985.2000,2985.0000,2987.4000,2987.6000,2987.8000,2988.0000,2988.4000,1,6,1,1,2,2,2,1,3,4
SF,IH2003,2019-11-20 09:30:22.000,2988.0000,13134,0,20614140.000,0,-,-,-,-,2986.4000,2986.2000,2986.0000,2985.8000,2985.2000,2987.6000,2988.0000,2988.4000,2989.4000,2990.2000,2,1,6,1,1,1,3,4,2,3
SF,IH2003,2019-11-20 09:30:22.500,2988.0000,13134,0,20614140.000,0,-,-,-,-,2986.4000,2986.2000,2986.0000,2985.8000,2985.2000,2987.6000,2988.0000,2988.4000,2989.4000,2990.2000,2,1,7,1,1,1,3,4,2,3
SF,IH2003,2019-11-20 09:30:23.000,2988.0000,13134,0,20614140.000,0,-,-,-,-,2986.4000,2986.2000,2986.0000,2985.8000,2985.2000,2987.6000,2988.0000,2988.4000,2989.4000,2990.2000,1,1,7,1,1,1,3,4,2,3
SF,IH2003,2019-11-20 09:30:23.500,2988.0000,13134,0,20614140.000,0,-,-,-,-,2986.6000,2986.4000,2986.2000,2986.0000,2985.8000,2988.0000,2988.4000,2989.4000,2990.2000,2990.4000,4,2,1,7,1,2,4,2,3,3
SF,IH2003,2019-11-20 09:30:24.000,2988.0000,13134,0,21510540.000,1,0,1,多换,S,2986.6000,2986.2000,2986.0000,2985.8000,2985.2000,2988.0000,2988.4000,2989.4000,2990.2000,2990.4000,4,1,7,1,1,2,4,2,3,3
SF,IH2003,2019-11-20 09:30:24.500,2988.0000,13134,0,21510540.000,0,-,-,-,-,2986.6000,2986.2000,2986.0000,2985.8000,2985.2000,2987.8000,2988.0000,2988.4000,2989.4000,2990.2000,4,1,7,1,1,1,2,4,2,3
SF,IH2003,2019-11-20 09:30:25.000,2987.8000,13133,-1,22406880.000,1,0,1,双平,S,2986.6000,2986.2000,2986.0000,2985.8000,2985.2000,2987.6000,2988.0000,2988.4000,2989.4000,2990.2000,4,1,7,1,1,1,2,4,2,3
SF,IH2003,2019-11-20 09:30:25.500,2987.6000,13132,-1,23303160.000,1,0,1,双平,S,2986.6000,2986.2000,2986.0000,2985.8000,2985.2000,2987.6000,2988.0000,2988.4000,2989.4000,2990.2000,4,1,7,1,1,1,2,4,2,3
SF,IH2003,2019-11-20 09:30:26.000,2987.6000,13132,0,23303160.000,0,-,-,-,-,2986.2000,2986.0000,2985.8000,2985.2000,2985.0000,2987.4000,2988.0000,2988.4000,2989.4000,2990.2000,1,7,1,1,2,1,2,4,2,3
SF,IH2003,2019-11-20 09:30:26.500,2987.6000,13132,0,23303160.000,0,-,-,-,-,2986.4000,2986.2000,2986.0000,2985.8000,2985.2000,2987.4000,2988.0000,2988.4000,2989.4000,2990.2000,2,1,7,1,1,1,2,4,2,3
SF,IH2003,2019-11-20 09:30:27.000,2987.6000,13131,-1,24199440.000,1,0,1,双平,S,2986.4000,2986.2000,2986.0000,2985.8000,2985.2000,2987.2000,2988.0000,2988.4000,2989.4000,2990.2000,4,1,7,1,1,1,2,4,2,3
SF,IH2003,2019-11-20 09:30:27.500,2987.6000,13131,0,24199440.000,0,-,-,-,-,2986.4000,2986.2000,2986.0000,2985.8000,2985.2000,2987.2000,2988.0000,2988.4000,2989.4000,2990.2000,4,1,7,1,1,1,2,4,2,3
SF,IH2003,2019-11-20 09:30:28.000,2987.6000,13131,0,24199440.000,0,-,-,-,-,2986.4000,2986.2000,2986.0000,2985.8000,2985.2000,2987.0000,2987.2000,2988.0000,2988.4000,2989.4000,4,1,7,1,1,1,1,2,4,2
SF,IH2003,2019-11-20 09:30:28.500,2987.2000,13129,-2,25991700.000,2,0,2,双平,S,2987.0000,2986.8000,2986.4000,2986.2000,2986.0000,2988.0000,2988.4000,2989.4000,2990.2000,2990.4000,1,3,4,1,7,2,4,2,3,3
SF,IH2003,2019-11-20 09:30:29.000,2987.2000,13129,0,25991700.000,0,-,-,-,-,2986.4000,2986.2000,2986.0000,2985.8000,2985.2000,2987.8000,2988.0000,2988.4000,2989.4000,2990.2000,2,1,7,1,1,3,2,4,2,3
SF,IH2003,2019-11-20 09:30:29.500,2987.2000,13129,0,25991700.000,0,-,-,-,-,2986.6000,2986.4000,2986.2000,2986.0000,2985.8000,2987.8000,2988.0000,2988.4000,2989.4000,2990.2000,5,3,1,7,1,2,2,4,2,3
SF,IH2003,2019-11-20 09:30:30.000,2987.2000,13129,0,25991700.000,0,-,-,-,-,2987.0000,2986.8000,2986.6000,2986.4000,2986.2000,2987.8000,2988.0000,2988.4000,2989.4000,2990.2000,1,2,5,3,1,2,2,2,2,3
SF,IH2003,2019-11-20 09:30:30.500,2987.8000,13128,-1,28680480.000,3,1,2,多平,S,2987.8000,2987.0000,2986.8000,2986.6000,2986.4000,2988.0000,2989.4000,2990.2000,2990.4000,2990.8000,1,1,2,3,2,2,2,3,3,1
SF,IH2003,2019-11-20 09:30:31.000,2988.0000,13127,-1,31369680.000,3,1,2,多平,S,2988.0000,2987.8000,2987.0000,2986.8000,2986.6000,2989.4000,2990.2000,2990.4000,2990.8000,2994.4000,5,1,1,2,3,2,3,3,1,5
SF,IH2003,2019-11-20 09:30:31.500,2988.0000,13127,0,31369680.000,0,-,-,-,-,2988.0000,2987.8000,2987.0000,2986.8000,2986.6000,2988.8000,2989.2000,2989.4000,2990.2000,2990.4000,5,1,1,2,3,2,6,2,3,3
SF,IH2003,2019-11-20 09:30:32.000,2988.0000,13127,0,31369680.000,0,-,-,-,-,2988.2000,2988.0000,2987.8000,2986.8000,2986.6000,2989.2000,2989.4000,2990.2000,2990.4000,2990.8000,1,5,1,2,3,4,2,3,3,1
SF,IH2003,2019-11-20 09:30:32.500,2988.0000,13127,0,31369680.000,0,-,-,-,-,2988.2000,2988.0000,2987.8000,2986.8000,2986.6000,2989.0000,2989.2000,2989.4000,2990.2000,2990.4000,1,5,1,2,3,2,4,2,3,3
SF,IH2003,2019-11-20 09:30:33.500,2988.0000,13127,0,31369680.000,0,-,-,-,-,2988.2000,2988.0000,2987.8000,2986.8000,2986.6000,2989.0000,2989.2000,2989.4000,2990.2000,2990.4000,1,5,1,2,3,1,1,2,3,3
SF,IH2003,2019-11-20 09:30:34.000,2988.0000,13127,0,31369680.000,0,-,-,-,-,2988.2000,2988.0000,2987.8000,2986.8000,2986.6000,2989.2000,2989.4000,2990.2000,2990.4000,2994.4000,1,5,1,2,3,1,2,3,3,5
SF,IH2003,2019-11-20 09:30:35.000,2988.0000,13127,0,31369680.000,0,-,-,-,-,2988.2000,2988.0000,2987.8000,2986.8000,2986.6000,2989.2000,2990.2000,2990.4000,2994.4000,2999.0000,1,5,1,2,3,1,3,3,5,2
SF,IH2003,2019-11-20 09:30:38.500,2988.0000,13127,0,31369680.000,0,-,-,-,-,2988.2000,2988.0000,2986.8000,2986.6000,2986.4000,2989.2000,2990.2000,2990.4000,2994.4000,2999.0000,1,5,2,3,2,1,3,3,5,2
SF,IH2003,2019-11-20 09:30:39.000,2989.2000,13127,0,32266440.000,1,0,1,多换,S,2989.2000,2988.2000,2988.0000,2986.8000,2986.6000,2990.2000,2990.4000,2994.4000,2999.0000,3005.0000,1,1,5,2,3,3,3,5,2,2
SF,IH2003,2019-11-20 09:30:39.500,2989.2000,13127,0,32266440.000,0,-,-,-,-,2988.0000,2986.8000,2986.6000,2986.4000,2986.2000,2989.8000,2990.0000,2990.2000,2990.4000,2994.4000,5,3,3,2,1,4,5,3,3,5
SF,IH2003,2019-11-20 09:30:40.000,2989.2000,13127,0,32266440.000,0,-,-,-,-,2988.2000,2988.0000,2986.8000,2986.6000,2986.2000,2990.0000,2990.2000,2990.4000,2994.4000,2999.0000,6,5,3,3,1,3,3,3,5,2
SF,IH2003,2019-11-20 09:30:40.500,2989.2000,13127,0,32266440.000,0,-,-,-,-,2988.2000,2988.0000,2986.8000,2986.6000,2986.2000,2990.0000,2990.2000,2990.4000,2994.4000,2999.0000,8,5,3,3,1,3,3,3,5,2
SF,IH2003,2019-11-20 09:30:41.000,2989.2000,13127,0,32266440.000,0,-,-,-,-,2988.4000,2988.2000,2988.0000,2986.8000,2986.6000,2990.0000,2990.2000,2990.4000,2994.4000,2999.0000,1,8,5,3,3,1,2,3,5,2
SF,IH2003,2019-11-20 09:30:41.500,2989.2000,13127,0,32266440.000,0,-,-,-,-,2988.6000,2988.4000,2988.2000,2988.0000,2986.8000,2990.0000,2990.2000,2994.4000,2999.0000,3005.0000,3,1,4,5,3,1,2,5,2,2
SF,IH2003,2019-11-20 09:30:42.000,2989.2000,13127,0,32266440.000,0,-,-,-,-,2989.2000,2988.6000,2988.4000,2988.2000,2988.0000,2990.0000,2994.4000,2999.0000,3005.0000,3006.0000,3,7,1,4,4,1,5,2,2,1
SF,IH2003,2019-11-20 09:30:42.500,2990.0000,13127,0,33163440.000,1,0,1,多换,S,2988.6000,2988.2000,2988.0000,2986.8000,2986.6000,2989.8000,2994.4000,2999.0000,3005.0000,3006.0000,5,4,4,1,1,1,5,2,2,1
SF,IH2003,2019-11-20 09:30:43.000,2989.8000,13125,-2,34957380.000,2,0,2,双平,S,2988.8000,2988.6000,2988.2000,2988.0000,2986.8000,2994.4000,2999.0000,3005.0000,3006.0000,3008.8000,3,4,4,4,1,5,2,2,1,1
SF,IH2003,2019-11-20 09:30:43.500,2989.8000,13125,0,34957380.000,0,-,-,-,-,2988.8000,2988.6000,2988.2000,2988.0000,2986.8000,2990.6000,2990.8000,2991.0000,2991.2000,2991.4000,1,4,4,4,1,1,1,2,3,3
SF,IH2003,2019-11-20 09:30:44.000,2989.8000,13125,0,34957380.000,0,-,-,-,-,2989.0000,2988.8000,2988.6000,2988.2000,2988.0000,2990.4000,2991.0000,2991.2000,2991.4000,2991.8000,2,3,4,4,4,1,1,1,1,3
SF,IH2003,2019-11-20 09:30:44.500,2989.8000,13125,0,34957380.000,0,-,-,-,-,2989.2000,2989.0000,2988.8000,2988.6000,2988.2000,2991.0000,2991.2000,2991.4000,2991.8000,2992.0000,1,2,2,4,4,1,1,1,3,3
SF,IH2003,2019-11-20 09:30:45.000,2989.8000,13125,0,34957380.000,0,-,-,-,-,2989.4000,2989.2000,2988.8000,2988.6000,2988.2000,2990.6000,2990.8000,2991.0000,2991.2000,2991.4000,1,1,2,4,4,4,7,1,1,1
SF,IH2003,2019-11-20 09:30:45.500,2989.8000,13125,0,34957380.000,0,-,-,-,-,2989.4000,2988.8000,2988.6000,2988.2000,2988.0000,2990.4000,2990.6000,2990.8000,2991.0000,2991.2000,2,1,4,4,4,1,4,4,1,1
SF,IH2003,2019-11-20 09:30:46.000,2989.8000,13125,0,34957380.000,0,-,-,-,-,2989.4000,2988.8000,2988.6000,2988.2000,2988.0000,2990.8000,2991.0000,2991.2000,2991.4000,2991.8000,1,1,4,4,4,4,1,1,1,3
SF,IH2003,2019-11-20 09:30:46.500,2989.8000,13125,0,34957380.000,0,-,-,-,-,2989.6000,2989.4000,2988.6000,2988.2000,2988.0000,2990.6000,2990.8000,2991.0000,2991.2000,2991.4000,1,1,4,4,4,1,2,1,1,1
SF,IH2003,2019-11-20 09:30:47.000,2989.8000,13125,0,34957380.000,0,-,-,-,-,2988.6000,2988.2000,2988.0000,2986.8000,2986.6000,2989.6000,2990.2000,2990.4000,2990.6000,2990.8000,2,4,4,1,1,1,1,11,3,2
SF,IH2003,2019-11-20 09:30:47.500,2989.8000,13125,0,34957380.000,0,-,-,-,-,2988.8000,2988.6000,2988.2000,2988.0000,2986.8000,2989.4000,2989.6000,2990.4000,2990.6000,2990.8000,2,2,4,4,1,1,1,6,3,2
SF,IH2003,2019-11-20 09:30:48.000,2989.4000,13124,-1,35854200.000,1,0,1,双平,S,2988.8000,2988.6000,2988.2000,2988.0000,2986.8000,2990.4000,2990.6000,2990.8000,2991.0000,2991.2000,1,2,4,4,1,6,3,2,1,1
SF,IH2003,2019-11-20 09:30:48.500,2989.4000,13124,0,35854200.000,0,-,-,-,-,2988.8000,2988.2000,2988.0000,2986.8000,2986.6000,2990.2000,2990.4000,2990.6000,2990.8000,2991.0000,1,4,4,1,1,6,2,2,2,1
SF,IH2003,2019-11-20 09:30:49.000,2989.4000,13124,0,35854200.000,0,-,-,-,-,2988.8000,2988.2000,2988.0000,2986.8000,2986.6000,2990.0000,2990.2000,2990.4000,2990.6000,2990.8000,1,4,4,1,1,1,4,2,2,2
SF,IH2003,2019-11-20 09:30:49.500,2989.4000,13124,0,35854200.000,0,-,-,-,-,2988.8000,2988.2000,2988.0000,2986.8000,2986.6000,2990.0000,2990.2000,2990.4000,2990.6000,2990.8000,1,4,5,1,1,1,2,2,2,2
SF,IH2003,2019-11-20 09:30:51.000,2989.4000,13124,0,35854200.000,0,-,-,-,-,2988.8000,2988.2000,2988.0000,2986.8000,2986.6000,2990.0000,2990.2000,2990.4000,2990.6000,2990.8000,2,4,5,1,1,1,2,2,2,2
SF,IH2003,2019-11-20 09:30:51.500,2989.4000,13124,0,35854200.000,0,-,-,-,-,2988.8000,2988.2000,2988.0000,2986.8000,2986.6000,2990.0000,2990.2000,2990.4000,2990.6000,2990.8000,2,4,5,1,1,1,1,2,2,2
SF,IH2003,2019-11-20 09:30:52.000,2989.4000,13124,0,35854200.000,0,-,-,-,-,2988.8000,2988.2000,2988.0000,2986.8000,2986.6000,2990.0000,2990.2000,2990.4000,2990.6000,2990.8000,1,4,5,1,1,1,1,2,2,2
SF,IH2003,2019-11-20 09:30:52.500,2989.4000,13124,0,35854200.000,0,-,-,-,-,2988.2000,2988.0000,2986.8000,2986.6000,2986.2000,2990.0000,2990.2000,2990.4000,2990.6000,2990.8000,4,5,1,1,1,1,1,2,2,2
SF,IH2003,2019-11-20 09:30:53.000,2989.4000,13124,0,35854200.000,0,-,-,-,-,2988.4000,2988.2000,2988.0000,2986.8000,2986.6000,2989.8000,2990.0000,2990.2000,2990.4000,2990.6000,3,4,5,1,1,1,1,1,2,2
SF,IH2003,2019-11-20 09:30:53.500,2989.4000,13124,0,35854200.000,0,-,-,-,-,2988.6000,2988.4000,2988.2000,2988.0000,2986.8000,2990.4000,2990.6000,2990.8000,2991.0000,2991.2000,4,5,4,5,1,2,2,2,1,1
SF,IH2003,2019-11-20 09:30:54.000,2989.4000,13124,0,35854200.000,0,-,-,-,-,2990.0000,2988.8000,2988.6000,2988.4000,2988.2000,2990.2000,2990.4000,2990.6000,2990.8000,2991.0000,1,3,6,2,4,2,2,2,2,1
SF,IH2003,2019-11-20 09:30:54.500,2990.0000,13123,-1,36751200.000,1,0,1,双平,S,2988.8000,2988.6000,2988.2000,2988.0000,2986.8000,2989.8000,2990.0000,2990.2000,2990.4000,2990.6000,1,1,4,5,1,1,2,5,2,2
SF,IH2003,2019-11-20 09:30:55.000,2990.0000,13123,0,36751200.000,0,-,-,-,-,2988.6000,2988.2000,2988.0000,2986.8000,2986.6000,2989.6000,2989.8000,2990.0000,2990.2000,2990.4000,1,4,3,1,1,2,1,2,1,2
SF,IH2003,2019-11-20 09:30:55.500,2990.0000,13123,0,36751200.000,0,-,-,-,-,2988.8000,2988.6000,2988.2000,2988.0000,2986.8000,2989.8000,2990.0000,2990.2000,2990.4000,2990.6000,1,2,4,3,1,1,2,1,2,2
SF,IH2003,2019-11-20 09:30:56.000,2990.0000,13123,0,36751200.000,0,-,-,-,-,2988.8000,2988.2000,2988.0000,2986.8000,2986.6000,2989.8000,2990.0000,2990.2000,2990.4000,2990.6000,3,4,3,1,1,1,2,1,2,2
SF,IH2003,2019-11-20 09:30:56.500,2990.0000,13123,0,36751200.000,0,-,-,-,-,2988.2000,2988.0000,2986.8000,2986.6000,2986.2000,2989.6000,2989.8000,2990.0000,2990.2000,2990.4000,4,3,1,1,1,1,2,2,1,2
SF,IH2003,2019-11-20 09:30:57.000,2990.0000,13123,0,36751200.000,0,-,-,-,-,2988.8000,2988.4000,2988.2000,2988.0000,2986.8000,2989.8000,2990.0000,2990.2000,2990.4000,2990.6000,1,2,4,3,1,2,2,1,2,2
SF,IH2003,2019-11-20 09:30:57.500,2990.0000,13123,0,36751200.000,0,-,-,-,-,2989.0000,2988.2000,2988.0000,2986.8000,2986.6000,2989.8000,2990.0000,2990.2000,2990.4000,2990.6000,1,4,3,1,1,1,2,1,2,2
SF,IH2003,2019-11-20 09:30:58.000,2990.0000,13123,0,36751200.000,0,-,-,-,-,2988.2000,2988.0000,2986.8000,2986.6000,2986.2000,2989.8000,2990.0000,2990.2000,2990.4000,2990.6000,4,4,1,1,1,1,2,1,2,2
SF,IH2003,2019-11-20 09:30:58.500,2990.0000,13123,0,36751200.000,0,-,-,-,-,2988.4000,2988.2000,2988.0000,2986.6000,2986.2000,2989.6000,2989.8000,2990.0000,2990.2000,2990.4000,2,4,5,1,1,1,1,2,1,2
SF,IH2003,2019-11-20 09:30:59.000,2990.0000,13123,0,36751200.000,0,-,-,-,-,2988.4000,2988.2000,2988.0000,2986.6000,2986.2000,2989.6000,2989.8000,2990.0000,2990.4000,2990.6000,2,4,5,1,1,1,1,2,2,2
SF,IH2003,2019-11-20 09:30:59.500,2990.0000,13123,0,36751200.000,0,-,-,-,-,2988.4000,2988.2000,2988.0000,2986.6000,2986.2000,2989.4000,2989.6000,2989.8000,2990.0000,2990.4000,2,4,5,1,1,1,1,1,2,2
SF,IH2003,2019-11-20 09:31:01.000,2990.0000,13123,0,36751200.000,0,-,-,-,-,2988.4000,2988.2000,2988.0000,2986.6000,2986.2000,2989.4000,2989.6000,2989.8000,2990.0000,2990.4000,1,4,5,1,1,1,1,1,2,2
SF,IH2003,2019-11-20 09:31:01.500,2990.0000,13123,0,36751200.000,0,-,-,-,-,2988.2000,2988.0000,2986.6000,2986.2000,2986.0000,2989.4000,2989.6000,2989.8000,2990.0000,2990.4000,4,5,1,1,7,2,1,1,2,2
SF,IH2003,2019-11-20 09:31:02.500,2990.0000,13123,0,36751200.000,0,-,-,-,-,2988.2000,2988.0000,2986.6000,2986.2000,2986.0000,2989.4000,2989.6000,2989.8000,2990.0000,2990.4000,2,5,1,1,7,2,1,1,2,2
SF,IH2003,2019-11-20 09:31:03.000,2990.0000,13123,0,36751200.000,0,-,-,-,-,2988.0000,2986.6000,2986.2000,2986.0000,2985.2000,2989.2000,2989.4000,2989.6000,2989.8000,2990.0000,5,2,1,7,1,5,2,1,1,2
SF,IH2003,2019-11-20 09:31:03.500,2990.0000,13123,0,36751200.000,0,-,-,-,-,2988.0000,2986.6000,2986.2000,2986.0000,2985.2000,2989.2000,2989.4000,2989.6000,2989.8000,2990.0000,3,2,1,7,1,5,2,1,1,1
SF,IH2003,2019-11-20 09:31:04.000,2988.0000,13124,1,38544000.000,2,1,1,空开,S,2988.0000,2986.6000,2986.2000,2986.0000,2985.2000,2989.0000,2989.2000,2989.4000,2989.6000,2989.8000,1,2,1,7,1,1,2,1,1,1
SF,IH2003,2019-11-20 09:31:04.500,2988.0000,13123,-1,39440400.000,1,0,1,双平,S,2986.6000,2986.2000,2986.0000,2985.2000,2985.0000,2988.0000,2988.8000,2989.0000,2989.4000,2989.6000,2,1,7,1,2,1,6,6,1,1
SF,IH2003,2019-11-20 09:31:05.000,2988.0000,13123,0,39440400.000,0,-,-,-,-,2987.4000,2987.2000,2986.8000,2986.6000,2986.2000,2988.0000,2988.8000,2989.0000,2989.4000,2989.6000,3,2,8,2,1,1,4,5,1,1
SF,IH2003,2019-11-20 09:31:05.500,2988.0000,13123,0,39440400.000,0,-,-,-,-,2987.2000,2986.8000,2986.6000,2986.2000,2986.0000,2988.0000,2988.8000,2989.0000,2989.4000,2989.6000,1,5,2,1,7,1,4,5,1,1
SF,IH2003,2019-11-20 09:31:06.000,2988.0000,13123,0,39440400.000,0,-,-,-,-,2987.2000,2986.8000,2986.6000,2986.2000,2986.0000,2988.0000,2988.8000,2989.0000,2989.6000,2989.8000,1,5,2,1,7,2,4,5,1,1
SF,IH2003,2019-11-20 09:31:07.000,2988.0000,13123,0,39440400.000,0,-,-,-,-,2987.2000,2986.8000,2986.6000,2986.2000,2986.0000,2988.0000,2989.0000,2989.6000,2989.8000,2990.4000,1,5,2,1,7,2,4,1,1,2
SF,IH2003,2019-11-20 09:31:09.000,2988.0000,13123,0,39440400.000,0,-,-,-,-,2987.2000,2986.8000,2986.6000,2986.2000,2986.0000,2988.0000,2989.0000,2989.6000,2989.8000,2990.4000,1,5,2,1,7,1,4,1,1,2
SF,IH2003,2019-11-20 09:31:09.500,2988.0000,13123,0,39440400.000,0,-,-,-,-,2987.6000,2987.4000,2987.2000,2986.8000,2986.6000,2988.0000,2989.0000,2989.6000,2989.8000,2990.4000,3,3,1,5,2,1,2,1,1,2
SF,IH2003,2019-11-20 09:31:10.000,2988.0000,13123,0,39440400.000,0,-,-,-,-,2987.4000,2987.2000,2986.8000,2986.6000,2986.2000,2988.0000,2989.0000,2989.6000,2989.8000,2990.4000,2,1,5,2,1,1,2,1,1,2
SF,IH2003,2019-11-20 09:31:11.500,2988.0000,13123,0,40336800.000,1,0,1,多换,S,2987.4000,2987.2000,2986.8000,2986.6000,2986.2000,2989.0000,2989.6000,2989.8000,2990.4000,2990.6000,2,1,5,1,1,2,1,1,2,2
SF,IH2003,2019-11-20 09:31:12.000,2988.0000,13123,0,40336800.000,0,-,-,-,-,2987.6000,2987.4000,2987.2000,2986.8000,2986.6000,2988.8000,2989.0000,2989.8000,2990.4000,2990.6000,1,2,1,5,1,1,2,1,2,2
SF,IH2003,2019-11-20 09:31:12.500,2988.0000,13123,0,40336800.000,0,-,-,-,-,2987.6000,2986.8000,2986.6000,2986.2000,2986.0000,2988.6000,2988.8000,2989.0000,2989.8000,2990.6000,2,4,1,1,7,5,2,2,1,2
SF,IH2003,2019-11-20 09:31:13.000,2988.0000,13123,0,40336800.000,0,-,-,-,-,2987.6000,2986.8000,2986.6000,2986.2000,2986.0000,2988.6000,2988.8000,2989.0000,2989.8000,2990.6000,1,4,1,1,7,4,2,2,1,2
SF,IH2003,2019-11-20 09:31:13.500,2988.0000,13123,0,40336800.000,0,-,-,-,-,2987.6000,2986.8000,2986.6000,2986.2000,2986.0000,2988.6000,2989.0000,2989.8000,2990.6000,2991.2000,1,4,1,1,7,2,2,1,2,1
SF,IH2003,2019-11-20 09:31:14.000,2988.0000,13123,0,40336800.000,0,-,-,-,-,2987.6000,2986.8000,2986.6000,2986.2000,2986.0000,2989.8000,2990.6000,2991.2000,2994.0000,2994.2000,1,4,1,1,7,1,2,1,6,4
SF,IH2003,2019-11-20 09:31:14.500,2988.0000,13123,0,40336800.000,0,-,-,-,-,2987.8000,2987.6000,2986.8000,2986.6000,2986.2000,2989.4000,2989.6000,2989.8000,2990.6000,2991.2000,1,1,4,1,1,1,8,1,2,1
SF,IH2003,2019-11-20 09:31:15.000,2988.0000,13123,0,40336800.000,0,-,-,-,-,2988.6000,2987.8000,2987.6000,2986.8000,2986.6000,2989.2000,2989.4000,2989.6000,2989.8000,2990.6000,1,2,1,4,1,2,1,4,1,2
SF,IH2003,2019-11-20 09:31:15.500,2988.6000,13123,0,41233380.000,1,0,1,多换,S,2988.6000,2987.8000,2987.6000,2986.8000,2986.6000,2989.2000,2989.4000,2989.6000,2989.8000,2990.6000,1,1,1,4,1,2,1,4,1,2
SF,IH2003,2019-11-20 09:31:16.000,2988.6000,13123,0,41233380.000,0,-,-,-,-,2988.6000,2987.8000,2987.6000,2986.8000,2986.6000,2989.6000,2989.8000,2990.6000,2991.2000,2994.0000,1,1,1,4,1,4,1,2,1,6
SF,IH2003,2019-11-20 09:31:16.500,2988.6000,13123,0,41233380.000,0,-,-,-,-,2988.6000,2987.8000,2986.8000,2986.6000,2986.2000,2989.4000,2989.6000,2989.8000,2990.6000,2991.2000,1,1,4,1,1,3,4,1,2,1
SF,IH2003,2019-11-20 09:31:17.000,2988.6000,13123,0,41233380.000,0,-,-,-,-,2987.8000,2986.8000,2986.6000,2986.2000,2986.0000,2988.6000,2989.0000,2989.2000,2989.4000,2989.6000,1,4,1,1,7,2,3,2,3,4
SF,IH2003,2019-11-20 09:31:17.500,2988.6000,13123,0,41233380.000,0,-,-,-,-,2988.2000,2988.0000,2987.8000,2986.8000,2986.6000,2988.6000,2989.6000,2989.8000,2990.6000,2991.2000,3,3,1,4,1,1,2,1,2,1
SF,IH2003,2019-11-20 09:31:18.000,2988.2000,13122,-1,42129840.000,1,0,1,双平,S,2987.8000,2986.8000,2986.6000,2986.2000,2986.0000,2988.6000,2989.6000,2989.8000,2990.6000,2991.2000,1,4,1,1,7,1,2,1,2,1
SF,IH2003,2019-11-20 09:31:19.000,2988.6000,13122,0,43026420.000,1,0,1,多换,S,2987.8000,2986.8000,2986.6000,2986.2000,2986.0000,2989.6000,2989.8000,2990.6000,2991.2000,2994.0000,1,4,1,1,7,2,1,2,1,6
SF,IH2003,2019-11-20 09:31:19.500,2988.6000,13122,0,43026420.000,0,-,-,-,-,2988.0000,2987.8000,2986.8000,2986.6000,2986.2000,2989.0000,2989.4000,2989.6000,2989.8000,2990.6000,1,1,4,1,1,2,6,2,1,2
SF,IH2003,2019-11-20 09:31:20.000,2988.6000,13122,0,43026420.000,0,-,-,-,-,2987.8000,2986.8000,2986.6000,2986.2000,2986.0000,2989.4000,2989.6000,2989.8000,2990.6000,2991.2000,1,4,1,1,7,3,3,1,2,1
SF,IH2003,2019-11-20 09:31:20.500,2988.6000,13122,0,43026420.000,0,-,-,-,-,2988.0000,2987.8000,2986.8000,2986.6000,2986.2000,2989.2000,2989.4000,2989.6000,2989.8000,2990.6000,2,1,4,1,1,1,2,3,1,2
SF,IH2003,2019-11-20 09:31:21.000,2988.6000,13122,0,43026420.000,0,-,-,-,-,2988.0000,2986.8000,2986.6000,2986.2000,2986.0000,2989.4000,2989.6000,2989.8000,2990.6000,2991.2000,3,4,1,1,7,2,3,1,2,1
SF,IH2003,2019-11-20 09:31:21.500,2988.6000,13122,0,43026420.000,0,-,-,-,-,2988.0000,2986.8000,2986.6000,2986.2000,2986.0000,2989.2000,2989.4000,2989.6000,2989.8000,2990.6000,3,4,1,1,7,1,2,3,1,2
SF,IH2003,2019-11-20 09:31:22.000,2988.6000,13122,0,43026420.000,0,-,-,-,-,2989.2000,2988.0000,2986.8000,2986.6000,2986.2000,2989.4000,2989.6000,2989.8000,2990.6000,2991.2000,1,3,4,1,1,2,3,1,2,1
SF,IH2003,2019-11-20 09:31:22.500,2989.2000,13121,-1,43923180.000,1,0,1,双平,S,2988.0000,2986.8000,2986.6000,2986.2000,2986.0000,2989.0000,2989.2000,2989.4000,2989.6000,2989.8000,2,4,1,1,7,2,7,3,3,1
SF,IH2003,2019-11-20 09:31:23.000,2989.2000,13121,0,43923180.000,0,-,-,-,-,2988.0000,2986.8000,2986.6000,2986.2000,2986.0000,2989.0000,2989.2000,2989.6000,2989.8000,2990.6000,1,4,1,1,7,2,4,3,1,2
SF,IH2003,2019-11-20 09:31:23.500,2989.0000,13120,-1,44819880.000,1,0,1,双平,S,2988.2000,2988.0000,2986.8000,2986.6000,2986.2000,2989.0000,2989.2000,2989.6000,2989.8000,2990.6000,1,1,4,1,1,1,4,3,1,2
SF,IH2003,2019-11-20 09:31:24.000,2989.0000,13120,0,44819880.000,0,-,-,-,-,2988.2000,2986.8000,2986.6000,2986.2000,2986.0000,2989.0000,2989.2000,2989.6000,2989.8000,2990.6000,2,4,1,1,7,1,4,3,1,2
SF,IH2003,2019-11-20 09:31:25.000,2988.2000,13119,-1,45716340.000,1,0,1,双平,S,2988.2000,2986.8000,2986.6000,2986.2000,2986.0000,2989.0000,2989.2000,2989.4000,2989.6000,2989.8000,1,5,1,1,7,1,4,1,3,1
SF,IH2003,2019-11-20 09:31:25.500,2988.2000,13119,0,45716340.000,0,-,-,-,-,2988.2000,2986.8000,2986.6000,2986.2000,2986.0000,2988.8000,2989.0000,2989.2000,2989.6000,2989.8000,1,4,1,1,7,1,1,4,3,1
SF,IH2003,2019-11-20 09:31:28.500,2988.2000,13118,-1,46612800.000,1,0,1,双平,S,2986.8000,2986.6000,2986.2000,2986.0000,2985.2000,2988.2000,2988.8000,2989.0000,2989.2000,2989.6000,4,1,1,7,1,1,1,1,3,3
SF,IH2003,2019-11-20 09:31:29.000,2988.2000,13117,-1,47509260.000,1,0,1,双平,S,2987.8000,2987.6000,2987.4000,2987.2000,2987.0000,2989.0000,2989.2000,2989.6000,2989.8000,2990.6000,2,2,1,1,9,1,3,3,1,2
SF,IH2003,2019-11-20 09:31:29.500,2988.2000,13117,0,47509260.000,0,-,-,-,-,2987.6000,2987.4000,2987.2000,2987.0000,2986.8000,2988.8000,2989.0000,2989.2000,2989.6000,2989.8000,1,1,1,7,4,1,2,3,3,1
SF,IH2003,2019-11-20 09:31:30.000,2988.2000,13117,0,47509260.000,0,-,-,-,-,2987.6000,2987.4000,2987.2000,2987.0000,2986.8000,2988.8000,2989.0000,2989.2000,2989.6000,2989.8000,1,1,1,7,4,1,1,3,3,1
SF,IH2003,2019-11-20 09:31:30.500,2989.0000,13115,-2,49302600.000,2,0,2,双平,S,2988.2000,2987.8000,2987.6000,2987.4000,2987.2000,2989.2000,2989.6000,2989.8000,2990.2000,2990.6000,2,5,3,1,1,3,3,1,1,2
SF,IH2003,2019-11-20 09:31:31.000,2989.0000,13115,0,49302600.000,0,-,-,-,-,2988.4000,2988.2000,2987.8000,2987.6000,2987.4000,2989.6000,2989.8000,2990.6000,2991.2000,2994.0000,1,1,5,1,1,3,1,2,1,6
SF,IH2003,2019-11-20 09:31:31.500,2989.0000,13115,0,49302600.000,0,-,-,-,-,2988.4000,2987.8000,2987.6000,2987.4000,2987.2000,2989.6000,2989.8000,2990.6000,2991.2000,2994.0000,1,5,1,1,1,1,1,2,1,6
SF,IH2003,2019-11-20 09:31:33.500,2989.0000,13115,0,49302600.000,0,-,-,-,-,2988.4000,2987.8000,2987.6000,2987.4000,2987.2000,2989.6000,2989.8000,2990.6000,2991.2000,2994.0000,1,5,1,1,1,1,1,2,1,6
SF,IH2003,2019-11-20 09:31:34.000,2989.0000,13115,0,49302600.000,0,-,-,-,-,2987.8000,2987.6000,2987.4000,2987.2000,2987.0000,2989.4000,2989.6000,2989.8000,2990.6000,2991.2000,5,1,1,1,7,1,1,1,2,1
SF,IH2003,2019-11-20 09:31:34.500,2989.0000,13115,0,49302600.000,0,-,-,-,-,2988.0000,2987.8000,2987.6000,2987.2000,2987.0000,2989.2000,2989.4000,2989.6000,2989.8000,2990.6000,3,5,1,1,7,1,1,1,1,2
SF,IH2003,2019-11-20 09:31:35.000,2989.0000,13115,0,49302600.000,0,-,-,-,-,2988.0000,2987.8000,2987.6000,2987.2000,2987.0000,2989.2000,2989.6000,2989.8000,2990.6000,2991.2000,1,5,1,1,7,1,1,1,2,1
SF,IH2003,2019-11-20 09:31:35.500,2989.0000,13115,0,49302600.000,0,-,-,-,-,2988.2000,2987.8000,2987.6000,2987.2000,2987.0000,2989.2000,2989.6000,2989.8000,2990.6000,2991.2000,3,5,1,1,7,1,1,1,2,1
SF,IH2003,2019-11-20 09:31:36.000,2989.0000,13115,0,49302600.000,0,-,-,-,-,2988.2000,2987.8000,2987.6000,2987.2000,2987.0000,2989.6000,2989.8000,2990.6000,2991.2000,2994.0000,2,5,1,1,7,1,1,2,1,6
SF,IH2003,2019-11-20 09:31:36.500,2989.0000,13115,0,49302600.000,0,-,-,-,-,2988.4000,2988.2000,2987.8000,2987.6000,2987.2000,2989.6000,2989.8000,2990.6000,2991.2000,2994.0000,1,2,5,1,1,1,1,2,1,6
SF,IH2003,2019-11-20 09:31:37.000,2989.0000,13115,0,49302600.000,0,-,-,-,-,2988.2000,2987.8000,2987.6000,2987.2000,2987.0000,2989.6000,2989.8000,2990.6000,2991.2000,2994.0000,2,5,1,1,7,1,1,2,1,6
SF,IH2003,2019-11-20 09:31:37.500,2989.0000,13115,0,49302600.000,0,-,-,-,-,2987.8000,2987.6000,2987.2000,2987.0000,2986.8000,2989.0000,2989.2000,2989.4000,2989.6000,2989.8000,2,1,1,8,2,1,2,5,2,1
SF,IH2003,2019-11-20 09:31:38.000,2989.0000,13115,0,49302600.000,0,-,-,-,-,2987.6000,2987.2000,2987.0000,2986.8000,2986.6000,2989.0000,2989.4000,2989.6000,2989.8000,2990.6000,1,1,8,2,1,2,6,2,1,2
SF,IH2003,2019-11-20 09:31:38.500,2989.0000,13115,0,49302600.000,0,-,-,-,-,2987.8000,2987.6000,2987.2000,2987.0000,2986.8000,2989.4000,2989.6000,2989.8000,2990.6000,2991.2000,2,1,1,8,2,6,1,1,2,1
SF,IH2003,2019-11-20 09:31:39.000,2989.0000,13115,0,49302600.000,0,-,-,-,-,2987.8000,2987.6000,2987.2000,2987.0000,2986.8000,2989.2000,2989.4000,2989.6000,2989.8000,2990.6000,6,1,1,8,2,3,1,1,1,2
SF,IH2003,2019-11-20 09:31:39.500,2989.0000,13115,0,49302600.000,0,-,-,-,-,2987.8000,2987.6000,2987.2000,2987.0000,2986.8000,2989.2000,2989.4000,2989.6000,2989.8000,2990.6000,6,1,1,8,2,1,1,1,1,2
SF,IH2003,2019-11-20 09:31:40.000,2989.0000,13115,0,49302600.000,0,-,-,-,-,2987.8000,2987.6000,2987.2000,2987.0000,2986.8000,2989.2000,2989.4000,2989.6000,2989.8000,2990.6000,6,1,1,8,2,1,1,1,1,2
SF,IH2003,2019-11-20 09:31:40.500,2989.0000,13115,0,49302600.000,0,-,-,-,-,2989.0000,2988.4000,2988.0000,2987.8000,2987.6000,2989.2000,2989.4000,2989.6000,2989.8000,2990.6000,1,2,1,6,1,1,1,1,1,2
SF,IH2003,2019-11-20 09:31:41.000,2989.0000,13115,0,49302600.000,0,-,-,-,-,2989.0000,2988.0000,2987.8000,2987.6000,2987.2000,2989.4000,2989.6000,2989.8000,2990.6000,2991.2000,1,1,4,1,1,1,1,1,2,1
SF,IH2003,2019-11-20 09:31:41.500,2989.4000,13115,0,50199420.000,1,0,1,多换,S,2989.0000,2988.0000,2987.8000,2987.6000,2987.2000,2989.6000,2989.8000,2990.6000,2991.2000,2994.0000,1,1,4,1,1,1,1,2,1,6
SF,IH2003,2019-11-20 09:31:46.500,2989.6000,13115,0,51096300.000,1,0,1,多换,S,2989.0000,2988.0000,2987.8000,2987.6000,2987.2000,2989.8000,2990.6000,2991.2000,2994.0000,2994.2000,1,1,4,1,1,1,2,1,6,2
SF,IH2003,2019-11-20 09:31:47.000,2989.6000,13115,0,51096300.000,0,-,-,-,-,2989.0000,2988.0000,2987.8000,2987.6000,2987.2000,2989.8000,2990.6000,2991.2000,2994.0000,2994.2000,1,1,4,1,1,2,2,1,6,2
SF,IH2003,2019-11-20 09:31:48.500,2989.0000,13115,0,51993000.000,1,0,1,多换,S,2988.0000,2987.8000,2987.6000,2987.2000,2987.0000,2989.6000,2989.8000,2990.6000,2991.2000,2994.0000,1,4,1,1,8,4,2,2,1,6
SF,IH2003,2019-11-20 09:31:49.000,2989.0000,13115,0,51993000.000,0,-,-,-,-,2988.2000,2988.0000,2987.8000,2987.6000,2987.2000,2989.8000,2990.6000,2991.2000,2994.0000,2994.2000,7,1,4,1,1,1,2,1,6,2
SF,IH2003,2019-11-20 09:31:49.500,2989.0000,13115,0,51993000.000,0,-,-,-,-,2988.6000,2988.2000,2987.8000,2987.6000,2987.2000,2989.8000,2990.6000,2991.2000,2994.0000,2994.2000,1,7,4,1,1,1,2,1,6,2
SF,IH2003,2019-11-20 09:31:50.000,2989.0000,13115,0,51993000.000,0,-,-,-,-,2988.6000,2988.4000,2988.2000,2988.0000,2987.8000,2989.8000,2990.6000,2991.2000,2994.0000,2994.2000,1,1,16,1,4,1,2,1,6,2
SF,IH2003,2019-11-20 09:31:50.500,2989.0000,13115,0,51993000.000,0,-,-,-,-,2988.6000,2988.4000,2988.2000,2987.8000,2987.6000,2990.6000,2991.2000,2994.0000,2994.2000,2994.4000,1,1,16,4,1,2,1,6,2,5
SF,IH2003,2019-11-20 09:31:51.000,2989.0000,13115,0,51993000.000,0,-,-,-,-,2988.8000,2988.4000,2988.2000,2987.8000,2987.6000,2990.2000,2990.4000,2990.6000,2991.2000,2994.0000,1,1,15,4,1,2,6,2,1,6
SF,IH2003,2019-11-20 09:31:51.500,2989.0000,13115,0,51993000.000,0,-,-,-,-,2988.8000,2988.4000,2988.2000,2987.8000,2987.6000,2990.4000,2990.6000,2991.2000,2994.0000,2994.2000,1,1,15,4,1,2,2,1,6,2
SF,IH2003,2019-11-20 09:31:52.000,2989.0000,13115,0,51993000.000,0,-,-,-,-,2988.8000,2988.4000,2988.2000,2987.8000,2987.6000,2990.0000,2990.2000,2990.4000,2990.6000,2991.2000,1,1,15,4,1,2,2,2,2,1
SF,IH2003,2019-11-20 09:31:52.500,2989.0000,13115,0,51993000.000,0,-,-,-,-,2988.8000,2988.4000,2988.2000,2987.8000,2987.6000,2990.4000,2990.6000,2991.2000,2994.0000,2994.2000,1,1,15,4,1,2,2,1,6,2
SF,IH2003,2019-11-20 09:31:53.000,2989.0000,13115,0,51993000.000,0,-,-,-,-,2988.8000,2988.4000,2988.2000,2987.8000,2987.6000,2990.2000,2990.4000,2990.6000,2991.2000,2994.0000,1,1,15,4,1,6,3,2,1,6
SF,IH2003,2019-11-20 09:31:54.500,2989.0000,13115,0,51993000.000,0,-,-,-,-,2988.8000,2988.2000,2987.8000,2987.6000,2987.2000,2990.0000,2990.2000,2990.4000,2990.6000,2991.2000,1,13,4,1,1,5,2,4,2,1
SF,IH2003,2019-11-20 09:31:55.000,2989.0000,13115,0,51993000.000,0,-,-,-,-,2988.2000,2987.8000,2987.6000,2987.2000,2987.0000,2990.0000,2990.4000,2990.6000,2991.2000,2994.0000,13,4,1,1,8,1,2,2,1,6
SF,IH2003,2019-11-20 09:31:55.500,2989.0000,13115,0,51993000.000,0,-,-,-,-,2988.4000,2988.2000,2987.8000,2987.6000,2987.2000,2989.8000,2990.0000,2990.4000,2990.6000,2991.2000,2,13,4,1,1,2,2,2,2,1
SF,IH2003,2019-11-20 09:31:56.000,2989.0000,13115,0,51993000.000,0,-,-,-,-,2988.4000,2988.2000,2987.8000,2987.6000,2987.2000,2989.8000,2990.0000,2990.4000,2990.6000,2991.2000,3,13,4,1,1,2,2,2,2,1
SF,IH2003,2019-11-20 09:31:56.500,2989.0000,13115,0,51993000.000,0,-,-,-,-,2988.6000,2988.4000,2988.2000,2987.8000,2987.6000,2989.8000,2990.0000,2990.4000,2990.6000,2991.2000,1,3,13,4,1,1,2,2,2,1
SF,IH2003,2019-11-20 09:31:57.000,2989.0000,13115,0,51993000.000,0,-,-,-,-,2988.4000,2988.2000,2987.8000,2987.6000,2987.2000,2990.0000,2990.4000,2990.6000,2991.2000,2994.0000,2,13,4,1,1,1,2,2,1,6
SF,IH2003,2019-11-20 09:31:57.500,2989.0000,13115,0,51993000.000,0,-,-,-,-,2988.6000,2988.4000,2988.2000,2987.8000,2987.6000,2989.8000,2990.0000,2990.4000,2990.6000,2991.2000,2,2,13,4,1,1,1,2,2,1
SF,IH2003,2019-11-20 09:31:58.000,2989.0000,13115,0,51993000.000,0,-,-,-,-,2988.6000,2988.4000,2988.2000,2987.8000,2987.6000,2990.0000,2990.4000,2990.6000,2991.2000,2994.0000,1,2,13,4,1,1,2,2,1,6
SF,IH2003,2019-11-20 09:31:58.500,2989.0000,13115,0,51993000.000,0,-,-,-,-,2988.4000,2988.2000,2987.8000,2987.6000,2987.2000,2989.8000,2990.0000,2990.4000,2990.6000,2991.2000,2,13,4,1,1,1,2,2,2,1
SF,IH2003,2019-11-20 09:31:59.000,2989.0000,13115,0,51993000.000,0,-,-,-,-,2988.6000,2988.4000,2988.2000,2987.8000,2987.6000,2989.8000,2990.0000,2990.4000,2990.6000,2991.2000,1,2,13,4,1,1,2,2,2,1
SF,IH2003,2019-11-20 09:31:59.500,2989.0000,13115,0,51993000.000,0,-,-,-,-,2988.4000,2988.2000,2987.8000,2987.6000,2987.2000,2989.8000,2990.0000,2990.4000,2990.6000,2991.2000,2,13,4,1,1,1,2,2,2,1
SF,IH2003,2019-11-20 09:32:00.000,2989.0000,13115,0,51993000.000,0,-,-,-,-,2988.6000,2988.4000,2988.2000,2987.8000,2987.6000,2990.0000,2990.4000,2990.6000,2991.2000,2994.0000,1,2,13,4,1,2,2,2,1,6
SF,IH2003,2019-11-20 09:32:00.500,2989.0000,13115,0,51993000.000,0,-,-,-,-,2988.4000,2988.2000,2987.8000,2987.6000,2987.2000,2989.8000,2990.0000,2990.4000,2990.6000,2991.2000,2,13,4,1,1,1,2,2,2,1
SF,IH2003,2019-11-20 09:32:01.000,2989.0000,13115,0,51993000.000,0,-,-,-,-,2988.4000,2988.2000,2987.8000,2987.6000,2987.2000,2989.6000,2990.0000,2990.4000,2990.6000,2991.2000,2,13,4,1,1,1,2,2,2,1
SF,IH2003,2019-11-20 09:32:01.500,2989.0000,13115,0,51993000.000,0,-,-,-,-,2988.4000,2988.2000,2987.8000,2987.6000,2987.2000,2989.4000,2989.6000,2990.0000,2990.4000,2990.6000,2,13,4,1,1,1,3,2,2,2
SF,IH2003,2019-11-20 09:32:02.000,2989.0000,13115,0,51993000.000,0,-,-,-,-,2988.2000,2987.8000,2987.6000,2987.2000,2987.0000,2989.4000,2990.0000,2990.4000,2990.6000,2991.2000,13,4,1,1,8,1,1,2,2,1
SF,IH2003,2019-11-20 09:32:02.500,2989.0000,13115,0,51993000.000,0,-,-,-,-,2988.4000,2988.2000,2987.8000,2987.6000,2987.2000,2990.0000,2990.4000,2990.6000,2991.2000,2994.0000,3,13,4,1,1,1,2,2,1,6
SF,IH2003,2019-11-20 09:32:03.000,2989.0000,13115,0,51993000.000,0,-,-,-,-,2988.4000,2988.2000,2987.8000,2987.6000,2987.2000,2989.6000,2989.8000,2990.0000,2990.4000,2990.6000,1,13,4,1,1,4,5,1,2,2
SF,IH2003,2019-11-20 09:32:03.500,2989.0000,13115,0,51993000.000,0,-,-,-,-,2988.6000,2988.4000,2988.2000,2987.8000,2987.6000,2989.8000,2990.0000,2990.4000,2990.6000,2991.2000,1,2,13,4,1,1,1,2,2,1
SF,IH2003,2019-11-20 09:32:04.000,2989.0000,13115,0,51993000.000,0,-,-,-,-,2988.8000,2988.6000,2988.4000,2988.2000,2987.8000,2989.8000,2990.0000,2990.4000,2990.6000,2991.2000,1,1,1,13,4,1,1,2,2,1
SF,IH2003,2019-11-20 09:32:04.500,2989.0000,13115,0,51993000.000,0,-,-,-,-,2988.8000,2988.4000,2988.2000,2987.8000,2987.6000,2990.0000,2990.4000,2990.6000,2991.2000,2994.0000,1,1,13,4,1,1,2,2,1,6
SF,IH2003,2019-11-20 09:32:05.000,2989.0000,13115,0,51993000.000,0,-,-,-,-,2988.4000,2988.2000,2987.8000,2987.6000,2987.2000,2989.8000,2990.0000,2990.4000,2990.6000,2991.2000,1,13,4,1,1,2,1,2,2,1
SF,IH2003,2019-11-20 09:32:05.500,2989.0000,13115,0,51993000.000,0,-,-,-,-,2988.6000,2988.4000,2988.2000,2987.8000,2987.6000,2989.8000,2990.0000,2990.4000,2990.6000,2991.2000,1,1,13,4,1,2,1,2,2,1
SF,IH2003,2019-11-20 09:32:06.000,2989.0000,13115,0,51993000.000,0,-,-,-,-,2988.6000,2988.2000,2987.8000,2987.6000,2987.2000,2989.8000,2990.0000,2990.4000,2990.6000,2991.2000,1,13,4,1,1,2,1,2,2,1
SF,IH2003,2019-11-20 09:32:06.500,2989.0000,13115,0,51993000.000,0,-,-,-,-,2988.2000,2987.8000,2987.6000,2987.2000,2987.0000,2989.2000,2989.4000,2989.6000,2989.8000,2990.0000,11,4,1,1,8,1,4,1,2,1
SF,IH2003,2019-11-20 09:32:07.000,2989.0000,13115,0,51993000.000,0,-,-,-,-,2988.4000,2988.2000,2987.8000,2987.6000,2987.2000,2989.6000,2989.8000,2990.0000,2990.4000,2990.6000,1,11,4,1,1,1,1,1,2,2
SF,IH2003,2019-11-20 09:32:07.500,2989.0000,13115,0,51993000.000,0,-,-,-,-,2988.4000,2988.2000,2987.8000,2987.6000,2987.2000,2989.4000,2989.8000,2990.0000,2990.4000,2990.6000,1,11,4,1,1,2,1,1,2,2
SF,IH2003,2019-11-20 09:32:08.000,2989.0000,13115,0,51993000.000,0,-,-,-,-,2988.2000,2987.8000,2987.6000,2987.2000,2987.0000,2989.4000,2989.8000,2990.0000,2990.4000,2990.6000,11,4,1,1,8,4,1,1,2,2
SF,IH2003,2019-11-20 09:32:08.500,2989.0000,13115,0,51993000.000,0,-,-,-,-,2988.2000,2987.8000,2987.6000,2987.2000,2987.0000,2989.2000,2989.4000,2989.8000,2990.0000,2990.4000,11,4,1,1,8,1,3,1,1,2
SF,IH2003,2019-11-20 09:32:09.000,2989.0000,13115,0,51993000.000,0,-,-,-,-,2988.2000,2987.8000,2987.6000,2987.2000,2987.0000,2989.2000,2989.4000,2989.8000,2990.0000,2990.4000,11,4,1,1,8,1,2,1,1,2
SF,IH2003,2019-11-20 09:32:14.000,2989.0000,13115,0,51993000.000,0,-,-,-,-,2988.2000,2987.8000,2987.6000,2987.2000,2987.0000,2989.2000,2989.4000,2989.8000,2990.0000,2990.4000,11,2,1,1,8,1,2,1,1,2
SF,IH2003,2019-11-20 09:32:14.500,2989.0000,13115,0,51993000.000,0,-,-,-,-,2988.2000,2987.6000,2987.2000,2987.0000,2986.6000,2988.8000,2989.0000,2989.2000,2989.4000,2989.8000,11,1,1,5,1,1,1,1,2,1
SF,IH2003,2019-11-20 09:32:15.000,2989.0000,13115,0,51993000.000,0,-,-,-,-,2988.2000,2987.6000,2987.0000,2986.6000,2986.2000,2988.6000,2988.8000,2989.0000,2989.2000,2989.8000,11,1,4,1,1,1,4,3,1,1
SF,IH2003,2019-11-20 09:32:15.500,2988.4000,13114,-1,52889520.000,1,0,1,双平,S,2988.2000,2987.6000,2987.0000,2986.6000,2986.2000,2989.0000,2989.2000,2989.8000,2990.0000,2990.4000,11,1,4,1,1,3,1,1,1,2
SF,IH2003,2019-11-20 09:32:16.000,2988.4000,13114,0,52889520.000,0,-,-,-,-,2988.2000,2987.6000,2987.0000,2986.6000,2986.2000,2988.8000,2989.0000,2989.2000,2989.8000,2990.0000,11,1,4,1,1,1,3,1,1,1
SF,IH2003,2019-11-20 09:32:19.000,2988.4000,13114,0,52889520.000,0,-,-,-,-,2988.2000,2987.0000,2986.6000,2986.2000,2986.0000,2988.6000,2988.8000,2989.0000,2989.2000,2989.8000,11,4,1,1,6,4,1,3,1,1
SF,IH2003,2019-11-20 09:32:19.500,2988.4000,13114,0,52889520.000,0,-,-,-,-,2988.2000,2987.0000,2986.6000,2986.2000,2986.0000,2988.8000,2989.0000,2989.2000,2989.8000,2990.0000,11,4,1,1,6,1,3,1,1,1
SF,IH2003,2019-11-20 09:32:21.000,2988.4000,13114,0,52889520.000,0,-,-,-,-,2988.2000,2987.0000,2986.6000,2986.2000,2986.0000,2988.8000,2989.0000,2989.2000,2989.8000,2990.0000,11,4,1,1,6,1,1,1,1,1
SF,IH2003,2019-11-20 09:32:21.500,2988.4000,13114,0,52889520.000,0,-,-,-,-,2988.4000,2988.2000,2987.0000,2986.6000,2986.2000,2988.8000,2989.0000,2989.2000,2989.8000,2990.0000,1,11,4,1,1,1,1,1,1,1
SF,IH2003,2019-11-20 09:32:22.000,2988.4000,13114,0,52889520.000,0,-,-,-,-,2988.2000,2987.0000,2986.6000,2986.2000,2986.0000,2988.6000,2988.8000,2989.0000,2989.2000,2989.8000,11,4,1,1,6,1,1,1,1,1
SF,IH2003,2019-11-20 09:32:22.500,2988.4000,13114,0,52889520.000,0,-,-,-,-,2988.6000,2988.4000,2988.2000,2987.0000,2986.6000,2988.8000,2989.0000,2989.2000,2989.8000,2990.0000,1,1,11,4,1,1,1,1,1,1
SF,IH2003,2019-11-20 09:32:23.000,2988.4000,13114,0,52889520.000,0,-,-,-,-,2988.2000,2987.0000,2986.6000,2986.2000,2986.0000,2988.8000,2989.0000,2989.2000,2989.8000,2990.0000,11,4,1,1,6,1,1,1,1,1
SF,IH2003,2019-11-20 09:32:23.500,2988.8000,13113,-1,53786160.000,1,0,1,双平,S,2988.4000,2988.2000,2987.0000,2986.6000,2986.2000,2989.0000,2989.2000,2989.8000,2990.0000,2990.4000,1,11,4,1,1,1,1,1,1,2
SF,IH2003,2019-11-20 09:32:24.000,2988.8000,13113,0,53786160.000,0,-,-,-,-,2988.4000,2988.2000,2987.0000,2986.6000,2986.2000,2989.0000,2989.8000,2990.0000,2990.4000,2990.6000,1,11,4,1,1,1,1,1,2,2
SF,IH2003,2019-11-20 09:32:27.000,2988.8000,13113,0,53786160.000,0,-,-,-,-,2988.4000,2988.2000,2987.0000,2986.6000,2986.2000,2989.8000,2990.0000,2990.4000,2990.6000,2991.2000,1,11,4,1,1,1,1,2,2,1
SF,IH2003,2019-11-20 09:32:27.500,2988.8000,13113,0,53786160.000,0,-,-,-,-,2988.4000,2988.2000,2987.0000,2986.6000,2986.2000,2989.2000,2989.4000,2989.6000,2989.8000,2990.0000,1,11,4,1,1,1,2,5,1,1
SF,IH2003,2019-11-20 09:32:28.000,2988.8000,13113,0,53786160.000,0,-,-,-,-,2988.4000,2988.2000,2987.0000,2986.6000,2986.2000,2989.4000,2989.6000,2989.8000,2990.0000,2990.4000,2,11,4,1,1,2,4,1,1,2
SF,IH2003,2019-11-20 09:32:28.500,2988.8000,13113,0,53786160.000,0,-,-,-,-,2988.4000,2988.2000,2987.0000,2986.6000,2986.2000,2989.4000,2989.6000,2989.8000,2990.0000,2990.4000,2,11,4,1,1,2,2,1,1,2
SF,IH2003,2019-11-20 09:32:29.000,2988.8000,13113,0,53786160.000,0,-,-,-,-,2988.4000,2988.2000,2987.0000,2986.6000,2986.2000,2989.8000,2990.0000,2990.4000,2990.6000,2991.2000,2,11,4,1,1,1,1,2,2,1
SF,IH2003,2019-11-20 09:32:29.500,2988.8000,13113,0,53786160.000,0,-,-,-,-,2988.4000,2988.2000,2987.0000,2986.6000,2986.2000,2989.2000,2989.6000,2989.8000,2990.0000,2990.4000,1,11,4,1,1,1,4,1,1,2
SF,IH2003,2019-11-20 09:32:30.000,2988.8000,13113,0,53786160.000,0,-,-,-,-,2988.4000,2988.2000,2987.0000,2986.6000,2986.2000,2989.6000,2989.8000,2990.0000,2990.4000,2990.6000,1,11,4,1,1,4,1,1,2,2
SF,IH2003,2019-11-20 09:32:30.500,2988.8000,13113,0,53786160.000,0,-,-,-,-,2988.6000,2988.4000,2988.2000,2987.0000,2986.6000,2989.4000,2989.6000,2989.8000,2990.0000,2990.4000,1,1,11,4,1,1,4,1,1,2
SF,IH2003,2019-11-20 09:32:31.000,2988.8000,13113,0,53786160.000,0,-,-,-,-,2988.6000,2988.2000,2987.0000,2986.6000,2986.2000,2989.4000,2989.6000,2989.8000,2990.0000,2990.4000,1,11,4,1,1,1,4,1,1,2
SF,IH2003,2019-11-20 09:32:31.500,2988.8000,13113,0,53786160.000,0,-,-,-,-,2988.8000,2988.6000,2988.2000,2987.0000,2986.6000,2989.4000,2989.8000,2990.0000,2990.4000,2990.6000,1,2,11,4,1,1,1,1,2,2
SF,IH2003,2019-11-20 09:32:32.000,2988.8000,13113,0,53786160.000,0,-,-,-,-,2988.8000,2988.6000,2988.2000,2987.0000,2986.6000,2989.8000,2990.0000,2990.4000,2990.6000,2991.2000,1,2,11,4,1,1,1,2,2,1
SF,IH2003,2019-11-20 09:32:32.500,2988.8000,13113,0,53786160.000,0,-,-,-,-,2988.8000,2988.6000,2988.2000,2987.0000,2986.6000,2989.6000,2989.8000,2990.0000,2990.4000,2990.6000,1,2,11,4,1,2,1,1,2,2
SF,IH2003,2019-11-20 09:32:33.000,2988.8000,13113,0,53786160.000,0,-,-,-,-,2988.6000,2988.2000,2987.0000,2986.6000,2986.2000,2989.2000,2989.6000,2989.8000,2990.0000,2990.4000,2,11,4,1,1,1,2,1,1,2
SF,IH2003,2019-11-20 09:32:33.500,2988.8000,13113,0,53786160.000,0,-,-,-,-,2988.8000,2988.6000,2988.2000,2987.0000,2986.6000,2989.8000,2990.0000,2990.4000,2990.6000,2991.2000,1,2,11,4,1,1,1,2,2,1
SF,IH2003,2019-11-20 09:32:34.000,2988.8000,13113,0,53786160.000,0,-,-,-,-,2988.8000,2988.6000,2988.2000,2987.0000,2986.6000,2989.6000,2989.8000,2990.0000,2990.4000,2990.6000,1,2,11,4,1,2,1,1,2,2
SF,IH2003,2019-11-20 09:32:34.500,2988.8000,13113,0,53786160.000,0,-,-,-,-,2988.8000,2988.6000,2988.2000,2987.0000,2986.6000,2989.8000,2990.0000,2990.4000,2990.6000,2991.2000,2,1,11,4,1,1,1,2,2,1
SF,IH2003,2019-11-20 09:32:35.000,2988.8000,13113,0,53786160.000,0,-,-,-,-,2988.8000,2988.6000,2988.2000,2987.0000,2986.6000,2989.8000,2990.0000,2990.4000,2990.6000,2991.2000,2,1,11,4,1,1,1,2,2,1
SF,IH2003,2019-11-20 09:32:35.500,2988.8000,13113,0,53786160.000,0,-,-,-,-,2988.8000,2988.6000,2988.2000,2987.0000,2986.6000,2989.8000,2990.4000,2990.6000,2991.2000,2994.0000,2,1,11,4,1,1,2,2,1,6
SF,IH2003,2019-11-20 09:32:42.500,2989.8000,13112,-1,54683100.000,1,0,1,双平,S,2988.8000,2988.6000,2988.2000,2987.0000,2986.6000,2990.4000,2990.6000,2991.2000,2994.0000,2994.2000,2,1,11,4,1,2,2,1,6,2
SF,IH2003,2019-11-20 09:32:43.000,2989.8000,13112,0,54683100.000,0,-,-,-,-,2989.0000,2988.8000,2988.6000,2988.2000,2987.0000,2990.2000,2990.4000,2990.6000,2991.2000,2994.0000,2,2,1,11,4,2,2,2,1,6
SF,IH2003,2019-11-20 09:32:43.500,2989.8000,13112,0,54683100.000,0,-,-,-,-,2989.2000,2989.0000,2988.6000,2988.2000,2987.0000,2990.4000,2990.6000,2991.2000,2994.0000,2994.2000,4,2,1,11,4,2,2,1,6,2
SF,IH2003,2019-11-20 09:32:44.000,2989.8000,13112,0,54683100.000,0,-,-,-,-,2989.4000,2989.2000,2989.0000,2988.6000,2988.2000,2990.2000,2990.6000,2991.2000,2994.0000,2994.2000,1,1,2,1,11,1,2,1,6,2
SF,IH2003,2019-11-20 09:32:44.500,2989.8000,13112,0,54683100.000,0,-,-,-,-,2989.4000,2989.0000,2988.6000,2988.2000,2987.0000,2990.2000,2990.6000,2991.2000,2994.0000,2994.2000,2,1,1,11,4,1,2,1,6,2
SF,IH2003,2019-11-20 09:32:45.000,2989.8000,13112,0,54683100.000,0,-,-,-,-,2989.4000,2989.0000,2988.6000,2988.2000,2987.0000,2990.2000,2991.2000,2994.0000,2994.2000,2994.4000,2,1,1,11,4,1,1,6,2,5
SF,IH2003,2019-11-20 09:32:45.500,2989.8000,13112,0,54683100.000,0,-,-,-,-,2989.4000,2989.0000,2988.6000,2988.2000,2987.0000,2990.2000,2991.2000,2994.0000,2994.2000,2994.4000,1,1,1,11,4,1,1,6,2,5
SF,IH2003,2019-11-20 09:32:46.000,2989.8000,13112,0,54683100.000,0,-,-,-,-,2989.0000,2988.6000,2988.2000,2987.0000,2986.6000,2990.2000,2991.2000,2994.0000,2994.2000,2994.4000,1,1,11,4,1,2,1,6,2,5
SF,IH2003,2019-11-20 09:32:46.500,2989.8000,13112,0,54683100.000,0,-,-,-,-,2989.2000,2988.6000,2988.2000,2987.0000,2986.6000,2990.2000,2991.2000,2994.0000,2994.2000,2994.4000,1,1,11,4,1,2,1,6,2,5
SF,IH2003,2019-11-20 09:32:48.500,2989.8000,13112,0,54683100.000,0,-,-,-,-,2989.2000,2988.6000,2988.2000,2988.0000,2987.0000,2990.2000,2991.2000,2994.0000,2994.2000,2994.4000,1,1,11,1,4,2,1,6,2,5
SF,IH2003,2019-11-20 09:32:50.000,2989.8000,13112,0,54683100.000,0,-,-,-,-,2989.2000,2988.6000,2988.2000,2988.0000,2987.0000,2990.2000,2991.2000,2994.0000,2994.2000,2994.4000,1,1,11,1,4,2,1,6,2,5
SF,IH2003,2019-11-20 09:32:54.000,2989.8000,13112,0,54683100.000,0,-,-,-,-,2989.2000,2988.6000,2988.2000,2988.0000,2987.0000,2990.2000,2991.2000,2994.0000,2994.2000,2994.4000,2,1,11,1,4,2,1,6,2,5
SF,IH2003,2019-11-20 09:32:54.500,2989.8000,13112,0,54683100.000,0,-,-,-,-,2989.8000,2989.6000,2989.4000,2989.2000,2988.6000,2991.2000,2994.0000,2994.2000,2994.4000,2995.6000,2,1,8,2,1,1,6,2,5,1
SF,IH2003,2019-11-20 09:32:55.000,2989.8000,13112,0,54683100.000,0,-,-,-,-,2989.4000,2989.2000,2988.6000,2988.2000,2988.0000,2991.0000,2991.2000,2994.0000,2994.2000,2994.4000,9,1,1,11,1,3,2,6,2,5
SF,IH2003,2019-11-20 09:32:55.500,2989.8000,13112,0,54683100.000,0,-,-,-,-,2989.6000,2989.4000,2989.2000,2988.6000,2988.2000,2991.0000,2994.0000,2994.2000,2994.4000,2995.6000,6,9,1,1,11,3,6,2,5,1
SF,IH2003,2019-11-20 09:32:56.000,2989.8000,13112,0,54683100.000,0,-,-,-,-,2990.2000,2990.0000,2989.8000,2989.6000,2989.4000,2990.8000,2994.0000,2994.2000,2994.4000,2995.6000,3,1,6,7,7,1,6,2,5,1
SF,IH2003,2019-11-20 09:32:56.500,2989.8000,13112,0,54683100.000,0,-,-,-,-,2990.2000,2990.0000,2989.8000,2989.6000,2989.4000,2990.8000,2994.0000,2994.2000,2994.4000,2995.6000,1,1,6,3,7,1,6,1,5,1
SF,IH2003,2019-11-20 09:32:57.000,2989.8000,13112,0,54683100.000,0,-,-,-,-,2990.2000,2990.0000,2989.8000,2989.6000,2989.4000,2990.8000,2994.0000,2994.2000,2994.4000,2995.6000,1,1,6,2,4,1,6,1,5,1
SF,IH2003,2019-11-20 09:32:57.500,2990.8000,13112,0,55580340.000,1,0,1,多换,S,2990.8000,2990.4000,2990.2000,2990.0000,2989.8000,2991.4000,2994.0000,2994.2000,2994.4000,2995.6000,1,3,1,2,5,1,6,1,5,1
SF,IH2003,2019-11-20 09:32:58.000,2990.8000,13112,0,55580340.000,0,-,-,-,-,2990.8000,2990.2000,2990.0000,2989.8000,2989.6000,2991.0000,2991.2000,2991.4000,2994.0000,2994.2000,1,1,2,5,1,1,1,1,6,1
SF,IH2003,2019-11-20 09:32:58.500,2991.0000,13111,-1,56477640.000,1,0,1,双平,S,2990.8000,2990.2000,2990.0000,2989.8000,2989.6000,2994.0000,2994.2000,2994.4000,2995.6000,2996.0000,1,1,1,5,1,6,1,5,1,1
SF,IH2003,2019-11-20 09:32:59.000,2991.0000,13111,0,56477640.000,0,-,-,-,-,2991.0000,2990.2000,2990.0000,2989.8000,2989.6000,2991.6000,2992.0000,2992.2000,2992.4000,2992.6000,1,1,1,5,1,3,1,2,2,1
SF,IH2003,2019-11-20 09:32:59.500,2991.0000,13111,0,57374940.000,1,0,1,多换,S,2990.2000,2990.0000,2989.8000,2989.6000,2989.4000,2991.0000,2991.6000,2992.2000,2992.4000,2992.6000,1,1,5,1,4,3,3,1,1,1
SF,IH2003,2019-11-20 09:33:00.000,2991.0000,13111,0,57374940.000,0,-,-,-,-,2990.2000,2990.0000,2989.8000,2989.6000,2989.4000,2990.8000,2991.0000,2992.2000,2992.4000,2992.6000,1,1,5,1,4,3,4,1,1,1
SF,IH2003,2019-11-20 09:33:00.500,2991.0000,13111,0,57374940.000,0,-,-,-,-,2990.2000,2990.0000,2989.8000,2989.6000,2989.4000,2990.8000,2991.0000,2992.2000,2992.4000,2992.6000,1,1,2,1,4,3,4,1,1,1
SF,IH2003,2019-11-20 09:33:01.000,2990.2000,13111,0,58272000.000,1,0,1,多换,S,2989.4000,2988.6000,2988.2000,2988.0000,2987.0000,2990.8000,2991.0000,2992.2000,2992.4000,2992.6000,4,1,11,1,1,3,4,1,1,1
SF,IH2003,2019-11-20 09:33:01.500,2990.2000,13111,0,58272000.000,0,-,-,-,-,2989.6000,2989.4000,2988.6000,2988.2000,2988.0000,2990.8000,2991.0000,2992.2000,2992.4000,2992.6000,2,2,1,11,1,3,4,1,1,1
SF,IH2003,2019-11-20 09:33:02.000,2990.2000,13111,0,58272000.000,0,-,-,-,-,2989.6000,2989.4000,2988.6000,2988.2000,2988.0000,2990.6000,2990.8000,2991.0000,2992.2000,2992.4000,2,2,1,11,1,1,2,4,1,1
SF,IH2003,2019-11-20 09:33:02.500,2990.2000,13111,0,58272000.000,0,-,-,-,-,2989.6000,2989.4000,2988.6000,2988.2000,2988.0000,2990.6000,2991.0000,2992.2000,2992.4000,2992.6000,2,2,1,11,1,1,4,1,1,1
SF,IH2003,2019-11-20 09:33:06.000,2989.6000,13109,-2,60065760.000,2,0,2,双平,S,2988.8000,2988.6000,2988.2000,2988.0000,2987.0000,2989.8000,2990.4000,2990.6000,2991.0000,2992.2000,1,1,11,1,1,1,1,1,3,1
SF,IH2003,2019-11-20 09:33:06.500,2989.6000,13109,0,60065760.000,0,-,-,-,-,2988.6000,2988.2000,2988.0000,2987.0000,2986.6000,2989.4000,2989.8000,2990.2000,2990.4000,2991.0000,1,11,1,1,1,1,2,4,1,3
SF,IH2003,2019-11-20 09:33:07.000,2988.6000,13109,0,60962340.000,1,0,1,多换,S,2988.2000,2988.0000,2987.0000,2986.6000,2986.2000,2989.2000,2989.4000,2989.8000,2990.4000,2991.0000,11,1,1,1,1,2,1,1,1,2
SF,IH2003,2019-11-20 09:33:07.500,2988.6000,13109,0,60962340.000,0,-,-,-,-,2988.4000,2988.2000,2988.0000,2987.0000,2986.6000,2989.2000,2989.4000,2991.0000,2992.2000,2992.4000,2,11,1,1,1,1,1,2,1,1
SF,IH2003,2019-11-20 09:33:11.500,2988.6000,13109,0,60962340.000,0,-,-,-,-,2988.4000,2988.2000,2988.0000,2987.0000,2986.6000,2989.2000,2989.4000,2991.0000,2992.2000,2992.4000,2,11,1,1,1,1,1,2,1,1
SF,IH2003,2019-11-20 09:33:12.000,2988.6000,13109,0,60962340.000,0,-,-,-,-,2988.2000,2988.0000,2987.0000,2986.6000,2986.2000,2989.0000,2989.2000,2989.4000,2991.0000,2992.2000,11,1,1,1,1,1,1,1,2,1
SF,IH2003,2019-11-20 09:33:12.500,2988.6000,13109,0,60962340.000,0,-,-,-,-,2988.4000,2988.2000,2988.0000,2987.0000,2986.6000,2989.0000,2989.2000,2989.4000,2991.0000,2992.2000,1,11,1,1,1,1,1,1,2,1
SF,IH2003,2019-11-20 09:33:13.000,2988.6000,13109,0,60962340.000,0,-,-,-,-,2988.2000,2988.0000,2987.0000,2986.6000,2986.2000,2989.0000,2989.2000,2989.4000,2991.0000,2992.2000,11,1,1,1,1,1,1,1,2,1
SF,IH2003,2019-11-20 09:33:13.500,2988.6000,13109,0,60962340.000,0,-,-,-,-,2988.2000,2988.0000,2987.0000,2986.6000,2986.2000,2989.0000,2991.0000,2992.2000,2992.4000,2992.6000,11,1,1,1,1,2,2,1,1,1
SF,IH2003,2019-11-20 09:33:16.000,2988.6000,13109,0,60962340.000,0,-,-,-,-,2988.2000,2988.0000,2987.0000,2986.6000,2986.2000,2988.6000,2989.0000,2991.0000,2992.2000,2992.4000,11,1,1,1,1,1,2,2,1,1
SF,IH2003,2019-11-20 09:33:16.500,2988.6000,13108,-1,61858920.000,1,0,1,双平,S,2988.8000,2988.6000,2988.2000,2988.0000,2987.0000,2989.0000,2991.0000,2992.2000,2992.4000,2992.6000,1,2,11,1,1,1,1,1,1,1
SF,IH2003,2019-11-20 09:33:17.000,2988.6000,13105,-3,65445540.000,4,0,4,多平,S,2988.4000,2988.2000,2988.0000,2987.0000,2986.6000,2989.4000,2991.0000,2992.2000,2992.4000,2992.6000,1,11,1,1,1,1,1,1,1,1
SF,IH2003,2019-11-20 09:33:17.500,2988.6000,13105,0,65445540.000,0,-,-,-,-,2988.4000,2988.2000,2988.0000,2987.0000,2986.6000,2989.0000,2989.2000,2989.4000,2991.0000,2992.2000,1,11,1,1,1,1,1,1,1,1
SF,IH2003,2019-11-20 09:33:18.000,2988.6000,13105,0,65445540.000,0,-,-,-,-,2988.4000,2988.2000,2988.0000,2987.0000,2986.6000,2991.0000,2992.2000,2992.4000,2992.6000,2993.6000,2,11,1,1,1,1,1,1,1,3
SF,IH2003,2019-11-20 09:33:18.500,2988.6000,13105,0,65445540.000,0,-,-,-,-,2988.4000,2988.2000,2988.0000,2987.0000,2986.6000,2989.4000,2989.6000,2989.8000,2990.4000,2990.6000,1,11,1,1,1,3,4,1,1,7
SF,IH2003,2019-11-20 09:33:19.000,2988.6000,13105,0,65445540.000,0,-,-,-,-,2988.4000,2988.2000,2988.0000,2987.0000,2986.6000,2989.0000,2989.2000,2989.4000,2990.4000,2990.6000,2,11,1,1,1,1,2,2,1,6
SF,IH2003,2019-11-20 09:33:19.500,2988.4000,13103,-2,67238580.000,2,0,2,双平,S,2988.2000,2988.0000,2987.8000,2987.0000,2986.6000,2988.8000,2989.2000,2990.4000,2990.6000,2990.8000,11,1,1,1,1,1,6,1,6,8
SF,IH2003,2019-11-20 09:33:20.000,2988.4000,13103,0,67238580.000,0,-,-,-,-,2988.4000,2988.2000,2988.0000,2987.0000,2986.6000,2989.2000,2990.2000,2990.4000,2990.6000,2990.8000,1,11,1,1,1,5,1,1,6,8
SF,IH2003,2019-11-20 09:33:20.500,2988.4000,13103,0,67238580.000,0,-,-,-,-,2988.4000,2988.2000,2988.0000,2987.0000,2986.6000,2989.0000,2989.2000,2990.2000,2990.4000,2990.6000,1,11,1,1,1,1,1,1,1,6
SF,IH2003,2019-11-20 09:33:21.000,2988.4000,13103,0,67238580.000,0,-,-,-,-,2988.2000,2988.0000,2987.0000,2986.6000,2986.2000,2988.8000,2989.0000,2989.2000,2990.2000,2990.4000,11,1,1,1,1,1,1,1,1,1
SF,IH2003,2019-11-20 09:33:21.500,2988.4000,13103,0,67238580.000,0,-,-,-,-,2988.4000,2988.2000,2988.0000,2987.0000,2986.6000,2989.2000,2990.2000,2990.4000,2990.6000,2990.8000,1,11,1,1,1,1,1,1,6,8
SF,IH2003,2019-11-20 09:33:22.000,2988.4000,13103,0,67238580.000,0,-,-,-,-,2988.8000,2988.4000,2988.2000,2988.0000,2987.0000,2989.2000,2990.2000,2990.4000,2990.6000,2990.8000,1,1,11,1,1,1,1,1,6,8
SF,IH2003,2019-11-20 09:33:22.500,2988.8000,13104,1,68135220.000,1,1,0,双开,S,2988.2000,2988.0000,2987.0000,2986.6000,2986.2000,2988.8000,2989.0000,2989.2000,2990.2000,2990.4000,11,1,1,1,1,3,1,1,1,1
SF,IH2003,2019-11-20 09:33:23.000,2988.8000,13104,0,68135220.000,0,-,-,-,-,2988.4000,2988.2000,2988.0000,2987.0000,2986.6000,2988.8000,2989.2000,2990.2000,2990.4000,2990.6000,1,11,1,1,1,2,1,1,1,6
SF,IH2003,2019-11-20 09:33:23.500,2988.4000,13103,-1,69031740.000,1,0,1,双平,S,2988.2000,2988.0000,2987.0000,2986.6000,2986.2000,2988.4000,2988.8000,2989.0000,2989.2000,2990.2000,11,2,1,1,1,1,2,1,1,1
SF,IH2003,2019-11-20 09:33:24.000,2988.4000,13103,0,69928260.000,1,0,1,多换,S,2988.2000,2988.0000,2987.0000,2986.6000,2986.2000,2988.8000,2989.2000,2990.2000,2990.4000,2990.6000,11,1,1,1,1,2,1,1,1,6
SF,IH2003,2019-11-20 09:33:24.500,2988.4000,13103,0,69928260.000,0,-,-,-,-,2988.2000,2988.0000,2987.0000,2986.6000,2986.2000,2988.6000,2988.8000,2989.2000,2990.2000,2990.4000,11,1,1,1,1,1,2,1,1,1
SF,IH2003,2019-11-20 09:33:25.000,2988.2000,13104,1,74410560.000,5,3,2,空开,S,2988.2000,2988.0000,2987.0000,2986.6000,2986.2000,2988.4000,2988.6000,2988.8000,2989.2000,2990.2000,6,1,1,1,1,1,5,2,1,1
SF,IH2003,2019-11-20 09:33:25.500,2988.2000,13105,1,75307020.000,1,1,0,双开,S,2988.2000,2988.0000,2987.0000,2986.6000,2986.2000,2988.4000,2988.6000,2988.8000,2989.2000,2990.2000,5,1,1,1,1,1,4,2,1,1
SF,IH2003,2019-11-20 09:33:26.500,2988.2000,13105,0,75307020.000,0,-,-,-,-,2988.2000,2988.0000,2987.0000,2986.6000,2986.2000,2988.8000,2989.2000,2990.2000,2990.4000,2990.6000,5,1,1,1,1,2,1,1,1,6
SF,IH2003,2019-11-20 09:33:27.000,2988.2000,13105,0,76203480.000,1,0,1,多换,S,2988.2000,2988.0000,2987.0000,2986.6000,2986.2000,2988.6000,2988.8000,2989.2000,2990.2000,2990.4000,4,1,1,1,1,2,2,1,1,1
SF,IH2003,2019-11-20 09:33:27.500,2988.2000,13105,0,76203480.000,0,-,-,-,-,2988.2000,2988.0000,2987.0000,2986.6000,2986.2000,2988.8000,2989.2000,2990.2000,2990.4000,2990.6000,4,1,1,1,1,2,1,1,1,6
SF,IH2003,2019-11-20 09:33:28.000,2988.2000,13105,0,76203480.000,0,-,-,-,-,2988.2000,2988.0000,2987.0000,2986.6000,2986.2000,2988.6000,2988.8000,2989.2000,2990.2000,2990.4000,4,1,1,1,1,2,2,1,1,1
SF,IH2003,2019-11-20 09:33:28.500,2988.2000,13105,0,76203480.000,0,-,-,-,-,2988.2000,2988.0000,2987.0000,2986.6000,2986.2000,2988.6000,2988.8000,2989.2000,2990.2000,2990.4000,4,1,1,1,1,1,2,1,1,1
SF,IH2003,2019-11-20 09:33:31.000,2988.8000,13103,-2,77996700.000,2,0,2,双平,S,2988.6000,2988.4000,2988.2000,2988.0000,2987.0000,2989.0000,2989.2000,2990.2000,2990.4000,2990.6000,1,1,4,2,1,1,1,1,1,6
SF,IH2003,2019-11-20 09:33:31.500,2989.0000,13102,-1,78893400.000,1,0,1,双平,S,2989.0000,2988.8000,2988.6000,2988.4000,2988.2000,2989.2000,2989.6000,2990.2000,2990.4000,2990.6000,1,2,1,1,4,1,1,1,1,6
SF,IH2003,2019-11-20 09:33:32.000,2989.2000,13101,-1,79790160.000,1,0,1,双平,S,2989.4000,2989.2000,2989.0000,2988.8000,2988.4000,2990.2000,2990.6000,2990.8000,2991.0000,2993.8000,1,4,1,2,1,1,5,6,3,1
SF,IH2003,2019-11-20 09:33:32.500,2989.2000,13099,-2,81583740.000,2,0,2,双平,S,2989.2000,2989.0000,2988.8000,2988.4000,2988.2000,2989.8000,2990.0000,2990.2000,2990.6000,2990.8000,1,1,2,1,4,3,6,1,5,6
SF,IH2003,2019-11-20 09:33:33.000,2989.2000,13099,0,81583740.000,0,-,-,-,-,2989.0000,2988.8000,2988.4000,2988.2000,2988.0000,2989.8000,2990.0000,2990.2000,2990.6000,2990.8000,1,2,1,4,1,2,5,1,3,6
SF,IH2003,2019-11-20 09:33:33.500,2989.2000,13099,0,81583740.000,0,-,-,-,-,2989.0000,2988.8000,2988.4000,2988.2000,2988.0000,2989.6000,2989.8000,2990.0000,2990.2000,2990.6000,1,2,1,4,1,1,2,5,1,3
SF,IH2003,2019-11-20 09:33:34.000,2989.2000,13099,0,81583740.000,0,-,-,-,-,2989.2000,2989.0000,2988.8000,2988.4000,2988.2000,2989.8000,2990.0000,2990.2000,2990.8000,2991.0000,1,1,2,1,4,2,4,1,6,3
SF,IH2003,2019-11-20 09:33:34.500,2989.2000,13098,-1,82480500.000,1,0,1,双平,S,2989.0000,2988.8000,2988.4000,2988.2000,2988.0000,2989.8000,2990.0000,2990.8000,2991.0000,2993.8000,1,3,1,4,1,1,4,5,2,1
SF,IH2003,2019-11-20 09:33:35.000,2989.2000,13098,0,82480500.000,0,-,-,-,-,2989.0000,2988.8000,2988.4000,2988.2000,2988.0000,2989.8000,2990.0000,2990.8000,2991.0000,2993.8000,1,2,1,4,1,1,4,5,2,1
SF,IH2003,2019-11-20 09:33:35.500,2989.2000,13098,0,82480500.000,0,-,-,-,-,2989.2000,2989.0000,2988.8000,2988.4000,2988.2000,2989.8000,2990.0000,2990.8000,2991.0000,2993.8000,1,1,2,1,4,1,4,5,2,1
SF,IH2003,2019-11-20 09:33:36.000,2989.2000,13097,-1,83377260.000,1,0,1,双平,S,2989.0000,2988.8000,2988.4000,2988.2000,2988.0000,2989.8000,2990.0000,2990.8000,2991.0000,2993.8000,1,3,1,4,1,1,4,5,2,1
SF,IH2003,2019-11-20 09:33:36.500,2989.2000,13097,0,83377260.000,0,-,-,-,-,2989.0000,2988.8000,2988.4000,2988.2000,2988.0000,2989.8000,2990.0000,2990.8000,2991.0000,2993.8000,1,2,1,4,1,1,4,5,2,1
SF,IH2003,2019-11-20 09:33:37.500,2989.2000,13097,0,83377260.000,0,-,-,-,-,2989.0000,2988.8000,2988.4000,2988.2000,2988.0000,2989.8000,2990.0000,2990.8000,2991.0000,2993.8000,1,2,1,4,1,1,2,5,2,1
SF,IH2003,2019-11-20 09:33:38.000,2989.2000,13097,0,83377260.000,0,-,-,-,-,2989.2000,2989.0000,2988.8000,2988.4000,2988.2000,2989.8000,2990.8000,2991.0000,2993.8000,2994.0000,1,1,2,1,4,1,5,1,1,3
SF,IH2003,2019-11-20 09:33:39.000,2989.8000,13096,-1,84274200.000,1,0,1,双平,S,2989.8000,2989.2000,2989.0000,2988.8000,2988.4000,2990.4000,2990.8000,2991.0000,2993.8000,2994.0000,1,1,1,2,1,1,5,1,1,3
SF,IH2003,2019-11-20 09:33:39.500,2989.8000,13096,0,84274200.000,0,-,-,-,-,2989.8000,2989.0000,2988.8000,2988.4000,2988.2000,2990.4000,2990.8000,2991.0000,2993.8000,2994.0000,1,1,2,1,4,1,4,1,1,3
SF,IH2003,2019-11-20 09:33:40.000,2989.8000,13096,0,84274200.000,0,-,-,-,-,2989.8000,2989.0000,2988.8000,2988.4000,2988.2000,2990.4000,2990.8000,2991.0000,2993.8000,2994.0000,1,1,2,1,4,1,4,1,1,3
SF,IH2003,2019-11-20 09:33:40.500,2990.4000,13096,0,85171320.000,1,0,1,多换,S,2989.8000,2989.0000,2988.8000,2988.4000,2988.2000,2990.8000,2991.0000,2993.8000,2994.0000,2994.4000,2,1,2,1,4,5,1,1,3,5
SF,IH2003,2019-11-20 09:33:41.000,2990.4000,13096,0,85171320.000,0,-,-,-,-,2989.8000,2989.0000,2988.8000,2988.4000,2988.2000,2990.6000,2990.8000,2991.0000,2993.8000,2994.0000,1,1,2,1,4,3,4,1,1,3
SF,IH2003,2019-11-20 09:33:41.500,2990.4000,13096,0,85171320.000,0,-,-,-,-,2989.8000,2989.0000,2988.8000,2988.2000,2988.0000,2990.6000,2990.8000,2991.0000,2993.8000,2994.0000,1,1,2,4,1,3,4,1,1,3
SF,IH2003,2019-11-20 09:33:42.000,2990.4000,13096,0,85171320.000,0,-,-,-,-,2990.0000,2989.8000,2989.0000,2988.8000,2988.2000,2990.6000,2990.8000,2993.8000,2994.0000,2994.4000,1,1,1,2,4,1,4,1,3,5
SF,IH2003,2019-11-20 09:33:42.500,2990.0000,13093,-3,87862500.000,3,0,3,双平,S,2989.8000,2989.6000,2989.0000,2988.8000,2988.2000,2990.0000,2990.6000,2990.8000,2993.8000,2994.0000,1,1,1,2,4,3,1,4,1,3
SF,IH2003,2019-11-20 09:33:43.000,2990.8000,13089,-4,91450740.000,4,0,4,双平,S,2990.6000,2990.2000,2990.0000,2989.8000,2989.0000,2990.8000,2993.8000,2994.0000,2994.4000,2995.6000,1,2,4,1,1,3,1,3,5,1
SF,IH2003,2019-11-20 09:33:43.500,2990.8000,13089,0,94142460.000,3,1,2,多换,S,2990.8000,2990.6000,2990.2000,2990.0000,2989.8000,2993.8000,2994.0000,2994.4000,2995.6000,2996.0000,1,1,2,5,1,1,3,5,1,1
SF,IH2003,2019-11-20 09:33:44.000,2990.8000,13087,-2,95936940.000,2,0,2,双平,S,2990.6000,2990.2000,2990.0000,2989.8000,2989.0000,2991.2000,2991.4000,2991.6000,2991.8000,2992.0000,1,1,4,1,1,4,2,2,1,4
SF,IH2003,2019-11-20 09:33:44.500,2990.8000,13087,0,95936940.000,0,-,-,-,-,2990.6000,2990.2000,2990.0000,2989.8000,2989.0000,2991.0000,2991.4000,2991.6000,2992.2000,2992.4000,1,1,4,1,1,1,1,1,2,1
SF,IH2003,2019-11-20 09:33:45.000,2990.0000,13083,-4,99525180.000,4,0,4,双平,S,2989.8000,2989.0000,2988.2000,2988.0000,2987.0000,2990.0000,2990.6000,2991.0000,2991.4000,2991.6000,1,1,4,1,1,2,1,1,1,1
SF,IH2003,2019-11-20 09:33:45.500,2990.0000,13081,-2,101319180.000,2,0,2,双平,S,2990.0000,2989.8000,2989.0000,2988.2000,2988.0000,2990.6000,2991.4000,2991.6000,2992.2000,2992.4000,5,1,1,4,1,2,1,1,2,1
SF,IH2003,2019-11-20 09:33:46.000,2990.0000,13081,0,101319180.000,0,-,-,-,-,2990.0000,2989.8000,2989.0000,2988.2000,2988.0000,2990.6000,2991.4000,2991.6000,2992.2000,2992.4000,4,1,1,4,1,2,1,1,2,1
SF,IH2003,2019-11-20 09:33:47.000,2990.6000,13081,0,102216360.000,1,0,1,多换,S,2990.0000,2989.8000,2989.0000,2988.2000,2988.0000,2991.4000,2991.6000,2992.2000,2992.4000,2993.4000,4,1,1,4,1,1,1,2,1,10
SF,IH2003,2019-11-20 09:33:47.500,2990.6000,13081,0,102216360.000,0,-,-,-,-,2990.0000,2989.8000,2989.0000,2988.2000,2988.0000,2990.6000,2990.8000,2991.0000,2991.2000,2991.4000,1,1,1,4,1,1,1,3,1,2
SF,IH2003,2019-11-20 09:33:48.000,2990.6000,13081,0,102216360.000,0,-,-,-,-,2990.2000,2990.0000,2989.8000,2989.0000,2988.2000,2991.2000,2991.4000,2991.6000,2992.2000,2992.4000,1,1,1,1,4,2,1,1,2,1
SF,IH2003,2019-11-20 09:33:48.500,2990.6000,13081,0,102216360.000,0,-,-,-,-,2990.2000,2990.0000,2989.8000,2989.0000,2988.2000,2990.8000,2991.0000,2991.2000,2991.4000,2991.6000,1,1,1,1,4,4,3,2,1,1
SF,IH2003,2019-11-20 09:33:49.000,2990.2000,13080,-1,103113420.000,1,0,1,双平,S,2990.0000,2989.8000,2989.0000,2988.2000,2988.0000,2990.8000,2991.0000,2991.2000,2991.4000,2991.6000,1,2,1,4,1,4,1,2,1,1
SF,IH2003,2019-11-20 09:33:49.500,2990.2000,13080,0,103113420.000,0,-,-,-,-,2989.8000,2989.0000,2988.2000,2988.0000,2987.0000,2990.6000,2990.8000,2991.0000,2991.2000,2991.4000,1,1,4,1,1,2,4,1,2,1
SF,IH2003,2019-11-20 09:33:50.000,2990.2000,13080,0,103113420.000,0,-,-,-,-,2989.0000,2988.2000,2988.0000,2987.0000,2986.6000,2990.6000,2991.0000,2991.2000,2991.4000,2991.6000,1,4,1,1,1,2,1,2,1,1
SF,IH2003,2019-11-20 09:33:50.500,2990.2000,13080,0,103113420.000,0,-,-,-,-,2989.4000,2989.2000,2989.0000,2988.2000,2988.0000,2990.4000,2990.6000,2991.0000,2991.2000,2991.4000,3,4,1,4,1,2,1,1,2,1
SF,IH2003,2019-11-20 09:33:51.000,2990.2000,13080,0,103113420.000,0,-,-,-,-,2989.4000,2989.2000,2989.0000,2988.2000,2988.0000,2990.4000,2991.0000,2991.2000,2991.4000,2991.6000,3,4,1,4,1,1,1,2,1,1
SF,IH2003,2019-11-20 09:33:52.000,2990.2000,13080,0,103113420.000,0,-,-,-,-,2989.4000,2989.2000,2989.0000,2988.2000,2988.0000,2990.4000,2991.0000,2991.2000,2991.4000,2991.6000,3,4,1,4,1,1,1,1,1,1
SF,IH2003,2019-11-20 09:33:54.000,2990.2000,13080,0,103113420.000,0,-,-,-,-,2989.6000,2989.4000,2989.2000,2989.0000,2988.2000,2990.4000,2991.0000,2991.2000,2991.4000,2991.6000,2,3,4,1,4,1,1,1,1,1
SF,IH2003,2019-11-20 09:33:54.500,2990.2000,13080,0,103113420.000,0,-,-,-,-,2989.8000,2989.6000,2989.2000,2989.0000,2988.2000,2990.4000,2991.0000,2991.2000,2991.4000,2991.6000,2,2,4,1,4,1,1,1,1,1
SF,IH2003,2019-11-20 09:33:55.000,2990.2000,13080,0,103113420.000,0,-,-,-,-,2989.8000,2989.6000,2989.2000,2989.0000,2988.2000,2990.4000,2991.0000,2991.2000,2991.4000,2991.6000,2,2,4,2,4,1,1,1,1,1
SF,IH2003,2019-11-20 09:33:58.000,2990.4000,13081,1,104010540.000,1,1,0,双开,S,2989.8000,2989.6000,2989.2000,2989.0000,2988.2000,2991.0000,2991.2000,2991.4000,2991.6000,2992.2000,2,2,4,2,4,1,1,1,1,2
SF,IH2003,2019-11-20 09:33:58.500,2990.4000,13081,0,104010540.000,0,-,-,-,-,2989.8000,2989.6000,2989.2000,2989.0000,2988.2000,2990.8000,2991.0000,2991.2000,2991.4000,2991.6000,2,2,4,2,4,1,1,1,1,1
SF,IH2003,2019-11-20 09:33:59.500,2990.4000,13081,0,104010540.000,0,-,-,-,-,2989.8000,2989.6000,2989.2000,2989.0000,2988.2000,2990.6000,2990.8000,2991.0000,2991.2000,2991.4000,2,2,4,2,4,4,1,1,1,1
SF,IH2003,2019-11-20 09:34:00.000,2990.4000,13081,0,104010540.000,0,-,-,-,-,2989.8000,2989.6000,2989.2000,2989.0000,2988.2000,2990.6000,2991.0000,2991.2000,2991.4000,2991.6000,2,2,4,2,4,4,1,1,1,1
SF,IH2003,2019-11-20 09:34:01.000,2990.4000,13081,0,104010540.000,0,-,-,-,-,2990.4000,2989.8000,2989.6000,2989.2000,2989.0000,2990.6000,2991.0000,2991.2000,2991.4000,2991.6000,1,2,2,4,2,4,1,1,1,1
SF,IH2003,2019-11-20 09:34:01.500,2990.4000,13082,1,104907660.000,1,1,0,双开,S,2989.6000,2989.2000,2989.0000,2988.2000,2988.0000,2990.4000,2990.6000,2991.0000,2991.2000,2991.4000,2,4,2,4,1,2,5,1,1,1
SF,IH2003,2019-11-20 09:34:02.000,2990.4000,13082,0,104907660.000,0,-,-,-,-,2989.6000,2989.2000,2989.0000,2988.2000,2988.0000,2990.4000,2990.6000,2991.0000,2991.2000,2991.4000,2,4,2,4,1,2,4,1,1,1
SF,IH2003,2019-11-20 09:34:02.500,2990.4000,13082,0,104907660.000,0,-,-,-,-,2989.8000,2989.6000,2989.2000,2989.0000,2988.2000,2990.4000,2990.6000,2991.0000,2991.2000,2991.4000,1,2,4,2,4,2,4,1,1,1
SF,IH2003,2019-11-20 09:34:03.000,2990.4000,13082,0,104907660.000,0,-,-,-,-,2989.8000,2989.2000,2989.0000,2988.2000,2988.0000,2990.4000,2990.6000,2991.0000,2991.2000,2991.4000,1,4,2,4,1,2,4,1,1,1
SF,IH2003,2019-11-20 09:34:05.000,2990.4000,13082,0,104907660.000,0,-,-,-,-,2989.8000,2989.2000,2989.0000,2988.2000,2988.0000,2990.4000,2991.0000,2991.2000,2991.4000,2991.6000,1,4,2,4,1,2,1,1,1,1
SF,IH2003,2019-11-20 09:34:07.000,2989.8000,13081,-1,105804600.000,1,0,1,双平,S,2989.4000,2989.2000,2989.0000,2988.2000,2988.0000,2989.8000,2990.4000,2991.0000,2991.2000,2991.4000,1,4,2,4,1,1,3,1,1,1
SF,IH2003,2019-11-20 09:34:07.500,2989.8000,13081,0,105804600.000,0,-,-,-,-,2989.4000,2989.2000,2989.0000,2988.2000,2988.0000,2990.4000,2991.0000,2991.2000,2991.4000,2991.6000,1,4,2,4,1,2,1,1,1,1
SF,IH2003,2019-11-20 09:34:08.000,2989.8000,13081,0,105804600.000,0,-,-,-,-,2989.4000,2989.2000,2989.0000,2988.2000,2988.0000,2990.2000,2990.4000,2991.0000,2991.2000,2991.4000,1,4,2,4,1,1,2,1,1,1
SF,IH2003,2019-11-20 09:34:08.500,2989.8000,13081,0,105804600.000,0,-,-,-,-,2989.2000,2989.0000,2988.2000,2988.0000,2987.0000,2989.4000,2990.2000,2990.4000,2991.0000,2991.2000,4,2,4,1,1,2,2,1,1,1
SF,IH2003,2019-11-20 09:34:09.000,2989.4000,13078,-3,108494940.000,3,0,3,双平,S,2989.0000,2988.8000,2988.2000,2988.0000,2987.0000,2989.2000,2989.4000,2990.2000,2990.4000,2991.0000,2,1,4,1,1,1,1,1,1,1
SF,IH2003,2019-11-20 09:34:09.500,2989.2000,13078,0,109391700.000,1,0,1,多换,S,2989.4000,2989.0000,2988.8000,2988.2000,2988.0000,2990.2000,2990.4000,2991.0000,2991.2000,2991.4000,1,2,1,4,1,1,1,1,1,1
SF,IH2003,2019-11-20 09:34:10.000,2989.4000,13078,0,110288520.000,1,0,1,多换,S,2989.0000,2988.8000,2988.2000,2988.0000,2987.0000,2989.8000,2990.0000,2990.2000,2990.4000,2991.0000,2,1,4,1,1,2,3,1,1,1
SF,IH2003,2019-11-20 09:34:10.500,2989.4000,13078,0,110288520.000,0,-,-,-,-,2989.0000,2988.8000,2988.2000,2988.0000,2987.0000,2989.4000,2989.6000,2989.8000,2990.0000,2990.2000,2,1,4,1,1,1,1,2,1,1
SF,IH2003,2019-11-20 09:34:11.000,2989.0000,13077,-1,112081920.000,2,0,2,多平,S,2988.8000,2988.2000,2988.0000,2987.0000,2986.6000,2989.0000,2989.2000,2989.8000,2990.0000,2990.2000,1,4,1,1,1,2,1,2,1,1
SF,IH2003,2019-11-20 09:34:11.500,2988.8000,13076,-1,113875200.000,2,0,2,多平,S,2988.2000,2988.0000,2987.0000,2986.6000,2986.2000,2988.8000,2989.0000,2990.2000,2990.4000,2991.0000,4,1,1,1,1,1,1,1,1,1
SF,IH2003,2019-11-20 09:34:12.000,2989.0000,13075,-1,114771900.000,1,0,1,双平,S,2988.2000,2988.0000,2987.0000,2986.6000,2986.2000,2990.2000,2990.4000,2991.0000,2991.2000,2991.4000,4,1,1,1,1,1,1,1,1,1
SF,IH2003,2019-11-20 09:34:12.500,2989.0000,13075,0,114771900.000,0,-,-,-,-,2988.2000,2988.0000,2987.0000,2986.6000,2986.2000,2989.4000,2990.0000,2990.2000,2990.4000,2991.2000,4,1,1,1,1,2,9,1,2,1
SF,IH2003,2019-11-20 09:34:13.000,2989.0000,13075,0,114771900.000,0,-,-,-,-,2988.2000,2988.0000,2987.0000,2986.6000,2986.2000,2989.4000,2990.0000,2990.4000,2991.2000,2991.6000,4,1,1,1,1,2,5,2,1,1
SF,IH2003,2019-11-20 09:34:13.500,2989.0000,13075,0,114771900.000,0,-,-,-,-,2988.4000,2988.2000,2988.0000,2987.0000,2986.6000,2990.0000,2990.4000,2991.2000,2991.6000,2992.2000,4,4,1,1,1,5,2,1,1,2
SF,IH2003,2019-11-20 09:34:14.000,2989.0000,13075,0,114771900.000,0,-,-,-,-,2988.4000,2988.2000,2988.0000,2987.0000,2986.6000,2989.8000,2990.0000,2990.4000,2991.2000,2991.6000,4,4,1,1,1,1,5,1,1,1
SF,IH2003,2019-11-20 09:34:14.500,2989.0000,13075,0,114771900.000,0,-,-,-,-,2988.6000,2988.4000,2988.2000,2988.0000,2987.0000,2989.8000,2990.0000,2990.4000,2991.2000,2991.6000,1,3,4,1,1,1,5,1,1,1
SF,IH2003,2019-11-20 09:34:15.000,2989.0000,13075,0,114771900.000,0,-,-,-,-,2988.8000,2988.6000,2988.4000,2988.2000,2988.0000,2989.8000,2990.0000,2990.4000,2991.2000,2991.6000,4,1,2,4,1,1,4,1,1,1
SF,IH2003,2019-11-20 09:34:16.000,2989.0000,13072,-3,117462540.000,3,0,3,双平,S,2989.0000,2988.8000,2988.6000,2988.4000,2988.2000,2990.4000,2990.8000,2991.2000,2991.6000,2992.2000,1,3,1,2,4,1,1,1,1,2
SF,IH2003,2019-11-20 09:34:16.500,2989.0000,13072,0,117462540.000,0,-,-,-,-,2989.2000,2989.0000,2988.8000,2988.2000,2988.0000,2991.2000,2991.6000,2992.2000,2992.4000,2993.4000,3,2,2,4,1,1,1,2,1,9
SF,IH2003,2019-11-20 09:34:17.000,2989.0000,13072,0,117462540.000,0,-,-,-,-,2989.4000,2989.2000,2989.0000,2988.8000,2988.2000,2991.0000,2991.2000,2991.6000,2992.2000,2992.4000,1,3,1,2,4,6,1,1,2,1
SF,IH2003,2019-11-20 09:34:17.500,2989.0000,13072,0,117462540.000,0,-,-,-,-,2989.6000,2989.4000,2989.2000,2989.0000,2988.2000,2991.0000,2991.2000,2991.6000,2992.2000,2992.4000,3,1,2,1,4,6,1,1,2,1
SF,IH2003,2019-11-20 09:34:18.000,2989.0000,13072,0,117462540.000,0,-,-,-,-,2989.6000,2989.4000,2989.2000,2989.0000,2988.2000,2990.6000,2990.8000,2991.0000,2991.2000,2991.6000,2,1,2,1,4,3,1,6,1,1
SF,IH2003,2019-11-20 09:34:18.500,2989.0000,13072,0,117462540.000,0,-,-,-,-,2989.6000,2989.2000,2989.0000,2988.2000,2988.0000,2991.0000,2991.2000,2991.6000,2992.2000,2992.4000,2,2,1,4,1,4,1,1,2,1
SF,IH2003,2019-11-20 09:34:19.000,2989.0000,13072,0,117462540.000,0,-,-,-,-,2989.6000,2989.2000,2989.0000,2988.2000,2988.0000,2990.8000,2991.0000,2991.2000,2991.6000,2992.2000,2,2,1,4,1,1,4,1,1,2
SF,IH2003,2019-11-20 09:34:19.500,2989.0000,13072,0,117462540.000,0,-,-,-,-,2989.6000,2989.2000,2989.0000,2988.2000,2988.0000,2990.6000,2990.8000,2991.0000,2991.2000,2991.6000,1,2,1,4,1,4,1,4,1,1
SF,IH2003,2019-11-20 09:34:20.000,2989.0000,13072,0,117462540.000,0,-,-,-,-,2989.2000,2989.0000,2988.2000,2988.0000,2987.0000,2990.4000,2990.6000,2991.0000,2991.2000,2991.6000,2,1,4,1,1,1,3,4,1,1
SF,IH2003,2019-11-20 09:34:20.500,2989.0000,13072,0,117462540.000,0,-,-,-,-,2989.4000,2989.2000,2989.0000,2988.2000,2988.0000,2990.4000,2990.6000,2991.0000,2991.2000,2991.6000,1,2,1,4,1,1,2,4,1,1
SF,IH2003,2019-11-20 09:34:21.000,2989.0000,13072,0,117462540.000,0,-,-,-,-,2989.4000,2988.2000,2988.0000,2987.0000,2986.6000,2990.0000,2990.2000,2990.4000,2990.6000,2991.0000,1,4,1,1,1,2,6,2,2,2
SF,IH2003,2019-11-20 09:34:21.500,2989.0000,13072,0,117462540.000,0,-,-,-,-,2989.4000,2988.2000,2988.0000,2987.0000,2986.6000,2989.8000,2990.0000,2990.2000,2990.4000,2991.0000,1,4,1,1,1,2,4,6,1,2
SF,IH2003,2019-11-20 09:34:22.000,2990.0000,13072,0,118359540.000,1,0,1,多换,S,2989.8000,2989.6000,2989.4000,2988.2000,2988.0000,2990.4000,2991.0000,2991.2000,2991.6000,2992.2000,1,2,1,4,1,1,2,1,1,2
SF,IH2003,2019-11-20 09:34:22.500,2990.0000,13072,0,118359540.000,0,-,-,-,-,2989.4000,2988.2000,2988.0000,2987.0000,2986.6000,2990.2000,2990.4000,2991.0000,2991.2000,2991.6000,1,4,1,1,1,3,1,2,1,1
SF,IH2003,2019-11-20 09:34:23.000,2990.0000,13072,0,118359540.000,0,-,-,-,-,2989.4000,2988.2000,2988.0000,2987.0000,2986.6000,2990.2000,2991.0000,2991.2000,2991.6000,2992.2000,1,4,1,1,1,3,2,1,1,2
SF,IH2003,2019-11-20 09:34:24.000,2990.0000,13072,0,118359540.000,0,-,-,-,-,2988.2000,2988.0000,2987.0000,2986.6000,2986.2000,2990.2000,2991.0000,2991.2000,2991.6000,2992.2000,4,1,1,1,1,3,2,1,1,2
SF,IH2003,2019-11-20 09:34:24.500,2990.0000,13072,0,118359540.000,0,-,-,-,-,2989.2000,2988.8000,2988.6000,2988.4000,2988.2000,2990.0000,2990.2000,2991.0000,2991.2000,2991.6000,2,1,4,5,5,1,2,2,1,1
SF,IH2003,2019-11-20 09:34:25.000,2990.0000,13072,0,118359540.000,0,-,-,-,-,2988.8000,2988.6000,2988.4000,2988.2000,2988.0000,2990.0000,2990.2000,2991.0000,2991.2000,2991.6000,1,1,6,5,2,1,2,2,1,1
SF,IH2003,2019-11-20 09:34:25.500,2990.0000,13072,0,118359540.000,0,-,-,-,-,2989.0000,2988.8000,2988.6000,2988.4000,2988.2000,2990.0000,2990.2000,2991.0000,2991.2000,2991.6000,5,1,1,3,5,1,2,2,1,1
SF,IH2003,2019-11-20 09:34:26.000,2990.0000,13072,0,118359540.000,0,-,-,-,-,2989.4000,2989.0000,2988.8000,2988.6000,2988.4000,2990.0000,2990.2000,2991.0000,2991.2000,2991.6000,2,7,1,1,3,1,2,2,1,1
SF,IH2003,2019-11-20 09:34:26.500,2990.0000,13072,0,118359540.000,0,-,-,-,-,2989.0000,2988.8000,2988.6000,2988.4000,2988.2000,2990.0000,2990.2000,2991.0000,2991.2000,2991.6000,5,1,1,3,5,1,2,2,1,1
SF,IH2003,2019-11-20 09:34:27.000,2990.0000,13072,0,118359540.000,0,-,-,-,-,2989.2000,2989.0000,2988.8000,2988.6000,2988.4000,2990.0000,2990.2000,2991.0000,2991.2000,2991.6000,2,5,1,1,3,1,2,2,1,1
SF,IH2003,2019-11-20 09:34:27.500,2990.0000,13072,0,118359540.000,0,-,-,-,-,2989.2000,2989.0000,2988.8000,2988.6000,2988.4000,2990.0000,2990.2000,2991.0000,2991.2000,2991.6000,2,5,1,1,3,1,2,2,1,1
SF,IH2003,2019-11-20 09:34:28.000,2990.0000,13072,0,118359540.000,0,-,-,-,-,2989.2000,2989.0000,2988.8000,2988.6000,2988.4000,2990.0000,2990.2000,2991.0000,2991.2000,2991.6000,2,4,1,1,3,1,2,2,1,1
SF,IH2003,2019-11-20 09:34:30.500,2990.0000,13072,0,118359540.000,0,-,-,-,-,2989.2000,2989.0000,2988.8000,2988.6000,2988.4000,2990.0000,2990.2000,2991.0000,2991.2000,2991.6000,2,4,1,1,3,1,2,2,1,1
SF,IH2003,2019-11-20 09:34:32.000,2990.0000,13072,0,118359540.000,0,-,-,-,-,2989.4000,2989.2000,2989.0000,2988.8000,2988.6000,2990.0000,2990.2000,2991.0000,2991.2000,2991.6000,2,2,4,1,1,1,2,2,1,1
SF,IH2003,2019-11-20 09:34:32.500,2990.0000,13072,0,118359540.000,0,-,-,-,-,2989.4000,2989.2000,2989.0000,2988.8000,2988.6000,2990.0000,2990.2000,2991.0000,2991.2000,2991.6000,2,1,4,1,1,1,2,2,1,1
SF,IH2003,2019-11-20 09:34:39.500,2990.0000,13072,0,118359540.000,0,-,-,-,-,2989.8000,2989.4000,2989.2000,2989.0000,2988.8000,2990.0000,2990.2000,2991.0000,2991.2000,2991.6000,1,2,1,4,1,1,2,2,1,1
SF,IH2003,2019-11-20 09:34:40.000,2989.8000,13072,0,119256480.000,1,0,1,多换,S,2989.4000,2989.2000,2989.0000,2988.8000,2988.6000,2990.0000,2990.2000,2991.0000,2991.2000,2991.6000,2,1,4,1,1,1,2,2,1,1
SF,IH2003,2019-11-20 09:34:41.000,2989.8000,13072,0,119256480.000,0,-,-,-,-,2989.4000,2989.2000,2989.0000,2988.8000,2988.6000,2990.0000,2991.0000,2991.2000,2991.6000,2992.2000,2,1,4,1,1,1,2,1,1,2
SF,IH2003,2019-11-20 09:34:42.000,2989.8000,13072,0,119256480.000,0,-,-,-,-,2989.4000,2989.2000,2989.0000,2988.8000,2988.6000,2990.0000,2991.0000,2991.2000,2991.6000,2992.2000,2,1,4,1,1,1,2,1,1,2
SF,IH2003,2019-11-20 09:34:49.500,2990.0000,13071,-1,120153480.000,1,0,1,双平,S,2989.4000,2989.2000,2989.0000,2988.8000,2988.6000,2991.0000,2991.2000,2991.6000,2992.2000,2992.4000,2,1,4,1,1,2,1,1,2,1
SF,IH2003,2019-11-20 09:34:50.000,2990.0000,13071,0,120153480.000,0,-,-,-,-,2989.6000,2989.4000,2989.2000,2989.0000,2988.8000,2990.8000,2991.0000,2991.2000,2991.6000,2992.2000,1,2,1,4,1,7,2,1,1,2
SF,IH2003,2019-11-20 09:34:51.000,2990.0000,13071,0,120153480.000,0,-,-,-,-,2989.6000,2989.4000,2989.2000,2989.0000,2988.8000,2990.6000,2990.8000,2991.0000,2991.2000,2991.6000,1,2,1,4,1,1,6,2,1,1
SF,IH2003,2019-11-20 09:34:51.500,2990.0000,13071,0,120153480.000,0,-,-,-,-,2989.4000,2989.0000,2988.8000,2988.6000,2988.4000,2990.4000,2990.6000,2990.8000,2991.0000,2991.2000,2,4,1,1,1,3,1,4,2,1
SF,IH2003,2019-11-20 09:34:52.000,2990.0000,13071,0,120153480.000,0,-,-,-,-,2989.4000,2989.0000,2988.8000,2988.6000,2988.4000,2990.4000,2990.6000,2990.8000,2991.0000,2991.2000,3,4,1,1,1,3,1,4,2,1
SF,IH2003,2019-11-20 09:34:52.500,2990.0000,13071,0,120153480.000,0,-,-,-,-,2989.4000,2989.0000,2988.8000,2988.6000,2988.4000,2990.4000,2990.6000,2990.8000,2991.0000,2991.2000,3,4,1,1,1,3,1,2,2,1
SF,IH2003,2019-11-20 09:34:53.000,2990.0000,13071,0,120153480.000,0,-,-,-,-,2989.0000,2988.8000,2988.6000,2988.4000,2988.2000,2990.2000,2990.4000,2990.6000,2990.8000,2991.0000,2,1,1,1,5,6,3,1,2,2
SF,IH2003,2019-11-20 09:34:53.500,2990.0000,13071,0,120153480.000,0,-,-,-,-,2989.0000,2988.6000,2988.4000,2988.2000,2988.0000,2990.0000,2990.2000,2990.4000,2990.6000,2990.8000,2,1,1,5,1,1,2,2,1,2
SF,IH2003,2019-11-20 09:34:54.000,2990.0000,13071,0,120153480.000,0,-,-,-,-,2989.0000,2988.6000,2988.4000,2988.2000,2988.0000,2990.0000,2990.2000,2990.4000,2991.0000,2991.2000,2,1,1,5,1,4,2,2,2,1
SF,IH2003,2019-11-20 09:34:54.500,2990.0000,13071,0,120153480.000,0,-,-,-,-,2989.0000,2988.6000,2988.4000,2988.2000,2988.0000,2990.0000,2990.2000,2990.4000,2991.0000,2991.2000,2,1,1,5,1,4,1,2,2,1
SF,IH2003,2019-11-20 09:34:55.000,2990.0000,13071,0,120153480.000,0,-,-,-,-,2989.0000,2988.6000,2988.4000,2988.2000,2988.0000,2989.8000,2990.0000,2990.2000,2990.4000,2991.0000,2,1,1,5,1,1,4,1,2,2
SF,IH2003,2019-11-20 09:34:55.500,2990.0000,13071,0,120153480.000,0,-,-,-,-,2989.0000,2988.6000,2988.4000,2988.2000,2988.0000,2989.8000,2990.0000,2990.2000,2990.4000,2991.0000,2,1,1,5,1,1,3,1,2,2
SF,IH2003,2019-11-20 09:34:56.500,2990.0000,13071,0,120153480.000,0,-,-,-,-,2989.0000,2988.6000,2988.4000,2988.2000,2988.0000,2989.8000,2990.0000,2990.2000,2990.4000,2991.0000,2,1,1,4,1,1,3,1,2,2
SF,IH2003,2019-11-20 09:34:57.000,2990.0000,13071,0,120153480.000,0,-,-,-,-,2989.0000,2988.6000,2988.4000,2988.2000,2988.0000,2989.8000,2990.0000,2990.2000,2990.4000,2991.0000,2,1,1,4,1,1,2,1,2,2
SF,IH2003,2019-11-20 09:34:57.500,2990.0000,13071,0,120153480.000,0,-,-,-,-,2989.6000,2989.0000,2988.6000,2988.4000,2988.2000,2989.8000,2990.0000,2990.2000,2990.4000,2991.0000,1,2,1,1,4,1,2,1,2,2
SF,IH2003,2019-11-20 09:34:58.000,2989.6000,13070,-1,121050360.000,1,0,1,双平,S,2989.0000,2988.6000,2988.4000,2988.2000,2988.0000,2989.6000,2989.8000,2990.0000,2990.2000,2990.4000,2,1,1,4,1,1,1,2,1,2
SF,IH2003,2019-11-20 09:34:58.500,2989.6000,13070,0,121050360.000,0,-,-,-,-,2989.0000,2988.6000,2988.4000,2988.2000,2988.0000,2989.6000,2989.8000,2990.0000,2990.4000,2991.0000,2,1,1,4,1,1,1,2,2,2
SF,IH2003,2019-11-20 09:34:59.000,2989.6000,13070,0,121050360.000,0,-,-,-,-,2989.0000,2988.6000,2988.4000,2988.2000,2988.0000,2989.4000,2989.6000,2989.8000,2990.0000,2990.4000,2,1,1,4,1,1,1,1,2,2
SF,IH2003,2019-11-20 09:34:59.500,2989.6000,13070,0,121050360.000,0,-,-,-,-,2989.0000,2988.6000,2988.4000,2988.2000,2988.0000,2989.4000,2989.8000,2990.0000,2990.4000,2991.0000,2,1,1,4,1,1,1,2,2,2
SF,IH2003,2019-11-20 09:35:00.000,2989.6000,13070,0,121050360.000,0,-,-,-,-,2988.6000,2988.4000,2988.2000,2988.0000,2987.4000,2989.4000,2989.8000,2990.0000,2990.4000,2991.0000,1,1,4,1,1,1,1,2,2,2
SF,IH2003,2019-11-20 09:35:00.500,2989.6000,13070,0,121050360.000,0,-,-,-,-,2988.8000,2988.6000,2988.4000,2988.2000,2988.0000,2989.4000,2989.8000,2990.0000,2990.4000,2991.0000,1,1,1,4,1,1,1,2,2,2
SF,IH2003,2019-11-20 09:35:01.000,2989.6000,13070,0,121050360.000,0,-,-,-,-,2988.4000,2988.2000,2988.0000,2987.4000,2987.0000,2989.4000,2989.8000,2990.0000,2990.4000,2991.0000,1,4,1,1,1,1,1,2,2,2
SF,IH2003,2019-11-20 09:35:01.500,2989.6000,13070,0,121050360.000,0,-,-,-,-,2988.6000,2988.4000,2988.2000,2988.0000,2987.4000,2989.4000,2989.8000,2990.0000,2990.4000,2991.0000,2,1,4,1,1,1,1,2,2,2
SF,IH2003,2019-11-20 09:35:02.000,2989.6000,13070,0,121050360.000,0,-,-,-,-,2988.6000,2988.4000,2988.2000,2988.0000,2987.4000,2989.4000,2989.8000,2990.0000,2990.4000,2991.0000,2,1,4,1,1,2,1,2,2,2
SF,IH2003,2019-11-20 09:35:05.500,2989.4000,13068,-2,122844000.000,2,0,2,双平,S,2988.6000,2988.4000,2988.2000,2988.0000,2987.4000,2989.8000,2990.0000,2990.4000,2991.0000,2991.2000,2,1,4,1,1,1,2,2,2,1
SF,IH2003,2019-11-20 09:35:06.000,2989.4000,13068,0,122844000.000,0,-,-,-,-,2989.2000,2988.8000,2988.6000,2988.4000,2988.2000,2989.6000,2989.8000,2990.0000,2990.4000,2991.0000,2,4,2,1,4,1,1,2,2,2
SF,IH2003,2019-11-20 09:35:06.500,2989.4000,13068,0,122844000.000,0,-,-,-,-,2988.6000,2988.4000,2988.2000,2988.0000,2987.4000,2989.6000,2989.8000,2990.0000,2990.4000,2991.0000,2,1,4,1,1,1,1,2,2,2
SF,IH2003,2019-11-20 09:35:07.000,2989.4000,13068,0,122844000.000,0,-,-,-,-,2989.0000,2988.8000,2988.6000,2988.4000,2988.2000,2989.6000,2990.0000,2990.4000,2991.0000,2991.2000,1,1,3,1,4,1,2,2,2,1
SF,IH2003,2019-11-20 09:35:07.500,2989.6000,13067,-1,123740880.000,1,0,1,双平,S,2989.2000,2988.6000,2988.4000,2988.2000,2988.0000,2989.4000,2990.0000,2990.4000,2991.0000,2991.2000,2,3,1,4,1,1,2,2,2,1
SF,IH2003,2019-11-20 09:35:08.000,2989.4000,13066,-1,124637700.000,1,0,1,双平,S,2989.6000,2989.4000,2989.2000,2988.6000,2988.4000,2990.0000,2990.4000,2991.0000,2991.2000,2991.6000,1,3,3,3,1,2,2,2,1,1
SF,IH2003,2019-11-20 09:35:08.500,2989.4000,13066,0,124637700.000,0,-,-,-,-,2989.6000,2989.4000,2989.2000,2988.6000,2988.4000,2989.8000,2990.0000,2990.4000,2991.0000,2991.2000,1,2,1,3,1,1,2,2,2,1
SF,IH2003,2019-11-20 09:35:09.000,2989.8000,13066,0,125534640.000,1,0,1,多换,S,2989.6000,2989.4000,2989.2000,2988.6000,2988.4000,2989.8000,2990.0000,2990.4000,2991.0000,2991.2000,1,2,1,3,1,1,2,2,2,1
SF,IH2003,2019-11-20 09:35:09.500,2989.8000,13066,0,126431580.000,1,0,1,多换,S,2989.6000,2989.4000,2989.2000,2988.6000,2988.4000,2990.0000,2990.4000,2991.0000,2991.2000,2991.6000,1,2,1,3,1,2,2,2,1,1
SF,IH2003,2019-11-20 09:35:10.000,2989.8000,13066,0,126431580.000,0,-,-,-,-,2989.6000,2989.4000,2989.2000,2988.6000,2988.4000,2989.8000,2990.0000,2990.4000,2991.0000,2991.2000,1,2,1,3,1,1,2,2,2,1
SF,IH2003,2019-11-20 09:35:10.500,2989.8000,13065,-1,127328520.000,1,0,1,双平,S,2989.6000,2989.4000,2989.2000,2988.6000,2988.4000,2990.4000,2991.0000,2991.2000,2991.6000,2992.2000,1,2,1,3,1,2,2,1,1,2
SF,IH2003,2019-11-20 09:35:11.000,2989.8000,13065,0,127328520.000,0,-,-,-,-,2989.4000,2989.2000,2988.6000,2988.4000,2988.2000,2990.2000,2990.4000,2991.0000,2991.2000,2991.6000,2,1,3,1,4,1,2,2,1,1
SF,IH2003,2019-11-20 09:35:13.000,2990.2000,13065,0,128225580.000,1,0,1,多换,S,2989.6000,2989.4000,2989.2000,2988.6000,2988.4000,2990.4000,2991.0000,2991.2000,2991.4000,2991.6000,3,2,1,3,1,2,2,1,1,1
SF,IH2003,2019-11-20 09:35:13.500,2990.2000,13065,0,128225580.000,0,-,-,-,-,2989.6000,2989.4000,2989.2000,2988.6000,2988.4000,2991.0000,2991.2000,2991.6000,2991.8000,2992.2000,3,2,1,3,1,2,1,1,1,2
SF,IH2003,2019-11-20 09:35:14.000,2990.2000,13065,0,128225580.000,0,-,-,-,-,2989.6000,2989.4000,2989.2000,2988.6000,2988.4000,2990.8000,2991.0000,2991.2000,2991.6000,2991.8000,3,1,1,2,1,2,2,1,1,1
SF,IH2003,2019-11-20 09:35:14.500,2990.2000,13065,0,128225580.000,0,-,-,-,-,2989.8000,2989.6000,2989.4000,2989.2000,2988.6000,2990.8000,2991.0000,2991.2000,2991.6000,2991.8000,2,3,1,1,2,2,2,1,1,1
SF,IH2003,2019-11-20 09:35:15.000,2990.2000,13065,0,128225580.000,0,-,-,-,-,2990.0000,2989.8000,2989.6000,2989.4000,2989.2000,2990.8000,2991.0000,2991.2000,2991.6000,2991.8000,1,1,2,1,1,2,2,1,1,1
SF,IH2003,2019-11-20 09:35:15.500,2990.2000,13065,0,128225580.000,0,-,-,-,-,2990.0000,2989.6000,2989.4000,2989.2000,2988.4000,2990.8000,2991.2000,2991.6000,2991.8000,2992.2000,3,2,1,1,1,2,1,1,1,2
SF,IH2003,2019-11-20 09:35:16.000,2990.2000,13065,0,128225580.000,0,-,-,-,-,2990.0000,2989.6000,2989.4000,2989.2000,2988.4000,2990.8000,2991.2000,2991.6000,2991.8000,2992.2000,1,2,1,1,1,2,1,1,1,2
SF,IH2003,2019-11-20 09:35:16.500,2990.2000,13065,0,128225580.000,0,-,-,-,-,2990.0000,2989.6000,2989.4000,2989.2000,2988.4000,2990.8000,2991.2000,2991.6000,2991.8000,2992.2000,2,2,1,1,1,2,1,1,1,2
SF,IH2003,2019-11-20 09:35:22.500,2990.0000,13063,-2,130019580.000,2,0,2,双平,S,2989.6000,2989.4000,2989.2000,2988.4000,2988.2000,2990.8000,2991.0000,2991.2000,2991.6000,2991.8000,2,1,2,1,4,2,1,1,1,1
SF,IH2003,2019-11-20 09:35:23.000,2990.0000,13063,0,130019580.000,0,-,-,-,-,2989.4000,2989.2000,2988.4000,2988.2000,2988.0000,2990.0000,2990.4000,2990.6000,2990.8000,2991.2000,1,1,1,4,1,1,4,4,3,1
SF,IH2003,2019-11-20 09:35:23.500,2989.2000,13062,-1,130916340.000,1,0,1,双平,S,2988.4000,2988.2000,2988.0000,2987.4000,2987.0000,2989.4000,2990.6000,2990.8000,2991.2000,2991.6000,1,4,1,1,1,1,4,3,1,1
SF,IH2003,2019-11-20 09:35:24.000,2989.2000,13062,0,130916340.000,0,-,-,-,-,2988.8000,2988.6000,2988.4000,2988.2000,2988.0000,2989.8000,2990.6000,2990.8000,2991.2000,2991.6000,2,3,1,4,1,2,4,3,1,1
SF,IH2003,2019-11-20 09:35:24.500,2989.2000,13062,0,130916340.000,0,-,-,-,-,2989.0000,2988.6000,2988.4000,2988.2000,2988.0000,2989.8000,2990.6000,2990.8000,2991.2000,2991.6000,1,2,1,4,1,2,4,2,1,1
SF,IH2003,2019-11-20 09:35:25.000,2989.2000,13062,0,130916340.000,0,-,-,-,-,2989.0000,2988.6000,2988.4000,2988.2000,2988.0000,2989.8000,2990.6000,2990.8000,2991.2000,2991.6000,2,2,1,4,1,2,4,2,1,1
SF,IH2003,2019-11-20 09:35:25.500,2989.8000,13061,-1,131813280.000,1,0,1,双平,S,2989.0000,2988.6000,2988.4000,2988.2000,2988.0000,2990.6000,2991.2000,2991.6000,2991.8000,2992.2000,2,2,1,4,1,4,1,1,1,2
SF,IH2003,2019-11-20 09:35:26.000,2989.8000,13061,0,131813280.000,0,-,-,-,-,2989.2000,2989.0000,2988.8000,2988.6000,2988.4000,2990.4000,2990.6000,2991.2000,2991.6000,2991.8000,2,2,1,2,2,2,3,1,1,1
SF,IH2003,2019-11-20 09:35:26.500,2989.8000,13061,0,131813280.000,0,-,-,-,-,2989.0000,2988.8000,2988.6000,2988.4000,2988.2000,2990.4000,2990.6000,2991.2000,2991.6000,2991.8000,2,1,2,2,4,1,3,1,1,1
SF,IH2003,2019-11-20 09:35:27.000,2989.8000,13061,0,131813280.000,0,-,-,-,-,2989.4000,2989.2000,2989.0000,2988.8000,2988.6000,2990.4000,2990.6000,2991.2000,2991.6000,2991.8000,1,1,2,1,2,1,3,1,1,1
SF,IH2003,2019-11-20 09:35:27.500,2989.8000,13061,0,131813280.000,0,-,-,-,-,2989.4000,2989.0000,2988.8000,2988.6000,2988.4000,2990.2000,2990.4000,2990.6000,2991.2000,2991.6000,1,2,1,2,2,3,1,3,1,1
SF,IH2003,2019-11-20 09:35:28.000,2989.4000,13061,0,132710100.000,1,0,1,多换,S,2989.0000,2988.8000,2988.6000,2988.4000,2988.2000,2990.0000,2990.2000,2990.6000,2991.2000,2991.6000,2,1,2,2,4,1,3,3,1,1
SF,IH2003,2019-11-20 09:35:28.500,2989.4000,13061,0,132710100.000,0,-,-,-,-,2989.0000,2988.8000,2988.6000,2988.4000,2988.2000,2990.0000,2990.6000,2991.2000,2991.6000,2991.8000,1,1,2,2,4,1,3,1,1,1
SF,IH2003,2019-11-20 09:35:34.500,2989.4000,13061,0,132710100.000,0,-,-,-,-,2989.2000,2989.0000,2988.8000,2988.6000,2988.4000,2990.0000,2990.6000,2991.2000,2991.6000,2991.8000,2,1,1,2,2,1,3,1,1,1
SF,IH2003,2019-11-20 09:35:35.000,2989.4000,13061,0,132710100.000,0,-,-,-,-,2989.0000,2988.8000,2988.6000,2988.4000,2988.2000,2990.0000,2990.6000,2991.2000,2991.6000,2991.8000,1,1,2,2,4,1,3,1,1,1
SF,IH2003,2019-11-20 09:35:35.500,2989.4000,13061,0,132710100.000,0,-,-,-,-,2989.0000,2988.8000,2988.6000,2988.4000,2988.2000,2990.0000,2990.6000,2991.2000,2991.6000,2991.8000,1,1,2,2,4,2,3,1,1,1
SF,IH2003,2019-11-20 09:35:36.000,2989.4000,13061,0,132710100.000,0,-,-,-,-,2989.0000,2988.8000,2988.6000,2988.4000,2988.2000,2990.6000,2991.2000,2991.6000,2991.8000,2992.2000,1,1,2,2,4,3,1,1,1,2
SF,IH2003,2019-11-20 09:35:36.500,2989.4000,13061,0,132710100.000,0,-,-,-,-,2989.2000,2989.0000,2988.8000,2988.6000,2988.4000,2990.4000,2990.6000,2991.2000,2991.6000,2991.8000,2,1,1,2,2,3,3,1,1,1
SF,IH2003,2019-11-20 09:35:37.500,2989.4000,13061,0,132710100.000,0,-,-,-,-,2989.2000,2989.0000,2988.8000,2988.6000,2988.4000,2990.4000,2990.6000,2991.2000,2991.6000,2991.8000,2,1,1,2,2,1,3,1,1,1
SF,IH2003,2019-11-20 09:35:38.000,2989.4000,13061,0,132710100.000,0,-,-,-,-,2989.2000,2989.0000,2988.8000,2988.6000,2988.4000,2990.0000,2990.2000,2990.4000,2990.6000,2991.2000,2,1,1,2,2,4,1,1,3,1
SF,IH2003,2019-11-20 09:35:38.500,2989.4000,13061,0,132710100.000,0,-,-,-,-,2989.4000,2989.2000,2989.0000,2988.8000,2988.6000,2990.6000,2991.2000,2991.6000,2991.8000,2992.2000,1,2,1,1,2,3,1,1,1,2
SF,IH2003,2019-11-20 09:35:39.000,2989.4000,13061,0,132710100.000,0,-,-,-,-,2990.0000,2989.6000,2989.4000,2989.2000,2989.0000,2991.2000,2991.6000,2991.8000,2992.2000,2992.4000,1,1,5,1,1,1,1,1,2,1
SF,IH2003,2019-11-20 09:35:39.500,2989.4000,13061,0,132710100.000,0,-,-,-,-,2989.4000,2989.0000,2988.8000,2988.6000,2988.4000,2991.0000,2991.2000,2991.6000,2991.8000,2992.2000,5,1,1,2,2,2,1,1,1,2
SF,IH2003,2019-11-20 09:35:40.000,2989.4000,13061,0,132710100.000,0,-,-,-,-,2989.6000,2989.4000,2989.0000,2988.8000,2988.6000,2990.6000,2991.0000,2991.2000,2991.6000,2991.8000,2,3,1,1,2,4,5,1,1,1
SF,IH2003,2019-11-20 09:35:40.500,2989.4000,13061,0,132710100.000,0,-,-,-,-,2989.6000,2989.4000,2989.0000,2988.8000,2988.6000,2990.0000,2991.0000,2991.2000,2991.6000,2991.8000,1,3,1,1,2,2,3,1,1,1
SF,IH2003,2019-11-20 09:35:41.000,2989.4000,13061,0,132710100.000,0,-,-,-,-,2989.6000,2989.4000,2989.0000,2988.8000,2988.6000,2990.0000,2991.0000,2991.2000,2991.6000,2991.8000,1,3,1,1,2,2,2,1,1,1
SF,IH2003,2019-11-20 09:35:41.500,2990.0000,13060,-1,133607100.000,1,0,1,双平,S,2989.6000,2989.4000,2989.0000,2988.8000,2988.6000,2990.0000,2991.0000,2991.2000,2991.6000,2991.8000,1,3,1,1,2,1,2,1,1,1
SF,IH2003,2019-11-20 09:35:42.000,2990.0000,13059,-1,134504100.000,1,0,1,双平,S,2989.8000,2989.6000,2989.4000,2989.0000,2988.8000,2991.0000,2991.2000,2991.6000,2991.8000,2992.2000,2,1,3,1,1,2,1,1,1,2
SF,IH2003,2019-11-20 09:35:42.500,2990.0000,13059,0,134504100.000,0,-,-,-,-,2989.4000,2989.0000,2988.8000,2988.6000,2988.4000,2990.8000,2991.0000,2991.2000,2991.6000,2991.8000,3,1,1,2,2,1,3,1,1,1
SF,IH2003,2019-11-20 09:35:43.000,2990.0000,13059,0,134504100.000,0,-,-,-,-,2990.0000,2989.4000,2989.0000,2988.8000,2988.6000,2990.8000,2991.0000,2991.2000,2991.6000,2991.8000,1,3,1,1,2,1,2,1,1,1
SF,IH2003,2019-11-20 09:35:43.500,2990.0000,13059,0,134504100.000,0,-,-,-,-,2990.0000,2989.4000,2989.0000,2988.8000,2988.6000,2990.8000,2991.0000,2991.2000,2991.6000,2991.8000,2,3,1,1,2,1,2,1,1,1
SF,IH2003,2019-11-20 09:35:44.000,2990.0000,13059,0,134504100.000,0,-,-,-,-,2990.0000,2989.4000,2989.0000,2988.8000,2988.6000,2991.2000,2991.6000,2991.8000,2992.2000,2992.4000,2,3,1,1,2,1,1,1,2,1
SF,IH2003,2019-11-20 09:35:44.500,2990.0000,13059,0,134504100.000,0,-,-,-,-,2990.0000,2989.4000,2989.0000,2988.8000,2988.6000,2991.0000,2991.2000,2991.6000,2991.8000,2992.2000,1,3,1,1,2,5,1,1,1,2
SF,IH2003,2019-11-20 09:35:45.000,2990.0000,13059,0,134504100.000,0,-,-,-,-,2990.0000,2989.4000,2989.0000,2988.8000,2988.6000,2991.0000,2991.2000,2991.6000,2991.8000,2992.2000,2,3,1,1,2,5,1,1,1,2
SF,IH2003,2019-11-20 09:35:45.500,2990.0000,13059,0,134504100.000,0,-,-,-,-,2990.2000,2990.0000,2989.4000,2989.0000,2988.8000,2991.0000,2991.2000,2991.6000,2991.8000,2992.2000,1,2,3,1,1,5,1,1,1,2
SF,IH2003,2019-11-20 09:35:46.000,2990.0000,13059,0,134504100.000,0,-,-,-,-,2990.2000,2990.0000,2989.4000,2989.0000,2988.8000,2991.0000,2991.2000,2991.6000,2991.8000,2992.2000,1,2,3,1,1,3,1,1,1,2
SF,IH2003,2019-11-20 09:35:48.000,2990.0000,13059,0,134504100.000,0,-,-,-,-,2990.0000,2989.8000,2989.4000,2989.0000,2988.8000,2991.0000,2991.2000,2991.6000,2991.8000,2992.2000,2,5,3,1,1,3,1,1,1,2
SF,IH2003,2019-11-20 09:35:48.500,2990.0000,13059,0,134504100.000,0,-,-,-,-,2990.0000,2989.8000,2989.4000,2988.8000,2988.6000,2991.0000,2991.2000,2991.6000,2991.8000,2992.2000,2,5,3,1,2,3,1,1,1,2
SF,IH2003,2019-11-20 09:35:49.500,2990.0000,13059,0,134504100.000,0,-,-,-,-,2990.0000,2989.8000,2989.4000,2988.8000,2988.6000,2990.4000,2990.8000,2991.0000,2991.2000,2991.6000,2,5,3,1,2,2,3,3,1,1
SF,IH2003,2019-11-20 09:35:50.000,2990.0000,13059,0,134504100.000,0,-,-,-,-,2990.0000,2989.8000,2989.4000,2988.8000,2988.6000,2990.8000,2991.2000,2991.6000,2991.8000,2992.2000,2,5,3,1,2,2,1,1,1,2
SF,IH2003,2019-11-20 09:35:52.000,2990.0000,13059,0,134504100.000,0,-,-,-,-,2990.0000,2989.8000,2989.4000,2988.8000,2988.6000,2991.2000,2991.6000,2991.8000,2992.2000,2992.4000,2,5,3,1,2,1,1,1,2,1
SF,IH2003,2019-11-20 09:35:52.500,2990.0000,13059,0,136298100.000,2,1,1,多换,S,2989.8000,2989.4000,2988.8000,2988.6000,2988.4000,2990.6000,2991.0000,2991.2000,2991.6000,2991.8000,5,3,1,2,2,3,7,2,1,1
SF,IH2003,2019-11-20 09:35:53.000,2989.8000,13060,1,139885860.000,4,2,2,空开,S,2990.2000,2989.8000,2989.4000,2988.8000,2988.6000,2990.4000,2991.0000,2991.2000,2991.6000,2991.8000,1,1,3,1,2,2,4,1,1,1
SF,IH2003,2019-11-20 09:35:53.500,2990.2000,13059,-1,140782920.000,1,0,1,双平,S,2989.8000,2989.4000,2988.8000,2988.6000,2988.4000,2990.0000,2990.2000,2990.4000,2991.0000,2991.2000,1,1,1,2,2,2,6,3,4,1
SF,IH2003,2019-11-20 09:35:54.000,2989.8000,13060,1,141679860.000,1,1,0,双开,S,2989.4000,2988.8000,2988.6000,2988.4000,2988.2000,2989.8000,2990.0000,2990.2000,2990.4000,2991.0000,1,1,2,2,4,3,1,8,1,4
SF,IH2003,2019-11-20 09:35:54.500,2989.8000,13060,0,141679860.000,0,-,-,-,-,2988.8000,2988.6000,2988.4000,2988.2000,2988.0000,2989.8000,2990.0000,2990.2000,2990.4000,2991.0000,1,2,2,4,1,3,1,8,1,4
SF,IH2003,2019-11-20 09:35:55.000,2989.8000,13060,0,141679860.000,0,-,-,-,-,2989.0000,2988.8000,2988.6000,2988.4000,2988.2000,2989.8000,2990.2000,2991.0000,2991.2000,2991.6000,4,1,2,2,4,3,7,4,1,1
SF,IH2003,2019-11-20 09:35:55.500,2989.8000,13060,0,141679860.000,0,-,-,-,-,2989.2000,2989.0000,2988.8000,2988.6000,2988.4000,2989.8000,2990.2000,2991.0000,2991.2000,2991.6000,1,2,1,2,2,3,7,4,1,1
SF,IH2003,2019-11-20 09:35:56.500,2989.8000,13060,0,141679860.000,0,-,-,-,-,2989.6000,2989.2000,2989.0000,2988.8000,2988.6000,2989.8000,2990.2000,2991.0000,2991.2000,2991.6000,2,1,2,1,2,3,7,4,1,1
SF,IH2003,2019-11-20 09:35:57.000,2989.8000,13060,0,141679860.000,0,-,-,-,-,2989.6000,2989.0000,2988.8000,2988.6000,2988.4000,2989.8000,2990.2000,2991.0000,2991.2000,2991.6000,2,2,1,2,2,1,3,4,1,1
SF,IH2003,2019-11-20 09:35:57.500,2989.8000,13060,0,141679860.000,0,-,-,-,-,2989.6000,2989.0000,2988.8000,2988.6000,2988.4000,2990.2000,2991.0000,2991.2000,2991.6000,2991.8000,2,2,1,2,2,3,4,1,1,1
SF,IH2003,2019-11-20 09:35:58.000,2989.8000,13060,0,141679860.000,0,-,-,-,-,2989.6000,2989.0000,2988.8000,2988.6000,2988.4000,2990.2000,2991.0000,2991.2000,2991.6000,2991.8000,2,2,1,2,2,3,4,1,1,1
SF,IH2003,2019-11-20 09:35:59.500,2989.8000,13060,0,141679860.000,0,-,-,-,-,2989.6000,2989.0000,2988.8000,2988.6000,2988.4000,2990.2000,2991.0000,2991.2000,2991.6000,2991.8000,2,2,1,2,2,2,4,1,1,1
