市场代码,合约代码,时间,最新,持仓,增仓,成交额,成交量,开仓,平仓,成交类型,方向,买一价,买二价,买三价,买四价,买五价,卖一价,卖二价,卖三价,卖四价,卖五价,买一量,买二量,买三量,买四量,买五量,卖一量,卖二量,卖三量,卖四量,卖五量
SF,IH2006,2020-01-23 09:29:00.300,2995.8000,9897,0,3594960.000,4.000,-,-,-,-,2995.0000,2994.6000,2991.8000,2990.0000,2988.0000,2996.0000,3009.0000,3009.6000,3010.0000,3011.0000,2,2,1,5,1,1,1,2,2,1
SF,IH2006,2020-01-23 09:30:00.300,2995.6000,9895,-2,8088360.000,5,1,4,多平,S,2995.0000,2994.6000,2991.8000,2990.0000,2988.8000,2995.6000,2996.0000,3009.0000,3009.6000,3010.0000,1,2,1,5,1,1,1,1,2,2
SF,IH2006,2020-01-23 09:30:00.800,2995.0000,9893,-2,12580980.000,5,1,4,多平,S,2994.6000,2990.0000,2988.8000,2988.0000,2987.2000,2995.0000,2995.6000,2995.8000,2996.0000,3009.0000,1,5,1,1,1,3,5,2,1,1
SF,IH2006,2020-01-23 09:30:01.300,2994.6000,9893,0,14377740.000,2,1,1,多换,S,2990.2000,2990.0000,2988.8000,2988.0000,2987.2000,2994.6000,2994.8000,2995.0000,2995.6000,2995.8000,1,5,1,1,1,1,1,5,4,2
SF,IH2006,2020-01-23 09:30:01.800,2994.6000,9893,0,14377740.000,0,-,-,-,-,2991.0000,2990.4000,2990.2000,2990.0000,2988.8000,2994.2000,2994.4000,2994.6000,2994.8000,2995.0000,1,2,1,6,1,1,1,1,1,5
SF,IH2006,2020-01-23 09:30:02.300,2994.6000,9893,0,16174500.000,2,1,1,多换,S,2991.2000,2991.0000,2990.2000,2990.0000,2988.8000,2994.4000,2994.6000,2994.8000,2995.0000,2995.6000,2,1,1,5,1,1,1,1,5,4
SF,IH2006,2020-01-23 09:30:02.800,2994.6000,9893,0,16174500.000,0,-,-,-,-,2991.2000,2991.0000,2990.2000,2990.0000,2988.8000,2994.2000,2994.4000,2994.6000,2994.8000,2995.0000,2,1,1,5,1,1,1,1,1,5
SF,IH2006,2020-01-23 09:30:03.300,2991.2000,9892,-1,17071860.000,1,0,1,双平,S,2991.2000,2991.0000,2990.2000,2990.0000,2988.8000,2994.0000,2994.6000,2994.8000,2995.0000,2995.6000,1,1,1,5,1,1,1,1,5,4
SF,IH2006,2020-01-23 09:30:03.800,2991.2000,9892,0,17071860.000,0,-,-,-,-,2991.2000,2991.0000,2990.2000,2990.0000,2988.8000,2994.0000,2994.6000,2994.8000,2995.0000,2995.6000,1,1,1,5,1,1,1,1,5,3
SF,IH2006,2020-01-23 09:30:04.300,2991.2000,9893,1,17969220.000,1,1,0,双开,S,2991.0000,2990.2000,2990.0000,2988.8000,2988.0000,2993.8000,2994.0000,2994.6000,2994.8000,2995.0000,1,1,5,1,1,1,2,1,1,5
SF,IH2006,2020-01-23 09:30:04.800,2991.2000,9893,0,17969220.000,0,-,-,-,-,2991.0000,2990.2000,2990.0000,2988.8000,2988.0000,2993.6000,2993.8000,2994.0000,2994.6000,2994.8000,1,1,5,1,1,1,1,1,1,1
SF,IH2006,2020-01-23 09:30:05.300,2991.2000,9893,0,17969220.000,0,-,-,-,-,2990.2000,2990.0000,2988.8000,2988.0000,2983.0000,2993.6000,2993.8000,2994.0000,2994.6000,2994.8000,1,5,1,1,5,1,1,1,1,1
SF,IH2006,2020-01-23 09:30:05.800,2991.2000,9893,0,17969220.000,0,-,-,-,-,2990.2000,2990.0000,2988.8000,2988.0000,2983.0000,2991.0000,2993.6000,2993.8000,2994.0000,2994.6000,1,5,1,1,5,5,1,1,1,1
SF,IH2006,2020-01-23 09:30:06.300,2991.0000,9888,-5,24249900.000,7,1,6,多平,S,2991.0000,2990.0000,2988.8000,2988.0000,2983.0000,2993.6000,2993.8000,2994.0000,2994.6000,2994.8000,2,4,1,1,5,1,1,1,1,1
SF,IH2006,2020-01-23 09:30:06.800,2991.0000,9888,0,24249900.000,0,-,-,-,-,2990.0000,2988.8000,2988.0000,2983.0000,2981.2000,2993.4000,2993.6000,2993.8000,2994.0000,2994.6000,4,1,1,5,1,1,1,1,1,1
SF,IH2006,2020-01-23 09:30:07.300,2991.0000,9888,0,24249900.000,0,-,-,-,-,2990.0000,2988.8000,2988.0000,2981.2000,2979.2000,2990.2000,2993.2000,2993.4000,2993.8000,2994.0000,4,1,1,1,6,1,1,1,1,1
SF,IH2006,2020-01-23 09:30:07.800,2990.2000,9886,-2,26044020.000,2,0,2,双平,S,2990.0000,2988.8000,2988.0000,2981.2000,2979.2000,2993.2000,2993.4000,2993.8000,2994.0000,2994.6000,4,1,1,1,6,1,1,1,1,1
SF,IH2006,2020-01-23 09:30:08.300,2990.2000,9886,0,26044020.000,0,-,-,-,-,2990.0000,2988.8000,2988.0000,2981.2000,2979.2000,2993.0000,2993.2000,2993.4000,2993.8000,2994.0000,4,1,1,1,6,2,1,1,1,1
SF,IH2006,2020-01-23 09:30:08.800,2990.2000,9886,0,26044020.000,0,-,-,-,-,2990.2000,2990.0000,2988.8000,2988.0000,2981.2000,2992.8000,2993.0000,2993.4000,2993.8000,2994.0000,1,4,1,1,1,1,2,1,1,1
SF,IH2006,2020-01-23 09:30:09.300,2990.0000,9885,-1,28735080.000,3,1,2,多平,S,2990.0000,2988.8000,2988.0000,2981.2000,2979.2000,2992.6000,2992.8000,2993.0000,2993.4000,2993.8000,2,1,1,1,6,2,1,1,1,1
SF,IH2006,2020-01-23 09:30:09.800,2992.4000,9886,1,31426800.000,3,2,1,空开,S,2988.8000,2988.0000,2981.2000,2979.2000,2978.4000,2992.6000,2993.0000,2993.4000,2993.8000,2994.0000,1,1,1,6,2,2,1,1,1,1
SF,IH2006,2020-01-23 09:30:10.300,2992.4000,9886,0,31426800.000,0,-,-,-,-,2989.0000,2988.8000,2988.0000,2981.2000,2979.2000,2990.0000,2990.4000,2991.0000,2992.4000,2992.6000,2,1,1,1,6,1,1,1,2,1
SF,IH2006,2020-01-23 09:30:10.800,2990.4000,9886,0,33221040.000,2,1,1,多换,S,2989.0000,2988.8000,2988.0000,2981.2000,2979.2000,2992.4000,2992.6000,2993.0000,2993.4000,2993.8000,1,1,1,1,6,2,1,1,1,1
SF,IH2006,2020-01-23 09:30:11.300,2989.2000,9885,-1,34117800.000,1,0,1,双平,S,2989.2000,2988.8000,2988.0000,2981.2000,2979.2000,2992.0000,2992.2000,2992.4000,2992.6000,2993.0000,2,1,1,1,6,1,4,2,1,1
SF,IH2006,2020-01-23 09:30:11.800,2989.2000,9885,0,34117800.000,0,-,-,-,-,2989.2000,2988.8000,2988.0000,2981.2000,2979.2000,2991.8000,2992.2000,2992.4000,2992.6000,2993.0000,1,1,1,1,6,2,1,2,1,2
SF,IH2006,2020-01-23 09:30:12.300,2989.2000,9885,0,34117800.000,0,-,-,-,-,2989.2000,2988.8000,2988.0000,2981.2000,2979.2000,2991.8000,2992.2000,2992.4000,2992.6000,2993.0000,1,1,1,1,6,2,1,2,1,2
SF,IH2006,2020-01-23 09:30:12.800,2989.2000,9884,-1,35014560.000,1,0,1,双平,S,2989.2000,2988.8000,2988.0000,2981.2000,2979.2000,2991.6000,2991.8000,2992.4000,2992.6000,2993.0000,1,1,1,1,6,1,2,2,1,2
SF,IH2006,2020-01-23 09:30:13.300,2989.2000,9884,0,35014560.000,0,-,-,-,-,2989.4000,2989.2000,2988.8000,2988.0000,2981.2000,2991.4000,2991.6000,2993.0000,2993.4000,2995.0000,1,1,1,1,1,2,1,2,1,3
SF,IH2006,2020-01-23 09:30:13.800,2989.2000,9884,0,35014560.000,0,-,-,-,-,2990.4000,2989.6000,2989.4000,2988.8000,2988.0000,2991.4000,2991.6000,2993.0000,2993.4000,2995.0000,1,1,1,1,1,2,1,2,1,3
SF,IH2006,2020-01-23 09:30:14.300,2989.2000,9884,0,35014560.000,0,-,-,-,-,2989.6000,2988.8000,2988.0000,2981.2000,2979.2000,2991.4000,2991.6000,2993.0000,2993.4000,2995.0000,1,1,1,1,6,1,1,2,1,3
SF,IH2006,2020-01-23 09:30:14.800,2989.2000,9884,0,35014560.000,0,-,-,-,-,2989.8000,2988.8000,2988.0000,2981.2000,2979.2000,2991.2000,2991.4000,2991.6000,2993.0000,2993.4000,1,1,1,1,6,1,1,1,2,1
SF,IH2006,2020-01-23 09:30:15.300,2989.4000,9884,0,35911380.000,1,0,1,多换,S,2988.8000,2988.0000,2981.2000,2979.2000,2978.4000,2991.0000,2991.2000,2993.0000,2993.4000,2995.0000,1,1,1,6,2,1,1,2,1,3
SF,IH2006,2020-01-23 09:30:15.800,2989.4000,9884,0,35911380.000,0,-,-,-,-,2989.0000,2988.8000,2988.6000,2988.0000,2981.2000,2990.8000,2991.0000,2993.0000,2993.4000,2995.0000,2,1,1,1,1,1,1,2,1,3
SF,IH2006,2020-01-23 09:30:16.300,2989.4000,9884,0,35911380.000,0,-,-,-,-,2989.0000,2988.8000,2988.6000,2988.0000,2981.2000,2990.6000,2990.8000,2993.0000,2993.4000,2995.0000,2,1,1,1,1,1,1,2,1,3
SF,IH2006,2020-01-23 09:30:16.800,2990.6000,9884,0,36808560.000,1,0,1,多换,S,2989.0000,2988.8000,2988.6000,2988.0000,2981.2000,2990.8000,2993.0000,2993.4000,2995.0000,2995.6000,1,1,1,1,1,1,2,1,3,2
SF,IH2006,2020-01-23 09:30:17.300,2990.6000,9884,0,36808560.000,0,-,-,-,-,2988.8000,2988.6000,2988.0000,2981.2000,2979.2000,2989.0000,2990.6000,2990.8000,2993.0000,2993.4000,1,1,1,1,6,1,1,1,2,1
SF,IH2006,2020-01-23 09:30:17.800,2988.8000,9882,-2,38601900.000,2,0,2,双平,S,2988.0000,2981.2000,2979.2000,2978.4000,2978.2000,2990.6000,2990.8000,2993.0000,2993.4000,2995.0000,1,1,6,2,1,1,1,2,1,3
SF,IH2006,2020-01-23 09:30:18.300,2988.8000,9882,0,38601900.000,0,-,-,-,-,2988.2000,2988.0000,2981.2000,2979.2000,2978.4000,2989.0000,2990.4000,2990.6000,2993.0000,2993.4000,2,2,1,6,2,1,1,1,2,1
SF,IH2006,2020-01-23 09:30:18.800,2989.0000,9881,-1,39498600.000,1,0,1,双平,S,2988.2000,2988.0000,2981.2000,2979.2000,2978.4000,2990.4000,2993.0000,2993.4000,2995.0000,2995.6000,2,2,1,6,2,1,2,1,3,2
SF,IH2006,2020-01-23 09:30:19.300,2989.0000,9881,0,39498600.000,0,-,-,-,-,2988.2000,2988.0000,2981.2000,2979.2000,2978.4000,2990.2000,2990.4000,2993.0000,2993.4000,2995.0000,2,2,1,6,2,1,1,2,1,3
SF,IH2006,2020-01-23 09:30:19.800,2988.2000,9881,0,40395060.000,1,0,1,多换,S,2988.2000,2988.0000,2981.2000,2979.2000,2978.4000,2990.0000,2990.2000,2993.0000,2993.4000,2995.0000,1,1,1,6,2,2,1,2,1,3
SF,IH2006,2020-01-23 09:30:20.300,2988.2000,9881,0,40395060.000,0,-,-,-,-,2988.0000,2981.2000,2979.2000,2978.4000,2978.2000,2989.8000,2990.0000,2990.2000,2993.0000,2993.4000,2,1,6,2,1,1,3,1,2,1
SF,IH2006,2020-01-23 09:30:20.800,2988.2000,9881,0,40395060.000,0,-,-,-,-,2988.2000,2988.0000,2981.2000,2979.2000,2978.4000,2989.6000,2989.8000,2990.0000,2990.2000,2993.0000,1,2,1,6,2,2,1,1,1,1
SF,IH2006,2020-01-23 09:30:21.300,2988.2000,9881,0,40395060.000,0,-,-,-,-,2988.0000,2981.2000,2979.2000,2978.4000,2978.2000,2989.4000,2989.6000,2989.8000,2990.0000,2993.0000,1,1,6,2,1,1,2,1,2,1
SF,IH2006,2020-01-23 09:30:21.800,2988.0000,9877,-4,46672860.000,7,1,6,多平,S,2988.0000,2981.2000,2979.2000,2978.4000,2978.2000,2993.0000,2993.4000,2995.0000,2995.6000,2995.8000,1,1,6,2,1,1,1,3,2,2
SF,IH2006,2020-01-23 09:30:22.300,2988.0000,9877,0,47569260.000,1,0,1,多换,S,2988.0000,2981.2000,2979.2000,2978.4000,2978.2000,2991.0000,2992.0000,2992.2000,2992.8000,2993.0000,1,1,6,2,1,1,1,1,1,1
SF,IH2006,2020-01-23 09:30:22.800,2988.0000,9877,0,47569260.000,0,-,-,-,-,2988.8000,2988.0000,2981.2000,2979.2000,2978.4000,2990.8000,2991.0000,2992.0000,2992.2000,2993.0000,1,1,1,6,2,1,1,2,1,1
SF,IH2006,2020-01-23 09:30:23.300,2988.8000,9877,0,48465900.000,1,0,1,多换,S,2981.2000,2979.2000,2978.4000,2978.2000,2975.0000,2990.8000,2991.0000,2992.0000,2992.2000,2993.0000,1,6,2,1,3,1,1,2,1,1
SF,IH2006,2020-01-23 09:30:23.800,2988.8000,9877,0,48465900.000,0,-,-,-,-,2988.0000,2987.0000,2985.2000,2985.0000,2983.2000,2990.4000,2990.8000,2991.0000,2992.0000,2992.2000,1,1,1,2,1,10,2,1,1,1
SF,IH2006,2020-01-23 09:30:24.300,2988.8000,9877,0,48465900.000,0,-,-,-,-,2988.0000,2987.0000,2985.2000,2985.0000,2983.2000,2990.4000,2990.8000,2991.0000,2992.0000,2992.2000,1,1,1,2,1,10,2,1,1,1
SF,IH2006,2020-01-23 09:30:24.800,2988.0000,9877,0,49362300.000,1,0,1,多换,S,2987.0000,2985.2000,2985.0000,2983.2000,2982.0000,2990.2000,2990.4000,2990.8000,2991.0000,2992.0000,1,1,2,1,1,1,10,1,1,1
SF,IH2006,2020-01-23 09:30:25.300,2988.0000,9877,0,49362300.000,0,-,-,-,-,2987.2000,2987.0000,2985.2000,2985.0000,2983.2000,2990.2000,2990.4000,2990.8000,2991.0000,2992.0000,2,1,1,2,1,1,10,1,1,1
SF,IH2006,2020-01-23 09:30:25.800,2988.0000,9877,0,49362300.000,0,-,-,-,-,2988.0000,2987.2000,2987.0000,2985.2000,2985.0000,2990.0000,2990.2000,2990.4000,2990.8000,2991.0000,1,2,1,1,1,1,1,10,1,1
SF,IH2006,2020-01-23 09:30:26.300,2988.0000,9876,-1,50258700.000,1,0,1,双平,S,2987.2000,2987.0000,2985.2000,2985.0000,2983.2000,2988.0000,2989.8000,2990.0000,2990.4000,2990.8000,1,1,1,1,1,1,1,1,10,1
SF,IH2006,2020-01-23 09:30:26.800,2987.4000,9875,-1,51154920.000,1,0,1,双平,S,2987.4000,2987.2000,2987.0000,2985.2000,2985.0000,2988.0000,2989.8000,2990.0000,2990.4000,2990.8000,12,1,1,1,1,1,1,1,10,1
SF,IH2006,2020-01-23 09:30:27.300,2987.4000,9869,-6,56532240.000,6,0,6,双平,S,2987.0000,2985.2000,2985.0000,2983.2000,2982.0000,2988.0000,2989.8000,2990.0000,2990.4000,2990.8000,1,1,1,1,1,1,1,1,10,1
SF,IH2006,2020-01-23 09:30:27.800,2987.0000,9869,0,57428340.000,1,0,1,多换,S,2985.2000,2985.0000,2983.2000,2982.0000,2981.6000,2988.0000,2989.8000,2990.0000,2990.4000,2990.8000,1,1,1,1,5,1,1,1,10,1
SF,IH2006,2020-01-23 09:30:28.300,2987.0000,9869,0,57428340.000,0,-,-,-,-,2985.6000,2985.4000,2985.2000,2985.0000,2983.2000,2987.8000,2988.0000,2990.0000,2990.4000,2990.8000,5,2,1,2,1,1,1,1,10,1
SF,IH2006,2020-01-23 09:30:28.800,2987.0000,9869,0,57428340.000,0,-,-,-,-,2985.8000,2985.2000,2985.0000,2982.0000,2981.4000,2987.6000,2987.8000,2988.0000,2990.0000,2990.4000,2,1,2,1,2,1,1,1,1,10
SF,IH2006,2020-01-23 09:30:29.300,2987.0000,9869,0,57428340.000,0,-,-,-,-,2985.8000,2985.2000,2985.0000,2982.0000,2981.4000,2987.4000,2987.6000,2988.0000,2990.0000,2990.4000,2,1,2,1,2,1,1,1,1,10
SF,IH2006,2020-01-23 09:30:29.800,2987.0000,9869,0,57428340.000,0,-,-,-,-,2985.8000,2985.2000,2985.0000,2982.0000,2981.4000,2987.4000,2988.0000,2990.0000,2990.4000,2990.8000,2,1,2,1,2,1,1,1,10,1
SF,IH2006,2020-01-23 09:30:30.300,2987.0000,9869,0,57428340.000,0,-,-,-,-,2986.0000,2985.8000,2985.2000,2985.0000,2982.0000,2987.4000,2988.0000,2990.0000,2990.4000,2990.6000,1,2,1,2,1,1,1,1,10,5
SF,IH2006,2020-01-23 09:30:30.800,2985.8000,9867,-2,60115740.000,3,0,3,多平,S,2985.2000,2985.0000,2982.0000,2981.4000,2979.2000,2985.8000,2987.4000,2988.0000,2990.0000,2990.4000,1,2,1,2,6,3,1,1,1,10
SF,IH2006,2020-01-23 09:30:31.300,2985.8000,9864,-3,62802960.000,3,0,3,双平,S,2985.4000,2985.2000,2985.0000,2982.0000,2981.4000,2987.4000,2988.0000,2990.0000,2990.4000,2990.6000,2,1,2,1,2,1,1,1,10,1
SF,IH2006,2020-01-23 09:30:31.800,2985.8000,9864,0,62802960.000,0,-,-,-,-,2985.4000,2985.2000,2985.0000,2982.0000,2981.4000,2987.2000,2987.4000,2988.0000,2990.0000,2990.4000,2,1,2,1,2,2,1,1,1,10
SF,IH2006,2020-01-23 09:30:32.300,2985.8000,9864,0,62802960.000,0,-,-,-,-,2985.4000,2985.2000,2985.0000,2982.0000,2981.4000,2987.0000,2987.2000,2988.0000,2990.0000,2990.4000,1,1,2,1,2,2,2,1,1,10
SF,IH2006,2020-01-23 09:30:32.800,2985.4000,9863,-1,63698580.000,1,0,1,双平,S,2985.2000,2985.0000,2982.0000,2981.4000,2979.2000,2986.8000,2987.0000,2987.2000,2988.0000,2990.0000,1,2,1,2,6,1,1,1,1,1
SF,IH2006,2020-01-23 09:30:33.300,2985.4000,9863,0,63698580.000,0,-,-,-,-,2985.2000,2985.0000,2982.0000,2981.4000,2979.2000,2986.6000,2986.8000,2987.2000,2988.0000,2990.0000,1,2,1,2,6,2,1,1,1,1
SF,IH2006,2020-01-23 09:30:33.800,2985.4000,9863,0,63698580.000,0,-,-,-,-,2985.2000,2985.0000,2982.0000,2981.4000,2979.2000,2986.4000,2986.6000,2987.2000,2988.0000,2990.0000,1,2,1,2,6,1,2,1,1,1
SF,IH2006,2020-01-23 09:30:34.300,2985.4000,9863,0,63698580.000,0,-,-,-,-,2985.2000,2985.0000,2982.0000,2981.4000,2979.2000,2986.2000,2986.4000,2986.6000,2988.0000,2990.0000,1,2,1,2,6,1,1,2,1,1
SF,IH2006,2020-01-23 09:30:34.800,2985.2000,9862,-1,64594140.000,1,0,1,双平,S,2985.0000,2982.0000,2981.4000,2979.2000,2978.4000,2985.2000,2986.2000,2986.4000,2986.6000,2988.0000,2,1,2,6,2,4,1,1,2,1
SF,IH2006,2020-01-23 09:30:35.300,2986.2000,9858,-4,69072240.000,5,0,5,多平,S,2985.2000,2985.0000,2982.0000,2981.4000,2979.2000,2986.4000,2986.6000,2990.0000,2990.4000,2990.6000,1,2,1,2,6,1,2,1,10,1
SF,IH2006,2020-01-23 09:30:35.800,2986.2000,9858,0,69072240.000,0,-,-,-,-,2985.2000,2982.0000,2981.4000,2979.2000,2978.4000,2986.4000,2986.6000,2990.0000,2990.4000,2990.6000,1,1,2,1,2,1,2,1,10,1
SF,IH2006,2020-01-23 09:30:36.300,2985.2000,9857,-1,69967800.000,1,0,1,双平,S,2985.0000,2982.0000,2981.4000,2979.2000,2978.4000,2986.4000,2986.6000,2990.0000,2990.4000,2990.6000,1,1,2,1,2,1,2,1,10,1
SF,IH2006,2020-01-23 09:30:36.800,2985.2000,9857,0,69967800.000,0,-,-,-,-,2985.0000,2982.0000,2981.4000,2979.2000,2978.4000,2985.2000,2986.4000,2986.6000,2990.0000,2990.4000,1,1,2,1,2,1,1,2,1,10
SF,IH2006,2020-01-23 09:30:37.300,2985.0000,9851,-6,75341100.000,6,0,6,双平,S,2985.0000,2982.0000,2981.4000,2979.2000,2978.4000,2986.4000,2986.6000,2990.0000,2990.4000,2990.6000,1,1,2,1,2,1,1,1,10,1
SF,IH2006,2020-01-23 09:30:37.800,2986.4000,9850,-1,76237020.000,1,0,1,双平,S,2986.4000,2985.2000,2985.0000,2982.0000,2981.4000,2986.6000,2990.0000,2990.4000,2990.6000,2994.4000,1,1,1,1,2,1,1,10,1,4
SF,IH2006,2020-01-23 09:30:38.300,2986.6000,9849,-1,78028920.000,2,0,2,多平,S,2985.2000,2985.0000,2982.0000,2981.4000,2979.2000,2990.0000,2990.4000,2990.6000,2994.4000,2995.0000,1,1,1,2,1,1,10,1,4,3
SF,IH2006,2020-01-23 09:30:38.800,2986.6000,9849,0,78028920.000,0,-,-,-,-,2985.4000,2985.2000,2985.0000,2982.0000,2981.4000,2989.8000,2990.0000,2990.4000,2990.6000,2994.4000,6,3,2,1,2,2,2,10,1,4
SF,IH2006,2020-01-23 09:30:39.300,2986.6000,9849,0,78028920.000,0,-,-,-,-,2985.6000,2985.4000,2985.2000,2985.0000,2982.0000,2989.6000,2989.8000,2990.0000,2990.4000,2990.6000,3,1,1,1,1,1,2,2,10,1
SF,IH2006,2020-01-23 09:30:39.800,2986.6000,9849,0,78028920.000,0,-,-,-,-,2985.8000,2985.6000,2985.2000,2985.0000,2982.0000,2988.6000,2989.4000,2989.6000,2990.0000,2990.4000,1,3,1,1,1,1,2,1,2,10
SF,IH2006,2020-01-23 09:30:40.300,2985.6000,9847,-2,80716080.000,3,0,3,多平,S,2985.2000,2985.0000,2982.0000,2981.4000,2979.2000,2985.6000,2988.4000,2988.6000,2989.6000,2990.0000,1,1,1,2,1,7,3,1,1,2
SF,IH2006,2020-01-23 09:30:40.800,2985.6000,9840,-7,86985840.000,7,0,7,双平,S,2985.6000,2985.4000,2985.2000,2982.0000,2981.4000,2985.8000,2988.4000,2988.6000,2989.6000,2990.0000,10,1,1,1,2,8,3,1,1,2
SF,IH2006,2020-01-23 09:30:41.300,2985.6000,9831,-9,95047380.000,9,0,9,双平,S,2985.6000,2985.2000,2982.0000,2981.4000,2979.2000,2985.8000,2988.4000,2988.6000,2989.6000,2990.0000,8,1,1,2,1,2,3,1,1,2
SF,IH2006,2020-01-23 09:30:42.300,2985.6000,9830,-1,95943060.000,1,0,1,双平,S,2985.6000,2985.2000,2982.0000,2981.4000,2979.2000,2985.8000,2988.4000,2988.6000,2989.6000,2990.0000,7,1,1,2,1,2,3,1,1,2
SF,IH2006,2020-01-23 09:30:42.800,2985.6000,9829,-1,104900040.000,10,4,6,多平,S,2985.2000,2982.0000,2981.4000,2979.2000,2978.4000,2988.4000,2988.6000,2989.6000,2990.0000,2990.4000,1,1,2,1,2,3,1,1,2,10
SF,IH2006,2020-01-23 09:30:43.300,2985.6000,9829,0,104900040.000,0,-,-,-,-,2985.4000,2985.2000,2985.0000,2982.0000,2981.4000,2987.6000,2988.2000,2988.4000,2989.6000,2990.0000,2,2,2,1,2,1,1,3,1,2
SF,IH2006,2020-01-23 09:30:43.800,2987.4000,9829,0,105796260.000,1,0,1,多换,S,2985.6000,2985.4000,2985.2000,2985.0000,2982.0000,2987.4000,2987.6000,2988.4000,2989.6000,2990.0000,1,2,1,1,1,1,1,1,1,2
SF,IH2006,2020-01-23 09:30:44.300,2987.4000,9829,0,105796260.000,0,-,-,-,-,2985.6000,2985.4000,2985.2000,2985.0000,2982.0000,2987.4000,2988.4000,2989.6000,2990.0000,2990.4000,1,2,1,1,1,1,1,1,2,10
SF,IH2006,2020-01-23 09:30:44.800,2987.4000,9829,0,105796260.000,0,-,-,-,-,2985.8000,2985.4000,2985.2000,2985.0000,2982.0000,2987.2000,2987.4000,2988.4000,2989.6000,2990.0000,1,1,1,1,1,1,1,1,1,2
SF,IH2006,2020-01-23 09:30:45.300,2987.4000,9829,0,105796260.000,0,-,-,-,-,2986.0000,2985.8000,2985.6000,2985.2000,2985.0000,2987.2000,2988.4000,2989.6000,2990.0000,2990.4000,1,1,1,1,1,1,1,1,2,10
SF,IH2006,2020-01-23 09:30:45.800,2987.4000,9829,0,105796260.000,0,-,-,-,-,2986.2000,2985.8000,2985.6000,2985.2000,2985.0000,2988.4000,2989.6000,2990.0000,2990.4000,2990.6000,1,1,1,1,1,1,1,2,10,1
SF,IH2006,2020-01-23 09:30:46.300,2987.4000,9829,0,105796260.000,0,-,-,-,-,2987.2000,2986.2000,2985.8000,2985.6000,2985.2000,2988.2000,2988.4000,2989.6000,2990.0000,2990.4000,1,1,1,1,1,1,1,1,2,10
SF,IH2006,2020-01-23 09:30:46.800,2987.2000,9828,-1,106692420.000,1,0,1,双平,S,2985.8000,2985.6000,2985.2000,2985.0000,2982.0000,2987.2000,2988.0000,2988.2000,2989.6000,2990.0000,1,1,1,1,1,1,1,1,1,2
SF,IH2006,2020-01-23 09:30:47.300,2987.2000,9828,0,106692420.000,0,-,-,-,-,2986.0000,2985.8000,2985.6000,2985.2000,2985.0000,2987.2000,2988.0000,2988.2000,2989.6000,2990.0000,1,1,1,1,1,1,1,1,1,2
SF,IH2006,2020-01-23 09:30:47.800,2988.0000,9828,0,107588820.000,1,0,1,多换,S,2988.0000,2986.2000,2986.0000,2985.8000,2985.6000,2988.2000,2989.6000,2990.0000,2990.6000,2994.4000,3,1,1,1,1,1,1,2,1,4
SF,IH2006,2020-01-23 09:30:48.300,2988.0000,9825,-3,110278020.000,3,0,3,双平,S,2986.2000,2985.8000,2985.6000,2985.4000,2985.2000,2987.2000,2988.0000,2988.2000,2989.6000,2990.0000,1,1,1,2,1,2,4,1,1,2
SF,IH2006,2020-01-23 09:30:48.800,2988.0000,9825,0,110278020.000,0,-,-,-,-,2986.2000,2985.8000,2985.6000,2985.4000,2985.2000,2987.2000,2988.0000,2988.2000,2989.6000,2990.0000,1,1,1,2,1,2,2,1,1,2
SF,IH2006,2020-01-23 09:30:49.300,2988.0000,9825,0,110278020.000,0,-,-,-,-,2985.6000,2985.4000,2985.2000,2985.0000,2984.0000,2986.2000,2987.0000,2987.2000,2988.0000,2989.6000,1,2,1,1,1,1,1,2,2,1
SF,IH2006,2020-01-23 09:30:49.800,2986.2000,9824,-1,111173880.000,1,0,1,双平,S,2985.6000,2985.4000,2985.2000,2985.0000,2984.0000,2987.0000,2987.2000,2989.6000,2990.0000,2990.6000,1,2,1,1,1,1,2,1,2,1
SF,IH2006,2020-01-23 09:30:50.300,2986.2000,9824,0,111173880.000,0,-,-,-,-,2985.8000,2985.6000,2985.4000,2985.2000,2985.0000,2986.8000,2987.2000,2989.6000,2990.0000,2990.6000,2,1,2,1,1,1,2,1,2,1
SF,IH2006,2020-01-23 09:30:50.800,2986.2000,9824,0,111173880.000,0,-,-,-,-,2985.8000,2985.6000,2985.4000,2985.2000,2985.0000,2986.8000,2987.2000,2989.6000,2990.0000,2990.6000,2,1,2,1,1,1,2,1,2,1
SF,IH2006,2020-01-23 09:30:51.300,2986.2000,9824,0,111173880.000,0,-,-,-,-,2985.8000,2985.6000,2985.4000,2985.2000,2985.0000,2987.2000,2989.6000,2990.0000,2990.6000,2994.4000,2,1,2,1,1,2,1,2,1,4
SF,IH2006,2020-01-23 09:30:51.800,2985.8000,9825,1,112965360.000,2,1,1,空开,S,2985.6000,2985.4000,2985.2000,2985.0000,2984.0000,2987.0000,2987.2000,2989.6000,2990.0000,2990.6000,1,2,1,1,1,2,2,1,2,1
SF,IH2006,2020-01-23 09:30:52.300,2985.8000,9825,0,113861100.000,1,0,1,多换,S,2985.6000,2985.4000,2985.2000,2985.0000,2984.0000,2987.0000,2987.2000,2989.6000,2990.0000,2990.6000,1,2,1,1,1,2,2,1,2,1
SF,IH2006,2020-01-23 09:30:52.800,2985.8000,9825,0,113861100.000,0,-,-,-,-,2986.0000,2985.8000,2985.6000,2985.4000,2985.2000,2987.2000,2989.6000,2990.0000,2990.6000,2994.4000,3,1,1,2,1,2,1,2,1,4
SF,IH2006,2020-01-23 09:30:53.300,2985.8000,9825,0,113861100.000,0,-,-,-,-,2986.0000,2985.8000,2985.6000,2985.4000,2985.2000,2989.6000,2990.0000,2990.6000,2994.4000,2995.0000,3,1,1,2,1,1,2,1,4,3
SF,IH2006,2020-01-23 09:30:53.800,2985.8000,9824,-1,114756840.000,1,0,1,双平,S,2986.2000,2986.0000,2985.8000,2985.6000,2985.4000,2989.4000,2989.6000,2990.0000,2990.6000,2994.4000,1,3,1,1,2,2,1,2,1,4
SF,IH2006,2020-01-23 09:30:54.300,2985.8000,9824,0,114756840.000,0,-,-,-,-,2986.2000,2986.0000,2985.6000,2985.4000,2985.2000,2989.4000,2989.6000,2990.0000,2990.6000,2994.4000,1,3,1,2,1,2,1,2,1,4
SF,IH2006,2020-01-23 09:30:54.800,2985.8000,9824,0,114756840.000,0,-,-,-,-,2986.2000,2986.0000,2985.6000,2985.4000,2985.2000,2989.4000,2989.6000,2990.0000,2990.6000,2994.4000,1,3,1,2,1,2,1,2,1,4
SF,IH2006,2020-01-23 09:30:55.300,2985.8000,9824,0,114756840.000,0,-,-,-,-,2986.0000,2985.6000,2985.4000,2985.2000,2985.0000,2988.6000,2989.2000,2989.4000,2989.6000,2990.0000,3,1,2,1,2,1,2,2,1,2
SF,IH2006,2020-01-23 09:30:55.800,2985.8000,9824,0,114756840.000,0,-,-,-,-,2986.0000,2985.6000,2985.4000,2985.2000,2985.0000,2988.4000,2989.2000,2990.0000,2990.6000,2994.4000,3,1,2,1,2,2,1,1,1,4
SF,IH2006,2020-01-23 09:30:56.300,2985.8000,9824,0,114756840.000,0,-,-,-,-,2986.4000,2986.2000,2986.0000,2985.6000,2985.4000,2988.4000,2990.6000,2994.4000,2995.0000,2995.6000,5,1,4,1,2,2,1,4,3,2
SF,IH2006,2020-01-23 09:30:56.800,2985.8000,9824,0,114756840.000,0,-,-,-,-,2986.6000,2986.2000,2986.0000,2985.6000,2985.4000,2988.4000,2990.6000,2994.4000,2995.0000,2995.6000,1,1,4,1,2,2,1,4,3,2
SF,IH2006,2020-01-23 09:30:57.300,2988.4000,9823,-1,115653360.000,1,0,1,双平,S,2986.8000,2986.6000,2986.2000,2986.0000,2985.6000,2988.4000,2990.6000,2994.4000,2995.0000,2995.6000,1,1,1,4,1,1,1,4,3,2
SF,IH2006,2020-01-23 09:30:57.800,2988.4000,9823,0,115653360.000,0,-,-,-,-,2987.0000,2986.8000,2986.6000,2986.2000,2986.0000,2988.2000,2988.4000,2990.6000,2994.4000,2995.0000,1,1,1,1,4,1,1,1,4,3
SF,IH2006,2020-01-23 09:30:58.300,2988.4000,9823,0,115653360.000,0,-,-,-,-,2987.2000,2987.0000,2986.0000,2985.6000,2985.4000,2990.6000,2994.4000,2995.0000,2995.6000,3009.0000,1,1,5,1,2,1,4,3,2,1
SF,IH2006,2020-01-23 09:30:58.800,2986.0000,9823,0,117444960.000,2,1,1,多换,S,2986.0000,2985.6000,2985.4000,2985.2000,2985.0000,2990.4000,2990.6000,2994.4000,2995.0000,2995.6000,3,1,2,1,2,3,2,4,3,2
SF,IH2006,2020-01-23 09:30:59.300,2986.0000,9823,0,117444960.000,0,-,-,-,-,2986.4000,2986.2000,2986.0000,2985.6000,2985.4000,2987.6000,2990.2000,2990.4000,2990.6000,2994.4000,5,1,2,1,2,1,1,4,1,4
SF,IH2006,2020-01-23 09:30:59.800,2987.6000,9822,-1,118341240.000,1,0,1,双平,S,2986.6000,2986.0000,2985.4000,2985.2000,2985.0000,2990.4000,2990.6000,2994.4000,2995.0000,2995.6000,1,2,2,1,2,4,1,4,3,2
SF,IH2006,2020-01-23 09:31:00.300,2987.6000,9822,0,118341240.000,0,-,-,-,-,2986.8000,2986.6000,2986.0000,2985.4000,2985.2000,2990.2000,2990.4000,2990.6000,2994.4000,2995.0000,1,1,2,2,1,1,3,1,4,3
SF,IH2006,2020-01-23 09:31:00.800,2987.6000,9822,0,118341240.000,0,-,-,-,-,2986.8000,2986.6000,2986.0000,2985.4000,2985.2000,2990.0000,2990.2000,2990.4000,2990.6000,2994.4000,1,1,2,2,1,2,2,1,1,4
SF,IH2006,2020-01-23 09:31:01.300,2987.6000,9822,0,118341240.000,0,-,-,-,-,2986.0000,2985.4000,2985.2000,2985.0000,2984.0000,2989.8000,2990.0000,2990.2000,2990.4000,2990.6000,2,2,1,2,2,2,2,2,1,1
SF,IH2006,2020-01-23 09:31:01.800,2986.0000,9822,0,119237040.000,1,0,1,多换,S,2986.0000,2985.4000,2985.2000,2985.0000,2984.0000,2988.6000,2989.6000,2989.8000,2990.2000,2990.4000,1,2,1,2,2,1,2,2,2,1
SF,IH2006,2020-01-23 09:31:02.300,2986.0000,9822,0,119237040.000,0,-,-,-,-,2986.2000,2986.0000,2985.4000,2985.2000,2985.0000,2988.4000,2989.8000,2990.2000,2990.6000,2994.4000,2,1,2,1,2,2,1,2,1,4
SF,IH2006,2020-01-23 09:31:02.800,2986.2000,9821,-1,121028760.000,2,0,2,多平,S,2986.0000,2985.4000,2985.2000,2985.0000,2984.0000,2986.2000,2988.2000,2988.4000,2989.8000,2990.2000,1,2,1,2,2,1,1,1,1,2
SF,IH2006,2020-01-23 09:31:03.300,2986.2000,9820,-1,121924620.000,1,0,1,双平,S,2986.4000,2986.0000,2985.4000,2985.2000,2985.0000,2988.2000,2988.4000,2989.8000,2990.2000,2990.6000,1,1,2,1,2,1,1,1,2,1
SF,IH2006,2020-01-23 09:31:03.800,2986.4000,9819,-1,122820540.000,1,0,1,双平,S,2986.0000,2985.4000,2985.2000,2985.0000,2984.0000,2988.0000,2988.2000,2989.8000,2990.2000,2990.6000,1,2,1,3,2,1,1,1,2,1
SF,IH2006,2020-01-23 09:31:04.300,2986.4000,9819,0,122820540.000,0,-,-,-,-,2986.2000,2986.0000,2985.4000,2985.2000,2985.0000,2987.8000,2988.0000,2990.2000,2990.6000,2994.4000,5,1,2,1,3,1,1,1,1,4
SF,IH2006,2020-01-23 09:31:04.800,2986.4000,9818,-1,123716460.000,1,0,1,双平,S,2986.0000,2985.4000,2985.2000,2985.0000,2984.0000,2987.8000,2988.0000,2990.2000,2990.6000,2994.4000,1,2,1,3,2,1,1,1,1,4
SF,IH2006,2020-01-23 09:31:05.300,2986.4000,9818,0,123716460.000,0,-,-,-,-,2986.0000,2985.4000,2985.2000,2985.0000,2984.0000,2987.6000,2987.8000,2990.2000,2990.6000,2994.4000,1,2,1,3,2,1,1,1,1,4
SF,IH2006,2020-01-23 09:31:05.800,2986.0000,9818,0,124612260.000,1,0,1,多换,S,2985.4000,2985.2000,2985.0000,2984.0000,2982.0000,2987.4000,2987.6000,2990.2000,2990.6000,2994.4000,2,1,3,2,1,1,1,1,1,4
SF,IH2006,2020-01-23 09:31:06.300,2985.8000,9817,-1,125508000.000,1,0,1,双平,S,2985.8000,2985.4000,2985.2000,2985.0000,2984.0000,2987.2000,2987.4000,2990.2000,2990.6000,2994.4000,4,2,1,3,2,1,1,1,1,4
SF,IH2006,2020-01-23 09:31:06.800,2987.0000,9817,0,126404100.000,1,0,1,多换,S,2985.6000,2985.4000,2985.2000,2985.0000,2984.0000,2987.0000,2987.2000,2990.2000,2990.6000,2994.4000,1,2,1,3,2,2,1,1,1,4
SF,IH2006,2020-01-23 09:31:07.300,2987.0000,9817,0,126404100.000,0,-,-,-,-,2985.4000,2985.2000,2985.0000,2984.0000,2982.0000,2987.0000,2987.2000,2990.2000,2990.6000,2994.4000,2,1,3,2,1,2,1,1,1,4
SF,IH2006,2020-01-23 09:31:07.800,2987.0000,9817,0,126404100.000,0,-,-,-,-,2985.8000,2985.6000,2985.4000,2985.2000,2985.0000,2987.2000,2990.2000,2990.6000,2994.4000,2995.0000,1,1,2,1,3,1,1,1,4,3
SF,IH2006,2020-01-23 09:31:08.300,2985.8000,9816,-1,128195640.000,2,0,2,多平,S,2985.8000,2985.4000,2985.2000,2985.0000,2984.0000,2987.2000,2990.2000,2990.6000,2994.4000,2995.0000,1,2,1,3,2,1,1,1,4,3
SF,IH2006,2020-01-23 09:31:08.800,2985.8000,9816,0,128195640.000,0,-,-,-,-,2985.8000,2985.4000,2985.2000,2985.0000,2984.0000,2987.0000,2987.2000,2990.2000,2990.6000,2994.4000,1,2,1,3,2,1,1,1,1,4
SF,IH2006,2020-01-23 09:31:09.300,2985.8000,9816,0,128195640.000,0,-,-,-,-,2985.8000,2985.4000,2985.2000,2985.0000,2984.0000,2986.8000,2987.0000,2987.2000,2990.2000,2990.6000,1,2,1,3,2,1,1,1,1,1
SF,IH2006,2020-01-23 09:31:10.300,2985.8000,9816,0,129091380.000,1,0,1,多换,S,2985.4000,2985.2000,2985.0000,2984.0000,2982.0000,2986.8000,2987.0000,2987.2000,2990.2000,2990.6000,2,1,3,2,1,1,1,1,1,1
SF,IH2006,2020-01-23 09:31:10.800,2985.8000,9816,0,129091380.000,0,-,-,-,-,2985.4000,2985.2000,2985.0000,2984.0000,2982.0000,2987.0000,2987.2000,2990.2000,2990.6000,2994.4000,2,1,3,2,1,1,1,1,1,4
SF,IH2006,2020-01-23 09:31:11.300,2985.8000,9816,0,129091380.000,0,-,-,-,-,2985.6000,2985.4000,2985.2000,2985.0000,2984.0000,2987.0000,2987.2000,2990.2000,2990.6000,2994.4000,4,2,1,3,2,1,1,1,1,4
SF,IH2006,2020-01-23 09:31:11.800,2985.8000,9815,-1,129987120.000,1,0,1,双平,S,2985.6000,2985.4000,2985.2000,2985.0000,2984.0000,2987.2000,2990.2000,2990.6000,2994.4000,2995.0000,4,2,1,3,3,1,1,1,4,3
SF,IH2006,2020-01-23 09:31:12.300,2985.8000,9815,0,130882860.000,1,0,1,多换,S,2985.6000,2985.4000,2985.2000,2985.0000,2984.0000,2987.0000,2987.2000,2990.2000,2990.6000,2994.4000,4,2,1,3,3,3,1,1,1,4
SF,IH2006,2020-01-23 09:31:12.800,2987.0000,9814,-1,131778960.000,1,0,1,双平,S,2985.6000,2985.4000,2985.2000,2985.0000,2984.0000,2987.0000,2987.2000,2990.2000,2990.6000,2994.4000,4,2,1,3,3,1,1,1,1,4
SF,IH2006,2020-01-23 09:31:13.300,2985.8000,9813,-1,132674700.000,1,0,1,双平,S,2985.6000,2985.4000,2985.2000,2985.0000,2984.0000,2990.2000,2990.6000,2994.4000,2995.0000,2995.6000,4,2,1,5,3,1,1,4,3,2
SF,IH2006,2020-01-23 09:31:13.800,2985.8000,9813,0,132674700.000,0,-,-,-,-,2985.8000,2985.6000,2985.4000,2985.2000,2985.0000,2990.0000,2990.2000,2990.6000,2994.4000,2995.0000,1,4,2,1,5,2,3,1,4,3
SF,IH2006,2020-01-23 09:31:14.300,2985.8000,9813,0,132674700.000,0,-,-,-,-,2985.8000,2985.6000,2985.4000,2985.2000,2985.0000,2989.8000,2990.0000,2990.2000,2990.6000,2994.4000,1,4,2,1,5,2,2,3,1,4
SF,IH2006,2020-01-23 09:31:14.800,2985.8000,9813,0,133570440.000,1,0,1,多换,S,2985.6000,2985.4000,2985.2000,2985.0000,2984.0000,2989.6000,2989.8000,2990.2000,2990.6000,2994.4000,4,2,1,5,3,3,2,2,1,4
SF,IH2006,2020-01-23 09:31:15.300,2985.8000,9813,0,133570440.000,0,-,-,-,-,2985.6000,2985.4000,2985.2000,2985.0000,2984.6000,2989.4000,2989.6000,2989.8000,2990.2000,2990.6000,4,2,1,5,2,2,3,2,2,1
SF,IH2006,2020-01-23 09:31:15.800,2985.8000,9813,0,133570440.000,0,-,-,-,-,2985.4000,2985.2000,2985.0000,2984.6000,2984.0000,2985.6000,2989.2000,2989.4000,2989.8000,2990.2000,2,1,5,2,3,1,3,2,2,2
SF,IH2006,2020-01-23 09:31:16.300,2985.6000,9811,-2,135361800.000,2,0,2,双平,S,2985.6000,2985.4000,2985.2000,2985.0000,2984.6000,2989.2000,2989.4000,2989.8000,2990.2000,2990.6000,3,2,1,5,2,3,2,1,2,1
SF,IH2006,2020-01-23 09:31:16.800,2985.6000,9811,0,135361800.000,0,-,-,-,-,2985.6000,2985.4000,2985.2000,2985.0000,2984.6000,2989.0000,2989.2000,2989.8000,2990.2000,2990.6000,4,2,1,5,2,2,3,1,2,1
SF,IH2006,2020-01-23 09:31:17.300,2985.6000,9811,0,135361800.000,0,-,-,-,-,2985.6000,2985.4000,2985.2000,2985.0000,2984.6000,2988.8000,2989.0000,2989.8000,2990.2000,2990.6000,4,2,1,5,2,3,2,1,2,1
SF,IH2006,2020-01-23 09:31:17.800,2985.6000,9810,-1,136257480.000,1,0,1,双平,S,2985.6000,2985.4000,2985.2000,2985.0000,2984.6000,2988.8000,2989.0000,2989.8000,2990.2000,2990.6000,3,2,1,5,2,3,2,1,2,1
SF,IH2006,2020-01-23 09:31:18.300,2985.6000,9810,0,136257480.000,0,-,-,-,-,2985.6000,2985.4000,2985.2000,2985.0000,2984.6000,2988.8000,2989.8000,2990.2000,2990.6000,2994.4000,3,2,1,5,2,3,1,1,1,4
SF,IH2006,2020-01-23 09:31:18.800,2985.6000,9810,0,136257480.000,0,-,-,-,-,2985.6000,2985.4000,2985.2000,2985.0000,2984.6000,2988.6000,2988.8000,2989.8000,2990.2000,2990.6000,1,2,1,5,2,1,3,1,1,1
SF,IH2006,2020-01-23 09:31:19.300,2985.6000,9809,-1,137153160.000,1,0,1,双平,S,2985.4000,2985.2000,2985.0000,2984.6000,2984.2000,2985.6000,2988.4000,2989.8000,2990.2000,2990.6000,2,1,5,2,2,2,3,1,1,1
SF,IH2006,2020-01-23 09:31:19.800,2985.6000,9807,-2,138944520.000,2,0,2,双平,S,2986.0000,2985.4000,2985.2000,2985.0000,2984.6000,2988.4000,2989.8000,2990.2000,2990.6000,2994.4000,1,2,1,5,2,3,1,1,1,4
SF,IH2006,2020-01-23 09:31:20.300,2985.6000,9807,0,139840200.000,1,0,1,多换,S,2985.4000,2985.2000,2985.0000,2984.6000,2984.2000,2988.4000,2989.8000,2990.2000,2990.6000,2994.4000,2,1,5,2,2,3,1,1,1,4
SF,IH2006,2020-01-23 09:31:20.800,2985.6000,9807,0,139840200.000,0,-,-,-,-,2985.8000,2985.4000,2985.2000,2985.0000,2984.6000,2988.2000,2988.4000,2989.8000,2990.2000,2990.6000,2,2,2,5,2,1,3,1,1,1
SF,IH2006,2020-01-23 09:31:21.300,2985.6000,9807,0,139840200.000,0,-,-,-,-,2985.4000,2985.2000,2985.0000,2984.6000,2984.2000,2988.0000,2989.8000,2990.2000,2990.6000,2994.4000,2,1,5,2,2,4,1,1,1,4
SF,IH2006,2020-01-23 09:31:21.800,2985.6000,9807,0,139840200.000,0,-,-,-,-,2985.6000,2985.4000,2985.2000,2985.0000,2984.6000,2988.0000,2989.8000,2990.2000,2990.6000,2994.4000,2,2,2,5,2,4,1,1,1,4
SF,IH2006,2020-01-23 09:31:22.300,2985.6000,9807,0,139840200.000,0,-,-,-,-,2985.4000,2985.2000,2985.0000,2984.6000,2984.2000,2988.0000,2989.8000,2990.2000,2990.6000,2994.4000,2,1,5,2,2,4,1,1,1,4
SF,IH2006,2020-01-23 09:31:22.800,2985.6000,9807,0,139840200.000,0,-,-,-,-,2985.4000,2985.2000,2985.0000,2984.6000,2984.2000,2988.0000,2989.8000,2990.2000,2990.6000,2994.4000,2,2,5,2,2,3,1,1,1,4
SF,IH2006,2020-01-23 09:31:23.300,2985.6000,9807,0,139840200.000,0,-,-,-,-,2985.8000,2985.4000,2985.2000,2985.0000,2984.6000,2988.0000,2989.8000,2990.2000,2990.6000,2994.4000,2,2,2,5,2,3,1,1,1,4
SF,IH2006,2020-01-23 09:31:23.800,2985.6000,9806,-1,140735880.000,1,0,1,双平,S,2985.8000,2985.4000,2985.2000,2985.0000,2984.6000,2987.8000,2988.0000,2989.8000,2990.2000,2990.6000,1,2,2,5,2,2,3,1,1,1
SF,IH2006,2020-01-23 09:31:24.300,2985.6000,9806,0,140735880.000,0,-,-,-,-,2986.8000,2985.8000,2985.4000,2985.2000,2985.0000,2987.6000,2987.8000,2988.0000,2989.8000,2990.2000,1,1,2,2,5,1,2,2,1,1
SF,IH2006,2020-01-23 09:31:24.800,2985.6000,9806,0,140735880.000,0,-,-,-,-,2986.8000,2985.8000,2985.4000,2985.2000,2985.0000,2987.8000,2988.0000,2989.8000,2990.2000,2990.6000,1,1,2,2,5,2,1,1,1,1
SF,IH2006,2020-01-23 09:31:25.300,2987.8000,9805,-1,141632220.000,1,0,1,双平,S,2987.6000,2986.8000,2985.8000,2985.4000,2985.2000,2989.8000,2990.2000,2990.6000,2994.4000,2995.0000,1,1,1,2,2,1,1,1,4,3
SF,IH2006,2020-01-23 09:31:25.800,2987.8000,9805,0,141632220.000,0,-,-,-,-,2987.6000,2986.8000,2985.8000,2985.4000,2985.2000,2989.6000,2989.8000,2990.6000,2994.4000,2995.0000,1,1,1,2,2,4,1,1,4,3
SF,IH2006,2020-01-23 09:31:26.300,2987.8000,9805,0,141632220.000,0,-,-,-,-,2987.6000,2986.8000,2985.8000,2985.4000,2985.2000,2989.6000,2989.8000,2990.6000,2994.4000,2995.0000,1,1,1,2,2,4,1,1,4,3
SF,IH2006,2020-01-23 09:31:26.800,2987.6000,9805,0,142528500.000,1,0,1,多换,S,2986.8000,2985.8000,2985.4000,2985.2000,2985.0000,2989.6000,2989.8000,2990.6000,2994.4000,2995.0000,1,1,2,2,5,4,1,1,4,3
SF,IH2006,2020-01-23 09:31:27.300,2987.6000,9805,0,142528500.000,0,-,-,-,-,2986.8000,2985.4000,2985.2000,2985.0000,2984.6000,2989.6000,2989.8000,2990.6000,2994.4000,2995.0000,1,2,2,5,2,4,1,1,4,3
SF,IH2006,2020-01-23 09:31:27.800,2987.6000,9805,0,142528500.000,0,-,-,-,-,2986.8000,2985.4000,2985.2000,2985.0000,2984.6000,2989.4000,2989.6000,2989.8000,2990.6000,2994.4000,1,2,2,5,2,1,4,1,1,4
SF,IH2006,2020-01-23 09:31:28.300,2987.6000,9805,0,142528500.000,0,-,-,-,-,2987.0000,2986.8000,2985.4000,2985.2000,2985.0000,2989.2000,2989.8000,2990.6000,2994.4000,2995.0000,1,1,2,2,5,5,1,1,4,3
SF,IH2006,2020-01-23 09:31:28.800,2989.2000,9804,-1,143425260.000,1,0,1,双平,S,2987.0000,2986.8000,2985.4000,2985.2000,2985.0000,2989.2000,2989.8000,2990.6000,2994.4000,2995.0000,1,1,2,2,5,3,1,1,4,3
SF,IH2006,2020-01-23 09:31:29.300,2989.2000,9804,0,143425260.000,0,-,-,-,-,2987.0000,2986.8000,2985.4000,2985.2000,2985.0000,2989.0000,2989.2000,2989.8000,2990.6000,2994.4000,1,1,2,2,5,3,3,1,1,4
SF,IH2006,2020-01-23 09:31:29.800,2989.2000,9804,0,143425260.000,0,-,-,-,-,2986.8000,2985.4000,2985.2000,2985.0000,2984.6000,2988.8000,2989.0000,2989.8000,2990.6000,2994.4000,1,2,2,5,2,4,2,1,1,4
SF,IH2006,2020-01-23 09:31:30.300,2989.2000,9804,0,143425260.000,0,-,-,-,-,2986.8000,2985.4000,2985.2000,2985.0000,2984.6000,2988.6000,2988.8000,2989.0000,2989.8000,2990.6000,1,2,2,5,2,3,3,2,1,1
SF,IH2006,2020-01-23 09:31:30.800,2989.2000,9804,0,143425260.000,0,-,-,-,-,2986.8000,2985.4000,2985.2000,2985.0000,2984.6000,2988.4000,2988.6000,2989.0000,2989.8000,2990.6000,1,2,2,5,2,3,3,2,1,1
SF,IH2006,2020-01-23 09:31:31.300,2989.2000,9804,0,143425260.000,0,-,-,-,-,2986.8000,2985.4000,2985.2000,2985.0000,2984.6000,2988.2000,2988.4000,2988.6000,2989.0000,2989.8000,1,2,2,5,2,2,3,3,2,1
SF,IH2006,2020-01-23 09:31:31.800,2986.8000,9804,0,144321300.000,1,0,1,多换,S,2985.4000,2985.2000,2985.0000,2984.6000,2984.2000,2988.0000,2988.2000,2988.4000,2988.6000,2989.0000,2,2,5,2,2,2,2,1,3,2
SF,IH2006,2020-01-23 09:31:32.300,2986.8000,9804,0,144321300.000,0,-,-,-,-,2986.2000,2985.8000,2985.4000,2985.2000,2985.0000,2987.8000,2988.0000,2988.2000,2988.6000,2989.8000,1,1,2,2,5,1,2,2,3,1
SF,IH2006,2020-01-23 09:31:32.800,2986.8000,9804,0,144321300.000,0,-,-,-,-,2986.2000,2985.8000,2985.4000,2985.2000,2985.0000,2987.6000,2987.8000,2988.2000,2988.6000,2989.8000,1,1,2,1,5,4,1,2,2,1
SF,IH2006,2020-01-23 09:31:33.300,2986.8000,9804,0,144321300.000,0,-,-,-,-,2985.8000,2985.4000,2985.2000,2985.0000,2984.6000,2987.6000,2987.8000,2988.2000,2988.6000,2989.8000,1,2,1,5,2,1,1,2,2,1
SF,IH2006,2020-01-23 09:31:33.800,2986.8000,9804,0,144321300.000,0,-,-,-,-,2986.0000,2985.8000,2985.4000,2985.2000,2985.0000,2987.4000,2988.2000,2988.6000,2989.8000,2990.6000,2,1,2,1,5,1,2,2,1,1
SF,IH2006,2020-01-23 09:31:34.300,2987.4000,9805,1,145217520.000,1,1,0,双开,S,2986.0000,2985.8000,2985.4000,2985.2000,2985.0000,2988.2000,2989.8000,2990.6000,2994.4000,2995.0000,2,1,2,1,5,2,1,1,4,3
SF,IH2006,2020-01-23 09:31:34.800,2987.4000,9805,0,145217520.000,0,-,-,-,-,2986.0000,2985.8000,2985.4000,2985.2000,2985.0000,2988.0000,2989.8000,2990.6000,2994.4000,2995.0000,2,1,2,1,5,3,1,1,4,3
SF,IH2006,2020-01-23 09:31:35.300,2987.4000,9805,0,145217520.000,0,-,-,-,-,2986.2000,2986.0000,2985.8000,2985.4000,2985.2000,2987.8000,2988.0000,2989.8000,2990.6000,2994.4000,1,2,1,2,1,1,2,1,1,4
SF,IH2006,2020-01-23 09:31:35.800,2987.4000,9805,0,145217520.000,0,-,-,-,-,2986.2000,2986.0000,2985.8000,2985.4000,2985.2000,2987.6000,2987.8000,2988.0000,2989.8000,2990.6000,1,1,1,2,1,1,1,2,1,1
SF,IH2006,2020-01-23 09:31:36.800,2987.4000,9805,0,145217520.000,0,-,-,-,-,2986.2000,2986.0000,2985.8000,2985.4000,2985.2000,2987.6000,2987.8000,2988.0000,2989.8000,2990.6000,1,1,1,2,1,1,1,2,1,1
SF,IH2006,2020-01-23 09:31:37.300,2987.4000,9805,0,145217520.000,0,-,-,-,-,2986.2000,2985.4000,2985.2000,2985.0000,2984.6000,2987.4000,2987.6000,2989.8000,2990.6000,2994.4000,1,2,1,5,2,3,1,1,1,4
SF,IH2006,2020-01-23 09:31:37.800,2987.4000,9804,-1,146113740.000,1,0,1,双平,S,2985.4000,2985.2000,2985.0000,2984.6000,2984.2000,2987.2000,2987.4000,2987.6000,2989.8000,2990.6000,2,1,5,2,2,1,3,1,1,1
SF,IH2006,2020-01-23 09:31:38.300,2987.4000,9804,0,146113740.000,0,-,-,-,-,2986.0000,2985.8000,2985.6000,2985.4000,2985.2000,2987.2000,2987.4000,2987.6000,2989.8000,2990.6000,1,1,1,2,1,1,3,1,1,1
SF,IH2006,2020-01-23 09:31:38.800,2987.4000,9804,0,146113740.000,0,-,-,-,-,2986.0000,2985.8000,2985.6000,2985.4000,2985.2000,2987.2000,2987.4000,2987.6000,2989.8000,2990.6000,1,1,1,2,1,1,3,1,1,1
SF,IH2006,2020-01-23 09:31:39.300,2987.4000,9804,0,146113740.000,0,-,-,-,-,2986.2000,2986.0000,2985.8000,2985.6000,2985.4000,2987.2000,2987.4000,2989.8000,2990.6000,2994.4000,1,1,1,1,2,1,2,1,1,4
SF,IH2006,2020-01-23 09:31:39.800,2986.2000,9803,-1,147009600.000,1,0,1,双平,S,2986.0000,2985.8000,2985.6000,2985.4000,2985.2000,2987.2000,2987.4000,2989.8000,2990.6000,2994.4000,1,1,1,2,1,1,2,1,1,4
SF,IH2006,2020-01-23 09:31:40.300,2986.2000,9803,0,147009600.000,0,-,-,-,-,2985.8000,2985.6000,2985.4000,2985.2000,2985.0000,2987.2000,2987.4000,2989.8000,2990.6000,2994.4000,1,1,2,2,5,1,1,1,1,4
SF,IH2006,2020-01-23 09:31:40.800,2986.2000,9803,0,147009600.000,0,-,-,-,-,2985.6000,2985.4000,2985.2000,2985.0000,2984.6000,2987.0000,2987.2000,2987.4000,2989.8000,2990.6000,1,2,2,5,2,1,1,1,1,1
SF,IH2006,2020-01-23 09:31:41.300,2986.2000,9803,0,147009600.000,0,-,-,-,-,2985.6000,2985.4000,2985.2000,2985.0000,2984.6000,2986.8000,2987.0000,2987.2000,2987.4000,2989.8000,1,2,2,5,2,1,1,1,1,1
SF,IH2006,2020-01-23 09:31:41.800,2986.2000,9803,0,147009600.000,0,-,-,-,-,2985.4000,2985.2000,2985.0000,2984.6000,2984.2000,2986.8000,2987.0000,2987.2000,2987.4000,2989.8000,2,2,5,2,2,1,1,1,1,1
SF,IH2006,2020-01-23 09:31:42.800,2986.8000,9802,-1,147905640.000,1,0,1,双平,S,2985.4000,2985.2000,2985.0000,2984.6000,2984.2000,2987.0000,2987.2000,2987.4000,2989.8000,2990.6000,2,2,5,2,2,1,1,1,1,1
SF,IH2006,2020-01-23 09:31:43.300,2986.8000,9802,0,147905640.000,0,-,-,-,-,2985.4000,2985.2000,2985.0000,2984.6000,2984.2000,2986.8000,2987.0000,2987.2000,2989.8000,2990.6000,2,2,5,2,2,2,1,1,1,1
SF,IH2006,2020-01-23 09:31:44.300,2986.8000,9802,0,147905640.000,0,-,-,-,-,2985.4000,2985.2000,2985.0000,2984.6000,2984.2000,2986.6000,2986.8000,2987.2000,2989.8000,2990.6000,2,2,5,2,2,2,1,1,1,1
SF,IH2006,2020-01-23 09:31:44.800,2986.8000,9802,0,147905640.000,0,-,-,-,-,2985.4000,2985.2000,2985.0000,2984.6000,2984.2000,2986.4000,2986.6000,2986.8000,2987.2000,2989.8000,2,2,5,2,2,3,1,1,1,1
SF,IH2006,2020-01-23 09:31:45.300,2986.8000,9802,0,147905640.000,0,-,-,-,-,2985.4000,2985.2000,2985.0000,2984.6000,2984.2000,2986.2000,2986.4000,2986.8000,2987.2000,2989.8000,2,2,5,2,2,1,2,1,1,1
SF,IH2006,2020-01-23 09:31:45.800,2986.8000,9802,0,147905640.000,0,-,-,-,-,2985.4000,2985.2000,2985.0000,2984.6000,2984.2000,2986.2000,2986.4000,2986.8000,2987.2000,2989.8000,2,2,5,2,2,1,2,1,1,1
SF,IH2006,2020-01-23 09:31:46.300,2986.8000,9802,0,147905640.000,0,-,-,-,-,2985.4000,2985.2000,2985.0000,2984.6000,2984.2000,2986.4000,2987.2000,2989.8000,2990.2000,2990.6000,2,2,5,2,2,2,1,1,1,1
SF,IH2006,2020-01-23 09:31:46.800,2986.8000,9802,0,147905640.000,0,-,-,-,-,2985.4000,2985.2000,2985.0000,2984.6000,2984.2000,2986.4000,2989.8000,2990.2000,2990.6000,2994.4000,2,2,5,2,2,1,1,1,1,4
SF,IH2006,2020-01-23 09:31:48.300,2986.8000,9803,1,148801680.000,1,1,0,双开,S,2985.4000,2985.2000,2985.0000,2984.6000,2984.2000,2989.8000,2990.2000,2990.6000,2994.4000,2995.0000,2,2,5,2,2,1,1,1,4,1
SF,IH2006,2020-01-23 09:31:48.800,2986.8000,9803,0,148801680.000,0,-,-,-,-,2985.6000,2985.4000,2985.2000,2985.0000,2984.6000,2987.6000,2987.8000,2988.0000,2988.6000,2989.4000,1,2,2,5,2,1,1,1,1,3
SF,IH2006,2020-01-23 09:31:49.300,2986.8000,9803,0,148801680.000,0,-,-,-,-,2985.6000,2985.4000,2985.2000,2985.0000,2984.6000,2987.4000,2987.6000,2987.8000,2988.0000,2988.6000,1,2,2,5,2,3,1,1,1,1
SF,IH2006,2020-01-23 09:31:49.800,2986.8000,9803,0,148801680.000,0,-,-,-,-,2985.6000,2985.4000,2985.2000,2985.0000,2984.6000,2987.2000,2987.4000,2987.6000,2988.0000,2988.6000,1,2,2,5,2,2,2,1,1,1
SF,IH2006,2020-01-23 09:31:50.300,2986.8000,9803,0,148801680.000,0,-,-,-,-,2985.6000,2985.4000,2985.2000,2985.0000,2984.6000,2986.8000,2987.0000,2987.2000,2987.6000,2988.0000,1,2,2,5,2,1,3,1,1,1
SF,IH2006,2020-01-23 09:31:50.800,2986.8000,9803,0,148801680.000,0,-,-,-,-,2985.4000,2985.2000,2985.0000,2984.6000,2984.2000,2986.6000,2986.8000,2987.2000,2987.6000,2988.0000,2,2,5,2,2,4,1,1,1,1
SF,IH2006,2020-01-23 09:31:51.300,2986.8000,9803,0,148801680.000,0,-,-,-,-,2985.4000,2985.2000,2985.0000,2984.6000,2984.2000,2986.4000,2986.6000,2987.2000,2987.6000,2988.0000,2,2,5,2,2,1,3,1,1,1
SF,IH2006,2020-01-23 09:31:51.800,2986.8000,9803,0,148801680.000,0,-,-,-,-,2985.4000,2985.2000,2985.0000,2984.6000,2984.2000,2986.2000,2986.4000,2986.6000,2987.2000,2987.6000,2,2,5,2,2,1,1,2,1,1
SF,IH2006,2020-01-23 09:31:52.300,2986.8000,9803,0,148801680.000,0,-,-,-,-,2985.4000,2985.2000,2985.0000,2984.6000,2984.2000,2986.2000,2986.4000,2986.6000,2987.2000,2987.6000,2,2,5,2,2,1,1,2,1,1
SF,IH2006,2020-01-23 09:31:52.800,2986.8000,9803,0,148801680.000,0,-,-,-,-,2985.4000,2985.2000,2985.0000,2984.6000,2984.2000,2986.2000,2986.4000,2986.6000,2987.6000,2988.0000,2,2,5,2,2,1,1,1,1,1
SF,IH2006,2020-01-23 09:31:53.300,2986.8000,9803,0,148801680.000,0,-,-,-,-,2985.4000,2985.2000,2985.0000,2984.6000,2984.2000,2986.2000,2986.4000,2987.6000,2988.0000,2988.6000,2,2,5,2,2,1,1,1,1,1
SF,IH2006,2020-01-23 09:31:54.300,2986.2000,9803,0,149697540.000,1,0,1,多换,S,2985.4000,2985.2000,2985.0000,2984.6000,2984.2000,2986.4000,2987.6000,2988.0000,2988.6000,2989.4000,2,2,5,2,2,1,1,1,1,3
SF,IH2006,2020-01-23 09:31:54.800,2986.2000,9803,0,149697540.000,0,-,-,-,-,2985.4000,2985.2000,2985.0000,2984.6000,2984.2000,2987.6000,2988.0000,2988.6000,2989.4000,2989.8000,2,2,5,2,2,1,1,1,3,2
SF,IH2006,2020-01-23 09:31:55.300,2986.2000,9803,0,149697540.000,0,-,-,-,-,2985.6000,2985.4000,2985.2000,2985.0000,2984.6000,2987.2000,2987.4000,2987.6000,2988.0000,2988.6000,2,2,2,5,2,1,3,1,1,1
SF,IH2006,2020-01-23 09:31:55.800,2986.2000,9803,0,149697540.000,0,-,-,-,-,2986.4000,2985.6000,2985.4000,2985.2000,2985.0000,2987.0000,2987.2000,2987.4000,2988.0000,2988.6000,1,2,2,2,5,1,1,2,1,1
SF,IH2006,2020-01-23 09:31:56.300,2986.2000,9803,0,149697540.000,0,-,-,-,-,2986.4000,2985.6000,2985.4000,2985.2000,2985.0000,2987.0000,2987.4000,2988.0000,2988.6000,2989.4000,1,1,2,2,5,1,2,1,1,3
SF,IH2006,2020-01-23 09:31:56.800,2986.4000,9803,0,150593460.000,1,0,1,多换,S,2985.6000,2985.4000,2985.2000,2985.0000,2984.6000,2986.8000,2987.4000,2988.0000,2988.6000,2989.4000,1,2,2,5,2,1,2,1,1,3
SF,IH2006,2020-01-23 09:31:57.300,2986.4000,9803,0,150593460.000,0,-,-,-,-,2986.0000,2985.4000,2985.2000,2985.0000,2984.6000,2986.6000,2986.8000,2987.4000,2988.0000,2988.6000,1,2,2,5,2,1,1,2,1,1
SF,IH2006,2020-01-23 09:31:57.800,2986.0000,9803,0,151489260.000,1,0,1,多换,S,2985.4000,2985.2000,2985.0000,2984.6000,2984.2000,2986.0000,2986.6000,2986.8000,2987.4000,2988.0000,2,2,5,2,2,1,1,1,2,1
SF,IH2006,2020-01-23 09:31:58.300,2985.4000,9803,0,152384880.000,1,0,1,多换,S,2985.4000,2985.2000,2985.0000,2984.6000,2984.2000,2986.0000,2986.6000,2986.8000,2987.4000,2988.0000,1,2,5,2,2,1,1,1,2,1
SF,IH2006,2020-01-23 09:31:58.800,2985.4000,9802,-1,154176120.000,2,0,2,多平,S,2985.2000,2985.0000,2984.6000,2984.2000,2984.0000,2985.8000,2986.0000,2986.6000,2987.4000,2988.0000,2,5,2,2,3,2,1,1,1,1
SF,IH2006,2020-01-23 09:31:59.300,2985.4000,9802,0,154176120.000,0,-,-,-,-,2985.2000,2985.0000,2984.6000,2984.2000,2984.0000,2985.8000,2986.0000,2987.4000,2988.0000,2988.6000,2,5,2,2,3,2,1,1,1,1
SF,IH2006,2020-01-23 09:31:59.800,2985.8000,9803,1,155071860.000,1,1,0,双开,S,2985.2000,2985.0000,2984.6000,2984.2000,2984.0000,2986.0000,2987.4000,2988.0000,2988.6000,2989.4000,2,5,2,2,3,1,1,1,1,3
SF,IH2006,2020-01-23 09:32:00.800,2985.2000,9803,0,155967420.000,1,0,1,多换,S,2985.2000,2985.0000,2984.6000,2984.2000,2984.0000,2985.8000,2986.0000,2988.0000,2988.6000,2989.4000,1,5,2,2,3,2,1,1,1,3
SF,IH2006,2020-01-23 09:32:01.300,2985.2000,9802,-1,156862980.000,1,0,1,双平,S,2985.0000,2984.6000,2984.2000,2984.0000,2983.8000,2985.2000,2985.6000,2986.0000,2988.0000,2988.6000,5,2,2,3,2,1,1,1,1,1
SF,IH2006,2020-01-23 09:32:01.800,2984.6000,9800,-2,163131240.000,7,2,5,多平,S,2984.2000,2984.0000,2983.8000,2983.4000,2983.0000,2984.8000,2985.0000,2985.2000,2985.6000,2986.0000,2,3,2,2,2,1,2,1,1,1
SF,IH2006,2020-01-23 09:32:02.300,2985.0000,9800,0,166712760.000,4,2,2,多换,S,2984.0000,2983.8000,2983.4000,2983.0000,2982.6000,2985.2000,2985.6000,2986.0000,2988.0000,2988.6000,3,2,2,2,2,1,1,1,1,1
SF,IH2006,2020-01-23 09:32:02.800,2985.0000,9800,0,166712760.000,0,-,-,-,-,2984.2000,2984.0000,2983.8000,2983.4000,2983.0000,2985.2000,2985.6000,2986.0000,2988.0000,2988.6000,2,3,2,2,2,1,1,1,1,1
SF,IH2006,2020-01-23 09:32:03.300,2985.0000,9800,0,166712760.000,0,-,-,-,-,2984.2000,2984.0000,2983.8000,2983.4000,2983.0000,2985.0000,2985.2000,2985.6000,2986.0000,2988.0000,1,3,2,2,2,1,1,1,1,1
SF,IH2006,2020-01-23 09:32:03.800,2985.0000,9800,0,166712760.000,0,-,-,-,-,2984.4000,2984.2000,2984.0000,2983.8000,2983.4000,2985.0000,2985.2000,2985.6000,2986.0000,2988.0000,1,1,3,2,2,1,1,1,1,1
SF,IH2006,2020-01-23 09:32:04.300,2984.4000,9800,0,167608080.000,1,0,1,多换,S,2984.0000,2983.8000,2983.4000,2983.0000,2982.6000,2985.2000,2985.6000,2986.0000,2988.0000,2988.6000,3,2,2,2,2,1,1,1,1,1
SF,IH2006,2020-01-23 09:32:04.800,2984.4000,9800,0,167608080.000,0,-,-,-,-,2984.0000,2983.8000,2983.4000,2983.0000,2982.6000,2985.0000,2985.2000,2985.6000,2986.0000,2988.0000,3,2,2,2,2,3,1,1,1,1
SF,IH2006,2020-01-23 09:32:05.300,2984.4000,9800,0,167608080.000,0,-,-,-,-,2984.0000,2983.8000,2983.4000,2983.0000,2982.6000,2984.8000,2985.0000,2985.2000,2986.0000,2988.0000,3,2,2,2,2,1,3,1,1,1
SF,IH2006,2020-01-23 09:32:05.800,2984.0000,9800,0,169398480.000,2,1,1,多换,S,2984.0000,2983.8000,2983.4000,2983.0000,2982.6000,2984.6000,2984.8000,2985.0000,2985.2000,2986.0000,1,2,2,2,2,2,1,2,1,1
SF,IH2006,2020-01-23 09:32:06.300,2984.0000,9799,-1,170293680.000,1,0,1,双平,S,2983.8000,2983.4000,2983.0000,2982.6000,2982.2000,2984.6000,2985.0000,2985.2000,2986.0000,2988.0000,2,2,2,2,2,2,1,1,1,1
SF,IH2006,2020-01-23 09:32:07.300,2984.6000,9798,-1,172084440.000,2,0,2,多平,S,2983.8000,2983.4000,2983.0000,2982.6000,2982.2000,2985.0000,2985.2000,2986.0000,2988.0000,2988.6000,2,2,2,2,2,1,1,1,1,1
SF,IH2006,2020-01-23 09:32:07.800,2985.0000,9799,1,172979940.000,1,1,0,双开,S,2984.0000,2983.8000,2983.4000,2983.0000,2982.6000,2985.2000,2986.0000,2988.0000,2988.6000,2989.4000,1,2,2,2,2,1,1,1,1,3
SF,IH2006,2020-01-23 09:32:08.800,2985.0000,9799,0,172979940.000,0,-,-,-,-,2983.8000,2983.4000,2983.0000,2982.6000,2982.2000,2985.0000,2985.2000,2986.0000,2988.0000,2988.6000,2,2,2,2,2,1,1,1,1,1
SF,IH2006,2020-01-23 09:32:09.300,2985.0000,9799,0,172979940.000,0,-,-,-,-,2983.8000,2983.4000,2983.0000,2982.6000,2982.2000,2984.0000,2985.0000,2985.2000,2986.0000,2988.0000,2,2,2,2,2,2,1,1,1,1
SF,IH2006,2020-01-23 09:32:09.800,2984.0000,9797,-2,174770340.000,2,0,2,双平,S,2984.2000,2983.8000,2983.4000,2983.0000,2982.6000,2985.2000,2986.0000,2988.0000,2988.6000,2989.4000,2,2,2,2,2,1,1,1,1,3
SF,IH2006,2020-01-23 09:32:10.300,2984.0000,9797,0,174770340.000,0,-,-,-,-,2983.8000,2983.4000,2983.0000,2982.6000,2982.2000,2984.8000,2985.0000,2985.2000,2986.0000,2989.4000,2,2,2,2,2,1,2,2,1,3
SF,IH2006,2020-01-23 09:32:10.800,2983.8000,9797,0,176560620.000,2,1,1,多换,S,2983.4000,2983.0000,2982.6000,2982.2000,2982.0000,2984.0000,2984.6000,2984.8000,2985.0000,2985.2000,2,2,2,2,1,2,1,1,1,2
SF,IH2006,2020-01-23 09:32:11.300,2983.8000,9797,0,176560620.000,0,-,-,-,-,2983.4000,2983.2000,2983.0000,2982.6000,2982.2000,2984.0000,2984.8000,2985.0000,2985.2000,2986.0000,2,1,2,2,2,2,1,1,2,1
SF,IH2006,2020-01-23 09:32:11.800,2983.8000,9797,0,176560620.000,0,-,-,-,-,2983.4000,2983.2000,2983.0000,2982.6000,2982.2000,2984.0000,2984.8000,2985.0000,2985.2000,2986.0000,2,1,2,2,2,2,1,1,2,1
SF,IH2006,2020-01-23 09:32:12.300,2983.4000,9797,0,178350660.000,2,1,1,多换,S,2983.2000,2983.0000,2982.6000,2982.2000,2982.0000,2984.0000,2984.8000,2985.0000,2985.2000,2986.0000,1,2,2,2,1,2,1,1,2,1
SF,IH2006,2020-01-23 09:32:12.800,2983.2000,9796,-1,179245620.000,1,0,1,双平,S,2983.0000,2982.6000,2982.2000,2982.0000,2981.8000,2984.0000,2984.8000,2985.0000,2985.2000,2986.0000,2,2,2,1,2,2,1,1,2,1
SF,IH2006,2020-01-23 09:32:13.300,2983.2000,9796,0,179245620.000,0,-,-,-,-,2983.0000,2982.6000,2982.2000,2982.0000,2981.8000,2983.8000,2984.0000,2984.8000,2985.0000,2985.2000,2,2,2,1,2,1,3,1,1,2
SF,IH2006,2020-01-23 09:32:14.300,2983.8000,9796,0,180140760.000,1,0,1,多换,S,2983.0000,2982.6000,2982.2000,2982.0000,2981.8000,2984.0000,2984.8000,2985.0000,2985.2000,2986.0000,2,2,2,1,2,3,1,1,2,1
SF,IH2006,2020-01-23 09:32:14.800,2983.0000,9796,0,181930560.000,2,1,1,多换,S,2982.6000,2982.2000,2982.0000,2981.8000,2981.4000,2984.0000,2984.8000,2985.0000,2985.2000,2986.0000,2,2,1,2,2,3,1,1,2,1
SF,IH2006,2020-01-23 09:32:15.300,2983.0000,9796,0,181930560.000,0,-,-,-,-,2982.8000,2982.6000,2982.2000,2982.0000,2981.8000,2984.0000,2984.8000,2985.0000,2985.2000,2986.0000,1,2,2,1,2,3,1,1,2,1
SF,IH2006,2020-01-23 09:32:15.800,2983.0000,9796,0,181930560.000,0,-,-,-,-,2982.8000,2982.6000,2982.2000,2982.0000,2981.8000,2983.8000,2984.0000,2985.0000,2985.2000,2985.6000,1,2,2,1,2,1,3,1,2,1
SF,IH2006,2020-01-23 09:32:16.300,2983.0000,9796,0,181930560.000,0,-,-,-,-,2983.0000,2982.6000,2982.2000,2982.0000,2981.8000,2984.0000,2985.0000,2985.2000,2985.6000,2986.0000,1,2,2,1,2,3,1,2,1,1
SF,IH2006,2020-01-23 09:32:16.800,2983.0000,9795,-1,182825460.000,1,0,1,双平,S,2982.6000,2982.2000,2982.0000,2981.8000,2981.4000,2983.8000,2984.0000,2985.0000,2985.2000,2985.6000,2,2,1,2,2,2,3,1,2,1
SF,IH2006,2020-01-23 09:32:17.800,2983.0000,9795,0,182825460.000,0,-,-,-,-,2982.6000,2982.2000,2982.0000,2981.8000,2981.4000,2983.4000,2983.8000,2984.0000,2985.0000,2985.2000,2,2,1,2,2,1,2,3,1,2
SF,IH2006,2020-01-23 09:32:18.300,2982.6000,9795,0,184615020.000,2,1,1,多换,S,2982.2000,2981.8000,2981.4000,2981.2000,2981.0000,2983.4000,2983.8000,2984.0000,2985.0000,2985.2000,2,2,2,1,4,1,2,3,1,2
SF,IH2006,2020-01-23 09:32:18.800,2982.6000,9795,0,184615020.000,0,-,-,-,-,2982.2000,2981.8000,2981.4000,2981.2000,2981.0000,2983.2000,2983.4000,2983.8000,2984.0000,2985.0000,2,2,2,1,4,1,1,2,3,1
SF,IH2006,2020-01-23 09:32:19.300,2982.6000,9795,0,184615020.000,0,-,-,-,-,2982.2000,2981.8000,2981.4000,2981.2000,2981.0000,2983.0000,2983.2000,2983.4000,2984.0000,2985.0000,2,2,2,1,4,1,1,1,3,1
SF,IH2006,2020-01-23 09:32:19.800,2982.6000,9795,0,184615020.000,0,-,-,-,-,2982.2000,2981.8000,2981.4000,2981.2000,2981.0000,2983.0000,2983.2000,2983.4000,2984.0000,2985.0000,2,2,2,1,4,1,1,1,3,1
SF,IH2006,2020-01-23 09:32:20.300,2982.2000,9795,0,185509680.000,1,0,1,多换,S,2982.2000,2981.8000,2981.4000,2981.2000,2981.0000,2983.0000,2983.2000,2983.4000,2984.0000,2985.0000,1,2,2,1,4,1,1,1,3,1
SF,IH2006,2020-01-23 09:32:20.800,2982.2000,9795,0,186404340.000,1,0,1,多换,S,2981.8000,2981.4000,2981.2000,2981.0000,2980.6000,2982.2000,2983.0000,2983.2000,2983.4000,2984.0000,2,2,1,4,2,1,1,1,1,3
SF,IH2006,2020-01-23 09:32:21.300,2981.8000,9795,0,188193420.000,2,1,1,多换,S,2981.4000,2981.2000,2981.0000,2980.6000,2980.2000,2982.2000,2983.2000,2983.4000,2984.0000,2985.0000,2,1,4,2,2,1,1,1,3,1
SF,IH2006,2020-01-23 09:32:21.800,2981.4000,9795,0,189087840.000,1,0,1,多换,S,2981.4000,2981.2000,2981.0000,2980.6000,2980.2000,2982.2000,2983.2000,2983.4000,2984.0000,2985.0000,1,1,4,2,2,1,1,1,3,1
SF,IH2006,2020-01-23 09:32:22.300,2981.4000,9795,0,189087840.000,0,-,-,-,-,2981.4000,2981.2000,2981.0000,2980.6000,2980.2000,2983.4000,2984.0000,2985.0000,2985.2000,2985.6000,1,1,4,2,2,1,3,1,1,1
SF,IH2006,2020-01-23 09:32:22.800,2981.4000,9795,0,189087840.000,0,-,-,-,-,2981.4000,2981.2000,2981.0000,2980.6000,2980.2000,2983.0000,2983.2000,2983.4000,2984.0000,2985.0000,1,1,4,2,2,1,1,1,3,1
SF,IH2006,2020-01-23 09:32:23.300,2981.4000,9795,0,189087840.000,0,-,-,-,-,2981.4000,2981.2000,2981.0000,2980.6000,2980.2000,2983.0000,2983.2000,2983.4000,2984.0000,2985.0000,1,1,4,2,2,1,1,1,2,1
SF,IH2006,2020-01-23 09:32:23.800,2981.4000,9795,0,189087840.000,0,-,-,-,-,2981.4000,2981.2000,2981.0000,2980.6000,2980.2000,2982.6000,2982.8000,2983.2000,2984.0000,2985.0000,1,1,4,2,2,1,1,1,2,1
SF,IH2006,2020-01-23 09:32:24.300,2981.4000,9795,0,189087840.000,0,-,-,-,-,2982.2000,2981.4000,2981.2000,2981.0000,2980.6000,2982.6000,2982.8000,2983.2000,2984.0000,2985.0000,1,1,1,4,2,2,1,1,2,1
SF,IH2006,2020-01-23 09:32:24.800,2982.2000,9794,-1,189982500.000,1,0,1,双平,S,2981.4000,2981.2000,2981.0000,2980.6000,2980.2000,2982.0000,2982.2000,2982.6000,2982.8000,2983.2000,1,1,4,2,2,1,1,3,1,1
SF,IH2006,2020-01-23 09:32:25.300,2982.2000,9794,0,189982500.000,0,-,-,-,-,2981.4000,2981.2000,2981.0000,2980.6000,2980.2000,2982.0000,2982.2000,2982.6000,2982.8000,2983.2000,1,1,4,2,2,1,1,3,1,1
SF,IH2006,2020-01-23 09:32:25.800,2982.2000,9794,0,189982500.000,0,-,-,-,-,2981.4000,2981.2000,2981.0000,2980.6000,2980.2000,2982.0000,2982.2000,2982.6000,2982.8000,2983.2000,1,1,4,2,2,1,1,3,3,1
SF,IH2006,2020-01-23 09:32:26.300,2982.2000,9794,0,189982500.000,0,-,-,-,-,2981.4000,2981.2000,2981.0000,2980.6000,2980.2000,2982.0000,2982.2000,2982.6000,2982.8000,2983.2000,1,1,4,2,2,1,1,3,3,1
SF,IH2006,2020-01-23 09:32:26.800,2982.2000,9794,0,189982500.000,0,-,-,-,-,2981.4000,2981.2000,2981.0000,2980.6000,2980.2000,2982.0000,2982.2000,2982.6000,2982.8000,2983.2000,1,1,4,2,2,1,1,3,3,1
SF,IH2006,2020-01-23 09:32:27.300,2981.2000,9794,0,191771280.000,2,1,1,多换,S,2981.0000,2980.6000,2980.2000,2980.0000,2979.8000,2981.4000,2982.0000,2982.2000,2982.6000,2982.8000,4,2,2,3,2,2,2,1,3,3
SF,IH2006,2020-01-23 09:32:27.800,2981.2000,9794,0,191771280.000,0,-,-,-,-,2981.0000,2980.6000,2980.2000,2980.0000,2979.8000,2981.4000,2982.0000,2982.2000,2982.6000,2982.8000,4,2,2,3,2,3,2,1,3,3
SF,IH2006,2020-01-23 09:32:28.300,2981.0000,9793,-1,192665580.000,1,0,1,双平,S,2981.0000,2980.6000,2980.2000,2980.0000,2979.8000,2981.4000,2982.0000,2982.2000,2982.6000,2982.8000,3,2,2,3,2,3,2,1,2,3
SF,IH2006,2020-01-23 09:32:28.800,2981.0000,9793,0,192665580.000,0,-,-,-,-,2981.0000,2980.6000,2980.2000,2980.0000,2979.8000,2981.4000,2982.0000,2982.2000,2982.6000,2982.8000,3,2,2,3,2,13,2,1,2,3
SF,IH2006,2020-01-23 09:32:29.300,2981.0000,9793,0,194454180.000,2,1,1,多换,S,2981.0000,2980.6000,2980.2000,2980.0000,2979.8000,2981.4000,2982.0000,2982.2000,2982.6000,2982.8000,1,2,2,3,2,13,2,1,2,3
SF,IH2006,2020-01-23 09:32:29.800,2981.0000,9793,0,195348480.000,1,0,1,多换,S,2980.6000,2980.2000,2980.0000,2979.8000,2979.2000,2981.2000,2981.4000,2982.0000,2982.2000,2982.6000,2,2,3,2,1,1,13,2,1,2
SF,IH2006,2020-01-23 09:32:30.300,2981.0000,9793,0,195348480.000,0,-,-,-,-,2980.6000,2980.2000,2980.0000,2979.8000,2979.2000,2981.2000,2981.4000,2982.0000,2982.2000,2982.6000,2,2,3,2,1,1,13,2,1,2
SF,IH2006,2020-01-23 09:32:30.800,2980.6000,9793,0,196242660.000,1,0,1,多换,S,2980.6000,2980.2000,2980.0000,2979.8000,2979.2000,2980.8000,2981.0000,2981.2000,2981.4000,2982.0000,1,2,3,2,1,2,2,1,14,2
SF,IH2006,2020-01-23 09:32:31.300,2980.6000,9793,0,197136840.000,1,0,1,多换,S,2980.2000,2980.0000,2979.8000,2979.2000,2978.4000,2981.0000,2981.2000,2981.4000,2982.0000,2982.2000,2,3,2,1,2,2,1,14,2,1
SF,IH2006,2020-01-23 09:32:31.800,2980.6000,9793,0,197136840.000,0,-,-,-,-,2980.2000,2980.0000,2979.8000,2979.2000,2978.4000,2980.8000,2981.0000,2981.2000,2981.4000,2982.0000,2,3,2,1,2,2,2,1,14,2
SF,IH2006,2020-01-23 09:32:32.300,2980.6000,9793,0,197136840.000,0,-,-,-,-,2980.2000,2980.0000,2979.8000,2979.2000,2978.4000,2981.0000,2981.2000,2981.4000,2982.0000,2982.2000,2,3,2,1,2,2,1,14,2,1
SF,IH2006,2020-01-23 09:32:32.800,2980.2000,9793,0,198030900.000,1,0,1,多换,S,2980.2000,2980.0000,2979.8000,2979.2000,2978.4000,2980.6000,2981.0000,2981.2000,2981.4000,2982.0000,1,3,2,1,2,2,2,1,14,2
SF,IH2006,2020-01-23 09:32:33.300,2980.2000,9794,1,198924960.000,1,1,0,双开,S,2980.0000,2979.8000,2979.2000,2978.4000,2978.2000,2980.6000,2981.0000,2981.2000,2981.4000,2982.0000,3,2,1,2,1,2,1,1,14,2
SF,IH2006,2020-01-23 09:32:33.800,2980.2000,9794,0,198924960.000,0,-,-,-,-,2980.0000,2979.8000,2979.2000,2978.4000,2978.2000,2980.2000,2980.6000,2981.0000,2981.2000,2981.4000,3,2,1,2,1,1,3,1,1,14
SF,IH2006,2020-01-23 09:32:34.300,2980.0000,9793,-1,201606960.000,3,1,2,多平,S,2979.8000,2979.2000,2978.4000,2978.2000,2975.0000,2980.2000,2981.0000,2981.2000,2981.4000,2982.0000,2,1,2,1,4,1,1,1,14,1
SF,IH2006,2020-01-23 09:32:34.800,2980.0000,9793,0,201606960.000,0,-,-,-,-,2979.8000,2979.2000,2978.4000,2978.2000,2975.0000,2980.2000,2981.0000,2981.2000,2981.4000,2982.0000,2,1,2,1,4,1,1,1,14,1
SF,IH2006,2020-01-23 09:32:35.300,2980.0000,9793,0,201606960.000,0,-,-,-,-,2979.8000,2979.2000,2978.4000,2978.2000,2975.0000,2980.2000,2981.0000,2981.2000,2981.4000,2982.0000,2,1,2,1,4,1,1,1,14,1
SF,IH2006,2020-01-23 09:32:35.800,2979.8000,9793,0,203394840.000,2,1,1,多换,S,2979.2000,2978.4000,2978.2000,2975.0000,2971.2000,2980.2000,2981.0000,2981.2000,2981.4000,2982.0000,1,2,1,4,1,1,1,1,14,1
SF,IH2006,2020-01-23 09:32:36.300,2979.8000,9793,0,203394840.000,0,-,-,-,-,2979.2000,2978.4000,2978.2000,2975.0000,2971.2000,2980.0000,2980.2000,2981.0000,2981.2000,2981.4000,1,2,1,4,1,1,1,1,1,13
SF,IH2006,2020-01-23 09:32:36.800,2979.8000,9793,0,203394840.000,0,-,-,-,-,2979.2000,2978.4000,2978.2000,2975.0000,2971.2000,2980.0000,2980.2000,2981.0000,2981.2000,2981.4000,1,2,1,4,1,1,1,1,1,13
SF,IH2006,2020-01-23 09:32:37.300,2979.8000,9793,0,203394840.000,0,-,-,-,-,2979.2000,2978.4000,2978.2000,2975.0000,2971.2000,2980.0000,2980.2000,2981.0000,2981.2000,2981.4000,1,2,1,4,1,1,1,1,1,13
SF,IH2006,2020-01-23 09:32:37.800,2979.8000,9793,0,203394840.000,0,-,-,-,-,2979.2000,2978.4000,2978.2000,2975.0000,2971.2000,2979.8000,2980.0000,2980.2000,2981.0000,2981.2000,1,2,1,4,1,2,1,1,1,1
SF,IH2006,2020-01-23 09:32:38.300,2979.2000,9792,-1,205182540.000,2,0,2,多平,S,2978.4000,2978.2000,2975.0000,2971.2000,2971.0000,2979.8000,2980.2000,2981.0000,2981.2000,2981.4000,2,1,4,1,1,2,1,1,1,13
SF,IH2006,2020-01-23 09:32:38.800,2979.8000,9792,0,206076480.000,1,0,1,多换,S,2978.6000,2978.4000,2978.2000,2975.0000,2971.2000,2979.8000,2980.2000,2981.0000,2981.2000,2981.4000,2,2,1,4,1,1,1,1,1,13
SF,IH2006,2020-01-23 09:32:39.300,2980.2000,9790,-2,207864480.000,2,0,2,双平,S,2980.0000,2978.6000,2978.4000,2978.2000,2975.0000,2981.0000,2981.2000,2981.4000,2982.0000,2982.6000,1,2,2,1,4,1,1,13,1,2
SF,IH2006,2020-01-23 09:32:39.800,2980.2000,9790,0,207864480.000,0,-,-,-,-,2980.0000,2978.6000,2978.4000,2978.2000,2975.0000,2980.8000,2981.0000,2981.2000,2981.4000,2982.0000,2,1,2,1,4,3,1,1,13,1
SF,IH2006,2020-01-23 09:32:40.300,2980.2000,9790,0,207864480.000,0,-,-,-,-,2980.0000,2979.8000,2978.6000,2978.4000,2978.2000,2980.8000,2981.0000,2981.2000,2981.4000,2982.0000,2,1,1,2,1,1,1,1,13,1
SF,IH2006,2020-01-23 09:32:40.800,2980.8000,9789,-1,208758720.000,1,0,1,双平,S,2980.0000,2979.8000,2978.6000,2978.4000,2978.2000,2981.0000,2981.2000,2981.4000,2982.0000,2982.6000,2,1,1,2,2,1,1,13,1,2
SF,IH2006,2020-01-23 09:32:41.300,2981.0000,9788,-1,210547320.000,2,0,2,多平,S,2980.2000,2980.0000,2979.8000,2978.6000,2978.4000,2981.2000,2981.4000,2982.0000,2982.6000,2982.8000,2,2,1,1,2,1,13,1,2,2
SF,IH2006,2020-01-23 09:32:41.800,2981.4000,9786,-2,213230520.000,3,0,3,多平,S,2980.4000,2980.0000,2979.8000,2978.6000,2978.4000,2981.4000,2982.0000,2982.6000,2982.8000,2986.8000,2,2,1,1,2,11,1,2,2,4
SF,IH2006,2020-01-23 09:32:42.300,2981.4000,9785,-1,214124940.000,1,0,1,双平,S,2980.6000,2980.0000,2979.8000,2978.6000,2978.4000,2981.4000,2982.6000,2982.8000,2986.8000,2987.0000,2,2,1,1,2,10,2,2,4,1
SF,IH2006,2020-01-23 09:32:42.800,2981.4000,9783,-2,215913780.000,2,0,2,双平,S,2980.6000,2980.0000,2979.8000,2978.6000,2978.4000,2981.4000,2982.6000,2982.8000,2986.8000,2987.0000,2,2,1,1,2,8,2,2,4,1
SF,IH2006,2020-01-23 09:32:43.300,2980.8000,9782,-1,216808020.000,1,0,1,双平,S,2980.6000,2980.0000,2979.8000,2978.6000,2978.4000,2981.4000,2982.6000,2982.8000,2986.8000,2987.0000,2,2,1,1,2,8,2,2,4,1
SF,IH2006,2020-01-23 09:32:43.800,2980.8000,9778,-4,220385520.000,4,0,4,双平,S,2980.6000,2980.0000,2979.8000,2978.6000,2978.4000,2981.4000,2982.6000,2982.8000,2986.8000,2987.0000,2,2,1,1,2,5,2,2,4,1
SF,IH2006,2020-01-23 09:32:44.300,2980.8000,9777,-1,221279760.000,1,0,1,双平,S,2980.6000,2980.0000,2979.8000,2978.4000,2978.2000,2981.4000,2982.6000,2982.8000,2986.8000,2987.0000,2,2,1,2,2,5,2,2,4,1
SF,IH2006,2020-01-23 09:32:44.800,2980.8000,9777,0,221279760.000,0,-,-,-,-,2980.6000,2980.0000,2979.8000,2978.4000,2978.2000,2981.2000,2981.4000,2982.6000,2982.8000,2986.8000,2,2,1,2,2,1,5,2,2,4
SF,IH2006,2020-01-23 09:32:45.300,2980.8000,9777,0,221279760.000,0,-,-,-,-,2980.0000,2979.8000,2978.4000,2978.2000,2975.0000,2981.4000,2982.6000,2982.8000,2986.8000,2987.0000,2,1,2,2,4,5,2,2,4,1
SF,IH2006,2020-01-23 09:32:45.800,2980.8000,9777,0,221279760.000,0,-,-,-,-,2980.2000,2980.0000,2979.8000,2978.4000,2978.2000,2981.4000,2982.6000,2982.8000,2986.8000,2987.0000,3,2,1,2,2,5,2,2,4,1
SF,IH2006,2020-01-23 09:32:47.800,2980.8000,9777,0,221279760.000,0,-,-,-,-,2980.2000,2980.0000,2978.4000,2978.2000,2975.0000,2981.4000,2982.6000,2982.8000,2986.8000,2987.0000,3,2,2,2,4,5,2,2,4,1
SF,IH2006,2020-01-23 09:32:48.300,2980.8000,9777,0,221279760.000,0,-,-,-,-,2980.2000,2980.0000,2978.4000,2978.2000,2975.0000,2981.2000,2981.4000,2982.6000,2982.8000,2986.8000,2,2,2,2,4,1,5,2,2,4
SF,IH2006,2020-01-23 09:32:48.800,2980.8000,9777,0,221279760.000,0,-,-,-,-,2980.4000,2980.0000,2978.4000,2978.2000,2975.0000,2981.2000,2981.4000,2982.6000,2982.8000,2986.8000,2,2,2,2,4,1,5,2,2,4
SF,IH2006,2020-01-23 09:32:49.300,2980.8000,9777,0,221279760.000,0,-,-,-,-,2980.4000,2980.0000,2978.4000,2978.2000,2975.0000,2981.4000,2982.6000,2982.8000,2986.8000,2987.0000,2,2,2,2,4,5,2,2,4,1
SF,IH2006,2020-01-23 09:32:49.800,2980.8000,9777,0,221279760.000,0,-,-,-,-,2980.4000,2980.0000,2979.4000,2978.4000,2978.2000,2981.4000,2982.6000,2982.8000,2986.8000,2987.0000,2,2,2,2,2,5,2,2,4,1
SF,IH2006,2020-01-23 09:32:50.300,2980.8000,9777,0,221279760.000,0,-,-,-,-,2980.6000,2980.0000,2979.4000,2978.4000,2978.2000,2981.4000,2982.6000,2982.8000,2986.8000,2987.0000,2,2,2,2,2,5,2,2,4,1
SF,IH2006,2020-01-23 09:32:51.300,2980.6000,9775,-2,223068360.000,2,0,2,双平,S,2980.6000,2980.0000,2979.4000,2978.4000,2978.2000,2981.4000,2982.6000,2982.8000,2986.8000,2987.0000,2,2,2,2,2,4,2,2,4,1
SF,IH2006,2020-01-23 09:32:51.800,2981.4000,9774,-1,223962780.000,1,0,1,双平,S,2980.6000,2980.0000,2979.4000,2979.0000,2978.4000,2981.4000,2982.6000,2982.8000,2986.8000,2987.0000,2,2,2,2,2,3,2,2,4,1
SF,IH2006,2020-01-23 09:32:52.300,2981.4000,9771,-3,226646040.000,3,0,3,双平,S,2980.8000,2980.6000,2980.0000,2979.4000,2979.0000,2982.6000,2982.8000,2986.8000,2987.0000,2989.4000,1,3,2,2,2,2,2,4,1,1
SF,IH2006,2020-01-23 09:32:52.800,2981.4000,9771,0,226646040.000,0,-,-,-,-,2981.0000,2980.8000,2980.6000,2980.0000,2979.4000,2982.4000,2982.6000,2982.8000,2986.8000,2987.0000,2,1,3,2,2,1,2,2,4,1
SF,IH2006,2020-01-23 09:32:53.300,2981.4000,9771,0,226646040.000,0,-,-,-,-,2981.0000,2980.8000,2980.6000,2980.0000,2979.4000,2982.2000,2982.6000,2982.8000,2986.8000,2987.0000,2,1,3,2,2,1,2,2,4,1
SF,IH2006,2020-01-23 09:32:53.800,2981.4000,9771,0,226646040.000,0,-,-,-,-,2981.0000,2980.8000,2980.6000,2980.0000,2979.4000,2982.2000,2982.6000,2982.8000,2986.8000,2987.0000,1,1,3,2,2,1,2,2,4,1
SF,IH2006,2020-01-23 09:32:54.300,2981.4000,9771,0,226646040.000,0,-,-,-,-,2981.0000,2980.8000,2980.6000,2980.0000,2979.4000,2982.6000,2982.8000,2986.8000,2987.0000,2989.4000,1,1,2,2,2,2,2,4,1,1
SF,IH2006,2020-01-23 09:32:54.800,2981.4000,9771,0,226646040.000,0,-,-,-,-,2981.0000,2980.8000,2980.6000,2980.0000,2979.4000,2982.6000,2982.8000,2986.8000,2987.0000,2989.4000,2,1,2,2,2,2,2,4,1,1
SF,IH2006,2020-01-23 09:32:55.300,2981.4000,9771,0,226646040.000,0,-,-,-,-,2981.2000,2981.0000,2980.6000,2980.0000,2979.4000,2982.6000,2982.8000,2986.8000,2987.0000,2989.4000,1,2,2,2,2,2,2,4,1,1
SF,IH2006,2020-01-23 09:32:55.800,2981.4000,9771,0,226646040.000,0,-,-,-,-,2981.4000,2981.0000,2980.6000,2980.0000,2979.4000,2982.6000,2982.8000,2986.8000,2987.0000,2989.4000,3,1,1,2,2,2,2,4,1,1
SF,IH2006,2020-01-23 09:32:56.300,2981.4000,9771,0,226646040.000,0,-,-,-,-,2981.4000,2981.0000,2980.6000,2980.0000,2979.4000,2982.4000,2982.6000,2982.8000,2986.8000,2987.0000,3,1,1,2,2,1,2,2,4,1
SF,IH2006,2020-01-23 09:32:56.800,2982.4000,9770,-1,227540760.000,1,0,1,双平,S,2981.6000,2981.4000,2981.0000,2980.6000,2980.0000,2982.6000,2982.8000,2986.8000,2987.0000,2989.4000,1,2,1,1,2,2,2,4,1,1
SF,IH2006,2020-01-23 09:32:58.300,2982.4000,9770,0,227540760.000,0,-,-,-,-,2981.8000,2981.6000,2981.4000,2981.0000,2980.6000,2982.6000,2982.8000,2986.8000,2987.0000,2989.4000,1,1,2,1,1,2,2,4,1,1
SF,IH2006,2020-01-23 09:32:58.800,2981.8000,9769,-1,228435300.000,1,0,1,双平,S,2981.6000,2981.4000,2981.0000,2980.6000,2980.0000,2981.8000,2982.6000,2982.8000,2986.8000,2987.0000,1,2,1,1,2,1,2,2,4,1
SF,IH2006,2020-01-23 09:32:59.300,2982.6000,9768,-1,230224620.000,2,0,2,多平,S,2981.6000,2981.4000,2981.0000,2980.6000,2980.0000,2982.6000,2982.8000,2986.8000,2987.0000,2989.4000,1,2,1,1,2,1,2,4,1,1
SF,IH2006,2020-01-23 09:32:59.800,2982.6000,9768,0,230224620.000,0,-,-,-,-,2981.6000,2981.4000,2981.0000,2980.0000,2979.4000,2982.4000,2982.6000,2982.8000,2986.8000,2987.0000,1,2,1,2,2,2,1,2,4,1
SF,IH2006,2020-01-23 09:33:00.300,2982.6000,9768,0,230224620.000,0,-,-,-,-,2981.6000,2981.4000,2981.0000,2980.0000,2979.4000,2982.4000,2982.6000,2982.8000,2986.8000,2987.0000,1,1,1,2,2,2,1,2,4,1
SF,IH2006,2020-01-23 09:33:00.800,2982.4000,9766,-2,232014060.000,2,0,2,双平,S,2981.8000,2981.6000,2981.4000,2981.0000,2980.0000,2982.6000,2982.8000,2986.8000,2987.0000,2989.4000,2,1,1,1,2,1,2,4,1,1
SF,IH2006,2020-01-23 09:33:01.300,2982.4000,9766,0,232014060.000,0,-,-,-,-,2981.8000,2981.6000,2981.4000,2981.0000,2980.0000,2982.6000,2982.8000,2986.8000,2987.0000,2989.4000,1,1,1,1,2,1,2,4,1,1
SF,IH2006,2020-01-23 09:33:01.800,2982.4000,9766,0,232014060.000,0,-,-,-,-,2981.6000,2981.4000,2980.0000,2979.4000,2979.0000,2981.8000,2982.6000,2982.8000,2986.8000,2987.0000,1,1,2,2,2,1,1,2,4,1
SF,IH2006,2020-01-23 09:33:02.300,2981.6000,9762,-4,235591980.000,4,0,4,双平,S,2980.0000,2979.4000,2979.0000,2978.6000,2978.4000,2982.6000,2982.8000,2986.8000,2987.0000,2989.4000,2,2,2,2,2,1,2,4,1,1
SF,IH2006,2020-01-23 09:33:02.800,2981.6000,9762,0,235591980.000,0,-,-,-,-,2980.6000,2980.4000,2980.2000,2980.0000,2979.4000,2982.0000,2982.6000,2982.8000,2986.8000,2987.0000,1,3,1,3,2,1,1,2,4,1
SF,IH2006,2020-01-23 09:33:03.300,2981.6000,9762,0,235591980.000,0,-,-,-,-,2980.8000,2980.6000,2980.2000,2980.0000,2979.4000,2982.6000,2982.8000,2986.8000,2987.0000,2989.4000,2,1,1,3,2,1,2,4,1,1
SF,IH2006,2020-01-23 09:33:03.800,2981.6000,9762,0,235591980.000,0,-,-,-,-,2981.0000,2980.8000,2980.0000,2979.4000,2979.0000,2982.6000,2982.8000,2986.8000,2987.0000,2989.4000,1,2,3,2,2,1,2,4,1,1
SF,IH2006,2020-01-23 09:33:04.300,2981.6000,9762,0,235591980.000,0,-,-,-,-,2981.0000,2980.8000,2980.0000,2979.4000,2979.0000,2982.0000,2982.6000,2982.8000,2986.8000,2987.0000,1,2,2,2,2,1,1,2,4,1
SF,IH2006,2020-01-23 09:33:04.800,2981.6000,9762,0,235591980.000,0,-,-,-,-,2980.0000,2979.4000,2979.0000,2978.6000,2978.4000,2982.0000,2982.6000,2982.8000,2986.8000,2987.0000,2,2,2,2,2,1,1,2,4,1
SF,IH2006,2020-01-23 09:33:05.300,2982.0000,9761,-1,236486580.000,1,0,1,双平,S,2982.0000,2980.6000,2980.4000,2980.2000,2980.0000,2982.6000,2982.8000,2986.8000,2987.0000,2989.4000,1,2,1,3,3,1,2,4,1,1
SF,IH2006,2020-01-23 09:33:05.800,2982.0000,9761,0,236486580.000,0,-,-,-,-,2982.0000,2980.6000,2980.2000,2980.0000,2979.4000,2982.6000,2982.8000,2986.8000,2987.0000,2989.4000,1,2,2,3,2,1,2,4,1,1
SF,IH2006,2020-01-23 09:33:06.300,2982.0000,9760,-1,237381180.000,1,0,1,双平,S,2982.0000,2980.6000,2980.2000,2980.0000,2979.4000,2982.6000,2982.8000,2986.8000,2987.0000,2989.4000,1,2,2,3,2,1,2,4,1,1
SF,IH2006,2020-01-23 09:33:06.800,2982.0000,9760,0,238275780.000,1,0,1,多换,S,2980.6000,2980.2000,2980.0000,2979.4000,2979.0000,2982.0000,2982.6000,2982.8000,2986.8000,2987.0000,2,2,3,2,2,1,1,2,4,1
SF,IH2006,2020-01-23 09:33:07.300,2982.0000,9760,0,238275780.000,0,-,-,-,-,2980.8000,2980.6000,2980.2000,2980.0000,2979.4000,2982.0000,2982.6000,2982.8000,2986.8000,2987.0000,2,1,1,3,2,1,1,2,4,1
SF,IH2006,2020-01-23 09:33:07.800,2980.8000,9759,-1,239170020.000,1,0,1,双平,S,2980.8000,2980.6000,2980.0000,2979.4000,2979.0000,2981.8000,2982.0000,2982.6000,2982.8000,2986.8000,1,1,2,2,2,1,1,1,2,4
SF,IH2006,2020-01-23 09:33:08.300,2980.8000,9759,0,239170020.000,0,-,-,-,-,2980.0000,2979.4000,2979.0000,2978.6000,2978.4000,2981.8000,2982.0000,2982.6000,2982.8000,2986.8000,2,2,2,2,2,1,1,1,2,4
SF,IH2006,2020-01-23 09:33:08.800,2980.2000,9758,-1,240064080.000,1,0,1,双平,S,2980.0000,2979.4000,2979.0000,2978.6000,2978.4000,2981.8000,2982.0000,2982.6000,2982.8000,2986.8000,2,2,2,2,2,1,1,1,2,4
SF,IH2006,2020-01-23 09:33:09.300,2980.2000,9758,0,240064080.000,0,-,-,-,-,2980.2000,2980.0000,2979.4000,2979.0000,2978.6000,2982.0000,2982.6000,2982.8000,2986.8000,2987.0000,1,4,2,2,2,1,1,2,4,1
SF,IH2006,2020-01-23 09:33:09.800,2980.2000,9757,-1,240958140.000,1,0,1,双平,S,2980.0000,2979.4000,2979.0000,2978.6000,2978.4000,2980.2000,2982.0000,2982.6000,2982.8000,2986.8000,4,2,2,2,2,1,1,1,2,4
SF,IH2006,2020-01-23 09:33:10.300,2980.2000,9756,-1,241852200.000,1,0,1,双平,S,2980.8000,2980.2000,2980.0000,2979.4000,2979.0000,2982.0000,2982.6000,2982.8000,2986.8000,2987.0000,2,1,4,2,2,1,1,2,4,1
SF,IH2006,2020-01-23 09:33:10.800,2980.2000,9756,0,241852200.000,0,-,-,-,-,2980.2000,2980.0000,2979.4000,2979.0000,2978.6000,2980.8000,2981.4000,2982.0000,2982.6000,2982.8000,1,4,2,2,2,1,1,1,1,2
SF,IH2006,2020-01-23 09:33:11.300,2980.8000,9755,-1,242746440.000,1,0,1,双平,S,2980.0000,2979.4000,2979.0000,2978.6000,2978.4000,2981.4000,2982.0000,2982.6000,2982.8000,2986.8000,4,2,2,2,2,1,1,1,2,4
SF,IH2006,2020-01-23 09:33:11.800,2980.0000,9755,0,243640440.000,1,0,1,多换,S,2980.0000,2979.4000,2979.0000,2978.6000,2978.4000,2981.2000,2981.4000,2982.0000,2982.6000,2982.8000,3,2,2,2,2,2,1,1,1,2
SF,IH2006,2020-01-23 09:33:12.300,2980.0000,9755,0,243640440.000,0,-,-,-,-,2980.0000,2979.4000,2979.0000,2978.6000,2978.4000,2980.2000,2981.2000,2982.0000,2982.6000,2982.8000,3,2,2,2,2,1,2,1,1,2
SF,IH2006,2020-01-23 09:33:12.800,2980.2000,9754,-1,245428560.000,2,0,2,多平,S,2981.2000,2981.0000,2980.8000,2980.2000,2980.0000,2982.0000,2982.6000,2982.8000,2986.8000,2987.0000,1,2,2,1,3,1,1,2,4,1
SF,IH2006,2020-01-23 09:33:13.300,2981.2000,9754,0,246322920.000,1,0,1,多换,S,2981.0000,2980.8000,2980.2000,2980.0000,2979.4000,2981.2000,2981.8000,2982.0000,2982.6000,2982.8000,2,2,1,3,2,1,1,1,1,2
SF,IH2006,2020-01-23 09:33:13.800,2981.2000,9753,-1,247217280.000,1,0,1,双平,S,2981.2000,2981.0000,2980.8000,2980.0000,2979.4000,2982.0000,2982.6000,2982.8000,2986.8000,2987.0000,2,2,2,3,2,1,1,2,4,1
SF,IH2006,2020-01-23 09:33:14.300,2981.2000,9752,-1,248111640.000,1,0,1,双平,S,2981.2000,2981.0000,2980.8000,2980.0000,2979.4000,2982.0000,2982.6000,2982.8000,2986.8000,2987.0000,1,2,2,3,2,1,1,2,4,1
SF,IH2006,2020-01-23 09:33:14.800,2981.2000,9751,-1,249006000.000,1,0,1,双平,S,2981.0000,2980.8000,2980.0000,2979.4000,2979.0000,2982.0000,2982.6000,2982.8000,2986.8000,2987.0000,2,2,3,2,2,1,1,2,4,1
SF,IH2006,2020-01-23 09:33:15.300,2981.2000,9751,0,249006000.000,0,-,-,-,-,2981.2000,2980.8000,2980.0000,2979.4000,2979.0000,2982.0000,2982.6000,2982.8000,2986.8000,2987.0000,1,2,3,2,2,1,1,2,4,1
SF,IH2006,2020-01-23 09:33:15.800,2981.2000,9751,0,249900360.000,1,0,1,多换,S,2980.8000,2980.0000,2979.4000,2979.0000,2978.6000,2981.2000,2982.0000,2982.6000,2982.8000,2986.8000,2,3,2,2,2,1,1,1,2,4
SF,IH2006,2020-01-23 09:33:16.300,2981.2000,9751,0,249900360.000,0,-,-,-,-,2980.0000,2979.4000,2979.0000,2978.6000,2978.4000,2981.2000,2982.0000,2982.6000,2982.8000,2986.8000,3,2,2,2,2,1,1,1,2,4
SF,IH2006,2020-01-23 09:33:16.800,2981.2000,9751,0,249900360.000,0,-,-,-,-,2980.0000,2979.4000,2979.0000,2978.6000,2978.4000,2981.0000,2981.2000,2982.0000,2982.6000,2982.8000,3,2,2,2,2,2,1,1,1,2
SF,IH2006,2020-01-23 09:33:17.300,2981.2000,9751,0,249900360.000,0,-,-,-,-,2980.0000,2979.4000,2979.0000,2978.6000,2978.4000,2980.8000,2981.0000,2981.2000,2982.0000,2982.6000,3,2,2,2,2,1,2,1,1,1
SF,IH2006,2020-01-23 09:33:17.800,2980.0000,9751,0,250794360.000,1,0,1,多换,S,2980.0000,2979.4000,2979.0000,2978.6000,2978.4000,2980.8000,2981.2000,2982.0000,2982.6000,2982.8000,2,2,2,2,2,1,1,1,1,2
SF,IH2006,2020-01-23 09:33:19.300,2980.8000,9751,0,251688600.000,1,0,1,多换,S,2980.0000,2979.4000,2979.0000,2978.6000,2978.4000,2981.2000,2982.0000,2982.6000,2986.8000,2987.0000,2,2,2,2,2,1,1,1,4,1
SF,IH2006,2020-01-23 09:33:20.800,2980.8000,9751,0,251688600.000,0,-,-,-,-,2980.0000,2979.4000,2979.0000,2978.6000,2978.4000,2981.0000,2981.2000,2982.0000,2982.6000,2986.8000,2,2,2,2,2,1,1,1,1,4
SF,IH2006,2020-01-23 09:33:21.300,2980.8000,9751,0,251688600.000,0,-,-,-,-,2980.0000,2979.4000,2979.0000,2978.6000,2978.4000,2980.8000,2981.0000,2981.2000,2982.0000,2982.6000,3,2,2,2,2,1,1,1,1,1
SF,IH2006,2020-01-23 09:33:22.300,2980.8000,9751,0,251688600.000,0,-,-,-,-,2980.0000,2979.4000,2979.0000,2978.6000,2978.4000,2980.8000,2981.2000,2982.0000,2982.6000,2986.8000,3,2,2,2,2,1,1,1,1,4
SF,IH2006,2020-01-23 09:33:22.800,2980.8000,9751,0,251688600.000,0,-,-,-,-,2980.0000,2979.4000,2979.0000,2978.6000,2978.4000,2980.6000,2980.8000,2981.2000,2982.0000,2982.6000,3,2,2,2,2,1,1,1,1,1
SF,IH2006,2020-01-23 09:33:23.300,2980.0000,9751,0,254370600.000,3,1,2,多换,S,2979.4000,2979.0000,2978.6000,2978.4000,2978.2000,2980.0000,2980.6000,2981.2000,2982.0000,2982.6000,2,2,2,2,4,1,1,1,1,1
SF,IH2006,2020-01-23 09:33:23.800,2980.0000,9750,-1,255264600.000,1,0,1,双平,S,2980.0000,2979.4000,2979.0000,2978.6000,2978.4000,2980.6000,2981.2000,2982.0000,2982.6000,2986.8000,1,2,2,2,2,1,1,1,1,4
SF,IH2006,2020-01-23 09:33:24.300,2980.0000,9750,0,255264600.000,0,-,-,-,-,2979.4000,2979.0000,2978.6000,2978.4000,2978.2000,2980.0000,2980.6000,2981.2000,2982.0000,2982.6000,2,2,2,2,4,1,1,1,1,1
SF,IH2006,2020-01-23 09:33:24.800,2979.4000,9750,0,256158420.000,1,0,1,多换,S,2979.4000,2979.0000,2978.6000,2978.4000,2978.2000,2980.6000,2981.2000,2982.0000,2982.6000,2986.8000,1,2,2,2,4,1,1,1,1,4
SF,IH2006,2020-01-23 09:33:25.300,2979.4000,9750,0,256158420.000,0,-,-,-,-,2979.4000,2979.0000,2978.6000,2978.4000,2978.2000,2980.4000,2980.6000,2981.2000,2982.0000,2982.6000,1,2,2,2,4,1,1,1,1,1
SF,IH2006,2020-01-23 09:33:25.800,2979.4000,9750,0,256158420.000,0,-,-,-,-,2979.4000,2979.0000,2978.6000,2978.4000,2978.2000,2980.2000,2980.4000,2980.6000,2981.2000,2982.0000,1,2,2,2,4,1,1,1,1,1
SF,IH2006,2020-01-23 09:33:26.300,2979.4000,9750,0,256158420.000,0,-,-,-,-,2979.4000,2979.0000,2978.6000,2978.4000,2978.2000,2980.2000,2981.2000,2982.0000,2982.6000,2985.0000,1,2,2,2,4,1,1,1,1,1
SF,IH2006,2020-01-23 09:33:26.800,2979.4000,9750,0,256158420.000,0,-,-,-,-,2979.4000,2979.0000,2978.6000,2978.4000,2978.2000,2979.8000,2980.2000,2981.2000,2982.0000,2982.6000,1,2,2,2,4,1,1,1,1,1
SF,IH2006,2020-01-23 09:33:27.300,2979.8000,9750,0,257052360.000,1,0,1,多换,S,2979.4000,2979.0000,2978.6000,2978.4000,2978.2000,2980.2000,2981.2000,2982.0000,2982.6000,2985.0000,1,2,2,2,4,1,1,1,1,1
SF,IH2006,2020-01-23 09:33:27.800,2979.4000,9750,0,257946180.000,1,0,1,多换,S,2979.0000,2978.6000,2978.4000,2978.2000,2978.0000,2980.0000,2980.2000,2981.2000,2982.0000,2982.6000,2,2,2,4,1,1,1,1,1,1
SF,IH2006,2020-01-23 09:33:28.300,2979.4000,9750,0,257946180.000,0,-,-,-,-,2979.0000,2978.6000,2978.4000,2978.2000,2978.0000,2981.2000,2982.0000,2982.6000,2985.0000,2986.8000,2,2,2,4,1,1,1,1,1,4
SF,IH2006,2020-01-23 09:33:28.800,2979.4000,9750,0,257946180.000,0,-,-,-,-,2979.0000,2978.6000,2978.4000,2978.2000,2978.0000,2980.6000,2980.8000,2981.2000,2982.0000,2982.6000,2,2,2,4,1,1,4,1,1,1
SF,IH2006,2020-01-23 09:33:29.300,2979.4000,9750,0,257946180.000,0,-,-,-,-,2979.0000,2978.6000,2978.4000,2978.2000,2978.0000,2980.4000,2980.6000,2980.8000,2981.2000,2982.0000,2,2,2,4,1,1,1,4,1,1
SF,IH2006,2020-01-23 09:33:29.800,2979.4000,9750,0,257946180.000,0,-,-,-,-,2979.0000,2978.6000,2978.4000,2978.2000,2978.0000,2980.2000,2980.4000,2980.6000,2980.8000,2981.2000,2,2,2,4,1,1,1,1,3,1
SF,IH2006,2020-01-23 09:33:30.300,2979.4000,9750,0,257946180.000,0,-,-,-,-,2979.6000,2979.0000,2978.6000,2978.4000,2978.2000,2980.2000,2980.8000,2981.2000,2982.0000,2982.6000,1,2,2,2,4,1,3,1,1,1
SF,IH2006,2020-01-23 09:33:30.800,2979.6000,9749,-1,258840060.000,1,0,1,双平,S,2979.0000,2978.6000,2978.4000,2978.2000,2978.0000,2980.0000,2980.8000,2981.2000,2982.0000,2982.6000,2,2,2,4,1,1,3,1,1,1
SF,IH2006,2020-01-23 09:33:31.300,2979.6000,9749,0,258840060.000,0,-,-,-,-,2979.2000,2979.0000,2978.6000,2978.4000,2978.2000,2980.0000,2981.2000,2982.0000,2982.6000,2985.0000,1,2,2,2,4,1,1,1,1,1
SF,IH2006,2020-01-23 09:33:31.800,2979.6000,9749,0,258840060.000,0,-,-,-,-,2980.0000,2979.2000,2979.0000,2978.6000,2978.4000,2981.2000,2982.0000,2982.6000,2985.0000,2986.8000,1,1,2,2,2,1,1,1,1,4
SF,IH2006,2020-01-23 09:33:32.300,2979.6000,9749,0,258840060.000,0,-,-,-,-,2980.0000,2979.0000,2978.6000,2978.4000,2978.2000,2980.6000,2981.0000,2981.2000,2982.0000,2982.6000,1,2,2,2,4,1,1,1,1,1
SF,IH2006,2020-01-23 09:33:32.800,2980.0000,9749,0,259734060.000,1,0,1,多换,S,2979.0000,2978.6000,2978.4000,2978.2000,2978.0000,2980.4000,2980.6000,2981.0000,2981.2000,2982.0000,2,2,2,4,1,1,1,1,1,1
SF,IH2006,2020-01-23 09:33:33.300,2980.0000,9749,0,259734060.000,0,-,-,-,-,2979.2000,2979.0000,2978.6000,2978.4000,2978.2000,2980.6000,2981.2000,2982.0000,2982.6000,2985.0000,1,2,2,2,4,1,1,1,1,1
SF,IH2006,2020-01-23 09:33:34.300,2980.0000,9749,0,259734060.000,0,-,-,-,-,2979.2000,2979.0000,2978.6000,2978.4000,2978.2000,2980.6000,2981.2000,2982.0000,2982.6000,2985.0000,1,2,2,2,4,1,1,1,1,2
SF,IH2006,2020-01-23 09:33:34.800,2980.0000,9749,0,259734060.000,0,-,-,-,-,2979.0000,2978.6000,2978.4000,2978.2000,2978.0000,2980.6000,2981.2000,2982.0000,2982.6000,2985.0000,2,2,2,4,1,1,1,1,1,2
SF,IH2006,2020-01-23 09:33:35.800,2980.0000,9749,0,259734060.000,0,-,-,-,-,2980.0000,2979.0000,2978.6000,2978.4000,2978.2000,2980.6000,2981.2000,2982.0000,2982.6000,2985.0000,1,2,2,2,4,1,1,1,1,2
SF,IH2006,2020-01-23 09:33:36.300,2980.0000,9749,0,260628060.000,1,0,1,多换,S,2979.0000,2978.6000,2978.4000,2978.2000,2978.0000,2980.6000,2981.2000,2982.0000,2982.6000,2985.0000,2,2,2,4,1,1,1,1,1,2
SF,IH2006,2020-01-23 09:33:38.300,2980.0000,9749,0,260628060.000,0,-,-,-,-,2979.0000,2978.6000,2978.4000,2978.2000,2978.0000,2980.6000,2981.2000,2982.0000,2982.6000,2985.0000,3,2,2,4,1,1,1,1,1,2
SF,IH2006,2020-01-23 09:33:38.800,2980.6000,9748,-1,261522240.000,1,0,1,双平,S,2979.0000,2978.6000,2978.4000,2978.2000,2978.0000,2981.2000,2982.0000,2982.6000,2985.0000,2986.8000,3,2,2,4,1,1,1,1,2,4
SF,IH2006,2020-01-23 09:33:39.300,2980.6000,9748,0,261522240.000,0,-,-,-,-,2979.4000,2979.2000,2979.0000,2978.6000,2978.4000,2981.2000,2982.0000,2982.6000,2985.0000,2986.8000,2,3,4,2,2,1,1,1,2,4
SF,IH2006,2020-01-23 09:33:39.800,2980.6000,9748,0,261522240.000,0,-,-,-,-,2980.0000,2979.6000,2979.4000,2979.2000,2979.0000,2981.2000,2982.0000,2982.6000,2985.0000,2986.8000,1,2,1,2,4,1,1,1,2,4
SF,IH2006,2020-01-23 09:33:40.300,2980.6000,9748,0,261522240.000,0,-,-,-,-,2980.0000,2979.6000,2979.4000,2979.0000,2978.6000,2981.2000,2982.0000,2982.6000,2985.0000,2986.8000,2,2,1,4,2,1,1,1,2,4
SF,IH2006,2020-01-23 09:33:41.800,2981.2000,9747,-1,262416600.000,1,0,1,双平,S,2980.0000,2979.6000,2979.4000,2979.0000,2978.6000,2982.0000,2982.6000,2985.0000,2986.8000,2987.0000,2,2,1,5,2,1,1,2,4,1
SF,IH2006,2020-01-23 09:33:42.300,2981.2000,9747,0,262416600.000,0,-,-,-,-,2980.2000,2980.0000,2979.6000,2979.4000,2979.0000,2981.8000,2982.0000,2982.6000,2985.0000,2986.8000,1,2,1,1,5,1,1,1,2,4
SF,IH2006,2020-01-23 09:33:42.800,2981.2000,9747,0,262416600.000,0,-,-,-,-,2980.2000,2980.0000,2979.4000,2979.0000,2978.6000,2981.6000,2981.8000,2982.0000,2982.6000,2985.0000,1,2,1,5,2,1,1,1,1,2
SF,IH2006,2020-01-23 09:33:43.300,2981.2000,9747,0,262416600.000,0,-,-,-,-,2980.4000,2980.2000,2980.0000,2979.0000,2978.6000,2981.6000,2982.0000,2982.6000,2985.0000,2986.8000,1,1,2,5,2,1,1,1,2,4
SF,IH2006,2020-01-23 09:33:43.800,2981.2000,9747,0,262416600.000,0,-,-,-,-,2980.6000,2980.4000,2980.2000,2980.0000,2979.0000,2982.0000,2982.6000,2985.0000,2986.8000,2987.0000,1,1,1,2,5,1,1,2,4,1
SF,IH2006,2020-01-23 09:33:44.300,2981.2000,9747,0,262416600.000,0,-,-,-,-,2980.2000,2980.0000,2979.0000,2978.6000,2978.4000,2982.0000,2982.6000,2985.0000,2986.8000,2987.0000,1,2,5,2,2,1,1,2,4,1
SF,IH2006,2020-01-23 09:33:44.800,2981.2000,9747,0,262416600.000,0,-,-,-,-,2980.6000,2980.4000,2980.2000,2980.0000,2979.0000,2982.0000,2982.6000,2985.0000,2986.8000,2987.0000,1,1,1,2,5,1,1,2,4,1
SF,IH2006,2020-01-23 09:33:45.300,2982.0000,9746,-1,263311200.000,1,0,1,双平,S,2980.8000,2980.6000,2980.2000,2980.0000,2979.0000,2982.6000,2985.0000,2986.8000,2987.0000,2989.4000,1,1,1,2,5,1,2,4,1,1
SF,IH2006,2020-01-23 09:33:45.800,2982.0000,9746,0,263311200.000,0,-,-,-,-,2981.0000,2980.6000,2980.0000,2979.0000,2978.6000,2982.6000,2985.0000,2986.8000,2987.0000,2989.4000,2,1,2,5,2,1,2,4,1,1
SF,IH2006,2020-01-23 09:33:46.300,2982.0000,9746,0,263311200.000,0,-,-,-,-,2982.0000,2981.0000,2980.0000,2979.0000,2978.6000,2982.6000,2985.0000,2986.8000,2987.0000,2989.4000,2,2,2,5,2,1,2,4,1,1
SF,IH2006,2020-01-23 09:33:46.800,2982.0000,9744,-2,265100400.000,2,0,2,双平,S,2981.0000,2980.0000,2979.0000,2978.6000,2978.4000,2982.6000,2985.0000,2986.8000,2987.0000,2989.4000,1,2,5,2,2,1,2,4,1,1
SF,IH2006,2020-01-23 09:33:47.300,2982.0000,9744,0,265100400.000,0,-,-,-,-,2981.2000,2981.0000,2980.0000,2979.0000,2978.6000,2982.6000,2985.0000,2986.8000,2987.0000,2989.4000,1,1,2,5,2,1,2,4,1,1
SF,IH2006,2020-01-23 09:33:49.300,2982.0000,9744,0,265100400.000,0,-,-,-,-,2981.2000,2981.0000,2980.0000,2979.0000,2978.6000,2982.4000,2982.6000,2985.0000,2986.8000,2987.0000,1,1,2,5,2,1,1,2,4,1
SF,IH2006,2020-01-23 09:33:52.300,2982.4000,9744,0,265995120.000,1,0,1,多换,S,2982.4000,2981.2000,2981.0000,2980.0000,2979.0000,2982.6000,2985.0000,2986.8000,2987.0000,2989.4000,1,1,1,2,5,1,2,4,1,1
SF,IH2006,2020-01-23 09:33:52.800,2982.6000,9743,-1,266889900.000,1,0,1,双平,S,2982.6000,2981.2000,2981.0000,2980.0000,2979.0000,2985.0000,2986.8000,2987.0000,2989.4000,2989.8000,1,1,1,2,5,2,4,1,1,2
SF,IH2006,2020-01-23 09:33:53.300,2982.6000,9743,0,266889900.000,0,-,-,-,-,2982.8000,2981.2000,2980.0000,2979.0000,2978.6000,2984.4000,2984.6000,2984.8000,2985.0000,2985.2000,1,1,2,5,2,1,2,2,4,1
SF,IH2006,2020-01-23 09:33:53.800,2982.8000,9743,0,267784740.000,1,0,1,多换,S,2981.2000,2980.0000,2979.0000,2978.6000,2978.4000,2984.2000,2984.4000,2984.6000,2984.8000,2985.0000,1,2,5,2,2,1,1,2,2,4
SF,IH2006,2020-01-23 09:33:54.300,2982.8000,9743,0,267784740.000,0,-,-,-,-,2981.6000,2981.2000,2980.0000,2979.0000,2978.6000,2984.0000,2984.2000,2984.4000,2984.6000,2984.8000,2,1,2,4,2,2,1,1,2,2
SF,IH2006,2020-01-23 09:33:54.800,2982.8000,9743,0,267784740.000,0,-,-,-,-,2981.6000,2980.0000,2979.0000,2978.6000,2978.4000,2983.8000,2984.0000,2984.2000,2984.4000,2984.6000,2,2,4,2,2,1,2,1,1,2
SF,IH2006,2020-01-23 09:33:55.300,2982.8000,9743,0,267784740.000,0,-,-,-,-,2981.8000,2981.6000,2980.0000,2979.0000,2978.6000,2982.6000,2983.6000,2983.8000,2984.0000,2984.2000,1,2,2,4,2,6,1,1,1,1
SF,IH2006,2020-01-23 09:33:55.800,2982.8000,9743,0,267784740.000,0,-,-,-,-,2981.8000,2981.6000,2980.0000,2979.0000,2978.6000,2982.6000,2983.6000,2983.8000,2984.2000,2984.4000,1,2,2,4,2,6,1,1,1,1
SF,IH2006,2020-01-23 09:33:56.300,2982.8000,9743,0,267784740.000,0,-,-,-,-,2981.8000,2981.6000,2980.0000,2979.0000,2978.6000,2982.6000,2983.6000,2984.2000,2984.6000,2984.8000,1,2,2,4,2,6,1,1,2,1
SF,IH2006,2020-01-23 09:33:56.800,2982.8000,9743,0,267784740.000,0,-,-,-,-,2981.8000,2981.6000,2980.0000,2979.0000,2978.6000,2982.6000,2983.6000,2984.2000,2984.8000,2985.0000,1,2,2,4,2,6,1,1,1,4
SF,IH2006,2020-01-23 09:33:57.300,2982.6000,9743,0,268679520.000,1,0,1,多换,S,2981.8000,2981.6000,2980.0000,2979.0000,2978.6000,2982.6000,2983.6000,2984.2000,2984.8000,2985.0000,1,2,2,4,2,5,1,1,1,4
SF,IH2006,2020-01-23 09:33:57.800,2982.6000,9743,0,272258640.000,4,2,2,多换,S,2981.8000,2981.6000,2980.0000,2979.0000,2978.6000,2982.6000,2983.6000,2984.2000,2984.8000,2985.0000,1,2,2,4,2,1,1,1,1,4
SF,IH2006,2020-01-23 09:33:58.300,2982.6000,9743,0,273153420.000,1,0,1,多换,S,2982.8000,2981.8000,2981.6000,2980.0000,2979.0000,2983.6000,2984.2000,2984.8000,2985.0000,2985.2000,1,1,2,2,4,1,1,1,4,1
SF,IH2006,2020-01-23 09:33:58.800,2982.8000,9743,0,274048260.000,1,0,1,多换,S,2981.8000,2980.0000,2979.0000,2978.6000,2978.4000,2982.8000,2984.2000,2984.8000,2985.0000,2985.2000,1,2,4,2,2,1,1,1,4,1
SF,IH2006,2020-01-23 09:33:59.300,2982.8000,9743,0,274048260.000,0,-,-,-,-,2982.0000,2981.8000,2980.0000,2979.0000,2978.6000,2982.8000,2984.2000,2984.8000,2985.0000,2985.2000,1,1,2,4,2,1,1,1,4,1
SF,IH2006,2020-01-23 09:33:59.800,2982.0000,9743,0,274942860.000,1,0,1,多换,S,2980.0000,2979.0000,2978.6000,2978.4000,2978.2000,2982.8000,2984.2000,2984.8000,2985.0000,2985.2000,2,4,2,2,4,1,1,1,4,1
SF,IH2006,2020-01-23 09:34:00.300,2982.0000,9743,0,274942860.000,0,-,-,-,-,2981.0000,2980.2000,2980.0000,2979.0000,2978.6000,2982.6000,2982.8000,2984.2000,2984.8000,2985.0000,2,2,3,4,2,1,1,1,1,4
SF,IH2006,2020-01-23 09:34:00.800,2982.8000,9744,1,276732480.000,2,1,1,空开,S,2982.8000,2981.0000,2980.2000,2980.0000,2979.0000,2984.2000,2984.8000,2985.0000,2985.2000,2986.8000,3,1,2,3,4,1,1,4,1,4
SF,IH2006,2020-01-23 09:34:01.300,2982.8000,9744,0,279417000.000,3,1,2,多换,S,2981.0000,2980.2000,2980.0000,2979.0000,2978.6000,2983.6000,2983.8000,2984.0000,2984.2000,2984.8000,1,2,3,4,2,1,2,1,2,1
SF,IH2006,2020-01-23 09:34:01.800,2982.8000,9744,0,279417000.000,0,-,-,-,-,2981.0000,2980.2000,2980.0000,2979.0000,2978.6000,2983.4000,2983.8000,2984.2000,2984.8000,2985.0000,1,2,3,4,2,1,2,2,1,4
SF,IH2006,2020-01-23 09:34:02.300,2982.8000,9744,0,279417000.000,0,-,-,-,-,2981.0000,2980.2000,2980.0000,2979.0000,2978.6000,2983.4000,2984.2000,2984.8000,2985.0000,2985.2000,1,2,3,4,2,1,2,1,4,1
SF,IH2006,2020-01-23 09:34:03.800,2982.8000,9744,0,279417000.000,0,-,-,-,-,2981.0000,2980.2000,2980.0000,2979.0000,2978.6000,2983.2000,2983.4000,2984.2000,2984.8000,2985.0000,1,2,3,4,2,2,2,2,1,4
SF,IH2006,2020-01-23 09:34:04.300,2982.8000,9744,0,279417000.000,0,-,-,-,-,2980.2000,2980.0000,2979.0000,2978.6000,2978.4000,2983.0000,2983.4000,2984.2000,2984.8000,2985.0000,2,2,4,2,2,1,2,2,1,4
SF,IH2006,2020-01-23 09:34:04.800,2982.8000,9744,0,279417000.000,0,-,-,-,-,2980.4000,2980.2000,2980.0000,2979.0000,2978.6000,2982.8000,2983.0000,2983.4000,2984.2000,2984.8000,1,1,2,4,2,1,1,2,2,1
SF,IH2006,2020-01-23 09:34:05.300,2982.8000,9744,0,279417000.000,0,-,-,-,-,2980.4000,2980.2000,2980.0000,2979.0000,2978.6000,2982.6000,2982.8000,2983.4000,2984.2000,2985.0000,1,1,2,4,2,1,1,2,2,4
SF,IH2006,2020-01-23 09:34:05.800,2982.8000,9744,0,279417000.000,0,-,-,-,-,2980.4000,2980.2000,2980.0000,2979.0000,2978.6000,2982.8000,2983.4000,2984.2000,2985.0000,2985.2000,1,1,2,4,2,1,2,2,4,1
SF,IH2006,2020-01-23 09:34:06.300,2982.8000,9744,0,279417000.000,0,-,-,-,-,2980.4000,2980.2000,2980.0000,2979.0000,2978.6000,2983.4000,2984.2000,2985.0000,2985.2000,2986.8000,1,1,2,4,2,2,2,4,1,4
SF,IH2006,2020-01-23 09:34:06.800,2982.8000,9744,0,279417000.000,0,-,-,-,-,2980.4000,2980.2000,2980.0000,2979.0000,2978.6000,2983.0000,2983.4000,2984.2000,2985.0000,2985.2000,1,1,2,4,2,1,2,2,4,1
SF,IH2006,2020-01-23 09:34:07.300,2982.8000,9744,0,279417000.000,0,-,-,-,-,2980.4000,2980.0000,2979.0000,2978.6000,2978.4000,2983.0000,2983.4000,2984.2000,2985.0000,2985.2000,1,2,4,2,2,1,2,2,4,1
SF,IH2006,2020-01-23 09:34:07.800,2982.8000,9744,0,279417000.000,0,-,-,-,-,2980.8000,2980.6000,2980.4000,2980.0000,2979.0000,2982.8000,2984.2000,2985.0000,2985.2000,2986.8000,2,2,2,2,4,1,2,4,1,4
SF,IH2006,2020-01-23 09:34:08.300,2982.8000,9744,0,279417000.000,0,-,-,-,-,2981.0000,2980.8000,2980.6000,2980.0000,2979.0000,2982.4000,2982.8000,2984.2000,2985.0000,2985.2000,5,1,2,2,4,1,1,2,4,1
SF,IH2006,2020-01-23 09:34:08.800,2982.4000,9743,-1,280311720.000,1,0,1,双平,S,2982.4000,2981.4000,2981.2000,2981.0000,2980.6000,2982.8000,2984.2000,2985.0000,2985.2000,2986.8000,1,1,1,5,2,1,2,4,1,4
SF,IH2006,2020-01-23 09:34:09.300,2982.8000,9742,-1,281206560.000,1,0,1,双平,S,2983.0000,2982.4000,2981.4000,2981.0000,2980.6000,2984.2000,2985.0000,2985.2000,2986.8000,2987.0000,1,1,1,5,2,1,4,1,4,1
SF,IH2006,2020-01-23 09:34:09.800,2982.8000,9742,0,281206560.000,0,-,-,-,-,2983.2000,2983.0000,2982.4000,2981.4000,2981.0000,2984.2000,2985.0000,2985.2000,2986.8000,2987.0000,1,1,1,1,5,1,4,1,4,1
SF,IH2006,2020-01-23 09:34:10.300,2982.8000,9742,0,281206560.000,0,-,-,-,-,2983.2000,2983.0000,2982.4000,2981.4000,2981.0000,2984.0000,2985.0000,2985.2000,2987.0000,2989.4000,1,1,1,1,5,1,4,1,1,1
SF,IH2006,2020-01-23 09:34:10.800,2984.0000,9742,0,282101760.000,1,0,1,多换,S,2983.2000,2983.0000,2982.4000,2981.4000,2981.0000,2985.0000,2985.2000,2987.0000,2989.4000,2989.8000,1,1,1,1,5,2,1,1,1,1
SF,IH2006,2020-01-23 09:34:11.300,2984.0000,9742,0,282101760.000,0,-,-,-,-,2983.4000,2983.2000,2983.0000,2982.4000,2981.4000,2985.0000,2985.2000,2987.0000,2989.4000,2989.8000,3,1,1,1,1,3,1,1,1,1
SF,IH2006,2020-01-23 09:34:11.800,2984.0000,9742,0,282101760.000,0,-,-,-,-,2983.6000,2983.4000,2983.2000,2983.0000,2982.4000,2985.0000,2985.2000,2987.0000,2989.4000,2989.8000,1,3,1,1,1,3,1,1,1,1
SF,IH2006,2020-01-23 09:34:12.300,2984.0000,9742,0,282101760.000,0,-,-,-,-,2983.6000,2983.4000,2983.2000,2983.0000,2982.8000,2985.0000,2985.2000,2987.0000,2989.4000,2989.8000,1,3,1,1,1,3,1,1,1,1
SF,IH2006,2020-01-23 09:34:12.800,2984.0000,9742,0,282101760.000,0,-,-,-,-,2983.8000,2983.6000,2983.4000,2983.2000,2983.0000,2985.0000,2985.2000,2987.0000,2989.4000,2989.8000,2,1,1,1,1,3,1,1,1,1
SF,IH2006,2020-01-23 09:34:13.300,2984.0000,9742,0,282101760.000,0,-,-,-,-,2984.2000,2984.0000,2983.8000,2983.6000,2983.4000,2985.0000,2987.0000,2989.4000,2989.8000,2990.0000,1,2,3,1,1,3,1,1,1,3
SF,IH2006,2020-01-23 09:34:13.800,2985.0000,9740,-2,283892760.000,2,0,2,双平,S,2984.2000,2984.0000,2983.8000,2983.6000,2983.4000,2985.0000,2987.0000,2989.4000,2989.8000,2990.0000,1,1,2,1,1,1,1,1,1,3
SF,IH2006,2020-01-23 09:34:14.300,2985.0000,9739,-1,284788260.000,1,0,1,双平,S,2985.0000,2984.2000,2984.0000,2983.8000,2983.6000,2987.0000,2989.4000,2989.8000,2990.0000,2990.2000,1,1,1,2,1,1,1,1,3,1
SF,IH2006,2020-01-23 09:34:14.800,2985.0000,9739,0,284788260.000,0,-,-,-,-,2985.2000,2985.0000,2984.2000,2984.0000,2983.6000,2986.6000,2986.8000,2987.0000,2989.4000,2989.8000,2,1,1,1,1,2,2,2,1,1
SF,IH2006,2020-01-23 09:34:15.300,2985.0000,9739,0,284788260.000,0,-,-,-,-,2985.2000,2985.0000,2984.2000,2984.0000,2983.6000,2986.4000,2986.8000,2987.0000,2989.4000,2989.8000,2,1,1,1,1,1,2,2,1,1
SF,IH2006,2020-01-23 09:34:15.800,2985.0000,9739,0,284788260.000,0,-,-,-,-,2985.2000,2985.0000,2984.2000,2984.0000,2983.6000,2986.4000,2986.8000,2987.0000,2989.4000,2989.8000,1,1,1,1,1,1,2,2,1,1
SF,IH2006,2020-01-23 09:34:16.300,2985.0000,9739,0,284788260.000,0,-,-,-,-,2985.2000,2985.0000,2984.2000,2984.0000,2983.6000,2987.0000,2989.4000,2989.8000,2990.0000,2990.2000,1,1,1,1,1,1,1,1,3,1
SF,IH2006,2020-01-23 09:34:16.800,2985.0000,9739,0,284788260.000,0,-,-,-,-,2985.4000,2985.2000,2985.0000,2984.0000,2983.6000,2987.0000,2989.4000,2989.8000,2990.0000,2990.2000,3,1,1,1,1,1,1,1,3,1
SF,IH2006,2020-01-23 09:34:17.300,2985.0000,9739,0,284788260.000,0,-,-,-,-,2985.6000,2985.4000,2985.2000,2985.0000,2984.0000,2987.0000,2989.4000,2989.8000,2990.0000,2990.2000,2,3,1,1,1,1,1,1,3,1
SF,IH2006,2020-01-23 09:34:17.800,2985.0000,9739,0,284788260.000,0,-,-,-,-,2986.6000,2985.8000,2985.6000,2985.4000,2985.2000,2987.0000,2989.4000,2989.8000,2990.0000,2990.2000,1,2,1,1,1,1,1,1,3,1
SF,IH2006,2020-01-23 09:34:18.300,2986.6000,9739,0,285684240.000,1,0,1,多换,S,2985.6000,2985.4000,2985.2000,2985.0000,2984.0000,2987.0000,2989.4000,2989.8000,2990.0000,2990.2000,1,1,1,1,1,1,1,1,3,1
SF,IH2006,2020-01-23 09:34:18.800,2986.6000,9739,0,285684240.000,0,-,-,-,-,2985.8000,2985.6000,2985.4000,2985.2000,2985.0000,2987.0000,2989.4000,2989.8000,2990.0000,2990.2000,2,1,1,1,1,1,1,1,3,1
SF,IH2006,2020-01-23 09:34:19.300,2986.6000,9739,0,285684240.000,0,-,-,-,-,2986.0000,2985.8000,2985.6000,2985.4000,2985.2000,2987.0000,2989.4000,2989.8000,2990.0000,2990.2000,1,1,1,1,1,1,1,1,3,1
SF,IH2006,2020-01-23 09:34:20.300,2986.6000,9739,0,285684240.000,0,-,-,-,-,2986.2000,2986.0000,2985.6000,2985.4000,2985.2000,2987.0000,2989.4000,2989.8000,2990.0000,2990.2000,2,1,1,1,1,1,1,1,3,1
SF,IH2006,2020-01-23 09:34:20.800,2987.0000,9739,0,286580340.000,1,0,1,多换,S,2987.2000,2987.0000,2986.2000,2986.0000,2985.6000,2989.4000,2989.8000,2990.0000,2990.2000,2994.4000,1,1,2,1,1,1,1,3,1,5
SF,IH2006,2020-01-23 09:34:21.300,2987.2000,9738,-1,288372660.000,2,0,2,多平,S,2987.0000,2986.0000,2985.6000,2985.2000,2985.0000,2988.6000,2989.0000,2989.2000,2989.4000,2989.8000,1,1,1,1,1,1,3,2,2,1
SF,IH2006,2020-01-23 09:34:21.800,2987.2000,9738,0,288372660.000,0,-,-,-,-,2986.0000,2985.6000,2985.2000,2985.0000,2984.2000,2988.4000,2988.6000,2989.0000,2989.2000,2989.4000,2,1,1,1,1,1,1,3,2,2
SF,IH2006,2020-01-23 09:34:22.300,2987.2000,9738,0,288372660.000,0,-,-,-,-,2986.2000,2986.0000,2985.6000,2985.2000,2985.0000,2988.2000,2988.4000,2988.6000,2989.0000,2989.2000,1,2,1,1,1,1,1,1,3,1
SF,IH2006,2020-01-23 09:34:22.800,2987.2000,9738,0,288372660.000,0,-,-,-,-,2986.2000,2986.0000,2985.6000,2985.2000,2985.0000,2988.2000,2988.4000,2988.6000,2989.0000,2989.2000,1,2,1,1,1,1,1,1,3,1
SF,IH2006,2020-01-23 09:34:23.300,2988.2000,9738,0,289269120.000,1,0,1,多换,S,2986.4000,2986.2000,2986.0000,2985.6000,2985.2000,2988.4000,2988.6000,2989.0000,2989.2000,2989.4000,1,1,2,1,1,1,1,3,1,1
SF,IH2006,2020-01-23 09:34:23.800,2988.2000,9738,0,289269120.000,0,-,-,-,-,2986.6000,2986.4000,2986.2000,2986.0000,2985.6000,2988.6000,2989.2000,2989.4000,2989.8000,2990.0000,1,1,1,2,1,1,1,1,1,3
SF,IH2006,2020-01-23 09:34:24.300,2988.2000,9738,0,289269120.000,0,-,-,-,-,2986.8000,2986.6000,2986.0000,2985.6000,2985.2000,2989.8000,2990.0000,2990.2000,2994.4000,2995.0000,4,2,2,1,1,1,3,1,5,1
SF,IH2006,2020-01-23 09:34:24.800,2988.2000,9738,0,289269120.000,0,-,-,-,-,2987.4000,2987.2000,2986.8000,2986.6000,2986.0000,2989.8000,2990.0000,2990.2000,2994.4000,2995.0000,1,2,1,1,2,2,3,1,5,1
SF,IH2006,2020-01-23 09:34:25.300,2988.2000,9738,0,289269120.000,0,-,-,-,-,2987.6000,2987.4000,2987.2000,2987.0000,2986.6000,2989.6000,2989.8000,2990.0000,2990.2000,2994.4000,1,1,2,1,1,1,2,3,1,5
SF,IH2006,2020-01-23 09:34:26.300,2989.6000,9738,0,290166000.000,1,0,1,多换,S,2987.6000,2987.4000,2987.2000,2987.0000,2986.6000,2989.8000,2990.0000,2990.2000,2994.4000,2995.0000,1,1,2,1,1,2,3,1,5,1
SF,IH2006,2020-01-23 09:34:26.800,2989.6000,9738,0,290166000.000,0,-,-,-,-,2987.6000,2987.4000,2987.2000,2987.0000,2986.6000,2989.6000,2989.8000,2990.0000,2990.2000,2994.4000,1,1,2,1,1,1,1,3,1,5
SF,IH2006,2020-01-23 09:34:27.300,2989.6000,9738,0,290166000.000,0,-,-,-,-,2987.6000,2987.4000,2987.2000,2987.0000,2986.6000,2989.6000,2989.8000,2990.0000,2990.2000,2994.4000,1,1,2,1,1,1,1,3,1,5
SF,IH2006,2020-01-23 09:34:27.800,2987.6000,9739,1,291062280.000,1,1,0,双开,S,2987.4000,2987.2000,2987.0000,2986.6000,2986.0000,2987.6000,2989.4000,2989.6000,2989.8000,2990.0000,1,2,1,1,2,2,1,1,1,3
SF,IH2006,2020-01-23 09:34:28.300,2989.4000,9738,-1,294648480.000,4,1,3,多平,S,2989.6000,2987.6000,2987.4000,2987.0000,2986.6000,2989.8000,2990.0000,2990.2000,2994.4000,2995.0000,1,2,1,1,1,1,3,1,5,1
SF,IH2006,2020-01-23 09:34:28.800,2989.6000,9737,-1,295545360.000,1,0,1,双平,S,2987.6000,2987.4000,2987.0000,2986.6000,2986.0000,2988.4000,2989.4000,2989.6000,2989.8000,2990.0000,2,1,1,1,2,1,1,2,1,3
SF,IH2006,2020-01-23 09:34:29.300,2988.4000,9737,0,296441880.000,1,0,1,多换,S,2987.0000,2986.6000,2986.0000,2984.2000,2981.0000,2989.4000,2989.6000,2989.8000,2990.0000,2990.2000,1,1,1,1,5,1,2,1,3,1
SF,IH2006,2020-01-23 09:34:29.800,2988.4000,9737,0,296441880.000,0,-,-,-,-,2987.2000,2986.0000,2984.2000,2981.0000,2980.6000,2989.0000,2989.4000,2989.6000,2989.8000,2990.0000,2,1,1,5,1,2,2,2,1,4
SF,IH2006,2020-01-23 09:34:30.300,2988.4000,9737,0,296441880.000,0,-,-,-,-,2987.4000,2987.2000,2986.0000,2984.2000,2981.0000,2988.8000,2989.4000,2989.6000,2989.8000,2990.0000,2,1,1,1,5,2,1,2,1,4
SF,IH2006,2020-01-23 09:34:30.800,2988.4000,9737,0,296441880.000,0,-,-,-,-,2987.2000,2986.0000,2984.2000,2981.0000,2980.6000,2988.4000,2988.6000,2988.8000,2989.6000,2989.8000,1,1,1,5,1,2,1,2,2,1
SF,IH2006,2020-01-23 09:34:31.300,2988.4000,9737,0,296441880.000,0,-,-,-,-,2986.0000,2984.2000,2981.0000,2980.6000,2980.0000,2988.6000,2988.8000,2989.6000,2989.8000,2990.0000,1,1,5,1,3,1,3,2,1,4
SF,IH2006,2020-01-23 09:34:31.800,2988.4000,9737,0,296441880.000,0,-,-,-,-,2986.4000,2986.2000,2986.0000,2984.2000,2981.0000,2988.4000,2988.6000,2988.8000,2989.6000,2989.8000,3,1,1,1,5,1,1,1,2,1
SF,IH2006,2020-01-23 09:34:32.300,2988.4000,9737,0,296441880.000,0,-,-,-,-,2986.6000,2986.4000,2986.0000,2984.2000,2981.0000,2988.4000,2988.6000,2988.8000,2989.6000,2989.8000,1,3,1,1,5,1,1,1,2,1
SF,IH2006,2020-01-23 09:34:32.800,2988.4000,9737,0,296441880.000,0,-,-,-,-,2986.6000,2986.0000,2984.2000,2981.0000,2980.6000,2988.4000,2988.6000,2988.8000,2989.6000,2989.8000,1,1,1,5,1,1,1,1,2,1
SF,IH2006,2020-01-23 09:34:33.300,2988.4000,9737,0,296441880.000,0,-,-,-,-,2986.6000,2986.0000,2984.2000,2981.0000,2980.6000,2988.0000,2988.6000,2988.8000,2989.6000,2989.8000,1,1,1,5,1,2,1,1,2,1
SF,IH2006,2020-01-23 09:34:33.800,2988.4000,9737,0,296441880.000,0,-,-,-,-,2986.6000,2986.0000,2984.2000,2981.0000,2980.6000,2987.8000,2988.0000,2988.6000,2988.8000,2989.8000,1,1,1,5,1,1,3,1,1,1
SF,IH2006,2020-01-23 09:34:34.300,2988.4000,9737,0,296441880.000,0,-,-,-,-,2986.0000,2984.2000,2981.0000,2980.6000,2980.0000,2987.8000,2988.6000,2988.8000,2989.8000,2990.0000,1,1,5,1,3,1,1,1,1,4
SF,IH2006,2020-01-23 09:34:34.800,2988.4000,9737,0,296441880.000,0,-,-,-,-,2986.2000,2986.0000,2984.2000,2981.0000,2980.6000,2987.8000,2988.6000,2988.8000,2989.8000,2990.0000,5,1,1,5,1,1,1,1,1,4
