市场代码,合约代码,时间,最新,持仓,增仓,成交额,成交量,开仓,平仓,成交类型,方向,买一价,买二价,买三价,买四价,买五价,卖一价,卖二价,卖三价,卖四价,卖五价,买一量,买二量,买三量,买四量,买五量,卖一量,卖二量,卖三量,卖四量,卖五量
SF,IH2012,2020-09-03 09:29:00.100,3311.6000,22956,0,3973920.000,4.000,-,-,-,-,3310.0000,3308.6000,3308.0000,3307.6000,3306.4000,3311.6000,3311.8000,3312.0000,3312.2000,3316.0000,1,1,1,2,1,2,5,6,6,1
SF,IH2012,2020-09-03 09:30:00.100,3311.6000,22956,0,6953880.000,3,1,2,多换,S,3311.6000,3310.6000,3310.2000,3310.0000,3308.6000,3311.8000,3312.0000,3312.2000,3316.0000,3317.2000,2,1,1,2,1,5,6,6,1,1
SF,IH2012,2020-09-03 09:30:00.600,3311.6000,22954,-2,9934380.000,3,0,3,多平,S,3310.6000,3310.0000,3308.0000,3307.6000,3305.0000,3311.0000,3311.8000,3315.0000,3316.0000,3317.2000,1,2,1,2,2,10,4,1,1,1
SF,IH2012,2020-09-03 09:30:01.100,3311.8000,22942,-12,21854520.000,12,0,12,双平,S,3310.8000,3310.6000,3310.0000,3308.0000,3307.6000,3311.8000,3315.0000,3316.0000,3317.2000,3317.4000,2,1,2,1,2,3,1,1,1,1
SF,IH2012,2020-09-03 09:30:01.600,3310.8000,22941,-1,22847760.000,1,0,1,双平,S,3311.0000,3310.6000,3310.0000,3308.0000,3307.6000,3311.8000,3315.0000,3316.0000,3317.2000,3317.4000,1,1,2,1,2,3,1,1,1,1
SF,IH2012,2020-09-03 09:30:02.100,3310.8000,22941,0,22847760.000,0,-,-,-,-,3311.0000,3310.6000,3310.0000,3308.0000,3307.6000,3311.8000,3315.0000,3316.0000,3316.4000,3317.2000,1,1,2,1,2,3,1,1,1,1
SF,IH2012,2020-09-03 09:30:02.600,3311.8000,22938,-3,25828380.000,3,0,3,双平,S,3311.0000,3310.6000,3310.0000,3308.0000,3307.6000,3315.0000,3316.0000,3316.4000,3317.2000,3317.4000,2,1,2,1,2,1,1,1,1,1
SF,IH2012,2020-09-03 09:30:03.100,3314.6000,22935,-3,28811520.000,3,0,3,双平,S,3311.2000,3311.0000,3310.6000,3310.0000,3309.8000,3314.6000,3314.8000,3315.0000,3315.4000,3316.0000,1,2,1,2,1,2,2,2,2,1
SF,IH2012,2020-09-03 09:30:03.600,3314.6000,22935,0,28811520.000,0,-,-,-,-,3311.4000,3311.2000,3311.0000,3310.6000,3310.0000,3314.2000,3314.4000,3314.6000,3315.0000,3316.0000,1,3,1,1,2,1,2,2,2,1
SF,IH2012,2020-09-03 09:30:04.100,3314.6000,22935,0,29805900.000,1,0,1,多换,S,3311.8000,3311.6000,3311.4000,3311.2000,3311.0000,3314.0000,3314.2000,3314.4000,3315.0000,3315.6000,4,5,2,1,1,1,1,1,1,1
SF,IH2012,2020-09-03 09:30:04.600,3314.6000,22935,0,29805900.000,0,-,-,-,-,3312.8000,3312.2000,3312.0000,3311.8000,3311.6000,3315.0000,3316.0000,3317.2000,3317.4000,3318.6000,1,2,3,5,8,1,1,1,1,1
SF,IH2012,2020-09-03 09:30:05.100,3315.0000,22936,1,30800400.000,1,1,0,双开,S,3315.2000,3314.2000,3313.4000,3313.2000,3313.0000,3316.0000,3317.2000,3317.4000,3318.6000,3320.0000,1,1,2,2,2,1,1,1,1,1
SF,IH2012,2020-09-03 09:30:05.600,3315.8000,22935,-1,32789640.000,2,0,2,多平,S,3313.4000,3313.2000,3313.0000,3312.2000,3312.0000,3315.0000,3316.0000,3316.8000,3317.2000,3317.4000,2,2,2,4,3,1,1,1,1,1
SF,IH2012,2020-09-03 09:30:06.100,3315.0000,22934,-1,34778640.000,2,0,2,多平,S,3313.8000,3313.6000,3313.2000,3312.2000,3312.0000,3315.8000,3316.0000,3316.8000,3317.2000,3317.4000,1,2,1,1,1,1,1,1,1,1
SF,IH2012,2020-09-03 09:30:06.600,3315.6000,22933,-1,35773320.000,1,0,1,双平,S,3314.0000,3313.8000,3313.6000,3312.2000,3312.0000,3316.0000,3317.2000,3317.4000,3318.6000,3320.0000,3,1,2,1,1,1,4,1,1,1
SF,IH2012,2020-09-03 09:30:07.100,3316.0000,22932,-1,36768120.000,1,0,1,双平,S,3314.0000,3313.8000,3313.6000,3312.2000,3312.0000,3317.0000,3317.2000,3317.4000,3318.6000,3320.0000,3,1,2,1,1,1,1,1,1,1
SF,IH2012,2020-09-03 09:30:07.600,3316.0000,22932,0,36768120.000,0,-,-,-,-,3315.8000,3314.4000,3314.2000,3314.0000,3313.6000,3316.8000,3317.2000,3317.4000,3318.0000,3318.6000,4,1,2,3,1,1,1,2,2,1
SF,IH2012,2020-09-03 09:30:08.100,3315.8000,22931,-1,41741820.000,5,2,3,多平,S,3314.0000,3313.6000,3312.2000,3312.0000,3311.8000,3316.4000,3316.8000,3317.2000,3317.4000,3318.0000,2,1,1,1,1,3,1,1,2,2
SF,IH2012,2020-09-03 09:30:08.600,3315.8000,22931,0,41741820.000,0,-,-,-,-,3314.4000,3314.2000,3313.6000,3312.2000,3312.0000,3317.2000,3317.4000,3318.0000,3320.0000,3325.0000,4,1,1,1,1,1,2,2,1,10
SF,IH2012,2020-09-03 09:30:09.100,3315.8000,22931,0,41741820.000,0,-,-,-,-,3314.6000,3313.6000,3312.2000,3312.0000,3311.8000,3316.8000,3317.0000,3317.2000,3317.4000,3318.0000,1,1,1,1,1,1,1,1,2,2
SF,IH2012,2020-09-03 09:30:09.600,3316.6000,22930,-1,42736800.000,1,0,1,双平,S,3314.8000,3314.6000,3313.6000,3312.2000,3312.0000,3317.2000,3317.4000,3318.0000,3320.0000,3325.0000,1,2,1,1,1,1,2,2,1,10
SF,IH2012,2020-09-03 09:30:10.100,3316.6000,22930,0,42736800.000,0,-,-,-,-,3315.6000,3315.0000,3313.6000,3313.4000,3312.2000,3316.6000,3317.0000,3317.2000,3317.4000,3317.6000,1,1,1,1,1,1,1,1,1,1
SF,IH2012,2020-09-03 09:30:10.600,3315.6000,22929,-1,44726220.000,2,0,2,多平,S,3313.4000,3312.2000,3312.0000,3311.8000,3311.6000,3316.6000,3317.0000,3317.2000,3317.4000,3317.6000,1,1,1,1,4,1,1,1,1,1
SF,IH2012,2020-09-03 09:30:11.100,3315.6000,22929,0,44726220.000,0,-,-,-,-,3313.6000,3313.4000,3312.2000,3312.0000,3311.8000,3316.0000,3316.2000,3316.4000,3316.6000,3317.2000,1,1,1,1,1,1,1,2,1,1
SF,IH2012,2020-09-03 09:30:11.600,3315.6000,22929,0,44726220.000,0,-,-,-,-,3313.6000,3313.4000,3312.2000,3312.0000,3311.8000,3315.8000,3316.6000,3317.2000,3317.4000,3317.6000,1,1,1,1,1,3,1,1,1,1
SF,IH2012,2020-09-03 09:30:12.100,3315.6000,22929,0,44726220.000,0,-,-,-,-,3313.6000,3313.4000,3312.0000,3311.6000,3311.0000,3315.6000,3315.8000,3316.0000,3316.6000,3317.2000,1,1,1,4,1,1,3,2,1,1
SF,IH2012,2020-09-03 09:30:12.600,3313.4000,22928,-1,46714320.000,2,0,2,多平,S,3314.6000,3310.6000,3310.0000,3309.8000,3308.0000,3315.0000,3315.2000,3315.4000,3315.8000,3316.4000,1,1,2,1,1,1,1,4,1,2
SF,IH2012,2020-09-03 09:30:13.100,3313.6000,22928,0,47708400.000,1,0,1,多换,S,3310.6000,3310.0000,3309.8000,3308.0000,3307.8000,3314.6000,3314.8000,3315.0000,3315.2000,3315.4000,1,2,1,1,1,1,2,1,2,2
SF,IH2012,2020-09-03 09:30:13.600,3311.0000,22925,-3,50688420.000,3,0,3,双平,S,3311.0000,3310.8000,3310.6000,3310.0000,3309.8000,3314.2000,3314.4000,3314.6000,3315.0000,3315.2000,1,2,1,2,1,2,3,2,1,1
SF,IH2012,2020-09-03 09:30:14.100,3311.0000,22924,-1,51681720.000,1,0,1,双平,S,3310.8000,3310.6000,3310.0000,3309.8000,3308.0000,3312.8000,3313.0000,3313.6000,3313.8000,3314.0000,1,1,2,1,1,1,3,1,2,2
SF,IH2012,2020-09-03 09:30:14.600,3311.0000,22924,0,51681720.000,0,-,-,-,-,3312.0000,3311.0000,3310.6000,3310.0000,3309.8000,3312.6000,3313.0000,3313.8000,3314.2000,3314.4000,1,3,1,2,1,1,1,2,2,1
SF,IH2012,2020-09-03 09:30:15.100,3311.0000,22923,-1,53668620.000,2,0,2,多平,S,3311.0000,3310.6000,3310.0000,3308.0000,3307.8000,3312.0000,3312.2000,3312.6000,3313.0000,3313.2000,1,1,2,1,1,1,1,2,1,2
SF,IH2012,2020-09-03 09:30:15.600,3311.0000,22922,-1,54661920.000,1,0,1,双平,S,3310.6000,3310.0000,3308.0000,3307.8000,3307.6000,3311.0000,3311.8000,3312.0000,3312.2000,3312.6000,1,3,1,1,2,1,1,1,1,1
SF,IH2012,2020-09-03 09:30:16.100,3311.0000,22921,-1,55655220.000,1,0,1,双平,S,3311.2000,3310.6000,3310.0000,3308.0000,3307.8000,3311.8000,3312.0000,3312.2000,3312.6000,3313.0000,1,1,3,1,1,1,1,1,1,1
SF,IH2012,2020-09-03 09:30:16.600,3311.2000,22920,-1,57641940.000,2,0,2,多平,S,3310.6000,3310.0000,3308.0000,3307.8000,3307.6000,3311.8000,3312.0000,3312.2000,3312.6000,3313.0000,1,3,1,1,2,1,1,1,1,1
SF,IH2012,2020-09-03 09:30:17.100,3311.2000,22920,0,57641940.000,0,-,-,-,-,3310.8000,3310.6000,3310.0000,3309.0000,3308.0000,3311.8000,3312.0000,3312.2000,3312.6000,3313.0000,1,1,3,1,1,1,1,1,1,1
SF,IH2012,2020-09-03 09:30:17.600,3311.6000,22919,-1,58635420.000,1,0,1,双平,S,3310.8000,3310.6000,3310.0000,3309.0000,3308.0000,3311.6000,3311.8000,3312.0000,3312.2000,3312.6000,1,1,3,1,1,1,1,1,1,1
SF,IH2012,2020-09-03 09:30:18.100,3310.8000,22917,-2,60621900.000,2,0,2,双平,S,3310.6000,3310.0000,3309.0000,3308.0000,3307.8000,3311.4000,3311.6000,3312.0000,3312.2000,3312.6000,1,3,1,1,1,3,1,1,1,1
SF,IH2012,2020-09-03 09:30:18.600,3310.6000,22916,-1,61615080.000,1,0,1,双平,S,3310.0000,3309.0000,3308.0000,3307.8000,3307.6000,3310.8000,3311.2000,3311.4000,3311.6000,3312.0000,3,1,1,1,2,1,1,3,1,1
SF,IH2012,2020-09-03 09:30:19.100,3310.8000,22914,-2,63601500.000,2,0,2,双平,S,3310.0000,3309.0000,3308.0000,3307.8000,3307.6000,3311.4000,3311.6000,3312.0000,3312.2000,3312.6000,3,1,1,1,2,3,1,1,1,1
SF,IH2012,2020-09-03 09:30:19.600,3310.8000,22914,0,63601500.000,0,-,-,-,-,3310.0000,3309.0000,3308.0000,3307.8000,3307.6000,3311.0000,3311.2000,3311.4000,3311.6000,3312.0000,3,1,1,1,2,1,3,3,1,1
SF,IH2012,2020-09-03 09:30:20.100,3310.2000,22913,-1,64594560.000,1,0,1,双平,S,3310.2000,3310.0000,3309.0000,3308.0000,3307.8000,3310.4000,3311.2000,3311.4000,3311.6000,3311.8000,1,4,1,1,1,1,1,1,1,2
SF,IH2012,2020-09-03 09:30:20.600,3310.4000,22913,0,65587680.000,1,0,1,多换,S,3310.4000,3310.0000,3309.0000,3308.0000,3307.8000,3311.0000,3311.2000,3311.4000,3311.6000,3311.8000,1,3,1,1,1,2,1,1,1,2
SF,IH2012,2020-09-03 09:30:21.100,3310.4000,22913,0,65587680.000,0,-,-,-,-,3310.4000,3310.2000,3310.0000,3309.0000,3308.0000,3310.8000,3311.0000,3311.2000,3311.4000,3311.6000,1,1,3,1,2,1,1,1,1,1
SF,IH2012,2020-09-03 09:30:21.600,3310.4000,22912,-1,66580800.000,1,0,1,双平,S,3310.2000,3310.0000,3309.0000,3308.0000,3307.8000,3311.0000,3311.2000,3311.4000,3311.6000,3311.8000,1,3,1,2,1,1,2,1,1,2
SF,IH2012,2020-09-03 09:30:22.100,3310.2000,22911,-1,67573860.000,1,0,1,双平,S,3310.0000,3309.0000,3308.0000,3307.8000,3307.6000,3310.8000,3311.0000,3311.4000,3311.6000,3311.8000,3,1,2,1,2,1,1,2,1,2
SF,IH2012,2020-09-03 09:30:22.600,3310.2000,22911,0,67573860.000,0,-,-,-,-,3310.0000,3309.0000,3308.0000,3307.8000,3307.6000,3310.6000,3310.8000,3311.0000,3311.4000,3311.6000,3,1,2,1,2,1,1,1,2,1
SF,IH2012,2020-09-03 09:30:23.100,3310.0000,22911,0,68566860.000,1,0,1,多换,S,3310.0000,3309.0000,3308.0000,3307.8000,3307.6000,3310.4000,3310.6000,3311.0000,3311.4000,3311.6000,2,1,2,1,2,1,1,1,2,1
SF,IH2012,2020-09-03 09:30:23.600,3310.0000,22911,0,68566860.000,0,-,-,-,-,3310.0000,3309.0000,3308.0000,3307.8000,3307.6000,3310.4000,3310.6000,3311.0000,3311.4000,3311.6000,2,1,2,1,2,1,1,1,2,1
SF,IH2012,2020-09-03 09:30:24.100,3310.0000,22911,0,68566860.000,0,-,-,-,-,3310.0000,3309.0000,3308.0000,3307.8000,3307.6000,3310.4000,3310.6000,3311.0000,3311.4000,3311.8000,2,1,2,1,2,1,1,1,2,2
SF,IH2012,2020-09-03 09:30:25.600,3310.0000,22910,-1,70552860.000,2,0,2,多平,S,3309.0000,3308.0000,3307.8000,3307.6000,3305.0000,3310.2000,3310.4000,3310.6000,3311.0000,3311.4000,1,2,1,2,2,1,1,1,1,2
SF,IH2012,2020-09-03 09:30:26.100,3310.0000,22910,0,70552860.000,0,-,-,-,-,3309.0000,3308.0000,3307.8000,3307.6000,3305.0000,3309.8000,3310.0000,3310.2000,3310.6000,3311.0000,1,2,1,2,2,1,1,1,1,1
SF,IH2012,2020-09-03 09:30:26.600,3310.0000,22910,0,70552860.000,0,-,-,-,-,3308.0000,3307.8000,3307.6000,3305.0000,3302.6000,3309.4000,3309.6000,3309.8000,3310.2000,3310.6000,2,1,2,2,1,1,1,1,1,1
SF,IH2012,2020-09-03 09:30:27.100,3310.0000,22910,0,70552860.000,0,-,-,-,-,3308.2000,3308.0000,3307.8000,3307.6000,3305.0000,3309.0000,3309.2000,3309.8000,3310.2000,3311.0000,2,2,1,2,2,1,1,1,1,1
SF,IH2012,2020-09-03 09:30:27.600,3310.0000,22910,0,70552860.000,0,-,-,-,-,3308.2000,3308.0000,3307.8000,3307.6000,3305.0000,3309.0000,3309.2000,3309.8000,3310.2000,3311.0000,2,2,1,2,2,1,1,3,1,1
SF,IH2012,2020-09-03 09:30:28.100,3310.0000,22910,0,70552860.000,0,-,-,-,-,3308.0000,3307.8000,3307.6000,3305.0000,3302.6000,3309.0000,3309.2000,3309.8000,3310.2000,3311.0000,2,1,2,2,1,1,1,3,1,1
SF,IH2012,2020-09-03 09:30:28.600,3310.0000,22910,0,70552860.000,0,-,-,-,-,3308.0000,3307.8000,3307.6000,3305.0000,3302.6000,3308.8000,3309.0000,3309.8000,3310.2000,3311.0000,2,1,2,2,1,1,1,3,1,1
SF,IH2012,2020-09-03 09:30:29.600,3309.8000,22908,-2,73531140.000,3,0,3,多平,S,3309.0000,3308.0000,3307.8000,3307.6000,3305.0000,3309.8000,3310.2000,3311.0000,3311.4000,3312.0000,1,2,1,2,2,2,1,1,1,1
SF,IH2012,2020-09-03 09:30:30.100,3309.8000,22908,0,73531140.000,0,-,-,-,-,3309.0000,3308.0000,3307.8000,3307.6000,3305.0000,3309.6000,3310.2000,3311.0000,3311.4000,3312.0000,1,2,1,2,2,1,1,1,1,1
SF,IH2012,2020-09-03 09:30:30.600,3309.0000,22907,-1,74523840.000,1,0,1,双平,S,3308.0000,3307.8000,3307.6000,3305.0000,3302.6000,3309.4000,3309.6000,3310.2000,3311.0000,3311.4000,2,1,2,3,1,2,1,3,1,1
SF,IH2012,2020-09-03 09:30:31.100,3309.0000,22907,0,74523840.000,0,-,-,-,-,3308.2000,3308.0000,3307.8000,3307.6000,3305.0000,3309.2000,3309.4000,3310.2000,3311.0000,3312.0000,1,2,1,2,3,1,2,3,1,1
SF,IH2012,2020-09-03 09:30:31.600,3308.0000,22907,0,75516240.000,1,0,1,多换,S,3308.0000,3307.8000,3307.6000,3305.0000,3302.6000,3309.2000,3309.4000,3309.8000,3310.2000,3311.0000,1,1,2,3,1,1,2,1,3,1
SF,IH2012,2020-09-03 09:30:32.600,3309.0000,22906,-1,76508940.000,1,0,1,双平,S,3308.0000,3307.8000,3307.6000,3305.0000,3302.6000,3309.0000,3309.2000,3309.8000,3310.2000,3311.0000,1,1,2,3,1,1,1,1,3,1
SF,IH2012,2020-09-03 09:30:33.100,3308.0000,22907,1,77501340.000,1,1,0,双开,S,3307.8000,3307.6000,3305.0000,3302.6000,3302.2000,3308.8000,3309.0000,3309.8000,3310.2000,3311.0000,1,2,3,1,6,1,1,1,3,1
SF,IH2012,2020-09-03 09:30:34.100,3308.0000,22907,0,77501340.000,0,-,-,-,-,3308.4000,3307.8000,3307.6000,3305.0000,3302.6000,3308.8000,3309.8000,3310.2000,3311.0000,3312.0000,1,1,2,3,1,1,1,3,1,1
SF,IH2012,2020-09-03 09:30:34.600,3308.8000,22906,-1,78493980.000,1,0,1,双平,S,3308.8000,3308.4000,3307.8000,3307.6000,3305.0000,3309.8000,3310.2000,3311.0000,3312.0000,3314.0000,1,1,1,2,3,1,3,1,1,1
SF,IH2012,2020-09-03 09:30:35.100,3308.8000,22906,0,78493980.000,0,-,-,-,-,3308.8000,3308.4000,3308.0000,3307.8000,3307.6000,3309.4000,3309.6000,3309.8000,3310.2000,3311.0000,1,1,1,1,2,1,1,1,3,1
SF,IH2012,2020-09-03 09:30:35.600,3309.4000,22905,-1,79486800.000,1,0,1,双平,S,3309.4000,3308.8000,3308.4000,3308.0000,3307.8000,3309.8000,3310.2000,3311.0000,3312.0000,3314.0000,1,1,1,1,1,1,3,1,1,1
SF,IH2012,2020-09-03 09:30:36.100,3309.4000,22905,0,79486800.000,0,-,-,-,-,3309.6000,3309.4000,3308.8000,3308.4000,3308.0000,3309.8000,3310.2000,3311.0000,3312.0000,3314.0000,1,1,1,1,1,1,2,1,1,1
SF,IH2012,2020-09-03 09:30:36.600,3309.6000,22897,-8,87430080.000,8,0,8,双平,S,3309.4000,3308.8000,3308.4000,3308.0000,3307.8000,3310.2000,3311.0000,3312.0000,3314.0000,3316.0000,1,1,1,1,1,4,1,1,1,5
SF,IH2012,2020-09-03 09:30:37.100,3309.6000,22893,-4,92395200.000,5,0,5,多平,S,3309.4000,3308.8000,3308.4000,3308.0000,3307.8000,3311.0000,3312.0000,3314.0000,3316.0000,3317.2000,1,1,1,1,1,1,1,1,5,1
SF,IH2012,2020-09-03 09:30:37.600,3310.8000,22891,-2,94381680.000,2,0,2,双平,S,3310.0000,3309.6000,3309.4000,3308.8000,3308.4000,3311.0000,3311.2000,3311.6000,3312.0000,3314.0000,1,1,1,1,1,1,2,1,1,1
SF,IH2012,2020-09-03 09:30:38.100,3310.8000,22891,0,94381680.000,0,-,-,-,-,3310.2000,3310.0000,3309.4000,3308.8000,3308.4000,3311.0000,3311.6000,3312.0000,3314.0000,3316.0000,1,1,1,1,1,1,2,2,1,5
SF,IH2012,2020-09-03 09:30:38.600,3311.0000,22891,0,95374980.000,1,0,1,多换,S,3310.2000,3310.0000,3309.4000,3308.8000,3308.4000,3311.6000,3312.0000,3314.0000,3316.0000,3317.2000,1,1,1,1,1,2,2,1,5,1
SF,IH2012,2020-09-03 09:30:39.600,3311.0000,22891,0,95374980.000,0,-,-,-,-,3310.2000,3310.0000,3309.4000,3308.8000,3308.4000,3311.4000,3311.6000,3312.0000,3314.0000,3316.0000,1,1,1,1,1,1,2,2,1,5
SF,IH2012,2020-09-03 09:30:40.100,3311.0000,22891,0,95374980.000,0,-,-,-,-,3310.2000,3310.0000,3309.4000,3308.8000,3308.4000,3311.4000,3311.8000,3312.0000,3314.0000,3316.0000,1,1,1,1,1,1,2,2,1,5
SF,IH2012,2020-09-03 09:30:40.600,3311.0000,22891,0,95374980.000,0,-,-,-,-,3310.2000,3310.0000,3309.4000,3308.8000,3308.4000,3311.4000,3311.8000,3312.0000,3314.0000,3316.0000,1,1,1,1,1,1,3,1,1,5
SF,IH2012,2020-09-03 09:30:42.100,3311.0000,22891,0,95374980.000,0,-,-,-,-,3310.4000,3310.2000,3310.0000,3309.4000,3308.8000,3312.0000,3314.0000,3316.0000,3317.2000,3317.4000,1,1,1,1,1,1,1,5,1,1
SF,IH2012,2020-09-03 09:30:42.600,3311.0000,22891,0,95374980.000,0,-,-,-,-,3310.6000,3310.0000,3309.4000,3308.8000,3308.4000,3312.0000,3312.8000,3313.2000,3314.0000,3316.0000,2,1,1,1,1,1,2,1,1,5
SF,IH2012,2020-09-03 09:30:43.100,3311.0000,22891,0,95374980.000,0,-,-,-,-,3310.8000,3310.6000,3310.0000,3309.4000,3308.8000,3311.8000,3312.0000,3312.8000,3313.2000,3314.0000,1,2,1,1,1,1,1,2,1,1
SF,IH2012,2020-09-03 09:30:43.600,3311.0000,22891,0,95374980.000,0,-,-,-,-,3311.4000,3311.0000,3310.8000,3310.0000,3309.4000,3312.0000,3312.8000,3313.2000,3314.0000,3316.0000,1,1,1,1,1,1,2,1,1,5
SF,IH2012,2020-09-03 09:30:44.100,3311.0000,22891,0,95374980.000,0,-,-,-,-,3311.6000,3311.4000,3310.8000,3310.0000,3309.4000,3312.0000,3313.0000,3313.4000,3314.0000,3316.0000,1,1,1,1,1,1,2,1,1,5
SF,IH2012,2020-09-03 09:30:44.600,3313.0000,22889,-2,97362480.000,2,0,2,双平,S,3311.4000,3310.8000,3310.0000,3309.4000,3308.4000,3313.4000,3314.0000,3316.0000,3317.2000,3317.4000,1,1,1,1,1,1,1,5,1,1
SF,IH2012,2020-09-03 09:30:45.100,3313.0000,22889,0,97362480.000,0,-,-,-,-,3311.6000,3311.4000,3310.8000,3310.0000,3309.4000,3313.2000,3314.0000,3316.0000,3317.2000,3317.4000,2,1,1,1,1,1,3,5,1,1
SF,IH2012,2020-09-03 09:30:45.600,3313.0000,22889,0,97362480.000,0,-,-,-,-,3311.6000,3311.4000,3310.8000,3310.6000,3310.0000,3313.0000,3314.0000,3316.0000,3317.2000,3317.4000,4,1,1,1,1,1,3,5,1,1
SF,IH2012,2020-09-03 09:30:46.100,3311.6000,22888,-1,98355960.000,1,0,1,双平,S,3311.6000,3311.4000,3310.6000,3310.0000,3309.4000,3313.0000,3314.0000,3316.0000,3316.6000,3317.2000,3,1,1,1,1,2,2,5,1,1
SF,IH2012,2020-09-03 09:30:46.600,3313.0000,22887,-1,100343700.000,2,0,2,多平,S,3311.8000,3311.6000,3311.4000,3310.6000,3310.0000,3313.0000,3314.0000,3316.0000,3316.6000,3317.2000,1,3,1,1,1,1,2,5,1,1
SF,IH2012,2020-09-03 09:30:47.100,3313.0000,22887,0,100343700.000,0,-,-,-,-,3312.2000,3311.8000,3311.6000,3311.4000,3310.6000,3312.8000,3313.0000,3314.0000,3316.0000,3316.6000,1,1,2,1,1,1,1,2,5,1
SF,IH2012,2020-09-03 09:30:47.600,3313.0000,22887,0,100343700.000,0,-,-,-,-,3311.8000,3311.4000,3310.6000,3310.0000,3308.4000,3313.0000,3314.0000,3316.0000,3316.6000,3317.2000,1,1,1,1,1,1,2,5,1,1
SF,IH2012,2020-09-03 09:30:48.100,3314.0000,22887,0,101337900.000,1,0,1,多换,S,3312.0000,3311.8000,3311.4000,3310.6000,3310.0000,3314.0000,3316.0000,3316.6000,3317.2000,3317.4000,1,1,1,1,1,3,5,1,1,1
SF,IH2012,2020-09-03 09:30:48.600,3314.0000,22887,0,101337900.000,0,-,-,-,-,3312.2000,3312.0000,3311.4000,3310.6000,3310.0000,3313.0000,3313.8000,3314.0000,3314.2000,3316.0000,2,2,1,1,1,1,1,1,2,5
SF,IH2012,2020-09-03 09:30:49.100,3314.0000,22887,0,101337900.000,0,-,-,-,-,3312.2000,3312.0000,3311.4000,3310.6000,3310.0000,3313.0000,3313.8000,3314.0000,3316.0000,3316.6000,2,2,1,1,1,1,1,1,5,1
SF,IH2012,2020-09-03 09:30:49.600,3312.4000,22885,-2,103325520.000,2,0,2,双平,S,3312.2000,3311.4000,3310.6000,3310.0000,3309.0000,3313.8000,3314.4000,3316.0000,3316.6000,3317.2000,2,1,1,1,1,1,1,5,1,1
SF,IH2012,2020-09-03 09:30:50.100,3312.4000,22885,0,103325520.000,0,-,-,-,-,3312.2000,3311.4000,3310.6000,3310.0000,3309.0000,3313.8000,3314.6000,3315.2000,3316.0000,3316.6000,2,1,1,1,1,1,1,2,5,1
SF,IH2012,2020-09-03 09:30:50.600,3312.4000,22885,0,103325520.000,0,-,-,-,-,3312.2000,3311.4000,3310.6000,3310.0000,3309.0000,3313.6000,3313.8000,3314.6000,3315.2000,3316.0000,2,1,1,1,1,1,1,1,2,5
SF,IH2012,2020-09-03 09:30:51.100,3312.4000,22885,0,103325520.000,0,-,-,-,-,3312.4000,3312.2000,3311.4000,3310.6000,3310.0000,3313.6000,3313.8000,3314.6000,3316.0000,3316.6000,2,2,1,1,1,1,1,1,5,1
SF,IH2012,2020-09-03 09:30:51.600,3313.4000,22884,-1,104319540.000,1,0,1,双平,S,3312.6000,3311.4000,3310.6000,3310.0000,3309.0000,3313.8000,3314.4000,3314.8000,3316.0000,3316.6000,2,1,1,1,1,1,1,2,5,1
SF,IH2012,2020-09-03 09:30:52.600,3312.6000,22882,-2,106307100.000,2,0,2,双平,S,3311.4000,3310.6000,3310.0000,3309.0000,3308.4000,3313.8000,3314.4000,3315.0000,3316.0000,3316.6000,1,1,1,1,1,1,1,2,5,1
SF,IH2012,2020-09-03 09:30:53.100,3312.6000,22882,0,106307100.000,0,-,-,-,-,3311.8000,3311.6000,3310.6000,3310.0000,3309.0000,3313.6000,3313.8000,3314.4000,3315.0000,3316.0000,2,1,1,1,1,2,1,1,2,5
SF,IH2012,2020-09-03 09:30:53.600,3312.6000,22882,0,106307100.000,0,-,-,-,-,3312.0000,3311.8000,3310.6000,3310.0000,3309.0000,3313.6000,3314.4000,3315.0000,3316.0000,3316.6000,2,2,1,1,1,2,1,2,5,1
SF,IH2012,2020-09-03 09:30:54.100,3312.6000,22882,0,106307100.000,0,-,-,-,-,3312.0000,3311.8000,3310.6000,3310.0000,3309.0000,3313.4000,3313.6000,3314.4000,3316.0000,3316.6000,2,2,1,1,1,2,1,1,5,1
SF,IH2012,2020-09-03 09:30:54.600,3312.6000,22882,0,106307100.000,0,-,-,-,-,3310.6000,3310.0000,3309.0000,3308.4000,3308.0000,3313.2000,3313.4000,3313.6000,3316.0000,3316.6000,1,1,1,1,2,2,4,1,5,1
SF,IH2012,2020-09-03 09:30:55.100,3312.6000,22882,0,106307100.000,0,-,-,-,-,3311.2000,3310.8000,3310.6000,3310.0000,3309.0000,3313.4000,3313.6000,3316.0000,3316.6000,3317.2000,2,1,1,1,1,2,1,5,1,1
SF,IH2012,2020-09-03 09:30:55.600,3312.6000,22882,0,106307100.000,0,-,-,-,-,3311.4000,3311.2000,3311.0000,3310.6000,3310.0000,3313.2000,3313.4000,3313.6000,3316.0000,3316.6000,2,2,1,1,1,1,1,1,5,1
SF,IH2012,2020-09-03 09:30:56.100,3313.0000,22882,0,107301000.000,1,0,1,多换,S,3311.6000,3311.4000,3311.0000,3310.6000,3309.0000,3313.0000,3313.2000,3313.4000,3313.6000,3314.0000,3,1,1,1,1,1,1,1,1,1
SF,IH2012,2020-09-03 09:30:56.600,3311.8000,22882,0,108294540.000,1,0,1,多换,S,3311.6000,3311.0000,3310.6000,3309.0000,3308.4000,3313.4000,3313.6000,3314.0000,3314.6000,3316.0000,1,1,1,1,1,1,1,1,2,5
SF,IH2012,2020-09-03 09:30:57.100,3311.8000,22882,0,108294540.000,0,-,-,-,-,3311.0000,3310.6000,3309.0000,3308.4000,3308.0000,3312.6000,3313.0000,3313.2000,3313.4000,3313.6000,1,1,1,1,2,1,1,3,1,1
SF,IH2012,2020-09-03 09:30:57.600,3311.8000,22864,-18,126178260.000,18,0,18,双平,S,3311.0000,3310.6000,3309.0000,3308.4000,3308.0000,3312.4000,3312.6000,3313.0000,3313.2000,3313.4000,1,1,1,1,2,1,1,1,2,1
SF,IH2012,2020-09-03 09:30:58.100,3312.2000,22863,-1,127171920.000,1,0,1,双平,S,3311.0000,3310.6000,3309.0000,3308.4000,3308.0000,3311.6000,3312.4000,3312.6000,3313.0000,3313.2000,1,1,1,1,2,1,1,1,1,1
SF,IH2012,2020-09-03 09:30:58.600,3311.0000,22862,-1,128165220.000,1,0,1,双平,S,3310.6000,3309.0000,3308.4000,3308.0000,3307.8000,3311.6000,3312.4000,3313.2000,3313.4000,3313.6000,1,1,1,2,1,1,1,1,1,1
SF,IH2012,2020-09-03 09:30:59.100,3311.0000,22862,0,128165220.000,0,-,-,-,-,3310.8000,3310.6000,3309.0000,3308.4000,3308.0000,3311.4000,3311.6000,3313.2000,3313.4000,3313.6000,1,1,1,1,2,1,1,1,1,1
SF,IH2012,2020-09-03 09:30:59.600,3310.6000,22860,-2,130151640.000,2,0,2,双平,S,3309.0000,3308.4000,3308.0000,3307.8000,3307.6000,3311.4000,3311.6000,3313.2000,3313.4000,3313.6000,1,1,2,1,2,1,1,1,1,1
SF,IH2012,2020-09-03 09:31:00.100,3310.6000,22860,0,130151640.000,0,-,-,-,-,3309.6000,3309.4000,3309.2000,3309.0000,3308.4000,3311.4000,3311.6000,3313.2000,3313.4000,3313.6000,2,1,2,1,1,1,1,1,1,1
SF,IH2012,2020-09-03 09:31:00.600,3310.6000,22860,0,130151640.000,0,-,-,-,-,3309.8000,3309.6000,3309.0000,3308.4000,3308.0000,3311.4000,3311.6000,3313.2000,3313.4000,3314.0000,1,2,1,1,2,1,1,1,1,1
SF,IH2012,2020-09-03 09:31:01.100,3310.6000,22860,0,130151640.000,0,-,-,-,-,3309.8000,3309.6000,3309.0000,3308.4000,3308.0000,3311.2000,3311.4000,3311.6000,3313.4000,3314.0000,1,2,1,1,2,1,1,1,1,1
SF,IH2012,2020-09-03 09:31:01.600,3310.6000,22860,0,130151640.000,0,-,-,-,-,3309.0000,3308.4000,3308.0000,3307.8000,3307.6000,3311.0000,3311.6000,3313.4000,3314.0000,3314.6000,1,1,2,1,2,1,1,1,1,2
SF,IH2012,2020-09-03 09:31:02.100,3310.6000,22860,0,130151640.000,0,-,-,-,-,3309.6000,3309.2000,3309.0000,3308.4000,3308.0000,3311.0000,3311.6000,3313.4000,3314.6000,3316.0000,2,3,1,1,2,2,1,1,2,5
SF,IH2012,2020-09-03 09:31:02.600,3310.6000,22860,0,130151640.000,0,-,-,-,-,3309.6000,3309.2000,3309.0000,3308.4000,3308.0000,3311.0000,3311.6000,3313.4000,3314.6000,3316.0000,2,2,1,1,2,2,1,1,2,5
SF,IH2012,2020-09-03 09:31:03.100,3310.6000,22860,0,130151640.000,0,-,-,-,-,3309.6000,3309.2000,3309.0000,3308.4000,3308.0000,3311.0000,3311.6000,3313.4000,3314.6000,3316.0000,2,2,1,1,2,1,1,1,2,5
SF,IH2012,2020-09-03 09:31:03.600,3311.0000,22859,-1,131144940.000,1,0,1,双平,S,3309.8000,3309.6000,3309.2000,3309.0000,3308.4000,3311.2000,3311.6000,3313.4000,3314.6000,3316.0000,4,2,1,1,1,1,1,1,2,5
SF,IH2012,2020-09-03 09:31:04.100,3311.0000,22859,0,131144940.000,0,-,-,-,-,3310.2000,3310.0000,3309.8000,3309.2000,3309.0000,3311.2000,3311.6000,3312.6000,3314.6000,3316.0000,2,1,4,1,1,1,1,1,2,5
SF,IH2012,2020-09-03 09:31:04.600,3311.2000,22858,-1,132138300.000,1,0,1,双平,S,3310.4000,3310.2000,3310.0000,3309.8000,3309.2000,3311.6000,3312.6000,3314.6000,3316.0000,3316.6000,2,2,3,3,1,1,1,2,5,1
SF,IH2012,2020-09-03 09:31:05.100,3311.2000,22858,0,132138300.000,0,-,-,-,-,3310.6000,3310.4000,3310.0000,3309.8000,3309.2000,3312.6000,3314.6000,3316.0000,3316.6000,3317.2000,2,2,2,2,1,1,2,5,1,1
SF,IH2012,2020-09-03 09:31:05.600,3310.8000,22857,-1,133131540.000,1,0,1,双平,S,3310.0000,3309.8000,3309.0000,3308.4000,3308.0000,3311.6000,3312.4000,3312.6000,3314.6000,3316.0000,2,2,1,1,2,1,4,2,2,5
SF,IH2012,2020-09-03 09:31:06.100,3310.8000,22857,0,133131540.000,0,-,-,-,-,3309.8000,3309.0000,3308.4000,3308.0000,3307.8000,3310.6000,3311.4000,3311.6000,3312.4000,3312.6000,1,1,1,2,1,1,1,1,2,1
SF,IH2012,2020-09-03 09:31:06.600,3309.8000,22855,-2,135117480.000,2,0,2,双平,S,3309.0000,3308.4000,3308.0000,3307.8000,3307.6000,3310.6000,3311.4000,3312.2000,3312.4000,3312.6000,1,1,2,1,2,2,1,1,2,1
SF,IH2012,2020-09-03 09:31:07.100,3309.8000,22855,0,135117480.000,0,-,-,-,-,3309.2000,3309.0000,3308.4000,3308.0000,3307.8000,3310.4000,3310.6000,3312.2000,3312.4000,3312.6000,3,1,1,2,1,1,2,1,1,1
SF,IH2012,2020-09-03 09:31:07.600,3309.8000,22855,0,135117480.000,0,-,-,-,-,3309.4000,3309.2000,3309.0000,3308.4000,3308.0000,3310.2000,3310.4000,3310.6000,3311.8000,3312.2000,1,5,1,1,2,1,1,2,2,1
SF,IH2012,2020-09-03 09:31:08.100,3310.2000,22854,-1,137103540.000,2,0,2,多平,S,3309.2000,3309.0000,3308.4000,3308.0000,3307.8000,3310.6000,3311.8000,3312.2000,3312.4000,3312.6000,2,1,1,2,1,2,2,1,1,1
SF,IH2012,2020-09-03 09:31:08.600,3310.2000,22854,0,137103540.000,0,-,-,-,-,3309.2000,3309.0000,3308.4000,3308.0000,3307.8000,3310.4000,3310.6000,3310.8000,3311.8000,3312.2000,2,1,1,2,1,1,2,1,2,1
SF,IH2012,2020-09-03 09:31:09.100,3310.2000,22854,0,137103540.000,0,-,-,-,-,3309.2000,3309.0000,3308.4000,3308.0000,3307.8000,3310.0000,3310.4000,3310.6000,3310.8000,3312.2000,2,1,1,2,1,8,1,2,1,1
SF,IH2012,2020-09-03 09:31:09.600,3309.8000,22852,-2,140082000.000,3,0,3,多平,S,3309.0000,3308.4000,3308.0000,3307.8000,3307.6000,3310.0000,3310.6000,3310.8000,3312.2000,3312.4000,1,1,2,1,2,8,1,1,1,1
SF,IH2012,2020-09-03 09:31:12.100,3309.8000,22852,0,140082000.000,0,-,-,-,-,3309.0000,3308.4000,3308.0000,3307.8000,3307.6000,3309.8000,3310.0000,3310.6000,3310.8000,3312.2000,1,1,2,1,2,1,8,1,1,1
SF,IH2012,2020-09-03 09:31:12.600,3309.0000,22851,-1,141074700.000,1,0,1,双平,S,3309.2000,3308.4000,3308.0000,3307.8000,3307.6000,3310.0000,3310.6000,3310.8000,3312.4000,3312.6000,1,1,2,1,2,8,1,1,1,1
SF,IH2012,2020-09-03 09:31:13.100,3309.0000,22851,0,141074700.000,0,-,-,-,-,3309.2000,3308.4000,3308.0000,3307.8000,3307.6000,3310.0000,3310.6000,3310.8000,3311.8000,3312.4000,1,1,2,1,2,8,1,1,1,1
SF,IH2012,2020-09-03 09:31:13.600,3309.2000,22851,0,142067460.000,1,0,1,多换,S,3308.4000,3308.0000,3307.8000,3307.6000,3305.0000,3310.0000,3310.6000,3310.8000,3311.8000,3312.4000,1,2,1,2,2,8,1,1,1,1
SF,IH2012,2020-09-03 09:31:14.100,3309.2000,22851,0,142067460.000,0,-,-,-,-,3308.6000,3308.4000,3308.0000,3307.8000,3307.6000,3309.2000,3309.8000,3310.0000,3310.6000,3310.8000,6,1,2,1,2,1,1,8,1,1
SF,IH2012,2020-09-03 09:31:14.600,3309.2000,22851,0,142067460.000,0,-,-,-,-,3308.6000,3308.4000,3308.0000,3307.8000,3307.6000,3309.8000,3310.0000,3310.6000,3310.8000,3312.4000,5,1,2,1,2,1,8,1,1,1
SF,IH2012,2020-09-03 09:31:15.100,3309.2000,22851,0,142067460.000,0,-,-,-,-,3308.6000,3308.4000,3308.0000,3307.8000,3307.6000,3309.8000,3310.0000,3310.6000,3310.8000,3311.6000,4,1,2,1,2,1,8,1,1,1
SF,IH2012,2020-09-03 09:31:15.600,3308.6000,22850,-1,143060040.000,1,0,1,双平,S,3308.6000,3308.4000,3308.0000,3307.8000,3307.6000,3309.2000,3309.6000,3309.8000,3310.0000,3310.6000,3,1,2,1,2,1,1,1,8,1
SF,IH2012,2020-09-03 09:31:16.100,3308.6000,22850,0,143060040.000,0,-,-,-,-,3308.6000,3308.4000,3308.0000,3307.8000,3307.6000,3309.2000,3309.8000,3310.0000,3310.6000,3310.8000,3,2,2,1,2,1,2,8,1,1
SF,IH2012,2020-09-03 09:31:16.600,3309.2000,22849,-1,144052800.000,1,0,1,双平,S,3309.2000,3308.6000,3308.4000,3308.0000,3307.8000,3309.8000,3310.0000,3310.6000,3310.8000,3312.4000,1,3,2,2,1,2,8,1,1,1
SF,IH2012,2020-09-03 09:31:17.100,3309.2000,22849,0,144052800.000,0,-,-,-,-,3309.2000,3308.6000,3308.4000,3308.2000,3308.0000,3309.8000,3310.0000,3310.6000,3310.8000,3311.6000,1,4,2,1,2,1,8,1,1,1
SF,IH2012,2020-09-03 09:31:17.600,3309.2000,22849,0,144052800.000,0,-,-,-,-,3309.2000,3308.6000,3308.4000,3308.2000,3308.0000,3309.8000,3310.0000,3310.6000,3310.8000,3311.6000,1,4,2,1,2,1,10,1,1,1
SF,IH2012,2020-09-03 09:31:18.100,3309.2000,22849,0,144052800.000,0,-,-,-,-,3308.6000,3308.4000,3308.2000,3308.0000,3307.8000,3309.8000,3310.0000,3310.6000,3310.8000,3311.6000,4,2,1,2,1,1,10,1,1,1
SF,IH2012,2020-09-03 09:31:18.600,3309.2000,22849,0,144052800.000,0,-,-,-,-,3308.8000,3308.6000,3308.4000,3308.2000,3308.0000,3309.2000,3309.8000,3310.0000,3310.6000,3310.8000,1,4,2,1,2,1,1,10,1,1
SF,IH2012,2020-09-03 09:31:19.100,3309.2000,22849,0,144052800.000,0,-,-,-,-,3308.6000,3308.4000,3308.2000,3308.0000,3307.8000,3309.8000,3310.0000,3310.6000,3310.8000,3312.4000,4,2,1,2,1,1,2,1,1,1
SF,IH2012,2020-09-03 09:31:19.600,3309.8000,22848,-1,145045740.000,1,0,1,双平,S,3308.8000,3308.6000,3308.4000,3308.2000,3308.0000,3310.0000,3310.6000,3310.8000,3311.2000,3312.4000,1,4,2,1,2,2,1,1,1,1
SF,IH2012,2020-09-03 09:31:20.100,3309.8000,22848,0,145045740.000,0,-,-,-,-,3308.8000,3308.6000,3308.4000,3308.2000,3308.0000,3310.0000,3310.6000,3310.8000,3311.2000,3312.0000,1,4,2,1,2,2,1,1,1,1
SF,IH2012,2020-09-03 09:31:20.600,3309.8000,22848,0,145045740.000,0,-,-,-,-,3309.0000,3308.8000,3308.6000,3308.4000,3308.2000,3310.0000,3310.6000,3310.8000,3311.2000,3312.0000,1,1,4,2,1,2,1,1,1,1
SF,IH2012,2020-09-03 09:31:21.100,3309.8000,22848,0,145045740.000,0,-,-,-,-,3309.0000,3308.8000,3308.6000,3308.4000,3308.2000,3309.8000,3310.0000,3310.6000,3310.8000,3311.2000,1,2,4,2,1,1,2,1,1,1
SF,IH2012,2020-09-03 09:31:21.600,3309.8000,22846,-2,147031440.000,2,0,2,双平,S,3309.0000,3308.8000,3308.6000,3308.4000,3308.2000,3310.0000,3310.6000,3310.8000,3311.2000,3312.0000,1,1,4,2,1,2,1,1,1,1
SF,IH2012,2020-09-03 09:31:22.100,3309.8000,22846,0,147031440.000,0,-,-,-,-,3309.0000,3308.8000,3308.6000,3308.4000,3308.2000,3309.8000,3310.0000,3310.6000,3310.8000,3311.2000,1,1,4,2,1,1,2,1,1,1
SF,IH2012,2020-09-03 09:31:22.600,3309.8000,22846,0,147031440.000,0,-,-,-,-,3309.0000,3308.8000,3308.6000,3308.4000,3308.2000,3309.8000,3310.0000,3310.6000,3310.8000,3311.2000,1,1,1,2,1,1,4,2,1,1
SF,IH2012,2020-09-03 09:31:23.100,3309.0000,22845,-1,148024140.000,1,0,1,双平,S,3308.8000,3308.6000,3308.4000,3308.2000,3308.0000,3309.8000,3310.0000,3310.6000,3310.8000,3311.2000,1,1,2,1,2,1,4,1,2,1
SF,IH2012,2020-09-03 09:31:23.600,3308.6000,22843,-2,150009360.000,2,0,2,双平,S,3308.4000,3308.2000,3308.0000,3307.8000,3307.6000,3309.4000,3309.6000,3309.8000,3310.0000,3310.6000,2,1,2,1,2,1,3,1,4,1
SF,IH2012,2020-09-03 09:31:24.100,3308.4000,22839,-4,154971780.000,5,0,5,多平,S,3308.0000,3307.8000,3307.6000,3307.4000,3306.8000,3309.2000,3309.4000,3309.8000,3310.0000,3310.6000,1,1,2,1,1,2,3,1,4,1
SF,IH2012,2020-09-03 09:31:24.600,3308.4000,22839,0,154971780.000,0,-,-,-,-,3308.0000,3307.8000,3307.6000,3307.4000,3306.8000,3308.8000,3309.0000,3309.2000,3309.4000,3309.8000,1,1,2,1,1,1,1,3,2,1
SF,IH2012,2020-09-03 09:31:25.100,3307.6000,22838,-1,157948800.000,3,1,2,多平,S,3307.6000,3306.8000,3306.0000,3305.0000,3302.6000,3308.0000,3308.2000,3308.6000,3308.8000,3309.0000,1,1,1,2,1,1,2,3,2,1
SF,IH2012,2020-09-03 09:31:25.600,3306.8000,22836,-2,159933120.000,2,0,2,双平,S,3306.0000,3305.0000,3302.6000,3302.2000,3301.2000,3307.2000,3307.4000,3307.6000,3307.8000,3308.0000,1,2,1,1,1,1,1,1,1,2
SF,IH2012,2020-09-03 09:31:26.100,3306.2000,22835,-1,160924980.000,1,0,1,双平,S,3306.0000,3305.8000,3305.0000,3302.6000,3302.2000,3307.2000,3307.8000,3308.0000,3308.2000,3308.4000,1,1,2,1,1,1,3,2,2,8
SF,IH2012,2020-09-03 09:31:26.600,3306.2000,22835,0,160924980.000,0,-,-,-,-,3306.0000,3305.8000,3305.0000,3302.6000,3302.2000,3307.0000,3307.8000,3308.0000,3308.2000,3308.4000,1,1,2,1,1,1,1,2,2,8
SF,IH2012,2020-09-03 09:31:27.100,3306.2000,22835,0,160924980.000,0,-,-,-,-,3306.2000,3306.0000,3305.8000,3305.6000,3305.0000,3307.0000,3307.2000,3307.8000,3308.0000,3308.2000,1,1,1,1,2,1,1,1,2,2
SF,IH2012,2020-09-03 09:31:27.600,3305.8000,22832,-3,163900380.000,3,0,3,双平,S,3305.6000,3305.0000,3302.6000,3302.2000,3301.2000,3306.2000,3307.0000,3307.2000,3307.8000,3308.0000,1,2,1,1,1,1,1,1,1,3
SF,IH2012,2020-09-03 09:31:28.100,3305.0000,22830,-2,165883560.000,2,0,2,双平,S,3305.0000,3302.6000,3302.2000,3301.2000,3301.0000,3306.0000,3306.2000,3306.6000,3307.2000,3307.8000,1,1,1,1,1,1,1,1,1,1
SF,IH2012,2020-09-03 09:31:28.600,3305.0000,22830,0,166875060.000,1,0,1,多换,S,3302.6000,3302.2000,3301.2000,3301.0000,3300.2000,3305.8000,3306.0000,3306.2000,3306.6000,3307.2000,1,1,1,1,4,2,3,1,1,1
SF,IH2012,2020-09-03 09:31:29.100,3305.4000,22829,-1,167866680.000,1,0,1,双平,S,3303.0000,3302.8000,3302.6000,3302.2000,3301.2000,3305.6000,3305.8000,3306.0000,3306.6000,3307.2000,1,2,1,1,1,2,3,1,1,1
SF,IH2012,2020-09-03 09:31:29.600,3302.8000,22829,0,168857520.000,1,0,1,多换,S,3302.8000,3302.6000,3302.2000,3301.2000,3301.0000,3305.0000,3305.4000,3305.6000,3305.8000,3306.0000,1,1,1,1,1,1,1,6,3,1
SF,IH2012,2020-09-03 09:31:30.100,3302.8000,22829,0,168857520.000,0,-,-,-,-,3303.8000,3303.0000,3302.6000,3302.2000,3301.2000,3305.0000,3305.6000,3305.8000,3306.0000,3307.2000,1,1,1,1,1,1,5,2,1,1
SF,IH2012,2020-09-03 09:31:30.600,3304.8000,22828,-1,169848960.000,1,0,1,双平,S,3304.0000,3303.8000,3303.2000,3303.0000,3302.6000,3305.6000,3305.8000,3306.0000,3307.2000,3307.8000,1,1,1,1,1,4,2,1,1,1
SF,IH2012,2020-09-03 09:31:31.100,3304.8000,22828,0,169848960.000,0,-,-,-,-,3304.0000,3303.8000,3302.6000,3302.2000,3301.2000,3305.4000,3305.6000,3305.8000,3306.0000,3307.2000,1,3,1,1,1,1,4,1,1,1
SF,IH2012,2020-09-03 09:31:31.600,3304.8000,22828,0,169848960.000,0,-,-,-,-,3303.8000,3302.6000,3302.2000,3301.2000,3301.0000,3305.4000,3305.6000,3305.8000,3306.0000,3307.2000,3,1,1,1,1,1,4,1,1,1
SF,IH2012,2020-09-03 09:31:32.100,3304.8000,22828,0,169848960.000,0,-,-,-,-,3304.0000,3303.8000,3302.6000,3302.2000,3301.2000,3305.4000,3305.6000,3305.8000,3306.0000,3307.2000,4,3,1,1,1,2,4,1,1,1
SF,IH2012,2020-09-03 09:31:32.600,3304.0000,22828,0,170840160.000,1,0,1,多换,S,3304.0000,3303.8000,3302.6000,3302.2000,3301.2000,3305.4000,3305.6000,3305.8000,3306.0000,3307.2000,3,3,1,1,1,2,5,1,1,1
SF,IH2012,2020-09-03 09:31:33.100,3304.0000,22828,0,170840160.000,0,-,-,-,-,3304.0000,3303.8000,3302.6000,3302.2000,3301.2000,3305.4000,3305.6000,3305.8000,3306.0000,3307.2000,3,3,1,1,1,2,5,1,1,1
SF,IH2012,2020-09-03 09:31:33.600,3305.4000,22822,-6,176790060.000,6,0,6,双平,S,3304.0000,3303.8000,3302.6000,3302.2000,3301.2000,3305.6000,3306.0000,3307.2000,3307.8000,3308.0000,3,3,1,1,1,2,1,1,1,2
SF,IH2012,2020-09-03 09:31:34.100,3305.6000,22820,-2,178773420.000,2,0,2,双平,S,3305.6000,3304.8000,3304.6000,3304.4000,3304.2000,3306.0000,3307.2000,3307.8000,3308.0000,3309.0000,1,1,1,1,1,1,1,1,2,1
SF,IH2012,2020-09-03 09:31:34.600,3306.0000,22820,0,179765220.000,1,0,1,多换,S,3305.6000,3304.6000,3304.4000,3304.2000,3304.0000,3307.2000,3309.0000,3309.4000,3310.0000,3310.8000,1,1,1,2,2,1,1,1,4,1
SF,IH2012,2020-09-03 09:31:35.100,3306.0000,22820,0,179765220.000,0,-,-,-,-,3305.8000,3304.6000,3304.4000,3304.2000,3304.0000,3307.2000,3309.0000,3309.4000,3310.0000,3310.8000,1,1,1,2,2,1,1,1,4,1
SF,IH2012,2020-09-03 09:31:35.600,3305.8000,22819,-1,180756960.000,1,0,1,双平,S,3304.6000,3304.4000,3304.2000,3303.8000,3302.6000,3305.8000,3307.0000,3307.2000,3308.6000,3309.0000,1,2,2,3,1,1,1,1,1,1
SF,IH2012,2020-09-03 09:31:36.100,3305.8000,22819,0,180756960.000,0,-,-,-,-,3304.6000,3304.4000,3304.2000,3303.8000,3302.6000,3305.8000,3307.0000,3307.2000,3307.6000,3309.0000,1,1,2,3,1,1,1,1,1,1
SF,IH2012,2020-09-03 09:31:36.600,3305.8000,22819,0,180756960.000,0,-,-,-,-,3305.0000,3304.8000,3304.4000,3304.2000,3303.8000,3305.8000,3307.0000,3307.2000,3307.6000,3309.0000,1,2,1,2,3,1,1,1,1,1
SF,IH2012,2020-09-03 09:31:37.100,3305.8000,22819,0,180756960.000,0,-,-,-,-,3305.0000,3304.8000,3304.4000,3304.2000,3303.8000,3307.0000,3307.2000,3307.6000,3309.0000,3309.4000,1,1,1,2,3,1,1,1,1,1
SF,IH2012,2020-09-03 09:31:37.600,3305.8000,22819,0,180756960.000,0,-,-,-,-,3305.2000,3305.0000,3304.8000,3304.4000,3304.2000,3306.8000,3307.2000,3307.6000,3309.0000,3309.4000,1,1,1,2,2,1,2,1,1,1
SF,IH2012,2020-09-03 09:31:38.100,3305.8000,22819,0,180756960.000,0,-,-,-,-,3305.8000,3305.2000,3305.0000,3304.8000,3304.4000,3307.2000,3307.6000,3309.0000,3309.4000,3310.0000,1,2,1,1,2,2,1,1,1,4
SF,IH2012,2020-09-03 09:31:38.600,3305.8000,22818,-1,181748700.000,1,0,1,双平,S,3305.4000,3305.2000,3305.0000,3304.8000,3304.4000,3305.8000,3307.0000,3307.2000,3307.6000,3309.0000,1,1,1,1,2,1,1,2,1,1
SF,IH2012,2020-09-03 09:31:39.100,3305.8000,22817,-1,184723920.000,3,1,2,多平,S,3305.8000,3305.4000,3305.2000,3305.0000,3304.8000,3307.2000,3307.6000,3309.0000,3309.4000,3310.0000,1,1,1,1,1,2,1,1,1,4
SF,IH2012,2020-09-03 09:31:39.600,3305.8000,22817,0,184723920.000,0,-,-,-,-,3305.8000,3305.4000,3305.2000,3305.0000,3304.4000,3307.0000,3307.2000,3307.6000,3309.0000,3309.2000,1,1,1,1,2,1,2,1,1,1
SF,IH2012,2020-09-03 09:31:40.100,3305.8000,22816,-1,185715660.000,1,0,1,双平,S,3305.0000,3304.4000,3304.2000,3303.8000,3303.0000,3305.4000,3306.8000,3307.0000,3307.2000,3307.6000,1,2,3,3,1,7,1,1,2,1
SF,IH2012,2020-09-03 09:31:40.600,3305.4000,22815,-1,186707280.000,1,0,1,双平,S,3305.0000,3304.4000,3304.2000,3303.8000,3303.0000,3305.4000,3307.2000,3307.6000,3309.0000,3309.4000,1,2,3,3,1,6,2,1,1,1
SF,IH2012,2020-09-03 09:31:41.100,3305.0000,22813,-2,189682020.000,3,0,3,多平,S,3304.4000,3304.2000,3303.8000,3303.0000,3302.6000,3305.0000,3305.4000,3307.2000,3307.6000,3309.0000,2,3,3,1,1,1,4,2,1,1
SF,IH2012,2020-09-03 09:31:41.600,3305.0000,22813,0,189682020.000,0,-,-,-,-,3304.6000,3304.4000,3304.2000,3303.8000,3303.0000,3305.0000,3305.4000,3307.2000,3309.0000,3309.4000,1,1,2,3,1,1,4,2,1,1
SF,IH2012,2020-09-03 09:31:42.100,3305.0000,22813,0,189682020.000,0,-,-,-,-,3304.4000,3303.8000,3303.0000,3302.6000,3302.2000,3305.0000,3305.4000,3307.2000,3309.0000,3309.4000,1,3,1,1,1,1,4,2,1,1
SF,IH2012,2020-09-03 09:31:42.600,3305.0000,22813,0,189682020.000,0,-,-,-,-,3304.4000,3303.8000,3303.0000,3302.6000,3302.2000,3305.0000,3305.2000,3305.4000,3307.2000,3309.0000,1,3,1,1,1,1,1,4,2,1
SF,IH2012,2020-09-03 09:31:43.100,3304.4000,22811,-2,192656100.000,3,0,3,多平,S,3303.8000,3303.0000,3302.6000,3302.2000,3301.2000,3304.4000,3305.0000,3305.2000,3305.4000,3307.2000,3,1,1,1,1,1,1,1,4,2
SF,IH2012,2020-09-03 09:31:43.600,3304.4000,22810,-1,193647420.000,1,0,1,双平,S,3304.4000,3304.0000,3303.8000,3303.0000,3302.2000,3305.0000,3305.2000,3305.4000,3307.2000,3309.0000,1,2,3,1,1,1,1,4,2,1
SF,IH2012,2020-09-03 09:31:44.100,3304.4000,22810,0,193647420.000,0,-,-,-,-,3304.4000,3304.0000,3303.8000,3303.0000,3302.2000,3305.0000,3305.2000,3305.4000,3307.2000,3309.0000,1,3,3,1,1,1,1,4,2,1
SF,IH2012,2020-09-03 09:31:44.600,3304.4000,22810,0,193647420.000,0,-,-,-,-,3304.4000,3304.0000,3303.8000,3303.6000,3303.0000,3305.2000,3305.4000,3307.2000,3309.0000,3309.4000,1,2,3,1,1,1,4,2,1,1
SF,IH2012,2020-09-03 09:31:45.100,3304.4000,22810,0,193647420.000,0,-,-,-,-,3304.0000,3303.8000,3303.6000,3303.0000,3302.8000,3304.4000,3305.2000,3305.4000,3307.2000,3309.0000,2,3,1,1,1,1,1,4,2,1
SF,IH2012,2020-09-03 09:31:45.600,3304.4000,22809,-1,194638740.000,1,0,1,双平,S,3304.0000,3303.8000,3303.6000,3303.0000,3302.8000,3305.2000,3305.4000,3307.2000,3309.0000,3309.4000,2,3,1,1,1,2,4,2,1,1
SF,IH2012,2020-09-03 09:31:46.100,3304.2000,22808,-1,195630000.000,1,0,1,双平,S,3304.0000,3303.8000,3303.6000,3303.0000,3302.8000,3305.2000,3305.4000,3306.2000,3307.2000,3309.0000,1,3,1,1,1,2,4,1,2,1
SF,IH2012,2020-09-03 09:31:46.600,3304.2000,22808,0,195630000.000,0,-,-,-,-,3304.0000,3303.8000,3303.6000,3303.0000,3302.8000,3305.0000,3305.2000,3305.4000,3306.2000,3307.2000,1,1,1,1,1,1,2,4,1,3
SF,IH2012,2020-09-03 09:31:47.100,3304.2000,22808,0,195630000.000,0,-,-,-,-,3304.0000,3303.8000,3303.6000,3303.0000,3302.8000,3305.0000,3305.2000,3305.4000,3306.2000,3307.2000,3,1,1,1,1,3,2,4,1,3
SF,IH2012,2020-09-03 09:31:47.600,3304.2000,22808,0,195630000.000,0,-,-,-,-,3304.0000,3303.8000,3303.6000,3303.0000,3302.8000,3305.0000,3305.2000,3305.4000,3306.2000,3307.2000,3,1,1,1,1,3,1,4,1,1
SF,IH2012,2020-09-03 09:31:48.100,3304.2000,22808,0,195630000.000,0,-,-,-,-,3304.0000,3303.8000,3303.6000,3303.0000,3302.8000,3305.0000,3305.2000,3305.4000,3306.2000,3307.2000,3,1,1,1,1,6,1,4,1,1
SF,IH2012,2020-09-03 09:31:48.600,3304.2000,22808,0,195630000.000,0,-,-,-,-,3304.2000,3304.0000,3303.8000,3303.6000,3303.0000,3305.0000,3305.2000,3305.4000,3306.2000,3307.2000,1,3,1,1,1,6,1,4,1,1
SF,IH2012,2020-09-03 09:31:50.100,3304.2000,22808,0,195630000.000,0,-,-,-,-,3304.0000,3303.8000,3303.6000,3303.0000,3302.8000,3305.0000,3305.2000,3306.2000,3307.2000,3309.0000,3,1,1,1,1,6,1,1,1,1
SF,IH2012,2020-09-03 09:31:50.600,3304.2000,22808,0,195630000.000,0,-,-,-,-,3304.0000,3303.8000,3303.6000,3303.0000,3302.8000,3305.0000,3305.2000,3306.2000,3307.2000,3309.0000,3,1,1,1,2,6,1,1,1,1
SF,IH2012,2020-09-03 09:31:51.100,3304.2000,22808,0,195630000.000,0,-,-,-,-,3304.0000,3303.8000,3303.6000,3303.0000,3302.8000,3305.0000,3305.2000,3305.4000,3306.2000,3307.2000,3,1,1,1,2,6,1,1,1,1
SF,IH2012,2020-09-03 09:31:51.600,3305.0000,22806,-2,197613000.000,2,0,2,双平,S,3304.0000,3303.8000,3303.6000,3303.0000,3302.8000,3305.0000,3305.2000,3305.4000,3306.2000,3307.2000,3,1,1,1,2,4,1,1,1,1
SF,IH2012,2020-09-03 09:31:52.100,3305.0000,22805,-1,199596000.000,2,0,2,多平,S,3304.0000,3303.8000,3303.6000,3303.0000,3302.8000,3305.0000,3305.2000,3305.4000,3306.2000,3307.2000,1,1,1,1,2,2,1,1,1,1
SF,IH2012,2020-09-03 09:31:52.600,3305.0000,22805,0,199596000.000,0,-,-,-,-,3304.0000,3303.8000,3303.6000,3303.0000,3302.8000,3305.0000,3305.2000,3305.4000,3306.2000,3307.2000,3,1,1,1,2,2,1,1,1,1
SF,IH2012,2020-09-03 09:31:53.100,3305.0000,22803,-2,201579000.000,2,0,2,双平,S,3304.2000,3304.0000,3303.8000,3303.6000,3303.0000,3305.0000,3305.2000,3305.4000,3306.2000,3307.2000,1,3,1,1,1,3,1,1,1,1
SF,IH2012,2020-09-03 09:31:53.600,3305.0000,22803,0,202570500.000,1,0,1,多换,S,3304.2000,3304.0000,3303.8000,3303.6000,3303.0000,3305.0000,3305.2000,3305.4000,3306.2000,3307.2000,2,3,1,1,1,2,2,1,1,1
SF,IH2012,2020-09-03 09:31:54.100,3305.0000,22803,0,202570500.000,0,-,-,-,-,3304.2000,3304.0000,3303.8000,3303.6000,3303.0000,3305.0000,3305.2000,3305.4000,3306.2000,3307.2000,1,3,1,1,1,2,2,1,1,1
SF,IH2012,2020-09-03 09:31:54.600,3304.2000,22802,-1,203561760.000,1,0,1,双平,S,3304.0000,3303.8000,3303.6000,3302.8000,3302.2000,3305.0000,3305.2000,3305.4000,3306.2000,3307.2000,3,1,1,2,1,2,2,1,1,1
SF,IH2012,2020-09-03 09:31:55.100,3304.2000,22802,0,203561760.000,0,-,-,-,-,3304.0000,3303.8000,3303.6000,3302.8000,3302.2000,3304.8000,3305.0000,3305.2000,3305.4000,3306.2000,3,1,1,2,1,1,2,2,1,1
SF,IH2012,2020-09-03 09:31:55.600,3304.0000,22802,0,205544160.000,2,1,1,多换,S,3303.8000,3303.6000,3302.8000,3302.2000,3302.0000,3304.6000,3305.0000,3305.2000,3305.4000,3306.2000,1,1,2,1,1,1,2,2,1,1
SF,IH2012,2020-09-03 09:31:56.100,3304.0000,22802,0,205544160.000,0,-,-,-,-,3303.8000,3303.6000,3302.8000,3302.2000,3302.0000,3304.0000,3305.0000,3305.2000,3305.4000,3306.2000,1,1,2,1,1,1,2,2,1,1
SF,IH2012,2020-09-03 09:31:56.600,3304.0000,22801,-1,207526500.000,2,0,2,多平,S,3303.8000,3303.6000,3302.8000,3302.2000,3302.0000,3305.0000,3305.2000,3305.4000,3306.2000,3309.0000,1,1,2,1,1,2,2,1,1,1
SF,IH2012,2020-09-03 09:31:57.100,3304.0000,22801,0,207526500.000,0,-,-,-,-,3304.0000,3303.8000,3303.6000,3302.8000,3302.2000,3304.8000,3305.0000,3305.2000,3305.4000,3306.2000,1,1,1,2,1,1,2,2,1,1
SF,IH2012,2020-09-03 09:31:57.600,3304.0000,22801,0,207526500.000,0,-,-,-,-,3304.0000,3303.8000,3303.6000,3302.8000,3302.2000,3305.0000,3305.2000,3305.4000,3306.2000,3309.0000,1,1,1,2,1,2,2,1,1,1
SF,IH2012,2020-09-03 09:31:58.100,3304.8000,22800,-1,208517940.000,1,0,1,双平,S,3304.0000,3303.8000,3303.6000,3302.8000,3302.2000,3305.2000,3305.4000,3306.2000,3309.0000,3309.4000,1,1,1,2,1,2,1,1,1,1
SF,IH2012,2020-09-03 09:31:58.600,3304.8000,22800,0,208517940.000,0,-,-,-,-,3304.0000,3303.8000,3303.6000,3302.8000,3302.2000,3305.2000,3305.4000,3306.2000,3309.0000,3309.4000,1,1,1,2,1,5,1,1,1,1
SF,IH2012,2020-09-03 09:31:59.100,3304.8000,22800,0,208517940.000,0,-,-,-,-,3304.0000,3303.8000,3303.6000,3302.8000,3302.2000,3305.2000,3305.4000,3306.2000,3309.0000,3309.4000,1,1,1,2,1,5,1,1,1,1
SF,IH2012,2020-09-03 09:32:00.600,3304.8000,22800,0,208517940.000,0,-,-,-,-,3304.0000,3303.8000,3303.6000,3302.8000,3302.2000,3305.0000,3305.2000,3305.4000,3306.2000,3309.0000,1,1,1,2,1,1,5,1,1,1
SF,IH2012,2020-09-03 09:32:01.600,3304.8000,22800,0,208517940.000,0,-,-,-,-,3304.0000,3303.8000,3303.6000,3302.8000,3302.2000,3305.0000,3305.2000,3305.4000,3306.2000,3309.0000,1,1,1,2,1,1,5,1,1,1
SF,IH2012,2020-09-03 09:32:02.100,3304.8000,22800,0,209509380.000,1,0,1,多换,S,3304.0000,3303.8000,3303.6000,3302.8000,3302.2000,3305.2000,3305.4000,3306.2000,3309.0000,3309.4000,2,1,1,2,1,5,1,1,1,1
SF,IH2012,2020-09-03 09:32:02.600,3304.0000,22797,-3,212483040.000,3,0,3,双平,S,3303.8000,3303.6000,3302.8000,3302.2000,3302.0000,3304.0000,3305.2000,3305.4000,3306.2000,3309.0000,1,1,2,1,2,1,5,1,1,1
SF,IH2012,2020-09-03 09:32:03.100,3304.0000,22797,0,217439040.000,5,2,3,多换,S,3304.0000,3303.8000,3303.6000,3302.8000,3302.2000,3305.2000,3305.4000,3306.2000,3309.0000,3309.4000,2,1,1,2,1,5,1,1,1,1
SF,IH2012,2020-09-03 09:32:03.600,3304.0000,22797,0,217439040.000,0,-,-,-,-,3303.8000,3303.6000,3302.8000,3302.2000,3302.0000,3305.2000,3305.4000,3306.2000,3307.2000,3309.0000,1,1,2,1,2,2,1,1,1,1
SF,IH2012,2020-09-03 09:32:04.100,3304.0000,22797,0,217439040.000,0,-,-,-,-,3303.8000,3303.6000,3302.8000,3302.2000,3302.0000,3305.0000,3305.2000,3305.4000,3306.2000,3307.2000,1,1,2,1,2,1,5,1,1,1
SF,IH2012,2020-09-03 09:32:04.600,3304.0000,22797,0,217439040.000,0,-,-,-,-,3303.8000,3303.6000,3302.8000,3302.2000,3302.0000,3305.2000,3305.4000,3306.2000,3307.2000,3309.0000,1,1,2,1,2,5,1,1,1,1
SF,IH2012,2020-09-03 09:32:05.100,3305.0000,22796,-1,218430540.000,1,0,1,双平,S,3304.0000,3303.8000,3303.6000,3302.8000,3302.2000,3305.2000,3305.4000,3306.2000,3307.2000,3309.0000,1,1,1,2,1,5,1,1,1,1
SF,IH2012,2020-09-03 09:32:05.600,3305.0000,22796,0,218430540.000,0,-,-,-,-,3304.2000,3304.0000,3303.8000,3303.6000,3303.4000,3305.2000,3305.4000,3306.2000,3307.2000,3309.0000,3,1,1,1,1,5,1,1,1,1
SF,IH2012,2020-09-03 09:32:06.100,3305.0000,22796,0,218430540.000,0,-,-,-,-,3304.4000,3304.2000,3303.8000,3303.6000,3303.4000,3305.2000,3305.4000,3306.2000,3307.2000,3309.0000,1,4,1,1,1,5,1,1,1,1
SF,IH2012,2020-09-03 09:32:06.600,3305.0000,22796,0,218430540.000,0,-,-,-,-,3304.4000,3304.2000,3303.8000,3303.6000,3303.4000,3305.2000,3305.4000,3306.2000,3307.2000,3309.0000,1,4,1,1,1,5,1,1,1,1
SF,IH2012,2020-09-03 09:32:08.100,3305.2000,22795,-1,219422100.000,1,0,1,双平,S,3304.4000,3304.2000,3303.8000,3303.6000,3303.4000,3305.2000,3305.4000,3306.2000,3307.2000,3309.0000,1,3,1,1,1,4,1,1,1,1
SF,IH2012,2020-09-03 09:32:09.600,3305.2000,22795,0,219422100.000,0,-,-,-,-,3304.4000,3304.2000,3303.8000,3303.6000,3303.4000,3305.2000,3305.4000,3306.2000,3307.2000,3309.0000,1,3,1,1,1,4,1,1,1,1
SF,IH2012,2020-09-03 09:32:10.100,3305.2000,22795,0,219422100.000,0,-,-,-,-,3304.4000,3304.2000,3303.8000,3303.6000,3303.4000,3305.2000,3305.4000,3306.2000,3307.2000,3309.0000,1,3,1,1,1,1,1,1,1,1
SF,IH2012,2020-09-03 09:32:10.600,3305.2000,22795,0,219422100.000,0,-,-,-,-,3304.4000,3304.2000,3303.8000,3303.6000,3303.4000,3305.2000,3305.4000,3306.2000,3307.2000,3309.0000,1,3,1,1,1,4,1,1,1,1
SF,IH2012,2020-09-03 09:32:11.100,3304.4000,22794,-1,220413420.000,1,0,1,双平,S,3304.0000,3303.8000,3303.6000,3303.4000,3303.0000,3305.2000,3305.4000,3306.2000,3307.2000,3309.0000,1,1,1,1,1,4,1,1,1,1
SF,IH2012,2020-09-03 09:32:11.600,3304.2000,22793,-1,221404680.000,1,0,1,双平,S,3304.0000,3303.8000,3303.6000,3303.4000,3303.0000,3304.4000,3305.0000,3305.2000,3305.4000,3306.2000,1,1,1,1,1,1,2,4,1,1
SF,IH2012,2020-09-03 09:32:12.100,3304.4000,22792,-1,222396000.000,1,0,1,双平,S,3304.0000,3303.8000,3303.6000,3303.4000,3303.0000,3305.2000,3305.4000,3306.2000,3309.0000,3309.4000,1,1,1,1,1,4,1,1,1,1
SF,IH2012,2020-09-03 09:32:12.600,3304.0000,22792,0,223387200.000,1,0,1,多换,S,3303.8000,3303.6000,3303.4000,3303.0000,3302.8000,3305.0000,3305.2000,3305.4000,3306.2000,3307.2000,1,1,1,1,2,4,5,1,1,1
SF,IH2012,2020-09-03 09:32:13.100,3304.0000,22792,0,223387200.000,0,-,-,-,-,3303.8000,3303.6000,3303.4000,3303.0000,3302.8000,3304.8000,3305.0000,3305.2000,3305.4000,3306.2000,1,1,1,1,2,2,2,4,1,1
SF,IH2012,2020-09-03 09:32:13.600,3304.0000,22792,0,223387200.000,0,-,-,-,-,3303.8000,3303.6000,3303.4000,3303.0000,3302.8000,3304.6000,3304.8000,3305.2000,3305.4000,3306.2000,1,1,1,1,2,1,2,4,1,1
SF,IH2012,2020-09-03 09:32:14.100,3304.0000,22792,0,223387200.000,0,-,-,-,-,3303.8000,3303.6000,3303.4000,3303.0000,3302.8000,3304.6000,3305.2000,3305.4000,3306.2000,3309.0000,1,1,1,1,2,1,4,1,1,1
SF,IH2012,2020-09-03 09:32:15.100,3303.8000,22792,0,224378340.000,1,0,1,多换,S,3303.8000,3303.6000,3303.4000,3303.0000,3302.8000,3304.6000,3305.2000,3305.4000,3306.2000,3309.0000,1,1,1,1,2,1,4,1,1,1
SF,IH2012,2020-09-03 09:32:15.600,3303.8000,22792,0,225369480.000,1,0,1,多换,S,3303.6000,3303.4000,3303.0000,3302.8000,3302.2000,3304.6000,3305.2000,3305.4000,3306.2000,3309.0000,1,1,1,2,1,1,1,1,1,1
SF,IH2012,2020-09-03 09:32:16.100,3303.8000,22792,0,225369480.000,0,-,-,-,-,3303.6000,3303.4000,3303.0000,3302.8000,3302.2000,3304.6000,3305.2000,3305.4000,3306.2000,3309.0000,1,1,1,2,1,4,1,1,1,1
SF,IH2012,2020-09-03 09:32:17.600,3303.8000,22792,0,225369480.000,0,-,-,-,-,3303.6000,3303.4000,3303.0000,3302.8000,3302.2000,3304.6000,3305.2000,3305.4000,3306.2000,3309.0000,1,1,2,2,1,4,1,1,1,1
SF,IH2012,2020-09-03 09:32:18.600,3303.8000,22792,0,225369480.000,0,-,-,-,-,3303.8000,3303.6000,3303.4000,3303.0000,3302.8000,3304.6000,3305.2000,3305.4000,3306.2000,3309.0000,1,1,1,2,2,4,1,1,1,1
SF,IH2012,2020-09-03 09:32:19.600,3304.6000,22788,-4,229335000.000,4,0,4,双平,S,3303.8000,3303.6000,3303.4000,3303.0000,3302.8000,3305.2000,3305.4000,3306.2000,3309.0000,3309.4000,1,1,1,2,2,1,1,1,1,1
SF,IH2012,2020-09-03 09:32:20.100,3304.6000,22788,0,229335000.000,0,-,-,-,-,3304.6000,3304.0000,3303.8000,3303.6000,3303.4000,3305.0000,3305.2000,3305.4000,3306.2000,3307.2000,1,1,1,1,1,1,1,1,1,1
SF,IH2012,2020-09-03 09:32:20.600,3304.6000,22788,0,229335000.000,0,-,-,-,-,3304.6000,3304.0000,3303.8000,3303.6000,3303.4000,3305.0000,3305.2000,3305.4000,3306.2000,3307.2000,1,1,1,1,1,1,1,1,1,1
SF,IH2012,2020-09-03 09:32:21.100,3304.6000,22786,-2,231317880.000,2,0,2,双平,S,3304.0000,3303.8000,3303.6000,3303.4000,3303.0000,3305.2000,3305.4000,3306.2000,3307.2000,3309.0000,2,1,1,1,2,1,1,1,1,1
SF,IH2012,2020-09-03 09:32:21.600,3304.6000,22786,0,231317880.000,0,-,-,-,-,3304.0000,3303.8000,3303.6000,3303.4000,3303.0000,3305.2000,3305.4000,3306.2000,3307.2000,3309.0000,2,1,1,1,2,1,1,1,1,1
SF,IH2012,2020-09-03 09:32:22.100,3305.2000,22786,0,232309440.000,1,0,1,多换,S,3304.2000,3304.0000,3303.8000,3303.6000,3303.4000,3305.4000,3306.2000,3307.2000,3309.0000,3309.4000,1,2,1,1,1,1,1,1,1,1
SF,IH2012,2020-09-03 09:32:22.600,3305.2000,22786,0,232309440.000,0,-,-,-,-,3304.2000,3304.0000,3303.8000,3303.6000,3303.4000,3305.2000,3305.4000,3306.2000,3307.2000,3309.0000,1,2,1,1,1,1,1,1,1,1
SF,IH2012,2020-09-03 09:32:23.100,3305.2000,22786,0,232309440.000,0,-,-,-,-,3304.4000,3304.2000,3304.0000,3303.8000,3303.6000,3305.4000,3306.2000,3307.2000,3309.0000,3309.4000,1,1,1,1,1,1,1,1,1,1
SF,IH2012,2020-09-03 09:32:23.600,3305.4000,22786,0,233301060.000,1,0,1,多换,S,3304.4000,3304.2000,3304.0000,3303.8000,3303.6000,3306.2000,3307.2000,3309.0000,3309.4000,3315.0000,1,1,1,1,1,1,1,1,1,1
SF,IH2012,2020-09-03 09:32:24.100,3305.4000,22786,0,233301060.000,0,-,-,-,-,3304.4000,3304.2000,3304.0000,3303.8000,3303.6000,3305.2000,3305.8000,3306.0000,3306.2000,3307.2000,1,1,1,1,1,2,2,8,1,1
SF,IH2012,2020-09-03 09:32:24.600,3305.4000,22785,-1,234292680.000,1,0,1,双平,S,3305.4000,3304.8000,3304.4000,3304.2000,3304.0000,3305.8000,3306.0000,3306.2000,3307.2000,3307.4000,1,1,1,1,1,1,4,1,1,1
SF,IH2012,2020-09-03 09:32:25.100,3305.4000,22784,-1,235284300.000,1,0,1,双平,S,3304.8000,3304.6000,3304.4000,3304.0000,3303.8000,3305.2000,3305.4000,3305.8000,3306.0000,3306.2000,1,1,1,1,1,2,7,1,4,1
SF,IH2012,2020-09-03 09:32:25.600,3304.8000,22783,-1,236275740.000,1,0,1,双平,S,3304.6000,3304.4000,3304.0000,3303.8000,3303.6000,3305.2000,3305.4000,3306.0000,3306.2000,3307.2000,1,1,1,1,1,2,2,4,1,1
SF,IH2012,2020-09-03 09:32:26.100,3304.6000,22782,-1,237267120.000,1,0,1,双平,S,3304.4000,3304.0000,3303.8000,3303.6000,3303.4000,3304.6000,3304.8000,3305.0000,3305.2000,3305.4000,1,1,1,1,1,1,2,1,2,1
SF,IH2012,2020-09-03 09:32:26.600,3304.0000,22781,-1,239249640.000,2,0,2,多平,S,3303.8000,3303.6000,3303.4000,3303.0000,3302.8000,3304.4000,3304.8000,3305.4000,3306.0000,3306.2000,1,1,1,2,1,4,2,1,4,1
SF,IH2012,2020-09-03 09:32:27.100,3303.8000,22780,-1,240240780.000,1,0,1,双平,S,3303.6000,3303.4000,3303.0000,3302.8000,3302.2000,3304.4000,3304.8000,3305.4000,3306.0000,3306.2000,1,1,3,1,1,4,2,1,4,1
SF,IH2012,2020-09-03 09:32:27.600,3304.4000,22780,0,241232100.000,1,0,1,多换,S,3303.6000,3303.4000,3303.0000,3302.8000,3302.4000,3304.4000,3304.8000,3305.4000,3306.0000,3306.2000,1,1,3,1,1,2,2,1,4,1
SF,IH2012,2020-09-03 09:32:28.100,3304.4000,22779,-1,242223420.000,1,0,1,双平,S,3303.6000,3303.4000,3303.0000,3302.8000,3302.4000,3305.4000,3306.0000,3306.2000,3307.4000,3309.0000,1,1,3,1,1,1,4,1,1,1
SF,IH2012,2020-09-03 09:32:28.600,3304.4000,22779,0,242223420.000,0,-,-,-,-,3304.4000,3303.8000,3303.6000,3303.4000,3303.0000,3305.2000,3305.4000,3306.0000,3306.2000,3307.4000,1,1,1,1,3,2,2,3,1,1
SF,IH2012,2020-09-03 09:32:29.100,3304.4000,22778,-1,243214740.000,1,0,1,双平,S,3303.8000,3303.6000,3303.4000,3303.0000,3302.8000,3305.2000,3305.4000,3306.0000,3306.2000,3307.4000,1,1,1,3,1,1,1,3,1,1
SF,IH2012,2020-09-03 09:32:29.600,3304.4000,22778,0,243214740.000,0,-,-,-,-,3303.8000,3303.6000,3303.4000,3303.0000,3302.8000,3305.2000,3305.4000,3306.0000,3306.2000,3307.2000,1,2,1,3,1,1,1,3,1,1
SF,IH2012,2020-09-03 09:32:30.100,3304.4000,22778,0,243214740.000,0,-,-,-,-,3303.8000,3303.6000,3303.4000,3303.0000,3302.8000,3304.4000,3305.2000,3306.0000,3306.2000,3307.2000,1,2,1,3,1,1,1,3,1,1
SF,IH2012,2020-09-03 09:32:30.600,3303.6000,22776,-2,246188040.000,3,0,3,多平,S,3303.4000,3303.0000,3302.8000,3302.4000,3302.2000,3304.4000,3305.0000,3305.2000,3306.0000,3306.2000,1,3,1,1,1,1,1,1,3,1
SF,IH2012,2020-09-03 09:32:31.100,3303.6000,22776,0,246188040.000,0,-,-,-,-,3303.4000,3303.0000,3302.8000,3302.4000,3302.2000,3304.2000,3304.4000,3306.0000,3306.2000,3307.4000,1,3,1,1,1,1,1,3,1,1
SF,IH2012,2020-09-03 09:32:31.600,3303.4000,22775,-1,247179060.000,1,0,1,双平,S,3303.0000,3302.8000,3302.4000,3302.2000,3302.0000,3304.2000,3304.4000,3306.0000,3306.2000,3307.4000,3,1,1,1,1,1,1,3,1,1
SF,IH2012,2020-09-03 09:32:32.100,3303.4000,22775,0,247179060.000,0,-,-,-,-,3303.0000,3302.8000,3302.4000,3302.2000,3302.0000,3304.0000,3304.2000,3304.4000,3305.0000,3306.0000,3,1,1,1,1,1,1,1,1,3
SF,IH2012,2020-09-03 09:32:32.600,3303.4000,22775,0,247179060.000,0,-,-,-,-,3303.0000,3302.8000,3302.4000,3302.2000,3302.0000,3303.8000,3304.0000,3304.4000,3305.0000,3306.0000,3,1,1,1,1,1,1,1,1,3
SF,IH2012,2020-09-03 09:32:33.100,3303.4000,22775,0,247179060.000,0,-,-,-,-,3303.0000,3302.8000,3302.4000,3302.2000,3302.0000,3303.8000,3304.0000,3304.4000,3305.0000,3306.0000,3,1,1,1,1,1,1,1,1,3
SF,IH2012,2020-09-03 09:32:33.600,3303.8000,22775,0,248170200.000,1,0,1,多换,S,3303.0000,3302.8000,3302.4000,3302.2000,3302.0000,3304.0000,3304.4000,3305.0000,3306.0000,3307.4000,3,1,1,1,1,1,1,1,3,1
SF,IH2012,2020-09-03 09:32:34.100,3303.0000,22775,0,249161100.000,1,0,1,多换,S,3303.0000,3302.8000,3302.4000,3302.2000,3302.0000,3303.6000,3303.8000,3304.0000,3305.0000,3306.0000,2,1,1,1,1,1,1,1,1,3
SF,IH2012,2020-09-03 09:32:34.600,3303.2000,22773,-2,252133860.000,3,0,3,多平,S,3302.8000,3302.4000,3302.2000,3302.0000,3301.8000,3303.0000,3303.4000,3303.6000,3305.0000,3306.0000,1,1,1,1,1,1,1,2,1,3
SF,IH2012,2020-09-03 09:32:35.100,3302.8000,22773,0,253124700.000,1,0,1,多换,S,3302.4000,3302.2000,3302.0000,3301.8000,3301.4000,3303.0000,3303.4000,3303.6000,3306.0000,3306.4000,1,1,1,1,1,1,1,1,3,1
SF,IH2012,2020-09-03 09:32:35.600,3302.2000,22772,-1,254115360.000,1,0,1,双平,S,3302.0000,3301.8000,3301.4000,3301.2000,3301.0000,3303.0000,3303.4000,3303.6000,3305.0000,3306.0000,1,1,1,1,1,1,1,1,1,3
SF,IH2012,2020-09-03 09:32:36.100,3302.0000,22771,-1,255105960.000,1,0,1,双平,S,3301.8000,3301.4000,3301.2000,3301.0000,3300.8000,3302.4000,3302.6000,3302.8000,3303.0000,3305.0000,1,1,1,1,1,1,4,3,1,1
SF,IH2012,2020-09-03 09:32:36.600,3302.0000,22771,0,255105960.000,0,-,-,-,-,3301.8000,3301.4000,3301.2000,3301.0000,3300.8000,3302.8000,3303.0000,3305.0000,3306.0000,3306.4000,1,1,1,1,1,2,1,1,3,1
SF,IH2012,2020-09-03 09:32:37.100,3302.0000,22771,0,255105960.000,0,-,-,-,-,3301.8000,3301.4000,3301.2000,3301.0000,3300.8000,3302.6000,3302.8000,3303.0000,3305.0000,3306.0000,1,1,1,1,1,2,1,1,1,3
SF,IH2012,2020-09-03 09:32:37.600,3301.8000,22771,0,256096500.000,1,0,1,多换,S,3301.4000,3301.2000,3301.0000,3300.8000,3300.2000,3302.6000,3302.8000,3303.0000,3305.0000,3306.0000,1,1,1,1,1,2,1,1,1,3
SF,IH2012,2020-09-03 09:32:38.100,3301.8000,22771,0,256096500.000,0,-,-,-,-,3301.4000,3301.2000,3301.0000,3300.8000,3300.2000,3302.2000,3302.4000,3302.6000,3303.0000,3305.0000,1,1,1,1,1,1,4,2,1,1
SF,IH2012,2020-09-03 09:32:38.600,3301.8000,22771,0,256096500.000,0,-,-,-,-,3301.4000,3301.2000,3301.0000,3300.8000,3300.2000,3302.2000,3302.4000,3303.0000,3305.0000,3306.0000,1,1,1,1,1,1,2,1,1,3
SF,IH2012,2020-09-03 09:32:39.100,3301.8000,22771,0,256096500.000,0,-,-,-,-,3301.4000,3301.2000,3301.0000,3300.8000,3300.2000,3301.8000,3302.0000,3302.2000,3302.4000,3303.0000,1,1,1,1,1,1,1,1,2,1
SF,IH2012,2020-09-03 09:32:39.600,3302.4000,22769,-2,258077760.000,2,0,2,双平,S,3301.4000,3301.2000,3301.0000,3300.8000,3300.2000,3303.0000,3305.0000,3306.0000,3306.4000,3307.4000,1,1,1,1,1,1,1,3,1,1
SF,IH2012,2020-09-03 09:32:40.100,3301.4000,22768,-1,259068180.000,1,0,1,双平,S,3302.0000,3301.6000,3301.2000,3301.0000,3300.8000,3302.6000,3302.8000,3303.0000,3305.0000,3306.0000,1,1,1,1,1,1,4,1,1,3
SF,IH2012,2020-09-03 09:32:40.600,3301.6000,22767,-1,261049260.000,2,0,2,多平,S,3301.2000,3301.0000,3300.8000,3300.2000,3300.0000,3301.8000,3302.0000,3302.4000,3302.6000,3302.8000,1,1,1,1,7,2,5,1,2,2
SF,IH2012,2020-09-03 09:32:41.100,3301.2000,22767,0,262039620.000,1,0,1,多换,S,3301.0000,3300.8000,3300.2000,3300.0000,3299.2000,3301.2000,3302.0000,3302.4000,3302.6000,3302.8000,1,1,1,7,1,1,1,1,2,1
SF,IH2012,2020-09-03 09:32:41.600,3300.8000,22766,-1,264020160.000,2,0,2,多平,S,3300.2000,3300.0000,3299.2000,3299.0000,3298.6000,3300.8000,3302.4000,3302.6000,3302.8000,3303.0000,1,7,1,1,1,1,1,2,1,1
SF,IH2012,2020-09-03 09:32:42.100,3300.8000,22766,0,264020160.000,0,-,-,-,-,3300.8000,3300.2000,3300.0000,3299.2000,3299.0000,3302.4000,3302.6000,3302.8000,3303.0000,3305.0000,1,1,7,1,1,1,2,1,1,1
SF,IH2012,2020-09-03 09:32:42.600,3300.2000,22765,-1,266000460.000,2,0,2,多平,S,3300.0000,3299.2000,3299.0000,3298.6000,3295.0000,3300.4000,3300.6000,3300.8000,3301.0000,3301.2000,7,1,1,1,1,3,5,7,3,2
SF,IH2012,2020-09-03 09:32:43.100,3300.0000,22762,-3,269960460.000,4,0,4,多平,S,3300.0000,3299.2000,3299.0000,3298.6000,3295.0000,3300.6000,3301.0000,3301.2000,3301.4000,3301.8000,3,1,1,1,1,1,3,1,6,2
SF,IH2012,2020-09-03 09:32:43.600,3300.0000,22762,0,269960460.000,0,-,-,-,-,3300.0000,3299.2000,3299.0000,3298.6000,3295.0000,3301.4000,3301.8000,3302.2000,3302.4000,3303.0000,3,1,1,1,1,3,1,9,1,2
SF,IH2012,2020-09-03 09:32:44.100,3300.0000,22760,-2,272930460.000,3,0,3,多平,S,3299.2000,3299.0000,3298.6000,3295.0000,3293.6000,3300.0000,3301.0000,3301.2000,3301.4000,3301.8000,1,1,1,1,1,1,1,5,2,1
SF,IH2012,2020-09-03 09:32:44.600,3299.2000,22760,0,273920220.000,1,0,1,多换,S,3299.0000,3298.6000,3295.0000,3293.6000,3293.0000,3299.8000,3300.0000,3301.0000,3301.2000,3301.4000,1,1,1,1,2,1,1,2,2,3
SF,IH2012,2020-09-03 09:32:45.100,3300.0000,22760,0,274910220.000,1,0,1,多换,S,3299.0000,3298.6000,3295.0000,3293.6000,3293.0000,3301.0000,3301.2000,3301.4000,3301.8000,3302.0000,1,1,1,1,2,1,2,1,1,1
SF,IH2012,2020-09-03 09:32:45.600,3300.8000,22760,0,276890700.000,2,1,1,多换,S,3300.8000,3299.2000,3299.0000,3298.6000,3295.0000,3301.2000,3301.4000,3301.8000,3302.0000,3302.2000,1,2,1,1,1,1,1,1,1,7
SF,IH2012,2020-09-03 09:32:46.100,3300.8000,22761,1,277880940.000,1,1,0,双开,S,3299.2000,3299.0000,3298.6000,3295.0000,3293.6000,3300.8000,3301.2000,3301.4000,3301.8000,3302.0000,2,1,1,1,1,3,1,1,1,1
SF,IH2012,2020-09-03 09:32:46.600,3300.8000,22760,-1,278871180.000,1,0,1,双平,S,3299.4000,3299.2000,3299.0000,3298.6000,3295.0000,3301.2000,3301.4000,3301.8000,3302.0000,3302.2000,3,1,1,1,1,1,1,1,1,7
SF,IH2012,2020-09-03 09:32:47.100,3300.8000,22760,0,278871180.000,0,-,-,-,-,3301.2000,3299.6000,3299.4000,3299.0000,3298.6000,3301.4000,3302.0000,3302.2000,3305.0000,3305.2000,1,4,3,1,1,1,1,1,1,1
SF,IH2012,2020-09-03 09:32:47.600,3301.6000,22757,-3,282833160.000,4,0,4,多平,S,3301.4000,3299.8000,3299.6000,3299.4000,3299.0000,3302.2000,3305.0000,3305.2000,3307.4000,3309.0000,4,2,3,2,1,1,1,1,1,1
SF,IH2012,2020-09-03 09:32:48.100,3302.2000,22755,-2,284814480.000,2,0,2,双平,S,3302.2000,3301.6000,3301.4000,3300.0000,3299.8000,3305.0000,3305.2000,3307.4000,3309.0000,3315.0000,1,1,4,1,2,1,1,1,1,1
SF,IH2012,2020-09-03 09:32:48.600,3302.2000,22755,0,284814480.000,0,-,-,-,-,3302.6000,3302.4000,3302.2000,3301.8000,3301.6000,3304.6000,3304.8000,3305.0000,3307.4000,3307.6000,1,2,1,1,1,1,8,1,1,1
SF,IH2012,2020-09-03 09:32:49.100,3302.2000,22755,0,284814480.000,0,-,-,-,-,3302.8000,3302.6000,3302.2000,3301.8000,3301.4000,3304.4000,3304.6000,3304.8000,3305.0000,3307.4000,3,1,1,1,3,2,1,5,1,1
SF,IH2012,2020-09-03 09:32:49.600,3302.2000,22755,0,284814480.000,0,-,-,-,-,3302.8000,3302.6000,3302.2000,3301.8000,3301.4000,3304.0000,3304.2000,3304.4000,3304.8000,3305.0000,2,1,1,1,3,1,1,4,5,1
SF,IH2012,2020-09-03 09:32:50.100,3302.8000,22753,-2,286796160.000,2,0,2,双平,S,3302.2000,3301.8000,3301.4000,3300.0000,3299.8000,3302.6000,3302.8000,3303.8000,3304.0000,3304.2000,1,1,3,1,2,4,1,3,1,2
SF,IH2012,2020-09-03 09:32:50.600,3302.8000,22753,0,286796160.000,0,-,-,-,-,3301.4000,3300.0000,3299.8000,3299.0000,3298.6000,3302.6000,3303.6000,3303.8000,3304.0000,3304.2000,3,1,2,1,1,1,2,1,2,1
SF,IH2012,2020-09-03 09:32:51.100,3301.4000,22753,0,289767480.000,3,1,2,多换,S,3301.4000,3300.0000,3299.8000,3299.0000,3298.6000,3302.4000,3302.6000,3302.8000,3303.6000,3303.8000,1,1,2,1,1,1,2,1,1,1
SF,IH2012,2020-09-03 09:32:51.600,3301.4000,22753,0,289767480.000,0,-,-,-,-,3301.4000,3300.0000,3299.8000,3299.0000,3298.6000,3302.4000,3302.8000,3304.0000,3304.2000,3304.8000,1,1,2,1,1,3,1,1,1,5
SF,IH2012,2020-09-03 09:32:52.100,3301.4000,22753,0,289767480.000,0,-,-,-,-,3301.4000,3300.0000,3299.8000,3299.0000,3298.6000,3302.4000,3302.8000,3304.0000,3304.2000,3304.8000,1,1,2,1,1,1,1,1,1,5
SF,IH2012,2020-09-03 09:32:52.600,3302.4000,22752,-1,290758200.000,1,0,1,双平,S,3300.0000,3299.8000,3299.0000,3298.6000,3295.0000,3302.8000,3304.0000,3304.2000,3304.8000,3305.0000,1,2,1,1,1,1,1,1,4,1
SF,IH2012,2020-09-03 09:32:53.100,3302.4000,22752,0,290758200.000,0,-,-,-,-,3300.6000,3300.4000,3300.2000,3300.0000,3299.8000,3302.2000,3302.6000,3302.8000,3304.8000,3305.0000,1,1,4,1,2,1,1,1,4,1
SF,IH2012,2020-09-03 09:32:53.600,3302.2000,22751,-1,291748860.000,1,0,1,双平,S,3301.0000,3300.8000,3300.6000,3300.2000,3300.0000,3302.8000,3304.8000,3305.0000,3307.6000,3309.0000,2,2,1,3,1,1,4,1,1,1
SF,IH2012,2020-09-03 09:32:54.100,3304.8000,22749,-2,293731140.000,2,0,2,双平,S,3303.0000,3301.4000,3301.2000,3301.0000,3300.6000,3304.8000,3305.0000,3307.6000,3309.0000,3315.0000,1,1,3,2,1,3,1,1,1,1
SF,IH2012,2020-09-03 09:32:54.600,3304.8000,22749,0,293731140.000,0,-,-,-,-,3301.4000,3301.2000,3301.0000,3300.8000,3300.6000,3304.6000,3304.8000,3305.0000,3307.6000,3309.0000,1,2,2,1,1,7,5,1,1,1
SF,IH2012,2020-09-03 09:32:55.100,3304.8000,22749,0,294722580.000,1,0,1,多换,S,3301.8000,3301.6000,3301.4000,3301.2000,3301.0000,3304.6000,3304.8000,3305.0000,3307.6000,3309.0000,1,1,1,1,2,5,5,1,1,1
SF,IH2012,2020-09-03 09:32:55.600,3304.8000,22749,0,294722580.000,0,-,-,-,-,3302.0000,3301.8000,3301.4000,3301.0000,3300.8000,3304.4000,3304.6000,3304.8000,3305.0000,3307.6000,1,1,1,2,1,5,5,5,1,1
SF,IH2012,2020-09-03 09:32:56.100,3304.8000,22749,0,294722580.000,0,-,-,-,-,3302.2000,3302.0000,3301.8000,3301.4000,3301.0000,3304.2000,3304.4000,3304.6000,3304.8000,3305.0000,1,1,1,1,2,2,4,3,4,1
SF,IH2012,2020-09-03 09:32:56.600,3304.8000,22749,0,294722580.000,0,-,-,-,-,3302.4000,3301.8000,3301.4000,3301.0000,3300.8000,3304.0000,3304.4000,3304.6000,3304.8000,3305.0000,1,1,1,2,1,5,2,3,4,1
SF,IH2012,2020-09-03 09:32:57.100,3304.8000,22749,0,294722580.000,0,-,-,-,-,3302.4000,3301.8000,3301.4000,3301.0000,3300.8000,3303.8000,3304.0000,3304.6000,3304.8000,3305.0000,1,1,1,2,1,3,2,3,4,1
SF,IH2012,2020-09-03 09:32:57.600,3304.8000,22749,0,294722580.000,0,-,-,-,-,3302.4000,3301.8000,3301.4000,3301.0000,3300.8000,3303.8000,3304.6000,3304.8000,3305.0000,3307.6000,1,1,1,2,1,3,2,3,1,1
SF,IH2012,2020-09-03 09:32:58.100,3304.8000,22749,0,294722580.000,0,-,-,-,-,3302.6000,3302.4000,3301.8000,3301.4000,3301.0000,3303.8000,3304.6000,3304.8000,3305.0000,3307.6000,2,1,1,1,1,1,2,2,1,1
SF,IH2012,2020-09-03 09:32:58.600,3303.8000,22749,0,295713720.000,1,0,1,多换,S,3302.8000,3302.6000,3301.8000,3301.4000,3301.0000,3304.6000,3305.0000,3307.6000,3309.0000,3315.0000,1,2,1,1,1,2,1,1,1,1
SF,IH2012,2020-09-03 09:32:59.100,3305.0000,22748,-1,296705220.000,1,0,1,双平,S,3303.4000,3303.0000,3302.8000,3302.6000,3301.0000,3307.6000,3309.0000,3315.0000,3316.0000,3317.2000,1,2,1,2,1,1,1,1,1,1
SF,IH2012,2020-09-03 09:32:59.600,3305.0000,22748,0,296705220.000,0,-,-,-,-,3303.6000,3303.4000,3303.0000,3302.6000,3301.0000,3305.4000,3305.6000,3305.8000,3306.0000,3306.4000,2,1,1,1,1,1,2,1,3,2
SF,IH2012,2020-09-03 09:33:00.100,3305.0000,22748,0,296705220.000,0,-,-,-,-,3303.6000,3303.4000,3303.0000,3302.6000,3301.0000,3305.2000,3306.0000,3306.2000,3307.0000,3307.2000,1,1,1,1,1,1,1,1,1,3
SF,IH2012,2020-09-03 09:33:00.600,3305.0000,22747,-1,297696720.000,1,0,1,双平,S,3303.6000,3303.4000,3303.0000,3302.6000,3301.0000,3306.0000,3307.0000,3307.2000,3307.4000,3307.6000,1,1,1,1,1,1,1,2,6,2
SF,IH2012,2020-09-03 09:33:01.100,3305.0000,22747,0,297696720.000,0,-,-,-,-,3303.6000,3303.4000,3303.0000,3302.6000,3301.0000,3305.8000,3306.0000,3307.0000,3307.2000,3307.4000,1,1,1,1,1,2,1,1,2,4
SF,IH2012,2020-09-03 09:33:01.600,3305.0000,22747,0,297696720.000,0,-,-,-,-,3303.6000,3303.4000,3303.0000,3302.6000,3302.2000,3305.8000,3306.0000,3307.0000,3307.2000,3307.4000,1,1,1,1,1,1,1,1,2,4
SF,IH2012,2020-09-03 09:33:02.100,3303.8000,22745,-2,299679000.000,2,0,2,双平,S,3303.6000,3303.4000,3303.0000,3302.6000,3302.2000,3305.8000,3306.0000,3307.0000,3307.2000,3307.4000,1,1,1,1,1,1,1,1,2,4
SF,IH2012,2020-09-03 09:33:02.600,3303.8000,22745,0,299679000.000,0,-,-,-,-,3303.6000,3303.4000,3303.0000,3302.6000,3302.2000,3305.6000,3305.8000,3306.0000,3307.0000,3307.2000,1,1,1,1,1,1,1,1,1,2
SF,IH2012,2020-09-03 09:33:03.100,3303.8000,22745,0,299679000.000,0,-,-,-,-,3304.2000,3303.8000,3303.6000,3303.4000,3303.0000,3306.0000,3307.0000,3307.2000,3307.4000,3307.6000,1,2,1,1,1,1,1,2,4,1
SF,IH2012,2020-09-03 09:33:03.600,3303.8000,22745,0,299679000.000,0,-,-,-,-,3304.4000,3304.2000,3303.8000,3303.4000,3303.0000,3305.8000,3306.0000,3307.0000,3307.2000,3307.4000,2,1,1,1,1,1,1,1,2,4
SF,IH2012,2020-09-03 09:33:04.100,3303.8000,22745,0,299679000.000,0,-,-,-,-,3304.8000,3304.4000,3304.2000,3303.8000,3303.4000,3306.0000,3307.0000,3307.2000,3307.4000,3307.6000,1,2,1,1,1,1,1,1,4,1
SF,IH2012,2020-09-03 09:33:04.600,3303.8000,22745,0,299679000.000,0,-,-,-,-,3305.0000,3304.2000,3303.8000,3303.4000,3303.0000,3307.0000,3307.2000,3307.4000,3309.0000,3309.8000,1,1,1,1,1,1,1,3,1,1
SF,IH2012,2020-09-03 09:33:05.100,3303.8000,22745,0,299679000.000,0,-,-,-,-,3305.0000,3304.2000,3303.8000,3303.4000,3303.0000,3306.8000,3307.2000,3307.4000,3308.0000,3309.0000,1,1,1,1,1,2,1,3,1,1
SF,IH2012,2020-09-03 09:33:05.600,3303.8000,22745,0,299679000.000,0,-,-,-,-,3305.0000,3304.2000,3303.8000,3303.4000,3303.0000,3306.6000,3306.8000,3307.2000,3307.4000,3308.0000,1,1,1,1,1,2,4,1,3,1
SF,IH2012,2020-09-03 09:33:06.100,3303.8000,22745,0,299679000.000,0,-,-,-,-,3305.0000,3304.2000,3303.8000,3303.4000,3303.0000,3306.4000,3306.6000,3306.8000,3307.2000,3307.4000,1,1,1,1,1,2,2,2,1,3
SF,IH2012,2020-09-03 09:33:06.600,3305.0000,22745,0,300670500.000,1,0,1,多换,S,3304.2000,3303.8000,3303.4000,3303.0000,3302.2000,3306.4000,3306.6000,3307.2000,3307.4000,3309.0000,1,1,1,1,1,2,1,1,3,1
SF,IH2012,2020-09-03 09:33:07.100,3305.0000,22745,0,300670500.000,0,-,-,-,-,3304.4000,3304.2000,3303.8000,3303.4000,3303.0000,3305.0000,3306.4000,3307.2000,3307.4000,3309.0000,1,1,1,1,1,4,1,1,3,1
SF,IH2012,2020-09-03 09:33:07.600,3305.0000,22745,0,304636500.000,4,2,2,多换,S,3305.2000,3305.0000,3304.6000,3304.4000,3304.2000,3306.4000,3307.4000,3309.0000,3309.8000,3315.0000,2,2,1,1,1,1,3,1,1,1
SF,IH2012,2020-09-03 09:33:08.100,3305.0000,22745,0,304636500.000,0,-,-,-,-,3305.4000,3305.0000,3304.8000,3304.6000,3304.2000,3306.4000,3307.4000,3309.0000,3309.8000,3315.0000,1,2,1,1,1,1,3,1,1,1
SF,IH2012,2020-09-03 09:33:08.600,3305.0000,22745,0,304636500.000,0,-,-,-,-,3305.4000,3305.0000,3304.8000,3304.6000,3304.2000,3307.4000,3308.0000,3309.0000,3309.8000,3315.0000,1,1,1,1,1,3,1,1,1,1
SF,IH2012,2020-09-03 09:33:09.100,3307.2000,22745,0,306620520.000,2,1,1,多换,S,3305.4000,3305.0000,3304.8000,3304.6000,3304.2000,3306.8000,3307.2000,3307.4000,3308.0000,3309.0000,1,1,1,1,1,1,6,4,1,1
SF,IH2012,2020-09-03 09:33:09.600,3307.2000,22745,0,306620520.000,0,-,-,-,-,3305.4000,3305.0000,3304.8000,3304.6000,3304.2000,3306.6000,3306.8000,3307.2000,3307.4000,3308.0000,1,1,1,1,1,1,1,3,3,1
SF,IH2012,2020-09-03 09:33:10.100,3307.2000,22745,0,306620520.000,0,-,-,-,-,3305.6000,3305.4000,3305.0000,3304.8000,3304.6000,3306.6000,3306.8000,3307.2000,3307.4000,3308.0000,2,1,1,1,1,2,1,1,3,1
SF,IH2012,2020-09-03 09:33:10.600,3305.8000,22742,-3,309596220.000,3,0,3,双平,S,3305.6000,3305.0000,3304.8000,3304.6000,3304.2000,3306.8000,3307.2000,3307.4000,3308.0000,3309.0000,2,1,1,1,1,2,1,3,1,1
SF,IH2012,2020-09-03 09:33:11.100,3305.8000,22742,0,309596220.000,0,-,-,-,-,3305.8000,3305.0000,3304.8000,3304.6000,3304.2000,3306.8000,3307.2000,3307.4000,3308.0000,3309.0000,3,1,1,1,1,2,1,3,1,1
SF,IH2012,2020-09-03 09:33:11.600,3306.8000,22741,-1,311580300.000,2,0,2,多平,S,3306.0000,3305.8000,3305.0000,3304.8000,3304.6000,3307.4000,3308.0000,3309.0000,3309.8000,3315.0000,2,2,1,1,1,1,1,1,1,1
SF,IH2012,2020-09-03 09:33:12.100,3306.8000,22741,0,311580300.000,0,-,-,-,-,3306.2000,3306.0000,3305.8000,3305.0000,3304.8000,3307.2000,3307.4000,3308.0000,3309.0000,3309.8000,1,2,1,1,1,1,1,1,1,1
SF,IH2012,2020-09-03 09:33:12.600,3306.8000,22741,0,311580300.000,0,-,-,-,-,3306.2000,3306.0000,3305.8000,3304.8000,3304.6000,3307.4000,3308.0000,3309.0000,3309.8000,3315.0000,1,2,1,1,1,1,1,1,1,1
SF,IH2012,2020-09-03 09:33:13.100,3306.8000,22741,0,311580300.000,0,-,-,-,-,3306.4000,3306.2000,3305.8000,3304.8000,3304.6000,3308.0000,3309.0000,3309.8000,3315.0000,3316.0000,3,1,1,1,1,1,1,1,1,1
SF,IH2012,2020-09-03 09:33:13.600,3306.8000,22741,0,311580300.000,0,-,-,-,-,3306.6000,3306.4000,3305.8000,3304.8000,3304.6000,3307.8000,3308.0000,3309.0000,3309.8000,3315.0000,1,2,1,1,1,4,1,1,1,1
SF,IH2012,2020-09-03 09:33:14.100,3306.8000,22741,0,311580300.000,0,-,-,-,-,3306.8000,3306.6000,3306.2000,3305.8000,3304.8000,3307.8000,3308.0000,3309.0000,3309.8000,3315.0000,2,1,1,1,1,3,1,1,1,1
SF,IH2012,2020-09-03 09:33:14.600,3306.8000,22741,0,311580300.000,0,-,-,-,-,3307.0000,3306.8000,3306.2000,3305.8000,3304.8000,3307.8000,3308.0000,3309.0000,3309.8000,3315.0000,1,2,1,1,1,2,1,1,1,1
SF,IH2012,2020-09-03 09:33:15.100,3308.0000,22740,-1,312572700.000,1,0,1,双平,S,3308.0000,3307.0000,3306.2000,3305.8000,3304.8000,3309.0000,3309.8000,3315.0000,3316.0000,3317.2000,3,1,1,1,1,1,1,1,1,1
SF,IH2012,2020-09-03 09:33:15.600,3308.0000,22738,-2,315549900.000,3,0,3,多平,S,3307.0000,3306.2000,3305.8000,3304.8000,3304.6000,3307.8000,3308.0000,3309.0000,3309.2000,3310.4000,1,1,1,1,1,1,1,1,1,1
SF,IH2012,2020-09-03 09:33:16.100,3307.0000,22737,-1,317534340.000,2,0,2,多平,S,3306.2000,3305.8000,3304.8000,3304.6000,3303.8000,3306.8000,3308.0000,3309.0000,3309.2000,3309.4000,1,1,1,1,1,2,1,1,1,1
SF,IH2012,2020-09-03 09:33:16.600,3307.0000,22737,0,320510520.000,3,1,2,多换,S,3306.8000,3306.6000,3306.4000,3306.2000,3305.8000,3308.0000,3309.0000,3309.2000,3311.8000,3315.0000,1,1,2,1,1,1,1,1,1,1
SF,IH2012,2020-09-03 09:33:17.100,3306.8000,22736,-1,322494600.000,2,0,2,多平,S,3306.4000,3306.2000,3305.8000,3304.8000,3304.6000,3307.8000,3308.0000,3309.0000,3309.2000,3311.8000,1,1,1,1,1,1,1,1,2,1
SF,IH2012,2020-09-03 09:33:17.600,3306.2000,22736,0,324478380.000,2,1,1,多换,S,3304.8000,3303.8000,3303.0000,3300.8000,3300.0000,3305.8000,3306.4000,3307.6000,3307.8000,3308.0000,1,1,1,1,3,1,1,1,1,1
SF,IH2012,2020-09-03 09:33:18.100,3306.2000,22736,0,324478380.000,0,-,-,-,-,3304.6000,3303.8000,3303.0000,3300.8000,3300.0000,3305.6000,3305.8000,3306.4000,3307.2000,3307.4000,1,1,1,1,3,1,1,1,1,4
SF,IH2012,2020-09-03 09:33:18.600,3305.6000,22735,-1,325470060.000,1,0,1,双平,S,3304.8000,3304.6000,3303.8000,3303.0000,3300.8000,3305.8000,3306.4000,3307.4000,3309.0000,3309.2000,2,1,1,1,1,1,1,4,1,1
SF,IH2012,2020-09-03 09:33:19.100,3306.4000,22734,-1,327453720.000,2,0,2,多平,S,3305.0000,3304.8000,3304.6000,3303.8000,3303.0000,3307.4000,3309.0000,3309.2000,3311.8000,3315.0000,1,1,1,1,1,4,1,1,1,1
SF,IH2012,2020-09-03 09:33:19.600,3306.4000,22734,0,327453720.000,0,-,-,-,-,3305.8000,3305.0000,3304.8000,3304.6000,3303.8000,3307.2000,3307.4000,3309.0000,3309.2000,3311.8000,1,4,2,1,1,1,2,1,1,1
SF,IH2012,2020-09-03 09:33:20.100,3306.4000,22734,0,327453720.000,0,-,-,-,-,3306.0000,3305.8000,3305.0000,3304.8000,3304.6000,3307.2000,3309.0000,3309.2000,3311.8000,3315.0000,1,1,2,2,1,1,1,1,1,1
SF,IH2012,2020-09-03 09:33:20.600,3306.4000,22734,0,327453720.000,0,-,-,-,-,3306.0000,3305.0000,3304.8000,3304.6000,3303.8000,3307.2000,3307.4000,3309.0000,3309.2000,3311.8000,1,1,1,1,1,1,1,1,1,1
SF,IH2012,2020-09-03 09:33:21.100,3306.0000,22734,0,328445520.000,1,0,1,多换,S,3305.0000,3304.8000,3304.6000,3303.8000,3303.0000,3306.0000,3307.0000,3307.2000,3307.4000,3309.0000,1,1,1,1,1,1,3,1,1,1
SF,IH2012,2020-09-03 09:33:21.600,3306.0000,22734,0,329437320.000,1,0,1,多换,S,3304.6000,3303.8000,3303.0000,3300.8000,3300.0000,3306.0000,3307.0000,3307.2000,3307.4000,3307.8000,1,1,1,1,3,1,2,1,1,1
SF,IH2012,2020-09-03 09:33:22.100,3306.0000,22734,0,329437320.000,0,-,-,-,-,3304.8000,3304.6000,3303.8000,3303.0000,3300.8000,3305.8000,3306.0000,3307.0000,3307.4000,3307.8000,1,1,1,1,1,1,1,1,1,1
SF,IH2012,2020-09-03 09:33:22.600,3306.0000,22734,0,329437320.000,0,-,-,-,-,3304.6000,3303.8000,3303.0000,3300.8000,3300.0000,3305.8000,3306.0000,3307.0000,3307.4000,3307.8000,1,1,1,1,3,1,1,1,1,1
SF,IH2012,2020-09-03 09:33:23.100,3306.0000,22734,0,329437320.000,0,-,-,-,-,3304.8000,3304.6000,3303.8000,3303.0000,3300.8000,3305.8000,3306.0000,3307.0000,3307.4000,3307.8000,1,1,1,1,1,1,1,1,1,1
SF,IH2012,2020-09-03 09:33:23.600,3306.0000,22732,-2,331420920.000,2,0,2,双平,S,3304.8000,3304.6000,3303.8000,3303.0000,3300.8000,3307.0000,3307.4000,3307.8000,3309.0000,3309.2000,1,1,1,1,1,1,1,1,2,1
SF,IH2012,2020-09-03 09:33:24.100,3306.0000,22732,0,331420920.000,0,-,-,-,-,3305.0000,3304.8000,3304.6000,3303.8000,3303.0000,3306.0000,3306.6000,3306.8000,3307.0000,3307.4000,1,1,1,1,1,1,4,4,1,1
SF,IH2012,2020-09-03 09:33:24.600,3305.0000,22732,0,332412420.000,1,0,1,多换,S,3304.8000,3304.6000,3303.8000,3303.0000,3300.8000,3305.8000,3306.0000,3306.4000,3306.6000,3306.8000,1,1,1,1,1,1,1,1,5,2
SF,IH2012,2020-09-03 09:33:25.100,3304.6000,22731,-1,334395240.000,2,0,2,多平,S,3303.0000,3300.8000,3300.0000,3299.8000,3299.0000,3305.8000,3306.0000,3306.4000,3306.6000,3306.8000,1,1,3,1,1,1,1,1,5,2
SF,IH2012,2020-09-03 09:33:25.600,3304.6000,22730,-1,335386620.000,1,0,1,双平,S,3303.4000,3303.2000,3303.0000,3300.8000,3300.0000,3305.6000,3305.8000,3306.0000,3306.4000,3306.6000,1,2,1,1,3,1,1,2,1,5
SF,IH2012,2020-09-03 09:33:26.100,3304.6000,22730,0,335386620.000,0,-,-,-,-,3303.6000,3303.4000,3303.2000,3303.0000,3300.8000,3305.4000,3306.0000,3306.4000,3306.6000,3306.8000,1,1,1,1,1,1,2,1,4,2
SF,IH2012,2020-09-03 09:33:26.600,3304.6000,22730,0,335386620.000,0,-,-,-,-,3303.8000,3303.6000,3303.4000,3303.2000,3303.0000,3305.2000,3305.4000,3306.0000,3306.6000,3306.8000,1,1,1,1,1,1,1,2,4,2
SF,IH2012,2020-09-03 09:33:27.100,3304.6000,22730,0,335386620.000,0,-,-,-,-,3304.2000,3304.0000,3303.8000,3303.6000,3303.4000,3305.0000,3305.2000,3306.0000,3306.6000,3306.8000,1,1,1,1,1,1,1,2,4,2
SF,IH2012,2020-09-03 09:33:27.600,3305.0000,22730,0,336378120.000,1,0,1,多换,S,3304.2000,3304.0000,3303.8000,3303.6000,3303.4000,3306.0000,3306.6000,3306.8000,3307.4000,3309.0000,1,1,1,1,1,1,4,2,1,1
SF,IH2012,2020-09-03 09:33:28.100,3305.0000,22730,0,336378120.000,0,-,-,-,-,3305.2000,3304.4000,3303.8000,3303.4000,3303.0000,3305.6000,3305.8000,3306.0000,3306.6000,3306.8000,2,1,1,1,1,1,4,2,2,2
SF,IH2012,2020-09-03 09:33:28.600,3305.2000,22730,0,338361240.000,2,1,1,多换,S,3304.4000,3303.4000,3303.0000,3300.8000,3300.0000,3305.8000,3306.0000,3306.6000,3306.8000,3307.4000,1,1,1,1,3,2,1,2,2,1
SF,IH2012,2020-09-03 09:33:30.100,3304.4000,22729,-1,339352560.000,1,0,1,双平,S,3303.4000,3303.0000,3300.8000,3300.0000,3299.8000,3304.4000,3305.8000,3306.0000,3306.6000,3306.8000,1,1,1,3,1,1,2,1,2,2
SF,IH2012,2020-09-03 09:33:30.600,3304.4000,22730,1,341335200.000,2,1,1,空开,S,3304.4000,3303.6000,3303.0000,3300.8000,3300.0000,3305.4000,3305.6000,3305.8000,3306.0000,3306.6000,1,1,1,1,3,2,1,2,1,2
SF,IH2012,2020-09-03 09:33:31.100,3304.4000,22729,-1,342326520.000,1,0,1,双平,S,3300.8000,3300.0000,3299.8000,3299.0000,3298.6000,3304.2000,3305.2000,3305.4000,3305.8000,3306.0000,1,3,1,1,1,1,2,2,1,1
SF,IH2012,2020-09-03 09:33:31.600,3304.2000,22728,-1,344309040.000,2,0,2,多平,S,3304.2000,3302.6000,3301.4000,3301.2000,3301.0000,3306.0000,3306.6000,3306.8000,3307.4000,3308.8000,2,2,4,3,4,1,2,2,1,1
SF,IH2012,2020-09-03 09:33:32.100,3304.2000,22728,0,344309040.000,0,-,-,-,-,3304.4000,3304.2000,3301.4000,3301.2000,3301.0000,3305.8000,3306.0000,3306.6000,3306.8000,3307.4000,1,2,4,3,9,1,1,1,2,1
SF,IH2012,2020-09-03 09:33:32.600,3305.2000,22727,-1,345300600.000,1,0,1,双平,S,3304.2000,3301.4000,3301.0000,3300.8000,3300.0000,3305.4000,3305.6000,3305.8000,3306.0000,3306.6000,1,4,5,1,3,2,7,2,1,1
SF,IH2012,2020-09-03 09:33:33.100,3305.8000,22724,-3,349267260.000,4,0,4,多平,S,3304.4000,3301.4000,3301.0000,3300.8000,3300.0000,3306.0000,3306.8000,3307.4000,3308.8000,3309.0000,2,4,5,1,3,1,2,1,1,1
SF,IH2012,2020-09-03 09:33:33.600,3304.6000,22723,-1,350258640.000,1,0,1,双平,S,3304.6000,3304.4000,3301.4000,3301.0000,3300.8000,3306.0000,3306.8000,3307.4000,3308.8000,3309.0000,1,2,4,5,1,1,2,1,1,1
SF,IH2012,2020-09-03 09:33:34.100,3304.6000,22723,0,350258640.000,0,-,-,-,-,3304.8000,3303.8000,3301.4000,3301.0000,3300.8000,3306.0000,3307.4000,3308.8000,3309.0000,3309.2000,4,1,4,5,1,1,1,1,1,1
SF,IH2012,2020-09-03 09:33:34.600,3306.0000,22724,1,352241820.000,2,1,1,空开,S,3304.8000,3303.8000,3301.4000,3301.0000,3300.8000,3307.4000,3308.8000,3309.0000,3309.2000,3311.0000,3,1,4,5,1,1,1,1,1,1
SF,IH2012,2020-09-03 09:33:35.100,3306.0000,22724,0,352241820.000,0,-,-,-,-,3304.8000,3304.0000,3303.8000,3302.4000,3301.4000,3307.0000,3307.2000,3307.4000,3308.6000,3308.8000,2,1,1,1,4,1,4,1,1,1
SF,IH2012,2020-09-03 09:33:35.600,3306.0000,22724,0,352241820.000,0,-,-,-,-,3304.8000,3304.0000,3303.8000,3301.4000,3301.0000,3306.8000,3307.0000,3307.2000,3307.4000,3308.8000,2,1,1,4,5,1,4,4,1,1
SF,IH2012,2020-09-03 09:33:36.100,3306.0000,22724,0,352241820.000,0,-,-,-,-,3304.8000,3303.8000,3301.4000,3301.0000,3300.8000,3306.6000,3306.8000,3307.0000,3307.2000,3307.4000,1,1,4,5,1,5,1,2,3,1
SF,IH2012,2020-09-03 09:33:36.600,3306.6000,22724,0,356209560.000,4,2,2,多换,S,3305.0000,3304.8000,3303.8000,3301.4000,3301.2000,3306.6000,3307.0000,3307.2000,3307.4000,3308.8000,1,2,1,4,1,3,1,2,1,1
SF,IH2012,2020-09-03 09:33:37.100,3306.6000,22724,0,356209560.000,0,-,-,-,-,3305.2000,3304.8000,3303.8000,3301.4000,3301.2000,3306.4000,3306.6000,3307.0000,3307.4000,3308.8000,1,1,1,4,1,2,1,1,1,1
SF,IH2012,2020-09-03 09:33:38.100,3306.6000,22724,0,357201540.000,1,0,1,多换,S,3305.2000,3304.8000,3303.8000,3301.4000,3301.2000,3307.0000,3307.4000,3308.8000,3309.0000,3309.2000,1,1,1,4,1,1,1,1,1,1
SF,IH2012,2020-09-03 09:33:38.600,3306.6000,22724,0,357201540.000,0,-,-,-,-,3305.2000,3304.8000,3303.8000,3301.4000,3301.2000,3306.8000,3307.0000,3307.4000,3308.8000,3309.0000,1,1,1,4,1,2,1,1,1,1
SF,IH2012,2020-09-03 09:33:39.100,3306.6000,22724,0,357201540.000,0,-,-,-,-,3305.2000,3304.8000,3303.8000,3301.4000,3301.2000,3306.6000,3306.8000,3307.0000,3307.4000,3308.8000,1,1,1,4,1,2,3,1,1,1
SF,IH2012,2020-09-03 09:33:39.600,3306.6000,22724,0,357201540.000,0,-,-,-,-,3305.2000,3304.8000,3303.8000,3301.4000,3301.2000,3306.6000,3306.8000,3307.0000,3307.4000,3308.8000,1,1,1,4,1,2,2,1,1,1
SF,IH2012,2020-09-03 09:33:40.100,3305.2000,22724,0,358193100.000,1,0,1,多换,S,3304.8000,3304.6000,3303.8000,3301.4000,3301.2000,3305.0000,3306.4000,3306.8000,3307.0000,3307.4000,1,1,1,4,1,1,2,2,1,1
SF,IH2012,2020-09-03 09:33:40.600,3305.0000,22724,0,359184600.000,1,0,1,多换,S,3305.0000,3304.6000,3303.8000,3301.4000,3301.2000,3306.8000,3307.4000,3308.8000,3309.0000,3309.2000,3,1,1,4,1,2,1,1,1,1
SF,IH2012,2020-09-03 09:33:41.100,3305.0000,22724,0,359184600.000,0,-,-,-,-,3305.2000,3305.0000,3304.6000,3303.8000,3301.4000,3306.6000,3306.8000,3307.4000,3308.8000,3309.0000,2,2,1,1,4,5,2,1,1,1
SF,IH2012,2020-09-03 09:33:41.600,3306.4000,22724,0,360176520.000,1,0,1,多换,S,3305.2000,3305.0000,3304.6000,3303.8000,3301.4000,3306.4000,3306.6000,3307.4000,3308.8000,3309.0000,2,2,1,2,4,3,4,1,1,1
SF,IH2012,2020-09-03 09:33:42.100,3306.4000,22724,0,360176520.000,0,-,-,-,-,3305.2000,3305.0000,3304.6000,3303.8000,3301.4000,3306.2000,3306.4000,3306.6000,3307.4000,3308.8000,2,2,1,2,4,2,1,3,1,1
SF,IH2012,2020-09-03 09:33:42.600,3306.4000,22724,0,360176520.000,0,-,-,-,-,3305.2000,3305.0000,3304.6000,3303.8000,3301.4000,3306.0000,3306.2000,3306.4000,3306.6000,3307.4000,2,2,1,2,4,2,1,1,3,1
SF,IH2012,2020-09-03 09:33:43.100,3306.4000,22724,0,360176520.000,0,-,-,-,-,3305.2000,3305.0000,3304.6000,3303.8000,3301.4000,3306.0000,3306.4000,3306.6000,3307.4000,3308.8000,2,2,1,2,4,2,1,1,1,1
SF,IH2012,2020-09-03 09:33:43.600,3306.4000,22724,0,360176520.000,0,-,-,-,-,3305.2000,3305.0000,3304.6000,3303.8000,3301.4000,3306.0000,3306.4000,3306.6000,3307.4000,3308.8000,2,2,1,2,4,2,1,2,1,1
SF,IH2012,2020-09-03 09:33:44.100,3305.0000,22723,-1,364142640.000,4,1,3,多平,S,3304.6000,3303.8000,3302.8000,3301.4000,3301.2000,3305.2000,3305.6000,3306.0000,3306.6000,3307.4000,1,2,1,4,1,3,1,3,2,1
SF,IH2012,2020-09-03 09:33:44.600,3305.0000,22723,0,364142640.000,0,-,-,-,-,3304.6000,3303.8000,3302.8000,3301.4000,3301.2000,3305.2000,3305.6000,3306.0000,3306.6000,3307.4000,1,2,1,4,1,3,1,1,2,1
SF,IH2012,2020-09-03 09:33:45.100,3305.0000,22723,0,364142640.000,0,-,-,-,-,3304.6000,3303.8000,3302.8000,3301.4000,3301.2000,3306.0000,3306.6000,3307.4000,3308.8000,3309.0000,1,2,1,4,1,1,2,1,1,1
SF,IH2012,2020-09-03 09:33:45.600,3305.0000,22723,0,364142640.000,0,-,-,-,-,3304.8000,3304.6000,3303.8000,3302.8000,3301.4000,3305.8000,3306.0000,3306.6000,3307.4000,3308.8000,1,1,2,1,4,4,1,2,1,1
SF,IH2012,2020-09-03 09:33:46.100,3305.0000,22723,0,364142640.000,0,-,-,-,-,3304.8000,3304.6000,3303.8000,3302.8000,3301.4000,3305.6000,3306.0000,3306.6000,3307.4000,3308.8000,1,1,2,1,4,2,1,2,1,1
SF,IH2012,2020-09-03 09:33:46.600,3304.6000,22721,-2,366125460.000,2,0,2,双平,S,3303.8000,3302.8000,3301.4000,3301.2000,3301.0000,3305.6000,3306.0000,3306.6000,3308.8000,3309.0000,2,1,4,1,5,2,1,2,1,1
SF,IH2012,2020-09-03 09:33:47.100,3304.6000,22721,0,366125460.000,0,-,-,-,-,3304.0000,3303.8000,3302.8000,3301.4000,3301.2000,3305.6000,3306.0000,3306.6000,3308.8000,3309.0000,2,2,1,4,1,2,1,1,1,1
SF,IH2012,2020-09-03 09:33:47.600,3304.6000,22721,0,366125460.000,0,-,-,-,-,3304.0000,3303.8000,3302.8000,3301.4000,3301.2000,3305.4000,3305.6000,3306.0000,3306.6000,3308.8000,2,2,1,4,1,1,2,1,1,1
SF,IH2012,2020-09-03 09:33:48.100,3304.6000,22721,0,366125460.000,0,-,-,-,-,3304.0000,3303.8000,3302.8000,3301.4000,3301.2000,3305.4000,3305.6000,3306.0000,3306.6000,3308.8000,2,2,1,4,1,1,2,1,1,1
SF,IH2012,2020-09-03 09:33:48.600,3305.6000,22722,1,368108760.000,2,1,1,空开,S,3304.0000,3303.8000,3302.8000,3301.4000,3301.2000,3305.6000,3306.0000,3306.6000,3308.8000,3309.0000,2,2,1,4,1,1,1,1,1,1
SF,IH2012,2020-09-03 09:33:49.100,3305.6000,22722,0,368108760.000,0,-,-,-,-,3304.0000,3303.8000,3302.8000,3301.4000,3301.2000,3305.6000,3306.6000,3308.8000,3309.0000,3311.0000,2,2,1,4,1,1,1,1,1,1
SF,IH2012,2020-09-03 09:33:49.600,3305.6000,22722,0,369100440.000,1,0,1,多换,S,3304.0000,3303.8000,3302.8000,3301.4000,3301.2000,3306.6000,3308.8000,3309.0000,3311.0000,3315.0000,2,2,1,4,1,1,1,1,1,1
SF,IH2012,2020-09-03 09:33:50.100,3305.6000,22722,0,369100440.000,0,-,-,-,-,3304.2000,3304.0000,3303.8000,3302.8000,3301.4000,3306.4000,3306.6000,3308.8000,3309.0000,3311.0000,2,1,2,1,4,1,1,1,1,1
SF,IH2012,2020-09-03 09:33:50.600,3305.6000,22722,0,369100440.000,0,-,-,-,-,3304.4000,3304.2000,3303.8000,3302.8000,3301.4000,3306.2000,3306.4000,3306.6000,3308.8000,3309.0000,1,2,2,1,4,2,1,1,1,1
SF,IH2012,2020-09-03 09:33:51.100,3305.6000,22722,0,369100440.000,0,-,-,-,-,3304.4000,3304.2000,3303.8000,3302.8000,3301.4000,3306.0000,3306.2000,3306.6000,3308.8000,3309.0000,1,1,2,1,4,1,2,1,1,1
SF,IH2012,2020-09-03 09:33:51.600,3304.4000,22721,-1,370091760.000,1,0,1,双平,S,3304.2000,3303.8000,3302.8000,3301.4000,3301.2000,3306.0000,3306.2000,3306.6000,3308.8000,3309.0000,1,2,1,4,1,1,1,1,1,1
SF,IH2012,2020-09-03 09:33:52.100,3304.4000,22721,0,370091760.000,0,-,-,-,-,3304.4000,3304.2000,3303.8000,3302.8000,3301.4000,3305.8000,3306.0000,3306.2000,3306.6000,3308.8000,2,1,2,1,4,2,1,1,1,1
SF,IH2012,2020-09-03 09:33:52.600,3304.4000,22721,0,370091760.000,0,-,-,-,-,3304.4000,3303.8000,3302.8000,3301.4000,3301.2000,3305.6000,3305.8000,3306.0000,3306.2000,3306.6000,1,2,1,4,1,2,2,1,1,1
SF,IH2012,2020-09-03 09:33:53.100,3304.4000,22721,0,370091760.000,0,-,-,-,-,3304.4000,3303.8000,3302.8000,3301.4000,3301.2000,3305.6000,3306.2000,3306.6000,3308.8000,3309.0000,1,2,1,4,1,2,1,1,1,1
SF,IH2012,2020-09-03 09:33:53.600,3304.4000,22721,0,370091760.000,0,-,-,-,-,3304.4000,3303.8000,3302.8000,3301.4000,3301.2000,3305.6000,3306.6000,3308.8000,3309.0000,3311.0000,1,2,1,4,1,1,1,1,1,1
SF,IH2012,2020-09-03 09:33:54.100,3305.6000,22720,-1,371083440.000,1,0,1,双平,S,3306.0000,3304.4000,3303.8000,3302.8000,3301.4000,3306.6000,3308.8000,3309.0000,3311.0000,3315.0000,3,1,2,1,4,1,1,1,1,1
SF,IH2012,2020-09-03 09:33:54.600,3306.0000,22717,-3,374058600.000,3,0,3,双平,S,3304.4000,3303.8000,3301.4000,3301.2000,3301.0000,3305.8000,3306.0000,3306.2000,3306.4000,3306.6000,1,2,4,1,5,2,8,1,3,2
SF,IH2012,2020-09-03 09:33:55.100,3304.4000,22717,0,375049920.000,1,0,1,多换,S,3303.8000,3301.4000,3301.2000,3301.0000,3300.8000,3304.2000,3305.6000,3305.8000,3306.0000,3306.2000,2,4,1,5,1,2,1,2,3,1
SF,IH2012,2020-09-03 09:33:55.600,3304.2000,22718,1,377032440.000,2,1,1,空开,S,3304.2000,3303.8000,3301.4000,3301.2000,3301.0000,3305.6000,3306.0000,3306.2000,3306.4000,3306.6000,3,2,4,1,5,1,1,1,2,1
SF,IH2012,2020-09-03 09:33:56.100,3304.2000,22718,0,377032440.000,0,-,-,-,-,3304.4000,3304.2000,3303.8000,3302.6000,3301.4000,3305.6000,3306.0000,3306.2000,3306.4000,3306.6000,1,1,2,1,4,1,1,1,2,1
SF,IH2012,2020-09-03 09:33:56.600,3304.2000,22718,0,377032440.000,0,-,-,-,-,3304.4000,3304.2000,3303.8000,3302.6000,3301.4000,3305.6000,3306.0000,3306.4000,3306.6000,3308.8000,1,1,2,1,4,1,1,2,1,1
SF,IH2012,2020-09-03 09:33:57.100,3304.2000,22718,0,377032440.000,0,-,-,-,-,3304.6000,3304.4000,3304.2000,3303.8000,3302.6000,3305.6000,3306.0000,3306.6000,3308.8000,3309.0000,1,1,1,2,1,1,1,1,1,1
SF,IH2012,2020-09-03 09:33:57.600,3305.6000,22717,-1,378024120.000,1,0,1,双平,S,3304.6000,3304.4000,3304.2000,3303.8000,3302.6000,3306.0000,3306.6000,3308.8000,3309.0000,3311.0000,2,1,1,2,1,1,1,1,1,1
SF,IH2012,2020-09-03 09:33:58.100,3305.6000,22717,0,378024120.000,0,-,-,-,-,3304.8000,3304.6000,3304.2000,3303.8000,3302.6000,3306.6000,3308.8000,3309.0000,3311.0000,3315.0000,1,1,1,2,1,1,1,1,1,1
SF,IH2012,2020-09-03 09:33:58.600,3305.6000,22717,0,378024120.000,0,-,-,-,-,3304.8000,3304.6000,3304.2000,3303.8000,3302.6000,3306.4000,3306.6000,3308.8000,3309.0000,3311.0000,4,1,1,2,1,1,2,1,1,1
SF,IH2012,2020-09-03 09:33:59.100,3305.6000,22717,0,378024120.000,0,-,-,-,-,3305.0000,3304.8000,3304.6000,3304.2000,3303.8000,3306.6000,3308.8000,3309.0000,3311.0000,3315.0000,2,3,1,1,2,1,1,1,1,1
SF,IH2012,2020-09-03 09:33:59.600,3305.6000,22717,0,378024120.000,0,-,-,-,-,3305.2000,3304.8000,3304.6000,3304.2000,3303.8000,3306.6000,3308.8000,3309.0000,3311.0000,3315.0000,4,1,1,1,2,1,1,1,1,1
SF,IH2012,2020-09-03 09:34:01.100,3305.6000,22717,0,378024120.000,0,-,-,-,-,3305.2000,3304.6000,3304.2000,3303.8000,3301.4000,3306.6000,3308.8000,3309.0000,3311.0000,3315.0000,1,1,1,2,4,1,1,1,1,1
SF,IH2012,2020-09-03 09:34:01.600,3305.6000,22717,0,378024120.000,0,-,-,-,-,3305.2000,3304.6000,3304.2000,3303.8000,3301.4000,3306.4000,3306.6000,3308.8000,3309.0000,3311.0000,1,1,1,2,4,3,1,1,1,1
SF,IH2012,2020-09-03 09:34:04.600,3305.2000,22716,-1,379015680.000,1,0,1,双平,S,3304.6000,3304.2000,3303.8000,3301.4000,3301.2000,3306.4000,3306.6000,3308.8000,3309.0000,3311.0000,1,1,2,4,1,3,1,1,1,1
SF,IH2012,2020-09-03 09:34:05.100,3305.2000,22716,0,379015680.000,0,-,-,-,-,3305.4000,3305.0000,3304.8000,3304.6000,3304.2000,3306.4000,3306.6000,3308.8000,3309.0000,3311.0000,1,1,2,2,1,2,1,1,1,1
SF,IH2012,2020-09-03 09:34:05.600,3305.2000,22716,0,379015680.000,0,-,-,-,-,3305.0000,3304.8000,3304.6000,3304.2000,3303.8000,3306.4000,3306.6000,3308.8000,3309.0000,3311.0000,1,1,1,1,2,2,1,1,1,1
SF,IH2012,2020-09-03 09:34:06.100,3305.2000,22716,0,379015680.000,0,-,-,-,-,3305.2000,3305.0000,3304.6000,3304.2000,3303.8000,3306.4000,3306.6000,3308.8000,3309.0000,3311.0000,1,1,1,1,2,2,1,1,1,1
SF,IH2012,2020-09-03 09:34:07.100,3305.2000,22716,0,379015680.000,0,-,-,-,-,3305.4000,3305.2000,3304.6000,3304.2000,3303.8000,3306.4000,3306.6000,3308.8000,3309.0000,3311.0000,1,1,1,1,2,2,1,1,1,1
SF,IH2012,2020-09-03 09:34:08.100,3306.4000,22716,0,380007600.000,1,0,1,多换,S,3305.4000,3305.2000,3304.6000,3304.2000,3303.8000,3306.4000,3306.6000,3308.8000,3309.0000,3311.0000,1,1,1,1,2,1,1,1,1,1
SF,IH2012,2020-09-03 09:34:08.600,3306.4000,22715,-1,380999520.000,1,0,1,双平,S,3305.6000,3305.4000,3304.6000,3304.2000,3303.8000,3306.6000,3308.8000,3309.0000,3311.0000,3315.0000,1,1,1,1,2,1,1,1,1,1
SF,IH2012,2020-09-03 09:34:09.100,3306.6000,22714,-1,381991500.000,1,0,1,双平,S,3306.6000,3305.8000,3305.6000,3304.6000,3304.2000,3308.8000,3309.0000,3311.0000,3315.0000,3315.8000,2,1,3,1,1,1,1,1,1,1
SF,IH2012,2020-09-03 09:34:09.600,3306.6000,22714,0,381991500.000,0,-,-,-,-,3306.8000,3306.6000,3305.8000,3304.6000,3303.8000,3307.4000,3307.6000,3307.8000,3308.2000,3308.4000,1,2,2,1,1,2,1,3,6,7
SF,IH2012,2020-09-03 09:34:10.100,3307.8000,22712,-2,383976120.000,2,0,2,双平,S,3306.8000,3306.6000,3305.8000,3304.6000,3303.8000,3308.2000,3308.4000,3308.6000,3308.8000,3309.0000,1,2,1,1,1,4,3,4,1,1
SF,IH2012,2020-09-03 09:34:10.600,3307.8000,22712,0,383976120.000,0,-,-,-,-,3307.0000,3306.8000,3306.6000,3305.8000,3304.6000,3308.0000,3309.0000,3310.8000,3311.0000,3315.0000,3,1,2,1,1,1,1,1,1,1
SF,IH2012,2020-09-03 09:34:11.100,3308.0000,22711,-1,384968520.000,1,0,1,双平,S,3307.2000,3306.6000,3305.8000,3304.6000,3303.8000,3309.0000,3310.8000,3311.0000,3315.0000,3315.8000,4,2,1,1,1,1,1,1,1,1
SF,IH2012,2020-09-03 09:34:11.600,3308.8000,22711,0,385961160.000,1,0,1,多换,S,3307.4000,3307.2000,3306.6000,3305.8000,3304.6000,3309.0000,3310.8000,3311.0000,3315.0000,3315.8000,2,2,2,1,1,1,1,1,1,1
SF,IH2012,2020-09-03 09:34:12.100,3308.8000,22711,0,385961160.000,0,-,-,-,-,3307.6000,3307.4000,3306.6000,3305.8000,3304.6000,3309.0000,3310.8000,3311.0000,3315.0000,3315.8000,2,2,2,1,1,1,1,1,1,1
SF,IH2012,2020-09-03 09:34:12.600,3308.8000,22711,0,385961160.000,0,-,-,-,-,3307.6000,3306.6000,3305.8000,3304.6000,3303.8000,3308.6000,3308.8000,3309.0000,3310.4000,3310.8000,1,2,1,1,1,1,3,1,1,1
SF,IH2012,2020-09-03 09:34:13.100,3307.6000,22710,-1,386953440.000,1,0,1,双平,S,3306.6000,3305.8000,3304.6000,3303.8000,3301.4000,3308.2000,3308.6000,3308.8000,3309.0000,3310.8000,2,1,1,1,1,2,2,4,1,1
SF,IH2012,2020-09-03 09:34:13.600,3307.6000,22710,0,386953440.000,0,-,-,-,-,3306.8000,3306.6000,3305.8000,3304.6000,3303.8000,3308.6000,3308.8000,3309.0000,3310.8000,3311.0000,2,2,1,1,1,1,3,1,1,1
SF,IH2012,2020-09-03 09:34:14.100,3307.6000,22710,0,386953440.000,0,-,-,-,-,3306.8000,3306.6000,3305.8000,3304.6000,3303.8000,3308.4000,3308.6000,3308.8000,3309.0000,3310.8000,1,2,1,1,1,1,1,3,1,1
SF,IH2012,2020-09-03 09:34:14.600,3307.6000,22710,0,386953440.000,0,-,-,-,-,3306.8000,3306.6000,3305.8000,3304.6000,3303.8000,3308.2000,3308.4000,3308.8000,3309.0000,3310.8000,1,2,1,1,1,1,3,1,1,1
SF,IH2012,2020-09-03 09:34:15.100,3307.6000,22710,0,386953440.000,0,-,-,-,-,3307.0000,3306.8000,3306.6000,3305.8000,3304.6000,3308.4000,3308.8000,3309.0000,3310.8000,3311.0000,3,1,2,1,1,1,1,1,1,1
SF,IH2012,2020-09-03 09:34:15.600,3307.6000,22710,0,386953440.000,0,-,-,-,-,3307.2000,3306.6000,3305.8000,3304.6000,3303.8000,3308.4000,3308.8000,3309.0000,3310.8000,3311.0000,1,2,1,1,1,1,1,1,1,1
SF,IH2012,2020-09-03 09:34:16.100,3307.6000,22710,0,386953440.000,0,-,-,-,-,3307.2000,3306.6000,3305.8000,3304.6000,3303.8000,3308.2000,3308.4000,3308.8000,3309.0000,3310.8000,1,2,1,1,1,2,1,1,1,1
SF,IH2012,2020-09-03 09:34:16.600,3307.6000,22710,0,386953440.000,0,-,-,-,-,3307.4000,3307.2000,3306.6000,3305.8000,3304.6000,3308.2000,3308.8000,3309.0000,3310.8000,3311.0000,1,1,2,1,1,1,1,1,1,1
SF,IH2012,2020-09-03 09:34:17.100,3307.6000,22710,0,386953440.000,0,-,-,-,-,3307.6000,3307.4000,3306.6000,3305.8000,3304.6000,3308.8000,3309.0000,3310.8000,3311.0000,3311.6000,1,1,2,1,1,1,1,1,1,1
SF,IH2012,2020-09-03 09:34:17.600,3307.6000,22710,0,386953440.000,0,-,-,-,-,3307.6000,3307.4000,3306.6000,3305.8000,3304.6000,3308.8000,3309.0000,3310.8000,3311.0000,3311.6000,1,1,2,1,1,1,1,1,1,1
SF,IH2012,2020-09-03 09:34:18.100,3307.6000,22710,0,386953440.000,0,-,-,-,-,3307.6000,3306.6000,3305.8000,3304.6000,3303.8000,3308.8000,3309.0000,3310.8000,3311.0000,3311.6000,1,2,1,1,1,1,1,1,1,1
SF,IH2012,2020-09-03 09:34:18.600,3307.6000,22710,0,386953440.000,0,-,-,-,-,3307.8000,3307.6000,3305.8000,3304.6000,3303.8000,3308.8000,3309.0000,3310.8000,3311.0000,3311.6000,1,1,1,2,1,1,1,1,1,1
SF,IH2012,2020-09-03 09:34:19.100,3307.6000,22710,0,386953440.000,0,-,-,-,-,3308.0000,3307.8000,3305.8000,3304.6000,3303.8000,3308.8000,3309.0000,3310.8000,3311.0000,3311.6000,1,2,1,2,1,1,1,1,1,1
SF,IH2012,2020-09-03 09:34:19.600,3307.6000,22710,0,386953440.000,0,-,-,-,-,3308.0000,3305.8000,3304.6000,3303.8000,3301.4000,3308.8000,3309.0000,3310.8000,3311.0000,3311.6000,1,1,2,1,1,1,1,1,1,1
SF,IH2012,2020-09-03 09:34:20.100,3307.6000,22710,0,386953440.000,0,-,-,-,-,3308.0000,3305.8000,3304.6000,3303.8000,3301.4000,3308.6000,3308.8000,3309.0000,3310.8000,3311.0000,1,1,2,1,1,1,1,1,1,1
SF,IH2012,2020-09-03 09:34:20.600,3308.0000,22709,-1,387945840.000,1,0,1,双平,S,3305.8000,3304.6000,3303.8000,3301.4000,3301.2000,3308.0000,3308.6000,3308.8000,3309.0000,3310.8000,1,2,1,1,1,2,1,1,1,1
SF,IH2012,2020-09-03 09:34:21.100,3308.0000,22709,0,388938240.000,1,0,1,多换,S,3306.4000,3306.2000,3306.0000,3305.8000,3304.6000,3308.6000,3308.8000,3309.0000,3310.8000,3311.0000,1,3,3,1,2,1,1,1,1,1
SF,IH2012,2020-09-03 09:34:21.600,3308.0000,22709,0,388938240.000,0,-,-,-,-,3306.6000,3306.4000,3306.2000,3305.8000,3304.6000,3308.4000,3308.6000,3308.8000,3309.0000,3310.8000,2,1,3,1,2,1,1,1,1,1
SF,IH2012,2020-09-03 09:34:22.100,3308.0000,22709,0,388938240.000,0,-,-,-,-,3307.2000,3306.6000,3306.2000,3305.8000,3304.6000,3308.2000,3308.4000,3308.6000,3308.8000,3309.0000,1,2,3,1,2,1,1,1,1,1
SF,IH2012,2020-09-03 09:34:22.600,3308.0000,22709,0,388938240.000,0,-,-,-,-,3307.4000,3307.2000,3306.6000,3306.2000,3305.8000,3308.4000,3308.6000,3308.8000,3309.0000,3310.8000,1,1,1,1,1,1,1,1,1,1
SF,IH2012,2020-09-03 09:34:23.100,3307.4000,22708,-1,389930460.000,1,0,1,双平,S,3307.2000,3306.6000,3306.2000,3305.8000,3304.6000,3308.4000,3308.6000,3308.8000,3309.0000,3310.8000,1,1,1,1,2,1,1,1,1,1
SF,IH2012,2020-09-03 09:34:23.600,3307.4000,22708,0,389930460.000,0,-,-,-,-,3307.2000,3306.6000,3306.2000,3305.8000,3304.6000,3308.2000,3308.4000,3308.6000,3308.8000,3309.0000,1,1,1,1,2,1,1,1,1,1
SF,IH2012,2020-09-03 09:34:24.100,3307.4000,22708,0,389930460.000,0,-,-,-,-,3307.4000,3307.2000,3306.6000,3306.2000,3305.8000,3308.2000,3308.4000,3308.6000,3308.8000,3309.0000,2,1,1,1,1,1,1,1,1,1
SF,IH2012,2020-09-03 09:34:24.600,3307.4000,22708,0,389930460.000,0,-,-,-,-,3307.4000,3306.6000,3306.2000,3305.8000,3304.6000,3308.2000,3308.4000,3308.6000,3308.8000,3309.0000,2,1,1,1,2,1,1,1,1,1
SF,IH2012,2020-09-03 09:34:25.100,3307.4000,22708,0,389930460.000,0,-,-,-,-,3306.6000,3306.2000,3305.8000,3304.6000,3303.8000,3307.2000,3308.0000,3308.2000,3308.4000,3308.6000,1,1,1,2,1,3,1,1,1,1
SF,IH2012,2020-09-03 09:34:25.600,3307.4000,22708,0,389930460.000,0,-,-,-,-,3305.8000,3304.6000,3303.8000,3301.2000,3301.0000,3307.4000,3308.0000,3308.2000,3308.6000,3309.0000,1,2,1,1,2,1,1,1,1,1
SF,IH2012,2020-09-03 09:34:26.100,3307.4000,22709,1,393898200.000,4,2,2,空开,S,3306.0000,3305.8000,3304.6000,3303.8000,3301.2000,3308.0000,3308.6000,3309.0000,3310.8000,3311.0000,2,1,2,1,1,1,1,1,1,1
SF,IH2012,2020-09-03 09:34:26.600,3307.4000,22709,0,393898200.000,0,-,-,-,-,3306.2000,3306.0000,3305.8000,3304.6000,3303.8000,3308.0000,3308.6000,3309.0000,3310.8000,3311.0000,2,1,1,2,1,1,1,1,1,1
SF,IH2012,2020-09-03 09:34:27.100,3307.4000,22709,0,393898200.000,0,-,-,-,-,3306.6000,3306.4000,3306.2000,3305.8000,3304.6000,3307.8000,3308.6000,3309.0000,3310.8000,3311.0000,1,1,3,1,2,1,1,1,1,1
SF,IH2012,2020-09-03 09:34:27.600,3307.4000,22709,0,393898200.000,0,-,-,-,-,3306.2000,3305.8000,3304.6000,3303.8000,3301.2000,3307.6000,3307.8000,3308.6000,3309.0000,3310.8000,1,1,2,1,1,1,1,1,1,1
SF,IH2012,2020-09-03 09:34:28.100,3307.4000,22709,0,393898200.000,0,-,-,-,-,3305.8000,3304.6000,3303.8000,3301.2000,3301.0000,3307.4000,3308.6000,3309.0000,3310.8000,3311.0000,1,2,1,1,2,1,1,1,1,1
SF,IH2012,2020-09-03 09:34:28.600,3307.4000,22709,0,393898200.000,0,-,-,-,-,3306.0000,3305.8000,3304.6000,3303.8000,3301.2000,3307.4000,3308.6000,3309.0000,3310.8000,3311.0000,3,1,2,1,1,1,1,1,1,1
SF,IH2012,2020-09-03 09:34:29.600,3307.4000,22709,0,393898200.000,0,-,-,-,-,3306.2000,3306.0000,3305.8000,3304.6000,3303.8000,3307.4000,3308.6000,3309.0000,3310.8000,3311.0000,1,3,1,2,1,1,1,1,1,1
SF,IH2012,2020-09-03 09:34:30.100,3307.4000,22709,0,393898200.000,0,-,-,-,-,3306.0000,3305.8000,3304.6000,3303.8000,3301.2000,3307.4000,3308.6000,3309.0000,3310.8000,3311.0000,2,1,2,1,1,1,1,1,1,1
SF,IH2012,2020-09-03 09:34:30.600,3307.4000,22709,0,393898200.000,0,-,-,-,-,3306.0000,3305.8000,3304.6000,3303.8000,3301.2000,3307.4000,3308.6000,3309.0000,3310.8000,3311.0000,3,1,2,1,1,1,1,1,1,1
SF,IH2012,2020-09-03 09:34:31.100,3306.2000,22708,-1,394890060.000,1,0,1,双平,S,3306.0000,3305.8000,3304.6000,3303.8000,3301.2000,3307.4000,3308.6000,3309.0000,3310.8000,3311.0000,2,1,2,1,1,1,1,1,1,1
SF,IH2012,2020-09-03 09:34:31.600,3306.2000,22708,0,394890060.000,0,-,-,-,-,3306.0000,3305.8000,3304.6000,3303.8000,3301.2000,3307.4000,3308.6000,3309.0000,3310.8000,3311.0000,2,1,2,1,1,1,1,1,1,1
