市场代码,合约代码,时间,最新,持仓,增仓,成交额,成交量,开仓,平仓,成交类型,方向,买一价,买二价,买三价,买四价,买五价,卖一价,卖二价,卖三价,卖四价,卖五价,买一量,买二量,买三量,买四量,买五量,卖一量,卖二量,卖三量,卖四量,卖五量
SF,IH2001,2019-11-25 09:29:00.200,2915.8000,847,0,0.000,0.000,-,-,-,-,2926.4000,2925.0000,2924.0000,2923.0000,2922.4000,2928.6000,2929.0000,2930.8000,2932.6000,2934.4000,1,1,1,1,1,2,1,1,1,1
SF,IH2001,2019-11-25 09:30:00.200,2926.4000,847,0,877920.000,1,0,1,多换,S,2925.0000,2916.0000,2899.2000,2895.0000,2891.2000,2928.6000,2929.0000,2934.0000,2935.0000,2939.0000,1,1,1,1,1,2,1,1,1,1
SF,IH2001,2019-11-25 09:30:00.700,2926.4000,847,0,877920.000,0,-,-,-,-,2899.2000,2895.0000,2891.2000,2886.6000,2880.6000,2928.4000,2928.6000,2929.0000,2934.0000,2934.6000,1,1,1,1,1,2,2,1,1,1
SF,IH2001,2019-11-25 09:30:01.200,2926.4000,847,0,877920.000,0,-,-,-,-,2925.2000,2922.2000,2921.8000,2918.4000,2911.4000,2926.0000,2928.4000,2928.6000,2929.0000,2933.6000,2,1,1,5,3,1,2,2,1,5
SF,IH2001,2019-11-25 09:30:01.700,2925.2000,846,-1,1755480.000,1,0,1,双平,S,2925.2000,2922.2000,2921.8000,2918.4000,2899.4000,2926.0000,2928.6000,2929.0000,2933.6000,2934.0000,1,1,1,5,4,1,2,1,5,1
SF,IH2001,2019-11-25 09:30:02.200,2926.0000,846,0,2633280.000,1,0,1,多换,S,2926.0000,2925.4000,2925.2000,2922.2000,2918.4000,2928.6000,2929.0000,2933.6000,2934.0000,2934.6000,1,4,1,1,5,2,1,5,1,1
SF,IH2001,2019-11-25 09:30:02.700,2926.0000,846,0,2633280.000,0,-,-,-,-,2926.0000,2925.4000,2925.2000,2922.2000,2918.4000,2928.4000,2928.6000,2929.0000,2933.6000,2934.0000,1,4,1,1,5,3,2,1,5,1
SF,IH2001,2019-11-25 09:30:03.200,2926.0000,846,0,2633280.000,0,-,-,-,-,2925.4000,2925.2000,2922.2000,2918.4000,2899.4000,2928.4000,2928.6000,2929.0000,2930.0000,2933.6000,4,1,1,5,4,3,2,1,1,5
SF,IH2001,2019-11-25 09:30:03.700,2926.0000,846,0,2633280.000,0,-,-,-,-,2925.6000,2925.4000,2925.2000,2922.2000,2922.0000,2928.4000,2928.6000,2929.0000,2930.0000,2933.6000,1,4,1,1,1,3,2,1,1,5
SF,IH2001,2019-11-25 09:30:04.200,2926.0000,846,0,2633280.000,0,-,-,-,-,2925.6000,2925.4000,2925.2000,2922.2000,2922.0000,2928.0000,2928.4000,2928.6000,2929.0000,2930.0000,1,4,1,1,1,1,3,2,1,1
SF,IH2001,2019-11-25 09:30:04.700,2926.0000,846,0,2633280.000,0,-,-,-,-,2925.6000,2925.4000,2925.2000,2922.2000,2922.0000,2927.8000,2928.0000,2928.4000,2928.6000,2929.0000,1,4,1,1,1,1,1,1,2,1
SF,IH2001,2019-11-25 09:30:05.200,2926.0000,846,0,2633280.000,0,-,-,-,-,2925.8000,2925.6000,2925.4000,2925.2000,2922.2000,2927.8000,2928.0000,2928.4000,2928.6000,2929.0000,1,1,4,1,1,1,1,1,2,1
SF,IH2001,2019-11-25 09:30:05.700,2926.0000,846,0,2633280.000,0,-,-,-,-,2926.0000,2925.8000,2925.6000,2925.4000,2925.2000,2927.8000,2928.0000,2928.4000,2928.6000,2929.0000,4,1,1,4,1,1,1,1,2,1
SF,IH2001,2019-11-25 09:30:06.700,2926.0000,846,0,2633280.000,0,-,-,-,-,2926.0000,2925.8000,2925.6000,2925.4000,2925.2000,2927.6000,2927.8000,2928.4000,2928.6000,2929.0000,4,1,1,4,1,1,1,1,2,1
SF,IH2001,2019-11-25 09:30:07.200,2926.0000,846,0,2633280.000,0,-,-,-,-,2926.0000,2925.8000,2925.6000,2925.4000,2925.2000,2927.6000,2928.4000,2928.6000,2929.0000,2930.0000,4,1,1,4,1,1,1,2,1,1
SF,IH2001,2019-11-25 09:30:07.700,2926.0000,846,0,2633280.000,0,-,-,-,-,2926.4000,2926.0000,2925.6000,2925.4000,2925.2000,2927.6000,2928.4000,2928.6000,2929.0000,2930.0000,1,4,1,4,1,1,1,2,1,1
SF,IH2001,2019-11-25 09:30:08.200,2926.0000,846,0,2633280.000,0,-,-,-,-,2926.6000,2926.4000,2926.0000,2925.6000,2925.4000,2927.6000,2928.4000,2928.6000,2929.0000,2930.0000,3,1,4,1,4,1,1,2,1,1
SF,IH2001,2019-11-25 09:30:08.700,2926.0000,846,0,2633280.000,0,-,-,-,-,2926.0000,2925.6000,2925.4000,2925.2000,2918.4000,2927.4000,2927.6000,2928.4000,2928.6000,2929.0000,4,1,4,1,5,1,1,1,2,1
SF,IH2001,2019-11-25 09:30:09.200,2926.0000,846,0,2633280.000,0,-,-,-,-,2926.8000,2926.2000,2926.0000,2925.6000,2925.4000,2927.4000,2927.6000,2928.4000,2928.6000,2929.0000,1,1,5,1,5,1,1,1,2,1
SF,IH2001,2019-11-25 09:30:09.700,2926.6000,846,0,3511260.000,1,0,1,多换,S,2926.2000,2926.0000,2925.6000,2925.4000,2925.2000,2928.4000,2928.6000,2929.0000,2930.0000,2933.6000,1,5,1,5,1,1,2,1,1,5
SF,IH2001,2019-11-25 09:30:10.200,2926.6000,846,0,3511260.000,0,-,-,-,-,2926.4000,2926.2000,2926.0000,2925.6000,2925.4000,2928.4000,2928.6000,2929.0000,2930.0000,2933.6000,4,1,5,1,5,1,2,1,1,5
SF,IH2001,2019-11-25 09:30:10.700,2926.6000,846,0,3511260.000,0,-,-,-,-,2926.4000,2926.2000,2926.0000,2925.6000,2925.4000,2928.0000,2928.4000,2928.6000,2929.0000,2930.0000,5,1,5,1,4,1,1,2,1,1
SF,IH2001,2019-11-25 09:30:11.700,2926.6000,846,0,3511260.000,0,-,-,-,-,2926.4000,2926.2000,2926.0000,2925.6000,2925.4000,2928.0000,2928.4000,2928.6000,2929.0000,2930.0000,5,1,5,1,4,1,1,2,1,1
SF,IH2001,2019-11-25 09:30:13.200,2926.4000,846,0,5267100.000,2,1,1,多换,S,2926.2000,2926.0000,2925.6000,2925.4000,2925.2000,2928.0000,2928.4000,2928.6000,2929.0000,2930.0000,1,5,1,4,2,1,1,2,1,1
SF,IH2001,2019-11-25 09:30:13.700,2926.4000,846,0,5267100.000,0,-,-,-,-,2926.0000,2925.6000,2925.4000,2925.2000,2918.4000,2928.0000,2928.4000,2928.6000,2929.0000,2930.0000,5,1,4,2,5,1,1,2,1,1
SF,IH2001,2019-11-25 09:30:14.200,2926.4000,846,0,5267100.000,0,-,-,-,-,2926.2000,2925.6000,2925.4000,2925.2000,2918.4000,2928.0000,2928.4000,2928.6000,2929.0000,2930.0000,4,1,4,2,5,1,1,2,1,1
SF,IH2001,2019-11-25 09:30:14.700,2926.4000,846,0,5267100.000,0,-,-,-,-,2926.2000,2926.0000,2925.6000,2925.4000,2925.2000,2928.0000,2928.4000,2928.6000,2929.0000,2930.0000,4,1,1,4,2,1,1,2,1,1
SF,IH2001,2019-11-25 09:30:16.200,2926.4000,846,0,5267100.000,0,-,-,-,-,2926.4000,2926.2000,2926.0000,2925.6000,2925.4000,2928.0000,2928.4000,2928.6000,2929.0000,2930.0000,1,4,1,1,4,1,1,2,1,1
SF,IH2001,2019-11-25 09:30:16.700,2926.4000,847,1,6145020.000,1,1,0,双开,S,2926.4000,2926.2000,2926.0000,2925.6000,2925.4000,2928.0000,2928.4000,2928.6000,2929.0000,2930.0000,1,4,1,1,4,1,1,2,1,1
SF,IH2001,2019-11-25 09:30:17.200,2926.4000,847,0,6145020.000,0,-,-,-,-,2926.4000,2926.2000,2925.6000,2925.4000,2925.2000,2928.0000,2928.4000,2928.6000,2929.0000,2930.0000,1,4,1,4,1,1,1,2,1,1
SF,IH2001,2019-11-25 09:30:17.700,2926.4000,847,0,6145020.000,0,-,-,-,-,2926.2000,2925.6000,2925.4000,2925.2000,2918.4000,2928.0000,2928.4000,2928.6000,2929.0000,2930.0000,4,1,4,1,5,1,1,2,1,1
SF,IH2001,2019-11-25 09:30:18.200,2926.4000,847,0,6145020.000,0,-,-,-,-,2926.6000,2926.4000,2926.2000,2926.0000,2925.6000,2928.0000,2928.4000,2928.6000,2929.0000,2930.0000,3,3,4,1,1,1,1,2,1,1
SF,IH2001,2019-11-25 09:30:18.700,2926.4000,847,0,6145020.000,0,-,-,-,-,2925.6000,2925.4000,2925.2000,2918.4000,2899.4000,2928.0000,2928.4000,2928.6000,2929.0000,2930.0000,1,4,1,5,4,1,1,2,1,1
SF,IH2001,2019-11-25 09:30:19.200,2926.4000,847,0,6145020.000,0,-,-,-,-,2925.8000,2925.6000,2925.4000,2925.2000,2918.4000,2928.0000,2928.4000,2928.6000,2929.0000,2930.0000,4,1,4,1,5,1,1,2,1,1
SF,IH2001,2019-11-25 09:30:19.700,2926.4000,847,0,6145020.000,0,-,-,-,-,2925.8000,2925.6000,2925.4000,2925.2000,2918.4000,2928.0000,2928.4000,2928.6000,2929.0000,2930.0000,4,1,4,1,5,1,1,2,1,1
SF,IH2001,2019-11-25 09:30:20.200,2926.4000,847,0,6145020.000,0,-,-,-,-,2925.8000,2925.6000,2925.4000,2925.2000,2918.4000,2928.0000,2928.4000,2928.6000,2929.0000,2930.0000,4,1,4,1,5,1,1,2,1,1
SF,IH2001,2019-11-25 09:30:20.700,2926.4000,847,0,6145020.000,0,-,-,-,-,2926.2000,2925.8000,2925.6000,2925.4000,2925.2000,2927.8000,2928.0000,2928.4000,2928.6000,2929.0000,1,4,1,4,1,1,1,1,2,1
SF,IH2001,2019-11-25 09:30:21.200,2926.4000,847,0,6145020.000,0,-,-,-,-,2925.8000,2925.6000,2925.4000,2925.2000,2918.4000,2927.8000,2928.0000,2928.4000,2928.6000,2929.0000,4,1,4,1,5,1,1,1,2,1
SF,IH2001,2019-11-25 09:30:21.700,2926.4000,847,0,6145020.000,0,-,-,-,-,2926.0000,2925.8000,2925.6000,2925.4000,2925.2000,2927.8000,2928.0000,2928.4000,2928.6000,2929.0000,1,4,1,4,1,1,1,1,2,1
SF,IH2001,2019-11-25 09:30:22.200,2926.4000,847,0,6145020.000,0,-,-,-,-,2926.2000,2926.0000,2925.8000,2925.6000,2925.4000,2927.8000,2928.0000,2928.4000,2928.6000,2929.0000,2,1,4,1,4,1,1,1,2,1
SF,IH2001,2019-11-25 09:30:22.700,2926.4000,847,0,6145020.000,0,-,-,-,-,2926.2000,2926.0000,2925.8000,2925.6000,2925.4000,2927.8000,2928.0000,2928.4000,2928.6000,2929.0000,2,1,4,1,4,1,1,1,2,1
SF,IH2001,2019-11-25 09:30:23.200,2926.4000,847,0,6145020.000,0,-,-,-,-,2926.2000,2926.0000,2925.8000,2925.6000,2925.4000,2927.6000,2927.8000,2928.4000,2928.6000,2929.0000,2,1,4,1,4,1,1,1,2,1
SF,IH2001,2019-11-25 09:30:23.700,2927.6000,846,-1,7023300.000,1,0,1,双平,S,2927.6000,2926.2000,2926.0000,2925.8000,2925.6000,2927.8000,2928.4000,2928.6000,2929.0000,2930.0000,1,2,2,4,1,1,1,2,1,1
SF,IH2001,2019-11-25 09:30:24.200,2927.6000,846,0,7901580.000,1,0,1,多换,S,2926.4000,2926.2000,2926.0000,2925.8000,2925.6000,2927.8000,2928.4000,2928.6000,2929.0000,2930.0000,1,2,1,4,1,1,1,2,1,1
SF,IH2001,2019-11-25 09:30:24.700,2927.6000,846,0,7901580.000,0,-,-,-,-,2926.4000,2926.2000,2925.8000,2925.6000,2925.4000,2927.4000,2927.8000,2928.4000,2928.6000,2929.0000,1,2,4,1,4,1,1,1,2,1
SF,IH2001,2019-11-25 09:30:25.200,2927.6000,846,0,7901580.000,0,-,-,-,-,2926.2000,2925.8000,2925.6000,2925.4000,2925.2000,2927.4000,2927.8000,2928.4000,2928.6000,2929.0000,2,4,1,4,1,1,1,1,2,1
SF,IH2001,2019-11-25 09:30:25.700,2927.6000,846,0,7901580.000,0,-,-,-,-,2926.2000,2926.0000,2925.8000,2925.6000,2925.4000,2927.4000,2927.8000,2928.4000,2928.6000,2929.0000,2,1,4,1,4,1,1,1,2,1
SF,IH2001,2019-11-25 09:30:26.200,2927.6000,846,0,7901580.000,0,-,-,-,-,2926.4000,2926.2000,2926.0000,2925.8000,2925.6000,2927.4000,2927.8000,2928.6000,2929.0000,2930.0000,2,2,1,4,1,1,1,2,1,1
SF,IH2001,2019-11-25 09:30:26.700,2927.6000,846,0,7901580.000,0,-,-,-,-,2926.6000,2926.4000,2926.2000,2926.0000,2925.8000,2927.4000,2927.8000,2928.6000,2929.0000,2930.0000,3,2,2,1,4,1,1,2,1,1
SF,IH2001,2019-11-25 09:30:27.200,2927.6000,846,0,7901580.000,0,-,-,-,-,2926.6000,2926.4000,2926.2000,2926.0000,2925.8000,2927.4000,2927.8000,2928.6000,2929.0000,2930.0000,3,1,2,1,4,1,1,2,1,1
SF,IH2001,2019-11-25 09:30:27.700,2927.6000,846,0,7901580.000,0,-,-,-,-,2926.6000,2926.4000,2926.2000,2926.0000,2925.8000,2927.4000,2927.8000,2928.6000,2929.0000,2930.0000,3,1,2,1,4,1,1,2,1,1
SF,IH2001,2019-11-25 09:30:28.200,2927.6000,846,0,7901580.000,0,-,-,-,-,2926.8000,2926.6000,2926.2000,2926.0000,2925.8000,2927.4000,2927.8000,2928.6000,2929.0000,2930.0000,1,3,2,1,4,1,1,2,1,1
SF,IH2001,2019-11-25 09:30:28.700,2927.6000,846,0,7901580.000,0,-,-,-,-,2926.8000,2926.6000,2926.2000,2926.0000,2925.8000,2927.8000,2928.6000,2929.0000,2930.0000,2933.6000,1,3,2,1,4,1,2,1,1,5
SF,IH2001,2019-11-25 09:30:29.200,2927.6000,846,0,7901580.000,0,-,-,-,-,2926.8000,2926.6000,2926.2000,2926.0000,2925.8000,2927.8000,2928.6000,2929.0000,2930.0000,2933.6000,1,3,2,1,4,1,2,1,1,5
SF,IH2001,2019-11-25 09:30:29.700,2927.6000,846,0,7901580.000,0,-,-,-,-,2927.0000,2926.8000,2926.6000,2926.2000,2926.0000,2927.8000,2928.6000,2929.0000,2930.0000,2933.6000,1,1,3,2,1,1,2,1,1,5
SF,IH2001,2019-11-25 09:30:30.200,2927.8000,847,1,8779920.000,1,1,0,双开,S,2927.0000,2926.8000,2926.6000,2926.2000,2926.0000,2928.6000,2930.0000,2933.6000,2934.0000,2935.0000,1,1,3,2,1,2,1,5,1,1
SF,IH2001,2019-11-25 09:30:30.700,2927.8000,847,0,8779920.000,0,-,-,-,-,2927.0000,2926.8000,2926.6000,2926.2000,2926.0000,2928.6000,2930.0000,2933.6000,2934.0000,2935.0000,1,1,3,2,1,2,1,5,1,1
SF,IH2001,2019-11-25 09:30:31.200,2927.8000,847,0,8779920.000,0,-,-,-,-,2927.0000,2926.8000,2926.6000,2926.2000,2926.0000,2928.6000,2930.0000,2933.6000,2934.0000,2935.0000,1,1,3,2,1,2,1,5,1,1
SF,IH2001,2019-11-25 09:30:31.700,2927.8000,847,0,8779920.000,0,-,-,-,-,2927.0000,2926.8000,2926.6000,2926.2000,2926.0000,2928.6000,2930.0000,2933.6000,2934.0000,2935.0000,1,1,3,2,1,2,1,5,1,1
SF,IH2001,2019-11-25 09:30:32.200,2927.8000,847,0,8779920.000,0,-,-,-,-,2927.0000,2926.8000,2926.6000,2926.2000,2926.0000,2928.6000,2930.0000,2933.6000,2934.0000,2935.0000,1,1,3,2,1,2,1,5,1,1
SF,IH2001,2019-11-25 09:30:32.700,2927.8000,847,0,8779920.000,0,-,-,-,-,2927.0000,2926.8000,2926.6000,2926.2000,2926.0000,2928.6000,2930.0000,2933.6000,2934.0000,2935.0000,1,1,3,2,1,2,1,5,1,1
SF,IH2001,2019-11-25 09:30:33.200,2927.8000,847,0,8779920.000,0,-,-,-,-,2927.0000,2926.8000,2926.6000,2926.2000,2926.0000,2928.6000,2930.0000,2933.6000,2934.0000,2935.0000,1,1,3,2,1,2,1,5,1,1
SF,IH2001,2019-11-25 09:30:33.700,2928.6000,847,0,9658500.000,1,0,1,多换,S,2927.0000,2926.8000,2926.6000,2926.2000,2926.0000,2928.6000,2930.0000,2933.6000,2934.0000,2935.0000,1,1,3,2,1,1,1,5,1,1
SF,IH2001,2019-11-25 09:30:34.200,2928.6000,847,0,9658500.000,0,-,-,-,-,2927.0000,2926.8000,2926.6000,2926.2000,2926.0000,2928.6000,2930.0000,2933.6000,2934.0000,2935.0000,1,1,3,2,1,1,1,5,1,1
SF,IH2001,2019-11-25 09:30:34.700,2928.6000,848,1,10537080.000,1,1,0,双开,S,2928.8000,2927.6000,2927.4000,2927.2000,2926.6000,2930.0000,2933.6000,2934.0000,2935.0000,2947.2000,1,1,1,1,3,1,5,1,1,1
SF,IH2001,2019-11-25 09:30:35.200,2928.6000,848,0,10537080.000,0,-,-,-,-,2927.4000,2927.2000,2926.6000,2926.2000,2926.0000,2929.8000,2930.0000,2933.6000,2934.0000,2935.0000,1,2,3,2,1,1,1,5,1,1
SF,IH2001,2019-11-25 09:30:35.700,2928.6000,848,0,10537080.000,0,-,-,-,-,2927.6000,2927.4000,2927.2000,2926.6000,2926.2000,2929.8000,2930.0000,2933.6000,2934.0000,2935.0000,2,1,2,3,2,1,1,5,1,1
SF,IH2001,2019-11-25 09:30:38.700,2928.6000,848,0,10537080.000,0,-,-,-,-,2927.6000,2927.2000,2926.6000,2926.2000,2926.0000,2929.4000,2929.8000,2930.0000,2933.6000,2934.0000,2,2,3,2,1,1,1,1,5,1
SF,IH2001,2019-11-25 09:30:39.200,2928.6000,848,0,10537080.000,0,-,-,-,-,2927.6000,2927.2000,2926.6000,2926.2000,2926.0000,2929.2000,2929.4000,2930.0000,2933.6000,2934.0000,2,2,3,2,1,1,1,1,5,1
SF,IH2001,2019-11-25 09:30:39.700,2928.6000,848,0,10537080.000,0,-,-,-,-,2927.6000,2927.2000,2926.6000,2926.2000,2926.0000,2929.2000,2929.4000,2930.0000,2933.6000,2934.0000,2,2,3,2,1,1,3,1,5,1
SF,IH2001,2019-11-25 09:30:42.200,2928.6000,848,0,10537080.000,0,-,-,-,-,2927.8000,2927.6000,2927.2000,2926.6000,2926.2000,2929.2000,2929.4000,2930.0000,2933.6000,2934.0000,1,2,2,3,2,1,3,1,5,1
SF,IH2001,2019-11-25 09:30:42.700,2928.6000,848,0,10537080.000,0,-,-,-,-,2928.0000,2927.8000,2927.6000,2927.2000,2926.6000,2929.4000,2930.0000,2933.6000,2934.0000,2935.0000,3,1,2,2,3,3,1,5,1,1
SF,IH2001,2019-11-25 09:30:43.200,2928.6000,848,0,10537080.000,0,-,-,-,-,2927.8000,2927.6000,2927.2000,2926.6000,2926.2000,2929.4000,2930.0000,2933.6000,2934.0000,2935.0000,1,2,2,3,2,3,1,5,1,1
SF,IH2001,2019-11-25 09:30:43.700,2928.6000,848,0,10537080.000,0,-,-,-,-,2928.0000,2927.6000,2927.2000,2926.6000,2926.2000,2929.4000,2930.0000,2933.6000,2934.0000,2935.0000,2,2,2,3,2,3,1,5,1,1
SF,IH2001,2019-11-25 09:30:55.700,2928.6000,848,0,10537080.000,0,-,-,-,-,2928.2000,2928.0000,2927.6000,2927.2000,2926.6000,2929.4000,2930.0000,2933.6000,2934.0000,2935.0000,1,2,2,2,3,3,1,5,1,1
SF,IH2001,2019-11-25 09:30:56.200,2928.6000,848,0,10537080.000,0,-,-,-,-,2928.4000,2928.2000,2928.0000,2927.6000,2927.2000,2929.4000,2930.0000,2933.6000,2934.0000,2935.0000,2,1,2,2,2,3,1,5,1,1
SF,IH2001,2019-11-25 09:30:59.700,2928.6000,848,0,10537080.000,0,-,-,-,-,2928.4000,2928.2000,2928.0000,2927.6000,2927.2000,2929.4000,2930.0000,2931.0000,2933.6000,2934.0000,2,1,2,2,2,3,1,1,5,1
SF,IH2001,2019-11-25 09:31:00.700,2928.6000,848,0,10537080.000,0,-,-,-,-,2928.4000,2928.2000,2928.0000,2927.6000,2927.2000,2929.4000,2930.0000,2931.0000,2934.0000,2935.0000,2,1,2,2,2,3,1,1,1,1
SF,IH2001,2019-11-25 09:31:01.200,2928.6000,848,0,10537080.000,0,-,-,-,-,2928.4000,2928.2000,2928.0000,2927.6000,2927.2000,2929.4000,2930.0000,2931.0000,2934.0000,2935.0000,2,1,2,2,2,3,1,1,1,1
SF,IH2001,2019-11-25 09:31:01.700,2928.6000,848,0,10537080.000,0,-,-,-,-,2928.4000,2928.2000,2928.0000,2927.6000,2927.2000,2929.4000,2930.0000,2931.0000,2934.0000,2935.0000,2,1,2,2,2,3,1,1,1,1
SF,IH2001,2019-11-25 09:31:02.700,2929.4000,848,0,13173540.000,3,1,2,多换,S,2928.4000,2928.2000,2928.0000,2927.6000,2927.2000,2930.0000,2931.0000,2934.0000,2935.0000,2937.4000,2,1,2,2,2,1,1,1,1,5
SF,IH2001,2019-11-25 09:31:03.200,2929.4000,848,0,13173540.000,0,-,-,-,-,2929.4000,2928.4000,2928.0000,2927.6000,2927.2000,2930.0000,2931.0000,2934.0000,2935.0000,2937.4000,1,2,2,2,2,1,1,1,1,5
SF,IH2001,2019-11-25 09:31:04.700,2929.4000,848,0,13173540.000,0,-,-,-,-,2928.4000,2928.0000,2927.6000,2927.2000,2926.6000,2930.0000,2931.0000,2934.0000,2935.0000,2937.4000,2,2,2,2,3,1,1,1,1,5
SF,IH2001,2019-11-25 09:31:05.200,2929.4000,848,0,13173540.000,0,-,-,-,-,2928.4000,2928.0000,2927.6000,2927.2000,2926.6000,2930.0000,2931.0000,2934.0000,2935.0000,2937.4000,2,2,2,2,3,1,1,1,1,5
SF,IH2001,2019-11-25 09:31:08.700,2929.4000,848,0,13173540.000,0,-,-,-,-,2929.4000,2928.6000,2928.4000,2928.0000,2927.6000,2930.0000,2931.0000,2934.0000,2935.0000,2937.4000,1,1,2,2,2,1,1,1,1,5
SF,IH2001,2019-11-25 09:31:09.200,2929.4000,848,0,13173540.000,0,-,-,-,-,2929.4000,2928.4000,2928.0000,2927.6000,2927.2000,2930.0000,2931.0000,2934.0000,2935.0000,2937.4000,1,2,2,2,2,1,1,1,1,5
SF,IH2001,2019-11-25 09:31:10.200,2930.0000,847,-1,14052540.000,1,0,1,双平,S,2929.4000,2928.4000,2928.0000,2927.6000,2927.2000,2931.0000,2934.0000,2935.0000,2937.4000,2947.2000,1,2,2,2,2,1,1,1,5,1
SF,IH2001,2019-11-25 09:31:10.700,2930.0000,847,0,14052540.000,0,-,-,-,-,2929.4000,2928.4000,2928.0000,2927.6000,2927.2000,2930.8000,2931.0000,2934.0000,2935.0000,2937.4000,1,2,2,2,2,2,1,1,1,5
SF,IH2001,2019-11-25 09:31:11.700,2930.0000,847,0,14052540.000,0,-,-,-,-,2929.6000,2929.4000,2928.4000,2928.0000,2927.6000,2930.8000,2931.0000,2934.0000,2935.0000,2937.4000,2,1,2,2,2,1,1,1,1,5
SF,IH2001,2019-11-25 09:31:12.200,2930.0000,847,0,14052540.000,0,-,-,-,-,2929.4000,2928.4000,2928.0000,2927.6000,2927.2000,2930.8000,2931.0000,2934.0000,2935.0000,2937.4000,1,2,2,2,2,1,1,1,1,5
SF,IH2001,2019-11-25 09:31:12.700,2929.4000,847,0,14931360.000,1,0,1,多换,S,2928.4000,2928.0000,2927.6000,2927.2000,2926.6000,2930.6000,2930.8000,2931.0000,2934.0000,2935.0000,2,2,2,2,3,1,1,1,1,1
SF,IH2001,2019-11-25 09:31:13.200,2929.4000,847,0,14931360.000,0,-,-,-,-,2928.4000,2928.0000,2927.6000,2927.2000,2926.6000,2930.6000,2931.0000,2934.0000,2935.0000,2937.4000,2,2,2,2,3,1,1,1,1,5
SF,IH2001,2019-11-25 09:31:13.700,2929.4000,847,0,14931360.000,0,-,-,-,-,2928.6000,2928.4000,2928.0000,2927.6000,2927.2000,2931.0000,2934.0000,2935.0000,2937.4000,2947.2000,2,2,2,2,2,1,1,1,5,1
SF,IH2001,2019-11-25 09:31:14.200,2929.4000,847,0,14931360.000,0,-,-,-,-,2928.6000,2928.4000,2928.0000,2927.6000,2927.2000,2930.8000,2931.0000,2934.0000,2935.0000,2937.4000,2,2,2,2,2,2,1,1,1,5
SF,IH2001,2019-11-25 09:31:14.700,2929.4000,847,0,14931360.000,0,-,-,-,-,2928.4000,2928.0000,2927.6000,2927.2000,2926.6000,2930.8000,2931.0000,2934.0000,2935.0000,2937.4000,2,2,2,2,3,2,1,1,1,5
SF,IH2001,2019-11-25 09:31:15.200,2929.4000,847,0,14931360.000,0,-,-,-,-,2928.6000,2928.4000,2928.0000,2927.6000,2927.2000,2930.8000,2931.0000,2934.0000,2935.0000,2937.4000,1,2,2,2,2,2,1,1,1,5
SF,IH2001,2019-11-25 09:31:15.700,2929.4000,847,0,14931360.000,0,-,-,-,-,2928.0000,2927.6000,2927.2000,2926.6000,2926.2000,2928.6000,2930.6000,2930.8000,2931.0000,2934.0000,2,2,2,3,2,2,2,2,1,1
SF,IH2001,2019-11-25 09:31:16.200,2928.6000,846,-1,15809940.000,1,0,1,双平,S,2928.2000,2928.0000,2927.6000,2927.2000,2926.6000,2928.6000,2930.6000,2930.8000,2931.0000,2934.0000,1,2,2,2,3,1,2,1,1,1
SF,IH2001,2019-11-25 09:31:16.700,2928.6000,846,0,15809940.000,0,-,-,-,-,2928.0000,2927.6000,2927.2000,2926.6000,2926.2000,2928.6000,2930.6000,2930.8000,2931.0000,2934.0000,2,2,2,3,2,1,2,1,1,1
SF,IH2001,2019-11-25 09:31:17.200,2928.6000,845,-1,16688520.000,1,0,1,双平,S,2928.6000,2928.4000,2928.2000,2928.0000,2927.6000,2930.8000,2931.0000,2934.0000,2935.0000,2937.4000,2,2,2,2,2,1,1,1,1,5
SF,IH2001,2019-11-25 09:31:17.700,2928.6000,845,0,16688520.000,0,-,-,-,-,2928.0000,2927.6000,2927.2000,2926.6000,2926.2000,2930.6000,2930.8000,2931.0000,2934.0000,2935.0000,2,2,2,3,2,3,1,1,1,1
SF,IH2001,2019-11-25 09:31:18.200,2928.6000,845,0,16688520.000,0,-,-,-,-,2928.2000,2928.0000,2927.6000,2927.2000,2926.6000,2930.4000,2930.6000,2930.8000,2931.0000,2934.0000,3,2,2,2,3,1,1,1,1,1
SF,IH2001,2019-11-25 09:31:18.700,2928.6000,845,0,16688520.000,0,-,-,-,-,2928.2000,2928.0000,2927.6000,2927.2000,2926.6000,2930.4000,2930.8000,2931.0000,2934.0000,2935.0000,1,2,2,2,3,5,1,1,1,1
SF,IH2001,2019-11-25 09:31:19.200,2928.6000,845,0,16688520.000,0,-,-,-,-,2928.2000,2928.0000,2927.6000,2927.2000,2926.6000,2930.8000,2931.0000,2934.0000,2935.0000,2937.4000,1,2,2,2,3,1,1,1,1,5
SF,IH2001,2019-11-25 09:31:19.700,2928.6000,845,0,16688520.000,0,-,-,-,-,2928.4000,2928.2000,2928.0000,2927.6000,2927.2000,2930.2000,2930.6000,2930.8000,2931.0000,2934.0000,1,1,2,2,2,1,1,1,1,1
SF,IH2001,2019-11-25 09:31:20.200,2928.6000,845,0,16688520.000,0,-,-,-,-,2928.0000,2927.6000,2927.2000,2926.6000,2926.2000,2930.2000,2930.6000,2930.8000,2931.0000,2934.0000,2,2,2,3,2,1,2,1,1,1
SF,IH2001,2019-11-25 09:31:20.700,2928.6000,845,0,16688520.000,0,-,-,-,-,2928.2000,2928.0000,2927.6000,2927.2000,2926.6000,2930.2000,2930.6000,2930.8000,2931.0000,2934.0000,3,2,2,2,3,1,2,1,1,1
SF,IH2001,2019-11-25 09:31:21.200,2928.6000,845,0,16688520.000,0,-,-,-,-,2928.2000,2928.0000,2927.6000,2927.2000,2926.6000,2930.2000,2930.8000,2931.0000,2934.0000,2935.0000,3,2,2,2,3,1,1,1,1,1
SF,IH2001,2019-11-25 09:31:22.200,2928.6000,845,0,16688520.000,0,-,-,-,-,2927.6000,2927.2000,2926.6000,2926.2000,2926.0000,2930.2000,2930.8000,2931.0000,2934.0000,2935.0000,2,2,3,2,1,1,1,1,1,1
SF,IH2001,2019-11-25 09:31:22.700,2928.6000,845,0,16688520.000,0,-,-,-,-,2927.8000,2927.6000,2927.2000,2926.6000,2926.2000,2930.2000,2930.8000,2931.0000,2934.0000,2935.0000,2,2,2,3,2,1,1,1,1,1
SF,IH2001,2019-11-25 09:31:24.700,2928.6000,845,0,16688520.000,0,-,-,-,-,2927.8000,2927.6000,2927.2000,2926.6000,2926.2000,2930.0000,2930.2000,2930.8000,2931.0000,2934.0000,2,2,2,3,2,1,1,1,1,1
SF,IH2001,2019-11-25 09:31:25.200,2928.6000,845,0,16688520.000,0,-,-,-,-,2927.8000,2927.6000,2927.2000,2926.6000,2926.2000,2929.0000,2929.8000,2930.2000,2931.0000,2934.0000,2,2,2,3,2,1,1,1,1,1
SF,IH2001,2019-11-25 09:31:25.700,2928.6000,845,0,16688520.000,0,-,-,-,-,2927.2000,2926.6000,2926.2000,2926.0000,2925.8000,2929.0000,2929.8000,2930.2000,2931.0000,2934.0000,2,3,2,1,4,1,1,1,1,1
SF,IH2001,2019-11-25 09:31:26.200,2928.6000,845,0,16688520.000,0,-,-,-,-,2927.4000,2927.2000,2926.6000,2926.2000,2926.0000,2929.0000,2929.8000,2930.2000,2931.0000,2934.0000,2,2,3,2,1,1,1,1,1,1
SF,IH2001,2019-11-25 09:31:26.700,2928.6000,845,0,16688520.000,0,-,-,-,-,2927.4000,2927.2000,2926.6000,2926.2000,2926.0000,2929.0000,2929.8000,2930.2000,2931.0000,2934.0000,2,2,3,2,1,1,1,1,1,1
SF,IH2001,2019-11-25 09:31:27.200,2928.6000,845,0,16688520.000,0,-,-,-,-,2927.2000,2926.6000,2926.2000,2926.0000,2925.8000,2929.0000,2929.8000,2930.2000,2931.0000,2934.0000,2,3,2,1,4,1,1,1,1,1
SF,IH2001,2019-11-25 09:31:27.700,2928.6000,845,0,16688520.000,0,-,-,-,-,2926.6000,2926.2000,2926.0000,2925.8000,2925.6000,2928.8000,2929.0000,2929.8000,2931.0000,2934.0000,3,2,1,4,1,1,1,1,1,1
SF,IH2001,2019-11-25 09:31:28.200,2928.6000,845,0,16688520.000,0,-,-,-,-,2926.8000,2926.6000,2926.2000,2926.0000,2925.8000,2928.8000,2929.8000,2931.0000,2934.0000,2935.0000,3,3,2,1,4,1,1,1,1,1
SF,IH2001,2019-11-25 09:31:28.700,2928.6000,845,0,16688520.000,0,-,-,-,-,2926.6000,2926.2000,2926.0000,2925.8000,2925.6000,2928.6000,2928.8000,2929.8000,2931.0000,2934.0000,3,2,1,4,1,1,1,1,1,1
SF,IH2001,2019-11-25 09:31:29.200,2928.6000,845,0,16688520.000,0,-,-,-,-,2927.0000,2926.8000,2926.6000,2926.2000,2926.0000,2928.6000,2928.8000,2929.8000,2931.0000,2934.0000,1,1,3,2,1,1,1,1,1,1
SF,IH2001,2019-11-25 09:31:30.200,2928.6000,845,0,16688520.000,0,-,-,-,-,2927.0000,2926.8000,2926.6000,2926.2000,2926.0000,2928.6000,2929.8000,2931.0000,2934.0000,2935.0000,1,1,3,2,1,1,1,1,1,1
SF,IH2001,2019-11-25 09:31:36.200,2927.0000,846,1,17566620.000,1,1,0,双开,S,2926.8000,2926.6000,2926.2000,2926.0000,2925.8000,2928.6000,2929.8000,2931.0000,2934.0000,2935.0000,1,3,2,1,4,1,1,1,1,1
SF,IH2001,2019-11-25 09:31:36.700,2927.0000,846,0,17566620.000,0,-,-,-,-,2927.2000,2927.0000,2926.8000,2926.6000,2926.2000,2928.6000,2929.8000,2931.0000,2934.0000,2935.0000,1,1,1,3,2,1,1,1,1,1
SF,IH2001,2019-11-25 09:31:37.700,2927.0000,846,0,17566620.000,0,-,-,-,-,2927.2000,2927.0000,2926.8000,2926.6000,2926.2000,2928.6000,2929.8000,2931.0000,2934.0000,2935.0000,1,1,1,3,2,2,1,1,1,1
SF,IH2001,2019-11-25 09:31:38.200,2927.0000,846,0,17566620.000,0,-,-,-,-,2927.0000,2926.8000,2926.6000,2926.2000,2926.0000,2928.6000,2929.8000,2931.0000,2934.0000,2935.0000,1,1,3,2,1,2,1,1,1,1
SF,IH2001,2019-11-25 09:31:38.700,2927.0000,846,0,17566620.000,0,-,-,-,-,2926.6000,2926.2000,2926.0000,2925.8000,2925.6000,2928.4000,2928.6000,2929.8000,2931.0000,2934.0000,3,2,1,4,1,1,2,1,1,1
SF,IH2001,2019-11-25 09:31:39.200,2927.0000,846,0,17566620.000,0,-,-,-,-,2926.8000,2926.6000,2926.2000,2926.0000,2925.8000,2928.4000,2928.6000,2929.8000,2931.0000,2934.0000,1,3,2,1,4,1,1,1,1,1
SF,IH2001,2019-11-25 09:31:39.700,2927.0000,846,0,17566620.000,0,-,-,-,-,2926.8000,2926.6000,2926.2000,2926.0000,2925.8000,2928.2000,2928.4000,2928.6000,2929.8000,2931.0000,1,3,2,1,4,1,1,1,1,1
SF,IH2001,2019-11-25 09:31:45.200,2927.0000,846,0,17566620.000,0,-,-,-,-,2926.6000,2926.2000,2926.0000,2925.8000,2925.6000,2928.2000,2928.4000,2928.6000,2929.8000,2931.0000,3,2,1,4,1,1,1,1,1,1
SF,IH2001,2019-11-25 09:31:45.700,2927.0000,846,0,17566620.000,0,-,-,-,-,2927.0000,2926.8000,2926.6000,2926.2000,2926.0000,2928.2000,2928.6000,2929.8000,2931.0000,2934.0000,2,2,3,2,1,1,1,1,1,1
SF,IH2001,2019-11-25 09:31:46.200,2927.0000,846,0,17566620.000,0,-,-,-,-,2926.6000,2926.2000,2926.0000,2925.8000,2925.6000,2928.2000,2928.6000,2929.8000,2931.0000,2934.0000,3,2,1,4,1,1,1,1,1,1
SF,IH2001,2019-11-25 09:31:47.200,2927.0000,846,0,17566620.000,0,-,-,-,-,2926.2000,2925.8000,2925.6000,2925.4000,2925.2000,2928.0000,2928.2000,2928.6000,2929.8000,2931.0000,2,4,1,4,1,1,1,1,1,1
SF,IH2001,2019-11-25 09:31:47.700,2927.0000,846,0,17566620.000,0,-,-,-,-,2926.2000,2925.8000,2925.6000,2925.4000,2925.2000,2928.0000,2928.6000,2929.8000,2931.0000,2934.0000,2,4,1,4,1,1,1,1,1,1
SF,IH2001,2019-11-25 09:31:48.200,2927.0000,846,0,17566620.000,0,-,-,-,-,2925.8000,2925.6000,2925.4000,2925.2000,2918.4000,2927.8000,2928.0000,2928.6000,2929.8000,2931.0000,4,1,4,1,5,1,1,1,1,1
SF,IH2001,2019-11-25 09:31:48.700,2927.0000,846,0,17566620.000,0,-,-,-,-,2926.0000,2925.8000,2925.6000,2925.4000,2925.2000,2927.6000,2927.8000,2928.0000,2928.6000,2931.0000,1,4,1,4,1,1,1,1,1,1
SF,IH2001,2019-11-25 09:31:49.200,2927.0000,846,0,17566620.000,0,-,-,-,-,2926.0000,2925.8000,2925.6000,2925.4000,2925.2000,2928.0000,2928.6000,2931.0000,2934.0000,2935.0000,1,4,1,4,1,1,1,1,1,1
SF,IH2001,2019-11-25 09:31:49.700,2927.0000,846,0,17566620.000,0,-,-,-,-,2926.2000,2926.0000,2925.8000,2925.6000,2925.4000,2927.8000,2928.0000,2928.6000,2931.0000,2934.0000,1,2,4,1,4,1,2,1,1,1
SF,IH2001,2019-11-25 09:31:50.200,2927.0000,846,0,17566620.000,0,-,-,-,-,2926.4000,2926.2000,2926.0000,2925.8000,2925.6000,2927.8000,2928.0000,2928.6000,2931.0000,2934.0000,1,1,2,4,1,1,2,1,1,1
SF,IH2001,2019-11-25 09:31:51.200,2927.0000,846,0,17566620.000,0,-,-,-,-,2926.2000,2926.0000,2925.8000,2925.6000,2925.4000,2927.8000,2928.0000,2928.6000,2931.0000,2934.0000,1,1,4,1,4,1,2,1,1,1
SF,IH2001,2019-11-25 09:31:51.700,2927.0000,846,0,17566620.000,0,-,-,-,-,2926.4000,2926.2000,2926.0000,2925.8000,2925.6000,2927.8000,2928.0000,2928.6000,2931.0000,2934.0000,1,1,2,4,1,1,2,1,1,1
SF,IH2001,2019-11-25 09:31:53.200,2927.0000,846,0,17566620.000,0,-,-,-,-,2926.2000,2926.0000,2925.8000,2925.6000,2925.4000,2927.8000,2928.0000,2928.6000,2931.0000,2934.0000,1,1,4,1,4,1,2,1,1,1
SF,IH2001,2019-11-25 09:31:53.700,2927.0000,846,0,17566620.000,0,-,-,-,-,2926.4000,2926.2000,2926.0000,2925.8000,2925.6000,2927.8000,2928.0000,2928.6000,2931.0000,2934.0000,1,1,2,4,1,1,2,1,1,1
SF,IH2001,2019-11-25 09:31:55.200,2927.0000,846,0,17566620.000,0,-,-,-,-,2926.4000,2926.2000,2926.0000,2925.8000,2925.6000,2927.8000,2928.0000,2928.6000,2931.0000,2934.0000,1,1,2,4,1,1,1,1,1,1
SF,IH2001,2019-11-25 09:31:56.700,2927.0000,846,0,17566620.000,0,-,-,-,-,2926.4000,2926.0000,2925.8000,2925.6000,2925.4000,2927.8000,2928.0000,2928.6000,2931.0000,2934.0000,1,2,4,1,4,1,1,1,1,1
SF,IH2001,2019-11-25 09:31:58.200,2926.4000,847,1,18444540.000,1,1,0,双开,S,2926.0000,2925.8000,2925.6000,2925.4000,2925.2000,2926.4000,2927.8000,2928.0000,2928.6000,2931.0000,2,4,1,4,1,3,1,1,1,1
SF,IH2001,2019-11-25 09:31:58.700,2926.4000,847,0,21078300.000,3,1,2,多换,S,2926.6000,2926.4000,2926.2000,2926.0000,2925.8000,2928.0000,2928.6000,2931.0000,2934.0000,2935.0000,2,4,1,2,4,1,1,1,1,1
SF,IH2001,2019-11-25 09:31:59.200,2926.4000,847,0,21956220.000,1,0,1,多换,S,2926.8000,2926.6000,2926.4000,2926.2000,2926.0000,2928.0000,2928.6000,2931.0000,2934.0000,2935.0000,1,2,4,2,2,1,1,1,1,1
SF,IH2001,2019-11-25 09:31:59.700,2926.4000,847,0,21956220.000,0,-,-,-,-,2926.8000,2926.6000,2926.4000,2926.2000,2926.0000,2928.0000,2928.6000,2931.0000,2934.0000,2935.0000,1,2,4,2,2,1,1,1,1,1
SF,IH2001,2019-11-25 09:32:00.200,2926.4000,847,0,21956220.000,0,-,-,-,-,2926.8000,2926.6000,2926.4000,2926.2000,2926.0000,2928.0000,2928.6000,2931.0000,2934.0000,2935.0000,1,1,1,2,2,1,1,1,1,1
SF,IH2001,2019-11-25 09:32:00.700,2926.4000,847,0,21956220.000,0,-,-,-,-,2926.8000,2926.6000,2926.4000,2926.2000,2926.0000,2928.0000,2928.6000,2931.0000,2934.0000,2935.0000,1,1,1,2,2,1,1,1,1,1
SF,IH2001,2019-11-25 09:32:01.200,2926.4000,847,0,21956220.000,0,-,-,-,-,2927.0000,2926.8000,2926.6000,2926.4000,2926.2000,2928.0000,2928.6000,2931.0000,2934.0000,2935.0000,1,1,1,1,3,1,1,1,1,1
SF,IH2001,2019-11-25 09:32:01.700,2926.4000,847,0,21956220.000,0,-,-,-,-,2927.0000,2926.8000,2926.6000,2926.4000,2926.2000,2928.0000,2928.6000,2931.0000,2934.0000,2935.0000,1,1,1,1,3,1,1,1,1,1
SF,IH2001,2019-11-25 09:32:02.200,2926.4000,847,0,21956220.000,0,-,-,-,-,2927.2000,2927.0000,2926.8000,2926.6000,2926.4000,2928.0000,2931.0000,2934.0000,2935.0000,2937.4000,1,1,1,1,1,2,1,1,1,5
SF,IH2001,2019-11-25 09:32:02.700,2928.0000,847,0,22834620.000,1,0,1,多换,S,2927.2000,2927.0000,2926.8000,2926.6000,2926.4000,2928.0000,2931.0000,2934.0000,2935.0000,2937.4000,1,1,1,1,1,1,1,1,1,5
SF,IH2001,2019-11-25 09:32:03.200,2928.0000,847,0,22834620.000,0,-,-,-,-,2927.4000,2927.2000,2927.0000,2926.8000,2926.6000,2928.0000,2931.0000,2934.0000,2935.0000,2937.4000,1,1,1,1,1,1,1,1,1,5
SF,IH2001,2019-11-25 09:32:03.700,2927.4000,847,0,23712840.000,1,0,1,多换,S,2927.2000,2927.0000,2926.8000,2926.6000,2926.4000,2928.0000,2931.0000,2934.0000,2935.0000,2937.4000,1,1,1,1,1,1,1,1,1,5
SF,IH2001,2019-11-25 09:32:04.200,2927.4000,847,0,23712840.000,0,-,-,-,-,2927.0000,2926.8000,2926.6000,2926.4000,2926.2000,2927.8000,2928.0000,2931.0000,2934.0000,2935.0000,1,1,1,1,3,1,1,1,1,1
SF,IH2001,2019-11-25 09:32:04.700,2927.4000,847,0,23712840.000,0,-,-,-,-,2927.0000,2926.8000,2926.6000,2926.4000,2926.2000,2927.8000,2928.0000,2931.0000,2934.0000,2935.0000,1,1,1,1,3,1,1,1,1,1
SF,IH2001,2019-11-25 09:32:05.200,2927.4000,847,0,23712840.000,0,-,-,-,-,2927.0000,2926.4000,2926.2000,2926.0000,2925.8000,2927.8000,2928.0000,2931.0000,2934.0000,2935.0000,1,1,2,2,4,1,1,1,1,1
SF,IH2001,2019-11-25 09:32:06.200,2927.4000,847,0,23712840.000,0,-,-,-,-,2927.2000,2927.0000,2926.4000,2926.2000,2926.0000,2927.8000,2928.0000,2931.0000,2934.0000,2935.0000,1,1,1,2,2,1,1,1,1,1
SF,IH2001,2019-11-25 09:32:06.700,2927.4000,847,0,23712840.000,0,-,-,-,-,2927.2000,2927.0000,2926.4000,2926.2000,2926.0000,2927.8000,2928.0000,2931.0000,2934.0000,2935.0000,1,1,1,2,2,1,1,1,1,1
SF,IH2001,2019-11-25 09:32:07.200,2927.4000,847,0,23712840.000,0,-,-,-,-,2927.4000,2926.4000,2926.2000,2926.0000,2925.8000,2927.8000,2928.0000,2931.0000,2934.0000,2935.0000,1,1,2,2,4,1,1,1,1,1
SF,IH2001,2019-11-25 09:32:07.700,2927.4000,847,0,23712840.000,0,-,-,-,-,2927.4000,2926.4000,2926.2000,2926.0000,2925.8000,2927.8000,2928.0000,2931.0000,2934.0000,2935.0000,2,1,2,2,4,1,1,1,1,1
SF,IH2001,2019-11-25 09:32:08.200,2927.4000,847,0,23712840.000,0,-,-,-,-,2927.4000,2926.4000,2926.2000,2926.0000,2925.8000,2927.8000,2928.0000,2931.0000,2934.0000,2935.0000,1,1,2,2,4,1,1,1,1,1
SF,IH2001,2019-11-25 09:32:08.700,2927.4000,847,0,23712840.000,0,-,-,-,-,2926.4000,2926.2000,2926.0000,2925.8000,2925.6000,2927.8000,2928.0000,2931.0000,2934.0000,2935.0000,1,2,2,4,1,1,1,1,1,1
SF,IH2001,2019-11-25 09:32:09.200,2927.4000,847,0,23712840.000,0,-,-,-,-,2926.6000,2926.4000,2926.2000,2926.0000,2925.8000,2927.8000,2928.0000,2931.0000,2934.0000,2935.0000,1,1,2,2,4,1,1,1,1,1
SF,IH2001,2019-11-25 09:32:09.700,2927.4000,847,0,23712840.000,0,-,-,-,-,2926.4000,2926.2000,2926.0000,2925.8000,2925.6000,2927.8000,2928.0000,2931.0000,2934.0000,2935.0000,1,2,2,4,1,1,1,1,1,1
SF,IH2001,2019-11-25 09:32:10.200,2927.4000,847,0,23712840.000,0,-,-,-,-,2926.6000,2926.4000,2926.2000,2926.0000,2925.8000,2927.8000,2928.0000,2931.0000,2934.0000,2935.0000,1,1,2,2,4,1,1,1,1,1
SF,IH2001,2019-11-25 09:32:11.200,2927.4000,847,0,23712840.000,0,-,-,-,-,2926.8000,2926.6000,2926.4000,2926.2000,2926.0000,2927.8000,2928.0000,2931.0000,2934.0000,2935.0000,1,1,1,2,2,1,1,1,1,1
SF,IH2001,2019-11-25 09:32:11.700,2927.4000,847,0,23712840.000,0,-,-,-,-,2927.0000,2926.8000,2926.6000,2926.4000,2926.2000,2927.8000,2928.0000,2931.0000,2934.0000,2935.0000,1,1,1,1,1,1,1,1,1,1
SF,IH2001,2019-11-25 09:32:12.200,2927.4000,847,0,23712840.000,0,-,-,-,-,2927.0000,2926.8000,2926.6000,2926.4000,2926.2000,2927.8000,2928.0000,2931.0000,2934.0000,2935.0000,1,2,1,1,1,1,1,1,1,1
SF,IH2001,2019-11-25 09:32:12.700,2927.4000,847,0,23712840.000,0,-,-,-,-,2927.0000,2926.8000,2926.6000,2926.4000,2926.2000,2927.8000,2928.0000,2931.0000,2934.0000,2935.0000,2,2,1,1,1,1,1,1,1,1
SF,IH2001,2019-11-25 09:32:13.700,2927.4000,847,0,23712840.000,0,-,-,-,-,2927.0000,2926.8000,2926.6000,2926.4000,2926.2000,2927.8000,2928.0000,2931.0000,2934.0000,2935.0000,2,1,1,1,1,1,1,1,1,1
SF,IH2001,2019-11-25 09:32:14.200,2927.4000,847,0,23712840.000,0,-,-,-,-,2927.0000,2926.8000,2926.6000,2926.4000,2926.2000,2927.8000,2928.0000,2931.0000,2934.0000,2935.0000,2,1,1,1,1,1,1,1,1,1
SF,IH2001,2019-11-25 09:32:14.700,2927.4000,847,0,23712840.000,0,-,-,-,-,2927.0000,2926.8000,2926.6000,2926.4000,2926.2000,2927.8000,2928.0000,2931.0000,2934.0000,2935.0000,1,1,1,1,1,1,1,1,1,1
SF,IH2001,2019-11-25 09:32:15.200,2927.4000,847,0,23712840.000,0,-,-,-,-,2927.0000,2926.8000,2926.6000,2926.4000,2926.2000,2927.8000,2928.0000,2931.0000,2934.0000,2935.0000,1,1,1,1,1,1,1,1,1,1
SF,IH2001,2019-11-25 09:32:15.700,2927.4000,847,0,23712840.000,0,-,-,-,-,2927.0000,2926.8000,2926.6000,2926.4000,2926.2000,2927.8000,2928.0000,2931.0000,2934.0000,2935.0000,1,1,1,1,1,1,1,1,1,1
SF,IH2001,2019-11-25 09:32:16.200,2927.4000,847,0,23712840.000,0,-,-,-,-,2927.0000,2926.6000,2926.4000,2926.2000,2926.0000,2927.8000,2928.0000,2931.0000,2934.0000,2935.0000,1,1,1,1,2,1,1,1,1,1
SF,IH2001,2019-11-25 09:32:16.700,2927.4000,847,0,23712840.000,0,-,-,-,-,2927.0000,2926.6000,2926.4000,2926.2000,2926.0000,2927.8000,2928.0000,2928.8000,2931.0000,2934.0000,1,1,1,1,2,1,1,1,1,1
SF,IH2001,2019-11-25 09:32:17.200,2927.4000,847,0,23712840.000,0,-,-,-,-,2927.2000,2927.0000,2926.6000,2926.4000,2926.2000,2927.8000,2928.0000,2928.8000,2931.0000,2934.0000,1,1,1,1,1,1,1,1,1,1
SF,IH2001,2019-11-25 09:32:17.700,2927.2000,848,1,24591000.000,1,1,0,双开,S,2927.0000,2926.0000,2918.4000,2906.2000,2899.4000,2927.8000,2928.0000,2928.8000,2931.0000,2934.0000,1,1,5,1,1,1,1,1,1,1
SF,IH2001,2019-11-25 09:32:18.200,2927.2000,848,0,24591000.000,0,-,-,-,-,2927.2000,2927.0000,2926.0000,2918.4000,2906.2000,2927.8000,2928.0000,2928.8000,2931.0000,2934.0000,1,1,1,5,1,1,1,1,1,1
SF,IH2001,2019-11-25 09:32:18.700,2927.2000,848,0,24591000.000,0,-,-,-,-,2927.2000,2926.0000,2918.4000,2906.2000,2899.4000,2927.8000,2928.0000,2928.8000,2931.0000,2934.0000,1,1,5,1,1,1,1,1,1,1
SF,IH2001,2019-11-25 09:32:19.200,2927.2000,848,0,24591000.000,0,-,-,-,-,2927.2000,2926.0000,2918.4000,2906.2000,2899.4000,2927.8000,2928.0000,2931.0000,2934.0000,2935.0000,1,1,5,1,1,1,1,1,1,1
SF,IH2001,2019-11-25 09:32:19.700,2927.2000,848,0,24591000.000,0,-,-,-,-,2927.2000,2926.0000,2918.4000,2906.2000,2899.4000,2927.8000,2928.0000,2931.0000,2934.0000,2935.0000,1,1,5,1,1,1,1,1,1,1
SF,IH2001,2019-11-25 09:32:20.200,2927.2000,848,0,24591000.000,0,-,-,-,-,2927.2000,2926.0000,2918.4000,2906.2000,2899.4000,2927.8000,2928.0000,2931.0000,2934.0000,2935.0000,1,1,5,1,1,1,1,1,1,1
SF,IH2001,2019-11-25 09:32:20.700,2927.2000,848,0,24591000.000,0,-,-,-,-,2927.2000,2926.0000,2918.4000,2906.2000,2899.4000,2927.8000,2928.0000,2931.0000,2934.0000,2935.0000,1,1,5,1,1,1,1,1,1,1
SF,IH2001,2019-11-25 09:32:21.700,2927.8000,848,0,25469340.000,1,0,1,多换,S,2927.2000,2926.0000,2918.4000,2906.2000,2899.4000,2928.0000,2931.0000,2934.0000,2935.0000,2937.4000,1,1,5,1,1,1,1,1,1,5
SF,IH2001,2019-11-25 09:32:22.200,2928.0000,848,0,26347740.000,1,0,1,多换,S,2927.2000,2926.0000,2918.4000,2906.2000,2899.4000,2931.0000,2934.0000,2935.0000,2937.4000,2947.2000,1,1,5,1,1,1,1,1,5,1
SF,IH2001,2019-11-25 09:32:22.700,2928.0000,848,0,26347740.000,0,-,-,-,-,2927.2000,2926.0000,2918.4000,2906.2000,2899.4000,2929.0000,2930.8000,2931.0000,2934.0000,2935.0000,1,1,5,1,1,1,7,1,1,1
SF,IH2001,2019-11-25 09:32:23.200,2928.0000,848,0,26347740.000,0,-,-,-,-,2927.4000,2927.2000,2926.0000,2918.4000,2906.2000,2929.0000,2930.8000,2931.0000,2934.0000,2935.0000,1,1,1,5,1,1,7,1,1,1
SF,IH2001,2019-11-25 09:32:23.700,2928.0000,848,0,26347740.000,0,-,-,-,-,2927.4000,2927.2000,2926.0000,2918.4000,2906.2000,2928.6000,2930.8000,2931.0000,2934.0000,2935.0000,1,1,1,5,1,1,7,1,1,1
SF,IH2001,2019-11-25 09:32:24.700,2928.0000,848,0,26347740.000,0,-,-,-,-,2927.4000,2926.0000,2918.4000,2906.2000,2899.4000,2928.6000,2930.8000,2931.0000,2934.0000,2935.0000,1,1,5,1,1,1,7,1,1,1
SF,IH2001,2019-11-25 09:32:25.200,2928.0000,848,0,26347740.000,0,-,-,-,-,2927.6000,2927.4000,2926.0000,2918.4000,2906.2000,2928.6000,2930.8000,2931.0000,2934.0000,2935.0000,1,1,1,5,1,1,7,1,1,1
SF,IH2001,2019-11-25 09:32:26.700,2928.0000,848,0,26347740.000,0,-,-,-,-,2927.8000,2927.6000,2927.4000,2926.0000,2918.4000,2928.6000,2930.8000,2931.0000,2934.0000,2935.0000,1,1,1,1,5,1,7,1,1,1
SF,IH2001,2019-11-25 09:32:27.200,2928.0000,848,0,26347740.000,0,-,-,-,-,2927.8000,2927.6000,2926.0000,2918.4000,2906.2000,2928.6000,2930.8000,2931.0000,2934.0000,2935.0000,2,1,1,5,1,1,7,1,1,1
SF,IH2001,2019-11-25 09:32:29.700,2927.8000,849,1,28104420.000,2,1,1,空开,S,2927.6000,2926.0000,2918.4000,2906.2000,2899.4000,2928.6000,2930.8000,2931.0000,2934.0000,2935.0000,1,1,5,1,1,1,7,1,1,1
SF,IH2001,2019-11-25 09:32:30.200,2927.8000,849,0,28104420.000,0,-,-,-,-,2927.6000,2926.0000,2918.4000,2906.2000,2899.4000,2928.2000,2930.8000,2931.0000,2934.0000,2935.0000,1,1,5,1,1,1,7,1,1,1
SF,IH2001,2019-11-25 09:32:30.700,2927.8000,849,0,28104420.000,0,-,-,-,-,2926.0000,2918.4000,2906.2000,2899.4000,2895.0000,2928.2000,2930.8000,2931.0000,2934.0000,2935.0000,1,5,1,1,1,1,7,1,1,1
SF,IH2001,2019-11-25 09:32:31.700,2927.8000,849,0,28104420.000,0,-,-,-,-,2926.2000,2926.0000,2918.4000,2906.2000,2899.4000,2928.2000,2930.8000,2931.0000,2934.0000,2935.0000,1,1,5,1,1,1,7,1,1,1
SF,IH2001,2019-11-25 09:32:32.200,2927.8000,849,0,28104420.000,0,-,-,-,-,2926.4000,2926.2000,2926.0000,2918.4000,2906.2000,2928.2000,2930.8000,2931.0000,2934.0000,2935.0000,1,1,1,5,1,1,7,1,1,1
SF,IH2001,2019-11-25 09:32:34.200,2927.8000,849,0,28104420.000,0,-,-,-,-,2926.6000,2926.4000,2926.0000,2918.4000,2906.2000,2928.2000,2930.8000,2931.0000,2934.0000,2935.0000,1,1,1,5,1,1,7,1,1,1
SF,IH2001,2019-11-25 09:32:35.200,2927.8000,849,0,28104420.000,0,-,-,-,-,2926.6000,2926.4000,2926.0000,2918.4000,2906.2000,2927.8000,2930.8000,2931.0000,2934.0000,2935.0000,1,1,1,5,1,1,7,1,1,1
SF,IH2001,2019-11-25 09:32:38.200,2927.8000,849,0,28104420.000,0,-,-,-,-,2926.6000,2926.4000,2926.0000,2918.4000,2906.2000,2927.4000,2930.8000,2931.0000,2934.0000,2935.0000,1,1,1,5,1,1,7,1,1,1
SF,IH2001,2019-11-25 09:32:38.700,2927.4000,849,0,28982640.000,1,0,1,多换,S,2926.6000,2926.4000,2926.0000,2918.4000,2906.2000,2930.8000,2931.0000,2934.0000,2935.0000,2937.4000,1,1,1,5,1,7,1,1,1,5
SF,IH2001,2019-11-25 09:32:39.200,2927.4000,849,0,28982640.000,0,-,-,-,-,2926.6000,2926.4000,2926.0000,2918.4000,2906.2000,2930.8000,2931.0000,2934.0000,2935.0000,2937.4000,1,1,1,5,1,7,1,1,1,5
SF,IH2001,2019-11-25 09:32:39.700,2927.4000,849,0,28982640.000,0,-,-,-,-,2926.6000,2926.4000,2926.0000,2918.4000,2906.2000,2930.8000,2931.0000,2934.0000,2935.0000,2937.4000,1,1,1,5,1,7,1,1,1,5
SF,IH2001,2019-11-25 09:32:40.200,2927.4000,849,0,28982640.000,0,-,-,-,-,2926.6000,2926.4000,2926.0000,2918.4000,2906.2000,2930.8000,2931.0000,2934.0000,2935.0000,2937.4000,1,1,1,5,1,7,1,1,1,5
SF,IH2001,2019-11-25 09:32:40.700,2927.4000,849,0,28982640.000,0,-,-,-,-,2926.6000,2926.4000,2926.0000,2918.4000,2906.2000,2930.8000,2931.0000,2934.0000,2935.0000,2937.4000,1,1,1,5,1,7,1,1,1,5
SF,IH2001,2019-11-25 09:32:41.200,2927.4000,849,0,28982640.000,0,-,-,-,-,2926.6000,2926.4000,2926.0000,2918.4000,2906.2000,2930.8000,2931.0000,2934.0000,2935.0000,2937.4000,1,1,1,5,1,7,1,1,1,5
SF,IH2001,2019-11-25 09:32:41.700,2927.4000,849,0,28982640.000,0,-,-,-,-,2926.6000,2926.4000,2926.0000,2918.4000,2906.2000,2930.8000,2931.0000,2934.0000,2935.0000,2937.4000,1,1,1,5,1,7,1,1,1,5
SF,IH2001,2019-11-25 09:32:43.200,2927.4000,849,0,28982640.000,0,-,-,-,-,2926.6000,2926.4000,2926.0000,2918.4000,2910.2000,2930.6000,2930.8000,2931.0000,2934.0000,2935.0000,1,1,1,5,1,1,7,1,1,1
SF,IH2001,2019-11-25 09:32:43.700,2927.4000,849,0,28982640.000,0,-,-,-,-,2926.6000,2926.4000,2926.0000,2918.4000,2910.2000,2930.4000,2930.6000,2930.8000,2931.0000,2934.0000,1,1,1,5,1,6,1,7,1,1
SF,IH2001,2019-11-25 09:32:44.700,2927.4000,849,0,28982640.000,0,-,-,-,-,2926.8000,2926.6000,2926.4000,2926.0000,2918.4000,2930.4000,2930.6000,2930.8000,2931.0000,2934.0000,1,1,1,1,5,6,1,7,1,1
SF,IH2001,2019-11-25 09:32:45.200,2927.4000,849,0,28982640.000,0,-,-,-,-,2926.8000,2926.6000,2926.4000,2926.0000,2918.4000,2930.2000,2930.4000,2930.8000,2931.0000,2934.0000,1,1,1,1,5,1,6,7,1,1
SF,IH2001,2019-11-25 09:32:45.700,2927.4000,849,0,28982640.000,0,-,-,-,-,2926.8000,2926.6000,2926.4000,2926.0000,2920.2000,2930.0000,2930.2000,2930.4000,2930.8000,2931.0000,1,1,1,1,1,3,1,6,6,1
SF,IH2001,2019-11-25 09:32:46.200,2927.4000,849,0,28982640.000,0,-,-,-,-,2927.0000,2926.8000,2926.4000,2926.0000,2920.2000,2930.0000,2930.2000,2930.4000,2930.8000,2931.0000,3,1,1,1,1,2,1,6,6,1
SF,IH2001,2019-11-25 09:32:46.700,2927.4000,849,0,28982640.000,0,-,-,-,-,2927.2000,2926.8000,2926.4000,2926.0000,2920.2000,2930.0000,2930.2000,2930.4000,2930.8000,2931.0000,1,1,1,1,1,2,1,6,6,1
SF,IH2001,2019-11-25 09:32:48.700,2927.4000,849,0,28982640.000,0,-,-,-,-,2927.2000,2926.8000,2926.4000,2926.0000,2920.2000,2930.0000,2930.4000,2930.8000,2931.0000,2934.0000,1,1,1,1,1,2,6,6,1,1
SF,IH2001,2019-11-25 09:32:49.200,2927.4000,849,0,28982640.000,0,-,-,-,-,2927.2000,2926.8000,2926.4000,2926.0000,2920.2000,2929.8000,2930.0000,2930.4000,2930.8000,2931.0000,1,1,1,1,1,1,2,6,6,1
SF,IH2001,2019-11-25 09:32:49.700,2927.4000,849,0,28982640.000,0,-,-,-,-,2927.2000,2926.8000,2926.4000,2926.0000,2920.2000,2929.6000,2929.8000,2930.0000,2930.4000,2930.8000,1,1,1,1,1,1,1,2,5,6
SF,IH2001,2019-11-25 09:32:51.200,2927.4000,849,0,28982640.000,0,-,-,-,-,2927.2000,2926.8000,2926.4000,2926.0000,2920.2000,2929.4000,2929.6000,2929.8000,2930.0000,2930.4000,1,1,1,1,1,1,1,1,2,5
SF,IH2001,2019-11-25 09:32:51.700,2927.4000,849,0,28982640.000,0,-,-,-,-,2927.2000,2926.8000,2926.4000,2926.0000,2920.2000,2929.2000,2929.4000,2929.6000,2929.8000,2930.0000,1,1,1,1,1,1,1,1,1,1
SF,IH2001,2019-11-25 09:32:52.700,2927.4000,849,0,28982640.000,0,-,-,-,-,2927.2000,2926.8000,2926.4000,2926.0000,2920.2000,2929.2000,2929.4000,2929.6000,2929.8000,2930.0000,1,1,1,1,1,1,1,1,1,1
SF,IH2001,2019-11-25 09:32:53.200,2927.4000,849,0,28982640.000,0,-,-,-,-,2927.2000,2926.4000,2926.0000,2920.2000,2918.4000,2929.2000,2929.4000,2929.6000,2929.8000,2930.0000,1,1,1,1,5,1,1,1,1,1
SF,IH2001,2019-11-25 09:32:53.700,2927.4000,849,0,28982640.000,0,-,-,-,-,2926.4000,2926.0000,2920.2000,2918.4000,2910.2000,2929.2000,2929.4000,2929.6000,2929.8000,2930.0000,1,1,1,5,1,1,1,1,1,1
SF,IH2001,2019-11-25 09:32:54.700,2927.4000,849,0,28982640.000,0,-,-,-,-,2926.6000,2926.4000,2926.0000,2920.2000,2918.4000,2929.2000,2929.4000,2929.6000,2929.8000,2930.0000,1,1,1,1,5,1,1,1,1,1
SF,IH2001,2019-11-25 09:32:55.200,2927.4000,849,0,28982640.000,0,-,-,-,-,2926.8000,2926.6000,2926.4000,2926.0000,2920.2000,2929.2000,2929.6000,2929.8000,2930.0000,2930.4000,1,2,1,1,1,1,1,1,1,4
SF,IH2001,2019-11-25 09:32:56.700,2927.4000,849,0,28982640.000,0,-,-,-,-,2927.0000,2926.8000,2926.4000,2926.0000,2920.2000,2929.2000,2929.6000,2929.8000,2930.0000,2930.4000,2,1,1,1,1,1,1,1,1,4
SF,IH2001,2019-11-25 09:32:59.200,2927.4000,849,0,28982640.000,0,-,-,-,-,2927.0000,2926.8000,2926.4000,2926.0000,2920.2000,2929.6000,2929.8000,2930.0000,2930.4000,2930.8000,2,1,1,1,1,1,1,1,4,5
SF,IH2001,2019-11-25 09:33:01.700,2927.4000,849,0,28982640.000,0,-,-,-,-,2927.2000,2927.0000,2926.8000,2926.4000,2926.0000,2929.6000,2930.0000,2930.4000,2930.8000,2931.0000,1,2,1,1,1,1,1,1,5,1
SF,IH2001,2019-11-25 09:33:02.700,2927.4000,849,0,28982640.000,0,-,-,-,-,2927.4000,2927.2000,2927.0000,2926.8000,2926.4000,2929.6000,2930.0000,2930.4000,2930.8000,2931.0000,1,1,1,1,1,1,1,1,5,1
SF,IH2001,2019-11-25 09:33:03.200,2927.4000,849,0,28982640.000,0,-,-,-,-,2927.4000,2927.2000,2927.0000,2926.8000,2926.4000,2930.4000,2930.8000,2931.0000,2934.0000,2935.0000,1,1,1,1,1,1,1,1,1,1
SF,IH2001,2019-11-25 09:33:03.700,2927.4000,849,0,28982640.000,0,-,-,-,-,2927.6000,2927.4000,2927.2000,2927.0000,2926.8000,2930.2000,2930.4000,2930.8000,2931.0000,2934.0000,1,1,1,1,1,1,1,1,1,1
SF,IH2001,2019-11-25 09:33:05.200,2927.4000,849,0,28982640.000,0,-,-,-,-,2927.8000,2927.6000,2927.4000,2927.2000,2926.8000,2930.2000,2930.4000,2930.8000,2931.0000,2934.0000,1,1,1,1,1,1,1,1,1,1
SF,IH2001,2019-11-25 09:33:05.700,2927.4000,849,0,28982640.000,0,-,-,-,-,2928.0000,2927.8000,2927.6000,2927.4000,2927.2000,2930.2000,2930.4000,2930.8000,2931.0000,2934.0000,1,1,1,1,1,1,1,1,1,1
SF,IH2001,2019-11-25 09:33:07.700,2927.4000,849,0,28982640.000,0,-,-,-,-,2928.2000,2928.0000,2927.6000,2927.4000,2927.2000,2930.2000,2930.4000,2930.8000,2931.0000,2934.0000,1,1,1,1,1,1,1,1,1,1
SF,IH2001,2019-11-25 09:33:08.700,2927.4000,849,0,28982640.000,0,-,-,-,-,2928.2000,2927.4000,2927.2000,2926.8000,2926.4000,2930.2000,2930.4000,2930.8000,2931.0000,2934.0000,1,1,1,1,1,1,1,1,1,1
SF,IH2001,2019-11-25 09:33:10.200,2928.2000,848,-1,29861100.000,1,0,1,双平,S,2927.4000,2927.2000,2926.8000,2926.4000,2926.0000,2930.0000,2930.2000,2930.4000,2930.8000,2931.0000,1,1,1,1,1,5,1,1,1,1
SF,IH2001,2019-11-25 09:33:10.700,2928.2000,848,0,29861100.000,0,-,-,-,-,2926.8000,2926.4000,2926.0000,2920.2000,2918.4000,2929.8000,2930.0000,2930.2000,2930.4000,2930.8000,1,1,1,1,5,1,5,1,1,1
SF,IH2001,2019-11-25 09:33:11.200,2928.2000,848,0,29861100.000,0,-,-,-,-,2926.4000,2926.0000,2920.2000,2918.4000,2910.2000,2929.6000,2929.8000,2930.0000,2930.2000,2930.4000,1,1,1,5,1,3,1,5,1,1
SF,IH2001,2019-11-25 09:33:11.700,2928.2000,848,0,29861100.000,0,-,-,-,-,2926.4000,2926.0000,2920.2000,2918.4000,2910.2000,2929.4000,2929.6000,2929.8000,2930.0000,2930.4000,1,1,1,5,1,1,3,1,5,1
SF,IH2001,2019-11-25 09:33:12.200,2928.2000,848,0,29861100.000,0,-,-,-,-,2926.6000,2926.4000,2926.0000,2920.2000,2918.4000,2929.4000,2929.6000,2929.8000,2930.0000,2930.4000,1,1,1,1,5,1,1,1,5,1
SF,IH2001,2019-11-25 09:33:14.200,2928.2000,848,0,29861100.000,0,-,-,-,-,2926.6000,2926.4000,2926.0000,2920.2000,2918.4000,2929.4000,2929.8000,2930.0000,2930.4000,2930.8000,1,1,1,1,5,1,1,1,1,1
SF,IH2001,2019-11-25 09:33:15.200,2928.2000,848,0,29861100.000,0,-,-,-,-,2926.8000,2926.6000,2926.4000,2926.0000,2920.2000,2929.4000,2929.8000,2930.0000,2930.4000,2930.8000,1,1,1,1,1,1,1,1,1,1
SF,IH2001,2019-11-25 09:33:16.200,2928.2000,848,0,29861100.000,0,-,-,-,-,2926.8000,2926.6000,2926.4000,2926.0000,2920.2000,2929.2000,2929.4000,2929.8000,2930.0000,2930.4000,1,1,1,1,1,1,1,1,1,1
SF,IH2001,2019-11-25 09:33:16.700,2928.2000,848,0,29861100.000,0,-,-,-,-,2926.8000,2926.6000,2926.4000,2926.0000,2920.2000,2929.0000,2929.2000,2929.4000,2930.0000,2930.4000,1,1,1,1,1,1,2,1,1,1
SF,IH2001,2019-11-25 09:33:17.200,2928.2000,848,0,29861100.000,0,-,-,-,-,2926.8000,2926.6000,2926.4000,2926.0000,2920.2000,2929.0000,2929.2000,2929.4000,2930.0000,2930.4000,1,1,1,1,1,1,1,1,1,1
SF,IH2001,2019-11-25 09:33:17.700,2928.2000,848,0,29861100.000,0,-,-,-,-,2926.8000,2926.6000,2926.4000,2926.0000,2920.2000,2929.0000,2929.2000,2929.4000,2930.0000,2930.4000,1,1,1,1,1,1,1,1,1,1
SF,IH2001,2019-11-25 09:33:21.200,2928.2000,848,0,29861100.000,0,-,-,-,-,2926.8000,2926.6000,2926.4000,2926.0000,2920.2000,2929.4000,2930.0000,2930.4000,2930.8000,2931.0000,1,1,1,1,1,1,1,1,1,1
SF,IH2001,2019-11-25 09:33:21.700,2928.2000,848,0,29861100.000,0,-,-,-,-,2926.8000,2926.6000,2926.4000,2926.0000,2920.2000,2928.8000,2929.2000,2929.4000,2930.0000,2930.4000,1,1,1,1,1,1,3,1,1,1
SF,IH2001,2019-11-25 09:33:22.200,2928.2000,848,0,29861100.000,0,-,-,-,-,2926.8000,2926.6000,2926.4000,2926.0000,2920.2000,2928.8000,2929.2000,2929.4000,2930.0000,2930.4000,1,1,1,1,1,1,1,1,1,1
SF,IH2001,2019-11-25 09:33:22.700,2928.2000,848,0,29861100.000,0,-,-,-,-,2927.0000,2926.8000,2926.4000,2926.0000,2920.2000,2928.8000,2929.2000,2929.4000,2930.0000,2930.4000,1,1,1,1,1,1,1,1,1,1
SF,IH2001,2019-11-25 09:33:24.200,2928.2000,848,0,29861100.000,0,-,-,-,-,2927.2000,2927.0000,2926.4000,2926.0000,2920.2000,2928.8000,2929.2000,2929.4000,2930.0000,2930.4000,1,1,1,1,1,1,1,1,1,1
SF,IH2001,2019-11-25 09:33:24.700,2928.2000,848,0,29861100.000,0,-,-,-,-,2927.2000,2926.4000,2926.0000,2920.2000,2918.4000,2928.8000,2929.2000,2929.4000,2930.0000,2930.4000,1,1,1,1,5,1,1,1,1,1
SF,IH2001,2019-11-25 09:33:28.200,2927.2000,847,-1,30739260.000,1,0,1,双平,S,2926.0000,2920.2000,2918.4000,2910.2000,2906.2000,2928.8000,2929.2000,2929.4000,2930.0000,2930.4000,1,1,5,1,1,1,1,1,1,1
SF,IH2001,2019-11-25 09:33:28.700,2927.2000,847,0,30739260.000,0,-,-,-,-,2926.0000,2920.2000,2918.4000,2910.2000,2906.2000,2928.6000,2928.8000,2929.2000,2929.4000,2930.0000,1,1,5,1,1,1,1,1,1,1
SF,IH2001,2019-11-25 09:33:29.200,2927.2000,847,0,30739260.000,0,-,-,-,-,2920.2000,2918.4000,2910.2000,2906.2000,2895.0000,2928.4000,2928.6000,2928.8000,2929.2000,2930.0000,1,5,1,1,1,1,5,1,1,1
SF,IH2001,2019-11-25 09:33:29.700,2927.2000,847,0,30739260.000,0,-,-,-,-,2926.0000,2924.8000,2923.4000,2920.2000,2918.4000,2928.2000,2928.4000,2928.6000,2928.8000,2929.2000,1,3,1,1,5,1,1,1,1,1
SF,IH2001,2019-11-25 09:33:30.200,2927.2000,847,0,30739260.000,0,-,-,-,-,2920.4000,2920.2000,2918.4000,2910.2000,2906.2000,2928.0000,2928.2000,2928.4000,2928.6000,2929.2000,1,1,5,1,1,1,1,1,1,1
SF,IH2001,2019-11-25 09:33:30.700,2927.2000,847,0,30739260.000,0,-,-,-,-,2924.4000,2923.0000,2922.2000,2920.2000,2918.4000,2927.8000,2928.0000,2928.4000,2928.6000,2929.2000,3,1,1,1,5,1,1,1,1,1
SF,IH2001,2019-11-25 09:33:31.200,2927.2000,847,0,30739260.000,0,-,-,-,-,2924.6000,2924.4000,2923.0000,2922.2000,2920.2000,2927.6000,2927.8000,2928.0000,2928.6000,2929.2000,1,3,1,1,1,1,1,1,1,1
SF,IH2001,2019-11-25 09:33:31.700,2927.2000,847,0,30739260.000,0,-,-,-,-,2924.8000,2924.6000,2923.0000,2922.2000,2920.2000,2927.6000,2928.0000,2928.6000,2929.2000,2930.0000,2,1,1,1,1,1,1,1,1,1
SF,IH2001,2019-11-25 09:33:32.200,2927.2000,847,0,30739260.000,0,-,-,-,-,2925.0000,2924.8000,2924.6000,2923.0000,2922.2000,2927.6000,2928.0000,2928.6000,2929.2000,2930.0000,1,2,1,1,1,1,1,1,1,1
SF,IH2001,2019-11-25 09:33:32.700,2927.2000,847,0,30739260.000,0,-,-,-,-,2925.2000,2925.0000,2924.6000,2923.0000,2922.2000,2927.4000,2927.6000,2928.0000,2928.6000,2929.2000,1,1,1,1,1,1,1,1,1,1
SF,IH2001,2019-11-25 09:33:36.200,2927.2000,847,0,30739260.000,0,-,-,-,-,2925.2000,2925.0000,2924.6000,2923.0000,2922.2000,2927.4000,2928.0000,2928.6000,2929.2000,2930.0000,1,1,1,1,1,1,1,1,1,1
SF,IH2001,2019-11-25 09:33:43.200,2927.2000,847,0,30739260.000,0,-,-,-,-,2925.2000,2925.0000,2924.6000,2923.0000,2922.2000,2927.2000,2927.4000,2928.0000,2928.6000,2929.2000,1,1,1,1,1,1,1,1,1,1
SF,IH2001,2019-11-25 09:33:43.700,2927.2000,847,0,30739260.000,0,-,-,-,-,2925.2000,2925.0000,2924.6000,2923.0000,2922.2000,2927.2000,2928.0000,2928.6000,2929.2000,2930.0000,1,1,1,1,1,1,1,1,1,1
SF,IH2001,2019-11-25 09:33:44.200,2927.2000,847,0,30739260.000,0,-,-,-,-,2925.4000,2925.2000,2925.0000,2924.6000,2923.0000,2927.2000,2928.0000,2928.6000,2929.2000,2930.0000,1,1,1,1,1,1,1,1,1,1
SF,IH2001,2019-11-25 09:33:44.700,2927.2000,847,0,30739260.000,0,-,-,-,-,2925.4000,2925.0000,2924.6000,2923.0000,2922.2000,2928.0000,2928.6000,2929.2000,2930.0000,2930.4000,1,1,1,1,1,1,1,1,1,1
SF,IH2001,2019-11-25 09:33:45.200,2927.2000,847,0,30739260.000,0,-,-,-,-,2925.6000,2925.4000,2925.0000,2924.6000,2923.0000,2927.8000,2928.0000,2928.6000,2929.2000,2930.0000,1,1,1,1,1,1,1,1,1,1
SF,IH2001,2019-11-25 09:33:45.700,2927.2000,847,0,30739260.000,0,-,-,-,-,2925.6000,2925.4000,2925.0000,2924.6000,2923.0000,2927.6000,2927.8000,2928.0000,2928.6000,2929.2000,1,1,1,1,1,1,1,1,1,1
SF,IH2001,2019-11-25 09:33:46.200,2927.2000,847,0,30739260.000,0,-,-,-,-,2925.6000,2925.4000,2925.0000,2924.6000,2923.0000,2927.6000,2928.0000,2928.6000,2929.2000,2930.0000,1,1,1,1,1,1,1,1,1,1
SF,IH2001,2019-11-25 09:33:46.700,2927.2000,847,0,30739260.000,0,-,-,-,-,2925.6000,2925.0000,2924.6000,2923.0000,2922.2000,2927.6000,2928.0000,2928.6000,2929.2000,2930.0000,1,1,1,1,1,1,1,1,1,1
SF,IH2001,2019-11-25 09:33:47.200,2927.2000,847,0,30739260.000,0,-,-,-,-,2925.8000,2925.6000,2925.0000,2924.6000,2923.0000,2927.6000,2928.0000,2928.6000,2929.2000,2930.0000,1,1,1,1,1,1,1,1,1,1
SF,IH2001,2019-11-25 09:33:47.700,2927.2000,847,0,30739260.000,0,-,-,-,-,2925.8000,2925.0000,2924.6000,2923.0000,2922.2000,2927.6000,2928.0000,2928.6000,2929.2000,2930.0000,1,1,1,1,1,1,1,1,1,1
SF,IH2001,2019-11-25 09:33:48.200,2927.2000,847,0,30739260.000,0,-,-,-,-,2925.8000,2925.0000,2924.6000,2923.0000,2922.2000,2927.4000,2927.6000,2928.0000,2928.6000,2929.2000,1,1,1,1,1,1,1,1,1,1
SF,IH2001,2019-11-25 09:33:48.700,2927.2000,847,0,30739260.000,0,-,-,-,-,2925.8000,2925.0000,2924.6000,2923.0000,2922.2000,2927.2000,2927.4000,2927.6000,2928.6000,2929.2000,1,1,1,1,1,1,1,1,1,1
SF,IH2001,2019-11-25 09:33:51.200,2927.2000,847,0,30739260.000,0,-,-,-,-,2925.8000,2924.6000,2923.0000,2922.2000,2920.2000,2927.2000,2927.4000,2927.6000,2928.6000,2929.2000,1,1,1,1,1,1,1,1,1,1
SF,IH2001,2019-11-25 09:33:51.700,2927.2000,847,0,30739260.000,0,-,-,-,-,2925.8000,2924.6000,2923.0000,2922.2000,2920.2000,2927.6000,2928.6000,2929.2000,2930.0000,2930.4000,1,1,1,1,1,1,1,1,1,1
SF,IH2001,2019-11-25 09:33:52.200,2927.2000,847,0,30739260.000,0,-,-,-,-,2925.8000,2924.6000,2922.2000,2920.2000,2918.4000,2927.0000,2927.6000,2928.6000,2929.2000,2930.0000,1,1,1,1,5,1,1,1,1,1
SF,IH2001,2019-11-25 09:33:52.700,2927.2000,847,0,30739260.000,0,-,-,-,-,2924.6000,2922.2000,2920.2000,2918.4000,2910.2000,2927.6000,2928.6000,2929.2000,2930.0000,2930.4000,1,1,1,5,1,1,1,1,1,1
SF,IH2001,2019-11-25 09:33:53.200,2927.2000,847,0,30739260.000,0,-,-,-,-,2924.8000,2924.6000,2922.2000,2920.2000,2918.4000,2927.6000,2928.6000,2929.2000,2930.0000,2930.4000,2,1,1,1,5,1,1,1,1,1
SF,IH2001,2019-11-25 09:33:54.700,2927.2000,847,0,30739260.000,0,-,-,-,-,2924.8000,2924.6000,2922.2000,2920.2000,2918.4000,2927.4000,2927.6000,2928.6000,2929.2000,2930.0000,2,1,1,1,5,1,1,1,1,1
SF,IH2001,2019-11-25 09:33:55.200,2927.2000,847,0,30739260.000,0,-,-,-,-,2924.8000,2924.6000,2922.2000,2920.2000,2918.4000,2927.2000,2927.4000,2927.6000,2928.6000,2929.2000,2,1,1,1,5,1,1,1,1,1
SF,IH2001,2019-11-25 09:34:01.200,2927.2000,847,0,30739260.000,0,-,-,-,-,2925.0000,2924.8000,2924.6000,2922.2000,2920.2000,2927.2000,2927.6000,2928.6000,2929.2000,2930.0000,1,2,1,1,1,1,1,1,1,1
SF,IH2001,2019-11-25 09:34:01.700,2927.2000,847,0,30739260.000,0,-,-,-,-,2925.2000,2925.0000,2924.6000,2922.2000,2920.2000,2927.2000,2927.6000,2928.6000,2929.2000,2930.0000,3,1,1,1,1,1,1,1,1,1
SF,IH2001,2019-11-25 09:34:02.200,2927.2000,847,0,30739260.000,0,-,-,-,-,2925.2000,2924.6000,2922.2000,2920.2000,2918.4000,2927.2000,2927.6000,2928.6000,2929.2000,2930.0000,3,1,1,1,5,1,1,1,1,1
SF,IH2001,2019-11-25 09:34:03.700,2927.2000,847,0,30739260.000,0,-,-,-,-,2925.2000,2924.6000,2922.2000,2920.2000,2918.4000,2927.2000,2927.6000,2928.6000,2929.2000,2930.0000,4,1,1,1,5,1,1,1,1,1
SF,IH2001,2019-11-25 09:34:04.700,2927.2000,847,0,30739260.000,0,-,-,-,-,2925.4000,2925.2000,2924.6000,2922.2000,2920.2000,2927.2000,2927.6000,2928.6000,2929.2000,2930.0000,2,3,1,1,1,1,1,1,1,1
SF,IH2001,2019-11-25 09:34:05.200,2927.2000,847,0,30739260.000,0,-,-,-,-,2925.6000,2925.4000,2925.2000,2924.6000,2922.2000,2927.2000,2927.6000,2928.6000,2929.2000,2930.0000,1,2,1,1,1,1,1,1,1,1
SF,IH2001,2019-11-25 09:34:05.700,2927.2000,847,0,30739260.000,0,-,-,-,-,2925.8000,2925.6000,2925.4000,2924.6000,2922.2000,2927.2000,2927.6000,2928.6000,2929.2000,2930.0000,1,1,2,1,1,1,1,1,1,1
SF,IH2001,2019-11-25 09:34:06.200,2927.2000,847,0,30739260.000,0,-,-,-,-,2926.0000,2925.8000,2925.4000,2924.6000,2922.2000,2927.2000,2927.6000,2928.6000,2929.2000,2930.0000,1,1,2,1,1,1,1,1,1,1
SF,IH2001,2019-11-25 09:34:06.700,2926.0000,846,-1,31617060.000,1,0,1,双平,S,2925.8000,2924.6000,2922.2000,2920.2000,2918.4000,2926.0000,2927.2000,2927.6000,2928.0000,2928.6000,1,2,1,1,5,1,1,1,1,1
SF,IH2001,2019-11-25 09:34:07.200,2926.0000,846,0,32494860.000,1,0,1,多换,S,2924.8000,2924.6000,2922.2000,2920.2000,2918.4000,2927.2000,2927.6000,2928.6000,2929.2000,2930.0000,1,1,1,1,5,1,1,1,1,1
SF,IH2001,2019-11-25 09:34:07.700,2926.0000,846,0,32494860.000,0,-,-,-,-,2925.0000,2924.8000,2924.6000,2922.2000,2920.2000,2927.2000,2927.6000,2928.6000,2929.2000,2930.0000,1,1,1,1,1,1,1,1,1,1
SF,IH2001,2019-11-25 09:34:08.200,2926.0000,846,0,32494860.000,0,-,-,-,-,2925.0000,2924.8000,2924.6000,2922.2000,2920.2000,2927.2000,2927.6000,2928.6000,2929.2000,2930.0000,2,1,1,1,1,1,1,1,1,1
SF,IH2001,2019-11-25 09:34:08.700,2926.0000,846,0,32494860.000,0,-,-,-,-,2925.0000,2924.8000,2924.6000,2922.2000,2920.2000,2927.0000,2927.2000,2927.6000,2928.6000,2929.2000,2,1,1,1,1,1,1,1,1,1
SF,IH2001,2019-11-25 09:34:09.700,2926.0000,846,0,32494860.000,0,-,-,-,-,2925.2000,2925.0000,2924.8000,2924.6000,2922.2000,2927.0000,2927.2000,2927.6000,2928.6000,2929.2000,1,2,1,1,1,1,1,1,1,1
SF,IH2001,2019-11-25 09:34:10.200,2926.0000,846,0,32494860.000,0,-,-,-,-,2925.2000,2925.0000,2924.8000,2924.6000,2922.2000,2927.0000,2927.2000,2927.6000,2928.6000,2929.2000,1,1,1,1,1,1,1,1,1,1
SF,IH2001,2019-11-25 09:34:11.700,2926.0000,846,0,32494860.000,0,-,-,-,-,2925.2000,2924.8000,2924.6000,2922.2000,2920.2000,2926.8000,2927.0000,2927.2000,2928.6000,2929.2000,1,1,1,1,1,1,1,1,1,1
SF,IH2001,2019-11-25 09:34:12.200,2926.0000,846,0,32494860.000,0,-,-,-,-,2925.2000,2924.6000,2922.2000,2920.2000,2918.4000,2926.8000,2927.2000,2928.6000,2929.2000,2930.0000,1,1,1,1,5,1,1,1,1,1
SF,IH2001,2019-11-25 09:34:12.700,2926.0000,846,0,32494860.000,0,-,-,-,-,2925.2000,2924.6000,2922.2000,2920.2000,2918.4000,2926.6000,2926.8000,2927.2000,2928.6000,2929.2000,1,1,1,1,5,1,1,1,1,1
SF,IH2001,2019-11-25 09:34:13.700,2926.0000,846,0,32494860.000,0,-,-,-,-,2925.2000,2924.6000,2922.2000,2920.2000,2918.4000,2926.6000,2927.2000,2928.6000,2929.2000,2930.0000,1,1,1,1,5,1,1,1,1,1
SF,IH2001,2019-11-25 09:34:19.700,2926.0000,846,0,32494860.000,0,-,-,-,-,2925.2000,2924.6000,2922.2000,2920.2000,2918.4000,2926.4000,2926.6000,2927.2000,2928.6000,2929.2000,1,1,1,1,5,1,1,1,1,1
SF,IH2001,2019-11-25 09:34:20.200,2926.0000,846,0,32494860.000,0,-,-,-,-,2922.2000,2920.2000,2918.4000,2910.2000,2906.2000,2926.2000,2926.4000,2927.2000,2928.6000,2929.2000,1,1,5,1,1,1,1,1,1,1
SF,IH2001,2019-11-25 09:34:20.700,2926.0000,846,0,32494860.000,0,-,-,-,-,2922.8000,2922.2000,2920.2000,2918.4000,2910.2000,2926.2000,2926.4000,2927.2000,2928.6000,2929.2000,3,1,1,5,1,1,1,1,1,1
SF,IH2001,2019-11-25 09:34:21.200,2926.0000,846,0,32494860.000,0,-,-,-,-,2923.0000,2922.8000,2922.2000,2920.2000,2918.4000,2926.2000,2926.4000,2927.2000,2928.6000,2929.2000,2,3,1,1,5,1,1,1,1,1
SF,IH2001,2019-11-25 09:34:21.700,2926.0000,846,0,32494860.000,0,-,-,-,-,2923.2000,2923.0000,2922.2000,2920.2000,2918.4000,2926.2000,2926.4000,2927.2000,2928.6000,2929.2000,2,2,1,1,5,1,1,1,1,1
SF,IH2001,2019-11-25 09:34:22.200,2926.0000,846,0,32494860.000,0,-,-,-,-,2923.4000,2923.2000,2923.0000,2922.2000,2920.2000,2926.2000,2926.4000,2927.2000,2928.6000,2929.2000,1,2,2,1,1,1,1,1,1,1
SF,IH2001,2019-11-25 09:34:22.700,2926.0000,846,0,32494860.000,0,-,-,-,-,2923.6000,2923.4000,2923.0000,2922.2000,2920.2000,2926.2000,2927.2000,2928.6000,2929.2000,2930.0000,1,1,1,1,1,1,1,1,1,1
SF,IH2001,2019-11-25 09:34:23.200,2926.0000,846,0,32494860.000,0,-,-,-,-,2923.8000,2923.6000,2923.4000,2923.0000,2922.2000,2926.2000,2927.2000,2928.6000,2929.2000,2930.0000,2,1,1,1,1,1,1,1,1,1
SF,IH2001,2019-11-25 09:34:23.700,2926.0000,846,0,32494860.000,0,-,-,-,-,2923.8000,2923.4000,2923.0000,2922.2000,2920.2000,2926.2000,2927.2000,2928.6000,2929.2000,2930.0000,2,1,1,1,1,1,1,1,1,1
SF,IH2001,2019-11-25 09:34:30.700,2926.0000,846,0,32494860.000,0,-,-,-,-,2924.2000,2923.8000,2923.4000,2923.0000,2922.2000,2926.2000,2927.2000,2928.6000,2929.2000,2930.0000,1,2,1,1,1,1,1,1,1,1
SF,IH2001,2019-11-25 09:34:31.200,2926.0000,846,0,32494860.000,0,-,-,-,-,2924.4000,2924.2000,2923.8000,2923.4000,2922.2000,2926.2000,2927.2000,2928.6000,2929.2000,2930.0000,1,1,2,1,1,1,1,1,1,1
SF,IH2001,2019-11-25 09:34:31.700,2926.0000,846,0,32494860.000,0,-,-,-,-,2924.4000,2924.2000,2923.8000,2923.4000,2922.2000,2926.2000,2927.2000,2928.6000,2929.2000,2930.0000,1,1,1,1,1,1,1,1,1,1
SF,IH2001,2019-11-25 09:34:32.200,2926.0000,846,0,32494860.000,0,-,-,-,-,2924.6000,2924.4000,2924.2000,2923.8000,2923.4000,2926.2000,2927.2000,2928.6000,2929.2000,2930.0000,1,1,1,1,1,1,1,1,1,1
SF,IH2001,2019-11-25 09:34:34.700,2926.0000,846,0,32494860.000,0,-,-,-,-,2924.6000,2924.4000,2923.8000,2923.4000,2922.2000,2926.2000,2927.2000,2928.6000,2929.2000,2930.0000,1,1,1,1,1,1,1,1,1,1
SF,IH2001,2019-11-25 09:34:35.200,2926.0000,846,0,32494860.000,0,-,-,-,-,2924.6000,2924.4000,2923.8000,2923.4000,2922.2000,2926.2000,2927.2000,2928.6000,2929.2000,2930.0000,1,1,1,1,1,1,1,1,1,1
SF,IH2001,2019-11-25 09:34:35.700,2926.0000,846,0,32494860.000,0,-,-,-,-,2924.6000,2924.4000,2923.8000,2923.4000,2922.2000,2926.2000,2927.2000,2928.6000,2929.2000,2930.0000,1,1,1,1,1,1,1,1,1,1
SF,IH2001,2019-11-25 09:34:36.200,2926.0000,846,0,32494860.000,0,-,-,-,-,2923.8000,2923.4000,2922.2000,2920.2000,2918.4000,2926.0000,2926.2000,2927.2000,2928.6000,2929.2000,1,1,1,1,5,1,1,1,1,1
SF,IH2001,2019-11-25 09:34:36.700,2926.0000,846,0,32494860.000,0,-,-,-,-,2923.8000,2923.4000,2922.2000,2920.2000,2918.4000,2925.8000,2926.0000,2927.2000,2928.6000,2929.2000,1,1,1,1,5,2,1,1,1,1
SF,IH2001,2019-11-25 09:34:37.200,2926.0000,846,0,32494860.000,0,-,-,-,-,2923.4000,2922.2000,2920.2000,2918.4000,2910.2000,2925.6000,2925.8000,2926.0000,2928.6000,2929.2000,1,1,1,5,1,1,2,1,1,1
SF,IH2001,2019-11-25 09:34:37.700,2926.0000,846,0,32494860.000,0,-,-,-,-,2923.4000,2922.2000,2920.2000,2918.4000,2910.2000,2925.4000,2925.6000,2926.0000,2928.6000,2929.2000,1,1,1,5,1,1,1,1,1,1
SF,IH2001,2019-11-25 09:34:38.200,2926.0000,846,0,32494860.000,0,-,-,-,-,2923.6000,2923.4000,2922.2000,2920.2000,2918.4000,2925.4000,2925.6000,2926.0000,2928.6000,2929.2000,1,1,1,1,5,1,1,1,1,1
SF,IH2001,2019-11-25 09:34:40.200,2926.0000,846,0,32494860.000,0,-,-,-,-,2923.8000,2923.6000,2923.4000,2922.2000,2920.2000,2925.4000,2926.0000,2928.6000,2929.2000,2930.0000,1,1,1,1,1,1,1,1,1,1
SF,IH2001,2019-11-25 09:34:42.700,2926.0000,846,0,32494860.000,0,-,-,-,-,2923.8000,2923.6000,2923.4000,2922.2000,2920.2000,2925.4000,2926.0000,2928.6000,2929.2000,2930.0000,1,2,1,1,1,1,1,1,1,1
SF,IH2001,2019-11-25 09:34:43.700,2926.0000,846,0,32494860.000,0,-,-,-,-,2923.8000,2923.6000,2923.4000,2922.2000,2920.2000,2925.4000,2926.0000,2928.6000,2929.2000,2930.0000,1,1,1,1,1,1,1,1,1,1
SF,IH2001,2019-11-25 09:34:44.200,2926.0000,846,0,32494860.000,0,-,-,-,-,2924.0000,2923.6000,2923.4000,2922.2000,2920.2000,2925.4000,2926.0000,2928.6000,2929.2000,2930.0000,1,1,1,1,1,1,1,1,1,1
SF,IH2001,2019-11-25 09:34:48.200,2926.0000,846,0,32494860.000,0,-,-,-,-,2923.6000,2923.4000,2922.2000,2920.2000,2918.4000,2925.4000,2926.0000,2928.6000,2929.2000,2930.0000,1,1,1,1,5,1,1,1,1,1
SF,IH2001,2019-11-25 09:34:49.200,2925.4000,845,-1,33372480.000,1,0,1,双平,S,2923.8000,2923.6000,2923.4000,2922.2000,2920.2000,2926.8000,2928.6000,2929.2000,2930.0000,2930.4000,1,1,2,1,1,1,1,1,1,1
SF,IH2001,2019-11-25 09:34:49.700,2925.4000,845,0,33372480.000,0,-,-,-,-,2924.0000,2923.8000,2923.6000,2923.4000,2922.2000,2926.4000,2926.6000,2926.8000,2928.6000,2929.2000,2,1,1,1,1,1,1,1,1,1
SF,IH2001,2019-11-25 09:34:50.200,2925.4000,845,0,33372480.000,0,-,-,-,-,2924.0000,2923.8000,2923.6000,2923.4000,2922.2000,2926.2000,2926.6000,2928.6000,2929.2000,2930.0000,2,1,1,1,1,2,1,1,1,1
SF,IH2001,2019-11-25 09:34:50.700,2925.4000,845,0,33372480.000,0,-,-,-,-,2924.2000,2924.0000,2923.6000,2923.4000,2922.2000,2926.0000,2926.2000,2926.6000,2928.6000,2929.2000,1,2,1,1,1,1,2,1,1,1
SF,IH2001,2019-11-25 09:34:51.200,2925.4000,845,0,33372480.000,0,-,-,-,-,2924.2000,2923.6000,2923.4000,2922.2000,2920.2000,2925.8000,2926.2000,2928.6000,2929.2000,2930.0000,1,1,1,1,1,2,1,1,1,1
SF,IH2001,2019-11-25 09:34:51.700,2925.4000,845,0,33372480.000,0,-,-,-,-,2924.2000,2923.6000,2923.4000,2922.2000,2920.2000,2925.6000,2925.8000,2926.2000,2928.6000,2929.2000,1,1,1,1,1,1,2,1,1,1
SF,IH2001,2019-11-25 09:34:52.200,2925.4000,845,0,33372480.000,0,-,-,-,-,2923.6000,2923.4000,2922.2000,2920.2000,2918.4000,2925.6000,2925.8000,2926.2000,2928.6000,2929.2000,1,1,1,1,5,1,1,1,1,1
SF,IH2001,2019-11-25 09:34:52.700,2925.4000,845,0,33372480.000,0,-,-,-,-,2923.6000,2923.4000,2922.2000,2920.2000,2918.4000,2925.4000,2925.6000,2925.8000,2928.6000,2929.2000,1,1,1,1,5,1,1,1,1,1
SF,IH2001,2019-11-25 09:34:53.200,2925.4000,845,0,33372480.000,0,-,-,-,-,2923.8000,2923.6000,2923.4000,2922.2000,2920.2000,2925.6000,2925.8000,2928.6000,2929.2000,2929.8000,1,1,1,1,1,1,1,1,1,5
SF,IH2001,2019-11-25 09:34:53.700,2925.4000,845,0,33372480.000,0,-,-,-,-,2923.8000,2923.6000,2923.4000,2922.2000,2920.2000,2925.8000,2928.6000,2929.2000,2929.8000,2930.0000,1,1,1,1,1,1,1,1,5,1
SF,IH2001,2019-11-25 09:34:54.200,2925.4000,845,0,33372480.000,0,-,-,-,-,2923.8000,2923.6000,2923.4000,2922.2000,2920.2000,2925.8000,2928.6000,2929.2000,2929.8000,2930.0000,1,1,1,1,1,1,1,1,5,1
SF,IH2001,2019-11-25 09:34:54.700,2925.4000,845,0,33372480.000,0,-,-,-,-,2923.8000,2923.6000,2923.4000,2922.2000,2920.2000,2925.6000,2925.8000,2928.6000,2929.2000,2929.8000,1,1,1,1,1,1,1,1,1,5
SF,IH2001,2019-11-25 09:34:55.200,2925.4000,845,0,33372480.000,0,-,-,-,-,2923.8000,2923.6000,2923.4000,2922.2000,2920.2000,2925.8000,2928.6000,2929.2000,2929.8000,2930.0000,1,1,1,1,1,1,1,1,5,1
SF,IH2001,2019-11-25 09:34:57.700,2925.4000,845,0,33372480.000,0,-,-,-,-,2923.8000,2923.6000,2922.2000,2920.2000,2918.4000,2925.8000,2928.6000,2929.2000,2929.8000,2930.0000,1,1,1,1,5,1,1,1,5,1
SF,IH2001,2019-11-25 09:34:58.200,2925.4000,845,0,33372480.000,0,-,-,-,-,2923.6000,2922.2000,2920.2000,2918.4000,2910.2000,2925.6000,2925.8000,2928.6000,2929.2000,2929.8000,1,1,1,5,1,2,1,1,1,5
SF,IH2001,2019-11-25 09:34:58.700,2925.4000,845,0,33372480.000,0,-,-,-,-,2923.6000,2922.2000,2920.2000,2918.4000,2910.2000,2925.4000,2925.6000,2925.8000,2928.6000,2929.2000,1,1,1,5,1,1,4,1,1,1
SF,IH2001,2019-11-25 09:34:59.200,2925.4000,845,0,33372480.000,0,-,-,-,-,2923.6000,2922.2000,2920.2000,2918.4000,2910.2000,2925.4000,2925.6000,2925.8000,2928.6000,2929.2000,1,1,1,5,1,1,1,1,1,1
SF,IH2001,2019-11-25 09:34:59.700,2925.4000,845,0,33372480.000,0,-,-,-,-,2922.2000,2920.2000,2918.4000,2910.2000,2906.2000,2925.4000,2925.6000,2925.8000,2928.6000,2929.2000,1,1,5,1,1,1,1,1,1,1
SF,IH2001,2019-11-25 09:35:00.200,2925.4000,845,0,33372480.000,0,-,-,-,-,2922.4000,2922.2000,2920.2000,2918.4000,2910.2000,2925.4000,2925.6000,2925.8000,2928.6000,2929.2000,2,1,1,5,1,1,1,1,1,1
SF,IH2001,2019-11-25 09:35:00.700,2925.4000,845,0,33372480.000,0,-,-,-,-,2922.4000,2922.2000,2920.2000,2918.4000,2910.2000,2925.2000,2925.4000,2925.6000,2925.8000,2928.6000,2,1,1,5,1,1,1,1,1,1
SF,IH2001,2019-11-25 09:35:01.200,2925.4000,845,0,33372480.000,0,-,-,-,-,2922.6000,2922.4000,2922.2000,2920.2000,2918.4000,2925.0000,2925.2000,2925.4000,2928.6000,2929.2000,1,2,1,1,5,1,1,1,1,1
SF,IH2001,2019-11-25 09:35:01.700,2925.4000,845,0,33372480.000,0,-,-,-,-,2922.6000,2922.2000,2920.2000,2918.4000,2910.2000,2924.8000,2925.0000,2925.4000,2928.6000,2929.2000,1,1,1,5,1,2,2,1,1,1
SF,IH2001,2019-11-25 09:35:02.200,2925.4000,845,0,33372480.000,0,-,-,-,-,2922.6000,2922.2000,2920.2000,2918.4000,2910.2000,2924.6000,2924.8000,2925.0000,2928.6000,2929.2000,1,1,1,5,1,1,2,2,1,1
SF,IH2001,2019-11-25 09:35:02.700,2925.4000,845,0,33372480.000,0,-,-,-,-,2922.6000,2922.2000,2920.2000,2918.4000,2910.2000,2924.6000,2924.8000,2925.0000,2928.6000,2929.2000,1,1,1,5,1,1,1,2,1,1
SF,IH2001,2019-11-25 09:35:03.200,2922.6000,844,-1,34249260.000,1,0,1,双平,S,2920.2000,2914.6000,2910.2000,2906.2000,2895.0000,2924.4000,2924.6000,2924.8000,2925.0000,2928.6000,1,5,1,1,1,1,1,1,2,1
SF,IH2001,2019-11-25 09:35:03.700,2922.6000,844,0,34249260.000,0,-,-,-,-,2921.2000,2920.4000,2920.2000,2914.6000,2910.2000,2924.2000,2924.4000,2924.6000,2925.0000,2925.6000,3,1,1,5,1,1,1,1,1,1
SF,IH2001,2019-11-25 09:35:04.200,2922.6000,844,0,34249260.000,0,-,-,-,-,2921.6000,2921.2000,2920.4000,2920.2000,2914.6000,2924.0000,2924.2000,2924.6000,2925.0000,2925.6000,1,3,1,1,5,1,1,1,1,1
SF,IH2001,2019-11-25 09:35:04.700,2922.6000,844,0,34249260.000,0,-,-,-,-,2922.2000,2921.8000,2921.6000,2921.4000,2920.4000,2924.2000,2924.6000,2925.0000,2925.6000,2929.8000,1,3,1,1,1,1,1,1,1,5
SF,IH2001,2019-11-25 09:35:05.200,2922.6000,844,0,34249260.000,0,-,-,-,-,2922.4000,2922.2000,2921.8000,2921.4000,2920.4000,2924.2000,2924.6000,2925.0000,2925.6000,2929.8000,2,1,1,1,1,1,1,1,1,5
SF,IH2001,2019-11-25 09:35:05.700,2922.6000,844,0,34249260.000,0,-,-,-,-,2922.6000,2922.4000,2922.2000,2921.8000,2921.4000,2925.6000,2929.8000,2931.0000,2934.0000,2935.0000,1,3,1,1,1,1,5,1,1,1
SF,IH2001,2019-11-25 09:35:06.200,2922.6000,844,0,34249260.000,0,-,-,-,-,2922.8000,2922.6000,2922.4000,2922.2000,2921.8000,2925.2000,2925.4000,2925.6000,2929.8000,2931.0000,3,1,1,1,1,1,1,1,5,1
SF,IH2001,2019-11-25 09:35:06.700,2922.6000,844,0,34249260.000,0,-,-,-,-,2922.8000,2922.4000,2922.2000,2921.8000,2920.2000,2925.4000,2925.6000,2929.8000,2931.0000,2934.0000,3,1,1,1,1,1,1,5,1,1
SF,IH2001,2019-11-25 09:35:07.200,2922.6000,844,0,34249260.000,0,-,-,-,-,2923.2000,2922.8000,2922.4000,2922.2000,2921.8000,2925.0000,2925.4000,2925.6000,2929.8000,2931.0000,1,3,1,1,1,1,1,1,5,1
SF,IH2001,2019-11-25 09:35:07.700,2922.6000,844,0,34249260.000,0,-,-,-,-,2923.4000,2923.2000,2922.8000,2922.4000,2922.2000,2925.4000,2925.6000,2929.8000,2931.0000,2934.0000,1,1,1,1,1,1,1,5,1,1
SF,IH2001,2019-11-25 09:35:08.200,2922.6000,844,0,34249260.000,0,-,-,-,-,2923.4000,2923.2000,2922.8000,2922.4000,2922.2000,2924.8000,2925.0000,2925.4000,2925.6000,2929.8000,1,1,1,1,1,1,1,1,1,5
SF,IH2001,2019-11-25 09:35:08.700,2922.6000,844,0,34249260.000,0,-,-,-,-,2923.4000,2923.2000,2922.8000,2922.4000,2922.2000,2925.6000,2929.8000,2931.0000,2934.0000,2947.2000,1,1,1,1,1,1,5,1,1,1
SF,IH2001,2019-11-25 09:35:09.200,2922.6000,844,0,34249260.000,0,-,-,-,-,2923.4000,2923.2000,2922.8000,2922.4000,2922.2000,2925.4000,2925.6000,2929.8000,2931.0000,2934.0000,1,1,1,1,1,1,1,5,1,1
SF,IH2001,2019-11-25 09:35:09.700,2922.6000,844,0,34249260.000,0,-,-,-,-,2923.4000,2923.2000,2922.8000,2922.4000,2922.2000,2925.6000,2929.8000,2931.0000,2934.0000,2947.2000,1,1,1,1,1,1,5,1,1,1
SF,IH2001,2019-11-25 09:35:10.200,2922.6000,844,0,34249260.000,0,-,-,-,-,2923.6000,2923.4000,2923.2000,2922.8000,2922.6000,2925.6000,2929.8000,2931.0000,2934.0000,2947.2000,1,1,1,1,3,1,5,1,1,1
SF,IH2001,2019-11-25 09:35:10.700,2922.6000,844,0,34249260.000,0,-,-,-,-,2922.8000,2922.6000,2922.4000,2922.2000,2920.2000,2925.4000,2925.6000,2929.8000,2931.0000,2934.0000,1,3,1,1,1,2,1,5,1,1
SF,IH2001,2019-11-25 09:35:11.200,2922.6000,844,0,34249260.000,0,-,-,-,-,2923.2000,2923.0000,2922.8000,2922.6000,2922.4000,2925.4000,2925.6000,2929.8000,2931.0000,2934.0000,1,1,1,3,1,2,1,5,1,1
SF,IH2001,2019-11-25 09:35:11.700,2922.6000,844,0,34249260.000,0,-,-,-,-,2923.2000,2922.8000,2922.6000,2922.4000,2922.2000,2925.4000,2925.6000,2929.8000,2931.0000,2934.0000,1,1,3,1,1,2,1,5,1,1
SF,IH2001,2019-11-25 09:35:12.200,2922.6000,844,0,34249260.000,0,-,-,-,-,2923.2000,2922.8000,2922.6000,2922.4000,2922.2000,2925.4000,2925.6000,2929.8000,2931.0000,2934.0000,1,1,3,1,1,1,1,5,1,1
SF,IH2001,2019-11-25 09:35:13.700,2922.6000,844,0,34249260.000,0,-,-,-,-,2923.2000,2922.8000,2922.6000,2922.4000,2922.2000,2925.2000,2925.4000,2925.6000,2929.8000,2931.0000,1,1,3,1,1,1,1,1,5,1
SF,IH2001,2019-11-25 09:35:14.200,2922.6000,844,0,34249260.000,0,-,-,-,-,2923.2000,2922.8000,2922.6000,2922.4000,2922.2000,2925.0000,2925.2000,2925.6000,2929.8000,2931.0000,1,1,3,1,1,1,1,1,5,1
SF,IH2001,2019-11-25 09:35:14.700,2922.6000,844,0,34249260.000,0,-,-,-,-,2923.2000,2922.8000,2922.6000,2922.4000,2922.2000,2925.0000,2925.2000,2925.6000,2929.8000,2931.0000,1,1,3,1,1,1,1,1,5,1
SF,IH2001,2019-11-25 09:35:15.200,2922.6000,844,0,34249260.000,0,-,-,-,-,2923.2000,2922.8000,2922.6000,2922.4000,2922.2000,2925.0000,2925.6000,2929.8000,2931.0000,2934.0000,1,1,3,1,1,1,1,5,1,1
SF,IH2001,2019-11-25 09:35:15.700,2923.2000,843,-1,35126220.000,1,0,1,双平,S,2922.8000,2922.6000,2922.4000,2922.2000,2920.2000,2924.8000,2925.0000,2925.6000,2929.8000,2931.0000,1,3,1,1,1,1,1,1,5,1
SF,IH2001,2019-11-25 09:35:16.200,2923.2000,843,0,35126220.000,0,-,-,-,-,2922.6000,2922.4000,2922.2000,2920.2000,2914.6000,2924.4000,2924.6000,2924.8000,2925.6000,2929.8000,3,1,1,1,5,1,1,1,1,5
SF,IH2001,2019-11-25 09:35:16.700,2923.2000,843,0,35126220.000,0,-,-,-,-,2922.6000,2922.4000,2922.2000,2920.2000,2914.6000,2924.4000,2924.8000,2925.6000,2929.8000,2931.0000,3,1,1,1,5,1,1,1,5,1
SF,IH2001,2019-11-25 09:35:19.700,2923.2000,843,0,35126220.000,0,-,-,-,-,2922.8000,2922.6000,2922.4000,2922.2000,2920.2000,2924.4000,2925.6000,2929.8000,2931.0000,2934.0000,1,3,1,1,1,1,1,5,1,1
SF,IH2001,2019-11-25 09:35:20.200,2923.2000,843,0,35126220.000,0,-,-,-,-,2923.0000,2922.8000,2922.6000,2922.4000,2922.2000,2925.6000,2929.8000,2931.0000,2934.0000,2947.2000,2,1,3,1,1,1,5,1,1,1
SF,IH2001,2019-11-25 09:35:20.700,2923.2000,843,0,35126220.000,0,-,-,-,-,2923.0000,2922.8000,2922.6000,2922.4000,2922.2000,2925.2000,2925.4000,2925.6000,2929.8000,2931.0000,2,1,3,1,1,1,1,1,5,1
SF,IH2001,2019-11-25 09:35:21.200,2923.2000,843,0,35126220.000,0,-,-,-,-,2923.0000,2922.8000,2922.6000,2922.4000,2922.2000,2925.2000,2925.4000,2925.6000,2929.8000,2931.0000,2,1,3,1,1,1,1,1,5,1
SF,IH2001,2019-11-25 09:35:21.700,2923.2000,843,0,35126220.000,0,-,-,-,-,2923.0000,2922.8000,2922.6000,2922.4000,2922.2000,2925.4000,2925.6000,2929.8000,2931.0000,2934.0000,2,1,3,1,1,1,1,5,1,1
SF,IH2001,2019-11-25 09:35:22.200,2923.2000,843,0,35126220.000,0,-,-,-,-,2923.0000,2922.8000,2922.6000,2922.4000,2922.2000,2925.2000,2925.4000,2925.6000,2929.8000,2931.0000,2,1,3,1,1,1,1,1,5,1
SF,IH2001,2019-11-25 09:35:24.200,2923.2000,843,0,35126220.000,0,-,-,-,-,2923.2000,2923.0000,2922.8000,2922.6000,2922.4000,2925.2000,2925.6000,2929.8000,2931.0000,2934.0000,2,2,1,3,1,1,1,5,1,1
SF,IH2001,2019-11-25 09:35:24.700,2923.2000,843,0,35126220.000,0,-,-,-,-,2923.4000,2923.2000,2922.8000,2922.6000,2922.4000,2925.6000,2929.8000,2931.0000,2934.0000,2947.2000,1,2,1,3,1,1,5,1,1,1
SF,IH2001,2019-11-25 09:35:25.200,2923.2000,843,0,35126220.000,0,-,-,-,-,2923.4000,2923.2000,2922.8000,2922.6000,2922.4000,2925.4000,2925.6000,2929.8000,2931.0000,2934.0000,1,2,1,3,1,1,1,5,1,1
SF,IH2001,2019-11-25 09:35:25.700,2923.2000,843,0,35126220.000,0,-,-,-,-,2923.4000,2923.2000,2922.8000,2922.6000,2922.4000,2925.2000,2925.4000,2925.6000,2929.8000,2931.0000,1,2,1,3,1,1,1,1,5,1
SF,IH2001,2019-11-25 09:35:26.700,2923.2000,843,0,35126220.000,0,-,-,-,-,2923.4000,2923.2000,2922.8000,2922.6000,2922.4000,2925.0000,2925.2000,2925.4000,2925.6000,2929.8000,1,2,1,3,1,1,1,1,1,5
SF,IH2001,2019-11-25 09:35:27.200,2923.2000,843,0,35126220.000,0,-,-,-,-,2923.2000,2922.6000,2922.4000,2922.2000,2920.2000,2924.8000,2925.0000,2925.2000,2925.4000,2925.6000,1,3,1,1,1,1,1,1,1,1
SF,IH2001,2019-11-25 09:35:27.700,2923.2000,843,0,35126220.000,0,-,-,-,-,2922.6000,2922.4000,2922.2000,2920.2000,2914.6000,2924.6000,2924.8000,2925.0000,2925.6000,2929.8000,3,1,1,1,5,1,1,1,1,5
SF,IH2001,2019-11-25 09:35:28.200,2923.2000,843,0,35126220.000,0,-,-,-,-,2922.6000,2922.4000,2922.2000,2920.2000,2914.6000,2924.2000,2924.6000,2925.0000,2925.6000,2929.8000,3,1,1,1,5,1,1,1,1,5
SF,IH2001,2019-11-25 09:35:28.700,2923.2000,843,0,35126220.000,0,-,-,-,-,2922.6000,2922.4000,2922.2000,2920.2000,2914.6000,2924.2000,2924.6000,2925.0000,2925.6000,2929.8000,2,1,1,1,5,1,1,1,1,5
SF,IH2001,2019-11-25 09:35:29.200,2923.2000,843,0,35126220.000,0,-,-,-,-,2922.8000,2922.6000,2922.4000,2922.2000,2920.2000,2924.2000,2924.6000,2925.0000,2925.6000,2929.8000,1,2,1,1,1,1,1,1,1,5
SF,IH2001,2019-11-25 09:35:30.200,2923.2000,843,0,35126220.000,0,-,-,-,-,2922.8000,2922.6000,2922.4000,2922.2000,2920.2000,2924.2000,2924.6000,2925.0000,2925.6000,2929.8000,1,1,1,1,1,1,1,1,1,5
SF,IH2001,2019-11-25 09:35:33.700,2923.2000,843,0,35126220.000,0,-,-,-,-,2922.8000,2922.6000,2922.4000,2922.2000,2920.2000,2924.2000,2925.0000,2925.6000,2929.8000,2931.0000,1,1,1,1,1,1,1,1,5,1
SF,IH2001,2019-11-25 09:35:34.200,2923.2000,843,0,35126220.000,0,-,-,-,-,2922.8000,2922.6000,2922.4000,2922.2000,2920.2000,2925.0000,2925.6000,2929.8000,2931.0000,2934.0000,1,1,1,1,1,1,1,5,1,1
SF,IH2001,2019-11-25 09:35:34.700,2923.2000,843,0,35126220.000,0,-,-,-,-,2922.8000,2922.6000,2922.4000,2922.2000,2920.2000,2924.8000,2925.0000,2925.6000,2929.8000,2931.0000,1,1,1,1,1,1,1,1,5,1
SF,IH2001,2019-11-25 09:35:35.200,2923.2000,843,0,35126220.000,0,-,-,-,-,2923.2000,2922.8000,2922.6000,2922.4000,2922.2000,2924.8000,2925.6000,2929.8000,2931.0000,2934.0000,1,1,1,1,1,1,1,5,1,1
SF,IH2001,2019-11-25 09:35:35.700,2923.2000,843,0,35126220.000,0,-,-,-,-,2923.4000,2923.2000,2922.6000,2922.4000,2922.2000,2924.6000,2925.6000,2929.8000,2931.0000,2934.0000,1,1,1,1,1,1,1,5,1,1
SF,IH2001,2019-11-25 09:35:36.200,2923.2000,843,0,35126220.000,0,-,-,-,-,2923.4000,2923.2000,2922.6000,2922.4000,2922.2000,2925.6000,2929.8000,2931.0000,2934.0000,2947.2000,1,1,1,1,1,1,5,1,1,1
SF,IH2001,2019-11-25 09:35:36.700,2923.2000,843,0,35126220.000,0,-,-,-,-,2923.4000,2923.2000,2922.6000,2922.4000,2922.2000,2925.0000,2925.4000,2925.6000,2929.8000,2931.0000,1,1,1,1,1,1,2,1,5,1
SF,IH2001,2019-11-25 09:35:37.200,2923.2000,843,0,35126220.000,0,-,-,-,-,2923.4000,2923.2000,2922.6000,2922.4000,2922.2000,2925.0000,2925.4000,2925.6000,2929.8000,2931.0000,1,1,1,1,1,1,1,1,5,1
SF,IH2001,2019-11-25 09:35:39.700,2923.4000,843,0,36003240.000,1,0,1,多换,S,2923.2000,2922.6000,2922.4000,2922.2000,2922.0000,2925.0000,2925.4000,2925.6000,2929.8000,2931.0000,1,1,1,1,1,1,2,1,5,1
SF,IH2001,2019-11-25 09:35:40.200,2923.4000,843,0,36003240.000,0,-,-,-,-,2923.4000,2923.2000,2922.6000,2922.4000,2922.2000,2925.6000,2929.8000,2931.0000,2934.0000,2947.2000,1,1,1,1,1,1,5,1,1,1
SF,IH2001,2019-11-25 09:35:40.700,2923.4000,843,0,36003240.000,0,-,-,-,-,2923.4000,2923.2000,2922.6000,2922.4000,2922.2000,2925.4000,2925.6000,2929.8000,2931.0000,2934.0000,1,1,1,1,1,4,1,5,1,1
SF,IH2001,2019-11-25 09:35:41.200,2923.4000,843,0,36880260.000,1,0,1,多换,S,2923.2000,2922.6000,2922.4000,2922.2000,2920.2000,2925.4000,2925.6000,2929.8000,2931.0000,2934.0000,1,1,1,1,1,4,1,5,1,1
SF,IH2001,2019-11-25 09:35:41.700,2923.4000,843,0,36880260.000,0,-,-,-,-,2923.2000,2922.6000,2922.4000,2922.2000,2920.2000,2925.2000,2925.4000,2925.6000,2929.8000,2931.0000,1,1,1,1,1,1,4,1,5,1
SF,IH2001,2019-11-25 09:35:42.200,2923.4000,843,0,36880260.000,0,-,-,-,-,2923.4000,2923.2000,2922.6000,2922.4000,2922.2000,2925.0000,2925.4000,2925.6000,2929.8000,2931.0000,1,1,1,1,1,1,1,1,5,1
SF,IH2001,2019-11-25 09:35:44.200,2923.4000,843,0,36880260.000,0,-,-,-,-,2923.4000,2923.2000,2922.6000,2922.4000,2922.2000,2925.0000,2925.4000,2925.6000,2929.8000,2931.0000,2,1,1,1,1,1,1,1,5,1
SF,IH2001,2019-11-25 09:35:47.200,2925.0000,842,-1,37757760.000,1,0,1,双平,S,2924.0000,2923.4000,2923.2000,2922.6000,2922.4000,2925.4000,2925.6000,2926.8000,2931.0000,2933.6000,1,3,1,1,1,1,1,1,1,5
SF,IH2001,2019-11-25 09:35:47.700,2925.0000,842,0,37757760.000,0,-,-,-,-,2924.2000,2923.4000,2923.2000,2922.6000,2922.2000,2925.6000,2931.0000,2933.6000,2934.0000,2947.2000,2,3,1,1,1,1,1,5,1,1
SF,IH2001,2019-11-25 09:35:48.200,2925.0000,842,0,37757760.000,0,-,-,-,-,2924.2000,2923.4000,2923.2000,2922.6000,2922.2000,2925.6000,2931.0000,2933.6000,2934.0000,2947.2000,2,3,1,1,1,1,1,5,1,1
SF,IH2001,2019-11-25 09:35:48.700,2925.6000,842,0,38635440.000,1,0,1,多换,S,2924.6000,2924.4000,2924.2000,2923.4000,2923.2000,2931.0000,2933.6000,2934.0000,2947.2000,2948.2000,1,1,2,3,1,1,5,1,1,1
SF,IH2001,2019-11-25 09:35:49.200,2925.6000,842,0,38635440.000,0,-,-,-,-,2925.6000,2924.4000,2924.2000,2923.4000,2922.2000,2928.0000,2928.2000,2929.8000,2930.8000,2931.0000,4,2,1,1,1,3,1,1,7,1
SF,IH2001,2019-11-25 09:35:49.700,2925.6000,842,0,38635440.000,0,-,-,-,-,2925.6000,2924.8000,2924.4000,2924.2000,2922.2000,2927.8000,2928.0000,2929.8000,2930.8000,2931.0000,4,1,2,1,1,2,3,1,7,1
SF,IH2001,2019-11-25 09:35:50.200,2925.6000,842,0,38635440.000,0,-,-,-,-,2925.6000,2924.8000,2924.4000,2924.2000,2922.2000,2927.0000,2927.6000,2927.8000,2929.8000,2930.8000,4,1,1,1,1,1,2,2,1,7
SF,IH2001,2019-11-25 09:35:50.700,2925.6000,842,0,38635440.000,0,-,-,-,-,2925.6000,2924.8000,2924.4000,2924.2000,2922.2000,2927.0000,2927.8000,2929.8000,2930.8000,2931.0000,4,1,1,1,1,1,2,1,7,1
SF,IH2001,2019-11-25 09:35:51.200,2925.6000,842,0,38635440.000,0,-,-,-,-,2925.6000,2924.8000,2924.2000,2922.2000,2920.2000,2927.0000,2927.8000,2929.8000,2930.8000,2931.0000,4,1,1,1,1,1,2,1,7,1
SF,IH2001,2019-11-25 09:35:51.700,2925.6000,842,0,38635440.000,0,-,-,-,-,2925.6000,2924.8000,2924.2000,2922.2000,2920.2000,2926.8000,2927.0000,2927.8000,2929.8000,2930.8000,4,1,1,1,1,1,1,2,1,7
SF,IH2001,2019-11-25 09:35:52.200,2925.6000,842,0,38635440.000,0,-,-,-,-,2925.6000,2924.8000,2924.2000,2922.2000,2920.2000,2927.8000,2929.8000,2930.8000,2931.0000,2933.6000,4,1,1,1,1,2,1,7,1,5
SF,IH2001,2019-11-25 09:35:52.700,2925.6000,842,0,38635440.000,0,-,-,-,-,2925.6000,2924.8000,2924.2000,2922.2000,2920.2000,2927.6000,2927.8000,2929.8000,2930.8000,2931.0000,3,1,1,1,1,1,2,1,7,1
SF,IH2001,2019-11-25 09:35:53.200,2925.6000,842,0,38635440.000,0,-,-,-,-,2925.6000,2924.8000,2924.2000,2922.2000,2920.2000,2927.4000,2927.6000,2927.8000,2929.8000,2930.8000,2,1,1,1,1,2,1,2,1,6
SF,IH2001,2019-11-25 09:35:53.700,2925.6000,842,0,38635440.000,0,-,-,-,-,2926.0000,2925.8000,2925.6000,2924.8000,2924.2000,2927.4000,2927.6000,2927.8000,2929.8000,2930.8000,1,1,2,1,1,1,1,2,1,6
SF,IH2001,2019-11-25 09:35:54.200,2925.6000,842,0,38635440.000,0,-,-,-,-,2926.2000,2926.0000,2925.6000,2924.8000,2924.2000,2927.8000,2930.8000,2931.0000,2933.6000,2934.0000,1,1,1,1,1,1,6,1,5,1
SF,IH2001,2019-11-25 09:35:54.700,2925.6000,842,0,38635440.000,0,-,-,-,-,2926.2000,2926.0000,2925.6000,2924.8000,2924.2000,2930.8000,2931.0000,2933.6000,2934.0000,2947.2000,1,1,1,1,1,6,1,5,1,1
SF,IH2001,2019-11-25 09:35:55.200,2925.6000,842,0,38635440.000,0,-,-,-,-,2926.2000,2926.0000,2925.6000,2924.8000,2924.2000,2929.2000,2930.2000,2930.6000,2930.8000,2931.0000,1,1,1,1,1,1,3,1,6,1
SF,IH2001,2019-11-25 09:35:55.700,2925.6000,842,0,38635440.000,0,-,-,-,-,2926.2000,2926.0000,2925.6000,2924.8000,2924.2000,2929.0000,2929.2000,2930.6000,2930.8000,2931.0000,1,1,1,1,1,3,1,1,6,1
SF,IH2001,2019-11-25 09:35:56.200,2925.6000,842,0,38635440.000,0,-,-,-,-,2926.4000,2926.2000,2926.0000,2925.6000,2924.8000,2929.0000,2930.6000,2930.8000,2931.0000,2933.6000,1,1,1,1,1,3,1,6,1,5
SF,IH2001,2019-11-25 09:35:56.700,2925.6000,842,0,38635440.000,0,-,-,-,-,2926.0000,2925.6000,2924.8000,2922.2000,2920.2000,2928.4000,2929.0000,2930.6000,2930.8000,2931.0000,1,1,1,5,1,1,3,1,6,1
SF,IH2001,2019-11-25 09:35:57.200,2925.6000,842,0,38635440.000,0,-,-,-,-,2926.2000,2926.0000,2925.6000,2924.8000,2922.2000,2928.2000,2928.4000,2929.0000,2930.8000,2931.0000,1,1,1,1,5,1,1,2,6,1
SF,IH2001,2019-11-25 09:35:57.700,2925.6000,842,0,38635440.000,0,-,-,-,-,2926.2000,2926.0000,2925.6000,2924.8000,2922.2000,2929.0000,2930.8000,2931.0000,2933.6000,2934.0000,2,1,1,1,5,2,6,1,5,1
SF,IH2001,2019-11-25 09:35:58.200,2925.6000,842,0,38635440.000,0,-,-,-,-,2926.2000,2926.0000,2925.6000,2924.8000,2922.2000,2928.8000,2929.0000,2930.8000,2931.0000,2933.6000,2,1,1,1,5,2,2,6,1,5
SF,IH2001,2019-11-25 09:35:58.700,2925.6000,842,0,38635440.000,0,-,-,-,-,2926.2000,2926.0000,2925.6000,2924.8000,2922.2000,2928.8000,2929.0000,2930.8000,2931.0000,2933.6000,2,1,2,1,5,2,1,6,1,5
SF,IH2001,2019-11-25 09:35:59.200,2925.6000,842,0,38635440.000,0,-,-,-,-,2926.2000,2926.0000,2925.6000,2924.8000,2922.2000,2928.8000,2929.0000,2930.8000,2931.0000,2933.6000,2,1,2,1,5,2,1,6,1,5
SF,IH2001,2019-11-25 09:36:00.700,2925.6000,842,0,38635440.000,0,-,-,-,-,2926.2000,2926.0000,2925.6000,2924.8000,2922.2000,2928.8000,2929.0000,2930.8000,2931.0000,2933.6000,2,1,3,1,5,2,1,6,1,5
SF,IH2001,2019-11-25 09:36:01.200,2925.6000,842,0,38635440.000,0,-,-,-,-,2926.2000,2926.0000,2925.6000,2924.8000,2922.2000,2928.8000,2929.0000,2930.8000,2931.0000,2933.6000,2,1,3,1,5,1,1,6,1,5
SF,IH2001,2019-11-25 09:36:01.700,2925.6000,842,0,38635440.000,0,-,-,-,-,2926.2000,2926.0000,2925.6000,2924.8000,2922.2000,2928.6000,2928.8000,2929.0000,2930.8000,2931.0000,2,1,4,1,5,1,1,1,6,1
SF,IH2001,2019-11-25 09:36:02.200,2925.6000,842,0,38635440.000,0,-,-,-,-,2926.2000,2926.0000,2925.6000,2924.8000,2922.2000,2928.4000,2928.6000,2929.0000,2930.8000,2931.0000,1,1,4,1,5,2,3,1,6,1
SF,IH2001,2019-11-25 09:36:02.700,2925.6000,842,0,38635440.000,0,-,-,-,-,2926.2000,2926.0000,2925.6000,2924.8000,2922.2000,2928.6000,2929.0000,2930.8000,2931.0000,2933.6000,1,1,5,1,5,1,1,6,1,5
SF,IH2001,2019-11-25 09:36:03.200,2925.6000,842,0,38635440.000,0,-,-,-,-,2926.2000,2926.0000,2925.6000,2924.8000,2922.2000,2928.2000,2928.4000,2928.6000,2929.0000,2930.8000,1,1,5,1,5,1,2,1,1,6
SF,IH2001,2019-11-25 09:36:03.700,2925.6000,842,0,38635440.000,0,-,-,-,-,2926.4000,2926.2000,2926.0000,2925.6000,2924.8000,2929.0000,2930.8000,2931.0000,2933.6000,2934.0000,1,1,1,5,1,1,6,1,5,1
SF,IH2001,2019-11-25 09:36:04.200,2925.6000,842,0,38635440.000,0,-,-,-,-,2926.4000,2925.6000,2924.8000,2920.2000,2918.4000,2928.0000,2928.8000,2929.0000,2930.8000,2931.0000,1,5,1,1,5,1,2,1,6,1
SF,IH2001,2019-11-25 09:36:04.700,2925.6000,842,0,38635440.000,0,-,-,-,-,2926.4000,2925.6000,2924.8000,2920.2000,2918.4000,2928.8000,2929.0000,2930.8000,2931.0000,2933.6000,1,5,1,1,5,2,1,6,1,5
SF,IH2001,2019-11-25 09:36:05.200,2925.6000,842,0,38635440.000,0,-,-,-,-,2926.4000,2925.6000,2924.8000,2920.2000,2918.4000,2928.6000,2928.8000,2929.0000,2930.8000,2931.0000,1,5,1,1,5,1,2,1,6,1
SF,IH2001,2019-11-25 09:36:05.700,2925.6000,842,0,38635440.000,0,-,-,-,-,2926.6000,2926.4000,2925.6000,2924.8000,2920.2000,2928.6000,2928.8000,2929.0000,2930.8000,2931.0000,1,1,5,1,1,1,1,1,6,1
SF,IH2001,2019-11-25 09:36:06.200,2925.6000,842,0,38635440.000,0,-,-,-,-,2925.6000,2924.8000,2920.2000,2918.4000,2910.2000,2928.4000,2928.6000,2928.8000,2929.0000,2930.8000,5,1,1,5,1,1,1,1,1,6
SF,IH2001,2019-11-25 09:36:06.700,2925.6000,842,0,38635440.000,0,-,-,-,-,2926.0000,2925.8000,2925.6000,2924.8000,2920.2000,2928.8000,2929.0000,2930.8000,2931.0000,2933.6000,1,2,5,1,1,1,1,6,1,5
SF,IH2001,2019-11-25 09:36:07.200,2925.6000,842,0,38635440.000,0,-,-,-,-,2926.2000,2926.0000,2925.6000,2924.8000,2920.2000,2928.6000,2928.8000,2929.0000,2930.8000,2931.0000,1,1,5,1,1,2,1,1,6,1
SF,IH2001,2019-11-25 09:36:09.700,2928.6000,841,-1,39514020.000,1,0,1,双平,S,2928.6000,2927.8000,2926.4000,2926.2000,2926.0000,2928.8000,2930.6000,2930.8000,2931.0000,2934.0000,1,1,1,3,1,1,1,2,1,1
SF,IH2001,2019-11-25 09:36:10.200,2928.6000,841,0,40392600.000,1,0,1,多换,S,2926.4000,2926.2000,2926.0000,2925.6000,2924.8000,2928.6000,2930.8000,2931.0000,2934.0000,2937.4000,1,2,1,5,1,2,2,1,1,5
SF,IH2001,2019-11-25 09:36:10.700,2928.6000,841,0,40392600.000,0,-,-,-,-,2926.6000,2926.4000,2926.2000,2926.0000,2925.6000,2928.6000,2930.8000,2931.0000,2934.0000,2937.4000,2,1,2,1,5,1,2,1,1,5
SF,IH2001,2019-11-25 09:36:11.200,2928.6000,841,0,40392600.000,0,-,-,-,-,2926.8000,2926.6000,2926.4000,2926.2000,2926.0000,2930.8000,2931.0000,2934.0000,2937.4000,2947.2000,1,2,1,2,1,2,1,1,5,1
SF,IH2001,2019-11-25 09:36:11.700,2928.6000,841,0,40392600.000,0,-,-,-,-,2927.0000,2926.8000,2926.4000,2926.2000,2926.0000,2929.6000,2930.6000,2930.8000,2931.0000,2934.0000,2,1,1,2,1,1,5,2,1,1
SF,IH2001,2019-11-25 09:36:12.200,2928.6000,841,0,40392600.000,0,-,-,-,-,2927.0000,2926.8000,2926.4000,2926.2000,2926.0000,2929.4000,2929.6000,2930.6000,2930.8000,2931.0000,2,1,1,2,1,2,1,1,1,1
SF,IH2001,2019-11-25 09:36:12.700,2928.6000,841,0,40392600.000,0,-,-,-,-,2927.0000,2926.8000,2926.4000,2926.2000,2926.0000,2929.4000,2930.6000,2930.8000,2931.0000,2934.0000,2,1,1,2,1,2,1,1,1,1
SF,IH2001,2019-11-25 09:36:13.200,2928.6000,841,0,40392600.000,0,-,-,-,-,2927.0000,2926.8000,2926.4000,2926.0000,2925.6000,2929.0000,2929.4000,2930.6000,2930.8000,2931.0000,2,1,1,1,5,1,2,1,1,1
SF,IH2001,2019-11-25 09:36:13.700,2928.6000,841,0,40392600.000,0,-,-,-,-,2927.0000,2926.8000,2926.4000,2926.0000,2925.6000,2929.4000,2930.6000,2930.8000,2931.0000,2934.0000,2,1,1,1,5,1,1,1,1,1
SF,IH2001,2019-11-25 09:36:14.200,2928.6000,841,0,40392600.000,0,-,-,-,-,2927.0000,2926.8000,2926.4000,2926.0000,2925.6000,2929.2000,2929.4000,2930.6000,2930.8000,2931.0000,2,1,1,1,5,1,1,1,1,1
SF,IH2001,2019-11-25 09:36:14.700,2928.6000,841,0,40392600.000,0,-,-,-,-,2927.2000,2927.0000,2926.8000,2926.0000,2925.6000,2930.6000,2930.8000,2931.0000,2934.0000,2937.4000,1,2,1,1,5,1,1,1,1,5
SF,IH2001,2019-11-25 09:36:15.200,2928.6000,841,0,40392600.000,0,-,-,-,-,2927.4000,2927.2000,2926.8000,2926.0000,2925.6000,2930.0000,2930.6000,2930.8000,2931.0000,2934.0000,2,1,1,1,5,1,1,1,1,1
SF,IH2001,2019-11-25 09:36:15.700,2928.6000,841,0,40392600.000,0,-,-,-,-,2927.6000,2927.4000,2927.2000,2926.0000,2925.6000,2930.0000,2930.6000,2930.8000,2931.0000,2934.0000,1,2,1,1,5,1,1,1,1,1
SF,IH2001,2019-11-25 09:36:16.200,2928.6000,841,0,40392600.000,0,-,-,-,-,2928.0000,2927.6000,2927.2000,2926.0000,2925.6000,2930.6000,2930.8000,2931.0000,2934.0000,2937.4000,3,1,1,1,5,1,1,1,1,5
SF,IH2001,2019-11-25 09:36:16.700,2928.6000,841,0,40392600.000,0,-,-,-,-,2928.2000,2928.0000,2927.6000,2926.0000,2925.6000,2930.4000,2930.6000,2930.8000,2931.0000,2934.0000,1,3,1,1,5,1,1,1,1,1
SF,IH2001,2019-11-25 09:36:17.200,2928.6000,841,0,40392600.000,0,-,-,-,-,2928.6000,2928.2000,2927.6000,2926.0000,2925.6000,2930.8000,2931.0000,2934.0000,2937.4000,2947.2000,3,1,1,1,5,1,1,1,5,1
SF,IH2001,2019-11-25 09:36:17.700,2928.6000,841,0,40392600.000,0,-,-,-,-,2928.6000,2928.2000,2927.6000,2926.0000,2925.6000,2930.8000,2931.0000,2934.0000,2937.4000,2947.2000,4,1,1,1,5,1,1,1,5,1
SF,IH2001,2019-11-25 09:36:18.200,2928.6000,841,0,40392600.000,0,-,-,-,-,2928.8000,2928.6000,2928.2000,2926.0000,2925.6000,2931.0000,2934.0000,2937.4000,2947.2000,2948.2000,1,4,1,1,5,1,1,5,1,1
SF,IH2001,2019-11-25 09:36:18.700,2928.6000,841,0,40392600.000,0,-,-,-,-,2929.8000,2929.0000,2928.8000,2928.6000,2928.2000,2931.0000,2934.0000,2937.4000,2947.2000,2948.2000,1,3,1,2,1,1,1,5,1,1
SF,IH2001,2019-11-25 09:36:19.200,2928.6000,841,0,40392600.000,0,-,-,-,-,2929.0000,2928.8000,2928.6000,2928.2000,2925.6000,2931.0000,2934.0000,2937.4000,2947.2000,2948.2000,1,1,3,1,4,1,1,5,1,1
SF,IH2001,2019-11-25 09:36:19.700,2928.6000,841,0,40392600.000,0,-,-,-,-,2929.2000,2928.8000,2928.6000,2928.2000,2925.6000,2931.0000,2934.0000,2937.4000,2947.2000,2948.2000,2,1,3,1,4,1,1,5,1,1
SF,IH2001,2019-11-25 09:36:20.200,2928.6000,841,0,40392600.000,0,-,-,-,-,2929.2000,2928.8000,2928.6000,2928.2000,2925.6000,2931.0000,2934.0000,2937.4000,2947.2000,2948.2000,2,1,3,1,4,1,1,5,1,1
SF,IH2001,2019-11-25 09:36:20.700,2928.6000,841,0,40392600.000,0,-,-,-,-,2929.2000,2928.8000,2928.6000,2928.2000,2925.6000,2931.0000,2934.0000,2937.4000,2947.2000,2948.2000,2,1,3,1,4,1,1,5,1,1
SF,IH2001,2019-11-25 09:36:21.200,2928.6000,841,0,40392600.000,0,-,-,-,-,2929.8000,2929.4000,2929.2000,2928.8000,2928.6000,2931.0000,2934.0000,2937.4000,2947.2000,2948.2000,1,1,2,1,3,1,1,5,1,1
SF,IH2001,2019-11-25 09:36:21.700,2931.0000,840,-1,41271900.000,1,0,1,双平,S,2930.0000,2929.8000,2929.4000,2928.8000,2928.6000,2934.0000,2937.4000,2947.2000,2948.2000,2959.0000,1,1,1,1,3,1,5,1,1,1
SF,IH2001,2019-11-25 09:36:22.200,2931.0000,840,0,41271900.000,0,-,-,-,-,2931.0000,2930.0000,2929.8000,2929.4000,2928.8000,2932.6000,2933.8000,2934.0000,2937.4000,2947.2000,4,1,1,1,1,1,6,1,5,1
SF,IH2001,2019-11-25 09:36:22.700,2931.0000,840,0,41271900.000,0,-,-,-,-,2931.0000,2929.8000,2929.4000,2928.8000,2928.6000,2932.4000,2932.6000,2933.8000,2934.0000,2937.4000,4,1,1,1,3,2,1,4,1,5
SF,IH2001,2019-11-25 09:36:23.200,2931.0000,840,0,41271900.000,0,-,-,-,-,2931.0000,2929.8000,2929.4000,2928.8000,2928.6000,2932.4000,2933.8000,2934.0000,2937.4000,2947.2000,4,1,1,1,2,2,4,1,5,1
SF,IH2001,2019-11-25 09:36:23.700,2931.0000,840,0,41271900.000,0,-,-,-,-,2931.0000,2929.8000,2929.4000,2928.8000,2928.6000,2932.0000,2932.4000,2933.8000,2934.0000,2937.4000,4,1,1,1,1,1,2,4,1,5
SF,IH2001,2019-11-25 09:36:24.200,2931.0000,840,0,41271900.000,0,-,-,-,-,2931.0000,2929.8000,2929.4000,2928.8000,2926.0000,2931.8000,2932.0000,2932.4000,2933.8000,2934.0000,4,1,1,1,5,1,1,2,4,1
SF,IH2001,2019-11-25 09:36:24.700,2931.0000,840,0,41271900.000,0,-,-,-,-,2931.0000,2929.8000,2929.4000,2928.8000,2926.0000,2931.8000,2932.0000,2932.4000,2933.8000,2934.0000,3,1,1,1,5,1,1,2,4,1
SF,IH2001,2019-11-25 09:36:25.200,2931.0000,840,0,41271900.000,0,-,-,-,-,2931.2000,2931.0000,2929.8000,2929.4000,2928.8000,2932.0000,2932.4000,2933.8000,2934.0000,2937.4000,1,3,1,1,1,1,2,4,1,5
SF,IH2001,2019-11-25 09:36:25.700,2931.0000,840,0,41271900.000,0,-,-,-,-,2931.2000,2931.0000,2929.8000,2929.4000,2928.8000,2932.4000,2933.8000,2934.0000,2937.4000,2947.2000,1,3,1,1,1,2,4,1,5,1
SF,IH2001,2019-11-25 09:36:26.200,2931.2000,840,0,42151260.000,1,0,1,多换,S,2931.0000,2929.8000,2929.4000,2928.8000,2926.0000,2932.0000,2932.4000,2933.2000,2933.8000,2934.0000,2,2,1,1,5,1,2,1,4,1
SF,IH2001,2019-11-25 09:36:26.700,2931.2000,840,0,42151260.000,0,-,-,-,-,2931.0000,2929.8000,2929.4000,2928.8000,2926.0000,2932.4000,2933.8000,2934.0000,2937.4000,2947.2000,2,1,1,1,5,2,4,1,5,1
SF,IH2001,2019-11-25 09:36:27.200,2931.2000,840,0,42151260.000,0,-,-,-,-,2931.0000,2929.8000,2929.4000,2928.8000,2926.0000,2932.2000,2932.4000,2933.8000,2934.0000,2937.4000,1,1,1,1,5,1,2,4,1,5
SF,IH2001,2019-11-25 09:36:27.700,2931.2000,840,0,42151260.000,0,-,-,-,-,2931.0000,2929.8000,2929.4000,2928.8000,2926.0000,2932.2000,2932.4000,2933.8000,2934.0000,2937.4000,1,1,1,1,5,1,2,2,1,5
SF,IH2001,2019-11-25 09:36:29.200,2931.2000,840,0,42151260.000,0,-,-,-,-,2931.0000,2929.8000,2929.4000,2928.8000,2926.0000,2932.2000,2932.4000,2933.8000,2934.0000,2937.4000,1,1,1,1,5,1,1,2,1,5
SF,IH2001,2019-11-25 09:36:29.700,2931.2000,840,0,42151260.000,0,-,-,-,-,2931.0000,2929.8000,2929.4000,2928.8000,2926.0000,2932.2000,2932.4000,2933.8000,2934.0000,2937.4000,1,1,1,1,5,1,1,2,1,5
SF,IH2001,2019-11-25 09:36:30.700,2931.2000,840,0,42151260.000,0,-,-,-,-,2931.0000,2929.8000,2929.4000,2928.8000,2926.0000,2932.2000,2933.8000,2934.0000,2937.4000,2947.2000,1,1,1,1,5,1,2,1,5,1
SF,IH2001,2019-11-25 09:36:31.200,2931.2000,840,0,42151260.000,0,-,-,-,-,2931.2000,2931.0000,2929.8000,2929.4000,2928.8000,2933.8000,2934.0000,2937.4000,2947.2000,2948.2000,1,1,1,1,1,2,1,5,1,1
SF,IH2001,2019-11-25 09:36:31.700,2931.2000,840,0,42151260.000,0,-,-,-,-,2931.2000,2931.0000,2929.8000,2929.4000,2928.8000,2932.8000,2933.6000,2933.8000,2934.0000,2937.4000,1,1,1,1,1,1,1,2,1,5
SF,IH2001,2019-11-25 09:36:32.200,2931.2000,840,0,42151260.000,0,-,-,-,-,2931.2000,2931.0000,2929.8000,2929.4000,2928.8000,2932.8000,2933.8000,2934.0000,2937.4000,2947.2000,1,1,1,1,1,1,2,1,5,1
SF,IH2001,2019-11-25 09:36:33.200,2931.2000,840,0,42151260.000,0,-,-,-,-,2931.2000,2931.0000,2929.8000,2929.4000,2928.8000,2932.6000,2932.8000,2933.8000,2934.0000,2937.4000,1,1,1,1,1,2,1,2,1,5
SF,IH2001,2019-11-25 09:36:33.700,2931.2000,840,0,42151260.000,0,-,-,-,-,2931.2000,2931.0000,2929.8000,2929.4000,2928.8000,2932.6000,2933.8000,2934.0000,2937.4000,2947.2000,1,1,1,1,1,1,2,1,5,1
SF,IH2001,2019-11-25 09:36:34.200,2931.2000,840,0,42151260.000,0,-,-,-,-,2931.2000,2931.0000,2929.8000,2929.4000,2928.8000,2933.8000,2934.0000,2937.4000,2947.2000,2948.2000,1,2,1,1,1,2,1,5,1,1
SF,IH2001,2019-11-25 09:36:34.700,2931.2000,840,0,42151260.000,0,-,-,-,-,2931.2000,2931.0000,2929.8000,2929.4000,2928.8000,2933.2000,2933.6000,2933.8000,2934.0000,2937.4000,1,2,1,1,1,1,1,2,1,5
SF,IH2001,2019-11-25 09:36:35.200,2931.2000,840,0,42151260.000,0,-,-,-,-,2931.2000,2931.0000,2929.8000,2929.4000,2928.8000,2933.0000,2933.2000,2933.8000,2934.0000,2937.4000,1,2,1,1,1,1,1,2,1,5
SF,IH2001,2019-11-25 09:36:35.700,2931.2000,840,0,42151260.000,0,-,-,-,-,2931.2000,2931.0000,2929.8000,2929.4000,2928.8000,2933.2000,2933.8000,2934.0000,2937.4000,2947.2000,1,2,1,1,1,1,2,1,5,1
SF,IH2001,2019-11-25 09:36:37.200,2931.2000,840,0,42151260.000,0,-,-,-,-,2931.2000,2931.0000,2929.8000,2929.4000,2928.8000,2933.0000,2933.2000,2933.8000,2934.0000,2937.4000,1,2,1,1,1,1,1,2,1,5
SF,IH2001,2019-11-25 09:36:37.700,2931.2000,840,0,42151260.000,0,-,-,-,-,2931.2000,2931.0000,2929.8000,2929.4000,2928.8000,2933.2000,2933.8000,2934.0000,2937.4000,2947.2000,1,2,1,1,1,1,2,1,5,1
SF,IH2001,2019-11-25 09:36:38.200,2931.2000,840,0,42151260.000,0,-,-,-,-,2931.2000,2931.0000,2929.8000,2929.4000,2928.8000,2933.2000,2933.8000,2934.0000,2937.4000,2947.2000,1,2,1,1,1,1,2,1,5,1
SF,IH2001,2019-11-25 09:36:38.700,2931.2000,840,0,42151260.000,0,-,-,-,-,2931.2000,2931.0000,2929.8000,2929.4000,2928.8000,2933.0000,2933.2000,2933.8000,2934.0000,2937.4000,2,2,1,1,1,1,1,2,1,5
SF,IH2001,2019-11-25 09:36:39.200,2931.2000,840,0,42151260.000,0,-,-,-,-,2931.2000,2931.0000,2929.8000,2929.4000,2928.8000,2933.0000,2933.2000,2933.8000,2934.0000,2937.4000,2,2,1,1,1,3,1,2,1,5
SF,IH2001,2019-11-25 09:36:39.700,2931.2000,840,0,42151260.000,0,-,-,-,-,2931.2000,2931.0000,2929.8000,2929.4000,2928.8000,2933.0000,2933.8000,2934.0000,2937.4000,2947.2000,2,2,1,1,1,1,2,1,5,1
SF,IH2001,2019-11-25 09:36:40.200,2931.2000,840,0,42151260.000,0,-,-,-,-,2931.2000,2931.0000,2929.8000,2929.4000,2928.8000,2933.8000,2934.0000,2941.2000,2947.2000,2948.2000,2,2,1,1,1,2,1,5,1,1
SF,IH2001,2019-11-25 09:36:40.700,2931.2000,840,0,42151260.000,0,-,-,-,-,2931.2000,2931.0000,2929.8000,2929.4000,2928.8000,2933.4000,2933.8000,2934.0000,2941.2000,2947.2000,2,2,1,1,1,1,2,1,5,1
SF,IH2001,2019-11-25 09:36:41.200,2931.2000,840,0,42151260.000,0,-,-,-,-,2931.4000,2931.2000,2931.0000,2929.8000,2929.4000,2933.8000,2934.0000,2941.2000,2947.2000,2948.2000,1,2,2,1,1,2,1,5,1,1
SF,IH2001,2019-11-25 09:36:41.700,2931.2000,840,0,42151260.000,0,-,-,-,-,2931.6000,2931.4000,2931.2000,2931.0000,2929.8000,2933.6000,2933.8000,2934.0000,2941.2000,2947.2000,1,1,1,2,1,1,2,1,5,1
SF,IH2001,2019-11-25 09:36:42.200,2931.2000,840,0,42151260.000,0,-,-,-,-,2931.6000,2931.4000,2931.2000,2931.0000,2929.8000,2933.8000,2934.0000,2941.2000,2947.2000,2948.2000,1,1,1,2,1,1,1,5,1,1
SF,IH2001,2019-11-25 09:36:42.700,2931.2000,840,0,42151260.000,0,-,-,-,-,2931.6000,2931.4000,2931.2000,2931.0000,2929.8000,2933.8000,2934.0000,2941.2000,2947.2000,2948.2000,1,1,1,2,1,1,1,5,1,1
SF,IH2001,2019-11-25 09:36:43.200,2931.2000,840,0,42151260.000,0,-,-,-,-,2931.6000,2931.4000,2931.2000,2931.0000,2929.8000,2933.8000,2934.0000,2941.2000,2947.2000,2948.2000,1,1,1,2,1,1,1,5,1,1
SF,IH2001,2019-11-25 09:36:43.700,2931.2000,840,0,42151260.000,0,-,-,-,-,2931.6000,2931.4000,2931.2000,2931.0000,2929.8000,2933.8000,2941.2000,2947.2000,2948.2000,2959.0000,1,1,2,2,1,1,5,1,1,1
