市场代码,合约代码,时间,最新,持仓,增仓,成交额,成交量,开仓,平仓,成交类型,方向,买一价,买二价,买三价,买四价,买五价,卖一价,卖二价,卖三价,卖四价,卖五价,买一量,买二量,买三量,买四量,买五量,卖一量,卖二量,卖三量,卖四量,卖五量
SF,IH2006,2020-02-18 09:29:00.000,2930.8000,10866,0,12309360.000,14.000,-,-,-,-,2930.0000,2928.0000,2925.8000,2925.0000,2922.0000,2934.4000,2936.0000,2937.6000,2937.8000,2940.0000,1,1,1,2,1,2,1,1,2,1
SF,IH2006,2020-02-18 09:30:00.500,2925.8000,10867,1,19334220.000,8,4,4,空开,S,2925.0000,2922.0000,2921.6000,2921.0000,2920.0000,2927.6000,2927.8000,2928.4000,2928.6000,2929.6000,3,1,2,1,4,2,2,1,6,2
SF,IH2006,2020-02-18 09:30:01.000,2927.6000,10867,0,22847340.000,4,2,2,多换,S,2925.0000,2922.0000,2921.6000,2921.0000,2920.0000,2927.2000,2927.8000,2928.4000,2929.6000,2929.8000,3,1,2,1,4,2,2,1,3,2
SF,IH2006,2020-02-18 09:30:01.500,2925.0000,10864,-3,25479840.000,3,0,3,双平,S,2922.0000,2921.0000,2920.0000,2919.4000,2918.8000,2926.8000,2927.0000,2927.2000,2928.4000,2929.6000,1,1,4,1,2,1,1,2,1,3
SF,IH2006,2020-02-18 09:30:02.000,2925.0000,10863,-1,27234840.000,2,0,2,多平,S,2922.2000,2922.0000,2921.0000,2920.0000,2919.4000,2926.4000,2926.8000,2928.4000,2929.0000,2929.6000,1,1,1,4,1,2,1,1,1,3
SF,IH2006,2020-02-18 09:30:02.500,2925.0000,10863,0,27234840.000,0,-,-,-,-,2922.4000,2922.2000,2922.0000,2921.0000,2920.0000,2926.4000,2926.8000,2928.4000,2929.0000,2929.6000,1,1,1,1,4,2,1,1,1,2
SF,IH2006,2020-02-18 09:30:03.000,2925.0000,10863,0,27234840.000,0,-,-,-,-,2922.6000,2922.4000,2922.0000,2921.0000,2920.0000,2925.2000,2926.4000,2926.8000,2928.4000,2929.0000,1,1,1,1,4,3,1,1,1,1
SF,IH2006,2020-02-18 09:30:03.500,2925.2000,10862,-1,28112400.000,1,0,1,双平,S,2923.0000,2922.8000,2922.0000,2921.0000,2920.2000,2926.4000,2926.8000,2929.0000,2929.6000,2929.8000,1,1,1,1,1,1,1,3,1,7
SF,IH2006,2020-02-18 09:30:04.000,2925.2000,10862,0,28112400.000,0,-,-,-,-,2923.2000,2923.0000,2922.0000,2921.0000,2920.2000,2926.4000,2929.0000,2929.6000,2929.8000,2930.0000,5,1,1,1,1,1,1,1,7,3
SF,IH2006,2020-02-18 09:30:04.500,2926.4000,10862,0,28990320.000,1,0,1,多换,S,2923.2000,2923.0000,2922.0000,2921.0000,2920.2000,2929.0000,2929.6000,2929.8000,2930.0000,2931.0000,5,1,1,1,1,1,1,7,3,1
SF,IH2006,2020-02-18 09:30:05.000,2923.6000,10861,-1,29867400.000,1,0,1,双平,S,2925.2000,2923.2000,2922.0000,2921.0000,2920.2000,2926.8000,2928.6000,2928.8000,2929.0000,2929.6000,2,5,1,1,1,1,1,2,1,1
SF,IH2006,2020-02-18 09:30:05.500,2925.2000,10861,0,32500080.000,3,1,2,多换,S,2925.2000,2923.2000,2922.0000,2921.0000,2920.2000,2926.8000,2927.4000,2928.6000,2928.8000,2929.0000,1,4,1,1,1,1,1,1,1,1
SF,IH2006,2020-02-18 09:30:06.000,2925.2000,10861,0,32500080.000,0,-,-,-,-,2925.2000,2923.2000,2922.0000,2921.0000,2920.2000,2927.4000,2928.6000,2928.8000,2929.0000,2929.6000,1,4,1,1,1,1,1,1,1,1
SF,IH2006,2020-02-18 09:30:06.500,2925.2000,10861,0,32500080.000,0,-,-,-,-,2925.4000,2925.2000,2923.2000,2922.0000,2921.0000,2925.8000,2926.8000,2927.4000,2928.6000,2928.8000,1,1,3,1,1,2,1,1,1,1
SF,IH2006,2020-02-18 09:30:07.000,2925.8000,10860,-1,34255560.000,2,0,2,多平,S,2925.8000,2925.4000,2925.2000,2925.0000,2923.2000,2927.4000,2928.6000,2928.8000,2929.0000,2929.6000,1,1,1,1,3,1,1,1,1,1
SF,IH2006,2020-02-18 09:30:07.500,2925.8000,10860,0,34255560.000,0,-,-,-,-,2925.8000,2925.2000,2925.0000,2923.2000,2922.0000,2927.4000,2928.6000,2928.8000,2929.0000,2929.6000,1,1,1,3,1,1,1,1,1,1
SF,IH2006,2020-02-18 09:30:08.000,2925.8000,10860,0,34255560.000,0,-,-,-,-,2926.0000,2925.8000,2925.2000,2925.0000,2923.2000,2927.4000,2928.6000,2928.8000,2929.0000,2929.6000,2,1,1,1,3,1,1,1,1,1
SF,IH2006,2020-02-18 09:30:08.500,2925.8000,10860,0,36011040.000,2,1,1,多换,S,2925.8000,2925.2000,2925.0000,2923.2000,2922.0000,2927.4000,2928.6000,2928.8000,2929.6000,2930.0000,1,1,1,3,1,1,1,1,1,3
SF,IH2006,2020-02-18 09:30:09.000,2925.8000,10859,-1,36888780.000,1,0,1,双平,S,2925.2000,2925.0000,2923.2000,2922.0000,2921.0000,2927.4000,2928.6000,2928.8000,2929.6000,2930.0000,1,1,3,1,1,1,1,1,1,3
SF,IH2006,2020-02-18 09:30:09.500,2925.8000,10859,0,36888780.000,0,-,-,-,-,2925.2000,2925.0000,2923.2000,2922.0000,2921.0000,2927.2000,2927.4000,2928.6000,2928.8000,2929.6000,1,1,3,1,1,1,1,1,1,1
SF,IH2006,2020-02-18 09:30:10.000,2925.8000,10859,0,36888780.000,0,-,-,-,-,2925.4000,2925.2000,2925.0000,2923.2000,2922.0000,2927.0000,2927.2000,2928.6000,2928.8000,2929.6000,1,1,1,3,1,1,1,1,1,1
SF,IH2006,2020-02-18 09:30:10.500,2925.8000,10859,0,36888780.000,0,-,-,-,-,2925.4000,2925.2000,2925.0000,2923.2000,2922.0000,2927.0000,2927.2000,2928.6000,2928.8000,2929.6000,1,1,1,3,1,1,1,1,1,1
SF,IH2006,2020-02-18 09:30:11.000,2925.6000,10858,-1,37766460.000,1,0,1,双平,S,2925.2000,2925.0000,2923.2000,2922.0000,2921.0000,2926.8000,2927.0000,2928.6000,2928.8000,2929.6000,1,1,3,1,1,1,1,1,1,1
SF,IH2006,2020-02-18 09:30:11.500,2925.6000,10858,0,37766460.000,0,-,-,-,-,2925.2000,2925.0000,2923.2000,2922.0000,2921.0000,2926.6000,2926.8000,2928.6000,2928.8000,2929.6000,1,1,3,1,1,1,1,1,1,1
SF,IH2006,2020-02-18 09:30:12.000,2925.0000,10857,-1,39521520.000,2,0,2,多平,S,2923.2000,2922.0000,2921.0000,2920.2000,2920.0000,2925.2000,2926.6000,2926.8000,2928.6000,2928.8000,3,1,1,1,4,1,1,2,1,1
SF,IH2006,2020-02-18 09:30:12.500,2925.0000,10857,0,39521520.000,0,-,-,-,-,2923.4000,2923.2000,2922.0000,2921.0000,2920.2000,2925.0000,2926.8000,2928.6000,2928.8000,2929.6000,2,3,1,1,1,2,1,1,1,1
SF,IH2006,2020-02-18 09:30:13.000,2925.0000,10856,-1,40399020.000,1,0,1,双平,S,2923.6000,2923.4000,2923.2000,2922.0000,2921.0000,2925.0000,2926.8000,2928.6000,2928.8000,2929.6000,1,2,2,1,1,1,1,1,1,1
SF,IH2006,2020-02-18 09:30:13.500,2923.4000,10855,-1,43030620.000,3,1,2,多平,S,2923.4000,2923.2000,2922.0000,2921.0000,2920.2000,2926.8000,2928.6000,2928.8000,2929.6000,2930.0000,1,2,1,1,1,1,1,1,1,3
SF,IH2006,2020-02-18 09:30:14.000,2923.4000,10855,0,43030620.000,0,-,-,-,-,2923.8000,2923.6000,2923.2000,2922.0000,2921.0000,2926.4000,2926.6000,2926.8000,2929.6000,2930.0000,1,1,2,1,1,1,2,1,1,3
SF,IH2006,2020-02-18 09:30:14.500,2923.4000,10855,0,43030620.000,0,-,-,-,-,2924.0000,2923.8000,2923.4000,2923.2000,2922.0000,2926.4000,2926.6000,2926.8000,2927.0000,2929.6000,2,1,1,2,1,1,2,1,1,1
SF,IH2006,2020-02-18 09:30:15.000,2923.4000,10855,0,43030620.000,0,-,-,-,-,2924.2000,2924.0000,2923.8000,2923.4000,2923.2000,2926.4000,2926.8000,2927.0000,2929.6000,2930.0000,1,3,1,1,2,1,1,1,1,3
SF,IH2006,2020-02-18 09:30:15.500,2923.4000,10855,0,43030620.000,0,-,-,-,-,2926.2000,2924.4000,2924.2000,2924.0000,2923.8000,2926.8000,2927.0000,2929.6000,2930.0000,2931.0000,1,2,2,2,1,1,1,1,3,1
SF,IH2006,2020-02-18 09:30:16.000,2926.2000,10855,0,43908480.000,1,0,1,多换,S,2924.8000,2924.4000,2924.2000,2923.8000,2923.2000,2927.0000,2929.6000,2930.0000,2931.0000,2932.0000,1,2,2,1,2,1,1,3,1,1
SF,IH2006,2020-02-18 09:30:16.500,2926.2000,10855,0,43908480.000,0,-,-,-,-,2925.0000,2924.4000,2924.2000,2923.8000,2923.2000,2927.0000,2929.6000,2930.0000,2931.0000,2932.0000,2,1,2,1,2,1,1,3,1,1
SF,IH2006,2020-02-18 09:30:17.000,2927.0000,10854,-1,44786580.000,1,0,1,双平,S,2926.4000,2925.2000,2925.0000,2924.4000,2924.2000,2929.6000,2930.0000,2931.0000,2932.0000,2933.6000,1,1,3,1,1,1,3,1,1,5
SF,IH2006,2020-02-18 09:30:17.500,2927.0000,10854,0,44786580.000,0,-,-,-,-,2926.6000,2926.4000,2925.2000,2925.0000,2924.2000,2929.2000,2929.4000,2929.6000,2930.0000,2931.0000,2,1,1,4,1,1,1,1,3,1
SF,IH2006,2020-02-18 09:30:18.000,2927.0000,10854,0,44786580.000,0,-,-,-,-,2926.6000,2926.4000,2925.2000,2925.0000,2924.2000,2928.0000,2929.0000,2929.2000,2929.6000,2930.0000,2,1,1,4,1,2,1,1,1,3
SF,IH2006,2020-02-18 09:30:18.500,2927.0000,10854,0,44786580.000,0,-,-,-,-,2926.6000,2926.4000,2925.2000,2925.0000,2924.2000,2928.0000,2929.0000,2929.2000,2929.6000,2930.0000,2,1,1,3,2,2,1,1,1,3
SF,IH2006,2020-02-18 09:30:19.000,2927.0000,10854,0,44786580.000,0,-,-,-,-,2926.6000,2926.4000,2925.2000,2925.0000,2924.2000,2928.0000,2929.0000,2929.2000,2929.6000,2930.0000,3,1,1,2,2,2,1,1,1,3
SF,IH2006,2020-02-18 09:30:19.500,2926.8000,10854,0,47420700.000,3,1,2,多换,S,2926.6000,2926.4000,2925.2000,2925.0000,2924.2000,2928.0000,2929.0000,2929.2000,2929.6000,2930.0000,3,1,1,2,2,2,1,1,1,3
SF,IH2006,2020-02-18 09:30:20.000,2926.8000,10853,-1,48298740.000,1,0,1,双平,S,2927.0000,2926.6000,2926.4000,2925.2000,2925.0000,2928.0000,2929.0000,2929.2000,2929.6000,2930.0000,1,3,1,1,2,2,1,1,1,3
SF,IH2006,2020-02-18 09:30:20.500,2926.8000,10853,0,48298740.000,0,-,-,-,-,2927.0000,2926.6000,2926.4000,2925.2000,2925.0000,2928.0000,2929.0000,2929.2000,2929.6000,2930.0000,1,3,1,1,1,2,1,1,1,3
SF,IH2006,2020-02-18 09:30:21.000,2927.0000,10852,-1,50054880.000,2,0,2,多平,S,2927.0000,2926.6000,2926.4000,2925.2000,2925.0000,2928.0000,2929.0000,2929.2000,2929.6000,2930.0000,1,3,1,1,1,2,1,1,1,3
SF,IH2006,2020-02-18 09:30:21.500,2927.0000,10852,0,50054880.000,0,-,-,-,-,2927.0000,2926.6000,2926.4000,2925.2000,2925.0000,2928.0000,2929.0000,2929.2000,2929.6000,2930.0000,1,1,1,1,2,2,1,1,1,3
SF,IH2006,2020-02-18 09:30:22.000,2927.0000,10852,0,50054880.000,0,-,-,-,-,2927.2000,2927.0000,2926.6000,2926.4000,2925.2000,2928.0000,2929.2000,2929.6000,2930.0000,2930.6000,1,2,1,1,1,2,1,1,3,1
SF,IH2006,2020-02-18 09:30:22.500,2928.0000,10850,-2,51811680.000,2,0,2,双平,S,2927.2000,2927.0000,2926.6000,2926.4000,2925.2000,2929.6000,2930.0000,2930.6000,2931.0000,2933.6000,1,2,1,1,1,1,3,1,1,5
SF,IH2006,2020-02-18 09:30:23.000,2928.0000,10850,0,51811680.000,0,-,-,-,-,2927.4000,2927.2000,2927.0000,2926.4000,2925.2000,2928.0000,2929.4000,2929.6000,2930.0000,2930.6000,1,1,2,1,1,2,1,1,3,1
SF,IH2006,2020-02-18 09:30:23.500,2928.0000,10850,0,53568480.000,2,1,1,多换,S,2928.0000,2927.2000,2927.0000,2926.4000,2925.2000,2929.4000,2929.6000,2930.0000,2930.6000,2931.0000,2,1,2,1,1,1,1,3,1,1
SF,IH2006,2020-02-18 09:30:24.000,2928.0000,10849,-1,56203680.000,3,1,2,多平,S,2927.2000,2927.0000,2926.4000,2925.2000,2925.0000,2929.0000,2929.2000,2929.4000,2929.6000,2930.0000,1,2,1,1,3,1,1,1,1,3
SF,IH2006,2020-02-18 09:30:24.500,2928.0000,10849,0,56203680.000,0,-,-,-,-,2927.4000,2927.0000,2926.4000,2925.0000,2924.2000,2928.8000,2929.2000,2929.4000,2929.6000,2930.0000,1,2,1,3,1,1,1,1,1,3
SF,IH2006,2020-02-18 09:30:25.500,2928.0000,10849,0,56203680.000,0,-,-,-,-,2927.4000,2927.0000,2926.4000,2925.0000,2924.2000,2928.8000,2929.2000,2929.4000,2929.6000,2930.0000,2,2,1,3,1,1,1,1,1,3
SF,IH2006,2020-02-18 09:30:26.000,2928.0000,10849,0,56203680.000,0,-,-,-,-,2927.4000,2927.0000,2926.4000,2925.0000,2924.2000,2928.8000,2929.2000,2929.6000,2930.0000,2930.6000,2,2,1,3,1,1,1,1,3,1
SF,IH2006,2020-02-18 09:30:26.500,2928.8000,10849,0,57082320.000,1,0,1,多换,S,2927.4000,2927.0000,2926.4000,2925.0000,2924.2000,2929.2000,2929.6000,2930.0000,2930.6000,2931.0000,1,2,1,3,1,1,1,3,1,1
SF,IH2006,2020-02-18 09:30:27.000,2928.8000,10849,0,57082320.000,0,-,-,-,-,2927.4000,2927.0000,2926.4000,2925.0000,2924.2000,2929.0000,2929.2000,2929.6000,2930.0000,2930.6000,1,2,1,3,1,1,1,1,3,1
SF,IH2006,2020-02-18 09:30:27.500,2928.8000,10849,0,57082320.000,0,-,-,-,-,2927.6000,2927.4000,2927.0000,2926.4000,2925.0000,2928.0000,2929.0000,2929.2000,2929.6000,2930.0000,1,1,2,1,3,1,1,1,1,3
SF,IH2006,2020-02-18 09:30:28.000,2928.2000,10849,0,57960780.000,1,0,1,多换,S,2929.4000,2928.0000,2927.6000,2927.0000,2926.4000,2929.6000,2930.0000,2930.6000,2931.0000,2933.6000,1,1,1,2,1,1,3,1,1,5
SF,IH2006,2020-02-18 09:30:28.500,2929.4000,10848,-1,58839600.000,1,0,1,双平,S,2928.0000,2927.6000,2927.0000,2926.4000,2925.0000,2929.2000,2929.4000,2929.6000,2930.0000,2930.6000,1,1,2,1,3,1,2,1,3,1
SF,IH2006,2020-02-18 09:30:29.000,2929.4000,10848,0,58839600.000,0,-,-,-,-,2927.6000,2927.0000,2926.4000,2925.0000,2924.2000,2929.2000,2929.4000,2929.6000,2930.0000,2930.6000,1,1,1,3,1,1,1,1,4,1
SF,IH2006,2020-02-18 09:30:29.500,2929.4000,10848,0,58839600.000,0,-,-,-,-,2927.0000,2926.4000,2925.0000,2924.2000,2924.0000,2929.0000,2929.4000,2929.6000,2930.0000,2930.6000,1,1,3,1,1,1,1,1,4,1
SF,IH2006,2020-02-18 09:30:30.000,2929.4000,10848,0,58839600.000,0,-,-,-,-,2927.2000,2926.4000,2925.0000,2924.2000,2924.0000,2929.0000,2929.6000,2930.0000,2930.6000,2931.0000,1,1,3,1,1,1,1,4,1,1
SF,IH2006,2020-02-18 09:30:30.500,2929.4000,10848,0,58839600.000,0,-,-,-,-,2927.4000,2927.2000,2926.4000,2925.0000,2924.2000,2929.6000,2930.0000,2930.6000,2931.0000,2933.6000,1,1,1,3,1,1,4,1,1,5
SF,IH2006,2020-02-18 09:30:31.000,2929.4000,10848,0,58839600.000,0,-,-,-,-,2927.6000,2927.4000,2926.4000,2925.0000,2924.2000,2929.2000,2929.6000,2930.0000,2930.6000,2931.0000,1,1,1,3,1,1,1,4,1,1
SF,IH2006,2020-02-18 09:30:31.500,2929.4000,10848,0,59718420.000,1,0,1,多换,S,2927.6000,2926.4000,2925.0000,2924.2000,2924.0000,2929.6000,2930.0000,2930.6000,2931.0000,2933.6000,1,1,3,1,1,1,4,1,1,5
SF,IH2006,2020-02-18 09:30:32.000,2929.4000,10848,0,59718420.000,0,-,-,-,-,2927.6000,2926.4000,2925.0000,2924.2000,2924.0000,2929.6000,2930.0000,2930.6000,2931.0000,2933.6000,2,1,3,1,1,1,4,1,1,5
SF,IH2006,2020-02-18 09:30:32.500,2929.4000,10848,0,59718420.000,0,-,-,-,-,2927.8000,2927.6000,2926.4000,2925.0000,2924.2000,2929.6000,2930.0000,2930.6000,2931.0000,2933.6000,1,2,1,4,1,1,4,1,1,5
SF,IH2006,2020-02-18 09:30:33.000,2929.4000,10848,0,59718420.000,0,-,-,-,-,2928.0000,2927.8000,2927.6000,2926.4000,2925.0000,2929.6000,2930.0000,2930.6000,2931.0000,2933.6000,1,1,1,1,4,1,4,1,1,5
SF,IH2006,2020-02-18 09:30:34.000,2929.4000,10848,0,59718420.000,0,-,-,-,-,2928.2000,2928.0000,2927.8000,2927.6000,2926.4000,2929.6000,2930.0000,2930.6000,2931.0000,2933.6000,1,1,1,1,1,1,4,1,1,5
SF,IH2006,2020-02-18 09:30:34.500,2929.4000,10848,0,59718420.000,0,-,-,-,-,2928.2000,2928.0000,2926.4000,2925.0000,2924.2000,2929.6000,2930.0000,2930.6000,2931.0000,2933.6000,1,2,1,3,1,1,4,1,1,5
SF,IH2006,2020-02-18 09:30:35.000,2929.4000,10848,0,59718420.000,0,-,-,-,-,2928.0000,2926.4000,2925.0000,2924.2000,2924.0000,2929.6000,2930.0000,2930.6000,2931.0000,2933.6000,3,1,3,1,1,1,4,1,1,5
SF,IH2006,2020-02-18 09:30:35.500,2928.0000,10847,-1,60596820.000,1,0,1,双平,S,2928.0000,2926.4000,2925.0000,2924.2000,2924.0000,2929.2000,2929.6000,2930.0000,2930.6000,2931.0000,2,1,3,1,1,1,2,4,1,1
SF,IH2006,2020-02-18 09:30:36.000,2928.0000,10847,0,60596820.000,0,-,-,-,-,2928.2000,2928.0000,2926.4000,2925.0000,2924.2000,2929.6000,2930.0000,2930.6000,2931.0000,2933.6000,1,2,1,3,1,2,4,1,1,5
SF,IH2006,2020-02-18 09:30:36.500,2928.2000,10846,-1,63232080.000,3,1,2,多平,S,2926.4000,2925.0000,2924.2000,2924.0000,2923.2000,2929.2000,2929.4000,2929.6000,2930.0000,2930.6000,1,3,1,1,2,1,1,2,4,1
SF,IH2006,2020-02-18 09:30:37.000,2926.6000,10845,-1,64110060.000,1,0,1,双平,S,2926.6000,2926.4000,2925.0000,2924.2000,2924.0000,2928.2000,2929.0000,2929.2000,2929.6000,2930.0000,2,1,3,1,1,3,1,1,1,4
SF,IH2006,2020-02-18 09:30:37.500,2926.6000,10845,0,64110060.000,0,-,-,-,-,2926.8000,2926.6000,2926.4000,2925.0000,2924.2000,2928.2000,2929.0000,2929.2000,2929.6000,2930.0000,1,2,1,4,1,3,1,1,1,4
SF,IH2006,2020-02-18 09:30:38.000,2926.6000,10845,0,64110060.000,0,-,-,-,-,2927.0000,2926.8000,2926.6000,2926.4000,2925.0000,2928.2000,2929.0000,2929.2000,2929.6000,2930.0000,1,1,2,1,4,3,1,1,1,4
SF,IH2006,2020-02-18 09:30:38.500,2926.6000,10845,0,64110060.000,0,-,-,-,-,2927.0000,2926.8000,2926.6000,2926.4000,2925.0000,2928.2000,2929.0000,2929.2000,2929.6000,2930.0000,1,1,1,1,4,3,1,1,1,2
SF,IH2006,2020-02-18 09:30:39.000,2928.2000,10846,1,66745440.000,3,2,1,空开,S,2927.4000,2927.0000,2926.8000,2926.6000,2926.4000,2929.0000,2929.2000,2929.6000,2930.0000,2930.6000,1,1,1,1,1,1,1,1,2,1
SF,IH2006,2020-02-18 09:30:39.500,2928.2000,10846,0,66745440.000,0,-,-,-,-,2927.4000,2927.0000,2926.8000,2926.6000,2926.4000,2928.8000,2929.0000,2929.2000,2929.6000,2930.0000,1,1,1,1,1,1,1,1,1,2
SF,IH2006,2020-02-18 09:30:40.000,2928.2000,10846,0,66745440.000,0,-,-,-,-,2927.4000,2927.0000,2926.4000,2925.0000,2924.2000,2928.8000,2929.0000,2929.2000,2929.4000,2929.6000,1,1,1,4,1,1,1,1,1,1
SF,IH2006,2020-02-18 09:30:40.500,2928.2000,10846,0,66745440.000,0,-,-,-,-,2927.4000,2927.0000,2926.4000,2925.0000,2924.2000,2928.8000,2929.0000,2929.2000,2929.4000,2929.6000,1,1,1,4,1,1,1,1,1,1
SF,IH2006,2020-02-18 09:30:41.000,2928.2000,10846,0,66745440.000,0,-,-,-,-,2928.0000,2927.4000,2927.0000,2926.4000,2925.0000,2928.8000,2929.0000,2929.2000,2929.4000,2929.6000,1,1,1,1,4,1,1,1,1,1
SF,IH2006,2020-02-18 09:30:41.500,2928.2000,10846,0,66745440.000,0,-,-,-,-,2928.0000,2927.4000,2927.0000,2926.4000,2925.0000,2928.8000,2929.2000,2929.4000,2929.6000,2930.0000,1,1,1,1,4,1,1,1,1,2
SF,IH2006,2020-02-18 09:30:42.000,2928.0000,10845,-1,67623840.000,1,0,1,双平,S,2927.4000,2927.0000,2926.4000,2925.0000,2924.2000,2928.8000,2929.2000,2929.4000,2929.6000,2930.0000,1,1,1,4,1,1,1,1,1,2
SF,IH2006,2020-02-18 09:30:42.500,2928.8000,10845,0,68502480.000,1,0,1,多换,S,2927.4000,2927.0000,2926.4000,2925.0000,2924.2000,2929.4000,2929.6000,2930.0000,2930.6000,2931.0000,1,1,1,4,1,1,1,2,1,1
SF,IH2006,2020-02-18 09:30:43.000,2928.8000,10845,0,68502480.000,0,-,-,-,-,2927.4000,2927.0000,2926.4000,2925.0000,2924.2000,2929.2000,2929.4000,2929.6000,2930.0000,2930.6000,1,1,1,4,1,2,1,1,2,1
SF,IH2006,2020-02-18 09:30:43.500,2927.4000,10846,1,69380700.000,1,1,0,双开,S,2927.4000,2927.0000,2926.4000,2925.0000,2924.2000,2929.2000,2929.4000,2929.6000,2930.0000,2930.6000,1,1,1,4,1,2,1,2,2,1
SF,IH2006,2020-02-18 09:30:44.500,2927.4000,10846,0,69380700.000,0,-,-,-,-,2927.4000,2927.0000,2926.4000,2925.0000,2924.0000,2929.2000,2929.4000,2929.6000,2930.0000,2930.6000,1,1,1,4,1,2,1,2,2,1
SF,IH2006,2020-02-18 09:30:45.000,2927.4000,10846,0,69380700.000,0,-,-,-,-,2927.4000,2927.0000,2926.4000,2925.0000,2924.0000,2929.2000,2929.4000,2929.6000,2930.0000,2930.6000,1,1,1,4,1,1,1,2,2,1
SF,IH2006,2020-02-18 09:30:45.500,2927.4000,10846,0,69380700.000,0,-,-,-,-,2927.4000,2926.4000,2925.0000,2924.0000,2923.2000,2929.2000,2929.4000,2929.6000,2930.0000,2930.6000,1,1,4,1,2,1,1,2,2,1
SF,IH2006,2020-02-18 09:30:46.000,2927.4000,10846,0,69380700.000,0,-,-,-,-,2927.6000,2927.4000,2926.4000,2925.0000,2924.0000,2929.2000,2929.4000,2929.6000,2930.0000,2930.6000,2,1,1,4,1,1,1,2,2,1
SF,IH2006,2020-02-18 09:30:47.000,2927.4000,10846,0,69380700.000,0,-,-,-,-,2927.6000,2926.4000,2925.0000,2924.0000,2923.2000,2929.2000,2929.4000,2929.6000,2930.0000,2930.6000,2,1,4,1,2,1,1,2,2,1
SF,IH2006,2020-02-18 09:30:47.500,2927.4000,10846,0,69380700.000,0,-,-,-,-,2927.8000,2927.6000,2926.4000,2925.0000,2924.0000,2929.2000,2929.4000,2929.6000,2930.0000,2930.6000,1,2,1,4,1,1,1,2,2,1
SF,IH2006,2020-02-18 09:30:48.000,2927.4000,10846,0,69380700.000,0,-,-,-,-,2928.0000,2927.8000,2927.6000,2927.2000,2926.4000,2929.2000,2929.4000,2929.6000,2930.0000,2930.6000,1,1,2,1,1,1,1,2,2,1
SF,IH2006,2020-02-18 09:30:48.500,2927.4000,10846,0,69380700.000,0,-,-,-,-,2928.0000,2927.8000,2927.6000,2927.2000,2926.4000,2929.2000,2929.4000,2929.6000,2930.0000,2930.6000,1,1,1,1,1,1,1,2,2,1
SF,IH2006,2020-02-18 09:30:49.000,2928.0000,10845,-1,70259100.000,1,0,1,双平,S,2927.8000,2927.6000,2927.2000,2926.4000,2925.0000,2928.0000,2929.2000,2929.4000,2929.6000,2930.0000,1,1,1,1,4,1,1,1,2,2
SF,IH2006,2020-02-18 09:30:49.500,2928.0000,10844,-1,71137500.000,1,0,1,双平,S,2928.2000,2927.8000,2927.6000,2927.2000,2926.4000,2929.4000,2929.6000,2930.0000,2930.6000,2931.0000,1,1,1,1,1,1,2,2,1,1
SF,IH2006,2020-02-18 09:30:50.500,2928.0000,10844,0,71137500.000,0,-,-,-,-,2927.8000,2927.6000,2927.2000,2926.4000,2925.0000,2929.4000,2929.6000,2930.0000,2930.6000,2931.0000,1,1,1,1,4,1,2,2,1,1
SF,IH2006,2020-02-18 09:30:51.000,2928.0000,10844,0,71137500.000,0,-,-,-,-,2927.8000,2927.6000,2927.2000,2926.4000,2925.0000,2929.0000,2929.2000,2929.4000,2929.6000,2930.0000,1,1,1,1,4,1,2,1,1,2
SF,IH2006,2020-02-18 09:30:51.500,2928.0000,10844,0,71137500.000,0,-,-,-,-,2927.8000,2927.6000,2927.2000,2926.4000,2925.0000,2928.2000,2929.0000,2929.2000,2929.4000,2929.6000,1,1,1,1,4,1,2,1,1,1
SF,IH2006,2020-02-18 09:30:52.000,2928.0000,10843,-1,72894360.000,2,0,2,多平,S,2928.0000,2927.8000,2927.6000,2927.2000,2926.4000,2929.0000,2929.4000,2929.6000,2930.0000,2930.6000,1,1,1,1,1,2,1,1,2,1
SF,IH2006,2020-02-18 09:30:52.500,2928.0000,10843,0,72894360.000,0,-,-,-,-,2928.0000,2927.8000,2927.6000,2927.2000,2926.4000,2929.0000,2929.4000,2929.6000,2930.0000,2930.6000,1,1,1,1,1,2,1,1,2,1
SF,IH2006,2020-02-18 09:30:53.500,2928.0000,10843,0,72894360.000,0,-,-,-,-,2928.2000,2928.0000,2927.6000,2927.2000,2926.4000,2929.0000,2929.4000,2929.6000,2930.0000,2930.6000,1,1,1,1,1,2,1,1,2,1
SF,IH2006,2020-02-18 09:30:54.500,2929.0000,10841,-2,74651760.000,2,0,2,双平,S,2928.2000,2928.0000,2927.6000,2927.2000,2926.4000,2929.4000,2929.6000,2930.0000,2930.6000,2931.0000,1,1,1,2,1,1,1,2,1,1
SF,IH2006,2020-02-18 09:30:55.000,2929.0000,10841,0,74651760.000,0,-,-,-,-,2928.4000,2928.2000,2928.0000,2927.6000,2927.2000,2929.4000,2929.6000,2930.0000,2930.6000,2931.0000,1,1,1,1,2,1,1,2,1,1
SF,IH2006,2020-02-18 09:30:55.500,2929.0000,10841,0,74651760.000,0,-,-,-,-,2928.2000,2928.0000,2927.6000,2927.2000,2926.4000,2929.4000,2929.6000,2930.0000,2930.6000,2931.0000,1,1,1,2,1,1,1,2,1,1
SF,IH2006,2020-02-18 09:30:56.000,2929.0000,10841,0,74651760.000,0,-,-,-,-,2928.4000,2928.0000,2927.6000,2927.2000,2926.4000,2929.4000,2929.6000,2930.0000,2930.6000,2931.0000,2,1,1,2,1,1,1,2,1,1
SF,IH2006,2020-02-18 09:30:56.500,2929.0000,10841,0,74651760.000,0,-,-,-,-,2928.4000,2928.0000,2927.6000,2927.2000,2926.4000,2929.4000,2929.6000,2930.0000,2930.6000,2931.0000,2,1,1,2,1,1,1,2,1,1
SF,IH2006,2020-02-18 09:30:59.000,2929.4000,10841,0,75530580.000,1,0,1,多换,S,2928.4000,2928.0000,2927.6000,2927.2000,2926.4000,2929.6000,2930.0000,2930.6000,2931.0000,2933.6000,2,1,1,2,1,1,2,1,1,5
SF,IH2006,2020-02-18 09:30:59.500,2929.4000,10841,0,75530580.000,0,-,-,-,-,2928.4000,2928.0000,2927.6000,2927.2000,2926.4000,2929.0000,2929.6000,2930.0000,2930.6000,2931.0000,2,1,1,2,1,2,1,2,1,1
SF,IH2006,2020-02-18 09:31:00.000,2929.0000,10839,-2,77287980.000,2,0,2,双平,S,2928.4000,2928.0000,2927.6000,2927.2000,2926.4000,2929.6000,2930.0000,2930.6000,2931.0000,2933.6000,2,1,1,2,1,1,2,1,1,5
SF,IH2006,2020-02-18 09:31:00.500,2929.0000,10838,-1,78166680.000,1,0,1,双平,S,2928.4000,2928.0000,2927.6000,2927.2000,2926.4000,2929.6000,2930.0000,2930.6000,2931.0000,2933.6000,2,1,1,2,1,1,2,1,1,5
SF,IH2006,2020-02-18 09:31:01.000,2929.0000,10838,0,78166680.000,0,-,-,-,-,2929.4000,2928.4000,2928.0000,2927.6000,2927.2000,2929.6000,2930.0000,2930.6000,2931.0000,2933.6000,1,2,1,1,2,1,2,1,1,5
SF,IH2006,2020-02-18 09:31:01.500,2929.4000,10838,0,79045500.000,1,0,1,多换,S,2928.4000,2928.0000,2927.6000,2927.2000,2926.4000,2929.4000,2929.6000,2930.0000,2930.6000,2931.0000,1,1,1,2,1,1,1,2,1,1
SF,IH2006,2020-02-18 09:31:02.000,2928.4000,10837,-1,79924020.000,1,0,1,双平,S,2927.6000,2927.2000,2926.4000,2925.0000,2924.0000,2929.4000,2929.6000,2930.0000,2930.6000,2931.0000,1,2,1,4,1,1,1,2,1,1
SF,IH2006,2020-02-18 09:31:02.500,2928.4000,10837,0,79924020.000,0,-,-,-,-,2927.8000,2927.6000,2927.2000,2926.4000,2926.0000,2928.4000,2929.2000,2929.4000,2929.6000,2930.0000,2,1,2,1,2,2,1,1,1,2
SF,IH2006,2020-02-18 09:31:03.000,2928.4000,10837,0,81681060.000,2,1,1,多换,S,2927.8000,2927.6000,2927.2000,2926.4000,2926.0000,2929.2000,2929.4000,2929.6000,2930.0000,2930.6000,2,1,2,1,2,1,1,1,2,1
SF,IH2006,2020-02-18 09:31:03.500,2927.8000,10837,0,82559400.000,1,0,1,多换,S,2927.8000,2927.6000,2927.2000,2926.4000,2926.0000,2929.2000,2929.4000,2929.6000,2930.0000,2930.6000,1,1,2,1,2,1,1,1,2,1
SF,IH2006,2020-02-18 09:31:04.000,2927.8000,10837,0,82559400.000,0,-,-,-,-,2927.6000,2927.2000,2926.4000,2926.0000,2925.0000,2929.2000,2929.4000,2929.6000,2930.0000,2930.6000,1,1,1,2,4,1,1,1,2,1
SF,IH2006,2020-02-18 09:31:04.500,2927.8000,10837,0,82559400.000,0,-,-,-,-,2927.6000,2927.2000,2926.4000,2926.0000,2925.0000,2929.0000,2929.2000,2929.4000,2929.6000,2930.0000,1,1,1,2,4,1,1,1,1,2
SF,IH2006,2020-02-18 09:31:05.000,2927.6000,10837,0,83437680.000,1,0,1,多换,S,2927.2000,2926.0000,2925.0000,2924.0000,2923.2000,2928.8000,2929.2000,2929.4000,2929.6000,2930.0000,1,2,4,1,1,1,1,1,1,2
SF,IH2006,2020-02-18 09:31:05.500,2927.2000,10836,-1,84315840.000,1,0,1,双平,S,2926.0000,2925.0000,2924.0000,2923.2000,2922.0000,2928.6000,2929.2000,2929.4000,2929.6000,2930.0000,2,4,1,1,1,3,1,1,1,2
SF,IH2006,2020-02-18 09:31:06.000,2927.2000,10836,0,84315840.000,0,-,-,-,-,2926.0000,2925.0000,2924.0000,2923.2000,2922.0000,2927.2000,2928.4000,2928.6000,2929.2000,2929.4000,3,4,1,1,1,1,1,2,1,1
SF,IH2006,2020-02-18 09:31:06.500,2927.2000,10835,-1,85194000.000,1,0,1,双平,S,2926.2000,2926.0000,2925.0000,2924.0000,2923.2000,2928.4000,2928.6000,2929.4000,2929.6000,2930.0000,2,2,4,1,1,1,1,1,1,2
SF,IH2006,2020-02-18 09:31:07.000,2927.2000,10835,0,85194000.000,0,-,-,-,-,2926.4000,2926.0000,2925.0000,2924.0000,2923.2000,2928.4000,2929.0000,2929.4000,2929.6000,2930.0000,1,2,4,1,1,1,2,1,1,2
SF,IH2006,2020-02-18 09:31:07.500,2927.2000,10835,0,85194000.000,0,-,-,-,-,2926.6000,2926.4000,2926.0000,2925.0000,2924.0000,2928.4000,2929.0000,2929.4000,2929.6000,2930.0000,1,1,2,4,1,1,2,1,1,2
SF,IH2006,2020-02-18 09:31:08.000,2927.2000,10835,0,85194000.000,0,-,-,-,-,2926.8000,2926.0000,2925.0000,2924.0000,2923.2000,2928.2000,2928.4000,2929.0000,2929.4000,2929.6000,1,2,4,1,1,2,1,2,1,1
SF,IH2006,2020-02-18 09:31:08.500,2927.2000,10835,0,85194000.000,0,-,-,-,-,2927.0000,2926.0000,2925.0000,2924.0000,2923.2000,2928.2000,2928.4000,2929.0000,2929.4000,2929.6000,1,2,4,1,1,1,1,2,1,1
SF,IH2006,2020-02-18 09:31:09.000,2927.2000,10835,0,85194000.000,0,-,-,-,-,2926.0000,2925.0000,2924.0000,2923.2000,2922.0000,2928.2000,2928.4000,2929.0000,2929.4000,2929.6000,2,4,1,1,1,1,1,2,1,1
SF,IH2006,2020-02-18 09:31:09.500,2927.0000,10834,-1,86072100.000,1,0,1,双平,S,2926.6000,2926.2000,2926.0000,2925.0000,2924.0000,2928.0000,2929.0000,2929.4000,2929.6000,2930.0000,1,1,3,4,1,1,2,1,1,2
SF,IH2006,2020-02-18 09:31:10.000,2927.0000,10834,0,86072100.000,0,-,-,-,-,2926.8000,2926.2000,2926.0000,2925.0000,2924.0000,2928.0000,2929.0000,2929.4000,2929.6000,2930.0000,1,1,3,4,1,1,2,1,1,2
SF,IH2006,2020-02-18 09:31:10.500,2927.0000,10834,0,86072100.000,0,-,-,-,-,2928.2000,2927.0000,2926.2000,2926.0000,2925.0000,2929.0000,2929.4000,2929.6000,2930.0000,2930.6000,1,1,1,3,4,2,1,1,2,1
SF,IH2006,2020-02-18 09:31:11.000,2928.2000,10833,-1,86950560.000,1,0,1,双平,S,2926.0000,2925.0000,2924.0000,2923.2000,2922.0000,2929.0000,2929.4000,2929.6000,2930.0000,2930.6000,3,4,1,1,1,2,1,1,2,1
SF,IH2006,2020-02-18 09:31:11.500,2928.2000,10833,0,86950560.000,0,-,-,-,-,2926.2000,2926.0000,2925.8000,2925.0000,2924.0000,2928.8000,2929.0000,2929.4000,2929.6000,2930.0000,3,3,1,4,1,1,2,1,1,1
SF,IH2006,2020-02-18 09:31:12.000,2928.2000,10833,0,86950560.000,0,-,-,-,-,2926.6000,2926.4000,2926.2000,2926.0000,2925.8000,2928.8000,2929.0000,2929.4000,2929.6000,2930.0000,3,1,3,3,1,1,2,1,1,1
SF,IH2006,2020-02-18 09:31:12.500,2928.2000,10833,0,86950560.000,0,-,-,-,-,2926.2000,2926.0000,2925.8000,2925.0000,2924.0000,2929.0000,2929.4000,2929.6000,2930.0000,2930.6000,3,3,1,4,1,2,1,1,1,1
SF,IH2006,2020-02-18 09:31:13.000,2928.2000,10833,0,86950560.000,0,-,-,-,-,2928.8000,2927.2000,2926.8000,2926.2000,2926.0000,2929.0000,2929.4000,2929.6000,2930.0000,2930.6000,1,1,1,3,3,2,1,1,1,1
SF,IH2006,2020-02-18 09:31:13.500,2928.8000,10832,-1,87829200.000,1,0,1,双平,S,2927.2000,2927.0000,2926.8000,2926.2000,2926.0000,2928.6000,2929.0000,2929.4000,2929.6000,2930.0000,2,2,1,2,3,1,2,1,1,1
SF,IH2006,2020-02-18 09:31:14.000,2928.8000,10832,0,87829200.000,0,-,-,-,-,2927.4000,2927.2000,2927.0000,2926.8000,2926.2000,2928.6000,2929.0000,2929.4000,2929.6000,2930.0000,1,2,2,1,2,1,2,1,1,1
SF,IH2006,2020-02-18 09:31:14.500,2927.6000,10830,-2,89586060.000,2,0,2,双平,S,2927.6000,2927.2000,2927.0000,2926.8000,2926.2000,2929.0000,2929.4000,2929.6000,2930.0000,2930.6000,1,2,2,1,2,2,1,1,1,1
SF,IH2006,2020-02-18 09:31:15.000,2930.0000,10826,-4,93980160.000,5,0,5,多平,S,2929.6000,2929.4000,2928.0000,2927.8000,2927.2000,2930.6000,2931.0000,2936.0000,2936.6000,2938.0000,1,2,7,2,2,1,1,2,1,1
SF,IH2006,2020-02-18 09:31:15.500,2929.4000,10822,-4,97495860.000,4,0,4,双平,S,2928.0000,2927.8000,2927.2000,2927.0000,2926.8000,2931.0000,2936.0000,2936.6000,2938.0000,2940.0000,2,1,2,2,1,1,2,1,1,1
SF,IH2006,2020-02-18 09:31:16.000,2929.4000,10822,0,97495860.000,0,-,-,-,-,2928.2000,2927.8000,2927.2000,2927.0000,2926.8000,2931.0000,2936.0000,2936.6000,2938.0000,2940.0000,2,1,2,2,1,1,2,1,1,1
SF,IH2006,2020-02-18 09:31:16.500,2929.4000,10822,0,97495860.000,0,-,-,-,-,2929.2000,2928.2000,2927.8000,2927.2000,2927.0000,2931.0000,2936.0000,2936.6000,2938.0000,2940.0000,1,2,1,2,2,1,2,1,1,1
SF,IH2006,2020-02-18 09:31:17.000,2929.4000,10822,0,97495860.000,0,-,-,-,-,2929.4000,2928.4000,2928.2000,2927.8000,2927.2000,2930.8000,2931.0000,2936.0000,2936.6000,2938.0000,2,1,2,1,2,1,1,2,1,1
SF,IH2006,2020-02-18 09:31:17.500,2929.4000,10822,0,97495860.000,0,-,-,-,-,2929.4000,2928.4000,2928.2000,2927.8000,2927.2000,2931.0000,2936.0000,2936.6000,2938.0000,2940.0000,2,2,1,1,2,1,2,1,1,1
SF,IH2006,2020-02-18 09:31:18.000,2929.4000,10821,-1,98374680.000,1,0,1,双平,S,2929.4000,2928.4000,2928.2000,2927.8000,2927.2000,2931.0000,2936.0000,2936.6000,2938.0000,2940.0000,2,2,1,1,2,1,2,1,1,1
SF,IH2006,2020-02-18 09:31:18.500,2929.4000,10821,0,98374680.000,0,-,-,-,-,2929.4000,2928.4000,2928.2000,2927.2000,2927.0000,2931.0000,2936.0000,2936.6000,2938.0000,2940.0000,2,2,1,2,2,1,2,1,1,1
SF,IH2006,2020-02-18 09:31:19.000,2929.6000,10820,-1,100132860.000,2,0,2,多平,S,2929.6000,2929.4000,2928.4000,2927.2000,2927.0000,2936.0000,2936.6000,2938.0000,2940.0000,2941.2000,1,2,2,2,2,2,1,1,1,5
SF,IH2006,2020-02-18 09:31:19.500,2929.6000,10820,0,100132860.000,0,-,-,-,-,2929.8000,2929.4000,2928.4000,2927.2000,2927.0000,2935.4000,2935.6000,2935.8000,2936.0000,2936.6000,2,1,2,2,2,1,1,2,2,1
SF,IH2006,2020-02-18 09:31:20.000,2929.6000,10820,0,100132860.000,0,-,-,-,-,2929.8000,2928.4000,2927.2000,2927.0000,2926.2000,2935.0000,2935.2000,2935.4000,2936.0000,2936.6000,2,2,2,2,1,1,2,1,2,1
SF,IH2006,2020-02-18 09:31:20.500,2929.6000,10820,0,100132860.000,0,-,-,-,-,2929.8000,2928.4000,2927.2000,2927.0000,2926.2000,2934.8000,2935.0000,2935.4000,2936.0000,2936.6000,1,1,2,2,1,3,1,1,2,1
SF,IH2006,2020-02-18 09:31:21.000,2929.6000,10820,0,100132860.000,0,-,-,-,-,2930.0000,2929.8000,2928.4000,2927.2000,2927.0000,2934.4000,2934.8000,2935.4000,2936.0000,2936.6000,3,1,1,2,2,1,3,1,2,1
SF,IH2006,2020-02-18 09:31:21.500,2929.6000,10820,0,100132860.000,0,-,-,-,-,2930.2000,2930.0000,2929.8000,2928.4000,2927.2000,2934.2000,2934.4000,2934.8000,2935.4000,2936.0000,1,3,1,1,2,2,1,1,1,2
SF,IH2006,2020-02-18 09:31:22.000,2930.0000,10819,-1,101011860.000,1,0,1,双平,S,2930.2000,2930.0000,2929.8000,2928.4000,2927.2000,2933.8000,2934.0000,2934.2000,2934.8000,2935.4000,1,1,1,1,2,1,2,2,1,1
SF,IH2006,2020-02-18 09:31:22.500,2930.0000,10819,0,101011860.000,0,-,-,-,-,2930.4000,2930.2000,2930.0000,2929.8000,2928.4000,2933.6000,2933.8000,2934.0000,2934.8000,2935.4000,1,1,2,1,1,3,1,1,1,1
SF,IH2006,2020-02-18 09:31:23.000,2933.4000,10819,0,101891880.000,1,0,1,多换,S,2930.4000,2930.0000,2929.8000,2928.4000,2927.2000,2933.6000,2933.8000,2934.0000,2935.4000,2936.0000,1,2,1,1,2,3,1,1,1,2
SF,IH2006,2020-02-18 09:31:23.500,2933.4000,10819,0,101891880.000,0,-,-,-,-,2930.4000,2930.0000,2929.8000,2928.4000,2927.2000,2933.6000,2933.8000,2935.4000,2936.0000,2936.6000,1,2,1,1,2,3,1,1,2,1
SF,IH2006,2020-02-18 09:31:24.000,2933.4000,10819,0,101891880.000,0,-,-,-,-,2930.8000,2930.6000,2930.4000,2930.0000,2929.8000,2933.6000,2935.4000,2936.0000,2936.6000,2938.0000,1,2,1,2,1,3,1,2,1,1
SF,IH2006,2020-02-18 09:31:24.500,2933.4000,10819,0,101891880.000,0,-,-,-,-,2931.0000,2930.8000,2930.4000,2930.0000,2929.8000,2933.6000,2935.4000,2936.0000,2936.6000,2938.0000,3,1,1,2,1,3,1,2,1,1
SF,IH2006,2020-02-18 09:31:25.000,2931.0000,10819,0,102771180.000,1,0,1,多换,S,2931.0000,2930.8000,2930.4000,2930.0000,2929.8000,2933.6000,2935.4000,2936.0000,2936.6000,2938.0000,2,1,1,1,1,2,1,2,1,1
SF,IH2006,2020-02-18 09:31:25.500,2931.0000,10819,0,102771180.000,0,-,-,-,-,2931.0000,2930.4000,2930.0000,2929.8000,2928.4000,2933.4000,2933.6000,2935.4000,2936.0000,2936.6000,2,1,1,1,1,2,2,1,2,1
SF,IH2006,2020-02-18 09:31:26.000,2931.0000,10819,0,102771180.000,0,-,-,-,-,2931.0000,2930.4000,2930.0000,2928.4000,2927.2000,2933.2000,2933.4000,2933.6000,2935.4000,2936.0000,2,1,1,1,2,1,2,1,1,2
SF,IH2006,2020-02-18 09:31:26.500,2931.0000,10819,0,102771180.000,0,-,-,-,-,2931.2000,2931.0000,2930.0000,2928.4000,2927.2000,2933.0000,2933.2000,2933.4000,2933.6000,2935.4000,1,1,1,1,2,1,1,1,1,1
SF,IH2006,2020-02-18 09:31:27.000,2931.2000,10819,0,103650540.000,1,0,1,多换,S,2931.0000,2930.0000,2928.4000,2927.2000,2927.0000,2932.8000,2933.0000,2933.4000,2935.4000,2936.0000,1,1,1,2,2,4,1,1,1,2
SF,IH2006,2020-02-18 09:31:27.500,2931.0000,10818,-1,104529840.000,1,0,1,双平,S,2930.0000,2928.4000,2927.2000,2927.0000,2926.0000,2932.6000,2932.8000,2933.4000,2935.4000,2936.0000,1,1,2,2,3,1,4,1,1,2
SF,IH2006,2020-02-18 09:31:28.000,2931.0000,10818,0,104529840.000,0,-,-,-,-,2931.0000,2930.0000,2928.4000,2927.2000,2927.0000,2932.4000,2932.6000,2932.8000,2933.4000,2935.4000,1,1,1,2,2,3,1,1,1,1
SF,IH2006,2020-02-18 09:31:28.500,2931.0000,10818,0,105409140.000,1,0,1,多换,S,2930.0000,2928.4000,2927.2000,2927.0000,2926.0000,2932.2000,2932.4000,2932.8000,2933.4000,2935.4000,1,1,2,2,3,1,3,1,1,1
SF,IH2006,2020-02-18 09:31:29.000,2931.0000,10818,0,105409140.000,0,-,-,-,-,2930.0000,2928.4000,2927.2000,2927.0000,2926.0000,2931.8000,2932.0000,2932.4000,2932.8000,2933.4000,1,1,2,2,3,1,5,1,1,1
SF,IH2006,2020-02-18 09:31:29.500,2931.0000,10818,0,105409140.000,0,-,-,-,-,2930.0000,2928.4000,2927.2000,2927.0000,2926.0000,2931.6000,2931.8000,2932.0000,2932.4000,2932.8000,1,1,2,2,3,5,1,1,1,1
SF,IH2006,2020-02-18 09:31:30.000,2930.0000,10817,-1,106288140.000,1,0,1,双平,S,2929.6000,2928.4000,2927.2000,2927.0000,2926.0000,2931.4000,2931.6000,2932.0000,2932.4000,2932.8000,1,1,2,2,3,1,5,1,1,1
SF,IH2006,2020-02-18 09:31:30.500,2931.2000,10818,1,107167500.000,1,1,0,双开,S,2929.8000,2929.6000,2928.4000,2927.2000,2927.0000,2931.2000,2931.4000,2931.6000,2932.0000,2932.4000,1,1,1,2,2,2,1,2,1,1
SF,IH2006,2020-02-18 09:31:31.000,2931.2000,10818,0,107167500.000,0,-,-,-,-,2930.0000,2929.6000,2928.4000,2927.2000,2927.0000,2931.2000,2931.4000,2931.6000,2932.0000,2935.4000,1,1,1,2,2,2,1,1,1,1
SF,IH2006,2020-02-18 09:31:31.500,2931.2000,10818,0,108046860.000,1,0,1,多换,S,2930.2000,2929.6000,2928.4000,2927.2000,2927.0000,2931.4000,2931.6000,2935.4000,2936.0000,2936.6000,1,1,1,2,2,1,1,1,2,1
SF,IH2006,2020-02-18 09:31:32.000,2930.4000,10819,1,108925980.000,1,1,0,双开,S,2930.4000,2929.6000,2928.4000,2927.2000,2926.0000,2935.4000,2936.0000,2936.6000,2937.4000,2938.0000,1,1,1,2,3,1,2,1,5,1
SF,IH2006,2020-02-18 09:31:32.500,2930.4000,10819,0,108925980.000,0,-,-,-,-,2930.6000,2929.6000,2928.4000,2927.2000,2926.0000,2933.4000,2934.4000,2935.0000,2935.2000,2935.4000,1,1,1,2,3,1,1,1,3,1
SF,IH2006,2020-02-18 09:31:33.000,2930.4000,10819,0,108925980.000,0,-,-,-,-,2930.6000,2929.6000,2928.4000,2927.2000,2926.0000,2933.2000,2933.4000,2934.4000,2935.0000,2935.2000,1,1,1,2,3,2,1,1,1,1
SF,IH2006,2020-02-18 09:31:33.500,2930.4000,10819,0,108925980.000,0,-,-,-,-,2930.6000,2930.0000,2929.6000,2928.4000,2927.2000,2933.0000,2933.2000,2934.4000,2934.8000,2935.0000,1,1,1,1,2,1,2,1,1,1
SF,IH2006,2020-02-18 09:31:34.000,2930.6000,10818,-1,109805160.000,1,0,1,双平,S,2930.0000,2929.6000,2928.4000,2927.2000,2926.0000,2932.6000,2932.8000,2933.0000,2934.8000,2935.0000,1,2,1,2,3,1,3,1,1,1
SF,IH2006,2020-02-18 09:31:34.500,2930.6000,10818,0,109805160.000,0,-,-,-,-,2930.0000,2929.6000,2928.4000,2927.2000,2926.0000,2932.4000,2932.6000,2932.8000,2933.0000,2934.8000,1,2,1,2,3,2,1,2,1,1
SF,IH2006,2020-02-18 09:31:36.000,2930.6000,10818,0,109805160.000,0,-,-,-,-,2930.2000,2930.0000,2929.6000,2928.4000,2927.2000,2932.4000,2932.6000,2932.8000,2933.0000,2934.8000,2,1,2,1,2,2,1,2,1,1
SF,IH2006,2020-02-18 09:31:36.500,2930.6000,10818,0,109805160.000,0,-,-,-,-,2930.2000,2930.0000,2929.6000,2928.4000,2927.2000,2932.2000,2932.4000,2932.8000,2933.0000,2934.8000,2,1,2,1,2,1,2,1,1,1
SF,IH2006,2020-02-18 09:31:37.000,2930.6000,10818,0,109805160.000,0,-,-,-,-,2930.4000,2930.2000,2930.0000,2929.6000,2928.4000,2932.0000,2932.2000,2932.4000,2932.8000,2933.0000,2,1,1,2,1,1,1,2,1,1
SF,IH2006,2020-02-18 09:31:37.500,2930.6000,10818,0,109805160.000,0,-,-,-,-,2930.4000,2930.2000,2930.0000,2929.6000,2927.2000,2931.8000,2932.0000,2932.4000,2932.8000,2934.8000,2,1,1,2,1,1,1,2,1,1
SF,IH2006,2020-02-18 09:31:38.000,2930.6000,10818,0,109805160.000,0,-,-,-,-,2930.4000,2930.2000,2930.0000,2929.6000,2927.2000,2931.8000,2932.0000,2932.4000,2932.8000,2934.8000,2,1,1,2,1,1,1,2,1,1
SF,IH2006,2020-02-18 09:31:38.500,2930.6000,10818,0,109805160.000,0,-,-,-,-,2930.4000,2930.2000,2930.0000,2929.6000,2927.2000,2931.8000,2932.4000,2932.8000,2934.8000,2935.0000,2,1,1,2,1,1,2,1,1,1
SF,IH2006,2020-02-18 09:31:41.000,2930.6000,10818,0,109805160.000,0,-,-,-,-,2930.4000,2930.2000,2930.0000,2929.6000,2927.2000,2931.8000,2932.4000,2932.8000,2934.8000,2935.0000,2,1,1,2,1,1,2,1,1,1
SF,IH2006,2020-02-18 09:31:42.000,2930.6000,10818,0,109805160.000,0,-,-,-,-,2930.4000,2930.2000,2930.0000,2929.6000,2927.2000,2931.6000,2931.8000,2932.4000,2932.8000,2934.8000,1,1,1,2,1,1,1,2,1,1
SF,IH2006,2020-02-18 09:31:42.500,2930.6000,10818,0,109805160.000,0,-,-,-,-,2930.2000,2930.0000,2929.6000,2927.2000,2926.0000,2931.4000,2932.4000,2932.8000,2934.8000,2935.0000,1,1,2,1,3,1,2,1,1,1
SF,IH2006,2020-02-18 09:31:44.000,2930.6000,10818,0,109805160.000,0,-,-,-,-,2930.0000,2929.6000,2927.2000,2926.0000,2925.8000,2931.4000,2932.4000,2932.8000,2934.8000,2935.0000,1,2,1,3,1,1,2,1,1,1
SF,IH2006,2020-02-18 09:31:44.500,2930.6000,10818,0,109805160.000,0,-,-,-,-,2930.2000,2930.0000,2929.6000,2927.2000,2926.0000,2931.4000,2932.4000,2932.8000,2934.8000,2935.0000,2,1,2,1,3,1,2,1,1,1
SF,IH2006,2020-02-18 09:31:46.000,2931.4000,10817,-1,110684580.000,1,0,1,双平,S,2930.2000,2930.0000,2929.6000,2927.2000,2926.0000,2932.4000,2932.8000,2934.8000,2935.0000,2935.4000,2,1,2,1,3,2,1,1,1,1
SF,IH2006,2020-02-18 09:31:46.500,2931.4000,10817,0,110684580.000,0,-,-,-,-,2930.4000,2930.2000,2930.0000,2929.6000,2927.2000,2932.4000,2932.8000,2934.8000,2935.0000,2935.4000,3,1,1,2,1,1,1,1,1,1
SF,IH2006,2020-02-18 09:31:47.000,2931.4000,10817,0,110684580.000,0,-,-,-,-,2931.4000,2930.6000,2930.4000,2930.0000,2929.6000,2932.4000,2934.8000,2935.0000,2935.4000,2936.0000,1,1,3,1,2,1,1,1,1,2
SF,IH2006,2020-02-18 09:31:47.500,2931.4000,10817,0,110684580.000,0,-,-,-,-,2931.6000,2931.4000,2930.4000,2930.0000,2929.6000,2932.4000,2934.8000,2935.0000,2935.4000,2936.0000,1,1,3,1,2,1,1,1,1,2
SF,IH2006,2020-02-18 09:31:48.000,2931.4000,10817,0,110684580.000,0,-,-,-,-,2931.6000,2931.4000,2930.4000,2930.0000,2929.6000,2932.4000,2934.8000,2935.0000,2936.0000,2936.6000,1,1,3,1,2,1,1,1,2,1
SF,IH2006,2020-02-18 09:31:51.000,2931.4000,10817,0,110684580.000,0,-,-,-,-,2931.6000,2931.4000,2930.4000,2930.0000,2929.6000,2932.4000,2934.8000,2935.0000,2936.0000,2936.6000,1,1,3,1,2,1,1,1,2,1
SF,IH2006,2020-02-18 09:31:51.500,2931.4000,10817,0,110684580.000,0,-,-,-,-,2931.6000,2931.4000,2930.4000,2930.0000,2929.6000,2932.4000,2934.8000,2935.0000,2936.0000,2936.6000,1,1,2,1,2,1,1,1,2,1
SF,IH2006,2020-02-18 09:31:52.000,2931.4000,10817,0,110684580.000,0,-,-,-,-,2931.6000,2931.4000,2930.4000,2930.0000,2929.6000,2932.4000,2934.8000,2935.0000,2936.0000,2936.6000,1,1,1,1,2,1,1,1,2,1
SF,IH2006,2020-02-18 09:31:52.500,2931.4000,10817,0,110684580.000,0,-,-,-,-,2931.4000,2930.4000,2930.0000,2929.6000,2927.2000,2931.6000,2932.4000,2934.8000,2935.0000,2936.0000,1,1,1,2,1,1,1,1,1,2
SF,IH2006,2020-02-18 09:31:53.000,2931.4000,10816,-1,111564000.000,1,0,1,双平,S,2930.0000,2929.6000,2927.2000,2926.0000,2925.8000,2931.6000,2932.4000,2934.8000,2935.0000,2936.0000,1,2,1,2,1,1,1,1,1,2
SF,IH2006,2020-02-18 09:31:53.500,2931.4000,10816,0,111564000.000,0,-,-,-,-,2930.4000,2930.2000,2930.0000,2929.6000,2927.2000,2931.4000,2931.6000,2932.4000,2934.8000,2935.0000,2,1,1,2,1,1,1,1,1,1
SF,IH2006,2020-02-18 09:31:54.000,2931.4000,10816,0,111564000.000,0,-,-,-,-,2930.6000,2930.4000,2930.0000,2929.6000,2927.2000,2931.4000,2931.6000,2932.4000,2934.8000,2935.0000,1,1,1,2,1,1,1,1,1,1
SF,IH2006,2020-02-18 09:31:54.500,2931.4000,10816,0,111564000.000,0,-,-,-,-,2930.4000,2930.0000,2929.6000,2927.2000,2926.0000,2931.4000,2931.6000,2932.4000,2934.8000,2935.0000,1,1,2,1,2,1,1,1,1,1
SF,IH2006,2020-02-18 09:31:55.000,2931.4000,10816,0,111564000.000,0,-,-,-,-,2930.4000,2930.0000,2929.6000,2927.2000,2926.0000,2931.6000,2932.4000,2934.8000,2935.0000,2936.0000,1,1,2,1,2,1,1,1,1,2
SF,IH2006,2020-02-18 09:31:55.500,2931.4000,10816,0,111564000.000,0,-,-,-,-,2931.4000,2930.6000,2930.4000,2930.0000,2929.6000,2931.6000,2932.4000,2934.8000,2935.0000,2936.0000,1,1,1,1,2,1,1,1,1,2
SF,IH2006,2020-02-18 09:31:56.000,2931.4000,10816,0,111564000.000,0,-,-,-,-,2931.4000,2930.4000,2930.0000,2929.6000,2927.2000,2932.4000,2934.8000,2935.0000,2936.0000,2936.6000,1,1,1,2,1,1,1,1,2,1
SF,IH2006,2020-02-18 09:31:56.500,2932.4000,10814,-2,113323140.000,2,0,2,双平,S,2930.4000,2930.0000,2929.6000,2927.2000,2926.0000,2934.8000,2935.0000,2936.0000,2936.6000,2937.4000,1,1,2,1,2,1,1,2,1,5
SF,IH2006,2020-02-18 09:31:57.000,2932.4000,10814,0,113323140.000,0,-,-,-,-,2930.8000,2930.4000,2930.0000,2929.6000,2927.2000,2933.8000,2934.4000,2934.6000,2934.8000,2936.0000,1,2,1,2,1,1,2,4,1,2
SF,IH2006,2020-02-18 09:31:57.500,2932.4000,10814,0,113323140.000,0,-,-,-,-,2932.4000,2930.8000,2930.4000,2930.0000,2929.6000,2933.6000,2934.4000,2934.6000,2934.8000,2936.0000,2,1,2,1,2,3,2,1,1,2
SF,IH2006,2020-02-18 09:31:58.000,2932.4000,10814,0,115082580.000,2,1,1,多换,S,2930.8000,2930.4000,2930.0000,2929.6000,2927.2000,2932.2000,2932.4000,2933.4000,2933.6000,2934.4000,1,2,1,2,1,1,1,2,1,1
SF,IH2006,2020-02-18 09:31:58.500,2932.4000,10814,0,115082580.000,0,-,-,-,-,2931.0000,2930.4000,2930.0000,2929.6000,2927.2000,2932.2000,2932.4000,2933.6000,2934.4000,2934.8000,1,2,1,2,1,1,1,1,1,1
SF,IH2006,2020-02-18 09:31:59.000,2932.4000,10814,0,115082580.000,0,-,-,-,-,2931.2000,2931.0000,2930.4000,2930.0000,2929.6000,2932.2000,2932.4000,2933.6000,2934.4000,2934.8000,1,1,2,1,2,1,1,1,1,1
SF,IH2006,2020-02-18 09:31:59.500,2932.4000,10814,0,115082580.000,0,-,-,-,-,2931.0000,2930.4000,2930.0000,2929.6000,2927.2000,2932.2000,2933.6000,2934.4000,2934.8000,2936.0000,1,2,1,2,1,1,1,1,1,2
SF,IH2006,2020-02-18 09:32:00.000,2932.4000,10814,0,115082580.000,0,-,-,-,-,2931.0000,2930.4000,2930.0000,2929.6000,2927.2000,2932.2000,2933.6000,2934.4000,2934.8000,2936.0000,1,1,1,2,1,1,1,1,1,2
SF,IH2006,2020-02-18 09:32:00.500,2932.4000,10814,0,115082580.000,0,-,-,-,-,2931.2000,2931.0000,2930.4000,2930.0000,2929.6000,2932.2000,2933.6000,2934.4000,2934.8000,2935.0000,1,1,1,1,2,1,1,1,1,1
SF,IH2006,2020-02-18 09:32:01.000,2932.4000,10814,0,115082580.000,0,-,-,-,-,2931.0000,2930.4000,2930.0000,2929.6000,2927.2000,2932.2000,2933.6000,2934.4000,2934.8000,2935.0000,1,1,1,2,1,1,1,1,1,1
SF,IH2006,2020-02-18 09:32:01.500,2932.4000,10814,0,115082580.000,0,-,-,-,-,2931.2000,2930.4000,2930.0000,2929.6000,2927.2000,2932.2000,2933.6000,2934.4000,2934.8000,2935.0000,1,1,1,2,1,1,1,1,1,1
SF,IH2006,2020-02-18 09:32:02.000,2932.4000,10814,0,115082580.000,0,-,-,-,-,2930.4000,2930.0000,2929.6000,2927.2000,2926.0000,2931.0000,2932.2000,2933.6000,2934.4000,2934.8000,1,1,2,1,2,2,1,1,1,1
SF,IH2006,2020-02-18 09:32:02.500,2931.0000,10812,-2,116841180.000,2,0,2,双平,S,2930.6000,2930.4000,2930.0000,2929.6000,2927.2000,2932.2000,2933.6000,2934.4000,2934.8000,2935.0000,1,1,1,2,1,1,1,1,1,1
SF,IH2006,2020-02-18 09:32:03.000,2931.0000,10812,0,116841180.000,0,-,-,-,-,2930.8000,2930.4000,2930.0000,2929.6000,2927.2000,2932.2000,2933.6000,2934.4000,2934.8000,2935.0000,2,1,1,2,1,1,1,1,1,1
SF,IH2006,2020-02-18 09:32:04.000,2931.0000,10812,0,116841180.000,0,-,-,-,-,2930.8000,2930.4000,2930.0000,2929.6000,2927.2000,2932.2000,2933.6000,2934.4000,2934.8000,2935.0000,1,1,1,2,1,1,1,1,1,1
SF,IH2006,2020-02-18 09:32:04.500,2931.0000,10812,0,116841180.000,0,-,-,-,-,2931.0000,2930.4000,2930.0000,2929.6000,2927.2000,2932.2000,2933.6000,2934.4000,2934.8000,2935.0000,1,1,1,2,1,1,1,1,1,1
SF,IH2006,2020-02-18 09:32:05.000,2931.0000,10812,0,116841180.000,0,-,-,-,-,2931.2000,2931.0000,2930.4000,2930.0000,2929.6000,2932.2000,2933.6000,2934.4000,2934.8000,2935.0000,1,1,1,1,2,1,1,1,1,1
SF,IH2006,2020-02-18 09:32:05.500,2931.0000,10812,0,116841180.000,0,-,-,-,-,2931.0000,2930.4000,2930.0000,2929.6000,2927.2000,2932.2000,2933.6000,2934.4000,2934.8000,2935.0000,1,1,1,2,1,1,1,1,1,1
SF,IH2006,2020-02-18 09:32:06.500,2931.0000,10812,0,116841180.000,0,-,-,-,-,2931.0000,2930.4000,2930.0000,2929.6000,2927.2000,2932.2000,2933.6000,2934.4000,2934.8000,2935.0000,1,1,1,2,1,1,1,1,1,1
SF,IH2006,2020-02-18 09:32:07.000,2931.0000,10812,0,116841180.000,0,-,-,-,-,2931.0000,2930.4000,2930.0000,2929.6000,2927.2000,2932.2000,2933.6000,2934.4000,2934.8000,2935.0000,2,2,1,2,1,1,1,1,1,1
SF,IH2006,2020-02-18 09:32:07.500,2931.0000,10812,0,116841180.000,0,-,-,-,-,2931.0000,2930.4000,2930.0000,2929.6000,2927.2000,2932.2000,2933.6000,2934.4000,2934.8000,2935.0000,2,1,2,2,1,1,1,1,1,1
SF,IH2006,2020-02-18 09:32:08.000,2931.0000,10812,0,116841180.000,0,-,-,-,-,2931.2000,2931.0000,2930.4000,2930.0000,2929.6000,2932.2000,2933.6000,2934.4000,2934.8000,2935.0000,2,2,1,2,2,1,1,1,1,1
SF,IH2006,2020-02-18 09:32:09.000,2931.0000,10812,0,117720480.000,1,0,1,多换,S,2931.2000,2931.0000,2930.4000,2930.0000,2929.6000,2932.2000,2933.6000,2934.4000,2934.8000,2935.0000,1,3,1,2,2,1,1,1,1,1
SF,IH2006,2020-02-18 09:32:09.500,2931.0000,10812,0,117720480.000,0,-,-,-,-,2931.0000,2930.4000,2930.0000,2929.6000,2927.2000,2932.0000,2932.2000,2932.6000,2933.6000,2934.4000,3,1,2,2,1,1,1,1,1,1
SF,IH2006,2020-02-18 09:32:10.500,2931.0000,10811,-1,119479080.000,2,0,2,多平,S,2931.0000,2930.4000,2930.0000,2929.6000,2929.0000,2932.0000,2932.2000,2932.6000,2933.6000,2934.4000,1,1,2,2,1,1,1,1,1,1
SF,IH2006,2020-02-18 09:32:11.000,2931.0000,10811,0,119479080.000,0,-,-,-,-,2931.0000,2930.4000,2930.0000,2929.6000,2929.0000,2932.2000,2932.6000,2933.6000,2934.8000,2935.0000,1,1,2,2,1,1,1,1,1,1
SF,IH2006,2020-02-18 09:32:12.500,2931.0000,10812,1,120358380.000,1,1,0,双开,S,2930.4000,2930.0000,2929.6000,2929.0000,2927.2000,2932.2000,2932.6000,2933.6000,2934.8000,2935.0000,1,2,2,1,1,1,1,1,1,1
SF,IH2006,2020-02-18 09:32:13.000,2931.0000,10812,0,120358380.000,0,-,-,-,-,2930.6000,2930.4000,2930.0000,2929.6000,2929.0000,2932.2000,2932.6000,2933.6000,2934.8000,2935.0000,2,2,2,2,1,1,1,1,1,1
SF,IH2006,2020-02-18 09:32:13.500,2931.0000,10812,0,120358380.000,0,-,-,-,-,2930.6000,2930.4000,2930.0000,2929.6000,2929.0000,2932.2000,2932.6000,2933.6000,2934.8000,2935.0000,2,1,2,2,1,1,1,1,1,1
SF,IH2006,2020-02-18 09:32:14.000,2931.0000,10812,0,120358380.000,0,-,-,-,-,2930.6000,2930.4000,2930.0000,2929.6000,2929.0000,2932.0000,2932.2000,2932.6000,2933.6000,2934.8000,1,1,2,2,1,2,1,1,1,1
SF,IH2006,2020-02-18 09:32:14.500,2931.0000,10812,0,120358380.000,0,-,-,-,-,2930.4000,2930.0000,2929.6000,2929.0000,2927.2000,2932.0000,2932.2000,2932.6000,2933.6000,2934.8000,2,2,2,1,1,2,1,1,1,1
SF,IH2006,2020-02-18 09:32:15.000,2931.0000,10812,0,120358380.000,0,-,-,-,-,2930.6000,2930.4000,2930.0000,2929.6000,2929.0000,2932.2000,2932.6000,2933.6000,2934.8000,2935.0000,2,2,2,2,1,1,1,1,1,1
SF,IH2006,2020-02-18 09:32:15.500,2931.0000,10812,0,120358380.000,0,-,-,-,-,2930.6000,2930.4000,2930.2000,2930.0000,2929.6000,2932.0000,2932.2000,2932.6000,2933.6000,2934.8000,2,2,1,2,2,1,1,1,1,1
SF,IH2006,2020-02-18 09:32:16.000,2931.0000,10812,0,120358380.000,0,-,-,-,-,2930.6000,2930.4000,2930.0000,2929.6000,2929.0000,2932.0000,2932.2000,2932.6000,2933.6000,2934.8000,2,1,2,2,1,1,1,1,1,1
SF,IH2006,2020-02-18 09:32:16.500,2931.0000,10812,0,120358380.000,0,-,-,-,-,2931.0000,2930.6000,2930.4000,2930.0000,2929.6000,2932.0000,2932.2000,2932.6000,2933.6000,2934.8000,1,2,1,2,2,1,1,1,1,1
SF,IH2006,2020-02-18 09:32:17.000,2931.0000,10812,0,120358380.000,0,-,-,-,-,2931.0000,2930.4000,2930.0000,2929.6000,2929.0000,2932.0000,2932.2000,2932.6000,2933.6000,2934.8000,1,1,2,2,1,1,1,1,1,1
SF,IH2006,2020-02-18 09:32:17.500,2931.0000,10812,0,120358380.000,0,-,-,-,-,2931.0000,2930.4000,2930.0000,2929.6000,2929.0000,2932.0000,2932.2000,2932.6000,2933.6000,2934.8000,2,1,2,2,1,1,1,1,1,1
SF,IH2006,2020-02-18 09:32:18.000,2931.0000,10812,0,120358380.000,0,-,-,-,-,2931.0000,2930.4000,2930.0000,2929.6000,2929.0000,2932.0000,2932.2000,2932.6000,2933.6000,2934.8000,2,1,2,2,1,1,1,1,1,1
SF,IH2006,2020-02-18 09:32:21.000,2931.8000,10812,0,121237920.000,1,0,1,多换,S,2931.0000,2930.4000,2930.0000,2929.6000,2929.0000,2932.0000,2932.2000,2932.6000,2933.6000,2934.8000,2,1,2,2,3,1,1,1,1,1
SF,IH2006,2020-02-18 09:32:23.500,2932.0000,10813,1,122117520.000,1,1,0,双开,S,2931.0000,2930.4000,2930.0000,2929.6000,2929.0000,2932.2000,2932.6000,2933.6000,2934.8000,2935.0000,2,1,2,2,3,1,1,1,1,1
SF,IH2006,2020-02-18 09:32:24.000,2932.0000,10813,0,122117520.000,0,-,-,-,-,2931.2000,2931.0000,2930.4000,2930.0000,2929.6000,2932.2000,2932.6000,2933.6000,2934.8000,2935.0000,1,2,1,2,2,1,1,1,1,1
SF,IH2006,2020-02-18 09:32:24.500,2932.0000,10813,0,122117520.000,0,-,-,-,-,2931.0000,2930.4000,2930.0000,2929.6000,2929.0000,2932.2000,2932.6000,2933.6000,2934.8000,2935.0000,2,1,2,2,3,1,1,1,1,1
SF,IH2006,2020-02-18 09:32:26.500,2932.0000,10813,0,122117520.000,0,-,-,-,-,2931.2000,2931.0000,2930.4000,2930.0000,2929.6000,2932.2000,2932.6000,2933.6000,2934.8000,2935.0000,1,2,1,2,2,1,1,1,1,1
SF,IH2006,2020-02-18 09:32:27.500,2932.0000,10813,0,122117520.000,0,-,-,-,-,2931.2000,2931.0000,2930.4000,2930.0000,2929.6000,2931.8000,2932.2000,2932.6000,2933.6000,2934.8000,1,2,1,2,2,1,1,1,1,1
SF,IH2006,2020-02-18 09:32:28.000,2931.8000,10813,0,122997060.000,1,0,1,多换,S,2931.6000,2931.2000,2931.0000,2930.4000,2930.0000,2932.2000,2932.6000,2933.6000,2934.8000,2935.0000,1,1,2,1,2,1,1,1,1,1
SF,IH2006,2020-02-18 09:32:29.000,2932.2000,10813,0,123876720.000,1,0,1,多换,S,2931.6000,2931.2000,2931.0000,2930.4000,2930.0000,2932.6000,2933.6000,2934.8000,2935.0000,2936.0000,1,1,2,1,2,1,1,1,1,2
SF,IH2006,2020-02-18 09:32:30.000,2932.2000,10813,0,123876720.000,0,-,-,-,-,2931.6000,2931.2000,2931.0000,2930.4000,2930.0000,2931.8000,2932.6000,2933.6000,2934.8000,2935.0000,1,1,3,1,2,1,1,1,1,1
SF,IH2006,2020-02-18 09:32:30.500,2931.8000,10813,0,124756260.000,1,0,1,多换,S,2931.8000,2931.6000,2931.2000,2931.0000,2930.4000,2932.6000,2933.6000,2934.8000,2935.0000,2936.0000,1,1,1,3,1,1,1,1,1,2
SF,IH2006,2020-02-18 09:32:32.000,2931.8000,10813,0,124756260.000,0,-,-,-,-,2931.8000,2931.6000,2931.2000,2931.0000,2930.4000,2932.6000,2933.6000,2934.8000,2935.0000,2936.0000,1,1,1,3,1,1,1,1,1,2
SF,IH2006,2020-02-18 09:32:33.500,2931.8000,10813,0,124756260.000,0,-,-,-,-,2931.6000,2931.2000,2931.0000,2930.4000,2930.0000,2932.6000,2933.6000,2934.8000,2935.0000,2936.0000,1,1,3,1,1,1,1,1,1,2
SF,IH2006,2020-02-18 09:32:34.000,2931.8000,10813,0,124756260.000,0,-,-,-,-,2931.6000,2931.0000,2930.4000,2930.0000,2929.6000,2932.6000,2933.6000,2934.8000,2935.0000,2936.0000,1,3,1,1,2,1,1,1,1,2
SF,IH2006,2020-02-18 09:32:34.500,2931.8000,10813,0,124756260.000,0,-,-,-,-,2931.6000,2931.0000,2930.4000,2930.0000,2929.6000,2932.4000,2932.6000,2933.6000,2934.8000,2935.0000,1,3,1,1,2,2,1,1,1,1
SF,IH2006,2020-02-18 09:32:36.000,2931.8000,10813,0,124756260.000,0,-,-,-,-,2931.6000,2931.0000,2930.4000,2930.0000,2929.6000,2932.4000,2932.6000,2933.6000,2934.8000,2935.0000,1,3,1,1,2,2,1,1,1,1
SF,IH2006,2020-02-18 09:32:36.500,2931.8000,10813,0,124756260.000,0,-,-,-,-,2931.6000,2931.0000,2930.4000,2930.0000,2929.6000,2932.4000,2932.6000,2933.6000,2934.8000,2935.0000,1,3,1,1,2,1,1,1,1,1
SF,IH2006,2020-02-18 09:32:37.000,2931.8000,10813,0,124756260.000,0,-,-,-,-,2931.6000,2931.0000,2930.4000,2930.0000,2929.6000,2932.2000,2932.6000,2933.6000,2934.8000,2935.0000,1,3,1,1,2,1,1,1,1,1
SF,IH2006,2020-02-18 09:32:38.500,2931.8000,10813,0,124756260.000,0,-,-,-,-,2931.6000,2931.0000,2930.4000,2930.0000,2929.6000,2932.0000,2932.2000,2932.6000,2933.6000,2934.8000,1,3,1,1,2,1,1,1,1,1
SF,IH2006,2020-02-18 09:32:39.000,2931.6000,10813,0,125635740.000,1,0,1,多换,S,2931.0000,2930.4000,2930.0000,2929.6000,2929.0000,2931.6000,2932.0000,2932.2000,2932.6000,2933.6000,2,1,1,2,3,2,1,1,1,1
SF,IH2006,2020-02-18 09:32:39.500,2931.0000,10812,-1,127394340.000,2,0,2,多平,S,2930.4000,2930.0000,2929.6000,2929.0000,2926.0000,2930.8000,2931.6000,2932.0000,2932.6000,2933.6000,1,1,2,3,2,2,2,1,1,1
SF,IH2006,2020-02-18 09:32:40.000,2930.4000,10811,-1,128273460.000,1,0,1,双平,S,2930.4000,2930.0000,2929.6000,2929.0000,2926.0000,2931.6000,2932.0000,2932.6000,2933.6000,2934.8000,1,1,2,3,2,2,1,1,1,1
SF,IH2006,2020-02-18 09:32:40.500,2930.4000,10811,0,128273460.000,0,-,-,-,-,2930.0000,2929.6000,2929.0000,2926.0000,2925.8000,2931.2000,2931.4000,2931.6000,2932.0000,2932.6000,1,2,3,2,1,1,1,1,1,1
SF,IH2006,2020-02-18 09:32:41.000,2930.4000,10811,0,128273460.000,0,-,-,-,-,2930.2000,2930.0000,2929.6000,2929.0000,2926.0000,2931.2000,2931.6000,2932.0000,2932.6000,2933.6000,1,1,2,3,2,1,1,1,1,1
SF,IH2006,2020-02-18 09:32:41.500,2930.4000,10811,0,128273460.000,0,-,-,-,-,2930.0000,2929.6000,2929.0000,2926.0000,2925.8000,2931.2000,2931.6000,2932.0000,2932.6000,2933.6000,1,2,3,2,1,1,1,1,1,1
SF,IH2006,2020-02-18 09:32:43.000,2930.4000,10811,0,128273460.000,0,-,-,-,-,2930.0000,2929.6000,2929.0000,2926.0000,2925.8000,2931.2000,2931.6000,2932.0000,2932.6000,2933.6000,1,2,3,2,1,1,1,1,1,1
SF,IH2006,2020-02-18 09:32:43.500,2930.4000,10811,0,128273460.000,0,-,-,-,-,2930.2000,2930.0000,2929.6000,2929.0000,2926.0000,2931.2000,2931.6000,2932.0000,2932.6000,2933.6000,1,1,2,3,2,1,1,1,1,1
SF,IH2006,2020-02-18 09:32:44.000,2930.4000,10811,0,128273460.000,0,-,-,-,-,2930.4000,2930.0000,2929.6000,2929.0000,2926.0000,2931.0000,2931.2000,2931.6000,2932.0000,2932.6000,1,1,2,3,2,1,1,1,1,1
SF,IH2006,2020-02-18 09:32:45.500,2930.4000,10811,0,128273460.000,0,-,-,-,-,2930.0000,2929.6000,2929.0000,2926.0000,2925.8000,2931.0000,2931.2000,2931.6000,2932.0000,2932.6000,1,2,3,2,1,1,1,1,1,1
SF,IH2006,2020-02-18 09:32:46.000,2930.4000,10811,0,128273460.000,0,-,-,-,-,2930.0000,2929.6000,2929.0000,2926.0000,2925.8000,2931.0000,2931.6000,2932.0000,2932.6000,2933.6000,1,2,3,2,1,1,1,1,1,1
SF,IH2006,2020-02-18 09:32:47.000,2931.0000,10811,0,129152760.000,1,0,1,多换,S,2931.0000,2930.0000,2929.6000,2929.0000,2926.0000,2931.6000,2932.0000,2932.6000,2933.6000,2934.8000,1,1,2,3,2,1,1,1,1,1
SF,IH2006,2020-02-18 09:32:47.500,2931.0000,10811,0,129152760.000,0,-,-,-,-,2930.0000,2929.6000,2929.0000,2926.0000,2925.8000,2931.6000,2932.0000,2932.6000,2933.6000,2934.8000,1,2,3,2,1,1,1,1,1,1
SF,IH2006,2020-02-18 09:32:48.000,2931.0000,10811,0,129152760.000,0,-,-,-,-,2930.2000,2930.0000,2929.6000,2929.0000,2926.0000,2931.6000,2932.0000,2932.6000,2933.6000,2934.8000,2,1,2,3,2,1,1,1,1,1
SF,IH2006,2020-02-18 09:32:49.000,2931.0000,10811,0,129152760.000,0,-,-,-,-,2930.2000,2930.0000,2929.6000,2929.0000,2926.0000,2931.6000,2932.0000,2932.6000,2933.6000,2934.8000,3,1,2,3,2,1,1,1,1,1
SF,IH2006,2020-02-18 09:32:49.500,2931.0000,10811,0,129152760.000,0,-,-,-,-,2930.2000,2930.0000,2929.6000,2929.0000,2926.0000,2931.4000,2931.6000,2932.0000,2932.6000,2933.6000,3,1,2,3,2,1,1,1,1,1
SF,IH2006,2020-02-18 09:32:50.000,2931.4000,10811,0,130032180.000,1,0,1,多换,S,2930.2000,2930.0000,2929.6000,2929.0000,2926.0000,2931.6000,2932.0000,2932.6000,2933.6000,2934.8000,3,1,2,3,2,1,1,1,1,1
SF,IH2006,2020-02-18 09:32:52.500,2930.2000,10810,-1,130911240.000,1,0,1,双平,S,2930.2000,2930.0000,2929.6000,2929.0000,2926.0000,2931.6000,2932.0000,2932.6000,2933.6000,2934.8000,2,1,2,3,2,1,1,1,1,1
SF,IH2006,2020-02-18 09:32:53.000,2930.2000,10810,0,130911240.000,0,-,-,-,-,2930.2000,2930.0000,2929.6000,2929.0000,2926.0000,2931.4000,2931.6000,2932.0000,2932.6000,2933.6000,1,1,2,3,2,1,1,1,1,1
SF,IH2006,2020-02-18 09:32:53.500,2930.2000,10810,0,130911240.000,0,-,-,-,-,2931.4000,2930.4000,2930.2000,2930.0000,2929.6000,2932.0000,2932.6000,2933.6000,2934.8000,2935.0000,1,1,1,1,2,1,1,1,1,1
SF,IH2006,2020-02-18 09:32:54.000,2931.4000,10809,-1,131790660.000,1,0,1,双平,S,2930.2000,2930.0000,2929.6000,2929.0000,2926.0000,2932.0000,2932.6000,2933.6000,2934.8000,2935.0000,1,1,2,3,2,1,1,1,1,1
SF,IH2006,2020-02-18 09:32:54.500,2931.4000,10809,0,131790660.000,0,-,-,-,-,2930.4000,2930.2000,2930.0000,2929.6000,2929.0000,2932.0000,2932.6000,2933.6000,2934.8000,2935.0000,4,1,1,2,3,1,1,1,1,1
SF,IH2006,2020-02-18 09:32:55.000,2932.0000,10809,0,132670260.000,1,0,1,多换,S,2932.0000,2930.4000,2930.2000,2930.0000,2929.6000,2932.6000,2933.6000,2934.8000,2935.0000,2936.0000,3,5,1,1,2,1,1,1,1,2
SF,IH2006,2020-02-18 09:32:55.500,2932.6000,10809,0,133550040.000,1,0,1,多换,S,2932.0000,2930.4000,2930.2000,2930.0000,2929.6000,2933.6000,2934.8000,2935.0000,2936.0000,2936.6000,3,4,1,1,2,1,1,1,2,1
SF,IH2006,2020-02-18 09:32:56.000,2932.6000,10809,0,133550040.000,0,-,-,-,-,2932.2000,2932.0000,2930.4000,2930.2000,2930.0000,2933.4000,2933.6000,2934.8000,2935.0000,2936.0000,2,3,4,1,1,1,1,1,1,2
SF,IH2006,2020-02-18 09:32:56.500,2932.6000,10809,0,133550040.000,0,-,-,-,-,2932.2000,2932.0000,2930.4000,2930.2000,2930.0000,2933.6000,2934.8000,2935.0000,2936.0000,2936.6000,2,3,4,1,1,1,1,1,2,1
SF,IH2006,2020-02-18 09:32:57.000,2932.2000,10809,0,134429700.000,1,0,1,多换,S,2932.2000,2932.0000,2930.4000,2930.2000,2930.0000,2933.6000,2934.8000,2935.0000,2936.0000,2936.6000,1,3,4,1,1,1,1,1,2,1
SF,IH2006,2020-02-18 09:32:57.500,2932.2000,10809,0,134429700.000,0,-,-,-,-,2932.2000,2932.0000,2930.4000,2930.2000,2930.0000,2933.6000,2934.8000,2935.0000,2936.0000,2936.6000,1,3,3,1,1,1,1,1,2,1
SF,IH2006,2020-02-18 09:32:58.000,2932.2000,10809,0,134429700.000,0,-,-,-,-,2932.0000,2930.4000,2930.2000,2930.0000,2929.6000,2933.4000,2933.6000,2934.8000,2935.0000,2936.0000,3,3,1,1,2,1,1,1,1,2
SF,IH2006,2020-02-18 09:32:58.500,2932.2000,10809,0,134429700.000,0,-,-,-,-,2932.0000,2930.4000,2930.2000,2930.0000,2929.6000,2933.2000,2933.6000,2934.8000,2935.0000,2936.0000,3,3,1,1,2,1,1,1,1,2
SF,IH2006,2020-02-18 09:32:59.000,2932.2000,10809,0,134429700.000,0,-,-,-,-,2932.0000,2930.4000,2930.2000,2930.0000,2929.6000,2933.0000,2933.6000,2934.8000,2935.0000,2936.0000,3,3,1,1,2,1,1,1,1,2
SF,IH2006,2020-02-18 09:32:59.500,2932.0000,10806,-3,137068500.000,3,0,3,双平,S,2930.4000,2930.2000,2930.0000,2929.6000,2929.0000,2932.8000,2933.6000,2934.8000,2935.0000,2936.0000,2,1,1,2,3,1,1,1,1,2
SF,IH2006,2020-02-18 09:33:00.000,2932.0000,10806,0,137068500.000,0,-,-,-,-,2930.6000,2930.4000,2930.2000,2930.0000,2929.6000,2931.8000,2933.6000,2934.8000,2935.0000,2936.0000,1,2,1,1,2,1,1,1,1,2
SF,IH2006,2020-02-18 09:33:00.500,2931.8000,10805,-1,137948040.000,1,0,1,双平,S,2931.8000,2930.8000,2930.6000,2930.4000,2930.2000,2933.6000,2934.8000,2935.0000,2936.0000,2936.6000,1,1,1,1,1,1,1,1,2,1
SF,IH2006,2020-02-18 09:33:01.000,2931.8000,10805,0,137948040.000,0,-,-,-,-,2931.8000,2930.4000,2930.2000,2930.0000,2929.6000,2933.2000,2933.4000,2933.6000,2934.8000,2935.0000,1,1,1,1,2,1,4,1,1,1
SF,IH2006,2020-02-18 09:33:01.500,2931.8000,10804,-1,138827580.000,1,0,1,双平,S,2930.4000,2930.2000,2930.0000,2929.6000,2929.0000,2933.0000,2933.4000,2933.6000,2934.8000,2935.0000,1,1,1,2,3,1,2,1,1,1
SF,IH2006,2020-02-18 09:33:02.000,2931.8000,10804,0,138827580.000,0,-,-,-,-,2930.4000,2930.2000,2930.0000,2929.6000,2929.0000,2932.8000,2933.4000,2933.6000,2934.8000,2935.0000,1,1,1,2,3,1,1,1,1,1
SF,IH2006,2020-02-18 09:33:02.500,2931.8000,10804,0,138827580.000,0,-,-,-,-,2930.6000,2930.4000,2930.2000,2930.0000,2929.6000,2932.8000,2933.6000,2934.8000,2935.0000,2936.0000,1,1,1,1,2,1,1,1,1,2
SF,IH2006,2020-02-18 09:33:03.000,2931.8000,10804,0,138827580.000,0,-,-,-,-,2930.6000,2930.4000,2930.2000,2930.0000,2929.6000,2932.6000,2932.8000,2933.6000,2934.8000,2935.0000,1,1,1,1,2,1,1,1,1,1
SF,IH2006,2020-02-18 09:33:03.500,2931.8000,10804,0,138827580.000,0,-,-,-,-,2930.6000,2930.4000,2930.2000,2930.0000,2929.6000,2932.4000,2933.6000,2934.8000,2935.0000,2936.0000,1,1,1,1,2,1,1,1,1,2
SF,IH2006,2020-02-18 09:33:04.000,2931.8000,10804,0,138827580.000,0,-,-,-,-,2930.6000,2930.4000,2930.2000,2930.0000,2929.6000,2932.4000,2933.6000,2934.8000,2935.0000,2936.0000,1,2,1,1,2,1,1,1,1,2
SF,IH2006,2020-02-18 09:33:05.000,2931.8000,10804,0,138827580.000,0,-,-,-,-,2931.0000,2930.6000,2930.4000,2930.2000,2930.0000,2932.4000,2933.6000,2934.8000,2935.0000,2936.0000,1,1,2,1,1,1,1,1,1,2
SF,IH2006,2020-02-18 09:33:07.000,2931.8000,10804,0,138827580.000,0,-,-,-,-,2931.0000,2930.6000,2930.4000,2930.2000,2930.0000,2932.4000,2933.6000,2934.8000,2935.0000,2936.0000,1,1,1,1,1,1,1,1,1,2
SF,IH2006,2020-02-18 09:33:09.500,2931.0000,10804,0,139706880.000,1,0,1,多换,S,2930.6000,2930.4000,2930.2000,2930.0000,2929.6000,2931.0000,2932.4000,2933.6000,2934.8000,2935.0000,1,1,1,1,2,1,1,1,1,1
SF,IH2006,2020-02-18 09:33:10.000,2931.0000,10804,0,140586180.000,1,0,1,多换,S,2932.0000,2931.4000,2931.2000,2930.6000,2930.4000,2932.2000,2932.4000,2933.6000,2934.8000,2935.0000,1,2,1,1,1,1,1,1,1,1
SF,IH2006,2020-02-18 09:33:10.500,2932.0000,10804,0,141465780.000,1,0,1,多换,S,2931.4000,2931.2000,2930.6000,2930.4000,2930.2000,2932.0000,2932.2000,2933.6000,2934.8000,2935.0000,2,1,1,1,1,4,1,1,1,1
SF,IH2006,2020-02-18 09:33:11.000,2932.0000,10804,0,141465780.000,0,-,-,-,-,2931.2000,2930.6000,2930.4000,2930.2000,2930.0000,2932.0000,2932.2000,2933.6000,2934.8000,2935.0000,1,1,1,1,1,3,1,1,1,1
SF,IH2006,2020-02-18 09:33:11.500,2932.0000,10804,0,141465780.000,0,-,-,-,-,2931.2000,2930.6000,2930.4000,2930.2000,2930.0000,2931.8000,2932.0000,2933.6000,2934.8000,2935.0000,1,1,1,1,1,1,4,1,1,1
SF,IH2006,2020-02-18 09:33:13.500,2932.0000,10804,0,141465780.000,0,-,-,-,-,2931.2000,2930.8000,2930.6000,2930.4000,2930.2000,2931.8000,2932.0000,2933.6000,2934.8000,2935.0000,1,1,1,1,1,1,4,1,1,1
SF,IH2006,2020-02-18 09:33:15.000,2931.2000,10803,-1,142345140.000,1,0,1,双平,S,2930.8000,2930.6000,2930.4000,2930.2000,2930.0000,2931.8000,2932.0000,2933.0000,2933.6000,2934.8000,1,1,1,1,1,1,4,2,1,1
SF,IH2006,2020-02-18 09:33:15.500,2931.2000,10803,0,142345140.000,0,-,-,-,-,2930.8000,2930.6000,2930.4000,2930.0000,2929.6000,2931.8000,2932.0000,2933.0000,2933.6000,2934.8000,1,1,1,1,2,1,4,2,1,1
SF,IH2006,2020-02-18 09:33:16.000,2931.2000,10803,0,142345140.000,0,-,-,-,-,2930.8000,2930.4000,2930.0000,2929.6000,2929.0000,2931.8000,2932.0000,2933.0000,2933.6000,2934.8000,1,1,1,2,3,1,4,2,1,1
SF,IH2006,2020-02-18 09:33:17.500,2931.2000,10803,0,142345140.000,0,-,-,-,-,2930.8000,2930.4000,2930.0000,2929.6000,2929.0000,2931.8000,2932.0000,2933.0000,2933.6000,2934.8000,2,1,1,2,3,1,4,2,1,1
SF,IH2006,2020-02-18 09:33:18.000,2931.8000,10803,0,143224680.000,1,0,1,多换,S,2930.8000,2930.4000,2930.0000,2929.6000,2929.0000,2932.0000,2933.0000,2933.6000,2934.8000,2935.0000,2,1,1,2,3,4,2,1,1,1
SF,IH2006,2020-02-18 09:33:19.000,2931.8000,10803,0,143224680.000,0,-,-,-,-,2931.0000,2930.8000,2930.4000,2930.0000,2929.6000,2932.0000,2933.0000,2933.6000,2934.8000,2935.0000,1,2,1,1,2,4,2,1,1,1
SF,IH2006,2020-02-18 09:33:19.500,2931.8000,10803,0,143224680.000,0,-,-,-,-,2931.0000,2930.8000,2930.4000,2930.0000,2929.6000,2932.0000,2933.0000,2933.6000,2934.8000,2935.0000,1,2,1,1,2,4,2,1,1,1
SF,IH2006,2020-02-18 09:33:20.000,2931.8000,10803,0,143224680.000,0,-,-,-,-,2931.0000,2930.8000,2930.0000,2929.6000,2929.0000,2932.0000,2933.0000,2933.6000,2934.8000,2935.0000,1,2,1,2,3,4,2,1,1,1
SF,IH2006,2020-02-18 09:33:20.500,2931.8000,10803,0,143224680.000,0,-,-,-,-,2931.0000,2930.8000,2930.0000,2929.6000,2929.0000,2932.0000,2933.0000,2933.6000,2934.8000,2935.0000,1,2,1,2,3,4,2,1,1,1
SF,IH2006,2020-02-18 09:33:21.000,2932.0000,10803,0,144104280.000,1,0,1,多换,S,2931.0000,2930.8000,2930.0000,2929.6000,2929.0000,2932.0000,2933.0000,2933.6000,2934.8000,2935.0000,1,2,1,2,3,3,2,1,1,1
SF,IH2006,2020-02-18 09:33:22.500,2932.0000,10803,0,144104280.000,0,-,-,-,-,2931.0000,2930.8000,2930.0000,2929.6000,2929.0000,2931.8000,2932.0000,2933.0000,2933.6000,2934.8000,1,2,1,2,3,1,3,2,1,1
SF,IH2006,2020-02-18 09:33:23.000,2932.0000,10803,0,144104280.000,0,-,-,-,-,2931.0000,2930.8000,2930.0000,2929.6000,2929.0000,2932.0000,2933.0000,2933.6000,2934.8000,2935.0000,1,2,1,2,3,3,2,1,1,1
SF,IH2006,2020-02-18 09:33:23.500,2932.0000,10803,0,144104280.000,0,-,-,-,-,2930.8000,2930.0000,2929.6000,2929.0000,2926.0000,2931.6000,2932.0000,2933.0000,2933.6000,2934.8000,2,1,2,3,2,1,3,2,1,1
SF,IH2006,2020-02-18 09:33:26.500,2930.8000,10803,0,145862760.000,2,1,1,多换,S,2930.0000,2929.6000,2929.0000,2926.0000,2925.2000,2930.8000,2931.6000,2932.0000,2933.0000,2933.6000,1,2,3,2,2,1,1,3,2,1
SF,IH2006,2020-02-18 09:33:27.000,2930.8000,10803,0,145862760.000,0,-,-,-,-,2930.0000,2929.6000,2929.0000,2926.0000,2925.2000,2930.6000,2930.8000,2931.6000,2932.0000,2933.0000,1,2,3,2,2,2,3,1,3,2
SF,IH2006,2020-02-18 09:33:27.500,2930.0000,10803,0,146741760.000,1,0,1,多换,S,2929.6000,2929.0000,2926.0000,2925.2000,2925.0000,2930.6000,2930.8000,2931.6000,2932.0000,2933.0000,2,3,2,2,1,2,3,1,3,2
SF,IH2006,2020-02-18 09:33:28.000,2930.6000,10803,0,147620940.000,1,0,1,多换,S,2929.6000,2929.0000,2926.0000,2925.2000,2925.0000,2930.6000,2930.8000,2931.6000,2932.0000,2933.0000,2,3,2,2,1,1,3,1,3,2
SF,IH2006,2020-02-18 09:33:28.500,2930.6000,10803,0,147620940.000,0,-,-,-,-,2929.6000,2929.0000,2926.0000,2925.2000,2925.0000,2930.0000,2930.4000,2930.6000,2930.8000,2931.2000,2,3,2,2,1,5,1,1,3,1
SF,IH2006,2020-02-18 09:33:29.000,2929.6000,10802,-1,149378700.000,2,0,2,多平,S,2929.0000,2926.0000,2925.2000,2925.0000,2923.2000,2930.0000,2930.4000,2930.6000,2930.8000,2931.2000,3,2,2,1,1,5,1,1,3,1
SF,IH2006,2020-02-18 09:33:30.000,2929.6000,10802,0,149378700.000,0,-,-,-,-,2929.0000,2926.0000,2925.2000,2925.0000,2923.2000,2930.0000,2930.4000,2930.6000,2930.8000,2931.2000,3,2,2,1,1,5,1,1,1,1
SF,IH2006,2020-02-18 09:33:31.000,2930.0000,10802,0,150257700.000,1,0,1,多换,S,2929.0000,2926.0000,2925.2000,2925.0000,2923.2000,2930.0000,2930.4000,2930.6000,2930.8000,2931.2000,3,2,2,1,1,4,1,1,1,1
SF,IH2006,2020-02-18 09:33:32.000,2930.0000,10802,0,150257700.000,0,-,-,-,-,2929.2000,2929.0000,2926.0000,2925.2000,2925.0000,2930.0000,2930.4000,2930.6000,2930.8000,2931.2000,1,3,2,2,1,4,1,1,1,1
SF,IH2006,2020-02-18 09:33:32.500,2929.2000,10801,-1,151136460.000,1,0,1,双平,S,2929.0000,2926.0000,2925.2000,2925.0000,2923.2000,2930.0000,2930.4000,2930.6000,2930.8000,2931.2000,3,2,2,1,1,4,1,1,1,1
SF,IH2006,2020-02-18 09:33:33.000,2929.2000,10801,0,151136460.000,0,-,-,-,-,2929.0000,2926.0000,2925.2000,2925.0000,2923.2000,2930.0000,2930.4000,2930.6000,2930.8000,2931.2000,3,2,2,1,1,4,1,1,1,1
SF,IH2006,2020-02-18 09:33:33.500,2929.2000,10801,0,151136460.000,0,-,-,-,-,2929.0000,2926.0000,2925.2000,2925.0000,2923.2000,2930.0000,2930.4000,2930.6000,2930.8000,2931.2000,3,2,2,1,1,4,1,1,1,1
SF,IH2006,2020-02-18 09:33:34.000,2929.2000,10801,0,151136460.000,0,-,-,-,-,2929.0000,2926.0000,2925.2000,2925.0000,2923.2000,2930.0000,2930.4000,2930.6000,2930.8000,2931.2000,3,2,2,1,1,4,1,1,1,1
SF,IH2006,2020-02-18 09:33:34.500,2929.2000,10801,0,151136460.000,0,-,-,-,-,2929.0000,2926.0000,2925.2000,2925.0000,2923.2000,2930.0000,2930.4000,2930.6000,2930.8000,2931.2000,3,2,2,1,1,4,1,1,1,1
SF,IH2006,2020-02-18 09:33:35.000,2929.2000,10801,0,151136460.000,0,-,-,-,-,2929.0000,2926.0000,2925.2000,2925.0000,2923.2000,2930.0000,2930.4000,2930.6000,2930.8000,2931.2000,3,2,2,1,1,4,1,1,1,1
SF,IH2006,2020-02-18 09:33:35.500,2929.2000,10801,0,151136460.000,0,-,-,-,-,2929.0000,2926.0000,2925.2000,2925.0000,2923.2000,2930.0000,2930.6000,2930.8000,2931.6000,2932.0000,3,2,2,1,1,5,1,1,1,3
SF,IH2006,2020-02-18 09:33:36.000,2929.2000,10801,0,151136460.000,0,-,-,-,-,2929.0000,2926.0000,2925.2000,2925.0000,2923.2000,2929.8000,2930.0000,2930.6000,2930.8000,2931.6000,3,2,2,1,1,1,5,1,1,1
SF,IH2006,2020-02-18 09:33:36.500,2929.2000,10801,0,151136460.000,0,-,-,-,-,2929.0000,2926.0000,2925.2000,2925.0000,2923.2000,2930.0000,2930.6000,2930.8000,2931.6000,2932.0000,3,2,2,1,1,5,1,1,1,3
SF,IH2006,2020-02-18 09:33:37.000,2929.2000,10801,0,151136460.000,0,-,-,-,-,2929.0000,2926.0000,2925.2000,2925.0000,2923.2000,2930.0000,2930.6000,2930.8000,2931.6000,2932.0000,3,2,2,1,1,5,1,1,1,3
SF,IH2006,2020-02-18 09:33:37.500,2929.2000,10801,0,151136460.000,0,-,-,-,-,2929.0000,2926.0000,2925.2000,2925.0000,2923.2000,2929.8000,2930.0000,2930.6000,2930.8000,2931.6000,3,2,2,1,1,1,5,1,1,1
SF,IH2006,2020-02-18 09:33:38.000,2929.2000,10801,0,151136460.000,0,-,-,-,-,2929.0000,2926.0000,2925.2000,2925.0000,2923.2000,2930.0000,2930.6000,2930.8000,2931.6000,2932.0000,3,2,2,1,1,5,1,1,1,3
SF,IH2006,2020-02-18 09:33:38.500,2929.2000,10801,0,151136460.000,0,-,-,-,-,2929.0000,2926.0000,2925.2000,2925.0000,2923.2000,2930.0000,2930.6000,2930.8000,2931.6000,2932.0000,3,2,2,1,1,5,1,1,1,4
SF,IH2006,2020-02-18 09:33:39.000,2929.2000,10801,0,151136460.000,0,-,-,-,-,2929.0000,2926.0000,2925.2000,2925.0000,2923.2000,2930.0000,2930.6000,2930.8000,2931.6000,2932.0000,3,2,2,1,1,5,1,1,1,4
SF,IH2006,2020-02-18 09:33:40.500,2929.2000,10801,0,151136460.000,0,-,-,-,-,2929.0000,2926.0000,2925.2000,2925.0000,2923.2000,2930.0000,2930.6000,2930.8000,2931.6000,2932.0000,3,2,2,1,1,5,1,1,1,4
SF,IH2006,2020-02-18 09:33:41.500,2929.2000,10801,0,151136460.000,0,-,-,-,-,2929.0000,2926.0000,2925.2000,2925.0000,2923.2000,2929.8000,2930.0000,2930.6000,2930.8000,2931.6000,3,2,2,1,1,1,4,1,1,1
SF,IH2006,2020-02-18 09:33:42.000,2929.2000,10801,0,151136460.000,0,-,-,-,-,2929.0000,2926.0000,2925.2000,2925.0000,2923.2000,2929.6000,2929.8000,2930.0000,2930.6000,2930.8000,3,2,2,1,1,1,1,4,1,1
SF,IH2006,2020-02-18 09:33:42.500,2929.2000,10801,0,151136460.000,0,-,-,-,-,2929.0000,2926.0000,2925.2000,2925.0000,2923.2000,2929.6000,2929.8000,2930.0000,2930.6000,2930.8000,3,2,2,1,1,1,1,4,1,1
SF,IH2006,2020-02-18 09:33:44.500,2929.2000,10801,0,151136460.000,0,-,-,-,-,2929.0000,2926.0000,2925.2000,2925.0000,2923.2000,2929.6000,2929.8000,2930.0000,2930.6000,2930.8000,3,2,2,1,1,1,1,4,1,1
SF,IH2006,2020-02-18 09:33:45.000,2929.2000,10801,0,151136460.000,0,-,-,-,-,2929.0000,2926.0000,2925.2000,2925.0000,2923.2000,2929.6000,2929.8000,2930.0000,2930.6000,2930.8000,3,2,2,1,1,1,1,4,1,1
SF,IH2006,2020-02-18 09:33:46.000,2929.8000,10800,-1,152894280.000,2,0,2,多平,S,2929.0000,2926.0000,2925.2000,2925.0000,2923.2000,2930.0000,2930.6000,2930.8000,2931.6000,2932.0000,3,2,2,1,1,4,1,1,1,4
SF,IH2006,2020-02-18 09:33:47.500,2930.0000,10796,-4,156410280.000,4,0,4,双平,S,2930.2000,2929.0000,2926.0000,2925.2000,2925.0000,2930.6000,2930.8000,2931.6000,2932.0000,2933.0000,1,3,2,2,1,1,1,1,4,2
SF,IH2006,2020-02-18 09:33:48.000,2930.0000,10796,0,156410280.000,0,-,-,-,-,2929.0000,2926.0000,2925.2000,2925.0000,2923.2000,2930.6000,2930.8000,2931.6000,2932.0000,2933.0000,3,2,2,1,1,1,1,1,4,2
SF,IH2006,2020-02-18 09:33:48.500,2930.0000,10796,0,156410280.000,0,-,-,-,-,2929.2000,2929.0000,2926.0000,2925.2000,2925.0000,2930.6000,2930.8000,2931.6000,2932.0000,2933.0000,2,3,2,2,1,1,1,1,4,2
SF,IH2006,2020-02-18 09:33:49.000,2930.0000,10796,0,156410280.000,0,-,-,-,-,2929.2000,2929.0000,2926.0000,2925.2000,2925.0000,2930.6000,2930.8000,2931.6000,2932.0000,2933.0000,1,3,2,2,1,1,1,1,4,2
SF,IH2006,2020-02-18 09:33:49.500,2930.0000,10796,0,156410280.000,0,-,-,-,-,2929.0000,2926.0000,2925.2000,2925.0000,2923.2000,2930.6000,2930.8000,2931.6000,2932.0000,2933.0000,3,2,2,1,1,1,1,1,3,2
SF,IH2006,2020-02-18 09:33:50.000,2930.0000,10796,0,156410280.000,0,-,-,-,-,2929.2000,2929.0000,2926.0000,2925.2000,2925.0000,2930.6000,2930.8000,2931.6000,2932.0000,2933.0000,1,3,2,2,1,1,1,1,3,2
SF,IH2006,2020-02-18 09:33:50.500,2930.0000,10796,0,156410280.000,0,-,-,-,-,2929.0000,2926.0000,2925.2000,2925.0000,2923.2000,2930.6000,2930.8000,2931.6000,2932.0000,2933.0000,3,2,2,1,1,1,1,1,3,2
SF,IH2006,2020-02-18 09:33:51.000,2930.0000,10796,0,156410280.000,0,-,-,-,-,2929.0000,2926.0000,2925.2000,2925.0000,2923.2000,2930.4000,2930.6000,2930.8000,2931.6000,2932.0000,3,2,2,1,1,1,1,1,1,3
SF,IH2006,2020-02-18 09:33:51.500,2930.0000,10796,0,156410280.000,0,-,-,-,-,2929.0000,2926.0000,2925.2000,2925.0000,2923.2000,2930.2000,2930.6000,2930.8000,2931.6000,2932.0000,3,2,2,1,1,2,1,1,1,3
SF,IH2006,2020-02-18 09:33:52.000,2929.0000,10794,-2,159046380.000,3,0,3,多平,S,2926.0000,2925.2000,2925.0000,2923.2000,2922.2000,2929.0000,2930.2000,2930.6000,2930.8000,2931.6000,2,2,1,1,5,1,2,1,1,1
SF,IH2006,2020-02-18 09:33:52.500,2929.0000,10794,0,159046380.000,0,-,-,-,-,2927.2000,2926.8000,2926.4000,2926.2000,2926.0000,2928.8000,2929.0000,2930.2000,2930.6000,2930.8000,1,1,1,1,5,2,3,1,1,1
SF,IH2006,2020-02-18 09:33:53.000,2929.0000,10794,0,159046380.000,0,-,-,-,-,2927.4000,2927.2000,2926.8000,2926.4000,2926.2000,2928.8000,2929.0000,2930.2000,2930.6000,2930.8000,2,1,1,1,1,2,3,1,1,1
SF,IH2006,2020-02-18 09:33:53.500,2929.0000,10794,0,159046380.000,0,-,-,-,-,2927.8000,2927.4000,2926.8000,2926.4000,2926.2000,2928.8000,2929.0000,2930.2000,2930.6000,2930.8000,3,2,1,1,1,1,3,1,1,1
SF,IH2006,2020-02-18 09:33:54.000,2929.0000,10794,0,159046380.000,0,-,-,-,-,2928.0000,2927.8000,2927.4000,2926.8000,2926.4000,2929.0000,2930.2000,2930.6000,2930.8000,2931.0000,1,3,1,1,1,3,1,1,1,1
SF,IH2006,2020-02-18 09:33:54.500,2929.0000,10795,1,160803780.000,2,1,1,空开,S,2928.2000,2927.8000,2927.4000,2926.8000,2926.4000,2930.2000,2930.6000,2930.8000,2931.0000,2931.6000,1,3,1,1,1,1,1,1,1,1
SF,IH2006,2020-02-18 09:33:55.000,2929.0000,10795,0,160803780.000,0,-,-,-,-,2926.8000,2926.4000,2926.2000,2926.0000,2925.2000,2930.0000,2930.2000,2930.6000,2930.8000,2931.0000,1,1,1,4,2,5,1,1,1,1
SF,IH2006,2020-02-18 09:33:55.500,2929.0000,10795,0,160803780.000,0,-,-,-,-,2927.0000,2926.8000,2926.4000,2926.2000,2926.0000,2929.8000,2930.0000,2930.6000,2930.8000,2931.0000,1,1,1,1,4,1,3,1,1,1
SF,IH2006,2020-02-18 09:33:56.000,2929.0000,10795,0,160803780.000,0,-,-,-,-,2928.0000,2927.0000,2926.8000,2926.4000,2926.0000,2929.6000,2929.8000,2930.0000,2930.6000,2930.8000,1,1,1,1,3,1,1,1,1,1
SF,IH2006,2020-02-18 09:33:56.500,2929.0000,10795,0,160803780.000,0,-,-,-,-,2928.2000,2928.0000,2927.2000,2927.0000,2926.8000,2929.4000,2929.6000,2929.8000,2930.0000,2930.6000,1,2,1,1,1,1,1,1,1,1
SF,IH2006,2020-02-18 09:33:57.000,2929.0000,10795,0,160803780.000,0,-,-,-,-,2927.2000,2927.0000,2926.8000,2926.4000,2926.0000,2929.4000,2929.6000,2929.8000,2930.6000,2930.8000,1,1,1,1,3,1,1,1,1,1
SF,IH2006,2020-02-18 09:33:57.500,2929.0000,10795,0,160803780.000,0,-,-,-,-,2927.8000,2927.4000,2927.2000,2926.8000,2926.4000,2929.2000,2929.8000,2930.6000,2930.8000,2931.0000,3,1,1,1,1,1,1,1,1,1
SF,IH2006,2020-02-18 09:33:58.000,2929.2000,10794,-1,161682540.000,1,0,1,双平,S,2928.2000,2928.0000,2927.4000,2927.2000,2926.8000,2929.8000,2930.6000,2930.8000,2931.0000,2931.6000,1,2,1,1,1,1,1,1,1,1
SF,IH2006,2020-02-18 09:33:58.500,2929.2000,10794,0,161682540.000,0,-,-,-,-,2928.4000,2928.2000,2928.0000,2927.4000,2927.2000,2929.8000,2930.6000,2930.8000,2931.0000,2931.6000,1,1,1,1,1,1,1,1,1,1
SF,IH2006,2020-02-18 09:33:59.000,2929.2000,10794,0,161682540.000,0,-,-,-,-,2928.6000,2928.2000,2928.0000,2927.4000,2927.2000,2929.8000,2930.6000,2930.8000,2931.0000,2931.6000,1,1,1,1,1,1,1,1,1,1
SF,IH2006,2020-02-18 09:33:59.500,2929.2000,10794,0,161682540.000,0,-,-,-,-,2928.8000,2928.0000,2927.2000,2926.8000,2926.4000,2930.6000,2930.8000,2931.0000,2931.6000,2932.0000,2,1,1,1,1,1,1,1,1,3
SF,IH2006,2020-02-18 09:34:00.000,2929.2000,10794,0,161682540.000,0,-,-,-,-,2929.4000,2929.0000,2928.0000,2927.2000,2926.8000,2930.4000,2930.6000,2930.8000,2931.0000,2931.6000,1,1,1,1,1,3,1,1,1,1
SF,IH2006,2020-02-18 09:34:00.500,2929.4000,10793,-1,162561360.000,1,0,1,双平,S,2929.0000,2928.0000,2927.2000,2926.8000,2926.4000,2930.2000,2930.4000,2930.6000,2930.8000,2931.0000,1,1,1,1,1,1,3,1,1,1
SF,IH2006,2020-02-18 09:34:01.000,2929.4000,10793,0,162561360.000,0,-,-,-,-,2928.0000,2927.2000,2926.8000,2926.4000,2926.0000,2930.4000,2930.6000,2930.8000,2931.0000,2931.6000,1,1,1,1,3,1,1,1,1,1
SF,IH2006,2020-02-18 09:34:01.500,2929.4000,10793,0,162561360.000,0,-,-,-,-,2928.8000,2928.2000,2928.0000,2927.2000,2926.8000,2930.4000,2930.6000,2930.8000,2931.0000,2931.6000,1,2,1,1,1,1,1,1,1,1
SF,IH2006,2020-02-18 09:34:02.000,2929.4000,10793,0,162561360.000,0,-,-,-,-,2929.0000,2928.8000,2928.2000,2927.2000,2926.8000,2930.4000,2930.6000,2930.8000,2931.0000,2931.6000,1,1,2,1,1,1,1,1,1,1
SF,IH2006,2020-02-18 09:34:02.500,2929.4000,10793,0,162561360.000,0,-,-,-,-,2929.2000,2928.2000,2927.2000,2926.8000,2926.4000,2930.4000,2930.6000,2930.8000,2931.0000,2931.6000,2,2,1,1,1,1,1,1,1,1
SF,IH2006,2020-02-18 09:34:03.500,2930.4000,10792,-1,163440480.000,1,0,1,双平,S,2929.2000,2928.2000,2927.2000,2926.8000,2926.4000,2930.6000,2930.8000,2931.0000,2931.6000,2932.0000,2,2,1,1,1,1,1,1,1,3
SF,IH2006,2020-02-18 09:34:04.000,2930.4000,10792,0,163440480.000,0,-,-,-,-,2929.2000,2928.8000,2928.2000,2927.2000,2926.8000,2930.4000,2930.6000,2930.8000,2931.0000,2931.6000,2,1,2,1,1,1,1,1,1,1
SF,IH2006,2020-02-18 09:34:04.500,2930.4000,10792,0,163440480.000,0,-,-,-,-,2929.2000,2928.8000,2928.2000,2927.2000,2926.8000,2930.4000,2930.6000,2930.8000,2931.0000,2931.6000,2,1,2,1,1,1,1,1,1,1
SF,IH2006,2020-02-18 09:34:05.000,2930.4000,10792,0,163440480.000,0,-,-,-,-,2929.2000,2928.8000,2928.2000,2927.2000,2926.8000,2929.4000,2930.4000,2930.6000,2930.8000,2931.0000,2,1,2,1,1,1,1,1,1,1
SF,IH2006,2020-02-18 09:34:05.500,2929.4000,10792,0,164319300.000,1,0,1,多换,S,2929.2000,2928.8000,2928.2000,2927.2000,2926.8000,2930.4000,2930.6000,2930.8000,2931.0000,2931.6000,1,1,1,1,1,1,1,1,1,1
SF,IH2006,2020-02-18 09:34:06.000,2930.4000,10792,0,165198420.000,1,0,1,多换,S,2930.0000,2929.2000,2928.8000,2928.2000,2927.2000,2930.6000,2930.8000,2931.0000,2931.6000,2932.0000,1,1,1,1,1,1,1,1,1,3
SF,IH2006,2020-02-18 09:34:06.500,2930.4000,10792,0,165198420.000,0,-,-,-,-,2929.2000,2928.8000,2928.2000,2927.2000,2926.8000,2930.6000,2930.8000,2931.0000,2931.6000,2932.0000,1,1,1,1,1,1,1,1,1,3
SF,IH2006,2020-02-18 09:34:07.500,2930.4000,10792,0,165198420.000,0,-,-,-,-,2929.4000,2929.2000,2928.8000,2928.2000,2927.2000,2930.6000,2930.8000,2931.0000,2931.6000,2932.0000,1,1,1,1,1,1,1,1,1,3
SF,IH2006,2020-02-18 09:34:08.000,2930.4000,10792,0,165198420.000,0,-,-,-,-,2929.6000,2929.2000,2928.8000,2928.2000,2927.2000,2930.6000,2930.8000,2931.0000,2931.6000,2932.0000,3,1,1,1,1,1,1,1,1,3
SF,IH2006,2020-02-18 09:34:09.000,2930.4000,10792,0,165198420.000,0,-,-,-,-,2929.6000,2929.2000,2928.8000,2928.2000,2927.2000,2930.6000,2930.8000,2931.0000,2931.6000,2932.0000,1,1,1,1,1,1,1,1,1,3
SF,IH2006,2020-02-18 09:34:10.500,2929.6000,10791,-1,166077300.000,1,0,1,双平,S,2929.2000,2928.8000,2928.2000,2927.2000,2926.8000,2930.6000,2930.8000,2931.0000,2931.6000,2932.0000,1,1,1,1,1,1,1,1,1,3
SF,IH2006,2020-02-18 09:34:12.500,2929.6000,10791,0,166077300.000,0,-,-,-,-,2929.8000,2929.2000,2928.8000,2928.2000,2927.2000,2930.6000,2930.8000,2931.0000,2931.6000,2932.0000,1,1,1,1,1,1,1,1,1,3
SF,IH2006,2020-02-18 09:34:13.000,2929.8000,10791,0,166956240.000,1,0,1,多换,S,2929.2000,2928.8000,2928.2000,2927.2000,2926.8000,2929.8000,2930.6000,2930.8000,2931.0000,2931.6000,1,1,1,1,1,1,1,1,1,1
SF,IH2006,2020-02-18 09:34:13.500,2929.8000,10790,-1,167835180.000,1,0,1,双平,S,2929.2000,2928.8000,2928.2000,2927.2000,2926.8000,2930.6000,2930.8000,2931.0000,2931.6000,2932.0000,1,1,1,1,1,1,1,1,1,3
SF,IH2006,2020-02-18 09:34:14.000,2929.8000,10790,0,167835180.000,0,-,-,-,-,2929.2000,2928.8000,2928.2000,2927.2000,2926.8000,2930.4000,2930.6000,2930.8000,2931.0000,2931.6000,1,1,1,1,1,1,1,1,1,1
SF,IH2006,2020-02-18 09:34:14.500,2929.8000,10790,0,167835180.000,0,-,-,-,-,2929.2000,2928.8000,2928.2000,2927.2000,2926.8000,2930.6000,2930.8000,2931.0000,2931.6000,2932.0000,1,1,1,1,1,1,1,1,1,2
SF,IH2006,2020-02-18 09:34:15.500,2929.8000,10790,0,167835180.000,0,-,-,-,-,2929.2000,2928.8000,2928.2000,2927.2000,2926.8000,2930.6000,2930.8000,2931.0000,2931.6000,2932.0000,1,1,1,1,1,1,1,1,1,2
SF,IH2006,2020-02-18 09:34:16.000,2929.8000,10790,0,167835180.000,0,-,-,-,-,2929.2000,2928.8000,2928.2000,2927.2000,2926.8000,2930.4000,2930.6000,2930.8000,2931.0000,2931.6000,1,1,1,1,1,1,1,1,1,1
SF,IH2006,2020-02-18 09:34:16.500,2929.2000,10789,-1,168713940.000,1,0,1,双平,S,2928.8000,2928.2000,2927.2000,2926.8000,2926.4000,2930.6000,2930.8000,2931.0000,2931.6000,2932.0000,1,1,1,1,1,1,1,1,1,2
SF,IH2006,2020-02-18 09:34:17.000,2929.2000,10789,0,168713940.000,0,-,-,-,-,2929.0000,2928.8000,2928.2000,2927.2000,2926.8000,2930.4000,2930.6000,2930.8000,2931.0000,2931.6000,3,1,1,1,1,2,1,1,1,1
SF,IH2006,2020-02-18 09:34:17.500,2929.2000,10789,0,168713940.000,0,-,-,-,-,2929.8000,2929.0000,2928.8000,2928.2000,2927.2000,2930.4000,2930.6000,2930.8000,2931.0000,2931.6000,1,4,1,1,1,2,1,1,1,1
SF,IH2006,2020-02-18 09:34:18.000,2929.2000,10789,0,168713940.000,0,-,-,-,-,2929.0000,2928.8000,2928.2000,2927.2000,2926.8000,2930.4000,2930.6000,2930.8000,2931.0000,2931.6000,3,1,1,1,1,2,1,1,1,1
SF,IH2006,2020-02-18 09:34:18.500,2929.2000,10789,0,168713940.000,0,-,-,-,-,2929.0000,2928.8000,2928.2000,2927.2000,2926.8000,2930.4000,2930.6000,2930.8000,2931.0000,2931.6000,3,1,1,1,1,1,1,1,1,1
SF,IH2006,2020-02-18 09:34:19.000,2929.2000,10789,0,168713940.000,0,-,-,-,-,2929.0000,2928.8000,2928.2000,2927.2000,2926.8000,2930.2000,2930.6000,2930.8000,2931.0000,2931.6000,3,1,1,1,1,1,1,1,1,1
SF,IH2006,2020-02-18 09:34:19.500,2929.2000,10789,0,168713940.000,0,-,-,-,-,2929.0000,2928.8000,2928.2000,2927.2000,2926.8000,2930.6000,2930.8000,2931.0000,2931.6000,2932.0000,2,1,1,1,1,1,1,1,1,2
SF,IH2006,2020-02-18 09:34:20.000,2929.2000,10789,0,168713940.000,0,-,-,-,-,2929.2000,2929.0000,2928.8000,2928.2000,2927.2000,2930.4000,2930.6000,2930.8000,2931.0000,2931.6000,1,2,1,1,1,1,1,1,1,1
SF,IH2006,2020-02-18 09:34:20.500,2929.2000,10789,0,168713940.000,0,-,-,-,-,2929.0000,2928.8000,2928.2000,2927.2000,2926.8000,2930.6000,2930.8000,2931.0000,2931.6000,2932.0000,2,1,1,1,1,1,1,1,1,2
SF,IH2006,2020-02-18 09:34:21.000,2930.4000,10789,0,169593060.000,1,0,1,多换,S,2929.0000,2928.8000,2928.2000,2927.2000,2926.8000,2930.4000,2930.6000,2930.8000,2931.0000,2931.6000,2,1,1,1,1,1,1,1,1,1
SF,IH2006,2020-02-18 09:34:21.500,2930.4000,10789,0,169593060.000,0,-,-,-,-,2929.0000,2928.8000,2928.2000,2927.2000,2926.8000,2930.6000,2930.8000,2931.0000,2931.6000,2932.0000,2,1,1,1,1,1,1,1,1,2
SF,IH2006,2020-02-18 09:34:22.000,2930.4000,10789,0,169593060.000,0,-,-,-,-,2929.2000,2929.0000,2928.8000,2928.2000,2927.2000,2930.6000,2930.8000,2931.0000,2931.6000,2932.0000,1,2,1,1,1,1,1,1,1,2
SF,IH2006,2020-02-18 09:34:22.500,2929.0000,10788,-1,170471760.000,1,0,1,双平,S,2929.0000,2928.8000,2928.2000,2927.2000,2926.8000,2930.6000,2930.8000,2931.0000,2931.6000,2932.0000,1,1,1,1,1,1,1,1,1,2
SF,IH2006,2020-02-18 09:34:23.000,2929.0000,10788,0,170471760.000,0,-,-,-,-,2929.0000,2928.8000,2928.2000,2927.2000,2926.8000,2930.4000,2930.6000,2930.8000,2931.0000,2931.6000,1,1,1,1,1,2,1,1,1,1
SF,IH2006,2020-02-18 09:34:24.500,2929.0000,10788,0,170471760.000,0,-,-,-,-,2929.8000,2929.2000,2929.0000,2928.8000,2928.2000,2930.4000,2930.6000,2930.8000,2931.0000,2931.6000,1,1,2,1,1,2,1,1,1,1
SF,IH2006,2020-02-18 09:34:25.000,2929.0000,10788,0,170471760.000,0,-,-,-,-,2929.0000,2928.2000,2927.2000,2926.8000,2926.4000,2930.6000,2930.8000,2931.0000,2931.6000,2932.0000,2,1,1,1,1,1,1,1,1,2
SF,IH2006,2020-02-18 09:34:25.500,2929.0000,10788,0,170471760.000,0,-,-,-,-,2929.6000,2929.2000,2929.0000,2928.2000,2927.2000,2930.6000,2930.8000,2931.0000,2931.6000,2932.0000,2,2,2,1,1,1,1,1,1,2
SF,IH2006,2020-02-18 09:34:26.000,2929.0000,10788,0,170471760.000,0,-,-,-,-,2929.6000,2929.2000,2929.0000,2928.2000,2927.2000,2930.6000,2930.8000,2931.0000,2931.6000,2932.0000,2,1,2,1,1,1,1,1,1,2
SF,IH2006,2020-02-18 09:34:27.000,2929.0000,10788,0,170471760.000,0,-,-,-,-,2929.2000,2929.0000,2928.2000,2927.2000,2926.8000,2930.6000,2930.8000,2931.0000,2931.6000,2932.0000,1,2,1,1,1,1,1,1,1,2
SF,IH2006,2020-02-18 09:34:28.000,2929.0000,10788,0,170471760.000,0,-,-,-,-,2929.2000,2929.0000,2928.2000,2927.2000,2926.8000,2930.4000,2930.6000,2930.8000,2931.0000,2931.6000,1,2,1,1,1,1,1,1,1,1
SF,IH2006,2020-02-18 09:34:28.500,2929.0000,10788,0,170471760.000,0,-,-,-,-,2929.0000,2928.2000,2927.2000,2926.8000,2926.4000,2930.6000,2930.8000,2931.0000,2931.6000,2932.0000,2,1,1,1,1,1,1,1,1,2
SF,IH2006,2020-02-18 09:34:29.000,2929.0000,10788,0,170471760.000,0,-,-,-,-,2929.0000,2928.2000,2927.2000,2926.8000,2926.4000,2930.4000,2930.6000,2930.8000,2931.0000,2931.6000,2,1,1,1,1,1,1,1,1,1
SF,IH2006,2020-02-18 09:34:29.500,2929.0000,10788,0,170471760.000,0,-,-,-,-,2929.0000,2928.2000,2927.2000,2926.8000,2926.4000,2930.6000,2930.8000,2931.0000,2931.6000,2932.0000,2,1,1,1,1,1,1,1,1,2
SF,IH2006,2020-02-18 09:34:30.000,2929.0000,10788,0,170471760.000,0,-,-,-,-,2929.2000,2929.0000,2928.2000,2927.2000,2926.8000,2930.6000,2930.8000,2931.0000,2931.6000,2932.0000,1,2,1,1,1,1,1,1,1,2
SF,IH2006,2020-02-18 09:34:30.500,2929.0000,10788,0,170471760.000,0,-,-,-,-,2929.0000,2928.2000,2927.2000,2926.8000,2926.4000,2930.6000,2930.8000,2931.0000,2931.6000,2932.0000,2,1,1,1,1,1,1,1,1,2
SF,IH2006,2020-02-18 09:34:31.000,2929.0000,10788,0,170471760.000,0,-,-,-,-,2929.0000,2928.2000,2927.2000,2926.8000,2926.4000,2930.4000,2930.6000,2930.8000,2931.0000,2931.6000,2,1,1,1,1,1,1,1,1,1
SF,IH2006,2020-02-18 09:34:31.500,2929.0000,10788,0,170471760.000,0,-,-,-,-,2929.2000,2929.0000,2928.2000,2927.2000,2926.8000,2930.6000,2930.8000,2931.0000,2931.6000,2932.0000,1,2,1,1,1,1,1,1,1,2
SF,IH2006,2020-02-18 09:34:32.000,2929.0000,10788,0,170471760.000,0,-,-,-,-,2929.0000,2928.2000,2927.2000,2926.8000,2926.4000,2930.6000,2930.8000,2931.0000,2931.6000,2932.0000,2,1,1,1,1,1,1,1,1,2
SF,IH2006,2020-02-18 09:34:32.500,2929.0000,10788,0,170471760.000,0,-,-,-,-,2929.2000,2929.0000,2928.2000,2927.2000,2926.8000,2930.6000,2930.8000,2931.0000,2931.6000,2932.0000,1,2,1,1,1,1,1,1,1,2
SF,IH2006,2020-02-18 09:34:33.000,2929.0000,10788,0,170471760.000,0,-,-,-,-,2929.0000,2928.2000,2927.2000,2926.8000,2926.4000,2930.6000,2930.8000,2931.0000,2931.6000,2932.0000,2,1,1,1,1,1,1,1,1,2
SF,IH2006,2020-02-18 09:34:33.500,2929.0000,10788,0,170471760.000,0,-,-,-,-,2929.2000,2929.0000,2928.2000,2927.2000,2926.8000,2930.6000,2930.8000,2931.0000,2931.6000,2932.0000,1,2,1,1,1,1,1,1,1,2
SF,IH2006,2020-02-18 09:34:34.000,2929.0000,10788,0,170471760.000,0,-,-,-,-,2930.0000,2929.0000,2928.2000,2927.2000,2926.8000,2930.6000,2930.8000,2931.0000,2931.6000,2932.0000,1,2,1,1,1,1,1,1,1,2
SF,IH2006,2020-02-18 09:34:34.500,2930.0000,10788,0,171350760.000,1,0,1,多换,S,2929.0000,2928.2000,2927.2000,2926.8000,2926.4000,2930.6000,2930.8000,2931.0000,2931.6000,2932.0000,2,1,1,1,1,1,1,1,1,2
SF,IH2006,2020-02-18 09:34:35.000,2930.0000,10788,0,171350760.000,0,-,-,-,-,2929.2000,2929.0000,2928.2000,2927.2000,2926.8000,2930.0000,2930.6000,2930.8000,2931.0000,2931.6000,1,2,1,1,1,1,1,1,1,1
SF,IH2006,2020-02-18 09:34:35.500,2930.0000,10788,0,171350760.000,0,-,-,-,-,2929.0000,2928.2000,2927.2000,2926.8000,2926.4000,2930.0000,2930.6000,2930.8000,2931.0000,2931.6000,2,1,1,1,1,1,1,1,1,1
SF,IH2006,2020-02-18 09:34:36.000,2930.0000,10788,0,171350760.000,0,-,-,-,-,2929.2000,2929.0000,2928.2000,2927.2000,2926.8000,2930.0000,2930.6000,2930.8000,2931.0000,2931.6000,1,2,1,1,1,1,1,1,1,1
SF,IH2006,2020-02-18 09:34:36.500,2930.0000,10787,-1,172229760.000,1,0,1,双平,S,2929.0000,2928.2000,2927.2000,2926.8000,2926.4000,2930.6000,2930.8000,2931.0000,2931.6000,2932.0000,2,1,1,1,1,1,1,1,1,2
SF,IH2006,2020-02-18 09:34:37.000,2930.0000,10787,0,172229760.000,0,-,-,-,-,2929.2000,2929.0000,2928.2000,2927.2000,2926.8000,2930.6000,2930.8000,2931.0000,2931.6000,2932.0000,1,2,1,1,1,1,1,1,1,2
SF,IH2006,2020-02-18 09:34:37.500,2930.0000,10787,0,172229760.000,0,-,-,-,-,2929.4000,2929.0000,2928.2000,2927.2000,2926.8000,2930.6000,2930.8000,2931.0000,2931.6000,2932.0000,1,2,2,1,1,1,1,1,1,2
SF,IH2006,2020-02-18 09:34:38.000,2930.0000,10787,0,172229760.000,0,-,-,-,-,2929.6000,2929.0000,2928.2000,2927.2000,2926.8000,2930.6000,2930.8000,2931.0000,2931.6000,2932.0000,1,2,2,1,1,1,1,1,1,2
SF,IH2006,2020-02-18 09:34:38.500,2930.0000,10787,0,172229760.000,0,-,-,-,-,2929.8000,2929.0000,2928.2000,2927.2000,2926.8000,2930.6000,2930.8000,2931.0000,2931.6000,2932.0000,1,2,2,1,1,1,1,1,1,2
SF,IH2006,2020-02-18 09:34:39.000,2930.0000,10787,0,172229760.000,0,-,-,-,-,2929.0000,2928.2000,2927.2000,2926.8000,2926.4000,2930.6000,2930.8000,2931.0000,2931.6000,2932.0000,2,2,1,1,1,1,1,1,1,2
SF,IH2006,2020-02-18 09:34:39.500,2930.0000,10787,0,172229760.000,0,-,-,-,-,2929.4000,2929.2000,2929.0000,2928.2000,2927.2000,2930.6000,2930.8000,2931.0000,2931.6000,2932.0000,1,1,2,2,1,1,1,1,1,2
SF,IH2006,2020-02-18 09:34:40.000,2930.0000,10787,0,172229760.000,0,-,-,-,-,2929.0000,2928.2000,2927.2000,2926.8000,2926.4000,2930.6000,2930.8000,2931.0000,2931.6000,2932.0000,2,2,1,1,1,1,1,1,1,2
SF,IH2006,2020-02-18 09:34:40.500,2930.0000,10787,0,172229760.000,0,-,-,-,-,2929.2000,2929.0000,2928.2000,2927.2000,2926.8000,2930.4000,2930.6000,2930.8000,2931.0000,2931.6000,2,2,2,1,1,1,1,1,1,1
SF,IH2006,2020-02-18 09:34:41.000,2930.0000,10787,0,172229760.000,0,-,-,-,-,2929.0000,2928.2000,2927.2000,2926.8000,2926.4000,2930.4000,2930.6000,2930.8000,2931.0000,2931.6000,2,2,1,1,1,1,1,1,1,1
SF,IH2006,2020-02-18 09:34:42.500,2930.0000,10787,0,172229760.000,0,-,-,-,-,2929.0000,2928.2000,2927.2000,2926.8000,2926.4000,2930.2000,2930.4000,2930.6000,2930.8000,2931.0000,2,2,1,1,1,1,1,2,1,1
SF,IH2006,2020-02-18 09:34:43.000,2930.0000,10787,0,172229760.000,0,-,-,-,-,2929.0000,2928.2000,2927.2000,2926.8000,2926.4000,2930.0000,2930.6000,2930.8000,2931.0000,2931.6000,2,1,1,1,1,1,2,1,1,1
SF,IH2006,2020-02-18 09:34:43.500,2930.0000,10787,0,172229760.000,0,-,-,-,-,2929.0000,2928.2000,2927.2000,2926.8000,2926.4000,2930.0000,2930.6000,2930.8000,2931.0000,2931.6000,2,1,1,1,1,1,2,1,1,1
SF,IH2006,2020-02-18 09:34:44.000,2930.0000,10787,0,172229760.000,0,-,-,-,-,2929.0000,2928.2000,2927.2000,2926.8000,2926.4000,2930.0000,2930.6000,2930.8000,2931.0000,2931.6000,2,1,1,1,1,1,2,1,1,1
SF,IH2006,2020-02-18 09:34:45.000,2930.0000,10787,0,172229760.000,0,-,-,-,-,2929.0000,2928.2000,2927.2000,2926.8000,2926.4000,2930.0000,2930.6000,2930.8000,2931.0000,2931.6000,2,1,1,1,1,2,2,1,1,1
SF,IH2006,2020-02-18 09:34:45.500,2930.0000,10787,0,172229760.000,0,-,-,-,-,2929.0000,2928.2000,2927.2000,2926.8000,2926.4000,2930.0000,2930.6000,2930.8000,2931.0000,2931.6000,2,1,1,1,1,2,2,1,1,1
SF,IH2006,2020-02-18 09:34:46.000,2930.0000,10787,0,172229760.000,0,-,-,-,-,2929.0000,2928.2000,2927.2000,2926.8000,2926.4000,2930.0000,2930.6000,2930.8000,2931.0000,2931.6000,2,1,1,1,1,2,2,1,1,1
SF,IH2006,2020-02-18 09:34:46.500,2930.0000,10787,0,172229760.000,0,-,-,-,-,2929.0000,2928.2000,2927.2000,2926.8000,2926.4000,2930.0000,2930.6000,2930.8000,2931.0000,2931.6000,2,1,1,1,1,2,2,1,1,1
SF,IH2006,2020-02-18 09:34:47.000,2930.0000,10787,0,172229760.000,0,-,-,-,-,2929.0000,2928.2000,2927.2000,2926.8000,2926.4000,2930.0000,2930.6000,2930.8000,2931.0000,2931.6000,2,1,1,1,1,2,2,1,1,1
SF,IH2006,2020-02-18 09:34:47.500,2929.0000,10787,0,173108460.000,1,0,1,多换,S,2929.0000,2928.2000,2927.2000,2926.8000,2926.4000,2930.0000,2930.6000,2930.8000,2931.0000,2931.6000,1,1,1,1,1,2,2,1,1,1
SF,IH2006,2020-02-18 09:34:48.000,2929.8000,10787,0,174866100.000,2,1,1,多换,S,2928.2000,2927.2000,2926.8000,2926.4000,2926.0000,2930.0000,2930.6000,2930.8000,2931.0000,2931.6000,1,1,1,1,2,2,2,1,1,1
SF,IH2006,2020-02-18 09:34:48.500,2929.8000,10787,0,174866100.000,0,-,-,-,-,2928.4000,2928.2000,2927.2000,2926.8000,2926.4000,2929.8000,2930.0000,2930.6000,2930.8000,2931.0000,2,1,1,1,1,1,2,2,1,1
SF,IH2006,2020-02-18 09:34:49.000,2929.8000,10787,0,174866100.000,0,-,-,-,-,2928.4000,2928.2000,2927.2000,2926.8000,2926.4000,2929.6000,2929.8000,2930.0000,2930.6000,2930.8000,2,1,1,1,1,1,1,1,2,1
SF,IH2006,2020-02-18 09:34:49.500,2929.8000,10787,0,174866100.000,0,-,-,-,-,2928.4000,2928.2000,2927.2000,2926.8000,2926.4000,2929.6000,2929.8000,2930.0000,2930.6000,2930.8000,1,1,1,1,1,1,1,1,2,1
SF,IH2006,2020-02-18 09:34:50.000,2929.8000,10787,0,174866100.000,0,-,-,-,-,2928.6000,2928.2000,2927.2000,2926.8000,2926.4000,2929.6000,2929.8000,2930.0000,2930.6000,2930.8000,1,1,1,1,1,1,1,1,2,1
SF,IH2006,2020-02-18 09:34:50.500,2929.6000,10786,-1,175744980.000,1,0,1,双平,S,2928.8000,2928.2000,2927.2000,2926.8000,2926.4000,2930.0000,2930.6000,2930.8000,2931.0000,2931.6000,1,1,1,1,1,1,2,1,1,1
SF,IH2006,2020-02-18 09:34:51.000,2929.6000,10786,0,175744980.000,0,-,-,-,-,2929.0000,2928.2000,2927.2000,2926.8000,2926.4000,2930.0000,2930.6000,2930.8000,2931.0000,2931.6000,1,1,1,1,1,1,2,1,1,1
SF,IH2006,2020-02-18 09:34:51.500,2929.6000,10786,0,175744980.000,0,-,-,-,-,2928.2000,2927.2000,2926.8000,2926.4000,2926.0000,2930.0000,2930.6000,2930.8000,2931.0000,2931.6000,1,1,1,1,2,1,2,1,1,1
SF,IH2006,2020-02-18 09:34:52.000,2929.6000,10786,0,175744980.000,0,-,-,-,-,2928.4000,2928.2000,2927.2000,2926.8000,2926.4000,2929.8000,2930.0000,2930.6000,2930.8000,2931.0000,3,1,1,1,1,1,1,2,1,1
SF,IH2006,2020-02-18 09:34:52.500,2929.6000,10786,0,175744980.000,0,-,-,-,-,2928.6000,2928.4000,2928.2000,2927.2000,2926.8000,2929.8000,2930.0000,2930.6000,2930.8000,2931.0000,1,3,1,1,1,1,1,2,1,1
SF,IH2006,2020-02-18 09:34:53.000,2929.6000,10786,0,175744980.000,0,-,-,-,-,2928.8000,2928.6000,2928.4000,2928.2000,2927.2000,2929.8000,2930.0000,2930.6000,2930.8000,2931.0000,1,1,2,1,1,1,1,2,1,1
SF,IH2006,2020-02-18 09:34:53.500,2929.6000,10786,0,175744980.000,0,-,-,-,-,2928.6000,2928.4000,2928.2000,2927.2000,2926.8000,2929.8000,2930.0000,2930.6000,2930.8000,2931.0000,1,2,1,1,1,1,1,2,1,1
SF,IH2006,2020-02-18 09:34:54.000,2929.6000,10786,0,175744980.000,0,-,-,-,-,2928.6000,2928.4000,2928.2000,2927.2000,2926.8000,2929.8000,2930.0000,2930.6000,2930.8000,2931.0000,1,2,1,1,1,1,1,2,1,1
SF,IH2006,2020-02-18 09:34:55.000,2928.6000,10786,0,176623560.000,1,0,1,多换,S,2928.4000,2928.2000,2927.2000,2926.8000,2926.4000,2929.8000,2930.0000,2930.6000,2930.8000,2931.0000,2,1,1,1,1,1,1,2,1,1
SF,IH2006,2020-02-18 09:34:55.500,2928.4000,10785,-1,177502080.000,1,0,1,双平,S,2928.2000,2927.2000,2926.8000,2926.4000,2926.0000,2929.6000,2929.8000,2930.0000,2930.6000,2930.8000,1,1,1,1,2,1,1,1,2,1
SF,IH2006,2020-02-18 09:34:56.000,2928.2000,10785,0,178380540.000,1,0,1,多换,S,2926.8000,2926.4000,2926.0000,2925.2000,2925.0000,2929.4000,2929.8000,2930.0000,2930.6000,2930.8000,1,1,2,2,1,2,1,1,2,1
SF,IH2006,2020-02-18 09:34:56.500,2928.2000,10785,0,178380540.000,0,-,-,-,-,2927.0000,2926.8000,2926.4000,2926.0000,2925.2000,2929.2000,2929.4000,2929.8000,2930.0000,2930.6000,1,1,1,2,2,2,1,1,1,2
SF,IH2006,2020-02-18 09:34:57.000,2928.2000,10785,0,178380540.000,0,-,-,-,-,2927.0000,2926.4000,2926.0000,2925.2000,2925.0000,2929.2000,2929.4000,2929.8000,2930.0000,2930.6000,1,1,2,2,1,2,1,1,1,2
SF,IH2006,2020-02-18 09:34:57.500,2929.0000,10786,1,179259240.000,1,1,0,双开,S,2927.0000,2926.8000,2926.4000,2926.0000,2925.2000,2929.2000,2929.4000,2930.0000,2930.6000,2930.8000,1,1,1,2,2,2,1,1,2,1
SF,IH2006,2020-02-18 09:34:58.000,2929.0000,10786,0,179259240.000,0,-,-,-,-,2927.2000,2927.0000,2926.8000,2926.4000,2926.0000,2929.2000,2930.0000,2930.6000,2930.8000,2931.0000,2,1,1,1,2,1,1,2,1,1
SF,IH2006,2020-02-18 09:34:58.500,2929.0000,10786,0,179259240.000,0,-,-,-,-,2927.4000,2927.2000,2926.4000,2926.0000,2925.2000,2929.2000,2930.0000,2930.6000,2930.8000,2931.0000,1,2,1,2,2,1,1,2,1,1
SF,IH2006,2020-02-18 09:34:59.000,2929.0000,10786,0,179259240.000,0,-,-,-,-,2927.8000,2927.6000,2927.2000,2926.4000,2926.0000,2928.8000,2929.0000,2929.2000,2930.0000,2930.6000,1,1,2,1,2,1,1,1,1,2
SF,IH2006,2020-02-18 09:34:59.500,2929.0000,10786,0,179259240.000,0,-,-,-,-,2928.0000,2927.8000,2927.2000,2926.4000,2926.0000,2928.8000,2929.0000,2929.2000,2930.0000,2930.6000,1,1,1,1,2,1,2,1,1,2
SF,IH2006,2020-02-18 09:35:00.000,2929.0000,10786,0,179259240.000,0,-,-,-,-,2927.2000,2926.4000,2926.0000,2925.2000,2925.0000,2928.8000,2929.0000,2930.0000,2930.6000,2930.8000,1,1,2,2,1,1,2,1,2,1
SF,IH2006,2020-02-18 09:35:00.500,2929.0000,10786,0,179259240.000,0,-,-,-,-,2927.4000,2926.4000,2926.0000,2925.2000,2925.0000,2928.6000,2928.8000,2929.0000,2930.0000,2930.6000,3,1,2,2,1,1,1,2,1,2
SF,IH2006,2020-02-18 09:35:01.000,2929.0000,10786,0,179259240.000,0,-,-,-,-,2927.4000,2926.4000,2926.0000,2925.2000,2925.0000,2928.6000,2928.8000,2929.0000,2930.0000,2930.6000,2,1,2,2,1,1,1,2,1,2
SF,IH2006,2020-02-18 09:35:01.500,2929.0000,10786,0,179259240.000,0,-,-,-,-,2927.4000,2926.4000,2926.0000,2925.2000,2925.0000,2928.6000,2928.8000,2929.0000,2930.0000,2930.6000,1,1,2,2,1,1,1,1,1,2
SF,IH2006,2020-02-18 09:35:02.000,2929.0000,10786,0,179259240.000,0,-,-,-,-,2926.4000,2926.0000,2925.2000,2925.0000,2923.2000,2928.6000,2928.8000,2929.0000,2930.0000,2930.6000,1,2,2,1,1,1,1,1,1,2
SF,IH2006,2020-02-18 09:35:02.500,2929.0000,10786,0,179259240.000,0,-,-,-,-,2926.8000,2926.4000,2926.0000,2925.2000,2925.0000,2928.4000,2928.6000,2928.8000,2929.0000,2930.0000,2,1,2,2,1,1,1,1,1,1
SF,IH2006,2020-02-18 09:35:03.000,2928.6000,10785,-1,180137820.000,1,0,1,双平,S,2927.0000,2926.8000,2926.0000,2925.2000,2925.0000,2928.4000,2928.6000,2928.8000,2929.0000,2930.0000,2,1,2,2,1,1,1,2,1,1
SF,IH2006,2020-02-18 09:35:03.500,2928.6000,10785,0,180137820.000,0,-,-,-,-,2927.2000,2927.0000,2926.8000,2926.0000,2925.2000,2928.4000,2928.6000,2928.8000,2929.0000,2930.0000,3,2,2,2,2,2,1,2,1,1
SF,IH2006,2020-02-18 09:35:04.000,2928.6000,10785,0,180137820.000,0,-,-,-,-,2927.0000,2926.8000,2926.0000,2925.2000,2925.0000,2928.4000,2928.6000,2928.8000,2929.0000,2930.0000,1,1,2,2,1,2,1,1,1,1
SF,IH2006,2020-02-18 09:35:04.500,2928.6000,10785,0,180137820.000,0,-,-,-,-,2926.8000,2926.0000,2925.2000,2925.0000,2923.2000,2928.2000,2928.4000,2928.6000,2928.8000,2929.0000,1,2,2,1,1,1,2,1,1,1
SF,IH2006,2020-02-18 09:35:05.000,2928.6000,10785,0,180137820.000,0,-,-,-,-,2927.0000,2926.0000,2925.2000,2925.0000,2923.2000,2928.4000,2928.6000,2928.8000,2930.0000,2930.6000,1,2,2,1,1,2,1,1,1,1
SF,IH2006,2020-02-18 09:35:05.500,2928.6000,10785,0,180137820.000,0,-,-,-,-,2926.2000,2926.0000,2925.2000,2925.0000,2923.2000,2928.2000,2928.4000,2928.6000,2928.8000,2930.0000,1,2,2,1,1,1,2,1,2,1
SF,IH2006,2020-02-18 09:35:06.000,2928.6000,10785,0,180137820.000,0,-,-,-,-,2926.4000,2926.2000,2926.0000,2925.2000,2925.0000,2928.0000,2928.4000,2928.8000,2930.0000,2930.6000,3,1,3,2,1,1,2,2,1,1
SF,IH2006,2020-02-18 09:35:06.500,2928.6000,10785,0,180137820.000,0,-,-,-,-,2927.2000,2926.4000,2926.2000,2926.0000,2925.2000,2928.0000,2928.4000,2928.8000,2930.0000,2930.6000,1,2,1,2,2,1,2,1,1,1
SF,IH2006,2020-02-18 09:35:07.000,2928.6000,10785,0,180137820.000,0,-,-,-,-,2927.2000,2926.8000,2926.4000,2926.2000,2926.0000,2928.0000,2928.4000,2928.8000,2930.0000,2930.6000,1,1,1,1,2,1,2,1,1,1
SF,IH2006,2020-02-18 09:35:07.500,2927.2000,10784,-1,181015980.000,1,0,1,双平,S,2926.8000,2926.0000,2925.2000,2925.0000,2923.2000,2927.0000,2928.0000,2928.4000,2928.8000,2930.0000,1,2,2,1,1,1,1,2,1,1
SF,IH2006,2020-02-18 09:35:08.000,2926.8000,10783,-1,182772180.000,2,0,2,多平,S,2926.0000,2925.2000,2925.0000,2923.2000,2922.0000,2928.0000,2928.4000,2928.8000,2929.0000,2930.0000,2,2,1,1,1,1,2,1,1,1
SF,IH2006,2020-02-18 09:35:08.500,2926.8000,10783,0,182772180.000,0,-,-,-,-,2926.2000,2926.0000,2925.2000,2925.0000,2923.2000,2927.8000,2928.0000,2928.4000,2928.8000,2929.0000,1,2,2,1,1,3,1,1,1,1
SF,IH2006,2020-02-18 09:35:09.000,2926.8000,10783,0,182772180.000,0,-,-,-,-,2926.0000,2925.2000,2925.0000,2923.2000,2922.0000,2927.6000,2927.8000,2928.0000,2928.4000,2928.8000,2,2,1,1,1,1,3,2,1,1
SF,IH2006,2020-02-18 09:35:09.500,2926.8000,10783,0,182772180.000,0,-,-,-,-,2926.2000,2926.0000,2925.2000,2925.0000,2923.2000,2927.6000,2927.8000,2928.0000,2928.4000,2928.8000,1,2,2,1,1,1,2,2,1,1
SF,IH2006,2020-02-18 09:35:10.000,2926.8000,10783,0,182772180.000,0,-,-,-,-,2926.0000,2925.2000,2925.0000,2923.2000,2922.0000,2927.6000,2927.8000,2928.0000,2928.4000,2928.8000,2,2,1,1,1,1,2,2,1,1
SF,IH2006,2020-02-18 09:35:10.500,2926.8000,10783,0,182772180.000,0,-,-,-,-,2926.2000,2926.0000,2925.2000,2925.0000,2923.2000,2927.6000,2927.8000,2928.0000,2928.4000,2928.8000,1,2,2,1,1,1,2,2,1,1
SF,IH2006,2020-02-18 09:35:11.000,2926.8000,10783,0,182772180.000,0,-,-,-,-,2926.0000,2925.2000,2925.0000,2923.2000,2922.0000,2927.4000,2927.6000,2927.8000,2928.0000,2928.4000,2,2,1,1,1,1,1,2,2,1
SF,IH2006,2020-02-18 09:35:11.500,2926.8000,10783,0,182772180.000,0,-,-,-,-,2926.0000,2925.2000,2925.0000,2923.2000,2922.0000,2927.2000,2927.6000,2927.8000,2928.0000,2928.4000,2,2,1,1,1,1,1,2,2,1
