市场代码,合约代码,时间,最新,持仓,增仓,成交额,成交量,开仓,平仓,成交类型,方向,买一价,买二价,买三价,买四价,买五价,卖一价,卖二价,卖三价,卖四价,卖五价,买一量,买二量,买三量,买四量,买五量,卖一量,卖二量,卖三量,卖四量,卖五量
SF,IH2001,2019-12-24 09:29:00.100,2993.8000,28386,0,42212580.000,47.000,-,-,-,-,2993.6000,2993.4000,2993.0000,2991.8000,2991.2000,2994.0000,2995.0000,2995.6000,2996.0000,2996.2000,1,1,4,1,1,3,8,10,5,8
SF,IH2001,2019-12-24 09:30:00.100,2994.0000,28378,-8,58379340.000,18,5,13,多平,S,2994.2000,2994.0000,2993.8000,2993.4000,2993.2000,2995.0000,2995.6000,2996.0000,2996.2000,2996.6000,1,6,1,1,2,8,14,5,8,10
SF,IH2001,2019-12-24 09:30:00.600,2997.4000,28336,-42,123992880.000,73,15,58,多平,S,2997.0000,2996.8000,2996.6000,2996.2000,2996.0000,2997.2000,2997.4000,2997.6000,2998.0000,2999.8000,1,1,12,15,2,1,5,6,1,2
SF,IH2001,2019-12-24 09:30:01.100,2997.6000,28324,-12,150064380.000,29,8,21,多平,S,2995.6000,2995.4000,2995.0000,2994.4000,2994.2000,2997.6000,2998.0000,2999.8000,3000.0000,3001.8000,7,15,2,2,3,5,1,1,1,1
SF,IH2001,2019-12-24 09:30:01.600,2997.6000,28317,-7,157258440.000,8,0,8,多平,S,2997.2000,2997.0000,2995.8000,2995.6000,2995.0000,2997.8000,2998.0000,2999.2000,2999.8000,3000.0000,3,1,8,4,2,6,1,1,1,1
SF,IH2001,2019-12-24 09:30:02.100,2997.8000,28312,-5,161755140.000,5,0,5,双平,S,2997.2000,2997.0000,2996.8000,2996.4000,2996.0000,2998.0000,2999.0000,2999.2000,2999.8000,3000.0000,5,1,1,1,1,1,1,1,1,1
SF,IH2001,2019-12-24 09:30:02.600,2998.0000,28311,-1,163553940.000,2,0,2,多平,S,2998.2000,2998.0000,2997.8000,2997.6000,2997.4000,2998.8000,2999.2000,2999.8000,3000.0000,3001.8000,2,1,6,1,2,12,1,1,1,1
SF,IH2001,2019-12-24 09:30:03.100,2998.8000,28305,-6,171649560.000,9,1,8,多平,S,2997.8000,2997.6000,2997.4000,2997.2000,2997.0000,2999.2000,2999.8000,3001.8000,3002.0000,3002.2000,11,3,2,1,1,2,1,1,1,2
SF,IH2001,2019-12-24 09:30:03.600,2998.6000,28301,-4,177047040.000,6,1,5,多平,S,2998.0000,2997.8000,2997.6000,2997.4000,2997.2000,2998.8000,2999.2000,2999.4000,2999.6000,2999.8000,4,14,2,1,1,4,7,3,1,1
SF,IH2001,2019-12-24 09:30:04.100,2998.0000,28298,-3,186042240.000,10,3,7,多平,S,2998.0000,2997.8000,2997.6000,2997.4000,2997.2000,2998.4000,2998.6000,2998.8000,2999.2000,2999.4000,1,11,2,1,1,1,4,18,6,3
SF,IH2001,2019-12-24 09:30:04.600,2998.0000,28292,-6,197735760.000,13,3,10,多平,S,2998.4000,2997.8000,2997.6000,2997.4000,2997.2000,2998.8000,2999.2000,2999.4000,2999.8000,3000.0000,1,10,2,1,1,6,6,3,1,1
SF,IH2001,2019-12-24 09:30:05.100,2998.8000,28286,-6,203133480.000,6,0,6,双平,S,2998.0000,2997.8000,2997.6000,2997.4000,2997.2000,2998.4000,2998.8000,2999.2000,2999.4000,2999.8000,1,10,2,1,1,2,3,6,3,1
SF,IH2001,2019-12-24 09:30:05.600,2998.2000,28282,-4,206731320.000,4,0,4,双平,S,2998.0000,2997.8000,2997.6000,2997.4000,2997.2000,2998.2000,2998.4000,2998.6000,2998.8000,2999.2000,1,10,1,1,1,7,12,12,3,6
SF,IH2001,2019-12-24 09:30:06.100,2998.2000,28277,-5,212127900.000,6,0,6,多平,S,2997.8000,2997.6000,2997.4000,2997.2000,2997.0000,2999.2000,2999.4000,2999.8000,3000.0000,3001.8000,9,1,1,1,1,6,3,1,1,1
SF,IH2001,2019-12-24 09:30:06.600,2999.0000,28276,-1,213927060.000,2,0,2,多平,S,2998.4000,2998.0000,2997.8000,2997.6000,2997.4000,2999.0000,2999.2000,2999.4000,2999.8000,3000.0000,6,5,9,2,1,6,9,4,1,1
SF,IH2001,2019-12-24 09:30:07.100,2999.2000,28266,-10,226521900.000,14,2,12,多平,S,2998.2000,2997.8000,2997.6000,2997.4000,2997.2000,2999.2000,2999.4000,2999.8000,3000.0000,3001.8000,1,6,1,1,1,3,4,1,1,1
SF,IH2001,2019-12-24 09:30:07.600,2998.8000,28266,0,231019980.000,5,2,3,多换,S,2998.2000,2997.8000,2997.6000,2997.4000,2997.2000,2998.8000,2999.0000,2999.2000,2999.4000,2999.8000,3,6,1,1,1,13,2,1,4,1
SF,IH2001,2019-12-24 09:30:08.100,2999.0000,28263,-3,242714880.000,13,5,8,多平,S,2998.8000,2997.8000,2997.6000,2997.4000,2997.2000,2999.2000,2999.4000,2999.8000,3000.0000,3001.8000,4,6,1,1,1,1,4,1,2,1
SF,IH2001,2019-12-24 09:30:08.600,2998.8000,28264,1,246313500.000,4,2,2,空开,S,2998.8000,2998.4000,2997.8000,2997.6000,2997.4000,2999.2000,2999.4000,2999.8000,3000.0000,3001.8000,2,6,6,1,1,2,4,1,2,1
SF,IH2001,2019-12-24 09:30:09.100,2998.8000,28259,-5,250812300.000,5,0,5,双平,S,2999.0000,2998.4000,2997.8000,2997.6000,2997.4000,2999.4000,2999.8000,3000.0000,3001.8000,3002.0000,1,6,6,1,1,2,1,2,1,1
SF,IH2001,2019-12-24 09:30:09.600,2998.4000,28250,-9,259809420.000,10,0,10,多平,S,2998.4000,2997.8000,2997.6000,2997.4000,2997.2000,2999.6000,2999.8000,3000.0000,3000.6000,3001.8000,4,6,1,1,1,4,1,1,1,1
SF,IH2001,2019-12-24 09:30:10.100,2998.4000,28249,-1,260708940.000,1,0,1,双平,S,2999.2000,2998.4000,2998.0000,2997.8000,2997.6000,2999.4000,2999.6000,2999.8000,3000.0000,3000.4000,6,6,3,6,1,5,4,1,1,1
SF,IH2001,2019-12-24 09:30:10.600,2999.6000,28242,-7,267907440.000,8,0,8,多平,S,2999.2000,2998.4000,2997.8000,2997.6000,2997.4000,2999.6000,2999.8000,3000.0000,3000.6000,3001.8000,3,6,7,1,1,2,1,1,1,1
SF,IH2001,2019-12-24 09:30:11.100,2999.2000,28239,-3,270606960.000,3,0,3,双平,S,2999.2000,2998.6000,2998.4000,2997.8000,2997.6000,2999.6000,2999.8000,3000.0000,3000.6000,3001.8000,2,1,6,7,1,2,1,1,1,1
SF,IH2001,2019-12-24 09:30:11.600,2999.2000,28238,-1,271506720.000,1,0,1,双平,S,2999.2000,2998.6000,2998.4000,2998.0000,2997.8000,2999.4000,2999.6000,2999.8000,3000.0000,3000.6000,1,1,6,1,7,3,2,1,1,1
SF,IH2001,2019-12-24 09:30:12.100,2999.2000,28236,-2,273306240.000,2,0,2,双平,S,2998.8000,2998.6000,2998.4000,2998.0000,2997.8000,2999.4000,2999.6000,2999.8000,3000.0000,3000.6000,2,1,6,1,7,3,5,1,1,1
SF,IH2001,2019-12-24 09:30:12.600,2999.4000,28234,-2,276005700.000,3,0,3,多平,S,2999.0000,2998.8000,2998.6000,2998.4000,2998.0000,2999.6000,2999.8000,3000.0000,3000.6000,3001.8000,2,2,1,6,1,7,1,1,1,1
SF,IH2001,2019-12-24 09:30:13.100,2999.4000,28232,-2,277805400.000,2,0,2,双平,S,2999.4000,2999.0000,2998.8000,2998.4000,2998.0000,2999.6000,2999.8000,3000.0000,3000.6000,3001.8000,4,2,2,6,1,12,1,1,1,1
SF,IH2001,2019-12-24 09:30:13.600,2999.6000,28230,-2,280504980.000,3,0,3,多平,S,2999.4000,2999.0000,2998.8000,2998.4000,2998.0000,2999.6000,2999.8000,3000.0000,3000.6000,3001.8000,5,2,2,6,1,4,1,1,1,1
SF,IH2001,2019-12-24 09:30:14.100,2999.4000,28221,-9,288603720.000,9,0,9,双平,S,2999.6000,2999.4000,2999.0000,2998.8000,2998.4000,3000.0000,3000.6000,3001.8000,3002.0000,3002.2000,2,1,2,2,6,1,1,1,1,2
SF,IH2001,2019-12-24 09:30:14.600,3000.0000,28220,-1,289503720.000,1,0,1,双平,S,2999.6000,2999.4000,2999.2000,2999.0000,2998.8000,3000.6000,3001.0000,3001.8000,3002.0000,3002.2000,10,1,1,2,2,1,1,2,1,2
SF,IH2001,2019-12-24 09:30:15.100,3000.4000,28219,-1,290403840.000,1,0,1,双平,S,2999.8000,2999.6000,2999.4000,2999.2000,2999.0000,3000.0000,3000.4000,3000.6000,3001.0000,3001.8000,2,11,1,1,2,2,4,3,1,1
SF,IH2001,2019-12-24 09:30:15.600,2999.8000,28215,-4,295804080.000,6,1,5,多平,S,2999.6000,2999.4000,2999.2000,2999.0000,2998.8000,3000.4000,3000.6000,3001.0000,3001.8000,3002.0000,11,1,1,2,2,2,3,1,1,1
SF,IH2001,2019-12-24 09:30:16.100,3000.6000,28213,-2,297604200.000,2,0,2,双平,S,3000.0000,2999.8000,2999.6000,2999.4000,2999.2000,3000.6000,3001.0000,3001.8000,3002.0000,3002.2000,1,7,11,1,1,1,1,1,1,2
SF,IH2001,2019-12-24 09:30:16.600,3000.6000,28212,-1,298504380.000,1,0,1,双平,S,3000.2000,3000.0000,2999.8000,2999.6000,2999.4000,3000.6000,3001.8000,3002.0000,3002.2000,3003.0000,2,2,7,11,1,1,1,1,2,15
SF,IH2001,2019-12-24 09:30:17.100,3000.2000,28210,-2,302104920.000,4,1,3,多平,S,3000.2000,3000.0000,2999.8000,2999.6000,2999.4000,3001.8000,3002.0000,3002.2000,3003.0000,3003.6000,1,2,2,11,1,1,1,2,15,1
SF,IH2001,2019-12-24 09:30:17.600,3001.2000,28210,0,308406000.000,7,3,4,多换,S,3000.6000,3000.4000,3000.2000,3000.0000,2999.8000,3001.2000,3001.4000,3001.6000,3001.8000,3002.0000,4,13,1,1,2,5,3,22,17,1
SF,IH2001,2019-12-24 09:30:18.100,3000.8000,28203,-7,314707140.000,7,0,7,双平,S,2999.8000,2999.6000,2999.4000,2999.2000,2999.0000,3000.8000,3001.0000,3001.2000,3001.4000,3001.6000,1,11,1,2,3,1,20,13,1,5
SF,IH2001,2019-12-24 09:30:18.600,3000.8000,28203,0,314707140.000,0,-,-,-,-,3000.0000,2999.8000,2999.6000,2999.4000,2999.2000,3000.2000,3000.6000,3000.8000,3001.0000,3001.2000,1,1,11,1,2,1,3,3,8,6
SF,IH2001,2019-12-24 09:30:19.100,3000.0000,28200,-3,317407200.000,3,0,3,双平,S,2999.8000,2999.6000,2999.4000,2999.2000,2999.0000,3000.4000,3000.6000,3000.8000,3001.0000,3001.2000,1,9,1,2,4,4,1,1,4,5
SF,IH2001,2019-12-24 09:30:19.600,3000.0000,28199,-1,318307200.000,1,0,1,双平,S,2999.8000,2999.6000,2999.4000,2999.2000,2999.0000,3000.4000,3000.6000,3000.8000,3001.0000,3001.2000,1,9,2,1,4,4,1,1,3,1
SF,IH2001,2019-12-24 09:30:20.100,3000.4000,28198,-1,319207320.000,1,0,1,双平,S,3000.2000,3000.0000,2999.8000,2999.6000,2999.4000,3000.4000,3000.6000,3000.8000,3001.0000,3001.6000,2,1,1,9,2,4,1,1,3,5
SF,IH2001,2019-12-24 09:30:20.600,3000.4000,28196,-2,322807740.000,4,1,3,多平,S,3000.2000,3000.0000,2999.8000,2999.6000,2999.4000,3000.4000,3000.8000,3001.0000,3001.8000,3002.0000,1,1,2,9,2,1,2,3,1,1
SF,IH2001,2019-12-24 09:30:21.100,3000.4000,28193,-3,326408460.000,4,0,4,多平,S,3000.4000,3000.2000,3000.0000,2999.8000,2999.6000,3001.0000,3001.8000,3002.0000,3002.2000,3002.4000,1,1,1,2,9,3,1,1,1,3
SF,IH2001,2019-12-24 09:30:21.600,3000.2000,28195,2,328208640.000,2,2,0,双开,S,3000.0000,2999.8000,2999.6000,2999.4000,2999.2000,3000.4000,3000.8000,3001.0000,3001.2000,3001.4000,1,2,9,2,1,2,5,10,3,2
SF,IH2001,2019-12-24 09:30:22.100,3000.0000,28194,-1,329108640.000,1,0,1,双平,S,2999.8000,2999.6000,2999.4000,2999.2000,2999.0000,3000.4000,3000.6000,3000.8000,3001.0000,3001.2000,2,9,2,1,4,1,3,4,9,3
SF,IH2001,2019-12-24 09:30:22.600,2999.6000,28192,-2,333608220.000,5,1,4,多平,S,2999.6000,2999.4000,2999.2000,2999.0000,2998.8000,2999.8000,3000.2000,3000.4000,3000.6000,3000.8000,7,2,1,4,2,1,2,4,3,4
SF,IH2001,2019-12-24 09:30:23.100,2999.2000,28188,-4,348904860.000,17,6,11,多平,S,2998.8000,2998.4000,2998.0000,2997.8000,2997.4000,2999.2000,2999.8000,3000.2000,3000.4000,3000.6000,1,4,1,7,1,4,2,2,4,3
SF,IH2001,2019-12-24 09:30:23.600,2999.0000,28187,-1,349804560.000,1,0,1,双平,S,2999.0000,2998.8000,2998.6000,2998.4000,2998.0000,2999.8000,3000.2000,3000.4000,3000.6000,3001.0000,1,1,1,4,1,1,2,5,3,4
SF,IH2001,2019-12-24 09:30:24.100,2999.0000,28187,0,349804560.000,0,-,-,-,-,2999.0000,2998.8000,2998.4000,2998.0000,2997.8000,2999.4000,2999.6000,2999.8000,3000.2000,3000.4000,1,1,4,1,7,1,2,4,1,5
SF,IH2001,2019-12-24 09:30:24.600,2999.4000,28187,0,350704380.000,1,0,1,多换,S,2999.0000,2998.8000,2998.4000,2998.0000,2997.8000,2999.6000,2999.8000,3000.2000,3000.4000,3000.6000,1,1,4,1,7,4,4,1,5,3
SF,IH2001,2019-12-24 09:30:25.100,2998.4000,28187,0,358800600.000,9,4,5,多换,S,2998.0000,2997.8000,2997.6000,2997.4000,2997.2000,2998.6000,2999.6000,2999.8000,3000.2000,3000.4000,1,7,1,1,1,1,4,4,1,2
SF,IH2001,2019-12-24 09:30:25.600,2999.0000,28186,-1,362399160.000,4,1,3,多平,S,2999.0000,2998.4000,2998.2000,2998.0000,2997.8000,2999.4000,2999.6000,2999.8000,3000.2000,3000.4000,1,1,3,5,7,2,5,2,1,2
SF,IH2001,2019-12-24 09:30:26.100,2999.6000,28182,-4,368697960.000,7,1,6,多平,S,2999.0000,2998.8000,2998.4000,2998.2000,2998.0000,2999.8000,3000.2000,3000.4000,3000.6000,3001.0000,1,1,1,1,4,2,1,2,3,3
SF,IH2001,2019-12-24 09:30:26.600,2999.0000,28179,-3,371397000.000,3,0,3,双平,S,2998.4000,2998.2000,2998.0000,2997.8000,2997.4000,2999.0000,2999.6000,2999.8000,3000.2000,3000.4000,1,1,5,7,1,1,2,2,1,2
SF,IH2001,2019-12-24 09:30:27.100,2998.6000,28177,-2,374995860.000,4,1,3,多平,S,2998.4000,2998.2000,2998.0000,2997.8000,2997.4000,2999.6000,2999.8000,3000.0000,3000.2000,3000.4000,1,1,2,7,1,1,2,1,1,2
SF,IH2001,2019-12-24 09:30:27.600,2998.6000,28177,0,374995860.000,0,-,-,-,-,2998.6000,2998.4000,2998.2000,2998.0000,2997.8000,2999.4000,2999.6000,2999.8000,3000.0000,3000.2000,3,3,1,2,7,2,3,4,1,2
SF,IH2001,2019-12-24 09:30:28.100,2998.6000,28177,0,374995860.000,0,-,-,-,-,2998.6000,2998.4000,2998.0000,2997.8000,2997.4000,2999.4000,2999.6000,2999.8000,3000.0000,3000.2000,3,3,2,7,1,3,1,4,1,2
SF,IH2001,2019-12-24 09:30:28.600,2999.2000,28176,-1,375895620.000,1,0,1,双平,S,2998.6000,2998.4000,2998.0000,2997.8000,2997.4000,2999.4000,2999.6000,2999.8000,3000.0000,3000.2000,4,2,2,7,1,3,1,4,1,2
SF,IH2001,2019-12-24 09:30:29.100,2999.2000,28176,0,375895620.000,0,-,-,-,-,2998.6000,2998.4000,2998.0000,2997.8000,2997.4000,2999.4000,2999.6000,2999.8000,3000.0000,3000.2000,5,2,2,7,1,1,1,4,1,2
SF,IH2001,2019-12-24 09:30:29.600,2999.4000,28176,0,376795440.000,1,0,1,多换,S,2998.8000,2998.6000,2998.4000,2998.0000,2997.8000,2999.4000,2999.6000,2999.8000,3000.0000,3000.2000,1,5,2,2,7,1,1,4,1,2
SF,IH2001,2019-12-24 09:30:30.100,2999.2000,28174,-2,380394480.000,4,1,3,多平,S,2999.4000,2999.0000,2998.8000,2998.6000,2998.4000,2999.6000,2999.8000,3000.0000,3000.2000,3000.4000,9,2,1,5,2,1,4,1,2,2
SF,IH2001,2019-12-24 09:30:30.600,2999.8000,28175,1,385793760.000,6,3,3,空开,S,2999.6000,2999.4000,2999.0000,2998.8000,2998.6000,2999.8000,3000.0000,3000.2000,3000.4000,3000.6000,1,13,2,1,3,4,1,1,2,3
SF,IH2001,2019-12-24 09:30:31.100,3000.0000,28168,-7,392093520.000,7,0,7,双平,S,2999.6000,2999.4000,2999.0000,2998.6000,2998.4000,3000.2000,3000.4000,3000.6000,3001.0000,3001.2000,1,17,1,3,3,1,2,3,3,4
SF,IH2001,2019-12-24 09:30:31.600,3000.0000,28168,0,392993520.000,1,0,1,多换,S,2999.8000,2999.4000,2999.0000,2998.6000,2998.4000,3000.0000,3000.2000,3000.4000,3000.6000,3001.0000,1,11,2,2,4,1,1,2,3,3
SF,IH2001,2019-12-24 09:30:32.100,2999.8000,28168,0,393893460.000,1,0,1,多换,S,2999.6000,2999.4000,2999.0000,2998.6000,2998.4000,2999.8000,3000.0000,3000.2000,3000.4000,3001.0000,1,11,2,2,4,1,1,3,2,3
SF,IH2001,2019-12-24 09:30:32.600,3000.4000,28167,-1,401093580.000,8,3,5,多平,S,2999.4000,2999.2000,2999.0000,2998.6000,2998.4000,3000.8000,3001.0000,3001.2000,3001.4000,3001.6000,10,1,2,2,4,1,3,5,2,1
SF,IH2001,2019-12-24 09:30:33.100,3000.4000,28167,0,401093580.000,0,-,-,-,-,2999.6000,2999.4000,2999.2000,2999.0000,2998.6000,3000.6000,3000.8000,3001.0000,3001.2000,3001.6000,5,12,2,2,2,7,5,3,5,1
SF,IH2001,2019-12-24 09:30:33.600,2999.6000,28167,0,403793520.000,3,1,2,多换,S,2999.6000,2999.4000,2999.2000,2999.0000,2998.6000,3000.6000,3000.8000,3001.0000,3001.2000,3001.6000,4,11,1,2,1,5,1,3,5,1
SF,IH2001,2019-12-24 09:30:34.100,3000.4000,28167,0,405593520.000,2,1,1,多换,S,2999.8000,2999.6000,2999.4000,2999.2000,2999.0000,3000.0000,3000.6000,3000.8000,3001.0000,3001.2000,3,4,11,1,3,1,1,1,3,5
SF,IH2001,2019-12-24 09:30:34.600,3000.8000,28166,-1,407393760.000,2,0,2,多平,S,3000.2000,3000.0000,2999.8000,2999.6000,2999.4000,3001.0000,3001.2000,3001.6000,3001.8000,3002.2000,2,4,3,1,11,3,5,1,1,1
SF,IH2001,2019-12-24 09:30:35.100,3000.2000,28165,-1,409193880.000,2,0,2,多平,S,2999.8000,2999.4000,2999.2000,2999.0000,2998.6000,3000.8000,3001.0000,3001.2000,3001.6000,3001.8000,1,11,1,3,1,9,5,4,1,1
SF,IH2001,2019-12-24 09:30:35.600,3000.0000,28163,-2,410994060.000,2,0,2,双平,S,3000.0000,2999.8000,2999.4000,2999.2000,2999.0000,3000.6000,3000.8000,3001.0000,3001.2000,3001.6000,3,1,11,1,3,2,2,3,4,1
SF,IH2001,2019-12-24 09:30:36.100,3000.0000,28162,-1,411894060.000,1,0,1,双平,S,3000.0000,2999.8000,2999.4000,2999.2000,2999.0000,3000.8000,3001.0000,3001.2000,3001.6000,3001.8000,2,1,11,1,3,2,3,4,1,1
SF,IH2001,2019-12-24 09:30:36.600,3000.0000,28160,-2,414594060.000,3,0,3,多平,S,2999.8000,2999.4000,2999.2000,2999.0000,2998.8000,3000.8000,3001.0000,3001.2000,3001.6000,3001.8000,1,11,1,3,1,2,3,4,1,1
SF,IH2001,2019-12-24 09:30:37.100,3000.0000,28160,0,415494060.000,1,0,1,多换,S,2999.8000,2999.4000,2999.2000,2999.0000,2998.8000,3000.4000,3000.6000,3000.8000,3001.0000,3001.2000,3,11,1,3,1,1,2,2,3,4
SF,IH2001,2019-12-24 09:30:37.600,3000.0000,28160,0,416394060.000,1,0,1,多换,S,2999.8000,2999.4000,2999.2000,2999.0000,2998.8000,3000.4000,3000.6000,3000.8000,3001.0000,3001.2000,1,10,1,3,1,1,3,2,3,4
SF,IH2001,2019-12-24 09:30:38.100,3000.0000,28160,0,416394060.000,0,-,-,-,-,2999.8000,2999.4000,2999.2000,2999.0000,2998.8000,3000.0000,3000.2000,3000.4000,3000.6000,3000.8000,1,10,1,3,1,1,1,1,3,2
SF,IH2001,2019-12-24 09:30:38.600,3000.2000,28158,-2,418194120.000,2,0,2,双平,S,3000.0000,2999.8000,2999.4000,2999.2000,2999.0000,3000.4000,3000.6000,3001.0000,3001.2000,3001.6000,3,1,10,1,3,2,2,3,4,2
SF,IH2001,2019-12-24 09:30:39.100,3000.4000,28155,-3,420894300.000,3,0,3,双平,S,3000.0000,2999.8000,2999.4000,2999.2000,2999.0000,3000.4000,3000.6000,3001.0000,3001.2000,3001.6000,2,2,10,1,3,1,2,3,4,2
SF,IH2001,2019-12-24 09:30:39.600,3000.0000,28154,-1,421794300.000,1,0,1,双平,S,3000.0000,2999.8000,2999.4000,2999.2000,2999.0000,3000.4000,3000.6000,3001.0000,3001.2000,3001.6000,2,2,10,1,3,1,2,3,4,2
SF,IH2001,2019-12-24 09:30:40.100,3000.4000,28153,-1,422694420.000,1,0,1,双平,S,3000.4000,3000.0000,2999.8000,2999.4000,2999.2000,3000.6000,3001.0000,3001.2000,3001.6000,3001.8000,4,3,2,10,1,2,3,4,2,1
SF,IH2001,2019-12-24 09:30:40.600,3000.4000,28151,-2,424494660.000,2,0,2,双平,S,3000.4000,3000.0000,2999.8000,2999.4000,2999.2000,3000.6000,3001.0000,3001.2000,3001.6000,3001.8000,2,3,2,10,1,3,3,3,2,1
SF,IH2001,2019-12-24 09:30:41.100,3000.4000,28151,0,424494660.000,0,-,-,-,-,3000.4000,3000.0000,2999.8000,2999.4000,2999.2000,3000.6000,3001.0000,3001.2000,3001.6000,3001.8000,2,3,3,10,1,3,3,3,2,1
SF,IH2001,2019-12-24 09:30:41.600,3000.4000,28149,-2,428095320.000,4,1,3,多平,S,3000.4000,3000.0000,2999.8000,2999.4000,2999.2000,3001.0000,3001.2000,3001.6000,3001.8000,3002.2000,2,3,3,10,1,3,3,2,1,1
SF,IH2001,2019-12-24 09:30:42.100,3000.4000,28149,0,428995440.000,1,0,1,多换,S,3000.4000,3000.0000,2999.8000,2999.4000,2999.2000,3000.8000,3001.0000,3001.2000,3001.6000,3001.8000,1,3,3,10,1,2,3,3,2,1
SF,IH2001,2019-12-24 09:30:42.600,3000.4000,28149,0,428995440.000,0,-,-,-,-,3000.6000,3000.4000,3000.0000,2999.8000,2999.4000,3000.8000,3001.0000,3001.2000,3001.6000,3001.8000,2,1,5,2,10,2,6,3,2,1
SF,IH2001,2019-12-24 09:30:43.100,3000.0000,28145,-4,434396100.000,6,1,5,多平,S,3000.0000,2999.8000,2999.4000,2999.2000,2999.0000,3000.6000,3000.8000,3001.0000,3001.2000,3001.6000,4,2,10,1,4,5,2,6,3,2
SF,IH2001,2019-12-24 09:30:43.600,3000.0000,28145,0,434396100.000,0,-,-,-,-,3000.2000,3000.0000,2999.8000,2999.4000,2999.2000,3000.6000,3000.8000,3001.0000,3001.2000,3001.6000,1,4,2,10,1,4,2,6,3,2
SF,IH2001,2019-12-24 09:30:44.100,3000.0000,28145,0,434396100.000,0,-,-,-,-,3000.2000,3000.0000,2999.8000,2999.4000,2999.2000,3000.4000,3000.6000,3000.8000,3001.0000,3001.2000,1,4,2,10,1,1,4,5,6,3
SF,IH2001,2019-12-24 09:30:44.600,3000.4000,28143,-2,436196280.000,2,0,2,双平,S,3000.0000,2999.8000,2999.4000,2999.2000,2999.0000,3000.4000,3000.6000,3000.8000,3001.0000,3001.2000,4,2,10,1,4,1,4,5,6,3
SF,IH2001,2019-12-24 09:30:45.100,3000.4000,28143,0,436196280.000,0,-,-,-,-,3000.0000,2999.8000,2999.4000,2999.2000,2999.0000,3000.4000,3000.6000,3000.8000,3001.0000,3001.2000,4,2,10,1,4,1,4,5,6,3
SF,IH2001,2019-12-24 09:30:45.600,3000.0000,28143,0,437096280.000,1,0,1,多换,S,3000.0000,2999.8000,2999.4000,2999.2000,2999.0000,3000.4000,3000.6000,3000.8000,3001.0000,3001.2000,3,2,10,1,4,1,4,5,6,3
SF,IH2001,2019-12-24 09:30:46.600,3000.4000,28141,-2,439796520.000,3,0,3,多平,S,3000.4000,3000.0000,2999.8000,2999.4000,2999.2000,3000.6000,3000.8000,3001.0000,3001.2000,3001.6000,1,2,2,5,1,4,5,6,3,2
SF,IH2001,2019-12-24 09:30:47.100,3000.4000,28140,-1,440696640.000,1,0,1,双平,S,3000.0000,2999.8000,2999.4000,2999.2000,2999.0000,3000.4000,3000.6000,3000.8000,3001.0000,3001.2000,2,2,5,1,4,7,2,5,6,3
SF,IH2001,2019-12-24 09:30:47.600,3000.4000,28140,0,440696640.000,0,-,-,-,-,3000.0000,2999.8000,2999.4000,2999.2000,2999.0000,3000.4000,3000.6000,3000.8000,3001.0000,3001.2000,2,2,5,1,4,4,2,5,6,3
SF,IH2001,2019-12-24 09:30:48.100,3000.0000,28139,-1,441596640.000,1,0,1,双平,S,3000.0000,2999.8000,2999.4000,2999.2000,2999.0000,3000.4000,3000.6000,3000.8000,3001.0000,3001.2000,1,2,5,1,4,4,2,5,6,3
SF,IH2001,2019-12-24 09:30:48.600,3000.0000,28139,0,442496640.000,1,0,1,多换,S,2999.8000,2999.4000,2999.2000,2999.0000,2998.8000,3000.4000,3000.6000,3000.8000,3001.0000,3001.2000,2,5,1,4,1,4,2,5,6,3
SF,IH2001,2019-12-24 09:30:49.100,3000.4000,28139,0,444296820.000,2,1,1,多换,S,2999.8000,2999.4000,2999.2000,2999.0000,2998.8000,3000.4000,3000.6000,3000.8000,3001.0000,3001.2000,2,5,1,4,1,4,2,5,6,3
SF,IH2001,2019-12-24 09:30:49.600,3000.0000,28138,-1,445196820.000,1,0,1,双平,S,2999.8000,2999.4000,2999.2000,2999.0000,2998.8000,3000.4000,3000.6000,3000.8000,3001.0000,3001.2000,2,5,1,4,1,4,2,5,6,3
SF,IH2001,2019-12-24 09:30:50.100,3000.0000,28138,0,445196820.000,0,-,-,-,-,2999.8000,2999.4000,2999.2000,2999.0000,2998.8000,3000.4000,3000.6000,3000.8000,3001.0000,3001.2000,2,5,1,3,1,4,2,5,6,3
SF,IH2001,2019-12-24 09:30:50.600,2999.8000,28138,0,446096760.000,1,0,1,多换,S,2999.8000,2999.4000,2999.2000,2999.0000,2998.8000,3000.4000,3000.6000,3000.8000,3001.0000,3001.2000,1,5,1,3,1,3,2,5,6,3
SF,IH2001,2019-12-24 09:30:51.100,2999.8000,28138,0,446096760.000,0,-,-,-,-,2999.8000,2999.4000,2999.2000,2999.0000,2998.8000,3000.2000,3000.4000,3000.6000,3000.8000,3001.0000,1,5,1,3,1,1,3,2,5,6
SF,IH2001,2019-12-24 09:30:51.600,2999.8000,28138,0,446996700.000,1,0,1,多换,S,2999.4000,2999.2000,2999.0000,2998.8000,2998.6000,3000.0000,3000.2000,3000.4000,3000.6000,3000.8000,5,1,3,1,1,1,1,3,2,5
SF,IH2001,2019-12-24 09:30:52.100,2999.4000,28139,1,448796400.000,2,1,1,空开,S,2999.6000,2999.4000,2999.2000,2999.0000,2998.8000,3000.0000,3000.2000,3000.4000,3000.6000,3000.8000,3,4,2,3,1,2,1,3,2,3
SF,IH2001,2019-12-24 09:30:52.600,2999.4000,28139,0,448796400.000,0,-,-,-,-,2999.6000,2999.4000,2999.2000,2999.0000,2998.8000,3000.0000,3000.2000,3000.4000,3000.6000,3000.8000,3,4,1,3,1,2,3,2,2,3
SF,IH2001,2019-12-24 09:30:53.600,2999.4000,28139,0,448796400.000,0,-,-,-,-,2999.4000,2999.2000,2999.0000,2998.8000,2998.6000,2999.8000,3000.0000,3000.2000,3000.4000,3000.6000,4,1,3,1,1,2,2,3,2,2
SF,IH2001,2019-12-24 09:30:54.100,2999.8000,28138,-1,449696340.000,1,0,1,双平,S,2999.4000,2999.2000,2999.0000,2998.8000,2998.6000,2999.8000,3000.0000,3000.2000,3000.4000,3000.6000,6,2,3,1,1,1,3,3,2,2
SF,IH2001,2019-12-24 09:30:54.600,2999.8000,28137,-1,450596280.000,1,0,1,双平,S,2999.4000,2999.2000,2999.0000,2998.8000,2998.6000,3000.0000,3000.2000,3000.4000,3000.6000,3000.8000,4,2,3,1,1,4,3,2,2,3
SF,IH2001,2019-12-24 09:30:55.100,2999.8000,28137,0,450596280.000,0,-,-,-,-,2999.4000,2999.2000,2999.0000,2998.8000,2998.6000,2999.6000,3000.0000,3000.2000,3000.4000,3000.8000,4,2,3,1,1,1,4,3,2,3
SF,IH2001,2019-12-24 09:30:55.600,3000.0000,28136,-1,452396160.000,2,0,2,多平,S,2999.6000,2999.4000,2999.2000,2999.0000,2998.8000,3000.0000,3000.2000,3000.4000,3000.8000,3001.0000,6,4,2,4,1,3,3,2,3,3
SF,IH2001,2019-12-24 09:30:56.100,3000.0000,28136,0,452396160.000,0,-,-,-,-,2999.8000,2999.6000,2999.4000,2999.2000,2999.0000,3000.0000,3000.2000,3000.4000,3000.8000,3001.0000,1,3,4,2,4,3,3,2,3,3
SF,IH2001,2019-12-24 09:30:56.600,2999.6000,28134,-2,455095980.000,3,0,3,多平,S,2999.4000,2999.2000,2999.0000,2998.8000,2998.6000,3000.0000,3000.2000,3000.4000,3000.8000,3001.0000,4,2,4,1,1,2,3,2,3,3
SF,IH2001,2019-12-24 09:30:57.100,3000.0000,28133,-1,456895980.000,2,0,2,多平,S,3000.0000,2999.6000,2999.4000,2999.2000,2999.0000,3000.2000,3000.4000,3000.8000,3001.0000,3001.2000,1,4,4,2,4,3,2,3,3,3
SF,IH2001,2019-12-24 09:30:57.600,3000.0000,28132,-1,457795980.000,1,0,1,双平,S,2999.6000,2999.4000,2999.2000,2999.0000,2998.8000,3000.0000,3000.2000,3000.4000,3000.8000,3001.0000,3,4,1,4,1,1,3,2,3,3
SF,IH2001,2019-12-24 09:30:58.100,3000.0000,28132,0,457795980.000,0,-,-,-,-,2999.6000,2999.4000,2999.2000,2999.0000,2998.8000,3000.2000,3000.4000,3000.8000,3001.0000,3001.2000,4,4,1,4,1,3,2,3,3,3
SF,IH2001,2019-12-24 09:30:58.600,3000.0000,28132,0,457795980.000,0,-,-,-,-,2999.6000,2999.4000,2999.2000,2999.0000,2998.8000,3000.0000,3000.2000,3000.4000,3000.8000,3001.2000,5,4,1,4,1,1,3,5,3,3
SF,IH2001,2019-12-24 09:30:59.100,3000.0000,28132,0,458695980.000,1,0,1,多换,S,2999.6000,2999.4000,2999.2000,2999.0000,2998.8000,3000.2000,3000.4000,3000.8000,3001.2000,3001.6000,5,4,1,4,1,3,5,3,3,2
SF,IH2001,2019-12-24 09:30:59.600,3000.0000,28131,-1,459595980.000,1,0,1,双平,S,2999.6000,2999.4000,2999.2000,2999.0000,2998.8000,3000.2000,3000.4000,3000.8000,3001.2000,3001.6000,2,4,1,4,1,4,5,3,3,2
SF,IH2001,2019-12-24 09:31:00.100,3000.0000,28131,0,459595980.000,0,-,-,-,-,2999.6000,2999.4000,2999.2000,2999.0000,2998.8000,3000.2000,3000.4000,3000.8000,3001.2000,3001.6000,2,4,1,4,1,4,6,3,3,2
SF,IH2001,2019-12-24 09:31:00.600,2999.6000,28129,-2,461395740.000,2,0,2,双平,S,2999.4000,2999.2000,2999.0000,2998.8000,2998.6000,2999.6000,3000.0000,3000.2000,3000.4000,3000.8000,4,1,4,1,1,3,3,4,6,3
SF,IH2001,2019-12-24 09:31:01.100,2999.4000,28122,-7,467694660.000,7,0,7,双平,S,2999.2000,2999.0000,2998.8000,2998.6000,2998.4000,2999.4000,2999.6000,3000.0000,3000.2000,3000.4000,1,4,1,1,3,4,2,3,3,6
SF,IH2001,2019-12-24 09:31:01.600,2999.2000,28121,-1,469494180.000,2,0,2,多平,S,2999.0000,2998.8000,2998.6000,2998.4000,2998.2000,2999.2000,2999.4000,2999.6000,3000.2000,3000.4000,4,1,1,3,1,3,1,5,3,6
SF,IH2001,2019-12-24 09:31:02.100,2999.6000,28112,-9,480291780.000,12,1,11,多平,S,2999.0000,2998.8000,2998.6000,2998.4000,2998.2000,2999.6000,3000.2000,3000.4000,3000.8000,3001.6000,3,1,1,2,1,1,3,6,3,2
SF,IH2001,2019-12-24 09:31:02.600,2999.4000,28111,-1,481191600.000,1,0,1,双平,S,2999.2000,2999.0000,2998.8000,2998.6000,2998.4000,2999.6000,2999.8000,3000.4000,3000.6000,3000.8000,2,3,2,1,2,1,3,6,1,3
SF,IH2001,2019-12-24 09:31:03.100,2999.4000,28111,0,481191600.000,0,-,-,-,-,2999.2000,2999.0000,2998.8000,2998.6000,2998.4000,2999.6000,2999.8000,3000.4000,3000.6000,3000.8000,3,3,2,1,2,1,3,6,1,3
SF,IH2001,2019-12-24 09:31:03.600,2999.6000,28110,-1,482091480.000,1,0,1,双平,S,2999.2000,2999.0000,2998.8000,2998.6000,2998.4000,2999.8000,3000.4000,3000.6000,3000.8000,3001.6000,1,3,2,1,2,3,6,1,3,2
SF,IH2001,2019-12-24 09:31:04.100,2999.0000,28108,-2,486590040.000,5,1,4,多平,S,2998.8000,2998.6000,2998.4000,2998.2000,2998.0000,2999.0000,2999.8000,3000.4000,3000.6000,3000.8000,2,1,2,1,4,5,3,6,1,3
SF,IH2001,2019-12-24 09:31:04.600,2999.0000,28104,-4,491088540.000,5,0,5,多平,S,2999.0000,2998.8000,2998.6000,2998.4000,2998.2000,2999.8000,3000.4000,3000.6000,3000.8000,3001.6000,1,2,1,2,1,3,6,1,3,2
SF,IH2001,2019-12-24 09:31:05.100,2999.6000,28103,-1,492888120.000,2,0,2,多平,S,2999.2000,2999.0000,2998.8000,2998.6000,2998.4000,2999.6000,2999.8000,3000.4000,3000.6000,3000.8000,1,2,2,1,2,2,4,6,1,3
SF,IH2001,2019-12-24 09:31:05.600,2999.6000,28103,0,492888120.000,0,-,-,-,-,2999.2000,2999.0000,2998.8000,2998.6000,2998.4000,2999.6000,2999.8000,3000.4000,3000.6000,3000.8000,1,2,2,1,2,2,4,6,1,3
SF,IH2001,2019-12-24 09:31:06.600,2999.0000,28102,-1,494687580.000,2,0,2,多平,S,2999.0000,2998.8000,2998.6000,2998.4000,2998.2000,2999.8000,3000.4000,3000.6000,3000.8000,3001.6000,1,2,1,2,1,4,6,1,3,2
SF,IH2001,2019-12-24 09:31:07.100,2999.0000,28102,0,494687580.000,0,-,-,-,-,2999.0000,2998.8000,2998.6000,2998.4000,2998.2000,2999.6000,2999.8000,3000.4000,3000.6000,3000.8000,1,2,1,2,1,2,4,6,1,3
SF,IH2001,2019-12-24 09:31:07.600,2999.0000,28102,0,494687580.000,0,-,-,-,-,2999.0000,2998.8000,2998.6000,2998.4000,2998.2000,2999.4000,2999.6000,2999.8000,3000.4000,3000.6000,1,2,1,2,1,1,2,4,6,1
SF,IH2001,2019-12-24 09:31:08.100,2999.2000,28102,0,496486980.000,2,1,1,多换,S,2999.0000,2998.6000,2998.4000,2998.2000,2998.0000,2999.4000,2999.6000,2999.8000,3000.4000,3000.6000,1,1,2,1,4,1,2,4,6,1
SF,IH2001,2019-12-24 09:31:08.600,2999.6000,28099,-3,500086380.000,4,0,4,多平,S,2999.6000,2999.0000,2998.6000,2998.4000,2998.2000,2999.8000,3000.0000,3000.4000,3000.6000,3000.8000,1,1,1,2,1,4,1,6,1,3
SF,IH2001,2019-12-24 09:31:09.100,2999.6000,28098,-1,500986260.000,1,0,1,双平,S,2999.4000,2999.0000,2998.6000,2998.4000,2998.2000,2999.6000,2999.8000,3000.0000,3000.4000,3000.6000,1,1,1,2,1,12,4,1,6,1
SF,IH2001,2019-12-24 09:31:09.600,2999.0000,28093,-5,509082360.000,9,2,7,多平,S,2998.0000,2997.8000,2997.6000,2997.4000,2997.2000,2999.0000,2999.4000,2999.6000,2999.8000,3000.0000,2,3,2,1,1,3,1,8,4,1
SF,IH2001,2019-12-24 09:31:10.100,2999.0000,28092,-1,509982060.000,1,0,1,双平,S,2998.2000,2998.0000,2997.8000,2997.6000,2997.4000,2998.8000,2999.0000,2999.4000,2999.6000,2999.8000,7,5,3,2,1,1,2,2,5,4
SF,IH2001,2019-12-24 09:31:10.600,2998.8000,28087,-5,514480440.000,5,0,5,双平,S,2998.4000,2998.2000,2998.0000,2997.8000,2997.6000,2999.4000,2999.6000,2999.8000,3000.0000,3000.4000,1,5,5,3,2,1,8,4,2,6
SF,IH2001,2019-12-24 09:31:11.100,2998.8000,28087,0,514480440.000,0,-,-,-,-,2998.6000,2998.4000,2998.2000,2998.0000,2997.8000,2999.2000,2999.4000,2999.6000,2999.8000,3000.0000,1,2,2,4,3,3,5,5,4,2
SF,IH2001,2019-12-24 09:31:11.600,2998.2000,28085,-2,517179180.000,3,0,3,多平,S,2998.2000,2998.0000,2997.8000,2997.6000,2997.4000,2999.2000,2999.4000,2999.6000,2999.8000,3000.0000,1,4,3,2,1,1,5,5,4,2
SF,IH2001,2019-12-24 09:31:12.100,2998.4000,28081,-4,520777440.000,4,0,4,双平,S,2998.4000,2998.0000,2997.8000,2997.6000,2997.4000,2999.2000,2999.4000,2999.6000,2999.8000,3000.0000,2,4,3,2,1,2,5,5,4,2
SF,IH2001,2019-12-24 09:31:12.600,2999.4000,28080,-1,530674740.000,11,5,6,多平,S,2998.4000,2998.0000,2997.8000,2997.6000,2997.4000,2999.4000,2999.6000,2999.8000,3000.0000,3000.4000,2,4,3,2,1,4,5,1,2,6
SF,IH2001,2019-12-24 09:31:13.100,2999.6000,28080,0,538773420.000,9,4,5,多换,S,2998.4000,2998.0000,2997.8000,2997.6000,2997.4000,2999.2000,2999.8000,3000.0000,3000.4000,3000.6000,5,4,3,3,1,1,1,2,6,1
SF,IH2001,2019-12-24 09:31:13.600,3000.8000,28079,-1,551374440.000,14,6,8,多平,S,2999.8000,2998.6000,2998.4000,2998.0000,2997.8000,3000.8000,3001.0000,3001.6000,3001.8000,3002.0000,1,5,4,4,3,1,1,2,1,1
SF,IH2001,2019-12-24 09:31:14.100,2999.8000,28077,-2,553174320.000,2,0,2,双平,S,2998.8000,2998.6000,2998.2000,2998.0000,2997.8000,2999.4000,2999.8000,3000.4000,3000.6000,3000.8000,14,1,1,4,3,1,2,1,3,13
SF,IH2001,2019-12-24 09:31:14.600,2999.4000,28076,-1,554074140.000,1,0,1,双平,S,2999.4000,2999.0000,2998.6000,2998.2000,2998.0000,3000.6000,3000.8000,3001.6000,3001.8000,3002.0000,3,4,1,1,4,3,13,3,1,1
SF,IH2001,2019-12-24 09:31:15.100,2999.0000,28075,-1,554973840.000,1,0,1,双平,S,2999.0000,2998.2000,2998.0000,2997.8000,2997.6000,3000.2000,3000.6000,3000.8000,3001.6000,3001.8000,1,1,4,3,3,1,13,7,3,1
SF,IH2001,2019-12-24 09:31:15.600,2999.0000,28075,0,554973840.000,0,-,-,-,-,2999.2000,2999.0000,2998.8000,2998.4000,2998.0000,3000.0000,3000.2000,3000.6000,3000.8000,3001.6000,1,1,1,11,4,3,7,9,1,3
SF,IH2001,2019-12-24 09:31:16.100,2999.0000,28075,0,554973840.000,0,-,-,-,-,2999.2000,2999.0000,2998.8000,2998.4000,2998.0000,3000.0000,3000.2000,3000.6000,3000.8000,3001.6000,1,2,1,11,4,5,7,6,1,3
SF,IH2001,2019-12-24 09:31:16.600,2999.4000,28073,-2,556773480.000,2,0,2,双平,S,2999.4000,2999.2000,2999.0000,2998.8000,2998.4000,3000.0000,3000.2000,3000.4000,3000.6000,3000.8000,3,2,2,1,11,7,8,1,3,1
SF,IH2001,2019-12-24 09:31:17.100,2999.4000,28072,-1,557673300.000,1,0,1,双平,S,2999.4000,2999.2000,2999.0000,2998.8000,2998.4000,3000.0000,3000.2000,3000.4000,3000.6000,3000.8000,2,1,2,1,11,6,8,1,5,1
SF,IH2001,2019-12-24 09:31:17.600,2999.2000,28070,-2,559472880.000,2,0,2,双平,S,2999.0000,2998.8000,2998.4000,2998.0000,2997.8000,3000.0000,3000.2000,3000.4000,3000.6000,3000.8000,2,1,11,4,3,8,6,1,5,1
SF,IH2001,2019-12-24 09:31:18.100,2999.2000,28070,0,559472880.000,0,-,-,-,-,2999.2000,2999.0000,2998.8000,2998.4000,2998.0000,2999.4000,3000.0000,3000.2000,3000.4000,3000.6000,5,4,1,11,4,1,11,6,1,5
SF,IH2001,2019-12-24 09:31:18.600,2999.4000,28068,-2,561272520.000,2,0,2,双平,S,2999.6000,2999.4000,2999.2000,2999.0000,2998.8000,3000.0000,3000.2000,3000.4000,3000.6000,3000.8000,1,2,6,4,1,11,7,1,5,1
SF,IH2001,2019-12-24 09:31:19.100,2999.4000,28067,-1,562172340.000,1,0,1,双平,S,2999.2000,2999.0000,2998.8000,2998.0000,2997.8000,2999.8000,3000.0000,3000.2000,3000.4000,3000.6000,1,2,1,4,3,1,10,7,1,5
SF,IH2001,2019-12-24 09:31:19.600,2999.4000,28067,0,562172340.000,0,-,-,-,-,2999.2000,2999.0000,2998.8000,2998.0000,2997.8000,2999.8000,3000.0000,3000.2000,3000.4000,3000.6000,1,2,1,4,3,2,9,7,1,5
SF,IH2001,2019-12-24 09:31:20.100,2999.4000,28067,0,562172340.000,0,-,-,-,-,2999.2000,2999.0000,2998.8000,2998.0000,2997.8000,2999.8000,3000.0000,3000.2000,3000.4000,3000.6000,1,2,1,4,3,8,3,7,1,5
SF,IH2001,2019-12-24 09:31:20.600,2999.2000,28066,-1,563072100.000,1,0,1,双平,S,2999.0000,2998.8000,2998.0000,2997.8000,2997.6000,2999.8000,3000.0000,3000.2000,3000.4000,3000.6000,2,1,4,3,3,8,3,7,1,5
SF,IH2001,2019-12-24 09:31:21.100,2999.2000,28066,0,563072100.000,0,-,-,-,-,2999.2000,2999.0000,2998.8000,2998.0000,2997.8000,2999.8000,3000.0000,3000.2000,3000.4000,3000.6000,5,2,1,4,3,10,3,7,1,5
SF,IH2001,2019-12-24 09:31:21.600,2999.2000,28065,-1,563971860.000,1,0,1,双平,S,2999.2000,2999.0000,2998.8000,2998.0000,2997.8000,2999.6000,2999.8000,3000.0000,3000.2000,3000.4000,4,2,1,4,3,1,12,3,7,1
SF,IH2001,2019-12-24 09:31:22.100,2999.2000,28065,0,563971860.000,0,-,-,-,-,2999.2000,2999.0000,2998.8000,2998.0000,2997.8000,2999.4000,2999.6000,2999.8000,3000.0000,3000.2000,2,2,1,4,3,1,2,11,3,7
SF,IH2001,2019-12-24 09:31:22.600,2999.0000,28062,-3,567570780.000,4,0,4,多平,S,2998.8000,2998.0000,2997.8000,2997.6000,2997.4000,2999.2000,2999.4000,2999.6000,2999.8000,3000.0000,1,4,3,3,1,1,1,2,11,3
SF,IH2001,2019-12-24 09:31:23.100,2999.2000,28060,-2,569370300.000,2,0,2,双平,S,2998.8000,2998.0000,2997.8000,2997.6000,2997.4000,2999.4000,2999.6000,2999.8000,3000.0000,3000.2000,2,4,3,3,1,1,2,11,3,7
SF,IH2001,2019-12-24 09:31:23.600,2998.8000,28059,-1,571169580.000,2,0,2,多平,S,2998.0000,2997.8000,2997.6000,2997.4000,2997.2000,2999.0000,2999.2000,2999.4000,2999.6000,2999.8000,4,3,3,1,1,1,3,2,1,8
SF,IH2001,2019-12-24 09:31:24.100,2998.8000,28059,0,571169580.000,0,-,-,-,-,2998.2000,2998.0000,2997.8000,2997.6000,2997.4000,2998.8000,2999.0000,2999.2000,2999.4000,2999.6000,3,3,3,3,1,2,1,4,1,2
SF,IH2001,2019-12-24 09:31:24.600,2998.8000,28059,0,571169580.000,0,-,-,-,-,2998.4000,2998.0000,2997.8000,2997.6000,2997.4000,2998.6000,2998.8000,2999.0000,2999.2000,2999.4000,2,2,3,3,1,1,2,1,2,1
SF,IH2001,2019-12-24 09:31:25.100,2998.8000,28059,0,571169580.000,0,-,-,-,-,2998.4000,2998.0000,2997.8000,2997.6000,2997.4000,2998.6000,2998.8000,2999.0000,2999.2000,2999.4000,2,2,3,3,1,3,2,1,2,1
SF,IH2001,2019-12-24 09:31:25.600,2998.4000,28059,0,572069100.000,1,0,1,多换,S,2998.4000,2998.0000,2997.8000,2997.6000,2997.4000,2998.6000,2998.8000,2999.0000,2999.2000,2999.4000,1,2,3,3,1,3,2,1,2,1
SF,IH2001,2019-12-24 09:31:26.100,2998.4000,28059,0,572968620.000,1,0,1,多换,S,2998.0000,2997.8000,2997.6000,2997.4000,2997.2000,2998.6000,2998.8000,2999.0000,2999.2000,2999.4000,3,3,3,1,1,3,2,1,1,1
SF,IH2001,2019-12-24 09:31:26.600,2998.4000,28059,0,572968620.000,0,-,-,-,-,2998.2000,2998.0000,2997.8000,2997.6000,2997.4000,2998.6000,2998.8000,2999.0000,2999.2000,2999.4000,4,3,3,2,1,3,2,1,1,1
SF,IH2001,2019-12-24 09:31:27.100,2998.6000,28058,-1,573868200.000,1,0,1,双平,S,2998.2000,2998.0000,2997.8000,2997.6000,2997.4000,2998.6000,2998.8000,2999.0000,2999.2000,2999.4000,4,4,3,2,1,1,2,1,1,1
SF,IH2001,2019-12-24 09:31:27.600,2998.6000,28056,-2,576566940.000,3,0,3,多平,S,2998.2000,2998.0000,2997.8000,2997.6000,2997.4000,2998.8000,2999.0000,2999.2000,2999.4000,2999.6000,4,4,3,2,1,2,1,1,1,2
SF,IH2001,2019-12-24 09:31:28.100,2998.6000,28056,0,578366160.000,2,1,1,多换,S,2998.6000,2998.2000,2998.0000,2997.8000,2997.6000,2998.8000,2999.0000,2999.2000,2999.4000,2999.6000,1,4,4,3,2,1,2,1,1,2
SF,IH2001,2019-12-24 09:31:28.600,2998.8000,28057,1,579265800.000,1,1,0,双开,S,2998.6000,2998.2000,2998.0000,2997.8000,2997.6000,2999.0000,2999.2000,2999.4000,2999.6000,2999.8000,2,4,4,3,2,2,1,1,2,7
SF,IH2001,2019-12-24 09:31:29.100,2999.0000,28056,-1,581065200.000,2,0,2,多平,S,2998.6000,2998.2000,2998.0000,2997.8000,2997.6000,2999.2000,2999.4000,2999.6000,2999.8000,3000.0000,3,1,4,3,2,1,1,2,7,3
SF,IH2001,2019-12-24 09:31:29.600,2999.0000,28056,0,581065200.000,0,-,-,-,-,2998.6000,2998.2000,2998.0000,2997.8000,2997.6000,2999.0000,2999.2000,2999.6000,2999.8000,3000.0000,3,1,4,3,2,2,2,2,7,3
SF,IH2001,2019-12-24 09:31:30.600,2999.0000,28056,0,581065200.000,0,-,-,-,-,2998.6000,2998.2000,2998.0000,2997.8000,2997.6000,2999.0000,2999.2000,2999.6000,2999.8000,3000.0000,2,1,4,3,2,2,2,2,7,3
SF,IH2001,2019-12-24 09:31:31.100,2999.0000,28056,0,581964900.000,1,0,1,多换,S,2998.6000,2998.2000,2998.0000,2997.8000,2997.6000,2999.0000,2999.2000,2999.6000,2999.8000,3000.0000,2,1,5,3,2,2,2,2,7,3
SF,IH2001,2019-12-24 09:31:31.600,2998.6000,28055,-1,582864480.000,1,0,1,双平,S,2998.8000,2998.6000,2998.0000,2997.8000,2997.6000,2999.0000,2999.2000,2999.6000,2999.8000,3000.0000,1,1,5,3,2,2,2,2,7,3
SF,IH2001,2019-12-24 09:31:32.100,2998.6000,28055,0,582864480.000,0,-,-,-,-,2998.8000,2998.6000,2998.0000,2997.8000,2997.6000,2999.0000,2999.2000,2999.6000,2999.8000,3000.0000,2,1,5,3,2,4,1,2,7,3
SF,IH2001,2019-12-24 09:31:33.100,2998.8000,28053,-2,584663760.000,2,0,2,双平,S,2998.6000,2998.4000,2998.0000,2997.8000,2997.6000,2998.8000,2999.0000,2999.2000,2999.6000,2999.8000,1,1,5,3,2,4,3,1,2,8
SF,IH2001,2019-12-24 09:31:33.600,2998.8000,28052,-1,585563400.000,1,0,1,双平,S,2998.6000,2998.4000,2998.0000,2997.8000,2997.6000,2998.8000,2999.0000,2999.2000,2999.6000,2999.8000,1,1,7,3,2,1,3,1,2,8
SF,IH2001,2019-12-24 09:31:34.100,2998.6000,28051,-1,586462980.000,1,0,1,双平,S,2998.6000,2998.4000,2998.0000,2997.8000,2997.6000,2998.8000,2999.0000,2999.2000,2999.6000,2999.8000,1,1,7,3,2,1,3,1,2,8
SF,IH2001,2019-12-24 09:31:34.600,2998.6000,28050,-1,587362560.000,1,0,1,双平,S,2998.4000,2998.0000,2997.8000,2997.6000,2997.4000,2999.0000,2999.2000,2999.6000,2999.8000,3000.0000,1,7,3,2,1,3,1,2,8,3
SF,IH2001,2019-12-24 09:31:35.100,2998.6000,28050,0,587362560.000,0,-,-,-,-,2998.4000,2998.0000,2997.8000,2997.6000,2997.4000,2998.6000,2999.0000,2999.2000,2999.6000,2999.8000,1,7,3,2,1,1,3,1,2,8
SF,IH2001,2019-12-24 09:31:35.600,2998.6000,28050,0,588262140.000,1,0,1,多换,S,2998.6000,2998.4000,2998.2000,2998.0000,2997.8000,2999.0000,2999.2000,2999.6000,2999.8000,3000.0000,5,1,2,7,3,3,1,2,8,3
SF,IH2001,2019-12-24 09:31:36.100,2998.6000,28049,-1,589161720.000,1,0,1,双平,S,2998.6000,2998.4000,2998.2000,2998.0000,2997.8000,2999.0000,2999.2000,2999.6000,2999.8000,3000.0000,2,1,2,7,3,3,1,2,8,3
SF,IH2001,2019-12-24 09:31:36.600,2998.6000,28049,0,589161720.000,0,-,-,-,-,2998.6000,2998.4000,2998.2000,2998.0000,2997.8000,2999.0000,2999.6000,2999.8000,3000.0000,3000.2000,2,1,2,7,3,3,2,8,3,9
SF,IH2001,2019-12-24 09:31:37.100,2999.0000,28049,0,590061420.000,1,0,1,多换,S,2998.6000,2998.4000,2998.2000,2998.0000,2997.8000,2999.0000,2999.6000,2999.8000,3000.0000,3000.2000,2,1,2,7,3,3,2,8,3,9
SF,IH2001,2019-12-24 09:31:37.600,2999.0000,28049,0,590061420.000,0,-,-,-,-,2998.6000,2998.4000,2998.2000,2998.0000,2997.8000,2999.0000,2999.6000,2999.8000,3000.0000,3000.2000,2,1,2,8,3,4,2,8,3,9
SF,IH2001,2019-12-24 09:31:38.600,2999.0000,28050,1,590961120.000,1,1,0,双开,S,2998.6000,2998.4000,2998.2000,2998.0000,2997.8000,2999.0000,2999.6000,2999.8000,3000.0000,3000.2000,1,1,2,8,3,3,2,8,3,9
SF,IH2001,2019-12-24 09:31:39.100,2998.2000,28047,-3,593659680.000,3,0,3,双平,S,2998.0000,2997.8000,2997.6000,2997.4000,2997.2000,2998.6000,2998.8000,2999.0000,2999.2000,2999.6000,8,3,2,1,1,2,2,3,3,2
SF,IH2001,2019-12-24 09:31:39.600,2998.2000,28047,0,593659680.000,0,-,-,-,-,2998.0000,2997.8000,2997.6000,2997.4000,2997.2000,2998.4000,2998.6000,2998.8000,2999.0000,2999.2000,8,3,2,1,1,1,1,2,3,3
SF,IH2001,2019-12-24 09:31:40.100,2998.2000,28047,0,593659680.000,0,-,-,-,-,2998.2000,2998.0000,2997.8000,2997.6000,2997.4000,2998.4000,2998.6000,2998.8000,2999.0000,2999.2000,1,8,3,2,1,2,1,2,3,3
SF,IH2001,2019-12-24 09:31:40.600,2998.2000,28047,0,593659680.000,0,-,-,-,-,2998.2000,2998.0000,2997.8000,2997.6000,2997.4000,2998.4000,2998.6000,2998.8000,2999.0000,2999.2000,1,8,3,2,1,3,1,2,2,3
SF,IH2001,2019-12-24 09:31:41.100,2998.2000,28046,-1,594559140.000,1,0,1,双平,S,2998.0000,2997.8000,2997.6000,2997.4000,2997.2000,2998.4000,2998.6000,2998.8000,2999.0000,2999.2000,8,3,2,1,1,10,1,2,2,3
SF,IH2001,2019-12-24 09:31:41.600,2998.4000,28045,-1,596358180.000,2,0,2,多平,S,2998.2000,2998.0000,2997.8000,2997.6000,2997.4000,2998.4000,2998.6000,2998.8000,2999.0000,2999.2000,1,8,3,2,1,8,1,2,2,3
SF,IH2001,2019-12-24 09:31:42.100,2998.4000,28043,-2,598157220.000,2,0,2,双平,S,2998.2000,2998.0000,2997.8000,2997.6000,2997.4000,2998.4000,2998.6000,2998.8000,2999.0000,2999.2000,1,8,3,2,1,6,3,1,2,3
SF,IH2001,2019-12-24 09:31:42.600,2998.4000,28043,0,598157220.000,0,-,-,-,-,2998.2000,2998.0000,2997.8000,2997.6000,2997.4000,2998.4000,2998.6000,2998.8000,2999.0000,2999.2000,1,8,3,2,1,6,3,1,3,3
SF,IH2001,2019-12-24 09:31:43.100,2998.4000,28037,-6,603554340.000,6,0,6,双平,S,2998.2000,2998.0000,2997.8000,2997.6000,2997.4000,2998.6000,2998.8000,2999.0000,2999.2000,2999.6000,2,8,3,2,1,3,1,3,3,2
SF,IH2001,2019-12-24 09:31:43.600,2998.6000,28035,-2,605353500.000,2,0,2,双平,S,2998.2000,2998.0000,2997.8000,2997.6000,2997.4000,2998.6000,2998.8000,2999.0000,2999.2000,2999.6000,2,8,3,1,1,2,1,3,3,2
SF,IH2001,2019-12-24 09:31:44.100,2998.6000,28034,-1,606253080.000,1,0,1,双平,S,2998.2000,2998.0000,2997.8000,2997.6000,2997.4000,2998.6000,2998.8000,2999.0000,2999.2000,2999.6000,2,8,3,1,1,1,1,3,4,2
SF,IH2001,2019-12-24 09:31:44.600,2998.6000,28033,-1,607152660.000,1,0,1,双平,S,2998.2000,2998.0000,2997.8000,2997.6000,2997.4000,2998.6000,2998.8000,2999.0000,2999.2000,2999.6000,3,8,3,1,1,2,1,3,4,2
SF,IH2001,2019-12-24 09:31:45.100,2998.2000,28031,-2,609851040.000,3,0,3,多平,S,2998.0000,2997.8000,2997.6000,2997.4000,2997.2000,2998.6000,2998.8000,2999.0000,2999.2000,2999.6000,8,3,1,1,1,4,1,3,4,2
SF,IH2001,2019-12-24 09:31:45.600,2998.0000,28029,-2,611649840.000,2,0,2,双平,S,2998.0000,2997.8000,2997.6000,2997.4000,2997.2000,2998.4000,2998.6000,2998.8000,2999.0000,2999.2000,7,3,1,1,1,5,4,1,3,4
SF,IH2001,2019-12-24 09:31:46.100,2998.0000,28029,0,612549240.000,1,0,1,多换,S,2998.0000,2997.8000,2997.6000,2997.4000,2997.2000,2998.4000,2998.6000,2998.8000,2999.0000,2999.2000,7,3,1,1,1,5,4,1,3,4
SF,IH2001,2019-12-24 09:31:46.600,2998.0000,28030,1,614348040.000,2,1,1,空开,S,2998.0000,2997.8000,2997.6000,2997.4000,2997.2000,2998.4000,2998.6000,2998.8000,2999.0000,2999.2000,5,3,1,1,1,5,4,1,4,4
SF,IH2001,2019-12-24 09:31:47.100,2998.0000,28030,0,614348040.000,0,-,-,-,-,2998.0000,2997.8000,2997.6000,2997.4000,2997.2000,2998.4000,2998.6000,2998.8000,2999.0000,2999.2000,5,3,1,1,1,5,4,1,5,4
SF,IH2001,2019-12-24 09:31:47.600,2998.0000,28030,0,614348040.000,0,-,-,-,-,2998.0000,2997.8000,2997.6000,2997.4000,2997.2000,2998.4000,2998.6000,2998.8000,2999.0000,2999.2000,5,3,1,1,1,6,4,1,5,4
SF,IH2001,2019-12-24 09:31:48.100,2998.4000,28030,0,616147080.000,2,1,1,多换,S,2998.0000,2997.8000,2997.6000,2997.4000,2997.2000,2998.2000,2998.4000,2998.6000,2998.8000,2999.0000,5,3,1,1,1,1,4,4,1,5
SF,IH2001,2019-12-24 09:31:48.600,2998.4000,28030,0,616147080.000,0,-,-,-,-,2998.0000,2997.8000,2997.6000,2997.4000,2997.2000,2998.2000,2998.4000,2998.6000,2999.0000,2999.2000,5,3,1,1,1,1,4,4,5,4
SF,IH2001,2019-12-24 09:31:49.100,2998.4000,28030,0,616147080.000,0,-,-,-,-,2998.0000,2997.8000,2997.6000,2997.4000,2997.2000,2998.2000,2998.4000,2998.6000,2999.0000,2999.2000,5,3,1,1,1,1,1,4,5,4
SF,IH2001,2019-12-24 09:31:49.600,2998.0000,28031,1,617945880.000,2,1,1,空开,S,2998.0000,2997.8000,2997.6000,2997.4000,2997.2000,2998.2000,2998.6000,2999.0000,2999.2000,2999.6000,4,3,1,1,1,2,4,5,4,1
SF,IH2001,2019-12-24 09:31:50.100,2998.2000,28032,1,618845340.000,1,1,0,双开,S,2998.0000,2997.8000,2997.6000,2997.4000,2997.2000,2998.2000,2998.4000,2998.6000,2999.0000,2999.2000,4,3,1,1,1,1,1,4,5,4
SF,IH2001,2019-12-24 09:31:50.600,2998.2000,28030,-2,621543660.000,3,0,3,多平,S,2998.2000,2998.0000,2997.8000,2997.6000,2997.4000,2998.4000,2998.6000,2999.0000,2999.2000,2999.6000,1,3,3,1,1,1,4,5,4,1
SF,IH2001,2019-12-24 09:31:51.100,2998.2000,28029,-1,623342580.000,2,0,2,多平,S,2998.0000,2997.8000,2997.6000,2997.4000,2997.2000,2998.2000,2998.4000,2998.6000,2999.0000,2999.2000,3,3,1,1,1,10,1,4,5,4
SF,IH2001,2019-12-24 09:31:51.600,2998.0000,28028,-1,624241980.000,1,0,1,双平,S,2998.0000,2997.8000,2997.6000,2997.4000,2997.2000,2998.2000,2998.4000,2998.6000,2999.0000,2999.2000,2,3,1,1,1,10,1,4,4,4
SF,IH2001,2019-12-24 09:31:52.100,2998.0000,28028,0,624241980.000,0,-,-,-,-,2998.0000,2997.8000,2997.6000,2997.4000,2997.2000,2998.2000,2998.4000,2998.6000,2999.0000,2999.2000,3,3,1,1,1,10,1,4,4,4
SF,IH2001,2019-12-24 09:31:52.600,2998.0000,28026,-2,627839760.000,4,1,3,多平,S,2998.0000,2997.8000,2997.6000,2997.4000,2997.2000,2998.2000,2998.4000,2998.6000,2999.0000,2999.2000,2,3,1,1,1,8,1,4,4,4
SF,IH2001,2019-12-24 09:31:53.100,2998.0000,28025,-1,628739160.000,1,0,1,双平,S,2998.0000,2997.8000,2997.6000,2997.4000,2997.2000,2998.2000,2998.4000,2998.6000,2999.0000,2999.2000,1,3,1,1,1,8,1,4,4,4
SF,IH2001,2019-12-24 09:31:53.600,2998.0000,28025,0,628739160.000,0,-,-,-,-,2998.0000,2997.8000,2997.6000,2997.4000,2997.2000,2998.2000,2998.4000,2998.6000,2999.0000,2999.2000,2,3,1,1,1,8,1,4,4,4
SF,IH2001,2019-12-24 09:31:54.100,2998.0000,28023,-2,630537960.000,2,0,2,双平,S,2997.8000,2997.6000,2997.4000,2997.2000,2997.0000,2998.2000,2998.4000,2998.6000,2999.0000,2999.2000,3,1,1,1,1,8,1,4,4,4
SF,IH2001,2019-12-24 09:31:54.600,2998.0000,28023,0,630537960.000,0,-,-,-,-,2997.8000,2997.6000,2997.4000,2997.2000,2997.0000,2998.0000,2998.2000,2998.4000,2998.6000,2999.0000,3,1,1,1,1,1,8,1,4,4
SF,IH2001,2019-12-24 09:31:55.100,2998.0000,28022,-1,631437360.000,1,0,1,双平,S,2998.0000,2997.8000,2997.6000,2997.4000,2997.2000,2998.2000,2998.4000,2998.6000,2999.0000,2999.2000,1,3,1,1,1,8,1,4,4,4
SF,IH2001,2019-12-24 09:31:56.100,2998.0000,28021,-1,632336760.000,1,0,1,双平,S,2997.8000,2997.6000,2997.4000,2997.2000,2997.0000,2998.2000,2998.4000,2998.6000,2999.0000,2999.2000,3,1,1,1,1,8,1,4,4,4
SF,IH2001,2019-12-24 09:31:56.600,2998.0000,28021,0,633236160.000,1,0,1,多换,S,2997.8000,2997.6000,2997.4000,2997.2000,2997.0000,2998.2000,2998.4000,2999.0000,2999.2000,2999.6000,3,1,1,1,1,15,1,4,4,1
SF,IH2001,2019-12-24 09:31:57.100,2998.2000,28020,-1,635035020.000,2,0,2,多平,S,2998.0000,2997.8000,2997.6000,2997.4000,2997.2000,2998.2000,2998.4000,2999.0000,2999.2000,2999.6000,1,3,1,1,1,14,1,4,4,1
SF,IH2001,2019-12-24 09:31:57.600,2998.0000,28018,-2,636833880.000,2,0,2,双平,S,2997.8000,2997.6000,2997.4000,2997.2000,2997.0000,2998.2000,2998.4000,2999.0000,2999.2000,2999.6000,3,1,1,1,1,13,1,4,4,1
SF,IH2001,2019-12-24 09:31:58.100,2998.0000,28018,0,636833880.000,0,-,-,-,-,2997.8000,2997.6000,2997.4000,2997.2000,2997.0000,2998.2000,2998.4000,2999.0000,2999.2000,2999.6000,3,1,1,1,1,13,1,4,4,1
SF,IH2001,2019-12-24 09:31:58.600,2998.0000,28018,0,636833880.000,0,-,-,-,-,2998.0000,2997.8000,2997.6000,2997.4000,2997.2000,2998.2000,2998.4000,2999.0000,2999.2000,2999.6000,6,3,1,1,1,13,1,4,4,1
SF,IH2001,2019-12-24 09:31:59.100,2998.2000,28006,-12,647627400.000,12,0,12,双平,S,2998.0000,2997.8000,2997.6000,2997.4000,2997.2000,2998.4000,2999.0000,2999.2000,2999.6000,2999.8000,6,3,1,1,1,1,4,4,1,5
SF,IH2001,2019-12-24 09:31:59.600,2998.2000,28005,-1,648526860.000,1,0,1,双平,S,2998.0000,2997.8000,2997.6000,2997.4000,2997.2000,2998.4000,2999.0000,2999.2000,2999.6000,2999.8000,6,3,1,1,1,2,4,4,2,5
SF,IH2001,2019-12-24 09:32:00.100,2998.4000,28003,-2,650325900.000,2,0,2,双平,S,2998.2000,2998.0000,2997.8000,2997.6000,2997.4000,2999.0000,2999.2000,2999.6000,2999.8000,3000.0000,2,6,3,1,1,4,4,2,5,2
SF,IH2001,2019-12-24 09:32:00.600,2998.4000,28000,-3,655723020.000,6,1,5,多平,S,2998.2000,2997.8000,2997.6000,2997.4000,2997.2000,2998.4000,2998.8000,2999.0000,2999.2000,2999.6000,2,3,1,1,1,1,7,9,4,2
SF,IH2001,2019-12-24 09:32:01.100,2998.4000,28000,0,656622540.000,1,0,1,多换,S,2998.2000,2997.8000,2997.6000,2997.4000,2997.2000,2998.4000,2998.8000,2999.0000,2999.2000,2999.6000,1,2,1,1,1,10,6,9,4,2
SF,IH2001,2019-12-24 09:32:01.600,2998.4000,27999,-1,659320980.000,3,1,2,多平,S,2997.8000,2997.6000,2997.4000,2997.2000,2997.0000,2998.2000,2998.4000,2998.8000,2999.0000,2999.2000,2,1,1,1,1,1,9,7,9,4
SF,IH2001,2019-12-24 09:32:02.100,2998.4000,27997,-2,661120020.000,2,0,2,双平,S,2997.8000,2997.6000,2997.4000,2997.2000,2997.0000,2998.4000,2998.8000,2999.0000,2999.2000,2999.6000,2,1,1,1,1,7,3,8,4,2
SF,IH2001,2019-12-24 09:32:02.600,2998.4000,27997,0,661120020.000,0,-,-,-,-,2997.8000,2997.6000,2997.4000,2997.2000,2997.0000,2998.4000,2998.8000,2999.0000,2999.2000,2999.6000,2,2,1,1,1,7,3,8,4,2
SF,IH2001,2019-12-24 09:32:03.100,2998.4000,27997,0,662019540.000,1,0,1,多换,S,2997.8000,2997.6000,2997.4000,2997.2000,2997.0000,2998.4000,2998.6000,2998.8000,2999.0000,2999.2000,2,2,1,1,1,7,1,3,8,4
SF,IH2001,2019-12-24 09:32:04.100,2998.4000,27997,0,662019540.000,0,-,-,-,-,2997.8000,2997.6000,2997.4000,2997.2000,2997.0000,2998.4000,2998.6000,2998.8000,2999.0000,2999.2000,2,2,1,1,1,7,2,3,8,4
SF,IH2001,2019-12-24 09:32:04.600,2998.4000,27996,-1,662919060.000,1,0,1,双平,S,2997.8000,2997.6000,2997.4000,2997.2000,2997.0000,2998.4000,2998.6000,2998.8000,2999.0000,2999.2000,2,2,1,1,1,6,2,3,8,4
SF,IH2001,2019-12-24 09:32:05.100,2998.4000,27996,0,663818580.000,1,0,1,多换,S,2997.8000,2997.6000,2997.4000,2997.2000,2997.0000,2998.4000,2998.6000,2998.8000,2999.0000,2999.2000,3,2,1,1,1,5,2,3,8,4
SF,IH2001,2019-12-24 09:32:05.600,2998.4000,27997,1,664718100.000,1,1,0,双开,S,2997.8000,2997.6000,2997.4000,2997.2000,2997.0000,2998.4000,2998.6000,2998.8000,2999.0000,2999.2000,3,2,1,1,1,4,2,3,8,4
SF,IH2001,2019-12-24 09:32:06.100,2998.4000,27998,1,665617620.000,1,1,0,双开,S,2997.8000,2997.6000,2997.4000,2997.2000,2997.0000,2998.4000,2998.6000,2998.8000,2999.0000,2999.2000,3,2,1,1,1,4,2,3,7,4
SF,IH2001,2019-12-24 09:32:07.100,2998.4000,27998,0,665617620.000,0,-,-,-,-,2997.8000,2997.6000,2997.4000,2997.2000,2997.0000,2998.4000,2998.6000,2998.8000,2999.0000,2999.2000,3,2,1,1,1,4,2,3,7,4
SF,IH2001,2019-12-24 09:32:07.600,2998.4000,27998,0,665617620.000,0,-,-,-,-,2997.8000,2997.6000,2997.4000,2997.2000,2997.0000,2998.4000,2998.6000,2998.8000,2999.0000,2999.2000,3,2,1,1,1,4,2,3,7,4
SF,IH2001,2019-12-24 09:32:08.100,2998.4000,27998,0,665617620.000,0,-,-,-,-,2998.0000,2997.8000,2997.6000,2997.4000,2997.2000,2998.4000,2998.6000,2998.8000,2999.0000,2999.2000,1,3,2,1,1,4,2,3,7,4
SF,IH2001,2019-12-24 09:32:09.600,2998.0000,27998,0,667416540.000,2,1,1,多换,S,2997.8000,2997.6000,2997.4000,2997.2000,2997.0000,2998.4000,2998.6000,2998.8000,2999.0000,2999.2000,3,2,1,1,2,3,2,3,7,4
SF,IH2001,2019-12-24 09:32:10.100,2998.0000,27998,0,667416540.000,0,-,-,-,-,2997.8000,2997.6000,2997.4000,2997.2000,2997.0000,2998.4000,2998.6000,2998.8000,2999.0000,2999.2000,3,2,1,1,2,3,1,3,7,4
SF,IH2001,2019-12-24 09:32:10.600,2997.8000,27997,-1,670114560.000,3,1,2,多平,S,2997.6000,2997.4000,2997.2000,2997.0000,2996.8000,2997.8000,2998.2000,2998.4000,2998.6000,2998.8000,2,1,1,2,2,2,5,3,1,3
SF,IH2001,2019-12-24 09:32:11.100,2997.6000,27996,-1,673711860.000,4,1,3,多平,S,2997.6000,2997.4000,2997.2000,2997.0000,2996.8000,2998.2000,2998.4000,2998.6000,2998.8000,2999.0000,1,1,1,1,2,5,1,1,3,7
SF,IH2001,2019-12-24 09:32:11.600,2997.6000,27996,0,673711860.000,0,-,-,-,-,2997.6000,2997.4000,2997.2000,2997.0000,2996.8000,2998.2000,2998.4000,2998.6000,2998.8000,2999.0000,1,1,1,1,2,2,1,1,3,7
SF,IH2001,2019-12-24 09:32:12.100,2997.6000,27996,0,673711860.000,0,-,-,-,-,2997.6000,2997.4000,2997.2000,2997.0000,2996.8000,2998.4000,2998.6000,2998.8000,2999.0000,2999.2000,1,1,1,1,2,1,1,3,7,4
SF,IH2001,2019-12-24 09:32:12.600,2997.6000,27996,0,673711860.000,0,-,-,-,-,2997.6000,2997.4000,2997.2000,2997.0000,2996.8000,2998.4000,2998.6000,2998.8000,2999.0000,2999.2000,1,1,1,1,2,2,1,3,7,4
SF,IH2001,2019-12-24 09:32:13.100,2997.6000,27996,0,673711860.000,0,-,-,-,-,2997.8000,2997.6000,2997.4000,2997.2000,2997.0000,2998.4000,2998.6000,2998.8000,2999.0000,2999.2000,2,2,1,1,1,1,1,3,7,4
SF,IH2001,2019-12-24 09:32:13.600,2998.6000,27995,-1,675510960.000,2,0,2,多平,S,2998.4000,2998.0000,2997.8000,2997.6000,2997.4000,2998.8000,2999.0000,2999.2000,2999.6000,2999.8000,2,3,2,1,1,2,7,4,1,5
SF,IH2001,2019-12-24 09:32:14.100,2998.8000,27993,-2,678209940.000,3,0,3,多平,S,2998.0000,2997.8000,2997.6000,2997.4000,2997.2000,2998.8000,2999.0000,2999.2000,2999.6000,2999.8000,3,2,1,1,1,6,4,4,1,5
SF,IH2001,2019-12-24 09:32:14.600,2998.8000,27992,-1,682708140.000,5,2,3,多平,S,2998.2000,2998.0000,2997.8000,2997.6000,2997.4000,2999.0000,2999.2000,2999.6000,2999.8000,3000.0000,5,5,2,1,1,4,4,1,5,2
SF,IH2001,2019-12-24 09:32:15.100,2998.8000,27989,-3,687206580.000,5,1,4,多平,S,2998.4000,2998.2000,2998.0000,2997.8000,2997.6000,2999.2000,2999.6000,2999.8000,3000.0000,3000.2000,2,12,2,1,1,4,1,5,2,8
SF,IH2001,2019-12-24 09:32:15.600,2998.8000,27989,0,687206580.000,0,-,-,-,-,2998.6000,2998.4000,2998.2000,2998.0000,2997.8000,2999.2000,2999.6000,2999.8000,3000.0000,3000.2000,5,5,10,2,1,4,1,5,2,8
SF,IH2001,2019-12-24 09:32:16.100,2998.8000,27988,-1,688106220.000,1,0,1,双平,S,2998.6000,2998.4000,2998.2000,2998.0000,2997.8000,2999.2000,2999.8000,3000.0000,3000.2000,3000.6000,7,5,9,2,2,5,5,2,8,2
SF,IH2001,2019-12-24 09:32:16.600,2998.8000,27988,0,688106220.000,0,-,-,-,-,2998.8000,2998.6000,2998.4000,2998.2000,2998.0000,2999.0000,2999.2000,2999.8000,3000.0000,3000.2000,1,6,4,5,2,1,5,5,2,8
SF,IH2001,2019-12-24 09:32:17.100,2998.8000,27988,0,688106220.000,0,-,-,-,-,2998.6000,2998.4000,2998.2000,2998.0000,2997.8000,2998.8000,2999.0000,2999.2000,2999.8000,3000.0000,2,2,4,3,1,1,1,5,5,2
SF,IH2001,2019-12-24 09:32:17.600,2999.0000,27986,-2,689905560.000,2,0,2,双平,S,2998.6000,2998.4000,2998.2000,2998.0000,2997.8000,2999.0000,2999.2000,2999.8000,3000.0000,3000.2000,2,2,1,3,1,1,5,5,2,8
SF,IH2001,2019-12-24 09:32:18.100,2999.0000,27985,-1,690805260.000,1,0,1,双平,S,2998.6000,2998.4000,2998.2000,2998.0000,2997.8000,2999.2000,2999.8000,3000.0000,3000.2000,3000.6000,2,2,1,3,1,5,5,2,8,2
SF,IH2001,2019-12-24 09:32:18.600,2999.0000,27982,-3,693504240.000,3,0,3,双平,S,2998.6000,2998.4000,2998.2000,2998.0000,2997.8000,2999.0000,2999.2000,2999.8000,3000.0000,3000.2000,1,1,1,3,1,1,2,5,2,8
SF,IH2001,2019-12-24 09:32:19.100,2999.0000,27981,-1,694403940.000,1,0,1,双平,S,2998.6000,2998.4000,2998.2000,2998.0000,2997.8000,2999.2000,2999.4000,2999.8000,3000.0000,3000.2000,1,1,1,3,1,2,5,5,2,8
SF,IH2001,2019-12-24 09:32:19.600,2999.0000,27981,0,694403940.000,0,-,-,-,-,2998.6000,2998.2000,2998.0000,2997.8000,2997.6000,2998.8000,2999.0000,2999.2000,2999.4000,2999.8000,1,1,3,1,1,2,1,2,5,5
SF,IH2001,2019-12-24 09:32:20.100,2999.0000,27980,-1,695303640.000,1,0,1,双平,S,2998.6000,2998.2000,2998.0000,2997.8000,2997.6000,2999.2000,2999.4000,2999.8000,3000.0000,3000.2000,1,1,3,1,1,2,5,5,2,8
SF,IH2001,2019-12-24 09:32:20.600,2998.8000,27978,-2,697102920.000,2,0,2,双平,S,2998.8000,2998.6000,2998.2000,2998.0000,2997.8000,2999.0000,2999.2000,2999.4000,2999.8000,3000.0000,2,1,1,3,1,2,2,5,4,2
SF,IH2001,2019-12-24 09:32:21.100,2998.8000,27977,-1,698902200.000,2,0,2,多平,S,2998.6000,2998.2000,2998.0000,2997.8000,2997.6000,2998.8000,2999.0000,2999.2000,2999.4000,2999.8000,1,1,3,1,1,2,2,3,5,4
SF,IH2001,2019-12-24 09:32:21.600,2998.8000,27977,0,698902200.000,0,-,-,-,-,2998.6000,2998.2000,2998.0000,2997.8000,2997.6000,2998.8000,2999.0000,2999.2000,2999.4000,2999.8000,1,1,3,1,1,1,2,3,5,4
SF,IH2001,2019-12-24 09:32:22.100,2998.8000,27977,0,698902200.000,0,-,-,-,-,2998.8000,2998.6000,2998.4000,2998.2000,2998.0000,2999.0000,2999.2000,2999.4000,2999.8000,3000.0000,4,1,1,1,4,1,3,5,4,2
SF,IH2001,2019-12-24 09:32:22.600,2998.8000,27977,0,698902200.000,0,-,-,-,-,2998.8000,2998.6000,2998.4000,2998.2000,2998.0000,2999.0000,2999.2000,2999.4000,2999.8000,3000.0000,2,1,1,1,3,1,3,5,4,2
SF,IH2001,2019-12-24 09:32:23.100,2999.0000,27975,-2,700701600.000,2,0,2,双平,S,2998.8000,2998.6000,2998.4000,2998.2000,2998.0000,2999.2000,2999.4000,2999.8000,3000.0000,3000.2000,2,2,1,1,3,3,5,4,2,8
SF,IH2001,2019-12-24 09:32:23.600,2999.2000,27974,-1,701601360.000,1,0,1,双平,S,2999.0000,2998.8000,2998.6000,2998.4000,2998.2000,2999.2000,2999.4000,2999.8000,3000.0000,3000.2000,2,2,2,1,1,2,5,4,2,8
SF,IH2001,2019-12-24 09:32:24.100,2999.0000,27973,-1,702501060.000,1,0,1,双平,S,2999.0000,2998.8000,2998.6000,2998.4000,2998.2000,2999.2000,2999.4000,2999.8000,3000.0000,3000.2000,1,2,2,1,1,4,5,4,2,8
SF,IH2001,2019-12-24 09:32:24.600,2999.0000,27972,-1,703400760.000,1,0,1,双平,S,2998.8000,2998.6000,2998.4000,2998.2000,2998.0000,2999.0000,2999.2000,2999.4000,2999.8000,3000.0000,2,2,1,1,3,1,5,5,4,2
SF,IH2001,2019-12-24 09:32:25.100,2999.0000,27972,0,703400760.000,0,-,-,-,-,2998.8000,2998.6000,2998.4000,2998.2000,2998.0000,2999.2000,2999.4000,2999.8000,3000.0000,3000.2000,2,2,1,1,3,5,5,4,2,8
SF,IH2001,2019-12-24 09:32:25.600,2999.2000,27971,-1,704300520.000,1,0,1,双平,S,2998.8000,2998.6000,2998.4000,2998.2000,2998.0000,2999.2000,2999.4000,2999.8000,3000.0000,3000.2000,2,2,1,1,3,4,5,4,2,8
SF,IH2001,2019-12-24 09:32:26.100,2999.2000,27969,-2,706999800.000,3,0,3,多平,S,2999.0000,2998.8000,2998.6000,2998.4000,2998.2000,2999.2000,2999.4000,2999.8000,3000.0000,3000.2000,2,2,2,1,1,1,5,4,2,8
SF,IH2001,2019-12-24 09:32:26.600,2999.0000,27967,-2,708799200.000,2,0,2,双平,S,2998.8000,2998.6000,2998.4000,2998.2000,2998.0000,2999.2000,2999.4000,2999.8000,3000.0000,3000.2000,2,2,1,1,6,1,5,4,2,8
SF,IH2001,2019-12-24 09:32:27.100,2999.0000,27967,0,708799200.000,0,-,-,-,-,2998.8000,2998.6000,2998.4000,2998.2000,2998.0000,2999.4000,2999.8000,3000.0000,3000.2000,3000.6000,2,2,1,1,6,5,4,2,8,2
SF,IH2001,2019-12-24 09:32:27.600,2999.0000,27967,0,708799200.000,0,-,-,-,-,2999.0000,2998.8000,2998.6000,2998.4000,2998.2000,2999.4000,2999.8000,3000.0000,3000.2000,3000.6000,1,3,2,1,1,5,4,2,8,2
SF,IH2001,2019-12-24 09:32:28.100,2999.0000,27967,0,708799200.000,0,-,-,-,-,2999.0000,2998.8000,2998.6000,2998.4000,2998.2000,2999.2000,2999.4000,2999.8000,3000.0000,3000.2000,1,3,2,1,1,1,5,4,2,8
SF,IH2001,2019-12-24 09:32:28.600,2999.2000,27966,-1,709698960.000,1,0,1,双平,S,2999.0000,2998.8000,2998.6000,2998.4000,2998.2000,2999.4000,2999.8000,3000.0000,3000.2000,3000.6000,1,3,2,1,1,5,4,2,8,2
SF,IH2001,2019-12-24 09:32:29.100,2999.2000,27966,0,709698960.000,0,-,-,-,-,2999.0000,2998.8000,2998.6000,2998.4000,2998.2000,2999.4000,2999.6000,2999.8000,3000.0000,3000.2000,1,3,2,1,1,5,1,4,2,8
SF,IH2001,2019-12-24 09:32:29.600,2999.2000,27966,0,709698960.000,0,-,-,-,-,2999.0000,2998.8000,2998.6000,2998.4000,2998.2000,2999.4000,2999.6000,2999.8000,3000.0000,3000.2000,1,3,2,1,1,5,3,5,2,8
SF,IH2001,2019-12-24 09:32:30.100,2999.2000,27966,0,709698960.000,0,-,-,-,-,2999.2000,2999.0000,2998.8000,2998.6000,2998.4000,2999.4000,2999.6000,2999.8000,3000.0000,3000.2000,1,1,3,2,1,7,3,5,2,8
SF,IH2001,2019-12-24 09:32:30.600,2999.4000,27964,-2,711498600.000,2,0,2,双平,S,2999.2000,2999.0000,2998.8000,2998.6000,2998.4000,2999.4000,2999.6000,2999.8000,3000.0000,3000.2000,1,1,3,2,1,5,1,5,2,8
SF,IH2001,2019-12-24 09:32:31.100,2999.4000,27958,-6,716897520.000,6,0,6,双平,S,2999.4000,2999.2000,2999.0000,2998.8000,2998.6000,2999.6000,2999.8000,3000.0000,3000.2000,3000.6000,4,1,1,3,2,1,5,2,8,2
SF,IH2001,2019-12-24 09:32:31.600,2999.6000,27957,-1,717797400.000,1,0,1,双平,S,2999.4000,2999.2000,2998.8000,2998.6000,2998.4000,2999.6000,2999.8000,3000.0000,3000.2000,3000.6000,4,1,4,2,1,1,5,2,8,2
SF,IH2001,2019-12-24 09:32:32.100,2999.6000,27957,0,717797400.000,0,-,-,-,-,2999.4000,2999.2000,2998.8000,2998.6000,2998.4000,2999.6000,2999.8000,3000.0000,3000.2000,3000.6000,4,1,4,2,1,1,5,2,8,2
SF,IH2001,2019-12-24 09:32:32.600,2999.6000,27957,0,718697280.000,1,0,1,多换,S,2999.4000,2999.2000,2998.8000,2998.6000,2998.4000,2999.8000,3000.0000,3000.2000,3000.6000,3000.8000,8,1,3,2,1,5,2,8,2,2
SF,IH2001,2019-12-24 09:32:33.100,2999.4000,27953,-4,723196380.000,5,0,5,多平,S,2999.2000,2998.8000,2998.6000,2998.4000,2998.2000,2999.6000,2999.8000,3000.0000,3000.2000,3000.6000,1,3,2,1,1,5,5,5,8,2
SF,IH2001,2019-12-24 09:32:33.600,2999.4000,27953,0,724096200.000,1,0,1,多换,S,2999.2000,2998.8000,2998.6000,2998.2000,2998.0000,2999.4000,2999.6000,2999.8000,3000.0000,3000.2000,1,3,2,2,6,2,5,5,5,3
SF,IH2001,2019-12-24 09:32:34.100,2999.4000,27952,-1,725895780.000,2,0,2,多平,S,2998.8000,2998.6000,2998.2000,2998.0000,2997.8000,2999.4000,2999.6000,2999.8000,3000.0000,3000.2000,3,2,2,6,2,1,5,5,5,3
SF,IH2001,2019-12-24 09:32:34.600,2999.4000,27951,-1,726795600.000,1,0,1,双平,S,2999.0000,2998.8000,2998.6000,2998.2000,2998.0000,2999.8000,3000.0000,3000.2000,3000.6000,3000.8000,1,3,1,2,5,5,5,3,2,2
SF,IH2001,2019-12-24 09:32:35.100,2999.8000,27950,-1,727695540.000,1,0,1,双平,S,2999.0000,2998.8000,2998.6000,2998.2000,2998.0000,2999.8000,3000.0000,3000.2000,3000.6000,3000.8000,1,3,1,2,5,6,5,3,2,2
SF,IH2001,2019-12-24 09:32:35.600,2999.8000,27950,0,727695540.000,0,-,-,-,-,2999.0000,2998.8000,2998.6000,2998.2000,2998.0000,2999.6000,2999.8000,3000.0000,3000.2000,3000.6000,1,3,1,2,5,3,6,5,3,2
SF,IH2001,2019-12-24 09:32:36.100,2999.4000,27949,-1,728595360.000,1,0,1,双平,S,2998.8000,2998.6000,2998.2000,2998.0000,2997.8000,2999.6000,2999.8000,3000.0000,3000.2000,3000.6000,3,1,2,5,2,4,6,5,3,2
SF,IH2001,2019-12-24 09:32:36.600,2999.4000,27949,0,728595360.000,0,-,-,-,-,2998.8000,2998.6000,2998.2000,2998.0000,2997.8000,2999.0000,2999.6000,2999.8000,3000.0000,3000.2000,3,1,2,5,2,1,5,6,5,3
SF,IH2001,2019-12-24 09:32:37.100,2999.4000,27949,0,728595360.000,0,-,-,-,-,2998.8000,2998.6000,2998.2000,2998.0000,2997.8000,2999.0000,2999.6000,2999.8000,3000.0000,3000.2000,3,1,1,5,2,1,5,6,5,3
SF,IH2001,2019-12-24 09:32:37.600,2999.4000,27949,0,728595360.000,0,-,-,-,-,2998.8000,2998.6000,2998.2000,2998.0000,2997.8000,2999.0000,2999.6000,2999.8000,3000.0000,3000.2000,3,1,1,5,2,1,5,6,5,3
SF,IH2001,2019-12-24 09:32:38.100,2999.0000,27948,-1,729495060.000,1,0,1,双平,S,2999.0000,2998.8000,2998.6000,2998.2000,2998.0000,2999.4000,2999.6000,2999.8000,3000.0000,3000.2000,1,3,1,1,5,2,5,6,5,3
SF,IH2001,2019-12-24 09:32:38.600,2999.0000,27948,0,729495060.000,0,-,-,-,-,2999.0000,2998.8000,2998.6000,2998.2000,2998.0000,2999.2000,2999.4000,2999.6000,2999.8000,3000.0000,1,3,1,1,5,1,2,5,6,5
SF,IH2001,2019-12-24 09:32:39.100,2999.0000,27948,0,729495060.000,0,-,-,-,-,2999.0000,2998.8000,2998.6000,2998.2000,2998.0000,2999.2000,2999.4000,2999.6000,2999.8000,3000.0000,1,3,1,1,5,1,2,5,6,5
SF,IH2001,2019-12-24 09:32:39.600,2999.0000,27947,-1,733093860.000,4,1,3,多平,S,2998.8000,2998.6000,2998.2000,2998.0000,2997.8000,2999.2000,2999.4000,2999.6000,2999.8000,3000.0000,3,1,1,5,2,1,2,5,6,5
SF,IH2001,2019-12-24 09:32:40.100,2998.8000,27946,-1,733993500.000,1,0,1,双平,S,2998.8000,2998.6000,2998.2000,2998.0000,2997.8000,2999.0000,2999.2000,2999.4000,2999.6000,2999.8000,2,1,1,5,2,2,6,2,5,6
SF,IH2001,2019-12-24 09:32:40.600,2998.6000,27944,-2,737591940.000,4,1,3,多平,S,2998.2000,2998.0000,2997.8000,2997.6000,2997.4000,2999.0000,2999.2000,2999.4000,2999.6000,2999.8000,1,5,2,2,1,3,6,4,5,6
SF,IH2001,2019-12-24 09:32:41.100,2998.6000,27944,0,737591940.000,0,-,-,-,-,2998.2000,2998.0000,2997.8000,2997.6000,2997.4000,2998.8000,2999.0000,2999.2000,2999.4000,2999.6000,3,5,2,2,2,1,3,6,4,6
SF,IH2001,2019-12-24 09:32:41.600,2998.8000,27944,0,738491580.000,1,0,1,多换,S,2998.2000,2998.0000,2997.8000,2997.6000,2997.4000,2999.0000,2999.2000,2999.4000,2999.6000,2999.8000,3,5,2,2,2,3,6,4,6,6
SF,IH2001,2019-12-24 09:32:42.100,2999.0000,27942,-2,740290980.000,2,0,2,双平,S,2998.4000,2998.2000,2998.0000,2997.8000,2997.6000,2998.8000,2999.0000,2999.2000,2999.4000,2999.6000,7,3,5,2,2,1,1,5,4,3
SF,IH2001,2019-12-24 09:32:42.600,2998.8000,27942,0,741190620.000,1,0,1,多换,S,2998.4000,2998.2000,2998.0000,2997.8000,2997.6000,2999.0000,2999.2000,2999.4000,2999.6000,2999.8000,3,3,5,2,2,3,5,4,3,6
SF,IH2001,2019-12-24 09:32:43.100,2998.8000,27942,0,741190620.000,0,-,-,-,-,2998.4000,2998.2000,2998.0000,2997.8000,2997.6000,2999.0000,2999.2000,2999.4000,2999.6000,2999.8000,2,2,5,2,2,3,5,4,3,6
SF,IH2001,2019-12-24 09:32:43.600,2998.8000,27942,0,741190620.000,0,-,-,-,-,2998.4000,2998.2000,2998.0000,2997.8000,2997.6000,2999.0000,2999.2000,2999.4000,2999.6000,2999.8000,2,2,5,2,2,3,5,4,3,5
SF,IH2001,2019-12-24 09:32:44.100,2998.8000,27942,0,741190620.000,0,-,-,-,-,2998.4000,2998.2000,2998.0000,2997.8000,2997.6000,2998.8000,2999.0000,2999.2000,2999.4000,2999.6000,1,2,6,2,2,1,4,5,4,3
SF,IH2001,2019-12-24 09:32:45.100,2998.8000,27942,0,741190620.000,0,-,-,-,-,2998.4000,2998.2000,2998.0000,2997.8000,2997.6000,2998.6000,2998.8000,2999.0000,2999.2000,2999.4000,1,2,6,2,2,1,1,4,5,4
SF,IH2001,2019-12-24 09:32:45.600,2998.4000,27942,0,742989720.000,2,1,1,多换,S,2998.2000,2998.0000,2997.8000,2997.6000,2997.4000,2998.8000,2999.0000,2999.2000,2999.4000,2999.6000,2,6,2,2,2,1,4,7,4,3
SF,IH2001,2019-12-24 09:32:46.100,2998.6000,27942,0,743889300.000,1,0,1,多换,S,2998.4000,2998.2000,2998.0000,2997.8000,2997.6000,2998.8000,2999.0000,2999.2000,2999.4000,2999.6000,7,1,6,2,2,1,4,7,4,3
SF,IH2001,2019-12-24 09:32:46.600,2998.6000,27942,0,743889300.000,0,-,-,-,-,2998.6000,2998.2000,2998.0000,2997.8000,2997.6000,2998.8000,2999.0000,2999.2000,2999.4000,2999.6000,2,1,6,2,2,4,4,7,4,3
SF,IH2001,2019-12-24 09:32:47.100,2998.6000,27940,-2,745688460.000,2,0,2,双平,S,2998.2000,2998.0000,2997.8000,2997.6000,2997.4000,2998.8000,2999.0000,2999.2000,2999.4000,2999.6000,1,6,2,2,2,4,4,7,4,3
SF,IH2001,2019-12-24 09:32:47.600,2998.6000,27940,0,745688460.000,0,-,-,-,-,2998.4000,2998.2000,2998.0000,2997.8000,2997.6000,2998.8000,2999.0000,2999.2000,2999.4000,2999.6000,1,1,7,2,2,4,3,7,4,3
SF,IH2001,2019-12-24 09:32:48.100,2998.8000,27939,-1,746588100.000,1,0,1,双平,S,2998.4000,2998.2000,2998.0000,2997.8000,2997.6000,2998.8000,2999.0000,2999.2000,2999.4000,2999.6000,1,1,8,2,2,3,3,7,4,3
SF,IH2001,2019-12-24 09:32:48.600,2998.8000,27939,0,746588100.000,0,-,-,-,-,2998.4000,2998.2000,2998.0000,2997.8000,2997.6000,2998.8000,2999.0000,2999.2000,2999.4000,2999.6000,1,1,8,2,2,3,3,7,4,3
SF,IH2001,2019-12-24 09:32:49.100,2998.6000,27938,-1,747487680.000,1,0,1,双平,S,2998.4000,2998.2000,2998.0000,2997.8000,2997.6000,2998.8000,2999.0000,2999.2000,2999.4000,2999.6000,2,1,8,2,2,3,2,7,4,3
SF,IH2001,2019-12-24 09:32:49.600,2998.6000,27938,0,747487680.000,0,-,-,-,-,2998.4000,2998.2000,2998.0000,2997.8000,2997.6000,2998.8000,2999.0000,2999.2000,2999.4000,2999.6000,2,1,9,2,2,3,2,7,4,3
SF,IH2001,2019-12-24 09:32:50.100,2998.8000,27940,2,749286960.000,2,2,0,双开,S,2998.4000,2998.2000,2998.0000,2997.8000,2997.6000,2998.8000,2999.0000,2999.2000,2999.4000,2999.6000,2,1,9,2,2,1,2,7,4,3
SF,IH2001,2019-12-24 09:32:50.600,2998.8000,27939,-1,750186600.000,1,0,1,双平,S,2998.6000,2998.4000,2998.2000,2998.0000,2997.8000,2999.0000,2999.2000,2999.4000,2999.6000,2999.8000,1,2,1,9,2,2,7,4,3,3
SF,IH2001,2019-12-24 09:32:51.100,2998.8000,27939,0,750186600.000,0,-,-,-,-,2998.6000,2998.4000,2998.2000,2998.0000,2997.8000,2998.8000,2999.0000,2999.2000,2999.4000,2999.6000,1,3,1,9,2,1,2,7,4,3
SF,IH2001,2019-12-24 09:32:51.600,2998.8000,27938,-1,751086240.000,1,0,1,双平,S,2998.6000,2998.4000,2998.2000,2998.0000,2997.8000,2999.0000,2999.2000,2999.4000,2999.6000,2999.8000,1,3,1,9,2,2,7,4,3,3
SF,IH2001,2019-12-24 09:32:52.600,2998.8000,27938,0,751086240.000,0,-,-,-,-,2998.6000,2998.4000,2998.2000,2998.0000,2997.8000,2998.8000,2999.0000,2999.2000,2999.4000,2999.6000,1,3,1,9,2,1,2,7,4,3
SF,IH2001,2019-12-24 09:32:53.600,2998.6000,27936,-2,752885400.000,2,0,2,双平,S,2998.4000,2998.2000,2998.0000,2997.8000,2997.6000,2998.8000,2999.0000,2999.2000,2999.4000,2999.6000,3,1,9,2,2,2,2,7,4,3
SF,IH2001,2019-12-24 09:32:54.100,2998.8000,27934,-2,754684680.000,2,0,2,双平,S,2998.8000,2998.4000,2998.2000,2998.0000,2997.8000,2999.0000,2999.2000,2999.4000,2999.6000,2999.8000,5,3,1,8,2,2,7,4,3,3
SF,IH2001,2019-12-24 09:32:54.600,2998.8000,27930,-4,758283240.000,4,0,4,双平,S,2998.4000,2998.2000,2998.0000,2997.8000,2997.6000,2999.0000,2999.2000,2999.4000,2999.6000,2999.8000,3,1,8,2,2,2,7,4,3,3
SF,IH2001,2019-12-24 09:32:55.100,2998.8000,27930,0,758283240.000,0,-,-,-,-,2998.8000,2998.4000,2998.2000,2998.0000,2997.8000,2999.0000,2999.2000,2999.4000,2999.6000,2999.8000,1,3,1,8,2,2,7,4,3,3
SF,IH2001,2019-12-24 09:32:55.600,2998.8000,27930,0,759182880.000,1,0,1,多换,S,2998.4000,2998.2000,2998.0000,2997.8000,2997.6000,2999.0000,2999.2000,2999.4000,2999.6000,2999.8000,3,1,8,2,2,2,7,4,3,3
SF,IH2001,2019-12-24 09:32:56.100,2999.0000,27930,0,760982280.000,2,1,1,多换,S,2998.6000,2998.4000,2998.2000,2998.0000,2997.8000,2999.2000,2999.4000,2999.6000,2999.8000,3000.2000,1,3,1,8,2,7,4,3,3,1
SF,IH2001,2019-12-24 09:32:56.600,2999.0000,27930,0,760982280.000,0,-,-,-,-,2998.8000,2998.6000,2998.4000,2998.2000,2998.0000,2999.2000,2999.4000,2999.6000,2999.8000,3000.2000,2,1,3,1,8,8,4,3,2,1
SF,IH2001,2019-12-24 09:32:57.100,2999.0000,27930,0,760982280.000,0,-,-,-,-,2998.8000,2998.6000,2998.4000,2998.2000,2998.0000,2999.2000,2999.4000,2999.6000,2999.8000,3000.2000,2,1,2,1,8,8,3,3,2,1
SF,IH2001,2019-12-24 09:32:57.600,2999.2000,27928,-2,762781800.000,2,0,2,双平,S,2998.8000,2998.6000,2998.4000,2998.2000,2998.0000,2999.2000,2999.4000,2999.6000,2999.8000,3000.2000,2,3,2,1,8,6,3,3,2,1
SF,IH2001,2019-12-24 09:32:58.100,2998.8000,27928,0,763681440.000,1,0,1,多换,S,2998.8000,2998.6000,2998.4000,2998.2000,2998.0000,2999.0000,2999.2000,2999.4000,2999.6000,2999.8000,1,3,2,1,8,1,6,3,3,2
SF,IH2001,2019-12-24 09:32:58.600,2999.0000,27927,-1,764581140.000,1,0,1,双平,S,2999.0000,2998.8000,2998.6000,2998.4000,2998.2000,2999.2000,2999.4000,2999.6000,2999.8000,3000.2000,3,3,2,2,1,6,3,3,2,1
SF,IH2001,2019-12-24 09:32:59.100,2999.2000,27926,-1,765480900.000,1,0,1,双平,S,2999.0000,2998.8000,2998.6000,2998.4000,2998.2000,2999.2000,2999.4000,2999.6000,2999.8000,3000.2000,3,3,2,3,1,5,6,3,2,1
SF,IH2001,2019-12-24 09:32:59.600,2999.2000,27921,-5,769979520.000,5,0,5,双平,S,2998.8000,2998.6000,2998.4000,2998.2000,2998.0000,2999.2000,2999.4000,2999.6000,2999.8000,3000.2000,4,2,2,1,9,3,5,5,2,1
SF,IH2001,2019-12-24 09:33:00.100,2999.2000,27921,0,770879280.000,1,0,1,多换,S,2999.0000,2998.8000,2998.6000,2998.4000,2998.2000,2999.2000,2999.4000,2999.6000,2999.8000,3000.2000,4,4,2,2,1,3,5,5,2,1
SF,IH2001,2019-12-24 09:33:00.600,2999.2000,27917,-4,777177600.000,7,1,6,多平,S,2999.2000,2999.0000,2998.8000,2998.6000,2998.4000,2999.4000,2999.6000,2999.8000,3000.2000,3000.8000,2,4,2,2,2,5,5,2,1,2
SF,IH2001,2019-12-24 09:33:01.100,2999.0000,27918,1,779876820.000,3,2,1,空开,S,2998.8000,2998.6000,2998.4000,2998.2000,2998.0000,2999.2000,2999.4000,2999.6000,2999.8000,3000.2000,2,2,2,1,9,9,5,5,2,1
SF,IH2001,2019-12-24 09:33:01.600,2999.0000,27918,0,779876820.000,0,-,-,-,-,2998.8000,2998.6000,2998.4000,2998.2000,2998.0000,2999.2000,2999.4000,2999.6000,2999.8000,3000.2000,2,2,2,1,9,10,5,5,2,1
SF,IH2001,2019-12-24 09:33:02.100,2998.6000,27917,-1,784374900.000,5,2,3,多平,S,2998.4000,2998.2000,2998.0000,2997.8000,2997.6000,2999.0000,2999.2000,2999.4000,2999.6000,2999.8000,2,1,9,2,2,2,10,5,5,4
SF,IH2001,2019-12-24 09:33:02.600,2998.6000,27917,0,784374900.000,0,-,-,-,-,2998.4000,2998.2000,2998.0000,2997.8000,2997.6000,2999.2000,2999.4000,2999.6000,2999.8000,3000.2000,5,2,9,2,2,10,5,5,4,1
SF,IH2001,2019-12-24 09:33:03.100,2998.6000,27917,0,784374900.000,0,-,-,-,-,2998.4000,2998.2000,2998.0000,2997.8000,2997.6000,2999.2000,2999.4000,2999.6000,2999.8000,3000.2000,5,2,9,2,2,12,5,5,4,1
SF,IH2001,2019-12-24 09:33:03.600,2998.8000,27916,-1,785274540.000,1,0,1,双平,S,2998.4000,2998.2000,2998.0000,2997.8000,2997.6000,2999.2000,2999.4000,2999.6000,2999.8000,3000.2000,5,2,9,2,2,12,5,5,4,1
SF,IH2001,2019-12-24 09:33:04.100,2999.0000,27915,-1,786174240.000,1,0,1,双平,S,2998.4000,2998.2000,2998.0000,2997.8000,2997.6000,2999.0000,2999.2000,2999.4000,2999.6000,2999.8000,5,2,9,2,2,4,12,5,4,4
SF,IH2001,2019-12-24 09:33:04.600,2999.0000,27915,0,786174240.000,0,-,-,-,-,2998.4000,2998.2000,2998.0000,2997.8000,2997.6000,2999.0000,2999.2000,2999.4000,2999.6000,2999.8000,2,2,9,2,2,4,12,5,4,5
SF,IH2001,2019-12-24 09:33:05.100,2999.0000,27915,0,786174240.000,0,-,-,-,-,2998.6000,2998.4000,2998.2000,2998.0000,2997.8000,2999.0000,2999.2000,2999.4000,2999.6000,2999.8000,1,2,2,9,2,4,12,5,4,5
SF,IH2001,2019-12-24 09:33:05.600,2998.6000,27915,0,787973400.000,2,1,1,多换,S,2998.4000,2998.2000,2998.0000,2997.8000,2997.6000,2999.0000,2999.2000,2999.4000,2999.6000,2999.8000,4,2,9,2,2,2,10,5,4,5
SF,IH2001,2019-12-24 09:33:06.100,2998.4000,27914,-1,788872920.000,1,0,1,双平,S,2998.4000,2998.2000,2998.0000,2997.8000,2997.6000,2999.0000,2999.2000,2999.4000,2999.6000,2999.8000,3,2,9,2,2,2,10,5,4,5
SF,IH2001,2019-12-24 09:33:06.600,2999.0000,27912,-2,790672320.000,2,0,2,双平,S,2998.6000,2998.4000,2998.2000,2998.0000,2997.8000,2999.2000,2999.4000,2999.6000,2999.8000,3000.2000,2,3,2,9,2,10,5,4,5,1
SF,IH2001,2019-12-24 09:33:07.100,2999.0000,27912,0,790672320.000,0,-,-,-,-,2998.6000,2998.4000,2998.2000,2998.0000,2997.8000,2999.2000,2999.4000,2999.6000,2999.8000,3000.2000,2,3,2,9,2,10,5,4,5,1
SF,IH2001,2019-12-24 09:33:07.600,2999.0000,27912,0,790672320.000,0,-,-,-,-,2998.4000,2998.2000,2998.0000,2997.8000,2997.6000,2999.2000,2999.4000,2999.6000,2999.8000,3000.2000,3,2,9,2,2,10,5,4,5,1
SF,IH2001,2019-12-24 09:33:08.100,2999.0000,27912,0,790672320.000,0,-,-,-,-,2998.4000,2998.2000,2998.0000,2997.8000,2997.6000,2999.2000,2999.4000,2999.6000,2999.8000,3000.2000,3,2,9,2,2,10,5,4,5,1
SF,IH2001,2019-12-24 09:33:08.600,2999.0000,27912,0,790672320.000,0,-,-,-,-,2998.8000,2998.4000,2998.2000,2998.0000,2997.8000,2999.0000,2999.2000,2999.4000,2999.6000,2999.8000,2,3,1,9,2,5,10,5,4,5
SF,IH2001,2019-12-24 09:33:09.100,2998.8000,27911,-1,792471600.000,2,0,2,多平,S,2998.4000,2998.2000,2998.0000,2997.8000,2997.6000,2998.8000,2999.0000,2999.2000,2999.4000,2999.6000,2,1,9,2,2,2,5,8,5,4
SF,IH2001,2019-12-24 09:33:09.600,2998.8000,27911,0,792471600.000,0,-,-,-,-,2998.4000,2998.2000,2998.0000,2997.8000,2997.6000,2998.8000,2999.2000,2999.4000,2999.6000,2999.8000,2,1,9,3,2,1,8,5,3,5
SF,IH2001,2019-12-24 09:33:10.100,2998.8000,27911,0,793371240.000,1,0,1,多换,S,2998.4000,2998.2000,2998.0000,2997.8000,2997.6000,2999.2000,2999.4000,2999.6000,2999.8000,3000.2000,3,2,9,3,2,8,5,3,5,1
SF,IH2001,2019-12-24 09:33:10.600,2998.4000,27909,-2,795170280.000,2,0,2,双平,S,2998.4000,2998.2000,2998.0000,2997.8000,2997.6000,2999.0000,2999.2000,2999.4000,2999.6000,2999.8000,1,4,9,3,2,6,7,5,3,5
SF,IH2001,2019-12-24 09:33:11.100,2998.0000,27907,-2,801466440.000,7,2,5,多平,S,2998.0000,2997.8000,2997.6000,2997.4000,2997.2000,2998.2000,2999.0000,2999.2000,2999.4000,2999.6000,7,3,2,2,1,2,6,2,5,3
SF,IH2001,2019-12-24 09:33:11.600,2998.2000,27902,-5,806863440.000,6,0,6,多平,S,2998.2000,2998.0000,2997.8000,2997.6000,2997.4000,2999.0000,2999.2000,2999.4000,2999.6000,2999.8000,14,10,3,2,1,5,2,5,3,5
SF,IH2001,2019-12-24 09:33:12.100,2998.2000,27902,0,806863440.000,0,-,-,-,-,2998.4000,2998.2000,2998.0000,2997.8000,2997.6000,2998.8000,2999.0000,2999.2000,2999.4000,2999.6000,3,2,10,3,2,4,6,1,5,3
SF,IH2001,2019-12-24 09:33:12.600,2998.2000,27902,0,806863440.000,0,-,-,-,-,2998.6000,2998.4000,2998.2000,2998.0000,2997.8000,2999.0000,2999.2000,2999.4000,2999.6000,2999.8000,1,1,2,10,3,4,1,5,3,5
SF,IH2001,2019-12-24 09:33:13.100,2998.6000,27901,-1,807763020.000,1,0,1,双平,S,2998.4000,2998.2000,2998.0000,2997.8000,2997.6000,2998.6000,2998.8000,2999.0000,2999.2000,2999.4000,1,2,10,3,2,1,4,4,1,5
SF,IH2001,2019-12-24 09:33:13.600,2998.6000,27901,0,807763020.000,0,-,-,-,-,2998.6000,2998.4000,2998.2000,2998.0000,2997.8000,2999.0000,2999.2000,2999.4000,2999.6000,2999.8000,1,1,2,10,3,4,1,5,3,5
SF,IH2001,2019-12-24 09:33:14.100,2998.4000,27899,-2,809562120.000,2,0,2,双平,S,2998.2000,2998.0000,2997.8000,2997.6000,2997.4000,2998.8000,2999.0000,2999.2000,2999.4000,2999.6000,2,10,3,2,1,5,4,1,5,3
SF,IH2001,2019-12-24 09:33:14.600,2998.8000,27899,0,810461760.000,1,0,1,多换,S,2998.2000,2998.0000,2997.8000,2997.6000,2997.4000,2998.8000,2999.0000,2999.2000,2999.4000,2999.6000,5,10,3,2,1,1,4,2,5,3
SF,IH2001,2019-12-24 09:33:15.600,2998.8000,27899,0,810461760.000,0,-,-,-,-,2998.4000,2998.2000,2998.0000,2997.8000,2997.6000,2999.0000,2999.2000,2999.4000,2999.6000,2999.8000,5,5,10,3,2,4,2,5,3,5
SF,IH2001,2019-12-24 09:33:16.600,2998.8000,27899,0,810461760.000,0,-,-,-,-,2998.4000,2998.2000,2998.0000,2997.8000,2997.6000,2999.0000,2999.2000,2999.4000,2999.6000,2999.8000,3,5,10,3,2,5,2,5,3,5
SF,IH2001,2019-12-24 09:33:17.100,2998.4000,27898,-1,814959600.000,5,2,3,多平,S,2998.2000,2998.0000,2997.8000,2997.6000,2997.4000,2998.4000,2998.8000,2999.0000,2999.2000,2999.4000,5,10,3,2,1,6,3,5,2,5
SF,IH2001,2019-12-24 09:33:17.600,2998.2000,27896,-2,817657980.000,3,0,3,多平,S,2998.0000,2997.8000,2997.6000,2997.4000,2997.2000,2998.2000,2998.4000,2998.8000,2999.0000,2999.2000,8,3,2,1,1,3,4,3,5,2
SF,IH2001,2019-12-24 09:33:18.100,2998.0000,27898,2,820356180.000,3,2,1,空开,S,2998.0000,2997.8000,2997.6000,2997.4000,2997.2000,2998.2000,2998.4000,2998.8000,2999.0000,2999.2000,7,3,2,1,1,1,4,3,5,2
SF,IH2001,2019-12-24 09:33:18.600,2998.2000,27891,-7,830249640.000,11,2,9,多平,S,2997.8000,2997.6000,2997.4000,2997.2000,2997.0000,2998.2000,2998.4000,2998.8000,2999.0000,2999.2000,4,2,1,1,1,2,4,3,5,2
SF,IH2001,2019-12-24 09:33:19.100,2998.2000,27891,0,830249640.000,0,-,-,-,-,2998.0000,2997.8000,2997.6000,2997.4000,2997.2000,2998.2000,2998.4000,2998.8000,2999.0000,2999.2000,1,4,2,1,1,2,6,3,5,2
SF,IH2001,2019-12-24 09:33:19.600,2998.0000,27890,-1,831149040.000,1,0,1,双平,S,2998.0000,2997.8000,2997.6000,2997.4000,2997.2000,2998.2000,2998.4000,2998.8000,2999.0000,2999.2000,1,3,2,1,1,2,6,3,5,2
SF,IH2001,2019-12-24 09:33:20.600,2998.4000,27891,1,832048560.000,1,1,0,双开,S,2998.0000,2997.8000,2997.6000,2997.4000,2997.2000,2998.4000,2999.0000,2999.2000,2999.4000,2999.6000,2,4,2,1,1,5,5,2,6,3
SF,IH2001,2019-12-24 09:33:21.100,2998.4000,27891,0,832048560.000,0,-,-,-,-,2998.2000,2998.0000,2997.8000,2997.6000,2997.4000,2998.4000,2999.0000,2999.2000,2999.4000,2999.6000,1,2,4,2,1,5,5,2,6,3
SF,IH2001,2019-12-24 09:33:21.600,2998.4000,27891,0,832048560.000,0,-,-,-,-,2998.2000,2998.0000,2997.8000,2997.6000,2997.4000,2998.4000,2999.0000,2999.2000,2999.4000,2999.6000,2,2,4,2,1,5,5,2,6,3
SF,IH2001,2019-12-24 09:33:22.100,2998.4000,27891,0,832048560.000,0,-,-,-,-,2998.2000,2998.0000,2997.8000,2997.6000,2997.4000,2998.4000,2999.0000,2999.2000,2999.4000,2999.6000,2,2,4,2,1,4,5,2,6,3
SF,IH2001,2019-12-24 09:33:22.600,2998.2000,27891,0,832948020.000,1,0,1,多换,S,2998.2000,2998.0000,2997.8000,2997.6000,2997.4000,2998.4000,2999.0000,2999.2000,2999.4000,2999.6000,1,2,4,2,1,4,5,1,6,3
SF,IH2001,2019-12-24 09:33:23.100,2998.2000,27892,1,833847480.000,1,1,0,双开,S,2998.2000,2998.0000,2997.8000,2997.6000,2997.4000,2998.4000,2999.0000,2999.2000,2999.4000,2999.6000,1,2,4,2,1,4,5,1,6,3
SF,IH2001,2019-12-24 09:33:23.600,2998.4000,27892,0,837445560.000,4,2,2,多换,S,2998.2000,2998.0000,2997.8000,2997.6000,2997.4000,2999.0000,2999.2000,2999.4000,2999.6000,2999.8000,1,2,4,2,1,5,1,6,1,3
SF,IH2001,2019-12-24 09:33:24.100,2998.4000,27891,-1,838345080.000,1,0,1,双平,S,2998.6000,2998.4000,2998.2000,2998.0000,2997.8000,2999.0000,2999.2000,2999.4000,2999.6000,2999.8000,1,6,3,2,4,13,3,5,1,3
SF,IH2001,2019-12-24 09:33:24.600,2998.4000,27891,0,838345080.000,0,-,-,-,-,2998.6000,2998.4000,2998.2000,2998.0000,2997.8000,2998.8000,2999.0000,2999.2000,2999.4000,2999.6000,1,7,3,2,4,1,13,3,5,1
SF,IH2001,2019-12-24 09:33:25.100,2998.4000,27890,-1,839244600.000,1,0,1,双平,S,2998.4000,2998.2000,2998.0000,2997.8000,2997.6000,2998.8000,2999.0000,2999.2000,2999.4000,2999.6000,4,3,2,4,2,2,11,3,5,1
SF,IH2001,2019-12-24 09:33:25.600,2998.4000,27890,0,840144120.000,1,0,1,多换,S,2998.4000,2998.2000,2998.0000,2997.8000,2997.6000,2998.8000,2999.0000,2999.2000,2999.4000,2999.6000,3,3,2,4,2,2,11,3,5,1
SF,IH2001,2019-12-24 09:33:26.100,2998.4000,27890,0,840144120.000,0,-,-,-,-,2998.4000,2998.2000,2998.0000,2997.8000,2997.6000,2998.6000,2998.8000,2999.0000,2999.2000,2999.4000,2,1,2,4,2,1,2,11,3,5
SF,IH2001,2019-12-24 09:33:26.600,2998.4000,27890,0,840144120.000,0,-,-,-,-,2998.4000,2998.2000,2998.0000,2997.8000,2997.6000,2998.8000,2999.0000,2999.2000,2999.4000,2999.6000,2,1,2,4,2,2,11,3,5,1
SF,IH2001,2019-12-24 09:33:27.100,2998.4000,27888,-2,841943160.000,2,0,2,双平,S,2998.2000,2998.0000,2997.8000,2997.6000,2997.4000,2998.4000,2998.6000,2998.8000,2999.0000,2999.2000,2,2,4,2,1,7,1,9,4,3
SF,IH2001,2019-12-24 09:33:27.600,2998.4000,27881,-7,848239800.000,7,0,7,双平,S,2998.4000,2998.2000,2998.0000,2997.8000,2997.6000,2998.8000,2999.0000,2999.2000,2999.4000,2999.6000,5,2,3,4,2,9,4,3,5,1
SF,IH2001,2019-12-24 09:33:28.100,2998.4000,27881,0,849139320.000,1,0,1,多换,S,2998.4000,2998.2000,2998.0000,2997.8000,2997.6000,2998.8000,2999.0000,2999.2000,2999.4000,2999.6000,4,2,3,4,2,9,4,3,5,1
SF,IH2001,2019-12-24 09:33:29.100,2998.8000,27881,0,850038960.000,1,0,1,多换,S,2998.4000,2998.2000,2998.0000,2997.8000,2997.6000,2998.8000,2999.0000,2999.2000,2999.4000,2999.6000,4,1,3,4,3,8,4,3,5,1
SF,IH2001,2019-12-24 09:33:30.100,2998.8000,27881,0,850038960.000,0,-,-,-,-,2998.2000,2998.0000,2997.8000,2997.6000,2997.4000,2998.8000,2999.0000,2999.2000,2999.4000,2999.6000,1,3,4,3,1,8,4,3,5,1
SF,IH2001,2019-12-24 09:33:30.600,2998.6000,27878,-3,854536560.000,5,1,4,多平,S,2998.0000,2997.8000,2997.6000,2997.4000,2997.2000,2998.6000,2998.8000,2999.0000,2999.2000,2999.4000,1,4,3,1,1,3,11,4,3,5
SF,IH2001,2019-12-24 09:33:31.100,2998.4000,27877,-1,855436080.000,1,0,1,双平,S,2998.0000,2997.8000,2997.6000,2997.4000,2997.2000,2998.6000,2998.8000,2999.0000,2999.2000,2999.4000,1,4,3,1,1,4,10,4,3,5
SF,IH2001,2019-12-24 09:33:31.600,2998.4000,27877,0,855436080.000,0,-,-,-,-,2998.0000,2997.8000,2997.6000,2997.4000,2997.2000,2998.6000,2998.8000,2999.0000,2999.2000,2999.4000,1,4,3,1,1,4,10,4,3,5
SF,IH2001,2019-12-24 09:33:33.100,2998.0000,27876,-1,856335480.000,1,0,1,双平,S,2997.8000,2997.6000,2997.4000,2997.2000,2997.0000,2998.6000,2998.8000,2999.0000,2999.2000,2999.4000,4,3,1,1,2,4,10,4,3,5
SF,IH2001,2019-12-24 09:33:33.600,2998.0000,27876,0,857234880.000,1,0,1,多换,S,2997.8000,2997.6000,2997.4000,2997.2000,2997.0000,2998.4000,2998.6000,2998.8000,2999.0000,2999.2000,4,3,1,1,2,1,7,8,4,3
SF,IH2001,2019-12-24 09:33:34.100,2998.0000,27876,0,857234880.000,0,-,-,-,-,2997.8000,2997.6000,2997.4000,2997.2000,2997.0000,2998.4000,2998.6000,2998.8000,2999.0000,2999.2000,4,3,1,1,2,2,6,8,4,3
SF,IH2001,2019-12-24 09:33:34.600,2997.8000,27871,-5,861731580.000,5,0,5,双平,S,2997.6000,2997.4000,2997.2000,2997.0000,2996.8000,2998.4000,2998.6000,2998.8000,2999.0000,2999.2000,3,1,1,2,2,1,3,8,4,3
SF,IH2001,2019-12-24 09:33:35.100,2997.8000,27871,0,861731580.000,0,-,-,-,-,2997.6000,2997.4000,2997.2000,2997.0000,2996.8000,2998.4000,2998.6000,2998.8000,2999.0000,2999.2000,7,1,1,2,2,2,3,8,4,3
SF,IH2001,2019-12-24 09:33:35.600,2997.8000,27871,0,861731580.000,0,-,-,-,-,2998.0000,2997.8000,2997.6000,2997.4000,2997.2000,2998.4000,2998.6000,2998.8000,2999.0000,2999.2000,1,1,7,1,1,1,3,8,4,3
SF,IH2001,2019-12-24 09:33:36.100,2997.8000,27871,0,862630920.000,1,0,1,多换,S,2997.6000,2997.4000,2997.2000,2997.0000,2996.8000,2997.8000,2998.4000,2998.6000,2998.8000,2999.0000,7,1,2,2,2,1,1,3,8,4
SF,IH2001,2019-12-24 09:33:36.600,2998.0000,27870,-1,865329180.000,3,1,2,多平,S,2998.0000,2997.8000,2997.6000,2997.4000,2997.2000,2998.6000,2998.8000,2999.0000,2999.2000,2999.4000,4,23,7,1,2,3,8,4,3,6
SF,IH2001,2019-12-24 09:33:37.100,2998.0000,27870,0,865329180.000,0,-,-,-,-,2998.2000,2998.0000,2997.8000,2997.6000,2997.4000,2998.6000,2998.8000,2999.0000,2999.2000,2999.4000,2,2,9,7,1,10,2,4,3,6
SF,IH2001,2019-12-24 09:33:37.600,2998.0000,27871,1,866228580.000,1,1,0,双开,S,2998.2000,2998.0000,2997.8000,2997.6000,2997.4000,2998.4000,2998.6000,2998.8000,2999.0000,2999.2000,1,2,8,6,1,2,10,2,4,3
SF,IH2001,2019-12-24 09:33:38.100,2998.2000,27870,-1,867128040.000,1,0,1,双平,S,2998.0000,2997.8000,2997.6000,2997.4000,2997.2000,2998.4000,2998.6000,2998.8000,2999.0000,2999.2000,1,8,6,1,2,2,10,2,4,3
SF,IH2001,2019-12-24 09:33:38.600,2998.6000,27867,-3,869826660.000,3,0,3,双平,S,2998.2000,2997.8000,2997.6000,2997.4000,2997.2000,2998.6000,2998.8000,2999.0000,2999.2000,2999.4000,1,8,6,1,2,9,2,4,3,6
SF,IH2001,2019-12-24 09:33:39.100,2998.2000,27866,-1,870726120.000,1,0,1,双平,S,2997.8000,2997.6000,2997.4000,2997.2000,2997.0000,2998.6000,2998.8000,2999.0000,2999.2000,2999.4000,8,6,1,2,1,9,5,4,3,3
SF,IH2001,2019-12-24 09:33:39.600,2998.0000,27866,0,871625520.000,1,0,1,多换,S,2998.0000,2997.8000,2997.6000,2997.4000,2997.2000,2998.6000,2998.8000,2999.0000,2999.2000,2999.4000,5,8,6,1,2,9,5,4,3,3
SF,IH2001,2019-12-24 09:33:40.100,2998.0000,27866,0,871625520.000,0,-,-,-,-,2998.2000,2998.0000,2997.8000,2997.6000,2997.4000,2998.6000,2998.8000,2999.0000,2999.2000,2999.4000,1,5,8,6,1,9,5,4,3,3
SF,IH2001,2019-12-24 09:33:41.100,2998.0000,27866,0,871625520.000,0,-,-,-,-,2998.0000,2997.8000,2997.6000,2997.4000,2997.2000,2998.2000,2998.6000,2998.8000,2999.0000,2999.2000,5,8,7,1,2,1,10,5,4,3
SF,IH2001,2019-12-24 09:33:41.600,2998.2000,27865,-1,872524980.000,1,0,1,双平,S,2998.4000,2998.2000,2998.0000,2997.8000,2997.6000,2998.6000,2998.8000,2999.0000,2999.2000,2999.4000,5,7,5,8,3,10,5,4,3,3
SF,IH2001,2019-12-24 09:33:42.100,2998.2000,27866,1,873424440.000,1,1,0,双开,S,2998.4000,2998.2000,2998.0000,2997.8000,2997.6000,2998.6000,2998.8000,2999.0000,2999.2000,2999.4000,4,2,5,8,3,10,5,4,3,3
SF,IH2001,2019-12-24 09:33:42.600,2998.2000,27866,0,873424440.000,0,-,-,-,-,2998.4000,2998.2000,2997.8000,2997.6000,2997.4000,2998.6000,2998.8000,2999.0000,2999.2000,2999.4000,4,1,8,3,1,9,5,4,3,3
SF,IH2001,2019-12-24 09:33:43.100,2998.6000,27865,-1,874324020.000,1,0,1,双平,S,2998.4000,2998.2000,2997.8000,2997.6000,2997.4000,2998.6000,2998.8000,2999.0000,2999.2000,2999.4000,4,1,8,3,1,8,5,4,3,3
SF,IH2001,2019-12-24 09:33:44.100,2998.6000,27865,0,878821800.000,5,2,3,多换,S,2998.4000,2998.2000,2997.8000,2997.6000,2997.4000,2998.6000,2998.8000,2999.0000,2999.2000,2999.4000,2,1,8,3,1,5,5,4,3,3
SF,IH2001,2019-12-24 09:33:44.600,2998.6000,27865,0,880620900.000,2,1,1,多换,S,2998.4000,2998.2000,2997.8000,2997.6000,2997.4000,2998.6000,2998.8000,2999.0000,2999.2000,2999.4000,1,1,8,3,1,5,5,4,3,3
SF,IH2001,2019-12-24 09:33:45.600,2998.6000,27865,0,880620900.000,0,-,-,-,-,2998.4000,2998.2000,2997.8000,2997.6000,2997.4000,2998.6000,2998.8000,2999.0000,2999.2000,2999.4000,1,1,8,3,1,6,5,4,3,3
SF,IH2001,2019-12-24 09:33:46.100,2998.4000,27865,0,881520420.000,1,0,1,多换,S,2998.2000,2997.8000,2997.6000,2997.4000,2997.2000,2998.4000,2998.6000,2998.8000,2999.0000,2999.2000,1,8,3,1,2,1,6,5,4,3
SF,IH2001,2019-12-24 09:33:46.600,2998.4000,27865,0,881520420.000,0,-,-,-,-,2998.2000,2997.8000,2997.6000,2997.4000,2997.2000,2998.4000,2998.6000,2998.8000,2999.0000,2999.2000,1,5,3,1,2,1,7,5,4,3
SF,IH2001,2019-12-24 09:33:47.100,2998.4000,27865,0,881520420.000,0,-,-,-,-,2998.2000,2997.8000,2997.6000,2997.4000,2997.2000,2998.6000,2998.8000,2999.0000,2999.2000,2999.4000,2,5,3,1,2,8,5,3,3,3
SF,IH2001,2019-12-24 09:33:47.600,2998.2000,27865,0,882419880.000,1,0,1,多换,S,2998.2000,2998.0000,2997.8000,2997.6000,2997.4000,2998.6000,2998.8000,2999.0000,2999.2000,2999.4000,1,1,5,3,1,9,5,3,3,3
SF,IH2001,2019-12-24 09:33:48.100,2998.2000,27865,0,882419880.000,0,-,-,-,-,2998.2000,2998.0000,2997.8000,2997.6000,2997.4000,2998.6000,2998.8000,2999.0000,2999.2000,2999.4000,2,1,5,3,1,9,5,3,3,3
SF,IH2001,2019-12-24 09:33:48.600,2998.6000,27863,-2,885118620.000,3,0,3,多平,S,2998.2000,2998.0000,2997.8000,2997.6000,2997.4000,2998.6000,2998.8000,2999.0000,2999.2000,2999.4000,2,1,5,3,1,6,5,3,3,3
SF,IH2001,2019-12-24 09:33:49.100,2998.6000,27863,0,885118620.000,0,-,-,-,-,2998.4000,2998.2000,2998.0000,2997.8000,2997.6000,2998.6000,2998.8000,2999.0000,2999.2000,2999.4000,3,2,1,5,3,6,5,3,3,3
SF,IH2001,2019-12-24 09:33:49.600,2998.6000,27857,-6,891415680.000,7,0,7,多平,S,2998.6000,2998.4000,2998.2000,2998.0000,2997.8000,2998.8000,2999.0000,2999.2000,2999.4000,2999.8000,3,3,2,1,5,5,2,3,3,2
SF,IH2001,2019-12-24 09:33:50.100,2998.8000,27854,-3,895913880.000,5,1,4,多平,S,2998.8000,2998.6000,2998.4000,2998.2000,2998.0000,2999.0000,2999.2000,2999.4000,2999.8000,3000.0000,6,24,3,2,1,2,3,2,2,1
SF,IH2001,2019-12-24 09:33:50.600,2998.8000,27853,-1,899512680.000,4,1,3,多平,S,2998.8000,2998.6000,2998.4000,2998.2000,2998.0000,2999.0000,2999.2000,2999.4000,2999.8000,3000.0000,6,24,3,2,1,7,2,2,2,1
SF,IH2001,2019-12-24 09:33:51.100,2999.0000,27851,-2,901312080.000,2,0,2,双平,S,2998.8000,2998.6000,2998.4000,2998.2000,2998.0000,2999.0000,2999.2000,2999.4000,2999.8000,3000.0000,6,24,3,2,1,6,2,2,2,1
SF,IH2001,2019-12-24 09:33:51.600,2999.0000,27850,-1,902211780.000,1,0,1,双平,S,2998.8000,2998.6000,2998.4000,2998.2000,2998.0000,2999.0000,2999.2000,2999.4000,2999.8000,3000.0000,6,24,3,2,2,6,2,2,2,1
SF,IH2001,2019-12-24 09:33:52.100,2999.0000,27850,0,902211780.000,0,-,-,-,-,2998.8000,2998.6000,2998.4000,2998.2000,2998.0000,2999.0000,2999.2000,2999.4000,2999.8000,3000.0000,6,24,3,2,2,6,2,2,2,1
SF,IH2001,2019-12-24 09:33:52.600,2999.0000,27849,-1,903111480.000,1,0,1,双平,S,2998.8000,2998.6000,2998.4000,2998.2000,2998.0000,2999.0000,2999.2000,2999.4000,2999.8000,3000.0000,6,24,3,2,2,5,2,2,2,1
SF,IH2001,2019-12-24 09:33:53.100,2999.0000,27848,-1,904910820.000,2,0,2,多平,S,2998.8000,2998.6000,2998.4000,2998.2000,2998.0000,2999.0000,2999.2000,2999.4000,2999.8000,3000.0000,5,23,3,2,2,6,2,2,2,1
SF,IH2001,2019-12-24 09:33:53.600,2999.0000,27845,-3,907609920.000,3,0,3,双平,S,2998.8000,2998.6000,2998.4000,2998.2000,2998.0000,2999.0000,2999.2000,2999.4000,2999.8000,3000.0000,5,23,3,2,2,1,2,2,2,1
SF,IH2001,2019-12-24 09:33:54.100,2999.0000,27844,-1,908509620.000,1,0,1,双平,S,2998.8000,2998.6000,2998.4000,2998.2000,2998.0000,2999.0000,2999.2000,2999.4000,2999.8000,3000.0000,5,23,3,3,2,1,2,2,2,1
SF,IH2001,2019-12-24 09:33:54.600,2999.0000,27843,-1,909409320.000,1,0,1,双平,S,2998.8000,2998.6000,2998.4000,2998.2000,2998.0000,2999.2000,2999.4000,2999.8000,3000.0000,3000.2000,5,23,3,3,2,2,2,2,1,1
SF,IH2001,2019-12-24 09:33:55.100,2999.0000,27843,0,909409320.000,0,-,-,-,-,2998.8000,2998.6000,2998.4000,2998.2000,2998.0000,2999.2000,2999.4000,2999.8000,3000.0000,3000.2000,6,23,3,3,2,2,2,2,1,1
SF,IH2001,2019-12-24 09:33:55.600,2998.8000,27843,0,910308960.000,1,0,1,多换,S,2998.8000,2998.6000,2998.4000,2998.2000,2998.0000,2999.2000,2999.4000,2999.8000,3000.0000,3000.2000,5,23,3,3,2,9,2,2,1,1
SF,IH2001,2019-12-24 09:33:56.100,2999.2000,27843,0,911208720.000,1,0,1,多换,S,2998.8000,2998.6000,2998.4000,2998.2000,2998.0000,2999.2000,2999.4000,2999.8000,3000.0000,3000.2000,4,23,3,3,2,8,2,2,1,1
SF,IH2001,2019-12-24 09:33:56.600,2999.2000,27843,0,912108480.000,1,0,1,多换,S,2998.8000,2998.6000,2998.4000,2998.2000,2998.0000,2999.2000,2999.4000,2999.8000,3000.0000,3000.2000,8,23,3,3,2,7,2,2,1,1
SF,IH2001,2019-12-24 09:33:57.100,2999.2000,27843,0,912108480.000,0,-,-,-,-,2999.0000,2998.8000,2998.6000,2998.4000,2998.2000,2999.2000,2999.4000,2999.8000,3000.0000,3000.2000,2,8,23,3,3,7,2,2,1,1
SF,IH2001,2019-12-24 09:33:57.600,2999.0000,27840,-3,914807580.000,3,0,3,双平,S,2998.8000,2998.6000,2998.4000,2998.2000,2998.0000,2999.0000,2999.2000,2999.4000,2999.8000,3000.0000,6,23,3,3,2,1,8,2,2,1
SF,IH2001,2019-12-24 09:33:58.100,2999.0000,27840,0,915707280.000,1,0,1,多换,S,2998.8000,2998.6000,2998.2000,2998.0000,2997.8000,2999.2000,2999.4000,2999.8000,3000.0000,3000.2000,7,23,3,2,5,8,2,2,1,1
SF,IH2001,2019-12-24 09:33:58.600,2998.8000,27839,-1,917506560.000,2,0,2,多平,S,2998.8000,2998.6000,2998.2000,2998.0000,2997.8000,2999.2000,2999.4000,2999.8000,3000.0000,3000.2000,2,23,4,2,5,8,2,2,1,1
SF,IH2001,2019-12-24 09:33:59.100,2998.8000,27837,-2,919305900.000,2,0,2,双平,S,2999.0000,2998.6000,2998.2000,2998.0000,2997.8000,2999.2000,2999.4000,2999.8000,3000.0000,3000.2000,1,23,4,2,5,9,2,1,1,1
SF,IH2001,2019-12-24 09:33:59.600,2999.0000,27836,-1,920205600.000,1,0,1,双平,S,2998.6000,2998.2000,2998.0000,2997.8000,2997.6000,2998.8000,2999.0000,2999.2000,2999.4000,2999.8000,23,4,2,5,2,1,15,9,2,1
SF,IH2001,2019-12-24 09:34:00.100,2998.6000,27833,-3,922904580.000,3,0,3,双平,S,2998.6000,2998.2000,2998.0000,2997.8000,2997.6000,2998.8000,2999.0000,2999.2000,2999.4000,2999.8000,21,4,2,5,2,1,6,9,2,1
SF,IH2001,2019-12-24 09:34:00.600,2999.0000,27827,-6,929202240.000,7,0,7,多平,S,2998.6000,2998.2000,2998.0000,2997.8000,2997.6000,2999.0000,2999.2000,2999.4000,2999.8000,3000.0000,20,4,2,5,2,1,9,2,1,1
SF,IH2001,2019-12-24 09:34:01.100,2998.6000,27827,0,933700140.000,5,2,3,多换,S,2998.6000,2998.2000,2998.0000,2997.8000,2997.6000,2999.0000,2999.2000,2999.4000,2999.8000,3000.0000,15,4,2,5,2,6,9,2,1,2
SF,IH2001,2019-12-24 09:34:01.600,2998.2000,27826,-1,948992880.000,17,8,9,多平,S,2998.2000,2998.0000,2997.8000,2997.6000,2997.4000,2998.6000,2998.8000,2999.0000,2999.2000,2999.4000,2,2,5,2,1,16,6,8,7,2
SF,IH2001,2019-12-24 09:34:02.100,2998.2000,27824,-2,950791800.000,2,0,2,双平,S,2998.0000,2997.8000,2997.6000,2997.4000,2997.2000,2998.2000,2998.4000,2998.6000,2998.8000,2999.0000,4,5,2,1,3,4,1,6,6,7
SF,IH2001,2019-12-24 09:34:02.600,2998.0000,27823,-1,951691200.000,1,0,1,双平,S,2998.0000,2997.8000,2997.6000,2997.4000,2997.2000,2998.2000,2998.4000,2998.6000,2998.8000,2999.0000,3,2,2,1,3,2,1,6,6,7
SF,IH2001,2019-12-24 09:34:03.100,2998.0000,27822,-1,952590600.000,1,0,1,双平,S,2998.0000,2997.8000,2997.6000,2997.4000,2997.2000,2998.2000,2998.4000,2998.6000,2998.8000,2999.0000,2,2,2,1,3,2,1,6,1,7
SF,IH2001,2019-12-24 09:34:03.600,2998.0000,27821,-1,955288860.000,3,1,2,多平,S,2998.0000,2997.8000,2997.6000,2997.4000,2997.2000,2998.2000,2998.4000,2998.6000,2998.8000,2999.0000,5,2,2,1,3,1,1,6,1,7
SF,IH2001,2019-12-24 09:34:04.100,2998.2000,27820,-1,957087780.000,2,0,2,多平,S,2998.0000,2997.8000,2997.6000,2997.4000,2997.2000,2998.4000,2998.6000,2998.8000,2999.0000,2999.2000,5,2,3,1,3,1,6,1,7,7
SF,IH2001,2019-12-24 09:34:04.600,2998.2000,27819,-1,957987240.000,1,0,1,双平,S,2998.0000,2997.8000,2997.6000,2997.4000,2997.2000,2998.2000,2998.4000,2998.6000,2999.0000,2999.2000,4,2,3,1,3,2,5,6,4,7
SF,IH2001,2019-12-24 09:34:05.100,2998.0000,27819,0,961584840.000,4,2,2,多换,S,2997.8000,2997.6000,2997.4000,2997.2000,2997.0000,2998.0000,2998.2000,2998.4000,2998.6000,2999.0000,2,3,1,3,1,6,2,5,6,4
SF,IH2001,2019-12-24 09:34:05.600,2997.8000,27817,-2,963383520.000,2,0,2,双平,S,2997.6000,2997.4000,2997.2000,2997.0000,2996.8000,2997.8000,2998.0000,2998.2000,2998.4000,2998.6000,3,1,2,1,2,2,4,2,5,6
SF,IH2001,2019-12-24 09:34:06.100,2998.0000,27816,-1,964282920.000,1,0,1,双平,S,2997.6000,2997.4000,2997.2000,2997.0000,2996.8000,2998.0000,2998.2000,2998.4000,2998.6000,2999.0000,3,1,2,1,2,4,2,4,6,4
SF,IH2001,2019-12-24 09:34:06.600,2997.6000,27815,-1,966081480.000,2,0,2,多平,S,2997.6000,2997.4000,2997.2000,2997.0000,2996.8000,2998.0000,2998.2000,2998.4000,2998.6000,2999.0000,1,1,2,1,2,5,2,3,6,4
SF,IH2001,2019-12-24 09:34:07.100,2997.6000,27815,0,966980760.000,1,0,1,多换,S,2997.4000,2997.2000,2997.0000,2996.8000,2996.6000,2998.0000,2998.2000,2998.4000,2998.6000,2999.0000,1,2,1,2,1,6,2,3,6,3
SF,IH2001,2019-12-24 09:34:07.600,2998.0000,27814,-1,967880160.000,1,0,1,双平,S,2997.4000,2997.2000,2997.0000,2996.8000,2996.6000,2997.6000,2998.0000,2998.2000,2998.4000,2998.6000,1,2,2,2,1,1,5,2,3,6
SF,IH2001,2019-12-24 09:34:08.100,2997.2000,27815,1,970577820.000,3,2,1,空开,S,2997.2000,2997.0000,2996.8000,2996.6000,2995.8000,2997.8000,2998.0000,2998.2000,2998.4000,2998.6000,1,2,2,1,1,3,6,2,3,6
SF,IH2001,2019-12-24 09:34:08.600,2997.2000,27815,0,970577820.000,0,-,-,-,-,2997.4000,2997.2000,2997.0000,2996.8000,2996.6000,2997.8000,2998.0000,2998.2000,2998.4000,2998.6000,1,1,2,2,1,3,6,2,3,6
SF,IH2001,2019-12-24 09:34:09.100,2997.2000,27815,0,970577820.000,0,-,-,-,-,2997.4000,2997.2000,2997.0000,2996.8000,2996.6000,2997.8000,2998.0000,2998.2000,2998.4000,2998.6000,1,1,2,2,1,3,6,2,3,6
SF,IH2001,2019-12-24 09:34:09.600,2997.2000,27815,0,970577820.000,0,-,-,-,-,2997.4000,2997.2000,2997.0000,2996.8000,2996.6000,2997.8000,2998.0000,2998.2000,2998.4000,2998.6000,1,2,2,2,1,3,6,2,3,6
SF,IH2001,2019-12-24 09:34:10.100,2997.2000,27815,0,971476980.000,1,0,1,多换,S,2997.2000,2997.0000,2996.8000,2996.6000,2995.8000,2997.8000,2998.0000,2998.2000,2998.4000,2998.6000,2,2,2,1,1,3,6,2,3,6
SF,IH2001,2019-12-24 09:34:10.600,2997.2000,27815,0,971476980.000,0,-,-,-,-,2997.4000,2997.2000,2997.0000,2996.8000,2996.6000,2997.8000,2998.0000,2998.2000,2998.4000,2998.6000,1,2,2,2,1,4,5,2,3,6
SF,IH2001,2019-12-24 09:34:11.600,2997.2000,27815,0,971476980.000,0,-,-,-,-,2997.4000,2997.2000,2997.0000,2996.8000,2996.6000,2997.8000,2998.0000,2998.2000,2998.4000,2998.6000,1,2,2,2,1,5,5,2,2,6
SF,IH2001,2019-12-24 09:34:12.100,2997.2000,27815,0,971476980.000,0,-,-,-,-,2997.4000,2997.2000,2997.0000,2996.8000,2996.6000,2997.8000,2998.0000,2998.2000,2998.4000,2998.6000,1,2,2,2,1,5,5,2,3,6
SF,IH2001,2019-12-24 09:34:12.600,2997.2000,27815,0,972376140.000,1,0,1,多换,S,2997.2000,2997.0000,2996.8000,2996.6000,2995.8000,2997.6000,2997.8000,2998.0000,2998.2000,2998.4000,2,2,2,1,1,1,4,5,2,3
SF,IH2001,2019-12-24 09:34:13.100,2997.2000,27815,0,972376140.000,0,-,-,-,-,2997.4000,2997.2000,2997.0000,2996.8000,2996.6000,2997.6000,2997.8000,2998.0000,2998.2000,2998.4000,1,2,2,2,1,1,5,5,2,3
SF,IH2001,2019-12-24 09:34:13.600,2997.2000,27815,0,972376140.000,0,-,-,-,-,2997.4000,2997.2000,2997.0000,2996.8000,2996.6000,2997.6000,2997.8000,2998.0000,2998.2000,2998.4000,2,2,2,2,1,2,5,5,2,3
SF,IH2001,2019-12-24 09:34:14.100,2997.2000,27815,0,972376140.000,0,-,-,-,-,2997.4000,2997.2000,2997.0000,2996.8000,2996.6000,2997.6000,2997.8000,2998.0000,2998.2000,2998.4000,2,3,2,2,1,2,5,5,2,3
SF,IH2001,2019-12-24 09:34:14.600,2997.6000,27813,-2,974174700.000,2,0,2,双平,S,2997.6000,2997.4000,2997.2000,2997.0000,2996.8000,2997.8000,2998.0000,2998.2000,2998.4000,2998.6000,1,2,3,2,2,5,5,2,3,6
SF,IH2001,2019-12-24 09:34:15.100,2997.6000,27812,-1,975073980.000,1,0,1,双平,S,2997.6000,2997.4000,2997.2000,2997.0000,2996.8000,2997.8000,2998.0000,2998.2000,2998.4000,2998.6000,1,2,3,2,2,5,5,2,3,6
SF,IH2001,2019-12-24 09:34:15.600,2997.6000,27812,0,975973260.000,1,0,1,多换,S,2997.4000,2997.2000,2997.0000,2996.8000,2996.6000,2997.8000,2998.0000,2998.2000,2998.4000,2998.6000,2,2,2,2,1,5,5,2,3,6
SF,IH2001,2019-12-24 09:34:16.100,2997.6000,27812,0,975973260.000,0,-,-,-,-,2997.6000,2997.4000,2997.2000,2997.0000,2996.8000,2997.8000,2998.0000,2998.2000,2998.4000,2998.6000,1,2,2,3,2,5,5,2,3,6
SF,IH2001,2019-12-24 09:34:16.600,2997.6000,27812,0,975973260.000,0,-,-,-,-,2997.6000,2997.4000,2997.2000,2997.0000,2996.8000,2997.8000,2998.0000,2998.2000,2998.4000,2998.6000,1,2,2,3,2,5,5,2,3,6
SF,IH2001,2019-12-24 09:34:17.100,2997.6000,27812,0,975973260.000,0,-,-,-,-,2997.6000,2997.4000,2997.2000,2997.0000,2996.8000,2997.8000,2998.0000,2998.2000,2998.4000,2998.6000,1,2,2,3,2,5,5,2,3,6
SF,IH2001,2019-12-24 09:34:18.600,2997.6000,27812,0,976872540.000,1,0,1,多换,S,2997.4000,2997.2000,2997.0000,2996.8000,2996.6000,2997.8000,2998.0000,2998.2000,2998.4000,2998.6000,2,2,3,2,1,5,5,2,3,6
SF,IH2001,2019-12-24 09:34:19.600,2997.4000,27811,-1,977771760.000,1,0,1,双平,S,2997.4000,2997.2000,2997.0000,2996.8000,2996.6000,2997.6000,2997.8000,2998.0000,2998.2000,2998.4000,1,2,3,2,1,6,5,5,2,3
SF,IH2001,2019-12-24 09:34:20.100,2997.4000,27810,-1,978670980.000,1,0,1,双平,S,2997.2000,2997.0000,2996.8000,2996.6000,2995.8000,2997.4000,2997.6000,2997.8000,2998.0000,2998.2000,2,3,2,1,1,1,6,5,5,2
SF,IH2001,2019-12-24 09:34:20.600,2997.6000,27807,-3,981368760.000,3,0,3,双平,S,2997.4000,2997.2000,2997.0000,2996.8000,2996.6000,2997.6000,2997.8000,2998.0000,2998.2000,2998.4000,3,2,3,2,1,5,4,5,2,3
SF,IH2001,2019-12-24 09:34:21.100,2997.6000,27807,0,981368760.000,0,-,-,-,-,2997.2000,2997.0000,2996.8000,2996.6000,2995.8000,2997.6000,2997.8000,2998.0000,2998.2000,2998.4000,2,3,2,1,1,6,4,5,2,3
SF,IH2001,2019-12-24 09:34:21.600,2997.2000,27807,0,982267920.000,1,0,1,多换,S,2997.2000,2997.0000,2996.8000,2996.6000,2995.8000,2997.6000,2997.8000,2998.0000,2998.2000,2998.4000,6,3,2,1,1,6,4,5,2,3
SF,IH2001,2019-12-24 09:34:22.600,2997.2000,27807,0,983167080.000,1,0,1,多换,S,2997.2000,2997.0000,2996.8000,2996.6000,2995.8000,2997.6000,2997.8000,2998.0000,2998.2000,2998.4000,6,3,2,1,1,6,4,4,2,3
SF,IH2001,2019-12-24 09:34:23.100,2997.2000,27807,0,983167080.000,0,-,-,-,-,2997.2000,2997.0000,2996.8000,2996.6000,2995.8000,2997.6000,2997.8000,2998.0000,2998.2000,2998.4000,7,3,2,1,1,6,6,4,2,3
SF,IH2001,2019-12-24 09:34:24.600,2997.2000,27808,1,984066240.000,1,1,0,双开,S,2997.2000,2997.0000,2996.8000,2996.6000,2995.8000,2997.6000,2997.8000,2998.0000,2998.2000,2998.4000,6,3,2,1,1,6,6,4,2,3
SF,IH2001,2019-12-24 09:34:25.100,2997.2000,27808,0,984066240.000,0,-,-,-,-,2997.2000,2997.0000,2996.8000,2996.6000,2995.8000,2997.4000,2997.6000,2997.8000,2998.0000,2998.2000,6,3,2,1,1,1,6,6,4,1
SF,IH2001,2019-12-24 09:34:26.100,2997.2000,27808,0,984965400.000,1,0,1,多换,S,2997.2000,2997.0000,2996.8000,2996.6000,2995.8000,2997.4000,2997.6000,2997.8000,2998.0000,2998.2000,5,3,2,1,1,2,6,6,4,1
