市场代码,合约代码,时间,最新,持仓,增仓,成交额,成交量,开仓,平仓,成交类型,方向,买一价,买二价,买三价,买四价,买五价,卖一价,卖二价,卖三价,卖四价,卖五价,买一量,买二量,买三量,买四量,买五量,卖一量,卖二量,卖三量,卖四量,卖五量
SF,IH2009,2020-07-02 09:29:00.400,2948.0000,19111,0,12381600.000,14.000,-,-,-,-,2947.2000,2944.4000,2944.2000,2941.8000,2941.6000,2949.8000,2952.0000,2954.6000,2955.0000,2955.4000,1,5,5,5,5,1,5,1,2,2
SF,IH2009,2020-07-02 09:30:00.400,2950.0000,19109,-2,16804860.000,5,1,4,多平,S,2950.0000,2948.0000,2947.0000,2945.0000,2944.4000,2952.0000,2954.6000,2955.0000,2956.0000,2958.8000,2,5,1,1,5,4,1,1,1,1
SF,IH2009,2020-07-02 09:30:00.900,2951.2000,19107,-2,19460760.000,3,0,3,多平,S,2950.0000,2948.0000,2947.0000,2945.0000,2944.4000,2951.2000,2951.8000,2952.0000,2954.6000,2955.0000,2,5,1,1,5,2,10,4,1,1
SF,IH2009,2020-07-02 09:30:01.400,2951.2000,19107,0,19460760.000,0,-,-,-,-,2950.0000,2948.0000,2947.0000,2945.0000,2944.4000,2951.0000,2951.2000,2951.8000,2952.0000,2954.6000,2,5,1,1,5,2,7,3,2,1
SF,IH2009,2020-07-02 09:30:01.900,2950.0000,19105,-2,21230760.000,2,0,2,双平,S,2948.0000,2947.0000,2945.0000,2944.4000,2944.2000,2949.8000,2950.4000,2951.2000,2951.8000,2954.6000,5,1,1,5,5,2,1,4,1,1
SF,IH2009,2020-07-02 09:30:02.400,2950.0000,19105,0,21230760.000,0,-,-,-,-,2949.4000,2948.4000,2948.2000,2948.0000,2947.8000,2949.8000,2950.0000,2950.4000,2951.8000,2955.0000,1,1,3,5,2,4,1,1,1,1
SF,IH2009,2020-07-02 09:30:02.900,2948.4000,19104,-1,23000280.000,2,0,2,多平,S,2948.2000,2948.0000,2947.8000,2947.0000,2945.0000,2949.4000,2949.8000,2950.0000,2950.4000,2951.8000,3,5,2,1,1,2,4,1,1,1
SF,IH2009,2020-07-02 09:30:03.400,2948.4000,19104,0,23000280.000,0,-,-,-,-,2948.2000,2948.0000,2947.0000,2945.0000,2944.4000,2949.2000,2949.4000,2949.8000,2950.0000,2951.8000,1,6,1,1,5,1,2,4,1,1
SF,IH2009,2020-07-02 09:30:03.900,2949.0000,19103,-1,25653900.000,3,1,2,多平,S,2948.0000,2947.0000,2945.0000,2944.4000,2944.2000,2948.2000,2949.0000,2949.2000,2949.6000,2950.0000,6,1,1,5,5,1,1,4,1,1
SF,IH2009,2020-07-02 09:30:04.400,2948.2000,19101,-2,31845420.000,7,2,5,多平,S,2948.0000,2947.0000,2945.0000,2944.4000,2944.2000,2948.2000,2949.6000,2950.0000,2952.0000,2954.0000,6,1,1,5,5,1,1,1,1,1
SF,IH2009,2020-07-02 09:30:04.900,2948.2000,19101,0,32729880.000,1,0,1,多换,S,2948.2000,2948.0000,2947.0000,2945.0000,2944.4000,2949.6000,2950.0000,2952.0000,2954.0000,2955.0000,1,8,1,1,5,1,1,1,1,1
SF,IH2009,2020-07-02 09:30:05.400,2948.2000,19101,0,32729880.000,0,-,-,-,-,2948.2000,2948.0000,2947.0000,2945.0000,2944.4000,2949.6000,2950.0000,2952.0000,2954.0000,2955.0000,2,8,1,1,5,1,1,1,1,1
SF,IH2009,2020-07-02 09:30:05.900,2949.4000,19095,-6,38922900.000,7,0,7,多平,S,2948.0000,2947.0000,2945.0000,2944.4000,2941.2000,2948.2000,2949.6000,2950.0000,2952.0000,2954.0000,8,1,1,5,5,2,1,1,1,1
SF,IH2009,2020-07-02 09:30:06.400,2948.0000,19093,-2,41576220.000,3,0,3,多平,S,2948.0000,2947.0000,2945.0000,2944.4000,2941.2000,2948.2000,2949.0000,2949.4000,2949.6000,2950.0000,6,1,2,5,5,2,1,2,1,1
SF,IH2009,2020-07-02 09:30:06.900,2948.2000,19089,-4,45998280.000,5,0,5,多平,S,2948.0000,2947.0000,2945.0000,2944.4000,2941.2000,2948.2000,2949.0000,2949.6000,2950.0000,2952.0000,2,1,2,5,5,1,1,1,1,1
SF,IH2009,2020-07-02 09:30:07.400,2948.0000,19087,-2,50420340.000,5,1,4,多平,S,2947.0000,2945.0000,2944.4000,2941.2000,2940.2000,2948.0000,2949.0000,2949.6000,2950.0000,2952.0000,1,2,5,5,1,10,1,1,1,1
SF,IH2009,2020-07-02 09:30:07.900,2948.0000,19085,-2,53073240.000,3,0,3,多平,S,2945.0000,2944.4000,2941.2000,2940.2000,2940.0000,2948.0000,2949.0000,2949.6000,2950.0000,2952.0000,2,5,5,1,1,10,1,1,1,1
SF,IH2009,2020-07-02 09:30:08.400,2948.0000,19085,0,53957640.000,1,0,1,多换,S,2946.8000,2945.6000,2945.2000,2945.0000,2944.4000,2948.0000,2948.2000,2949.0000,2949.6000,2950.0000,1,1,2,2,5,10,1,1,1,1
SF,IH2009,2020-07-02 09:30:08.900,2948.0000,19085,0,53957640.000,0,-,-,-,-,2945.6000,2945.2000,2945.0000,2944.4000,2941.2000,2946.8000,2948.0000,2948.2000,2949.0000,2949.6000,1,2,2,5,5,1,10,3,1,1
SF,IH2009,2020-07-02 09:30:09.400,2946.8000,19084,-1,54841680.000,1,0,1,双平,S,2947.2000,2946.4000,2945.8000,2945.6000,2945.2000,2948.0000,2948.2000,2949.0000,2949.6000,2950.0000,1,1,1,1,1,10,3,1,1,1
SF,IH2009,2020-07-02 09:30:09.900,2948.0000,19081,-3,59263680.000,5,1,4,多平,S,2946.4000,2945.8000,2945.6000,2945.0000,2944.4000,2948.0000,2948.2000,2949.0000,2950.0000,2952.0000,1,1,1,2,5,5,3,1,1,1
SF,IH2009,2020-07-02 09:30:10.400,2948.2000,19073,-8,66339060.000,8,0,8,双平,S,2947.8000,2946.6000,2946.4000,2945.8000,2945.6000,2948.0000,2949.0000,2950.0000,2952.0000,2954.0000,1,4,1,1,1,1,1,1,1,1
SF,IH2009,2020-07-02 09:30:10.900,2948.0000,19073,0,67223460.000,1,0,1,多换,S,2948.0000,2947.8000,2946.6000,2946.4000,2945.8000,2949.0000,2950.0000,2952.0000,2954.0000,2955.0000,1,1,3,1,1,1,1,1,1,1
SF,IH2009,2020-07-02 09:30:11.400,2949.0000,19072,-1,68108160.000,1,0,1,双平,S,2948.0000,2946.6000,2946.4000,2945.8000,2945.6000,2949.0000,2950.0000,2952.0000,2954.0000,2955.0000,2,3,1,1,1,1,1,1,1,1
SF,IH2009,2020-07-02 09:30:11.900,2949.0000,19072,0,68992860.000,1,0,1,多换,S,2948.0000,2946.6000,2946.4000,2945.8000,2945.6000,2950.0000,2952.0000,2954.0000,2955.0000,2956.0000,2,3,1,1,1,1,1,1,1,1
SF,IH2009,2020-07-02 09:30:12.400,2950.0000,19069,-3,71647800.000,3,0,3,双平,S,2950.4000,2948.2000,2948.0000,2946.6000,2946.4000,2952.0000,2954.0000,2955.0000,2956.0000,2956.4000,2,3,2,3,1,1,1,1,1,5
SF,IH2009,2020-07-02 09:30:12.900,2949.0000,19067,-2,74302620.000,3,0,3,多平,S,2948.2000,2948.0000,2946.6000,2946.4000,2945.6000,2950.4000,2950.8000,2951.0000,2951.2000,2951.6000,1,1,3,1,1,2,1,2,3,8
SF,IH2009,2020-07-02 09:30:13.400,2950.4000,19067,0,75187740.000,1,0,1,多换,S,2948.4000,2948.2000,2948.0000,2946.6000,2946.4000,2950.4000,2951.8000,2952.0000,2952.2000,2954.0000,1,1,1,3,1,1,3,2,1,1
SF,IH2009,2020-07-02 09:30:13.900,2948.6000,19066,-1,76072320.000,1,0,1,双平,S,2948.6000,2948.4000,2948.0000,2946.6000,2946.4000,2950.4000,2951.0000,2951.8000,2952.0000,2952.2000,2,2,1,3,1,1,1,3,2,1
SF,IH2009,2020-07-02 09:30:14.400,2950.4000,19065,-1,77842020.000,2,0,2,多平,S,2948.6000,2948.4000,2948.0000,2946.6000,2946.4000,2951.0000,2951.8000,2952.0000,2952.2000,2954.0000,2,1,1,3,1,1,3,2,1,1
SF,IH2009,2020-07-02 09:30:14.900,2948.8000,19064,-1,78726660.000,1,0,1,双平,S,2948.6000,2948.4000,2948.0000,2946.4000,2945.0000,2950.8000,2951.0000,2951.8000,2952.0000,2952.2000,1,1,2,1,4,1,1,3,2,1
SF,IH2009,2020-07-02 09:30:15.400,2950.8000,19064,0,79611900.000,1,0,1,多换,S,2948.8000,2948.6000,2948.4000,2948.0000,2946.4000,2950.8000,2951.0000,2951.8000,2952.0000,2952.2000,1,1,1,2,1,1,1,3,2,1
SF,IH2009,2020-07-02 09:30:15.900,2950.8000,19064,0,79611900.000,0,-,-,-,-,2949.0000,2948.8000,2948.4000,2948.0000,2946.4000,2950.8000,2951.0000,2951.8000,2952.0000,2952.2000,2,1,1,2,1,1,1,3,2,1
SF,IH2009,2020-07-02 09:30:16.400,2949.2000,19063,-1,80496660.000,1,0,1,双平,S,2949.2000,2949.0000,2948.4000,2948.0000,2946.4000,2950.4000,2950.8000,2951.0000,2951.8000,2952.0000,1,3,1,2,1,1,1,1,3,2
SF,IH2009,2020-07-02 09:30:16.900,2949.0000,19060,-3,84035940.000,4,0,4,多平,S,2948.0000,2946.4000,2945.0000,2941.2000,2940.2000,2950.8000,2951.0000,2951.8000,2952.0000,2952.2000,2,1,4,5,1,1,1,3,2,1
SF,IH2009,2020-07-02 09:30:17.400,2948.2000,19060,0,84920400.000,1,0,1,多换,S,2949.6000,2948.0000,2946.4000,2945.0000,2941.2000,2950.6000,2950.8000,2951.0000,2951.8000,2952.0000,1,2,1,4,5,2,1,1,3,2
SF,IH2009,2020-07-02 09:30:17.900,2949.6000,19059,-1,85805280.000,1,0,1,双平,S,2948.0000,2946.4000,2945.0000,2941.2000,2940.2000,2949.6000,2950.4000,2950.6000,2950.8000,2951.0000,2,1,4,5,1,2,3,1,1,1
SF,IH2009,2020-07-02 09:30:18.400,2949.6000,19056,-3,88459680.000,3,0,3,双平,S,2948.2000,2948.0000,2947.8000,2945.0000,2941.2000,2949.2000,2950.4000,2950.8000,2951.0000,2952.0000,2,3,2,4,5,1,1,1,1,2
SF,IH2009,2020-07-02 09:30:18.900,2949.2000,19056,0,89344440.000,1,0,1,多换,S,2948.4000,2948.2000,2948.0000,2945.0000,2941.2000,2950.2000,2950.8000,2951.0000,2952.0000,2952.2000,1,6,2,4,5,1,1,1,2,1
SF,IH2009,2020-07-02 09:30:19.400,2949.2000,19056,0,89344440.000,0,-,-,-,-,2948.6000,2948.4000,2948.0000,2945.0000,2941.2000,2950.0000,2950.8000,2951.0000,2952.0000,2952.2000,2,4,2,4,5,4,1,1,2,1
SF,IH2009,2020-07-02 09:30:19.900,2949.2000,19056,0,89344440.000,0,-,-,-,-,2948.6000,2948.4000,2948.0000,2945.0000,2941.2000,2949.6000,2950.0000,2951.0000,2952.0000,2952.2000,5,1,2,4,5,1,3,1,1,1
SF,IH2009,2020-07-02 09:30:20.400,2951.0000,19055,-1,92884500.000,4,1,3,多平,S,2948.8000,2948.6000,2948.4000,2948.0000,2945.0000,2952.0000,2952.2000,2954.0000,2955.0000,2956.0000,3,5,1,2,4,1,1,1,1,1
SF,IH2009,2020-07-02 09:30:20.900,2951.0000,19055,0,92884500.000,0,-,-,-,-,2949.6000,2948.8000,2948.4000,2948.0000,2945.0000,2951.8000,2952.0000,2952.2000,2954.0000,2955.0000,1,7,1,2,4,1,1,1,1,1
SF,IH2009,2020-07-02 09:30:21.400,2951.0000,19055,0,92884500.000,0,-,-,-,-,2949.6000,2948.8000,2948.0000,2945.0000,2941.2000,2951.2000,2951.6000,2951.8000,2952.0000,2952.2000,4,4,2,4,5,1,1,2,2,1
SF,IH2009,2020-07-02 09:30:21.900,2951.0000,19055,0,92884500.000,0,-,-,-,-,2949.6000,2948.0000,2945.0000,2941.2000,2940.2000,2951.0000,2951.2000,2951.6000,2951.8000,2952.0000,4,2,4,5,1,3,1,1,2,2
SF,IH2009,2020-07-02 09:30:22.400,2949.6000,19054,-1,94654260.000,2,0,2,多平,S,2949.6000,2948.0000,2945.0000,2944.0000,2941.2000,2950.8000,2951.0000,2951.2000,2951.6000,2951.8000,2,2,4,1,5,1,3,1,1,2
SF,IH2009,2020-07-02 09:30:22.900,2949.6000,19054,0,95539140.000,1,0,1,多换,S,2949.6000,2948.0000,2945.0000,2944.0000,2941.2000,2950.6000,2950.8000,2951.0000,2951.2000,2951.6000,1,2,3,1,5,2,1,1,1,1
SF,IH2009,2020-07-02 09:30:23.400,2950.4000,19054,0,97309140.000,2,1,1,多换,S,2948.0000,2945.0000,2944.0000,2941.2000,2940.2000,2950.8000,2951.0000,2951.2000,2951.6000,2951.8000,2,3,1,5,1,1,1,1,1,2
SF,IH2009,2020-07-02 09:30:23.900,2950.4000,19054,0,97309140.000,0,-,-,-,-,2948.4000,2948.2000,2948.0000,2947.8000,2945.0000,2949.0000,2950.6000,2951.2000,2951.8000,2952.0000,1,1,2,2,3,1,1,1,1,2
SF,IH2009,2020-07-02 09:30:24.400,2949.0000,19053,-1,98193840.000,1,0,1,双平,S,2949.0000,2948.6000,2948.4000,2948.2000,2948.0000,2950.6000,2952.0000,2952.2000,2954.0000,2955.0000,1,2,1,1,2,2,2,1,1,1
SF,IH2009,2020-07-02 09:30:24.900,2949.0000,19053,0,98193840.000,0,-,-,-,-,2949.2000,2949.0000,2948.4000,2948.2000,2948.0000,2950.4000,2950.6000,2952.0000,2952.2000,2954.0000,2,2,1,1,2,1,2,2,1,1
SF,IH2009,2020-07-02 09:30:25.400,2949.0000,19053,0,98193840.000,0,-,-,-,-,2949.2000,2949.0000,2948.4000,2948.2000,2948.0000,2950.4000,2950.6000,2952.0000,2952.2000,2954.0000,3,2,1,1,2,1,1,2,1,1
SF,IH2009,2020-07-02 09:30:25.900,2950.4000,19053,0,99078960.000,1,0,1,多换,S,2950.4000,2949.2000,2949.0000,2948.4000,2948.2000,2950.6000,2952.0000,2952.2000,2954.0000,2955.0000,1,3,2,1,1,1,2,1,1,1
SF,IH2009,2020-07-02 09:30:26.400,2950.4000,19053,0,99964080.000,1,0,1,多换,S,2949.4000,2949.0000,2948.4000,2948.0000,2947.8000,2950.4000,2952.0000,2952.2000,2954.0000,2955.0000,1,2,1,1,2,1,2,1,1,1
SF,IH2009,2020-07-02 09:30:26.900,2949.0000,19051,-2,101733600.000,2,0,2,双平,S,2949.0000,2948.4000,2948.0000,2947.8000,2945.0000,2949.4000,2950.4000,2952.0000,2952.2000,2954.0000,1,1,1,2,3,1,1,2,1,1
SF,IH2009,2020-07-02 09:30:27.400,2949.0000,19051,0,101733600.000,0,-,-,-,-,2949.0000,2948.4000,2948.0000,2947.8000,2945.0000,2949.4000,2950.4000,2951.4000,2952.0000,2952.2000,1,1,1,2,3,1,1,1,2,1
SF,IH2009,2020-07-02 09:30:27.900,2949.0000,19050,-1,102618300.000,1,0,1,双平,S,2948.4000,2948.0000,2947.8000,2945.0000,2944.0000,2950.4000,2951.4000,2952.0000,2954.0000,2955.0000,1,1,2,3,1,1,1,2,1,1
SF,IH2009,2020-07-02 09:30:28.400,2949.4000,19049,-1,103503120.000,1,0,1,双平,S,2948.6000,2948.4000,2948.0000,2947.8000,2945.0000,2950.2000,2950.4000,2951.4000,2952.0000,2954.0000,2,1,1,2,3,3,1,1,2,1
SF,IH2009,2020-07-02 09:30:28.900,2950.2000,19050,1,104388180.000,1,1,0,双开,S,2949.0000,2948.6000,2948.4000,2948.0000,2947.8000,2950.4000,2950.8000,2951.4000,2952.0000,2954.0000,1,2,1,1,2,1,1,1,2,1
SF,IH2009,2020-07-02 09:30:29.400,2950.2000,19050,0,104388180.000,0,-,-,-,-,2949.2000,2949.0000,2948.4000,2948.0000,2947.8000,2950.4000,2950.8000,2951.4000,2952.0000,2954.0000,3,1,1,1,2,1,1,1,2,1
SF,IH2009,2020-07-02 09:30:29.900,2949.2000,19049,-1,105272940.000,1,0,1,双平,S,2949.0000,2948.4000,2948.0000,2947.8000,2945.0000,2950.4000,2950.8000,2951.4000,2952.0000,2954.0000,1,1,1,2,3,1,1,1,2,1
SF,IH2009,2020-07-02 09:30:30.400,2949.2000,19049,0,105272940.000,0,-,-,-,-,2949.0000,2948.4000,2948.0000,2947.8000,2945.0000,2950.2000,2950.4000,2950.8000,2951.4000,2952.0000,1,1,1,2,3,2,1,1,1,2
SF,IH2009,2020-07-02 09:30:30.900,2949.2000,19049,0,105272940.000,0,-,-,-,-,2949.2000,2949.0000,2948.4000,2948.0000,2947.8000,2950.0000,2950.2000,2950.4000,2950.8000,2951.4000,1,1,1,1,2,1,2,1,1,1
SF,IH2009,2020-07-02 09:30:31.400,2950.0000,19047,-2,107042940.000,2,0,2,双平,S,2949.2000,2949.0000,2948.4000,2948.0000,2947.8000,2950.4000,2950.8000,2951.4000,2952.0000,2954.0000,1,2,1,1,2,1,1,1,2,1
SF,IH2009,2020-07-02 09:30:31.900,2950.0000,19047,0,107042940.000,0,-,-,-,-,2949.4000,2949.2000,2949.0000,2948.4000,2948.0000,2950.4000,2950.8000,2951.4000,2952.0000,2954.0000,1,1,2,1,1,1,1,1,2,1
SF,IH2009,2020-07-02 09:30:32.400,2950.0000,19047,0,107042940.000,0,-,-,-,-,2949.4000,2949.0000,2948.4000,2948.0000,2947.8000,2950.4000,2950.8000,2951.4000,2952.0000,2954.0000,1,2,1,1,2,1,1,1,2,1
SF,IH2009,2020-07-02 09:30:32.900,2950.0000,19047,0,107042940.000,0,-,-,-,-,2949.4000,2949.0000,2948.4000,2948.0000,2947.8000,2949.8000,2950.4000,2950.8000,2951.4000,2952.0000,1,2,1,1,2,1,1,1,1,2
SF,IH2009,2020-07-02 09:30:33.400,2949.8000,19046,-1,107927880.000,1,0,1,双平,S,2949.8000,2949.4000,2949.0000,2948.4000,2948.0000,2950.4000,2950.8000,2951.4000,2952.0000,2954.0000,2,1,2,1,1,1,1,1,2,1
SF,IH2009,2020-07-02 09:30:33.900,2949.8000,19046,0,107927880.000,0,-,-,-,-,2949.6000,2949.4000,2949.0000,2948.4000,2948.0000,2950.4000,2950.8000,2951.4000,2952.0000,2954.0000,1,1,2,1,1,1,1,1,2,1
SF,IH2009,2020-07-02 09:30:34.900,2950.4000,19045,-1,108813000.000,1,0,1,双平,S,2949.8000,2949.6000,2949.0000,2948.4000,2948.0000,2950.8000,2951.2000,2951.4000,2952.0000,2954.0000,1,1,2,1,1,1,1,1,2,1
SF,IH2009,2020-07-02 09:30:35.400,2950.8000,19044,-1,109698240.000,1,0,1,双平,S,2949.8000,2949.0000,2948.4000,2948.0000,2947.8000,2951.2000,2951.4000,2952.0000,2954.0000,2954.6000,1,2,1,1,2,1,1,1,1,1
SF,IH2009,2020-07-02 09:30:35.900,2950.0000,19044,0,110583240.000,1,0,1,多换,S,2950.4000,2950.0000,2949.8000,2949.0000,2948.4000,2950.6000,2951.2000,2951.4000,2952.0000,2954.0000,4,1,1,2,1,1,1,1,1,1
SF,IH2009,2020-07-02 09:30:36.400,2950.6000,19043,-1,111468420.000,1,0,1,双平,S,2950.6000,2950.4000,2950.0000,2949.8000,2949.0000,2951.2000,2951.4000,2952.0000,2954.0000,2954.6000,2,4,1,1,2,1,1,1,1,1
SF,IH2009,2020-07-02 09:30:36.900,2950.6000,19042,-1,112353600.000,1,0,1,双平,S,2950.4000,2950.0000,2949.8000,2949.0000,2948.4000,2951.2000,2951.4000,2952.0000,2954.0000,2954.6000,4,1,1,2,1,1,1,1,1,1
SF,IH2009,2020-07-02 09:30:37.400,2950.6000,19042,0,112353600.000,0,-,-,-,-,2950.4000,2949.8000,2949.0000,2948.4000,2948.0000,2951.2000,2951.4000,2952.0000,2954.0000,2954.6000,4,1,2,1,1,1,1,1,1,1
SF,IH2009,2020-07-02 09:30:37.900,2950.6000,19042,0,112353600.000,0,-,-,-,-,2950.6000,2950.4000,2950.0000,2949.0000,2948.4000,2951.2000,2951.4000,2952.0000,2954.0000,2954.6000,1,4,1,2,1,1,1,1,1,1
SF,IH2009,2020-07-02 09:30:38.400,2950.6000,19043,1,115009320.000,3,2,1,空开,S,2951.2000,2950.4000,2950.0000,2949.0000,2948.4000,2951.4000,2952.0000,2954.0000,2954.6000,2955.0000,1,4,1,2,1,1,1,1,1,1
SF,IH2009,2020-07-02 09:30:38.900,2951.4000,19042,-1,115894740.000,1,0,1,双平,S,2951.2000,2950.4000,2950.0000,2949.0000,2948.4000,2952.0000,2954.0000,2954.6000,2955.0000,2956.0000,3,4,1,2,1,1,1,1,1,1
SF,IH2009,2020-07-02 09:30:39.400,2951.4000,19042,0,115894740.000,0,-,-,-,-,2951.4000,2951.2000,2950.4000,2950.0000,2949.0000,2952.0000,2954.0000,2954.6000,2955.0000,2956.0000,1,3,4,1,2,1,1,1,1,1
SF,IH2009,2020-07-02 09:30:39.900,2951.4000,19042,0,115894740.000,0,-,-,-,-,2951.4000,2951.2000,2950.4000,2950.0000,2949.0000,2952.0000,2954.0000,2954.6000,2955.0000,2956.0000,1,3,4,1,2,1,1,1,1,1
SF,IH2009,2020-07-02 09:30:40.400,2952.0000,19041,-1,116780340.000,1,0,1,双平,S,2951.4000,2951.2000,2950.4000,2950.0000,2949.0000,2954.0000,2954.6000,2955.0000,2956.0000,2958.8000,1,3,4,1,2,1,1,1,1,1
SF,IH2009,2020-07-02 09:30:40.900,2951.6000,19040,-1,118551960.000,2,0,2,多平,S,2951.4000,2951.2000,2950.4000,2950.0000,2949.0000,2953.8000,2954.0000,2954.6000,2955.0000,2956.0000,1,3,4,1,2,1,1,1,1,1
SF,IH2009,2020-07-02 09:30:41.400,2953.2000,19040,0,119437920.000,1,0,1,多换,S,2951.6000,2951.4000,2951.2000,2950.4000,2950.0000,2953.2000,2953.8000,2954.0000,2954.6000,2955.0000,1,1,2,4,1,1,4,3,1,1
SF,IH2009,2020-07-02 09:30:41.900,2953.2000,19040,0,119437920.000,0,-,-,-,-,2951.6000,2951.4000,2951.2000,2950.4000,2950.0000,2953.0000,2953.8000,2954.0000,2954.6000,2955.0000,1,1,3,4,1,2,2,3,1,1
SF,IH2009,2020-07-02 09:30:42.400,2953.0000,19040,0,120323820.000,1,0,1,多换,S,2953.0000,2952.0000,2951.8000,2951.6000,2951.4000,2954.0000,2954.6000,2955.0000,2956.0000,2958.8000,1,8,1,2,1,1,1,1,1,1
SF,IH2009,2020-07-02 09:30:42.900,2953.0000,19040,0,120323820.000,0,-,-,-,-,2953.2000,2953.0000,2952.0000,2951.8000,2951.6000,2953.8000,2954.0000,2954.6000,2955.0000,2956.0000,1,1,1,1,1,2,1,1,1,1
SF,IH2009,2020-07-02 09:30:43.400,2953.0000,19040,0,120323820.000,0,-,-,-,-,2953.2000,2953.0000,2952.4000,2952.0000,2951.8000,2953.8000,2954.0000,2954.6000,2955.0000,2956.0000,1,21,1,1,1,1,1,1,1,1
SF,IH2009,2020-07-02 09:30:43.900,2953.0000,19040,0,120323820.000,0,-,-,-,-,2953.8000,2953.2000,2953.0000,2952.0000,2951.8000,2954.0000,2954.6000,2955.0000,2956.0000,2958.8000,1,1,21,1,1,1,1,1,1,1
SF,IH2009,2020-07-02 09:30:44.400,2954.0000,19039,-1,121210020.000,1,0,1,双平,S,2954.0000,2953.8000,2953.2000,2953.0000,2952.0000,2954.6000,2955.0000,2956.0000,2958.8000,2960.6000,3,5,1,21,1,1,1,1,1,1
SF,IH2009,2020-07-02 09:30:44.900,2954.0000,19039,0,121210020.000,0,-,-,-,-,2954.0000,2953.8000,2953.2000,2953.0000,2952.0000,2954.6000,2955.0000,2956.0000,2958.8000,2960.6000,6,4,1,22,1,1,1,1,1,1
SF,IH2009,2020-07-02 09:30:45.400,2954.0000,19038,-1,122096220.000,1,0,1,双平,S,2954.0000,2953.8000,2953.2000,2953.0000,2952.0000,2954.6000,2955.0000,2956.0000,2958.8000,2960.6000,5,4,1,22,1,1,1,1,1,1
SF,IH2009,2020-07-02 09:30:46.400,2954.6000,19037,-1,122982600.000,1,0,1,双平,S,2954.0000,2953.8000,2953.2000,2953.0000,2952.2000,2955.0000,2956.0000,2958.8000,2960.6000,2962.0000,7,4,1,22,3,1,1,1,1,1
SF,IH2009,2020-07-02 09:30:46.900,2954.2000,19035,-2,124755360.000,2,0,2,双平,S,2954.6000,2954.0000,2953.8000,2953.2000,2953.0000,2956.0000,2958.8000,2960.6000,2962.0000,2964.0000,1,7,4,1,22,1,1,1,1,6
SF,IH2009,2020-07-02 09:30:47.400,2955.8000,19035,0,125642100.000,1,0,1,多换,S,2954.6000,2954.0000,2953.8000,2953.2000,2953.0000,2956.0000,2958.8000,2960.6000,2962.0000,2964.0000,1,7,3,1,22,1,1,1,1,6
SF,IH2009,2020-07-02 09:30:47.900,2955.8000,19035,0,126528840.000,1,0,1,多换,S,2954.8000,2954.6000,2954.0000,2953.8000,2953.2000,2956.0000,2958.8000,2960.6000,2962.0000,2964.0000,1,2,7,3,1,1,1,1,1,6
SF,IH2009,2020-07-02 09:30:48.400,2955.8000,19035,0,126528840.000,0,-,-,-,-,2955.0000,2954.8000,2954.6000,2954.0000,2953.8000,2956.0000,2958.8000,2960.6000,2962.0000,2964.0000,1,1,3,7,3,1,1,1,1,6
SF,IH2009,2020-07-02 09:30:48.900,2955.8000,19035,0,126528840.000,0,-,-,-,-,2955.8000,2955.2000,2954.6000,2954.0000,2953.8000,2956.0000,2958.8000,2960.6000,2962.0000,2964.0000,1,2,3,7,3,1,1,1,1,6
SF,IH2009,2020-07-02 09:30:49.400,2955.8000,19035,0,127415580.000,1,0,1,多换,S,2954.6000,2954.0000,2953.8000,2953.2000,2953.0000,2956.0000,2958.8000,2960.6000,2962.0000,2964.0000,4,7,3,1,22,1,1,1,1,6
SF,IH2009,2020-07-02 09:30:49.900,2956.0000,19034,-1,128302380.000,1,0,1,双平,S,2954.8000,2954.6000,2954.0000,2953.8000,2953.2000,2958.8000,2960.6000,2962.0000,2964.0000,2965.0000,5,4,4,3,1,1,1,1,6,1
SF,IH2009,2020-07-02 09:30:50.400,2956.0000,19033,-1,129189180.000,1,0,1,双平,S,2955.0000,2954.8000,2954.6000,2954.0000,2953.8000,2958.0000,2958.2000,2958.6000,2958.8000,2960.6000,1,3,4,4,3,3,1,2,3,1
SF,IH2009,2020-07-02 09:30:50.900,2956.0000,19033,0,129189180.000,0,-,-,-,-,2955.0000,2954.8000,2954.6000,2954.0000,2953.8000,2956.6000,2957.8000,2958.0000,2958.6000,2958.8000,1,1,4,4,3,1,2,1,2,2
SF,IH2009,2020-07-02 09:30:51.400,2956.6000,19033,0,130076160.000,1,0,1,多换,S,2956.0000,2955.2000,2955.0000,2954.8000,2954.6000,2957.8000,2958.6000,2958.8000,2960.6000,2962.0000,1,2,1,1,4,2,1,2,1,1
SF,IH2009,2020-07-02 09:30:51.900,2957.6000,19031,-2,131850720.000,2,0,2,双平,S,2956.2000,2956.0000,2954.8000,2954.6000,2954.0000,2957.6000,2957.8000,2958.8000,2960.6000,2962.0000,3,1,1,3,3,1,2,2,1,1
SF,IH2009,2020-07-02 09:30:52.400,2957.6000,19031,0,131850720.000,0,-,-,-,-,2956.8000,2956.2000,2956.0000,2954.8000,2954.6000,2958.8000,2960.6000,2962.0000,2964.0000,2965.0000,1,3,1,1,3,2,1,1,6,1
SF,IH2009,2020-07-02 09:30:52.900,2957.0000,19029,-2,133624920.000,2,0,2,双平,S,2957.8000,2957.0000,2956.8000,2956.0000,2954.8000,2958.6000,2958.8000,2960.6000,2961.4000,2962.0000,1,2,1,1,1,8,2,1,3,1
SF,IH2009,2020-07-02 09:30:53.400,2956.8000,19029,0,136286160.000,3,1,2,多换,S,2956.0000,2954.8000,2954.6000,2954.0000,2953.8000,2956.8000,2957.2000,2957.6000,2957.8000,2958.0000,1,1,3,1,3,4,2,1,4,4
SF,IH2009,2020-07-02 09:30:53.900,2956.8000,19029,0,137173200.000,1,0,1,多换,S,2956.2000,2956.0000,2954.8000,2954.6000,2953.8000,2956.6000,2956.8000,2957.2000,2957.6000,2957.8000,1,1,1,3,3,1,4,2,1,4
SF,IH2009,2020-07-02 09:30:54.400,2956.8000,19029,0,137173200.000,0,-,-,-,-,2956.0000,2954.8000,2954.6000,2953.8000,2953.0000,2956.2000,2956.6000,2956.8000,2957.2000,2957.6000,1,1,3,3,21,1,1,4,2,1
SF,IH2009,2020-07-02 09:30:54.900,2956.8000,19033,4,143382420.000,7,5,2,空开,S,2956.0000,2954.8000,2954.6000,2953.8000,2953.0000,2957.2000,2957.6000,2958.2000,2958.6000,2958.8000,1,1,3,3,21,1,1,2,2,2
SF,IH2009,2020-07-02 09:30:55.400,2956.8000,19033,0,143382420.000,0,-,-,-,-,2956.8000,2956.0000,2954.8000,2954.6000,2953.8000,2957.0000,2957.2000,2957.6000,2958.2000,2958.6000,2,1,1,3,3,1,1,1,2,2
SF,IH2009,2020-07-02 09:30:55.900,2956.8000,19033,0,146043540.000,3,1,2,多换,S,2956.0000,2954.8000,2954.6000,2953.8000,2953.0000,2956.8000,2957.0000,2957.2000,2957.6000,2958.2000,1,1,3,3,21,1,2,1,1,2
SF,IH2009,2020-07-02 09:30:56.400,2956.0000,19032,-1,147817140.000,2,0,2,多平,S,2954.8000,2954.6000,2953.8000,2953.0000,2952.2000,2957.0000,2957.2000,2957.6000,2958.2000,2958.6000,1,3,3,21,3,2,1,1,2,1
SF,IH2009,2020-07-02 09:30:56.900,2956.8000,19033,1,148704180.000,1,1,0,双开,S,2955.0000,2954.8000,2954.6000,2953.8000,2953.0000,2957.0000,2957.2000,2957.6000,2958.6000,2958.8000,1,1,3,3,21,2,1,1,1,2
SF,IH2009,2020-07-02 09:30:57.400,2956.8000,19033,0,151364160.000,3,1,2,多换,S,2955.2000,2954.6000,2953.8000,2953.0000,2952.2000,2956.8000,2957.0000,2957.2000,2957.6000,2958.6000,2,3,3,21,3,2,2,1,1,1
SF,IH2009,2020-07-02 09:30:57.900,2956.8000,19034,1,152251200.000,1,1,0,双开,S,2957.0000,2955.4000,2954.6000,2953.8000,2953.0000,2957.2000,2957.6000,2958.6000,2958.8000,2960.6000,2,9,3,3,21,1,1,1,2,1
SF,IH2009,2020-07-02 09:30:58.400,2957.0000,19034,0,154025400.000,2,1,1,多换,S,2955.4000,2954.6000,2953.8000,2953.0000,2952.2000,2956.6000,2957.0000,2957.2000,2957.6000,2958.6000,1,3,3,21,3,1,2,1,1,1
SF,IH2009,2020-07-02 09:30:58.900,2957.0000,19032,-2,155799600.000,2,0,2,双平,S,2955.6000,2955.4000,2954.6000,2953.8000,2953.0000,2957.6000,2958.6000,2958.8000,2960.6000,2961.4000,3,1,3,3,21,1,1,2,1,3
SF,IH2009,2020-07-02 09:30:59.400,2957.0000,19032,0,156686700.000,1,0,1,多换,S,2955.8000,2955.6000,2955.4000,2954.6000,2953.8000,2957.4000,2957.6000,2958.6000,2958.8000,2960.6000,1,3,1,3,3,2,2,1,1,1
SF,IH2009,2020-07-02 09:30:59.900,2957.0000,19032,0,156686700.000,0,-,-,-,-,2956.0000,2955.8000,2955.6000,2955.4000,2954.6000,2957.6000,2958.6000,2958.8000,2960.6000,2961.4000,2,2,1,1,3,1,1,1,1,3
SF,IH2009,2020-07-02 09:31:00.400,2957.0000,19032,0,156686700.000,0,-,-,-,-,2956.2000,2956.0000,2955.8000,2955.6000,2955.4000,2957.4000,2958.6000,2958.8000,2960.6000,2961.4000,1,2,2,1,1,1,1,1,1,3
SF,IH2009,2020-07-02 09:31:00.900,2957.4000,19032,0,157573920.000,1,0,1,多换,S,2956.4000,2955.8000,2955.6000,2955.4000,2954.6000,2958.6000,2958.8000,2960.6000,2961.4000,2962.0000,2,2,1,1,3,1,1,1,3,1
SF,IH2009,2020-07-02 09:31:01.400,2957.4000,19032,0,157573920.000,0,-,-,-,-,2956.6000,2956.4000,2955.8000,2955.6000,2955.4000,2958.4000,2958.6000,2958.8000,2960.6000,2961.4000,2,1,1,1,1,1,1,1,1,3
SF,IH2009,2020-07-02 09:31:01.900,2957.4000,19032,0,157573920.000,0,-,-,-,-,2958.4000,2957.4000,2956.8000,2956.6000,2956.4000,2958.6000,2958.8000,2960.6000,2961.4000,2962.0000,1,1,3,2,1,1,1,1,3,1
SF,IH2009,2020-07-02 09:31:02.400,2958.4000,19031,-1,158461440.000,1,0,1,双平,S,2957.4000,2956.8000,2956.6000,2956.4000,2955.8000,2958.0000,2958.4000,2958.8000,2960.6000,2961.4000,1,1,2,1,1,2,1,1,1,3
SF,IH2009,2020-07-02 09:31:02.900,2958.4000,19031,0,159348960.000,1,0,1,多换,S,2958.0000,2957.6000,2957.4000,2956.8000,2956.6000,2958.4000,2958.8000,2959.8000,2960.6000,2961.4000,3,2,1,1,1,1,1,1,2,3
SF,IH2009,2020-07-02 09:31:03.400,2958.4000,19030,-1,160236480.000,1,0,1,双平,S,2958.2000,2957.6000,2957.4000,2956.8000,2956.6000,2958.8000,2959.8000,2960.6000,2961.4000,2962.0000,1,1,1,1,1,1,1,2,3,1
SF,IH2009,2020-07-02 09:31:03.900,2958.4000,19028,-2,162011640.000,2,0,2,双平,S,2958.6000,2958.4000,2957.6000,2957.4000,2956.8000,2959.8000,2960.6000,2961.4000,2962.0000,2964.0000,1,6,1,1,1,1,2,3,1,6
SF,IH2009,2020-07-02 09:31:04.400,2958.4000,19028,0,162011640.000,0,-,-,-,-,2958.8000,2958.6000,2958.4000,2957.6000,2957.4000,2959.6000,2959.8000,2960.6000,2961.2000,2961.4000,1,2,6,1,1,2,1,2,1,3
SF,IH2009,2020-07-02 09:31:04.900,2958.4000,19028,0,162011640.000,0,-,-,-,-,2959.0000,2958.6000,2958.4000,2957.6000,2957.4000,2959.6000,2959.8000,2960.6000,2961.2000,2961.4000,2,1,6,1,1,1,1,2,1,3
SF,IH2009,2020-07-02 09:31:05.400,2958.4000,19028,0,162011640.000,0,-,-,-,-,2959.0000,2958.6000,2958.4000,2957.4000,2956.6000,2959.4000,2959.6000,2959.8000,2960.6000,2961.2000,2,1,6,1,1,1,1,1,2,1
SF,IH2009,2020-07-02 09:31:05.900,2959.6000,19027,-1,162899520.000,1,0,1,双平,S,2959.6000,2959.0000,2958.6000,2958.4000,2957.4000,2959.8000,2960.6000,2961.2000,2963.4000,2964.0000,2,1,1,6,1,1,2,1,3,6
SF,IH2009,2020-07-02 09:31:06.400,2959.6000,19026,-1,165563160.000,3,1,2,多平,S,2959.6000,2959.4000,2958.6000,2958.4000,2957.4000,2959.8000,2960.6000,2961.2000,2961.4000,2963.4000,5,2,1,6,1,1,2,1,1,3
SF,IH2009,2020-07-02 09:31:06.900,2959.8000,19024,-2,167339040.000,2,0,2,双平,S,2959.8000,2959.6000,2959.4000,2958.6000,2958.4000,2960.6000,2961.2000,2961.4000,2961.8000,2963.4000,1,5,2,1,6,2,1,1,1,3
SF,IH2009,2020-07-02 09:31:07.400,2959.8000,19024,0,167339040.000,0,-,-,-,-,2959.8000,2959.6000,2959.4000,2958.6000,2958.4000,2960.4000,2960.6000,2961.2000,2961.4000,2961.8000,1,5,2,1,6,2,2,1,1,1
SF,IH2009,2020-07-02 09:31:07.900,2960.4000,19023,-1,168227160.000,1,0,1,双平,S,2960.4000,2960.0000,2959.8000,2959.6000,2959.4000,2960.6000,2961.2000,2961.4000,2961.8000,2962.6000,1,2,1,5,2,2,1,1,1,1
SF,IH2009,2020-07-02 09:31:08.400,2960.6000,19020,-3,171779880.000,4,0,4,多平,S,2960.6000,2960.4000,2959.8000,2959.6000,2959.4000,2961.2000,2961.4000,2961.8000,2962.6000,2963.4000,2,1,1,5,2,1,1,1,1,3
SF,IH2009,2020-07-02 09:31:08.900,2960.6000,19020,0,171779880.000,0,-,-,-,-,2960.6000,2960.4000,2959.8000,2959.6000,2959.4000,2961.2000,2961.4000,2961.8000,2962.6000,2963.4000,2,1,1,6,2,1,1,1,1,3
SF,IH2009,2020-07-02 09:31:09.400,2960.6000,19019,-1,173556240.000,2,0,2,多平,S,2960.4000,2959.8000,2959.6000,2959.4000,2959.0000,2961.2000,2961.4000,2961.8000,2962.6000,2963.4000,1,1,6,2,1,1,1,1,1,3
SF,IH2009,2020-07-02 09:31:09.900,2960.6000,19019,0,173556240.000,0,-,-,-,-,2960.6000,2959.6000,2959.4000,2959.0000,2958.4000,2961.2000,2961.4000,2961.8000,2962.6000,2963.4000,1,6,2,1,7,1,1,1,1,3
SF,IH2009,2020-07-02 09:31:10.400,2960.6000,19018,-1,174444420.000,1,0,1,双平,S,2960.6000,2959.6000,2959.0000,2958.4000,2957.4000,2961.0000,2961.2000,2961.4000,2961.8000,2962.6000,1,6,1,7,1,7,1,1,1,1
SF,IH2009,2020-07-02 09:31:10.900,2960.6000,19017,-1,177108960.000,3,1,2,多平,S,2959.6000,2959.0000,2958.4000,2957.4000,2957.0000,2960.8000,2961.0000,2961.2000,2961.4000,2961.8000,6,1,7,1,1,1,7,1,3,1
SF,IH2009,2020-07-02 09:31:11.400,2960.6000,19017,0,177108960.000,0,-,-,-,-,2959.8000,2959.6000,2959.0000,2958.4000,2957.4000,2960.6000,2960.8000,2961.0000,2961.2000,2961.4000,2,6,1,7,1,1,3,6,1,3
SF,IH2009,2020-07-02 09:31:11.900,2960.6000,19017,0,177997140.000,1,0,1,多换,S,2959.8000,2959.6000,2959.0000,2958.4000,2957.4000,2960.6000,2960.8000,2961.0000,2961.2000,2961.4000,2,6,1,7,1,1,3,6,1,3
SF,IH2009,2020-07-02 09:31:12.400,2960.6000,19017,0,177997140.000,0,-,-,-,-,2959.8000,2959.6000,2959.0000,2958.4000,2957.4000,2960.6000,2960.8000,2961.0000,2961.2000,2961.4000,2,6,1,7,1,1,3,6,1,1
SF,IH2009,2020-07-02 09:31:12.900,2960.6000,19017,0,177997140.000,0,-,-,-,-,2959.6000,2959.0000,2958.4000,2957.4000,2956.0000,2960.4000,2960.6000,2961.0000,2961.2000,2961.4000,6,1,8,1,1,4,1,6,1,1
SF,IH2009,2020-07-02 09:31:13.400,2960.6000,19017,0,177997140.000,0,-,-,-,-,2959.6000,2959.0000,2958.4000,2957.6000,2957.4000,2960.6000,2961.0000,2961.2000,2961.4000,2961.8000,6,1,7,1,1,1,6,1,1,1
SF,IH2009,2020-07-02 09:31:13.900,2959.8000,19018,1,179773020.000,2,1,1,空开,S,2959.8000,2959.6000,2959.0000,2958.4000,2957.6000,2960.6000,2961.0000,2961.2000,2961.4000,2961.8000,1,6,1,7,1,2,6,1,1,1
SF,IH2009,2020-07-02 09:31:14.400,2959.8000,19018,0,179773020.000,0,-,-,-,-,2959.8000,2959.6000,2959.0000,2958.4000,2957.6000,2960.6000,2961.0000,2961.2000,2961.4000,2961.8000,1,6,1,7,1,3,6,1,1,1
SF,IH2009,2020-07-02 09:31:14.900,2960.6000,19017,-1,181549140.000,2,0,2,多平,S,2959.6000,2959.0000,2958.4000,2957.6000,2957.4000,2960.6000,2960.8000,2961.0000,2961.2000,2961.4000,6,1,7,1,1,2,1,6,1,1
SF,IH2009,2020-07-02 09:31:15.400,2959.6000,19016,-1,186876480.000,6,2,4,多平,S,2959.6000,2959.0000,2958.4000,2957.6000,2957.4000,2960.4000,2960.6000,2960.8000,2961.0000,2961.2000,1,1,7,1,1,1,2,1,5,1
SF,IH2009,2020-07-02 09:31:15.900,2959.6000,19016,0,186876480.000,0,-,-,-,-,2959.6000,2959.0000,2958.4000,2957.6000,2957.4000,2960.2000,2960.4000,2960.6000,2960.8000,2961.0000,1,1,7,1,1,1,1,2,1,5
SF,IH2009,2020-07-02 09:31:16.400,2959.6000,19015,-1,187764360.000,1,0,1,双平,S,2959.0000,2958.4000,2957.6000,2957.4000,2956.0000,2960.2000,2960.4000,2960.6000,2960.8000,2961.0000,1,7,1,1,1,1,1,2,1,5
SF,IH2009,2020-07-02 09:31:16.900,2959.6000,19015,0,187764360.000,0,-,-,-,-,2959.0000,2958.4000,2957.6000,2957.4000,2956.0000,2960.2000,2960.4000,2960.6000,2960.8000,2961.0000,1,7,1,1,1,1,1,2,1,5
SF,IH2009,2020-07-02 09:31:17.400,2960.2000,19013,-2,189540420.000,2,0,2,双平,S,2959.0000,2958.4000,2957.6000,2957.4000,2956.0000,2960.6000,2960.8000,2961.0000,2961.2000,2961.4000,1,8,1,1,1,2,1,5,1,1
SF,IH2009,2020-07-02 09:31:17.900,2960.2000,19013,0,189540420.000,0,-,-,-,-,2959.2000,2959.0000,2958.4000,2957.6000,2957.4000,2960.4000,2960.6000,2960.8000,2961.0000,2961.2000,3,1,8,1,1,2,2,1,5,1
SF,IH2009,2020-07-02 09:31:18.400,2959.2000,19013,0,191315940.000,2,1,1,多换,S,2959.4000,2959.2000,2959.0000,2958.4000,2957.6000,2960.4000,2960.6000,2960.8000,2961.0000,2961.2000,1,1,2,7,1,3,2,1,5,1
SF,IH2009,2020-07-02 09:31:18.900,2960.2000,19012,-1,193091820.000,2,0,2,多平,S,2959.0000,2958.4000,2957.6000,2957.4000,2956.0000,2960.2000,2960.4000,2960.6000,2960.8000,2961.0000,2,7,1,1,1,1,3,2,1,5
SF,IH2009,2020-07-02 09:31:19.400,2959.0000,19011,-1,194867580.000,2,0,2,多平,S,2959.0000,2958.4000,2957.6000,2957.4000,2956.4000,2960.0000,2960.2000,2960.6000,2960.8000,2961.0000,1,7,1,1,1,2,4,2,1,5
SF,IH2009,2020-07-02 09:31:19.900,2959.0000,19011,0,194867580.000,0,-,-,-,-,2959.0000,2958.4000,2957.6000,2957.4000,2956.0000,2960.2000,2960.4000,2960.6000,2960.8000,2961.0000,1,7,1,1,1,4,5,2,1,5
SF,IH2009,2020-07-02 09:31:20.400,2959.0000,19011,0,194867580.000,0,-,-,-,-,2959.0000,2958.8000,2958.4000,2957.6000,2957.4000,2960.0000,2960.2000,2960.4000,2960.6000,2960.8000,1,1,8,1,1,1,1,5,2,1
SF,IH2009,2020-07-02 09:31:20.900,2959.0000,19011,0,194867580.000,0,-,-,-,-,2959.2000,2959.0000,2958.8000,2958.4000,2957.6000,2960.0000,2960.2000,2960.4000,2960.6000,2960.8000,1,1,1,8,1,3,1,5,2,1
SF,IH2009,2020-07-02 09:31:21.400,2959.2000,19010,-1,196643280.000,2,0,2,多平,S,2959.0000,2958.8000,2958.4000,2957.6000,2957.4000,2959.8000,2960.0000,2960.4000,2960.6000,2960.8000,1,1,8,1,1,1,3,5,2,1
SF,IH2009,2020-07-02 09:31:21.900,2959.2000,19010,0,196643280.000,0,-,-,-,-,2959.0000,2958.8000,2958.4000,2957.6000,2957.4000,2959.6000,2960.0000,2960.4000,2960.6000,2960.8000,1,1,8,1,1,1,1,5,2,1
SF,IH2009,2020-07-02 09:31:22.400,2959.2000,19010,0,196643280.000,0,-,-,-,-,2959.2000,2959.0000,2958.8000,2958.4000,2957.6000,2959.6000,2960.4000,2960.6000,2960.8000,2961.0000,1,1,1,8,1,1,5,3,1,5
SF,IH2009,2020-07-02 09:31:22.900,2959.6000,19009,-1,197531160.000,1,0,1,双平,S,2959.2000,2959.0000,2958.8000,2958.4000,2957.6000,2960.0000,2960.4000,2960.6000,2960.8000,2961.0000,1,1,1,8,1,1,5,3,1,5
SF,IH2009,2020-07-02 09:31:23.400,2959.6000,19009,0,197531160.000,0,-,-,-,-,2959.6000,2959.2000,2959.0000,2958.8000,2958.4000,2960.0000,2960.4000,2960.6000,2960.8000,2961.0000,2,1,1,1,8,3,5,3,1,5
SF,IH2009,2020-07-02 09:31:23.900,2959.8000,19005,-4,201083100.000,4,0,4,双平,S,2959.2000,2959.0000,2958.8000,2958.4000,2957.6000,2959.8000,2960.0000,2960.4000,2960.6000,2960.8000,2,1,1,8,1,1,1,5,3,1
SF,IH2009,2020-07-02 09:31:24.400,2960.0000,19004,-1,202859040.000,2,0,2,多平,S,2959.8000,2959.4000,2959.2000,2959.0000,2958.8000,2960.4000,2960.6000,2960.8000,2961.0000,2961.2000,2,3,2,1,1,5,3,1,5,1
SF,IH2009,2020-07-02 09:31:24.900,2960.0000,19004,0,202859040.000,0,-,-,-,-,2959.8000,2959.6000,2959.4000,2959.2000,2959.0000,2960.4000,2960.6000,2960.8000,2961.0000,2961.2000,1,20,2,2,1,5,3,1,5,1
SF,IH2009,2020-07-02 09:31:25.400,2960.0000,19004,0,202859040.000,0,-,-,-,-,2960.0000,2959.8000,2959.6000,2959.4000,2959.2000,2960.4000,2960.6000,2960.8000,2961.0000,2961.2000,1,1,21,2,1,5,3,1,5,1
SF,IH2009,2020-07-02 09:31:25.900,2960.0000,19003,-1,203747040.000,1,0,1,双平,S,2959.8000,2959.6000,2959.4000,2959.2000,2959.0000,2960.2000,2960.4000,2960.6000,2960.8000,2961.0000,1,21,1,1,1,1,5,3,1,5
SF,IH2009,2020-07-02 09:31:26.400,2960.0000,19003,0,203747040.000,0,-,-,-,-,2959.6000,2959.4000,2959.2000,2959.0000,2958.8000,2960.2000,2960.4000,2960.6000,2960.8000,2961.0000,21,1,1,1,1,1,5,3,1,5
SF,IH2009,2020-07-02 09:31:26.900,2960.2000,19003,0,206411160.000,3,1,2,多换,S,2960.2000,2959.6000,2959.4000,2959.2000,2959.0000,2960.4000,2960.6000,2960.8000,2961.0000,2961.2000,1,21,1,1,1,5,3,1,5,1
SF,IH2009,2020-07-02 09:31:27.400,2960.4000,18998,-5,210851700.000,5,0,5,双平,S,2959.6000,2959.4000,2959.2000,2959.0000,2958.8000,2960.4000,2960.6000,2960.8000,2961.0000,2961.2000,21,1,1,1,1,1,3,1,5,1
SF,IH2009,2020-07-02 09:31:27.900,2960.4000,18997,-1,211739820.000,1,0,1,双平,S,2960.4000,2959.8000,2959.6000,2959.2000,2959.0000,2960.6000,2960.8000,2961.0000,2961.2000,2961.4000,1,4,21,1,1,3,1,5,1,1
SF,IH2009,2020-07-02 09:31:28.400,2960.6000,18994,-3,214404360.000,3,0,3,双平,S,2960.6000,2960.4000,2960.2000,2959.8000,2959.6000,2960.8000,2961.0000,2961.2000,2961.4000,2961.8000,1,1,1,8,21,1,5,1,1,1
SF,IH2009,2020-07-02 09:31:28.900,2960.6000,18992,-2,218845680.000,5,1,4,多平,S,2960.4000,2960.2000,2959.8000,2959.6000,2959.2000,2961.0000,2961.2000,2961.4000,2961.8000,2962.0000,2,1,8,21,1,2,1,1,1,1
SF,IH2009,2020-07-02 09:31:29.400,2960.6000,18992,0,218845680.000,0,-,-,-,-,2960.6000,2960.4000,2960.2000,2959.8000,2959.6000,2961.0000,2961.2000,2961.4000,2961.8000,2962.0000,1,2,1,7,21,2,1,1,1,2
SF,IH2009,2020-07-02 09:31:29.900,2960.6000,18991,-1,219733860.000,1,0,1,双平,S,2960.6000,2960.4000,2960.2000,2959.8000,2959.6000,2961.0000,2961.2000,2961.4000,2961.8000,2962.0000,3,1,1,2,21,2,1,1,1,2
SF,IH2009,2020-07-02 09:31:30.400,2960.6000,18991,0,219733860.000,0,-,-,-,-,2960.8000,2960.6000,2960.4000,2960.2000,2959.6000,2961.0000,2961.2000,2961.4000,2961.8000,2962.0000,1,3,1,2,21,2,1,1,1,2
SF,IH2009,2020-07-02 09:31:30.900,2960.6000,18989,-2,221510220.000,2,0,2,双平,S,2960.6000,2960.4000,2960.2000,2959.6000,2959.2000,2961.0000,2961.2000,2961.4000,2961.8000,2962.0000,2,1,2,21,1,2,1,1,1,2
SF,IH2009,2020-07-02 09:31:31.400,2961.0000,18988,-1,222398520.000,1,0,1,双平,S,2960.6000,2960.4000,2960.2000,2959.6000,2959.0000,2961.0000,2961.2000,2961.4000,2961.8000,2962.0000,2,1,2,21,1,1,1,1,1,2
SF,IH2009,2020-07-02 09:31:31.900,2961.0000,18987,-1,223286820.000,1,0,1,双平,S,2960.6000,2960.4000,2960.2000,2959.6000,2959.0000,2961.2000,2961.4000,2961.8000,2962.0000,2962.4000,2,1,3,21,1,1,1,1,2,1
SF,IH2009,2020-07-02 09:31:32.400,2961.0000,18987,0,223286820.000,0,-,-,-,-,2960.6000,2960.4000,2960.2000,2959.6000,2959.0000,2960.8000,2961.0000,2961.2000,2961.4000,2961.8000,2,1,3,21,1,1,1,1,1,1
SF,IH2009,2020-07-02 09:31:32.900,2960.8000,18986,-1,224175060.000,1,0,1,双平,S,2960.8000,2960.6000,2960.4000,2960.2000,2959.6000,2961.0000,2961.4000,2961.8000,2962.0000,2962.4000,1,2,1,3,21,1,1,1,2,1
SF,IH2009,2020-07-02 09:31:33.400,2961.0000,18985,-1,225063360.000,1,0,1,双平,S,2961.0000,2960.8000,2960.6000,2960.4000,2960.2000,2961.4000,2961.8000,2962.0000,2962.4000,2962.8000,2,1,2,1,3,1,1,2,1,1
SF,IH2009,2020-07-02 09:31:33.900,2961.0000,18985,0,225063360.000,0,-,-,-,-,2960.8000,2960.6000,2960.4000,2960.2000,2959.6000,2961.4000,2961.8000,2962.0000,2962.4000,2962.8000,1,2,1,3,21,1,1,2,1,1
SF,IH2009,2020-07-02 09:31:34.400,2961.4000,18985,0,226840080.000,2,1,1,多换,S,2960.6000,2960.4000,2960.2000,2959.6000,2959.0000,2961.8000,2962.0000,2962.4000,2962.8000,2963.2000,2,1,2,21,1,1,2,1,1,1
SF,IH2009,2020-07-02 09:31:34.900,2961.6000,18983,-2,228617040.000,2,0,2,双平,S,2961.0000,2960.8000,2960.4000,2960.2000,2959.6000,2961.6000,2961.8000,2962.0000,2962.4000,2962.8000,1,1,1,2,21,1,1,2,1,1
SF,IH2009,2020-07-02 09:31:35.400,2961.0000,18982,-1,229505340.000,1,0,1,双平,S,2960.4000,2960.2000,2959.6000,2959.0000,2958.8000,2961.6000,2961.8000,2962.0000,2962.4000,2962.8000,1,2,21,1,1,1,1,2,1,1
SF,IH2009,2020-07-02 09:31:35.900,2961.0000,18982,0,229505340.000,0,-,-,-,-,2960.4000,2960.2000,2959.6000,2959.0000,2958.8000,2960.6000,2961.4000,2961.6000,2961.8000,2962.0000,1,2,21,1,1,1,3,1,1,2
SF,IH2009,2020-07-02 09:31:36.400,2961.6000,18981,-1,231282000.000,2,0,2,多平,S,2960.6000,2960.4000,2960.2000,2959.6000,2959.0000,2961.8000,2962.0000,2962.4000,2962.8000,2964.0000,7,1,2,1,1,1,2,1,1,2
SF,IH2009,2020-07-02 09:31:36.900,2960.8000,18980,-1,232170240.000,1,0,1,双平,S,2960.6000,2960.4000,2960.2000,2959.6000,2959.0000,2961.6000,2961.8000,2962.0000,2962.4000,2962.8000,6,1,2,1,1,4,1,2,1,1
SF,IH2009,2020-07-02 09:31:37.400,2960.8000,18980,0,232170240.000,0,-,-,-,-,2960.6000,2960.4000,2960.2000,2959.6000,2959.0000,2961.4000,2961.6000,2961.8000,2962.0000,2962.4000,6,1,2,1,1,1,4,1,2,1
SF,IH2009,2020-07-02 09:31:37.900,2960.8000,18980,0,232170240.000,0,-,-,-,-,2960.8000,2960.6000,2960.4000,2960.2000,2959.6000,2961.2000,2961.6000,2961.8000,2962.0000,2962.4000,1,6,1,2,1,1,2,1,2,1
SF,IH2009,2020-07-02 09:31:38.400,2961.6000,18980,0,233058720.000,1,0,1,多换,S,2960.8000,2960.6000,2960.4000,2960.2000,2959.6000,2961.6000,2961.8000,2962.0000,2962.4000,2962.8000,1,6,1,2,1,1,1,2,1,1
SF,IH2009,2020-07-02 09:31:38.900,2961.6000,18980,0,233058720.000,0,-,-,-,-,2960.8000,2960.6000,2960.4000,2960.2000,2959.6000,2961.4000,2961.8000,2962.0000,2962.4000,2962.8000,1,6,1,2,1,1,1,2,1,1
SF,IH2009,2020-07-02 09:31:39.400,2960.6000,18980,0,234835140.000,2,1,1,多换,S,2961.2000,2960.6000,2960.4000,2960.2000,2959.6000,2961.4000,2961.8000,2962.0000,2962.4000,2962.8000,1,5,1,2,1,1,1,2,1,1
SF,IH2009,2020-07-02 09:31:39.900,2960.8000,18980,0,235723380.000,1,0,1,多换,S,2960.6000,2960.4000,2960.2000,2959.6000,2959.0000,2961.2000,2961.8000,2962.0000,2962.4000,2962.8000,4,1,2,1,1,3,1,2,1,1
SF,IH2009,2020-07-02 09:31:40.400,2960.8000,18980,0,235723380.000,0,-,-,-,-,2960.6000,2960.4000,2960.2000,2959.6000,2959.0000,2961.2000,2961.4000,2961.8000,2962.0000,2962.4000,4,1,2,1,1,2,1,1,2,1
SF,IH2009,2020-07-02 09:31:40.900,2961.4000,18977,-3,238388520.000,3,0,3,双平,S,2961.4000,2961.0000,2960.6000,2960.4000,2960.2000,2961.8000,2962.0000,2962.4000,2962.8000,2963.4000,1,1,4,1,2,1,2,1,1,1
SF,IH2009,2020-07-02 09:31:41.400,2961.4000,18977,0,239276940.000,1,0,1,多换,S,2961.0000,2960.6000,2960.4000,2960.2000,2960.0000,2961.2000,2961.6000,2961.8000,2962.0000,2962.4000,1,4,1,2,1,2,1,1,2,1
SF,IH2009,2020-07-02 09:31:41.900,2961.8000,18976,-1,241053780.000,2,0,2,多平,S,2961.0000,2960.6000,2960.4000,2960.2000,2960.0000,2962.0000,2962.4000,2962.8000,2963.4000,2964.0000,1,4,1,2,1,3,1,1,1,3
SF,IH2009,2020-07-02 09:31:42.400,2961.8000,18977,1,243719400.000,3,2,1,空开,S,2960.6000,2960.4000,2960.2000,2960.0000,2959.6000,2962.0000,2962.4000,2962.8000,2963.4000,2964.0000,4,1,2,1,1,3,1,1,1,3
SF,IH2009,2020-07-02 09:31:42.900,2961.8000,18977,0,243719400.000,0,-,-,-,-,2960.8000,2960.6000,2960.4000,2960.2000,2960.0000,2961.8000,2962.0000,2962.4000,2962.8000,2963.4000,2,4,1,2,1,1,3,1,1,1
SF,IH2009,2020-07-02 09:31:43.400,2961.8000,18977,0,244607940.000,1,0,1,多换,S,2961.2000,2960.8000,2960.6000,2960.4000,2960.2000,2962.0000,2962.4000,2962.8000,2963.4000,2964.0000,20,5,4,1,2,3,1,1,1,3
SF,IH2009,2020-07-02 09:31:43.900,2961.8000,18977,0,244607940.000,0,-,-,-,-,2961.4000,2961.2000,2960.8000,2960.6000,2960.4000,2962.0000,2962.4000,2962.8000,2963.4000,2964.0000,1,20,2,4,1,3,1,1,1,3
SF,IH2009,2020-07-02 09:31:44.400,2961.8000,18977,0,244607940.000,0,-,-,-,-,2961.4000,2961.2000,2960.8000,2960.6000,2960.4000,2962.0000,2962.4000,2962.8000,2963.4000,2964.0000,2,20,1,4,1,3,1,1,1,3
SF,IH2009,2020-07-02 09:31:44.900,2962.0000,18978,1,246385140.000,2,1,1,空开,S,2961.4000,2961.2000,2960.8000,2960.6000,2960.4000,2962.0000,2962.4000,2962.8000,2963.4000,2964.0000,2,20,1,4,1,1,1,1,1,3
SF,IH2009,2020-07-02 09:31:45.400,2961.4000,18977,-1,247273560.000,1,0,1,双平,S,2961.4000,2961.2000,2961.0000,2960.8000,2960.6000,2962.0000,2962.4000,2962.8000,2963.4000,2964.0000,1,20,1,1,4,2,1,1,1,3
SF,IH2009,2020-07-02 09:31:45.900,2961.4000,18977,0,247273560.000,0,-,-,-,-,2961.4000,2961.2000,2961.0000,2960.8000,2960.6000,2961.8000,2962.0000,2962.4000,2962.8000,2963.4000,1,20,1,1,4,1,2,1,1,1
SF,IH2009,2020-07-02 09:31:46.400,2961.4000,18976,-1,248161980.000,1,0,1,双平,S,2961.2000,2961.0000,2960.8000,2960.6000,2960.4000,2961.8000,2962.0000,2962.4000,2962.8000,2963.4000,20,1,1,4,1,1,2,1,1,1
SF,IH2009,2020-07-02 09:31:46.900,2961.8000,18976,0,249050520.000,1,0,1,多换,S,2961.2000,2961.0000,2960.8000,2960.6000,2960.4000,2962.0000,2962.4000,2962.8000,2963.4000,2964.0000,20,1,1,4,1,2,1,1,1,3
SF,IH2009,2020-07-02 09:31:47.400,2961.8000,18976,0,249050520.000,0,-,-,-,-,2961.2000,2961.0000,2960.8000,2960.6000,2960.4000,2961.6000,2962.0000,2962.4000,2962.8000,2963.4000,23,1,1,4,1,1,2,1,1,1
SF,IH2009,2020-07-02 09:31:47.900,2961.2000,18975,-1,249938880.000,1,0,1,双平,S,2961.2000,2961.0000,2960.8000,2960.6000,2960.4000,2962.0000,2962.4000,2962.8000,2963.4000,2964.0000,22,2,1,4,1,2,1,1,1,2
SF,IH2009,2020-07-02 09:31:48.400,2961.2000,18970,-5,254380680.000,5,0,5,双平,S,2961.6000,2961.2000,2961.0000,2960.8000,2960.6000,2961.8000,2962.0000,2962.4000,2962.8000,2963.4000,1,17,2,1,4,1,2,1,1,1
SF,IH2009,2020-07-02 09:31:48.900,2961.2000,18964,-6,260599320.000,7,0,7,多平,S,2961.2000,2961.0000,2960.8000,2960.6000,2960.4000,2961.4000,2961.6000,2961.8000,2962.0000,2962.4000,11,2,1,4,1,1,7,3,3,1
SF,IH2009,2020-07-02 09:31:49.400,2961.2000,18953,-11,270371280.000,11,0,11,双平,S,2961.0000,2960.8000,2960.6000,2960.4000,2960.2000,2961.6000,2961.8000,2962.0000,2962.4000,2962.8000,2,1,4,1,1,4,1,2,1,1
SF,IH2009,2020-07-02 09:31:49.900,2961.4000,18952,-1,273036300.000,3,1,2,多平,S,2960.8000,2960.6000,2960.4000,2960.2000,2960.0000,2961.4000,2961.6000,2961.8000,2962.0000,2962.4000,1,4,1,1,1,1,4,1,2,1
SF,IH2009,2020-07-02 09:31:50.400,2960.6000,18951,-1,277477260.000,5,2,3,多平,S,2960.4000,2960.2000,2960.0000,2958.4000,2957.4000,2960.8000,2961.4000,2961.6000,2961.8000,2962.0000,1,1,1,2,1,1,1,4,1,2
SF,IH2009,2020-07-02 09:31:50.900,2960.8000,18950,-1,280141740.000,3,1,2,多平,S,2960.6000,2960.2000,2960.0000,2958.4000,2957.4000,2961.4000,2961.6000,2961.8000,2962.0000,2962.4000,2,1,1,2,1,1,3,1,2,1
SF,IH2009,2020-07-02 09:31:51.400,2961.2000,18947,-3,284582880.000,5,1,4,多平,S,2960.0000,2958.4000,2957.4000,2956.0000,2955.8000,2961.4000,2961.6000,2962.0000,2962.4000,2962.8000,1,2,1,1,1,1,4,2,1,1
SF,IH2009,2020-07-02 09:31:51.900,2960.0000,18946,-1,285470880.000,1,0,1,双平,S,2960.8000,2960.2000,2958.4000,2957.4000,2956.0000,2961.2000,2961.4000,2961.6000,2961.8000,2962.0000,1,1,2,1,1,2,2,5,1,2
SF,IH2009,2020-07-02 09:31:52.400,2961.2000,18946,0,291688980.000,7,3,4,多换,S,2958.4000,2957.4000,2956.0000,2955.8000,2954.6000,2960.6000,2961.2000,2961.4000,2961.6000,2962.0000,2,1,1,1,2,2,1,2,5,2
SF,IH2009,2020-07-02 09:31:52.900,2960.8000,18946,0,292577220.000,1,0,1,多换,S,2958.6000,2958.4000,2957.4000,2956.0000,2955.8000,2960.6000,2961.0000,2961.4000,2961.6000,2962.0000,2,2,1,1,1,2,3,4,5,2
SF,IH2009,2020-07-02 09:31:53.400,2960.6000,18946,0,293465400.000,1,0,1,多换,S,2958.8000,2958.6000,2958.4000,2957.4000,2956.0000,2960.6000,2961.0000,2961.4000,2961.6000,2962.0000,2,3,2,1,1,2,4,4,5,2
SF,IH2009,2020-07-02 09:31:53.900,2960.6000,18946,0,293465400.000,0,-,-,-,-,2959.0000,2958.8000,2958.4000,2957.4000,2956.0000,2960.6000,2961.0000,2961.4000,2961.6000,2962.0000,2,2,2,1,1,2,4,4,5,2
SF,IH2009,2020-07-02 09:31:54.400,2960.6000,18946,0,293465400.000,0,-,-,-,-,2959.2000,2959.0000,2958.4000,2957.4000,2956.0000,2960.6000,2961.0000,2961.4000,2961.6000,2962.0000,2,3,2,1,1,2,4,4,5,2
SF,IH2009,2020-07-02 09:31:54.900,2959.4000,18945,-1,296129580.000,3,1,2,多平,S,2959.2000,2959.0000,2958.4000,2957.4000,2956.0000,2961.0000,2961.4000,2961.6000,2962.0000,2962.4000,2,2,2,1,1,4,4,5,2,1
SF,IH2009,2020-07-02 09:31:55.400,2959.4000,18945,0,296129580.000,0,-,-,-,-,2959.4000,2959.2000,2959.0000,2958.4000,2957.4000,2960.8000,2961.0000,2961.4000,2961.6000,2962.0000,2,2,1,2,1,2,4,4,5,2
SF,IH2009,2020-07-02 09:31:55.900,2961.0000,18945,0,297017880.000,1,0,1,多换,S,2959.6000,2959.4000,2959.0000,2958.4000,2957.4000,2961.4000,2961.6000,2962.0000,2962.4000,2962.8000,2,2,1,2,1,2,5,2,1,1
SF,IH2009,2020-07-02 09:31:56.400,2961.0000,18945,0,297017880.000,0,-,-,-,-,2959.8000,2959.6000,2959.0000,2958.4000,2957.4000,2961.2000,2961.4000,2961.6000,2962.0000,2962.4000,2,2,1,2,1,2,2,5,2,1
SF,IH2009,2020-07-02 09:31:56.900,2960.0000,18946,1,297905880.000,1,1,0,双开,S,2959.8000,2959.0000,2958.4000,2957.4000,2956.0000,2961.2000,2961.4000,2961.6000,2962.0000,2962.4000,2,1,2,1,1,1,2,5,2,1
SF,IH2009,2020-07-02 09:31:57.400,2960.0000,18946,0,297905880.000,0,-,-,-,-,2959.8000,2959.0000,2958.4000,2957.4000,2956.0000,2961.0000,2961.4000,2961.6000,2962.0000,2962.4000,2,1,2,1,1,1,2,5,2,1
SF,IH2009,2020-07-02 09:31:57.900,2960.0000,18946,0,297905880.000,0,-,-,-,-,2959.8000,2959.0000,2958.4000,2957.4000,2956.0000,2961.4000,2961.6000,2962.0000,2962.4000,2962.8000,1,1,2,1,1,2,5,2,1,1
SF,IH2009,2020-07-02 09:31:58.400,2960.0000,18946,0,297905880.000,0,-,-,-,-,2959.8000,2959.0000,2958.4000,2957.4000,2956.0000,2961.2000,2961.4000,2961.6000,2962.0000,2962.4000,1,1,2,1,1,3,2,5,2,1
SF,IH2009,2020-07-02 09:31:59.900,2961.2000,18947,1,298794240.000,1,1,0,双开,S,2960.0000,2959.8000,2959.0000,2958.4000,2957.4000,2961.2000,2961.4000,2961.6000,2962.0000,2962.4000,1,2,1,2,1,2,2,5,2,1
SF,IH2009,2020-07-02 09:32:00.400,2961.2000,18947,0,298794240.000,0,-,-,-,-,2960.2000,2959.8000,2959.0000,2958.4000,2957.4000,2961.4000,2961.6000,2962.0000,2962.4000,2962.8000,2,1,1,2,1,2,5,2,1,1
SF,IH2009,2020-07-02 09:32:00.900,2961.2000,18947,0,298794240.000,0,-,-,-,-,2960.2000,2959.8000,2959.0000,2958.4000,2957.4000,2961.4000,2961.6000,2962.0000,2962.4000,2962.8000,4,1,1,2,1,2,5,2,1,1
SF,IH2009,2020-07-02 09:32:01.400,2961.4000,18947,0,299682660.000,1,0,1,多换,S,2960.4000,2960.2000,2959.8000,2959.0000,2958.4000,2961.4000,2961.6000,2962.0000,2962.4000,2962.8000,1,3,1,1,2,1,5,2,1,1
SF,IH2009,2020-07-02 09:32:01.900,2961.4000,18947,0,299682660.000,0,-,-,-,-,2960.6000,2960.4000,2959.8000,2958.4000,2957.4000,2961.0000,2961.4000,2961.6000,2962.0000,2962.4000,3,2,1,2,1,1,1,5,2,1
SF,IH2009,2020-07-02 09:32:02.400,2961.4000,18946,-1,301459380.000,2,0,2,多平,S,2960.8000,2960.6000,2959.8000,2958.4000,2957.4000,2961.6000,2962.0000,2962.4000,2962.8000,2964.0000,1,2,1,2,1,4,2,1,1,2
SF,IH2009,2020-07-02 09:32:02.900,2961.6000,18942,-4,305013300.000,4,0,4,双平,S,2961.0000,2960.8000,2959.8000,2958.4000,2957.4000,2962.0000,2962.4000,2962.8000,2964.0000,2964.4000,3,1,1,2,1,2,1,1,2,1
SF,IH2009,2020-07-02 09:32:03.400,2962.0000,18942,0,305901900.000,1,0,1,多换,S,2961.2000,2961.0000,2959.8000,2958.4000,2957.4000,2962.0000,2962.4000,2962.8000,2964.0000,2964.4000,1,2,1,2,1,1,1,1,2,1
SF,IH2009,2020-07-02 09:32:03.900,2962.0000,18941,-1,306790500.000,1,0,1,双平,S,2962.0000,2961.4000,2961.2000,2959.8000,2958.4000,2962.4000,2962.8000,2963.8000,2964.0000,2964.4000,1,3,2,1,2,1,1,1,2,1
SF,IH2009,2020-07-02 09:32:04.400,2962.2000,18939,-2,308567880.000,2,0,2,双平,S,2961.4000,2961.2000,2959.8000,2958.4000,2957.4000,2962.8000,2963.8000,2964.0000,2964.4000,2965.0000,1,1,1,2,1,1,1,2,1,2
SF,IH2009,2020-07-02 09:32:04.900,2962.2000,18939,0,308567880.000,0,-,-,-,-,2962.2000,2961.6000,2961.4000,2959.8000,2958.4000,2962.8000,2963.8000,2964.0000,2964.4000,2964.8000,1,3,1,1,2,1,1,2,1,1
SF,IH2009,2020-07-02 09:32:05.400,2962.2000,18938,-1,310345200.000,2,0,2,多平,S,2962.4000,2962.2000,2959.8000,2958.4000,2957.4000,2962.8000,2963.8000,2964.0000,2964.4000,2964.8000,1,1,1,2,1,1,1,2,1,1
SF,IH2009,2020-07-02 09:32:05.900,2962.8000,18937,-1,311234040.000,1,0,1,双平,S,2962.6000,2962.4000,2962.2000,2959.8000,2958.4000,2963.8000,2964.0000,2964.4000,2964.8000,2965.0000,1,1,1,1,2,1,2,1,1,2
SF,IH2009,2020-07-02 09:32:06.400,2962.8000,18936,-1,312122880.000,1,0,1,双平,S,2962.8000,2959.8000,2958.4000,2957.4000,2956.0000,2963.8000,2964.0000,2964.4000,2964.8000,2965.0000,2,1,2,1,1,1,2,1,1,2
SF,IH2009,2020-07-02 09:32:06.900,2962.8000,18936,0,312122880.000,0,-,-,-,-,2962.8000,2959.8000,2958.4000,2957.4000,2956.0000,2963.6000,2963.8000,2964.0000,2964.4000,2964.8000,3,1,2,1,1,1,1,2,1,1
SF,IH2009,2020-07-02 09:32:07.400,2962.8000,18936,0,313011720.000,1,0,1,多换,S,2959.8000,2958.4000,2957.4000,2956.0000,2955.8000,2963.6000,2963.8000,2964.0000,2964.4000,2964.8000,1,2,1,1,1,1,1,2,1,1
SF,IH2009,2020-07-02 09:32:07.900,2962.8000,18936,0,313011720.000,0,-,-,-,-,2961.6000,2961.4000,2961.0000,2960.6000,2960.2000,2963.6000,2963.8000,2964.0000,2964.4000,2964.8000,1,2,2,1,8,1,1,2,1,1
SF,IH2009,2020-07-02 09:32:08.400,2963.8000,18934,-2,314789940.000,2,0,2,双平,S,2963.8000,2961.8000,2961.6000,2961.4000,2961.0000,2964.0000,2964.4000,2964.8000,2965.0000,2965.8000,1,5,1,2,2,2,1,1,2,1
SF,IH2009,2020-07-02 09:32:08.900,2963.8000,18933,-1,315679080.000,1,0,1,双平,S,2961.8000,2961.6000,2961.4000,2961.0000,2960.6000,2963.4000,2963.8000,2964.0000,2964.4000,2964.8000,2,1,2,2,1,3,5,2,1,1
SF,IH2009,2020-07-02 09:32:09.400,2961.8000,18925,-8,324565020.000,10,1,9,多平,S,2961.8000,2961.6000,2961.4000,2961.0000,2960.6000,2963.8000,2964.0000,2964.4000,2964.8000,2965.0000,1,1,3,2,1,9,2,1,1,2
SF,IH2009,2020-07-02 09:32:09.900,2961.8000,18924,-1,325453560.000,1,0,1,双平,S,2961.8000,2961.6000,2961.4000,2961.0000,2960.6000,2963.6000,2963.8000,2964.0000,2964.4000,2964.8000,1,1,3,1,1,4,8,2,1,1
SF,IH2009,2020-07-02 09:32:10.400,2961.8000,18924,0,325453560.000,0,-,-,-,-,2962.0000,2961.8000,2961.6000,2961.4000,2961.0000,2963.6000,2963.8000,2964.0000,2964.4000,2964.8000,1,1,1,3,1,6,8,2,1,1
SF,IH2009,2020-07-02 09:32:10.900,2961.8000,18924,0,325453560.000,0,-,-,-,-,2962.4000,2962.0000,2961.8000,2961.4000,2961.0000,2963.6000,2963.8000,2964.0000,2964.4000,2964.8000,1,1,1,3,1,2,8,2,1,1
SF,IH2009,2020-07-02 09:32:11.400,2961.4000,18919,-5,330784560.000,6,0,6,多平,S,2961.0000,2960.6000,2960.2000,2960.0000,2958.4000,2962.4000,2963.4000,2963.6000,2963.8000,2964.0000,1,1,8,1,2,1,4,2,7,2
SF,IH2009,2020-07-02 09:32:11.900,2961.4000,18919,0,330784560.000,0,-,-,-,-,2960.2000,2958.4000,2957.4000,2956.4000,2956.0000,2961.0000,2962.2000,2962.4000,2963.8000,2964.0000,8,2,1,5,1,1,1,2,6,2
SF,IH2009,2020-07-02 09:32:12.400,2961.0000,18918,-1,331672860.000,1,0,1,双平,S,2961.0000,2960.2000,2958.4000,2957.4000,2956.0000,2962.2000,2962.4000,2963.8000,2964.0000,2964.4000,3,1,2,1,1,2,4,6,3,1
SF,IH2009,2020-07-02 09:32:12.900,2963.8000,18918,0,338782500.000,8,4,4,多换,S,2963.6000,2962.2000,2961.2000,2961.0000,2960.8000,2963.8000,2964.0000,2964.4000,2965.0000,2966.0000,5,1,9,6,5,5,3,1,2,2
SF,IH2009,2020-07-02 09:32:13.400,2963.2000,18908,-10,355665660.000,19,4,15,多平,S,2961.0000,2958.4000,2957.4000,2956.0000,2955.8000,2963.2000,2963.4000,2963.6000,2963.8000,2964.0000,2,2,1,1,1,2,6,4,5,3
SF,IH2009,2020-07-02 09:32:13.900,2963.2000,18908,0,355665660.000,0,-,-,-,-,2961.0000,2958.4000,2957.4000,2956.0000,2955.8000,2962.4000,2963.0000,2963.4000,2963.6000,2963.8000,2,2,1,1,1,1,2,8,4,6
SF,IH2009,2020-07-02 09:32:14.400,2963.2000,18909,1,357443580.000,2,1,1,空开,S,2962.4000,2961.2000,2961.0000,2960.0000,2958.4000,2963.6000,2963.8000,2964.0000,2964.4000,2965.0000,11,2,2,2,2,2,5,3,1,2
SF,IH2009,2020-07-02 09:32:14.900,2962.4000,18909,0,367219500.000,11,5,6,多换,S,2962.2000,2961.0000,2960.0000,2958.4000,2957.4000,2962.4000,2963.4000,2963.6000,2963.8000,2964.0000,2,2,2,2,1,1,2,1,5,3
SF,IH2009,2020-07-02 09:32:15.400,2962.2000,18909,0,368996820.000,2,1,1,多换,S,2961.0000,2960.0000,2958.4000,2957.4000,2956.0000,2962.2000,2963.6000,2963.8000,2964.0000,2964.4000,2,2,2,1,1,4,1,5,3,1
SF,IH2009,2020-07-02 09:32:15.900,2962.2000,18909,0,368996820.000,0,-,-,-,-,2961.2000,2961.0000,2960.0000,2959.8000,2958.4000,2962.0000,2962.2000,2963.6000,2963.8000,2964.0000,1,2,2,1,2,1,1,1,6,3
SF,IH2009,2020-07-02 09:32:16.400,2962.0000,18908,-1,369885420.000,1,0,1,双平,S,2961.2000,2961.0000,2960.0000,2959.8000,2958.4000,2962.2000,2963.6000,2963.8000,2964.0000,2964.4000,1,2,2,1,2,1,1,6,3,1
SF,IH2009,2020-07-02 09:32:16.900,2963.6000,18908,0,371663160.000,2,1,1,多换,S,2963.6000,2961.4000,2961.2000,2961.0000,2960.0000,2963.8000,2964.0000,2964.4000,2965.0000,2966.0000,8,1,1,2,2,6,3,1,2,2
SF,IH2009,2020-07-02 09:32:17.400,2963.6000,18908,0,378775800.000,8,4,4,多换,S,2961.4000,2961.2000,2961.0000,2960.0000,2959.8000,2963.2000,2963.4000,2963.6000,2963.8000,2964.0000,1,1,2,2,1,6,2,7,9,3
SF,IH2009,2020-07-02 09:32:17.900,2963.6000,18908,0,378775800.000,0,-,-,-,-,2961.6000,2961.4000,2961.2000,2960.2000,2960.0000,2962.8000,2963.0000,2963.2000,2963.6000,2963.8000,4,1,1,1,2,1,1,3,3,6
SF,IH2009,2020-07-02 09:32:18.400,2961.6000,18907,-1,380552820.000,2,0,2,多平,S,2961.6000,2961.2000,2960.2000,2960.0000,2959.8000,2962.6000,2962.8000,2963.2000,2963.6000,2963.8000,2,1,1,2,2,1,1,3,2,5
SF,IH2009,2020-07-02 09:32:18.900,2961.6000,18907,0,380552820.000,0,-,-,-,-,2961.8000,2961.6000,2960.2000,2960.0000,2959.8000,2962.4000,2962.6000,2962.8000,2963.2000,2963.6000,2,2,1,2,1,1,1,1,3,2
SF,IH2009,2020-07-02 09:32:19.400,2962.8000,18905,-2,382330440.000,2,0,2,双平,S,2962.4000,2961.8000,2961.6000,2960.2000,2960.0000,2963.6000,2963.8000,2964.0000,2964.4000,2965.0000,1,2,2,1,2,2,5,3,1,2
SF,IH2009,2020-07-02 09:32:19.900,2962.0000,18904,-1,383219040.000,1,0,1,双平,S,2961.8000,2961.6000,2960.2000,2960.0000,2959.8000,2963.4000,2963.6000,2963.8000,2964.0000,2964.4000,1,2,1,2,1,5,2,5,3,1
SF,IH2009,2020-07-02 09:32:20.400,2962.0000,18904,0,383219040.000,0,-,-,-,-,2962.6000,2962.0000,2961.6000,2960.2000,2960.0000,2963.4000,2963.6000,2963.8000,2964.0000,2964.4000,1,3,2,1,2,4,2,5,3,1
SF,IH2009,2020-07-02 09:32:20.900,2962.6000,18904,0,384107820.000,1,0,1,多换,S,2962.0000,2961.6000,2960.2000,2960.0000,2959.8000,2963.4000,2963.6000,2963.8000,2964.0000,2964.4000,1,2,1,2,1,5,1,5,3,1
SF,IH2009,2020-07-02 09:32:21.900,2962.6000,18904,0,384107820.000,0,-,-,-,-,2962.0000,2961.6000,2960.2000,2960.0000,2959.8000,2963.4000,2963.6000,2963.8000,2964.0000,2964.2000,1,2,1,2,1,5,1,5,3,1
SF,IH2009,2020-07-02 09:32:22.400,2962.6000,18904,0,384107820.000,0,-,-,-,-,2962.2000,2962.0000,2961.6000,2960.2000,2960.0000,2963.4000,2963.6000,2963.8000,2964.0000,2964.2000,1,1,2,1,2,5,1,5,3,1
SF,IH2009,2020-07-02 09:32:22.900,2962.6000,18904,0,384107820.000,0,-,-,-,-,2962.4000,2961.6000,2960.2000,2960.0000,2959.8000,2963.2000,2963.4000,2963.6000,2963.8000,2964.0000,1,2,1,2,1,1,4,1,5,3
SF,IH2009,2020-07-02 09:32:23.400,2962.6000,18904,0,384107820.000,0,-,-,-,-,2962.4000,2961.6000,2960.2000,2960.0000,2959.8000,2962.8000,2963.2000,2963.4000,2963.6000,2963.8000,3,2,1,2,1,1,2,2,1,5
SF,IH2009,2020-07-02 09:32:23.900,2962.8000,18903,-1,384996660.000,1,0,1,双平,S,2962.4000,2961.6000,2960.2000,2960.0000,2959.8000,2963.2000,2963.4000,2963.6000,2963.8000,2964.0000,3,2,1,2,1,1,1,1,5,3
SF,IH2009,2020-07-02 09:32:24.400,2962.8000,18903,0,384996660.000,0,-,-,-,-,2962.4000,2961.6000,2960.2000,2960.0000,2959.8000,2963.0000,2963.2000,2963.4000,2963.6000,2963.8000,3,2,1,2,1,1,1,1,1,5
SF,IH2009,2020-07-02 09:32:25.900,2962.8000,18903,0,384996660.000,0,-,-,-,-,2962.4000,2961.6000,2960.2000,2960.0000,2959.8000,2962.8000,2963.0000,2963.2000,2963.4000,2963.6000,3,2,1,2,1,1,1,1,1,1
SF,IH2009,2020-07-02 09:32:26.400,2962.8000,18903,0,384996660.000,0,-,-,-,-,2961.6000,2960.2000,2960.0000,2959.8000,2958.4000,2962.8000,2963.0000,2963.2000,2963.4000,2963.6000,2,1,2,1,2,2,1,1,1,1
SF,IH2009,2020-07-02 09:32:26.900,2961.8000,18902,-1,385885200.000,1,0,1,双平,S,2961.8000,2961.6000,2960.2000,2960.0000,2959.8000,2962.4000,2962.8000,2963.0000,2963.2000,2963.4000,1,2,1,2,1,1,2,1,1,1
SF,IH2009,2020-07-02 09:32:27.400,2961.8000,18902,0,385885200.000,0,-,-,-,-,2961.8000,2961.6000,2960.2000,2960.0000,2959.8000,2962.4000,2962.6000,2962.8000,2963.0000,2963.2000,1,2,1,2,1,1,2,1,1,1
SF,IH2009,2020-07-02 09:32:27.900,2961.8000,18901,-1,386773740.000,1,0,1,双平,S,2961.6000,2960.2000,2960.0000,2959.8000,2958.4000,2962.4000,2962.6000,2962.8000,2963.0000,2963.2000,2,1,2,1,2,1,2,1,1,1
SF,IH2009,2020-07-02 09:32:28.400,2961.8000,18901,0,386773740.000,0,-,-,-,-,2961.6000,2960.2000,2960.0000,2959.8000,2958.4000,2962.2000,2962.4000,2962.6000,2962.8000,2963.0000,2,1,2,1,2,2,1,2,1,1
SF,IH2009,2020-07-02 09:32:28.900,2961.6000,18899,-2,388550700.000,2,0,2,双平,S,2960.2000,2960.0000,2958.4000,2957.4000,2956.0000,2962.2000,2962.4000,2962.6000,2962.8000,2963.0000,1,2,2,1,1,2,1,1,1,1
SF,IH2009,2020-07-02 09:32:29.400,2962.0000,18900,1,389439300.000,1,1,0,双开,S,2960.4000,2960.2000,2960.0000,2958.4000,2957.4000,2962.0000,2962.2000,2962.4000,2962.6000,2962.8000,4,1,2,2,1,1,2,1,1,1
SF,IH2009,2020-07-02 09:32:29.900,2960.6000,18899,-1,390327480.000,1,0,1,双平,S,2960.6000,2960.4000,2960.2000,2960.0000,2958.4000,2961.8000,2962.0000,2962.4000,2962.6000,2962.8000,3,3,1,2,2,1,1,1,1,1
SF,IH2009,2020-07-02 09:32:30.400,2960.6000,18899,0,390327480.000,0,-,-,-,-,2960.8000,2960.6000,2960.4000,2960.2000,2960.0000,2961.6000,2961.8000,2962.0000,2962.4000,2962.8000,1,3,1,1,2,1,1,1,1,1
SF,IH2009,2020-07-02 09:32:30.900,2960.6000,18899,0,390327480.000,0,-,-,-,-,2960.8000,2960.6000,2960.2000,2960.0000,2958.4000,2961.6000,2961.8000,2962.0000,2962.4000,2962.8000,1,3,1,2,2,2,1,1,1,1
SF,IH2009,2020-07-02 09:32:31.400,2960.6000,18899,0,390327480.000,0,-,-,-,-,2960.8000,2960.6000,2960.2000,2960.0000,2958.4000,2961.4000,2961.8000,2962.0000,2962.4000,2962.8000,1,3,1,2,2,1,1,1,1,1
SF,IH2009,2020-07-02 09:32:31.900,2960.6000,18899,0,391215660.000,1,0,1,多换,S,2960.6000,2960.2000,2960.0000,2958.4000,2957.4000,2961.4000,2961.8000,2962.0000,2962.4000,2962.8000,7,1,2,2,1,1,1,2,1,1
SF,IH2009,2020-07-02 09:32:32.400,2960.6000,18899,0,391215660.000,0,-,-,-,-,2960.6000,2960.2000,2960.0000,2958.4000,2957.4000,2961.4000,2961.6000,2961.8000,2962.0000,2962.4000,7,1,2,2,1,1,1,1,2,1
SF,IH2009,2020-07-02 09:32:33.400,2960.6000,18899,0,391215660.000,0,-,-,-,-,2960.6000,2960.2000,2960.0000,2958.4000,2957.4000,2961.4000,2961.6000,2961.8000,2962.0000,2962.4000,7,1,2,2,1,2,1,1,2,1
SF,IH2009,2020-07-02 09:32:33.900,2961.4000,18896,-3,393880500.000,3,0,3,双平,S,2960.6000,2960.2000,2960.0000,2958.4000,2957.4000,2961.6000,2961.8000,2962.0000,2962.8000,2963.0000,6,1,2,2,1,1,1,2,1,1
SF,IH2009,2020-07-02 09:32:34.400,2961.4000,18896,0,393880500.000,0,-,-,-,-,2960.6000,2960.2000,2960.0000,2958.4000,2957.4000,2961.4000,2961.6000,2962.0000,2962.8000,2963.0000,6,1,2,2,1,4,1,2,1,1
SF,IH2009,2020-07-02 09:32:34.900,2961.4000,18896,0,393880500.000,0,-,-,-,-,2960.6000,2960.2000,2960.0000,2958.4000,2957.4000,2961.0000,2961.4000,2961.6000,2962.0000,2962.8000,5,1,2,2,1,1,8,1,2,1
SF,IH2009,2020-07-02 09:32:35.400,2961.4000,18896,0,393880500.000,0,-,-,-,-,2960.6000,2960.2000,2960.0000,2958.4000,2957.4000,2960.8000,2961.0000,2961.4000,2961.6000,2962.0000,5,1,2,2,1,1,1,3,1,2
SF,IH2009,2020-07-02 09:32:35.900,2960.6000,18890,-6,399209580.000,6,0,6,双平,S,2960.2000,2960.0000,2958.4000,2957.4000,2956.0000,2960.6000,2960.8000,2961.0000,2961.4000,2961.6000,1,2,2,1,1,5,1,1,3,1
SF,IH2009,2020-07-02 09:32:36.400,2960.6000,18890,0,399209580.000,0,-,-,-,-,2960.2000,2960.0000,2958.4000,2957.4000,2956.0000,2960.4000,2960.6000,2960.8000,2961.0000,2961.4000,1,2,2,1,1,1,6,1,1,3
SF,IH2009,2020-07-02 09:32:36.900,2960.6000,18890,0,400985820.000,2,1,1,多换,S,2960.0000,2958.4000,2957.4000,2956.0000,2955.8000,2960.6000,2961.0000,2961.4000,2961.6000,2962.0000,2,2,1,1,1,5,1,2,1,2
SF,IH2009,2020-07-02 09:32:37.400,2960.6000,18890,0,400985820.000,0,-,-,-,-,2958.4000,2957.4000,2956.0000,2955.8000,2954.6000,2960.2000,2960.6000,2961.4000,2961.6000,2962.0000,2,1,1,1,1,2,5,1,1,2
SF,IH2009,2020-07-02 09:32:37.900,2960.6000,18893,3,407202960.000,7,5,2,空开,S,2959.4000,2959.2000,2958.6000,2958.4000,2957.4000,2960.6000,2961.4000,2961.6000,2962.0000,2962.8000,1,3,7,2,1,2,1,1,2,1
SF,IH2009,2020-07-02 09:32:38.400,2960.2000,18893,0,408091020.000,1,0,1,多换,S,2959.6000,2959.4000,2958.6000,2958.4000,2957.4000,2960.4000,2960.6000,2961.4000,2961.6000,2962.0000,3,1,3,2,1,2,2,1,1,2
SF,IH2009,2020-07-02 09:32:38.900,2959.6000,18892,-1,408978900.000,1,0,1,双平,S,2959.6000,2959.4000,2958.6000,2958.4000,2957.4000,2960.4000,2960.6000,2961.4000,2961.6000,2962.0000,2,1,3,2,1,2,2,1,1,2
SF,IH2009,2020-07-02 09:32:39.400,2959.6000,18892,0,408978900.000,0,-,-,-,-,2958.6000,2958.4000,2957.4000,2956.0000,2955.8000,2959.6000,2960.2000,2960.4000,2960.6000,2961.4000,3,2,1,1,1,1,2,2,2,1
SF,IH2009,2020-07-02 09:32:39.900,2959.6000,18892,0,408978900.000,0,-,-,-,-,2958.8000,2958.4000,2957.4000,2956.0000,2955.8000,2959.6000,2960.2000,2960.6000,2961.4000,2961.6000,2,2,1,1,1,1,2,2,1,1
SF,IH2009,2020-07-02 09:32:40.400,2960.2000,18892,0,411642900.000,3,1,2,多换,S,2960.4000,2958.8000,2958.4000,2957.4000,2956.0000,2960.6000,2960.8000,2961.4000,2961.6000,2962.0000,3,1,2,1,1,2,1,4,1,2
SF,IH2009,2020-07-02 09:32:40.900,2960.4000,18892,0,414307260.000,3,1,2,多换,S,2958.8000,2958.4000,2957.4000,2956.0000,2955.8000,2960.0000,2960.4000,2960.6000,2960.8000,2961.4000,1,2,1,1,1,2,1,2,1,4
SF,IH2009,2020-07-02 09:32:41.400,2960.4000,18892,0,414307260.000,0,-,-,-,-,2958.8000,2958.4000,2957.4000,2956.0000,2955.8000,2959.8000,2960.2000,2960.4000,2960.6000,2960.8000,1,2,1,1,1,2,3,10,2,1
SF,IH2009,2020-07-02 09:32:41.900,2960.4000,18892,0,414307260.000,0,-,-,-,-,2959.0000,2958.8000,2958.4000,2957.4000,2956.0000,2960.4000,2960.6000,2960.8000,2961.0000,2961.4000,1,1,2,1,1,10,2,1,1,4
SF,IH2009,2020-07-02 09:32:42.400,2960.4000,18892,0,414307260.000,0,-,-,-,-,2960.0000,2959.2000,2959.0000,2958.4000,2957.4000,2960.4000,2960.6000,2960.8000,2961.0000,2961.4000,1,1,1,2,1,10,2,1,1,4
SF,IH2009,2020-07-02 09:32:42.900,2960.0000,18893,1,415195260.000,1,1,0,双开,S,2959.2000,2959.0000,2958.4000,2957.4000,2956.0000,2960.2000,2960.4000,2960.6000,2960.8000,2961.0000,1,1,2,1,1,1,10,2,1,1
SF,IH2009,2020-07-02 09:32:43.400,2960.0000,18893,0,415195260.000,0,-,-,-,-,2959.2000,2959.0000,2958.4000,2957.4000,2956.0000,2960.2000,2960.4000,2960.6000,2960.8000,2961.0000,1,1,2,1,1,1,10,2,1,1
SF,IH2009,2020-07-02 09:32:43.900,2960.0000,18893,0,415195260.000,0,-,-,-,-,2959.4000,2959.2000,2959.0000,2958.4000,2957.4000,2960.2000,2960.4000,2960.6000,2960.8000,2961.0000,1,1,1,2,1,1,10,2,1,1
SF,IH2009,2020-07-02 09:32:44.400,2960.2000,18893,0,416083320.000,1,0,1,多换,S,2959.4000,2959.2000,2959.0000,2958.4000,2957.4000,2960.4000,2960.6000,2960.8000,2961.0000,2961.4000,1,1,1,2,1,10,2,1,1,1
SF,IH2009,2020-07-02 09:32:44.900,2959.4000,18892,-1,416971140.000,1,0,1,双平,S,2959.2000,2959.0000,2958.4000,2957.4000,2956.0000,2960.2000,2960.4000,2960.6000,2960.8000,2961.0000,1,1,2,1,1,1,10,2,1,1
SF,IH2009,2020-07-02 09:32:45.400,2959.2000,18890,-2,418746660.000,2,0,2,双平,S,2958.4000,2957.4000,2956.0000,2955.8000,2954.6000,2959.2000,2960.0000,2960.4000,2960.6000,2960.8000,2,1,1,1,1,1,2,10,2,1
SF,IH2009,2020-07-02 09:32:45.900,2960.0000,18889,-1,420522420.000,2,0,2,多平,S,2959.2000,2959.0000,2958.6000,2958.4000,2957.4000,2960.4000,2960.6000,2960.8000,2961.0000,2961.4000,1,1,3,2,1,10,2,1,1,1
SF,IH2009,2020-07-02 09:32:46.400,2960.0000,18889,0,420522420.000,0,-,-,-,-,2959.4000,2959.2000,2959.0000,2958.6000,2958.4000,2960.2000,2960.4000,2960.6000,2960.8000,2961.0000,1,4,1,2,2,4,11,2,1,1
SF,IH2009,2020-07-02 09:32:46.900,2959.4000,18889,0,421410240.000,1,0,1,多换,S,2959.2000,2959.0000,2958.6000,2958.4000,2957.4000,2960.2000,2960.4000,2960.6000,2960.8000,2961.0000,5,1,2,2,1,4,11,2,1,1
SF,IH2009,2020-07-02 09:32:47.400,2959.4000,18889,0,421410240.000,0,-,-,-,-,2959.6000,2959.2000,2959.0000,2958.6000,2958.4000,2960.2000,2960.4000,2960.6000,2960.8000,2961.0000,1,6,1,2,2,4,11,2,1,2
SF,IH2009,2020-07-02 09:32:47.900,2959.4000,18889,0,421410240.000,0,-,-,-,-,2959.4000,2959.2000,2959.0000,2958.4000,2957.4000,2960.2000,2960.4000,2960.6000,2960.8000,2961.0000,2,6,1,2,1,2,11,2,1,2
SF,IH2009,2020-07-02 09:32:48.400,2960.0000,18889,0,422298240.000,1,0,1,多换,S,2959.2000,2959.0000,2958.4000,2957.4000,2956.0000,2960.2000,2960.4000,2960.6000,2960.8000,2961.0000,6,1,2,1,1,2,11,2,1,2
SF,IH2009,2020-07-02 09:32:48.900,2960.0000,18889,0,422298240.000,0,-,-,-,-,2959.4000,2959.2000,2959.0000,2958.4000,2957.4000,2960.2000,2960.4000,2960.6000,2960.8000,2961.0000,2,6,1,2,1,2,11,2,1,2
SF,IH2009,2020-07-02 09:32:49.400,2960.0000,18889,0,422298240.000,0,-,-,-,-,2959.6000,2959.4000,2959.2000,2959.0000,2958.4000,2960.2000,2960.4000,2960.6000,2960.8000,2961.0000,1,2,3,1,2,1,11,2,1,2
SF,IH2009,2020-07-02 09:32:49.900,2959.6000,18888,-1,424074000.000,2,0,2,多平,S,2959.2000,2959.0000,2958.4000,2957.4000,2956.0000,2959.6000,2960.0000,2960.2000,2960.4000,2960.6000,3,1,2,1,1,1,1,1,11,2
SF,IH2009,2020-07-02 09:32:50.400,2959.6000,18887,-1,424961880.000,1,0,1,双平,S,2959.2000,2959.0000,2958.4000,2957.4000,2956.0000,2959.4000,2960.0000,2960.2000,2960.4000,2960.6000,1,1,2,1,1,1,2,1,11,2
SF,IH2009,2020-07-02 09:32:50.900,2960.0000,18887,0,426737760.000,2,1,1,多换,S,2959.4000,2959.2000,2959.0000,2958.4000,2957.4000,2960.0000,2960.2000,2960.4000,2960.6000,2960.8000,1,2,1,2,1,1,1,11,2,1
SF,IH2009,2020-07-02 09:32:51.900,2960.0000,18887,0,426737760.000,0,-,-,-,-,2959.4000,2959.2000,2959.0000,2958.4000,2957.4000,2960.0000,2960.2000,2960.4000,2960.6000,2960.8000,1,2,1,2,1,2,1,11,2,1
SF,IH2009,2020-07-02 09:32:52.400,2959.8000,18887,0,428513520.000,2,1,1,多换,S,2959.2000,2959.0000,2958.4000,2957.4000,2956.0000,2960.0000,2960.2000,2960.4000,2960.6000,2960.8000,2,1,2,1,1,1,1,11,2,1
SF,IH2009,2020-07-02 09:32:52.900,2959.8000,18887,0,428513520.000,0,-,-,-,-,2959.2000,2959.0000,2958.4000,2957.4000,2956.0000,2959.8000,2960.0000,2960.2000,2960.4000,2960.6000,2,1,2,1,1,2,1,1,11,2
SF,IH2009,2020-07-02 09:32:53.400,2959.0000,18887,0,431176740.000,3,1,2,多换,S,2958.4000,2957.4000,2956.0000,2955.8000,2954.6000,2959.8000,2960.0000,2960.2000,2960.4000,2960.6000,2,1,1,1,1,2,1,2,11,2
SF,IH2009,2020-07-02 09:32:53.900,2960.0000,18888,1,434728500.000,4,2,2,空开,S,2960.0000,2958.6000,2958.4000,2957.4000,2956.0000,2960.2000,2960.4000,2960.6000,2960.8000,2961.0000,2,3,2,1,1,2,11,2,1,1
SF,IH2009,2020-07-02 09:32:54.400,2960.0000,18888,0,437392500.000,3,1,2,多换,S,2958.6000,2958.4000,2957.4000,2956.0000,2955.8000,2959.6000,2959.8000,2960.0000,2960.2000,2960.4000,3,2,1,1,1,2,4,1,2,11
SF,IH2009,2020-07-02 09:32:54.900,2960.0000,18888,0,437392500.000,0,-,-,-,-,2959.2000,2958.6000,2958.4000,2957.4000,2956.0000,2959.8000,2960.2000,2960.4000,2960.6000,2960.8000,2,3,2,1,1,11,2,11,2,1
SF,IH2009,2020-07-02 09:32:55.400,2959.2000,18889,1,439168020.000,2,1,1,空开,S,2958.6000,2958.4000,2957.4000,2956.0000,2955.8000,2959.0000,2959.6000,2959.8000,2960.0000,2960.2000,3,2,1,1,1,3,2,8,1,2
SF,IH2009,2020-07-02 09:32:55.900,2958.6000,18887,-2,441830820.000,3,0,3,多平,S,2958.6000,2958.4000,2957.4000,2956.0000,2955.8000,2959.6000,2959.8000,2960.0000,2960.2000,2960.4000,1,2,1,1,1,2,8,1,2,11
SF,IH2009,2020-07-02 09:32:56.400,2959.6000,18887,0,442718700.000,1,0,1,多换,S,2958.8000,2958.6000,2958.4000,2957.4000,2956.0000,2959.6000,2960.0000,2960.2000,2960.4000,2960.6000,1,1,2,1,1,1,1,2,11,2
SF,IH2009,2020-07-02 09:32:56.900,2958.4000,18885,-2,445381440.000,3,0,3,多平,S,2958.4000,2957.4000,2956.0000,2955.8000,2954.6000,2959.4000,2959.6000,2960.0000,2960.2000,2960.4000,1,1,1,1,1,2,1,2,2,11
SF,IH2009,2020-07-02 09:32:57.400,2958.4000,18885,0,445381440.000,0,-,-,-,-,2958.4000,2957.4000,2954.6000,2953.4000,2953.0000,2959.2000,2959.4000,2960.0000,2960.2000,2960.4000,1,1,1,1,2,2,1,3,2,11
SF,IH2009,2020-07-02 09:32:57.900,2958.4000,18885,0,445381440.000,0,-,-,-,-,2958.4000,2957.4000,2954.6000,2953.4000,2953.0000,2959.0000,2959.2000,2959.4000,2960.0000,2960.2000,1,1,1,1,2,1,2,1,3,2
SF,IH2009,2020-07-02 09:32:58.400,2958.4000,18885,0,446268960.000,1,0,1,多换,S,2957.4000,2954.6000,2953.4000,2953.0000,2952.2000,2959.0000,2959.2000,2959.4000,2960.0000,2960.2000,1,1,1,2,1,1,1,1,3,2
SF,IH2009,2020-07-02 09:32:58.900,2958.4000,18885,0,446268960.000,0,-,-,-,-,2957.6000,2957.4000,2954.6000,2953.4000,2953.0000,2958.0000,2958.8000,2959.0000,2959.4000,2960.0000,2,1,1,1,2,1,2,1,1,3
SF,IH2009,2020-07-02 09:32:59.400,2958.0000,18884,-1,447156360.000,1,0,1,双平,S,2958.0000,2957.6000,2957.4000,2954.6000,2953.4000,2959.0000,2959.4000,2960.0000,2960.2000,2960.4000,1,2,1,1,1,1,1,3,2,11
SF,IH2009,2020-07-02 09:32:59.900,2958.0000,18884,0,447156360.000,0,-,-,-,-,2957.4000,2954.6000,2953.4000,2953.0000,2952.2000,2958.0000,2958.8000,2959.0000,2960.0000,2960.2000,1,1,1,2,1,1,2,1,3,2
SF,IH2009,2020-07-02 09:33:00.400,2957.4000,18884,0,448043580.000,1,0,1,多换,S,2954.6000,2953.4000,2953.0000,2952.2000,2951.2000,2958.0000,2958.6000,2958.8000,2959.0000,2960.0000,1,1,2,1,1,1,8,3,1,3
SF,IH2009,2020-07-02 09:33:00.900,2957.4000,18884,0,448043580.000,0,-,-,-,-,2955.2000,2954.8000,2954.6000,2953.4000,2953.0000,2956.8000,2957.8000,2958.0000,2958.6000,2958.8000,1,2,3,1,2,1,1,1,9,1
SF,IH2009,2020-07-02 09:33:01.400,2957.4000,18884,0,448043580.000,0,-,-,-,-,2955.4000,2955.0000,2954.8000,2954.6000,2953.4000,2958.0000,2958.6000,2959.0000,2960.0000,2960.2000,3,1,1,3,1,1,1,1,2,2
SF,IH2009,2020-07-02 09:33:01.900,2956.8000,18883,-1,448930620.000,1,0,1,双平,S,2955.6000,2955.4000,2954.6000,2953.4000,2953.0000,2957.8000,2958.0000,2958.6000,2959.0000,2960.0000,1,2,3,1,2,2,1,1,1,2
SF,IH2009,2020-07-02 09:33:02.400,2955.8000,18882,-1,449817360.000,1,0,1,双平,S,2955.6000,2955.4000,2954.6000,2953.4000,2953.0000,2957.6000,2957.8000,2958.0000,2958.6000,2959.0000,1,1,3,1,2,1,1,1,1,1
SF,IH2009,2020-07-02 09:33:02.900,2955.8000,18882,0,449817360.000,0,-,-,-,-,2955.8000,2955.6000,2955.4000,2954.6000,2953.4000,2957.4000,2957.6000,2958.0000,2958.6000,2959.0000,2,1,1,3,1,1,1,1,1,1
SF,IH2009,2020-07-02 09:33:03.400,2955.8000,18882,0,449817360.000,0,-,-,-,-,2956.0000,2955.8000,2955.6000,2954.6000,2953.4000,2957.4000,2958.0000,2958.6000,2959.0000,2960.0000,1,2,1,3,1,2,1,1,1,2
SF,IH2009,2020-07-02 09:33:03.900,2955.8000,18882,0,449817360.000,0,-,-,-,-,2956.2000,2956.0000,2955.6000,2954.6000,2953.4000,2957.4000,2957.8000,2958.0000,2959.0000,2960.0000,1,1,1,3,1,2,1,1,1,2
SF,IH2009,2020-07-02 09:33:04.400,2955.8000,18882,0,449817360.000,0,-,-,-,-,2956.0000,2955.6000,2954.6000,2953.4000,2953.0000,2957.2000,2957.4000,2957.8000,2958.0000,2958.4000,1,1,3,1,2,2,2,1,1,1
SF,IH2009,2020-07-02 09:33:04.900,2955.8000,18882,0,449817360.000,0,-,-,-,-,2955.6000,2955.0000,2954.6000,2953.4000,2953.0000,2957.0000,2957.4000,2957.8000,2958.0000,2958.4000,1,1,3,1,2,3,1,1,1,1
SF,IH2009,2020-07-02 09:33:05.400,2955.8000,18882,0,449817360.000,0,-,-,-,-,2955.8000,2955.6000,2955.0000,2954.6000,2953.4000,2957.0000,2957.4000,2957.8000,2958.0000,2958.4000,2,1,1,3,1,1,1,1,1,1
SF,IH2009,2020-07-02 09:33:05.900,2955.8000,18882,0,449817360.000,0,-,-,-,-,2955.8000,2955.6000,2955.0000,2954.6000,2953.4000,2956.8000,2957.0000,2957.4000,2957.8000,2958.0000,2,1,1,3,1,1,1,1,1,1
SF,IH2009,2020-07-02 09:33:06.400,2955.8000,18882,0,449817360.000,0,-,-,-,-,2955.8000,2955.0000,2954.6000,2953.4000,2953.0000,2956.8000,2957.0000,2957.4000,2957.8000,2958.0000,2,1,3,1,2,2,1,1,1,1
SF,IH2009,2020-07-02 09:33:06.900,2955.8000,18882,0,449817360.000,0,-,-,-,-,2956.0000,2955.8000,2955.0000,2954.6000,2954.0000,2956.8000,2957.0000,2957.4000,2957.8000,2958.0000,1,2,1,3,1,1,1,1,1,1
SF,IH2009,2020-07-02 09:33:07.400,2955.8000,18882,0,449817360.000,0,-,-,-,-,2956.0000,2955.8000,2955.0000,2954.6000,2954.0000,2956.8000,2957.0000,2957.4000,2957.8000,2958.0000,1,1,1,1,1,1,2,1,1,1
SF,IH2009,2020-07-02 09:33:07.900,2955.8000,18879,-3,452477580.000,3,0,3,双平,S,2955.0000,2954.6000,2954.0000,2953.4000,2953.0000,2955.6000,2957.0000,2957.4000,2957.8000,2958.0000,1,1,1,1,2,7,1,1,1,1
SF,IH2009,2020-07-02 09:33:08.400,2955.6000,18872,-7,458684340.000,7,0,7,双平,S,2955.6000,2955.4000,2955.2000,2955.0000,2954.6000,2957.0000,2957.4000,2957.8000,2958.0000,2958.4000,5,1,3,3,1,1,1,1,1,1
SF,IH2009,2020-07-02 09:33:08.900,2955.6000,18872,0,458684340.000,0,-,-,-,-,2955.8000,2955.6000,2955.4000,2955.2000,2955.0000,2956.8000,2957.0000,2957.4000,2957.8000,2958.0000,2,1,1,1,3,1,1,1,1,1
SF,IH2009,2020-07-02 09:33:09.400,2955.6000,18872,0,458684340.000,0,-,-,-,-,2955.6000,2955.2000,2955.0000,2954.6000,2954.0000,2956.8000,2957.0000,2957.4000,2957.8000,2958.0000,1,1,3,1,1,1,1,1,1,1
SF,IH2009,2020-07-02 09:33:09.900,2955.6000,18872,0,458684340.000,0,-,-,-,-,2955.6000,2955.2000,2955.0000,2954.6000,2954.0000,2956.8000,2957.0000,2957.4000,2957.8000,2958.0000,1,1,1,1,1,1,1,1,1,1
SF,IH2009,2020-07-02 09:33:10.400,2955.6000,18872,0,458684340.000,0,-,-,-,-,2955.8000,2955.6000,2955.2000,2955.0000,2954.6000,2956.6000,2956.8000,2957.0000,2957.4000,2957.8000,1,1,1,1,1,1,1,1,1,1
SF,IH2009,2020-07-02 09:33:10.900,2956.8000,18871,-1,459571380.000,1,0,1,双平,S,2956.6000,2955.8000,2955.6000,2955.2000,2955.0000,2957.0000,2957.4000,2957.8000,2958.0000,2958.4000,2,1,1,1,1,1,1,1,1,2
SF,IH2009,2020-07-02 09:33:11.400,2957.0000,18870,-1,460458480.000,1,0,1,双平,S,2957.0000,2956.8000,2956.6000,2955.6000,2955.0000,2957.4000,2958.0000,2958.4000,2959.0000,2960.0000,2,1,2,1,1,1,1,1,1,1
SF,IH2009,2020-07-02 09:33:11.900,2957.4000,18869,-1,462232920.000,2,0,2,多平,S,2957.6000,2957.4000,2957.0000,2956.8000,2956.6000,2958.0000,2958.4000,2959.0000,2960.0000,2960.2000,1,1,1,1,2,1,1,1,1,2
SF,IH2009,2020-07-02 09:33:12.400,2957.4000,18868,-1,464894580.000,3,1,2,多平,S,2957.4000,2957.0000,2956.8000,2956.6000,2955.6000,2957.8000,2958.0000,2958.2000,2958.4000,2959.0000,1,1,1,2,1,1,1,1,1,1
SF,IH2009,2020-07-02 09:33:12.900,2958.0000,18867,-1,466669320.000,2,0,2,多平,S,2957.4000,2957.0000,2956.8000,2956.6000,2955.6000,2958.2000,2958.4000,2959.0000,2960.0000,2960.2000,1,1,1,2,1,1,1,1,1,2
SF,IH2009,2020-07-02 09:33:13.400,2957.6000,18866,-1,468444060.000,2,0,2,多平,S,2957.6000,2957.4000,2957.0000,2956.8000,2956.6000,2958.4000,2959.0000,2960.0000,2960.2000,2960.4000,4,1,1,1,2,1,1,1,2,1
SF,IH2009,2020-07-02 09:33:13.900,2958.4000,18865,-1,469331580.000,1,0,1,双平,S,2958.2000,2957.6000,2957.4000,2957.0000,2956.8000,2959.0000,2960.0000,2960.2000,2960.4000,2960.6000,1,4,1,1,1,1,1,2,1,1
SF,IH2009,2020-07-02 09:33:14.400,2958.2000,18864,-1,470219040.000,1,0,1,双平,S,2957.6000,2957.4000,2957.0000,2956.6000,2955.6000,2960.0000,2960.2000,2960.4000,2960.6000,2960.8000,4,1,1,2,1,1,2,1,1,1
SF,IH2009,2020-07-02 09:33:14.900,2957.6000,18862,-2,474655680.000,5,1,4,多平,S,2957.6000,2957.4000,2957.0000,2956.6000,2955.6000,2959.2000,2959.8000,2960.0000,2960.2000,2960.4000,1,1,1,2,1,1,5,2,2,1
SF,IH2009,2020-07-02 09:33:15.400,2957.6000,18862,0,474655680.000,0,-,-,-,-,2957.8000,2957.6000,2957.4000,2957.0000,2956.6000,2959.0000,2959.8000,2960.0000,2960.2000,2960.4000,3,1,1,1,2,3,2,2,2,1
SF,IH2009,2020-07-02 09:33:15.900,2957.6000,18862,0,474655680.000,0,-,-,-,-,2958.0000,2957.8000,2957.4000,2957.0000,2956.6000,2959.0000,2959.2000,2959.8000,2960.0000,2960.2000,2,1,1,1,2,2,1,2,2,2
SF,IH2009,2020-07-02 09:33:16.400,2957.6000,18862,0,474655680.000,0,-,-,-,-,2958.2000,2958.0000,2957.4000,2957.0000,2956.6000,2959.0000,2959.2000,2959.8000,2960.0000,2960.2000,1,2,1,1,2,2,1,2,2,2
SF,IH2009,2020-07-02 09:33:16.900,2957.6000,18861,-1,475542960.000,1,0,1,双平,S,2958.0000,2957.4000,2957.0000,2956.6000,2955.0000,2959.0000,2959.2000,2959.8000,2960.0000,2960.2000,1,1,1,2,1,2,1,2,2,2
SF,IH2009,2020-07-02 09:33:17.400,2958.2000,18860,-1,476430420.000,1,0,1,双平,S,2958.2000,2958.0000,2957.4000,2957.0000,2956.6000,2958.8000,2959.0000,2959.2000,2959.8000,2960.0000,1,1,1,1,2,1,1,2,1,2
SF,IH2009,2020-07-02 09:33:17.900,2958.2000,18859,-1,477317880.000,1,0,1,双平,S,2958.0000,2957.4000,2957.0000,2956.6000,2955.0000,2958.6000,2959.2000,2960.0000,2960.2000,2960.4000,1,1,1,2,1,1,2,2,2,1
SF,IH2009,2020-07-02 09:33:18.400,2958.2000,18859,0,477317880.000,0,-,-,-,-,2957.4000,2957.0000,2956.6000,2955.0000,2954.6000,2958.6000,2959.2000,2960.0000,2960.2000,2960.4000,1,1,2,1,1,2,2,2,2,1
SF,IH2009,2020-07-02 09:33:18.900,2958.2000,18859,0,477317880.000,0,-,-,-,-,2957.4000,2957.0000,2956.6000,2955.8000,2955.0000,2958.6000,2959.2000,2960.0000,2960.2000,2960.4000,1,1,2,1,1,2,2,2,2,1
SF,IH2009,2020-07-02 09:33:19.400,2958.2000,18859,0,477317880.000,0,-,-,-,-,2957.4000,2957.0000,2956.6000,2955.8000,2955.0000,2958.4000,2958.6000,2959.2000,2960.0000,2960.2000,1,1,2,1,1,2,2,2,2,2
SF,IH2009,2020-07-02 09:33:19.900,2958.2000,18859,0,477317880.000,0,-,-,-,-,2957.6000,2957.4000,2957.0000,2956.6000,2955.8000,2958.0000,2958.2000,2958.6000,2959.2000,2960.0000,1,1,1,2,1,1,1,1,2,2
SF,IH2009,2020-07-02 09:33:20.400,2958.2000,18858,-1,478205340.000,1,0,1,双平,S,2957.6000,2957.4000,2957.0000,2956.6000,2955.8000,2958.2000,2958.6000,2959.2000,2960.0000,2960.2000,1,1,1,2,1,1,1,2,2,2
SF,IH2009,2020-07-02 09:33:20.900,2958.2000,18858,0,478205340.000,0,-,-,-,-,2957.6000,2957.4000,2957.0000,2956.6000,2955.8000,2958.2000,2958.4000,2958.6000,2959.2000,2960.0000,1,1,1,2,1,1,1,1,2,2
SF,IH2009,2020-07-02 09:33:22.400,2958.4000,18856,-2,479980320.000,2,0,2,双平,S,2958.4000,2957.6000,2957.4000,2957.0000,2956.6000,2958.6000,2959.2000,2960.0000,2960.2000,2960.4000,1,1,1,1,2,1,2,2,2,1
SF,IH2009,2020-07-02 09:33:22.900,2958.6000,18854,-2,481755480.000,2,0,2,双平,S,2958.4000,2958.2000,2957.6000,2957.4000,2957.0000,2958.8000,2959.2000,2960.0000,2960.2000,2960.4000,1,1,1,1,1,1,2,2,2,1
SF,IH2009,2020-07-02 09:33:23.400,2958.8000,18852,-2,483530760.000,2,0,2,双平,S,2958.8000,2958.6000,2958.4000,2957.6000,2957.4000,2959.2000,2960.0000,2960.2000,2960.4000,2960.6000,1,1,1,1,1,2,2,2,1,1
SF,IH2009,2020-07-02 09:33:24.400,2958.8000,18852,0,483530760.000,0,-,-,-,-,2958.8000,2958.6000,2958.4000,2957.6000,2957.4000,2959.2000,2960.0000,2960.2000,2960.4000,2960.6000,1,1,1,1,1,2,1,2,1,1
SF,IH2009,2020-07-02 09:33:24.900,2958.8000,18851,-1,484418400.000,1,0,1,双平,S,2958.6000,2958.4000,2957.6000,2957.4000,2957.0000,2959.2000,2960.0000,2960.2000,2960.4000,2960.6000,1,1,1,1,1,2,1,2,1,1
SF,IH2009,2020-07-02 09:33:25.400,2959.2000,18850,-1,485306160.000,1,0,1,双平,S,2958.6000,2958.4000,2957.6000,2957.4000,2957.0000,2959.2000,2960.0000,2960.2000,2960.4000,2960.6000,1,1,1,1,1,1,1,2,1,1
SF,IH2009,2020-07-02 09:33:25.900,2959.2000,18850,0,485306160.000,0,-,-,-,-,2958.6000,2958.4000,2957.6000,2957.4000,2957.0000,2959.2000,2959.4000,2960.0000,2960.2000,2960.4000,1,1,1,1,1,1,1,1,2,1
SF,IH2009,2020-07-02 09:33:26.400,2959.2000,18849,-1,486193920.000,1,0,1,双平,S,2958.8000,2958.6000,2958.4000,2957.4000,2957.0000,2959.4000,2960.0000,2960.2000,2960.4000,2960.6000,1,1,1,1,1,1,1,2,1,1
SF,IH2009,2020-07-02 09:33:26.900,2959.2000,18849,0,488857200.000,3,1,2,多换,S,2959.2000,2958.8000,2958.6000,2958.4000,2957.4000,2959.4000,2960.0000,2960.2000,2960.4000,2960.6000,2,1,1,1,1,1,1,2,1,1
SF,IH2009,2020-07-02 09:33:27.400,2959.4000,18848,-1,489745020.000,1,0,1,双平,S,2959.2000,2958.8000,2958.6000,2958.4000,2957.4000,2960.0000,2960.2000,2960.4000,2960.6000,2960.8000,2,1,1,1,1,1,2,1,1,1
SF,IH2009,2020-07-02 09:33:27.900,2959.2000,18848,0,491520540.000,2,1,1,多换,S,2958.8000,2958.6000,2958.4000,2957.4000,2957.0000,2959.2000,2959.8000,2960.0000,2960.2000,2960.4000,1,1,1,1,1,1,2,1,3,1
SF,IH2009,2020-07-02 09:33:28.400,2959.2000,18847,-1,492408300.000,1,0,1,双平,S,2959.2000,2958.8000,2958.6000,2958.4000,2957.8000,2959.8000,2960.0000,2960.2000,2960.4000,2960.6000,2,1,1,1,1,2,1,3,1,1
SF,IH2009,2020-07-02 09:33:28.900,2959.4000,18842,-5,496847640.000,5,0,5,双平,S,2959.2000,2958.8000,2958.6000,2958.4000,2957.8000,2960.0000,2960.2000,2960.4000,2960.6000,2960.8000,2,1,1,1,1,1,3,1,1,1
SF,IH2009,2020-07-02 09:33:29.400,2959.4000,18842,0,496847640.000,0,-,-,-,-,2959.2000,2958.6000,2958.4000,2957.8000,2957.4000,2960.0000,2960.2000,2960.4000,2960.6000,2960.8000,2,1,1,1,1,1,3,1,1,1
SF,IH2009,2020-07-02 09:33:29.900,2959.4000,18842,0,496847640.000,0,-,-,-,-,2959.4000,2959.2000,2958.6000,2958.4000,2957.8000,2959.6000,2960.0000,2960.2000,2960.4000,2960.6000,1,2,1,1,1,1,1,3,1,1
SF,IH2009,2020-07-02 09:33:30.400,2959.2000,18839,-3,499511100.000,3,0,3,双平,S,2958.6000,2958.4000,2957.8000,2957.4000,2954.6000,2959.2000,2960.0000,2960.2000,2960.4000,2960.6000,1,1,1,1,1,1,1,3,1,1
SF,IH2009,2020-07-02 09:33:30.900,2960.0000,18837,-2,502174680.000,3,0,3,多平,S,2959.2000,2959.0000,2958.8000,2958.6000,2958.4000,2959.4000,2960.2000,2960.4000,2960.6000,2960.8000,3,1,9,1,1,1,3,1,1,1
SF,IH2009,2020-07-02 09:33:31.400,2959.4000,18836,-1,503950320.000,2,0,2,多平,S,2959.4000,2959.0000,2958.8000,2958.4000,2957.8000,2959.8000,2960.2000,2960.4000,2960.6000,2960.8000,1,1,1,1,1,1,3,1,1,1
SF,IH2009,2020-07-02 09:33:31.900,2959.4000,18836,0,504838140.000,1,0,1,多换,S,2958.8000,2958.4000,2957.8000,2957.4000,2957.2000,2959.6000,2959.8000,2960.2000,2960.4000,2960.6000,1,1,1,1,1,2,1,3,1,1
SF,IH2009,2020-07-02 09:33:32.400,2959.8000,18833,-3,507501840.000,3,0,3,双平,S,2959.8000,2959.0000,2958.8000,2958.4000,2958.2000,2960.2000,2960.4000,2960.6000,2960.8000,2961.8000,2,2,1,1,3,3,1,1,1,1
SF,IH2009,2020-07-02 09:33:32.900,2958.8000,18831,-2,510165360.000,3,0,3,多平,S,2958.4000,2958.2000,2957.8000,2957.4000,2954.6000,2960.2000,2960.4000,2960.6000,2960.8000,2961.8000,1,3,1,1,1,3,2,1,1,1
SF,IH2009,2020-07-02 09:33:33.400,2958.8000,18831,0,510165360.000,0,-,-,-,-,2958.6000,2958.4000,2958.2000,2957.8000,2957.4000,2960.0000,2960.2000,2960.4000,2960.6000,2960.8000,3,1,3,1,1,3,3,2,1,1
SF,IH2009,2020-07-02 09:33:33.900,2958.8000,18831,0,510165360.000,0,-,-,-,-,2959.8000,2958.6000,2958.4000,2958.2000,2957.8000,2960.0000,2960.2000,2960.4000,2960.6000,2960.8000,1,2,1,3,1,3,3,2,1,1
SF,IH2009,2020-07-02 09:33:34.400,2959.8000,18832,1,511053300.000,1,1,0,双开,S,2958.4000,2958.2000,2957.8000,2957.4000,2956.6000,2960.2000,2960.4000,2960.6000,2960.8000,2961.8000,1,3,1,1,1,3,2,1,1,1
SF,IH2009,2020-07-02 09:33:34.900,2959.8000,18832,0,511053300.000,0,-,-,-,-,2958.6000,2958.4000,2958.2000,2957.8000,2957.4000,2960.0000,2960.2000,2960.4000,2960.6000,2960.8000,2,1,3,1,1,3,3,2,1,1
SF,IH2009,2020-07-02 09:33:35.900,2959.8000,18832,0,511053300.000,0,-,-,-,-,2958.8000,2958.6000,2958.4000,2958.2000,2957.8000,2960.0000,2960.2000,2960.4000,2960.6000,2960.8000,1,2,1,3,1,3,3,2,1,1
SF,IH2009,2020-07-02 09:33:36.400,2959.8000,18832,0,511053300.000,0,-,-,-,-,2959.0000,2958.8000,2958.4000,2958.2000,2957.8000,2960.0000,2960.2000,2960.4000,2960.6000,2960.8000,2,1,1,3,1,2,4,2,1,1
SF,IH2009,2020-07-02 09:33:36.900,2960.0000,18830,-2,512829300.000,2,0,2,双平,S,2959.0000,2958.8000,2958.4000,2958.2000,2957.8000,2960.2000,2960.4000,2960.6000,2960.8000,2961.8000,2,1,1,3,1,4,2,1,1,1
SF,IH2009,2020-07-02 09:33:37.400,2960.0000,18830,0,512829300.000,0,-,-,-,-,2959.0000,2958.8000,2958.4000,2958.2000,2957.8000,2960.0000,2960.2000,2960.4000,2960.6000,2960.8000,1,1,1,3,1,4,4,2,1,1
SF,IH2009,2020-07-02 09:33:37.900,2960.0000,18830,0,512829300.000,0,-,-,-,-,2958.8000,2958.4000,2958.2000,2957.8000,2957.4000,2959.0000,2960.0000,2960.2000,2960.4000,2960.6000,1,1,3,1,1,2,4,5,3,1
SF,IH2009,2020-07-02 09:33:38.400,2958.8000,18829,-1,513716940.000,1,0,1,双平,S,2958.4000,2958.2000,2957.8000,2957.4000,2954.6000,2959.0000,2959.8000,2960.0000,2960.2000,2960.4000,1,3,1,1,1,2,1,2,6,3
SF,IH2009,2020-07-02 09:33:38.900,2958.8000,18829,0,513716940.000,0,-,-,-,-,2958.2000,2957.8000,2957.4000,2954.6000,2954.0000,2958.8000,2959.0000,2959.8000,2960.0000,2960.2000,3,1,1,1,1,1,2,1,2,6
SF,IH2009,2020-07-02 09:33:39.400,2958.8000,18829,0,514604580.000,1,0,1,多换,S,2958.2000,2958.0000,2957.8000,2957.4000,2954.6000,2959.0000,2959.8000,2960.0000,2960.2000,2960.4000,3,1,1,1,1,2,1,3,6,3
SF,IH2009,2020-07-02 09:33:39.900,2959.0000,18823,-6,519929760.000,6,0,6,双平,S,2957.4000,2954.6000,2954.0000,2953.4000,2953.0000,2959.8000,2960.0000,2960.2000,2960.4000,2960.6000,1,1,1,1,2,1,3,6,3,1
SF,IH2009,2020-07-02 09:33:40.400,2959.0000,18823,0,519929760.000,0,-,-,-,-,2957.6000,2957.4000,2954.6000,2954.0000,2953.4000,2959.6000,2959.8000,2960.0000,2960.2000,2960.4000,1,1,1,1,1,7,2,2,6,3
SF,IH2009,2020-07-02 09:33:40.900,2959.0000,18823,0,519929760.000,0,-,-,-,-,2957.6000,2957.4000,2955.0000,2954.6000,2954.0000,2959.4000,2959.6000,2959.8000,2960.0000,2960.2000,1,1,1,1,1,2,16,3,1,6
SF,IH2009,2020-07-02 09:33:41.400,2959.0000,18823,0,519929760.000,0,-,-,-,-,2957.8000,2957.6000,2957.4000,2955.0000,2954.6000,2959.2000,2959.6000,2959.8000,2960.0000,2960.2000,1,1,1,1,1,6,3,3,1,6
SF,IH2009,2020-07-02 09:33:41.900,2957.8000,18822,-1,520817100.000,1,0,1,双平,S,2957.8000,2957.6000,2957.4000,2955.0000,2954.6000,2959.0000,2959.2000,2959.6000,2959.8000,2960.0000,1,1,1,1,1,2,8,3,2,1
SF,IH2009,2020-07-02 09:33:42.400,2957.8000,18822,0,520817100.000,0,-,-,-,-,2958.0000,2957.8000,2957.4000,2955.0000,2954.6000,2959.0000,2959.2000,2959.6000,2959.8000,2960.0000,1,1,1,1,1,2,5,3,2,1
SF,IH2009,2020-07-02 09:33:42.900,2959.2000,18820,-2,522592500.000,2,0,2,双平,S,2958.2000,2958.0000,2957.8000,2957.4000,2955.0000,2959.2000,2959.6000,2959.8000,2960.0000,2960.2000,1,2,1,1,1,1,1,2,1,6
SF,IH2009,2020-07-02 09:33:43.400,2959.2000,18820,0,522592500.000,0,-,-,-,-,2958.4000,2958.0000,2957.4000,2955.0000,2954.6000,2959.0000,2959.2000,2959.6000,2959.8000,2960.0000,1,1,1,1,1,1,1,1,1,1
SF,IH2009,2020-07-02 09:33:43.900,2959.2000,18820,0,522592500.000,0,-,-,-,-,2958.0000,2957.4000,2955.0000,2954.6000,2954.0000,2959.0000,2959.2000,2959.6000,2959.8000,2960.0000,1,1,1,1,1,1,1,1,1,1
SF,IH2009,2020-07-02 09:33:44.400,2958.2000,18820,0,526143240.000,4,2,2,多换,S,2958.0000,2957.4000,2955.0000,2954.6000,2954.0000,2959.6000,2959.8000,2960.0000,2960.2000,2960.4000,1,1,1,1,1,1,1,1,6,3
SF,IH2009,2020-07-02 09:33:44.900,2958.2000,18820,0,526143240.000,0,-,-,-,-,2958.0000,2957.4000,2955.0000,2954.6000,2954.0000,2959.4000,2959.6000,2959.8000,2960.0000,2960.2000,1,1,1,1,1,5,1,1,1,6
SF,IH2009,2020-07-02 09:33:45.400,2958.2000,18820,0,526143240.000,0,-,-,-,-,2958.0000,2957.4000,2955.0000,2954.6000,2954.0000,2959.4000,2959.6000,2959.8000,2960.0000,2960.2000,1,1,1,1,1,5,3,1,1,6
SF,IH2009,2020-07-02 09:33:45.900,2958.2000,18820,0,526143240.000,0,-,-,-,-,2958.0000,2957.4000,2957.0000,2955.0000,2954.6000,2959.2000,2959.4000,2959.6000,2959.8000,2960.0000,1,1,1,1,1,3,4,3,1,1
SF,IH2009,2020-07-02 09:33:46.400,2958.0000,18819,-1,527030640.000,1,0,1,双平,S,2957.4000,2957.0000,2955.0000,2954.6000,2954.0000,2958.0000,2959.0000,2959.2000,2959.4000,2959.6000,1,1,1,1,1,1,5,2,2,3
SF,IH2009,2020-07-02 09:33:46.900,2958.0000,18819,0,527030640.000,0,-,-,-,-,2957.0000,2955.0000,2954.6000,2954.0000,2953.4000,2957.8000,2959.0000,2959.2000,2959.4000,2959.6000,1,1,1,1,1,1,3,2,2,2
SF,IH2009,2020-07-02 09:33:47.400,2958.0000,18819,0,527030640.000,0,-,-,-,-,2957.0000,2955.0000,2954.0000,2953.4000,2953.0000,2957.8000,2959.0000,2959.2000,2959.4000,2959.6000,2,1,1,1,2,2,3,2,2,2
SF,IH2009,2020-07-02 09:33:47.900,2958.0000,18819,0,527918040.000,1,0,1,多换,S,2957.0000,2955.0000,2954.0000,2953.4000,2953.0000,2957.8000,2959.0000,2959.2000,2959.4000,2959.6000,2,1,1,1,2,1,3,2,2,2
SF,IH2009,2020-07-02 09:33:48.400,2958.0000,18819,0,527918040.000,0,-,-,-,-,2957.2000,2957.0000,2955.0000,2954.0000,2953.4000,2957.8000,2959.0000,2959.2000,2959.4000,2959.6000,1,2,1,1,1,4,3,2,2,2
SF,IH2009,2020-07-02 09:33:48.900,2958.0000,18819,0,527918040.000,0,-,-,-,-,2957.0000,2955.0000,2954.0000,2953.4000,2953.0000,2957.8000,2959.0000,2959.2000,2959.4000,2959.6000,2,1,1,1,2,4,3,2,2,2
SF,IH2009,2020-07-02 09:33:49.400,2957.8000,18819,0,528805380.000,1,0,1,多换,S,2957.0000,2955.0000,2954.0000,2953.4000,2953.0000,2957.8000,2959.0000,2959.2000,2959.4000,2959.6000,2,1,1,1,2,3,3,2,2,2
SF,IH2009,2020-07-02 09:33:49.900,2957.0000,18819,0,529692480.000,1,0,1,多换,S,2957.0000,2955.0000,2954.0000,2953.4000,2953.0000,2957.8000,2959.0000,2959.2000,2959.4000,2959.6000,1,1,1,1,2,3,3,2,2,2
SF,IH2009,2020-07-02 09:33:50.400,2957.0000,18818,-1,530579580.000,1,0,1,双平,S,2955.0000,2954.0000,2953.4000,2953.0000,2952.2000,2957.8000,2959.0000,2959.2000,2959.4000,2959.6000,1,1,1,2,1,3,3,2,2,2
SF,IH2009,2020-07-02 09:33:50.900,2957.0000,18818,0,530579580.000,0,-,-,-,-,2955.6000,2955.4000,2955.2000,2955.0000,2954.0000,2957.6000,2957.8000,2959.0000,2959.2000,2959.4000,1,2,3,5,1,2,3,2,2,3
SF,IH2009,2020-07-02 09:33:51.400,2957.0000,18818,0,530579580.000,0,-,-,-,-,2955.8000,2955.6000,2955.4000,2955.2000,2955.0000,2957.6000,2957.8000,2959.0000,2959.2000,2959.4000,3,1,2,1,5,2,3,2,2,3
SF,IH2009,2020-07-02 09:33:51.900,2957.0000,18818,0,530579580.000,0,-,-,-,-,2955.8000,2955.6000,2955.4000,2955.0000,2954.0000,2957.6000,2957.8000,2959.0000,2959.2000,2959.4000,4,1,2,5,1,2,3,2,2,3
SF,IH2009,2020-07-02 09:33:52.400,2957.0000,18818,0,530579580.000,0,-,-,-,-,2956.0000,2955.8000,2955.0000,2954.0000,2953.4000,2957.8000,2959.0000,2959.2000,2959.4000,2959.6000,4,3,5,1,1,3,3,2,3,2
SF,IH2009,2020-07-02 09:33:52.900,2957.8000,18818,0,531466920.000,1,0,1,多换,S,2956.6000,2956.2000,2956.0000,2955.8000,2955.0000,2957.8000,2959.0000,2959.2000,2959.4000,2959.6000,1,3,3,1,5,2,3,2,3,2
SF,IH2009,2020-07-02 09:33:53.400,2957.8000,18816,-2,533241600.000,2,0,2,双平,S,2957.6000,2956.8000,2956.6000,2956.0000,2955.8000,2959.0000,2959.4000,2959.6000,2959.8000,2960.0000,1,3,1,3,1,1,3,1,1,1
SF,IH2009,2020-07-02 09:33:53.900,2957.8000,18816,0,533241600.000,0,-,-,-,-,2957.8000,2957.6000,2956.6000,2956.0000,2955.8000,2958.8000,2959.0000,2959.4000,2959.6000,2959.8000,1,1,1,1,1,1,1,2,1,1
SF,IH2009,2020-07-02 09:33:54.400,2957.8000,18816,0,533241600.000,0,-,-,-,-,2957.6000,2956.6000,2956.0000,2955.8000,2955.0000,2958.8000,2959.0000,2959.4000,2959.6000,2959.8000,1,1,1,1,5,1,1,2,1,1
SF,IH2009,2020-07-02 09:33:54.900,2957.8000,18816,0,533241600.000,0,-,-,-,-,2958.0000,2956.0000,2955.0000,2954.0000,2953.4000,2958.6000,2958.8000,2959.0000,2959.4000,2959.6000,1,1,7,1,1,1,1,1,1,1
SF,IH2009,2020-07-02 09:33:55.400,2958.0000,18816,0,534129000.000,1,0,1,多换,S,2958.0000,2957.8000,2956.2000,2956.0000,2955.0000,2959.0000,2959.4000,2959.6000,2959.8000,2960.0000,1,1,1,1,7,1,1,1,1,1
SF,IH2009,2020-07-02 09:33:55.900,2958.0000,18816,0,534129000.000,0,-,-,-,-,2958.2000,2958.0000,2957.8000,2956.2000,2956.0000,2959.0000,2959.4000,2959.8000,2960.0000,2960.2000,2,1,1,1,1,1,1,1,6,2
SF,IH2009,2020-07-02 09:33:56.400,2958.0000,18815,-1,535016400.000,1,0,1,双平,S,2958.2000,2958.0000,2957.8000,2956.2000,2956.0000,2959.0000,2959.4000,2959.8000,2960.0000,2960.2000,2,1,1,1,1,1,1,1,6,2
SF,IH2009,2020-07-02 09:33:56.900,2958.0000,18815,0,535016400.000,0,-,-,-,-,2958.2000,2958.0000,2956.2000,2956.0000,2955.0000,2959.0000,2959.4000,2959.8000,2960.0000,2960.2000,2,1,1,1,7,1,1,1,6,2
SF,IH2009,2020-07-02 09:33:57.900,2959.0000,18816,1,535904100.000,1,1,0,双开,S,2958.2000,2958.0000,2956.8000,2956.2000,2956.0000,2959.4000,2959.8000,2960.0000,2960.2000,2960.4000,2,1,1,1,1,1,1,6,2,2
SF,IH2009,2020-07-02 09:33:58.400,2959.0000,18816,0,535904100.000,0,-,-,-,-,2958.2000,2958.0000,2956.8000,2956.2000,2956.0000,2958.8000,2959.2000,2959.4000,2959.8000,2960.0000,1,1,1,1,1,1,2,1,1,6
SF,IH2009,2020-07-02 09:33:58.900,2958.8000,18815,-1,536791740.000,1,0,1,双平,S,2958.2000,2956.8000,2956.2000,2956.0000,2955.0000,2959.2000,2959.4000,2959.8000,2960.0000,2960.2000,1,1,1,1,7,2,1,2,6,2
SF,IH2009,2020-07-02 09:33:59.400,2958.8000,18815,0,536791740.000,0,-,-,-,-,2958.2000,2956.8000,2956.2000,2956.0000,2955.0000,2959.2000,2959.4000,2959.8000,2960.0000,2960.2000,1,1,1,1,7,2,1,2,6,2
SF,IH2009,2020-07-02 09:34:00.400,2959.2000,18813,-2,538567260.000,2,0,2,双平,S,2958.2000,2956.8000,2956.2000,2956.0000,2955.0000,2959.4000,2959.8000,2960.0000,2960.2000,2960.4000,1,1,1,1,7,1,2,6,2,2
SF,IH2009,2020-07-02 09:34:00.900,2959.8000,18810,-3,541230960.000,3,0,3,双平,S,2959.4000,2958.4000,2958.2000,2956.8000,2956.2000,2960.0000,2960.2000,2960.4000,2960.6000,2960.8000,4,6,1,1,1,6,2,2,2,1
SF,IH2009,2020-07-02 09:34:01.400,2959.6000,18808,-2,543894840.000,3,0,3,多平,S,2959.6000,2958.6000,2958.4000,2958.2000,2956.8000,2960.0000,2960.2000,2960.4000,2960.6000,2960.8000,2,2,1,1,1,4,2,2,2,1
SF,IH2009,2020-07-02 09:34:01.900,2960.0000,18805,-3,546558600.000,3,0,3,双平,S,2959.6000,2958.6000,2958.2000,2956.8000,2956.2000,2960.0000,2960.2000,2960.4000,2960.6000,2960.8000,1,2,1,1,1,3,2,2,2,1
SF,IH2009,2020-07-02 09:34:02.400,2960.0000,18804,-1,547446600.000,1,0,1,双平,S,2959.8000,2958.8000,2958.6000,2956.8000,2956.2000,2960.0000,2960.2000,2960.4000,2960.6000,2960.8000,1,1,2,1,1,2,2,2,2,1
SF,IH2009,2020-07-02 09:34:02.900,2959.8000,18803,-1,548334540.000,1,0,1,双平,S,2958.8000,2958.6000,2956.8000,2956.2000,2956.0000,2959.8000,2960.0000,2960.2000,2960.4000,2960.6000,1,2,1,1,1,1,2,2,2,2
SF,IH2009,2020-07-02 09:34:03.400,2959.8000,18803,0,548334540.000,0,-,-,-,-,2959.4000,2959.0000,2958.8000,2956.8000,2956.2000,2960.0000,2960.2000,2960.4000,2960.6000,2960.8000,1,2,1,1,1,2,2,2,2,1
SF,IH2009,2020-07-02 09:34:03.900,2959.8000,18803,0,548334540.000,0,-,-,-,-,2959.4000,2959.0000,2958.8000,2956.8000,2956.2000,2959.6000,2960.0000,2960.2000,2960.4000,2960.6000,1,1,1,1,1,1,2,2,2,2
SF,IH2009,2020-07-02 09:34:04.400,2959.6000,18801,-2,550110300.000,2,0,2,双平,S,2959.4000,2958.8000,2956.8000,2956.2000,2955.0000,2959.8000,2960.0000,2960.2000,2960.4000,2960.6000,1,1,1,1,7,1,2,2,2,2
SF,IH2009,2020-07-02 09:34:04.900,2959.4000,18800,-1,550998120.000,1,0,1,双平,S,2958.8000,2956.8000,2956.2000,2955.0000,2954.0000,2959.8000,2960.0000,2960.2000,2960.4000,2960.6000,1,1,1,7,1,1,2,2,2,2
SF,IH2009,2020-07-02 09:34:05.400,2959.4000,18800,0,550998120.000,0,-,-,-,-,2959.0000,2957.0000,2956.8000,2956.2000,2955.0000,2959.6000,2959.8000,2960.0000,2960.2000,2960.4000,1,1,1,1,7,1,1,2,2,2
SF,IH2009,2020-07-02 09:34:05.900,2959.4000,18800,0,550998120.000,0,-,-,-,-,2959.0000,2957.0000,2956.8000,2956.2000,2955.0000,2959.6000,2959.8000,2960.0000,2960.2000,2960.4000,1,1,1,1,7,1,1,2,2,2
SF,IH2009,2020-07-02 09:34:06.400,2959.0000,18799,-1,551885820.000,1,0,1,双平,S,2957.0000,2956.8000,2956.2000,2955.0000,2954.8000,2959.6000,2959.8000,2960.0000,2960.2000,2960.4000,1,1,1,7,1,1,1,2,2,2
SF,IH2009,2020-07-02 09:34:06.900,2959.0000,18799,0,551885820.000,0,-,-,-,-,2958.0000,2957.4000,2957.2000,2957.0000,2956.8000,2959.4000,2959.6000,2960.0000,2960.2000,2960.4000,2,1,4,1,2,1,1,2,2,2
SF,IH2009,2020-07-02 09:34:07.400,2959.0000,18799,0,551885820.000,0,-,-,-,-,2958.4000,2958.2000,2958.0000,2957.2000,2957.0000,2959.2000,2959.4000,2960.0000,2960.2000,2960.4000,1,2,2,3,1,1,1,2,2,2
SF,IH2009,2020-07-02 09:34:07.900,2959.0000,18799,0,551885820.000,0,-,-,-,-,2958.4000,2958.2000,2958.0000,2957.2000,2957.0000,2959.2000,2960.0000,2960.2000,2960.4000,2960.6000,1,1,2,3,1,1,2,2,2,2
SF,IH2009,2020-07-02 09:34:08.400,2959.0000,18799,0,551885820.000,0,-,-,-,-,2958.2000,2958.0000,2957.2000,2957.0000,2956.8000,2959.2000,2960.0000,2960.2000,2960.4000,2960.6000,1,2,3,1,2,1,2,2,2,2
SF,IH2009,2020-07-02 09:34:08.900,2959.0000,18799,0,551885820.000,0,-,-,-,-,2958.2000,2958.0000,2957.2000,2957.0000,2956.8000,2959.2000,2960.0000,2960.2000,2960.4000,2960.6000,1,2,3,1,2,1,2,2,2,2
SF,IH2009,2020-07-02 09:34:09.400,2959.0000,18799,0,551885820.000,0,-,-,-,-,2958.4000,2958.2000,2958.0000,2957.2000,2957.0000,2959.2000,2960.0000,2960.2000,2960.4000,2960.6000,1,1,2,3,1,1,2,2,2,2
SF,IH2009,2020-07-02 09:34:09.900,2959.2000,18798,-1,552773580.000,1,0,1,双平,S,2959.2000,2958.6000,2958.4000,2958.2000,2956.8000,2960.0000,2960.2000,2960.4000,2960.6000,2960.8000,3,1,1,1,1,2,2,2,2,1
SF,IH2009,2020-07-02 09:34:10.400,2960.0000,18796,-2,554549580.000,2,0,2,双平,S,2959.2000,2958.6000,2958.4000,2958.2000,2956.8000,2960.2000,2960.4000,2960.6000,2960.8000,2963.0000,3,1,1,1,1,2,2,2,1,1
SF,IH2009,2020-07-02 09:34:10.900,2960.2000,18796,0,555437640.000,1,0,1,多换,S,2959.4000,2958.6000,2958.4000,2956.8000,2956.2000,2960.0000,2960.2000,2960.4000,2960.6000,2960.8000,1,1,1,1,1,1,1,2,2,1
SF,IH2009,2020-07-02 09:34:11.400,2960.4000,18793,-3,558990000.000,4,0,4,多平,S,2959.6000,2959.4000,2958.6000,2958.2000,2956.8000,2960.6000,2960.8000,2963.0000,2963.2000,2963.8000,1,2,1,1,1,2,1,1,1,2
SF,IH2009,2020-07-02 09:34:11.900,2959.8000,18792,-1,560766120.000,2,0,2,多平,S,2959.8000,2958.6000,2958.2000,2956.8000,2956.2000,2960.6000,2960.8000,2963.0000,2963.2000,2963.8000,1,1,1,1,1,1,1,1,1,2
SF,IH2009,2020-07-02 09:34:12.400,2960.6000,18791,-1,561654300.000,1,0,1,双平,S,2960.0000,2959.8000,2958.8000,2958.6000,2958.2000,2960.8000,2963.0000,2963.2000,2963.8000,2964.0000,1,1,1,1,1,1,1,1,2,2
SF,IH2009,2020-07-02 09:34:12.900,2960.8000,18790,-1,562542540.000,1,0,1,双平,S,2960.8000,2960.2000,2960.0000,2958.8000,2958.2000,2963.0000,2963.2000,2963.8000,2964.0000,2964.4000,1,3,1,1,1,1,1,2,2,1
SF,IH2009,2020-07-02 09:34:13.400,2960.8000,18790,0,562542540.000,0,-,-,-,-,2961.0000,2960.2000,2960.0000,2958.8000,2958.2000,2962.8000,2963.0000,2963.2000,2963.8000,2964.0000,2,1,1,1,1,5,1,1,2,2
SF,IH2009,2020-07-02 09:34:13.900,2960.8000,18791,1,564319020.000,2,1,1,空开,S,2960.2000,2960.0000,2958.8000,2958.2000,2956.8000,2960.8000,2962.6000,2962.8000,2963.0000,2963.2000,1,1,1,1,1,3,3,5,1,1
SF,IH2009,2020-07-02 09:34:14.400,2960.8000,18791,0,566983740.000,3,1,2,多换,S,2960.8000,2960.4000,2960.2000,2960.0000,2958.8000,2962.6000,2962.8000,2963.0000,2963.2000,2963.8000,5,3,1,1,1,1,3,1,1,2
SF,IH2009,2020-07-02 09:34:14.900,2962.4000,18791,0,567872460.000,1,0,1,多换,S,2960.4000,2960.2000,2960.0000,2958.8000,2958.2000,2962.4000,2962.6000,2962.8000,2963.0000,2963.2000,3,2,1,1,1,2,1,1,1,1
SF,IH2009,2020-07-02 09:34:15.400,2962.4000,18791,0,567872460.000,0,-,-,-,-,2961.0000,2960.6000,2960.4000,2960.2000,2960.0000,2962.2000,2962.4000,2962.8000,2963.0000,2963.2000,2,8,3,1,1,2,1,1,1,1
SF,IH2009,2020-07-02 09:34:15.900,2962.4000,18791,0,568761180.000,1,0,1,多换,S,2961.4000,2961.2000,2961.0000,2960.8000,2960.6000,2963.0000,2963.2000,2963.8000,2964.0000,2964.4000,1,2,2,1,6,1,1,2,2,1
SF,IH2009,2020-07-02 09:34:16.400,2962.4000,18791,0,568761180.000,0,-,-,-,-,2961.2000,2961.0000,2960.8000,2960.6000,2960.4000,2962.8000,2963.0000,2963.2000,2963.8000,2964.0000,2,2,1,5,1,3,1,1,2,2
SF,IH2009,2020-07-02 09:34:16.900,2962.4000,18791,0,568761180.000,0,-,-,-,-,2962.4000,2961.6000,2961.4000,2961.2000,2961.0000,2962.8000,2963.0000,2963.2000,2963.8000,2964.0000,1,1,4,2,2,2,1,1,2,2
SF,IH2009,2020-07-02 09:34:17.400,2962.4000,18790,-1,570538740.000,2,0,2,多平,S,2961.4000,2961.2000,2960.8000,2960.6000,2960.4000,2962.8000,2963.0000,2963.2000,2964.0000,2964.4000,3,2,2,1,1,1,1,1,2,1
SF,IH2009,2020-07-02 09:34:17.900,2962.4000,18790,0,570538740.000,0,-,-,-,-,2961.6000,2961.4000,2961.2000,2960.8000,2960.6000,2962.8000,2963.0000,2963.2000,2964.0000,2964.4000,2,3,1,2,1,1,1,1,2,1
SF,IH2009,2020-07-02 09:34:18.400,2962.8000,18790,0,571427580.000,1,0,1,多换,S,2961.6000,2961.4000,2961.2000,2960.8000,2960.6000,2963.0000,2963.2000,2964.0000,2964.4000,2964.6000,2,2,1,2,1,1,1,2,1,2
SF,IH2009,2020-07-02 09:34:18.900,2962.8000,18790,0,571427580.000,0,-,-,-,-,2961.8000,2961.6000,2961.4000,2961.2000,2960.8000,2962.6000,2962.8000,2963.0000,2963.2000,2964.0000,1,3,2,1,1,1,1,1,1,2
