市场代码,合约代码,时间,最新,持仓,增仓,成交额,成交量,开仓,平仓,成交类型,方向,买一价,买二价,买三价,买四价,买五价,卖一价,卖二价,卖三价,卖四价,卖五价,买一量,买二量,买三量,买四量,买五量,卖一量,卖二量,卖三量,卖四量,卖五量
SF,IH2004,2020-03-04 09:29:00.300,2916.0000,2725,0,874800.000,1.000,-,-,-,-,2912.8000,2912.2000,2912.0000,2911.2000,2910.0000,2919.6000,2922.0000,2925.4000,2925.8000,2927.4000,1,3,1,3,1,1,3,1,1,2
SF,IH2004,2020-03-04 09:30:00.300,2919.0000,2722,-3,6129600.000,6,1,5,多平,S,2918.4000,2917.2000,2914.8000,2914.2000,2913.0000,2922.0000,2925.4000,2927.4000,2930.0000,2932.2000,3,2,1,1,1,3,1,2,1,1
SF,IH2004,2020-03-04 09:30:00.800,2919.0000,2722,0,6129600.000,0,-,-,-,-,2918.6000,2918.4000,2917.2000,2914.8000,2914.2000,2921.6000,2922.0000,2927.4000,2930.0000,2932.2000,3,3,2,1,1,1,3,2,1,1
SF,IH2004,2020-03-04 09:30:01.300,2918.6000,2721,-1,7005180.000,1,0,1,双平,S,2919.4000,2918.6000,2918.4000,2917.2000,2914.8000,2921.6000,2922.0000,2930.0000,2933.0000,2936.0000,1,2,3,1,1,1,4,1,1,1
SF,IH2004,2020-03-04 09:30:01.800,2918.6000,2721,0,8756340.000,2,1,1,多换,S,2919.6000,2919.4000,2918.8000,2918.4000,2917.2000,2922.0000,2930.0000,2933.0000,2936.0000,2940.0000,1,1,1,3,1,3,1,1,1,1
SF,IH2004,2020-03-04 09:30:02.300,2918.6000,2721,0,8756340.000,0,-,-,-,-,2919.8000,2919.6000,2919.4000,2918.8000,2918.4000,2922.0000,2930.0000,2933.0000,2936.0000,2940.0000,2,2,1,1,3,3,1,1,1,1
SF,IH2004,2020-03-04 09:30:02.800,2922.0000,2719,-2,11386140.000,3,0,3,多平,S,2922.0000,2920.0000,2919.8000,2919.6000,2918.8000,2930.0000,2933.0000,2936.0000,2940.0000,2944.0000,12,3,5,1,1,1,1,1,1,1
SF,IH2004,2020-03-04 09:30:03.300,2922.0000,2719,0,11386140.000,0,-,-,-,-,2922.2000,2920.0000,2919.6000,2918.8000,2918.4000,2923.8000,2924.6000,2925.0000,2927.4000,2927.6000,2,2,1,1,3,2,1,1,1,1
SF,IH2004,2020-03-04 09:30:03.800,2922.0000,2719,0,11386140.000,0,-,-,-,-,2920.0000,2919.6000,2918.8000,2918.4000,2917.2000,2923.6000,2923.8000,2924.6000,2925.0000,2926.0000,2,1,1,3,1,1,2,1,1,1
SF,IH2004,2020-03-04 09:30:04.300,2922.0000,2719,0,11386140.000,0,-,-,-,-,2920.2000,2920.0000,2919.6000,2918.8000,2918.4000,2923.4000,2925.0000,2927.4000,2927.6000,2928.0000,2,2,1,1,3,1,1,1,1,3
SF,IH2004,2020-03-04 09:30:04.800,2922.0000,2719,0,11386140.000,0,-,-,-,-,2922.0000,2920.4000,2920.2000,2920.0000,2919.6000,2923.4000,2925.0000,2927.4000,2927.6000,2928.0000,1,1,2,2,1,1,1,1,1,3
SF,IH2004,2020-03-04 09:30:05.300,2922.0000,2719,0,11386140.000,0,-,-,-,-,2922.2000,2922.0000,2920.4000,2920.0000,2919.6000,2925.0000,2927.4000,2927.6000,2928.0000,2929.8000,2,1,1,2,1,1,1,1,3,10
SF,IH2004,2020-03-04 09:30:05.800,2922.0000,2719,0,11386140.000,0,-,-,-,-,2922.2000,2922.0000,2920.4000,2920.0000,2919.6000,2924.8000,2925.0000,2927.4000,2927.6000,2928.0000,2,1,1,2,1,1,1,1,1,3
SF,IH2004,2020-03-04 09:30:06.300,2922.0000,2719,0,11386140.000,0,-,-,-,-,2922.4000,2922.2000,2922.0000,2920.4000,2920.0000,2924.8000,2927.4000,2927.6000,2928.0000,2929.8000,2,2,1,1,1,1,1,1,3,10
SF,IH2004,2020-03-04 09:30:06.800,2922.4000,2719,0,13139460.000,2,1,1,多换,S,2922.6000,2922.4000,2920.4000,2920.0000,2919.6000,2924.8000,2927.4000,2927.6000,2928.0000,2929.8000,1,2,1,1,1,1,1,1,3,9
SF,IH2004,2020-03-04 09:30:07.300,2922.6000,2718,-1,14016240.000,1,0,1,双平,S,2920.4000,2920.0000,2919.6000,2918.8000,2918.4000,2923.2000,2923.8000,2924.0000,2924.4000,2924.6000,1,1,1,1,3,1,2,1,1,5
SF,IH2004,2020-03-04 09:30:07.800,2923.2000,2716,-2,15770160.000,2,0,2,双平,S,2924.8000,2923.2000,2922.8000,2922.4000,2921.0000,2927.6000,2928.0000,2929.8000,2930.0000,2933.0000,1,16,1,1,3,1,2,9,1,1
SF,IH2004,2020-03-04 09:30:08.300,2924.8000,2715,-1,16647600.000,1,0,1,双平,S,2925.0000,2923.4000,2923.2000,2922.8000,2922.4000,2926.0000,2926.6000,2927.0000,2927.4000,2927.6000,1,1,15,1,1,2,1,1,6,1
SF,IH2004,2020-03-04 09:30:08.800,2924.8000,2714,-1,17525040.000,1,0,1,双平,S,2923.4000,2923.2000,2922.8000,2922.4000,2921.0000,2927.4000,2929.8000,2930.0000,2933.0000,2936.0000,1,15,1,1,3,2,9,1,1,1
SF,IH2004,2020-03-04 09:30:09.300,2924.8000,2714,0,17525040.000,0,-,-,-,-,2923.4000,2923.2000,2922.4000,2918.4000,2916.0000,2926.0000,2926.2000,2926.6000,2927.2000,2927.4000,1,1,1,5,1,2,1,1,1,3
SF,IH2004,2020-03-04 09:30:09.800,2926.0000,2713,-1,18402840.000,1,0,1,双平,S,2923.4000,2923.2000,2922.4000,2918.4000,2916.0000,2926.0000,2927.2000,2927.4000,2927.6000,2929.8000,1,2,1,5,1,1,1,3,1,9
SF,IH2004,2020-03-04 09:30:10.300,2926.0000,2713,0,18402840.000,0,-,-,-,-,2924.8000,2923.8000,2923.6000,2923.4000,2923.2000,2927.4000,2929.8000,2930.0000,2933.0000,2936.0000,1,1,3,1,2,1,9,1,1,1
SF,IH2004,2020-03-04 09:30:10.800,2923.8000,2711,-2,20157420.000,2,0,2,双平,S,2923.6000,2923.4000,2923.2000,2922.4000,2918.4000,2930.0000,2933.0000,2936.0000,2937.4000,2940.0000,2,1,2,1,5,1,1,1,5,1
SF,IH2004,2020-03-04 09:30:11.300,2923.8000,2711,0,20157420.000,0,-,-,-,-,2923.8000,2923.6000,2923.4000,2923.2000,2922.4000,2928.0000,2928.2000,2928.8000,2929.2000,2929.8000,1,2,1,2,1,2,2,1,1,4
SF,IH2004,2020-03-04 09:30:11.800,2923.8000,2711,0,20157420.000,0,-,-,-,-,2923.8000,2923.6000,2923.4000,2923.2000,2922.4000,2927.8000,2928.0000,2928.2000,2928.8000,2929.2000,1,2,1,2,1,2,2,2,1,1
SF,IH2004,2020-03-04 09:30:12.300,2923.8000,2709,-2,21911700.000,2,0,2,双平,S,2923.8000,2923.6000,2923.4000,2923.2000,2922.4000,2927.6000,2927.8000,2928.0000,2928.2000,2928.8000,1,2,1,2,1,1,2,2,2,1
SF,IH2004,2020-03-04 09:30:12.800,2923.8000,2709,0,21911700.000,0,-,-,-,-,2924.2000,2923.8000,2923.6000,2923.4000,2923.2000,2927.4000,2928.0000,2928.2000,2928.8000,2930.0000,1,1,2,1,2,2,2,2,1,1
SF,IH2004,2020-03-04 09:30:13.300,2927.4000,2708,-1,22789920.000,1,0,1,双平,S,2924.4000,2924.2000,2924.0000,2923.8000,2923.6000,2928.0000,2928.2000,2928.8000,2930.0000,2933.0000,1,1,1,1,2,2,2,1,1,1
SF,IH2004,2020-03-04 09:30:13.800,2927.4000,2708,0,22789920.000,0,-,-,-,-,2924.8000,2924.4000,2924.0000,2923.6000,2923.4000,2927.4000,2928.2000,2928.8000,2930.0000,2933.0000,2,1,1,2,1,1,2,1,2,1
SF,IH2004,2020-03-04 09:30:14.300,2927.4000,2708,0,22789920.000,0,-,-,-,-,2925.0000,2924.8000,2924.4000,2924.0000,2923.6000,2927.4000,2928.0000,2928.2000,2930.0000,2933.0000,1,1,1,1,2,1,1,2,2,1
SF,IH2004,2020-03-04 09:30:14.800,2927.4000,2708,0,22789920.000,0,-,-,-,-,2925.4000,2925.0000,2924.4000,2924.0000,2923.6000,2927.4000,2928.2000,2930.0000,2933.0000,2936.0000,2,2,1,1,2,1,2,2,1,1
SF,IH2004,2020-03-04 09:30:15.300,2927.4000,2707,-1,23668140.000,1,0,1,双平,S,2926.0000,2925.4000,2925.0000,2924.4000,2924.0000,2928.2000,2930.0000,2933.0000,2936.0000,2937.4000,1,2,1,1,1,2,2,1,1,5
SF,IH2004,2020-03-04 09:30:15.800,2928.2000,2706,-1,24546600.000,1,0,1,双平,S,2926.0000,2925.6000,2925.4000,2924.4000,2924.0000,2930.0000,2933.0000,2936.0000,2937.4000,2940.0000,2,1,2,1,1,2,1,1,5,1
SF,IH2004,2020-03-04 09:30:16.300,2928.2000,2706,0,24546600.000,0,-,-,-,-,2926.2000,2926.0000,2925.6000,2925.4000,2924.4000,2929.4000,2929.8000,2930.0000,2933.0000,2936.0000,2,2,1,2,1,1,1,2,1,1
SF,IH2004,2020-03-04 09:30:16.800,2928.2000,2706,0,24546600.000,0,-,-,-,-,2926.2000,2926.0000,2925.6000,2925.4000,2924.4000,2930.0000,2933.0000,2936.0000,2937.4000,2940.0000,2,2,1,2,1,2,1,1,5,1
SF,IH2004,2020-03-04 09:30:17.300,2928.2000,2706,0,24546600.000,0,-,-,-,-,2926.4000,2926.2000,2926.0000,2925.6000,2925.4000,2929.6000,2929.8000,2930.0000,2933.0000,2936.0000,1,2,2,1,1,1,2,2,1,1
SF,IH2004,2020-03-04 09:30:17.800,2928.2000,2706,0,24546600.000,0,-,-,-,-,2926.4000,2926.2000,2926.0000,2925.6000,2925.4000,2929.4000,2930.0000,2933.0000,2936.0000,2937.4000,1,1,2,1,1,1,2,1,1,5
SF,IH2004,2020-03-04 09:30:18.300,2928.2000,2706,0,24546600.000,0,-,-,-,-,2926.6000,2926.4000,2926.0000,2925.6000,2924.4000,2929.4000,2930.0000,2933.0000,2936.0000,2937.4000,1,1,2,1,1,1,2,1,1,5
SF,IH2004,2020-03-04 09:30:18.800,2928.2000,2706,0,24546600.000,0,-,-,-,-,2927.4000,2926.6000,2926.0000,2925.6000,2924.4000,2930.0000,2933.0000,2936.0000,2937.4000,2940.0000,1,3,2,1,1,2,1,1,5,1
SF,IH2004,2020-03-04 09:30:19.300,2930.0000,2705,-1,25425600.000,1,0,1,双平,S,2927.4000,2926.6000,2926.0000,2925.6000,2924.4000,2930.0000,2933.0000,2936.0000,2937.4000,2940.0000,1,3,2,1,1,1,1,1,5,1
SF,IH2004,2020-03-04 09:30:19.800,2927.6000,2704,-1,26303880.000,1,0,1,双平,S,2927.4000,2926.6000,2926.0000,2925.6000,2924.4000,2929.0000,2930.0000,2933.0000,2936.0000,2937.4000,1,2,2,1,1,1,1,1,1,5
SF,IH2004,2020-03-04 09:30:20.300,2927.6000,2704,0,26303880.000,0,-,-,-,-,2927.6000,2927.4000,2926.6000,2926.0000,2925.6000,2929.0000,2930.0000,2933.0000,2936.0000,2937.4000,1,1,2,2,1,1,1,1,1,5
SF,IH2004,2020-03-04 09:30:20.800,2927.6000,2704,0,26303880.000,0,-,-,-,-,2926.6000,2926.0000,2925.6000,2924.4000,2924.0000,2929.0000,2930.0000,2933.0000,2936.0000,2937.4000,1,2,1,1,1,1,1,1,1,5
SF,IH2004,2020-03-04 09:30:21.300,2927.6000,2704,0,26303880.000,0,-,-,-,-,2926.0000,2925.6000,2924.4000,2924.0000,2923.6000,2928.8000,2929.0000,2930.0000,2933.0000,2936.0000,2,1,1,1,1,2,1,1,1,1
SF,IH2004,2020-03-04 09:30:21.800,2927.6000,2704,0,26303880.000,0,-,-,-,-,2926.2000,2926.0000,2925.6000,2924.4000,2924.0000,2927.4000,2928.8000,2929.0000,2930.0000,2933.0000,1,2,1,1,1,1,2,1,1,1
SF,IH2004,2020-03-04 09:30:22.300,2927.6000,2704,0,27182160.000,1,0,1,多换,S,2926.2000,2926.0000,2925.6000,2924.4000,2924.0000,2928.8000,2929.0000,2930.0000,2933.0000,2936.0000,1,2,1,1,1,1,1,1,1,1
SF,IH2004,2020-03-04 09:30:22.800,2927.6000,2704,0,27182160.000,0,-,-,-,-,2926.2000,2926.0000,2925.6000,2924.4000,2924.0000,2928.6000,2928.8000,2929.0000,2930.0000,2933.0000,1,2,1,1,1,1,1,1,1,1
SF,IH2004,2020-03-04 09:30:23.300,2927.6000,2704,0,27182160.000,0,-,-,-,-,2926.2000,2926.0000,2925.6000,2924.4000,2924.0000,2928.4000,2928.6000,2929.0000,2930.0000,2933.0000,1,2,1,1,1,1,1,1,1,1
SF,IH2004,2020-03-04 09:30:23.800,2927.6000,2704,0,27182160.000,0,-,-,-,-,2926.2000,2926.0000,2925.6000,2924.4000,2924.0000,2928.4000,2928.6000,2929.0000,2930.0000,2933.0000,1,2,1,1,1,1,1,1,1,1
SF,IH2004,2020-03-04 09:30:24.300,2927.6000,2704,0,27182160.000,0,-,-,-,-,2926.2000,2926.0000,2925.6000,2924.4000,2924.0000,2929.0000,2930.0000,2933.0000,2936.0000,2937.4000,1,2,1,1,1,1,1,1,1,5
SF,IH2004,2020-03-04 09:30:24.800,2927.6000,2704,0,27182160.000,0,-,-,-,-,2926.2000,2926.0000,2925.6000,2924.4000,2924.0000,2929.0000,2930.0000,2933.0000,2936.0000,2937.4000,1,2,1,1,1,1,1,1,1,5
SF,IH2004,2020-03-04 09:30:25.300,2927.6000,2704,0,27182160.000,0,-,-,-,-,2926.2000,2926.0000,2925.6000,2924.4000,2924.0000,2928.8000,2929.0000,2930.0000,2933.0000,2936.0000,1,2,1,1,1,1,1,1,1,1
SF,IH2004,2020-03-04 09:30:25.800,2927.6000,2704,0,27182160.000,0,-,-,-,-,2926.4000,2926.2000,2926.0000,2925.6000,2924.4000,2928.8000,2929.0000,2930.0000,2933.0000,2936.0000,1,1,2,1,1,1,1,1,1,1
SF,IH2004,2020-03-04 09:30:26.300,2927.6000,2704,0,27182160.000,0,-,-,-,-,2926.2000,2926.0000,2925.6000,2924.4000,2924.0000,2929.0000,2930.0000,2933.0000,2936.0000,2937.4000,1,2,1,1,1,1,1,1,1,5
SF,IH2004,2020-03-04 09:30:26.800,2927.6000,2704,0,27182160.000,0,-,-,-,-,2926.2000,2926.0000,2925.6000,2924.4000,2924.0000,2928.2000,2928.6000,2929.0000,2930.0000,2933.0000,1,2,1,1,1,1,1,1,1,1
SF,IH2004,2020-03-04 09:30:27.300,2927.6000,2704,0,27182160.000,0,-,-,-,-,2926.2000,2926.0000,2925.6000,2924.4000,2924.0000,2929.0000,2930.0000,2933.0000,2936.0000,2937.4000,1,2,1,1,1,1,1,1,1,5
SF,IH2004,2020-03-04 09:30:27.800,2927.6000,2704,0,27182160.000,0,-,-,-,-,2926.2000,2926.0000,2925.6000,2924.4000,2924.0000,2928.8000,2929.0000,2930.0000,2933.0000,2936.0000,1,2,1,1,1,3,1,1,1,1
SF,IH2004,2020-03-04 09:30:28.300,2927.6000,2704,0,27182160.000,0,-,-,-,-,2926.0000,2924.4000,2924.0000,2923.6000,2923.2000,2928.8000,2929.0000,2930.0000,2933.0000,2936.0000,1,1,1,1,2,3,1,1,1,1
SF,IH2004,2020-03-04 09:30:28.800,2927.6000,2704,0,27182160.000,0,-,-,-,-,2926.0000,2924.4000,2924.0000,2923.6000,2923.2000,2928.8000,2929.0000,2930.0000,2933.0000,2933.6000,2,1,1,1,2,2,1,1,1,1
SF,IH2004,2020-03-04 09:30:29.300,2927.6000,2704,0,27182160.000,0,-,-,-,-,2926.0000,2924.4000,2924.0000,2923.6000,2923.2000,2928.2000,2928.6000,2928.8000,2929.0000,2930.0000,1,1,1,1,2,1,2,2,1,1
SF,IH2004,2020-03-04 09:30:29.800,2927.6000,2704,0,27182160.000,0,-,-,-,-,2926.0000,2924.4000,2924.0000,2923.6000,2923.2000,2928.0000,2928.2000,2928.6000,2928.8000,2929.0000,1,1,1,1,2,1,1,4,2,1
SF,IH2004,2020-03-04 09:30:30.300,2927.6000,2704,0,27182160.000,0,-,-,-,-,2926.0000,2924.4000,2924.0000,2923.6000,2923.2000,2928.6000,2928.8000,2929.0000,2930.0000,2933.0000,1,1,1,1,2,4,2,1,1,1
SF,IH2004,2020-03-04 09:30:30.800,2927.6000,2704,0,27182160.000,0,-,-,-,-,2926.0000,2924.4000,2924.0000,2923.6000,2923.2000,2928.6000,2928.8000,2929.0000,2930.0000,2933.0000,2,1,1,1,2,1,1,1,1,1
SF,IH2004,2020-03-04 09:30:31.300,2927.6000,2704,0,27182160.000,0,-,-,-,-,2926.0000,2924.4000,2924.0000,2923.6000,2923.2000,2928.2000,2928.6000,2928.8000,2929.0000,2930.0000,1,1,1,1,2,1,1,1,1,1
SF,IH2004,2020-03-04 09:30:31.800,2927.6000,2704,0,27182160.000,0,-,-,-,-,2926.0000,2924.4000,2924.0000,2923.6000,2923.2000,2928.6000,2928.8000,2929.0000,2930.0000,2932.0000,2,1,1,1,2,1,1,1,1,1
SF,IH2004,2020-03-04 09:30:32.800,2927.6000,2704,0,27182160.000,0,-,-,-,-,2926.0000,2924.4000,2924.0000,2923.6000,2923.2000,2928.8000,2929.0000,2930.0000,2932.0000,2933.0000,2,1,1,1,2,1,1,1,1,1
SF,IH2004,2020-03-04 09:30:33.300,2927.6000,2704,0,27182160.000,0,-,-,-,-,2926.8000,2926.2000,2926.0000,2924.4000,2924.0000,2928.4000,2929.0000,2930.0000,2932.0000,2933.0000,1,2,2,1,1,1,1,1,1,1
SF,IH2004,2020-03-04 09:30:33.800,2926.8000,2703,-1,28060200.000,1,0,1,双平,S,2926.2000,2926.0000,2924.4000,2924.0000,2923.6000,2928.4000,2929.0000,2930.0000,2932.0000,2933.0000,2,2,1,1,1,1,1,1,1,1
SF,IH2004,2020-03-04 09:30:34.300,2926.8000,2703,0,28060200.000,0,-,-,-,-,2926.2000,2926.0000,2924.4000,2924.0000,2923.6000,2929.0000,2930.0000,2932.0000,2933.0000,2933.6000,1,2,1,1,1,1,1,1,1,1
SF,IH2004,2020-03-04 09:30:34.800,2926.8000,2703,0,28060200.000,0,-,-,-,-,2926.6000,2926.2000,2926.0000,2924.4000,2924.0000,2929.0000,2930.0000,2932.0000,2933.0000,2933.6000,1,1,2,1,1,1,1,1,1,1
SF,IH2004,2020-03-04 09:30:35.800,2926.8000,2703,0,28060200.000,0,-,-,-,-,2926.6000,2926.2000,2926.0000,2924.4000,2924.0000,2929.0000,2930.0000,2932.0000,2933.0000,2933.6000,1,1,2,1,1,1,1,1,1,1
SF,IH2004,2020-03-04 09:30:36.300,2926.8000,2703,0,28060200.000,0,-,-,-,-,2926.6000,2926.2000,2926.0000,2924.4000,2924.0000,2929.0000,2930.0000,2932.0000,2933.0000,2933.6000,1,1,2,1,1,1,1,1,1,1
SF,IH2004,2020-03-04 09:30:36.800,2926.8000,2703,0,28060200.000,0,-,-,-,-,2926.6000,2926.2000,2926.0000,2924.4000,2924.0000,2929.0000,2930.0000,2932.0000,2933.0000,2933.6000,1,1,2,1,1,1,1,1,1,1
SF,IH2004,2020-03-04 09:30:37.300,2926.8000,2703,0,28060200.000,0,-,-,-,-,2926.8000,2926.6000,2926.0000,2924.4000,2924.0000,2929.0000,2930.0000,2932.0000,2933.0000,2933.6000,1,1,2,1,1,1,1,1,1,1
SF,IH2004,2020-03-04 09:30:37.800,2928.8000,2702,-1,28938840.000,1,0,1,双平,S,2927.4000,2926.8000,2926.6000,2926.0000,2924.4000,2929.0000,2930.0000,2932.0000,2933.0000,2933.6000,1,2,1,2,1,1,1,1,1,1
SF,IH2004,2020-03-04 09:30:38.300,2928.8000,2702,0,28938840.000,0,-,-,-,-,2926.8000,2926.6000,2926.0000,2924.4000,2924.0000,2929.0000,2930.0000,2932.0000,2933.0000,2933.6000,1,1,2,1,1,1,1,1,1,1
SF,IH2004,2020-03-04 09:30:38.800,2928.8000,2702,0,28938840.000,0,-,-,-,-,2926.8000,2926.6000,2926.0000,2924.4000,2924.0000,2928.8000,2929.0000,2930.0000,2932.0000,2933.0000,1,1,2,1,1,1,1,1,1,1
SF,IH2004,2020-03-04 09:30:39.300,2928.8000,2702,0,28938840.000,0,-,-,-,-,2926.8000,2926.0000,2924.4000,2924.0000,2923.6000,2928.8000,2929.0000,2930.0000,2932.0000,2933.0000,1,2,1,1,1,1,1,1,1,1
SF,IH2004,2020-03-04 09:30:39.800,2928.8000,2702,0,28938840.000,0,-,-,-,-,2926.8000,2926.4000,2926.0000,2924.4000,2924.0000,2928.8000,2929.0000,2930.0000,2932.0000,2933.0000,1,1,2,1,1,1,1,1,1,1
SF,IH2004,2020-03-04 09:30:40.300,2928.8000,2702,0,28938840.000,0,-,-,-,-,2926.8000,2926.4000,2926.0000,2924.4000,2924.0000,2928.8000,2929.0000,2930.0000,2932.0000,2933.0000,1,1,2,1,1,1,1,2,1,1
SF,IH2004,2020-03-04 09:30:40.800,2928.8000,2702,0,28938840.000,0,-,-,-,-,2926.8000,2926.4000,2926.0000,2924.4000,2924.0000,2929.0000,2930.0000,2932.0000,2933.0000,2933.6000,1,1,2,1,1,1,2,1,1,1
SF,IH2004,2020-03-04 09:30:41.800,2927.4000,2703,1,29817060.000,1,1,0,双开,S,2926.8000,2926.4000,2926.0000,2924.4000,2924.0000,2929.0000,2930.0000,2932.0000,2933.0000,2933.6000,1,1,2,1,1,1,2,1,1,1
SF,IH2004,2020-03-04 09:30:42.300,2927.4000,2703,0,29817060.000,0,-,-,-,-,2926.8000,2926.4000,2926.0000,2924.4000,2924.0000,2929.0000,2930.0000,2931.2000,2932.0000,2933.0000,1,1,2,1,1,1,2,1,1,1
SF,IH2004,2020-03-04 09:30:42.800,2927.4000,2703,0,29817060.000,0,-,-,-,-,2926.4000,2926.0000,2924.4000,2924.0000,2923.6000,2928.8000,2929.0000,2930.0000,2931.2000,2932.0000,1,2,1,1,1,1,1,2,1,1
SF,IH2004,2020-03-04 09:30:43.300,2927.4000,2703,0,29817060.000,0,-,-,-,-,2926.4000,2926.0000,2924.4000,2924.0000,2923.6000,2928.6000,2928.8000,2929.0000,2930.0000,2931.2000,1,2,1,1,1,1,1,1,2,1
SF,IH2004,2020-03-04 09:30:43.800,2927.4000,2703,0,29817060.000,0,-,-,-,-,2926.4000,2926.0000,2924.4000,2924.0000,2923.6000,2928.6000,2929.0000,2929.8000,2930.0000,2931.2000,1,1,1,1,1,1,1,1,2,1
SF,IH2004,2020-03-04 09:30:44.300,2927.4000,2703,0,29817060.000,0,-,-,-,-,2926.4000,2926.0000,2924.4000,2924.0000,2923.6000,2928.4000,2928.6000,2929.0000,2929.8000,2930.0000,1,1,1,1,1,1,1,1,1,2
SF,IH2004,2020-03-04 09:30:44.800,2926.4000,2703,0,30694980.000,1,0,1,多换,S,2926.0000,2924.4000,2924.0000,2923.6000,2923.2000,2928.0000,2928.2000,2928.4000,2928.6000,2929.0000,1,1,1,1,2,1,1,2,1,1
SF,IH2004,2020-03-04 09:30:45.300,2926.4000,2703,0,30694980.000,0,-,-,-,-,2926.0000,2924.4000,2924.0000,2923.6000,2923.2000,2928.4000,2928.6000,2929.0000,2929.8000,2930.0000,1,1,1,1,2,2,1,1,1,2
SF,IH2004,2020-03-04 09:30:45.800,2926.4000,2703,0,30694980.000,0,-,-,-,-,2926.0000,2924.4000,2924.0000,2923.6000,2923.2000,2928.2000,2928.4000,2929.0000,2929.8000,2930.0000,1,1,1,1,2,1,2,1,1,2
SF,IH2004,2020-03-04 09:30:46.300,2926.4000,2703,0,30694980.000,0,-,-,-,-,2926.0000,2924.4000,2924.0000,2923.6000,2923.2000,2928.2000,2928.4000,2929.0000,2929.8000,2930.0000,1,1,1,1,2,1,1,1,1,2
SF,IH2004,2020-03-04 09:30:46.800,2926.4000,2703,0,30694980.000,0,-,-,-,-,2926.0000,2924.4000,2924.0000,2923.6000,2923.2000,2928.2000,2928.4000,2929.0000,2929.8000,2930.0000,2,1,1,1,2,2,1,1,1,2
SF,IH2004,2020-03-04 09:30:47.300,2926.4000,2703,0,30694980.000,0,-,-,-,-,2926.0000,2924.4000,2924.0000,2923.6000,2923.2000,2928.2000,2928.4000,2929.0000,2929.8000,2930.0000,2,1,1,1,2,2,1,1,1,2
SF,IH2004,2020-03-04 09:30:47.800,2926.4000,2703,0,30694980.000,0,-,-,-,-,2926.0000,2924.4000,2924.0000,2923.6000,2923.2000,2928.0000,2928.2000,2928.4000,2929.0000,2929.8000,1,1,1,1,2,1,1,1,1,1
SF,IH2004,2020-03-04 09:30:48.300,2926.4000,2703,0,30694980.000,0,-,-,-,-,2926.0000,2924.4000,2924.0000,2923.6000,2923.2000,2928.0000,2928.2000,2928.4000,2929.0000,2929.8000,1,1,1,1,2,1,1,1,1,1
SF,IH2004,2020-03-04 09:30:48.800,2926.4000,2703,0,30694980.000,0,-,-,-,-,2926.0000,2924.4000,2924.0000,2923.6000,2923.2000,2928.0000,2928.2000,2928.4000,2929.0000,2929.8000,1,1,1,1,2,1,1,1,1,1
SF,IH2004,2020-03-04 09:30:49.300,2926.4000,2703,0,30694980.000,0,-,-,-,-,2926.0000,2924.4000,2924.0000,2923.6000,2923.2000,2927.8000,2928.0000,2928.2000,2929.0000,2929.8000,1,1,1,1,2,1,1,2,1,1
SF,IH2004,2020-03-04 09:30:49.800,2926.4000,2703,0,30694980.000,0,-,-,-,-,2926.0000,2924.4000,2924.0000,2923.6000,2923.2000,2927.4000,2927.8000,2928.0000,2928.2000,2929.0000,1,1,1,1,2,1,2,3,2,1
SF,IH2004,2020-03-04 09:30:50.300,2926.4000,2703,0,30694980.000,0,-,-,-,-,2926.0000,2924.4000,2924.0000,2923.6000,2923.2000,2927.8000,2928.0000,2928.2000,2929.0000,2929.8000,1,1,1,1,2,2,2,2,1,1
SF,IH2004,2020-03-04 09:30:50.800,2926.4000,2703,0,30694980.000,0,-,-,-,-,2926.0000,2924.4000,2924.0000,2923.6000,2923.2000,2927.8000,2928.0000,2928.2000,2929.0000,2929.8000,1,1,1,1,2,2,2,2,1,1
SF,IH2004,2020-03-04 09:30:51.300,2926.4000,2703,0,30694980.000,0,-,-,-,-,2926.0000,2924.4000,2924.0000,2923.6000,2923.2000,2927.8000,2928.0000,2928.2000,2929.0000,2929.8000,1,1,1,1,2,2,2,2,1,1
SF,IH2004,2020-03-04 09:30:51.800,2926.4000,2703,0,30694980.000,0,-,-,-,-,2926.0000,2924.4000,2924.0000,2923.6000,2923.2000,2927.4000,2927.8000,2928.0000,2928.2000,2929.0000,1,1,1,1,2,1,2,2,2,1
SF,IH2004,2020-03-04 09:30:52.300,2926.4000,2703,0,30694980.000,0,-,-,-,-,2926.0000,2924.4000,2924.0000,2923.6000,2923.2000,2927.8000,2928.0000,2928.2000,2929.0000,2929.8000,2,1,1,1,2,1,2,2,1,1
SF,IH2004,2020-03-04 09:30:52.800,2926.0000,2702,-1,31572780.000,1,0,1,双平,S,2924.4000,2924.0000,2923.6000,2923.2000,2922.4000,2927.8000,2928.0000,2928.2000,2929.0000,2929.8000,1,1,1,2,1,1,2,2,1,1
SF,IH2004,2020-03-04 09:30:53.300,2926.0000,2702,0,31572780.000,0,-,-,-,-,2925.2000,2924.6000,2924.4000,2924.0000,2923.6000,2927.6000,2928.0000,2928.2000,2929.0000,2929.8000,1,1,1,1,1,1,2,1,1,1
SF,IH2004,2020-03-04 09:30:53.800,2926.0000,2702,0,31572780.000,0,-,-,-,-,2925.2000,2924.6000,2924.4000,2924.0000,2923.6000,2927.6000,2928.0000,2928.2000,2929.0000,2929.8000,1,1,1,1,1,2,2,1,1,1
SF,IH2004,2020-03-04 09:30:54.300,2926.0000,2702,0,31572780.000,0,-,-,-,-,2926.0000,2925.4000,2925.2000,2924.4000,2924.0000,2927.6000,2928.0000,2928.2000,2929.0000,2929.8000,1,2,1,1,1,2,2,1,1,1
SF,IH2004,2020-03-04 09:30:54.800,2926.0000,2702,0,31572780.000,0,-,-,-,-,2926.0000,2925.4000,2925.2000,2924.4000,2924.0000,2927.6000,2928.0000,2928.2000,2929.0000,2929.8000,1,2,1,1,1,1,2,1,1,1
SF,IH2004,2020-03-04 09:30:55.300,2926.0000,2702,0,31572780.000,0,-,-,-,-,2925.2000,2924.4000,2924.0000,2923.6000,2923.2000,2927.4000,2927.6000,2928.0000,2928.2000,2929.0000,1,1,1,1,2,1,1,2,1,1
SF,IH2004,2020-03-04 09:30:55.800,2926.0000,2702,0,31572780.000,0,-,-,-,-,2925.2000,2924.4000,2924.0000,2923.6000,2923.2000,2927.6000,2928.0000,2928.2000,2929.0000,2929.8000,1,1,1,1,2,1,2,1,1,1
SF,IH2004,2020-03-04 09:30:56.300,2926.0000,2702,0,31572780.000,0,-,-,-,-,2925.2000,2924.4000,2924.0000,2923.6000,2923.2000,2927.4000,2927.6000,2928.0000,2928.2000,2929.0000,1,1,1,1,2,1,1,2,1,1
SF,IH2004,2020-03-04 09:30:57.300,2926.0000,2702,0,31572780.000,0,-,-,-,-,2925.2000,2924.4000,2924.0000,2923.6000,2923.2000,2927.2000,2927.4000,2927.6000,2928.0000,2928.2000,1,1,1,1,2,1,1,1,2,1
SF,IH2004,2020-03-04 09:30:57.800,2926.0000,2702,0,31572780.000,0,-,-,-,-,2925.2000,2924.4000,2924.0000,2923.6000,2923.2000,2927.2000,2927.4000,2927.6000,2928.0000,2928.2000,1,1,1,1,2,1,2,1,2,1
SF,IH2004,2020-03-04 09:30:58.300,2926.0000,2702,0,31572780.000,0,-,-,-,-,2925.2000,2924.4000,2924.0000,2923.6000,2923.2000,2927.2000,2927.4000,2927.6000,2928.0000,2928.2000,1,1,1,1,2,1,2,1,2,1
SF,IH2004,2020-03-04 09:30:58.800,2926.0000,2702,0,31572780.000,0,-,-,-,-,2923.2000,2922.4000,2915.0000,2912.2000,2911.2000,2927.0000,2927.2000,2927.4000,2927.6000,2928.0000,2,1,3,3,3,2,1,2,1,2
SF,IH2004,2020-03-04 09:30:59.300,2926.0000,2702,0,31572780.000,0,-,-,-,-,2923.8000,2923.4000,2923.2000,2922.4000,2915.0000,2926.8000,2927.0000,2927.2000,2927.4000,2927.6000,1,3,2,1,3,2,1,1,1,1
SF,IH2004,2020-03-04 09:30:59.800,2926.0000,2702,0,31572780.000,0,-,-,-,-,2924.0000,2923.8000,2923.4000,2923.2000,2922.4000,2926.8000,2927.0000,2927.2000,2927.4000,2927.6000,1,1,1,2,1,2,1,1,1,1
SF,IH2004,2020-03-04 09:31:00.300,2926.0000,2702,0,31572780.000,0,-,-,-,-,2924.0000,2923.8000,2923.4000,2923.2000,2922.4000,2926.8000,2927.0000,2927.2000,2927.4000,2927.6000,2,1,1,2,1,1,1,1,1,1
SF,IH2004,2020-03-04 09:31:00.800,2926.0000,2702,0,31572780.000,0,-,-,-,-,2924.0000,2923.4000,2923.2000,2922.4000,2915.0000,2926.8000,2927.0000,2927.2000,2927.4000,2927.6000,1,1,2,1,3,1,1,1,1,1
SF,IH2004,2020-03-04 09:31:01.300,2926.0000,2702,0,31572780.000,0,-,-,-,-,2924.0000,2923.8000,2923.4000,2923.2000,2922.4000,2926.8000,2927.0000,2927.2000,2927.4000,2927.6000,1,1,1,2,1,1,1,1,1,1
SF,IH2004,2020-03-04 09:31:01.800,2924.0000,2702,0,32449980.000,1,0,1,多换,S,2923.8000,2923.4000,2923.2000,2922.4000,2915.0000,2926.8000,2927.0000,2927.2000,2927.4000,2927.6000,1,1,2,1,3,1,1,1,1,1
SF,IH2004,2020-03-04 09:31:02.300,2924.0000,2702,0,32449980.000,0,-,-,-,-,2924.0000,2923.8000,2923.2000,2922.4000,2915.0000,2926.6000,2926.8000,2927.2000,2927.4000,2927.6000,1,1,2,1,3,1,1,1,1,1
SF,IH2004,2020-03-04 09:31:02.800,2924.0000,2702,0,32449980.000,0,-,-,-,-,2924.0000,2923.8000,2923.2000,2922.4000,2915.0000,2926.4000,2926.6000,2927.2000,2927.4000,2927.6000,1,1,2,1,3,1,1,1,1,1
SF,IH2004,2020-03-04 09:31:04.300,2924.0000,2702,0,32449980.000,0,-,-,-,-,2924.0000,2923.8000,2923.2000,2922.4000,2915.0000,2926.0000,2926.4000,2926.6000,2927.2000,2927.4000,1,1,2,1,3,1,1,1,1,1
SF,IH2004,2020-03-04 09:31:04.800,2924.0000,2702,0,32449980.000,0,-,-,-,-,2924.2000,2923.8000,2923.2000,2922.4000,2915.0000,2926.6000,2927.2000,2927.4000,2927.6000,2928.0000,1,1,2,1,3,1,1,1,1,1
SF,IH2004,2020-03-04 09:31:05.300,2924.0000,2702,0,32449980.000,0,-,-,-,-,2926.2000,2924.6000,2924.2000,2923.8000,2923.2000,2926.6000,2927.2000,2927.4000,2927.6000,2928.0000,1,1,1,1,2,1,1,1,1,1
SF,IH2004,2020-03-04 09:31:05.800,2926.2000,2702,0,33327840.000,1,0,1,多换,S,2924.6000,2924.2000,2923.8000,2923.2000,2922.4000,2926.2000,2926.6000,2927.2000,2927.4000,2927.6000,1,1,1,2,1,2,1,1,1,1
SF,IH2004,2020-03-04 09:31:06.300,2926.2000,2702,0,33327840.000,0,-,-,-,-,2924.6000,2924.2000,2923.8000,2923.2000,2922.4000,2926.2000,2927.2000,2927.4000,2927.6000,2928.0000,1,2,1,2,1,2,1,1,1,1
SF,IH2004,2020-03-04 09:31:06.800,2926.2000,2702,0,33327840.000,0,-,-,-,-,2924.2000,2923.8000,2923.2000,2922.4000,2915.0000,2926.2000,2927.2000,2927.4000,2927.6000,2928.0000,2,1,2,1,3,2,1,1,1,1
SF,IH2004,2020-03-04 09:31:07.300,2926.2000,2702,0,33327840.000,0,-,-,-,-,2924.2000,2923.8000,2923.2000,2922.4000,2915.0000,2926.2000,2927.2000,2927.4000,2927.6000,2928.0000,2,1,2,1,3,2,1,1,1,1
SF,IH2004,2020-03-04 09:31:07.800,2926.2000,2700,-2,35083560.000,2,0,2,双平,S,2926.4000,2926.2000,2924.2000,2923.8000,2923.2000,2927.2000,2927.4000,2927.6000,2928.0000,2929.0000,1,5,2,1,2,1,1,1,1,1
SF,IH2004,2020-03-04 09:31:08.300,2926.2000,2695,-5,40350720.000,6,0,6,多平,S,2924.2000,2923.8000,2923.2000,2922.4000,2915.0000,2926.2000,2926.4000,2927.2000,2927.4000,2927.6000,2,1,2,1,3,1,1,1,1,1
SF,IH2004,2020-03-04 09:31:08.800,2926.2000,2695,0,40350720.000,0,-,-,-,-,2924.2000,2923.8000,2923.2000,2922.4000,2915.0000,2927.2000,2927.4000,2927.6000,2928.0000,2929.0000,1,1,2,1,3,1,1,1,1,1
SF,IH2004,2020-03-04 09:31:09.300,2926.2000,2695,0,40350720.000,0,-,-,-,-,2924.2000,2923.8000,2923.2000,2922.4000,2915.0000,2927.0000,2927.2000,2927.4000,2927.6000,2928.0000,1,1,2,1,3,2,1,1,1,1
SF,IH2004,2020-03-04 09:31:09.800,2926.2000,2695,0,40350720.000,0,-,-,-,-,2924.2000,2923.8000,2923.2000,2922.4000,2915.0000,2927.0000,2927.2000,2927.4000,2927.6000,2928.0000,1,1,2,1,3,1,1,1,1,1
SF,IH2004,2020-03-04 09:31:10.300,2926.2000,2695,0,40350720.000,0,-,-,-,-,2924.4000,2924.2000,2923.8000,2923.2000,2922.4000,2927.0000,2927.2000,2927.4000,2927.6000,2928.0000,1,1,1,2,1,1,1,1,1,1
SF,IH2004,2020-03-04 09:31:10.800,2926.2000,2695,0,40350720.000,0,-,-,-,-,2924.6000,2924.4000,2924.2000,2923.8000,2923.2000,2927.0000,2927.2000,2927.4000,2927.6000,2928.0000,1,1,1,1,2,1,1,1,1,1
SF,IH2004,2020-03-04 09:31:11.300,2926.2000,2695,0,40350720.000,0,-,-,-,-,2924.8000,2924.6000,2924.4000,2924.2000,2923.8000,2927.0000,2927.2000,2927.4000,2927.6000,2928.0000,1,1,1,1,1,1,1,1,1,1
SF,IH2004,2020-03-04 09:31:11.800,2927.2000,2694,-1,41228880.000,1,0,1,双平,S,2927.0000,2926.0000,2925.0000,2924.8000,2924.4000,2927.6000,2929.0000,2930.0000,2931.2000,2932.0000,3,1,1,1,1,1,1,2,1,1
SF,IH2004,2020-03-04 09:31:12.300,2927.0000,2692,-2,42985260.000,2,0,2,双平,S,2927.6000,2927.0000,2926.0000,2925.0000,2924.8000,2929.0000,2930.0000,2931.2000,2932.0000,2933.0000,1,14,1,3,1,1,2,1,1,1
SF,IH2004,2020-03-04 09:31:12.800,2927.0000,2692,0,42985260.000,0,-,-,-,-,2927.6000,2927.0000,2926.0000,2925.0000,2924.8000,2929.0000,2930.0000,2931.2000,2932.0000,2933.0000,1,14,1,3,1,1,2,1,1,1
SF,IH2004,2020-03-04 09:31:13.300,2929.0000,2691,-1,43863960.000,1,0,1,双平,S,2927.8000,2927.6000,2927.0000,2926.0000,2925.0000,2930.0000,2931.2000,2932.0000,2933.0000,2933.6000,1,1,2,1,3,2,1,1,1,1
SF,IH2004,2020-03-04 09:31:13.800,2929.0000,2691,0,43863960.000,0,-,-,-,-,2929.0000,2928.2000,2928.0000,2927.8000,2927.6000,2930.0000,2931.2000,2932.0000,2933.0000,2933.6000,5,1,3,2,2,2,1,1,1,1
SF,IH2004,2020-03-04 09:31:14.300,2929.0000,2691,0,43863960.000,0,-,-,-,-,2929.0000,2928.2000,2928.0000,2927.8000,2927.6000,2930.0000,2931.2000,2932.0000,2933.0000,2933.6000,5,1,3,2,2,2,1,1,1,1
SF,IH2004,2020-03-04 09:31:14.800,2930.0000,2691,0,45621960.000,2,1,1,多换,S,2929.0000,2928.2000,2928.0000,2927.8000,2927.6000,2931.2000,2932.0000,2933.0000,2933.6000,2936.0000,5,1,3,2,2,1,1,1,1,1
SF,IH2004,2020-03-04 09:31:15.300,2929.0000,2690,-1,46500660.000,1,0,1,双平,S,2928.2000,2928.0000,2927.8000,2927.6000,2927.0000,2931.2000,2932.0000,2933.0000,2933.6000,2936.0000,1,3,2,2,1,1,1,1,1,1
SF,IH2004,2020-03-04 09:31:15.800,2929.0000,2690,0,46500660.000,0,-,-,-,-,2928.4000,2928.2000,2928.0000,2927.8000,2927.6000,2931.0000,2931.2000,2932.0000,2933.0000,2933.6000,1,1,2,2,2,1,1,1,1,1
SF,IH2004,2020-03-04 09:31:16.300,2929.0000,2690,0,46500660.000,0,-,-,-,-,2928.4000,2928.2000,2928.0000,2927.8000,2927.6000,2931.2000,2932.0000,2933.0000,2933.6000,2936.0000,2,1,2,2,2,1,1,1,1,1
SF,IH2004,2020-03-04 09:31:16.800,2929.0000,2690,0,46500660.000,0,-,-,-,-,2928.6000,2928.4000,2928.2000,2928.0000,2927.8000,2931.2000,2932.0000,2933.0000,2933.6000,2936.0000,4,2,1,2,2,1,1,1,1,1
SF,IH2004,2020-03-04 09:31:17.300,2929.0000,2690,0,46500660.000,0,-,-,-,-,2928.8000,2928.6000,2928.4000,2928.2000,2928.0000,2931.2000,2932.0000,2933.0000,2933.6000,2936.0000,2,1,1,1,2,1,1,1,1,1
SF,IH2004,2020-03-04 09:31:17.800,2931.2000,2689,-1,47380020.000,1,0,1,双平,S,2929.0000,2928.8000,2928.6000,2928.4000,2928.2000,2932.0000,2933.0000,2933.6000,2936.0000,2936.6000,1,2,1,1,1,1,1,1,1,1
SF,IH2004,2020-03-04 09:31:18.300,2931.2000,2689,0,47380020.000,0,-,-,-,-,2929.2000,2928.8000,2928.6000,2928.4000,2928.2000,2932.0000,2933.0000,2933.6000,2936.0000,2936.6000,2,1,1,1,1,1,1,1,1,1
SF,IH2004,2020-03-04 09:31:18.800,2930.4000,2689,0,48259140.000,1,0,1,多换,S,2929.4000,2929.2000,2928.8000,2928.6000,2928.4000,2932.0000,2933.0000,2933.6000,2936.0000,2936.6000,1,2,1,1,1,1,1,1,1,1
SF,IH2004,2020-03-04 09:31:19.300,2930.4000,2689,0,48259140.000,0,-,-,-,-,2929.6000,2929.4000,2929.2000,2928.8000,2928.6000,2932.0000,2933.0000,2933.6000,2936.0000,2936.6000,2,1,1,1,1,1,1,1,1,1
SF,IH2004,2020-03-04 09:31:19.800,2930.4000,2689,0,48259140.000,0,-,-,-,-,2929.6000,2929.4000,2929.2000,2928.8000,2928.6000,2932.0000,2933.0000,2933.6000,2936.0000,2936.6000,2,1,1,1,1,1,1,1,1,1
SF,IH2004,2020-03-04 09:31:20.300,2929.6000,2688,-1,49138020.000,1,0,1,双平,S,2929.6000,2929.4000,2929.2000,2928.8000,2928.6000,2932.0000,2933.0000,2933.6000,2936.0000,2936.6000,1,1,1,1,1,1,1,1,1,1
SF,IH2004,2020-03-04 09:31:20.800,2932.0000,2687,-1,50017620.000,1,0,1,双平,S,2929.8000,2929.6000,2929.4000,2929.2000,2928.8000,2933.0000,2933.6000,2936.0000,2936.6000,2938.0000,1,1,1,1,1,1,1,1,1,1
SF,IH2004,2020-03-04 09:31:21.300,2932.0000,2687,0,50017620.000,0,-,-,-,-,2930.0000,2929.8000,2929.6000,2929.4000,2929.2000,2932.8000,2933.0000,2933.6000,2936.0000,2936.6000,1,2,1,1,1,1,1,1,1,1
SF,IH2004,2020-03-04 09:31:21.800,2930.2000,2687,0,50896680.000,1,0,1,多换,S,2930.0000,2929.8000,2929.6000,2929.4000,2929.2000,2932.8000,2933.0000,2933.6000,2936.0000,2936.6000,1,2,1,1,1,1,1,1,1,1
SF,IH2004,2020-03-04 09:31:22.300,2930.2000,2687,0,50896680.000,0,-,-,-,-,2930.0000,2929.8000,2929.6000,2929.4000,2929.2000,2932.6000,2932.8000,2933.0000,2933.6000,2936.0000,1,1,1,1,1,1,1,1,1,1
SF,IH2004,2020-03-04 09:31:22.800,2932.4000,2686,-1,51776400.000,1,0,1,双平,S,2930.2000,2930.0000,2929.8000,2929.6000,2929.4000,2932.6000,2933.0000,2933.6000,2936.0000,2936.6000,3,1,1,1,1,1,1,1,1,1
SF,IH2004,2020-03-04 09:31:23.300,2932.4000,2686,0,51776400.000,0,-,-,-,-,2930.4000,2930.2000,2930.0000,2929.8000,2929.6000,2932.6000,2933.0000,2933.6000,2936.0000,2936.6000,2,2,1,1,1,1,1,1,1,1
SF,IH2004,2020-03-04 09:31:23.800,2932.6000,2685,-1,52656180.000,1,0,1,双平,S,2932.6000,2930.6000,2930.4000,2930.2000,2930.0000,2933.0000,2933.6000,2936.0000,2936.6000,2938.0000,12,2,3,2,1,1,1,1,1,1
SF,IH2004,2020-03-04 09:31:24.300,2932.6000,2678,-7,58814640.000,7,0,7,双平,S,2932.6000,2930.4000,2930.2000,2930.0000,2929.8000,2933.0000,2933.6000,2936.0000,2936.6000,2938.0000,4,1,1,1,1,1,1,1,1,1
SF,IH2004,2020-03-04 09:31:24.800,2932.6000,2677,-1,59694420.000,1,0,1,双平,S,2932.6000,2930.4000,2930.2000,2930.0000,2929.8000,2933.0000,2933.6000,2936.0000,2936.6000,2938.0000,3,1,1,1,1,1,1,1,1,1
SF,IH2004,2020-03-04 09:31:25.300,2932.6000,2677,0,59694420.000,0,-,-,-,-,2930.4000,2930.2000,2930.0000,2929.8000,2929.6000,2933.0000,2933.6000,2936.0000,2936.6000,2938.0000,1,1,1,1,1,1,1,1,1,1
SF,IH2004,2020-03-04 09:31:25.800,2932.6000,2677,0,59694420.000,0,-,-,-,-,2930.6000,2930.4000,2930.2000,2930.0000,2929.8000,2933.0000,2933.6000,2936.0000,2936.6000,2938.0000,2,1,1,1,1,1,1,1,1,1
SF,IH2004,2020-03-04 09:31:26.800,2932.6000,2677,0,59694420.000,0,-,-,-,-,2930.8000,2930.6000,2930.4000,2930.2000,2930.0000,2933.0000,2933.6000,2936.0000,2936.6000,2938.0000,1,2,1,1,1,2,1,1,1,1
SF,IH2004,2020-03-04 09:31:27.300,2932.6000,2677,0,59694420.000,0,-,-,-,-,2930.8000,2930.6000,2930.4000,2930.0000,2929.8000,2933.0000,2933.6000,2936.0000,2936.6000,2938.0000,1,2,1,1,1,2,1,1,1,1
SF,IH2004,2020-03-04 09:31:31.300,2933.0000,2675,-2,61454220.000,2,0,2,双平,S,2930.8000,2930.6000,2930.4000,2930.0000,2929.8000,2933.6000,2936.0000,2936.6000,2938.0000,2940.0000,1,2,1,1,1,1,1,1,1,2
SF,IH2004,2020-03-04 09:31:31.800,2933.0000,2675,0,61454220.000,0,-,-,-,-,2931.0000,2930.8000,2930.4000,2930.0000,2929.8000,2933.6000,2936.0000,2936.6000,2938.0000,2940.0000,2,1,1,1,1,1,1,1,1,2
SF,IH2004,2020-03-04 09:31:32.300,2933.0000,2675,0,61454220.000,0,-,-,-,-,2931.2000,2931.0000,2930.8000,2930.4000,2930.0000,2933.6000,2936.0000,2936.6000,2938.0000,2940.0000,1,2,1,1,1,1,1,1,1,2
SF,IH2004,2020-03-04 09:31:32.800,2933.0000,2675,0,61454220.000,0,-,-,-,-,2931.4000,2931.2000,2930.8000,2930.4000,2930.0000,2933.6000,2936.0000,2936.6000,2938.0000,2940.0000,2,1,1,1,1,1,1,1,1,2
SF,IH2004,2020-03-04 09:31:33.300,2933.0000,2675,0,61454220.000,0,-,-,-,-,2931.6000,2931.4000,2931.2000,2930.8000,2930.4000,2933.6000,2936.0000,2936.6000,2938.0000,2940.0000,1,2,1,1,1,1,1,1,1,2
SF,IH2004,2020-03-04 09:31:35.800,2933.6000,2674,-1,62334300.000,1,0,1,双平,S,2931.6000,2931.4000,2931.2000,2930.8000,2930.4000,2936.0000,2936.6000,2938.0000,2940.0000,2941.2000,1,2,1,1,1,1,1,1,2,5
SF,IH2004,2020-03-04 09:31:36.300,2933.6000,2674,0,62334300.000,0,-,-,-,-,2933.6000,2932.8000,2931.8000,2931.6000,2931.2000,2934.8000,2935.4000,2935.8000,2936.0000,2936.6000,1,1,2,1,1,1,1,3,1,1
SF,IH2004,2020-03-04 09:31:36.800,2933.6000,2674,0,62334300.000,0,-,-,-,-,2933.6000,2931.8000,2931.6000,2931.2000,2930.8000,2934.6000,2934.8000,2935.8000,2936.0000,2936.6000,1,1,1,1,1,1,2,5,1,1
SF,IH2004,2020-03-04 09:31:37.300,2933.6000,2674,0,62334300.000,0,-,-,-,-,2931.8000,2931.6000,2931.2000,2930.8000,2930.4000,2934.6000,2934.8000,2935.8000,2936.0000,2936.6000,1,1,1,1,1,1,1,4,1,1
SF,IH2004,2020-03-04 09:31:37.800,2933.6000,2674,0,62334300.000,0,-,-,-,-,2932.0000,2931.8000,2931.6000,2931.2000,2930.8000,2934.8000,2935.8000,2936.0000,2936.6000,2938.0000,1,1,1,1,1,2,4,1,1,1
SF,IH2004,2020-03-04 09:31:38.300,2933.6000,2674,0,62334300.000,0,-,-,-,-,2932.2000,2932.0000,2931.6000,2931.2000,2930.8000,2934.6000,2934.8000,2935.8000,2936.0000,2936.6000,1,1,1,1,1,1,2,4,1,1
SF,IH2004,2020-03-04 09:31:38.800,2933.6000,2674,0,62334300.000,0,-,-,-,-,2932.2000,2932.0000,2931.6000,2931.2000,2930.8000,2934.6000,2935.8000,2936.0000,2936.6000,2938.0000,2,1,1,1,1,1,4,1,1,1
SF,IH2004,2020-03-04 09:31:39.300,2933.6000,2674,0,62334300.000,0,-,-,-,-,2932.8000,2932.2000,2932.0000,2931.6000,2931.2000,2934.6000,2934.8000,2935.8000,2936.0000,2936.6000,1,2,1,1,1,1,2,4,1,1
SF,IH2004,2020-03-04 09:31:39.800,2933.6000,2674,0,62334300.000,0,-,-,-,-,2932.8000,2932.2000,2932.0000,2931.6000,2931.2000,2934.6000,2934.8000,2935.8000,2936.0000,2936.6000,1,2,1,1,1,1,1,4,1,1
SF,IH2004,2020-03-04 09:31:40.300,2933.6000,2674,0,62334300.000,0,-,-,-,-,2932.8000,2932.2000,2932.0000,2931.6000,2931.2000,2934.4000,2934.6000,2934.8000,2935.8000,2936.0000,1,2,1,1,1,1,1,1,4,1
SF,IH2004,2020-03-04 09:31:40.800,2933.6000,2674,0,62334300.000,0,-,-,-,-,2932.2000,2932.0000,2931.6000,2931.2000,2930.8000,2934.4000,2934.6000,2934.8000,2935.8000,2936.0000,2,1,1,1,1,1,1,1,5,1
SF,IH2004,2020-03-04 09:31:41.300,2933.6000,2674,0,62334300.000,0,-,-,-,-,2932.2000,2932.0000,2931.6000,2931.2000,2930.8000,2934.4000,2934.6000,2934.8000,2935.8000,2936.0000,2,1,1,1,1,1,1,1,5,1
SF,IH2004,2020-03-04 09:31:41.800,2933.6000,2674,0,62334300.000,0,-,-,-,-,2932.2000,2931.6000,2931.2000,2930.8000,2930.4000,2934.2000,2934.4000,2934.8000,2935.8000,2936.0000,1,1,1,1,1,1,1,1,5,1
SF,IH2004,2020-03-04 09:31:42.300,2933.6000,2674,0,62334300.000,0,-,-,-,-,2932.2000,2931.6000,2931.2000,2930.8000,2930.4000,2932.8000,2934.0000,2934.2000,2934.4000,2934.8000,1,1,1,1,1,1,1,1,1,1
SF,IH2004,2020-03-04 09:31:42.800,2933.6000,2674,0,62334300.000,0,-,-,-,-,2931.2000,2930.8000,2930.4000,2928.0000,2927.8000,2932.8000,2934.2000,2934.4000,2934.8000,2935.8000,1,1,1,1,1,1,1,1,1,5
SF,IH2004,2020-03-04 09:31:43.800,2933.6000,2674,0,62334300.000,0,-,-,-,-,2930.8000,2930.4000,2928.0000,2927.8000,2927.6000,2932.8000,2934.2000,2934.4000,2934.8000,2935.8000,1,1,1,1,1,1,1,1,1,5
SF,IH2004,2020-03-04 09:31:44.800,2933.6000,2674,0,62334300.000,0,-,-,-,-,2930.8000,2930.4000,2928.0000,2927.8000,2927.6000,2932.6000,2932.8000,2934.2000,2934.4000,2935.8000,1,1,1,1,1,1,1,1,1,5
SF,IH2004,2020-03-04 09:31:45.300,2933.6000,2674,0,62334300.000,0,-,-,-,-,2932.6000,2930.8000,2930.4000,2928.0000,2927.8000,2932.8000,2934.2000,2934.4000,2935.8000,2936.0000,1,1,1,1,1,1,1,1,5,1
SF,IH2004,2020-03-04 09:31:45.800,2932.6000,2673,-1,63214080.000,1,0,1,双平,S,2930.8000,2930.4000,2928.0000,2927.8000,2927.6000,2932.4000,2932.8000,2934.2000,2934.4000,2935.8000,1,1,1,1,1,1,1,1,1,5
SF,IH2004,2020-03-04 09:31:46.300,2932.6000,2673,0,63214080.000,0,-,-,-,-,2930.8000,2930.4000,2928.0000,2927.8000,2927.6000,2932.4000,2932.8000,2934.2000,2934.4000,2935.8000,1,1,1,1,1,1,1,2,1,5
SF,IH2004,2020-03-04 09:31:47.300,2932.6000,2673,0,63214080.000,0,-,-,-,-,2930.8000,2930.4000,2928.0000,2927.8000,2927.6000,2932.4000,2932.8000,2934.2000,2934.4000,2935.8000,1,1,1,1,1,1,1,2,1,5
SF,IH2004,2020-03-04 09:31:48.300,2932.6000,2673,0,63214080.000,0,-,-,-,-,2930.8000,2930.4000,2928.0000,2927.8000,2927.6000,2932.8000,2934.2000,2934.4000,2935.8000,2936.0000,1,1,1,1,1,1,2,1,5,1
SF,IH2004,2020-03-04 09:31:49.300,2932.6000,2673,0,63214080.000,0,-,-,-,-,2930.8000,2930.4000,2928.0000,2927.6000,2925.0000,2932.6000,2932.8000,2934.2000,2934.4000,2935.8000,1,1,1,1,1,1,1,2,1,5
SF,IH2004,2020-03-04 09:31:49.800,2932.6000,2673,0,63214080.000,0,-,-,-,-,2930.8000,2930.4000,2928.0000,2927.6000,2925.0000,2932.8000,2934.2000,2934.4000,2935.8000,2936.0000,1,1,1,1,1,1,2,1,5,1
SF,IH2004,2020-03-04 09:31:52.800,2932.8000,2673,0,64093920.000,1,0,1,多换,S,2930.8000,2930.4000,2930.0000,2928.0000,2927.6000,2934.2000,2934.4000,2935.8000,2936.0000,2936.6000,1,1,1,1,1,2,1,5,1,1
SF,IH2004,2020-03-04 09:31:53.300,2932.8000,2673,0,64093920.000,0,-,-,-,-,2931.0000,2930.8000,2930.4000,2930.0000,2928.0000,2934.2000,2934.4000,2935.8000,2936.0000,2936.2000,2,1,1,1,1,2,1,5,1,1
SF,IH2004,2020-03-04 09:31:53.800,2932.8000,2673,0,64093920.000,0,-,-,-,-,2931.2000,2931.0000,2930.8000,2930.4000,2930.0000,2934.2000,2934.4000,2935.8000,2936.0000,2936.2000,1,2,1,1,1,2,1,5,1,1
SF,IH2004,2020-03-04 09:31:54.300,2932.8000,2673,0,64093920.000,0,-,-,-,-,2931.4000,2931.2000,2931.0000,2930.8000,2930.4000,2934.2000,2934.4000,2935.8000,2936.0000,2936.2000,1,1,1,1,1,2,1,5,1,1
SF,IH2004,2020-03-04 09:31:54.800,2932.8000,2673,0,64093920.000,0,-,-,-,-,2931.4000,2930.8000,2930.4000,2930.0000,2928.0000,2934.0000,2934.2000,2934.4000,2935.8000,2936.0000,1,1,1,1,1,2,2,1,4,1
SF,IH2004,2020-03-04 09:31:55.300,2932.8000,2673,0,64093920.000,0,-,-,-,-,2931.4000,2930.8000,2930.4000,2930.0000,2928.0000,2933.8000,2934.0000,2934.2000,2934.4000,2935.8000,1,1,1,1,1,1,2,1,1,4
SF,IH2004,2020-03-04 09:31:55.800,2932.8000,2673,0,64093920.000,0,-,-,-,-,2931.4000,2930.8000,2930.4000,2930.0000,2928.0000,2933.8000,2934.0000,2934.2000,2934.4000,2935.8000,1,1,1,1,1,1,2,1,1,4
SF,IH2004,2020-03-04 09:31:56.300,2932.8000,2673,0,64093920.000,0,-,-,-,-,2931.4000,2930.8000,2930.4000,2930.0000,2928.0000,2933.6000,2933.8000,2934.0000,2934.2000,2934.4000,1,1,1,1,1,2,1,1,1,1
SF,IH2004,2020-03-04 09:31:56.800,2932.8000,2673,0,64093920.000,0,-,-,-,-,2931.4000,2930.8000,2930.4000,2930.0000,2928.0000,2933.8000,2934.0000,2934.2000,2934.4000,2935.8000,1,1,1,1,1,1,1,1,1,4
SF,IH2004,2020-03-04 09:31:57.300,2932.8000,2673,0,64093920.000,0,-,-,-,-,2931.4000,2930.8000,2930.4000,2930.0000,2928.0000,2933.8000,2934.0000,2934.2000,2934.4000,2935.8000,1,1,1,1,1,1,1,1,1,4
SF,IH2004,2020-03-04 09:31:58.300,2932.8000,2673,0,64093920.000,0,-,-,-,-,2931.4000,2930.8000,2930.4000,2930.0000,2928.0000,2933.6000,2933.8000,2934.0000,2934.2000,2934.4000,1,1,1,1,1,2,1,1,1,1
SF,IH2004,2020-03-04 09:31:58.800,2932.8000,2673,0,64093920.000,0,-,-,-,-,2931.4000,2930.8000,2930.4000,2930.0000,2928.0000,2933.6000,2933.8000,2934.0000,2934.2000,2934.4000,1,1,1,1,1,1,1,1,1,1
SF,IH2004,2020-03-04 09:31:59.300,2932.8000,2673,0,64093920.000,0,-,-,-,-,2931.4000,2930.8000,2930.4000,2930.0000,2928.0000,2933.8000,2934.2000,2934.4000,2935.8000,2936.0000,1,1,1,1,1,1,1,1,4,1
SF,IH2004,2020-03-04 09:32:00.800,2932.8000,2673,0,64093920.000,0,-,-,-,-,2931.8000,2931.4000,2930.8000,2930.4000,2930.0000,2933.8000,2934.2000,2934.4000,2935.8000,2936.0000,1,1,1,1,1,1,1,1,4,1
SF,IH2004,2020-03-04 09:32:01.300,2932.8000,2673,0,64093920.000,0,-,-,-,-,2932.0000,2931.6000,2931.4000,2930.8000,2930.4000,2934.2000,2934.4000,2935.8000,2936.0000,2936.6000,1,1,1,1,1,1,1,4,1,1
SF,IH2004,2020-03-04 09:32:02.300,2932.0000,2673,0,64973520.000,1,0,1,多换,S,2931.6000,2931.4000,2930.8000,2930.4000,2930.0000,2934.2000,2934.4000,2935.8000,2936.0000,2936.6000,1,1,1,1,1,1,1,4,1,1
SF,IH2004,2020-03-04 09:32:02.800,2932.0000,2672,-1,65853120.000,1,0,1,双平,S,2931.8000,2931.6000,2930.8000,2930.4000,2930.0000,2934.2000,2934.4000,2935.8000,2936.0000,2936.6000,2,1,1,1,1,2,1,4,1,1
SF,IH2004,2020-03-04 09:32:03.300,2932.0000,2672,0,65853120.000,0,-,-,-,-,2932.8000,2932.0000,2931.8000,2931.6000,2930.8000,2934.2000,2934.4000,2935.8000,2936.0000,2936.6000,1,1,2,1,1,2,1,4,1,1
SF,IH2004,2020-03-04 09:32:04.300,2934.2000,2671,-1,66733380.000,1,0,1,双平,S,2934.2000,2933.0000,2932.8000,2932.0000,2931.8000,2934.4000,2935.8000,2936.0000,2936.6000,2938.0000,1,1,3,1,2,1,4,1,1,1
SF,IH2004,2020-03-04 09:32:04.800,2934.4000,2669,-2,68493960.000,2,0,2,双平,S,2934.6000,2934.4000,2933.0000,2932.8000,2932.4000,2935.8000,2936.0000,2936.6000,2938.0000,2940.0000,2,2,1,3,1,3,1,1,1,1
SF,IH2004,2020-03-04 09:32:05.300,2934.4000,2669,0,68493960.000,0,-,-,-,-,2934.6000,2934.4000,2933.0000,2932.8000,2932.4000,2935.8000,2936.0000,2936.6000,2938.0000,2940.0000,2,2,1,3,1,2,1,1,1,1
SF,IH2004,2020-03-04 09:32:05.800,2934.4000,2669,0,68493960.000,0,-,-,-,-,2934.6000,2934.4000,2933.0000,2932.8000,2932.4000,2935.8000,2936.0000,2936.6000,2938.0000,2940.0000,2,2,1,3,1,1,1,1,1,1
SF,IH2004,2020-03-04 09:32:06.300,2934.4000,2669,0,68493960.000,0,-,-,-,-,2934.4000,2933.0000,2932.8000,2932.4000,2932.0000,2935.8000,2936.0000,2936.6000,2938.0000,2940.0000,2,1,3,1,1,1,1,1,1,1
SF,IH2004,2020-03-04 09:32:06.800,2934.4000,2669,0,68493960.000,0,-,-,-,-,2934.4000,2933.0000,2932.8000,2932.4000,2932.0000,2935.8000,2936.0000,2936.6000,2938.0000,2940.0000,2,1,3,1,1,2,1,1,1,1
SF,IH2004,2020-03-04 09:32:07.300,2934.4000,2669,0,68493960.000,0,-,-,-,-,2934.4000,2933.0000,2932.8000,2932.4000,2932.0000,2935.8000,2936.0000,2936.6000,2938.0000,2940.0000,2,1,3,1,1,1,1,1,1,1
SF,IH2004,2020-03-04 09:32:10.800,2934.4000,2669,0,68493960.000,0,-,-,-,-,2934.4000,2933.0000,2932.8000,2932.4000,2932.0000,2935.8000,2936.6000,2938.0000,2940.0000,2944.0000,2,1,3,1,1,2,1,1,1,1
SF,IH2004,2020-03-04 09:32:11.300,2934.4000,2669,0,68493960.000,0,-,-,-,-,2934.4000,2933.0000,2932.8000,2932.4000,2932.0000,2935.8000,2936.6000,2938.0000,2940.0000,2944.0000,1,1,3,1,1,2,1,1,1,1
SF,IH2004,2020-03-04 09:32:11.800,2934.4000,2669,0,68493960.000,0,-,-,-,-,2933.0000,2932.8000,2932.4000,2932.0000,2931.8000,2935.8000,2936.6000,2938.0000,2940.0000,2944.0000,1,3,1,1,2,2,1,1,1,1
SF,IH2004,2020-03-04 09:32:12.300,2934.4000,2669,0,68493960.000,0,-,-,-,-,2933.2000,2933.0000,2932.8000,2932.4000,2932.0000,2934.4000,2935.8000,2936.6000,2938.0000,2940.0000,2,1,3,1,1,1,2,1,1,1
SF,IH2004,2020-03-04 09:32:12.800,2934.4000,2669,0,69374280.000,1,0,1,多换,S,2933.2000,2933.0000,2932.8000,2932.4000,2932.0000,2935.8000,2936.6000,2938.0000,2940.0000,2944.0000,1,1,3,1,1,2,1,1,1,1
SF,IH2004,2020-03-04 09:32:13.300,2934.4000,2669,0,69374280.000,0,-,-,-,-,2933.4000,2933.2000,2933.0000,2932.8000,2932.4000,2935.8000,2936.6000,2938.0000,2940.0000,2944.0000,1,1,1,3,1,2,1,1,1,1
SF,IH2004,2020-03-04 09:32:13.800,2934.4000,2669,0,69374280.000,0,-,-,-,-,2933.4000,2933.2000,2933.0000,2932.8000,2932.4000,2935.8000,2936.6000,2938.0000,2940.0000,2944.0000,1,1,1,3,1,2,1,1,1,1
SF,IH2004,2020-03-04 09:32:14.300,2934.4000,2669,0,69374280.000,0,-,-,-,-,2933.4000,2932.4000,2932.0000,2931.6000,2930.8000,2934.8000,2935.4000,2935.6000,2935.8000,2936.6000,1,1,1,1,1,1,1,2,2,1
SF,IH2004,2020-03-04 09:32:14.800,2934.4000,2669,0,69374280.000,0,-,-,-,-,2932.0000,2931.6000,2930.8000,2930.0000,2925.0000,2933.2000,2934.8000,2935.4000,2935.6000,2935.8000,1,1,1,1,1,2,2,1,4,2
SF,IH2004,2020-03-04 09:32:15.300,2934.4000,2669,0,69374280.000,0,-,-,-,-,2931.6000,2930.8000,2930.0000,2925.0000,2915.0000,2933.2000,2934.6000,2934.8000,2935.4000,2935.6000,1,1,1,1,3,2,1,2,1,4
SF,IH2004,2020-03-04 09:32:15.800,2934.4000,2669,0,69374280.000,0,-,-,-,-,2930.8000,2930.0000,2925.0000,2915.0000,2913.2000,2933.2000,2934.6000,2934.8000,2935.4000,2935.6000,1,1,1,3,1,2,1,3,1,4
SF,IH2004,2020-03-04 09:32:16.300,2934.4000,2669,0,69374280.000,0,-,-,-,-,2931.0000,2930.8000,2930.0000,2925.0000,2915.0000,2933.2000,2934.6000,2934.8000,2935.4000,2935.6000,1,1,1,1,3,2,1,3,1,4
SF,IH2004,2020-03-04 09:32:16.800,2934.4000,2669,0,69374280.000,0,-,-,-,-,2931.0000,2930.8000,2930.0000,2925.0000,2915.0000,2932.6000,2933.2000,2934.6000,2934.8000,2935.4000,1,1,1,1,3,1,2,1,2,1
SF,IH2004,2020-03-04 09:32:17.300,2934.4000,2669,0,69374280.000,0,-,-,-,-,2930.8000,2930.0000,2925.0000,2915.0000,2913.2000,2932.6000,2933.2000,2934.6000,2934.8000,2935.4000,1,1,1,3,1,1,2,1,2,1
SF,IH2004,2020-03-04 09:32:17.800,2934.4000,2669,0,69374280.000,0,-,-,-,-,2930.8000,2930.0000,2925.0000,2915.0000,2913.2000,2932.6000,2933.2000,2934.6000,2934.8000,2935.4000,1,1,1,3,1,1,2,1,2,1
SF,IH2004,2020-03-04 09:32:18.300,2934.4000,2669,0,69374280.000,0,-,-,-,-,2930.0000,2925.0000,2915.0000,2913.2000,2912.2000,2933.2000,2934.6000,2934.8000,2935.4000,2935.6000,1,1,3,1,3,2,1,2,1,4
SF,IH2004,2020-03-04 09:32:18.800,2934.4000,2669,0,69374280.000,0,-,-,-,-,2930.2000,2930.0000,2925.0000,2915.0000,2913.2000,2932.6000,2932.8000,2933.0000,2933.2000,2934.6000,1,1,1,3,1,2,1,3,2,1
SF,IH2004,2020-03-04 09:32:19.300,2930.4000,2668,-1,70253400.000,1,0,1,双平,S,2930.2000,2930.0000,2925.0000,2915.0000,2913.2000,2933.0000,2933.2000,2934.6000,2934.8000,2935.6000,1,1,1,3,1,1,2,1,1,2
SF,IH2004,2020-03-04 09:32:19.800,2930.4000,2668,0,70253400.000,0,-,-,-,-,2930.2000,2930.0000,2925.0000,2915.0000,2913.2000,2932.6000,2932.8000,2933.0000,2933.2000,2934.0000,1,1,1,3,1,1,2,1,2,1
SF,IH2004,2020-03-04 09:32:20.300,2930.4000,2668,0,70253400.000,0,-,-,-,-,2930.2000,2930.0000,2925.0000,2915.0000,2913.2000,2932.4000,2932.6000,2932.8000,2933.2000,2934.0000,1,1,1,3,1,3,2,2,2,1
SF,IH2004,2020-03-04 09:32:20.800,2930.4000,2668,0,70253400.000,0,-,-,-,-,2930.2000,2930.0000,2925.0000,2915.0000,2913.2000,2932.4000,2932.6000,2932.8000,2933.2000,2934.0000,1,1,1,3,1,3,2,2,2,1
SF,IH2004,2020-03-04 09:32:21.300,2930.4000,2668,0,70253400.000,0,-,-,-,-,2930.2000,2930.0000,2925.0000,2915.0000,2913.2000,2932.4000,2932.6000,2932.8000,2933.2000,2934.0000,1,1,1,3,1,3,2,2,2,1
SF,IH2004,2020-03-04 09:32:21.800,2930.4000,2668,0,70253400.000,0,-,-,-,-,2930.2000,2930.0000,2925.0000,2915.0000,2913.2000,2932.4000,2932.6000,2932.8000,2933.2000,2934.0000,1,1,1,3,1,3,2,2,2,1
SF,IH2004,2020-03-04 09:32:22.300,2930.4000,2668,0,70253400.000,0,-,-,-,-,2930.2000,2930.0000,2925.0000,2915.0000,2913.2000,2932.4000,2932.6000,2933.2000,2934.0000,2934.6000,1,1,1,3,1,2,1,2,1,1
SF,IH2004,2020-03-04 09:32:22.800,2930.4000,2668,0,70253400.000,0,-,-,-,-,2930.2000,2930.0000,2925.0000,2915.0000,2913.2000,2932.4000,2932.6000,2933.2000,2934.0000,2934.6000,1,1,1,3,1,2,1,2,1,1
SF,IH2004,2020-03-04 09:32:23.300,2930.4000,2668,0,70253400.000,0,-,-,-,-,2930.2000,2930.0000,2925.0000,2915.0000,2913.2000,2932.4000,2932.6000,2933.2000,2934.0000,2934.6000,1,1,1,3,1,1,1,2,1,1
SF,IH2004,2020-03-04 09:32:23.800,2930.4000,2668,0,70253400.000,0,-,-,-,-,2930.2000,2930.0000,2925.0000,2915.0000,2913.2000,2932.4000,2932.6000,2933.2000,2934.6000,2935.6000,1,1,1,3,1,1,2,2,1,2
SF,IH2004,2020-03-04 09:32:24.300,2930.4000,2668,0,70253400.000,0,-,-,-,-,2930.2000,2930.0000,2925.0000,2915.0000,2913.2000,2932.4000,2932.6000,2933.2000,2934.6000,2935.6000,1,1,1,3,1,1,2,2,1,2
SF,IH2004,2020-03-04 09:32:24.800,2930.4000,2668,0,70253400.000,0,-,-,-,-,2930.2000,2930.0000,2925.0000,2915.0000,2913.2000,2932.2000,2932.4000,2932.6000,2933.2000,2934.6000,1,1,1,3,1,2,1,2,2,1
SF,IH2004,2020-03-04 09:32:25.300,2930.2000,2667,-1,71132460.000,1,0,1,双平,S,2930.0000,2925.0000,2915.0000,2913.2000,2912.2000,2931.6000,2932.0000,2932.2000,2932.6000,2933.2000,1,1,3,1,3,1,2,2,2,2
SF,IH2004,2020-03-04 09:32:25.800,2930.0000,2667,0,72011460.000,1,0,1,多换,S,2925.0000,2915.0000,2913.2000,2912.2000,2911.2000,2929.8000,2930.0000,2930.2000,2931.4000,2931.6000,1,3,1,3,3,2,1,1,4,2
SF,IH2004,2020-03-04 09:32:26.300,2930.0000,2667,0,72011460.000,0,-,-,-,-,2928.0000,2927.6000,2926.4000,2925.2000,2925.0000,2929.6000,2929.8000,2930.0000,2930.2000,2931.4000,2,1,1,3,2,2,2,1,1,2
SF,IH2004,2020-03-04 09:32:26.800,2930.0000,2667,0,72011460.000,0,-,-,-,-,2928.2000,2928.0000,2927.6000,2926.4000,2925.2000,2929.6000,2929.8000,2930.0000,2930.2000,2931.4000,3,2,1,1,3,1,2,1,1,2
SF,IH2004,2020-03-04 09:32:27.300,2930.0000,2667,0,72890460.000,1,0,1,多换,S,2928.2000,2928.0000,2927.6000,2926.4000,2925.2000,2929.8000,2930.0000,2930.2000,2931.4000,2931.6000,3,2,1,1,3,2,1,1,2,1
SF,IH2004,2020-03-04 09:32:27.800,2930.0000,2667,0,72890460.000,0,-,-,-,-,2928.2000,2928.0000,2927.6000,2925.2000,2925.0000,2929.8000,2930.0000,2930.2000,2931.4000,2931.6000,3,2,1,3,1,2,1,1,2,1
SF,IH2004,2020-03-04 09:32:28.300,2930.0000,2667,0,72890460.000,0,-,-,-,-,2928.2000,2928.0000,2927.6000,2925.2000,2925.0000,2929.8000,2930.0000,2930.2000,2931.4000,2931.6000,3,2,1,3,1,2,1,1,2,1
SF,IH2004,2020-03-04 09:32:28.800,2930.0000,2667,0,72890460.000,0,-,-,-,-,2927.6000,2925.2000,2925.0000,2915.0000,2913.2000,2929.6000,2929.8000,2930.0000,2930.2000,2931.4000,1,3,1,3,1,1,2,1,1,2
SF,IH2004,2020-03-04 09:32:29.300,2930.0000,2667,0,72890460.000,0,-,-,-,-,2925.2000,2915.0000,2913.2000,2912.2000,2911.2000,2929.4000,2929.8000,2930.0000,2930.2000,2931.4000,3,3,1,3,3,2,2,1,1,2
SF,IH2004,2020-03-04 09:32:29.800,2930.0000,2667,0,72890460.000,0,-,-,-,-,2925.4000,2925.2000,2925.0000,2915.0000,2913.2000,2929.2000,2929.8000,2930.0000,2930.2000,2931.4000,2,2,1,3,1,1,2,1,1,2
SF,IH2004,2020-03-04 09:32:30.300,2930.0000,2667,0,72890460.000,0,-,-,-,-,2925.6000,2925.4000,2925.2000,2915.0000,2913.2000,2929.2000,2929.8000,2930.0000,2930.2000,2931.4000,2,3,2,3,1,2,2,1,1,1
SF,IH2004,2020-03-04 09:32:30.800,2930.0000,2667,0,72890460.000,0,-,-,-,-,2925.8000,2925.6000,2925.4000,2925.2000,2915.0000,2929.2000,2929.8000,2930.0000,2930.2000,2931.4000,2,2,2,2,3,1,2,1,1,1
SF,IH2004,2020-03-04 09:32:31.300,2930.0000,2667,0,72890460.000,0,-,-,-,-,2926.0000,2925.8000,2925.6000,2925.4000,2925.2000,2929.2000,2929.8000,2930.0000,2930.2000,2931.4000,2,2,2,2,2,1,2,1,1,1
SF,IH2004,2020-03-04 09:32:31.800,2930.0000,2667,0,72890460.000,0,-,-,-,-,2926.0000,2925.8000,2925.6000,2925.4000,2925.2000,2929.0000,2929.2000,2929.8000,2930.0000,2930.2000,1,2,2,1,2,1,1,2,1,1
SF,IH2004,2020-03-04 09:32:32.300,2926.0000,2667,0,73768260.000,1,0,1,多换,S,2925.8000,2925.6000,2925.4000,2925.2000,2915.0000,2928.8000,2929.0000,2929.8000,2930.0000,2930.2000,1,2,1,2,3,1,1,2,1,1
SF,IH2004,2020-03-04 09:32:32.800,2926.0000,2667,0,73768260.000,0,-,-,-,-,2925.6000,2925.2000,2915.0000,2913.2000,2913.0000,2928.6000,2928.8000,2929.8000,2930.0000,2930.2000,1,1,3,1,1,1,1,2,1,1
SF,IH2004,2020-03-04 09:32:33.300,2926.0000,2667,0,73768260.000,0,-,-,-,-,2926.0000,2925.6000,2925.2000,2915.0000,2913.2000,2928.2000,2928.4000,2928.6000,2929.8000,2930.0000,2,1,1,3,1,1,1,1,2,1
SF,IH2004,2020-03-04 09:32:33.800,2926.0000,2667,0,73768260.000,0,-,-,-,-,2926.0000,2925.6000,2925.2000,2915.0000,2913.2000,2928.4000,2928.6000,2929.8000,2930.0000,2930.2000,2,1,1,3,1,1,1,2,1,1
SF,IH2004,2020-03-04 09:32:34.300,2926.0000,2667,0,73768260.000,0,-,-,-,-,2926.0000,2925.6000,2925.2000,2915.0000,2913.2000,2928.4000,2928.6000,2929.8000,2930.0000,2930.2000,1,1,1,3,1,1,1,2,1,1
SF,IH2004,2020-03-04 09:32:34.800,2926.0000,2667,0,73768260.000,0,-,-,-,-,2926.4000,2926.0000,2925.6000,2925.2000,2915.0000,2928.6000,2929.8000,2930.0000,2930.2000,2931.4000,1,1,1,1,3,1,2,1,1,1
SF,IH2004,2020-03-04 09:32:35.300,2926.0000,2667,0,73768260.000,0,-,-,-,-,2926.4000,2926.0000,2925.6000,2925.2000,2915.0000,2928.6000,2929.8000,2930.0000,2930.2000,2931.4000,1,1,1,1,3,1,2,1,1,1
SF,IH2004,2020-03-04 09:32:35.800,2926.0000,2667,0,73768260.000,0,-,-,-,-,2926.4000,2926.0000,2925.6000,2925.2000,2915.0000,2928.6000,2929.8000,2930.0000,2930.2000,2931.4000,1,1,1,1,3,1,2,1,1,1
SF,IH2004,2020-03-04 09:32:36.300,2926.0000,2667,0,73768260.000,0,-,-,-,-,2926.6000,2926.4000,2926.0000,2925.6000,2925.2000,2928.6000,2929.8000,2930.0000,2930.2000,2931.4000,1,1,1,1,1,1,2,1,1,1
SF,IH2004,2020-03-04 09:32:36.800,2926.0000,2667,0,73768260.000,0,-,-,-,-,2926.8000,2926.6000,2926.0000,2925.6000,2915.0000,2929.2000,2929.8000,2930.0000,2930.2000,2931.4000,1,2,1,1,3,1,2,1,1,1
SF,IH2004,2020-03-04 09:32:37.300,2926.0000,2667,0,73768260.000,0,-,-,-,-,2928.8000,2926.6000,2926.0000,2925.6000,2915.0000,2929.2000,2929.8000,2930.0000,2930.2000,2931.4000,1,1,1,1,3,1,2,1,1,1
SF,IH2004,2020-03-04 09:32:37.800,2928.8000,2667,0,74646900.000,1,0,1,多换,S,2926.0000,2925.6000,2915.0000,2913.2000,2913.0000,2927.8000,2928.2000,2928.6000,2928.8000,2929.0000,1,1,3,1,1,2,1,1,3,2
SF,IH2004,2020-03-04 09:32:38.300,2928.8000,2667,0,74646900.000,0,-,-,-,-,2925.6000,2915.0000,2913.2000,2913.0000,2912.2000,2927.8000,2928.0000,2928.2000,2928.8000,2929.0000,1,3,1,1,3,2,1,2,2,2
SF,IH2004,2020-03-04 09:32:38.800,2928.6000,2667,0,75525480.000,1,0,1,多换,S,2925.6000,2915.0000,2913.2000,2913.0000,2912.2000,2927.8000,2928.2000,2928.8000,2929.0000,2929.2000,1,3,1,1,3,2,1,2,2,1
SF,IH2004,2020-03-04 09:32:39.300,2928.6000,2667,0,75525480.000,0,-,-,-,-,2925.6000,2915.0000,2913.2000,2913.0000,2912.2000,2927.8000,2928.2000,2928.8000,2929.0000,2929.2000,1,3,1,1,3,2,1,2,2,1
SF,IH2004,2020-03-04 09:32:39.800,2928.6000,2667,0,75525480.000,0,-,-,-,-,2925.8000,2925.6000,2915.0000,2913.2000,2913.0000,2927.8000,2928.8000,2929.0000,2929.2000,2929.8000,2,1,3,1,1,2,1,2,1,2
SF,IH2004,2020-03-04 09:32:40.300,2928.6000,2667,0,75525480.000,0,-,-,-,-,2926.0000,2925.8000,2925.6000,2915.0000,2913.2000,2927.8000,2929.0000,2929.2000,2929.8000,2930.0000,3,2,1,3,1,2,2,1,2,1
SF,IH2004,2020-03-04 09:32:40.800,2928.6000,2667,0,75525480.000,0,-,-,-,-,2926.0000,2925.8000,2925.6000,2915.0000,2913.2000,2927.8000,2929.0000,2929.2000,2929.8000,2930.0000,3,1,1,3,1,2,2,1,2,1
SF,IH2004,2020-03-04 09:32:41.300,2928.6000,2667,0,75525480.000,0,-,-,-,-,2926.0000,2925.8000,2925.6000,2915.0000,2913.2000,2929.0000,2929.2000,2929.8000,2930.0000,2931.6000,3,1,1,3,1,2,2,2,2,1
SF,IH2004,2020-03-04 09:32:41.800,2928.6000,2667,0,75525480.000,0,-,-,-,-,2926.2000,2926.0000,2925.8000,2925.6000,2915.0000,2928.2000,2928.8000,2929.0000,2929.2000,2929.8000,1,3,1,1,3,1,2,2,2,2
SF,IH2004,2020-03-04 09:32:42.300,2926.4000,2667,0,77281320.000,2,1,1,多换,S,2926.4000,2926.2000,2926.0000,2925.6000,2915.0000,2929.2000,2929.8000,2930.0000,2931.6000,2935.6000,2,1,1,1,3,2,2,2,1,1
SF,IH2004,2020-03-04 09:32:42.800,2926.4000,2667,0,77281320.000,0,-,-,-,-,2928.2000,2926.8000,2926.6000,2926.4000,2926.2000,2929.2000,2929.8000,2930.0000,2931.6000,2935.6000,11,2,3,3,1,1,2,2,1,1
SF,IH2004,2020-03-04 09:32:43.300,2928.2000,2666,-1,78159780.000,1,0,1,双平,S,2926.6000,2926.4000,2926.0000,2915.0000,2913.2000,2929.0000,2929.2000,2929.8000,2930.0000,2931.6000,1,1,1,3,1,2,1,2,2,1
SF,IH2004,2020-03-04 09:32:43.800,2928.2000,2666,0,78159780.000,0,-,-,-,-,2927.0000,2926.8000,2926.6000,2926.4000,2915.0000,2929.0000,2929.2000,2929.8000,2930.0000,2931.6000,1,1,1,1,3,2,1,2,2,1
SF,IH2004,2020-03-04 09:32:44.800,2928.2000,2666,0,78159780.000,0,-,-,-,-,2927.2000,2926.8000,2926.6000,2915.0000,2913.2000,2929.0000,2929.2000,2929.8000,2930.0000,2930.4000,3,1,1,3,1,1,1,2,2,1
SF,IH2004,2020-03-04 09:32:45.300,2928.2000,2666,0,78159780.000,0,-,-,-,-,2927.2000,2926.8000,2915.0000,2913.2000,2913.0000,2929.0000,2929.2000,2929.8000,2930.0000,2930.4000,2,1,3,1,1,1,1,2,2,1
SF,IH2004,2020-03-04 09:32:45.800,2928.2000,2666,0,78159780.000,0,-,-,-,-,2927.2000,2926.8000,2915.0000,2913.2000,2913.0000,2929.0000,2929.2000,2929.8000,2930.0000,2930.4000,2,1,3,1,1,1,1,2,2,1
SF,IH2004,2020-03-04 09:32:46.300,2927.2000,2665,-1,79037940.000,1,0,1,双平,S,2927.2000,2926.8000,2915.0000,2913.2000,2913.0000,2929.0000,2929.2000,2929.8000,2930.0000,2930.4000,1,1,3,1,1,1,1,2,2,1
SF,IH2004,2020-03-04 09:32:46.800,2927.2000,2665,0,79037940.000,0,-,-,-,-,2927.2000,2926.8000,2915.0000,2913.2000,2913.0000,2929.0000,2929.2000,2929.8000,2930.0000,2930.4000,1,1,3,1,1,1,1,2,3,1
SF,IH2004,2020-03-04 09:32:48.300,2929.0000,2664,-1,79916640.000,1,0,1,双平,S,2928.0000,2927.6000,2927.4000,2927.2000,2926.8000,2929.2000,2929.8000,2930.0000,2930.4000,2931.6000,1,1,1,1,1,1,2,3,1,1
SF,IH2004,2020-03-04 09:32:48.800,2929.0000,2664,0,80795340.000,1,0,1,多换,S,2927.4000,2926.8000,2915.0000,2913.2000,2913.0000,2929.2000,2929.8000,2930.0000,2930.4000,2931.6000,1,1,3,1,1,1,2,3,1,1
SF,IH2004,2020-03-04 09:32:49.300,2929.2000,2664,0,81674100.000,1,0,1,多换,S,2929.2000,2928.2000,2928.0000,2927.6000,2927.4000,2929.8000,2930.0000,2930.4000,2931.6000,2935.6000,1,1,1,2,1,2,3,1,1,1
SF,IH2004,2020-03-04 09:32:49.800,2929.2000,2664,0,81674100.000,0,-,-,-,-,2929.2000,2928.0000,2927.6000,2927.4000,2926.8000,2930.0000,2931.6000,2935.6000,2935.8000,2936.6000,1,2,2,1,1,3,1,1,1,1
SF,IH2004,2020-03-04 09:32:50.300,2930.0000,2664,0,83432100.000,2,1,1,多换,S,2930.2000,2929.8000,2928.0000,2927.6000,2927.4000,2931.6000,2935.6000,2935.8000,2936.6000,2938.0000,2,2,2,2,1,1,1,1,1,1
SF,IH2004,2020-03-04 09:32:50.800,2930.0000,2664,0,83432100.000,0,-,-,-,-,2930.2000,2929.8000,2928.0000,2927.6000,2927.4000,2931.6000,2935.6000,2935.8000,2936.6000,2938.0000,3,2,2,2,1,1,1,1,1,1
SF,IH2004,2020-03-04 09:32:51.300,2930.0000,2664,0,83432100.000,0,-,-,-,-,2930.2000,2929.8000,2928.0000,2927.6000,2927.4000,2931.0000,2931.4000,2931.6000,2935.6000,2935.8000,3,2,2,2,1,1,1,1,1,1
SF,IH2004,2020-03-04 09:32:51.800,2930.0000,2664,0,83432100.000,0,-,-,-,-,2930.2000,2929.8000,2928.0000,2927.6000,2927.4000,2931.6000,2935.6000,2935.8000,2936.6000,2938.0000,3,2,2,2,1,1,1,1,1,1
SF,IH2004,2020-03-04 09:32:52.300,2930.2000,2664,0,84311160.000,1,0,1,多换,S,2930.2000,2928.0000,2927.6000,2927.4000,2926.8000,2931.4000,2931.6000,2935.6000,2935.8000,2936.6000,2,2,2,1,1,1,1,1,1,1
SF,IH2004,2020-03-04 09:32:52.800,2930.2000,2664,0,84311160.000,0,-,-,-,-,2930.2000,2928.0000,2927.6000,2927.4000,2926.8000,2931.6000,2935.6000,2935.8000,2936.6000,2938.0000,2,2,2,1,1,1,1,1,1,1
SF,IH2004,2020-03-04 09:32:56.800,2930.2000,2664,0,85190220.000,1,0,1,多换,S,2928.0000,2927.6000,2927.4000,2926.8000,2915.0000,2931.6000,2935.6000,2935.8000,2936.6000,2938.0000,2,2,1,1,3,1,1,1,1,1
SF,IH2004,2020-03-04 09:32:57.300,2930.2000,2664,0,85190220.000,0,-,-,-,-,2928.2000,2928.0000,2927.6000,2927.4000,2926.8000,2931.0000,2931.4000,2931.6000,2935.6000,2935.8000,2,2,1,1,1,1,1,1,1,1
SF,IH2004,2020-03-04 09:32:57.800,2930.2000,2664,0,85190220.000,0,-,-,-,-,2928.6000,2928.2000,2928.0000,2927.6000,2927.4000,2931.4000,2931.6000,2935.6000,2935.8000,2936.6000,1,2,2,1,1,1,1,1,1,1
SF,IH2004,2020-03-04 09:32:58.300,2930.2000,2664,0,85190220.000,0,-,-,-,-,2928.8000,2928.6000,2928.2000,2928.0000,2927.6000,2931.4000,2931.6000,2935.6000,2935.8000,2936.6000,1,1,1,2,1,1,1,1,1,1
SF,IH2004,2020-03-04 09:32:58.800,2930.2000,2664,0,85190220.000,0,-,-,-,-,2928.8000,2928.2000,2928.0000,2927.6000,2927.4000,2931.4000,2931.6000,2935.6000,2935.8000,2936.6000,1,1,2,1,1,1,1,1,1,1
SF,IH2004,2020-03-04 09:32:59.300,2930.2000,2664,0,85190220.000,0,-,-,-,-,2928.8000,2928.2000,2928.0000,2927.6000,2927.4000,2930.4000,2931.0000,2931.2000,2931.4000,2931.6000,1,1,2,1,1,1,1,2,1,1
SF,IH2004,2020-03-04 09:32:59.800,2930.2000,2664,0,85190220.000,0,-,-,-,-,2927.4000,2926.8000,2915.0000,2913.2000,2913.0000,2930.4000,2931.0000,2931.2000,2931.4000,2931.6000,1,1,3,1,1,1,1,3,1,1
SF,IH2004,2020-03-04 09:33:00.300,2930.2000,2664,0,85190220.000,0,-,-,-,-,2928.0000,2927.6000,2927.4000,2926.8000,2915.0000,2930.4000,2931.0000,2931.2000,2931.4000,2931.6000,1,2,1,1,3,2,1,2,1,1
SF,IH2004,2020-03-04 09:33:00.800,2930.2000,2664,0,85190220.000,0,-,-,-,-,2927.6000,2927.4000,2926.8000,2915.0000,2913.2000,2930.4000,2931.0000,2931.2000,2931.4000,2931.6000,1,1,1,3,1,2,1,2,1,1
SF,IH2004,2020-03-04 09:33:01.300,2930.2000,2664,0,85190220.000,0,-,-,-,-,2928.0000,2927.6000,2927.4000,2926.8000,2915.0000,2930.4000,2931.0000,2931.2000,2931.4000,2931.6000,1,1,1,1,3,1,1,2,1,1
SF,IH2004,2020-03-04 09:33:01.800,2930.2000,2664,0,85190220.000,0,-,-,-,-,2928.2000,2928.0000,2927.8000,2927.6000,2927.4000,2930.4000,2931.0000,2931.2000,2931.4000,2931.6000,2,3,1,1,1,1,1,1,1,1
SF,IH2004,2020-03-04 09:33:02.300,2928.2000,2664,0,86068680.000,1,0,1,多换,S,2928.2000,2928.0000,2927.8000,2927.6000,2927.4000,2931.2000,2931.4000,2931.6000,2935.6000,2935.8000,1,2,1,1,1,1,1,1,1,1
SF,IH2004,2020-03-04 09:33:02.800,2928.2000,2664,0,86068680.000,0,-,-,-,-,2927.8000,2927.4000,2915.0000,2913.2000,2913.0000,2931.0000,2931.2000,2931.4000,2931.6000,2935.6000,1,1,3,1,1,2,1,1,1,1
SF,IH2004,2020-03-04 09:33:03.300,2928.2000,2664,0,86068680.000,0,-,-,-,-,2928.0000,2927.8000,2927.6000,2927.4000,2915.0000,2930.4000,2930.8000,2931.0000,2931.4000,2931.6000,1,1,1,1,3,1,1,3,1,1
SF,IH2004,2020-03-04 09:33:03.800,2928.2000,2664,0,86068680.000,0,-,-,-,-,2928.0000,2927.8000,2927.6000,2927.4000,2915.0000,2930.2000,2930.4000,2930.8000,2931.0000,2931.4000,1,1,1,1,3,1,1,1,2,1
SF,IH2004,2020-03-04 09:33:04.800,2928.2000,2664,0,86068680.000,0,-,-,-,-,2928.2000,2928.0000,2927.8000,2927.6000,2927.4000,2930.2000,2930.8000,2931.4000,2931.6000,2935.6000,1,2,1,1,1,1,1,1,1,1
SF,IH2004,2020-03-04 09:33:05.300,2928.2000,2664,0,86068680.000,0,-,-,-,-,2928.4000,2928.2000,2928.0000,2927.8000,2927.6000,2930.2000,2930.8000,2931.4000,2931.6000,2935.6000,1,1,2,1,1,1,1,1,1,1
SF,IH2004,2020-03-04 09:33:05.800,2930.2000,2664,0,86947740.000,1,0,1,多换,S,2928.4000,2928.2000,2928.0000,2927.8000,2927.6000,2930.8000,2931.4000,2931.6000,2935.6000,2935.8000,1,1,1,1,1,1,1,1,1,1
SF,IH2004,2020-03-04 09:33:06.300,2930.2000,2664,0,86947740.000,0,-,-,-,-,2928.2000,2928.0000,2927.8000,2927.6000,2927.4000,2930.4000,2931.4000,2931.6000,2935.6000,2935.8000,1,1,1,1,1,2,1,1,1,1
SF,IH2004,2020-03-04 09:33:06.800,2930.2000,2664,0,86947740.000,0,-,-,-,-,2928.4000,2928.2000,2928.0000,2927.8000,2927.6000,2930.4000,2931.4000,2931.6000,2935.6000,2935.8000,1,1,2,1,1,2,1,1,1,1
SF,IH2004,2020-03-04 09:33:07.300,2930.2000,2664,0,86947740.000,0,-,-,-,-,2928.4000,2928.2000,2928.0000,2927.8000,2927.6000,2930.4000,2931.4000,2931.6000,2935.6000,2935.8000,1,1,2,1,1,1,1,1,1,1
SF,IH2004,2020-03-04 09:33:07.800,2930.2000,2664,0,86947740.000,0,-,-,-,-,2928.4000,2928.2000,2928.0000,2927.8000,2927.6000,2930.2000,2930.4000,2931.4000,2931.6000,2935.6000,1,1,1,1,1,1,2,1,1,1
SF,IH2004,2020-03-04 09:33:08.300,2930.2000,2664,0,86947740.000,0,-,-,-,-,2927.8000,2927.4000,2919.8000,2915.0000,2913.2000,2930.2000,2930.4000,2931.4000,2931.6000,2935.6000,1,1,1,3,1,1,2,1,1,1
SF,IH2004,2020-03-04 09:33:08.800,2930.2000,2664,0,86947740.000,0,-,-,-,-,2927.8000,2927.4000,2919.8000,2915.0000,2913.2000,2929.8000,2930.0000,2930.4000,2931.4000,2931.6000,1,1,1,3,1,1,2,2,1,1
SF,IH2004,2020-03-04 09:33:09.300,2930.2000,2664,0,86947740.000,0,-,-,-,-,2927.8000,2927.4000,2919.8000,2915.0000,2913.2000,2929.6000,2929.8000,2930.0000,2930.4000,2931.4000,1,1,1,3,1,1,1,2,2,1
SF,IH2004,2020-03-04 09:33:09.800,2930.2000,2664,0,86947740.000,0,-,-,-,-,2927.4000,2919.8000,2915.0000,2913.2000,2912.2000,2929.6000,2930.0000,2930.4000,2931.4000,2931.6000,1,1,3,1,3,1,2,2,1,1
SF,IH2004,2020-03-04 09:33:10.300,2930.2000,2664,0,86947740.000,0,-,-,-,-,2919.8000,2915.0000,2913.2000,2912.2000,2911.2000,2929.4000,2929.6000,2930.0000,2930.4000,2931.4000,1,3,1,3,3,1,1,1,2,1
SF,IH2004,2020-03-04 09:33:10.800,2930.2000,2664,0,86947740.000,0,-,-,-,-,2923.2000,2922.4000,2921.2000,2920.0000,2919.8000,2929.2000,2930.4000,2931.4000,2931.6000,2935.6000,2,2,1,1,1,2,2,1,1,1
SF,IH2004,2020-03-04 09:33:11.300,2930.2000,2664,0,86947740.000,0,-,-,-,-,2923.4000,2923.2000,2922.4000,2921.2000,2920.0000,2929.2000,2930.4000,2931.4000,2931.6000,2935.6000,3,2,2,1,2,2,2,1,1,1
SF,IH2004,2020-03-04 09:33:11.800,2930.2000,2664,0,86947740.000,0,-,-,-,-,2924.8000,2923.4000,2923.2000,2922.4000,2921.2000,2929.2000,2930.4000,2931.4000,2931.6000,2935.6000,1,4,2,2,1,1,2,1,1,1
SF,IH2004,2020-03-04 09:33:12.300,2925.0000,2664,0,87825240.000,1,0,1,多换,S,2925.0000,2924.8000,2923.6000,2923.4000,2923.2000,2929.0000,2929.2000,2930.4000,2931.4000,2931.6000,2,1,1,3,2,1,1,2,1,1
SF,IH2004,2020-03-04 09:33:12.800,2925.0000,2664,0,87825240.000,0,-,-,-,-,2925.0000,2924.8000,2923.4000,2923.2000,2922.4000,2928.8000,2929.0000,2930.4000,2931.4000,2931.6000,3,1,3,2,2,1,2,2,1,1
SF,IH2004,2020-03-04 09:33:13.300,2925.0000,2664,0,87825240.000,0,-,-,-,-,2925.2000,2925.0000,2924.8000,2923.4000,2923.2000,2928.6000,2928.8000,2929.0000,2930.4000,2931.4000,3,3,1,3,2,2,1,1,2,1
SF,IH2004,2020-03-04 09:33:13.800,2925.0000,2664,0,87825240.000,0,-,-,-,-,2925.4000,2925.2000,2925.0000,2924.8000,2923.4000,2928.4000,2928.6000,2929.0000,2930.4000,2931.4000,3,3,2,1,2,1,2,1,2,1
SF,IH2004,2020-03-04 09:33:14.300,2925.0000,2664,0,87825240.000,0,-,-,-,-,2925.4000,2925.2000,2925.0000,2924.8000,2923.4000,2928.2000,2928.4000,2928.6000,2929.0000,2930.4000,3,3,2,1,2,2,1,1,1,2
SF,IH2004,2020-03-04 09:33:14.800,2925.0000,2664,0,87825240.000,0,-,-,-,-,2925.6000,2925.4000,2925.2000,2925.0000,2923.4000,2928.0000,2928.2000,2928.6000,2929.0000,2930.4000,1,2,3,1,2,1,2,1,1,2
SF,IH2004,2020-03-04 09:33:15.300,2925.0000,2664,0,87825240.000,0,-,-,-,-,2925.8000,2925.4000,2925.2000,2923.4000,2923.2000,2928.0000,2928.2000,2928.6000,2929.0000,2930.4000,2,2,3,2,2,1,2,1,1,2
SF,IH2004,2020-03-04 09:33:15.800,2925.0000,2664,0,87825240.000,0,-,-,-,-,2925.8000,2925.4000,2925.2000,2923.4000,2923.2000,2928.0000,2928.2000,2928.6000,2929.0000,2930.4000,1,2,3,2,2,1,2,1,1,2
SF,IH2004,2020-03-04 09:33:16.300,2925.0000,2664,0,87825240.000,0,-,-,-,-,2926.0000,2925.8000,2925.4000,2925.2000,2923.4000,2928.2000,2928.6000,2929.0000,2930.4000,2931.4000,2,1,1,3,2,1,1,1,2,1
SF,IH2004,2020-03-04 09:33:16.800,2928.2000,2663,-1,88703700.000,1,0,1,双平,S,2928.0000,2926.2000,2926.0000,2925.8000,2925.2000,2930.4000,2931.4000,2931.6000,2935.6000,2935.8000,6,2,2,1,1,2,1,1,1,1
SF,IH2004,2020-03-04 09:33:17.300,2928.2000,2663,0,88703700.000,0,-,-,-,-,2928.2000,2928.0000,2926.2000,2926.0000,2925.8000,2930.0000,2930.2000,2930.4000,2931.4000,2931.6000,2,1,3,2,1,1,3,2,1,1
SF,IH2004,2020-03-04 09:33:17.800,2928.2000,2663,0,88703700.000,0,-,-,-,-,2928.2000,2928.0000,2926.2000,2926.0000,2925.8000,2930.0000,2930.2000,2930.4000,2931.4000,2931.6000,3,2,3,2,1,1,1,2,1,1
SF,IH2004,2020-03-04 09:33:18.300,2928.2000,2663,0,88703700.000,0,-,-,-,-,2928.2000,2928.0000,2926.2000,2926.0000,2925.8000,2929.8000,2930.0000,2930.4000,2931.4000,2931.6000,3,2,3,2,1,3,1,2,1,1
SF,IH2004,2020-03-04 09:33:18.800,2928.2000,2663,0,88703700.000,0,-,-,-,-,2928.2000,2926.2000,2926.0000,2925.8000,2925.2000,2929.8000,2930.0000,2930.4000,2931.4000,2931.6000,2,3,2,1,1,1,1,2,1,1
SF,IH2004,2020-03-04 09:33:19.300,2928.2000,2663,0,88703700.000,0,-,-,-,-,2928.2000,2926.2000,2926.0000,2925.8000,2925.2000,2929.8000,2930.4000,2931.4000,2931.6000,2935.6000,2,3,2,1,1,1,2,1,1,1
SF,IH2004,2020-03-04 09:33:19.800,2928.2000,2662,-1,89582160.000,1,0,1,双平,S,2928.2000,2926.2000,2926.0000,2925.8000,2925.2000,2929.6000,2929.8000,2930.4000,2931.4000,2931.6000,1,3,2,1,1,1,1,2,1,1
SF,IH2004,2020-03-04 09:33:20.300,2928.2000,2662,0,90460620.000,1,0,1,多换,S,2926.2000,2926.0000,2925.8000,2925.2000,2919.8000,2929.4000,2929.6000,2930.4000,2931.4000,2931.6000,3,1,1,1,1,1,1,2,1,1
SF,IH2004,2020-03-04 09:33:20.800,2928.2000,2662,0,90460620.000,0,-,-,-,-,2926.4000,2926.2000,2926.0000,2925.8000,2925.2000,2928.2000,2929.2000,2929.4000,2930.4000,2931.4000,1,3,1,1,1,1,1,1,2,1
SF,IH2004,2020-03-04 09:33:21.300,2928.2000,2662,0,90460620.000,0,-,-,-,-,2926.6000,2926.4000,2926.2000,2926.0000,2925.8000,2928.2000,2929.2000,2929.4000,2930.4000,2931.4000,1,1,3,1,1,1,1,1,2,1
SF,IH2004,2020-03-04 09:33:21.800,2928.2000,2662,0,90460620.000,0,-,-,-,-,2926.6000,2926.4000,2926.2000,2925.8000,2925.2000,2928.2000,2929.2000,2929.4000,2930.4000,2931.4000,1,1,1,1,1,1,1,1,2,1
SF,IH2004,2020-03-04 09:33:22.300,2928.2000,2662,0,90460620.000,0,-,-,-,-,2926.8000,2926.6000,2926.4000,2926.2000,2925.8000,2928.2000,2929.2000,2929.4000,2930.4000,2931.4000,1,1,1,1,1,1,1,1,2,1
SF,IH2004,2020-03-04 09:33:22.800,2928.2000,2662,0,90460620.000,0,-,-,-,-,2927.0000,2926.8000,2926.6000,2926.4000,2926.2000,2928.2000,2929.2000,2929.4000,2930.4000,2931.4000,1,1,1,1,1,1,1,1,2,1
SF,IH2004,2020-03-04 09:33:23.300,2928.2000,2662,0,90460620.000,0,-,-,-,-,2926.6000,2926.4000,2926.2000,2925.2000,2919.8000,2928.0000,2928.2000,2929.2000,2929.4000,2930.4000,1,1,1,1,1,1,1,1,1,2
SF,IH2004,2020-03-04 09:33:23.800,2928.2000,2662,0,90460620.000,0,-,-,-,-,2926.6000,2926.4000,2926.2000,2925.2000,2919.8000,2928.2000,2929.2000,2929.4000,2929.6000,2930.4000,1,1,1,1,1,1,1,1,1,2
SF,IH2004,2020-03-04 09:33:25.300,2928.2000,2662,0,90460620.000,0,-,-,-,-,2926.8000,2926.6000,2926.4000,2926.2000,2925.2000,2928.2000,2929.2000,2929.4000,2929.6000,2930.4000,1,1,1,1,1,1,1,1,1,2
SF,IH2004,2020-03-04 09:33:28.300,2928.2000,2662,0,91339080.000,1,0,1,多换,S,2926.8000,2926.6000,2926.4000,2926.2000,2925.2000,2929.2000,2929.4000,2929.6000,2930.4000,2931.0000,1,1,1,1,1,1,1,1,2,1
SF,IH2004,2020-03-04 09:33:28.800,2928.2000,2662,0,91339080.000,0,-,-,-,-,2926.6000,2926.2000,2925.2000,2919.8000,2915.0000,2928.8000,2929.0000,2929.6000,2930.4000,2931.0000,1,1,1,1,3,1,1,1,2,1
SF,IH2004,2020-03-04 09:33:29.300,2928.2000,2662,0,91339080.000,0,-,-,-,-,2926.6000,2926.2000,2925.2000,2919.8000,2915.0000,2928.6000,2928.8000,2929.6000,2930.4000,2931.0000,1,1,1,1,3,1,1,1,2,1
SF,IH2004,2020-03-04 09:33:29.800,2928.2000,2662,0,91339080.000,0,-,-,-,-,2926.2000,2925.2000,2919.8000,2915.0000,2913.2000,2928.6000,2928.8000,2929.6000,2930.4000,2931.4000,1,1,1,3,1,1,1,1,2,1
SF,IH2004,2020-03-04 09:33:30.300,2928.2000,2662,0,91339080.000,0,-,-,-,-,2926.2000,2925.2000,2919.8000,2915.0000,2913.2000,2928.6000,2929.6000,2930.4000,2931.4000,2931.6000,1,1,1,3,1,1,1,2,1,1
SF,IH2004,2020-03-04 09:33:30.800,2928.2000,2662,0,91339080.000,0,-,-,-,-,2919.8000,2915.0000,2913.2000,2912.2000,2911.2000,2928.2000,2928.6000,2929.6000,2930.4000,2931.4000,1,3,1,3,3,1,1,1,2,1
SF,IH2004,2020-03-04 09:33:31.300,2928.2000,2662,0,91339080.000,0,-,-,-,-,2923.2000,2922.4000,2920.2000,2920.0000,2919.8000,2929.6000,2930.4000,2931.4000,2931.6000,2935.6000,2,2,1,1,1,1,2,1,1,1
SF,IH2004,2020-03-04 09:33:31.800,2928.2000,2662,0,91339080.000,0,-,-,-,-,2923.6000,2923.4000,2923.2000,2922.4000,2920.2000,2929.4000,2929.6000,2930.4000,2931.4000,2931.6000,1,3,2,2,1,2,1,2,1,1
SF,IH2004,2020-03-04 09:33:32.300,2923.8000,2662,0,92216220.000,1,0,1,多换,S,2923.8000,2923.6000,2923.4000,2923.2000,2922.4000,2929.4000,2929.6000,2930.4000,2931.4000,2931.6000,2,1,3,2,2,2,1,2,1,1
SF,IH2004,2020-03-04 09:33:32.800,2923.8000,2662,0,92216220.000,0,-,-,-,-,2924.0000,2923.8000,2923.6000,2923.4000,2923.2000,2929.2000,2929.4000,2929.6000,2930.4000,2931.4000,1,5,1,3,2,3,2,1,2,1
SF,IH2004,2020-03-04 09:33:33.300,2923.8000,2662,0,92216220.000,0,-,-,-,-,2925.0000,2924.2000,2924.0000,2923.8000,2923.6000,2929.0000,2929.2000,2929.6000,2930.4000,2931.4000,1,3,1,4,1,1,2,1,2,1
SF,IH2004,2020-03-04 09:33:33.800,2923.8000,2662,0,92216220.000,0,-,-,-,-,2925.2000,2925.0000,2924.6000,2924.2000,2924.0000,2928.8000,2929.0000,2929.2000,2929.6000,2930.4000,3,1,1,2,1,3,1,1,1,2
SF,IH2004,2020-03-04 09:33:34.300,2923.8000,2662,0,92216220.000,0,-,-,-,-,2925.2000,2925.0000,2924.6000,2924.2000,2924.0000,2928.8000,2929.0000,2929.2000,2929.6000,2930.4000,2,1,1,2,1,3,1,1,1,2
SF,IH2004,2020-03-04 09:33:35.800,2923.8000,2662,0,92216220.000,0,-,-,-,-,2925.4000,2925.2000,2924.6000,2924.2000,2924.0000,2928.2000,2928.6000,2928.8000,2929.2000,2929.6000,1,2,1,2,1,1,1,3,1,1
SF,IH2004,2020-03-04 09:33:36.300,2923.8000,2662,0,92216220.000,0,-,-,-,-,2925.6000,2925.4000,2925.2000,2924.6000,2924.2000,2928.0000,2928.2000,2928.6000,2928.8000,2929.2000,1,1,2,1,1,3,1,1,1,1
SF,IH2004,2020-03-04 09:33:36.800,2923.8000,2662,0,92216220.000,0,-,-,-,-,2925.6000,2925.4000,2925.2000,2924.6000,2924.0000,2928.0000,2928.6000,2928.8000,2929.2000,2929.6000,1,1,2,1,1,3,1,1,1,1
SF,IH2004,2020-03-04 09:33:37.300,2923.8000,2662,0,92216220.000,0,-,-,-,-,2925.8000,2925.6000,2925.2000,2924.6000,2924.0000,2928.0000,2928.6000,2928.8000,2929.2000,2929.6000,1,1,2,1,1,3,1,1,1,1
SF,IH2004,2020-03-04 09:33:37.800,2923.8000,2662,0,92216220.000,0,-,-,-,-,2926.0000,2925.8000,2925.6000,2925.2000,2924.0000,2928.0000,2928.2000,2928.6000,2928.8000,2929.2000,1,1,1,1,1,3,1,1,1,1
SF,IH2004,2020-03-04 09:33:38.300,2923.8000,2662,0,92216220.000,0,-,-,-,-,2926.0000,2925.8000,2925.6000,2925.2000,2924.0000,2928.0000,2928.2000,2928.6000,2928.8000,2929.2000,1,1,1,1,1,3,1,1,1,1
SF,IH2004,2020-03-04 09:33:38.800,2923.8000,2662,0,92216220.000,0,-,-,-,-,2926.2000,2926.0000,2925.8000,2925.6000,2925.2000,2928.0000,2928.6000,2928.8000,2929.2000,2929.6000,1,1,1,1,1,3,1,1,1,1
SF,IH2004,2020-03-04 09:33:39.300,2923.8000,2662,0,92216220.000,0,-,-,-,-,2926.2000,2926.0000,2925.8000,2925.6000,2925.2000,2928.0000,2928.2000,2928.6000,2928.8000,2929.2000,1,1,1,1,1,2,1,1,1,1
SF,IH2004,2020-03-04 09:33:39.800,2923.8000,2662,0,92216220.000,0,-,-,-,-,2926.2000,2926.0000,2925.8000,2925.6000,2925.2000,2928.0000,2928.6000,2928.8000,2929.2000,2929.6000,1,1,1,1,1,2,1,1,1,1
SF,IH2004,2020-03-04 09:33:40.300,2923.8000,2662,0,92216220.000,0,-,-,-,-,2926.2000,2926.0000,2925.8000,2925.6000,2925.2000,2928.0000,2928.6000,2928.8000,2929.2000,2929.6000,1,1,1,1,1,2,1,1,1,1
SF,IH2004,2020-03-04 09:33:41.800,2923.8000,2662,0,92216220.000,0,-,-,-,-,2926.4000,2926.2000,2926.0000,2925.8000,2925.2000,2928.0000,2928.6000,2928.8000,2929.2000,2929.6000,1,1,1,1,1,2,1,1,1,1
SF,IH2004,2020-03-04 09:33:42.300,2923.8000,2662,0,92216220.000,0,-,-,-,-,2926.6000,2926.4000,2926.0000,2925.8000,2925.2000,2928.0000,2928.6000,2928.8000,2929.2000,2929.6000,1,1,1,1,1,2,1,1,1,1
SF,IH2004,2020-03-04 09:33:42.800,2928.0000,2662,0,93094620.000,1,0,1,多换,S,2926.8000,2926.6000,2926.4000,2925.8000,2925.2000,2928.6000,2928.8000,2929.2000,2929.6000,2930.4000,1,1,1,1,1,1,1,1,1,1
SF,IH2004,2020-03-04 09:33:43.300,2928.0000,2662,0,93094620.000,0,-,-,-,-,2926.8000,2926.6000,2926.4000,2925.8000,2925.2000,2929.6000,2930.4000,2931.6000,2935.6000,2935.8000,1,1,1,1,1,1,1,1,1,1
SF,IH2004,2020-03-04 09:33:43.800,2928.0000,2662,0,93094620.000,0,-,-,-,-,2926.8000,2926.4000,2925.8000,2925.2000,2924.0000,2929.2000,2929.4000,2929.6000,2930.4000,2931.2000,1,1,1,1,2,1,2,1,1,1
SF,IH2004,2020-03-04 09:33:44.300,2928.0000,2662,0,93094620.000,0,-,-,-,-,2926.8000,2926.4000,2925.8000,2925.2000,2924.0000,2929.0000,2929.2000,2929.4000,2929.6000,2930.4000,1,1,1,1,2,1,1,1,1,1
SF,IH2004,2020-03-04 09:33:46.800,2928.0000,2662,0,93094620.000,0,-,-,-,-,2926.4000,2925.8000,2925.2000,2924.0000,2923.8000,2928.2000,2929.0000,2929.2000,2929.4000,2929.6000,1,1,1,2,2,1,1,1,1,1
SF,IH2004,2020-03-04 09:33:47.300,2928.0000,2662,0,93094620.000,0,-,-,-,-,2925.2000,2924.0000,2923.8000,2923.6000,2923.4000,2928.2000,2928.8000,2929.0000,2929.4000,2929.6000,1,2,2,1,1,1,1,1,1,1
SF,IH2004,2020-03-04 09:33:47.800,2928.0000,2662,0,93094620.000,0,-,-,-,-,2925.2000,2924.0000,2923.8000,2923.6000,2923.4000,2928.0000,2928.2000,2928.8000,2929.4000,2929.6000,1,2,2,1,1,1,2,1,1,1
SF,IH2004,2020-03-04 09:33:48.300,2928.0000,2662,0,93094620.000,0,-,-,-,-,2925.4000,2924.0000,2923.8000,2923.6000,2923.4000,2927.6000,2927.8000,2928.0000,2928.2000,2928.8000,1,2,2,1,1,1,1,3,2,1
SF,IH2004,2020-03-04 09:33:48.800,2928.0000,2662,0,93094620.000,0,-,-,-,-,2925.4000,2924.0000,2923.8000,2923.6000,2923.4000,2927.4000,2927.6000,2927.8000,2928.0000,2928.2000,1,2,2,1,1,2,1,2,3,2
SF,IH2004,2020-03-04 09:33:49.300,2928.0000,2662,0,93094620.000,0,-,-,-,-,2924.0000,2923.8000,2923.6000,2923.4000,2923.2000,2927.2000,2927.4000,2927.8000,2928.0000,2928.2000,2,2,1,1,2,2,2,2,3,2
SF,IH2004,2020-03-04 09:33:49.800,2928.0000,2662,0,93094620.000,0,-,-,-,-,2924.2000,2924.0000,2923.8000,2923.6000,2923.4000,2927.0000,2927.2000,2927.4000,2927.8000,2928.0000,1,1,1,1,1,1,1,2,2,2
SF,IH2004,2020-03-04 09:33:50.300,2928.0000,2662,0,93094620.000,0,-,-,-,-,2924.4000,2924.2000,2924.0000,2923.8000,2923.6000,2927.0000,2927.2000,2927.4000,2927.8000,2928.0000,1,1,1,1,1,1,1,2,2,2
SF,IH2004,2020-03-04 09:33:52.800,2928.0000,2662,0,93094620.000,0,-,-,-,-,2924.2000,2924.0000,2923.8000,2923.6000,2923.4000,2926.0000,2926.8000,2927.0000,2927.2000,2927.4000,1,1,1,1,1,1,2,1,1,2
SF,IH2004,2020-03-04 09:33:53.300,2928.0000,2662,0,93094620.000,0,-,-,-,-,2924.2000,2924.0000,2923.8000,2923.6000,2923.4000,2926.0000,2926.8000,2927.0000,2927.4000,2927.8000,1,1,1,1,1,1,2,1,2,1
SF,IH2004,2020-03-04 09:33:53.800,2928.0000,2662,0,93094620.000,0,-,-,-,-,2924.0000,2923.8000,2923.6000,2923.4000,2923.2000,2926.0000,2926.8000,2927.0000,2927.4000,2927.8000,1,1,1,1,2,1,2,1,2,1
SF,IH2004,2020-03-04 09:33:54.300,2928.0000,2662,0,93094620.000,0,-,-,-,-,2924.0000,2923.8000,2923.6000,2923.4000,2923.2000,2925.8000,2926.0000,2926.8000,2927.0000,2927.4000,1,1,1,1,2,1,1,2,1,2
SF,IH2004,2020-03-04 09:33:54.800,2926.0000,2661,-1,94850220.000,2,0,2,多平,S,2924.2000,2924.0000,2923.8000,2923.6000,2923.4000,2926.8000,2927.4000,2927.8000,2928.0000,2928.2000,3,1,1,1,1,1,1,1,2,1
SF,IH2004,2020-03-04 09:33:55.300,2926.0000,2661,0,94850220.000,0,-,-,-,-,2925.8000,2924.4000,2924.2000,2924.0000,2923.8000,2927.4000,2927.8000,2928.0000,2928.2000,2935.6000,1,1,3,1,1,1,1,2,1,1
SF,IH2004,2020-03-04 09:33:55.800,2925.8000,2660,-1,95727960.000,1,0,1,双平,S,2924.2000,2924.0000,2923.8000,2923.6000,2923.4000,2927.2000,2927.4000,2927.8000,2928.0000,2928.2000,1,1,1,1,1,1,1,1,2,1
SF,IH2004,2020-03-04 09:33:56.300,2925.8000,2660,0,95727960.000,0,-,-,-,-,2927.0000,2924.4000,2924.2000,2924.0000,2923.8000,2927.2000,2927.4000,2927.8000,2928.0000,2928.2000,1,1,1,1,1,1,1,1,2,1
SF,IH2004,2020-03-04 09:33:56.800,2927.0000,2660,0,96606060.000,1,0,1,多换,S,2924.2000,2924.0000,2923.8000,2923.6000,2923.4000,2926.4000,2926.8000,2927.4000,2927.8000,2928.0000,1,1,1,1,1,2,1,1,1,2
SF,IH2004,2020-03-04 09:33:57.300,2927.0000,2660,0,96606060.000,0,-,-,-,-,2924.4000,2924.2000,2924.0000,2923.8000,2923.6000,2926.4000,2927.4000,2927.8000,2928.0000,2928.2000,1,1,1,1,1,2,2,1,2,1
SF,IH2004,2020-03-04 09:33:57.800,2927.0000,2660,0,96606060.000,0,-,-,-,-,2924.6000,2924.4000,2924.2000,2924.0000,2923.8000,2926.4000,2927.4000,2935.6000,2935.8000,2936.6000,3,1,1,1,1,2,1,1,1,1
SF,IH2004,2020-03-04 09:33:58.300,2927.0000,2660,0,96606060.000,0,-,-,-,-,2926.4000,2924.8000,2924.6000,2924.2000,2924.0000,2927.4000,2935.6000,2935.8000,2936.6000,2938.0000,1,2,3,1,1,1,1,1,1,1
SF,IH2004,2020-03-04 09:33:58.800,2927.0000,2660,0,96606060.000,0,-,-,-,-,2926.4000,2924.8000,2924.6000,2924.2000,2924.0000,2929.0000,2935.6000,2935.8000,2936.6000,2938.0000,6,2,1,1,1,1,1,1,1,1
SF,IH2004,2020-03-04 09:33:59.300,2927.0000,2660,0,96606060.000,0,-,-,-,-,2926.4000,2924.8000,2924.6000,2924.2000,2924.0000,2928.2000,2928.8000,2929.0000,2930.4000,2935.6000,1,2,1,1,1,1,2,1,1,1
SF,IH2004,2020-03-04 09:33:59.800,2927.0000,2660,0,96606060.000,0,-,-,-,-,2926.4000,2924.8000,2924.6000,2924.2000,2924.0000,2928.0000,2928.2000,2928.8000,2929.0000,2930.4000,1,1,1,1,1,1,1,1,1,1
SF,IH2004,2020-03-04 09:34:00.300,2927.0000,2660,0,96606060.000,0,-,-,-,-,2926.6000,2924.8000,2924.6000,2924.2000,2924.0000,2928.0000,2928.2000,2928.8000,2929.0000,2935.6000,1,1,1,1,1,1,1,1,1,1
SF,IH2004,2020-03-04 09:34:00.800,2927.0000,2660,0,96606060.000,0,-,-,-,-,2925.0000,2924.8000,2924.6000,2924.2000,2924.0000,2928.0000,2928.2000,2928.8000,2929.0000,2935.6000,1,1,1,1,1,1,1,1,1,1
SF,IH2004,2020-03-04 09:34:01.300,2927.0000,2660,0,96606060.000,0,-,-,-,-,2925.2000,2925.0000,2924.8000,2924.6000,2924.2000,2929.0000,2935.6000,2935.8000,2936.6000,2938.0000,1,1,1,1,1,1,1,1,1,1
SF,IH2004,2020-03-04 09:34:01.800,2927.0000,2660,0,96606060.000,0,-,-,-,-,2925.4000,2925.2000,2925.0000,2924.8000,2924.6000,2927.4000,2928.0000,2928.2000,2928.8000,2929.0000,2,1,1,1,1,1,2,2,1,1
SF,IH2004,2020-03-04 09:34:02.300,2927.0000,2660,0,96606060.000,0,-,-,-,-,2925.6000,2925.4000,2924.8000,2924.6000,2924.2000,2928.8000,2929.0000,2935.6000,2935.8000,2936.6000,3,2,1,1,1,1,1,1,1,1
SF,IH2004,2020-03-04 09:34:02.800,2927.0000,2660,0,96606060.000,0,-,-,-,-,2925.6000,2925.4000,2924.8000,2924.6000,2924.2000,2928.0000,2928.2000,2928.8000,2929.0000,2935.6000,1,2,1,1,1,2,1,1,1,1
SF,IH2004,2020-03-04 09:34:03.300,2927.0000,2660,0,96606060.000,0,-,-,-,-,2925.6000,2925.4000,2924.8000,2924.6000,2924.2000,2927.4000,2927.8000,2928.0000,2928.2000,2928.6000,1,1,1,1,1,1,2,2,1,1
SF,IH2004,2020-03-04 09:34:03.800,2927.0000,2660,0,96606060.000,0,-,-,-,-,2925.6000,2925.4000,2924.8000,2924.6000,2924.2000,2927.4000,2927.6000,2927.8000,2928.0000,2928.2000,1,1,1,1,1,1,1,3,2,1
SF,IH2004,2020-03-04 09:34:04.300,2925.6000,2659,-1,97483740.000,1,0,1,双平,S,2925.4000,2924.6000,2924.2000,2924.0000,2923.8000,2925.6000,2927.2000,2927.4000,2927.8000,2928.0000,1,1,1,1,1,1,1,1,2,2
SF,IH2004,2020-03-04 09:34:04.800,2925.4000,2658,-1,98361360.000,1,0,1,双平,S,2924.6000,2924.2000,2924.0000,2923.8000,2923.6000,2925.2000,2927.2000,2927.4000,2927.8000,2928.0000,1,1,1,1,1,1,1,1,2,2
SF,IH2004,2020-03-04 09:34:05.300,2925.4000,2657,-1,99238980.000,1,0,1,双平,S,2925.8000,2925.2000,2924.6000,2924.2000,2924.0000,2927.2000,2927.4000,2927.8000,2928.0000,2928.2000,1,1,1,1,1,1,1,2,2,1
SF,IH2004,2020-03-04 09:34:05.800,2925.8000,2657,0,100116720.000,1,0,1,多换,S,2925.2000,2924.6000,2924.2000,2924.0000,2923.8000,2925.6000,2927.2000,2927.4000,2927.8000,2928.0000,6,1,1,1,1,1,1,1,2,2
SF,IH2004,2020-03-04 09:34:06.300,2925.8000,2657,0,100116720.000,0,-,-,-,-,2925.2000,2924.6000,2924.2000,2924.0000,2923.8000,2927.2000,2927.4000,2927.8000,2928.0000,2928.2000,6,1,1,1,1,1,1,2,2,1
SF,IH2004,2020-03-04 09:34:07.300,2925.8000,2657,0,100116720.000,0,-,-,-,-,2924.6000,2924.2000,2924.0000,2923.8000,2923.6000,2927.2000,2927.4000,2927.8000,2928.0000,2928.2000,1,1,1,1,1,1,1,2,2,1
SF,IH2004,2020-03-04 09:34:07.800,2925.8000,2657,0,100116720.000,0,-,-,-,-,2924.8000,2924.6000,2924.2000,2924.0000,2923.8000,2927.0000,2927.4000,2927.8000,2928.0000,2928.2000,1,1,1,1,1,1,1,2,2,1
SF,IH2004,2020-03-04 09:34:08.800,2925.8000,2657,0,100116720.000,0,-,-,-,-,2925.2000,2924.8000,2924.6000,2924.2000,2924.0000,2927.0000,2927.8000,2928.2000,2935.8000,2936.6000,1,1,1,1,1,1,1,1,1,1
SF,IH2004,2020-03-04 09:34:09.300,2925.8000,2657,0,100116720.000,0,-,-,-,-,2925.2000,2924.8000,2924.6000,2924.2000,2924.0000,2927.8000,2928.2000,2935.8000,2936.6000,2938.0000,1,1,1,1,1,1,1,1,1,1
SF,IH2004,2020-03-04 09:34:09.800,2925.8000,2657,0,100116720.000,0,-,-,-,-,2925.4000,2925.2000,2924.8000,2924.6000,2924.2000,2927.6000,2928.0000,2928.2000,2935.8000,2936.6000,1,1,1,1,1,1,1,1,1,1
SF,IH2004,2020-03-04 09:34:10.300,2925.8000,2657,0,100116720.000,0,-,-,-,-,2925.2000,2924.8000,2924.6000,2924.2000,2924.0000,2927.4000,2927.6000,2928.0000,2928.2000,2935.8000,1,1,1,1,1,1,1,1,1,1
SF,IH2004,2020-03-04 09:34:11.300,2925.8000,2657,0,100116720.000,0,-,-,-,-,2925.2000,2924.8000,2924.6000,2924.2000,2924.0000,2927.6000,2928.0000,2928.2000,2935.8000,2936.6000,1,1,1,1,1,1,1,1,1,1
SF,IH2004,2020-03-04 09:34:11.800,2925.8000,2657,0,100116720.000,0,-,-,-,-,2924.8000,2924.6000,2924.2000,2924.0000,2923.8000,2927.4000,2927.6000,2928.0000,2928.2000,2935.8000,1,1,1,1,1,1,1,1,1,1
SF,IH2004,2020-03-04 09:34:12.300,2925.8000,2657,0,100116720.000,0,-,-,-,-,2925.6000,2925.0000,2924.8000,2924.6000,2924.2000,2927.2000,2928.0000,2928.2000,2935.8000,2936.6000,1,1,1,1,1,1,1,1,1,1
SF,IH2004,2020-03-04 09:34:12.800,2925.8000,2657,0,100116720.000,0,-,-,-,-,2925.6000,2925.0000,2924.8000,2924.6000,2924.2000,2928.0000,2928.2000,2935.8000,2936.6000,2938.0000,1,1,1,1,1,1,1,1,1,1
SF,IH2004,2020-03-04 09:34:13.300,2925.8000,2657,0,100116720.000,0,-,-,-,-,2925.0000,2924.8000,2924.6000,2924.2000,2924.0000,2927.4000,2927.8000,2928.0000,2928.2000,2935.8000,1,1,1,1,1,1,2,2,1,1
SF,IH2004,2020-03-04 09:34:13.800,2925.8000,2657,0,100116720.000,0,-,-,-,-,2925.0000,2924.8000,2924.6000,2924.2000,2924.0000,2927.2000,2927.6000,2928.0000,2928.2000,2935.8000,1,1,1,1,1,1,1,2,1,1
SF,IH2004,2020-03-04 09:34:14.300,2925.8000,2657,0,100116720.000,0,-,-,-,-,2925.4000,2925.2000,2925.0000,2924.6000,2924.2000,2927.2000,2927.6000,2928.0000,2928.2000,2935.8000,1,1,1,1,1,1,1,1,1,1
SF,IH2004,2020-03-04 09:34:14.800,2925.8000,2657,0,100116720.000,0,-,-,-,-,2925.4000,2925.2000,2925.0000,2924.6000,2924.2000,2927.6000,2928.0000,2928.2000,2935.8000,2936.6000,1,1,1,1,1,1,1,1,1,1
SF,IH2004,2020-03-04 09:34:15.300,2925.8000,2657,0,100116720.000,0,-,-,-,-,2925.4000,2925.2000,2925.0000,2924.6000,2924.2000,2927.4000,2927.6000,2928.0000,2928.2000,2935.8000,1,1,1,1,1,1,1,1,1,1
SF,IH2004,2020-03-04 09:34:15.800,2925.8000,2657,0,100116720.000,0,-,-,-,-,2925.2000,2925.0000,2924.6000,2924.2000,2924.0000,2927.4000,2927.6000,2928.0000,2928.2000,2935.8000,1,1,1,1,1,2,1,1,1,1
SF,IH2004,2020-03-04 09:34:16.300,2925.8000,2657,0,100116720.000,0,-,-,-,-,2925.2000,2925.0000,2924.6000,2924.2000,2924.0000,2927.4000,2928.0000,2928.2000,2935.8000,2936.6000,1,1,1,1,1,1,1,1,1,1
SF,IH2004,2020-03-04 09:34:21.800,2925.8000,2657,0,100116720.000,0,-,-,-,-,2925.2000,2925.0000,2924.6000,2924.2000,2924.0000,2927.2000,2928.0000,2928.2000,2935.8000,2936.6000,1,1,1,1,1,1,1,1,1,1
SF,IH2004,2020-03-04 09:34:22.300,2927.2000,2657,0,100994880.000,1,0,1,多换,S,2925.4000,2925.2000,2925.0000,2924.6000,2924.2000,2935.8000,2936.6000,2938.0000,2939.8000,2940.0000,2,1,1,1,1,1,1,1,2,1
SF,IH2004,2020-03-04 09:34:22.800,2927.2000,2657,0,100994880.000,0,-,-,-,-,2925.6000,2925.0000,2924.6000,2924.2000,2924.0000,2928.2000,2930.4000,2931.0000,2931.6000,2932.8000,1,1,1,1,1,1,1,1,1,5
SF,IH2004,2020-03-04 09:34:23.300,2927.2000,2657,0,100994880.000,0,-,-,-,-,2925.8000,2925.6000,2925.0000,2924.6000,2924.0000,2928.2000,2928.8000,2929.6000,2930.4000,2931.0000,1,1,1,1,1,1,1,1,1,1
SF,IH2004,2020-03-04 09:34:23.800,2927.2000,2657,0,100994880.000,0,-,-,-,-,2925.8000,2925.6000,2925.0000,2924.6000,2924.0000,2928.2000,2929.6000,2930.4000,2931.0000,2931.6000,1,1,1,1,1,1,1,1,1,1
SF,IH2004,2020-03-04 09:34:24.300,2927.2000,2657,0,100994880.000,0,-,-,-,-,2926.0000,2925.8000,2925.6000,2925.0000,2924.0000,2929.6000,2930.4000,2931.0000,2931.6000,2932.8000,1,1,1,1,1,1,1,1,1,5
SF,IH2004,2020-03-04 09:34:24.800,2927.2000,2657,0,100994880.000,0,-,-,-,-,2926.0000,2925.6000,2925.0000,2924.0000,2923.8000,2928.0000,2928.2000,2928.6000,2929.4000,2929.6000,1,1,1,1,1,1,1,1,3,1
SF,IH2004,2020-03-04 09:34:25.300,2927.2000,2657,0,100994880.000,0,-,-,-,-,2925.6000,2925.0000,2924.0000,2923.8000,2923.6000,2927.4000,2928.0000,2928.2000,2928.6000,2929.4000,1,1,1,1,1,1,2,1,1,3
SF,IH2004,2020-03-04 09:34:25.800,2927.2000,2657,0,100994880.000,0,-,-,-,-,2925.6000,2925.0000,2924.0000,2923.8000,2923.6000,2927.4000,2928.0000,2928.2000,2929.4000,2929.6000,1,1,1,1,1,1,2,1,2,1
SF,IH2004,2020-03-04 09:34:26.300,2927.2000,2657,0,100994880.000,0,-,-,-,-,2925.0000,2924.0000,2923.8000,2923.6000,2923.4000,2927.4000,2928.0000,2928.2000,2929.4000,2929.6000,1,1,1,1,1,1,2,1,2,1
SF,IH2004,2020-03-04 09:34:26.800,2927.2000,2657,0,100994880.000,0,-,-,-,-,2925.4000,2925.2000,2925.0000,2924.0000,2923.8000,2927.4000,2928.0000,2928.2000,2929.4000,2929.6000,1,1,1,1,1,1,2,1,2,1
SF,IH2004,2020-03-04 09:34:27.300,2927.2000,2657,0,100994880.000,0,-,-,-,-,2925.4000,2925.2000,2925.0000,2924.0000,2923.8000,2927.4000,2928.0000,2928.2000,2929.4000,2929.6000,1,1,1,2,1,1,2,1,2,1
SF,IH2004,2020-03-04 09:34:27.800,2927.2000,2657,0,100994880.000,0,-,-,-,-,2925.2000,2925.0000,2924.0000,2923.8000,2923.6000,2927.4000,2928.0000,2928.2000,2929.4000,2929.6000,1,1,2,1,1,1,2,1,2,1
SF,IH2004,2020-03-04 09:34:29.800,2927.2000,2657,0,100994880.000,0,-,-,-,-,2925.2000,2925.0000,2924.0000,2923.8000,2923.6000,2927.4000,2928.0000,2928.2000,2929.4000,2929.6000,1,1,2,1,1,1,2,1,2,1
SF,IH2004,2020-03-04 09:34:31.300,2927.2000,2657,0,100994880.000,0,-,-,-,-,2925.6000,2925.4000,2925.2000,2925.0000,2924.0000,2928.0000,2928.2000,2929.4000,2929.6000,2930.4000,1,1,1,1,2,1,1,2,1,1
SF,IH2004,2020-03-04 09:34:31.800,2927.2000,2657,0,100994880.000,0,-,-,-,-,2925.6000,2925.4000,2925.2000,2925.0000,2924.0000,2928.2000,2929.4000,2929.6000,2930.4000,2932.8000,1,1,1,1,2,1,2,1,1,4
SF,IH2004,2020-03-04 09:34:32.300,2927.2000,2657,0,100994880.000,0,-,-,-,-,2926.0000,2925.8000,2925.4000,2925.0000,2924.0000,2929.4000,2929.6000,2930.4000,2932.8000,2935.6000,1,2,1,1,2,2,1,1,4,11
SF,IH2004,2020-03-04 09:34:32.800,2927.2000,2657,0,100994880.000,0,-,-,-,-,2925.8000,2925.4000,2925.0000,2924.0000,2923.8000,2927.4000,2928.0000,2928.2000,2929.2000,2929.4000,1,1,1,2,1,1,2,1,1,2
SF,IH2004,2020-03-04 09:34:33.300,2927.2000,2657,0,100994880.000,0,-,-,-,-,2926.0000,2925.8000,2925.4000,2925.0000,2924.0000,2928.2000,2928.8000,2929.4000,2929.6000,2930.4000,1,1,1,1,2,1,1,2,1,1
SF,IH2004,2020-03-04 09:34:33.800,2927.2000,2657,0,100994880.000,0,-,-,-,-,2926.0000,2925.8000,2925.4000,2925.0000,2924.0000,2928.8000,2929.4000,2929.6000,2930.4000,2932.8000,1,1,1,1,2,1,2,1,1,4
SF,IH2004,2020-03-04 09:34:34.300,2927.2000,2657,0,100994880.000,0,-,-,-,-,2925.8000,2925.4000,2925.0000,2924.0000,2923.8000,2928.2000,2928.6000,2929.4000,2929.6000,2930.4000,1,1,1,2,1,1,2,1,1,1
SF,IH2004,2020-03-04 09:34:34.800,2927.2000,2657,0,100994880.000,0,-,-,-,-,2926.0000,2925.8000,2925.4000,2925.0000,2924.0000,2928.2000,2928.6000,2929.4000,2929.6000,2930.4000,1,1,1,1,2,1,2,1,1,1
SF,IH2004,2020-03-04 09:34:35.300,2927.2000,2657,0,100994880.000,0,-,-,-,-,2926.2000,2926.0000,2925.8000,2925.4000,2925.0000,2928.6000,2929.4000,2929.6000,2930.4000,2932.8000,2,1,1,1,1,2,1,1,1,4
SF,IH2004,2020-03-04 09:34:35.800,2927.2000,2657,0,100994880.000,0,-,-,-,-,2926.0000,2925.8000,2925.4000,2925.0000,2924.0000,2928.6000,2929.4000,2929.6000,2930.4000,2932.8000,1,1,1,1,2,2,1,1,1,4
SF,IH2004,2020-03-04 09:34:36.300,2927.2000,2657,0,100994880.000,0,-,-,-,-,2926.0000,2925.8000,2925.4000,2925.0000,2924.0000,2928.2000,2928.6000,2929.4000,2929.6000,2930.4000,1,1,1,1,2,1,1,1,1,1
SF,IH2004,2020-03-04 09:34:36.800,2927.2000,2657,0,100994880.000,0,-,-,-,-,2926.2000,2926.0000,2925.8000,2925.4000,2924.0000,2929.4000,2929.6000,2930.4000,2932.8000,2935.6000,1,1,1,1,2,1,1,1,3,11
SF,IH2004,2020-03-04 09:34:37.300,2927.2000,2657,0,100994880.000,0,-,-,-,-,2926.2000,2926.0000,2925.8000,2925.4000,2924.0000,2929.2000,2929.4000,2929.6000,2932.8000,2935.6000,1,1,1,1,2,1,1,1,3,11
SF,IH2004,2020-03-04 09:34:37.800,2927.2000,2657,0,100994880.000,0,-,-,-,-,2926.2000,2926.0000,2925.8000,2925.4000,2924.0000,2929.2000,2929.4000,2932.8000,2935.6000,2935.8000,1,1,1,1,2,1,1,3,11,1
SF,IH2004,2020-03-04 09:34:40.300,2927.2000,2657,0,100994880.000,0,-,-,-,-,2926.2000,2926.0000,2925.8000,2925.4000,2924.0000,2929.2000,2932.8000,2935.6000,2935.8000,2936.6000,1,1,1,1,2,1,3,11,1,1
SF,IH2004,2020-03-04 09:34:40.800,2927.2000,2657,0,100994880.000,0,-,-,-,-,2926.8000,2926.4000,2926.2000,2925.8000,2925.4000,2932.8000,2935.6000,2935.8000,2936.6000,2937.4000,1,1,1,1,1,3,11,1,1,5
SF,IH2004,2020-03-04 09:34:41.300,2927.2000,2657,0,100994880.000,0,-,-,-,-,2927.0000,2926.2000,2925.8000,2924.0000,2923.8000,2929.8000,2930.4000,2931.0000,2931.6000,2932.6000,1,1,1,2,1,1,1,1,1,14
SF,IH2004,2020-03-04 09:34:41.800,2927.2000,2657,0,100994880.000,0,-,-,-,-,2926.2000,2925.8000,2924.0000,2923.8000,2923.6000,2929.6000,2929.8000,2930.4000,2931.0000,2931.6000,1,1,2,1,1,3,1,1,1,1
SF,IH2004,2020-03-04 09:34:42.300,2927.2000,2657,0,100994880.000,0,-,-,-,-,2927.4000,2926.4000,2926.2000,2925.8000,2924.0000,2929.6000,2930.4000,2931.0000,2931.6000,2932.6000,2,1,1,1,2,3,1,1,1,10
SF,IH2004,2020-03-04 09:34:42.800,2927.2000,2657,0,100994880.000,0,-,-,-,-,2927.4000,2926.4000,2926.2000,2925.8000,2924.0000,2929.6000,2930.4000,2931.0000,2931.6000,2932.6000,2,1,1,1,2,1,1,1,1,10
SF,IH2004,2020-03-04 09:34:43.800,2927.2000,2657,0,100994880.000,0,-,-,-,-,2927.4000,2926.4000,2926.2000,2925.8000,2924.0000,2930.4000,2931.0000,2931.6000,2932.6000,2932.8000,2,1,1,1,2,1,1,1,2,4
SF,IH2004,2020-03-04 09:34:44.300,2927.2000,2657,0,100994880.000,0,-,-,-,-,2927.6000,2927.4000,2926.2000,2925.8000,2924.0000,2930.2000,2930.4000,2931.0000,2931.6000,2932.6000,1,2,1,1,2,1,1,1,1,2
SF,IH2004,2020-03-04 09:34:44.800,2927.2000,2657,0,100994880.000,0,-,-,-,-,2927.6000,2927.4000,2926.2000,2925.8000,2924.0000,2930.4000,2931.0000,2931.6000,2932.6000,2932.8000,1,2,1,1,2,1,1,1,2,4
SF,IH2004,2020-03-04 09:34:45.800,2927.2000,2657,0,100994880.000,0,-,-,-,-,2928.0000,2927.6000,2926.2000,2925.8000,2924.0000,2930.4000,2931.0000,2931.6000,2932.6000,2932.8000,2,1,1,1,2,1,1,1,2,4
SF,IH2004,2020-03-04 09:34:46.300,2927.2000,2657,0,100994880.000,0,-,-,-,-,2928.4000,2928.2000,2928.0000,2927.8000,2926.2000,2931.0000,2931.6000,2932.6000,2932.8000,2935.6000,2,3,2,1,1,1,1,2,4,2
SF,IH2004,2020-03-04 09:34:46.800,2927.2000,2657,0,100994880.000,0,-,-,-,-,2928.6000,2928.4000,2928.2000,2928.0000,2927.8000,2931.0000,2931.6000,2932.6000,2932.8000,2935.6000,1,2,2,2,1,2,1,1,4,2
SF,IH2004,2020-03-04 09:34:47.300,2927.2000,2657,0,100994880.000,0,-,-,-,-,2928.6000,2928.4000,2928.2000,2928.0000,2927.8000,2931.0000,2931.6000,2932.6000,2932.8000,2935.6000,1,2,1,2,1,1,1,1,2,2
SF,IH2004,2020-03-04 09:34:47.800,2927.2000,2657,0,100994880.000,0,-,-,-,-,2929.0000,2928.6000,2928.2000,2928.0000,2927.8000,2931.0000,2931.6000,2932.6000,2932.8000,2935.6000,2,1,1,2,1,1,1,1,1,2
SF,IH2004,2020-03-04 09:34:48.300,2927.2000,2657,0,100994880.000,0,-,-,-,-,2929.2000,2928.6000,2928.2000,2928.0000,2927.8000,2931.0000,2931.6000,2932.6000,2932.8000,2935.6000,2,1,1,2,1,1,1,1,1,1
SF,IH2004,2020-03-04 09:34:49.300,2927.2000,2657,0,100994880.000,0,-,-,-,-,2929.2000,2928.6000,2928.2000,2928.0000,2927.8000,2931.0000,2931.6000,2932.6000,2932.8000,2935.6000,2,1,1,2,1,2,1,1,1,1
SF,IH2004,2020-03-04 09:34:49.800,2927.2000,2657,0,100994880.000,0,-,-,-,-,2929.2000,2928.6000,2928.2000,2928.0000,2927.8000,2931.0000,2931.6000,2932.6000,2932.8000,2935.6000,2,1,1,2,1,2,1,1,1,1
SF,IH2004,2020-03-04 09:34:50.800,2927.2000,2657,0,100994880.000,0,-,-,-,-,2929.2000,2928.6000,2928.2000,2928.0000,2927.8000,2930.4000,2930.8000,2931.0000,2931.6000,2932.6000,2,1,1,1,1,1,1,2,1,1
SF,IH2004,2020-03-04 09:34:51.300,2927.2000,2657,0,100994880.000,0,-,-,-,-,2929.2000,2928.6000,2928.2000,2928.0000,2927.8000,2931.0000,2931.6000,2932.6000,2932.8000,2935.6000,2,1,1,1,1,2,1,1,1,1
SF,IH2004,2020-03-04 09:34:51.800,2927.2000,2657,0,100994880.000,0,-,-,-,-,2928.6000,2928.2000,2928.0000,2927.8000,2926.2000,2931.0000,2931.6000,2932.6000,2932.8000,2935.6000,1,1,1,1,1,2,1,1,1,1
SF,IH2004,2020-03-04 09:34:52.300,2927.2000,2657,0,100994880.000,0,-,-,-,-,2929.0000,2928.6000,2928.2000,2928.0000,2927.8000,2931.0000,2931.6000,2932.6000,2932.8000,2935.6000,1,1,1,1,1,2,1,1,1,1
SF,IH2004,2020-03-04 09:34:53.800,2927.2000,2657,0,100994880.000,0,-,-,-,-,2928.6000,2928.2000,2928.0000,2927.8000,2926.2000,2930.4000,2930.8000,2931.0000,2931.6000,2932.6000,1,1,1,1,1,1,1,2,1,1
SF,IH2004,2020-03-04 09:34:54.300,2927.2000,2657,0,100994880.000,0,-,-,-,-,2928.6000,2928.2000,2928.0000,2927.8000,2926.2000,2931.0000,2931.6000,2932.6000,2932.8000,2935.6000,1,1,1,1,1,2,1,1,1,1
SF,IH2004,2020-03-04 09:34:54.800,2927.2000,2657,0,100994880.000,0,-,-,-,-,2928.6000,2928.2000,2928.0000,2927.8000,2926.2000,2930.4000,2930.8000,2931.0000,2931.6000,2932.6000,1,1,1,1,1,1,1,1,1,1
SF,IH2004,2020-03-04 09:34:55.300,2927.2000,2657,0,100994880.000,0,-,-,-,-,2928.6000,2928.2000,2928.0000,2927.8000,2926.2000,2930.2000,2930.4000,2930.8000,2931.0000,2931.6000,1,1,1,1,1,1,1,1,1,1
SF,IH2004,2020-03-04 09:34:55.800,2927.2000,2657,0,100994880.000,0,-,-,-,-,2928.8000,2928.6000,2928.2000,2928.0000,2927.8000,2930.2000,2930.4000,2930.8000,2931.0000,2931.6000,2,1,1,1,1,1,1,1,1,1
SF,IH2004,2020-03-04 09:34:56.300,2927.2000,2657,0,100994880.000,0,-,-,-,-,2928.8000,2928.6000,2928.2000,2928.0000,2927.8000,2930.2000,2930.4000,2930.8000,2931.0000,2931.6000,2,1,1,1,1,1,1,1,1,1
SF,IH2004,2020-03-04 09:34:56.800,2927.2000,2657,0,100994880.000,0,-,-,-,-,2928.8000,2928.6000,2928.2000,2928.0000,2927.8000,2930.2000,2931.0000,2931.6000,2932.6000,2932.8000,2,1,1,1,1,1,1,1,1,1
SF,IH2004,2020-03-04 09:34:57.800,2930.2000,2656,-1,101873940.000,1,0,1,双平,S,2928.8000,2928.6000,2928.2000,2928.0000,2927.8000,2931.0000,2931.6000,2932.6000,2932.8000,2935.6000,2,1,1,1,1,1,1,1,1,1
SF,IH2004,2020-03-04 09:34:58.800,2930.2000,2656,0,101873940.000,0,-,-,-,-,2929.0000,2928.8000,2928.6000,2928.2000,2928.0000,2931.6000,2932.6000,2932.8000,2935.6000,2935.8000,1,2,1,1,1,1,1,1,1,1
SF,IH2004,2020-03-04 09:34:59.300,2930.2000,2656,0,101873940.000,0,-,-,-,-,2928.8000,2928.6000,2928.2000,2928.0000,2927.8000,2931.0000,2931.4000,2931.6000,2932.6000,2932.8000,2,1,1,1,1,1,2,2,1,1
SF,IH2004,2020-03-04 09:34:59.800,2930.2000,2656,0,101873940.000,0,-,-,-,-,2928.8000,2928.6000,2928.2000,2928.0000,2927.8000,2930.4000,2930.8000,2931.0000,2931.4000,2931.6000,2,1,1,1,1,1,1,2,3,1
SF,IH2004,2020-03-04 09:35:00.300,2930.2000,2656,0,101873940.000,0,-,-,-,-,2929.0000,2928.6000,2928.2000,2928.0000,2927.8000,2931.4000,2931.6000,2932.6000,2932.8000,2935.6000,3,1,1,1,1,2,1,1,1,1
SF,IH2004,2020-03-04 09:35:00.800,2930.2000,2656,0,101873940.000,0,-,-,-,-,2928.6000,2928.2000,2928.0000,2927.8000,2925.4000,2928.8000,2931.0000,2931.4000,2931.6000,2932.6000,1,1,1,1,1,1,1,3,1,1
SF,IH2004,2020-03-04 09:35:01.300,2928.8000,2655,-1,102752580.000,1,0,1,双平,S,2929.0000,2928.8000,2928.2000,2928.0000,2927.8000,2931.0000,2931.4000,2931.6000,2932.6000,2932.8000,1,2,1,1,1,1,3,1,1,1
SF,IH2004,2020-03-04 09:35:01.800,2928.8000,2655,0,102752580.000,0,-,-,-,-,2928.8000,2928.2000,2928.0000,2927.8000,2925.4000,2931.4000,2931.6000,2932.6000,2932.8000,2935.6000,12,1,1,1,1,3,1,1,1,1
SF,IH2004,2020-03-04 09:35:02.300,2928.8000,2655,0,102752580.000,0,-,-,-,-,2929.2000,2929.0000,2928.8000,2928.2000,2928.0000,2931.4000,2931.6000,2932.6000,2932.8000,2935.6000,2,1,12,1,1,1,1,1,1,1
SF,IH2004,2020-03-04 09:35:02.800,2928.8000,2655,0,102752580.000,0,-,-,-,-,2929.2000,2929.0000,2928.8000,2928.2000,2928.0000,2931.4000,2931.6000,2932.6000,2932.8000,2935.6000,2,1,12,1,1,1,1,1,1,1
SF,IH2004,2020-03-04 09:35:03.300,2928.8000,2655,0,102752580.000,0,-,-,-,-,2929.2000,2929.0000,2928.8000,2928.2000,2928.0000,2931.4000,2931.6000,2932.6000,2932.8000,2935.6000,2,1,1,1,1,1,1,1,1,1
SF,IH2004,2020-03-04 09:35:04.300,2928.8000,2655,0,102752580.000,0,-,-,-,-,2929.4000,2929.2000,2929.0000,2928.8000,2928.2000,2931.4000,2931.6000,2932.6000,2932.8000,2935.6000,1,2,1,1,1,1,1,1,1,1
