市场代码,合约代码,时间,最新,持仓,增仓,成交额,成交量,开仓,平仓,成交类型,方向,买一价,买二价,买三价,买四价,买五价,卖一价,卖二价,卖三价,卖四价,卖五价,买一量,买二量,买三量,买四量,买五量,卖一量,卖二量,卖三量,卖四量,卖五量
SF,IH2009,2020-02-19 09:29:00.400,2885.4000,4023,0,0.000,0.000,-,-,-,-,2878.2000,2878.0000,2875.4000,2875.0000,2874.2000,2884.6000,2884.8000,2888.4000,2892.0000,2892.8000,1,1,2,1,1,1,2,1,3,2
SF,IH2009,2020-02-19 09:30:00.400,2885.4000,4023,0,0.000,0,-,-,-,-,2881.2000,2880.8000,2880.0000,2878.2000,2878.0000,2884.6000,2884.8000,2892.0000,2894.0000,2895.0000,1,1,1,3,1,1,2,2,1,1
SF,IH2009,2020-02-19 09:30:00.900,2885.4000,4023,0,0.000,0,-,-,-,-,2881.4000,2881.2000,2878.2000,2878.0000,2875.0000,2884.4000,2884.6000,2884.8000,2892.0000,2894.0000,2,1,3,1,1,1,1,2,2,1
SF,IH2009,2020-02-19 09:30:01.400,2885.4000,4023,0,0.000,0,-,-,-,-,2882.2000,2881.4000,2881.2000,2878.2000,2878.0000,2884.4000,2884.6000,2884.8000,2891.8000,2892.0000,1,2,1,2,1,1,1,2,5,2
SF,IH2009,2020-02-19 09:30:01.900,2885.4000,4023,0,0.000,0,-,-,-,-,2882.4000,2882.2000,2881.4000,2881.2000,2878.2000,2884.6000,2891.8000,2892.0000,2894.0000,2895.0000,3,1,1,1,2,1,5,2,1,1
SF,IH2009,2020-02-19 09:30:02.400,2885.4000,4023,0,0.000,0,-,-,-,-,2882.4000,2882.2000,2881.4000,2881.2000,2880.0000,2884.6000,2891.8000,2892.0000,2894.0000,2895.0000,3,1,1,1,1,1,5,2,1,1
SF,IH2009,2020-02-19 09:30:03.900,2885.4000,4023,0,0.000,0,-,-,-,-,2882.4000,2882.2000,2881.4000,2881.2000,2880.0000,2884.6000,2891.8000,2892.0000,2894.0000,2895.0000,3,1,1,1,1,1,5,2,1,1
SF,IH2009,2020-02-19 09:30:04.400,2885.4000,4023,0,0.000,0,-,-,-,-,2882.4000,2882.2000,2881.4000,2881.2000,2880.0000,2884.4000,2884.6000,2891.8000,2892.0000,2894.0000,1,1,1,1,1,2,1,5,2,1
SF,IH2009,2020-02-19 09:30:05.900,2882.4000,4024,1,864720.000,1,1,0,双开,S,2882.2000,2881.2000,2880.0000,2878.2000,2878.0000,2884.4000,2884.6000,2891.8000,2892.0000,2894.0000,1,1,1,2,1,2,1,5,2,1
SF,IH2009,2020-02-19 09:30:06.400,2882.4000,4024,0,864720.000,0,-,-,-,-,2882.2000,2881.2000,2880.0000,2878.2000,2878.0000,2884.4000,2884.6000,2891.8000,2892.0000,2894.0000,1,1,1,2,1,3,1,5,2,1
SF,IH2009,2020-02-19 09:30:07.900,2884.4000,4024,0,1730040.000,1,0,1,多换,S,2882.4000,2882.2000,2881.2000,2880.0000,2878.2000,2884.4000,2884.6000,2891.8000,2892.0000,2894.0000,1,1,1,1,2,2,1,5,2,1
SF,IH2009,2020-02-19 09:30:08.400,2884.4000,4024,0,1730040.000,0,-,-,-,-,2882.6000,2882.4000,2882.2000,2881.2000,2880.0000,2884.4000,2884.6000,2891.8000,2892.0000,2894.0000,1,1,1,1,1,1,1,5,2,1
SF,IH2009,2020-02-19 09:30:08.900,2884.4000,4023,-1,2595360.000,1,0,1,双平,S,2882.6000,2882.4000,2882.2000,2881.2000,2880.0000,2884.6000,2891.8000,2892.0000,2894.0000,2895.0000,1,1,1,1,1,1,5,2,1,1
SF,IH2009,2020-02-19 09:30:09.400,2884.4000,4023,0,2595360.000,0,-,-,-,-,2883.0000,2882.6000,2882.4000,2882.2000,2881.2000,2884.6000,2891.8000,2892.0000,2894.0000,2895.0000,1,1,1,1,1,1,5,2,1,1
SF,IH2009,2020-02-19 09:30:09.900,2884.4000,4023,0,2595360.000,0,-,-,-,-,2882.4000,2882.2000,2881.2000,2880.0000,2878.2000,2884.6000,2891.8000,2892.0000,2894.0000,2895.0000,1,1,1,1,2,1,5,2,1,1
SF,IH2009,2020-02-19 09:30:10.900,2884.6000,4023,0,3460740.000,1,0,1,多换,S,2882.4000,2882.2000,2881.2000,2880.0000,2878.2000,2891.8000,2892.0000,2894.0000,2895.0000,2898.0000,2,1,1,1,2,5,2,1,1,1
SF,IH2009,2020-02-19 09:30:11.400,2884.6000,4023,0,3460740.000,0,-,-,-,-,2882.6000,2882.4000,2882.2000,2881.2000,2880.0000,2889.0000,2889.6000,2891.0000,2891.2000,2891.4000,1,2,1,1,1,1,1,1,1,1
SF,IH2009,2020-02-19 09:30:11.900,2884.6000,4023,0,3460740.000,0,-,-,-,-,2882.8000,2882.6000,2882.4000,2882.2000,2881.2000,2888.8000,2889.0000,2889.6000,2891.0000,2891.2000,1,1,1,1,1,3,1,1,1,1
SF,IH2009,2020-02-19 09:30:12.400,2884.6000,4023,0,3460740.000,0,-,-,-,-,2882.8000,2882.6000,2882.4000,2882.2000,2881.2000,2886.0000,2886.4000,2888.8000,2889.0000,2889.6000,1,1,1,1,1,1,1,3,1,1
SF,IH2009,2020-02-19 09:30:12.900,2884.6000,4023,0,3460740.000,0,-,-,-,-,2883.0000,2882.8000,2882.4000,2882.2000,2881.2000,2885.8000,2888.8000,2889.0000,2889.6000,2891.0000,1,1,1,1,1,1,1,1,1,1
SF,IH2009,2020-02-19 09:30:13.400,2884.6000,4023,0,3460740.000,0,-,-,-,-,2883.2000,2883.0000,2882.4000,2882.2000,2881.2000,2885.8000,2888.8000,2889.0000,2889.6000,2891.0000,1,2,1,1,1,1,1,1,1,1
SF,IH2009,2020-02-19 09:30:13.900,2884.6000,4023,0,3460740.000,0,-,-,-,-,2883.2000,2883.0000,2882.4000,2882.2000,2881.2000,2885.6000,2885.8000,2888.8000,2889.0000,2889.6000,1,1,1,1,1,1,1,1,1,1
SF,IH2009,2020-02-19 09:30:14.400,2884.6000,4023,0,3460740.000,0,-,-,-,-,2883.2000,2883.0000,2882.4000,2882.2000,2881.2000,2885.4000,2885.6000,2888.8000,2889.0000,2889.6000,1,1,1,1,1,1,1,1,1,1
SF,IH2009,2020-02-19 09:30:14.900,2884.6000,4023,0,3460740.000,0,-,-,-,-,2883.2000,2883.0000,2882.4000,2882.2000,2881.2000,2885.4000,2885.6000,2885.8000,2888.8000,2889.0000,1,1,1,1,1,1,1,2,1,1
SF,IH2009,2020-02-19 09:30:15.400,2884.6000,4023,0,3460740.000,0,-,-,-,-,2883.4000,2883.2000,2883.0000,2882.4000,2882.2000,2885.4000,2885.8000,2888.8000,2889.0000,2889.6000,1,1,1,1,1,1,2,1,1,1
SF,IH2009,2020-02-19 09:30:15.900,2885.4000,4023,0,4326360.000,1,0,1,多换,S,2883.4000,2883.2000,2883.0000,2882.4000,2882.2000,2885.8000,2888.8000,2889.0000,2889.6000,2891.0000,1,1,1,1,1,2,1,1,1,1
SF,IH2009,2020-02-19 09:30:16.400,2885.4000,4023,0,4326360.000,0,-,-,-,-,2883.6000,2883.0000,2882.4000,2882.2000,2881.2000,2885.6000,2885.8000,2888.8000,2889.0000,2889.6000,1,1,1,1,1,2,2,1,1,1
SF,IH2009,2020-02-19 09:30:16.900,2885.4000,4023,0,4326360.000,0,-,-,-,-,2883.6000,2883.0000,2882.4000,2882.2000,2881.2000,2885.6000,2885.8000,2888.8000,2889.0000,2889.6000,1,1,1,1,1,2,2,1,1,1
SF,IH2009,2020-02-19 09:30:17.400,2885.4000,4023,0,4326360.000,0,-,-,-,-,2883.8000,2883.6000,2883.0000,2882.4000,2882.2000,2885.6000,2885.8000,2888.8000,2889.0000,2889.6000,1,1,1,1,1,1,2,1,1,1
SF,IH2009,2020-02-19 09:30:18.400,2885.6000,4023,0,5192040.000,1,0,1,多换,S,2883.8000,2883.6000,2883.0000,2882.4000,2882.2000,2885.8000,2888.8000,2889.0000,2889.6000,2891.0000,1,1,1,1,1,2,1,1,1,1
SF,IH2009,2020-02-19 09:30:18.900,2885.6000,4023,0,5192040.000,0,-,-,-,-,2884.0000,2883.6000,2883.0000,2882.4000,2882.2000,2885.4000,2885.8000,2888.8000,2889.0000,2889.6000,1,1,1,1,1,1,2,1,1,1
SF,IH2009,2020-02-19 09:30:19.400,2885.6000,4023,0,5192040.000,0,-,-,-,-,2884.0000,2883.6000,2883.0000,2882.4000,2882.2000,2885.4000,2885.8000,2888.8000,2889.0000,2889.6000,1,1,1,1,1,1,2,1,1,1
SF,IH2009,2020-02-19 09:30:19.900,2885.6000,4023,0,5192040.000,0,-,-,-,-,2885.4000,2884.0000,2883.6000,2883.0000,2882.4000,2885.8000,2888.8000,2889.0000,2889.6000,2891.0000,2,1,1,1,1,2,1,1,1,1
SF,IH2009,2020-02-19 09:30:20.400,2885.4000,4021,-2,6923280.000,2,0,2,双平,S,2884.0000,2883.6000,2883.0000,2882.4000,2882.2000,2885.8000,2888.8000,2889.0000,2889.6000,2891.4000,1,1,1,1,1,2,1,1,1,1
SF,IH2009,2020-02-19 09:30:20.900,2885.4000,4021,0,6923280.000,0,-,-,-,-,2884.2000,2884.0000,2883.6000,2883.0000,2882.4000,2885.8000,2888.8000,2889.6000,2891.4000,2891.6000,1,1,1,1,1,2,1,1,1,1
SF,IH2009,2020-02-19 09:30:21.400,2885.4000,4021,0,6923280.000,0,-,-,-,-,2884.4000,2884.2000,2883.6000,2883.0000,2882.4000,2885.8000,2888.8000,2889.6000,2891.4000,2891.6000,1,1,1,1,1,2,1,1,1,1
SF,IH2009,2020-02-19 09:30:21.900,2885.4000,4021,0,6923280.000,0,-,-,-,-,2884.4000,2884.2000,2883.6000,2883.0000,2882.4000,2885.8000,2888.8000,2889.6000,2891.4000,2891.6000,1,1,1,1,1,2,1,1,1,1
SF,IH2009,2020-02-19 09:30:22.400,2885.4000,4021,0,6923280.000,0,-,-,-,-,2884.4000,2884.2000,2883.6000,2883.0000,2882.4000,2885.8000,2888.8000,2889.6000,2891.4000,2891.6000,2,1,1,1,1,2,1,1,1,1
SF,IH2009,2020-02-19 09:30:23.900,2885.4000,4021,0,6923280.000,0,-,-,-,-,2884.4000,2884.2000,2883.6000,2883.0000,2882.4000,2885.8000,2888.8000,2889.6000,2891.4000,2891.6000,2,1,1,2,1,2,1,1,1,1
SF,IH2009,2020-02-19 09:30:24.400,2885.4000,4021,0,6923280.000,0,-,-,-,-,2884.4000,2883.6000,2883.0000,2882.4000,2881.2000,2885.8000,2888.8000,2889.6000,2891.4000,2891.6000,2,1,2,1,1,2,1,1,1,1
SF,IH2009,2020-02-19 09:30:24.900,2885.4000,4021,0,6923280.000,0,-,-,-,-,2884.4000,2883.6000,2883.0000,2882.4000,2881.2000,2885.8000,2888.8000,2889.6000,2891.4000,2891.6000,2,1,2,1,1,2,1,1,1,1
SF,IH2009,2020-02-19 09:30:25.400,2884.6000,4021,0,7788660.000,1,0,1,多换,S,2884.4000,2883.6000,2883.0000,2882.4000,2881.2000,2885.8000,2888.8000,2889.6000,2891.4000,2891.6000,2,1,2,1,1,2,1,1,1,1
SF,IH2009,2020-02-19 09:30:25.900,2884.6000,4021,0,7788660.000,0,-,-,-,-,2884.4000,2883.6000,2883.0000,2882.4000,2881.2000,2885.8000,2889.6000,2891.4000,2891.6000,2891.8000,1,1,2,1,1,2,1,1,1,5
SF,IH2009,2020-02-19 09:30:26.400,2884.6000,4021,0,7788660.000,0,-,-,-,-,2883.6000,2883.0000,2882.4000,2881.2000,2880.0000,2885.8000,2889.6000,2891.4000,2891.6000,2891.8000,1,2,1,1,1,2,1,1,1,5
SF,IH2009,2020-02-19 09:30:26.900,2884.6000,4021,0,7788660.000,0,-,-,-,-,2883.8000,2883.6000,2883.0000,2882.4000,2881.2000,2885.8000,2889.6000,2891.4000,2891.6000,2891.8000,2,1,2,1,1,2,1,1,1,5
SF,IH2009,2020-02-19 09:30:27.900,2884.6000,4021,0,7788660.000,0,-,-,-,-,2883.8000,2883.6000,2883.0000,2882.4000,2881.2000,2884.4000,2885.8000,2889.6000,2891.4000,2891.6000,2,1,2,1,1,2,2,1,1,1
SF,IH2009,2020-02-19 09:30:28.400,2884.4000,4019,-2,9519300.000,2,0,2,双平,S,2883.0000,2882.4000,2881.2000,2880.0000,2878.2000,2885.6000,2891.4000,2891.6000,2891.8000,2892.0000,2,1,1,1,1,1,1,1,5,2
SF,IH2009,2020-02-19 09:30:28.900,2884.4000,4019,0,9519300.000,0,-,-,-,-,2883.2000,2883.0000,2882.4000,2881.2000,2880.0000,2885.6000,2891.4000,2891.6000,2891.8000,2892.0000,2,2,1,1,1,1,1,1,5,2
SF,IH2009,2020-02-19 09:30:29.400,2884.4000,4019,0,9519300.000,0,-,-,-,-,2883.2000,2883.0000,2882.4000,2881.2000,2880.0000,2891.4000,2891.6000,2891.8000,2892.0000,2894.0000,3,2,1,1,1,1,1,5,2,1
SF,IH2009,2020-02-19 09:30:29.900,2884.4000,4019,0,9519300.000,0,-,-,-,-,2883.2000,2883.0000,2882.4000,2881.2000,2880.0000,2889.6000,2891.2000,2891.4000,2891.6000,2891.8000,3,2,1,1,1,1,4,1,1,5
SF,IH2009,2020-02-19 09:30:30.400,2884.4000,4019,0,9519300.000,0,-,-,-,-,2883.2000,2883.0000,2882.4000,2881.2000,2880.0000,2885.6000,2889.4000,2891.2000,2891.4000,2891.6000,3,2,1,1,1,2,2,3,1,1
SF,IH2009,2020-02-19 09:30:30.900,2885.6000,4018,-1,10384980.000,1,0,1,双平,S,2883.2000,2883.0000,2881.2000,2880.0000,2878.2000,2885.6000,2891.2000,2891.4000,2891.6000,2891.8000,3,2,1,1,1,1,3,1,1,5
SF,IH2009,2020-02-19 09:30:31.400,2885.6000,4018,0,10384980.000,0,-,-,-,-,2883.4000,2883.2000,2883.0000,2881.2000,2880.0000,2885.6000,2891.2000,2891.4000,2891.6000,2891.8000,1,3,2,1,1,1,3,1,1,5
SF,IH2009,2020-02-19 09:30:31.900,2885.6000,4018,0,10384980.000,0,-,-,-,-,2883.6000,2883.4000,2883.2000,2883.0000,2881.2000,2885.6000,2891.2000,2891.4000,2891.6000,2891.8000,2,1,2,2,1,1,3,1,1,5
SF,IH2009,2020-02-19 09:30:32.400,2885.6000,4018,0,10384980.000,0,-,-,-,-,2883.6000,2883.4000,2883.2000,2883.0000,2881.2000,2885.6000,2891.2000,2891.4000,2891.6000,2891.8000,2,1,1,2,1,1,3,1,1,5
SF,IH2009,2020-02-19 09:30:32.900,2885.6000,4017,-1,11250660.000,1,0,1,双平,S,2883.8000,2883.6000,2883.2000,2883.0000,2881.2000,2891.2000,2891.4000,2891.6000,2891.8000,2892.0000,1,2,1,2,1,3,1,1,5,2
SF,IH2009,2020-02-19 09:30:33.400,2885.6000,4017,0,11250660.000,0,-,-,-,-,2884.6000,2884.0000,2883.8000,2883.6000,2883.2000,2891.0000,2891.2000,2891.4000,2891.6000,2891.8000,1,2,1,1,1,2,3,1,1,5
SF,IH2009,2020-02-19 09:30:33.900,2885.6000,4017,0,11250660.000,0,-,-,-,-,2884.8000,2884.6000,2884.0000,2883.6000,2883.2000,2889.6000,2891.0000,2891.2000,2891.4000,2891.6000,1,1,1,1,1,1,2,3,1,1
SF,IH2009,2020-02-19 09:30:34.400,2885.6000,4017,0,11250660.000,0,-,-,-,-,2884.8000,2884.6000,2884.0000,2883.6000,2883.2000,2889.4000,2891.0000,2891.2000,2891.4000,2891.6000,2,1,1,1,1,1,1,3,1,1
SF,IH2009,2020-02-19 09:30:35.900,2885.6000,4017,0,11250660.000,0,-,-,-,-,2884.8000,2884.6000,2884.0000,2883.6000,2883.2000,2889.4000,2891.0000,2891.2000,2891.4000,2891.6000,2,1,1,1,1,1,1,2,1,1
SF,IH2009,2020-02-19 09:30:36.400,2885.6000,4017,0,11250660.000,0,-,-,-,-,2885.0000,2884.8000,2884.6000,2883.6000,2883.2000,2889.2000,2889.4000,2891.0000,2891.2000,2891.4000,1,2,1,1,1,1,1,1,2,1
SF,IH2009,2020-02-19 09:30:36.900,2885.6000,4017,0,11250660.000,0,-,-,-,-,2885.2000,2884.8000,2884.6000,2883.2000,2883.0000,2889.0000,2889.2000,2891.0000,2891.2000,2891.4000,1,1,1,1,1,1,1,1,2,1
SF,IH2009,2020-02-19 09:30:37.400,2885.6000,4017,0,11250660.000,0,-,-,-,-,2885.2000,2884.6000,2884.0000,2883.2000,2883.0000,2888.8000,2889.0000,2889.2000,2891.0000,2891.2000,1,1,1,1,1,1,1,1,1,2
SF,IH2009,2020-02-19 09:30:37.900,2885.6000,4017,0,11250660.000,0,-,-,-,-,2885.4000,2885.2000,2884.6000,2884.0000,2883.2000,2888.6000,2888.8000,2891.0000,2891.2000,2891.4000,1,1,1,1,1,1,1,1,2,1
SF,IH2009,2020-02-19 09:30:38.400,2885.6000,4017,0,11250660.000,0,-,-,-,-,2885.6000,2885.4000,2884.6000,2884.0000,2883.2000,2888.6000,2888.8000,2891.0000,2891.2000,2891.4000,1,1,1,1,1,1,1,1,2,1
SF,IH2009,2020-02-19 09:30:38.900,2885.6000,4017,0,11250660.000,0,-,-,-,-,2885.6000,2885.4000,2884.6000,2884.0000,2883.2000,2888.6000,2891.0000,2891.2000,2891.4000,2891.6000,2,1,1,1,1,1,1,2,1,1
SF,IH2009,2020-02-19 09:30:39.400,2885.6000,4017,0,11250660.000,0,-,-,-,-,2885.6000,2885.4000,2884.6000,2884.0000,2883.2000,2888.6000,2891.0000,2891.2000,2891.4000,2891.6000,2,1,1,1,1,1,1,2,1,1
SF,IH2009,2020-02-19 09:30:39.900,2885.6000,4017,0,11250660.000,0,-,-,-,-,2885.6000,2885.4000,2884.6000,2884.0000,2883.2000,2888.4000,2888.6000,2891.0000,2891.2000,2891.4000,1,1,1,1,1,1,1,1,2,1
SF,IH2009,2020-02-19 09:30:40.400,2885.6000,4017,0,11250660.000,0,-,-,-,-,2885.6000,2885.4000,2884.6000,2884.0000,2883.2000,2888.2000,2888.4000,2891.0000,2891.2000,2891.4000,1,1,1,1,1,1,1,1,2,1
SF,IH2009,2020-02-19 09:30:40.900,2885.6000,4017,0,11250660.000,0,-,-,-,-,2885.8000,2885.6000,2885.4000,2884.6000,2884.0000,2888.2000,2888.4000,2891.0000,2891.2000,2891.4000,1,1,1,1,1,1,1,1,2,1
SF,IH2009,2020-02-19 09:30:41.400,2885.6000,4017,0,11250660.000,0,-,-,-,-,2886.0000,2885.8000,2885.4000,2884.6000,2884.0000,2888.2000,2891.0000,2891.2000,2891.4000,2891.6000,1,1,1,1,1,1,1,2,1,1
SF,IH2009,2020-02-19 09:30:41.900,2885.6000,4017,0,11250660.000,0,-,-,-,-,2886.2000,2886.0000,2885.8000,2885.4000,2884.6000,2888.2000,2891.0000,2891.2000,2891.4000,2891.6000,1,1,1,1,1,1,1,2,1,1
SF,IH2009,2020-02-19 09:30:42.400,2886.2000,4017,0,12116520.000,1,0,1,多换,S,2886.0000,2885.8000,2885.4000,2884.6000,2884.0000,2888.2000,2891.0000,2891.2000,2891.4000,2891.6000,1,1,1,1,1,1,1,2,1,1
SF,IH2009,2020-02-19 09:30:42.900,2886.2000,4017,0,12116520.000,0,-,-,-,-,2886.0000,2884.6000,2884.0000,2883.2000,2883.0000,2888.2000,2891.0000,2891.2000,2891.4000,2891.6000,1,1,1,1,1,1,1,2,1,1
SF,IH2009,2020-02-19 09:30:43.400,2886.2000,4017,0,12116520.000,0,-,-,-,-,2886.0000,2884.6000,2884.0000,2883.2000,2883.0000,2888.0000,2888.2000,2891.0000,2891.2000,2891.4000,1,1,1,1,2,1,1,1,2,1
SF,IH2009,2020-02-19 09:30:43.900,2886.0000,4017,0,12982320.000,1,0,1,多换,S,2884.6000,2884.0000,2883.2000,2883.0000,2881.2000,2887.8000,2888.0000,2891.0000,2891.2000,2891.4000,1,1,1,2,1,1,1,1,2,1
SF,IH2009,2020-02-19 09:30:44.400,2886.0000,4017,0,12982320.000,0,-,-,-,-,2884.6000,2884.0000,2883.2000,2883.0000,2881.2000,2887.8000,2891.0000,2891.2000,2891.4000,2891.6000,1,1,1,2,1,1,1,2,1,1
SF,IH2009,2020-02-19 09:30:44.900,2886.0000,4017,0,12982320.000,0,-,-,-,-,2884.8000,2884.6000,2884.0000,2883.2000,2883.0000,2887.6000,2887.8000,2891.0000,2891.2000,2891.4000,1,1,1,1,2,1,1,1,2,1
SF,IH2009,2020-02-19 09:30:45.900,2887.6000,4017,0,13848600.000,1,0,1,多换,S,2884.8000,2884.6000,2884.0000,2883.2000,2883.0000,2887.8000,2891.0000,2891.2000,2891.4000,2891.6000,1,1,1,1,2,1,1,2,1,1
SF,IH2009,2020-02-19 09:30:46.400,2887.6000,4017,0,13848600.000,0,-,-,-,-,2884.8000,2884.6000,2884.0000,2883.2000,2883.0000,2887.4000,2887.8000,2891.0000,2891.2000,2891.4000,1,1,1,1,2,1,1,1,2,1
SF,IH2009,2020-02-19 09:30:46.900,2887.6000,4017,0,13848600.000,0,-,-,-,-,2884.8000,2884.6000,2884.0000,2883.2000,2883.0000,2887.4000,2887.8000,2891.0000,2891.2000,2891.4000,1,1,1,1,2,1,1,1,2,1
SF,IH2009,2020-02-19 09:30:47.400,2887.6000,4017,0,13848600.000,0,-,-,-,-,2884.6000,2884.0000,2883.2000,2883.0000,2881.2000,2887.2000,2887.4000,2891.0000,2891.2000,2891.4000,1,1,1,2,1,1,1,1,2,1
SF,IH2009,2020-02-19 09:30:47.900,2887.6000,4017,0,13848600.000,0,-,-,-,-,2884.6000,2884.0000,2883.2000,2883.0000,2881.2000,2887.0000,2887.2000,2887.4000,2891.0000,2891.2000,1,1,1,2,1,1,1,1,1,2
SF,IH2009,2020-02-19 09:30:48.400,2887.6000,4017,0,13848600.000,0,-,-,-,-,2884.6000,2884.0000,2883.2000,2883.0000,2881.2000,2886.8000,2887.0000,2887.4000,2891.0000,2891.2000,1,1,1,2,1,1,1,1,1,2
SF,IH2009,2020-02-19 09:30:49.400,2887.6000,4017,0,13848600.000,0,-,-,-,-,2884.6000,2884.0000,2883.2000,2883.0000,2881.2000,2886.6000,2886.8000,2887.0000,2887.4000,2891.0000,1,1,1,2,1,1,1,1,1,1
SF,IH2009,2020-02-19 09:30:49.900,2887.6000,4017,0,13848600.000,0,-,-,-,-,2884.6000,2884.0000,2883.2000,2883.0000,2881.2000,2886.4000,2886.6000,2887.0000,2887.4000,2891.0000,1,1,1,2,1,1,1,1,1,1
SF,IH2009,2020-02-19 09:30:50.400,2887.6000,4017,0,13848600.000,0,-,-,-,-,2885.2000,2884.6000,2884.0000,2883.2000,2883.0000,2886.4000,2886.6000,2887.0000,2891.0000,2891.2000,1,1,1,1,2,1,1,1,1,2
SF,IH2009,2020-02-19 09:30:50.900,2887.6000,4017,0,13848600.000,0,-,-,-,-,2885.2000,2884.6000,2884.0000,2883.0000,2881.2000,2886.2000,2886.4000,2886.6000,2887.0000,2891.0000,2,1,1,2,1,1,1,1,1,1
SF,IH2009,2020-02-19 09:30:51.400,2887.6000,4017,0,13848600.000,0,-,-,-,-,2885.2000,2884.6000,2884.0000,2883.0000,2881.2000,2886.2000,2886.6000,2887.0000,2891.0000,2891.2000,2,1,1,2,1,1,1,1,1,2
SF,IH2009,2020-02-19 09:30:54.900,2886.2000,4018,1,14714460.000,1,1,0,双开,S,2885.2000,2884.6000,2884.0000,2883.0000,2881.2000,2886.6000,2887.0000,2891.0000,2891.2000,2891.4000,2,1,1,2,1,1,1,1,2,1
SF,IH2009,2020-02-19 09:30:55.400,2886.2000,4018,0,14714460.000,0,-,-,-,-,2885.2000,2884.6000,2884.0000,2883.0000,2881.2000,2886.4000,2886.6000,2887.0000,2891.0000,2891.2000,2,1,1,2,1,1,1,1,1,2
SF,IH2009,2020-02-19 09:30:55.900,2886.2000,4018,0,14714460.000,0,-,-,-,-,2885.2000,2884.6000,2884.0000,2883.0000,2881.2000,2886.4000,2886.6000,2887.0000,2891.0000,2891.2000,2,1,1,2,1,1,1,1,1,2
SF,IH2009,2020-02-19 09:31:00.900,2886.2000,4018,0,14714460.000,0,-,-,-,-,2885.2000,2884.6000,2884.0000,2883.0000,2881.2000,2886.4000,2886.6000,2887.0000,2888.0000,2891.0000,2,1,1,2,1,1,1,1,5,1
SF,IH2009,2020-02-19 09:31:01.900,2886.2000,4018,0,14714460.000,0,-,-,-,-,2885.2000,2884.6000,2884.0000,2883.0000,2881.2000,2886.4000,2886.6000,2887.0000,2891.0000,2891.2000,2,1,1,2,1,1,1,1,1,2
SF,IH2009,2020-02-19 09:31:03.400,2886.2000,4018,0,14714460.000,0,-,-,-,-,2885.2000,2884.6000,2884.0000,2883.0000,2881.2000,2886.2000,2886.4000,2886.6000,2887.0000,2891.0000,2,1,1,2,1,1,1,1,1,1
SF,IH2009,2020-02-19 09:31:03.900,2886.2000,4018,0,14714460.000,0,-,-,-,-,2885.2000,2884.6000,2884.2000,2884.0000,2883.0000,2886.2000,2886.4000,2886.6000,2887.0000,2891.0000,2,1,1,1,1,1,1,1,1,1
SF,IH2009,2020-02-19 09:31:04.400,2885.2000,4017,-1,16445580.000,2,0,2,多平,S,2884.6000,2884.2000,2884.0000,2883.0000,2881.2000,2886.2000,2886.6000,2887.0000,2891.0000,2891.2000,1,1,1,1,1,1,1,1,1,2
SF,IH2009,2020-02-19 09:31:04.900,2885.2000,4017,0,16445580.000,0,-,-,-,-,2884.6000,2884.2000,2884.0000,2883.0000,2881.2000,2886.2000,2886.6000,2887.0000,2891.0000,2891.2000,1,1,1,1,1,1,1,1,1,2
SF,IH2009,2020-02-19 09:31:05.400,2885.2000,4017,0,16445580.000,0,-,-,-,-,2884.6000,2884.2000,2884.0000,2883.0000,2881.2000,2886.0000,2886.2000,2886.4000,2886.6000,2887.0000,1,1,1,1,1,1,1,1,1,1
SF,IH2009,2020-02-19 09:31:05.900,2885.2000,4017,0,16445580.000,0,-,-,-,-,2884.6000,2884.2000,2884.0000,2883.0000,2881.2000,2886.0000,2886.2000,2886.4000,2886.6000,2887.0000,1,1,1,1,1,1,1,1,1,1
SF,IH2009,2020-02-19 09:31:06.400,2884.6000,4017,0,17310960.000,1,0,1,多换,S,2884.2000,2884.0000,2883.0000,2881.2000,2880.6000,2886.0000,2886.2000,2886.4000,2886.6000,2887.0000,1,1,1,1,1,1,1,1,1,1
SF,IH2009,2020-02-19 09:31:06.900,2884.6000,4017,0,17310960.000,0,-,-,-,-,2884.2000,2884.0000,2883.0000,2881.2000,2880.6000,2886.0000,2886.2000,2886.4000,2886.6000,2887.0000,1,1,1,1,1,2,1,1,1,1
SF,IH2009,2020-02-19 09:31:07.400,2884.6000,4017,0,17310960.000,0,-,-,-,-,2884.2000,2884.0000,2883.0000,2881.2000,2880.6000,2886.0000,2886.2000,2886.4000,2886.6000,2887.0000,1,1,1,1,1,1,1,1,1,1
SF,IH2009,2020-02-19 09:31:07.900,2884.6000,4017,0,17310960.000,0,-,-,-,-,2884.2000,2884.0000,2883.0000,2881.2000,2880.6000,2885.8000,2886.0000,2886.4000,2886.6000,2887.0000,1,1,1,1,1,4,1,1,1,1
SF,IH2009,2020-02-19 09:31:08.400,2884.6000,4017,0,17310960.000,0,-,-,-,-,2884.2000,2884.0000,2883.0000,2881.2000,2880.6000,2885.6000,2885.8000,2886.0000,2886.4000,2886.6000,1,1,1,1,1,1,4,2,1,1
SF,IH2009,2020-02-19 09:31:08.900,2884.6000,4017,0,17310960.000,0,-,-,-,-,2884.2000,2884.0000,2883.0000,2881.2000,2880.6000,2885.6000,2886.0000,2886.4000,2886.6000,2887.0000,1,1,1,1,1,1,2,1,1,1
SF,IH2009,2020-02-19 09:31:09.400,2884.6000,4017,0,17310960.000,0,-,-,-,-,2884.2000,2884.0000,2883.0000,2881.2000,2880.6000,2885.4000,2885.6000,2886.0000,2886.4000,2886.6000,1,1,1,1,1,1,1,1,1,1
SF,IH2009,2020-02-19 09:31:09.900,2884.6000,4017,0,17310960.000,0,-,-,-,-,2884.2000,2884.0000,2883.0000,2881.2000,2880.6000,2885.4000,2885.6000,2886.0000,2886.4000,2886.6000,1,1,1,1,1,1,1,1,1,1
SF,IH2009,2020-02-19 09:31:10.400,2884.2000,4017,0,18176220.000,1,0,1,多换,S,2884.0000,2883.0000,2880.6000,2878.2000,2878.0000,2885.4000,2885.6000,2886.0000,2886.4000,2886.6000,1,1,1,1,1,1,1,1,1,1
SF,IH2009,2020-02-19 09:31:10.900,2884.2000,4017,0,18176220.000,0,-,-,-,-,2884.0000,2883.0000,2880.6000,2878.2000,2878.0000,2885.4000,2885.6000,2886.0000,2886.4000,2886.6000,1,1,1,1,1,1,1,1,1,1
SF,IH2009,2020-02-19 09:31:11.400,2884.2000,4017,0,18176220.000,0,-,-,-,-,2884.0000,2883.0000,2880.6000,2878.2000,2878.0000,2885.2000,2885.4000,2885.6000,2886.0000,2886.4000,1,1,1,1,1,1,1,1,1,1
SF,IH2009,2020-02-19 09:31:11.900,2884.2000,4017,0,18176220.000,0,-,-,-,-,2884.0000,2883.0000,2880.6000,2878.2000,2878.0000,2885.4000,2885.6000,2886.0000,2886.4000,2886.6000,1,1,1,1,1,1,1,1,1,1
SF,IH2009,2020-02-19 09:31:12.400,2884.0000,4017,0,19041420.000,1,0,1,多换,S,2883.0000,2880.6000,2878.2000,2878.0000,2877.6000,2885.4000,2885.6000,2886.0000,2886.4000,2886.6000,1,1,1,1,1,1,1,1,1,1
SF,IH2009,2020-02-19 09:31:12.900,2883.0000,4016,-1,19906320.000,1,0,1,双平,S,2880.6000,2878.0000,2877.6000,2875.0000,2873.2000,2885.2000,2885.6000,2886.0000,2886.4000,2886.6000,1,1,1,3,1,1,1,1,1,1
SF,IH2009,2020-02-19 09:31:13.400,2883.0000,4016,0,19906320.000,0,-,-,-,-,2880.8000,2880.6000,2878.0000,2877.6000,2875.0000,2885.2000,2885.4000,2885.6000,2886.0000,2886.4000,1,1,1,1,3,2,1,1,1,1
SF,IH2009,2020-02-19 09:31:13.900,2883.0000,4016,0,19906320.000,0,-,-,-,-,2880.8000,2880.6000,2878.0000,2877.6000,2875.0000,2885.0000,2885.2000,2885.4000,2885.6000,2886.0000,1,1,1,1,3,1,2,1,1,1
SF,IH2009,2020-02-19 09:31:14.400,2883.0000,4016,0,19906320.000,0,-,-,-,-,2880.8000,2880.6000,2878.0000,2877.6000,2875.0000,2884.8000,2885.0000,2885.2000,2885.4000,2885.6000,1,1,1,1,3,2,1,1,1,1
SF,IH2009,2020-02-19 09:31:14.900,2883.0000,4016,0,19906320.000,0,-,-,-,-,2880.8000,2880.6000,2878.0000,2877.6000,2875.0000,2884.6000,2884.8000,2885.2000,2885.4000,2885.6000,1,1,1,1,3,1,2,1,1,1
SF,IH2009,2020-02-19 09:31:15.400,2883.0000,4016,0,19906320.000,0,-,-,-,-,2880.8000,2880.6000,2878.0000,2877.6000,2875.0000,2884.4000,2884.6000,2884.8000,2885.2000,2885.4000,1,1,1,1,3,2,1,1,1,1
SF,IH2009,2020-02-19 09:31:15.900,2883.0000,4016,0,19906320.000,0,-,-,-,-,2880.8000,2880.6000,2878.0000,2877.6000,2875.0000,2884.4000,2884.6000,2884.8000,2885.2000,2885.4000,1,1,1,1,3,1,1,1,1,1
SF,IH2009,2020-02-19 09:31:16.400,2883.0000,4016,0,19906320.000,0,-,-,-,-,2880.8000,2880.6000,2878.0000,2877.6000,2875.0000,2884.4000,2884.6000,2884.8000,2885.2000,2885.4000,1,1,1,1,3,1,1,1,1,1
SF,IH2009,2020-02-19 09:31:17.400,2884.6000,4016,0,21637020.000,2,1,1,多换,S,2881.0000,2880.8000,2880.6000,2878.0000,2877.6000,2884.8000,2885.2000,2885.4000,2885.6000,2886.0000,1,1,1,1,1,1,1,1,1,1
SF,IH2009,2020-02-19 09:31:17.900,2884.6000,4016,0,21637020.000,0,-,-,-,-,2881.2000,2881.0000,2880.6000,2878.0000,2877.6000,2884.6000,2884.8000,2885.2000,2885.4000,2886.0000,1,1,1,1,1,2,1,1,1,1
SF,IH2009,2020-02-19 09:31:18.400,2884.6000,4016,0,21637020.000,0,-,-,-,-,2881.4000,2881.2000,2880.6000,2878.0000,2877.6000,2884.6000,2884.8000,2885.2000,2885.4000,2886.0000,1,1,1,1,1,2,1,1,1,1
SF,IH2009,2020-02-19 09:31:18.900,2884.6000,4016,0,21637020.000,0,-,-,-,-,2881.6000,2881.4000,2880.6000,2878.0000,2877.6000,2884.6000,2884.8000,2885.2000,2885.4000,2886.0000,1,1,1,1,1,2,1,1,1,1
SF,IH2009,2020-02-19 09:31:19.400,2884.6000,4016,0,21637020.000,0,-,-,-,-,2881.8000,2881.6000,2880.6000,2878.0000,2877.6000,2884.6000,2884.8000,2885.2000,2885.4000,2886.0000,1,1,1,1,1,2,1,1,1,1
SF,IH2009,2020-02-19 09:31:19.900,2884.6000,4016,0,21637020.000,0,-,-,-,-,2882.0000,2881.8000,2880.6000,2878.0000,2877.6000,2884.6000,2884.8000,2885.2000,2885.4000,2886.0000,1,1,1,1,1,2,1,1,1,1
SF,IH2009,2020-02-19 09:31:20.400,2884.6000,4016,0,21637020.000,0,-,-,-,-,2882.2000,2882.0000,2880.6000,2878.0000,2877.6000,2884.6000,2884.8000,2885.2000,2885.4000,2886.0000,1,1,1,1,1,2,1,1,1,1
SF,IH2009,2020-02-19 09:31:20.900,2884.6000,4016,0,21637020.000,0,-,-,-,-,2882.2000,2882.0000,2880.6000,2878.0000,2877.6000,2884.2000,2884.6000,2884.8000,2885.2000,2885.4000,1,1,1,1,1,5,2,1,1,1
SF,IH2009,2020-02-19 09:31:21.400,2884.6000,4016,0,21637020.000,0,-,-,-,-,2882.4000,2882.2000,2880.6000,2878.0000,2877.6000,2884.2000,2884.6000,2884.8000,2885.2000,2885.4000,1,1,1,1,1,5,2,1,1,1
SF,IH2009,2020-02-19 09:31:22.900,2884.6000,4016,0,21637020.000,0,-,-,-,-,2882.4000,2882.2000,2880.6000,2878.0000,2877.6000,2884.0000,2884.2000,2884.6000,2884.8000,2885.2000,1,1,1,1,1,2,5,2,1,1
SF,IH2009,2020-02-19 09:31:23.400,2882.4000,4015,-1,22501740.000,1,0,1,双平,S,2882.2000,2880.6000,2878.0000,2877.6000,2875.0000,2882.4000,2883.8000,2884.0000,2884.2000,2884.6000,1,1,1,1,3,1,1,2,5,2
SF,IH2009,2020-02-19 09:31:23.900,2882.4000,4014,-1,23366460.000,1,0,1,双平,S,2880.6000,2878.0000,2877.6000,2875.0000,2873.2000,2883.8000,2884.2000,2884.6000,2884.8000,2885.2000,1,1,1,3,1,1,5,2,1,1
SF,IH2009,2020-02-19 09:31:24.400,2882.4000,4014,0,23366460.000,0,-,-,-,-,2880.8000,2880.6000,2878.0000,2877.6000,2875.0000,2883.8000,2884.2000,2884.6000,2884.8000,2885.2000,2,1,1,1,3,1,5,2,1,1
SF,IH2009,2020-02-19 09:31:27.900,2882.4000,4014,0,23366460.000,0,-,-,-,-,2880.8000,2880.6000,2878.0000,2877.6000,2875.0000,2884.2000,2884.6000,2884.8000,2885.2000,2885.4000,2,1,1,1,3,5,2,1,1,1
SF,IH2009,2020-02-19 09:31:28.400,2882.4000,4014,0,23366460.000,0,-,-,-,-,2880.8000,2880.6000,2878.0000,2877.6000,2875.0000,2884.0000,2884.2000,2884.6000,2884.8000,2885.2000,2,1,1,1,3,3,5,2,1,1
SF,IH2009,2020-02-19 09:31:28.900,2882.4000,4014,0,23366460.000,0,-,-,-,-,2881.0000,2880.8000,2880.6000,2878.0000,2877.6000,2884.0000,2884.2000,2884.6000,2884.8000,2885.2000,1,2,1,1,1,3,5,2,1,1
SF,IH2009,2020-02-19 09:31:29.400,2882.4000,4014,0,23366460.000,0,-,-,-,-,2881.2000,2881.0000,2880.8000,2880.6000,2878.0000,2884.0000,2884.2000,2884.6000,2884.8000,2885.2000,1,1,1,1,1,3,5,2,1,1
SF,IH2009,2020-02-19 09:31:29.900,2882.4000,4014,0,23366460.000,0,-,-,-,-,2881.2000,2881.0000,2880.6000,2878.0000,2877.6000,2884.0000,2884.2000,2884.6000,2884.8000,2885.2000,1,1,1,1,1,3,5,2,1,1
SF,IH2009,2020-02-19 09:31:30.400,2882.4000,4014,0,23366460.000,0,-,-,-,-,2881.2000,2881.0000,2880.6000,2878.0000,2877.6000,2884.0000,2884.2000,2884.6000,2884.8000,2885.2000,1,1,1,1,1,3,10,2,1,1
SF,IH2009,2020-02-19 09:31:30.900,2882.4000,4014,0,23366460.000,0,-,-,-,-,2881.2000,2881.0000,2880.6000,2878.0000,2877.6000,2884.0000,2884.2000,2884.6000,2884.8000,2885.2000,1,1,1,1,1,3,5,2,1,1
SF,IH2009,2020-02-19 09:31:31.400,2882.4000,4014,0,23366460.000,0,-,-,-,-,2881.2000,2881.0000,2880.6000,2878.0000,2877.6000,2884.0000,2884.2000,2884.6000,2884.8000,2885.2000,1,1,1,1,1,3,5,2,1,1
SF,IH2009,2020-02-19 09:31:31.900,2882.4000,4014,0,23366460.000,0,-,-,-,-,2881.2000,2881.0000,2880.6000,2878.0000,2877.6000,2884.0000,2884.2000,2884.6000,2884.8000,2885.2000,1,1,1,1,1,3,5,2,1,1
SF,IH2009,2020-02-19 09:31:32.400,2882.4000,4014,0,23366460.000,0,-,-,-,-,2881.2000,2881.0000,2880.6000,2878.0000,2877.6000,2884.0000,2884.2000,2884.6000,2884.8000,2885.2000,1,1,1,1,1,3,5,2,1,1
SF,IH2009,2020-02-19 09:31:32.900,2882.4000,4014,0,23366460.000,0,-,-,-,-,2881.2000,2881.0000,2880.6000,2878.0000,2877.6000,2884.0000,2884.2000,2884.6000,2884.8000,2885.2000,1,1,1,1,1,3,5,2,1,1
SF,IH2009,2020-02-19 09:31:33.400,2882.4000,4014,0,23366460.000,0,-,-,-,-,2881.2000,2881.0000,2880.6000,2878.0000,2877.6000,2884.0000,2884.2000,2884.6000,2884.8000,2885.2000,1,1,1,1,1,3,5,2,1,1
SF,IH2009,2020-02-19 09:31:33.900,2882.4000,4014,0,23366460.000,0,-,-,-,-,2881.2000,2881.0000,2880.6000,2878.0000,2877.6000,2884.0000,2884.2000,2884.6000,2884.8000,2885.2000,1,1,1,1,1,3,5,2,1,1
SF,IH2009,2020-02-19 09:31:34.400,2882.4000,4014,0,23366460.000,0,-,-,-,-,2881.2000,2881.0000,2880.6000,2878.0000,2877.6000,2884.0000,2884.2000,2884.6000,2884.8000,2885.2000,1,1,1,1,1,3,5,2,1,1
SF,IH2009,2020-02-19 09:31:34.900,2882.4000,4014,0,23366460.000,0,-,-,-,-,2881.2000,2881.0000,2880.6000,2878.0000,2877.6000,2884.0000,2884.2000,2884.6000,2884.8000,2885.2000,1,1,1,1,1,3,5,2,1,1
SF,IH2009,2020-02-19 09:31:38.900,2882.4000,4014,0,23366460.000,0,-,-,-,-,2881.2000,2881.0000,2878.0000,2877.6000,2875.0000,2884.0000,2884.2000,2884.6000,2884.8000,2885.2000,1,1,1,1,3,3,5,2,1,1
SF,IH2009,2020-02-19 09:31:39.400,2882.4000,4014,0,23366460.000,0,-,-,-,-,2881.4000,2881.2000,2881.0000,2878.0000,2877.6000,2884.0000,2884.2000,2884.6000,2884.8000,2885.2000,2,1,1,1,1,2,5,2,1,1
SF,IH2009,2020-02-19 09:31:39.900,2882.4000,4014,0,23366460.000,0,-,-,-,-,2881.6000,2881.4000,2881.0000,2878.0000,2877.6000,2884.0000,2884.2000,2884.6000,2884.8000,2885.2000,3,4,1,1,1,1,5,2,1,1
SF,IH2009,2020-02-19 09:31:40.400,2882.4000,4014,0,23366460.000,0,-,-,-,-,2881.8000,2881.6000,2881.4000,2881.0000,2878.0000,2884.0000,2884.2000,2884.6000,2884.8000,2885.2000,2,3,3,1,1,1,5,2,1,1
SF,IH2009,2020-02-19 09:31:40.900,2882.0000,4013,-1,25095660.000,2,0,2,多平,S,2882.0000,2881.8000,2881.4000,2881.0000,2878.0000,2884.0000,2884.2000,2884.6000,2884.8000,2885.2000,2,6,1,1,1,1,5,2,1,1
SF,IH2009,2020-02-19 09:31:41.400,2882.0000,4013,0,25095660.000,0,-,-,-,-,2882.2000,2882.0000,2881.8000,2881.4000,2881.0000,2884.0000,2884.2000,2884.8000,2885.2000,2885.4000,1,2,5,1,1,1,5,1,1,1
SF,IH2009,2020-02-19 09:31:41.900,2884.0000,4012,-1,25960860.000,1,0,1,双平,S,2882.2000,2881.8000,2881.4000,2881.0000,2878.0000,2884.2000,2885.2000,2886.0000,2886.4000,2891.0000,3,2,1,1,1,5,1,1,1,1
SF,IH2009,2020-02-19 09:31:42.400,2884.0000,4012,0,25960860.000,0,-,-,-,-,2882.4000,2882.2000,2881.8000,2881.4000,2881.0000,2884.2000,2886.0000,2886.4000,2891.0000,2891.2000,2,3,2,1,1,5,1,1,1,2
SF,IH2009,2020-02-19 09:31:42.900,2884.0000,4012,0,25960860.000,0,-,-,-,-,2882.6000,2882.4000,2882.2000,2881.8000,2881.4000,2884.2000,2886.0000,2886.4000,2891.0000,2891.2000,1,2,3,2,1,5,1,1,1,2
SF,IH2009,2020-02-19 09:31:43.400,2884.0000,4012,0,25960860.000,0,-,-,-,-,2882.8000,2882.6000,2882.4000,2882.2000,2881.8000,2884.2000,2886.0000,2886.4000,2891.0000,2891.2000,1,1,1,3,2,5,1,1,1,2
SF,IH2009,2020-02-19 09:31:43.900,2884.0000,4012,0,25960860.000,0,-,-,-,-,2882.8000,2882.6000,2882.4000,2882.2000,2881.8000,2884.2000,2886.0000,2886.4000,2891.0000,2891.2000,1,1,1,1,2,5,1,1,1,2
SF,IH2009,2020-02-19 09:31:44.400,2884.0000,4012,0,25960860.000,0,-,-,-,-,2882.8000,2882.6000,2882.4000,2882.2000,2881.8000,2884.2000,2886.0000,2886.4000,2891.0000,2891.2000,1,1,1,1,1,5,1,1,1,2
SF,IH2009,2020-02-19 09:31:44.900,2884.0000,4012,0,25960860.000,0,-,-,-,-,2882.8000,2882.6000,2881.8000,2881.0000,2878.0000,2884.2000,2886.0000,2886.4000,2891.0000,2891.2000,1,1,1,1,1,5,1,1,1,2
SF,IH2009,2020-02-19 09:31:45.400,2884.0000,4012,0,25960860.000,0,-,-,-,-,2882.8000,2881.8000,2881.0000,2878.0000,2877.6000,2884.2000,2886.0000,2886.4000,2891.0000,2891.2000,1,1,1,1,1,5,1,1,1,2
SF,IH2009,2020-02-19 09:31:46.400,2884.0000,4012,0,25960860.000,0,-,-,-,-,2882.8000,2881.8000,2878.0000,2877.6000,2875.0000,2884.2000,2886.0000,2886.4000,2891.0000,2891.2000,1,1,1,1,3,5,1,1,1,2
SF,IH2009,2020-02-19 09:31:47.400,2884.0000,4012,0,25960860.000,0,-,-,-,-,2882.8000,2881.8000,2878.0000,2877.6000,2875.0000,2884.2000,2886.0000,2886.4000,2891.0000,2891.2000,1,1,1,1,3,5,1,1,1,2
SF,IH2009,2020-02-19 09:31:48.400,2884.0000,4012,0,25960860.000,0,-,-,-,-,2881.8000,2878.0000,2877.6000,2875.0000,2870.0000,2884.2000,2886.0000,2886.4000,2891.0000,2891.2000,1,1,1,3,2,5,1,1,1,2
SF,IH2009,2020-02-19 09:31:48.900,2884.0000,4012,0,25960860.000,0,-,-,-,-,2882.8000,2882.0000,2881.8000,2878.0000,2877.6000,2884.2000,2886.0000,2886.4000,2891.0000,2891.2000,1,3,1,1,1,5,1,1,1,2
SF,IH2009,2020-02-19 09:31:49.900,2884.0000,4012,0,25960860.000,0,-,-,-,-,2882.8000,2882.0000,2881.8000,2878.0000,2877.6000,2884.2000,2886.0000,2886.4000,2891.0000,2891.2000,1,1,1,1,1,5,1,1,1,2
SF,IH2009,2020-02-19 09:31:50.400,2884.0000,4012,0,25960860.000,0,-,-,-,-,2883.0000,2882.8000,2882.0000,2881.8000,2878.0000,2884.2000,2886.0000,2886.4000,2891.0000,2891.2000,1,1,1,1,1,5,1,1,1,2
SF,IH2009,2020-02-19 09:31:50.900,2884.2000,4012,0,30287160.000,5,2,3,多换,S,2883.0000,2882.8000,2882.2000,2882.0000,2881.8000,2886.4000,2891.0000,2891.2000,2891.6000,2891.8000,2,1,1,1,1,1,1,2,1,5
SF,IH2009,2020-02-19 09:31:51.400,2884.2000,4012,0,30287160.000,0,-,-,-,-,2883.0000,2882.2000,2882.0000,2881.8000,2878.0000,2886.0000,2886.2000,2886.4000,2891.0000,2891.2000,2,1,1,1,1,1,1,1,1,2
SF,IH2009,2020-02-19 09:31:51.900,2884.2000,4012,0,30287160.000,0,-,-,-,-,2883.0000,2882.2000,2882.0000,2881.8000,2878.0000,2885.8000,2886.0000,2886.4000,2891.0000,2891.2000,1,1,1,1,1,1,1,1,1,2
SF,IH2009,2020-02-19 09:31:52.900,2884.2000,4012,0,30287160.000,0,-,-,-,-,2883.2000,2883.0000,2882.2000,2882.0000,2881.8000,2885.8000,2886.0000,2886.4000,2891.0000,2891.2000,1,1,1,1,1,1,1,1,1,2
SF,IH2009,2020-02-19 09:31:53.400,2884.2000,4012,0,30287160.000,0,-,-,-,-,2883.2000,2883.0000,2882.2000,2881.8000,2878.0000,2885.8000,2886.0000,2886.4000,2891.0000,2891.2000,1,1,1,1,1,1,1,1,1,2
SF,IH2009,2020-02-19 09:31:54.400,2883.2000,4012,0,31152120.000,1,0,1,多换,S,2883.0000,2882.2000,2881.8000,2878.0000,2877.6000,2885.8000,2886.0000,2886.4000,2891.0000,2891.2000,1,1,1,1,1,1,1,1,1,2
SF,IH2009,2020-02-19 09:31:54.900,2883.2000,4012,0,31152120.000,0,-,-,-,-,2883.4000,2883.0000,2882.2000,2881.8000,2878.0000,2885.8000,2886.0000,2886.4000,2891.0000,2891.2000,1,1,1,1,1,1,1,1,1,2
SF,IH2009,2020-02-19 09:31:56.400,2883.2000,4012,0,31152120.000,0,-,-,-,-,2883.4000,2883.0000,2882.2000,2881.8000,2878.0000,2885.6000,2885.8000,2886.0000,2886.4000,2891.0000,1,1,1,1,1,1,1,1,1,1
SF,IH2009,2020-02-19 09:31:56.900,2883.2000,4012,0,31152120.000,0,-,-,-,-,2883.4000,2883.0000,2882.2000,2881.8000,2878.0000,2885.4000,2885.6000,2886.0000,2886.4000,2891.0000,1,1,1,1,1,1,1,1,1,1
SF,IH2009,2020-02-19 09:31:58.900,2883.2000,4012,0,31152120.000,0,-,-,-,-,2883.4000,2883.0000,2882.2000,2881.8000,2878.0000,2885.4000,2886.0000,2886.4000,2891.0000,2891.2000,1,1,1,1,1,1,1,1,1,2
SF,IH2009,2020-02-19 09:31:59.400,2885.2000,4013,1,32017680.000,1,1,0,双开,S,2883.0000,2882.2000,2881.8000,2881.0000,2878.0000,2885.4000,2886.0000,2886.4000,2891.0000,2891.2000,1,1,1,1,1,1,1,1,1,2
SF,IH2009,2020-02-19 09:31:59.900,2885.2000,4013,0,32017680.000,0,-,-,-,-,2883.0000,2882.2000,2881.8000,2881.0000,2878.0000,2885.2000,2885.4000,2886.0000,2886.4000,2891.0000,2,1,1,1,1,2,1,1,1,1
SF,IH2009,2020-02-19 09:32:00.400,2885.2000,4013,0,32017680.000,0,-,-,-,-,2883.2000,2883.0000,2882.2000,2881.8000,2881.0000,2885.4000,2886.0000,2886.4000,2891.0000,2891.2000,1,2,1,1,1,1,1,1,1,2
SF,IH2009,2020-02-19 09:32:00.900,2885.2000,4013,0,32017680.000,0,-,-,-,-,2883.2000,2883.0000,2882.2000,2881.0000,2878.0000,2885.4000,2886.0000,2886.4000,2891.0000,2891.2000,2,2,1,1,1,1,1,1,1,2
SF,IH2009,2020-02-19 09:32:01.400,2885.2000,4013,0,32017680.000,0,-,-,-,-,2883.2000,2883.0000,2882.2000,2881.0000,2878.0000,2885.4000,2886.0000,2886.4000,2891.0000,2891.2000,2,2,1,1,1,1,1,1,1,2
SF,IH2009,2020-02-19 09:32:01.900,2885.2000,4013,0,32017680.000,0,-,-,-,-,2883.2000,2883.0000,2882.2000,2881.0000,2878.0000,2885.0000,2886.0000,2886.4000,2891.0000,2891.2000,2,2,1,1,1,1,1,1,1,2
SF,IH2009,2020-02-19 09:32:02.400,2885.2000,4013,0,32017680.000,0,-,-,-,-,2883.4000,2883.2000,2883.0000,2882.2000,2881.0000,2885.0000,2886.0000,2886.4000,2891.0000,2891.2000,1,2,2,1,1,1,1,1,1,2
SF,IH2009,2020-02-19 09:32:02.900,2885.2000,4013,0,32017680.000,0,-,-,-,-,2883.6000,2883.4000,2883.2000,2883.0000,2882.2000,2886.0000,2886.4000,2891.0000,2891.2000,2891.6000,1,1,2,2,1,1,1,1,2,1
SF,IH2009,2020-02-19 09:32:03.400,2885.2000,4013,0,32017680.000,0,-,-,-,-,2883.8000,2883.6000,2883.2000,2883.0000,2882.2000,2886.0000,2886.4000,2891.0000,2891.2000,2891.6000,1,1,2,2,1,1,1,1,2,1
SF,IH2009,2020-02-19 09:32:03.900,2885.2000,4013,0,32017680.000,0,-,-,-,-,2883.8000,2883.6000,2883.2000,2883.0000,2882.2000,2886.4000,2891.0000,2891.2000,2891.6000,2891.8000,1,1,2,2,1,1,1,2,1,5
SF,IH2009,2020-02-19 09:32:04.400,2885.2000,4013,0,32017680.000,0,-,-,-,-,2884.0000,2883.8000,2883.6000,2883.2000,2883.0000,2886.4000,2891.0000,2891.2000,2891.6000,2891.8000,1,1,1,2,2,1,1,2,1,5
SF,IH2009,2020-02-19 09:32:06.400,2885.2000,4013,0,32017680.000,0,-,-,-,-,2884.0000,2883.8000,2883.6000,2883.2000,2883.0000,2886.4000,2888.6000,2891.0000,2891.2000,2891.6000,1,1,1,2,2,1,1,1,2,1
SF,IH2009,2020-02-19 09:32:06.900,2885.2000,4013,0,32017680.000,0,-,-,-,-,2884.0000,2883.8000,2883.6000,2883.2000,2883.0000,2886.4000,2891.0000,2891.2000,2891.6000,2891.8000,1,1,1,2,2,1,1,2,1,5
SF,IH2009,2020-02-19 09:32:07.900,2885.2000,4013,0,32017680.000,0,-,-,-,-,2884.0000,2883.8000,2883.6000,2883.2000,2883.0000,2886.0000,2886.4000,2891.0000,2891.2000,2891.6000,1,1,1,3,2,1,1,1,2,1
SF,IH2009,2020-02-19 09:32:08.400,2885.2000,4013,0,32017680.000,0,-,-,-,-,2884.0000,2883.8000,2883.6000,2883.2000,2883.0000,2886.0000,2886.2000,2886.4000,2891.0000,2891.2000,1,1,1,3,2,2,1,1,1,2
SF,IH2009,2020-02-19 09:32:08.900,2885.2000,4013,0,32017680.000,0,-,-,-,-,2884.0000,2883.6000,2883.2000,2883.0000,2881.0000,2886.0000,2886.2000,2886.4000,2891.0000,2891.2000,1,1,3,2,1,2,1,1,1,2
SF,IH2009,2020-02-19 09:32:09.400,2885.2000,4013,0,32017680.000,0,-,-,-,-,2884.0000,2883.6000,2883.2000,2883.0000,2881.0000,2885.8000,2886.0000,2886.4000,2891.0000,2891.2000,1,1,3,2,1,1,1,1,1,2
SF,IH2009,2020-02-19 09:32:10.400,2885.2000,4013,0,32017680.000,0,-,-,-,-,2884.0000,2883.6000,2883.2000,2883.0000,2881.0000,2885.8000,2886.0000,2886.4000,2891.0000,2891.2000,1,1,3,2,1,1,2,1,1,2
SF,IH2009,2020-02-19 09:32:10.900,2885.2000,4013,0,32017680.000,0,-,-,-,-,2884.0000,2883.6000,2883.2000,2883.0000,2881.0000,2885.8000,2886.0000,2886.4000,2891.0000,2891.2000,1,1,3,2,1,1,1,1,1,2
SF,IH2009,2020-02-19 09:32:11.400,2885.2000,4013,0,32017680.000,0,-,-,-,-,2884.0000,2883.6000,2883.2000,2883.0000,2881.0000,2885.8000,2886.0000,2886.4000,2891.0000,2891.2000,1,1,3,2,1,1,2,1,1,2
SF,IH2009,2020-02-19 09:32:12.400,2885.2000,4013,0,32017680.000,0,-,-,-,-,2884.0000,2883.6000,2883.2000,2883.0000,2881.0000,2885.8000,2886.0000,2886.4000,2891.0000,2891.2000,1,1,3,2,1,1,1,1,1,2
SF,IH2009,2020-02-19 09:32:12.900,2885.2000,4013,0,32017680.000,0,-,-,-,-,2884.0000,2883.6000,2883.2000,2883.0000,2881.0000,2885.8000,2886.4000,2891.0000,2891.2000,2891.6000,1,1,3,1,1,1,1,1,2,1
SF,IH2009,2020-02-19 09:32:13.400,2885.2000,4013,0,32017680.000,0,-,-,-,-,2884.0000,2883.6000,2883.2000,2883.0000,2881.0000,2886.4000,2891.0000,2891.2000,2891.6000,2891.8000,1,1,3,1,1,1,1,2,1,5
SF,IH2009,2020-02-19 09:32:13.900,2885.2000,4013,0,32017680.000,0,-,-,-,-,2884.2000,2884.0000,2883.6000,2883.2000,2883.0000,2886.4000,2891.0000,2891.2000,2891.6000,2891.8000,1,1,1,3,1,1,1,2,1,5
SF,IH2009,2020-02-19 09:32:14.400,2885.2000,4013,0,32017680.000,0,-,-,-,-,2884.4000,2884.2000,2884.0000,2883.6000,2883.2000,2886.4000,2891.0000,2891.2000,2891.6000,2891.8000,1,1,1,1,3,1,1,2,1,5
SF,IH2009,2020-02-19 09:32:14.900,2885.2000,4013,0,32017680.000,0,-,-,-,-,2884.4000,2884.2000,2884.0000,2883.6000,2883.2000,2891.0000,2891.2000,2891.6000,2891.8000,2892.0000,1,1,1,1,3,1,2,1,5,2
SF,IH2009,2020-02-19 09:32:15.400,2885.2000,4013,0,32017680.000,0,-,-,-,-,2884.4000,2884.2000,2884.0000,2883.6000,2883.2000,2889.0000,2889.6000,2890.8000,2891.0000,2891.2000,1,1,1,1,3,1,1,2,5,3
SF,IH2009,2020-02-19 09:32:15.900,2885.2000,4013,0,32017680.000,0,-,-,-,-,2884.4000,2884.2000,2884.0000,2883.6000,2883.2000,2887.4000,2888.8000,2889.0000,2889.6000,2890.8000,1,1,1,1,3,1,2,1,1,1
SF,IH2009,2020-02-19 09:32:16.400,2885.2000,4013,0,32017680.000,0,-,-,-,-,2885.0000,2884.4000,2884.2000,2884.0000,2883.6000,2887.2000,2887.4000,2888.8000,2889.0000,2889.6000,1,1,1,1,1,1,1,1,1,1
SF,IH2009,2020-02-19 09:32:16.900,2885.2000,4013,0,32017680.000,0,-,-,-,-,2885.2000,2885.0000,2884.4000,2884.2000,2884.0000,2887.2000,2887.4000,2888.8000,2889.0000,2889.6000,1,1,1,1,1,1,1,1,1,1
SF,IH2009,2020-02-19 09:32:17.400,2885.2000,4013,0,32017680.000,0,-,-,-,-,2885.2000,2885.0000,2884.4000,2884.2000,2884.0000,2887.0000,2887.2000,2888.8000,2889.0000,2889.6000,1,1,1,1,1,1,1,1,1,1
SF,IH2009,2020-02-19 09:32:18.900,2885.2000,4013,0,32017680.000,0,-,-,-,-,2885.2000,2885.0000,2884.4000,2884.0000,2883.6000,2887.0000,2887.2000,2888.8000,2889.0000,2889.6000,1,1,1,1,1,1,1,1,1,1
SF,IH2009,2020-02-19 09:32:20.900,2885.2000,4013,0,32017680.000,0,-,-,-,-,2885.2000,2885.0000,2884.4000,2884.0000,2883.6000,2887.2000,2888.8000,2889.0000,2889.6000,2890.8000,1,1,1,1,1,1,1,1,1,1
SF,IH2009,2020-02-19 09:32:21.400,2885.2000,4013,0,32017680.000,0,-,-,-,-,2885.2000,2885.0000,2884.4000,2884.0000,2883.6000,2888.8000,2889.0000,2889.6000,2890.8000,2891.0000,2,1,1,1,1,1,1,1,1,2
SF,IH2009,2020-02-19 09:32:21.900,2885.2000,4013,0,32017680.000,0,-,-,-,-,2885.4000,2885.2000,2885.0000,2884.4000,2884.0000,2888.8000,2889.6000,2890.8000,2891.0000,2891.2000,1,2,1,1,1,1,1,1,2,3
SF,IH2009,2020-02-19 09:32:22.400,2885.2000,4013,0,32017680.000,0,-,-,-,-,2885.6000,2885.4000,2885.2000,2885.0000,2884.4000,2888.0000,2888.6000,2888.8000,2889.6000,2890.8000,1,1,2,1,1,1,1,1,1,1
SF,IH2009,2020-02-19 09:32:23.900,2885.2000,4013,0,32017680.000,0,-,-,-,-,2885.6000,2885.4000,2885.2000,2885.0000,2884.4000,2888.0000,2888.6000,2888.8000,2889.6000,2890.8000,1,1,2,1,1,1,1,1,1,1
SF,IH2009,2020-02-19 09:32:24.400,2885.2000,4013,0,32017680.000,0,-,-,-,-,2885.8000,2885.6000,2885.2000,2885.0000,2884.4000,2888.0000,2888.6000,2888.8000,2889.6000,2890.8000,1,1,2,1,1,1,1,1,1,1
SF,IH2009,2020-02-19 09:32:24.900,2885.2000,4013,0,32017680.000,0,-,-,-,-,2886.0000,2885.8000,2885.6000,2885.2000,2885.0000,2888.0000,2888.6000,2888.8000,2889.6000,2890.8000,1,1,1,2,1,1,1,1,1,1
SF,IH2009,2020-02-19 09:32:25.400,2885.2000,4013,0,32017680.000,0,-,-,-,-,2886.0000,2885.8000,2885.6000,2885.2000,2885.0000,2888.6000,2888.8000,2889.6000,2890.8000,2891.0000,1,1,1,3,1,1,1,1,1,1
SF,IH2009,2020-02-19 09:32:25.900,2885.2000,4013,0,32017680.000,0,-,-,-,-,2886.0000,2885.6000,2885.2000,2885.0000,2884.4000,2887.8000,2888.4000,2888.6000,2888.8000,2889.6000,1,1,3,1,1,1,1,1,1,1
SF,IH2009,2020-02-19 09:32:26.400,2885.2000,4013,0,32017680.000,0,-,-,-,-,2886.0000,2885.6000,2885.2000,2885.0000,2884.4000,2887.8000,2888.4000,2888.6000,2888.8000,2889.6000,1,1,3,1,1,1,1,1,1,1
SF,IH2009,2020-02-19 09:32:26.900,2885.2000,4013,0,32017680.000,0,-,-,-,-,2886.0000,2885.6000,2885.2000,2885.0000,2884.0000,2887.6000,2887.8000,2888.4000,2888.8000,2889.6000,1,1,3,1,1,1,1,1,1,1
SF,IH2009,2020-02-19 09:32:27.400,2885.6000,4014,1,32883360.000,1,1,0,双开,S,2885.8000,2885.6000,2885.2000,2885.0000,2884.0000,2887.4000,2887.6000,2887.8000,2888.4000,2888.8000,1,1,2,1,1,2,2,1,1,1
SF,IH2009,2020-02-19 09:32:27.900,2885.6000,4014,0,32883360.000,0,-,-,-,-,2886.2000,2885.8000,2885.6000,2885.2000,2885.0000,2887.2000,2887.4000,2887.6000,2887.8000,2888.4000,1,1,1,2,1,1,2,1,1,1
SF,IH2009,2020-02-19 09:32:28.400,2885.6000,4014,0,32883360.000,0,-,-,-,-,2886.2000,2885.8000,2885.6000,2885.2000,2885.0000,2887.0000,2887.2000,2887.4000,2887.8000,2888.4000,1,1,1,2,1,1,1,2,1,1
SF,IH2009,2020-02-19 09:32:28.900,2885.6000,4014,0,32883360.000,0,-,-,-,-,2886.2000,2885.8000,2885.2000,2885.0000,2884.0000,2887.0000,2887.2000,2887.4000,2887.8000,2888.4000,1,1,2,1,1,1,1,2,1,1
SF,IH2009,2020-02-19 09:32:29.400,2885.6000,4014,0,32883360.000,0,-,-,-,-,2885.8000,2885.2000,2885.0000,2884.0000,2883.2000,2887.0000,2887.2000,2887.4000,2887.8000,2888.4000,1,2,1,1,1,1,1,2,1,1
SF,IH2009,2020-02-19 09:32:30.400,2885.6000,4014,0,32883360.000,0,-,-,-,-,2885.8000,2885.6000,2885.2000,2885.0000,2884.0000,2887.0000,2887.2000,2887.4000,2887.8000,2888.4000,1,1,2,1,1,1,1,2,1,1
SF,IH2009,2020-02-19 09:32:30.900,2885.6000,4014,0,32883360.000,0,-,-,-,-,2885.8000,2885.6000,2885.2000,2885.0000,2884.0000,2887.0000,2887.2000,2887.8000,2888.4000,2888.8000,1,1,2,1,1,1,1,1,1,1
SF,IH2009,2020-02-19 09:32:32.900,2885.6000,4014,0,32883360.000,0,-,-,-,-,2885.8000,2885.6000,2885.2000,2885.0000,2884.0000,2886.4000,2887.0000,2887.2000,2887.8000,2888.4000,1,1,2,1,1,1,1,1,1,1
SF,IH2009,2020-02-19 09:32:33.400,2885.6000,4014,0,32883360.000,0,-,-,-,-,2885.8000,2885.6000,2885.2000,2885.0000,2884.0000,2887.0000,2887.2000,2887.8000,2888.4000,2888.8000,1,1,2,1,1,1,1,1,1,1
SF,IH2009,2020-02-19 09:32:33.900,2885.6000,4014,0,32883360.000,0,-,-,-,-,2885.8000,2885.6000,2885.2000,2885.0000,2884.0000,2886.4000,2886.8000,2887.0000,2887.8000,2888.4000,1,1,2,1,1,1,2,1,1,1
SF,IH2009,2020-02-19 09:32:35.900,2885.6000,4014,0,32883360.000,0,-,-,-,-,2885.8000,2885.6000,2885.2000,2885.0000,2884.0000,2886.8000,2887.0000,2887.8000,2888.4000,2888.8000,1,1,2,1,1,1,1,1,1,1
SF,IH2009,2020-02-19 09:32:37.400,2885.6000,4014,0,32883360.000,0,-,-,-,-,2886.0000,2885.8000,2885.6000,2885.2000,2885.0000,2886.8000,2887.0000,2887.8000,2888.4000,2888.8000,1,1,1,2,1,1,1,1,1,1
SF,IH2009,2020-02-19 09:32:38.900,2886.8000,4014,0,33749400.000,1,0,1,多换,S,2886.8000,2886.0000,2885.8000,2885.6000,2885.2000,2887.0000,2887.8000,2888.4000,2888.8000,2889.6000,1,1,1,1,2,1,1,1,1,1
SF,IH2009,2020-02-19 09:32:39.400,2886.8000,4015,1,34615440.000,1,1,0,双开,S,2886.8000,2886.0000,2885.8000,2885.6000,2885.2000,2887.0000,2887.8000,2888.8000,2889.6000,2890.8000,1,1,1,1,2,1,1,1,1,1
SF,IH2009,2020-02-19 09:32:39.900,2887.0000,4014,-1,35481540.000,1,0,1,双平,S,2886.8000,2886.0000,2885.8000,2885.6000,2885.2000,2887.8000,2888.8000,2889.6000,2890.8000,2891.0000,1,1,1,1,2,1,1,1,1,1
SF,IH2009,2020-02-19 09:32:41.400,2886.8000,4015,1,36347580.000,1,1,0,双开,S,2886.8000,2886.0000,2885.8000,2885.6000,2885.2000,2887.8000,2888.8000,2889.6000,2890.8000,2891.0000,1,1,1,1,1,1,1,1,1,1
SF,IH2009,2020-02-19 09:32:41.900,2886.8000,4015,0,36347580.000,0,-,-,-,-,2886.8000,2886.0000,2885.8000,2885.6000,2885.2000,2888.8000,2889.6000,2890.8000,2891.0000,2891.2000,1,1,1,1,1,1,1,1,1,3
SF,IH2009,2020-02-19 09:32:42.400,2886.8000,4015,0,36347580.000,0,-,-,-,-,2886.8000,2886.0000,2885.8000,2885.6000,2885.2000,2888.6000,2888.8000,2889.6000,2890.8000,2891.0000,1,1,1,1,1,3,1,1,1,1
SF,IH2009,2020-02-19 09:32:42.900,2886.8000,4015,0,36347580.000,0,-,-,-,-,2886.8000,2886.0000,2885.8000,2885.2000,2885.0000,2888.6000,2888.8000,2889.6000,2890.8000,2891.0000,1,1,1,1,1,3,1,1,1,1
SF,IH2009,2020-02-19 09:32:43.400,2886.8000,4015,0,36347580.000,0,-,-,-,-,2886.8000,2886.0000,2885.8000,2885.2000,2885.0000,2888.6000,2888.8000,2889.6000,2890.8000,2891.0000,1,1,1,1,1,3,1,1,1,1
SF,IH2009,2020-02-19 09:32:43.900,2886.8000,4015,0,37213620.000,1,0,1,多换,S,2886.0000,2885.8000,2885.2000,2885.0000,2884.0000,2886.8000,2888.6000,2888.8000,2889.6000,2890.8000,1,1,1,1,1,1,3,1,1,1
SF,IH2009,2020-02-19 09:32:44.400,2886.8000,4015,0,38079660.000,1,0,1,多换,S,2886.0000,2885.8000,2885.2000,2885.0000,2884.0000,2888.6000,2888.8000,2889.6000,2890.8000,2891.0000,1,1,1,1,1,1,1,1,1,1
SF,IH2009,2020-02-19 09:32:44.900,2886.8000,4015,0,38079660.000,0,-,-,-,-,2886.2000,2886.0000,2885.8000,2885.2000,2885.0000,2888.4000,2888.6000,2888.8000,2889.6000,2890.8000,1,1,1,1,1,2,1,1,1,1
SF,IH2009,2020-02-19 09:32:45.400,2886.8000,4015,0,38079660.000,0,-,-,-,-,2886.2000,2886.0000,2885.8000,2885.2000,2885.0000,2888.2000,2888.4000,2888.6000,2888.8000,2889.6000,1,1,1,1,1,1,2,1,1,1
SF,IH2009,2020-02-19 09:32:48.400,2888.2000,4016,1,38946120.000,1,1,0,双开,S,2886.2000,2886.0000,2885.8000,2885.2000,2885.0000,2888.4000,2888.6000,2888.8000,2889.6000,2890.8000,1,1,1,1,1,2,1,1,1,1
SF,IH2009,2020-02-19 09:32:48.900,2888.2000,4016,0,38946120.000,0,-,-,-,-,2886.0000,2885.8000,2885.2000,2885.0000,2884.0000,2888.2000,2888.4000,2888.6000,2888.8000,2889.6000,1,1,1,1,1,1,2,1,1,1
SF,IH2009,2020-02-19 09:32:49.400,2888.2000,4016,0,38946120.000,0,-,-,-,-,2886.0000,2885.8000,2885.2000,2885.0000,2884.0000,2888.0000,2888.2000,2888.4000,2888.6000,2888.8000,1,1,1,1,1,1,1,1,1,1
SF,IH2009,2020-02-19 09:32:49.900,2888.2000,4016,0,38946120.000,0,-,-,-,-,2886.2000,2886.0000,2885.8000,2885.2000,2885.0000,2888.0000,2888.4000,2888.6000,2888.8000,2889.6000,1,1,1,1,1,2,1,1,1,1
SF,IH2009,2020-02-19 09:32:51.400,2888.2000,4016,0,38946120.000,0,-,-,-,-,2886.0000,2885.8000,2885.2000,2885.0000,2884.0000,2887.8000,2888.0000,2888.4000,2888.6000,2888.8000,1,1,1,1,1,1,2,1,1,1
SF,IH2009,2020-02-19 09:32:52.900,2888.2000,4016,0,38946120.000,0,-,-,-,-,2886.0000,2885.8000,2885.2000,2885.0000,2884.0000,2887.8000,2888.0000,2888.4000,2888.6000,2888.8000,1,1,1,1,1,1,2,1,1,1
SF,IH2009,2020-02-19 09:32:53.400,2888.2000,4016,0,38946120.000,0,-,-,-,-,2886.2000,2886.0000,2885.8000,2885.2000,2885.0000,2888.0000,2888.4000,2888.6000,2888.8000,2889.6000,1,1,1,1,1,2,1,1,1,1
SF,IH2009,2020-02-19 09:32:56.400,2888.0000,4016,0,39812520.000,1,0,1,多换,S,2886.2000,2886.0000,2885.8000,2885.2000,2885.0000,2888.0000,2888.4000,2888.6000,2888.8000,2889.6000,1,1,1,1,1,1,1,1,1,1
SF,IH2009,2020-02-19 09:32:56.900,2888.0000,4016,0,39812520.000,0,-,-,-,-,2886.2000,2886.0000,2885.8000,2885.2000,2885.0000,2888.4000,2888.6000,2888.8000,2889.6000,2890.8000,1,1,1,1,1,1,1,1,1,1
SF,IH2009,2020-02-19 09:32:57.400,2888.0000,4016,0,39812520.000,0,-,-,-,-,2886.4000,2886.2000,2886.0000,2885.8000,2885.2000,2888.6000,2888.8000,2889.6000,2890.8000,2891.0000,2,1,1,1,1,1,1,1,1,1
SF,IH2009,2020-02-19 09:32:57.900,2888.0000,4016,0,39812520.000,0,-,-,-,-,2886.4000,2886.0000,2885.8000,2885.2000,2885.0000,2888.2000,2888.4000,2888.6000,2888.8000,2889.6000,2,1,1,1,1,1,1,1,1,1
SF,IH2009,2020-02-19 09:32:58.400,2888.0000,4016,0,39812520.000,0,-,-,-,-,2886.4000,2886.0000,2885.8000,2885.2000,2885.0000,2888.2000,2888.6000,2888.8000,2889.6000,2890.8000,2,1,1,1,1,1,1,1,1,1
SF,IH2009,2020-02-19 09:32:58.900,2888.0000,4016,0,39812520.000,0,-,-,-,-,2886.6000,2886.4000,2886.0000,2885.8000,2885.2000,2888.6000,2888.8000,2889.6000,2890.8000,2891.0000,1,2,1,1,1,1,1,1,1,1
SF,IH2009,2020-02-19 09:33:00.900,2888.0000,4016,0,39812520.000,0,-,-,-,-,2886.6000,2886.4000,2886.0000,2885.8000,2885.2000,2888.8000,2889.6000,2890.8000,2891.0000,2891.2000,1,2,1,1,1,1,1,1,1,3
SF,IH2009,2020-02-19 09:33:01.400,2888.0000,4016,0,39812520.000,0,-,-,-,-,2888.0000,2886.8000,2886.6000,2886.4000,2886.0000,2888.8000,2889.6000,2890.8000,2891.0000,2891.2000,1,1,1,1,1,1,1,1,1,3
SF,IH2009,2020-02-19 09:33:03.400,2888.0000,4016,0,39812520.000,0,-,-,-,-,2888.0000,2886.8000,2886.6000,2886.4000,2886.0000,2888.8000,2889.6000,2890.8000,2891.0000,2891.2000,1,1,1,1,1,1,1,1,1,3
SF,IH2009,2020-02-19 09:33:04.400,2888.0000,4016,0,39812520.000,0,-,-,-,-,2888.0000,2886.8000,2886.6000,2886.4000,2886.0000,2889.6000,2890.8000,2891.0000,2891.2000,2891.6000,1,1,1,1,1,1,1,1,3,1
SF,IH2009,2020-02-19 09:33:04.900,2888.0000,4016,0,39812520.000,0,-,-,-,-,2888.2000,2888.0000,2886.8000,2886.6000,2886.4000,2889.4000,2890.8000,2891.0000,2891.2000,2891.6000,1,1,1,1,1,2,1,1,3,1
SF,IH2009,2020-02-19 09:33:05.400,2888.0000,4016,0,39812520.000,0,-,-,-,-,2888.2000,2888.0000,2886.8000,2886.6000,2886.0000,2890.8000,2891.0000,2891.2000,2891.6000,2892.0000,1,1,1,1,1,1,1,3,1,2
SF,IH2009,2020-02-19 09:33:05.900,2888.0000,4016,0,39812520.000,0,-,-,-,-,2888.4000,2888.2000,2888.0000,2886.0000,2885.8000,2890.6000,2890.8000,2891.0000,2891.2000,2891.6000,2,1,1,1,1,3,1,1,3,1
SF,IH2009,2020-02-19 09:33:06.400,2888.0000,4016,0,39812520.000,0,-,-,-,-,2888.6000,2888.4000,2888.2000,2888.0000,2886.0000,2890.4000,2890.6000,2890.8000,2891.0000,2891.2000,1,1,1,1,1,1,3,1,1,3
SF,IH2009,2020-02-19 09:33:06.900,2888.0000,4016,0,39812520.000,0,-,-,-,-,2888.6000,2888.4000,2888.0000,2886.0000,2885.8000,2890.4000,2890.6000,2890.8000,2891.0000,2891.2000,1,1,1,1,1,1,3,1,1,3
SF,IH2009,2020-02-19 09:33:07.400,2888.0000,4016,0,39812520.000,0,-,-,-,-,2888.6000,2888.4000,2888.0000,2886.0000,2885.8000,2890.2000,2890.4000,2890.6000,2890.8000,2891.0000,1,1,1,1,1,1,1,3,1,1
SF,IH2009,2020-02-19 09:33:07.900,2888.0000,4016,0,39812520.000,0,-,-,-,-,2888.6000,2888.4000,2888.0000,2886.0000,2885.8000,2889.6000,2890.2000,2890.4000,2890.6000,2890.8000,1,1,1,1,1,1,1,1,3,1
SF,IH2009,2020-02-19 09:33:08.400,2888.0000,4016,0,39812520.000,0,-,-,-,-,2888.6000,2888.0000,2886.0000,2885.8000,2885.2000,2890.2000,2890.6000,2890.8000,2891.0000,2891.2000,1,1,1,1,1,1,3,1,1,3
SF,IH2009,2020-02-19 09:33:10.400,2888.0000,4016,0,39812520.000,0,-,-,-,-,2888.6000,2888.0000,2886.0000,2885.8000,2885.2000,2890.0000,2890.2000,2890.6000,2890.8000,2891.0000,1,1,1,1,1,1,1,3,1,1
SF,IH2009,2020-02-19 09:33:10.900,2888.0000,4016,0,39812520.000,0,-,-,-,-,2888.0000,2885.8000,2885.2000,2885.0000,2884.0000,2890.0000,2890.2000,2890.6000,2890.8000,2891.0000,1,1,1,1,1,1,1,3,1,1
SF,IH2009,2020-02-19 09:33:11.400,2888.0000,4016,0,39812520.000,0,-,-,-,-,2888.0000,2885.8000,2885.2000,2885.0000,2884.0000,2889.8000,2890.0000,2890.2000,2890.6000,2890.8000,1,1,1,1,1,1,1,1,3,1
SF,IH2009,2020-02-19 09:33:11.900,2888.0000,4016,0,39812520.000,0,-,-,-,-,2888.0000,2885.8000,2885.2000,2885.0000,2884.0000,2889.8000,2890.0000,2890.2000,2890.6000,2890.8000,1,1,1,1,1,2,1,1,3,1
SF,IH2009,2020-02-19 09:33:12.400,2888.0000,4016,0,39812520.000,0,-,-,-,-,2888.0000,2885.8000,2885.2000,2885.0000,2884.0000,2889.6000,2889.8000,2890.0000,2890.2000,2890.6000,1,1,1,1,1,1,1,1,1,3
SF,IH2009,2020-02-19 09:33:12.900,2888.0000,4016,0,39812520.000,0,-,-,-,-,2888.2000,2888.0000,2885.8000,2885.2000,2885.0000,2889.6000,2890.0000,2890.2000,2890.6000,2890.8000,1,1,1,1,1,1,1,1,3,1
SF,IH2009,2020-02-19 09:33:13.400,2888.0000,4016,0,39812520.000,0,-,-,-,-,2888.4000,2888.2000,2888.0000,2885.8000,2885.2000,2889.6000,2890.0000,2890.6000,2890.8000,2891.0000,1,1,1,1,1,1,1,3,1,1
SF,IH2009,2020-02-19 09:33:13.900,2889.6000,4015,-1,40679400.000,1,0,1,双平,S,2888.6000,2888.4000,2888.2000,2888.0000,2885.8000,2890.0000,2890.6000,2890.8000,2891.0000,2891.2000,1,1,1,1,1,1,3,1,1,3
SF,IH2009,2020-02-19 09:33:14.400,2889.6000,4015,0,40679400.000,0,-,-,-,-,2888.6000,2888.4000,2888.2000,2888.0000,2885.8000,2890.0000,2890.6000,2890.8000,2891.0000,2891.2000,1,2,1,1,1,1,3,1,1,3
SF,IH2009,2020-02-19 09:33:14.900,2890.0000,4015,0,41546400.000,1,0,1,多换,S,2888.8000,2888.6000,2888.4000,2888.2000,2888.0000,2890.6000,2890.8000,2891.0000,2891.2000,2891.6000,1,1,1,1,1,3,1,1,2,1
SF,IH2009,2020-02-19 09:33:15.400,2890.0000,4015,0,41546400.000,0,-,-,-,-,2889.0000,2888.8000,2888.4000,2888.2000,2888.0000,2890.6000,2890.8000,2891.0000,2891.2000,2891.6000,2,1,1,1,1,3,1,1,2,1
SF,IH2009,2020-02-19 09:33:15.900,2890.0000,4015,0,41546400.000,0,-,-,-,-,2889.2000,2889.0000,2888.4000,2888.2000,2888.0000,2890.8000,2891.0000,2891.2000,2891.6000,2892.0000,1,2,1,1,1,1,1,2,1,2
SF,IH2009,2020-02-19 09:33:16.400,2890.0000,4015,0,41546400.000,0,-,-,-,-,2890.6000,2889.4000,2889.2000,2889.0000,2888.4000,2891.6000,2892.0000,2894.0000,2895.0000,2895.6000,1,2,1,1,1,1,2,1,1,5
SF,IH2009,2020-02-19 09:33:16.900,2890.6000,4014,-1,43280760.000,2,0,2,多平,S,2889.4000,2889.0000,2888.4000,2888.0000,2885.8000,2891.2000,2891.6000,2892.0000,2894.0000,2895.0000,1,1,1,1,1,1,1,2,1,1
SF,IH2009,2020-02-19 09:33:17.400,2890.6000,4014,0,43280760.000,0,-,-,-,-,2889.4000,2889.0000,2888.4000,2888.0000,2885.8000,2891.0000,2891.4000,2891.6000,2892.0000,2894.0000,1,1,1,1,1,4,3,1,2,1
SF,IH2009,2020-02-19 09:33:17.900,2890.6000,4014,0,43280760.000,0,-,-,-,-,2889.4000,2888.4000,2888.0000,2885.8000,2885.2000,2890.8000,2891.6000,2892.0000,2894.0000,2895.0000,1,1,1,1,1,1,1,2,1,1
SF,IH2009,2020-02-19 09:33:18.400,2890.6000,4014,0,43280760.000,0,-,-,-,-,2888.4000,2888.0000,2885.8000,2885.2000,2885.0000,2890.8000,2891.2000,2892.0000,2894.0000,2895.0000,1,1,1,1,1,1,1,2,1,1
SF,IH2009,2020-02-19 09:33:18.900,2890.6000,4014,0,43280760.000,0,-,-,-,-,2888.6000,2888.4000,2888.0000,2885.8000,2885.2000,2892.0000,2894.0000,2895.0000,2895.6000,2896.0000,3,1,1,1,1,2,1,1,5,1
SF,IH2009,2020-02-19 09:33:19.400,2890.6000,4014,0,43280760.000,0,-,-,-,-,2888.6000,2888.4000,2888.0000,2885.8000,2885.2000,2891.2000,2891.8000,2892.0000,2894.0000,2895.0000,3,1,1,1,1,1,2,2,1,1
SF,IH2009,2020-02-19 09:33:19.900,2890.6000,4014,0,43280760.000,0,-,-,-,-,2888.6000,2888.4000,2888.0000,2885.8000,2885.2000,2891.8000,2892.0000,2894.0000,2895.0000,2895.6000,3,1,1,1,1,1,2,1,1,5
SF,IH2009,2020-02-19 09:33:20.400,2890.6000,4014,0,43280760.000,0,-,-,-,-,2888.6000,2888.4000,2888.0000,2885.8000,2885.2000,2891.6000,2892.0000,2894.0000,2895.0000,2895.6000,2,1,1,1,1,1,2,1,1,5
SF,IH2009,2020-02-19 09:33:20.900,2891.6000,4015,1,44148240.000,1,1,0,双开,S,2888.6000,2888.4000,2888.0000,2885.8000,2885.2000,2891.0000,2892.0000,2894.0000,2895.0000,2895.6000,2,1,1,1,1,1,2,1,1,5
SF,IH2009,2020-02-19 09:33:21.400,2891.6000,4015,0,44148240.000,0,-,-,-,-,2888.8000,2888.6000,2888.4000,2888.0000,2885.8000,2891.0000,2891.6000,2892.0000,2894.0000,2895.0000,1,2,1,1,1,1,1,2,1,1
SF,IH2009,2020-02-19 09:33:21.900,2891.6000,4015,0,44148240.000,0,-,-,-,-,2889.0000,2888.8000,2888.4000,2888.0000,2885.8000,2891.0000,2891.2000,2891.6000,2892.0000,2894.0000,2,1,1,1,1,1,1,1,2,1
SF,IH2009,2020-02-19 09:33:22.400,2891.6000,4015,0,44148240.000,0,-,-,-,-,2889.2000,2889.0000,2888.8000,2888.4000,2888.0000,2891.0000,2891.2000,2891.6000,2892.0000,2894.0000,1,2,1,1,1,1,1,1,2,1
SF,IH2009,2020-02-19 09:33:22.900,2891.6000,4015,0,44148240.000,0,-,-,-,-,2889.4000,2889.2000,2889.0000,2888.8000,2888.4000,2891.0000,2891.6000,2892.0000,2894.0000,2895.0000,1,1,1,1,1,1,1,2,1,1
SF,IH2009,2020-02-19 09:33:23.400,2891.6000,4015,0,44148240.000,0,-,-,-,-,2889.4000,2889.2000,2889.0000,2888.4000,2888.0000,2891.0000,2891.6000,2892.0000,2894.0000,2895.0000,1,1,1,1,1,1,1,2,1,1
SF,IH2009,2020-02-19 09:33:23.900,2891.6000,4015,0,44148240.000,0,-,-,-,-,2889.6000,2889.4000,2889.2000,2889.0000,2888.4000,2891.0000,2891.6000,2892.0000,2894.0000,2895.0000,1,1,1,1,1,1,1,2,1,1
SF,IH2009,2020-02-19 09:33:25.900,2891.0000,4014,-1,45015540.000,1,0,1,双平,S,2889.6000,2889.4000,2889.2000,2889.0000,2888.4000,2891.6000,2892.0000,2894.0000,2895.0000,2895.6000,1,1,1,1,1,1,2,1,1,5
SF,IH2009,2020-02-19 09:33:26.400,2891.0000,4014,0,45015540.000,0,-,-,-,-,2889.8000,2889.6000,2889.2000,2889.0000,2888.4000,2891.6000,2892.0000,2894.0000,2895.0000,2895.6000,1,1,1,1,1,1,2,1,1,5
SF,IH2009,2020-02-19 09:33:26.900,2891.0000,4014,0,45015540.000,0,-,-,-,-,2890.0000,2889.8000,2889.6000,2889.2000,2889.0000,2891.6000,2892.0000,2894.0000,2895.0000,2895.6000,1,1,1,1,1,1,2,1,1,5
SF,IH2009,2020-02-19 09:33:27.400,2891.0000,4014,0,45015540.000,0,-,-,-,-,2890.2000,2890.0000,2889.6000,2889.2000,2889.0000,2891.6000,2892.0000,2894.0000,2895.0000,2895.6000,1,1,1,1,1,1,2,1,1,5
SF,IH2009,2020-02-19 09:33:32.900,2891.0000,4014,0,45015540.000,0,-,-,-,-,2890.4000,2890.2000,2890.0000,2889.6000,2889.2000,2891.6000,2892.0000,2894.0000,2895.0000,2895.6000,1,1,1,1,1,1,2,1,1,5
SF,IH2009,2020-02-19 09:33:34.400,2891.0000,4014,0,45015540.000,0,-,-,-,-,2890.4000,2890.2000,2890.0000,2889.6000,2889.2000,2891.6000,2892.0000,2894.0000,2895.0000,2895.6000,2,1,1,1,1,1,2,1,1,5
SF,IH2009,2020-02-19 09:33:37.900,2891.0000,4014,0,45015540.000,0,-,-,-,-,2890.4000,2890.2000,2890.0000,2889.6000,2889.2000,2891.6000,2892.0000,2894.0000,2895.0000,2895.6000,2,1,1,1,1,1,2,1,1,5
SF,IH2009,2020-02-19 09:33:38.400,2891.0000,4014,0,45015540.000,0,-,-,-,-,2890.6000,2890.4000,2890.0000,2889.6000,2889.2000,2891.6000,2892.0000,2894.0000,2895.0000,2895.6000,1,2,1,1,1,1,2,1,1,5
SF,IH2009,2020-02-19 09:33:40.400,2891.6000,4013,-1,45883020.000,1,0,1,双平,S,2890.6000,2890.4000,2890.0000,2889.6000,2889.2000,2892.0000,2894.0000,2895.0000,2895.6000,2896.0000,1,2,1,1,1,2,1,1,5,1
SF,IH2009,2020-02-19 09:33:41.400,2891.6000,4013,0,45883020.000,0,-,-,-,-,2890.6000,2890.4000,2890.0000,2889.6000,2889.2000,2892.0000,2894.0000,2895.0000,2896.0000,2898.0000,2,2,1,1,1,2,1,1,1,1
SF,IH2009,2020-02-19 09:33:41.900,2892.0000,4012,-1,47618220.000,2,0,2,多平,S,2890.6000,2890.4000,2890.0000,2889.6000,2889.2000,2894.0000,2895.0000,2896.0000,2898.0000,2899.0000,1,2,1,1,1,1,1,1,1,1
SF,IH2009,2020-02-19 09:33:42.400,2892.0000,4012,0,47618220.000,0,-,-,-,-,2890.8000,2890.6000,2890.4000,2890.0000,2889.2000,2893.8000,2894.0000,2895.0000,2896.0000,2898.0000,1,1,2,1,1,3,1,1,1,1
SF,IH2009,2020-02-19 09:33:42.900,2892.0000,4012,0,47618220.000,0,-,-,-,-,2890.8000,2890.6000,2890.4000,2890.0000,2888.0000,2893.8000,2894.0000,2895.0000,2896.0000,2898.0000,1,1,2,1,1,3,1,1,1,1
SF,IH2009,2020-02-19 09:33:43.400,2892.0000,4012,0,47618220.000,0,-,-,-,-,2890.8000,2890.6000,2890.4000,2888.0000,2885.2000,2893.8000,2894.0000,2895.0000,2896.0000,2898.0000,1,1,2,1,1,3,1,1,1,1
SF,IH2009,2020-02-19 09:33:43.900,2892.0000,4012,0,47618220.000,0,-,-,-,-,2890.8000,2890.4000,2888.0000,2885.2000,2885.0000,2893.8000,2894.0000,2895.0000,2896.0000,2898.0000,1,2,1,1,1,3,1,1,1,1
SF,IH2009,2020-02-19 09:33:44.400,2892.0000,4012,0,47618220.000,0,-,-,-,-,2891.0000,2890.8000,2890.4000,2888.0000,2885.2000,2893.8000,2894.0000,2895.0000,2896.0000,2898.0000,1,1,2,1,1,3,1,1,1,1
SF,IH2009,2020-02-19 09:33:44.900,2892.0000,4012,0,47618220.000,0,-,-,-,-,2891.2000,2891.0000,2890.4000,2888.0000,2885.2000,2893.8000,2894.0000,2895.0000,2896.0000,2898.0000,1,1,2,1,1,3,1,1,1,1
SF,IH2009,2020-02-19 09:33:45.400,2892.0000,4012,0,47618220.000,0,-,-,-,-,2891.2000,2890.4000,2888.0000,2885.2000,2885.0000,2893.8000,2894.0000,2895.0000,2896.0000,2898.0000,1,2,1,1,2,3,1,1,1,1
SF,IH2009,2020-02-19 09:33:45.900,2892.0000,4012,0,47618220.000,0,-,-,-,-,2891.2000,2890.4000,2888.0000,2885.2000,2885.0000,2893.8000,2894.0000,2895.0000,2896.0000,2898.0000,1,2,1,1,2,3,1,1,1,1
SF,IH2009,2020-02-19 09:33:46.400,2892.0000,4012,0,47618220.000,0,-,-,-,-,2891.2000,2890.4000,2888.0000,2885.2000,2885.0000,2893.8000,2894.0000,2895.0000,2896.0000,2898.0000,1,2,1,1,2,3,1,1,1,1
SF,IH2009,2020-02-19 09:33:46.900,2892.0000,4012,0,47618220.000,0,-,-,-,-,2891.2000,2890.4000,2888.0000,2885.2000,2885.0000,2893.8000,2894.0000,2895.0000,2896.0000,2898.0000,1,2,1,1,2,3,1,1,1,1
SF,IH2009,2020-02-19 09:33:48.400,2892.0000,4012,0,47618220.000,0,-,-,-,-,2891.4000,2891.2000,2890.4000,2888.0000,2885.2000,2893.8000,2894.0000,2895.0000,2896.0000,2898.0000,1,1,2,1,1,3,1,1,1,1
SF,IH2009,2020-02-19 09:33:48.900,2892.0000,4012,0,47618220.000,0,-,-,-,-,2891.6000,2891.4000,2890.4000,2888.0000,2885.2000,2893.8000,2894.0000,2895.0000,2896.0000,2898.0000,1,1,2,1,1,3,1,2,1,1
SF,IH2009,2020-02-19 09:33:49.400,2892.0000,4012,0,47618220.000,0,-,-,-,-,2891.8000,2891.6000,2891.4000,2890.4000,2888.0000,2893.8000,2894.0000,2895.0000,2896.0000,2898.0000,1,1,1,2,1,2,1,2,1,1
SF,IH2009,2020-02-19 09:33:50.400,2892.0000,4012,0,47618220.000,0,-,-,-,-,2891.8000,2891.6000,2890.4000,2888.0000,2885.2000,2892.0000,2893.0000,2893.8000,2894.0000,2895.0000,1,1,2,1,1,1,1,2,1,2
SF,IH2009,2020-02-19 09:33:50.900,2892.0000,4011,-1,48485820.000,1,0,1,双平,S,2890.4000,2888.0000,2885.2000,2885.0000,2884.0000,2893.0000,2893.8000,2894.0000,2895.0000,2896.0000,2,1,1,2,1,1,2,1,2,1
SF,IH2009,2020-02-19 09:33:51.400,2892.0000,4011,0,48485820.000,0,-,-,-,-,2890.6000,2890.4000,2888.0000,2885.2000,2885.0000,2893.0000,2893.8000,2894.0000,2895.0000,2896.0000,2,2,1,1,2,1,2,1,2,1
SF,IH2009,2020-02-19 09:33:52.900,2892.0000,4011,0,48485820.000,0,-,-,-,-,2890.8000,2890.6000,2890.4000,2888.0000,2885.2000,2893.0000,2893.8000,2894.0000,2895.0000,2896.0000,1,2,2,1,1,1,2,1,2,1
SF,IH2009,2020-02-19 09:33:53.400,2892.0000,4011,0,48485820.000,0,-,-,-,-,2891.0000,2890.8000,2890.4000,2888.0000,2885.2000,2893.0000,2893.8000,2894.0000,2895.0000,2896.0000,2,1,2,1,1,1,2,1,2,1
SF,IH2009,2020-02-19 09:33:53.900,2892.0000,4011,0,48485820.000,0,-,-,-,-,2891.2000,2891.0000,2890.8000,2890.4000,2888.0000,2893.0000,2893.8000,2894.0000,2895.0000,2896.0000,1,2,1,2,1,1,2,1,2,1
SF,IH2009,2020-02-19 09:33:54.400,2892.0000,4011,0,48485820.000,0,-,-,-,-,2891.2000,2891.0000,2890.8000,2890.4000,2890.2000,2893.0000,2893.8000,2894.0000,2895.0000,2896.0000,2,2,1,1,1,1,2,1,2,1
SF,IH2009,2020-02-19 09:33:55.900,2892.0000,4011,0,48485820.000,0,-,-,-,-,2891.2000,2891.0000,2890.4000,2890.2000,2888.0000,2893.0000,2893.8000,2894.0000,2895.0000,2896.0000,2,2,1,1,1,1,2,1,2,1
SF,IH2009,2020-02-19 09:33:56.400,2892.0000,4011,0,48485820.000,0,-,-,-,-,2891.2000,2891.0000,2890.4000,2890.2000,2888.0000,2893.0000,2893.8000,2894.0000,2895.0000,2896.0000,1,2,1,1,1,1,2,1,2,1
SF,IH2009,2020-02-19 09:33:56.900,2892.0000,4011,0,48485820.000,0,-,-,-,-,2891.4000,2891.2000,2891.0000,2890.4000,2890.2000,2893.0000,2893.8000,2894.0000,2895.0000,2896.0000,1,1,2,1,1,1,2,1,2,1
SF,IH2009,2020-02-19 09:33:57.900,2892.0000,4011,0,48485820.000,0,-,-,-,-,2891.2000,2891.0000,2890.4000,2890.2000,2888.0000,2893.0000,2893.8000,2894.0000,2895.0000,2896.0000,1,2,1,1,1,1,2,1,2,1
SF,IH2009,2020-02-19 09:33:58.400,2892.0000,4011,0,48485820.000,0,-,-,-,-,2891.2000,2891.0000,2890.4000,2890.2000,2888.0000,2893.0000,2893.8000,2894.0000,2895.0000,2896.0000,1,2,1,1,1,1,2,1,2,1
SF,IH2009,2020-02-19 09:33:58.900,2892.0000,4011,0,48485820.000,0,-,-,-,-,2891.2000,2891.0000,2890.4000,2890.2000,2888.0000,2893.0000,2893.8000,2894.0000,2895.0000,2896.0000,1,1,1,1,1,1,2,1,2,1
SF,IH2009,2020-02-19 09:33:59.400,2891.2000,4011,0,49353180.000,1,0,1,多换,S,2891.0000,2890.4000,2890.2000,2888.0000,2885.2000,2893.0000,2893.8000,2894.0000,2895.0000,2896.0000,1,1,1,1,1,1,2,1,2,1
SF,IH2009,2020-02-19 09:33:59.900,2891.2000,4011,0,49353180.000,0,-,-,-,-,2891.0000,2890.4000,2890.2000,2888.0000,2885.2000,2892.8000,2893.0000,2893.8000,2894.0000,2895.0000,1,1,1,1,1,3,1,2,1,2
SF,IH2009,2020-02-19 09:34:00.400,2891.2000,4011,0,49353180.000,0,-,-,-,-,2891.0000,2890.4000,2890.2000,2888.0000,2885.2000,2892.6000,2892.8000,2893.0000,2893.8000,2894.0000,1,1,1,1,1,1,3,1,2,1
SF,IH2009,2020-02-19 09:34:00.900,2891.2000,4011,0,49353180.000,0,-,-,-,-,2890.4000,2890.2000,2888.0000,2885.2000,2885.0000,2892.6000,2892.8000,2893.0000,2893.8000,2894.0000,1,1,1,1,2,1,3,1,2,1
SF,IH2009,2020-02-19 09:34:01.400,2891.2000,4011,0,49353180.000,0,-,-,-,-,2890.6000,2890.4000,2890.2000,2888.0000,2885.2000,2892.6000,2892.8000,2893.0000,2893.8000,2894.0000,1,1,1,1,1,1,3,1,2,1
SF,IH2009,2020-02-19 09:34:01.900,2891.2000,4011,0,49353180.000,0,-,-,-,-,2890.6000,2890.4000,2890.2000,2888.0000,2885.2000,2892.6000,2892.8000,2893.0000,2893.8000,2894.0000,1,1,1,1,1,1,3,1,2,1
SF,IH2009,2020-02-19 09:34:02.400,2891.2000,4011,0,49353180.000,0,-,-,-,-,2890.6000,2890.4000,2890.2000,2888.0000,2885.2000,2892.6000,2892.8000,2893.0000,2893.8000,2894.0000,1,1,1,1,1,1,3,1,2,1
SF,IH2009,2020-02-19 09:34:02.900,2891.2000,4011,0,49353180.000,0,-,-,-,-,2890.6000,2890.4000,2890.2000,2888.0000,2885.2000,2892.4000,2892.6000,2892.8000,2893.0000,2893.8000,1,1,1,1,1,1,1,3,1,2
SF,IH2009,2020-02-19 09:34:03.400,2891.2000,4011,0,49353180.000,0,-,-,-,-,2890.6000,2890.4000,2890.2000,2888.0000,2885.2000,2892.4000,2892.6000,2892.8000,2893.0000,2893.8000,1,1,1,1,1,1,1,3,1,2
SF,IH2009,2020-02-19 09:34:03.900,2891.2000,4011,0,49353180.000,0,-,-,-,-,2890.6000,2890.4000,2890.2000,2888.0000,2885.2000,2892.2000,2892.4000,2892.8000,2893.0000,2893.8000,1,1,1,1,1,2,1,2,1,2
SF,IH2009,2020-02-19 09:34:04.400,2891.2000,4011,0,49353180.000,0,-,-,-,-,2890.4000,2890.2000,2888.0000,2885.2000,2885.0000,2892.2000,2892.4000,2892.8000,2893.0000,2893.8000,1,1,1,1,2,2,1,2,1,2
SF,IH2009,2020-02-19 09:34:04.900,2891.2000,4011,0,49353180.000,0,-,-,-,-,2890.4000,2890.2000,2888.0000,2885.2000,2885.0000,2892.2000,2892.4000,2892.8000,2893.8000,2894.0000,1,1,1,1,2,2,1,2,2,1
SF,IH2009,2020-02-19 09:34:05.400,2891.2000,4011,0,49353180.000,0,-,-,-,-,2890.4000,2890.2000,2888.0000,2885.2000,2885.0000,2892.2000,2892.8000,2893.8000,2894.0000,2895.0000,1,1,1,1,2,2,2,2,1,2
SF,IH2009,2020-02-19 09:34:05.900,2891.2000,4011,0,49353180.000,0,-,-,-,-,2890.6000,2890.4000,2890.2000,2888.0000,2885.2000,2892.2000,2892.8000,2893.8000,2894.0000,2895.0000,1,1,1,1,1,2,2,2,1,2
SF,IH2009,2020-02-19 09:34:07.400,2891.2000,4011,0,49353180.000,0,-,-,-,-,2890.4000,2890.2000,2888.0000,2885.2000,2885.0000,2892.2000,2892.8000,2893.8000,2894.0000,2895.0000,1,1,1,1,2,2,2,2,1,2
SF,IH2009,2020-02-19 09:34:07.900,2892.0000,4012,1,50220780.000,1,1,0,双开,S,2890.4000,2890.2000,2885.2000,2885.0000,2884.0000,2892.0000,2892.2000,2892.4000,2892.8000,2893.8000,1,1,1,2,1,1,2,1,2,2
SF,IH2009,2020-02-19 09:34:08.400,2892.0000,4012,0,50220780.000,0,-,-,-,-,2890.4000,2890.2000,2885.2000,2885.0000,2884.0000,2892.0000,2892.2000,2892.4000,2892.8000,2893.8000,1,1,1,2,1,2,2,1,2,2
SF,IH2009,2020-02-19 09:34:08.900,2892.0000,4012,0,50220780.000,0,-,-,-,-,2890.4000,2890.2000,2885.2000,2885.0000,2884.0000,2892.0000,2892.2000,2892.4000,2892.8000,2893.8000,1,1,1,2,1,1,2,1,2,2
SF,IH2009,2020-02-19 09:34:09.400,2892.0000,4012,0,50220780.000,0,-,-,-,-,2890.4000,2890.2000,2885.2000,2885.0000,2884.0000,2891.8000,2892.0000,2892.2000,2892.4000,2892.8000,1,1,1,2,1,1,1,1,1,2
SF,IH2009,2020-02-19 09:34:09.900,2892.0000,4012,0,50220780.000,0,-,-,-,-,2890.4000,2890.2000,2885.2000,2885.0000,2884.0000,2891.8000,2892.0000,2892.2000,2892.4000,2892.8000,1,1,1,2,1,3,1,1,1,2
SF,IH2009,2020-02-19 09:34:10.400,2890.4000,4011,-1,51087900.000,1,0,1,双平,S,2890.2000,2885.2000,2885.0000,2884.0000,2883.0000,2891.8000,2892.0000,2892.2000,2892.4000,2892.8000,1,1,2,1,1,3,1,1,1,2
SF,IH2009,2020-02-19 09:34:10.900,2890.4000,4011,0,51087900.000,0,-,-,-,-,2890.2000,2885.2000,2885.0000,2884.0000,2883.0000,2891.8000,2892.0000,2892.4000,2892.8000,2893.8000,1,1,2,1,1,3,1,1,2,2
SF,IH2009,2020-02-19 09:34:11.400,2890.2000,4011,0,51954960.000,1,0,1,多换,S,2885.2000,2885.0000,2884.0000,2883.0000,2881.0000,2891.8000,2892.0000,2892.4000,2892.8000,2893.8000,1,2,1,1,1,3,1,1,2,2
SF,IH2009,2020-02-19 09:34:11.900,2890.2000,4011,0,51954960.000,0,-,-,-,-,2885.4000,2885.2000,2885.0000,2884.0000,2883.0000,2891.2000,2891.8000,2892.0000,2892.4000,2892.8000,4,1,2,1,1,1,3,1,1,2
SF,IH2009,2020-02-19 09:34:12.400,2890.2000,4011,0,51954960.000,0,-,-,-,-,2885.4000,2885.2000,2885.0000,2884.0000,2883.0000,2891.2000,2891.8000,2892.4000,2892.8000,2893.8000,4,1,2,1,1,1,2,1,2,2
SF,IH2009,2020-02-19 09:34:12.900,2890.2000,4011,0,51954960.000,0,-,-,-,-,2885.4000,2885.2000,2885.0000,2884.0000,2883.0000,2891.0000,2891.2000,2891.8000,2892.4000,2892.8000,4,1,2,1,1,1,1,2,1,2
SF,IH2009,2020-02-19 09:34:13.400,2890.2000,4011,0,51954960.000,0,-,-,-,-,2885.4000,2885.2000,2885.0000,2884.0000,2883.0000,2891.0000,2891.2000,2891.8000,2892.4000,2892.8000,4,1,2,1,1,2,1,2,1,2
SF,IH2009,2020-02-19 09:34:14.900,2890.2000,4011,0,51954960.000,0,-,-,-,-,2886.0000,2885.4000,2885.2000,2885.0000,2884.0000,2891.0000,2891.2000,2891.8000,2892.4000,2892.8000,1,4,1,2,1,2,1,2,1,2
SF,IH2009,2020-02-19 09:34:15.400,2890.2000,4011,0,51954960.000,0,-,-,-,-,2886.2000,2886.0000,2885.4000,2885.2000,2885.0000,2891.0000,2891.2000,2891.8000,2892.4000,2892.8000,2,1,1,1,2,2,1,2,1,2
SF,IH2009,2020-02-19 09:34:16.900,2890.2000,4011,0,51954960.000,0,-,-,-,-,2886.2000,2885.4000,2885.2000,2885.0000,2884.0000,2890.0000,2891.0000,2891.2000,2891.8000,2892.4000,2,1,1,2,1,1,2,1,2,1
SF,IH2009,2020-02-19 09:34:17.400,2890.2000,4011,0,51954960.000,0,-,-,-,-,2886.4000,2886.2000,2885.4000,2885.2000,2885.0000,2890.0000,2891.0000,2891.2000,2891.8000,2892.4000,2,2,1,1,2,1,2,1,2,1
SF,IH2009,2020-02-19 09:34:17.900,2890.2000,4011,0,51954960.000,0,-,-,-,-,2886.6000,2886.4000,2885.4000,2885.2000,2885.0000,2890.0000,2891.0000,2891.2000,2891.8000,2892.4000,2,1,1,1,2,1,2,1,2,1
SF,IH2009,2020-02-19 09:34:18.400,2890.2000,4011,0,51954960.000,0,-,-,-,-,2886.8000,2886.6000,2886.4000,2885.4000,2885.2000,2890.0000,2891.0000,2891.2000,2891.8000,2892.4000,1,2,1,1,1,1,2,1,2,1
SF,IH2009,2020-02-19 09:34:18.900,2890.2000,4011,0,51954960.000,0,-,-,-,-,2887.0000,2886.8000,2886.4000,2885.4000,2885.2000,2890.0000,2891.0000,2891.2000,2891.8000,2892.4000,2,1,2,1,1,1,2,1,2,1
SF,IH2009,2020-02-19 09:34:19.400,2890.2000,4011,0,51954960.000,0,-,-,-,-,2887.2000,2887.0000,2886.8000,2886.4000,2885.4000,2890.0000,2891.0000,2891.2000,2891.8000,2892.4000,1,2,1,1,1,1,2,1,2,1
SF,IH2009,2020-02-19 09:34:19.900,2890.2000,4011,0,51954960.000,0,-,-,-,-,2887.4000,2887.2000,2887.0000,2886.8000,2886.4000,2890.0000,2891.0000,2891.2000,2891.8000,2892.4000,1,1,1,1,1,1,2,1,2,1
SF,IH2009,2020-02-19 09:34:20.900,2890.2000,4011,0,51954960.000,0,-,-,-,-,2887.4000,2887.0000,2886.8000,2886.4000,2885.4000,2890.0000,2891.0000,2891.2000,2891.8000,2892.4000,1,1,1,1,1,1,2,1,2,1
SF,IH2009,2020-02-19 09:34:21.400,2890.2000,4011,0,51954960.000,0,-,-,-,-,2887.4000,2887.0000,2886.8000,2886.4000,2885.4000,2890.0000,2891.0000,2891.2000,2891.8000,2892.4000,1,1,1,1,1,1,1,1,2,1
SF,IH2009,2020-02-19 09:34:23.900,2890.2000,4011,0,51954960.000,0,-,-,-,-,2887.4000,2887.0000,2886.8000,2886.4000,2885.4000,2890.0000,2890.6000,2891.0000,2891.2000,2891.8000,1,1,1,1,1,1,1,1,1,2
SF,IH2009,2020-02-19 09:34:24.400,2890.2000,4011,0,51954960.000,0,-,-,-,-,2887.6000,2887.4000,2887.0000,2886.8000,2886.4000,2890.0000,2890.6000,2891.0000,2891.2000,2891.8000,1,1,1,1,1,1,1,1,1,2
SF,IH2009,2020-02-19 09:34:24.900,2890.2000,4011,0,51954960.000,0,-,-,-,-,2887.8000,2887.6000,2887.0000,2886.8000,2886.4000,2890.0000,2890.6000,2891.0000,2891.2000,2891.8000,1,1,1,1,1,1,1,1,1,2
SF,IH2009,2020-02-19 09:34:25.900,2890.2000,4011,0,51954960.000,0,-,-,-,-,2888.0000,2887.8000,2887.6000,2887.0000,2886.8000,2890.0000,2890.6000,2891.0000,2891.2000,2891.8000,1,1,1,1,1,1,1,1,1,2
SF,IH2009,2020-02-19 09:34:26.400,2890.2000,4011,0,51954960.000,0,-,-,-,-,2888.0000,2887.8000,2887.0000,2886.8000,2886.4000,2890.0000,2890.6000,2891.0000,2891.2000,2891.8000,1,1,1,1,1,1,1,1,1,2
SF,IH2009,2020-02-19 09:34:26.900,2890.2000,4011,0,51954960.000,0,-,-,-,-,2887.8000,2887.0000,2886.8000,2886.4000,2885.4000,2890.0000,2890.6000,2891.0000,2891.2000,2891.8000,1,1,1,1,1,1,1,1,1,2
SF,IH2009,2020-02-19 09:34:32.400,2890.2000,4011,0,51954960.000,0,-,-,-,-,2888.0000,2887.8000,2887.0000,2886.8000,2886.4000,2890.0000,2890.6000,2891.0000,2891.2000,2891.8000,1,1,1,1,1,1,1,1,1,2
SF,IH2009,2020-02-19 09:34:32.900,2890.2000,4011,0,51954960.000,0,-,-,-,-,2888.0000,2887.8000,2886.8000,2886.4000,2885.4000,2889.8000,2890.0000,2890.6000,2891.2000,2891.8000,1,1,1,1,1,1,1,1,1,2
SF,IH2009,2020-02-19 09:34:33.400,2890.2000,4011,0,51954960.000,0,-,-,-,-,2888.2000,2888.0000,2887.8000,2885.4000,2885.2000,2890.0000,2890.6000,2891.2000,2891.8000,2892.4000,1,1,1,1,1,1,1,1,2,1
SF,IH2009,2020-02-19 09:34:34.400,2890.2000,4011,0,51954960.000,0,-,-,-,-,2888.2000,2888.0000,2887.8000,2885.4000,2885.2000,2890.0000,2890.6000,2891.2000,2891.8000,2892.4000,1,1,1,1,1,1,1,1,2,1
SF,IH2009,2020-02-19 09:34:34.900,2890.2000,4011,0,51954960.000,0,-,-,-,-,2888.0000,2887.8000,2885.4000,2885.2000,2885.0000,2889.8000,2890.0000,2890.6000,2891.2000,2891.8000,1,1,1,1,2,2,1,1,1,2
SF,IH2009,2020-02-19 09:34:35.900,2890.2000,4011,0,51954960.000,0,-,-,-,-,2888.2000,2888.0000,2887.8000,2885.4000,2885.2000,2889.8000,2890.0000,2890.6000,2891.2000,2891.8000,1,1,1,1,1,1,1,1,1,2
SF,IH2009,2020-02-19 09:34:37.400,2890.2000,4011,0,51954960.000,0,-,-,-,-,2888.0000,2887.8000,2885.4000,2885.2000,2885.0000,2889.8000,2890.0000,2890.6000,2891.2000,2891.8000,1,1,1,1,2,1,1,1,1,2
SF,IH2009,2020-02-19 09:34:38.900,2890.2000,4011,0,51954960.000,0,-,-,-,-,2888.2000,2888.0000,2887.8000,2885.4000,2885.2000,2889.8000,2890.0000,2890.6000,2891.2000,2891.8000,1,1,1,1,1,1,1,1,1,2
SF,IH2009,2020-02-19 09:34:39.900,2890.2000,4011,0,51954960.000,0,-,-,-,-,2888.0000,2887.8000,2885.4000,2885.2000,2885.0000,2889.8000,2890.0000,2890.6000,2891.2000,2891.8000,1,1,1,1,2,1,1,1,1,2
SF,IH2009,2020-02-19 09:34:41.400,2890.2000,4011,0,51954960.000,0,-,-,-,-,2888.0000,2887.8000,2885.4000,2885.2000,2885.0000,2889.8000,2890.6000,2891.2000,2891.8000,2892.4000,1,1,1,1,2,1,1,1,2,1
SF,IH2009,2020-02-19 09:34:41.900,2890.2000,4011,0,51954960.000,0,-,-,-,-,2888.0000,2887.8000,2885.4000,2885.2000,2885.0000,2888.6000,2889.8000,2890.6000,2891.2000,2891.8000,1,1,1,1,2,1,1,1,1,2
SF,IH2009,2020-02-19 09:34:42.400,2888.6000,4011,0,52821540.000,1,0,1,多换,S,2888.2000,2888.0000,2885.4000,2885.2000,2885.0000,2890.6000,2891.2000,2891.8000,2892.4000,2892.8000,1,1,1,1,2,1,1,2,1,2
SF,IH2009,2020-02-19 09:34:42.900,2888.6000,4011,0,52821540.000,0,-,-,-,-,2888.4000,2888.2000,2888.0000,2885.4000,2885.2000,2890.4000,2890.6000,2891.2000,2891.8000,2892.4000,1,1,1,1,1,1,1,1,2,1
SF,IH2009,2020-02-19 09:34:43.400,2888.6000,4011,0,52821540.000,0,-,-,-,-,2888.4000,2888.0000,2885.4000,2885.2000,2885.0000,2890.4000,2890.6000,2891.2000,2891.8000,2892.4000,1,1,1,1,2,1,1,1,2,1
SF,IH2009,2020-02-19 09:34:43.900,2888.6000,4011,0,52821540.000,0,-,-,-,-,2888.4000,2888.0000,2885.4000,2885.2000,2885.0000,2890.4000,2890.6000,2891.2000,2891.8000,2892.4000,1,1,1,1,2,1,1,1,2,1
SF,IH2009,2020-02-19 09:34:44.400,2888.6000,4011,0,52821540.000,0,-,-,-,-,2888.4000,2888.0000,2885.4000,2885.2000,2885.0000,2890.4000,2890.6000,2891.2000,2891.8000,2892.4000,1,1,1,1,2,1,1,1,2,1
SF,IH2009,2020-02-19 09:34:44.900,2888.6000,4011,0,52821540.000,0,-,-,-,-,2888.4000,2888.0000,2885.4000,2885.2000,2885.0000,2890.2000,2890.4000,2890.6000,2891.2000,2891.8000,1,1,1,1,2,1,1,1,1,2
SF,IH2009,2020-02-19 09:34:45.400,2888.6000,4011,0,52821540.000,0,-,-,-,-,2888.4000,2888.0000,2885.4000,2885.2000,2885.0000,2890.0000,2890.2000,2890.6000,2891.2000,2891.8000,1,1,1,1,2,1,1,1,1,2
SF,IH2009,2020-02-19 09:34:45.900,2888.6000,4011,0,52821540.000,0,-,-,-,-,2888.0000,2885.4000,2885.2000,2885.0000,2884.0000,2890.0000,2890.2000,2890.6000,2891.2000,2891.8000,1,1,1,2,1,1,1,1,1,2
SF,IH2009,2020-02-19 09:34:46.400,2888.6000,4011,0,52821540.000,0,-,-,-,-,2888.0000,2885.4000,2885.2000,2885.0000,2884.0000,2889.8000,2890.0000,2890.2000,2890.6000,2891.2000,1,1,1,2,1,1,1,1,1,1
SF,IH2009,2020-02-19 09:34:46.900,2888.6000,4011,0,52821540.000,0,-,-,-,-,2888.0000,2885.4000,2885.2000,2885.0000,2884.0000,2889.8000,2890.0000,2890.2000,2890.6000,2891.2000,1,1,1,2,1,1,1,1,1,1
SF,IH2009,2020-02-19 09:34:47.400,2888.6000,4011,0,52821540.000,0,-,-,-,-,2888.0000,2885.4000,2885.2000,2885.0000,2884.0000,2889.6000,2889.8000,2890.2000,2890.6000,2891.2000,1,1,1,2,1,1,1,1,1,1
SF,IH2009,2020-02-19 09:34:47.900,2888.6000,4011,0,52821540.000,0,-,-,-,-,2888.2000,2888.0000,2885.2000,2885.0000,2884.0000,2889.4000,2889.6000,2889.8000,2890.2000,2890.6000,1,1,1,2,1,1,1,1,1,1
SF,IH2009,2020-02-19 09:34:48.400,2888.6000,4011,0,52821540.000,0,-,-,-,-,2888.2000,2888.0000,2885.2000,2885.0000,2884.0000,2889.6000,2890.2000,2890.6000,2891.2000,2891.8000,1,1,1,2,1,1,1,1,1,2
SF,IH2009,2020-02-19 09:34:48.900,2888.6000,4011,0,52821540.000,0,-,-,-,-,2888.0000,2885.2000,2885.0000,2884.0000,2883.0000,2889.6000,2890.2000,2890.6000,2891.2000,2891.8000,1,1,2,1,1,1,1,1,1,2
SF,IH2009,2020-02-19 09:34:49.400,2888.0000,4011,0,53687940.000,1,0,1,多换,S,2885.2000,2885.0000,2884.0000,2883.0000,2881.0000,2889.4000,2889.6000,2890.2000,2890.6000,2891.2000,1,2,1,1,1,1,1,1,1,1
SF,IH2009,2020-02-19 09:34:49.900,2888.0000,4011,0,53687940.000,0,-,-,-,-,2885.4000,2885.2000,2885.0000,2884.0000,2883.0000,2889.4000,2890.2000,2890.6000,2891.2000,2891.8000,3,1,2,1,1,1,1,1,1,2
SF,IH2009,2020-02-19 09:34:50.400,2888.0000,4011,0,53687940.000,0,-,-,-,-,2885.4000,2885.2000,2885.0000,2884.0000,2883.0000,2890.2000,2890.6000,2891.2000,2891.8000,2892.4000,3,1,2,1,1,1,1,1,2,1
SF,IH2009,2020-02-19 09:34:50.900,2888.0000,4011,0,53687940.000,0,-,-,-,-,2885.4000,2885.2000,2885.0000,2884.0000,2883.0000,2890.0000,2890.2000,2890.6000,2891.2000,2891.8000,3,1,2,1,1,3,1,1,1,2
SF,IH2009,2020-02-19 09:34:51.400,2888.0000,4011,0,53687940.000,0,-,-,-,-,2885.4000,2885.2000,2885.0000,2884.0000,2883.0000,2890.0000,2890.2000,2890.6000,2891.2000,2891.8000,2,1,2,1,1,3,1,1,1,2
SF,IH2009,2020-02-19 09:34:51.900,2888.0000,4011,0,53687940.000,0,-,-,-,-,2885.6000,2885.4000,2885.2000,2885.0000,2884.0000,2890.0000,2890.2000,2890.6000,2891.2000,2891.8000,1,2,1,2,1,3,1,1,1,2
SF,IH2009,2020-02-19 09:34:52.400,2888.0000,4011,0,53687940.000,0,-,-,-,-,2885.8000,2885.6000,2885.2000,2885.0000,2884.0000,2890.0000,2890.2000,2890.6000,2891.2000,2891.8000,2,1,1,2,1,3,1,1,1,2
SF,IH2009,2020-02-19 09:34:53.400,2888.0000,4011,0,53687940.000,0,-,-,-,-,2885.8000,2885.2000,2885.0000,2884.0000,2883.0000,2890.0000,2890.2000,2890.6000,2891.2000,2891.8000,2,1,2,1,1,3,1,1,1,2
SF,IH2009,2020-02-19 09:34:53.900,2888.0000,4011,0,53687940.000,0,-,-,-,-,2886.0000,2885.8000,2885.2000,2885.0000,2884.0000,2890.0000,2890.2000,2890.6000,2891.2000,2891.8000,1,2,1,2,1,3,1,1,1,2
SF,IH2009,2020-02-19 09:34:54.400,2888.0000,4011,0,53687940.000,0,-,-,-,-,2886.2000,2886.0000,2885.2000,2885.0000,2884.0000,2890.0000,2890.2000,2890.6000,2891.2000,2891.8000,2,1,1,2,1,3,1,1,1,2
SF,IH2009,2020-02-19 09:34:54.900,2888.0000,4011,0,53687940.000,0,-,-,-,-,2886.2000,2885.2000,2885.0000,2884.0000,2883.0000,2890.0000,2890.2000,2890.6000,2891.2000,2891.8000,2,1,2,1,1,3,1,1,1,2
SF,IH2009,2020-02-19 09:34:55.400,2888.0000,4011,0,53687940.000,0,-,-,-,-,2886.4000,2886.2000,2885.2000,2885.0000,2884.0000,2890.0000,2890.2000,2890.6000,2891.2000,2891.8000,1,2,1,2,1,3,1,1,1,2
SF,IH2009,2020-02-19 09:34:55.900,2888.0000,4011,0,53687940.000,0,-,-,-,-,2886.6000,2886.4000,2885.2000,2885.0000,2884.0000,2890.0000,2890.2000,2890.6000,2891.2000,2891.8000,2,1,1,2,1,3,1,1,1,2
SF,IH2009,2020-02-19 09:34:56.400,2888.0000,4011,0,53687940.000,0,-,-,-,-,2886.6000,2885.2000,2885.0000,2884.0000,2883.0000,2890.0000,2890.2000,2890.6000,2891.2000,2891.8000,3,1,2,1,1,3,1,1,1,2
SF,IH2009,2020-02-19 09:34:57.400,2888.0000,4011,0,53687940.000,0,-,-,-,-,2886.8000,2886.6000,2885.2000,2885.0000,2884.0000,2890.0000,2890.2000,2890.6000,2891.2000,2891.8000,2,3,1,2,1,3,1,1,1,2
SF,IH2009,2020-02-19 09:34:57.900,2888.0000,4011,0,53687940.000,0,-,-,-,-,2887.0000,2886.8000,2886.6000,2885.2000,2885.0000,2890.0000,2890.2000,2890.6000,2891.2000,2891.8000,2,2,1,1,2,3,1,1,1,2
SF,IH2009,2020-02-19 09:34:58.400,2888.0000,4011,0,53687940.000,0,-,-,-,-,2887.0000,2886.8000,2886.6000,2885.2000,2885.0000,2890.0000,2890.2000,2890.6000,2891.2000,2891.8000,2,1,1,1,2,3,1,1,1,2
SF,IH2009,2020-02-19 09:34:58.900,2888.0000,4011,0,53687940.000,0,-,-,-,-,2887.0000,2886.8000,2886.6000,2885.2000,2885.0000,2890.0000,2890.2000,2890.6000,2891.2000,2891.8000,2,1,1,1,2,3,1,1,1,2
SF,IH2009,2020-02-19 09:34:59.400,2888.0000,4011,0,53687940.000,0,-,-,-,-,2887.0000,2886.8000,2886.6000,2885.2000,2885.0000,2890.0000,2890.2000,2890.6000,2891.2000,2891.8000,2,1,1,1,2,3,1,1,1,2
SF,IH2009,2020-02-19 09:34:59.900,2888.0000,4011,0,53687940.000,0,-,-,-,-,2887.0000,2886.8000,2886.6000,2885.2000,2885.0000,2890.0000,2890.2000,2890.6000,2891.2000,2891.8000,1,1,1,1,2,3,1,1,1,2
SF,IH2009,2020-02-19 09:35:00.400,2888.0000,4011,0,53687940.000,0,-,-,-,-,2887.0000,2886.8000,2886.6000,2885.2000,2885.0000,2889.6000,2890.0000,2890.2000,2890.6000,2891.2000,1,1,1,1,2,1,3,1,1,1
SF,IH2009,2020-02-19 09:35:00.900,2888.0000,4011,0,53687940.000,0,-,-,-,-,2887.2000,2887.0000,2886.8000,2886.6000,2885.2000,2890.0000,2890.2000,2890.6000,2891.2000,2891.8000,1,1,1,1,1,3,1,1,1,2
SF,IH2009,2020-02-19 09:35:01.400,2888.0000,4011,0,53687940.000,0,-,-,-,-,2887.4000,2887.2000,2886.8000,2886.6000,2885.2000,2890.0000,2890.2000,2890.6000,2891.2000,2891.8000,1,1,1,1,1,3,1,1,1,2
SF,IH2009,2020-02-19 09:35:01.900,2888.0000,4011,0,53687940.000,0,-,-,-,-,2887.6000,2887.4000,2887.2000,2886.6000,2885.2000,2889.6000,2890.0000,2890.2000,2890.6000,2891.2000,1,1,1,1,1,1,3,1,1,1
SF,IH2009,2020-02-19 09:35:02.400,2888.0000,4011,0,53687940.000,0,-,-,-,-,2887.8000,2887.6000,2887.4000,2886.6000,2885.2000,2889.4000,2889.6000,2890.0000,2890.2000,2890.6000,1,1,1,1,1,1,1,3,1,1
SF,IH2009,2020-02-19 09:35:02.900,2888.0000,4011,0,53687940.000,0,-,-,-,-,2887.8000,2887.6000,2887.4000,2886.6000,2885.2000,2889.4000,2890.0000,2890.2000,2890.6000,2891.2000,1,1,1,1,1,1,3,1,1,1
SF,IH2009,2020-02-19 09:35:03.400,2888.0000,4011,0,53687940.000,0,-,-,-,-,2888.0000,2887.8000,2887.4000,2886.6000,2885.2000,2889.4000,2889.6000,2890.0000,2890.2000,2890.6000,1,2,1,1,1,1,1,3,1,1
SF,IH2009,2020-02-19 09:35:04.400,2888.0000,4011,0,53687940.000,0,-,-,-,-,2888.0000,2887.8000,2887.4000,2886.6000,2885.2000,2889.4000,2890.0000,2890.2000,2890.6000,2891.2000,1,2,1,1,1,1,3,1,1,1
SF,IH2009,2020-02-19 09:35:04.900,2888.0000,4011,0,53687940.000,0,-,-,-,-,2887.8000,2887.4000,2886.6000,2885.2000,2885.0000,2889.4000,2890.0000,2890.2000,2890.6000,2891.2000,2,1,1,1,2,1,3,1,1,1
SF,IH2009,2020-02-19 09:35:07.900,2888.0000,4011,0,53687940.000,0,-,-,-,-,2887.8000,2887.4000,2886.6000,2885.2000,2885.0000,2890.0000,2890.2000,2890.6000,2891.2000,2891.8000,2,1,1,1,2,3,1,1,1,2
SF,IH2009,2020-02-19 09:35:08.400,2888.0000,4011,0,53687940.000,0,-,-,-,-,2888.0000,2887.8000,2886.6000,2885.2000,2885.0000,2890.0000,2890.6000,2891.2000,2891.8000,2892.8000,1,2,1,1,2,1,1,1,2,2
SF,IH2009,2020-02-19 09:35:08.900,2888.0000,4011,0,53687940.000,0,-,-,-,-,2888.0000,2887.8000,2886.6000,2885.2000,2885.0000,2890.6000,2891.2000,2891.8000,2892.8000,2893.8000,1,2,1,1,2,1,1,2,2,1
SF,IH2009,2020-02-19 09:35:09.400,2888.0000,4011,0,53687940.000,0,-,-,-,-,2888.2000,2888.0000,2887.8000,2886.6000,2885.2000,2890.4000,2890.6000,2891.2000,2891.8000,2892.8000,1,1,2,1,1,3,1,1,2,2
SF,IH2009,2020-02-19 09:35:09.900,2888.0000,4011,0,53687940.000,0,-,-,-,-,2888.4000,2888.2000,2887.8000,2886.6000,2885.2000,2890.4000,2890.6000,2891.2000,2891.8000,2892.8000,1,1,2,1,1,3,1,1,2,2
SF,IH2009,2020-02-19 09:35:10.400,2888.0000,4011,0,53687940.000,0,-,-,-,-,2888.4000,2887.8000,2886.6000,2885.2000,2885.0000,2890.4000,2890.6000,2891.2000,2891.8000,2892.8000,1,1,1,1,2,3,1,1,2,2
SF,IH2009,2020-02-19 09:35:12.400,2888.0000,4011,0,53687940.000,0,-,-,-,-,2888.6000,2888.4000,2887.8000,2886.6000,2885.2000,2890.4000,2890.6000,2891.2000,2891.8000,2892.8000,1,1,1,1,1,3,1,1,2,2
SF,IH2009,2020-02-19 09:35:15.400,2888.0000,4011,0,53687940.000,0,-,-,-,-,2888.6000,2888.4000,2887.8000,2886.6000,2885.2000,2890.0000,2890.4000,2890.6000,2891.2000,2891.8000,1,1,1,1,1,1,3,1,1,2
SF,IH2009,2020-02-19 09:35:15.900,2888.0000,4011,0,53687940.000,0,-,-,-,-,2888.6000,2887.8000,2886.6000,2885.2000,2885.0000,2889.8000,2890.0000,2890.4000,2890.6000,2891.2000,1,1,1,1,2,3,1,3,1,1
SF,IH2009,2020-02-19 09:35:16.400,2888.6000,4010,-1,54554520.000,1,0,1,双平,S,2887.8000,2886.6000,2885.2000,2885.0000,2884.0000,2889.8000,2890.0000,2890.4000,2890.6000,2891.2000,1,1,1,2,1,3,1,3,1,1
SF,IH2009,2020-02-19 09:35:17.400,2888.6000,4010,0,54554520.000,0,-,-,-,-,2887.8000,2886.6000,2885.2000,2885.0000,2884.0000,2889.8000,2890.4000,2890.6000,2891.2000,2891.8000,1,1,1,2,1,3,3,1,1,2
SF,IH2009,2020-02-19 09:35:22.400,2888.6000,4010,0,54554520.000,0,-,-,-,-,2887.8000,2885.2000,2885.0000,2884.0000,2883.0000,2889.8000,2890.4000,2890.6000,2891.2000,2891.8000,1,1,2,1,1,3,3,1,1,2
SF,IH2009,2020-02-19 09:35:22.900,2888.6000,4010,0,54554520.000,0,-,-,-,-,2887.8000,2885.2000,2885.0000,2884.0000,2883.0000,2889.8000,2890.4000,2890.6000,2891.2000,2891.8000,1,1,2,1,1,3,3,1,1,2
SF,IH2009,2020-02-19 09:35:23.400,2888.6000,4010,0,54554520.000,0,-,-,-,-,2888.0000,2887.8000,2885.2000,2885.0000,2884.0000,2889.8000,2890.4000,2890.6000,2891.2000,2891.8000,1,1,1,2,1,3,3,1,1,2
SF,IH2009,2020-02-19 09:35:24.400,2888.6000,4010,0,54554520.000,0,-,-,-,-,2887.8000,2885.2000,2885.0000,2884.0000,2883.0000,2889.8000,2890.4000,2890.6000,2891.2000,2891.8000,1,1,2,1,1,3,3,1,1,2
SF,IH2009,2020-02-19 09:35:24.900,2888.6000,4010,0,54554520.000,0,-,-,-,-,2888.2000,2887.8000,2885.2000,2885.0000,2884.0000,2889.8000,2890.4000,2890.6000,2891.2000,2891.8000,1,1,1,2,1,3,3,1,1,2
SF,IH2009,2020-02-19 09:35:25.400,2888.6000,4010,0,54554520.000,0,-,-,-,-,2888.2000,2887.8000,2885.2000,2885.0000,2884.0000,2890.4000,2890.6000,2891.2000,2891.8000,2892.8000,1,1,1,2,1,3,1,1,2,2
SF,IH2009,2020-02-19 09:35:25.900,2888.6000,4010,0,54554520.000,0,-,-,-,-,2888.4000,2887.8000,2885.2000,2885.0000,2884.0000,2890.2000,2890.4000,2890.6000,2891.2000,2891.8000,1,1,1,2,1,1,3,1,1,2
SF,IH2009,2020-02-19 09:35:26.400,2888.6000,4010,0,54554520.000,0,-,-,-,-,2888.4000,2887.8000,2885.2000,2885.0000,2884.0000,2890.2000,2890.4000,2890.6000,2891.2000,2891.8000,1,1,1,2,1,1,3,1,1,2
SF,IH2009,2020-02-19 09:35:26.900,2888.6000,4010,0,54554520.000,0,-,-,-,-,2888.4000,2887.8000,2885.2000,2885.0000,2884.0000,2890.2000,2890.4000,2890.6000,2891.2000,2891.8000,1,1,1,2,1,1,3,1,1,2
SF,IH2009,2020-02-19 09:35:27.400,2888.6000,4010,0,54554520.000,0,-,-,-,-,2888.4000,2887.8000,2885.2000,2885.0000,2884.0000,2890.2000,2890.4000,2890.6000,2891.2000,2891.8000,1,1,1,2,1,1,3,1,1,2
SF,IH2009,2020-02-19 09:35:28.400,2888.4000,4009,-1,55421040.000,1,0,1,双平,S,2887.8000,2885.2000,2885.0000,2884.0000,2883.0000,2890.2000,2890.4000,2890.6000,2891.2000,2891.8000,1,1,2,1,1,1,3,1,1,2
SF,IH2009,2020-02-19 09:35:34.900,2887.8000,4009,0,56287380.000,1,0,1,多换,S,2885.2000,2885.0000,2884.0000,2883.0000,2881.0000,2890.2000,2890.4000,2890.6000,2891.2000,2891.8000,1,2,1,1,1,1,3,1,1,2
SF,IH2009,2020-02-19 09:35:35.400,2887.8000,4009,0,56287380.000,0,-,-,-,-,2885.4000,2885.2000,2885.0000,2884.0000,2883.0000,2890.2000,2890.4000,2890.6000,2891.2000,2891.8000,1,1,2,1,1,1,3,1,1,2
SF,IH2009,2020-02-19 09:35:35.900,2887.8000,4009,0,56287380.000,0,-,-,-,-,2885.4000,2885.2000,2885.0000,2884.0000,2883.0000,2890.0000,2890.2000,2890.4000,2890.6000,2891.2000,1,1,2,1,1,1,1,3,1,1
SF,IH2009,2020-02-19 09:35:36.400,2887.8000,4009,0,56287380.000,0,-,-,-,-,2885.4000,2885.2000,2885.0000,2884.0000,2883.0000,2889.6000,2889.8000,2890.0000,2890.2000,2890.4000,1,1,2,1,1,1,2,1,1,3
SF,IH2009,2020-02-19 09:35:36.900,2887.8000,4009,0,56287380.000,0,-,-,-,-,2885.4000,2885.2000,2885.0000,2884.0000,2883.0000,2889.4000,2889.8000,2890.2000,2890.4000,2890.6000,1,1,2,1,1,2,2,1,3,1
SF,IH2009,2020-02-19 09:35:38.900,2887.8000,4009,0,56287380.000,0,-,-,-,-,2885.4000,2885.2000,2885.0000,2884.0000,2883.0000,2889.4000,2889.6000,2889.8000,2890.2000,2890.4000,1,1,2,1,1,2,1,2,1,3
SF,IH2009,2020-02-19 09:35:39.400,2887.8000,4009,0,56287380.000,0,-,-,-,-,2885.4000,2885.2000,2885.0000,2884.0000,2883.0000,2889.4000,2889.8000,2890.2000,2890.4000,2890.6000,1,1,2,1,1,2,2,1,3,1
SF,IH2009,2020-02-19 09:35:40.900,2887.8000,4009,0,56287380.000,0,-,-,-,-,2885.6000,2885.4000,2885.2000,2885.0000,2884.0000,2889.4000,2889.8000,2890.0000,2890.2000,2890.4000,1,1,1,2,1,2,2,1,1,3
SF,IH2009,2020-02-19 09:35:41.400,2887.8000,4009,0,56287380.000,0,-,-,-,-,2885.8000,2885.6000,2885.2000,2885.0000,2884.0000,2889.8000,2890.0000,2890.2000,2890.4000,2890.6000,1,1,1,2,1,2,1,1,3,1
SF,IH2009,2020-02-19 09:35:41.900,2887.8000,4009,0,56287380.000,0,-,-,-,-,2886.0000,2885.8000,2885.6000,2885.2000,2885.0000,2889.6000,2889.8000,2890.0000,2890.2000,2890.4000,1,1,1,1,2,2,2,1,1,3
SF,IH2009,2020-02-19 09:35:42.400,2887.8000,4009,0,56287380.000,0,-,-,-,-,2886.2000,2886.0000,2885.6000,2885.2000,2885.0000,2889.6000,2889.8000,2890.0000,2890.2000,2890.4000,1,1,1,1,2,2,2,1,1,3
SF,IH2009,2020-02-19 09:35:42.900,2887.8000,4009,0,56287380.000,0,-,-,-,-,2886.2000,2885.2000,2885.0000,2884.0000,2883.0000,2889.6000,2889.8000,2890.0000,2890.2000,2890.4000,1,1,2,1,1,2,2,1,1,3
SF,IH2009,2020-02-19 09:35:43.400,2887.8000,4009,0,56287380.000,0,-,-,-,-,2886.4000,2886.2000,2885.2000,2885.0000,2884.0000,2889.6000,2889.8000,2890.0000,2890.2000,2890.4000,1,1,1,2,1,2,2,1,1,3
SF,IH2009,2020-02-19 09:35:43.900,2887.8000,4009,0,56287380.000,0,-,-,-,-,2886.6000,2886.4000,2885.2000,2885.0000,2884.0000,2889.6000,2889.8000,2890.0000,2890.2000,2890.4000,1,1,1,2,1,2,2,1,1,3
SF,IH2009,2020-02-19 09:35:44.400,2887.8000,4009,0,56287380.000,0,-,-,-,-,2886.6000,2885.2000,2885.0000,2884.0000,2883.0000,2889.6000,2889.8000,2890.0000,2890.2000,2890.4000,1,1,2,1,1,2,2,1,1,3
SF,IH2009,2020-02-19 09:35:47.900,2887.8000,4009,0,56287380.000,0,-,-,-,-,2886.6000,2885.2000,2885.0000,2884.0000,2883.0000,2889.6000,2889.8000,2890.0000,2890.2000,2890.4000,1,1,2,1,1,13,2,1,1,3
SF,IH2009,2020-02-19 09:35:48.400,2887.8000,4009,0,56287380.000,0,-,-,-,-,2886.6000,2885.2000,2885.0000,2884.0000,2883.0000,2889.6000,2889.8000,2890.0000,2890.2000,2890.4000,1,1,2,1,1,13,2,1,1,3
SF,IH2009,2020-02-19 09:35:48.900,2887.8000,4009,0,56287380.000,0,-,-,-,-,2885.2000,2885.0000,2884.0000,2883.0000,2881.0000,2889.6000,2889.8000,2890.0000,2890.2000,2890.4000,1,2,1,1,1,13,2,1,1,3
SF,IH2009,2020-02-19 09:35:49.400,2887.8000,4009,0,56287380.000,0,-,-,-,-,2885.4000,2885.2000,2885.0000,2884.0000,2883.0000,2889.6000,2889.8000,2890.0000,2890.2000,2890.4000,1,1,2,1,1,13,2,1,1,3
SF,IH2009,2020-02-19 09:35:51.900,2887.8000,4009,0,56287380.000,0,-,-,-,-,2885.6000,2885.4000,2885.2000,2885.0000,2884.0000,2889.6000,2889.8000,2890.0000,2890.2000,2890.4000,1,1,1,3,1,13,2,1,1,3
SF,IH2009,2020-02-19 09:35:52.400,2887.8000,4009,0,56287380.000,0,-,-,-,-,2885.8000,2885.6000,2885.2000,2885.0000,2884.0000,2889.6000,2889.8000,2890.0000,2890.2000,2890.4000,2,1,1,3,1,13,2,1,1,3
SF,IH2009,2020-02-19 09:35:53.400,2887.8000,4009,0,56287380.000,0,-,-,-,-,2885.8000,2885.2000,2885.0000,2884.0000,2883.0000,2889.6000,2889.8000,2890.0000,2890.2000,2890.4000,2,1,3,1,1,13,2,1,1,3
SF,IH2009,2020-02-19 09:35:53.900,2887.8000,4009,0,56287380.000,0,-,-,-,-,2885.8000,2885.2000,2885.0000,2884.0000,2883.0000,2889.6000,2889.8000,2890.0000,2890.2000,2890.4000,1,1,3,1,1,13,2,1,1,3
SF,IH2009,2020-02-19 09:35:54.400,2887.8000,4009,0,56287380.000,0,-,-,-,-,2885.8000,2885.2000,2885.0000,2884.0000,2883.0000,2889.6000,2889.8000,2890.0000,2890.2000,2890.4000,1,1,3,1,1,12,2,1,1,3
SF,IH2009,2020-02-19 09:35:54.900,2887.8000,4009,0,56287380.000,0,-,-,-,-,2885.8000,2885.2000,2885.0000,2884.0000,2883.0000,2889.6000,2889.8000,2890.0000,2890.2000,2890.4000,1,1,3,1,1,12,2,1,1,3
SF,IH2009,2020-02-19 09:35:55.400,2887.8000,4009,0,56287380.000,0,-,-,-,-,2885.8000,2885.2000,2885.0000,2884.0000,2883.0000,2889.2000,2889.6000,2889.8000,2890.0000,2890.2000,1,1,3,1,1,1,12,2,1,1
SF,IH2009,2020-02-19 09:35:55.900,2887.8000,4009,0,56287380.000,0,-,-,-,-,2886.0000,2885.8000,2885.2000,2885.0000,2884.0000,2889.0000,2889.2000,2889.4000,2889.6000,2889.8000,1,1,1,3,1,1,1,2,11,2
SF,IH2009,2020-02-19 09:35:56.400,2887.8000,4009,0,56287380.000,0,-,-,-,-,2886.2000,2886.0000,2885.2000,2885.0000,2884.0000,2889.0000,2889.2000,2889.4000,2889.6000,2889.8000,1,1,1,3,1,1,1,2,11,2
SF,IH2009,2020-02-19 09:35:56.900,2887.8000,4009,0,56287380.000,0,-,-,-,-,2886.2000,2886.0000,2885.0000,2884.0000,2883.0000,2889.0000,2889.2000,2889.4000,2889.6000,2889.8000,1,1,3,1,1,1,1,2,11,2
SF,IH2009,2020-02-19 09:35:57.400,2887.8000,4009,0,56287380.000,0,-,-,-,-,2886.2000,2885.0000,2884.0000,2883.0000,2881.0000,2889.0000,2889.2000,2889.4000,2889.6000,2889.8000,1,3,1,1,1,1,1,2,11,2
SF,IH2009,2020-02-19 09:35:57.900,2887.8000,4009,0,56287380.000,0,-,-,-,-,2886.4000,2886.2000,2885.0000,2884.0000,2883.0000,2889.0000,2889.2000,2889.4000,2889.6000,2889.8000,1,1,3,1,1,1,1,2,11,2
SF,IH2009,2020-02-19 09:35:59.400,2887.8000,4009,0,56287380.000,0,-,-,-,-,2886.4000,2886.2000,2885.0000,2884.0000,2883.0000,2889.0000,2889.2000,2889.6000,2889.8000,2890.0000,1,1,3,1,1,1,1,11,2,1
SF,IH2009,2020-02-19 09:35:59.900,2887.8000,4009,0,56287380.000,0,-,-,-,-,2886.4000,2886.2000,2885.0000,2884.0000,2883.0000,2889.0000,2889.2000,2889.6000,2890.0000,2890.2000,2,1,3,1,1,1,1,11,1,1
SF,IH2009,2020-02-19 09:36:00.400,2887.8000,4009,0,56287380.000,0,-,-,-,-,2886.6000,2886.4000,2885.0000,2884.0000,2883.0000,2889.2000,2889.6000,2890.0000,2890.2000,2890.4000,1,2,3,1,1,1,11,1,1,3
SF,IH2009,2020-02-19 09:36:00.900,2887.8000,4009,0,56287380.000,0,-,-,-,-,2886.6000,2886.4000,2885.0000,2884.0000,2883.0000,2889.6000,2890.0000,2890.2000,2890.4000,2890.6000,1,1,3,1,1,11,1,1,3,1
SF,IH2009,2020-02-19 09:36:01.400,2887.8000,4009,0,56287380.000,0,-,-,-,-,2886.6000,2886.4000,2885.0000,2884.0000,2883.0000,2889.4000,2889.6000,2890.0000,2890.2000,2890.4000,1,1,3,1,1,1,11,1,1,3
SF,IH2009,2020-02-19 09:36:01.900,2887.8000,4009,0,56287380.000,0,-,-,-,-,2886.6000,2886.4000,2885.0000,2884.0000,2883.0000,2889.2000,2889.4000,2889.6000,2890.0000,2890.2000,1,1,3,1,1,1,1,11,1,1
SF,IH2009,2020-02-19 09:36:02.400,2887.8000,4009,0,56287380.000,0,-,-,-,-,2886.6000,2886.4000,2885.0000,2884.0000,2883.0000,2889.0000,2889.2000,2889.6000,2890.0000,2890.2000,1,1,3,1,1,1,2,12,1,1
SF,IH2009,2020-02-19 09:36:02.900,2887.8000,4009,0,56287380.000,0,-,-,-,-,2886.8000,2886.6000,2886.4000,2885.0000,2884.0000,2888.8000,2889.0000,2889.6000,2890.0000,2890.2000,1,1,1,3,1,1,1,11,1,1
SF,IH2009,2020-02-19 09:36:03.900,2887.8000,4009,0,56287380.000,0,-,-,-,-,2886.6000,2886.4000,2885.0000,2884.0000,2883.0000,2888.8000,2889.0000,2889.6000,2890.0000,2890.2000,1,1,3,1,1,1,1,11,1,1
SF,IH2009,2020-02-19 09:36:04.400,2887.8000,4009,0,56287380.000,0,-,-,-,-,2886.8000,2886.6000,2886.4000,2885.0000,2884.0000,2888.8000,2889.0000,2889.6000,2890.0000,2890.2000,1,1,1,3,1,1,1,11,1,1
SF,IH2009,2020-02-19 09:36:04.900,2887.8000,4009,0,56287380.000,0,-,-,-,-,2886.8000,2886.6000,2886.4000,2885.0000,2884.0000,2888.8000,2889.6000,2890.0000,2890.2000,2890.4000,1,1,1,3,1,1,11,1,1,3
SF,IH2009,2020-02-19 09:36:11.900,2887.8000,4009,0,56287380.000,0,-,-,-,-,2886.8000,2886.6000,2886.4000,2885.0000,2884.0000,2888.8000,2889.6000,2890.0000,2890.2000,2890.4000,1,1,1,3,1,2,11,1,1,3
SF,IH2009,2020-02-19 09:36:12.400,2887.8000,4009,0,56287380.000,0,-,-,-,-,2886.6000,2886.4000,2885.0000,2884.0000,2883.0000,2888.8000,2889.6000,2890.0000,2890.2000,2890.4000,1,1,3,1,1,2,11,1,1,3
SF,IH2009,2020-02-19 09:36:12.900,2887.8000,4009,0,56287380.000,0,-,-,-,-,2886.6000,2886.4000,2885.0000,2884.0000,2883.0000,2888.8000,2889.6000,2890.0000,2890.2000,2890.4000,1,1,3,1,1,2,11,1,1,3
SF,IH2009,2020-02-19 09:36:13.400,2887.8000,4009,0,56287380.000,0,-,-,-,-,2886.6000,2886.4000,2885.0000,2884.0000,2883.0000,2888.8000,2889.6000,2890.0000,2890.2000,2890.4000,1,1,3,1,1,2,11,1,1,3
SF,IH2009,2020-02-19 09:36:13.900,2887.8000,4009,0,56287380.000,0,-,-,-,-,2886.6000,2886.4000,2885.0000,2884.0000,2883.0000,2888.8000,2889.6000,2890.0000,2890.2000,2890.4000,1,1,3,1,1,2,11,1,1,3
SF,IH2009,2020-02-19 09:36:14.400,2887.8000,4009,0,56287380.000,0,-,-,-,-,2886.4000,2885.0000,2884.0000,2883.0000,2881.0000,2888.8000,2889.6000,2890.0000,2890.2000,2890.4000,1,3,1,1,1,2,11,1,1,3
SF,IH2009,2020-02-19 09:36:18.400,2887.8000,4009,0,56287380.000,0,-,-,-,-,2886.4000,2885.0000,2884.0000,2883.0000,2881.0000,2888.8000,2889.0000,2889.6000,2890.2000,2890.4000,1,3,1,1,1,2,1,11,1,3
SF,IH2009,2020-02-19 09:36:18.900,2887.8000,4009,0,56287380.000,0,-,-,-,-,2886.6000,2886.4000,2885.0000,2884.0000,2883.0000,2888.8000,2889.0000,2889.6000,2890.2000,2890.4000,2,1,3,1,1,1,1,11,1,3
SF,IH2009,2020-02-19 09:36:19.900,2887.8000,4009,0,56287380.000,0,-,-,-,-,2886.6000,2885.0000,2884.0000,2883.0000,2881.0000,2888.8000,2889.0000,2889.6000,2890.2000,2890.4000,2,3,1,1,1,1,1,11,1,3
SF,IH2009,2020-02-19 09:36:20.400,2887.8000,4009,0,56287380.000,0,-,-,-,-,2886.6000,2885.0000,2884.0000,2883.0000,2881.0000,2888.8000,2889.0000,2889.6000,2890.2000,2890.4000,2,3,1,1,1,1,1,11,1,3
SF,IH2009,2020-02-19 09:36:20.900,2887.8000,4009,0,56287380.000,0,-,-,-,-,2886.8000,2886.6000,2885.0000,2884.0000,2883.0000,2888.8000,2889.0000,2889.6000,2890.2000,2890.4000,1,2,3,1,1,1,1,11,1,3
SF,IH2009,2020-02-19 09:36:22.400,2887.8000,4009,0,56287380.000,0,-,-,-,-,2886.6000,2885.0000,2884.0000,2883.0000,2881.0000,2888.8000,2889.0000,2889.6000,2890.2000,2890.4000,2,3,1,1,1,1,1,11,1,3
SF,IH2009,2020-02-19 09:36:30.900,2887.8000,4009,0,56287380.000,0,-,-,-,-,2886.6000,2885.0000,2884.0000,2883.0000,2881.0000,2889.0000,2889.6000,2890.2000,2890.4000,2890.6000,2,3,1,1,1,1,11,1,3,1
SF,IH2009,2020-02-19 09:36:31.400,2887.8000,4009,0,56287380.000,0,-,-,-,-,2886.6000,2885.0000,2884.0000,2883.0000,2881.0000,2889.0000,2889.6000,2890.4000,2890.6000,2891.2000,2,3,1,1,1,1,11,3,1,1
