市场代码,合约代码,时间,最新,持仓,增仓,成交额,成交量,开仓,平仓,成交类型,方向,买一价,买二价,买三价,买四价,买五价,卖一价,卖二价,卖三价,卖四价,卖五价,买一量,买二量,买三量,买四量,买五量,卖一量,卖二量,卖三量,卖四量,卖五量
SF,IH2006,2020-04-20 09:29:00.000,2740.0000,22237,0,11508000.000,14.000,-,-,-,-,2739.4000,2739.2000,2738.2000,2738.0000,2736.8000,2740.0000,2740.2000,2741.4000,2742.6000,2744.8000,5,5,5,6,1,1,1,1,1,2
SF,IH2006,2020-04-20 09:30:00.500,2740.2000,22233,-4,19727880.000,10,3,7,多平,S,2741.0000,2740.2000,2740.0000,2739.4000,2739.2000,2741.4000,2742.6000,2742.8000,2744.6000,2744.8000,1,4,1,3,5,1,1,3,4,2
SF,IH2006,2020-04-20 09:30:01.000,2740.2000,22231,-2,21372240.000,2,0,2,双平,S,2740.2000,2740.0000,2739.8000,2739.4000,2739.2000,2741.4000,2742.0000,2742.6000,2742.8000,2744.6000,3,1,1,3,5,3,1,1,3,4
SF,IH2006,2020-04-20 09:30:01.500,2741.4000,22228,-3,23839500.000,3,0,3,双平,S,2740.4000,2740.2000,2740.0000,2739.8000,2739.4000,2742.0000,2742.6000,2742.8000,2744.6000,2744.8000,4,3,1,1,3,2,1,3,4,2
SF,IH2006,2020-04-20 09:30:02.000,2740.6000,22226,-2,25484220.000,2,0,2,双平,S,2740.6000,2740.4000,2740.2000,2740.0000,2739.8000,2742.0000,2742.6000,2742.8000,2744.6000,2744.8000,1,4,3,1,1,2,1,3,4,2
SF,IH2006,2020-04-20 09:30:02.500,2742.0000,22225,-1,26306820.000,1,0,1,双平,S,2740.8000,2740.6000,2740.4000,2740.2000,2740.0000,2742.0000,2742.6000,2742.8000,2744.6000,2744.8000,3,1,1,3,1,1,1,3,4,2
SF,IH2006,2020-04-20 09:30:03.000,2742.8000,22224,-1,29597340.000,4,1,3,多平,S,2741.0000,2740.8000,2740.4000,2740.2000,2740.0000,2742.8000,2744.6000,2744.8000,2745.8000,2746.0000,7,4,1,3,1,2,4,2,1,1
SF,IH2006,2020-04-20 09:30:03.500,2742.8000,22224,0,29597340.000,0,-,-,-,-,2742.0000,2741.4000,2741.2000,2741.0000,2740.8000,2742.6000,2742.8000,2744.6000,2744.8000,2745.8000,1,1,6,7,1,1,2,4,2,1
SF,IH2006,2020-04-20 09:30:04.000,2742.8000,22224,0,29597340.000,0,-,-,-,-,2742.0000,2741.2000,2741.0000,2740.8000,2740.4000,2742.6000,2742.8000,2744.6000,2744.8000,2745.8000,1,5,1,1,1,1,2,4,2,1
SF,IH2006,2020-04-20 09:30:04.500,2742.0000,22224,0,30419940.000,1,0,1,多换,S,2741.2000,2741.0000,2740.8000,2740.2000,2740.0000,2742.0000,2742.2000,2742.6000,2742.8000,2744.6000,5,1,1,3,1,2,1,1,2,4
SF,IH2006,2020-04-20 09:30:05.000,2742.0000,22224,0,30419940.000,0,-,-,-,-,2741.2000,2741.0000,2740.8000,2740.2000,2740.0000,2741.8000,2742.0000,2742.4000,2742.6000,2742.8000,1,1,1,3,2,1,1,1,1,2
SF,IH2006,2020-04-20 09:30:05.500,2742.6000,22225,1,33710640.000,4,2,2,空开,S,2742.6000,2741.0000,2740.8000,2740.2000,2740.0000,2742.8000,2744.2000,2744.6000,2744.8000,2745.8000,1,1,1,3,2,2,1,4,2,1
SF,IH2006,2020-04-20 09:30:06.000,2741.8000,22223,-2,37000680.000,4,1,3,多平,S,2740.8000,2740.2000,2740.0000,2739.8000,2739.4000,2741.8000,2742.0000,2742.4000,2742.6000,2742.8000,1,3,2,1,3,7,6,1,13,2
SF,IH2006,2020-04-20 09:30:06.500,2741.2000,22213,-10,45223200.000,10,0,10,双平,S,2740.2000,2740.0000,2739.8000,2739.4000,2739.2000,2741.2000,2741.4000,2741.6000,2741.8000,2742.0000,3,2,1,3,5,4,2,4,6,5
SF,IH2006,2020-04-20 09:30:07.000,2741.2000,22209,-4,48512640.000,4,0,4,双平,S,2740.2000,2740.0000,2739.8000,2739.4000,2739.2000,2741.0000,2741.2000,2741.4000,2741.8000,2742.0000,3,2,1,3,5,15,4,2,6,5
SF,IH2006,2020-04-20 09:30:07.500,2740.2000,22207,-2,50156760.000,2,0,2,双平,S,2740.2000,2740.0000,2739.8000,2739.4000,2739.2000,2740.4000,2741.0000,2741.2000,2741.4000,2741.8000,1,2,1,3,5,1,15,4,2,6
SF,IH2006,2020-04-20 09:30:08.000,2740.0000,22204,-3,52622940.000,3,0,3,双平,S,2740.0000,2739.8000,2739.4000,2739.2000,2736.0000,2740.2000,2741.0000,2741.2000,2741.4000,2741.8000,1,1,3,5,3,13,7,15,1,1
SF,IH2006,2020-04-20 09:30:08.500,2739.4000,22201,-3,56732340.000,5,1,4,多平,S,2739.2000,2736.0000,2735.0000,2734.6000,2733.0000,2739.4000,2740.0000,2740.2000,2741.0000,2741.2000,5,3,2,1,4,2,6,8,6,15
SF,IH2006,2020-04-20 09:30:09.000,2739.2000,22195,-6,61663140.000,6,0,6,双平,S,2739.2000,2736.0000,2735.0000,2734.6000,2733.0000,2740.0000,2741.2000,2742.8000,2744.2000,2744.6000,3,3,2,1,4,5,11,2,1,4
SF,IH2006,2020-04-20 09:30:09.500,2739.2000,22192,-3,64128420.000,3,0,3,双平,S,2739.2000,2736.6000,2736.0000,2735.0000,2734.6000,2739.8000,2740.0000,2741.2000,2742.8000,2744.2000,2,1,3,2,1,5,5,11,2,1
SF,IH2006,2020-04-20 09:30:10.000,2739.2000,22190,-2,65771940.000,2,0,2,双平,S,2736.6000,2736.0000,2735.0000,2734.6000,2733.0000,2739.2000,2739.8000,2740.0000,2741.2000,2742.0000,1,3,2,1,4,2,5,5,11,1
SF,IH2006,2020-04-20 09:30:10.500,2739.2000,22189,-1,66593700.000,1,0,1,双平,S,2738.0000,2737.4000,2737.2000,2737.0000,2736.8000,2739.2000,2739.6000,2739.8000,2740.0000,2741.2000,1,2,1,3,19,1,1,5,5,11
SF,IH2006,2020-04-20 09:30:11.000,2739.2000,22189,0,68237220.000,2,1,1,多换,S,2739.2000,2738.4000,2738.2000,2736.8000,2736.6000,2739.6000,2739.8000,2740.0000,2741.2000,2742.8000,1,1,1,14,1,1,5,5,11,2
SF,IH2006,2020-04-20 09:30:11.500,2739.4000,22188,-1,70702560.000,3,1,2,多平,S,2738.4000,2738.2000,2736.8000,2736.6000,2736.0000,2739.6000,2739.8000,2740.0000,2740.2000,2741.2000,1,1,13,1,6,1,5,5,2,11
SF,IH2006,2020-04-20 09:30:12.000,2739.4000,22188,0,70702560.000,0,-,-,-,-,2739.2000,2738.6000,2738.4000,2736.8000,2736.6000,2739.4000,2739.6000,2739.8000,2740.0000,2740.2000,1,1,1,13,1,4,1,5,5,2
SF,IH2006,2020-04-20 09:30:12.500,2738.6000,22187,-1,72345900.000,2,0,2,多平,S,2738.4000,2736.8000,2736.6000,2736.0000,2735.0000,2739.2000,2739.6000,2739.8000,2740.0000,2740.2000,1,12,1,3,2,1,1,5,5,2
SF,IH2006,2020-04-20 09:30:13.000,2738.6000,22187,0,72345900.000,0,-,-,-,-,2738.2000,2736.8000,2736.6000,2736.0000,2735.0000,2739.6000,2739.8000,2740.0000,2741.2000,2742.8000,1,12,1,3,2,1,5,5,11,2
SF,IH2006,2020-04-20 09:30:13.500,2739.0000,22187,0,76454160.000,5,2,3,多换,S,2736.8000,2736.6000,2736.0000,2735.0000,2734.6000,2739.4000,2739.8000,2740.0000,2741.2000,2742.8000,5,1,3,2,1,4,5,5,11,2
SF,IH2006,2020-04-20 09:30:14.000,2739.0000,22187,0,76454160.000,0,-,-,-,-,2737.2000,2737.0000,2736.8000,2736.6000,2736.0000,2739.2000,2739.4000,2739.8000,2740.0000,2741.2000,1,4,5,1,3,1,5,5,5,11
SF,IH2006,2020-04-20 09:30:14.500,2737.2000,22186,-1,77275320.000,1,0,1,双平,S,2737.4000,2737.2000,2737.0000,2736.6000,2736.0000,2739.2000,2739.4000,2739.8000,2740.0000,2741.2000,5,2,4,1,3,1,4,5,5,11
SF,IH2006,2020-04-20 09:30:15.000,2737.2000,22186,0,77275320.000,0,-,-,-,-,2737.4000,2736.6000,2736.0000,2735.0000,2734.6000,2739.0000,2739.2000,2739.4000,2739.8000,2740.0000,5,1,3,2,1,1,1,4,5,5
SF,IH2006,2020-04-20 09:30:15.500,2737.2000,22186,0,77275320.000,0,-,-,-,-,2737.6000,2737.4000,2736.6000,2736.0000,2735.0000,2739.0000,2739.2000,2739.4000,2739.8000,2740.0000,3,1,1,3,2,1,1,4,5,5
SF,IH2006,2020-04-20 09:30:16.000,2737.2000,22185,-1,78096480.000,1,0,1,双平,S,2737.6000,2736.6000,2736.0000,2735.0000,2734.6000,2739.0000,2739.2000,2739.4000,2739.8000,2740.0000,2,1,3,2,1,1,1,4,5,5
SF,IH2006,2020-04-20 09:30:16.500,2737.2000,22185,0,78096480.000,0,-,-,-,-,2737.8000,2737.6000,2737.2000,2736.6000,2736.0000,2739.0000,2739.2000,2739.4000,2739.8000,2740.0000,1,2,1,1,3,1,1,4,5,5
SF,IH2006,2020-04-20 09:30:17.000,2739.0000,22184,-1,78918180.000,1,0,1,双平,S,2737.6000,2737.2000,2736.6000,2736.0000,2735.0000,2739.2000,2739.4000,2739.8000,2740.0000,2741.2000,2,1,1,3,2,1,4,5,5,11
SF,IH2006,2020-04-20 09:30:17.500,2739.0000,22184,0,78918180.000,0,-,-,-,-,2737.8000,2737.6000,2737.2000,2736.6000,2736.0000,2739.2000,2739.8000,2740.0000,2741.2000,2742.8000,3,4,1,1,3,1,5,5,11,2
SF,IH2006,2020-04-20 09:30:18.000,2739.0000,22184,0,78918180.000,0,-,-,-,-,2739.0000,2738.2000,2738.0000,2737.8000,2737.6000,2739.2000,2739.8000,2740.0000,2741.2000,2742.8000,1,1,13,3,4,1,5,5,11,2
SF,IH2006,2020-04-20 09:30:18.500,2739.0000,22182,-2,80561640.000,2,0,2,双平,S,2738.0000,2737.8000,2737.6000,2737.2000,2736.6000,2739.0000,2739.8000,2740.0000,2741.2000,2742.8000,12,2,4,1,1,2,5,5,11,2
SF,IH2006,2020-04-20 09:30:19.000,2739.0000,22180,-2,82205040.000,2,0,2,双平,S,2739.2000,2738.4000,2738.2000,2738.0000,2737.8000,2741.2000,2742.8000,2744.2000,2744.6000,2744.8000,1,1,4,12,2,11,2,1,4,2
SF,IH2006,2020-04-20 09:30:19.500,2739.0000,22178,-2,84670140.000,3,0,3,多平,S,2739.4000,2739.2000,2738.0000,2737.8000,2737.6000,2739.8000,2740.2000,2740.6000,2740.8000,2741.0000,3,1,3,2,2,5,1,1,1,20
SF,IH2006,2020-04-20 09:30:20.000,2739.2000,22173,-5,88779180.000,5,0,5,双平,S,2738.0000,2737.8000,2737.2000,2736.6000,2736.0000,2739.2000,2739.6000,2739.8000,2740.2000,2740.6000,1,2,1,1,3,4,1,5,1,1
SF,IH2006,2020-04-20 09:30:20.500,2739.2000,22172,-1,89600940.000,1,0,1,双平,S,2738.6000,2738.4000,2738.2000,2738.0000,2737.8000,2740.2000,2741.0000,2741.2000,2742.8000,2744.6000,1,2,2,1,1,1,13,13,2,4
SF,IH2006,2020-04-20 09:30:21.000,2739.2000,22172,0,89600940.000,0,-,-,-,-,2738.2000,2738.0000,2737.8000,2737.6000,2737.2000,2740.0000,2740.2000,2741.0000,2741.2000,2742.8000,1,1,1,1,1,10,1,11,13,2
SF,IH2006,2020-04-20 09:30:21.500,2739.8000,22171,-1,90422880.000,1,0,1,双平,S,2738.4000,2738.0000,2737.8000,2737.6000,2737.2000,2739.8000,2740.0000,2740.2000,2741.0000,2741.2000,1,1,1,1,1,4,10,1,11,3
SF,IH2006,2020-04-20 09:30:22.000,2739.8000,22171,0,90422880.000,0,-,-,-,-,2738.0000,2737.6000,2737.2000,2736.6000,2736.0000,2739.2000,2739.6000,2739.8000,2740.0000,2740.2000,1,1,1,1,3,4,5,4,5,1
SF,IH2006,2020-04-20 09:30:22.500,2739.8000,22171,0,90422880.000,0,-,-,-,-,2738.2000,2738.0000,2737.6000,2737.2000,2736.6000,2738.6000,2739.0000,2739.2000,2739.8000,2740.0000,3,1,1,1,1,1,4,4,4,5
SF,IH2006,2020-04-20 09:30:23.000,2738.6000,22169,-2,92066040.000,2,0,2,双平,S,2738.2000,2738.0000,2737.6000,2737.2000,2736.6000,2739.0000,2740.2000,2741.0000,2741.2000,2742.8000,2,1,1,1,1,4,1,11,3,2
SF,IH2006,2020-04-20 09:30:23.500,2738.6000,22169,0,92066040.000,0,-,-,-,-,2739.6000,2738.2000,2738.0000,2737.6000,2737.2000,2740.2000,2741.0000,2741.2000,2742.8000,2744.6000,2,2,1,1,1,1,11,3,2,4
SF,IH2006,2020-04-20 09:30:24.000,2739.6000,22167,-2,93709800.000,2,0,2,双平,S,2738.0000,2737.6000,2737.2000,2736.6000,2736.0000,2739.2000,2739.6000,2740.0000,2740.2000,2741.0000,1,2,1,1,3,5,2,4,1,11
SF,IH2006,2020-04-20 09:30:24.500,2739.0000,22166,-1,94531500.000,1,0,1,双平,S,2738.4000,2738.2000,2738.0000,2737.6000,2737.2000,2739.0000,2740.2000,2741.0000,2741.2000,2742.8000,1,1,1,2,1,2,1,11,3,2
SF,IH2006,2020-04-20 09:30:25.000,2739.0000,22166,0,94531500.000,0,-,-,-,-,2738.4000,2738.0000,2737.6000,2737.2000,2736.6000,2740.2000,2741.0000,2741.2000,2742.8000,2744.6000,1,1,2,1,1,1,11,3,2,4
SF,IH2006,2020-04-20 09:30:25.500,2739.0000,22166,0,94531500.000,0,-,-,-,-,2738.4000,2738.0000,2737.6000,2737.2000,2736.6000,2738.8000,2739.0000,2739.4000,2739.6000,2740.0000,1,2,2,1,1,5,5,2,1,11
SF,IH2006,2020-04-20 09:30:26.000,2738.4000,22165,-1,95353020.000,1,0,1,双平,S,2738.0000,2737.6000,2737.2000,2736.6000,2736.2000,2738.8000,2739.0000,2739.4000,2740.0000,2740.2000,2,2,1,1,1,5,5,2,10,2
SF,IH2006,2020-04-20 09:30:26.500,2738.4000,22165,0,95353020.000,0,-,-,-,-,2738.0000,2737.6000,2737.2000,2736.6000,2736.2000,2738.4000,2738.6000,2738.8000,2739.0000,2739.4000,2,2,1,1,1,1,2,5,5,2
SF,IH2006,2020-04-20 09:30:27.000,2738.4000,22164,-1,96995940.000,2,0,2,多平,S,2738.0000,2737.6000,2737.2000,2736.6000,2736.2000,2738.6000,2738.8000,2739.0000,2739.4000,2740.0000,1,2,1,1,1,2,5,5,2,9
SF,IH2006,2020-04-20 09:30:27.500,2738.4000,22164,0,96995940.000,0,-,-,-,-,2738.0000,2737.6000,2737.2000,2736.6000,2736.2000,2738.6000,2738.8000,2739.0000,2739.4000,2740.0000,1,2,1,1,1,2,5,5,2,9
SF,IH2006,2020-04-20 09:30:28.000,2738.4000,22164,0,96995940.000,0,-,-,-,-,2738.2000,2738.0000,2737.6000,2737.2000,2736.6000,2738.6000,2739.0000,2739.4000,2740.0000,2740.2000,1,1,2,1,1,2,5,2,9,2
SF,IH2006,2020-04-20 09:30:28.500,2738.4000,22164,0,96995940.000,0,-,-,-,-,2738.0000,2737.6000,2737.2000,2736.6000,2736.2000,2738.2000,2739.0000,2739.4000,2740.0000,2740.2000,1,2,1,1,1,1,5,2,9,2
SF,IH2006,2020-04-20 09:30:29.000,2738.2000,22163,-1,97817400.000,1,0,1,双平,S,2738.2000,2738.0000,2737.6000,2737.2000,2736.6000,2739.0000,2739.4000,2740.0000,2740.2000,2741.0000,1,1,1,1,1,5,2,9,2,4
SF,IH2006,2020-04-20 09:30:29.500,2738.2000,22162,-1,98638860.000,1,0,1,双平,S,2738.0000,2737.6000,2737.2000,2736.6000,2736.2000,2738.8000,2739.0000,2739.4000,2740.0000,2740.2000,1,1,1,1,1,7,5,2,9,2
SF,IH2006,2020-04-20 09:30:30.000,2738.6000,22162,0,99460440.000,1,0,1,多换,S,2738.0000,2737.6000,2737.2000,2736.6000,2736.2000,2738.8000,2739.0000,2739.4000,2740.0000,2740.2000,1,1,1,1,1,2,5,2,1,2
SF,IH2006,2020-04-20 09:30:30.500,2738.6000,22162,0,100282020.000,1,0,1,多换,S,2738.0000,2737.6000,2737.2000,2736.6000,2736.2000,2738.2000,2738.8000,2739.0000,2739.4000,2740.0000,1,1,1,1,1,9,2,5,2,1
SF,IH2006,2020-04-20 09:30:31.000,2738.2000,22162,0,101924880.000,2,1,1,多换,S,2737.6000,2737.2000,2736.6000,2736.2000,2736.0000,2738.2000,2738.8000,2739.0000,2739.4000,2740.0000,1,1,1,1,2,8,2,5,2,1
SF,IH2006,2020-04-20 09:30:31.500,2738.2000,22162,0,101924880.000,0,-,-,-,-,2737.8000,2737.6000,2737.2000,2736.6000,2736.2000,2738.0000,2738.2000,2738.8000,2739.0000,2739.4000,2,1,1,1,1,1,9,1,5,2
SF,IH2006,2020-04-20 09:30:32.000,2738.0000,22161,-1,102746280.000,1,0,1,双平,S,2737.8000,2737.6000,2737.2000,2736.6000,2736.2000,2738.2000,2738.8000,2739.4000,2739.6000,2740.0000,2,1,1,1,1,9,1,2,1,1
SF,IH2006,2020-04-20 09:30:32.500,2737.8000,22160,-1,104388960.000,2,0,2,多平,S,2737.6000,2737.2000,2736.6000,2736.2000,2736.0000,2738.2000,2738.8000,2739.4000,2739.6000,2740.0000,1,2,1,1,2,9,1,2,1,1
SF,IH2006,2020-04-20 09:30:33.000,2737.6000,22159,-1,106031580.000,2,0,2,多平,S,2737.2000,2736.6000,2736.2000,2736.0000,2735.4000,2737.6000,2738.2000,2738.8000,2739.4000,2739.6000,2,2,1,2,1,1,9,1,2,1
SF,IH2006,2020-04-20 09:30:33.500,2737.2000,22155,-4,109316580.000,4,0,4,双平,S,2737.2000,2736.6000,2736.2000,2736.0000,2735.4000,2738.2000,2738.8000,2739.4000,2739.6000,2740.0000,1,2,1,2,1,9,1,2,1,1
SF,IH2006,2020-04-20 09:30:34.000,2737.2000,22155,0,109316580.000,0,-,-,-,-,2737.2000,2736.6000,2736.2000,2736.0000,2735.4000,2737.4000,2738.2000,2738.8000,2739.4000,2739.6000,1,2,1,2,1,1,9,1,2,1
SF,IH2006,2020-04-20 09:30:34.500,2737.4000,22154,-1,110137800.000,1,0,1,双平,S,2737.2000,2736.6000,2736.2000,2736.0000,2735.4000,2738.2000,2738.8000,2739.4000,2739.6000,2740.0000,2,2,1,2,1,9,1,2,1,1
SF,IH2006,2020-04-20 09:30:35.000,2737.4000,22154,0,110137800.000,0,-,-,-,-,2737.2000,2736.6000,2736.2000,2736.0000,2735.4000,2738.0000,2738.2000,2738.8000,2739.4000,2739.6000,1,2,1,2,1,1,9,1,2,1
SF,IH2006,2020-04-20 09:30:35.500,2737.2000,22153,-1,110958960.000,1,0,1,双平,S,2736.6000,2736.2000,2736.0000,2735.4000,2735.0000,2738.0000,2738.2000,2738.8000,2739.4000,2739.6000,2,1,2,1,2,1,9,1,2,1
SF,IH2006,2020-04-20 09:30:36.000,2737.2000,22153,0,110958960.000,0,-,-,-,-,2736.8000,2736.6000,2736.2000,2736.0000,2735.4000,2737.8000,2738.0000,2738.2000,2738.8000,2739.6000,4,2,1,2,1,1,1,9,1,1
SF,IH2006,2020-04-20 09:30:36.500,2737.2000,22153,0,111780120.000,1,0,1,多换,S,2736.8000,2736.6000,2736.2000,2736.0000,2735.4000,2738.2000,2738.8000,2739.6000,2740.0000,2740.2000,4,2,1,2,1,9,1,1,1,2
SF,IH2006,2020-04-20 09:30:37.000,2737.2000,22153,0,111780120.000,0,-,-,-,-,2737.0000,2736.8000,2736.6000,2736.2000,2736.0000,2738.2000,2738.8000,2739.6000,2740.0000,2740.2000,2,3,2,1,2,9,1,1,1,2
SF,IH2006,2020-04-20 09:30:37.500,2737.2000,22153,0,111780120.000,0,-,-,-,-,2737.2000,2737.0000,2736.6000,2736.2000,2736.0000,2738.2000,2738.8000,2739.6000,2740.0000,2740.2000,2,2,2,1,2,9,1,1,1,2
SF,IH2006,2020-04-20 09:30:38.500,2738.2000,22154,1,112601580.000,1,1,0,双开,S,2737.2000,2737.0000,2736.6000,2736.2000,2736.0000,2738.2000,2738.8000,2739.6000,2740.0000,2740.2000,2,2,2,1,2,8,1,1,1,2
SF,IH2006,2020-04-20 09:30:39.000,2738.2000,22154,0,112601580.000,0,-,-,-,-,2737.2000,2737.0000,2736.6000,2736.2000,2736.0000,2738.2000,2738.8000,2739.6000,2740.0000,2740.2000,2,2,2,1,2,8,1,1,1,2
SF,IH2006,2020-04-20 09:30:40.000,2738.2000,22154,0,113423040.000,1,0,1,多换,S,2737.2000,2737.0000,2736.6000,2736.2000,2736.0000,2738.2000,2738.8000,2739.6000,2740.0000,2740.2000,2,1,2,1,2,7,1,1,1,2
SF,IH2006,2020-04-20 09:30:40.500,2738.2000,22154,0,115887420.000,3,1,2,多换,S,2737.4000,2737.2000,2737.0000,2736.6000,2736.2000,2738.2000,2738.8000,2739.6000,2740.0000,2740.2000,1,2,1,2,1,4,1,1,1,2
SF,IH2006,2020-04-20 09:30:41.000,2738.2000,22155,1,118351800.000,3,2,1,空开,S,2737.6000,2737.4000,2737.0000,2736.6000,2736.2000,2738.2000,2738.8000,2739.6000,2740.0000,2740.2000,2,1,1,2,1,1,1,1,1,2
SF,IH2006,2020-04-20 09:30:41.500,2738.2000,22155,0,119173260.000,1,0,1,多换,S,2738.6000,2738.2000,2737.4000,2737.0000,2736.6000,2738.8000,2739.6000,2740.0000,2740.2000,2741.0000,3,1,1,1,2,1,1,1,2,4
SF,IH2006,2020-04-20 09:30:42.000,2738.6000,22152,-3,121638000.000,3,0,3,双平,S,2738.2000,2737.4000,2737.0000,2736.6000,2736.2000,2738.6000,2739.6000,2740.0000,2740.2000,2741.0000,1,1,1,2,1,7,1,1,2,4
SF,IH2006,2020-04-20 09:30:42.500,2738.6000,22152,0,121638000.000,0,-,-,-,-,2737.4000,2737.0000,2736.6000,2736.2000,2736.0000,2738.6000,2739.6000,2740.0000,2740.2000,2741.0000,1,1,2,1,2,2,1,1,2,4
SF,IH2006,2020-04-20 09:30:43.000,2737.6000,22152,0,122459280.000,1,0,1,多换,S,2737.6000,2737.4000,2737.0000,2736.6000,2736.2000,2738.6000,2739.6000,2740.0000,2740.2000,2741.0000,2,1,1,2,1,1,1,1,2,4
SF,IH2006,2020-04-20 09:30:43.500,2737.6000,22150,-2,124101840.000,2,0,2,双平,S,2738.4000,2737.0000,2736.6000,2736.2000,2736.0000,2738.6000,2739.6000,2740.0000,2740.2000,2741.0000,1,1,2,1,2,1,1,1,2,5
SF,IH2006,2020-04-20 09:30:44.000,2737.8000,22148,-2,125744640.000,2,0,2,双平,S,2737.0000,2736.6000,2736.2000,2736.0000,2735.4000,2738.4000,2738.6000,2739.6000,2740.0000,2740.2000,1,2,1,2,1,2,1,1,1,2
SF,IH2006,2020-04-20 09:30:44.500,2737.8000,22148,0,125744640.000,0,-,-,-,-,2737.4000,2737.2000,2737.0000,2736.8000,2736.6000,2738.4000,2738.6000,2739.6000,2740.0000,2740.2000,2,12,1,1,2,1,1,1,1,2
SF,IH2006,2020-04-20 09:30:45.000,2737.8000,22148,0,125744640.000,0,-,-,-,-,2737.6000,2737.4000,2737.2000,2736.8000,2736.6000,2739.6000,2740.0000,2740.2000,2741.0000,2741.2000,5,2,10,1,2,1,1,2,5,7
SF,IH2006,2020-04-20 09:30:45.500,2737.8000,22148,0,125744640.000,0,-,-,-,-,2737.8000,2737.6000,2737.2000,2736.6000,2736.2000,2739.0000,2739.2000,2739.4000,2739.6000,2740.0000,1,5,1,2,1,5,5,4,1,1
SF,IH2006,2020-04-20 09:30:46.000,2737.8000,22148,0,125744640.000,0,-,-,-,-,2737.6000,2737.2000,2736.6000,2736.2000,2736.0000,2738.8000,2739.0000,2739.2000,2739.6000,2740.0000,2,1,2,1,2,4,5,5,1,1
SF,IH2006,2020-04-20 09:30:46.500,2737.8000,22148,0,125744640.000,0,-,-,-,-,2737.6000,2737.2000,2736.6000,2736.2000,2736.0000,2738.8000,2739.2000,2739.6000,2740.0000,2740.2000,2,1,2,1,2,4,5,1,1,2
SF,IH2006,2020-04-20 09:30:47.000,2737.8000,22148,0,125744640.000,0,-,-,-,-,2737.6000,2737.2000,2736.6000,2736.2000,2736.0000,2738.4000,2738.6000,2738.8000,2739.2000,2739.6000,1,1,2,1,2,1,5,4,5,1
SF,IH2006,2020-04-20 09:30:47.500,2737.8000,22148,0,125744640.000,0,-,-,-,-,2737.6000,2737.2000,2736.6000,2736.2000,2736.0000,2738.2000,2738.4000,2738.8000,2739.2000,2739.6000,1,1,2,1,2,2,1,1,5,1
SF,IH2006,2020-04-20 09:30:48.000,2738.2000,22146,-2,127387560.000,2,0,2,双平,S,2738.2000,2737.8000,2737.6000,2737.2000,2736.6000,2738.4000,2738.8000,2739.2000,2739.6000,2740.0000,1,1,1,1,2,1,1,5,1,1
SF,IH2006,2020-04-20 09:30:48.500,2738.4000,22145,-1,128209080.000,1,0,1,双平,S,2738.4000,2738.2000,2737.8000,2737.6000,2737.2000,2738.8000,2739.2000,2739.6000,2740.0000,2740.2000,1,1,1,1,1,1,5,1,1,2
SF,IH2006,2020-04-20 09:30:49.000,2738.4000,22145,0,128209080.000,0,-,-,-,-,2738.4000,2738.2000,2737.8000,2737.6000,2737.2000,2739.6000,2740.0000,2740.2000,2741.0000,2741.2000,1,1,1,1,1,1,1,2,5,7
SF,IH2006,2020-04-20 09:30:49.500,2738.4000,22145,0,128209080.000,0,-,-,-,-,2738.4000,2738.2000,2737.8000,2737.6000,2737.2000,2739.4000,2739.6000,2740.0000,2740.2000,2741.0000,1,1,1,1,1,1,1,1,2,5
SF,IH2006,2020-04-20 09:30:50.000,2738.4000,22145,0,128209080.000,0,-,-,-,-,2738.6000,2738.4000,2738.2000,2737.8000,2737.6000,2739.6000,2740.0000,2740.2000,2741.0000,2741.2000,1,1,1,1,1,1,1,1,5,7
SF,IH2006,2020-04-20 09:30:50.500,2738.4000,22145,0,128209080.000,0,-,-,-,-,2738.6000,2738.4000,2738.2000,2737.8000,2737.6000,2739.6000,2740.0000,2740.2000,2741.0000,2741.2000,1,1,1,1,1,1,1,1,5,7
SF,IH2006,2020-04-20 09:30:51.000,2738.4000,22145,0,128209080.000,0,-,-,-,-,2738.6000,2738.4000,2738.2000,2737.6000,2737.0000,2739.6000,2740.0000,2740.2000,2741.0000,2741.2000,1,1,1,1,1,1,1,1,5,7
SF,IH2006,2020-04-20 09:30:51.500,2738.4000,22145,0,128209080.000,0,-,-,-,-,2738.8000,2738.6000,2738.4000,2738.2000,2737.6000,2739.6000,2740.0000,2741.0000,2741.2000,2742.8000,1,1,1,1,1,1,1,5,7,2
SF,IH2006,2020-04-20 09:30:52.000,2738.4000,22145,0,128209080.000,0,-,-,-,-,2738.6000,2738.4000,2738.2000,2737.0000,2736.6000,2739.6000,2740.0000,2741.0000,2741.2000,2742.8000,1,1,1,1,2,1,1,5,7,2
SF,IH2006,2020-04-20 09:30:52.500,2738.4000,22145,0,128209080.000,0,-,-,-,-,2739.0000,2738.6000,2738.4000,2738.2000,2737.0000,2739.4000,2739.6000,2740.0000,2741.0000,2741.2000,1,1,1,1,1,1,1,1,5,7
SF,IH2006,2020-04-20 09:30:53.000,2738.4000,22145,0,128209080.000,0,-,-,-,-,2738.6000,2738.4000,2738.2000,2737.0000,2736.6000,2739.2000,2739.6000,2740.0000,2741.0000,2741.2000,1,1,1,1,2,1,1,1,5,7
SF,IH2006,2020-04-20 09:30:55.500,2738.4000,22145,0,128209080.000,0,-,-,-,-,2738.6000,2738.4000,2738.2000,2737.4000,2737.0000,2739.2000,2739.6000,2740.0000,2741.0000,2741.2000,1,1,1,1,1,1,1,1,5,7
SF,IH2006,2020-04-20 09:30:56.000,2738.4000,22145,0,128209080.000,0,-,-,-,-,2738.6000,2738.4000,2738.2000,2737.4000,2737.0000,2739.0000,2739.6000,2740.0000,2741.0000,2741.2000,1,1,1,1,1,1,2,1,5,7
SF,IH2006,2020-04-20 09:30:56.500,2738.4000,22145,0,128209080.000,0,-,-,-,-,2738.6000,2738.4000,2738.2000,2737.4000,2737.0000,2739.0000,2739.6000,2740.0000,2741.0000,2741.2000,1,1,1,1,1,1,2,1,5,7
SF,IH2006,2020-04-20 09:30:57.000,2738.4000,22145,0,128209080.000,0,-,-,-,-,2738.6000,2738.4000,2738.2000,2737.4000,2737.0000,2739.0000,2739.2000,2739.6000,2740.0000,2741.0000,1,1,1,1,1,1,1,2,1,5
SF,IH2006,2020-04-20 09:30:57.500,2739.0000,22144,-1,129030780.000,1,0,1,双平,S,2738.4000,2738.2000,2737.4000,2737.0000,2736.6000,2739.2000,2739.6000,2740.0000,2741.0000,2741.2000,1,1,1,1,2,1,2,1,5,7
SF,IH2006,2020-04-20 09:30:59.000,2738.4000,22143,-1,129852300.000,1,0,1,双平,S,2738.2000,2737.4000,2737.0000,2736.6000,2736.2000,2739.2000,2739.6000,2740.0000,2741.0000,2741.2000,1,1,1,2,1,1,2,1,5,7
SF,IH2006,2020-04-20 09:30:59.500,2738.4000,22143,0,129852300.000,0,-,-,-,-,2738.2000,2737.4000,2737.0000,2736.6000,2736.2000,2739.2000,2739.6000,2740.0000,2741.0000,2741.2000,1,1,1,2,1,2,2,1,5,7
SF,IH2006,2020-04-20 09:31:00.000,2738.4000,22143,0,129852300.000,0,-,-,-,-,2738.2000,2737.4000,2737.0000,2736.6000,2736.2000,2739.0000,2739.2000,2739.6000,2740.0000,2741.0000,1,1,1,2,1,1,2,2,1,5
SF,IH2006,2020-04-20 09:31:00.500,2738.4000,22143,0,129852300.000,0,-,-,-,-,2738.2000,2737.4000,2737.0000,2736.6000,2736.2000,2739.2000,2739.6000,2740.0000,2741.0000,2741.2000,1,1,1,2,1,2,2,1,5,7
SF,IH2006,2020-04-20 09:31:01.000,2738.4000,22143,0,130673820.000,1,0,1,多换,S,2738.2000,2737.4000,2737.0000,2736.6000,2736.2000,2739.0000,2739.2000,2739.6000,2740.0000,2741.0000,1,1,1,2,1,2,2,2,1,5
SF,IH2006,2020-04-20 09:31:01.500,2738.2000,22142,-1,131495280.000,1,0,1,双平,S,2737.4000,2737.0000,2736.6000,2736.2000,2736.0000,2739.0000,2739.2000,2739.6000,2740.0000,2741.0000,1,1,2,1,2,3,2,2,1,5
SF,IH2006,2020-04-20 09:31:02.000,2738.2000,22142,0,131495280.000,0,-,-,-,-,2737.6000,2737.4000,2737.0000,2736.6000,2736.2000,2738.8000,2739.0000,2739.2000,2739.6000,2740.0000,4,1,1,2,1,1,3,2,2,1
SF,IH2006,2020-04-20 09:31:02.500,2737.6000,22142,0,132316560.000,1,0,1,多换,S,2737.8000,2737.6000,2737.4000,2737.0000,2736.6000,2738.6000,2739.0000,2739.2000,2739.6000,2740.0000,2,2,1,1,2,1,1,2,2,1
SF,IH2006,2020-04-20 09:31:03.000,2739.0000,22140,-2,133959840.000,2,0,2,双平,S,2737.8000,2737.6000,2737.4000,2737.0000,2736.6000,2739.2000,2739.6000,2740.0000,2741.0000,2741.2000,2,2,1,1,2,2,2,1,5,7
SF,IH2006,2020-04-20 09:31:03.500,2739.0000,22140,0,133959840.000,0,-,-,-,-,2738.0000,2737.8000,2737.4000,2737.0000,2736.6000,2739.2000,2739.6000,2740.0000,2741.0000,2741.2000,7,2,1,1,2,2,2,1,5,7
SF,IH2006,2020-04-20 09:31:04.000,2739.2000,22140,0,134781600.000,1,0,1,多换,S,2738.2000,2738.0000,2737.8000,2737.4000,2737.0000,2739.2000,2739.6000,2740.0000,2741.0000,2741.2000,4,7,2,1,1,1,2,1,5,7
SF,IH2006,2020-04-20 09:31:04.500,2739.2000,22139,-1,135603360.000,1,0,1,双平,S,2738.4000,2738.2000,2738.0000,2737.8000,2737.4000,2739.6000,2740.0000,2741.0000,2741.2000,2741.6000,9,4,4,2,1,2,1,5,7,1
SF,IH2006,2020-04-20 09:31:05.000,2739.2000,22139,0,135603360.000,0,-,-,-,-,2738.6000,2738.4000,2738.2000,2738.0000,2737.8000,2739.4000,2739.6000,2740.0000,2741.0000,2741.2000,1,3,4,4,2,2,2,1,5,7
SF,IH2006,2020-04-20 09:31:05.500,2739.2000,22139,0,135603360.000,0,-,-,-,-,2738.8000,2738.6000,2738.4000,2738.2000,2738.0000,2739.6000,2740.0000,2741.0000,2741.2000,2741.6000,3,1,1,4,2,2,1,5,7,1
SF,IH2006,2020-04-20 09:31:06.000,2739.2000,22139,0,135603360.000,0,-,-,-,-,2738.8000,2738.4000,2738.0000,2737.4000,2737.0000,2739.6000,2740.0000,2741.0000,2741.2000,2741.6000,3,1,2,1,1,2,1,5,7,1
SF,IH2006,2020-04-20 09:31:06.500,2739.2000,22139,0,135603360.000,0,-,-,-,-,2738.8000,2738.4000,2738.0000,2737.4000,2737.0000,2739.4000,2739.6000,2740.0000,2741.0000,2741.2000,1,1,2,1,1,2,2,1,5,7
SF,IH2006,2020-04-20 09:31:07.000,2739.2000,22139,0,135603360.000,0,-,-,-,-,2738.8000,2738.4000,2737.4000,2737.0000,2736.6000,2739.4000,2739.6000,2740.0000,2741.0000,2741.2000,1,1,1,1,2,2,2,1,5,7
SF,IH2006,2020-04-20 09:31:07.500,2739.2000,22139,0,135603360.000,0,-,-,-,-,2738.4000,2737.4000,2737.0000,2736.6000,2736.2000,2738.8000,2739.4000,2739.6000,2740.0000,2741.0000,1,1,1,2,1,1,2,2,1,5
SF,IH2006,2020-04-20 09:31:08.000,2739.2000,22139,0,135603360.000,0,-,-,-,-,2738.4000,2737.4000,2737.0000,2736.6000,2736.2000,2738.8000,2739.4000,2739.6000,2740.0000,2741.0000,1,1,1,2,1,1,1,3,1,5
SF,IH2006,2020-04-20 09:31:08.500,2738.8000,22138,-1,136425000.000,1,0,1,双平,S,2738.6000,2738.4000,2737.4000,2737.0000,2736.6000,2739.4000,2739.6000,2740.0000,2740.2000,2741.0000,1,1,1,1,2,1,3,1,1,5
SF,IH2006,2020-04-20 09:31:09.000,2738.8000,22138,0,136425000.000,0,-,-,-,-,2738.6000,2738.4000,2737.4000,2737.0000,2736.6000,2739.4000,2739.6000,2740.0000,2740.2000,2741.0000,1,1,1,1,2,1,3,1,1,6
SF,IH2006,2020-04-20 09:31:10.000,2738.8000,22138,0,136425000.000,0,-,-,-,-,2738.6000,2738.4000,2737.4000,2737.0000,2736.6000,2739.4000,2739.6000,2740.0000,2740.2000,2741.0000,1,1,1,1,2,1,3,1,1,6
SF,IH2006,2020-04-20 09:31:10.500,2739.4000,22137,-1,137246820.000,1,0,1,双平,S,2738.6000,2738.4000,2737.4000,2737.0000,2736.6000,2739.6000,2740.0000,2740.2000,2741.0000,2741.2000,1,1,1,1,2,3,1,1,6,7
SF,IH2006,2020-04-20 09:31:11.000,2739.4000,22137,0,137246820.000,0,-,-,-,-,2738.8000,2738.6000,2737.4000,2737.0000,2736.6000,2739.6000,2740.0000,2740.2000,2741.0000,2741.2000,1,1,1,1,2,3,1,1,6,7
SF,IH2006,2020-04-20 09:31:11.500,2739.4000,22137,0,137246820.000,0,-,-,-,-,2738.8000,2738.6000,2737.4000,2737.0000,2736.6000,2739.6000,2740.0000,2740.2000,2741.0000,2741.2000,1,1,1,1,2,3,1,1,6,6
SF,IH2006,2020-04-20 09:31:12.000,2739.4000,22137,0,137246820.000,0,-,-,-,-,2739.0000,2738.8000,2737.4000,2737.0000,2736.6000,2739.6000,2740.0000,2740.2000,2741.0000,2741.2000,2,1,1,1,2,3,1,1,6,5
SF,IH2006,2020-04-20 09:31:12.500,2739.4000,22137,0,137246820.000,0,-,-,-,-,2739.2000,2739.0000,2738.8000,2738.6000,2737.4000,2739.6000,2740.0000,2740.2000,2741.0000,2741.2000,1,2,1,1,1,3,1,1,6,5
SF,IH2006,2020-04-20 09:31:13.000,2739.4000,22137,0,137246820.000,0,-,-,-,-,2739.2000,2738.8000,2738.6000,2737.4000,2737.0000,2739.6000,2740.0000,2740.2000,2741.0000,2741.2000,1,1,1,1,1,3,1,1,6,5
SF,IH2006,2020-04-20 09:31:13.500,2739.4000,22137,0,137246820.000,0,-,-,-,-,2738.8000,2738.6000,2737.4000,2737.0000,2736.6000,2739.6000,2740.0000,2740.2000,2741.0000,2741.2000,1,1,1,1,2,2,1,1,6,5
SF,IH2006,2020-04-20 09:31:14.000,2739.4000,22137,0,137246820.000,0,-,-,-,-,2738.8000,2738.6000,2737.4000,2737.0000,2736.6000,2739.6000,2740.0000,2740.2000,2741.0000,2741.2000,1,1,1,1,2,2,1,1,6,5
SF,IH2006,2020-04-20 09:31:14.500,2739.6000,22137,0,138890580.000,2,1,1,多换,S,2739.6000,2739.2000,2739.0000,2738.8000,2738.6000,2740.0000,2740.2000,2741.0000,2741.2000,2741.6000,1,1,9,1,1,1,1,2,5,2
SF,IH2006,2020-04-20 09:31:15.000,2740.0000,22136,-1,139712580.000,1,0,1,双平,S,2740.2000,2740.0000,2739.8000,2739.2000,2739.0000,2741.0000,2741.2000,2741.6000,2742.8000,2743.0000,2,2,3,1,2,2,5,2,2,1
SF,IH2006,2020-04-20 09:31:15.500,2740.0000,22136,0,139712580.000,0,-,-,-,-,2740.2000,2740.0000,2739.8000,2739.4000,2739.2000,2740.8000,2741.0000,2741.2000,2741.6000,2742.2000,2,1,3,1,1,2,2,5,2,1
SF,IH2006,2020-04-20 09:31:16.000,2740.0000,22136,0,139712580.000,0,-,-,-,-,2740.0000,2739.4000,2739.2000,2739.0000,2738.8000,2740.8000,2741.0000,2741.2000,2741.6000,2742.2000,1,1,1,1,2,2,2,1,2,1
SF,IH2006,2020-04-20 09:31:16.500,2740.0000,22136,0,139712580.000,0,-,-,-,-,2739.8000,2739.4000,2739.2000,2739.0000,2738.8000,2740.0000,2740.6000,2740.8000,2741.0000,2741.2000,1,1,1,1,2,1,1,2,2,1
SF,IH2006,2020-04-20 09:31:17.000,2739.8000,22133,-3,142178520.000,3,0,3,双平,S,2739.4000,2739.2000,2739.0000,2738.8000,2738.6000,2740.6000,2740.8000,2741.0000,2741.2000,2741.6000,1,1,1,2,1,1,1,2,1,2
SF,IH2006,2020-04-20 09:31:17.500,2739.8000,22133,0,142178520.000,0,-,-,-,-,2739.6000,2739.4000,2739.2000,2739.0000,2738.8000,2740.4000,2740.6000,2741.0000,2741.2000,2741.6000,2,1,1,1,1,2,1,2,1,2
SF,IH2006,2020-04-20 09:31:18.000,2739.8000,22133,0,142178520.000,0,-,-,-,-,2739.6000,2739.4000,2739.2000,2739.0000,2738.8000,2740.4000,2741.0000,2741.2000,2741.6000,2742.2000,2,2,1,1,1,1,2,1,2,1
SF,IH2006,2020-04-20 09:31:18.500,2739.8000,22133,0,142178520.000,0,-,-,-,-,2740.4000,2739.8000,2739.6000,2739.4000,2739.2000,2741.0000,2741.2000,2741.6000,2742.2000,2742.6000,2,2,4,2,1,2,1,2,1,5
SF,IH2006,2020-04-20 09:31:19.000,2739.8000,22133,0,142178520.000,0,-,-,-,-,2740.4000,2739.8000,2739.6000,2739.4000,2738.8000,2741.0000,2741.2000,2741.6000,2742.2000,2742.6000,2,1,4,2,1,2,1,2,1,5
SF,IH2006,2020-04-20 09:31:19.500,2739.8000,22133,0,142178520.000,0,-,-,-,-,2740.4000,2740.2000,2739.8000,2739.6000,2739.4000,2741.0000,2741.2000,2741.6000,2742.2000,2742.6000,2,1,1,4,2,2,1,2,1,5
SF,IH2006,2020-04-20 09:31:20.000,2739.8000,22133,0,142178520.000,0,-,-,-,-,2740.4000,2740.2000,2739.8000,2739.6000,2739.4000,2740.8000,2741.0000,2741.2000,2741.6000,2742.2000,2,1,1,4,2,1,2,1,2,1
SF,IH2006,2020-04-20 09:31:20.500,2740.4000,22131,-2,144644820.000,3,0,3,多平,S,2740.2000,2739.8000,2739.6000,2739.4000,2738.8000,2740.4000,2740.8000,2741.0000,2741.2000,2741.6000,1,1,4,2,1,1,1,2,1,2
SF,IH2006,2020-04-20 09:31:21.000,2739.6000,22127,-4,148754460.000,5,0,5,多平,S,2739.6000,2739.4000,2738.8000,2738.6000,2738.2000,2740.4000,2740.8000,2741.0000,2741.2000,2741.6000,1,2,1,1,1,1,1,2,1,2
SF,IH2006,2020-04-20 09:31:21.500,2739.6000,22126,-1,150398220.000,2,0,2,多平,S,2739.4000,2738.8000,2738.2000,2737.8000,2737.4000,2740.2000,2740.4000,2740.8000,2741.0000,2741.2000,3,1,1,1,1,2,1,1,2,1
SF,IH2006,2020-04-20 09:31:22.000,2739.6000,22126,0,150398220.000,0,-,-,-,-,2739.4000,2739.2000,2738.8000,2738.2000,2737.8000,2740.2000,2740.4000,2740.8000,2741.0000,2741.2000,2,1,1,1,1,2,1,1,2,1
SF,IH2006,2020-04-20 09:31:22.500,2739.6000,22126,0,150398220.000,0,-,-,-,-,2739.4000,2739.2000,2738.8000,2738.2000,2737.8000,2740.0000,2740.2000,2740.4000,2740.8000,2741.0000,2,1,1,1,1,1,2,1,1,2
SF,IH2006,2020-04-20 09:31:23.000,2739.6000,22126,0,150398220.000,0,-,-,-,-,2739.4000,2739.2000,2738.8000,2738.2000,2737.8000,2739.8000,2740.0000,2740.2000,2740.4000,2741.0000,2,2,1,1,1,1,1,1,1,2
SF,IH2006,2020-04-20 09:31:23.500,2739.4000,22125,-1,151220040.000,1,0,1,双平,S,2739.4000,2739.2000,2738.8000,2738.2000,2737.8000,2739.8000,2740.2000,2740.4000,2741.0000,2741.2000,1,3,1,1,1,1,1,1,2,1
SF,IH2006,2020-04-20 09:31:24.000,2739.8000,22124,-1,152041980.000,1,0,1,双平,S,2739.4000,2739.2000,2738.8000,2738.2000,2737.8000,2740.2000,2740.4000,2741.0000,2741.2000,2741.6000,1,3,1,1,1,1,1,2,1,1
SF,IH2006,2020-04-20 09:31:24.500,2739.8000,22124,0,152041980.000,0,-,-,-,-,2739.4000,2739.2000,2738.8000,2738.2000,2737.8000,2740.0000,2740.2000,2740.4000,2741.0000,2741.2000,1,5,1,1,1,1,1,1,2,1
SF,IH2006,2020-04-20 09:31:25.000,2739.8000,22124,0,152041980.000,0,-,-,-,-,2739.4000,2739.2000,2738.8000,2738.2000,2737.8000,2739.8000,2740.2000,2740.4000,2741.0000,2741.2000,1,5,1,1,1,1,1,1,2,1
SF,IH2006,2020-04-20 09:31:25.500,2739.8000,22124,0,152041980.000,0,-,-,-,-,2739.8000,2739.4000,2739.2000,2738.8000,2738.2000,2740.2000,2740.4000,2741.0000,2741.2000,2741.6000,1,1,6,1,1,1,1,2,1,1
SF,IH2006,2020-04-20 09:31:26.000,2740.2000,22123,-1,152864040.000,1,0,1,双平,S,2739.8000,2739.4000,2739.2000,2738.8000,2738.2000,2740.4000,2741.0000,2741.2000,2741.6000,2742.0000,1,1,6,1,1,1,2,1,1,1
SF,IH2006,2020-04-20 09:31:26.500,2740.2000,22123,0,152864040.000,0,-,-,-,-,2740.0000,2739.8000,2739.6000,2739.4000,2739.2000,2740.4000,2741.0000,2741.2000,2741.6000,2742.0000,1,1,1,1,6,1,2,1,1,1
SF,IH2006,2020-04-20 09:31:27.000,2739.8000,22121,-2,154507980.000,2,0,2,双平,S,2739.8000,2739.6000,2739.4000,2739.2000,2738.8000,2740.2000,2741.0000,2741.2000,2741.6000,2742.0000,1,1,1,6,1,1,2,1,1,1
SF,IH2006,2020-04-20 09:31:27.500,2739.8000,22121,0,154507980.000,0,-,-,-,-,2739.8000,2739.6000,2739.4000,2739.2000,2738.8000,2740.0000,2740.2000,2741.0000,2741.2000,2741.6000,1,2,1,6,1,1,1,2,1,1
SF,IH2006,2020-04-20 09:31:28.000,2739.8000,22121,0,154507980.000,0,-,-,-,-,2739.8000,2739.6000,2739.4000,2739.2000,2738.8000,2740.2000,2741.0000,2741.2000,2741.6000,2742.0000,1,3,1,6,1,1,2,1,1,1
SF,IH2006,2020-04-20 09:31:29.000,2740.2000,22120,-1,155330040.000,1,0,1,双平,S,2739.8000,2739.6000,2739.4000,2739.2000,2738.8000,2741.0000,2741.2000,2741.6000,2742.0000,2742.6000,1,3,1,6,1,2,1,1,1,4
SF,IH2006,2020-04-20 09:31:29.500,2740.2000,22120,0,155330040.000,0,-,-,-,-,2740.0000,2739.8000,2739.6000,2739.4000,2739.2000,2740.8000,2741.0000,2741.2000,2741.6000,2742.0000,2,1,4,1,6,2,2,1,1,1
SF,IH2006,2020-04-20 09:31:30.000,2740.2000,22120,0,155330040.000,0,-,-,-,-,2739.8000,2739.6000,2739.4000,2739.2000,2738.8000,2740.8000,2741.0000,2741.2000,2741.6000,2742.0000,2,4,1,6,1,2,2,1,1,1
SF,IH2006,2020-04-20 09:31:30.500,2740.2000,22120,0,155330040.000,0,-,-,-,-,2739.8000,2739.6000,2739.4000,2739.2000,2738.8000,2740.4000,2740.8000,2741.0000,2741.2000,2741.6000,2,5,1,6,1,1,2,2,1,1
SF,IH2006,2020-04-20 09:31:31.000,2740.2000,22120,0,155330040.000,0,-,-,-,-,2740.4000,2739.8000,2739.6000,2739.4000,2739.2000,2740.8000,2741.0000,2741.2000,2741.6000,2742.0000,1,2,5,1,6,1,2,1,1,1
SF,IH2006,2020-04-20 09:31:31.500,2740.2000,22120,0,155330040.000,0,-,-,-,-,2739.8000,2739.6000,2739.4000,2739.2000,2738.8000,2740.8000,2741.0000,2741.2000,2741.6000,2742.0000,2,5,1,6,1,1,2,1,1,1
SF,IH2006,2020-04-20 09:31:32.000,2740.2000,22120,0,155330040.000,0,-,-,-,-,2740.0000,2739.8000,2739.6000,2739.4000,2739.2000,2741.0000,2741.2000,2741.6000,2742.0000,2742.4000,2,2,6,1,6,2,1,1,1,1
SF,IH2006,2020-04-20 09:31:32.500,2740.2000,22120,0,155330040.000,0,-,-,-,-,2740.0000,2739.8000,2739.6000,2739.4000,2739.2000,2740.8000,2741.0000,2741.2000,2741.6000,2742.0000,2,4,6,1,6,1,2,1,1,1
SF,IH2006,2020-04-20 09:31:33.000,2740.2000,22120,0,155330040.000,0,-,-,-,-,2740.4000,2740.2000,2740.0000,2739.8000,2739.6000,2741.0000,2741.2000,2741.6000,2742.0000,2742.4000,1,3,2,6,6,2,1,1,1,1
SF,IH2006,2020-04-20 09:31:33.500,2740.2000,22120,0,155330040.000,0,-,-,-,-,2740.6000,2740.4000,2740.2000,2740.0000,2739.8000,2740.8000,2741.0000,2741.2000,2741.6000,2742.0000,1,1,1,2,6,2,2,1,1,1
SF,IH2006,2020-04-20 09:31:34.000,2740.2000,22119,-1,156152100.000,1,0,1,双平,S,2740.2000,2740.0000,2739.8000,2739.6000,2739.4000,2740.6000,2740.8000,2741.0000,2741.2000,2741.6000,1,2,6,6,1,2,2,2,1,1
SF,IH2006,2020-04-20 09:31:34.500,2740.2000,22119,0,156152100.000,0,-,-,-,-,2740.2000,2740.0000,2739.8000,2739.6000,2739.4000,2740.6000,2740.8000,2741.0000,2741.2000,2741.6000,1,2,6,6,1,2,1,2,1,1
SF,IH2006,2020-04-20 09:31:35.000,2740.2000,22119,0,156152100.000,0,-,-,-,-,2740.2000,2740.0000,2739.8000,2739.6000,2739.4000,2740.6000,2740.8000,2741.0000,2741.2000,2741.6000,1,5,6,6,1,1,1,2,1,1
SF,IH2006,2020-04-20 09:31:35.500,2740.8000,22118,-1,156974340.000,1,0,1,双平,S,2740.6000,2740.4000,2740.2000,2740.0000,2739.8000,2741.0000,2741.2000,2741.6000,2742.0000,2742.4000,1,1,1,6,7,2,1,1,1,1
SF,IH2006,2020-04-20 09:31:36.000,2740.8000,22116,-2,158618880.000,2,0,2,双平,S,2740.8000,2740.6000,2740.4000,2740.2000,2740.0000,2741.0000,2741.2000,2741.6000,2742.0000,2742.4000,1,1,1,1,6,1,1,1,1,1
SF,IH2006,2020-04-20 09:31:36.500,2741.0000,22115,-1,159441180.000,1,0,1,双平,S,2740.8000,2740.6000,2740.4000,2740.2000,2740.0000,2741.2000,2741.6000,2742.0000,2742.4000,2742.6000,1,1,1,3,6,1,1,1,1,4
SF,IH2006,2020-04-20 09:31:37.000,2741.0000,22115,0,159441180.000,0,-,-,-,-,2740.8000,2740.6000,2740.4000,2740.2000,2740.0000,2741.2000,2741.6000,2742.0000,2742.4000,2742.6000,1,2,1,3,6,1,1,1,1,4
SF,IH2006,2020-04-20 09:31:37.500,2741.0000,22115,0,159441180.000,0,-,-,-,-,2740.8000,2740.6000,2740.4000,2740.2000,2740.0000,2741.2000,2741.6000,2742.0000,2742.4000,2742.6000,1,4,1,3,6,1,1,1,1,4
SF,IH2006,2020-04-20 09:31:38.000,2741.0000,22114,-1,160263480.000,1,0,1,双平,S,2740.8000,2740.6000,2740.4000,2740.2000,2740.0000,2741.2000,2741.6000,2742.0000,2742.4000,2742.6000,1,7,1,3,6,1,1,1,1,4
SF,IH2006,2020-04-20 09:31:38.500,2740.8000,22113,-1,161085720.000,1,0,1,双平,S,2740.6000,2740.4000,2740.2000,2740.0000,2739.8000,2741.2000,2741.6000,2742.0000,2742.4000,2742.6000,7,1,3,6,7,1,1,1,1,4
SF,IH2006,2020-04-20 09:31:39.000,2740.8000,22113,0,161085720.000,0,-,-,-,-,2740.8000,2740.6000,2740.4000,2740.2000,2740.0000,2741.2000,2741.6000,2742.0000,2742.4000,2742.6000,1,7,1,3,6,1,1,1,1,4
SF,IH2006,2020-04-20 09:31:40.000,2740.6000,22112,-1,161907900.000,1,0,1,双平,S,2740.6000,2740.4000,2740.2000,2740.0000,2739.8000,2741.2000,2741.6000,2742.0000,2742.4000,2742.6000,6,1,3,6,7,1,1,1,1,4
SF,IH2006,2020-04-20 09:31:40.500,2740.6000,22112,0,161907900.000,0,-,-,-,-,2740.6000,2740.4000,2740.2000,2740.0000,2739.8000,2741.0000,2741.2000,2741.6000,2742.0000,2742.4000,6,6,3,6,7,2,1,1,1,1
SF,IH2006,2020-04-20 09:31:41.000,2740.6000,22112,0,161907900.000,0,-,-,-,-,2740.6000,2740.4000,2740.2000,2740.0000,2739.8000,2741.0000,2741.2000,2741.6000,2742.0000,2742.4000,6,5,3,6,7,4,1,1,1,1
SF,IH2006,2020-04-20 09:31:41.500,2740.6000,22112,0,161907900.000,0,-,-,-,-,2740.6000,2740.4000,2740.2000,2740.0000,2739.8000,2740.8000,2741.0000,2741.2000,2741.6000,2742.0000,6,5,2,6,7,1,4,1,1,1
SF,IH2006,2020-04-20 09:31:42.000,2740.6000,22106,-6,166841040.000,6,0,6,双平,S,2740.6000,2740.4000,2740.2000,2740.0000,2739.8000,2741.0000,2741.2000,2741.6000,2742.0000,2742.4000,2,6,2,6,7,3,1,1,1,1
SF,IH2006,2020-04-20 09:31:42.500,2740.6000,22104,-2,168485400.000,2,0,2,双平,S,2740.4000,2740.2000,2740.0000,2739.8000,2739.6000,2740.8000,2741.0000,2741.2000,2741.6000,2742.0000,8,2,6,7,6,1,3,1,1,1
SF,IH2006,2020-04-20 09:31:43.000,2740.6000,22104,0,168485400.000,0,-,-,-,-,2740.4000,2740.2000,2740.0000,2739.8000,2739.6000,2741.0000,2741.2000,2741.6000,2742.0000,2742.4000,8,5,6,7,6,3,1,1,1,1
SF,IH2006,2020-04-20 09:31:43.500,2740.6000,22103,-1,169307580.000,1,0,1,双平,S,2740.4000,2740.2000,2740.0000,2739.8000,2739.6000,2740.8000,2741.0000,2741.2000,2741.6000,2742.0000,8,5,5,7,6,1,3,1,1,1
SF,IH2006,2020-04-20 09:31:44.000,2740.6000,22103,0,169307580.000,0,-,-,-,-,2740.4000,2740.2000,2740.0000,2739.8000,2739.6000,2740.6000,2741.0000,2741.2000,2741.6000,2742.0000,8,4,5,7,6,1,3,1,1,1
SF,IH2006,2020-04-20 09:31:44.500,2740.4000,22102,-1,170129700.000,1,0,1,双平,S,2740.4000,2740.2000,2740.0000,2739.8000,2739.6000,2741.0000,2741.2000,2741.6000,2742.0000,2742.4000,7,4,5,7,6,3,1,1,1,1
SF,IH2006,2020-04-20 09:31:45.000,2740.4000,22102,0,170129700.000,0,-,-,-,-,2740.4000,2740.2000,2740.0000,2739.8000,2739.6000,2740.8000,2741.0000,2741.2000,2741.6000,2742.0000,7,4,5,7,6,1,3,1,1,1
SF,IH2006,2020-04-20 09:31:45.500,2740.4000,22102,0,170129700.000,0,-,-,-,-,2740.4000,2740.2000,2740.0000,2739.8000,2739.6000,2741.0000,2741.2000,2741.6000,2742.0000,2742.4000,8,7,5,7,6,3,1,1,1,1
SF,IH2006,2020-04-20 09:31:46.000,2740.8000,22101,-1,170951940.000,1,0,1,双平,S,2740.4000,2740.2000,2740.0000,2739.8000,2739.6000,2741.0000,2741.2000,2741.6000,2742.0000,2742.4000,8,7,5,7,6,3,1,1,1,1
SF,IH2006,2020-04-20 09:31:46.500,2740.8000,22101,0,170951940.000,0,-,-,-,-,2740.4000,2740.2000,2740.0000,2739.8000,2739.6000,2741.0000,2741.2000,2741.6000,2742.0000,2742.4000,7,7,4,6,4,3,1,1,1,1
SF,IH2006,2020-04-20 09:31:47.000,2740.8000,22101,0,170951940.000,0,-,-,-,-,2740.6000,2740.4000,2740.2000,2740.0000,2739.8000,2741.0000,2741.2000,2741.6000,2742.0000,2742.4000,1,14,7,4,6,3,1,1,1,1
SF,IH2006,2020-04-20 09:31:47.500,2740.8000,22101,0,170951940.000,0,-,-,-,-,2740.4000,2740.2000,2740.0000,2739.8000,2739.6000,2741.0000,2741.2000,2741.6000,2742.0000,2742.4000,12,7,4,4,3,3,1,1,1,1
SF,IH2006,2020-04-20 09:31:48.000,2740.4000,22100,-1,173418300.000,3,1,2,多平,S,2740.4000,2740.2000,2740.0000,2739.8000,2739.6000,2741.0000,2741.2000,2741.6000,2742.0000,2742.4000,9,4,4,3,2,3,1,1,1,1
SF,IH2006,2020-04-20 09:31:50.500,2740.4000,22100,0,173418300.000,0,-,-,-,-,2740.4000,2740.2000,2740.0000,2739.8000,2739.6000,2741.0000,2741.2000,2741.6000,2742.0000,2742.4000,9,4,4,3,2,3,1,1,1,1
SF,IH2006,2020-04-20 09:31:51.000,2740.8000,22097,-3,175884900.000,3,0,3,双平,S,2740.4000,2740.2000,2740.0000,2739.8000,2739.6000,2740.8000,2741.0000,2741.2000,2741.6000,2741.8000,8,2,2,3,2,4,7,1,1,1
SF,IH2006,2020-04-20 09:31:51.500,2740.4000,22094,-3,179173380.000,4,0,4,多平,S,2740.4000,2740.2000,2740.0000,2739.8000,2739.6000,2741.0000,2741.2000,2741.6000,2741.8000,2742.0000,7,2,2,3,2,7,1,1,1,1
SF,IH2006,2020-04-20 09:31:52.000,2741.0000,22094,0,179995680.000,1,0,1,多换,S,2740.4000,2740.2000,2740.0000,2739.8000,2739.6000,2741.0000,2741.2000,2741.6000,2741.8000,2742.0000,3,2,2,3,2,6,1,1,1,1
SF,IH2006,2020-04-20 09:31:52.500,2741.0000,22094,0,181640280.000,2,1,1,多换,S,2740.4000,2740.2000,2740.0000,2739.8000,2739.6000,2741.0000,2741.2000,2741.6000,2741.8000,2742.0000,9,2,2,2,1,4,1,1,1,1
SF,IH2006,2020-04-20 09:31:53.000,2741.0000,22094,0,181640280.000,0,-,-,-,-,2740.6000,2740.4000,2740.2000,2740.0000,2739.8000,2741.0000,2741.2000,2741.6000,2741.8000,2742.0000,1,12,2,2,2,4,1,1,1,1
SF,IH2006,2020-04-20 09:31:53.500,2741.0000,22094,0,182462580.000,1,0,1,多换,S,2740.6000,2740.4000,2740.2000,2740.0000,2739.8000,2741.0000,2741.2000,2741.6000,2741.8000,2742.0000,7,12,2,2,2,3,1,2,1,1
SF,IH2006,2020-04-20 09:31:54.000,2741.0000,22094,0,182462580.000,0,-,-,-,-,2740.6000,2740.4000,2740.2000,2740.0000,2739.8000,2741.0000,2741.2000,2741.6000,2741.8000,2742.0000,13,12,2,2,2,3,1,2,1,1
SF,IH2006,2020-04-20 09:31:54.500,2740.6000,22093,-1,184106940.000,2,0,2,多平,S,2740.6000,2740.4000,2740.2000,2740.0000,2739.8000,2740.8000,2741.0000,2741.2000,2741.6000,2741.8000,11,12,2,2,2,1,3,1,2,2
SF,IH2006,2020-04-20 09:31:55.000,2740.8000,22090,-3,186573600.000,3,0,3,双平,S,2740.6000,2740.4000,2740.2000,2740.0000,2739.8000,2741.0000,2741.2000,2741.6000,2741.8000,2742.0000,10,12,2,2,2,3,1,2,2,1
SF,IH2006,2020-04-20 09:31:56.500,2740.8000,22090,0,186573600.000,0,-,-,-,-,2740.6000,2740.4000,2740.2000,2740.0000,2739.8000,2741.0000,2741.2000,2741.6000,2742.0000,2742.4000,10,12,2,2,2,3,1,2,1,1
SF,IH2006,2020-04-20 09:31:57.000,2740.8000,22090,0,186573600.000,0,-,-,-,-,2740.6000,2740.4000,2740.2000,2740.0000,2739.8000,2741.0000,2741.2000,2741.6000,2742.0000,2742.4000,10,9,1,1,2,3,1,2,1,1
SF,IH2006,2020-04-20 09:31:57.500,2740.8000,22090,0,186573600.000,0,-,-,-,-,2740.6000,2740.4000,2740.2000,2740.0000,2739.8000,2741.0000,2741.2000,2741.6000,2741.8000,2742.0000,13,3,1,1,2,3,1,2,1,1
SF,IH2006,2020-04-20 09:31:58.000,2740.8000,22090,0,186573600.000,0,-,-,-,-,2740.6000,2740.2000,2740.0000,2739.8000,2739.4000,2741.0000,2741.2000,2741.6000,2741.8000,2742.0000,19,1,1,2,1,3,1,3,1,1
SF,IH2006,2020-04-20 09:31:58.500,2740.8000,22090,0,186573600.000,0,-,-,-,-,2740.6000,2740.2000,2740.0000,2739.8000,2739.4000,2741.0000,2741.2000,2741.6000,2741.8000,2742.0000,18,1,1,2,1,3,1,3,1,1
SF,IH2006,2020-04-20 09:31:59.000,2741.0000,22089,-1,187395900.000,1,0,1,双平,S,2740.6000,2740.2000,2740.0000,2739.8000,2739.4000,2741.0000,2741.2000,2741.6000,2741.8000,2742.0000,18,1,1,2,1,2,1,3,1,1
SF,IH2006,2020-04-20 09:31:59.500,2741.0000,22089,0,187395900.000,0,-,-,-,-,2740.6000,2740.2000,2740.0000,2739.8000,2739.4000,2741.0000,2741.2000,2741.6000,2741.8000,2742.0000,21,1,1,2,1,2,1,3,1,1
SF,IH2006,2020-04-20 09:32:00.000,2741.0000,22089,0,187395900.000,0,-,-,-,-,2740.8000,2740.6000,2740.2000,2740.0000,2739.8000,2741.0000,2741.2000,2741.6000,2741.8000,2742.0000,1,21,1,1,2,2,1,3,1,1
SF,IH2006,2020-04-20 09:32:00.500,2740.8000,22087,-2,189040380.000,2,0,2,双平,S,2740.6000,2740.2000,2740.0000,2739.8000,2739.4000,2740.8000,2741.0000,2741.2000,2741.6000,2741.8000,21,1,1,2,1,2,2,1,3,1
SF,IH2006,2020-04-20 09:32:01.000,2740.6000,22085,-2,190684740.000,2,0,2,双平,S,2740.6000,2740.2000,2740.0000,2739.8000,2739.4000,2740.8000,2741.0000,2741.2000,2741.6000,2741.8000,19,1,1,2,1,1,2,1,3,1
SF,IH2006,2020-04-20 09:32:01.500,2740.6000,22079,-6,196440000.000,7,0,7,多平,S,2740.6000,2740.2000,2740.0000,2739.8000,2739.4000,2740.8000,2741.0000,2741.2000,2741.6000,2741.8000,12,1,2,2,1,1,2,1,3,1
SF,IH2006,2020-04-20 09:32:02.000,2740.6000,22067,-12,207128340.000,13,0,13,多平,S,2740.2000,2740.0000,2739.8000,2739.6000,2739.4000,2740.6000,2741.0000,2741.2000,2741.6000,2741.8000,1,1,2,1,1,2,2,1,3,1
SF,IH2006,2020-04-20 09:32:02.500,2740.6000,22067,0,207128340.000,0,-,-,-,-,2740.0000,2739.8000,2739.6000,2739.4000,2739.2000,2740.6000,2741.0000,2741.2000,2741.6000,2741.8000,1,2,1,1,1,1,2,1,3,1
SF,IH2006,2020-04-20 09:32:03.000,2740.6000,22066,-1,207950520.000,1,0,1,双平,S,2740.8000,2740.0000,2739.8000,2739.6000,2739.4000,2741.0000,2741.2000,2741.6000,2741.8000,2742.0000,4,6,2,1,1,2,1,3,1,1
SF,IH2006,2020-04-20 09:32:03.500,2740.8000,22062,-4,211239480.000,4,0,4,双平,S,2740.0000,2739.8000,2739.6000,2739.4000,2739.2000,2740.4000,2740.6000,2740.8000,2741.0000,2741.2000,6,2,1,1,1,1,5,7,2,1
SF,IH2006,2020-04-20 09:32:04.000,2740.4000,22060,-2,213705600.000,3,0,3,多平,S,2740.0000,2739.8000,2739.6000,2739.4000,2739.2000,2740.6000,2741.0000,2741.2000,2741.6000,2741.8000,4,2,1,1,1,5,2,1,3,1
SF,IH2006,2020-04-20 09:32:04.500,2740.4000,22059,-1,214527720.000,1,0,1,双平,S,2740.0000,2739.8000,2739.6000,2739.4000,2739.2000,2740.6000,2741.0000,2741.2000,2741.6000,2741.8000,4,2,1,1,1,5,2,1,3,1
SF,IH2006,2020-04-20 09:32:05.000,2740.0000,22058,-1,215349720.000,1,0,1,双平,S,2740.0000,2739.8000,2739.6000,2739.4000,2739.2000,2740.4000,2740.6000,2741.0000,2741.2000,2741.6000,7,2,1,1,1,3,5,2,1,3
SF,IH2006,2020-04-20 09:32:05.500,2740.0000,22058,0,215349720.000,0,-,-,-,-,2740.0000,2739.8000,2739.6000,2739.4000,2739.2000,2740.4000,2740.6000,2741.0000,2741.2000,2741.6000,7,2,1,1,1,3,6,2,1,3
SF,IH2006,2020-04-20 09:32:06.000,2740.0000,22057,-1,216171720.000,1,0,1,双平,S,2740.0000,2739.8000,2739.6000,2739.4000,2739.2000,2740.4000,2740.6000,2741.0000,2741.2000,2741.6000,6,2,1,1,1,3,6,2,1,3
SF,IH2006,2020-04-20 09:32:07.500,2740.0000,22056,-1,216993720.000,1,0,1,双平,S,2740.0000,2739.8000,2739.6000,2739.4000,2739.2000,2740.2000,2740.4000,2740.6000,2741.0000,2741.2000,5,2,1,1,1,1,3,1,3,1
SF,IH2006,2020-04-20 09:32:08.000,2740.0000,22051,-5,221103720.000,5,0,5,双平,S,2739.8000,2739.6000,2739.4000,2739.2000,2739.0000,2740.0000,2740.4000,2740.6000,2740.8000,2741.0000,2,1,1,1,1,1,3,1,1,3
SF,IH2006,2020-04-20 09:32:08.500,2740.0000,22051,0,221103720.000,0,-,-,-,-,2739.8000,2739.6000,2739.4000,2739.2000,2739.0000,2740.4000,2740.6000,2740.8000,2741.0000,2741.2000,7,1,1,1,1,3,1,1,3,1
SF,IH2006,2020-04-20 09:32:09.000,2740.0000,22051,0,221103720.000,0,-,-,-,-,2739.8000,2739.6000,2739.4000,2739.2000,2739.0000,2740.0000,2740.2000,2740.4000,2740.6000,2740.8000,7,1,1,1,1,1,1,3,1,1
SF,IH2006,2020-04-20 09:32:09.500,2739.8000,22048,-3,225213420.000,5,1,4,多平,S,2739.8000,2739.6000,2739.4000,2739.2000,2739.0000,2740.0000,2740.2000,2740.6000,2740.8000,2741.0000,2,1,1,1,1,1,1,1,1,3
SF,IH2006,2020-04-20 09:32:10.000,2739.6000,22045,-3,227679180.000,3,0,3,双平,S,2739.2000,2739.0000,2738.8000,2738.2000,2737.8000,2739.8000,2740.0000,2740.6000,2740.8000,2741.0000,1,1,1,1,1,3,1,1,1,3
SF,IH2006,2020-04-20 09:32:10.500,2739.6000,22045,0,227679180.000,0,-,-,-,-,2739.2000,2739.0000,2738.8000,2738.2000,2737.8000,2739.6000,2739.8000,2740.0000,2740.6000,2740.8000,3,1,1,1,1,1,3,2,1,1
SF,IH2006,2020-04-20 09:32:11.000,2739.2000,22043,-2,229322820.000,2,0,2,双平,S,2739.2000,2739.0000,2738.8000,2738.2000,2737.8000,2739.8000,2740.0000,2740.6000,2740.8000,2741.0000,2,1,1,1,1,3,2,1,1,3
SF,IH2006,2020-04-20 09:32:12.000,2739.2000,22043,0,229322820.000,0,-,-,-,-,2739.2000,2739.0000,2738.8000,2738.2000,2737.8000,2739.8000,2740.0000,2740.6000,2740.8000,2741.0000,2,1,1,1,1,3,2,1,1,3
SF,IH2006,2020-04-20 09:32:12.500,2739.2000,22043,0,229322820.000,0,-,-,-,-,2739.2000,2739.0000,2738.8000,2738.2000,2737.8000,2740.0000,2740.6000,2740.8000,2741.0000,2741.2000,2,1,1,1,1,2,1,1,3,1
SF,IH2006,2020-04-20 09:32:13.000,2739.2000,22043,0,229322820.000,0,-,-,-,-,2739.2000,2739.0000,2738.8000,2738.2000,2737.8000,2739.8000,2740.0000,2740.6000,2740.8000,2741.0000,2,1,1,1,1,4,2,1,1,3
SF,IH2006,2020-04-20 09:32:14.000,2739.2000,22041,-2,230966340.000,2,0,2,双平,S,2738.8000,2738.2000,2737.8000,2737.4000,2737.0000,2739.4000,2739.6000,2739.8000,2740.0000,2740.6000,1,1,1,1,1,2,1,1,2,1
SF,IH2006,2020-04-20 09:32:14.500,2738.8000,22040,-1,231787980.000,1,0,1,双平,S,2737.8000,2737.4000,2737.0000,2736.8000,2736.6000,2739.2000,2739.4000,2739.6000,2740.0000,2740.6000,1,1,1,1,1,6,2,1,1,1
SF,IH2006,2020-04-20 09:32:15.000,2738.8000,22040,0,231787980.000,0,-,-,-,-,2738.2000,2738.0000,2737.8000,2737.4000,2737.0000,2739.0000,2739.2000,2739.4000,2739.6000,2740.0000,1,1,1,1,1,4,3,2,1,1
SF,IH2006,2020-04-20 09:32:15.500,2738.8000,22040,0,231787980.000,0,-,-,-,-,2737.8000,2737.4000,2737.0000,2736.8000,2736.6000,2738.8000,2739.0000,2739.2000,2739.4000,2739.6000,1,1,1,1,1,5,3,1,2,1
SF,IH2006,2020-04-20 09:32:16.000,2738.8000,22040,0,231787980.000,0,-,-,-,-,2737.8000,2737.4000,2737.0000,2736.8000,2736.6000,2738.6000,2738.8000,2739.0000,2739.2000,2739.4000,4,1,1,1,1,3,6,1,1,2
SF,IH2006,2020-04-20 09:32:16.500,2738.8000,22040,0,231787980.000,0,-,-,-,-,2737.8000,2737.4000,2737.0000,2736.8000,2736.6000,2738.4000,2738.6000,2738.8000,2739.2000,2739.4000,4,1,1,1,1,1,3,4,2,2
SF,IH2006,2020-04-20 09:32:17.500,2738.8000,22040,0,231787980.000,0,-,-,-,-,2737.8000,2737.4000,2737.0000,2736.8000,2736.6000,2738.4000,2738.6000,2738.8000,2739.2000,2739.4000,4,1,1,1,1,2,3,4,2,2
SF,IH2006,2020-04-20 09:32:18.000,2738.8000,22040,0,231787980.000,0,-,-,-,-,2737.8000,2737.4000,2737.0000,2736.8000,2736.6000,2738.2000,2738.4000,2738.6000,2738.8000,2739.2000,3,1,1,1,1,1,2,3,1,2
SF,IH2006,2020-04-20 09:32:18.500,2737.8000,22037,-3,234252000.000,3,0,3,双平,S,2737.4000,2737.0000,2736.8000,2736.6000,2736.2000,2737.8000,2738.0000,2738.2000,2738.4000,2738.6000,1,1,1,1,1,1,1,1,1,2
SF,IH2006,2020-04-20 09:32:19.000,2737.0000,22036,-1,235073100.000,1,0,1,双平,S,2736.8000,2736.6000,2736.2000,2736.0000,2735.8000,2737.8000,2738.0000,2738.2000,2738.4000,2738.6000,1,1,1,2,2,1,1,1,1,2
SF,IH2006,2020-04-20 09:32:19.500,2737.0000,22036,0,235073100.000,0,-,-,-,-,2736.8000,2736.6000,2736.4000,2736.2000,2736.0000,2737.4000,2737.6000,2737.8000,2738.6000,2738.8000,1,1,1,1,2,2,4,1,2,1
SF,IH2006,2020-04-20 09:32:20.000,2737.0000,22036,0,235073100.000,0,-,-,-,-,2736.6000,2736.4000,2736.2000,2736.0000,2735.8000,2737.4000,2737.6000,2737.8000,2738.6000,2738.8000,1,1,1,2,2,2,5,1,2,1
SF,IH2006,2020-04-20 09:32:20.500,2736.6000,22036,0,235894080.000,1,0,1,多换,S,2736.4000,2736.2000,2736.0000,2735.8000,2735.4000,2737.2000,2737.4000,2737.6000,2737.8000,2738.6000,1,1,2,2,1,2,2,2,1,2
SF,IH2006,2020-04-20 09:32:21.000,2736.2000,22035,-1,236714940.000,1,0,1,双平,S,2736.0000,2735.8000,2735.4000,2735.0000,2734.6000,2736.8000,2737.2000,2737.4000,2737.6000,2737.8000,2,2,1,2,1,1,2,2,2,1
SF,IH2006,2020-04-20 09:32:21.500,2736.2000,22035,0,236714940.000,0,-,-,-,-,2736.0000,2735.8000,2735.4000,2735.0000,2734.6000,2736.6000,2736.8000,2737.2000,2737.4000,2737.6000,2,2,1,2,1,1,1,1,2,2
SF,IH2006,2020-04-20 09:32:22.000,2736.0000,22034,-1,237535740.000,1,0,1,双平,S,2736.0000,2735.8000,2735.4000,2735.0000,2734.6000,2736.4000,2736.6000,2736.8000,2737.2000,2737.6000,1,2,1,2,1,2,1,2,1,1
SF,IH2006,2020-04-20 09:32:22.500,2736.0000,22033,-1,238356540.000,1,0,1,双平,S,2735.8000,2735.4000,2735.0000,2734.6000,2734.2000,2736.6000,2736.8000,2737.2000,2737.6000,2738.6000,2,1,2,1,1,2,1,1,1,2
SF,IH2006,2020-04-20 09:32:23.000,2735.8000,22033,0,239177280.000,1,0,1,多换,S,2735.8000,2735.4000,2735.0000,2734.6000,2734.2000,2736.4000,2736.6000,2736.8000,2738.6000,2738.8000,1,2,1,1,1,5,3,3,1,1
SF,IH2006,2020-04-20 09:32:23.500,2735.8000,22033,0,239177280.000,0,-,-,-,-,2735.4000,2735.0000,2734.6000,2734.2000,2733.0000,2736.2000,2736.4000,2736.6000,2736.8000,2738.6000,2,1,1,1,4,2,1,1,1,1
SF,IH2006,2020-04-20 09:32:24.000,2735.8000,22033,0,239177280.000,0,-,-,-,-,2735.4000,2735.0000,2734.6000,2734.2000,2733.6000,2735.8000,2736.4000,2736.6000,2736.8000,2738.6000,1,1,1,1,1,1,1,2,1,1
SF,IH2006,2020-04-20 09:32:24.500,2735.4000,22032,-1,239997900.000,1,0,1,双平,S,2735.0000,2734.6000,2734.2000,2733.6000,2733.0000,2735.8000,2736.4000,2736.6000,2736.8000,2738.6000,1,1,1,1,4,1,1,2,1,1
SF,IH2006,2020-04-20 09:32:25.000,2735.4000,22032,0,239997900.000,0,-,-,-,-,2734.6000,2734.2000,2733.6000,2733.0000,2732.8000,2735.6000,2735.8000,2736.4000,2736.6000,2736.8000,1,1,1,5,1,10,1,1,1,1
SF,IH2006,2020-04-20 09:32:25.500,2735.4000,22032,0,240818520.000,1,0,1,多换,S,2734.6000,2734.2000,2733.6000,2733.0000,2732.8000,2735.6000,2735.8000,2736.4000,2736.6000,2738.6000,1,1,1,5,1,11,1,1,1,1
SF,IH2006,2020-04-20 09:32:26.000,2735.4000,22032,0,240818520.000,0,-,-,-,-,2734.6000,2734.2000,2733.6000,2733.0000,2732.8000,2735.2000,2735.4000,2735.6000,2736.4000,2736.6000,1,1,1,5,1,1,1,10,1,1
SF,IH2006,2020-04-20 09:32:26.500,2735.4000,22032,0,240818520.000,0,-,-,-,-,2734.6000,2734.2000,2733.6000,2733.0000,2732.8000,2735.0000,2735.2000,2735.4000,2735.6000,2735.8000,1,1,1,5,1,2,1,1,8,1
SF,IH2006,2020-04-20 09:32:27.000,2735.4000,22032,0,240818520.000,0,-,-,-,-,2734.6000,2733.6000,2733.0000,2732.8000,2732.2000,2734.8000,2735.0000,2735.2000,2735.4000,2735.6000,1,1,5,1,1,2,2,1,1,8
SF,IH2006,2020-04-20 09:32:27.500,2734.6000,22032,0,242459340.000,2,1,1,多换,S,2733.6000,2733.0000,2732.8000,2732.2000,2732.0000,2734.4000,2734.6000,2734.8000,2735.2000,2735.6000,1,5,1,1,3,3,11,1,1,8
SF,IH2006,2020-04-20 09:32:28.000,2734.4000,22029,-3,244920300.000,3,0,3,双平,S,2734.0000,2733.8000,2733.6000,2733.0000,2732.8000,2734.6000,2734.8000,2735.2000,2735.6000,2735.8000,1,2,1,5,1,3,1,1,8,1
SF,IH2006,2020-04-20 09:32:28.500,2734.6000,22027,-2,247381260.000,3,0,3,多平,S,2733.8000,2733.6000,2733.0000,2732.8000,2732.6000,2734.6000,2734.8000,2735.2000,2735.6000,2735.8000,2,1,5,1,1,1,1,1,8,1
SF,IH2006,2020-04-20 09:32:29.000,2734.6000,22027,0,247381260.000,0,-,-,-,-,2734.0000,2733.8000,2733.6000,2733.0000,2732.8000,2734.6000,2734.8000,2735.2000,2735.6000,2735.8000,1,2,1,5,1,1,1,1,8,1
SF,IH2006,2020-04-20 09:32:29.500,2734.6000,22028,1,248201640.000,1,1,0,双开,S,2734.0000,2733.6000,2733.0000,2732.8000,2732.6000,2734.4000,2734.8000,2735.2000,2735.6000,2735.8000,1,1,5,1,1,1,1,1,8,1
SF,IH2006,2020-04-20 09:32:30.000,2734.8000,22027,-1,249842460.000,2,0,2,多平,S,2734.4000,2734.0000,2733.6000,2733.0000,2732.8000,2735.2000,2735.6000,2735.8000,2736.4000,2736.6000,2,1,1,5,1,1,8,1,1,1
SF,IH2006,2020-04-20 09:32:30.500,2734.8000,22027,0,249842460.000,0,-,-,-,-,2734.4000,2734.0000,2733.6000,2733.0000,2732.8000,2735.6000,2735.8000,2736.4000,2736.6000,2739.2000,2,1,1,5,1,8,1,1,1,1
SF,IH2006,2020-04-20 09:32:31.000,2734.8000,22027,0,249842460.000,0,-,-,-,-,2734.8000,2734.6000,2734.4000,2733.6000,2733.0000,2735.0000,2735.4000,2735.6000,2735.8000,2736.4000,1,2,2,1,5,1,3,1,1,1
SF,IH2006,2020-04-20 09:32:31.500,2734.8000,22026,-1,253944720.000,5,2,3,多平,S,2735.0000,2734.6000,2734.4000,2733.6000,2733.0000,2735.8000,2736.4000,2736.6000,2739.2000,2739.6000,2,2,1,1,5,1,1,1,1,1
SF,IH2006,2020-04-20 09:32:32.000,2734.8000,22024,-2,255585600.000,2,0,2,双平,S,2735.0000,2734.6000,2734.4000,2733.6000,2733.0000,2735.8000,2736.4000,2736.6000,2739.2000,2739.6000,1,1,1,1,5,1,1,1,1,1
SF,IH2006,2020-04-20 09:32:32.500,2734.8000,22024,0,255585600.000,0,-,-,-,-,2735.2000,2735.0000,2734.4000,2733.6000,2733.0000,2735.8000,2736.4000,2736.6000,2739.2000,2739.6000,1,1,1,1,5,1,1,1,1,1
SF,IH2006,2020-04-20 09:32:33.000,2735.2000,22023,-1,256406160.000,1,0,1,双平,S,2735.0000,2734.4000,2733.6000,2733.0000,2732.8000,2735.8000,2736.4000,2736.6000,2739.2000,2739.6000,1,2,1,5,1,1,1,1,1,1
SF,IH2006,2020-04-20 09:32:33.500,2735.2000,22022,-1,257226720.000,1,0,1,双平,S,2734.4000,2733.6000,2733.0000,2732.8000,2732.2000,2735.4000,2735.8000,2736.4000,2736.6000,2739.2000,2,1,5,1,1,1,1,1,1,1
SF,IH2006,2020-04-20 09:32:34.000,2734.6000,22022,0,258047100.000,1,0,1,多换,S,2734.4000,2733.6000,2733.0000,2732.8000,2732.2000,2735.2000,2735.4000,2735.8000,2736.4000,2736.6000,2,1,5,1,1,1,1,1,1,1
SF,IH2006,2020-04-20 09:32:34.500,2734.4000,22022,0,258867420.000,1,0,1,多换,S,2733.6000,2733.0000,2732.8000,2732.2000,2732.0000,2735.2000,2735.4000,2735.8000,2736.4000,2736.6000,1,5,1,1,3,1,1,1,1,1
SF,IH2006,2020-04-20 09:32:35.000,2734.4000,22022,0,258867420.000,0,-,-,-,-,2734.0000,2733.8000,2733.6000,2733.0000,2732.8000,2735.0000,2735.2000,2735.8000,2736.4000,2736.6000,1,6,1,5,1,1,1,1,1,1
SF,IH2006,2020-04-20 09:32:35.500,2734.4000,22022,0,258867420.000,0,-,-,-,-,2734.2000,2733.8000,2733.6000,2733.0000,2732.8000,2734.6000,2735.0000,2735.2000,2735.8000,2736.4000,3,2,1,5,1,1,1,1,1,1
SF,IH2006,2020-04-20 09:32:36.000,2734.4000,22022,0,258867420.000,0,-,-,-,-,2733.8000,2733.6000,2733.0000,2732.8000,2732.2000,2734.6000,2735.0000,2735.2000,2735.8000,2736.4000,2,1,5,1,2,1,1,1,1,1
SF,IH2006,2020-04-20 09:32:36.500,2734.4000,22022,0,258867420.000,0,-,-,-,-,2733.8000,2733.6000,2733.0000,2732.8000,2732.2000,2734.2000,2734.6000,2735.0000,2735.2000,2735.8000,1,1,5,1,2,1,1,1,1,1
SF,IH2006,2020-04-20 09:32:37.000,2733.8000,22021,-1,259687560.000,1,0,1,双平,S,2733.0000,2732.8000,2732.2000,2732.0000,2731.4000,2733.8000,2734.2000,2734.6000,2735.0000,2735.8000,5,1,2,4,2,1,2,1,1,1
SF,IH2006,2020-04-20 09:32:37.500,2734.0000,22020,-1,261327900.000,2,0,2,多平,S,2733.2000,2733.0000,2732.8000,2732.2000,2732.0000,2734.2000,2734.6000,2735.0000,2735.8000,2736.4000,7,5,1,2,4,2,1,1,1,1
SF,IH2006,2020-04-20 09:32:38.000,2734.0000,22020,0,261327900.000,0,-,-,-,-,2733.4000,2733.2000,2733.0000,2732.8000,2732.2000,2734.2000,2735.0000,2735.8000,2736.4000,2736.6000,2,7,5,1,2,2,1,1,1,1
SF,IH2006,2020-04-20 09:32:38.500,2733.6000,22015,-5,265429020.000,5,0,5,双平,S,2733.6000,2733.4000,2733.2000,2733.0000,2732.8000,2735.0000,2735.8000,2736.4000,2736.6000,2739.2000,2,2,4,5,1,1,1,1,1,1
SF,IH2006,2020-04-20 09:32:39.000,2733.8000,22013,-2,267069600.000,2,0,2,双平,S,2733.8000,2733.6000,2733.4000,2733.2000,2733.0000,2734.6000,2735.0000,2735.8000,2736.4000,2736.6000,2,2,1,3,5,1,2,1,1,1
SF,IH2006,2020-04-20 09:32:39.500,2735.0000,22012,-1,268710480.000,2,0,2,多平,S,2734.0000,2733.8000,2733.4000,2733.2000,2733.0000,2735.8000,2736.0000,2736.4000,2736.6000,2739.2000,4,2,1,3,5,1,1,1,1,1
SF,IH2006,2020-04-20 09:32:40.000,2735.0000,22012,0,268710480.000,0,-,-,-,-,2734.2000,2734.0000,2733.4000,2733.0000,2732.8000,2735.4000,2735.6000,2735.8000,2736.0000,2736.4000,2,4,1,5,1,1,2,1,2,1
SF,IH2006,2020-04-20 09:32:40.500,2735.0000,22012,0,268710480.000,0,-,-,-,-,2734.4000,2734.0000,2733.0000,2732.8000,2732.2000,2735.2000,2735.4000,2735.6000,2735.8000,2736.0000,1,3,5,1,2,1,1,1,1,2
SF,IH2006,2020-04-20 09:32:41.000,2734.4000,22011,-1,270351120.000,2,0,2,多平,S,2734.0000,2733.0000,2732.8000,2732.2000,2732.0000,2735.0000,2735.2000,2735.4000,2735.8000,2736.0000,3,5,1,2,4,1,3,1,1,2
SF,IH2006,2020-04-20 09:32:41.500,2734.4000,22011,0,270351120.000,0,-,-,-,-,2734.2000,2734.0000,2733.0000,2732.8000,2732.2000,2734.8000,2735.4000,2735.8000,2736.0000,2736.4000,3,1,5,1,2,1,1,1,2,1
SF,IH2006,2020-04-20 09:32:42.000,2734.8000,22010,-1,271171560.000,1,0,1,双平,S,2734.2000,2734.0000,2733.0000,2732.8000,2732.2000,2735.4000,2735.8000,2736.0000,2736.4000,2736.6000,3,1,5,1,2,1,1,2,1,1
SF,IH2006,2020-04-20 09:32:42.500,2734.8000,22010,0,271171560.000,0,-,-,-,-,2734.4000,2734.2000,2733.0000,2732.8000,2732.2000,2735.2000,2735.4000,2735.8000,2736.0000,2736.4000,1,1,5,1,2,2,1,1,2,1
SF,IH2006,2020-04-20 09:32:43.000,2734.8000,22010,0,271171560.000,0,-,-,-,-,2733.0000,2732.8000,2732.2000,2732.0000,2731.4000,2735.0000,2735.2000,2735.4000,2735.8000,2736.0000,5,1,2,4,2,1,2,1,2,2
SF,IH2006,2020-04-20 09:32:43.500,2734.8000,22010,0,271171560.000,0,-,-,-,-,2733.4000,2733.2000,2733.0000,2732.8000,2732.2000,2734.2000,2734.8000,2735.4000,2735.8000,2736.0000,1,6,5,1,2,1,2,1,2,2
SF,IH2006,2020-04-20 09:32:44.000,2734.8000,22008,-2,273632700.000,3,0,3,多平,S,2734.2000,2733.8000,2733.6000,2733.4000,2733.0000,2735.4000,2735.8000,2736.0000,2736.4000,2736.6000,1,1,5,1,5,1,2,2,1,1
SF,IH2006,2020-04-20 09:32:44.500,2734.8000,22008,0,273632700.000,0,-,-,-,-,2734.4000,2733.8000,2733.6000,2733.4000,2733.0000,2735.2000,2735.4000,2735.8000,2736.0000,2736.4000,1,1,4,1,5,2,1,2,2,1
SF,IH2006,2020-04-20 09:32:45.500,2734.8000,22008,0,273632700.000,0,-,-,-,-,2734.6000,2734.4000,2733.8000,2733.6000,2733.4000,2735.2000,2735.4000,2735.8000,2736.0000,2736.4000,1,1,1,4,1,1,1,2,1,1
SF,IH2006,2020-04-20 09:32:46.000,2734.8000,22008,0,273632700.000,0,-,-,-,-,2734.8000,2734.6000,2733.8000,2733.6000,2733.4000,2735.8000,2736.0000,2736.4000,2736.6000,2740.8000,1,1,1,4,1,2,1,1,1,1
SF,IH2006,2020-04-20 09:32:46.500,2734.8000,22008,0,273632700.000,0,-,-,-,-,2735.0000,2734.8000,2734.6000,2733.8000,2733.6000,2735.4000,2735.8000,2736.0000,2736.4000,2736.6000,1,1,1,1,4,1,1,1,1,1
SF,IH2006,2020-04-20 09:32:47.000,2735.8000,22007,-1,276915540.000,4,1,3,多平,S,2735.2000,2735.0000,2734.6000,2733.8000,2733.6000,2736.0000,2736.4000,2736.6000,2741.0000,2741.2000,1,1,1,1,3,1,1,1,3,1
SF,IH2006,2020-04-20 09:32:47.500,2736.0000,22007,0,277736340.000,1,0,1,多换,S,2735.2000,2735.0000,2734.6000,2733.8000,2733.6000,2736.4000,2736.6000,2741.0000,2741.2000,2741.8000,1,1,1,1,3,1,1,3,1,1
SF,IH2006,2020-04-20 09:32:48.000,2736.4000,22006,-1,278557260.000,1,0,1,双平,S,2735.4000,2735.2000,2735.0000,2734.6000,2733.8000,2736.8000,2737.0000,2741.0000,2741.2000,2741.8000,5,1,1,1,1,1,2,3,1,1
SF,IH2006,2020-04-20 09:32:48.500,2736.4000,22006,0,278557260.000,0,-,-,-,-,2735.8000,2735.6000,2735.4000,2735.0000,2734.6000,2736.8000,2737.2000,2741.0000,2741.2000,2741.8000,1,3,4,1,1,1,2,3,1,1
SF,IH2006,2020-04-20 09:32:49.000,2736.4000,22006,0,278557260.000,0,-,-,-,-,2736.0000,2735.8000,2735.6000,2735.4000,2735.0000,2736.8000,2741.0000,2741.2000,2741.8000,2742.6000,5,1,1,1,1,1,3,1,1,4
SF,IH2006,2020-04-20 09:32:49.500,2736.8000,22005,-1,279378300.000,1,0,1,双平,S,2736.2000,2736.0000,2735.8000,2735.4000,2735.0000,2737.2000,2737.4000,2738.6000,2741.0000,2741.2000,1,5,1,1,1,1,2,1,3,1
SF,IH2006,2020-04-20 09:32:50.000,2736.8000,22005,0,279378300.000,0,-,-,-,-,2736.4000,2736.0000,2735.8000,2735.4000,2735.0000,2737.2000,2737.6000,2738.6000,2741.0000,2741.2000,5,1,1,1,1,1,2,1,3,1
SF,IH2006,2020-04-20 09:32:50.500,2736.8000,22005,0,279378300.000,0,-,-,-,-,2736.4000,2736.0000,2735.8000,2735.4000,2735.0000,2737.2000,2737.6000,2738.6000,2741.0000,2741.2000,2,1,1,1,1,1,2,1,3,1
SF,IH2006,2020-04-20 09:32:51.000,2736.8000,22005,0,279378300.000,0,-,-,-,-,2736.6000,2736.4000,2736.0000,2735.8000,2735.0000,2737.2000,2738.0000,2738.6000,2741.0000,2741.2000,1,2,1,1,1,1,2,1,3,1
SF,IH2006,2020-04-20 09:32:51.500,2737.2000,22005,0,280199460.000,1,0,1,多换,S,2736.6000,2736.4000,2736.0000,2735.8000,2735.0000,2737.6000,2738.0000,2738.6000,2741.0000,2741.2000,1,2,1,1,1,4,2,1,3,1
SF,IH2006,2020-04-20 09:32:52.000,2737.2000,22005,0,280199460.000,0,-,-,-,-,2736.8000,2736.6000,2736.4000,2736.0000,2735.8000,2737.6000,2738.0000,2738.6000,2741.0000,2741.2000,2,1,1,1,1,4,2,1,3,1
SF,IH2006,2020-04-20 09:32:52.500,2737.6000,22005,0,283484580.000,4,2,2,多换,S,2736.8000,2736.4000,2736.0000,2735.8000,2735.0000,2738.0000,2738.6000,2741.0000,2741.2000,2741.8000,2,1,1,1,1,2,1,3,1,1
SF,IH2006,2020-04-20 09:32:53.000,2737.6000,22005,0,283484580.000,0,-,-,-,-,2737.0000,2736.8000,2736.4000,2736.0000,2735.8000,2737.6000,2738.0000,2738.4000,2738.6000,2741.0000,4,2,1,1,1,1,2,4,1,3
SF,IH2006,2020-04-20 09:32:53.500,2737.6000,22004,-1,284305860.000,1,0,1,双平,S,2737.0000,2736.8000,2736.4000,2736.0000,2735.8000,2738.2000,2738.4000,2738.6000,2741.0000,2741.2000,1,1,1,1,1,2,4,1,3,1
SF,IH2006,2020-04-20 09:32:54.000,2737.6000,22004,0,284305860.000,0,-,-,-,-,2737.2000,2737.0000,2736.4000,2736.0000,2735.8000,2738.0000,2738.6000,2741.0000,2741.2000,2741.8000,2,1,1,1,1,1,5,3,1,1
SF,IH2006,2020-04-20 09:32:54.500,2737.6000,22004,0,284305860.000,0,-,-,-,-,2737.2000,2737.0000,2736.4000,2736.0000,2735.8000,2738.0000,2738.6000,2741.0000,2741.2000,2741.8000,2,1,1,1,1,1,7,3,1,1
SF,IH2006,2020-04-20 09:32:55.500,2737.2000,22004,0,285127020.000,1,0,1,多换,S,2737.2000,2737.0000,2736.4000,2736.0000,2735.8000,2738.0000,2738.6000,2741.0000,2741.2000,2741.8000,1,1,1,1,1,1,7,3,1,1
SF,IH2006,2020-04-20 09:32:56.000,2737.2000,22003,-1,285948180.000,1,0,1,双平,S,2737.0000,2735.8000,2733.8000,2733.0000,2732.8000,2738.0000,2738.6000,2741.0000,2741.2000,2741.8000,1,1,1,4,1,1,7,3,1,1
SF,IH2006,2020-04-20 09:32:56.500,2737.2000,22003,0,285948180.000,0,-,-,-,-,2735.8000,2733.8000,2733.0000,2732.8000,2732.2000,2737.0000,2737.6000,2737.8000,2738.0000,2738.6000,1,1,4,1,1,1,1,2,1,7
SF,IH2006,2020-04-20 09:32:57.000,2737.2000,22003,0,285948180.000,0,-,-,-,-,2736.0000,2735.8000,2733.8000,2733.0000,2732.8000,2736.8000,2737.0000,2737.6000,2737.8000,2738.0000,2,1,1,4,1,3,1,1,2,1
SF,IH2006,2020-04-20 09:32:57.500,2737.2000,22003,0,285948180.000,0,-,-,-,-,2736.0000,2735.8000,2733.8000,2733.0000,2732.8000,2736.8000,2737.0000,2737.6000,2737.8000,2738.0000,2,1,1,4,1,2,1,1,1,1
SF,IH2006,2020-04-20 09:32:58.000,2737.2000,22003,0,285948180.000,0,-,-,-,-,2736.0000,2733.8000,2733.0000,2732.8000,2732.2000,2736.8000,2737.0000,2737.6000,2737.8000,2738.0000,2,1,4,1,1,2,1,1,1,1
SF,IH2006,2020-04-20 09:32:58.500,2737.2000,22003,0,285948180.000,0,-,-,-,-,2736.0000,2733.8000,2733.0000,2732.8000,2732.2000,2736.8000,2737.0000,2737.6000,2737.8000,2738.0000,1,1,4,1,1,2,1,1,1,1
SF,IH2006,2020-04-20 09:32:59.000,2737.2000,22003,0,285948180.000,0,-,-,-,-,2736.2000,2736.0000,2735.8000,2733.8000,2733.0000,2737.0000,2737.6000,2737.8000,2738.0000,2738.6000,1,1,1,1,4,1,1,1,1,7
SF,IH2006,2020-04-20 09:32:59.500,2737.0000,22002,-1,286769280.000,1,0,1,双平,S,2736.2000,2736.0000,2735.8000,2733.8000,2733.0000,2737.6000,2738.0000,2738.6000,2741.0000,2741.2000,1,1,1,1,4,1,1,7,3,1
SF,IH2006,2020-04-20 09:33:00.000,2737.0000,22002,0,286769280.000,0,-,-,-,-,2736.6000,2736.4000,2736.2000,2735.8000,2733.8000,2736.8000,2738.0000,2738.6000,2741.0000,2741.2000,1,2,1,1,1,1,1,7,2,1
SF,IH2006,2020-04-20 09:33:00.500,2736.8000,22001,-1,287590320.000,1,0,1,双平,S,2737.0000,2736.8000,2736.6000,2736.2000,2735.8000,2738.6000,2738.8000,2741.0000,2741.2000,2741.8000,4,7,1,1,1,7,4,2,1,1
SF,IH2006,2020-04-20 09:33:01.000,2737.0000,22000,-1,288411420.000,1,0,1,双平,S,2737.2000,2736.8000,2735.8000,2733.8000,2733.0000,2738.2000,2738.4000,2738.6000,2738.8000,2741.0000,3,4,1,1,4,1,4,7,4,2
SF,IH2006,2020-04-20 09:33:01.500,2737.2000,21997,-3,290874900.000,3,0,3,双平,S,2736.8000,2735.8000,2733.8000,2733.0000,2732.8000,2738.0000,2738.2000,2738.4000,2738.6000,2738.8000,1,1,1,4,1,5,1,2,7,4
SF,IH2006,2020-04-20 09:33:02.000,2737.2000,21997,0,290874900.000,0,-,-,-,-,2736.8000,2735.8000,2733.8000,2733.0000,2732.8000,2738.0000,2738.4000,2738.6000,2738.8000,2741.0000,1,1,1,4,1,5,2,7,4,2
SF,IH2006,2020-04-20 09:33:02.500,2737.2000,21997,0,290874900.000,0,-,-,-,-,2735.8000,2733.8000,2733.0000,2732.8000,2732.2000,2737.6000,2737.8000,2738.0000,2738.6000,2738.8000,1,1,4,1,1,1,3,5,7,4
SF,IH2006,2020-04-20 09:33:03.000,2737.2000,21997,0,290874900.000,0,-,-,-,-,2736.2000,2736.0000,2735.8000,2733.8000,2733.2000,2737.4000,2737.6000,2737.8000,2738.6000,2738.8000,1,4,1,1,1,6,1,2,7,4
SF,IH2006,2020-04-20 09:33:03.500,2737.2000,21997,0,290874900.000,0,-,-,-,-,2736.0000,2735.8000,2733.8000,2733.2000,2733.0000,2737.2000,2737.4000,2738.6000,2738.8000,2741.0000,3,1,1,1,4,2,6,7,4,2
SF,IH2006,2020-04-20 09:33:04.000,2737.2000,21997,0,290874900.000,0,-,-,-,-,2736.2000,2736.0000,2735.8000,2733.8000,2733.2000,2737.0000,2737.2000,2738.6000,2738.8000,2741.0000,1,2,1,1,1,5,2,7,4,2
SF,IH2006,2020-04-20 09:33:04.500,2737.2000,21997,0,290874900.000,0,-,-,-,-,2736.0000,2735.8000,2733.8000,2733.2000,2733.0000,2736.8000,2737.0000,2738.6000,2738.8000,2741.0000,2,1,1,1,4,3,1,7,4,2
SF,IH2006,2020-04-20 09:33:05.000,2737.2000,21997,0,290874900.000,0,-,-,-,-,2736.0000,2735.8000,2733.8000,2733.2000,2733.0000,2736.6000,2737.0000,2737.2000,2738.6000,2738.8000,2,1,1,1,4,3,1,1,7,4
SF,IH2006,2020-04-20 09:33:05.500,2737.2000,21997,0,290874900.000,0,-,-,-,-,2735.8000,2733.8000,2733.2000,2733.0000,2732.8000,2736.6000,2737.0000,2737.2000,2738.6000,2738.8000,1,1,1,4,1,2,1,1,7,4
SF,IH2006,2020-04-20 09:33:06.000,2737.2000,21997,0,290874900.000,0,-,-,-,-,2735.8000,2733.8000,2733.2000,2733.0000,2732.8000,2736.4000,2736.6000,2737.2000,2738.6000,2738.8000,1,1,1,4,1,3,2,1,7,4
SF,IH2006,2020-04-20 09:33:06.500,2735.8000,21997,0,291695640.000,1,0,1,多换,S,2733.8000,2733.2000,2733.0000,2732.8000,2732.2000,2736.2000,2736.4000,2737.2000,2738.6000,2738.8000,1,1,4,1,1,2,2,1,7,4
SF,IH2006,2020-04-20 09:33:07.000,2735.8000,21998,1,292516380.000,1,1,0,双开,S,2734.2000,2734.0000,2733.8000,2733.2000,2733.0000,2736.0000,2736.2000,2737.2000,2738.6000,2738.8000,1,10,1,1,4,3,2,1,7,4
SF,IH2006,2020-04-20 09:33:07.500,2735.8000,21997,-1,293337120.000,1,0,1,双平,S,2734.4000,2734.2000,2734.0000,2733.8000,2733.2000,2736.2000,2737.2000,2738.6000,2738.8000,2741.0000,8,1,5,1,1,1,1,7,4,2
SF,IH2006,2020-04-20 09:33:08.000,2736.2000,21996,-1,294157980.000,1,0,1,双平,S,2734.6000,2734.4000,2734.0000,2733.8000,2733.2000,2737.2000,2738.6000,2738.8000,2741.0000,2741.2000,12,8,4,1,1,1,7,4,2,1
SF,IH2006,2020-04-20 09:33:08.500,2736.2000,21996,0,294157980.000,0,-,-,-,-,2735.0000,2734.8000,2734.6000,2734.4000,2734.0000,2736.8000,2737.0000,2737.2000,2738.6000,2738.8000,1,6,12,2,4,1,1,2,7,4
SF,IH2006,2020-04-20 09:33:09.000,2736.6000,21996,0,294978960.000,1,0,1,多换,S,2735.2000,2735.0000,2734.8000,2734.6000,2734.4000,2737.2000,2738.6000,2738.8000,2741.0000,2741.2000,6,1,3,11,1,2,7,4,2,1
SF,IH2006,2020-04-20 09:33:09.500,2736.6000,21996,0,294978960.000,0,-,-,-,-,2735.2000,2734.8000,2734.6000,2734.0000,2733.8000,2736.8000,2737.0000,2737.2000,2738.6000,2738.8000,7,2,11,3,1,1,1,2,7,4
SF,IH2006,2020-04-20 09:33:10.000,2736.6000,21995,-1,295799940.000,1,0,1,双平,S,2735.6000,2735.4000,2735.2000,2734.8000,2734.6000,2737.2000,2738.6000,2738.8000,2741.0000,2741.2000,1,2,6,2,11,2,1,4,2,1
SF,IH2006,2020-04-20 09:33:10.500,2736.6000,21995,0,295799940.000,0,-,-,-,-,2735.8000,2735.6000,2735.4000,2735.2000,2734.8000,2737.0000,2737.2000,2738.6000,2738.8000,2741.0000,5,1,1,2,1,1,2,5,4,2
SF,IH2006,2020-04-20 09:33:11.000,2736.6000,21995,0,295799940.000,0,-,-,-,-,2735.8000,2735.4000,2735.2000,2734.8000,2734.6000,2737.2000,2738.2000,2738.6000,2738.8000,2741.0000,3,1,2,1,11,2,2,5,4,2
SF,IH2006,2020-04-20 09:33:11.500,2736.6000,21995,0,295799940.000,0,-,-,-,-,2736.2000,2736.0000,2735.8000,2735.4000,2735.2000,2737.2000,2737.4000,2738.2000,2738.6000,2738.8000,1,1,3,1,1,2,1,2,5,4
SF,IH2006,2020-04-20 09:33:12.000,2736.6000,21995,0,295799940.000,0,-,-,-,-,2736.4000,2736.2000,2736.0000,2735.8000,2735.4000,2737.2000,2737.4000,2738.2000,2738.6000,2738.8000,3,1,1,1,1,2,1,2,5,4
SF,IH2006,2020-04-20 09:33:12.500,2736.6000,21995,0,295799940.000,0,-,-,-,-,2736.4000,2736.2000,2736.0000,2735.8000,2735.4000,2737.0000,2737.2000,2737.4000,2738.2000,2738.6000,1,1,1,1,1,1,2,1,2,5
SF,IH2006,2020-04-20 09:33:13.000,2736.6000,21995,0,295799940.000,0,-,-,-,-,2736.4000,2736.2000,2736.0000,2735.8000,2735.4000,2737.2000,2737.4000,2738.2000,2738.6000,2738.8000,1,1,1,1,1,3,1,2,5,4
SF,IH2006,2020-04-20 09:33:13.500,2736.6000,21995,0,295799940.000,0,-,-,-,-,2736.6000,2736.4000,2736.0000,2735.8000,2735.4000,2737.2000,2737.4000,2738.2000,2738.6000,2738.8000,1,1,1,1,1,3,1,2,5,4
SF,IH2006,2020-04-20 09:33:14.000,2737.4000,21993,-2,299084640.000,4,1,3,多平,S,2736.6000,2736.4000,2736.0000,2735.8000,2735.4000,2738.6000,2738.8000,2741.0000,2741.2000,2741.8000,1,1,1,1,1,5,4,2,1,1
SF,IH2006,2020-04-20 09:33:14.500,2737.4000,21993,0,299084640.000,0,-,-,-,-,2737.0000,2736.8000,2736.6000,2736.4000,2736.0000,2738.2000,2738.4000,2738.6000,2738.8000,2741.0000,1,4,1,1,1,1,9,1,5,2
SF,IH2006,2020-04-20 09:33:15.000,2737.4000,21993,0,299084640.000,0,-,-,-,-,2737.2000,2737.0000,2736.8000,2736.4000,2736.0000,2738.6000,2738.8000,2741.0000,2741.2000,2741.8000,3,1,3,1,1,7,5,2,1,1
SF,IH2006,2020-04-20 09:33:15.500,2737.4000,21993,0,299084640.000,0,-,-,-,-,2737.4000,2737.2000,2736.8000,2736.0000,2734.6000,2738.6000,2738.8000,2741.0000,2741.2000,2741.8000,3,3,1,1,7,7,6,2,1,1
SF,IH2006,2020-04-20 09:33:16.000,2737.4000,21993,0,299084640.000,0,-,-,-,-,2737.8000,2737.6000,2737.4000,2737.2000,2736.8000,2738.6000,2738.8000,2741.0000,2741.2000,2741.8000,1,2,4,1,1,7,6,2,1,1
SF,IH2006,2020-04-20 09:33:16.500,2737.4000,21993,0,299084640.000,0,-,-,-,-,2737.8000,2737.6000,2737.4000,2737.2000,2736.8000,2738.6000,2738.8000,2741.0000,2741.2000,2741.8000,1,2,4,1,1,1,6,2,1,1
SF,IH2006,2020-04-20 09:33:17.000,2738.6000,21992,-1,299906220.000,1,0,1,双平,S,2738.6000,2737.8000,2737.6000,2737.4000,2737.2000,2738.8000,2739.4000,2741.0000,2741.2000,2741.8000,1,1,1,4,1,7,6,2,1,1
SF,IH2006,2020-04-20 09:33:17.500,2737.8000,21991,-1,303192300.000,4,1,3,多平,S,2737.6000,2737.4000,2737.2000,2736.8000,2736.6000,2738.0000,2738.8000,2739.0000,2739.4000,2741.0000,1,3,1,1,1,1,7,1,6,2
SF,IH2006,2020-04-20 09:33:18.000,2738.8000,21989,-2,304835340.000,2,0,2,双平,S,2738.0000,2737.8000,2737.4000,2737.2000,2736.6000,2738.2000,2738.8000,2739.0000,2741.0000,2741.2000,7,3,3,1,1,1,6,1,2,1
SF,IH2006,2020-04-20 09:33:18.500,2738.2000,21988,-1,305656800.000,1,0,1,双平,S,2738.2000,2738.0000,2737.4000,2737.2000,2736.6000,2738.8000,2739.0000,2739.4000,2741.0000,2741.2000,8,6,2,1,1,6,1,6,2,1
SF,IH2006,2020-04-20 09:33:19.000,2738.2000,21987,-1,307299720.000,2,0,2,多平,S,2738.4000,2738.2000,2737.4000,2737.2000,2736.6000,2738.8000,2739.0000,2739.4000,2741.0000,2741.2000,3,5,1,2,1,6,2,6,2,1
SF,IH2006,2020-04-20 09:33:19.500,2738.8000,21981,-6,313051140.000,7,0,7,多平,S,2738.6000,2738.4000,2738.2000,2737.6000,2737.4000,2739.0000,2741.0000,2741.2000,2741.8000,2742.8000,1,2,2,1,1,2,2,1,1,2
SF,IH2006,2020-04-20 09:33:20.000,2739.0000,21979,-2,314694540.000,2,0,2,双平,S,2739.0000,2738.8000,2738.4000,2738.2000,2737.6000,2739.2000,2741.0000,2741.2000,2741.8000,2742.8000,1,4,1,1,1,1,2,1,1,2
SF,IH2006,2020-04-20 09:33:20.500,2739.0000,21976,-3,317159700.000,3,0,3,双平,S,2739.2000,2738.8000,2738.4000,2738.2000,2737.6000,2739.4000,2739.8000,2741.0000,2741.2000,2741.8000,1,2,1,1,1,4,2,2,1,1
SF,IH2006,2020-04-20 09:33:21.000,2739.2000,21975,-1,317981460.000,1,0,1,双平,S,2738.8000,2738.4000,2738.2000,2738.0000,2737.6000,2739.2000,2739.6000,2739.8000,2741.0000,2741.2000,2,1,1,1,1,1,5,2,2,1
SF,IH2006,2020-04-20 09:33:21.500,2738.8000,21971,-4,321267900.000,4,0,4,双平,S,2738.2000,2738.0000,2737.6000,2737.2000,2736.6000,2739.6000,2739.8000,2741.0000,2741.2000,2741.8000,1,1,1,1,1,1,2,2,1,1
SF,IH2006,2020-04-20 09:33:22.000,2738.8000,21971,0,321267900.000,0,-,-,-,-,2738.8000,2738.2000,2738.0000,2737.6000,2737.2000,2739.0000,2739.2000,2739.4000,2739.6000,2739.8000,1,1,1,1,1,1,1,6,1,3
SF,IH2006,2020-04-20 09:33:22.500,2738.2000,21971,0,322911000.000,2,1,1,多换,S,2738.0000,2737.6000,2737.2000,2736.6000,2735.6000,2738.8000,2739.0000,2739.2000,2739.4000,2739.6000,1,1,1,1,1,1,1,1,4,1
SF,IH2006,2020-04-20 09:33:23.000,2737.6000,21971,0,324553680.000,2,1,1,多换,S,2737.2000,2736.6000,2735.6000,2734.6000,2734.0000,2738.4000,2738.6000,2739.0000,2739.2000,2739.4000,1,1,1,7,2,1,4,2,5,1
SF,IH2006,2020-04-20 09:33:23.500,2738.2000,21969,-2,327017760.000,3,0,3,多平,S,2736.6000,2735.6000,2734.6000,2734.0000,2733.8000,2738.2000,2738.4000,2738.6000,2739.0000,2739.2000,1,1,7,2,2,7,1,1,2,5
SF,IH2006,2020-04-20 09:33:24.000,2738.2000,21969,0,327017760.000,0,-,-,-,-,2737.0000,2736.8000,2736.6000,2735.6000,2734.6000,2738.0000,2738.2000,2738.4000,2739.0000,2739.2000,1,5,1,1,7,2,5,1,2,5
SF,IH2006,2020-04-20 09:33:24.500,2738.2000,21969,0,327017760.000,0,-,-,-,-,2737.4000,2737.2000,2737.0000,2736.8000,2736.6000,2738.2000,2738.4000,2739.0000,2739.2000,2739.6000,1,9,1,4,1,3,1,2,5,1
SF,IH2006,2020-04-20 09:33:25.000,2738.2000,21967,-2,328660680.000,2,0,2,双平,S,2738.2000,2737.6000,2737.0000,2736.8000,2736.6000,2738.4000,2739.0000,2739.2000,2739.6000,2739.8000,1,3,1,4,1,2,2,5,1,3
SF,IH2006,2020-04-20 09:33:25.500,2738.2000,21963,-4,332768220.000,5,0,5,多平,S,2737.6000,2737.0000,2736.8000,2736.6000,2735.6000,2739.0000,2739.2000,2739.6000,2739.8000,2741.0000,3,1,1,2,1,2,5,1,3,2
SF,IH2006,2020-04-20 09:33:26.000,2739.0000,21962,-1,333589920.000,1,0,1,双平,S,2738.6000,2738.4000,2738.0000,2737.8000,2737.6000,2739.2000,2739.6000,2739.8000,2741.0000,2741.2000,1,1,2,16,3,3,5,3,2,1
SF,IH2006,2020-04-20 09:33:26.500,2738.8000,21962,0,334411560.000,1,0,1,多换,S,2738.0000,2737.8000,2737.6000,2736.6000,2735.6000,2739.2000,2739.6000,2739.8000,2741.0000,2741.2000,1,4,3,2,1,3,1,3,2,1
SF,IH2006,2020-04-20 09:33:27.000,2738.8000,21962,0,334411560.000,0,-,-,-,-,2738.4000,2738.2000,2738.0000,2737.8000,2736.6000,2739.2000,2739.4000,2739.6000,2739.8000,2741.0000,1,14,1,4,2,3,1,1,1,2
SF,IH2006,2020-04-20 09:33:27.500,2738.8000,21962,0,334411560.000,0,-,-,-,-,2738.6000,2738.4000,2738.2000,2737.8000,2736.6000,2739.2000,2739.4000,2739.6000,2739.8000,2741.0000,3,1,11,4,2,3,1,1,1,2
SF,IH2006,2020-04-20 09:33:28.000,2739.2000,21959,-3,336876840.000,3,0,3,双平,S,2738.8000,2738.6000,2738.4000,2738.2000,2737.8000,2739.4000,2739.6000,2739.8000,2741.0000,2741.2000,1,3,1,11,4,3,1,1,2,1
SF,IH2006,2020-04-20 09:33:28.500,2739.4000,21956,-3,339342300.000,3,0,3,双平,S,2739.4000,2739.0000,2738.8000,2738.4000,2738.2000,2739.6000,2739.8000,2741.0000,2741.2000,2741.8000,2,4,1,1,10,1,1,2,1,1
SF,IH2006,2020-04-20 09:33:29.000,2739.6000,21955,-1,340164180.000,1,0,1,双平,S,2739.0000,2738.8000,2738.4000,2738.2000,2738.0000,2739.8000,2740.0000,2741.0000,2741.2000,2741.8000,3,1,1,3,1,3,1,2,1,1
SF,IH2006,2020-04-20 09:33:29.500,2739.6000,21955,0,340164180.000,0,-,-,-,-,2739.0000,2738.4000,2738.2000,2738.0000,2737.8000,2739.8000,2740.0000,2741.0000,2741.2000,2741.8000,3,1,3,1,1,3,1,2,1,1
SF,IH2006,2020-04-20 09:33:30.000,2739.6000,21955,0,340164180.000,0,-,-,-,-,2739.2000,2739.0000,2738.4000,2738.2000,2738.0000,2739.4000,2739.8000,2740.0000,2741.0000,2741.2000,1,1,1,3,1,1,3,2,2,1
SF,IH2006,2020-04-20 09:33:30.500,2739.4000,21955,0,340986000.000,1,0,1,多换,S,2739.2000,2739.0000,2738.4000,2738.2000,2738.0000,2739.6000,2739.8000,2740.0000,2740.4000,2741.0000,1,1,1,3,1,1,3,2,6,2
SF,IH2006,2020-04-20 09:33:31.000,2739.4000,21954,-1,341807820.000,1,0,1,双平,S,2739.2000,2739.0000,2738.4000,2738.2000,2738.0000,2739.6000,2739.8000,2740.0000,2740.4000,2741.0000,1,1,1,4,1,1,4,2,6,2
SF,IH2006,2020-04-20 09:33:31.500,2739.4000,21954,0,341807820.000,0,-,-,-,-,2739.2000,2739.0000,2738.4000,2738.2000,2738.0000,2739.6000,2739.8000,2740.0000,2740.4000,2741.0000,1,1,1,4,1,1,4,2,6,2
SF,IH2006,2020-04-20 09:33:32.000,2739.4000,21954,0,341807820.000,0,-,-,-,-,2739.2000,2739.0000,2738.4000,2738.2000,2738.0000,2739.6000,2739.8000,2740.0000,2741.0000,2741.2000,1,1,1,4,1,1,5,2,2,1
SF,IH2006,2020-04-20 09:33:32.500,2739.4000,21954,0,341807820.000,0,-,-,-,-,2739.4000,2739.2000,2739.0000,2738.4000,2738.2000,2739.6000,2739.8000,2740.0000,2741.2000,2741.8000,1,1,1,1,4,1,5,2,1,1
SF,IH2006,2020-04-20 09:33:33.000,2739.6000,21952,-2,343451580.000,2,0,2,双平,S,2739.2000,2739.0000,2738.4000,2738.2000,2738.0000,2739.8000,2740.0000,2741.2000,2741.8000,2742.8000,1,1,1,4,1,6,3,1,1,2
SF,IH2006,2020-04-20 09:33:33.500,2739.4000,21950,-2,345095220.000,2,0,2,双平,S,2739.6000,2739.2000,2739.0000,2738.4000,2738.2000,2739.8000,2740.0000,2741.2000,2741.8000,2742.8000,8,1,1,1,4,6,3,1,1,2
SF,IH2006,2020-04-20 09:33:34.000,2739.6000,21945,-5,349204620.000,5,0,5,双平,S,2739.6000,2739.2000,2739.0000,2738.4000,2738.2000,2739.8000,2740.0000,2741.2000,2741.8000,2742.8000,3,1,1,1,4,6,3,1,1,2
SF,IH2006,2020-04-20 09:33:34.500,2739.8000,21941,-4,352492200.000,4,0,4,双平,S,2739.2000,2739.0000,2738.4000,2738.2000,2738.0000,2739.6000,2739.8000,2740.0000,2741.2000,2741.8000,1,1,1,4,1,2,5,3,1,1
SF,IH2006,2020-04-20 09:33:35.000,2739.8000,21941,0,353314140.000,1,0,1,多换,S,2739.2000,2739.0000,2738.4000,2738.2000,2738.0000,2739.4000,2739.8000,2740.0000,2741.2000,2741.8000,1,1,1,4,1,1,5,3,1,1
SF,IH2006,2020-04-20 09:33:35.500,2739.6000,21939,-2,354957840.000,2,0,2,双平,S,2739.4000,2739.2000,2739.0000,2738.4000,2738.2000,2739.8000,2740.0000,2741.2000,2741.8000,2742.8000,1,1,1,1,4,5,3,1,1,2
SF,IH2006,2020-04-20 09:33:36.000,2739.6000,21939,0,354957840.000,0,-,-,-,-,2739.4000,2739.2000,2739.0000,2738.4000,2738.2000,2739.6000,2739.8000,2740.0000,2741.2000,2741.8000,1,1,1,1,4,1,5,4,1,1
SF,IH2006,2020-04-20 09:33:36.500,2739.6000,21939,0,354957840.000,0,-,-,-,-,2739.2000,2739.0000,2738.4000,2738.2000,2738.0000,2739.6000,2739.8000,2740.0000,2741.2000,2741.8000,1,1,1,3,1,2,5,4,1,1
SF,IH2006,2020-04-20 09:33:37.000,2739.2000,21939,0,355779600.000,1,0,1,多换,S,2738.4000,2738.2000,2738.0000,2737.8000,2737.2000,2739.6000,2739.8000,2740.0000,2741.2000,2741.8000,1,3,1,1,1,2,6,4,1,1
SF,IH2006,2020-04-20 09:33:37.500,2739.2000,21939,0,355779600.000,0,-,-,-,-,2739.2000,2738.6000,2738.4000,2738.2000,2738.0000,2739.6000,2739.8000,2740.0000,2741.2000,2741.8000,1,4,1,3,1,1,6,4,1,1
SF,IH2006,2020-04-20 09:33:38.000,2739.2000,21939,0,355779600.000,0,-,-,-,-,2739.2000,2738.6000,2738.4000,2738.2000,2738.0000,2739.6000,2739.8000,2740.0000,2741.2000,2741.8000,1,4,1,3,1,1,7,4,1,1
SF,IH2006,2020-04-20 09:33:39.000,2739.6000,21939,0,356601480.000,1,0,1,多换,S,2739.6000,2739.2000,2738.6000,2738.4000,2738.2000,2739.8000,2740.0000,2741.2000,2741.8000,2742.8000,6,2,4,1,1,7,3,1,1,2
SF,IH2006,2020-04-20 09:33:39.500,2739.8000,21932,-7,362355060.000,7,0,7,双平,S,2739.6000,2739.4000,2739.2000,2738.6000,2738.4000,2740.0000,2740.4000,2741.2000,2741.8000,2742.8000,4,1,2,4,1,3,1,1,1,2
SF,IH2006,2020-04-20 09:33:40.000,2740.0000,21931,-1,364821060.000,3,1,2,多平,S,2739.8000,2739.6000,2739.4000,2739.2000,2738.6000,2740.2000,2740.4000,2741.2000,2741.8000,2742.8000,1,4,1,2,3,1,1,1,1,2
SF,IH2006,2020-04-20 09:33:40.500,2740.2000,21931,0,366465180.000,2,1,1,多换,S,2740.0000,2739.8000,2739.6000,2739.4000,2739.2000,2740.4000,2741.2000,2741.8000,2742.8000,2744.0000,1,1,4,1,2,2,1,1,2,1
SF,IH2006,2020-04-20 09:33:41.000,2740.4000,21929,-2,368109420.000,2,0,2,双平,S,2740.2000,2740.0000,2739.6000,2739.4000,2739.2000,2740.6000,2741.2000,2741.8000,2742.8000,2744.0000,1,1,4,1,2,1,1,1,2,1
SF,IH2006,2020-04-20 09:33:41.500,2740.4000,21929,0,368109420.000,0,-,-,-,-,2740.2000,2740.0000,2739.6000,2739.4000,2739.2000,2740.6000,2741.2000,2741.8000,2742.8000,2744.0000,1,1,4,1,2,1,1,1,2,1
SF,IH2006,2020-04-20 09:33:42.000,2740.4000,21928,-1,368931540.000,1,0,1,双平,S,2740.2000,2740.0000,2739.6000,2739.4000,2739.2000,2740.6000,2740.8000,2741.2000,2741.4000,2741.8000,1,1,4,1,2,1,1,1,6,1
SF,IH2006,2020-04-20 09:33:42.500,2740.4000,21928,0,368931540.000,0,-,-,-,-,2740.0000,2739.6000,2739.2000,2738.6000,2738.4000,2740.2000,2740.4000,2740.6000,2740.8000,2741.2000,1,4,2,2,1,1,1,1,1,1
SF,IH2006,2020-04-20 09:33:43.000,2740.0000,21928,0,369753540.000,1,0,1,多换,S,2739.6000,2739.2000,2738.6000,2738.4000,2738.2000,2740.0000,2740.4000,2740.6000,2740.8000,2741.2000,4,2,2,1,1,1,1,1,1,1
SF,IH2006,2020-04-20 09:33:44.000,2740.0000,21928,0,369753540.000,0,-,-,-,-,2739.6000,2739.2000,2738.6000,2738.4000,2738.2000,2740.4000,2740.6000,2740.8000,2741.2000,2741.4000,4,2,2,1,1,1,1,1,1,6
SF,IH2006,2020-04-20 09:33:44.500,2740.0000,21928,0,369753540.000,0,-,-,-,-,2739.8000,2739.6000,2739.2000,2738.6000,2738.4000,2740.2000,2740.4000,2740.6000,2740.8000,2741.2000,1,4,2,2,1,1,1,1,1,1
SF,IH2006,2020-04-20 09:33:45.000,2740.2000,21927,-1,371397540.000,2,0,2,多平,S,2739.6000,2739.2000,2738.6000,2738.4000,2738.2000,2740.4000,2740.6000,2740.8000,2741.2000,2741.4000,4,2,2,1,1,2,1,1,1,6
SF,IH2006,2020-04-20 09:33:45.500,2739.6000,21926,-1,375507180.000,5,2,3,多平,S,2739.2000,2738.6000,2738.4000,2738.2000,2738.0000,2740.6000,2740.8000,2741.2000,2741.4000,2741.8000,2,2,1,1,1,2,1,1,6,1
SF,IH2006,2020-04-20 09:33:46.000,2739.6000,21926,0,375507180.000,0,-,-,-,-,2740.0000,2739.6000,2739.4000,2739.2000,2739.0000,2740.4000,2740.6000,2740.8000,2741.2000,2741.4000,3,1,6,2,1,1,2,2,1,6
SF,IH2006,2020-04-20 09:33:46.500,2739.6000,21926,0,375507180.000,0,-,-,-,-,2739.4000,2739.2000,2738.2000,2738.0000,2737.8000,2740.4000,2740.6000,2740.8000,2741.2000,2741.4000,3,2,1,1,1,1,2,2,1,6
SF,IH2006,2020-04-20 09:33:47.000,2739.6000,21926,0,375507180.000,0,-,-,-,-,2739.6000,2739.4000,2739.2000,2738.2000,2738.0000,2740.4000,2740.6000,2740.8000,2741.2000,2741.4000,4,1,2,1,1,1,2,1,1,6
SF,IH2006,2020-04-20 09:33:47.500,2739.6000,21926,0,375507180.000,0,-,-,-,-,2739.8000,2739.6000,2739.2000,2738.2000,2738.0000,2740.4000,2740.6000,2740.8000,2741.2000,2741.4000,1,4,2,1,1,1,2,1,1,6
SF,IH2006,2020-04-20 09:33:48.000,2739.6000,21926,0,375507180.000,0,-,-,-,-,2739.8000,2739.6000,2739.4000,2739.2000,2738.2000,2740.2000,2740.4000,2740.6000,2740.8000,2741.2000,1,4,1,2,1,1,1,2,1,1
SF,IH2006,2020-04-20 09:33:48.500,2740.2000,21925,-1,376329240.000,1,0,1,双平,S,2739.8000,2739.6000,2739.4000,2739.2000,2738.2000,2740.4000,2740.6000,2740.8000,2741.2000,2741.4000,1,4,1,2,1,1,2,1,1,6
SF,IH2006,2020-04-20 09:33:49.000,2740.4000,21924,-1,377151360.000,1,0,1,双平,S,2740.0000,2739.8000,2739.6000,2739.4000,2739.2000,2740.6000,2740.8000,2741.2000,2741.4000,2741.8000,1,1,3,1,1,2,1,1,6,1
SF,IH2006,2020-04-20 09:33:49.500,2740.6000,21922,-2,378795720.000,2,0,2,双平,S,2740.2000,2739.6000,2739.4000,2739.2000,2739.0000,2740.8000,2741.2000,2741.4000,2741.8000,2742.8000,1,3,1,1,1,1,1,6,1,2
SF,IH2006,2020-04-20 09:33:50.000,2740.6000,21922,0,378795720.000,0,-,-,-,-,2740.4000,2740.2000,2739.6000,2739.4000,2739.2000,2740.8000,2741.2000,2741.4000,2741.8000,2742.8000,1,1,3,1,1,1,1,6,1,2
SF,IH2006,2020-04-20 09:33:50.500,2740.6000,21922,0,378795720.000,0,-,-,-,-,2740.4000,2740.2000,2739.6000,2739.4000,2739.2000,2740.8000,2741.2000,2741.4000,2741.8000,2742.8000,1,1,2,1,1,3,1,6,1,3
SF,IH2006,2020-04-20 09:33:51.000,2740.4000,21922,0,379617840.000,1,0,1,多换,S,2740.2000,2739.6000,2739.4000,2739.2000,2739.0000,2740.8000,2741.2000,2741.4000,2741.8000,2742.8000,1,2,1,1,1,5,1,6,1,3
SF,IH2006,2020-04-20 09:33:51.500,2740.4000,21922,0,379617840.000,0,-,-,-,-,2739.6000,2739.4000,2739.2000,2739.0000,2738.2000,2740.8000,2741.2000,2741.4000,2741.8000,2742.8000,2,1,1,1,1,5,1,6,1,3
SF,IH2006,2020-04-20 09:33:52.000,2740.4000,21922,0,379617840.000,0,-,-,-,-,2739.8000,2739.6000,2739.4000,2739.2000,2739.0000,2740.6000,2740.8000,2741.2000,2741.4000,2741.8000,3,2,1,1,1,2,5,1,6,1
SF,IH2006,2020-04-20 09:33:52.500,2740.4000,21922,0,379617840.000,0,-,-,-,-,2739.8000,2739.6000,2739.4000,2739.2000,2739.0000,2740.6000,2740.8000,2741.2000,2741.4000,2741.8000,1,2,1,1,1,2,5,1,6,1
SF,IH2006,2020-04-20 09:33:54.000,2739.8000,21921,-1,380439780.000,1,0,1,双平,S,2739.6000,2739.4000,2739.2000,2739.0000,2738.2000,2740.6000,2740.8000,2741.2000,2741.4000,2741.8000,2,1,1,1,1,2,5,1,6,1
SF,IH2006,2020-04-20 09:33:54.500,2739.4000,21920,-1,382905360.000,3,1,2,多平,S,2739.2000,2739.0000,2738.2000,2738.0000,2737.8000,2740.2000,2740.4000,2740.6000,2740.8000,2741.2000,1,1,1,1,1,1,1,2,5,1
SF,IH2006,2020-04-20 09:33:55.000,2739.4000,21920,0,382905360.000,0,-,-,-,-,2739.2000,2739.0000,2738.2000,2738.0000,2737.8000,2740.0000,2740.2000,2740.4000,2740.6000,2740.8000,1,1,1,1,1,3,1,1,1,5
SF,IH2006,2020-04-20 09:33:55.500,2739.4000,21920,0,382905360.000,0,-,-,-,-,2739.2000,2739.0000,2738.2000,2738.0000,2737.8000,2740.0000,2740.2000,2740.4000,2740.6000,2740.8000,1,1,1,1,1,3,1,1,1,3
SF,IH2006,2020-04-20 09:33:56.000,2739.4000,21920,0,382905360.000,0,-,-,-,-,2739.2000,2739.0000,2738.2000,2738.0000,2737.8000,2740.0000,2740.2000,2740.4000,2740.6000,2741.2000,1,1,1,1,1,5,1,1,1,1
SF,IH2006,2020-04-20 09:33:56.500,2739.2000,21919,-1,383727120.000,1,0,1,双平,S,2739.0000,2738.2000,2738.0000,2737.8000,2736.6000,2740.0000,2740.2000,2740.4000,2740.6000,2741.2000,1,1,1,1,3,8,1,1,1,1
SF,IH2006,2020-04-20 09:33:57.000,2739.2000,21919,0,383727120.000,0,-,-,-,-,2739.0000,2738.2000,2738.0000,2737.8000,2736.6000,2739.8000,2740.0000,2740.2000,2740.6000,2741.2000,1,1,1,1,3,1,9,1,1,1
SF,IH2006,2020-04-20 09:33:58.000,2739.2000,21919,0,383727120.000,0,-,-,-,-,2739.0000,2738.2000,2738.0000,2737.8000,2736.6000,2739.8000,2740.0000,2740.2000,2740.6000,2741.2000,1,1,1,1,3,1,8,1,1,1
SF,IH2006,2020-04-20 09:33:58.500,2739.2000,21919,0,383727120.000,0,-,-,-,-,2739.0000,2738.2000,2738.0000,2737.8000,2736.6000,2739.6000,2739.8000,2740.0000,2740.2000,2740.6000,1,1,1,1,3,1,1,8,1,1
SF,IH2006,2020-04-20 09:33:59.500,2739.2000,21919,0,383727120.000,0,-,-,-,-,2739.0000,2738.2000,2738.0000,2737.8000,2736.6000,2739.4000,2739.6000,2739.8000,2740.0000,2740.2000,1,1,1,1,3,1,1,1,8,1
SF,IH2006,2020-04-20 09:34:00.000,2739.0000,21919,0,384548820.000,1,0,1,多换,S,2738.2000,2738.0000,2737.8000,2736.6000,2735.6000,2739.4000,2739.6000,2739.8000,2740.0000,2740.2000,1,1,1,3,1,1,1,1,8,1
SF,IH2006,2020-04-20 09:34:00.500,2738.6000,21918,-1,385370400.000,1,0,1,双平,S,2738.4000,2738.2000,2738.0000,2737.8000,2736.6000,2739.2000,2739.4000,2739.6000,2739.8000,2740.0000,2,1,1,1,3,2,1,1,1,7
SF,IH2006,2020-04-20 09:34:01.000,2738.2000,21916,-2,387834900.000,3,0,3,多平,S,2738.0000,2736.6000,2735.6000,2735.0000,2733.8000,2739.2000,2739.4000,2739.6000,2739.8000,2740.0000,1,3,1,1,1,2,1,2,1,5
SF,IH2006,2020-04-20 09:34:01.500,2738.0000,21916,0,388656300.000,1,0,1,多换,S,2736.6000,2735.6000,2735.0000,2733.8000,2733.2000,2738.8000,2739.0000,2739.2000,2739.4000,2739.6000,3,1,1,1,1,1,6,3,1,1
SF,IH2006,2020-04-20 09:34:02.000,2738.0000,21916,0,388656300.000,0,-,-,-,-,2737.0000,2736.8000,2736.6000,2735.6000,2735.0000,2738.4000,2738.6000,2738.8000,2739.0000,2739.2000,2,12,3,1,1,1,4,4,3,2
SF,IH2006,2020-04-20 09:34:02.500,2738.0000,21916,0,388656300.000,0,-,-,-,-,2737.2000,2737.0000,2736.8000,2736.6000,2735.6000,2738.2000,2738.4000,2738.6000,2738.8000,2739.0000,3,2,1,3,1,1,2,3,4,1
SF,IH2006,2020-04-20 09:34:03.000,2738.0000,21916,0,388656300.000,0,-,-,-,-,2737.0000,2736.8000,2736.6000,2735.6000,2735.0000,2738.2000,2738.4000,2738.6000,2738.8000,2739.0000,1,1,3,1,1,1,1,3,4,1
SF,IH2006,2020-04-20 09:34:03.500,2738.0000,21916,0,388656300.000,0,-,-,-,-,2737.2000,2737.0000,2736.8000,2736.6000,2735.6000,2738.0000,2738.2000,2738.4000,2738.6000,2738.8000,1,1,1,3,1,3,1,1,2,4
SF,IH2006,2020-04-20 09:34:04.000,2738.4000,21913,-3,392763480.000,5,1,4,多平,S,2738.0000,2737.6000,2737.4000,2737.2000,2737.0000,2738.6000,2738.8000,2739.0000,2739.2000,2739.6000,1,1,7,1,1,2,4,1,2,1
SF,IH2006,2020-04-20 09:34:04.500,2738.4000,21913,0,392763480.000,0,-,-,-,-,2738.0000,2737.6000,2737.4000,2737.2000,2736.6000,2738.8000,2739.2000,2739.6000,2740.6000,2741.2000,1,1,7,1,3,4,2,1,1,1
SF,IH2006,2020-04-20 09:34:05.000,2738.8000,21912,-1,393585120.000,1,0,1,双平,S,2738.2000,2738.0000,2737.6000,2737.4000,2737.2000,2738.8000,2739.2000,2739.6000,2740.6000,2741.2000,2,1,1,6,1,3,2,1,1,1
SF,IH2006,2020-04-20 09:34:05.500,2738.8000,21908,-4,396871680.000,4,0,4,双平,S,2738.4000,2738.2000,2738.0000,2737.6000,2737.4000,2739.2000,2739.6000,2740.6000,2741.2000,2741.4000,1,2,1,1,6,2,1,1,1,7
SF,IH2006,2020-04-20 09:34:06.000,2738.8000,21908,0,396871680.000,0,-,-,-,-,2738.6000,2738.4000,2738.2000,2738.0000,2737.6000,2739.2000,2739.6000,2740.6000,2741.2000,2741.4000,1,1,1,1,1,2,1,1,1,7
SF,IH2006,2020-04-20 09:34:06.500,2739.2000,21904,-4,400980600.000,5,0,5,多平,S,2739.4000,2739.2000,2738.8000,2738.6000,2738.2000,2740.6000,2741.2000,2741.4000,2741.8000,2742.8000,1,2,9,1,1,1,1,7,1,3
SF,IH2006,2020-04-20 09:34:07.000,2739.2000,21904,0,400980600.000,0,-,-,-,-,2739.6000,2739.4000,2739.2000,2738.8000,2738.2000,2740.2000,2740.4000,2740.6000,2741.2000,2741.4000,4,1,5,8,1,1,3,1,1,7
SF,IH2006,2020-04-20 09:34:07.500,2739.2000,21901,-3,405089820.000,5,1,4,多平,S,2739.2000,2738.8000,2738.2000,2738.0000,2736.6000,2740.2000,2740.4000,2740.6000,2741.2000,2741.4000,4,3,1,1,3,1,3,1,1,7
SF,IH2006,2020-04-20 09:34:08.000,2739.2000,21901,0,405089820.000,0,-,-,-,-,2739.2000,2738.8000,2738.0000,2736.6000,2735.6000,2740.0000,2740.2000,2740.4000,2740.6000,2741.2000,4,3,1,3,1,4,1,2,1,1
SF,IH2006,2020-04-20 09:34:09.000,2740.0000,21896,-5,410021880.000,6,0,6,多平,S,2739.4000,2739.2000,2738.8000,2738.0000,2736.6000,2740.4000,2740.6000,2741.2000,2741.4000,2741.8000,7,6,2,1,3,1,1,1,7,1
SF,IH2006,2020-04-20 09:34:09.500,2740.0000,21896,0,410021880.000,0,-,-,-,-,2740.0000,2739.8000,2739.6000,2739.4000,2739.2000,2740.4000,2740.6000,2741.2000,2741.4000,2741.6000,1,1,7,6,6,1,1,1,7,1
SF,IH2006,2020-04-20 09:34:10.000,2740.6000,21895,-1,411666180.000,2,0,2,多平,S,2740.6000,2740.4000,2740.2000,2740.0000,2739.8000,2741.2000,2741.4000,2741.6000,2741.8000,2742.8000,1,1,3,1,1,1,7,1,1,3
SF,IH2006,2020-04-20 09:34:10.500,2740.6000,21895,0,411666180.000,0,-,-,-,-,2740.8000,2740.6000,2740.2000,2740.0000,2739.8000,2741.2000,2741.4000,2741.6000,2741.8000,2742.8000,1,1,2,1,1,1,7,1,1,3
SF,IH2006,2020-04-20 09:34:11.000,2741.2000,21894,-1,413310780.000,2,0,2,多平,S,2741.0000,2740.6000,2740.2000,2740.0000,2739.8000,2741.4000,2741.6000,2741.8000,2742.8000,2744.0000,1,1,2,1,1,7,1,1,3,1
SF,IH2006,2020-04-20 09:34:11.500,2741.2000,21894,0,413310780.000,0,-,-,-,-,2740.6000,2740.2000,2740.0000,2739.8000,2739.6000,2741.4000,2741.6000,2741.8000,2742.8000,2744.0000,1,2,1,1,3,1,1,1,3,1
SF,IH2006,2020-04-20 09:34:12.000,2741.2000,21894,0,413310780.000,0,-,-,-,-,2740.8000,2740.6000,2740.2000,2740.0000,2739.6000,2741.4000,2741.6000,2741.8000,2742.0000,2742.8000,3,1,2,1,2,1,1,1,6,3
SF,IH2006,2020-04-20 09:34:12.500,2741.4000,21893,-1,414133200.000,1,0,1,双平,S,2741.4000,2740.8000,2740.6000,2740.2000,2740.0000,2741.6000,2741.8000,2742.4000,2742.8000,2744.0000,1,3,1,2,1,1,1,6,3,1
SF,IH2006,2020-04-20 09:34:13.000,2741.6000,21892,-1,416600700.000,3,1,2,多平,S,2741.6000,2740.8000,2740.6000,2740.2000,2740.0000,2742.4000,2742.8000,2744.0000,2744.8000,2745.8000,1,1,1,2,1,6,3,1,1,1
SF,IH2006,2020-04-20 09:34:13.500,2741.6000,21891,-1,417423180.000,1,0,1,双平,S,2740.8000,2740.6000,2740.2000,2740.0000,2739.6000,2741.8000,2742.2000,2742.4000,2742.8000,2744.0000,1,1,2,1,2,1,1,6,3,1
SF,IH2006,2020-04-20 09:34:14.000,2740.8000,21892,1,420712380.000,4,2,2,空开,S,2740.6000,2740.2000,2740.0000,2739.6000,2739.4000,2740.8000,2741.8000,2742.2000,2742.4000,2742.8000,1,1,1,2,5,6,1,1,6,3
SF,IH2006,2020-04-20 09:34:14.500,2740.8000,21893,1,425645820.000,6,3,3,空开,S,2741.0000,2740.8000,2740.6000,2740.2000,2740.0000,2741.8000,2742.2000,2742.4000,2742.8000,2744.0000,2,17,2,1,1,1,1,6,3,1
SF,IH2006,2020-04-20 09:34:15.000,2741.0000,21891,-2,428935020.000,4,1,3,多平,S,2740.8000,2740.6000,2740.0000,2739.2000,2738.0000,2741.8000,2742.2000,2742.4000,2742.8000,2744.0000,11,1,1,5,2,1,1,6,3,1
SF,IH2006,2020-04-20 09:34:15.500,2741.0000,21891,0,428935020.000,0,-,-,-,-,2741.4000,2740.8000,2740.6000,2740.0000,2739.2000,2741.8000,2742.2000,2742.4000,2742.8000,2744.0000,1,5,1,1,5,1,1,6,3,1
SF,IH2006,2020-04-20 09:34:16.000,2741.8000,21891,0,430579980.000,2,1,1,多换,S,2740.8000,2740.6000,2740.0000,2739.2000,2738.0000,2742.0000,2742.2000,2742.8000,2744.0000,2744.8000,5,1,1,5,2,1,1,3,1,1
SF,IH2006,2020-04-20 09:34:16.500,2742.2000,21889,-2,432225180.000,2,0,2,双平,S,2741.2000,2741.0000,2740.8000,2740.6000,2740.0000,2742.8000,2744.0000,2744.8000,2745.8000,2746.0000,1,11,5,1,1,3,1,1,1,1
SF,IH2006,2020-04-20 09:34:17.000,2742.0000,21889,0,433047780.000,1,0,1,多换,S,2741.6000,2741.4000,2741.2000,2741.0000,2740.8000,2742.6000,2742.8000,2744.0000,2744.8000,2745.8000,1,11,2,4,6,1,3,1,1,1
SF,IH2006,2020-04-20 09:34:17.500,2742.0000,21889,0,433047780.000,0,-,-,-,-,2742.0000,2741.8000,2741.6000,2741.4000,2741.2000,2742.8000,2743.4000,2744.0000,2744.8000,2745.8000,2,4,1,8,2,3,6,1,1,1
SF,IH2006,2020-04-20 09:34:18.000,2742.0000,21887,-2,434692980.000,2,0,2,双平,S,2741.8000,2741.6000,2741.4000,2741.2000,2741.0000,2742.8000,2743.4000,2744.0000,2744.2000,2744.8000,5,1,8,2,1,3,6,1,1,1
SF,IH2006,2020-04-20 09:34:18.500,2742.0000,21887,0,434692980.000,0,-,-,-,-,2741.8000,2741.4000,2741.2000,2741.0000,2740.8000,2742.8000,2743.4000,2744.0000,2744.2000,2744.8000,4,5,1,1,3,3,6,1,1,1
SF,IH2006,2020-04-20 09:34:19.000,2743.4000,21884,-3,442099620.000,9,3,6,多平,S,2742.0000,2741.8000,2741.0000,2740.8000,2740.6000,2744.0000,2744.2000,2744.8000,2745.8000,2746.0000,8,3,1,3,1,1,1,1,1,1
SF,IH2006,2020-04-20 09:34:19.500,2743.4000,21884,0,442099620.000,0,-,-,-,-,2742.4000,2742.2000,2742.0000,2741.8000,2741.0000,2743.4000,2743.8000,2744.0000,2744.2000,2744.8000,2,13,8,2,1,1,1,1,1,1
SF,IH2006,2020-04-20 09:34:20.000,2742.8000,21881,-3,444568380.000,3,0,3,双平,S,2742.6000,2742.4000,2742.2000,2742.0000,2741.8000,2744.0000,2744.2000,2744.8000,2745.4000,2745.8000,12,1,4,2,2,1,1,1,1,1
SF,IH2006,2020-04-20 09:34:20.500,2742.8000,21881,0,444568380.000,0,-,-,-,-,2743.2000,2743.0000,2742.8000,2742.6000,2742.4000,2743.6000,2743.8000,2744.0000,2744.2000,2744.8000,2,1,1,11,1,1,1,1,1,1
SF,IH2006,2020-04-20 09:34:21.000,2743.6000,21881,0,445391460.000,1,0,1,多换,S,2743.2000,2743.0000,2742.8000,2742.6000,2742.4000,2743.8000,2744.0000,2744.2000,2744.8000,2745.4000,2,1,5,11,1,1,1,1,1,1
SF,IH2006,2020-04-20 09:34:21.500,2743.6000,21881,0,445391460.000,0,-,-,-,-,2743.4000,2743.2000,2743.0000,2742.8000,2742.6000,2744.0000,2744.2000,2744.8000,2745.4000,2745.8000,1,2,1,5,10,1,1,1,1,1
SF,IH2006,2020-04-20 09:34:22.000,2743.4000,21881,0,447037500.000,2,1,1,多换,S,2743.2000,2743.0000,2742.8000,2742.6000,2742.4000,2743.8000,2744.0000,2744.2000,2744.8000,2745.4000,2,1,5,7,1,1,1,1,2,1
SF,IH2006,2020-04-20 09:34:22.500,2743.4000,21881,0,447037500.000,0,-,-,-,-,2743.4000,2743.2000,2743.0000,2742.8000,2742.6000,2743.6000,2743.8000,2744.0000,2744.2000,2744.8000,5,1,1,4,2,1,1,1,1,2
SF,IH2006,2020-04-20 09:34:23.000,2743.4000,21879,-2,448683540.000,2,0,2,双平,S,2743.2000,2743.0000,2742.8000,2742.6000,2742.4000,2743.4000,2743.8000,2744.0000,2744.2000,2744.8000,1,1,4,2,1,1,1,1,1,2
SF,IH2006,2020-04-20 09:34:23.500,2743.2000,21877,-2,450329460.000,2,0,2,双平,S,2742.8000,2742.6000,2742.4000,2742.0000,2741.0000,2744.0000,2744.2000,2744.8000,2745.4000,2745.8000,4,1,1,1,1,1,1,2,1,1
SF,IH2006,2020-04-20 09:34:24.000,2743.2000,21877,0,450329460.000,0,-,-,-,-,2742.8000,2742.4000,2742.0000,2741.0000,2740.8000,2743.6000,2743.8000,2744.0000,2744.2000,2744.8000,4,1,1,1,3,1,2,1,1,2
SF,IH2006,2020-04-20 09:34:24.500,2742.8000,21876,-1,451152300.000,1,0,1,双平,S,2742.8000,2742.4000,2742.0000,2741.0000,2740.8000,2743.4000,2743.6000,2743.8000,2744.0000,2744.2000,3,1,1,1,2,2,1,1,1,1
SF,IH2006,2020-04-20 09:34:25.500,2742.8000,21874,-2,452797980.000,2,0,2,双平,S,2742.8000,2742.4000,2742.0000,2741.0000,2740.8000,2743.0000,2743.4000,2743.6000,2743.8000,2744.0000,1,1,1,1,2,1,2,1,1,1
SF,IH2006,2020-04-20 09:34:26.000,2742.8000,21873,-1,453620820.000,1,0,1,双平,S,2742.4000,2742.0000,2741.0000,2740.8000,2740.6000,2743.0000,2743.4000,2743.6000,2743.8000,2744.0000,1,1,1,2,1,1,2,1,1,1
SF,IH2006,2020-04-20 09:34:27.000,2742.8000,21873,0,453620820.000,0,-,-,-,-,2742.6000,2742.4000,2742.0000,2741.0000,2740.8000,2743.0000,2743.4000,2743.6000,2743.8000,2744.0000,1,1,1,1,2,1,2,1,1,1
SF,IH2006,2020-04-20 09:34:27.500,2742.4000,21872,-1,455266320.000,2,0,2,多平,S,2742.0000,2741.0000,2740.8000,2740.6000,2740.0000,2743.0000,2743.4000,2743.6000,2743.8000,2744.0000,2,1,2,1,1,1,2,1,1,1
SF,IH2006,2020-04-20 09:34:28.000,2742.0000,21871,-1,457734120.000,3,1,2,多平,S,2740.6000,2740.0000,2739.2000,2738.0000,2736.6000,2742.2000,2742.6000,2742.8000,2743.0000,2743.2000,1,1,4,3,3,1,1,8,1,1
