市场代码,合约代码,时间,最新,持仓,增仓,成交额,成交量,开仓,平仓,成交类型,方向,买一价,买二价,买三价,买四价,买五价,卖一价,卖二价,卖三价,卖四价,卖五价,买一量,买二量,买三量,买四量,买五量,卖一量,卖二量,卖三量,卖四量,卖五量
SF,IH2002,2019-12-30 09:29:00.200,3030.2000,965,0,0.000,0.000,-,-,-,-,3026.4000,3025.4000,3024.8000,3024.4000,3023.4000,3031.4000,3035.2000,3037.2000,3037.6000,3038.4000,1,1,1,2,1,1,1,2,1,2
SF,IH2002,2019-12-30 09:30:00.200,3030.2000,965,0,0.000,0,-,-,-,-,3026.8000,3025.4000,3024.8000,3023.4000,3021.4000,3031.4000,3035.2000,3037.2000,3039.0000,3040.0000,1,1,1,1,2,1,1,2,1,2
SF,IH2002,2019-12-30 09:30:00.700,3030.2000,965,0,0.000,0,-,-,-,-,3027.0000,3026.6000,3025.4000,3023.4000,3021.4000,3031.0000,3031.2000,3031.4000,3035.2000,3037.2000,2,1,1,1,2,1,4,1,1,2
SF,IH2002,2019-12-30 09:30:01.200,3030.2000,965,0,0.000,0,-,-,-,-,3026.6000,3023.4000,3021.4000,3019.0000,3008.8000,3029.4000,3030.8000,3031.0000,3031.2000,3031.4000,1,1,2,1,1,1,5,1,3,1
SF,IH2002,2019-12-30 09:30:01.700,3030.2000,965,0,0.000,0,-,-,-,-,3026.6000,3021.4000,3019.0000,3008.8000,3003.0000,3029.2000,3029.4000,3030.8000,3031.2000,3031.4000,1,2,1,1,2,4,1,4,2,1
SF,IH2002,2019-12-30 09:30:02.700,3030.2000,965,0,0.000,0,-,-,-,-,3003.0000,2997.2000,2984.0000,2824.6000,2794.0000,3029.2000,3029.4000,3030.8000,3031.2000,3040.0000,2,1,1,3,5,4,1,4,2,2
SF,IH2002,2019-12-30 09:30:03.200,3030.2000,965,0,0.000,0,-,-,-,-,3025.2000,3022.6000,3014.4000,3009.4000,3003.4000,3029.2000,3029.4000,3030.8000,3031.2000,3040.0000,1,1,1,1,6,4,1,4,2,2
SF,IH2002,2019-12-30 09:30:03.700,3030.2000,965,0,0.000,0,-,-,-,-,3025.2000,3022.6000,3014.4000,3009.4000,3003.2000,3029.2000,3029.4000,3030.8000,3031.2000,3040.0000,1,1,1,1,5,4,1,4,2,2
SF,IH2002,2019-12-30 09:30:04.200,3030.2000,965,0,0.000,0,-,-,-,-,3025.4000,3025.2000,3022.6000,3009.4000,3003.2000,3029.2000,3029.4000,3030.8000,3031.2000,3040.0000,1,1,1,1,5,4,1,4,2,2
SF,IH2002,2019-12-30 09:30:04.700,3030.2000,965,0,0.000,0,-,-,-,-,3025.2000,3022.6000,3009.4000,3003.2000,3003.0000,3029.2000,3029.4000,3030.8000,3031.2000,3040.0000,1,1,1,5,2,4,1,4,2,2
SF,IH2002,2019-12-30 09:30:05.200,3030.2000,965,0,0.000,0,-,-,-,-,3025.4000,3025.2000,3025.0000,3022.6000,3009.4000,3029.2000,3029.4000,3030.8000,3031.2000,3040.0000,1,1,1,1,1,4,1,4,2,2
SF,IH2002,2019-12-30 09:30:05.700,3030.2000,965,0,0.000,0,-,-,-,-,3025.2000,3025.0000,3022.6000,3009.4000,3003.2000,3029.0000,3029.2000,3029.4000,3030.8000,3031.2000,1,1,1,1,5,1,4,1,4,2
SF,IH2002,2019-12-30 09:30:06.200,3030.2000,965,0,0.000,0,-,-,-,-,3025.2000,3025.0000,3022.6000,3003.2000,3003.0000,3028.2000,3028.6000,3028.8000,3029.0000,3029.2000,1,1,1,5,2,1,1,3,1,2
SF,IH2002,2019-12-30 09:30:06.700,3025.2000,965,0,907560.000,1,0,1,多换,S,3025.0000,3022.6000,3003.2000,3003.0000,2997.2000,3027.8000,3028.0000,3028.2000,3028.8000,3029.0000,1,1,5,2,1,1,2,1,2,1
SF,IH2002,2019-12-30 09:30:07.200,3025.2000,965,0,907560.000,0,-,-,-,-,3025.0000,3022.6000,3003.2000,3003.0000,2997.2000,3027.6000,3027.8000,3028.0000,3028.2000,3028.8000,1,1,5,2,1,3,1,2,1,1
SF,IH2002,2019-12-30 09:30:07.700,3025.2000,965,0,907560.000,0,-,-,-,-,3025.0000,3022.6000,3003.2000,3003.0000,2997.2000,3027.2000,3027.6000,3028.0000,3028.2000,3028.8000,1,1,5,2,1,1,3,2,1,1
SF,IH2002,2019-12-30 09:30:08.200,3025.2000,965,0,907560.000,0,-,-,-,-,3025.0000,3022.6000,3003.2000,3003.0000,2997.2000,3027.0000,3027.2000,3027.6000,3028.0000,3028.8000,1,1,5,2,1,2,1,3,1,1
SF,IH2002,2019-12-30 09:30:08.700,3025.2000,965,0,907560.000,0,-,-,-,-,3025.0000,3022.6000,3003.2000,3003.0000,2997.2000,3026.6000,3026.8000,3027.0000,3027.6000,3028.0000,1,1,5,2,1,1,1,2,2,1
SF,IH2002,2019-12-30 09:30:09.200,3025.2000,965,0,907560.000,0,-,-,-,-,3025.0000,3022.6000,3003.2000,3003.0000,2997.2000,3026.4000,3026.8000,3027.0000,3027.6000,3028.0000,1,1,5,2,1,1,1,2,1,1
SF,IH2002,2019-12-30 09:30:09.700,3025.2000,965,0,907560.000,0,-,-,-,-,3025.0000,3022.6000,3003.2000,3003.0000,2997.2000,3026.4000,3027.0000,3027.6000,3028.0000,3028.8000,1,1,5,2,1,1,2,1,1,1
SF,IH2002,2019-12-30 09:30:10.200,3025.2000,965,0,907560.000,0,-,-,-,-,3025.2000,3025.0000,3022.6000,3003.2000,3003.0000,3026.4000,3027.0000,3027.6000,3028.0000,3028.8000,1,1,1,5,2,1,2,1,1,1
SF,IH2002,2019-12-30 09:30:13.700,3025.2000,965,0,907560.000,0,-,-,-,-,3025.2000,3025.0000,3022.6000,3003.2000,3003.0000,3027.0000,3027.6000,3028.0000,3028.8000,3029.0000,1,1,1,5,2,1,1,1,1,1
SF,IH2002,2019-12-30 09:30:14.200,3027.0000,965,0,1815660.000,1,0,1,多换,S,3025.4000,3025.2000,3025.0000,3022.6000,3003.2000,3027.6000,3028.0000,3028.8000,3029.0000,3029.2000,1,1,1,1,4,1,1,1,1,1
SF,IH2002,2019-12-30 09:30:14.700,3027.0000,965,0,1815660.000,0,-,-,-,-,3025.6000,3025.4000,3025.2000,3025.0000,3022.6000,3027.0000,3027.6000,3028.0000,3028.8000,3029.2000,2,2,1,1,1,1,1,1,1,1
SF,IH2002,2019-12-30 09:30:15.200,3027.0000,965,0,2723760.000,1,0,1,多换,S,3025.8000,3025.6000,3025.4000,3025.2000,3025.0000,3028.8000,3029.2000,3029.4000,3030.8000,3031.2000,1,1,1,1,2,1,1,1,3,2
SF,IH2002,2019-12-30 09:30:15.700,3027.0000,965,0,2723760.000,0,-,-,-,-,3026.0000,3025.8000,3025.6000,3025.4000,3025.2000,3028.4000,3028.6000,3028.8000,3029.2000,3029.4000,1,1,1,1,2,1,4,1,1,1
SF,IH2002,2019-12-30 09:30:16.200,3027.0000,965,0,2723760.000,0,-,-,-,-,3026.0000,3025.8000,3025.6000,3025.4000,3025.2000,3028.2000,3028.4000,3028.6000,3028.8000,3029.2000,1,1,1,1,1,3,1,3,1,1
SF,IH2002,2019-12-30 09:30:16.700,3027.0000,965,0,2723760.000,0,-,-,-,-,3026.0000,3025.8000,3025.4000,3025.2000,3025.0000,3027.8000,3028.2000,3028.6000,3028.8000,3029.2000,1,1,1,1,2,1,3,3,1,1
SF,IH2002,2019-12-30 09:30:17.200,3027.0000,965,0,2723760.000,0,-,-,-,-,3025.8000,3025.4000,3025.2000,3025.0000,3022.6000,3027.8000,3028.0000,3028.2000,3028.6000,3028.8000,1,1,1,2,1,1,1,3,3,1
SF,IH2002,2019-12-30 09:30:17.700,3027.0000,965,0,2723760.000,0,-,-,-,-,3026.2000,3026.0000,3025.8000,3025.2000,3025.0000,3028.0000,3028.2000,3028.6000,3028.8000,3029.2000,1,1,1,1,2,1,2,3,1,1
SF,IH2002,2019-12-30 09:30:18.200,3027.0000,965,0,2723760.000,0,-,-,-,-,3026.2000,3026.0000,3025.8000,3025.2000,3025.0000,3027.6000,3028.0000,3028.2000,3028.6000,3028.8000,1,1,1,1,2,1,1,2,3,1
SF,IH2002,2019-12-30 09:30:18.700,3027.0000,965,0,2723760.000,0,-,-,-,-,3026.2000,3026.0000,3025.8000,3025.2000,3025.0000,3027.6000,3028.0000,3028.6000,3028.8000,3029.2000,1,1,1,1,2,1,1,3,1,1
SF,IH2002,2019-12-30 09:30:20.700,3027.0000,965,0,2723760.000,0,-,-,-,-,3026.0000,3025.8000,3025.2000,3025.0000,3022.6000,3027.6000,3028.0000,3028.6000,3028.8000,3029.2000,1,1,1,2,1,1,1,3,1,1
SF,IH2002,2019-12-30 09:30:22.200,3027.0000,965,0,2723760.000,0,-,-,-,-,3026.0000,3025.8000,3025.2000,3025.0000,3022.6000,3027.4000,3027.6000,3028.0000,3028.6000,3028.8000,1,1,1,2,1,1,1,1,3,1
SF,IH2002,2019-12-30 09:30:22.700,3027.0000,965,0,2723760.000,0,-,-,-,-,3026.2000,3026.0000,3025.8000,3025.2000,3025.0000,3027.6000,3028.6000,3028.8000,3029.2000,3029.4000,1,1,1,1,3,1,3,1,1,1
SF,IH2002,2019-12-30 09:30:23.200,3026.2000,965,0,3631620.000,1,0,1,多换,S,3026.0000,3025.8000,3025.2000,3025.0000,3022.6000,3028.6000,3028.8000,3029.2000,3029.4000,3030.8000,1,1,1,3,1,3,1,1,1,3
SF,IH2002,2019-12-30 09:30:23.700,3026.2000,965,0,3631620.000,0,-,-,-,-,3025.8000,3025.2000,3025.0000,3022.6000,3003.2000,3028.2000,3028.4000,3028.6000,3028.8000,3029.2000,1,1,3,1,3,1,5,3,1,1
SF,IH2002,2019-12-30 09:30:24.200,3026.2000,965,0,3631620.000,0,-,-,-,-,3025.2000,3025.0000,3022.6000,3003.2000,2997.2000,3028.0000,3028.2000,3028.4000,3028.6000,3028.8000,1,3,1,3,1,2,1,4,3,1
SF,IH2002,2019-12-30 09:30:24.700,3026.2000,965,0,3631620.000,0,-,-,-,-,3025.4000,3025.2000,3025.0000,3022.6000,3003.2000,3027.6000,3028.0000,3028.4000,3028.6000,3028.8000,1,1,3,1,3,1,2,4,3,1
SF,IH2002,2019-12-30 09:30:25.200,3026.2000,965,0,3631620.000,0,-,-,-,-,3025.4000,3025.2000,3025.0000,3022.6000,3003.2000,3027.4000,3027.6000,3027.8000,3028.0000,3028.4000,1,1,3,1,3,3,1,1,1,4
SF,IH2002,2019-12-30 09:30:25.700,3026.2000,965,0,3631620.000,0,-,-,-,-,3025.2000,3025.0000,3022.6000,3003.2000,2997.2000,3027.2000,3027.4000,3027.8000,3028.0000,3028.4000,1,3,1,3,1,1,3,1,1,4
SF,IH2002,2019-12-30 09:30:26.200,3026.2000,965,0,3631620.000,0,-,-,-,-,3025.2000,3025.0000,3022.6000,3003.2000,2997.2000,3027.2000,3027.4000,3027.8000,3028.0000,3028.4000,1,3,1,3,1,1,3,1,1,3
SF,IH2002,2019-12-30 09:30:26.700,3026.2000,965,0,3631620.000,0,-,-,-,-,3025.2000,3025.0000,3022.6000,3003.2000,2997.2000,3027.0000,3027.2000,3027.4000,3028.0000,3028.4000,1,3,1,3,1,1,1,3,1,3
SF,IH2002,2019-12-30 09:30:27.200,3026.2000,965,0,3631620.000,0,-,-,-,-,3025.4000,3025.2000,3025.0000,3022.6000,3003.2000,3027.4000,3028.0000,3028.4000,3028.6000,3028.8000,1,1,3,1,3,3,1,3,3,1
SF,IH2002,2019-12-30 09:30:27.700,3026.2000,965,0,3631620.000,0,-,-,-,-,3025.4000,3025.2000,3025.0000,3022.6000,3003.2000,3026.8000,3027.2000,3027.4000,3028.0000,3028.4000,1,1,3,1,3,1,2,3,1,3
SF,IH2002,2019-12-30 09:30:28.200,3026.2000,965,0,3631620.000,0,-,-,-,-,3025.4000,3025.2000,3025.0000,3022.6000,3003.2000,3026.8000,3027.2000,3027.4000,3028.0000,3028.4000,1,1,3,1,3,1,2,2,1,3
SF,IH2002,2019-12-30 09:30:28.700,3026.2000,965,0,3631620.000,0,-,-,-,-,3025.4000,3025.2000,3025.0000,3022.6000,3003.2000,3026.8000,3028.0000,3028.4000,3028.6000,3028.8000,1,1,3,1,3,1,1,3,3,1
SF,IH2002,2019-12-30 09:30:29.200,3026.2000,965,0,3631620.000,0,-,-,-,-,3025.6000,3025.4000,3025.2000,3025.0000,3022.6000,3026.8000,3028.0000,3028.4000,3028.6000,3028.8000,1,1,1,3,1,1,1,3,3,1
SF,IH2002,2019-12-30 09:30:29.700,3026.2000,965,0,3631620.000,0,-,-,-,-,3025.8000,3025.6000,3025.4000,3025.2000,3025.0000,3026.8000,3028.0000,3028.4000,3028.6000,3028.8000,1,1,1,1,3,1,1,3,3,1
SF,IH2002,2019-12-30 09:30:31.200,3026.2000,965,0,3631620.000,0,-,-,-,-,3025.6000,3025.4000,3025.2000,3025.0000,3022.6000,3028.0000,3028.4000,3028.6000,3028.8000,3029.2000,1,1,1,3,1,1,3,3,1,1
SF,IH2002,2019-12-30 09:30:31.700,3026.2000,965,0,3631620.000,0,-,-,-,-,3025.4000,3025.2000,3025.0000,3022.6000,3003.2000,3027.6000,3027.8000,3028.0000,3028.4000,3028.6000,1,1,3,1,3,1,4,1,3,3
SF,IH2002,2019-12-30 09:30:32.200,3026.2000,965,0,3631620.000,0,-,-,-,-,3025.8000,3025.4000,3025.2000,3025.0000,3022.6000,3027.8000,3028.0000,3028.4000,3028.6000,3028.8000,1,1,1,3,1,3,1,3,3,1
SF,IH2002,2019-12-30 09:30:32.700,3026.2000,965,0,3631620.000,0,-,-,-,-,3025.8000,3025.4000,3025.2000,3025.0000,3022.6000,3027.4000,3027.6000,3027.8000,3028.0000,3028.4000,1,1,1,3,1,1,1,3,1,3
SF,IH2002,2019-12-30 09:30:33.700,3026.2000,965,0,3631620.000,0,-,-,-,-,3025.8000,3025.4000,3025.2000,3025.0000,3022.6000,3027.4000,3027.8000,3028.0000,3028.4000,3028.6000,1,1,1,3,1,1,2,1,3,3
SF,IH2002,2019-12-30 09:30:34.200,3026.2000,965,0,3631620.000,0,-,-,-,-,3025.8000,3025.4000,3025.2000,3025.0000,3022.6000,3027.4000,3028.0000,3028.4000,3028.6000,3028.8000,1,1,1,3,1,1,1,3,3,1
SF,IH2002,2019-12-30 09:30:35.200,3026.2000,965,0,3631620.000,0,-,-,-,-,3025.4000,3025.2000,3025.0000,3022.6000,3003.2000,3027.2000,3027.4000,3028.0000,3028.4000,3028.6000,1,1,3,1,3,2,1,1,3,3
SF,IH2002,2019-12-30 09:30:35.700,3026.0000,965,0,4539420.000,1,0,1,多换,S,3025.6000,3025.4000,3025.2000,3025.0000,3022.6000,3025.8000,3028.0000,3028.4000,3028.6000,3028.8000,1,1,1,3,1,1,1,3,3,1
SF,IH2002,2019-12-30 09:30:36.200,3025.8000,965,0,6354900.000,2,1,1,多换,S,3025.6000,3025.2000,3025.0000,3022.6000,3003.2000,3028.0000,3028.4000,3028.6000,3028.8000,3029.2000,1,1,3,1,3,1,3,3,1,1
SF,IH2002,2019-12-30 09:30:36.700,3025.8000,965,0,6354900.000,0,-,-,-,-,3025.2000,3025.0000,3022.6000,3003.2000,2997.2000,3027.8000,3028.0000,3028.4000,3028.6000,3028.8000,1,3,1,3,1,5,1,3,3,1
SF,IH2002,2019-12-30 09:30:37.200,3025.8000,965,0,6354900.000,0,-,-,-,-,3025.2000,3025.0000,3022.6000,3003.2000,2997.2000,3027.8000,3028.0000,3028.4000,3028.6000,3028.8000,1,3,1,3,1,6,1,3,3,1
SF,IH2002,2019-12-30 09:30:37.700,3025.8000,965,0,6354900.000,0,-,-,-,-,3025.2000,3025.0000,3022.6000,3003.2000,2997.2000,3027.8000,3028.0000,3028.4000,3028.6000,3028.8000,2,3,1,3,1,5,1,3,3,1
SF,IH2002,2019-12-30 09:30:38.700,3025.8000,965,0,6354900.000,0,-,-,-,-,3025.2000,3025.0000,3022.6000,3003.2000,2997.2000,3027.6000,3027.8000,3028.0000,3028.4000,3028.6000,2,3,1,3,1,1,4,1,3,3
SF,IH2002,2019-12-30 09:30:39.200,3025.8000,965,0,6354900.000,0,-,-,-,-,3025.2000,3025.0000,3022.6000,3003.2000,2997.2000,3027.4000,3027.6000,3027.8000,3028.0000,3028.4000,2,3,1,3,1,4,1,3,1,3
SF,IH2002,2019-12-30 09:30:39.700,3025.8000,965,0,6354900.000,0,-,-,-,-,3025.4000,3025.2000,3025.0000,3022.6000,3003.2000,3027.4000,3027.8000,3028.0000,3028.4000,3028.6000,1,2,3,1,3,2,3,1,3,3
SF,IH2002,2019-12-30 09:30:40.200,3025.8000,965,0,6354900.000,0,-,-,-,-,3025.4000,3025.2000,3025.0000,3022.6000,3003.2000,3027.2000,3027.4000,3027.8000,3028.0000,3028.4000,1,2,3,1,3,1,2,3,1,3
SF,IH2002,2019-12-30 09:30:40.700,3025.8000,965,0,6354900.000,0,-,-,-,-,3025.4000,3025.2000,3025.0000,3022.6000,3003.2000,3027.0000,3027.2000,3027.4000,3027.8000,3028.0000,1,2,3,1,3,1,1,2,2,1
SF,IH2002,2019-12-30 09:30:41.200,3025.8000,965,0,6354900.000,0,-,-,-,-,3025.4000,3025.2000,3025.0000,3022.6000,3003.2000,3027.0000,3027.4000,3027.8000,3028.0000,3028.4000,1,2,3,1,3,1,2,2,1,3
SF,IH2002,2019-12-30 09:30:41.700,3025.8000,965,0,6354900.000,0,-,-,-,-,3025.2000,3025.0000,3022.6000,3003.2000,2997.2000,3026.8000,3027.0000,3027.4000,3027.8000,3028.0000,1,3,1,3,1,1,1,2,2,1
SF,IH2002,2019-12-30 09:30:42.700,3025.8000,965,0,6354900.000,0,-,-,-,-,3025.2000,3025.0000,3022.6000,3003.2000,2997.2000,3027.0000,3027.4000,3027.8000,3028.0000,3028.4000,1,3,1,3,1,1,2,2,1,3
SF,IH2002,2019-12-30 09:30:44.200,3025.8000,965,0,6354900.000,0,-,-,-,-,3025.2000,3025.0000,3022.6000,3021.0000,3003.2000,3027.0000,3027.4000,3027.8000,3028.0000,3028.4000,1,3,1,5,3,1,2,2,1,3
SF,IH2002,2019-12-30 09:30:48.700,3025.8000,965,0,6354900.000,0,-,-,-,-,3025.2000,3025.0000,3022.6000,3021.0000,3003.2000,3026.8000,3027.0000,3027.4000,3027.8000,3028.0000,1,3,1,5,3,1,1,2,2,1
SF,IH2002,2019-12-30 09:30:49.200,3025.8000,965,0,6354900.000,0,-,-,-,-,3025.2000,3025.0000,3022.6000,3021.0000,3003.2000,3026.6000,3027.0000,3027.4000,3027.8000,3028.0000,1,3,1,5,3,1,1,1,2,1
SF,IH2002,2019-12-30 09:30:50.200,3027.0000,965,0,8170980.000,2,1,1,多换,S,3025.4000,3025.2000,3025.0000,3022.6000,3021.0000,3027.4000,3027.8000,3028.0000,3028.4000,3028.6000,1,1,3,1,5,1,2,1,3,3
SF,IH2002,2019-12-30 09:30:50.700,3027.0000,965,0,8170980.000,0,-,-,-,-,3025.4000,3025.2000,3025.0000,3022.6000,3021.0000,3027.2000,3027.4000,3027.8000,3028.0000,3028.4000,1,1,3,1,5,2,1,2,1,3
SF,IH2002,2019-12-30 09:30:51.200,3027.0000,965,0,8170980.000,0,-,-,-,-,3025.2000,3025.0000,3022.6000,3021.0000,3003.2000,3027.0000,3027.2000,3027.8000,3028.0000,3028.4000,1,3,1,5,3,1,2,2,1,3
SF,IH2002,2019-12-30 09:30:51.700,3027.0000,965,0,8170980.000,0,-,-,-,-,3025.2000,3025.0000,3022.6000,3021.0000,3003.2000,3026.6000,3026.8000,3027.0000,3027.2000,3027.8000,1,3,1,5,3,1,3,1,1,2
SF,IH2002,2019-12-30 09:30:52.200,3027.0000,965,0,8170980.000,0,-,-,-,-,3025.2000,3025.0000,3022.6000,3017.2000,3003.2000,3026.6000,3026.8000,3027.0000,3027.2000,3027.8000,1,3,1,5,3,1,4,1,1,2
SF,IH2002,2019-12-30 09:30:53.200,3027.0000,965,0,8170980.000,0,-,-,-,-,3025.2000,3025.0000,3022.6000,3017.2000,3003.2000,3026.4000,3026.6000,3026.8000,3027.0000,3027.2000,1,3,1,5,3,1,1,3,1,1
SF,IH2002,2019-12-30 09:30:53.700,3027.0000,965,0,8170980.000,0,-,-,-,-,3025.2000,3025.0000,3022.6000,3017.2000,3003.2000,3026.6000,3026.8000,3027.0000,3027.2000,3027.8000,1,3,1,5,3,1,3,1,1,2
SF,IH2002,2019-12-30 09:30:54.200,3027.0000,965,0,8170980.000,0,-,-,-,-,3025.2000,3025.0000,3022.6000,3017.2000,3003.2000,3026.4000,3026.6000,3026.8000,3027.0000,3027.2000,1,3,1,5,3,1,1,3,1,1
SF,IH2002,2019-12-30 09:30:54.700,3027.0000,965,0,8170980.000,0,-,-,-,-,3025.2000,3025.0000,3022.6000,3017.2000,3003.2000,3026.6000,3026.8000,3027.0000,3027.2000,3027.8000,1,3,1,5,3,1,3,1,1,2
SF,IH2002,2019-12-30 09:30:55.200,3027.0000,965,0,8170980.000,0,-,-,-,-,3025.2000,3025.0000,3022.6000,3017.2000,3003.2000,3026.0000,3026.4000,3026.8000,3027.2000,3027.8000,1,3,1,5,3,1,3,3,1,2
SF,IH2002,2019-12-30 09:30:56.700,3027.0000,965,0,8170980.000,0,-,-,-,-,3025.2000,3025.0000,3022.6000,3017.2000,3003.2000,3026.4000,3026.8000,3027.2000,3027.8000,3028.0000,1,3,1,5,3,3,3,1,2,1
SF,IH2002,2019-12-30 09:30:57.200,3027.0000,965,0,8170980.000,0,-,-,-,-,3025.2000,3025.0000,3022.6000,3017.2000,3003.2000,3026.2000,3026.4000,3026.8000,3027.2000,3027.8000,1,3,1,5,3,1,3,3,1,2
SF,IH2002,2019-12-30 09:30:58.700,3027.0000,965,0,8170980.000,0,-,-,-,-,3025.2000,3025.0000,3022.6000,3017.2000,3003.2000,3026.0000,3026.2000,3026.4000,3026.8000,3027.2000,1,3,1,5,3,2,1,3,3,1
SF,IH2002,2019-12-30 09:31:00.200,3027.0000,965,0,8170980.000,0,-,-,-,-,3025.2000,3025.0000,3022.6000,3017.2000,3003.2000,3025.8000,3026.0000,3026.2000,3026.4000,3026.6000,1,3,1,5,3,1,2,1,3,1
SF,IH2002,2019-12-30 09:31:00.700,3027.0000,965,0,8170980.000,0,-,-,-,-,3025.2000,3025.0000,3022.6000,3017.2000,3003.2000,3025.8000,3026.0000,3026.4000,3026.6000,3026.8000,1,3,1,5,3,2,3,3,1,3
SF,IH2002,2019-12-30 09:31:01.200,3025.2000,965,0,9078540.000,1,0,1,多换,S,3025.0000,3022.6000,3017.2000,3003.2000,2997.2000,3025.6000,3025.8000,3026.0000,3026.4000,3026.6000,3,1,5,3,1,2,2,3,2,1
SF,IH2002,2019-12-30 09:31:01.700,3025.2000,965,0,9078540.000,0,-,-,-,-,3025.0000,3022.6000,3017.2000,3003.2000,2997.2000,3025.8000,3026.0000,3026.4000,3026.6000,3026.8000,3,1,5,3,1,1,2,2,1,3
SF,IH2002,2019-12-30 09:31:02.200,3025.2000,965,0,9078540.000,0,-,-,-,-,3025.0000,3022.6000,3017.2000,3003.2000,2997.2000,3025.8000,3026.0000,3026.4000,3026.6000,3026.8000,3,1,5,3,1,1,3,2,1,3
SF,IH2002,2019-12-30 09:31:02.700,3025.2000,965,0,9078540.000,0,-,-,-,-,3025.0000,3022.6000,3017.2000,3003.2000,2997.2000,3025.8000,3026.0000,3026.4000,3026.6000,3026.8000,3,1,5,3,1,1,3,2,1,3
SF,IH2002,2019-12-30 09:31:03.200,3025.2000,965,0,9078540.000,0,-,-,-,-,3025.0000,3022.6000,3017.2000,3003.2000,2997.2000,3025.8000,3026.0000,3026.4000,3026.6000,3026.8000,3,1,5,1,1,1,3,2,1,3
SF,IH2002,2019-12-30 09:31:03.700,3025.2000,965,0,9078540.000,0,-,-,-,-,3025.0000,3022.6000,3017.2000,3003.2000,2997.2000,3026.0000,3026.4000,3026.6000,3026.8000,3027.2000,3,1,5,1,1,3,2,1,3,1
SF,IH2002,2019-12-30 09:31:04.200,3025.2000,965,0,9078540.000,0,-,-,-,-,3025.0000,3022.6000,3017.2000,3003.2000,2997.2000,3025.8000,3026.0000,3026.4000,3026.6000,3026.8000,3,1,5,1,1,3,3,2,1,3
SF,IH2002,2019-12-30 09:31:04.700,3025.2000,965,0,9078540.000,0,-,-,-,-,3025.0000,3022.6000,3017.2000,3003.2000,2997.2000,3025.8000,3026.0000,3026.4000,3026.6000,3026.8000,3,1,5,1,1,1,2,2,1,3
SF,IH2002,2019-12-30 09:31:05.700,3025.2000,965,0,9078540.000,0,-,-,-,-,3025.0000,3022.6000,3017.2000,3003.2000,2997.2000,3025.8000,3026.0000,3026.4000,3026.6000,3026.8000,3,1,5,1,1,1,3,2,1,3
SF,IH2002,2019-12-30 09:31:08.200,3025.2000,965,0,9078540.000,0,-,-,-,-,3025.0000,3022.6000,3017.2000,3003.2000,2997.2000,3025.6000,3025.8000,3026.0000,3026.4000,3026.6000,3,1,5,1,1,2,1,3,2,1
SF,IH2002,2019-12-30 09:31:08.700,3025.2000,965,0,9078540.000,0,-,-,-,-,3025.0000,3022.6000,3017.2000,3003.2000,2997.2000,3026.0000,3026.4000,3026.6000,3026.8000,3027.2000,3,1,5,1,1,3,2,1,3,1
SF,IH2002,2019-12-30 09:31:09.200,3025.2000,965,0,9078540.000,0,-,-,-,-,3025.0000,3022.6000,3017.2000,3003.2000,2997.2000,3026.0000,3026.4000,3026.6000,3026.8000,3027.2000,3,1,5,1,1,2,2,1,3,1
SF,IH2002,2019-12-30 09:31:09.700,3025.2000,965,0,9078540.000,0,-,-,-,-,3025.0000,3022.6000,3017.2000,3003.2000,2997.2000,3025.8000,3026.0000,3026.4000,3026.6000,3026.8000,3,1,5,1,1,1,2,2,1,3
SF,IH2002,2019-12-30 09:31:10.200,3025.2000,965,0,9078540.000,0,-,-,-,-,3025.0000,3022.6000,3017.2000,3003.2000,2997.2000,3025.8000,3026.8000,3027.2000,3027.8000,3028.0000,3,1,5,1,1,1,3,1,2,1
SF,IH2002,2019-12-30 09:31:11.200,3025.2000,965,0,9078540.000,0,-,-,-,-,3025.0000,3022.6000,3017.2000,3003.2000,2997.2000,3026.8000,3027.2000,3027.8000,3028.0000,3028.4000,3,1,5,1,1,3,1,2,1,3
SF,IH2002,2019-12-30 09:31:11.700,3025.2000,965,0,9078540.000,0,-,-,-,-,3025.0000,3022.6000,3017.2000,3003.2000,2997.2000,3026.4000,3026.6000,3026.8000,3027.2000,3027.8000,3,1,5,1,1,1,4,3,1,2
SF,IH2002,2019-12-30 09:31:12.200,3025.2000,965,0,9078540.000,0,-,-,-,-,3025.0000,3022.6000,3017.2000,3003.2000,2997.2000,3026.2000,3026.4000,3026.6000,3026.8000,3027.2000,3,1,5,1,1,1,1,4,3,1
SF,IH2002,2019-12-30 09:31:12.700,3025.2000,965,0,9078540.000,0,-,-,-,-,3025.0000,3022.6000,3017.2000,3003.2000,2997.2000,3026.2000,3026.4000,3026.6000,3026.8000,3027.2000,3,1,5,1,1,1,1,4,3,1
SF,IH2002,2019-12-30 09:31:18.200,3025.2000,965,0,9078540.000,0,-,-,-,-,3025.0000,3022.6000,3017.2000,3003.2000,2997.2000,3026.0000,3026.2000,3026.4000,3026.6000,3026.8000,3,1,5,1,1,2,1,1,4,3
SF,IH2002,2019-12-30 09:31:18.700,3025.2000,965,0,9078540.000,0,-,-,-,-,3025.0000,3022.6000,3017.2000,3003.2000,2997.2000,3025.8000,3026.0000,3026.2000,3026.4000,3026.6000,3,1,5,1,1,1,2,1,1,4
SF,IH2002,2019-12-30 09:31:19.200,3025.2000,965,0,9078540.000,0,-,-,-,-,3025.0000,3022.6000,3017.2000,3003.2000,2997.2000,3025.8000,3026.0000,3026.2000,3026.4000,3026.6000,3,1,5,1,1,1,3,1,1,4
SF,IH2002,2019-12-30 09:31:20.700,3025.0000,966,1,10893540.000,2,1,1,空开,S,3025.0000,3022.6000,3017.2000,3003.2000,2997.2000,3025.6000,3025.8000,3026.0000,3026.2000,3026.6000,1,1,5,1,1,4,1,3,1,4
SF,IH2002,2019-12-30 09:31:21.200,3025.0000,965,-1,11801040.000,1,0,1,双平,S,3017.2000,3003.2000,2997.2000,2984.0000,2824.6000,3025.0000,3025.6000,3025.8000,3026.0000,3026.2000,5,1,1,1,3,3,4,1,3,1
SF,IH2002,2019-12-30 09:31:21.700,3025.0000,965,0,12708540.000,1,0,1,多换,S,3019.2000,3017.6000,3017.4000,3017.2000,3003.2000,3024.6000,3025.0000,3025.6000,3025.8000,3026.0000,1,1,1,5,1,1,1,3,1,3
SF,IH2002,2019-12-30 09:31:22.200,3025.0000,965,0,12708540.000,0,-,-,-,-,3019.4000,3019.2000,3017.4000,3017.2000,3003.2000,3024.6000,3024.8000,3025.0000,3025.6000,3025.8000,3,1,1,5,1,1,1,1,3,1
SF,IH2002,2019-12-30 09:31:22.700,3025.0000,965,0,12708540.000,0,-,-,-,-,3019.6000,3019.4000,3019.2000,3017.4000,3017.2000,3024.6000,3024.8000,3025.6000,3025.8000,3026.0000,1,3,1,1,5,1,1,3,1,3
SF,IH2002,2019-12-30 09:31:23.200,3025.0000,965,0,12708540.000,0,-,-,-,-,3021.6000,3020.0000,3019.8000,3019.6000,3019.4000,3024.0000,3024.6000,3024.8000,3025.6000,3025.8000,1,1,2,1,1,1,1,1,3,1
SF,IH2002,2019-12-30 09:31:23.700,3025.0000,965,0,12708540.000,0,-,-,-,-,3021.8000,3021.6000,3020.0000,3019.8000,3019.6000,3024.6000,3024.8000,3025.6000,3026.0000,3026.6000,2,1,1,1,1,1,1,3,3,3
SF,IH2002,2019-12-30 09:31:24.200,3025.0000,965,0,12708540.000,0,-,-,-,-,3022.0000,3021.8000,3021.6000,3020.0000,3019.8000,3024.6000,3024.8000,3025.6000,3026.0000,3026.6000,1,2,1,1,1,1,1,3,3,3
SF,IH2002,2019-12-30 09:31:24.700,3025.0000,965,0,12708540.000,0,-,-,-,-,3022.2000,3022.0000,3021.8000,3021.6000,3020.0000,3024.6000,3024.8000,3025.6000,3026.0000,3026.6000,2,1,1,1,1,1,1,3,3,3
SF,IH2002,2019-12-30 09:31:25.200,3025.0000,965,0,12708540.000,0,-,-,-,-,3023.0000,3022.2000,3022.0000,3021.8000,3021.6000,3024.2000,3024.6000,3025.6000,3026.0000,3026.6000,1,2,1,1,1,1,1,3,3,3
SF,IH2002,2019-12-30 09:31:25.700,3025.0000,965,0,12708540.000,0,-,-,-,-,3023.2000,3023.0000,3022.4000,3022.2000,3022.0000,3024.2000,3024.6000,3025.6000,3026.0000,3026.6000,1,1,1,2,1,1,1,3,3,3
SF,IH2002,2019-12-30 09:31:26.200,3025.0000,965,0,12708540.000,0,-,-,-,-,3023.2000,3023.0000,3022.4000,3022.2000,3021.6000,3024.6000,3025.6000,3026.0000,3026.6000,3026.8000,1,1,1,2,1,1,3,3,3,3
SF,IH2002,2019-12-30 09:31:26.700,3025.0000,965,0,12708540.000,0,-,-,-,-,3023.4000,3023.2000,3023.0000,3022.4000,3022.2000,3024.6000,3025.6000,3026.0000,3026.6000,3026.8000,1,1,1,1,2,1,3,3,3,3
SF,IH2002,2019-12-30 09:31:27.200,3025.0000,965,0,12708540.000,0,-,-,-,-,3023.6000,3023.4000,3023.2000,3023.0000,3022.4000,3025.6000,3026.0000,3026.6000,3026.8000,3027.2000,1,1,1,1,1,3,3,3,3,1
SF,IH2002,2019-12-30 09:31:27.700,3025.0000,965,0,12708540.000,0,-,-,-,-,3023.8000,3023.6000,3023.4000,3023.2000,3023.0000,3025.6000,3026.0000,3026.6000,3026.8000,3027.2000,1,1,1,1,1,3,3,3,3,1
SF,IH2002,2019-12-30 09:31:28.200,3025.0000,965,0,12708540.000,0,-,-,-,-,3024.0000,3023.8000,3023.6000,3023.4000,3023.0000,3026.0000,3026.6000,3026.8000,3027.2000,3027.8000,1,1,1,1,1,2,3,3,1,2
SF,IH2002,2019-12-30 09:31:28.700,3025.0000,965,0,12708540.000,0,-,-,-,-,3024.0000,3023.8000,3023.6000,3023.0000,3022.2000,3025.8000,3026.0000,3026.6000,3026.8000,3027.2000,1,1,1,1,1,1,3,3,3,1
SF,IH2002,2019-12-30 09:31:29.200,3025.0000,965,0,12708540.000,0,-,-,-,-,3024.0000,3023.6000,3022.2000,3021.6000,3020.0000,3026.0000,3026.6000,3026.8000,3027.2000,3027.8000,1,1,1,1,1,2,3,3,1,2
SF,IH2002,2019-12-30 09:31:29.700,3025.0000,965,0,12708540.000,0,-,-,-,-,3024.0000,3023.6000,3022.2000,3021.6000,3020.0000,3025.4000,3025.8000,3026.0000,3026.6000,3026.8000,1,1,1,1,1,1,3,3,3,3
SF,IH2002,2019-12-30 09:31:30.700,3025.0000,965,0,12708540.000,0,-,-,-,-,3024.2000,3024.0000,3023.6000,3022.2000,3021.6000,3025.4000,3025.8000,3026.0000,3026.6000,3026.8000,1,1,1,1,1,1,3,3,3,3
SF,IH2002,2019-12-30 09:31:32.200,3025.0000,965,0,12708540.000,0,-,-,-,-,3023.6000,3022.2000,3021.6000,3020.0000,3017.2000,3025.2000,3025.4000,3025.8000,3026.0000,3026.6000,1,1,1,1,5,2,1,3,3,3
SF,IH2002,2019-12-30 09:31:33.200,3025.0000,965,0,12708540.000,0,-,-,-,-,3023.6000,3022.2000,3021.6000,3020.0000,3017.2000,3025.8000,3026.0000,3026.6000,3026.8000,3027.2000,1,1,1,1,5,3,3,3,3,1
SF,IH2002,2019-12-30 09:31:33.700,3025.0000,965,0,12708540.000,0,-,-,-,-,3023.6000,3022.2000,3021.6000,3020.0000,3017.2000,3025.6000,3025.8000,3026.0000,3026.6000,3026.8000,1,1,1,1,5,2,3,3,3,3
SF,IH2002,2019-12-30 09:31:34.200,3025.0000,965,0,12708540.000,0,-,-,-,-,3025.2000,3023.8000,3023.6000,3022.2000,3021.6000,3025.6000,3025.8000,3026.0000,3026.6000,3026.8000,2,1,1,1,1,1,3,2,3,3
SF,IH2002,2019-12-30 09:31:34.700,3025.2000,966,1,14523660.000,2,1,1,空开,S,3025.0000,3023.8000,3023.6000,3020.0000,3017.2000,3025.2000,3025.6000,3025.8000,3026.0000,3026.6000,1,1,1,1,5,2,1,2,2,3
SF,IH2002,2019-12-30 09:31:35.200,3025.0000,965,-1,15431160.000,1,0,1,双平,S,3023.8000,3023.6000,3020.0000,3017.2000,3003.2000,3025.0000,3025.2000,3025.4000,3025.6000,3025.8000,1,1,1,5,1,2,1,1,1,2
SF,IH2002,2019-12-30 09:31:35.700,3025.0000,965,0,15431160.000,0,-,-,-,-,3024.0000,3023.8000,3023.6000,3020.0000,3017.2000,3025.2000,3025.6000,3025.8000,3026.0000,3026.6000,1,1,1,1,5,1,1,2,2,3
SF,IH2002,2019-12-30 09:31:36.200,3025.0000,965,0,15431160.000,0,-,-,-,-,3024.2000,3024.0000,3023.8000,3023.6000,3020.0000,3025.2000,3025.6000,3025.8000,3026.0000,3026.6000,1,1,1,1,1,1,1,2,2,3
SF,IH2002,2019-12-30 09:31:36.700,3025.0000,965,0,15431160.000,0,-,-,-,-,3024.2000,3024.0000,3023.8000,3023.6000,3020.0000,3025.6000,3025.8000,3026.0000,3026.6000,3026.8000,1,1,1,1,1,1,2,2,3,3
SF,IH2002,2019-12-30 09:31:37.200,3025.6000,966,1,16338840.000,1,1,0,双开,S,3025.6000,3024.2000,3024.0000,3023.6000,3017.2000,3025.8000,3026.0000,3026.6000,3026.8000,3027.2000,1,1,1,1,5,2,2,3,3,1
SF,IH2002,2019-12-30 09:31:37.700,3025.6000,967,1,17246520.000,1,1,0,双开,S,3024.0000,3023.6000,3017.2000,3003.2000,2997.2000,3025.6000,3026.0000,3026.6000,3026.8000,3027.2000,1,1,5,1,1,1,3,3,3,1
SF,IH2002,2019-12-30 09:31:38.200,3025.6000,967,0,17246520.000,0,-,-,-,-,3024.2000,3024.0000,3023.6000,3017.2000,3003.2000,3025.6000,3026.0000,3026.6000,3026.8000,3027.2000,1,1,1,5,1,1,2,3,3,1
SF,IH2002,2019-12-30 09:31:38.700,3025.6000,967,0,17246520.000,0,-,-,-,-,3024.2000,3024.0000,3023.6000,3017.2000,3003.2000,3026.0000,3026.6000,3026.8000,3027.2000,3027.8000,1,1,1,5,1,2,3,3,1,2
SF,IH2002,2019-12-30 09:31:39.200,3025.6000,967,0,17246520.000,0,-,-,-,-,3024.2000,3024.0000,3023.6000,3017.2000,3003.2000,3025.8000,3026.0000,3026.6000,3026.8000,3027.2000,1,1,1,5,1,1,2,3,3,1
SF,IH2002,2019-12-30 09:31:39.700,3025.6000,967,0,17246520.000,0,-,-,-,-,3024.4000,3024.2000,3024.0000,3017.2000,3003.2000,3026.0000,3026.6000,3026.8000,3027.2000,3027.8000,1,1,1,5,1,2,3,3,1,2
SF,IH2002,2019-12-30 09:31:40.200,3025.6000,967,0,17246520.000,0,-,-,-,-,3024.6000,3024.4000,3024.2000,3024.0000,3017.2000,3026.6000,3026.8000,3027.2000,3027.8000,3028.0000,2,1,1,1,5,3,3,1,2,1
SF,IH2002,2019-12-30 09:31:40.700,3025.6000,967,0,17246520.000,0,-,-,-,-,3024.6000,3024.4000,3024.0000,3017.2000,3003.2000,3026.4000,3026.6000,3026.8000,3027.2000,3027.8000,2,1,1,5,1,1,3,3,1,2
SF,IH2002,2019-12-30 09:31:41.700,3025.6000,967,0,17246520.000,0,-,-,-,-,3024.6000,3024.4000,3024.0000,3017.2000,3003.2000,3026.4000,3026.6000,3026.8000,3027.2000,3027.8000,1,1,1,5,1,1,3,3,1,2
SF,IH2002,2019-12-30 09:31:42.200,3025.6000,967,0,17246520.000,0,-,-,-,-,3024.4000,3024.0000,3017.2000,3003.2000,2997.2000,3026.4000,3026.6000,3026.8000,3027.2000,3027.8000,1,1,5,1,1,1,3,3,1,2
SF,IH2002,2019-12-30 09:31:45.200,3025.6000,967,0,17246520.000,0,-,-,-,-,3024.0000,3017.2000,3003.2000,2997.2000,2984.0000,3026.4000,3026.6000,3026.8000,3027.2000,3027.8000,1,5,1,1,1,1,3,3,1,2
SF,IH2002,2019-12-30 09:31:45.700,3025.6000,967,0,17246520.000,0,-,-,-,-,3024.0000,3017.2000,3003.2000,2997.2000,2984.0000,3026.2000,3026.4000,3026.6000,3026.8000,3027.2000,1,5,1,1,1,1,1,3,3,1
SF,IH2002,2019-12-30 09:31:46.200,3025.6000,967,0,17246520.000,0,-,-,-,-,3024.0000,3017.2000,3003.2000,2997.2000,2984.0000,3026.0000,3026.2000,3026.4000,3026.6000,3026.8000,1,5,1,1,1,3,2,1,3,3
SF,IH2002,2019-12-30 09:31:46.700,3025.6000,967,0,17246520.000,0,-,-,-,-,3024.0000,3017.2000,3003.2000,2997.2000,2984.0000,3025.8000,3026.0000,3026.2000,3026.4000,3026.6000,1,5,1,1,1,1,4,1,1,3
SF,IH2002,2019-12-30 09:31:47.200,3025.6000,967,0,17246520.000,0,-,-,-,-,3024.0000,3017.2000,3003.2000,2997.2000,2984.0000,3025.6000,3025.8000,3026.0000,3026.2000,3026.4000,1,5,1,1,1,1,1,4,1,1
SF,IH2002,2019-12-30 09:31:47.700,3025.6000,967,0,17246520.000,0,-,-,-,-,3024.0000,3017.2000,3003.2000,2997.2000,2984.0000,3025.4000,3025.6000,3026.0000,3026.2000,3026.4000,1,5,1,1,1,1,1,5,1,1
SF,IH2002,2019-12-30 09:31:48.200,3025.6000,967,0,17246520.000,0,-,-,-,-,3024.0000,3020.0000,3017.2000,3003.2000,2997.2000,3025.4000,3025.6000,3026.0000,3026.2000,3026.4000,1,1,5,1,1,1,1,5,1,1
SF,IH2002,2019-12-30 09:31:49.200,3025.6000,967,0,17246520.000,0,-,-,-,-,3024.0000,3020.0000,3017.2000,3003.2000,2997.2000,3025.4000,3026.0000,3026.2000,3026.4000,3026.6000,1,1,5,1,1,1,4,1,1,3
SF,IH2002,2019-12-30 09:31:51.700,3025.6000,967,0,17246520.000,0,-,-,-,-,3024.0000,3020.4000,3020.0000,3017.2000,3003.2000,3025.4000,3026.0000,3026.2000,3026.4000,3026.6000,1,1,1,5,1,1,4,1,1,3
SF,IH2002,2019-12-30 09:31:52.200,3025.6000,967,0,17246520.000,0,-,-,-,-,3024.0000,3020.4000,3020.0000,3017.2000,3003.2000,3026.0000,3026.2000,3026.4000,3026.6000,3026.8000,1,1,1,5,1,4,1,1,3,3
SF,IH2002,2019-12-30 09:31:52.700,3025.6000,967,0,17246520.000,0,-,-,-,-,3024.0000,3020.4000,3020.0000,3017.2000,3003.2000,3025.8000,3026.0000,3026.2000,3026.4000,3026.6000,1,1,1,5,1,1,4,1,1,3
SF,IH2002,2019-12-30 09:31:53.200,3025.6000,967,0,17246520.000,0,-,-,-,-,3024.0000,3021.2000,3020.4000,3020.0000,3017.2000,3025.8000,3026.0000,3026.2000,3026.4000,3026.6000,1,1,1,1,5,1,4,1,1,3
SF,IH2002,2019-12-30 09:31:54.200,3025.6000,967,0,17246520.000,0,-,-,-,-,3024.0000,3021.2000,3020.4000,3020.0000,3017.2000,3025.8000,3026.0000,3026.2000,3026.4000,3026.6000,1,1,1,1,5,1,5,1,1,3
SF,IH2002,2019-12-30 09:31:55.700,3025.6000,967,0,17246520.000,0,-,-,-,-,3024.0000,3021.2000,3020.4000,3020.0000,3017.2000,3025.8000,3026.0000,3026.2000,3026.4000,3026.6000,1,1,1,1,5,1,5,1,1,3
SF,IH2002,2019-12-30 09:31:57.200,3025.6000,967,0,17246520.000,0,-,-,-,-,3021.2000,3020.4000,3020.0000,3017.2000,3015.6000,3025.8000,3026.0000,3026.2000,3026.4000,3026.6000,1,1,1,5,1,1,5,1,1,3
SF,IH2002,2019-12-30 09:31:57.700,3025.6000,967,0,17246520.000,0,-,-,-,-,3021.6000,3021.4000,3021.2000,3020.4000,3020.0000,3025.8000,3026.0000,3026.2000,3026.4000,3026.6000,1,3,1,1,1,1,5,1,1,3
SF,IH2002,2019-12-30 09:31:58.200,3025.6000,967,0,17246520.000,0,-,-,-,-,3021.8000,3021.6000,3021.4000,3021.2000,3020.4000,3025.8000,3026.0000,3026.2000,3026.4000,3026.6000,5,2,2,1,1,1,5,1,1,3
SF,IH2002,2019-12-30 09:31:58.700,3025.6000,967,0,17246520.000,0,-,-,-,-,3022.2000,3022.0000,3021.8000,3021.6000,3021.4000,3025.6000,3025.8000,3026.0000,3026.4000,3026.6000,1,1,5,1,2,1,1,5,1,3
SF,IH2002,2019-12-30 09:31:59.200,3025.6000,967,0,17246520.000,0,-,-,-,-,3022.6000,3022.4000,3022.2000,3022.0000,3021.8000,3025.4000,3025.6000,3025.8000,3026.0000,3026.4000,1,5,1,1,3,1,1,1,5,1
SF,IH2002,2019-12-30 09:31:59.700,3025.6000,967,0,17246520.000,0,-,-,-,-,3022.8000,3022.6000,3022.4000,3021.8000,3021.6000,3025.4000,3025.6000,3025.8000,3026.0000,3026.4000,5,1,4,2,1,1,1,1,5,1
SF,IH2002,2019-12-30 09:32:00.200,3025.6000,967,0,17246520.000,0,-,-,-,-,3022.8000,3022.6000,3022.4000,3021.8000,3021.4000,3025.4000,3025.6000,3025.8000,3026.0000,3026.4000,5,2,3,2,1,1,1,1,5,1
SF,IH2002,2019-12-30 09:32:00.700,3025.6000,967,0,17246520.000,0,-,-,-,-,3024.0000,3022.8000,3022.6000,3022.4000,3021.8000,3025.4000,3025.6000,3025.8000,3026.0000,3026.4000,1,5,1,3,2,1,1,1,5,1
SF,IH2002,2019-12-30 09:32:01.200,3025.6000,967,0,17246520.000,0,-,-,-,-,3024.0000,3022.8000,3022.4000,3021.8000,3021.4000,3025.2000,3025.4000,3025.6000,3025.8000,3026.0000,1,2,3,2,1,1,1,1,1,5
SF,IH2002,2019-12-30 09:32:01.700,3024.0000,966,-1,18153720.000,1,0,1,双平,S,3022.8000,3022.4000,3021.8000,3021.4000,3021.2000,3025.0000,3025.4000,3025.6000,3025.8000,3026.0000,2,2,2,1,1,3,1,1,1,5
SF,IH2002,2019-12-30 09:32:02.200,3024.0000,966,0,18153720.000,0,-,-,-,-,3022.8000,3022.4000,3021.8000,3021.4000,3021.2000,3025.0000,3025.4000,3025.6000,3025.8000,3026.0000,1,2,2,1,1,3,1,1,1,5
SF,IH2002,2019-12-30 09:32:02.700,3024.0000,966,0,18153720.000,0,-,-,-,-,3023.0000,3022.4000,3021.8000,3021.4000,3021.2000,3024.8000,3025.0000,3025.4000,3025.8000,3026.0000,1,1,1,1,1,1,3,1,1,5
SF,IH2002,2019-12-30 09:32:03.200,3024.0000,966,0,18153720.000,0,-,-,-,-,3023.0000,3022.4000,3021.8000,3021.4000,3021.2000,3024.6000,3024.8000,3025.0000,3025.4000,3025.8000,1,1,1,1,1,2,1,3,1,1
SF,IH2002,2019-12-30 09:32:03.700,3024.0000,966,0,18153720.000,0,-,-,-,-,3022.4000,3021.8000,3021.4000,3021.2000,3020.4000,3024.6000,3024.8000,3025.0000,3025.4000,3025.8000,1,1,1,1,1,2,1,3,1,1
SF,IH2002,2019-12-30 09:32:04.200,3024.0000,966,0,18153720.000,0,-,-,-,-,3022.6000,3022.4000,3021.8000,3021.4000,3021.2000,3023.0000,3024.6000,3024.8000,3025.0000,3025.4000,1,1,1,1,1,1,2,1,3,1
SF,IH2002,2019-12-30 09:32:04.700,3023.0000,965,-1,19060620.000,1,0,1,双平,S,3022.6000,3022.4000,3021.8000,3021.4000,3021.2000,3024.6000,3024.8000,3025.0000,3025.4000,3025.8000,1,1,1,1,1,2,1,3,1,1
SF,IH2002,2019-12-30 09:32:05.200,3023.0000,965,0,19060620.000,0,-,-,-,-,3022.4000,3021.8000,3021.4000,3021.2000,3020.4000,3024.6000,3024.8000,3025.0000,3025.4000,3025.8000,1,1,1,1,3,2,1,3,1,1
SF,IH2002,2019-12-30 09:32:05.700,3023.0000,965,0,19060620.000,0,-,-,-,-,3022.8000,3022.6000,3022.4000,3021.8000,3021.4000,3024.8000,3025.0000,3025.4000,3025.8000,3026.0000,1,2,1,1,1,1,3,1,1,5
SF,IH2002,2019-12-30 09:32:06.200,3023.0000,965,0,19060620.000,0,-,-,-,-,3022.8000,3022.6000,3022.4000,3021.8000,3021.4000,3024.6000,3024.8000,3025.0000,3025.4000,3025.8000,1,2,1,1,1,1,1,3,1,1
SF,IH2002,2019-12-30 09:32:06.700,3023.0000,965,0,19060620.000,0,-,-,-,-,3023.0000,3022.8000,3022.6000,3022.4000,3021.8000,3024.8000,3025.0000,3025.4000,3025.8000,3026.0000,1,1,1,1,1,1,3,1,1,5
SF,IH2002,2019-12-30 09:32:07.700,3023.0000,965,0,19060620.000,0,-,-,-,-,3022.8000,3022.6000,3022.4000,3021.8000,3021.4000,3024.8000,3025.0000,3025.4000,3025.6000,3025.8000,1,1,1,1,1,1,3,1,1,1
SF,IH2002,2019-12-30 09:32:08.700,3023.0000,965,0,19060620.000,0,-,-,-,-,3023.0000,3022.8000,3022.6000,3022.4000,3021.8000,3024.6000,3024.8000,3025.0000,3025.4000,3025.6000,1,1,1,1,1,2,1,3,1,1
SF,IH2002,2019-12-30 09:32:09.200,3023.0000,965,0,19060620.000,0,-,-,-,-,3023.0000,3022.8000,3022.6000,3022.4000,3021.8000,3024.8000,3025.0000,3025.4000,3025.6000,3025.8000,1,1,1,1,1,1,3,1,1,1
SF,IH2002,2019-12-30 09:32:09.700,3023.0000,965,0,19060620.000,0,-,-,-,-,3022.8000,3022.6000,3022.4000,3021.8000,3021.4000,3024.8000,3025.0000,3025.4000,3025.6000,3025.8000,1,1,1,1,1,1,3,1,1,1
SF,IH2002,2019-12-30 09:32:10.200,3023.0000,965,0,19060620.000,0,-,-,-,-,3022.8000,3022.4000,3021.8000,3021.4000,3021.2000,3024.6000,3024.8000,3025.0000,3025.4000,3025.6000,1,1,1,1,1,1,1,3,1,1
SF,IH2002,2019-12-30 09:32:10.700,3023.0000,965,0,19060620.000,0,-,-,-,-,3023.0000,3022.8000,3022.4000,3021.8000,3021.4000,3024.6000,3024.8000,3025.0000,3025.4000,3025.6000,1,1,1,1,1,1,1,3,1,1
SF,IH2002,2019-12-30 09:32:11.700,3023.0000,965,0,19060620.000,0,-,-,-,-,3023.0000,3022.4000,3021.8000,3021.4000,3021.2000,3024.6000,3024.8000,3025.0000,3025.4000,3025.6000,1,1,1,1,1,1,1,3,1,1
SF,IH2002,2019-12-30 09:32:12.200,3023.0000,965,0,19060620.000,0,-,-,-,-,3022.4000,3021.8000,3021.4000,3021.2000,3020.4000,3024.6000,3024.8000,3025.0000,3025.4000,3025.6000,1,1,1,1,3,1,1,3,1,1
SF,IH2002,2019-12-30 09:32:14.200,3023.0000,965,0,19060620.000,0,-,-,-,-,3022.4000,3021.8000,3021.4000,3021.2000,3020.4000,3024.4000,3024.6000,3024.8000,3025.0000,3025.4000,1,1,1,1,3,1,1,1,3,1
SF,IH2002,2019-12-30 09:32:14.700,3023.0000,965,0,19060620.000,0,-,-,-,-,3022.4000,3021.8000,3021.4000,3021.2000,3020.4000,3024.2000,3024.4000,3024.6000,3024.8000,3025.0000,1,1,1,1,3,1,1,1,1,3
SF,IH2002,2019-12-30 09:32:15.200,3023.0000,965,0,19060620.000,0,-,-,-,-,3022.6000,3022.4000,3021.8000,3021.4000,3021.2000,3024.4000,3024.6000,3024.8000,3025.0000,3025.4000,1,1,1,1,1,1,1,1,3,1
SF,IH2002,2019-12-30 09:32:15.700,3023.0000,965,0,19060620.000,0,-,-,-,-,3022.8000,3022.6000,3022.4000,3021.8000,3021.4000,3024.8000,3025.0000,3025.4000,3025.6000,3025.8000,1,1,1,1,1,1,3,1,1,1
SF,IH2002,2019-12-30 09:32:16.200,3023.0000,965,0,19060620.000,0,-,-,-,-,3022.8000,3022.4000,3021.8000,3021.4000,3021.2000,3024.6000,3024.8000,3025.0000,3025.4000,3025.6000,1,1,1,1,1,2,1,3,1,1
SF,IH2002,2019-12-30 09:32:17.200,3023.0000,965,0,19060620.000,0,-,-,-,-,3022.8000,3022.4000,3021.8000,3021.4000,3021.2000,3024.8000,3025.0000,3025.4000,3025.6000,3025.8000,1,1,1,1,1,1,3,1,1,1
SF,IH2002,2019-12-30 09:32:17.700,3023.0000,965,0,19060620.000,0,-,-,-,-,3022.8000,3022.4000,3021.8000,3021.4000,3021.2000,3024.6000,3024.8000,3025.0000,3025.4000,3025.6000,1,1,1,1,1,3,1,3,1,1
SF,IH2002,2019-12-30 09:32:18.200,3023.0000,965,0,19060620.000,0,-,-,-,-,3022.8000,3022.4000,3021.8000,3021.4000,3021.2000,3024.6000,3024.8000,3025.0000,3025.4000,3025.8000,1,1,1,1,1,3,1,3,1,1
SF,IH2002,2019-12-30 09:32:18.700,3023.0000,965,0,19060620.000,0,-,-,-,-,3023.0000,3022.8000,3022.4000,3021.8000,3021.4000,3024.6000,3024.8000,3025.0000,3025.4000,3025.8000,1,1,1,1,1,3,1,3,1,1
SF,IH2002,2019-12-30 09:32:19.700,3023.0000,965,0,19060620.000,0,-,-,-,-,3022.8000,3022.4000,3021.8000,3021.4000,3021.2000,3024.6000,3024.8000,3025.0000,3025.4000,3025.8000,1,1,1,1,1,3,1,3,1,1
SF,IH2002,2019-12-30 09:32:20.200,3023.0000,965,0,19060620.000,0,-,-,-,-,3023.0000,3022.8000,3022.4000,3021.8000,3021.4000,3024.6000,3024.8000,3025.0000,3025.4000,3025.8000,1,1,1,1,1,3,1,3,1,1
SF,IH2002,2019-12-30 09:32:21.200,3023.0000,965,0,19060620.000,0,-,-,-,-,3022.8000,3022.4000,3021.8000,3021.4000,3021.2000,3024.6000,3024.8000,3025.0000,3025.4000,3025.8000,1,1,1,1,1,3,1,3,1,1
SF,IH2002,2019-12-30 09:32:21.700,3023.0000,965,0,19060620.000,0,-,-,-,-,3022.8000,3022.4000,3021.8000,3021.4000,3021.2000,3024.6000,3024.8000,3025.0000,3025.4000,3025.8000,1,1,1,1,1,3,1,3,1,1
SF,IH2002,2019-12-30 09:32:24.200,3022.4000,966,1,20874180.000,2,1,1,空开,S,3021.8000,3021.4000,3021.2000,3020.4000,3020.2000,3022.8000,3024.4000,3024.6000,3024.8000,3025.0000,1,1,1,3,1,1,1,3,1,3
SF,IH2002,2019-12-30 09:32:24.700,3022.8000,965,-1,21781020.000,1,0,1,双平,S,3022.0000,3021.8000,3021.4000,3021.2000,3020.4000,3024.4000,3024.6000,3024.8000,3025.0000,3025.4000,1,1,1,1,3,1,3,1,3,1
SF,IH2002,2019-12-30 09:32:25.200,3022.8000,965,0,21781020.000,0,-,-,-,-,3022.2000,3022.0000,3021.8000,3021.4000,3021.2000,3024.2000,3024.4000,3024.6000,3024.8000,3025.0000,1,1,1,1,1,3,1,3,1,3
SF,IH2002,2019-12-30 09:32:25.700,3022.8000,965,0,21781020.000,0,-,-,-,-,3022.2000,3022.0000,3021.8000,3021.4000,3021.2000,3024.0000,3024.2000,3024.4000,3024.6000,3024.8000,1,1,1,1,1,1,3,1,3,1
SF,IH2002,2019-12-30 09:32:26.200,3022.8000,965,0,21781020.000,0,-,-,-,-,3022.4000,3022.2000,3022.0000,3021.8000,3021.4000,3023.8000,3024.0000,3024.2000,3024.4000,3024.6000,1,1,1,1,1,1,2,2,1,3
SF,IH2002,2019-12-30 09:32:26.700,3022.8000,965,0,21781020.000,0,-,-,-,-,3023.0000,3022.4000,3022.2000,3022.0000,3021.8000,3023.8000,3024.0000,3024.2000,3024.4000,3024.6000,1,1,1,1,1,1,2,2,1,3
SF,IH2002,2019-12-30 09:32:27.200,3022.8000,965,0,21781020.000,0,-,-,-,-,3023.0000,3022.2000,3022.0000,3021.8000,3021.4000,3023.8000,3024.0000,3024.2000,3024.4000,3024.6000,1,1,1,1,1,1,2,2,1,3
SF,IH2002,2019-12-30 09:32:32.700,3022.8000,965,0,21781020.000,0,-,-,-,-,3023.0000,3022.2000,3022.0000,3021.8000,3021.4000,3023.8000,3024.0000,3024.2000,3024.4000,3024.6000,1,1,1,1,1,1,1,2,1,3
SF,IH2002,2019-12-30 09:32:33.700,3022.8000,965,0,21781020.000,0,-,-,-,-,3023.0000,3022.2000,3022.0000,3021.8000,3021.4000,3023.8000,3024.0000,3024.4000,3024.6000,3024.8000,1,1,1,1,1,1,1,1,3,1
SF,IH2002,2019-12-30 09:32:34.200,3022.8000,965,0,21781020.000,0,-,-,-,-,3023.0000,3022.2000,3022.0000,3021.8000,3021.4000,3024.0000,3024.4000,3024.6000,3024.8000,3025.0000,1,1,1,1,1,1,1,3,1,3
SF,IH2002,2019-12-30 09:32:36.700,3022.8000,965,0,21781020.000,0,-,-,-,-,3023.0000,3022.2000,3022.0000,3021.8000,3021.4000,3024.4000,3024.8000,3025.0000,3025.4000,3025.8000,1,1,1,1,1,1,1,3,1,1
SF,IH2002,2019-12-30 09:32:37.700,3022.8000,965,0,21781020.000,0,-,-,-,-,3023.0000,3022.2000,3022.0000,3021.8000,3021.4000,3024.2000,3024.4000,3024.8000,3025.0000,3025.4000,1,1,1,1,1,2,1,1,3,1
SF,IH2002,2019-12-30 09:32:38.200,3022.8000,965,0,21781020.000,0,-,-,-,-,3023.0000,3022.2000,3022.0000,3021.8000,3021.4000,3024.0000,3024.2000,3024.4000,3024.8000,3025.0000,1,1,1,1,1,1,2,1,1,3
SF,IH2002,2019-12-30 09:32:40.200,3023.0000,965,0,22687920.000,1,0,1,多换,S,3022.2000,3022.0000,3021.8000,3021.4000,3021.2000,3024.0000,3024.2000,3024.4000,3024.8000,3025.0000,1,1,1,1,1,1,2,1,1,3
SF,IH2002,2019-12-30 09:32:41.700,3023.0000,965,0,22687920.000,0,-,-,-,-,3022.2000,3022.0000,3021.8000,3021.4000,3021.2000,3023.8000,3024.0000,3024.2000,3024.4000,3024.8000,1,1,1,1,1,1,1,2,1,1
SF,IH2002,2019-12-30 09:32:42.200,3023.0000,965,0,22687920.000,0,-,-,-,-,3022.2000,3022.0000,3021.8000,3021.4000,3021.2000,3024.0000,3024.2000,3024.4000,3024.8000,3025.0000,1,1,1,1,1,1,2,1,1,3
SF,IH2002,2019-12-30 09:32:43.200,3023.0000,965,0,22687920.000,0,-,-,-,-,3022.4000,3022.2000,3022.0000,3021.8000,3021.4000,3024.0000,3024.2000,3024.4000,3024.8000,3025.0000,1,1,1,1,1,1,2,1,1,3
SF,IH2002,2019-12-30 09:32:43.700,3023.0000,965,0,22687920.000,0,-,-,-,-,3022.4000,3022.2000,3022.0000,3021.8000,3021.4000,3024.0000,3024.2000,3024.4000,3024.8000,3025.0000,2,1,1,1,1,1,2,1,1,3
SF,IH2002,2019-12-30 09:32:44.200,3023.0000,965,0,22687920.000,0,-,-,-,-,3022.4000,3022.2000,3022.0000,3021.8000,3021.4000,3024.0000,3024.4000,3024.8000,3025.0000,3025.4000,1,1,1,1,1,1,1,1,3,1
SF,IH2002,2019-12-30 09:32:44.700,3023.0000,965,0,22687920.000,0,-,-,-,-,3022.6000,3022.4000,3022.2000,3022.0000,3021.8000,3024.0000,3024.4000,3024.8000,3025.0000,3025.4000,1,1,1,1,1,1,1,1,3,1
SF,IH2002,2019-12-30 09:32:45.700,3023.0000,965,0,22687920.000,0,-,-,-,-,3022.4000,3022.2000,3022.0000,3021.8000,3021.4000,3024.4000,3024.8000,3025.0000,3025.4000,3025.8000,1,1,1,1,1,1,1,3,1,1
SF,IH2002,2019-12-30 09:32:46.200,3023.0000,965,0,22687920.000,0,-,-,-,-,3022.8000,3022.6000,3022.4000,3022.2000,3022.0000,3024.4000,3024.8000,3025.0000,3025.4000,3025.8000,1,2,1,1,1,1,1,3,1,1
SF,IH2002,2019-12-30 09:32:47.700,3023.0000,965,0,22687920.000,0,-,-,-,-,3022.6000,3022.4000,3022.2000,3022.0000,3021.8000,3024.4000,3024.8000,3025.0000,3025.4000,3025.8000,2,1,1,1,1,1,1,3,1,1
SF,IH2002,2019-12-30 09:32:48.200,3023.0000,965,0,22687920.000,0,-,-,-,-,3022.8000,3022.6000,3022.4000,3022.2000,3022.0000,3024.4000,3024.8000,3025.0000,3025.4000,3025.8000,1,2,1,1,1,1,1,3,1,1
SF,IH2002,2019-12-30 09:32:49.700,3023.0000,965,0,22687920.000,0,-,-,-,-,3022.6000,3022.4000,3022.2000,3022.0000,3021.8000,3024.4000,3024.8000,3025.0000,3025.4000,3025.8000,2,1,1,1,1,1,1,3,1,1
SF,IH2002,2019-12-30 09:32:50.200,3023.0000,965,0,22687920.000,0,-,-,-,-,3023.0000,3022.8000,3022.6000,3022.4000,3022.2000,3024.8000,3025.0000,3025.4000,3025.8000,3026.0000,2,2,2,1,1,1,3,1,1,5
SF,IH2002,2019-12-30 09:32:50.700,3023.0000,965,0,22687920.000,0,-,-,-,-,3023.0000,3022.8000,3022.6000,3022.4000,3022.2000,3024.6000,3024.8000,3025.0000,3025.4000,3025.8000,1,2,2,1,1,1,1,3,1,1
SF,IH2002,2019-12-30 09:32:51.200,3023.0000,965,0,22687920.000,0,-,-,-,-,3023.0000,3022.8000,3022.6000,3022.4000,3022.2000,3024.6000,3024.8000,3025.0000,3025.4000,3025.8000,1,1,2,1,1,1,1,3,1,1
SF,IH2002,2019-12-30 09:32:51.700,3023.0000,965,0,22687920.000,0,-,-,-,-,3023.0000,3022.6000,3022.4000,3022.2000,3021.8000,3024.6000,3024.8000,3025.0000,3025.4000,3025.8000,1,2,1,1,1,1,1,3,1,1
SF,IH2002,2019-12-30 09:32:52.700,3023.0000,965,0,22687920.000,0,-,-,-,-,3022.6000,3022.4000,3022.2000,3021.8000,3021.4000,3024.6000,3024.8000,3025.0000,3025.4000,3025.8000,2,1,1,1,1,1,1,3,1,1
SF,IH2002,2019-12-30 09:32:53.200,3023.0000,965,0,22687920.000,0,-,-,-,-,3022.8000,3022.6000,3022.4000,3022.2000,3021.8000,3024.6000,3024.8000,3025.0000,3025.4000,3025.8000,1,2,1,1,1,1,1,3,1,1
SF,IH2002,2019-12-30 09:32:56.200,3023.0000,965,0,22687920.000,0,-,-,-,-,3022.6000,3022.4000,3022.2000,3021.8000,3021.4000,3023.0000,3024.4000,3024.6000,3024.8000,3025.0000,2,1,1,1,1,1,1,1,1,3
SF,IH2002,2019-12-30 09:32:56.700,3023.0000,964,-1,23594820.000,1,0,1,双平,S,3022.6000,3022.4000,3022.2000,3021.8000,3021.4000,3024.6000,3024.8000,3025.0000,3025.4000,3025.8000,2,1,1,1,1,1,1,3,1,1
SF,IH2002,2019-12-30 09:32:57.200,3023.0000,964,0,23594820.000,0,-,-,-,-,3022.6000,3022.4000,3022.2000,3021.8000,3021.4000,3024.4000,3024.6000,3024.8000,3025.0000,3025.4000,1,1,1,1,1,1,1,1,3,1
SF,IH2002,2019-12-30 09:32:57.700,3023.0000,964,0,23594820.000,0,-,-,-,-,3022.8000,3022.6000,3022.4000,3022.2000,3021.8000,3024.4000,3024.6000,3024.8000,3025.0000,3025.4000,1,1,1,1,1,1,1,1,3,1
SF,IH2002,2019-12-30 09:32:59.200,3023.0000,964,0,23594820.000,0,-,-,-,-,3022.8000,3022.6000,3022.4000,3022.2000,3021.8000,3024.4000,3024.6000,3024.8000,3025.0000,3025.4000,1,1,1,1,1,1,1,1,3,1
SF,IH2002,2019-12-30 09:32:59.700,3023.0000,964,0,23594820.000,0,-,-,-,-,3022.6000,3022.4000,3022.2000,3021.8000,3021.4000,3024.2000,3024.4000,3024.6000,3024.8000,3025.0000,1,1,1,1,1,1,1,1,1,3
SF,IH2002,2019-12-30 09:33:00.200,3023.0000,964,0,23594820.000,0,-,-,-,-,3022.6000,3022.4000,3022.2000,3021.8000,3021.4000,3024.0000,3024.2000,3024.6000,3024.8000,3025.0000,1,1,1,1,1,1,4,1,1,3
SF,IH2002,2019-12-30 09:33:00.700,3023.0000,964,0,23594820.000,0,-,-,-,-,3022.8000,3022.6000,3022.4000,3022.2000,3021.8000,3024.0000,3024.2000,3024.6000,3024.8000,3025.0000,1,1,1,1,1,1,4,1,1,3
SF,IH2002,2019-12-30 09:33:01.200,3022.6000,966,2,25408440.000,2,2,0,双开,S,3022.4000,3022.2000,3021.8000,3021.4000,3021.2000,3022.6000,3024.0000,3024.2000,3024.6000,3024.8000,1,1,1,1,1,2,1,4,1,1
SF,IH2002,2019-12-30 09:33:01.700,3022.6000,966,0,25408440.000,0,-,-,-,-,3022.2000,3021.8000,3021.4000,3021.2000,3020.4000,3022.6000,3023.8000,3024.0000,3024.2000,3024.8000,1,1,1,1,3,2,1,1,4,1
SF,IH2002,2019-12-30 09:33:03.700,3022.6000,966,0,25408440.000,0,-,-,-,-,3021.8000,3021.2000,3020.4000,3020.2000,3020.0000,3022.6000,3023.8000,3024.0000,3024.2000,3024.8000,1,1,3,1,1,2,1,1,4,1
SF,IH2002,2019-12-30 09:33:06.200,3022.6000,966,0,25408440.000,0,-,-,-,-,3021.2000,3020.4000,3020.2000,3020.0000,3017.2000,3022.6000,3023.8000,3024.0000,3024.2000,3024.8000,1,3,1,1,5,2,1,1,4,1
SF,IH2002,2019-12-30 09:33:06.700,3022.6000,966,0,25408440.000,0,-,-,-,-,3021.4000,3021.2000,3020.4000,3020.2000,3020.0000,3022.6000,3023.8000,3024.0000,3024.2000,3024.8000,3,1,3,1,1,2,1,1,4,1
SF,IH2002,2019-12-30 09:33:07.700,3022.6000,966,0,25408440.000,0,-,-,-,-,3021.6000,3021.4000,3021.2000,3020.4000,3020.2000,3022.6000,3023.8000,3024.0000,3024.2000,3024.8000,1,3,1,3,1,2,1,1,4,1
SF,IH2002,2019-12-30 09:33:08.200,3022.6000,966,0,25408440.000,0,-,-,-,-,3021.8000,3021.6000,3021.4000,3021.2000,3020.4000,3022.6000,3023.8000,3024.0000,3024.2000,3024.8000,2,2,3,1,3,2,1,1,4,1
SF,IH2002,2019-12-30 09:33:12.200,3022.6000,966,0,25408440.000,0,-,-,-,-,3021.8000,3021.6000,3021.4000,3021.2000,3020.4000,3022.6000,3023.8000,3024.0000,3024.2000,3024.8000,1,2,3,1,3,2,1,1,4,1
SF,IH2002,2019-12-30 09:33:12.700,3022.6000,966,0,25408440.000,0,-,-,-,-,3021.8000,3021.6000,3021.4000,3021.2000,3020.4000,3022.0000,3022.6000,3023.8000,3024.0000,3024.2000,1,2,2,1,3,1,2,1,1,4
SF,IH2002,2019-12-30 09:33:13.200,3022.6000,966,0,25408440.000,0,-,-,-,-,3021.8000,3021.6000,3021.4000,3021.2000,3020.4000,3022.0000,3022.6000,3023.8000,3024.0000,3024.2000,1,1,2,1,3,1,2,1,1,4
SF,IH2002,2019-12-30 09:33:13.700,3022.6000,966,0,25408440.000,0,-,-,-,-,3021.6000,3021.2000,3020.4000,3020.2000,3020.0000,3022.0000,3022.6000,3023.8000,3024.2000,3024.8000,1,1,3,1,1,1,2,1,4,1
SF,IH2002,2019-12-30 09:33:19.200,3022.0000,966,0,26315040.000,1,0,1,多换,S,3022.0000,3021.6000,3021.2000,3020.4000,3020.2000,3022.6000,3023.8000,3024.2000,3024.8000,3025.0000,1,1,1,3,1,2,1,4,1,3
SF,IH2002,2019-12-30 09:33:20.200,3022.0000,966,0,26315040.000,0,-,-,-,-,3022.0000,3021.6000,3021.2000,3020.4000,3020.2000,3022.6000,3023.8000,3024.2000,3024.8000,3025.0000,1,1,1,3,1,3,1,4,1,3
SF,IH2002,2019-12-30 09:33:23.200,3022.0000,966,0,26315040.000,0,-,-,-,-,3022.0000,3021.6000,3021.2000,3020.4000,3020.2000,3022.6000,3023.8000,3024.2000,3024.8000,3025.0000,1,1,1,3,1,1,1,4,1,3
SF,IH2002,2019-12-30 09:33:23.700,3022.0000,966,0,26315040.000,0,-,-,-,-,3022.2000,3022.0000,3021.6000,3021.2000,3020.4000,3022.6000,3023.8000,3024.2000,3024.8000,3025.0000,1,1,1,1,3,1,1,4,1,3
SF,IH2002,2019-12-30 09:33:25.200,3022.0000,966,0,26315040.000,0,-,-,-,-,3022.2000,3022.0000,3021.6000,3021.2000,3020.4000,3023.8000,3024.2000,3024.8000,3025.0000,3025.4000,1,1,1,1,3,1,4,1,3,1
SF,IH2002,2019-12-30 09:33:25.700,3022.0000,966,0,26315040.000,0,-,-,-,-,3022.2000,3022.0000,3021.6000,3021.2000,3020.4000,3023.6000,3024.2000,3024.8000,3025.0000,3025.4000,1,1,1,1,3,1,4,1,3,1
SF,IH2002,2019-12-30 09:33:26.200,3022.0000,966,0,26315040.000,0,-,-,-,-,3022.4000,3022.2000,3022.0000,3021.6000,3021.2000,3023.6000,3024.8000,3025.0000,3025.4000,3025.8000,2,1,1,1,1,1,1,3,1,1
SF,IH2002,2019-12-30 09:33:26.700,3022.0000,966,0,26315040.000,0,-,-,-,-,3022.6000,3022.4000,3022.2000,3022.0000,3021.6000,3023.6000,3024.8000,3025.0000,3025.4000,3025.8000,1,1,1,1,1,1,1,3,1,1
SF,IH2002,2019-12-30 09:33:27.200,3022.0000,966,0,26315040.000,0,-,-,-,-,3022.4000,3022.2000,3022.0000,3021.6000,3021.2000,3023.6000,3025.0000,3025.4000,3025.8000,3026.0000,1,1,1,1,1,1,3,1,1,5
SF,IH2002,2019-12-30 09:33:27.700,3022.0000,966,0,26315040.000,0,-,-,-,-,3022.6000,3022.4000,3022.2000,3022.0000,3021.6000,3023.6000,3025.0000,3025.4000,3025.8000,3026.0000,1,1,1,1,1,1,3,1,1,5
SF,IH2002,2019-12-30 09:33:28.700,3022.0000,966,0,26315040.000,0,-,-,-,-,3022.8000,3022.6000,3022.4000,3022.2000,3022.0000,3025.0000,3025.4000,3025.8000,3026.0000,3026.4000,2,1,1,1,2,3,1,1,5,1
SF,IH2002,2019-12-30 09:33:29.200,3022.0000,966,0,26315040.000,0,-,-,-,-,3022.8000,3022.6000,3022.4000,3022.2000,3022.0000,3024.8000,3025.0000,3025.4000,3025.8000,3026.0000,2,1,1,1,2,2,3,1,1,5
SF,IH2002,2019-12-30 09:33:29.700,3022.0000,966,0,26315040.000,0,-,-,-,-,3022.8000,3022.6000,3022.4000,3022.2000,3022.0000,3024.6000,3024.8000,3025.0000,3025.4000,3025.8000,1,1,1,1,2,1,3,3,1,1
SF,IH2002,2019-12-30 09:33:30.200,3022.0000,966,0,26315040.000,0,-,-,-,-,3022.8000,3022.6000,3022.4000,3022.2000,3022.0000,3024.4000,3024.6000,3024.8000,3025.0000,3025.4000,1,1,1,1,2,1,1,3,3,1
SF,IH2002,2019-12-30 09:33:30.700,3022.0000,966,0,26315040.000,0,-,-,-,-,3023.0000,3022.8000,3022.6000,3022.4000,3022.0000,3024.6000,3024.8000,3025.0000,3025.4000,3025.8000,1,1,1,1,2,1,2,3,1,1
SF,IH2002,2019-12-30 09:33:31.200,3022.0000,966,0,26315040.000,0,-,-,-,-,3023.0000,3022.8000,3022.6000,3022.4000,3022.0000,3024.2000,3024.6000,3024.8000,3025.0000,3025.4000,1,1,1,1,2,1,1,2,3,1
SF,IH2002,2019-12-30 09:33:31.700,3022.0000,966,0,26315040.000,0,-,-,-,-,3022.8000,3022.6000,3022.4000,3022.0000,3021.6000,3024.2000,3024.4000,3024.6000,3024.8000,3025.0000,1,1,1,2,1,1,1,1,2,3
SF,IH2002,2019-12-30 09:33:32.200,3022.0000,966,0,26315040.000,0,-,-,-,-,3022.8000,3022.6000,3022.4000,3022.0000,3021.6000,3024.2000,3024.4000,3024.6000,3024.8000,3025.0000,1,1,1,1,1,1,1,1,2,3
SF,IH2002,2019-12-30 09:33:36.200,3022.0000,966,0,26315040.000,0,-,-,-,-,3022.4000,3022.0000,3021.6000,3021.2000,3020.4000,3024.0000,3024.2000,3024.4000,3024.6000,3024.8000,1,1,1,1,3,1,1,1,1,1
SF,IH2002,2019-12-30 09:33:36.700,3022.0000,966,0,26315040.000,0,-,-,-,-,3022.6000,3022.4000,3022.0000,3021.6000,3021.2000,3023.8000,3024.2000,3024.4000,3024.6000,3024.8000,1,1,1,1,1,1,1,1,1,1
SF,IH2002,2019-12-30 09:33:37.200,3022.0000,966,0,26315040.000,0,-,-,-,-,3022.4000,3022.0000,3021.6000,3021.2000,3020.4000,3023.8000,3024.2000,3024.4000,3024.6000,3024.8000,1,1,1,1,3,1,1,1,1,1
SF,IH2002,2019-12-30 09:33:38.700,3022.0000,966,0,26315040.000,0,-,-,-,-,3022.6000,3022.4000,3022.0000,3021.6000,3021.2000,3023.8000,3024.2000,3024.4000,3024.6000,3024.8000,1,1,1,1,1,1,1,1,1,1
SF,IH2002,2019-12-30 09:33:39.200,3022.0000,966,0,26315040.000,0,-,-,-,-,3022.4000,3022.0000,3021.6000,3021.2000,3020.4000,3023.8000,3024.2000,3024.4000,3024.6000,3024.8000,1,1,1,1,3,1,1,1,1,1
SF,IH2002,2019-12-30 09:33:39.700,3022.0000,966,0,26315040.000,0,-,-,-,-,3022.6000,3022.4000,3022.0000,3021.6000,3021.2000,3023.8000,3024.2000,3024.4000,3024.8000,3025.0000,1,1,1,1,1,1,1,1,1,3
SF,IH2002,2019-12-30 09:33:40.200,3022.0000,966,0,26315040.000,0,-,-,-,-,3022.6000,3022.4000,3022.0000,3021.6000,3021.2000,3024.4000,3024.8000,3025.0000,3025.4000,3025.8000,1,1,1,1,1,1,1,3,1,1
SF,IH2002,2019-12-30 09:33:40.700,3022.0000,966,0,26315040.000,0,-,-,-,-,3022.6000,3022.4000,3022.0000,3021.6000,3021.2000,3024.2000,3024.4000,3025.0000,3025.4000,3025.8000,1,1,1,1,1,2,1,3,1,1
SF,IH2002,2019-12-30 09:33:41.200,3022.0000,966,0,26315040.000,0,-,-,-,-,3022.4000,3022.0000,3021.6000,3021.2000,3020.4000,3024.0000,3024.2000,3024.4000,3025.0000,3025.4000,1,1,1,1,3,1,2,1,3,1
SF,IH2002,2019-12-30 09:33:41.700,3022.0000,966,0,26315040.000,0,-,-,-,-,3022.4000,3022.0000,3021.2000,3020.4000,3020.2000,3024.0000,3024.2000,3024.4000,3025.0000,3025.4000,1,1,1,3,1,1,2,1,3,1
SF,IH2002,2019-12-30 09:33:42.200,3022.0000,966,0,26315040.000,0,-,-,-,-,3022.4000,3022.0000,3021.2000,3020.4000,3020.2000,3023.8000,3024.0000,3024.2000,3024.4000,3025.0000,1,1,1,3,1,1,1,2,1,3
SF,IH2002,2019-12-30 09:33:42.700,3022.0000,966,0,26315040.000,0,-,-,-,-,3022.6000,3022.4000,3022.0000,3021.2000,3020.4000,3023.8000,3024.2000,3024.4000,3025.0000,3025.4000,1,1,1,1,3,1,2,1,3,1
SF,IH2002,2019-12-30 09:33:43.200,3022.0000,966,0,26315040.000,0,-,-,-,-,3022.4000,3022.0000,3021.2000,3020.4000,3020.2000,3023.8000,3024.2000,3024.4000,3025.0000,3025.4000,1,1,1,3,1,1,2,1,3,1
SF,IH2002,2019-12-30 09:33:43.700,3022.0000,966,0,26315040.000,0,-,-,-,-,3022.6000,3022.4000,3022.0000,3021.2000,3020.4000,3023.8000,3024.2000,3024.4000,3025.0000,3025.4000,1,1,1,1,3,1,1,1,3,1
SF,IH2002,2019-12-30 09:33:44.200,3022.0000,966,0,26315040.000,0,-,-,-,-,3022.6000,3022.4000,3022.0000,3021.2000,3020.4000,3023.8000,3024.2000,3024.4000,3025.0000,3025.4000,2,1,2,1,3,1,1,1,3,1
SF,IH2002,2019-12-30 09:33:44.700,3022.0000,966,0,26315040.000,0,-,-,-,-,3022.6000,3022.4000,3022.0000,3021.2000,3020.4000,3023.8000,3024.2000,3024.4000,3025.0000,3025.4000,1,1,2,1,3,1,1,1,3,1
SF,IH2002,2019-12-30 09:33:45.200,3022.0000,966,0,26315040.000,0,-,-,-,-,3022.8000,3022.6000,3022.4000,3022.0000,3021.2000,3023.8000,3024.2000,3024.4000,3025.0000,3025.4000,1,1,1,2,1,1,1,1,3,1
SF,IH2002,2019-12-30 09:33:45.700,3022.0000,966,0,26315040.000,0,-,-,-,-,3022.8000,3022.6000,3022.4000,3022.0000,3021.2000,3024.2000,3024.4000,3025.0000,3025.4000,3025.8000,1,1,1,2,1,1,1,3,1,1
SF,IH2002,2019-12-30 09:33:46.200,3022.0000,966,0,26315040.000,0,-,-,-,-,3022.6000,3022.4000,3022.0000,3021.2000,3020.4000,3023.6000,3024.2000,3024.4000,3025.0000,3025.4000,1,1,2,1,3,1,1,1,3,1
SF,IH2002,2019-12-30 09:33:47.200,3022.0000,966,0,26315040.000,0,-,-,-,-,3022.8000,3022.6000,3022.4000,3022.0000,3021.2000,3024.2000,3024.4000,3025.0000,3025.4000,3025.8000,1,1,1,2,1,1,1,3,1,1
SF,IH2002,2019-12-30 09:33:51.700,3022.0000,966,0,26315040.000,0,-,-,-,-,3022.8000,3022.4000,3022.0000,3021.2000,3020.4000,3024.0000,3024.2000,3024.4000,3025.0000,3025.4000,1,1,2,1,3,1,1,1,3,1
SF,IH2002,2019-12-30 09:33:53.200,3022.0000,966,0,26315040.000,0,-,-,-,-,3022.4000,3022.0000,3021.2000,3020.4000,3020.2000,3023.8000,3024.0000,3024.2000,3024.4000,3025.0000,1,2,1,3,1,1,1,1,1,3
SF,IH2002,2019-12-30 09:33:54.200,3022.0000,966,0,26315040.000,0,-,-,-,-,3022.6000,3022.4000,3022.0000,3021.2000,3020.4000,3024.2000,3024.4000,3025.0000,3025.4000,3025.8000,2,1,2,1,3,1,1,3,1,1
SF,IH2002,2019-12-30 09:33:59.700,3024.2000,966,0,27222300.000,1,0,1,多换,S,3022.6000,3022.4000,3022.0000,3021.2000,3020.4000,3024.4000,3025.0000,3025.4000,3025.8000,3026.0000,2,1,2,1,3,1,3,1,1,5
SF,IH2002,2019-12-30 09:34:00.200,3024.2000,966,0,27222300.000,0,-,-,-,-,3022.8000,3022.6000,3022.4000,3022.0000,3021.2000,3024.4000,3025.0000,3025.4000,3025.8000,3026.0000,1,2,1,2,1,1,3,1,1,5
SF,IH2002,2019-12-30 09:34:00.700,3024.2000,966,0,27222300.000,0,-,-,-,-,3023.0000,3022.8000,3022.6000,3022.4000,3022.0000,3024.4000,3025.0000,3025.4000,3025.8000,3026.0000,1,1,2,1,2,1,3,1,1,5
SF,IH2002,2019-12-30 09:34:04.200,3024.2000,966,0,27222300.000,0,-,-,-,-,3023.0000,3022.8000,3022.6000,3022.4000,3022.0000,3024.2000,3024.4000,3025.0000,3025.4000,3025.8000,1,1,2,1,2,1,1,3,1,1
SF,IH2002,2019-12-30 09:34:04.700,3024.2000,966,0,27222300.000,0,-,-,-,-,3023.2000,3023.0000,3022.6000,3022.4000,3022.0000,3024.2000,3024.4000,3025.0000,3025.4000,3025.8000,1,1,2,1,2,1,1,3,1,1
SF,IH2002,2019-12-30 09:34:05.200,3024.2000,966,0,27222300.000,0,-,-,-,-,3023.2000,3023.0000,3022.6000,3022.4000,3022.0000,3024.0000,3024.2000,3024.4000,3025.0000,3025.4000,1,1,1,1,2,1,1,1,3,1
SF,IH2002,2019-12-30 09:34:05.700,3024.2000,966,0,27222300.000,0,-,-,-,-,3023.2000,3022.6000,3022.4000,3022.0000,3021.2000,3024.0000,3024.2000,3024.4000,3025.0000,3025.4000,1,1,1,2,1,1,1,1,3,1
SF,IH2002,2019-12-30 09:34:06.200,3024.2000,966,0,27222300.000,0,-,-,-,-,3022.8000,3022.6000,3022.4000,3022.0000,3021.2000,3024.0000,3024.2000,3024.4000,3025.0000,3025.4000,1,1,1,2,1,1,1,1,3,1
SF,IH2002,2019-12-30 09:34:06.700,3024.2000,966,0,27222300.000,0,-,-,-,-,3023.0000,3022.8000,3022.6000,3022.4000,3022.0000,3024.0000,3024.2000,3024.4000,3025.0000,3025.4000,1,1,1,1,2,1,1,1,3,1
SF,IH2002,2019-12-30 09:34:08.700,3024.2000,966,0,27222300.000,0,-,-,-,-,3023.0000,3022.8000,3022.4000,3022.0000,3021.2000,3024.0000,3024.4000,3025.0000,3025.4000,3025.8000,1,1,1,2,1,1,1,3,1,1
SF,IH2002,2019-12-30 09:34:09.200,3024.2000,966,0,27222300.000,0,-,-,-,-,3023.0000,3022.8000,3022.4000,3022.0000,3021.2000,3024.4000,3025.0000,3025.4000,3025.8000,3026.0000,1,1,1,2,1,1,3,1,1,5
SF,IH2002,2019-12-30 09:34:10.700,3024.2000,966,0,27222300.000,0,-,-,-,-,3023.0000,3022.8000,3022.4000,3022.0000,3021.2000,3024.2000,3024.4000,3025.0000,3025.4000,3025.8000,1,1,1,2,1,1,1,3,1,1
SF,IH2002,2019-12-30 09:34:11.200,3024.2000,966,0,27222300.000,0,-,-,-,-,3022.8000,3022.4000,3022.0000,3021.2000,3020.4000,3024.2000,3024.4000,3025.0000,3025.4000,3025.8000,1,1,2,1,3,1,1,3,1,1
SF,IH2002,2019-12-30 09:34:11.700,3024.2000,966,0,27222300.000,0,-,-,-,-,3022.6000,3022.4000,3022.0000,3021.2000,3020.4000,3024.2000,3024.4000,3025.0000,3025.4000,3025.8000,1,1,2,1,3,1,1,3,1,1
SF,IH2002,2019-12-30 09:34:12.200,3024.2000,966,0,27222300.000,0,-,-,-,-,3023.0000,3022.6000,3022.4000,3022.0000,3021.2000,3024.4000,3025.0000,3025.4000,3025.8000,3026.0000,1,1,1,2,1,1,3,1,1,5
SF,IH2002,2019-12-30 09:34:13.200,3024.2000,966,0,27222300.000,0,-,-,-,-,3022.6000,3022.4000,3022.0000,3021.2000,3020.4000,3024.2000,3024.4000,3025.0000,3025.4000,3025.8000,1,1,2,1,3,1,1,3,1,1
SF,IH2002,2019-12-30 09:34:14.700,3024.2000,966,0,27222300.000,0,-,-,-,-,3022.8000,3022.6000,3022.4000,3022.0000,3021.2000,3024.4000,3025.0000,3025.4000,3025.8000,3026.0000,1,1,1,2,1,1,3,1,1,5
SF,IH2002,2019-12-30 09:34:15.700,3024.2000,966,0,27222300.000,0,-,-,-,-,3022.6000,3022.4000,3022.0000,3021.2000,3020.4000,3024.2000,3024.4000,3025.0000,3025.4000,3025.8000,1,1,2,1,3,1,1,3,1,1
SF,IH2002,2019-12-30 09:34:16.700,3024.2000,966,0,27222300.000,0,-,-,-,-,3022.8000,3022.6000,3022.4000,3022.0000,3021.2000,3024.4000,3025.0000,3025.4000,3025.8000,3026.0000,1,1,1,2,1,1,3,1,1,5
SF,IH2002,2019-12-30 09:34:21.200,3024.2000,966,0,27222300.000,0,-,-,-,-,3022.8000,3022.6000,3022.4000,3022.0000,3021.2000,3024.2000,3024.4000,3025.0000,3025.4000,3025.8000,1,1,1,2,1,1,1,3,1,1
SF,IH2002,2019-12-30 09:34:24.700,3024.2000,965,-1,28129560.000,1,0,1,双平,S,3023.2000,3023.0000,3022.8000,3022.6000,3022.4000,3025.8000,3026.0000,3026.4000,3026.6000,3026.8000,1,2,1,2,1,1,5,1,3,3
SF,IH2002,2019-12-30 09:34:25.200,3024.2000,965,0,28129560.000,0,-,-,-,-,3023.4000,3023.0000,3022.6000,3022.4000,3022.0000,3025.6000,3025.8000,3026.0000,3026.4000,3026.6000,2,3,2,1,2,5,1,5,1,3
SF,IH2002,2019-12-30 09:34:25.700,3024.2000,965,0,28129560.000,0,-,-,-,-,3023.6000,3023.4000,3023.0000,3022.6000,3022.4000,3025.6000,3025.8000,3026.0000,3026.4000,3026.6000,1,4,3,2,1,2,1,4,1,3
SF,IH2002,2019-12-30 09:34:26.200,3024.2000,965,0,28129560.000,0,-,-,-,-,3023.4000,3023.0000,3022.6000,3022.4000,3022.0000,3025.6000,3025.8000,3026.0000,3026.4000,3026.6000,2,2,2,1,2,2,1,4,1,3
SF,IH2002,2019-12-30 09:34:26.700,3024.2000,965,0,28129560.000,0,-,-,-,-,3023.6000,3023.4000,3023.0000,3022.6000,3022.4000,3025.6000,3025.8000,3026.0000,3026.4000,3026.6000,1,2,2,1,1,1,1,4,1,3
SF,IH2002,2019-12-30 09:34:28.200,3024.2000,965,0,28129560.000,0,-,-,-,-,3023.8000,3023.4000,3023.0000,3022.6000,3022.4000,3025.4000,3025.6000,3025.8000,3026.0000,3026.4000,1,2,1,1,1,1,1,1,4,1
SF,IH2002,2019-12-30 09:34:30.200,3024.2000,965,0,28129560.000,0,-,-,-,-,3023.4000,3023.0000,3022.6000,3022.4000,3022.0000,3025.2000,3025.4000,3025.6000,3025.8000,3026.0000,2,1,1,1,2,1,1,1,1,4
SF,IH2002,2019-12-30 09:34:30.700,3024.2000,965,0,28129560.000,0,-,-,-,-,3023.6000,3023.4000,3023.0000,3022.6000,3022.4000,3025.2000,3025.6000,3025.8000,3026.0000,3026.4000,1,2,1,1,1,1,1,1,4,1
SF,IH2002,2019-12-30 09:34:31.200,3024.2000,965,0,28129560.000,0,-,-,-,-,3023.8000,3023.6000,3023.4000,3023.0000,3022.6000,3025.6000,3026.0000,3026.4000,3026.6000,3026.8000,4,1,2,1,1,1,4,1,3,3
SF,IH2002,2019-12-30 09:34:31.700,3024.2000,965,0,28129560.000,0,-,-,-,-,3023.8000,3023.4000,3023.0000,3022.6000,3022.4000,3025.4000,3025.6000,3026.0000,3026.4000,3026.6000,3,2,1,1,1,1,1,4,1,3
SF,IH2002,2019-12-30 09:34:33.200,3024.2000,965,0,28129560.000,0,-,-,-,-,3024.0000,3023.8000,3023.4000,3023.0000,3022.6000,3026.0000,3026.4000,3026.6000,3026.8000,3027.2000,1,3,2,1,1,1,1,3,3,1
SF,IH2002,2019-12-30 09:34:33.700,3024.2000,965,0,28129560.000,0,-,-,-,-,3024.0000,3023.8000,3023.4000,3023.0000,3022.6000,3025.8000,3026.0000,3026.4000,3026.6000,3026.8000,1,2,2,1,1,2,2,1,3,3
SF,IH2002,2019-12-30 09:34:34.200,3024.2000,965,0,28129560.000,0,-,-,-,-,3023.8000,3023.4000,3023.0000,3022.6000,3022.4000,3025.8000,3026.0000,3026.4000,3026.6000,3026.8000,2,2,1,1,1,3,1,1,3,3
SF,IH2002,2019-12-30 09:34:34.700,3024.2000,965,0,28129560.000,0,-,-,-,-,3023.8000,3023.4000,3023.0000,3022.6000,3022.4000,3025.6000,3025.8000,3026.0000,3026.4000,3026.6000,2,2,1,1,1,1,3,2,1,3
SF,IH2002,2019-12-30 09:34:35.200,3024.2000,965,0,28129560.000,0,-,-,-,-,3023.8000,3023.4000,3023.0000,3022.6000,3022.4000,3025.4000,3025.6000,3025.8000,3026.0000,3026.4000,1,2,1,1,1,3,1,3,2,1
SF,IH2002,2019-12-30 09:34:35.700,3024.2000,965,0,28129560.000,0,-,-,-,-,3023.4000,3023.0000,3022.4000,3022.0000,3021.2000,3025.2000,3025.4000,3025.8000,3026.0000,3026.4000,1,1,1,2,1,1,4,3,2,1
SF,IH2002,2019-12-30 09:34:36.200,3024.2000,965,0,28129560.000,0,-,-,-,-,3023.0000,3022.4000,3022.0000,3021.2000,3020.4000,3025.0000,3025.2000,3025.4000,3025.8000,3026.0000,1,1,2,1,3,3,1,4,2,2
SF,IH2002,2019-12-30 09:34:38.200,3024.2000,965,0,28129560.000,0,-,-,-,-,3023.0000,3022.4000,3022.0000,3021.2000,3020.4000,3025.0000,3025.2000,3025.4000,3025.8000,3026.0000,1,1,2,1,3,2,1,4,2,2
SF,IH2002,2019-12-30 09:34:38.700,3024.2000,965,0,28129560.000,0,-,-,-,-,3023.4000,3023.2000,3023.0000,3022.4000,3022.0000,3025.0000,3025.4000,3025.8000,3026.0000,3026.4000,1,3,1,1,2,2,3,1,2,1
SF,IH2002,2019-12-30 09:34:39.200,3024.2000,965,0,28129560.000,0,-,-,-,-,3023.6000,3023.4000,3023.2000,3023.0000,3022.4000,3025.0000,3025.4000,3025.8000,3026.0000,3026.4000,3,1,3,1,1,1,1,1,1,1
SF,IH2002,2019-12-30 09:34:39.700,3024.2000,965,0,28129560.000,0,-,-,-,-,3023.6000,3023.2000,3023.0000,3022.4000,3022.0000,3025.4000,3025.8000,3026.0000,3026.4000,3026.6000,3,3,1,1,2,1,1,1,1,3
SF,IH2002,2019-12-30 09:34:40.200,3024.2000,965,0,28129560.000,0,-,-,-,-,3023.8000,3023.6000,3023.2000,3023.0000,3022.4000,3025.4000,3025.8000,3026.0000,3026.4000,3026.6000,1,3,2,1,1,1,1,1,1,3
SF,IH2002,2019-12-30 09:34:40.700,3024.2000,965,0,28129560.000,0,-,-,-,-,3023.8000,3023.6000,3023.2000,3023.0000,3022.4000,3025.4000,3025.8000,3026.0000,3026.4000,3026.6000,1,3,1,1,1,1,1,1,1,3
SF,IH2002,2019-12-30 09:34:41.200,3024.2000,965,0,28129560.000,0,-,-,-,-,3023.6000,3023.2000,3023.0000,3022.4000,3022.0000,3025.2000,3025.4000,3025.8000,3026.0000,3026.4000,2,1,1,1,2,1,1,1,1,1
SF,IH2002,2019-12-30 09:34:42.700,3024.2000,965,0,28129560.000,0,-,-,-,-,3023.6000,3023.2000,3023.0000,3022.4000,3022.0000,3025.0000,3025.2000,3025.4000,3025.8000,3026.0000,1,1,1,1,2,1,1,1,1,1
SF,IH2002,2019-12-30 09:34:43.200,3024.2000,965,0,28129560.000,0,-,-,-,-,3023.8000,3023.6000,3023.2000,3023.0000,3022.4000,3025.0000,3025.4000,3025.8000,3026.0000,3026.4000,1,1,1,1,1,1,1,1,1,1
SF,IH2002,2019-12-30 09:34:43.700,3024.2000,965,0,28129560.000,0,-,-,-,-,3023.8000,3023.2000,3023.0000,3022.4000,3022.0000,3025.0000,3025.4000,3025.8000,3026.0000,3026.4000,1,1,1,1,2,1,1,1,1,1
SF,IH2002,2019-12-30 09:34:44.200,3024.2000,965,0,28129560.000,0,-,-,-,-,3023.8000,3023.2000,3023.0000,3022.4000,3022.0000,3025.4000,3025.8000,3026.0000,3026.4000,3026.6000,1,1,1,1,2,1,1,1,1,3
SF,IH2002,2019-12-30 09:34:44.700,3024.2000,965,0,28129560.000,0,-,-,-,-,3023.2000,3023.0000,3022.4000,3022.0000,3021.2000,3025.2000,3025.4000,3025.8000,3026.0000,3026.4000,1,1,1,2,1,1,1,1,1,1
SF,IH2002,2019-12-30 09:34:45.200,3024.2000,965,0,28129560.000,0,-,-,-,-,3023.4000,3023.2000,3023.0000,3022.4000,3022.0000,3025.2000,3025.4000,3025.8000,3026.0000,3026.4000,1,1,1,1,2,1,1,1,1,1
SF,IH2002,2019-12-30 09:34:45.700,3024.2000,965,0,28129560.000,0,-,-,-,-,3023.4000,3023.2000,3023.0000,3022.4000,3022.0000,3025.4000,3025.8000,3026.0000,3026.4000,3026.6000,2,1,1,1,2,1,1,1,1,3
SF,IH2002,2019-12-30 09:34:46.200,3024.2000,965,0,28129560.000,0,-,-,-,-,3023.4000,3023.2000,3023.0000,3022.4000,3022.0000,3025.0000,3025.4000,3025.8000,3026.0000,3026.4000,2,1,1,1,2,1,1,1,1,1
SF,IH2002,2019-12-30 09:34:48.200,3024.2000,965,0,28129560.000,0,-,-,-,-,3023.6000,3023.4000,3023.2000,3023.0000,3022.4000,3025.4000,3025.8000,3026.0000,3026.4000,3026.6000,1,2,1,1,1,1,1,1,1,3
SF,IH2002,2019-12-30 09:34:48.700,3024.2000,965,0,28129560.000,0,-,-,-,-,3023.8000,3023.4000,3023.2000,3023.0000,3022.4000,3025.4000,3025.8000,3026.0000,3026.4000,3026.6000,1,2,1,1,1,1,1,1,1,3
SF,IH2002,2019-12-30 09:34:49.700,3024.2000,965,0,28129560.000,0,-,-,-,-,3023.8000,3023.4000,3023.2000,3023.0000,3022.4000,3025.4000,3025.8000,3026.0000,3026.4000,3026.6000,1,2,1,1,1,1,1,1,1,3
SF,IH2002,2019-12-30 09:34:51.200,3024.2000,965,0,28129560.000,0,-,-,-,-,3024.0000,3023.8000,3023.4000,3023.2000,3023.0000,3025.8000,3026.0000,3026.4000,3026.6000,3026.8000,1,1,2,1,1,1,1,1,3,3
SF,IH2002,2019-12-30 09:34:51.700,3024.2000,965,0,28129560.000,0,-,-,-,-,3024.0000,3023.8000,3023.4000,3023.2000,3023.0000,3025.6000,3025.8000,3026.0000,3026.4000,3026.6000,1,1,1,1,1,2,1,1,1,3
SF,IH2002,2019-12-30 09:34:52.200,3024.2000,965,0,28129560.000,0,-,-,-,-,3024.0000,3023.4000,3023.2000,3023.0000,3022.4000,3025.6000,3025.8000,3026.0000,3026.4000,3026.6000,1,1,1,1,1,2,1,1,1,3
SF,IH2002,2019-12-30 09:34:52.700,3024.2000,965,0,28129560.000,0,-,-,-,-,3024.0000,3023.4000,3023.2000,3023.0000,3022.4000,3025.6000,3026.0000,3026.4000,3026.6000,3026.8000,1,1,1,1,1,2,1,1,3,3
SF,IH2002,2019-12-30 09:34:56.200,3024.2000,965,0,28129560.000,0,-,-,-,-,3023.4000,3023.2000,3023.0000,3022.4000,3022.0000,3025.6000,3026.0000,3026.4000,3026.6000,3026.8000,1,1,1,1,2,2,1,1,3,3
SF,IH2002,2019-12-30 09:34:57.200,3024.2000,965,0,28129560.000,0,-,-,-,-,3023.6000,3023.4000,3023.2000,3023.0000,3022.4000,3025.6000,3026.0000,3026.4000,3026.6000,3026.8000,2,1,1,1,1,1,1,1,3,3
SF,IH2002,2019-12-30 09:34:57.700,3024.2000,965,0,28129560.000,0,-,-,-,-,3023.6000,3023.4000,3023.2000,3023.0000,3022.4000,3025.4000,3025.6000,3026.0000,3026.4000,3026.6000,1,1,1,1,1,1,1,1,1,3
SF,IH2002,2019-12-30 09:34:58.200,3024.2000,965,0,28129560.000,0,-,-,-,-,3023.4000,3023.2000,3023.0000,3022.4000,3022.0000,3025.2000,3025.4000,3025.6000,3026.0000,3026.4000,1,1,1,1,2,1,2,1,1,1
SF,IH2002,2019-12-30 09:34:59.200,3024.2000,965,0,28129560.000,0,-,-,-,-,3023.6000,3023.4000,3023.2000,3023.0000,3022.4000,3025.0000,3025.2000,3025.4000,3025.6000,3026.0000,1,1,1,1,1,1,1,1,1,1
SF,IH2002,2019-12-30 09:34:59.700,3024.2000,965,0,28129560.000,0,-,-,-,-,3023.4000,3023.2000,3023.0000,3022.4000,3022.0000,3025.0000,3025.2000,3025.4000,3025.6000,3026.0000,1,1,1,1,2,1,1,1,1,1
SF,IH2002,2019-12-30 09:35:00.200,3024.2000,965,0,28129560.000,0,-,-,-,-,3023.8000,3023.4000,3023.2000,3023.0000,3022.4000,3025.0000,3025.2000,3025.6000,3026.0000,3026.4000,1,1,1,1,1,1,1,1,1,1
SF,IH2002,2019-12-30 09:35:00.700,3024.2000,965,0,28129560.000,0,-,-,-,-,3023.8000,3023.4000,3023.2000,3023.0000,3022.4000,3024.8000,3025.0000,3025.2000,3026.0000,3026.4000,1,1,1,1,1,1,1,1,1,1
SF,IH2002,2019-12-30 09:35:01.200,3024.2000,965,0,28129560.000,0,-,-,-,-,3023.8000,3023.4000,3023.2000,3023.0000,3022.4000,3025.0000,3025.2000,3026.0000,3026.4000,3026.6000,1,1,1,1,1,1,1,1,1,3
SF,IH2002,2019-12-30 09:35:01.700,3024.2000,965,0,28129560.000,0,-,-,-,-,3023.4000,3023.2000,3023.0000,3022.4000,3022.0000,3024.6000,3025.0000,3025.2000,3026.0000,3026.4000,1,1,1,1,2,1,1,1,1,1
SF,IH2002,2019-12-30 09:35:02.700,3024.2000,965,0,28129560.000,0,-,-,-,-,3023.0000,3022.4000,3022.0000,3021.2000,3020.4000,3024.6000,3025.0000,3025.2000,3026.0000,3026.4000,1,1,2,1,3,1,1,1,1,1
SF,IH2002,2019-12-30 09:35:03.200,3024.2000,965,0,28129560.000,0,-,-,-,-,3023.0000,3022.4000,3022.0000,3021.2000,3020.4000,3024.4000,3024.6000,3025.0000,3025.2000,3026.0000,1,1,2,1,3,1,1,1,1,1
SF,IH2002,2019-12-30 09:35:03.700,3024.2000,965,0,28129560.000,0,-,-,-,-,3022.4000,3022.0000,3021.2000,3020.4000,3020.2000,3024.2000,3024.4000,3024.6000,3025.0000,3025.2000,1,2,1,3,1,1,2,1,1,1
SF,IH2002,2019-12-30 09:35:04.200,3024.2000,965,0,28129560.000,0,-,-,-,-,3022.4000,3022.0000,3021.2000,3020.4000,3020.2000,3024.0000,3024.2000,3024.4000,3024.6000,3025.0000,1,2,1,3,1,1,1,2,1,1
SF,IH2002,2019-12-30 09:35:04.700,3024.2000,965,0,28129560.000,0,-,-,-,-,3022.6000,3022.4000,3022.0000,3021.2000,3020.4000,3024.0000,3024.2000,3024.4000,3025.0000,3026.0000,1,1,2,1,3,1,1,1,1,1
SF,IH2002,2019-12-30 09:35:05.200,3024.2000,965,0,28129560.000,0,-,-,-,-,3022.6000,3022.4000,3022.0000,3021.2000,3020.4000,3024.2000,3024.4000,3026.0000,3026.4000,3026.6000,2,1,2,1,3,1,1,1,1,3
SF,IH2002,2019-12-30 09:35:05.700,3024.2000,965,0,28129560.000,0,-,-,-,-,3022.6000,3022.4000,3022.0000,3021.2000,3020.4000,3024.4000,3026.0000,3026.4000,3026.6000,3026.8000,2,1,2,1,3,1,1,1,3,3
SF,IH2002,2019-12-30 09:35:06.700,3024.2000,965,0,28129560.000,0,-,-,-,-,3022.6000,3022.4000,3022.0000,3021.2000,3020.4000,3024.2000,3024.4000,3026.0000,3026.4000,3026.6000,2,1,2,1,3,1,1,1,1,3
SF,IH2002,2019-12-30 09:35:07.200,3024.2000,965,0,28129560.000,0,-,-,-,-,3022.6000,3022.4000,3022.0000,3021.2000,3020.4000,3024.2000,3024.4000,3026.0000,3026.4000,3026.6000,1,1,2,1,3,1,1,1,1,3
SF,IH2002,2019-12-30 09:35:08.200,3024.2000,965,0,28129560.000,0,-,-,-,-,3022.8000,3022.6000,3022.4000,3022.0000,3021.2000,3024.4000,3026.0000,3026.4000,3026.6000,3026.8000,1,1,1,2,1,1,1,1,3,3
SF,IH2002,2019-12-30 09:35:09.200,3024.2000,965,0,28129560.000,0,-,-,-,-,3022.8000,3022.4000,3022.0000,3021.2000,3020.4000,3024.2000,3024.4000,3026.0000,3026.4000,3026.6000,1,1,2,1,3,1,1,1,1,3
SF,IH2002,2019-12-30 09:35:09.700,3024.2000,965,0,28129560.000,0,-,-,-,-,3022.8000,3022.4000,3022.0000,3021.2000,3020.4000,3024.4000,3026.0000,3026.4000,3026.6000,3026.8000,1,1,2,1,3,1,1,1,3,3
SF,IH2002,2019-12-30 09:35:10.200,3024.2000,965,0,28129560.000,0,-,-,-,-,3022.4000,3022.0000,3021.2000,3020.4000,3020.2000,3024.0000,3024.4000,3026.0000,3026.4000,3026.6000,1,2,1,3,1,1,1,1,1,3
SF,IH2002,2019-12-30 09:35:10.700,3024.2000,965,0,28129560.000,0,-,-,-,-,3022.6000,3022.4000,3022.0000,3021.2000,3020.4000,3024.0000,3024.4000,3026.0000,3026.4000,3026.6000,2,1,2,1,3,1,1,1,1,3
SF,IH2002,2019-12-30 09:35:11.200,3024.2000,965,0,28129560.000,0,-,-,-,-,3022.8000,3022.6000,3022.4000,3022.0000,3021.2000,3024.0000,3026.0000,3026.4000,3026.6000,3026.8000,1,2,1,2,1,1,1,1,3,3
SF,IH2002,2019-12-30 09:35:11.700,3024.2000,965,0,28129560.000,0,-,-,-,-,3022.8000,3022.6000,3022.4000,3022.0000,3021.2000,3026.0000,3026.4000,3026.6000,3026.8000,3027.2000,1,2,1,2,1,1,1,3,3,1
SF,IH2002,2019-12-30 09:35:12.200,3024.2000,965,0,28129560.000,0,-,-,-,-,3022.8000,3022.6000,3022.4000,3022.0000,3021.2000,3025.8000,3026.0000,3026.4000,3026.6000,3026.8000,1,1,1,2,1,5,2,1,3,3
SF,IH2002,2019-12-30 09:35:12.700,3024.2000,965,0,28129560.000,0,-,-,-,-,3022.6000,3022.4000,3022.0000,3021.2000,3020.4000,3025.6000,3025.8000,3026.0000,3026.4000,3026.6000,1,1,2,1,3,1,6,2,1,3
SF,IH2002,2019-12-30 09:35:13.200,3024.2000,965,0,28129560.000,0,-,-,-,-,3022.6000,3022.4000,3022.0000,3021.2000,3020.4000,3025.4000,3025.6000,3025.8000,3026.0000,3026.4000,1,1,2,1,3,3,1,5,2,1
SF,IH2002,2019-12-30 09:35:13.700,3024.2000,965,0,28129560.000,0,-,-,-,-,3022.4000,3022.0000,3021.2000,3020.4000,3020.2000,3025.2000,3025.4000,3025.6000,3025.8000,3026.0000,1,2,1,3,1,1,4,1,4,2
SF,IH2002,2019-12-30 09:35:14.200,3024.2000,965,0,28129560.000,0,-,-,-,-,3022.4000,3022.0000,3021.2000,3020.4000,3020.2000,3025.0000,3025.2000,3025.4000,3025.6000,3025.8000,1,2,1,3,1,5,1,3,1,3
SF,IH2002,2019-12-30 09:35:14.700,3024.2000,965,0,28129560.000,0,-,-,-,-,3022.4000,3022.2000,3022.0000,3021.2000,3020.4000,3024.8000,3025.0000,3025.2000,3025.4000,3025.6000,1,1,2,1,3,2,5,1,3,1
SF,IH2002,2019-12-30 09:35:15.200,3024.2000,965,0,28129560.000,0,-,-,-,-,3022.4000,3022.2000,3022.0000,3021.2000,3020.4000,3024.6000,3024.8000,3025.0000,3025.2000,3025.4000,1,1,2,1,3,4,2,5,1,1
SF,IH2002,2019-12-30 09:35:15.700,3024.2000,965,0,28129560.000,0,-,-,-,-,3022.4000,3022.2000,3022.0000,3021.2000,3020.4000,3024.6000,3024.8000,3025.0000,3025.2000,3025.4000,1,1,2,1,3,4,2,5,1,1
SF,IH2002,2019-12-30 09:35:16.200,3024.2000,965,0,28129560.000,0,-,-,-,-,3022.6000,3022.4000,3022.2000,3022.0000,3021.2000,3024.6000,3024.8000,3025.0000,3025.2000,3025.4000,1,1,1,2,1,4,1,5,1,1
SF,IH2002,2019-12-30 09:35:17.200,3024.6000,966,1,29036940.000,1,1,0,双开,S,3022.6000,3022.4000,3022.2000,3022.0000,3021.2000,3024.6000,3024.8000,3025.0000,3025.2000,3025.4000,1,1,1,2,1,1,1,5,1,1
SF,IH2002,2019-12-30 09:35:17.700,3024.6000,966,0,29036940.000,0,-,-,-,-,3022.6000,3022.4000,3022.2000,3022.0000,3021.2000,3024.6000,3025.0000,3025.2000,3025.4000,3025.6000,1,1,1,2,1,1,5,1,1,1
SF,IH2002,2019-12-30 09:35:18.700,3024.6000,966,0,29036940.000,0,-,-,-,-,3022.6000,3022.4000,3022.2000,3022.0000,3021.2000,3024.4000,3024.6000,3025.0000,3025.2000,3025.4000,1,1,1,2,1,2,1,5,1,1
SF,IH2002,2019-12-30 09:35:19.200,3024.6000,966,0,29036940.000,0,-,-,-,-,3022.6000,3022.4000,3022.2000,3022.0000,3021.2000,3024.6000,3025.0000,3025.2000,3025.4000,3025.6000,1,1,1,2,1,1,5,1,1,1
SF,IH2002,2019-12-30 09:35:19.700,3024.6000,967,1,29944320.000,1,1,0,双开,S,3022.4000,3022.2000,3022.0000,3021.2000,3020.4000,3024.6000,3025.0000,3025.2000,3025.4000,3025.6000,1,1,2,1,3,1,5,1,1,1
SF,IH2002,2019-12-30 09:35:20.700,3024.6000,967,0,29944320.000,0,-,-,-,-,3022.6000,3022.4000,3022.2000,3022.0000,3021.2000,3024.6000,3025.0000,3025.2000,3025.4000,3025.6000,1,1,1,2,1,1,5,1,1,1
SF,IH2002,2019-12-30 09:35:21.200,3024.6000,967,0,29944320.000,0,-,-,-,-,3022.6000,3022.4000,3022.2000,3022.0000,3021.2000,3024.6000,3025.0000,3025.2000,3025.4000,3025.6000,2,1,1,2,1,1,4,1,1,1
SF,IH2002,2019-12-30 09:35:21.700,3024.6000,967,0,29944320.000,0,-,-,-,-,3022.8000,3022.6000,3022.4000,3022.2000,3022.0000,3024.6000,3025.0000,3025.2000,3025.4000,3025.6000,1,2,1,1,2,1,4,1,1,1
SF,IH2002,2019-12-30 09:35:22.200,3024.6000,968,1,30851700.000,1,1,0,双开,S,3023.0000,3022.8000,3022.6000,3022.4000,3022.2000,3025.0000,3025.2000,3025.4000,3025.6000,3025.8000,2,1,1,1,1,4,1,1,1,3
SF,IH2002,2019-12-30 09:35:22.700,3024.6000,968,0,30851700.000,0,-,-,-,-,3023.0000,3022.8000,3022.6000,3022.4000,3022.2000,3024.6000,3024.8000,3025.0000,3025.2000,3025.4000,2,1,1,1,1,1,3,4,1,1
SF,IH2002,2019-12-30 09:35:23.200,3024.6000,968,0,30851700.000,0,-,-,-,-,3023.0000,3022.6000,3022.4000,3022.2000,3022.0000,3024.6000,3024.8000,3025.0000,3025.2000,3025.4000,2,1,1,1,2,1,3,4,1,1
SF,IH2002,2019-12-30 09:35:23.700,3024.6000,968,0,30851700.000,0,-,-,-,-,3023.0000,3022.6000,3022.4000,3022.2000,3022.0000,3024.6000,3024.8000,3025.0000,3025.2000,3025.4000,1,1,1,1,2,1,3,4,1,1
SF,IH2002,2019-12-30 09:35:24.200,3024.6000,968,0,30851700.000,0,-,-,-,-,3023.0000,3022.4000,3022.2000,3022.0000,3021.2000,3024.4000,3024.6000,3024.8000,3025.0000,3025.2000,1,1,1,2,1,1,1,3,4,1
SF,IH2002,2019-12-30 09:35:24.700,3024.6000,969,1,31759080.000,1,1,0,双开,S,3023.0000,3022.4000,3022.2000,3022.0000,3021.2000,3024.4000,3024.8000,3025.0000,3025.2000,3025.4000,1,1,1,2,1,1,3,3,1,1
SF,IH2002,2019-12-30 09:35:25.200,3024.6000,969,0,31759080.000,0,-,-,-,-,3022.4000,3022.2000,3022.0000,3021.2000,3020.4000,3024.4000,3024.8000,3025.0000,3025.2000,3025.4000,1,1,2,1,3,1,3,3,1,1
SF,IH2002,2019-12-30 09:35:25.700,3024.6000,969,0,31759080.000,0,-,-,-,-,3022.6000,3022.4000,3022.2000,3022.0000,3021.2000,3024.4000,3024.8000,3025.0000,3025.2000,3025.4000,2,1,1,2,1,1,3,3,1,1
SF,IH2002,2019-12-30 09:35:26.700,3024.4000,969,0,32666400.000,1,0,1,多换,S,3022.6000,3022.4000,3022.2000,3022.0000,3021.2000,3024.8000,3025.0000,3025.2000,3025.4000,3025.6000,1,1,1,2,1,3,3,1,1,1
SF,IH2002,2019-12-30 09:35:27.200,3024.4000,969,0,32666400.000,0,-,-,-,-,3022.8000,3022.6000,3022.4000,3022.2000,3022.0000,3024.6000,3024.8000,3025.0000,3025.2000,3025.4000,1,1,1,1,2,1,3,3,1,1
SF,IH2002,2019-12-30 09:35:27.700,3024.4000,969,0,32666400.000,0,-,-,-,-,3022.8000,3022.6000,3022.4000,3022.2000,3022.0000,3024.6000,3024.8000,3025.0000,3025.2000,3025.4000,2,1,1,1,2,1,3,3,1,1
SF,IH2002,2019-12-30 09:35:28.200,3024.4000,969,0,32666400.000,0,-,-,-,-,3023.0000,3022.8000,3022.6000,3022.4000,3022.2000,3024.8000,3025.0000,3025.2000,3025.4000,3025.6000,1,2,1,1,1,3,3,1,1,1
SF,IH2002,2019-12-30 09:35:28.700,3024.4000,969,0,32666400.000,0,-,-,-,-,3024.6000,3023.2000,3023.0000,3022.6000,3022.4000,3024.8000,3025.0000,3025.2000,3025.4000,3025.6000,1,1,1,1,1,3,3,1,1,1
SF,IH2002,2019-12-30 09:35:29.200,3024.6000,969,0,33573780.000,1,0,1,多换,S,3023.2000,3023.0000,3022.6000,3022.4000,3022.2000,3025.0000,3025.2000,3025.4000,3025.6000,3025.8000,2,1,1,1,1,3,1,1,1,3
SF,IH2002,2019-12-30 09:35:30.200,3024.6000,969,0,33573780.000,0,-,-,-,-,3023.2000,3023.0000,3022.6000,3022.4000,3022.2000,3025.0000,3025.2000,3025.4000,3025.6000,3025.8000,1,1,1,1,1,3,1,1,1,3
SF,IH2002,2019-12-30 09:35:30.700,3024.6000,969,0,33573780.000,0,-,-,-,-,3023.6000,3023.0000,3022.6000,3022.4000,3022.2000,3024.8000,3025.0000,3025.2000,3025.4000,3025.6000,1,1,1,1,1,1,3,1,1,1
SF,IH2002,2019-12-30 09:35:31.200,3023.6000,968,-1,34480860.000,1,0,1,双平,S,3023.0000,3022.6000,3022.4000,3022.2000,3022.0000,3024.8000,3025.0000,3025.2000,3025.4000,3025.6000,1,1,1,1,2,1,3,1,1,1
SF,IH2002,2019-12-30 09:35:31.700,3023.6000,968,0,34480860.000,0,-,-,-,-,3023.2000,3023.0000,3022.6000,3022.4000,3022.2000,3024.8000,3025.0000,3025.2000,3025.4000,3025.6000,1,1,1,1,1,1,3,1,1,1
SF,IH2002,2019-12-30 09:35:32.200,3024.8000,969,1,35388300.000,1,1,0,双开,S,3023.2000,3023.0000,3022.6000,3022.4000,3022.2000,3025.0000,3025.2000,3025.4000,3025.6000,3025.8000,1,1,1,1,1,3,1,1,1,3
SF,IH2002,2019-12-30 09:35:32.700,3024.8000,969,0,35388300.000,0,-,-,-,-,3023.0000,3022.6000,3022.4000,3022.2000,3022.0000,3024.8000,3025.0000,3025.2000,3025.4000,3025.6000,1,1,1,1,2,3,3,1,1,1
SF,IH2002,2019-12-30 09:35:33.200,3024.8000,969,0,35388300.000,0,-,-,-,-,3023.2000,3023.0000,3022.6000,3022.4000,3022.2000,3024.8000,3025.0000,3025.2000,3025.4000,3025.6000,1,1,1,1,1,3,3,1,1,1
SF,IH2002,2019-12-30 09:35:34.700,3024.8000,969,0,35388300.000,0,-,-,-,-,3022.6000,3022.4000,3022.2000,3022.0000,3021.2000,3024.6000,3024.8000,3025.0000,3025.2000,3025.4000,1,1,1,2,1,1,3,3,1,1
SF,IH2002,2019-12-30 09:35:35.200,3024.8000,969,0,35388300.000,0,-,-,-,-,3022.6000,3022.4000,3022.2000,3022.0000,3021.2000,3024.4000,3024.6000,3024.8000,3025.0000,3025.2000,1,1,1,2,1,1,1,3,3,1
SF,IH2002,2019-12-30 09:35:35.700,3024.6000,970,1,36295680.000,1,1,0,双开,S,3022.8000,3022.6000,3022.4000,3022.2000,3022.0000,3024.6000,3024.8000,3025.0000,3025.2000,3025.4000,1,1,1,1,2,2,3,3,1,1
SF,IH2002,2019-12-30 09:35:36.200,3024.6000,970,0,36295680.000,0,-,-,-,-,3022.8000,3022.6000,3022.4000,3022.2000,3022.0000,3024.4000,3024.6000,3024.8000,3025.0000,3025.2000,1,1,1,1,2,1,2,3,3,1
SF,IH2002,2019-12-30 09:35:36.700,3024.6000,970,0,36295680.000,0,-,-,-,-,3022.2000,3022.0000,3021.2000,3020.4000,3020.2000,3024.2000,3024.4000,3024.6000,3024.8000,3025.0000,1,2,1,3,1,1,1,2,3,3
SF,IH2002,2019-12-30 09:35:37.200,3024.6000,970,0,36295680.000,0,-,-,-,-,3022.4000,3022.2000,3022.0000,3021.2000,3020.4000,3024.2000,3024.4000,3024.6000,3024.8000,3025.0000,2,1,2,1,3,1,1,2,3,3
SF,IH2002,2019-12-30 09:35:38.200,3024.2000,971,1,37202940.000,1,1,0,双开,S,3022.4000,3022.2000,3022.0000,3021.2000,3020.4000,3024.2000,3024.4000,3024.6000,3024.8000,3025.0000,2,1,2,1,3,1,1,2,3,3
SF,IH2002,2019-12-30 09:35:38.700,3024.2000,971,0,37202940.000,0,-,-,-,-,3022.4000,3022.2000,3022.0000,3021.2000,3020.4000,3024.2000,3024.4000,3024.6000,3024.8000,3025.0000,1,1,2,1,3,1,1,2,3,3
SF,IH2002,2019-12-30 09:35:39.700,3024.2000,971,0,37202940.000,0,-,-,-,-,3022.4000,3022.2000,3022.0000,3021.2000,3020.4000,3024.0000,3024.2000,3024.4000,3024.6000,3024.8000,1,1,2,1,3,1,1,1,2,3
SF,IH2002,2019-12-30 09:35:40.700,3024.2000,972,1,38110200.000,1,1,0,双开,S,3022.2000,3022.0000,3021.2000,3020.4000,3020.2000,3024.2000,3024.6000,3025.2000,3025.6000,3026.0000,1,2,1,3,1,1,2,1,1,2
SF,IH2002,2019-12-30 09:35:41.200,3024.2000,972,0,38110200.000,0,-,-,-,-,3022.4000,3022.2000,3022.0000,3021.2000,3020.4000,3023.8000,3024.2000,3024.6000,3025.2000,3025.6000,1,1,2,1,3,1,1,2,1,1
SF,IH2002,2019-12-30 09:35:41.700,3024.2000,972,0,38110200.000,0,-,-,-,-,3022.4000,3022.2000,3022.0000,3021.2000,3020.4000,3024.2000,3024.6000,3025.2000,3025.6000,3026.0000,1,1,2,1,3,1,2,1,1,2
SF,IH2002,2019-12-30 09:35:43.200,3024.2000,972,0,38110200.000,0,-,-,-,-,3022.2000,3022.0000,3021.2000,3020.4000,3020.2000,3024.2000,3024.6000,3025.2000,3025.6000,3026.0000,1,2,1,3,1,1,2,1,1,2
SF,IH2002,2019-12-30 09:35:43.700,3024.2000,972,0,38110200.000,0,-,-,-,-,3022.4000,3022.2000,3022.0000,3021.2000,3020.4000,3024.2000,3024.6000,3025.2000,3025.6000,3026.0000,2,1,2,1,3,1,2,1,1,2
SF,IH2002,2019-12-30 09:35:44.700,3024.2000,972,0,38110200.000,0,-,-,-,-,3022.4000,3022.2000,3022.0000,3021.2000,3020.4000,3024.2000,3024.6000,3025.2000,3025.6000,3026.0000,1,1,2,1,3,1,2,1,1,2
SF,IH2002,2019-12-30 09:35:45.200,3024.2000,972,0,38110200.000,0,-,-,-,-,3022.6000,3022.4000,3022.2000,3022.0000,3021.2000,3024.2000,3024.6000,3025.2000,3025.6000,3026.0000,1,1,1,2,1,1,2,1,1,2
SF,IH2002,2019-12-30 09:35:46.200,3024.2000,972,0,38110200.000,0,-,-,-,-,3024.2000,3022.6000,3022.4000,3022.2000,3022.0000,3024.6000,3025.2000,3025.6000,3026.0000,3032.4000,1,1,1,1,2,2,1,1,2,5
SF,IH2002,2019-12-30 09:35:46.700,3024.2000,973,1,39017460.000,1,1,0,双开,S,3022.4000,3022.2000,3022.0000,3021.2000,3020.4000,3024.6000,3025.2000,3025.6000,3026.0000,3032.4000,1,1,2,1,3,2,1,1,2,5
SF,IH2002,2019-12-30 09:35:47.200,3024.2000,973,0,39017460.000,0,-,-,-,-,3022.6000,3022.4000,3022.2000,3022.0000,3021.2000,3024.6000,3025.2000,3025.6000,3026.0000,3032.4000,2,1,1,2,1,2,1,1,2,5
SF,IH2002,2019-12-30 09:35:47.700,3024.2000,973,0,39017460.000,0,-,-,-,-,3022.8000,3022.6000,3022.4000,3022.2000,3022.0000,3024.6000,3025.2000,3025.6000,3026.0000,3032.4000,1,2,1,1,2,2,1,1,2,5
SF,IH2002,2019-12-30 09:35:48.200,3024.2000,973,0,39017460.000,0,-,-,-,-,3022.6000,3022.4000,3022.2000,3022.0000,3021.2000,3024.6000,3025.2000,3025.6000,3026.0000,3032.4000,2,1,1,2,1,2,1,1,2,5
SF,IH2002,2019-12-30 09:35:48.700,3024.2000,973,0,39017460.000,0,-,-,-,-,3023.0000,3022.6000,3022.4000,3022.2000,3022.0000,3024.6000,3025.2000,3025.6000,3026.0000,3032.4000,2,2,1,1,2,1,1,1,2,5
SF,IH2002,2019-12-30 09:35:49.200,3024.2000,973,0,39017460.000,0,-,-,-,-,3023.0000,3022.6000,3022.4000,3022.2000,3022.0000,3024.6000,3025.2000,3025.6000,3026.0000,3032.4000,1,1,1,1,2,1,1,1,2,5
SF,IH2002,2019-12-30 09:35:50.700,3024.2000,973,0,39017460.000,0,-,-,-,-,3022.6000,3022.4000,3022.2000,3022.0000,3021.2000,3024.6000,3025.2000,3025.6000,3026.0000,3032.4000,1,1,1,2,1,1,1,1,2,5
SF,IH2002,2019-12-30 09:35:51.200,3024.2000,973,0,39017460.000,0,-,-,-,-,3022.8000,3022.6000,3022.4000,3022.2000,3022.0000,3024.4000,3024.6000,3025.2000,3025.6000,3026.0000,1,1,1,1,2,1,1,1,1,2
SF,IH2002,2019-12-30 09:35:51.700,3024.2000,973,0,39017460.000,0,-,-,-,-,3023.2000,3022.8000,3022.6000,3022.4000,3022.2000,3024.4000,3024.6000,3025.2000,3025.6000,3026.0000,1,1,1,1,1,1,1,1,1,2
SF,IH2002,2019-12-30 09:35:52.200,3024.2000,973,0,39017460.000,0,-,-,-,-,3023.4000,3023.2000,3022.8000,3022.6000,3022.4000,3024.4000,3024.6000,3025.2000,3025.6000,3026.0000,1,1,1,1,1,1,1,1,1,2
SF,IH2002,2019-12-30 09:35:52.700,3024.2000,973,0,39017460.000,0,-,-,-,-,3023.4000,3023.2000,3022.6000,3022.4000,3022.2000,3024.4000,3024.6000,3025.2000,3025.6000,3026.0000,1,1,1,1,1,1,1,1,1,2
SF,IH2002,2019-12-30 09:35:53.200,3024.2000,973,0,39017460.000,0,-,-,-,-,3023.2000,3022.6000,3022.4000,3022.2000,3022.0000,3024.4000,3024.6000,3025.2000,3025.6000,3026.0000,1,1,1,1,2,1,1,1,1,2
SF,IH2002,2019-12-30 09:35:57.200,3024.2000,973,0,39017460.000,0,-,-,-,-,3023.2000,3022.6000,3022.4000,3022.2000,3022.0000,3024.2000,3024.4000,3025.2000,3025.6000,3026.0000,1,1,1,1,2,1,1,1,1,2
SF,IH2002,2019-12-30 09:35:57.700,3024.2000,973,0,39017460.000,0,-,-,-,-,3023.2000,3022.4000,3022.2000,3022.0000,3021.2000,3024.2000,3024.4000,3025.2000,3025.6000,3026.0000,1,1,1,2,1,1,1,1,1,2
SF,IH2002,2019-12-30 09:35:58.200,3024.2000,973,0,39017460.000,0,-,-,-,-,3023.2000,3022.2000,3022.0000,3021.2000,3020.4000,3024.2000,3024.4000,3025.2000,3025.6000,3026.0000,1,1,2,1,3,1,1,1,1,2
SF,IH2002,2019-12-30 09:35:58.700,3024.2000,973,0,39017460.000,0,-,-,-,-,3023.2000,3022.2000,3022.0000,3021.2000,3020.4000,3024.0000,3024.2000,3024.4000,3025.2000,3025.6000,1,1,2,1,3,2,1,1,1,1
SF,IH2002,2019-12-30 09:36:00.200,3024.2000,973,0,39017460.000,0,-,-,-,-,3023.4000,3023.2000,3022.2000,3022.0000,3021.2000,3024.0000,3024.2000,3024.4000,3025.2000,3025.6000,1,1,1,2,1,2,1,1,1,1
SF,IH2002,2019-12-30 09:36:00.700,3024.2000,973,0,39017460.000,0,-,-,-,-,3023.4000,3023.2000,3022.2000,3022.0000,3021.2000,3024.2000,3025.2000,3025.6000,3026.0000,3032.4000,1,1,1,2,1,1,1,1,2,5
SF,IH2002,2019-12-30 09:36:01.200,3024.2000,973,0,39017460.000,0,-,-,-,-,3023.2000,3022.2000,3022.0000,3021.2000,3020.4000,3024.2000,3025.2000,3025.6000,3026.0000,3032.4000,1,1,2,1,3,1,1,1,2,5
SF,IH2002,2019-12-30 09:36:01.700,3024.2000,973,0,39017460.000,0,-,-,-,-,3023.2000,3022.2000,3022.0000,3021.2000,3020.4000,3025.2000,3025.6000,3026.0000,3032.4000,3040.6000,1,1,2,1,3,1,1,2,5,1
SF,IH2002,2019-12-30 09:36:18.700,3024.2000,973,0,39017460.000,0,-,-,-,-,3023.4000,3023.2000,3022.2000,3022.0000,3021.2000,3025.2000,3025.6000,3026.0000,3032.4000,3040.6000,1,1,1,2,1,1,1,2,5,1
SF,IH2002,2019-12-30 09:36:19.200,3024.2000,973,0,39017460.000,0,-,-,-,-,3023.6000,3023.4000,3023.2000,3022.2000,3022.0000,3025.6000,3026.0000,3032.4000,3040.6000,3043.8000,2,1,1,1,2,1,2,5,1,1
SF,IH2002,2019-12-30 09:36:19.700,3024.2000,973,0,39017460.000,0,-,-,-,-,3023.8000,3023.6000,3023.4000,3023.2000,3022.2000,3026.0000,3032.4000,3040.6000,3043.8000,3045.0000,1,2,1,1,1,2,5,1,1,1
SF,IH2002,2019-12-30 09:36:20.200,3024.2000,973,0,39017460.000,0,-,-,-,-,3024.0000,3023.8000,3023.4000,3023.2000,3022.2000,3026.0000,3032.4000,3040.6000,3043.8000,3045.0000,1,1,1,1,1,1,5,1,1,1
SF,IH2002,2019-12-30 09:36:20.700,3024.2000,973,0,39017460.000,0,-,-,-,-,3024.2000,3024.0000,3023.8000,3023.2000,3022.2000,3026.0000,3032.4000,3040.6000,3043.8000,3045.0000,1,1,1,1,1,1,5,1,1,1
SF,IH2002,2019-12-30 09:36:21.200,3024.2000,973,0,39017460.000,0,-,-,-,-,3024.4000,3024.2000,3023.8000,3023.2000,3022.2000,3026.0000,3032.4000,3040.6000,3043.8000,3045.0000,1,1,1,1,1,2,5,1,1,1
SF,IH2002,2019-12-30 09:36:22.700,3024.2000,973,0,39017460.000,0,-,-,-,-,3024.4000,3023.8000,3023.2000,3022.2000,3022.0000,3025.8000,3026.0000,3032.4000,3040.6000,3043.8000,1,1,1,1,2,1,2,5,1,1
SF,IH2002,2019-12-30 09:36:24.700,3024.2000,973,0,39017460.000,0,-,-,-,-,3024.4000,3023.8000,3023.2000,3022.2000,3022.0000,3026.0000,3032.4000,3040.6000,3043.8000,3045.0000,1,1,1,1,2,1,5,1,1,1
SF,IH2002,2019-12-30 09:36:26.700,3024.2000,973,0,39017460.000,0,-,-,-,-,3024.4000,3023.8000,3023.2000,3022.2000,3022.0000,3026.0000,3032.4000,3040.6000,3043.8000,3045.0000,1,1,1,1,2,2,5,1,1,1
SF,IH2002,2019-12-30 09:36:27.200,3024.2000,973,0,39017460.000,0,-,-,-,-,3024.4000,3023.8000,3023.2000,3022.2000,3022.0000,3026.0000,3032.4000,3040.6000,3043.8000,3045.0000,1,1,1,1,2,1,5,1,1,1
SF,IH2002,2019-12-30 09:36:27.700,3024.2000,973,0,39017460.000,0,-,-,-,-,3024.6000,3024.4000,3023.8000,3023.2000,3022.2000,3026.0000,3032.4000,3040.6000,3043.8000,3045.0000,1,1,1,1,1,1,5,1,1,1
SF,IH2002,2019-12-30 09:36:28.700,3024.2000,973,0,39017460.000,0,-,-,-,-,3024.6000,3024.4000,3023.8000,3023.2000,3022.2000,3026.0000,3032.4000,3040.6000,3043.8000,3045.0000,1,1,1,1,1,2,5,1,1,1
SF,IH2002,2019-12-30 09:36:29.200,3024.2000,973,0,39017460.000,0,-,-,-,-,3024.4000,3023.8000,3023.2000,3022.2000,3022.0000,3026.0000,3032.4000,3040.6000,3043.8000,3045.0000,1,1,1,1,2,2,5,1,1,1
SF,IH2002,2019-12-30 09:36:30.200,3024.2000,973,0,39017460.000,0,-,-,-,-,3024.4000,3023.8000,3023.2000,3022.2000,3022.0000,3025.8000,3026.0000,3032.4000,3040.6000,3043.8000,1,1,1,1,2,1,2,5,1,1
SF,IH2002,2019-12-30 09:36:32.200,3024.2000,973,0,39017460.000,0,-,-,-,-,3024.6000,3024.4000,3023.8000,3023.2000,3022.2000,3026.0000,3032.4000,3040.6000,3043.8000,3045.0000,1,1,1,1,1,1,5,1,1,1
SF,IH2002,2019-12-30 09:36:32.700,3024.2000,973,0,39017460.000,0,-,-,-,-,3024.4000,3023.8000,3023.2000,3022.2000,3022.0000,3025.8000,3026.0000,3032.4000,3040.6000,3043.8000,1,1,1,1,2,1,2,5,1,1
SF,IH2002,2019-12-30 09:36:36.700,3024.2000,973,0,39017460.000,0,-,-,-,-,3024.4000,3023.8000,3023.2000,3022.2000,3022.0000,3026.0000,3032.4000,3040.6000,3043.8000,3045.0000,1,1,1,1,2,1,5,1,1,1
SF,IH2002,2019-12-30 09:36:37.700,3024.2000,973,0,39017460.000,0,-,-,-,-,3024.6000,3024.4000,3023.8000,3023.2000,3022.2000,3026.0000,3032.4000,3040.6000,3043.8000,3045.0000,1,1,1,1,1,1,5,1,1,1
SF,IH2002,2019-12-30 09:36:38.200,3024.2000,973,0,39017460.000,0,-,-,-,-,3024.8000,3024.6000,3023.8000,3023.2000,3022.2000,3026.0000,3032.4000,3040.6000,3043.8000,3045.0000,1,1,1,1,1,1,5,1,1,1
SF,IH2002,2019-12-30 09:36:38.700,3024.2000,973,0,39017460.000,0,-,-,-,-,3025.0000,3024.8000,3024.6000,3023.8000,3023.2000,3026.0000,3032.4000,3040.6000,3043.8000,3045.0000,1,1,1,1,1,1,5,1,1,1
SF,IH2002,2019-12-30 09:36:40.700,3024.2000,973,0,39017460.000,0,-,-,-,-,3025.2000,3025.0000,3024.8000,3024.6000,3023.8000,3026.0000,3032.4000,3040.6000,3043.8000,3045.0000,1,1,1,1,1,1,5,1,1,1
SF,IH2002,2019-12-30 09:36:41.200,3026.0000,972,-1,39925260.000,1,0,1,双平,S,3025.4000,3025.2000,3025.0000,3024.6000,3023.8000,3032.4000,3040.6000,3043.8000,3045.0000,3250.2000,1,1,1,1,1,5,1,1,1,3
SF,IH2002,2019-12-30 09:36:41.700,3026.0000,972,0,39925260.000,0,-,-,-,-,3025.6000,3025.4000,3025.2000,3025.0000,3024.6000,3029.4000,3032.2000,3032.4000,3040.6000,3043.8000,1,1,1,1,1,1,2,5,1,1
SF,IH2002,2019-12-30 09:36:42.200,3026.0000,972,0,39925260.000,0,-,-,-,-,3025.6000,3025.4000,3025.2000,3025.0000,3024.6000,3029.2000,3029.4000,3032.2000,3032.4000,3040.6000,1,1,1,1,1,2,1,2,5,1
SF,IH2002,2019-12-30 09:36:42.700,3026.0000,972,0,39925260.000,0,-,-,-,-,3025.8000,3025.6000,3025.4000,3025.2000,3025.0000,3029.2000,3029.4000,3032.2000,3032.4000,3040.6000,1,1,1,1,1,2,1,2,5,1
SF,IH2002,2019-12-30 09:36:43.200,3026.0000,972,0,39925260.000,0,-,-,-,-,3025.8000,3025.6000,3025.4000,3025.2000,3025.0000,3029.2000,3029.4000,3032.2000,3032.4000,3040.6000,1,1,1,1,1,2,1,2,5,1
SF,IH2002,2019-12-30 09:36:43.700,3026.0000,972,0,39925260.000,0,-,-,-,-,3026.0000,3025.8000,3025.6000,3023.2000,3022.2000,3029.2000,3029.4000,3032.2000,3032.4000,3040.6000,1,1,1,1,1,2,1,2,5,1
SF,IH2002,2019-12-30 09:36:44.200,3026.0000,972,0,39925260.000,0,-,-,-,-,3026.2000,3026.0000,3025.6000,3023.2000,3022.2000,3029.2000,3029.4000,3032.2000,3032.4000,3040.6000,1,2,1,1,1,1,1,2,5,1
SF,IH2002,2019-12-30 09:36:44.700,3026.0000,972,0,39925260.000,0,-,-,-,-,3026.4000,3026.2000,3026.0000,3023.2000,3022.2000,3029.2000,3029.4000,3032.2000,3032.4000,3040.6000,1,1,1,1,1,1,1,2,5,1
SF,IH2002,2019-12-30 09:36:45.200,3026.0000,972,0,39925260.000,0,-,-,-,-,3026.0000,3023.2000,3022.2000,3022.0000,3021.2000,3029.0000,3029.2000,3029.4000,3032.2000,3032.4000,1,1,1,2,1,1,1,1,2,5
SF,IH2002,2019-12-30 09:36:45.700,3026.0000,972,0,39925260.000,0,-,-,-,-,3026.0000,3023.2000,3022.2000,3022.0000,3021.2000,3028.8000,3029.0000,3029.2000,3029.4000,3032.2000,1,1,1,2,1,1,1,1,1,2
SF,IH2002,2019-12-30 09:36:46.200,3026.0000,972,0,39925260.000,0,-,-,-,-,3026.0000,3023.2000,3022.2000,3022.0000,3021.2000,3028.6000,3028.8000,3029.2000,3029.4000,3032.2000,1,1,1,2,1,1,1,1,1,2
SF,IH2002,2019-12-30 09:36:46.700,3026.0000,972,0,39925260.000,0,-,-,-,-,3026.0000,3023.2000,3022.2000,3022.0000,3021.2000,3028.4000,3028.6000,3028.8000,3029.2000,3029.4000,1,1,1,2,1,1,1,1,1,1
SF,IH2002,2019-12-30 09:36:47.200,3026.0000,972,0,39925260.000,0,-,-,-,-,3026.0000,3023.2000,3022.2000,3022.0000,3021.2000,3028.4000,3028.6000,3028.8000,3029.2000,3029.4000,1,1,1,2,1,1,1,1,1,1
SF,IH2002,2019-12-30 09:36:50.700,3026.0000,972,0,39925260.000,0,-,-,-,-,3026.0000,3023.2000,3022.2000,3022.0000,3021.2000,3028.4000,3028.6000,3028.8000,3029.2000,3029.4000,1,1,1,2,1,1,1,1,1,1
SF,IH2002,2019-12-30 09:36:51.200,3026.0000,972,0,39925260.000,0,-,-,-,-,3026.0000,3023.2000,3022.2000,3022.0000,3021.2000,3028.2000,3028.4000,3028.8000,3029.2000,3029.4000,1,1,1,2,1,1,1,1,1,1
SF,IH2002,2019-12-30 09:36:51.700,3026.0000,972,0,39925260.000,0,-,-,-,-,3026.0000,3023.2000,3022.2000,3022.0000,3021.2000,3028.0000,3028.2000,3028.4000,3028.8000,3029.2000,1,1,1,2,1,1,1,1,1,1
SF,IH2002,2019-12-30 09:36:52.200,3026.0000,972,0,39925260.000,0,-,-,-,-,3026.0000,3023.2000,3022.2000,3022.0000,3021.2000,3028.0000,3028.4000,3028.8000,3029.2000,3029.4000,1,1,1,2,1,1,1,1,1,1
SF,IH2002,2019-12-30 09:36:58.700,3028.0000,972,0,40833660.000,1,0,1,多换,S,3028.0000,3026.0000,3023.2000,3022.2000,3022.0000,3028.4000,3028.8000,3029.2000,3029.4000,3032.2000,1,1,1,1,2,1,1,1,1,1
SF,IH2002,2019-12-30 09:36:59.200,3028.0000,972,0,40833660.000,0,-,-,-,-,3028.0000,3026.0000,3023.2000,3022.2000,3022.0000,3028.8000,3029.2000,3029.4000,3032.2000,3032.4000,1,1,1,1,2,1,1,1,1,5
SF,IH2002,2019-12-30 09:37:00.700,3028.0000,972,0,40833660.000,0,-,-,-,-,3028.0000,3026.0000,3023.2000,3022.2000,3022.0000,3028.8000,3029.2000,3029.4000,3032.2000,3032.4000,1,1,1,1,2,1,1,1,1,5
SF,IH2002,2019-12-30 09:37:01.700,3028.0000,972,0,40833660.000,0,-,-,-,-,3028.0000,3026.0000,3023.2000,3022.2000,3022.0000,3028.8000,3029.2000,3029.4000,3032.4000,3040.6000,1,1,1,1,2,1,1,1,5,1
SF,IH2002,2019-12-30 09:37:02.700,3028.0000,972,0,40833660.000,0,-,-,-,-,3028.0000,3026.0000,3023.2000,3022.2000,3022.0000,3029.2000,3029.4000,3032.4000,3040.6000,3043.8000,1,1,1,1,2,1,1,5,1,1
SF,IH2002,2019-12-30 09:37:03.200,3028.0000,972,0,40833660.000,0,-,-,-,-,3028.0000,3026.0000,3023.2000,3022.2000,3022.0000,3036.2000,3040.6000,3043.8000,3045.0000,3250.2000,1,1,1,1,2,5,1,1,1,3
SF,IH2002,2019-12-30 09:37:03.700,3028.0000,972,0,41742060.000,1,0,1,多换,S,3026.0000,3023.2000,3022.2000,3022.0000,3021.2000,3029.4000,3034.2000,3036.0000,3036.2000,3040.6000,1,1,1,2,1,1,3,1,5,1
SF,IH2002,2019-12-30 09:37:04.200,3028.0000,972,0,41742060.000,0,-,-,-,-,3028.2000,3026.4000,3026.2000,3026.0000,3023.2000,3029.4000,3036.0000,3036.2000,3040.6000,3043.8000,1,1,5,1,1,1,2,5,1,1
SF,IH2002,2019-12-30 09:37:04.700,3028.0000,972,0,41742060.000,0,-,-,-,-,3028.2000,3026.2000,3026.0000,3023.2000,3022.2000,3029.4000,3036.0000,3036.2000,3040.6000,3043.8000,1,2,1,1,1,1,2,5,1,1
SF,IH2002,2019-12-30 09:37:05.200,3028.0000,972,0,41742060.000,0,-,-,-,-,3026.2000,3026.0000,3023.2000,3022.2000,3022.0000,3029.4000,3036.0000,3036.2000,3040.6000,3043.8000,2,1,1,1,2,1,2,5,1,1
SF,IH2002,2019-12-30 09:37:05.700,3028.0000,972,0,41742060.000,0,-,-,-,-,3026.6000,3026.4000,3026.2000,3026.0000,3023.2000,3029.4000,3036.0000,3036.2000,3040.6000,3043.8000,1,1,2,1,1,1,2,5,1,1
SF,IH2002,2019-12-30 09:37:06.200,3028.0000,972,0,41742060.000,0,-,-,-,-,3026.8000,3026.4000,3026.2000,3026.0000,3023.2000,3029.4000,3036.0000,3036.2000,3040.6000,3043.8000,1,2,1,1,1,1,2,5,1,1
SF,IH2002,2019-12-30 09:37:06.700,3028.0000,972,0,41742060.000,0,-,-,-,-,3026.8000,3026.4000,3026.0000,3023.2000,3022.2000,3029.4000,3036.0000,3036.2000,3040.6000,3043.8000,1,2,1,1,1,1,2,5,1,1
SF,IH2002,2019-12-30 09:37:07.200,3028.0000,972,0,41742060.000,0,-,-,-,-,3027.0000,3026.8000,3026.4000,3026.0000,3023.2000,3029.4000,3036.0000,3036.2000,3040.6000,3043.8000,1,1,2,1,1,1,1,5,1,1
SF,IH2002,2019-12-30 09:37:07.700,3028.0000,972,0,41742060.000,0,-,-,-,-,3027.2000,3027.0000,3026.4000,3026.0000,3023.2000,3029.4000,3036.0000,3036.2000,3040.6000,3043.8000,1,1,2,1,1,1,1,5,1,1
SF,IH2002,2019-12-30 09:37:08.200,3028.0000,972,0,41742060.000,0,-,-,-,-,3027.2000,3027.0000,3026.4000,3026.0000,3023.2000,3028.6000,3029.4000,3035.0000,3036.0000,3036.2000,1,1,1,1,1,1,1,1,1,5
SF,IH2002,2019-12-30 09:37:08.700,3028.0000,972,0,41742060.000,0,-,-,-,-,3027.4000,3027.2000,3026.0000,3023.2000,3022.2000,3028.6000,3029.4000,3035.0000,3036.0000,3036.2000,1,1,1,1,1,1,1,1,1,5
SF,IH2002,2019-12-30 09:37:14.700,3028.0000,972,0,41742060.000,0,-,-,-,-,3027.4000,3027.2000,3026.0000,3023.2000,3022.2000,3028.6000,3029.4000,3033.8000,3036.0000,3036.2000,1,1,1,1,1,1,1,3,1,5
SF,IH2002,2019-12-30 09:37:20.200,3028.0000,972,0,41742060.000,0,-,-,-,-,3027.4000,3027.2000,3026.0000,3023.2000,3022.2000,3029.4000,3033.8000,3036.0000,3036.2000,3040.6000,1,1,1,1,1,1,3,1,5,1
SF,IH2002,2019-12-30 09:37:20.700,3028.0000,972,0,41742060.000,0,-,-,-,-,3027.2000,3026.0000,3023.2000,3022.2000,3022.0000,3029.4000,3033.8000,3036.0000,3036.2000,3040.6000,1,1,1,1,2,1,3,1,5,1
SF,IH2002,2019-12-30 09:37:21.200,3028.0000,972,0,41742060.000,0,-,-,-,-,3027.4000,3027.2000,3026.0000,3023.2000,3022.2000,3029.4000,3033.8000,3036.0000,3036.2000,3040.6000,1,1,1,1,1,1,3,1,5,1
SF,IH2002,2019-12-30 09:37:22.200,3028.0000,972,0,41742060.000,0,-,-,-,-,3027.4000,3027.2000,3026.0000,3023.2000,3022.2000,3029.2000,3029.4000,3033.8000,3036.0000,3036.2000,1,1,1,1,1,1,1,3,1,5
SF,IH2002,2019-12-30 09:37:23.200,3028.0000,972,0,41742060.000,0,-,-,-,-,3027.2000,3026.0000,3023.2000,3022.2000,3022.0000,3029.2000,3029.4000,3033.8000,3036.0000,3036.2000,1,1,1,1,2,1,1,3,1,5
SF,IH2002,2019-12-30 09:37:23.700,3028.0000,972,0,41742060.000,0,-,-,-,-,3027.6000,3027.2000,3026.0000,3023.2000,3022.2000,3029.2000,3029.4000,3033.8000,3036.0000,3036.2000,1,1,1,1,1,1,1,3,1,5
