市场代码,合约代码,时间,最新,持仓,增仓,成交额,成交量,开仓,平仓,成交类型,方向,买一价,买二价,买三价,买四价,买五价,卖一价,卖二价,卖三价,卖四价,卖五价,买一量,买二量,买三量,买四量,买五量,卖一量,卖二量,卖三量,卖四量,卖五量
SF,IH2012,2020-08-20 09:29:00.000,3253.0000,18470,0,5855400.000,6.000,-,-,-,-,3250.2000,3250.0000,3249.4000,3244.6000,3234.8000,3253.2000,3254.4000,3255.2000,3257.8000,3258.0000,1,6,1,1,1,41,1,4,1,1
SF,IH2012,2020-08-20 09:30:00.500,3250.0000,18472,2,13658040.000,8,5,3,空开,S,3250.0000,3249.8000,3249.4000,3245.8000,3244.6000,3250.2000,3252.6000,3253.2000,3254.4000,3257.8000,3,1,1,1,1,1,1,40,1,1
SF,IH2012,2020-08-20 09:30:01.000,3250.0000,18468,-4,19508160.000,6,1,5,多平,S,3250.6000,3250.2000,3250.0000,3249.8000,3245.8000,3252.6000,3253.2000,3254.4000,3257.8000,3262.4000,1,1,5,1,1,1,40,1,1,1
SF,IH2012,2020-08-20 09:30:01.500,3250.2000,18463,-5,26335740.000,7,1,6,多平,S,3250.0000,3249.8000,3245.8000,3243.0000,3240.2000,3252.0000,3252.2000,3252.4000,3253.2000,3254.4000,5,1,1,1,1,2,1,2,40,1
SF,IH2012,2020-08-20 09:30:02.000,3250.2000,18461,-2,30235800.000,4,1,3,多平,S,3250.2000,3250.0000,3249.8000,3245.8000,3245.2000,3251.8000,3252.0000,3252.2000,3253.2000,3256.6000,1,3,1,1,1,2,2,1,40,1
SF,IH2012,2020-08-20 09:30:02.500,3250.0000,18461,0,36085800.000,6,3,3,多换,S,3245.8000,3245.2000,3243.0000,3240.2000,3232.2000,3251.2000,3251.4000,3251.8000,3252.2000,3253.2000,1,1,1,1,1,3,1,2,1,40
SF,IH2012,2020-08-20 09:30:03.000,3250.0000,18461,0,36085800.000,0,-,-,-,-,3246.2000,3246.0000,3245.8000,3243.0000,3240.2000,3248.0000,3250.6000,3250.8000,3251.0000,3251.2000,3,1,2,1,1,1,1,1,3,2
SF,IH2012,2020-08-20 09:30:03.500,3246.4000,18457,-4,41930580.000,6,1,5,多平,S,3245.8000,3243.0000,3240.2000,3232.2000,3230.0000,3247.4000,3247.8000,3248.0000,3250.6000,3251.0000,1,1,1,1,2,1,1,1,1,2
SF,IH2012,2020-08-20 09:30:04.000,3245.8000,18457,0,42904320.000,1,0,1,多换,S,3243.0000,3240.2000,3232.2000,3230.0000,3222.0000,3247.0000,3247.4000,3247.8000,3250.6000,3251.0000,1,1,1,2,1,3,1,1,1,1
SF,IH2012,2020-08-20 09:30:04.500,3246.6000,18456,-1,44852160.000,2,0,2,多平,S,3245.6000,3243.4000,3243.2000,3243.0000,3240.2000,3246.6000,3246.8000,3247.4000,3248.2000,3250.6000,1,2,1,1,1,1,2,1,1,1
SF,IH2012,2020-08-20 09:30:05.000,3246.6000,18454,-2,48747540.000,4,1,3,多平,S,3243.2000,3243.0000,3240.2000,3232.2000,3230.0000,3248.2000,3250.6000,3251.0000,3253.2000,3256.6000,1,1,1,1,2,1,1,1,40,1
SF,IH2012,2020-08-20 09:30:05.500,3246.6000,18454,0,48747540.000,0,-,-,-,-,3243.8000,3243.6000,3243.4000,3243.2000,3243.0000,3245.6000,3247.8000,3248.0000,3250.6000,3253.2000,1,2,1,2,1,1,2,2,1,40
SF,IH2012,2020-08-20 09:30:06.000,3243.8000,18454,0,49720680.000,1,0,1,多换,S,3243.6000,3243.4000,3243.2000,3243.0000,3240.2000,3245.4000,3245.6000,3247.8000,3248.0000,3250.6000,1,1,2,1,1,2,1,2,1,1
SF,IH2012,2020-08-20 09:30:06.500,3245.4000,18455,1,51667860.000,2,1,1,空开,S,3243.8000,3243.6000,3243.4000,3243.2000,3243.0000,3245.4000,3245.6000,3247.8000,3248.0000,3250.0000,1,1,1,1,1,1,1,2,1,1
SF,IH2012,2020-08-20 09:30:07.000,3245.4000,18455,0,51667860.000,0,-,-,-,-,3243.8000,3243.6000,3243.0000,3240.4000,3240.2000,3245.0000,3245.2000,3245.4000,3245.6000,3247.8000,1,1,1,1,1,1,2,1,1,2
SF,IH2012,2020-08-20 09:30:07.500,3244.8000,18451,-4,56534400.000,5,0,5,多平,S,3243.0000,3240.4000,3240.2000,3232.2000,3230.0000,3244.8000,3245.4000,3245.6000,3247.8000,3248.0000,1,1,1,1,2,2,1,1,2,1
SF,IH2012,2020-08-20 09:30:08.000,3244.6000,18449,-2,59454120.000,3,0,3,多平,S,3243.0000,3240.2000,3237.8000,3232.2000,3230.0000,3244.6000,3244.8000,3245.6000,3247.8000,3248.0000,2,1,1,1,2,1,2,1,2,1
SF,IH2012,2020-08-20 09:30:08.500,3243.2000,18448,-1,60427080.000,1,0,1,双平,S,3243.0000,3240.2000,3237.8000,3236.8000,3232.2000,3243.8000,3244.4000,3244.6000,3245.6000,3247.8000,1,1,1,1,1,1,2,1,1,2
SF,IH2012,2020-08-20 09:30:09.000,3243.8000,18444,-4,65292780.000,5,0,5,多平,S,3243.2000,3243.0000,3240.2000,3237.8000,3236.8000,3243.6000,3244.6000,3245.6000,3247.8000,3250.0000,1,2,1,1,1,1,1,1,2,2
SF,IH2012,2020-08-20 09:30:09.500,3243.0000,18439,-5,71130960.000,6,0,6,多平,S,3240.2000,3237.8000,3236.8000,3232.2000,3230.0000,3243.0000,3245.6000,3246.2000,3247.8000,3250.0000,1,1,1,1,2,2,1,1,1,2
SF,IH2012,2020-08-20 09:30:10.000,3243.0000,18437,-2,74049660.000,3,0,3,多平,S,3240.6000,3240.4000,3240.2000,3237.8000,3236.8000,3245.6000,3246.2000,3247.8000,3250.0000,3250.6000,4,4,2,1,1,1,1,1,2,1
SF,IH2012,2020-08-20 09:30:10.500,3243.0000,18437,0,74049660.000,0,-,-,-,-,3243.6000,3241.0000,3240.8000,3240.6000,3240.4000,3245.4000,3245.6000,3246.2000,3247.8000,3250.0000,1,2,2,4,2,1,1,1,1,2
SF,IH2012,2020-08-20 09:30:11.000,3243.6000,18436,-1,75022740.000,1,0,1,双平,S,3243.8000,3241.0000,3240.8000,3240.6000,3240.4000,3245.2000,3245.4000,3245.6000,3246.2000,3247.8000,1,1,3,4,2,1,1,1,1,1
SF,IH2012,2020-08-20 09:30:11.500,3245.0000,18432,-4,82802760.000,8,2,6,多平,S,3240.6000,3240.4000,3240.2000,3237.8000,3236.8000,3243.8000,3245.2000,3245.6000,3246.2000,3247.8000,2,2,2,1,1,2,1,1,1,1
SF,IH2012,2020-08-20 09:30:12.000,3243.8000,18429,-3,85722180.000,3,0,3,双平,S,3241.6000,3240.8000,3240.6000,3240.4000,3240.2000,3245.6000,3246.2000,3247.8000,3250.0000,3250.6000,1,5,2,2,2,1,1,1,2,1
SF,IH2012,2020-08-20 09:30:12.500,3245.4000,18429,0,86695800.000,1,0,1,多换,S,3244.2000,3242.2000,3242.0000,3241.8000,3241.6000,3245.6000,3246.2000,3247.8000,3250.0000,3250.6000,1,1,1,4,2,1,1,1,2,1
SF,IH2012,2020-08-20 09:30:13.000,3242.0000,18428,-1,90587940.000,4,1,3,多平,S,3241.8000,3241.6000,3240.8000,3240.4000,3240.2000,3243.8000,3245.4000,3245.6000,3246.2000,3250.0000,3,2,3,2,2,1,1,1,1,2
SF,IH2012,2020-08-20 09:30:13.500,3243.8000,18428,0,91561080.000,1,0,1,多换,S,3243.8000,3242.0000,3241.8000,3241.6000,3240.8000,3245.6000,3246.2000,3250.0000,3250.6000,3253.2000,2,3,4,2,3,1,1,2,1,40
SF,IH2012,2020-08-20 09:30:14.000,3245.4000,18425,-3,94480980.000,3,0,3,双平,S,3241.8000,3241.6000,3240.8000,3240.4000,3240.2000,3245.4000,3245.6000,3246.2000,3250.0000,3250.6000,4,2,1,3,2,3,1,1,2,1
SF,IH2012,2020-08-20 09:30:14.500,3243.8000,18424,-1,95454120.000,1,0,1,双平,S,3243.8000,3241.8000,3241.6000,3240.8000,3240.4000,3245.4000,3245.6000,3246.2000,3250.0000,3250.6000,1,4,2,1,3,2,1,1,2,1
SF,IH2012,2020-08-20 09:30:15.000,3243.8000,18423,-1,97400400.000,2,0,2,多平,S,3241.8000,3241.6000,3240.8000,3240.4000,3240.2000,3243.2000,3245.2000,3245.4000,3245.6000,3246.2000,4,2,1,3,2,1,4,2,1,1
SF,IH2012,2020-08-20 09:30:15.500,3243.8000,18423,0,98373540.000,1,0,1,多换,S,3242.0000,3241.8000,3241.6000,3240.8000,3240.4000,3243.8000,3245.4000,3245.6000,3246.2000,3250.0000,2,2,1,1,3,1,1,1,1,2
SF,IH2012,2020-08-20 09:30:16.000,3240.8000,18418,-5,110045160.000,12,3,9,多平,S,3240.4000,3240.2000,3240.0000,3238.0000,3237.8000,3241.6000,3243.6000,3245.6000,3246.2000,3250.0000,1,1,1,1,1,1,1,1,1,2
SF,IH2012,2020-08-20 09:30:16.500,3241.6000,18417,-1,111017640.000,1,0,1,双平,S,3242.2000,3241.6000,3241.2000,3241.0000,3240.8000,3245.6000,3246.2000,3250.0000,3250.6000,3253.2000,1,1,2,1,1,1,1,2,1,40
SF,IH2012,2020-08-20 09:30:17.000,3241.6000,18417,0,111017640.000,0,-,-,-,-,3242.4000,3241.6000,3240.8000,3240.6000,3240.4000,3245.2000,3245.4000,3245.6000,3246.2000,3250.0000,1,1,1,1,2,2,2,1,1,2
SF,IH2012,2020-08-20 09:30:17.500,3241.6000,18417,0,111017640.000,0,-,-,-,-,3242.6000,3242.4000,3241.6000,3240.8000,3240.6000,3245.0000,3245.4000,3245.6000,3246.2000,3250.0000,1,1,1,1,1,2,1,1,1,2
SF,IH2012,2020-08-20 09:30:18.000,3245.6000,18418,1,111991320.000,1,1,0,双开,S,3245.2000,3243.0000,3242.8000,3242.6000,3241.6000,3246.2000,3250.0000,3250.6000,3253.2000,3256.6000,1,1,2,2,1,1,2,1,40,1
SF,IH2012,2020-08-20 09:30:18.500,3243.0000,18418,0,113937780.000,2,1,1,多换,S,3245.6000,3242.8000,3242.6000,3241.6000,3241.4000,3246.0000,3246.2000,3250.0000,3250.6000,3253.2000,1,1,1,1,1,3,1,2,1,40
SF,IH2012,2020-08-20 09:30:19.000,3245.6000,18418,0,114911460.000,1,0,1,多换,S,3242.8000,3242.6000,3241.6000,3241.4000,3240.8000,3244.0000,3245.6000,3246.0000,3246.2000,3250.0000,1,1,1,1,1,2,1,2,1,2
SF,IH2012,2020-08-20 09:30:19.500,3245.6000,18418,0,114911460.000,0,-,-,-,-,3243.0000,3242.8000,3242.6000,3241.6000,3241.4000,3246.2000,3250.0000,3250.6000,3253.2000,3256.6000,1,1,1,1,1,1,2,1,40,1
SF,IH2012,2020-08-20 09:30:20.000,3245.8000,18418,0,116858940.000,2,1,1,多换,S,3243.4000,3243.2000,3243.0000,3242.6000,3241.6000,3245.8000,3246.0000,3246.2000,3250.0000,3250.6000,1,2,2,1,1,2,1,1,2,1
SF,IH2012,2020-08-20 09:30:20.500,3245.8000,18418,0,116858940.000,0,-,-,-,-,3245.6000,3243.6000,3242.6000,3241.6000,3241.4000,3245.8000,3246.2000,3250.0000,3250.6000,3253.2000,1,2,1,1,1,2,1,2,1,40
SF,IH2012,2020-08-20 09:30:21.000,3245.6000,18416,-2,118806300.000,2,0,2,双平,S,3242.6000,3241.6000,3241.4000,3240.8000,3240.6000,3245.0000,3245.6000,3245.8000,3246.2000,3250.0000,1,1,1,1,1,1,4,2,1,2
SF,IH2012,2020-08-20 09:30:21.500,3245.6000,18416,0,118806300.000,0,-,-,-,-,3242.8000,3241.6000,3241.4000,3240.8000,3240.6000,3244.4000,3244.6000,3244.8000,3245.0000,3245.6000,1,1,1,1,1,1,1,1,1,10
SF,IH2012,2020-08-20 09:30:22.000,3245.6000,18416,0,118806300.000,0,-,-,-,-,3242.8000,3241.6000,3241.4000,3240.8000,3240.6000,3244.4000,3244.6000,3244.8000,3245.0000,3245.6000,1,1,1,1,1,1,1,1,1,9
SF,IH2012,2020-08-20 09:30:22.500,3245.6000,18416,0,119779980.000,1,0,1,多换,S,3244.4000,3242.8000,3241.6000,3241.4000,3240.8000,3244.6000,3244.8000,3245.0000,3245.6000,3246.2000,1,1,1,1,1,1,1,1,9,1
SF,IH2012,2020-08-20 09:30:23.000,3244.4000,18416,0,120753300.000,1,0,1,多换,S,3243.0000,3242.8000,3241.6000,3241.4000,3240.8000,3243.8000,3244.4000,3244.6000,3245.0000,3245.6000,5,2,1,1,1,2,1,1,1,9
SF,IH2012,2020-08-20 09:30:23.500,3244.4000,18416,0,120753300.000,0,-,-,-,-,3243.0000,3242.8000,3241.4000,3240.8000,3240.6000,3244.6000,3245.0000,3245.6000,3246.2000,3249.4000,5,2,1,1,1,1,1,9,1,1
SF,IH2012,2020-08-20 09:30:24.000,3244.4000,18417,1,122699940.000,2,1,1,空开,S,3243.2000,3243.0000,3242.8000,3241.4000,3240.8000,3244.6000,3245.0000,3245.6000,3246.2000,3249.4000,2,5,1,1,1,1,1,9,1,1
SF,IH2012,2020-08-20 09:30:24.500,3244.4000,18417,0,122699940.000,0,-,-,-,-,3243.2000,3243.0000,3242.8000,3241.4000,3240.8000,3244.4000,3244.6000,3245.0000,3245.6000,3246.2000,2,5,1,1,1,2,1,1,9,1
SF,IH2012,2020-08-20 09:30:25.000,3243.2000,18417,0,123672900.000,1,0,1,多换,S,3243.2000,3243.0000,3242.8000,3241.4000,3241.0000,3244.2000,3244.4000,3245.0000,3245.6000,3246.2000,1,5,1,1,1,1,2,1,9,1
SF,IH2012,2020-08-20 09:30:25.500,3243.2000,18417,0,123672900.000,0,-,-,-,-,3243.2000,3243.0000,3242.8000,3241.4000,3241.0000,3244.2000,3244.4000,3245.0000,3245.6000,3246.2000,2,5,1,1,1,1,2,1,9,1
SF,IH2012,2020-08-20 09:30:26.000,3244.4000,18416,-1,125619480.000,2,0,2,多平,S,3243.2000,3243.0000,3242.8000,3241.4000,3241.0000,3244.4000,3245.0000,3245.6000,3246.2000,3249.4000,2,5,1,1,1,1,1,9,1,1
SF,IH2012,2020-08-20 09:30:26.500,3243.2000,18416,0,128538360.000,3,1,2,多换,S,3243.0000,3242.8000,3241.4000,3241.0000,3240.8000,3243.2000,3244.4000,3245.0000,3245.6000,3246.2000,5,1,1,1,1,2,1,1,9,1
SF,IH2012,2020-08-20 09:30:27.000,3243.2000,18416,0,130484280.000,2,1,1,多换,S,3243.0000,3242.8000,3242.6000,3241.4000,3241.0000,3243.2000,3244.4000,3245.0000,3246.2000,3249.4000,5,1,1,1,1,2,1,1,1,1
SF,IH2012,2020-08-20 09:30:27.500,3243.0000,18421,5,137294700.000,7,6,1,空开,S,3242.8000,3242.6000,3241.0000,3240.8000,3240.6000,3243.0000,3244.4000,3245.0000,3246.2000,3249.4000,1,1,1,1,1,4,1,1,1,1
SF,IH2012,2020-08-20 09:30:28.000,3243.0000,18420,-1,142159200.000,5,2,3,多平,S,3243.0000,3242.8000,3242.6000,3241.0000,3240.8000,3244.4000,3245.0000,3246.2000,3249.4000,3250.0000,1,1,1,1,1,1,1,1,1,2
SF,IH2012,2020-08-20 09:30:28.500,3244.4000,18419,-1,143132520.000,1,0,1,双平,S,3243.2000,3243.0000,3242.8000,3242.6000,3241.0000,3245.0000,3246.2000,3249.4000,3250.0000,3250.6000,2,1,1,1,1,1,1,1,2,1
SF,IH2012,2020-08-20 09:30:29.000,3244.4000,18419,0,143132520.000,0,-,-,-,-,3243.4000,3243.2000,3243.0000,3242.8000,3242.6000,3244.8000,3245.0000,3246.2000,3249.4000,3250.0000,2,4,2,1,1,2,1,1,1,2
SF,IH2012,2020-08-20 09:30:29.500,3244.4000,18419,0,143132520.000,0,-,-,-,-,3243.4000,3243.2000,3243.0000,3242.8000,3242.6000,3244.8000,3245.0000,3246.2000,3249.4000,3250.0000,3,4,4,1,1,2,1,1,1,2
SF,IH2012,2020-08-20 09:30:30.000,3244.4000,18419,0,143132520.000,0,-,-,-,-,3243.4000,3243.2000,3243.0000,3242.8000,3242.6000,3244.8000,3245.0000,3246.2000,3249.4000,3250.0000,3,4,4,1,1,1,1,1,1,2
SF,IH2012,2020-08-20 09:30:30.500,3244.8000,18418,-1,144105960.000,1,0,1,双平,S,3244.8000,3244.6000,3243.6000,3243.4000,3243.2000,3246.2000,3249.4000,3250.0000,3250.6000,3253.2000,2,2,2,2,4,1,1,1,1,41
SF,IH2012,2020-08-20 09:30:31.000,3244.8000,18417,-1,145079400.000,1,0,1,双平,S,3244.8000,3243.6000,3243.4000,3243.2000,3243.0000,3246.0000,3246.2000,3249.4000,3250.0000,3250.6000,1,3,2,4,5,1,1,1,1,1
SF,IH2012,2020-08-20 09:30:31.500,3244.8000,18416,-1,146052840.000,1,0,1,双平,S,3243.6000,3243.4000,3243.2000,3243.0000,3242.8000,3245.8000,3246.0000,3246.2000,3249.4000,3250.0000,1,2,5,5,1,2,1,1,1,1
SF,IH2012,2020-08-20 09:30:32.000,3244.8000,18416,0,146052840.000,0,-,-,-,-,3243.8000,3243.4000,3243.2000,3243.0000,3242.8000,3244.8000,3245.8000,3246.2000,3249.4000,3250.0000,2,1,5,5,1,3,1,1,1,1
SF,IH2012,2020-08-20 09:30:32.500,3244.0000,18413,-3,149946360.000,4,0,4,多平,S,3244.0000,3243.8000,3243.4000,3243.2000,3243.0000,3246.2000,3249.4000,3250.0000,3250.6000,3253.2000,2,1,1,5,5,1,1,1,1,41
SF,IH2012,2020-08-20 09:30:33.000,3244.0000,18413,0,149946360.000,0,-,-,-,-,3244.2000,3244.0000,3243.4000,3243.2000,3243.0000,3246.2000,3249.4000,3250.0000,3250.6000,3253.2000,3,4,1,5,5,1,1,1,1,41
SF,IH2012,2020-08-20 09:30:33.500,3244.0000,18413,0,149946360.000,0,-,-,-,-,3244.2000,3244.0000,3243.4000,3243.2000,3243.0000,3246.2000,3249.4000,3250.0000,3250.6000,3253.2000,4,4,1,5,5,1,1,1,1,41
SF,IH2012,2020-08-20 09:30:34.000,3244.0000,18413,0,149946360.000,0,-,-,-,-,3244.2000,3244.0000,3243.4000,3243.2000,3243.0000,3246.0000,3246.2000,3246.6000,3249.4000,3250.0000,3,3,1,5,5,2,1,1,1,1
SF,IH2012,2020-08-20 09:30:34.500,3245.8000,18413,0,150920100.000,1,0,1,多换,S,3244.2000,3244.0000,3243.4000,3243.2000,3243.0000,3246.0000,3246.2000,3246.6000,3249.4000,3250.0000,3,1,1,5,5,2,1,1,1,1
SF,IH2012,2020-08-20 09:30:35.000,3245.8000,18413,0,151893840.000,1,0,1,多换,S,3244.8000,3244.2000,3244.0000,3243.4000,3243.2000,3246.0000,3246.2000,3246.6000,3249.4000,3250.0000,1,3,1,1,5,2,1,1,1,1
SF,IH2012,2020-08-20 09:30:35.500,3244.8000,18413,0,152867280.000,1,0,1,多换,S,3245.0000,3244.2000,3244.0000,3243.4000,3243.2000,3245.8000,3246.0000,3246.2000,3246.6000,3249.4000,1,2,1,1,5,1,2,1,1,1
SF,IH2012,2020-08-20 09:30:36.000,3245.6000,18412,-1,154814640.000,2,0,2,多平,S,3245.0000,3244.2000,3244.0000,3243.4000,3243.2000,3245.8000,3246.2000,3246.6000,3249.4000,3250.0000,1,3,1,1,5,1,1,1,1,1
SF,IH2012,2020-08-20 09:30:36.500,3246.2000,18411,-1,157735740.000,3,1,2,多平,S,3244.6000,3244.2000,3244.0000,3243.4000,3243.2000,3246.6000,3249.4000,3250.0000,3250.6000,3253.2000,1,3,1,1,5,1,1,1,1,41
SF,IH2012,2020-08-20 09:30:37.000,3246.4000,18410,-1,158709660.000,1,0,1,双平,S,3246.0000,3244.8000,3244.6000,3244.2000,3244.0000,3246.6000,3249.4000,3250.0000,3250.6000,3253.2000,1,3,1,2,1,1,1,1,1,41
SF,IH2012,2020-08-20 09:30:37.500,3246.2000,18409,-1,160657320.000,2,0,2,多平,S,3244.8000,3244.6000,3244.2000,3244.0000,3243.4000,3246.6000,3249.4000,3250.0000,3250.6000,3253.2000,2,1,2,1,1,1,1,1,1,41
SF,IH2012,2020-08-20 09:30:38.000,3245.0000,18408,-1,161630820.000,1,0,1,双平,S,3245.0000,3244.8000,3244.6000,3244.2000,3244.0000,3246.4000,3246.6000,3249.4000,3250.0000,3250.6000,1,2,1,2,1,1,1,1,1,1
SF,IH2012,2020-08-20 09:30:38.500,3245.0000,18407,-1,162604320.000,1,0,1,双平,S,3244.8000,3244.6000,3244.2000,3244.0000,3243.4000,3246.4000,3246.6000,3249.4000,3250.0000,3250.6000,2,1,2,1,1,1,1,1,1,1
SF,IH2012,2020-08-20 09:30:39.500,3246.4000,18407,0,163578240.000,1,0,1,多换,S,3244.8000,3244.6000,3244.2000,3244.0000,3243.4000,3246.2000,3246.6000,3249.4000,3250.0000,3250.6000,2,1,2,1,1,2,1,1,1,1
SF,IH2012,2020-08-20 09:30:40.000,3246.4000,18407,0,165526080.000,2,1,1,多换,S,3246.4000,3245.0000,3244.8000,3244.6000,3244.2000,3246.6000,3249.4000,3250.0000,3250.6000,3253.2000,1,3,2,1,2,1,1,1,1,41
SF,IH2012,2020-08-20 09:30:40.500,3246.6000,18406,-1,167473980.000,2,0,2,多平,S,3246.4000,3245.0000,3244.8000,3244.6000,3244.2000,3249.4000,3250.0000,3250.6000,3253.2000,3256.6000,1,2,2,1,2,1,1,1,41,1
SF,IH2012,2020-08-20 09:30:41.000,3246.6000,18406,0,167473980.000,0,-,-,-,-,3246.6000,3246.4000,3246.2000,3245.6000,3245.0000,3248.0000,3248.2000,3249.0000,3249.2000,3249.4000,1,1,1,1,1,1,1,4,5,1
SF,IH2012,2020-08-20 09:30:41.500,3246.6000,18405,-1,168447960.000,1,0,1,双平,S,3246.6000,3246.4000,3246.2000,3245.6000,3245.0000,3247.4000,3247.8000,3248.0000,3248.2000,3249.0000,1,1,1,1,1,1,3,1,1,3
SF,IH2012,2020-08-20 09:30:42.000,3246.2000,18405,0,171369720.000,3,1,2,多换,S,3245.6000,3245.0000,3244.6000,3244.2000,3244.0000,3247.2000,3247.4000,3247.8000,3248.0000,3248.2000,1,1,1,1,1,1,1,1,1,1
SF,IH2012,2020-08-20 09:30:42.500,3246.2000,18405,0,171369720.000,0,-,-,-,-,3245.6000,3245.0000,3244.6000,3244.2000,3244.0000,3247.2000,3247.4000,3247.8000,3248.0000,3248.2000,1,1,1,1,1,2,1,1,1,1
SF,IH2012,2020-08-20 09:30:43.000,3247.0000,18406,1,172343820.000,1,1,0,双开,S,3245.6000,3245.0000,3244.6000,3244.2000,3244.0000,3247.2000,3247.4000,3247.8000,3248.0000,3248.2000,1,1,1,1,1,2,1,1,1,1
SF,IH2012,2020-08-20 09:30:43.500,3247.0000,18406,0,172343820.000,0,-,-,-,-,3245.8000,3245.6000,3245.0000,3244.6000,3244.2000,3247.2000,3247.4000,3247.8000,3248.0000,3248.2000,2,1,1,1,1,2,1,1,1,1
SF,IH2012,2020-08-20 09:30:44.000,3247.2000,18406,0,173317980.000,1,0,1,多换,S,3245.8000,3245.6000,3244.6000,3244.2000,3244.0000,3247.2000,3247.4000,3247.8000,3248.0000,3248.2000,2,1,1,1,1,1,1,1,1,1
SF,IH2012,2020-08-20 09:30:44.500,3247.2000,18406,0,173317980.000,0,-,-,-,-,3245.8000,3245.6000,3244.6000,3244.2000,3244.0000,3247.0000,3247.2000,3247.4000,3247.8000,3248.0000,2,1,1,1,1,1,1,1,1,1
SF,IH2012,2020-08-20 09:30:45.000,3245.8000,18404,-2,176239560.000,3,0,3,多平,S,3247.2000,3245.6000,3244.6000,3244.2000,3244.0000,3247.4000,3247.8000,3248.0000,3248.2000,3249.0000,1,1,1,1,1,1,1,1,1,3
SF,IH2012,2020-08-20 09:30:45.500,3247.4000,18403,-1,181110360.000,5,2,3,多平,S,3245.6000,3244.6000,3244.2000,3244.0000,3243.4000,3247.8000,3248.0000,3249.2000,3249.4000,3250.0000,1,1,1,1,1,1,1,2,1,1
SF,IH2012,2020-08-20 09:30:46.000,3247.6000,18402,-1,183058980.000,2,0,2,多平,S,3247.6000,3245.8000,3245.6000,3244.6000,3244.2000,3248.0000,3249.2000,3249.4000,3250.0000,3253.2000,1,3,2,1,1,1,2,1,1,41
SF,IH2012,2020-08-20 09:30:46.500,3247.6000,18401,-1,184033260.000,1,0,1,双平,S,3245.8000,3245.6000,3244.6000,3244.2000,3244.0000,3247.6000,3248.0000,3249.2000,3249.4000,3250.0000,5,1,1,1,1,1,1,2,1,1
SF,IH2012,2020-08-20 09:30:47.000,3247.6000,18401,0,184033260.000,0,-,-,-,-,3246.0000,3245.8000,3245.6000,3244.6000,3244.2000,3247.6000,3248.0000,3249.2000,3249.4000,3250.0000,2,5,1,1,1,1,1,2,1,1
SF,IH2012,2020-08-20 09:30:47.500,3247.6000,18401,0,184033260.000,0,-,-,-,-,3246.2000,3246.0000,3245.8000,3245.6000,3244.6000,3247.6000,3248.0000,3249.2000,3249.4000,3250.0000,2,2,4,1,1,1,1,2,1,1
SF,IH2012,2020-08-20 09:30:48.000,3247.6000,18403,2,186955680.000,3,2,1,空开,S,3246.4000,3246.2000,3245.8000,3245.6000,3244.6000,3248.0000,3249.4000,3250.0000,3253.2000,3256.6000,1,2,4,1,1,1,1,1,41,1
SF,IH2012,2020-08-20 09:30:48.500,3247.8000,18404,1,187930020.000,1,1,0,双开,S,3246.6000,3245.8000,3245.6000,3244.6000,3244.2000,3247.8000,3248.0000,3249.4000,3250.0000,3253.2000,1,3,1,1,1,2,1,1,1,41
SF,IH2012,2020-08-20 09:30:49.000,3246.6000,18403,-1,189877980.000,2,0,2,多平,S,3245.8000,3245.6000,3244.6000,3244.2000,3244.0000,3248.0000,3249.4000,3253.2000,3256.6000,3257.8000,3,1,1,1,1,1,1,41,1,1
SF,IH2012,2020-08-20 09:30:49.500,3246.0000,18401,-2,192799380.000,3,0,3,多平,S,3245.8000,3245.6000,3244.6000,3244.2000,3244.0000,3246.0000,3247.6000,3248.0000,3249.4000,3253.2000,3,1,1,1,1,5,1,2,1,41
SF,IH2012,2020-08-20 09:30:50.000,3246.0000,18394,-7,199616460.000,7,0,7,双平,S,3246.0000,3245.8000,3245.6000,3244.6000,3244.2000,3248.0000,3249.4000,3253.2000,3256.6000,3257.8000,1,2,1,1,1,1,1,41,1,1
SF,IH2012,2020-08-20 09:30:50.500,3246.0000,18394,0,200590260.000,1,0,1,多换,S,3245.8000,3245.6000,3244.6000,3244.2000,3244.0000,3247.8000,3248.0000,3249.4000,3253.2000,3256.6000,2,1,1,1,1,3,1,1,41,1
SF,IH2012,2020-08-20 09:30:51.000,3245.8000,18392,-2,202537800.000,2,0,2,双平,S,3245.8000,3245.6000,3244.6000,3244.2000,3244.0000,3247.6000,3247.8000,3248.0000,3249.4000,3253.2000,1,1,1,1,1,1,3,1,1,41
SF,IH2012,2020-08-20 09:30:51.500,3245.8000,18392,0,203511540.000,1,0,1,多换,S,3245.8000,3245.6000,3244.6000,3244.2000,3244.0000,3247.4000,3247.6000,3248.0000,3248.2000,3249.4000,1,1,1,1,1,3,1,1,1,1
SF,IH2012,2020-08-20 09:30:52.000,3245.8000,18392,0,203511540.000,0,-,-,-,-,3246.0000,3245.8000,3245.6000,3244.6000,3244.2000,3247.4000,3247.6000,3248.0000,3249.4000,3253.2000,2,1,1,1,1,3,1,1,1,41
SF,IH2012,2020-08-20 09:30:52.500,3247.4000,18393,1,205459500.000,2,1,1,空开,S,3246.4000,3246.2000,3246.0000,3245.8000,3245.6000,3247.4000,3247.6000,3248.0000,3249.4000,3253.2000,1,1,1,1,1,2,1,1,1,41
SF,IH2012,2020-08-20 09:30:53.000,3246.4000,18393,0,206433420.000,1,0,1,多换,S,3245.8000,3245.6000,3244.6000,3244.2000,3244.0000,3247.4000,3248.0000,3249.4000,3253.2000,3256.6000,1,1,1,1,1,2,1,1,41,1
SF,IH2012,2020-08-20 09:30:53.500,3246.4000,18393,0,206433420.000,0,-,-,-,-,3246.0000,3245.8000,3245.6000,3244.2000,3244.0000,3247.4000,3248.0000,3249.4000,3253.2000,3256.6000,1,1,1,1,1,2,1,1,41,1
SF,IH2012,2020-08-20 09:30:54.500,3246.4000,18393,0,206433420.000,0,-,-,-,-,3246.0000,3245.8000,3245.6000,3244.2000,3244.0000,3247.4000,3248.0000,3249.4000,3253.2000,3256.6000,2,1,1,1,1,2,1,1,41,1
SF,IH2012,2020-08-20 09:30:55.000,3247.4000,18393,0,207407640.000,1,0,1,多换,S,3246.2000,3246.0000,3245.8000,3245.6000,3244.2000,3247.4000,3248.0000,3249.4000,3253.2000,3256.4000,4,3,1,1,1,1,1,1,41,1
SF,IH2012,2020-08-20 09:30:55.500,3247.4000,18393,0,207407640.000,0,-,-,-,-,3246.4000,3246.2000,3246.0000,3245.8000,3245.6000,3247.4000,3248.0000,3249.4000,3253.2000,3256.4000,2,4,2,1,1,1,1,1,41,1
SF,IH2012,2020-08-20 09:30:56.000,3247.4000,18393,0,208381860.000,1,0,1,多换,S,3246.4000,3246.2000,3246.0000,3245.8000,3245.6000,3247.4000,3248.0000,3249.4000,3253.2000,3256.4000,2,3,1,1,1,1,1,1,41,1
SF,IH2012,2020-08-20 09:30:56.500,3247.4000,18392,-1,209356080.000,1,0,1,双平,S,3246.4000,3246.2000,3246.0000,3245.8000,3245.6000,3248.0000,3249.4000,3253.2000,3256.4000,3256.6000,2,3,1,1,1,1,1,41,1,1
SF,IH2012,2020-08-20 09:30:57.000,3247.4000,18392,0,209356080.000,0,-,-,-,-,3248.0000,3246.8000,3246.4000,3246.2000,3246.0000,3249.4000,3253.2000,3256.4000,3256.6000,3257.8000,1,1,2,3,1,1,41,1,1,1
SF,IH2012,2020-08-20 09:30:57.500,3248.0000,18391,-1,211304880.000,2,0,2,多平,S,3247.4000,3246.8000,3246.4000,3246.2000,3246.0000,3249.2000,3249.4000,3250.2000,3253.2000,3256.4000,1,1,1,3,1,3,1,1,41,1
SF,IH2012,2020-08-20 09:30:58.000,3248.0000,18391,0,211304880.000,0,-,-,-,-,3247.4000,3246.8000,3246.4000,3246.2000,3246.0000,3249.0000,3249.2000,3249.4000,3250.2000,3253.2000,1,1,1,3,1,1,3,1,1,41
SF,IH2012,2020-08-20 09:30:58.500,3248.0000,18391,0,211304880.000,0,-,-,-,-,3247.6000,3247.4000,3246.8000,3246.2000,3246.0000,3248.0000,3249.0000,3249.2000,3249.4000,3250.2000,2,1,1,3,1,1,1,1,1,1
SF,IH2012,2020-08-20 09:30:59.000,3247.6000,18390,-1,213253560.000,2,0,2,多平,S,3248.0000,3247.6000,3247.4000,3246.8000,3246.2000,3249.0000,3249.2000,3249.4000,3250.2000,3253.2000,1,1,1,1,3,1,1,1,1,41
SF,IH2012,2020-08-20 09:30:59.500,3248.0000,18390,0,214227960.000,1,0,1,多换,S,3247.4000,3246.8000,3246.2000,3246.0000,3245.8000,3248.8000,3249.4000,3250.2000,3253.2000,3256.4000,1,1,1,1,1,1,1,1,41,1
SF,IH2012,2020-08-20 09:31:00.000,3248.0000,18390,0,214227960.000,0,-,-,-,-,3247.4000,3246.8000,3246.2000,3246.0000,3245.8000,3248.6000,3248.8000,3249.4000,3250.2000,3253.2000,1,1,1,1,1,1,1,1,1,41
SF,IH2012,2020-08-20 09:31:00.500,3247.4000,18391,1,215202180.000,1,1,0,双开,S,3246.8000,3246.2000,3246.0000,3245.8000,3245.6000,3248.6000,3248.8000,3249.0000,3249.4000,3250.2000,1,1,1,1,1,1,1,1,1,1
SF,IH2012,2020-08-20 09:31:01.000,3247.4000,18390,-1,216176400.000,1,0,1,双平,S,3247.0000,3246.8000,3246.2000,3246.0000,3245.8000,3248.4000,3248.6000,3249.0000,3249.4000,3250.2000,1,1,1,1,1,2,1,1,1,1
SF,IH2012,2020-08-20 09:31:01.500,3246.8000,18389,-1,218124540.000,2,0,2,多平,S,3246.2000,3246.0000,3245.8000,3245.6000,3245.0000,3246.8000,3248.2000,3248.4000,3249.0000,3249.4000,1,1,1,1,1,1,1,2,1,1
SF,IH2012,2020-08-20 09:31:02.000,3246.8000,18387,-2,220072440.000,2,0,2,双平,S,3246.0000,3245.8000,3245.6000,3245.0000,3244.2000,3248.4000,3249.0000,3249.4000,3250.2000,3253.2000,1,1,1,1,1,2,1,1,1,41
SF,IH2012,2020-08-20 09:31:02.500,3246.0000,18386,-1,221046240.000,1,0,1,双平,S,3245.8000,3245.6000,3245.0000,3244.2000,3244.0000,3248.2000,3248.4000,3249.0000,3249.4000,3250.2000,1,1,1,1,1,1,2,1,1,1
SF,IH2012,2020-08-20 09:31:03.000,3245.8000,18385,-1,222019980.000,1,0,1,双平,S,3247.8000,3245.6000,3245.0000,3244.2000,3244.0000,3248.0000,3248.2000,3249.0000,3249.4000,3250.2000,1,1,1,1,1,2,1,1,1,1
SF,IH2012,2020-08-20 09:31:03.500,3247.8000,18385,0,222994320.000,1,0,1,多换,S,3245.6000,3245.0000,3244.2000,3244.0000,3243.4000,3247.8000,3248.2000,3249.0000,3249.4000,3250.2000,1,1,1,1,1,3,1,1,1,1
SF,IH2012,2020-08-20 09:31:04.000,3247.8000,18385,0,222994320.000,0,-,-,-,-,3245.8000,3245.6000,3245.0000,3244.2000,3244.0000,3247.6000,3247.8000,3248.2000,3249.0000,3249.4000,1,1,1,1,1,1,2,1,1,1
SF,IH2012,2020-08-20 09:31:04.500,3245.6000,18384,-1,225915420.000,3,1,2,多平,S,3245.0000,3244.2000,3244.0000,3243.4000,3243.2000,3247.4000,3247.6000,3247.8000,3248.2000,3249.0000,1,1,1,1,3,4,1,3,1,1
SF,IH2012,2020-08-20 09:31:05.000,3245.8000,18382,-2,227862660.000,2,0,2,双平,S,3244.0000,3243.4000,3243.2000,3243.0000,3242.8000,3245.6000,3247.2000,3247.4000,3247.8000,3248.2000,1,1,3,3,1,1,1,2,3,1
SF,IH2012,2020-08-20 09:31:05.500,3245.8000,18381,-1,228836400.000,1,0,1,双平,S,3244.2000,3244.0000,3243.4000,3243.2000,3243.0000,3247.2000,3247.4000,3247.8000,3248.2000,3249.0000,2,1,1,3,3,1,2,2,1,1
SF,IH2012,2020-08-20 09:31:06.000,3245.8000,18381,0,228836400.000,0,-,-,-,-,3244.4000,3244.2000,3244.0000,3243.4000,3243.2000,3247.2000,3247.4000,3247.8000,3248.2000,3249.0000,1,1,1,1,3,1,1,2,1,1
SF,IH2012,2020-08-20 09:31:06.500,3247.0000,18381,0,230784600.000,2,1,1,多换,S,3247.0000,3246.8000,3244.2000,3244.0000,3243.4000,3247.2000,3247.4000,3247.8000,3248.2000,3249.0000,1,1,1,1,1,2,1,2,1,1
SF,IH2012,2020-08-20 09:31:07.000,3246.8000,18381,0,232732740.000,2,1,1,多换,S,3246.0000,3244.2000,3244.0000,3243.4000,3243.2000,3247.0000,3247.4000,3247.8000,3248.2000,3249.0000,1,1,1,1,3,5,1,2,1,1
SF,IH2012,2020-08-20 09:31:07.500,3246.8000,18381,0,232732740.000,0,-,-,-,-,3246.0000,3244.2000,3244.0000,3243.4000,3243.2000,3246.8000,3247.0000,3247.4000,3247.8000,3248.2000,1,2,1,1,3,1,2,1,2,1
SF,IH2012,2020-08-20 09:31:08.000,3246.8000,18381,0,232732740.000,0,-,-,-,-,3246.0000,3244.4000,3244.2000,3244.0000,3243.4000,3246.6000,3246.8000,3247.4000,3247.8000,3248.2000,1,1,2,1,1,1,1,1,2,1
SF,IH2012,2020-08-20 09:31:08.500,3246.8000,18381,0,232732740.000,0,-,-,-,-,3246.6000,3246.0000,3244.4000,3244.2000,3244.0000,3246.8000,3247.4000,3247.8000,3248.2000,3249.0000,1,1,1,2,1,1,1,2,1,1
SF,IH2012,2020-08-20 09:31:09.000,3246.6000,18380,-1,233706720.000,1,0,1,双平,S,3246.0000,3245.8000,3244.4000,3244.2000,3244.0000,3246.8000,3247.8000,3248.2000,3249.0000,3249.4000,1,1,1,2,1,1,2,1,1,1
SF,IH2012,2020-08-20 09:31:09.500,3246.6000,18380,0,233706720.000,0,-,-,-,-,3246.0000,3245.8000,3245.0000,3244.4000,3244.2000,3246.6000,3246.8000,3247.8000,3248.2000,3249.0000,1,1,1,1,2,1,1,2,1,1
SF,IH2012,2020-08-20 09:31:10.000,3246.8000,18379,-1,235654740.000,2,0,2,多平,S,3246.0000,3245.8000,3245.0000,3244.4000,3244.2000,3247.8000,3248.2000,3249.0000,3249.4000,3250.0000,1,1,1,1,2,2,1,1,1,1
SF,IH2012,2020-08-20 09:31:10.500,3246.8000,18379,0,235654740.000,0,-,-,-,-,3246.6000,3246.2000,3246.0000,3245.8000,3245.0000,3247.6000,3247.8000,3248.2000,3249.0000,3249.4000,3,1,1,1,1,3,2,1,1,1
SF,IH2012,2020-08-20 09:31:11.000,3246.6000,18378,-1,236628720.000,1,0,1,双平,S,3246.6000,3246.0000,3245.8000,3245.0000,3244.4000,3247.4000,3247.6000,3247.8000,3248.2000,3249.0000,2,1,1,1,1,2,2,2,1,1
SF,IH2012,2020-08-20 09:31:11.500,3246.6000,18378,0,236628720.000,0,-,-,-,-,3246.6000,3246.0000,3245.8000,3245.0000,3244.4000,3247.4000,3247.8000,3248.2000,3249.0000,3249.4000,2,1,1,1,1,2,2,1,1,1
SF,IH2012,2020-08-20 09:31:12.000,3246.6000,18378,0,236628720.000,0,-,-,-,-,3246.6000,3246.0000,3245.8000,3245.0000,3244.4000,3247.2000,3247.4000,3247.8000,3248.2000,3249.0000,1,1,1,1,1,1,2,2,1,1
SF,IH2012,2020-08-20 09:31:12.500,3246.0000,18377,-1,239550300.000,3,1,2,多平,S,3245.8000,3245.0000,3244.4000,3244.2000,3244.0000,3247.0000,3247.4000,3247.8000,3248.2000,3249.0000,1,1,1,1,1,1,2,2,1,1
SF,IH2012,2020-08-20 09:31:13.000,3246.0000,18377,0,239550300.000,0,-,-,-,-,3245.8000,3245.0000,3244.4000,3244.2000,3244.0000,3247.0000,3247.4000,3247.8000,3248.0000,3248.2000,1,1,1,1,2,1,2,2,1,1
SF,IH2012,2020-08-20 09:31:13.500,3246.0000,18377,0,239550300.000,0,-,-,-,-,3245.0000,3244.4000,3244.0000,3243.4000,3243.2000,3246.8000,3247.0000,3247.4000,3247.8000,3248.0000,3,1,2,1,3,1,1,2,1,1
SF,IH2012,2020-08-20 09:31:14.000,3246.0000,18377,0,239550300.000,0,-,-,-,-,3245.2000,3245.0000,3244.4000,3244.0000,3243.4000,3246.6000,3246.8000,3247.4000,3247.8000,3248.2000,1,3,1,2,1,2,1,1,1,1
SF,IH2012,2020-08-20 09:31:14.500,3245.2000,18377,0,240523860.000,1,0,1,多换,S,3245.0000,3244.4000,3244.0000,3243.4000,3243.2000,3246.4000,3246.6000,3247.4000,3247.8000,3248.2000,3,1,2,1,3,1,2,1,1,1
SF,IH2012,2020-08-20 09:31:15.000,3245.2000,18377,0,240523860.000,0,-,-,-,-,3245.0000,3244.4000,3244.0000,3243.4000,3243.2000,3246.2000,3246.4000,3246.6000,3247.4000,3247.8000,3,1,2,1,3,1,1,1,1,1
SF,IH2012,2020-08-20 09:31:15.500,3246.0000,18377,0,241497660.000,1,0,1,多换,S,3245.0000,3244.4000,3244.0000,3243.4000,3243.2000,3246.2000,3246.6000,3247.4000,3247.8000,3248.2000,3,1,2,1,3,1,1,1,1,1
SF,IH2012,2020-08-20 09:31:16.000,3246.0000,18377,0,241497660.000,0,-,-,-,-,3245.0000,3244.4000,3244.0000,3243.4000,3243.2000,3246.2000,3246.6000,3247.4000,3247.8000,3248.2000,3,1,2,1,3,1,1,1,1,1
SF,IH2012,2020-08-20 09:31:16.500,3245.0000,18376,-1,242471160.000,1,0,1,双平,S,3245.0000,3244.8000,3244.4000,3244.0000,3243.4000,3246.0000,3246.2000,3246.6000,3247.4000,3247.8000,2,1,1,2,1,1,1,1,1,1
SF,IH2012,2020-08-20 09:31:17.000,3246.0000,18377,1,244418460.000,2,1,1,空开,S,3245.0000,3244.8000,3244.4000,3244.0000,3243.4000,3246.2000,3246.6000,3247.4000,3247.8000,3248.2000,1,1,1,1,1,1,1,1,1,1
SF,IH2012,2020-08-20 09:31:17.500,3246.0000,18377,0,244418460.000,0,-,-,-,-,3245.2000,3245.0000,3244.8000,3244.4000,3244.0000,3246.0000,3246.2000,3246.6000,3247.0000,3247.4000,1,1,1,1,1,2,1,1,1,1
SF,IH2012,2020-08-20 09:31:18.000,3246.0000,18377,0,244418460.000,0,-,-,-,-,3245.0000,3244.8000,3244.4000,3244.0000,3243.4000,3246.0000,3246.2000,3246.6000,3247.0000,3247.4000,1,1,1,1,1,2,1,1,1,1
SF,IH2012,2020-08-20 09:31:18.500,3245.0000,18377,0,245391960.000,1,0,1,多换,S,3244.8000,3244.4000,3244.0000,3243.2000,3243.0000,3245.8000,3246.0000,3246.6000,3247.0000,3247.4000,1,1,1,3,4,1,2,1,1,1
SF,IH2012,2020-08-20 09:31:19.500,3245.8000,18377,0,246365700.000,1,0,1,多换,S,3244.8000,3244.4000,3244.0000,3243.2000,3243.0000,3246.0000,3246.6000,3247.0000,3247.4000,3247.8000,1,1,1,3,4,2,1,1,1,1
SF,IH2012,2020-08-20 09:31:20.000,3244.4000,18374,-3,250259460.000,4,0,4,多平,S,3244.0000,3243.2000,3243.0000,3242.8000,3241.0000,3246.0000,3246.6000,3247.0000,3247.4000,3247.8000,1,3,4,1,2,2,1,1,1,1
SF,IH2012,2020-08-20 09:31:20.500,3244.4000,18374,0,250259460.000,0,-,-,-,-,3244.2000,3244.0000,3243.8000,3243.2000,3243.0000,3245.8000,3246.0000,3247.0000,3247.4000,3247.8000,2,1,1,3,4,1,2,1,1,1
SF,IH2012,2020-08-20 09:31:21.000,3245.8000,18373,-1,251233200.000,1,0,1,双平,S,3244.2000,3244.0000,3243.8000,3243.2000,3243.0000,3246.0000,3247.0000,3247.8000,3248.2000,3249.0000,3,1,1,3,4,2,1,1,1,1
SF,IH2012,2020-08-20 09:31:21.500,3245.8000,18373,0,251233200.000,0,-,-,-,-,3244.2000,3244.0000,3243.8000,3243.2000,3243.0000,3245.8000,3246.0000,3247.0000,3247.8000,3248.2000,3,2,1,3,4,1,2,1,1,1
SF,IH2012,2020-08-20 09:31:22.000,3245.8000,18372,-1,252206940.000,1,0,1,双平,S,3244.4000,3244.2000,3244.0000,3243.8000,3243.2000,3246.0000,3247.0000,3247.8000,3248.2000,3249.0000,2,3,2,1,3,2,1,1,1,1
SF,IH2012,2020-08-20 09:31:22.500,3245.8000,18372,0,252206940.000,0,-,-,-,-,3244.6000,3244.4000,3244.2000,3244.0000,3243.8000,3246.0000,3247.0000,3247.8000,3248.2000,3249.0000,1,2,1,2,1,2,1,1,1,1
SF,IH2012,2020-08-20 09:31:23.000,3245.8000,18372,0,252206940.000,0,-,-,-,-,3244.8000,3244.6000,3244.4000,3244.2000,3244.0000,3246.0000,3247.0000,3247.8000,3248.2000,3249.0000,2,2,2,1,2,2,1,1,1,1
SF,IH2012,2020-08-20 09:31:23.500,3245.8000,18372,0,252206940.000,0,-,-,-,-,3244.8000,3244.4000,3244.2000,3244.0000,3243.8000,3246.0000,3247.0000,3247.8000,3248.2000,3249.0000,2,2,1,2,1,2,1,1,1,1
SF,IH2012,2020-08-20 09:31:24.000,3244.8000,18372,0,253180380.000,1,0,1,多换,S,3244.8000,3244.4000,3244.2000,3244.0000,3243.8000,3246.0000,3247.0000,3247.8000,3248.2000,3249.0000,1,2,1,2,1,2,1,1,1,1
SF,IH2012,2020-08-20 09:31:25.000,3244.8000,18372,0,253180380.000,0,-,-,-,-,3244.8000,3244.4000,3244.2000,3244.0000,3243.8000,3246.0000,3247.0000,3247.8000,3248.2000,3249.0000,1,2,1,2,1,2,1,1,1,1
SF,IH2012,2020-08-20 09:31:25.500,3244.8000,18371,-1,254153820.000,1,0,1,双平,S,3244.4000,3244.2000,3244.0000,3243.8000,3243.2000,3244.8000,3246.0000,3247.0000,3247.8000,3248.2000,2,1,2,1,3,1,2,1,1,1
SF,IH2012,2020-08-20 09:31:26.000,3246.0000,18369,-2,256101060.000,2,0,2,双平,S,3245.0000,3244.8000,3244.4000,3244.2000,3244.0000,3246.0000,3247.0000,3247.8000,3248.2000,3249.0000,1,1,2,1,2,1,1,1,1,1
SF,IH2012,2020-08-20 09:31:26.500,3246.0000,18368,-1,257074860.000,1,0,1,双平,S,3246.2000,3244.8000,3244.4000,3244.2000,3244.0000,3247.0000,3247.8000,3249.0000,3249.4000,3250.0000,1,1,2,1,2,1,1,1,1,1
SF,IH2012,2020-08-20 09:31:27.000,3246.2000,18368,0,258048720.000,1,0,1,多换,S,3246.0000,3244.8000,3244.2000,3244.0000,3243.8000,3246.8000,3247.0000,3247.8000,3249.0000,3249.4000,1,1,1,2,1,1,1,1,1,1
SF,IH2012,2020-08-20 09:31:27.500,3246.2000,18368,0,258048720.000,0,-,-,-,-,3246.0000,3245.0000,3244.8000,3244.4000,3244.2000,3247.0000,3247.8000,3249.0000,3249.4000,3250.0000,1,1,1,1,1,1,1,1,1,1
SF,IH2012,2020-08-20 09:31:28.000,3247.0000,18367,-1,259996860.000,2,0,2,多平,S,3246.0000,3245.2000,3245.0000,3244.8000,3244.4000,3247.8000,3249.0000,3249.4000,3250.0000,3250.2000,1,1,1,1,1,1,1,1,1,1
SF,IH2012,2020-08-20 09:31:28.500,3247.0000,18367,0,259996860.000,0,-,-,-,-,3246.2000,3246.0000,3245.2000,3245.0000,3244.8000,3247.6000,3247.8000,3249.0000,3249.4000,3250.0000,1,1,1,1,1,1,1,1,1,1
SF,IH2012,2020-08-20 09:31:29.000,3247.0000,18367,0,259996860.000,0,-,-,-,-,3246.2000,3246.0000,3245.2000,3245.0000,3244.8000,3247.4000,3247.6000,3247.8000,3249.0000,3249.4000,1,1,1,1,1,1,1,1,1,1
SF,IH2012,2020-08-20 09:31:29.500,3247.0000,18367,0,259996860.000,0,-,-,-,-,3246.0000,3245.2000,3245.0000,3244.8000,3244.4000,3247.2000,3247.4000,3247.8000,3249.0000,3249.4000,1,1,1,1,1,1,1,1,1,1
SF,IH2012,2020-08-20 09:31:30.000,3247.0000,18367,0,259996860.000,0,-,-,-,-,3246.0000,3245.2000,3245.0000,3244.8000,3244.4000,3247.0000,3247.2000,3247.4000,3247.8000,3249.0000,1,1,1,1,1,1,1,3,1,1
SF,IH2012,2020-08-20 09:31:30.500,3247.0000,18367,0,259996860.000,0,-,-,-,-,3246.0000,3245.2000,3245.0000,3244.8000,3244.4000,3247.4000,3247.8000,3249.0000,3249.4000,3250.0000,1,1,1,1,1,3,1,1,1,1
SF,IH2012,2020-08-20 09:31:31.000,3247.0000,18367,0,259996860.000,0,-,-,-,-,3246.0000,3245.2000,3245.0000,3244.8000,3244.4000,3247.2000,3247.4000,3247.8000,3249.0000,3249.4000,1,1,1,1,1,1,3,1,1,1
SF,IH2012,2020-08-20 09:31:31.500,3247.0000,18367,0,259996860.000,0,-,-,-,-,3246.0000,3245.2000,3245.0000,3244.8000,3244.4000,3247.4000,3247.8000,3249.0000,3249.4000,3250.0000,1,1,1,1,1,3,1,1,1,1
SF,IH2012,2020-08-20 09:31:32.000,3246.0000,18367,0,260970660.000,1,0,1,多换,S,3247.2000,3245.2000,3245.0000,3244.8000,3244.4000,3247.8000,3249.0000,3249.4000,3250.0000,3250.2000,1,1,1,1,1,1,1,1,1,1
SF,IH2012,2020-08-20 09:31:32.500,3246.8000,18367,0,261944700.000,1,0,1,多换,S,3247.0000,3245.2000,3245.0000,3244.8000,3244.4000,3247.4000,3247.8000,3249.0000,3249.4000,3250.0000,1,1,1,1,1,3,1,1,1,1
SF,IH2012,2020-08-20 09:31:33.000,3247.0000,18367,0,262918800.000,1,0,1,多换,S,3245.2000,3245.0000,3244.8000,3244.4000,3244.2000,3247.0000,3247.8000,3249.0000,3249.4000,3250.2000,1,1,1,1,1,1,1,1,1,1
SF,IH2012,2020-08-20 09:31:33.500,3247.0000,18367,0,262918800.000,0,-,-,-,-,3245.4000,3245.2000,3245.0000,3244.8000,3244.4000,3247.0000,3247.8000,3248.8000,3249.0000,3249.4000,2,1,2,1,1,1,1,1,1,1
SF,IH2012,2020-08-20 09:31:34.000,3247.0000,18367,0,262918800.000,0,-,-,-,-,3245.8000,3245.4000,3245.2000,3245.0000,3244.8000,3247.8000,3248.8000,3249.0000,3249.4000,3250.2000,1,2,1,2,1,1,1,1,1,1
SF,IH2012,2020-08-20 09:31:34.500,3247.0000,18367,0,262918800.000,0,-,-,-,-,3246.0000,3245.8000,3245.2000,3245.0000,3244.8000,3247.8000,3248.8000,3249.0000,3249.4000,3250.2000,1,1,1,2,1,1,1,1,1,1
SF,IH2012,2020-08-20 09:31:35.000,3247.0000,18367,0,262918800.000,0,-,-,-,-,3246.0000,3245.8000,3245.2000,3245.0000,3244.8000,3247.8000,3248.8000,3249.0000,3249.4000,3250.2000,1,1,1,2,1,4,1,1,1,1
SF,IH2012,2020-08-20 09:31:36.000,3247.0000,18367,0,262918800.000,0,-,-,-,-,3246.0000,3245.8000,3245.2000,3245.0000,3244.8000,3247.6000,3247.8000,3248.8000,3249.0000,3249.4000,1,1,1,2,1,1,5,1,1,1
SF,IH2012,2020-08-20 09:31:36.500,3247.0000,18367,0,262918800.000,0,-,-,-,-,3246.0000,3245.8000,3245.2000,3245.0000,3244.8000,3247.8000,3248.8000,3249.0000,3249.4000,3250.2000,1,1,1,2,1,1,1,1,1,1
SF,IH2012,2020-08-20 09:31:37.500,3247.0000,18367,0,262918800.000,0,-,-,-,-,3246.0000,3245.8000,3245.2000,3245.0000,3244.8000,3247.8000,3248.8000,3249.0000,3249.4000,3250.2000,1,1,1,2,1,1,1,1,1,1
SF,IH2012,2020-08-20 09:31:38.000,3247.8000,18366,-1,263893140.000,1,0,1,双平,S,3247.8000,3246.6000,3246.2000,3246.0000,3245.8000,3248.8000,3249.0000,3249.4000,3250.2000,3252.8000,3,1,1,1,1,1,1,1,1,1
SF,IH2012,2020-08-20 09:31:38.500,3247.8000,18365,-1,264867480.000,1,0,1,双平,S,3247.8000,3246.6000,3246.2000,3246.0000,3245.8000,3248.8000,3249.0000,3249.4000,3250.2000,3250.8000,2,1,1,2,1,1,1,1,1,1
SF,IH2012,2020-08-20 09:31:39.000,3247.8000,18364,-1,265841820.000,1,0,1,双平,S,3247.8000,3246.6000,3246.2000,3246.0000,3245.8000,3248.8000,3249.0000,3249.4000,3250.2000,3250.8000,1,1,1,3,1,1,1,1,1,1
SF,IH2012,2020-08-20 09:31:39.500,3247.8000,18364,0,266816160.000,1,0,1,多换,S,3246.6000,3246.2000,3246.0000,3245.8000,3245.2000,3247.6000,3248.8000,3249.0000,3249.4000,3250.2000,1,1,3,1,1,1,1,1,1,1
SF,IH2012,2020-08-20 09:31:40.000,3247.8000,18364,0,266816160.000,0,-,-,-,-,3246.6000,3246.2000,3246.0000,3245.8000,3245.2000,3247.6000,3248.8000,3249.0000,3249.4000,3250.2000,1,1,3,1,1,1,1,1,1,1
SF,IH2012,2020-08-20 09:31:40.500,3247.8000,18364,0,266816160.000,0,-,-,-,-,3246.6000,3246.2000,3246.0000,3245.8000,3245.2000,3248.8000,3249.0000,3249.4000,3250.2000,3252.8000,1,1,3,1,1,1,1,1,1,1
SF,IH2012,2020-08-20 09:31:41.000,3247.8000,18364,0,266816160.000,0,-,-,-,-,3247.6000,3246.8000,3246.6000,3246.2000,3246.0000,3248.8000,3249.0000,3249.4000,3250.2000,3250.6000,1,1,1,1,2,1,1,1,1,1
SF,IH2012,2020-08-20 09:31:41.500,3247.6000,18364,0,267790440.000,1,0,1,多换,S,3246.8000,3246.6000,3246.2000,3246.0000,3245.8000,3247.6000,3248.8000,3249.0000,3249.4000,3250.2000,1,1,1,2,1,1,1,1,1,1
SF,IH2012,2020-08-20 09:31:42.000,3247.6000,18363,-1,268764720.000,1,0,1,双平,S,3247.6000,3246.6000,3246.2000,3246.0000,3245.8000,3248.8000,3249.0000,3249.4000,3250.2000,3252.8000,1,1,1,2,1,4,1,1,1,1
SF,IH2012,2020-08-20 09:31:42.500,3247.6000,18363,0,269739000.000,1,0,1,多换,S,3246.6000,3246.2000,3246.0000,3245.8000,3245.2000,3248.8000,3249.0000,3249.4000,3250.2000,3250.6000,1,1,2,1,1,4,1,1,1,1
SF,IH2012,2020-08-20 09:31:43.000,3247.6000,18363,0,269739000.000,0,-,-,-,-,3246.8000,3246.6000,3246.2000,3246.0000,3245.8000,3248.6000,3248.8000,3249.0000,3249.4000,3250.2000,1,1,1,2,1,1,1,1,1,1
SF,IH2012,2020-08-20 09:31:43.500,3247.6000,18363,0,269739000.000,0,-,-,-,-,3246.8000,3246.6000,3246.2000,3246.0000,3245.8000,3248.4000,3248.8000,3249.0000,3249.4000,3250.2000,1,1,1,2,1,1,1,1,1,1
SF,IH2012,2020-08-20 09:31:44.000,3248.8000,18363,0,270713640.000,1,0,1,多换,S,3248.6000,3246.8000,3246.6000,3246.2000,3246.0000,3249.0000,3249.4000,3250.2000,3250.6000,3252.8000,1,1,1,1,2,1,1,1,1,1
SF,IH2012,2020-08-20 09:31:44.500,3249.0000,18361,-2,272662920.000,2,0,2,双平,S,3246.8000,3246.6000,3246.2000,3246.0000,3245.8000,3248.8000,3249.4000,3250.2000,3250.6000,3252.8000,1,1,1,1,1,1,1,1,1,1
SF,IH2012,2020-08-20 09:31:45.000,3248.8000,18360,-1,273637560.000,1,0,1,双平,S,3248.8000,3247.6000,3247.0000,3246.8000,3246.6000,3249.4000,3250.2000,3250.6000,3252.8000,3253.2000,2,1,2,1,1,1,1,1,1,40
SF,IH2012,2020-08-20 09:31:45.500,3248.8000,18360,0,273637560.000,0,-,-,-,-,3248.8000,3247.6000,3247.0000,3246.6000,3246.2000,3249.4000,3250.2000,3250.6000,3252.8000,3253.2000,2,1,1,1,1,1,1,1,1,40
SF,IH2012,2020-08-20 09:31:46.000,3249.4000,18358,-2,275587200.000,2,0,2,双平,S,3249.4000,3248.8000,3247.6000,3247.0000,3246.6000,3250.2000,3250.6000,3252.8000,3253.2000,3256.4000,1,2,1,1,1,1,1,1,40,1
SF,IH2012,2020-08-20 09:31:46.500,3250.0000,18357,-1,276562200.000,1,0,1,双平,S,3249.4000,3248.8000,3247.6000,3246.6000,3246.2000,3250.2000,3250.6000,3251.8000,3252.8000,3253.2000,1,2,1,1,1,1,1,1,1,40
SF,IH2012,2020-08-20 09:31:47.000,3250.0000,18357,0,276562200.000,0,-,-,-,-,3249.4000,3248.8000,3247.6000,3247.0000,3246.6000,3250.2000,3250.6000,3251.8000,3252.8000,3253.2000,2,3,1,1,1,1,1,1,1,40
SF,IH2012,2020-08-20 09:31:47.500,3250.0000,18357,0,276562200.000,0,-,-,-,-,3249.4000,3248.8000,3247.6000,3247.0000,3246.6000,3250.2000,3250.6000,3251.8000,3253.2000,3255.0000,2,3,1,1,1,1,1,1,40,1
SF,IH2012,2020-08-20 09:31:48.000,3250.2000,18357,0,277537260.000,1,0,1,多换,S,3249.4000,3248.8000,3247.6000,3247.0000,3246.6000,3250.6000,3251.8000,3253.2000,3255.0000,3256.4000,2,3,1,1,1,1,1,40,1,1
SF,IH2012,2020-08-20 09:31:48.500,3250.2000,18357,0,277537260.000,0,-,-,-,-,3249.6000,3249.4000,3248.8000,3247.6000,3247.0000,3250.6000,3251.8000,3252.6000,3253.2000,3255.0000,1,2,3,1,1,4,1,1,40,1
SF,IH2012,2020-08-20 09:31:49.000,3250.6000,18355,-2,280462800.000,3,0,3,多平,S,3249.4000,3248.8000,3247.6000,3247.0000,3246.6000,3250.6000,3251.8000,3252.6000,3253.2000,3255.0000,2,3,1,1,1,1,1,1,40,1
SF,IH2012,2020-08-20 09:31:49.500,3250.6000,18355,0,280462800.000,0,-,-,-,-,3250.2000,3249.4000,3248.8000,3247.6000,3247.0000,3250.6000,3251.8000,3252.6000,3253.2000,3255.0000,1,2,3,1,1,1,1,1,40,1
SF,IH2012,2020-08-20 09:31:50.000,3250.6000,18355,0,281437980.000,1,0,1,多换,S,3250.6000,3250.2000,3249.4000,3248.8000,3247.6000,3251.8000,3252.6000,3253.2000,3255.0000,3256.4000,3,1,2,3,1,1,1,40,1,1
SF,IH2012,2020-08-20 09:31:50.500,3250.6000,18356,1,282413160.000,1,1,0,双开,S,3250.6000,3250.2000,3249.4000,3248.8000,3247.6000,3251.6000,3251.8000,3252.6000,3253.2000,3255.0000,1,1,2,3,1,1,1,1,40,1
SF,IH2012,2020-08-20 09:31:51.000,3250.6000,18356,0,282413160.000,0,-,-,-,-,3250.6000,3250.2000,3249.4000,3248.8000,3247.6000,3251.6000,3251.8000,3252.6000,3253.2000,3255.0000,2,1,2,3,1,1,1,1,40,1
SF,IH2012,2020-08-20 09:31:51.500,3251.8000,18355,-1,284363880.000,2,0,2,多平,S,3250.6000,3250.2000,3249.4000,3248.8000,3247.6000,3252.6000,3253.2000,3253.6000,3255.0000,3256.4000,2,1,2,3,1,1,40,1,1,1
SF,IH2012,2020-08-20 09:31:52.000,3251.8000,18355,0,284363880.000,0,-,-,-,-,3251.6000,3250.8000,3250.6000,3250.2000,3249.4000,3252.4000,3252.6000,3253.2000,3253.6000,3255.0000,10,1,2,1,1,1,1,40,1,1
SF,IH2012,2020-08-20 09:31:52.500,3251.8000,18355,0,284363880.000,0,-,-,-,-,3251.8000,3251.6000,3250.8000,3250.6000,3250.2000,3252.2000,3252.6000,3253.2000,3253.6000,3255.0000,2,11,1,2,1,1,1,40,1,1
SF,IH2012,2020-08-20 09:31:53.000,3251.6000,18355,0,288266100.000,4,2,2,多换,S,3251.6000,3250.8000,3250.6000,3250.2000,3249.4000,3252.6000,3253.2000,3253.6000,3255.0000,3256.4000,10,1,2,1,1,1,40,1,1,1
SF,IH2012,2020-08-20 09:31:53.500,3251.6000,18355,0,288266100.000,0,-,-,-,-,3252.4000,3252.2000,3251.6000,3250.8000,3250.6000,3252.6000,3253.2000,3253.6000,3255.0000,3256.4000,2,1,10,1,2,1,40,1,1,1
SF,IH2012,2020-08-20 09:31:54.000,3252.4000,18354,-1,291193320.000,3,1,2,多平,S,3252.2000,3251.6000,3251.2000,3250.8000,3250.6000,3253.2000,3253.6000,3255.0000,3256.4000,3256.6000,1,10,1,1,2,40,1,1,1,1
SF,IH2012,2020-08-20 09:31:54.500,3253.0000,18355,1,292169220.000,1,1,0,双开,S,3252.2000,3251.6000,3251.2000,3250.8000,3250.6000,3253.2000,3253.6000,3254.6000,3255.0000,3256.4000,1,10,1,1,1,40,1,1,1,1
SF,IH2012,2020-08-20 09:31:55.000,3253.0000,18355,0,292169220.000,0,-,-,-,-,3251.6000,3251.2000,3250.8000,3250.6000,3250.2000,3253.2000,3253.6000,3254.6000,3255.0000,3256.4000,10,1,1,1,2,40,1,1,1,1
SF,IH2012,2020-08-20 09:31:55.500,3252.2000,18355,0,294120420.000,2,1,1,多换,S,3251.6000,3251.2000,3250.8000,3250.6000,3250.2000,3253.0000,3253.2000,3253.6000,3254.6000,3255.0000,10,1,1,1,2,1,41,1,1,1
SF,IH2012,2020-08-20 09:31:56.000,3252.2000,18355,0,294120420.000,0,-,-,-,-,3252.4000,3251.6000,3251.2000,3250.8000,3250.6000,3253.0000,3253.2000,3253.6000,3254.6000,3255.0000,1,10,1,1,1,1,41,1,1,1
SF,IH2012,2020-08-20 09:31:56.500,3253.0000,18355,0,296071980.000,2,1,1,多换,S,3251.6000,3251.2000,3250.8000,3250.2000,3249.4000,3252.4000,3253.2000,3253.6000,3254.6000,3255.0000,10,1,1,2,1,1,41,1,1,1
SF,IH2012,2020-08-20 09:31:57.000,3253.0000,18355,0,296071980.000,0,-,-,-,-,3251.6000,3251.2000,3250.8000,3250.2000,3249.4000,3252.8000,3253.2000,3253.6000,3254.6000,3255.0000,11,1,1,1,1,1,41,1,1,1
SF,IH2012,2020-08-20 09:31:57.500,3253.0000,18354,-1,297047880.000,1,0,1,双平,S,3252.4000,3251.8000,3251.6000,3251.2000,3250.8000,3253.2000,3253.6000,3254.6000,3255.0000,3256.4000,1,1,10,1,1,40,1,1,1,1
SF,IH2012,2020-08-20 09:31:58.000,3253.0000,18354,0,297047880.000,0,-,-,-,-,3252.4000,3251.6000,3251.2000,3250.8000,3250.2000,3253.2000,3253.6000,3254.6000,3255.0000,3256.4000,1,10,1,1,1,40,1,1,1,1
SF,IH2012,2020-08-20 09:31:58.500,3253.0000,18354,0,297047880.000,0,-,-,-,-,3252.8000,3252.4000,3251.6000,3251.2000,3250.8000,3253.2000,3253.6000,3254.6000,3255.0000,3256.4000,5,1,10,1,1,40,1,1,1,1
SF,IH2012,2020-08-20 09:31:59.000,3253.0000,18354,0,304854540.000,8,4,4,多换,S,3251.6000,3251.2000,3249.4000,3248.8000,3247.0000,3253.2000,3253.6000,3254.6000,3255.0000,3256.4000,10,1,1,3,1,40,1,1,1,1
SF,IH2012,2020-08-20 09:31:59.500,3253.0000,18354,0,304854540.000,0,-,-,-,-,3251.6000,3251.2000,3250.6000,3249.4000,3248.8000,3253.2000,3253.6000,3254.6000,3255.0000,3256.4000,10,1,1,1,3,41,1,1,1,1
SF,IH2012,2020-08-20 09:32:00.000,3253.0000,18354,0,304854540.000,0,-,-,-,-,3251.6000,3251.2000,3250.6000,3249.8000,3249.4000,3252.2000,3253.2000,3253.6000,3254.6000,3255.0000,10,1,1,1,1,1,41,1,1,1
SF,IH2012,2020-08-20 09:32:00.500,3253.0000,18354,0,304854540.000,0,-,-,-,-,3251.8000,3251.6000,3251.2000,3250.6000,3249.8000,3252.2000,3253.0000,3253.2000,3253.6000,3255.0000,1,10,1,1,1,1,1,40,1,1
SF,IH2012,2020-08-20 09:32:01.000,3251.8000,18354,0,305830080.000,1,0,1,多换,S,3251.6000,3251.2000,3250.6000,3249.8000,3249.4000,3252.2000,3253.2000,3253.6000,3255.0000,3256.4000,10,1,1,1,1,1,40,1,1,1
SF,IH2012,2020-08-20 09:32:01.500,3252.2000,18354,0,306805740.000,1,0,1,多换,S,3252.2000,3251.8000,3251.6000,3251.2000,3250.6000,3253.2000,3253.6000,3255.0000,3256.4000,3256.6000,2,4,10,1,1,40,1,1,1,1
SF,IH2012,2020-08-20 09:32:02.000,3252.2000,18354,0,306805740.000,0,-,-,-,-,3252.2000,3251.8000,3251.6000,3251.2000,3250.6000,3253.0000,3253.2000,3253.6000,3255.0000,3256.4000,2,4,10,1,1,1,41,1,1,1
SF,IH2012,2020-08-20 09:32:02.500,3252.2000,18353,-1,307781400.000,1,0,1,双平,S,3252.2000,3251.8000,3251.6000,3251.2000,3250.6000,3253.0000,3253.2000,3253.6000,3254.8000,3255.0000,1,4,10,1,1,1,41,1,1,1
SF,IH2012,2020-08-20 09:32:03.000,3252.2000,18353,0,307781400.000,0,-,-,-,-,3252.2000,3251.8000,3251.6000,3251.2000,3250.6000,3252.6000,3253.0000,3253.2000,3253.6000,3254.8000,1,4,10,1,1,1,1,40,1,1
SF,IH2012,2020-08-20 09:32:03.500,3253.0000,18353,0,308757300.000,1,0,1,多换,S,3251.8000,3251.6000,3251.2000,3250.6000,3250.0000,3253.2000,3253.6000,3254.8000,3255.0000,3256.4000,4,10,1,1,2,40,1,1,1,1
SF,IH2012,2020-08-20 09:32:04.000,3253.0000,18353,0,308757300.000,0,-,-,-,-,3251.8000,3251.6000,3251.2000,3250.6000,3250.0000,3252.6000,3252.8000,3253.0000,3253.2000,3253.6000,4,10,1,1,2,1,2,5,40,1
SF,IH2012,2020-08-20 09:32:04.500,3253.0000,18354,1,309733200.000,1,1,0,双开,S,3251.8000,3251.6000,3251.2000,3250.6000,3250.0000,3252.8000,3253.0000,3253.2000,3253.6000,3254.8000,4,10,1,1,2,2,4,40,1,1
SF,IH2012,2020-08-20 09:32:05.000,3253.0000,18355,1,311685000.000,2,1,1,空开,S,3251.8000,3251.6000,3251.2000,3250.6000,3250.0000,3252.0000,3252.8000,3253.0000,3253.2000,3253.6000,4,10,1,1,2,1,1,4,40,1
SF,IH2012,2020-08-20 09:32:05.500,3252.2000,18354,-1,312660660.000,1,0,1,双平,S,3252.6000,3252.0000,3251.8000,3251.6000,3251.2000,3252.8000,3253.0000,3253.2000,3253.6000,3255.0000,1,3,4,1,1,1,4,40,1,1
SF,IH2012,2020-08-20 09:32:06.000,3252.8000,18353,-1,315587940.000,3,1,2,多平,S,3252.0000,3251.8000,3251.6000,3251.2000,3250.6000,3253.0000,3253.2000,3253.6000,3255.0000,3256.4000,3,4,1,1,1,3,40,1,1,1
SF,IH2012,2020-08-20 09:32:06.500,3252.8000,18353,0,315587940.000,0,-,-,-,-,3252.0000,3251.8000,3251.6000,3251.2000,3250.6000,3252.8000,3253.2000,3253.6000,3254.4000,3255.0000,3,4,1,1,1,1,40,1,1,1
SF,IH2012,2020-08-20 09:32:07.000,3252.8000,18353,0,315587940.000,0,-,-,-,-,3252.0000,3251.8000,3251.6000,3251.2000,3250.6000,3253.2000,3253.6000,3254.4000,3255.0000,3256.4000,3,4,1,1,1,40,1,1,1,1
SF,IH2012,2020-08-20 09:32:07.500,3253.0000,18354,1,316563840.000,1,1,0,双开,S,3252.4000,3252.0000,3251.8000,3251.6000,3251.2000,3253.2000,3253.6000,3254.4000,3255.0000,3256.4000,1,3,4,1,1,41,1,1,1,1
SF,IH2012,2020-08-20 09:32:08.000,3252.4000,18354,0,317539560.000,1,0,1,多换,S,3252.0000,3251.8000,3251.6000,3251.2000,3250.6000,3253.2000,3253.6000,3254.4000,3255.0000,3256.4000,3,4,1,1,1,41,1,1,1,1
SF,IH2012,2020-08-20 09:32:08.500,3252.4000,18354,0,317539560.000,0,-,-,-,-,3252.0000,3251.8000,3251.6000,3251.2000,3250.6000,3253.2000,3253.6000,3254.4000,3255.0000,3256.4000,2,4,1,1,1,41,1,1,1,1
SF,IH2012,2020-08-20 09:32:09.000,3252.4000,18354,0,317539560.000,0,-,-,-,-,3252.0000,3251.8000,3251.6000,3251.2000,3250.6000,3253.0000,3253.2000,3253.6000,3254.4000,3255.0000,2,4,1,1,1,1,40,1,1,1
SF,IH2012,2020-08-20 09:32:09.500,3252.4000,18354,0,317539560.000,0,-,-,-,-,3252.0000,3251.8000,3251.6000,3251.2000,3250.6000,3252.4000,3253.2000,3253.6000,3254.4000,3255.0000,2,4,1,1,1,1,40,1,1,1
SF,IH2012,2020-08-20 09:32:10.000,3252.0000,18353,-1,319490760.000,2,0,2,多平,S,3251.6000,3251.2000,3250.6000,3250.0000,3248.8000,3252.4000,3253.2000,3253.6000,3254.4000,3255.0000,1,1,1,2,3,1,40,1,1,1
SF,IH2012,2020-08-20 09:32:10.500,3252.0000,18353,0,319490760.000,0,-,-,-,-,3251.6000,3251.2000,3250.6000,3250.0000,3249.8000,3253.2000,3253.6000,3254.4000,3255.0000,3256.4000,1,1,1,3,1,40,1,1,1,1
SF,IH2012,2020-08-20 09:32:11.000,3252.0000,18353,0,319490760.000,0,-,-,-,-,3251.6000,3251.2000,3250.6000,3250.0000,3249.8000,3252.0000,3252.8000,3253.0000,3253.2000,3253.6000,1,1,1,3,1,1,1,1,40,1
SF,IH2012,2020-08-20 09:32:11.500,3251.6000,18353,0,320466240.000,1,0,1,多换,S,3251.2000,3250.6000,3250.0000,3249.8000,3248.8000,3252.0000,3253.2000,3253.6000,3255.0000,3256.4000,1,1,3,1,3,1,41,1,1,1
SF,IH2012,2020-08-20 09:32:12.000,3251.6000,18353,0,320466240.000,0,-,-,-,-,3251.2000,3250.6000,3250.0000,3249.8000,3248.8000,3253.2000,3253.6000,3255.0000,3256.4000,3256.6000,1,1,3,1,3,41,1,1,1,1
SF,IH2012,2020-08-20 09:32:12.500,3251.6000,18353,0,320466240.000,0,-,-,-,-,3252.0000,3251.4000,3251.2000,3250.6000,3250.0000,3253.0000,3253.2000,3253.6000,3254.4000,3255.0000,1,1,1,1,3,2,41,1,1,1
SF,IH2012,2020-08-20 09:32:13.000,3251.4000,18351,-2,322417260.000,2,0,2,双平,S,3251.2000,3250.6000,3250.0000,3249.8000,3248.8000,3251.6000,3251.8000,3252.0000,3252.8000,3253.0000,1,1,3,1,3,1,1,1,1,2
SF,IH2012,2020-08-20 09:32:13.500,3251.6000,18350,-1,323392740.000,1,0,1,双平,S,3251.2000,3250.6000,3250.0000,3249.8000,3248.8000,3251.8000,3252.0000,3252.8000,3253.2000,3253.6000,1,1,3,1,3,1,1,1,41,1
SF,IH2012,2020-08-20 09:32:14.000,3251.6000,18350,0,323392740.000,0,-,-,-,-,3251.6000,3251.2000,3250.6000,3250.0000,3249.8000,3251.8000,3252.0000,3252.8000,3253.2000,3253.6000,1,1,1,3,1,1,1,1,41,1
SF,IH2012,2020-08-20 09:32:14.500,3251.6000,18350,0,323392740.000,0,-,-,-,-,3251.2000,3250.6000,3250.0000,3249.8000,3248.8000,3251.8000,3252.0000,3252.8000,3253.2000,3253.6000,1,1,3,1,3,1,1,1,41,1
SF,IH2012,2020-08-20 09:32:15.000,3251.6000,18350,0,323392740.000,0,-,-,-,-,3251.2000,3250.6000,3250.0000,3249.8000,3249.2000,3251.8000,3252.0000,3252.8000,3253.2000,3253.6000,1,1,3,1,1,1,1,1,41,1
SF,IH2012,2020-08-20 09:32:15.500,3251.6000,18350,0,323392740.000,0,-,-,-,-,3251.2000,3250.6000,3250.0000,3249.8000,3249.2000,3252.0000,3252.8000,3253.2000,3253.6000,3255.0000,1,1,3,1,1,1,1,40,1,1
SF,IH2012,2020-08-20 09:32:16.000,3251.6000,18350,0,323392740.000,0,-,-,-,-,3251.6000,3251.2000,3250.6000,3250.0000,3249.8000,3252.0000,3252.8000,3253.2000,3253.6000,3255.0000,1,1,1,3,1,1,1,40,1,1
SF,IH2012,2020-08-20 09:32:16.500,3251.6000,18349,-1,324368220.000,1,0,1,双平,S,3251.2000,3250.6000,3250.0000,3249.8000,3248.8000,3251.6000,3253.2000,3253.6000,3255.0000,3256.4000,2,1,3,1,3,1,40,1,1,1
SF,IH2012,2020-08-20 09:32:17.000,3251.6000,18348,-1,325343700.000,1,0,1,双平,S,3251.8000,3251.6000,3251.2000,3250.6000,3250.0000,3253.2000,3253.6000,3255.0000,3256.4000,3256.6000,1,1,2,1,3,40,1,1,1,1
SF,IH2012,2020-08-20 09:32:17.500,3251.6000,18347,-1,327294720.000,2,0,2,多平,S,3251.2000,3250.6000,3250.0000,3249.8000,3248.8000,3251.8000,3252.8000,3253.0000,3253.2000,3253.6000,2,1,3,1,3,1,1,5,40,1
SF,IH2012,2020-08-20 09:32:18.000,3251.6000,18347,0,327294720.000,0,-,-,-,-,3251.2000,3250.6000,3250.0000,3249.8000,3248.8000,3252.8000,3253.0000,3253.2000,3253.6000,3255.0000,2,1,3,1,3,2,4,40,1,1
SF,IH2012,2020-08-20 09:32:18.500,3251.6000,18347,0,327294720.000,0,-,-,-,-,3251.2000,3250.6000,3250.0000,3249.8000,3248.8000,3252.6000,3252.8000,3253.0000,3253.2000,3253.6000,2,1,3,1,3,1,2,4,40,1
SF,IH2012,2020-08-20 09:32:19.500,3251.6000,18347,0,327294720.000,0,-,-,-,-,3251.2000,3250.6000,3250.0000,3249.8000,3248.8000,3252.8000,3253.0000,3253.2000,3253.6000,3254.4000,2,1,3,1,3,2,3,40,1,1
SF,IH2012,2020-08-20 09:32:20.000,3251.2000,18346,-1,328270080.000,1,0,1,双平,S,3251.2000,3250.6000,3250.0000,3249.8000,3248.8000,3252.8000,3253.0000,3253.2000,3253.6000,3254.4000,1,1,8,1,3,2,3,40,1,1
SF,IH2012,2020-08-20 09:32:20.500,3251.2000,18346,0,328270080.000,0,-,-,-,-,3251.4000,3251.2000,3250.6000,3250.0000,3249.8000,3252.8000,3253.0000,3253.2000,3253.6000,3254.4000,1,1,1,8,1,1,3,40,1,1
SF,IH2012,2020-08-20 09:32:21.000,3251.2000,18346,0,328270080.000,0,-,-,-,-,3251.4000,3251.2000,3250.6000,3250.0000,3249.8000,3252.6000,3252.8000,3253.0000,3253.2000,3253.6000,1,1,1,8,1,1,1,3,40,1
SF,IH2012,2020-08-20 09:32:21.500,3251.4000,18346,0,330221280.000,2,1,1,多换,S,3251.2000,3250.6000,3250.0000,3249.8000,3248.8000,3252.8000,3253.0000,3253.2000,3253.6000,3254.4000,1,1,8,1,3,1,3,40,1,1
SF,IH2012,2020-08-20 09:32:22.000,3251.4000,18346,0,330221280.000,0,-,-,-,-,3251.4000,3251.2000,3250.6000,3250.0000,3249.8000,3252.8000,3253.0000,3253.2000,3253.6000,3254.4000,1,1,1,8,1,1,3,40,1,1
SF,IH2012,2020-08-20 09:32:22.500,3251.4000,18346,0,330221280.000,0,-,-,-,-,3251.2000,3250.6000,3250.0000,3249.8000,3248.8000,3252.8000,3253.0000,3253.2000,3253.6000,3254.4000,1,1,13,1,3,1,3,40,1,1
SF,IH2012,2020-08-20 09:32:23.000,3251.4000,18346,0,330221280.000,0,-,-,-,-,3251.4000,3251.2000,3250.6000,3250.0000,3249.8000,3252.8000,3253.2000,3253.6000,3254.4000,3255.0000,1,1,1,13,1,1,40,1,1,1
SF,IH2012,2020-08-20 09:32:23.500,3251.4000,18346,0,331196700.000,1,0,1,多换,S,3251.2000,3250.6000,3250.0000,3249.8000,3248.8000,3251.4000,3252.8000,3253.2000,3253.6000,3254.4000,1,1,13,1,1,2,1,40,1,1
SF,IH2012,2020-08-20 09:32:24.000,3251.4000,18344,-2,333147540.000,2,0,2,双平,S,3251.4000,3251.2000,3250.6000,3250.0000,3249.8000,3252.8000,3253.2000,3253.6000,3255.0000,3256.4000,3,1,1,13,1,1,40,1,1,1
SF,IH2012,2020-08-20 09:32:24.500,3252.8000,18343,-1,334123380.000,1,0,1,双平,S,3251.4000,3251.2000,3250.6000,3250.0000,3249.8000,3253.2000,3253.6000,3255.0000,3256.4000,3256.6000,1,1,1,13,1,40,1,1,1,1
SF,IH2012,2020-08-20 09:32:25.000,3252.8000,18343,0,334123380.000,0,-,-,-,-,3251.4000,3251.2000,3250.6000,3250.0000,3249.8000,3253.0000,3253.2000,3253.6000,3255.0000,3256.4000,1,1,1,13,1,1,40,1,1,1
SF,IH2012,2020-08-20 09:32:25.500,3252.8000,18343,0,334123380.000,0,-,-,-,-,3251.8000,3251.4000,3251.2000,3250.6000,3250.0000,3253.2000,3253.6000,3255.0000,3256.4000,3256.6000,1,1,1,1,13,40,1,1,1,1
SF,IH2012,2020-08-20 09:32:26.000,3252.8000,18343,0,334123380.000,0,-,-,-,-,3251.8000,3251.4000,3251.2000,3250.8000,3250.6000,3253.2000,3253.6000,3255.0000,3256.4000,3256.6000,1,1,1,1,1,40,1,1,1,1
SF,IH2012,2020-08-20 09:32:27.000,3252.8000,18343,0,334123380.000,0,-,-,-,-,3253.0000,3251.8000,3251.4000,3251.2000,3250.8000,3253.2000,3253.6000,3255.0000,3256.4000,3256.6000,2,1,1,1,1,40,1,1,1,1
SF,IH2012,2020-08-20 09:32:27.500,3252.8000,18341,-2,336075060.000,2,0,2,双平,S,3251.8000,3251.4000,3251.2000,3250.8000,3250.0000,3253.2000,3253.6000,3255.0000,3256.4000,3256.6000,1,1,1,1,13,40,1,1,1,1
SF,IH2012,2020-08-20 09:32:28.000,3252.8000,18341,0,336075060.000,0,-,-,-,-,3251.8000,3251.4000,3251.2000,3250.8000,3250.0000,3253.2000,3253.6000,3255.0000,3256.4000,3256.6000,1,1,1,1,13,40,1,1,1,1
SF,IH2012,2020-08-20 09:32:28.500,3252.8000,18341,0,336075060.000,0,-,-,-,-,3252.0000,3251.4000,3251.2000,3250.8000,3250.0000,3252.6000,3253.2000,3253.6000,3255.0000,3256.4000,2,1,1,1,13,1,40,1,1,1
SF,IH2012,2020-08-20 09:32:29.000,3253.2000,18335,-6,342906600.000,7,0,7,多平,S,3252.6000,3252.2000,3252.0000,3251.4000,3251.2000,3253.2000,3253.6000,3255.0000,3256.4000,3256.6000,1,1,2,1,1,34,1,1,1,1
SF,IH2012,2020-08-20 09:32:29.500,3253.2000,18326,-9,351690240.000,9,0,9,双平,S,3252.6000,3252.2000,3252.0000,3251.6000,3251.4000,3253.2000,3253.6000,3255.0000,3256.4000,3256.6000,1,1,2,1,1,25,1,1,1,1
SF,IH2012,2020-08-20 09:32:30.000,3253.2000,18322,-4,357546000.000,6,1,5,多平,S,3252.6000,3252.2000,3252.0000,3251.6000,3251.2000,3253.2000,3253.6000,3255.0000,3256.4000,3256.6000,1,1,1,1,2,19,1,1,1,1
SF,IH2012,2020-08-20 09:32:30.500,3253.6000,18303,-19,377065320.000,20,0,20,多平,S,3253.2000,3252.8000,3252.6000,3252.2000,3252.0000,3255.0000,3256.4000,3256.6000,3257.8000,3259.4000,2,1,1,1,1,1,1,1,1,1
SF,IH2012,2020-08-20 09:32:31.000,3253.6000,18303,0,377065320.000,0,-,-,-,-,3253.4000,3253.2000,3252.6000,3252.2000,3252.0000,3255.0000,3256.4000,3256.6000,3257.8000,3259.4000,4,2,1,1,1,1,1,1,1,1
SF,IH2012,2020-08-20 09:32:31.500,3253.6000,18303,0,377065320.000,0,-,-,-,-,3253.4000,3253.2000,3252.6000,3252.2000,3252.0000,3255.0000,3256.4000,3256.6000,3257.8000,3259.4000,2,2,1,1,1,1,1,1,1,1
SF,IH2012,2020-08-20 09:32:32.000,3253.6000,18303,0,378041400.000,1,0,1,多换,S,3253.4000,3253.2000,3252.6000,3252.2000,3252.0000,3255.0000,3256.4000,3256.6000,3257.8000,3259.4000,2,2,1,1,1,1,1,1,1,1
SF,IH2012,2020-08-20 09:32:32.500,3253.6000,18303,0,378041400.000,0,-,-,-,-,3253.4000,3253.2000,3252.6000,3252.2000,3252.0000,3254.8000,3255.0000,3256.4000,3256.6000,3257.8000,2,2,1,1,1,1,1,1,1,1
SF,IH2012,2020-08-20 09:32:33.000,3253.6000,18303,0,378041400.000,0,-,-,-,-,3253.4000,3253.2000,3252.6000,3252.2000,3252.0000,3254.8000,3255.0000,3256.4000,3256.6000,3257.8000,2,2,1,1,1,1,1,1,1,1
SF,IH2012,2020-08-20 09:32:33.500,3254.8000,18303,0,379017840.000,1,0,1,多换,S,3253.4000,3253.2000,3252.6000,3252.2000,3252.0000,3255.0000,3256.4000,3256.6000,3257.8000,3259.4000,2,2,1,1,1,1,1,1,1,1
SF,IH2012,2020-08-20 09:32:34.000,3254.8000,18303,0,379017840.000,0,-,-,-,-,3253.6000,3253.4000,3253.2000,3252.6000,3252.2000,3255.0000,3256.4000,3256.6000,3257.8000,3259.4000,1,3,2,1,1,1,1,1,1,1
SF,IH2012,2020-08-20 09:32:34.500,3254.8000,18303,0,379017840.000,0,-,-,-,-,3253.8000,3253.6000,3253.4000,3253.2000,3252.6000,3255.0000,3256.4000,3256.6000,3257.8000,3259.4000,2,1,1,2,1,1,1,1,1,1
SF,IH2012,2020-08-20 09:32:35.000,3255.0000,18303,0,379994340.000,1,0,1,多换,S,3254.0000,3253.8000,3253.4000,3253.2000,3252.2000,3256.4000,3256.6000,3257.8000,3259.4000,3270.0000,1,3,1,2,1,1,1,1,1,1
SF,IH2012,2020-08-20 09:32:35.500,3255.0000,18303,0,379994340.000,0,-,-,-,-,3254.2000,3253.8000,3253.4000,3252.2000,3252.0000,3256.2000,3256.4000,3256.6000,3257.8000,3259.4000,2,1,1,1,1,1,1,1,1,1
SF,IH2012,2020-08-20 09:32:36.000,3255.0000,18303,0,379994340.000,0,-,-,-,-,3254.6000,3254.4000,3254.2000,3253.8000,3253.0000,3256.0000,3256.4000,3256.6000,3257.8000,3259.4000,1,1,1,1,1,1,1,1,1,1
SF,IH2012,2020-08-20 09:32:36.500,3255.8000,18303,0,380971080.000,1,0,1,多换,S,3254.6000,3253.8000,3253.0000,3252.2000,3252.0000,3255.8000,3256.0000,3256.4000,3256.6000,3257.8000,1,1,1,1,1,1,1,1,1,1
SF,IH2012,2020-08-20 09:32:37.000,3255.8000,18303,0,380971080.000,0,-,-,-,-,3254.6000,3253.8000,3253.0000,3252.2000,3252.0000,3256.4000,3256.6000,3257.8000,3259.4000,3270.0000,1,1,1,1,1,1,1,1,1,1
SF,IH2012,2020-08-20 09:32:37.500,3255.8000,18303,0,380971080.000,0,-,-,-,-,3254.8000,3254.6000,3253.8000,3252.2000,3252.0000,3256.4000,3256.6000,3257.8000,3259.4000,3270.0000,1,1,1,1,1,1,1,1,1,1
SF,IH2012,2020-08-20 09:32:38.500,3255.8000,18303,0,380971080.000,0,-,-,-,-,3254.8000,3254.6000,3253.8000,3252.2000,3251.2000,3256.4000,3256.6000,3257.8000,3259.4000,3270.0000,1,2,1,1,1,1,1,1,1,1
SF,IH2012,2020-08-20 09:32:40.500,3256.4000,18302,-1,381948000.000,1,0,1,双平,S,3255.0000,3254.8000,3254.6000,3253.8000,3252.2000,3256.6000,3257.8000,3261.4000,3270.0000,3271.8000,1,1,2,1,1,1,1,1,1,1
SF,IH2012,2020-08-20 09:32:41.000,3256.6000,18302,0,382924980.000,1,0,1,多换,S,3256.6000,3256.4000,3255.4000,3255.0000,3254.6000,3257.8000,3261.4000,3270.0000,3271.8000,3276.0000,4,10,1,1,2,1,1,1,1,1
SF,IH2012,2020-08-20 09:32:41.500,3257.8000,18302,0,383902320.000,1,0,1,多换,S,3257.8000,3257.0000,3256.8000,3256.6000,3256.4000,3261.4000,3270.0000,3271.8000,3276.0000,3280.0000,1,1,1,4,10,1,1,1,1,1
SF,IH2012,2020-08-20 09:32:42.000,3257.8000,18301,-1,384879660.000,1,0,1,双平,S,3257.0000,3256.8000,3256.6000,3256.4000,3255.4000,3258.6000,3260.8000,3261.0000,3261.2000,3261.4000,1,1,4,10,1,3,1,3,5,2
SF,IH2012,2020-08-20 09:32:42.500,3257.0000,18302,1,385856760.000,1,1,0,双开,S,3257.2000,3256.8000,3256.6000,3256.4000,3255.4000,3258.2000,3258.4000,3260.8000,3261.0000,3261.2000,1,1,4,10,1,3,4,1,2,5
SF,IH2012,2020-08-20 09:32:43.000,3257.0000,18302,0,385856760.000,0,-,-,-,-,3256.8000,3256.6000,3256.4000,3255.4000,3254.8000,3258.0000,3258.2000,3258.4000,3260.8000,3261.0000,1,4,10,1,1,5,3,4,1,2
SF,IH2012,2020-08-20 09:32:43.500,3258.2000,18300,-2,390743820.000,5,1,4,多平,S,3256.8000,3256.6000,3256.4000,3255.4000,3254.8000,3258.2000,3258.4000,3260.8000,3261.0000,3261.2000,1,4,10,1,1,2,4,1,2,4
SF,IH2012,2020-08-20 09:32:44.000,3258.2000,18299,-1,392698740.000,2,0,2,多平,S,3257.0000,3256.8000,3256.6000,3256.4000,3255.4000,3258.4000,3260.8000,3261.0000,3261.2000,3261.4000,1,1,4,10,1,4,1,2,4,2
SF,IH2012,2020-08-20 09:32:44.500,3258.2000,18299,0,392698740.000,0,-,-,-,-,3257.0000,3256.8000,3256.6000,3256.4000,3255.4000,3258.2000,3258.4000,3260.8000,3261.0000,3261.2000,1,1,4,10,1,1,1,1,2,4
SF,IH2012,2020-08-20 09:32:45.000,3258.4000,18298,-1,393676260.000,1,0,1,双平,S,3258.4000,3258.0000,3257.0000,3256.8000,3256.6000,3260.8000,3261.0000,3261.2000,3261.4000,3270.0000,8,16,1,1,4,1,2,4,2,1
SF,IH2012,2020-08-20 09:32:45.500,3258.4000,18292,-6,400518900.000,7,0,7,多平,S,3258.4000,3258.0000,3257.0000,3256.8000,3256.6000,3258.8000,3259.2000,3259.4000,3260.2000,3260.4000,2,16,1,1,4,3,1,1,1,1
SF,IH2012,2020-08-20 09:32:46.000,3258.0000,18290,-2,405406620.000,5,1,4,多平,S,3258.0000,3257.0000,3256.8000,3256.6000,3256.4000,3258.4000,3258.6000,3258.8000,3259.2000,3259.4000,15,1,1,4,10,1,1,1,3,3
SF,IH2012,2020-08-20 09:32:46.500,3258.8000,18274,-16,422999880.000,18,1,17,多平,S,3258.2000,3256.8000,3256.6000,3256.4000,3255.4000,3259.2000,3259.4000,3260.2000,3260.4000,3260.6000,2,1,4,10,1,3,3,1,1,2
SF,IH2012,2020-08-20 09:32:47.000,3258.2000,18273,-1,427887180.000,5,2,3,多平,S,3256.8000,3256.6000,3256.4000,3255.4000,3254.8000,3258.2000,3258.8000,3259.0000,3260.2000,3260.6000,1,4,10,1,1,1,1,5,1,1
SF,IH2012,2020-08-20 09:32:47.500,3258.2000,18272,-1,428864640.000,1,0,1,双平,S,3256.8000,3256.6000,3256.4000,3255.4000,3254.8000,3259.0000,3260.2000,3260.6000,3260.8000,3261.0000,1,4,10,1,1,4,1,1,1,1
SF,IH2012,2020-08-20 09:32:48.000,3258.2000,18272,0,428864640.000,0,-,-,-,-,3257.0000,3256.8000,3256.6000,3256.4000,3255.4000,3258.0000,3258.8000,3259.0000,3260.2000,3260.6000,1,1,4,10,1,1,1,4,1,1
SF,IH2012,2020-08-20 09:32:48.500,3258.0000,18272,0,429842040.000,1,0,1,多换,S,3257.0000,3256.8000,3256.6000,3256.4000,3255.4000,3258.0000,3258.8000,3259.0000,3260.2000,3260.6000,1,1,4,10,1,1,1,1,1,1
SF,IH2012,2020-08-20 09:32:49.000,3258.0000,18271,-1,430819440.000,1,0,1,双平,S,3257.0000,3256.8000,3256.6000,3256.4000,3255.4000,3258.8000,3259.0000,3260.2000,3260.6000,3260.8000,1,1,4,10,1,1,1,1,1,1
SF,IH2012,2020-08-20 09:32:49.500,3258.6000,18272,1,431797020.000,1,1,0,双开,S,3257.0000,3256.8000,3256.6000,3256.4000,3255.4000,3258.8000,3260.2000,3260.6000,3260.8000,3261.0000,1,1,4,10,1,1,1,1,1,1
SF,IH2012,2020-08-20 09:32:50.000,3258.8000,18271,-1,432774660.000,1,0,1,双平,S,3258.8000,3257.2000,3257.0000,3256.8000,3256.6000,3260.2000,3260.6000,3260.8000,3261.0000,3261.2000,1,1,1,1,4,1,1,1,1,4
SF,IH2012,2020-08-20 09:32:50.500,3258.8000,18270,-1,433752300.000,1,0,1,双平,S,3258.0000,3257.0000,3256.8000,3256.6000,3256.4000,3260.0000,3260.2000,3260.6000,3260.8000,3261.0000,1,1,1,4,10,1,1,1,1,1
SF,IH2012,2020-08-20 09:32:51.000,3258.6000,18268,-2,435707340.000,2,0,2,双平,S,3258.2000,3258.0000,3256.8000,3256.6000,3256.4000,3259.0000,3259.2000,3259.4000,3259.8000,3260.0000,2,1,1,4,10,3,3,3,2,1
SF,IH2012,2020-08-20 09:32:51.500,3259.0000,18269,1,439617900.000,4,2,2,空开,S,3258.4000,3258.0000,3256.6000,3256.4000,3255.4000,3259.0000,3259.2000,3259.4000,3259.8000,3260.2000,1,1,4,10,1,1,3,3,1,1
SF,IH2012,2020-08-20 09:32:52.000,3258.0000,18270,1,441573000.000,2,1,1,空开,S,3256.6000,3256.4000,3255.4000,3254.8000,3254.6000,3258.6000,3259.0000,3259.8000,3260.2000,3260.6000,4,10,1,1,1,2,1,1,1,1
SF,IH2012,2020-08-20 09:32:52.500,3258.0000,18270,0,441573000.000,0,-,-,-,-,3256.8000,3256.6000,3256.4000,3255.4000,3254.8000,3258.4000,3258.6000,3258.8000,3259.0000,3260.0000,2,4,10,1,1,2,3,3,1,1
SF,IH2012,2020-08-20 09:32:53.000,3258.0000,18270,0,441573000.000,0,-,-,-,-,3257.0000,3256.8000,3256.6000,3256.4000,3254.6000,3258.4000,3259.0000,3260.0000,3260.2000,3260.6000,2,2,4,10,1,1,1,1,1,1
SF,IH2012,2020-08-20 09:32:53.500,3258.0000,18270,0,441573000.000,0,-,-,-,-,3257.2000,3257.0000,3256.6000,3256.4000,3254.6000,3258.4000,3259.0000,3260.0000,3260.2000,3260.6000,2,2,4,10,1,1,1,1,1,1
SF,IH2012,2020-08-20 09:32:54.000,3258.0000,18270,0,441573000.000,0,-,-,-,-,3257.2000,3257.0000,3256.6000,3256.4000,3254.6000,3259.0000,3260.0000,3260.2000,3260.6000,3260.8000,2,2,4,10,1,1,1,1,1,1
SF,IH2012,2020-08-20 09:32:54.500,3258.0000,18270,0,441573000.000,0,-,-,-,-,3258.4000,3257.2000,3257.0000,3256.6000,3256.4000,3258.8000,3259.0000,3260.0000,3260.2000,3260.6000,2,2,2,4,10,2,1,1,1,1
SF,IH2012,2020-08-20 09:32:55.000,3258.2000,18268,-2,443527920.000,2,0,2,双平,S,3257.0000,3256.6000,3256.4000,3254.6000,3254.0000,3258.4000,3259.0000,3260.0000,3260.2000,3260.6000,1,4,10,1,1,1,1,1,1,1
SF,IH2012,2020-08-20 09:32:55.500,3258.2000,18268,0,444505380.000,1,0,1,多换,S,3257.2000,3257.0000,3256.6000,3256.4000,3254.6000,3258.2000,3258.4000,3259.0000,3260.0000,3260.2000,1,1,4,10,1,3,4,1,1,1
SF,IH2012,2020-08-20 09:32:56.000,3257.2000,18269,1,445482540.000,1,1,0,双开,S,3257.0000,3256.6000,3256.4000,3254.6000,3252.2000,3258.2000,3258.4000,3259.0000,3260.0000,3260.2000,1,4,10,1,1,3,4,1,1,1
SF,IH2012,2020-08-20 09:32:56.500,3257.0000,18269,0,446459640.000,1,0,1,多换,S,3256.6000,3256.4000,3254.6000,3252.2000,3251.6000,3258.0000,3258.2000,3258.4000,3259.0000,3260.0000,4,10,1,1,1,1,3,3,1,1
SF,IH2012,2020-08-20 09:32:57.000,3258.2000,18269,0,449391900.000,3,1,2,多换,S,3258.2000,3256.6000,3256.4000,3254.6000,3252.2000,3258.4000,3259.0000,3260.0000,3260.2000,3260.6000,6,4,10,1,1,3,1,1,1,1
SF,IH2012,2020-08-20 09:32:57.500,3258.2000,18263,-6,455256660.000,6,0,6,双平,S,3256.6000,3256.4000,3254.6000,3252.2000,3251.6000,3258.0000,3258.2000,3259.0000,3260.0000,3260.2000,4,10,1,1,1,1,1,1,1,1
SF,IH2012,2020-08-20 09:32:58.000,3258.2000,18262,-1,457211520.000,2,0,2,多平,S,3256.8000,3256.6000,3256.4000,3254.6000,3252.2000,3259.0000,3260.0000,3260.2000,3260.6000,3260.8000,2,4,10,1,1,1,1,1,1,1
SF,IH2012,2020-08-20 09:32:58.500,3258.2000,18262,0,457211520.000,0,-,-,-,-,3256.8000,3256.6000,3256.4000,3254.6000,3252.2000,3258.6000,3258.8000,3259.0000,3260.0000,3260.2000,1,4,10,1,1,1,2,1,1,1
SF,IH2012,2020-08-20 09:32:59.000,3258.2000,18262,0,457211520.000,0,-,-,-,-,3257.0000,3256.8000,3256.6000,3256.4000,3254.6000,3258.4000,3258.6000,3258.8000,3259.0000,3260.0000,2,1,4,10,1,1,1,1,1,1
SF,IH2012,2020-08-20 09:32:59.500,3258.2000,18262,0,457211520.000,0,-,-,-,-,3257.0000,3256.8000,3256.6000,3256.4000,3254.6000,3258.4000,3258.6000,3258.8000,3259.0000,3260.0000,1,1,4,10,1,1,1,1,1,1
SF,IH2012,2020-08-20 09:33:01.000,3258.2000,18262,0,457211520.000,0,-,-,-,-,3257.0000,3256.8000,3256.6000,3254.6000,3252.2000,3258.4000,3258.6000,3258.8000,3259.0000,3260.0000,1,1,4,1,1,1,1,1,1,1
SF,IH2012,2020-08-20 09:33:01.500,3256.6000,18261,-1,461119560.000,4,1,3,多平,S,3256.6000,3254.6000,3252.2000,3251.6000,3251.2000,3258.2000,3258.4000,3258.6000,3259.0000,3260.0000,1,1,1,1,1,2,1,1,1,1
SF,IH2012,2020-08-20 09:33:02.000,3257.0000,18262,1,463073640.000,2,1,1,空开,S,3254.6000,3252.2000,3251.6000,3251.2000,3250.4000,3257.8000,3258.2000,3258.4000,3259.0000,3260.0000,1,1,1,1,1,2,2,1,1,1
SF,IH2012,2020-08-20 09:33:02.500,3257.6000,18261,-1,464050920.000,1,0,1,双平,S,3254.6000,3252.2000,3251.6000,3251.2000,3250.4000,3257.6000,3259.0000,3260.0000,3260.2000,3260.6000,1,1,1,1,1,1,1,1,1,1
SF,IH2012,2020-08-20 09:33:03.000,3257.6000,18261,0,464050920.000,0,-,-,-,-,3254.8000,3254.6000,3252.2000,3251.6000,3251.2000,3257.4000,3257.6000,3259.0000,3260.0000,3260.2000,1,2,1,1,1,1,1,1,1,1
SF,IH2012,2020-08-20 09:33:03.500,3257.6000,18262,1,465028200.000,1,1,0,双开,S,3254.8000,3254.6000,3252.2000,3251.2000,3250.4000,3257.2000,3257.4000,3259.0000,3260.0000,3260.2000,1,1,1,1,1,1,1,1,1,1
SF,IH2012,2020-08-20 09:33:04.000,3257.6000,18262,0,465028200.000,0,-,-,-,-,3254.8000,3254.6000,3252.2000,3252.0000,3251.2000,3257.0000,3257.2000,3259.0000,3260.0000,3260.2000,1,1,1,1,1,3,1,1,1,1
SF,IH2012,2020-08-20 09:33:04.500,3257.6000,18262,0,465028200.000,0,-,-,-,-,3254.8000,3254.6000,3252.2000,3252.0000,3251.2000,3256.8000,3257.0000,3259.0000,3260.0000,3260.2000,1,1,1,1,1,1,3,1,1,1
SF,IH2012,2020-08-20 09:33:05.000,3257.6000,18262,0,465028200.000,0,-,-,-,-,3255.0000,3254.8000,3254.6000,3253.2000,3252.2000,3256.8000,3257.0000,3259.0000,3260.0000,3260.2000,1,1,1,1,1,1,1,1,1,1
SF,IH2012,2020-08-20 09:33:05.500,3257.2000,18261,-1,466982640.000,2,0,2,多平,S,3255.2000,3254.6000,3253.2000,3252.2000,3252.0000,3256.8000,3257.0000,3259.0000,3260.0000,3260.2000,1,1,1,1,1,1,1,1,1,1
SF,IH2012,2020-08-20 09:33:06.000,3257.2000,18261,0,466982640.000,0,-,-,-,-,3254.6000,3253.2000,3252.2000,3252.0000,3251.2000,3256.6000,3256.8000,3259.0000,3260.0000,3260.2000,1,1,1,1,1,1,1,1,1,1
SF,IH2012,2020-08-20 09:33:06.500,3257.2000,18261,0,466982640.000,0,-,-,-,-,3254.8000,3254.6000,3253.2000,3252.2000,3252.0000,3256.4000,3256.6000,3259.0000,3260.0000,3260.2000,1,1,1,1,1,1,1,1,1,1
SF,IH2012,2020-08-20 09:33:07.000,3256.4000,18262,1,469912380.000,3,2,1,空开,S,3253.2000,3252.2000,3252.0000,3251.2000,3250.4000,3256.6000,3259.0000,3260.0000,3260.2000,3260.6000,1,1,1,1,1,1,1,1,1,1
SF,IH2012,2020-08-20 09:33:07.500,3256.4000,18262,0,469912380.000,0,-,-,-,-,3253.8000,3253.6000,3253.4000,3253.2000,3252.2000,3256.6000,3258.0000,3259.0000,3259.6000,3260.0000,1,1,3,1,1,1,1,1,1,1
SF,IH2012,2020-08-20 09:33:08.000,3256.4000,18262,0,469912380.000,0,-,-,-,-,3254.2000,3254.0000,3253.8000,3253.4000,3253.2000,3256.6000,3258.0000,3259.0000,3259.6000,3260.0000,2,4,1,1,1,1,1,1,1,1
SF,IH2012,2020-08-20 09:33:08.500,3256.4000,18262,0,469912380.000,0,-,-,-,-,3256.4000,3255.0000,3254.4000,3254.2000,3253.8000,3256.6000,3258.0000,3259.0000,3259.6000,3260.0000,1,1,2,1,1,1,1,1,1,1
SF,IH2012,2020-08-20 09:33:09.000,3255.0000,18263,1,471865800.000,2,1,1,空开,S,3253.8000,3253.2000,3252.2000,3252.0000,3251.2000,3256.2000,3256.4000,3256.6000,3258.0000,3259.0000,1,1,1,1,1,1,6,1,1,1
SF,IH2012,2020-08-20 09:33:09.500,3254.0000,18264,1,472842000.000,1,1,0,双开,S,3254.0000,3253.8000,3253.2000,3252.2000,3252.0000,3256.0000,3256.2000,3256.4000,3258.0000,3259.0000,4,1,1,1,1,1,1,4,1,1
SF,IH2012,2020-08-20 09:33:10.000,3254.0000,18263,-1,474795000.000,2,0,2,多平,S,3253.8000,3253.2000,3252.2000,3252.0000,3251.2000,3255.8000,3256.4000,3258.0000,3259.0000,3259.6000,1,1,1,1,1,1,4,1,1,1
SF,IH2012,2020-08-20 09:33:10.500,3254.0000,18263,0,474795000.000,0,-,-,-,-,3253.2000,3252.2000,3252.0000,3251.2000,3250.4000,3255.6000,3255.8000,3256.4000,3258.0000,3259.0000,1,1,1,1,1,2,1,4,1,1
SF,IH2012,2020-08-20 09:33:11.000,3255.4000,18263,0,475771620.000,1,0,1,多换,S,3253.4000,3253.2000,3252.2000,3252.0000,3251.2000,3255.6000,3256.4000,3258.0000,3259.0000,3259.6000,1,1,1,1,1,1,3,1,1,1
SF,IH2012,2020-08-20 09:33:11.500,3255.4000,18263,0,475771620.000,0,-,-,-,-,3253.6000,3253.4000,3253.2000,3252.2000,3252.0000,3255.6000,3256.4000,3258.0000,3259.0000,3259.6000,1,1,1,1,1,1,3,1,1,1
SF,IH2012,2020-08-20 09:33:12.000,3255.4000,18264,1,476748240.000,1,1,0,双开,S,3253.8000,3253.6000,3253.2000,3252.2000,3252.0000,3255.6000,3256.4000,3258.0000,3259.0000,3259.6000,2,1,1,1,1,1,1,1,1,1
SF,IH2012,2020-08-20 09:33:12.500,3255.4000,18264,0,476748240.000,0,-,-,-,-,3253.8000,3253.6000,3253.2000,3252.2000,3252.0000,3255.6000,3256.4000,3258.0000,3259.0000,3259.6000,2,1,1,1,1,1,1,1,1,1
SF,IH2012,2020-08-20 09:33:13.000,3254.0000,18264,0,477724440.000,1,0,1,多换,S,3253.8000,3253.2000,3252.2000,3252.0000,3251.2000,3255.6000,3256.4000,3258.0000,3259.0000,3259.6000,2,1,1,1,1,1,1,1,1,1
SF,IH2012,2020-08-20 09:33:13.500,3255.6000,18263,-1,479677800.000,2,0,2,多平,S,3254.0000,3253.8000,3253.2000,3252.2000,3252.0000,3256.4000,3258.0000,3259.0000,3259.6000,3260.0000,1,2,1,1,1,1,1,1,1,2
SF,IH2012,2020-08-20 09:33:14.000,3255.6000,18263,0,479677800.000,0,-,-,-,-,3254.2000,3254.0000,3253.2000,3252.2000,3252.0000,3256.4000,3258.0000,3259.0000,3259.6000,3260.0000,3,1,1,1,1,1,1,1,1,2
SF,IH2012,2020-08-20 09:33:14.500,3255.6000,18263,0,479677800.000,0,-,-,-,-,3254.4000,3254.2000,3253.2000,3252.2000,3252.0000,3256.4000,3258.0000,3259.0000,3259.6000,3260.0000,1,3,1,1,1,1,1,1,1,1
SF,IH2012,2020-08-20 09:33:15.000,3255.6000,18263,0,479677800.000,0,-,-,-,-,3254.6000,3254.4000,3253.2000,3252.2000,3252.0000,3256.4000,3258.0000,3259.0000,3259.6000,3260.0000,5,1,1,1,1,1,1,1,1,1
SF,IH2012,2020-08-20 09:33:15.500,3255.6000,18263,0,479677800.000,0,-,-,-,-,3254.8000,3254.6000,3253.2000,3252.2000,3252.0000,3256.4000,3258.0000,3259.0000,3259.6000,3260.0000,1,5,1,1,1,1,1,1,1,1
SF,IH2012,2020-08-20 09:33:16.000,3255.6000,18263,0,479677800.000,0,-,-,-,-,3255.0000,3254.8000,3254.6000,3253.2000,3252.2000,3258.0000,3259.0000,3259.6000,3260.0000,3260.2000,1,1,2,1,1,1,1,1,1,1
SF,IH2012,2020-08-20 09:33:16.500,3255.6000,18263,0,479677800.000,0,-,-,-,-,3255.2000,3254.6000,3253.2000,3252.2000,3252.0000,3257.8000,3258.0000,3259.0000,3259.6000,3260.0000,1,1,1,1,2,1,1,1,1,1
SF,IH2012,2020-08-20 09:33:18.000,3257.4000,18263,0,480655020.000,1,0,1,多换,S,3255.2000,3254.6000,3253.2000,3252.2000,3252.0000,3257.4000,3257.8000,3258.0000,3259.0000,3259.6000,1,1,1,1,2,2,1,1,1,1
SF,IH2012,2020-08-20 09:33:18.500,3257.4000,18263,0,480655020.000,0,-,-,-,-,3255.4000,3255.2000,3254.6000,3253.2000,3252.2000,3257.2000,3257.4000,3257.6000,3258.0000,3259.0000,1,1,1,1,1,2,2,5,1,1
SF,IH2012,2020-08-20 09:33:19.000,3255.4000,18261,-2,482608320.000,2,0,2,双平,S,3254.6000,3253.2000,3252.2000,3252.0000,3251.2000,3257.0000,3257.2000,3257.4000,3257.6000,3258.0000,1,1,1,2,1,1,2,2,5,1
SF,IH2012,2020-08-20 09:33:19.500,3257.0000,18260,-1,484562460.000,2,0,2,多平,S,3254.8000,3253.2000,3252.2000,3252.0000,3251.2000,3257.2000,3257.4000,3257.6000,3258.0000,3259.0000,1,1,1,2,1,1,2,5,1,1
SF,IH2012,2020-08-20 09:33:20.000,3257.0000,18260,0,484562460.000,0,-,-,-,-,3254.8000,3253.2000,3252.2000,3252.0000,3251.2000,3257.0000,3257.6000,3258.0000,3259.0000,3259.6000,1,1,1,2,1,1,1,1,1,1
SF,IH2012,2020-08-20 09:33:20.500,3257.0000,18260,0,484562460.000,0,-,-,-,-,3254.8000,3253.2000,3252.2000,3252.0000,3251.2000,3256.4000,3257.0000,3257.6000,3258.0000,3259.0000,1,1,1,2,1,3,1,1,1,1
SF,IH2012,2020-08-20 09:33:21.000,3257.0000,18260,0,484562460.000,0,-,-,-,-,3255.2000,3255.0000,3254.8000,3253.2000,3252.2000,3257.0000,3257.6000,3258.0000,3259.0000,3259.6000,1,1,1,1,1,1,1,1,1,1
SF,IH2012,2020-08-20 09:33:21.500,3257.0000,18260,0,484562460.000,0,-,-,-,-,3255.4000,3255.2000,3253.2000,3252.2000,3252.0000,3256.0000,3256.2000,3257.0000,3257.6000,3258.0000,1,1,1,1,2,1,1,1,1,1
SF,IH2012,2020-08-20 09:33:22.000,3257.0000,18260,0,484562460.000,0,-,-,-,-,3255.2000,3253.2000,3252.2000,3252.0000,3251.2000,3257.0000,3257.6000,3258.0000,3259.0000,3259.6000,1,1,1,2,1,1,1,1,1,1
SF,IH2012,2020-08-20 09:33:22.500,3255.2000,18261,1,486515580.000,2,1,1,空开,S,3254.4000,3253.2000,3252.2000,3252.0000,3251.2000,3256.8000,3257.0000,3257.6000,3258.0000,3259.0000,1,1,1,2,1,2,1,1,1,1
SF,IH2012,2020-08-20 09:33:23.000,3255.2000,18261,0,486515580.000,0,-,-,-,-,3254.6000,3254.4000,3253.2000,3252.2000,3252.0000,3256.0000,3256.6000,3256.8000,3257.6000,3258.0000,3,1,1,1,2,3,1,2,1,1
SF,IH2012,2020-08-20 09:33:23.500,3255.2000,18261,0,486515580.000,0,-,-,-,-,3254.8000,3254.6000,3254.4000,3253.2000,3252.2000,3256.2000,3256.6000,3256.8000,3257.6000,3258.0000,1,3,1,1,1,1,1,1,1,1
SF,IH2012,2020-08-20 09:33:25.000,3255.2000,18261,0,486515580.000,0,-,-,-,-,3254.8000,3254.6000,3254.4000,3253.2000,3252.2000,3256.2000,3256.6000,3256.8000,3257.6000,3258.0000,1,3,1,1,1,1,1,1,1,1
SF,IH2012,2020-08-20 09:33:25.500,3255.2000,18261,0,486515580.000,0,-,-,-,-,3254.6000,3254.4000,3253.2000,3252.2000,3252.0000,3256.2000,3256.6000,3256.8000,3257.6000,3258.0000,3,1,1,1,2,1,1,1,1,2
SF,IH2012,2020-08-20 09:33:26.000,3255.2000,18261,0,486515580.000,0,-,-,-,-,3255.0000,3254.6000,3254.4000,3253.2000,3252.2000,3256.2000,3256.6000,3256.8000,3257.6000,3258.0000,1,1,1,1,1,1,1,1,1,2
SF,IH2012,2020-08-20 09:33:26.500,3256.2000,18260,-1,487492440.000,1,0,1,双平,S,3255.0000,3254.6000,3254.4000,3253.2000,3252.2000,3256.6000,3256.8000,3257.6000,3258.0000,3259.0000,1,1,1,1,1,1,1,1,2,1
SF,IH2012,2020-08-20 09:33:28.000,3256.2000,18260,0,487492440.000,0,-,-,-,-,3255.2000,3255.0000,3254.6000,3254.4000,3253.2000,3256.6000,3256.8000,3257.6000,3258.0000,3259.0000,1,1,1,1,1,1,1,1,2,1
SF,IH2012,2020-08-20 09:33:28.500,3256.2000,18260,0,487492440.000,0,-,-,-,-,3255.4000,3255.2000,3255.0000,3254.4000,3253.2000,3256.8000,3257.6000,3258.0000,3259.0000,3259.6000,1,1,1,1,1,1,1,2,1,1
SF,IH2012,2020-08-20 09:33:29.000,3256.2000,18260,0,487492440.000,0,-,-,-,-,3255.4000,3255.0000,3254.8000,3254.4000,3253.2000,3256.8000,3257.6000,3258.0000,3259.0000,3259.6000,1,1,1,1,1,1,1,2,1,1
SF,IH2012,2020-08-20 09:33:29.500,3256.2000,18260,0,487492440.000,0,-,-,-,-,3255.4000,3255.0000,3254.8000,3254.4000,3253.2000,3256.8000,3257.6000,3258.0000,3259.0000,3259.6000,1,1,1,1,1,1,1,2,1,1
SF,IH2012,2020-08-20 09:33:30.000,3256.8000,18260,0,488469480.000,1,0,1,多换,S,3255.6000,3255.4000,3255.0000,3254.8000,3254.4000,3257.6000,3258.0000,3259.0000,3259.6000,3260.0000,1,1,1,1,1,1,2,1,1,1
SF,IH2012,2020-08-20 09:33:30.500,3256.8000,18260,0,488469480.000,0,-,-,-,-,3255.8000,3255.6000,3255.0000,3254.8000,3254.4000,3257.4000,3257.6000,3258.0000,3259.0000,3259.6000,4,1,1,1,1,1,1,2,1,1
SF,IH2012,2020-08-20 09:33:31.000,3256.8000,18260,0,488469480.000,0,-,-,-,-,3255.8000,3255.0000,3254.8000,3254.4000,3253.2000,3257.4000,3257.6000,3258.0000,3259.0000,3259.6000,4,1,1,1,1,1,1,2,1,1
SF,IH2012,2020-08-20 09:33:31.500,3256.8000,18260,0,488469480.000,0,-,-,-,-,3255.8000,3255.0000,3254.8000,3254.4000,3253.2000,3257.4000,3257.6000,3258.0000,3259.0000,3259.6000,2,1,1,1,1,1,1,2,1,1
SF,IH2012,2020-08-20 09:33:32.000,3256.0000,18260,0,489446280.000,1,0,1,多换,S,3255.8000,3255.0000,3254.8000,3254.4000,3253.2000,3257.2000,3257.4000,3257.6000,3258.0000,3259.0000,2,1,1,1,1,1,1,1,2,1
SF,IH2012,2020-08-20 09:33:32.500,3256.0000,18260,0,489446280.000,0,-,-,-,-,3255.8000,3255.0000,3254.8000,3254.4000,3253.2000,3256.4000,3257.2000,3257.4000,3257.6000,3258.0000,2,1,1,1,1,3,1,1,1,2
SF,IH2012,2020-08-20 09:33:33.000,3256.0000,18258,-2,494330520.000,5,1,4,多平,S,3255.8000,3255.0000,3254.8000,3254.4000,3253.2000,3257.4000,3257.6000,3258.0000,3259.0000,3260.0000,1,1,1,1,1,1,1,2,1,1
SF,IH2012,2020-08-20 09:33:33.500,3256.8000,18258,0,496284300.000,2,1,1,多换,S,3255.0000,3254.8000,3254.4000,3253.2000,3252.2000,3256.8000,3257.0000,3257.2000,3257.4000,3257.6000,1,1,1,1,1,1,1,2,1,1
SF,IH2012,2020-08-20 09:33:34.000,3256.8000,18258,0,496284300.000,0,-,-,-,-,3255.2000,3255.0000,3254.8000,3254.4000,3253.2000,3256.6000,3256.8000,3257.0000,3257.2000,3257.6000,1,1,1,1,1,1,1,1,1,1
SF,IH2012,2020-08-20 09:33:34.500,3256.8000,18258,0,496284300.000,0,-,-,-,-,3255.2000,3255.0000,3254.8000,3254.4000,3253.2000,3256.6000,3256.8000,3257.0000,3257.2000,3257.6000,1,1,1,1,1,1,1,1,1,1
SF,IH2012,2020-08-20 09:33:35.000,3255.2000,18257,-1,497260860.000,1,0,1,双平,S,3255.0000,3254.8000,3254.4000,3253.2000,3252.2000,3256.4000,3256.6000,3256.8000,3257.0000,3257.2000,1,1,1,1,1,1,1,1,1,1
SF,IH2012,2020-08-20 09:33:35.500,3255.0000,18256,-1,498237360.000,1,0,1,双平,S,3254.8000,3254.4000,3253.2000,3252.2000,3252.0000,3256.2000,3256.4000,3256.8000,3257.0000,3257.2000,1,1,1,1,2,1,1,1,1,1
SF,IH2012,2020-08-20 09:33:36.000,3254.8000,18257,1,499213800.000,1,1,0,双开,S,3254.4000,3253.2000,3252.2000,3252.0000,3251.2000,3255.2000,3256.0000,3256.2000,3257.0000,3257.2000,1,1,1,2,1,1,1,1,1,1
SF,IH2012,2020-08-20 09:33:36.500,3255.2000,18256,-1,500190360.000,1,0,1,双平,S,3254.6000,3254.4000,3253.2000,3252.2000,3252.0000,3256.2000,3257.0000,3257.2000,3257.6000,3258.0000,1,1,1,1,2,1,1,1,1,2
SF,IH2012,2020-08-20 09:33:37.000,3256.2000,18255,-1,501167220.000,1,0,1,双平,S,3254.6000,3254.4000,3253.2000,3252.2000,3252.0000,3257.0000,3257.2000,3257.6000,3258.0000,3259.0000,1,1,1,1,2,1,1,1,2,1
SF,IH2012,2020-08-20 09:33:37.500,3256.2000,18255,0,501167220.000,0,-,-,-,-,3254.6000,3254.4000,3253.2000,3252.2000,3252.0000,3256.6000,3256.8000,3257.0000,3257.2000,3257.6000,1,1,1,1,2,1,6,1,1,1
SF,IH2012,2020-08-20 09:33:38.000,3256.2000,18255,0,501167220.000,0,-,-,-,-,3254.6000,3254.4000,3253.2000,3252.2000,3252.0000,3256.0000,3256.2000,3256.4000,3256.6000,3256.8000,1,1,1,1,2,1,1,7,2,4
SF,IH2012,2020-08-20 09:33:38.500,3254.6000,18254,-1,502143600.000,1,0,1,双平,S,3254.4000,3253.2000,3252.2000,3252.0000,3251.2000,3255.8000,3256.0000,3256.2000,3256.4000,3256.6000,1,1,1,2,1,2,1,1,1,2
SF,IH2012,2020-08-20 09:33:39.000,3255.6000,18253,-1,503120280.000,1,0,1,双平,S,3254.4000,3253.2000,3252.2000,3252.0000,3251.2000,3255.8000,3256.0000,3256.2000,3256.4000,3256.6000,1,1,1,2,1,2,1,1,1,2
SF,IH2012,2020-08-20 09:33:39.500,3255.6000,18253,0,503120280.000,0,-,-,-,-,3254.4000,3253.2000,3252.2000,3252.0000,3251.2000,3255.8000,3256.2000,3256.4000,3256.6000,3256.8000,1,1,1,2,1,1,1,1,2,4
SF,IH2012,2020-08-20 09:33:40.000,3255.6000,18254,1,505073640.000,2,1,1,空开,S,3254.4000,3253.2000,3252.2000,3252.0000,3251.2000,3255.6000,3255.8000,3256.2000,3256.4000,3256.6000,1,1,1,2,1,3,1,1,1,2
SF,IH2012,2020-08-20 09:33:41.000,3255.6000,18254,0,505073640.000,0,-,-,-,-,3254.4000,3253.2000,3252.2000,3252.0000,3251.2000,3255.8000,3256.2000,3256.4000,3256.6000,3256.8000,1,1,1,2,1,1,1,1,2,4
SF,IH2012,2020-08-20 09:33:41.500,3255.6000,18254,0,505073640.000,0,-,-,-,-,3254.4000,3253.8000,3253.2000,3252.2000,3252.0000,3255.8000,3256.2000,3256.4000,3256.6000,3256.8000,1,1,1,1,2,1,1,1,2,4
SF,IH2012,2020-08-20 09:33:42.000,3255.6000,18254,0,505073640.000,0,-,-,-,-,3254.4000,3253.8000,3253.2000,3252.2000,3252.0000,3255.8000,3256.2000,3256.4000,3256.6000,3256.8000,1,1,1,1,2,1,1,1,2,4
SF,IH2012,2020-08-20 09:33:42.500,3255.6000,18254,0,505073640.000,0,-,-,-,-,3254.6000,3254.4000,3253.8000,3253.2000,3252.2000,3255.6000,3256.2000,3256.4000,3256.6000,3256.8000,1,1,1,1,1,1,1,1,1,3
SF,IH2012,2020-08-20 09:33:43.000,3255.6000,18253,-1,506050320.000,1,0,1,双平,S,3255.8000,3254.6000,3254.4000,3253.8000,3253.2000,3256.2000,3256.4000,3256.6000,3257.0000,3257.6000,7,1,1,1,1,1,1,1,1,1
SF,IH2012,2020-08-20 09:33:43.500,3255.8000,18253,0,512887500.000,7,3,4,多换,S,3254.6000,3254.4000,3253.8000,3253.2000,3252.2000,3255.8000,3256.6000,3257.0000,3257.6000,3258.0000,1,1,1,1,1,2,1,1,1,1
SF,IH2012,2020-08-20 09:33:44.000,3255.8000,18253,0,513864240.000,1,0,1,多换,S,3254.6000,3254.4000,3253.8000,3253.2000,3252.2000,3255.8000,3256.6000,3257.0000,3257.6000,3258.0000,1,1,1,1,1,1,1,1,1,1
SF,IH2012,2020-08-20 09:33:44.500,3254.6000,18252,-1,514840620.000,1,0,1,双平,S,3254.4000,3253.8000,3253.2000,3252.2000,3252.0000,3256.6000,3257.0000,3257.6000,3258.0000,3259.0000,1,1,1,1,2,1,1,1,1,1
SF,IH2012,2020-08-20 09:33:45.000,3254.4000,18252,0,515816940.000,1,0,1,多换,S,3253.8000,3253.2000,3252.2000,3252.0000,3251.2000,3255.2000,3256.2000,3256.4000,3256.6000,3257.0000,1,1,1,2,1,3,4,3,1,1
SF,IH2012,2020-08-20 09:33:45.500,3254.4000,18252,0,515816940.000,0,-,-,-,-,3253.8000,3253.2000,3252.2000,3252.0000,3251.2000,3256.2000,3256.4000,3256.6000,3257.0000,3257.6000,1,1,1,2,1,1,3,1,1,1
SF,IH2012,2020-08-20 09:33:46.000,3254.4000,18252,0,515816940.000,0,-,-,-,-,3254.0000,3253.8000,3253.2000,3252.2000,3252.0000,3256.0000,3256.2000,3256.4000,3256.6000,3257.0000,1,1,1,1,2,2,1,1,1,1
SF,IH2012,2020-08-20 09:33:46.500,3254.4000,18252,0,515816940.000,0,-,-,-,-,3255.6000,3253.8000,3253.2000,3252.2000,3252.0000,3255.8000,3256.0000,3256.2000,3256.4000,3256.6000,1,1,1,1,2,1,2,1,1,1
SF,IH2012,2020-08-20 09:33:47.000,3255.6000,18252,0,516793620.000,1,0,1,多换,S,3253.8000,3253.2000,3252.2000,3252.0000,3251.2000,3255.0000,3255.2000,3255.4000,3255.6000,3255.8000,1,1,1,2,1,1,3,4,3,1
SF,IH2012,2020-08-20 09:33:47.500,3255.6000,18252,0,516793620.000,0,-,-,-,-,3253.8000,3253.2000,3252.2000,3252.0000,3251.2000,3255.4000,3255.6000,3255.8000,3256.2000,3256.6000,1,1,1,2,1,1,1,1,1,1
SF,IH2012,2020-08-20 09:33:48.000,3255.6000,18252,0,516793620.000,0,-,-,-,-,3255.0000,3254.0000,3253.8000,3253.2000,3252.2000,3255.4000,3255.6000,3255.8000,3256.2000,3256.6000,1,1,1,1,1,1,1,1,1,1
SF,IH2012,2020-08-20 09:33:48.500,3255.0000,18252,0,518746620.000,2,1,1,多换,S,3254.0000,3253.8000,3253.2000,3252.2000,3252.0000,3255.4000,3255.6000,3255.8000,3256.2000,3256.6000,1,1,1,1,1,1,1,1,1,1
SF,IH2012,2020-08-20 09:33:49.000,3255.6000,18250,-2,520699920.000,2,0,2,双平,S,3254.0000,3253.8000,3253.2000,3252.2000,3252.0000,3255.8000,3256.2000,3256.6000,3257.0000,3258.0000,1,1,1,1,1,1,1,1,1,1
SF,IH2012,2020-08-20 09:33:49.500,3255.6000,18250,0,520699920.000,0,-,-,-,-,3254.2000,3254.0000,3253.8000,3253.2000,3252.2000,3255.2000,3255.4000,3255.6000,3255.8000,3256.2000,2,1,1,1,1,3,3,1,1,1
SF,IH2012,2020-08-20 09:33:50.000,3254.2000,18249,-1,521676180.000,1,0,1,双平,S,3254.0000,3253.8000,3253.2000,3252.2000,3252.0000,3255.2000,3255.4000,3255.6000,3255.8000,3256.2000,1,1,1,1,1,3,3,1,1,1
SF,IH2012,2020-08-20 09:33:50.500,3255.0000,18248,-1,522652680.000,1,0,1,双平,S,3254.0000,3253.8000,3253.2000,3252.2000,3252.0000,3255.6000,3255.8000,3256.2000,3256.6000,3257.0000,1,1,1,1,1,1,1,1,1,1
SF,IH2012,2020-08-20 09:33:51.000,3255.0000,18248,0,522652680.000,0,-,-,-,-,3254.2000,3253.8000,3253.2000,3252.2000,3252.0000,3255.4000,3255.6000,3255.8000,3256.2000,3256.6000,1,1,1,1,1,1,1,1,1,1
SF,IH2012,2020-08-20 09:33:51.500,3254.2000,18248,0,523628940.000,1,0,1,多换,S,3253.8000,3253.2000,3252.2000,3252.0000,3251.2000,3254.0000,3254.6000,3254.8000,3255.0000,3255.4000,1,1,1,1,1,1,1,3,3,1
SF,IH2012,2020-08-20 09:33:52.000,3254.0000,18246,-2,526557600.000,3,0,3,多平,S,3253.8000,3253.2000,3252.2000,3252.0000,3251.2000,3254.6000,3254.8000,3255.0000,3255.4000,3255.6000,1,1,1,1,1,1,3,3,1,1
SF,IH2012,2020-08-20 09:33:52.500,3254.0000,18246,0,526557600.000,0,-,-,-,-,3253.8000,3253.2000,3252.2000,3252.0000,3251.2000,3254.6000,3254.8000,3255.0000,3255.6000,3256.2000,1,1,1,1,1,2,3,3,1,1
SF,IH2012,2020-08-20 09:33:53.000,3254.6000,18247,1,527533980.000,1,1,0,双开,S,3253.8000,3253.2000,3252.2000,3252.0000,3251.2000,3254.6000,3254.8000,3255.0000,3255.6000,3256.2000,1,1,1,1,1,1,3,3,1,1
SF,IH2012,2020-08-20 09:33:53.500,3254.6000,18246,-1,528510360.000,1,0,1,双平,S,3253.8000,3253.2000,3252.2000,3252.0000,3251.2000,3255.6000,3256.2000,3256.6000,3257.0000,3258.0000,1,1,1,1,1,1,2,1,1,1
SF,IH2012,2020-08-20 09:33:54.000,3254.0000,18245,-1,529486560.000,1,0,1,双平,S,3253.8000,3253.2000,3252.2000,3252.0000,3251.2000,3255.4000,3255.6000,3256.2000,3256.6000,3257.0000,1,1,1,1,1,1,1,2,1,1
SF,IH2012,2020-08-20 09:33:54.500,3254.0000,18245,0,529486560.000,0,-,-,-,-,3254.6000,3253.8000,3253.2000,3252.2000,3252.0000,3255.4000,3255.6000,3256.2000,3256.6000,3257.0000,1,1,1,1,1,1,1,2,1,1
SF,IH2012,2020-08-20 09:33:55.000,3254.4000,18244,-1,530462880.000,1,0,1,双平,S,3253.8000,3253.2000,3252.2000,3252.0000,3251.2000,3254.6000,3255.4000,3256.2000,3256.6000,3257.0000,1,1,1,1,1,1,1,2,1,1
SF,IH2012,2020-08-20 09:33:55.500,3254.6000,18243,-1,531439260.000,1,0,1,双平,S,3254.6000,3254.0000,3253.8000,3253.2000,3252.2000,3255.4000,3256.2000,3256.6000,3257.0000,3258.0000,1,1,1,1,1,1,2,1,1,1
SF,IH2012,2020-08-20 09:33:56.000,3254.2000,18243,0,534368100.000,3,1,2,多换,S,3253.8000,3253.2000,3252.2000,3252.0000,3251.2000,3254.2000,3254.4000,3256.2000,3256.6000,3257.0000,1,1,1,1,1,2,3,2,1,1
SF,IH2012,2020-08-20 09:33:56.500,3254.4000,18240,-3,538273260.000,4,0,4,多平,S,3253.8000,3253.2000,3252.2000,3252.0000,3251.2000,3254.6000,3256.2000,3256.6000,3257.0000,3258.0000,1,1,1,1,1,1,2,1,1,1
SF,IH2012,2020-08-20 09:33:57.000,3254.4000,18240,0,538273260.000,0,-,-,-,-,3253.8000,3253.2000,3252.2000,3252.0000,3251.2000,3254.0000,3254.6000,3256.2000,3256.6000,3257.0000,1,1,1,1,1,1,1,2,1,1
SF,IH2012,2020-08-20 09:33:57.500,3254.0000,18239,-1,539249460.000,1,0,1,双平,S,3253.8000,3253.2000,3252.2000,3252.0000,3251.2000,3256.2000,3256.6000,3257.0000,3259.0000,3260.0000,1,1,1,1,1,2,1,1,2,2
SF,IH2012,2020-08-20 09:33:58.000,3254.0000,18239,0,539249460.000,0,-,-,-,-,3254.0000,3253.8000,3253.2000,3252.2000,3252.0000,3256.0000,3256.2000,3256.6000,3257.0000,3259.0000,1,1,1,1,1,3,2,1,1,2
SF,IH2012,2020-08-20 09:33:58.500,3254.0000,18239,0,539249460.000,0,-,-,-,-,3254.0000,3253.8000,3253.2000,3252.2000,3252.0000,3255.0000,3255.8000,3256.0000,3256.2000,3256.6000,1,1,1,1,1,2,2,2,2,1
SF,IH2012,2020-08-20 09:33:59.000,3254.0000,18239,0,539249460.000,0,-,-,-,-,3254.0000,3253.8000,3253.2000,3252.2000,3252.0000,3255.0000,3255.2000,3256.0000,3256.2000,3256.6000,1,1,1,1,1,2,3,2,2,1
SF,IH2012,2020-08-20 09:33:59.500,3254.0000,18239,0,539249460.000,0,-,-,-,-,3254.0000,3253.8000,3253.2000,3252.2000,3252.0000,3255.0000,3256.0000,3256.2000,3256.6000,3257.0000,1,1,1,1,1,2,2,2,1,1
SF,IH2012,2020-08-20 09:34:00.000,3254.0000,18239,0,540225660.000,1,0,1,多换,S,3253.8000,3253.2000,3252.2000,3252.0000,3251.2000,3254.0000,3255.0000,3256.0000,3256.2000,3256.6000,1,1,1,1,1,1,2,2,2,1
SF,IH2012,2020-08-20 09:34:00.500,3254.0000,18238,-1,541201860.000,1,0,1,双平,S,3253.8000,3253.2000,3252.2000,3252.0000,3251.2000,3254.0000,3255.0000,3256.0000,3256.2000,3256.6000,1,1,1,1,1,1,2,1,2,1
SF,IH2012,2020-08-20 09:34:01.000,3253.8000,18238,0,543154200.000,2,1,1,多换,S,3254.4000,3253.2000,3252.2000,3252.0000,3251.2000,3255.0000,3256.0000,3256.2000,3256.6000,3257.0000,1,1,1,1,1,2,1,2,1,1
SF,IH2012,2020-08-20 09:34:01.500,3254.2000,18237,-1,544130460.000,1,0,1,双平,S,3253.2000,3252.2000,3252.0000,3251.2000,3250.4000,3254.4000,3255.0000,3256.0000,3256.2000,3256.6000,1,1,1,1,1,3,2,1,2,1
SF,IH2012,2020-08-20 09:34:02.000,3254.2000,18237,0,544130460.000,0,-,-,-,-,3253.4000,3253.2000,3252.2000,3252.0000,3251.2000,3254.4000,3255.0000,3256.0000,3256.2000,3256.6000,1,1,1,1,1,1,2,1,2,1
SF,IH2012,2020-08-20 09:34:02.500,3254.2000,18237,0,544130460.000,0,-,-,-,-,3253.2000,3252.2000,3252.0000,3251.2000,3250.4000,3254.4000,3255.0000,3256.0000,3256.2000,3256.6000,1,1,1,1,1,1,2,1,2,1
SF,IH2012,2020-08-20 09:34:03.000,3254.2000,18237,0,544130460.000,0,-,-,-,-,3254.0000,3253.2000,3252.2000,3252.0000,3251.2000,3254.4000,3255.0000,3256.0000,3256.2000,3256.6000,1,1,1,1,1,1,2,1,2,1
SF,IH2012,2020-08-20 09:34:04.000,3254.0000,18238,1,545106660.000,1,1,0,双开,S,3253.2000,3252.2000,3252.0000,3251.2000,3250.4000,3255.0000,3256.0000,3256.2000,3256.6000,3257.0000,1,1,1,1,1,2,1,2,1,1
SF,IH2012,2020-08-20 09:34:04.500,3254.0000,18238,0,545106660.000,0,-,-,-,-,3253.2000,3252.2000,3252.0000,3251.2000,3250.4000,3254.8000,3255.0000,3256.2000,3256.6000,3257.0000,1,1,1,1,1,3,2,2,1,1
SF,IH2012,2020-08-20 09:34:05.500,3254.0000,18238,0,545106660.000,0,-,-,-,-,3253.2000,3252.2000,3252.0000,3251.2000,3250.4000,3254.4000,3254.8000,3255.0000,3256.2000,3256.6000,1,1,1,1,1,3,3,1,2,1
SF,IH2012,2020-08-20 09:34:06.000,3254.0000,18238,0,545106660.000,0,-,-,-,-,3253.2000,3252.2000,3252.0000,3251.2000,3250.4000,3254.2000,3254.8000,3255.0000,3256.2000,3256.6000,1,1,1,1,1,1,1,1,2,1
SF,IH2012,2020-08-20 09:34:06.500,3254.0000,18238,0,545106660.000,0,-,-,-,-,3253.2000,3252.2000,3252.0000,3251.2000,3250.4000,3254.2000,3254.8000,3255.0000,3256.2000,3256.6000,1,1,1,1,1,1,1,1,2,1
SF,IH2012,2020-08-20 09:34:07.000,3254.0000,18238,0,545106660.000,0,-,-,-,-,3254.0000,3253.4000,3253.2000,3252.2000,3252.0000,3254.2000,3254.8000,3255.0000,3256.2000,3256.6000,1,1,1,1,1,1,1,1,2,1
SF,IH2012,2020-08-20 09:34:07.500,3254.0000,18238,0,546082860.000,1,0,1,多换,S,3253.4000,3253.2000,3252.2000,3252.0000,3251.2000,3255.0000,3256.2000,3256.6000,3257.0000,3258.6000,1,1,1,1,1,1,1,1,1,3
SF,IH2012,2020-08-20 09:34:08.000,3253.4000,18238,0,547058880.000,1,0,1,多换,S,3253.2000,3252.2000,3252.0000,3251.2000,3250.4000,3254.8000,3255.0000,3256.2000,3256.6000,3257.0000,1,1,1,1,1,1,1,1,1,1
SF,IH2012,2020-08-20 09:34:11.000,3254.8000,18237,-1,548035320.000,1,0,1,双平,S,3253.2000,3252.2000,3252.0000,3251.2000,3250.4000,3255.0000,3256.2000,3256.6000,3257.0000,3258.6000,1,1,1,1,1,1,1,1,1,3
SF,IH2012,2020-08-20 09:34:11.500,3254.8000,18237,0,548035320.000,0,-,-,-,-,3253.4000,3253.2000,3252.2000,3252.0000,3251.2000,3254.8000,3255.0000,3256.2000,3256.6000,3257.0000,1,1,1,1,1,1,1,1,1,1
SF,IH2012,2020-08-20 09:34:12.500,3254.8000,18236,-1,549011760.000,1,0,1,双平,S,3254.8000,3253.4000,3253.2000,3252.2000,3252.0000,3255.0000,3256.2000,3256.6000,3257.0000,3258.6000,3,1,1,1,1,1,1,1,1,3
SF,IH2012,2020-08-20 09:34:13.000,3254.8000,18235,-1,552917580.000,4,1,3,多平,S,3253.4000,3253.2000,3252.2000,3252.0000,3251.2000,3256.2000,3256.6000,3257.0000,3258.6000,3259.0000,1,1,1,1,1,1,1,1,3,2
SF,IH2012,2020-08-20 09:34:13.500,3253.6000,18234,-1,553893660.000,1,0,1,双平,S,3253.4000,3253.2000,3252.2000,3252.0000,3251.2000,3256.0000,3256.2000,3256.6000,3257.0000,3258.6000,1,1,1,1,1,3,1,1,1,3
SF,IH2012,2020-08-20 09:34:14.000,3253.6000,18234,0,553893660.000,0,-,-,-,-,3253.6000,3253.4000,3253.2000,3252.2000,3252.0000,3256.0000,3256.2000,3256.6000,3257.0000,3258.6000,1,1,1,1,1,2,1,1,1,3
SF,IH2012,2020-08-20 09:34:14.500,3253.6000,18234,0,553893660.000,0,-,-,-,-,3253.8000,3253.2000,3252.2000,3252.0000,3251.2000,3255.6000,3256.0000,3256.2000,3256.6000,3257.0000,1,1,1,1,1,1,2,1,1,1
SF,IH2012,2020-08-20 09:34:15.000,3253.6000,18234,0,553893660.000,0,-,-,-,-,3253.8000,3253.2000,3252.2000,3252.0000,3251.2000,3255.4000,3256.2000,3256.6000,3257.0000,3258.6000,2,1,1,1,1,2,1,1,1,3
SF,IH2012,2020-08-20 09:34:15.500,3253.6000,18234,0,553893660.000,0,-,-,-,-,3253.8000,3253.2000,3252.2000,3252.0000,3251.2000,3255.4000,3256.2000,3256.6000,3257.0000,3258.6000,1,1,1,1,1,2,1,1,1,3
SF,IH2012,2020-08-20 09:34:16.000,3253.6000,18234,0,553893660.000,0,-,-,-,-,3253.8000,3253.4000,3253.2000,3252.2000,3252.0000,3255.4000,3256.2000,3256.6000,3257.0000,3258.6000,1,1,1,1,1,2,1,1,1,3
SF,IH2012,2020-08-20 09:34:18.500,3253.6000,18234,0,553893660.000,0,-,-,-,-,3253.8000,3253.4000,3253.2000,3252.2000,3252.0000,3255.2000,3255.4000,3256.2000,3256.6000,3257.0000,1,1,1,1,1,1,2,1,1,1
SF,IH2012,2020-08-20 09:34:19.000,3253.6000,18234,0,553893660.000,0,-,-,-,-,3253.8000,3253.4000,3253.2000,3252.2000,3252.0000,3255.4000,3256.2000,3256.6000,3257.0000,3258.6000,1,1,1,1,1,2,1,1,1,3
SF,IH2012,2020-08-20 09:34:19.500,3253.6000,18234,0,553893660.000,0,-,-,-,-,3253.8000,3253.4000,3253.2000,3252.2000,3252.0000,3255.0000,3255.4000,3256.2000,3256.6000,3257.0000,1,1,1,1,1,1,2,1,1,1
SF,IH2012,2020-08-20 09:34:20.000,3253.6000,18234,0,553893660.000,0,-,-,-,-,3253.8000,3253.4000,3253.2000,3252.2000,3252.0000,3255.4000,3256.2000,3256.6000,3257.0000,3258.6000,1,1,1,1,1,2,1,1,1,3
SF,IH2012,2020-08-20 09:34:22.500,3255.2000,18235,1,554870220.000,1,1,0,双开,S,3253.8000,3253.4000,3253.2000,3252.2000,3252.0000,3255.0000,3255.4000,3256.2000,3256.6000,3257.0000,1,1,1,1,1,1,2,1,1,1
SF,IH2012,2020-08-20 09:34:23.000,3255.2000,18235,0,556823340.000,2,1,1,多换,S,3253.8000,3253.4000,3253.2000,3252.2000,3252.0000,3255.4000,3256.2000,3256.6000,3257.0000,3258.6000,1,1,1,1,1,2,1,1,1,3
SF,IH2012,2020-08-20 09:34:23.500,3255.2000,18235,0,556823340.000,0,-,-,-,-,3253.4000,3253.2000,3252.2000,3252.0000,3251.2000,3255.0000,3255.4000,3256.2000,3256.6000,3257.0000,1,1,1,1,1,1,2,1,1,1
SF,IH2012,2020-08-20 09:34:24.000,3255.2000,18235,0,556823340.000,0,-,-,-,-,3253.6000,3253.4000,3253.2000,3252.2000,3252.0000,3254.8000,3255.0000,3255.4000,3256.2000,3256.6000,1,1,1,1,1,3,4,2,1,1
SF,IH2012,2020-08-20 09:34:24.500,3253.6000,18235,0,557799420.000,1,0,1,多换,S,3253.4000,3253.2000,3252.2000,3252.0000,3251.2000,3254.8000,3255.0000,3255.4000,3256.2000,3256.6000,1,1,1,1,1,3,4,2,1,1
SF,IH2012,2020-08-20 09:34:25.000,3253.4000,18235,0,558775440.000,1,0,1,多换,S,3253.2000,3252.2000,3252.0000,3251.2000,3250.4000,3254.6000,3255.4000,3256.2000,3256.6000,3257.0000,1,1,1,1,1,2,2,1,1,1
SF,IH2012,2020-08-20 09:34:25.500,3253.4000,18235,0,558775440.000,0,-,-,-,-,3253.2000,3252.2000,3252.0000,3251.2000,3250.4000,3254.0000,3254.2000,3254.4000,3254.6000,3255.4000,1,1,1,1,1,1,3,5,2,1
SF,IH2012,2020-08-20 09:34:26.000,3253.2000,18234,-1,560727360.000,2,0,2,多平,S,3252.2000,3252.0000,3251.2000,3250.4000,3250.0000,3253.2000,3253.8000,3254.0000,3254.4000,3254.6000,1,1,1,1,44,1,1,1,1,2
SF,IH2012,2020-08-20 09:34:26.500,3252.2000,18234,0,561703020.000,1,0,1,多换,S,3252.4000,3252.0000,3251.2000,3250.4000,3250.0000,3253.8000,3254.0000,3254.4000,3256.2000,3256.6000,1,1,1,1,44,1,1,1,1,1
SF,IH2012,2020-08-20 09:34:27.000,3253.6000,18233,-1,562679100.000,1,0,1,双平,S,3252.4000,3252.0000,3251.2000,3250.4000,3250.0000,3253.6000,3253.8000,3254.0000,3256.2000,3256.6000,1,1,1,1,44,1,1,1,1,1
SF,IH2012,2020-08-20 09:34:27.500,3252.4000,18233,0,563654820.000,1,0,1,多换,S,3252.0000,3251.2000,3250.4000,3250.0000,3249.4000,3252.4000,3252.8000,3253.0000,3253.6000,3253.8000,1,1,1,44,1,1,3,3,1,1
SF,IH2012,2020-08-20 09:34:28.000,3252.4000,18232,-1,564630540.000,1,0,1,双平,S,3253.4000,3252.0000,3251.2000,3250.4000,3250.0000,3253.6000,3253.8000,3256.2000,3256.6000,3258.6000,1,1,1,1,44,1,1,1,1,4
SF,IH2012,2020-08-20 09:34:28.500,3252.0000,18232,0,566582160.000,2,1,1,多换,S,3251.2000,3250.4000,3250.0000,3248.8000,3247.2000,3252.4000,3252.6000,3252.8000,3253.2000,3253.4000,1,1,44,2,1,2,3,3,3,5
SF,IH2012,2020-08-20 09:34:29.000,3252.0000,18232,0,566582160.000,0,-,-,-,-,3251.2000,3250.4000,3250.0000,3248.8000,3247.2000,3253.2000,3253.4000,3253.8000,3256.2000,3256.6000,1,1,44,2,1,1,1,1,1,1
SF,IH2012,2020-08-20 09:34:29.500,3253.0000,18232,0,567558060.000,1,0,1,多换,S,3251.4000,3251.2000,3250.4000,3250.0000,3248.8000,3253.0000,3253.2000,3253.4000,3253.8000,3256.2000,1,1,1,44,2,3,1,1,1,1
