市场代码,合约代码,时间,最新,持仓,增仓,成交额,成交量,开仓,平仓,成交类型,方向,买一价,买二价,买三价,买四价,买五价,卖一价,卖二价,卖三价,卖四价,卖五价,买一量,买二量,买三量,买四量,买五量,卖一量,卖二量,卖三量,卖四量,卖五量
SF,IH2006,2020-01-03 09:29:00.400,3116.8000,7173,0,2805120.000,3.000,-,-,-,-,3114.0000,3112.6000,3111.0000,3110.0000,3108.4000,3117.0000,3118.0000,3119.0000,3119.4000,3120.0000,1,1,1,2,1,1,1,1,2,1
SF,IH2006,2020-01-03 09:30:00.400,3117.0000,7172,-1,6545340.000,4,1,3,多平,S,3114.4000,3112.6000,3111.0000,3110.0000,3108.4000,3118.0000,3119.0000,3119.4000,3120.0000,3120.8000,4,1,2,1,1,1,1,2,2,1
SF,IH2006,2020-01-03 09:30:00.900,3118.0000,7172,0,9351300.000,3,1,2,多换,S,3117.0000,3114.6000,3111.0000,3110.0000,3105.6000,3119.0000,3119.4000,3120.0000,3120.8000,3123.0000,3,2,2,1,2,1,2,2,1,1
SF,IH2006,2020-01-03 09:30:01.400,3118.6000,7172,0,13092180.000,4,2,2,多换,S,3111.0000,3110.0000,3108.4000,3105.6000,3101.4000,3118.6000,3118.8000,3119.0000,3119.2000,3119.4000,2,1,5,2,1,4,2,1,1,2
SF,IH2006,2020-01-03 09:30:01.900,3118.6000,7172,0,13092180.000,0,-,-,-,-,3113.0000,3111.4000,3111.2000,3111.0000,3110.0000,3117.0000,3118.4000,3118.6000,3118.8000,3119.0000,1,5,5,1,1,1,1,5,2,1
SF,IH2006,2020-01-03 09:30:02.400,3118.6000,7172,0,13092180.000,0,-,-,-,-,3113.4000,3113.2000,3113.0000,3111.4000,3111.2000,3116.8000,3118.6000,3118.8000,3119.0000,3119.2000,1,1,1,4,4,1,5,2,1,1
SF,IH2006,2020-01-03 09:30:02.900,3118.6000,7171,-1,14027760.000,1,0,1,双平,S,3113.6000,3113.0000,3111.2000,3111.0000,3110.0000,3116.4000,3116.8000,3118.0000,3118.6000,3118.8000,1,1,4,1,1,2,1,1,2,2
SF,IH2006,2020-01-03 09:30:03.400,3117.0000,7170,-1,14962860.000,1,0,1,双平,S,3113.6000,3113.0000,3111.2000,3111.0000,3110.0000,3118.0000,3118.6000,3118.8000,3119.0000,3119.2000,1,1,4,1,1,1,2,2,1,1
SF,IH2006,2020-01-03 09:30:03.900,3117.0000,7170,0,14962860.000,0,-,-,-,-,3117.0000,3113.6000,3113.0000,3111.2000,3111.0000,3117.6000,3117.8000,3118.0000,3118.6000,3118.8000,1,1,1,4,1,3,1,1,1,2
SF,IH2006,2020-01-03 09:30:04.400,3117.0000,7169,-1,15897960.000,1,0,1,双平,S,3113.6000,3111.2000,3111.0000,3110.0000,3108.4000,3117.0000,3117.6000,3118.0000,3118.6000,3118.8000,1,2,1,1,5,3,3,1,1,2
SF,IH2006,2020-01-03 09:30:04.900,3117.0000,7169,0,15897960.000,0,-,-,-,-,3113.6000,3111.0000,3110.0000,3105.6000,3104.6000,3116.6000,3116.8000,3118.0000,3118.6000,3119.0000,1,1,1,2,5,3,3,1,1,1
SF,IH2006,2020-01-03 09:30:05.400,3113.6000,7168,-1,16832040.000,1,0,1,双平,S,3111.0000,3110.0000,3105.6000,3104.6000,3101.4000,3113.6000,3116.0000,3116.4000,3116.6000,3116.8000,1,1,2,5,1,1,2,1,3,2
SF,IH2006,2020-01-03 09:30:05.900,3113.6000,7167,-1,17766120.000,1,0,1,双平,S,3111.4000,3111.2000,3111.0000,3110.8000,3110.0000,3116.0000,3116.4000,3116.6000,3116.8000,3118.0000,2,1,1,1,1,2,1,3,2,1
SF,IH2006,2020-01-03 09:30:06.400,3111.0000,7166,-1,21499740.000,4,1,3,多平,S,3110.8000,3110.0000,3108.8000,3105.6000,3104.6000,3114.8000,3115.0000,3115.6000,3115.8000,3116.0000,1,1,1,2,5,1,1,4,2,2
SF,IH2006,2020-01-03 09:30:06.900,3111.0000,7166,0,21499740.000,0,-,-,-,-,3111.0000,3110.8000,3110.0000,3108.8000,3105.6000,3111.4000,3114.6000,3114.8000,3115.0000,3115.8000,1,1,1,1,2,1,5,1,1,1
SF,IH2006,2020-01-03 09:30:07.400,3111.4000,7165,-1,22433160.000,1,0,1,双平,S,3112.0000,3110.8000,3110.0000,3108.8000,3105.6000,3114.6000,3114.8000,3115.0000,3115.8000,3116.0000,2,1,1,1,2,5,1,1,1,2
SF,IH2006,2020-01-03 09:30:07.900,3111.8000,7164,-1,23366700.000,1,0,1,双平,S,3110.8000,3110.0000,3108.8000,3105.6000,3104.6000,3114.6000,3114.8000,3115.0000,3115.8000,3116.0000,1,1,1,2,5,5,1,1,1,2
SF,IH2006,2020-01-03 09:30:08.400,3111.8000,7164,0,23366700.000,0,-,-,-,-,3111.0000,3110.8000,3110.0000,3105.8000,3105.6000,3114.4000,3114.6000,3114.8000,3115.0000,3116.0000,1,1,1,1,2,1,5,1,1,2
SF,IH2006,2020-01-03 09:30:08.900,3111.8000,7164,0,23366700.000,0,-,-,-,-,3111.0000,3110.8000,3110.0000,3105.8000,3105.6000,3114.0000,3114.2000,3114.8000,3115.0000,3116.0000,1,1,1,1,2,4,1,1,1,2
SF,IH2006,2020-01-03 09:30:09.400,3111.8000,7164,0,23366700.000,0,-,-,-,-,3111.0000,3110.8000,3110.0000,3105.8000,3105.6000,3113.8000,3114.0000,3114.8000,3115.0000,3115.8000,1,1,1,1,2,1,1,1,1,1
SF,IH2006,2020-01-03 09:30:09.900,3111.8000,7164,0,23366700.000,0,-,-,-,-,3111.6000,3111.0000,3110.8000,3110.0000,3105.8000,3113.8000,3114.0000,3114.8000,3115.0000,3115.8000,1,1,1,1,1,1,1,1,1,1
SF,IH2006,2020-01-03 09:30:10.400,3111.8000,7164,0,23366700.000,0,-,-,-,-,3111.8000,3111.6000,3110.8000,3110.0000,3104.6000,3113.8000,3114.0000,3114.8000,3115.0000,3115.8000,2,1,1,1,5,1,1,1,1,1
SF,IH2006,2020-01-03 09:30:10.900,3111.8000,7164,0,23366700.000,0,-,-,-,-,3111.8000,3111.6000,3110.8000,3110.0000,3104.6000,3113.8000,3114.8000,3115.0000,3115.8000,3116.0000,2,1,1,1,5,1,1,1,1,2
SF,IH2006,2020-01-03 09:30:11.900,3111.8000,7164,0,23366700.000,0,-,-,-,-,3111.8000,3111.6000,3110.8000,3110.0000,3104.6000,3113.8000,3114.8000,3115.0000,3115.8000,3116.0000,2,1,1,1,5,1,1,1,1,2
SF,IH2006,2020-01-03 09:30:12.400,3111.8000,7164,0,23366700.000,0,-,-,-,-,3112.6000,3111.8000,3110.8000,3110.0000,3104.6000,3115.8000,3116.0000,3119.0000,3119.2000,3119.8000,2,2,1,1,5,1,2,1,1,1
SF,IH2006,2020-01-03 09:30:12.900,3111.8000,7164,0,23366700.000,0,-,-,-,-,3112.8000,3112.6000,3111.8000,3110.8000,3110.0000,3115.6000,3115.8000,3116.0000,3119.0000,3119.2000,2,2,1,1,1,1,1,2,1,1
SF,IH2006,2020-01-03 09:30:13.400,3115.6000,7164,0,24301380.000,1,0,1,多换,S,3113.2000,3112.8000,3111.8000,3110.8000,3110.0000,3115.8000,3116.0000,3119.0000,3119.2000,3119.8000,2,2,1,1,1,1,2,1,1,1
SF,IH2006,2020-01-03 09:30:13.900,3115.6000,7164,0,24301380.000,0,-,-,-,-,3113.4000,3113.2000,3113.0000,3112.8000,3111.8000,3115.6000,3115.8000,3116.0000,3119.0000,3119.2000,2,2,1,1,1,3,1,2,1,1
SF,IH2006,2020-01-03 09:30:14.400,3115.6000,7164,0,24301380.000,0,-,-,-,-,3113.4000,3113.2000,3112.8000,3111.8000,3110.0000,3115.6000,3115.8000,3116.0000,3119.0000,3119.2000,2,2,1,1,1,2,1,2,1,1
SF,IH2006,2020-01-03 09:30:14.900,3115.6000,7162,-2,26170740.000,2,0,2,双平,S,3113.4000,3113.2000,3112.8000,3111.8000,3110.0000,3115.8000,3116.0000,3119.0000,3119.2000,3119.8000,2,2,1,1,1,1,2,1,1,1
SF,IH2006,2020-01-03 09:30:15.400,3115.6000,7162,0,27105420.000,1,0,1,多换,S,3113.4000,3113.2000,3112.8000,3110.0000,3104.6000,3115.8000,3116.0000,3119.0000,3119.2000,3119.8000,2,2,1,1,5,1,2,1,1,1
SF,IH2006,2020-01-03 09:30:15.900,3115.6000,7162,0,27105420.000,0,-,-,-,-,3113.4000,3113.2000,3112.8000,3110.0000,3104.6000,3115.8000,3116.0000,3119.0000,3119.2000,3119.8000,2,2,2,1,5,1,2,1,1,1
SF,IH2006,2020-01-03 09:30:16.400,3115.8000,7162,0,28040160.000,1,0,1,多换,S,3113.4000,3113.2000,3112.8000,3110.0000,3104.6000,3116.0000,3119.0000,3119.2000,3119.8000,3120.0000,2,2,2,1,5,4,1,1,1,7
SF,IH2006,2020-01-03 09:30:16.900,3115.8000,7162,0,28040160.000,0,-,-,-,-,3113.4000,3113.2000,3112.8000,3110.0000,3104.6000,3115.8000,3116.0000,3119.0000,3119.2000,3119.8000,2,2,1,1,5,1,4,1,1,1
SF,IH2006,2020-01-03 09:30:17.400,3115.8000,7162,0,28040160.000,0,-,-,-,-,3113.6000,3113.4000,3113.2000,3110.0000,3104.6000,3115.6000,3115.8000,3116.0000,3119.0000,3119.2000,1,1,2,1,5,1,1,4,1,1
SF,IH2006,2020-01-03 09:30:17.900,3115.8000,7162,0,28040160.000,0,-,-,-,-,3113.8000,3113.2000,3111.8000,3110.0000,3104.6000,3115.4000,3115.6000,3115.8000,3116.0000,3119.0000,1,2,1,1,5,1,1,2,4,1
SF,IH2006,2020-01-03 09:30:18.400,3113.8000,7162,0,28974300.000,1,0,1,多换,S,3111.8000,3110.0000,3104.6000,3101.4000,3100.2000,3113.4000,3115.4000,3115.8000,3116.0000,3119.0000,1,1,5,1,2,1,1,1,4,1
SF,IH2006,2020-01-03 09:30:18.900,3113.8000,7162,0,29908440.000,1,0,1,多换,S,3113.0000,3112.0000,3111.8000,3110.0000,3104.6000,3115.8000,3116.0000,3119.0000,3119.2000,3119.8000,1,1,1,1,5,1,4,1,1,1
SF,IH2006,2020-01-03 09:30:19.400,3113.8000,7162,0,29908440.000,0,-,-,-,-,3113.2000,3113.0000,3112.0000,3110.0000,3109.6000,3115.6000,3115.8000,3116.0000,3119.0000,3119.2000,1,1,1,1,3,1,1,4,1,1
SF,IH2006,2020-01-03 09:30:20.400,3113.2000,7162,0,31776420.000,2,1,1,多换,S,3113.0000,3112.0000,3110.0000,3109.6000,3104.6000,3115.6000,3115.8000,3116.0000,3119.0000,3119.2000,1,1,1,3,5,1,1,4,1,1
SF,IH2006,2020-01-03 09:30:20.900,3113.2000,7162,0,32710380.000,1,0,1,多换,S,3113.0000,3110.0000,3109.6000,3104.6000,3101.4000,3113.2000,3115.6000,3115.8000,3116.0000,3119.0000,1,1,3,5,1,1,1,1,4,1
SF,IH2006,2020-01-03 09:30:21.400,3113.2000,7162,0,34578300.000,2,1,1,多换,S,3113.2000,3110.0000,3109.6000,3104.6000,3101.4000,3115.6000,3115.8000,3116.0000,3119.0000,3119.2000,1,1,3,5,1,1,1,4,1,1
SF,IH2006,2020-01-03 09:30:21.900,3113.0000,7162,0,36446160.000,2,1,1,多换,S,3110.0000,3109.6000,3104.6000,3101.4000,3100.2000,3115.6000,3115.8000,3116.0000,3119.0000,3119.2000,1,3,5,1,2,1,1,4,1,1
SF,IH2006,2020-01-03 09:30:22.400,3113.0000,7162,0,36446160.000,0,-,-,-,-,3110.8000,3110.4000,3110.2000,3110.0000,3109.6000,3115.0000,3115.6000,3115.8000,3116.0000,3119.0000,1,7,4,1,3,1,1,1,5,1
SF,IH2006,2020-01-03 09:30:22.900,3113.0000,7162,0,36446160.000,0,-,-,-,-,3111.2000,3111.0000,3110.4000,3110.2000,3110.0000,3114.8000,3115.0000,3115.8000,3116.0000,3119.0000,5,2,2,3,1,1,1,1,5,1
SF,IH2006,2020-01-03 09:30:23.400,3114.8000,7162,0,37380600.000,1,0,1,多换,S,3111.4000,3111.2000,3111.0000,3110.4000,3110.2000,3115.0000,3115.8000,3116.0000,3119.0000,3119.2000,4,5,2,2,3,1,1,5,1,1
SF,IH2006,2020-01-03 09:30:23.900,3114.8000,7162,0,37380600.000,0,-,-,-,-,3111.8000,3111.6000,3111.4000,3111.0000,3110.4000,3114.8000,3115.0000,3115.8000,3116.0000,3119.0000,5,1,3,2,2,1,1,1,5,1
SF,IH2006,2020-01-03 09:30:24.400,3114.8000,7162,0,37380600.000,0,-,-,-,-,3112.2000,3112.0000,3111.8000,3111.4000,3111.0000,3114.8000,3115.0000,3115.8000,3116.0000,3119.0000,1,4,6,2,1,1,1,1,5,1
SF,IH2006,2020-01-03 09:30:24.900,3114.8000,7162,0,37380600.000,0,-,-,-,-,3112.4000,3112.2000,3112.0000,3111.8000,3111.4000,3114.8000,3115.0000,3115.8000,3116.0000,3119.0000,7,1,3,1,2,1,1,1,6,1
SF,IH2006,2020-01-03 09:30:25.400,3114.8000,7162,0,38315040.000,1,0,1,多换,S,3112.4000,3112.2000,3112.0000,3111.8000,3111.4000,3115.0000,3115.8000,3116.0000,3119.0000,3119.2000,7,1,3,1,2,1,1,6,1,1
SF,IH2006,2020-01-03 09:30:25.900,3114.8000,7162,0,38315040.000,0,-,-,-,-,3112.4000,3112.0000,3111.4000,3111.0000,3110.4000,3114.8000,3115.0000,3115.8000,3116.0000,3119.0000,2,3,2,1,2,1,1,1,6,1
SF,IH2006,2020-01-03 09:30:26.400,3114.8000,7162,0,38315040.000,0,-,-,-,-,3112.6000,3112.4000,3112.0000,3111.4000,3111.0000,3114.8000,3115.0000,3115.8000,3116.0000,3119.0000,1,2,2,2,1,6,1,1,6,1
SF,IH2006,2020-01-03 09:30:26.900,3112.8000,7161,-1,39248880.000,1,0,1,双平,S,3112.4000,3112.0000,3111.4000,3111.0000,3110.6000,3114.8000,3115.0000,3115.8000,3116.0000,3119.0000,1,1,1,1,1,6,1,1,6,1
SF,IH2006,2020-01-03 09:30:27.400,3114.6000,7161,0,40183260.000,1,0,1,多换,S,3112.6000,3111.4000,3111.0000,3110.6000,3110.4000,3114.8000,3115.0000,3115.8000,3116.0000,3119.0000,1,1,1,1,2,6,1,1,6,1
SF,IH2006,2020-01-03 09:30:27.900,3114.6000,7161,0,40183260.000,0,-,-,-,-,3111.4000,3111.0000,3110.6000,3110.4000,3110.2000,3114.8000,3115.0000,3115.8000,3116.0000,3119.0000,1,1,1,2,2,6,1,1,6,1
SF,IH2006,2020-01-03 09:30:28.400,3114.6000,7161,0,40183260.000,0,-,-,-,-,3112.8000,3111.8000,3111.6000,3111.4000,3111.0000,3114.6000,3114.8000,3115.0000,3115.8000,3116.0000,1,4,3,1,1,1,6,1,1,6
SF,IH2006,2020-01-03 09:30:28.900,3114.6000,7161,0,40183260.000,0,-,-,-,-,3112.0000,3111.8000,3111.6000,3111.4000,3111.0000,3114.4000,3114.6000,3114.8000,3115.8000,3116.0000,1,5,3,1,1,2,1,5,1,6
SF,IH2006,2020-01-03 09:30:29.400,3114.4000,7161,0,41117580.000,1,0,1,多换,S,3112.2000,3112.0000,3111.8000,3111.6000,3111.4000,3114.4000,3114.6000,3114.8000,3115.8000,3116.0000,1,1,5,2,1,1,1,5,1,6
SF,IH2006,2020-01-03 09:30:29.900,3114.4000,7161,0,41117580.000,0,-,-,-,-,3112.4000,3112.2000,3111.8000,3111.6000,3111.4000,3114.4000,3114.8000,3115.4000,3115.8000,3116.0000,1,2,1,2,1,1,5,1,1,6
SF,IH2006,2020-01-03 09:30:30.900,3114.4000,7161,0,41117580.000,0,-,-,-,-,3112.4000,3112.2000,3111.8000,3111.6000,3111.4000,3114.4000,3114.8000,3115.4000,3115.8000,3116.0000,1,2,1,2,1,1,5,1,1,6
SF,IH2006,2020-01-03 09:30:31.400,3114.4000,7161,0,42051900.000,1,0,1,多换,S,3112.4000,3112.2000,3111.8000,3111.6000,3111.4000,3114.8000,3115.4000,3115.8000,3116.0000,3119.0000,1,1,1,2,1,5,1,1,6,1
SF,IH2006,2020-01-03 09:30:31.900,3114.4000,7161,0,42051900.000,0,-,-,-,-,3112.6000,3112.2000,3111.8000,3111.4000,3111.0000,3114.6000,3114.8000,3115.4000,3115.8000,3116.0000,1,1,1,1,1,2,5,1,1,6
SF,IH2006,2020-01-03 09:30:32.400,3114.4000,7161,0,42051900.000,0,-,-,-,-,3112.6000,3111.8000,3111.4000,3111.0000,3110.4000,3114.6000,3114.8000,3115.4000,3115.8000,3116.0000,1,4,1,1,2,2,5,1,1,6
SF,IH2006,2020-01-03 09:30:32.900,3114.6000,7161,0,42986280.000,1,0,1,多换,S,3112.6000,3111.8000,3111.4000,3111.0000,3110.4000,3114.6000,3114.8000,3115.4000,3115.8000,3116.0000,1,4,1,1,2,1,5,1,1,6
SF,IH2006,2020-01-03 09:30:33.400,3114.6000,7161,0,42986280.000,0,-,-,-,-,3112.8000,3112.6000,3111.8000,3111.4000,3111.0000,3114.6000,3114.8000,3115.4000,3115.8000,3116.0000,1,1,4,1,1,1,5,1,1,6
SF,IH2006,2020-01-03 09:30:33.900,3114.6000,7161,0,42986280.000,0,-,-,-,-,3113.0000,3112.8000,3111.8000,3111.4000,3111.0000,3114.6000,3114.8000,3115.4000,3115.8000,3116.0000,1,1,4,1,1,1,5,1,1,6
SF,IH2006,2020-01-03 09:30:34.400,3114.6000,7161,0,42986280.000,0,-,-,-,-,3113.0000,3111.8000,3111.4000,3111.0000,3110.4000,3114.6000,3114.8000,3115.4000,3115.8000,3116.0000,1,4,1,1,2,1,5,1,1,6
SF,IH2006,2020-01-03 09:30:35.400,3114.6000,7161,0,43920660.000,1,0,1,多换,S,3113.2000,3113.0000,3111.8000,3111.4000,3111.0000,3114.8000,3115.4000,3115.8000,3116.0000,3119.0000,1,1,4,1,1,5,1,1,6,1
SF,IH2006,2020-01-03 09:30:35.900,3114.6000,7161,0,43920660.000,0,-,-,-,-,3113.4000,3113.2000,3111.8000,3111.4000,3111.0000,3114.8000,3115.4000,3115.8000,3116.0000,3119.0000,1,1,4,1,1,5,1,1,6,1
SF,IH2006,2020-01-03 09:30:36.400,3114.6000,7161,0,43920660.000,0,-,-,-,-,3113.4000,3113.2000,3111.8000,3111.4000,3111.0000,3114.8000,3115.4000,3115.8000,3116.0000,3119.0000,1,1,4,1,1,5,1,1,4,1
SF,IH2006,2020-01-03 09:30:36.900,3114.6000,7161,0,43920660.000,0,-,-,-,-,3113.6000,3113.4000,3111.8000,3111.4000,3111.0000,3114.0000,3114.8000,3115.4000,3115.8000,3116.0000,1,1,4,1,1,2,5,1,1,4
SF,IH2006,2020-01-03 09:30:37.400,3113.6000,7159,-2,45788820.000,2,0,2,双平,S,3111.8000,3111.4000,3111.0000,3110.2000,3110.0000,3114.0000,3114.8000,3115.4000,3115.8000,3116.0000,4,1,1,2,2,2,5,1,1,4
SF,IH2006,2020-01-03 09:30:37.900,3113.6000,7159,0,45788820.000,0,-,-,-,-,3112.0000,3111.8000,3111.4000,3111.0000,3110.2000,3113.6000,3114.0000,3114.8000,3115.4000,3115.8000,2,4,1,1,2,1,2,5,1,1
SF,IH2006,2020-01-03 09:30:38.400,3113.6000,7159,0,45788820.000,0,-,-,-,-,3112.0000,3111.8000,3111.4000,3111.0000,3110.2000,3113.6000,3114.0000,3114.8000,3115.4000,3115.8000,2,3,1,1,2,1,2,5,1,1
SF,IH2006,2020-01-03 09:30:38.900,3113.6000,7160,1,46722900.000,1,1,0,双开,S,3112.0000,3111.0000,3110.2000,3110.0000,3104.6000,3114.0000,3114.8000,3115.4000,3115.8000,3116.0000,2,1,2,2,5,2,5,1,1,4
SF,IH2006,2020-01-03 09:30:39.400,3113.6000,7160,0,46722900.000,0,-,-,-,-,3112.0000,3111.0000,3110.2000,3110.0000,3109.4000,3113.8000,3114.0000,3114.8000,3115.4000,3115.8000,1,1,2,2,3,1,2,5,1,1
SF,IH2006,2020-01-03 09:30:39.900,3113.8000,7160,0,47657040.000,1,0,1,多换,S,3112.0000,3111.0000,3110.2000,3110.0000,3109.4000,3114.0000,3114.8000,3115.4000,3115.8000,3116.0000,1,1,2,2,3,2,5,1,1,4
SF,IH2006,2020-01-03 09:30:40.400,3112.0000,7158,-2,49524300.000,2,0,2,双平,S,3111.0000,3110.2000,3110.0000,3104.6000,3101.4000,3113.8000,3114.0000,3114.8000,3115.4000,3115.8000,1,2,2,5,1,1,2,5,1,1
SF,IH2006,2020-01-03 09:30:40.900,3112.0000,7158,0,49524300.000,0,-,-,-,-,3111.2000,3111.0000,3110.2000,3110.0000,3104.6000,3113.8000,3114.0000,3114.8000,3115.4000,3115.8000,1,1,2,2,5,1,2,5,1,1
SF,IH2006,2020-01-03 09:30:41.400,3112.0000,7158,0,49524300.000,0,-,-,-,-,3111.2000,3110.2000,3110.0000,3104.6000,3101.4000,3113.2000,3113.4000,3113.8000,3114.0000,3114.8000,1,2,2,5,1,1,1,1,2,5
SF,IH2006,2020-01-03 09:30:41.900,3113.2000,7158,0,51392160.000,2,1,1,多换,S,3111.2000,3110.2000,3110.0000,3104.6000,3101.4000,3113.4000,3114.0000,3114.8000,3115.4000,3115.8000,1,2,2,5,1,1,2,5,1,1
SF,IH2006,2020-01-03 09:30:42.400,3111.4000,7157,-1,52325580.000,1,0,1,双平,S,3111.4000,3111.2000,3110.2000,3110.0000,3104.6000,3113.4000,3114.0000,3114.8000,3115.4000,3115.8000,1,1,2,2,5,1,2,5,1,1
SF,IH2006,2020-01-03 09:30:42.900,3111.6000,7157,0,55126980.000,3,1,2,多换,S,3111.6000,3111.4000,3110.2000,3110.0000,3104.6000,3113.4000,3114.0000,3114.8000,3115.4000,3115.8000,1,1,2,2,5,1,2,5,1,1
SF,IH2006,2020-01-03 09:30:43.400,3111.6000,7157,0,55126980.000,0,-,-,-,-,3111.8000,3111.6000,3110.2000,3110.0000,3104.6000,3113.2000,3113.4000,3114.0000,3114.8000,3115.4000,3,1,2,2,5,1,1,2,5,1
SF,IH2006,2020-01-03 09:30:43.900,3111.6000,7157,0,55126980.000,0,-,-,-,-,3111.8000,3111.6000,3110.2000,3110.0000,3104.6000,3113.2000,3113.4000,3114.0000,3114.8000,3115.4000,3,1,2,2,5,1,1,2,5,1
SF,IH2006,2020-01-03 09:30:44.400,3113.2000,7157,0,56060940.000,1,0,1,多换,S,3111.8000,3111.6000,3110.2000,3110.0000,3104.6000,3113.4000,3114.0000,3114.8000,3115.4000,3115.8000,2,1,2,2,5,1,2,5,1,1
SF,IH2006,2020-01-03 09:30:44.900,3113.4000,7157,0,56994960.000,1,0,1,多换,S,3112.0000,3111.8000,3111.6000,3110.2000,3110.0000,3114.0000,3114.8000,3115.4000,3115.8000,3116.0000,1,2,1,2,2,2,5,1,1,4
SF,IH2006,2020-01-03 09:30:45.400,3113.4000,7157,0,56994960.000,0,-,-,-,-,3112.2000,3112.0000,3111.8000,3110.2000,3110.0000,3114.0000,3114.8000,3115.4000,3115.8000,3116.0000,2,1,1,2,2,2,5,1,1,4
SF,IH2006,2020-01-03 09:30:45.900,3113.4000,7157,0,56994960.000,0,-,-,-,-,3112.2000,3112.0000,3111.8000,3110.2000,3110.0000,3113.6000,3114.0000,3114.8000,3115.4000,3115.8000,2,1,1,2,2,1,2,5,1,1
SF,IH2006,2020-01-03 09:30:46.400,3113.4000,7157,0,56994960.000,0,-,-,-,-,3112.4000,3112.2000,3111.8000,3110.2000,3110.0000,3113.6000,3114.0000,3114.8000,3115.4000,3115.8000,1,2,1,2,2,1,2,5,1,1
SF,IH2006,2020-01-03 09:30:46.900,3113.4000,7157,0,56994960.000,0,-,-,-,-,3113.6000,3112.6000,3112.4000,3112.2000,3111.8000,3114.0000,3114.8000,3115.4000,3115.8000,3116.0000,2,1,1,1,1,2,5,1,1,4
SF,IH2006,2020-01-03 09:30:47.400,3113.4000,7157,0,57928980.000,1,0,1,多换,S,3112.6000,3112.4000,3112.2000,3110.2000,3110.0000,3113.4000,3114.0000,3114.8000,3115.4000,3115.8000,1,1,1,2,3,1,2,5,1,1
SF,IH2006,2020-01-03 09:30:47.900,3113.4000,7157,0,57928980.000,0,-,-,-,-,3113.6000,3112.6000,3112.4000,3112.2000,3110.2000,3114.0000,3114.8000,3115.4000,3115.8000,3116.0000,2,1,1,1,2,2,5,1,1,4
SF,IH2006,2020-01-03 09:30:48.400,3113.4000,7157,0,57928980.000,0,-,-,-,-,3113.6000,3112.6000,3112.4000,3112.2000,3110.2000,3114.0000,3114.8000,3115.4000,3115.8000,3116.0000,2,1,1,1,2,2,5,2,1,4
SF,IH2006,2020-01-03 09:30:48.900,3113.6000,7156,-1,58863060.000,1,0,1,双平,S,3112.8000,3112.6000,3112.4000,3112.2000,3110.2000,3113.8000,3114.0000,3114.8000,3115.4000,3115.8000,1,1,1,1,2,1,2,5,1,1
SF,IH2006,2020-01-03 09:30:49.400,3113.6000,7156,0,58863060.000,0,-,-,-,-,3113.0000,3112.8000,3112.6000,3112.4000,3112.2000,3113.6000,3113.8000,3114.0000,3114.8000,3115.4000,1,2,1,1,1,2,1,2,5,1
SF,IH2006,2020-01-03 09:30:49.900,3113.6000,7156,0,58863060.000,0,-,-,-,-,3113.0000,3112.8000,3112.6000,3112.4000,3112.2000,3113.6000,3114.0000,3114.8000,3115.4000,3115.8000,1,2,1,1,1,2,2,5,1,1
SF,IH2006,2020-01-03 09:30:50.400,3113.6000,7156,0,60731220.000,2,1,1,多换,S,3113.0000,3112.8000,3112.6000,3112.4000,3112.2000,3113.6000,3114.0000,3114.8000,3115.4000,3115.8000,2,2,1,1,1,2,2,5,1,1
SF,IH2006,2020-01-03 09:30:50.900,3113.0000,7156,0,65401200.000,5,2,3,多换,S,3112.8000,3112.6000,3112.4000,3112.2000,3111.2000,3114.0000,3114.8000,3115.4000,3115.8000,3116.0000,2,1,1,1,1,2,5,1,1,4
SF,IH2006,2020-01-03 09:30:51.400,3113.0000,7156,0,66335100.000,1,0,1,多换,S,3112.8000,3112.6000,3112.4000,3112.2000,3111.2000,3113.0000,3114.0000,3114.8000,3115.4000,3115.8000,2,1,1,1,1,1,2,5,1,1
SF,IH2006,2020-01-03 09:30:51.900,3114.0000,7157,1,70071300.000,4,2,2,空开,S,3112.8000,3112.6000,3112.4000,3112.2000,3111.2000,3114.8000,3115.8000,3116.0000,3118.0000,3119.0000,2,1,1,1,1,5,1,4,1,2
SF,IH2006,2020-01-03 09:30:52.400,3114.0000,7157,0,70071300.000,0,-,-,-,-,3113.0000,3112.8000,3112.6000,3112.2000,3111.4000,3114.6000,3114.8000,3115.8000,3116.0000,3118.0000,2,2,1,1,1,1,5,1,4,1
SF,IH2006,2020-01-03 09:30:52.900,3113.0000,7156,-1,71005200.000,1,0,1,双平,S,3113.0000,3112.8000,3112.6000,3112.2000,3111.4000,3114.6000,3114.8000,3115.8000,3116.0000,3118.0000,1,2,1,1,1,1,5,1,4,1
SF,IH2006,2020-01-03 09:30:53.400,3113.0000,7156,0,71005200.000,0,-,-,-,-,3113.2000,3112.8000,3112.6000,3112.2000,3111.4000,3114.6000,3114.8000,3115.8000,3116.0000,3118.0000,1,2,1,1,1,1,5,1,4,1
SF,IH2006,2020-01-03 09:30:53.900,3113.0000,7156,0,71005200.000,0,-,-,-,-,3113.2000,3112.8000,3112.6000,3112.2000,3111.2000,3114.6000,3114.8000,3115.8000,3116.0000,3118.0000,1,2,1,2,1,1,5,1,4,1
SF,IH2006,2020-01-03 09:30:54.400,3113.0000,7156,0,71005200.000,0,-,-,-,-,3113.2000,3112.8000,3112.6000,3112.4000,3112.2000,3114.6000,3114.8000,3115.8000,3116.0000,3118.0000,1,2,1,1,2,1,6,1,4,1
SF,IH2006,2020-01-03 09:30:55.400,3113.0000,7155,-1,71939100.000,1,0,1,双平,S,3112.8000,3112.6000,3112.4000,3112.2000,3111.2000,3114.6000,3114.8000,3115.8000,3116.0000,3118.0000,2,1,1,2,3,1,6,1,4,1
SF,IH2006,2020-01-03 09:30:55.900,3113.0000,7155,0,71939100.000,0,-,-,-,-,3112.8000,3112.6000,3112.4000,3112.2000,3111.2000,3114.4000,3114.6000,3114.8000,3115.8000,3116.0000,2,1,1,2,3,1,1,6,1,4
SF,IH2006,2020-01-03 09:30:56.400,3113.0000,7155,0,71939100.000,0,-,-,-,-,3113.0000,3112.8000,3112.6000,3112.4000,3112.2000,3114.2000,3114.4000,3114.6000,3114.8000,3115.8000,1,2,1,1,2,1,1,1,6,1
SF,IH2006,2020-01-03 09:30:56.900,3113.0000,7155,0,71939100.000,0,-,-,-,-,3113.0000,3112.8000,3112.6000,3112.2000,3110.2000,3114.2000,3114.4000,3114.6000,3114.8000,3115.8000,2,2,1,2,2,1,1,1,6,1
SF,IH2006,2020-01-03 09:30:57.400,3113.0000,7155,0,71939100.000,0,-,-,-,-,3113.2000,3113.0000,3112.8000,3112.6000,3112.2000,3114.2000,3114.4000,3114.6000,3114.8000,3115.8000,1,1,2,1,2,1,1,1,6,1
SF,IH2006,2020-01-03 09:30:58.400,3113.0000,7155,0,71939100.000,0,-,-,-,-,3113.2000,3113.0000,3112.8000,3112.6000,3112.2000,3114.2000,3114.4000,3114.6000,3114.8000,3115.8000,1,1,2,1,2,1,1,1,5,1
SF,IH2006,2020-01-03 09:30:58.900,3114.2000,7154,-1,72873360.000,1,0,1,双平,S,3113.2000,3112.8000,3112.6000,3112.2000,3110.2000,3114.4000,3114.6000,3114.8000,3115.8000,3116.0000,1,2,1,2,2,1,1,5,1,4
SF,IH2006,2020-01-03 09:30:59.400,3114.2000,7154,0,72873360.000,0,-,-,-,-,3113.4000,3113.2000,3112.8000,3112.6000,3112.2000,3114.4000,3114.6000,3114.8000,3115.8000,3116.0000,1,1,2,1,2,1,1,5,1,4
SF,IH2006,2020-01-03 09:31:00.900,3113.4000,7153,-1,73807380.000,1,0,1,双平,S,3113.2000,3112.8000,3112.6000,3112.2000,3110.2000,3114.4000,3114.6000,3114.8000,3115.8000,3116.0000,1,2,1,2,2,1,1,5,1,4
SF,IH2006,2020-01-03 09:31:01.400,3113.4000,7153,0,73807380.000,0,-,-,-,-,3113.2000,3112.8000,3112.2000,3110.2000,3110.0000,3114.2000,3114.4000,3114.6000,3114.8000,3115.8000,1,2,2,2,3,1,1,1,5,1
SF,IH2006,2020-01-03 09:31:01.900,3113.4000,7153,0,73807380.000,0,-,-,-,-,3112.8000,3112.2000,3110.2000,3110.0000,3104.6000,3114.2000,3114.4000,3114.6000,3114.8000,3115.8000,2,1,2,3,5,1,1,1,5,1
SF,IH2006,2020-01-03 09:31:02.400,3113.4000,7153,0,73807380.000,0,-,-,-,-,3112.8000,3112.2000,3110.2000,3110.0000,3104.6000,3113.8000,3114.0000,3114.2000,3114.6000,3114.8000,1,1,2,3,5,1,1,2,1,5
SF,IH2006,2020-01-03 09:31:02.900,3113.4000,7153,0,73807380.000,0,-,-,-,-,3113.0000,3112.8000,3112.4000,3112.2000,3110.2000,3113.6000,3113.8000,3114.0000,3114.6000,3114.8000,1,1,1,1,2,1,1,2,1,5
SF,IH2006,2020-01-03 09:31:03.400,3113.4000,7153,0,73807380.000,0,-,-,-,-,3112.8000,3112.4000,3112.2000,3110.2000,3110.0000,3113.6000,3113.8000,3114.0000,3114.6000,3114.8000,1,1,1,2,3,1,1,1,1,5
SF,IH2006,2020-01-03 09:31:03.900,3113.4000,7153,0,73807380.000,0,-,-,-,-,3112.8000,3112.4000,3112.2000,3110.8000,3110.2000,3113.4000,3113.6000,3113.8000,3114.6000,3114.8000,1,1,1,3,2,1,1,1,2,5
SF,IH2006,2020-01-03 09:31:04.400,3113.4000,7152,-1,74741400.000,1,0,1,双平,S,3113.4000,3112.8000,3112.2000,3110.8000,3110.2000,3113.6000,3113.8000,3114.6000,3114.8000,3115.8000,1,1,1,3,2,1,1,2,5,1
SF,IH2006,2020-01-03 09:31:04.900,3113.4000,7151,-1,75675420.000,1,0,1,双平,S,3112.8000,3112.2000,3111.8000,3110.8000,3110.2000,3113.8000,3114.6000,3114.8000,3115.8000,3116.0000,1,1,1,3,2,1,2,5,1,5
SF,IH2006,2020-01-03 09:31:05.400,3113.4000,7151,0,75675420.000,0,-,-,-,-,3113.6000,3113.0000,3112.8000,3112.2000,3111.8000,3113.8000,3114.6000,3114.8000,3115.8000,3116.0000,1,1,1,1,1,1,2,5,1,5
SF,IH2006,2020-01-03 09:31:05.900,3113.8000,7150,-1,76609560.000,1,0,1,双平,S,3113.6000,3113.0000,3112.8000,3112.2000,3111.8000,3114.6000,3114.8000,3115.8000,3116.0000,3118.0000,1,1,1,1,1,2,5,1,5,1
SF,IH2006,2020-01-03 09:31:06.400,3113.8000,7150,0,76609560.000,0,-,-,-,-,3113.6000,3113.0000,3112.8000,3112.2000,3111.8000,3114.4000,3114.6000,3114.8000,3115.8000,3116.0000,1,1,1,1,1,1,2,5,1,5
SF,IH2006,2020-01-03 09:31:06.900,3113.8000,7150,0,76609560.000,0,-,-,-,-,3113.6000,3113.0000,3112.8000,3112.2000,3111.8000,3114.6000,3114.8000,3115.8000,3116.0000,3118.0000,1,1,1,1,1,2,5,1,5,1
SF,IH2006,2020-01-03 09:31:07.400,3114.6000,7150,0,77543940.000,1,0,1,多换,S,3113.6000,3113.0000,3112.8000,3112.2000,3111.8000,3114.8000,3115.8000,3116.0000,3118.0000,3119.0000,1,1,1,1,1,5,1,5,1,2
SF,IH2006,2020-01-03 09:31:08.400,3114.6000,7150,0,77543940.000,0,-,-,-,-,3113.6000,3113.0000,3112.8000,3112.2000,3111.8000,3114.8000,3115.8000,3116.0000,3118.0000,3119.0000,1,1,1,2,1,5,1,5,1,2
SF,IH2006,2020-01-03 09:31:08.900,3114.6000,7150,0,77543940.000,0,-,-,-,-,3113.8000,3113.6000,3112.8000,3112.2000,3111.8000,3114.8000,3115.8000,3116.0000,3118.0000,3119.0000,1,1,1,2,1,5,1,5,1,2
SF,IH2006,2020-01-03 09:31:09.900,3114.8000,7150,0,78478380.000,1,0,1,多换,S,3113.8000,3113.6000,3112.8000,3112.2000,3111.8000,3114.8000,3115.8000,3116.0000,3118.0000,3119.0000,1,1,1,2,1,4,1,5,1,2
SF,IH2006,2020-01-03 09:31:11.900,3114.8000,7150,0,79412820.000,1,0,1,多换,S,3113.8000,3113.6000,3112.8000,3112.2000,3111.8000,3114.8000,3115.8000,3116.0000,3118.0000,3119.0000,1,1,1,2,1,3,1,5,1,2
SF,IH2006,2020-01-03 09:31:13.400,3114.8000,7150,0,80347260.000,1,0,1,多换,S,3113.8000,3113.6000,3112.8000,3112.2000,3111.8000,3114.8000,3115.8000,3116.0000,3118.0000,3119.0000,1,1,1,2,1,2,1,5,1,2
SF,IH2006,2020-01-03 09:31:13.900,3114.8000,7150,0,80347260.000,0,-,-,-,-,3113.8000,3113.6000,3112.8000,3112.2000,3111.8000,3114.8000,3115.8000,3116.0000,3118.0000,3119.0000,1,1,1,2,1,2,1,5,1,2
SF,IH2006,2020-01-03 09:31:14.400,3114.8000,7150,0,81281700.000,1,0,1,多换,S,3113.8000,3113.6000,3112.8000,3112.2000,3111.8000,3114.8000,3115.8000,3116.0000,3118.0000,3119.0000,1,1,1,2,1,1,1,5,1,2
SF,IH2006,2020-01-03 09:31:16.400,3114.8000,7150,0,82216140.000,1,0,1,多换,S,3113.8000,3113.6000,3112.8000,3112.2000,3111.8000,3115.8000,3116.0000,3118.0000,3119.0000,3119.2000,1,1,1,2,1,1,5,1,2,1
SF,IH2006,2020-01-03 09:31:16.900,3114.8000,7150,0,82216140.000,0,-,-,-,-,3113.8000,3113.6000,3112.8000,3112.2000,3111.8000,3115.6000,3115.8000,3116.0000,3118.0000,3119.0000,1,1,1,2,1,1,1,5,1,2
SF,IH2006,2020-01-03 09:31:17.400,3114.8000,7150,0,82216140.000,0,-,-,-,-,3113.8000,3113.6000,3112.8000,3112.2000,3111.8000,3115.4000,3115.6000,3115.8000,3116.0000,3118.0000,1,1,1,2,1,1,1,1,5,1
SF,IH2006,2020-01-03 09:31:17.900,3114.8000,7150,0,82216140.000,0,-,-,-,-,3113.8000,3113.6000,3112.8000,3112.2000,3111.8000,3115.2000,3115.4000,3115.6000,3115.8000,3116.0000,1,1,1,2,1,1,1,1,1,5
SF,IH2006,2020-01-03 09:31:18.400,3115.0000,7150,0,83150640.000,1,0,1,多换,S,3113.8000,3113.6000,3112.8000,3112.2000,3111.8000,3115.0000,3115.4000,3115.8000,3116.0000,3118.0000,1,1,1,2,1,1,1,1,5,1
SF,IH2006,2020-01-03 09:31:19.900,3115.0000,7150,0,83150640.000,0,-,-,-,-,3113.8000,3113.6000,3112.8000,3112.2000,3111.8000,3115.0000,3115.8000,3116.0000,3118.0000,3119.0000,1,1,1,2,1,1,1,5,1,2
SF,IH2006,2020-01-03 09:31:20.400,3115.0000,7150,0,83150640.000,0,-,-,-,-,3115.0000,3113.8000,3113.6000,3112.8000,3112.2000,3115.8000,3116.0000,3118.0000,3119.0000,3119.2000,1,1,1,1,2,1,5,1,2,1
SF,IH2006,2020-01-03 09:31:20.900,3115.0000,7150,0,84085140.000,1,0,1,多换,S,3113.8000,3113.6000,3112.8000,3112.2000,3111.8000,3114.8000,3115.8000,3116.0000,3118.0000,3119.0000,1,1,1,2,1,2,1,5,1,2
SF,IH2006,2020-01-03 09:31:21.400,3115.0000,7150,0,84085140.000,0,-,-,-,-,3113.8000,3113.6000,3112.8000,3112.2000,3111.8000,3115.8000,3116.0000,3118.0000,3119.0000,3119.2000,1,1,1,2,1,1,5,1,2,1
SF,IH2006,2020-01-03 09:31:21.900,3115.0000,7150,0,84085140.000,0,-,-,-,-,3113.8000,3113.6000,3112.8000,3112.2000,3111.8000,3115.6000,3115.8000,3116.0000,3118.0000,3119.0000,1,1,1,2,1,1,1,5,1,2
SF,IH2006,2020-01-03 09:31:22.400,3115.6000,7150,0,85019820.000,1,0,1,多换,S,3114.0000,3113.8000,3113.6000,3112.8000,3112.2000,3115.8000,3116.0000,3118.0000,3119.0000,3119.2000,1,1,1,1,1,1,5,1,2,1
SF,IH2006,2020-01-03 09:31:22.900,3115.6000,7150,0,85019820.000,0,-,-,-,-,3114.2000,3114.0000,3113.6000,3112.8000,3112.2000,3115.8000,3116.0000,3118.0000,3119.0000,3119.2000,1,1,1,1,1,1,5,1,2,1
SF,IH2006,2020-01-03 09:31:23.400,3115.6000,7150,0,85019820.000,0,-,-,-,-,3114.8000,3114.2000,3114.0000,3113.6000,3112.8000,3115.6000,3115.8000,3116.0000,3118.0000,3119.0000,1,1,1,1,1,1,1,5,1,2
SF,IH2006,2020-01-03 09:31:23.900,3114.8000,7149,-1,86888700.000,2,0,2,多平,S,3114.0000,3113.6000,3112.8000,3112.2000,3110.2000,3114.8000,3115.6000,3115.8000,3116.0000,3118.0000,1,1,1,1,2,1,1,1,5,1
SF,IH2006,2020-01-03 09:31:24.400,3114.8000,7150,1,87823140.000,1,1,0,双开,S,3114.2000,3113.6000,3112.8000,3112.2000,3110.2000,3115.8000,3116.0000,3118.0000,3119.0000,3119.2000,1,1,1,1,2,1,5,1,2,1
SF,IH2006,2020-01-03 09:31:24.900,3114.8000,7150,0,87823140.000,0,-,-,-,-,3114.2000,3113.6000,3112.8000,3112.2000,3110.2000,3114.8000,3115.6000,3115.8000,3116.0000,3118.0000,1,1,1,1,2,1,2,1,5,1
SF,IH2006,2020-01-03 09:31:25.400,3114.8000,7150,0,87823140.000,0,-,-,-,-,3114.2000,3113.6000,3112.8000,3112.2000,3110.2000,3115.6000,3115.8000,3116.0000,3118.0000,3119.0000,1,1,1,1,2,1,1,5,1,2
SF,IH2006,2020-01-03 09:31:25.900,3114.8000,7150,0,87823140.000,0,-,-,-,-,3114.2000,3113.6000,3112.8000,3112.2000,3110.2000,3115.6000,3115.8000,3116.0000,3118.0000,3119.0000,1,1,1,1,2,2,1,5,1,2
SF,IH2006,2020-01-03 09:31:26.400,3114.2000,7149,-1,88757400.000,1,0,1,双平,S,3113.6000,3112.8000,3112.2000,3110.2000,3110.0000,3115.6000,3115.8000,3116.0000,3118.0000,3119.0000,1,1,1,2,1,2,1,5,1,2
SF,IH2006,2020-01-03 09:31:26.900,3115.4000,7150,1,89692020.000,1,1,0,双开,S,3113.8000,3113.6000,3112.8000,3112.2000,3110.2000,3115.4000,3115.6000,3115.8000,3116.0000,3118.0000,1,1,1,1,2,1,2,1,5,1
SF,IH2006,2020-01-03 09:31:27.400,3115.4000,7150,0,89692020.000,0,-,-,-,-,3113.8000,3113.6000,3112.8000,3112.2000,3110.2000,3115.2000,3115.4000,3115.6000,3115.8000,3116.0000,1,1,1,1,2,1,1,2,1,5
SF,IH2006,2020-01-03 09:31:27.900,3115.4000,7150,0,89692020.000,0,-,-,-,-,3113.8000,3113.6000,3112.8000,3112.2000,3110.2000,3115.0000,3115.2000,3115.6000,3115.8000,3116.0000,1,1,1,1,2,1,1,2,1,5
SF,IH2006,2020-01-03 09:31:28.400,3115.0000,7150,0,90626520.000,1,0,1,多换,S,3113.6000,3112.8000,3112.2000,3110.2000,3110.0000,3115.2000,3115.6000,3115.8000,3116.0000,3118.0000,1,1,1,2,1,1,1,1,5,1
SF,IH2006,2020-01-03 09:31:28.900,3115.0000,7150,0,90626520.000,0,-,-,-,-,3114.6000,3113.8000,3113.6000,3112.8000,3112.2000,3115.6000,3115.8000,3116.0000,3118.0000,3119.0000,1,1,1,1,1,1,1,5,1,2
SF,IH2006,2020-01-03 09:31:29.400,3114.6000,7149,-1,91560900.000,1,0,1,双平,S,3113.8000,3113.6000,3112.8000,3112.2000,3110.2000,3115.6000,3115.8000,3116.0000,3118.0000,3119.0000,1,1,1,1,2,1,1,5,1,2
SF,IH2006,2020-01-03 09:31:29.900,3114.6000,7149,0,91560900.000,0,-,-,-,-,3113.8000,3113.6000,3112.8000,3112.2000,3110.2000,3115.4000,3115.6000,3115.8000,3116.0000,3118.0000,1,1,1,1,2,1,1,1,5,1
SF,IH2006,2020-01-03 09:31:30.400,3114.6000,7149,0,91560900.000,0,-,-,-,-,3113.8000,3113.6000,3112.8000,3112.2000,3110.2000,3115.0000,3115.4000,3115.6000,3115.8000,3116.0000,1,1,1,1,2,1,1,1,1,5
SF,IH2006,2020-01-03 09:31:31.400,3114.6000,7149,0,91560900.000,0,-,-,-,-,3113.8000,3113.6000,3112.8000,3112.2000,3110.2000,3115.0000,3115.6000,3115.8000,3116.0000,3118.0000,1,1,1,1,2,1,1,1,5,1
SF,IH2006,2020-01-03 09:31:31.900,3114.6000,7149,0,91560900.000,0,-,-,-,-,3113.8000,3112.8000,3112.2000,3110.2000,3110.0000,3115.0000,3115.6000,3115.8000,3116.0000,3118.0000,1,1,1,2,1,1,1,1,5,1
SF,IH2006,2020-01-03 09:31:33.900,3115.0000,7149,0,92495400.000,1,0,1,多换,S,3113.8000,3112.8000,3112.2000,3110.2000,3110.0000,3115.6000,3115.8000,3116.0000,3118.0000,3119.0000,1,1,1,2,1,1,1,5,1,2
SF,IH2006,2020-01-03 09:31:35.400,3115.0000,7149,0,92495400.000,0,-,-,-,-,3113.8000,3112.8000,3112.2000,3110.2000,3110.0000,3115.4000,3115.8000,3116.0000,3118.0000,3119.0000,1,1,1,2,1,1,1,5,1,2
SF,IH2006,2020-01-03 09:31:35.900,3115.2000,7150,1,93429960.000,1,1,0,双开,S,3113.8000,3112.8000,3112.2000,3110.2000,3110.0000,3115.4000,3115.8000,3116.0000,3118.0000,3119.0000,1,1,1,2,1,1,1,5,1,2
SF,IH2006,2020-01-03 09:31:36.400,3115.2000,7150,0,93429960.000,0,-,-,-,-,3113.8000,3112.8000,3112.2000,3110.2000,3110.0000,3115.8000,3116.0000,3118.0000,3119.0000,3119.2000,1,1,1,2,1,1,5,1,2,1
SF,IH2006,2020-01-03 09:31:36.900,3115.4000,7149,-1,94364580.000,1,0,1,双平,S,3113.8000,3112.8000,3112.2000,3110.2000,3110.0000,3115.8000,3116.0000,3118.0000,3119.0000,3119.2000,1,1,1,2,1,1,5,1,2,1
SF,IH2006,2020-01-03 09:31:37.400,3115.4000,7149,0,94364580.000,0,-,-,-,-,3113.8000,3113.6000,3112.8000,3112.2000,3110.2000,3115.8000,3116.0000,3118.0000,3119.0000,3119.2000,1,1,1,1,2,1,5,1,2,1
SF,IH2006,2020-01-03 09:31:37.900,3115.4000,7149,0,94364580.000,0,-,-,-,-,3114.4000,3114.0000,3113.8000,3113.6000,3112.8000,3115.8000,3116.0000,3118.0000,3119.0000,3119.2000,1,1,1,1,1,1,5,1,2,1
SF,IH2006,2020-01-03 09:31:38.400,3115.4000,7149,0,94364580.000,0,-,-,-,-,3114.6000,3114.4000,3114.0000,3113.6000,3112.8000,3115.6000,3115.8000,3116.0000,3118.0000,3119.0000,1,1,1,1,1,1,1,5,1,2
SF,IH2006,2020-01-03 09:31:39.400,3115.6000,7150,1,95299260.000,1,1,0,双开,S,3114.8000,3114.6000,3114.0000,3113.6000,3112.8000,3115.8000,3116.0000,3118.0000,3119.0000,3119.2000,1,1,1,1,1,1,5,1,2,1
SF,IH2006,2020-01-03 09:31:39.900,3115.6000,7150,0,95299260.000,0,-,-,-,-,3115.0000,3114.8000,3114.0000,3113.6000,3112.8000,3115.8000,3116.0000,3118.0000,3119.0000,3119.2000,1,1,1,1,1,1,5,1,2,1
SF,IH2006,2020-01-03 09:31:40.400,3114.8000,7149,-1,97168200.000,2,0,2,多平,S,3114.0000,3113.6000,3112.8000,3112.2000,3110.2000,3115.8000,3116.0000,3118.0000,3119.0000,3119.2000,1,1,1,1,2,1,5,1,2,1
SF,IH2006,2020-01-03 09:31:40.900,3114.8000,7149,0,97168200.000,0,-,-,-,-,3114.2000,3114.0000,3113.6000,3112.8000,3112.2000,3115.6000,3115.8000,3116.0000,3118.0000,3119.0000,2,1,1,1,1,1,1,5,1,2
SF,IH2006,2020-01-03 09:31:41.400,3114.8000,7149,0,97168200.000,0,-,-,-,-,3114.4000,3114.2000,3113.6000,3112.8000,3112.2000,3115.6000,3115.8000,3116.0000,3118.0000,3119.0000,1,2,1,1,1,1,1,5,1,2
SF,IH2006,2020-01-03 09:31:41.900,3114.8000,7149,0,97168200.000,0,-,-,-,-,3114.6000,3114.4000,3114.2000,3113.6000,3112.8000,3115.8000,3116.0000,3118.0000,3119.0000,3119.2000,1,1,1,1,1,1,5,1,2,1
SF,IH2006,2020-01-03 09:31:42.400,3114.8000,7149,0,97168200.000,0,-,-,-,-,3114.6000,3113.6000,3112.8000,3112.2000,3110.2000,3115.8000,3116.0000,3118.0000,3119.0000,3119.2000,1,1,1,1,2,1,5,1,2,1
SF,IH2006,2020-01-03 09:31:43.400,3114.8000,7149,0,97168200.000,0,-,-,-,-,3114.6000,3113.6000,3112.8000,3112.2000,3110.2000,3115.8000,3116.0000,3118.0000,3119.0000,3119.2000,1,1,1,1,2,1,5,1,2,1
SF,IH2006,2020-01-03 09:31:44.400,3114.8000,7149,0,97168200.000,0,-,-,-,-,3114.6000,3113.6000,3112.8000,3112.2000,3110.2000,3115.8000,3116.0000,3118.0000,3119.0000,3119.2000,1,1,1,1,2,2,5,1,2,1
SF,IH2006,2020-01-03 09:31:44.900,3114.6000,7149,0,98102580.000,1,0,1,多换,S,3113.6000,3112.8000,3112.2000,3110.2000,3110.0000,3115.6000,3115.8000,3116.0000,3118.0000,3119.0000,1,1,1,2,1,1,2,5,1,2
SF,IH2006,2020-01-03 09:31:45.400,3114.6000,7149,0,98102580.000,0,-,-,-,-,3113.8000,3113.6000,3112.8000,3112.2000,3110.2000,3115.4000,3115.6000,3115.8000,3116.0000,3118.0000,1,1,1,1,2,1,1,2,5,1
SF,IH2006,2020-01-03 09:31:45.900,3114.6000,7149,0,98102580.000,0,-,-,-,-,3114.0000,3113.6000,3112.8000,3112.2000,3110.2000,3115.4000,3115.8000,3116.0000,3118.0000,3119.0000,1,1,1,1,2,1,2,5,1,2
SF,IH2006,2020-01-03 09:31:46.900,3114.6000,7149,0,98102580.000,0,-,-,-,-,3113.8000,3113.6000,3112.8000,3112.2000,3110.2000,3115.2000,3115.4000,3115.8000,3116.0000,3118.0000,1,1,1,1,2,1,1,2,5,1
SF,IH2006,2020-01-03 09:31:47.400,3114.6000,7149,0,98102580.000,0,-,-,-,-,3113.8000,3113.6000,3112.8000,3112.2000,3110.2000,3115.0000,3115.2000,3115.8000,3116.0000,3118.0000,1,1,1,1,2,1,1,2,5,1
SF,IH2006,2020-01-03 09:31:48.900,3114.6000,7149,0,98102580.000,0,-,-,-,-,3113.6000,3112.8000,3112.2000,3110.2000,3110.0000,3115.0000,3115.2000,3115.8000,3116.0000,3118.0000,1,1,1,2,1,1,1,2,5,1
SF,IH2006,2020-01-03 09:31:49.400,3114.8000,7150,1,99037020.000,1,1,0,双开,S,3113.6000,3112.8000,3112.2000,3110.2000,3110.0000,3115.0000,3115.2000,3115.8000,3116.0000,3118.0000,1,1,1,2,1,1,1,2,5,1
SF,IH2006,2020-01-03 09:31:49.900,3114.8000,7150,0,99037020.000,0,-,-,-,-,3113.6000,3112.8000,3112.2000,3110.2000,3110.0000,3115.0000,3115.8000,3116.0000,3118.0000,3119.0000,1,1,1,2,1,2,2,5,1,2
SF,IH2006,2020-01-03 09:31:50.400,3114.8000,7150,0,99037020.000,0,-,-,-,-,3113.6000,3112.8000,3112.2000,3110.2000,3110.0000,3114.8000,3115.0000,3115.8000,3116.0000,3118.0000,1,1,1,2,1,1,2,2,5,1
SF,IH2006,2020-01-03 09:31:50.900,3114.8000,7150,0,99037020.000,0,-,-,-,-,3113.6000,3112.8000,3112.2000,3110.2000,3110.0000,3114.6000,3114.8000,3115.0000,3115.8000,3116.0000,1,1,1,2,1,1,1,1,2,5
SF,IH2006,2020-01-03 09:31:51.400,3113.6000,7150,0,99971100.000,1,0,1,多换,S,3112.8000,3112.2000,3110.2000,3110.0000,3104.6000,3113.6000,3114.6000,3114.8000,3115.0000,3115.8000,1,1,2,1,5,1,1,1,1,2
SF,IH2006,2020-01-03 09:31:51.900,3113.6000,7150,0,99971100.000,0,-,-,-,-,3113.6000,3112.8000,3112.2000,3110.2000,3110.0000,3114.6000,3115.0000,3115.8000,3116.0000,3118.0000,1,1,1,2,1,1,1,2,5,1
SF,IH2006,2020-01-03 09:31:52.400,3113.6000,7150,0,100905180.000,1,0,1,多换,S,3112.8000,3112.2000,3110.2000,3110.0000,3104.6000,3113.6000,3115.0000,3115.8000,3116.0000,3118.0000,1,1,2,1,5,1,1,2,5,1
SF,IH2006,2020-01-03 09:31:52.900,3113.6000,7150,0,100905180.000,0,-,-,-,-,3113.6000,3112.8000,3112.2000,3110.2000,3110.0000,3115.0000,3115.8000,3116.0000,3118.0000,3119.0000,1,1,1,2,1,1,2,5,1,2
SF,IH2006,2020-01-03 09:31:53.400,3113.6000,7150,0,101839260.000,1,0,1,多换,S,3112.8000,3112.2000,3110.2000,3110.0000,3104.6000,3113.6000,3114.8000,3115.0000,3115.8000,3116.0000,1,1,2,1,5,1,2,1,2,5
SF,IH2006,2020-01-03 09:31:53.900,3113.6000,7150,0,101839260.000,0,-,-,-,-,3112.8000,3112.2000,3110.2000,3110.0000,3104.6000,3113.6000,3114.8000,3115.0000,3115.8000,3116.0000,1,1,2,1,5,1,2,1,1,5
SF,IH2006,2020-01-03 09:31:54.400,3113.6000,7150,0,102773340.000,1,0,1,多换,S,3112.8000,3112.2000,3110.2000,3110.0000,3104.6000,3113.6000,3115.0000,3115.8000,3116.0000,3118.0000,1,1,2,1,5,1,1,1,5,1
SF,IH2006,2020-01-03 09:31:54.900,3113.6000,7150,0,103707420.000,1,0,1,多换,S,3112.8000,3112.2000,3110.2000,3110.0000,3104.6000,3113.6000,3115.0000,3115.8000,3116.0000,3118.0000,1,1,2,1,5,1,1,1,5,1
SF,IH2006,2020-01-03 09:31:55.900,3113.6000,7150,0,103707420.000,0,-,-,-,-,3112.8000,3110.2000,3110.0000,3104.6000,3101.4000,3113.6000,3115.0000,3115.8000,3116.0000,3118.0000,1,2,1,5,1,1,1,1,5,1
SF,IH2006,2020-01-03 09:31:56.400,3113.6000,7150,0,104641500.000,1,0,1,多换,S,3112.8000,3110.2000,3110.0000,3104.6000,3101.4000,3115.0000,3115.8000,3116.0000,3118.0000,3119.0000,1,2,1,5,1,1,1,5,1,2
SF,IH2006,2020-01-03 09:31:56.900,3113.6000,7150,0,104641500.000,0,-,-,-,-,3112.8000,3110.2000,3110.0000,3104.6000,3101.4000,3114.8000,3115.0000,3115.8000,3116.0000,3118.0000,1,2,1,5,1,2,1,1,5,1
SF,IH2006,2020-01-03 09:31:57.400,3113.6000,7150,0,104641500.000,0,-,-,-,-,3112.8000,3110.2000,3110.0000,3104.6000,3101.4000,3114.8000,3115.0000,3115.8000,3116.0000,3118.0000,1,2,1,5,1,2,1,1,5,1
SF,IH2006,2020-01-03 09:31:57.900,3114.6000,7150,0,105575880.000,1,0,1,多换,S,3112.8000,3110.2000,3110.0000,3104.6000,3101.4000,3114.8000,3115.0000,3115.8000,3116.0000,3118.0000,1,2,1,5,1,2,1,1,5,1
SF,IH2006,2020-01-03 09:31:58.400,3114.6000,7150,0,106510260.000,1,0,1,多换,S,3113.2000,3112.8000,3110.2000,3110.0000,3104.6000,3114.8000,3115.0000,3115.8000,3116.0000,3118.0000,1,1,2,1,5,2,1,1,5,1
SF,IH2006,2020-01-03 09:31:58.900,3114.6000,7150,0,106510260.000,0,-,-,-,-,3113.4000,3113.2000,3112.8000,3110.2000,3110.0000,3114.8000,3115.0000,3115.8000,3116.0000,3118.0000,1,1,1,2,1,1,1,1,5,1
SF,IH2006,2020-01-03 09:31:59.900,3114.8000,7150,0,107444700.000,1,0,1,多换,S,3113.4000,3113.2000,3112.8000,3110.2000,3110.0000,3115.0000,3115.8000,3116.0000,3118.0000,3119.0000,1,1,1,2,1,1,1,5,1,2
SF,IH2006,2020-01-03 09:32:00.400,3114.8000,7150,0,107444700.000,0,-,-,-,-,3113.6000,3113.4000,3113.2000,3112.8000,3110.2000,3115.0000,3115.8000,3116.0000,3118.0000,3119.0000,1,1,1,1,2,1,1,5,1,2
SF,IH2006,2020-01-03 09:32:00.900,3114.8000,7150,0,107444700.000,0,-,-,-,-,3113.8000,3113.6000,3113.2000,3112.8000,3110.2000,3115.0000,3115.8000,3116.0000,3118.0000,3119.0000,1,1,1,1,2,1,1,5,1,2
SF,IH2006,2020-01-03 09:32:01.900,3113.6000,7149,-1,108378780.000,1,0,1,双平,S,3113.2000,3112.8000,3110.2000,3110.0000,3104.6000,3113.6000,3113.8000,3115.0000,3115.4000,3115.8000,1,1,2,1,5,1,1,1,1,1
SF,IH2006,2020-01-03 09:32:02.400,3113.6000,7149,0,109312860.000,1,0,1,多换,S,3113.2000,3112.8000,3110.2000,3110.0000,3104.6000,3113.8000,3115.0000,3115.4000,3115.8000,3116.0000,1,1,2,1,5,1,1,1,1,5
SF,IH2006,2020-01-03 09:32:02.900,3113.6000,7149,0,109312860.000,0,-,-,-,-,3113.2000,3112.8000,3110.2000,3110.0000,3104.6000,3113.8000,3114.6000,3115.0000,3115.4000,3115.8000,1,1,2,1,5,1,1,1,1,1
SF,IH2006,2020-01-03 09:32:03.400,3113.2000,7148,-1,110246820.000,1,0,1,双平,S,3112.8000,3110.2000,3110.0000,3104.6000,3101.4000,3113.8000,3114.6000,3115.0000,3115.4000,3115.8000,1,2,1,5,1,1,1,1,1,1
SF,IH2006,2020-01-03 09:32:03.900,3113.2000,7148,0,110246820.000,0,-,-,-,-,3113.6000,3112.8000,3112.0000,3110.2000,3110.0000,3114.6000,3115.0000,3115.4000,3115.8000,3116.0000,1,1,1,2,1,1,1,1,1,5
SF,IH2006,2020-01-03 09:32:04.400,3114.4000,7148,0,112115220.000,2,1,1,多换,S,3112.8000,3112.0000,3110.2000,3110.0000,3104.6000,3114.4000,3114.6000,3115.0000,3115.4000,3115.8000,1,1,2,1,5,1,1,1,1,1
SF,IH2006,2020-01-03 09:32:04.900,3114.4000,7148,0,112115220.000,0,-,-,-,-,3113.0000,3112.8000,3112.0000,3110.2000,3110.0000,3114.4000,3114.6000,3115.0000,3115.4000,3115.8000,2,1,1,2,1,1,1,1,1,1
SF,IH2006,2020-01-03 09:32:05.900,3114.4000,7149,1,113049540.000,1,1,0,双开,S,3113.0000,3112.8000,3112.0000,3110.2000,3110.0000,3114.4000,3114.6000,3115.4000,3115.8000,3116.0000,1,1,1,2,1,2,1,1,1,5
SF,IH2006,2020-01-03 09:32:06.400,3114.4000,7149,0,113049540.000,0,-,-,-,-,3112.8000,3112.0000,3110.0000,3104.6000,3101.4000,3114.2000,3114.4000,3114.6000,3115.4000,3115.8000,1,1,1,5,1,1,2,1,1,1
SF,IH2006,2020-01-03 09:32:06.900,3114.4000,7149,0,113049540.000,0,-,-,-,-,3113.0000,3112.8000,3112.0000,3110.0000,3104.6000,3114.0000,3114.2000,3114.4000,3115.4000,3115.8000,1,1,1,1,5,1,1,1,1,1
SF,IH2006,2020-01-03 09:32:07.900,3114.0000,7149,0,113983740.000,1,0,1,多换,S,3113.0000,3112.8000,3112.0000,3110.0000,3104.6000,3114.2000,3114.4000,3115.4000,3115.8000,3116.0000,1,1,1,1,5,1,1,1,1,5
SF,IH2006,2020-01-03 09:32:08.400,3114.0000,7149,0,113983740.000,0,-,-,-,-,3112.8000,3112.0000,3110.0000,3104.6000,3101.4000,3114.2000,3114.4000,3115.4000,3115.8000,3116.0000,1,1,1,5,1,1,1,1,1,5
SF,IH2006,2020-01-03 09:32:08.900,3114.0000,7149,0,113983740.000,0,-,-,-,-,3112.8000,3112.0000,3110.0000,3104.6000,3101.4000,3114.0000,3114.2000,3114.4000,3115.4000,3115.8000,1,1,1,5,1,1,1,1,1,1
SF,IH2006,2020-01-03 09:32:09.400,3114.0000,7150,1,114917940.000,1,1,0,双开,S,3113.0000,3112.8000,3112.0000,3110.0000,3104.6000,3114.0000,3114.2000,3114.4000,3114.6000,3115.8000,1,1,1,1,5,1,1,1,1,1
SF,IH2006,2020-01-03 09:32:09.900,3113.0000,7149,-1,115851840.000,1,0,1,双平,S,3112.8000,3112.0000,3110.0000,3104.6000,3101.4000,3114.0000,3114.4000,3114.6000,3115.8000,3116.0000,1,1,1,5,1,1,1,1,1,5
SF,IH2006,2020-01-03 09:32:11.400,3112.8000,7149,0,116785680.000,1,0,1,多换,S,3112.0000,3110.0000,3104.6000,3101.4000,3100.2000,3114.0000,3114.4000,3114.6000,3115.8000,3116.0000,1,1,5,1,2,1,1,1,1,5
SF,IH2006,2020-01-03 09:32:11.900,3112.8000,7149,0,116785680.000,0,-,-,-,-,3112.2000,3112.0000,3110.0000,3104.6000,3101.4000,3113.8000,3114.0000,3114.4000,3114.6000,3115.8000,1,1,1,5,1,3,1,1,1,1
SF,IH2006,2020-01-03 09:32:12.400,3112.8000,7149,0,116785680.000,0,-,-,-,-,3112.2000,3112.0000,3110.0000,3104.6000,3101.4000,3113.8000,3114.0000,3114.6000,3115.8000,3116.0000,1,1,1,5,1,3,2,1,1,5
SF,IH2006,2020-01-03 09:32:12.900,3112.8000,7149,0,116785680.000,0,-,-,-,-,3112.0000,3110.0000,3104.6000,3101.4000,3100.2000,3113.6000,3113.8000,3114.0000,3114.6000,3115.8000,1,1,5,1,2,1,2,2,1,1
SF,IH2006,2020-01-03 09:32:13.400,3112.8000,7149,0,116785680.000,0,-,-,-,-,3112.0000,3110.0000,3104.6000,3101.4000,3101.0000,3113.4000,3113.6000,3113.8000,3114.0000,3114.6000,1,1,5,1,1,1,1,1,1,1
SF,IH2006,2020-01-03 09:32:13.900,3112.8000,7149,0,116785680.000,0,-,-,-,-,3113.0000,3112.0000,3110.0000,3104.6000,3101.4000,3113.4000,3113.6000,3113.8000,3114.0000,3114.6000,1,1,1,5,1,1,1,1,1,1
SF,IH2006,2020-01-03 09:32:14.400,3113.0000,7149,0,117719580.000,1,0,1,多换,S,3112.0000,3110.0000,3104.6000,3101.4000,3101.0000,3113.4000,3113.6000,3113.8000,3114.0000,3114.6000,1,1,5,1,1,1,1,1,1,1
SF,IH2006,2020-01-03 09:32:14.900,3113.0000,7149,0,117719580.000,0,-,-,-,-,3112.0000,3110.0000,3104.6000,3101.4000,3101.0000,3113.4000,3113.8000,3114.0000,3114.6000,3114.8000,1,1,5,1,1,1,1,1,1,1
SF,IH2006,2020-01-03 09:32:15.400,3113.0000,7149,0,117719580.000,0,-,-,-,-,3112.0000,3110.0000,3104.6000,3101.4000,3101.0000,3113.0000,3113.4000,3113.8000,3114.0000,3114.6000,1,1,5,1,1,1,1,1,1,1
SF,IH2006,2020-01-03 09:32:16.400,3113.0000,7149,0,117719580.000,0,-,-,-,-,3112.0000,3110.0000,3104.6000,3101.4000,3101.0000,3113.0000,3113.4000,3113.8000,3114.0000,3114.8000,1,1,5,1,1,1,1,1,2,1
SF,IH2006,2020-01-03 09:32:16.900,3113.0000,7149,0,117719580.000,0,-,-,-,-,3112.0000,3110.0000,3104.6000,3101.4000,3101.0000,3113.0000,3113.4000,3113.8000,3114.0000,3114.8000,1,1,5,1,1,2,1,1,1,1
SF,IH2006,2020-01-03 09:32:19.900,3113.0000,7149,0,117719580.000,0,-,-,-,-,3112.0000,3110.0000,3104.6000,3101.4000,3101.0000,3113.0000,3113.4000,3113.8000,3114.0000,3114.8000,1,1,5,1,1,2,1,1,1,1
SF,IH2006,2020-01-03 09:32:26.400,3112.0000,7149,0,118653180.000,1,0,1,多换,S,3110.0000,3104.6000,3101.4000,3101.0000,3100.2000,3113.0000,3113.4000,3113.8000,3114.0000,3114.8000,1,5,1,1,2,2,1,1,1,1
SF,IH2006,2020-01-03 09:32:26.900,3112.0000,7149,0,118653180.000,0,-,-,-,-,3110.2000,3110.0000,3104.6000,3101.4000,3101.0000,3113.0000,3113.8000,3114.0000,3114.8000,3115.8000,2,1,5,1,1,2,1,1,1,1
SF,IH2006,2020-01-03 09:32:27.400,3112.0000,7149,0,118653180.000,0,-,-,-,-,3110.2000,3110.0000,3104.6000,3101.4000,3101.0000,3112.8000,3113.0000,3113.8000,3114.0000,3114.8000,2,1,5,1,1,1,2,1,1,1
SF,IH2006,2020-01-03 09:32:27.900,3112.0000,7149,0,118653180.000,0,-,-,-,-,3110.8000,3110.2000,3110.0000,3104.6000,3101.4000,3112.8000,3113.0000,3113.8000,3114.0000,3114.8000,1,2,1,5,1,1,2,1,1,1
SF,IH2006,2020-01-03 09:32:28.400,3112.0000,7149,0,118653180.000,0,-,-,-,-,3111.0000,3110.8000,3110.6000,3110.0000,3104.6000,3112.8000,3113.0000,3113.8000,3114.0000,3114.8000,2,1,1,1,5,1,2,1,1,1
SF,IH2006,2020-01-03 09:32:28.900,3112.0000,7149,0,118653180.000,0,-,-,-,-,3111.0000,3110.8000,3110.0000,3104.6000,3101.4000,3112.8000,3113.0000,3113.8000,3114.0000,3114.8000,3,1,1,5,1,1,2,1,1,1
SF,IH2006,2020-01-03 09:32:29.900,3112.0000,7149,0,118653180.000,0,-,-,-,-,3111.0000,3110.8000,3110.0000,3104.6000,3101.4000,3112.8000,3113.0000,3113.8000,3114.0000,3114.8000,3,1,1,5,1,2,1,1,1,1
SF,IH2006,2020-01-03 09:32:30.900,3112.0000,7149,0,118653180.000,0,-,-,-,-,3111.2000,3111.0000,3110.8000,3110.0000,3104.6000,3112.8000,3113.0000,3113.8000,3114.0000,3114.8000,1,2,1,1,5,2,1,1,1,1
SF,IH2006,2020-01-03 09:32:31.400,3112.0000,7149,0,118653180.000,0,-,-,-,-,3111.4000,3111.2000,3111.0000,3110.8000,3110.0000,3112.8000,3113.0000,3113.8000,3114.0000,3114.8000,2,1,1,1,1,2,1,1,1,1
SF,IH2006,2020-01-03 09:32:31.900,3112.0000,7149,0,118653180.000,0,-,-,-,-,3111.4000,3111.2000,3110.8000,3110.0000,3104.6000,3112.8000,3113.0000,3113.8000,3114.0000,3114.8000,2,1,1,1,5,2,1,1,1,1
SF,IH2006,2020-01-03 09:32:32.900,3112.0000,7149,0,118653180.000,0,-,-,-,-,3111.4000,3111.2000,3111.0000,3110.8000,3110.0000,3112.8000,3113.0000,3113.8000,3114.0000,3114.8000,1,1,1,1,1,2,1,1,1,1
SF,IH2006,2020-01-03 09:32:33.400,3112.0000,7149,0,118653180.000,0,-,-,-,-,3111.6000,3111.4000,3111.2000,3111.0000,3110.0000,3112.8000,3113.0000,3113.8000,3114.0000,3114.8000,1,1,1,1,1,2,1,1,1,1
SF,IH2006,2020-01-03 09:32:34.900,3112.0000,7149,0,118653180.000,0,-,-,-,-,3111.6000,3111.4000,3111.2000,3111.0000,3110.0000,3112.6000,3112.8000,3113.0000,3113.8000,3114.0000,1,1,1,1,1,1,2,1,1,1
SF,IH2006,2020-01-03 09:32:35.400,3112.0000,7149,0,118653180.000,0,-,-,-,-,3111.6000,3111.4000,3111.2000,3111.0000,3110.0000,3112.6000,3112.8000,3113.0000,3113.4000,3113.8000,1,1,1,1,1,1,2,1,1,1
SF,IH2006,2020-01-03 09:32:35.900,3112.0000,7149,0,118653180.000,0,-,-,-,-,3111.6000,3111.4000,3111.2000,3111.0000,3110.0000,3112.6000,3112.8000,3113.0000,3113.4000,3113.8000,1,1,1,1,1,1,2,1,1,1
SF,IH2006,2020-01-03 09:32:36.400,3112.0000,7149,0,118653180.000,0,-,-,-,-,3111.6000,3111.4000,3111.2000,3111.0000,3110.0000,3112.6000,3112.8000,3113.0000,3113.4000,3113.8000,1,1,1,1,1,1,1,1,1,1
SF,IH2006,2020-01-03 09:32:36.900,3111.8000,7149,0,119586720.000,1,0,1,多换,S,3111.6000,3111.4000,3111.2000,3111.0000,3110.0000,3112.6000,3112.8000,3113.0000,3113.4000,3113.8000,1,1,1,1,1,1,1,1,1,1
SF,IH2006,2020-01-03 09:32:37.900,3111.8000,7149,0,119586720.000,0,-,-,-,-,3111.4000,3111.2000,3111.0000,3110.0000,3104.6000,3112.6000,3112.8000,3113.0000,3113.4000,3113.8000,1,1,1,1,5,1,1,1,1,1
SF,IH2006,2020-01-03 09:32:40.900,3111.8000,7149,0,119586720.000,0,-,-,-,-,3111.4000,3111.2000,3110.0000,3104.6000,3101.4000,3112.6000,3112.8000,3113.0000,3113.4000,3113.8000,1,1,1,5,1,1,1,1,1,1
SF,IH2006,2020-01-03 09:32:41.400,3111.8000,7149,0,119586720.000,0,-,-,-,-,3111.4000,3110.0000,3104.6000,3101.4000,3101.0000,3112.6000,3112.8000,3113.0000,3113.4000,3113.8000,1,1,5,1,1,1,1,1,1,1
SF,IH2006,2020-01-03 09:32:41.900,3111.8000,7149,0,119586720.000,0,-,-,-,-,3111.8000,3111.4000,3110.0000,3104.6000,3101.4000,3112.6000,3112.8000,3113.0000,3113.4000,3113.8000,1,1,1,5,1,1,1,1,1,1
SF,IH2006,2020-01-03 09:32:42.900,3111.8000,7149,0,119586720.000,0,-,-,-,-,3111.8000,3111.4000,3110.0000,3104.6000,3101.4000,3112.6000,3112.8000,3113.0000,3113.4000,3113.8000,1,1,1,5,1,2,1,1,1,1
SF,IH2006,2020-01-03 09:32:43.900,3112.6000,7147,-2,121454280.000,2,0,2,双平,S,3112.6000,3111.8000,3111.4000,3110.0000,3104.6000,3112.8000,3113.0000,3113.4000,3113.8000,3114.0000,3,1,1,1,5,1,1,1,1,1
SF,IH2006,2020-01-03 09:32:44.400,3112.6000,7144,-3,124255620.000,3,0,3,双平,S,3111.8000,3111.4000,3110.0000,3104.6000,3101.4000,3112.8000,3113.0000,3113.4000,3113.8000,3114.0000,1,1,1,5,1,1,1,1,1,1
SF,IH2006,2020-01-03 09:32:44.900,3112.6000,7144,0,124255620.000,0,-,-,-,-,3112.6000,3111.8000,3111.4000,3110.0000,3104.6000,3112.8000,3113.0000,3113.4000,3113.8000,3114.0000,5,1,1,1,5,1,1,1,1,1
SF,IH2006,2020-01-03 09:32:45.400,3112.6000,7144,0,128924520.000,5,2,3,多换,S,3111.8000,3111.4000,3110.0000,3104.6000,3101.4000,3112.8000,3113.0000,3113.4000,3113.8000,3114.0000,1,1,1,5,1,1,1,1,1,1
SF,IH2006,2020-01-03 09:32:51.900,3112.6000,7144,0,128924520.000,0,-,-,-,-,3111.8000,3111.4000,3111.0000,3110.0000,3104.6000,3112.8000,3113.0000,3113.4000,3113.8000,3114.0000,1,1,1,1,5,1,1,1,1,1
SF,IH2006,2020-01-03 09:32:53.400,3112.6000,7144,0,128924520.000,0,-,-,-,-,3111.8000,3111.4000,3111.0000,3110.0000,3104.6000,3112.6000,3112.8000,3113.0000,3113.4000,3113.8000,1,1,1,1,5,3,1,1,1,1
SF,IH2006,2020-01-03 09:32:58.900,3112.6000,7144,0,128924520.000,0,-,-,-,-,3111.8000,3111.4000,3111.0000,3110.0000,3104.6000,3112.6000,3112.8000,3113.0000,3113.4000,3113.8000,1,1,1,1,5,3,1,2,1,1
SF,IH2006,2020-01-03 09:32:59.400,3111.8000,7144,0,129858060.000,1,0,1,多换,S,3111.4000,3111.0000,3110.0000,3104.6000,3101.4000,3112.6000,3112.8000,3113.0000,3113.4000,3113.8000,1,1,1,5,1,3,1,2,1,1
SF,IH2006,2020-01-03 09:32:59.900,3112.6000,7141,-3,132659400.000,3,0,3,双平,S,3111.4000,3111.0000,3110.0000,3104.6000,3101.4000,3112.8000,3113.0000,3113.4000,3113.8000,3114.0000,1,1,1,5,1,1,2,1,1,1
SF,IH2006,2020-01-03 09:33:00.400,3112.6000,7141,0,132659400.000,0,-,-,-,-,3111.6000,3111.4000,3111.0000,3110.0000,3104.6000,3112.8000,3113.0000,3113.4000,3113.8000,3114.0000,1,1,1,1,5,1,2,1,1,1
SF,IH2006,2020-01-03 09:33:00.900,3112.6000,7141,0,132659400.000,0,-,-,-,-,3111.8000,3111.6000,3111.0000,3110.0000,3104.6000,3112.8000,3113.0000,3113.4000,3113.8000,3114.0000,1,1,1,1,5,1,2,1,1,1
SF,IH2006,2020-01-03 09:33:01.400,3112.6000,7141,0,132659400.000,0,-,-,-,-,3111.8000,3111.6000,3111.0000,3110.0000,3104.6000,3112.8000,3113.0000,3113.4000,3113.8000,3114.0000,1,1,1,1,5,1,2,1,1,1
SF,IH2006,2020-01-03 09:33:01.900,3112.6000,7141,0,132659400.000,0,-,-,-,-,3111.8000,3111.0000,3110.0000,3104.6000,3101.4000,3112.8000,3113.0000,3113.4000,3113.8000,3114.0000,1,1,1,5,1,1,2,1,1,1
SF,IH2006,2020-01-03 09:33:03.900,3111.8000,7139,-2,134526780.000,2,0,2,双平,S,3111.0000,3110.0000,3104.6000,3101.4000,3101.0000,3113.0000,3113.4000,3113.8000,3114.0000,3115.8000,1,1,5,1,1,2,1,1,1,1
SF,IH2006,2020-01-03 09:33:04.400,3111.8000,7139,0,134526780.000,0,-,-,-,-,3111.2000,3111.0000,3104.6000,3101.4000,3101.0000,3112.0000,3112.8000,3113.0000,3113.4000,3113.8000,2,1,5,1,1,3,1,2,1,1
SF,IH2006,2020-01-03 09:33:04.900,3112.8000,7135,-4,138261420.000,4,0,4,双平,S,3112.6000,3111.2000,3111.0000,3104.6000,3101.4000,3113.0000,3113.4000,3113.8000,3114.0000,3115.8000,2,2,1,5,1,2,1,1,1,1
SF,IH2006,2020-01-03 09:33:05.400,3112.8000,7135,0,138261420.000,0,-,-,-,-,3111.2000,3111.0000,3104.6000,3101.4000,3101.0000,3113.0000,3113.4000,3113.8000,3115.8000,3116.0000,1,1,5,1,1,2,1,1,1,5
SF,IH2006,2020-01-03 09:33:05.900,3112.8000,7135,0,138261420.000,0,-,-,-,-,3111.4000,3111.2000,3111.0000,3104.6000,3101.4000,3113.0000,3113.4000,3113.8000,3115.8000,3116.0000,1,1,1,5,1,2,1,1,1,5
SF,IH2006,2020-01-03 09:33:06.400,3112.8000,7135,0,138261420.000,0,-,-,-,-,3111.6000,3111.4000,3111.0000,3104.6000,3101.4000,3113.0000,3113.4000,3113.8000,3115.8000,3116.0000,1,1,1,5,1,2,1,1,1,5
SF,IH2006,2020-01-03 09:33:06.900,3112.8000,7135,0,138261420.000,0,-,-,-,-,3111.8000,3111.6000,3111.4000,3111.0000,3104.6000,3113.0000,3113.4000,3113.8000,3115.8000,3116.0000,1,1,1,1,5,2,1,1,1,5
SF,IH2006,2020-01-03 09:33:07.400,3112.8000,7135,0,138261420.000,0,-,-,-,-,3111.8000,3111.6000,3111.0000,3104.6000,3101.4000,3113.0000,3113.4000,3113.8000,3115.8000,3116.0000,1,1,1,5,1,2,1,1,1,5
SF,IH2006,2020-01-03 09:33:07.900,3112.8000,7135,0,138261420.000,0,-,-,-,-,3111.6000,3111.0000,3104.6000,3101.4000,3101.0000,3111.8000,3113.0000,3113.4000,3115.8000,3116.0000,1,1,5,1,1,1,2,1,1,5
SF,IH2006,2020-01-03 09:33:08.400,3111.8000,7135,0,140128500.000,2,1,1,多换,S,3112.0000,3111.6000,3111.0000,3104.6000,3101.4000,3113.0000,3113.4000,3115.8000,3116.0000,3118.0000,1,1,1,5,1,2,1,1,5,1
SF,IH2006,2020-01-03 09:33:08.900,3111.8000,7135,0,140128500.000,0,-,-,-,-,3111.6000,3111.0000,3104.6000,3101.4000,3101.0000,3111.8000,3113.0000,3113.4000,3115.8000,3116.0000,1,1,5,1,1,1,2,1,1,5
SF,IH2006,2020-01-03 09:33:09.400,3112.0000,7135,0,141995640.000,2,1,1,多换,S,3112.0000,3111.6000,3111.0000,3104.6000,3101.4000,3113.0000,3113.4000,3115.8000,3116.0000,3118.0000,1,1,1,5,1,2,1,1,5,1
SF,IH2006,2020-01-03 09:33:09.900,3112.0000,7135,0,141995640.000,0,-,-,-,-,3111.6000,3111.0000,3104.6000,3101.4000,3101.0000,3112.0000,3113.0000,3113.4000,3115.8000,3116.0000,1,1,5,1,1,1,2,1,1,5
SF,IH2006,2020-01-03 09:33:10.400,3112.0000,7135,0,144796440.000,3,1,2,多换,S,3111.6000,3111.0000,3104.6000,3101.4000,3101.0000,3113.0000,3113.4000,3115.8000,3116.0000,3118.0000,1,1,5,1,1,2,1,1,5,1
SF,IH2006,2020-01-03 09:33:10.900,3112.0000,7135,0,144796440.000,0,-,-,-,-,3111.6000,3111.0000,3104.6000,3101.4000,3101.0000,3112.0000,3113.0000,3113.4000,3115.8000,3116.0000,1,1,5,1,1,1,2,1,1,5
SF,IH2006,2020-01-03 09:33:11.400,3112.0000,7135,0,146663640.000,2,1,1,多换,S,3111.8000,3111.6000,3111.0000,3104.6000,3101.4000,3113.0000,3113.4000,3115.8000,3116.0000,3118.0000,1,1,1,5,1,2,1,1,5,1
SF,IH2006,2020-01-03 09:33:11.900,3111.6000,7136,1,148530660.000,2,1,1,空开,S,3111.0000,3104.6000,3101.4000,3101.0000,3100.2000,3113.0000,3113.4000,3115.8000,3116.0000,3118.0000,1,5,1,1,2,2,1,1,5,1
SF,IH2006,2020-01-03 09:33:12.400,3111.6000,7136,0,148530660.000,0,-,-,-,-,3111.2000,3111.0000,3104.6000,3101.4000,3101.0000,3111.6000,3112.8000,3113.0000,3113.4000,3115.8000,2,1,5,1,1,1,1,2,1,1
SF,IH2006,2020-01-03 09:33:12.900,3111.6000,7136,0,149464140.000,1,0,1,多换,S,3111.2000,3111.0000,3104.6000,3101.4000,3101.0000,3112.8000,3113.0000,3113.4000,3115.8000,3116.0000,1,1,5,1,1,1,2,1,1,5
SF,IH2006,2020-01-03 09:33:13.400,3111.6000,7136,0,149464140.000,0,-,-,-,-,3111.0000,3104.6000,3101.4000,3101.0000,3100.2000,3112.8000,3113.0000,3113.4000,3115.8000,3116.0000,1,5,1,1,2,1,2,1,1,5
SF,IH2006,2020-01-03 09:33:13.900,3111.6000,7136,0,149464140.000,0,-,-,-,-,3111.0000,3104.6000,3101.4000,3101.0000,3100.2000,3112.6000,3112.8000,3113.0000,3113.4000,3115.8000,1,5,1,1,2,1,1,2,1,1
SF,IH2006,2020-01-03 09:33:14.400,3111.6000,7136,0,149464140.000,0,-,-,-,-,3111.0000,3104.6000,3101.4000,3101.0000,3100.2000,3112.4000,3112.6000,3113.0000,3113.4000,3115.8000,1,5,1,1,2,1,1,2,1,1
SF,IH2006,2020-01-03 09:33:14.900,3113.0000,7137,1,152265540.000,3,2,1,空开,S,3111.0000,3104.6000,3101.4000,3101.0000,3100.2000,3113.0000,3113.4000,3115.8000,3116.0000,3118.0000,1,5,1,1,2,1,1,1,5,1
SF,IH2006,2020-01-03 09:33:15.400,3113.0000,7137,0,152265540.000,0,-,-,-,-,3111.2000,3111.0000,3104.6000,3101.4000,3101.0000,3112.8000,3113.0000,3113.4000,3115.8000,3116.0000,1,1,5,1,1,1,1,1,1,5
SF,IH2006,2020-01-03 09:33:15.900,3113.0000,7137,0,152265540.000,0,-,-,-,-,3111.4000,3111.2000,3111.0000,3104.6000,3101.4000,3112.8000,3113.0000,3113.4000,3115.8000,3116.0000,1,1,1,5,1,2,1,1,1,5
SF,IH2006,2020-01-03 09:33:16.400,3113.0000,7137,0,152265540.000,0,-,-,-,-,3111.6000,3111.4000,3111.0000,3104.6000,3101.4000,3112.8000,3113.0000,3113.4000,3115.8000,3116.0000,1,1,1,5,1,2,1,1,1,5
SF,IH2006,2020-01-03 09:33:16.900,3113.0000,7137,0,152265540.000,0,-,-,-,-,3111.6000,3111.0000,3104.6000,3101.4000,3101.0000,3113.0000,3113.4000,3115.8000,3116.0000,3118.0000,1,1,5,1,1,1,1,1,5,1
SF,IH2006,2020-01-03 09:33:17.400,3113.0000,7137,0,152265540.000,0,-,-,-,-,3111.8000,3111.6000,3111.0000,3104.6000,3101.4000,3112.0000,3113.0000,3113.4000,3115.8000,3116.0000,1,1,1,5,1,2,1,1,1,5
SF,IH2006,2020-01-03 09:33:17.900,3112.0000,7135,-2,154132740.000,2,0,2,双平,S,3112.2000,3111.8000,3111.6000,3111.0000,3104.6000,3113.0000,3113.4000,3115.8000,3116.0000,3118.0000,1,1,1,1,5,1,1,1,5,1
SF,IH2006,2020-01-03 09:33:18.400,3111.8000,7135,0,156933840.000,3,1,2,多换,S,3111.6000,3111.2000,3111.0000,3104.6000,3101.4000,3113.4000,3115.8000,3116.0000,3118.0000,3119.0000,1,1,1,5,1,1,1,5,1,1
SF,IH2006,2020-01-03 09:33:18.900,3111.8000,7136,1,157867380.000,1,1,0,双开,S,3111.6000,3111.2000,3111.0000,3104.6000,3101.4000,3111.8000,3113.4000,3115.8000,3116.0000,3118.0000,1,1,1,5,1,1,1,1,5,1
SF,IH2006,2020-01-03 09:33:19.400,3111.8000,7136,0,159734460.000,2,1,1,多换,S,3111.8000,3111.2000,3111.0000,3104.6000,3101.4000,3113.4000,3115.8000,3116.0000,3118.0000,3119.0000,1,1,1,5,1,1,1,5,1,1
SF,IH2006,2020-01-03 09:33:19.900,3111.8000,7136,0,160668000.000,1,0,1,多换,S,3111.2000,3111.0000,3104.6000,3101.4000,3101.0000,3111.6000,3113.4000,3115.8000,3116.0000,3118.0000,1,1,5,1,1,1,1,1,5,1
SF,IH2006,2020-01-03 09:33:20.400,3111.8000,7136,0,162535080.000,2,1,1,多换,S,3111.2000,3111.0000,3104.6000,3101.4000,3101.0000,3112.8000,3113.4000,3115.8000,3116.0000,3118.0000,1,1,5,1,1,1,1,1,5,1
SF,IH2006,2020-01-03 09:33:20.900,3111.8000,7136,0,162535080.000,0,-,-,-,-,3111.4000,3111.2000,3111.0000,3104.6000,3101.4000,3111.8000,3112.6000,3112.8000,3113.4000,3115.8000,2,1,1,5,1,1,1,1,1,1
SF,IH2006,2020-01-03 09:33:21.400,3111.8000,7136,0,163468620.000,1,0,1,多换,S,3111.6000,3111.4000,3111.2000,3111.0000,3104.6000,3112.6000,3112.8000,3113.4000,3115.8000,3116.0000,1,2,1,1,5,1,1,1,1,5
SF,IH2006,2020-01-03 09:33:21.900,3112.6000,7136,0,164402400.000,1,0,1,多换,S,3111.6000,3111.4000,3111.2000,3111.0000,3104.6000,3112.8000,3113.4000,3115.8000,3116.0000,3118.0000,1,2,1,1,5,1,1,1,5,1
SF,IH2006,2020-01-03 09:33:22.400,3112.6000,7136,0,164402400.000,0,-,-,-,-,3111.6000,3111.4000,3111.2000,3111.0000,3110.8000,3112.8000,3113.4000,3115.8000,3116.0000,3118.0000,1,2,4,1,1,1,1,1,5,1
SF,IH2006,2020-01-03 09:33:22.900,3112.6000,7136,0,164402400.000,0,-,-,-,-,3111.8000,3111.6000,3111.4000,3111.2000,3111.0000,3112.8000,3113.4000,3115.8000,3116.0000,3118.0000,1,1,1,3,1,1,1,1,5,1
SF,IH2006,2020-01-03 09:33:23.400,3112.6000,7136,0,164402400.000,0,-,-,-,-,3111.8000,3111.6000,3111.4000,3111.2000,3111.0000,3113.4000,3115.8000,3116.0000,3118.0000,3119.0000,2,1,1,3,1,1,1,5,1,1
SF,IH2006,2020-01-03 09:33:23.900,3112.6000,7136,0,164402400.000,0,-,-,-,-,3112.0000,3111.8000,3111.4000,3111.2000,3111.0000,3113.0000,3113.2000,3113.4000,3115.8000,3116.0000,1,2,1,2,1,1,3,1,1,5
SF,IH2006,2020-01-03 09:33:24.400,3112.6000,7136,0,164402400.000,0,-,-,-,-,3112.0000,3111.8000,3111.4000,3111.2000,3111.0000,3113.0000,3113.2000,3113.4000,3115.8000,3116.0000,2,2,1,2,1,1,3,1,1,5
SF,IH2006,2020-01-03 09:33:24.900,3112.6000,7136,0,164402400.000,0,-,-,-,-,3112.0000,3111.8000,3111.2000,3111.0000,3110.8000,3113.2000,3113.4000,3115.8000,3116.0000,3118.0000,1,1,2,2,1,3,1,1,5,1
SF,IH2006,2020-01-03 09:33:25.400,3112.6000,7136,0,164402400.000,0,-,-,-,-,3112.0000,3111.8000,3111.2000,3111.0000,3110.8000,3113.0000,3113.2000,3113.4000,3115.8000,3116.0000,1,1,2,2,1,2,3,1,1,5
SF,IH2006,2020-01-03 09:33:25.900,3112.6000,7136,0,164402400.000,0,-,-,-,-,3112.0000,3111.8000,3111.2000,3111.0000,3110.8000,3113.0000,3113.2000,3113.4000,3115.8000,3116.0000,1,1,2,2,1,2,2,1,1,5
SF,IH2006,2020-01-03 09:33:26.400,3112.6000,7136,0,164402400.000,0,-,-,-,-,3112.0000,3111.8000,3111.2000,3111.0000,3110.8000,3113.0000,3113.2000,3113.4000,3115.8000,3116.0000,1,1,2,2,1,1,2,1,1,5
SF,IH2006,2020-01-03 09:33:26.900,3112.6000,7136,0,164402400.000,0,-,-,-,-,3112.0000,3111.8000,3111.2000,3111.0000,3110.8000,3113.0000,3113.2000,3113.4000,3115.8000,3116.0000,1,1,1,2,1,1,2,1,1,5
SF,IH2006,2020-01-03 09:33:27.400,3112.2000,7136,0,165336060.000,1,0,1,多换,S,3112.0000,3111.8000,3111.2000,3111.0000,3110.8000,3113.0000,3113.2000,3113.4000,3115.8000,3116.0000,1,1,1,2,1,1,2,1,1,5
SF,IH2006,2020-01-03 09:33:27.900,3112.0000,7136,0,166269660.000,1,0,1,多换,S,3111.8000,3111.2000,3111.0000,3110.8000,3104.6000,3112.0000,3113.0000,3113.2000,3113.4000,3115.8000,1,1,2,1,5,1,1,2,1,1
SF,IH2006,2020-01-03 09:33:28.400,3112.0000,7136,0,167203260.000,1,0,1,多换,S,3111.8000,3111.2000,3111.0000,3110.8000,3104.6000,3112.0000,3113.0000,3113.2000,3113.4000,3115.8000,1,1,2,1,5,1,1,2,1,1
SF,IH2006,2020-01-03 09:33:28.900,3111.8000,7136,0,169070400.000,2,1,1,多换,S,3111.2000,3111.0000,3110.8000,3104.6000,3101.4000,3113.0000,3113.2000,3113.4000,3115.8000,3116.0000,1,2,1,5,1,1,2,1,1,5
SF,IH2006,2020-01-03 09:33:29.400,3111.8000,7136,0,169070400.000,0,-,-,-,-,3111.4000,3111.2000,3111.0000,3110.8000,3104.6000,3111.8000,3112.8000,3113.0000,3113.2000,3113.4000,2,1,2,1,5,1,1,1,2,1
SF,IH2006,2020-01-03 09:33:29.900,3111.8000,7137,1,170003940.000,1,1,0,双开,S,3111.4000,3111.2000,3111.0000,3110.8000,3104.6000,3112.8000,3113.0000,3113.2000,3113.4000,3115.8000,2,1,2,1,5,1,1,2,1,1
SF,IH2006,2020-01-03 09:33:30.400,3112.8000,7136,-1,170937780.000,1,0,1,双平,S,3111.4000,3111.0000,3110.8000,3104.6000,3101.4000,3113.0000,3113.2000,3113.4000,3115.8000,3116.0000,3,2,1,5,1,1,2,1,1,5
SF,IH2006,2020-01-03 09:33:30.900,3112.8000,7136,0,170937780.000,0,-,-,-,-,3111.6000,3111.4000,3111.0000,3110.8000,3104.6000,3112.8000,3113.0000,3113.2000,3113.4000,3115.8000,3,3,1,1,5,1,1,2,1,1
SF,IH2006,2020-01-03 09:33:31.400,3112.8000,7136,0,170937780.000,0,-,-,-,-,3111.8000,3111.6000,3111.4000,3111.0000,3110.8000,3112.8000,3113.0000,3113.2000,3113.4000,3115.8000,1,3,3,1,1,1,1,2,1,1
SF,IH2006,2020-01-03 09:33:31.900,3112.8000,7136,0,170937780.000,0,-,-,-,-,3111.8000,3111.6000,3111.4000,3111.0000,3110.8000,3113.0000,3113.2000,3113.4000,3115.8000,3116.0000,2,3,2,1,1,1,2,1,1,5
SF,IH2006,2020-01-03 09:33:32.400,3112.8000,7136,0,170937780.000,0,-,-,-,-,3112.0000,3111.8000,3111.6000,3111.4000,3111.0000,3113.0000,3113.2000,3113.4000,3115.8000,3116.0000,1,2,3,2,1,1,2,1,1,5
SF,IH2006,2020-01-03 09:33:32.900,3112.8000,7136,0,170937780.000,0,-,-,-,-,3112.0000,3111.8000,3111.6000,3111.4000,3111.0000,3113.0000,3113.2000,3113.4000,3115.8000,3116.0000,2,1,3,3,1,1,2,1,1,5
SF,IH2006,2020-01-03 09:33:34.400,3112.8000,7136,0,170937780.000,0,-,-,-,-,3112.0000,3111.8000,3111.6000,3111.4000,3111.0000,3113.0000,3113.2000,3113.4000,3115.8000,3116.0000,2,1,2,3,1,1,2,1,1,5
SF,IH2006,2020-01-03 09:33:34.900,3112.8000,7136,0,170937780.000,0,-,-,-,-,3111.8000,3111.6000,3111.4000,3111.0000,3110.8000,3113.0000,3113.2000,3113.4000,3115.8000,3116.0000,1,2,3,1,1,1,2,1,1,5
SF,IH2006,2020-01-03 09:33:35.400,3113.0000,7136,0,171871680.000,1,0,1,多换,S,3112.4000,3111.8000,3111.6000,3111.4000,3111.0000,3113.2000,3113.4000,3115.8000,3116.0000,3118.0000,1,1,2,3,1,2,1,1,5,1
SF,IH2006,2020-01-03 09:33:35.900,3113.0000,7136,0,171871680.000,0,-,-,-,-,3111.8000,3111.6000,3111.4000,3111.0000,3110.8000,3113.0000,3113.4000,3115.8000,3116.0000,3118.0000,1,2,3,1,1,2,1,1,5,1
SF,IH2006,2020-01-03 09:33:36.400,3113.0000,7136,0,171871680.000,0,-,-,-,-,3112.0000,3111.8000,3111.6000,3111.4000,3111.0000,3113.4000,3115.8000,3116.0000,3118.0000,3119.0000,1,2,1,3,1,1,1,5,1,1
SF,IH2006,2020-01-03 09:33:37.400,3113.0000,7136,0,171871680.000,0,-,-,-,-,3112.2000,3112.0000,3111.8000,3111.6000,3111.4000,3113.4000,3115.8000,3116.0000,3118.0000,3119.0000,1,1,2,1,3,1,1,5,1,1
SF,IH2006,2020-01-03 09:33:37.900,3113.0000,7136,0,171871680.000,0,-,-,-,-,3112.4000,3112.2000,3111.8000,3111.6000,3111.4000,3113.4000,3115.8000,3116.0000,3118.0000,3119.0000,2,1,2,1,3,1,1,5,1,1
SF,IH2006,2020-01-03 09:33:38.400,3112.2000,7134,-2,174672780.000,3,0,3,多平,S,3111.8000,3111.6000,3111.4000,3111.0000,3110.8000,3113.4000,3115.8000,3116.0000,3118.0000,3119.0000,2,1,3,1,1,1,1,5,1,1
SF,IH2006,2020-01-03 09:33:38.900,3112.2000,7134,0,174672780.000,0,-,-,-,-,3112.0000,3111.8000,3111.6000,3111.4000,3111.0000,3113.4000,3115.8000,3116.0000,3118.0000,3119.0000,4,2,1,3,1,1,1,5,1,1
SF,IH2006,2020-01-03 09:33:39.400,3112.2000,7134,0,174672780.000,0,-,-,-,-,3112.2000,3112.0000,3111.8000,3111.6000,3111.4000,3113.2000,3113.4000,3115.8000,3116.0000,3118.0000,2,3,1,1,3,1,1,1,5,1
SF,IH2006,2020-01-03 09:33:39.900,3112.2000,7134,0,174672780.000,0,-,-,-,-,3112.2000,3112.0000,3111.8000,3111.6000,3111.4000,3113.2000,3113.4000,3115.8000,3116.0000,3118.0000,3,3,1,1,3,1,1,1,5,1
SF,IH2006,2020-01-03 09:33:40.400,3112.2000,7134,0,174672780.000,0,-,-,-,-,3112.0000,3111.8000,3111.4000,3111.0000,3110.8000,3113.2000,3113.4000,3115.8000,3116.0000,3118.0000,3,1,2,1,1,1,1,1,5,1
SF,IH2006,2020-01-03 09:33:41.900,3112.2000,7134,0,174672780.000,0,-,-,-,-,3112.2000,3112.0000,3111.8000,3111.4000,3111.0000,3113.2000,3113.4000,3115.8000,3116.0000,3118.0000,1,2,1,2,1,1,1,1,5,1
SF,IH2006,2020-01-03 09:33:42.400,3112.2000,7134,0,174672780.000,0,-,-,-,-,3112.2000,3112.0000,3111.8000,3111.4000,3111.0000,3113.2000,3113.4000,3115.8000,3116.0000,3118.0000,2,2,1,2,1,1,1,1,5,1
SF,IH2006,2020-01-03 09:33:45.900,3112.2000,7134,0,174672780.000,0,-,-,-,-,3112.4000,3112.2000,3112.0000,3111.8000,3111.4000,3113.2000,3113.4000,3115.8000,3116.0000,3118.0000,1,2,2,1,2,1,1,1,5,1
SF,IH2006,2020-01-03 09:33:47.400,3113.2000,7133,-1,175606740.000,1,0,1,双平,S,3112.4000,3112.2000,3112.0000,3111.8000,3111.4000,3113.4000,3115.8000,3116.0000,3118.0000,3119.0000,1,2,2,1,2,1,1,5,1,1
SF,IH2006,2020-01-03 09:33:47.900,3113.2000,7133,0,175606740.000,0,-,-,-,-,3112.4000,3112.2000,3112.0000,3111.8000,3111.4000,3113.4000,3115.8000,3116.0000,3118.0000,3119.0000,2,2,2,1,2,1,1,5,1,1
SF,IH2006,2020-01-03 09:33:48.400,3113.2000,7133,0,175606740.000,0,-,-,-,-,3112.6000,3112.4000,3112.2000,3112.0000,3111.8000,3113.4000,3115.8000,3116.0000,3118.0000,3119.0000,1,2,1,2,1,1,1,5,1,1
SF,IH2006,2020-01-03 09:33:48.900,3113.2000,7133,0,175606740.000,0,-,-,-,-,3112.6000,3112.4000,3112.2000,3112.0000,3111.8000,3113.4000,3115.8000,3116.0000,3118.0000,3119.0000,1,2,1,1,1,1,1,5,1,1
SF,IH2006,2020-01-03 09:33:49.900,3113.4000,7132,-1,176540760.000,1,0,1,双平,S,3112.6000,3112.4000,3112.2000,3112.0000,3111.8000,3115.8000,3116.0000,3118.0000,3119.0000,3119.2000,1,2,1,1,1,1,5,1,1,1
SF,IH2006,2020-01-03 09:33:50.400,3113.4000,7132,0,176540760.000,0,-,-,-,-,3112.8000,3112.6000,3112.4000,3112.2000,3112.0000,3115.6000,3115.8000,3116.0000,3118.0000,3119.0000,1,1,1,1,1,3,1,5,1,1
SF,IH2006,2020-01-03 09:33:50.900,3113.4000,7132,0,176540760.000,0,-,-,-,-,3112.8000,3112.6000,3112.4000,3112.2000,3112.0000,3115.4000,3115.6000,3115.8000,3116.0000,3118.0000,2,1,1,1,1,3,1,1,5,1
SF,IH2006,2020-01-03 09:33:51.400,3113.4000,7132,0,176540760.000,0,-,-,-,-,3113.0000,3112.8000,3112.6000,3112.4000,3112.2000,3114.6000,3115.2000,3115.4000,3115.8000,3116.0000,2,2,1,1,1,1,2,1,1,5
SF,IH2006,2020-01-03 09:33:51.900,3113.4000,7132,0,176540760.000,0,-,-,-,-,3113.0000,3112.8000,3112.6000,3112.4000,3112.2000,3114.4000,3114.6000,3115.8000,3116.0000,3118.0000,2,2,1,1,1,3,1,1,5,1
SF,IH2006,2020-01-03 09:33:52.400,3113.0000,7133,1,178408620.000,2,1,1,空开,S,3113.0000,3112.8000,3112.6000,3112.4000,3112.2000,3114.2000,3114.4000,3114.6000,3115.8000,3116.0000,1,1,1,1,1,2,1,1,1,5
SF,IH2006,2020-01-03 09:33:52.900,3113.0000,7133,0,178408620.000,0,-,-,-,-,3112.8000,3112.6000,3112.4000,3112.2000,3112.0000,3113.0000,3114.0000,3114.4000,3114.6000,3115.8000,1,1,1,1,1,2,3,1,1,1
SF,IH2006,2020-01-03 09:33:53.400,3113.0000,7133,0,180276420.000,2,1,1,多换,S,3112.8000,3112.6000,3112.4000,3112.2000,3112.0000,3114.0000,3114.4000,3114.6000,3115.8000,3116.0000,1,1,1,1,1,3,1,1,1,5
SF,IH2006,2020-01-03 09:33:53.900,3113.0000,7133,0,180276420.000,0,-,-,-,-,3112.6000,3112.4000,3112.2000,3112.0000,3111.8000,3114.0000,3114.4000,3114.6000,3115.8000,3116.0000,1,1,1,1,1,1,1,1,1,5
SF,IH2006,2020-01-03 09:33:54.400,3113.0000,7133,0,180276420.000,0,-,-,-,-,3112.6000,3112.4000,3112.0000,3111.8000,3111.4000,3113.8000,3114.0000,3114.6000,3115.8000,3116.0000,1,1,1,1,2,1,1,1,1,5
SF,IH2006,2020-01-03 09:33:54.900,3113.0000,7133,0,180276420.000,0,-,-,-,-,3112.6000,3112.4000,3112.0000,3111.8000,3111.4000,3113.8000,3115.8000,3116.0000,3118.0000,3119.0000,1,1,1,1,2,2,1,5,1,1
SF,IH2006,2020-01-03 09:33:55.400,3113.0000,7133,0,180276420.000,0,-,-,-,-,3112.8000,3112.6000,3112.0000,3111.8000,3111.4000,3113.8000,3115.8000,3116.0000,3118.0000,3119.0000,1,1,1,1,2,1,1,5,1,1
SF,IH2006,2020-01-03 09:33:55.900,3113.0000,7133,0,180276420.000,0,-,-,-,-,3113.0000,3112.8000,3112.6000,3112.0000,3111.8000,3113.8000,3115.8000,3116.0000,3118.0000,3119.0000,1,1,1,1,1,1,1,5,1,1
SF,IH2006,2020-01-03 09:33:57.400,3113.0000,7133,0,180276420.000,0,-,-,-,-,3113.0000,3112.8000,3112.6000,3112.0000,3111.8000,3115.8000,3116.0000,3118.0000,3119.0000,3119.2000,1,1,1,1,1,1,5,1,1,1
SF,IH2006,2020-01-03 09:33:57.900,3113.0000,7133,0,180276420.000,0,-,-,-,-,3113.0000,3112.6000,3112.0000,3111.8000,3111.4000,3115.6000,3115.8000,3116.0000,3118.0000,3119.0000,1,1,1,1,2,4,1,5,1,1
SF,IH2006,2020-01-03 09:33:58.400,3113.0000,7133,0,180276420.000,0,-,-,-,-,3113.2000,3113.0000,3112.6000,3112.0000,3111.8000,3114.8000,3115.4000,3115.6000,3115.8000,3116.0000,1,1,2,1,1,1,2,2,1,5
SF,IH2006,2020-01-03 09:33:58.900,3113.0000,7133,0,180276420.000,0,-,-,-,-,3113.2000,3113.0000,3112.6000,3112.0000,3111.8000,3114.6000,3114.8000,3115.6000,3115.8000,3116.0000,1,1,2,1,1,4,1,1,1,5
SF,IH2006,2020-01-03 09:33:59.400,3113.0000,7133,0,180276420.000,0,-,-,-,-,3113.2000,3113.0000,3112.6000,3112.0000,3111.8000,3114.4000,3114.6000,3114.8000,3115.8000,3116.0000,1,1,2,1,1,2,2,1,1,5
SF,IH2006,2020-01-03 09:33:59.900,3113.0000,7133,0,180276420.000,0,-,-,-,-,3113.0000,3112.6000,3112.0000,3111.8000,3111.4000,3114.0000,3114.2000,3114.6000,3114.8000,3115.8000,1,2,1,1,2,1,3,1,1,1
SF,IH2006,2020-01-03 09:34:00.400,3113.0000,7133,0,180276420.000,0,-,-,-,-,3113.2000,3113.0000,3112.6000,3112.0000,3111.8000,3114.0000,3114.2000,3114.6000,3114.8000,3115.8000,1,1,2,1,1,1,3,1,1,1
SF,IH2006,2020-01-03 09:34:00.900,3113.0000,7133,0,180276420.000,0,-,-,-,-,3113.2000,3113.0000,3112.6000,3112.0000,3111.8000,3113.8000,3114.0000,3114.2000,3114.6000,3114.8000,1,1,1,1,1,2,1,1,1,1
SF,IH2006,2020-01-03 09:34:01.400,3113.0000,7133,0,180276420.000,0,-,-,-,-,3113.2000,3113.0000,3112.6000,3112.0000,3111.8000,3114.0000,3114.6000,3114.8000,3115.8000,3116.0000,1,1,1,1,1,1,1,1,1,5
SF,IH2006,2020-01-03 09:34:01.900,3113.0000,7131,-2,182144280.000,2,0,2,双平,S,3112.6000,3112.0000,3111.8000,3111.4000,3111.0000,3113.0000,3113.8000,3114.0000,3114.6000,3114.8000,1,1,1,2,1,1,2,1,1,1
SF,IH2006,2020-01-03 09:34:02.400,3112.6000,7131,0,183078060.000,1,0,1,多换,S,3112.0000,3111.8000,3111.4000,3111.0000,3110.8000,3113.8000,3114.0000,3114.6000,3114.8000,3115.8000,1,1,2,1,1,2,1,1,1,1
SF,IH2006,2020-01-03 09:34:02.900,3112.6000,7131,0,183078060.000,0,-,-,-,-,3112.0000,3111.8000,3111.4000,3111.0000,3110.8000,3113.6000,3113.8000,3114.0000,3114.8000,3115.8000,1,1,2,1,1,2,2,1,1,1
SF,IH2006,2020-01-03 09:34:03.400,3112.6000,7131,0,183078060.000,0,-,-,-,-,3112.2000,3111.8000,3111.4000,3111.0000,3110.8000,3113.4000,3113.6000,3114.0000,3114.8000,3115.8000,1,1,2,1,1,2,2,1,1,1
SF,IH2006,2020-01-03 09:34:03.900,3112.2000,7131,0,184011720.000,1,0,1,多换,S,3111.8000,3111.4000,3111.0000,3110.8000,3110.0000,3112.0000,3112.2000,3113.2000,3113.6000,3114.0000,1,2,1,1,1,1,1,4,1,1
SF,IH2006,2020-01-03 09:34:04.400,3112.2000,7131,0,184011720.000,0,-,-,-,-,3111.8000,3111.0000,3110.8000,3110.0000,3104.6000,3112.2000,3113.2000,3113.6000,3114.0000,3115.8000,1,1,1,1,5,1,5,1,1,1
SF,IH2006,2020-01-03 09:34:04.900,3111.8000,7131,0,184945260.000,1,0,1,多换,S,3111.0000,3110.8000,3110.0000,3104.6000,3102.2000,3112.2000,3113.2000,3113.6000,3114.0000,3115.8000,1,1,1,5,1,1,5,1,1,1
SF,IH2006,2020-01-03 09:34:05.400,3111.8000,7131,0,184945260.000,0,-,-,-,-,3111.0000,3110.8000,3110.0000,3104.6000,3102.2000,3112.2000,3113.2000,3114.0000,3115.8000,3116.0000,1,1,1,5,1,1,5,1,1,5
SF,IH2006,2020-01-03 09:34:05.900,3111.8000,7131,0,184945260.000,0,-,-,-,-,3111.2000,3111.0000,3110.8000,3110.0000,3104.6000,3113.2000,3114.0000,3115.8000,3116.0000,3118.0000,1,1,1,1,5,4,1,1,5,1
SF,IH2006,2020-01-03 09:34:06.400,3111.8000,7131,0,184945260.000,0,-,-,-,-,3111.4000,3111.2000,3111.0000,3110.8000,3110.0000,3113.0000,3113.2000,3114.0000,3115.8000,3116.0000,1,2,1,1,1,2,2,1,1,5
SF,IH2006,2020-01-03 09:34:06.900,3111.8000,7131,0,184945260.000,0,-,-,-,-,3111.6000,3111.4000,3111.2000,3111.0000,3110.8000,3113.2000,3114.0000,3115.8000,3116.0000,3118.0000,1,2,1,1,1,2,1,1,5,1
SF,IH2006,2020-01-03 09:34:07.400,3111.8000,7131,0,184945260.000,0,-,-,-,-,3111.8000,3111.6000,3111.4000,3111.0000,3110.8000,3113.2000,3114.0000,3115.8000,3116.0000,3118.0000,1,2,2,1,1,2,1,1,5,1
SF,IH2006,2020-01-03 09:34:08.900,3111.8000,7131,0,184945260.000,0,-,-,-,-,3111.8000,3111.6000,3111.4000,3111.0000,3110.8000,3113.0000,3113.2000,3114.0000,3115.8000,3116.0000,1,2,2,1,1,2,2,1,1,5
SF,IH2006,2020-01-03 09:34:09.400,3111.8000,7131,0,184945260.000,0,-,-,-,-,3112.0000,3111.8000,3111.6000,3111.4000,3111.0000,3113.0000,3113.2000,3114.0000,3115.8000,3116.0000,1,1,1,2,1,2,2,1,1,5
SF,IH2006,2020-01-03 09:34:10.400,3111.8000,7131,0,184945260.000,0,-,-,-,-,3112.0000,3111.8000,3111.6000,3111.4000,3111.0000,3113.2000,3114.0000,3115.8000,3116.0000,3118.0000,2,1,1,2,1,2,1,1,5,1
SF,IH2006,2020-01-03 09:34:10.900,3111.8000,7131,0,184945260.000,0,-,-,-,-,3112.0000,3111.8000,3111.6000,3111.4000,3111.0000,3113.2000,3114.0000,3115.8000,3116.0000,3118.0000,2,1,1,2,1,1,1,1,5,1
SF,IH2006,2020-01-03 09:34:11.400,3111.8000,7131,0,184945260.000,0,-,-,-,-,3112.0000,3111.8000,3111.6000,3111.4000,3111.0000,3114.0000,3115.8000,3116.0000,3118.0000,3119.0000,2,1,1,2,1,1,1,5,1,1
SF,IH2006,2020-01-03 09:34:11.900,3111.8000,7131,0,184945260.000,0,-,-,-,-,3112.0000,3111.8000,3111.6000,3111.4000,3111.0000,3113.8000,3114.0000,3115.8000,3116.0000,3118.0000,3,1,1,2,1,3,1,1,5,1
SF,IH2006,2020-01-03 09:34:12.400,3111.8000,7131,0,184945260.000,0,-,-,-,-,3112.2000,3112.0000,3111.8000,3111.4000,3111.2000,3113.6000,3113.8000,3114.0000,3115.8000,3116.0000,1,3,1,2,1,2,1,1,1,5
SF,IH2006,2020-01-03 09:34:12.900,3111.8000,7131,0,184945260.000,0,-,-,-,-,3112.4000,3112.0000,3111.8000,3111.4000,3111.2000,3113.4000,3114.0000,3115.8000,3116.0000,3118.0000,1,3,1,2,1,3,1,1,5,1
SF,IH2006,2020-01-03 09:34:13.400,3111.8000,7131,0,184945260.000,0,-,-,-,-,3112.4000,3112.0000,3111.8000,3111.4000,3111.2000,3113.2000,3113.4000,3114.0000,3115.8000,3116.0000,1,3,1,2,1,2,1,1,1,5
SF,IH2006,2020-01-03 09:34:14.400,3111.8000,7131,0,184945260.000,0,-,-,-,-,3112.4000,3112.0000,3111.8000,3111.4000,3111.2000,3113.4000,3114.0000,3115.8000,3116.0000,3118.0000,1,3,1,2,1,1,1,1,5,1
SF,IH2006,2020-01-03 09:34:14.900,3111.8000,7131,0,184945260.000,0,-,-,-,-,3112.4000,3112.0000,3111.8000,3111.4000,3111.2000,3113.4000,3114.0000,3115.8000,3116.0000,3118.0000,1,2,1,2,1,1,1,1,5,1
SF,IH2006,2020-01-03 09:34:15.400,3111.8000,7131,0,184945260.000,0,-,-,-,-,3112.4000,3112.0000,3111.8000,3111.4000,3111.2000,3113.4000,3114.0000,3115.8000,3116.0000,3118.0000,1,2,1,1,1,1,1,1,5,1
SF,IH2006,2020-01-03 09:34:18.900,3111.8000,7131,0,184945260.000,0,-,-,-,-,3112.4000,3112.0000,3111.8000,3111.2000,3111.0000,3113.4000,3114.0000,3115.8000,3116.0000,3118.0000,1,2,1,1,1,1,1,1,5,1
SF,IH2006,2020-01-03 09:34:20.900,3112.4000,7131,0,185878980.000,1,0,1,多换,S,3112.0000,3111.8000,3111.2000,3111.0000,3110.8000,3113.4000,3114.0000,3115.8000,3116.0000,3118.0000,2,1,1,1,1,1,1,1,5,1
SF,IH2006,2020-01-03 09:34:21.400,3112.4000,7131,0,185878980.000,0,-,-,-,-,3112.2000,3112.0000,3111.8000,3111.2000,3111.0000,3113.4000,3114.0000,3115.8000,3116.0000,3118.0000,1,2,1,1,1,1,1,1,5,1
SF,IH2006,2020-01-03 09:34:21.900,3112.4000,7131,0,185878980.000,0,-,-,-,-,3112.2000,3112.0000,3111.8000,3111.2000,3111.0000,3113.2000,3113.4000,3114.0000,3115.8000,3116.0000,1,2,1,1,1,2,1,1,1,5
SF,IH2006,2020-01-03 09:34:22.400,3112.4000,7131,0,185878980.000,0,-,-,-,-,3112.2000,3112.0000,3111.8000,3111.2000,3111.0000,3113.4000,3114.0000,3115.8000,3116.0000,3118.0000,1,2,1,1,1,1,1,1,5,1
SF,IH2006,2020-01-03 09:34:23.900,3112.4000,7131,0,185878980.000,0,-,-,-,-,3112.6000,3112.2000,3112.0000,3111.8000,3111.2000,3113.4000,3114.0000,3115.8000,3116.0000,3118.0000,1,1,1,1,1,1,1,1,5,1
SF,IH2006,2020-01-03 09:34:24.400,3112.4000,7131,0,185878980.000,0,-,-,-,-,3112.6000,3112.2000,3112.0000,3111.2000,3111.0000,3113.2000,3113.4000,3114.0000,3115.8000,3116.0000,1,1,1,1,1,2,1,1,1,5
SF,IH2006,2020-01-03 09:34:24.900,3112.4000,7131,0,186812700.000,1,0,1,多换,S,3112.2000,3112.0000,3111.2000,3111.0000,3110.8000,3113.4000,3114.0000,3115.8000,3116.0000,3118.0000,1,1,1,1,1,1,1,1,5,1
SF,IH2006,2020-01-03 09:34:26.400,3112.4000,7131,0,186812700.000,0,-,-,-,-,3113.2000,3112.2000,3112.0000,3111.2000,3111.0000,3113.4000,3114.0000,3115.8000,3116.0000,3118.0000,1,1,1,1,1,1,1,1,5,1
SF,IH2006,2020-01-03 09:34:26.900,3113.2000,7131,0,187746660.000,1,0,1,多换,S,3112.2000,3111.2000,3111.0000,3110.8000,3110.0000,3113.0000,3113.4000,3113.6000,3114.0000,3115.8000,1,1,1,1,1,2,1,2,1,1
SF,IH2006,2020-01-03 09:34:28.900,3113.2000,7131,0,187746660.000,0,-,-,-,-,3112.2000,3111.2000,3111.0000,3110.8000,3110.0000,3113.4000,3113.6000,3114.0000,3115.8000,3116.0000,1,1,1,1,1,1,2,1,1,5
SF,IH2006,2020-01-03 09:34:29.400,3113.2000,7131,0,187746660.000,0,-,-,-,-,3111.2000,3111.0000,3110.8000,3110.0000,3104.6000,3113.4000,3113.6000,3114.0000,3115.8000,3116.0000,1,1,1,1,5,1,2,1,1,5
SF,IH2006,2020-01-03 09:34:29.900,3113.2000,7131,0,187746660.000,0,-,-,-,-,3112.4000,3111.4000,3111.2000,3111.0000,3110.8000,3113.4000,3113.6000,3114.0000,3115.8000,3116.0000,1,2,1,1,1,1,2,1,1,5
SF,IH2006,2020-01-03 09:34:30.400,3113.2000,7131,0,187746660.000,0,-,-,-,-,3111.4000,3111.2000,3111.0000,3110.8000,3110.0000,3113.4000,3113.6000,3114.0000,3115.8000,3116.0000,2,1,1,1,1,1,2,1,1,5
SF,IH2006,2020-01-03 09:34:30.900,3113.2000,7131,0,187746660.000,0,-,-,-,-,3111.4000,3111.2000,3111.0000,3110.8000,3110.0000,3113.2000,3113.4000,3113.6000,3113.8000,3114.0000,2,1,1,1,1,1,1,2,1,1
SF,IH2006,2020-01-03 09:34:31.400,3113.2000,7131,0,187746660.000,0,-,-,-,-,3111.6000,3111.4000,3111.2000,3111.0000,3110.8000,3113.2000,3113.4000,3113.6000,3113.8000,3114.0000,1,2,1,1,1,1,1,2,1,1
SF,IH2006,2020-01-03 09:34:31.900,3113.2000,7131,0,187746660.000,0,-,-,-,-,3111.8000,3111.6000,3111.4000,3111.2000,3111.0000,3113.6000,3113.8000,3114.0000,3115.8000,3116.0000,4,1,1,1,1,2,1,1,1,5
SF,IH2006,2020-01-03 09:34:32.400,3113.2000,7131,0,187746660.000,0,-,-,-,-,3113.4000,3112.2000,3112.0000,3111.8000,3111.4000,3113.6000,3113.8000,3114.0000,3115.8000,3116.0000,1,1,1,4,1,2,1,1,1,5
SF,IH2006,2020-01-03 09:34:32.900,3113.4000,7131,0,188680680.000,1,0,1,多换,S,3112.2000,3112.0000,3111.8000,3111.4000,3111.2000,3113.8000,3114.0000,3115.8000,3116.0000,3118.0000,1,1,4,1,1,1,1,1,5,1
SF,IH2006,2020-01-03 09:34:33.400,3113.4000,7131,0,188680680.000,0,-,-,-,-,3112.4000,3112.2000,3112.0000,3111.8000,3111.4000,3113.8000,3114.0000,3115.8000,3116.0000,3118.0000,1,1,1,3,1,1,1,1,5,1
SF,IH2006,2020-01-03 09:34:33.900,3113.4000,7131,0,188680680.000,0,-,-,-,-,3112.4000,3112.2000,3111.8000,3111.4000,3111.2000,3113.8000,3114.0000,3115.8000,3116.0000,3118.0000,2,1,3,1,1,1,1,1,5,1
SF,IH2006,2020-01-03 09:34:34.900,3113.8000,7131,0,189614820.000,1,0,1,多换,S,3112.8000,3112.4000,3112.2000,3111.8000,3111.4000,3114.0000,3115.8000,3116.0000,3118.0000,3119.0000,1,1,1,3,1,1,1,5,1,1
SF,IH2006,2020-01-03 09:34:35.400,3113.8000,7131,0,189614820.000,0,-,-,-,-,3112.8000,3112.4000,3112.2000,3111.8000,3111.4000,3113.8000,3114.0000,3115.8000,3116.0000,3118.0000,1,1,1,3,1,2,1,1,5,1
SF,IH2006,2020-01-03 09:34:35.900,3113.8000,7130,-1,190548960.000,1,0,1,双平,S,3113.0000,3112.8000,3112.2000,3111.8000,3111.4000,3113.8000,3114.0000,3115.8000,3116.0000,3118.0000,1,1,1,3,1,1,1,1,5,1
SF,IH2006,2020-01-03 09:34:36.400,3113.8000,7129,-1,191483100.000,1,0,1,双平,S,3113.0000,3112.8000,3112.2000,3111.8000,3111.4000,3114.0000,3115.8000,3116.0000,3118.0000,3119.0000,1,1,1,3,1,1,1,5,1,1
SF,IH2006,2020-01-03 09:34:38.400,3113.8000,7129,0,191483100.000,0,-,-,-,-,3113.0000,3112.8000,3112.2000,3111.8000,3111.4000,3114.0000,3115.8000,3116.0000,3118.0000,3119.0000,1,1,1,3,1,1,1,5,1,1
SF,IH2006,2020-01-03 09:34:39.900,3113.8000,7129,0,191483100.000,0,-,-,-,-,3113.0000,3112.2000,3111.8000,3111.4000,3111.2000,3114.0000,3115.8000,3116.0000,3118.0000,3119.0000,1,1,3,1,1,1,1,5,1,1
SF,IH2006,2020-01-03 09:34:40.400,3113.8000,7129,0,191483100.000,0,-,-,-,-,3112.2000,3111.8000,3111.4000,3111.2000,3111.0000,3114.0000,3115.8000,3116.0000,3118.0000,3119.0000,1,3,1,1,1,1,1,5,1,1
SF,IH2006,2020-01-03 09:34:40.900,3113.8000,7129,0,191483100.000,0,-,-,-,-,3112.4000,3112.2000,3111.8000,3111.4000,3111.2000,3114.0000,3115.8000,3116.0000,3118.0000,3119.0000,1,1,3,1,1,1,1,5,1,1
SF,IH2006,2020-01-03 09:34:41.400,3113.8000,7129,0,191483100.000,0,-,-,-,-,3112.4000,3112.2000,3111.8000,3111.4000,3111.2000,3114.0000,3115.8000,3116.0000,3118.0000,3119.0000,1,1,3,1,1,1,1,5,1,1
SF,IH2006,2020-01-03 09:34:41.900,3113.8000,7129,0,191483100.000,0,-,-,-,-,3112.4000,3112.2000,3111.8000,3111.4000,3111.2000,3114.0000,3115.8000,3116.0000,3118.0000,3119.0000,2,1,3,1,1,1,1,5,1,1
SF,IH2006,2020-01-03 09:34:42.400,3113.8000,7129,0,191483100.000,0,-,-,-,-,3112.4000,3112.2000,3111.8000,3111.4000,3111.2000,3114.0000,3115.8000,3116.0000,3118.0000,3119.0000,2,1,3,1,1,1,1,5,1,1
SF,IH2006,2020-01-03 09:34:43.400,3113.8000,7129,0,191483100.000,0,-,-,-,-,3112.6000,3112.4000,3112.2000,3111.8000,3111.4000,3114.0000,3115.8000,3116.0000,3118.0000,3119.0000,1,2,1,3,1,1,1,5,1,1
SF,IH2006,2020-01-03 09:34:43.900,3113.8000,7129,0,191483100.000,0,-,-,-,-,3112.8000,3112.6000,3112.4000,3112.2000,3111.8000,3114.0000,3115.8000,3116.0000,3118.0000,3119.0000,1,1,1,1,3,1,1,5,1,1
SF,IH2006,2020-01-03 09:34:44.400,3113.8000,7129,0,191483100.000,0,-,-,-,-,3112.8000,3112.6000,3112.4000,3112.2000,3111.8000,3115.8000,3116.0000,3118.0000,3119.0000,3119.2000,1,1,1,1,3,1,5,1,1,1
SF,IH2006,2020-01-03 09:34:44.900,3113.8000,7129,0,191483100.000,0,-,-,-,-,3112.8000,3112.6000,3112.2000,3111.8000,3111.4000,3115.6000,3115.8000,3116.0000,3118.0000,3119.0000,1,1,1,3,1,1,1,5,1,1
SF,IH2006,2020-01-03 09:34:45.400,3113.8000,7129,0,191483100.000,0,-,-,-,-,3112.8000,3112.2000,3111.8000,3111.4000,3111.2000,3114.0000,3115.4000,3115.6000,3115.8000,3116.0000,2,1,3,1,1,1,1,1,1,5
SF,IH2006,2020-01-03 09:34:46.400,3113.8000,7129,0,191483100.000,0,-,-,-,-,3112.8000,3112.2000,3111.8000,3111.4000,3111.2000,3114.0000,3115.6000,3115.8000,3116.0000,3118.0000,2,1,3,1,1,1,1,1,5,1
SF,IH2006,2020-01-03 09:34:48.400,3113.8000,7129,0,191483100.000,0,-,-,-,-,3112.8000,3112.2000,3111.8000,3111.4000,3111.2000,3113.8000,3114.0000,3115.6000,3115.8000,3116.0000,2,1,3,1,1,1,1,1,1,5
SF,IH2006,2020-01-03 09:34:53.400,3113.8000,7129,0,191483100.000,0,-,-,-,-,3112.8000,3112.2000,3111.8000,3111.4000,3111.2000,3113.8000,3114.0000,3115.6000,3115.8000,3116.0000,1,1,3,1,1,1,1,1,1,5
SF,IH2006,2020-01-03 09:34:55.900,3112.8000,7128,-1,192416940.000,1,0,1,双平,S,3112.2000,3111.2000,3111.0000,3110.8000,3110.2000,3113.8000,3114.0000,3115.6000,3115.8000,3116.0000,1,1,1,1,1,1,1,1,1,5
SF,IH2006,2020-01-03 09:34:56.400,3112.8000,7128,0,192416940.000,0,-,-,-,-,3112.2000,3111.2000,3111.0000,3110.8000,3110.2000,3113.6000,3113.8000,3114.0000,3115.8000,3116.0000,1,1,1,1,1,2,1,1,1,5
SF,IH2006,2020-01-03 09:34:58.400,3112.8000,7128,0,192416940.000,0,-,-,-,-,3111.2000,3111.0000,3110.8000,3110.2000,3110.0000,3113.6000,3113.8000,3114.0000,3115.8000,3116.0000,1,1,1,1,1,2,1,1,1,5
SF,IH2006,2020-01-03 09:34:58.900,3112.8000,7128,0,192416940.000,0,-,-,-,-,3111.4000,3111.2000,3111.0000,3110.8000,3110.2000,3113.6000,3113.8000,3114.0000,3115.8000,3116.0000,1,1,1,1,1,1,1,1,1,5
SF,IH2006,2020-01-03 09:34:59.400,3112.8000,7128,0,192416940.000,0,-,-,-,-,3111.0000,3110.8000,3110.2000,3110.0000,3108.2000,3113.4000,3113.6000,3113.8000,3114.0000,3115.8000,1,1,1,1,1,1,1,1,1,1
SF,IH2006,2020-01-03 09:34:59.900,3112.8000,7128,0,192416940.000,0,-,-,-,-,3111.2000,3111.0000,3110.8000,3110.2000,3110.0000,3113.4000,3113.8000,3114.0000,3115.8000,3116.0000,1,1,1,1,1,1,1,1,1,5
SF,IH2006,2020-01-03 09:35:00.400,3112.8000,7128,0,192416940.000,0,-,-,-,-,3111.0000,3110.8000,3110.2000,3110.0000,3108.2000,3113.2000,3113.8000,3114.0000,3115.8000,3116.0000,1,1,1,1,1,1,1,1,1,5
SF,IH2006,2020-01-03 09:35:00.900,3113.2000,7128,0,194284860.000,2,1,1,多换,S,3111.0000,3110.8000,3110.2000,3110.0000,3108.2000,3114.0000,3115.8000,3116.0000,3118.0000,3119.0000,1,1,1,1,1,1,1,5,1,1
SF,IH2006,2020-01-03 09:35:01.400,3113.2000,7128,0,194284860.000,0,-,-,-,-,3111.2000,3111.0000,3110.8000,3110.2000,3110.0000,3113.8000,3114.0000,3115.8000,3116.0000,3118.0000,1,1,1,1,1,1,1,1,5,1
SF,IH2006,2020-01-03 09:35:01.900,3113.2000,7128,0,194284860.000,0,-,-,-,-,3111.2000,3111.0000,3110.8000,3110.2000,3110.0000,3113.6000,3113.8000,3114.0000,3115.8000,3116.0000,2,1,1,1,1,1,1,1,1,5
SF,IH2006,2020-01-03 09:35:02.400,3113.2000,7128,0,194284860.000,0,-,-,-,-,3111.2000,3111.0000,3110.8000,3110.2000,3110.0000,3113.6000,3114.0000,3115.8000,3116.0000,3118.0000,2,1,1,1,1,2,2,1,5,1
SF,IH2006,2020-01-03 09:35:02.900,3113.2000,7128,0,194284860.000,0,-,-,-,-,3111.2000,3111.0000,3110.8000,3110.2000,3110.0000,3113.4000,3113.6000,3114.0000,3115.8000,3116.0000,2,1,1,1,1,2,2,2,1,5
SF,IH2006,2020-01-03 09:35:03.400,3113.2000,7128,0,194284860.000,0,-,-,-,-,3111.2000,3111.0000,3110.8000,3110.2000,3110.0000,3113.4000,3114.0000,3115.8000,3116.0000,3118.0000,1,1,1,1,1,3,2,1,5,1
SF,IH2006,2020-01-03 09:35:03.900,3113.2000,7128,0,194284860.000,0,-,-,-,-,3111.2000,3111.0000,3110.8000,3110.2000,3110.0000,3113.2000,3113.4000,3114.0000,3115.8000,3116.0000,1,1,1,1,1,2,2,2,1,5
SF,IH2006,2020-01-03 09:35:04.400,3113.2000,7128,0,194284860.000,0,-,-,-,-,3111.4000,3111.0000,3110.8000,3110.2000,3110.0000,3113.0000,3113.2000,3114.0000,3115.8000,3116.0000,1,1,1,1,1,1,2,2,1,5
SF,IH2006,2020-01-03 09:35:04.900,3113.2000,7128,0,194284860.000,0,-,-,-,-,3111.4000,3111.0000,3110.8000,3110.2000,3110.0000,3113.0000,3113.2000,3114.0000,3115.8000,3116.0000,1,1,1,1,1,1,1,2,1,5
SF,IH2006,2020-01-03 09:35:05.400,3113.2000,7128,0,194284860.000,0,-,-,-,-,3111.4000,3111.0000,3110.8000,3110.2000,3110.0000,3112.8000,3114.0000,3115.8000,3116.0000,3118.0000,1,1,1,1,1,1,2,1,5,1
SF,IH2006,2020-01-03 09:35:06.400,3113.2000,7128,0,194284860.000,0,-,-,-,-,3111.4000,3111.0000,3110.8000,3110.2000,3110.0000,3114.0000,3115.8000,3116.0000,3118.0000,3119.0000,1,1,1,1,1,2,1,5,1,1
SF,IH2006,2020-01-03 09:35:06.900,3113.2000,7128,0,194284860.000,0,-,-,-,-,3111.4000,3111.0000,3110.8000,3110.2000,3110.0000,3113.8000,3114.0000,3115.8000,3116.0000,3118.0000,1,1,1,1,1,1,2,1,5,1
SF,IH2006,2020-01-03 09:35:07.400,3113.2000,7128,0,194284860.000,0,-,-,-,-,3111.4000,3111.0000,3110.8000,3110.2000,3110.0000,3113.4000,3113.6000,3113.8000,3114.0000,3115.8000,1,1,1,1,1,1,1,1,2,1
SF,IH2006,2020-01-03 09:35:07.900,3113.2000,7128,0,194284860.000,0,-,-,-,-,3111.4000,3111.0000,3110.8000,3110.2000,3110.0000,3113.4000,3113.6000,3114.0000,3115.8000,3116.0000,1,1,1,1,1,1,1,2,1,5
SF,IH2006,2020-01-03 09:35:08.400,3113.2000,7128,0,194284860.000,0,-,-,-,-,3111.4000,3111.0000,3110.8000,3110.2000,3110.0000,3113.2000,3113.4000,3113.6000,3114.0000,3115.8000,1,1,1,1,1,1,1,1,2,1
SF,IH2006,2020-01-03 09:35:08.900,3113.2000,7128,0,194284860.000,0,-,-,-,-,3111.4000,3111.0000,3110.8000,3110.2000,3110.0000,3113.0000,3113.2000,3113.4000,3113.6000,3114.0000,1,1,1,1,1,1,1,1,1,3
SF,IH2006,2020-01-03 09:35:09.400,3113.2000,7128,0,194284860.000,0,-,-,-,-,3111.0000,3110.8000,3110.2000,3110.0000,3108.2000,3113.0000,3113.4000,3113.6000,3114.0000,3115.8000,1,1,1,1,1,1,1,1,3,1
SF,IH2006,2020-01-03 09:35:09.900,3113.2000,7128,0,194284860.000,0,-,-,-,-,3111.2000,3111.0000,3110.8000,3110.2000,3110.0000,3113.0000,3113.4000,3114.0000,3115.8000,3116.0000,1,1,1,1,1,1,1,3,1,5
SF,IH2006,2020-01-03 09:35:10.400,3113.2000,7128,0,194284860.000,0,-,-,-,-,3111.2000,3111.0000,3110.8000,3110.2000,3110.0000,3113.4000,3114.0000,3115.8000,3116.0000,3118.0000,1,1,1,1,1,1,3,1,5,1
SF,IH2006,2020-01-03 09:35:10.900,3113.2000,7128,0,194284860.000,0,-,-,-,-,3111.2000,3111.0000,3110.8000,3110.2000,3110.0000,3113.2000,3113.4000,3114.0000,3115.8000,3116.0000,1,1,1,1,1,1,1,3,1,5
SF,IH2006,2020-01-03 09:35:11.400,3113.2000,7128,0,194284860.000,0,-,-,-,-,3113.2000,3111.4000,3111.2000,3111.0000,3110.8000,3113.4000,3114.0000,3115.8000,3116.0000,3118.0000,2,1,1,1,1,1,3,1,5,1
SF,IH2006,2020-01-03 09:35:11.900,3113.4000,7126,-2,197086800.000,3,0,3,多平,S,3111.4000,3111.2000,3111.0000,3110.8000,3110.2000,3114.0000,3115.8000,3116.0000,3118.0000,3118.6000,1,1,1,1,1,2,1,5,1,1
SF,IH2006,2020-01-03 09:35:12.400,3113.4000,7126,0,197086800.000,0,-,-,-,-,3111.6000,3111.4000,3111.0000,3110.8000,3110.2000,3113.8000,3114.0000,3115.8000,3116.0000,3118.0000,1,1,1,1,1,1,2,1,5,1
SF,IH2006,2020-01-03 09:35:12.900,3113.4000,7126,0,197086800.000,0,-,-,-,-,3111.8000,3111.6000,3111.4000,3111.0000,3110.8000,3113.8000,3114.0000,3115.8000,3116.0000,3118.0000,3,1,1,1,1,1,2,1,5,1
SF,IH2006,2020-01-03 09:35:13.400,3113.4000,7126,0,197086800.000,0,-,-,-,-,3111.8000,3111.6000,3111.4000,3111.0000,3110.8000,3114.0000,3115.8000,3116.0000,3118.0000,3118.6000,3,2,1,1,1,2,1,5,1,1
SF,IH2006,2020-01-03 09:35:13.900,3113.4000,7126,0,197086800.000,0,-,-,-,-,3112.0000,3111.8000,3111.6000,3111.4000,3111.0000,3113.8000,3114.0000,3115.8000,3116.0000,3118.0000,2,2,1,1,1,1,2,1,5,1
SF,IH2006,2020-01-03 09:35:14.400,3113.4000,7126,0,197086800.000,0,-,-,-,-,3112.4000,3112.0000,3111.8000,3111.6000,3111.4000,3113.8000,3114.0000,3115.8000,3116.0000,3118.0000,1,3,1,1,1,1,2,1,5,1
SF,IH2006,2020-01-03 09:35:14.900,3113.4000,7126,0,197086800.000,0,-,-,-,-,3112.0000,3111.6000,3111.4000,3111.0000,3110.8000,3113.6000,3113.8000,3114.0000,3115.8000,3116.0000,3,1,1,1,1,1,1,2,1,5
SF,IH2006,2020-01-03 09:35:15.400,3113.4000,7126,0,197086800.000,0,-,-,-,-,3112.0000,3111.6000,3111.4000,3111.0000,3110.8000,3113.6000,3114.0000,3115.8000,3116.0000,3118.0000,3,1,1,1,1,1,2,1,5,1
SF,IH2006,2020-01-03 09:35:15.900,3113.4000,7126,0,197086800.000,0,-,-,-,-,3112.0000,3111.6000,3111.4000,3111.0000,3110.8000,3113.4000,3114.0000,3115.8000,3116.0000,3118.0000,2,1,1,1,1,1,2,1,5,1
SF,IH2006,2020-01-03 09:35:16.900,3113.4000,7126,0,197086800.000,0,-,-,-,-,3112.0000,3111.6000,3111.4000,3111.0000,3110.8000,3113.4000,3114.0000,3115.8000,3116.0000,3118.0000,1,1,1,1,1,1,2,1,5,1
SF,IH2006,2020-01-03 09:35:17.400,3113.4000,7126,0,197086800.000,0,-,-,-,-,3112.0000,3111.6000,3111.4000,3111.0000,3110.8000,3113.2000,3113.4000,3114.0000,3115.8000,3116.0000,1,1,1,1,1,1,1,2,1,5
SF,IH2006,2020-01-03 09:35:17.900,3113.4000,7126,0,197086800.000,0,-,-,-,-,3112.2000,3111.6000,3111.4000,3111.0000,3110.8000,3113.2000,3113.4000,3114.0000,3115.8000,3116.0000,1,1,1,1,1,1,1,2,1,5
SF,IH2006,2020-01-03 09:35:18.400,3113.4000,7126,0,197086800.000,0,-,-,-,-,3112.2000,3111.0000,3110.8000,3110.2000,3110.0000,3113.2000,3113.4000,3114.0000,3115.8000,3116.0000,1,1,1,1,1,1,1,2,1,5
SF,IH2006,2020-01-03 09:35:18.900,3112.2000,7125,-1,198020460.000,1,0,1,双平,S,3111.2000,3111.0000,3110.8000,3110.2000,3110.0000,3113.2000,3113.4000,3114.0000,3115.8000,3116.0000,1,1,1,1,1,1,1,2,1,5
SF,IH2006,2020-01-03 09:35:19.400,3112.2000,7125,0,198020460.000,0,-,-,-,-,3111.4000,3111.2000,3111.0000,3110.8000,3110.2000,3113.2000,3114.0000,3115.8000,3116.0000,3118.0000,1,1,1,1,1,1,2,1,5,1
SF,IH2006,2020-01-03 09:35:19.900,3112.2000,7125,0,198020460.000,0,-,-,-,-,3111.4000,3111.2000,3111.0000,3110.8000,3110.2000,3113.0000,3113.2000,3114.0000,3115.8000,3116.0000,1,1,1,1,1,1,1,2,1,5
SF,IH2006,2020-01-03 09:35:20.400,3112.2000,7125,0,198020460.000,0,-,-,-,-,3111.4000,3111.2000,3111.0000,3110.8000,3110.2000,3112.8000,3113.0000,3113.2000,3114.0000,3115.8000,1,1,1,1,1,1,1,1,2,1
SF,IH2006,2020-01-03 09:35:20.900,3112.2000,7125,0,198020460.000,0,-,-,-,-,3111.4000,3111.2000,3111.0000,3110.8000,3110.2000,3112.8000,3113.0000,3114.0000,3115.8000,3116.0000,1,1,1,1,1,1,1,2,1,5
SF,IH2006,2020-01-03 09:35:21.400,3112.2000,7125,0,198020460.000,0,-,-,-,-,3111.4000,3111.2000,3111.0000,3110.8000,3110.2000,3113.0000,3114.0000,3115.8000,3116.0000,3118.0000,1,1,1,1,1,1,2,1,5,1
SF,IH2006,2020-01-03 09:35:22.900,3112.2000,7125,0,198020460.000,0,-,-,-,-,3111.4000,3111.0000,3110.8000,3110.2000,3110.0000,3112.8000,3113.0000,3114.0000,3115.8000,3116.0000,1,1,1,1,1,1,1,2,1,5
SF,IH2006,2020-01-03 09:35:23.400,3112.2000,7125,0,198020460.000,0,-,-,-,-,3111.6000,3111.4000,3111.0000,3110.8000,3110.2000,3112.8000,3113.0000,3114.0000,3115.8000,3116.0000,1,1,1,1,1,1,1,2,1,5
SF,IH2006,2020-01-03 09:35:25.900,3112.2000,7125,0,198020460.000,0,-,-,-,-,3111.4000,3111.0000,3110.8000,3110.2000,3110.0000,3112.8000,3113.0000,3114.0000,3115.8000,3116.0000,1,1,1,1,1,1,1,2,1,5
SF,IH2006,2020-01-03 09:35:26.400,3112.2000,7125,0,198020460.000,0,-,-,-,-,3111.4000,3111.0000,3110.8000,3110.2000,3110.0000,3112.8000,3113.0000,3113.8000,3114.0000,3115.8000,1,1,1,1,1,1,1,1,2,1
SF,IH2006,2020-01-03 09:35:26.900,3112.2000,7125,0,198020460.000,0,-,-,-,-,3111.4000,3111.0000,3110.8000,3110.2000,3110.0000,3112.8000,3113.0000,3113.8000,3114.0000,3115.8000,1,2,1,1,1,1,1,1,2,1
SF,IH2006,2020-01-03 09:35:27.400,3112.2000,7125,0,198020460.000,0,-,-,-,-,3111.4000,3111.0000,3110.8000,3110.2000,3110.0000,3112.8000,3113.0000,3113.8000,3114.0000,3115.8000,1,2,1,1,1,1,1,1,2,1
SF,IH2006,2020-01-03 09:35:27.900,3112.2000,7125,0,198020460.000,0,-,-,-,-,3111.4000,3111.0000,3110.8000,3110.2000,3110.0000,3112.8000,3113.8000,3114.0000,3115.8000,3116.0000,1,2,1,1,1,1,1,2,1,5
SF,IH2006,2020-01-03 09:35:29.900,3111.4000,7124,-1,198953880.000,1,0,1,双平,S,3111.0000,3110.8000,3110.2000,3110.0000,3108.2000,3112.8000,3113.8000,3114.0000,3115.8000,3116.0000,2,1,1,1,1,1,1,2,1,5
SF,IH2006,2020-01-03 09:35:30.400,3111.4000,7124,0,198953880.000,0,-,-,-,-,3111.0000,3110.8000,3110.2000,3110.0000,3108.2000,3112.6000,3112.8000,3113.8000,3114.0000,3115.8000,2,1,1,1,1,1,1,1,2,1
SF,IH2006,2020-01-03 09:35:30.900,3111.4000,7124,0,198953880.000,0,-,-,-,-,3111.0000,3110.8000,3110.2000,3110.0000,3108.2000,3112.4000,3112.6000,3112.8000,3113.8000,3114.0000,2,1,1,1,1,1,1,1,1,2
SF,IH2006,2020-01-03 09:35:31.400,3111.4000,7124,0,198953880.000,0,-,-,-,-,3111.0000,3110.8000,3110.2000,3110.0000,3108.2000,3112.4000,3112.8000,3113.8000,3114.0000,3115.8000,1,1,1,1,1,1,1,1,2,1
SF,IH2006,2020-01-03 09:35:31.900,3111.4000,7124,0,198953880.000,0,-,-,-,-,3111.0000,3110.8000,3110.2000,3110.0000,3108.2000,3112.2000,3112.4000,3112.8000,3113.8000,3114.0000,1,1,1,1,1,1,1,1,1,2
SF,IH2006,2020-01-03 09:35:32.400,3111.4000,7124,0,198953880.000,0,-,-,-,-,3111.0000,3110.8000,3110.2000,3110.0000,3108.2000,3112.2000,3112.4000,3113.8000,3114.0000,3115.8000,1,1,1,1,1,1,1,1,2,1
SF,IH2006,2020-01-03 09:35:32.900,3112.2000,7123,-1,199887540.000,1,0,1,双平,S,3111.0000,3110.8000,3110.2000,3110.0000,3108.2000,3113.8000,3114.0000,3115.8000,3116.0000,3118.0000,1,1,1,1,1,1,2,1,5,1
SF,IH2006,2020-01-03 09:35:33.400,3113.8000,7123,0,200821680.000,1,0,1,多换,S,3111.0000,3110.8000,3110.2000,3110.0000,3108.2000,3114.0000,3115.8000,3116.0000,3118.0000,3118.6000,1,1,1,1,1,2,1,5,1,1
SF,IH2006,2020-01-03 09:35:33.900,3113.8000,7123,0,200821680.000,0,-,-,-,-,3111.0000,3110.8000,3110.2000,3110.0000,3108.2000,3113.8000,3114.0000,3115.8000,3116.0000,3118.0000,1,1,1,1,1,1,2,1,5,1
SF,IH2006,2020-01-03 09:35:34.400,3113.8000,7123,0,200821680.000,0,-,-,-,-,3112.0000,3111.2000,3111.0000,3110.8000,3110.2000,3113.8000,3114.0000,3115.8000,3116.0000,3118.0000,1,1,1,1,1,1,2,1,5,1
SF,IH2006,2020-01-03 09:35:34.900,3113.8000,7124,1,201755820.000,1,1,0,双开,S,3112.0000,3111.2000,3111.0000,3110.8000,3110.2000,3113.8000,3114.0000,3115.8000,3116.0000,3118.0000,1,1,1,1,1,1,2,1,5,1
SF,IH2006,2020-01-03 09:35:35.400,3113.8000,7124,0,201755820.000,0,-,-,-,-,3111.4000,3111.2000,3111.0000,3110.8000,3110.2000,3113.8000,3114.0000,3115.8000,3116.0000,3118.0000,1,1,1,1,1,1,2,1,5,1
SF,IH2006,2020-01-03 09:35:35.900,3113.8000,7124,0,201755820.000,0,-,-,-,-,3111.4000,3111.2000,3111.0000,3110.8000,3110.2000,3113.0000,3114.0000,3115.8000,3116.0000,3118.0000,1,1,1,1,1,1,2,1,5,1
SF,IH2006,2020-01-03 09:35:36.400,3113.0000,7124,0,202689720.000,1,0,1,多换,S,3111.8000,3111.4000,3111.2000,3111.0000,3110.8000,3113.0000,3114.0000,3115.8000,3116.0000,3118.0000,1,1,1,1,1,1,2,1,5,1
SF,IH2006,2020-01-03 09:35:36.900,3113.0000,7124,0,202689720.000,0,-,-,-,-,3111.8000,3111.4000,3111.2000,3111.0000,3110.8000,3113.0000,3114.0000,3115.8000,3116.0000,3118.0000,1,1,1,1,1,1,2,1,5,1
SF,IH2006,2020-01-03 09:35:37.400,3113.0000,7124,0,202689720.000,0,-,-,-,-,3111.8000,3111.4000,3111.2000,3111.0000,3110.8000,3113.0000,3114.0000,3115.8000,3116.0000,3118.0000,1,1,1,1,1,1,2,1,5,1
SF,IH2006,2020-01-03 09:35:37.900,3113.0000,7124,0,202689720.000,0,-,-,-,-,3112.0000,3111.4000,3111.2000,3111.0000,3110.8000,3113.0000,3114.0000,3115.8000,3116.0000,3118.0000,1,1,1,1,1,1,2,1,5,1
SF,IH2006,2020-01-03 09:35:39.400,3113.0000,7124,0,202689720.000,0,-,-,-,-,3111.4000,3111.2000,3111.0000,3110.8000,3110.2000,3113.0000,3114.0000,3115.8000,3116.0000,3118.0000,1,1,1,1,1,1,2,1,5,1
SF,IH2006,2020-01-03 09:35:39.900,3113.0000,7124,0,202689720.000,0,-,-,-,-,3111.4000,3111.2000,3111.0000,3110.8000,3110.2000,3112.8000,3113.0000,3114.0000,3115.8000,3116.0000,1,1,1,1,1,2,1,2,1,5
SF,IH2006,2020-01-03 09:35:40.900,3113.0000,7124,0,202689720.000,0,-,-,-,-,3111.2000,3111.0000,3110.8000,3110.2000,3110.0000,3112.8000,3113.0000,3114.0000,3115.8000,3116.0000,1,1,1,1,1,2,1,2,1,5
