市场代码,合约代码,时间,最新,持仓,增仓,成交额,成交量,开仓,平仓,成交类型,方向,买一价,买二价,买三价,买四价,买五价,卖一价,卖二价,卖三价,卖四价,卖五价,买一量,买二量,买三量,买四量,买五量,卖一量,卖二量,卖三量,卖四量,卖五量
SF,IH2001,2019-12-18 09:29:00.200,3039.6000,12371,0,1823760.000,2.000,-,-,-,-,3039.2000,3038.2000,3037.2000,3037.0000,3036.4000,3039.6000,3041.6000,3042.4000,3043.0000,3043.2000,1,1,1,2,1,1,1,1,4,1
SF,IH2001,2019-12-18 09:30:00.200,3039.2000,12372,1,2735520.000,1,1,0,双开,S,3038.2000,3037.2000,3037.0000,3036.4000,3036.2000,3038.8000,3039.0000,3039.2000,3039.4000,3039.6000,1,1,2,1,1,2,1,1,11,2
SF,IH2001,2019-12-18 09:30:00.700,3038.2000,12372,0,4558440.000,2,1,1,多换,S,3037.2000,3037.0000,3036.2000,3035.4000,3035.2000,3038.6000,3038.8000,3039.0000,3039.4000,3039.6000,1,2,1,3,2,2,3,1,13,2
SF,IH2001,2019-12-18 09:30:01.200,3037.4000,12371,-1,5469660.000,1,0,1,双平,S,3037.4000,3037.2000,3037.0000,3036.2000,3035.4000,3038.4000,3038.8000,3039.2000,3039.4000,3039.6000,1,1,2,1,3,1,2,1,2,1
SF,IH2001,2019-12-18 09:30:01.700,3037.4000,12370,-1,6380880.000,1,0,1,双平,S,3037.4000,3037.2000,3037.0000,3036.2000,3035.4000,3038.4000,3038.8000,3039.2000,3039.4000,3039.6000,12,1,2,1,3,2,2,1,2,1
SF,IH2001,2019-12-18 09:30:02.200,3037.4000,12370,0,6380880.000,0,-,-,-,-,3037.4000,3037.2000,3037.0000,3036.2000,3035.4000,3038.4000,3038.8000,3039.2000,3039.4000,3039.6000,11,2,2,1,3,2,2,1,2,1
SF,IH2001,2019-12-18 09:30:02.700,3037.4000,12370,0,6380880.000,0,-,-,-,-,3037.4000,3037.2000,3037.0000,3036.2000,3035.4000,3037.6000,3038.4000,3038.8000,3039.2000,3039.4000,11,2,2,1,3,1,2,2,1,2
SF,IH2001,2019-12-18 09:30:03.200,3038.4000,12369,-1,8203680.000,2,0,2,多平,S,3037.4000,3037.2000,3037.0000,3036.2000,3035.4000,3038.4000,3038.8000,3039.2000,3039.4000,3039.6000,11,2,2,1,3,1,2,1,3,1
SF,IH2001,2019-12-18 09:30:03.700,3038.4000,12368,-1,9115200.000,1,0,1,双平,S,3037.6000,3037.4000,3037.2000,3037.0000,3036.2000,3038.8000,3039.2000,3039.4000,3039.6000,3042.4000,1,11,2,2,1,2,1,3,1,2
SF,IH2001,2019-12-18 09:30:04.200,3037.4000,12370,2,10937700.000,2,2,0,双开,S,3037.4000,3037.2000,3037.0000,3036.2000,3035.4000,3038.6000,3038.8000,3039.2000,3039.4000,3039.6000,10,2,2,1,3,3,2,1,3,1
SF,IH2001,2019-12-18 09:30:04.700,3037.4000,12370,0,10937700.000,0,-,-,-,-,3037.4000,3037.2000,3037.0000,3036.2000,3035.4000,3038.6000,3038.8000,3039.0000,3039.2000,3039.4000,10,2,2,1,3,3,2,1,1,3
SF,IH2001,2019-12-18 09:30:05.200,3037.4000,12370,0,13671720.000,3,1,2,多换,S,3037.4000,3037.2000,3037.0000,3036.2000,3035.4000,3038.6000,3038.8000,3039.0000,3039.2000,3039.4000,8,3,2,1,3,1,2,1,1,3
SF,IH2001,2019-12-18 09:30:05.700,3037.4000,12370,0,13671720.000,0,-,-,-,-,3037.6000,3037.4000,3037.2000,3037.0000,3036.2000,3038.6000,3038.8000,3039.0000,3039.2000,3039.4000,1,8,3,2,1,1,2,1,1,3
SF,IH2001,2019-12-18 09:30:06.200,3038.4000,12369,-1,14583240.000,1,0,1,双平,S,3037.4000,3037.2000,3037.0000,3036.2000,3035.6000,3038.4000,3038.6000,3038.8000,3039.0000,3039.2000,9,3,2,1,1,1,1,2,1,1
SF,IH2001,2019-12-18 09:30:06.700,3037.6000,12365,-4,19140780.000,5,0,5,多平,S,3037.4000,3037.2000,3037.0000,3036.2000,3035.6000,3038.8000,3039.0000,3039.2000,3039.4000,3039.6000,9,4,2,1,1,1,1,1,1,1
SF,IH2001,2019-12-18 09:30:07.200,3038.6000,12361,-4,22787100.000,4,0,4,双平,S,3037.6000,3037.4000,3037.2000,3037.0000,3036.2000,3038.8000,3039.0000,3039.2000,3039.4000,3039.6000,1,9,4,2,1,1,1,1,1,1
SF,IH2001,2019-12-18 09:30:07.700,3038.6000,12361,0,22787100.000,0,-,-,-,-,3037.8000,3037.6000,3037.4000,3037.2000,3037.0000,3038.8000,3039.0000,3039.2000,3039.4000,3039.6000,1,3,9,4,2,1,1,1,1,1
SF,IH2001,2019-12-18 09:30:08.700,3038.6000,12361,0,22787100.000,0,-,-,-,-,3037.8000,3037.6000,3037.4000,3037.2000,3037.0000,3038.8000,3039.0000,3039.2000,3039.4000,3039.6000,1,2,9,4,2,1,1,1,1,1
SF,IH2001,2019-12-18 09:30:09.200,3038.6000,12361,0,22787100.000,0,-,-,-,-,3038.0000,3037.8000,3037.6000,3037.4000,3037.2000,3038.8000,3039.0000,3039.2000,3039.4000,3039.6000,1,1,2,8,4,1,1,1,1,1
SF,IH2001,2019-12-18 09:30:09.700,3039.0000,12361,0,24610440.000,2,1,1,多换,S,3038.2000,3038.0000,3037.8000,3037.6000,3037.4000,3039.2000,3039.4000,3039.6000,3042.4000,3043.0000,3,1,1,1,5,1,1,1,2,1
SF,IH2001,2019-12-18 09:30:10.200,3039.0000,12361,0,24610440.000,0,-,-,-,-,3038.8000,3038.4000,3038.2000,3038.0000,3037.8000,3039.2000,3039.4000,3039.6000,3042.4000,3043.0000,1,2,4,1,1,1,1,1,2,1
SF,IH2001,2019-12-18 09:30:10.700,3039.0000,12359,-2,28257420.000,4,1,3,多平,S,3039.0000,3038.8000,3038.4000,3038.2000,3038.0000,3039.6000,3042.4000,3043.0000,3043.6000,3046.0000,1,1,2,4,1,1,2,1,1,2
SF,IH2001,2019-12-18 09:30:11.200,3038.4000,12357,-2,30992280.000,3,0,3,多平,S,3038.6000,3038.4000,3038.2000,3038.0000,3037.6000,3038.8000,3039.0000,3039.2000,3039.4000,3039.6000,1,1,3,1,2,1,8,1,2,4
SF,IH2001,2019-12-18 09:30:11.700,3038.8000,12354,-3,33727140.000,3,0,3,双平,S,3038.4000,3038.2000,3038.0000,3037.6000,3037.4000,3038.6000,3039.4000,3039.6000,3042.4000,3043.0000,1,3,1,1,2,1,1,1,2,1
SF,IH2001,2019-12-18 09:30:12.200,3038.6000,12353,-1,35550300.000,2,0,2,多平,S,3038.8000,3038.6000,3038.4000,3038.2000,3038.0000,3039.4000,3039.6000,3042.4000,3043.0000,3043.6000,1,1,2,3,1,1,1,2,1,1
SF,IH2001,2019-12-18 09:30:12.700,3038.8000,12351,-2,40108200.000,5,1,4,多平,S,3038.2000,3038.0000,3037.6000,3037.2000,3037.0000,3038.6000,3039.0000,3039.2000,3039.4000,3039.6000,3,1,1,4,2,1,1,2,1,1
SF,IH2001,2019-12-18 09:30:13.200,3038.4000,12348,-3,42842820.000,3,0,3,双平,S,3038.8000,3038.6000,3038.2000,3038.0000,3037.6000,3039.2000,3039.4000,3039.6000,3041.4000,3042.4000,4,1,3,1,1,3,1,1,1,2
SF,IH2001,2019-12-18 09:30:13.700,3039.2000,12350,2,46489560.000,4,3,1,空开,S,3038.2000,3038.0000,3037.6000,3037.2000,3037.0000,3039.2000,3039.4000,3039.6000,3041.4000,3042.4000,3,1,1,4,1,3,1,1,1,2
SF,IH2001,2019-12-18 09:30:14.200,3038.6000,12350,0,47401140.000,1,0,1,多换,S,3038.6000,3038.4000,3038.2000,3038.0000,3037.6000,3038.8000,3039.0000,3039.2000,3039.4000,3039.6000,2,1,3,1,1,1,2,4,1,1
SF,IH2001,2019-12-18 09:30:14.700,3038.6000,12350,0,47401140.000,0,-,-,-,-,3038.6000,3038.2000,3038.0000,3037.6000,3037.2000,3039.0000,3039.2000,3039.6000,3041.4000,3042.4000,2,3,1,1,4,2,2,1,1,2
SF,IH2001,2019-12-18 09:30:15.200,3038.6000,12350,0,47401140.000,0,-,-,-,-,3038.6000,3038.2000,3038.0000,3037.6000,3037.2000,3039.0000,3039.2000,3041.4000,3042.4000,3043.0000,3,3,1,1,4,2,2,1,2,1
SF,IH2001,2019-12-18 09:30:15.700,3038.6000,12350,0,47401140.000,0,-,-,-,-,3038.6000,3038.2000,3038.0000,3037.6000,3037.2000,3039.0000,3039.2000,3041.4000,3042.4000,3043.0000,3,3,1,1,4,1,1,1,2,1
SF,IH2001,2019-12-18 09:30:16.200,3039.0000,12350,0,48312840.000,1,0,1,多换,S,3038.6000,3038.2000,3038.0000,3037.6000,3037.2000,3039.0000,3039.2000,3041.4000,3042.4000,3043.0000,3,3,1,1,4,1,1,1,2,1
SF,IH2001,2019-12-18 09:30:16.700,3038.6000,12350,0,50136000.000,2,1,1,多换,S,3038.2000,3038.0000,3037.6000,3037.2000,3037.0000,3039.0000,3039.2000,3041.4000,3042.4000,3043.0000,3,1,1,4,4,1,1,1,2,1
SF,IH2001,2019-12-18 09:30:17.200,3039.0000,12350,0,51047700.000,1,0,1,多换,S,3038.6000,3038.4000,3038.2000,3038.0000,3037.6000,3039.2000,3041.4000,3042.4000,3043.0000,3043.6000,1,2,3,1,1,1,1,2,1,1
SF,IH2001,2019-12-18 09:30:17.700,3038.2000,12345,-5,56516700.000,6,0,6,多平,S,3038.0000,3037.6000,3037.2000,3037.0000,3036.2000,3038.6000,3038.8000,3039.0000,3039.2000,3039.4000,1,1,4,4,1,1,10,1,4,1
SF,IH2001,2019-12-18 09:30:18.200,3038.0000,12344,-1,58339560.000,2,0,2,多平,S,3037.6000,3037.2000,3037.0000,3036.2000,3035.6000,3038.4000,3038.6000,3038.8000,3039.0000,3039.2000,1,4,5,1,1,1,1,9,1,1
SF,IH2001,2019-12-18 09:30:18.700,3038.0000,12344,0,58339560.000,0,-,-,-,-,3037.6000,3037.2000,3037.0000,3036.2000,3035.6000,3038.4000,3038.6000,3038.8000,3039.0000,3039.2000,1,4,5,1,1,11,3,1,1,1
SF,IH2001,2019-12-18 09:30:19.200,3037.6000,12343,-1,59250840.000,1,0,1,双平,S,3038.0000,3037.8000,3037.2000,3037.0000,3036.2000,3038.4000,3038.6000,3038.8000,3039.0000,3039.2000,1,1,4,5,1,9,3,1,1,1
SF,IH2001,2019-12-18 09:30:19.700,3037.6000,12342,-1,60162120.000,1,0,1,双平,S,3037.8000,3037.2000,3037.0000,3036.2000,3035.6000,3038.4000,3038.6000,3038.8000,3039.0000,3039.2000,1,4,5,1,1,9,3,1,1,2
SF,IH2001,2019-12-18 09:30:20.700,3038.4000,12338,-4,63808200.000,4,0,4,双平,S,3037.8000,3037.2000,3037.0000,3036.2000,3035.6000,3038.4000,3038.6000,3038.8000,3039.0000,3039.2000,1,4,5,1,1,5,3,1,2,2
SF,IH2001,2019-12-18 09:30:21.200,3038.0000,12337,-1,64719600.000,1,0,1,双平,S,3037.8000,3037.2000,3037.0000,3036.2000,3035.6000,3038.2000,3038.4000,3038.6000,3038.8000,3039.0000,1,4,5,1,1,1,5,3,1,2
SF,IH2001,2019-12-18 09:30:21.700,3038.6000,12336,-1,65631180.000,1,0,1,双平,S,3037.8000,3037.2000,3037.0000,3036.2000,3035.6000,3038.6000,3038.8000,3039.0000,3039.2000,3039.4000,1,4,5,1,1,2,1,2,2,1
SF,IH2001,2019-12-18 09:30:22.200,3038.6000,12336,0,65631180.000,0,-,-,-,-,3038.0000,3037.8000,3037.2000,3037.0000,3036.2000,3038.6000,3038.8000,3039.0000,3039.2000,3039.4000,1,1,4,5,1,2,1,2,1,1
SF,IH2001,2019-12-18 09:30:22.700,3038.6000,12336,0,65631180.000,0,-,-,-,-,3038.0000,3037.8000,3037.2000,3037.0000,3036.2000,3038.6000,3039.0000,3039.4000,3042.4000,3043.0000,1,1,4,5,1,2,2,1,2,1
SF,IH2001,2019-12-18 09:30:23.200,3038.6000,12336,0,66542760.000,1,0,1,多换,S,3038.0000,3037.8000,3037.2000,3037.0000,3036.2000,3038.6000,3039.0000,3039.4000,3042.4000,3043.0000,1,1,4,5,1,1,2,1,2,1
SF,IH2001,2019-12-18 09:30:23.700,3038.6000,12335,-1,67454340.000,1,0,1,双平,S,3038.0000,3037.8000,3037.2000,3037.0000,3036.2000,3039.0000,3039.4000,3039.8000,3042.4000,3043.0000,1,1,4,5,1,2,1,1,2,1
SF,IH2001,2019-12-18 09:30:24.200,3038.8000,12333,-2,69277620.000,2,0,2,双平,S,3038.2000,3038.0000,3037.8000,3037.2000,3037.0000,3038.8000,3039.0000,3039.4000,3039.8000,3042.4000,1,1,1,4,5,5,2,1,1,2
SF,IH2001,2019-12-18 09:30:24.700,3038.8000,12332,-1,72012540.000,3,1,2,多平,S,3038.4000,3038.2000,3037.8000,3037.2000,3037.0000,3038.8000,3039.0000,3039.4000,3039.8000,3042.4000,1,1,1,4,5,1,2,1,1,2
SF,IH2001,2019-12-18 09:30:25.200,3039.0000,12330,-2,73835880.000,2,0,2,双平,S,3038.4000,3038.2000,3037.8000,3037.2000,3037.0000,3039.0000,3039.4000,3039.8000,3042.4000,3043.0000,1,1,1,4,5,1,1,1,2,1
SF,IH2001,2019-12-18 09:30:25.700,3039.0000,12330,0,73835880.000,0,-,-,-,-,3038.4000,3038.2000,3037.8000,3037.2000,3037.0000,3039.0000,3039.4000,3042.4000,3043.0000,3043.6000,1,1,1,4,5,1,1,2,1,1
SF,IH2001,2019-12-18 09:30:26.200,3039.0000,12330,0,73835880.000,0,-,-,-,-,3038.4000,3038.2000,3037.8000,3037.2000,3037.0000,3039.0000,3040.8000,3042.4000,3043.0000,3043.6000,1,1,1,4,5,1,1,2,1,1
SF,IH2001,2019-12-18 09:30:26.700,3039.0000,12328,-2,75659280.000,2,0,2,双平,S,3038.6000,3038.2000,3037.8000,3037.2000,3037.0000,3040.8000,3042.4000,3043.0000,3043.6000,3046.0000,7,1,1,4,5,1,2,1,1,2
SF,IH2001,2019-12-18 09:30:27.200,3039.0000,12328,0,75659280.000,0,-,-,-,-,3038.8000,3038.6000,3038.2000,3037.8000,3037.2000,3040.4000,3040.6000,3040.8000,3041.0000,3042.4000,2,7,1,1,4,3,6,5,1,2
SF,IH2001,2019-12-18 09:30:27.700,3039.0000,12328,0,75659280.000,0,-,-,-,-,3038.8000,3038.6000,3037.8000,3037.2000,3037.0000,3040.2000,3040.4000,3040.6000,3040.8000,3041.0000,2,8,1,4,5,2,3,2,5,1
SF,IH2001,2019-12-18 09:30:28.200,3039.0000,12328,0,75659280.000,0,-,-,-,-,3038.8000,3038.6000,3037.8000,3037.2000,3037.0000,3040.0000,3040.2000,3040.4000,3040.6000,3040.8000,1,8,1,4,5,2,2,3,2,5
SF,IH2001,2019-12-18 09:30:28.700,3039.0000,12328,0,75659280.000,0,-,-,-,-,3039.0000,3038.8000,3038.6000,3037.8000,3037.2000,3040.0000,3040.4000,3040.8000,3041.0000,3042.4000,7,2,1,1,4,2,1,2,1,2
SF,IH2001,2019-12-18 09:30:29.200,3039.8000,12327,-1,76571220.000,1,0,1,双平,S,3039.2000,3038.8000,3038.6000,3037.8000,3037.2000,3040.0000,3040.8000,3041.0000,3042.4000,3043.0000,1,1,1,1,4,2,1,1,2,1
SF,IH2001,2019-12-18 09:30:29.700,3039.8000,12327,0,76571220.000,0,-,-,-,-,3039.2000,3038.8000,3037.8000,3037.2000,3037.0000,3040.8000,3041.0000,3042.4000,3043.0000,3043.6000,2,1,1,4,5,1,1,2,1,1
SF,IH2001,2019-12-18 09:30:30.200,3039.8000,12327,0,76571220.000,0,-,-,-,-,3039.2000,3038.8000,3037.8000,3037.2000,3037.0000,3040.6000,3040.8000,3041.0000,3042.4000,3043.0000,2,1,1,4,5,2,1,1,2,1
SF,IH2001,2019-12-18 09:30:30.700,3039.8000,12327,0,76571220.000,0,-,-,-,-,3039.2000,3038.8000,3037.8000,3037.2000,3037.0000,3040.6000,3040.8000,3041.0000,3042.4000,3043.0000,2,1,1,4,5,2,1,1,2,1
SF,IH2001,2019-12-18 09:30:31.200,3039.8000,12327,0,76571220.000,0,-,-,-,-,3039.2000,3038.8000,3037.8000,3037.2000,3037.0000,3040.8000,3041.0000,3042.4000,3043.0000,3043.6000,2,1,1,4,5,1,1,2,1,1
SF,IH2001,2019-12-18 09:30:31.700,3040.4000,12325,-2,78395460.000,2,0,2,双平,S,3039.2000,3038.8000,3037.8000,3037.2000,3037.0000,3040.6000,3040.8000,3041.0000,3042.4000,3043.0000,2,1,1,4,5,1,1,1,2,1
SF,IH2001,2019-12-18 09:30:32.200,3040.4000,12325,0,78395460.000,0,-,-,-,-,3039.2000,3038.8000,3037.8000,3037.2000,3037.0000,3041.0000,3042.4000,3043.0000,3043.6000,3046.0000,2,1,1,4,5,1,2,1,1,2
SF,IH2001,2019-12-18 09:30:32.700,3040.4000,12325,0,78395460.000,0,-,-,-,-,3039.4000,3039.2000,3038.8000,3037.8000,3037.2000,3040.4000,3040.8000,3041.0000,3042.4000,3043.0000,1,2,1,1,4,1,2,1,2,1
SF,IH2001,2019-12-18 09:30:33.200,3040.4000,12325,0,78395460.000,0,-,-,-,-,3039.4000,3039.2000,3038.8000,3037.8000,3037.2000,3040.2000,3040.4000,3040.8000,3041.0000,3042.4000,1,2,1,1,4,3,2,6,1,2
SF,IH2001,2019-12-18 09:30:33.700,3040.4000,12324,-1,79307580.000,1,0,1,双平,S,3039.2000,3038.8000,3037.8000,3037.2000,3037.0000,3040.0000,3040.4000,3040.8000,3041.0000,3042.4000,2,1,1,4,5,2,1,2,1,2
SF,IH2001,2019-12-18 09:30:34.200,3039.4000,12322,-2,81131160.000,2,0,2,双平,S,3039.2000,3038.8000,3037.8000,3037.2000,3037.0000,3039.4000,3040.0000,3040.4000,3040.8000,3041.0000,1,1,1,4,5,1,2,1,2,1
SF,IH2001,2019-12-18 09:30:34.700,3039.2000,12319,-3,83866440.000,3,0,3,双平,S,3038.8000,3037.8000,3037.2000,3037.0000,3036.2000,3039.2000,3039.4000,3040.4000,3040.8000,3041.0000,1,1,4,5,1,1,1,1,2,1
SF,IH2001,2019-12-18 09:30:35.200,3039.2000,12319,0,83866440.000,0,-,-,-,-,3038.8000,3037.8000,3037.2000,3037.0000,3036.2000,3039.0000,3039.2000,3039.4000,3040.4000,3040.8000,1,1,4,5,1,1,1,1,1,2
SF,IH2001,2019-12-18 09:30:35.700,3038.8000,12318,-1,84778080.000,1,0,1,双平,S,3037.8000,3037.2000,3037.0000,3036.2000,3035.6000,3039.2000,3039.4000,3040.4000,3040.8000,3041.0000,1,4,5,1,1,1,1,1,2,1
SF,IH2001,2019-12-18 09:30:36.200,3038.8000,12318,0,84778080.000,0,-,-,-,-,3038.4000,3038.0000,3037.8000,3037.2000,3037.0000,3039.0000,3039.2000,3039.4000,3040.4000,3040.8000,1,12,1,4,5,1,1,1,1,2
SF,IH2001,2019-12-18 09:30:36.700,3039.0000,12318,0,85689780.000,1,0,1,多换,S,3038.4000,3038.0000,3037.8000,3037.2000,3037.0000,3039.2000,3039.4000,3040.4000,3040.8000,3041.0000,1,12,1,4,5,1,1,1,2,1
SF,IH2001,2019-12-18 09:30:37.200,3039.0000,12318,0,86601480.000,1,0,1,多换,S,3038.6000,3038.4000,3038.0000,3037.8000,3037.2000,3039.2000,3039.4000,3040.4000,3040.8000,3041.0000,1,1,11,1,4,1,1,1,2,1
SF,IH2001,2019-12-18 09:30:37.700,3039.0000,12318,0,86601480.000,0,-,-,-,-,3038.4000,3038.0000,3037.8000,3037.2000,3037.0000,3039.4000,3040.4000,3040.8000,3041.0000,3042.4000,1,11,1,4,5,1,1,2,1,2
SF,IH2001,2019-12-18 09:30:38.200,3038.4000,12317,-1,87513000.000,1,0,1,双平,S,3038.0000,3037.8000,3037.2000,3037.0000,3036.2000,3038.4000,3039.4000,3040.4000,3040.8000,3041.0000,11,1,4,5,1,2,1,1,2,1
SF,IH2001,2019-12-18 09:30:38.700,3038.4000,12315,-2,89336040.000,2,0,2,双平,S,3038.4000,3038.0000,3037.8000,3037.2000,3037.0000,3039.4000,3040.4000,3040.8000,3041.0000,3042.4000,3,11,1,4,5,1,1,2,1,2
SF,IH2001,2019-12-18 09:30:39.200,3038.4000,12315,0,89336040.000,0,-,-,-,-,3038.6000,3038.4000,3038.0000,3037.2000,3037.0000,3038.8000,3039.2000,3039.4000,3040.4000,3040.8000,1,3,11,4,5,1,2,1,1,2
SF,IH2001,2019-12-18 09:30:39.700,3038.6000,12315,0,90247620.000,1,0,1,多换,S,3038.4000,3038.0000,3037.2000,3037.0000,3036.2000,3039.2000,3039.4000,3040.4000,3040.8000,3041.0000,2,9,4,5,1,2,1,1,2,1
SF,IH2001,2019-12-18 09:30:40.200,3038.4000,12313,-2,92982240.000,3,0,3,多平,S,3037.2000,3037.0000,3036.2000,3035.6000,3035.4000,3038.6000,3039.4000,3040.4000,3040.8000,3041.0000,4,5,1,1,3,1,2,1,1,1
SF,IH2001,2019-12-18 09:30:40.700,3038.4000,12313,0,92982240.000,0,-,-,-,-,3037.6000,3037.4000,3037.2000,3037.0000,3036.2000,3038.4000,3039.4000,3040.4000,3040.8000,3041.0000,1,10,6,5,1,1,2,1,1,1
SF,IH2001,2019-12-18 09:30:41.200,3038.4000,12312,-1,93893760.000,1,0,1,双平,S,3038.4000,3037.8000,3037.4000,3037.2000,3037.0000,3039.4000,3040.4000,3040.8000,3041.0000,3042.4000,2,1,10,6,5,2,1,1,1,2
SF,IH2001,2019-12-18 09:30:41.700,3038.4000,12312,0,93893760.000,0,-,-,-,-,3037.8000,3037.4000,3037.2000,3037.0000,3036.2000,3039.2000,3039.4000,3040.4000,3041.0000,3042.4000,1,9,6,5,1,3,2,1,1,2
SF,IH2001,2019-12-18 09:30:42.200,3038.4000,12312,0,93893760.000,0,-,-,-,-,3037.8000,3037.4000,3037.2000,3037.0000,3036.2000,3039.2000,3039.4000,3041.0000,3042.4000,3043.0000,1,9,6,5,1,4,2,1,2,1
SF,IH2001,2019-12-18 09:30:42.700,3038.0000,12311,-1,94805160.000,1,0,1,双平,S,3037.4000,3037.2000,3037.0000,3036.2000,3035.6000,3039.2000,3039.4000,3041.0000,3042.4000,3043.0000,8,6,5,1,1,2,2,1,2,1
SF,IH2001,2019-12-18 09:30:43.200,3038.0000,12311,0,94805160.000,0,-,-,-,-,3037.6000,3037.4000,3037.2000,3037.0000,3036.2000,3039.0000,3039.2000,3039.4000,3041.0000,3042.4000,2,8,6,5,1,2,2,2,1,2
SF,IH2001,2019-12-18 09:30:43.700,3038.0000,12311,0,94805160.000,0,-,-,-,-,3037.8000,3037.6000,3037.4000,3037.2000,3037.0000,3039.0000,3039.2000,3039.4000,3041.0000,3042.4000,7,3,1,6,5,2,2,2,1,2
SF,IH2001,2019-12-18 09:30:44.200,3038.0000,12311,0,94805160.000,0,-,-,-,-,3037.8000,3037.6000,3037.4000,3037.2000,3037.0000,3038.8000,3039.0000,3039.2000,3039.4000,3041.0000,1,2,1,6,5,3,2,1,2,1
SF,IH2001,2019-12-18 09:30:44.700,3038.0000,12311,0,94805160.000,0,-,-,-,-,3037.8000,3037.6000,3037.4000,3037.2000,3037.0000,3038.8000,3039.0000,3039.2000,3039.4000,3041.0000,1,1,1,6,5,3,2,1,2,1
SF,IH2001,2019-12-18 09:30:45.200,3038.0000,12311,0,94805160.000,0,-,-,-,-,3037.8000,3037.6000,3037.2000,3037.0000,3036.2000,3038.8000,3039.0000,3039.2000,3039.4000,3041.0000,1,1,5,5,1,3,2,1,2,1
SF,IH2001,2019-12-18 09:30:45.700,3038.0000,12311,0,94805160.000,0,-,-,-,-,3037.8000,3037.6000,3037.2000,3037.0000,3036.2000,3038.8000,3039.0000,3039.2000,3039.4000,3041.0000,1,1,5,5,1,3,1,1,2,1
SF,IH2001,2019-12-18 09:30:46.200,3038.0000,12311,0,94805160.000,0,-,-,-,-,3037.8000,3037.6000,3037.2000,3037.0000,3036.2000,3038.8000,3039.0000,3039.2000,3039.4000,3041.0000,1,1,5,5,1,3,1,1,2,1
SF,IH2001,2019-12-18 09:30:46.700,3038.0000,12311,0,94805160.000,0,-,-,-,-,3037.8000,3037.6000,3037.2000,3037.0000,3036.2000,3038.6000,3038.8000,3039.0000,3039.2000,3039.4000,1,1,5,5,1,1,3,1,1,2
SF,IH2001,2019-12-18 09:30:47.200,3038.4000,12310,-1,95716680.000,1,0,1,双平,S,3037.8000,3037.6000,3037.2000,3037.0000,3036.2000,3038.4000,3038.6000,3038.8000,3039.0000,3039.2000,1,1,5,5,1,1,1,3,1,1
SF,IH2001,2019-12-18 09:30:47.700,3038.4000,12310,0,95716680.000,0,-,-,-,-,3037.8000,3037.2000,3037.0000,3036.2000,3035.6000,3038.4000,3038.6000,3038.8000,3039.0000,3039.2000,1,5,5,1,1,1,1,3,1,1
SF,IH2001,2019-12-18 09:30:48.200,3037.8000,12310,0,97539540.000,2,1,1,多换,S,3037.2000,3037.0000,3036.2000,3035.6000,3035.4000,3037.8000,3038.6000,3038.8000,3039.0000,3039.2000,5,5,1,1,3,2,1,1,1,1
SF,IH2001,2019-12-18 09:30:48.700,3037.8000,12307,-3,100273560.000,3,0,3,双平,S,3038.2000,3038.0000,3037.2000,3037.0000,3036.2000,3038.8000,3039.0000,3039.2000,3039.4000,3041.0000,1,1,5,4,1,1,1,1,2,1
SF,IH2001,2019-12-18 09:30:49.200,3037.8000,12307,0,100273560.000,0,-,-,-,-,3038.2000,3038.0000,3037.6000,3037.2000,3037.0000,3038.8000,3039.2000,3039.4000,3041.0000,3042.4000,1,1,1,5,4,1,1,2,1,2
SF,IH2001,2019-12-18 09:30:49.700,3038.6000,12307,0,103007820.000,3,1,2,多换,S,3037.6000,3037.2000,3037.0000,3036.2000,3035.6000,3038.6000,3038.8000,3039.2000,3039.4000,3041.0000,1,5,4,1,1,1,1,1,2,1
SF,IH2001,2019-12-18 09:30:50.200,3038.6000,12307,0,103007820.000,0,-,-,-,-,3037.6000,3037.2000,3037.0000,3036.2000,3035.6000,3038.6000,3038.8000,3039.2000,3039.4000,3041.0000,1,5,4,1,1,1,1,1,2,1
SF,IH2001,2019-12-18 09:30:50.700,3038.6000,12307,0,103007820.000,0,-,-,-,-,3037.8000,3037.6000,3037.2000,3037.0000,3036.2000,3038.6000,3038.8000,3039.2000,3039.4000,3041.0000,1,1,5,4,1,1,1,1,2,1
SF,IH2001,2019-12-18 09:30:51.200,3038.8000,12306,-1,104831040.000,2,0,2,多平,S,3037.8000,3037.6000,3037.4000,3037.2000,3037.0000,3039.2000,3039.4000,3041.0000,3042.4000,3043.0000,1,1,1,5,4,1,2,1,2,1
SF,IH2001,2019-12-18 09:30:51.700,3038.8000,12306,0,104831040.000,0,-,-,-,-,3038.0000,3037.8000,3037.6000,3037.4000,3037.2000,3039.2000,3039.4000,3041.0000,3042.4000,3043.0000,1,1,1,1,5,1,2,1,2,1
SF,IH2001,2019-12-18 09:30:52.200,3038.8000,12306,0,104831040.000,0,-,-,-,-,3038.2000,3038.0000,3037.8000,3037.6000,3037.4000,3039.2000,3039.4000,3041.0000,3042.4000,3043.0000,1,8,2,1,1,1,1,1,2,1
SF,IH2001,2019-12-18 09:30:52.700,3038.8000,12306,0,104831040.000,0,-,-,-,-,3038.4000,3038.2000,3038.0000,3037.8000,3037.6000,3039.4000,3041.0000,3042.4000,3043.0000,3043.6000,1,2,7,2,1,1,1,2,1,1
SF,IH2001,2019-12-18 09:30:53.200,3038.8000,12306,0,104831040.000,0,-,-,-,-,3038.6000,3038.4000,3038.2000,3037.8000,3037.6000,3041.0000,3042.4000,3043.0000,3043.6000,3045.0000,1,1,1,2,1,1,2,1,1,1
SF,IH2001,2019-12-18 09:30:53.700,3038.8000,12306,0,104831040.000,0,-,-,-,-,3038.8000,3038.6000,3037.8000,3037.6000,3037.4000,3039.8000,3040.2000,3040.4000,3040.6000,3040.8000,4,1,2,1,1,1,2,1,3,10
SF,IH2001,2019-12-18 09:30:54.200,3038.8000,12305,-1,105742680.000,1,0,1,双平,S,3038.8000,3038.6000,3038.2000,3037.8000,3037.6000,3040.2000,3040.4000,3040.6000,3040.8000,3041.0000,1,1,1,2,3,1,1,1,7,1
SF,IH2001,2019-12-18 09:30:54.700,3038.8000,12305,0,105742680.000,0,-,-,-,-,3038.8000,3038.2000,3037.8000,3037.6000,3037.4000,3040.0000,3040.2000,3040.4000,3040.6000,3040.8000,1,1,2,3,1,3,1,1,1,6
SF,IH2001,2019-12-18 09:30:55.200,3038.8000,12305,0,105742680.000,0,-,-,-,-,3038.8000,3038.2000,3037.8000,3037.6000,3037.4000,3040.0000,3040.2000,3040.4000,3040.6000,3040.8000,1,1,2,3,1,3,1,1,1,6
SF,IH2001,2019-12-18 09:30:55.700,3038.8000,12305,0,105742680.000,0,-,-,-,-,3038.8000,3038.2000,3037.8000,3037.6000,3037.4000,3040.0000,3040.2000,3040.4000,3040.6000,3040.8000,1,1,2,3,1,3,1,1,1,6
SF,IH2001,2019-12-18 09:30:56.200,3038.8000,12305,0,105742680.000,0,-,-,-,-,3038.8000,3038.2000,3037.8000,3037.6000,3037.4000,3040.0000,3040.2000,3040.4000,3040.6000,3040.8000,1,1,2,3,1,3,1,1,1,6
SF,IH2001,2019-12-18 09:30:56.700,3038.8000,12305,0,105742680.000,0,-,-,-,-,3038.8000,3038.2000,3037.8000,3037.6000,3037.4000,3040.0000,3040.2000,3040.4000,3040.6000,3040.8000,1,1,2,3,1,3,1,1,1,6
SF,IH2001,2019-12-18 09:30:57.200,3038.8000,12305,0,105742680.000,0,-,-,-,-,3038.8000,3038.2000,3037.8000,3037.6000,3037.4000,3040.0000,3040.2000,3040.4000,3040.6000,3040.8000,1,1,2,3,1,3,1,1,1,6
SF,IH2001,2019-12-18 09:30:57.700,3038.8000,12305,0,105742680.000,0,-,-,-,-,3038.8000,3038.2000,3037.8000,3037.6000,3037.4000,3040.0000,3040.2000,3040.4000,3040.6000,3040.8000,1,1,2,3,1,3,1,1,1,6
SF,IH2001,2019-12-18 09:30:58.200,3038.8000,12305,0,105742680.000,0,-,-,-,-,3038.8000,3038.2000,3037.8000,3037.6000,3037.4000,3040.0000,3040.2000,3040.4000,3040.6000,3040.8000,1,1,2,3,1,3,1,1,1,6
SF,IH2001,2019-12-18 09:30:58.700,3038.8000,12305,0,105742680.000,0,-,-,-,-,3038.8000,3038.2000,3037.8000,3037.6000,3037.4000,3040.0000,3040.2000,3040.4000,3040.6000,3040.8000,1,1,2,3,1,3,1,1,1,6
SF,IH2001,2019-12-18 09:30:59.200,3038.8000,12305,0,105742680.000,0,-,-,-,-,3038.8000,3038.2000,3037.8000,3037.6000,3037.4000,3040.0000,3040.2000,3040.4000,3040.6000,3040.8000,2,1,2,3,1,3,1,1,1,6
SF,IH2001,2019-12-18 09:30:59.700,3038.8000,12305,0,105742680.000,0,-,-,-,-,3038.8000,3038.2000,3037.8000,3037.6000,3037.4000,3039.8000,3040.0000,3040.2000,3040.4000,3040.6000,5,1,2,3,1,1,3,1,1,1
SF,IH2001,2019-12-18 09:31:00.200,3038.8000,12305,0,105742680.000,0,-,-,-,-,3039.0000,3038.8000,3038.2000,3037.8000,3037.6000,3039.6000,3039.8000,3040.0000,3040.2000,3040.4000,1,5,1,2,3,2,1,3,1,1
SF,IH2001,2019-12-18 09:31:00.700,3038.8000,12305,0,105742680.000,0,-,-,-,-,3039.0000,3038.8000,3038.2000,3038.0000,3037.8000,3039.6000,3039.8000,3040.0000,3040.2000,3040.4000,2,1,1,3,2,2,1,3,1,1
SF,IH2001,2019-12-18 09:31:01.200,3038.8000,12305,0,105742680.000,0,-,-,-,-,3039.0000,3038.8000,3038.2000,3038.0000,3037.8000,3039.6000,3039.8000,3040.0000,3040.2000,3040.6000,5,1,1,3,2,2,1,1,1,1
SF,IH2001,2019-12-18 09:31:01.700,3038.8000,12305,0,105742680.000,0,-,-,-,-,3039.0000,3038.8000,3038.2000,3038.0000,3037.6000,3039.8000,3040.0000,3040.2000,3040.6000,3040.8000,5,1,1,3,3,1,1,1,1,6
SF,IH2001,2019-12-18 09:31:02.200,3038.8000,12305,0,105742680.000,0,-,-,-,-,3039.2000,3039.0000,3038.8000,3038.2000,3038.0000,3039.8000,3040.2000,3040.6000,3040.8000,3041.0000,2,6,1,1,3,1,1,1,6,1
SF,IH2001,2019-12-18 09:31:02.700,3039.8000,12305,0,106654620.000,1,0,1,多换,S,3039.2000,3039.0000,3038.8000,3038.2000,3038.0000,3040.2000,3040.6000,3040.8000,3041.0000,3042.4000,2,1,1,1,3,1,1,6,1,2
SF,IH2001,2019-12-18 09:31:03.200,3039.8000,12305,0,106654620.000,0,-,-,-,-,3039.4000,3039.2000,3039.0000,3038.8000,3038.2000,3040.0000,3040.2000,3040.6000,3040.8000,3041.0000,1,5,1,1,1,1,1,1,5,1
SF,IH2001,2019-12-18 09:31:03.700,3039.8000,12305,0,106654620.000,0,-,-,-,-,3039.4000,3039.0000,3038.8000,3038.2000,3038.0000,3040.0000,3040.8000,3041.0000,3042.4000,3043.0000,1,1,1,1,3,1,3,1,2,1
SF,IH2001,2019-12-18 09:31:04.200,3039.8000,12305,0,106654620.000,0,-,-,-,-,3039.4000,3039.0000,3038.8000,3038.2000,3038.0000,3040.2000,3040.8000,3041.0000,3042.4000,3043.0000,6,1,1,1,3,1,3,1,2,1
SF,IH2001,2019-12-18 09:31:05.200,3039.8000,12305,0,106654620.000,0,-,-,-,-,3039.6000,3039.4000,3039.0000,3038.8000,3038.2000,3040.2000,3041.0000,3042.4000,3043.0000,3043.6000,2,6,1,1,1,1,1,2,1,1
SF,IH2001,2019-12-18 09:31:05.700,3039.6000,12305,0,107566500.000,1,0,1,多换,S,3039.6000,3039.4000,3039.0000,3038.2000,3038.0000,3040.2000,3041.0000,3042.4000,3043.0000,3043.6000,1,1,1,1,3,1,1,2,1,1
SF,IH2001,2019-12-18 09:31:06.200,3039.6000,12305,0,107566500.000,0,-,-,-,-,3039.6000,3039.4000,3039.0000,3038.2000,3038.0000,3040.0000,3040.2000,3041.0000,3042.4000,3043.0000,5,1,1,1,3,1,1,1,1,1
SF,IH2001,2019-12-18 09:31:06.700,3039.6000,12305,0,107566500.000,0,-,-,-,-,3039.6000,3039.4000,3039.0000,3038.2000,3038.0000,3040.0000,3040.2000,3041.0000,3042.4000,3043.0000,6,1,1,1,3,1,1,1,2,1
SF,IH2001,2019-12-18 09:31:07.200,3039.6000,12305,0,108478380.000,1,0,1,多换,S,3039.8000,3039.6000,3039.0000,3038.2000,3038.0000,3040.0000,3040.2000,3041.0000,3042.4000,3043.0000,1,5,1,1,3,1,1,1,2,1
SF,IH2001,2019-12-18 09:31:07.700,3039.8000,12305,0,115773480.000,8,4,4,多换,S,3039.0000,3038.2000,3038.0000,3037.6000,3037.4000,3039.8000,3040.0000,3040.2000,3041.0000,3042.4000,1,1,3,3,1,1,1,1,1,2
SF,IH2001,2019-12-18 09:31:08.200,3039.8000,12305,0,115773480.000,0,-,-,-,-,3039.0000,3038.2000,3038.0000,3037.6000,3037.4000,3040.2000,3041.0000,3042.4000,3043.6000,3045.0000,3,2,3,3,1,1,1,2,1,2
SF,IH2001,2019-12-18 09:31:08.700,3039.8000,12305,0,115773480.000,0,-,-,-,-,3039.2000,3039.0000,3038.2000,3038.0000,3037.6000,3040.2000,3040.4000,3041.0000,3041.4000,3042.4000,2,3,2,3,3,1,1,1,1,2
SF,IH2001,2019-12-18 09:31:09.200,3039.8000,12305,0,115773480.000,0,-,-,-,-,3039.2000,3039.0000,3038.2000,3038.0000,3037.6000,3040.2000,3041.0000,3041.4000,3042.4000,3043.6000,3,1,2,3,3,1,1,1,2,1
SF,IH2001,2019-12-18 09:31:09.700,3039.8000,12305,0,115773480.000,0,-,-,-,-,3039.4000,3039.2000,3039.0000,3038.2000,3038.0000,3040.2000,3040.6000,3041.0000,3041.4000,3042.4000,2,5,1,2,3,1,1,1,1,2
SF,IH2001,2019-12-18 09:31:10.200,3040.0000,12304,-1,116685480.000,1,0,1,双平,S,3039.6000,3039.4000,3039.2000,3039.0000,3038.2000,3040.2000,3040.6000,3041.0000,3041.4000,3042.4000,1,2,2,1,2,1,1,1,1,2
SF,IH2001,2019-12-18 09:31:10.700,3040.2000,12303,-1,117597540.000,1,0,1,双平,S,3039.6000,3039.2000,3039.0000,3038.2000,3038.0000,3040.6000,3041.0000,3041.4000,3042.4000,3043.6000,4,2,1,2,3,1,1,1,2,1
SF,IH2001,2019-12-18 09:31:11.200,3039.6000,12303,0,118509420.000,1,0,1,多换,S,3039.8000,3039.6000,3039.0000,3038.2000,3038.0000,3040.4000,3040.6000,3041.0000,3041.4000,3042.4000,2,3,1,2,3,2,1,1,1,2
SF,IH2001,2019-12-18 09:31:11.700,3039.8000,12303,0,120333300.000,2,1,1,多换,S,3039.8000,3039.0000,3038.2000,3038.0000,3037.6000,3040.4000,3040.6000,3041.0000,3041.4000,3042.4000,2,1,2,3,3,2,1,1,1,2
SF,IH2001,2019-12-18 09:31:12.200,3039.8000,12303,0,120333300.000,0,-,-,-,-,3039.8000,3039.0000,3038.2000,3038.0000,3037.6000,3040.4000,3040.6000,3041.0000,3041.4000,3042.4000,4,1,2,3,3,2,1,1,1,2
SF,IH2001,2019-12-18 09:31:12.700,3039.8000,12303,0,120333300.000,0,-,-,-,-,3040.0000,3039.8000,3039.0000,3038.2000,3038.0000,3040.4000,3040.6000,3041.0000,3041.4000,3042.4000,1,4,1,2,3,2,1,1,1,2
SF,IH2001,2019-12-18 09:31:13.200,3039.8000,12303,0,120333300.000,0,-,-,-,-,3040.0000,3039.0000,3038.2000,3038.0000,3037.6000,3040.4000,3040.6000,3041.4000,3042.4000,3043.6000,1,1,2,3,3,2,1,1,2,1
SF,IH2001,2019-12-18 09:31:13.700,3040.6000,12300,-3,123069720.000,3,0,3,双平,S,3040.0000,3039.0000,3038.4000,3038.2000,3038.0000,3041.4000,3042.4000,3043.6000,3045.0000,3045.8000,5,1,1,2,3,1,2,1,2,1
SF,IH2001,2019-12-18 09:31:14.200,3040.2000,12299,-1,123981780.000,1,0,1,双平,S,3040.0000,3039.0000,3038.4000,3038.2000,3038.0000,3041.2000,3041.4000,3042.0000,3042.4000,3043.6000,5,1,1,2,3,6,1,1,2,1
SF,IH2001,2019-12-18 09:31:14.700,3040.0000,12301,2,125805780.000,2,2,0,双开,S,3040.0000,3039.0000,3038.4000,3038.2000,3038.0000,3041.2000,3041.4000,3042.0000,3042.4000,3043.6000,3,1,1,2,3,6,1,1,2,1
SF,IH2001,2019-12-18 09:31:15.200,3040.0000,12301,0,126717780.000,1,0,1,多换,S,3040.2000,3040.0000,3039.0000,3038.4000,3038.2000,3041.2000,3041.4000,3042.0000,3042.4000,3043.6000,10,2,1,1,2,6,1,1,2,1
SF,IH2001,2019-12-18 09:31:15.700,3040.0000,12301,0,126717780.000,0,-,-,-,-,3040.2000,3039.0000,3038.4000,3038.2000,3038.0000,3040.8000,3041.0000,3041.2000,3041.4000,3042.0000,10,1,1,2,3,1,1,6,1,1
SF,IH2001,2019-12-18 09:31:16.200,3040.8000,12300,-1,127630020.000,1,0,1,双平,S,3040.8000,3040.4000,3040.2000,3039.0000,3038.4000,3041.2000,3041.4000,3042.0000,3042.4000,3043.6000,1,3,10,1,1,2,1,1,2,1
SF,IH2001,2019-12-18 09:31:16.700,3041.2000,12299,-1,128542380.000,1,0,1,双平,S,3040.8000,3040.4000,3040.2000,3039.0000,3038.4000,3041.4000,3042.0000,3042.4000,3043.6000,3045.0000,1,1,7,1,1,1,1,2,1,2
SF,IH2001,2019-12-18 09:31:17.200,3041.2000,12299,0,128542380.000,0,-,-,-,-,3041.0000,3040.8000,3040.4000,3040.2000,3039.0000,3042.0000,3042.4000,3043.6000,3045.0000,3045.8000,1,6,1,7,1,1,2,1,1,1
SF,IH2001,2019-12-18 09:31:17.700,3041.2000,12299,0,128542380.000,0,-,-,-,-,3041.0000,3040.8000,3040.2000,3039.0000,3038.4000,3041.8000,3042.4000,3043.6000,3045.0000,3045.8000,1,1,7,1,1,1,2,1,1,1
SF,IH2001,2019-12-18 09:31:18.200,3041.0000,12298,-1,129454680.000,1,0,1,双平,S,3041.0000,3040.8000,3040.2000,3039.0000,3038.4000,3041.8000,3042.4000,3043.6000,3045.0000,3045.8000,5,1,7,1,1,1,1,1,1,1
SF,IH2001,2019-12-18 09:31:18.700,3041.0000,12297,-1,130366980.000,1,0,1,双平,S,3041.0000,3040.8000,3040.2000,3039.0000,3038.4000,3041.8000,3042.4000,3043.6000,3043.8000,3045.0000,5,1,7,1,1,1,2,1,1,1
SF,IH2001,2019-12-18 09:31:19.200,3041.0000,12297,0,131279280.000,1,0,1,多换,S,3041.0000,3040.8000,3040.2000,3039.0000,3038.4000,3041.8000,3042.4000,3043.6000,3043.8000,3045.0000,4,1,8,1,1,1,2,1,1,1
SF,IH2001,2019-12-18 09:31:19.700,3041.0000,12297,0,138577620.000,8,4,4,多换,S,3041.2000,3040.2000,3039.0000,3038.4000,3038.2000,3041.6000,3041.8000,3042.4000,3043.6000,3043.8000,2,8,1,1,2,3,1,2,1,1
SF,IH2001,2019-12-18 09:31:20.200,3040.2000,12296,-1,141314280.000,3,1,2,多平,S,3040.2000,3039.0000,3038.4000,3038.2000,3038.0000,3041.0000,3041.2000,3041.4000,3041.6000,3042.4000,7,1,1,2,3,2,2,1,4,2
SF,IH2001,2019-12-18 09:31:20.700,3040.2000,12296,0,141314280.000,0,-,-,-,-,3040.2000,3039.0000,3038.4000,3038.2000,3038.0000,3041.0000,3041.2000,3041.6000,3042.4000,3043.6000,7,1,1,1,3,3,3,4,1,1
SF,IH2001,2019-12-18 09:31:21.200,3040.2000,12289,-7,147698700.000,7,0,7,双平,S,3039.0000,3038.4000,3038.2000,3038.0000,3037.6000,3040.8000,3041.0000,3041.2000,3041.6000,3042.4000,1,1,1,3,3,4,3,3,1,1
SF,IH2001,2019-12-18 09:31:21.700,3040.2000,12289,0,147698700.000,0,-,-,-,-,3039.6000,3039.2000,3039.0000,3038.4000,3038.2000,3040.2000,3040.6000,3040.8000,3041.0000,3041.2000,1,3,2,1,1,1,1,4,1,3
SF,IH2001,2019-12-18 09:31:22.200,3040.4000,12289,0,148610820.000,1,0,1,多换,S,3040.2000,3039.2000,3039.0000,3038.4000,3038.2000,3040.6000,3040.8000,3041.0000,3041.2000,3041.6000,2,3,2,1,1,1,4,1,1,1
SF,IH2001,2019-12-18 09:31:22.700,3040.4000,12289,0,149522940.000,1,0,1,多换,S,3039.2000,3039.0000,3038.4000,3038.2000,3038.0000,3040.8000,3041.0000,3041.2000,3041.6000,3042.4000,3,2,1,1,3,4,1,1,1,1
SF,IH2001,2019-12-18 09:31:23.200,3040.4000,12289,0,149522940.000,0,-,-,-,-,3039.4000,3039.2000,3039.0000,3038.4000,3038.2000,3040.6000,3040.8000,3041.0000,3041.2000,3041.6000,1,1,2,1,1,2,4,1,1,1
SF,IH2001,2019-12-18 09:31:23.700,3039.6000,12288,-1,150434820.000,1,0,1,双平,S,3039.4000,3039.0000,3038.4000,3038.2000,3038.0000,3040.6000,3040.8000,3041.0000,3041.6000,3042.4000,4,2,1,1,3,1,4,1,1,1
SF,IH2001,2019-12-18 09:31:24.200,3039.6000,12288,0,150434820.000,0,-,-,-,-,3039.4000,3039.0000,3038.4000,3038.2000,3038.0000,3040.6000,3040.8000,3041.0000,3041.6000,3042.4000,4,2,1,1,3,1,4,1,1,1
SF,IH2001,2019-12-18 09:31:24.700,3039.6000,12288,0,150434820.000,0,-,-,-,-,3039.4000,3039.0000,3038.4000,3038.2000,3038.0000,3040.6000,3040.8000,3041.0000,3041.6000,3042.4000,4,2,1,1,3,2,4,1,1,1
SF,IH2001,2019-12-18 09:31:25.200,3039.6000,12288,0,150434820.000,0,-,-,-,-,3039.4000,3039.0000,3038.4000,3038.2000,3038.0000,3040.6000,3040.8000,3041.0000,3041.6000,3042.4000,4,2,1,1,3,2,4,1,1,1
SF,IH2001,2019-12-18 09:31:25.700,3039.6000,12288,0,150434820.000,0,-,-,-,-,3039.4000,3039.0000,3038.8000,3038.4000,3038.2000,3040.6000,3040.8000,3041.0000,3041.6000,3042.4000,4,2,1,1,1,2,4,1,1,1
SF,IH2001,2019-12-18 09:31:26.200,3039.6000,12288,0,150434820.000,0,-,-,-,-,3039.4000,3039.0000,3038.8000,3038.4000,3038.2000,3040.6000,3040.8000,3041.0000,3041.6000,3042.4000,4,2,1,1,1,2,4,1,1,1
SF,IH2001,2019-12-18 09:31:26.700,3039.6000,12288,0,150434820.000,0,-,-,-,-,3039.4000,3039.0000,3038.8000,3038.4000,3038.2000,3040.6000,3040.8000,3041.0000,3041.6000,3042.4000,4,2,1,1,1,2,4,1,1,1
SF,IH2001,2019-12-18 09:31:27.200,3039.6000,12288,0,150434820.000,0,-,-,-,-,3039.4000,3039.0000,3038.8000,3038.4000,3038.2000,3040.6000,3040.8000,3041.0000,3041.6000,3042.4000,4,2,1,1,1,2,4,1,1,1
SF,IH2001,2019-12-18 09:31:27.700,3039.6000,12288,0,150434820.000,0,-,-,-,-,3039.4000,3039.0000,3038.8000,3038.4000,3038.2000,3040.4000,3040.6000,3040.8000,3041.0000,3041.6000,4,2,1,1,1,1,2,4,1,1
SF,IH2001,2019-12-18 09:31:28.200,3039.6000,12288,0,150434820.000,0,-,-,-,-,3039.6000,3039.4000,3039.0000,3038.8000,3038.4000,3040.2000,3040.4000,3040.6000,3040.8000,3041.0000,1,2,2,1,1,2,1,1,4,1
SF,IH2001,2019-12-18 09:31:28.700,3040.2000,12288,0,151346880.000,1,0,1,多换,S,3039.6000,3039.4000,3039.2000,3039.0000,3038.8000,3040.2000,3040.4000,3040.6000,3040.8000,3041.0000,1,1,1,2,1,1,1,1,4,1
SF,IH2001,2019-12-18 09:31:29.200,3040.2000,12287,-1,153171000.000,2,0,2,多平,S,3039.6000,3039.4000,3039.2000,3039.0000,3038.8000,3040.4000,3040.6000,3040.8000,3041.0000,3041.6000,1,1,1,2,1,1,1,4,1,1
SF,IH2001,2019-12-18 09:31:29.700,3040.2000,12287,0,153171000.000,0,-,-,-,-,3039.8000,3039.6000,3039.4000,3039.2000,3039.0000,3040.4000,3040.6000,3040.8000,3041.0000,3041.6000,1,1,1,1,2,1,1,4,1,1
SF,IH2001,2019-12-18 09:31:30.200,3040.2000,12287,0,153171000.000,0,-,-,-,-,3039.8000,3039.6000,3039.4000,3039.2000,3039.0000,3040.4000,3040.8000,3041.0000,3041.6000,3042.4000,1,1,1,1,2,1,4,1,1,1
SF,IH2001,2019-12-18 09:31:31.200,3040.2000,12287,0,153171000.000,0,-,-,-,-,3039.8000,3039.6000,3039.4000,3039.2000,3039.0000,3040.4000,3040.8000,3041.0000,3041.6000,3042.4000,6,1,1,1,2,1,4,1,1,1
SF,IH2001,2019-12-18 09:31:31.700,3040.4000,12287,0,154083120.000,1,0,1,多换,S,3040.4000,3039.8000,3039.4000,3039.2000,3039.0000,3040.8000,3041.0000,3041.6000,3042.4000,3043.6000,3,8,1,1,2,3,1,1,1,1
SF,IH2001,2019-12-18 09:31:32.200,3040.4000,12286,-1,154995240.000,1,0,1,双平,S,3039.8000,3039.4000,3039.2000,3039.0000,3038.8000,3040.8000,3041.0000,3041.6000,3042.4000,3043.6000,2,1,1,2,1,3,1,1,1,1
SF,IH2001,2019-12-18 09:31:32.700,3040.4000,12286,0,154995240.000,0,-,-,-,-,3040.0000,3039.8000,3039.4000,3039.2000,3039.0000,3040.8000,3041.0000,3041.6000,3042.4000,3043.6000,2,7,1,1,2,3,1,1,1,1
SF,IH2001,2019-12-18 09:31:33.200,3040.6000,12285,-1,155907420.000,1,0,1,双平,S,3040.0000,3039.8000,3039.4000,3039.2000,3039.0000,3040.8000,3041.0000,3041.6000,3042.4000,3043.6000,2,2,1,1,2,3,1,1,1,1
SF,IH2001,2019-12-18 09:31:33.700,3040.6000,12285,0,155907420.000,0,-,-,-,-,3040.0000,3039.8000,3039.4000,3039.2000,3039.0000,3040.8000,3041.0000,3041.6000,3042.4000,3043.6000,7,2,1,1,2,3,1,1,1,1
SF,IH2001,2019-12-18 09:31:34.200,3040.8000,12285,0,156819660.000,1,0,1,多换,S,3040.0000,3039.8000,3039.4000,3039.2000,3039.0000,3040.8000,3041.0000,3041.6000,3042.4000,3043.6000,7,2,1,1,2,2,6,1,1,1
SF,IH2001,2019-12-18 09:31:34.700,3040.8000,12285,0,156819660.000,0,-,-,-,-,3040.0000,3039.8000,3039.4000,3039.2000,3039.0000,3041.0000,3041.6000,3042.4000,3043.6000,3043.8000,7,2,1,1,3,6,1,1,1,1
SF,IH2001,2019-12-18 09:31:35.200,3040.8000,12285,0,156819660.000,0,-,-,-,-,3040.0000,3039.8000,3039.4000,3039.2000,3039.0000,3040.8000,3041.0000,3041.6000,3042.4000,3043.6000,7,2,1,1,3,1,6,1,1,1
SF,IH2001,2019-12-18 09:31:35.700,3040.8000,12285,0,156819660.000,0,-,-,-,-,3040.0000,3039.8000,3039.4000,3039.2000,3039.0000,3040.8000,3041.0000,3041.6000,3042.4000,3043.6000,8,2,1,1,3,1,6,1,1,1
SF,IH2001,2019-12-18 09:31:36.200,3040.8000,12285,0,156819660.000,0,-,-,-,-,3040.0000,3039.8000,3039.4000,3039.2000,3039.0000,3040.8000,3041.0000,3041.6000,3042.4000,3043.6000,8,2,1,1,3,1,6,1,1,1
SF,IH2001,2019-12-18 09:31:36.700,3040.8000,12285,0,157731900.000,1,0,1,多换,S,3040.0000,3039.8000,3039.4000,3039.2000,3039.0000,3041.0000,3041.6000,3042.4000,3043.6000,3043.8000,8,2,1,1,3,6,1,1,1,1
SF,IH2001,2019-12-18 09:31:37.200,3040.8000,12285,0,157731900.000,0,-,-,-,-,3040.0000,3039.8000,3039.4000,3039.2000,3039.0000,3041.0000,3041.6000,3042.4000,3043.6000,3043.8000,8,2,1,1,3,6,1,1,1,1
SF,IH2001,2019-12-18 09:31:37.700,3040.8000,12285,0,157731900.000,0,-,-,-,-,3040.0000,3039.8000,3039.4000,3039.2000,3039.0000,3041.0000,3041.6000,3042.4000,3043.6000,3043.8000,8,2,1,1,3,6,1,1,1,1
SF,IH2001,2019-12-18 09:31:38.200,3040.8000,12285,0,157731900.000,0,-,-,-,-,3040.0000,3039.8000,3039.4000,3039.2000,3039.0000,3041.0000,3041.6000,3042.4000,3043.6000,3043.8000,8,2,1,1,3,6,1,1,1,1
SF,IH2001,2019-12-18 09:31:38.700,3040.8000,12285,0,157731900.000,0,-,-,-,-,3040.0000,3039.8000,3039.4000,3039.2000,3039.0000,3041.0000,3041.6000,3042.4000,3043.6000,3043.8000,6,2,1,1,3,6,1,1,1,1
SF,IH2001,2019-12-18 09:31:39.200,3040.8000,12285,0,157731900.000,0,-,-,-,-,3040.2000,3040.0000,3039.8000,3039.4000,3039.2000,3041.0000,3041.6000,3042.4000,3043.6000,3043.8000,2,7,2,1,1,6,1,1,1,1
SF,IH2001,2019-12-18 09:31:39.700,3040.2000,12284,-1,158643960.000,1,0,1,双平,S,3040.2000,3040.0000,3039.8000,3039.4000,3039.2000,3041.0000,3041.6000,3042.4000,3043.6000,3043.8000,1,2,2,1,1,6,1,1,1,1
SF,IH2001,2019-12-18 09:31:40.200,3040.2000,12284,0,158643960.000,0,-,-,-,-,3040.2000,3040.0000,3039.8000,3039.4000,3039.2000,3041.0000,3041.6000,3042.4000,3043.6000,3043.8000,6,2,2,1,1,6,1,2,1,1
SF,IH2001,2019-12-18 09:31:40.700,3041.0000,12281,-3,162292440.000,4,0,4,多平,S,3040.2000,3040.0000,3039.8000,3039.4000,3039.2000,3041.0000,3041.6000,3042.4000,3043.6000,3043.8000,5,2,2,1,1,5,1,2,1,1
SF,IH2001,2019-12-18 09:31:41.200,3041.0000,12281,0,162292440.000,0,-,-,-,-,3040.4000,3040.2000,3040.0000,3039.8000,3039.4000,3040.8000,3041.0000,3041.6000,3042.4000,3043.6000,2,5,2,2,1,2,5,1,2,1
SF,IH2001,2019-12-18 09:31:41.700,3040.4000,12279,-2,164116680.000,2,0,2,双平,S,3040.0000,3039.8000,3039.4000,3039.2000,3039.0000,3041.0000,3041.6000,3042.4000,3043.6000,3043.8000,2,2,1,1,3,5,1,2,1,1
SF,IH2001,2019-12-18 09:31:42.200,3040.4000,12279,0,164116680.000,0,-,-,-,-,3040.0000,3039.8000,3039.4000,3039.2000,3039.0000,3041.0000,3041.6000,3042.4000,3043.6000,3043.8000,7,2,1,1,3,5,1,2,1,1
SF,IH2001,2019-12-18 09:31:42.700,3040.4000,12279,0,164116680.000,0,-,-,-,-,3040.0000,3039.8000,3039.4000,3039.2000,3039.0000,3041.0000,3041.6000,3042.4000,3043.6000,3043.8000,7,2,1,1,3,5,1,2,1,1
SF,IH2001,2019-12-18 09:31:43.200,3040.4000,12279,0,164116680.000,0,-,-,-,-,3040.2000,3040.0000,3039.8000,3039.4000,3039.2000,3040.6000,3041.0000,3041.6000,3042.4000,3043.6000,1,7,2,1,1,1,5,1,2,1
SF,IH2001,2019-12-18 09:31:43.700,3041.0000,12278,-1,169590360.000,6,2,4,多平,S,3041.0000,3040.6000,3040.2000,3040.0000,3039.8000,3041.6000,3042.4000,3043.6000,3043.8000,3045.0000,1,1,1,2,2,1,2,1,1,1
SF,IH2001,2019-12-18 09:31:44.200,3041.0000,12278,0,169590360.000,0,-,-,-,-,3041.0000,3040.6000,3040.2000,3040.0000,3039.8000,3041.4000,3042.4000,3042.6000,3043.6000,3043.8000,6,1,1,2,2,1,2,1,1,1
SF,IH2001,2019-12-18 09:31:45.700,3041.4000,12276,-2,171415200.000,2,0,2,双平,S,3041.0000,3040.2000,3040.0000,3039.8000,3039.4000,3042.4000,3042.6000,3043.6000,3043.8000,3045.0000,6,1,2,2,1,2,1,1,1,1
SF,IH2001,2019-12-18 09:31:46.200,3041.2000,12275,-1,172327560.000,1,0,1,双平,S,3041.0000,3040.2000,3040.0000,3039.8000,3039.2000,3041.8000,3042.0000,3042.2000,3042.4000,3042.6000,6,1,3,2,1,1,1,5,2,1
SF,IH2001,2019-12-18 09:31:46.700,3041.0000,12274,-1,173239860.000,1,0,1,双平,S,3041.0000,3040.2000,3040.0000,3039.8000,3039.2000,3042.0000,3042.2000,3042.4000,3042.6000,3043.6000,5,1,3,2,1,1,5,2,1,1
SF,IH2001,2019-12-18 09:31:47.200,3041.0000,12274,0,173239860.000,0,-,-,-,-,3041.0000,3040.2000,3040.0000,3039.8000,3039.2000,3041.8000,3042.0000,3042.2000,3042.4000,3042.6000,6,1,3,2,1,4,1,2,2,1
SF,IH2001,2019-12-18 09:31:47.700,3041.0000,12274,0,173239860.000,0,-,-,-,-,3041.0000,3040.2000,3040.0000,3039.8000,3039.2000,3041.8000,3042.0000,3042.2000,3042.4000,3042.6000,6,1,3,2,1,4,1,2,2,1
SF,IH2001,2019-12-18 09:31:48.200,3041.0000,12273,-1,178713660.000,6,2,4,多平,S,3040.2000,3040.0000,3039.8000,3039.2000,3039.0000,3041.0000,3041.4000,3041.8000,3042.0000,3042.2000,1,3,2,1,3,1,1,4,1,2
SF,IH2001,2019-12-18 09:31:48.700,3041.0000,12272,-1,179625960.000,1,0,1,双平,S,3040.2000,3040.0000,3039.8000,3039.4000,3039.2000,3041.8000,3042.0000,3042.2000,3042.4000,3042.6000,7,3,2,1,1,3,1,1,2,1
SF,IH2001,2019-12-18 09:31:49.200,3041.0000,12272,0,179625960.000,0,-,-,-,-,3040.4000,3040.2000,3040.0000,3039.8000,3039.4000,3041.6000,3041.8000,3042.0000,3042.2000,3042.4000,1,7,3,2,1,2,2,1,1,2
SF,IH2001,2019-12-18 09:31:49.700,3041.0000,12272,0,179625960.000,0,-,-,-,-,3040.4000,3040.2000,3040.0000,3039.8000,3039.4000,3041.6000,3041.8000,3042.0000,3042.2000,3042.4000,1,2,3,2,1,4,2,1,1,2
SF,IH2001,2019-12-18 09:31:50.200,3041.0000,12272,0,179625960.000,0,-,-,-,-,3040.4000,3040.2000,3040.0000,3039.8000,3039.4000,3041.6000,3041.8000,3042.0000,3042.2000,3042.4000,6,2,4,2,1,4,3,1,1,2
SF,IH2001,2019-12-18 09:31:50.700,3040.6000,12271,-1,180538140.000,1,0,1,双平,S,3040.4000,3040.2000,3040.0000,3039.8000,3039.4000,3041.6000,3041.8000,3042.0000,3042.2000,3042.4000,6,2,4,2,1,4,3,1,1,2
SF,IH2001,2019-12-18 09:31:51.200,3040.6000,12271,0,180538140.000,0,-,-,-,-,3040.4000,3040.2000,3040.0000,3039.8000,3039.4000,3041.6000,3041.8000,3042.0000,3042.2000,3042.4000,6,2,4,3,1,4,3,1,1,2
SF,IH2001,2019-12-18 09:31:51.700,3040.6000,12271,0,180538140.000,0,-,-,-,-,3040.6000,3040.4000,3040.2000,3040.0000,3039.8000,3041.6000,3041.8000,3042.0000,3042.2000,3042.4000,2,6,2,4,3,2,3,1,1,2
SF,IH2001,2019-12-18 09:31:52.200,3040.6000,12271,0,180538140.000,0,-,-,-,-,3040.6000,3040.4000,3040.2000,3040.0000,3039.8000,3041.6000,3041.8000,3042.0000,3042.2000,3042.4000,2,1,2,4,3,2,3,1,1,2
SF,IH2001,2019-12-18 09:31:52.700,3040.4000,12270,-1,181450260.000,1,0,1,双平,S,3040.6000,3040.2000,3040.0000,3039.8000,3039.4000,3041.4000,3041.6000,3041.8000,3042.0000,3042.2000,5,2,4,3,1,3,1,3,1,1
SF,IH2001,2019-12-18 09:31:53.200,3040.4000,12270,0,181450260.000,0,-,-,-,-,3040.6000,3040.2000,3040.0000,3039.8000,3039.4000,3041.4000,3041.6000,3041.8000,3042.0000,3042.2000,5,2,4,3,1,4,1,3,1,1
SF,IH2001,2019-12-18 09:31:53.700,3040.4000,12270,0,181450260.000,0,-,-,-,-,3040.6000,3040.2000,3040.0000,3039.8000,3039.4000,3041.4000,3041.6000,3041.8000,3042.0000,3042.2000,5,2,4,3,1,4,1,3,1,1
SF,IH2001,2019-12-18 09:31:54.200,3040.4000,12270,0,181450260.000,0,-,-,-,-,3040.8000,3040.6000,3040.2000,3040.0000,3039.8000,3041.4000,3041.6000,3041.8000,3042.0000,3042.2000,2,5,2,4,3,4,1,3,1,1
SF,IH2001,2019-12-18 09:31:54.700,3040.4000,12269,-1,182362380.000,1,0,1,双平,S,3040.8000,3040.2000,3040.0000,3039.8000,3039.4000,3041.2000,3041.4000,3041.6000,3041.8000,3042.0000,1,2,4,3,1,1,2,1,3,1
SF,IH2001,2019-12-18 09:31:55.200,3040.4000,12269,0,182362380.000,0,-,-,-,-,3040.8000,3040.2000,3040.0000,3039.8000,3039.4000,3041.2000,3041.4000,3041.6000,3041.8000,3042.0000,5,2,4,3,1,1,2,1,3,1
SF,IH2001,2019-12-18 09:31:55.700,3040.8000,12269,0,183274620.000,1,0,1,多换,S,3041.0000,3040.8000,3040.2000,3040.0000,3039.8000,3041.2000,3041.4000,3041.6000,3041.8000,3042.0000,1,4,2,4,3,1,2,1,3,1
SF,IH2001,2019-12-18 09:31:56.200,3041.2000,12268,-1,184186980.000,1,0,1,双平,S,3041.2000,3041.0000,3040.2000,3040.0000,3039.8000,3041.4000,3041.8000,3042.0000,3042.2000,3042.4000,1,1,2,4,3,2,3,1,1,2
SF,IH2001,2019-12-18 09:31:56.700,3041.4000,12264,-4,189660900.000,6,1,5,多平,S,3041.4000,3041.2000,3040.2000,3040.0000,3039.8000,3041.8000,3042.0000,3042.2000,3042.4000,3042.6000,3,3,1,4,3,3,1,1,2,1
SF,IH2001,2019-12-18 09:31:57.200,3041.4000,12262,-2,196960140.000,8,3,5,多平,S,3040.2000,3040.0000,3039.8000,3039.4000,3039.2000,3041.6000,3041.8000,3042.0000,3042.2000,3042.4000,1,4,3,1,1,1,3,1,1,2
SF,IH2001,2019-12-18 09:31:57.700,3041.4000,12262,0,196960140.000,0,-,-,-,-,3040.2000,3040.0000,3039.8000,3039.4000,3039.2000,3041.4000,3041.6000,3041.8000,3042.0000,3042.2000,2,4,3,1,1,3,1,3,1,1
SF,IH2001,2019-12-18 09:31:58.200,3041.4000,12262,0,196960140.000,0,-,-,-,-,3040.2000,3040.0000,3039.8000,3039.4000,3039.2000,3041.4000,3041.6000,3041.8000,3042.0000,3042.2000,2,4,3,1,1,3,1,3,1,1
SF,IH2001,2019-12-18 09:31:58.700,3041.4000,12262,0,196960140.000,0,-,-,-,-,3040.4000,3040.2000,3040.0000,3039.8000,3039.4000,3041.4000,3041.6000,3041.8000,3042.0000,3042.2000,3,3,4,3,1,2,2,3,1,1
SF,IH2001,2019-12-18 09:31:59.200,3041.4000,12261,-1,197872560.000,1,0,1,双平,S,3040.6000,3040.4000,3040.2000,3040.0000,3039.8000,3041.4000,3041.6000,3041.8000,3042.0000,3042.2000,1,3,1,4,3,1,1,3,1,1
SF,IH2001,2019-12-18 09:31:59.700,3041.4000,12261,0,197872560.000,0,-,-,-,-,3040.8000,3040.6000,3040.4000,3040.2000,3040.0000,3041.4000,3041.6000,3041.8000,3042.0000,3042.2000,1,5,2,1,4,1,1,3,1,1
SF,IH2001,2019-12-18 09:32:00.200,3041.4000,12261,0,197872560.000,0,-,-,-,-,3040.8000,3040.6000,3040.4000,3040.2000,3040.0000,3041.4000,3041.6000,3041.8000,3042.0000,3042.2000,1,1,3,1,4,1,1,4,1,1
SF,IH2001,2019-12-18 09:32:00.700,3041.4000,12261,0,197872560.000,0,-,-,-,-,3040.8000,3040.6000,3040.4000,3040.2000,3040.0000,3041.4000,3041.6000,3041.8000,3042.0000,3042.2000,5,1,3,1,4,1,1,4,1,1
SF,IH2001,2019-12-18 09:32:01.700,3041.4000,12261,0,197872560.000,0,-,-,-,-,3040.8000,3040.6000,3040.4000,3040.2000,3040.0000,3041.4000,3041.6000,3041.8000,3042.0000,3042.2000,5,1,1,1,4,1,1,4,1,1
SF,IH2001,2019-12-18 09:32:02.200,3040.8000,12261,0,198784800.000,1,0,1,多换,S,3040.8000,3040.6000,3040.4000,3040.2000,3040.0000,3041.4000,3041.6000,3041.8000,3042.0000,3042.2000,4,1,1,1,4,1,1,4,1,1
SF,IH2001,2019-12-18 09:32:02.700,3040.8000,12262,1,199697040.000,1,1,0,双开,S,3040.8000,3040.6000,3040.4000,3040.2000,3040.0000,3041.4000,3041.6000,3041.8000,3042.0000,3042.2000,3,1,1,1,4,1,1,4,1,1
SF,IH2001,2019-12-18 09:32:03.200,3040.8000,12263,1,202433760.000,3,2,1,空开,S,3041.0000,3040.6000,3040.4000,3040.0000,3039.8000,3041.2000,3041.4000,3041.8000,3042.0000,3042.2000,5,1,1,4,3,1,1,5,1,1
SF,IH2001,2019-12-18 09:32:03.700,3040.6000,12263,0,207907440.000,6,3,3,多换,S,3040.4000,3040.0000,3039.8000,3039.4000,3039.2000,3041.0000,3041.4000,3041.8000,3042.0000,3042.2000,1,7,2,1,1,1,1,5,1,1
SF,IH2001,2019-12-18 09:32:04.200,3040.6000,12263,0,207907440.000,0,-,-,-,-,3040.4000,3040.0000,3039.8000,3039.4000,3039.2000,3041.4000,3041.8000,3042.0000,3042.2000,3042.4000,1,7,2,1,1,1,4,1,1,2
SF,IH2001,2019-12-18 09:32:04.700,3040.6000,12263,0,207907440.000,0,-,-,-,-,3040.4000,3040.0000,3039.8000,3039.4000,3039.2000,3040.8000,3041.2000,3041.4000,3041.8000,3042.0000,2,7,2,1,1,1,4,1,4,1
SF,IH2001,2019-12-18 09:32:05.200,3040.8000,12263,0,208819680.000,1,0,1,多换,S,3040.8000,3040.4000,3040.0000,3039.8000,3039.4000,3041.2000,3041.4000,3041.8000,3042.0000,3042.2000,1,3,7,2,1,4,1,4,1,1
SF,IH2001,2019-12-18 09:32:05.700,3040.8000,12263,0,208819680.000,0,-,-,-,-,3040.4000,3040.0000,3039.8000,3039.4000,3039.2000,3041.2000,3041.4000,3041.8000,3042.0000,3042.2000,1,7,2,1,1,3,1,4,1,1
SF,IH2001,2019-12-18 09:32:06.200,3040.8000,12263,0,208819680.000,0,-,-,-,-,3040.4000,3040.0000,3039.8000,3039.4000,3039.2000,3040.6000,3040.8000,3041.2000,3041.4000,3041.8000,3,7,2,1,1,1,1,3,1,4
SF,IH2001,2019-12-18 09:32:06.700,3041.2000,12261,-2,210644220.000,2,0,2,双平,S,3040.6000,3040.4000,3040.0000,3039.8000,3039.4000,3041.2000,3041.4000,3041.8000,3042.0000,3042.2000,1,3,6,2,1,2,1,4,1,1
SF,IH2001,2019-12-18 09:32:07.200,3041.2000,12261,0,210644220.000,0,-,-,-,-,3040.6000,3040.4000,3040.0000,3039.8000,3039.4000,3041.4000,3041.8000,3042.0000,3042.2000,3042.4000,2,1,6,2,1,1,4,1,1,2
SF,IH2001,2019-12-18 09:32:07.700,3041.2000,12261,0,210644220.000,0,-,-,-,-,3040.6000,3040.4000,3040.0000,3039.8000,3039.4000,3041.4000,3041.8000,3042.0000,3042.2000,3042.4000,4,1,6,2,1,1,4,1,1,2
SF,IH2001,2019-12-18 09:32:08.200,3041.2000,12261,0,210644220.000,0,-,-,-,-,3040.8000,3040.6000,3040.4000,3040.0000,3039.8000,3041.8000,3042.0000,3042.2000,3042.4000,3042.6000,1,4,1,6,2,4,1,1,2,1
SF,IH2001,2019-12-18 09:32:08.700,3041.2000,12261,0,210644220.000,0,-,-,-,-,3040.8000,3040.6000,3040.4000,3040.0000,3039.8000,3041.2000,3041.6000,3041.8000,3042.0000,3042.4000,1,2,1,6,2,2,2,2,1,2
SF,IH2001,2019-12-18 09:32:09.200,3041.2000,12261,0,210644220.000,0,-,-,-,-,3040.8000,3040.6000,3040.4000,3040.0000,3039.8000,3041.6000,3041.8000,3042.0000,3042.4000,3042.6000,2,2,1,6,2,1,2,1,2,1
SF,IH2001,2019-12-18 09:32:09.700,3041.2000,12261,0,210644220.000,0,-,-,-,-,3041.4000,3041.2000,3041.0000,3040.8000,3040.6000,3041.6000,3041.8000,3042.0000,3042.4000,3042.6000,1,1,1,2,2,1,2,1,2,1
SF,IH2001,2019-12-18 09:32:10.200,3041.4000,12261,0,211556640.000,1,0,1,多换,S,3041.2000,3041.0000,3040.6000,3040.4000,3040.0000,3041.4000,3041.6000,3041.8000,3042.0000,3042.4000,1,1,2,1,6,1,1,2,1,2
SF,IH2001,2019-12-18 09:32:10.700,3041.2000,12260,-1,213381180.000,2,0,2,多平,S,3041.2000,3040.6000,3040.4000,3040.0000,3039.8000,3041.4000,3041.6000,3041.8000,3042.0000,3042.4000,1,1,1,6,2,2,1,2,1,2
SF,IH2001,2019-12-18 09:32:11.200,3041.2000,12260,0,215205900.000,2,1,1,多换,S,3040.6000,3040.4000,3040.0000,3039.8000,3039.4000,3041.4000,3041.6000,3041.8000,3042.0000,3042.4000,1,1,6,2,1,1,1,2,1,2
SF,IH2001,2019-12-18 09:32:11.700,3040.8000,12259,-1,216118140.000,1,0,1,双平,S,3040.6000,3040.4000,3040.0000,3039.8000,3039.4000,3041.2000,3041.4000,3041.6000,3041.8000,3042.0000,1,1,6,2,1,1,1,1,2,1
SF,IH2001,2019-12-18 09:32:12.200,3040.8000,12259,0,216118140.000,0,-,-,-,-,3040.6000,3040.4000,3040.0000,3039.8000,3039.4000,3041.2000,3041.4000,3041.6000,3041.8000,3042.0000,1,1,6,2,1,1,1,1,2,1
SF,IH2001,2019-12-18 09:32:12.700,3040.8000,12259,0,216118140.000,0,-,-,-,-,3040.8000,3040.6000,3040.4000,3040.0000,3039.8000,3041.2000,3041.4000,3041.6000,3041.8000,3042.0000,1,1,1,6,2,1,1,1,2,1
SF,IH2001,2019-12-18 09:32:13.200,3040.8000,12259,0,216118140.000,0,-,-,-,-,3040.8000,3040.6000,3040.4000,3040.0000,3039.8000,3041.2000,3041.4000,3041.6000,3041.8000,3042.0000,1,1,1,6,2,1,1,1,1,1
SF,IH2001,2019-12-18 09:32:14.200,3040.8000,12259,0,216118140.000,0,-,-,-,-,3040.8000,3040.6000,3040.4000,3040.0000,3039.8000,3041.2000,3041.4000,3041.6000,3041.8000,3042.0000,1,1,1,6,2,1,1,1,1,1
SF,IH2001,2019-12-18 09:32:14.700,3040.8000,12259,0,216118140.000,0,-,-,-,-,3040.6000,3040.4000,3040.0000,3039.8000,3039.4000,3040.8000,3041.4000,3041.6000,3041.8000,3042.0000,1,1,6,2,1,1,1,1,1,1
SF,IH2001,2019-12-18 09:32:15.200,3040.8000,12258,-1,217030380.000,1,0,1,双平,S,3041.0000,3040.8000,3040.6000,3040.4000,3040.0000,3041.4000,3041.6000,3041.8000,3042.0000,3042.4000,1,3,1,1,6,2,1,1,1,2
SF,IH2001,2019-12-18 09:32:15.700,3041.0000,12257,-1,217942680.000,1,0,1,双平,S,3040.8000,3040.6000,3040.0000,3039.8000,3039.4000,3041.0000,3041.2000,3041.4000,3041.6000,3041.8000,3,1,5,2,1,1,1,2,1,1
SF,IH2001,2019-12-18 09:32:16.200,3041.0000,12257,0,217942680.000,0,-,-,-,-,3040.8000,3040.6000,3040.0000,3039.8000,3039.4000,3041.2000,3041.4000,3041.6000,3041.8000,3042.0000,3,1,5,2,1,1,2,1,1,1
SF,IH2001,2019-12-18 09:32:17.200,3041.0000,12257,0,217942680.000,0,-,-,-,-,3040.8000,3040.6000,3040.0000,3039.8000,3039.6000,3041.2000,3041.4000,3041.6000,3041.8000,3042.0000,3,1,5,2,1,1,2,1,1,1
SF,IH2001,2019-12-18 09:32:18.200,3041.0000,12257,0,217942680.000,0,-,-,-,-,3040.8000,3040.6000,3040.0000,3039.8000,3039.6000,3041.2000,3041.4000,3041.6000,3041.8000,3042.0000,2,1,5,2,1,1,2,1,1,1
SF,IH2001,2019-12-18 09:32:20.200,3041.0000,12257,0,217942680.000,0,-,-,-,-,3040.8000,3040.6000,3040.0000,3039.8000,3039.6000,3041.2000,3041.4000,3041.6000,3041.8000,3042.0000,2,1,5,2,1,1,2,1,1,1
SF,IH2001,2019-12-18 09:32:20.700,3040.8000,12255,-2,219767160.000,2,0,2,双平,S,3040.6000,3040.0000,3039.8000,3039.6000,3039.4000,3041.2000,3041.4000,3041.6000,3041.8000,3042.0000,1,5,2,1,1,1,2,1,1,1
SF,IH2001,2019-12-18 09:32:21.200,3040.8000,12255,0,219767160.000,0,-,-,-,-,3040.8000,3040.6000,3040.0000,3039.8000,3039.6000,3041.2000,3041.4000,3041.6000,3041.8000,3042.0000,2,1,5,2,1,1,2,1,1,1
SF,IH2001,2019-12-18 09:32:21.700,3040.8000,12255,0,220679400.000,1,0,1,多换,S,3040.8000,3040.6000,3040.0000,3039.8000,3039.6000,3041.2000,3041.4000,3041.6000,3041.8000,3042.0000,1,1,5,2,1,1,2,1,1,1
SF,IH2001,2019-12-18 09:32:22.200,3041.2000,12254,-1,221591760.000,1,0,1,双平,S,3040.8000,3040.6000,3040.0000,3039.8000,3039.6000,3041.4000,3041.6000,3041.8000,3042.0000,3042.4000,1,1,5,2,1,1,1,1,1,2
SF,IH2001,2019-12-18 09:32:22.700,3041.2000,12254,0,221591760.000,0,-,-,-,-,3040.8000,3040.6000,3040.0000,3039.8000,3039.6000,3041.4000,3041.8000,3042.0000,3042.4000,3042.6000,1,1,5,2,1,1,1,1,2,1
SF,IH2001,2019-12-18 09:32:23.200,3041.4000,12254,0,222504180.000,1,0,1,多换,S,3040.8000,3040.6000,3040.0000,3039.6000,3039.4000,3041.8000,3042.0000,3042.4000,3042.6000,3043.6000,1,1,5,1,1,1,1,2,1,1
SF,IH2001,2019-12-18 09:32:23.700,3041.4000,12254,0,222504180.000,0,-,-,-,-,3041.0000,3040.8000,3040.6000,3040.0000,3039.6000,3041.6000,3041.8000,3042.0000,3042.4000,3042.6000,1,1,1,5,1,3,1,1,2,1
SF,IH2001,2019-12-18 09:32:24.200,3041.4000,12254,0,222504180.000,0,-,-,-,-,3041.0000,3040.8000,3040.6000,3040.0000,3039.6000,3041.6000,3041.8000,3042.0000,3042.4000,3042.6000,1,1,1,5,1,3,1,1,2,1
SF,IH2001,2019-12-18 09:32:24.700,3041.4000,12254,0,222504180.000,0,-,-,-,-,3041.0000,3040.8000,3040.6000,3040.0000,3039.6000,3041.6000,3041.8000,3042.0000,3042.4000,3042.6000,1,1,1,5,1,3,1,1,2,1
SF,IH2001,2019-12-18 09:32:25.200,3041.4000,12254,0,222504180.000,0,-,-,-,-,3041.0000,3040.8000,3040.6000,3040.0000,3039.4000,3041.6000,3041.8000,3042.0000,3042.4000,3042.6000,1,1,1,5,1,3,1,1,2,1
SF,IH2001,2019-12-18 09:32:25.700,3041.4000,12254,0,222504180.000,0,-,-,-,-,3041.0000,3040.8000,3040.6000,3040.0000,3039.4000,3041.6000,3041.8000,3042.0000,3042.4000,3042.6000,1,1,1,5,1,3,1,1,2,1
SF,IH2001,2019-12-18 09:32:26.200,3041.4000,12254,0,222504180.000,0,-,-,-,-,3041.0000,3040.8000,3040.6000,3040.0000,3039.4000,3041.8000,3042.0000,3042.4000,3042.6000,3043.6000,1,1,1,5,1,1,1,2,1,1
SF,IH2001,2019-12-18 09:32:26.700,3041.4000,12254,0,222504180.000,0,-,-,-,-,3041.0000,3040.8000,3040.6000,3040.0000,3039.4000,3041.8000,3042.0000,3042.4000,3042.6000,3043.6000,1,1,1,5,1,1,1,2,1,1
SF,IH2001,2019-12-18 09:32:27.200,3041.4000,12254,0,222504180.000,0,-,-,-,-,3041.0000,3040.8000,3040.6000,3040.0000,3039.4000,3041.8000,3042.0000,3042.4000,3042.6000,3043.6000,1,1,1,5,1,1,1,2,1,1
SF,IH2001,2019-12-18 09:32:27.700,3041.4000,12254,0,222504180.000,0,-,-,-,-,3041.0000,3040.8000,3040.6000,3040.0000,3039.4000,3041.8000,3042.0000,3042.4000,3042.6000,3043.6000,1,1,1,5,1,1,1,2,1,1
SF,IH2001,2019-12-18 09:32:28.200,3041.4000,12254,0,222504180.000,0,-,-,-,-,3040.8000,3040.6000,3040.0000,3039.4000,3039.2000,3041.6000,3041.8000,3042.0000,3042.4000,3042.6000,1,1,5,1,1,1,1,1,2,1
SF,IH2001,2019-12-18 09:32:28.700,3041.4000,12254,0,222504180.000,0,-,-,-,-,3041.2000,3040.8000,3040.6000,3040.0000,3039.4000,3041.6000,3041.8000,3042.0000,3042.4000,3042.6000,1,1,1,5,1,1,1,1,2,1
SF,IH2001,2019-12-18 09:32:29.200,3041.4000,12254,0,222504180.000,0,-,-,-,-,3041.2000,3041.0000,3040.8000,3040.6000,3040.0000,3041.8000,3042.0000,3042.4000,3042.6000,3043.6000,1,1,2,1,5,1,1,2,1,1
SF,IH2001,2019-12-18 09:32:29.700,3041.8000,12254,0,223416720.000,1,0,1,多换,S,3041.2000,3041.0000,3040.8000,3040.6000,3040.0000,3042.0000,3042.4000,3042.6000,3043.6000,3043.8000,1,1,2,1,5,1,2,1,1,1
SF,IH2001,2019-12-18 09:32:30.200,3041.8000,12254,0,223416720.000,0,-,-,-,-,3041.4000,3041.2000,3041.0000,3040.8000,3040.6000,3041.8000,3042.0000,3042.4000,3042.6000,3043.6000,1,1,1,2,1,2,1,2,1,1
SF,IH2001,2019-12-18 09:32:30.700,3041.8000,12254,0,223416720.000,0,-,-,-,-,3041.4000,3041.2000,3041.0000,3040.8000,3040.6000,3042.0000,3042.4000,3042.6000,3043.6000,3043.8000,1,1,1,2,1,1,2,1,1,1
SF,IH2001,2019-12-18 09:32:31.200,3041.8000,12254,0,223416720.000,0,-,-,-,-,3041.4000,3041.2000,3041.0000,3040.8000,3040.6000,3042.4000,3042.6000,3043.6000,3043.8000,3045.0000,1,2,1,2,1,2,1,1,1,2
SF,IH2001,2019-12-18 09:32:31.700,3041.8000,12254,0,223416720.000,0,-,-,-,-,3041.4000,3041.2000,3041.0000,3040.8000,3040.6000,3042.2000,3042.4000,3043.6000,3043.8000,3045.0000,1,2,1,2,1,2,2,1,1,2
SF,IH2001,2019-12-18 09:32:32.200,3041.8000,12254,0,223416720.000,0,-,-,-,-,3041.4000,3041.2000,3041.0000,3040.8000,3040.6000,3042.2000,3042.4000,3043.6000,3043.8000,3045.0000,1,2,1,2,1,2,2,1,1,2
SF,IH2001,2019-12-18 09:32:32.700,3041.8000,12254,0,223416720.000,0,-,-,-,-,3041.4000,3041.2000,3041.0000,3040.8000,3040.6000,3042.2000,3042.4000,3043.6000,3043.8000,3045.0000,1,2,1,2,1,2,1,1,1,2
SF,IH2001,2019-12-18 09:32:33.200,3041.8000,12254,0,223416720.000,0,-,-,-,-,3041.4000,3041.2000,3041.0000,3040.8000,3040.6000,3042.2000,3042.4000,3043.6000,3043.8000,3045.0000,1,2,1,2,1,2,1,1,1,2
SF,IH2001,2019-12-18 09:32:33.700,3042.0000,12254,0,224329320.000,1,0,1,多换,S,3041.4000,3041.2000,3041.0000,3040.8000,3040.6000,3042.4000,3043.6000,3043.8000,3045.0000,3045.8000,1,2,1,3,1,1,1,1,2,1
SF,IH2001,2019-12-18 09:32:34.200,3042.0000,12254,0,224329320.000,0,-,-,-,-,3041.4000,3041.2000,3041.0000,3040.8000,3040.6000,3042.4000,3042.6000,3043.6000,3043.8000,3045.0000,2,2,1,3,1,1,1,1,1,2
SF,IH2001,2019-12-18 09:32:34.700,3042.0000,12254,0,224329320.000,0,-,-,-,-,3041.4000,3041.2000,3040.8000,3040.6000,3040.0000,3042.0000,3042.2000,3042.4000,3042.6000,3043.6000,2,2,3,1,5,1,5,1,1,1
SF,IH2001,2019-12-18 09:32:35.200,3041.2000,12254,0,226154100.000,2,1,1,多换,S,3041.2000,3040.8000,3040.6000,3040.0000,3039.4000,3042.0000,3042.2000,3042.4000,3042.6000,3043.6000,1,3,1,5,1,1,5,1,1,1
SF,IH2001,2019-12-18 09:32:35.700,3041.2000,12254,0,226154100.000,0,-,-,-,-,3041.2000,3040.8000,3040.6000,3040.0000,3039.4000,3041.8000,3042.2000,3042.4000,3042.6000,3043.6000,1,3,1,5,1,1,6,1,1,1
SF,IH2001,2019-12-18 09:32:36.200,3041.8000,12253,-1,227066640.000,1,0,1,双平,S,3041.2000,3040.8000,3040.6000,3040.0000,3039.4000,3042.2000,3042.4000,3042.6000,3043.6000,3043.8000,1,3,1,5,1,6,1,1,1,1
SF,IH2001,2019-12-18 09:32:36.700,3042.0000,12252,-1,227979240.000,1,0,1,双平,S,3041.2000,3040.8000,3040.6000,3040.0000,3039.4000,3042.2000,3042.6000,3043.6000,3043.8000,3045.0000,1,3,1,5,1,5,1,1,1,2
SF,IH2001,2019-12-18 09:32:37.200,3042.0000,12252,0,227979240.000,0,-,-,-,-,3041.4000,3041.2000,3040.8000,3040.6000,3040.0000,3042.2000,3042.6000,3043.6000,3043.8000,3045.0000,1,1,3,1,5,5,1,1,1,2
SF,IH2001,2019-12-18 09:32:37.700,3042.0000,12252,0,227979240.000,0,-,-,-,-,3041.4000,3041.2000,3040.8000,3040.6000,3040.0000,3042.0000,3042.2000,3042.6000,3043.6000,3043.8000,1,1,3,1,5,1,5,1,1,1
SF,IH2001,2019-12-18 09:32:39.200,3042.0000,12252,0,227979240.000,0,-,-,-,-,3041.4000,3041.2000,3040.8000,3040.6000,3040.0000,3042.0000,3042.2000,3042.6000,3043.6000,3043.8000,1,1,3,1,5,1,4,1,1,1
SF,IH2001,2019-12-18 09:32:39.700,3042.0000,12252,0,227979240.000,0,-,-,-,-,3041.4000,3041.2000,3040.8000,3040.6000,3040.0000,3042.2000,3042.6000,3043.6000,3043.8000,3045.0000,1,1,3,1,5,3,1,1,1,2
SF,IH2001,2019-12-18 09:32:40.200,3042.0000,12252,0,227979240.000,0,-,-,-,-,3041.6000,3040.8000,3040.6000,3040.0000,3039.4000,3042.0000,3042.2000,3042.6000,3043.6000,3043.8000,1,3,1,5,1,1,3,1,1,1
SF,IH2001,2019-12-18 09:32:40.700,3041.6000,12251,-1,228891720.000,1,0,1,双平,S,3040.8000,3040.6000,3040.0000,3039.4000,3039.2000,3042.0000,3042.2000,3042.6000,3043.6000,3043.8000,3,1,5,1,1,1,3,1,1,1
SF,IH2001,2019-12-18 09:32:41.200,3041.6000,12250,-1,229804200.000,1,0,1,双平,S,3041.0000,3040.8000,3040.6000,3040.0000,3039.4000,3042.2000,3042.6000,3043.6000,3043.8000,3045.0000,1,3,1,5,1,3,1,1,1,2
SF,IH2001,2019-12-18 09:32:41.700,3041.6000,12250,0,229804200.000,0,-,-,-,-,3041.0000,3040.8000,3040.6000,3040.0000,3039.4000,3042.0000,3042.2000,3042.6000,3043.6000,3043.8000,1,3,1,5,1,2,3,1,1,1
SF,IH2001,2019-12-18 09:32:42.200,3041.6000,12250,0,229804200.000,0,-,-,-,-,3041.0000,3040.8000,3040.6000,3040.0000,3039.4000,3042.0000,3042.2000,3042.6000,3043.6000,3043.8000,1,3,1,5,1,2,3,1,1,1
SF,IH2001,2019-12-18 09:32:42.700,3041.8000,12249,-1,230716740.000,1,0,1,双平,S,3041.0000,3040.8000,3040.6000,3040.0000,3039.4000,3042.0000,3042.2000,3042.6000,3043.6000,3043.8000,1,3,1,5,1,2,3,1,1,1
SF,IH2001,2019-12-18 09:32:43.200,3041.8000,12249,0,231629280.000,1,0,1,多换,S,3041.0000,3040.8000,3040.6000,3040.0000,3039.4000,3042.0000,3042.2000,3042.6000,3043.6000,3043.8000,1,3,1,5,1,1,3,1,1,1
SF,IH2001,2019-12-18 09:32:43.700,3042.0000,12248,-1,232541880.000,1,0,1,双平,S,3042.0000,3041.0000,3040.8000,3040.6000,3040.0000,3042.2000,3042.6000,3043.6000,3043.8000,3045.0000,1,1,3,1,5,3,1,1,1,2
SF,IH2001,2019-12-18 09:32:44.200,3042.0000,12248,0,233454480.000,1,0,1,多换,S,3040.8000,3040.6000,3040.0000,3039.4000,3039.2000,3042.2000,3042.6000,3043.6000,3043.8000,3045.0000,3,1,5,1,1,3,1,1,1,2
SF,IH2001,2019-12-18 09:32:44.700,3042.0000,12248,0,233454480.000,0,-,-,-,-,3041.0000,3040.8000,3040.6000,3040.0000,3039.4000,3042.2000,3042.6000,3043.6000,3043.8000,3045.0000,2,4,1,5,1,3,1,1,1,2
SF,IH2001,2019-12-18 09:32:45.200,3042.0000,12248,0,233454480.000,0,-,-,-,-,3041.2000,3041.0000,3040.8000,3040.6000,3040.0000,3042.2000,3042.6000,3043.6000,3043.8000,3045.0000,1,2,4,1,5,2,1,1,1,2
SF,IH2001,2019-12-18 09:32:45.700,3042.0000,12248,0,233454480.000,0,-,-,-,-,3041.4000,3041.2000,3041.0000,3040.8000,3040.6000,3042.2000,3042.6000,3043.6000,3043.8000,3045.0000,1,1,2,4,1,2,1,1,1,2
SF,IH2001,2019-12-18 09:32:46.200,3042.2000,12246,-2,235279800.000,2,0,2,双平,S,3041.4000,3041.2000,3041.0000,3040.8000,3040.6000,3042.6000,3043.6000,3043.8000,3045.0000,3045.8000,1,1,3,4,1,1,1,1,2,1
SF,IH2001,2019-12-18 09:32:46.700,3042.2000,12246,0,235279800.000,0,-,-,-,-,3041.4000,3041.2000,3041.0000,3040.8000,3040.6000,3042.6000,3043.6000,3043.8000,3045.0000,3045.8000,1,1,3,4,1,1,1,1,2,1
SF,IH2001,2019-12-18 09:32:47.200,3042.2000,12246,0,235279800.000,0,-,-,-,-,3041.4000,3041.2000,3041.0000,3040.8000,3040.6000,3042.6000,3043.6000,3043.8000,3045.0000,3045.8000,1,1,3,4,1,1,1,1,2,1
SF,IH2001,2019-12-18 09:32:47.700,3042.2000,12246,0,235279800.000,0,-,-,-,-,3041.4000,3041.2000,3041.0000,3040.8000,3040.6000,3042.6000,3043.6000,3043.8000,3045.0000,3045.8000,1,1,3,4,1,1,1,1,2,1
SF,IH2001,2019-12-18 09:32:48.200,3042.6000,12246,0,237105300.000,2,1,1,多换,S,3041.4000,3041.2000,3041.0000,3040.8000,3040.6000,3043.6000,3043.8000,3045.0000,3045.8000,3046.0000,1,1,3,4,1,1,1,3,1,1
SF,IH2001,2019-12-18 09:32:48.700,3042.6000,12246,0,237105300.000,0,-,-,-,-,3041.6000,3041.4000,3041.0000,3040.8000,3040.6000,3042.8000,3043.0000,3043.2000,3043.4000,3043.6000,3,1,3,4,1,1,1,1,3,1
SF,IH2001,2019-12-18 09:32:49.200,3042.6000,12246,0,237105300.000,0,-,-,-,-,3041.8000,3041.6000,3041.4000,3041.0000,3040.8000,3042.8000,3043.0000,3043.2000,3043.4000,3043.6000,3,2,1,3,4,1,1,1,3,1
SF,IH2001,2019-12-18 09:32:49.700,3043.0000,12244,-2,238931040.000,2,0,2,双平,S,3042.8000,3042.0000,3041.8000,3041.4000,3041.0000,3043.6000,3043.8000,3045.0000,3045.8000,3046.0000,1,1,14,1,3,1,1,3,1,1
SF,IH2001,2019-12-18 09:32:50.200,3043.0000,12244,0,238931040.000,0,-,-,-,-,3042.8000,3042.0000,3041.8000,3041.6000,3041.4000,3043.6000,3045.0000,3045.4000,3045.8000,3046.0000,1,1,14,1,1,1,3,1,1,1
SF,IH2001,2019-12-18 09:32:50.700,3043.0000,12244,0,238931040.000,0,-,-,-,-,3042.8000,3042.0000,3041.8000,3041.6000,3041.4000,3043.4000,3043.6000,3045.0000,3045.4000,3045.8000,1,1,14,1,1,1,1,3,1,1
SF,IH2001,2019-12-18 09:32:51.200,3043.0000,12244,0,238931040.000,0,-,-,-,-,3042.8000,3042.2000,3042.0000,3041.8000,3041.6000,3043.4000,3043.6000,3045.0000,3045.4000,3045.8000,1,1,1,3,1,1,1,3,1,1
SF,IH2001,2019-12-18 09:32:51.700,3043.4000,12244,0,239844060.000,1,0,1,多换,S,3042.8000,3042.2000,3042.0000,3041.8000,3041.6000,3043.6000,3045.0000,3045.4000,3045.8000,3046.0000,1,1,1,3,1,1,3,1,1,1
SF,IH2001,2019-12-18 09:32:52.200,3043.4000,12244,0,239844060.000,0,-,-,-,-,3043.0000,3042.8000,3042.2000,3042.0000,3041.8000,3043.6000,3045.0000,3045.4000,3045.8000,3046.0000,1,1,1,1,3,1,3,1,1,1
SF,IH2001,2019-12-18 09:32:52.700,3043.4000,12244,0,239844060.000,0,-,-,-,-,3043.0000,3042.8000,3042.2000,3042.0000,3041.8000,3043.6000,3045.0000,3045.4000,3045.8000,3046.0000,1,1,1,1,3,1,3,1,1,1
SF,IH2001,2019-12-18 09:32:53.200,3042.8000,12242,-2,243495720.000,4,1,3,多平,S,3042.2000,3042.0000,3041.8000,3041.6000,3041.0000,3043.6000,3045.0000,3045.4000,3045.8000,3046.0000,1,1,2,1,2,1,3,1,1,1
SF,IH2001,2019-12-18 09:32:53.700,3042.8000,12242,0,243495720.000,0,-,-,-,-,3043.2000,3042.4000,3042.2000,3041.6000,3041.0000,3043.6000,3045.0000,3045.4000,3045.8000,3046.0000,1,2,1,2,2,1,3,1,1,1
SF,IH2001,2019-12-18 09:32:54.200,3043.2000,12241,-1,245321760.000,2,0,2,多平,S,3042.4000,3042.2000,3041.6000,3041.0000,3040.8000,3045.0000,3045.4000,3045.8000,3046.0000,3046.6000,2,1,2,2,3,3,1,1,1,2
SF,IH2001,2019-12-18 09:32:54.700,3043.2000,12241,0,245321760.000,0,-,-,-,-,3042.8000,3042.6000,3042.4000,3042.2000,3041.6000,3043.8000,3044.2000,3044.6000,3044.8000,3045.0000,1,4,2,2,2,2,2,1,6,7
SF,IH2001,2019-12-18 09:32:55.200,3043.2000,12241,0,245321760.000,0,-,-,-,-,3042.2000,3041.6000,3041.0000,3040.8000,3040.6000,3043.6000,3043.8000,3044.2000,3044.6000,3044.8000,2,2,2,3,1,1,1,2,1,5
SF,IH2001,2019-12-18 09:32:55.700,3043.2000,12241,0,245321760.000,0,-,-,-,-,3042.2000,3041.6000,3041.0000,3040.8000,3040.6000,3043.6000,3043.8000,3044.2000,3044.6000,3044.8000,1,2,2,3,1,1,1,2,1,5
SF,IH2001,2019-12-18 09:32:56.200,3043.2000,12241,0,245321760.000,0,-,-,-,-,3042.4000,3042.2000,3041.6000,3041.0000,3040.8000,3043.6000,3043.8000,3044.2000,3044.6000,3044.8000,1,1,2,2,2,1,1,2,1,3
SF,IH2001,2019-12-18 09:32:56.700,3043.2000,12241,0,245321760.000,0,-,-,-,-,3042.6000,3042.4000,3042.2000,3041.6000,3041.0000,3043.6000,3043.8000,3044.2000,3044.6000,3044.8000,1,1,1,2,2,1,1,2,1,3
SF,IH2001,2019-12-18 09:32:57.200,3042.8000,12241,0,246234600.000,1,0,1,多换,S,3042.6000,3042.4000,3042.2000,3041.6000,3041.0000,3043.6000,3043.8000,3044.2000,3044.6000,3044.8000,1,1,1,2,2,1,1,2,1,3
SF,IH2001,2019-12-18 09:32:57.700,3042.8000,12241,0,246234600.000,0,-,-,-,-,3043.0000,3042.6000,3042.2000,3041.6000,3041.0000,3043.4000,3043.6000,3043.8000,3044.2000,3044.6000,1,1,1,2,2,1,1,1,2,1
SF,IH2001,2019-12-18 09:32:58.200,3042.8000,12241,0,246234600.000,0,-,-,-,-,3043.0000,3042.6000,3042.2000,3042.0000,3041.6000,3043.4000,3043.6000,3043.8000,3044.2000,3044.6000,1,1,1,1,2,1,1,2,2,1
SF,IH2001,2019-12-18 09:32:58.700,3042.8000,12241,0,246234600.000,0,-,-,-,-,3043.0000,3042.6000,3042.2000,3042.0000,3041.6000,3043.4000,3043.6000,3043.8000,3044.2000,3044.6000,1,1,1,1,2,1,1,2,2,1
SF,IH2001,2019-12-18 09:32:59.200,3043.4000,12240,-1,247147620.000,1,0,1,双平,S,3043.0000,3042.6000,3042.2000,3042.0000,3041.6000,3043.6000,3043.8000,3044.2000,3044.6000,3044.8000,4,1,1,1,2,1,2,2,1,3
SF,IH2001,2019-12-18 09:32:59.700,3043.0000,12241,1,248060520.000,1,1,0,双开,S,3043.0000,3042.6000,3042.2000,3042.0000,3041.8000,3043.6000,3043.8000,3044.2000,3044.6000,3044.8000,3,1,1,1,1,1,2,2,1,3
SF,IH2001,2019-12-18 09:33:00.200,3043.0000,12238,-3,250799220.000,3,0,3,双平,S,3042.6000,3042.2000,3042.0000,3041.8000,3041.6000,3043.6000,3043.8000,3044.2000,3044.6000,3044.8000,1,1,1,1,2,1,2,2,1,3
SF,IH2001,2019-12-18 09:33:00.700,3043.0000,12238,0,250799220.000,0,-,-,-,-,3042.6000,3042.2000,3042.0000,3041.8000,3041.6000,3042.8000,3043.0000,3043.6000,3043.8000,3044.2000,1,1,1,1,2,1,2,1,2,2
SF,IH2001,2019-12-18 09:33:01.200,3042.6000,12238,0,251712000.000,1,0,1,多换,S,3042.6000,3042.2000,3042.0000,3041.8000,3041.6000,3042.8000,3043.0000,3043.4000,3043.6000,3043.8000,1,1,1,1,2,1,2,1,1,2
SF,IH2001,2019-12-18 09:33:01.700,3042.0000,12239,1,254450040.000,3,2,1,空开,S,3041.8000,3041.6000,3041.0000,3040.8000,3040.6000,3042.2000,3042.4000,3042.6000,3042.8000,3043.0000,1,2,2,2,1,2,2,1,1,1
SF,IH2001,2019-12-18 09:33:02.200,3041.6000,12239,0,256275060.000,2,1,1,多换,S,3041.0000,3040.8000,3040.6000,3040.0000,3039.4000,3041.6000,3041.8000,3042.0000,3042.2000,3042.4000,2,2,1,5,1,1,1,1,2,2
SF,IH2001,2019-12-18 09:33:02.700,3041.6000,12237,-2,260837520.000,5,1,4,多平,S,3041.6000,3041.2000,3041.0000,3040.8000,3040.6000,3042.2000,3042.4000,3042.6000,3043.0000,3043.6000,1,1,2,2,1,1,2,2,1,1
SF,IH2001,2019-12-18 09:33:03.200,3042.2000,12236,-1,261750180.000,1,0,1,双平,S,3042.2000,3041.8000,3041.6000,3041.2000,3041.0000,3042.6000,3043.0000,3043.2000,3043.6000,3043.8000,1,4,2,1,2,2,1,1,1,2
SF,IH2001,2019-12-18 09:33:03.700,3042.2000,12236,0,262662840.000,1,0,1,多换,S,3041.8000,3041.6000,3041.2000,3041.0000,3040.8000,3042.6000,3043.0000,3043.2000,3043.6000,3043.8000,4,1,1,2,2,2,1,1,1,2
SF,IH2001,2019-12-18 09:33:04.200,3042.2000,12236,0,262662840.000,0,-,-,-,-,3042.0000,3041.8000,3041.6000,3041.2000,3041.0000,3042.6000,3043.0000,3043.2000,3043.6000,3043.8000,1,4,1,1,2,1,1,1,1,2
SF,IH2001,2019-12-18 09:33:04.700,3042.6000,12236,0,263575620.000,1,0,1,多换,S,3042.6000,3042.0000,3041.8000,3041.6000,3041.2000,3043.2000,3043.6000,3043.8000,3044.2000,3045.0000,1,1,4,1,1,1,1,2,2,4
SF,IH2001,2019-12-18 09:33:05.200,3042.6000,12236,0,263575620.000,0,-,-,-,-,3042.6000,3041.8000,3041.6000,3041.2000,3041.0000,3043.0000,3043.2000,3043.6000,3043.8000,3044.2000,1,3,1,1,2,1,1,1,2,2
SF,IH2001,2019-12-18 09:33:05.700,3042.6000,12236,0,263575620.000,0,-,-,-,-,3042.6000,3041.8000,3041.6000,3041.2000,3041.0000,3043.0000,3043.2000,3043.6000,3043.8000,3044.2000,1,3,1,1,2,1,1,1,2,2
SF,IH2001,2019-12-18 09:33:06.200,3042.6000,12236,0,264488400.000,1,0,1,多换,S,3041.8000,3041.6000,3041.2000,3041.0000,3040.8000,3042.6000,3043.0000,3043.2000,3043.6000,3043.8000,1,1,1,2,2,1,1,1,1,2
SF,IH2001,2019-12-18 09:33:06.700,3042.6000,12236,0,264488400.000,0,-,-,-,-,3042.0000,3041.8000,3041.6000,3041.2000,3041.0000,3042.4000,3043.2000,3043.6000,3043.8000,3044.2000,1,1,1,1,2,1,1,1,2,2
SF,IH2001,2019-12-18 09:33:07.700,3042.4000,12237,1,265401120.000,1,1,0,双开,S,3042.0000,3041.8000,3041.6000,3041.2000,3041.0000,3043.2000,3043.6000,3043.8000,3044.2000,3045.0000,1,1,1,1,2,1,1,2,2,4
SF,IH2001,2019-12-18 09:33:08.200,3042.2000,12237,0,266313780.000,1,0,1,多换,S,3042.0000,3041.8000,3041.6000,3041.2000,3041.0000,3043.0000,3043.2000,3043.8000,3044.2000,3045.0000,3,1,1,1,2,2,1,1,2,4
SF,IH2001,2019-12-18 09:33:08.700,3042.2000,12237,0,266313780.000,0,-,-,-,-,3042.0000,3041.8000,3041.6000,3041.2000,3041.0000,3043.0000,3043.2000,3043.8000,3044.2000,3045.0000,3,1,1,1,2,2,1,1,2,4
SF,IH2001,2019-12-18 09:33:09.200,3042.2000,12237,0,266313780.000,0,-,-,-,-,3042.0000,3041.8000,3041.6000,3041.2000,3041.0000,3043.0000,3043.2000,3043.8000,3044.2000,3045.0000,3,1,1,1,2,1,1,1,2,4
SF,IH2001,2019-12-18 09:33:09.700,3042.2000,12237,0,266313780.000,0,-,-,-,-,3042.2000,3042.0000,3041.8000,3041.6000,3041.2000,3043.2000,3043.8000,3044.2000,3045.0000,3045.8000,2,3,1,1,1,1,1,2,4,1
SF,IH2001,2019-12-18 09:33:10.200,3042.2000,12237,0,266313780.000,0,-,-,-,-,3042.2000,3042.0000,3041.8000,3041.6000,3041.2000,3043.2000,3043.8000,3044.2000,3045.0000,3045.8000,3,3,1,1,1,1,1,2,4,1
SF,IH2001,2019-12-18 09:33:10.700,3042.2000,12237,0,266313780.000,0,-,-,-,-,3042.2000,3042.0000,3041.8000,3041.6000,3041.2000,3043.2000,3043.8000,3044.2000,3045.0000,3045.8000,3,3,1,1,1,1,1,2,4,1
SF,IH2001,2019-12-18 09:33:11.200,3042.2000,12237,0,266313780.000,0,-,-,-,-,3042.0000,3041.8000,3041.6000,3041.2000,3041.0000,3042.8000,3043.0000,3043.2000,3043.8000,3044.2000,3,1,1,1,2,1,3,1,1,2
SF,IH2001,2019-12-18 09:33:11.700,3042.0000,12237,0,267226380.000,1,0,1,多换,S,3042.0000,3041.8000,3041.6000,3041.2000,3041.0000,3042.8000,3043.0000,3043.2000,3043.8000,3044.2000,2,1,1,1,2,1,3,1,1,2
SF,IH2001,2019-12-18 09:33:12.200,3041.8000,12235,-2,269964120.000,3,0,3,多平,S,3041.6000,3041.2000,3041.0000,3040.8000,3040.6000,3042.4000,3042.6000,3042.8000,3043.0000,3043.2000,1,1,2,1,1,1,1,2,2,1
SF,IH2001,2019-12-18 09:33:12.700,3041.8000,12235,0,269964120.000,0,-,-,-,-,3042.2000,3041.6000,3041.2000,3041.0000,3040.8000,3042.8000,3043.2000,3043.8000,3044.2000,3045.0000,1,1,1,2,1,2,1,1,2,4
SF,IH2001,2019-12-18 09:33:13.200,3042.2000,12234,-1,270876780.000,1,0,1,双平,S,3041.6000,3041.2000,3041.0000,3040.8000,3040.6000,3042.8000,3043.2000,3043.8000,3044.2000,3045.0000,1,1,2,1,1,2,1,1,2,4
SF,IH2001,2019-12-18 09:33:13.700,3042.2000,12234,0,270876780.000,0,-,-,-,-,3041.6000,3041.2000,3041.0000,3040.8000,3040.6000,3042.2000,3042.6000,3042.8000,3043.2000,3043.8000,1,2,2,1,1,1,1,2,1,1
SF,IH2001,2019-12-18 09:33:14.200,3042.2000,12234,0,270876780.000,0,-,-,-,-,3041.6000,3041.2000,3041.0000,3040.8000,3040.6000,3042.2000,3042.6000,3042.8000,3043.0000,3043.2000,1,2,2,1,1,1,1,2,1,1
SF,IH2001,2019-12-18 09:33:14.700,3042.2000,12234,0,270876780.000,0,-,-,-,-,3041.6000,3041.2000,3041.0000,3040.8000,3040.6000,3042.2000,3042.6000,3042.8000,3043.0000,3043.2000,1,2,2,1,1,1,1,2,1,1
SF,IH2001,2019-12-18 09:33:15.200,3042.2000,12233,-1,271789440.000,1,0,1,双平,S,3041.8000,3041.6000,3041.2000,3041.0000,3040.8000,3042.8000,3043.0000,3043.2000,3043.8000,3044.2000,1,1,1,2,1,2,1,1,1,2
SF,IH2001,2019-12-18 09:33:15.700,3042.2000,12233,0,271789440.000,0,-,-,-,-,3041.8000,3041.6000,3041.2000,3041.0000,3040.8000,3042.6000,3042.8000,3043.0000,3043.2000,3043.8000,1,1,1,2,1,1,2,1,1,1
SF,IH2001,2019-12-18 09:33:16.200,3041.8000,12232,-1,272701980.000,1,0,1,双平,S,3041.6000,3041.2000,3041.0000,3040.8000,3040.6000,3042.6000,3042.8000,3043.0000,3043.2000,3043.8000,1,1,2,1,1,1,2,1,1,1
SF,IH2001,2019-12-18 09:33:16.700,3041.8000,12232,0,272701980.000,0,-,-,-,-,3041.6000,3041.2000,3041.0000,3040.8000,3040.6000,3042.6000,3042.8000,3043.0000,3043.2000,3043.8000,1,1,2,1,1,1,2,1,1,1
SF,IH2001,2019-12-18 09:33:17.200,3041.8000,12232,0,272701980.000,0,-,-,-,-,3041.6000,3041.2000,3041.0000,3040.8000,3040.6000,3042.4000,3042.6000,3042.8000,3043.0000,3043.2000,1,1,2,1,1,1,2,2,1,1
SF,IH2001,2019-12-18 09:33:17.700,3041.8000,12232,0,272701980.000,0,-,-,-,-,3041.8000,3041.6000,3041.2000,3041.0000,3040.8000,3042.4000,3042.6000,3042.8000,3043.0000,3043.2000,1,1,1,2,1,2,1,2,1,1
SF,IH2001,2019-12-18 09:33:18.200,3042.4000,12233,1,273614700.000,1,1,0,双开,S,3041.8000,3041.6000,3041.2000,3041.0000,3040.8000,3042.4000,3042.8000,3043.0000,3043.2000,3043.8000,1,1,1,2,1,1,2,1,1,1
SF,IH2001,2019-12-18 09:33:18.700,3042.4000,12232,-1,274527420.000,1,0,1,双平,S,3042.6000,3042.4000,3041.8000,3041.6000,3041.2000,3042.8000,3043.0000,3043.2000,3043.8000,3044.2000,1,2,1,1,1,2,1,1,1,2
SF,IH2001,2019-12-18 09:33:19.200,3043.0000,12232,0,276353160.000,2,1,1,多换,S,3042.6000,3042.4000,3041.8000,3041.6000,3041.2000,3043.8000,3044.2000,3045.0000,3045.2000,3045.8000,1,3,2,1,1,1,2,4,2,1
SF,IH2001,2019-12-18 09:33:19.700,3043.0000,12232,0,276353160.000,0,-,-,-,-,3042.6000,3042.4000,3041.8000,3041.6000,3041.2000,3043.2000,3043.6000,3043.8000,3044.2000,3045.0000,1,3,2,2,1,1,2,1,2,4
SF,IH2001,2019-12-18 09:33:20.200,3043.2000,12232,0,277266120.000,1,0,1,多换,S,3042.6000,3042.4000,3041.8000,3041.6000,3041.2000,3043.6000,3043.8000,3044.2000,3045.0000,3045.2000,1,3,1,2,1,3,1,2,4,2
SF,IH2001,2019-12-18 09:33:20.700,3043.2000,12232,0,277266120.000,0,-,-,-,-,3042.6000,3042.4000,3042.0000,3041.8000,3041.6000,3043.6000,3043.8000,3044.2000,3045.0000,3045.2000,1,2,1,1,2,1,1,2,4,2
SF,IH2001,2019-12-18 09:33:21.200,3043.2000,12232,0,277266120.000,0,-,-,-,-,3042.8000,3042.6000,3042.4000,3042.0000,3041.8000,3043.6000,3043.8000,3044.2000,3045.0000,3045.2000,2,1,2,1,1,1,1,2,4,2
SF,IH2001,2019-12-18 09:33:21.700,3043.2000,12232,0,277266120.000,0,-,-,-,-,3042.4000,3042.0000,3041.8000,3041.6000,3041.2000,3043.6000,3043.8000,3044.2000,3045.0000,3045.2000,2,1,1,2,1,1,1,2,4,2
SF,IH2001,2019-12-18 09:33:22.200,3043.2000,12232,0,277266120.000,0,-,-,-,-,3042.6000,3042.4000,3042.0000,3041.8000,3041.6000,3043.8000,3044.2000,3045.0000,3045.2000,3045.8000,3,2,1,1,2,1,2,4,2,1
SF,IH2001,2019-12-18 09:33:22.700,3043.2000,12232,0,277266120.000,0,-,-,-,-,3042.6000,3042.4000,3042.0000,3041.8000,3041.6000,3043.6000,3043.8000,3044.2000,3045.0000,3045.2000,3,2,1,1,2,1,1,2,4,2
SF,IH2001,2019-12-18 09:33:23.200,3042.4000,12230,-2,280004400.000,3,0,3,多平,S,3042.0000,3041.8000,3041.6000,3041.2000,3041.0000,3043.6000,3043.8000,3044.2000,3045.0000,3045.2000,1,1,2,1,2,2,1,2,4,2
SF,IH2001,2019-12-18 09:33:23.700,3042.4000,12230,0,280004400.000,0,-,-,-,-,3042.2000,3042.0000,3041.8000,3041.6000,3041.2000,3042.6000,3043.4000,3043.6000,3043.8000,3044.2000,3,1,1,3,1,1,1,2,1,2
SF,IH2001,2019-12-18 09:33:24.200,3042.6000,12229,-1,280917180.000,1,0,1,双平,S,3042.0000,3041.8000,3041.6000,3041.2000,3041.0000,3043.4000,3043.6000,3043.8000,3044.2000,3045.0000,1,1,3,1,2,1,1,1,2,4
SF,IH2001,2019-12-18 09:33:24.700,3042.6000,12229,0,280917180.000,0,-,-,-,-,3042.6000,3042.2000,3042.0000,3041.8000,3041.6000,3043.2000,3043.4000,3043.8000,3044.2000,3045.0000,1,2,2,1,3,3,1,1,2,4
SF,IH2001,2019-12-18 09:33:25.200,3042.6000,12229,0,280917180.000,0,-,-,-,-,3042.6000,3042.0000,3041.8000,3041.6000,3041.2000,3043.2000,3043.8000,3044.2000,3045.0000,3045.2000,1,2,1,3,1,2,1,2,4,2
SF,IH2001,2019-12-18 09:33:25.700,3042.6000,12229,0,280917180.000,0,-,-,-,-,3042.6000,3042.0000,3041.8000,3041.6000,3041.2000,3043.0000,3043.2000,3043.8000,3044.2000,3045.0000,1,2,1,3,1,1,1,1,2,4
SF,IH2001,2019-12-18 09:33:26.200,3042.6000,12229,0,280917180.000,0,-,-,-,-,3042.6000,3042.0000,3041.8000,3041.6000,3041.2000,3043.0000,3043.2000,3043.8000,3044.2000,3045.0000,1,2,1,3,1,1,1,1,2,4
SF,IH2001,2019-12-18 09:33:27.200,3043.0000,12229,0,281830080.000,1,0,1,多换,S,3042.0000,3041.8000,3041.6000,3041.2000,3041.0000,3043.2000,3043.8000,3044.2000,3045.0000,3045.2000,2,1,3,1,2,1,1,2,4,2
SF,IH2001,2019-12-18 09:33:27.700,3043.0000,12229,0,281830080.000,0,-,-,-,-,3042.2000,3042.0000,3041.8000,3041.6000,3041.2000,3043.2000,3043.8000,3044.2000,3045.0000,3045.2000,3,2,1,3,1,1,1,2,4,2
SF,IH2001,2019-12-18 09:33:28.200,3043.0000,12229,0,281830080.000,0,-,-,-,-,3042.4000,3042.2000,3042.0000,3041.8000,3041.6000,3043.2000,3043.8000,3044.2000,3045.0000,3045.2000,1,3,2,1,3,1,1,2,4,2
SF,IH2001,2019-12-18 09:33:28.700,3043.0000,12229,0,281830080.000,0,-,-,-,-,3042.4000,3042.2000,3042.0000,3041.8000,3041.6000,3043.2000,3043.8000,3044.2000,3045.0000,3045.2000,1,3,2,1,3,1,1,2,4,2
SF,IH2001,2019-12-18 09:33:29.200,3043.0000,12229,0,281830080.000,0,-,-,-,-,3042.6000,3042.4000,3042.2000,3042.0000,3041.8000,3043.2000,3043.8000,3044.2000,3045.0000,3045.2000,1,1,3,2,1,1,1,2,4,2
SF,IH2001,2019-12-18 09:33:29.700,3043.0000,12229,0,281830080.000,0,-,-,-,-,3042.6000,3042.4000,3042.2000,3042.0000,3041.8000,3043.2000,3043.8000,3044.2000,3045.0000,3045.2000,1,1,2,2,1,1,1,2,4,2
SF,IH2001,2019-12-18 09:33:31.200,3043.0000,12229,0,281830080.000,0,-,-,-,-,3042.4000,3042.2000,3042.0000,3041.8000,3041.6000,3043.0000,3043.2000,3043.8000,3044.2000,3045.0000,1,2,3,1,3,1,1,1,2,4
SF,IH2001,2019-12-18 09:33:32.200,3043.0000,12229,0,281830080.000,0,-,-,-,-,3042.4000,3042.2000,3042.0000,3041.8000,3041.6000,3043.0000,3043.2000,3043.8000,3044.2000,3045.0000,1,2,3,1,3,1,1,1,2,4
SF,IH2001,2019-12-18 09:33:32.700,3043.0000,12229,0,281830080.000,0,-,-,-,-,3042.4000,3042.2000,3042.0000,3041.8000,3041.6000,3043.2000,3043.8000,3044.2000,3045.0000,3045.2000,1,2,3,1,3,1,1,2,4,2
SF,IH2001,2019-12-18 09:33:33.200,3042.4000,12229,0,282742800.000,1,0,1,多换,S,3042.0000,3041.8000,3041.6000,3041.2000,3041.0000,3043.0000,3043.2000,3043.8000,3044.2000,3045.0000,3,1,3,1,2,1,2,1,2,4
SF,IH2001,2019-12-18 09:33:33.700,3042.4000,12229,0,282742800.000,0,-,-,-,-,3042.0000,3041.8000,3041.6000,3041.2000,3041.0000,3043.0000,3043.2000,3043.8000,3044.2000,3045.0000,3,1,3,1,2,1,1,1,2,4
SF,IH2001,2019-12-18 09:33:34.200,3042.8000,12232,3,285481320.000,3,3,0,双开,S,3043.0000,3042.2000,3042.0000,3041.8000,3041.6000,3043.2000,3043.8000,3044.2000,3045.0000,3045.2000,4,3,3,1,3,1,2,2,4,2
SF,IH2001,2019-12-18 09:33:34.700,3043.2000,12232,0,286394280.000,1,0,1,多换,S,3043.2000,3043.0000,3042.2000,3042.0000,3041.8000,3043.8000,3044.2000,3045.0000,3045.2000,3045.8000,1,4,3,3,1,2,2,4,2,1
SF,IH2001,2019-12-18 09:33:35.200,3043.0000,12231,-1,289133040.000,3,1,2,多平,S,3043.0000,3042.2000,3042.0000,3041.8000,3041.6000,3043.2000,3043.6000,3043.8000,3044.2000,3045.0000,2,3,3,1,3,1,1,2,2,4
SF,IH2001,2019-12-18 09:33:35.700,3043.0000,12231,0,290045940.000,1,0,1,多换,S,3043.0000,3042.2000,3042.0000,3041.8000,3041.6000,3043.2000,3043.8000,3044.2000,3045.0000,3045.2000,1,2,3,1,3,1,2,2,4,2
SF,IH2001,2019-12-18 09:33:36.200,3043.0000,12232,1,290958840.000,1,1,0,双开,S,3042.2000,3042.0000,3041.8000,3041.6000,3041.2000,3043.0000,3043.2000,3043.8000,3044.2000,3045.0000,2,3,1,3,1,1,1,2,2,4
SF,IH2001,2019-12-18 09:33:36.700,3043.0000,12229,-3,293697600.000,3,0,3,双平,S,3042.4000,3042.2000,3042.0000,3041.8000,3041.6000,3043.8000,3044.2000,3045.0000,3045.2000,3045.8000,2,2,3,1,3,2,2,4,2,1
SF,IH2001,2019-12-18 09:33:37.200,3043.0000,12229,0,293697600.000,0,-,-,-,-,3042.4000,3042.2000,3042.0000,3041.8000,3041.6000,3043.8000,3044.2000,3045.0000,3045.2000,3045.8000,2,2,3,1,3,2,2,4,2,1
SF,IH2001,2019-12-18 09:33:37.700,3043.0000,12229,0,293697600.000,0,-,-,-,-,3042.4000,3042.2000,3042.0000,3041.8000,3041.6000,3043.8000,3044.2000,3045.0000,3045.2000,3045.8000,3,2,3,1,3,2,2,4,2,1
SF,IH2001,2019-12-18 09:33:38.200,3043.0000,12229,0,293697600.000,0,-,-,-,-,3042.4000,3042.2000,3042.0000,3041.8000,3041.6000,3043.8000,3044.2000,3045.0000,3045.2000,3045.8000,3,2,3,1,3,2,2,4,2,1
SF,IH2001,2019-12-18 09:33:38.700,3043.0000,12229,0,293697600.000,0,-,-,-,-,3042.4000,3042.2000,3042.0000,3041.8000,3041.6000,3043.8000,3044.2000,3045.0000,3045.2000,3045.8000,3,2,3,2,3,2,2,4,2,1
SF,IH2001,2019-12-18 09:33:39.200,3043.0000,12229,0,293697600.000,0,-,-,-,-,3042.4000,3042.2000,3042.0000,3041.8000,3041.6000,3043.8000,3044.2000,3045.0000,3045.2000,3045.8000,3,1,3,2,3,2,2,4,2,1
SF,IH2001,2019-12-18 09:33:39.700,3043.0000,12229,0,293697600.000,0,-,-,-,-,3042.6000,3042.4000,3042.2000,3042.0000,3041.8000,3043.2000,3043.4000,3043.6000,3043.8000,3044.2000,1,3,1,3,2,2,1,1,2,2
SF,IH2001,2019-12-18 09:33:40.200,3043.2000,12229,0,294610560.000,1,0,1,多换,S,3043.2000,3042.4000,3042.2000,3042.0000,3041.8000,3043.8000,3044.2000,3045.0000,3045.2000,3045.8000,1,3,1,3,2,2,2,4,2,1
SF,IH2001,2019-12-18 09:33:40.700,3043.8000,12228,-1,296436840.000,2,0,2,多平,S,3043.4000,3043.2000,3042.8000,3042.4000,3042.2000,3044.2000,3045.0000,3045.2000,3045.8000,3046.0000,2,1,1,3,1,2,4,2,1,4
SF,IH2001,2019-12-18 09:33:41.200,3043.4000,12228,0,297349860.000,1,0,1,多换,S,3043.4000,3043.2000,3042.8000,3042.4000,3042.2000,3045.0000,3045.2000,3045.8000,3046.0000,3046.6000,1,1,1,3,1,4,2,1,4,2
SF,IH2001,2019-12-18 09:33:41.700,3043.4000,12228,0,297349860.000,0,-,-,-,-,3043.8000,3043.6000,3043.4000,3043.2000,3042.4000,3044.0000,3044.8000,3045.0000,3045.2000,3045.8000,1,3,1,1,1,2,2,3,2,1
SF,IH2001,2019-12-18 09:33:42.200,3043.8000,12227,-1,298263000.000,1,0,1,双平,S,3043.6000,3043.4000,3043.2000,3042.4000,3042.2000,3044.0000,3044.4000,3044.8000,3045.0000,3045.2000,1,1,1,1,1,3,1,2,3,2
SF,IH2001,2019-12-18 09:33:42.700,3043.8000,12223,-4,301915680.000,4,0,4,双平,S,3044.0000,3043.6000,3043.4000,3043.2000,3043.0000,3044.8000,3045.0000,3045.2000,3045.8000,3046.0000,1,1,1,1,1,2,3,2,1,4
SF,IH2001,2019-12-18 09:33:43.200,3043.8000,12223,0,301915680.000,0,-,-,-,-,3043.2000,3043.0000,3042.4000,3042.2000,3042.0000,3044.0000,3044.6000,3044.8000,3045.0000,3045.2000,1,1,1,1,3,3,1,1,3,2
SF,IH2001,2019-12-18 09:33:43.700,3044.0000,12223,0,302828880.000,1,0,1,多换,S,3043.4000,3043.2000,3043.0000,3042.4000,3042.2000,3044.6000,3044.8000,3045.0000,3045.2000,3045.8000,1,1,1,1,1,1,1,3,2,1
SF,IH2001,2019-12-18 09:33:44.200,3044.0000,12223,0,302828880.000,0,-,-,-,-,3043.6000,3043.4000,3043.2000,3043.0000,3042.4000,3044.8000,3045.0000,3045.2000,3045.8000,3046.0000,1,1,1,1,1,1,3,2,1,4
SF,IH2001,2019-12-18 09:33:44.700,3044.0000,12223,0,302828880.000,0,-,-,-,-,3043.6000,3043.4000,3043.2000,3043.0000,3042.4000,3044.6000,3044.8000,3045.0000,3045.2000,3045.8000,1,1,1,1,1,1,1,3,2,1
SF,IH2001,2019-12-18 09:33:45.200,3044.0000,12223,0,302828880.000,0,-,-,-,-,3043.8000,3043.6000,3043.4000,3043.2000,3043.0000,3044.6000,3044.8000,3045.0000,3045.2000,3045.8000,1,1,1,1,1,1,1,3,2,1
SF,IH2001,2019-12-18 09:33:45.700,3044.0000,12223,0,302828880.000,0,-,-,-,-,3043.8000,3043.6000,3043.4000,3043.2000,3043.0000,3044.6000,3044.8000,3045.0000,3045.2000,3045.8000,1,1,1,1,1,1,1,3,2,1
SF,IH2001,2019-12-18 09:33:46.200,3044.0000,12223,0,302828880.000,0,-,-,-,-,3044.0000,3043.8000,3043.6000,3043.4000,3043.2000,3044.8000,3045.0000,3045.2000,3045.8000,3046.0000,1,1,1,1,1,1,3,2,1,4
SF,IH2001,2019-12-18 09:33:46.700,3044.0000,12223,0,302828880.000,0,-,-,-,-,3044.0000,3043.8000,3043.6000,3043.4000,3043.2000,3044.8000,3045.0000,3045.2000,3045.8000,3046.0000,1,1,1,1,1,1,3,2,1,4
SF,IH2001,2019-12-18 09:33:47.200,3044.0000,12223,0,302828880.000,0,-,-,-,-,3043.8000,3043.6000,3043.4000,3043.2000,3043.0000,3044.6000,3044.8000,3045.0000,3045.2000,3045.8000,1,1,1,1,1,2,1,3,2,1
SF,IH2001,2019-12-18 09:33:47.700,3044.0000,12223,0,302828880.000,0,-,-,-,-,3043.8000,3043.6000,3043.4000,3043.2000,3043.0000,3044.6000,3044.8000,3045.0000,3045.2000,3045.8000,1,1,1,1,1,2,1,3,2,1
SF,IH2001,2019-12-18 09:33:48.200,3044.0000,12223,0,302828880.000,0,-,-,-,-,3044.0000,3043.8000,3043.4000,3043.2000,3043.0000,3044.6000,3044.8000,3045.0000,3045.2000,3045.8000,1,1,1,1,1,2,1,3,2,1
SF,IH2001,2019-12-18 09:33:48.700,3044.0000,12223,0,302828880.000,0,-,-,-,-,3044.0000,3043.8000,3043.4000,3043.2000,3043.0000,3044.6000,3044.8000,3045.0000,3045.2000,3045.8000,1,1,1,1,1,1,1,3,2,1
SF,IH2001,2019-12-18 09:33:49.200,3044.0000,12223,0,302828880.000,0,-,-,-,-,3044.0000,3043.8000,3043.4000,3043.2000,3043.0000,3044.6000,3044.8000,3045.0000,3045.2000,3045.8000,1,1,1,1,1,1,1,3,2,1
SF,IH2001,2019-12-18 09:33:49.700,3044.6000,12223,0,303742260.000,1,0,1,多换,S,3043.8000,3043.4000,3043.2000,3043.0000,3042.4000,3044.8000,3045.0000,3045.2000,3045.8000,3046.0000,1,1,1,1,1,1,3,2,1,2
SF,IH2001,2019-12-18 09:33:50.200,3044.6000,12223,0,303742260.000,0,-,-,-,-,3044.0000,3043.8000,3043.4000,3043.2000,3043.0000,3044.8000,3045.0000,3045.2000,3045.8000,3046.0000,1,1,1,1,1,1,3,2,1,2
SF,IH2001,2019-12-18 09:33:51.200,3044.8000,12223,0,304655700.000,1,0,1,多换,S,3044.0000,3043.8000,3043.4000,3043.2000,3043.0000,3045.0000,3045.2000,3045.8000,3046.0000,3046.6000,1,1,1,1,1,3,2,1,2,2
SF,IH2001,2019-12-18 09:33:51.700,3044.8000,12223,0,304655700.000,0,-,-,-,-,3044.2000,3044.0000,3043.8000,3043.4000,3043.2000,3045.0000,3045.2000,3045.8000,3046.0000,3046.6000,1,1,1,1,1,3,2,1,2,2
SF,IH2001,2019-12-18 09:33:52.200,3044.8000,12223,0,304655700.000,0,-,-,-,-,3044.2000,3044.0000,3043.8000,3043.4000,3043.2000,3045.0000,3045.2000,3045.8000,3046.0000,3046.6000,1,1,1,1,1,3,2,1,2,2
SF,IH2001,2019-12-18 09:33:53.200,3044.8000,12223,0,304655700.000,0,-,-,-,-,3044.2000,3044.0000,3043.8000,3043.4000,3043.2000,3045.0000,3045.2000,3045.8000,3046.0000,3046.6000,1,1,2,1,1,3,2,1,2,2
SF,IH2001,2019-12-18 09:33:53.700,3044.8000,12223,0,304655700.000,0,-,-,-,-,3044.2000,3044.0000,3043.8000,3043.4000,3043.2000,3045.0000,3045.2000,3045.8000,3046.0000,3046.6000,1,1,2,1,1,3,2,1,2,2
SF,IH2001,2019-12-18 09:33:55.200,3045.0000,12223,0,307396200.000,3,1,2,多换,S,3045.0000,3044.2000,3044.0000,3043.8000,3043.4000,3045.8000,3046.0000,3046.2000,3046.6000,3047.2000,2,1,1,2,1,1,2,2,2,3
SF,IH2001,2019-12-18 09:33:55.700,3045.0000,12221,-2,311050200.000,4,1,3,多平,S,3044.2000,3043.8000,3043.4000,3043.2000,3043.0000,3044.8000,3045.0000,3045.2000,3045.4000,3045.6000,1,2,1,1,1,1,5,1,5,2
SF,IH2001,2019-12-18 09:33:56.200,3045.0000,12221,0,311050200.000,0,-,-,-,-,3044.2000,3043.8000,3043.4000,3043.2000,3043.0000,3045.0000,3045.4000,3045.6000,3045.8000,3046.0000,1,2,1,1,1,3,4,2,1,2
SF,IH2001,2019-12-18 09:33:56.700,3045.0000,12221,0,311050200.000,0,-,-,-,-,3044.2000,3043.8000,3043.4000,3043.2000,3043.0000,3044.8000,3045.0000,3045.4000,3045.6000,3045.8000,1,2,1,1,1,2,3,4,2,1
SF,IH2001,2019-12-18 09:33:57.700,3045.0000,12221,0,311050200.000,0,-,-,-,-,3044.2000,3043.8000,3043.4000,3043.2000,3043.0000,3045.0000,3045.4000,3045.6000,3045.8000,3046.0000,1,2,1,1,1,3,4,2,1,2
SF,IH2001,2019-12-18 09:33:58.700,3043.8000,12219,-2,312876600.000,2,0,2,双平,S,3043.8000,3043.4000,3043.2000,3043.0000,3042.4000,3045.0000,3045.4000,3045.6000,3045.8000,3046.0000,1,1,1,1,1,3,4,2,1,2
SF,IH2001,2019-12-18 09:33:59.200,3043.8000,12218,-1,313789740.000,1,0,1,双平,S,3044.0000,3043.8000,3043.4000,3043.2000,3043.0000,3045.0000,3045.4000,3045.6000,3045.8000,3046.0000,2,2,1,1,1,3,4,2,1,2
SF,IH2001,2019-12-18 09:33:59.700,3043.8000,12218,0,313789740.000,0,-,-,-,-,3044.0000,3043.8000,3043.2000,3043.0000,3042.4000,3045.0000,3045.4000,3045.6000,3045.8000,3046.0000,4,2,1,1,1,3,4,2,1,2
SF,IH2001,2019-12-18 09:34:00.200,3044.8000,12218,0,314703180.000,1,0,1,多换,S,3044.2000,3044.0000,3043.8000,3043.2000,3043.0000,3045.0000,3045.4000,3045.6000,3045.8000,3046.0000,2,3,2,1,1,3,4,2,1,2
SF,IH2001,2019-12-18 09:34:00.700,3044.8000,12218,0,314703180.000,0,-,-,-,-,3044.2000,3044.0000,3043.8000,3043.2000,3043.0000,3045.0000,3045.4000,3045.6000,3045.8000,3046.0000,2,3,2,1,1,3,3,2,1,2
SF,IH2001,2019-12-18 09:34:01.200,3044.2000,12217,-1,315616440.000,1,0,1,双平,S,3044.0000,3043.8000,3043.2000,3043.0000,3042.4000,3044.8000,3045.0000,3045.4000,3045.6000,3045.8000,3,2,1,1,1,2,3,3,2,1
SF,IH2001,2019-12-18 09:34:01.700,3043.8000,12215,-2,318355980.000,3,0,3,多平,S,3043.2000,3043.0000,3042.4000,3042.2000,3042.0000,3043.8000,3044.6000,3044.8000,3045.0000,3045.4000,1,1,1,1,2,1,1,2,1,3
SF,IH2001,2019-12-18 09:34:02.200,3043.8000,12215,0,318355980.000,0,-,-,-,-,3043.2000,3043.0000,3042.4000,3042.2000,3042.0000,3043.8000,3044.6000,3044.8000,3045.0000,3045.4000,2,1,1,1,2,2,1,2,1,3
SF,IH2001,2019-12-18 09:34:02.700,3043.8000,12215,0,318355980.000,0,-,-,-,-,3043.2000,3043.0000,3042.4000,3042.2000,3042.0000,3043.8000,3044.6000,3045.0000,3045.4000,3045.6000,2,1,1,1,2,2,1,1,3,1
SF,IH2001,2019-12-18 09:34:03.700,3043.8000,12215,0,318355980.000,0,-,-,-,-,3043.2000,3043.0000,3042.4000,3042.2000,3042.0000,3044.6000,3045.0000,3045.4000,3045.6000,3045.8000,2,1,1,1,2,1,1,3,1,1
SF,IH2001,2019-12-18 09:34:04.200,3043.8000,12215,0,318355980.000,0,-,-,-,-,3043.8000,3043.2000,3043.0000,3042.4000,3042.2000,3044.0000,3044.4000,3044.6000,3045.0000,3045.4000,1,2,1,1,1,1,2,1,1,3
SF,IH2001,2019-12-18 09:34:04.700,3043.8000,12215,0,319269120.000,1,0,1,多换,S,3043.8000,3043.2000,3043.0000,3042.4000,3042.2000,3044.0000,3044.4000,3044.6000,3045.0000,3045.4000,1,1,1,1,1,1,2,1,1,3
SF,IH2001,2019-12-18 09:34:05.200,3043.8000,12215,0,320182260.000,1,0,1,多换,S,3043.2000,3043.0000,3042.4000,3042.2000,3042.0000,3043.8000,3044.0000,3044.4000,3044.6000,3045.0000,1,1,1,1,2,2,1,2,1,1
SF,IH2001,2019-12-18 09:34:05.700,3043.8000,12214,-1,322008540.000,2,0,2,多平,S,3043.2000,3043.0000,3042.4000,3042.2000,3042.0000,3044.0000,3044.4000,3044.6000,3045.0000,3045.4000,2,1,1,1,2,1,1,1,1,3
SF,IH2001,2019-12-18 09:34:06.200,3043.8000,12214,0,322008540.000,0,-,-,-,-,3043.4000,3043.2000,3043.0000,3042.4000,3042.2000,3044.0000,3044.4000,3044.6000,3045.0000,3045.4000,1,2,1,1,1,1,1,1,1,3
SF,IH2001,2019-12-18 09:34:07.200,3043.8000,12214,0,322008540.000,0,-,-,-,-,3043.4000,3043.2000,3043.0000,3042.4000,3042.2000,3044.0000,3044.4000,3044.6000,3045.0000,3045.4000,1,3,1,1,1,1,1,1,1,3
SF,IH2001,2019-12-18 09:34:07.700,3043.8000,12214,0,322008540.000,0,-,-,-,-,3043.4000,3043.2000,3043.0000,3042.4000,3042.2000,3044.0000,3044.4000,3044.6000,3045.0000,3045.4000,1,3,1,1,1,1,1,1,1,3
SF,IH2001,2019-12-18 09:34:08.200,3043.8000,12214,0,322008540.000,0,-,-,-,-,3043.4000,3043.2000,3043.0000,3042.4000,3042.2000,3044.0000,3044.4000,3044.6000,3045.0000,3045.4000,1,3,1,1,1,1,1,1,1,3
SF,IH2001,2019-12-18 09:34:09.700,3043.8000,12214,0,322008540.000,0,-,-,-,-,3043.2000,3043.0000,3042.4000,3042.2000,3042.0000,3043.6000,3043.8000,3044.0000,3044.4000,3044.6000,3,1,1,1,2,1,1,1,1,1
SF,IH2001,2019-12-18 09:34:10.200,3043.6000,12214,0,322921620.000,1,0,1,多换,S,3043.6000,3043.2000,3043.0000,3042.4000,3042.2000,3043.8000,3044.0000,3044.4000,3044.6000,3045.0000,1,3,1,1,1,1,1,1,1,1
SF,IH2001,2019-12-18 09:34:10.700,3043.6000,12213,-1,324747780.000,2,0,2,多平,S,3043.2000,3043.0000,3042.4000,3042.2000,3042.0000,3043.8000,3044.0000,3044.4000,3044.6000,3045.0000,3,1,1,1,2,1,1,1,1,1
SF,IH2001,2019-12-18 09:34:11.200,3043.6000,12213,0,324747780.000,0,-,-,-,-,3043.2000,3043.0000,3042.4000,3042.2000,3042.0000,3043.4000,3043.6000,3043.8000,3044.0000,3044.4000,2,1,1,1,2,1,3,1,1,1
SF,IH2001,2019-12-18 09:34:11.700,3043.2000,12212,-1,326573700.000,2,0,2,多平,S,3043.0000,3042.4000,3042.2000,3042.0000,3041.8000,3043.4000,3043.6000,3043.8000,3044.0000,3044.4000,1,1,1,2,1,1,1,1,1,1
SF,IH2001,2019-12-18 09:34:12.200,3043.0000,12211,-1,327486600.000,1,0,1,双平,S,3042.4000,3042.2000,3042.0000,3041.8000,3041.6000,3043.2000,3043.6000,3043.8000,3044.0000,3044.6000,1,1,2,1,2,3,1,1,1,1
SF,IH2001,2019-12-18 09:34:12.700,3043.0000,12211,0,327486600.000,0,-,-,-,-,3042.4000,3042.2000,3042.0000,3041.8000,3041.6000,3043.0000,3043.2000,3043.6000,3043.8000,3044.0000,1,1,2,1,2,1,2,1,1,1
SF,IH2001,2019-12-18 09:34:13.200,3043.2000,12209,-2,329312460.000,2,0,2,双平,S,3042.4000,3042.2000,3042.0000,3041.8000,3041.6000,3043.6000,3043.8000,3044.0000,3044.6000,3045.0000,1,1,2,1,2,1,1,1,1,1
SF,IH2001,2019-12-18 09:34:13.700,3043.2000,12209,0,329312460.000,0,-,-,-,-,3043.0000,3042.2000,3042.0000,3041.8000,3041.6000,3043.6000,3043.8000,3044.0000,3044.6000,3045.0000,1,1,2,1,2,1,1,1,1,1
SF,IH2001,2019-12-18 09:34:14.200,3043.2000,12209,0,329312460.000,0,-,-,-,-,3043.0000,3042.6000,3042.2000,3042.0000,3041.8000,3043.4000,3043.6000,3043.8000,3044.0000,3044.6000,1,1,1,1,1,1,1,1,1,1
SF,IH2001,2019-12-18 09:34:15.200,3043.2000,12209,0,329312460.000,0,-,-,-,-,3043.0000,3042.2000,3042.0000,3041.8000,3041.6000,3043.4000,3043.6000,3043.8000,3044.0000,3044.6000,1,1,1,1,2,1,1,1,1,1
SF,IH2001,2019-12-18 09:34:15.700,3043.4000,12209,0,330225480.000,1,0,1,多换,S,3043.4000,3043.0000,3042.2000,3042.0000,3041.8000,3043.6000,3043.8000,3044.0000,3044.6000,3045.0000,2,1,1,1,1,1,1,1,1,1
SF,IH2001,2019-12-18 09:34:16.200,3043.0000,12208,-1,332051400.000,2,0,2,多平,S,3042.2000,3042.0000,3041.8000,3041.6000,3041.2000,3043.0000,3043.8000,3044.0000,3044.6000,3045.0000,1,1,1,2,1,1,1,1,1,1
SF,IH2001,2019-12-18 09:34:16.700,3043.0000,12207,-1,332964300.000,1,0,1,双平,S,3043.2000,3043.0000,3042.6000,3042.4000,3042.2000,3043.8000,3044.0000,3044.6000,3045.0000,3045.4000,1,5,1,3,2,1,1,1,1,3
SF,IH2001,2019-12-18 09:34:17.200,3043.0000,12207,0,332964300.000,0,-,-,-,-,3043.2000,3043.0000,3042.6000,3042.4000,3042.2000,3043.8000,3044.0000,3044.6000,3045.0000,3045.4000,1,2,1,3,2,1,1,1,1,3
SF,IH2001,2019-12-18 09:34:17.700,3043.2000,12208,1,333877260.000,1,1,0,双开,S,3043.0000,3042.6000,3042.4000,3042.2000,3042.0000,3043.6000,3043.8000,3044.0000,3044.6000,3045.0000,2,1,3,2,1,1,1,1,1,1
SF,IH2001,2019-12-18 09:34:18.200,3043.2000,12208,0,333877260.000,0,-,-,-,-,3043.0000,3042.8000,3042.6000,3042.4000,3042.2000,3043.6000,3043.8000,3044.0000,3044.6000,3045.0000,1,1,1,3,2,1,1,1,1,1
SF,IH2001,2019-12-18 09:34:18.700,3043.2000,12208,0,333877260.000,0,-,-,-,-,3043.0000,3042.8000,3042.6000,3042.4000,3042.2000,3043.2000,3043.6000,3043.8000,3044.0000,3044.6000,1,1,1,3,2,1,1,1,1,1
SF,IH2001,2019-12-18 09:34:19.200,3043.2000,12208,0,334790220.000,1,0,1,多换,S,3043.4000,3043.0000,3042.8000,3042.6000,3042.4000,3043.8000,3044.0000,3044.6000,3045.0000,3045.4000,1,1,1,1,3,1,1,1,1,3
SF,IH2001,2019-12-18 09:34:19.700,3043.4000,12207,-1,335703240.000,1,0,1,双平,S,3043.2000,3042.8000,3042.6000,3042.4000,3042.2000,3043.8000,3044.0000,3044.6000,3045.0000,3045.4000,2,1,1,3,2,1,1,1,1,3
SF,IH2001,2019-12-18 09:34:20.200,3043.4000,12207,0,335703240.000,0,-,-,-,-,3043.2000,3042.8000,3042.6000,3042.4000,3042.2000,3043.4000,3043.6000,3043.8000,3044.0000,3044.6000,2,1,1,3,2,1,1,1,1,1
SF,IH2001,2019-12-18 09:34:20.700,3043.4000,12206,-1,336616260.000,1,0,1,双平,S,3043.4000,3042.8000,3042.6000,3042.4000,3042.2000,3043.8000,3044.0000,3044.6000,3045.0000,3045.4000,2,1,1,3,2,1,1,1,1,3
SF,IH2001,2019-12-18 09:34:21.200,3043.4000,12206,0,336616260.000,0,-,-,-,-,3043.4000,3042.8000,3042.6000,3042.4000,3042.2000,3043.8000,3044.0000,3044.6000,3045.0000,3045.4000,3,1,2,3,2,1,1,1,1,3
SF,IH2001,2019-12-18 09:34:21.700,3043.4000,12205,-1,340268640.000,4,1,3,多平,S,3043.4000,3042.8000,3042.6000,3042.4000,3042.2000,3044.6000,3045.0000,3045.4000,3045.6000,3045.8000,1,1,2,3,2,1,1,3,1,1
SF,IH2001,2019-12-18 09:34:22.200,3043.4000,12205,0,340268640.000,0,-,-,-,-,3043.4000,3042.8000,3042.6000,3042.4000,3042.2000,3044.0000,3044.4000,3044.6000,3045.0000,3045.2000,1,1,2,3,2,1,1,1,1,1
SF,IH2001,2019-12-18 09:34:22.700,3043.4000,12205,0,340268640.000,0,-,-,-,-,3043.4000,3042.8000,3042.6000,3042.4000,3042.2000,3044.4000,3044.6000,3045.0000,3045.2000,3045.6000,1,1,2,3,2,1,1,1,1,1
SF,IH2001,2019-12-18 09:34:23.200,3043.4000,12204,-1,341181660.000,1,0,1,双平,S,3042.8000,3042.6000,3042.4000,3042.2000,3042.0000,3044.4000,3044.6000,3045.0000,3045.2000,3045.6000,1,2,3,2,2,1,1,1,1,1
SF,IH2001,2019-12-18 09:34:23.700,3043.4000,12204,0,341181660.000,0,-,-,-,-,3043.0000,3042.8000,3042.6000,3042.4000,3042.2000,3044.6000,3045.0000,3045.2000,3045.6000,3045.8000,2,1,2,1,2,1,2,1,1,1
SF,IH2001,2019-12-18 09:34:24.200,3043.0000,12204,0,343007940.000,2,1,1,多换,S,3043.0000,3042.8000,3042.6000,3042.4000,3042.2000,3045.0000,3045.2000,3045.6000,3045.8000,3046.0000,1,1,2,1,2,2,1,1,1,2
SF,IH2001,2019-12-18 09:34:24.700,3043.0000,12204,0,343007940.000,0,-,-,-,-,3043.2000,3043.0000,3042.8000,3042.6000,3042.4000,3044.2000,3044.4000,3044.8000,3045.0000,3045.2000,4,1,1,3,1,3,1,2,2,1
SF,IH2001,2019-12-18 09:34:25.200,3043.0000,12204,0,343007940.000,0,-,-,-,-,3043.2000,3043.0000,3042.8000,3042.6000,3042.4000,3044.0000,3044.2000,3044.4000,3044.8000,3045.0000,2,1,1,3,1,1,3,1,2,2
SF,IH2001,2019-12-18 09:34:25.700,3043.0000,12204,0,343007940.000,0,-,-,-,-,3043.2000,3043.0000,3042.8000,3042.6000,3042.4000,3044.0000,3044.2000,3044.4000,3044.8000,3045.0000,2,1,1,3,1,1,3,1,3,2
SF,IH2001,2019-12-18 09:34:26.200,3043.0000,12204,0,343007940.000,0,-,-,-,-,3043.2000,3042.8000,3042.6000,3042.4000,3042.2000,3044.0000,3044.2000,3044.8000,3045.0000,3045.2000,2,1,3,1,2,1,3,3,2,1
SF,IH2001,2019-12-18 09:34:26.700,3043.0000,12204,0,343007940.000,0,-,-,-,-,3043.2000,3042.8000,3042.6000,3042.4000,3042.2000,3044.0000,3044.2000,3044.8000,3045.0000,3045.2000,2,1,3,1,2,1,3,3,3,1
SF,IH2001,2019-12-18 09:34:27.700,3043.2000,12202,-2,344833860.000,2,0,2,双平,S,3042.8000,3042.6000,3042.4000,3042.2000,3042.0000,3043.8000,3044.0000,3044.2000,3044.8000,3045.0000,1,3,1,2,2,1,1,3,3,3
