市场代码,合约代码,时间,最新,持仓,增仓,成交额,成交量,开仓,平仓,成交类型,方向,买一价,买二价,买三价,买四价,买五价,卖一价,卖二价,卖三价,卖四价,卖五价,买一量,买二量,买三量,买四量,买五量,卖一量,卖二量,卖三量,卖四量,卖五量
SF,IH2009,2020-05-11 09:29:00.100,2764.4000,11931,0,8293200.000,10.000,-,-,-,-,2764.4000,2763.8000,2762.8000,2761.0000,2760.6000,2768.0000,2771.2000,2772.6000,2774.2000,2775.0000,1,1,1,1,2,1,1,1,1,1
SF,IH2009,2020-05-11 09:30:00.100,2767.6000,11931,0,9123480.000,1,0,1,多换,S,2764.4000,2763.8000,2762.8000,2761.0000,2760.6000,2767.6000,2767.8000,2768.0000,2771.2000,2772.6000,1,1,1,2,2,7,6,1,1,1
SF,IH2009,2020-05-11 09:30:00.600,2764.4000,11931,0,11611500.000,3,1,2,多换,S,2763.8000,2761.0000,2760.0000,2758.8000,2757.2000,2764.4000,2766.0000,2766.4000,2767.4000,2767.6000,1,2,1,1,1,2,1,1,5,7
SF,IH2009,2020-05-11 09:30:01.100,2763.8000,11931,0,14928360.000,4,2,2,多换,S,2764.0000,2761.0000,2760.0000,2757.2000,2756.0000,2764.4000,2766.4000,2767.4000,2767.6000,2767.8000,1,2,1,1,1,1,1,5,7,4
SF,IH2009,2020-05-11 09:30:01.600,2763.8000,11931,0,15757500.000,1,0,1,多换,S,2761.0000,2760.0000,2757.2000,2756.0000,2755.8000,2764.4000,2766.4000,2767.4000,2767.6000,2767.8000,2,1,1,1,1,1,1,5,7,4
SF,IH2009,2020-05-11 09:30:02.100,2763.8000,11931,0,15757500.000,0,-,-,-,-,2761.4000,2761.2000,2761.0000,2760.0000,2757.2000,2764.2000,2764.4000,2766.4000,2767.4000,2767.6000,1,1,2,1,1,1,1,1,4,7
SF,IH2009,2020-05-11 09:30:02.600,2763.8000,11931,0,15757500.000,0,-,-,-,-,2761.0000,2760.0000,2757.2000,2756.0000,2755.8000,2763.8000,2764.0000,2764.2000,2764.4000,2766.4000,2,1,1,1,1,1,3,1,1,1
SF,IH2009,2020-05-11 09:30:03.100,2763.8000,11931,0,15757500.000,0,-,-,-,-,2761.0000,2760.0000,2757.2000,2756.0000,2755.8000,2763.6000,2763.8000,2764.4000,2766.4000,2767.4000,2,1,1,1,1,4,1,1,1,2
SF,IH2009,2020-05-11 09:30:03.600,2763.8000,11931,0,15757500.000,0,-,-,-,-,2761.0000,2760.0000,2757.2000,2756.0000,2755.8000,2763.6000,2763.8000,2764.4000,2766.4000,2767.4000,2,1,1,1,1,4,1,1,1,2
SF,IH2009,2020-05-11 09:30:04.100,2763.8000,11930,-1,16586640.000,1,0,1,双平,S,2761.4000,2761.0000,2760.0000,2757.2000,2756.0000,2763.6000,2763.8000,2764.4000,2766.4000,2767.4000,1,2,1,1,1,4,1,1,1,1
SF,IH2009,2020-05-11 09:30:04.600,2763.8000,11930,0,16586640.000,0,-,-,-,-,2761.4000,2761.0000,2760.0000,2757.2000,2756.0000,2763.6000,2763.8000,2764.4000,2766.4000,2767.4000,1,2,1,1,1,5,1,1,1,1
SF,IH2009,2020-05-11 09:30:05.100,2763.8000,11930,0,16586640.000,0,-,-,-,-,2761.4000,2761.0000,2760.0000,2757.2000,2756.0000,2763.6000,2763.8000,2764.4000,2766.4000,2767.4000,1,3,1,1,1,5,1,1,1,1
SF,IH2009,2020-05-11 09:30:05.600,2763.8000,11930,0,16586640.000,0,-,-,-,-,2761.6000,2761.4000,2761.0000,2760.0000,2757.2000,2763.4000,2763.6000,2763.8000,2764.4000,2766.4000,1,1,3,1,1,1,3,1,1,1
SF,IH2009,2020-05-11 09:30:06.100,2763.8000,11930,0,16586640.000,0,-,-,-,-,2761.4000,2761.0000,2760.0000,2757.2000,2756.0000,2763.0000,2763.2000,2763.4000,2763.6000,2763.8000,1,3,1,1,1,2,3,1,1,1
SF,IH2009,2020-05-11 09:30:06.600,2763.8000,11930,0,16586640.000,0,-,-,-,-,2761.4000,2761.0000,2760.0000,2757.2000,2756.0000,2762.8000,2763.0000,2763.2000,2763.6000,2763.8000,1,3,1,1,1,3,2,1,1,1
SF,IH2009,2020-05-11 09:30:07.600,2763.8000,11930,0,16586640.000,0,-,-,-,-,2761.4000,2761.0000,2760.0000,2757.2000,2756.0000,2762.8000,2763.2000,2763.6000,2763.8000,2764.4000,1,3,1,1,1,3,1,1,1,1
SF,IH2009,2020-05-11 09:30:08.100,2763.8000,11930,0,16586640.000,0,-,-,-,-,2761.4000,2761.0000,2760.0000,2757.2000,2756.0000,2762.6000,2762.8000,2763.2000,2763.6000,2763.8000,1,3,1,1,1,1,1,1,1,1
SF,IH2009,2020-05-11 09:30:08.600,2763.8000,11930,0,16586640.000,0,-,-,-,-,2761.4000,2761.0000,2760.0000,2757.2000,2756.0000,2762.4000,2762.6000,2763.2000,2763.6000,2763.8000,1,3,2,1,1,2,1,1,1,1
SF,IH2009,2020-05-11 09:30:09.100,2762.4000,11928,-2,18244080.000,2,0,2,双平,S,2761.4000,2761.0000,2760.0000,2757.2000,2756.0000,2762.6000,2762.8000,2763.2000,2763.6000,2763.8000,1,3,2,1,1,1,1,1,1,1
SF,IH2009,2020-05-11 09:30:09.600,2762.4000,11928,0,18244080.000,0,-,-,-,-,2761.6000,2761.4000,2761.0000,2760.0000,2757.2000,2762.8000,2763.8000,2764.4000,2766.4000,2767.2000,1,1,3,2,1,1,1,1,1,1
SF,IH2009,2020-05-11 09:30:10.100,2762.4000,11928,0,18244080.000,0,-,-,-,-,2761.8000,2761.4000,2761.0000,2760.0000,2757.2000,2762.8000,2763.8000,2764.4000,2766.4000,2767.2000,1,1,3,2,1,1,1,1,1,1
SF,IH2009,2020-05-11 09:30:10.600,2762.8000,11927,-1,19072920.000,1,0,1,双平,S,2761.8000,2761.4000,2761.0000,2760.0000,2757.2000,2763.8000,2764.4000,2766.4000,2767.2000,2767.4000,1,1,3,2,1,1,1,1,1,1
SF,IH2009,2020-05-11 09:30:11.100,2762.8000,11927,0,19072920.000,0,-,-,-,-,2762.0000,2761.8000,2761.4000,2761.0000,2760.0000,2764.4000,2766.4000,2767.2000,2767.4000,2767.6000,1,1,1,3,2,1,1,1,1,7
SF,IH2009,2020-05-11 09:30:12.100,2762.8000,11927,0,19072920.000,0,-,-,-,-,2762.4000,2762.2000,2762.0000,2761.8000,2761.4000,2764.4000,2766.4000,2767.2000,2767.4000,2767.6000,1,1,1,1,1,1,1,1,1,7
SF,IH2009,2020-05-11 09:30:12.600,2762.8000,11927,0,19072920.000,0,-,-,-,-,2762.6000,2761.8000,2761.4000,2761.0000,2760.0000,2764.4000,2766.4000,2767.2000,2767.4000,2767.6000,2,1,1,3,2,1,1,1,1,7
SF,IH2009,2020-05-11 09:30:13.100,2762.8000,11927,0,19072920.000,0,-,-,-,-,2762.6000,2761.8000,2761.4000,2761.0000,2760.0000,2764.4000,2766.4000,2767.2000,2767.4000,2767.6000,1,1,1,3,2,1,1,1,1,7
SF,IH2009,2020-05-11 09:30:13.600,2762.8000,11927,0,19072920.000,0,-,-,-,-,2762.6000,2761.8000,2761.4000,2761.0000,2760.0000,2764.4000,2765.4000,2766.4000,2767.2000,2767.4000,1,1,1,3,2,1,1,1,1,1
SF,IH2009,2020-05-11 09:30:14.100,2762.6000,11927,0,20731020.000,2,1,1,多换,S,2761.8000,2761.4000,2761.0000,2760.0000,2757.2000,2764.2000,2765.4000,2766.4000,2767.2000,2767.4000,1,1,3,2,1,1,1,1,1,1
SF,IH2009,2020-05-11 09:30:14.600,2762.6000,11927,0,20731020.000,0,-,-,-,-,2762.0000,2761.8000,2761.4000,2761.0000,2760.0000,2764.2000,2765.4000,2766.4000,2767.2000,2767.4000,2,1,1,3,2,1,1,1,1,1
SF,IH2009,2020-05-11 09:30:15.600,2762.6000,11927,0,20731020.000,0,-,-,-,-,2762.0000,2761.8000,2761.4000,2761.0000,2760.0000,2762.6000,2764.2000,2765.4000,2766.4000,2767.2000,2,1,1,3,2,1,1,1,1,1
SF,IH2009,2020-05-11 09:30:16.100,2762.6000,11927,0,21559800.000,1,0,1,多换,S,2762.6000,2762.2000,2762.0000,2761.8000,2761.4000,2764.2000,2765.4000,2766.4000,2767.2000,2767.4000,2,1,2,1,1,1,1,1,1,1
SF,IH2009,2020-05-11 09:30:16.600,2764.2000,11927,0,22389060.000,1,0,1,多换,S,2762.8000,2762.6000,2762.0000,2761.8000,2761.4000,2765.4000,2766.4000,2767.2000,2767.4000,2767.6000,1,2,2,1,1,1,1,1,1,7
SF,IH2009,2020-05-11 09:30:17.100,2764.2000,11927,0,22389060.000,0,-,-,-,-,2762.6000,2762.0000,2761.4000,2761.0000,2760.0000,2764.8000,2765.0000,2765.2000,2765.4000,2766.4000,2,1,1,3,2,1,7,1,1,1
SF,IH2009,2020-05-11 09:30:17.600,2764.2000,11927,0,22389060.000,0,-,-,-,-,2762.6000,2762.0000,2761.4000,2761.0000,2760.0000,2764.6000,2764.8000,2765.0000,2765.4000,2766.4000,2,1,1,3,2,1,1,7,1,1
SF,IH2009,2020-05-11 09:30:18.100,2764.2000,11927,0,22389060.000,0,-,-,-,-,2762.8000,2762.6000,2762.0000,2761.4000,2761.0000,2764.6000,2764.8000,2765.4000,2766.4000,2767.2000,3,2,1,1,3,1,1,1,1,1
SF,IH2009,2020-05-11 09:30:18.600,2764.2000,11927,0,22389060.000,0,-,-,-,-,2763.0000,2762.6000,2762.0000,2761.4000,2761.0000,2764.6000,2764.8000,2765.4000,2766.4000,2767.2000,1,2,1,1,3,1,1,1,1,1
SF,IH2009,2020-05-11 09:30:19.100,2763.2000,11926,-1,23218020.000,1,0,1,双平,S,2762.6000,2762.0000,2761.4000,2761.0000,2760.0000,2764.4000,2764.6000,2764.8000,2765.4000,2766.4000,2,1,1,3,2,1,1,1,1,1
SF,IH2009,2020-05-11 09:30:19.600,2763.2000,11926,0,23218020.000,0,-,-,-,-,2762.6000,2762.0000,2761.4000,2761.0000,2760.0000,2764.2000,2764.8000,2765.4000,2766.4000,2767.2000,2,1,1,3,2,2,1,1,1,1
SF,IH2009,2020-05-11 09:30:20.100,2763.2000,11926,0,23218020.000,0,-,-,-,-,2762.6000,2762.0000,2761.4000,2761.0000,2760.0000,2764.0000,2764.8000,2765.4000,2766.4000,2767.2000,2,1,1,3,2,1,1,1,1,1
SF,IH2009,2020-05-11 09:30:20.600,2763.2000,11926,0,23218020.000,0,-,-,-,-,2762.6000,2762.0000,2761.4000,2761.0000,2760.0000,2764.8000,2765.4000,2766.4000,2767.2000,2767.4000,2,1,1,3,2,1,1,1,1,1
SF,IH2009,2020-05-11 09:30:21.100,2763.2000,11926,0,23218020.000,0,-,-,-,-,2762.6000,2762.0000,2761.4000,2761.0000,2760.0000,2764.6000,2764.8000,2765.4000,2766.4000,2767.2000,2,1,1,3,2,1,1,1,1,1
SF,IH2009,2020-05-11 09:30:21.600,2763.2000,11926,0,23218020.000,0,-,-,-,-,2762.6000,2762.0000,2761.4000,2761.0000,2760.0000,2764.4000,2764.6000,2764.8000,2765.4000,2766.4000,2,1,1,3,2,2,1,1,1,1
SF,IH2009,2020-05-11 09:30:22.100,2763.2000,11926,0,23218020.000,0,-,-,-,-,2762.6000,2762.0000,2761.4000,2761.0000,2760.0000,2764.2000,2764.4000,2764.6000,2764.8000,2765.4000,2,1,1,3,2,1,1,1,1,1
SF,IH2009,2020-05-11 09:30:22.600,2763.2000,11926,0,23218020.000,0,-,-,-,-,2762.6000,2762.0000,2761.4000,2761.0000,2760.0000,2764.0000,2764.8000,2765.4000,2766.4000,2767.2000,2,1,1,3,2,2,1,1,1,1
SF,IH2009,2020-05-11 09:30:23.100,2763.2000,11926,0,23218020.000,0,-,-,-,-,2762.8000,2762.6000,2762.0000,2761.4000,2761.0000,2764.8000,2765.4000,2766.4000,2767.2000,2767.4000,2,2,1,1,3,1,1,1,1,1
SF,IH2009,2020-05-11 09:30:23.600,2763.2000,11926,0,23218020.000,0,-,-,-,-,2762.8000,2762.6000,2762.0000,2761.4000,2761.0000,2764.6000,2764.8000,2765.4000,2766.4000,2767.2000,2,2,1,1,3,1,1,1,1,1
SF,IH2009,2020-05-11 09:30:24.100,2763.2000,11926,0,23218020.000,0,-,-,-,-,2762.8000,2762.6000,2762.0000,2761.4000,2761.0000,2764.4000,2764.8000,2765.4000,2766.4000,2767.2000,2,2,1,1,3,1,1,1,1,1
SF,IH2009,2020-05-11 09:30:24.600,2763.2000,11926,0,23218020.000,0,-,-,-,-,2762.6000,2762.0000,2761.4000,2761.0000,2760.0000,2764.2000,2764.8000,2765.4000,2766.4000,2767.2000,2,1,1,3,2,1,1,1,1,1
SF,IH2009,2020-05-11 09:30:25.100,2763.2000,11926,0,23218020.000,0,-,-,-,-,2762.8000,2762.6000,2762.0000,2761.4000,2761.0000,2764.0000,2764.8000,2765.4000,2766.4000,2767.2000,1,2,1,1,3,1,1,1,1,1
SF,IH2009,2020-05-11 09:30:25.600,2763.2000,11926,0,23218020.000,0,-,-,-,-,2762.8000,2762.6000,2762.0000,2761.4000,2761.0000,2764.8000,2765.4000,2766.4000,2767.2000,2767.4000,1,2,1,1,3,1,1,1,1,1
SF,IH2009,2020-05-11 09:30:26.100,2763.2000,11926,0,23218020.000,0,-,-,-,-,2762.8000,2762.6000,2762.0000,2761.4000,2761.0000,2764.6000,2764.8000,2765.4000,2766.4000,2767.2000,1,2,1,1,3,2,1,1,1,1
SF,IH2009,2020-05-11 09:30:26.600,2763.2000,11926,0,23218020.000,0,-,-,-,-,2762.6000,2762.0000,2761.4000,2761.0000,2760.0000,2764.4000,2764.6000,2764.8000,2765.4000,2766.4000,2,1,1,3,2,2,1,1,1,1
SF,IH2009,2020-05-11 09:30:27.100,2763.2000,11926,0,23218020.000,0,-,-,-,-,2762.6000,2762.0000,2761.4000,2761.0000,2760.0000,2764.2000,2764.4000,2764.8000,2765.4000,2766.4000,2,1,1,3,2,1,1,1,1,1
SF,IH2009,2020-05-11 09:30:27.600,2763.2000,11926,0,23218020.000,0,-,-,-,-,2762.8000,2762.6000,2762.0000,2761.4000,2761.0000,2764.0000,2764.4000,2764.8000,2765.4000,2766.4000,1,2,1,1,3,1,1,1,1,1
SF,IH2009,2020-05-11 09:30:28.100,2763.2000,11927,1,24046980.000,1,1,0,双开,S,2762.6000,2762.0000,2761.4000,2761.0000,2760.0000,2763.8000,2764.4000,2764.8000,2765.4000,2766.4000,2,1,1,3,2,1,1,1,1,1
SF,IH2009,2020-05-11 09:30:28.600,2763.2000,11927,0,24046980.000,0,-,-,-,-,2762.6000,2762.0000,2761.4000,2761.0000,2760.0000,2764.4000,2764.8000,2765.4000,2766.4000,2767.2000,2,1,1,3,2,1,1,1,1,1
SF,IH2009,2020-05-11 09:30:29.100,2763.2000,11927,0,24046980.000,0,-,-,-,-,2762.8000,2762.6000,2762.0000,2761.4000,2761.0000,2764.2000,2764.8000,2765.4000,2766.4000,2767.2000,1,2,1,1,3,1,1,1,1,1
SF,IH2009,2020-05-11 09:30:29.600,2763.0000,11926,-1,25705080.000,2,0,2,多平,S,2762.8000,2762.6000,2762.0000,2761.4000,2761.0000,2764.8000,2765.4000,2766.4000,2767.2000,2767.4000,1,2,1,1,3,1,1,1,1,1
SF,IH2009,2020-05-11 09:30:30.100,2762.8000,11924,-2,27362820.000,2,0,2,双平,S,2762.6000,2762.0000,2761.4000,2761.0000,2760.0000,2762.8000,2764.6000,2764.8000,2765.4000,2766.4000,2,1,1,3,2,4,1,1,1,1
SF,IH2009,2020-05-11 09:30:30.600,2762.8000,11920,-4,30678180.000,4,0,4,双平,S,2762.8000,2762.6000,2762.0000,2761.4000,2761.0000,2764.8000,2765.4000,2766.4000,2767.2000,2767.4000,1,2,1,1,3,1,1,1,1,1
SF,IH2009,2020-05-11 09:30:31.100,2762.8000,11920,0,30678180.000,0,-,-,-,-,2762.8000,2762.6000,2762.0000,2761.4000,2761.0000,2764.6000,2764.8000,2765.4000,2766.4000,2767.2000,2,2,1,1,3,2,1,1,1,1
SF,IH2009,2020-05-11 09:30:31.600,2762.8000,11920,0,30678180.000,0,-,-,-,-,2763.0000,2762.8000,2762.6000,2761.4000,2761.0000,2764.4000,2764.6000,2764.8000,2765.4000,2766.4000,1,2,2,1,3,1,1,1,1,1
SF,IH2009,2020-05-11 09:30:32.100,2764.2000,11919,-1,31507440.000,1,0,1,双平,S,2763.0000,2762.8000,2762.6000,2761.4000,2761.0000,2764.8000,2765.4000,2766.4000,2767.2000,2767.4000,1,2,2,1,3,1,1,1,1,1
SF,IH2009,2020-05-11 09:30:32.600,2764.2000,11919,0,31507440.000,0,-,-,-,-,2763.2000,2763.0000,2762.8000,2762.6000,2761.4000,2765.4000,2766.4000,2767.2000,2767.4000,2767.8000,2,3,2,2,1,1,1,1,1,3
SF,IH2009,2020-05-11 09:30:33.100,2763.4000,11918,-1,32336460.000,1,0,1,双平,S,2763.2000,2762.8000,2762.6000,2761.4000,2761.0000,2765.4000,2766.4000,2767.2000,2767.4000,2767.8000,1,2,2,1,3,1,1,1,1,3
SF,IH2009,2020-05-11 09:30:33.600,2763.4000,11918,0,32336460.000,0,-,-,-,-,2763.4000,2762.8000,2762.6000,2761.4000,2761.0000,2765.2000,2765.4000,2766.4000,2767.2000,2767.4000,1,2,2,1,3,1,1,1,1,1
SF,IH2009,2020-05-11 09:30:34.100,2765.2000,11917,-1,33166020.000,1,0,1,双平,S,2763.6000,2763.4000,2762.8000,2762.6000,2761.4000,2765.4000,2766.4000,2767.2000,2767.4000,2767.8000,1,1,2,2,1,1,1,1,1,3
SF,IH2009,2020-05-11 09:30:34.600,2765.2000,11917,0,33166020.000,0,-,-,-,-,2763.8000,2762.8000,2762.6000,2761.4000,2761.0000,2765.4000,2766.4000,2767.2000,2767.4000,2767.8000,2,2,2,1,3,1,1,1,1,3
SF,IH2009,2020-05-11 09:30:35.100,2765.2000,11917,0,33166020.000,0,-,-,-,-,2764.0000,2763.8000,2762.8000,2762.6000,2761.4000,2765.2000,2765.4000,2766.4000,2767.2000,2767.4000,1,1,2,2,1,1,1,1,1,1
SF,IH2009,2020-05-11 09:30:35.600,2765.2000,11917,0,33166020.000,0,-,-,-,-,2764.2000,2763.8000,2762.8000,2761.4000,2761.0000,2765.2000,2765.4000,2766.4000,2767.2000,2767.4000,1,1,2,1,3,1,1,1,1,1
SF,IH2009,2020-05-11 09:30:36.100,2765.2000,11917,0,33166020.000,0,-,-,-,-,2764.4000,2763.8000,2762.8000,2761.4000,2761.0000,2765.2000,2765.4000,2766.4000,2767.2000,2767.4000,1,1,2,1,2,1,1,1,1,1
SF,IH2009,2020-05-11 09:30:36.600,2763.8000,11917,0,33995160.000,1,0,1,多换,S,2762.8000,2761.4000,2761.0000,2760.0000,2757.2000,2765.2000,2765.4000,2766.4000,2767.2000,2767.4000,2,1,2,2,1,1,1,1,1,1
SF,IH2009,2020-05-11 09:30:37.100,2763.8000,11917,0,33995160.000,0,-,-,-,-,2763.2000,2763.0000,2762.8000,2761.4000,2761.0000,2765.0000,2765.2000,2765.4000,2766.4000,2767.2000,8,2,2,1,2,1,1,1,1,1
SF,IH2009,2020-05-11 09:30:37.600,2763.8000,11917,0,33995160.000,0,-,-,-,-,2763.4000,2763.2000,2763.0000,2762.8000,2762.0000,2765.0000,2765.2000,2765.4000,2767.2000,2767.4000,3,8,2,2,1,1,1,1,1,1
SF,IH2009,2020-05-11 09:30:38.100,2763.8000,11917,0,33995160.000,0,-,-,-,-,2763.6000,2763.4000,2763.0000,2762.8000,2762.0000,2765.0000,2765.2000,2765.4000,2767.2000,2767.4000,1,2,2,2,1,1,1,1,1,1
SF,IH2009,2020-05-11 09:30:38.600,2763.8000,11917,0,33995160.000,0,-,-,-,-,2763.8000,2763.4000,2763.0000,2762.8000,2762.0000,2765.0000,2765.2000,2765.4000,2767.2000,2767.4000,2,1,2,2,1,1,1,1,1,1
SF,IH2009,2020-05-11 09:30:39.100,2763.8000,11917,0,33995160.000,0,-,-,-,-,2764.0000,2763.4000,2763.0000,2762.8000,2762.0000,2765.2000,2765.4000,2767.2000,2767.4000,2767.8000,1,1,2,2,1,1,1,1,1,3
SF,IH2009,2020-05-11 09:30:39.600,2763.8000,11917,0,33995160.000,0,-,-,-,-,2763.4000,2763.0000,2762.8000,2762.0000,2761.4000,2765.2000,2765.4000,2767.2000,2767.4000,2767.8000,1,2,2,1,1,1,1,1,1,3
SF,IH2009,2020-05-11 09:30:40.100,2763.8000,11917,0,33995160.000,0,-,-,-,-,2763.6000,2763.0000,2762.8000,2762.0000,2761.4000,2765.0000,2765.2000,2765.4000,2767.2000,2767.4000,1,2,2,1,1,1,1,1,1,1
SF,IH2009,2020-05-11 09:30:40.600,2763.8000,11917,0,33995160.000,0,-,-,-,-,2763.8000,2763.0000,2762.8000,2762.0000,2761.4000,2765.0000,2765.2000,2765.4000,2767.2000,2767.4000,1,2,2,1,1,1,1,1,1,1
SF,IH2009,2020-05-11 09:30:41.100,2763.8000,11917,0,33995160.000,0,-,-,-,-,2763.0000,2762.8000,2762.0000,2761.4000,2761.0000,2765.2000,2765.4000,2767.2000,2767.4000,2767.8000,2,2,1,1,1,1,1,1,1,3
SF,IH2009,2020-05-11 09:30:41.600,2763.8000,11917,0,33995160.000,0,-,-,-,-,2763.8000,2763.6000,2763.2000,2763.0000,2762.8000,2765.0000,2765.2000,2765.4000,2767.2000,2767.4000,1,1,10,2,2,1,1,1,1,1
SF,IH2009,2020-05-11 09:30:42.100,2763.8000,11917,0,33995160.000,0,-,-,-,-,2763.2000,2763.0000,2762.8000,2762.0000,2761.4000,2765.2000,2765.4000,2767.2000,2767.4000,2767.8000,2,2,2,1,1,1,1,1,1,3
SF,IH2009,2020-05-11 09:30:42.600,2763.8000,11917,0,33995160.000,0,-,-,-,-,2763.4000,2763.2000,2762.8000,2762.0000,2761.4000,2765.0000,2765.2000,2765.4000,2767.2000,2767.4000,1,1,2,1,1,2,1,1,1,1
SF,IH2009,2020-05-11 09:30:43.100,2763.8000,11917,0,33995160.000,0,-,-,-,-,2763.2000,2762.8000,2762.0000,2761.4000,2761.0000,2763.4000,2764.8000,2765.0000,2765.2000,2765.4000,1,2,1,1,1,1,2,1,1,1
SF,IH2009,2020-05-11 09:30:43.600,2763.4000,11915,-2,35653140.000,2,0,2,双平,S,2762.8000,2762.0000,2761.4000,2761.0000,2760.2000,2765.0000,2765.2000,2765.4000,2767.2000,2767.4000,2,1,1,1,1,1,1,1,1,1
SF,IH2009,2020-05-11 09:30:44.100,2763.4000,11915,0,35653140.000,0,-,-,-,-,2762.8000,2762.0000,2761.4000,2761.0000,2760.2000,2764.8000,2765.0000,2765.2000,2765.4000,2767.2000,2,1,1,1,1,1,1,1,1,1
SF,IH2009,2020-05-11 09:30:44.600,2763.4000,11915,0,35653140.000,0,-,-,-,-,2762.8000,2762.0000,2761.4000,2761.0000,2760.2000,2764.6000,2764.8000,2765.2000,2765.4000,2767.2000,2,1,1,1,1,3,2,1,1,1
SF,IH2009,2020-05-11 09:30:45.100,2763.4000,11915,0,35653140.000,0,-,-,-,-,2763.0000,2762.8000,2762.0000,2761.4000,2761.0000,2764.4000,2764.6000,2765.2000,2765.4000,2767.2000,1,2,1,1,1,2,1,1,1,1
SF,IH2009,2020-05-11 09:30:45.600,2763.4000,11915,0,35653140.000,0,-,-,-,-,2762.8000,2762.0000,2761.4000,2761.0000,2760.2000,2764.2000,2764.4000,2764.6000,2765.2000,2765.4000,2,1,1,1,1,1,1,1,1,1
SF,IH2009,2020-05-11 09:30:46.100,2763.4000,11915,0,35653140.000,0,-,-,-,-,2763.0000,2762.8000,2762.0000,2761.4000,2761.0000,2764.2000,2764.6000,2765.2000,2765.4000,2767.2000,1,2,1,1,1,1,1,1,1,1
SF,IH2009,2020-05-11 09:30:46.600,2763.4000,11915,0,35653140.000,0,-,-,-,-,2762.8000,2762.0000,2761.4000,2761.0000,2760.2000,2764.6000,2765.2000,2765.4000,2767.2000,2767.4000,2,1,1,1,1,1,1,1,1,1
SF,IH2009,2020-05-11 09:30:47.100,2763.4000,11915,0,35653140.000,0,-,-,-,-,2763.0000,2762.8000,2762.0000,2761.4000,2761.0000,2764.4000,2764.6000,2765.2000,2765.4000,2767.2000,1,2,1,1,1,1,1,1,1,1
SF,IH2009,2020-05-11 09:30:47.600,2763.4000,11915,0,35653140.000,0,-,-,-,-,2762.8000,2762.0000,2761.4000,2761.0000,2760.2000,2764.2000,2764.6000,2765.2000,2765.4000,2767.2000,2,1,1,1,1,2,1,1,1,1
SF,IH2009,2020-05-11 09:30:48.100,2763.4000,11915,0,35653140.000,0,-,-,-,-,2763.2000,2762.8000,2762.0000,2761.4000,2761.0000,2764.2000,2764.6000,2765.2000,2765.4000,2767.2000,1,2,1,1,1,1,1,1,1,1
SF,IH2009,2020-05-11 09:30:48.600,2763.4000,11915,0,35653140.000,0,-,-,-,-,2763.2000,2762.8000,2762.0000,2761.4000,2761.0000,2764.6000,2765.2000,2765.4000,2767.2000,2767.4000,1,2,1,1,1,1,1,1,1,1
SF,IH2009,2020-05-11 09:30:49.100,2763.4000,11915,0,35653140.000,0,-,-,-,-,2763.2000,2762.8000,2762.0000,2761.4000,2761.0000,2764.4000,2764.6000,2765.2000,2765.4000,2767.2000,1,2,1,1,1,1,1,1,1,1
SF,IH2009,2020-05-11 09:30:49.600,2763.4000,11915,0,35653140.000,0,-,-,-,-,2763.2000,2762.8000,2762.0000,2761.4000,2761.0000,2764.6000,2765.2000,2765.4000,2767.2000,2767.4000,1,2,1,1,1,1,1,1,1,1
SF,IH2009,2020-05-11 09:30:50.600,2763.4000,11914,-1,36482160.000,1,0,1,双平,S,2763.2000,2762.8000,2762.0000,2761.4000,2761.0000,2764.4000,2764.6000,2765.2000,2765.4000,2767.2000,1,2,1,1,1,1,1,1,1,1
SF,IH2009,2020-05-11 09:30:51.100,2763.4000,11914,0,36482160.000,0,-,-,-,-,2763.2000,2762.8000,2762.0000,2761.4000,2761.0000,2764.6000,2765.2000,2765.4000,2767.2000,2767.4000,1,2,1,1,1,1,1,1,1,1
SF,IH2009,2020-05-11 09:30:51.600,2763.4000,11914,0,36482160.000,0,-,-,-,-,2763.2000,2762.8000,2762.0000,2761.4000,2761.0000,2764.6000,2765.2000,2765.4000,2767.2000,2767.4000,1,2,1,1,1,1,1,1,1,1
SF,IH2009,2020-05-11 09:30:52.100,2763.4000,11914,0,36482160.000,0,-,-,-,-,2763.2000,2762.8000,2762.0000,2761.4000,2761.0000,2764.4000,2764.6000,2765.2000,2765.4000,2767.2000,1,2,1,1,1,1,1,1,1,1
SF,IH2009,2020-05-11 09:30:52.600,2763.4000,11914,0,36482160.000,0,-,-,-,-,2763.2000,2762.8000,2762.0000,2761.4000,2761.0000,2764.2000,2764.6000,2765.2000,2765.4000,2767.2000,1,2,1,1,1,1,1,1,1,1
SF,IH2009,2020-05-11 09:30:53.100,2763.4000,11914,0,36482160.000,0,-,-,-,-,2763.2000,2762.8000,2762.0000,2761.4000,2761.0000,2764.6000,2765.2000,2765.4000,2767.2000,2767.4000,1,2,1,1,1,1,1,1,1,1
SF,IH2009,2020-05-11 09:30:53.600,2763.4000,11914,0,36482160.000,0,-,-,-,-,2763.2000,2762.8000,2762.0000,2761.4000,2760.2000,2764.6000,2765.2000,2765.4000,2767.2000,2767.4000,1,2,1,1,1,2,1,1,1,1
SF,IH2009,2020-05-11 09:30:54.100,2763.4000,11914,0,36482160.000,0,-,-,-,-,2763.2000,2762.8000,2762.0000,2761.4000,2760.2000,2764.4000,2764.6000,2765.2000,2765.4000,2767.2000,1,2,1,1,1,1,2,1,1,1
SF,IH2009,2020-05-11 09:30:54.600,2763.4000,11914,0,36482160.000,0,-,-,-,-,2763.2000,2762.8000,2762.0000,2761.4000,2760.2000,2764.2000,2764.6000,2765.2000,2765.4000,2767.2000,1,2,1,1,1,1,2,1,1,1
SF,IH2009,2020-05-11 09:30:55.100,2763.4000,11914,0,36482160.000,0,-,-,-,-,2763.2000,2762.8000,2762.0000,2761.4000,2760.2000,2764.6000,2765.2000,2765.4000,2767.2000,2767.4000,1,2,1,1,1,2,1,1,1,1
SF,IH2009,2020-05-11 09:30:55.600,2763.4000,11914,0,36482160.000,0,-,-,-,-,2763.2000,2762.8000,2762.0000,2761.4000,2760.2000,2764.4000,2764.6000,2765.2000,2765.4000,2767.2000,1,2,1,1,1,1,2,1,1,1
SF,IH2009,2020-05-11 09:30:56.100,2764.6000,11914,0,38140800.000,2,1,1,多换,S,2763.2000,2762.8000,2762.0000,2761.4000,2760.2000,2764.6000,2765.2000,2765.4000,2767.2000,2767.4000,1,2,1,1,1,1,1,1,1,1
SF,IH2009,2020-05-11 09:30:56.600,2764.6000,11914,0,38140800.000,0,-,-,-,-,2763.2000,2762.8000,2762.0000,2761.4000,2760.2000,2764.6000,2765.2000,2765.4000,2767.2000,2767.4000,1,2,1,1,1,1,1,1,1,1
SF,IH2009,2020-05-11 09:31:00.100,2764.6000,11914,0,38140800.000,0,-,-,-,-,2763.4000,2763.2000,2762.8000,2762.0000,2761.4000,2764.6000,2765.2000,2765.4000,2767.2000,2767.4000,1,1,2,1,1,1,1,1,1,1
SF,IH2009,2020-05-11 09:31:00.600,2764.6000,11914,0,38140800.000,0,-,-,-,-,2763.6000,2763.2000,2762.8000,2762.0000,2761.4000,2764.6000,2765.2000,2765.4000,2767.2000,2767.4000,1,1,2,1,1,1,1,1,1,1
SF,IH2009,2020-05-11 09:31:01.100,2764.6000,11914,0,38140800.000,0,-,-,-,-,2763.4000,2763.2000,2762.8000,2762.0000,2761.4000,2764.6000,2765.2000,2765.4000,2767.2000,2767.4000,1,1,2,1,1,1,1,1,1,1
SF,IH2009,2020-05-11 09:31:01.600,2764.6000,11914,0,38140800.000,0,-,-,-,-,2763.4000,2763.2000,2762.8000,2762.0000,2761.4000,2764.6000,2765.2000,2765.4000,2767.2000,2767.4000,1,1,2,1,1,1,1,1,1,1
SF,IH2009,2020-05-11 09:31:02.100,2764.6000,11914,0,38140800.000,0,-,-,-,-,2763.6000,2763.4000,2763.2000,2762.8000,2762.0000,2764.6000,2765.2000,2765.4000,2767.2000,2767.4000,1,1,1,2,1,1,1,1,1,1
SF,IH2009,2020-05-11 09:31:02.600,2764.6000,11913,-1,38970180.000,1,0,1,双平,S,2764.6000,2763.4000,2763.2000,2762.8000,2762.0000,2765.2000,2765.4000,2767.2000,2767.4000,2767.8000,1,1,1,2,1,1,1,1,1,3
SF,IH2009,2020-05-11 09:31:03.100,2765.0000,11910,-3,41458560.000,3,0,3,双平,S,2763.4000,2763.2000,2762.8000,2762.0000,2761.4000,2765.2000,2765.4000,2767.2000,2767.4000,2767.8000,1,1,2,1,1,1,1,1,1,3
SF,IH2009,2020-05-11 09:31:03.600,2765.0000,11910,0,41458560.000,0,-,-,-,-,2763.6000,2763.4000,2763.2000,2762.8000,2762.0000,2765.0000,2765.2000,2765.4000,2767.2000,2767.4000,3,1,1,2,1,1,1,1,1,1
SF,IH2009,2020-05-11 09:31:04.100,2765.0000,11910,0,41458560.000,0,-,-,-,-,2763.8000,2763.6000,2763.4000,2763.2000,2762.8000,2765.0000,2765.2000,2765.4000,2767.2000,2767.4000,1,2,1,1,2,1,1,1,1,1
SF,IH2009,2020-05-11 09:31:04.600,2765.0000,11910,0,41458560.000,0,-,-,-,-,2763.6000,2763.4000,2763.2000,2762.8000,2762.0000,2765.0000,2765.2000,2765.4000,2767.2000,2767.4000,2,1,1,2,1,1,1,1,1,1
SF,IH2009,2020-05-11 09:31:05.100,2765.0000,11910,0,41458560.000,0,-,-,-,-,2763.6000,2763.4000,2763.2000,2762.8000,2762.0000,2764.8000,2765.0000,2765.2000,2765.4000,2767.2000,2,1,1,2,1,1,1,1,1,1
SF,IH2009,2020-05-11 09:31:05.600,2765.0000,11910,0,41458560.000,0,-,-,-,-,2763.6000,2763.4000,2763.2000,2762.8000,2762.0000,2764.8000,2765.0000,2765.2000,2765.4000,2767.2000,1,1,1,2,1,1,1,1,1,1
SF,IH2009,2020-05-11 09:31:06.100,2765.0000,11910,0,41458560.000,0,-,-,-,-,2763.6000,2763.4000,2763.2000,2763.0000,2762.8000,2764.8000,2765.0000,2765.2000,2765.4000,2767.2000,1,1,1,1,2,1,1,1,1,1
SF,IH2009,2020-05-11 09:31:06.600,2765.0000,11910,0,41458560.000,0,-,-,-,-,2763.6000,2763.4000,2763.2000,2763.0000,2762.8000,2764.8000,2765.0000,2765.2000,2765.4000,2767.2000,1,1,1,1,2,1,1,1,1,1
SF,IH2009,2020-05-11 09:31:07.100,2763.6000,11909,-1,42287640.000,1,0,1,双平,S,2763.4000,2763.2000,2763.0000,2762.8000,2762.0000,2764.8000,2765.0000,2765.2000,2765.4000,2767.2000,1,1,1,2,1,1,1,1,1,1
SF,IH2009,2020-05-11 09:31:07.600,2763.6000,11909,0,42287640.000,0,-,-,-,-,2763.6000,2763.4000,2763.2000,2763.0000,2762.8000,2764.8000,2765.0000,2765.2000,2765.4000,2767.2000,1,1,1,1,2,1,1,1,1,1
SF,IH2009,2020-05-11 09:31:08.600,2763.6000,11909,0,42287640.000,0,-,-,-,-,2763.6000,2763.4000,2763.2000,2763.0000,2762.8000,2764.6000,2764.8000,2765.0000,2765.2000,2765.4000,1,1,1,1,2,1,1,1,1,1
SF,IH2009,2020-05-11 09:31:09.600,2764.6000,11908,-1,43117020.000,1,0,1,双平,S,2763.6000,2763.4000,2763.2000,2763.0000,2762.8000,2764.8000,2765.0000,2765.2000,2765.4000,2767.2000,1,1,1,1,2,1,1,1,1,1
SF,IH2009,2020-05-11 09:31:11.600,2764.6000,11908,0,43117020.000,0,-,-,-,-,2763.8000,2763.6000,2763.4000,2763.2000,2763.0000,2764.8000,2765.0000,2765.2000,2765.4000,2767.2000,1,1,1,1,1,1,1,1,1,1
SF,IH2009,2020-05-11 09:31:14.100,2764.6000,11908,0,43117020.000,0,-,-,-,-,2764.0000,2763.8000,2763.6000,2763.4000,2763.2000,2765.0000,2765.2000,2765.4000,2767.2000,2767.4000,1,1,1,1,1,1,1,1,1,1
SF,IH2009,2020-05-11 09:31:14.600,2764.6000,11908,0,43117020.000,0,-,-,-,-,2763.8000,2763.6000,2763.4000,2763.2000,2763.0000,2765.2000,2765.4000,2767.0000,2767.2000,2767.4000,1,1,1,1,1,1,1,1,1,1
SF,IH2009,2020-05-11 09:31:15.100,2764.6000,11908,0,43117020.000,0,-,-,-,-,2764.0000,2763.8000,2763.4000,2763.2000,2763.0000,2765.2000,2765.4000,2767.0000,2767.2000,2767.4000,3,1,1,1,1,1,1,1,1,1
SF,IH2009,2020-05-11 09:31:15.600,2764.6000,11908,0,43117020.000,0,-,-,-,-,2764.2000,2764.0000,2763.8000,2763.4000,2763.2000,2765.2000,2765.4000,2767.0000,2767.2000,2767.4000,1,2,1,1,1,1,1,1,1,1
SF,IH2009,2020-05-11 09:31:16.100,2764.6000,11908,0,43117020.000,0,-,-,-,-,2764.0000,2763.8000,2763.4000,2763.2000,2763.0000,2765.2000,2765.4000,2767.0000,2767.2000,2767.4000,1,1,1,1,1,1,1,1,1,1
SF,IH2009,2020-05-11 09:31:16.600,2764.6000,11908,0,43117020.000,0,-,-,-,-,2764.0000,2763.4000,2763.2000,2763.0000,2762.8000,2764.2000,2765.0000,2765.2000,2765.4000,2767.0000,1,1,1,1,2,1,1,1,1,1
SF,IH2009,2020-05-11 09:31:17.100,2764.2000,11907,-1,43946280.000,1,0,1,双平,S,2764.2000,2764.0000,2763.2000,2763.0000,2762.8000,2765.2000,2765.4000,2767.0000,2767.2000,2767.4000,2,2,1,1,2,1,1,1,1,1
SF,IH2009,2020-05-11 09:31:17.600,2764.2000,11906,-1,44775540.000,1,0,1,双平,S,2764.0000,2763.2000,2763.0000,2762.8000,2762.2000,2765.0000,2765.2000,2765.4000,2767.0000,2767.2000,2,1,1,2,1,1,1,1,1,1
SF,IH2009,2020-05-11 09:31:18.100,2764.2000,11906,0,44775540.000,0,-,-,-,-,2764.0000,2763.2000,2763.0000,2762.8000,2762.2000,2764.8000,2765.0000,2765.2000,2765.4000,2767.0000,1,1,1,2,1,2,1,1,1,1
SF,IH2009,2020-05-11 09:31:18.600,2764.0000,11906,0,45604740.000,1,0,1,多换,S,2763.2000,2763.0000,2762.8000,2762.2000,2762.0000,2764.8000,2765.0000,2765.2000,2765.4000,2767.0000,1,1,2,1,1,1,1,1,1,1
SF,IH2009,2020-05-11 09:31:19.100,2764.0000,11906,0,45604740.000,0,-,-,-,-,2763.4000,2763.2000,2762.8000,2762.2000,2762.0000,2764.8000,2765.0000,2765.2000,2765.4000,2767.0000,3,1,2,1,1,1,1,1,1,1
SF,IH2009,2020-05-11 09:31:19.600,2764.0000,11906,0,45604740.000,0,-,-,-,-,2764.0000,2763.4000,2763.2000,2762.8000,2762.2000,2764.8000,2765.0000,2765.2000,2765.4000,2767.0000,1,2,1,2,1,1,1,1,1,1
SF,IH2009,2020-05-11 09:31:20.100,2764.0000,11906,0,45604740.000,0,-,-,-,-,2764.0000,2763.4000,2763.2000,2762.8000,2762.2000,2765.0000,2765.2000,2765.4000,2767.0000,2767.2000,1,2,1,2,1,1,1,1,1,1
SF,IH2009,2020-05-11 09:31:20.600,2764.0000,11906,0,45604740.000,0,-,-,-,-,2764.0000,2763.4000,2763.2000,2762.8000,2762.2000,2765.0000,2765.2000,2765.4000,2767.0000,2767.2000,1,1,1,2,1,1,1,1,1,1
SF,IH2009,2020-05-11 09:31:21.100,2764.0000,11906,0,45604740.000,0,-,-,-,-,2764.0000,2763.4000,2763.2000,2762.8000,2762.2000,2765.0000,2765.2000,2765.4000,2767.0000,2767.2000,1,1,1,2,1,1,1,1,1,1
SF,IH2009,2020-05-11 09:31:24.100,2764.0000,11906,0,45604740.000,0,-,-,-,-,2764.0000,2763.4000,2763.2000,2762.8000,2762.2000,2765.0000,2765.2000,2765.4000,2767.0000,2767.2000,2,1,1,2,1,1,1,1,1,1
SF,IH2009,2020-05-11 09:31:24.600,2765.0000,11906,0,46434240.000,1,0,1,多换,S,2764.0000,2763.4000,2763.2000,2762.8000,2762.2000,2765.2000,2765.4000,2767.0000,2767.2000,2767.4000,2,1,1,2,1,1,1,1,1,1
SF,IH2009,2020-05-11 09:31:25.100,2765.0000,11906,0,46434240.000,0,-,-,-,-,2764.2000,2764.0000,2763.4000,2763.2000,2762.8000,2765.2000,2765.4000,2767.0000,2767.2000,2767.4000,1,2,1,1,2,1,1,1,1,1
SF,IH2009,2020-05-11 09:31:26.600,2765.0000,11906,0,46434240.000,0,-,-,-,-,2765.0000,2764.2000,2764.0000,2763.4000,2763.2000,2765.2000,2765.4000,2767.0000,2767.2000,2767.4000,1,1,2,1,1,1,1,1,1,1
SF,IH2009,2020-05-11 09:31:27.100,2765.0000,11905,-1,47263740.000,1,0,1,双平,S,2764.0000,2763.4000,2763.2000,2762.8000,2761.4000,2765.0000,2765.2000,2765.4000,2767.0000,2767.2000,2,1,1,2,1,1,1,1,1,1
SF,IH2009,2020-05-11 09:31:27.600,2765.0000,11905,0,47263740.000,0,-,-,-,-,2764.0000,2763.4000,2763.2000,2762.8000,2761.4000,2765.0000,2765.2000,2765.4000,2766.0000,2767.0000,2,1,1,2,1,1,1,1,1,1
SF,IH2009,2020-05-11 09:31:28.100,2765.0000,11905,0,47263740.000,0,-,-,-,-,2764.0000,2763.4000,2763.2000,2762.8000,2761.4000,2765.0000,2765.2000,2765.4000,2766.0000,2767.0000,2,1,1,2,1,1,1,1,1,2
SF,IH2009,2020-05-11 09:31:28.600,2765.0000,11904,-1,48093240.000,1,0,1,双平,S,2764.0000,2763.4000,2763.2000,2762.8000,2761.4000,2765.2000,2765.4000,2766.0000,2767.0000,2767.2000,2,1,1,2,1,1,1,1,2,1
SF,IH2009,2020-05-11 09:31:29.100,2765.2000,11904,0,48922800.000,1,0,1,多换,S,2764.0000,2763.4000,2763.2000,2762.8000,2761.4000,2765.4000,2766.0000,2767.0000,2767.2000,2767.4000,2,1,1,2,1,1,1,2,1,1
SF,IH2009,2020-05-11 09:31:29.600,2765.2000,11904,0,48922800.000,0,-,-,-,-,2764.2000,2764.0000,2763.4000,2763.2000,2762.8000,2765.2000,2765.4000,2766.0000,2767.0000,2767.2000,1,2,1,1,2,1,1,1,2,1
SF,IH2009,2020-05-11 09:31:31.100,2765.2000,11904,0,49752360.000,1,0,1,多换,S,2764.2000,2764.0000,2763.4000,2763.2000,2762.8000,2765.4000,2766.0000,2767.0000,2767.2000,2767.4000,1,2,1,1,2,1,1,2,1,1
SF,IH2009,2020-05-11 09:31:31.600,2765.2000,11904,0,49752360.000,0,-,-,-,-,2764.4000,2764.2000,2764.0000,2763.2000,2762.8000,2765.4000,2766.0000,2767.0000,2767.2000,2767.4000,1,1,2,1,2,1,1,2,1,1
SF,IH2009,2020-05-11 09:31:32.100,2765.2000,11904,0,49752360.000,0,-,-,-,-,2764.6000,2764.4000,2764.2000,2764.0000,2763.6000,2765.4000,2766.0000,2767.0000,2767.2000,2767.4000,1,1,1,2,1,1,1,2,1,1
SF,IH2009,2020-05-11 09:31:32.600,2765.2000,11904,0,49752360.000,0,-,-,-,-,2764.6000,2764.4000,2764.2000,2764.0000,2763.6000,2765.4000,2766.0000,2767.0000,2767.2000,2767.4000,1,1,1,2,1,1,1,2,1,1
SF,IH2009,2020-05-11 09:31:36.100,2765.4000,11904,0,50581980.000,1,0,1,多换,S,2764.6000,2764.4000,2764.2000,2764.0000,2763.6000,2766.0000,2767.0000,2767.2000,2767.4000,2767.8000,1,1,1,2,1,1,2,1,1,2
SF,IH2009,2020-05-11 09:31:36.600,2765.4000,11904,0,50581980.000,0,-,-,-,-,2764.8000,2764.6000,2764.2000,2764.0000,2763.6000,2766.0000,2767.0000,2767.2000,2767.4000,2767.8000,1,1,1,2,1,1,2,1,1,2
SF,IH2009,2020-05-11 09:31:37.100,2765.4000,11904,0,50581980.000,0,-,-,-,-,2765.0000,2764.8000,2764.6000,2764.2000,2764.0000,2766.0000,2767.0000,2767.2000,2767.4000,2767.8000,1,1,1,1,2,1,2,1,1,2
SF,IH2009,2020-05-11 09:31:38.100,2765.4000,11904,0,50581980.000,0,-,-,-,-,2765.0000,2764.8000,2764.6000,2764.2000,2764.0000,2766.0000,2767.0000,2767.2000,2767.4000,2767.8000,1,1,1,1,2,2,2,1,1,2
SF,IH2009,2020-05-11 09:31:39.100,2765.4000,11904,0,50581980.000,0,-,-,-,-,2765.0000,2764.8000,2764.6000,2764.2000,2764.0000,2766.0000,2767.0000,2767.2000,2767.4000,2767.8000,1,1,1,1,2,2,2,1,1,2
SF,IH2009,2020-05-11 09:31:40.100,2766.0000,11904,0,51411780.000,1,0,1,多换,S,2765.0000,2764.8000,2764.6000,2764.2000,2764.0000,2767.0000,2767.2000,2767.4000,2767.8000,2768.0000,1,1,1,1,2,2,1,1,2,2
SF,IH2009,2020-05-11 09:31:40.600,2766.0000,11904,0,51411780.000,0,-,-,-,-,2765.2000,2765.0000,2764.6000,2764.2000,2764.0000,2766.8000,2767.0000,2767.2000,2767.4000,2767.8000,2,1,1,1,2,3,2,1,1,2
SF,IH2009,2020-05-11 09:31:41.100,2766.0000,11904,0,51411780.000,0,-,-,-,-,2765.4000,2765.2000,2765.0000,2764.6000,2764.2000,2766.2000,2766.8000,2767.0000,2767.2000,2767.4000,1,2,1,2,1,1,3,2,1,1
SF,IH2009,2020-05-11 09:31:41.600,2765.4000,11903,-1,52241400.000,1,0,1,双平,S,2765.2000,2765.0000,2764.6000,2764.2000,2764.0000,2766.2000,2766.8000,2767.0000,2767.2000,2767.4000,1,1,2,1,2,1,3,2,1,1
SF,IH2009,2020-05-11 09:31:42.100,2765.2000,11902,-1,53070960.000,1,0,1,双平,S,2765.0000,2764.6000,2764.2000,2764.0000,2763.6000,2766.2000,2766.8000,2767.0000,2767.2000,2767.4000,1,2,1,2,1,1,3,2,1,1
SF,IH2009,2020-05-11 09:31:43.100,2766.2000,11901,-1,53900820.000,1,0,1,双平,S,2765.0000,2764.6000,2764.2000,2764.0000,2763.6000,2766.8000,2767.0000,2767.4000,2767.8000,2768.0000,1,2,1,2,1,3,2,1,2,2
SF,IH2009,2020-05-11 09:31:43.600,2766.2000,11901,0,53900820.000,0,-,-,-,-,2765.2000,2765.0000,2764.6000,2764.2000,2764.0000,2766.8000,2767.0000,2767.8000,2768.0000,2768.8000,2,1,2,1,2,2,2,2,2,2
SF,IH2009,2020-05-11 09:31:44.600,2766.8000,11900,-1,54730860.000,1,0,1,双平,S,2765.2000,2765.0000,2764.6000,2764.2000,2764.0000,2766.8000,2767.0000,2767.8000,2768.0000,2768.8000,2,1,2,1,2,1,2,2,2,2
SF,IH2009,2020-05-11 09:31:45.600,2766.8000,11900,0,54730860.000,0,-,-,-,-,2765.2000,2765.0000,2764.6000,2764.2000,2764.0000,2766.8000,2767.0000,2767.8000,2768.0000,2768.8000,2,1,2,1,2,1,2,2,2,2
SF,IH2009,2020-05-11 09:31:46.100,2766.8000,11900,0,54730860.000,0,-,-,-,-,2765.2000,2765.0000,2764.6000,2764.2000,2764.0000,2766.8000,2767.0000,2767.8000,2768.0000,2768.8000,3,1,2,1,2,1,2,2,2,2
SF,IH2009,2020-05-11 09:31:46.600,2766.8000,11900,0,54730860.000,0,-,-,-,-,2766.8000,2765.2000,2765.0000,2764.6000,2764.2000,2767.0000,2767.8000,2768.0000,2768.8000,2769.6000,1,3,1,2,1,1,2,2,2,1
SF,IH2009,2020-05-11 09:31:47.100,2767.0000,11898,-2,56391000.000,2,0,2,双平,S,2765.2000,2765.0000,2764.6000,2764.2000,2764.0000,2767.8000,2768.0000,2768.8000,2769.6000,2770.0000,4,1,2,1,2,2,2,2,1,1
SF,IH2009,2020-05-11 09:31:47.600,2765.4000,11897,-1,57220620.000,1,0,1,双平,S,2765.4000,2765.2000,2765.0000,2764.6000,2764.2000,2767.6000,2767.8000,2768.0000,2768.8000,2769.6000,1,4,1,2,1,2,2,2,2,2
SF,IH2009,2020-05-11 09:31:48.100,2765.4000,11897,0,57220620.000,0,-,-,-,-,2765.6000,2765.4000,2765.2000,2765.0000,2764.6000,2767.6000,2767.8000,2768.0000,2768.8000,2769.6000,2,1,2,1,2,2,2,2,2,2
SF,IH2009,2020-05-11 09:31:48.600,2765.4000,11897,0,57220620.000,0,-,-,-,-,2765.8000,2765.6000,2765.2000,2765.0000,2764.6000,2767.6000,2767.8000,2768.0000,2768.8000,2769.6000,1,2,2,1,2,2,2,2,2,2
SF,IH2009,2020-05-11 09:31:49.100,2765.4000,11897,0,57220620.000,0,-,-,-,-,2766.0000,2765.2000,2765.0000,2764.6000,2764.2000,2767.6000,2767.8000,2768.0000,2768.8000,2769.6000,2,2,1,2,1,2,2,2,2,2
SF,IH2009,2020-05-11 09:31:49.600,2765.4000,11897,0,57220620.000,0,-,-,-,-,2766.0000,2765.2000,2765.0000,2764.6000,2764.2000,2767.6000,2767.8000,2768.0000,2768.8000,2769.6000,2,2,1,2,1,2,2,2,2,2
SF,IH2009,2020-05-11 09:31:50.100,2765.4000,11897,0,57220620.000,0,-,-,-,-,2766.0000,2765.2000,2765.0000,2764.6000,2764.2000,2767.6000,2767.8000,2768.0000,2768.8000,2769.6000,2,2,1,2,1,1,2,2,2,2
SF,IH2009,2020-05-11 09:31:51.100,2765.4000,11897,0,57220620.000,0,-,-,-,-,2766.0000,2765.2000,2765.0000,2764.6000,2764.2000,2767.6000,2767.8000,2768.0000,2768.8000,2769.6000,2,2,1,2,1,1,2,2,2,2
SF,IH2009,2020-05-11 09:31:51.600,2765.4000,11897,0,57220620.000,0,-,-,-,-,2766.0000,2765.2000,2765.0000,2764.6000,2764.2000,2767.6000,2767.8000,2768.0000,2768.8000,2769.6000,2,2,1,2,1,1,2,2,2,2
SF,IH2009,2020-05-11 09:31:52.100,2765.4000,11897,0,57220620.000,0,-,-,-,-,2766.4000,2766.0000,2765.2000,2765.0000,2764.6000,2767.8000,2768.0000,2768.8000,2769.6000,2770.0000,9,4,2,1,2,2,2,2,2,1
SF,IH2009,2020-05-11 09:31:52.600,2765.4000,11897,0,57220620.000,0,-,-,-,-,2767.6000,2766.6000,2766.4000,2766.0000,2765.2000,2767.8000,2768.0000,2768.8000,2769.6000,2770.0000,1,1,1,3,2,2,2,2,2,1
SF,IH2009,2020-05-11 09:31:53.100,2767.8000,11895,-2,58881300.000,2,0,2,双平,S,2767.8000,2766.6000,2766.4000,2766.0000,2765.2000,2768.0000,2768.8000,2769.6000,2770.0000,2772.6000,3,1,1,3,1,2,2,2,1,1
SF,IH2009,2020-05-11 09:31:53.600,2767.8000,11895,0,58881300.000,0,-,-,-,-,2767.8000,2766.6000,2766.4000,2766.0000,2765.2000,2768.0000,2768.8000,2769.6000,2770.0000,2772.6000,1,1,1,3,1,1,2,2,1,1
SF,IH2009,2020-05-11 09:31:54.100,2768.0000,11894,-1,59711700.000,1,0,1,双平,S,2767.8000,2766.6000,2766.4000,2766.0000,2765.2000,2768.8000,2769.6000,2770.0000,2772.6000,2773.4000,1,1,1,3,1,2,2,1,1,1
SF,IH2009,2020-05-11 09:31:54.600,2768.0000,11894,0,59711700.000,0,-,-,-,-,2766.6000,2766.4000,2766.0000,2765.2000,2765.0000,2768.8000,2769.6000,2770.0000,2772.6000,2773.4000,1,1,3,1,1,2,2,2,1,1
SF,IH2009,2020-05-11 09:31:55.100,2768.0000,11894,0,59711700.000,0,-,-,-,-,2766.8000,2766.6000,2766.4000,2766.0000,2765.2000,2768.6000,2768.8000,2769.6000,2770.0000,2770.8000,10,1,1,2,1,1,2,2,2,1
SF,IH2009,2020-05-11 09:31:55.600,2768.0000,11894,0,59711700.000,0,-,-,-,-,2767.0000,2766.8000,2766.4000,2766.0000,2765.2000,2768.6000,2768.8000,2769.6000,2770.0000,2770.8000,1,2,1,2,1,1,2,2,2,1
SF,IH2009,2020-05-11 09:31:57.100,2768.0000,11894,0,59711700.000,0,-,-,-,-,2767.0000,2766.8000,2766.4000,2766.0000,2765.2000,2768.6000,2768.8000,2769.6000,2770.0000,2770.8000,1,2,1,2,1,1,2,2,2,1
SF,IH2009,2020-05-11 09:31:57.600,2768.0000,11894,0,59711700.000,0,-,-,-,-,2767.0000,2766.8000,2766.4000,2766.0000,2765.2000,2768.6000,2768.8000,2769.6000,2770.0000,2770.8000,1,2,1,2,1,1,2,2,2,1
SF,IH2009,2020-05-11 09:31:58.100,2768.0000,11894,0,59711700.000,0,-,-,-,-,2767.0000,2766.8000,2766.4000,2766.0000,2765.2000,2768.6000,2768.8000,2769.6000,2770.0000,2770.8000,1,1,1,2,1,1,2,2,2,1
SF,IH2009,2020-05-11 09:31:58.600,2768.0000,11894,0,59711700.000,0,-,-,-,-,2767.0000,2766.8000,2766.4000,2766.0000,2765.2000,2768.8000,2769.6000,2770.0000,2770.8000,2772.6000,1,1,1,2,1,2,2,2,1,1
SF,IH2009,2020-05-11 09:31:59.100,2768.0000,11894,0,59711700.000,0,-,-,-,-,2768.6000,2767.2000,2767.0000,2766.4000,2766.0000,2768.8000,2769.6000,2770.0000,2770.8000,2772.6000,1,1,1,1,2,2,2,2,1,1
SF,IH2009,2020-05-11 09:31:59.600,2768.6000,11894,0,60542280.000,1,0,1,多换,S,2767.2000,2767.0000,2766.4000,2766.0000,2765.2000,2768.6000,2768.8000,2769.6000,2770.0000,2770.8000,1,1,1,2,1,2,2,2,2,1
SF,IH2009,2020-05-11 09:32:00.100,2768.8000,11895,1,62203500.000,2,1,1,空开,S,2768.6000,2767.4000,2766.4000,2766.0000,2765.2000,2768.8000,2769.6000,2770.0000,2770.8000,2772.6000,4,1,1,2,1,1,2,2,1,1
SF,IH2009,2020-05-11 09:32:00.600,2768.6000,11897,2,65525820.000,4,3,1,空开,S,2767.4000,2766.4000,2766.0000,2765.2000,2765.0000,2768.6000,2768.8000,2769.6000,2770.0000,2770.8000,1,1,2,1,1,2,2,2,2,1
SF,IH2009,2020-05-11 09:32:01.100,2768.6000,11897,0,65525820.000,0,-,-,-,-,2766.4000,2766.0000,2765.2000,2765.0000,2764.6000,2768.4000,2768.6000,2768.8000,2769.6000,2770.0000,1,2,1,1,2,1,2,2,2,2
SF,IH2009,2020-05-11 09:32:01.600,2768.6000,11897,0,65525820.000,0,-,-,-,-,2766.6000,2766.4000,2766.0000,2765.2000,2765.0000,2768.6000,2768.8000,2769.6000,2770.0000,2772.6000,9,1,2,1,1,2,2,2,2,1
SF,IH2009,2020-05-11 09:32:02.100,2768.6000,11895,-2,67186920.000,2,0,2,双平,S,2766.8000,2766.6000,2766.4000,2766.0000,2765.2000,2768.4000,2768.6000,2768.8000,2769.6000,2770.0000,1,1,1,2,1,1,1,3,2,2
SF,IH2009,2020-05-11 09:32:02.600,2768.6000,11895,0,67186920.000,0,-,-,-,-,2767.0000,2766.8000,2766.4000,2766.0000,2765.2000,2768.4000,2768.6000,2768.8000,2769.6000,2769.8000,1,1,1,2,1,1,1,3,2,1
SF,IH2009,2020-05-11 09:32:03.100,2768.4000,11895,0,68017440.000,1,0,1,多换,S,2767.0000,2766.8000,2766.4000,2766.0000,2765.2000,2768.6000,2768.8000,2769.6000,2769.8000,2770.0000,1,1,1,2,1,1,3,2,1,2
SF,IH2009,2020-05-11 09:32:03.600,2768.4000,11895,0,68017440.000,0,-,-,-,-,2767.2000,2767.0000,2766.8000,2766.4000,2766.0000,2768.6000,2768.8000,2769.6000,2769.8000,2770.0000,1,1,1,1,2,1,3,2,1,2
SF,IH2009,2020-05-11 09:32:04.100,2768.4000,11895,0,68017440.000,0,-,-,-,-,2767.4000,2767.2000,2766.8000,2766.4000,2766.0000,2768.6000,2768.8000,2769.6000,2769.8000,2770.0000,1,1,1,1,2,1,3,2,1,2
SF,IH2009,2020-05-11 09:32:04.600,2768.6000,11894,-1,68848020.000,1,0,1,双平,S,2768.6000,2767.4000,2767.2000,2766.8000,2766.4000,2768.8000,2769.6000,2769.8000,2770.0000,2772.6000,1,1,2,1,1,3,2,1,2,1
SF,IH2009,2020-05-11 09:32:05.100,2768.6000,11894,0,69678600.000,1,0,1,多换,S,2767.4000,2767.2000,2766.8000,2766.4000,2766.0000,2768.8000,2769.6000,2769.8000,2770.0000,2772.6000,1,2,1,1,2,3,2,1,2,1
SF,IH2009,2020-05-11 09:32:05.600,2768.6000,11894,0,69678600.000,0,-,-,-,-,2767.6000,2767.4000,2767.2000,2767.0000,2766.8000,2768.8000,2769.6000,2769.8000,2770.0000,2772.6000,1,1,1,1,1,3,2,1,2,1
SF,IH2009,2020-05-11 09:32:06.100,2768.8000,11893,-1,70509240.000,1,0,1,双平,S,2767.8000,2767.6000,2767.2000,2767.0000,2766.8000,2768.8000,2769.6000,2769.8000,2770.0000,2772.6000,1,1,1,1,1,2,2,1,2,1
SF,IH2009,2020-05-11 09:32:07.100,2768.8000,11893,0,70509240.000,0,-,-,-,-,2767.8000,2767.6000,2767.2000,2767.0000,2766.8000,2768.8000,2769.0000,2769.6000,2769.8000,2770.0000,1,1,1,1,1,2,1,2,1,2
SF,IH2009,2020-05-11 09:32:07.600,2768.8000,11893,0,70509240.000,0,-,-,-,-,2768.0000,2767.8000,2767.2000,2767.0000,2766.8000,2768.8000,2769.0000,2769.6000,2769.8000,2770.0000,1,1,1,1,1,2,1,2,1,2
SF,IH2009,2020-05-11 09:32:08.100,2768.8000,11893,0,70509240.000,0,-,-,-,-,2768.0000,2767.8000,2767.2000,2767.0000,2766.8000,2768.8000,2769.0000,2769.6000,2769.8000,2770.0000,1,1,1,1,1,2,1,2,1,2
SF,IH2009,2020-05-11 09:32:10.600,2768.8000,11893,0,72170520.000,2,1,1,多换,S,2768.8000,2768.0000,2767.8000,2767.2000,2767.0000,2769.0000,2769.6000,2769.8000,2770.0000,2772.6000,1,1,1,1,1,1,2,1,2,1
SF,IH2009,2020-05-11 09:32:11.100,2769.0000,11893,0,73001220.000,1,0,1,多换,S,2769.0000,2768.0000,2767.8000,2767.2000,2766.8000,2769.6000,2769.8000,2770.0000,2770.8000,2772.6000,1,2,1,1,1,2,1,2,1,1
SF,IH2009,2020-05-11 09:32:11.600,2769.0000,11893,0,73001220.000,0,-,-,-,-,2769.0000,2768.0000,2767.8000,2767.2000,2766.8000,2769.6000,2769.8000,2770.0000,2770.8000,2771.6000,1,2,1,2,1,2,1,2,1,1
SF,IH2009,2020-05-11 09:32:12.100,2769.0000,11893,0,73001220.000,0,-,-,-,-,2769.2000,2769.0000,2768.0000,2767.2000,2766.8000,2769.6000,2769.8000,2770.0000,2770.8000,2771.6000,1,1,2,2,1,1,1,2,1,1
SF,IH2009,2020-05-11 09:32:12.600,2769.0000,11892,-1,73831920.000,1,0,1,双平,S,2769.0000,2768.0000,2767.2000,2766.8000,2766.4000,2769.6000,2769.8000,2770.0000,2770.8000,2771.6000,1,2,2,1,1,1,1,2,1,1
SF,IH2009,2020-05-11 09:32:13.100,2769.6000,11891,-1,74662800.000,1,0,1,双平,S,2769.0000,2768.0000,2767.2000,2766.8000,2766.4000,2769.8000,2770.0000,2770.8000,2771.6000,2772.6000,1,2,2,1,1,1,2,1,1,1
SF,IH2009,2020-05-11 09:32:14.600,2769.8000,11891,0,75493740.000,1,0,1,多换,S,2769.8000,2769.0000,2768.0000,2767.2000,2766.8000,2770.0000,2770.8000,2771.6000,2772.6000,2773.4000,2,1,2,2,1,1,1,1,1,1
SF,IH2009,2020-05-11 09:32:15.100,2770.0000,11890,-1,76324740.000,1,0,1,双平,S,2770.0000,2769.8000,2769.0000,2768.0000,2767.2000,2771.6000,2772.6000,2773.4000,2774.0000,2775.0000,1,2,1,2,1,1,1,1,1,1
SF,IH2009,2020-05-11 09:32:15.600,2771.4000,11890,0,77156160.000,1,0,1,多换,S,2770.2000,2770.0000,2769.8000,2769.0000,2768.0000,2771.6000,2772.6000,2773.4000,2774.0000,2775.0000,2,2,2,1,2,1,2,1,1,1
SF,IH2009,2020-05-11 09:32:16.100,2770.2000,11887,-3,79649700.000,3,0,3,双平,S,2770.0000,2769.8000,2769.0000,2768.0000,2767.2000,2771.6000,2772.6000,2773.4000,2774.0000,2775.0000,2,3,1,2,1,1,2,1,1,1
SF,IH2009,2020-05-11 09:32:16.600,2770.2000,11887,0,79649700.000,0,-,-,-,-,2770.2000,2770.0000,2769.8000,2769.0000,2768.0000,2771.6000,2772.6000,2773.4000,2774.0000,2775.0000,1,1,3,1,2,1,2,1,1,1
SF,IH2009,2020-05-11 09:32:17.100,2770.2000,11887,0,79649700.000,0,-,-,-,-,2770.2000,2770.0000,2769.8000,2769.0000,2768.0000,2771.6000,2772.6000,2773.4000,2774.0000,2775.0000,1,1,3,1,2,1,2,1,1,1
SF,IH2009,2020-05-11 09:32:17.600,2770.2000,11887,0,79649700.000,0,-,-,-,-,2770.2000,2770.0000,2769.8000,2769.0000,2768.0000,2772.6000,2773.4000,2774.0000,2775.0000,2777.8000,1,1,3,1,2,2,1,1,1,5
SF,IH2009,2020-05-11 09:32:18.100,2770.2000,11887,0,79649700.000,0,-,-,-,-,2770.4000,2770.2000,2770.0000,2769.8000,2769.0000,2772.4000,2772.6000,2773.4000,2774.0000,2775.0000,1,1,1,3,1,2,2,1,2,1
SF,IH2009,2020-05-11 09:32:18.600,2770.2000,11887,0,79649700.000,0,-,-,-,-,2770.6000,2770.4000,2770.0000,2769.8000,2769.0000,2772.2000,2772.4000,2772.6000,2773.4000,2774.0000,2,1,1,3,1,1,2,2,1,2
SF,IH2009,2020-05-11 09:32:19.100,2770.2000,11887,0,79649700.000,0,-,-,-,-,2770.6000,2770.4000,2770.0000,2769.8000,2769.0000,2772.2000,2772.4000,2772.6000,2773.4000,2774.0000,1,1,1,3,1,1,1,2,1,2
SF,IH2009,2020-05-11 09:32:19.600,2770.2000,11887,0,79649700.000,0,-,-,-,-,2770.6000,2770.4000,2770.0000,2769.8000,2769.0000,2772.0000,2772.2000,2772.6000,2773.4000,2774.0000,1,1,1,3,1,1,1,2,1,2
SF,IH2009,2020-05-11 09:32:23.100,2772.0000,11886,-1,80481300.000,1,0,1,双平,S,2771.0000,2770.6000,2770.4000,2770.0000,2769.8000,2772.2000,2772.6000,2773.4000,2774.0000,2775.0000,8,1,1,1,3,1,2,1,2,1
SF,IH2009,2020-05-11 09:32:23.600,2771.2000,11885,-1,81312660.000,1,0,1,双平,S,2771.0000,2770.4000,2770.0000,2769.8000,2769.0000,2772.6000,2773.4000,2774.0000,2775.0000,2780.0000,8,1,1,3,1,2,1,2,1,1
SF,IH2009,2020-05-11 09:32:24.100,2771.2000,11885,0,81312660.000,0,-,-,-,-,2771.2000,2770.4000,2770.0000,2769.8000,2769.0000,2772.4000,2772.6000,2773.4000,2774.0000,2775.0000,1,1,1,3,1,1,2,1,2,1
SF,IH2009,2020-05-11 09:32:24.600,2771.2000,11885,0,81312660.000,0,-,-,-,-,2771.6000,2771.2000,2770.4000,2770.0000,2769.8000,2772.6000,2773.4000,2774.0000,2775.0000,2780.0000,8,1,1,1,3,2,1,2,1,1
SF,IH2009,2020-05-11 09:32:25.100,2771.2000,11885,0,81312660.000,0,-,-,-,-,2772.2000,2771.8000,2771.6000,2770.4000,2770.0000,2772.6000,2773.4000,2774.0000,2775.0000,2780.0000,1,1,8,1,1,2,1,2,1,1
SF,IH2009,2020-05-11 09:32:25.600,2772.6000,11884,-1,82144440.000,1,0,1,双平,S,2772.6000,2772.4000,2772.2000,2771.8000,2770.4000,2773.4000,2774.0000,2775.0000,2780.0000,2781.6000,4,8,1,1,1,1,2,1,1,5
SF,IH2009,2020-05-11 09:32:26.100,2772.6000,11884,0,82144440.000,0,-,-,-,-,2772.6000,2772.2000,2771.8000,2770.4000,2769.8000,2773.4000,2774.0000,2775.0000,2780.0000,2781.6000,3,1,1,1,1,1,2,1,1,5
SF,IH2009,2020-05-11 09:32:26.600,2772.6000,11884,0,82144440.000,0,-,-,-,-,2772.6000,2772.2000,2771.8000,2770.4000,2769.8000,2773.4000,2774.0000,2775.0000,2780.0000,2781.6000,1,1,2,1,1,1,2,1,1,5
SF,IH2009,2020-05-11 09:32:27.100,2772.6000,11884,0,82144440.000,0,-,-,-,-,2772.6000,2772.2000,2771.8000,2771.0000,2770.4000,2773.4000,2774.0000,2775.0000,2780.0000,2781.6000,1,1,2,1,1,1,2,1,1,5
SF,IH2009,2020-05-11 09:32:29.100,2772.6000,11884,0,82144440.000,0,-,-,-,-,2772.6000,2772.2000,2771.8000,2771.0000,2770.4000,2773.4000,2774.0000,2775.0000,2780.0000,2781.6000,1,1,2,1,1,1,2,1,1,5
SF,IH2009,2020-05-11 09:32:30.100,2773.4000,11883,-1,82976460.000,1,0,1,双平,S,2772.6000,2772.2000,2771.8000,2771.0000,2770.4000,2774.0000,2775.0000,2780.0000,2781.6000,2783.8000,1,1,2,1,1,2,1,1,5,1
SF,IH2009,2020-05-11 09:32:30.600,2773.4000,11883,0,82976460.000,0,-,-,-,-,2772.6000,2772.2000,2771.8000,2771.0000,2770.4000,2773.2000,2773.8000,2774.0000,2774.8000,2775.0000,1,1,2,1,1,1,1,2,1,1
SF,IH2009,2020-05-11 09:32:31.100,2772.6000,11883,0,83808240.000,1,0,1,多换,S,2772.2000,2771.8000,2771.0000,2770.4000,2770.2000,2773.2000,2773.8000,2774.0000,2774.8000,2775.0000,1,2,1,1,1,1,1,2,1,1
SF,IH2009,2020-05-11 09:32:31.600,2773.2000,11882,-1,84640200.000,1,0,1,双平,S,2773.2000,2772.2000,2771.8000,2771.0000,2770.4000,2773.8000,2774.0000,2774.8000,2775.0000,2780.0000,1,1,2,1,1,1,2,1,1,1
SF,IH2009,2020-05-11 09:32:32.100,2773.2000,11881,-1,85472160.000,1,0,1,双平,S,2773.2000,2771.8000,2771.0000,2770.4000,2767.8000,2773.8000,2774.0000,2774.8000,2775.0000,2780.0000,1,2,1,1,1,1,2,1,1,1
SF,IH2009,2020-05-11 09:32:32.600,2773.2000,11881,0,85472160.000,0,-,-,-,-,2773.2000,2771.8000,2771.0000,2770.4000,2770.0000,2773.8000,2774.0000,2774.8000,2775.0000,2780.0000,1,2,1,1,1,1,2,1,1,1
SF,IH2009,2020-05-11 09:32:33.100,2773.2000,11881,0,85472160.000,0,-,-,-,-,2773.2000,2771.8000,2771.0000,2770.4000,2770.0000,2773.8000,2774.0000,2774.8000,2775.0000,2780.0000,1,2,1,1,1,1,2,1,1,1
SF,IH2009,2020-05-11 09:32:33.600,2773.2000,11881,0,85472160.000,0,-,-,-,-,2773.2000,2771.8000,2771.0000,2770.4000,2770.0000,2773.8000,2774.0000,2774.8000,2775.0000,2777.0000,1,2,1,1,1,1,2,1,1,1
SF,IH2009,2020-05-11 09:32:34.100,2773.2000,11881,0,85472160.000,0,-,-,-,-,2773.2000,2771.8000,2771.0000,2770.4000,2770.0000,2773.8000,2774.0000,2774.8000,2775.0000,2777.0000,1,2,1,1,1,1,2,1,1,1
SF,IH2009,2020-05-11 09:32:34.600,2773.2000,11881,0,85472160.000,0,-,-,-,-,2773.2000,2771.8000,2771.0000,2770.4000,2770.0000,2773.6000,2773.8000,2774.0000,2774.8000,2775.0000,1,2,1,1,1,1,1,2,1,1
SF,IH2009,2020-05-11 09:32:35.600,2773.2000,11881,0,85472160.000,0,-,-,-,-,2773.2000,2771.8000,2771.0000,2770.4000,2770.0000,2773.8000,2774.0000,2774.8000,2775.0000,2777.0000,1,2,1,1,1,1,3,1,1,1
SF,IH2009,2020-05-11 09:32:36.600,2773.2000,11881,0,85472160.000,0,-,-,-,-,2773.2000,2771.8000,2771.0000,2770.4000,2770.2000,2773.8000,2774.0000,2774.8000,2775.0000,2777.0000,1,2,1,1,1,1,3,1,1,1
SF,IH2009,2020-05-11 09:32:37.100,2773.2000,11881,0,86304120.000,1,0,1,多换,S,2771.8000,2771.0000,2770.4000,2770.2000,2770.0000,2773.8000,2774.0000,2774.8000,2775.0000,2777.0000,2,1,1,1,1,1,3,1,1,1
SF,IH2009,2020-05-11 09:32:37.600,2773.2000,11881,0,86304120.000,0,-,-,-,-,2772.2000,2772.0000,2771.8000,2771.0000,2770.2000,2773.8000,2774.0000,2774.8000,2775.0000,2777.0000,8,5,2,1,1,1,3,1,1,1
SF,IH2009,2020-05-11 09:32:38.100,2773.2000,11881,0,86304120.000,0,-,-,-,-,2772.4000,2772.0000,2771.8000,2771.0000,2770.2000,2773.8000,2774.0000,2774.8000,2775.0000,2777.0000,2,5,1,1,1,1,3,1,1,1
SF,IH2009,2020-05-11 09:32:38.600,2773.2000,11881,0,86304120.000,0,-,-,-,-,2772.4000,2772.0000,2771.8000,2771.0000,2770.2000,2773.8000,2774.0000,2774.8000,2775.0000,2777.0000,2,5,1,1,6,1,3,1,1,1
SF,IH2009,2020-05-11 09:32:39.100,2773.2000,11881,0,86304120.000,0,-,-,-,-,2772.4000,2772.0000,2771.8000,2771.0000,2770.2000,2773.8000,2774.0000,2774.8000,2775.0000,2777.0000,1,5,1,1,6,1,3,1,1,1
SF,IH2009,2020-05-11 09:32:39.600,2773.2000,11881,0,86304120.000,0,-,-,-,-,2772.4000,2772.0000,2771.8000,2771.0000,2770.2000,2773.8000,2774.0000,2774.8000,2775.0000,2777.0000,1,5,1,1,1,1,3,1,1,1
SF,IH2009,2020-05-11 09:32:40.600,2773.2000,11881,0,86304120.000,0,-,-,-,-,2772.6000,2772.4000,2772.0000,2771.8000,2771.0000,2773.8000,2774.0000,2774.8000,2775.0000,2777.0000,1,1,5,1,1,1,3,1,1,1
SF,IH2009,2020-05-11 09:32:41.100,2773.2000,11881,0,86304120.000,0,-,-,-,-,2772.8000,2772.6000,2772.0000,2771.8000,2771.0000,2773.8000,2774.0000,2774.8000,2775.0000,2777.0000,1,1,5,1,1,1,3,1,1,1
SF,IH2009,2020-05-11 09:32:42.100,2772.8000,11880,-1,87135960.000,1,0,1,双平,S,2772.6000,2772.0000,2771.8000,2771.0000,2770.2000,2773.8000,2774.0000,2774.8000,2775.0000,2777.0000,1,5,1,1,1,1,3,1,1,1
SF,IH2009,2020-05-11 09:32:42.600,2772.8000,11880,0,87135960.000,0,-,-,-,-,2773.0000,2772.8000,2772.0000,2771.8000,2771.0000,2773.8000,2774.0000,2774.8000,2775.0000,2777.0000,1,1,5,1,1,1,3,1,1,1
SF,IH2009,2020-05-11 09:32:43.600,2772.8000,11880,0,87135960.000,0,-,-,-,-,2772.8000,2772.0000,2771.8000,2771.0000,2770.2000,2773.8000,2774.0000,2774.8000,2775.0000,2777.0000,1,5,1,1,1,1,3,1,1,1
SF,IH2009,2020-05-11 09:32:44.100,2773.8000,11880,0,87968100.000,1,0,1,多换,S,2772.8000,2772.0000,2771.8000,2771.0000,2770.2000,2774.0000,2774.8000,2775.0000,2777.0000,2780.0000,1,6,1,1,1,3,1,1,1,1
SF,IH2009,2020-05-11 09:32:44.600,2773.8000,11880,0,87968100.000,0,-,-,-,-,2773.0000,2772.8000,2772.0000,2771.8000,2771.0000,2774.0000,2774.8000,2775.0000,2775.8000,2777.0000,1,1,6,1,1,3,1,1,1,1
SF,IH2009,2020-05-11 09:32:45.100,2773.8000,11880,0,88800240.000,1,0,1,多换,S,2773.0000,2772.8000,2772.0000,2771.8000,2771.0000,2773.6000,2774.0000,2774.8000,2775.0000,2775.8000,1,1,6,1,1,1,3,1,1,1
SF,IH2009,2020-05-11 09:32:45.600,2773.8000,11880,0,88800240.000,0,-,-,-,-,2773.0000,2772.8000,2772.0000,2771.8000,2771.0000,2773.6000,2774.0000,2774.8000,2775.0000,2775.8000,1,1,6,1,1,1,3,1,1,1
SF,IH2009,2020-05-11 09:32:47.100,2773.6000,11879,-1,89632320.000,1,0,1,双平,S,2773.0000,2772.8000,2772.0000,2771.8000,2771.0000,2774.0000,2774.8000,2775.0000,2775.8000,2777.0000,1,1,6,1,1,3,1,1,1,1
SF,IH2009,2020-05-11 09:32:47.600,2773.6000,11879,0,89632320.000,0,-,-,-,-,2773.6000,2773.0000,2772.8000,2772.0000,2771.8000,2774.0000,2774.8000,2775.0000,2775.8000,2777.0000,1,1,1,6,1,3,1,1,1,1
SF,IH2009,2020-05-11 09:32:48.100,2773.6000,11879,0,89632320.000,0,-,-,-,-,2773.6000,2773.0000,2772.8000,2772.0000,2771.8000,2774.0000,2774.8000,2775.0000,2775.8000,2777.0000,1,1,1,6,1,2,1,1,1,1
SF,IH2009,2020-05-11 09:32:48.600,2774.0000,11878,-1,90464520.000,1,0,1,双平,S,2773.6000,2773.0000,2772.8000,2772.0000,2771.8000,2774.0000,2774.8000,2775.0000,2775.8000,2777.0000,1,1,1,6,1,1,1,1,1,1
SF,IH2009,2020-05-11 09:32:49.100,2774.0000,11878,0,90464520.000,0,-,-,-,-,2773.6000,2773.0000,2772.8000,2772.0000,2771.8000,2774.0000,2774.8000,2775.0000,2775.8000,2777.0000,1,1,1,6,1,1,1,1,1,1
SF,IH2009,2020-05-11 09:32:49.600,2774.0000,11877,-1,91296720.000,1,0,1,双平,S,2773.6000,2773.0000,2772.8000,2772.0000,2771.8000,2774.8000,2775.0000,2775.8000,2777.0000,2780.0000,1,1,1,6,1,1,1,1,1,1
SF,IH2009,2020-05-11 09:32:50.100,2774.0000,11877,0,91296720.000,0,-,-,-,-,2773.8000,2773.6000,2773.0000,2772.0000,2771.8000,2774.8000,2775.0000,2775.8000,2776.6000,2777.0000,1,1,1,6,1,1,1,1,1,1
SF,IH2009,2020-05-11 09:32:50.600,2774.0000,11877,0,91296720.000,0,-,-,-,-,2773.8000,2773.6000,2773.0000,2772.0000,2771.8000,2774.6000,2774.8000,2775.0000,2775.8000,2776.6000,1,1,1,6,1,1,1,1,1,1
SF,IH2009,2020-05-11 09:32:51.600,2773.8000,11876,-1,92961000.000,2,0,2,多平,S,2774.0000,2773.6000,2772.0000,2771.8000,2770.2000,2774.6000,2774.8000,2775.0000,2775.8000,2776.0000,2,1,6,1,1,1,1,1,1,3
SF,IH2009,2020-05-11 09:32:52.100,2774.0000,11875,-1,94625400.000,2,0,2,多平,S,2773.6000,2772.0000,2771.8000,2770.2000,2767.8000,2774.6000,2774.8000,2775.0000,2775.8000,2776.0000,1,6,1,1,1,1,1,1,1,3
SF,IH2009,2020-05-11 09:32:52.600,2773.6000,11874,-1,95457480.000,1,0,1,双平,S,2772.0000,2771.8000,2770.2000,2767.8000,2767.0000,2774.4000,2774.6000,2774.8000,2775.0000,2775.8000,6,1,1,1,1,1,1,1,1,1
SF,IH2009,2020-05-11 09:32:53.100,2773.6000,11874,0,95457480.000,0,-,-,-,-,2772.4000,2772.2000,2772.0000,2771.8000,2770.8000,2774.2000,2774.4000,2774.6000,2774.8000,2775.0000,8,2,5,1,1,1,1,1,1,1
SF,IH2009,2020-05-11 09:32:53.600,2773.6000,11874,0,95457480.000,0,-,-,-,-,2773.8000,2772.6000,2772.0000,2771.8000,2770.8000,2774.0000,2774.2000,2774.6000,2774.8000,2775.0000,1,2,5,1,1,1,1,1,1,1
SF,IH2009,2020-05-11 09:32:54.100,2773.8000,11873,-1,96289620.000,1,0,1,双平,S,2772.6000,2772.0000,2771.8000,2770.2000,2767.8000,2774.0000,2774.2000,2774.6000,2774.8000,2775.0000,2,5,1,1,1,1,1,1,1,1
SF,IH2009,2020-05-11 09:32:54.600,2773.8000,11873,0,96289620.000,0,-,-,-,-,2772.6000,2772.0000,2771.8000,2770.2000,2767.8000,2774.0000,2774.2000,2774.6000,2774.8000,2775.0000,1,5,1,1,1,1,1,1,1,1
SF,IH2009,2020-05-11 09:32:56.100,2773.8000,11873,0,96289620.000,0,-,-,-,-,2772.6000,2772.0000,2771.8000,2770.2000,2767.8000,2774.0000,2774.2000,2774.8000,2775.0000,2775.8000,1,5,1,1,1,1,1,1,1,1
SF,IH2009,2020-05-11 09:32:56.600,2773.8000,11873,0,96289620.000,0,-,-,-,-,2772.6000,2772.0000,2771.8000,2770.2000,2767.8000,2774.0000,2774.8000,2775.0000,2775.8000,2776.0000,1,5,1,1,1,1,1,1,1,3
SF,IH2009,2020-05-11 09:32:57.100,2773.8000,11873,0,96289620.000,0,-,-,-,-,2772.6000,2772.0000,2771.8000,2770.2000,2767.8000,2773.8000,2774.0000,2774.8000,2775.0000,2775.8000,1,5,1,1,1,1,1,1,1,1
SF,IH2009,2020-05-11 09:32:57.600,2774.0000,11871,-2,97953960.000,2,0,2,双平,S,2774.0000,2773.0000,2772.6000,2772.0000,2771.8000,2774.8000,2775.0000,2775.8000,2776.0000,2777.0000,1,1,1,5,1,1,1,1,3,1
SF,IH2009,2020-05-11 09:32:58.100,2774.0000,11871,0,98786160.000,1,0,1,多换,S,2773.0000,2772.6000,2772.0000,2771.8000,2770.2000,2774.2000,2774.8000,2775.0000,2775.8000,2776.0000,1,1,5,1,1,1,1,1,1,3
SF,IH2009,2020-05-11 09:32:58.600,2774.0000,11871,0,98786160.000,0,-,-,-,-,2773.0000,2772.6000,2772.0000,2771.8000,2770.2000,2774.0000,2774.8000,2775.0000,2775.8000,2776.0000,1,1,5,1,1,1,1,1,1,3
SF,IH2009,2020-05-11 09:32:59.100,2774.0000,11871,0,98786160.000,0,-,-,-,-,2773.0000,2772.8000,2772.6000,2772.0000,2771.8000,2774.0000,2774.8000,2775.0000,2775.8000,2776.0000,1,1,1,5,1,1,1,1,1,3
SF,IH2009,2020-05-11 09:33:00.100,2773.0000,11871,0,99618060.000,1,0,1,多换,S,2772.8000,2772.6000,2772.0000,2771.8000,2770.2000,2774.0000,2774.8000,2775.0000,2775.8000,2776.0000,1,1,5,1,1,1,1,1,1,3
SF,IH2009,2020-05-11 09:33:00.600,2774.0000,11870,-1,100450260.000,1,0,1,双平,S,2774.0000,2772.8000,2772.0000,2771.8000,2770.8000,2774.8000,2775.0000,2775.8000,2776.0000,2777.0000,2,1,2,1,1,1,1,1,3,1
SF,IH2009,2020-05-11 09:33:01.100,2774.0000,11868,-2,102114660.000,2,0,2,双平,S,2774.0000,2772.0000,2771.8000,2770.2000,2767.0000,2774.2000,2774.6000,2774.8000,2775.0000,2775.8000,2,2,1,1,1,1,1,1,1,1
SF,IH2009,2020-05-11 09:33:01.600,2774.0000,11868,0,103779060.000,2,1,1,多换,S,2772.0000,2771.8000,2770.4000,2770.2000,2767.0000,2774.0000,2774.2000,2774.6000,2774.8000,2775.0000,2,1,1,1,1,4,1,1,1,1
SF,IH2009,2020-05-11 09:33:02.100,2774.0000,11868,0,103779060.000,0,-,-,-,-,2772.4000,2772.2000,2772.0000,2771.8000,2770.4000,2774.0000,2774.2000,2774.6000,2774.8000,2775.0000,8,4,5,1,1,4,1,1,1,1
SF,IH2009,2020-05-11 09:33:02.600,2774.0000,11870,2,106275660.000,3,2,1,空开,S,2772.6000,2772.4000,2772.2000,2772.0000,2771.8000,2774.0000,2774.6000,2774.8000,2775.0000,2775.8000,3,8,1,5,1,1,1,1,1,1
SF,IH2009,2020-05-11 09:33:03.100,2774.0000,11870,0,107107860.000,1,0,1,多换,S,2774.2000,2772.8000,2772.6000,2772.2000,2772.0000,2774.6000,2774.8000,2775.0000,2775.8000,2776.0000,1,1,2,1,5,1,1,1,1,3
SF,IH2009,2020-05-11 09:33:03.600,2774.2000,11869,-1,107940120.000,1,0,1,双平,S,2772.8000,2772.6000,2772.2000,2772.0000,2770.2000,2774.6000,2774.8000,2775.0000,2775.8000,2776.0000,1,2,1,5,1,1,1,1,1,3
SF,IH2009,2020-05-11 09:33:04.100,2773.0000,11868,-1,108772020.000,1,0,1,双平,S,2773.0000,2772.8000,2772.0000,2770.2000,2770.0000,2774.6000,2774.8000,2775.0000,2775.8000,2776.0000,2,1,5,1,1,1,1,1,1,3
SF,IH2009,2020-05-11 09:33:04.600,2773.0000,11868,0,108772020.000,0,-,-,-,-,2773.0000,2772.8000,2772.0000,2770.2000,2770.0000,2774.6000,2774.8000,2775.0000,2775.8000,2776.0000,2,1,5,1,1,1,1,1,1,3
SF,IH2009,2020-05-11 09:33:05.600,2773.0000,11868,0,108772020.000,0,-,-,-,-,2773.2000,2773.0000,2772.8000,2772.0000,2770.2000,2774.6000,2774.8000,2775.0000,2775.8000,2776.0000,8,2,1,5,1,1,1,1,1,3
SF,IH2009,2020-05-11 09:33:06.100,2773.0000,11868,0,108772020.000,0,-,-,-,-,2773.6000,2773.4000,2773.2000,2773.0000,2772.0000,2774.6000,2774.8000,2775.0000,2775.8000,2776.0000,1,3,8,2,5,1,1,1,1,3
SF,IH2009,2020-05-11 09:33:06.600,2774.6000,11867,-1,109604400.000,1,0,1,双平,S,2774.6000,2773.6000,2773.4000,2773.0000,2772.0000,2775.0000,2775.8000,2776.0000,2777.0000,2780.0000,1,1,3,2,5,1,1,3,1,1
SF,IH2009,2020-05-11 09:33:07.100,2775.0000,11866,-1,110436900.000,1,0,1,双平,S,2774.6000,2773.6000,2773.4000,2773.2000,2773.0000,2775.8000,2776.0000,2777.0000,2780.0000,2783.8000,1,1,3,2,2,1,3,1,1,1
SF,IH2009,2020-05-11 09:33:07.600,2775.0000,11866,0,110436900.000,0,-,-,-,-,2774.6000,2773.6000,2773.4000,2773.2000,2773.0000,2775.8000,2776.0000,2776.6000,2777.0000,2780.0000,1,1,3,2,2,1,3,1,1,1
SF,IH2009,2020-05-11 09:33:08.100,2775.0000,11866,0,110436900.000,0,-,-,-,-,2774.8000,2774.6000,2773.6000,2773.4000,2773.2000,2776.0000,2776.6000,2777.0000,2777.8000,2780.0000,1,1,1,2,2,3,1,1,1,1
SF,IH2009,2020-05-11 09:33:08.600,2775.0000,11866,0,110436900.000,0,-,-,-,-,2774.8000,2774.6000,2773.6000,2773.4000,2773.2000,2776.0000,2776.6000,2777.0000,2777.8000,2780.0000,1,1,1,2,2,3,1,1,1,1
SF,IH2009,2020-05-11 09:33:09.100,2775.0000,11866,0,111269400.000,1,0,1,多换,S,2774.8000,2774.6000,2773.6000,2773.4000,2773.2000,2776.0000,2776.6000,2777.0000,2777.8000,2780.0000,1,1,1,2,2,3,1,1,1,1
SF,IH2009,2020-05-11 09:33:09.600,2776.0000,11864,-2,112935000.000,2,0,2,双平,S,2774.8000,2774.6000,2773.6000,2773.4000,2773.2000,2776.0000,2776.6000,2777.0000,2777.8000,2780.0000,1,1,1,2,2,1,1,1,1,1
SF,IH2009,2020-05-11 09:33:10.100,2776.0000,11863,-1,113767800.000,1,0,1,双平,S,2774.8000,2774.6000,2773.6000,2773.4000,2773.2000,2776.6000,2777.0000,2777.8000,2780.0000,2783.8000,1,1,1,2,2,1,1,1,1,1
SF,IH2009,2020-05-11 09:33:10.600,2776.0000,11863,0,113767800.000,0,-,-,-,-,2775.0000,2774.8000,2774.6000,2773.6000,2773.4000,2776.6000,2777.0000,2777.8000,2780.0000,2783.8000,10,1,1,1,1,1,1,1,1,1
SF,IH2009,2020-05-11 09:33:11.100,2775.2000,11862,-1,114600360.000,1,0,1,双平,S,2775.2000,2775.0000,2774.6000,2773.6000,2773.4000,2776.4000,2776.6000,2777.0000,2777.8000,2778.8000,1,1,1,1,1,4,1,1,1,1
SF,IH2009,2020-05-11 09:33:11.600,2775.2000,11862,0,114600360.000,0,-,-,-,-,2775.0000,2774.6000,2773.6000,2773.4000,2773.2000,2776.4000,2776.6000,2777.0000,2777.8000,2778.8000,2,1,1,1,2,4,1,1,1,1
SF,IH2009,2020-05-11 09:33:12.100,2775.0000,11861,-1,115432860.000,1,0,1,双平,S,2774.6000,2773.6000,2773.4000,2773.2000,2773.0000,2776.2000,2776.4000,2776.6000,2777.0000,2777.8000,1,1,1,2,2,2,4,1,1,1
SF,IH2009,2020-05-11 09:33:12.600,2775.0000,11861,0,115432860.000,0,-,-,-,-,2774.8000,2774.6000,2773.6000,2773.4000,2773.2000,2776.2000,2776.4000,2776.6000,2777.0000,2777.8000,1,1,1,1,2,2,4,1,1,1
SF,IH2009,2020-05-11 09:33:13.100,2775.0000,11861,0,115432860.000,0,-,-,-,-,2774.8000,2774.6000,2773.6000,2773.4000,2773.2000,2776.0000,2776.2000,2776.4000,2776.6000,2777.0000,1,1,1,1,2,1,2,3,1,1
SF,IH2009,2020-05-11 09:33:13.600,2775.0000,11861,0,115432860.000,0,-,-,-,-,2774.8000,2774.6000,2773.6000,2773.4000,2773.2000,2776.0000,2776.2000,2776.4000,2776.6000,2777.0000,1,1,1,1,2,1,2,3,1,1
SF,IH2009,2020-05-11 09:33:14.100,2774.8000,11860,-1,116265300.000,1,0,1,双平,S,2774.6000,2773.6000,2773.4000,2773.2000,2773.0000,2776.2000,2776.4000,2776.6000,2777.0000,2777.8000,1,1,1,2,2,2,3,1,1,1
SF,IH2009,2020-05-11 09:33:14.600,2774.8000,11860,0,116265300.000,0,-,-,-,-,2775.0000,2774.8000,2774.6000,2773.6000,2773.4000,2776.0000,2776.2000,2776.4000,2776.6000,2777.0000,1,1,1,1,1,1,2,3,1,1
SF,IH2009,2020-05-11 09:33:15.100,2774.8000,11860,0,116265300.000,0,-,-,-,-,2775.0000,2774.8000,2774.6000,2773.6000,2773.4000,2776.0000,2776.2000,2776.4000,2776.6000,2777.0000,1,1,1,1,1,2,2,3,1,1
SF,IH2009,2020-05-11 09:33:16.600,2774.8000,11859,-1,117930240.000,2,0,2,多平,S,2774.6000,2773.6000,2773.4000,2773.2000,2773.0000,2774.8000,2775.0000,2776.0000,2776.2000,2776.4000,1,1,1,2,2,1,1,2,2,3
SF,IH2009,2020-05-11 09:33:17.100,2774.8000,11859,0,117930240.000,0,-,-,-,-,2773.6000,2773.4000,2773.2000,2773.0000,2772.4000,2774.6000,2775.0000,2776.0000,2776.2000,2776.6000,1,1,2,2,1,1,1,2,2,1
SF,IH2009,2020-05-11 09:33:17.600,2774.8000,11859,0,117930240.000,0,-,-,-,-,2773.8000,2773.6000,2773.4000,2773.2000,2773.0000,2775.0000,2776.0000,2776.2000,2776.6000,2777.0000,1,1,1,2,2,2,2,2,1,1
SF,IH2009,2020-05-11 09:33:18.100,2773.8000,11858,-1,118762380.000,1,0,1,双平,S,2773.6000,2773.4000,2773.2000,2773.0000,2772.4000,2774.8000,2775.0000,2776.0000,2776.2000,2776.6000,1,1,2,2,1,2,2,1,2,1
SF,IH2009,2020-05-11 09:33:19.600,2773.8000,11858,0,118762380.000,0,-,-,-,-,2773.6000,2773.4000,2773.2000,2773.0000,2772.2000,2774.8000,2775.0000,2776.0000,2776.2000,2776.6000,1,1,2,2,1,2,2,1,2,1
SF,IH2009,2020-05-11 09:33:20.600,2773.8000,11858,0,118762380.000,0,-,-,-,-,2773.6000,2773.4000,2773.2000,2773.0000,2772.2000,2774.8000,2775.0000,2776.0000,2776.2000,2776.6000,1,1,2,2,1,2,2,1,5,1
SF,IH2009,2020-05-11 09:33:21.100,2773.8000,11858,0,118762380.000,0,-,-,-,-,2773.6000,2773.4000,2773.2000,2773.0000,2772.2000,2774.8000,2775.0000,2776.0000,2776.2000,2776.6000,1,1,2,2,1,1,2,1,5,1
SF,IH2009,2020-05-11 09:33:21.600,2773.8000,11858,0,118762380.000,0,-,-,-,-,2773.6000,2773.4000,2773.2000,2773.0000,2772.2000,2774.8000,2775.0000,2776.0000,2776.2000,2776.6000,1,1,2,1,1,1,2,1,5,1
SF,IH2009,2020-05-11 09:33:22.100,2773.8000,11858,0,118762380.000,0,-,-,-,-,2773.6000,2773.4000,2773.2000,2773.0000,2772.2000,2774.8000,2775.0000,2776.0000,2776.2000,2776.6000,1,1,2,1,1,1,2,1,5,1
SF,IH2009,2020-05-11 09:33:24.600,2773.8000,11858,0,118762380.000,0,-,-,-,-,2773.6000,2773.4000,2773.2000,2773.0000,2772.2000,2774.8000,2775.0000,2776.0000,2776.2000,2776.6000,1,1,2,1,1,1,2,1,5,1
SF,IH2009,2020-05-11 09:33:25.100,2773.8000,11858,0,118762380.000,0,-,-,-,-,2773.6000,2773.4000,2773.2000,2773.0000,2772.2000,2774.6000,2774.8000,2775.0000,2776.0000,2776.2000,1,1,2,1,1,1,1,2,1,5
SF,IH2009,2020-05-11 09:33:27.600,2773.6000,11857,-1,119594460.000,1,0,1,双平,S,2773.4000,2773.2000,2773.0000,2772.2000,2772.0000,2773.6000,2774.6000,2774.8000,2775.0000,2776.0000,1,2,1,1,5,1,1,1,2,1
SF,IH2009,2020-05-11 09:33:28.100,2773.2000,11856,-1,120426420.000,1,0,1,双平,S,2773.2000,2773.0000,2772.2000,2772.0000,2771.2000,2773.6000,2774.8000,2775.0000,2776.0000,2776.2000,1,1,1,5,1,1,1,2,1,5
SF,IH2009,2020-05-11 09:33:28.600,2773.2000,11856,0,120426420.000,0,-,-,-,-,2773.2000,2773.0000,2772.2000,2772.0000,2771.2000,2773.6000,2774.6000,2774.8000,2775.0000,2776.0000,1,1,1,5,1,2,1,1,2,2
SF,IH2009,2020-05-11 09:33:29.100,2773.2000,11855,-1,121258380.000,1,0,1,双平,S,2773.0000,2772.2000,2772.0000,2771.2000,2770.2000,2773.4000,2773.6000,2774.6000,2774.8000,2775.0000,1,1,5,1,1,1,2,1,1,2
SF,IH2009,2020-05-11 09:33:30.100,2773.0000,11855,0,122090280.000,1,0,1,多换,S,2772.2000,2772.0000,2771.2000,2770.2000,2770.0000,2773.4000,2773.6000,2774.6000,2774.8000,2775.0000,1,5,1,1,1,1,2,1,1,2
SF,IH2009,2020-05-11 09:33:30.600,2773.0000,11855,0,122090280.000,0,-,-,-,-,2772.4000,2772.2000,2772.0000,2771.2000,2770.6000,2773.6000,2774.6000,2774.8000,2775.0000,2775.4000,1,1,5,1,1,2,1,1,2,1
SF,IH2009,2020-05-11 09:33:31.100,2773.0000,11855,0,122090280.000,0,-,-,-,-,2773.4000,2772.4000,2772.2000,2772.0000,2771.2000,2773.6000,2774.6000,2774.8000,2775.0000,2775.4000,1,1,1,5,1,2,1,1,2,1
SF,IH2009,2020-05-11 09:33:31.600,2773.4000,11855,0,122922300.000,1,0,1,多换,S,2772.4000,2772.2000,2772.0000,2771.2000,2770.2000,2773.4000,2773.6000,2774.6000,2774.8000,2775.0000,1,1,5,1,1,1,2,1,1,2
SF,IH2009,2020-05-11 09:33:32.100,2773.4000,11855,0,122922300.000,0,-,-,-,-,2772.4000,2772.2000,2772.0000,2771.2000,2770.6000,2773.4000,2773.6000,2774.6000,2774.8000,2775.0000,1,1,5,1,1,1,2,1,1,2
SF,IH2009,2020-05-11 09:33:32.600,2773.4000,11855,0,122922300.000,0,-,-,-,-,2772.4000,2772.2000,2772.0000,2771.2000,2770.6000,2773.4000,2773.6000,2774.6000,2774.8000,2775.0000,1,1,8,1,1,1,2,1,1,2
SF,IH2009,2020-05-11 09:33:33.100,2773.4000,11855,0,122922300.000,0,-,-,-,-,2772.4000,2772.2000,2772.0000,2771.2000,2770.6000,2773.4000,2773.6000,2774.0000,2774.6000,2774.8000,1,1,8,1,1,1,2,1,1,1
SF,IH2009,2020-05-11 09:33:33.600,2773.6000,11854,-1,123754380.000,1,0,1,双平,S,2773.4000,2772.4000,2772.2000,2772.0000,2771.2000,2774.0000,2774.6000,2774.8000,2775.0000,2775.4000,1,1,1,8,1,1,1,1,2,1
SF,IH2009,2020-05-11 09:33:34.100,2773.6000,11853,-1,124586460.000,1,0,1,双平,S,2772.4000,2772.2000,2772.0000,2771.2000,2770.2000,2774.0000,2774.6000,2774.8000,2775.0000,2775.4000,1,1,8,1,1,1,1,1,2,1
SF,IH2009,2020-05-11 09:33:34.600,2773.6000,11853,0,124586460.000,0,-,-,-,-,2772.6000,2772.4000,2772.2000,2772.0000,2771.2000,2774.0000,2774.6000,2774.8000,2775.0000,2775.4000,9,1,1,8,1,1,1,1,2,1
SF,IH2009,2020-05-11 09:33:35.100,2773.6000,11853,0,124586460.000,0,-,-,-,-,2772.8000,2772.6000,2772.2000,2772.0000,2771.2000,2774.0000,2774.6000,2774.8000,2775.0000,2775.4000,1,9,1,8,1,1,1,1,2,1
SF,IH2009,2020-05-11 09:33:35.600,2773.6000,11853,0,124586460.000,0,-,-,-,-,2772.8000,2772.6000,2772.2000,2772.0000,2771.2000,2774.0000,2774.6000,2774.8000,2775.0000,2775.4000,1,1,1,8,1,1,1,1,2,1
SF,IH2009,2020-05-11 09:33:36.100,2773.6000,11853,0,124586460.000,0,-,-,-,-,2772.2000,2772.0000,2771.2000,2770.2000,2770.0000,2773.8000,2774.0000,2774.6000,2775.0000,2775.4000,1,8,1,1,1,1,1,1,2,1
SF,IH2009,2020-05-11 09:33:36.600,2773.6000,11853,0,124586460.000,0,-,-,-,-,2772.4000,2772.2000,2772.0000,2771.2000,2770.2000,2773.8000,2774.0000,2774.6000,2775.0000,2775.4000,1,1,8,1,1,1,1,1,2,1
SF,IH2009,2020-05-11 09:33:37.100,2773.6000,11853,0,124586460.000,0,-,-,-,-,2772.4000,2772.2000,2772.0000,2771.2000,2770.2000,2773.8000,2774.0000,2774.6000,2775.0000,2775.4000,1,1,5,1,1,1,1,1,2,1
SF,IH2009,2020-05-11 09:33:37.600,2772.4000,11853,0,125418180.000,1,0,1,多换,S,2772.2000,2772.0000,2771.2000,2770.2000,2770.0000,2773.8000,2774.0000,2774.6000,2775.0000,2775.4000,1,5,1,1,1,1,1,1,2,1
SF,IH2009,2020-05-11 09:33:38.100,2772.4000,11853,0,125418180.000,0,-,-,-,-,2772.4000,2772.2000,2772.0000,2771.2000,2770.2000,2773.8000,2774.0000,2774.6000,2775.0000,2775.4000,1,1,5,1,1,1,1,1,2,1
SF,IH2009,2020-05-11 09:33:38.600,2772.4000,11853,0,125418180.000,0,-,-,-,-,2772.4000,2772.2000,2772.0000,2771.2000,2770.2000,2773.6000,2773.8000,2774.0000,2774.6000,2775.0000,1,1,5,1,1,1,1,1,1,2
SF,IH2009,2020-05-11 09:33:39.100,2772.4000,11853,0,125418180.000,0,-,-,-,-,2772.2000,2772.0000,2771.2000,2770.2000,2770.0000,2773.4000,2773.6000,2774.0000,2774.6000,2775.0000,1,4,1,1,1,1,1,1,1,2
SF,IH2009,2020-05-11 09:33:39.600,2772.4000,11853,0,125418180.000,0,-,-,-,-,2772.0000,2771.2000,2770.2000,2770.0000,2767.8000,2772.2000,2773.4000,2773.6000,2774.0000,2774.6000,4,1,1,1,1,1,1,1,1,1
SF,IH2009,2020-05-11 09:33:40.100,2772.2000,11852,-1,126249840.000,1,0,1,双平,S,2772.0000,2771.2000,2770.2000,2770.0000,2767.8000,2773.4000,2774.0000,2775.0000,2776.0000,2776.2000,4,1,1,1,1,1,1,2,2,5
SF,IH2009,2020-05-11 09:33:41.100,2772.2000,11852,0,126249840.000,0,-,-,-,-,2772.4000,2772.0000,2771.2000,2770.2000,2770.0000,2773.4000,2774.0000,2775.0000,2776.0000,2776.2000,1,5,1,1,1,1,1,2,1,5
SF,IH2009,2020-05-11 09:33:41.600,2772.2000,11852,0,126249840.000,0,-,-,-,-,2772.4000,2772.0000,2771.2000,2770.2000,2770.0000,2774.0000,2775.0000,2776.0000,2776.2000,2777.0000,1,5,1,1,1,1,2,1,5,1
SF,IH2009,2020-05-11 09:33:42.100,2772.2000,11852,0,126249840.000,0,-,-,-,-,2772.6000,2772.4000,2772.0000,2771.2000,2770.2000,2773.8000,2774.0000,2775.0000,2776.0000,2776.2000,1,1,5,1,1,2,1,2,1,5
SF,IH2009,2020-05-11 09:33:42.600,2772.2000,11852,0,126249840.000,0,-,-,-,-,2773.4000,2772.6000,2772.4000,2772.0000,2771.2000,2773.8000,2774.0000,2775.0000,2776.0000,2776.2000,1,1,1,5,1,2,1,2,1,5
SF,IH2009,2020-05-11 09:33:43.100,2773.4000,11851,-1,127081860.000,1,0,1,双平,S,2772.6000,2772.4000,2772.0000,2771.2000,2770.2000,2773.8000,2774.0000,2775.0000,2776.0000,2776.2000,1,1,5,1,1,2,1,2,1,5
SF,IH2009,2020-05-11 09:33:44.100,2773.4000,11851,0,127081860.000,0,-,-,-,-,2772.6000,2772.4000,2772.0000,2771.2000,2770.2000,2773.8000,2774.0000,2775.0000,2776.0000,2776.2000,1,1,5,1,1,2,1,2,1,5
SF,IH2009,2020-05-11 09:33:44.600,2773.4000,11851,0,127081860.000,0,-,-,-,-,2772.6000,2772.4000,2772.0000,2771.2000,2770.2000,2773.8000,2774.0000,2775.0000,2776.0000,2776.2000,1,1,5,1,1,2,2,1,1,5
SF,IH2009,2020-05-11 09:33:45.600,2773.4000,11851,0,127081860.000,0,-,-,-,-,2772.6000,2772.4000,2772.0000,2771.2000,2770.2000,2773.8000,2774.0000,2775.0000,2776.0000,2776.2000,1,1,5,1,1,2,2,1,1,5
SF,IH2009,2020-05-11 09:33:46.100,2773.4000,11851,0,127081860.000,0,-,-,-,-,2772.6000,2772.4000,2772.0000,2771.2000,2770.2000,2773.6000,2773.8000,2774.0000,2775.0000,2776.0000,1,1,5,1,1,1,2,2,1,1
SF,IH2009,2020-05-11 09:33:46.600,2773.4000,11851,0,127081860.000,0,-,-,-,-,2772.6000,2772.4000,2772.0000,2771.2000,2770.2000,2773.6000,2773.8000,2774.0000,2775.0000,2776.0000,1,1,5,1,1,1,1,2,1,1
SF,IH2009,2020-05-11 09:33:47.100,2773.4000,11851,0,127081860.000,0,-,-,-,-,2772.6000,2772.4000,2772.0000,2771.2000,2770.2000,2773.4000,2773.6000,2773.8000,2774.0000,2775.0000,1,1,5,1,1,1,1,1,2,1
SF,IH2009,2020-05-11 09:33:47.600,2773.4000,11851,0,127081860.000,0,-,-,-,-,2772.6000,2772.4000,2772.0000,2771.2000,2770.2000,2773.4000,2773.6000,2773.8000,2774.0000,2775.0000,1,1,5,1,1,1,1,1,2,1
SF,IH2009,2020-05-11 09:33:48.100,2772.6000,11850,-1,127913640.000,1,0,1,双平,S,2772.4000,2772.0000,2771.2000,2770.2000,2770.0000,2773.4000,2773.6000,2773.8000,2774.0000,2775.0000,1,5,1,1,1,1,1,1,2,1
SF,IH2009,2020-05-11 09:33:48.600,2772.6000,11850,0,127913640.000,0,-,-,-,-,2772.4000,2772.0000,2771.2000,2770.2000,2770.0000,2773.2000,2773.6000,2773.8000,2774.0000,2775.0000,1,5,1,1,1,1,1,1,2,1
SF,IH2009,2020-05-11 09:33:49.100,2772.6000,11850,0,127913640.000,0,-,-,-,-,2772.4000,2772.0000,2771.2000,2770.2000,2770.0000,2773.2000,2773.6000,2773.8000,2774.0000,2775.0000,1,4,1,1,1,2,1,1,2,1
SF,IH2009,2020-05-11 09:33:49.600,2772.6000,11850,0,127913640.000,0,-,-,-,-,2772.4000,2772.0000,2771.2000,2770.2000,2770.0000,2773.2000,2773.6000,2773.8000,2774.0000,2775.0000,1,4,1,1,1,1,1,1,2,1
SF,IH2009,2020-05-11 09:33:50.600,2772.6000,11850,0,127913640.000,0,-,-,-,-,2772.4000,2772.0000,2771.2000,2770.2000,2770.0000,2773.2000,2773.6000,2773.8000,2774.0000,2775.0000,1,4,1,1,1,1,1,1,2,1
SF,IH2009,2020-05-11 09:33:51.600,2773.2000,11850,0,128745600.000,1,0,1,多换,S,2772.4000,2772.0000,2771.2000,2770.2000,2770.0000,2773.6000,2773.8000,2774.0000,2775.0000,2776.0000,1,4,1,1,1,1,1,2,1,1
SF,IH2009,2020-05-11 09:33:52.100,2773.2000,11850,0,128745600.000,0,-,-,-,-,2772.4000,2772.0000,2771.2000,2770.2000,2770.0000,2773.4000,2773.6000,2773.8000,2774.0000,2775.0000,1,4,1,1,1,1,1,1,2,1
SF,IH2009,2020-05-11 09:33:52.600,2773.2000,11850,0,128745600.000,0,-,-,-,-,2772.4000,2772.0000,2771.2000,2770.2000,2770.0000,2773.6000,2773.8000,2774.0000,2775.0000,2776.0000,1,5,1,1,1,1,1,2,1,1
SF,IH2009,2020-05-11 09:33:53.100,2773.2000,11850,0,128745600.000,0,-,-,-,-,2772.4000,2772.0000,2771.2000,2770.2000,2770.0000,2773.4000,2773.6000,2774.0000,2775.0000,2776.0000,1,5,1,1,1,2,1,2,1,1
SF,IH2009,2020-05-11 09:33:53.600,2773.2000,11850,0,128745600.000,0,-,-,-,-,2772.4000,2772.0000,2771.2000,2770.2000,2770.0000,2773.4000,2774.0000,2775.0000,2776.0000,2776.2000,1,5,1,1,1,1,2,1,1,5
SF,IH2009,2020-05-11 09:33:58.100,2773.2000,11850,0,128745600.000,0,-,-,-,-,2772.4000,2772.0000,2771.2000,2770.2000,2770.0000,2773.4000,2774.0000,2775.0000,2776.0000,2776.2000,1,5,1,1,1,1,2,1,1,5
SF,IH2009,2020-05-11 09:33:58.600,2773.2000,11850,0,128745600.000,0,-,-,-,-,2772.4000,2772.0000,2771.2000,2770.2000,2770.0000,2773.4000,2774.0000,2775.0000,2776.0000,2776.2000,1,5,1,1,1,2,2,1,1,5
SF,IH2009,2020-05-11 09:33:59.100,2772.4000,11849,-1,129577320.000,1,0,1,双平,S,2772.0000,2771.2000,2770.2000,2770.0000,2769.0000,2773.4000,2774.0000,2775.0000,2776.0000,2776.2000,5,1,1,1,1,2,2,1,1,5
SF,IH2009,2020-05-11 09:33:59.600,2773.4000,11849,0,131241360.000,2,1,1,多换,S,2773.4000,2772.2000,2772.0000,2771.2000,2770.2000,2774.0000,2775.0000,2776.0000,2776.2000,2777.0000,6,1,6,1,1,2,1,1,5,1
SF,IH2009,2020-05-11 09:34:00.100,2773.4000,11849,0,136233480.000,6,3,3,多换,S,2772.2000,2772.0000,2771.2000,2770.2000,2770.0000,2773.8000,2774.0000,2775.0000,2776.0000,2776.2000,1,6,1,1,1,3,2,1,1,5
SF,IH2009,2020-05-11 09:34:00.600,2773.4000,11849,0,136233480.000,0,-,-,-,-,2772.2000,2772.0000,2771.2000,2770.2000,2770.0000,2773.6000,2773.8000,2774.0000,2775.0000,2776.0000,1,6,1,1,1,1,3,2,1,1
SF,IH2009,2020-05-11 09:34:01.100,2773.4000,11849,0,136233480.000,0,-,-,-,-,2772.4000,2772.2000,2772.0000,2771.2000,2770.2000,2773.6000,2773.8000,2774.0000,2775.0000,2776.0000,1,1,6,1,1,1,1,2,1,1
SF,IH2009,2020-05-11 09:34:01.600,2773.4000,11849,0,136233480.000,0,-,-,-,-,2772.6000,2772.4000,2772.0000,2771.2000,2770.2000,2773.4000,2774.0000,2775.0000,2776.0000,2776.2000,1,1,6,1,1,1,2,1,1,5
SF,IH2009,2020-05-11 09:34:02.100,2773.4000,11848,-1,137065500.000,1,0,1,双平,S,2772.8000,2772.6000,2772.4000,2772.0000,2771.2000,2774.0000,2775.0000,2776.0000,2776.2000,2777.0000,1,1,1,6,1,2,1,1,5,1
SF,IH2009,2020-05-11 09:34:02.600,2773.4000,11848,0,137065500.000,0,-,-,-,-,2773.0000,2772.8000,2772.0000,2771.2000,2770.2000,2774.0000,2775.0000,2776.0000,2776.2000,2777.0000,1,1,6,1,1,2,1,1,5,1
SF,IH2009,2020-05-11 09:34:03.100,2773.0000,11847,-1,137897400.000,1,0,1,双平,S,2772.0000,2771.2000,2770.2000,2770.0000,2769.0000,2774.0000,2775.0000,2776.0000,2776.2000,2777.0000,6,1,1,1,1,2,1,1,5,1
SF,IH2009,2020-05-11 09:34:03.600,2773.0000,11847,0,137897400.000,0,-,-,-,-,2772.2000,2772.0000,2771.2000,2770.2000,2770.0000,2773.8000,2774.0000,2775.0000,2776.0000,2776.2000,10,9,1,1,1,3,2,1,1,5
SF,IH2009,2020-05-11 09:34:04.100,2773.0000,11847,0,137897400.000,0,-,-,-,-,2772.2000,2772.0000,2771.2000,2770.2000,2770.0000,2773.8000,2774.0000,2775.0000,2776.0000,2776.2000,2,9,1,1,1,3,2,1,1,5
SF,IH2009,2020-05-11 09:34:05.100,2773.0000,11847,0,137897400.000,0,-,-,-,-,2772.2000,2772.0000,2771.2000,2770.2000,2770.0000,2773.8000,2774.0000,2775.0000,2776.0000,2776.2000,2,6,1,1,1,3,2,1,1,5
SF,IH2009,2020-05-11 09:34:05.600,2773.0000,11847,0,137897400.000,0,-,-,-,-,2772.2000,2772.0000,2771.2000,2770.2000,2770.0000,2773.6000,2773.8000,2774.0000,2775.0000,2776.0000,1,5,1,1,1,2,3,2,1,1
SF,IH2009,2020-05-11 09:34:06.100,2773.0000,11847,0,137897400.000,0,-,-,-,-,2772.2000,2772.0000,2771.2000,2770.2000,2770.0000,2773.4000,2773.6000,2773.8000,2774.0000,2775.0000,1,5,1,1,1,1,2,2,2,1
SF,IH2009,2020-05-11 09:34:06.600,2773.0000,11847,0,137897400.000,0,-,-,-,-,2772.0000,2771.2000,2770.2000,2770.0000,2769.0000,2773.4000,2773.6000,2773.8000,2774.0000,2775.0000,6,1,1,1,1,1,2,2,2,1
SF,IH2009,2020-05-11 09:34:07.100,2773.0000,11847,0,137897400.000,0,-,-,-,-,2772.2000,2772.0000,2771.2000,2770.2000,2770.0000,2773.4000,2773.6000,2773.8000,2774.0000,2775.0000,1,6,1,1,1,1,2,2,2,1
SF,IH2009,2020-05-11 09:34:07.600,2772.2000,11846,-1,138729060.000,1,0,1,双平,S,2772.0000,2771.2000,2770.2000,2770.0000,2769.0000,2772.2000,2773.6000,2774.0000,2775.0000,2776.0000,6,1,1,1,1,1,2,2,1,1
SF,IH2009,2020-05-11 09:34:08.100,2772.2000,11845,-1,139560720.000,1,0,1,双平,S,2772.2000,2772.0000,2771.2000,2770.2000,2770.0000,2773.6000,2774.0000,2775.0000,2776.0000,2776.2000,1,6,1,1,1,2,2,1,1,3
SF,IH2009,2020-05-11 09:34:08.600,2772.2000,11845,0,139560720.000,0,-,-,-,-,2772.0000,2771.2000,2770.2000,2770.0000,2769.0000,2773.4000,2774.0000,2775.0000,2776.0000,2776.2000,7,1,1,1,1,1,2,1,1,3
SF,IH2009,2020-05-11 09:34:09.100,2772.2000,11845,0,139560720.000,0,-,-,-,-,2772.0000,2771.2000,2770.2000,2770.0000,2769.0000,2773.4000,2773.6000,2774.0000,2775.0000,2776.0000,6,1,1,1,1,1,1,2,1,1
SF,IH2009,2020-05-11 09:34:09.600,2772.2000,11845,0,139560720.000,0,-,-,-,-,2772.0000,2771.2000,2770.2000,2770.0000,2769.0000,2773.4000,2773.6000,2774.0000,2775.0000,2776.0000,9,1,1,1,1,1,1,2,1,1
SF,IH2009,2020-05-11 09:34:10.100,2772.2000,11845,0,139560720.000,0,-,-,-,-,2772.0000,2771.2000,2770.2000,2770.0000,2769.0000,2773.2000,2773.4000,2773.6000,2774.0000,2775.0000,5,1,1,1,1,2,1,1,2,1
SF,IH2009,2020-05-11 09:34:11.100,2772.2000,11845,0,139560720.000,0,-,-,-,-,2772.0000,2771.2000,2770.2000,2770.0000,2769.0000,2773.2000,2773.4000,2773.6000,2774.0000,2775.0000,6,1,1,1,1,2,1,1,2,1
SF,IH2009,2020-05-11 09:34:11.600,2772.2000,11845,0,139560720.000,0,-,-,-,-,2772.0000,2771.2000,2770.2000,2770.0000,2769.0000,2773.0000,2773.6000,2774.0000,2775.0000,2776.0000,5,1,1,1,1,1,1,2,1,1
SF,IH2009,2020-05-11 09:34:12.100,2772.2000,11845,0,139560720.000,0,-,-,-,-,2772.0000,2771.2000,2770.2000,2770.0000,2769.0000,2773.6000,2774.0000,2775.0000,2776.0000,2776.2000,6,1,1,1,1,1,2,1,1,3
SF,IH2009,2020-05-11 09:34:12.600,2772.2000,11845,0,139560720.000,0,-,-,-,-,2772.0000,2771.2000,2770.2000,2770.0000,2769.0000,2773.4000,2773.6000,2774.0000,2775.0000,2776.0000,6,1,1,1,1,1,1,2,1,1
SF,IH2009,2020-05-11 09:34:13.100,2772.2000,11845,0,139560720.000,0,-,-,-,-,2772.2000,2772.0000,2771.2000,2770.2000,2770.0000,2773.4000,2773.6000,2774.0000,2775.0000,2776.2000,1,6,1,1,1,1,1,2,1,3
SF,IH2009,2020-05-11 09:34:13.600,2772.2000,11845,0,139560720.000,0,-,-,-,-,2772.2000,2772.0000,2771.2000,2770.2000,2770.0000,2773.6000,2774.0000,2775.0000,2775.6000,2776.2000,1,7,1,1,1,1,2,1,1,3
SF,IH2009,2020-05-11 09:34:14.100,2772.2000,11845,0,139560720.000,0,-,-,-,-,2772.2000,2772.0000,2771.2000,2770.2000,2770.0000,2773.6000,2774.0000,2775.0000,2775.6000,2776.2000,1,7,1,1,1,1,2,1,1,3
SF,IH2009,2020-05-11 09:34:14.600,2772.2000,11845,0,140392380.000,1,0,1,多换,S,2772.2000,2772.0000,2771.2000,2770.2000,2770.0000,2773.6000,2774.0000,2775.0000,2775.6000,2776.2000,1,7,1,1,1,1,2,1,1,3
SF,IH2009,2020-05-11 09:34:16.100,2772.2000,11845,0,140392380.000,0,-,-,-,-,2772.2000,2772.0000,2771.2000,2770.2000,2770.0000,2773.6000,2774.0000,2775.0000,2775.6000,2776.2000,1,7,1,1,1,1,2,1,1,3
SF,IH2009,2020-05-11 09:34:16.600,2772.2000,11845,0,140392380.000,0,-,-,-,-,2772.2000,2772.0000,2771.2000,2770.2000,2770.0000,2773.6000,2774.0000,2775.0000,2776.2000,2777.0000,1,7,1,1,1,1,2,1,3,1
SF,IH2009,2020-05-11 09:34:18.600,2772.2000,11844,-1,141224040.000,1,0,1,双平,S,2772.0000,2771.2000,2770.2000,2770.0000,2769.0000,2773.6000,2774.0000,2775.0000,2776.2000,2777.0000,7,1,1,1,1,1,2,1,3,1
SF,IH2009,2020-05-11 09:34:19.100,2772.2000,11844,0,141224040.000,0,-,-,-,-,2772.0000,2771.2000,2770.2000,2770.0000,2769.0000,2773.4000,2773.6000,2774.0000,2775.0000,2776.2000,9,1,1,1,1,1,1,2,1,3
SF,IH2009,2020-05-11 09:34:19.600,2773.6000,11842,-2,142888140.000,2,0,2,双平,S,2773.6000,2772.0000,2771.2000,2770.2000,2770.0000,2774.0000,2775.0000,2776.2000,2777.0000,2778.2000,3,9,1,1,1,2,2,3,1,1
SF,IH2009,2020-05-11 09:34:20.100,2773.6000,11842,0,142888140.000,0,-,-,-,-,2773.6000,2772.0000,2770.2000,2770.0000,2769.0000,2774.0000,2775.0000,2776.2000,2777.0000,2778.2000,3,9,1,1,1,2,2,3,1,1
SF,IH2009,2020-05-11 09:34:22.100,2774.0000,11841,-1,144552540.000,2,0,2,多平,S,2773.6000,2772.0000,2770.2000,2770.0000,2769.0000,2775.0000,2776.2000,2777.0000,2778.2000,2778.8000,3,9,1,1,1,2,3,1,1,1
SF,IH2009,2020-05-11 09:34:22.600,2774.0000,11841,0,144552540.000,0,-,-,-,-,2773.6000,2772.0000,2770.2000,2770.0000,2769.0000,2774.8000,2775.0000,2776.2000,2777.0000,2778.2000,3,9,1,1,1,6,2,3,1,1
SF,IH2009,2020-05-11 09:34:23.100,2774.0000,11841,0,144552540.000,0,-,-,-,-,2773.6000,2772.0000,2770.2000,2770.0000,2769.0000,2774.8000,2775.0000,2776.2000,2777.0000,2778.2000,3,9,1,1,1,3,2,3,1,1
SF,IH2009,2020-05-11 09:34:27.100,2774.0000,11841,0,144552540.000,0,-,-,-,-,2773.6000,2772.0000,2770.2000,2770.0000,2769.0000,2774.8000,2775.0000,2776.2000,2777.0000,2778.2000,3,9,1,1,1,3,2,3,1,1
SF,IH2009,2020-05-11 09:34:32.100,2774.0000,11841,0,144552540.000,0,-,-,-,-,2773.6000,2772.0000,2770.2000,2770.0000,2769.0000,2774.8000,2775.0000,2776.2000,2777.0000,2778.8000,3,9,1,1,1,3,2,3,1,1
SF,IH2009,2020-05-11 09:34:32.600,2774.0000,11841,0,144552540.000,0,-,-,-,-,2773.6000,2772.0000,2770.2000,2770.0000,2769.0000,2774.8000,2775.0000,2776.2000,2777.0000,2778.8000,3,9,1,1,1,3,2,3,1,1
SF,IH2009,2020-05-11 09:34:34.100,2774.0000,11841,0,144552540.000,0,-,-,-,-,2773.6000,2772.0000,2770.2000,2770.0000,2769.0000,2774.8000,2775.0000,2776.2000,2777.0000,2778.8000,3,9,1,1,1,1,2,3,1,1
SF,IH2009,2020-05-11 09:34:42.600,2773.6000,11840,-1,145384620.000,1,0,1,双平,S,2773.6000,2772.0000,2770.2000,2770.0000,2769.0000,2774.8000,2775.0000,2776.2000,2777.0000,2778.8000,2,9,1,1,1,1,2,3,1,1
SF,IH2009,2020-05-11 09:34:43.100,2773.6000,11840,0,145384620.000,0,-,-,-,-,2773.8000,2773.6000,2772.0000,2770.2000,2770.0000,2774.8000,2775.0000,2776.2000,2777.0000,2778.8000,1,2,9,1,1,1,2,3,1,1
SF,IH2009,2020-05-11 09:34:43.600,2773.6000,11839,-1,146216700.000,1,0,1,双平,S,2773.6000,2772.0000,2770.2000,2770.0000,2769.0000,2774.8000,2775.0000,2776.2000,2777.0000,2778.8000,2,9,1,1,1,1,2,3,1,1
SF,IH2009,2020-05-11 09:34:45.600,2773.6000,11839,0,146216700.000,0,-,-,-,-,2773.6000,2772.0000,2770.0000,2769.0000,2767.8000,2774.8000,2775.0000,2776.2000,2777.0000,2778.8000,2,9,1,1,1,1,2,3,1,1
SF,IH2009,2020-05-11 09:34:46.100,2773.6000,11839,0,146216700.000,0,-,-,-,-,2773.6000,2772.0000,2770.0000,2769.0000,2767.8000,2774.8000,2775.0000,2776.2000,2777.0000,2778.8000,2,9,1,1,1,1,2,3,1,1
SF,IH2009,2020-05-11 09:34:46.600,2773.6000,11839,0,146216700.000,0,-,-,-,-,2773.6000,2772.0000,2770.0000,2769.0000,2767.8000,2774.6000,2774.8000,2775.0000,2776.2000,2777.0000,2,9,1,1,1,1,1,2,3,1
SF,IH2009,2020-05-11 09:34:47.100,2773.6000,11838,-1,147048780.000,1,0,1,双平,S,2773.6000,2772.0000,2770.0000,2769.0000,2767.8000,2774.4000,2774.6000,2775.0000,2776.2000,2777.0000,1,9,1,1,1,1,1,2,3,1
SF,IH2009,2020-05-11 09:34:47.600,2773.6000,11838,0,147048780.000,0,-,-,-,-,2773.6000,2772.0000,2770.0000,2769.0000,2767.8000,2774.4000,2774.6000,2775.0000,2776.2000,2777.0000,1,9,1,1,1,1,1,2,3,1
SF,IH2009,2020-05-11 09:34:48.100,2773.6000,11837,-1,147880860.000,1,0,1,双平,S,2772.0000,2770.0000,2769.0000,2767.8000,2767.0000,2774.4000,2774.6000,2775.0000,2776.2000,2777.0000,9,1,1,1,1,1,1,2,3,1
SF,IH2009,2020-05-11 09:34:48.600,2773.6000,11837,0,147880860.000,0,-,-,-,-,2772.4000,2772.2000,2772.0000,2770.0000,2769.0000,2773.8000,2774.4000,2774.6000,2775.0000,2776.2000,8,1,9,1,1,2,1,1,2,3
SF,IH2009,2020-05-11 09:34:49.100,2773.8000,11836,-1,148713000.000,1,0,1,双平,S,2772.4000,2772.2000,2772.0000,2770.0000,2769.0000,2773.8000,2774.4000,2775.0000,2776.2000,2777.0000,8,1,9,1,1,1,1,2,3,1
SF,IH2009,2020-05-11 09:34:49.600,2774.4000,11836,0,150377460.000,2,1,1,多换,S,2772.4000,2772.2000,2772.0000,2770.0000,2769.0000,2775.0000,2776.2000,2777.0000,2778.8000,2780.0000,8,1,9,1,1,2,3,1,1,1
SF,IH2009,2020-05-11 09:34:50.100,2774.4000,11836,0,150377460.000,0,-,-,-,-,2772.6000,2772.4000,2772.0000,2770.0000,2769.0000,2774.8000,2775.0000,2776.2000,2777.0000,2778.8000,2,8,9,1,1,1,2,3,1,1
SF,IH2009,2020-05-11 09:34:50.600,2774.4000,11836,0,150377460.000,0,-,-,-,-,2773.0000,2772.6000,2772.0000,2770.0000,2769.0000,2774.8000,2775.0000,2776.2000,2777.0000,2778.8000,8,2,9,1,1,1,2,3,1,1
SF,IH2009,2020-05-11 09:34:51.100,2774.4000,11836,0,150377460.000,0,-,-,-,-,2773.2000,2772.0000,2770.0000,2769.0000,2767.8000,2774.8000,2775.0000,2776.2000,2777.0000,2778.8000,2,9,1,1,1,1,2,3,1,1
SF,IH2009,2020-05-11 09:34:51.600,2774.4000,11836,0,150377460.000,0,-,-,-,-,2774.0000,2773.4000,2773.2000,2772.0000,2770.0000,2774.8000,2775.0000,2776.2000,2777.0000,2778.8000,1,1,2,9,1,1,2,3,1,1
SF,IH2009,2020-05-11 09:34:52.100,2774.4000,11836,0,150377460.000,0,-,-,-,-,2774.0000,2773.6000,2773.4000,2773.2000,2772.0000,2774.8000,2775.0000,2776.2000,2777.0000,2778.8000,1,1,1,2,9,1,2,3,1,1
SF,IH2009,2020-05-11 09:34:53.100,2774.4000,11836,0,150377460.000,0,-,-,-,-,2774.0000,2773.6000,2773.4000,2773.2000,2772.0000,2774.8000,2775.0000,2776.2000,2777.0000,2778.8000,1,1,1,2,9,1,2,3,1,1
SF,IH2009,2020-05-11 09:34:53.600,2774.4000,11836,0,150377460.000,0,-,-,-,-,2774.0000,2773.6000,2773.4000,2773.2000,2772.0000,2774.8000,2775.0000,2776.2000,2777.0000,2778.8000,1,1,1,2,9,1,2,3,1,1
SF,IH2009,2020-05-11 09:34:55.600,2774.4000,11836,0,150377460.000,0,-,-,-,-,2774.0000,2773.6000,2773.4000,2773.2000,2772.0000,2774.8000,2775.0000,2776.2000,2777.0000,2778.8000,1,1,1,3,9,1,2,3,1,1
SF,IH2009,2020-05-11 09:34:56.100,2774.0000,11836,0,151209660.000,1,0,1,多换,S,2773.6000,2773.4000,2773.2000,2772.0000,2770.0000,2774.8000,2775.0000,2776.2000,2777.0000,2778.8000,1,1,3,9,1,1,2,3,1,1
SF,IH2009,2020-05-11 09:34:56.600,2774.0000,11836,0,151209660.000,0,-,-,-,-,2773.6000,2773.4000,2773.2000,2772.0000,2770.0000,2774.8000,2775.0000,2776.2000,2777.0000,2778.8000,1,1,2,9,1,1,2,3,1,1
SF,IH2009,2020-05-11 09:34:57.100,2774.0000,11836,0,151209660.000,0,-,-,-,-,2773.6000,2773.2000,2772.0000,2770.0000,2769.0000,2774.8000,2775.0000,2776.2000,2777.0000,2778.8000,1,2,9,1,1,1,2,3,1,1
SF,IH2009,2020-05-11 09:34:58.100,2774.0000,11836,0,151209660.000,0,-,-,-,-,2773.6000,2773.2000,2772.0000,2770.0000,2769.0000,2774.8000,2775.0000,2776.2000,2777.0000,2778.8000,1,2,9,1,1,2,2,3,1,1
SF,IH2009,2020-05-11 09:34:58.600,2774.0000,11836,0,151209660.000,0,-,-,-,-,2773.6000,2773.2000,2772.0000,2770.0000,2769.0000,2774.8000,2775.0000,2776.2000,2777.0000,2778.8000,1,2,9,1,1,2,2,3,1,1
SF,IH2009,2020-05-11 09:35:00.100,2774.0000,11836,0,151209660.000,0,-,-,-,-,2773.6000,2773.2000,2772.0000,2770.0000,2769.0000,2774.6000,2774.8000,2775.0000,2776.2000,2777.0000,1,2,9,1,1,1,2,2,3,1
SF,IH2009,2020-05-11 09:35:00.600,2774.0000,11836,0,151209660.000,0,-,-,-,-,2773.6000,2773.2000,2772.0000,2770.0000,2769.0000,2774.6000,2774.8000,2775.0000,2776.2000,2777.0000,1,2,9,1,1,1,2,2,3,1
SF,IH2009,2020-05-11 09:35:01.100,2774.0000,11836,0,151209660.000,0,-,-,-,-,2773.8000,2773.6000,2773.2000,2772.0000,2770.0000,2774.8000,2775.0000,2776.2000,2777.0000,2778.8000,1,1,2,9,1,2,2,3,1,1
SF,IH2009,2020-05-11 09:35:01.600,2774.0000,11836,0,151209660.000,0,-,-,-,-,2774.0000,2773.8000,2773.6000,2773.2000,2772.0000,2774.8000,2775.0000,2776.2000,2777.0000,2778.8000,9,1,1,1,9,1,2,3,1,1
SF,IH2009,2020-05-11 09:35:02.100,2774.0000,11836,0,151209660.000,0,-,-,-,-,2774.0000,2773.8000,2773.6000,2773.2000,2772.0000,2774.8000,2775.0000,2776.2000,2777.0000,2778.8000,1,1,1,1,9,1,2,3,1,1
SF,IH2009,2020-05-11 09:35:02.600,2774.8000,11835,-1,152042100.000,1,0,1,双平,S,2774.8000,2774.4000,2774.0000,2773.8000,2773.6000,2775.0000,2776.2000,2777.0000,2778.8000,2780.0000,1,8,1,1,1,2,3,1,1,1
SF,IH2009,2020-05-11 09:35:03.100,2775.0000,11833,-2,153707100.000,2,0,2,双平,S,2774.0000,2773.8000,2773.6000,2773.2000,2772.0000,2776.2000,2777.0000,2778.8000,2780.0000,2781.2000,1,1,1,1,9,3,1,1,1,1
SF,IH2009,2020-05-11 09:35:03.600,2775.0000,11833,0,153707100.000,0,-,-,-,-,2774.2000,2774.0000,2773.8000,2773.6000,2772.0000,2776.0000,2776.2000,2777.0000,2778.8000,2780.0000,1,1,1,1,9,1,3,1,1,1
SF,IH2009,2020-05-11 09:35:04.100,2775.0000,11833,0,153707100.000,0,-,-,-,-,2774.4000,2774.2000,2773.8000,2773.6000,2772.0000,2775.8000,2776.0000,2776.2000,2777.0000,2778.8000,1,1,1,1,9,1,1,3,1,1
SF,IH2009,2020-05-11 09:35:04.600,2775.0000,11833,0,153707100.000,0,-,-,-,-,2774.4000,2774.2000,2773.8000,2773.6000,2772.0000,2775.6000,2775.8000,2776.2000,2777.0000,2778.8000,1,1,1,1,9,1,1,3,1,1
SF,IH2009,2020-05-11 09:35:06.100,2775.0000,11833,0,153707100.000,0,-,-,-,-,2774.8000,2774.4000,2774.2000,2773.8000,2773.6000,2775.6000,2776.2000,2777.0000,2778.8000,2780.0000,8,1,1,1,1,1,3,1,1,1
SF,IH2009,2020-05-11 09:35:06.600,2775.6000,11832,-1,154539780.000,1,0,1,双平,S,2775.0000,2774.8000,2774.2000,2773.8000,2773.6000,2776.2000,2777.0000,2778.8000,2780.0000,2781.2000,2,8,1,1,1,3,1,1,1,1
SF,IH2009,2020-05-11 09:35:07.100,2776.2000,11831,-1,155372640.000,1,0,1,双平,S,2775.4000,2775.2000,2775.0000,2774.2000,2773.8000,2776.2000,2777.0000,2778.8000,2780.0000,2781.2000,8,1,4,1,1,2,1,1,1,1
SF,IH2009,2020-05-11 09:35:07.600,2776.2000,11830,-1,156205500.000,1,0,1,双平,S,2775.6000,2775.4000,2775.2000,2775.0000,2774.2000,2776.2000,2777.0000,2778.8000,2780.0000,2781.2000,1,8,1,4,1,1,1,1,1,1
SF,IH2009,2020-05-11 09:35:08.100,2776.2000,11829,-1,157038360.000,1,0,1,双平,S,2775.8000,2775.6000,2775.0000,2774.2000,2773.8000,2777.0000,2778.8000,2780.0000,2781.2000,2782.2000,9,1,4,1,1,1,1,1,1,1
SF,IH2009,2020-05-11 09:35:08.600,2776.8000,11829,0,157871400.000,1,0,1,多换,S,2775.6000,2775.0000,2774.2000,2773.8000,2773.6000,2777.0000,2778.8000,2780.0000,2781.2000,2782.2000,1,4,1,1,1,1,1,1,1,1
SF,IH2009,2020-05-11 09:35:09.100,2776.8000,11829,0,157871400.000,0,-,-,-,-,2775.8000,2775.6000,2775.0000,2774.2000,2773.8000,2777.0000,2778.8000,2780.0000,2781.2000,2782.2000,1,1,2,1,1,1,1,1,1,1
SF,IH2009,2020-05-11 09:35:09.600,2776.8000,11829,0,157871400.000,0,-,-,-,-,2775.8000,2775.6000,2775.0000,2774.2000,2774.0000,2777.0000,2778.8000,2780.0000,2781.2000,2782.2000,1,1,2,1,5,1,1,1,1,1
SF,IH2009,2020-05-11 09:35:10.100,2776.8000,11829,0,157871400.000,0,-,-,-,-,2775.8000,2775.6000,2775.0000,2774.2000,2774.0000,2776.8000,2777.0000,2778.8000,2780.0000,2781.2000,1,1,2,1,5,1,1,1,1,1
SF,IH2009,2020-05-11 09:35:11.100,2776.8000,11829,0,157871400.000,0,-,-,-,-,2775.8000,2775.6000,2775.0000,2774.2000,2774.0000,2776.8000,2777.0000,2778.8000,2780.0000,2781.2000,1,1,2,1,5,1,1,1,1,1
SF,IH2009,2020-05-11 09:35:11.600,2776.8000,11829,0,157871400.000,0,-,-,-,-,2776.0000,2775.8000,2775.6000,2775.0000,2774.2000,2777.0000,2778.8000,2780.0000,2781.2000,2783.2000,1,1,1,2,1,1,1,1,1,1
SF,IH2009,2020-05-11 09:35:12.100,2776.8000,11829,0,157871400.000,0,-,-,-,-,2776.8000,2776.0000,2775.8000,2775.6000,2775.0000,2777.0000,2778.8000,2780.0000,2781.2000,2783.2000,1,1,1,1,2,1,1,1,1,1
SF,IH2009,2020-05-11 09:35:12.600,2777.0000,11829,0,158704500.000,1,0,1,多换,S,2776.8000,2776.0000,2775.8000,2775.6000,2775.0000,2778.8000,2780.0000,2781.2000,2783.2000,2783.8000,1,1,1,1,2,1,1,1,1,1
SF,IH2009,2020-05-11 09:35:13.100,2777.0000,11829,0,158704500.000,0,-,-,-,-,2777.2000,2777.0000,2776.8000,2776.0000,2775.8000,2778.6000,2778.8000,2780.0000,2781.2000,2783.2000,1,1,1,1,1,3,1,1,1,1
SF,IH2009,2020-05-11 09:35:13.600,2777.0000,11829,0,158704500.000,0,-,-,-,-,2777.2000,2777.0000,2776.8000,2776.0000,2775.8000,2778.4000,2778.6000,2778.8000,2780.0000,2781.2000,1,1,1,1,1,1,2,1,1,1
SF,IH2009,2020-05-11 09:35:14.100,2777.0000,11829,0,158704500.000,0,-,-,-,-,2777.0000,2776.8000,2776.0000,2775.8000,2775.6000,2778.6000,2778.8000,2780.0000,2781.2000,2783.2000,1,1,1,1,1,1,1,1,1,1
SF,IH2009,2020-05-11 09:35:14.600,2778.6000,11829,0,159538080.000,1,0,1,多换,S,2777.2000,2777.0000,2776.8000,2776.0000,2775.6000,2778.8000,2780.0000,2781.2000,2783.2000,2783.8000,3,1,1,1,1,1,1,1,1,1
SF,IH2009,2020-05-11 09:35:15.100,2778.6000,11829,0,159538080.000,0,-,-,-,-,2777.4000,2777.2000,2777.0000,2776.8000,2776.0000,2778.6000,2778.8000,2780.0000,2781.2000,2783.2000,1,2,1,1,1,1,1,1,1,1
SF,IH2009,2020-05-11 09:35:15.600,2778.6000,11829,0,159538080.000,0,-,-,-,-,2777.2000,2777.0000,2776.8000,2775.6000,2775.0000,2778.6000,2778.8000,2780.0000,2781.2000,2783.2000,6,1,1,1,2,1,1,1,1,1
SF,IH2009,2020-05-11 09:35:16.100,2778.6000,11829,0,159538080.000,0,-,-,-,-,2777.4000,2777.2000,2777.0000,2776.8000,2775.6000,2778.8000,2780.0000,2781.2000,2783.2000,2783.8000,1,5,1,1,1,2,1,1,1,1
SF,IH2009,2020-05-11 09:35:16.600,2777.2000,11824,-5,163703880.000,5,0,5,双平,S,2777.0000,2776.8000,2775.6000,2775.0000,2774.0000,2778.6000,2778.8000,2780.0000,2781.2000,2783.2000,1,1,1,2,5,3,2,1,1,1
SF,IH2009,2020-05-11 09:35:17.100,2776.8000,11823,-1,165370020.000,2,0,2,多平,S,2775.6000,2775.0000,2774.0000,2773.8000,2773.6000,2778.4000,2778.6000,2778.8000,2780.0000,2781.2000,1,2,5,1,1,1,2,2,1,1
SF,IH2009,2020-05-11 09:35:17.600,2778.2000,11822,-1,166203480.000,1,0,1,双平,S,2775.8000,2775.6000,2775.0000,2774.0000,2773.8000,2778.2000,2778.6000,2778.8000,2780.0000,2781.2000,2,1,2,5,1,4,1,2,1,1
SF,IH2009,2020-05-11 09:35:18.100,2778.2000,11822,0,166203480.000,0,-,-,-,-,2775.8000,2775.6000,2775.0000,2774.0000,2773.8000,2778.0000,2778.2000,2778.6000,2778.8000,2780.0000,2,1,2,5,1,2,2,1,2,1
SF,IH2009,2020-05-11 09:35:18.600,2778.2000,11822,0,166203480.000,0,-,-,-,-,2775.8000,2775.6000,2775.0000,2774.0000,2773.8000,2777.8000,2778.0000,2778.6000,2778.8000,2780.0000,2,1,2,5,1,2,2,1,2,1
SF,IH2009,2020-05-11 09:35:19.100,2778.2000,11822,0,166203480.000,0,-,-,-,-,2776.0000,2775.8000,2775.6000,2775.0000,2774.0000,2777.6000,2777.8000,2778.0000,2778.6000,2778.8000,1,2,1,2,5,1,2,2,1,2
SF,IH2009,2020-05-11 09:35:19.600,2778.2000,11822,0,166203480.000,0,-,-,-,-,2776.2000,2775.8000,2775.6000,2775.0000,2774.0000,2777.4000,2777.8000,2778.0000,2778.6000,2778.8000,1,1,1,2,5,2,1,2,1,2
SF,IH2009,2020-05-11 09:35:20.100,2778.2000,11822,0,166203480.000,0,-,-,-,-,2776.2000,2775.8000,2775.6000,2775.0000,2774.0000,2777.4000,2777.8000,2778.0000,2778.6000,2778.8000,2,1,1,2,5,1,1,2,1,2
SF,IH2009,2020-05-11 09:35:20.600,2778.2000,11822,0,166203480.000,0,-,-,-,-,2776.2000,2775.8000,2775.6000,2775.0000,2774.0000,2777.4000,2777.8000,2778.0000,2778.8000,2780.0000,1,1,1,2,5,1,1,2,2,1
SF,IH2009,2020-05-11 09:35:21.100,2778.2000,11822,0,166203480.000,0,-,-,-,-,2776.2000,2775.8000,2775.6000,2775.0000,2774.0000,2777.4000,2777.8000,2778.0000,2778.8000,2780.0000,1,1,1,2,5,1,1,2,2,1
SF,IH2009,2020-05-11 09:35:22.100,2778.2000,11822,0,166203480.000,0,-,-,-,-,2776.2000,2775.8000,2775.6000,2775.0000,2774.0000,2777.4000,2777.8000,2778.0000,2778.8000,2780.0000,2,1,1,2,5,1,1,2,2,1
SF,IH2009,2020-05-11 09:35:22.600,2778.2000,11822,0,166203480.000,0,-,-,-,-,2776.4000,2776.2000,2775.6000,2775.0000,2774.0000,2777.4000,2777.8000,2778.0000,2778.8000,2780.0000,1,2,1,2,5,1,1,2,2,1
SF,IH2009,2020-05-11 09:35:23.100,2778.2000,11822,0,166203480.000,0,-,-,-,-,2776.2000,2775.6000,2775.0000,2774.0000,2773.8000,2777.2000,2777.4000,2777.8000,2778.0000,2778.8000,1,1,2,5,1,1,1,1,3,2
SF,IH2009,2020-05-11 09:35:23.600,2778.2000,11822,0,166203480.000,0,-,-,-,-,2775.6000,2775.0000,2774.0000,2773.8000,2773.6000,2777.0000,2777.2000,2777.8000,2778.0000,2778.8000,1,2,5,1,1,1,1,1,3,2
SF,IH2009,2020-05-11 09:35:24.100,2778.2000,11822,0,166203480.000,0,-,-,-,-,2775.6000,2775.0000,2774.0000,2773.8000,2773.6000,2777.0000,2777.2000,2777.8000,2778.0000,2778.8000,1,2,5,1,1,1,1,1,3,2
SF,IH2009,2020-05-11 09:35:24.600,2778.2000,11822,0,166203480.000,0,-,-,-,-,2775.8000,2775.6000,2775.0000,2774.0000,2773.8000,2777.0000,2777.2000,2777.8000,2778.0000,2778.8000,2,1,2,5,1,1,1,1,3,2
SF,IH2009,2020-05-11 09:35:26.100,2776.0000,11821,-1,167036280.000,1,0,1,双平,S,2776.0000,2775.8000,2775.6000,2775.0000,2774.0000,2777.0000,2777.8000,2778.0000,2778.8000,2780.0000,1,1,1,2,5,1,1,3,2,1
SF,IH2009,2020-05-11 09:35:26.600,2776.0000,11821,0,167036280.000,0,-,-,-,-,2776.2000,2775.6000,2775.0000,2774.0000,2773.8000,2777.8000,2778.0000,2778.8000,2780.0000,2781.2000,1,1,2,5,1,1,3,2,1,1
SF,IH2009,2020-05-11 09:35:27.100,2776.0000,11821,0,167036280.000,0,-,-,-,-,2776.2000,2775.6000,2775.0000,2774.0000,2773.8000,2777.6000,2777.8000,2778.0000,2778.8000,2780.0000,1,1,2,5,1,2,1,3,2,1
SF,IH2009,2020-05-11 09:35:27.600,2776.0000,11821,0,167036280.000,0,-,-,-,-,2776.2000,2775.6000,2775.0000,2774.0000,2773.8000,2777.4000,2777.6000,2777.8000,2778.0000,2778.8000,1,1,2,5,1,1,1,1,3,2
SF,IH2009,2020-05-11 09:35:28.100,2776.0000,11821,0,167036280.000,0,-,-,-,-,2776.2000,2775.6000,2775.0000,2774.0000,2773.8000,2777.2000,2777.8000,2778.0000,2778.8000,2780.0000,1,1,2,5,1,1,1,3,2,1
SF,IH2009,2020-05-11 09:35:29.600,2776.0000,11821,0,167036280.000,0,-,-,-,-,2776.2000,2775.6000,2775.0000,2774.0000,2773.8000,2777.2000,2777.8000,2778.0000,2778.8000,2780.0000,2,1,2,5,1,1,1,3,2,1
SF,IH2009,2020-05-11 09:35:30.100,2776.0000,11821,0,167036280.000,0,-,-,-,-,2775.6000,2775.0000,2774.0000,2773.8000,2772.0000,2777.0000,2777.2000,2777.8000,2778.0000,2778.8000,1,2,5,1,5,1,1,1,3,2
SF,IH2009,2020-05-11 09:35:30.600,2776.0000,11821,0,167036280.000,0,-,-,-,-,2775.6000,2775.0000,2774.0000,2773.8000,2772.0000,2776.8000,2777.8000,2778.0000,2778.8000,2780.0000,1,2,5,1,5,1,1,3,2,1
SF,IH2009,2020-05-11 09:35:34.100,2776.0000,11821,0,167036280.000,0,-,-,-,-,2775.6000,2775.0000,2774.0000,2773.8000,2772.0000,2776.8000,2777.8000,2778.0000,2778.8000,2780.0000,1,2,5,1,5,1,1,3,2,1
SF,IH2009,2020-05-11 09:35:34.600,2776.0000,11821,0,167036280.000,0,-,-,-,-,2775.8000,2775.6000,2775.0000,2774.0000,2773.8000,2776.8000,2777.8000,2778.0000,2778.8000,2780.0000,1,1,2,5,1,1,1,3,2,1
SF,IH2009,2020-05-11 09:35:35.100,2776.0000,11821,0,167036280.000,0,-,-,-,-,2776.2000,2775.8000,2775.6000,2775.0000,2774.0000,2777.0000,2777.8000,2778.0000,2778.8000,2780.0000,1,1,1,2,5,1,1,3,2,1
SF,IH2009,2020-05-11 09:35:35.600,2776.0000,11821,0,167036280.000,0,-,-,-,-,2775.8000,2775.6000,2775.0000,2774.0000,2773.8000,2777.0000,2777.8000,2778.0000,2778.8000,2780.0000,1,1,2,5,1,1,1,3,2,1
SF,IH2009,2020-05-11 09:35:36.100,2777.0000,11820,-1,167869380.000,1,0,1,双平,S,2776.0000,2775.8000,2775.6000,2775.0000,2774.0000,2777.8000,2778.0000,2778.8000,2780.0000,2781.2000,8,1,1,2,5,1,3,2,1,1
