市场代码,合约代码,时间,最新,持仓,增仓,成交额,成交量,开仓,平仓,成交类型,方向,买一价,买二价,买三价,买四价,买五价,卖一价,卖二价,卖三价,卖四价,卖五价,买一量,买二量,买三量,买四量,买五量,卖一量,卖二量,卖三量,卖四量,卖五量
SF,IH2006,2020-06-19 09:29:00.400,2889.6000,11200,0,49412160.000,57.000,-,-,-,-,2889.4000,2888.2000,2885.2000,2885.0000,2884.8000,2889.8000,2890.0000,2890.8000,2891.0000,2891.8000,2,2,4,1,3,5,2,1,1,2
SF,IH2006,2020-06-19 09:30:00.400,2889.6000,11197,-3,54612840.000,6,1,5,多平,S,2885.2000,2884.6000,2884.2000,2884.0000,2883.4000,2889.8000,2890.0000,2890.8000,2891.0000,2891.8000,4,10,3,2,3,7,2,1,1,1
SF,IH2006,2020-06-19 09:30:00.900,2887.8000,11184,-13,65873640.000,13,0,13,双平,S,2886.8000,2886.2000,2886.0000,2885.8000,2885.4000,2889.2000,2889.4000,2889.6000,2889.8000,2890.0000,1,3,1,2,14,1,1,1,9,2
SF,IH2006,2020-06-19 09:30:01.400,2888.8000,11182,-2,67606620.000,2,0,2,双平,S,2887.2000,2887.0000,2886.8000,2885.4000,2885.2000,2889.0000,2889.2000,2889.4000,2889.6000,2889.8000,2,11,1,2,9,1,3,1,1,7
SF,IH2006,2020-06-19 09:30:01.900,2888.2000,11180,-2,69339540.000,2,0,2,双平,S,2887.6000,2887.4000,2887.2000,2885.4000,2885.2000,2888.8000,2889.0000,2889.2000,2889.4000,2889.6000,1,11,3,2,9,2,2,5,1,1
SF,IH2006,2020-06-19 09:30:02.400,2888.0000,11179,-1,70205940.000,1,0,1,双平,S,2888.0000,2887.8000,2887.6000,2887.4000,2885.4000,2888.8000,2889.2000,2889.4000,2889.6000,2889.8000,1,10,2,1,2,2,5,1,1,7
SF,IH2006,2020-06-19 09:30:02.900,2888.8000,11174,-5,74538840.000,5,0,5,双平,S,2888.2000,2888.0000,2887.6000,2885.4000,2885.2000,2888.8000,2889.2000,2889.4000,2889.6000,2889.8000,9,1,1,2,9,1,5,1,1,7
SF,IH2006,2020-06-19 09:30:03.400,2888.4000,11172,-2,76271940.000,2,0,2,双平,S,2888.4000,2888.2000,2887.6000,2885.4000,2885.2000,2888.8000,2889.2000,2889.4000,2889.6000,2889.8000,1,9,1,2,9,1,5,1,1,7
SF,IH2006,2020-06-19 09:30:03.900,2888.4000,11172,0,76271940.000,0,-,-,-,-,2888.4000,2888.2000,2887.6000,2885.4000,2885.2000,2888.8000,2889.2000,2889.4000,2889.6000,2889.8000,1,9,1,2,9,1,5,1,1,7
SF,IH2006,2020-06-19 09:30:04.400,2888.8000,11171,-1,77138580.000,1,0,1,双平,S,2888.4000,2888.2000,2887.6000,2885.4000,2885.2000,2889.2000,2889.4000,2889.6000,2889.8000,2890.0000,1,9,1,2,9,5,1,1,7,2
SF,IH2006,2020-06-19 09:30:04.900,2888.6000,11170,-1,78871740.000,2,0,2,多平,S,2888.6000,2888.4000,2888.2000,2885.4000,2885.2000,2888.8000,2889.2000,2889.4000,2889.6000,2889.8000,5,2,4,2,9,1,5,1,1,7
SF,IH2006,2020-06-19 09:30:05.400,2888.6000,11170,0,78871740.000,0,-,-,-,-,2888.6000,2888.4000,2888.2000,2885.4000,2885.2000,2888.8000,2889.2000,2889.4000,2889.6000,2889.8000,1,1,2,2,9,1,5,1,1,7
SF,IH2006,2020-06-19 09:30:05.900,2889.0000,11165,-5,83204820.000,5,0,5,双平,S,2888.8000,2888.2000,2885.4000,2885.2000,2884.6000,2889.4000,2889.6000,2889.8000,2890.0000,2890.8000,2,2,2,8,7,1,1,7,2,1
SF,IH2006,2020-06-19 09:30:06.400,2888.8000,11159,-6,89271780.000,7,0,7,多平,S,2888.8000,2885.4000,2885.2000,2884.6000,2884.2000,2889.8000,2890.0000,2890.8000,2891.0000,2891.8000,14,1,8,7,3,7,2,1,1,1
SF,IH2006,2020-06-19 09:30:06.900,2888.8000,11157,-2,91005060.000,2,0,2,双平,S,2888.8000,2885.4000,2885.2000,2884.6000,2884.2000,2889.2000,2889.4000,2889.8000,2890.0000,2890.8000,4,1,8,7,3,7,1,10,2,1
SF,IH2006,2020-06-19 09:30:07.400,2888.8000,11153,-4,94471620.000,4,0,4,双平,S,2885.4000,2885.2000,2884.6000,2884.2000,2884.0000,2889.0000,2889.2000,2889.4000,2889.8000,2890.0000,1,8,4,3,1,1,1,1,10,2
SF,IH2006,2020-06-19 09:30:07.900,2888.8000,11152,-1,95338260.000,1,0,1,双平,S,2887.0000,2886.4000,2886.0000,2885.6000,2885.4000,2888.8000,2889.0000,2889.4000,2889.8000,2890.0000,2,2,1,9,4,11,1,1,10,2
SF,IH2006,2020-06-19 09:30:08.400,2888.8000,11152,0,95338260.000,0,-,-,-,-,2887.2000,2887.0000,2886.4000,2885.6000,2885.4000,2888.6000,2888.8000,2889.0000,2889.4000,2889.8000,6,2,2,1,4,2,8,1,1,10
SF,IH2006,2020-06-19 09:30:08.900,2888.8000,11152,0,95338260.000,0,-,-,-,-,2887.2000,2887.0000,2886.4000,2885.4000,2885.2000,2888.6000,2888.8000,2889.0000,2889.4000,2889.8000,3,2,1,3,6,5,8,1,1,10
SF,IH2006,2020-06-19 09:30:09.400,2888.8000,11152,0,95338260.000,0,-,-,-,-,2887.4000,2887.2000,2887.0000,2886.4000,2885.4000,2888.4000,2888.6000,2888.8000,2889.0000,2889.4000,3,3,2,1,3,1,2,8,1,1
SF,IH2006,2020-06-19 09:30:09.900,2888.8000,11152,0,95338260.000,0,-,-,-,-,2888.0000,2887.6000,2887.4000,2887.2000,2887.0000,2888.4000,2888.8000,2889.4000,2889.8000,2890.0000,1,2,3,1,2,1,3,1,10,2
SF,IH2006,2020-06-19 09:30:10.400,2888.8000,11152,0,95338260.000,0,-,-,-,-,2888.2000,2887.6000,2887.4000,2887.0000,2886.4000,2888.4000,2888.8000,2889.4000,2889.8000,2890.0000,1,3,3,2,1,1,2,1,10,2
SF,IH2006,2020-06-19 09:30:10.900,2888.2000,11151,-1,96204720.000,1,0,1,双平,S,2888.0000,2887.6000,2887.4000,2887.0000,2886.4000,2888.4000,2888.8000,2889.4000,2889.8000,2890.0000,4,3,3,2,1,1,1,1,10,2
SF,IH2006,2020-06-19 09:30:11.400,2888.2000,11147,-4,103135620.000,8,2,6,多平,S,2887.0000,2886.4000,2885.4000,2885.2000,2884.6000,2888.2000,2888.4000,2888.6000,2888.8000,2889.4000,2,1,2,6,1,3,1,1,1,1
SF,IH2006,2020-06-19 09:30:11.900,2888.2000,11147,0,103135620.000,0,-,-,-,-,2887.0000,2886.4000,2885.4000,2885.2000,2884.6000,2887.8000,2888.0000,2888.2000,2888.6000,2888.8000,2,1,2,6,1,1,1,3,1,1
SF,IH2006,2020-06-19 09:30:12.400,2887.0000,11146,-1,104001720.000,1,0,1,双平,S,2886.4000,2885.4000,2885.2000,2884.6000,2884.2000,2887.6000,2887.8000,2888.0000,2888.2000,2888.6000,1,2,6,1,3,1,1,2,3,1
SF,IH2006,2020-06-19 09:30:12.900,2887.4000,11145,-1,104867940.000,1,0,1,双平,S,2885.6000,2885.4000,2885.2000,2884.6000,2884.2000,2887.0000,2887.6000,2887.8000,2888.0000,2888.2000,5,2,6,1,3,2,1,2,1,7
SF,IH2006,2020-06-19 09:30:13.400,2887.0000,11144,-1,105734040.000,1,0,1,双平,S,2886.6000,2886.4000,2885.8000,2885.2000,2884.6000,2887.0000,2887.8000,2888.0000,2888.2000,2888.6000,3,2,5,6,1,2,2,1,4,1
SF,IH2006,2020-06-19 09:30:13.900,2887.0000,11143,-1,106600140.000,1,0,1,双平,S,2886.6000,2886.4000,2886.0000,2885.8000,2885.2000,2887.0000,2887.6000,2887.8000,2888.0000,2888.2000,3,1,1,3,6,1,1,1,1,4
SF,IH2006,2020-06-19 09:30:14.400,2887.0000,11143,0,106600140.000,0,-,-,-,-,2886.8000,2886.6000,2886.4000,2885.8000,2885.2000,2887.0000,2887.6000,2887.8000,2888.0000,2888.2000,2,3,1,1,6,1,1,1,1,4
SF,IH2006,2020-06-19 09:30:14.900,2887.0000,11140,-3,109198380.000,3,0,3,双平,S,2886.8000,2885.8000,2885.2000,2884.6000,2884.0000,2887.6000,2887.8000,2888.0000,2888.2000,2888.6000,1,1,6,1,1,1,1,1,4,1
SF,IH2006,2020-06-19 09:30:15.400,2886.8000,11139,-1,110064420.000,1,0,1,双平,S,2886.6000,2886.0000,2885.8000,2885.2000,2884.6000,2887.4000,2887.6000,2887.8000,2888.0000,2888.2000,4,5,1,6,1,2,1,1,1,4
SF,IH2006,2020-06-19 09:30:15.900,2887.2000,11138,-1,110930580.000,1,0,1,双平,S,2887.0000,2886.6000,2885.8000,2885.2000,2884.6000,2887.2000,2887.4000,2887.8000,2888.0000,2888.2000,1,4,1,6,1,1,2,1,1,4
SF,IH2006,2020-06-19 09:30:16.400,2887.2000,11138,0,110930580.000,0,-,-,-,-,2887.0000,2886.8000,2886.6000,2886.4000,2885.8000,2887.2000,2887.8000,2888.0000,2888.2000,2888.6000,2,3,4,1,1,1,1,1,4,1
SF,IH2006,2020-06-19 09:30:16.900,2887.2000,11138,0,110930580.000,0,-,-,-,-,2887.0000,2886.8000,2886.6000,2886.4000,2885.8000,2887.2000,2887.8000,2888.0000,2888.6000,2888.8000,1,3,4,1,1,1,1,1,1,1
SF,IH2006,2020-06-19 09:30:17.400,2886.8000,11136,-2,112662720.000,2,0,2,双平,S,2886.8000,2886.6000,2885.8000,2885.2000,2884.6000,2887.2000,2887.8000,2888.0000,2888.6000,2888.8000,2,4,1,6,1,5,1,1,1,1
SF,IH2006,2020-06-19 09:30:17.900,2887.0000,11135,-1,113528820.000,1,0,1,双平,S,2886.6000,2885.8000,2885.2000,2884.0000,2882.4000,2887.2000,2887.8000,2888.0000,2888.6000,2888.8000,4,1,6,1,1,5,1,1,1,1
SF,IH2006,2020-06-19 09:30:18.400,2887.0000,11135,0,113528820.000,0,-,-,-,-,2886.6000,2885.8000,2885.2000,2884.0000,2882.4000,2887.0000,2887.2000,2887.8000,2888.0000,2888.6000,4,1,6,1,1,6,5,1,1,1
SF,IH2006,2020-06-19 09:30:18.900,2886.6000,11135,0,116992740.000,4,2,2,多换,S,2885.8000,2885.2000,2884.0000,2882.4000,2882.0000,2886.0000,2886.8000,2887.0000,2887.2000,2887.8000,1,6,1,1,1,3,1,6,4,1
SF,IH2006,2020-06-19 09:30:19.400,2886.6000,11134,-1,117858720.000,1,0,1,双平,S,2885.2000,2884.0000,2882.4000,2882.0000,2881.8000,2886.0000,2886.8000,2887.0000,2887.2000,2887.8000,6,1,1,1,2,2,1,4,5,1
SF,IH2006,2020-06-19 09:30:19.900,2886.6000,11134,0,117858720.000,0,-,-,-,-,2885.6000,2885.4000,2885.2000,2884.0000,2882.4000,2885.8000,2886.0000,2887.2000,2887.8000,2888.0000,1,4,6,1,1,2,2,5,1,1
SF,IH2006,2020-06-19 09:30:20.400,2886.0000,11130,-4,121321800.000,4,0,4,双平,S,2886.6000,2885.6000,2885.4000,2885.2000,2884.0000,2887.2000,2887.8000,2888.0000,2888.2000,2888.8000,1,1,4,6,1,5,1,1,1,1
SF,IH2006,2020-06-19 09:30:20.900,2886.0000,11129,-1,122187600.000,1,0,1,双平,S,2885.6000,2885.4000,2885.2000,2884.0000,2882.4000,2887.0000,2887.2000,2887.8000,2888.0000,2888.2000,1,3,6,1,1,2,5,1,1,1
SF,IH2006,2020-06-19 09:30:21.400,2886.0000,11129,0,122187600.000,0,-,-,-,-,2885.8000,2885.6000,2885.2000,2884.0000,2882.4000,2886.8000,2887.0000,2887.2000,2887.8000,2888.0000,4,1,6,1,1,3,2,5,1,1
SF,IH2006,2020-06-19 09:30:21.900,2886.0000,11129,0,122187600.000,0,-,-,-,-,2886.4000,2885.8000,2885.6000,2885.2000,2884.0000,2886.6000,2886.8000,2887.2000,2887.8000,2888.0000,1,4,1,6,1,1,1,2,1,1
SF,IH2006,2020-06-19 09:30:22.400,2886.0000,11129,0,122187600.000,0,-,-,-,-,2886.4000,2885.8000,2885.6000,2885.2000,2884.0000,2886.6000,2886.8000,2887.2000,2887.8000,2888.0000,1,7,1,6,1,1,4,1,1,1
SF,IH2006,2020-06-19 09:30:22.900,2886.4000,11128,-1,123053520.000,1,0,1,双平,S,2885.8000,2885.6000,2885.2000,2884.0000,2882.4000,2886.6000,2886.8000,2887.2000,2887.8000,2888.0000,7,1,6,1,1,1,4,1,1,1
SF,IH2006,2020-06-19 09:30:23.400,2886.4000,11128,0,123053520.000,0,-,-,-,-,2885.8000,2885.6000,2885.2000,2884.0000,2882.4000,2886.4000,2886.8000,2887.8000,2888.0000,2888.2000,7,1,6,1,1,2,4,1,1,1
SF,IH2006,2020-06-19 09:30:23.900,2885.8000,11127,-1,123919260.000,1,0,1,双平,S,2885.8000,2885.6000,2885.2000,2884.0000,2882.4000,2886.4000,2886.8000,2887.8000,2888.0000,2888.2000,6,1,6,1,1,2,4,1,1,1
SF,IH2006,2020-06-19 09:30:24.400,2885.8000,11127,0,125650740.000,2,1,1,多换,S,2885.8000,2885.6000,2885.2000,2884.0000,2882.4000,2886.4000,2886.6000,2886.8000,2887.8000,2888.0000,2,1,6,1,1,2,1,4,1,1
SF,IH2006,2020-06-19 09:30:24.900,2886.4000,11126,-1,127382400.000,2,0,2,多平,S,2885.8000,2885.6000,2885.2000,2884.0000,2882.4000,2886.4000,2886.6000,2886.8000,2887.8000,2888.0000,1,1,6,1,1,1,1,4,1,1
SF,IH2006,2020-06-19 09:30:25.400,2885.8000,11124,-2,129979920.000,3,0,3,多平,S,2885.6000,2885.2000,2884.0000,2882.4000,2882.0000,2886.6000,2886.8000,2887.8000,2888.0000,2888.2000,2,6,1,1,1,1,4,1,1,1
SF,IH2006,2020-06-19 09:30:25.900,2885.8000,11124,0,129979920.000,0,-,-,-,-,2885.8000,2885.6000,2885.2000,2884.0000,2882.4000,2886.4000,2886.6000,2886.8000,2887.8000,2888.0000,1,2,6,1,1,1,1,4,1,1
SF,IH2006,2020-06-19 09:30:26.400,2886.4000,11123,-1,130845840.000,1,0,1,双平,S,2886.4000,2885.8000,2885.6000,2885.2000,2884.0000,2886.6000,2886.8000,2887.8000,2888.0000,2888.2000,1,1,2,6,1,1,4,1,1,1
SF,IH2006,2020-06-19 09:30:26.900,2886.4000,11119,-4,134309460.000,4,0,4,双平,S,2885.8000,2885.6000,2885.2000,2884.0000,2882.4000,2886.4000,2886.6000,2887.8000,2888.0000,2888.2000,1,2,6,1,1,2,4,1,1,1
SF,IH2006,2020-06-19 09:30:27.400,2886.6000,11114,-5,138639240.000,5,0,5,双平,S,2886.4000,2886.0000,2885.8000,2885.6000,2885.2000,2886.6000,2887.8000,2888.0000,2888.2000,2888.8000,2,2,1,2,7,3,1,1,1,1
SF,IH2006,2020-06-19 09:30:27.900,2886.6000,11111,-3,141237180.000,3,0,3,双平,S,2886.8000,2886.6000,2886.4000,2886.0000,2885.8000,2887.8000,2888.0000,2888.2000,2888.8000,2889.2000,1,1,5,1,1,1,1,1,1,1
SF,IH2006,2020-06-19 09:30:28.400,2886.8000,11110,-1,142103220.000,1,0,1,双平,S,2886.6000,2886.4000,2885.6000,2885.2000,2884.0000,2887.6000,2887.8000,2888.0000,2888.2000,2888.8000,1,5,2,7,1,6,1,1,1,1
SF,IH2006,2020-06-19 09:30:28.900,2886.8000,11110,0,142103220.000,0,-,-,-,-,2886.6000,2886.4000,2885.6000,2885.2000,2884.0000,2887.6000,2887.8000,2888.0000,2888.2000,2888.8000,1,5,2,5,1,6,1,1,1,1
SF,IH2006,2020-06-19 09:30:29.400,2886.8000,11110,0,142103220.000,0,-,-,-,-,2886.6000,2886.4000,2885.6000,2885.2000,2884.0000,2887.4000,2887.6000,2887.8000,2888.0000,2888.2000,3,5,2,5,1,1,5,1,1,1
SF,IH2006,2020-06-19 09:30:29.900,2887.2000,11107,-3,144701340.000,3,0,3,双平,S,2886.6000,2886.4000,2885.6000,2885.2000,2884.0000,2887.2000,2887.4000,2887.6000,2887.8000,2888.0000,1,5,2,5,1,3,1,1,1,1
SF,IH2006,2020-06-19 09:30:30.400,2887.2000,11107,0,144701340.000,0,-,-,-,-,2887.0000,2886.6000,2886.4000,2885.6000,2885.2000,2887.6000,2887.8000,2888.0000,2888.2000,2888.8000,1,1,5,2,5,1,1,1,1,1
SF,IH2006,2020-06-19 09:30:30.900,2887.2000,11107,0,144701340.000,0,-,-,-,-,2887.0000,2886.6000,2886.4000,2885.6000,2885.2000,2887.4000,2887.6000,2887.8000,2888.0000,2888.2000,1,1,5,2,5,1,1,1,1,1
SF,IH2006,2020-06-19 09:30:31.400,2887.0000,11106,-1,145567440.000,1,0,1,双平,S,2886.6000,2886.4000,2886.0000,2885.6000,2885.2000,2887.4000,2887.6000,2887.8000,2888.0000,2888.2000,1,5,1,2,5,1,1,1,1,1
SF,IH2006,2020-06-19 09:30:31.900,2887.0000,11106,0,145567440.000,0,-,-,-,-,2886.8000,2886.6000,2886.4000,2886.0000,2885.6000,2887.4000,2887.8000,2888.0000,2888.2000,2888.8000,2,1,5,1,2,1,1,1,1,1
SF,IH2006,2020-06-19 09:30:32.400,2886.8000,11101,-5,149898180.000,5,0,5,双平,S,2886.6000,2886.4000,2886.0000,2885.6000,2885.2000,2886.8000,2887.4000,2887.8000,2888.0000,2888.2000,1,2,1,2,5,1,1,1,1,1
SF,IH2006,2020-06-19 09:30:32.900,2887.4000,11099,-2,151630440.000,2,0,2,双平,S,2887.4000,2887.0000,2886.8000,2886.6000,2886.4000,2887.8000,2888.0000,2888.2000,2888.8000,2889.2000,1,6,5,1,3,1,1,1,1,1
SF,IH2006,2020-06-19 09:30:33.400,2888.0000,11096,-3,154229460.000,3,0,3,双平,S,2888.0000,2887.6000,2887.4000,2887.0000,2886.8000,2888.2000,2888.8000,2889.2000,2890.0000,2890.8000,2,3,1,2,5,1,1,1,2,1
SF,IH2006,2020-06-19 09:30:33.900,2888.0000,11094,-2,155962260.000,2,0,2,双平,S,2887.4000,2886.8000,2886.6000,2886.4000,2886.0000,2887.6000,2887.8000,2888.0000,2888.2000,2888.8000,1,5,2,2,1,1,1,2,1,1
SF,IH2006,2020-06-19 09:30:34.400,2888.0000,11092,-2,157694880.000,2,0,2,双平,S,2887.6000,2886.8000,2886.6000,2886.4000,2886.0000,2888.0000,2888.2000,2888.8000,2889.2000,2890.0000,1,5,2,2,1,1,2,1,1,2
SF,IH2006,2020-06-19 09:30:34.900,2888.0000,11091,-1,158561280.000,1,0,1,双平,S,2887.6000,2886.8000,2886.6000,2886.4000,2886.0000,2888.0000,2888.2000,2888.8000,2889.2000,2890.0000,4,5,2,2,1,1,2,1,1,2
SF,IH2006,2020-06-19 09:30:35.400,2888.0000,11090,-1,159427680.000,1,0,1,双平,S,2888.0000,2887.8000,2887.6000,2886.8000,2886.6000,2888.2000,2889.2000,2890.0000,2890.8000,2891.0000,1,1,4,5,2,2,1,2,1,1
SF,IH2006,2020-06-19 09:30:35.900,2888.2000,11087,-3,162027000.000,3,0,3,双平,S,2888.0000,2887.8000,2887.6000,2886.8000,2886.6000,2889.2000,2890.0000,2890.8000,2891.0000,2891.8000,1,1,4,5,2,1,2,1,1,1
SF,IH2006,2020-06-19 09:30:36.400,2888.2000,11087,0,162027000.000,0,-,-,-,-,2888.2000,2888.0000,2887.8000,2887.6000,2886.8000,2889.0000,2889.2000,2889.8000,2890.0000,2890.8000,1,1,1,4,5,1,1,5,2,1
SF,IH2006,2020-06-19 09:30:36.900,2888.2000,11086,-1,162893460.000,1,0,1,双平,S,2888.0000,2887.8000,2887.6000,2886.8000,2886.6000,2888.8000,2889.0000,2889.2000,2889.8000,2890.0000,1,1,4,5,2,2,5,1,5,2
SF,IH2006,2020-06-19 09:30:37.400,2887.8000,11086,0,164626200.000,2,1,1,多换,S,2887.6000,2886.8000,2886.6000,2886.4000,2886.0000,2887.8000,2888.0000,2888.6000,2888.8000,2889.2000,4,5,2,2,1,3,4,1,4,1
SF,IH2006,2020-06-19 09:30:37.900,2887.8000,11084,-2,168957900.000,5,1,4,多平,S,2887.8000,2887.6000,2886.8000,2886.6000,2886.4000,2888.0000,2888.6000,2888.8000,2889.2000,2889.8000,3,1,1,2,2,4,1,2,1,5
SF,IH2006,2020-06-19 09:30:38.400,2888.0000,11080,-4,172423500.000,4,0,4,双平,S,2888.2000,2888.0000,2887.6000,2886.8000,2886.6000,2888.6000,2888.8000,2889.2000,2889.8000,2890.0000,2,6,1,1,2,1,2,1,5,2
SF,IH2006,2020-06-19 09:30:38.900,2888.0000,11080,0,172423500.000,0,-,-,-,-,2888.0000,2887.6000,2886.8000,2886.6000,2886.4000,2888.6000,2888.8000,2889.2000,2889.8000,2890.0000,6,1,1,2,2,1,2,1,5,2
SF,IH2006,2020-06-19 09:30:39.400,2888.4000,11078,-2,174156600.000,2,0,2,双平,S,2888.2000,2888.0000,2887.6000,2886.8000,2886.6000,2888.8000,2889.2000,2889.8000,2890.0000,2890.8000,1,6,1,1,2,2,1,5,2,1
SF,IH2006,2020-06-19 09:30:39.900,2888.8000,11074,-4,177623160.000,4,0,4,双平,S,2889.0000,2888.8000,2888.4000,2888.2000,2888.0000,2889.2000,2889.8000,2890.0000,2890.8000,2891.0000,1,4,2,1,2,1,5,2,1,1
SF,IH2006,2020-06-19 09:30:40.400,2889.2000,11073,-1,178489920.000,1,0,1,双平,S,2889.0000,2888.8000,2888.6000,2888.2000,2888.0000,2890.0000,2890.8000,2891.0000,2891.8000,2892.0000,1,4,1,1,2,2,1,1,1,1
SF,IH2006,2020-06-19 09:30:40.900,2890.0000,11071,-2,180223920.000,2,0,2,双平,S,2889.4000,2889.2000,2888.8000,2888.6000,2888.2000,2890.6000,2890.8000,2891.0000,2891.8000,2892.0000,1,1,4,1,1,5,1,1,1,1
SF,IH2006,2020-06-19 09:30:41.400,2890.0000,11070,-1,181090920.000,1,0,1,双平,S,2889.8000,2888.8000,2888.6000,2888.2000,2888.0000,2890.0000,2890.4000,2890.8000,2891.0000,2891.8000,1,4,1,1,2,1,4,1,1,1
SF,IH2006,2020-06-19 09:30:41.900,2889.4000,11068,-2,182824680.000,2,0,2,双平,S,2888.8000,2888.2000,2888.0000,2887.6000,2886.8000,2890.0000,2890.8000,2891.0000,2891.8000,2892.0000,4,1,2,2,1,1,1,1,1,1
SF,IH2006,2020-06-19 09:30:42.400,2889.4000,11068,0,182824680.000,0,-,-,-,-,2889.6000,2889.0000,2888.8000,2888.6000,2888.2000,2890.0000,2890.6000,2890.8000,2891.0000,2891.8000,1,2,4,1,1,1,5,1,1,1
SF,IH2006,2020-06-19 09:30:42.900,2888.8000,11062,-6,188024820.000,6,0,6,双平,S,2888.8000,2888.6000,2888.2000,2888.0000,2887.6000,2890.0000,2890.8000,2891.0000,2891.8000,2892.0000,1,1,1,3,2,1,1,1,1,1
SF,IH2006,2020-06-19 09:30:43.400,2888.8000,11062,0,188024820.000,0,-,-,-,-,2889.2000,2889.0000,2888.8000,2888.6000,2888.2000,2889.8000,2890.0000,2890.6000,2890.8000,2891.0000,2,1,1,1,1,2,1,5,1,1
SF,IH2006,2020-06-19 09:30:43.900,2888.8000,11062,0,188024820.000,0,-,-,-,-,2889.2000,2888.8000,2888.6000,2888.2000,2888.0000,2889.6000,2889.8000,2890.0000,2890.8000,2891.0000,3,1,1,1,3,8,3,1,1,1
SF,IH2006,2020-06-19 09:30:44.400,2889.2000,11051,-11,197560500.000,11,0,11,双平,S,2889.2000,2888.8000,2888.6000,2888.2000,2888.0000,2889.8000,2890.0000,2890.8000,2891.0000,2891.8000,2,1,1,1,3,1,1,1,1,1
SF,IH2006,2020-06-19 09:30:44.900,2889.8000,11050,-1,198427440.000,1,0,1,双平,S,2889.4000,2889.2000,2888.8000,2888.6000,2888.2000,2889.6000,2890.0000,2890.8000,2891.0000,2891.8000,2,2,1,1,1,1,1,1,1,1
SF,IH2006,2020-06-19 09:30:45.400,2889.4000,11047,-3,201027960.000,3,0,3,双平,S,2889.2000,2888.8000,2888.6000,2888.2000,2888.0000,2890.0000,2890.8000,2891.0000,2891.8000,2892.0000,2,1,1,1,3,1,1,1,1,1
SF,IH2006,2020-06-19 09:30:45.900,2889.2000,11044,-3,203628300.000,3,0,3,双平,S,2888.8000,2888.6000,2888.2000,2888.0000,2887.6000,2889.2000,2890.0000,2890.8000,2891.0000,2891.8000,1,1,1,3,1,3,1,1,1,1
SF,IH2006,2020-06-19 09:30:46.400,2889.2000,11043,-1,204495060.000,1,0,1,双平,S,2889.0000,2888.8000,2888.6000,2888.2000,2888.0000,2889.2000,2890.0000,2890.8000,2891.0000,2891.8000,1,1,1,1,3,2,1,1,1,1
SF,IH2006,2020-06-19 09:30:46.900,2889.2000,11041,-2,206228580.000,2,0,2,双平,S,2889.4000,2889.2000,2889.0000,2888.8000,2888.6000,2890.0000,2890.8000,2891.0000,2891.8000,2892.0000,3,5,1,1,1,1,1,1,1,1
SF,IH2006,2020-06-19 09:30:47.400,2890.0000,11040,-1,207095580.000,1,0,1,双平,S,2890.0000,2889.8000,2889.2000,2889.0000,2888.8000,2890.8000,2891.0000,2891.8000,2892.0000,2892.6000,2,1,5,1,1,1,1,1,1,3
SF,IH2006,2020-06-19 09:30:47.900,2890.0000,11036,-4,210564180.000,4,0,4,双平,S,2889.8000,2889.2000,2889.0000,2888.8000,2888.6000,2891.0000,2891.8000,2892.0000,2892.6000,2893.0000,1,5,1,1,1,1,1,1,3,1
SF,IH2006,2020-06-19 09:30:48.400,2890.8000,11034,-2,212298420.000,2,0,2,双平,S,2889.8000,2889.2000,2889.0000,2888.8000,2888.6000,2891.0000,2891.6000,2891.8000,2892.0000,2892.6000,1,5,1,1,1,1,5,1,1,3
SF,IH2006,2020-06-19 09:30:48.900,2891.0000,11031,-3,214900200.000,3,0,3,双平,S,2890.0000,2889.8000,2889.2000,2889.0000,2888.8000,2891.6000,2891.8000,2892.0000,2892.6000,2893.0000,2,1,5,1,1,5,1,1,3,1
SF,IH2006,2020-06-19 09:30:49.400,2891.4000,11030,-1,215767620.000,1,0,1,双平,S,2890.2000,2890.0000,2889.8000,2889.2000,2889.0000,2891.4000,2891.6000,2891.8000,2892.0000,2892.6000,3,2,1,5,1,9,5,1,1,3
SF,IH2006,2020-06-19 09:30:49.900,2889.8000,11024,-6,220969740.000,6,0,6,双平,S,2889.4000,2889.2000,2889.0000,2888.8000,2888.6000,2891.2000,2891.4000,2891.8000,2892.0000,2892.6000,1,5,1,1,1,2,4,1,1,3
SF,IH2006,2020-06-19 09:30:50.400,2889.8000,11023,-1,221836680.000,1,0,1,双平,S,2889.6000,2889.4000,2889.2000,2889.0000,2888.8000,2891.0000,2891.2000,2891.4000,2891.8000,2892.0000,2,1,5,1,1,8,2,3,1,2
SF,IH2006,2020-06-19 09:30:50.900,2889.8000,11023,0,221836680.000,0,-,-,-,-,2889.6000,2889.4000,2889.2000,2889.0000,2888.8000,2891.0000,2891.2000,2891.4000,2891.8000,2892.0000,2,1,5,1,1,4,2,2,1,2
SF,IH2006,2020-06-19 09:30:51.400,2890.8000,11022,-1,222703920.000,1,0,1,双平,S,2889.6000,2889.4000,2889.2000,2889.0000,2888.8000,2890.0000,2890.8000,2891.0000,2891.4000,2891.8000,2,1,5,1,1,10,2,4,2,1
SF,IH2006,2020-06-19 09:30:51.900,2889.6000,11013,-9,230506920.000,9,0,9,双平,S,2889.2000,2889.0000,2888.6000,2888.0000,2887.6000,2890.0000,2890.6000,2890.8000,2891.0000,2891.4000,3,1,1,1,1,2,1,2,1,2
SF,IH2006,2020-06-19 09:30:52.400,2890.0000,11011,-2,232240920.000,2,0,2,双平,S,2889.4000,2889.2000,2889.0000,2888.6000,2888.0000,2890.6000,2891.0000,2891.2000,2891.4000,2891.8000,2,1,1,1,1,3,1,4,1,1
SF,IH2006,2020-06-19 09:30:52.900,2890.6000,11009,-2,233975280.000,2,0,2,双平,S,2889.4000,2889.2000,2889.0000,2888.6000,2888.0000,2890.0000,2890.6000,2891.0000,2891.2000,2891.4000,2,1,1,1,1,10,1,1,4,1
SF,IH2006,2020-06-19 09:30:53.400,2890.0000,11007,-2,235709460.000,2,0,2,双平,S,2889.6000,2889.4000,2889.2000,2889.0000,2888.6000,2890.0000,2890.2000,2891.0000,2891.2000,2891.4000,1,2,1,1,1,10,1,1,4,1
SF,IH2006,2020-06-19 09:30:53.900,2890.0000,11004,-3,238310340.000,3,0,3,双平,S,2889.6000,2889.4000,2889.2000,2889.0000,2888.6000,2890.0000,2890.2000,2891.0000,2891.2000,2891.4000,1,2,1,1,1,8,1,1,4,1
SF,IH2006,2020-06-19 09:30:54.400,2889.8000,11003,-1,239177280.000,1,0,1,双平,S,2889.6000,2889.4000,2889.2000,2889.0000,2888.6000,2890.0000,2890.2000,2891.0000,2891.2000,2891.8000,1,2,1,1,1,8,1,2,4,1
SF,IH2006,2020-06-19 09:30:54.900,2889.8000,11002,-1,240044220.000,1,0,1,双平,S,2889.6000,2889.4000,2889.2000,2889.0000,2888.6000,2889.8000,2890.0000,2890.2000,2891.0000,2891.2000,1,2,1,1,1,1,6,1,2,4
SF,IH2006,2020-06-19 09:30:55.400,2889.8000,11001,-1,240911160.000,1,0,1,双平,S,2889.6000,2889.4000,2889.2000,2888.6000,2888.0000,2889.8000,2890.0000,2890.2000,2891.0000,2891.2000,1,2,1,1,1,2,6,1,2,4
SF,IH2006,2020-06-19 09:30:55.900,2889.8000,11000,-1,241778100.000,1,0,1,双平,S,2889.6000,2889.4000,2889.2000,2888.6000,2888.0000,2889.8000,2890.0000,2890.2000,2891.0000,2891.2000,1,2,1,1,1,1,6,1,2,4
SF,IH2006,2020-06-19 09:30:56.400,2889.8000,11000,0,241778100.000,0,-,-,-,-,2889.6000,2889.4000,2889.2000,2888.6000,2888.0000,2889.8000,2890.0000,2890.2000,2890.6000,2891.0000,2,2,1,1,1,1,6,1,2,2
SF,IH2006,2020-06-19 09:30:56.900,2889.8000,11000,0,241778100.000,0,-,-,-,-,2889.6000,2889.4000,2888.6000,2888.0000,2887.6000,2889.8000,2890.0000,2890.2000,2890.6000,2891.0000,2,2,1,1,1,1,6,1,2,2
SF,IH2006,2020-06-19 09:30:57.400,2889.8000,10999,-1,242645040.000,1,0,1,双平,S,2889.6000,2888.6000,2888.0000,2887.6000,2886.4000,2890.0000,2890.2000,2890.6000,2891.0000,2891.2000,2,1,1,1,2,6,1,2,2,4
SF,IH2006,2020-06-19 09:30:57.900,2889.8000,10999,0,242645040.000,0,-,-,-,-,2889.6000,2888.6000,2888.0000,2887.6000,2886.4000,2890.0000,2890.2000,2890.6000,2891.0000,2891.2000,2,1,1,1,2,8,1,2,2,4
SF,IH2006,2020-06-19 09:30:58.400,2889.6000,10995,-4,246112620.000,4,0,4,双平,S,2889.6000,2888.6000,2888.0000,2887.6000,2886.4000,2890.0000,2890.2000,2890.6000,2891.0000,2891.8000,1,1,1,1,2,6,1,2,2,1
SF,IH2006,2020-06-19 09:30:58.900,2889.6000,10995,0,246112620.000,0,-,-,-,-,2889.6000,2888.6000,2888.0000,2887.6000,2886.4000,2889.8000,2890.0000,2890.2000,2890.6000,2891.0000,1,1,1,1,2,2,6,1,2,2
SF,IH2006,2020-06-19 09:30:59.400,2889.6000,10995,0,246112620.000,0,-,-,-,-,2889.6000,2888.6000,2888.0000,2887.6000,2886.4000,2889.8000,2890.0000,2890.2000,2890.6000,2891.0000,1,1,1,1,2,3,6,1,2,2
SF,IH2006,2020-06-19 09:30:59.900,2889.6000,10994,-1,246979500.000,1,0,1,双平,S,2889.6000,2888.6000,2888.0000,2887.6000,2886.4000,2889.8000,2890.0000,2890.2000,2890.6000,2891.0000,1,1,1,1,2,3,6,1,2,2
SF,IH2006,2020-06-19 09:31:00.400,2889.6000,10991,-3,249580140.000,3,0,3,双平,S,2889.6000,2888.6000,2888.0000,2887.6000,2886.4000,2889.8000,2890.0000,2890.2000,2890.6000,2891.0000,1,1,1,1,2,4,6,1,2,2
SF,IH2006,2020-06-19 09:31:00.900,2889.6000,10983,-8,256515240.000,8,0,8,双平,S,2888.6000,2888.0000,2887.6000,2886.4000,2885.6000,2889.0000,2889.8000,2890.0000,2890.2000,2890.6000,1,1,1,2,1,5,3,6,1,2
SF,IH2006,2020-06-19 09:31:01.400,2889.0000,10974,-9,264315900.000,9,0,9,双平,S,2888.8000,2888.6000,2888.0000,2887.6000,2886.4000,2889.0000,2889.6000,2889.8000,2890.0000,2890.2000,4,3,1,1,2,1,1,2,6,1
SF,IH2006,2020-06-19 09:31:01.900,2889.2000,10969,-5,268650120.000,5,0,5,双平,S,2889.2000,2889.0000,2888.8000,2888.6000,2888.0000,2890.0000,2890.2000,2890.6000,2891.0000,2891.8000,3,4,5,1,1,6,1,2,2,1
SF,IH2006,2020-06-19 09:31:02.400,2889.6000,10961,-8,275585880.000,8,0,8,双平,S,2889.6000,2889.4000,2889.2000,2889.0000,2888.8000,2889.8000,2890.6000,2891.0000,2891.8000,2892.0000,3,2,3,3,1,2,2,2,1,2
SF,IH2006,2020-06-19 09:31:02.900,2890.6000,10957,-4,279054120.000,4,0,4,双平,S,2889.8000,2889.6000,2889.4000,2889.0000,2888.8000,2891.0000,2891.8000,2892.0000,2892.6000,2893.0000,3,3,2,4,2,2,1,2,3,1
SF,IH2006,2020-06-19 09:31:03.400,2889.8000,10955,-2,280788180.000,2,0,2,双平,S,2890.4000,2889.8000,2889.0000,2888.8000,2888.0000,2891.0000,2891.6000,2891.8000,2892.0000,2892.6000,1,3,3,2,1,1,5,1,2,3
SF,IH2006,2020-06-19 09:31:03.900,2890.8000,10953,-2,282522540.000,2,0,2,双平,S,2890.4000,2889.8000,2889.0000,2888.8000,2888.0000,2891.0000,2891.8000,2892.0000,2892.6000,2893.0000,1,1,3,2,1,1,1,2,3,1
SF,IH2006,2020-06-19 09:31:04.400,2891.0000,10951,-2,285124260.000,3,0,3,多平,S,2890.6000,2890.4000,2890.0000,2889.8000,2889.0000,2891.8000,2892.0000,2892.6000,2893.0000,2894.0000,1,1,1,1,3,1,2,3,1,1
SF,IH2006,2020-06-19 09:31:04.900,2891.6000,10948,-3,287726520.000,3,0,3,双平,S,2890.0000,2889.0000,2888.8000,2888.0000,2887.6000,2891.8000,2892.0000,2892.6000,2893.0000,2894.0000,2,3,2,1,1,1,2,3,1,1
SF,IH2006,2020-06-19 09:31:05.400,2890.2000,10948,0,288593580.000,1,0,1,多换,S,2891.0000,2890.2000,2890.0000,2889.2000,2889.0000,2891.4000,2891.6000,2891.8000,2892.0000,2892.6000,1,2,2,6,3,1,10,1,2,3
SF,IH2006,2020-06-19 09:31:05.900,2891.0000,10947,-1,289460880.000,1,0,1,双平,S,2890.2000,2890.0000,2889.6000,2889.2000,2889.0000,2891.0000,2891.4000,2891.6000,2891.8000,2892.0000,2,1,1,6,3,1,2,1,1,2
SF,IH2006,2020-06-19 09:31:06.400,2891.0000,10946,-1,290328180.000,1,0,1,双平,S,2890.6000,2890.4000,2890.2000,2890.0000,2889.6000,2891.0000,2891.4000,2891.6000,2891.8000,2892.0000,1,2,1,1,1,1,1,1,1,2
SF,IH2006,2020-06-19 09:31:06.900,2891.8000,10942,-4,293797920.000,4,0,4,双平,S,2890.6000,2890.4000,2890.0000,2889.6000,2889.2000,2892.0000,2892.6000,2893.0000,2894.0000,2897.0000,1,3,1,1,6,2,3,1,1,1
SF,IH2006,2020-06-19 09:31:07.400,2891.0000,10941,-1,294665220.000,1,0,1,双平,S,2891.0000,2890.8000,2890.6000,2890.4000,2890.0000,2891.2000,2892.0000,2892.6000,2893.0000,2894.0000,1,2,2,3,1,1,2,3,1,1
SF,IH2006,2020-06-19 09:31:07.900,2891.2000,10940,-1,295532580.000,1,0,1,双平,S,2891.4000,2891.0000,2890.6000,2890.4000,2890.0000,2892.0000,2892.6000,2893.0000,2894.0000,2897.0000,2,1,2,3,1,2,3,1,1,1
SF,IH2006,2020-06-19 09:31:08.400,2891.4000,10940,0,296400000.000,1,0,1,多换,S,2891.4000,2891.0000,2890.6000,2890.4000,2890.0000,2891.8000,2892.0000,2892.6000,2893.0000,2894.0000,1,1,2,3,1,2,2,3,1,1
SF,IH2006,2020-06-19 09:31:08.900,2891.4000,10940,0,297267420.000,1,0,1,多换,S,2891.0000,2890.6000,2890.4000,2890.0000,2889.4000,2891.8000,2892.0000,2892.6000,2893.0000,2894.0000,3,2,2,1,2,1,2,3,1,1
SF,IH2006,2020-06-19 09:31:09.400,2891.4000,10940,0,297267420.000,0,-,-,-,-,2891.0000,2890.6000,2890.4000,2890.0000,2889.4000,2892.0000,2892.6000,2893.0000,2894.0000,2897.0000,3,2,2,1,2,2,3,1,1,1
SF,IH2006,2020-06-19 09:31:09.900,2891.4000,10939,-1,298134840.000,1,0,1,双平,S,2891.6000,2891.0000,2890.6000,2890.4000,2890.0000,2892.0000,2892.6000,2893.0000,2894.0000,2897.0000,1,3,2,2,1,3,3,1,1,1
SF,IH2006,2020-06-19 09:31:10.400,2891.8000,10937,-2,299869980.000,2,0,2,双平,S,2891.8000,2891.6000,2891.0000,2890.6000,2890.4000,2892.0000,2892.6000,2893.0000,2894.0000,2897.0000,1,1,2,2,2,2,3,1,1,1
SF,IH2006,2020-06-19 09:31:10.900,2891.0000,10931,-6,307677120.000,9,1,8,多平,S,2890.6000,2890.4000,2890.2000,2890.0000,2889.4000,2891.0000,2892.6000,2893.0000,2894.0000,2897.0000,2,2,1,1,2,3,3,1,1,1
SF,IH2006,2020-06-19 09:31:11.400,2891.0000,10928,-3,310279020.000,3,0,3,双平,S,2892.0000,2891.2000,2891.0000,2890.8000,2890.6000,2892.6000,2893.0000,2894.0000,2897.0000,2899.0000,1,3,4,1,2,3,1,1,1,1
SF,IH2006,2020-06-19 09:31:11.900,2891.0000,10925,-3,313748940.000,4,0,4,多平,S,2890.8000,2890.6000,2890.2000,2889.4000,2889.2000,2891.0000,2891.4000,2892.6000,2893.0000,2894.0000,2,2,1,2,6,8,1,3,1,1
SF,IH2006,2020-06-19 09:31:12.400,2891.0000,10918,-7,319820040.000,7,0,7,双平,S,2890.8000,2890.6000,2890.2000,2889.4000,2889.2000,2891.0000,2891.4000,2892.6000,2893.0000,2894.0000,3,2,2,2,6,1,1,3,1,1
SF,IH2006,2020-06-19 09:31:12.900,2891.0000,10917,-1,320687340.000,1,0,1,双平,S,2891.0000,2890.8000,2890.6000,2890.2000,2889.4000,2891.4000,2892.6000,2893.0000,2894.0000,2897.0000,1,2,2,2,2,1,3,1,1,1
SF,IH2006,2020-06-19 09:31:13.400,2891.0000,10914,-3,323289240.000,3,0,3,双平,S,2890.8000,2890.6000,2890.2000,2889.4000,2889.2000,2891.0000,2891.4000,2892.2000,2892.6000,2893.0000,2,2,2,2,6,7,1,1,3,1
SF,IH2006,2020-06-19 09:31:13.900,2891.0000,10911,-3,325891140.000,3,0,3,双平,S,2890.8000,2890.6000,2890.2000,2889.4000,2889.2000,2891.0000,2891.4000,2892.2000,2892.6000,2893.0000,3,2,2,2,6,4,1,1,3,1
SF,IH2006,2020-06-19 09:31:14.400,2891.0000,10910,-1,326758440.000,1,0,1,双平,S,2890.8000,2890.6000,2890.2000,2889.4000,2889.2000,2891.0000,2891.4000,2892.2000,2892.6000,2893.0000,3,1,2,2,6,3,1,1,3,1
SF,IH2006,2020-06-19 09:31:14.900,2891.0000,10907,-3,329360340.000,3,0,3,双平,S,2890.8000,2890.6000,2890.2000,2889.4000,2889.2000,2891.4000,2892.2000,2892.6000,2893.0000,2894.0000,3,1,2,2,6,1,1,3,1,1
SF,IH2006,2020-06-19 09:31:15.900,2891.0000,10903,-4,332829540.000,4,0,4,双平,S,2890.8000,2890.6000,2890.2000,2889.4000,2889.2000,2891.0000,2891.4000,2892.2000,2892.6000,2893.0000,3,1,1,2,6,6,1,1,3,1
SF,IH2006,2020-06-19 09:31:16.400,2890.8000,10896,-7,338900580.000,7,0,7,双平,S,2891.0000,2890.8000,2890.6000,2890.2000,2889.4000,2891.4000,2892.2000,2892.6000,2893.0000,2894.0000,2,3,1,1,2,4,1,3,1,1
SF,IH2006,2020-06-19 09:31:16.900,2891.0000,10891,-5,343237080.000,5,0,5,双平,S,2890.8000,2890.6000,2890.2000,2889.4000,2889.2000,2891.0000,2891.4000,2892.2000,2892.6000,2893.0000,1,1,1,2,6,5,4,1,3,1
SF,IH2006,2020-06-19 09:31:17.400,2891.0000,10890,-1,344104380.000,1,0,1,双平,S,2890.8000,2890.6000,2890.2000,2889.4000,2889.2000,2891.0000,2891.4000,2892.2000,2892.6000,2893.0000,1,1,1,2,6,4,4,1,3,1
SF,IH2006,2020-06-19 09:31:17.900,2891.0000,10890,0,344971680.000,1,0,1,多换,S,2890.8000,2890.6000,2890.2000,2889.4000,2889.2000,2891.0000,2891.4000,2892.2000,2892.6000,2893.0000,1,1,1,2,6,3,4,1,3,1
SF,IH2006,2020-06-19 09:31:18.400,2891.0000,10889,-1,345838980.000,1,0,1,双平,S,2890.8000,2890.6000,2890.2000,2889.4000,2889.2000,2891.0000,2891.4000,2892.2000,2892.6000,2893.0000,1,1,1,2,6,2,4,1,3,1
SF,IH2006,2020-06-19 09:31:19.400,2891.0000,10888,-1,346706280.000,1,0,1,双平,S,2890.8000,2890.6000,2890.2000,2889.4000,2889.2000,2891.0000,2891.4000,2892.2000,2892.6000,2893.0000,1,1,1,2,6,1,4,1,3,1
SF,IH2006,2020-06-19 09:31:19.900,2891.0000,10887,-1,347573580.000,1,0,1,双平,S,2890.8000,2890.6000,2890.2000,2889.4000,2889.2000,2891.4000,2892.2000,2892.6000,2893.0000,2894.0000,2,1,1,2,6,4,1,3,1,1
SF,IH2006,2020-06-19 09:31:20.900,2891.4000,10885,-2,349308420.000,2,0,2,双平,S,2891.0000,2890.8000,2890.6000,2890.2000,2889.4000,2891.4000,2892.2000,2892.6000,2893.0000,2894.0000,2,1,1,1,2,2,1,3,1,1
SF,IH2006,2020-06-19 09:31:21.400,2891.4000,10883,-2,351043260.000,2,0,2,双平,S,2891.2000,2891.0000,2890.8000,2890.6000,2890.2000,2892.2000,2892.6000,2893.0000,2894.0000,2897.0000,3,2,1,1,1,1,3,1,1,1
SF,IH2006,2020-06-19 09:31:21.900,2892.0000,10881,-2,352778280.000,2,0,2,双平,S,2891.4000,2891.2000,2891.0000,2890.8000,2890.6000,2892.2000,2892.6000,2893.0000,2894.0000,2897.0000,1,4,2,1,1,1,3,1,1,1
SF,IH2006,2020-06-19 09:31:22.400,2891.6000,10880,-1,353645760.000,1,0,1,双平,S,2891.6000,2891.4000,2891.2000,2891.0000,2890.8000,2892.2000,2892.6000,2893.0000,2894.0000,2897.0000,1,1,1,2,1,1,3,1,1,1
SF,IH2006,2020-06-19 09:31:22.900,2892.2000,10879,-1,354513420.000,1,0,1,双平,S,2891.6000,2891.4000,2891.2000,2891.0000,2890.8000,2892.6000,2893.0000,2894.0000,2897.0000,2899.0000,1,1,1,2,1,3,1,1,1,1
SF,IH2006,2020-06-19 09:31:23.400,2892.2000,10879,0,354513420.000,0,-,-,-,-,2891.8000,2891.6000,2891.4000,2891.2000,2891.0000,2892.4000,2892.6000,2893.0000,2894.0000,2897.0000,2,1,1,1,2,2,3,1,1,1
SF,IH2006,2020-06-19 09:31:23.900,2892.2000,10879,0,354513420.000,0,-,-,-,-,2892.2000,2891.6000,2891.4000,2891.2000,2891.0000,2892.6000,2893.0000,2894.0000,2897.0000,2899.0000,1,1,1,1,1,3,1,1,1,1
SF,IH2006,2020-06-19 09:31:24.400,2892.6000,10878,-1,355381200.000,1,0,1,双平,S,2892.2000,2891.6000,2891.4000,2891.2000,2891.0000,2892.6000,2893.0000,2894.0000,2897.0000,2899.0000,1,1,1,1,1,2,1,1,1,1
SF,IH2006,2020-06-19 09:31:24.900,2892.6000,10877,-1,356248980.000,1,0,1,双平,S,2892.4000,2892.2000,2891.6000,2891.4000,2891.2000,2892.6000,2893.0000,2894.0000,2897.0000,2899.0000,1,1,1,1,1,1,1,1,1,1
SF,IH2006,2020-06-19 09:31:25.400,2892.6000,10876,-1,357116760.000,1,0,1,双平,S,2892.4000,2892.2000,2891.6000,2891.4000,2891.2000,2893.0000,2894.0000,2897.0000,2899.0000,2899.8000,1,1,1,1,1,1,1,1,1,1
SF,IH2006,2020-06-19 09:31:25.900,2893.0000,10875,-1,357984660.000,1,0,1,双平,S,2892.6000,2892.4000,2892.2000,2891.6000,2891.4000,2894.0000,2897.0000,2899.0000,2899.8000,2903.2000,1,1,1,1,1,1,1,1,1,5
SF,IH2006,2020-06-19 09:31:26.400,2893.0000,10875,0,357984660.000,0,-,-,-,-,2892.8000,2892.6000,2892.4000,2892.2000,2891.6000,2893.4000,2894.0000,2896.8000,2897.0000,2899.0000,4,2,1,1,1,2,1,5,1,1
SF,IH2006,2020-06-19 09:31:26.900,2893.0000,10875,0,357984660.000,0,-,-,-,-,2892.4000,2892.2000,2891.6000,2891.4000,2891.2000,2893.2000,2894.0000,2896.8000,2897.0000,2899.0000,1,1,1,1,2,1,1,5,1,1
SF,IH2006,2020-06-19 09:31:27.400,2893.0000,10875,0,357984660.000,0,-,-,-,-,2892.8000,2892.4000,2892.2000,2891.6000,2891.4000,2893.2000,2894.0000,2896.8000,2897.0000,2899.0000,1,1,1,1,1,1,1,5,1,1
SF,IH2006,2020-06-19 09:31:27.900,2892.8000,10873,-2,359720340.000,2,0,2,双平,S,2892.4000,2892.2000,2891.4000,2891.2000,2891.0000,2893.2000,2893.6000,2894.0000,2896.8000,2897.0000,1,1,1,2,1,1,1,1,5,1
SF,IH2006,2020-06-19 09:31:28.400,2893.2000,10872,-1,360588300.000,1,0,1,双平,S,2892.8000,2892.6000,2892.4000,2892.2000,2891.4000,2893.6000,2894.0000,2896.8000,2897.0000,2899.0000,1,1,1,1,1,1,1,5,1,1
SF,IH2006,2020-06-19 09:31:28.900,2893.2000,10872,0,360588300.000,0,-,-,-,-,2893.0000,2892.8000,2892.6000,2892.4000,2892.2000,2893.6000,2894.0000,2896.8000,2897.0000,2899.0000,2,1,1,1,1,1,1,5,1,1
SF,IH2006,2020-06-19 09:31:29.400,2893.2000,10872,0,360588300.000,0,-,-,-,-,2893.0000,2892.8000,2892.4000,2892.2000,2891.4000,2893.6000,2894.0000,2894.8000,2896.8000,2897.0000,3,1,1,1,1,1,1,1,5,1
SF,IH2006,2020-06-19 09:31:29.900,2893.6000,10871,-1,361456380.000,1,0,1,双平,S,2893.0000,2892.8000,2892.4000,2892.2000,2892.0000,2894.0000,2894.8000,2896.8000,2897.0000,2899.0000,4,1,1,1,1,1,1,5,1,1
SF,IH2006,2020-06-19 09:31:30.400,2893.8000,10870,-1,362324520.000,1,0,1,双平,S,2893.2000,2893.0000,2892.8000,2892.6000,2892.4000,2894.0000,2894.6000,2894.8000,2897.0000,2899.0000,1,4,1,1,1,1,5,1,1,1
SF,IH2006,2020-06-19 09:31:30.900,2894.0000,10869,-1,363192720.000,1,0,1,双平,S,2893.2000,2893.0000,2892.8000,2892.6000,2892.4000,2894.8000,2897.0000,2899.0000,2899.8000,2904.0000,1,4,1,1,1,1,1,1,1,1
SF,IH2006,2020-06-19 09:31:31.400,2894.6000,10868,-1,364061100.000,1,0,1,双平,S,2893.6000,2893.4000,2893.2000,2893.0000,2892.8000,2893.8000,2894.6000,2894.8000,2896.8000,2897.0000,1,5,2,4,1,1,1,1,5,1
SF,IH2006,2020-06-19 09:31:31.900,2894.4000,10867,-1,364929420.000,1,0,1,双平,S,2893.6000,2893.4000,2893.2000,2893.0000,2892.8000,2894.6000,2894.8000,2896.8000,2897.0000,2899.0000,1,1,2,4,1,1,1,5,1,1
SF,IH2006,2020-06-19 09:31:32.400,2894.4000,10867,0,364929420.000,0,-,-,-,-,2893.8000,2893.6000,2893.4000,2893.2000,2893.0000,2894.6000,2894.8000,2896.8000,2897.0000,2899.0000,2,1,1,3,3,1,1,5,1,1
SF,IH2006,2020-06-19 09:31:32.900,2894.4000,10867,0,364929420.000,0,-,-,-,-,2894.0000,2893.8000,2893.6000,2893.2000,2893.0000,2894.8000,2896.8000,2897.0000,2899.0000,2899.8000,1,2,2,3,3,1,5,1,1,1
SF,IH2006,2020-06-19 09:31:33.400,2893.8000,10865,-2,366665760.000,2,0,2,双平,S,2893.8000,2893.6000,2893.2000,2893.0000,2892.8000,2894.8000,2895.0000,2896.8000,2897.0000,2899.0000,1,2,3,3,1,1,2,5,1,1
SF,IH2006,2020-06-19 09:31:33.900,2894.8000,10864,-1,367534200.000,1,0,1,双平,S,2893.8000,2893.6000,2893.2000,2893.0000,2892.8000,2895.0000,2896.8000,2897.0000,2899.0000,2899.8000,1,2,3,3,1,2,5,1,1,1
SF,IH2006,2020-06-19 09:31:34.400,2893.8000,10863,-1,368402340.000,1,0,1,双平,S,2893.6000,2893.2000,2893.0000,2892.8000,2892.6000,2893.8000,2895.0000,2896.8000,2897.0000,2899.0000,2,3,3,1,1,1,2,5,1,1
SF,IH2006,2020-06-19 09:31:34.900,2893.8000,10862,-1,369270480.000,1,0,1,双平,S,2893.6000,2893.2000,2893.0000,2892.8000,2892.6000,2895.0000,2896.8000,2897.0000,2899.0000,2899.8000,2,3,3,1,1,2,5,1,1,1
SF,IH2006,2020-06-19 09:31:35.400,2893.8000,10862,0,369270480.000,0,-,-,-,-,2894.0000,2893.8000,2893.6000,2893.2000,2893.0000,2895.0000,2896.8000,2897.0000,2899.0000,2899.8000,1,2,2,3,3,2,5,1,1,1
SF,IH2006,2020-06-19 09:31:35.900,2895.0000,10859,-3,371875680.000,3,0,3,双平,S,2894.2000,2893.6000,2893.2000,2893.0000,2892.8000,2895.0000,2896.8000,2897.0000,2899.0000,2899.8000,1,3,3,3,1,1,5,1,1,1
SF,IH2006,2020-06-19 09:31:36.400,2895.0000,10859,0,371875680.000,0,-,-,-,-,2894.2000,2893.6000,2893.2000,2893.0000,2892.8000,2895.0000,2896.8000,2897.0000,2899.0000,2899.8000,1,3,3,3,1,2,5,1,1,1
SF,IH2006,2020-06-19 09:31:36.900,2895.0000,10859,0,371875680.000,0,-,-,-,-,2894.2000,2893.6000,2893.2000,2893.0000,2892.8000,2895.0000,2896.8000,2897.0000,2899.0000,2899.8000,1,3,3,3,1,2,5,1,1,1
SF,IH2006,2020-06-19 09:31:37.400,2894.2000,10858,-1,372743940.000,1,0,1,双平,S,2893.6000,2893.2000,2893.0000,2892.8000,2892.6000,2895.0000,2896.8000,2897.0000,2899.0000,2899.8000,3,2,2,1,1,2,5,1,1,1
SF,IH2006,2020-06-19 09:31:37.900,2894.8000,10857,-1,373612380.000,1,0,1,双平,S,2893.8000,2893.6000,2893.2000,2893.0000,2892.6000,2895.0000,2896.8000,2897.0000,2899.0000,2899.8000,3,3,2,2,1,2,5,1,1,1
SF,IH2006,2020-06-19 09:31:38.400,2894.4000,10855,-2,376217520.000,3,0,3,多平,S,2893.8000,2893.6000,2893.2000,2893.0000,2892.6000,2894.2000,2895.0000,2896.8000,2897.0000,2899.0000,3,3,2,1,1,4,1,5,1,1
SF,IH2006,2020-06-19 09:31:38.900,2894.2000,10852,-3,378822360.000,3,0,3,双平,S,2894.0000,2893.8000,2893.6000,2893.2000,2893.0000,2894.2000,2895.0000,2896.8000,2897.0000,2899.0000,1,1,3,2,1,1,1,5,1,1
SF,IH2006,2020-06-19 09:31:39.400,2894.2000,10851,-1,379690620.000,1,0,1,双平,S,2894.0000,2893.8000,2893.6000,2893.2000,2893.0000,2895.0000,2896.8000,2897.0000,2899.0000,2899.8000,2,1,3,2,1,1,5,1,1,1
SF,IH2006,2020-06-19 09:31:39.900,2894.6000,10849,-2,381427440.000,2,0,2,双平,S,2894.2000,2894.0000,2893.8000,2893.6000,2893.2000,2894.8000,2895.0000,2896.8000,2897.0000,2899.0000,5,1,1,3,2,4,1,5,1,1
SF,IH2006,2020-06-19 09:31:40.400,2894.6000,10849,0,381427440.000,0,-,-,-,-,2894.4000,2894.2000,2894.0000,2893.6000,2893.2000,2894.8000,2895.0000,2896.8000,2897.0000,2899.0000,1,5,1,2,2,4,1,5,1,1
SF,IH2006,2020-06-19 09:31:40.900,2894.8000,10845,-4,384901080.000,4,0,4,双平,S,2894.4000,2894.2000,2894.0000,2893.6000,2893.2000,2894.8000,2895.0000,2896.8000,2897.0000,2899.0000,1,6,1,2,2,2,1,5,1,1
SF,IH2006,2020-06-19 09:31:41.400,2894.8000,10843,-2,386637960.000,2,0,2,双平,S,2894.6000,2894.2000,2894.0000,2893.6000,2893.2000,2895.0000,2896.8000,2897.0000,2899.0000,2899.8000,1,6,1,2,2,1,5,1,1,1
SF,IH2006,2020-06-19 09:31:41.900,2896.8000,10841,-2,388375500.000,2,0,2,双平,S,2894.8000,2894.2000,2894.0000,2893.6000,2893.2000,2896.8000,2897.0000,2899.0000,2899.8000,2904.0000,2,6,1,2,2,4,1,1,1,1
SF,IH2006,2020-06-19 09:31:42.400,2895.6000,10840,-1,389244180.000,1,0,1,双平,S,2895.0000,2894.8000,2894.2000,2894.0000,2893.6000,2896.0000,2896.2000,2896.6000,2896.8000,2897.0000,8,2,6,1,2,2,3,4,7,1
SF,IH2006,2020-06-19 09:31:42.900,2894.8000,10834,-6,394455180.000,6,0,6,双平,S,2894.2000,2894.0000,2893.6000,2893.2000,2893.0000,2895.8000,2896.0000,2896.6000,2896.8000,2897.0000,6,1,2,2,1,2,2,2,4,1
SF,IH2006,2020-06-19 09:31:43.400,2894.4000,10833,-1,395323500.000,1,0,1,双平,S,2894.6000,2894.2000,2894.0000,2893.6000,2893.2000,2895.6000,2895.8000,2896.0000,2896.6000,2896.8000,1,6,1,2,1,2,7,2,2,4
SF,IH2006,2020-06-19 09:31:43.900,2894.4000,10833,0,395323500.000,0,-,-,-,-,2895.0000,2894.6000,2894.2000,2894.0000,2893.6000,2895.4000,2895.8000,2896.0000,2896.6000,2896.8000,1,1,6,2,2,2,7,2,2,4
SF,IH2006,2020-06-19 09:31:44.400,2895.4000,10833,0,396192120.000,1,0,1,多换,S,2895.0000,2894.2000,2894.0000,2893.6000,2893.2000,2895.4000,2895.8000,2896.0000,2896.6000,2896.8000,1,6,2,2,1,3,5,3,2,4
SF,IH2006,2020-06-19 09:31:44.900,2895.4000,10831,-2,397929360.000,2,0,2,双平,S,2895.0000,2894.2000,2894.0000,2893.6000,2893.2000,2895.4000,2895.8000,2896.0000,2896.4000,2896.6000,1,6,2,2,1,1,5,3,1,2
SF,IH2006,2020-06-19 09:31:45.400,2895.4000,10831,0,398797980.000,1,0,1,多换,S,2895.2000,2895.0000,2894.2000,2894.0000,2893.6000,2895.8000,2896.0000,2896.4000,2896.6000,2896.8000,1,2,6,2,2,6,3,1,1,4
SF,IH2006,2020-06-19 09:31:45.900,2895.4000,10831,0,398797980.000,0,-,-,-,-,2895.4000,2895.2000,2895.0000,2894.2000,2894.0000,2895.6000,2895.8000,2896.0000,2896.4000,2896.6000,2,2,1,6,2,2,6,1,1,1
SF,IH2006,2020-06-19 09:31:46.400,2895.4000,10829,-2,401403960.000,3,0,3,多平,S,2895.4000,2895.0000,2894.2000,2894.0000,2893.6000,2895.8000,2896.0000,2896.4000,2897.0000,2899.0000,2,1,6,2,2,6,1,1,1,1
SF,IH2006,2020-06-19 09:31:46.900,2895.6000,10827,-2,403141380.000,2,0,2,双平,S,2895.4000,2895.0000,2894.2000,2894.0000,2893.6000,2895.8000,2896.0000,2896.4000,2897.0000,2899.0000,3,1,1,2,2,5,1,1,1,1
SF,IH2006,2020-06-19 09:31:47.900,2895.4000,10824,-3,406616040.000,4,0,4,多平,S,2895.0000,2894.2000,2894.0000,2893.6000,2893.2000,2895.4000,2895.8000,2896.0000,2896.4000,2897.0000,1,1,2,2,1,3,4,1,1,1
SF,IH2006,2020-06-19 09:31:48.400,2895.0000,10812,-12,417038400.000,12,0,12,双平,S,2895.0000,2894.2000,2894.0000,2893.6000,2893.2000,2895.4000,2895.8000,2896.0000,2896.2000,2896.4000,1,1,2,2,1,1,4,1,1,1
SF,IH2006,2020-06-19 09:31:48.900,2895.8000,10810,-2,418775760.000,2,0,2,双平,S,2895.4000,2895.0000,2894.2000,2894.0000,2893.6000,2895.8000,2896.0000,2896.2000,2896.4000,2897.0000,5,1,1,2,2,3,1,1,1,1
SF,IH2006,2020-06-19 09:31:49.400,2895.8000,10809,-1,419644500.000,1,0,1,双平,S,2895.6000,2895.4000,2894.2000,2894.0000,2893.6000,2895.8000,2896.0000,2896.2000,2896.4000,2897.0000,2,7,1,1,2,2,1,1,1,1
SF,IH2006,2020-06-19 09:31:49.900,2895.6000,10808,-1,420513180.000,1,0,1,双平,S,2895.6000,2895.4000,2894.2000,2894.0000,2893.6000,2895.8000,2896.0000,2896.2000,2896.4000,2897.0000,2,7,1,1,2,2,1,1,1,1
SF,IH2006,2020-06-19 09:31:50.400,2895.8000,10804,-4,423988020.000,4,0,4,双平,S,2895.6000,2895.4000,2894.2000,2894.0000,2893.6000,2896.0000,2896.2000,2896.4000,2897.0000,2899.0000,1,7,1,1,2,1,1,1,1,1
SF,IH2006,2020-06-19 09:31:50.900,2896.0000,10803,-1,424856820.000,1,0,1,双平,S,2895.8000,2895.6000,2895.4000,2894.2000,2894.0000,2896.2000,2896.4000,2897.0000,2899.0000,2899.8000,2,1,7,1,1,1,1,1,1,1
SF,IH2006,2020-06-19 09:31:51.400,2896.0000,10796,-7,430938360.000,7,0,7,双平,S,2896.0000,2895.4000,2894.2000,2894.0000,2893.6000,2896.4000,2897.0000,2899.0000,2899.8000,2904.0000,2,7,1,1,2,1,1,1,1,1
SF,IH2006,2020-06-19 09:31:51.900,2896.0000,10789,-7,437020080.000,7,0,7,双平,S,2895.4000,2894.2000,2894.0000,2893.6000,2893.2000,2896.4000,2897.0000,2899.0000,2899.8000,2904.0000,7,1,1,2,1,1,1,1,1,1
SF,IH2006,2020-06-19 09:31:52.400,2896.0000,10783,-6,443969220.000,8,1,7,多平,S,2894.2000,2894.0000,2893.6000,2893.2000,2892.2000,2896.0000,2896.2000,2896.4000,2897.0000,2899.0000,1,1,2,1,1,3,1,1,1,1
SF,IH2006,2020-06-19 09:31:52.900,2896.0000,10783,0,443969220.000,0,-,-,-,-,2895.0000,2894.8000,2894.6000,2894.2000,2894.0000,2895.8000,2896.0000,2896.2000,2896.4000,2897.0000,2,1,1,1,1,3,3,1,1,1
SF,IH2006,2020-06-19 09:31:53.400,2895.0000,10781,-2,445706220.000,2,0,2,双平,S,2894.8000,2894.2000,2894.0000,2893.6000,2893.2000,2895.6000,2895.8000,2896.0000,2896.2000,2896.4000,1,1,1,2,1,2,2,3,1,1
SF,IH2006,2020-06-19 09:31:53.900,2895.0000,10781,0,445706220.000,0,-,-,-,-,2894.2000,2894.0000,2893.6000,2893.2000,2892.2000,2895.6000,2895.8000,2896.0000,2896.2000,2896.4000,1,1,2,1,1,1,3,3,1,1
SF,IH2006,2020-06-19 09:31:54.400,2894.4000,10779,-2,447443160.000,2,0,2,双平,S,2894.4000,2894.2000,2894.0000,2893.2000,2892.2000,2895.4000,2895.8000,2896.0000,2896.2000,2896.4000,1,1,1,1,1,4,1,3,1,1
SF,IH2006,2020-06-19 09:31:54.900,2894.4000,10779,0,447443160.000,0,-,-,-,-,2894.4000,2894.2000,2894.0000,2893.2000,2892.2000,2895.4000,2895.8000,2896.0000,2896.2000,2896.4000,1,1,1,1,1,4,1,3,1,1
SF,IH2006,2020-06-19 09:31:55.900,2895.4000,10777,-2,449180400.000,2,0,2,双平,S,2894.4000,2894.2000,2894.0000,2893.2000,2892.2000,2895.4000,2895.8000,2896.0000,2896.2000,2896.4000,1,1,1,1,1,2,1,3,1,1
SF,IH2006,2020-06-19 09:31:56.400,2895.4000,10777,0,449180400.000,0,-,-,-,-,2894.6000,2894.4000,2894.0000,2893.2000,2892.2000,2895.2000,2895.4000,2895.8000,2896.0000,2896.2000,4,1,1,1,1,3,2,1,3,1
SF,IH2006,2020-06-19 09:31:56.900,2895.2000,10776,-1,450048960.000,1,0,1,双平,S,2895.2000,2894.8000,2894.6000,2894.0000,2893.2000,2895.4000,2895.8000,2896.0000,2896.2000,2896.4000,1,1,2,1,1,2,1,3,1,1
SF,IH2006,2020-06-19 09:31:57.400,2895.2000,10774,-2,451786080.000,2,0,2,双平,S,2894.6000,2894.0000,2893.2000,2892.2000,2890.2000,2895.2000,2895.4000,2895.8000,2896.0000,2896.2000,2,1,1,1,1,7,2,1,3,1
SF,IH2006,2020-06-19 09:31:57.900,2894.6000,10772,-2,453522840.000,2,0,2,双平,S,2894.0000,2893.2000,2892.2000,2890.2000,2889.2000,2894.6000,2895.0000,2895.2000,2895.4000,2895.8000,1,1,1,1,5,1,1,7,1,1
SF,IH2006,2020-06-19 09:31:58.400,2894.6000,10770,-2,455259600.000,2,0,2,双平,S,2894.6000,2894.0000,2893.2000,2892.2000,2890.2000,2895.2000,2895.4000,2895.8000,2896.0000,2896.2000,3,1,1,1,1,6,1,1,2,1
SF,IH2006,2020-06-19 09:31:58.900,2894.6000,10769,-1,456127980.000,1,0,1,双平,S,2894.6000,2894.0000,2893.2000,2892.2000,2890.2000,2895.0000,2895.2000,2895.4000,2895.8000,2896.0000,2,2,1,1,1,3,4,1,1,2
SF,IH2006,2020-06-19 09:31:59.400,2894.6000,10768,-1,456996360.000,1,0,1,双平,S,2894.6000,2894.2000,2894.0000,2892.2000,2890.2000,2895.0000,2895.2000,2895.4000,2895.8000,2896.0000,1,1,2,1,1,3,4,1,1,2
SF,IH2006,2020-06-19 09:31:59.900,2894.6000,10767,-1,457864740.000,1,0,1,双平,S,2894.2000,2894.0000,2892.2000,2890.2000,2889.2000,2895.0000,2895.2000,2895.4000,2895.8000,2896.0000,1,2,1,1,5,3,4,1,1,2
SF,IH2006,2020-06-19 09:32:00.900,2894.6000,10767,0,457864740.000,0,-,-,-,-,2894.2000,2894.0000,2892.2000,2890.2000,2889.2000,2895.0000,2895.2000,2895.4000,2895.8000,2896.0000,1,2,1,1,5,4,4,1,1,2
SF,IH2006,2020-06-19 09:32:01.400,2894.2000,10766,-1,458733000.000,1,0,1,双平,S,2894.0000,2892.2000,2890.2000,2889.2000,2888.8000,2894.2000,2894.8000,2895.0000,2895.2000,2895.4000,2,1,1,5,1,9,1,4,3,1
SF,IH2006,2020-06-19 09:32:01.900,2894.2000,10761,-5,463074180.000,5,0,5,双平,S,2892.4000,2892.2000,2890.2000,2889.2000,2888.8000,2894.2000,2895.0000,2895.2000,2895.4000,2895.8000,6,1,1,1,1,6,2,3,1,1
SF,IH2006,2020-06-19 09:32:02.400,2894.2000,10756,-5,467415480.000,5,0,5,双平,S,2893.2000,2893.0000,2892.6000,2892.4000,2892.2000,2894.0000,2894.2000,2895.0000,2895.2000,2895.4000,2,2,3,6,1,5,7,2,3,1
SF,IH2006,2020-06-19 09:32:02.900,2894.2000,10750,-6,473493000.000,7,0,7,多平,S,2893.4000,2893.0000,2892.6000,2892.4000,2892.2000,2894.2000,2895.0000,2895.2000,2895.4000,2895.8000,2,2,3,1,1,4,2,3,1,1
SF,IH2006,2020-06-19 09:32:03.400,2893.0000,10747,-3,476096940.000,3,0,3,双平,S,2893.0000,2892.6000,2892.2000,2890.2000,2889.2000,2894.2000,2895.0000,2895.2000,2895.4000,2895.8000,1,3,1,1,1,5,2,3,1,1
SF,IH2006,2020-06-19 09:32:03.900,2893.0000,10747,0,476096940.000,0,-,-,-,-,2893.6000,2893.2000,2893.0000,2892.8000,2892.6000,2894.0000,2894.2000,2895.0000,2895.2000,2895.4000,1,2,1,5,3,2,5,2,3,1
SF,IH2006,2020-06-19 09:32:04.400,2894.2000,10740,-7,482174640.000,7,0,7,双平,S,2894.0000,2893.6000,2893.4000,2893.0000,2892.6000,2894.2000,2895.0000,2895.2000,2895.4000,2895.8000,1,1,7,1,3,1,2,3,1,1
SF,IH2006,2020-06-19 09:32:04.900,2895.0000,10738,-2,483911400.000,2,0,2,双平,S,2894.0000,2893.8000,2893.6000,2893.4000,2893.0000,2895.0000,2895.2000,2895.4000,2895.8000,2896.4000,1,5,1,2,1,1,3,1,1,2
SF,IH2006,2020-06-19 09:32:05.400,2895.0000,10738,0,483911400.000,0,-,-,-,-,2894.2000,2894.0000,2893.8000,2893.6000,2893.4000,2895.2000,2895.4000,2895.8000,2896.4000,2897.0000,1,1,5,1,2,3,1,1,2,1
SF,IH2006,2020-06-19 09:32:05.900,2894.4000,10735,-3,488253240.000,5,1,4,多平,S,2894.4000,2894.2000,2894.0000,2893.6000,2892.6000,2895.4000,2895.8000,2896.4000,2897.0000,2899.0000,3,1,2,3,3,1,1,2,1,1
SF,IH2006,2020-06-19 09:32:06.400,2894.4000,10735,0,488253240.000,0,-,-,-,-,2894.6000,2894.4000,2894.2000,2894.0000,2893.6000,2895.8000,2896.4000,2897.0000,2899.0000,2899.8000,1,3,1,2,3,1,2,1,1,1
SF,IH2006,2020-06-19 09:32:06.900,2894.4000,10735,0,488253240.000,0,-,-,-,-,2894.8000,2894.6000,2894.4000,2894.2000,2893.8000,2895.8000,2896.4000,2897.0000,2899.0000,2899.8000,3,1,1,1,2,1,2,1,1,1
SF,IH2006,2020-06-19 09:32:07.400,2894.4000,10735,0,488253240.000,0,-,-,-,-,2895.0000,2894.8000,2894.4000,2894.2000,2893.8000,2895.8000,2896.4000,2897.0000,2899.0000,2899.8000,1,3,1,1,2,1,2,1,1,1
SF,IH2006,2020-06-19 09:32:07.900,2894.4000,10735,0,488253240.000,0,-,-,-,-,2895.2000,2895.0000,2894.6000,2894.2000,2894.0000,2895.8000,2896.4000,2897.0000,2899.0000,2899.8000,3,2,1,1,2,1,2,1,1,1
SF,IH2006,2020-06-19 09:32:08.400,2895.8000,10734,-1,489121980.000,1,0,1,双平,S,2895.8000,2895.4000,2895.2000,2895.0000,2894.6000,2896.4000,2897.0000,2899.0000,2899.8000,2900.0000,1,1,3,2,1,2,1,1,1,3
SF,IH2006,2020-06-19 09:32:08.900,2895.8000,10732,-2,490859460.000,2,0,2,双平,S,2895.4000,2895.0000,2894.4000,2894.2000,2893.6000,2895.8000,2896.4000,2897.0000,2899.0000,2899.8000,1,2,2,2,1,1,2,1,1,1
SF,IH2006,2020-06-19 09:32:09.400,2895.8000,10730,-2,492596940.000,2,0,2,双平,S,2895.8000,2895.6000,2895.4000,2895.0000,2894.4000,2896.4000,2897.0000,2899.0000,2899.8000,2900.0000,1,4,1,2,2,1,1,1,6,3
SF,IH2006,2020-06-19 09:32:09.900,2895.6000,10727,-3,495203220.000,3,0,3,双平,S,2895.6000,2895.4000,2895.0000,2894.6000,2894.2000,2897.0000,2899.0000,2899.8000,2900.0000,2904.0000,1,1,2,2,2,1,1,6,3,1
SF,IH2006,2020-06-19 09:32:10.400,2895.6000,10727,0,495203220.000,0,-,-,-,-,2895.8000,2895.6000,2895.4000,2895.0000,2894.6000,2897.0000,2898.8000,2899.0000,2899.8000,2900.0000,1,1,1,2,2,1,4,1,6,3
SF,IH2006,2020-06-19 09:32:10.900,2895.6000,10727,0,495203220.000,0,-,-,-,-,2896.0000,2895.8000,2895.4000,2895.0000,2894.2000,2897.0000,2898.8000,2899.0000,2899.8000,2900.0000,4,1,1,2,2,1,4,1,9,3
SF,IH2006,2020-06-19 09:32:11.400,2896.0000,10723,-4,498678420.000,4,0,4,双平,S,2896.2000,2896.0000,2895.4000,2895.0000,2894.2000,2897.0000,2898.8000,2899.0000,2899.8000,2900.0000,1,1,1,2,2,1,4,1,9,3
SF,IH2006,2020-06-19 09:32:11.900,2897.0000,10721,-2,500416560.000,2,0,2,双平,S,2897.0000,2896.4000,2896.0000,2895.4000,2895.0000,2898.6000,2898.8000,2899.0000,2899.8000,2900.0000,3,1,2,1,1,1,4,1,9,3
SF,IH2006,2020-06-19 09:32:12.400,2896.0000,10715,-6,505630560.000,6,0,6,双平,S,2895.0000,2894.2000,2893.6000,2893.4000,2893.0000,2898.0000,2898.4000,2898.6000,2898.8000,2899.0000,1,2,1,1,1,1,2,1,4,1
SF,IH2006,2020-06-19 09:32:12.900,2896.0000,10715,0,505630560.000,0,-,-,-,-,2896.0000,2895.8000,2895.2000,2895.0000,2894.4000,2897.4000,2897.8000,2898.0000,2898.4000,2899.0000,3,3,3,1,5,1,6,2,2,1
SF,IH2006,2020-06-19 09:32:13.400,2896.0000,10715,0,505630560.000,0,-,-,-,-,2895.8000,2895.2000,2895.0000,2894.4000,2894.2000,2897.2000,2897.8000,2898.0000,2898.4000,2899.0000,3,3,1,5,2,1,6,2,2,1
SF,IH2006,2020-06-19 09:32:13.900,2897.2000,10713,-2,507368820.000,2,0,2,双平,S,2895.8000,2895.2000,2894.4000,2894.2000,2893.6000,2897.8000,2898.0000,2898.4000,2899.0000,2899.8000,1,3,5,2,1,6,2,1,1,9
SF,IH2006,2020-06-19 09:32:14.400,2897.8000,10710,-3,509976780.000,3,0,3,双平,S,2896.0000,2895.8000,2895.2000,2894.4000,2894.2000,2897.6000,2897.8000,2898.0000,2898.4000,2899.0000,3,1,3,5,2,2,5,2,1,1
SF,IH2006,2020-06-19 09:32:14.900,2897.8000,10710,0,509976780.000,0,-,-,-,-,2896.2000,2896.0000,2895.8000,2895.2000,2894.4000,2897.6000,2897.8000,2898.0000,2898.4000,2899.0000,1,3,1,3,5,3,5,2,1,1
SF,IH2006,2020-06-19 09:32:15.400,2897.4000,10703,-7,516058920.000,7,0,7,双平,S,2895.2000,2894.6000,2894.4000,2894.2000,2893.6000,2897.4000,2897.6000,2897.8000,2898.0000,2898.4000,2,1,5,2,1,1,2,5,2,1
SF,IH2006,2020-06-19 09:32:15.900,2897.4000,10703,0,516058920.000,0,-,-,-,-,2895.6000,2895.4000,2895.2000,2894.6000,2894.4000,2897.0000,2897.2000,2897.4000,2897.6000,2898.0000,5,1,2,1,5,1,7,1,2,2
SF,IH2006,2020-06-19 09:32:16.400,2897.4000,10702,-1,516928140.000,1,0,1,双平,S,2895.8000,2895.6000,2895.2000,2894.6000,2894.4000,2897.0000,2897.2000,2897.4000,2897.6000,2898.0000,1,5,2,1,5,1,7,1,2,2
SF,IH2006,2020-06-19 09:32:16.900,2897.4000,10702,0,516928140.000,0,-,-,-,-,2896.2000,2896.0000,2895.6000,2895.2000,2894.6000,2897.0000,2897.2000,2897.6000,2898.0000,2898.4000,1,1,1,1,1,3,1,1,2,1
SF,IH2006,2020-06-19 09:32:17.400,2896.2000,10701,-1,517797000.000,1,0,1,双平,S,2896.0000,2895.6000,2895.2000,2894.6000,2894.4000,2896.6000,2897.0000,2897.2000,2897.4000,2897.6000,1,1,1,1,5,1,3,1,5,1
SF,IH2006,2020-06-19 09:32:17.900,2896.4000,10699,-2,519534900.000,2,0,2,双平,S,2896.4000,2896.0000,2895.6000,2895.2000,2895.0000,2897.0000,2897.2000,2897.4000,2897.6000,2898.0000,1,1,1,1,1,2,1,5,1,3
SF,IH2006,2020-06-19 09:32:18.400,2896.4000,10699,0,519534900.000,0,-,-,-,-,2896.4000,2896.0000,2895.8000,2895.2000,2895.0000,2897.0000,2897.2000,2897.4000,2897.6000,2898.0000,1,1,1,1,1,2,1,5,1,3
SF,IH2006,2020-06-19 09:32:18.900,2897.0000,10698,-1,520404000.000,1,0,1,双平,S,2896.8000,2896.6000,2896.4000,2896.0000,2895.2000,2897.0000,2897.2000,2897.4000,2897.6000,2898.0000,1,1,1,1,1,1,1,5,1,3
SF,IH2006,2020-06-19 09:32:19.400,2897.0000,10698,0,520404000.000,0,-,-,-,-,2896.8000,2896.6000,2896.4000,2896.0000,2895.2000,2897.0000,2897.4000,2897.6000,2898.0000,2898.2000,2,1,1,1,1,1,5,1,2,1
SF,IH2006,2020-06-19 09:32:19.900,2897.4000,10696,-2,522142320.000,2,0,2,双平,S,2897.0000,2896.8000,2896.6000,2896.4000,2895.2000,2897.4000,2897.6000,2898.0000,2898.2000,2898.4000,1,1,1,1,1,4,1,2,1,1
SF,IH2006,2020-06-19 09:32:20.400,2897.4000,10696,0,522142320.000,0,-,-,-,-,2897.0000,2896.8000,2896.6000,2896.4000,2895.2000,2897.4000,2898.0000,2898.2000,2898.4000,2899.0000,2,1,1,1,1,4,2,1,2,1
SF,IH2006,2020-06-19 09:32:20.900,2897.4000,10695,-1,523880760.000,2,0,2,多平,S,2897.0000,2896.8000,2896.6000,2896.4000,2895.2000,2897.4000,2898.0000,2898.2000,2898.4000,2899.0000,2,1,1,1,1,2,2,1,2,1
SF,IH2006,2020-06-19 09:32:21.400,2897.4000,10694,-1,524749980.000,1,0,1,双平,S,2897.0000,2896.8000,2896.6000,2896.4000,2895.2000,2897.4000,2898.0000,2898.2000,2898.4000,2898.6000,1,1,1,1,1,1,2,1,2,1
SF,IH2006,2020-06-19 09:32:21.900,2898.0000,10692,-2,528227400.000,4,1,3,多平,S,2897.0000,2896.8000,2896.6000,2896.4000,2895.2000,2898.2000,2898.4000,2898.6000,2899.0000,2899.8000,2,1,1,1,1,1,2,1,1,9
SF,IH2006,2020-06-19 09:32:22.400,2898.0000,10692,0,528227400.000,0,-,-,-,-,2897.0000,2896.8000,2896.4000,2895.2000,2895.0000,2898.2000,2898.4000,2898.6000,2898.8000,2899.0000,2,1,1,1,1,1,2,1,1,1
SF,IH2006,2020-06-19 09:32:22.900,2898.2000,10691,-1,529096860.000,1,0,1,双平,S,2897.0000,2896.8000,2896.4000,2895.2000,2895.0000,2898.2000,2898.4000,2898.6000,2898.8000,2899.0000,2,1,1,1,1,1,2,1,1,1
SF,IH2006,2020-06-19 09:32:23.400,2898.2000,10691,0,529096860.000,0,-,-,-,-,2897.0000,2896.8000,2895.2000,2895.0000,2894.6000,2898.0000,2898.2000,2898.4000,2898.6000,2898.8000,2,1,1,1,1,1,1,2,1,1
SF,IH2006,2020-06-19 09:32:23.900,2898.2000,10691,0,529096860.000,0,-,-,-,-,2897.0000,2896.8000,2895.2000,2895.0000,2894.6000,2897.8000,2898.0000,2898.2000,2898.4000,2898.6000,7,1,1,1,1,1,2,9,2,1
SF,IH2006,2020-06-19 09:32:24.400,2898.2000,10691,0,529096860.000,0,-,-,-,-,2897.2000,2897.0000,2896.8000,2895.2000,2895.0000,2897.6000,2897.8000,2898.0000,2898.2000,2898.4000,2,7,1,1,1,1,1,2,8,2
SF,IH2006,2020-06-19 09:32:25.900,2898.2000,10690,-1,529966320.000,1,0,1,双平,S,2897.2000,2897.0000,2896.8000,2895.2000,2895.0000,2897.8000,2898.0000,2898.2000,2898.4000,2898.6000,2,7,1,1,1,1,2,8,2,1
SF,IH2006,2020-06-19 09:32:26.400,2898.2000,10690,0,529966320.000,0,-,-,-,-,2897.4000,2897.2000,2897.0000,2896.8000,2895.2000,2898.0000,2898.2000,2898.4000,2898.6000,2898.8000,1,2,7,1,1,2,8,1,1,1
SF,IH2006,2020-06-19 09:32:26.900,2897.6000,10689,-1,530835600.000,1,0,1,双平,S,2897.4000,2897.2000,2897.0000,2896.8000,2895.2000,2897.6000,2898.0000,2898.2000,2898.4000,2898.8000,1,2,6,1,1,1,1,8,1,1
SF,IH2006,2020-06-19 09:32:27.400,2898.0000,10686,-3,533443500.000,3,0,3,双平,S,2898.0000,2897.6000,2897.2000,2897.0000,2896.8000,2898.2000,2898.4000,2899.0000,2899.8000,2900.0000,2,1,2,6,1,8,1,2,9,3
SF,IH2006,2020-06-19 09:32:27.900,2898.0000,10678,-8,540398340.000,8,0,8,双平,S,2897.2000,2897.0000,2895.2000,2895.0000,2894.6000,2898.0000,2898.2000,2898.4000,2899.0000,2899.8000,1,7,1,1,1,5,8,1,2,9
SF,IH2006,2020-06-19 09:32:28.400,2898.0000,10678,0,540398340.000,0,-,-,-,-,2897.6000,2897.4000,2897.2000,2897.0000,2895.2000,2897.8000,2898.0000,2898.2000,2898.4000,2899.0000,1,1,1,7,1,2,1,8,1,2
SF,IH2006,2020-06-19 09:32:28.900,2897.6000,10676,-2,542136960.000,2,0,2,双平,S,2897.2000,2897.0000,2895.2000,2895.0000,2894.6000,2897.8000,2898.0000,2898.2000,2898.4000,2899.0000,1,7,1,1,1,1,1,8,1,2
SF,IH2006,2020-06-19 09:32:29.400,2897.6000,10676,0,542136960.000,0,-,-,-,-,2897.4000,2897.2000,2897.0000,2895.2000,2895.0000,2897.8000,2898.0000,2898.2000,2898.4000,2899.0000,1,1,7,1,1,1,1,8,1,2
SF,IH2006,2020-06-19 09:32:29.900,2897.6000,10676,0,542136960.000,0,-,-,-,-,2897.4000,2897.2000,2897.0000,2895.2000,2895.0000,2897.8000,2898.0000,2898.2000,2898.4000,2899.0000,1,1,7,1,1,1,1,8,1,1
SF,IH2006,2020-06-19 09:32:30.400,2897.6000,10676,0,542136960.000,0,-,-,-,-,2897.4000,2897.0000,2895.2000,2895.0000,2894.6000,2897.8000,2898.0000,2898.2000,2898.4000,2899.0000,2,7,1,1,1,1,1,8,1,1
SF,IH2006,2020-06-19 09:32:30.900,2897.4000,10672,-4,545613960.000,4,0,4,双平,S,2897.4000,2897.0000,2895.2000,2895.0000,2894.6000,2898.0000,2898.2000,2898.4000,2899.0000,2899.8000,1,7,1,1,1,1,8,1,1,9
SF,IH2006,2020-06-19 09:32:31.400,2897.4000,10670,-2,547352400.000,2,0,2,双平,S,2897.4000,2897.0000,2895.2000,2895.0000,2894.6000,2898.0000,2898.2000,2898.4000,2899.0000,2899.8000,1,7,1,1,1,1,8,1,1,9
SF,IH2006,2020-06-19 09:32:31.900,2897.4000,10669,-1,548221620.000,1,0,1,双平,S,2897.8000,2897.4000,2897.0000,2895.2000,2895.0000,2898.2000,2898.4000,2899.0000,2899.8000,2904.0000,1,1,7,1,1,8,1,1,9,1
SF,IH2006,2020-06-19 09:32:32.400,2898.0000,10663,-6,553438020.000,6,0,6,双平,S,2898.0000,2897.8000,2897.0000,2895.2000,2895.0000,2898.2000,2898.4000,2899.0000,2899.8000,2904.0000,1,1,7,1,1,8,1,1,9,1
SF,IH2006,2020-06-19 09:32:32.900,2898.0000,10660,-3,556046220.000,3,0,3,双平,S,2898.0000,2897.8000,2897.0000,2895.2000,2895.0000,2898.2000,2898.4000,2899.0000,2899.8000,2904.0000,1,1,7,1,1,8,1,1,9,1
SF,IH2006,2020-06-19 09:32:33.400,2898.0000,10659,-1,557785080.000,2,0,2,多平,S,2898.0000,2897.8000,2897.0000,2895.2000,2895.0000,2898.2000,2898.4000,2899.0000,2899.8000,2904.0000,1,1,7,1,1,7,1,1,9,1
SF,IH2006,2020-06-19 09:32:33.900,2898.2000,10659,0,558654540.000,1,0,1,多换,S,2898.0000,2897.8000,2897.0000,2895.2000,2895.0000,2898.2000,2898.4000,2899.0000,2899.8000,2904.0000,1,1,7,1,1,6,1,1,9,1
SF,IH2006,2020-06-19 09:32:34.400,2898.2000,10659,0,559524000.000,1,0,1,多换,S,2898.0000,2897.8000,2897.0000,2895.2000,2895.0000,2898.2000,2898.4000,2899.0000,2899.8000,2904.0000,1,1,7,1,1,5,1,1,9,1
SF,IH2006,2020-06-19 09:32:34.900,2898.2000,10659,0,560393460.000,1,0,1,多换,S,2898.0000,2897.8000,2897.0000,2895.2000,2895.0000,2898.2000,2898.4000,2899.0000,2899.8000,2904.0000,1,1,7,1,1,4,1,1,9,1
SF,IH2006,2020-06-19 09:32:35.400,2898.2000,10658,-1,563001780.000,3,1,2,多平,S,2898.0000,2897.8000,2897.0000,2895.2000,2895.0000,2898.2000,2898.4000,2899.0000,2899.8000,2904.0000,1,1,7,1,1,2,1,1,9,1
SF,IH2006,2020-06-19 09:32:35.900,2898.0000,10653,-5,567348720.000,5,0,5,双平,S,2897.0000,2895.2000,2895.0000,2894.6000,2894.4000,2898.0000,2898.2000,2898.4000,2899.0000,2899.8000,7,1,1,1,5,5,2,1,1,9
SF,IH2006,2020-06-19 09:32:36.400,2898.0000,10653,0,567348720.000,0,-,-,-,-,2897.0000,2895.2000,2895.0000,2894.6000,2894.4000,2898.0000,2898.2000,2898.4000,2898.8000,2899.0000,7,1,1,2,5,5,2,1,1,1
SF,IH2006,2020-06-19 09:32:36.900,2898.0000,10644,-9,575171220.000,9,0,9,双平,S,2895.2000,2894.6000,2894.4000,2894.2000,2893.4000,2898.0000,2898.2000,2898.4000,2898.8000,2899.0000,1,2,5,2,1,3,2,1,1,1
SF,IH2006,2020-06-19 09:32:37.400,2898.0000,10644,0,575171220.000,0,-,-,-,-,2896.6000,2896.0000,2895.4000,2895.2000,2894.6000,2897.8000,2898.0000,2898.2000,2898.4000,2898.6000,1,3,1,3,2,5,3,2,1,2
SF,IH2006,2020-06-19 09:32:37.900,2898.0000,10644,0,575171220.000,0,-,-,-,-,2896.0000,2895.4000,2895.2000,2894.6000,2894.4000,2897.6000,2897.8000,2898.0000,2898.2000,2898.6000,4,1,3,2,5,2,2,3,2,2
SF,IH2006,2020-06-19 09:32:38.400,2898.0000,10644,0,575171220.000,0,-,-,-,-,2896.0000,2895.4000,2895.2000,2894.6000,2894.4000,2897.6000,2897.8000,2898.0000,2898.2000,2898.6000,3,1,3,2,5,3,2,3,2,2
SF,IH2006,2020-06-19 09:32:38.900,2897.6000,10642,-2,576909780.000,2,0,2,双平,S,2897.0000,2896.2000,2896.0000,2895.4000,2895.2000,2897.8000,2898.0000,2898.2000,2898.6000,2898.8000,1,1,3,1,3,2,4,2,2,1
SF,IH2006,2020-06-19 09:32:39.400,2897.6000,10642,0,576909780.000,0,-,-,-,-,2897.2000,2896.2000,2896.0000,2895.4000,2895.2000,2897.6000,2898.0000,2898.2000,2898.6000,2898.8000,1,1,3,1,3,1,3,2,2,1
SF,IH2006,2020-06-19 09:32:39.900,2897.6000,10642,0,576909780.000,0,-,-,-,-,2897.2000,2896.8000,2896.2000,2896.0000,2895.4000,2897.6000,2898.0000,2898.2000,2898.6000,2898.8000,1,1,1,3,1,1,3,2,2,1
SF,IH2006,2020-06-19 09:32:40.900,2897.6000,10641,-1,577779060.000,1,0,1,双平,S,2897.2000,2896.8000,2896.2000,2896.0000,2895.4000,2898.0000,2898.2000,2898.6000,2898.8000,2899.0000,1,1,1,3,1,3,2,2,1,1
SF,IH2006,2020-06-19 09:32:41.400,2897.6000,10641,0,577779060.000,0,-,-,-,-,2897.4000,2896.8000,2896.2000,2896.0000,2895.4000,2898.0000,2898.2000,2898.6000,2898.8000,2899.0000,1,1,1,3,1,3,2,2,1,1
SF,IH2006,2020-06-19 09:32:41.900,2898.0000,10638,-3,580387140.000,3,0,3,双平,S,2896.8000,2896.2000,2896.0000,2895.4000,2895.2000,2898.2000,2898.6000,2898.8000,2899.0000,2899.8000,1,1,3,1,3,2,2,1,1,9
SF,IH2006,2020-06-19 09:32:42.400,2898.0000,10638,0,580387140.000,0,-,-,-,-,2897.0000,2896.8000,2896.2000,2896.0000,2895.2000,2898.2000,2898.6000,2898.8000,2899.0000,2899.8000,3,1,1,3,3,2,2,1,1,9
SF,IH2006,2020-06-19 09:32:42.900,2898.0000,10638,0,580387140.000,0,-,-,-,-,2897.6000,2897.0000,2896.8000,2896.2000,2896.0000,2898.2000,2898.6000,2898.8000,2899.0000,2899.8000,1,3,1,1,2,2,2,1,1,9
SF,IH2006,2020-06-19 09:32:43.400,2898.0000,10638,0,580387140.000,0,-,-,-,-,2897.6000,2897.0000,2896.8000,2896.2000,2896.0000,2898.2000,2898.8000,2899.0000,2899.8000,2904.0000,1,3,1,1,2,4,1,1,9,1
SF,IH2006,2020-06-19 09:32:43.900,2898.0000,10638,0,580387140.000,0,-,-,-,-,2897.6000,2897.0000,2896.8000,2896.2000,2896.0000,2898.2000,2898.8000,2899.0000,2899.8000,2904.0000,1,3,1,1,2,4,1,1,9,1
SF,IH2006,2020-06-19 09:32:44.400,2897.6000,10637,-1,581256420.000,1,0,1,双平,S,2897.0000,2896.8000,2896.2000,2896.0000,2895.2000,2897.6000,2898.2000,2898.8000,2899.0000,2899.8000,3,1,1,2,3,1,4,1,1,9
SF,IH2006,2020-06-19 09:32:44.900,2897.6000,10636,-1,582125700.000,1,0,1,双平,S,2897.0000,2896.8000,2896.2000,2896.0000,2895.2000,2897.4000,2897.6000,2898.2000,2898.8000,2899.0000,3,1,1,2,3,1,2,14,1,1
SF,IH2006,2020-06-19 09:32:45.400,2897.6000,10635,-1,582994980.000,1,0,1,双平,S,2897.0000,2896.8000,2896.2000,2896.0000,2895.2000,2897.4000,2898.2000,2898.8000,2899.0000,2899.8000,3,1,1,1,3,2,14,1,1,9
SF,IH2006,2020-06-19 09:32:45.900,2897.4000,10635,0,583864200.000,1,0,1,多换,S,2897.0000,2896.8000,2896.2000,2896.0000,2895.2000,2897.4000,2898.0000,2898.2000,2898.8000,2899.0000,3,1,1,1,3,1,1,14,1,1
SF,IH2006,2020-06-19 09:32:46.400,2897.0000,10635,0,584733300.000,1,0,1,多换,S,2897.0000,2896.8000,2896.2000,2896.0000,2895.2000,2897.4000,2898.0000,2898.2000,2898.8000,2899.0000,1,1,1,1,3,1,1,14,1,1
SF,IH2006,2020-06-19 09:32:47.900,2897.0000,10635,0,584733300.000,0,-,-,-,-,2897.0000,2896.2000,2896.0000,2895.2000,2894.6000,2897.4000,2898.0000,2898.2000,2898.8000,2899.0000,2,1,1,3,2,1,1,14,1,1
SF,IH2006,2020-06-19 09:32:48.900,2897.4000,10635,0,585602520.000,1,0,1,多换,S,2897.0000,2896.2000,2896.0000,2895.2000,2894.6000,2898.0000,2898.2000,2898.8000,2899.0000,2899.8000,2,1,1,3,2,1,14,1,1,9
SF,IH2006,2020-06-19 09:32:49.400,2897.0000,10635,0,586471620.000,1,0,1,多换,S,2897.2000,2896.4000,2896.2000,2896.0000,2895.2000,2897.8000,2898.0000,2898.2000,2898.8000,2899.0000,1,5,1,1,3,1,2,14,1,1
SF,IH2006,2020-06-19 09:32:49.900,2897.0000,10635,0,586471620.000,0,-,-,-,-,2897.2000,2896.2000,2896.0000,2895.2000,2894.6000,2897.8000,2898.0000,2898.2000,2898.8000,2899.0000,2,1,1,3,2,2,2,14,1,1
SF,IH2006,2020-06-19 09:32:50.400,2897.8000,10634,-1,587340960.000,1,0,1,双平,S,2897.2000,2896.2000,2896.0000,2895.2000,2894.6000,2897.8000,2898.0000,2898.2000,2898.8000,2899.0000,2,1,1,3,2,1,2,14,1,1
SF,IH2006,2020-06-19 09:32:50.900,2897.8000,10634,0,587340960.000,0,-,-,-,-,2897.2000,2896.2000,2896.0000,2895.2000,2894.6000,2897.6000,2897.8000,2898.0000,2898.2000,2898.8000,2,1,1,3,2,1,1,2,14,1
SF,IH2006,2020-06-19 09:32:51.400,2897.8000,10634,0,588210300.000,1,0,1,多换,S,2897.2000,2896.2000,2896.0000,2895.2000,2894.6000,2897.6000,2897.8000,2898.0000,2898.2000,2898.8000,2,1,1,3,2,1,1,2,14,1
SF,IH2006,2020-06-19 09:32:51.900,2897.8000,10634,0,588210300.000,0,-,-,-,-,2897.2000,2896.2000,2896.0000,2895.2000,2894.6000,2897.4000,2897.8000,2898.0000,2898.2000,2898.8000,2,1,1,3,2,1,1,2,14,1
SF,IH2006,2020-06-19 09:32:53.400,2897.2000,10633,-1,589079460.000,1,0,1,双平,S,2897.2000,2897.0000,2896.2000,2896.0000,2895.2000,2897.4000,2897.8000,2898.0000,2898.2000,2898.8000,1,1,1,1,3,2,2,2,14,1
SF,IH2006,2020-06-19 09:32:53.900,2897.4000,10632,-1,589948680.000,1,0,1,双平,S,2897.2000,2897.0000,2896.2000,2896.0000,2895.2000,2897.4000,2897.8000,2898.0000,2898.2000,2898.8000,1,1,1,1,3,1,2,2,14,1
SF,IH2006,2020-06-19 09:32:54.400,2897.2000,10631,-1,590817840.000,1,0,1,双平,S,2897.0000,2896.2000,2896.0000,2895.2000,2894.6000,2897.4000,2897.8000,2898.0000,2898.2000,2898.8000,1,1,1,3,2,1,2,2,14,1
SF,IH2006,2020-06-19 09:32:55.400,2897.0000,10630,-1,591686940.000,1,0,1,双平,S,2896.2000,2896.0000,2895.2000,2894.6000,2894.2000,2897.4000,2897.8000,2898.0000,2898.2000,2898.8000,1,1,3,2,1,1,2,2,14,1
SF,IH2006,2020-06-19 09:32:55.900,2897.0000,10630,0,591686940.000,0,-,-,-,-,2896.6000,2896.4000,2896.2000,2896.0000,2895.2000,2897.2000,2897.4000,2897.8000,2898.0000,2898.2000,1,3,1,1,2,1,1,2,2,14
SF,IH2006,2020-06-19 09:32:56.400,2897.2000,10630,0,592556100.000,1,0,1,多换,S,2896.8000,2896.6000,2896.4000,2896.2000,2896.0000,2897.4000,2897.8000,2898.0000,2898.2000,2898.8000,2,2,3,1,1,1,2,2,14,1
SF,IH2006,2020-06-19 09:32:56.900,2896.8000,10629,-1,593425140.000,1,0,1,双平,S,2896.8000,2896.6000,2896.4000,2896.2000,2896.0000,2897.4000,2897.8000,2898.0000,2898.2000,2898.8000,1,1,1,1,1,1,2,2,14,1
SF,IH2006,2020-06-19 09:32:57.400,2896.8000,10629,0,593425140.000,0,-,-,-,-,2896.8000,2896.6000,2896.4000,2896.2000,2896.0000,2897.2000,2897.4000,2897.8000,2898.0000,2898.2000,1,1,1,1,1,1,2,2,2,15
SF,IH2006,2020-06-19 09:32:57.900,2896.8000,10629,0,593425140.000,0,-,-,-,-,2896.8000,2896.4000,2896.2000,2896.0000,2895.2000,2897.2000,2897.4000,2897.8000,2898.0000,2898.2000,1,1,1,1,2,1,1,2,2,15
SF,IH2006,2020-06-19 09:32:58.400,2896.8000,10629,0,593425140.000,0,-,-,-,-,2896.8000,2896.6000,2896.4000,2896.2000,2896.0000,2897.2000,2897.4000,2897.8000,2898.0000,2898.2000,1,1,1,1,1,1,1,2,2,15
SF,IH2006,2020-06-19 09:32:59.900,2896.8000,10628,-1,594294180.000,1,0,1,双平,S,2896.6000,2896.4000,2896.2000,2896.0000,2895.2000,2897.2000,2897.4000,2897.8000,2898.0000,2898.2000,1,1,1,1,2,1,1,2,2,15
SF,IH2006,2020-06-19 09:33:00.400,2897.4000,10627,-1,596032560.000,2,0,2,多平,S,2896.8000,2896.4000,2896.2000,2896.0000,2895.2000,2897.8000,2898.0000,2898.2000,2898.8000,2899.0000,1,1,1,1,2,2,2,15,1,1
SF,IH2006,2020-06-19 09:33:00.900,2897.4000,10627,0,597771000.000,2,1,1,多换,S,2896.8000,2896.6000,2896.4000,2896.2000,2896.0000,2897.4000,2897.6000,2897.8000,2898.0000,2898.2000,1,1,1,1,1,3,2,2,2,15
SF,IH2006,2020-06-19 09:33:01.400,2897.0000,10622,-5,603854940.000,7,1,6,多平,S,2896.8000,2896.6000,2896.4000,2896.2000,2896.0000,2897.0000,2897.4000,2897.6000,2897.8000,2898.0000,2,1,1,1,1,4,1,2,2,2
SF,IH2006,2020-06-19 09:33:01.900,2897.0000,10614,-8,610807740.000,8,0,8,双平,S,2897.0000,2896.8000,2896.6000,2896.4000,2896.2000,2897.4000,2897.6000,2897.8000,2898.0000,2898.2000,6,2,1,1,1,1,2,2,2,15
SF,IH2006,2020-06-19 09:33:02.400,2897.6000,10613,-1,612546240.000,2,0,2,多平,S,2897.4000,2897.2000,2897.0000,2896.8000,2896.4000,2897.6000,2897.8000,2898.0000,2898.2000,2898.8000,2,1,6,1,1,1,2,2,15,1
SF,IH2006,2020-06-19 09:33:02.900,2897.8000,10611,-2,614284860.000,2,0,2,双平,S,2897.6000,2897.2000,2897.0000,2896.8000,2896.4000,2898.0000,2898.2000,2898.8000,2899.0000,2899.8000,1,1,4,1,1,2,15,1,1,9
SF,IH2006,2020-06-19 09:33:03.400,2898.0000,10610,-1,615154260.000,1,0,1,双平,S,2897.2000,2897.0000,2896.8000,2896.4000,2896.2000,2898.2000,2898.8000,2899.0000,2899.8000,2904.0000,1,4,1,1,2,15,1,1,9,1
SF,IH2006,2020-06-19 09:33:03.900,2897.4000,10609,-1,616023480.000,1,0,1,双平,S,2897.4000,2897.2000,2897.0000,2896.8000,2896.4000,2897.8000,2898.2000,2898.8000,2899.0000,2899.8000,1,1,4,1,1,1,16,1,1,9
SF,IH2006,2020-06-19 09:33:04.400,2897.4000,10609,0,616023480.000,0,-,-,-,-,2897.4000,2897.2000,2897.0000,2896.4000,2896.2000,2897.6000,2898.2000,2898.8000,2899.0000,2899.8000,2,1,4,1,2,1,16,1,1,9
SF,IH2006,2020-06-19 09:33:04.900,2897.0000,10605,-4,621238920.000,6,1,5,多平,S,2897.8000,2897.0000,2896.4000,2896.2000,2896.0000,2898.2000,2898.8000,2899.0000,2899.8000,2904.0000,2,3,1,2,1,15,1,1,9,1
SF,IH2006,2020-06-19 09:33:05.400,2898.0000,10603,-2,622977720.000,2,0,2,双平,S,2897.4000,2897.0000,2896.4000,2896.2000,2896.0000,2897.8000,2898.2000,2898.8000,2899.0000,2899.8000,1,3,1,2,1,1,15,1,1,9
SF,IH2006,2020-06-19 09:33:05.900,2898.0000,10603,0,622977720.000,0,-,-,-,-,2897.4000,2897.0000,2896.4000,2896.2000,2896.0000,2898.2000,2898.8000,2899.0000,2899.8000,2904.0000,1,3,1,2,1,15,1,1,9,1
SF,IH2006,2020-06-19 09:33:06.400,2898.0000,10602,-1,624716520.000,2,0,2,多平,S,2897.4000,2897.0000,2896.4000,2896.2000,2896.0000,2898.2000,2898.8000,2899.0000,2899.8000,2904.0000,1,3,1,2,1,14,1,1,9,1
SF,IH2006,2020-06-19 09:33:06.900,2898.0000,10602,0,624716520.000,0,-,-,-,-,2897.6000,2897.4000,2897.0000,2896.4000,2896.2000,2898.2000,2898.8000,2899.0000,2899.8000,2904.0000,2,1,3,1,2,14,1,1,9,1
SF,IH2006,2020-06-19 09:33:07.400,2898.2000,10602,0,626455440.000,2,1,1,多换,S,2897.6000,2897.4000,2897.0000,2896.4000,2896.2000,2898.2000,2898.8000,2899.0000,2899.8000,2904.0000,2,1,3,1,2,12,1,1,9,1
SF,IH2006,2020-06-19 09:33:07.900,2898.2000,10596,-6,631672200.000,6,0,6,双平,S,2897.6000,2897.4000,2897.0000,2896.4000,2896.2000,2898.2000,2898.8000,2899.0000,2899.8000,2904.0000,2,1,3,1,2,6,1,1,9,1
SF,IH2006,2020-06-19 09:33:09.400,2898.2000,10590,-6,636888960.000,6,0,6,双平,S,2898.2000,2897.8000,2897.6000,2897.4000,2897.0000,2898.8000,2899.0000,2899.8000,2904.0000,2905.8000,2,1,2,1,3,1,1,9,1,1
SF,IH2006,2020-06-19 09:33:09.900,2898.2000,10590,0,637758420.000,1,0,1,多换,S,2898.2000,2897.8000,2897.6000,2897.4000,2897.0000,2898.8000,2899.0000,2899.8000,2904.0000,2905.8000,1,1,2,1,2,1,1,9,1,1
SF,IH2006,2020-06-19 09:33:10.400,2898.2000,10589,-1,638627880.000,1,0,1,双平,S,2897.8000,2897.6000,2897.4000,2897.0000,2896.4000,2898.2000,2898.8000,2899.0000,2899.8000,2904.0000,1,2,2,2,1,1,1,1,9,1
SF,IH2006,2020-06-19 09:33:10.900,2898.2000,10588,-1,639497340.000,1,0,1,双平,S,2897.8000,2897.6000,2897.4000,2897.0000,2896.4000,2898.8000,2899.0000,2899.8000,2904.0000,2905.8000,1,2,2,2,1,1,1,9,1,1
SF,IH2006,2020-06-19 09:33:11.400,2898.2000,10588,0,639497340.000,0,-,-,-,-,2897.8000,2897.6000,2897.4000,2897.0000,2896.4000,2898.8000,2899.0000,2899.8000,2904.0000,2905.8000,2,2,2,2,1,1,1,9,1,1
SF,IH2006,2020-06-19 09:33:11.900,2898.2000,10588,0,639497340.000,0,-,-,-,-,2898.0000,2897.8000,2897.4000,2896.4000,2896.2000,2898.8000,2899.0000,2899.8000,2904.0000,2905.8000,3,1,2,1,2,1,1,9,1,1
SF,IH2006,2020-06-19 09:33:12.400,2898.2000,10588,0,639497340.000,0,-,-,-,-,2898.0000,2897.8000,2897.4000,2896.4000,2896.2000,2898.8000,2899.0000,2899.8000,2904.0000,2905.8000,2,1,2,1,2,1,1,9,1,1
SF,IH2006,2020-06-19 09:33:12.900,2898.0000,10587,-1,640366740.000,1,0,1,双平,S,2898.0000,2897.8000,2897.4000,2896.4000,2896.2000,2898.6000,2898.8000,2899.0000,2899.8000,2904.0000,1,1,2,1,2,2,1,1,9,1
SF,IH2006,2020-06-19 09:33:13.400,2898.0000,10587,0,640366740.000,0,-,-,-,-,2898.0000,2897.4000,2896.4000,2896.2000,2895.2000,2898.6000,2898.8000,2899.0000,2899.8000,2904.0000,1,2,1,2,2,2,2,1,9,1
SF,IH2006,2020-06-19 09:33:13.900,2898.2000,10586,-1,641236200.000,1,0,1,双平,S,2898.2000,2898.0000,2897.4000,2896.4000,2896.2000,2898.6000,2898.8000,2899.0000,2899.8000,2904.0000,1,1,2,1,2,2,2,1,9,1
SF,IH2006,2020-06-19 09:33:14.400,2898.6000,10585,-1,642105780.000,1,0,1,双平,S,2898.2000,2898.0000,2897.4000,2896.4000,2896.2000,2898.6000,2898.8000,2899.0000,2899.8000,2904.0000,1,1,2,1,2,1,2,1,9,1
SF,IH2006,2020-06-19 09:33:14.900,2898.2000,10584,-1,642975240.000,1,0,1,双平,S,2898.0000,2897.4000,2896.4000,2896.2000,2895.2000,2898.6000,2898.8000,2899.0000,2899.8000,2904.0000,1,2,1,2,2,1,2,1,9,1
SF,IH2006,2020-06-19 09:33:15.400,2898.6000,10583,-1,643844820.000,1,0,1,双平,S,2898.6000,2898.4000,2898.0000,2897.4000,2896.4000,2898.8000,2899.0000,2899.8000,2904.0000,2905.8000,1,1,1,2,1,2,1,9,1,1
SF,IH2006,2020-06-19 09:33:15.900,2898.6000,10583,0,643844820.000,0,-,-,-,-,2898.4000,2898.0000,2897.4000,2896.4000,2896.2000,2898.8000,2899.0000,2899.8000,2904.0000,2905.8000,1,1,2,1,2,2,1,9,1,1
SF,IH2006,2020-06-19 09:33:16.900,2898.6000,10583,0,643844820.000,0,-,-,-,-,2898.4000,2898.0000,2897.4000,2896.4000,2896.2000,2898.8000,2899.0000,2899.8000,2904.0000,2905.8000,1,1,2,1,2,2,1,9,1,1
SF,IH2006,2020-06-19 09:33:17.400,2898.6000,10583,0,643844820.000,0,-,-,-,-,2898.4000,2897.4000,2896.4000,2896.2000,2895.4000,2898.8000,2899.0000,2899.8000,2904.0000,2905.8000,1,2,1,2,1,2,1,9,1,1
SF,IH2006,2020-06-19 09:33:17.900,2898.4000,10582,-1,644714340.000,1,0,1,双平,S,2897.4000,2896.4000,2896.2000,2895.4000,2895.2000,2898.0000,2898.8000,2899.0000,2899.8000,2904.0000,2,1,2,1,2,3,2,1,9,1
SF,IH2006,2020-06-19 09:33:18.400,2898.4000,10582,0,644714340.000,0,-,-,-,-,2897.6000,2897.4000,2896.4000,2896.2000,2895.4000,2898.0000,2898.8000,2899.0000,2899.8000,2904.0000,1,2,1,2,1,3,2,1,9,1
SF,IH2006,2020-06-19 09:33:18.900,2897.6000,10578,-4,648192180.000,4,0,4,双平,S,2897.4000,2896.4000,2896.2000,2895.4000,2895.2000,2898.8000,2899.0000,2899.8000,2904.0000,2905.8000,2,1,2,1,2,2,1,9,1,1
SF,IH2006,2020-06-19 09:33:19.400,2897.6000,10578,0,648192180.000,0,-,-,-,-,2897.6000,2897.4000,2896.6000,2896.4000,2896.2000,2898.6000,2898.8000,2899.0000,2899.8000,2904.0000,1,2,5,1,2,3,2,1,9,1
SF,IH2006,2020-06-19 09:33:21.400,2897.6000,10578,0,648192180.000,0,-,-,-,-,2897.6000,2897.4000,2896.6000,2896.4000,2896.2000,2898.6000,2898.8000,2899.0000,2899.8000,2904.0000,8,2,5,1,2,2,2,1,9,1
SF,IH2006,2020-06-19 09:33:22.400,2897.6000,10578,0,648192180.000,0,-,-,-,-,2897.6000,2897.4000,2896.6000,2896.4000,2896.2000,2898.6000,2898.8000,2899.0000,2899.8000,2904.0000,8,2,5,1,2,2,2,1,9,1
SF,IH2006,2020-06-19 09:33:22.900,2898.4000,10577,-1,649061700.000,1,0,1,双平,S,2897.6000,2897.4000,2896.6000,2896.4000,2896.2000,2898.4000,2898.6000,2898.8000,2899.0000,2899.8000,8,2,5,1,2,1,2,2,1,9
SF,IH2006,2020-06-19 09:33:23.400,2898.4000,10576,-1,649931220.000,1,0,1,双平,S,2898.4000,2897.8000,2897.6000,2897.4000,2896.6000,2898.6000,2898.8000,2899.0000,2899.8000,2904.0000,1,1,7,2,5,2,2,1,9,1
SF,IH2006,2020-06-19 09:33:23.900,2898.4000,10575,-1,650800740.000,1,0,1,双平,S,2897.8000,2897.6000,2897.4000,2896.6000,2896.4000,2898.4000,2898.6000,2898.8000,2899.0000,2899.8000,1,7,2,5,1,2,1,2,1,9
SF,IH2006,2020-06-19 09:33:24.400,2898.8000,10574,-1,651670380.000,1,0,1,双平,S,2897.8000,2897.6000,2897.4000,2896.6000,2896.4000,2898.8000,2899.0000,2899.4000,2899.8000,2904.0000,1,7,2,5,1,1,2,1,9,1
SF,IH2006,2020-06-19 09:33:24.900,2898.8000,10573,-1,652540020.000,1,0,1,双平,S,2897.8000,2897.6000,2897.4000,2896.6000,2896.4000,2899.0000,2899.4000,2899.8000,2904.0000,2905.8000,1,7,2,5,1,2,1,9,1,1
SF,IH2006,2020-06-19 09:33:25.400,2897.8000,10572,-1,653409360.000,1,0,1,双平,S,2897.6000,2897.4000,2896.6000,2896.4000,2896.2000,2897.8000,2898.6000,2899.0000,2899.4000,2899.8000,7,2,5,1,2,1,1,3,1,9
SF,IH2006,2020-06-19 09:33:25.900,2897.8000,10571,-1,654278700.000,1,0,1,双平,S,2897.8000,2897.6000,2897.4000,2896.4000,2896.2000,2898.8000,2899.0000,2899.4000,2899.8000,2904.0000,3,7,2,1,2,1,4,1,9,1
SF,IH2006,2020-06-19 09:33:26.400,2897.8000,10571,0,654278700.000,0,-,-,-,-,2897.8000,2897.6000,2897.4000,2896.4000,2896.2000,2898.6000,2898.8000,2899.0000,2899.4000,2899.8000,2,7,2,1,1,1,1,4,1,9
SF,IH2006,2020-06-19 09:33:26.900,2898.6000,10571,0,655148280.000,1,0,1,多换,S,2897.8000,2897.6000,2897.4000,2896.4000,2896.2000,2898.8000,2899.0000,2899.4000,2899.8000,2904.0000,2,7,2,1,1,2,4,1,9,1
SF,IH2006,2020-06-19 09:33:27.400,2898.6000,10571,0,655148280.000,0,-,-,-,-,2898.0000,2897.8000,2897.6000,2897.4000,2896.4000,2898.8000,2899.0000,2899.4000,2899.8000,2904.0000,2,2,7,2,1,2,4,1,9,1
SF,IH2006,2020-06-19 09:33:27.900,2898.6000,10571,0,655148280.000,0,-,-,-,-,2898.2000,2898.0000,2897.8000,2897.6000,2897.4000,2898.8000,2899.0000,2899.4000,2899.8000,2904.0000,2,2,2,7,2,1,4,1,9,1
SF,IH2006,2020-06-19 09:33:28.400,2898.6000,10571,0,655148280.000,0,-,-,-,-,2898.2000,2898.0000,2897.8000,2897.6000,2897.4000,2898.8000,2899.0000,2899.4000,2899.8000,2904.0000,2,3,2,7,2,1,3,1,9,1
SF,IH2006,2020-06-19 09:33:28.900,2898.6000,10571,0,655148280.000,0,-,-,-,-,2898.4000,2898.2000,2898.0000,2897.8000,2897.6000,2898.8000,2899.0000,2899.4000,2899.8000,2904.0000,2,2,1,2,7,2,3,1,9,1
SF,IH2006,2020-06-19 09:33:29.400,2898.4000,10570,-1,656017800.000,1,0,1,双平,S,2898.4000,2898.2000,2898.0000,2897.8000,2897.6000,2898.8000,2899.0000,2899.4000,2899.8000,2904.0000,1,2,1,2,7,2,3,1,9,1
SF,IH2006,2020-06-19 09:33:29.900,2898.4000,10569,-1,656887320.000,1,0,1,双平,S,2898.2000,2898.0000,2897.8000,2897.6000,2897.4000,2898.4000,2898.8000,2899.0000,2899.2000,2899.4000,2,1,2,7,2,1,2,3,1,1
SF,IH2006,2020-06-19 09:33:30.400,2898.4000,10569,0,657756840.000,1,0,1,多换,S,2898.4000,2898.2000,2898.0000,2897.8000,2897.6000,2898.8000,2899.0000,2899.2000,2899.4000,2899.8000,1,2,1,2,7,2,3,1,1,9
SF,IH2006,2020-06-19 09:33:30.900,2898.4000,10569,0,657756840.000,0,-,-,-,-,2898.4000,2898.2000,2898.0000,2897.8000,2897.6000,2898.8000,2899.0000,2899.2000,2899.4000,2899.8000,1,2,1,3,7,2,3,1,1,9
SF,IH2006,2020-06-19 09:33:31.400,2898.8000,10569,0,658626480.000,1,0,1,多换,S,2898.4000,2898.2000,2898.0000,2897.8000,2897.6000,2898.8000,2899.0000,2899.2000,2899.4000,2899.8000,1,2,1,3,7,1,3,1,1,9
SF,IH2006,2020-06-19 09:33:32.900,2898.8000,10569,0,658626480.000,0,-,-,-,-,2898.4000,2898.2000,2898.0000,2897.8000,2897.6000,2898.8000,2899.0000,2899.2000,2899.4000,2899.8000,1,2,1,4,7,1,3,1,1,9
SF,IH2006,2020-06-19 09:33:33.900,2898.8000,10569,0,658626480.000,0,-,-,-,-,2898.6000,2898.4000,2898.2000,2898.0000,2897.8000,2898.8000,2899.0000,2899.2000,2899.4000,2899.8000,1,1,2,1,4,1,3,1,1,9
SF,IH2006,2020-06-19 09:33:34.400,2898.6000,10568,-1,659496060.000,1,0,1,双平,S,2898.4000,2898.2000,2898.0000,2897.8000,2897.6000,2899.0000,2899.2000,2899.4000,2899.8000,2900.0000,1,2,1,4,7,3,1,1,9,1
SF,IH2006,2020-06-19 09:33:34.900,2898.6000,10568,0,659496060.000,0,-,-,-,-,2898.4000,2898.2000,2898.0000,2897.8000,2897.6000,2898.8000,2899.0000,2899.2000,2899.4000,2899.8000,1,2,1,4,7,2,4,1,1,9
SF,IH2006,2020-06-19 09:33:35.900,2898.6000,10568,0,659496060.000,0,-,-,-,-,2898.4000,2898.2000,2898.0000,2897.8000,2897.6000,2898.8000,2899.0000,2899.2000,2899.4000,2899.8000,1,2,1,2,7,2,4,1,1,9
SF,IH2006,2020-06-19 09:33:36.400,2898.6000,10568,0,662104680.000,3,1,2,多换,S,2898.2000,2898.0000,2897.8000,2897.6000,2897.4000,2898.8000,2899.0000,2899.2000,2899.4000,2899.8000,2,1,2,7,2,2,4,1,1,9
SF,IH2006,2020-06-19 09:33:36.900,2898.6000,10568,0,662104680.000,0,-,-,-,-,2898.2000,2898.0000,2897.8000,2897.6000,2897.4000,2898.4000,2898.6000,2898.8000,2899.0000,2899.2000,2,1,2,8,2,1,1,3,4,2
SF,IH2006,2020-06-19 09:33:37.400,2898.2000,10568,0,663843600.000,2,1,1,多换,S,2898.0000,2897.8000,2897.6000,2897.4000,2897.0000,2898.2000,2898.6000,2898.8000,2899.0000,2899.2000,1,2,8,2,1,6,1,3,4,2
SF,IH2006,2020-06-19 09:33:37.900,2898.0000,10567,-1,664713000.000,1,0,1,双平,S,2897.8000,2897.6000,2897.4000,2897.0000,2896.2000,2898.0000,2898.2000,2898.6000,2898.8000,2899.0000,2,8,2,1,1,6,4,1,3,4
SF,IH2006,2020-06-19 09:33:38.400,2897.8000,10565,-2,666451680.000,2,0,2,双平,S,2897.6000,2897.4000,2897.0000,2896.2000,2895.4000,2897.8000,2898.0000,2898.2000,2898.6000,2898.8000,8,2,1,1,1,7,3,3,1,3
SF,IH2006,2020-06-19 09:33:38.900,2897.6000,10557,-8,673405920.000,8,0,8,双平,S,2897.4000,2897.0000,2896.2000,2895.4000,2895.2000,2897.6000,2897.8000,2898.0000,2898.2000,2898.6000,2,1,1,1,2,1,6,3,3,1
SF,IH2006,2020-06-19 09:33:39.400,2897.4000,10555,-2,675144360.000,2,0,2,双平,S,2897.4000,2897.0000,2896.2000,2895.4000,2895.0000,2897.8000,2898.0000,2898.2000,2898.6000,2898.8000,1,1,1,1,1,4,1,1,1,3
SF,IH2006,2020-06-19 09:33:39.900,2897.4000,10554,-1,676013580.000,1,0,1,双平,S,2897.0000,2896.2000,2895.4000,2895.0000,2894.6000,2897.8000,2898.0000,2898.2000,2898.6000,2898.8000,1,1,1,1,2,4,1,1,1,1
SF,IH2006,2020-06-19 09:33:40.400,2897.4000,10554,0,676013580.000,0,-,-,-,-,2897.0000,2896.2000,2895.4000,2895.0000,2894.6000,2897.8000,2898.0000,2898.2000,2898.6000,2898.8000,1,1,1,1,2,3,1,1,1,1
SF,IH2006,2020-06-19 09:33:41.900,2897.8000,10552,-2,677752260.000,2,0,2,双平,S,2897.0000,2896.2000,2895.4000,2895.0000,2894.6000,2897.8000,2898.0000,2898.2000,2898.6000,2898.8000,1,1,1,1,2,1,1,1,1,1
SF,IH2006,2020-06-19 09:33:42.400,2897.8000,10552,0,677752260.000,0,-,-,-,-,2897.2000,2897.0000,2896.2000,2895.4000,2895.0000,2898.0000,2898.2000,2898.6000,2898.8000,2899.0000,1,1,1,1,1,1,1,1,1,3
SF,IH2006,2020-06-19 09:33:42.900,2897.8000,10552,0,677752260.000,0,-,-,-,-,2897.2000,2897.0000,2896.4000,2896.2000,2895.4000,2897.8000,2898.0000,2898.2000,2898.6000,2898.8000,1,1,1,1,1,2,1,1,1,1
SF,IH2006,2020-06-19 09:33:43.400,2897.2000,10551,-1,678621420.000,1,0,1,双平,S,2897.0000,2896.4000,2896.2000,2895.4000,2895.0000,2897.8000,2898.0000,2898.2000,2898.6000,2898.8000,1,1,1,1,1,2,1,1,1,1
SF,IH2006,2020-06-19 09:33:43.900,2897.2000,10551,0,678621420.000,0,-,-,-,-,2897.2000,2897.0000,2896.4000,2896.2000,2895.4000,2897.8000,2898.0000,2898.2000,2898.6000,2898.8000,1,1,1,1,1,3,1,1,1,1
SF,IH2006,2020-06-19 09:33:44.900,2897.2000,10550,-1,679490580.000,1,0,1,双平,S,2897.0000,2896.4000,2896.2000,2895.4000,2895.0000,2897.2000,2897.8000,2898.0000,2898.2000,2898.6000,1,1,1,1,1,1,3,1,1,2
SF,IH2006,2020-06-19 09:33:46.400,2897.0000,10549,-1,680359680.000,1,0,1,双平,S,2896.4000,2896.2000,2895.4000,2895.0000,2894.6000,2897.2000,2897.8000,2898.0000,2898.2000,2898.6000,1,1,1,1,2,1,3,1,1,2
SF,IH2006,2020-06-19 09:33:46.900,2897.0000,10549,0,680359680.000,0,-,-,-,-,2896.8000,2896.4000,2896.2000,2895.4000,2895.0000,2897.2000,2897.8000,2898.0000,2898.2000,2898.6000,1,1,1,1,1,2,3,1,1,1
SF,IH2006,2020-06-19 09:33:47.400,2897.2000,10547,-2,682098000.000,2,0,2,双平,S,2896.8000,2896.4000,2896.2000,2895.4000,2895.0000,2897.8000,2898.0000,2898.6000,2898.8000,2899.0000,1,1,1,1,1,3,1,1,1,3
SF,IH2006,2020-06-19 09:33:47.900,2897.2000,10547,0,682098000.000,0,-,-,-,-,2896.8000,2896.4000,2896.2000,2895.4000,2895.0000,2897.6000,2897.8000,2898.0000,2898.6000,2898.8000,1,1,1,1,1,1,3,1,1,1
SF,IH2006,2020-06-19 09:33:48.400,2896.8000,10545,-2,683836140.000,2,0,2,双平,S,2896.4000,2896.2000,2895.4000,2895.0000,2894.6000,2897.8000,2898.0000,2898.8000,2899.0000,2899.2000,1,1,1,1,2,3,1,1,2,2
SF,IH2006,2020-06-19 09:33:48.900,2896.8000,10545,0,683836140.000,0,-,-,-,-,2897.2000,2896.6000,2896.4000,2896.2000,2895.4000,2897.6000,2897.8000,2898.0000,2898.8000,2899.0000,1,1,1,1,1,2,3,1,1,2
SF,IH2006,2020-06-19 09:33:49.400,2897.2000,10544,-1,684705300.000,1,0,1,双平,S,2896.6000,2896.4000,2896.2000,2895.4000,2895.0000,2897.4000,2897.8000,2898.0000,2898.8000,2899.0000,2,1,1,1,1,2,1,1,1,2
SF,IH2006,2020-06-19 09:33:49.900,2897.4000,10543,-1,685574520.000,1,0,1,双平,S,2896.6000,2896.4000,2896.2000,2895.4000,2895.0000,2897.4000,2897.8000,2898.0000,2898.8000,2899.0000,1,1,1,1,1,1,1,2,1,2
SF,IH2006,2020-06-19 09:33:50.400,2898.0000,10540,-3,688182480.000,3,0,3,双平,S,2897.4000,2896.8000,2896.6000,2896.4000,2896.2000,2898.0000,2898.8000,2899.0000,2899.2000,2899.8000,2,1,1,1,2,1,1,2,1,9
SF,IH2006,2020-06-19 09:33:50.900,2898.0000,10540,0,688182480.000,0,-,-,-,-,2897.4000,2897.0000,2896.8000,2896.6000,2896.4000,2898.0000,2898.8000,2899.0000,2899.2000,2899.8000,2,1,1,2,1,1,1,2,1,9
SF,IH2006,2020-06-19 09:33:51.400,2898.0000,10541,1,689051880.000,1,1,0,双开,S,2897.4000,2897.0000,2896.8000,2896.6000,2896.4000,2898.8000,2899.0000,2899.2000,2899.8000,2900.0000,1,1,1,2,1,1,2,1,9,1
SF,IH2006,2020-06-19 09:33:51.900,2898.0000,10541,0,689051880.000,0,-,-,-,-,2897.6000,2897.4000,2897.0000,2896.8000,2896.6000,2898.6000,2898.8000,2899.0000,2899.2000,2899.8000,1,1,1,1,2,2,1,2,1,9
SF,IH2006,2020-06-19 09:33:52.400,2898.0000,10541,0,689051880.000,0,-,-,-,-,2897.8000,2897.6000,2897.4000,2897.0000,2896.8000,2898.4000,2898.6000,2898.8000,2899.0000,2899.2000,1,1,1,1,1,1,2,1,2,1
SF,IH2006,2020-06-19 09:33:52.900,2898.0000,10541,0,689051880.000,0,-,-,-,-,2897.8000,2897.4000,2897.0000,2896.8000,2896.6000,2898.4000,2898.6000,2898.8000,2899.0000,2899.2000,1,1,1,1,2,1,1,1,2,1
SF,IH2006,2020-06-19 09:33:53.400,2897.8000,10541,0,689921220.000,1,0,1,多换,S,2897.4000,2897.0000,2896.8000,2896.6000,2896.2000,2898.6000,2898.8000,2899.0000,2899.2000,2899.8000,1,1,1,2,2,1,1,2,1,9
SF,IH2006,2020-06-19 09:33:53.900,2897.8000,10541,0,689921220.000,0,-,-,-,-,2897.6000,2897.4000,2897.0000,2896.8000,2896.6000,2898.2000,2898.4000,2898.6000,2898.8000,2899.0000,1,1,1,1,2,2,1,1,1,2
SF,IH2006,2020-06-19 09:33:54.400,2898.2000,10540,-1,690790680.000,1,0,1,双平,S,2897.6000,2897.4000,2896.8000,2896.6000,2896.2000,2898.2000,2898.4000,2898.6000,2898.8000,2899.0000,1,1,1,2,2,1,1,1,1,2
SF,IH2006,2020-06-19 09:33:54.900,2897.6000,10538,-2,692529300.000,2,0,2,双平,S,2897.4000,2896.6000,2896.2000,2895.4000,2895.0000,2898.2000,2898.4000,2898.6000,2898.8000,2899.0000,1,2,2,1,1,1,1,1,1,2
SF,IH2006,2020-06-19 09:33:55.400,2897.6000,10538,0,692529300.000,0,-,-,-,-,2897.8000,2897.4000,2896.6000,2896.2000,2895.4000,2898.2000,2898.4000,2898.6000,2899.0000,2899.2000,1,1,2,2,1,2,1,1,2,1
SF,IH2006,2020-06-19 09:33:55.900,2897.8000,10537,-1,693398640.000,1,0,1,双平,S,2898.0000,2897.4000,2896.6000,2896.2000,2895.4000,2898.2000,2898.4000,2898.6000,2899.0000,2899.2000,1,1,2,2,1,2,1,1,2,1
SF,IH2006,2020-06-19 09:33:56.400,2898.0000,10536,-1,694268040.000,1,0,1,双平,S,2897.4000,2897.0000,2896.6000,2896.2000,2895.4000,2897.6000,2898.0000,2898.2000,2898.4000,2898.6000,1,1,2,2,1,1,2,4,1,1
SF,IH2006,2020-06-19 09:33:56.900,2898.0000,10536,0,694268040.000,0,-,-,-,-,2897.4000,2897.0000,2896.6000,2896.2000,2895.4000,2897.6000,2898.0000,2898.2000,2898.4000,2898.6000,1,1,2,2,1,1,2,2,1,1
SF,IH2006,2020-06-19 09:33:57.400,2898.0000,10536,0,694268040.000,0,-,-,-,-,2897.4000,2897.0000,2896.6000,2896.2000,2895.4000,2897.6000,2898.0000,2898.2000,2898.4000,2898.6000,1,1,2,2,1,3,2,2,1,1
SF,IH2006,2020-06-19 09:33:57.900,2898.0000,10536,0,695137440.000,1,0,1,多换,S,2897.4000,2897.0000,2896.6000,2896.2000,2895.4000,2897.6000,2898.0000,2898.2000,2898.4000,2898.6000,1,1,2,2,1,2,2,2,1,1
SF,IH2006,2020-06-19 09:33:58.400,2897.6000,10535,-1,696006720.000,1,0,1,双平,S,2897.4000,2897.0000,2896.6000,2896.2000,2895.4000,2897.6000,2898.0000,2898.2000,2898.4000,2898.6000,1,1,2,2,1,1,2,2,1,1
SF,IH2006,2020-06-19 09:33:58.900,2897.4000,10534,-1,696875940.000,1,0,1,双平,S,2897.0000,2896.6000,2896.2000,2895.4000,2895.0000,2897.4000,2897.6000,2898.0000,2898.2000,2898.4000,1,2,2,1,1,1,1,2,2,1
SF,IH2006,2020-06-19 09:33:59.400,2897.4000,10533,-1,697745160.000,1,0,1,双平,S,2897.0000,2896.6000,2896.2000,2895.4000,2895.0000,2897.6000,2898.0000,2898.2000,2898.4000,2898.6000,1,2,2,1,1,1,2,2,1,1
SF,IH2006,2020-06-19 09:33:59.900,2897.4000,10533,0,697745160.000,0,-,-,-,-,2897.0000,2896.6000,2896.2000,2895.4000,2895.0000,2897.6000,2897.8000,2898.0000,2898.2000,2898.4000,1,2,2,1,1,2,1,2,2,1
SF,IH2006,2020-06-19 09:34:00.400,2897.0000,10532,-1,698614260.000,1,0,1,双平,S,2896.6000,2896.2000,2895.4000,2895.0000,2894.6000,2897.6000,2897.8000,2898.0000,2898.2000,2898.4000,2,2,1,1,1,2,1,2,2,1
SF,IH2006,2020-06-19 09:34:00.900,2897.0000,10531,-1,699483360.000,1,0,1,双平,S,2897.0000,2896.6000,2896.2000,2895.4000,2895.0000,2897.4000,2897.6000,2897.8000,2898.0000,2898.2000,5,2,2,1,1,1,4,1,2,2
SF,IH2006,2020-06-19 09:34:01.400,2897.0000,10528,-3,702090660.000,3,0,3,双平,S,2897.0000,2896.6000,2896.2000,2895.4000,2895.0000,2897.2000,2897.4000,2897.6000,2897.8000,2898.0000,2,2,2,1,1,1,1,4,1,2
SF,IH2006,2020-06-19 09:34:01.900,2897.2000,10527,-1,702959820.000,1,0,1,双平,S,2897.0000,2896.6000,2896.2000,2895.4000,2895.0000,2897.4000,2897.6000,2897.8000,2898.0000,2898.2000,3,2,2,1,1,1,4,1,2,2
SF,IH2006,2020-06-19 09:34:02.400,2897.2000,10527,0,702959820.000,0,-,-,-,-,2897.0000,2896.6000,2896.2000,2895.4000,2895.0000,2897.4000,2897.6000,2897.8000,2898.0000,2898.2000,3,2,2,1,1,2,4,1,2,2
SF,IH2006,2020-06-19 09:34:03.400,2897.2000,10527,0,702959820.000,0,-,-,-,-,2897.0000,2896.6000,2896.2000,2895.4000,2895.0000,2897.4000,2897.6000,2897.8000,2898.0000,2898.2000,3,2,2,1,1,3,3,1,2,2
SF,IH2006,2020-06-19 09:34:04.400,2897.2000,10527,0,702959820.000,0,-,-,-,-,2897.2000,2897.0000,2896.6000,2896.2000,2895.4000,2897.4000,2897.6000,2897.8000,2898.0000,2898.2000,1,3,2,2,1,3,3,1,2,2
SF,IH2006,2020-06-19 09:34:04.900,2897.2000,10527,0,702959820.000,0,-,-,-,-,2897.2000,2897.0000,2896.6000,2896.2000,2895.4000,2897.4000,2897.6000,2897.8000,2898.0000,2898.2000,1,3,2,2,1,2,3,1,2,2
SF,IH2006,2020-06-19 09:34:05.400,2897.4000,10526,-1,704698200.000,2,0,2,多平,S,2897.0000,2896.6000,2896.2000,2895.4000,2895.0000,2897.4000,2897.6000,2897.8000,2898.0000,2898.2000,4,2,2,1,1,1,3,1,2,2
SF,IH2006,2020-06-19 09:34:05.900,2897.4000,10524,-2,706436520.000,2,0,2,双平,S,2897.0000,2896.6000,2896.2000,2895.4000,2895.0000,2897.6000,2897.8000,2898.0000,2898.2000,2899.0000,3,2,2,1,1,3,1,2,2,2
SF,IH2006,2020-06-19 09:34:06.400,2897.0000,10521,-3,709043820.000,3,0,3,双平,S,2897.0000,2896.6000,2896.2000,2895.4000,2895.0000,2897.2000,2897.6000,2897.8000,2898.2000,2899.0000,6,2,2,1,1,1,5,1,2,2
SF,IH2006,2020-06-19 09:34:06.900,2897.2000,10517,-4,713389380.000,5,0,5,多平,S,2897.0000,2896.6000,2896.2000,2895.4000,2895.0000,2897.2000,2897.6000,2897.8000,2898.2000,2898.6000,2,2,2,1,1,2,3,1,2,1
SF,IH2006,2020-06-19 09:34:07.400,2897.0000,10515,-2,715127580.000,2,0,2,双平,S,2896.6000,2896.2000,2895.4000,2895.0000,2894.6000,2897.0000,2897.2000,2897.6000,2897.8000,2898.2000,2,2,1,1,1,3,2,3,1,2
SF,IH2006,2020-06-19 09:34:07.900,2897.0000,10514,-1,715996680.000,1,0,1,双平,S,2896.6000,2896.2000,2895.4000,2895.0000,2894.6000,2897.0000,2897.2000,2897.6000,2897.8000,2898.2000,2,2,1,1,1,6,1,4,1,2
SF,IH2006,2020-06-19 09:34:08.400,2896.6000,10513,-1,716865660.000,1,0,1,双平,S,2896.6000,2896.2000,2895.4000,2895.0000,2894.6000,2897.0000,2897.2000,2897.6000,2897.8000,2898.2000,1,2,1,1,1,6,1,4,1,2
SF,IH2006,2020-06-19 09:34:08.900,2896.6000,10512,-1,717734640.000,1,0,1,双平,S,2896.2000,2895.4000,2895.0000,2894.6000,2894.2000,2896.6000,2897.0000,2897.2000,2897.6000,2897.8000,2,1,1,1,1,1,6,1,4,1
SF,IH2006,2020-06-19 09:34:09.400,2896.2000,10510,-2,719472480.000,2,0,2,双平,S,2895.4000,2895.0000,2894.6000,2894.2000,2894.0000,2896.6000,2897.0000,2897.2000,2897.6000,2897.8000,1,1,1,1,1,2,2,1,4,1
SF,IH2006,2020-06-19 09:34:09.900,2896.2000,10510,0,719472480.000,0,-,-,-,-,2895.8000,2895.6000,2895.4000,2895.0000,2894.6000,2896.4000,2896.6000,2897.0000,2897.2000,2897.6000,1,1,1,1,1,1,4,2,1,4
SF,IH2006,2020-06-19 09:34:10.400,2896.2000,10508,-2,721210080.000,2,0,2,双平,S,2895.6000,2895.4000,2895.2000,2895.0000,2894.6000,2896.4000,2896.6000,2897.0000,2897.2000,2897.6000,1,1,1,1,1,3,2,2,1,4
SF,IH2006,2020-06-19 09:34:10.900,2896.2000,10508,0,721210080.000,0,-,-,-,-,2895.6000,2895.4000,2895.0000,2894.6000,2894.2000,2896.4000,2896.6000,2897.0000,2897.2000,2897.6000,1,1,1,1,1,3,2,2,1,4
SF,IH2006,2020-06-19 09:34:11.400,2896.2000,10508,0,721210080.000,0,-,-,-,-,2895.8000,2895.4000,2895.0000,2894.6000,2894.2000,2896.4000,2896.6000,2897.0000,2897.2000,2897.6000,1,1,1,1,1,3,2,2,1,4
SF,IH2006,2020-06-19 09:34:11.900,2895.8000,10507,-1,722078820.000,1,0,1,双平,S,2895.4000,2895.0000,2894.6000,2894.2000,2894.0000,2896.4000,2896.6000,2897.0000,2897.2000,2897.6000,1,1,1,1,1,3,2,2,2,4
SF,IH2006,2020-06-19 09:34:12.400,2896.4000,10507,0,722947740.000,1,0,1,多换,S,2895.8000,2895.4000,2895.2000,2895.0000,2894.6000,2896.0000,2896.4000,2896.6000,2897.0000,2897.2000,1,1,1,1,1,1,2,3,2,2
SF,IH2006,2020-06-19 09:34:12.900,2895.8000,10505,-2,724685280.000,2,0,2,双平,S,2895.4000,2895.2000,2895.0000,2894.6000,2894.2000,2896.0000,2896.6000,2897.0000,2897.2000,2897.6000,1,1,7,1,1,2,3,2,2,4
SF,IH2006,2020-06-19 09:34:13.400,2896.0000,10503,-2,726422880.000,2,0,2,双平,S,2895.4000,2895.2000,2895.0000,2894.6000,2894.2000,2896.6000,2897.0000,2897.2000,2897.6000,2898.2000,1,1,7,1,1,3,1,2,4,1
SF,IH2006,2020-06-19 09:34:13.900,2896.0000,10503,0,726422880.000,0,-,-,-,-,2895.6000,2895.2000,2895.0000,2894.6000,2894.2000,2896.4000,2896.6000,2897.0000,2897.2000,2897.6000,1,1,7,1,1,1,4,1,2,4
SF,IH2006,2020-06-19 09:34:14.400,2896.0000,10503,0,726422880.000,0,-,-,-,-,2896.2000,2895.6000,2895.2000,2895.0000,2894.6000,2896.4000,2896.6000,2897.0000,2897.2000,2897.6000,1,1,1,7,1,3,2,1,2,4
SF,IH2006,2020-06-19 09:34:14.900,2896.4000,10500,-3,729029640.000,3,0,3,双平,S,2895.6000,2895.2000,2895.0000,2894.6000,2894.2000,2896.6000,2897.0000,2897.2000,2897.6000,2898.2000,1,1,7,1,1,2,1,1,4,1
SF,IH2006,2020-06-19 09:34:15.400,2896.6000,10498,-2,730767600.000,2,0,2,双平,S,2896.2000,2895.8000,2895.6000,2895.2000,2895.0000,2897.0000,2897.2000,2897.6000,2898.2000,2898.6000,1,1,1,1,7,1,1,4,1,1
SF,IH2006,2020-06-19 09:34:15.900,2896.6000,10498,0,730767600.000,0,-,-,-,-,2895.8000,2895.6000,2895.4000,2895.2000,2895.0000,2897.2000,2897.6000,2898.2000,2898.6000,2899.0000,1,1,1,1,7,1,4,1,1,2
SF,IH2006,2020-06-19 09:34:16.400,2896.6000,10498,0,730767600.000,0,-,-,-,-,2896.0000,2895.8000,2895.6000,2895.2000,2895.0000,2896.2000,2897.2000,2897.6000,2898.2000,2898.6000,1,1,1,1,7,1,2,4,1,1
SF,IH2006,2020-06-19 09:34:16.900,2896.2000,10497,-1,731636460.000,1,0,1,双平,S,2896.4000,2896.2000,2896.0000,2895.8000,2895.6000,2897.2000,2897.6000,2898.2000,2898.6000,2899.0000,1,7,2,3,1,2,4,1,1,3
SF,IH2006,2020-06-19 09:34:17.400,2896.2000,10497,0,731636460.000,0,-,-,-,-,2896.6000,2896.2000,2896.0000,2895.8000,2895.6000,2897.0000,2897.2000,2897.6000,2898.2000,2898.6000,1,6,2,3,1,2,2,4,1,1
SF,IH2006,2020-06-19 09:34:17.900,2897.0000,10495,-2,733374600.000,2,0,2,双平,S,2896.6000,2896.2000,2896.0000,2895.8000,2895.6000,2897.0000,2897.2000,2897.6000,2898.2000,2898.6000,1,4,2,2,1,1,2,4,1,1
SF,IH2006,2020-06-19 09:34:18.400,2897.0000,10495,0,733374600.000,0,-,-,-,-,2896.4000,2896.2000,2896.0000,2895.8000,2895.6000,2897.0000,2897.2000,2897.6000,2898.2000,2898.6000,1,5,2,2,1,1,2,4,1,1
SF,IH2006,2020-06-19 09:34:18.900,2897.0000,10495,0,733374600.000,0,-,-,-,-,2896.6000,2896.4000,2896.2000,2896.0000,2895.8000,2897.2000,2897.6000,2898.2000,2898.6000,2899.0000,1,1,5,3,2,2,4,1,1,3
SF,IH2006,2020-06-19 09:34:19.400,2897.0000,10495,0,733374600.000,0,-,-,-,-,2896.6000,2896.4000,2896.2000,2896.0000,2895.8000,2897.0000,2897.2000,2897.6000,2898.2000,2898.6000,1,1,5,3,2,1,1,4,1,1
SF,IH2006,2020-06-19 09:34:19.900,2897.0000,10495,0,733374600.000,0,-,-,-,-,2896.6000,2896.4000,2896.2000,2896.0000,2895.8000,2897.0000,2897.2000,2897.6000,2898.2000,2898.6000,1,1,5,3,2,1,1,4,1,1
SF,IH2006,2020-06-19 09:34:20.400,2897.0000,10494,-1,734243700.000,1,0,1,双平,S,2897.0000,2896.6000,2896.2000,2896.0000,2895.8000,2897.2000,2897.6000,2898.2000,2898.6000,2899.0000,1,2,5,3,2,1,3,1,1,3
SF,IH2006,2020-06-19 09:34:21.400,2897.0000,10494,0,734243700.000,0,-,-,-,-,2897.0000,2896.6000,2896.2000,2896.0000,2895.8000,2897.2000,2897.6000,2898.2000,2898.6000,2899.0000,1,2,5,3,2,1,3,1,1,3
SF,IH2006,2020-06-19 09:34:21.900,2897.0000,10494,0,734243700.000,0,-,-,-,-,2897.0000,2896.6000,2896.2000,2896.0000,2895.8000,2897.2000,2897.6000,2898.2000,2898.6000,2899.0000,1,2,5,9,2,1,3,1,1,3
SF,IH2006,2020-06-19 09:34:22.400,2897.0000,10494,0,734243700.000,0,-,-,-,-,2897.0000,2896.6000,2896.2000,2896.0000,2895.8000,2897.2000,2897.6000,2898.2000,2898.6000,2899.0000,2,2,5,8,2,1,3,1,1,3
SF,IH2006,2020-06-19 09:34:22.900,2897.2000,10493,-1,735112860.000,1,0,1,双平,S,2897.0000,2896.6000,2896.2000,2896.0000,2895.8000,2897.6000,2898.2000,2898.6000,2899.0000,2899.8000,2,3,5,8,2,3,1,1,3,9
SF,IH2006,2020-06-19 09:34:23.400,2897.2000,10493,0,735112860.000,0,-,-,-,-,2897.0000,2896.6000,2896.2000,2896.0000,2895.8000,2897.4000,2897.6000,2898.2000,2898.6000,2899.0000,2,3,5,8,2,1,4,1,1,3
SF,IH2006,2020-06-19 09:34:23.900,2897.0000,10493,0,735981960.000,1,0,1,多换,S,2897.0000,2896.6000,2896.2000,2896.0000,2895.8000,2897.4000,2897.6000,2898.2000,2898.6000,2899.0000,1,2,5,8,2,3,2,1,1,3
SF,IH2006,2020-06-19 09:34:24.400,2897.0000,10493,0,735981960.000,0,-,-,-,-,2897.0000,2896.6000,2896.2000,2896.0000,2895.8000,2897.4000,2897.6000,2898.2000,2898.6000,2899.0000,1,2,5,9,2,3,2,1,1,3
SF,IH2006,2020-06-19 09:34:24.900,2897.0000,10493,0,735981960.000,0,-,-,-,-,2897.0000,2896.6000,2896.2000,2896.0000,2895.8000,2897.4000,2897.6000,2898.2000,2898.6000,2899.0000,1,2,6,9,2,3,2,1,1,3
SF,IH2006,2020-06-19 09:34:25.400,2897.0000,10493,0,735981960.000,0,-,-,-,-,2897.0000,2896.6000,2896.2000,2896.0000,2895.8000,2897.2000,2897.4000,2897.6000,2898.2000,2898.6000,1,2,6,9,2,1,3,2,1,1
SF,IH2006,2020-06-19 09:34:25.900,2897.2000,10491,-2,737720280.000,2,0,2,双平,S,2897.0000,2896.6000,2896.2000,2896.0000,2895.8000,2897.2000,2897.6000,2898.2000,2898.6000,2899.0000,1,2,6,9,2,2,2,1,1,3
SF,IH2006,2020-06-19 09:34:26.400,2897.2000,10489,-2,739458600.000,2,0,2,双平,S,2897.2000,2897.0000,2896.6000,2896.2000,2896.0000,2897.6000,2898.2000,2898.6000,2899.0000,2899.8000,4,1,2,5,9,2,1,1,3,9
SF,IH2006,2020-06-19 09:34:26.900,2897.4000,10488,-1,740327820.000,1,0,1,双平,S,2897.2000,2897.0000,2896.6000,2896.2000,2896.0000,2897.6000,2898.2000,2898.6000,2899.0000,2899.8000,1,1,2,2,9,2,1,1,3,9
SF,IH2006,2020-06-19 09:34:27.400,2897.4000,10488,0,740327820.000,0,-,-,-,-,2897.2000,2897.0000,2896.6000,2896.2000,2896.0000,2897.4000,2897.6000,2898.2000,2898.6000,2899.0000,1,1,2,1,9,1,3,1,1,3
SF,IH2006,2020-06-19 09:34:27.900,2897.4000,10487,-1,741197040.000,1,0,1,双平,S,2897.2000,2897.0000,2896.6000,2896.2000,2896.0000,2897.6000,2898.2000,2898.6000,2899.0000,2899.8000,1,1,1,1,9,3,1,1,3,9
SF,IH2006,2020-06-19 09:34:28.900,2897.4000,10487,0,741197040.000,0,-,-,-,-,2897.2000,2897.0000,2896.6000,2896.2000,2896.0000,2897.4000,2897.6000,2898.2000,2898.6000,2899.0000,1,1,1,1,9,1,4,1,1,3
SF,IH2006,2020-06-19 09:34:29.400,2897.4000,10487,0,741197040.000,0,-,-,-,-,2897.2000,2897.0000,2896.6000,2896.2000,2896.0000,2897.4000,2897.6000,2898.2000,2898.6000,2899.0000,1,1,1,1,9,2,4,1,1,3
