市场代码,合约代码,时间,最新,持仓,增仓,成交额,成交量,开仓,平仓,成交类型,方向,买一价,买二价,买三价,买四价,买五价,卖一价,卖二价,卖三价,卖四价,卖五价,买一量,买二量,买三量,买四量,买五量,卖一量,卖二量,卖三量,卖四量,卖五量
SF,IH2012,2020-08-18 09:29:00.000,3358.0000,18597,0,5037000.000,5.000,-,-,-,-,3357.0000,3355.0000,3349.2000,3348.2000,3345.4000,3360.0000,3360.4000,3364.0000,3375.0000,3378.8000,1,1,2,1,1,10,4,1,1,1
SF,IH2012,2020-08-18 09:30:00.500,3356.6000,18598,1,13093080.000,8,4,4,空开,S,3349.2000,3348.2000,3345.4000,3345.2000,3345.0000,3356.6000,3357.0000,3358.0000,3359.4000,3359.6000,2,1,1,1,1,2,1,2,1,4
SF,IH2012,2020-08-18 09:30:01.000,3356.6000,18598,0,13093080.000,0,-,-,-,-,3349.4000,3349.2000,3348.2000,3345.2000,3342.2000,3351.6000,3352.4000,3353.4000,3353.6000,3354.6000,2,2,1,1,1,1,1,1,1,2
SF,IH2012,2020-08-18 09:30:01.500,3349.4000,18599,1,14097900.000,1,1,0,双开,S,3349.2000,3348.2000,3345.2000,3342.2000,3340.0000,3350.2000,3351.2000,3351.4000,3351.6000,3352.4000,2,1,1,1,1,1,3,2,2,1
SF,IH2012,2020-08-18 09:30:02.000,3350.6000,18595,-4,18118320.000,4,0,4,双平,S,3350.6000,3349.2000,3348.2000,3345.2000,3342.4000,3351.4000,3351.6000,3352.4000,3353.4000,3353.6000,1,2,1,1,1,2,2,1,1,1
SF,IH2012,2020-08-18 09:30:02.500,3351.0000,18588,-7,26161260.000,8,0,8,多平,S,3350.8000,3350.6000,3349.2000,3348.2000,3345.2000,3352.4000,3353.4000,3353.6000,3354.4000,3354.6000,1,1,2,1,1,1,1,1,1,2
SF,IH2012,2020-08-18 09:30:03.000,3351.0000,18587,-1,27166560.000,1,0,1,双平,S,3350.8000,3350.6000,3349.2000,3348.2000,3345.2000,3352.2000,3352.4000,3353.4000,3353.6000,3354.4000,1,1,2,1,1,1,2,1,1,1
SF,IH2012,2020-08-18 09:30:03.500,3350.0000,18586,-1,31187280.000,4,1,3,多平,S,3349.2000,3348.2000,3345.2000,3342.4000,3342.2000,3350.8000,3352.2000,3352.4000,3353.6000,3354.4000,2,1,1,1,1,1,1,3,1,1
SF,IH2012,2020-08-18 09:30:04.000,3350.8000,18585,-1,32192520.000,1,0,1,双平,S,3351.4000,3349.4000,3349.2000,3348.2000,3345.2000,3352.2000,3352.4000,3353.6000,3354.4000,3356.4000,1,1,2,1,1,1,3,1,1,1
SF,IH2012,2020-08-18 09:30:04.500,3352.4000,18583,-2,35209260.000,3,0,3,多平,S,3349.4000,3349.2000,3348.2000,3345.2000,3342.4000,3352.4000,3354.4000,3356.4000,3358.0000,3358.6000,1,2,1,1,1,2,1,1,2,1
SF,IH2012,2020-08-18 09:30:05.000,3352.4000,18580,-3,38226420.000,3,0,3,双平,S,3350.0000,3349.6000,3349.4000,3349.2000,3348.2000,3351.0000,3354.4000,3356.4000,3358.0000,3358.6000,1,1,1,2,1,5,1,1,2,1
SF,IH2012,2020-08-18 09:30:05.500,3351.0000,18575,-5,43252920.000,5,0,5,双平,S,3350.0000,3349.6000,3349.2000,3348.2000,3345.2000,3354.4000,3356.4000,3358.0000,3358.6000,3359.8000,2,1,2,1,1,1,1,2,1,1
SF,IH2012,2020-08-18 09:30:06.000,3351.0000,18575,0,43252920.000,0,-,-,-,-,3350.6000,3350.4000,3350.2000,3350.0000,3349.2000,3354.4000,3356.4000,3358.0000,3358.6000,3359.8000,1,1,5,3,2,1,1,2,1,1
SF,IH2012,2020-08-18 09:30:06.500,3351.0000,18575,0,43252920.000,0,-,-,-,-,3351.2000,3351.0000,3350.8000,3350.6000,3350.4000,3354.4000,3358.0000,3358.6000,3359.8000,3360.0000,1,1,2,1,1,1,2,1,1,10
SF,IH2012,2020-08-18 09:30:07.000,3351.0000,18575,0,43252920.000,0,-,-,-,-,3351.4000,3351.0000,3350.6000,3350.2000,3350.0000,3354.4000,3358.0000,3358.6000,3359.8000,3360.0000,2,1,1,1,2,1,2,1,1,10
SF,IH2012,2020-08-18 09:30:07.500,3354.2000,18572,-3,46270020.000,3,0,3,双平,S,3350.6000,3350.0000,3349.2000,3348.2000,3346.0000,3353.8000,3354.2000,3354.4000,3358.0000,3358.6000,1,1,2,1,1,1,2,2,2,1
SF,IH2012,2020-08-18 09:30:08.000,3354.2000,18572,0,46270020.000,0,-,-,-,-,3351.0000,3350.8000,3350.0000,3349.2000,3348.2000,3353.6000,3353.8000,3354.2000,3354.4000,3358.0000,2,1,1,2,1,1,1,1,2,2
SF,IH2012,2020-08-18 09:30:08.500,3354.2000,18572,0,46270020.000,0,-,-,-,-,3351.2000,3351.0000,3350.0000,3349.2000,3348.2000,3353.6000,3353.8000,3354.2000,3354.4000,3358.0000,1,2,1,2,1,1,1,1,2,2
SF,IH2012,2020-08-18 09:30:09.000,3353.8000,18571,-1,48282420.000,2,0,2,多平,S,3351.4000,3351.2000,3351.0000,3350.0000,3349.2000,3353.8000,3354.2000,3354.4000,3358.0000,3358.6000,1,1,2,1,2,1,1,2,2,1
SF,IH2012,2020-08-18 09:30:09.500,3353.8000,18571,0,48282420.000,0,-,-,-,-,3351.6000,3351.4000,3351.0000,3350.0000,3349.2000,3354.4000,3354.8000,3358.0000,3358.6000,3359.8000,1,1,2,1,2,2,1,2,1,1
SF,IH2012,2020-08-18 09:30:10.000,3353.8000,18571,0,48282420.000,0,-,-,-,-,3351.8000,3351.6000,3351.0000,3350.0000,3349.2000,3354.2000,3354.4000,3358.0000,3358.6000,3359.8000,1,1,2,1,2,1,3,2,1,1
SF,IH2012,2020-08-18 09:30:10.500,3353.8000,18571,0,48282420.000,0,-,-,-,-,3352.0000,3351.8000,3351.0000,3350.0000,3349.2000,3354.4000,3354.8000,3358.0000,3358.6000,3359.8000,1,1,2,1,2,3,1,2,1,1
SF,IH2012,2020-08-18 09:30:11.000,3353.8000,18571,0,48282420.000,0,-,-,-,-,3352.2000,3352.0000,3351.0000,3350.0000,3349.2000,3354.4000,3354.8000,3358.0000,3358.6000,3359.8000,1,1,2,1,2,3,1,2,1,1
SF,IH2012,2020-08-18 09:30:11.500,3354.4000,18569,-2,50295060.000,2,0,2,双平,S,3352.4000,3352.2000,3351.0000,3350.0000,3349.2000,3354.4000,3358.0000,3358.6000,3359.8000,3360.0000,1,1,2,1,2,1,2,1,1,10
SF,IH2012,2020-08-18 09:30:12.000,3354.4000,18568,-1,51301380.000,1,0,1,双平,S,3352.6000,3351.0000,3350.0000,3349.2000,3348.2000,3358.0000,3358.6000,3359.8000,3360.0000,3361.8000,3,2,1,2,1,2,1,1,10,1
SF,IH2012,2020-08-18 09:30:12.500,3354.4000,18568,0,51301380.000,0,-,-,-,-,3354.4000,3352.8000,3352.6000,3351.0000,3350.0000,3357.8000,3358.0000,3358.6000,3359.8000,3360.0000,3,1,2,2,1,2,3,1,1,10
SF,IH2012,2020-08-18 09:30:13.000,3354.4000,18567,-1,52307700.000,1,0,1,双平,S,3354.6000,3354.4000,3351.0000,3350.0000,3349.2000,3356.2000,3357.4000,3357.8000,3358.0000,3358.6000,1,3,2,1,2,1,1,2,3,1
SF,IH2012,2020-08-18 09:30:13.500,3354.4000,18566,-1,53314020.000,1,0,1,双平,S,3354.4000,3351.0000,3350.0000,3349.2000,3348.2000,3356.0000,3356.2000,3357.4000,3358.0000,3358.6000,3,2,1,2,1,2,1,1,3,1
SF,IH2012,2020-08-18 09:30:14.000,3354.4000,18566,0,54320340.000,1,0,1,多换,S,3354.4000,3351.0000,3350.0000,3349.2000,3348.2000,3356.0000,3356.2000,3357.4000,3358.0000,3358.6000,2,2,1,2,1,2,1,1,3,1
SF,IH2012,2020-08-18 09:30:15.000,3356.0000,18565,-1,56333940.000,2,0,2,多平,S,3354.6000,3354.4000,3351.0000,3350.0000,3349.2000,3356.2000,3357.4000,3358.0000,3358.6000,3359.8000,1,2,2,1,2,1,1,3,1,1
SF,IH2012,2020-08-18 09:30:15.500,3356.0000,18565,0,56333940.000,0,-,-,-,-,3354.8000,3354.6000,3354.4000,3351.0000,3350.0000,3356.2000,3357.4000,3358.0000,3358.6000,3359.8000,1,1,2,2,1,2,1,3,1,1
SF,IH2012,2020-08-18 09:30:16.000,3355.0000,18564,-1,57340440.000,1,0,1,双平,S,3356.0000,3355.0000,3354.8000,3354.4000,3351.0000,3356.2000,3357.4000,3358.0000,3358.6000,3359.8000,10,1,1,2,2,2,1,3,1,1
SF,IH2012,2020-08-18 09:30:16.500,3356.0000,18562,-2,63381360.000,6,2,4,多平,S,3356.0000,3354.8000,3354.4000,3351.0000,3350.0000,3357.4000,3358.0000,3358.6000,3359.8000,3360.0000,7,1,2,2,1,1,2,1,1,10
SF,IH2012,2020-08-18 09:30:17.000,3356.0000,18562,0,63381360.000,0,-,-,-,-,3356.0000,3354.8000,3354.4000,3351.0000,3350.0000,3357.2000,3357.4000,3358.0000,3358.6000,3359.8000,7,1,2,2,1,1,1,2,1,1
SF,IH2012,2020-08-18 09:30:17.500,3356.0000,18562,0,63381360.000,0,-,-,-,-,3356.2000,3356.0000,3354.4000,3351.0000,3350.0000,3356.8000,3358.0000,3358.6000,3359.8000,3360.0000,1,7,2,2,1,2,2,1,1,10
SF,IH2012,2020-08-18 09:30:18.000,3356.8000,18560,-2,67409520.000,4,1,3,多平,S,3357.4000,3356.8000,3356.2000,3356.0000,3354.4000,3358.0000,3358.6000,3359.8000,3360.0000,3361.8000,8,1,2,6,2,2,1,1,10,1
SF,IH2012,2020-08-18 09:30:18.500,3357.4000,18560,0,76474260.000,9,4,5,多换,S,3356.8000,3356.2000,3356.0000,3355.0000,3354.4000,3357.8000,3358.0000,3358.6000,3359.8000,3360.0000,1,1,6,1,2,3,2,1,1,10
SF,IH2012,2020-08-18 09:30:19.000,3356.2000,18560,0,78488160.000,2,1,1,多换,S,3356.0000,3355.0000,3354.4000,3351.0000,3350.0000,3356.2000,3357.4000,3357.6000,3357.8000,3358.0000,6,1,2,2,1,1,1,1,3,2
SF,IH2012,2020-08-18 09:30:19.500,3356.0000,18559,-1,81508620.000,3,1,2,多平,S,3356.0000,3354.4000,3351.0000,3350.0000,3349.4000,3356.2000,3358.0000,3358.6000,3359.8000,3360.0000,4,2,2,1,1,2,2,1,1,11
SF,IH2012,2020-08-18 09:30:20.000,3356.2000,18556,-3,84529200.000,3,0,3,双平,S,3356.0000,3354.4000,3351.0000,3350.0000,3349.4000,3358.0000,3358.6000,3359.8000,3360.0000,3361.8000,4,2,2,1,1,2,1,1,11,1
SF,IH2012,2020-08-18 09:30:20.500,3356.2000,18556,0,84529200.000,0,-,-,-,-,3356.0000,3354.4000,3351.0000,3350.0000,3349.4000,3356.2000,3357.4000,3357.8000,3358.0000,3358.6000,4,2,2,1,1,5,1,3,2,1
SF,IH2012,2020-08-18 09:30:21.000,3356.2000,18554,-2,90570060.000,6,2,4,多平,S,3354.4000,3351.0000,3350.0000,3349.4000,3349.2000,3356.2000,3357.4000,3357.8000,3358.0000,3358.6000,2,2,1,1,2,4,1,3,2,1
SF,IH2012,2020-08-18 09:30:21.500,3356.2000,18554,0,91576920.000,1,0,1,多换,S,3355.2000,3354.6000,3354.4000,3351.0000,3350.0000,3356.2000,3357.4000,3357.8000,3358.0000,3358.6000,1,2,2,2,1,4,1,2,2,1
SF,IH2012,2020-08-18 09:30:22.000,3355.2000,18554,0,92583480.000,1,0,1,多换,S,3354.6000,3354.4000,3351.0000,3350.0000,3349.4000,3356.2000,3357.4000,3357.8000,3358.0000,3358.6000,1,2,2,1,1,4,1,2,2,1
SF,IH2012,2020-08-18 09:30:22.500,3354.6000,18553,-1,93589860.000,1,0,1,双平,S,3354.4000,3351.0000,3350.0000,3349.4000,3349.2000,3356.0000,3356.2000,3357.4000,3357.8000,3358.0000,2,2,1,1,2,1,4,1,1,2
SF,IH2012,2020-08-18 09:30:23.000,3354.4000,18553,0,95602500.000,2,1,1,多换,S,3351.0000,3350.0000,3349.2000,3348.2000,3347.0000,3354.2000,3354.4000,3355.4000,3355.8000,3356.0000,2,1,2,1,1,1,1,1,1,1
SF,IH2012,2020-08-18 09:30:23.500,3354.4000,18553,0,95602500.000,0,-,-,-,-,3351.6000,3351.2000,3351.0000,3350.0000,3349.2000,3354.0000,3354.2000,3354.4000,3355.4000,3355.8000,1,1,2,1,2,1,1,1,1,1
SF,IH2012,2020-08-18 09:30:24.000,3354.4000,18553,0,95602500.000,0,-,-,-,-,3351.8000,3351.6000,3351.0000,3350.0000,3349.2000,3354.0000,3354.2000,3354.4000,3355.4000,3356.0000,2,1,2,1,2,1,1,1,1,1
SF,IH2012,2020-08-18 09:30:24.500,3354.0000,18552,-1,96608700.000,1,0,1,双平,S,3352.2000,3352.0000,3351.8000,3351.0000,3350.0000,3354.2000,3354.4000,3355.4000,3356.0000,3356.2000,1,1,2,2,1,1,1,1,1,5
SF,IH2012,2020-08-18 09:30:25.000,3354.0000,18552,0,96608700.000,0,-,-,-,-,3352.4000,3352.2000,3351.8000,3351.0000,3350.0000,3354.2000,3354.4000,3355.4000,3356.0000,3356.2000,4,1,1,2,1,1,1,1,1,5
SF,IH2012,2020-08-18 09:30:25.500,3354.0000,18552,0,96608700.000,0,-,-,-,-,3352.8000,3352.4000,3351.8000,3351.0000,3350.0000,3354.2000,3354.4000,3356.0000,3356.2000,3357.4000,1,4,1,2,1,1,1,1,5,1
SF,IH2012,2020-08-18 09:30:26.000,3354.0000,18552,0,96608700.000,0,-,-,-,-,3354.4000,3353.0000,3352.8000,3352.4000,3351.8000,3356.0000,3356.2000,3357.4000,3357.8000,3358.0000,1,3,1,2,1,1,5,1,1,2
SF,IH2012,2020-08-18 09:30:26.500,3355.8000,18552,0,97615440.000,1,0,1,多换,S,3354.4000,3353.0000,3352.8000,3352.4000,3351.0000,3356.0000,3356.2000,3357.4000,3357.8000,3358.0000,1,2,1,2,2,1,5,1,1,2
SF,IH2012,2020-08-18 09:30:27.000,3355.8000,18552,0,97615440.000,0,-,-,-,-,3354.6000,3354.4000,3354.2000,3353.0000,3352.8000,3355.8000,3356.0000,3356.2000,3357.4000,3357.8000,1,1,1,2,1,1,1,4,1,1
SF,IH2012,2020-08-18 09:30:27.500,3355.8000,18552,0,98622180.000,1,0,1,多换,S,3354.8000,3354.6000,3354.4000,3354.2000,3353.0000,3356.0000,3356.2000,3357.4000,3357.8000,3358.0000,1,1,1,1,1,1,4,1,1,2
SF,IH2012,2020-08-18 09:30:28.000,3354.8000,18551,-1,99628620.000,1,0,1,双平,S,3354.2000,3353.0000,3352.4000,3351.0000,3350.0000,3354.6000,3355.8000,3356.0000,3356.2000,3357.4000,1,1,1,2,1,1,2,1,4,1
SF,IH2012,2020-08-18 09:30:28.500,3354.8000,18551,0,99628620.000,0,-,-,-,-,3354.2000,3352.4000,3351.0000,3350.0000,3349.2000,3355.8000,3356.0000,3356.2000,3357.4000,3357.8000,1,1,2,1,2,2,1,4,1,1
SF,IH2012,2020-08-18 09:30:29.000,3354.2000,18550,-1,100634880.000,1,0,1,双平,S,3352.4000,3351.0000,3350.0000,3349.2000,3348.2000,3355.4000,3355.8000,3356.0000,3356.2000,3357.4000,1,2,1,2,1,1,2,1,4,1
SF,IH2012,2020-08-18 09:30:29.500,3354.2000,18550,0,100634880.000,0,-,-,-,-,3352.6000,3352.4000,3351.0000,3350.0000,3349.2000,3355.4000,3356.0000,3356.2000,3357.4000,3357.8000,2,1,2,1,2,1,1,4,1,1
SF,IH2012,2020-08-18 09:30:30.000,3356.0000,18547,-3,103654860.000,3,0,3,双平,S,3355.8000,3353.6000,3352.8000,3352.6000,3351.0000,3356.2000,3357.4000,3357.8000,3358.0000,3358.6000,1,1,2,7,2,4,1,1,2,1
SF,IH2012,2020-08-18 09:30:30.500,3355.8000,18545,-2,106675080.000,3,0,3,多平,S,3355.4000,3352.8000,3352.6000,3351.0000,3350.0000,3356.2000,3357.4000,3357.8000,3358.0000,3358.6000,1,2,1,2,1,4,1,1,2,1
SF,IH2012,2020-08-18 09:30:31.000,3356.2000,18542,-3,110702280.000,4,0,4,多平,S,3352.8000,3352.6000,3351.0000,3350.0000,3349.2000,3356.2000,3357.4000,3357.8000,3358.0000,3358.6000,2,1,2,1,2,1,1,1,2,1
SF,IH2012,2020-08-18 09:30:31.500,3356.2000,18542,0,110702280.000,0,-,-,-,-,3353.4000,3353.0000,3352.8000,3351.0000,3350.6000,3356.2000,3357.4000,3357.8000,3358.0000,3358.6000,1,3,2,2,2,2,1,1,2,1
SF,IH2012,2020-08-18 09:30:32.000,3356.2000,18542,0,110702280.000,0,-,-,-,-,3355.4000,3354.0000,3353.6000,3353.4000,3353.0000,3356.2000,3357.4000,3357.8000,3358.0000,3358.6000,1,1,2,1,2,2,1,1,2,1
SF,IH2012,2020-08-18 09:30:32.500,3356.2000,18542,0,110702280.000,0,-,-,-,-,3355.6000,3355.4000,3354.0000,3353.6000,3353.4000,3356.2000,3357.4000,3357.8000,3358.0000,3358.6000,1,1,1,2,1,2,1,1,2,1
SF,IH2012,2020-08-18 09:30:33.000,3356.2000,18542,0,110702280.000,0,-,-,-,-,3355.4000,3354.0000,3353.6000,3353.4000,3353.0000,3356.2000,3357.4000,3357.8000,3358.0000,3358.6000,1,1,2,1,1,2,1,1,2,1
SF,IH2012,2020-08-18 09:30:33.500,3355.4000,18541,-1,111708900.000,1,0,1,双平,S,3353.6000,3353.4000,3353.0000,3351.0000,3350.6000,3356.2000,3357.4000,3357.8000,3358.0000,3358.6000,2,1,1,2,2,2,1,1,2,1
SF,IH2012,2020-08-18 09:30:34.000,3355.4000,18541,0,111708900.000,0,-,-,-,-,3353.8000,3353.6000,3353.4000,3353.0000,3351.0000,3356.0000,3356.2000,3357.4000,3357.8000,3358.0000,1,2,1,1,2,1,2,1,1,2
SF,IH2012,2020-08-18 09:30:34.500,3355.8000,18540,-1,112715640.000,1,0,1,双平,S,3354.0000,3353.8000,3353.4000,3353.0000,3351.0000,3355.8000,3356.0000,3356.2000,3357.4000,3357.8000,2,1,1,1,2,1,1,2,1,1
SF,IH2012,2020-08-18 09:30:35.000,3355.6000,18538,-2,115734780.000,3,0,3,多平,S,3351.8000,3351.0000,3350.6000,3350.0000,3349.2000,3355.6000,3355.8000,3356.2000,3357.4000,3357.8000,1,2,2,1,2,3,1,2,1,1
SF,IH2012,2020-08-18 09:30:35.500,3355.6000,18538,0,115734780.000,0,-,-,-,-,3355.0000,3352.4000,3352.0000,3351.8000,3351.0000,3355.6000,3355.8000,3356.2000,3357.4000,3357.8000,1,2,1,1,2,3,1,2,1,1
SF,IH2012,2020-08-18 09:30:36.000,3355.0000,18537,-1,116741280.000,1,0,1,双平,S,3352.0000,3351.8000,3351.0000,3350.6000,3350.0000,3355.0000,3355.4000,3355.6000,3355.8000,3356.2000,1,1,2,2,1,2,1,1,1,2
SF,IH2012,2020-08-18 09:30:36.500,3355.0000,18537,0,118754280.000,2,1,1,多换,S,3352.2000,3352.0000,3351.8000,3351.0000,3350.0000,3355.0000,3355.6000,3356.2000,3357.4000,3357.8000,3,1,1,2,1,1,1,2,1,1
SF,IH2012,2020-08-18 09:30:37.000,3355.0000,18537,0,118754280.000,0,-,-,-,-,3352.4000,3352.2000,3351.8000,3350.0000,3349.2000,3355.0000,3355.6000,3356.2000,3356.8000,3357.4000,1,3,1,1,3,1,1,2,4,1
SF,IH2012,2020-08-18 09:30:37.500,3355.0000,18537,0,118754280.000,0,-,-,-,-,3352.6000,3352.4000,3352.2000,3351.8000,3350.0000,3354.8000,3355.0000,3355.6000,3356.2000,3356.8000,1,1,2,1,1,1,1,1,2,4
SF,IH2012,2020-08-18 09:30:38.000,3354.2000,18537,0,119760540.000,1,0,1,多换,S,3352.8000,3352.6000,3352.2000,3351.8000,3350.0000,3355.6000,3356.2000,3356.8000,3357.4000,3357.8000,1,1,2,1,1,1,2,4,1,1
SF,IH2012,2020-08-18 09:30:38.500,3354.2000,18537,0,119760540.000,0,-,-,-,-,3353.4000,3353.0000,3352.8000,3352.2000,3351.8000,3355.4000,3355.6000,3356.2000,3357.0000,3357.4000,1,1,1,2,1,1,1,2,1,1
SF,IH2012,2020-08-18 09:30:39.000,3355.6000,18536,-1,120767220.000,1,0,1,双平,S,3353.6000,3353.4000,3352.2000,3351.8000,3351.0000,3356.2000,3357.0000,3357.4000,3357.8000,3358.0000,3,1,2,1,1,2,1,1,1,2
SF,IH2012,2020-08-18 09:30:39.500,3355.4000,18535,-1,121773840.000,1,0,1,双平,S,3353.6000,3353.4000,3352.2000,3351.8000,3351.0000,3356.2000,3357.0000,3357.4000,3357.8000,3358.0000,2,1,2,1,1,3,1,1,1,2
SF,IH2012,2020-08-18 09:30:40.000,3356.2000,18534,-1,122780700.000,1,0,1,双平,S,3353.6000,3353.4000,3352.2000,3351.8000,3351.0000,3356.0000,3356.2000,3357.0000,3357.4000,3357.8000,2,1,2,1,1,1,2,1,1,1
SF,IH2012,2020-08-18 09:30:40.500,3356.2000,18534,0,122780700.000,0,-,-,-,-,3355.6000,3353.6000,3353.4000,3352.2000,3351.8000,3356.0000,3356.2000,3357.0000,3357.4000,3357.8000,5,2,1,2,1,1,2,1,1,1
SF,IH2012,2020-08-18 09:30:41.000,3355.6000,18534,0,127814100.000,5,2,3,多换,S,3353.6000,3353.4000,3352.2000,3351.8000,3351.0000,3355.6000,3355.8000,3356.0000,3356.2000,3357.0000,2,1,2,1,1,1,2,1,2,1
SF,IH2012,2020-08-18 09:30:41.500,3355.6000,18534,0,127814100.000,0,-,-,-,-,3353.8000,3353.6000,3353.4000,3352.2000,3351.8000,3355.4000,3355.8000,3356.2000,3357.0000,3357.4000,1,2,1,2,1,1,1,2,1,1
SF,IH2012,2020-08-18 09:30:42.000,3355.6000,18534,0,127814100.000,0,-,-,-,-,3354.0000,3353.8000,3353.6000,3353.4000,3352.2000,3355.8000,3356.2000,3357.0000,3357.4000,3357.8000,1,1,1,1,2,1,2,1,1,1
SF,IH2012,2020-08-18 09:30:42.500,3355.6000,18534,0,128820780.000,1,0,1,多换,S,3354.2000,3354.0000,3353.4000,3352.2000,3351.8000,3355.8000,3356.2000,3357.0000,3357.4000,3357.8000,2,1,1,2,1,1,2,1,1,1
SF,IH2012,2020-08-18 09:30:43.000,3356.2000,18532,-2,130834380.000,2,0,2,双平,S,3354.4000,3354.2000,3353.4000,3352.2000,3351.8000,3356.2000,3357.0000,3357.4000,3357.8000,3358.0000,1,2,1,2,1,1,1,1,1,2
SF,IH2012,2020-08-18 09:30:43.500,3356.2000,18532,0,130834380.000,0,-,-,-,-,3354.6000,3354.4000,3353.4000,3352.2000,3351.8000,3356.2000,3356.8000,3357.0000,3357.4000,3357.8000,2,1,1,2,1,2,1,1,1,1
SF,IH2012,2020-08-18 09:30:44.000,3356.2000,18532,0,130834380.000,0,-,-,-,-,3354.8000,3354.6000,3353.4000,3352.2000,3351.8000,3356.2000,3356.8000,3357.0000,3357.4000,3357.8000,1,2,1,2,1,2,1,1,1,1
SF,IH2012,2020-08-18 09:30:44.500,3356.2000,18532,0,130834380.000,0,-,-,-,-,3355.8000,3354.8000,3354.6000,3353.4000,3352.2000,3356.2000,3356.8000,3357.0000,3357.4000,3357.8000,10,1,1,1,2,2,1,1,1,1
SF,IH2012,2020-08-18 09:30:45.000,3356.2000,18532,0,141908940.000,11,5,6,多换,S,3355.8000,3354.8000,3354.6000,3353.4000,3352.2000,3356.8000,3357.0000,3357.4000,3357.8000,3358.0000,4,1,1,1,2,1,1,1,1,2
SF,IH2012,2020-08-18 09:30:45.500,3356.2000,18532,0,141908940.000,0,-,-,-,-,3356.2000,3355.8000,3354.8000,3354.6000,3353.4000,3356.6000,3356.8000,3357.0000,3357.4000,3357.8000,1,4,1,1,1,1,1,1,1,1
SF,IH2012,2020-08-18 09:30:46.000,3356.2000,18531,-1,143922780.000,2,0,2,多平,S,3355.8000,3354.8000,3354.6000,3353.4000,3352.2000,3356.8000,3357.0000,3357.4000,3357.8000,3358.0000,4,1,1,1,2,1,1,1,1,2
SF,IH2012,2020-08-18 09:30:46.500,3356.2000,18531,0,143922780.000,0,-,-,-,-,3355.8000,3354.8000,3354.6000,3353.4000,3352.2000,3356.8000,3357.0000,3357.4000,3357.8000,3358.0000,4,1,1,1,2,1,1,1,1,2
SF,IH2012,2020-08-18 09:30:47.000,3356.2000,18531,0,143922780.000,0,-,-,-,-,3355.8000,3354.8000,3354.6000,3353.4000,3352.2000,3356.6000,3356.8000,3357.0000,3357.4000,3357.8000,4,1,1,1,2,2,1,1,1,1
SF,IH2012,2020-08-18 09:30:47.500,3356.2000,18531,0,143922780.000,0,-,-,-,-,3355.8000,3354.8000,3354.6000,3353.4000,3352.2000,3356.6000,3356.8000,3357.0000,3357.4000,3357.8000,4,1,1,1,2,3,1,1,1,1
SF,IH2012,2020-08-18 09:30:48.000,3355.8000,18531,0,147949740.000,4,2,2,多换,S,3354.8000,3354.6000,3353.4000,3352.2000,3351.8000,3356.6000,3356.8000,3357.0000,3357.4000,3357.8000,1,1,1,2,1,3,1,1,1,1
SF,IH2012,2020-08-18 09:30:48.500,3356.6000,18531,0,152984520.000,5,2,3,多换,S,3355.0000,3354.8000,3353.4000,3352.2000,3351.8000,3356.8000,3357.0000,3357.4000,3357.8000,3358.0000,2,1,1,2,1,1,1,1,1,2
SF,IH2012,2020-08-18 09:30:49.000,3356.6000,18530,-1,160032240.000,7,3,4,多平,S,3355.2000,3354.8000,3353.4000,3352.2000,3351.8000,3356.8000,3357.0000,3357.4000,3357.8000,3358.0000,1,1,1,1,1,1,1,1,1,2
SF,IH2012,2020-08-18 09:30:49.500,3355.2000,18529,-1,161038800.000,1,0,1,双平,S,3353.4000,3351.8000,3351.0000,3350.0000,3349.2000,3356.8000,3357.0000,3357.4000,3357.8000,3358.0000,1,1,1,1,3,1,1,1,1,2
SF,IH2012,2020-08-18 09:30:50.000,3355.2000,18529,0,161038800.000,0,-,-,-,-,3353.6000,3353.4000,3351.8000,3351.0000,3350.0000,3356.0000,3356.6000,3356.8000,3357.0000,3357.4000,1,1,1,1,1,1,1,1,1,1
SF,IH2012,2020-08-18 09:30:50.500,3355.2000,18529,0,161038800.000,0,-,-,-,-,3353.6000,3353.4000,3351.8000,3351.0000,3350.0000,3355.8000,3356.8000,3357.0000,3357.8000,3358.0000,1,1,1,1,1,2,1,1,1,2
SF,IH2012,2020-08-18 09:30:51.000,3355.2000,18529,0,161038800.000,0,-,-,-,-,3353.6000,3353.4000,3351.8000,3351.0000,3350.0000,3355.8000,3356.8000,3357.0000,3357.2000,3357.8000,1,1,1,1,1,2,1,1,1,1
SF,IH2012,2020-08-18 09:30:51.500,3355.2000,18529,0,161038800.000,0,-,-,-,-,3353.6000,3353.4000,3351.8000,3351.0000,3350.0000,3355.0000,3355.8000,3356.8000,3357.0000,3357.2000,1,1,1,1,1,1,3,1,1,1
SF,IH2012,2020-08-18 09:30:52.000,3355.2000,18528,-1,162045360.000,1,0,1,双平,S,3353.6000,3353.4000,3351.8000,3351.0000,3350.0000,3355.8000,3356.8000,3357.0000,3357.2000,3357.8000,1,1,1,1,1,3,1,1,1,1
SF,IH2012,2020-08-18 09:30:53.000,3355.8000,18525,-3,165065580.000,3,0,3,双平,S,3353.8000,3353.6000,3353.4000,3351.8000,3351.0000,3356.8000,3357.0000,3357.2000,3357.8000,3358.0000,1,1,1,1,1,1,1,1,1,2
SF,IH2012,2020-08-18 09:30:53.500,3355.8000,18525,0,165065580.000,0,-,-,-,-,3354.0000,3353.8000,3353.4000,3351.8000,3351.0000,3356.8000,3357.0000,3357.2000,3357.8000,3358.0000,1,1,1,1,1,1,1,1,1,2
SF,IH2012,2020-08-18 09:30:54.000,3355.8000,18525,0,165065580.000,0,-,-,-,-,3355.8000,3354.2000,3354.0000,3353.4000,3351.8000,3356.2000,3356.6000,3356.8000,3357.0000,3357.8000,5,1,1,1,1,1,1,1,1,1
SF,IH2012,2020-08-18 09:30:54.500,3355.8000,18525,0,165065580.000,0,-,-,-,-,3355.8000,3354.2000,3354.0000,3353.4000,3351.8000,3356.6000,3356.8000,3357.0000,3357.8000,3358.0000,5,1,1,1,1,1,1,1,1,2
SF,IH2012,2020-08-18 09:30:55.000,3355.8000,18525,0,170099280.000,5,2,3,多换,S,3355.8000,3354.2000,3354.0000,3353.4000,3351.8000,3356.6000,3356.8000,3357.0000,3357.8000,3358.0000,1,1,1,1,1,1,1,1,1,2
SF,IH2012,2020-08-18 09:30:55.500,3355.8000,18525,0,171106020.000,1,0,1,多换,S,3354.2000,3354.0000,3353.4000,3351.8000,3351.0000,3356.6000,3356.8000,3357.0000,3357.8000,3358.0000,1,1,1,1,1,2,1,1,1,2
SF,IH2012,2020-08-18 09:30:56.000,3355.8000,18525,0,171106020.000,0,-,-,-,-,3354.4000,3354.2000,3353.4000,3351.8000,3351.0000,3356.2000,3356.6000,3356.8000,3357.0000,3357.8000,2,1,1,1,1,1,2,1,1,1
SF,IH2012,2020-08-18 09:30:56.500,3355.8000,18525,0,171106020.000,0,-,-,-,-,3354.6000,3354.4000,3353.4000,3351.8000,3351.0000,3356.0000,3356.6000,3356.8000,3357.0000,3357.8000,2,2,1,1,1,1,1,1,1,1
SF,IH2012,2020-08-18 09:30:57.000,3356.6000,18525,0,173119800.000,2,1,1,多换,S,3356.6000,3356.2000,3354.8000,3354.6000,3354.4000,3356.8000,3357.0000,3357.8000,3358.0000,3358.6000,2,1,1,2,1,1,1,1,2,1
SF,IH2012,2020-08-18 09:30:57.500,3356.8000,18524,-1,176140800.000,3,1,2,多平,S,3356.2000,3354.8000,3354.6000,3354.0000,3353.4000,3357.0000,3357.8000,3358.0000,3358.6000,3359.8000,6,1,1,3,1,1,1,2,1,1
SF,IH2012,2020-08-18 09:30:58.000,3356.8000,18522,-2,178154940.000,2,0,2,双平,S,3356.4000,3356.2000,3354.6000,3354.0000,3353.4000,3357.8000,3358.0000,3359.8000,3360.0000,3361.8000,2,6,1,3,1,1,2,1,13,1
SF,IH2012,2020-08-18 09:30:58.500,3356.8000,18522,0,178154940.000,0,-,-,-,-,3356.4000,3356.2000,3354.6000,3354.0000,3353.4000,3356.8000,3357.8000,3358.0000,3359.8000,3360.0000,2,6,1,3,1,1,1,2,1,13
SF,IH2012,2020-08-18 09:30:59.000,3356.8000,18522,0,178154940.000,0,-,-,-,-,3356.8000,3356.4000,3356.2000,3354.6000,3354.0000,3357.8000,3358.0000,3359.8000,3360.0000,3361.8000,1,1,6,1,3,1,2,1,13,1
SF,IH2012,2020-08-18 09:30:59.500,3356.8000,18522,0,178154940.000,0,-,-,-,-,3356.4000,3356.2000,3354.6000,3354.0000,3353.4000,3356.8000,3357.8000,3358.0000,3359.8000,3360.0000,1,6,1,3,1,1,2,2,1,13
SF,IH2012,2020-08-18 09:31:00.000,3356.8000,18521,-1,179161980.000,1,0,1,双平,S,3356.8000,3356.2000,3354.6000,3354.0000,3353.4000,3357.8000,3358.0000,3359.8000,3360.0000,3361.8000,7,6,1,3,1,2,2,1,13,1
SF,IH2012,2020-08-18 09:31:00.500,3356.8000,18521,0,184197180.000,5,2,3,多换,S,3356.2000,3354.6000,3354.0000,3353.4000,3351.8000,3357.8000,3358.0000,3359.8000,3360.0000,3361.8000,6,2,3,1,1,2,2,1,13,1
SF,IH2012,2020-08-18 09:31:01.000,3356.2000,18519,-2,188224740.000,4,1,3,多平,S,3356.2000,3354.6000,3354.0000,3353.4000,3351.8000,3357.6000,3357.8000,3358.0000,3359.8000,3360.0000,3,2,3,1,1,1,2,2,1,13
SF,IH2012,2020-08-18 09:31:01.500,3356.2000,18519,0,188224740.000,0,-,-,-,-,3356.2000,3354.6000,3354.0000,3353.4000,3351.8000,3357.6000,3357.8000,3358.0000,3359.8000,3360.0000,3,2,3,1,1,1,2,3,1,13
SF,IH2012,2020-08-18 09:31:02.000,3356.2000,18518,-1,189231600.000,1,0,1,双平,S,3356.8000,3356.2000,3354.6000,3354.0000,3353.4000,3357.6000,3357.8000,3358.0000,3359.8000,3360.0000,2,3,2,3,1,1,2,3,1,13
SF,IH2012,2020-08-18 09:31:02.500,3356.2000,18516,-2,192252420.000,3,0,3,多平,S,3356.2000,3354.6000,3354.0000,3353.4000,3351.8000,3356.8000,3357.6000,3357.8000,3358.0000,3359.8000,2,2,3,1,1,1,1,2,3,1
SF,IH2012,2020-08-18 09:31:03.000,3356.8000,18515,-1,195273180.000,3,1,2,多平,S,3354.6000,3354.0000,3353.4000,3351.8000,3351.0000,3357.8000,3358.0000,3359.8000,3360.0000,3361.8000,2,3,1,1,1,2,3,1,13,1
SF,IH2012,2020-08-18 09:31:03.500,3356.8000,18515,0,195273180.000,0,-,-,-,-,3354.8000,3354.6000,3354.0000,3353.4000,3351.8000,3357.8000,3358.0000,3359.8000,3360.0000,3361.8000,1,2,3,1,1,2,3,1,13,1
SF,IH2012,2020-08-18 09:31:04.000,3356.8000,18515,0,195273180.000,0,-,-,-,-,3355.0000,3354.8000,3354.6000,3354.0000,3353.4000,3357.6000,3357.8000,3358.0000,3359.8000,3360.0000,1,1,1,3,1,1,2,3,1,13
SF,IH2012,2020-08-18 09:31:04.500,3356.8000,18515,0,195273180.000,0,-,-,-,-,3355.2000,3355.0000,3354.6000,3354.0000,3353.4000,3357.6000,3357.8000,3358.0000,3359.8000,3360.0000,1,1,1,3,1,1,2,3,1,13
SF,IH2012,2020-08-18 09:31:05.000,3356.8000,18515,0,195273180.000,0,-,-,-,-,3355.4000,3355.2000,3354.6000,3354.0000,3353.4000,3357.6000,3357.8000,3358.0000,3359.8000,3360.0000,1,1,1,3,1,1,2,3,1,13
SF,IH2012,2020-08-18 09:31:05.500,3356.8000,18515,0,195273180.000,0,-,-,-,-,3355.6000,3355.4000,3354.6000,3354.0000,3353.4000,3356.8000,3357.4000,3357.6000,3357.8000,3358.0000,1,1,1,3,1,1,1,1,2,3
SF,IH2012,2020-08-18 09:31:06.000,3355.4000,18514,-1,196279800.000,1,0,1,双平,S,3354.6000,3354.0000,3353.4000,3351.8000,3351.0000,3356.6000,3357.4000,3357.6000,3357.8000,3358.0000,1,3,1,1,1,1,1,1,2,3
SF,IH2012,2020-08-18 09:31:06.500,3355.4000,18514,0,196279800.000,0,-,-,-,-,3354.8000,3354.6000,3354.0000,3353.4000,3351.8000,3356.4000,3357.4000,3357.8000,3358.0000,3359.8000,1,1,3,1,1,2,1,2,3,1
SF,IH2012,2020-08-18 09:31:07.000,3354.8000,18513,-1,197286240.000,1,0,1,双平,S,3354.6000,3354.0000,3353.4000,3351.8000,3351.0000,3356.4000,3357.4000,3357.8000,3358.0000,3359.8000,1,3,1,1,1,3,1,2,3,1
SF,IH2012,2020-08-18 09:31:07.500,3354.8000,18513,0,197286240.000,0,-,-,-,-,3354.8000,3354.6000,3354.0000,3353.4000,3351.8000,3356.4000,3357.4000,3357.8000,3358.0000,3359.8000,1,1,3,1,1,3,1,2,3,1
SF,IH2012,2020-08-18 09:31:08.000,3354.8000,18513,0,197286240.000,0,-,-,-,-,3354.8000,3354.6000,3354.0000,3353.4000,3351.8000,3356.2000,3356.4000,3357.4000,3357.8000,3358.0000,1,1,3,1,1,1,2,1,2,3
SF,IH2012,2020-08-18 09:31:08.500,3354.8000,18513,0,197286240.000,0,-,-,-,-,3354.6000,3354.0000,3353.4000,3351.8000,3351.0000,3356.0000,3356.2000,3356.4000,3357.4000,3357.8000,1,3,1,1,1,2,1,1,1,2
SF,IH2012,2020-08-18 09:31:09.000,3354.8000,18513,0,197286240.000,0,-,-,-,-,3354.8000,3354.6000,3354.0000,3353.4000,3351.8000,3356.0000,3356.2000,3356.4000,3357.4000,3357.8000,1,1,3,1,1,2,1,1,1,2
SF,IH2012,2020-08-18 09:31:09.500,3354.8000,18513,0,197286240.000,0,-,-,-,-,3354.8000,3354.6000,3354.0000,3353.4000,3351.8000,3356.0000,3356.4000,3356.8000,3357.4000,3357.8000,1,1,3,1,1,1,1,1,1,2
SF,IH2012,2020-08-18 09:31:10.000,3354.8000,18512,-1,198292680.000,1,0,1,双平,S,3355.0000,3354.8000,3354.6000,3354.0000,3353.4000,3356.4000,3356.8000,3357.4000,3357.8000,3358.0000,1,1,1,3,1,1,1,1,2,3
SF,IH2012,2020-08-18 09:31:10.500,3356.4000,18511,-1,199299600.000,1,0,1,双平,S,3355.2000,3355.0000,3354.6000,3354.0000,3353.4000,3356.8000,3357.4000,3357.8000,3358.0000,3359.8000,1,2,1,3,1,1,1,2,3,1
SF,IH2012,2020-08-18 09:31:11.000,3356.8000,18510,-1,200306640.000,1,0,1,双平,S,3355.4000,3355.2000,3355.0000,3354.6000,3354.0000,3356.0000,3357.4000,3357.8000,3358.0000,3359.8000,1,1,1,1,3,1,1,2,3,1
SF,IH2012,2020-08-18 09:31:11.500,3356.2000,18508,-2,202320360.000,2,0,2,双平,S,3356.4000,3356.0000,3355.6000,3355.4000,3355.0000,3357.4000,3357.8000,3358.0000,3359.8000,3360.0000,1,1,1,1,1,1,2,3,1,13
SF,IH2012,2020-08-18 09:31:12.000,3356.4000,18508,0,203327280.000,1,0,1,多换,S,3356.2000,3356.0000,3355.6000,3355.0000,3354.6000,3357.8000,3358.0000,3359.8000,3360.0000,3361.8000,1,1,2,1,1,2,3,1,13,1
SF,IH2012,2020-08-18 09:31:12.500,3356.0000,18506,-2,205340940.000,2,0,2,双平,S,3355.6000,3355.0000,3354.6000,3354.0000,3353.4000,3355.8000,3357.6000,3357.8000,3358.0000,3359.8000,1,1,1,3,1,1,3,2,3,1
SF,IH2012,2020-08-18 09:31:13.000,3355.6000,18505,-1,206347620.000,1,0,1,双平,S,3355.0000,3354.6000,3354.0000,3353.4000,3351.8000,3355.6000,3357.6000,3357.8000,3358.0000,3359.8000,1,1,3,1,1,1,3,2,3,1
SF,IH2012,2020-08-18 09:31:13.500,3355.0000,18504,-1,207354120.000,1,0,1,双平,S,3354.6000,3354.0000,3353.4000,3351.8000,3351.0000,3355.0000,3355.6000,3357.0000,3357.6000,3357.8000,1,3,2,1,1,1,1,1,2,2
SF,IH2012,2020-08-18 09:31:14.000,3355.0000,18503,-1,208360620.000,1,0,1,双平,S,3355.2000,3354.6000,3354.0000,3353.4000,3351.8000,3356.2000,3357.0000,3357.2000,3357.6000,3357.8000,1,1,3,2,1,1,1,1,1,2
SF,IH2012,2020-08-18 09:31:14.500,3355.0000,18503,0,208360620.000,0,-,-,-,-,3355.6000,3355.2000,3354.6000,3354.2000,3354.0000,3356.2000,3357.0000,3357.2000,3357.6000,3357.8000,1,1,1,1,3,1,1,1,1,2
SF,IH2012,2020-08-18 09:31:15.000,3356.2000,18502,-1,209367480.000,1,0,1,双平,S,3355.6000,3355.2000,3354.6000,3354.2000,3354.0000,3357.0000,3357.2000,3357.6000,3357.8000,3358.0000,1,1,1,1,3,1,1,1,2,3
SF,IH2012,2020-08-18 09:31:15.500,3357.0000,18502,0,211381680.000,2,1,1,多换,S,3355.8000,3355.6000,3355.2000,3354.6000,3354.2000,3357.2000,3357.6000,3357.8000,3358.0000,3359.8000,4,1,1,1,1,1,1,2,3,1
SF,IH2012,2020-08-18 09:31:16.000,3357.2000,18501,-1,212388840.000,1,0,1,双平,S,3355.8000,3355.6000,3355.2000,3354.6000,3354.2000,3357.6000,3357.8000,3358.0000,3359.8000,3360.0000,4,1,1,1,1,1,2,3,1,2
SF,IH2012,2020-08-18 09:31:16.500,3357.2000,18501,0,212388840.000,0,-,-,-,-,3357.6000,3357.0000,3356.0000,3355.8000,3355.6000,3357.8000,3358.0000,3359.8000,3360.0000,3361.8000,4,5,3,4,2,2,3,1,2,1
SF,IH2012,2020-08-18 09:31:17.000,3358.0000,18496,-5,221454720.000,9,2,7,多平,S,3357.0000,3356.0000,3355.8000,3355.6000,3354.2000,3358.0000,3359.8000,3360.0000,3361.8000,3362.0000,5,3,3,2,1,1,1,2,1,1
SF,IH2012,2020-08-18 09:31:17.500,3358.0000,18495,-1,222462120.000,1,0,1,双平,S,3358.0000,3357.2000,3357.0000,3356.0000,3355.8000,3359.8000,3360.0000,3361.8000,3362.0000,3364.0000,1,2,5,3,2,1,2,1,1,1
SF,IH2012,2020-08-18 09:31:18.000,3358.0000,18494,-1,223469520.000,1,0,1,双平,S,3358.0000,3357.2000,3357.0000,3355.8000,3355.6000,3359.6000,3359.8000,3360.0000,3361.8000,3362.0000,1,1,5,2,1,1,1,2,1,1
SF,IH2012,2020-08-18 09:31:18.500,3358.0000,18493,-1,224476920.000,1,0,1,双平,S,3357.8000,3357.2000,3357.0000,3356.6000,3356.0000,3359.6000,3359.8000,3360.0000,3361.8000,3362.0000,2,1,5,1,1,2,1,2,1,1
SF,IH2012,2020-08-18 09:31:19.000,3358.0000,18493,0,224476920.000,0,-,-,-,-,3358.0000,3357.8000,3357.0000,3356.6000,3356.0000,3359.8000,3360.0000,3361.8000,3362.0000,3364.0000,3,2,5,1,1,1,2,1,1,1
SF,IH2012,2020-08-18 09:31:19.500,3358.0000,18491,-2,226491720.000,2,0,2,双平,S,3358.0000,3357.8000,3357.0000,3356.6000,3356.0000,3359.8000,3360.0000,3361.8000,3362.0000,3364.0000,3,2,5,1,1,1,2,1,1,1
SF,IH2012,2020-08-18 09:31:20.000,3359.8000,18489,-2,228507600.000,2,0,2,双平,S,3358.0000,3357.8000,3357.0000,3356.6000,3356.0000,3360.0000,3361.8000,3362.0000,3364.0000,3365.0000,3,2,5,1,1,2,1,1,1,2
SF,IH2012,2020-08-18 09:31:20.500,3359.6000,18489,0,229515480.000,1,0,1,多换,S,3358.2000,3358.0000,3357.8000,3357.0000,3356.6000,3360.0000,3361.8000,3362.0000,3364.0000,3365.0000,2,3,2,5,1,2,1,1,1,2
SF,IH2012,2020-08-18 09:31:21.000,3360.0000,18489,0,230523480.000,1,0,1,多换,S,3358.4000,3358.2000,3357.8000,3357.0000,3356.6000,3360.0000,3361.8000,3362.0000,3364.0000,3365.0000,3,2,2,5,1,1,1,1,1,2
SF,IH2012,2020-08-18 09:31:21.500,3360.0000,18489,0,230523480.000,0,-,-,-,-,3359.8000,3358.4000,3358.2000,3357.8000,3357.0000,3360.0000,3361.8000,3362.0000,3364.0000,3365.0000,1,3,2,2,5,1,1,1,1,2
SF,IH2012,2020-08-18 09:31:22.000,3360.0000,18488,-1,232539420.000,2,0,2,多平,S,3358.4000,3357.8000,3357.0000,3356.0000,3355.8000,3358.6000,3359.2000,3361.8000,3362.0000,3364.0000,2,2,5,1,2,2,1,1,1,1
SF,IH2012,2020-08-18 09:31:22.500,3357.0000,18483,-5,241605720.000,9,2,7,多平,S,3357.0000,3356.0000,3355.8000,3355.6000,3354.0000,3359.2000,3361.8000,3362.0000,3364.0000,3365.0000,2,1,2,1,3,1,1,1,1,2
SF,IH2012,2020-08-18 09:31:23.000,3357.0000,18482,-1,242612820.000,1,0,1,双平,S,3357.2000,3357.0000,3356.8000,3356.0000,3355.8000,3359.0000,3359.2000,3361.8000,3362.0000,3364.0000,2,2,1,1,2,1,1,1,1,1
SF,IH2012,2020-08-18 09:31:23.500,3358.6000,18483,1,244627980.000,2,1,1,空开,S,3357.4000,3357.2000,3357.0000,3356.8000,3356.0000,3358.6000,3359.0000,3359.2000,3361.8000,3362.0000,1,2,2,1,1,1,1,1,1,1
SF,IH2012,2020-08-18 09:31:24.000,3358.6000,18483,0,244627980.000,0,-,-,-,-,3357.6000,3357.4000,3357.2000,3357.0000,3356.8000,3359.0000,3359.2000,3361.8000,3362.0000,3364.0000,1,1,1,2,1,1,1,1,1,1
SF,IH2012,2020-08-18 09:31:24.500,3358.6000,18483,0,244627980.000,0,-,-,-,-,3357.8000,3357.6000,3357.4000,3357.2000,3357.0000,3359.0000,3359.2000,3361.8000,3362.0000,3364.0000,1,1,1,1,2,1,1,1,1,1
SF,IH2012,2020-08-18 09:31:25.000,3358.0000,18482,-1,245635380.000,1,0,1,双平,S,3358.6000,3358.0000,3357.8000,3357.4000,3357.2000,3359.2000,3361.8000,3362.0000,3364.0000,3365.0000,5,1,1,1,1,1,1,1,1,2
SF,IH2012,2020-08-18 09:31:25.500,3358.6000,18482,0,250673040.000,5,2,3,多换,S,3359.0000,3358.0000,3357.4000,3357.0000,3356.8000,3359.2000,3361.8000,3362.0000,3364.0000,3365.0000,1,1,1,2,1,1,1,1,1,2
SF,IH2012,2020-08-18 09:31:26.000,3358.0000,18481,-1,252688020.000,2,0,2,多平,S,3357.4000,3357.0000,3356.8000,3356.0000,3355.8000,3359.0000,3359.2000,3361.8000,3362.0000,3364.0000,1,2,1,1,2,2,1,1,1,1
SF,IH2012,2020-08-18 09:31:26.500,3356.8000,18480,-1,256716480.000,4,1,3,多平,S,3356.0000,3355.8000,3355.6000,3354.0000,3353.4000,3356.8000,3357.0000,3358.8000,3359.0000,3359.2000,1,2,1,3,1,1,1,1,2,1
SF,IH2012,2020-08-18 09:31:27.000,3357.0000,18478,-2,258730620.000,2,0,2,双平,S,3358.0000,3356.2000,3356.0000,3355.8000,3355.6000,3358.2000,3358.4000,3358.8000,3359.0000,3361.8000,1,1,1,2,1,3,1,1,1,1
SF,IH2012,2020-08-18 09:31:27.500,3358.0000,18478,0,259738020.000,1,0,1,多换,S,3356.0000,3355.8000,3355.6000,3354.0000,3353.4000,3358.0000,3358.4000,3358.8000,3359.0000,3361.8000,1,2,1,3,1,1,1,1,1,1
SF,IH2012,2020-08-18 09:31:28.000,3359.0000,18477,-1,263768280.000,4,1,3,多平,S,3359.0000,3356.2000,3356.0000,3355.8000,3355.6000,3361.8000,3362.0000,3364.0000,3365.0000,3366.0000,2,7,1,2,1,1,1,1,2,1
SF,IH2012,2020-08-18 09:31:28.500,3359.0000,18476,-1,267799080.000,4,1,3,多平,S,3356.2000,3356.0000,3355.8000,3355.6000,3355.4000,3359.0000,3359.2000,3359.8000,3361.6000,3361.8000,5,1,2,1,1,2,3,1,4,1
SF,IH2012,2020-08-18 09:31:29.000,3359.0000,18475,-1,268806780.000,1,0,1,双平,S,3356.2000,3356.0000,3355.8000,3355.6000,3355.4000,3358.8000,3361.6000,3361.8000,3362.0000,3364.0000,5,1,2,1,1,1,2,1,1,1
SF,IH2012,2020-08-18 09:31:29.500,3358.8000,18474,-1,269814420.000,1,0,1,双平,S,3356.6000,3356.4000,3356.2000,3356.0000,3355.8000,3361.6000,3361.8000,3362.0000,3364.0000,3365.0000,1,4,5,2,2,2,1,1,1,2
SF,IH2012,2020-08-18 09:31:30.000,3361.6000,18475,1,274855080.000,5,3,2,空开,S,3357.2000,3357.0000,3356.8000,3356.6000,3356.4000,3361.6000,3361.8000,3362.0000,3364.0000,3365.0000,3,2,2,2,3,1,1,1,1,2
SF,IH2012,2020-08-18 09:31:30.500,3361.6000,18475,0,274855080.000,0,-,-,-,-,3357.8000,3357.6000,3357.4000,3357.2000,3357.0000,3359.6000,3360.0000,3361.0000,3361.6000,3361.8000,1,1,2,3,1,1,3,1,1,1
SF,IH2012,2020-08-18 09:31:31.000,3361.6000,18475,0,274855080.000,0,-,-,-,-,3358.0000,3357.8000,3357.6000,3357.2000,3357.0000,3359.6000,3360.0000,3361.0000,3361.8000,3362.0000,3,2,1,3,1,1,3,1,1,1
SF,IH2012,2020-08-18 09:31:31.500,3361.6000,18475,0,274855080.000,0,-,-,-,-,3358.0000,3357.8000,3357.6000,3357.2000,3357.0000,3360.0000,3361.8000,3362.0000,3364.0000,3365.0000,3,2,1,3,1,3,3,1,1,2
SF,IH2012,2020-08-18 09:31:32.000,3361.6000,18475,0,274855080.000,0,-,-,-,-,3358.4000,3358.2000,3358.0000,3357.6000,3357.0000,3360.0000,3361.8000,3362.0000,3364.0000,3365.0000,1,3,3,1,1,3,3,1,1,2
SF,IH2012,2020-08-18 09:31:32.500,3358.6000,18473,-2,276870300.000,2,0,2,双平,S,3358.6000,3358.2000,3358.0000,3357.0000,3356.6000,3360.0000,3361.2000,3361.8000,3362.0000,3364.0000,3,3,1,1,1,4,1,3,1,1
SF,IH2012,2020-08-18 09:31:33.000,3359.8000,18470,-3,279893400.000,3,0,3,双平,S,3358.0000,3357.0000,3356.6000,3356.0000,3355.8000,3360.0000,3361.2000,3361.8000,3362.0000,3364.0000,1,1,1,2,1,4,1,3,1,1
SF,IH2012,2020-08-18 09:31:33.500,3359.8000,18470,0,279893400.000,0,-,-,-,-,3358.0000,3356.6000,3356.0000,3355.8000,3355.6000,3359.8000,3360.0000,3361.2000,3361.8000,3362.0000,1,1,2,1,1,1,1,1,3,1
SF,IH2012,2020-08-18 09:31:34.000,3359.8000,18470,0,279893400.000,0,-,-,-,-,3358.0000,3356.6000,3356.0000,3355.8000,3355.6000,3359.8000,3360.0000,3361.2000,3361.8000,3362.0000,1,1,2,1,1,1,1,2,3,1
SF,IH2012,2020-08-18 09:31:34.500,3359.8000,18470,0,279893400.000,0,-,-,-,-,3359.6000,3358.0000,3357.8000,3356.6000,3356.0000,3359.8000,3360.0000,3361.2000,3361.8000,3362.0000,1,1,1,1,2,1,1,2,3,1
SF,IH2012,2020-08-18 09:31:35.000,3358.0000,18469,-1,281908680.000,2,0,2,多平,S,3357.8000,3356.6000,3356.0000,3355.8000,3355.6000,3359.4000,3360.0000,3361.2000,3361.8000,3362.0000,1,1,2,1,1,1,1,2,3,1
SF,IH2012,2020-08-18 09:31:35.500,3358.0000,18469,0,281908680.000,0,-,-,-,-,3358.0000,3357.8000,3356.6000,3356.0000,3355.8000,3359.6000,3360.0000,3361.2000,3361.8000,3362.0000,1,1,1,3,1,1,1,1,3,1
SF,IH2012,2020-08-18 09:31:36.000,3358.0000,18469,0,281908680.000,0,-,-,-,-,3358.2000,3358.0000,3357.8000,3356.6000,3356.0000,3359.2000,3360.0000,3361.2000,3361.8000,3362.0000,1,1,1,1,3,1,1,1,3,1
SF,IH2012,2020-08-18 09:31:36.500,3358.4000,18468,-1,283923960.000,2,0,2,多平,S,3358.4000,3358.2000,3357.8000,3356.6000,3356.0000,3360.0000,3361.2000,3361.8000,3362.0000,3364.0000,1,1,1,1,3,1,1,3,1,1
SF,IH2012,2020-08-18 09:31:37.000,3358.4000,18468,0,283923960.000,0,-,-,-,-,3359.2000,3358.6000,3358.4000,3357.8000,3356.6000,3360.0000,3361.2000,3361.8000,3362.0000,3364.0000,1,1,1,1,1,1,1,3,1,1
SF,IH2012,2020-08-18 09:31:37.500,3359.2000,18467,-1,285939720.000,2,0,2,多平,S,3358.4000,3357.8000,3356.6000,3356.0000,3355.6000,3361.2000,3361.4000,3361.8000,3362.0000,3364.0000,1,1,1,3,1,1,1,3,1,1
SF,IH2012,2020-08-18 09:31:38.000,3358.6000,18466,-1,286947300.000,1,0,1,双平,S,3358.4000,3357.8000,3356.6000,3356.0000,3355.6000,3361.0000,3361.2000,3361.8000,3362.0000,3364.0000,1,1,1,3,1,2,1,3,1,1
SF,IH2012,2020-08-18 09:31:38.500,3358.6000,18466,0,286947300.000,0,-,-,-,-,3358.4000,3357.8000,3356.6000,3356.0000,3355.6000,3360.8000,3361.0000,3361.2000,3361.8000,3362.0000,1,1,1,3,1,3,2,1,3,1
SF,IH2012,2020-08-18 09:31:39.000,3358.6000,18466,0,286947300.000,0,-,-,-,-,3358.6000,3358.4000,3357.8000,3356.6000,3356.0000,3360.6000,3360.8000,3361.2000,3361.8000,3362.0000,3,1,1,1,3,2,4,1,3,1
SF,IH2012,2020-08-18 09:31:39.500,3358.6000,18466,0,286947300.000,0,-,-,-,-,3358.8000,3358.6000,3358.4000,3357.8000,3356.6000,3360.6000,3360.8000,3361.2000,3361.8000,3362.0000,1,3,1,1,1,3,3,1,3,1
SF,IH2012,2020-08-18 09:31:40.000,3358.6000,18466,0,286947300.000,0,-,-,-,-,3359.0000,3358.8000,3358.6000,3358.4000,3357.8000,3360.6000,3360.8000,3361.2000,3361.8000,3362.0000,2,1,2,1,1,3,3,1,3,1
SF,IH2012,2020-08-18 09:31:40.500,3358.6000,18466,0,286947300.000,0,-,-,-,-,3359.2000,3359.0000,3358.6000,3358.4000,3357.8000,3360.6000,3360.8000,3361.8000,3362.0000,3364.0000,1,2,2,1,2,2,3,3,1,1
SF,IH2012,2020-08-18 09:31:41.000,3358.6000,18466,0,286947300.000,0,-,-,-,-,3359.2000,3359.0000,3358.6000,3358.4000,3357.8000,3360.6000,3360.8000,3361.8000,3362.0000,3364.0000,1,1,2,1,2,2,4,3,1,1
SF,IH2012,2020-08-18 09:31:41.500,3358.6000,18466,0,286947300.000,0,-,-,-,-,3359.2000,3359.0000,3358.6000,3358.4000,3357.8000,3360.6000,3360.8000,3361.8000,3362.0000,3364.0000,1,1,2,1,2,2,4,3,1,1
SF,IH2012,2020-08-18 09:31:42.000,3358.6000,18466,0,286947300.000,0,-,-,-,-,3359.2000,3359.0000,3358.6000,3358.4000,3357.8000,3360.0000,3360.6000,3360.8000,3361.8000,3362.0000,1,1,2,1,2,1,2,4,3,1
SF,IH2012,2020-08-18 09:31:42.500,3358.6000,18465,-1,287954880.000,1,0,1,双平,S,3359.2000,3359.0000,3358.6000,3358.4000,3357.8000,3360.6000,3360.8000,3361.0000,3361.8000,3362.0000,1,1,2,1,2,2,4,1,3,1
SF,IH2012,2020-08-18 09:31:43.000,3359.2000,18464,-1,289970400.000,2,0,2,多平,S,3359.0000,3358.6000,3358.4000,3357.8000,3356.6000,3360.4000,3360.6000,3360.8000,3361.0000,3361.8000,1,2,1,2,1,1,1,1,1,3
SF,IH2012,2020-08-18 09:31:44.000,3359.2000,18464,0,289970400.000,0,-,-,-,-,3359.0000,3358.6000,3358.4000,3357.8000,3356.6000,3360.4000,3360.6000,3360.8000,3361.0000,3361.8000,1,2,1,2,1,1,1,1,1,3
SF,IH2012,2020-08-18 09:31:44.500,3359.2000,18464,0,289970400.000,0,-,-,-,-,3359.0000,3358.8000,3358.6000,3358.4000,3357.8000,3360.4000,3360.6000,3360.8000,3361.0000,3361.8000,1,1,2,1,2,1,1,1,1,3
SF,IH2012,2020-08-18 09:31:45.000,3359.2000,18463,-1,290978160.000,1,0,1,双平,S,3359.0000,3358.8000,3358.6000,3358.4000,3357.8000,3360.4000,3360.6000,3360.8000,3361.0000,3361.8000,1,1,2,1,2,1,1,1,1,3
SF,IH2012,2020-08-18 09:31:45.500,3359.2000,18463,0,290978160.000,0,-,-,-,-,3359.2000,3359.0000,3358.8000,3358.6000,3358.4000,3360.4000,3360.6000,3360.8000,3361.0000,3361.8000,1,1,1,1,1,1,1,1,1,3
SF,IH2012,2020-08-18 09:31:46.000,3359.2000,18463,0,290978160.000,0,-,-,-,-,3359.2000,3359.0000,3358.8000,3358.6000,3358.4000,3360.4000,3360.6000,3360.8000,3361.0000,3361.8000,1,1,1,1,1,1,1,1,1,3
SF,IH2012,2020-08-18 09:31:46.500,3359.2000,18463,0,290978160.000,0,-,-,-,-,3359.2000,3359.0000,3358.8000,3358.6000,3358.4000,3360.4000,3360.6000,3360.8000,3361.0000,3361.8000,1,1,1,1,1,1,1,1,1,3
SF,IH2012,2020-08-18 09:31:47.000,3359.2000,18463,0,290978160.000,0,-,-,-,-,3359.4000,3359.2000,3358.8000,3358.4000,3357.8000,3360.4000,3360.6000,3360.8000,3361.0000,3361.8000,2,2,1,1,2,1,1,1,1,3
SF,IH2012,2020-08-18 09:31:47.500,3360.4000,18464,1,291986280.000,1,1,0,双开,S,3360.4000,3359.4000,3359.2000,3358.8000,3358.4000,3360.8000,3361.0000,3361.8000,3362.0000,3364.0000,1,2,2,1,1,1,1,3,1,1
SF,IH2012,2020-08-18 09:31:48.000,3361.0000,18462,-2,296018760.000,4,1,3,多平,S,3359.4000,3359.2000,3358.8000,3358.4000,3357.8000,3361.8000,3362.0000,3364.0000,3365.0000,3367.4000,1,3,1,1,2,3,1,1,1,4
SF,IH2012,2020-08-18 09:31:48.500,3360.0000,18461,-1,297026760.000,1,0,1,双平,S,3359.6000,3359.4000,3359.2000,3358.8000,3358.4000,3361.6000,3361.8000,3362.0000,3364.0000,3365.0000,1,2,2,1,1,1,1,1,1,1
SF,IH2012,2020-08-18 09:31:49.000,3360.0000,18461,0,297026760.000,0,-,-,-,-,3360.0000,3359.6000,3359.2000,3358.8000,3358.4000,3361.4000,3361.6000,3361.8000,3362.0000,3364.0000,1,2,2,1,1,2,1,1,1,1
SF,IH2012,2020-08-18 09:31:49.500,3360.0000,18461,0,297026760.000,0,-,-,-,-,3360.2000,3360.0000,3359.2000,3358.0000,3357.8000,3361.4000,3361.6000,3361.8000,3362.0000,3364.0000,1,2,2,1,1,1,1,1,1,1
SF,IH2012,2020-08-18 09:31:50.000,3360.0000,18461,0,297026760.000,0,-,-,-,-,3360.2000,3360.0000,3359.2000,3358.0000,3357.8000,3361.4000,3361.6000,3361.8000,3362.0000,3364.0000,5,1,2,1,1,1,1,1,1,1
SF,IH2012,2020-08-18 09:31:50.500,3360.0000,18461,0,297026760.000,0,-,-,-,-,3360.2000,3360.0000,3359.2000,3358.0000,3357.8000,3361.0000,3361.4000,3361.6000,3361.8000,3362.0000,5,1,2,1,1,1,1,1,1,1
SF,IH2012,2020-08-18 09:31:51.000,3361.0000,18460,-1,298035060.000,1,0,1,双平,S,3360.2000,3360.0000,3359.2000,3358.0000,3357.8000,3361.6000,3361.8000,3362.0000,3364.0000,3365.0000,5,1,2,1,1,1,1,1,3,1
SF,IH2012,2020-08-18 09:31:51.500,3360.2000,18459,-1,299043120.000,1,0,1,双平,S,3360.2000,3360.0000,3359.2000,3359.0000,3358.0000,3361.6000,3361.8000,3362.0000,3364.0000,3365.0000,4,6,2,1,1,1,1,1,1,1
SF,IH2012,2020-08-18 09:31:52.000,3360.2000,18459,0,299043120.000,0,-,-,-,-,3360.4000,3360.2000,3360.0000,3359.2000,3359.0000,3361.0000,3361.6000,3361.8000,3362.0000,3364.0000,2,4,6,1,1,1,1,1,1,1
SF,IH2012,2020-08-18 09:31:52.500,3360.6000,18457,-2,301059600.000,2,0,2,双平,S,3360.6000,3360.4000,3360.2000,3360.0000,3359.2000,3361.8000,3362.0000,3364.0000,3365.0000,3367.4000,1,4,3,6,1,1,1,1,1,4
SF,IH2012,2020-08-18 09:31:53.000,3360.6000,18457,0,301059600.000,0,-,-,-,-,3360.8000,3360.6000,3360.4000,3360.2000,3360.0000,3361.2000,3361.8000,3362.0000,3364.0000,3365.0000,1,2,2,3,6,3,1,1,1,1
SF,IH2012,2020-08-18 09:31:53.500,3361.8000,18457,0,306101580.000,5,2,3,多换,S,3360.8000,3360.4000,3360.2000,3360.0000,3359.2000,3362.0000,3364.0000,3365.0000,3367.4000,3368.0000,1,2,3,6,1,1,1,1,4,2
SF,IH2012,2020-08-18 09:31:54.000,3360.8000,18457,0,307109820.000,1,0,1,多换,S,3360.4000,3360.2000,3360.0000,3359.2000,3359.0000,3362.0000,3364.0000,3365.0000,3367.4000,3368.0000,2,3,6,1,2,1,1,1,4,2
SF,IH2012,2020-08-18 09:31:54.500,3360.8000,18457,0,307109820.000,0,-,-,-,-,3360.4000,3360.2000,3360.0000,3359.2000,3359.0000,3361.0000,3361.8000,3362.0000,3364.0000,3365.0000,2,3,6,1,2,1,2,1,1,1
SF,IH2012,2020-08-18 09:31:55.000,3360.4000,18449,-8,315174480.000,8,0,8,双平,S,3360.0000,3359.2000,3359.0000,3358.0000,3357.8000,3360.8000,3361.0000,3361.6000,3361.8000,3362.0000,6,1,3,1,1,1,1,3,1,1
SF,IH2012,2020-08-18 09:31:55.500,3360.0000,18449,0,318198480.000,3,1,2,多换,S,3360.0000,3359.2000,3359.0000,3358.0000,3357.8000,3360.2000,3360.6000,3361.0000,3362.0000,3364.0000,3,1,3,1,1,1,1,1,1,1
SF,IH2012,2020-08-18 09:31:56.000,3360.0000,18449,0,321222480.000,3,1,2,多换,S,3359.2000,3359.0000,3358.2000,3358.0000,3357.8000,3360.0000,3360.2000,3360.6000,3361.0000,3361.2000,1,3,1,1,1,1,1,1,1,1
SF,IH2012,2020-08-18 09:31:56.500,3360.0000,18449,0,321222480.000,0,-,-,-,-,3359.2000,3359.0000,3358.2000,3358.0000,3357.8000,3360.2000,3360.6000,3361.0000,3361.2000,3362.0000,1,3,1,1,1,1,1,1,1,1
SF,IH2012,2020-08-18 09:31:57.000,3360.6000,18449,0,322230660.000,1,0,1,多换,S,3360.2000,3359.2000,3359.0000,3358.2000,3358.0000,3361.0000,3361.2000,3362.0000,3364.0000,3365.0000,1,1,3,1,1,1,1,2,1,1
SF,IH2012,2020-08-18 09:31:57.500,3360.6000,18449,0,322230660.000,0,-,-,-,-,3360.2000,3360.0000,3359.2000,3359.0000,3358.2000,3360.6000,3360.8000,3361.0000,3361.2000,3362.0000,1,1,1,3,1,1,1,1,1,2
SF,IH2012,2020-08-18 09:31:58.000,3360.6000,18446,-3,325255200.000,3,0,3,双平,S,3360.6000,3360.2000,3360.0000,3359.2000,3359.0000,3361.0000,3361.2000,3362.0000,3364.0000,3365.0000,1,1,1,1,3,1,1,3,1,1
SF,IH2012,2020-08-18 09:31:58.500,3360.8000,18444,-2,327271740.000,2,0,2,双平,S,3360.6000,3360.2000,3360.0000,3359.2000,3359.0000,3361.2000,3361.4000,3362.0000,3364.0000,3365.0000,1,1,1,1,3,1,1,3,1,2
SF,IH2012,2020-08-18 09:31:59.000,3360.6000,18443,-1,328279920.000,1,0,1,双平,S,3360.2000,3360.0000,3359.2000,3359.0000,3358.0000,3361.2000,3361.4000,3362.0000,3362.6000,3364.0000,1,1,1,3,1,1,1,3,1,1
SF,IH2012,2020-08-18 09:31:59.500,3360.2000,18442,-1,329287980.000,1,0,1,双平,S,3360.0000,3359.2000,3359.0000,3358.4000,3358.0000,3361.2000,3361.4000,3362.0000,3362.6000,3364.0000,1,1,3,1,1,1,1,3,1,1
SF,IH2012,2020-08-18 09:32:00.000,3360.0000,18442,0,330295980.000,1,0,1,多换,S,3360.2000,3360.0000,3359.2000,3359.0000,3358.4000,3361.0000,3361.2000,3361.4000,3362.0000,3362.6000,1,1,1,2,1,2,1,1,3,1
SF,IH2012,2020-08-18 09:32:00.500,3360.0000,18442,0,330295980.000,0,-,-,-,-,3360.2000,3360.0000,3359.2000,3359.0000,3358.4000,3361.0000,3361.2000,3361.4000,3362.0000,3362.6000,3,1,1,2,1,2,1,1,3,1
SF,IH2012,2020-08-18 09:32:01.000,3361.0000,18441,-1,331304280.000,1,0,1,双平,S,3360.2000,3360.0000,3359.2000,3359.0000,3358.4000,3361.0000,3361.2000,3361.4000,3362.0000,3362.6000,3,1,1,2,1,1,1,1,3,1
SF,IH2012,2020-08-18 09:32:01.500,3361.0000,18441,0,331304280.000,0,-,-,-,-,3360.4000,3360.2000,3360.0000,3359.2000,3359.0000,3361.4000,3362.0000,3362.6000,3364.0000,3365.0000,1,3,1,1,2,1,3,1,1,2
SF,IH2012,2020-08-18 09:32:02.000,3361.4000,18440,-1,332312700.000,1,0,1,双平,S,3361.0000,3360.2000,3360.0000,3359.2000,3359.0000,3361.2000,3362.0000,3362.6000,3364.0000,3365.0000,1,3,1,1,2,1,3,1,1,2
SF,IH2012,2020-08-18 09:32:02.500,3361.0000,18440,0,333321000.000,1,0,1,多换,S,3360.2000,3360.0000,3359.2000,3359.0000,3358.0000,3361.0000,3362.0000,3362.6000,3364.0000,3365.0000,3,1,1,2,1,1,3,1,1,2
SF,IH2012,2020-08-18 09:32:03.000,3361.0000,18438,-2,337354020.000,4,1,3,多平,S,3361.4000,3360.4000,3360.2000,3360.0000,3359.2000,3362.0000,3362.6000,3364.0000,3365.0000,3368.0000,8,3,3,1,1,3,1,1,2,2
SF,IH2012,2020-08-18 09:32:03.500,3361.4000,18438,0,343404180.000,6,3,3,多换,S,3361.4000,3360.4000,3360.2000,3360.0000,3359.2000,3361.8000,3362.0000,3362.6000,3364.0000,3365.0000,2,2,3,1,1,1,3,1,1,2
SF,IH2012,2020-08-18 09:32:04.000,3361.4000,18438,0,345421020.000,2,1,1,多换,S,3360.4000,3360.2000,3360.0000,3359.2000,3359.0000,3361.0000,3361.4000,3361.6000,3361.8000,3362.0000,1,3,1,1,2,1,2,1,1,3
SF,IH2012,2020-08-18 09:32:04.500,3361.0000,18437,-1,346429320.000,1,0,1,双平,S,3360.2000,3360.0000,3359.2000,3359.0000,3358.0000,3361.0000,3361.6000,3362.0000,3362.6000,3364.0000,3,1,1,2,1,1,1,3,1,1
SF,IH2012,2020-08-18 09:32:05.000,3361.0000,18437,0,346429320.000,0,-,-,-,-,3360.2000,3359.2000,3359.0000,3358.2000,3358.0000,3361.0000,3362.0000,3362.6000,3364.0000,3365.0000,3,1,2,1,1,1,3,1,1,2
SF,IH2012,2020-08-18 09:32:05.500,3361.0000,18437,0,347437620.000,1,0,1,多换,S,3360.2000,3359.2000,3359.0000,3358.2000,3358.0000,3362.0000,3362.6000,3364.0000,3365.0000,3368.0000,4,1,2,1,1,3,1,1,2,2
SF,IH2012,2020-08-18 09:32:06.000,3361.0000,18437,0,347437620.000,0,-,-,-,-,3361.0000,3360.4000,3360.2000,3359.2000,3359.0000,3361.8000,3362.0000,3362.6000,3364.0000,3365.0000,1,1,4,1,2,2,3,1,1,2
SF,IH2012,2020-08-18 09:32:06.500,3361.0000,18436,-1,348445920.000,1,0,1,双平,S,3360.4000,3360.2000,3359.2000,3359.0000,3358.0000,3361.4000,3361.8000,3362.0000,3362.6000,3364.0000,1,4,1,2,1,2,2,3,1,1
SF,IH2012,2020-08-18 09:32:07.000,3360.2000,18435,-1,350462100.000,2,0,2,多平,S,3360.2000,3359.2000,3359.0000,3358.0000,3357.8000,3360.4000,3361.2000,3361.4000,3361.6000,3361.8000,3,1,2,1,1,1,1,2,1,1
SF,IH2012,2020-08-18 09:32:07.500,3360.4000,18434,-1,351470220.000,1,0,1,双平,S,3360.6000,3360.2000,3359.2000,3359.0000,3358.0000,3361.4000,3361.6000,3361.8000,3362.0000,3362.4000,2,3,1,2,1,2,1,1,3,1
SF,IH2012,2020-08-18 09:32:08.000,3361.4000,18432,-2,353487060.000,2,0,2,双平,S,3360.6000,3360.2000,3359.2000,3359.0000,3358.0000,3361.6000,3361.8000,3362.0000,3362.6000,3364.0000,2,3,1,2,1,1,1,3,1,1
SF,IH2012,2020-08-18 09:32:08.500,3361.6000,18431,-1,354495540.000,1,0,1,双平,S,3360.6000,3360.2000,3359.2000,3359.0000,3358.0000,3361.8000,3362.0000,3362.6000,3363.6000,3364.0000,2,3,1,2,1,1,3,1,1,1
SF,IH2012,2020-08-18 09:32:09.000,3361.8000,18431,0,355504080.000,1,0,1,多换,S,3360.8000,3360.6000,3360.2000,3359.2000,3359.0000,3362.0000,3362.6000,3363.6000,3364.0000,3365.0000,3,2,3,1,2,3,1,1,1,2
SF,IH2012,2020-08-18 09:32:09.500,3362.0000,18427,-4,359537880.000,4,0,4,双平,S,3360.8000,3360.6000,3360.2000,3359.2000,3359.0000,3362.6000,3363.6000,3364.0000,3365.0000,3368.0000,3,2,3,1,2,1,1,1,2,2
SF,IH2012,2020-08-18 09:32:10.000,3361.0000,18427,0,361554480.000,2,1,1,多换,S,3360.8000,3360.6000,3360.2000,3359.2000,3359.0000,3362.4000,3363.6000,3364.0000,3364.6000,3365.0000,3,2,3,1,2,2,1,1,1,2
SF,IH2012,2020-08-18 09:32:10.500,3361.0000,18426,-1,364580220.000,3,1,2,多平,S,3360.8000,3360.6000,3360.2000,3359.2000,3359.0000,3363.6000,3364.0000,3364.6000,3365.0000,3368.0000,3,2,2,1,2,1,1,1,2,2
SF,IH2012,2020-08-18 09:32:11.000,3361.0000,18426,0,364580220.000,0,-,-,-,-,3361.2000,3361.0000,3360.8000,3360.6000,3360.2000,3363.4000,3364.0000,3364.6000,3365.0000,3368.0000,1,3,3,2,2,1,1,1,2,2
SF,IH2012,2020-08-18 09:32:11.500,3361.0000,18426,0,364580220.000,0,-,-,-,-,3361.6000,3361.4000,3361.2000,3361.0000,3360.8000,3364.0000,3364.6000,3365.0000,3368.0000,3368.2000,1,2,1,1,2,1,1,2,2,4
SF,IH2012,2020-08-18 09:32:12.000,3361.0000,18426,0,364580220.000,0,-,-,-,-,3361.8000,3361.4000,3361.2000,3361.0000,3360.8000,3364.0000,3364.6000,3365.0000,3368.0000,3368.2000,4,1,1,1,2,1,1,2,2,4
SF,IH2012,2020-08-18 09:32:12.500,3361.0000,18426,0,364580220.000,0,-,-,-,-,3362.2000,3362.0000,3361.8000,3361.4000,3361.0000,3364.0000,3364.6000,3365.0000,3368.0000,3368.2000,1,2,3,1,1,1,1,2,2,4
SF,IH2012,2020-08-18 09:32:13.000,3364.0000,18425,-1,365589420.000,1,0,1,双平,S,3362.4000,3362.0000,3361.8000,3361.4000,3361.0000,3364.6000,3365.0000,3368.0000,3368.2000,3370.0000,1,2,1,1,1,1,2,2,4,1
SF,IH2012,2020-08-18 09:32:13.500,3364.0000,18425,0,365589420.000,0,-,-,-,-,3362.6000,3362.4000,3362.0000,3361.8000,3361.4000,3364.6000,3365.0000,3366.6000,3368.0000,3368.2000,1,1,2,1,1,1,2,1,2,4
SF,IH2012,2020-08-18 09:32:14.000,3364.0000,18425,0,365589420.000,0,-,-,-,-,3362.8000,3362.6000,3362.0000,3361.8000,3361.4000,3364.4000,3364.6000,3365.0000,3366.6000,3368.0000,1,1,2,1,1,2,1,2,1,2
SF,IH2012,2020-08-18 09:32:14.500,3362.0000,18422,-3,368615460.000,3,0,3,双平,S,3361.8000,3361.4000,3361.0000,3360.8000,3360.6000,3362.4000,3364.4000,3364.6000,3365.0000,3366.6000,1,1,1,1,2,1,2,1,2,1
SF,IH2012,2020-08-18 09:32:15.000,3362.4000,18420,-2,370632900.000,2,0,2,双平,S,3362.4000,3361.4000,3361.0000,3360.8000,3360.6000,3362.8000,3364.4000,3364.6000,3365.0000,3368.0000,2,1,1,2,2,2,1,1,2,2
SF,IH2012,2020-08-18 09:32:15.500,3362.4000,18417,-3,373659060.000,3,0,3,双平,S,3361.0000,3360.8000,3360.6000,3360.2000,3359.0000,3362.8000,3364.4000,3364.6000,3365.0000,3368.0000,1,2,2,2,2,1,1,1,2,2
SF,IH2012,2020-08-18 09:32:16.000,3362.4000,18415,-2,376685460.000,3,0,3,多平,S,3361.2000,3361.0000,3360.8000,3360.6000,3360.2000,3364.4000,3364.6000,3365.0000,3368.0000,3368.2000,3,1,1,2,2,1,1,2,2,4
SF,IH2012,2020-08-18 09:32:16.500,3361.8000,18414,-1,377694000.000,1,0,1,双平,S,3362.4000,3361.6000,3361.4000,3361.2000,3361.0000,3364.2000,3364.4000,3364.6000,3365.0000,3365.8000,4,1,1,4,1,1,1,1,2,1
SF,IH2012,2020-08-18 09:32:17.000,3362.4000,18413,-1,378702720.000,1,0,1,双平,S,3362.4000,3362.0000,3361.4000,3361.2000,3361.0000,3364.0000,3364.6000,3365.0000,3365.8000,3368.0000,4,5,1,3,1,2,1,2,1,2
SF,IH2012,2020-08-18 09:32:17.500,3362.4000,18413,0,381728880.000,3,1,2,多换,S,3362.4000,3362.0000,3361.4000,3361.2000,3361.0000,3363.8000,3364.0000,3364.6000,3365.0000,3365.8000,1,5,1,3,1,2,2,1,2,1
SF,IH2012,2020-08-18 09:32:18.000,3362.4000,18413,0,381728880.000,0,-,-,-,-,3362.4000,3362.0000,3361.4000,3361.2000,3361.0000,3363.6000,3363.8000,3364.0000,3364.6000,3365.0000,1,5,1,3,1,2,1,1,1,2
SF,IH2012,2020-08-18 09:32:18.500,3363.6000,18413,0,383747040.000,2,1,1,多换,S,3362.6000,3362.4000,3362.0000,3361.4000,3361.2000,3364.0000,3364.6000,3365.0000,3365.8000,3368.0000,1,1,5,1,2,1,1,2,1,2
SF,IH2012,2020-08-18 09:32:19.000,3363.6000,18413,0,383747040.000,0,-,-,-,-,3362.8000,3362.6000,3362.4000,3362.0000,3361.4000,3364.0000,3364.6000,3365.0000,3365.8000,3368.0000,1,1,1,5,1,1,1,2,1,2
SF,IH2012,2020-08-18 09:32:19.500,3363.6000,18413,0,383747040.000,0,-,-,-,-,3362.8000,3362.6000,3362.4000,3362.0000,3361.4000,3364.6000,3365.0000,3365.8000,3368.0000,3368.2000,2,1,1,5,2,1,2,1,2,4
SF,IH2012,2020-08-18 09:32:20.000,3363.6000,18413,0,383747040.000,0,-,-,-,-,3362.8000,3362.6000,3362.4000,3362.0000,3361.4000,3363.6000,3364.4000,3364.6000,3365.0000,3365.8000,2,1,1,5,2,1,2,1,2,1
SF,IH2012,2020-08-18 09:32:20.500,3362.8000,18412,-1,384755880.000,1,0,1,双平,S,3362.6000,3362.4000,3362.0000,3361.4000,3361.2000,3362.8000,3363.6000,3364.4000,3364.6000,3365.0000,1,1,5,2,2,2,1,2,1,2
SF,IH2012,2020-08-18 09:32:21.000,3362.4000,18409,-3,388791060.000,4,0,4,多平,S,3362.0000,3361.4000,3361.2000,3361.0000,3360.8000,3362.6000,3364.4000,3364.6000,3365.0000,3368.0000,5,2,2,1,1,1,2,1,2,2
SF,IH2012,2020-08-18 09:32:21.500,3362.6000,18408,-1,389799840.000,1,0,1,双平,S,3362.2000,3362.0000,3361.4000,3361.2000,3361.0000,3362.8000,3363.6000,3364.4000,3364.6000,3365.0000,2,5,2,1,1,1,1,2,1,2
SF,IH2012,2020-08-18 09:32:22.000,3362.8000,18407,-1,390808680.000,1,0,1,双平,S,3362.8000,3362.2000,3362.0000,3361.4000,3361.2000,3363.6000,3364.4000,3364.6000,3365.0000,3368.0000,1,2,5,2,1,1,2,1,2,2
SF,IH2012,2020-08-18 09:32:22.500,3362.8000,18407,0,391817520.000,1,0,1,多换,S,3362.2000,3362.0000,3361.4000,3361.0000,3360.8000,3363.6000,3364.4000,3364.6000,3365.0000,3368.0000,2,5,2,1,1,1,2,1,2,2
SF,IH2012,2020-08-18 09:32:23.000,3362.2000,18405,-2,393834840.000,2,0,2,双平,S,3362.0000,3361.4000,3361.0000,3360.8000,3360.6000,3362.2000,3364.4000,3364.6000,3365.0000,3368.0000,5,2,1,1,2,1,2,1,2,2
SF,IH2012,2020-08-18 09:32:23.500,3362.2000,18404,-1,394843500.000,1,0,1,双平,S,3362.8000,3362.4000,3362.2000,3362.0000,3361.4000,3364.4000,3365.0000,3368.0000,3368.2000,3370.0000,2,1,1,5,2,2,2,2,4,1
SF,IH2012,2020-08-18 09:32:24.500,3362.2000,18404,0,394843500.000,0,-,-,-,-,3362.8000,3362.4000,3362.2000,3362.0000,3361.4000,3364.4000,3365.0000,3368.0000,3370.0000,3373.8000,2,1,1,5,2,2,2,2,1,1
SF,IH2012,2020-08-18 09:32:25.000,3364.4000,18404,0,396862140.000,2,1,1,多换,S,3364.4000,3363.0000,3362.8000,3362.2000,3362.0000,3365.0000,3368.0000,3370.0000,3373.8000,3376.0000,3,1,2,1,5,2,2,1,1,1
SF,IH2012,2020-08-18 09:32:25.500,3364.4000,18404,0,399890100.000,3,1,2,多换,S,3363.0000,3362.8000,3362.2000,3362.0000,3361.4000,3364.0000,3365.0000,3368.0000,3368.6000,3370.0000,1,2,1,6,2,1,2,2,1,1
SF,IH2012,2020-08-18 09:32:26.000,3364.2000,18403,-1,400899360.000,1,0,1,双平,S,3363.2000,3363.0000,3362.8000,3362.2000,3362.0000,3365.0000,3368.0000,3368.6000,3370.0000,3373.8000,1,1,2,1,6,2,2,1,1,1
SF,IH2012,2020-08-18 09:32:26.500,3364.2000,18403,0,400899360.000,0,-,-,-,-,3363.4000,3363.2000,3362.8000,3362.2000,3362.0000,3365.0000,3368.0000,3368.6000,3370.0000,3373.8000,1,1,2,2,6,2,2,1,1,1
SF,IH2012,2020-08-18 09:32:27.000,3365.0000,18401,-2,402918360.000,2,0,2,双平,S,3365.0000,3363.6000,3363.4000,3363.2000,3362.8000,3368.0000,3368.6000,3370.0000,3373.8000,3376.0000,1,1,1,1,2,2,1,1,1,1
SF,IH2012,2020-08-18 09:32:27.500,3365.0000,18399,-2,404937360.000,2,0,2,双平,S,3364.0000,3363.6000,3363.2000,3362.8000,3362.2000,3366.2000,3367.4000,3367.6000,3367.8000,3368.0000,2,2,1,2,3,2,2,1,3,2
SF,IH2012,2020-08-18 09:32:28.000,3365.0000,18399,0,404937360.000,0,-,-,-,-,3364.4000,3364.0000,3363.6000,3363.2000,3362.8000,3366.0000,3366.2000,3367.4000,3367.8000,3368.0000,1,2,1,1,2,1,2,2,2,2
SF,IH2012,2020-08-18 09:32:28.500,3365.0000,18399,0,404937360.000,0,-,-,-,-,3364.6000,3364.4000,3364.0000,3363.6000,3363.2000,3365.8000,3366.0000,3366.2000,3367.4000,3367.8000,1,1,3,1,1,1,1,2,2,2
SF,IH2012,2020-08-18 09:32:29.000,3366.2000,18398,-1,408976620.000,4,1,3,多平,S,3366.2000,3364.6000,3364.4000,3364.0000,3363.6000,3367.4000,3367.8000,3368.0000,3368.6000,3370.0000,6,1,1,3,1,2,2,2,1,1
SF,IH2012,2020-08-18 09:32:29.500,3366.2000,18392,-6,416045640.000,7,0,7,多平,S,3366.2000,3364.4000,3364.0000,3363.6000,3362.2000,3366.8000,3367.4000,3367.8000,3368.0000,3368.6000,1,1,3,1,3,1,2,1,2,1
SF,IH2012,2020-08-18 09:32:30.000,3366.2000,18392,0,417055500.000,1,0,1,多换,S,3364.4000,3364.0000,3363.6000,3362.2000,3362.0000,3365.2000,3366.0000,3366.2000,3366.4000,3366.8000,1,3,1,3,6,1,3,3,1,1
SF,IH2012,2020-08-18 09:32:30.500,3365.2000,18391,-1,418065060.000,1,0,1,双平,S,3364.4000,3364.0000,3363.6000,3362.2000,3362.0000,3366.4000,3367.4000,3367.8000,3368.0000,3368.6000,1,3,1,3,6,1,1,1,2,1
SF,IH2012,2020-08-18 09:32:31.000,3364.6000,18390,-1,419074440.000,1,0,1,双平,S,3364.4000,3364.0000,3363.6000,3362.2000,3362.0000,3366.2000,3366.4000,3367.4000,3367.8000,3368.0000,1,3,1,3,6,2,1,1,1,2
SF,IH2012,2020-08-18 09:32:31.500,3364.4000,18390,0,420083760.000,1,0,1,多换,S,3364.6000,3364.0000,3363.6000,3362.2000,3362.0000,3365.2000,3366.0000,3366.2000,3367.0000,3367.4000,1,3,1,3,6,1,1,2,1,1
SF,IH2012,2020-08-18 09:32:32.000,3364.6000,18390,0,421093140.000,1,0,1,多换,S,3364.0000,3363.6000,3362.2000,3362.0000,3361.8000,3366.0000,3366.2000,3367.0000,3367.4000,3367.8000,3,1,3,6,2,1,2,1,1,1
SF,IH2012,2020-08-18 09:32:32.500,3364.2000,18389,-1,422102400.000,1,0,1,双平,S,3364.0000,3363.6000,3362.2000,3362.0000,3361.8000,3364.6000,3365.8000,3366.0000,3366.2000,3367.0000,3,1,3,6,2,16,1,1,1,1
SF,IH2012,2020-08-18 09:32:33.000,3364.0000,18386,-3,426139740.000,4,0,4,多平,S,3364.0000,3363.6000,3362.2000,3362.0000,3361.8000,3364.6000,3365.8000,3366.0000,3367.0000,3367.4000,2,1,3,6,2,13,1,1,1,1
SF,IH2012,2020-08-18 09:32:33.500,3364.6000,18376,-10,437242920.000,11,0,11,多平,S,3364.2000,3364.0000,3362.2000,3362.0000,3361.8000,3364.6000,3365.8000,3366.0000,3367.0000,3367.4000,4,2,2,6,2,2,1,1,1,1
SF,IH2012,2020-08-18 09:32:34.000,3364.6000,18374,-2,439261680.000,2,0,2,双平,S,3364.6000,3364.2000,3364.0000,3362.2000,3362.0000,3365.8000,3366.0000,3367.4000,3367.8000,3368.0000,2,4,2,2,6,1,1,1,1,2
SF,IH2012,2020-08-18 09:32:34.500,3364.6000,18374,0,441280560.000,2,1,1,多换,S,3364.0000,3363.8000,3362.2000,3362.0000,3361.8000,3366.0000,3367.4000,3367.8000,3368.0000,3368.4000,2,1,2,6,2,1,1,1,2,1
SF,IH2012,2020-08-18 09:32:35.000,3364.6000,18374,0,441280560.000,0,-,-,-,-,3364.2000,3364.0000,3363.8000,3362.8000,3362.2000,3365.6000,3365.8000,3366.0000,3367.4000,3367.8000,1,2,1,1,2,1,1,1,1,1
SF,IH2012,2020-08-18 09:32:35.500,3364.6000,18374,0,441280560.000,0,-,-,-,-,3364.2000,3364.0000,3363.8000,3362.8000,3362.2000,3365.6000,3365.8000,3367.4000,3367.8000,3368.0000,1,2,1,1,2,1,1,1,1,2
SF,IH2012,2020-08-18 09:32:36.000,3364.6000,18374,0,441280560.000,0,-,-,-,-,3364.2000,3364.0000,3363.8000,3362.8000,3362.2000,3365.8000,3367.4000,3367.8000,3368.0000,3368.4000,1,2,1,1,2,1,1,1,2,1
SF,IH2012,2020-08-18 09:32:36.500,3365.8000,18373,-1,442290300.000,1,0,1,双平,S,3364.2000,3364.0000,3363.8000,3362.8000,3362.2000,3367.4000,3367.8000,3368.0000,3368.4000,3368.6000,1,2,1,1,2,1,1,2,1,1
SF,IH2012,2020-08-18 09:32:37.000,3365.8000,18373,0,442290300.000,0,-,-,-,-,3364.4000,3364.0000,3363.8000,3362.8000,3362.2000,3366.8000,3367.0000,3367.4000,3367.8000,3368.0000,1,2,1,1,2,1,1,1,1,2
SF,IH2012,2020-08-18 09:32:37.500,3364.4000,18372,-1,443299620.000,1,0,1,双平,S,3364.0000,3363.8000,3362.8000,3362.2000,3362.0000,3366.6000,3366.8000,3367.2000,3367.4000,3367.8000,2,1,1,2,6,4,1,1,1,1
SF,IH2012,2020-08-18 09:32:38.000,3366.0000,18372,0,444309420.000,1,0,1,多换,S,3364.0000,3363.8000,3362.8000,3362.2000,3362.0000,3366.2000,3366.6000,3367.2000,3367.4000,3367.8000,2,1,1,2,5,1,3,1,1,1
SF,IH2012,2020-08-18 09:32:38.500,3366.0000,18372,0,444309420.000,0,-,-,-,-,3364.0000,3363.8000,3362.8000,3362.2000,3362.0000,3366.0000,3366.2000,3366.6000,3367.2000,3367.4000,2,1,1,2,5,1,1,2,1,1
SF,IH2012,2020-08-18 09:32:39.000,3364.2000,18371,-1,446328480.000,2,0,2,多平,S,3364.0000,3363.8000,3362.8000,3362.2000,3362.0000,3365.8000,3366.6000,3367.2000,3367.4000,3367.8000,2,1,1,2,5,1,2,1,1,1
SF,IH2012,2020-08-18 09:32:39.500,3364.2000,18371,0,446328480.000,0,-,-,-,-,3364.2000,3364.0000,3363.8000,3362.8000,3362.2000,3365.8000,3366.6000,3367.2000,3367.4000,3367.8000,1,2,1,1,2,1,1,1,1,1
SF,IH2012,2020-08-18 09:32:40.000,3364.0000,18371,0,449356140.000,3,1,2,多换,S,3363.8000,3362.8000,3362.2000,3362.0000,3361.8000,3364.0000,3365.2000,3365.6000,3365.8000,3366.6000,1,1,2,5,2,5,1,1,1,1
SF,IH2012,2020-08-18 09:32:40.500,3364.0000,18366,-5,454402140.000,5,0,5,双平,S,3364.0000,3363.8000,3362.8000,3362.2000,3362.0000,3365.8000,3367.2000,3367.4000,3367.8000,3368.0000,1,1,1,2,5,1,1,1,1,2
SF,IH2012,2020-08-18 09:32:41.000,3363.8000,18365,-1,455411280.000,1,0,1,双平,S,3364.0000,3362.8000,3362.2000,3362.0000,3361.8000,3365.6000,3365.8000,3367.2000,3367.4000,3367.8000,5,1,2,5,2,1,1,1,1,1
SF,IH2012,2020-08-18 09:32:41.500,3364.0000,18365,0,460457280.000,5,2,3,多换,S,3362.8000,3362.2000,3362.0000,3361.8000,3361.4000,3365.4000,3365.6000,3365.8000,3367.2000,3367.4000,1,2,5,2,2,3,1,1,1,1
SF,IH2012,2020-08-18 09:32:42.000,3364.0000,18365,0,460457280.000,0,-,-,-,-,3362.8000,3362.2000,3362.0000,3361.8000,3361.4000,3365.2000,3365.4000,3367.2000,3367.4000,3367.8000,1,2,5,2,2,1,3,1,1,1
SF,IH2012,2020-08-18 09:32:42.500,3364.0000,18365,0,460457280.000,0,-,-,-,-,3362.2000,3362.0000,3361.8000,3361.4000,3361.0000,3365.0000,3365.2000,3365.4000,3367.2000,3367.4000,2,5,2,2,1,2,1,3,1,1
SF,IH2012,2020-08-18 09:32:43.000,3364.0000,18365,0,460457280.000,0,-,-,-,-,3362.2000,3362.0000,3361.8000,3361.4000,3361.0000,3364.6000,3364.8000,3365.0000,3365.4000,3367.2000,2,5,2,2,1,3,2,1,3,1
SF,IH2012,2020-08-18 09:32:43.500,3364.0000,18366,1,461466480.000,1,1,0,双开,S,3364.0000,3362.2000,3362.0000,3361.8000,3361.4000,3364.4000,3364.6000,3365.4000,3367.2000,3367.4000,3,2,5,2,2,3,3,3,1,1
SF,IH2012,2020-08-18 09:32:44.000,3364.0000,18366,0,465503280.000,4,2,2,多换,S,3362.2000,3362.0000,3361.8000,3361.4000,3361.0000,3364.0000,3364.2000,3364.4000,3364.6000,3365.4000,2,5,3,2,1,3,1,2,3,3
SF,IH2012,2020-08-18 09:32:44.500,3364.0000,18366,0,465503280.000,0,-,-,-,-,3362.4000,3362.2000,3362.0000,3361.8000,3361.4000,3363.8000,3364.0000,3364.2000,3364.4000,3364.6000,1,2,5,3,2,1,1,1,1,3
SF,IH2012,2020-08-18 09:32:45.000,3364.0000,18366,0,465503280.000,0,-,-,-,-,3362.4000,3362.2000,3362.0000,3361.8000,3361.4000,3363.8000,3364.0000,3364.2000,3364.4000,3367.4000,1,2,5,3,2,1,1,1,1,1
SF,IH2012,2020-08-18 09:32:46.500,3364.0000,18366,0,465503280.000,0,-,-,-,-,3363.0000,3362.4000,3362.2000,3362.0000,3361.8000,3363.8000,3364.0000,3364.2000,3364.4000,3367.4000,5,1,2,5,3,1,2,1,1,1
SF,IH2012,2020-08-18 09:32:47.000,3363.0000,18365,-1,471556680.000,6,2,4,多平,S,3362.2000,3362.0000,3361.8000,3361.4000,3361.0000,3364.0000,3364.2000,3364.4000,3367.4000,3367.8000,2,5,3,2,1,1,1,1,1,1
SF,IH2012,2020-08-18 09:32:47.500,3363.0000,18365,0,471556680.000,0,-,-,-,-,3362.4000,3362.2000,3362.0000,3361.8000,3361.4000,3363.0000,3363.8000,3364.0000,3364.2000,3364.4000,1,2,5,3,2,1,1,1,1,1
SF,IH2012,2020-08-18 09:32:48.000,3363.0000,18364,-1,472565580.000,1,0,1,双平,S,3362.2000,3362.0000,3361.8000,3361.4000,3361.0000,3363.8000,3364.0000,3364.2000,3364.4000,3367.4000,2,5,3,2,1,1,1,1,1,1
SF,IH2012,2020-08-18 09:32:48.500,3363.0000,18364,0,472565580.000,0,-,-,-,-,3362.4000,3362.2000,3362.0000,3361.8000,3361.4000,3363.6000,3363.8000,3364.0000,3364.2000,3367.4000,1,2,5,3,2,2,1,2,1,1
SF,IH2012,2020-08-18 09:32:49.000,3362.4000,18364,0,473574300.000,1,0,1,多换,S,3362.2000,3362.0000,3361.8000,3361.4000,3361.0000,3363.4000,3363.6000,3363.8000,3364.0000,3364.2000,2,5,3,2,1,2,2,1,2,1
SF,IH2012,2020-08-18 09:32:49.500,3362.2000,18364,0,474582960.000,1,0,1,多换,S,3362.2000,3362.0000,3361.8000,3361.4000,3361.0000,3363.2000,3363.4000,3363.8000,3364.0000,3364.2000,1,5,3,1,1,2,2,1,2,1
SF,IH2012,2020-08-18 09:32:50.000,3362.0000,18364,0,476600220.000,2,1,1,多换,S,3362.0000,3361.8000,3361.4000,3360.8000,3360.2000,3362.2000,3363.0000,3363.2000,3363.4000,3363.8000,4,3,1,1,2,1,3,1,1,1
SF,IH2012,2020-08-18 09:32:50.500,3362.2000,18363,-1,482651940.000,6,2,4,多平,S,3361.8000,3361.4000,3360.8000,3360.2000,3359.0000,3362.0000,3363.0000,3363.4000,3363.8000,3364.0000,3,1,1,2,1,1,3,1,1,2
SF,IH2012,2020-08-18 09:32:51.000,3362.0000,18362,-1,485677620.000,3,1,2,多平,S,3362.0000,3361.8000,3361.4000,3360.8000,3360.2000,3363.0000,3363.8000,3364.0000,3364.2000,3367.4000,1,1,1,1,2,3,1,2,1,1
SF,IH2012,2020-08-18 09:32:51.500,3362.0000,18362,0,485677620.000,0,-,-,-,-,3361.8000,3361.4000,3360.8000,3360.2000,3359.0000,3362.2000,3363.0000,3363.8000,3364.0000,3364.2000,1,2,1,2,1,1,1,1,2,1
SF,IH2012,2020-08-18 09:32:52.000,3362.2000,18361,-1,486686280.000,1,0,1,双平,S,3362.2000,3361.8000,3361.4000,3360.8000,3360.6000,3362.8000,3363.0000,3363.8000,3364.0000,3364.2000,1,1,2,1,1,1,1,1,2,1
SF,IH2012,2020-08-18 09:32:52.500,3362.2000,18360,-1,487694940.000,1,0,1,双平,S,3361.8000,3361.4000,3360.8000,3360.6000,3360.2000,3362.8000,3363.0000,3363.8000,3364.0000,3364.2000,1,2,1,1,2,1,1,1,2,1
SF,IH2012,2020-08-18 09:32:53.000,3362.2000,18360,0,487694940.000,0,-,-,-,-,3362.2000,3361.8000,3361.4000,3360.8000,3360.6000,3362.8000,3363.0000,3363.8000,3364.0000,3364.2000,1,1,2,1,1,1,1,1,2,1
SF,IH2012,2020-08-18 09:32:53.500,3362.2000,18360,0,487694940.000,0,-,-,-,-,3362.2000,3361.8000,3361.4000,3360.8000,3360.6000,3363.0000,3363.8000,3364.0000,3364.2000,3367.4000,1,1,2,1,1,1,1,2,1,1
SF,IH2012,2020-08-18 09:32:54.000,3362.2000,18360,0,487694940.000,0,-,-,-,-,3362.2000,3361.8000,3361.4000,3360.8000,3360.6000,3363.8000,3364.0000,3365.0000,3367.4000,3367.8000,1,1,2,1,1,1,2,1,1,1
SF,IH2012,2020-08-18 09:32:54.500,3362.2000,18360,0,487694940.000,0,-,-,-,-,3362.4000,3362.2000,3362.0000,3361.8000,3361.4000,3363.6000,3363.8000,3364.0000,3365.0000,3367.4000,1,1,1,1,2,1,1,2,1,1
SF,IH2012,2020-08-18 09:32:55.000,3362.2000,18360,0,487694940.000,0,-,-,-,-,3362.2000,3362.0000,3361.8000,3361.4000,3360.8000,3363.6000,3363.8000,3364.0000,3365.0000,3367.4000,1,1,1,2,1,1,1,2,1,1
SF,IH2012,2020-08-18 09:32:55.500,3362.2000,18360,0,487694940.000,0,-,-,-,-,3362.2000,3362.0000,3361.8000,3361.4000,3360.8000,3363.4000,3363.6000,3363.8000,3364.0000,3365.0000,1,1,1,2,1,1,1,1,2,1
SF,IH2012,2020-08-18 09:32:57.500,3362.2000,18360,0,487694940.000,0,-,-,-,-,3362.4000,3362.2000,3362.0000,3361.8000,3361.4000,3363.4000,3363.6000,3363.8000,3364.0000,3365.0000,1,1,1,1,2,1,1,1,2,1
SF,IH2012,2020-08-18 09:32:58.000,3362.2000,18360,0,487694940.000,0,-,-,-,-,3362.4000,3362.2000,3362.0000,3361.8000,3361.4000,3363.2000,3363.4000,3363.6000,3363.8000,3364.0000,1,2,1,1,2,2,1,1,1,2
SF,IH2012,2020-08-18 09:32:58.500,3362.2000,18360,0,487694940.000,0,-,-,-,-,3362.4000,3362.2000,3362.0000,3361.8000,3361.4000,3363.2000,3363.6000,3363.8000,3364.0000,3365.0000,1,2,1,1,2,2,1,1,2,1
SF,IH2012,2020-08-18 09:32:59.000,3362.2000,18361,1,489712260.000,2,1,1,空开,S,3362.2000,3362.0000,3361.8000,3361.4000,3360.8000,3363.2000,3363.6000,3363.8000,3364.0000,3365.0000,1,1,1,2,1,1,1,1,2,1
SF,IH2012,2020-08-18 09:32:59.500,3362.0000,18361,0,491729520.000,2,1,1,多换,S,3361.8000,3361.4000,3360.8000,3360.6000,3360.2000,3363.2000,3363.6000,3363.8000,3364.0000,3365.0000,1,2,1,1,2,1,1,1,2,1
SF,IH2012,2020-08-18 09:33:00.000,3362.0000,18361,0,491729520.000,0,-,-,-,-,3362.0000,3361.8000,3361.4000,3360.8000,3360.6000,3363.2000,3363.8000,3364.0000,3365.0000,3367.4000,2,1,2,1,1,1,1,2,1,1
SF,IH2012,2020-08-18 09:33:01.500,3362.0000,18360,-1,492738120.000,1,0,1,双平,S,3361.8000,3361.4000,3360.8000,3360.6000,3360.2000,3363.2000,3363.8000,3364.0000,3365.0000,3367.4000,1,2,1,1,2,1,1,2,1,1
SF,IH2012,2020-08-18 09:33:02.000,3362.0000,18360,0,492738120.000,0,-,-,-,-,3361.8000,3361.4000,3360.8000,3360.6000,3360.2000,3363.0000,3363.2000,3363.8000,3364.0000,3365.0000,1,2,1,1,2,3,1,1,2,1
SF,IH2012,2020-08-18 09:33:02.500,3362.0000,18360,0,492738120.000,0,-,-,-,-,3361.8000,3361.4000,3360.8000,3360.6000,3360.2000,3363.0000,3363.2000,3363.8000,3364.0000,3365.0000,1,2,1,1,2,2,1,1,2,1
SF,IH2012,2020-08-18 09:33:03.500,3362.0000,18360,0,492738120.000,0,-,-,-,-,3361.8000,3361.4000,3360.8000,3360.6000,3360.2000,3362.8000,3363.0000,3363.2000,3363.8000,3364.0000,1,2,1,1,2,1,2,1,1,2
SF,IH2012,2020-08-18 09:33:04.500,3361.8000,18360,0,493746660.000,1,0,1,多换,S,3361.4000,3360.8000,3360.6000,3360.2000,3359.0000,3361.8000,3362.8000,3363.0000,3363.2000,3363.8000,1,1,1,2,1,1,1,2,1,1
SF,IH2012,2020-08-18 09:33:05.000,3361.8000,18360,0,493746660.000,0,-,-,-,-,3361.4000,3360.8000,3360.6000,3360.2000,3359.0000,3363.0000,3363.2000,3363.8000,3364.0000,3365.0000,1,1,1,2,1,2,1,1,2,1
SF,IH2012,2020-08-18 09:33:05.500,3361.4000,18360,0,494755080.000,1,0,1,多换,S,3360.8000,3360.6000,3360.2000,3359.0000,3358.0000,3361.0000,3362.8000,3363.0000,3363.8000,3364.0000,1,1,2,1,2,1,1,2,1,2
SF,IH2012,2020-08-18 09:33:06.000,3361.0000,18359,-1,497779920.000,3,1,2,多平,S,3360.2000,3359.0000,3358.0000,3357.8000,3357.6000,3363.0000,3363.8000,3364.0000,3365.0000,3367.4000,2,1,2,1,1,2,1,2,1,1
SF,IH2012,2020-08-18 09:33:06.500,3361.0000,18359,0,497779920.000,0,-,-,-,-,3360.2000,3359.0000,3358.0000,3357.8000,3357.6000,3362.6000,3362.8000,3363.0000,3364.0000,3365.0000,2,1,2,1,1,1,2,2,2,1
SF,IH2012,2020-08-18 09:33:07.000,3360.2000,18359,0,498787980.000,1,0,1,多换,S,3360.2000,3359.0000,3358.0000,3357.8000,3357.6000,3362.4000,3363.0000,3364.0000,3365.0000,3367.4000,1,1,2,1,1,3,1,2,1,1
SF,IH2012,2020-08-18 09:33:07.500,3360.2000,18359,0,498787980.000,0,-,-,-,-,3360.2000,3359.0000,3358.0000,3357.8000,3357.6000,3361.8000,3362.0000,3362.2000,3362.4000,3363.0000,1,1,2,1,1,1,1,2,2,1
SF,IH2012,2020-08-18 09:33:08.000,3360.2000,18359,0,499796040.000,1,0,1,多换,S,3359.0000,3358.0000,3357.8000,3357.6000,3356.6000,3361.6000,3361.8000,3362.2000,3362.4000,3363.0000,1,2,1,1,1,2,1,2,1,1
SF,IH2012,2020-08-18 09:33:08.500,3360.2000,18359,0,499796040.000,0,-,-,-,-,3359.4000,3359.2000,3359.0000,3358.0000,3357.8000,3361.4000,3361.6000,3361.8000,3362.2000,3363.0000,2,1,1,2,1,1,1,1,2,1
SF,IH2012,2020-08-18 09:33:09.000,3360.2000,18359,0,499796040.000,0,-,-,-,-,3359.6000,3359.4000,3359.0000,3358.0000,3357.8000,3361.2000,3361.4000,3361.8000,3362.2000,3363.0000,2,1,1,1,1,1,1,1,2,1
SF,IH2012,2020-08-18 09:33:09.500,3360.2000,18359,0,499796040.000,0,-,-,-,-,3359.6000,3359.4000,3359.0000,3358.0000,3357.8000,3361.0000,3361.4000,3362.2000,3363.0000,3364.0000,2,1,1,1,1,1,1,2,1,2
SF,IH2012,2020-08-18 09:33:10.000,3360.2000,18359,0,499796040.000,0,-,-,-,-,3359.6000,3359.4000,3359.0000,3358.0000,3357.8000,3361.4000,3362.2000,3363.0000,3364.0000,3365.0000,2,1,1,1,1,1,2,1,2,1
SF,IH2012,2020-08-18 09:33:10.500,3360.2000,18359,0,499796040.000,0,-,-,-,-,3359.6000,3359.4000,3359.0000,3358.0000,3357.8000,3360.2000,3361.2000,3361.4000,3362.2000,3363.0000,2,1,1,1,1,1,2,1,2,1
SF,IH2012,2020-08-18 09:33:11.000,3360.2000,18358,-1,500804100.000,1,0,1,双平,S,3359.4000,3359.0000,3357.8000,3357.6000,3356.6000,3361.2000,3361.4000,3362.2000,3363.0000,3364.0000,1,1,1,1,1,1,1,2,1,1
SF,IH2012,2020-08-18 09:33:11.500,3360.2000,18358,0,500804100.000,0,-,-,-,-,3359.0000,3357.8000,3357.6000,3356.6000,3355.0000,3361.0000,3361.2000,3362.2000,3363.0000,3364.0000,1,1,1,1,1,3,1,2,1,1
SF,IH2012,2020-08-18 09:33:12.000,3360.2000,18358,0,500804100.000,0,-,-,-,-,3359.2000,3359.0000,3357.8000,3357.6000,3356.6000,3360.8000,3361.0000,3362.2000,3363.0000,3364.0000,1,1,1,1,1,1,4,2,1,1
SF,IH2012,2020-08-18 09:33:12.500,3360.6000,18358,0,501812280.000,1,0,1,多换,S,3359.0000,3357.8000,3357.6000,3356.6000,3355.0000,3360.6000,3360.8000,3361.0000,3362.2000,3363.0000,1,1,1,1,1,1,1,3,2,1
SF,IH2012,2020-08-18 09:33:13.000,3360.6000,18358,0,501812280.000,0,-,-,-,-,3359.0000,3357.8000,3357.6000,3356.6000,3355.0000,3359.2000,3360.2000,3360.4000,3360.6000,3361.0000,1,1,1,1,1,1,1,1,1,3
SF,IH2012,2020-08-18 09:33:13.500,3359.0000,18358,0,503827680.000,2,1,1,多换,S,3357.8000,3357.6000,3356.6000,3355.0000,3354.2000,3359.0000,3359.2000,3360.2000,3360.4000,3360.6000,1,1,1,1,3,1,1,1,1,1
SF,IH2012,2020-08-18 09:33:14.000,3357.6000,18358,0,506849700.000,3,1,2,多换,S,3355.0000,3354.2000,3354.0000,3353.0000,3350.0000,3359.0000,3360.2000,3360.4000,3360.6000,3361.0000,1,3,3,1,4,1,1,1,1,3
SF,IH2012,2020-08-18 09:33:14.500,3357.6000,18358,0,506849700.000,0,-,-,-,-,3355.4000,3355.2000,3355.0000,3354.2000,3354.0000,3358.8000,3359.0000,3360.6000,3361.0000,3362.2000,2,1,1,3,3,2,1,1,2,2
SF,IH2012,2020-08-18 09:33:15.000,3358.8000,18357,-1,508864980.000,2,0,2,多平,S,3355.8000,3355.6000,3355.4000,3355.0000,3354.2000,3359.0000,3360.6000,3361.0000,3362.2000,3363.0000,2,1,1,1,3,1,2,2,2,1
SF,IH2012,2020-08-18 09:33:15.500,3358.8000,18357,0,509872620.000,1,0,1,多换,S,3356.2000,3356.0000,3355.8000,3355.4000,3355.0000,3359.0000,3360.6000,3361.0000,3364.0000,3365.0000,2,3,1,1,1,1,2,2,1,1
SF,IH2012,2020-08-18 09:33:16.000,3358.8000,18357,0,509872620.000,0,-,-,-,-,3356.8000,3356.4000,3356.2000,3356.0000,3355.8000,3360.4000,3361.0000,3364.0000,3365.0000,3366.2000,1,3,1,1,1,1,1,1,1,1
SF,IH2012,2020-08-18 09:33:16.500,3358.8000,18357,0,509872620.000,0,-,-,-,-,3357.4000,3357.0000,3356.8000,3356.2000,3355.0000,3360.2000,3360.4000,3361.0000,3364.0000,3365.0000,1,3,1,1,1,1,1,1,1,1
SF,IH2012,2020-08-18 09:33:17.000,3358.8000,18357,0,509872620.000,0,-,-,-,-,3357.6000,3357.4000,3357.0000,3356.8000,3356.2000,3360.2000,3360.4000,3361.0000,3364.0000,3365.0000,2,1,1,1,1,1,1,1,1,1
SF,IH2012,2020-08-18 09:33:17.500,3358.8000,18357,0,509872620.000,0,-,-,-,-,3357.8000,3357.6000,3357.4000,3357.0000,3356.8000,3360.2000,3360.4000,3361.0000,3364.0000,3365.0000,1,2,1,1,1,1,1,1,1,1
SF,IH2012,2020-08-18 09:33:18.000,3358.8000,18357,0,509872620.000,0,-,-,-,-,3358.0000,3357.8000,3357.4000,3357.0000,3356.8000,3360.0000,3360.2000,3360.4000,3361.0000,3364.0000,2,1,1,1,1,1,1,1,1,1
SF,IH2012,2020-08-18 09:33:18.500,3358.8000,18357,0,509872620.000,0,-,-,-,-,3358.0000,3357.8000,3357.4000,3357.0000,3356.8000,3359.8000,3360.2000,3360.4000,3361.0000,3364.0000,2,1,1,1,1,1,1,1,1,1
SF,IH2012,2020-08-18 09:33:19.000,3358.0000,18355,-2,511887420.000,2,0,2,双平,S,3357.8000,3357.4000,3357.0000,3356.8000,3355.0000,3359.0000,3359.6000,3360.2000,3360.4000,3361.0000,1,1,1,1,1,3,1,1,1,1
SF,IH2012,2020-08-18 09:33:19.500,3358.0000,18355,0,511887420.000,0,-,-,-,-,3357.8000,3357.4000,3357.0000,3356.8000,3355.0000,3359.6000,3360.2000,3360.4000,3361.0000,3364.0000,1,1,1,1,1,1,1,1,1,1
SF,IH2012,2020-08-18 09:33:20.000,3358.0000,18355,0,511887420.000,0,-,-,-,-,3357.8000,3357.4000,3357.0000,3356.8000,3355.0000,3359.4000,3359.6000,3360.4000,3361.0000,3364.0000,1,1,1,1,1,2,1,1,1,1
SF,IH2012,2020-08-18 09:33:20.500,3357.8000,18354,-1,512894760.000,1,0,1,双平,S,3357.0000,3356.8000,3355.0000,3354.2000,3354.0000,3359.4000,3359.6000,3360.4000,3361.0000,3364.0000,1,1,1,3,3,2,1,1,1,1
SF,IH2012,2020-08-18 09:33:21.000,3357.8000,18354,0,512894760.000,0,-,-,-,-,3357.0000,3356.8000,3355.0000,3354.2000,3354.0000,3357.4000,3359.0000,3359.2000,3359.4000,3360.4000,1,1,1,3,3,1,1,2,2,1
SF,IH2012,2020-08-18 09:33:21.500,3357.4000,18353,-1,513901980.000,1,0,1,双平,S,3357.4000,3354.2000,3354.0000,3353.0000,3352.4000,3358.8000,3359.2000,3359.4000,3360.4000,3361.0000,1,3,3,1,1,3,2,2,1,1
SF,IH2012,2020-08-18 09:33:22.000,3357.4000,18353,0,513901980.000,0,-,-,-,-,3357.4000,3354.2000,3354.0000,3353.0000,3352.4000,3358.2000,3358.6000,3358.8000,3359.2000,3359.4000,1,3,3,1,1,1,1,3,2,1
SF,IH2012,2020-08-18 09:33:22.500,3357.4000,18353,0,513901980.000,0,-,-,-,-,3357.4000,3354.2000,3354.0000,3353.0000,3352.4000,3358.2000,3358.6000,3358.8000,3359.2000,3359.4000,1,3,3,1,1,1,1,3,2,1
SF,IH2012,2020-08-18 09:33:23.000,3357.4000,18353,0,513901980.000,0,-,-,-,-,3357.4000,3354.2000,3354.0000,3353.0000,3352.4000,3358.2000,3358.6000,3358.8000,3359.2000,3359.4000,1,3,3,1,1,1,1,3,1,1
SF,IH2012,2020-08-18 09:33:24.000,3358.2000,18354,1,514909440.000,1,1,0,双开,S,3358.2000,3357.4000,3354.2000,3354.0000,3353.0000,3358.6000,3358.8000,3359.2000,3359.4000,3360.4000,2,1,3,3,1,1,3,1,1,1
SF,IH2012,2020-08-18 09:33:24.500,3358.6000,18353,-1,515917020.000,1,0,1,双平,S,3358.2000,3357.4000,3354.2000,3354.0000,3353.0000,3359.2000,3359.4000,3360.4000,3361.0000,3364.0000,2,1,3,3,1,1,1,1,1,1
SF,IH2012,2020-08-18 09:33:25.000,3358.6000,18353,0,515917020.000,0,-,-,-,-,3358.2000,3357.4000,3354.2000,3354.0000,3353.0000,3359.0000,3359.2000,3359.4000,3360.4000,3361.0000,2,1,3,3,1,1,1,1,1,1
SF,IH2012,2020-08-18 09:33:25.500,3359.0000,18352,-1,516924720.000,1,0,1,双平,S,3358.2000,3357.4000,3354.2000,3354.0000,3353.0000,3359.2000,3359.4000,3360.4000,3361.0000,3364.0000,2,1,3,3,1,1,1,1,1,1
SF,IH2012,2020-08-18 09:33:26.000,3359.0000,18352,0,516924720.000,0,-,-,-,-,3358.2000,3357.4000,3354.2000,3354.0000,3353.0000,3359.0000,3359.2000,3359.4000,3360.4000,3361.0000,2,1,3,3,1,1,1,1,1,1
SF,IH2012,2020-08-18 09:33:26.500,3357.4000,18352,0,519946860.000,3,1,2,多换,S,3354.2000,3354.0000,3353.0000,3352.4000,3350.0000,3358.2000,3358.8000,3359.0000,3359.2000,3359.4000,3,3,1,1,4,2,1,1,1,1
SF,IH2012,2020-08-18 09:33:27.000,3357.4000,18352,0,519946860.000,0,-,-,-,-,3354.6000,3354.4000,3354.2000,3354.0000,3353.0000,3358.0000,3358.2000,3359.0000,3359.2000,3359.4000,2,1,3,3,1,1,1,1,1,1
SF,IH2012,2020-08-18 09:33:27.500,3357.4000,18352,0,519946860.000,0,-,-,-,-,3355.0000,3354.8000,3354.6000,3354.2000,3354.0000,3357.8000,3358.0000,3358.2000,3359.0000,3359.2000,1,1,2,3,3,1,1,1,1,1
SF,IH2012,2020-08-18 09:33:28.000,3357.4000,18352,0,519946860.000,0,-,-,-,-,3355.4000,3355.2000,3355.0000,3354.2000,3354.0000,3357.6000,3357.8000,3358.2000,3359.0000,3359.2000,1,2,1,3,3,1,1,1,1,1
SF,IH2012,2020-08-18 09:33:28.500,3355.8000,18351,-1,520953600.000,1,0,1,双平,S,3355.6000,3355.4000,3355.2000,3355.0000,3354.2000,3357.6000,3357.8000,3358.2000,3359.0000,3359.2000,1,1,1,1,3,1,1,1,1,1
SF,IH2012,2020-08-18 09:33:30.000,3355.8000,18351,0,520953600.000,0,-,-,-,-,3355.6000,3355.4000,3355.2000,3355.0000,3354.2000,3357.6000,3357.8000,3358.2000,3359.0000,3359.2000,1,1,1,1,3,1,1,1,1,1
SF,IH2012,2020-08-18 09:33:30.500,3357.4000,18350,-1,521960820.000,1,0,1,双平,S,3355.6000,3355.4000,3355.2000,3355.0000,3354.2000,3357.6000,3358.2000,3359.0000,3359.2000,3361.0000,1,1,1,1,3,1,1,1,1,1
SF,IH2012,2020-08-18 09:33:31.000,3357.4000,18350,0,521960820.000,0,-,-,-,-,3355.6000,3355.4000,3355.2000,3355.0000,3354.2000,3357.4000,3357.6000,3358.2000,3359.0000,3359.2000,1,1,1,1,3,1,1,1,1,1
SF,IH2012,2020-08-18 09:33:31.500,3357.4000,18350,0,521960820.000,0,-,-,-,-,3355.4000,3355.2000,3355.0000,3354.2000,3354.0000,3357.2000,3357.4000,3358.2000,3359.0000,3359.2000,1,1,1,3,3,1,1,1,1,1
SF,IH2012,2020-08-18 09:33:32.000,3357.4000,18350,0,521960820.000,0,-,-,-,-,3355.4000,3355.2000,3355.0000,3354.2000,3354.0000,3357.0000,3357.2000,3358.2000,3359.0000,3359.2000,1,1,1,3,3,1,1,1,1,1
SF,IH2012,2020-08-18 09:33:32.500,3357.0000,18349,-1,522967920.000,1,0,1,双平,S,3355.6000,3355.4000,3355.2000,3355.0000,3354.2000,3357.2000,3358.2000,3359.0000,3359.2000,3361.0000,1,1,1,1,3,1,1,1,1,1
SF,IH2012,2020-08-18 09:33:34.000,3357.0000,18349,0,522967920.000,0,-,-,-,-,3355.6000,3355.4000,3355.2000,3355.0000,3354.2000,3357.2000,3358.2000,3359.0000,3359.2000,3364.0000,1,1,1,1,3,1,1,1,1,1
SF,IH2012,2020-08-18 09:33:34.500,3355.6000,18348,-1,523974600.000,1,0,1,双平,S,3355.4000,3355.2000,3355.0000,3354.2000,3354.0000,3357.4000,3358.2000,3359.0000,3359.2000,3364.0000,1,1,1,3,3,1,1,1,1,1
SF,IH2012,2020-08-18 09:33:35.000,3355.6000,18348,0,523974600.000,0,-,-,-,-,3355.6000,3355.4000,3355.2000,3355.0000,3354.2000,3357.2000,3357.4000,3358.2000,3359.0000,3359.2000,2,1,1,1,3,1,1,1,1,1
SF,IH2012,2020-08-18 09:33:35.500,3355.6000,18348,0,523974600.000,0,-,-,-,-,3355.6000,3355.4000,3355.2000,3355.0000,3354.2000,3356.4000,3357.2000,3357.4000,3358.2000,3359.0000,2,1,1,1,3,1,1,1,1,1
SF,IH2012,2020-08-18 09:33:36.000,3356.4000,18347,-1,524981520.000,1,0,1,双平,S,3356.4000,3355.6000,3355.4000,3355.2000,3355.0000,3357.4000,3358.2000,3359.0000,3359.2000,3364.0000,2,1,1,1,1,1,1,1,1,1
SF,IH2012,2020-08-18 09:33:37.000,3357.4000,18346,-1,525988740.000,1,0,1,双平,S,3356.4000,3355.6000,3355.4000,3355.2000,3355.0000,3358.2000,3359.0000,3359.2000,3364.0000,3365.0000,2,1,1,1,1,1,1,1,1,2
SF,IH2012,2020-08-18 09:33:37.500,3357.4000,18346,0,525988740.000,0,-,-,-,-,3356.6000,3356.4000,3355.6000,3355.4000,3355.2000,3358.0000,3358.2000,3359.0000,3359.2000,3364.0000,1,2,1,1,1,1,1,1,1,1
SF,IH2012,2020-08-18 09:33:38.000,3356.4000,18345,-1,529009560.000,3,1,2,多平,S,3356.8000,3355.6000,3355.4000,3355.0000,3354.2000,3358.0000,3358.2000,3359.0000,3359.2000,3364.0000,1,1,1,1,3,1,1,1,1,1
SF,IH2012,2020-08-18 09:33:38.500,3356.6000,18344,-1,530016540.000,1,0,1,双平,S,3355.6000,3355.4000,3355.0000,3354.2000,3354.0000,3356.6000,3356.8000,3357.2000,3358.0000,3358.2000,1,1,1,3,3,1,1,1,1,1
SF,IH2012,2020-08-18 09:33:39.000,3356.8000,18342,-2,532030560.000,2,0,2,双平,S,3355.6000,3355.4000,3355.0000,3354.8000,3354.2000,3358.0000,3358.2000,3359.0000,3359.2000,3364.0000,1,1,1,1,3,1,1,1,1,1
SF,IH2012,2020-08-18 09:33:39.500,3356.8000,18342,0,532030560.000,0,-,-,-,-,3355.8000,3355.6000,3355.4000,3355.0000,3354.8000,3357.8000,3358.2000,3359.0000,3359.2000,3364.0000,1,1,1,1,1,2,2,1,1,1
SF,IH2012,2020-08-18 09:33:40.000,3356.8000,18342,0,532030560.000,0,-,-,-,-,3356.0000,3355.8000,3355.4000,3355.0000,3354.8000,3357.8000,3358.2000,3359.0000,3359.2000,3364.0000,1,1,1,1,1,1,2,1,1,1
SF,IH2012,2020-08-18 09:33:40.500,3356.8000,18342,0,532030560.000,0,-,-,-,-,3356.0000,3355.4000,3355.0000,3354.8000,3354.2000,3357.6000,3357.8000,3358.2000,3359.0000,3359.2000,1,1,1,1,3,1,1,2,1,1
SF,IH2012,2020-08-18 09:33:41.000,3356.8000,18342,0,532030560.000,0,-,-,-,-,3356.0000,3355.4000,3355.0000,3354.8000,3354.2000,3357.8000,3358.2000,3359.0000,3359.2000,3364.0000,1,1,1,1,3,1,2,1,1,1
SF,IH2012,2020-08-18 09:33:41.500,3356.0000,18341,-1,533037360.000,1,0,1,双平,S,3355.4000,3355.0000,3354.8000,3354.2000,3354.0000,3357.6000,3357.8000,3358.2000,3359.0000,3364.0000,1,1,1,3,3,1,1,2,1,1
SF,IH2012,2020-08-18 09:33:42.000,3356.0000,18341,0,533037360.000,0,-,-,-,-,3355.6000,3355.4000,3355.0000,3354.8000,3354.2000,3357.4000,3357.6000,3358.2000,3359.0000,3364.0000,1,1,1,1,3,1,1,2,1,1
SF,IH2012,2020-08-18 09:33:43.500,3357.6000,18339,-2,535051860.000,2,0,2,双平,S,3355.8000,3355.6000,3355.4000,3355.0000,3354.8000,3358.2000,3359.0000,3364.0000,3365.0000,3367.4000,1,1,1,1,1,2,1,1,2,1
SF,IH2012,2020-08-18 09:33:44.000,3357.6000,18339,0,535051860.000,0,-,-,-,-,3356.0000,3355.8000,3355.4000,3355.0000,3354.8000,3358.0000,3358.2000,3359.0000,3364.0000,3365.0000,2,1,1,1,1,1,2,1,1,2
SF,IH2012,2020-08-18 09:33:44.500,3357.6000,18339,0,535051860.000,0,-,-,-,-,3356.2000,3356.0000,3355.4000,3355.0000,3354.8000,3358.2000,3359.0000,3364.0000,3365.0000,3367.4000,1,2,1,1,1,3,1,1,2,1
SF,IH2012,2020-08-18 09:33:45.000,3357.6000,18339,0,535051860.000,0,-,-,-,-,3356.4000,3356.2000,3356.0000,3355.4000,3355.0000,3358.0000,3358.2000,3359.0000,3364.0000,3365.0000,3,1,1,1,1,1,3,1,1,2
SF,IH2012,2020-08-18 09:33:45.500,3358.2000,18336,-3,538074240.000,3,0,3,双平,S,3356.4000,3356.2000,3356.0000,3355.4000,3355.0000,3359.0000,3364.0000,3365.0000,3367.4000,3367.8000,3,1,1,1,1,1,1,2,1,1
SF,IH2012,2020-08-18 09:33:46.000,3359.0000,18335,-1,539081940.000,1,0,1,双平,S,3357.4000,3357.0000,3356.8000,3356.6000,3356.4000,3364.0000,3365.0000,3367.4000,3367.8000,3368.0000,1,1,1,2,3,1,2,1,1,3
SF,IH2012,2020-08-18 09:33:46.500,3359.0000,18335,0,539081940.000,0,-,-,-,-,3357.8000,3357.6000,3357.4000,3357.0000,3356.6000,3359.8000,3360.8000,3362.2000,3363.4000,3363.6000,1,3,1,1,1,1,1,1,3,2
SF,IH2012,2020-08-18 09:33:47.000,3359.0000,18335,0,539081940.000,0,-,-,-,-,3358.0000,3357.6000,3357.4000,3357.0000,3356.6000,3359.8000,3362.2000,3363.4000,3363.6000,3363.8000,2,1,1,1,1,1,1,3,3,4
SF,IH2012,2020-08-18 09:33:47.500,3359.0000,18335,0,539081940.000,0,-,-,-,-,3358.0000,3357.6000,3357.4000,3357.0000,3356.6000,3359.6000,3359.8000,3362.2000,3363.4000,3363.6000,1,1,1,1,1,3,1,1,1,3
SF,IH2012,2020-08-18 09:33:48.000,3358.0000,18334,-1,540089340.000,1,0,1,双平,S,3357.4000,3357.0000,3354.8000,3354.2000,3354.0000,3359.6000,3359.8000,3362.2000,3363.4000,3363.6000,1,1,1,3,3,3,1,1,1,3
SF,IH2012,2020-08-18 09:33:48.500,3358.0000,18334,0,540089340.000,0,-,-,-,-,3357.4000,3357.0000,3354.8000,3354.2000,3354.0000,3359.2000,3359.4000,3359.6000,3359.8000,3362.2000,1,1,1,3,3,1,1,4,1,1
SF,IH2012,2020-08-18 09:33:49.000,3357.4000,18333,-1,541096560.000,1,0,1,双平,S,3357.0000,3354.8000,3354.2000,3354.0000,3353.0000,3358.6000,3359.0000,3359.6000,3362.2000,3363.4000,1,1,3,3,1,2,2,1,1,1
SF,IH2012,2020-08-18 09:33:49.500,3357.4000,18333,0,541096560.000,0,-,-,-,-,3357.0000,3355.0000,3354.8000,3354.2000,3354.0000,3358.4000,3358.6000,3359.0000,3359.6000,3363.4000,1,1,1,3,3,1,2,1,1,1
SF,IH2012,2020-08-18 09:33:50.000,3357.0000,18334,1,542103660.000,1,1,0,双开,S,3355.0000,3354.8000,3354.2000,3354.0000,3353.0000,3358.4000,3358.6000,3359.0000,3359.6000,3363.4000,1,1,3,3,1,1,2,1,1,1
SF,IH2012,2020-08-18 09:33:50.500,3357.0000,18334,0,542103660.000,0,-,-,-,-,3355.4000,3355.2000,3355.0000,3354.8000,3354.2000,3358.2000,3358.6000,3359.6000,3363.4000,3363.6000,2,2,1,1,3,1,2,1,1,1
SF,IH2012,2020-08-18 09:33:51.000,3357.0000,18334,0,542103660.000,0,-,-,-,-,3355.6000,3355.4000,3355.2000,3355.0000,3354.8000,3358.2000,3359.6000,3363.4000,3363.6000,3363.8000,2,1,1,1,1,1,1,1,1,3
SF,IH2012,2020-08-18 09:33:51.500,3357.8000,18335,1,543111000.000,1,1,0,双开,S,3355.6000,3355.4000,3355.2000,3355.0000,3354.8000,3358.0000,3358.2000,3359.6000,3363.4000,3363.6000,2,1,1,1,1,1,1,1,1,1
SF,IH2012,2020-08-18 09:33:52.000,3357.8000,18335,0,543111000.000,0,-,-,-,-,3355.8000,3355.6000,3355.4000,3355.2000,3355.0000,3357.8000,3358.0000,3359.6000,3363.4000,3363.6000,1,1,1,1,1,1,1,1,1,1
SF,IH2012,2020-08-18 09:33:52.500,3357.8000,18334,-1,544118340.000,1,0,1,双平,S,3356.0000,3355.4000,3355.2000,3355.0000,3354.8000,3358.0000,3359.6000,3363.4000,3363.6000,3363.8000,1,1,1,2,1,1,1,1,1,3
SF,IH2012,2020-08-18 09:33:53.000,3358.0000,18333,-1,545125740.000,1,0,1,双平,S,3356.0000,3355.4000,3355.2000,3355.0000,3354.8000,3357.8000,3359.6000,3363.4000,3363.6000,3363.8000,1,1,1,2,1,1,1,1,1,3
SF,IH2012,2020-08-18 09:33:53.500,3357.8000,18332,-1,546133080.000,1,0,1,双平,S,3356.2000,3356.0000,3355.4000,3355.2000,3355.0000,3359.6000,3363.4000,3363.6000,3363.8000,3364.0000,1,1,1,1,2,1,1,1,3,1
SF,IH2012,2020-08-18 09:33:54.000,3357.8000,18332,0,546133080.000,0,-,-,-,-,3356.4000,3356.2000,3355.4000,3355.2000,3355.0000,3359.2000,3359.4000,3359.6000,3362.0000,3363.4000,1,1,1,1,2,2,1,1,1,1
SF,IH2012,2020-08-18 09:33:54.500,3359.0000,18333,1,548148480.000,2,1,1,空开,S,3357.8000,3356.6000,3356.4000,3355.4000,3355.2000,3359.2000,3359.6000,3362.0000,3363.4000,3363.6000,1,1,1,1,1,2,1,1,1,1
SF,IH2012,2020-08-18 09:33:55.000,3357.8000,18333,0,549155820.000,1,0,1,多换,S,3356.6000,3356.4000,3355.4000,3355.0000,3354.8000,3357.4000,3359.0000,3359.2000,3359.6000,3362.0000,1,1,1,2,1,1,1,2,1,1
SF,IH2012,2020-08-18 09:33:55.500,3357.4000,18332,-1,550163040.000,1,0,1,双平,S,3356.8000,3355.4000,3355.0000,3354.8000,3354.2000,3359.0000,3359.2000,3359.6000,3362.0000,3363.4000,1,1,2,1,3,1,2,1,1,1
SF,IH2012,2020-08-18 09:33:56.000,3357.0000,18331,-1,551170140.000,1,0,1,双平,S,3358.0000,3356.8000,3355.4000,3355.0000,3354.8000,3358.8000,3359.0000,3359.6000,3363.4000,3363.6000,1,1,1,3,1,4,1,1,1,1
SF,IH2012,2020-08-18 09:33:56.500,3358.0000,18331,0,552177540.000,1,0,1,多换,S,3356.8000,3355.4000,3355.0000,3354.8000,3354.2000,3357.6000,3358.0000,3358.4000,3358.6000,3358.8000,1,1,3,1,3,1,2,2,1,3
SF,IH2012,2020-08-18 09:33:57.000,3356.8000,18330,-1,553184580.000,1,0,1,双平,S,3356.2000,3355.4000,3355.0000,3354.8000,3354.2000,3357.6000,3358.0000,3358.4000,3358.6000,3358.8000,1,1,3,1,3,1,1,2,1,3
SF,IH2012,2020-08-18 09:33:58.500,3356.2000,18329,-1,554191440.000,1,0,1,双平,S,3355.4000,3355.0000,3354.8000,3354.2000,3354.0000,3357.6000,3358.0000,3358.4000,3358.6000,3358.8000,1,3,1,3,3,1,1,2,1,4
SF,IH2012,2020-08-18 09:33:59.000,3358.0000,18329,0,558220560.000,4,2,2,多换,S,3358.0000,3355.6000,3355.4000,3355.0000,3354.8000,3358.4000,3358.6000,3358.8000,3359.6000,3363.4000,1,2,1,3,1,2,1,4,1,1
SF,IH2012,2020-08-18 09:33:59.500,3358.0000,18329,0,559227960.000,1,0,1,多换,S,3355.6000,3355.0000,3354.8000,3354.2000,3354.0000,3356.2000,3357.6000,3357.8000,3358.0000,3358.6000,1,3,1,3,3,1,1,2,7,1
SF,IH2012,2020-08-18 09:34:00.000,3355.0000,18326,-3,563254500.000,4,0,4,多平,S,3355.0000,3354.8000,3354.2000,3354.0000,3353.0000,3357.0000,3357.6000,3357.8000,3358.0000,3358.6000,1,1,3,3,1,2,1,2,5,1
SF,IH2012,2020-08-18 09:34:00.500,3355.0000,18325,-1,564261000.000,1,0,1,双平,S,3355.2000,3354.8000,3354.2000,3354.0000,3353.0000,3355.6000,3356.6000,3356.8000,3357.6000,3357.8000,1,1,3,3,1,1,2,2,1,1
SF,IH2012,2020-08-18 09:34:01.000,3355.4000,18322,-3,567280560.000,3,0,3,双平,S,3354.2000,3354.0000,3353.0000,3350.0000,3349.2000,3355.0000,3355.2000,3355.6000,3356.6000,3356.8000,3,3,1,5,3,1,2,1,2,2
SF,IH2012,2020-08-18 09:34:01.500,3355.0000,18321,-1,568287060.000,1,0,1,双平,S,3354.4000,3354.2000,3354.0000,3353.0000,3350.0000,3356.6000,3356.8000,3357.6000,3357.8000,3358.0000,1,3,3,1,5,2,2,1,1,2
SF,IH2012,2020-08-18 09:34:02.000,3355.0000,18321,0,568287060.000,0,-,-,-,-,3354.4000,3354.2000,3354.0000,3353.0000,3350.0000,3356.4000,3356.6000,3357.6000,3357.8000,3358.0000,1,3,3,1,5,2,2,1,1,2
SF,IH2012,2020-08-18 09:34:02.500,3354.4000,18320,-1,569293380.000,1,0,1,双平,S,3354.2000,3354.0000,3353.0000,3350.0000,3349.2000,3354.4000,3355.4000,3356.2000,3356.4000,3357.6000,3,3,1,5,3,1,2,2,2,1
SF,IH2012,2020-08-18 09:34:03.000,3354.4000,18319,-1,570299700.000,1,0,1,双平,S,3355.0000,3354.6000,3354.2000,3354.0000,3353.0000,3356.2000,3356.4000,3357.6000,3357.8000,3358.0000,1,1,3,3,1,2,2,1,1,2
SF,IH2012,2020-08-18 09:34:03.500,3355.0000,18318,-1,571306200.000,1,0,1,双平,S,3354.6000,3354.2000,3354.0000,3353.0000,3350.0000,3356.0000,3356.2000,3356.4000,3357.6000,3357.8000,1,3,3,1,5,2,3,1,1,1
SF,IH2012,2020-08-18 09:34:04.000,3354.2000,18314,-4,575331360.000,4,0,4,双平,S,3354.0000,3353.0000,3350.0000,3349.2000,3348.2000,3354.4000,3354.6000,3355.0000,3355.2000,3355.6000,3,1,5,3,1,1,1,1,2,2
SF,IH2012,2020-08-18 09:34:04.500,3354.2000,18313,-1,578350020.000,3,1,2,多平,S,3354.0000,3353.0000,3350.0000,3349.2000,3348.2000,3354.4000,3355.0000,3355.2000,3355.6000,3356.0000,1,1,5,3,1,1,1,2,2,2
SF,IH2012,2020-08-18 09:34:05.000,3354.2000,18312,-1,580362480.000,2,0,2,多平,S,3353.0000,3350.0000,3349.2000,3348.2000,3348.0000,3354.4000,3355.2000,3355.6000,3356.0000,3356.2000,1,5,3,1,2,1,2,2,2,1
SF,IH2012,2020-08-18 09:34:06.000,3353.0000,18311,-1,581368380.000,1,0,1,双平,S,3350.0000,3349.2000,3348.2000,3348.0000,3345.6000,3354.2000,3354.4000,3355.2000,3356.0000,3356.2000,5,3,1,2,1,2,1,2,2,2
SF,IH2012,2020-08-18 09:34:06.500,3350.2000,18308,-3,584383680.000,3,0,3,双平,S,3350.0000,3349.2000,3348.2000,3348.0000,3347.8000,3353.6000,3354.0000,3354.2000,3354.4000,3356.0000,4,3,1,2,1,2,2,2,1,1
SF,IH2012,2020-08-18 09:34:07.000,3350.2000,18308,0,584383680.000,0,-,-,-,-,3350.2000,3350.0000,3349.2000,3348.2000,3348.0000,3353.0000,3353.4000,3353.6000,3354.2000,3354.4000,1,4,3,1,2,1,5,2,1,1
SF,IH2012,2020-08-18 09:34:07.500,3350.2000,18308,0,584383680.000,0,-,-,-,-,3350.0000,3349.2000,3348.2000,3348.0000,3347.8000,3352.6000,3352.8000,3353.0000,3353.4000,3354.4000,4,3,1,2,1,3,2,1,3,1
SF,IH2012,2020-08-18 09:34:08.000,3350.2000,18308,0,584383680.000,0,-,-,-,-,3350.2000,3350.0000,3349.2000,3348.2000,3348.0000,3352.4000,3352.6000,3353.0000,3353.4000,3354.4000,1,4,3,1,2,5,2,1,3,1
SF,IH2012,2020-08-18 09:34:08.500,3350.2000,18308,0,584383680.000,0,-,-,-,-,3350.6000,3350.2000,3350.0000,3349.2000,3348.2000,3352.4000,3352.6000,3353.0000,3353.4000,3354.4000,1,1,4,3,1,5,1,1,3,1
SF,IH2012,2020-08-18 09:34:09.000,3352.4000,18308,0,585389400.000,1,0,1,多换,S,3350.0000,3349.2000,3348.2000,3348.0000,3345.6000,3352.4000,3352.6000,3353.0000,3353.4000,3354.4000,4,3,1,2,1,4,1,1,3,1
SF,IH2012,2020-08-18 09:34:09.500,3352.6000,18308,0,590418060.000,5,2,3,多换,S,3350.2000,3350.0000,3349.2000,3348.2000,3348.0000,3353.0000,3353.4000,3354.4000,3356.0000,3356.2000,2,4,3,1,2,1,3,1,1,1
SF,IH2012,2020-08-18 09:34:10.000,3350.2000,18307,-1,591423120.000,1,0,1,双平,S,3350.2000,3350.0000,3349.2000,3348.2000,3348.0000,3352.8000,3353.0000,3353.4000,3354.4000,3356.0000,1,4,3,1,2,2,1,3,1,1
SF,IH2012,2020-08-18 09:34:10.500,3350.2000,18307,0,591423120.000,0,-,-,-,-,3350.4000,3350.2000,3350.0000,3349.2000,3349.0000,3352.6000,3352.8000,3353.4000,3354.4000,3356.0000,1,1,5,3,1,3,2,3,1,1
SF,IH2012,2020-08-18 09:34:11.000,3350.2000,18307,0,591423120.000,0,-,-,-,-,3350.6000,3350.4000,3350.0000,3349.2000,3349.0000,3352.6000,3352.8000,3353.4000,3354.4000,3356.0000,1,1,5,3,1,3,2,3,1,1
SF,IH2012,2020-08-18 09:34:11.500,3350.2000,18307,0,591423120.000,0,-,-,-,-,3350.6000,3350.4000,3350.0000,3349.2000,3349.0000,3352.2000,3352.4000,3352.6000,3353.4000,3354.4000,1,1,5,3,1,1,1,3,3,1
SF,IH2012,2020-08-18 09:34:12.000,3350.4000,18306,-1,592428240.000,1,0,1,双平,S,3350.0000,3349.2000,3349.0000,3348.2000,3348.0000,3350.4000,3351.8000,3352.0000,3352.2000,3352.6000,5,3,1,1,2,1,1,3,1,1
SF,IH2012,2020-08-18 09:34:12.500,3350.0000,18304,-2,595443360.000,3,0,3,多平,S,3350.0000,3349.2000,3349.0000,3348.2000,3348.0000,3352.0000,3352.2000,3352.6000,3353.4000,3354.4000,3,3,1,1,2,3,1,1,3,1
SF,IH2012,2020-08-18 09:34:13.000,3350.0000,18303,-1,598458360.000,3,1,2,多平,S,3349.2000,3349.0000,3348.2000,3348.0000,3345.6000,3351.4000,3351.8000,3352.0000,3352.6000,3353.4000,3,1,1,2,1,2,1,3,1,3
SF,IH2012,2020-08-18 09:34:13.500,3350.0000,18303,0,598458360.000,0,-,-,-,-,3349.2000,3349.0000,3348.2000,3348.0000,3345.6000,3350.0000,3350.8000,3351.2000,3351.4000,3352.0000,3,1,1,2,1,1,2,3,2,2
SF,IH2012,2020-08-18 09:34:14.000,3349.2000,18301,-2,602477640.000,4,1,3,多平,S,3349.0000,3348.2000,3348.0000,3345.6000,3345.2000,3349.8000,3350.0000,3350.8000,3351.2000,3351.8000,1,1,2,1,1,3,1,2,2,1
SF,IH2012,2020-08-18 09:34:14.500,3349.0000,18301,0,603482340.000,1,0,1,多换,S,3348.2000,3348.0000,3345.6000,3345.2000,3344.4000,3349.0000,3349.6000,3349.8000,3350.0000,3350.8000,1,2,1,1,1,1,1,3,1,2
SF,IH2012,2020-08-18 09:34:15.000,3350.0000,18298,-3,607501440.000,4,0,4,多平,S,3348.2000,3348.0000,3345.6000,3345.2000,3344.4000,3351.2000,3352.0000,3352.6000,3353.4000,3356.0000,1,2,1,1,1,2,1,1,3,1
SF,IH2012,2020-08-18 09:34:15.500,3350.0000,18298,0,607501440.000,0,-,-,-,-,3348.6000,3348.4000,3348.2000,3348.0000,3345.6000,3351.0000,3351.2000,3352.0000,3352.6000,3353.4000,2,1,1,2,1,3,2,1,1,3
SF,IH2012,2020-08-18 09:34:16.000,3350.0000,18298,0,607501440.000,0,-,-,-,-,3348.8000,3348.2000,3348.0000,3345.6000,3345.2000,3350.8000,3351.0000,3351.2000,3351.6000,3352.0000,3,1,2,1,1,1,2,1,1,1
SF,IH2012,2020-08-18 09:34:16.500,3350.8000,18297,-1,608506680.000,1,0,1,双平,S,3349.0000,3348.8000,3348.2000,3348.0000,3345.6000,3351.0000,3351.2000,3351.6000,3352.0000,3352.6000,1,1,1,2,1,1,2,1,1,1
SF,IH2012,2020-08-18 09:34:17.000,3350.8000,18297,0,608506680.000,0,-,-,-,-,3349.2000,3349.0000,3348.8000,3348.2000,3348.0000,3351.0000,3351.2000,3351.6000,3352.0000,3352.6000,1,1,1,1,2,1,2,1,1,1
SF,IH2012,2020-08-18 09:34:17.500,3351.2000,18294,-3,611522700.000,3,0,3,双平,S,3349.4000,3349.2000,3348.8000,3348.2000,3348.0000,3351.6000,3352.0000,3352.6000,3353.4000,3356.0000,1,1,1,1,2,1,1,1,3,1
SF,IH2012,2020-08-18 09:34:18.000,3351.2000,18294,0,611522700.000,0,-,-,-,-,3349.6000,3349.4000,3348.8000,3348.2000,3348.0000,3351.4000,3351.6000,3352.0000,3352.6000,3353.4000,1,1,1,1,2,3,1,1,1,3
SF,IH2012,2020-08-18 09:34:18.500,3351.2000,18294,0,611522700.000,0,-,-,-,-,3349.8000,3349.6000,3348.8000,3348.2000,3348.0000,3351.4000,3351.6000,3352.0000,3352.6000,3353.4000,2,1,1,1,2,2,1,1,1,3
SF,IH2012,2020-08-18 09:34:19.000,3349.8000,18293,-1,613532580.000,2,0,2,多平,S,3349.6000,3348.8000,3348.2000,3348.0000,3345.6000,3351.2000,3351.4000,3351.6000,3352.0000,3352.6000,1,1,1,2,1,2,1,1,1,1
SF,IH2012,2020-08-18 09:34:19.500,3351.2000,18292,-1,616548660.000,3,1,2,多平,S,3348.8000,3348.2000,3348.0000,3345.6000,3345.2000,3351.4000,3351.6000,3352.0000,3352.6000,3353.4000,1,1,2,1,1,1,1,1,1,3
SF,IH2012,2020-08-18 09:34:20.000,3351.2000,18291,-1,617554020.000,1,0,1,双平,S,3350.8000,3349.2000,3349.0000,3348.8000,3348.2000,3351.6000,3352.0000,3352.6000,3353.4000,3356.0000,1,2,3,1,1,1,1,1,3,1
SF,IH2012,2020-08-18 09:34:20.500,3351.0000,18290,-1,619564620.000,2,0,2,多平,S,3349.0000,3348.8000,3348.2000,3348.0000,3345.6000,3351.6000,3352.0000,3352.6000,3353.4000,3356.0000,2,1,1,2,1,1,1,1,3,1
SF,IH2012,2020-08-18 09:34:21.000,3352.0000,18289,-1,621575700.000,2,0,2,多平,S,3349.4000,3349.2000,3349.0000,3348.8000,3348.2000,3352.6000,3353.4000,3356.0000,3356.2000,3361.0000,2,1,2,1,1,1,3,1,1,1
SF,IH2012,2020-08-18 09:34:21.500,3352.0000,18289,0,621575700.000,0,-,-,-,-,3350.4000,3349.8000,3349.6000,3349.2000,3349.0000,3352.6000,3353.4000,3356.0000,3356.2000,3361.0000,1,2,2,1,1,1,3,1,1,1
SF,IH2012,2020-08-18 09:34:22.000,3352.6000,18287,-2,623587260.000,2,0,2,双平,S,3350.8000,3350.6000,3350.4000,3349.6000,3349.0000,3353.4000,3356.2000,3361.0000,3362.4000,3363.4000,2,2,1,1,1,3,1,1,1,1
SF,IH2012,2020-08-18 09:34:22.500,3352.6000,18287,0,623587260.000,0,-,-,-,-,3351.2000,3351.0000,3350.4000,3349.6000,3349.0000,3356.2000,3361.0000,3362.4000,3363.4000,3363.8000,2,2,1,1,1,1,1,1,1,3
SF,IH2012,2020-08-18 09:34:23.000,3351.4000,18286,-1,624592680.000,1,0,1,双平,S,3352.6000,3351.4000,3350.4000,3349.6000,3349.0000,3355.6000,3355.8000,3356.0000,3356.2000,3361.0000,1,2,1,1,1,2,1,1,1,1
SF,IH2012,2020-08-18 09:34:23.500,3352.6000,18285,-1,626604240.000,2,0,2,多平,S,3351.4000,3350.4000,3349.0000,3348.8000,3348.2000,3353.2000,3355.0000,3355.4000,3355.6000,3355.8000,1,1,1,1,1,1,1,2,2,1
