市场代码,合约代码,时间,最新,持仓,增仓,成交额,成交量,开仓,平仓,成交类型,方向,买一价,买二价,买三价,买四价,买五价,卖一价,卖二价,卖三价,卖四价,卖五价,买一量,买二量,买三量,买四量,买五量,卖一量,卖二量,卖三量,卖四量,卖五量
SF,IH2004,2020-03-09 09:29:00.400,2910.0000,4298,0,7857000.000,9.000,-,-,-,-,2904.0000,2903.0000,2901.0000,2900.0000,2899.0000,2910.6000,2914.0000,2917.4000,2918.0000,2919.2000,1,2,11,12,10,1,1,2,1,1
SF,IH2004,2020-03-09 09:30:00.400,2903.0000,4298,0,10470000.000,3,1,2,多换,S,2901.0000,2900.0000,2899.0000,2898.0000,2897.0000,2901.6000,2903.8000,2904.0000,2906.8000,2910.0000,11,12,10,10,10,1,4,5,1,1
SF,IH2004,2020-03-09 09:30:00.900,2901.0000,4298,0,11340300.000,1,0,1,多换,S,2901.0000,2900.0000,2899.0000,2898.0000,2897.0000,2903.8000,2910.0000,2910.2000,2910.4000,2914.0000,10,12,10,10,10,1,1,1,2,1
SF,IH2004,2020-03-09 09:30:01.400,2900.0000,4297,-1,20913300.000,11,5,6,多平,S,2900.0000,2899.0000,2898.0000,2897.0000,2896.0000,2901.2000,2901.6000,2903.6000,2904.0000,2910.0000,12,10,10,10,10,1,1,9,2,1
SF,IH2004,2020-03-09 09:30:01.900,2901.0000,4296,-1,26133900.000,6,2,4,多平,S,2900.0000,2899.0000,2898.0000,2897.0000,2896.0000,2901.0000,2901.2000,2901.6000,2903.4000,2903.6000,7,10,10,10,10,5,1,1,2,9
SF,IH2004,2020-03-09 09:30:02.400,2901.0000,4293,-3,29615100.000,4,0,4,多平,S,2901.4000,2900.0000,2899.0000,2898.0000,2897.0000,2901.6000,2903.6000,2904.0000,2910.0000,2910.4000,1,7,10,10,10,1,9,2,1,1
SF,IH2004,2020-03-09 09:30:02.900,2901.4000,4294,1,38316120.000,10,5,5,空开,S,2899.0000,2898.0000,2897.0000,2896.0000,2895.0000,2901.4000,2901.6000,2903.6000,2904.0000,2910.0000,10,10,10,10,11,3,1,9,2,1
SF,IH2004,2020-03-09 09:30:03.400,2901.2000,4294,0,39186480.000,1,0,1,多换,S,2899.0000,2898.0000,2897.0000,2896.0000,2895.0000,2901.2000,2901.4000,2901.6000,2903.6000,2904.0000,10,10,10,10,11,2,4,1,8,2
SF,IH2004,2020-03-09 09:30:03.900,2899.0000,4296,2,40925880.000,2,2,0,双开,S,2899.0000,2898.0000,2897.0000,2896.0000,2895.0000,2901.2000,2901.4000,2901.6000,2903.6000,2904.0000,8,10,10,10,11,3,4,1,8,2
SF,IH2004,2020-03-09 09:30:04.400,2899.0000,4298,2,45274440.000,5,3,2,空开,S,2899.0000,2898.0000,2897.0000,2896.0000,2895.0000,2899.2000,2901.2000,2901.4000,2901.6000,2903.6000,4,10,10,10,11,4,2,4,1,8
SF,IH2004,2020-03-09 09:30:04.900,2899.0000,4301,3,52232160.000,8,5,3,空开,S,2898.0000,2897.0000,2896.0000,2895.0000,2894.0000,2899.0000,2899.2000,2901.2000,2901.4000,2901.6000,10,10,10,11,10,1,2,2,3,1
SF,IH2004,2020-03-09 09:30:05.400,2898.0000,4301,0,53970960.000,2,1,1,多换,S,2898.0000,2897.0000,2896.0000,2895.0000,2894.0000,2898.8000,2899.0000,2899.2000,2901.2000,2901.6000,8,10,10,11,10,2,5,2,2,1
SF,IH2004,2020-03-09 09:30:05.900,2898.0000,4302,1,57448560.000,4,2,2,空开,S,2898.0000,2897.0000,2896.0000,2895.0000,2894.0000,2898.6000,2898.8000,2899.0000,2899.2000,2901.2000,4,10,10,11,10,1,2,4,2,2
SF,IH2004,2020-03-09 09:30:06.400,2898.0000,4305,3,60926160.000,4,3,1,空开,S,2897.0000,2896.0000,2895.0000,2894.0000,2893.0000,2898.0000,2898.4000,2898.6000,2898.8000,2899.0000,10,10,11,10,10,4,1,1,2,4
SF,IH2004,2020-03-09 09:30:06.900,2898.0000,4305,0,60926160.000,0,-,-,-,-,2897.2000,2897.0000,2896.0000,2895.0000,2894.0000,2898.0000,2898.8000,2899.0000,2899.2000,2901.2000,1,10,10,11,10,2,2,4,2,1
SF,IH2004,2020-03-09 09:30:07.400,2898.0000,4305,0,61795560.000,1,0,1,多换,S,2897.2000,2897.0000,2896.0000,2895.0000,2894.0000,2898.0000,2898.8000,2899.0000,2899.2000,2901.2000,1,10,10,11,10,1,2,2,2,1
SF,IH2004,2020-03-09 09:30:07.900,2897.2000,4304,-1,63534120.000,2,0,2,多平,S,2897.0000,2896.0000,2895.0000,2894.0000,2893.0000,2897.2000,2898.8000,2899.0000,2899.2000,2901.2000,10,10,11,10,10,3,2,2,2,1
SF,IH2004,2020-03-09 09:30:08.400,2897.2000,4303,-1,65272440.000,2,0,2,多平,S,2897.0000,2896.0000,2895.0000,2894.0000,2893.0000,2897.2000,2898.8000,2899.0000,2899.2000,2901.2000,10,10,11,10,10,1,1,2,2,1
SF,IH2004,2020-03-09 09:30:08.900,2897.2000,4302,-1,66141600.000,1,0,1,双平,S,2897.0000,2896.0000,2895.0000,2894.0000,2893.0000,2899.0000,2899.2000,2901.2000,2901.6000,2903.2000,10,10,11,10,10,2,2,1,1,5
SF,IH2004,2020-03-09 09:30:09.400,2897.0000,4302,0,67010700.000,1,0,1,多换,S,2897.0000,2896.0000,2895.0000,2894.0000,2893.0000,2898.0000,2898.8000,2899.0000,2899.2000,2901.6000,9,10,11,10,10,1,5,1,2,1
SF,IH2004,2020-03-09 09:30:09.900,2898.0000,4301,-1,72225840.000,6,2,4,多平,S,2897.0000,2896.0000,2895.0000,2894.0000,2893.0000,2898.8000,2899.0000,2899.2000,2901.6000,2903.0000,5,10,11,10,10,3,1,2,1,1
SF,IH2004,2020-03-09 09:30:10.400,2897.0000,4302,1,75702540.000,4,2,2,空开,S,2897.0000,2896.0000,2895.0000,2894.0000,2893.0000,2898.6000,2898.8000,2899.2000,2901.6000,2903.0000,3,10,11,10,10,2,3,2,1,1
SF,IH2004,2020-03-09 09:30:10.900,2897.0000,4302,0,76571640.000,1,0,1,多换,S,2897.0000,2896.0000,2895.0000,2894.0000,2893.0000,2898.0000,2898.6000,2898.8000,2899.2000,2901.6000,2,10,11,10,10,1,2,3,2,1
SF,IH2004,2020-03-09 09:30:11.900,2897.0000,4302,0,78309840.000,2,1,1,多换,S,2896.0000,2895.0000,2894.0000,2893.0000,2892.0000,2897.0000,2898.0000,2898.6000,2898.8000,2899.2000,10,11,10,10,10,3,1,2,3,2
SF,IH2004,2020-03-09 09:30:12.400,2897.0000,4301,-1,79178940.000,1,0,1,双平,S,2896.2000,2896.0000,2895.0000,2894.0000,2893.0000,2897.0000,2898.0000,2898.6000,2898.8000,2899.2000,1,10,11,10,10,2,1,1,3,2
SF,IH2004,2020-03-09 09:30:12.900,2897.0000,4301,0,80917140.000,2,1,1,多换,S,2896.2000,2896.0000,2895.0000,2894.0000,2893.0000,2898.0000,2898.6000,2898.8000,2899.2000,2901.6000,1,10,11,10,10,1,1,3,2,1
SF,IH2004,2020-03-09 09:30:13.400,2897.0000,4301,0,80917140.000,0,-,-,-,-,2897.0000,2896.2000,2896.0000,2895.0000,2894.0000,2897.8000,2899.2000,2901.6000,2903.0000,2903.2000,1,1,10,12,10,2,1,1,1,5
SF,IH2004,2020-03-09 09:30:13.900,2897.0000,4301,0,80917140.000,0,-,-,-,-,2897.0000,2896.2000,2896.0000,2895.0000,2894.0000,2897.8000,2899.2000,2901.6000,2903.0000,2903.2000,1,1,10,12,10,1,1,1,1,5
SF,IH2004,2020-03-09 09:30:14.400,2897.0000,4301,0,81786240.000,1,0,1,多换,S,2897.2000,2896.2000,2896.0000,2895.0000,2894.0000,2897.8000,2899.2000,2901.6000,2903.0000,2903.2000,1,1,10,12,10,1,1,1,1,5
SF,IH2004,2020-03-09 09:30:14.900,2897.2000,4300,-1,82655400.000,1,0,1,双平,S,2896.0000,2895.0000,2894.0000,2893.0000,2892.0000,2897.0000,2897.8000,2899.2000,2901.6000,2903.0000,10,12,10,10,10,2,1,1,1,1
SF,IH2004,2020-03-09 09:30:15.400,2897.0000,4299,-1,84393600.000,2,0,2,多平,S,2896.0000,2895.0000,2894.0000,2893.0000,2892.0000,2897.8000,2899.2000,2901.6000,2903.0000,2903.2000,10,12,10,10,10,1,1,1,1,5
SF,IH2004,2020-03-09 09:30:15.900,2897.0000,4299,0,84393600.000,0,-,-,-,-,2897.0000,2896.0000,2895.0000,2894.0000,2893.0000,2897.6000,2897.8000,2899.2000,2901.6000,2903.0000,1,10,12,10,10,1,1,1,1,1
SF,IH2004,2020-03-09 09:30:16.400,2896.0000,4299,0,87869100.000,4,2,2,多换,S,2896.0000,2895.0000,2894.0000,2893.0000,2892.0000,2897.0000,2897.8000,2899.2000,2901.6000,2903.0000,7,12,10,10,10,1,1,1,1,1
SF,IH2004,2020-03-09 09:30:16.900,2897.0000,4300,1,88738200.000,1,1,0,双开,S,2896.0000,2895.0000,2894.0000,2893.0000,2892.0000,2897.8000,2899.2000,2901.6000,2903.0000,2903.2000,7,12,10,10,10,1,1,1,1,5
SF,IH2004,2020-03-09 09:30:17.400,2897.0000,4300,0,88738200.000,0,-,-,-,-,2896.0000,2895.0000,2894.0000,2893.0000,2892.0000,2897.6000,2897.8000,2899.2000,2901.6000,2903.0000,7,12,10,10,10,1,1,1,1,1
SF,IH2004,2020-03-09 09:30:17.900,2897.0000,4300,0,88738200.000,0,-,-,-,-,2896.2000,2896.0000,2895.0000,2894.0000,2893.0000,2897.4000,2897.6000,2897.8000,2899.2000,2901.6000,1,7,12,10,10,1,1,1,1,1
SF,IH2004,2020-03-09 09:30:18.400,2897.0000,4300,0,88738200.000,0,-,-,-,-,2896.0000,2895.0000,2894.0000,2893.0000,2892.0000,2896.2000,2897.4000,2897.6000,2897.8000,2899.2000,7,12,10,10,10,1,1,1,1,1
SF,IH2004,2020-03-09 09:30:18.900,2896.0000,4300,0,89607000.000,1,0,1,多换,S,2896.0000,2895.0000,2894.0000,2893.0000,2892.0000,2896.2000,2897.4000,2897.6000,2897.8000,2899.2000,6,12,10,10,10,1,1,1,1,1
SF,IH2004,2020-03-09 09:30:19.400,2896.0000,4305,5,94819800.000,6,5,1,空开,S,2895.0000,2894.0000,2893.0000,2892.0000,2891.0000,2896.2000,2897.4000,2897.6000,2897.8000,2899.2000,12,10,10,10,13,1,1,1,1,1
SF,IH2004,2020-03-09 09:30:19.900,2896.2000,4304,-1,95688660.000,1,0,1,双平,S,2895.0000,2894.0000,2893.0000,2892.0000,2891.0000,2896.0000,2897.4000,2897.6000,2899.2000,2901.6000,12,10,10,10,13,3,1,1,1,1
SF,IH2004,2020-03-09 09:30:20.400,2895.0000,4304,0,99163020.000,4,2,2,多换,S,2895.0000,2894.0000,2893.0000,2892.0000,2891.0000,2896.0000,2897.4000,2897.6000,2903.0000,2903.2000,9,10,10,10,13,3,1,1,1,5
SF,IH2004,2020-03-09 09:30:20.900,2896.0000,4304,0,100031820.000,1,0,1,多换,S,2895.2000,2895.0000,2894.0000,2893.0000,2892.0000,2896.0000,2897.6000,2903.0000,2903.2000,2903.6000,1,9,10,10,10,1,1,1,5,4
SF,IH2004,2020-03-09 09:30:21.400,2896.0000,4304,0,100900620.000,1,0,1,多换,S,2895.2000,2895.0000,2894.0000,2893.0000,2892.0000,2897.6000,2903.0000,2903.2000,2903.6000,2910.0000,1,9,10,10,10,1,1,5,4,1
SF,IH2004,2020-03-09 09:30:21.900,2896.0000,4303,-1,101769420.000,1,0,1,双平,S,2895.2000,2895.0000,2894.0000,2893.0000,2892.0000,2896.4000,2897.0000,2897.6000,2903.0000,2903.2000,1,9,10,10,10,1,1,1,1,5
SF,IH2004,2020-03-09 09:30:22.400,2895.2000,4302,-1,102637980.000,1,0,1,双平,S,2895.0000,2894.0000,2893.0000,2892.0000,2891.0000,2896.0000,2896.4000,2897.6000,2903.0000,2903.2000,9,10,10,10,13,1,1,1,1,5
SF,IH2004,2020-03-09 09:30:22.900,2895.2000,4302,0,103506540.000,1,0,1,多换,S,2895.0000,2894.0000,2893.0000,2892.0000,2891.0000,2896.4000,2897.6000,2903.0000,2903.2000,2903.6000,9,10,10,10,13,1,1,1,5,4
SF,IH2004,2020-03-09 09:30:23.400,2896.2000,4302,0,104375400.000,1,0,1,多换,S,2895.0000,2894.0000,2893.0000,2892.0000,2891.0000,2897.6000,2903.0000,2903.2000,2903.6000,2910.0000,9,10,10,10,13,1,1,5,4,1
SF,IH2004,2020-03-09 09:30:23.900,2896.4000,4301,-1,105244320.000,1,0,1,双平,S,2895.0000,2894.0000,2893.0000,2892.0000,2891.0000,2896.6000,2897.4000,2897.6000,2903.0000,2903.2000,9,10,10,10,13,1,1,1,1,5
SF,IH2004,2020-03-09 09:30:24.400,2896.4000,4301,0,105244320.000,0,-,-,-,-,2895.0000,2894.0000,2893.0000,2892.0000,2891.0000,2896.6000,2897.4000,2897.6000,2903.0000,2903.2000,9,10,10,10,13,1,1,1,1,5
SF,IH2004,2020-03-09 09:30:24.900,2896.4000,4300,-1,111324240.000,7,3,4,多平,S,2895.0000,2894.0000,2893.0000,2892.0000,2891.0000,2896.6000,2897.4000,2897.6000,2900.0000,2903.0000,3,10,10,10,13,1,1,1,1,1
SF,IH2004,2020-03-09 09:30:25.400,2895.2000,4298,-2,113061720.000,2,0,2,双平,S,2895.2000,2895.0000,2894.0000,2893.0000,2892.0000,2896.6000,2897.6000,2900.0000,2903.0000,2903.2000,1,3,10,10,10,1,1,1,1,5
SF,IH2004,2020-03-09 09:30:25.900,2895.2000,4297,-1,114798840.000,2,0,2,多平,S,2895.0000,2894.0000,2893.0000,2892.0000,2891.0000,2896.6000,2897.6000,2900.0000,2903.0000,2903.2000,3,10,10,10,13,1,1,1,1,5
SF,IH2004,2020-03-09 09:30:26.400,2896.4000,4296,-1,115667760.000,1,0,1,双平,S,2895.0000,2894.0000,2893.0000,2892.0000,2891.0000,2896.4000,2897.6000,2900.0000,2903.0000,2903.2000,3,10,10,10,13,1,1,1,1,5
SF,IH2004,2020-03-09 09:30:26.900,2895.0000,4296,0,118273260.000,3,1,2,多换,S,2894.0000,2893.0000,2892.0000,2891.0000,2890.4000,2895.0000,2896.2000,2896.4000,2897.6000,2900.0000,10,10,10,13,1,1,3,1,1,1
SF,IH2004,2020-03-09 09:30:27.400,2895.0000,4293,-3,121747260.000,4,0,4,多平,S,2894.0000,2893.0000,2892.0000,2891.0000,2890.4000,2896.2000,2897.6000,2900.0000,2903.0000,2903.2000,10,10,10,13,1,3,1,1,1,5
SF,IH2004,2020-03-09 09:30:27.900,2895.0000,4293,0,121747260.000,0,-,-,-,-,2895.0000,2894.2000,2894.0000,2893.0000,2892.0000,2895.2000,2895.8000,2896.0000,2896.2000,2900.0000,3,2,10,10,10,1,1,1,3,1
SF,IH2004,2020-03-09 09:30:28.400,2895.0000,4293,0,124352820.000,3,1,2,多换,S,2895.4000,2895.0000,2894.2000,2894.0000,2893.0000,2895.8000,2896.2000,2900.0000,2903.0000,2903.2000,1,1,2,10,10,1,3,1,1,5
SF,IH2004,2020-03-09 09:30:28.900,2895.0000,4291,-2,128696520.000,5,1,4,多平,S,2894.2000,2894.0000,2893.0000,2892.0000,2891.0000,2900.0000,2903.0000,2903.2000,2903.6000,2910.0000,2,10,10,10,13,1,1,5,4,1
SF,IH2004,2020-03-09 09:30:29.400,2895.0000,4291,0,128696520.000,0,-,-,-,-,2894.4000,2894.2000,2894.0000,2893.0000,2892.0000,2899.2000,2899.6000,2899.8000,2900.0000,2903.0000,2,1,10,10,10,1,1,10,1,1
SF,IH2004,2020-03-09 09:30:29.900,2895.0000,4291,0,128696520.000,0,-,-,-,-,2894.6000,2894.4000,2894.0000,2893.0000,2892.0000,2898.8000,2899.0000,2899.2000,2899.8000,2900.0000,1,2,10,10,10,1,4,1,8,1
SF,IH2004,2020-03-09 09:30:30.400,2895.0000,4291,0,128696520.000,0,-,-,-,-,2894.8000,2894.6000,2894.4000,2894.0000,2893.0000,2898.6000,2898.8000,2899.0000,2899.2000,2899.8000,2,1,3,10,10,3,1,2,1,8
SF,IH2004,2020-03-09 09:30:30.900,2898.2000,4292,1,129565980.000,1,1,0,双开,S,2895.2000,2895.0000,2894.8000,2894.4000,2894.0000,2898.6000,2899.0000,2899.2000,2899.8000,2900.0000,1,1,2,3,10,3,2,1,8,1
SF,IH2004,2020-03-09 09:30:31.400,2898.2000,4292,0,129565980.000,0,-,-,-,-,2896.0000,2895.4000,2895.2000,2895.0000,2894.8000,2898.6000,2899.2000,2899.8000,2900.0000,2903.0000,1,1,2,3,1,2,1,8,1,1
SF,IH2004,2020-03-09 09:30:31.900,2898.2000,4292,0,129565980.000,0,-,-,-,-,2895.4000,2894.8000,2894.4000,2894.0000,2893.0000,2898.6000,2899.2000,2899.8000,2900.0000,2903.0000,1,1,3,10,10,1,1,8,1,1
SF,IH2004,2020-03-09 09:30:32.400,2898.2000,4292,0,129565980.000,0,-,-,-,-,2895.6000,2895.4000,2894.8000,2894.4000,2894.0000,2896.0000,2898.4000,2898.6000,2899.2000,2899.8000,1,1,1,1,10,1,3,1,1,8
SF,IH2004,2020-03-09 09:30:32.900,2896.0000,4292,0,130434780.000,1,0,1,多换,S,2895.6000,2895.2000,2894.8000,2894.4000,2894.0000,2897.0000,2898.4000,2898.6000,2899.2000,2899.8000,1,1,1,1,10,1,1,1,1,7
SF,IH2004,2020-03-09 09:30:33.400,2896.0000,4292,0,130434780.000,0,-,-,-,-,2894.8000,2894.4000,2894.0000,2893.0000,2892.0000,2897.0000,2898.4000,2898.6000,2899.2000,2899.8000,1,1,10,10,10,1,1,2,1,7
SF,IH2004,2020-03-09 09:30:33.900,2896.0000,4292,0,130434780.000,0,-,-,-,-,2896.4000,2896.0000,2895.2000,2895.0000,2894.8000,2896.8000,2897.0000,2898.4000,2898.6000,2899.2000,1,2,1,4,1,2,1,1,1,1
SF,IH2004,2020-03-09 09:30:34.400,2896.8000,4290,-2,132172860.000,2,0,2,双平,S,2895.2000,2895.0000,2894.8000,2894.4000,2894.0000,2897.0000,2898.4000,2898.6000,2899.2000,2899.8000,1,1,1,1,13,2,1,1,1,7
SF,IH2004,2020-03-09 09:30:34.900,2896.8000,4290,0,132172860.000,0,-,-,-,-,2895.4000,2895.2000,2894.8000,2894.4000,2894.0000,2896.4000,2897.0000,2898.4000,2898.6000,2899.2000,3,1,1,1,13,1,2,1,1,1
SF,IH2004,2020-03-09 09:30:35.400,2896.8000,4290,0,132172860.000,0,-,-,-,-,2895.6000,2895.4000,2895.2000,2894.8000,2894.4000,2896.4000,2897.0000,2898.4000,2898.6000,2899.2000,1,2,1,1,1,1,2,1,1,1
SF,IH2004,2020-03-09 09:30:35.900,2896.4000,4289,-1,133041780.000,1,0,1,双平,S,2895.4000,2895.2000,2894.8000,2894.4000,2894.0000,2897.0000,2898.4000,2898.6000,2899.2000,2899.8000,2,1,1,1,13,2,1,1,1,7
SF,IH2004,2020-03-09 09:30:36.400,2896.4000,4289,0,133041780.000,0,-,-,-,-,2895.6000,2895.4000,2895.2000,2894.8000,2894.4000,2897.0000,2898.4000,2898.6000,2899.2000,2899.8000,1,2,1,1,1,2,1,1,1,7
SF,IH2004,2020-03-09 09:30:36.900,2897.0000,4286,-3,136516920.000,4,0,4,多平,S,2895.2000,2894.8000,2894.4000,2894.0000,2893.0000,2897.0000,2898.4000,2898.6000,2899.2000,2899.8000,1,1,1,13,10,1,1,1,1,7
SF,IH2004,2020-03-09 09:30:37.400,2895.2000,4286,0,137385480.000,1,0,1,多换,S,2894.8000,2894.4000,2894.0000,2893.0000,2892.0000,2895.2000,2895.6000,2897.0000,2898.4000,2898.6000,1,1,13,10,10,1,1,1,1,1
SF,IH2004,2020-03-09 09:30:37.900,2897.0000,4285,-1,140860800.000,4,1,3,多平,S,2894.4000,2894.0000,2893.0000,2892.0000,2891.0000,2898.6000,2899.2000,2899.8000,2900.0000,2903.0000,1,13,10,10,13,1,1,7,1,1
SF,IH2004,2020-03-09 09:30:38.400,2897.0000,4285,0,140860800.000,0,-,-,-,-,2897.0000,2894.0000,2893.0000,2892.0000,2891.0000,2898.4000,2898.6000,2899.2000,2899.8000,2900.0000,1,13,10,10,13,5,1,1,4,1
SF,IH2004,2020-03-09 09:30:38.900,2897.0000,4285,0,141729900.000,1,0,1,多换,S,2894.0000,2893.0000,2892.0000,2891.0000,2890.4000,2894.4000,2897.0000,2898.2000,2898.4000,2898.6000,13,10,10,13,1,1,6,2,7,1
SF,IH2004,2020-03-09 09:30:39.400,2894.2000,4283,-2,143466480.000,2,0,2,双平,S,2894.0000,2893.0000,2892.0000,2891.0000,2890.4000,2897.0000,2898.4000,2898.6000,2899.2000,2899.8000,13,10,10,13,1,5,5,1,1,4
SF,IH2004,2020-03-09 09:30:39.900,2894.2000,4283,0,143466480.000,0,-,-,-,-,2896.0000,2894.2000,2894.0000,2893.0000,2892.0000,2897.0000,2898.4000,2898.6000,2899.2000,2899.8000,1,1,13,10,10,5,5,1,1,4
SF,IH2004,2020-03-09 09:30:40.400,2896.0000,4282,-1,144335280.000,1,0,1,双平,S,2894.2000,2894.0000,2893.0000,2892.0000,2891.0000,2896.0000,2896.8000,2897.0000,2898.4000,2898.6000,1,13,10,10,13,2,1,5,5,1
SF,IH2004,2020-03-09 09:30:40.900,2894.2000,4281,-1,145203540.000,1,0,1,双平,S,2894.0000,2893.0000,2892.0000,2891.0000,2890.4000,2894.4000,2895.8000,2896.0000,2896.8000,2897.0000,13,10,10,13,1,2,1,1,1,2
SF,IH2004,2020-03-09 09:30:41.400,2894.4000,4281,0,146940180.000,2,1,1,多换,S,2894.0000,2893.0000,2892.0000,2891.0000,2890.4000,2895.8000,2896.0000,2896.8000,2897.0000,2898.4000,13,10,10,13,1,1,1,1,2,5
SF,IH2004,2020-03-09 09:30:41.900,2894.4000,4282,1,147808500.000,1,1,0,双开,S,2894.0000,2893.0000,2892.0000,2891.0000,2890.4000,2896.0000,2896.8000,2897.0000,2898.4000,2898.6000,13,10,10,13,1,1,1,1,5,1
SF,IH2004,2020-03-09 09:30:42.400,2894.4000,4282,0,147808500.000,0,-,-,-,-,2894.0000,2893.0000,2892.0000,2891.0000,2890.4000,2896.8000,2898.4000,2898.6000,2899.2000,2899.8000,13,10,10,13,1,1,5,1,1,3
SF,IH2004,2020-03-09 09:30:42.900,2894.4000,4282,0,147808500.000,0,-,-,-,-,2894.4000,2894.0000,2893.8000,2893.0000,2892.0000,2896.6000,2898.4000,2898.6000,2899.2000,2899.8000,1,13,1,10,10,1,5,1,1,3
SF,IH2004,2020-03-09 09:30:43.400,2894.4000,4282,0,147808500.000,0,-,-,-,-,2894.4000,2894.0000,2893.8000,2893.0000,2892.0000,2898.4000,2898.6000,2899.2000,2899.8000,2903.0000,2,13,1,10,10,5,1,1,3,1
SF,IH2004,2020-03-09 09:30:43.900,2894.4000,4282,0,147808500.000,0,-,-,-,-,2894.4000,2894.0000,2893.8000,2893.0000,2892.0000,2898.2000,2898.4000,2898.6000,2899.2000,2903.0000,1,13,1,10,10,5,5,1,1,1
SF,IH2004,2020-03-09 09:30:44.400,2894.4000,4282,0,147808500.000,0,-,-,-,-,2896.8000,2894.4000,2894.0000,2893.8000,2893.0000,2898.0000,2898.2000,2898.4000,2898.6000,2899.2000,2,2,13,1,10,1,5,5,1,1
SF,IH2004,2020-03-09 09:30:44.900,2896.8000,4282,0,149546580.000,2,1,1,多换,S,2894.4000,2894.0000,2893.8000,2893.0000,2892.0000,2896.8000,2897.8000,2898.0000,2898.2000,2898.4000,2,13,1,10,10,5,3,2,4,2
SF,IH2004,2020-03-09 09:30:45.400,2896.8000,4282,0,149546580.000,0,-,-,-,-,2894.4000,2894.0000,2893.8000,2893.0000,2892.0000,2896.6000,2896.8000,2897.8000,2898.0000,2898.2000,2,13,1,10,10,1,5,3,2,4
SF,IH2004,2020-03-09 09:30:45.900,2896.8000,4282,0,149546580.000,0,-,-,-,-,2894.4000,2894.0000,2893.0000,2892.0000,2891.0000,2896.6000,2896.8000,2897.8000,2898.0000,2898.2000,1,13,10,10,13,1,5,3,2,4
SF,IH2004,2020-03-09 09:30:46.400,2896.8000,4282,0,149546580.000,0,-,-,-,-,2894.4000,2894.0000,2893.0000,2892.0000,2891.0000,2896.6000,2896.8000,2897.8000,2898.0000,2898.2000,1,13,10,10,13,1,4,3,2,4
SF,IH2004,2020-03-09 09:30:46.900,2896.8000,4282,0,149546580.000,0,-,-,-,-,2894.4000,2894.0000,2893.0000,2892.0000,2891.0000,2896.6000,2896.8000,2897.8000,2898.0000,2898.2000,1,13,10,10,13,1,1,3,2,4
SF,IH2004,2020-03-09 09:30:47.400,2896.6000,4282,0,150415560.000,1,0,1,多换,S,2894.4000,2894.0000,2893.0000,2892.4000,2892.0000,2896.8000,2897.8000,2898.0000,2898.2000,2898.4000,2,13,10,1,10,1,3,2,4,2
SF,IH2004,2020-03-09 09:30:47.900,2896.6000,4282,0,150415560.000,0,-,-,-,-,2894.4000,2894.0000,2893.0000,2892.4000,2892.0000,2896.6000,2896.8000,2897.8000,2898.0000,2898.2000,1,13,10,1,10,1,1,3,2,4
SF,IH2004,2020-03-09 09:30:48.400,2896.6000,4282,0,150415560.000,0,-,-,-,-,2894.4000,2894.0000,2893.0000,2892.4000,2892.0000,2896.4000,2896.8000,2897.8000,2898.0000,2898.2000,1,13,10,1,10,1,1,3,2,4
SF,IH2004,2020-03-09 09:30:51.400,2896.6000,4282,0,151284540.000,1,0,1,多换,S,2894.4000,2894.0000,2893.0000,2892.4000,2892.0000,2896.8000,2897.8000,2898.0000,2898.2000,2898.4000,2,13,10,1,10,1,3,2,4,2
SF,IH2004,2020-03-09 09:30:51.900,2896.6000,4282,0,151284540.000,0,-,-,-,-,2895.0000,2894.6000,2894.4000,2894.0000,2893.0000,2896.8000,2897.8000,2898.0000,2898.2000,2898.4000,1,3,3,13,10,1,3,2,4,2
SF,IH2004,2020-03-09 09:30:52.400,2895.2000,4281,-1,152153100.000,1,0,1,双平,S,2895.0000,2894.6000,2894.4000,2894.0000,2893.0000,2896.6000,2896.8000,2897.8000,2898.0000,2898.2000,1,1,1,13,10,1,1,3,2,4
SF,IH2004,2020-03-09 09:30:52.900,2895.2000,4281,0,152153100.000,0,-,-,-,-,2895.0000,2894.4000,2894.0000,2893.0000,2892.4000,2896.6000,2896.8000,2897.8000,2898.0000,2898.2000,1,1,13,10,1,1,1,3,2,4
SF,IH2004,2020-03-09 09:30:54.400,2895.2000,4281,0,152153100.000,0,-,-,-,-,2895.0000,2894.4000,2894.0000,2893.0000,2892.4000,2896.6000,2896.8000,2897.8000,2898.0000,2898.2000,1,1,13,10,1,1,1,3,2,4
SF,IH2004,2020-03-09 09:30:55.400,2895.2000,4281,0,152153100.000,0,-,-,-,-,2895.0000,2894.4000,2894.0000,2893.0000,2892.4000,2896.6000,2896.8000,2897.8000,2898.0000,2898.2000,1,1,10,10,1,1,1,3,2,4
SF,IH2004,2020-03-09 09:30:55.900,2895.0000,4282,1,153021600.000,1,1,0,双开,S,2894.4000,2894.0000,2893.0000,2892.4000,2892.0000,2896.6000,2896.8000,2897.8000,2898.0000,2898.2000,1,10,10,1,10,1,1,3,2,4
SF,IH2004,2020-03-09 09:30:56.400,2895.0000,4282,0,153021600.000,0,-,-,-,-,2894.4000,2894.0000,2893.0000,2892.4000,2892.0000,2896.6000,2896.8000,2897.8000,2898.0000,2898.2000,2,10,10,1,10,1,1,3,2,4
SF,IH2004,2020-03-09 09:30:56.900,2895.0000,4282,0,153021600.000,0,-,-,-,-,2894.8000,2894.6000,2894.4000,2894.0000,2893.0000,2896.6000,2896.8000,2897.8000,2898.0000,2898.2000,1,1,2,10,10,1,1,3,2,4
SF,IH2004,2020-03-09 09:30:57.400,2895.0000,4282,0,153021600.000,0,-,-,-,-,2894.4000,2894.0000,2893.0000,2892.4000,2892.0000,2896.6000,2896.8000,2897.8000,2898.0000,2898.2000,1,10,10,1,10,1,1,3,2,4
SF,IH2004,2020-03-09 09:30:57.900,2895.0000,4282,0,153021600.000,0,-,-,-,-,2894.4000,2894.0000,2893.0000,2892.4000,2892.0000,2896.4000,2896.6000,2896.8000,2897.8000,2898.0000,1,10,10,1,10,1,1,1,3,2
SF,IH2004,2020-03-09 09:30:58.400,2895.0000,4282,0,153021600.000,0,-,-,-,-,2894.4000,2894.0000,2893.0000,2892.4000,2892.0000,2896.2000,2896.4000,2896.8000,2897.8000,2898.0000,1,10,10,1,10,1,1,1,3,2
SF,IH2004,2020-03-09 09:30:58.900,2895.0000,4282,0,153021600.000,0,-,-,-,-,2894.4000,2894.0000,2893.0000,2892.4000,2892.0000,2896.2000,2896.8000,2897.8000,2898.0000,2898.2000,1,10,10,1,10,1,1,3,2,4
SF,IH2004,2020-03-09 09:30:59.400,2895.0000,4282,0,153021600.000,0,-,-,-,-,2894.4000,2894.0000,2893.0000,2892.4000,2892.0000,2896.2000,2896.8000,2897.8000,2898.0000,2898.2000,1,10,10,1,10,1,1,3,2,4
SF,IH2004,2020-03-09 09:30:59.900,2894.4000,4281,-1,154758240.000,2,0,2,多平,S,2894.4000,2894.0000,2893.0000,2892.4000,2892.0000,2896.0000,2896.2000,2896.8000,2897.8000,2898.0000,2,10,10,1,10,1,1,1,3,2
SF,IH2004,2020-03-09 09:31:00.400,2894.0000,4282,1,157363080.000,3,2,1,空开,S,2894.0000,2893.0000,2892.4000,2892.0000,2891.0000,2895.8000,2896.0000,2896.2000,2896.8000,2897.8000,9,10,1,10,11,1,1,1,1,3
SF,IH2004,2020-03-09 09:31:00.900,2894.4000,4280,-2,159099720.000,2,0,2,双平,S,2894.2000,2894.0000,2893.0000,2892.4000,2892.0000,2895.6000,2895.8000,2896.8000,2897.8000,2898.0000,1,9,10,1,10,2,1,1,3,2
SF,IH2004,2020-03-09 09:31:01.400,2894.2000,4280,0,159967980.000,1,0,1,多换,S,2894.0000,2893.0000,2892.4000,2892.0000,2891.0000,2895.6000,2895.8000,2896.8000,2897.8000,2898.0000,9,10,1,10,11,2,1,1,3,3
SF,IH2004,2020-03-09 09:31:01.900,2894.2000,4280,0,159967980.000,0,-,-,-,-,2894.0000,2893.0000,2892.4000,2892.0000,2891.0000,2894.2000,2895.6000,2895.8000,2896.0000,2896.8000,9,10,1,10,11,1,2,1,1,1
SF,IH2004,2020-03-09 09:31:02.400,2894.0000,4281,1,160836180.000,1,1,0,双开,S,2894.0000,2893.0000,2892.4000,2892.0000,2891.0000,2894.2000,2895.6000,2895.8000,2896.0000,2896.8000,8,10,1,10,11,1,2,1,1,1
SF,IH2004,2020-03-09 09:31:02.900,2894.0000,4281,0,162572580.000,2,1,1,多换,S,2894.0000,2893.0000,2892.4000,2892.0000,2891.0000,2894.2000,2895.6000,2895.8000,2896.0000,2896.8000,6,10,1,10,11,1,2,1,1,1
SF,IH2004,2020-03-09 09:31:03.400,2893.0000,4282,1,168649680.000,7,4,3,空开,S,2893.0000,2892.4000,2892.0000,2891.0000,2890.4000,2894.0000,2894.2000,2894.4000,2895.6000,2895.8000,9,1,10,11,1,5,1,1,2,1
SF,IH2004,2020-03-09 09:31:03.900,2893.0000,4282,0,169517580.000,1,0,1,多换,S,2893.0000,2892.4000,2892.0000,2891.0000,2890.4000,2893.8000,2894.0000,2894.4000,2895.6000,2895.8000,8,1,10,11,1,2,6,1,2,1
SF,IH2004,2020-03-09 09:31:04.400,2893.0000,4284,2,175592880.000,7,4,3,空开,S,2893.0000,2892.4000,2892.0000,2891.0000,2890.4000,2893.6000,2893.8000,2894.0000,2894.4000,2895.6000,1,1,10,11,1,4,2,6,1,1
SF,IH2004,2020-03-09 09:31:04.900,2893.0000,4283,-1,178196940.000,3,1,2,多平,S,2892.4000,2892.0000,2891.0000,2890.4000,2890.0000,2893.0000,2893.8000,2894.0000,2894.4000,2895.6000,1,10,11,1,11,1,1,6,1,1
SF,IH2004,2020-03-09 09:31:05.400,2893.0000,4283,0,178196940.000,0,-,-,-,-,2892.4000,2892.0000,2891.0000,2890.4000,2890.0000,2893.0000,2893.6000,2893.8000,2894.0000,2894.4000,1,10,11,1,11,1,1,1,1,1
SF,IH2004,2020-03-09 09:31:05.900,2893.0000,4281,-2,179932560.000,2,0,2,双平,S,2892.0000,2891.0000,2890.4000,2890.0000,2889.0000,2892.4000,2893.6000,2893.8000,2894.4000,2895.6000,10,11,1,11,10,2,1,1,1,1
SF,IH2004,2020-03-09 09:31:06.400,2892.6000,4280,-1,181668240.000,2,0,2,多平,S,2892.0000,2891.0000,2890.4000,2890.0000,2889.0000,2893.6000,2893.8000,2894.4000,2895.6000,2896.0000,10,11,1,11,10,1,1,1,6,1
SF,IH2004,2020-03-09 09:31:06.900,2892.0000,4280,0,183403440.000,2,1,1,多换,S,2892.0000,2891.0000,2890.4000,2890.0000,2889.0000,2893.4000,2893.8000,2894.4000,2895.6000,2896.0000,8,11,1,11,10,1,1,1,1,1
SF,IH2004,2020-03-09 09:31:07.400,2892.0000,4285,5,188609040.000,6,5,1,空开,S,2892.0000,2891.0000,2890.4000,2890.0000,2889.0000,2893.2000,2893.4000,2893.8000,2894.4000,2895.6000,2,11,1,11,10,5,1,2,1,1
SF,IH2004,2020-03-09 09:31:07.900,2892.0000,4286,1,189476640.000,1,1,0,双开,S,2892.0000,2891.0000,2890.4000,2890.0000,2889.0000,2893.2000,2893.4000,2893.8000,2894.4000,2895.6000,1,11,1,11,10,5,1,1,1,1
SF,IH2004,2020-03-09 09:31:08.400,2892.0000,4285,-1,190344240.000,1,0,1,双平,S,2892.2000,2892.0000,2891.0000,2890.4000,2890.0000,2893.8000,2894.4000,2895.6000,2896.0000,2896.8000,1,1,11,1,11,1,1,1,1,1
SF,IH2004,2020-03-09 09:31:08.900,2892.0000,4284,-1,192079440.000,2,0,2,多平,S,2891.0000,2890.4000,2890.0000,2889.0000,2888.0000,2892.0000,2892.2000,2893.0000,2893.6000,2893.8000,11,1,11,10,10,2,1,1,7,2
SF,IH2004,2020-03-09 09:31:09.400,2892.2000,4284,0,194682300.000,3,1,2,多换,S,2891.2000,2891.0000,2890.4000,2890.0000,2889.0000,2893.6000,2893.8000,2894.4000,2895.6000,2896.0000,1,11,1,11,10,7,1,1,1,1
SF,IH2004,2020-03-09 09:31:09.900,2892.2000,4284,0,194682300.000,0,-,-,-,-,2891.2000,2891.0000,2890.4000,2890.0000,2889.0000,2893.4000,2893.6000,2893.8000,2894.4000,2896.0000,1,11,1,11,10,1,6,1,1,1
SF,IH2004,2020-03-09 09:31:10.400,2892.2000,4284,0,194682300.000,0,-,-,-,-,2891.2000,2891.0000,2890.4000,2890.0000,2889.0000,2893.2000,2893.4000,2893.6000,2893.8000,2894.4000,1,11,1,11,10,1,2,6,1,1
SF,IH2004,2020-03-09 09:31:10.900,2892.2000,4284,0,194682300.000,0,-,-,-,-,2891.0000,2890.4000,2890.0000,2889.0000,2888.0000,2891.2000,2893.0000,2893.2000,2893.4000,2893.6000,11,1,11,10,10,1,3,2,1,5
SF,IH2004,2020-03-09 09:31:11.400,2891.0000,4286,2,197284260.000,3,2,1,空开,S,2891.0000,2890.4000,2890.0000,2889.0000,2888.0000,2891.2000,2893.0000,2893.2000,2893.4000,2893.6000,9,1,11,10,10,1,2,2,1,5
SF,IH2004,2020-03-09 09:31:11.900,2891.0000,4286,0,199018920.000,2,1,1,多换,S,2891.0000,2890.4000,2890.0000,2889.0000,2888.0000,2893.0000,2893.2000,2893.4000,2893.6000,2893.8000,8,1,11,10,10,2,1,1,5,1
SF,IH2004,2020-03-09 09:31:12.400,2891.0000,4286,0,199018920.000,0,-,-,-,-,2891.0000,2890.4000,2890.0000,2889.0000,2888.0000,2892.8000,2893.0000,2893.2000,2893.4000,2893.6000,8,1,11,10,10,1,2,1,1,5
SF,IH2004,2020-03-09 09:31:12.900,2891.0000,4286,0,199018920.000,0,-,-,-,-,2891.0000,2890.4000,2890.0000,2889.0000,2888.0000,2892.6000,2892.8000,2893.0000,2893.2000,2893.4000,8,1,11,10,10,2,3,1,1,1
SF,IH2004,2020-03-09 09:31:13.400,2891.0000,4287,1,199886220.000,1,1,0,双开,S,2891.0000,2890.4000,2890.0000,2889.0000,2888.0000,2892.6000,2892.8000,2893.0000,2893.2000,2893.4000,7,1,11,10,10,3,3,1,1,1
SF,IH2004,2020-03-09 09:31:13.900,2891.0000,4290,3,203355420.000,4,3,1,空开,S,2891.0000,2890.4000,2890.0000,2889.0000,2888.0000,2892.4000,2892.6000,2892.8000,2893.0000,2893.4000,3,1,11,10,10,4,3,3,1,1
SF,IH2004,2020-03-09 09:31:14.400,2891.0000,4292,2,205090020.000,2,2,0,双开,S,2891.0000,2890.4000,2890.0000,2889.0000,2888.0000,2892.4000,2892.6000,2892.8000,2893.0000,2893.4000,1,1,11,10,10,4,3,1,1,1
SF,IH2004,2020-03-09 09:31:14.900,2891.0000,4291,-1,210295500.000,6,2,4,多平,S,2891.2000,2890.4000,2890.0000,2889.0000,2888.0000,2892.2000,2892.6000,2892.8000,2893.0000,2893.4000,1,1,11,10,10,1,3,1,1,1
SF,IH2004,2020-03-09 09:31:15.400,2891.0000,4291,0,210295500.000,0,-,-,-,-,2891.4000,2891.2000,2890.4000,2890.0000,2889.0000,2892.6000,2892.8000,2893.0000,2893.4000,2893.6000,1,1,1,11,10,2,1,1,1,5
SF,IH2004,2020-03-09 09:31:15.900,2891.2000,4291,0,211162860.000,1,0,1,多换,S,2891.2000,2890.4000,2890.0000,2889.0000,2888.0000,2892.4000,2892.6000,2892.8000,2893.0000,2893.4000,1,1,11,10,10,1,1,1,1,1
SF,IH2004,2020-03-09 09:31:16.400,2891.2000,4291,0,211162860.000,0,-,-,-,-,2891.2000,2890.4000,2890.0000,2889.0000,2888.0000,2891.4000,2892.2000,2892.4000,2892.6000,2892.8000,1,1,11,10,10,2,2,1,1,1
SF,IH2004,2020-03-09 09:31:16.900,2891.2000,4291,0,213765060.000,3,1,2,多换,S,2890.4000,2890.0000,2889.0000,2888.0000,2887.0000,2892.2000,2892.4000,2892.6000,2892.8000,2893.0000,1,11,10,10,10,2,1,1,1,1
SF,IH2004,2020-03-09 09:31:17.400,2891.2000,4291,0,213765060.000,0,-,-,-,-,2890.4000,2890.0000,2889.0000,2888.0000,2887.0000,2891.2000,2892.0000,2892.2000,2892.4000,2892.6000,1,11,10,10,10,3,2,2,1,1
SF,IH2004,2020-03-09 09:31:17.900,2891.2000,4290,-1,216366840.000,3,1,2,多平,S,2890.0000,2889.0000,2888.0000,2887.0000,2886.0000,2891.2000,2892.0000,2892.2000,2892.4000,2892.6000,11,10,10,10,11,2,2,2,1,1
SF,IH2004,2020-03-09 09:31:18.400,2890.0000,4290,0,217233840.000,1,0,1,多换,S,2890.0000,2889.0000,2888.0000,2887.0000,2886.0000,2891.0000,2891.2000,2892.0000,2892.2000,2892.4000,10,10,10,10,11,1,2,2,2,1
SF,IH2004,2020-03-09 09:31:18.900,2890.0000,4290,0,218967840.000,2,1,1,多换,S,2890.0000,2889.0000,2888.0000,2887.0000,2886.0000,2891.0000,2891.2000,2892.0000,2892.2000,2892.4000,8,10,10,10,11,1,2,2,2,1
SF,IH2004,2020-03-09 09:31:19.400,2890.0000,4293,3,221568840.000,3,3,0,双开,S,2890.0000,2889.0000,2888.0000,2887.0000,2886.0000,2890.8000,2891.0000,2892.0000,2892.2000,2892.4000,5,10,10,10,11,4,1,2,2,1
SF,IH2004,2020-03-09 09:31:19.900,2890.0000,4297,4,225903840.000,5,4,1,空开,S,2889.0000,2888.0000,2887.0000,2886.0000,2885.6000,2890.0000,2890.8000,2891.0000,2892.0000,2892.2000,10,10,10,11,1,2,4,1,2,2
SF,IH2004,2020-03-09 09:31:20.400,2889.0000,4298,1,226770540.000,1,1,0,双开,S,2889.0000,2888.0000,2887.0000,2886.0000,2885.6000,2890.0000,2890.6000,2890.8000,2891.0000,2892.0000,9,10,10,11,1,6,1,3,1,2
SF,IH2004,2020-03-09 09:31:20.900,2890.0000,4298,0,228504480.000,2,1,1,多换,S,2889.0000,2888.0000,2887.0000,2886.0000,2885.6000,2890.0000,2890.6000,2890.8000,2891.0000,2892.0000,9,10,10,11,1,5,1,3,1,2
SF,IH2004,2020-03-09 09:31:21.400,2890.0000,4298,0,230238480.000,2,1,1,多换,S,2889.0000,2888.0000,2887.0000,2886.0000,2885.6000,2890.0000,2891.0000,2892.0000,2892.2000,2892.4000,9,10,10,11,1,3,1,2,2,1
SF,IH2004,2020-03-09 09:31:21.900,2889.0000,4298,0,231105180.000,1,0,1,多换,S,2889.0000,2888.0000,2887.0000,2886.0000,2885.6000,2890.0000,2891.0000,2892.0000,2892.2000,2892.4000,8,10,10,11,1,3,1,2,2,1
SF,IH2004,2020-03-09 09:31:22.400,2889.0000,4298,0,231105180.000,0,-,-,-,-,2889.0000,2888.0000,2887.0000,2886.0000,2885.6000,2889.8000,2891.0000,2892.0000,2892.2000,2892.4000,8,10,10,11,1,1,1,2,2,1
SF,IH2004,2020-03-09 09:31:22.900,2889.0000,4298,0,231105180.000,0,-,-,-,-,2889.0000,2888.0000,2887.0000,2886.0000,2885.6000,2891.0000,2892.0000,2892.2000,2892.4000,2892.6000,8,10,10,11,1,1,2,2,1,1
SF,IH2004,2020-03-09 09:31:23.400,2889.0000,4299,1,231971880.000,1,1,0,双开,S,2890.0000,2889.0000,2888.0000,2887.0000,2886.0000,2890.8000,2891.0000,2892.0000,2892.4000,2892.6000,1,7,10,10,11,6,1,1,1,1
SF,IH2004,2020-03-09 09:31:23.900,2890.0000,4298,-1,232838880.000,1,0,1,双平,S,2889.0000,2888.0000,2887.0000,2886.0000,2885.6000,2890.0000,2890.8000,2891.0000,2892.0000,2892.4000,7,10,10,11,1,2,5,1,1,1
SF,IH2004,2020-03-09 09:31:24.400,2889.0000,4298,0,235438980.000,3,1,2,多换,S,2889.0000,2888.0000,2887.0000,2886.0000,2885.6000,2890.0000,2890.6000,2890.8000,2891.0000,2892.0000,4,10,10,11,1,4,1,5,1,1
SF,IH2004,2020-03-09 09:31:24.900,2889.0000,4299,1,236305680.000,1,1,0,双开,S,2889.0000,2888.0000,2887.0000,2886.0000,2885.6000,2890.0000,2890.6000,2890.8000,2891.0000,2892.0000,3,10,10,11,1,4,1,5,1,1
SF,IH2004,2020-03-09 09:31:25.400,2889.0000,4299,0,237172380.000,1,0,1,多换,S,2889.0000,2888.0000,2887.0000,2886.0000,2885.6000,2890.0000,2890.8000,2891.0000,2892.0000,2892.4000,2,10,10,11,1,3,5,1,1,1
SF,IH2004,2020-03-09 09:31:25.900,2889.0000,4299,0,237172380.000,0,-,-,-,-,2889.0000,2888.0000,2887.0000,2886.0000,2885.6000,2889.8000,2890.0000,2890.8000,2891.0000,2892.0000,2,10,10,11,1,1,2,5,1,1
SF,IH2004,2020-03-09 09:31:26.400,2889.0000,4300,1,238905780.000,2,1,1,空开,S,2888.0000,2887.0000,2886.0000,2885.6000,2885.0000,2889.8000,2890.8000,2891.0000,2892.0000,2892.4000,10,10,11,1,10,2,5,1,1,1
SF,IH2004,2020-03-09 09:31:26.900,2889.0000,4300,0,238905780.000,0,-,-,-,-,2888.0000,2887.0000,2886.0000,2885.6000,2885.0000,2889.0000,2889.6000,2889.8000,2890.8000,2891.0000,10,10,11,1,10,2,1,1,5,1
SF,IH2004,2020-03-09 09:31:27.400,2889.0000,4300,0,240639180.000,2,1,1,多换,S,2888.0000,2887.0000,2886.0000,2885.6000,2885.0000,2889.6000,2889.8000,2890.8000,2891.0000,2892.0000,10,10,11,1,10,1,1,5,1,1
SF,IH2004,2020-03-09 09:31:27.900,2889.0000,4300,0,240639180.000,0,-,-,-,-,2888.0000,2887.0000,2886.0000,2885.6000,2885.0000,2889.0000,2889.6000,2889.8000,2890.8000,2891.0000,10,10,11,1,10,1,1,1,5,1
SF,IH2004,2020-03-09 09:31:28.400,2889.0000,4300,0,240639180.000,0,-,-,-,-,2888.0000,2887.0000,2886.0000,2885.6000,2885.0000,2889.0000,2889.4000,2889.6000,2889.8000,2890.8000,10,10,11,1,10,1,1,1,1,5
SF,IH2004,2020-03-09 09:31:28.900,2888.0000,4301,1,241505580.000,1,1,0,双开,S,2888.0000,2887.0000,2886.0000,2885.6000,2885.0000,2889.0000,2889.4000,2889.6000,2889.8000,2890.8000,9,10,11,1,10,1,1,1,1,5
SF,IH2004,2020-03-09 09:31:29.400,2888.0000,4304,3,244971180.000,4,3,1,空开,S,2888.0000,2887.0000,2886.0000,2885.6000,2885.0000,2888.8000,2889.0000,2889.4000,2889.6000,2889.8000,6,10,11,1,10,1,1,1,1,1
SF,IH2004,2020-03-09 09:31:29.900,2888.0000,4304,0,244971180.000,0,-,-,-,-,2888.0000,2887.0000,2886.0000,2885.6000,2885.0000,2889.0000,2889.4000,2889.6000,2889.8000,2890.8000,6,10,11,1,10,1,1,1,1,5
SF,IH2004,2020-03-09 09:31:30.400,2888.0000,4304,0,244971180.000,0,-,-,-,-,2888.0000,2887.0000,2886.0000,2885.6000,2885.0000,2889.0000,2889.4000,2889.6000,2889.8000,2890.8000,6,10,11,1,10,1,1,1,1,5
SF,IH2004,2020-03-09 09:31:30.900,2888.0000,4306,2,246703980.000,2,2,0,双开,S,2888.0000,2887.0000,2886.0000,2885.6000,2885.0000,2888.8000,2889.0000,2889.4000,2889.6000,2889.8000,4,10,11,1,10,1,1,1,1,1
SF,IH2004,2020-03-09 09:31:31.400,2888.0000,4306,0,246703980.000,0,-,-,-,-,2888.0000,2887.0000,2886.0000,2885.6000,2885.0000,2889.0000,2889.4000,2889.6000,2889.8000,2890.8000,4,10,11,1,10,1,1,1,1,5
SF,IH2004,2020-03-09 09:31:31.900,2888.0000,4306,0,246703980.000,0,-,-,-,-,2888.0000,2887.0000,2886.0000,2885.6000,2885.0000,2889.0000,2889.4000,2889.6000,2889.8000,2890.8000,4,10,11,1,10,1,1,1,1,5
SF,IH2004,2020-03-09 09:31:32.400,2888.0000,4307,1,247570380.000,1,1,0,双开,S,2888.0000,2887.0000,2886.0000,2885.6000,2885.0000,2888.8000,2889.0000,2889.4000,2889.6000,2889.8000,3,10,11,1,10,1,1,1,1,1
SF,IH2004,2020-03-09 09:31:32.900,2889.0000,4307,0,249303720.000,2,1,1,多换,S,2888.0000,2887.0000,2886.0000,2885.6000,2885.0000,2889.4000,2889.6000,2889.8000,2890.8000,2891.8000,3,10,11,1,10,1,1,1,5,5
SF,IH2004,2020-03-09 09:31:33.400,2889.0000,4307,0,249303720.000,0,-,-,-,-,2888.0000,2887.0000,2886.0000,2885.6000,2885.0000,2889.4000,2889.6000,2889.8000,2890.8000,2891.8000,3,10,11,1,10,1,1,1,5,5
SF,IH2004,2020-03-09 09:31:33.900,2888.0000,4310,3,251902920.000,3,3,0,双开,S,2887.0000,2886.0000,2885.6000,2885.0000,2884.0000,2889.2000,2889.4000,2889.6000,2889.8000,2890.8000,10,11,1,10,10,2,1,1,1,3
SF,IH2004,2020-03-09 09:31:34.400,2889.0000,4309,-1,252769620.000,1,0,1,双平,S,2887.2000,2887.0000,2886.0000,2885.6000,2885.0000,2889.2000,2889.4000,2889.8000,2890.8000,2891.8000,2,10,11,1,10,2,1,1,3,5
SF,IH2004,2020-03-09 09:31:34.900,2889.0000,4309,0,252769620.000,0,-,-,-,-,2887.4000,2887.2000,2887.0000,2886.0000,2885.6000,2889.2000,2889.4000,2889.8000,2890.8000,2891.8000,2,2,10,11,1,2,1,1,3,5
SF,IH2004,2020-03-09 09:31:35.400,2889.0000,4309,0,252769620.000,0,-,-,-,-,2887.6000,2887.4000,2887.0000,2886.0000,2885.6000,2889.4000,2889.8000,2890.8000,2891.8000,2892.4000,2,2,10,11,1,1,1,3,5,1
SF,IH2004,2020-03-09 09:31:35.900,2889.0000,4309,0,252769620.000,0,-,-,-,-,2887.6000,2887.4000,2887.0000,2886.0000,2885.6000,2889.4000,2889.8000,2890.8000,2891.8000,2892.4000,2,2,10,11,1,1,1,3,5,1
SF,IH2004,2020-03-09 09:31:36.400,2889.0000,4309,0,252769620.000,0,-,-,-,-,2887.6000,2887.0000,2886.0000,2885.6000,2885.0000,2889.4000,2889.8000,2890.8000,2891.8000,2892.4000,3,10,11,1,10,1,1,3,5,1
SF,IH2004,2020-03-09 09:31:36.900,2889.0000,4309,0,252769620.000,0,-,-,-,-,2887.6000,2887.0000,2886.0000,2885.6000,2885.0000,2889.2000,2889.4000,2889.8000,2890.8000,2891.8000,3,10,11,1,10,2,1,1,3,5
SF,IH2004,2020-03-09 09:31:37.400,2889.0000,4309,0,252769620.000,0,-,-,-,-,2887.6000,2887.0000,2886.0000,2885.6000,2885.0000,2889.2000,2889.4000,2889.8000,2890.8000,2891.8000,2,10,11,1,10,2,1,1,3,5
SF,IH2004,2020-03-09 09:31:37.900,2889.4000,4309,0,253636440.000,1,0,1,多换,S,2887.6000,2887.0000,2886.0000,2885.6000,2885.0000,2889.8000,2890.8000,2891.8000,2892.4000,2892.8000,2,10,11,1,10,1,3,5,1,1
SF,IH2004,2020-03-09 09:31:38.400,2889.4000,4309,0,253636440.000,0,-,-,-,-,2887.6000,2887.0000,2886.0000,2885.6000,2885.0000,2889.6000,2889.8000,2890.8000,2891.8000,2892.4000,2,10,11,1,10,3,1,3,5,1
SF,IH2004,2020-03-09 09:31:38.900,2889.4000,4309,0,253636440.000,0,-,-,-,-,2887.8000,2887.6000,2887.0000,2886.0000,2885.6000,2889.4000,2889.6000,2889.8000,2890.8000,2891.8000,2,3,10,11,1,1,2,1,3,5
SF,IH2004,2020-03-09 09:31:39.400,2887.8000,4308,-1,254502780.000,1,0,1,双平,S,2887.8000,2887.6000,2887.0000,2886.0000,2885.6000,2889.4000,2889.6000,2889.8000,2890.8000,2891.8000,1,4,10,11,1,1,2,1,3,5
SF,IH2004,2020-03-09 09:31:39.900,2887.8000,4308,0,254502780.000,0,-,-,-,-,2887.8000,2887.6000,2887.0000,2886.0000,2885.6000,2889.6000,2889.8000,2890.8000,2891.8000,2892.4000,1,4,10,11,1,2,1,3,5,1
SF,IH2004,2020-03-09 09:31:40.400,2887.8000,4308,0,254502780.000,0,-,-,-,-,2888.0000,2887.8000,2887.6000,2887.0000,2886.0000,2889.6000,2889.8000,2890.8000,2891.8000,2892.4000,1,1,4,10,11,2,1,3,5,1
SF,IH2004,2020-03-09 09:31:40.900,2887.8000,4308,0,254502780.000,0,-,-,-,-,2888.0000,2887.8000,2887.6000,2887.0000,2886.0000,2889.4000,2889.6000,2890.8000,2891.8000,2892.4000,1,1,4,10,11,1,2,3,5,1
SF,IH2004,2020-03-09 09:31:41.400,2887.8000,4308,0,254502780.000,0,-,-,-,-,2887.6000,2887.0000,2886.0000,2885.6000,2885.0000,2888.0000,2889.4000,2889.6000,2890.8000,2891.8000,4,10,11,1,10,1,1,2,3,5
SF,IH2004,2020-03-09 09:31:41.900,2888.0000,4308,0,255369180.000,1,0,1,多换,S,2887.6000,2887.0000,2886.0000,2885.6000,2885.0000,2889.4000,2889.6000,2890.8000,2891.8000,2892.4000,4,10,11,1,10,1,2,3,5,1
SF,IH2004,2020-03-09 09:31:42.400,2887.6000,4309,1,256235460.000,1,1,0,双开,S,2887.6000,2887.0000,2886.0000,2885.6000,2885.0000,2889.2000,2889.4000,2889.6000,2890.8000,2891.8000,2,10,11,1,10,1,1,2,3,5
SF,IH2004,2020-03-09 09:31:42.900,2887.6000,4309,0,256235460.000,0,-,-,-,-,2887.6000,2887.0000,2886.0000,2885.6000,2885.0000,2887.8000,2889.2000,2889.4000,2889.6000,2890.8000,2,10,11,1,10,1,1,1,2,3
SF,IH2004,2020-03-09 09:31:43.400,2887.6000,4309,0,258834360.000,3,1,2,多换,S,2887.0000,2886.0000,2885.6000,2885.0000,2884.0000,2889.0000,2889.4000,2889.6000,2890.8000,2891.8000,10,11,1,10,10,1,1,2,3,5
SF,IH2004,2020-03-09 09:31:43.900,2887.6000,4309,0,258834360.000,0,-,-,-,-,2887.0000,2886.0000,2885.6000,2885.0000,2884.0000,2889.0000,2889.4000,2889.6000,2890.8000,2891.8000,10,11,1,10,10,1,1,2,3,5
SF,IH2004,2020-03-09 09:31:44.400,2887.0000,4310,1,259700460.000,1,1,0,双开,S,2887.0000,2886.0000,2885.6000,2885.0000,2884.0000,2887.6000,2888.8000,2889.6000,2891.8000,2892.4000,9,11,1,10,10,1,4,2,5,1
SF,IH2004,2020-03-09 09:31:44.900,2887.6000,4310,0,260566740.000,1,0,1,多换,S,2887.0000,2886.0000,2885.6000,2885.0000,2884.0000,2889.6000,2891.8000,2892.4000,2892.8000,2896.0000,9,11,1,10,10,2,5,1,1,1
SF,IH2004,2020-03-09 09:31:45.400,2887.6000,4310,0,260566740.000,0,-,-,-,-,2887.0000,2886.0000,2885.6000,2885.0000,2884.0000,2888.0000,2889.4000,2891.8000,2892.4000,2892.8000,9,11,1,10,10,1,6,5,1,1
SF,IH2004,2020-03-09 09:31:45.900,2887.0000,4312,2,263165040.000,3,2,1,空开,S,2887.0000,2886.0000,2885.6000,2885.0000,2884.0000,2887.8000,2888.0000,2889.4000,2891.8000,2892.4000,6,11,1,10,10,1,1,6,5,1
SF,IH2004,2020-03-09 09:31:46.400,2887.0000,4317,5,268361640.000,6,5,1,空开,S,2886.0000,2885.6000,2885.0000,2884.0000,2883.0000,2887.0000,2887.6000,2888.0000,2889.4000,2891.8000,11,1,10,10,10,1,2,2,4,5
SF,IH2004,2020-03-09 09:31:46.900,2886.0000,4317,0,270959040.000,3,1,2,多换,S,2886.0000,2885.6000,2885.0000,2884.0000,2883.0000,2886.8000,2887.0000,2887.6000,2888.0000,2889.4000,8,1,10,10,10,1,6,2,2,3
SF,IH2004,2020-03-09 09:31:47.400,2886.6000,4317,0,276154020.000,6,3,3,多换,S,2886.0000,2885.6000,2885.0000,2884.0000,2883.0000,2886.8000,2887.0000,2887.6000,2888.0000,2889.4000,3,1,10,10,10,1,5,2,2,3
SF,IH2004,2020-03-09 09:31:47.900,2886.0000,4319,2,277885620.000,2,2,0,双开,S,2886.0000,2885.6000,2885.0000,2884.0000,2883.0000,2886.8000,2887.0000,2887.6000,2888.0000,2889.4000,1,1,10,10,10,2,5,2,2,3
SF,IH2004,2020-03-09 09:31:48.400,2886.0000,4319,0,277885620.000,0,-,-,-,-,2886.0000,2885.6000,2885.0000,2884.0000,2883.0000,2886.8000,2887.0000,2887.6000,2888.0000,2889.4000,1,1,10,10,10,1,5,1,2,3
SF,IH2004,2020-03-09 09:31:48.900,2886.0000,4317,-2,280483500.000,3,0,3,多平,S,2885.6000,2885.0000,2884.0000,2883.0000,2882.8000,2887.0000,2887.6000,2888.0000,2889.4000,2891.8000,1,10,10,10,1,2,1,1,3,5
SF,IH2004,2020-03-09 09:31:49.400,2886.0000,4317,0,280483500.000,0,-,-,-,-,2885.8000,2885.6000,2885.0000,2884.0000,2883.0000,2886.0000,2887.0000,2887.6000,2888.0000,2889.4000,1,1,10,10,10,1,2,1,1,3
SF,IH2004,2020-03-09 09:31:49.900,2886.0000,4317,0,281349300.000,1,0,1,多换,S,2885.6000,2885.0000,2884.0000,2883.0000,2882.8000,2887.0000,2888.0000,2889.4000,2891.8000,2896.0000,1,10,10,10,1,2,1,3,5,1
SF,IH2004,2020-03-09 09:31:50.400,2887.0000,4317,0,283081500.000,2,1,1,多换,S,2885.8000,2885.6000,2885.0000,2884.0000,2883.0000,2888.0000,2889.4000,2891.8000,2896.0000,2896.8000,1,1,10,10,10,1,3,5,1,1
SF,IH2004,2020-03-09 09:31:50.900,2887.0000,4317,0,283081500.000,0,-,-,-,-,2886.0000,2885.8000,2885.6000,2885.0000,2884.0000,2887.8000,2888.0000,2889.4000,2891.8000,2896.0000,1,1,1,10,10,1,1,3,5,1
SF,IH2004,2020-03-09 09:31:51.400,2887.0000,4317,0,283081500.000,0,-,-,-,-,2886.2000,2886.0000,2885.6000,2885.0000,2884.0000,2888.0000,2889.4000,2891.8000,2896.0000,2896.8000,1,1,1,10,10,1,3,5,1,1
SF,IH2004,2020-03-09 09:31:51.900,2887.0000,4317,0,283081500.000,0,-,-,-,-,2886.4000,2886.2000,2886.0000,2885.6000,2885.0000,2889.4000,2891.8000,2896.0000,2896.8000,2898.0000,1,1,1,1,10,3,5,1,1,1
SF,IH2004,2020-03-09 09:31:52.400,2887.0000,4317,0,283081500.000,0,-,-,-,-,2886.4000,2886.2000,2886.0000,2885.6000,2885.0000,2889.0000,2889.2000,2889.4000,2891.8000,2896.0000,1,1,1,1,10,1,6,1,5,1
SF,IH2004,2020-03-09 09:31:52.900,2887.0000,4317,0,283081500.000,0,-,-,-,-,2886.4000,2886.2000,2885.6000,2885.0000,2884.0000,2888.8000,2889.0000,2889.2000,2889.4000,2891.8000,1,1,1,10,10,1,1,5,1,5
SF,IH2004,2020-03-09 09:31:53.400,2887.0000,4317,0,283081500.000,0,-,-,-,-,2886.4000,2886.2000,2885.6000,2885.0000,2884.0000,2888.6000,2888.8000,2889.0000,2889.2000,2889.4000,1,1,1,10,10,1,1,1,5,1
SF,IH2004,2020-03-09 09:31:54.400,2887.0000,4317,0,283081500.000,0,-,-,-,-,2886.4000,2886.2000,2886.0000,2885.6000,2885.0000,2888.6000,2888.8000,2889.0000,2889.2000,2889.4000,1,1,1,1,10,1,1,1,5,1
SF,IH2004,2020-03-09 09:31:54.900,2887.0000,4317,0,283081500.000,0,-,-,-,-,2886.4000,2886.2000,2886.0000,2885.6000,2885.0000,2888.6000,2888.8000,2889.0000,2889.2000,2889.4000,1,1,1,1,10,1,1,1,5,1
SF,IH2004,2020-03-09 09:31:55.400,2887.0000,4317,0,283081500.000,0,-,-,-,-,2886.4000,2886.2000,2886.0000,2885.6000,2885.0000,2888.0000,2888.6000,2888.8000,2889.2000,2889.4000,1,1,1,1,10,1,1,1,5,1
SF,IH2004,2020-03-09 09:31:55.900,2886.4000,4317,0,283947420.000,1,0,1,多换,S,2886.0000,2885.6000,2885.0000,2884.0000,2883.0000,2888.0000,2888.6000,2888.8000,2889.2000,2891.8000,1,1,10,10,10,1,1,1,5,5
SF,IH2004,2020-03-09 09:31:56.400,2886.4000,4317,0,283947420.000,0,-,-,-,-,2886.0000,2885.6000,2885.0000,2884.0000,2883.0000,2886.4000,2887.6000,2887.8000,2888.0000,2888.6000,1,1,10,10,10,1,1,2,1,1
SF,IH2004,2020-03-09 09:31:56.900,2886.4000,4317,0,284813340.000,1,0,1,多换,S,2886.2000,2886.0000,2885.6000,2885.0000,2884.0000,2887.6000,2887.8000,2888.0000,2888.6000,2889.2000,1,1,1,10,10,1,1,1,1,5
SF,IH2004,2020-03-09 09:31:57.400,2886.0000,4318,1,285679140.000,1,1,0,双开,S,2885.6000,2885.0000,2884.0000,2883.0000,2882.8000,2886.0000,2887.6000,2887.8000,2888.0000,2888.6000,1,10,10,10,1,2,1,1,1,1
SF,IH2004,2020-03-09 09:31:57.900,2886.0000,4319,1,287410740.000,2,1,1,空开,S,2885.6000,2885.0000,2884.0000,2883.0000,2882.8000,2887.6000,2887.8000,2888.0000,2888.6000,2889.2000,1,10,10,10,1,1,1,1,1,5
SF,IH2004,2020-03-09 09:31:58.400,2886.0000,4319,0,287410740.000,0,-,-,-,-,2885.6000,2885.0000,2884.0000,2883.0000,2882.8000,2887.4000,2887.6000,2888.0000,2888.6000,2889.2000,1,10,10,10,1,2,1,1,1,5
SF,IH2004,2020-03-09 09:31:58.900,2887.2000,4318,-1,288276900.000,1,0,1,双平,S,2885.6000,2885.0000,2884.0000,2883.0000,2882.8000,2887.4000,2888.0000,2888.6000,2889.2000,2891.8000,1,10,10,10,1,2,1,1,5,5
SF,IH2004,2020-03-09 09:31:59.400,2887.2000,4318,0,288276900.000,0,-,-,-,-,2885.6000,2885.0000,2884.0000,2883.0000,2882.8000,2887.4000,2888.0000,2888.6000,2889.2000,2891.8000,1,10,10,10,1,1,1,1,5,5
SF,IH2004,2020-03-09 09:31:59.900,2887.2000,4318,0,288276900.000,0,-,-,-,-,2885.6000,2885.0000,2884.0000,2883.0000,2882.8000,2887.2000,2887.4000,2888.0000,2888.6000,2889.2000,1,10,10,10,1,3,1,1,1,3
SF,IH2004,2020-03-09 09:32:00.400,2887.2000,4318,0,288276900.000,0,-,-,-,-,2885.8000,2885.6000,2885.0000,2884.0000,2883.0000,2887.2000,2887.4000,2888.0000,2888.6000,2889.2000,2,2,10,10,10,3,1,1,1,3
SF,IH2004,2020-03-09 09:32:00.900,2886.0000,4318,0,289142700.000,1,0,1,多换,S,2885.8000,2885.6000,2885.0000,2884.0000,2883.0000,2887.2000,2887.4000,2888.0000,2888.6000,2889.2000,2,2,10,10,10,2,1,1,1,3
SF,IH2004,2020-03-09 09:32:01.400,2885.6000,4318,0,290874120.000,2,1,1,多换,S,2885.6000,2885.0000,2884.0000,2883.0000,2882.8000,2887.2000,2887.4000,2888.0000,2888.6000,2889.2000,1,10,10,10,1,2,1,1,1,3
SF,IH2004,2020-03-09 09:32:01.900,2885.6000,4318,0,290874120.000,0,-,-,-,-,2885.6000,2885.0000,2884.0000,2883.0000,2882.8000,2885.8000,2887.2000,2887.4000,2888.0000,2888.6000,1,10,10,10,1,1,2,1,1,1
SF,IH2004,2020-03-09 09:32:02.400,2885.6000,4319,1,292605540.000,2,1,1,空开,S,2885.0000,2884.0000,2883.0000,2882.8000,2882.0000,2885.4000,2887.0000,2887.2000,2887.4000,2888.0000,10,10,10,1,10,2,1,2,1,1
SF,IH2004,2020-03-09 09:32:02.900,2885.4000,4320,1,294336840.000,2,1,1,空开,S,2885.4000,2885.2000,2885.0000,2884.0000,2883.0000,2887.2000,2887.4000,2888.0000,2888.6000,2889.2000,1,1,10,10,10,2,1,1,1,3
SF,IH2004,2020-03-09 09:32:03.400,2885.4000,4320,0,294336840.000,0,-,-,-,-,2885.0000,2884.0000,2883.0000,2882.8000,2882.0000,2887.0000,2887.2000,2888.0000,2888.6000,2889.2000,10,10,10,1,10,1,2,1,1,3
SF,IH2004,2020-03-09 09:32:04.400,2885.4000,4320,0,294336840.000,0,-,-,-,-,2885.0000,2884.0000,2883.0000,2882.8000,2882.0000,2886.8000,2887.0000,2887.2000,2888.0000,2888.6000,10,10,10,1,10,2,1,2,1,1
SF,IH2004,2020-03-09 09:32:04.900,2885.4000,4320,0,294336840.000,0,-,-,-,-,2885.0000,2884.0000,2883.0000,2882.8000,2882.0000,2886.6000,2886.8000,2887.2000,2888.0000,2888.6000,10,10,10,1,10,1,2,2,1,1
SF,IH2004,2020-03-09 09:32:05.400,2885.0000,4320,0,296933340.000,3,1,2,多换,S,2885.0000,2884.0000,2883.0000,2882.8000,2882.0000,2886.4000,2886.6000,2886.8000,2887.2000,2888.0000,7,10,10,1,10,2,1,2,2,1
SF,IH2004,2020-03-09 09:32:05.900,2885.0000,4323,3,302991840.000,7,5,2,空开,S,2884.0000,2883.0000,2882.8000,2882.0000,2880.2000,2885.0000,2886.2000,2886.4000,2886.6000,2886.8000,10,10,1,10,1,1,4,3,1,2
SF,IH2004,2020-03-09 09:32:06.400,2885.0000,4323,0,302991840.000,0,-,-,-,-,2884.0000,2883.0000,2882.8000,2882.0000,2880.2000,2885.0000,2886.2000,2886.4000,2886.6000,2887.2000,10,10,1,10,1,3,4,3,1,2
SF,IH2004,2020-03-09 09:32:06.900,2885.0000,4323,0,302991840.000,0,-,-,-,-,2884.0000,2883.0000,2882.8000,2882.0000,2880.2000,2885.0000,2886.2000,2886.4000,2886.6000,2887.2000,10,10,1,10,1,3,4,2,1,2
SF,IH2004,2020-03-09 09:32:07.400,2884.0000,4324,1,305587740.000,3,2,1,空开,S,2884.0000,2883.0000,2882.8000,2882.0000,2880.2000,2884.8000,2885.0000,2886.2000,2886.4000,2886.6000,8,10,1,10,1,2,3,4,2,1
SF,IH2004,2020-03-09 09:32:07.900,2884.0000,4324,0,306452940.000,1,0,1,多换,S,2884.0000,2883.0000,2882.8000,2882.0000,2880.2000,2884.8000,2885.0000,2886.2000,2886.4000,2886.6000,7,10,1,10,1,2,3,4,2,1
SF,IH2004,2020-03-09 09:32:08.400,2884.0000,4324,0,306452940.000,0,-,-,-,-,2884.0000,2883.0000,2882.8000,2882.0000,2880.2000,2884.8000,2885.0000,2886.2000,2886.4000,2886.6000,7,10,1,10,1,2,1,4,2,1
SF,IH2004,2020-03-09 09:32:08.900,2884.0000,4325,1,307318140.000,1,1,0,双开,S,2884.0000,2883.0000,2882.8000,2882.0000,2880.2000,2884.8000,2885.0000,2886.2000,2886.4000,2886.6000,6,10,1,10,1,2,1,4,2,1
SF,IH2004,2020-03-09 09:32:09.400,2884.0000,4326,1,308183340.000,1,1,0,双开,S,2884.0000,2883.0000,2882.8000,2882.0000,2880.2000,2884.8000,2885.0000,2886.2000,2886.4000,2886.6000,5,10,1,10,1,2,1,4,2,1
SF,IH2004,2020-03-09 09:32:09.900,2884.0000,4327,1,309048540.000,1,1,0,双开,S,2884.0000,2883.0000,2882.8000,2882.0000,2880.2000,2884.6000,2884.8000,2885.0000,2886.2000,2886.4000,4,10,1,10,1,1,2,1,4,2
SF,IH2004,2020-03-09 09:32:10.400,2884.4000,4327,0,312509460.000,4,2,2,多换,S,2884.0000,2883.0000,2882.8000,2882.0000,2880.2000,2884.6000,2884.8000,2885.0000,2886.2000,2886.4000,1,10,1,10,1,1,2,1,4,2
SF,IH2004,2020-03-09 09:32:10.900,2884.0000,4328,1,313374660.000,1,1,0,双开,S,2883.0000,2882.8000,2882.0000,2880.4000,2880.2000,2884.0000,2884.6000,2884.8000,2885.0000,2886.2000,10,1,10,1,1,1,1,2,1,4
SF,IH2004,2020-03-09 09:32:11.400,2883.2000,4328,0,315104820.000,2,1,1,多换,S,2883.0000,2882.8000,2882.0000,2880.4000,2880.2000,2884.0000,2884.6000,2884.8000,2885.0000,2886.2000,10,1,10,1,1,1,1,2,1,4
SF,IH2004,2020-03-09 09:32:11.900,2884.0000,4328,0,315970020.000,1,0,1,多换,S,2883.0000,2882.8000,2882.0000,2880.2000,2876.0000,2884.6000,2884.8000,2885.0000,2886.2000,2886.4000,10,1,10,1,1,1,2,1,4,1
SF,IH2004,2020-03-09 09:32:12.400,2884.0000,4328,0,315970020.000,0,-,-,-,-,2883.0000,2882.8000,2882.0000,2880.2000,2876.0000,2884.8000,2885.0000,2886.2000,2886.4000,2886.6000,10,2,10,1,1,2,1,4,1,1
SF,IH2004,2020-03-09 09:32:12.900,2884.0000,4328,0,315970020.000,0,-,-,-,-,2883.2000,2883.0000,2882.8000,2882.0000,2880.2000,2884.4000,2884.6000,2884.8000,2885.0000,2886.2000,1,10,1,10,1,2,1,2,1,4
SF,IH2004,2020-03-09 09:32:14.400,2884.0000,4328,0,315970020.000,0,-,-,-,-,2883.2000,2883.0000,2882.8000,2882.0000,2880.2000,2884.4000,2884.6000,2884.8000,2886.2000,2886.4000,1,10,1,10,1,2,1,2,4,1
SF,IH2004,2020-03-09 09:32:14.900,2883.2000,4328,0,316834980.000,1,0,1,多换,S,2883.0000,2882.8000,2882.0000,2880.2000,2876.0000,2883.2000,2884.2000,2884.6000,2886.2000,2886.4000,10,1,10,1,1,1,2,1,4,1
SF,IH2004,2020-03-09 09:32:15.400,2883.2000,4328,0,317699940.000,1,0,1,多换,S,2883.0000,2882.8000,2882.0000,2880.2000,2876.0000,2884.6000,2886.2000,2886.4000,2888.0000,2888.6000,10,1,10,1,1,1,4,1,1,1
SF,IH2004,2020-03-09 09:32:15.900,2883.0000,4329,1,318564840.000,1,1,0,双开,S,2883.0000,2882.8000,2882.0000,2880.2000,2876.0000,2884.4000,2884.6000,2886.2000,2886.4000,2888.0000,9,1,10,1,1,3,1,3,1,1
SF,IH2004,2020-03-09 09:32:16.400,2883.0000,4329,0,318564840.000,0,-,-,-,-,2883.0000,2882.8000,2882.0000,2880.2000,2880.0000,2884.4000,2884.6000,2886.2000,2886.4000,2888.0000,9,1,10,1,1,3,1,3,1,1
SF,IH2004,2020-03-09 09:32:16.900,2883.0000,4332,3,321159540.000,3,3,0,双开,S,2883.0000,2882.8000,2882.0000,2880.2000,2880.0000,2884.2000,2884.4000,2884.6000,2886.2000,2886.4000,6,1,10,1,1,2,3,1,3,1
SF,IH2004,2020-03-09 09:32:17.400,2883.0000,4333,1,322024440.000,1,1,0,双开,S,2883.0000,2882.8000,2882.0000,2880.2000,2880.0000,2884.0000,2884.2000,2884.4000,2884.6000,2886.4000,5,1,10,1,1,5,3,3,1,1
SF,IH2004,2020-03-09 09:32:17.900,2883.0000,4337,4,326348940.000,5,4,1,空开,S,2882.8000,2882.0000,2880.2000,2880.0000,2876.0000,2883.0000,2884.0000,2884.2000,2884.4000,2884.6000,1,10,1,1,1,1,5,3,1,1
SF,IH2004,2020-03-09 09:32:18.400,2883.0000,4336,-1,327213840.000,1,0,1,双平,S,2882.8000,2882.0000,2880.2000,2880.0000,2876.0000,2884.0000,2884.2000,2884.4000,2884.6000,2886.4000,1,10,1,1,1,5,2,1,1,1
SF,IH2004,2020-03-09 09:32:18.900,2883.0000,4336,0,327213840.000,0,-,-,-,-,2882.8000,2882.0000,2880.2000,2880.0000,2876.0000,2884.0000,2884.2000,2884.4000,2884.6000,2886.4000,1,10,1,1,1,3,2,1,1,1
SF,IH2004,2020-03-09 09:32:19.400,2882.8000,4337,1,328078680.000,1,1,0,双开,S,2882.0000,2880.2000,2880.0000,2872.8000,2871.0000,2883.8000,2884.0000,2884.2000,2884.4000,2884.6000,10,1,1,6,1,2,3,2,1,1
SF,IH2004,2020-03-09 09:32:19.900,2882.8000,4337,0,328078680.000,0,-,-,-,-,2882.0000,2880.2000,2880.0000,2872.8000,2871.0000,2883.6000,2883.8000,2884.2000,2886.4000,2888.0000,10,1,1,6,1,2,2,2,1,1
SF,IH2004,2020-03-09 09:32:20.400,2882.8000,4337,0,328078680.000,0,-,-,-,-,2882.0000,2880.2000,2880.0000,2872.8000,2871.0000,2883.4000,2883.6000,2883.8000,2884.2000,2886.4000,10,1,1,6,1,2,2,2,2,1
SF,IH2004,2020-03-09 09:32:20.900,2882.8000,4337,0,328078680.000,0,-,-,-,-,2882.0000,2880.2000,2880.0000,2872.8000,2871.0000,2883.4000,2883.6000,2883.8000,2884.2000,2886.4000,10,1,1,6,1,2,1,2,2,1
SF,IH2004,2020-03-09 09:32:21.400,2882.0000,4338,1,334130880.000,7,4,3,空开,S,2882.0000,2880.2000,2880.0000,2872.8000,2871.0000,2883.4000,2883.6000,2884.2000,2886.4000,2888.0000,3,1,1,6,1,2,1,2,1,1
SF,IH2004,2020-03-09 09:32:21.900,2882.0000,4339,1,336724680.000,3,2,1,空开,S,2880.2000,2880.0000,2872.8000,2871.0000,2870.2000,2882.0000,2883.2000,2883.6000,2884.2000,2886.4000,1,1,6,1,1,7,6,1,2,1
SF,IH2004,2020-03-09 09:32:22.400,2882.0000,4336,-3,339318480.000,3,0,3,双平,S,2880.4000,2880.2000,2880.0000,2872.8000,2871.0000,2881.8000,2882.0000,2883.2000,2884.2000,2886.4000,1,1,1,6,1,1,7,7,2,1
SF,IH2004,2020-03-09 09:32:22.900,2882.0000,4336,0,339318480.000,0,-,-,-,-,2880.8000,2880.2000,2880.0000,2872.8000,2871.0000,2881.8000,2882.0000,2883.2000,2883.8000,2884.2000,1,1,4,6,1,1,7,6,2,2
SF,IH2004,2020-03-09 09:32:23.400,2882.0000,4335,-1,340183080.000,1,0,1,双平,S,2880.2000,2880.0000,2872.8000,2871.0000,2870.2000,2882.0000,2883.2000,2883.8000,2884.2000,2886.4000,1,1,6,1,1,7,4,2,2,1
SF,IH2004,2020-03-09 09:32:23.900,2882.0000,4335,0,340183080.000,0,-,-,-,-,2880.8000,2880.2000,2880.0000,2872.8000,2871.0000,2881.8000,2882.0000,2883.2000,2883.8000,2884.2000,1,1,4,6,1,1,6,4,2,2
SF,IH2004,2020-03-09 09:32:24.400,2882.0000,4335,0,340183080.000,0,-,-,-,-,2880.4000,2880.2000,2880.0000,2872.8000,2871.0000,2882.0000,2883.2000,2883.8000,2884.2000,2886.4000,1,1,1,6,1,6,4,2,2,1
SF,IH2004,2020-03-09 09:32:25.400,2882.0000,4335,0,340183080.000,0,-,-,-,-,2880.2000,2880.0000,2872.8000,2871.0000,2870.2000,2881.8000,2882.0000,2883.2000,2883.8000,2884.2000,1,1,6,1,1,1,6,4,2,2
SF,IH2004,2020-03-09 09:32:25.900,2882.0000,4335,0,340183080.000,0,-,-,-,-,2880.2000,2880.0000,2872.8000,2871.0000,2870.2000,2881.8000,2882.0000,2883.2000,2883.8000,2884.2000,1,1,6,1,1,1,6,4,2,2
SF,IH2004,2020-03-09 09:32:26.400,2882.0000,4334,-1,341912280.000,2,0,2,多平,S,2880.2000,2880.0000,2872.8000,2871.0000,2870.2000,2881.6000,2881.8000,2882.0000,2883.2000,2883.8000,1,1,6,1,1,1,1,6,4,2
SF,IH2004,2020-03-09 09:32:26.900,2882.0000,4334,0,341912280.000,0,-,-,-,-,2880.2000,2880.0000,2872.8000,2871.0000,2870.2000,2881.4000,2881.6000,2881.8000,2882.0000,2883.2000,1,1,6,1,1,1,1,1,6,4
SF,IH2004,2020-03-09 09:32:27.400,2882.0000,4334,0,341912280.000,0,-,-,-,-,2880.2000,2880.0000,2872.8000,2871.0000,2870.2000,2881.4000,2881.6000,2882.0000,2883.2000,2883.8000,1,1,6,1,1,1,1,6,4,2
SF,IH2004,2020-03-09 09:32:27.900,2882.0000,4334,0,341912280.000,0,-,-,-,-,2880.2000,2880.0000,2872.8000,2871.0000,2870.2000,2881.6000,2882.0000,2883.2000,2883.8000,2884.2000,1,1,6,1,1,1,6,4,2,2
SF,IH2004,2020-03-09 09:32:28.400,2882.0000,4334,0,341912280.000,0,-,-,-,-,2880.2000,2880.0000,2872.8000,2871.0000,2870.2000,2881.6000,2882.0000,2883.2000,2883.8000,2884.2000,1,1,6,1,1,1,6,4,2,2
SF,IH2004,2020-03-09 09:32:28.900,2882.0000,4334,0,341912280.000,0,-,-,-,-,2880.4000,2880.2000,2880.0000,2872.8000,2871.0000,2881.6000,2882.0000,2883.2000,2884.2000,2886.4000,1,1,1,6,1,1,6,4,2,1
SF,IH2004,2020-03-09 09:32:29.900,2882.0000,4334,0,341912280.000,0,-,-,-,-,2880.2000,2880.0000,2872.8000,2871.0000,2870.2000,2881.4000,2881.6000,2882.0000,2883.2000,2884.2000,1,1,6,1,1,1,1,6,4,2
SF,IH2004,2020-03-09 09:32:30.400,2882.0000,4334,0,341912280.000,0,-,-,-,-,2880.2000,2880.0000,2872.8000,2871.0000,2870.2000,2881.4000,2881.6000,2882.0000,2883.2000,2884.2000,1,2,6,1,1,1,1,6,4,2
SF,IH2004,2020-03-09 09:32:30.900,2882.0000,4334,0,341912280.000,0,-,-,-,-,2880.2000,2880.0000,2872.8000,2871.0000,2870.2000,2881.6000,2882.0000,2883.2000,2884.2000,2886.4000,1,1,6,1,1,1,6,4,2,1
SF,IH2004,2020-03-09 09:32:31.400,2882.0000,4334,0,341912280.000,0,-,-,-,-,2880.2000,2880.0000,2877.0000,2872.8000,2871.0000,2881.6000,2882.0000,2883.2000,2884.2000,2886.4000,1,1,1,6,1,1,6,4,2,1
SF,IH2004,2020-03-09 09:32:31.900,2882.0000,4334,0,341912280.000,0,-,-,-,-,2880.4000,2880.2000,2880.0000,2877.0000,2872.8000,2882.0000,2883.2000,2884.2000,2886.4000,2888.0000,1,1,1,1,6,6,4,2,1,1
SF,IH2004,2020-03-09 09:32:32.400,2882.0000,4334,0,343641480.000,2,1,1,多换,S,2880.4000,2880.2000,2880.0000,2877.0000,2872.8000,2881.8000,2882.0000,2883.2000,2884.2000,2886.4000,1,1,1,1,6,2,4,4,5,1
SF,IH2004,2020-03-09 09:32:32.900,2882.0000,4334,0,343641480.000,0,-,-,-,-,2881.6000,2880.4000,2880.2000,2880.0000,2877.0000,2881.8000,2882.0000,2883.2000,2886.4000,2888.0000,1,1,1,1,1,2,4,4,1,6
SF,IH2004,2020-03-09 09:32:33.400,2881.6000,4334,0,344505960.000,1,0,1,多换,S,2880.2000,2880.0000,2877.2000,2877.0000,2872.8000,2881.6000,2881.8000,2882.0000,2883.2000,2886.4000,1,1,3,1,6,3,2,4,4,1
SF,IH2004,2020-03-09 09:32:33.900,2881.6000,4334,0,344505960.000,0,-,-,-,-,2880.2000,2880.0000,2877.2000,2877.0000,2871.0000,2881.6000,2881.8000,2882.0000,2883.2000,2886.4000,1,1,3,1,1,3,2,4,4,1
SF,IH2004,2020-03-09 09:32:34.400,2881.6000,4334,0,344505960.000,0,-,-,-,-,2880.4000,2880.2000,2880.0000,2877.2000,2877.0000,2881.4000,2881.6000,2881.8000,2882.0000,2883.2000,1,1,1,3,1,1,3,2,4,4
SF,IH2004,2020-03-09 09:32:34.900,2881.6000,4334,0,344505960.000,0,-,-,-,-,2880.4000,2880.2000,2880.0000,2877.2000,2877.0000,2881.6000,2881.8000,2882.0000,2883.2000,2886.4000,1,1,2,3,1,3,2,4,4,1
SF,IH2004,2020-03-09 09:32:35.400,2881.6000,4334,0,344505960.000,0,-,-,-,-,2880.4000,2880.2000,2880.0000,2877.2000,2877.0000,2881.6000,2881.8000,2882.0000,2883.2000,2886.4000,1,1,1,3,1,2,2,4,4,1
SF,IH2004,2020-03-09 09:32:35.900,2880.4000,4334,0,345370080.000,1,0,1,多换,S,2880.2000,2880.0000,2877.2000,2877.0000,2871.0000,2880.4000,2881.4000,2881.6000,2881.8000,2882.0000,1,1,3,1,1,1,1,1,2,4
SF,IH2004,2020-03-09 09:32:36.400,2880.0000,4333,-1,347098140.000,2,0,2,多平,S,2877.2000,2877.0000,2871.0000,2870.2000,2870.0000,2880.0000,2880.4000,2881.4000,2881.6000,2881.8000,3,1,1,1,1,1,3,2,1,2
SF,IH2004,2020-03-09 09:32:36.900,2880.4000,4333,0,347962260.000,1,0,1,多换,S,2878.0000,2877.6000,2877.4000,2877.2000,2877.0000,2879.8000,2880.4000,2881.4000,2881.6000,2881.8000,1,2,1,3,2,1,1,2,1,2
SF,IH2004,2020-03-09 09:32:37.400,2879.8000,4332,-1,348826200.000,1,0,1,双平,S,2878.2000,2878.0000,2877.6000,2877.2000,2877.0000,2880.4000,2881.4000,2881.6000,2881.8000,2882.0000,2,1,1,3,2,1,2,1,2,4
SF,IH2004,2020-03-09 09:32:37.900,2879.8000,4332,0,348826200.000,0,-,-,-,-,2878.2000,2877.2000,2877.0000,2871.0000,2870.2000,2880.2000,2880.4000,2881.4000,2881.6000,2881.8000,2,3,2,1,1,1,1,2,1,2
SF,IH2004,2020-03-09 09:32:38.400,2879.8000,4332,0,348826200.000,0,-,-,-,-,2878.2000,2877.2000,2877.0000,2871.0000,2870.2000,2880.0000,2880.2000,2881.4000,2881.6000,2881.8000,1,3,2,1,1,1,1,2,1,2
SF,IH2004,2020-03-09 09:32:38.900,2879.8000,4332,0,348826200.000,0,-,-,-,-,2877.2000,2877.0000,2871.0000,2870.2000,2870.0000,2879.8000,2880.0000,2880.2000,2881.4000,2881.6000,3,2,1,1,1,1,1,1,2,1
SF,IH2004,2020-03-09 09:32:39.400,2879.8000,4332,0,348826200.000,0,-,-,-,-,2877.4000,2877.2000,2877.0000,2871.0000,2870.2000,2879.6000,2879.8000,2880.2000,2881.4000,2881.6000,1,3,2,1,1,1,1,1,2,1
SF,IH2004,2020-03-09 09:32:39.900,2879.8000,4331,-1,349690140.000,1,0,1,双平,S,2877.4000,2877.2000,2877.0000,2871.0000,2870.2000,2879.8000,2880.2000,2881.4000,2881.6000,2881.8000,1,3,1,1,1,1,1,2,1,2
SF,IH2004,2020-03-09 09:32:40.400,2879.8000,4331,0,349690140.000,0,-,-,-,-,2877.4000,2877.2000,2877.0000,2871.0000,2870.2000,2879.8000,2880.2000,2881.4000,2881.6000,2881.8000,1,3,1,1,1,1,1,2,1,2
SF,IH2004,2020-03-09 09:32:40.900,2879.8000,4331,0,349690140.000,0,-,-,-,-,2877.2000,2877.0000,2871.0000,2870.2000,2870.0000,2877.4000,2879.6000,2880.2000,2881.4000,2881.6000,3,1,1,1,1,1,4,1,2,1
SF,IH2004,2020-03-09 09:32:41.400,2877.4000,4330,-1,350553360.000,1,0,1,双平,S,2877.6000,2877.2000,2877.0000,2871.0000,2870.2000,2879.6000,2880.2000,2881.4000,2881.6000,2882.0000,3,3,2,1,1,3,1,2,1,4
SF,IH2004,2020-03-09 09:32:41.900,2879.6000,4329,-1,353145000.000,3,1,2,多平,S,2877.8000,2877.6000,2877.4000,2877.2000,2877.0000,2880.2000,2881.4000,2882.0000,2883.2000,2888.0000,2,2,1,3,2,1,2,4,3,6
SF,IH2004,2020-03-09 09:32:42.400,2879.6000,4329,0,353145000.000,0,-,-,-,-,2878.0000,2877.8000,2877.6000,2877.4000,2877.2000,2880.0000,2880.2000,2881.4000,2882.0000,2888.0000,1,2,1,1,3,3,1,2,4,6
SF,IH2004,2020-03-09 09:32:42.900,2880.2000,4329,0,356601060.000,4,2,2,多换,S,2878.2000,2878.0000,2877.8000,2877.6000,2877.2000,2881.4000,2882.0000,2888.0000,2888.2000,2896.0000,2,1,1,2,3,2,4,6,1,1
SF,IH2004,2020-03-09 09:32:43.400,2880.2000,4329,0,356601060.000,0,-,-,-,-,2878.4000,2878.2000,2877.6000,2877.2000,2877.0000,2882.0000,2888.0000,2888.2000,2896.0000,2896.8000,2,2,2,3,2,4,6,1,1,1
SF,IH2004,2020-03-09 09:32:43.900,2879.2000,4328,-1,357464820.000,1,0,1,双平,S,2878.8000,2878.6000,2878.4000,2877.6000,2877.2000,2882.0000,2888.0000,2888.2000,2896.0000,2896.8000,1,1,3,2,3,4,6,1,1,1
SF,IH2004,2020-03-09 09:32:44.400,2879.2000,4328,0,357464820.000,0,-,-,-,-,2879.0000,2878.8000,2878.6000,2878.4000,2877.6000,2882.0000,2888.0000,2888.2000,2896.0000,2896.8000,3,1,2,1,2,4,6,1,1,1
SF,IH2004,2020-03-09 09:32:44.900,2879.2000,4328,0,357464820.000,0,-,-,-,-,2880.0000,2879.4000,2879.0000,2878.6000,2877.6000,2882.0000,2888.0000,2888.2000,2896.0000,2896.8000,3,1,6,2,2,4,6,1,1,1
SF,IH2004,2020-03-09 09:32:45.400,2879.2000,4328,0,357464820.000,0,-,-,-,-,2880.8000,2880.4000,2880.2000,2880.0000,2879.8000,2882.0000,2888.0000,2888.2000,2896.0000,2896.8000,1,1,3,4,1,4,6,1,1,1
SF,IH2004,2020-03-09 09:32:45.900,2879.2000,4328,0,357464820.000,0,-,-,-,-,2880.8000,2880.4000,2880.2000,2880.0000,2879.8000,2882.0000,2888.0000,2888.2000,2896.0000,2896.8000,1,1,3,3,1,4,6,1,1,1
SF,IH2004,2020-03-09 09:32:46.400,2882.0000,4328,0,360923220.000,4,2,2,多换,S,2881.0000,2880.8000,2880.4000,2880.2000,2880.0000,2888.0000,2888.2000,2896.0000,2896.8000,2906.0000,2,1,1,1,3,6,1,1,1,1
SF,IH2004,2020-03-09 09:32:46.900,2882.0000,4328,0,360923220.000,0,-,-,-,-,2882.0000,2881.2000,2880.8000,2880.4000,2880.0000,2885.2000,2886.0000,2886.6000,2887.8000,2888.0000,1,1,1,1,3,1,1,1,4,6
SF,IH2004,2020-03-09 09:32:47.400,2882.0000,4328,0,360923220.000,0,-,-,-,-,2882.2000,2882.0000,2881.4000,2880.8000,2880.0000,2885.0000,2885.2000,2885.6000,2886.0000,2887.8000,1,1,1,1,3,4,1,2,1,4
SF,IH2004,2020-03-09 09:32:47.900,2882.0000,4328,0,360923220.000,0,-,-,-,-,2882.2000,2882.0000,2880.8000,2880.0000,2879.8000,2885.0000,2886.0000,2887.8000,2888.0000,2888.2000,1,1,1,3,1,4,1,3,6,1
SF,IH2004,2020-03-09 09:32:48.400,2882.0000,4328,0,360923220.000,0,-,-,-,-,2882.2000,2882.0000,2880.8000,2880.0000,2879.8000,2884.4000,2885.0000,2886.0000,2887.8000,2888.0000,1,1,1,3,1,1,3,1,3,6
SF,IH2004,2020-03-09 09:32:48.900,2882.2000,4327,-1,361787880.000,1,0,1,双平,S,2882.4000,2882.2000,2882.0000,2880.8000,2880.0000,2884.4000,2885.0000,2886.0000,2887.8000,2888.0000,1,1,1,1,3,1,3,1,2,6
SF,IH2004,2020-03-09 09:32:49.400,2882.2000,4327,0,361787880.000,0,-,-,-,-,2882.6000,2882.4000,2882.0000,2880.8000,2880.0000,2884.4000,2885.0000,2887.8000,2888.0000,2888.2000,1,1,1,1,3,1,3,2,6,1
SF,IH2004,2020-03-09 09:32:49.900,2882.2000,4327,0,362652540.000,1,0,1,多换,S,2882.6000,2882.0000,2880.8000,2880.0000,2879.8000,2884.2000,2885.0000,2887.8000,2888.0000,2888.2000,1,1,1,3,1,1,3,2,6,1
SF,IH2004,2020-03-09 09:32:50.400,2882.2000,4326,-1,363517200.000,1,0,1,双平,S,2882.0000,2880.8000,2880.0000,2879.8000,2879.0000,2884.2000,2885.0000,2887.8000,2888.0000,2888.2000,1,1,3,1,3,1,3,2,6,1
SF,IH2004,2020-03-09 09:32:50.900,2882.0000,4325,-1,364381800.000,1,0,1,双平,S,2880.8000,2880.0000,2879.8000,2879.0000,2877.6000,2884.0000,2884.2000,2885.0000,2887.8000,2888.0000,1,3,1,3,1,3,1,1,2,6
SF,IH2004,2020-03-09 09:32:51.400,2882.0000,4325,0,364381800.000,0,-,-,-,-,2880.8000,2880.0000,2879.8000,2879.0000,2877.6000,2883.8000,2884.0000,2885.0000,2887.8000,2888.0000,1,3,1,3,1,1,3,1,1,6
SF,IH2004,2020-03-09 09:32:51.900,2883.6000,4324,-1,365246880.000,1,0,1,双平,S,2881.2000,2881.0000,2880.8000,2880.0000,2879.8000,2883.8000,2884.0000,2885.0000,2887.8000,2888.0000,1,2,1,3,1,1,3,1,1,6
SF,IH2004,2020-03-09 09:32:52.400,2883.6000,4324,0,365246880.000,0,-,-,-,-,2881.4000,2881.2000,2881.0000,2880.8000,2880.0000,2883.8000,2885.0000,2887.8000,2888.0000,2888.2000,3,2,2,1,3,1,1,1,6,1
SF,IH2004,2020-03-09 09:32:52.900,2883.6000,4324,0,365246880.000,0,-,-,-,-,2881.4000,2881.0000,2880.8000,2880.0000,2879.8000,2883.8000,2885.0000,2887.8000,2888.0000,2888.2000,2,1,1,3,1,1,1,1,6,1
SF,IH2004,2020-03-09 09:32:53.400,2883.6000,4324,0,365246880.000,0,-,-,-,-,2881.0000,2880.8000,2880.0000,2879.8000,2879.0000,2883.6000,2883.8000,2885.0000,2887.8000,2888.0000,1,1,3,1,1,4,1,1,1,6
SF,IH2004,2020-03-09 09:32:53.900,2883.6000,4324,0,365246880.000,0,-,-,-,-,2881.2000,2881.0000,2880.8000,2880.0000,2879.8000,2883.4000,2883.6000,2885.0000,2887.8000,2888.0000,2,1,1,3,1,2,2,1,1,6
SF,IH2004,2020-03-09 09:32:54.400,2883.6000,4324,0,365246880.000,0,-,-,-,-,2881.2000,2880.8000,2880.0000,2879.8000,2879.0000,2883.2000,2883.4000,2885.0000,2887.8000,2888.0000,1,1,3,1,1,2,2,1,1,6
SF,IH2004,2020-03-09 09:32:54.900,2883.6000,4324,0,365246880.000,0,-,-,-,-,2881.6000,2881.4000,2881.2000,2880.8000,2880.0000,2883.0000,2883.4000,2885.0000,2887.8000,2888.0000,1,2,1,1,3,1,1,1,1,6
SF,IH2004,2020-03-09 09:32:55.400,2883.0000,4323,-1,366111780.000,1,0,1,双平,S,2881.8000,2881.6000,2881.2000,2880.8000,2880.0000,2883.4000,2885.0000,2887.8000,2888.0000,2888.2000,2,1,1,1,3,1,1,1,6,1
SF,IH2004,2020-03-09 09:32:55.900,2883.4000,4323,0,366976800.000,1,0,1,多换,S,2882.2000,2881.8000,2881.2000,2880.8000,2880.0000,2885.0000,2887.8000,2888.0000,2888.2000,2896.0000,1,2,1,1,3,1,1,6,1,1
SF,IH2004,2020-03-09 09:32:56.400,2883.4000,4323,0,366976800.000,0,-,-,-,-,2882.4000,2882.2000,2881.8000,2881.2000,2880.8000,2884.6000,2884.8000,2887.8000,2888.0000,2888.2000,1,1,2,1,1,1,2,1,6,1
SF,IH2004,2020-03-09 09:32:56.900,2883.4000,4323,0,366976800.000,0,-,-,-,-,2882.4000,2882.2000,2881.2000,2880.8000,2880.0000,2884.4000,2884.6000,2887.8000,2888.0000,2888.2000,1,1,1,1,3,2,1,1,6,1
SF,IH2004,2020-03-09 09:32:57.400,2883.4000,4323,0,366976800.000,0,-,-,-,-,2883.2000,2882.8000,2882.4000,2881.2000,2880.8000,2887.8000,2888.0000,2888.2000,2896.0000,2896.8000,1,1,1,1,1,1,6,1,1,1
SF,IH2004,2020-03-09 09:32:57.900,2883.4000,4323,0,366976800.000,0,-,-,-,-,2883.4000,2883.2000,2882.8000,2881.2000,2880.8000,2886.2000,2887.6000,2887.8000,2888.0000,2888.2000,1,1,1,1,1,1,5,1,1,1
SF,IH2004,2020-03-09 09:32:58.400,2883.4000,4323,0,366976800.000,0,-,-,-,-,2883.4000,2881.2000,2880.8000,2880.0000,2879.0000,2886.0000,2886.2000,2887.6000,2887.8000,2888.0000,2,1,1,2,1,3,1,2,1,1
SF,IH2004,2020-03-09 09:32:58.900,2883.4000,4323,0,366976800.000,0,-,-,-,-,2883.4000,2881.2000,2880.8000,2880.0000,2879.0000,2886.0000,2887.6000,2887.8000,2888.0000,2888.2000,1,1,1,2,1,2,2,1,1,1
SF,IH2004,2020-03-09 09:32:59.400,2883.4000,4323,0,366976800.000,0,-,-,-,-,2883.4000,2883.2000,2881.2000,2880.8000,2880.0000,2885.8000,2886.0000,2887.6000,2887.8000,2888.0000,1,1,1,1,2,1,2,2,1,1
SF,IH2004,2020-03-09 09:32:59.900,2883.4000,4323,0,366976800.000,0,-,-,-,-,2883.4000,2883.2000,2881.2000,2880.8000,2880.0000,2886.0000,2887.6000,2887.8000,2888.0000,2888.2000,1,1,1,1,2,2,2,1,1,1
SF,IH2004,2020-03-09 09:33:00.400,2883.4000,4323,0,366976800.000,0,-,-,-,-,2883.2000,2881.2000,2880.8000,2880.0000,2879.0000,2883.4000,2886.0000,2887.6000,2887.8000,2888.0000,1,1,1,2,1,1,2,2,1,1
SF,IH2004,2020-03-09 09:33:00.900,2883.4000,4323,0,367841820.000,1,0,1,多换,S,2883.6000,2883.2000,2881.2000,2880.8000,2880.0000,2887.6000,2887.8000,2888.0000,2891.8000,2896.0000,1,1,1,1,2,2,1,1,6,1
SF,IH2004,2020-03-09 09:33:01.400,2883.2000,4321,-2,369571800.000,2,0,2,双平,S,2881.2000,2880.8000,2880.0000,2879.0000,2878.0000,2883.6000,2886.2000,2887.4000,2887.6000,2887.8000,1,1,2,1,1,1,1,3,2,1
SF,IH2004,2020-03-09 09:33:01.900,2883.2000,4321,0,369571800.000,0,-,-,-,-,2881.4000,2881.2000,2880.8000,2880.0000,2879.0000,2883.2000,2883.4000,2883.6000,2886.0000,2886.2000,2,1,1,2,1,1,1,1,1,1
SF,IH2004,2020-03-09 09:33:02.400,2883.2000,4320,-1,370436760.000,1,0,1,双平,S,2880.8000,2880.0000,2879.0000,2878.0000,2877.2000,2883.0000,2883.2000,2883.6000,2886.0000,2886.2000,1,2,1,1,3,1,2,1,1,3
SF,IH2004,2020-03-09 09:33:02.900,2883.2000,4320,0,370436760.000,0,-,-,-,-,2880.0000,2879.0000,2878.0000,2877.2000,2877.0000,2883.0000,2883.2000,2883.6000,2886.0000,2886.2000,1,1,1,3,2,1,3,1,1,1
SF,IH2004,2020-03-09 09:33:03.400,2883.2000,4320,0,370436760.000,0,-,-,-,-,2880.8000,2880.2000,2880.0000,2879.8000,2879.0000,2883.0000,2883.2000,2883.6000,2886.0000,2887.8000,1,3,5,1,1,1,3,1,1,1
SF,IH2004,2020-03-09 09:33:03.900,2883.2000,4320,0,370436760.000,0,-,-,-,-,2880.0000,2879.0000,2878.0000,2877.2000,2877.0000,2882.6000,2882.8000,2883.0000,2883.2000,2886.0000,2,1,1,3,2,1,1,1,3,1
SF,IH2004,2020-03-09 09:33:04.400,2883.2000,4320,0,370436760.000,0,-,-,-,-,2880.0000,2879.0000,2878.0000,2877.2000,2877.0000,2882.6000,2882.8000,2883.0000,2883.2000,2886.0000,1,1,1,3,2,1,1,1,3,1
SF,IH2004,2020-03-09 09:33:04.900,2883.2000,4320,0,370436760.000,0,-,-,-,-,2880.8000,2880.4000,2880.2000,2880.0000,2879.8000,2882.6000,2883.2000,2886.0000,2887.8000,2888.0000,1,1,2,4,1,1,3,1,1,1
SF,IH2004,2020-03-09 09:33:05.400,2883.2000,4320,0,370436760.000,0,-,-,-,-,2881.2000,2881.0000,2880.8000,2880.0000,2879.8000,2883.2000,2886.0000,2887.8000,2888.0000,2891.8000,1,3,1,5,1,2,1,1,1,6
SF,IH2004,2020-03-09 09:33:05.900,2883.2000,4320,0,370436760.000,0,-,-,-,-,2883.0000,2881.4000,2881.2000,2880.8000,2880.0000,2883.2000,2886.0000,2887.8000,2888.0000,2891.8000,1,3,1,1,5,2,1,1,1,6
SF,IH2004,2020-03-09 09:33:06.400,2883.0000,4320,0,373031580.000,3,1,2,多换,S,2883.2000,2881.4000,2881.2000,2880.8000,2880.0000,2886.0000,2887.8000,2888.0000,2891.8000,2896.0000,1,1,1,1,5,1,1,1,6,1
SF,IH2004,2020-03-09 09:33:06.900,2885.8000,4318,-2,374762700.000,2,0,2,双平,S,2883.4000,2883.2000,2881.2000,2880.8000,2880.0000,2885.8000,2887.8000,2888.0000,2891.8000,2896.0000,1,1,1,1,5,1,1,1,6,1
SF,IH2004,2020-03-09 09:33:07.400,2885.8000,4317,-1,375628440.000,1,0,1,双平,S,2883.4000,2883.2000,2881.2000,2880.8000,2880.0000,2885.4000,2885.6000,2887.8000,2888.0000,2891.8000,1,1,1,1,5,1,1,1,1,6
SF,IH2004,2020-03-09 09:33:07.900,2883.4000,4316,-1,376493460.000,1,0,1,双平,S,2881.2000,2880.8000,2880.0000,2879.0000,2878.0000,2885.2000,2885.4000,2885.6000,2887.8000,2888.0000,1,1,5,1,1,2,1,2,1,1
SF,IH2004,2020-03-09 09:33:08.400,2883.4000,4316,0,376493460.000,0,-,-,-,-,2881.4000,2881.2000,2880.8000,2880.0000,2879.0000,2885.0000,2885.2000,2885.4000,2885.6000,2887.8000,3,1,1,5,1,1,2,1,2,1
SF,IH2004,2020-03-09 09:33:08.900,2883.4000,4316,0,376493460.000,0,-,-,-,-,2881.4000,2881.2000,2880.8000,2880.0000,2879.0000,2884.8000,2885.2000,2885.6000,2887.8000,2888.0000,2,1,1,6,1,2,1,1,1,1
SF,IH2004,2020-03-09 09:33:09.400,2883.4000,4316,0,376493460.000,0,-,-,-,-,2881.6000,2881.4000,2881.2000,2880.8000,2880.0000,2884.6000,2884.8000,2885.2000,2885.6000,2887.8000,1,2,1,1,6,1,2,1,1,1
SF,IH2004,2020-03-09 09:33:09.900,2883.4000,4316,0,376493460.000,0,-,-,-,-,2881.8000,2881.6000,2881.2000,2880.8000,2880.0000,2884.4000,2884.6000,2884.8000,2885.2000,2885.6000,2,1,1,1,6,2,1,1,1,1
SF,IH2004,2020-03-09 09:33:10.400,2883.4000,4316,0,376493460.000,0,-,-,-,-,2881.8000,2881.6000,2880.8000,2880.0000,2879.0000,2884.4000,2884.6000,2884.8000,2885.2000,2885.6000,2,1,1,5,1,2,1,1,1,1
SF,IH2004,2020-03-09 09:33:11.400,2883.4000,4316,0,376493460.000,0,-,-,-,-,2881.8000,2881.6000,2880.8000,2880.0000,2879.0000,2883.2000,2884.4000,2884.8000,2885.2000,2885.6000,2,1,1,4,1,1,2,1,1,1
SF,IH2004,2020-03-09 09:33:11.900,2884.4000,4315,-1,377358780.000,1,0,1,双平,S,2881.8000,2880.8000,2880.0000,2879.0000,2878.0000,2884.4000,2884.8000,2885.2000,2885.6000,2887.8000,2,1,4,1,1,1,1,1,1,1
SF,IH2004,2020-03-09 09:33:12.400,2882.0000,4314,-1,378223380.000,1,0,1,双平,S,2880.8000,2880.0000,2879.0000,2878.0000,2877.2000,2883.2000,2884.2000,2884.4000,2885.2000,2885.6000,1,4,1,1,3,1,4,1,1,1
SF,IH2004,2020-03-09 09:33:12.900,2882.0000,4314,0,378223380.000,0,-,-,-,-,2881.0000,2880.8000,2880.0000,2879.0000,2878.0000,2883.0000,2883.2000,2884.2000,2884.4000,2885.2000,2,1,4,1,1,1,1,2,1,1
SF,IH2004,2020-03-09 09:33:13.400,2882.0000,4314,0,378223380.000,0,-,-,-,-,2881.0000,2880.0000,2879.0000,2878.0000,2877.2000,2883.0000,2883.2000,2884.2000,2884.4000,2885.2000,2,2,1,1,3,1,1,2,1,1
SF,IH2004,2020-03-09 09:33:13.900,2882.0000,4314,0,378223380.000,0,-,-,-,-,2880.0000,2878.0000,2877.2000,2877.0000,2871.6000,2881.0000,2882.8000,2883.0000,2883.2000,2884.2000,2,1,3,2,1,1,1,1,1,1
SF,IH2004,2020-03-09 09:33:14.400,2882.8000,4313,-1,379952580.000,2,0,2,多平,S,2880.2000,2880.0000,2878.0000,2877.2000,2877.0000,2883.0000,2883.2000,2884.2000,2885.2000,2887.8000,2,1,1,3,2,1,1,1,1,1
SF,IH2004,2020-03-09 09:33:14.900,2880.0000,4312,-1,381680640.000,2,0,2,多平,S,2878.0000,2877.2000,2877.0000,2871.6000,2870.2000,2881.8000,2882.4000,2882.8000,2883.0000,2883.2000,1,3,2,1,1,1,1,1,1,1
SF,IH2004,2020-03-09 09:33:15.400,2880.0000,4312,0,381680640.000,0,-,-,-,-,2878.4000,2878.2000,2878.0000,2877.2000,2877.0000,2881.6000,2881.8000,2882.4000,2882.8000,2883.2000,1,2,1,3,2,1,1,1,1,1
SF,IH2004,2020-03-09 09:33:15.900,2880.0000,4312,0,381680640.000,0,-,-,-,-,2878.2000,2878.0000,2877.6000,2877.2000,2877.0000,2881.4000,2881.6000,2881.8000,2883.2000,2884.0000,2,1,1,3,2,2,1,1,1,1
SF,IH2004,2020-03-09 09:33:16.400,2880.0000,4312,0,381680640.000,0,-,-,-,-,2878.0000,2877.6000,2877.2000,2877.0000,2871.6000,2881.2000,2881.4000,2881.8000,2883.2000,2884.0000,1,1,3,2,1,2,3,1,1,1
SF,IH2004,2020-03-09 09:33:16.900,2880.0000,4312,0,381680640.000,0,-,-,-,-,2878.2000,2878.0000,2877.6000,2877.2000,2877.0000,2881.2000,2881.4000,2881.8000,2883.2000,2884.0000,2,1,1,3,2,2,3,1,1,1
SF,IH2004,2020-03-09 09:33:17.400,2880.0000,4312,0,381680640.000,0,-,-,-,-,2878.2000,2878.0000,2877.6000,2877.2000,2877.0000,2881.2000,2881.4000,2881.8000,2883.2000,2884.0000,2,1,1,3,2,2,1,1,1,1
SF,IH2004,2020-03-09 09:33:18.400,2880.0000,4312,0,381680640.000,0,-,-,-,-,2878.2000,2878.0000,2877.6000,2877.2000,2877.0000,2881.2000,2881.4000,2881.8000,2882.6000,2883.2000,2,1,1,3,2,2,1,1,1,1
SF,IH2004,2020-03-09 09:33:19.900,2880.0000,4312,0,381680640.000,0,-,-,-,-,2878.2000,2878.0000,2877.6000,2877.2000,2877.0000,2881.2000,2881.8000,2882.6000,2883.2000,2884.2000,2,1,1,3,2,2,1,1,1,5
SF,IH2004,2020-03-09 09:33:20.900,2880.0000,4312,0,381680640.000,0,-,-,-,-,2878.2000,2878.0000,2877.6000,2877.2000,2877.0000,2881.0000,2881.2000,2881.8000,2882.6000,2883.2000,2,1,1,3,2,1,2,1,1,1
SF,IH2004,2020-03-09 09:33:21.400,2880.0000,4312,0,381680640.000,0,-,-,-,-,2878.2000,2878.0000,2877.6000,2877.2000,2877.0000,2880.8000,2881.0000,2881.2000,2881.8000,2882.6000,2,1,1,3,2,1,1,1,1,1
SF,IH2004,2020-03-09 09:33:21.900,2880.0000,4312,0,381680640.000,0,-,-,-,-,2878.4000,2878.2000,2878.0000,2877.6000,2877.2000,2880.8000,2881.2000,2881.8000,2882.6000,2883.2000,1,2,1,1,3,1,1,1,1,1
SF,IH2004,2020-03-09 09:33:22.400,2880.0000,4312,0,381680640.000,0,-,-,-,-,2878.6000,2878.0000,2877.6000,2877.2000,2877.0000,2880.8000,2881.2000,2881.8000,2882.6000,2883.2000,2,1,1,3,2,1,1,1,1,1
SF,IH2004,2020-03-09 09:33:23.400,2880.8000,4311,-1,382544880.000,1,0,1,双平,S,2878.8000,2878.6000,2878.0000,2877.6000,2877.2000,2881.2000,2881.8000,2882.6000,2883.2000,2884.2000,1,2,1,1,3,1,1,1,1,5
SF,IH2004,2020-03-09 09:33:23.900,2881.2000,4311,0,383409240.000,1,0,1,多换,S,2879.0000,2878.8000,2878.0000,2877.6000,2877.2000,2881.8000,2882.6000,2883.2000,2884.2000,2885.2000,3,1,1,1,3,1,1,1,5,1
SF,IH2004,2020-03-09 09:33:24.400,2881.2000,4311,0,383409240.000,0,-,-,-,-,2880.0000,2879.2000,2879.0000,2878.0000,2877.6000,2881.8000,2882.6000,2883.2000,2884.2000,2885.2000,1,1,3,1,1,1,1,1,5,1
SF,IH2004,2020-03-09 09:33:24.900,2881.8000,4311,0,384273780.000,1,0,1,多换,S,2880.2000,2880.0000,2878.0000,2877.6000,2877.2000,2883.2000,2885.2000,2887.8000,2888.0000,2891.8000,4,2,1,1,3,1,1,1,6,1
SF,IH2004,2020-03-09 09:33:25.400,2881.8000,4311,0,384273780.000,0,-,-,-,-,2880.2000,2880.0000,2878.0000,2877.6000,2877.2000,2883.2000,2885.2000,2887.8000,2888.0000,2891.8000,4,1,1,1,3,1,1,1,6,1
SF,IH2004,2020-03-09 09:33:25.900,2881.8000,4311,0,384273780.000,0,-,-,-,-,2881.4000,2880.8000,2880.2000,2880.0000,2878.0000,2885.2000,2887.8000,2888.0000,2891.8000,2896.0000,1,1,4,3,1,1,1,6,1,1
SF,IH2004,2020-03-09 09:33:26.400,2881.8000,4311,0,384273780.000,0,-,-,-,-,2881.6000,2881.4000,2881.2000,2880.8000,2880.4000,2884.4000,2885.0000,2885.2000,2887.8000,2888.0000,3,1,1,1,3,1,2,1,1,6
SF,IH2004,2020-03-09 09:33:26.900,2881.8000,4311,0,384273780.000,0,-,-,-,-,2881.6000,2880.8000,2880.4000,2880.2000,2880.0000,2885.0000,2885.2000,2887.8000,2888.0000,2891.8000,3,1,2,1,3,3,1,1,6,1
SF,IH2004,2020-03-09 09:33:27.400,2881.8000,4311,0,384273780.000,0,-,-,-,-,2882.2000,2881.6000,2880.8000,2880.4000,2880.2000,2885.0000,2885.2000,2887.8000,2888.0000,2891.8000,1,3,1,2,1,3,1,1,6,1
SF,IH2004,2020-03-09 09:33:27.900,2881.8000,4311,0,384273780.000,0,-,-,-,-,2882.2000,2881.6000,2880.8000,2880.4000,2880.2000,2885.0000,2885.2000,2887.8000,2888.0000,2891.8000,1,2,1,2,1,3,1,1,6,1
SF,IH2004,2020-03-09 09:33:30.400,2881.8000,4311,0,384273780.000,0,-,-,-,-,2882.2000,2881.6000,2880.8000,2880.4000,2880.2000,2884.8000,2885.0000,2885.2000,2887.8000,2888.0000,1,2,1,2,1,1,3,1,1,6
SF,IH2004,2020-03-09 09:33:30.900,2882.2000,4310,-1,386003100.000,2,0,2,多平,S,2880.8000,2880.4000,2880.2000,2880.0000,2878.0000,2884.6000,2884.8000,2885.0000,2885.2000,2887.8000,1,2,1,3,1,3,1,1,1,1
SF,IH2004,2020-03-09 09:33:31.400,2882.2000,4310,0,386003100.000,0,-,-,-,-,2881.4000,2881.2000,2881.0000,2880.8000,2880.4000,2884.6000,2884.8000,2885.0000,2885.2000,2887.8000,1,1,2,1,2,3,1,1,1,1
SF,IH2004,2020-03-09 09:33:31.900,2882.2000,4310,0,386003100.000,0,-,-,-,-,2881.4000,2881.0000,2880.8000,2880.4000,2880.0000,2884.6000,2884.8000,2885.2000,2887.8000,2888.0000,1,2,1,1,3,3,1,1,1,6
SF,IH2004,2020-03-09 09:33:32.400,2882.2000,4310,0,386003100.000,0,-,-,-,-,2881.6000,2881.4000,2880.8000,2880.4000,2880.0000,2884.6000,2884.8000,2885.2000,2887.8000,2888.0000,2,1,1,1,3,3,1,1,1,6
SF,IH2004,2020-03-09 09:33:32.900,2882.2000,4310,0,386003100.000,0,-,-,-,-,2881.6000,2881.4000,2880.8000,2880.4000,2880.0000,2884.0000,2884.4000,2884.6000,2884.8000,2885.2000,2,1,1,1,3,1,1,3,1,1
SF,IH2004,2020-03-09 09:33:33.400,2882.2000,4310,0,386003100.000,0,-,-,-,-,2881.6000,2881.4000,2880.8000,2880.4000,2880.0000,2883.8000,2884.4000,2884.6000,2884.8000,2885.2000,2,1,1,1,3,1,1,2,1,1
SF,IH2004,2020-03-09 09:33:33.900,2882.2000,4310,0,386003100.000,0,-,-,-,-,2881.6000,2881.4000,2881.0000,2880.8000,2880.4000,2883.8000,2884.4000,2884.6000,2884.8000,2885.2000,2,1,1,1,1,1,1,2,1,1
SF,IH2004,2020-03-09 09:33:34.400,2882.2000,4310,0,386003100.000,0,-,-,-,-,2881.6000,2881.0000,2880.8000,2880.4000,2880.0000,2883.8000,2884.4000,2884.6000,2884.8000,2885.2000,2,1,1,1,3,1,1,2,1,1
SF,IH2004,2020-03-09 09:33:34.900,2882.2000,4310,0,386003100.000,0,-,-,-,-,2881.6000,2881.0000,2880.8000,2880.4000,2880.0000,2883.2000,2883.6000,2883.8000,2884.6000,2884.8000,2,1,1,1,3,1,1,1,2,1
SF,IH2004,2020-03-09 09:33:35.400,2882.2000,4310,0,386003100.000,0,-,-,-,-,2881.6000,2881.0000,2880.8000,2880.4000,2880.0000,2883.8000,2884.6000,2884.8000,2885.2000,2887.8000,2,1,1,1,3,1,2,1,1,1
SF,IH2004,2020-03-09 09:33:36.900,2882.0000,4310,0,386867700.000,1,0,1,多换,S,2881.6000,2881.0000,2880.8000,2880.4000,2880.0000,2883.8000,2884.6000,2884.8000,2885.2000,2887.8000,2,1,1,1,3,1,2,1,1,1
SF,IH2004,2020-03-09 09:33:37.900,2883.8000,4310,0,387732840.000,1,0,1,多换,S,2881.8000,2881.6000,2881.0000,2880.8000,2880.4000,2884.6000,2884.8000,2885.2000,2887.8000,2888.0000,1,2,1,1,1,2,1,1,1,7
SF,IH2004,2020-03-09 09:33:38.400,2883.8000,4310,0,387732840.000,0,-,-,-,-,2881.8000,2881.6000,2881.0000,2880.8000,2880.4000,2884.2000,2884.6000,2884.8000,2885.2000,2887.8000,1,2,1,1,1,1,2,1,1,1
SF,IH2004,2020-03-09 09:33:40.400,2883.8000,4310,0,387732840.000,0,-,-,-,-,2881.8000,2881.6000,2881.0000,2880.8000,2880.4000,2884.2000,2884.6000,2884.8000,2885.2000,2887.8000,1,2,1,1,1,1,2,1,1,1
SF,IH2004,2020-03-09 09:33:40.900,2883.8000,4310,0,387732840.000,0,-,-,-,-,2882.0000,2881.8000,2881.0000,2880.8000,2880.4000,2884.8000,2885.2000,2887.8000,2888.0000,2891.8000,2,1,1,1,1,1,1,1,7,1
SF,IH2004,2020-03-09 09:33:41.400,2883.8000,4310,0,387732840.000,0,-,-,-,-,2882.0000,2881.0000,2880.8000,2880.4000,2880.0000,2883.2000,2884.0000,2884.4000,2884.8000,2885.2000,2,1,1,1,3,1,1,1,1,1
SF,IH2004,2020-03-09 09:33:41.900,2883.4000,4309,-1,388597860.000,1,0,1,双平,S,2883.2000,2881.0000,2880.8000,2880.4000,2880.0000,2884.8000,2885.2000,2887.8000,2888.0000,2891.8000,1,1,1,1,3,1,1,1,6,1
SF,IH2004,2020-03-09 09:33:42.400,2883.4000,4309,0,388597860.000,0,-,-,-,-,2882.8000,2881.8000,2881.0000,2880.8000,2880.4000,2884.8000,2885.2000,2887.8000,2888.0000,2891.8000,1,1,1,1,1,1,1,1,6,1
SF,IH2004,2020-03-09 09:33:42.900,2884.8000,4308,-1,389463300.000,1,0,1,双平,S,2883.0000,2882.8000,2881.8000,2881.0000,2880.8000,2885.2000,2887.8000,2888.0000,2891.8000,2896.0000,3,1,1,1,1,1,1,6,1,1
SF,IH2004,2020-03-09 09:33:43.400,2885.2000,4307,-1,390328860.000,1,0,1,双平,S,2883.0000,2882.8000,2881.8000,2881.0000,2880.8000,2884.6000,2887.8000,2888.0000,2891.8000,2896.0000,3,1,1,1,1,1,1,6,1,1
SF,IH2004,2020-03-09 09:33:43.900,2885.2000,4307,0,390328860.000,0,-,-,-,-,2883.0000,2882.8000,2881.8000,2881.0000,2880.8000,2887.8000,2888.0000,2891.8000,2896.0000,2896.8000,3,1,1,1,3,1,6,1,1,1
SF,IH2004,2020-03-09 09:33:44.400,2883.2000,4307,0,391193820.000,1,0,1,多换,S,2883.2000,2883.0000,2882.8000,2881.8000,2881.0000,2886.2000,2887.2000,2887.4000,2887.6000,2887.8000,1,1,1,1,1,1,1,1,5,1
SF,IH2004,2020-03-09 09:33:44.900,2883.2000,4307,0,391193820.000,0,-,-,-,-,2883.4000,2883.2000,2882.8000,2881.8000,2881.0000,2886.2000,2887.2000,2887.6000,2887.8000,2888.0000,3,2,1,1,1,1,1,6,1,6
SF,IH2004,2020-03-09 09:33:45.400,2883.2000,4307,0,391193820.000,0,-,-,-,-,2883.4000,2883.2000,2882.8000,2881.8000,2881.0000,2886.0000,2886.2000,2887.2000,2887.6000,2887.8000,1,1,1,1,1,2,1,1,3,1
SF,IH2004,2020-03-09 09:33:45.900,2883.2000,4307,0,391193820.000,0,-,-,-,-,2883.6000,2883.4000,2883.2000,2882.8000,2881.8000,2886.4000,2887.2000,2887.6000,2887.8000,2888.0000,2,1,2,1,1,1,1,3,1,6
SF,IH2004,2020-03-09 09:33:46.400,2883.2000,4307,0,391193820.000,0,-,-,-,-,2882.8000,2881.8000,2881.0000,2880.8000,2880.4000,2883.4000,2885.0000,2885.8000,2886.0000,2886.2000,1,1,1,3,1,1,1,2,1,3
SF,IH2004,2020-03-09 09:33:46.900,2883.4000,4308,1,392923860.000,2,1,1,空开,S,2883.8000,2883.6000,2883.2000,2882.8000,2881.8000,2885.0000,2885.8000,2886.2000,2886.4000,2887.6000,1,1,1,1,1,1,2,1,1,3
SF,IH2004,2020-03-09 09:33:47.900,2883.4000,4308,0,392923860.000,0,-,-,-,-,2883.8000,2883.6000,2882.8000,2881.8000,2881.0000,2885.0000,2885.8000,2886.2000,2886.4000,2887.6000,1,1,1,1,1,1,2,1,1,3
SF,IH2004,2020-03-09 09:33:48.400,2883.4000,4308,0,392923860.000,0,-,-,-,-,2883.8000,2883.6000,2883.2000,2882.8000,2881.8000,2885.0000,2885.8000,2886.2000,2886.4000,2887.6000,1,1,1,1,1,1,2,1,1,3
SF,IH2004,2020-03-09 09:33:48.900,2883.4000,4308,0,392923860.000,0,-,-,-,-,2884.0000,2883.8000,2883.6000,2883.2000,2882.8000,2885.0000,2885.8000,2886.2000,2887.6000,2887.8000,2,1,1,1,1,1,1,1,3,1
SF,IH2004,2020-03-09 09:33:49.400,2885.0000,4308,0,393789360.000,1,0,1,多换,S,2884.0000,2883.8000,2883.6000,2883.2000,2882.8000,2886.2000,2887.6000,2887.8000,2888.0000,2891.8000,2,1,1,1,1,1,3,1,1,6
SF,IH2004,2020-03-09 09:33:49.900,2885.0000,4308,0,393789360.000,0,-,-,-,-,2885.0000,2884.8000,2884.2000,2884.0000,2883.8000,2886.0000,2887.6000,2887.8000,2888.0000,2891.8000,1,1,1,2,1,1,3,1,1,6
SF,IH2004,2020-03-09 09:33:50.400,2885.0000,4308,0,393789360.000,0,-,-,-,-,2885.0000,2884.2000,2884.0000,2883.8000,2883.6000,2886.0000,2887.6000,2887.8000,2888.0000,2891.8000,1,1,2,1,1,1,3,1,1,6
SF,IH2004,2020-03-09 09:33:50.900,2885.0000,4308,0,393789360.000,0,-,-,-,-,2885.0000,2884.2000,2884.0000,2883.8000,2883.6000,2886.0000,2887.6000,2887.8000,2888.0000,2891.8000,3,1,2,1,1,1,3,1,1,6
SF,IH2004,2020-03-09 09:33:51.400,2885.0000,4308,0,393789360.000,0,-,-,-,-,2885.2000,2885.0000,2884.2000,2883.8000,2883.6000,2887.6000,2887.8000,2888.0000,2891.8000,2896.0000,2,3,1,1,1,3,1,1,6,1
SF,IH2004,2020-03-09 09:33:51.900,2885.0000,4308,0,393789360.000,0,-,-,-,-,2885.4000,2885.2000,2885.0000,2883.8000,2883.6000,2887.6000,2887.8000,2888.0000,2891.8000,2896.0000,1,2,3,1,1,3,1,1,6,1
SF,IH2004,2020-03-09 09:33:52.400,2885.0000,4308,0,393789360.000,0,-,-,-,-,2885.6000,2885.4000,2885.0000,2883.8000,2883.6000,2887.4000,2887.6000,2888.0000,2891.8000,2896.0000,2,1,3,1,1,1,3,1,6,1
SF,IH2004,2020-03-09 09:33:52.900,2887.4000,4307,-1,394655580.000,1,0,1,双平,S,2887.4000,2885.8000,2885.6000,2885.0000,2883.8000,2887.6000,2888.0000,2891.8000,2896.0000,2896.8000,3,1,2,3,1,3,1,6,1,1
SF,IH2004,2020-03-09 09:33:53.400,2887.4000,4304,-3,397254240.000,3,0,3,双平,S,2885.8000,2885.6000,2885.4000,2885.0000,2883.6000,2887.2000,2887.4000,2888.0000,2891.8000,2896.0000,1,2,1,2,1,1,1,1,6,1
SF,IH2004,2020-03-09 09:33:53.900,2887.4000,4303,-1,398986620.000,2,0,2,多平,S,2887.2000,2886.4000,2886.0000,2885.8000,2885.4000,2888.0000,2891.8000,2896.0000,2896.8000,2906.0000,1,1,2,1,1,1,6,1,1,1
SF,IH2004,2020-03-09 09:33:54.400,2887.4000,4303,0,398986620.000,0,-,-,-,-,2887.2000,2886.4000,2886.0000,2885.8000,2885.6000,2888.0000,2891.8000,2896.0000,2896.8000,2906.0000,1,1,2,1,1,1,6,1,1,1
SF,IH2004,2020-03-09 09:33:54.900,2888.0000,4303,0,399853020.000,1,0,1,多换,S,2887.4000,2887.2000,2886.4000,2886.0000,2885.8000,2891.8000,2896.0000,2896.8000,2906.0000,2910.0000,2,1,1,2,1,6,1,1,1,2
SF,IH2004,2020-03-09 09:33:55.400,2888.0000,4303,0,399853020.000,0,-,-,-,-,2887.6000,2887.2000,2886.4000,2886.0000,2885.6000,2890.2000,2891.2000,2891.6000,2891.8000,2896.0000,1,1,1,2,1,1,1,6,6,1
SF,IH2004,2020-03-09 09:33:55.900,2888.0000,4303,0,399853020.000,0,-,-,-,-,2887.8000,2887.6000,2887.2000,2886.4000,2886.0000,2891.6000,2891.8000,2896.0000,2896.8000,2906.0000,2,1,1,1,2,7,6,1,1,1
SF,IH2004,2020-03-09 09:33:56.400,2888.0000,4303,0,399853020.000,0,-,-,-,-,2888.0000,2887.2000,2886.4000,2886.0000,2885.6000,2890.4000,2891.2000,2891.4000,2891.6000,2891.8000,1,1,1,2,1,1,1,1,7,5
SF,IH2004,2020-03-09 09:33:56.900,2888.0000,4303,0,399853020.000,0,-,-,-,-,2890.6000,2888.2000,2888.0000,2887.2000,2886.4000,2891.4000,2891.6000,2895.6000,2896.0000,2896.8000,1,2,1,1,1,1,6,5,1,1
SF,IH2004,2020-03-09 09:33:57.400,2890.6000,4303,0,401587380.000,2,1,1,多换,S,2888.0000,2886.4000,2886.0000,2885.4000,2885.0000,2890.6000,2891.6000,2895.6000,2896.0000,2896.8000,1,1,2,1,2,3,4,5,1,1
SF,IH2004,2020-03-09 09:33:57.900,2890.6000,4303,0,401587380.000,0,-,-,-,-,2890.0000,2888.2000,2886.4000,2886.0000,2885.4000,2890.6000,2891.6000,2895.6000,2896.0000,2896.8000,1,2,1,1,1,2,3,5,1,1
SF,IH2004,2020-03-09 09:33:58.400,2890.0000,4302,-1,402454380.000,1,0,1,双平,S,2886.4000,2886.0000,2885.4000,2885.0000,2880.8000,2890.0000,2890.6000,2891.6000,2892.0000,2895.6000,1,1,1,2,2,1,2,3,1,5
SF,IH2004,2020-03-09 09:33:58.900,2890.0000,4302,0,402454380.000,0,-,-,-,-,2888.0000,2886.6000,2886.4000,2886.0000,2885.4000,2890.6000,2891.6000,2892.0000,2895.6000,2896.0000,1,3,2,1,1,2,3,1,5,1
SF,IH2004,2020-03-09 09:33:59.400,2890.0000,4302,0,402454380.000,0,-,-,-,-,2888.2000,2888.0000,2886.6000,2886.4000,2886.0000,2891.6000,2892.0000,2895.6000,2896.0000,2896.8000,3,1,4,2,1,3,1,5,1,1
SF,IH2004,2020-03-09 09:33:59.900,2890.0000,4302,0,402454380.000,0,-,-,-,-,2888.2000,2886.6000,2886.4000,2886.0000,2885.4000,2891.6000,2892.0000,2893.6000,2895.6000,2896.0000,3,3,2,1,1,3,1,1,5,1
SF,IH2004,2020-03-09 09:34:00.400,2890.0000,4302,0,402454380.000,0,-,-,-,-,2889.0000,2888.2000,2886.6000,2886.4000,2886.0000,2891.6000,2892.0000,2893.6000,2895.6000,2896.0000,1,3,3,2,1,3,1,1,5,1
SF,IH2004,2020-03-09 09:34:00.900,2890.0000,4302,0,402454380.000,0,-,-,-,-,2889.2000,2889.0000,2886.6000,2886.4000,2886.0000,2891.6000,2892.0000,2893.6000,2895.6000,2896.0000,3,1,3,2,1,3,1,1,5,1
SF,IH2004,2020-03-09 09:34:01.400,2890.0000,4302,0,402454380.000,0,-,-,-,-,2889.2000,2886.6000,2886.4000,2886.0000,2885.4000,2891.4000,2892.0000,2893.6000,2895.6000,2896.0000,3,3,2,1,1,4,1,1,5,1
SF,IH2004,2020-03-09 09:34:01.900,2890.0000,4302,0,402454380.000,0,-,-,-,-,2889.4000,2889.2000,2886.6000,2886.4000,2886.0000,2891.4000,2892.0000,2893.6000,2895.6000,2896.0000,1,3,3,2,1,4,1,1,5,1
SF,IH2004,2020-03-09 09:34:02.400,2890.0000,4302,0,402454380.000,0,-,-,-,-,2889.6000,2889.4000,2889.2000,2886.6000,2886.4000,2891.4000,2893.6000,2895.6000,2896.0000,2896.8000,1,1,2,3,2,3,1,5,1,1
SF,IH2004,2020-03-09 09:34:02.900,2889.2000,4299,-3,405921600.000,4,0,4,多平,S,2886.6000,2886.4000,2886.0000,2885.4000,2880.8000,2889.6000,2891.2000,2891.4000,2893.6000,2896.0000,3,2,1,1,2,1,1,3,1,1
SF,IH2004,2020-03-09 09:34:03.400,2889.4000,4298,-1,406788420.000,1,0,1,双平,S,2887.6000,2886.8000,2886.6000,2886.4000,2886.0000,2889.6000,2891.2000,2891.4000,2893.6000,2896.8000,1,3,3,2,1,1,1,3,1,1
SF,IH2004,2020-03-09 09:34:03.900,2889.4000,4298,0,406788420.000,0,-,-,-,-,2887.8000,2887.6000,2886.6000,2886.4000,2886.0000,2889.6000,2891.2000,2891.4000,2893.6000,2896.8000,2,1,2,2,1,1,1,3,1,1
SF,IH2004,2020-03-09 09:34:04.400,2889.6000,4298,0,407655300.000,1,0,1,多换,S,2889.6000,2887.8000,2887.6000,2886.6000,2886.4000,2891.2000,2891.4000,2893.6000,2896.8000,2906.0000,3,2,1,2,2,1,3,1,1,1
SF,IH2004,2020-03-09 09:34:04.900,2889.6000,4295,-3,410255940.000,3,0,3,双平,S,2887.6000,2886.6000,2886.4000,2886.0000,2885.4000,2889.6000,2890.4000,2890.8000,2891.0000,2891.2000,1,2,2,1,1,3,1,1,2,1
SF,IH2004,2020-03-09 09:34:05.400,2889.6000,4295,0,410255940.000,0,-,-,-,-,2887.6000,2886.6000,2886.4000,2886.0000,2885.4000,2889.6000,2891.0000,2891.4000,2893.6000,2896.8000,1,2,2,1,1,4,2,3,1,1
SF,IH2004,2020-03-09 09:34:05.900,2889.6000,4295,0,412856580.000,3,1,2,多换,S,2887.6000,2886.6000,2886.4000,2886.0000,2885.4000,2889.6000,2891.0000,2891.4000,2893.6000,2896.8000,1,2,2,1,1,1,2,3,1,1
SF,IH2004,2020-03-09 09:34:06.400,2889.6000,4295,0,413723460.000,1,0,1,多换,S,2887.8000,2887.6000,2886.6000,2886.4000,2886.0000,2891.4000,2893.6000,2896.8000,2906.0000,2910.0000,2,1,2,2,1,3,1,1,1,2
SF,IH2004,2020-03-09 09:34:06.900,2887.8000,4294,-1,414589800.000,1,0,1,双平,S,2887.8000,2886.6000,2886.4000,2886.0000,2885.4000,2891.0000,2891.2000,2893.6000,2896.8000,2906.0000,1,2,2,1,1,1,5,1,1,1
SF,IH2004,2020-03-09 09:34:07.400,2887.8000,4294,0,414589800.000,0,-,-,-,-,2887.8000,2886.6000,2886.4000,2886.0000,2885.4000,2890.8000,2891.0000,2891.2000,2893.6000,2896.8000,1,2,2,1,1,2,2,4,1,1
SF,IH2004,2020-03-09 09:34:07.900,2887.8000,4294,0,414589800.000,0,-,-,-,-,2887.8000,2886.6000,2886.4000,2886.0000,2885.4000,2890.8000,2891.0000,2891.2000,2893.6000,2896.8000,1,2,2,1,1,2,2,4,1,1
SF,IH2004,2020-03-09 09:34:08.400,2891.0000,4294,0,415457100.000,1,0,1,多换,S,2891.0000,2887.8000,2886.6000,2886.4000,2886.0000,2891.2000,2893.6000,2896.8000,2906.0000,2910.0000,3,1,2,2,1,3,1,1,1,2
SF,IH2004,2020-03-09 09:34:08.900,2891.0000,4295,1,418059000.000,3,2,1,空开,S,2887.8000,2886.6000,2886.4000,2886.0000,2885.4000,2891.0000,2891.2000,2896.8000,2906.0000,2910.0000,1,2,2,1,1,3,3,1,1,2
SF,IH2004,2020-03-09 09:34:09.400,2891.0000,4295,0,418059000.000,0,-,-,-,-,2888.4000,2888.0000,2887.8000,2886.6000,2886.4000,2891.0000,2891.2000,2896.8000,2906.0000,2910.0000,1,1,1,2,2,2,3,1,1,2
SF,IH2004,2020-03-09 09:34:09.900,2891.0000,4295,0,418059000.000,0,-,-,-,-,2888.6000,2888.4000,2886.6000,2886.4000,2886.0000,2891.0000,2891.2000,2896.8000,2906.0000,2910.0000,3,1,1,2,1,2,3,1,1,2
SF,IH2004,2020-03-09 09:34:10.400,2891.0000,4295,0,418926300.000,1,0,1,多换,S,2889.6000,2888.6000,2886.6000,2886.0000,2885.4000,2891.0000,2896.8000,2906.0000,2910.0000,2914.0000,2,4,1,1,1,1,1,1,2,1
SF,IH2004,2020-03-09 09:34:10.900,2891.0000,4295,0,419793600.000,1,0,1,多换,S,2891.0000,2889.8000,2889.6000,2888.6000,2886.6000,2896.8000,2906.0000,2910.0000,2914.0000,2915.0000,3,1,3,2,1,1,1,2,1,1
SF,IH2004,2020-03-09 09:34:11.400,2891.0000,4295,0,419793600.000,0,-,-,-,-,2891.2000,2891.0000,2886.6000,2886.0000,2880.8000,2893.6000,2895.8000,2896.4000,2896.6000,2896.8000,1,3,1,1,2,1,1,1,10,1
SF,IH2004,2020-03-09 09:34:11.900,2891.2000,4295,0,420660960.000,1,0,1,多换,S,2891.2000,2891.0000,2886.6000,2886.0000,2880.8000,2893.4000,2893.6000,2894.6000,2895.8000,2896.4000,1,4,1,1,2,3,1,3,1,1
SF,IH2004,2020-03-09 09:34:12.400,2891.2000,4295,0,420660960.000,0,-,-,-,-,2891.2000,2891.0000,2886.6000,2880.8000,2880.0000,2893.4000,2893.6000,2894.6000,2896.4000,2896.6000,2,4,1,2,1,2,1,1,1,8
SF,IH2004,2020-03-09 09:34:12.900,2891.2000,4295,0,420660960.000,0,-,-,-,-,2891.2000,2891.0000,2886.6000,2880.8000,2880.0000,2893.4000,2893.6000,2894.6000,2896.4000,2896.6000,1,4,1,2,1,2,1,1,1,7
SF,IH2004,2020-03-09 09:34:13.400,2891.2000,4295,0,420660960.000,0,-,-,-,-,2891.2000,2891.0000,2886.6000,2880.8000,2880.0000,2893.4000,2894.6000,2896.4000,2896.6000,2896.8000,2,4,1,2,1,2,1,1,7,1
SF,IH2004,2020-03-09 09:34:13.900,2891.2000,4295,0,420660960.000,0,-,-,-,-,2891.4000,2891.2000,2891.0000,2886.6000,2880.8000,2894.6000,2896.4000,2896.6000,2896.8000,2906.0000,1,2,4,1,2,1,1,7,1,1
SF,IH2004,2020-03-09 09:34:14.400,2891.2000,4295,0,420660960.000,0,-,-,-,-,2893.4000,2891.6000,2891.0000,2886.6000,2880.8000,2894.4000,2894.6000,2896.4000,2896.6000,2896.8000,1,1,4,1,2,2,1,1,7,1
SF,IH2004,2020-03-09 09:34:14.900,2893.4000,4294,-1,421528980.000,1,0,1,双平,S,2891.6000,2891.2000,2891.0000,2886.6000,2880.8000,2893.2000,2893.4000,2894.4000,2896.4000,2896.6000,1,1,4,1,2,2,1,2,1,7
SF,IH2004,2020-03-09 09:34:15.400,2893.4000,4294,0,421528980.000,0,-,-,-,-,2891.0000,2886.6000,2880.8000,2880.0000,2879.0000,2893.2000,2893.4000,2894.2000,2894.4000,2896.4000,4,1,2,1,1,2,3,1,2,1
SF,IH2004,2020-03-09 09:34:15.900,2893.4000,4294,0,421528980.000,0,-,-,-,-,2891.4000,2891.2000,2891.0000,2886.6000,2880.8000,2893.2000,2893.4000,2894.4000,2896.4000,2896.6000,1,2,4,1,2,2,3,2,1,7
SF,IH2004,2020-03-09 09:34:16.400,2893.4000,4294,0,421528980.000,0,-,-,-,-,2891.6000,2891.4000,2891.2000,2891.0000,2886.6000,2893.4000,2896.4000,2896.6000,2896.8000,2897.8000,2,1,1,4,1,3,1,7,1,1
SF,IH2004,2020-03-09 09:34:16.900,2893.4000,4294,0,421528980.000,0,-,-,-,-,2891.6000,2891.2000,2891.0000,2886.6000,2886.2000,2893.4000,2895.4000,2896.4000,2896.6000,2896.8000,2,1,4,1,1,3,1,1,7,1
SF,IH2004,2020-03-09 09:34:17.400,2893.4000,4294,0,421528980.000,0,-,-,-,-,2891.6000,2891.2000,2891.0000,2886.6000,2886.2000,2893.2000,2893.4000,2895.4000,2896.4000,2896.6000,1,1,4,1,1,2,1,1,1,7
SF,IH2004,2020-03-09 09:34:17.900,2893.4000,4294,0,421528980.000,0,-,-,-,-,2891.6000,2891.2000,2891.0000,2886.6000,2886.2000,2893.4000,2895.4000,2896.4000,2896.6000,2896.8000,1,1,4,1,1,1,1,1,7,1
SF,IH2004,2020-03-09 09:34:18.400,2893.4000,4294,0,421528980.000,0,-,-,-,-,2891.6000,2891.2000,2891.0000,2886.6000,2886.2000,2893.2000,2893.4000,2895.4000,2896.4000,2896.6000,1,1,4,1,1,5,1,1,1,4
SF,IH2004,2020-03-09 09:34:18.900,2891.6000,4293,-1,422396460.000,1,0,1,双平,S,2891.2000,2891.0000,2886.6000,2886.2000,2880.8000,2891.6000,2893.0000,2893.2000,2893.4000,2895.4000,1,4,1,1,2,1,3,7,1,1
SF,IH2004,2020-03-09 09:34:19.400,2891.6000,4292,-1,423263940.000,1,0,1,双平,S,2891.2000,2891.0000,2886.6000,2886.2000,2880.8000,2891.6000,2893.0000,2893.2000,2893.4000,2894.8000,1,4,1,1,2,1,3,7,1,1
SF,IH2004,2020-03-09 09:34:19.900,2891.2000,4293,1,424998780.000,2,1,1,空开,S,2891.0000,2886.6000,2886.2000,2880.8000,2879.0000,2891.6000,2893.0000,2893.2000,2893.4000,2894.8000,4,1,1,2,1,2,3,7,1,1
SF,IH2004,2020-03-09 09:34:20.400,2891.6000,4291,-2,426733740.000,2,0,2,双平,S,2891.0000,2886.6000,2886.2000,2880.8000,2879.0000,2893.0000,2893.2000,2893.4000,2896.4000,2896.6000,4,1,1,2,1,3,7,1,1,1
SF,IH2004,2020-03-09 09:34:20.900,2891.6000,4291,0,426733740.000,0,-,-,-,-,2891.2000,2891.0000,2886.6000,2886.2000,2880.8000,2892.8000,2893.0000,2893.2000,2893.4000,2894.6000,1,4,1,1,2,4,3,4,1,1
SF,IH2004,2020-03-09 09:34:21.400,2892.8000,4290,-1,427601580.000,1,0,1,双平,S,2891.2000,2891.0000,2886.6000,2886.2000,2880.8000,2892.8000,2893.0000,2893.2000,2893.4000,2894.6000,1,4,1,1,2,2,3,3,1,1
SF,IH2004,2020-03-09 09:34:21.900,2892.8000,4290,0,427601580.000,0,-,-,-,-,2891.0000,2886.6000,2886.2000,2880.8000,2879.0000,2892.8000,2893.0000,2893.2000,2893.4000,2894.6000,4,1,1,2,1,2,3,3,1,1
SF,IH2004,2020-03-09 09:34:22.400,2892.8000,4290,0,427601580.000,0,-,-,-,-,2893.0000,2891.2000,2891.0000,2886.6000,2886.2000,2893.2000,2893.4000,2894.6000,2896.4000,2896.6000,1,2,4,1,1,3,1,1,1,1
SF,IH2004,2020-03-09 09:34:22.900,2893.0000,4289,-1,428469480.000,1,0,1,双平,S,2891.2000,2891.0000,2886.6000,2886.2000,2880.8000,2893.4000,2894.6000,2896.4000,2896.6000,2896.8000,2,4,1,1,2,1,1,1,1,1
SF,IH2004,2020-03-09 09:34:23.400,2891.0000,4288,-1,431071500.000,3,1,2,多平,S,2891.0000,2886.6000,2886.2000,2885.0000,2880.8000,2893.4000,2894.6000,2896.4000,2896.6000,2896.8000,2,1,1,3,2,1,1,1,1,1
SF,IH2004,2020-03-09 09:34:23.900,2891.0000,4288,0,431071500.000,0,-,-,-,-,2891.2000,2891.0000,2886.6000,2886.2000,2885.0000,2893.2000,2893.4000,2894.6000,2896.4000,2896.6000,1,2,1,1,3,2,1,1,1,1
SF,IH2004,2020-03-09 09:34:24.400,2891.0000,4287,-1,432806100.000,2,0,2,多平,S,2886.6000,2886.2000,2885.0000,2880.8000,2880.2000,2893.0000,2893.2000,2893.4000,2894.6000,2896.4000,1,1,3,2,1,7,3,1,1,1
SF,IH2004,2020-03-09 09:34:24.900,2891.0000,4287,0,432806100.000,0,-,-,-,-,2889.6000,2888.6000,2887.2000,2886.8000,2886.6000,2891.2000,2892.8000,2893.0000,2893.4000,2894.6000,2,1,1,4,1,1,1,7,1,1
SF,IH2004,2020-03-09 09:34:25.400,2891.0000,4286,-1,433673400.000,1,0,1,双平,S,2886.8000,2886.6000,2886.4000,2886.2000,2885.0000,2891.2000,2892.8000,2893.0000,2893.4000,2896.6000,3,1,1,1,3,1,1,7,1,1
SF,IH2004,2020-03-09 09:34:25.900,2891.0000,4286,0,433673400.000,0,-,-,-,-,2889.6000,2888.6000,2887.0000,2886.8000,2886.2000,2891.2000,2893.0000,2893.4000,2896.6000,2896.8000,2,1,2,3,1,1,8,1,1,1
SF,IH2004,2020-03-09 09:34:26.400,2891.2000,4286,0,434540760.000,1,0,1,多换,S,2887.6000,2887.0000,2886.8000,2886.2000,2885.0000,2893.0000,2893.4000,2896.6000,2896.8000,2897.8000,1,1,3,1,3,8,1,1,1,1
SF,IH2004,2020-03-09 09:34:26.900,2891.2000,4286,0,434540760.000,0,-,-,-,-,2887.8000,2887.6000,2886.8000,2886.2000,2885.0000,2892.8000,2893.0000,2893.4000,2896.6000,2896.8000,2,1,2,1,3,1,8,1,1,1
