市场代码,合约代码,时间,最新,持仓,增仓,成交额,成交量,开仓,平仓,成交类型,方向,买一价,买二价,买三价,买四价,买五价,卖一价,卖二价,卖三价,卖四价,卖五价,买一量,买二量,买三量,买四量,买五量,卖一量,卖二量,卖三量,卖四量,卖五量
SF,IH2007,2020-05-28 09:29:00.100,2731.4000,4485,0,2458260.000,3.000,-,-,-,-,2730.0000,2725.6000,2725.2000,2725.0000,2723.6000,2732.0000,2733.4000,2734.8000,2735.8000,2737.0000,1,2,2,1,1,4,1,1,1,1
SF,IH2007,2020-05-28 09:30:00.100,2731.4000,4485,0,2458260.000,0,-,-,-,-,2730.0000,2725.6000,2725.2000,2725.0000,2723.6000,2731.8000,2732.0000,2733.4000,2734.8000,2735.0000,1,2,2,1,1,3,4,1,1,1
SF,IH2007,2020-05-28 09:30:00.600,2730.2000,4484,-1,3277320.000,1,0,1,双平,S,2730.0000,2725.6000,2725.2000,2725.0000,2723.6000,2731.6000,2731.8000,2733.4000,2734.8000,2735.0000,1,2,2,1,1,2,3,1,1,1
SF,IH2007,2020-05-28 09:30:01.100,2730.2000,4484,0,3277320.000,0,-,-,-,-,2730.2000,2730.0000,2725.6000,2725.2000,2725.0000,2731.4000,2731.8000,2733.4000,2734.8000,2735.0000,1,1,2,2,1,1,3,1,1,1
SF,IH2007,2020-05-28 09:30:01.600,2731.4000,4484,0,4096740.000,1,0,1,多换,S,2730.2000,2730.0000,2725.6000,2725.2000,2725.0000,2731.8000,2733.4000,2734.8000,2735.0000,2737.0000,1,1,2,2,1,3,1,1,1,1
SF,IH2007,2020-05-28 09:30:02.100,2731.4000,4484,0,4096740.000,0,-,-,-,-,2730.2000,2730.0000,2725.6000,2725.2000,2725.0000,2731.8000,2734.8000,2735.0000,2737.0000,2738.4000,1,1,2,2,1,3,1,1,1,1
SF,IH2007,2020-05-28 09:30:02.600,2731.8000,4483,-1,4916280.000,1,0,1,双平,S,2730.2000,2730.0000,2725.6000,2725.2000,2725.0000,2731.8000,2734.8000,2735.0000,2737.0000,2738.4000,1,1,2,2,1,2,1,1,1,1
SF,IH2007,2020-05-28 09:30:03.100,2731.8000,4483,0,7374900.000,3,1,2,多换,S,2731.8000,2730.4000,2730.2000,2730.0000,2725.6000,2734.8000,2735.0000,2737.0000,2738.4000,2739.0000,4,1,2,1,2,1,1,1,1,1
SF,IH2007,2020-05-28 09:30:03.600,2731.8000,4483,0,7374900.000,0,-,-,-,-,2732.0000,2731.8000,2730.2000,2730.0000,2726.4000,2732.6000,2733.2000,2733.6000,2734.6000,2734.8000,1,2,1,1,1,2,1,1,5,1
SF,IH2007,2020-05-28 09:30:04.100,2731.8000,4482,-1,9833580.000,3,1,2,多平,S,2730.2000,2730.0000,2726.4000,2725.6000,2725.2000,2731.8000,2732.6000,2733.0000,2733.2000,2733.6000,1,1,1,2,2,3,2,1,1,1
SF,IH2007,2020-05-28 09:30:04.600,2731.8000,4482,0,9833580.000,0,-,-,-,-,2730.2000,2730.0000,2726.4000,2725.6000,2725.2000,2733.0000,2733.6000,2734.6000,2734.8000,2735.0000,1,1,1,2,2,1,1,5,1,1
SF,IH2007,2020-05-28 09:30:05.100,2731.8000,4482,0,9833580.000,0,-,-,-,-,2730.2000,2730.0000,2726.4000,2725.6000,2725.2000,2732.8000,2733.0000,2733.6000,2734.6000,2734.8000,1,1,1,2,2,2,1,1,4,1
SF,IH2007,2020-05-28 09:30:05.600,2731.8000,4482,0,9833580.000,0,-,-,-,-,2730.2000,2730.0000,2726.4000,2725.6000,2725.2000,2732.8000,2733.0000,2734.6000,2734.8000,2735.0000,1,1,1,2,2,2,1,4,1,1
SF,IH2007,2020-05-28 09:30:06.600,2731.8000,4482,0,9833580.000,0,-,-,-,-,2730.2000,2730.0000,2726.4000,2725.6000,2725.2000,2732.6000,2732.8000,2733.0000,2734.6000,2734.8000,1,1,1,2,2,2,2,1,4,1
SF,IH2007,2020-05-28 09:30:07.100,2731.8000,4482,0,9833580.000,0,-,-,-,-,2730.0000,2726.4000,2725.6000,2725.2000,2725.0000,2732.4000,2732.6000,2733.0000,2734.6000,2734.8000,1,1,2,2,1,2,4,1,2,1
SF,IH2007,2020-05-28 09:30:08.100,2731.8000,4482,0,9833580.000,0,-,-,-,-,2730.0000,2726.4000,2725.6000,2725.2000,2725.0000,2732.2000,2732.4000,2732.6000,2733.0000,2734.6000,1,1,2,2,1,1,2,3,1,2
SF,IH2007,2020-05-28 09:30:08.600,2730.0000,4483,1,10652580.000,1,1,0,双开,S,2726.4000,2725.6000,2725.2000,2725.0000,2724.6000,2732.0000,2732.2000,2732.6000,2733.0000,2734.6000,1,2,2,1,5,2,2,2,1,2
SF,IH2007,2020-05-28 09:30:09.100,2730.0000,4483,0,10652580.000,0,-,-,-,-,2728.0000,2727.8000,2727.6000,2726.6000,2726.4000,2732.0000,2732.2000,2732.6000,2733.0000,2734.6000,1,1,1,2,1,2,2,2,1,2
SF,IH2007,2020-05-28 09:30:09.600,2730.0000,4483,0,10652580.000,0,-,-,-,-,2728.2000,2727.8000,2726.6000,2726.4000,2725.6000,2731.8000,2732.0000,2733.0000,2734.6000,2734.8000,1,1,1,1,2,5,2,1,2,1
SF,IH2007,2020-05-28 09:30:10.100,2730.0000,4483,0,10652580.000,0,-,-,-,-,2728.2000,2727.8000,2726.6000,2726.4000,2725.6000,2730.4000,2731.0000,2731.4000,2731.6000,2731.8000,1,1,1,1,2,2,1,1,2,5
SF,IH2007,2020-05-28 09:30:10.600,2730.0000,4483,0,10652580.000,0,-,-,-,-,2728.2000,2726.6000,2726.4000,2725.6000,2725.2000,2730.2000,2730.4000,2731.0000,2731.4000,2731.6000,1,1,1,2,2,1,2,1,1,1
SF,IH2007,2020-05-28 09:30:11.100,2730.2000,4482,-1,11471640.000,1,0,1,双平,S,2730.4000,2730.2000,2729.2000,2728.6000,2728.4000,2731.4000,2731.6000,2731.8000,2733.0000,2734.6000,2,1,1,1,1,1,1,2,1,2
SF,IH2007,2020-05-28 09:30:11.600,2731.4000,4481,-1,12291060.000,1,0,1,双平,S,2728.4000,2728.2000,2726.6000,2726.4000,2725.6000,2731.2000,2731.8000,2733.0000,2734.6000,2734.8000,1,1,1,1,2,1,2,1,2,1
SF,IH2007,2020-05-28 09:30:12.100,2731.4000,4481,0,12291060.000,0,-,-,-,-,2730.4000,2728.6000,2726.6000,2726.4000,2725.6000,2731.8000,2733.0000,2734.6000,2734.8000,2735.0000,1,2,1,1,2,2,1,2,1,1
SF,IH2007,2020-05-28 09:30:12.600,2731.4000,4481,0,12291060.000,0,-,-,-,-,2730.4000,2728.6000,2726.6000,2726.4000,2725.6000,2731.6000,2731.8000,2733.0000,2734.6000,2734.8000,1,2,1,1,2,3,1,1,2,1
SF,IH2007,2020-05-28 09:30:13.100,2731.6000,4480,-1,13110540.000,1,0,1,双平,S,2730.4000,2728.6000,2726.6000,2726.4000,2725.6000,2731.6000,2733.0000,2734.6000,2734.8000,2735.0000,1,2,1,1,2,2,1,2,1,1
SF,IH2007,2020-05-28 09:30:13.600,2731.6000,4479,-1,13930020.000,1,0,1,双平,S,2730.4000,2728.6000,2726.6000,2726.4000,2725.6000,2733.0000,2734.6000,2734.8000,2735.0000,2738.4000,1,2,1,1,2,1,2,1,1,1
SF,IH2007,2020-05-28 09:30:14.100,2731.6000,4479,0,13930020.000,0,-,-,-,-,2730.6000,2730.4000,2726.6000,2726.4000,2725.6000,2732.6000,2732.8000,2733.0000,2734.6000,2734.8000,1,1,1,1,2,1,1,1,2,1
SF,IH2007,2020-05-28 09:30:14.600,2731.6000,4479,0,13930020.000,0,-,-,-,-,2730.4000,2726.6000,2726.4000,2725.6000,2725.2000,2732.2000,2732.4000,2732.6000,2732.8000,2733.0000,1,1,1,2,2,1,2,1,2,1
SF,IH2007,2020-05-28 09:30:15.100,2731.6000,4479,0,13930020.000,0,-,-,-,-,2730.4000,2726.6000,2726.4000,2725.6000,2725.2000,2732.4000,2732.6000,2733.0000,2734.6000,2734.8000,1,1,1,2,2,1,1,1,2,1
SF,IH2007,2020-05-28 09:30:20.600,2731.6000,4479,0,13930020.000,0,-,-,-,-,2730.4000,2726.6000,2726.4000,2725.6000,2725.2000,2732.4000,2733.0000,2734.6000,2734.8000,2735.0000,1,1,1,2,2,1,1,2,1,1
SF,IH2007,2020-05-28 09:30:21.100,2731.6000,4479,0,13930020.000,0,-,-,-,-,2730.6000,2730.4000,2730.0000,2726.6000,2726.4000,2733.0000,2734.6000,2734.8000,2735.0000,2738.4000,2,1,1,1,1,1,2,1,1,1
SF,IH2007,2020-05-28 09:30:23.100,2731.6000,4479,0,13930020.000,0,-,-,-,-,2730.8000,2730.6000,2730.4000,2730.0000,2726.6000,2733.0000,2734.6000,2734.8000,2735.0000,2738.4000,1,3,1,1,1,1,2,1,1,1
SF,IH2007,2020-05-28 09:30:23.600,2731.6000,4479,0,13930020.000,0,-,-,-,-,2731.0000,2730.8000,2730.6000,2730.4000,2730.0000,2733.0000,2734.6000,2734.8000,2735.0000,2738.4000,2,1,1,1,1,1,2,1,1,1
SF,IH2007,2020-05-28 09:30:24.100,2731.6000,4479,0,13930020.000,0,-,-,-,-,2731.0000,2730.8000,2730.6000,2730.4000,2730.0000,2733.0000,2734.6000,2734.8000,2735.0000,2738.4000,2,1,1,1,1,1,2,1,1,1
SF,IH2007,2020-05-28 09:30:24.600,2731.6000,4479,0,13930020.000,0,-,-,-,-,2731.0000,2730.4000,2730.0000,2726.6000,2726.4000,2732.8000,2733.0000,2734.6000,2734.8000,2735.0000,2,1,1,1,1,1,1,2,1,1
SF,IH2007,2020-05-28 09:30:25.100,2731.6000,4479,0,13930020.000,0,-,-,-,-,2731.0000,2730.4000,2730.0000,2726.6000,2726.4000,2732.8000,2733.0000,2734.6000,2734.8000,2735.0000,2,1,1,1,1,1,1,2,1,1
SF,IH2007,2020-05-28 09:30:25.600,2731.6000,4479,0,13930020.000,0,-,-,-,-,2731.0000,2730.4000,2730.0000,2726.6000,2726.4000,2732.8000,2733.0000,2734.6000,2734.8000,2735.0000,1,1,1,1,1,1,1,2,1,1
SF,IH2007,2020-05-28 09:30:26.100,2731.6000,4479,0,13930020.000,0,-,-,-,-,2731.0000,2730.4000,2730.0000,2726.6000,2726.4000,2733.0000,2734.6000,2734.8000,2735.0000,2738.4000,1,1,1,1,1,1,2,1,1,1
SF,IH2007,2020-05-28 09:30:26.600,2731.6000,4479,0,13930020.000,0,-,-,-,-,2731.2000,2731.0000,2730.4000,2730.0000,2726.6000,2733.0000,2734.6000,2734.8000,2735.0000,2738.4000,1,1,1,1,1,1,2,1,1,1
SF,IH2007,2020-05-28 09:30:27.100,2731.6000,4479,0,13930020.000,0,-,-,-,-,2731.4000,2731.2000,2730.4000,2730.0000,2726.6000,2733.0000,2734.6000,2734.8000,2735.0000,2738.4000,1,1,1,1,1,1,2,1,1,1
SF,IH2007,2020-05-28 09:30:27.600,2731.6000,4479,0,13930020.000,0,-,-,-,-,2731.4000,2731.2000,2730.4000,2730.0000,2726.6000,2733.0000,2734.6000,2734.8000,2735.0000,2738.4000,1,1,1,1,1,1,2,1,1,1
SF,IH2007,2020-05-28 09:30:32.600,2733.0000,4479,0,14749920.000,1,0,1,多换,S,2731.4000,2731.2000,2730.4000,2730.0000,2726.6000,2734.6000,2734.8000,2735.0000,2738.4000,2739.8000,1,1,1,1,1,2,1,1,1,5
SF,IH2007,2020-05-28 09:30:33.100,2733.0000,4479,0,14749920.000,0,-,-,-,-,2731.6000,2731.4000,2730.4000,2730.0000,2728.2000,2733.6000,2734.0000,2734.2000,2734.4000,2734.6000,1,1,1,1,1,1,1,1,4,2
SF,IH2007,2020-05-28 09:30:33.600,2733.0000,4479,0,14749920.000,0,-,-,-,-,2731.8000,2731.6000,2730.4000,2730.0000,2728.2000,2733.6000,2734.0000,2734.2000,2734.4000,2734.6000,1,1,1,1,1,1,1,1,4,1
SF,IH2007,2020-05-28 09:30:34.100,2733.0000,4479,0,14749920.000,0,-,-,-,-,2732.0000,2731.8000,2730.4000,2730.0000,2728.2000,2733.6000,2734.0000,2734.2000,2734.4000,2734.6000,1,1,1,1,1,1,1,1,4,1
SF,IH2007,2020-05-28 09:30:34.600,2733.0000,4479,0,14749920.000,0,-,-,-,-,2732.0000,2731.8000,2730.4000,2730.0000,2728.2000,2733.6000,2734.0000,2734.2000,2734.4000,2734.6000,1,1,1,1,1,1,1,1,4,1
SF,IH2007,2020-05-28 09:30:37.100,2732.0000,4479,0,15569520.000,1,0,1,多换,S,2731.8000,2730.4000,2730.0000,2728.2000,2726.6000,2733.6000,2734.0000,2734.2000,2734.4000,2734.6000,1,1,1,1,1,1,1,1,4,1
SF,IH2007,2020-05-28 09:30:37.600,2732.0000,4479,0,15569520.000,0,-,-,-,-,2730.4000,2730.0000,2728.2000,2726.6000,2726.4000,2733.2000,2733.4000,2733.6000,2734.0000,2734.2000,1,1,1,1,1,1,3,1,1,1
SF,IH2007,2020-05-28 09:30:38.100,2732.0000,4479,0,15569520.000,0,-,-,-,-,2730.6000,2730.4000,2730.0000,2728.2000,2726.6000,2733.0000,2733.2000,2733.4000,2733.6000,2734.0000,1,1,1,1,1,1,1,1,1,1
SF,IH2007,2020-05-28 09:30:38.600,2732.0000,4479,0,15569520.000,0,-,-,-,-,2730.6000,2730.4000,2730.0000,2728.2000,2726.6000,2733.0000,2733.2000,2733.4000,2733.6000,2734.0000,1,1,1,1,1,1,1,1,1,1
SF,IH2007,2020-05-28 09:30:39.100,2732.0000,4479,0,15569520.000,0,-,-,-,-,2730.6000,2730.4000,2730.0000,2728.2000,2726.6000,2732.8000,2733.0000,2733.2000,2733.4000,2733.6000,1,1,1,1,1,1,1,1,1,1
SF,IH2007,2020-05-28 09:30:39.600,2732.0000,4479,0,15569520.000,0,-,-,-,-,2730.6000,2730.4000,2730.0000,2728.2000,2726.6000,2732.6000,2732.8000,2733.2000,2733.4000,2733.6000,1,1,1,1,1,1,1,1,1,1
SF,IH2007,2020-05-28 09:30:41.100,2732.0000,4479,0,15569520.000,0,-,-,-,-,2730.6000,2730.4000,2730.0000,2728.2000,2726.6000,2732.6000,2732.8000,2733.2000,2733.4000,2733.6000,1,1,1,1,1,1,1,1,1,1
SF,IH2007,2020-05-28 09:30:41.600,2732.0000,4479,0,15569520.000,0,-,-,-,-,2730.6000,2730.4000,2730.0000,2728.2000,2726.6000,2732.6000,2732.8000,2733.2000,2733.4000,2733.6000,2,1,1,1,1,1,1,1,1,1
SF,IH2007,2020-05-28 09:30:42.100,2732.0000,4479,0,15569520.000,0,-,-,-,-,2730.8000,2730.6000,2730.4000,2730.0000,2728.2000,2732.6000,2732.8000,2733.2000,2733.4000,2733.6000,1,2,1,1,1,1,1,1,1,1
SF,IH2007,2020-05-28 09:30:42.600,2732.0000,4479,0,15569520.000,0,-,-,-,-,2731.0000,2730.6000,2730.4000,2730.0000,2728.2000,2732.6000,2732.8000,2733.2000,2733.4000,2733.6000,1,1,1,1,1,1,1,1,1,1
SF,IH2007,2020-05-28 09:30:43.100,2731.0000,4478,-1,16388820.000,1,0,1,双平,S,2730.6000,2730.4000,2730.0000,2728.2000,2726.6000,2732.6000,2732.8000,2733.2000,2733.4000,2733.6000,1,1,1,1,1,1,1,1,1,1
SF,IH2007,2020-05-28 09:30:43.600,2731.0000,4478,0,16388820.000,0,-,-,-,-,2730.8000,2730.6000,2730.4000,2730.0000,2728.2000,2732.6000,2732.8000,2733.2000,2733.4000,2733.6000,2,1,1,1,1,1,1,1,1,1
SF,IH2007,2020-05-28 09:30:44.100,2731.0000,4478,0,16388820.000,0,-,-,-,-,2730.8000,2730.6000,2730.4000,2730.0000,2728.2000,2732.4000,2732.6000,2733.2000,2733.4000,2733.6000,1,1,1,1,1,1,1,1,1,1
SF,IH2007,2020-05-28 09:30:45.100,2731.0000,4478,0,16388820.000,0,-,-,-,-,2730.8000,2730.6000,2730.4000,2730.0000,2728.2000,2732.4000,2732.6000,2733.4000,2733.6000,2734.4000,1,1,1,1,1,1,1,1,1,1
SF,IH2007,2020-05-28 09:30:49.600,2731.0000,4478,0,16388820.000,0,-,-,-,-,2730.8000,2730.6000,2730.4000,2730.0000,2729.0000,2732.4000,2732.6000,2733.4000,2733.6000,2734.4000,1,1,1,1,1,1,1,1,1,1
SF,IH2007,2020-05-28 09:30:50.100,2731.0000,4478,0,16388820.000,0,-,-,-,-,2731.0000,2730.8000,2730.6000,2730.4000,2730.0000,2732.4000,2732.6000,2733.4000,2733.6000,2734.4000,1,1,1,1,1,1,1,1,1,1
SF,IH2007,2020-05-28 09:30:50.600,2731.0000,4478,0,16388820.000,0,-,-,-,-,2731.0000,2730.8000,2730.6000,2730.4000,2730.0000,2732.4000,2732.6000,2733.4000,2733.6000,2734.4000,1,1,1,1,1,1,1,1,1,1
SF,IH2007,2020-05-28 09:30:52.100,2732.4000,4478,0,17208540.000,1,0,1,多换,S,2731.0000,2730.8000,2730.6000,2730.4000,2730.0000,2732.6000,2733.4000,2733.6000,2734.4000,2734.6000,1,1,1,1,1,1,1,1,1,1
SF,IH2007,2020-05-28 09:30:55.100,2732.6000,4478,0,18028320.000,1,0,1,多换,S,2731.0000,2730.8000,2730.6000,2730.4000,2730.0000,2733.4000,2733.6000,2734.4000,2734.6000,2734.8000,1,1,1,1,1,1,1,1,1,1
SF,IH2007,2020-05-28 09:30:55.600,2732.6000,4478,0,18028320.000,0,-,-,-,-,2731.2000,2731.0000,2730.8000,2730.6000,2730.4000,2733.2000,2733.4000,2733.6000,2734.4000,2734.6000,1,1,1,1,1,1,1,1,1,1
SF,IH2007,2020-05-28 09:30:56.600,2732.6000,4478,0,18028320.000,0,-,-,-,-,2731.2000,2731.0000,2730.8000,2730.6000,2730.4000,2733.2000,2733.4000,2733.6000,2734.4000,2734.6000,1,1,2,1,1,1,1,1,1,1
SF,IH2007,2020-05-28 09:30:57.100,2732.6000,4478,0,18028320.000,0,-,-,-,-,2731.4000,2731.2000,2731.0000,2730.8000,2730.6000,2733.2000,2733.6000,2734.4000,2734.6000,2734.8000,1,1,1,1,1,1,1,1,1,1
SF,IH2007,2020-05-28 09:30:57.600,2732.6000,4478,0,18028320.000,0,-,-,-,-,2731.6000,2731.4000,2730.8000,2730.6000,2730.4000,2733.2000,2733.6000,2734.4000,2734.6000,2734.8000,1,1,1,1,1,1,1,1,1,1
SF,IH2007,2020-05-28 09:30:58.100,2733.2000,4478,0,18848280.000,1,0,1,多换,S,2731.6000,2731.4000,2730.8000,2730.6000,2730.4000,2733.6000,2734.4000,2734.6000,2734.8000,2735.0000,1,1,1,1,1,1,1,1,1,2
SF,IH2007,2020-05-28 09:30:58.600,2733.2000,4478,0,18848280.000,0,-,-,-,-,2731.6000,2731.4000,2730.8000,2730.6000,2730.4000,2732.8000,2733.4000,2733.6000,2734.4000,2734.6000,1,1,1,1,1,1,1,1,1,1
SF,IH2007,2020-05-28 09:30:59.100,2733.2000,4478,0,18848280.000,0,-,-,-,-,2731.4000,2730.8000,2730.6000,2730.4000,2730.0000,2733.4000,2733.6000,2734.4000,2734.6000,2734.8000,1,1,1,1,1,1,1,1,1,1
SF,IH2007,2020-05-28 09:30:59.600,2733.2000,4478,0,18848280.000,0,-,-,-,-,2731.6000,2731.4000,2730.8000,2730.6000,2730.4000,2733.2000,2733.4000,2733.6000,2734.4000,2734.6000,1,1,1,1,1,1,1,1,1,1
SF,IH2007,2020-05-28 09:31:03.100,2733.2000,4478,0,18848280.000,0,-,-,-,-,2731.6000,2731.4000,2730.8000,2730.6000,2730.4000,2733.2000,2734.4000,2734.8000,2735.0000,2738.4000,1,1,1,1,1,1,1,1,2,1
SF,IH2007,2020-05-28 09:31:03.600,2733.2000,4478,0,18848280.000,0,-,-,-,-,2731.8000,2731.6000,2730.8000,2730.6000,2730.4000,2734.4000,2734.8000,2735.0000,2738.4000,2739.8000,1,1,1,1,1,1,1,2,1,5
SF,IH2007,2020-05-28 09:31:04.100,2733.2000,4478,0,18848280.000,0,-,-,-,-,2732.0000,2731.8000,2730.8000,2730.6000,2730.4000,2734.0000,2734.2000,2734.4000,2734.8000,2735.0000,1,1,1,1,1,2,2,1,1,2
SF,IH2007,2020-05-28 09:31:04.600,2733.2000,4478,0,18848280.000,0,-,-,-,-,2732.2000,2732.0000,2730.8000,2730.6000,2730.4000,2734.2000,2734.4000,2734.8000,2735.0000,2738.4000,1,1,1,1,1,1,1,1,2,1
SF,IH2007,2020-05-28 09:31:05.100,2733.2000,4478,0,18848280.000,0,-,-,-,-,2732.4000,2732.2000,2730.8000,2730.6000,2730.4000,2734.2000,2734.8000,2735.0000,2738.4000,2740.0000,1,1,1,1,1,1,1,2,1,1
SF,IH2007,2020-05-28 09:31:05.600,2733.2000,4478,0,18848280.000,0,-,-,-,-,2732.6000,2732.4000,2730.8000,2730.6000,2730.4000,2734.8000,2735.0000,2738.4000,2740.0000,2741.0000,1,1,1,1,1,1,2,1,1,1
SF,IH2007,2020-05-28 09:31:06.100,2733.2000,4478,0,18848280.000,0,-,-,-,-,2732.8000,2732.6000,2730.8000,2730.6000,2730.4000,2734.6000,2734.8000,2735.0000,2738.4000,2740.0000,1,1,1,1,1,3,1,2,1,1
SF,IH2007,2020-05-28 09:31:07.100,2733.2000,4478,0,18848280.000,0,-,-,-,-,2732.8000,2732.6000,2730.8000,2730.6000,2730.4000,2734.6000,2734.8000,2735.0000,2738.4000,2740.0000,1,1,1,1,1,2,1,2,1,1
SF,IH2007,2020-05-28 09:31:07.600,2733.2000,4478,0,18848280.000,0,-,-,-,-,2732.8000,2732.6000,2730.8000,2730.6000,2730.4000,2734.6000,2734.8000,2735.0000,2738.4000,2740.0000,1,1,1,1,1,2,1,2,1,1
SF,IH2007,2020-05-28 09:31:08.600,2733.2000,4478,0,18848280.000,0,-,-,-,-,2732.8000,2732.6000,2730.8000,2730.6000,2730.4000,2734.0000,2734.4000,2734.6000,2734.8000,2735.0000,1,1,1,1,1,1,3,2,1,2
SF,IH2007,2020-05-28 09:31:09.100,2733.2000,4478,0,18848280.000,0,-,-,-,-,2732.6000,2730.8000,2730.6000,2730.4000,2730.0000,2734.4000,2734.6000,2734.8000,2735.0000,2738.4000,1,1,1,1,1,1,2,1,2,1
SF,IH2007,2020-05-28 09:31:09.600,2733.2000,4478,0,18848280.000,0,-,-,-,-,2732.8000,2732.6000,2730.8000,2730.6000,2730.4000,2734.2000,2734.4000,2734.6000,2734.8000,2735.0000,1,1,1,1,1,1,1,1,1,2
SF,IH2007,2020-05-28 09:31:10.100,2733.2000,4478,0,18848280.000,0,-,-,-,-,2732.8000,2732.6000,2730.8000,2730.6000,2730.4000,2734.2000,2734.4000,2734.6000,2734.8000,2735.0000,1,1,1,1,1,2,1,1,1,2
SF,IH2007,2020-05-28 09:31:10.600,2733.2000,4478,0,18848280.000,0,-,-,-,-,2732.8000,2732.6000,2730.8000,2730.6000,2730.4000,2734.2000,2734.4000,2734.6000,2734.8000,2735.0000,1,1,1,1,1,1,1,1,1,2
SF,IH2007,2020-05-28 09:31:11.100,2733.0000,4477,-1,19668180.000,1,0,1,双平,S,2732.8000,2730.8000,2730.6000,2730.4000,2730.0000,2734.6000,2734.8000,2735.0000,2738.4000,2740.0000,1,1,1,1,1,1,1,2,1,1
SF,IH2007,2020-05-28 09:31:11.600,2733.0000,4477,0,19668180.000,0,-,-,-,-,2733.0000,2732.8000,2730.8000,2730.6000,2730.4000,2734.6000,2734.8000,2735.0000,2738.4000,2740.0000,1,1,1,1,1,1,1,2,1,1
SF,IH2007,2020-05-28 09:31:17.100,2733.0000,4477,0,19668180.000,0,-,-,-,-,2733.2000,2733.0000,2732.8000,2730.8000,2730.6000,2734.6000,2734.8000,2735.0000,2738.4000,2740.0000,1,1,1,1,1,1,1,2,1,1
SF,IH2007,2020-05-28 09:31:17.600,2733.0000,4477,0,19668180.000,0,-,-,-,-,2733.4000,2733.2000,2732.8000,2730.8000,2730.6000,2734.6000,2734.8000,2735.0000,2738.4000,2740.0000,1,1,1,1,1,1,1,2,1,1
SF,IH2007,2020-05-28 09:31:18.600,2733.0000,4477,0,19668180.000,0,-,-,-,-,2733.4000,2732.8000,2730.6000,2730.4000,2730.0000,2734.6000,2734.8000,2735.0000,2738.4000,2740.0000,1,1,1,1,1,1,1,2,1,1
SF,IH2007,2020-05-28 09:31:21.600,2733.0000,4477,0,19668180.000,0,-,-,-,-,2733.4000,2732.8000,2730.6000,2730.4000,2730.0000,2734.4000,2734.6000,2734.8000,2735.0000,2738.4000,1,1,1,1,1,1,1,1,2,1
SF,IH2007,2020-05-28 09:31:22.100,2734.4000,4476,-1,20488500.000,1,0,1,双平,S,2733.4000,2732.8000,2730.6000,2730.4000,2730.0000,2734.6000,2734.8000,2735.0000,2738.4000,2740.0000,1,1,1,1,1,1,1,2,1,1
SF,IH2007,2020-05-28 09:31:22.600,2734.6000,4477,1,21308880.000,1,1,0,双开,S,2734.4000,2733.4000,2732.8000,2730.6000,2730.4000,2734.8000,2735.0000,2738.4000,2740.0000,2741.0000,1,1,1,1,1,1,2,1,1,1
SF,IH2007,2020-05-28 09:31:23.100,2734.4000,4478,1,22129200.000,1,1,0,双开,S,2733.4000,2732.8000,2730.6000,2730.4000,2730.0000,2734.8000,2735.0000,2738.4000,2740.0000,2741.0000,1,1,1,1,1,1,2,1,1,1
SF,IH2007,2020-05-28 09:31:26.600,2734.8000,4478,0,22949640.000,1,0,1,多换,S,2733.4000,2732.8000,2730.6000,2730.4000,2730.0000,2735.0000,2738.4000,2740.0000,2741.0000,2743.2000,1,1,1,1,1,2,1,1,1,1
SF,IH2007,2020-05-28 09:31:27.100,2734.8000,4478,0,22949640.000,0,-,-,-,-,2733.4000,2732.8000,2730.6000,2730.4000,2730.0000,2735.0000,2738.4000,2740.0000,2741.0000,2743.2000,1,1,1,1,1,2,1,1,1,1
SF,IH2007,2020-05-28 09:31:27.600,2734.8000,4478,0,22949640.000,0,-,-,-,-,2733.6000,2733.4000,2732.8000,2730.6000,2730.4000,2735.0000,2738.4000,2740.0000,2741.0000,2743.2000,1,1,1,1,1,2,1,1,1,1
SF,IH2007,2020-05-28 09:31:28.100,2734.8000,4478,0,22949640.000,0,-,-,-,-,2733.8000,2733.6000,2732.8000,2730.6000,2730.4000,2735.0000,2738.4000,2740.0000,2741.0000,2743.2000,1,1,1,1,1,2,1,1,1,1
SF,IH2007,2020-05-28 09:31:29.100,2734.8000,4478,0,22949640.000,0,-,-,-,-,2733.8000,2732.8000,2730.6000,2730.4000,2730.0000,2735.0000,2738.4000,2740.0000,2741.0000,2743.2000,1,1,1,1,1,2,1,1,1,1
SF,IH2007,2020-05-28 09:31:29.600,2734.8000,4478,0,22949640.000,0,-,-,-,-,2733.8000,2732.8000,2730.6000,2730.4000,2730.0000,2735.0000,2738.4000,2740.0000,2741.0000,2743.2000,1,1,1,1,1,2,1,1,1,1
SF,IH2007,2020-05-28 09:31:30.100,2734.8000,4478,0,22949640.000,0,-,-,-,-,2733.8000,2732.8000,2730.6000,2730.4000,2730.0000,2735.0000,2738.4000,2740.0000,2741.0000,2743.2000,1,1,1,2,1,2,1,1,1,1
SF,IH2007,2020-05-28 09:31:30.600,2735.0000,4478,0,24590640.000,2,1,1,多换,S,2733.8000,2732.8000,2730.6000,2730.4000,2730.0000,2738.4000,2740.0000,2741.0000,2743.2000,2743.6000,1,1,1,2,1,1,1,1,1,5
SF,IH2007,2020-05-28 09:31:31.100,2735.0000,4478,0,24590640.000,0,-,-,-,-,2735.0000,2734.0000,2733.8000,2730.6000,2730.4000,2736.4000,2737.0000,2737.8000,2738.2000,2738.4000,2,1,1,1,2,1,1,1,5,1
SF,IH2007,2020-05-28 09:31:31.600,2735.0000,4478,0,24590640.000,0,-,-,-,-,2735.0000,2734.0000,2733.8000,2730.6000,2730.4000,2738.2000,2738.4000,2740.0000,2741.0000,2743.2000,2,1,1,1,2,5,1,1,1,1
SF,IH2007,2020-05-28 09:31:32.100,2735.0000,4478,0,24590640.000,0,-,-,-,-,2735.2000,2733.8000,2730.6000,2730.0000,2729.0000,2736.8000,2737.4000,2738.2000,2738.4000,2740.0000,1,1,1,1,1,1,1,5,1,1
SF,IH2007,2020-05-28 09:31:32.600,2735.0000,4478,0,24590640.000,0,-,-,-,-,2735.2000,2733.8000,2730.6000,2730.0000,2729.0000,2736.6000,2736.8000,2737.2000,2737.4000,2738.2000,1,1,1,1,1,3,1,1,1,2
SF,IH2007,2020-05-28 09:31:33.100,2735.0000,4478,0,24590640.000,0,-,-,-,-,2735.2000,2733.8000,2730.6000,2730.0000,2729.0000,2736.6000,2736.8000,2737.2000,2737.4000,2738.2000,1,1,1,1,1,2,1,1,1,2
SF,IH2007,2020-05-28 09:31:33.600,2735.2000,4479,1,25411200.000,1,1,0,双开,S,2733.8000,2730.6000,2730.0000,2729.0000,2728.2000,2735.2000,2736.6000,2736.8000,2737.2000,2737.4000,1,1,1,1,1,2,2,1,1,1
SF,IH2007,2020-05-28 09:31:34.100,2735.2000,4479,0,27872880.000,3,1,2,多换,S,2735.2000,2733.8000,2730.0000,2729.0000,2728.2000,2736.6000,2736.8000,2737.2000,2737.4000,2738.2000,1,1,1,1,1,2,1,1,1,2
SF,IH2007,2020-05-28 09:31:34.600,2735.2000,4479,0,27872880.000,0,-,-,-,-,2735.2000,2734.0000,2733.8000,2732.2000,2730.0000,2736.6000,2736.8000,2737.4000,2738.2000,2738.4000,2,1,1,5,1,2,1,1,2,1
SF,IH2007,2020-05-28 09:31:35.100,2735.2000,4479,0,27872880.000,0,-,-,-,-,2735.2000,2734.0000,2733.8000,2733.6000,2732.2000,2736.6000,2736.8000,2737.4000,2738.2000,2738.4000,1,2,1,1,5,1,1,1,2,1
SF,IH2007,2020-05-28 09:31:35.600,2735.2000,4479,0,27872880.000,0,-,-,-,-,2735.2000,2734.0000,2733.8000,2733.6000,2732.2000,2736.6000,2736.8000,2737.4000,2738.2000,2738.4000,1,1,1,1,5,1,1,1,2,1
SF,IH2007,2020-05-28 09:31:36.100,2735.2000,4479,0,27872880.000,0,-,-,-,-,2735.2000,2734.0000,2733.8000,2733.6000,2732.2000,2736.4000,2736.6000,2736.8000,2737.4000,2738.2000,1,1,1,1,5,1,1,1,1,2
SF,IH2007,2020-05-28 09:31:36.600,2735.2000,4479,0,27872880.000,0,-,-,-,-,2735.2000,2734.0000,2733.8000,2733.6000,2732.2000,2736.6000,2737.4000,2738.2000,2738.4000,2740.0000,1,1,1,1,5,1,1,1,1,1
SF,IH2007,2020-05-28 09:31:38.600,2735.2000,4479,0,27872880.000,0,-,-,-,-,2735.4000,2735.2000,2733.8000,2733.6000,2732.2000,2736.6000,2737.4000,2738.2000,2738.4000,2740.0000,1,1,1,1,5,1,1,1,1,1
SF,IH2007,2020-05-28 09:31:39.100,2735.2000,4479,0,27872880.000,0,-,-,-,-,2735.4000,2735.2000,2733.8000,2733.6000,2732.2000,2737.4000,2738.2000,2738.4000,2740.0000,2741.0000,1,1,1,1,5,1,1,1,1,1
SF,IH2007,2020-05-28 09:31:39.600,2735.2000,4479,0,27872880.000,0,-,-,-,-,2735.4000,2735.2000,2733.8000,2733.6000,2732.2000,2737.2000,2737.4000,2738.2000,2738.4000,2740.0000,1,1,1,1,5,3,1,1,1,1
SF,IH2007,2020-05-28 09:31:40.100,2735.2000,4479,0,27872880.000,0,-,-,-,-,2735.4000,2735.2000,2733.8000,2733.6000,2732.2000,2737.2000,2738.2000,2738.4000,2740.0000,2741.0000,1,1,1,1,5,3,1,1,1,1
SF,IH2007,2020-05-28 09:31:40.600,2735.2000,4479,0,27872880.000,0,-,-,-,-,2735.6000,2735.4000,2735.2000,2733.6000,2732.2000,2736.8000,2737.2000,2738.2000,2738.4000,2740.0000,1,1,1,1,5,1,3,1,1,1
SF,IH2007,2020-05-28 09:31:41.100,2735.2000,4479,0,27872880.000,0,-,-,-,-,2735.6000,2735.4000,2735.2000,2734.8000,2733.6000,2737.2000,2738.2000,2738.4000,2740.0000,2741.0000,1,1,1,1,1,2,1,1,1,1
SF,IH2007,2020-05-28 09:31:43.600,2735.2000,4479,0,27872880.000,0,-,-,-,-,2735.6000,2735.2000,2734.8000,2733.6000,2732.2000,2737.2000,2738.2000,2738.4000,2740.0000,2741.0000,2,1,1,1,5,2,1,1,1,1
SF,IH2007,2020-05-28 09:31:44.100,2735.2000,4479,0,27872880.000,0,-,-,-,-,2735.6000,2735.2000,2734.8000,2733.6000,2732.2000,2737.2000,2738.2000,2738.4000,2740.0000,2741.0000,3,1,1,1,5,1,1,1,1,1
SF,IH2007,2020-05-28 09:31:44.600,2737.2000,4480,1,28694040.000,1,1,0,双开,S,2737.2000,2735.8000,2735.6000,2735.2000,2734.8000,2738.2000,2738.4000,2740.0000,2741.0000,2743.2000,2,3,3,1,1,1,1,1,1,1
SF,IH2007,2020-05-28 09:31:45.100,2737.2000,4482,2,30336360.000,2,2,0,双开,S,2735.8000,2735.6000,2735.2000,2734.8000,2732.2000,2737.2000,2738.0000,2738.4000,2740.0000,2741.0000,2,3,1,1,5,1,1,1,1,1
SF,IH2007,2020-05-28 09:31:45.600,2737.2000,4483,1,31157520.000,1,1,0,双开,S,2736.0000,2735.8000,2735.6000,2735.2000,2734.8000,2737.2000,2738.0000,2738.4000,2740.0000,2741.0000,1,2,2,1,1,1,1,1,1,1
SF,IH2007,2020-05-28 09:31:46.100,2737.2000,4483,0,31978680.000,1,0,1,多换,S,2737.2000,2736.2000,2736.0000,2735.8000,2735.6000,2738.4000,2740.0000,2741.0000,2743.2000,2747.4000,1,1,1,1,2,1,1,1,1,5
SF,IH2007,2020-05-28 09:31:46.600,2738.4000,4483,0,32800200.000,1,0,1,多换,S,2736.2000,2736.0000,2735.8000,2735.6000,2735.2000,2740.0000,2741.0000,2743.2000,2747.4000,2747.8000,1,1,1,2,1,1,1,1,5,1
SF,IH2007,2020-05-28 09:31:47.100,2738.4000,4483,0,32800200.000,0,-,-,-,-,2736.4000,2736.2000,2735.8000,2735.6000,2735.2000,2738.6000,2739.2000,2739.8000,2740.0000,2741.0000,2,1,1,2,1,1,1,4,1,1
SF,IH2007,2020-05-28 09:31:47.600,2738.4000,4483,0,32800200.000,0,-,-,-,-,2736.4000,2736.2000,2735.6000,2735.2000,2734.8000,2738.4000,2739.8000,2740.0000,2741.0000,2743.2000,2,1,2,1,1,1,3,1,1,1
SF,IH2007,2020-05-28 09:31:48.100,2739.8000,4483,0,33622140.000,1,0,1,多换,S,2736.6000,2736.4000,2736.2000,2735.6000,2735.2000,2739.8000,2740.0000,2741.0000,2743.2000,2747.4000,1,2,1,2,1,2,1,1,1,5
SF,IH2007,2020-05-28 09:31:48.600,2739.8000,4483,0,33622140.000,0,-,-,-,-,2736.8000,2736.6000,2736.2000,2735.6000,2735.2000,2738.6000,2739.0000,2739.2000,2739.6000,2739.8000,3,1,1,1,1,1,1,1,1,2
SF,IH2007,2020-05-28 09:31:49.100,2739.8000,4483,0,33622140.000,0,-,-,-,-,2737.0000,2736.8000,2736.6000,2735.6000,2735.2000,2738.6000,2739.0000,2739.2000,2739.6000,2739.8000,1,4,1,1,1,1,1,1,2,2
SF,IH2007,2020-05-28 09:31:49.600,2739.8000,4483,0,34444080.000,1,0,1,多换,S,2737.2000,2737.0000,2736.8000,2736.6000,2735.6000,2739.0000,2739.2000,2739.6000,2739.8000,2740.0000,1,1,2,1,1,1,1,3,4,1
SF,IH2007,2020-05-28 09:31:50.100,2739.8000,4483,0,34444080.000,0,-,-,-,-,2737.4000,2737.2000,2737.0000,2736.6000,2735.6000,2738.8000,2739.0000,2739.2000,2739.6000,2739.8000,2,1,2,1,1,2,1,1,2,3
SF,IH2007,2020-05-28 09:31:50.600,2739.8000,4483,0,34444080.000,0,-,-,-,-,2737.4000,2737.2000,2737.0000,2736.6000,2735.6000,2738.8000,2739.0000,2739.2000,2739.6000,2739.8000,2,1,1,1,1,2,1,1,1,3
SF,IH2007,2020-05-28 09:31:51.100,2739.8000,4483,0,35266020.000,1,0,1,多换,S,2737.4000,2737.2000,2737.0000,2736.6000,2735.6000,2738.6000,2739.0000,2739.2000,2739.6000,2739.8000,2,1,1,1,1,1,1,1,1,3
SF,IH2007,2020-05-28 09:31:51.600,2739.8000,4483,0,35266020.000,0,-,-,-,-,2737.4000,2737.2000,2737.0000,2736.6000,2735.6000,2738.6000,2739.0000,2739.2000,2739.4000,2739.6000,1,1,1,1,1,1,1,1,1,1
SF,IH2007,2020-05-28 09:31:52.100,2739.8000,4483,0,35266020.000,0,-,-,-,-,2737.4000,2737.2000,2737.0000,2736.6000,2735.6000,2738.6000,2739.0000,2739.4000,2739.8000,2740.0000,1,1,1,1,1,1,1,1,3,2
SF,IH2007,2020-05-28 09:31:52.600,2739.8000,4483,0,36087960.000,1,0,1,多换,S,2737.4000,2737.2000,2737.0000,2736.6000,2735.6000,2738.4000,2739.0000,2739.4000,2739.8000,2740.0000,1,1,1,1,1,1,1,1,3,2
SF,IH2007,2020-05-28 09:31:53.100,2739.8000,4483,0,36087960.000,0,-,-,-,-,2737.4000,2737.2000,2737.0000,2736.6000,2735.6000,2738.4000,2739.0000,2739.4000,2739.8000,2740.0000,1,1,1,1,1,2,1,1,3,2
SF,IH2007,2020-05-28 09:31:53.600,2739.8000,4483,0,36087960.000,0,-,-,-,-,2737.6000,2737.4000,2737.0000,2736.6000,2735.6000,2738.0000,2738.4000,2738.8000,2739.0000,2739.4000,1,1,1,1,1,1,1,1,1,1
SF,IH2007,2020-05-28 09:31:54.100,2738.6000,4484,1,37730940.000,2,1,1,空开,S,2738.0000,2737.8000,2737.6000,2737.4000,2737.0000,2738.8000,2739.0000,2739.8000,2740.0000,2741.0000,2,1,1,1,1,1,1,3,2,1
SF,IH2007,2020-05-28 09:31:54.600,2738.0000,4484,0,38552340.000,1,0,1,多换,S,2737.8000,2737.6000,2737.4000,2737.0000,2736.6000,2738.8000,2739.0000,2739.8000,2740.0000,2741.0000,1,1,1,1,1,1,1,3,2,1
SF,IH2007,2020-05-28 09:31:55.100,2738.0000,4484,0,38552340.000,0,-,-,-,-,2737.4000,2737.0000,2736.6000,2735.6000,2734.8000,2739.0000,2739.8000,2740.0000,2741.0000,2743.2000,1,1,1,1,1,1,3,2,1,1
SF,IH2007,2020-05-28 09:31:55.600,2738.8000,4484,0,39373980.000,1,0,1,多换,S,2737.6000,2737.4000,2737.0000,2736.6000,2735.6000,2739.0000,2739.8000,2740.0000,2741.0000,2743.2000,1,1,1,1,1,1,4,2,1,1
SF,IH2007,2020-05-28 09:31:57.100,2739.0000,4484,0,40195680.000,1,0,1,多换,S,2737.6000,2737.4000,2737.0000,2736.6000,2735.6000,2739.8000,2740.0000,2741.0000,2743.2000,2747.4000,1,1,1,1,1,4,2,1,1,5
SF,IH2007,2020-05-28 09:31:57.600,2739.0000,4484,0,40195680.000,0,-,-,-,-,2737.8000,2737.6000,2737.4000,2737.0000,2736.6000,2739.2000,2739.6000,2739.8000,2740.0000,2741.0000,1,1,1,1,1,2,1,4,2,1
SF,IH2007,2020-05-28 09:31:58.100,2739.0000,4484,0,40195680.000,0,-,-,-,-,2737.8000,2737.6000,2737.4000,2737.0000,2736.6000,2739.2000,2739.6000,2739.8000,2740.0000,2741.0000,3,1,1,1,1,2,1,2,2,1
SF,IH2007,2020-05-28 09:31:58.600,2739.0000,4484,0,41017380.000,1,0,1,多换,S,2737.8000,2737.6000,2737.4000,2737.0000,2736.6000,2739.2000,2739.6000,2739.8000,2740.0000,2741.0000,2,1,1,1,1,2,1,3,2,1
SF,IH2007,2020-05-28 09:31:59.100,2737.8000,4483,-1,41838720.000,1,0,1,双平,S,2737.8000,2737.4000,2737.0000,2736.6000,2735.6000,2739.2000,2739.6000,2739.8000,2740.0000,2741.0000,1,1,1,1,1,2,1,3,2,1
SF,IH2007,2020-05-28 09:31:59.600,2737.8000,4483,0,41838720.000,0,-,-,-,-,2737.8000,2737.0000,2736.6000,2735.6000,2734.8000,2739.0000,2739.2000,2739.8000,2740.0000,2741.0000,1,1,1,1,1,1,2,3,2,1
SF,IH2007,2020-05-28 09:32:00.100,2738.6000,4483,0,42660300.000,1,0,1,多换,S,2737.8000,2737.0000,2736.6000,2735.6000,2734.8000,2739.0000,2739.2000,2739.8000,2740.0000,2741.0000,1,1,1,1,1,2,2,3,2,1
SF,IH2007,2020-05-28 09:32:00.600,2738.6000,4483,0,42660300.000,0,-,-,-,-,2738.0000,2737.0000,2736.6000,2735.6000,2734.8000,2739.0000,2739.2000,2739.8000,2740.0000,2741.0000,1,1,1,1,1,2,1,3,2,1
SF,IH2007,2020-05-28 09:32:01.100,2739.0000,4484,1,43482000.000,1,1,0,双开,S,2738.2000,2738.0000,2737.8000,2737.0000,2736.6000,2739.2000,2739.4000,2739.8000,2740.0000,2741.0000,1,1,1,1,1,1,1,2,2,1
SF,IH2007,2020-05-28 09:32:01.600,2739.2000,4484,0,44303760.000,1,0,1,多换,S,2738.4000,2738.2000,2738.0000,2737.0000,2736.6000,2739.4000,2739.8000,2740.0000,2741.0000,2743.2000,1,2,1,1,1,1,2,2,1,1
SF,IH2007,2020-05-28 09:32:02.100,2739.4000,4484,0,45125580.000,1,0,1,多换,S,2739.0000,2738.4000,2738.2000,2738.0000,2737.0000,2739.8000,2740.0000,2741.0000,2741.6000,2743.2000,4,2,1,1,1,1,2,1,1,1
SF,IH2007,2020-05-28 09:32:02.600,2739.0000,4481,-3,47590680.000,3,0,3,双平,S,2739.0000,2738.6000,2738.2000,2738.0000,2737.0000,2739.4000,2740.0000,2741.0000,2741.6000,2743.2000,1,1,1,2,1,1,2,1,1,1
SF,IH2007,2020-05-28 09:32:03.100,2740.0000,4481,0,50056320.000,3,1,2,多换,S,2739.0000,2738.6000,2738.2000,2738.0000,2737.0000,2739.6000,2740.0000,2741.0000,2741.6000,2743.2000,1,1,1,2,1,1,1,1,1,1
SF,IH2007,2020-05-28 09:32:03.600,2740.0000,4482,1,52522080.000,3,2,1,空开,S,2739.0000,2738.2000,2738.0000,2737.0000,2736.6000,2741.0000,2741.6000,2743.2000,2747.4000,2747.8000,1,1,2,1,1,1,1,1,5,1
SF,IH2007,2020-05-28 09:32:04.100,2740.0000,4482,0,52522080.000,0,-,-,-,-,2739.2000,2739.0000,2738.2000,2738.0000,2737.0000,2740.8000,2741.0000,2741.6000,2743.2000,2747.4000,1,1,1,2,1,4,1,1,1,5
SF,IH2007,2020-05-28 09:32:04.600,2740.0000,4482,0,52522080.000,0,-,-,-,-,2739.4000,2739.2000,2739.0000,2738.0000,2737.0000,2740.8000,2741.0000,2741.6000,2743.2000,2747.4000,1,2,1,2,1,1,1,1,1,5
SF,IH2007,2020-05-28 09:32:05.100,2740.0000,4482,0,52522080.000,0,-,-,-,-,2739.4000,2739.2000,2739.0000,2738.0000,2737.0000,2740.6000,2740.8000,2741.0000,2741.6000,2743.2000,1,1,1,2,1,3,1,1,1,1
SF,IH2007,2020-05-28 09:32:05.600,2739.4000,4482,0,54165720.000,2,1,1,多换,S,2739.0000,2738.0000,2737.0000,2736.6000,2735.6000,2740.6000,2740.8000,2741.0000,2741.6000,2743.2000,1,2,1,1,1,1,1,1,1,1
SF,IH2007,2020-05-28 09:32:06.100,2739.4000,4482,0,54165720.000,0,-,-,-,-,2739.0000,2738.0000,2737.0000,2736.6000,2735.6000,2740.6000,2740.8000,2741.0000,2741.6000,2743.2000,1,2,1,1,1,1,1,1,1,1
SF,IH2007,2020-05-28 09:32:06.600,2739.4000,4482,0,54165720.000,0,-,-,-,-,2739.0000,2738.0000,2737.0000,2736.6000,2735.6000,2740.4000,2740.6000,2741.0000,2741.6000,2743.2000,1,2,1,1,1,2,1,1,1,1
SF,IH2007,2020-05-28 09:32:07.100,2739.0000,4480,-2,55809120.000,2,0,2,双平,S,2738.0000,2735.6000,2735.0000,2732.2000,2730.0000,2739.0000,2740.4000,2740.6000,2741.0000,2741.6000,1,1,1,5,1,1,2,1,1,1
SF,IH2007,2020-05-28 09:32:07.600,2739.0000,4480,0,55809120.000,0,-,-,-,-,2738.2000,2738.0000,2735.6000,2735.0000,2732.2000,2740.4000,2741.0000,2741.6000,2743.2000,2747.4000,2,1,1,1,5,2,1,1,1,5
SF,IH2007,2020-05-28 09:32:08.100,2740.4000,4480,0,56631240.000,1,0,1,多换,S,2738.2000,2738.0000,2735.6000,2735.0000,2732.2000,2740.4000,2741.0000,2741.6000,2743.2000,2747.4000,2,1,1,1,5,1,1,1,1,5
SF,IH2007,2020-05-28 09:32:08.600,2740.4000,4480,0,56631240.000,0,-,-,-,-,2740.0000,2738.2000,2738.0000,2735.6000,2732.2000,2740.4000,2741.0000,2741.6000,2743.2000,2747.4000,1,2,1,1,5,1,1,1,1,5
SF,IH2007,2020-05-28 09:32:09.100,2740.0000,4479,-1,57453240.000,1,0,1,双平,S,2738.2000,2738.0000,2735.6000,2732.2000,2730.0000,2739.8000,2740.0000,2740.2000,2741.0000,2741.6000,1,1,1,5,1,3,1,1,1,1
SF,IH2007,2020-05-28 09:32:09.600,2740.0000,4479,0,57453240.000,0,-,-,-,-,2738.2000,2738.0000,2735.6000,2732.2000,2730.0000,2739.6000,2740.0000,2740.2000,2741.0000,2741.6000,1,1,1,5,1,1,1,1,1,1
SF,IH2007,2020-05-28 09:32:10.100,2740.0000,4479,0,57453240.000,0,-,-,-,-,2738.0000,2735.6000,2732.2000,2730.0000,2729.0000,2739.6000,2741.0000,2741.6000,2743.2000,2747.4000,1,1,5,1,1,1,1,1,1,5
SF,IH2007,2020-05-28 09:32:10.600,2740.0000,4479,0,57453240.000,0,-,-,-,-,2738.0000,2735.6000,2732.2000,2730.0000,2729.0000,2739.4000,2739.6000,2741.0000,2741.6000,2743.2000,1,1,5,1,1,1,1,1,1,1
SF,IH2007,2020-05-28 09:32:11.100,2740.0000,4479,0,57453240.000,0,-,-,-,-,2738.0000,2735.6000,2732.2000,2730.0000,2729.0000,2739.4000,2739.6000,2741.0000,2741.6000,2743.2000,1,1,5,1,1,2,1,1,1,1
SF,IH2007,2020-05-28 09:32:11.600,2738.0000,4479,0,58274640.000,1,0,1,多换,S,2735.6000,2732.2000,2730.0000,2729.0000,2725.6000,2738.0000,2739.2000,2739.4000,2739.6000,2740.0000,1,5,1,1,2,1,1,2,1,1
SF,IH2007,2020-05-28 09:32:12.100,2738.0000,4479,0,58274640.000,0,-,-,-,-,2735.8000,2735.6000,2732.2000,2730.0000,2729.0000,2738.0000,2739.4000,2739.6000,2740.0000,2740.2000,2,1,5,1,1,1,2,1,1,1
SF,IH2007,2020-05-28 09:32:12.600,2738.0000,4479,0,58274640.000,0,-,-,-,-,2736.6000,2736.0000,2735.8000,2735.6000,2732.2000,2738.0000,2739.4000,2739.6000,2740.0000,2740.2000,1,1,2,1,5,1,1,1,1,1
SF,IH2007,2020-05-28 09:32:13.100,2738.0000,4479,0,58274640.000,0,-,-,-,-,2736.6000,2735.8000,2735.6000,2732.2000,2730.0000,2738.0000,2739.4000,2739.6000,2740.0000,2740.2000,1,2,1,5,1,1,1,1,1,1
SF,IH2007,2020-05-28 09:32:13.600,2738.0000,4479,0,58274640.000,0,-,-,-,-,2736.8000,2736.6000,2735.8000,2735.6000,2732.2000,2739.4000,2739.6000,2740.0000,2740.2000,2741.0000,1,1,2,1,5,1,1,1,1,1
SF,IH2007,2020-05-28 09:32:14.100,2738.0000,4479,0,58274640.000,0,-,-,-,-,2737.0000,2736.8000,2735.6000,2734.4000,2732.2000,2739.4000,2740.0000,2740.2000,2741.0000,2741.6000,1,1,1,1,5,1,1,1,1,1
SF,IH2007,2020-05-28 09:32:14.600,2738.0000,4479,0,58274640.000,0,-,-,-,-,2737.0000,2736.8000,2735.6000,2734.4000,2732.2000,2738.4000,2739.4000,2740.0000,2740.2000,2741.0000,1,1,1,1,5,1,1,1,1,1
SF,IH2007,2020-05-28 09:32:15.100,2738.0000,4479,0,58274640.000,0,-,-,-,-,2737.0000,2735.6000,2732.2000,2730.0000,2729.0000,2738.4000,2739.4000,2740.0000,2740.2000,2741.0000,2,1,5,1,1,1,1,1,1,1
SF,IH2007,2020-05-28 09:32:15.600,2737.0000,4478,-1,59916840.000,2,0,2,多平,S,2735.6000,2732.2000,2730.0000,2729.0000,2725.6000,2738.2000,2738.4000,2740.0000,2740.2000,2741.0000,1,5,1,1,2,2,1,1,1,1
SF,IH2007,2020-05-28 09:32:16.100,2737.0000,4478,0,59916840.000,0,-,-,-,-,2735.8000,2735.6000,2732.2000,2730.0000,2729.0000,2738.2000,2738.4000,2739.2000,2739.6000,2740.0000,2,1,5,1,1,1,1,1,1,1
SF,IH2007,2020-05-28 09:32:16.600,2737.0000,4478,0,59916840.000,0,-,-,-,-,2732.2000,2730.0000,2729.0000,2725.6000,2725.2000,2738.2000,2738.4000,2739.2000,2739.6000,2740.0000,5,1,1,2,2,1,1,1,1,1
SF,IH2007,2020-05-28 09:32:17.100,2737.0000,4478,0,59916840.000,0,-,-,-,-,2734.6000,2734.4000,2734.2000,2734.0000,2732.4000,2738.2000,2738.4000,2739.2000,2739.6000,2740.0000,1,2,1,1,3,1,1,1,1,1
SF,IH2007,2020-05-28 09:32:17.600,2737.0000,4478,0,59916840.000,0,-,-,-,-,2734.8000,2734.6000,2734.4000,2734.2000,2734.0000,2738.2000,2738.4000,2739.2000,2739.6000,2740.0000,1,1,2,1,1,1,1,1,1,1
SF,IH2007,2020-05-28 09:32:18.100,2737.0000,4478,0,59916840.000,0,-,-,-,-,2735.0000,2734.8000,2734.6000,2734.4000,2734.2000,2738.2000,2738.4000,2740.0000,2740.2000,2741.0000,1,1,1,2,1,1,1,1,1,1
SF,IH2007,2020-05-28 09:32:18.600,2737.0000,4478,0,59916840.000,0,-,-,-,-,2735.2000,2735.0000,2734.6000,2734.4000,2734.2000,2738.2000,2738.4000,2740.0000,2740.2000,2741.0000,1,1,1,2,1,1,1,1,1,1
SF,IH2007,2020-05-28 09:32:19.100,2737.0000,4478,0,59916840.000,0,-,-,-,-,2735.4000,2735.2000,2735.0000,2734.6000,2734.4000,2738.2000,2738.4000,2740.0000,2740.2000,2741.0000,1,1,1,1,2,1,1,1,1,1
SF,IH2007,2020-05-28 09:32:19.600,2737.0000,4478,0,59916840.000,0,-,-,-,-,2735.6000,2735.4000,2735.0000,2734.6000,2734.4000,2738.2000,2738.4000,2740.0000,2740.2000,2741.0000,2,1,1,1,2,1,1,1,1,1
SF,IH2007,2020-05-28 09:32:20.100,2737.0000,4478,0,59916840.000,0,-,-,-,-,2736.4000,2735.6000,2735.4000,2735.0000,2734.6000,2738.2000,2738.4000,2740.0000,2740.2000,2741.0000,1,2,1,1,1,1,1,1,1,1
SF,IH2007,2020-05-28 09:32:20.600,2737.0000,4478,0,59916840.000,0,-,-,-,-,2736.6000,2736.4000,2735.6000,2735.4000,2734.6000,2738.0000,2738.2000,2738.4000,2740.0000,2740.2000,1,1,1,1,1,1,1,1,1,1
SF,IH2007,2020-05-28 09:32:21.100,2737.0000,4478,0,59916840.000,0,-,-,-,-,2736.6000,2736.4000,2735.6000,2734.6000,2734.4000,2737.8000,2738.4000,2740.0000,2740.2000,2741.0000,1,1,1,1,2,2,1,1,1,1
SF,IH2007,2020-05-28 09:32:21.600,2737.0000,4478,0,59916840.000,0,-,-,-,-,2736.4000,2735.6000,2734.6000,2734.4000,2734.2000,2737.8000,2740.0000,2740.2000,2741.0000,2743.2000,1,1,1,2,1,2,1,1,1,1
SF,IH2007,2020-05-28 09:32:22.100,2737.0000,4478,0,59916840.000,0,-,-,-,-,2736.4000,2734.6000,2734.4000,2734.2000,2734.0000,2737.2000,2737.4000,2737.6000,2737.8000,2740.0000,1,1,2,1,1,1,1,1,1,1
SF,IH2007,2020-05-28 09:32:22.600,2737.0000,4478,0,59916840.000,0,-,-,-,-,2736.4000,2734.6000,2734.4000,2734.2000,2734.0000,2737.2000,2737.4000,2737.6000,2737.8000,2740.0000,1,1,2,1,1,1,1,1,1,1
SF,IH2007,2020-05-28 09:32:23.600,2737.0000,4478,0,59916840.000,0,-,-,-,-,2736.4000,2734.6000,2734.4000,2734.2000,2734.0000,2737.4000,2737.6000,2737.8000,2740.0000,2741.0000,1,1,2,1,1,1,1,2,1,1
SF,IH2007,2020-05-28 09:32:24.600,2737.0000,4478,0,59916840.000,0,-,-,-,-,2736.6000,2736.4000,2734.6000,2734.4000,2734.2000,2737.8000,2740.0000,2741.0000,2743.2000,2747.4000,1,1,1,2,1,2,1,1,1,5
SF,IH2007,2020-05-28 09:32:25.100,2737.0000,4478,0,59916840.000,0,-,-,-,-,2736.6000,2736.4000,2734.6000,2734.4000,2734.2000,2737.8000,2740.0000,2741.0000,2743.2000,2747.4000,1,1,1,2,1,2,1,1,1,5
SF,IH2007,2020-05-28 09:32:28.100,2737.0000,4478,0,59916840.000,0,-,-,-,-,2736.6000,2736.4000,2734.6000,2734.4000,2734.2000,2737.8000,2739.8000,2740.0000,2741.0000,2743.2000,1,1,1,2,1,2,2,1,1,1
SF,IH2007,2020-05-28 09:32:28.600,2737.0000,4478,0,59916840.000,0,-,-,-,-,2736.6000,2736.4000,2734.6000,2734.4000,2734.2000,2737.8000,2739.8000,2740.0000,2741.0000,2743.2000,1,1,1,2,1,1,2,1,1,1
SF,IH2007,2020-05-28 09:32:30.100,2736.6000,4477,-1,60737820.000,1,0,1,双平,S,2736.4000,2734.6000,2734.4000,2734.2000,2734.0000,2737.8000,2739.8000,2740.0000,2741.0000,2743.2000,1,1,2,1,1,1,2,1,1,1
SF,IH2007,2020-05-28 09:32:33.100,2736.6000,4477,0,60737820.000,0,-,-,-,-,2736.4000,2734.6000,2734.4000,2734.2000,2734.0000,2737.8000,2739.8000,2740.0000,2741.0000,2743.2000,1,1,2,1,1,1,2,1,1,1
SF,IH2007,2020-05-28 09:32:33.600,2736.6000,4477,0,60737820.000,0,-,-,-,-,2736.4000,2734.6000,2734.4000,2734.2000,2734.0000,2737.8000,2739.8000,2740.0000,2743.2000,2747.4000,1,1,2,1,1,1,2,1,1,5
SF,IH2007,2020-05-28 09:32:37.600,2736.4000,4477,0,61558740.000,1,0,1,多换,S,2734.6000,2734.4000,2734.2000,2734.0000,2732.4000,2737.8000,2739.8000,2740.0000,2743.2000,2747.4000,1,2,1,1,2,1,2,1,1,5
SF,IH2007,2020-05-28 09:32:38.100,2736.4000,4477,0,61558740.000,0,-,-,-,-,2734.8000,2734.4000,2734.2000,2732.4000,2732.2000,2737.8000,2739.8000,2740.0000,2743.2000,2747.4000,2,2,1,2,5,1,2,1,1,5
SF,IH2007,2020-05-28 09:32:38.600,2736.4000,4477,0,61558740.000,0,-,-,-,-,2735.8000,2735.4000,2735.2000,2735.0000,2734.8000,2737.8000,2739.8000,2740.0000,2743.2000,2747.4000,1,1,1,1,2,1,2,1,1,5
SF,IH2007,2020-05-28 09:32:39.100,2736.4000,4477,0,61558740.000,0,-,-,-,-,2736.0000,2735.8000,2735.4000,2735.2000,2735.0000,2737.8000,2739.8000,2740.0000,2743.2000,2747.4000,1,1,1,1,1,1,2,1,1,5
SF,IH2007,2020-05-28 09:32:40.100,2736.4000,4477,0,61558740.000,0,-,-,-,-,2736.0000,2735.0000,2734.8000,2732.4000,2732.2000,2737.6000,2737.8000,2739.8000,2740.0000,2743.2000,1,1,1,2,5,2,1,2,1,1
SF,IH2007,2020-05-28 09:32:40.600,2736.4000,4477,0,61558740.000,0,-,-,-,-,2736.0000,2735.0000,2734.8000,2732.4000,2732.2000,2737.4000,2737.6000,2739.8000,2740.0000,2743.2000,1,1,1,2,5,2,2,2,1,1
SF,IH2007,2020-05-28 09:32:41.100,2736.4000,4477,0,61558740.000,0,-,-,-,-,2736.0000,2735.0000,2734.8000,2732.4000,2732.2000,2737.4000,2739.8000,2740.0000,2743.2000,2747.4000,1,1,1,2,5,2,2,1,1,5
SF,IH2007,2020-05-28 09:32:41.600,2736.4000,4477,0,61558740.000,0,-,-,-,-,2736.0000,2735.0000,2732.4000,2732.2000,2730.8000,2737.2000,2737.4000,2739.8000,2740.0000,2743.2000,1,1,2,5,1,1,2,2,1,1
SF,IH2007,2020-05-28 09:32:42.100,2736.4000,4477,0,61558740.000,0,-,-,-,-,2735.0000,2732.4000,2732.2000,2730.8000,2730.0000,2737.4000,2739.8000,2740.0000,2743.2000,2747.4000,1,2,5,1,2,2,2,1,1,5
SF,IH2007,2020-05-28 09:32:42.600,2736.4000,4477,0,61558740.000,0,-,-,-,-,2737.2000,2735.8000,2735.6000,2735.2000,2735.0000,2737.4000,2739.8000,2740.0000,2743.2000,2747.4000,1,1,2,2,1,2,2,1,1,5
SF,IH2007,2020-05-28 09:32:43.100,2737.2000,4477,0,62379900.000,1,0,1,多换,S,2735.2000,2735.0000,2732.8000,2732.4000,2732.2000,2737.0000,2737.4000,2739.8000,2740.0000,2743.2000,1,1,1,2,5,1,1,2,1,1
SF,IH2007,2020-05-28 09:32:43.600,2737.2000,4477,0,62379900.000,0,-,-,-,-,2735.4000,2735.2000,2732.8000,2732.4000,2732.2000,2737.0000,2737.4000,2738.8000,2739.8000,2740.0000,2,3,1,2,5,1,1,1,2,1
SF,IH2007,2020-05-28 09:32:44.100,2737.0000,4478,1,63201000.000,1,1,0,双开,S,2737.0000,2735.4000,2735.2000,2732.8000,2732.4000,2737.4000,2738.8000,2739.8000,2740.0000,2743.2000,1,2,3,1,2,1,1,2,1,1
SF,IH2007,2020-05-28 09:32:44.600,2737.0000,4478,0,64022100.000,1,0,1,多换,S,2735.4000,2735.2000,2732.8000,2732.4000,2732.2000,2737.4000,2738.8000,2739.8000,2740.0000,2743.2000,2,3,1,2,5,1,1,2,1,1
SF,IH2007,2020-05-28 09:32:45.100,2737.0000,4478,0,64022100.000,0,-,-,-,-,2735.6000,2735.4000,2735.2000,2732.8000,2732.4000,2737.2000,2738.8000,2739.8000,2740.0000,2743.2000,1,2,2,1,2,1,1,2,1,1
SF,IH2007,2020-05-28 09:32:45.600,2737.0000,4478,0,64022100.000,0,-,-,-,-,2735.6000,2735.4000,2735.2000,2732.8000,2732.4000,2737.2000,2738.8000,2739.8000,2740.0000,2742.0000,2,2,2,1,2,1,1,2,1,1
SF,IH2007,2020-05-28 09:32:46.100,2737.0000,4478,0,64022100.000,0,-,-,-,-,2735.6000,2735.4000,2732.8000,2732.4000,2732.2000,2737.2000,2738.8000,2739.8000,2740.0000,2742.0000,2,1,1,2,5,1,1,2,1,1
SF,IH2007,2020-05-28 09:32:46.600,2737.0000,4478,0,64022100.000,0,-,-,-,-,2735.6000,2735.4000,2732.8000,2732.4000,2732.2000,2737.2000,2738.8000,2739.8000,2740.0000,2742.0000,3,1,1,2,5,1,1,2,1,1
SF,IH2007,2020-05-28 09:32:47.100,2737.0000,4478,0,64022100.000,0,-,-,-,-,2735.8000,2735.6000,2735.4000,2732.8000,2732.4000,2737.2000,2738.8000,2739.8000,2740.0000,2742.0000,1,2,1,1,2,1,1,2,1,1
SF,IH2007,2020-05-28 09:32:47.600,2737.0000,4478,0,64022100.000,0,-,-,-,-,2735.8000,2735.6000,2735.4000,2732.8000,2732.4000,2737.0000,2737.2000,2738.8000,2739.8000,2740.0000,1,2,1,1,2,1,1,1,2,1
SF,IH2007,2020-05-28 09:32:48.100,2737.0000,4478,0,64022100.000,0,-,-,-,-,2735.8000,2735.6000,2732.8000,2732.4000,2732.2000,2736.8000,2737.0000,2738.8000,2739.8000,2740.0000,1,2,1,2,5,1,2,1,2,1
SF,IH2007,2020-05-28 09:32:48.600,2737.0000,4478,0,64022100.000,0,-,-,-,-,2736.0000,2735.6000,2732.8000,2732.4000,2732.2000,2736.8000,2738.8000,2739.8000,2740.0000,2742.0000,1,1,1,2,5,1,1,2,1,1
SF,IH2007,2020-05-28 09:32:49.600,2736.8000,4478,0,64843140.000,1,0,1,多换,S,2736.2000,2735.6000,2732.8000,2732.4000,2732.2000,2738.8000,2739.8000,2740.0000,2742.0000,2743.2000,1,1,1,2,5,1,2,1,1,1
SF,IH2007,2020-05-28 09:32:50.100,2736.8000,4478,0,64843140.000,0,-,-,-,-,2736.4000,2732.8000,2732.4000,2732.2000,2730.8000,2737.6000,2737.8000,2738.0000,2738.6000,2738.8000,1,1,2,5,1,2,1,2,7,1
SF,IH2007,2020-05-28 09:32:50.600,2736.8000,4478,0,64843140.000,0,-,-,-,-,2732.8000,2732.4000,2732.2000,2730.8000,2730.0000,2736.4000,2737.6000,2738.6000,2738.8000,2739.8000,1,2,5,1,2,1,2,3,1,3
SF,IH2007,2020-05-28 09:32:51.100,2736.4000,4479,1,65664060.000,1,1,0,双开,S,2735.4000,2735.2000,2735.0000,2734.8000,2733.6000,2737.6000,2738.6000,2739.8000,2740.0000,2742.0000,1,2,1,1,1,2,3,2,1,1
SF,IH2007,2020-05-28 09:32:51.600,2736.4000,4479,0,65664060.000,0,-,-,-,-,2735.6000,2735.4000,2735.2000,2734.8000,2733.6000,2737.6000,2738.6000,2739.8000,2740.0000,2742.0000,3,1,2,1,1,2,2,2,1,1
SF,IH2007,2020-05-28 09:32:52.100,2736.4000,4479,0,65664060.000,0,-,-,-,-,2735.6000,2733.6000,2733.0000,2732.8000,2732.2000,2737.4000,2737.6000,2738.6000,2739.8000,2740.0000,3,1,3,1,5,1,2,2,2,1
SF,IH2007,2020-05-28 09:32:53.100,2736.4000,4479,0,65664060.000,0,-,-,-,-,2735.8000,2735.6000,2733.6000,2733.0000,2732.8000,2737.4000,2737.6000,2738.6000,2739.8000,2740.0000,1,2,1,3,1,1,2,2,2,1
SF,IH2007,2020-05-28 09:32:53.600,2736.4000,4479,0,65664060.000,0,-,-,-,-,2735.8000,2735.6000,2733.6000,2733.0000,2732.8000,2737.4000,2737.6000,2738.0000,2738.6000,2739.8000,1,2,1,3,1,1,2,1,2,2
SF,IH2007,2020-05-28 09:32:57.600,2736.4000,4479,0,65664060.000,0,-,-,-,-,2735.8000,2735.6000,2733.6000,2733.0000,2732.8000,2737.2000,2737.4000,2737.6000,2738.0000,2738.6000,1,2,1,3,1,1,1,2,1,2
SF,IH2007,2020-05-28 09:32:58.100,2736.4000,4479,0,65664060.000,0,-,-,-,-,2736.0000,2733.6000,2733.0000,2732.8000,2732.2000,2737.0000,2737.2000,2737.4000,2737.6000,2738.0000,1,1,3,1,6,1,1,1,2,1
SF,IH2007,2020-05-28 09:32:58.600,2736.4000,4479,0,65664060.000,0,-,-,-,-,2736.0000,2733.6000,2733.0000,2732.8000,2732.2000,2737.0000,2737.2000,2737.4000,2737.6000,2738.0000,1,1,2,1,6,1,1,1,2,1
SF,IH2007,2020-05-28 09:33:00.600,2736.4000,4479,0,65664060.000,0,-,-,-,-,2736.0000,2733.6000,2733.0000,2732.8000,2732.2000,2737.0000,2737.2000,2737.4000,2737.6000,2738.0000,1,1,2,1,6,1,1,1,1,1
SF,IH2007,2020-05-28 09:33:01.600,2736.4000,4479,0,65664060.000,0,-,-,-,-,2736.2000,2733.6000,2733.0000,2732.8000,2732.2000,2737.0000,2737.6000,2738.0000,2738.6000,2739.8000,1,1,2,1,6,1,1,1,2,2
SF,IH2007,2020-05-28 09:33:02.600,2736.4000,4479,0,66484980.000,1,0,1,多换,S,2733.6000,2733.0000,2732.8000,2732.2000,2730.8000,2737.0000,2737.6000,2738.0000,2738.6000,2739.8000,1,2,1,6,1,1,1,1,2,2
SF,IH2007,2020-05-28 09:33:03.100,2736.4000,4479,0,66484980.000,0,-,-,-,-,2735.4000,2735.2000,2735.0000,2734.8000,2733.8000,2737.6000,2738.0000,2738.6000,2739.8000,2740.0000,1,2,1,1,4,1,1,2,2,1
SF,IH2007,2020-05-28 09:33:03.600,2736.4000,4479,0,66484980.000,0,-,-,-,-,2735.6000,2735.4000,2735.2000,2735.0000,2734.8000,2737.6000,2738.0000,2738.6000,2739.8000,2740.0000,1,1,3,1,1,1,1,2,2,1
SF,IH2007,2020-05-28 09:33:04.100,2736.4000,4479,0,66484980.000,0,-,-,-,-,2735.6000,2735.4000,2735.2000,2735.0000,2734.8000,2737.4000,2737.6000,2738.0000,2738.6000,2739.8000,1,1,3,1,1,1,1,1,2,2
SF,IH2007,2020-05-28 09:33:04.600,2736.4000,4479,0,66484980.000,0,-,-,-,-,2735.8000,2735.6000,2735.4000,2735.2000,2735.0000,2737.4000,2737.6000,2738.0000,2738.6000,2739.8000,1,1,1,3,1,1,1,1,1,2
SF,IH2007,2020-05-28 09:33:05.100,2736.4000,4479,0,66484980.000,0,-,-,-,-,2736.0000,2735.8000,2735.4000,2735.2000,2735.0000,2737.6000,2738.0000,2739.8000,2740.0000,2742.0000,1,2,1,2,1,1,1,2,1,1
SF,IH2007,2020-05-28 09:33:05.600,2736.4000,4479,0,66484980.000,0,-,-,-,-,2737.4000,2736.0000,2735.8000,2735.4000,2735.2000,2737.6000,2738.0000,2739.8000,2740.0000,2742.0000,1,1,2,1,2,1,1,2,1,1
SF,IH2007,2020-05-28 09:33:06.100,2737.4000,4479,0,67306200.000,1,0,1,多换,S,2736.0000,2735.8000,2735.4000,2735.2000,2735.0000,2737.6000,2738.0000,2739.8000,2740.0000,2742.0000,1,2,1,2,1,1,1,2,1,1
SF,IH2007,2020-05-28 09:33:06.600,2737.4000,4479,0,67306200.000,0,-,-,-,-,2736.0000,2735.8000,2735.4000,2735.2000,2735.0000,2737.6000,2738.0000,2739.8000,2740.0000,2742.0000,1,1,1,2,1,1,1,2,1,1
SF,IH2007,2020-05-28 09:33:07.600,2737.4000,4479,0,67306200.000,0,-,-,-,-,2736.2000,2736.0000,2735.8000,2735.4000,2735.2000,2737.6000,2738.0000,2739.8000,2740.0000,2742.0000,1,1,1,1,2,1,1,2,1,1
SF,IH2007,2020-05-28 09:33:08.100,2737.6000,4480,1,68127480.000,1,1,0,双开,S,2737.6000,2736.4000,2736.2000,2735.8000,2735.4000,2738.0000,2739.8000,2740.0000,2742.0000,2743.2000,1,1,1,1,1,1,2,1,1,1
SF,IH2007,2020-05-28 09:33:08.600,2737.6000,4480,0,68948760.000,1,0,1,多换,S,2736.2000,2735.8000,2735.4000,2735.2000,2735.0000,2738.0000,2739.8000,2740.0000,2742.0000,2743.2000,1,1,1,2,1,1,2,1,1,1
SF,IH2007,2020-05-28 09:33:09.100,2737.6000,4480,0,68948760.000,0,-,-,-,-,2736.4000,2736.2000,2735.4000,2735.2000,2735.0000,2738.0000,2739.8000,2740.0000,2742.0000,2743.2000,1,1,1,2,1,1,2,1,1,1
SF,IH2007,2020-05-28 09:33:09.600,2737.6000,4480,0,68948760.000,0,-,-,-,-,2736.4000,2736.2000,2735.4000,2735.2000,2735.0000,2737.8000,2738.0000,2739.8000,2740.0000,2742.0000,1,1,1,2,1,1,1,2,1,1
SF,IH2007,2020-05-28 09:33:10.100,2737.6000,4480,0,68948760.000,0,-,-,-,-,2736.8000,2736.4000,2736.2000,2735.4000,2735.2000,2737.8000,2738.0000,2739.8000,2740.0000,2742.0000,1,1,1,1,2,1,1,2,1,1
SF,IH2007,2020-05-28 09:33:10.600,2737.6000,4480,0,68948760.000,0,-,-,-,-,2736.4000,2736.2000,2735.4000,2735.2000,2735.0000,2737.6000,2737.8000,2738.0000,2739.8000,2740.0000,1,1,1,2,1,1,1,1,2,1
SF,IH2007,2020-05-28 09:33:11.100,2737.6000,4480,0,69770040.000,1,0,1,多换,S,2736.4000,2736.2000,2735.4000,2735.2000,2735.0000,2737.8000,2738.0000,2739.8000,2740.0000,2742.0000,1,1,1,2,1,1,1,2,1,1
SF,IH2007,2020-05-28 09:33:11.600,2737.6000,4480,0,69770040.000,0,-,-,-,-,2736.6000,2736.4000,2736.2000,2735.4000,2735.2000,2737.8000,2738.0000,2739.8000,2740.0000,2742.0000,1,2,1,1,2,1,1,2,1,1
SF,IH2007,2020-05-28 09:33:12.100,2737.6000,4480,0,69770040.000,0,-,-,-,-,2736.6000,2736.4000,2736.2000,2735.4000,2735.2000,2737.8000,2738.0000,2739.8000,2740.0000,2742.0000,1,2,1,1,2,1,1,2,1,1
SF,IH2007,2020-05-28 09:33:13.100,2737.6000,4480,0,69770040.000,0,-,-,-,-,2736.6000,2736.4000,2735.4000,2735.2000,2735.0000,2737.8000,2738.0000,2739.8000,2740.0000,2742.0000,1,1,1,2,1,1,1,2,1,1
SF,IH2007,2020-05-28 09:33:13.600,2737.6000,4480,0,69770040.000,0,-,-,-,-,2736.4000,2735.4000,2735.2000,2735.0000,2734.8000,2737.8000,2738.0000,2739.8000,2740.0000,2742.0000,1,1,2,1,1,1,1,2,1,1
SF,IH2007,2020-05-28 09:33:15.100,2737.6000,4480,0,69770040.000,0,-,-,-,-,2736.6000,2736.4000,2735.4000,2735.2000,2735.0000,2737.8000,2738.0000,2739.8000,2740.0000,2742.0000,1,1,1,2,1,1,1,2,1,1
SF,IH2007,2020-05-28 09:33:15.600,2737.6000,4480,0,69770040.000,0,-,-,-,-,2736.4000,2735.4000,2735.2000,2735.0000,2734.8000,2737.8000,2738.0000,2739.8000,2740.0000,2742.0000,1,1,2,1,1,1,1,2,1,1
SF,IH2007,2020-05-28 09:33:16.100,2737.6000,4480,0,69770040.000,0,-,-,-,-,2737.8000,2736.6000,2736.4000,2735.4000,2735.2000,2738.0000,2739.8000,2740.0000,2742.0000,2743.2000,1,1,1,1,2,1,2,1,1,1
SF,IH2007,2020-05-28 09:33:16.600,2737.6000,4480,0,70591320.000,1,0,1,多换,S,2736.4000,2735.4000,2735.2000,2735.0000,2734.8000,2737.6000,2737.8000,2738.0000,2739.8000,2740.0000,1,1,2,1,1,3,1,1,2,1
SF,IH2007,2020-05-28 09:33:17.100,2737.6000,4480,0,70591320.000,0,-,-,-,-,2736.4000,2735.4000,2735.2000,2735.0000,2734.8000,2737.8000,2738.0000,2739.8000,2740.0000,2742.0000,1,1,2,1,1,1,1,2,1,1
SF,IH2007,2020-05-28 09:33:17.600,2737.6000,4480,0,70591320.000,0,-,-,-,-,2736.4000,2735.4000,2735.2000,2735.0000,2734.8000,2737.8000,2738.0000,2739.8000,2740.0000,2742.0000,2,1,2,1,1,1,1,2,1,1
SF,IH2007,2020-05-28 09:33:18.100,2737.6000,4480,0,70591320.000,0,-,-,-,-,2736.4000,2735.4000,2735.2000,2735.0000,2734.8000,2738.0000,2739.8000,2740.0000,2742.0000,2743.2000,1,1,2,1,1,1,2,1,1,1
SF,IH2007,2020-05-28 09:33:18.600,2737.6000,4480,0,70591320.000,0,-,-,-,-,2736.4000,2735.4000,2735.2000,2735.0000,2734.8000,2737.8000,2738.0000,2739.8000,2740.0000,2742.0000,1,1,2,1,1,1,1,2,1,1
SF,IH2007,2020-05-28 09:33:19.100,2737.6000,4480,0,70591320.000,0,-,-,-,-,2736.6000,2736.4000,2735.4000,2735.2000,2735.0000,2737.8000,2738.0000,2739.8000,2740.0000,2742.0000,1,1,1,2,1,1,1,2,1,1
SF,IH2007,2020-05-28 09:33:20.100,2737.6000,4480,0,70591320.000,0,-,-,-,-,2736.8000,2736.4000,2735.4000,2735.2000,2735.0000,2737.8000,2738.0000,2739.8000,2740.0000,2742.0000,1,1,1,2,1,1,1,2,1,1
SF,IH2007,2020-05-28 09:33:20.600,2737.6000,4480,0,70591320.000,0,-,-,-,-,2736.4000,2735.4000,2735.2000,2735.0000,2734.8000,2737.8000,2738.0000,2739.8000,2740.0000,2742.0000,1,1,2,1,1,1,1,2,1,1
SF,IH2007,2020-05-28 09:33:21.100,2737.6000,4480,0,70591320.000,0,-,-,-,-,2736.6000,2736.4000,2735.4000,2735.2000,2735.0000,2737.8000,2738.0000,2739.8000,2740.0000,2742.0000,1,1,1,2,1,1,1,2,1,1
SF,IH2007,2020-05-28 09:33:21.600,2737.6000,4480,0,70591320.000,0,-,-,-,-,2736.8000,2736.6000,2736.4000,2735.4000,2735.2000,2737.8000,2738.0000,2739.8000,2740.0000,2742.0000,1,2,1,1,2,1,1,2,1,1
SF,IH2007,2020-05-28 09:33:22.100,2737.6000,4480,0,70591320.000,0,-,-,-,-,2736.8000,2736.6000,2736.4000,2735.4000,2735.2000,2737.8000,2738.0000,2739.8000,2740.0000,2742.0000,1,2,1,1,2,1,1,2,1,1
SF,IH2007,2020-05-28 09:33:22.600,2737.6000,4480,0,70591320.000,0,-,-,-,-,2737.0000,2736.8000,2736.4000,2735.4000,2735.2000,2737.8000,2738.0000,2739.8000,2740.0000,2742.0000,2,1,1,1,2,1,1,2,1,1
SF,IH2007,2020-05-28 09:33:24.600,2737.8000,4480,0,71412660.000,1,0,1,多换,S,2737.0000,2736.8000,2736.4000,2735.4000,2735.2000,2738.0000,2739.8000,2740.0000,2742.0000,2743.2000,2,1,1,1,2,1,2,1,1,1
SF,IH2007,2020-05-28 09:33:25.100,2737.8000,4480,0,71412660.000,0,-,-,-,-,2737.0000,2736.8000,2736.4000,2735.4000,2735.2000,2738.0000,2739.8000,2740.0000,2742.0000,2743.2000,2,1,1,1,2,1,2,1,1,1
SF,IH2007,2020-05-28 09:33:25.600,2738.0000,4481,1,72234060.000,1,1,0,双开,S,2737.2000,2736.8000,2736.4000,2735.4000,2735.2000,2739.8000,2740.0000,2742.0000,2743.2000,2746.0000,2,1,1,1,2,2,1,1,1,1
SF,IH2007,2020-05-28 09:33:26.100,2738.0000,4481,0,72234060.000,0,-,-,-,-,2736.8000,2736.4000,2735.4000,2735.2000,2735.0000,2738.8000,2739.6000,2739.8000,2740.0000,2742.0000,1,1,1,2,1,2,1,2,1,1
SF,IH2007,2020-05-28 09:33:26.600,2738.0000,4481,0,72234060.000,0,-,-,-,-,2737.4000,2737.0000,2735.4000,2735.2000,2735.0000,2738.8000,2739.6000,2739.8000,2740.0000,2742.0000,1,2,1,2,1,2,3,2,1,1
SF,IH2007,2020-05-28 09:33:28.100,2738.0000,4481,0,72234060.000,0,-,-,-,-,2737.6000,2737.0000,2735.4000,2735.2000,2735.0000,2738.8000,2739.6000,2739.8000,2740.0000,2742.0000,1,2,1,2,1,2,3,2,1,1
SF,IH2007,2020-05-28 09:33:28.600,2738.0000,4481,0,72234060.000,0,-,-,-,-,2737.6000,2737.0000,2735.4000,2735.2000,2735.0000,2738.8000,2739.6000,2740.0000,2742.0000,2743.2000,3,2,1,2,1,2,3,1,1,1
SF,IH2007,2020-05-28 09:33:29.100,2738.8000,4482,1,73877340.000,2,1,1,空开,S,2737.8000,2737.6000,2737.0000,2735.4000,2735.2000,2739.6000,2740.0000,2740.4000,2742.0000,2743.2000,1,2,2,1,2,1,1,2,1,1
SF,IH2007,2020-05-28 09:33:29.600,2738.8000,4482,0,73877340.000,0,-,-,-,-,2738.0000,2737.6000,2737.0000,2735.4000,2735.2000,2739.6000,2740.0000,2740.4000,2742.0000,2743.2000,2,2,1,1,2,1,1,2,1,1
SF,IH2007,2020-05-28 09:33:30.100,2738.8000,4482,0,73877340.000,0,-,-,-,-,2738.0000,2737.6000,2737.0000,2735.4000,2735.2000,2739.2000,2739.6000,2740.0000,2740.4000,2742.0000,2,2,1,1,2,1,1,1,2,1
SF,IH2007,2020-05-28 09:33:30.600,2738.8000,4482,0,73877340.000,0,-,-,-,-,2738.2000,2737.6000,2737.0000,2735.4000,2735.2000,2739.2000,2739.6000,2740.0000,2740.4000,2742.0000,1,2,1,1,2,1,1,1,2,1
SF,IH2007,2020-05-28 09:33:31.100,2738.8000,4482,0,73877340.000,0,-,-,-,-,2738.2000,2737.0000,2735.4000,2735.2000,2735.0000,2739.2000,2739.6000,2740.0000,2740.4000,2742.0000,1,1,1,2,1,1,1,1,2,1
SF,IH2007,2020-05-28 09:33:31.600,2738.8000,4482,0,73877340.000,0,-,-,-,-,2738.4000,2737.0000,2735.4000,2735.2000,2735.0000,2739.2000,2739.6000,2740.0000,2740.4000,2742.0000,2,1,1,2,1,1,1,1,2,1
SF,IH2007,2020-05-28 09:33:32.100,2738.8000,4482,0,73877340.000,0,-,-,-,-,2738.4000,2737.0000,2735.4000,2735.2000,2735.0000,2739.2000,2739.6000,2740.0000,2742.0000,2743.2000,2,1,1,2,1,1,1,1,1,1
SF,IH2007,2020-05-28 09:33:32.600,2738.8000,4482,0,73877340.000,0,-,-,-,-,2737.0000,2735.4000,2735.2000,2735.0000,2734.8000,2738.4000,2739.2000,2739.6000,2740.0000,2741.8000,1,1,2,1,1,1,1,1,1,2
SF,IH2007,2020-05-28 09:33:33.100,2738.4000,4483,1,74698860.000,1,1,0,双开,S,2737.2000,2737.0000,2735.0000,2734.8000,2733.8000,2739.2000,2739.4000,2740.0000,2741.8000,2742.0000,3,1,1,1,2,1,1,1,2,1
SF,IH2007,2020-05-28 09:33:33.600,2738.4000,4483,0,74698860.000,0,-,-,-,-,2737.4000,2737.2000,2735.0000,2734.8000,2733.8000,2739.4000,2740.0000,2740.4000,2741.8000,2742.0000,3,2,1,1,2,1,1,1,2,1
SF,IH2007,2020-05-28 09:33:34.100,2738.4000,4483,0,74698860.000,0,-,-,-,-,2737.6000,2737.4000,2737.2000,2735.0000,2734.8000,2739.4000,2740.0000,2740.4000,2741.8000,2742.0000,1,2,2,1,1,1,1,1,2,1
SF,IH2007,2020-05-28 09:33:34.600,2738.4000,4483,0,74698860.000,0,-,-,-,-,2737.8000,2735.0000,2734.8000,2733.8000,2732.8000,2739.4000,2740.0000,2740.4000,2741.8000,2742.0000,5,1,1,2,1,1,1,1,2,1
SF,IH2007,2020-05-28 09:33:35.100,2738.4000,4483,0,74698860.000,0,-,-,-,-,2738.0000,2737.8000,2735.0000,2734.8000,2733.8000,2739.4000,2740.0000,2740.4000,2741.8000,2742.0000,1,4,1,1,2,1,1,1,2,1
SF,IH2007,2020-05-28 09:33:36.100,2738.4000,4483,0,74698860.000,0,-,-,-,-,2738.0000,2737.8000,2735.0000,2734.8000,2733.8000,2739.4000,2740.0000,2740.4000,2741.8000,2742.0000,1,2,1,1,2,1,1,1,2,1
SF,IH2007,2020-05-28 09:33:39.100,2738.4000,4483,0,74698860.000,0,-,-,-,-,2738.2000,2737.8000,2735.0000,2734.8000,2733.8000,2739.4000,2740.0000,2740.4000,2741.8000,2742.0000,2,2,1,1,2,1,1,1,2,1
SF,IH2007,2020-05-28 09:33:39.600,2738.4000,4483,0,74698860.000,0,-,-,-,-,2738.2000,2737.8000,2735.0000,2734.8000,2733.8000,2739.4000,2740.0000,2740.4000,2741.8000,2742.0000,1,2,1,1,2,1,1,1,2,1
SF,IH2007,2020-05-28 09:33:42.600,2738.4000,4483,0,74698860.000,0,-,-,-,-,2738.4000,2737.8000,2735.0000,2734.8000,2733.8000,2739.4000,2740.0000,2740.4000,2741.8000,2742.0000,1,2,1,1,2,1,1,1,2,1
SF,IH2007,2020-05-28 09:33:43.600,2738.4000,4483,0,74698860.000,0,-,-,-,-,2738.4000,2737.8000,2735.0000,2734.8000,2733.8000,2739.4000,2740.0000,2740.4000,2741.8000,2742.0000,1,2,1,1,2,1,1,1,2,1
SF,IH2007,2020-05-28 09:33:45.100,2738.4000,4483,0,74698860.000,0,-,-,-,-,2737.8000,2735.0000,2734.8000,2733.8000,2732.8000,2739.4000,2740.0000,2740.4000,2741.8000,2742.0000,2,1,1,2,1,1,1,1,2,1
SF,IH2007,2020-05-28 09:33:45.600,2738.4000,4483,0,74698860.000,0,-,-,-,-,2738.6000,2737.8000,2735.0000,2734.8000,2733.8000,2739.4000,2740.0000,2740.4000,2741.8000,2742.0000,1,3,1,1,2,1,1,1,2,1
SF,IH2007,2020-05-28 09:33:46.100,2738.4000,4483,0,74698860.000,0,-,-,-,-,2738.6000,2737.8000,2735.0000,2734.8000,2733.8000,2739.4000,2740.0000,2740.4000,2741.8000,2742.0000,1,2,1,1,2,1,1,1,2,1
SF,IH2007,2020-05-28 09:33:46.600,2738.4000,4483,0,74698860.000,0,-,-,-,-,2738.6000,2737.8000,2735.0000,2734.8000,2733.8000,2739.2000,2739.4000,2740.0000,2740.4000,2741.8000,1,2,1,1,2,1,1,1,1,2
SF,IH2007,2020-05-28 09:33:47.600,2738.6000,4483,0,75520440.000,1,0,1,多换,S,2737.8000,2735.0000,2734.8000,2733.8000,2732.8000,2739.2000,2739.4000,2740.0000,2740.4000,2741.8000,2,1,1,2,1,1,1,1,1,2
SF,IH2007,2020-05-28 09:33:48.100,2738.6000,4483,0,75520440.000,0,-,-,-,-,2738.0000,2737.8000,2735.0000,2734.8000,2733.8000,2739.2000,2739.4000,2740.0000,2740.4000,2741.8000,1,2,1,1,2,1,1,1,1,2
SF,IH2007,2020-05-28 09:33:50.100,2738.0000,4482,-1,76341840.000,1,0,1,双平,S,2737.8000,2735.0000,2734.8000,2733.8000,2732.8000,2738.0000,2739.2000,2739.4000,2740.0000,2740.4000,2,1,1,2,1,1,1,1,1,1
SF,IH2007,2020-05-28 09:33:50.600,2738.0000,4481,-1,77163240.000,1,0,1,双平,S,2738.0000,2735.0000,2734.8000,2733.8000,2732.8000,2739.2000,2739.4000,2740.0000,2741.8000,2742.0000,3,1,1,2,1,1,1,1,2,1
SF,IH2007,2020-05-28 09:33:51.100,2738.0000,4481,0,77163240.000,0,-,-,-,-,2738.0000,2737.2000,2735.0000,2734.8000,2733.8000,2739.2000,2739.4000,2740.0000,2740.2000,2741.8000,4,1,1,1,2,1,1,1,1,2
SF,IH2007,2020-05-28 09:33:51.600,2738.0000,4481,0,77163240.000,0,-,-,-,-,2738.0000,2737.2000,2736.2000,2735.0000,2734.8000,2739.2000,2739.4000,2740.0000,2740.2000,2741.2000,4,1,1,1,1,1,1,1,1,1
SF,IH2007,2020-05-28 09:33:52.100,2738.0000,4481,0,77163240.000,0,-,-,-,-,2738.0000,2737.2000,2736.2000,2735.0000,2734.8000,2739.2000,2739.4000,2740.0000,2740.2000,2741.2000,3,1,1,1,1,1,1,1,1,1
SF,IH2007,2020-05-28 09:33:52.600,2738.0000,4481,0,77163240.000,0,-,-,-,-,2738.0000,2737.2000,2736.2000,2735.0000,2734.8000,2739.2000,2739.4000,2740.0000,2740.2000,2741.2000,4,1,1,1,1,1,1,1,1,1
SF,IH2007,2020-05-28 09:33:53.100,2738.0000,4481,0,77163240.000,0,-,-,-,-,2738.0000,2737.2000,2736.2000,2735.0000,2734.8000,2739.2000,2739.4000,2740.0000,2740.2000,2741.2000,2,1,1,1,1,1,1,1,1,1
SF,IH2007,2020-05-28 09:33:53.600,2738.0000,4481,0,77163240.000,0,-,-,-,-,2738.2000,2738.0000,2737.2000,2736.2000,2735.0000,2739.4000,2740.0000,2740.2000,2741.2000,2741.8000,1,2,1,1,1,1,1,1,1,2
SF,IH2007,2020-05-28 09:33:54.100,2738.0000,4481,0,77163240.000,0,-,-,-,-,2739.2000,2738.2000,2738.0000,2737.2000,2736.2000,2739.4000,2740.0000,2740.2000,2741.2000,2741.8000,2,1,2,1,1,1,1,1,1,2
SF,IH2007,2020-05-28 09:33:54.600,2739.2000,4481,0,78806760.000,2,1,1,多换,S,2738.2000,2738.0000,2737.2000,2735.0000,2734.8000,2739.4000,2740.0000,2740.2000,2741.2000,2741.8000,1,2,1,1,1,1,1,1,1,2
SF,IH2007,2020-05-28 09:33:55.100,2739.2000,4481,0,78806760.000,0,-,-,-,-,2738.2000,2738.0000,2737.2000,2735.0000,2733.8000,2739.0000,2739.2000,2739.4000,2740.0000,2740.2000,1,2,1,1,2,2,1,1,1,1
SF,IH2007,2020-05-28 09:33:55.600,2739.2000,4481,0,78806760.000,0,-,-,-,-,2738.0000,2737.2000,2736.2000,2735.0000,2733.8000,2739.0000,2739.2000,2739.4000,2740.0000,2740.2000,2,1,1,1,2,2,1,1,1,1
SF,IH2007,2020-05-28 09:33:56.600,2739.2000,4481,0,78806760.000,0,-,-,-,-,2738.2000,2738.0000,2737.2000,2736.2000,2735.0000,2739.0000,2739.2000,2739.4000,2740.0000,2740.2000,1,2,1,1,1,2,1,1,1,1
SF,IH2007,2020-05-28 09:33:57.100,2739.2000,4481,0,78806760.000,0,-,-,-,-,2738.2000,2738.0000,2737.2000,2736.8000,2736.2000,2739.2000,2739.4000,2740.0000,2740.2000,2741.2000,2,2,1,1,1,1,1,1,1,1
SF,IH2007,2020-05-28 09:33:57.600,2739.2000,4481,0,78806760.000,0,-,-,-,-,2738.4000,2738.2000,2738.0000,2737.2000,2736.8000,2739.4000,2740.0000,2740.2000,2741.2000,2741.8000,1,1,2,1,1,1,1,1,1,2
SF,IH2007,2020-05-28 09:33:59.100,2739.2000,4481,0,78806760.000,0,-,-,-,-,2738.6000,2738.2000,2738.0000,2737.2000,2736.8000,2740.0000,2740.2000,2741.2000,2741.8000,2742.0000,1,1,2,1,1,1,1,1,2,1
SF,IH2007,2020-05-28 09:33:59.600,2739.2000,4481,0,78806760.000,0,-,-,-,-,2738.2000,2738.0000,2737.2000,2736.8000,2735.0000,2740.0000,2740.2000,2741.2000,2741.8000,2742.0000,1,2,1,1,1,1,1,1,2,1
SF,IH2007,2020-05-28 09:34:00.100,2739.2000,4481,0,78806760.000,0,-,-,-,-,2738.4000,2738.2000,2738.0000,2737.2000,2736.8000,2740.0000,2740.2000,2741.2000,2741.8000,2742.0000,4,3,2,1,1,1,1,1,2,1
SF,IH2007,2020-05-28 09:34:00.600,2739.2000,4481,0,78806760.000,0,-,-,-,-,2738.4000,2738.2000,2738.0000,2737.2000,2736.8000,2740.0000,2740.2000,2741.2000,2741.8000,2742.0000,3,1,2,1,1,1,1,1,2,1
SF,IH2007,2020-05-28 09:34:01.100,2740.0000,4481,0,79628760.000,1,0,1,多换,S,2738.6000,2738.4000,2738.2000,2738.0000,2737.2000,2740.2000,2741.2000,2741.8000,2742.0000,2743.2000,1,3,1,2,1,1,1,2,1,1
SF,IH2007,2020-05-28 09:34:01.600,2740.0000,4481,0,79628760.000,0,-,-,-,-,2741.0000,2740.2000,2738.8000,2738.6000,2738.4000,2741.2000,2741.8000,2742.0000,2743.2000,2746.0000,2,1,1,2,2,1,2,1,1,1
SF,IH2007,2020-05-28 09:34:02.100,2740.2000,4481,0,82917720.000,4,2,2,多换,S,2738.8000,2738.6000,2738.4000,2738.2000,2736.8000,2741.0000,2741.2000,2741.8000,2742.0000,2743.2000,1,2,1,1,1,2,1,2,1,1
SF,IH2007,2020-05-28 09:34:02.600,2740.2000,4481,0,82917720.000,0,-,-,-,-,2739.0000,2738.8000,2738.6000,2738.2000,2736.8000,2741.0000,2741.2000,2741.8000,2742.0000,2743.2000,1,1,1,1,1,2,1,2,1,1
SF,IH2007,2020-05-28 09:34:03.100,2740.2000,4481,0,82917720.000,0,-,-,-,-,2739.2000,2739.0000,2738.6000,2738.2000,2736.8000,2740.8000,2741.0000,2741.2000,2741.8000,2742.0000,1,1,1,1,1,1,1,1,2,1
SF,IH2007,2020-05-28 09:34:03.600,2740.2000,4481,0,82917720.000,0,-,-,-,-,2739.2000,2739.0000,2738.6000,2738.2000,2736.8000,2740.8000,2741.0000,2741.2000,2741.8000,2742.0000,1,1,1,1,1,1,1,1,2,1
SF,IH2007,2020-05-28 09:34:04.600,2740.2000,4481,0,82917720.000,0,-,-,-,-,2739.2000,2739.0000,2738.6000,2736.8000,2735.0000,2740.8000,2741.0000,2741.2000,2742.0000,2743.2000,1,1,1,1,1,1,1,1,1,1
SF,IH2007,2020-05-28 09:34:05.100,2740.8000,4481,0,83739960.000,1,0,1,多换,S,2739.4000,2739.2000,2739.0000,2738.6000,2736.8000,2741.0000,2741.2000,2742.0000,2742.8000,2743.2000,1,1,1,1,1,1,1,1,2,1
SF,IH2007,2020-05-28 09:34:05.600,2740.8000,4481,0,83739960.000,0,-,-,-,-,2739.4000,2739.2000,2739.0000,2738.6000,2736.8000,2741.2000,2742.0000,2742.8000,2743.0000,2743.2000,1,1,1,1,1,1,1,2,1,1
SF,IH2007,2020-05-28 09:34:06.100,2740.8000,4481,0,83739960.000,0,-,-,-,-,2739.6000,2739.4000,2739.2000,2738.6000,2736.8000,2741.2000,2742.0000,2742.8000,2743.0000,2743.2000,1,1,1,1,1,1,1,2,1,1
SF,IH2007,2020-05-28 09:34:06.600,2740.8000,4481,0,83739960.000,0,-,-,-,-,2739.6000,2739.4000,2739.2000,2738.6000,2736.8000,2741.2000,2742.0000,2742.8000,2743.0000,2743.2000,2,1,1,1,1,1,1,2,1,1
SF,IH2007,2020-05-28 09:34:07.100,2740.8000,4481,0,83739960.000,0,-,-,-,-,2739.8000,2739.6000,2739.4000,2738.6000,2736.8000,2741.2000,2742.0000,2742.8000,2743.0000,2743.2000,2,2,1,1,1,1,1,2,1,1
SF,IH2007,2020-05-28 09:34:07.600,2740.8000,4481,0,83739960.000,0,-,-,-,-,2740.0000,2739.8000,2739.6000,2739.4000,2738.6000,2741.2000,2742.0000,2742.8000,2743.0000,2743.2000,1,2,1,1,1,1,1,2,1,1
SF,IH2007,2020-05-28 09:34:08.100,2740.8000,4481,0,83739960.000,0,-,-,-,-,2740.0000,2739.8000,2739.6000,2739.4000,2738.6000,2741.2000,2742.0000,2742.8000,2743.0000,2743.2000,1,2,1,1,1,1,1,2,1,1
SF,IH2007,2020-05-28 09:34:12.100,2740.8000,4481,0,83739960.000,0,-,-,-,-,2740.0000,2739.8000,2739.6000,2739.4000,2738.6000,2742.0000,2742.8000,2743.0000,2743.2000,2746.0000,1,2,1,1,1,1,2,1,2,1
SF,IH2007,2020-05-28 09:34:12.600,2740.8000,4481,0,83739960.000,0,-,-,-,-,2740.2000,2739.8000,2739.4000,2738.6000,2736.8000,2741.8000,2742.0000,2742.8000,2743.0000,2743.2000,1,2,1,1,1,1,1,2,1,2
SF,IH2007,2020-05-28 09:34:13.100,2740.8000,4481,0,83739960.000,0,-,-,-,-,2740.2000,2739.8000,2739.4000,2738.6000,2736.8000,2741.8000,2742.0000,2742.8000,2743.0000,2743.2000,1,1,1,1,1,1,1,2,1,2
SF,IH2007,2020-05-28 09:34:16.100,2740.2000,4481,0,84562020.000,1,0,1,多换,S,2739.8000,2739.4000,2738.6000,2736.8000,2735.0000,2740.2000,2741.8000,2742.0000,2742.8000,2743.0000,1,1,1,1,1,1,1,1,2,1
SF,IH2007,2020-05-28 09:34:16.600,2740.2000,4481,0,85384080.000,1,0,1,多换,S,2740.2000,2739.8000,2739.4000,2738.6000,2736.8000,2741.8000,2742.0000,2742.8000,2743.2000,2746.0000,1,1,1,1,1,1,1,2,2,1
SF,IH2007,2020-05-28 09:34:17.100,2740.2000,4481,0,85384080.000,0,-,-,-,-,2738.6000,2736.8000,2735.0000,2733.8000,2732.8000,2741.8000,2742.0000,2742.8000,2743.2000,2746.0000,1,1,1,2,1,1,1,2,2,1
SF,IH2007,2020-05-28 09:34:17.600,2740.2000,4481,0,85384080.000,0,-,-,-,-,2739.2000,2738.8000,2738.6000,2736.8000,2735.0000,2740.2000,2741.6000,2741.8000,2742.0000,2742.8000,1,3,1,1,1,1,1,2,1,2
SF,IH2007,2020-05-28 09:34:18.100,2740.2000,4481,0,85384080.000,0,-,-,-,-,2739.4000,2739.2000,2738.8000,2738.6000,2736.8000,2740.2000,2741.6000,2741.8000,2742.0000,2742.8000,2,1,2,1,1,1,1,1,1,2
SF,IH2007,2020-05-28 09:34:18.600,2740.2000,4481,0,85384080.000,0,-,-,-,-,2739.4000,2739.2000,2738.8000,2738.6000,2736.8000,2741.6000,2741.8000,2742.0000,2742.8000,2743.2000,2,1,2,1,1,1,1,1,2,2
SF,IH2007,2020-05-28 09:34:19.100,2740.2000,4481,0,85384080.000,0,-,-,-,-,2739.4000,2739.2000,2738.8000,2738.6000,2736.8000,2741.4000,2741.6000,2742.0000,2742.8000,2743.2000,1,1,2,1,1,2,1,1,2,2
SF,IH2007,2020-05-28 09:34:19.600,2740.2000,4481,0,85384080.000,0,-,-,-,-,2739.4000,2739.2000,2738.8000,2738.6000,2736.8000,2741.2000,2741.4000,2742.0000,2742.8000,2743.2000,1,1,2,1,1,1,2,1,2,2
SF,IH2007,2020-05-28 09:34:20.100,2740.2000,4481,0,85384080.000,0,-,-,-,-,2739.6000,2739.4000,2739.2000,2738.8000,2738.6000,2741.2000,2741.4000,2742.0000,2742.8000,2743.2000,1,1,1,2,1,1,2,1,2,2
SF,IH2007,2020-05-28 09:34:20.600,2740.2000,4481,0,85384080.000,0,-,-,-,-,2739.8000,2739.6000,2739.4000,2739.2000,2738.8000,2741.2000,2741.4000,2742.0000,2742.8000,2743.2000,2,1,1,1,2,1,2,1,2,2
SF,IH2007,2020-05-28 09:34:21.100,2740.2000,4481,0,85384080.000,0,-,-,-,-,2739.8000,2739.4000,2739.2000,2738.8000,2738.6000,2741.2000,2741.4000,2742.0000,2742.8000,2743.2000,2,1,1,2,1,1,2,1,2,2
SF,IH2007,2020-05-28 09:34:21.600,2739.8000,4480,-1,86206020.000,1,0,1,双平,S,2739.8000,2739.4000,2739.2000,2738.8000,2738.6000,2741.2000,2741.4000,2742.0000,2742.8000,2743.2000,1,1,1,2,1,1,1,1,2,2
SF,IH2007,2020-05-28 09:34:26.600,2739.8000,4480,0,86206020.000,0,-,-,-,-,2740.0000,2739.4000,2739.2000,2738.8000,2738.6000,2741.2000,2741.4000,2742.0000,2742.8000,2743.2000,3,1,1,2,1,1,1,1,2,2
SF,IH2007,2020-05-28 09:34:27.100,2739.8000,4480,0,86206020.000,0,-,-,-,-,2740.0000,2739.4000,2739.2000,2738.8000,2738.6000,2741.4000,2742.0000,2742.8000,2743.2000,2746.0000,4,1,1,2,1,1,1,2,2,1
SF,IH2007,2020-05-28 09:34:27.600,2739.8000,4480,0,86206020.000,0,-,-,-,-,2740.2000,2740.0000,2739.4000,2739.2000,2738.8000,2741.4000,2742.0000,2742.8000,2743.2000,2746.0000,1,3,1,1,2,1,1,2,2,1
SF,IH2007,2020-05-28 09:34:28.100,2739.8000,4480,0,86206020.000,0,-,-,-,-,2740.2000,2740.0000,2739.4000,2739.2000,2738.8000,2741.4000,2742.0000,2742.8000,2743.2000,2746.0000,2,2,1,1,2,1,1,2,2,1
SF,IH2007,2020-05-28 09:34:28.600,2739.8000,4480,0,86206020.000,0,-,-,-,-,2740.2000,2740.0000,2739.4000,2739.2000,2738.8000,2741.4000,2742.0000,2742.8000,2743.2000,2746.0000,1,2,1,1,2,1,1,2,2,1
SF,IH2007,2020-05-28 09:34:35.100,2739.8000,4480,0,86206020.000,0,-,-,-,-,2740.0000,2739.4000,2739.2000,2738.8000,2738.6000,2741.4000,2741.6000,2742.0000,2742.8000,2743.2000,2,1,1,2,1,1,1,1,2,2
SF,IH2007,2020-05-28 09:34:36.600,2739.8000,4480,0,86206020.000,0,-,-,-,-,2740.2000,2740.0000,2739.4000,2739.2000,2738.8000,2741.4000,2741.6000,2742.0000,2742.8000,2743.2000,1,2,1,1,2,1,1,1,2,2
SF,IH2007,2020-05-28 09:34:37.100,2739.8000,4480,0,86206020.000,0,-,-,-,-,2740.0000,2739.4000,2739.2000,2738.8000,2738.6000,2741.2000,2741.4000,2741.6000,2742.0000,2742.8000,2,1,1,2,1,1,1,1,1,2
SF,IH2007,2020-05-28 09:34:38.600,2741.2000,4480,0,87028380.000,1,0,1,多换,S,2741.2000,2740.2000,2740.0000,2739.4000,2739.2000,2741.4000,2741.6000,2742.0000,2742.8000,2743.2000,1,1,2,1,1,1,1,1,2,2
SF,IH2007,2020-05-28 09:34:39.100,2741.2000,4480,0,87028380.000,0,-,-,-,-,2740.2000,2740.0000,2739.4000,2739.2000,2738.8000,2741.2000,2741.6000,2742.0000,2742.8000,2743.2000,1,2,1,1,2,3,1,1,2,2
SF,IH2007,2020-05-28 09:34:39.600,2741.2000,4480,0,89495460.000,3,1,2,多换,S,2741.2000,2740.4000,2740.2000,2740.0000,2739.2000,2741.6000,2742.0000,2742.8000,2743.2000,2746.0000,1,2,1,2,1,1,1,2,2,1
SF,IH2007,2020-05-28 09:34:40.100,2741.4000,4481,1,91140360.000,2,1,1,空开,S,2740.4000,2740.2000,2740.0000,2739.2000,2738.8000,2742.0000,2742.8000,2743.2000,2746.0000,2747.8000,1,2,2,1,2,1,2,2,1,1
SF,IH2007,2020-05-28 09:34:40.600,2741.4000,4481,0,91140360.000,0,-,-,-,-,2740.4000,2740.2000,2740.0000,2739.4000,2739.2000,2742.0000,2742.8000,2743.2000,2746.0000,2747.8000,1,1,2,1,1,1,2,2,1,1
SF,IH2007,2020-05-28 09:34:41.100,2741.4000,4481,0,91140360.000,0,-,-,-,-,2740.4000,2740.2000,2740.0000,2739.4000,2739.2000,2741.8000,2742.0000,2742.8000,2743.2000,2746.0000,1,1,2,1,1,1,1,2,2,1
SF,IH2007,2020-05-28 09:34:41.600,2741.4000,4481,0,91140360.000,0,-,-,-,-,2740.6000,2740.4000,2740.2000,2740.0000,2739.4000,2741.8000,2742.0000,2743.2000,2746.0000,2747.8000,1,1,1,2,1,1,1,2,1,1
SF,IH2007,2020-05-28 09:34:42.100,2741.4000,4481,0,91140360.000,0,-,-,-,-,2740.4000,2740.2000,2740.0000,2739.4000,2738.8000,2742.0000,2743.2000,2746.0000,2747.8000,2748.0000,1,1,2,1,2,1,2,1,1,1
SF,IH2007,2020-05-28 09:34:42.600,2741.4000,4481,0,91140360.000,0,-,-,-,-,2740.4000,2740.2000,2739.4000,2738.8000,2738.4000,2742.0000,2743.2000,2746.0000,2747.8000,2748.0000,1,1,1,2,1,1,2,1,1,1
SF,IH2007,2020-05-28 09:34:43.600,2741.4000,4481,0,91140360.000,0,-,-,-,-,2740.4000,2740.2000,2739.4000,2738.8000,2738.4000,2741.8000,2742.0000,2743.2000,2746.0000,2747.8000,1,1,1,2,1,1,1,2,1,1
SF,IH2007,2020-05-28 09:34:44.600,2740.4000,4480,-1,91962480.000,1,0,1,双平,S,2740.2000,2739.4000,2738.8000,2738.4000,2735.0000,2742.0000,2743.2000,2746.0000,2747.8000,2748.0000,1,1,2,1,1,1,2,1,1,1
SF,IH2007,2020-05-28 09:34:45.100,2740.4000,4480,0,91962480.000,0,-,-,-,-,2740.6000,2740.4000,2740.2000,2739.4000,2738.8000,2741.8000,2742.0000,2743.2000,2746.0000,2747.8000,2,1,2,1,2,2,1,2,1,1
SF,IH2007,2020-05-28 09:34:45.600,2740.4000,4480,0,91962480.000,0,-,-,-,-,2740.6000,2740.4000,2740.2000,2739.4000,2738.8000,2741.8000,2742.0000,2743.2000,2746.0000,2747.8000,2,1,2,1,2,1,1,2,1,1
SF,IH2007,2020-05-28 09:34:47.600,2740.6000,4480,0,92784660.000,1,0,1,多换,S,2740.6000,2740.4000,2740.2000,2739.4000,2738.8000,2741.8000,2742.0000,2743.2000,2746.0000,2747.8000,1,1,2,1,2,1,1,2,1,1
SF,IH2007,2020-05-28 09:34:49.100,2740.6000,4480,0,92784660.000,0,-,-,-,-,2740.8000,2740.6000,2740.4000,2740.2000,2739.4000,2741.8000,2742.0000,2743.2000,2746.0000,2747.8000,1,1,1,2,1,1,1,2,1,1
SF,IH2007,2020-05-28 09:34:49.600,2740.6000,4480,0,92784660.000,0,-,-,-,-,2740.8000,2740.6000,2740.4000,2740.2000,2739.4000,2741.8000,2742.0000,2743.2000,2746.0000,2747.8000,1,1,1,2,1,1,1,2,1,1
SF,IH2007,2020-05-28 09:34:51.600,2740.6000,4480,0,92784660.000,0,-,-,-,-,2741.0000,2740.8000,2740.4000,2740.2000,2739.4000,2741.8000,2742.0000,2743.2000,2746.0000,2747.8000,1,1,1,2,1,1,1,2,1,1
SF,IH2007,2020-05-28 09:34:53.100,2741.8000,4479,-1,93607200.000,1,0,1,双平,S,2741.0000,2740.8000,2740.4000,2740.2000,2739.4000,2742.0000,2743.2000,2746.0000,2747.8000,2748.0000,1,1,1,2,1,1,2,1,1,1
SF,IH2007,2020-05-28 09:34:53.600,2741.8000,4479,0,93607200.000,0,-,-,-,-,2741.0000,2740.8000,2740.4000,2740.2000,2739.4000,2742.0000,2743.2000,2746.0000,2747.8000,2748.0000,1,1,1,2,1,1,2,1,1,1
SF,IH2007,2020-05-28 09:34:54.600,2741.8000,4479,0,93607200.000,0,-,-,-,-,2741.2000,2741.0000,2740.4000,2740.2000,2739.4000,2742.0000,2743.2000,2746.0000,2747.8000,2748.0000,1,1,1,2,1,1,2,1,1,1
SF,IH2007,2020-05-28 09:34:57.100,2742.0000,4479,0,94429800.000,1,0,1,多换,S,2742.0000,2741.4000,2741.2000,2740.4000,2740.2000,2743.2000,2746.0000,2747.8000,2748.0000,2751.2000,1,1,1,1,2,2,1,1,1,5
SF,IH2007,2020-05-28 09:34:57.600,2742.0000,4481,2,96075000.000,2,2,0,双开,S,2742.0000,2741.4000,2741.2000,2740.4000,2740.2000,2743.2000,2746.0000,2747.8000,2748.0000,2751.2000,2,1,1,1,2,2,1,1,1,5
SF,IH2007,2020-05-28 09:34:58.100,2742.0000,4482,1,97720200.000,2,1,1,空开,S,2741.2000,2740.4000,2740.2000,2738.8000,2736.0000,2743.0000,2743.2000,2746.0000,2747.8000,2748.0000,1,1,2,2,5,1,2,1,1,1
SF,IH2007,2020-05-28 09:34:58.600,2742.0000,4482,0,97720200.000,0,-,-,-,-,2741.4000,2741.2000,2740.4000,2740.2000,2738.8000,2742.8000,2743.0000,2743.2000,2746.0000,2747.8000,1,1,1,2,2,1,1,2,1,1
SF,IH2007,2020-05-28 09:34:59.600,2742.0000,4482,0,97720200.000,0,-,-,-,-,2741.4000,2741.2000,2740.2000,2738.8000,2736.0000,2742.8000,2743.0000,2743.2000,2746.0000,2747.8000,1,1,1,2,5,1,1,2,1,1
SF,IH2007,2020-05-28 09:35:00.100,2742.0000,4482,0,97720200.000,0,-,-,-,-,2742.0000,2741.8000,2741.4000,2741.2000,2740.2000,2742.8000,2743.0000,2743.2000,2746.0000,2747.8000,1,1,1,1,1,1,1,2,1,1
SF,IH2007,2020-05-28 09:35:00.600,2742.0000,4482,0,97720200.000,0,-,-,-,-,2741.6000,2741.4000,2740.2000,2736.0000,2735.0000,2743.0000,2743.2000,2746.0000,2747.8000,2748.0000,1,1,1,5,1,1,2,1,1,1
SF,IH2007,2020-05-28 09:35:01.100,2743.0000,4482,0,98543100.000,1,0,1,多换,S,2742.0000,2741.8000,2741.6000,2741.4000,2740.2000,2743.2000,2746.0000,2747.8000,2748.0000,2751.2000,1,2,2,1,1,2,1,1,1,5
SF,IH2007,2020-05-28 09:35:01.600,2743.0000,4482,0,98543100.000,0,-,-,-,-,2742.2000,2742.0000,2741.8000,2741.6000,2740.2000,2743.0000,2743.2000,2746.0000,2747.8000,2748.0000,1,1,2,2,1,1,2,1,1,1
SF,IH2007,2020-05-28 09:35:02.100,2743.0000,4482,0,99366000.000,1,0,1,多换,S,2742.2000,2742.0000,2741.8000,2741.6000,2740.2000,2743.2000,2746.0000,2747.8000,2748.0000,2751.2000,3,1,1,2,1,2,1,1,1,5
SF,IH2007,2020-05-28 09:35:02.600,2743.2000,4482,0,101011920.000,2,1,1,多换,S,2743.2000,2743.0000,2742.6000,2742.4000,2742.2000,2746.0000,2747.8000,2748.0000,2753.4000,2754.0000,2,2,1,2,2,1,1,1,1,2
SF,IH2007,2020-05-28 09:35:03.100,2743.2000,4483,1,101834880.000,1,1,0,双开,S,2743.0000,2742.4000,2742.0000,2736.0000,2735.0000,2743.2000,2744.8000,2745.8000,2746.0000,2747.8000,1,1,1,5,1,1,1,4,1,1
SF,IH2007,2020-05-28 09:35:03.600,2743.0000,4482,-1,102657780.000,1,0,1,双平,S,2742.4000,2742.0000,2736.0000,2735.0000,2733.8000,2743.0000,2743.2000,2744.8000,2745.4000,2745.8000,1,1,5,1,2,2,1,1,1,7
SF,IH2007,2020-05-28 09:35:04.100,2743.0000,4483,1,103480680.000,1,1,0,双开,S,2742.2000,2742.0000,2736.0000,2735.0000,2733.8000,2743.0000,2743.2000,2744.2000,2744.8000,2745.4000,1,1,5,1,2,1,1,1,1,1
SF,IH2007,2020-05-28 09:35:04.600,2743.0000,4484,1,104303580.000,1,1,0,双开,S,2742.2000,2742.0000,2736.0000,2735.0000,2733.8000,2743.2000,2744.2000,2744.8000,2745.0000,2745.4000,1,1,5,1,2,1,1,1,1,1
SF,IH2007,2020-05-28 09:35:05.100,2743.0000,4484,0,104303580.000,0,-,-,-,-,2742.4000,2742.2000,2742.0000,2736.0000,2735.0000,2743.2000,2744.2000,2744.8000,2745.0000,2745.4000,1,1,1,5,1,1,1,1,1,1
SF,IH2007,2020-05-28 09:35:05.600,2743.2000,4485,1,105126540.000,1,1,0,双开,S,2743.2000,2742.8000,2742.6000,2742.4000,2742.2000,2744.2000,2744.8000,2745.0000,2745.4000,2745.8000,1,1,2,1,1,1,1,1,1,5
SF,IH2007,2020-05-28 09:35:06.100,2743.2000,4485,0,105126540.000,0,-,-,-,-,2743.2000,2742.8000,2742.6000,2742.2000,2742.0000,2744.0000,2744.2000,2744.8000,2745.0000,2745.4000,1,1,2,1,1,2,1,1,1,1
SF,IH2007,2020-05-28 09:35:06.600,2743.2000,4485,0,105126540.000,0,-,-,-,-,2743.4000,2743.2000,2742.8000,2742.6000,2742.2000,2744.0000,2744.2000,2744.8000,2745.0000,2745.4000,1,1,1,2,1,2,1,1,1,1
SF,IH2007,2020-05-28 09:35:07.100,2743.2000,4485,0,105126540.000,0,-,-,-,-,2743.4000,2742.8000,2742.6000,2742.2000,2742.0000,2744.0000,2744.2000,2744.8000,2745.0000,2745.4000,1,1,2,1,1,2,1,1,1,1
SF,IH2007,2020-05-28 09:35:07.600,2743.4000,4485,0,105949560.000,1,0,1,多换,S,2742.8000,2742.6000,2742.2000,2742.0000,2736.0000,2743.4000,2744.0000,2744.2000,2744.8000,2745.0000,1,2,1,1,5,1,2,1,1,1
SF,IH2007,2020-05-28 09:35:08.100,2743.4000,4485,0,105949560.000,0,-,-,-,-,2742.8000,2742.6000,2742.0000,2741.8000,2736.0000,2743.4000,2744.0000,2744.2000,2744.8000,2745.0000,1,2,1,1,5,1,2,1,1,1
SF,IH2007,2020-05-28 09:35:08.600,2744.0000,4486,1,107595780.000,2,1,1,空开,S,2743.4000,2742.8000,2742.6000,2741.8000,2736.0000,2744.0000,2744.2000,2744.8000,2745.0000,2745.4000,3,1,2,1,5,1,1,1,1,1
SF,IH2007,2020-05-28 09:35:09.100,2744.0000,4486,0,107595780.000,0,-,-,-,-,2743.4000,2742.8000,2742.6000,2741.8000,2736.0000,2744.2000,2745.0000,2745.4000,2745.6000,2745.8000,2,1,2,1,5,1,1,1,1,5
SF,IH2007,2020-05-28 09:35:09.600,2743.4000,4485,-1,109241820.000,2,0,2,多平,S,2742.8000,2742.6000,2741.8000,2736.0000,2735.0000,2744.2000,2745.0000,2745.4000,2745.6000,2745.8000,1,2,1,5,1,1,1,1,1,5
SF,IH2007,2020-05-28 09:35:10.100,2743.4000,4485,0,109241820.000,0,-,-,-,-,2743.2000,2742.8000,2742.6000,2741.8000,2736.0000,2744.2000,2745.0000,2745.4000,2745.6000,2745.8000,1,1,2,1,5,1,1,1,1,5
SF,IH2007,2020-05-28 09:35:10.600,2743.4000,4485,0,109241820.000,0,-,-,-,-,2743.2000,2742.8000,2742.6000,2741.8000,2736.0000,2744.2000,2745.0000,2745.4000,2745.6000,2745.8000,2,1,2,1,5,1,1,1,1,5
SF,IH2007,2020-05-28 09:35:12.100,2743.4000,4485,0,109241820.000,0,-,-,-,-,2743.4000,2743.2000,2742.8000,2742.6000,2741.8000,2744.2000,2745.0000,2745.4000,2745.6000,2745.8000,1,2,1,2,1,1,1,1,1,5
SF,IH2007,2020-05-28 09:35:14.100,2743.4000,4485,0,109241820.000,0,-,-,-,-,2743.4000,2743.2000,2742.8000,2742.6000,2741.8000,2745.0000,2745.4000,2745.6000,2745.8000,2746.0000,1,2,1,2,1,1,1,1,5,1
SF,IH2007,2020-05-28 09:35:14.600,2743.4000,4485,0,109241820.000,0,-,-,-,-,2743.4000,2743.2000,2742.8000,2742.6000,2741.8000,2745.0000,2745.4000,2745.6000,2745.8000,2746.0000,1,2,1,2,1,1,1,1,5,1
SF,IH2007,2020-05-28 09:35:15.100,2743.4000,4485,0,109241820.000,0,-,-,-,-,2743.4000,2743.2000,2742.8000,2742.6000,2741.8000,2745.0000,2745.6000,2745.8000,2746.0000,2746.2000,1,2,1,2,1,1,1,3,1,1
SF,IH2007,2020-05-28 09:35:15.600,2743.4000,4485,0,109241820.000,0,-,-,-,-,2744.0000,2743.6000,2743.4000,2743.2000,2742.8000,2745.0000,2745.6000,2745.8000,2746.0000,2746.2000,1,1,1,1,1,1,1,3,1,1
SF,IH2007,2020-05-28 09:35:16.100,2744.0000,4485,0,110065020.000,1,0,1,多换,S,2744.0000,2743.6000,2743.4000,2743.2000,2742.8000,2745.0000,2745.6000,2745.8000,2746.0000,2746.2000,1,1,1,1,1,1,1,3,1,1
SF,IH2007,2020-05-28 09:35:16.600,2744.0000,4485,0,110065020.000,0,-,-,-,-,2744.2000,2744.0000,2743.6000,2743.4000,2743.2000,2745.0000,2745.6000,2745.8000,2746.0000,2746.2000,1,1,1,1,1,1,1,3,1,1
SF,IH2007,2020-05-28 09:35:17.100,2744.0000,4485,0,110065020.000,0,-,-,-,-,2744.2000,2744.0000,2743.4000,2742.6000,2741.8000,2745.6000,2745.8000,2746.0000,2746.2000,2747.0000,2,1,1,2,1,1,3,1,1,1
SF,IH2007,2020-05-28 09:35:17.600,2744.2000,4485,0,110888280.000,1,0,1,多换,S,2745.0000,2744.4000,2744.0000,2743.4000,2736.0000,2745.6000,2745.8000,2746.0000,2746.2000,2747.0000,2,2,1,1,5,1,1,2,1,1
SF,IH2007,2020-05-28 09:35:18.100,2745.0000,4486,1,111711780.000,1,1,0,双开,S,2744.6000,2744.4000,2744.0000,2743.4000,2736.0000,2745.6000,2746.0000,2746.2000,2747.0000,2747.8000,1,1,1,1,5,1,2,1,1,1
SF,IH2007,2020-05-28 09:35:18.600,2744.8000,4486,0,112535220.000,1,0,1,多换,S,2744.8000,2744.6000,2744.4000,2744.0000,2736.0000,2745.6000,2746.0000,2746.2000,2747.0000,2747.8000,1,2,1,1,5,1,2,1,1,1
SF,IH2007,2020-05-28 09:35:19.100,2744.8000,4486,0,112535220.000,0,-,-,-,-,2744.8000,2744.6000,2744.4000,2736.0000,2735.0000,2745.6000,2746.0000,2746.2000,2747.0000,2747.8000,1,2,1,5,1,1,2,1,1,1
SF,IH2007,2020-05-28 09:35:19.600,2744.8000,4486,0,112535220.000,0,-,-,-,-,2744.8000,2744.6000,2744.4000,2736.0000,2735.0000,2745.6000,2746.0000,2746.2000,2747.0000,2747.8000,1,1,1,5,1,1,2,1,1,1
SF,IH2007,2020-05-28 09:35:20.100,2744.8000,4486,0,112535220.000,0,-,-,-,-,2744.8000,2744.4000,2736.0000,2735.0000,2733.8000,2745.6000,2746.0000,2746.2000,2747.0000,2747.8000,1,1,5,1,2,1,2,1,1,1
SF,IH2007,2020-05-28 09:35:20.600,2744.8000,4486,0,112535220.000,0,-,-,-,-,2745.6000,2745.0000,2744.6000,2744.4000,2736.0000,2746.0000,2746.2000,2747.0000,2747.8000,2748.0000,1,1,1,2,5,2,1,1,1,1
SF,IH2007,2020-05-28 09:35:21.100,2745.6000,4486,0,113358900.000,1,0,1,多换,S,2745.0000,2744.6000,2744.4000,2736.0000,2735.0000,2746.0000,2746.2000,2747.0000,2747.8000,2748.0000,1,1,2,5,1,2,1,1,1,1
SF,IH2007,2020-05-28 09:35:21.600,2746.0000,4486,0,114182700.000,1,0,1,多换,S,2745.0000,2744.6000,2744.4000,2736.0000,2735.0000,2746.0000,2746.2000,2747.0000,2747.8000,2748.0000,1,1,2,5,1,1,1,1,1,1
SF,IH2007,2020-05-28 09:35:22.100,2746.0000,4486,0,114182700.000,0,-,-,-,-,2745.0000,2744.6000,2744.4000,2743.6000,2735.0000,2746.0000,2746.2000,2747.0000,2747.8000,2748.0000,1,1,1,5,1,1,1,1,1,2
SF,IH2007,2020-05-28 09:35:22.600,2746.0000,4486,0,114182700.000,0,-,-,-,-,2745.0000,2744.6000,2744.4000,2743.6000,2735.0000,2746.0000,2746.2000,2747.0000,2747.8000,2748.0000,1,1,1,5,1,1,1,1,1,2
SF,IH2007,2020-05-28 09:35:23.100,2746.0000,4487,1,115006500.000,1,1,0,双开,S,2745.2000,2745.0000,2744.6000,2744.4000,2743.6000,2747.0000,2747.8000,2748.0000,2753.4000,2754.0000,2,1,1,1,5,1,1,2,1,2
SF,IH2007,2020-05-28 09:35:23.600,2746.0000,4487,0,115006500.000,0,-,-,-,-,2745.2000,2745.0000,2744.4000,2743.6000,2735.0000,2746.8000,2747.0000,2747.8000,2748.0000,2749.0000,2,1,1,5,1,1,1,1,2,1
SF,IH2007,2020-05-28 09:35:27.100,2746.0000,4487,0,115006500.000,0,-,-,-,-,2745.2000,2745.0000,2744.4000,2743.6000,2735.0000,2746.8000,2747.0000,2747.8000,2748.0000,2749.0000,2,2,1,5,1,1,1,1,2,1
SF,IH2007,2020-05-28 09:35:27.600,2746.8000,4487,0,115830540.000,1,0,1,多换,S,2746.8000,2746.2000,2746.0000,2745.8000,2745.4000,2747.0000,2747.8000,2748.0000,2749.0000,2753.4000,2,1,1,1,2,1,1,2,1,1
SF,IH2007,2020-05-28 09:35:28.100,2746.8000,4489,2,117478620.000,2,2,0,双开,S,2746.0000,2745.8000,2745.4000,2745.2000,2745.0000,2747.8000,2748.0000,2749.0000,2753.4000,2754.0000,1,1,2,2,2,1,2,1,1,2
SF,IH2007,2020-05-28 09:35:28.600,2746.8000,4489,0,117478620.000,0,-,-,-,-,2746.2000,2745.4000,2745.2000,2745.0000,2739.8000,2746.8000,2747.6000,2747.8000,2748.0000,2749.0000,1,2,2,2,5,2,3,1,2,1
SF,IH2007,2020-05-28 09:35:29.100,2746.8000,4489,0,117478620.000,0,-,-,-,-,2746.8000,2746.4000,2745.4000,2745.0000,2739.8000,2747.6000,2747.8000,2748.0000,2749.0000,2752.0000,2,1,2,1,5,1,1,2,1,1
SF,IH2007,2020-05-28 09:35:29.600,2746.8000,4489,0,118302660.000,1,0,1,多换,S,2746.8000,2745.4000,2745.0000,2739.8000,2733.8000,2747.0000,2747.6000,2747.8000,2748.0000,2749.0000,1,2,1,5,2,1,1,1,2,1
SF,IH2007,2020-05-28 09:35:30.100,2746.8000,4489,0,119126700.000,1,0,1,多换,S,2745.4000,2745.0000,2739.8000,2733.8000,2732.8000,2747.0000,2747.6000,2747.8000,2748.0000,2749.0000,2,1,5,2,1,1,1,1,2,1
SF,IH2007,2020-05-28 09:35:30.600,2746.8000,4489,0,119126700.000,0,-,-,-,-,2746.4000,2746.2000,2746.0000,2745.4000,2745.0000,2747.0000,2747.6000,2747.8000,2748.0000,2749.0000,1,2,1,1,1,1,1,1,2,1
SF,IH2007,2020-05-28 09:35:31.100,2747.0000,4489,0,119950800.000,1,0,1,多换,S,2747.0000,2746.4000,2746.2000,2746.0000,2745.6000,2747.6000,2747.8000,2748.0000,2749.0000,2752.0000,1,1,2,1,1,1,1,2,1,1
SF,IH2007,2020-05-28 09:35:31.600,2747.0000,4489,0,119950800.000,0,-,-,-,-,2746.4000,2746.2000,2746.0000,2745.6000,2745.4000,2747.0000,2747.6000,2747.8000,2748.0000,2749.0000,1,2,1,1,1,1,1,1,2,1
SF,IH2007,2020-05-28 09:35:32.100,2747.0000,4490,1,121599000.000,2,1,1,空开,S,2746.4000,2746.2000,2746.0000,2745.6000,2745.4000,2747.6000,2747.8000,2748.0000,2749.0000,2752.0000,1,2,1,1,1,1,1,2,1,1
SF,IH2007,2020-05-28 09:35:32.600,2747.0000,4490,0,121599000.000,0,-,-,-,-,2747.6000,2747.0000,2746.6000,2746.4000,2746.2000,2747.8000,2748.0000,2749.0000,2752.0000,2753.4000,1,1,1,1,2,1,2,1,1,1
SF,IH2007,2020-05-28 09:35:33.100,2747.6000,4491,1,122423280.000,1,1,0,双开,S,2746.6000,2746.4000,2746.2000,2745.0000,2739.8000,2747.8000,2748.0000,2749.0000,2752.0000,2753.4000,1,1,2,1,5,1,2,1,1,1
SF,IH2007,2020-05-28 09:35:34.600,2747.6000,4491,0,122423280.000,0,-,-,-,-,2746.6000,2746.4000,2746.2000,2745.0000,2739.8000,2747.8000,2748.0000,2749.0000,2752.0000,2753.4000,1,1,2,1,5,2,2,1,1,1
SF,IH2007,2020-05-28 09:35:35.100,2746.2000,4492,1,124895040.000,3,2,1,空开,S,2745.0000,2739.8000,2733.8000,2732.8000,2732.2000,2746.4000,2747.6000,2747.8000,2748.0000,2749.0000,1,5,2,1,1,1,1,3,2,1
SF,IH2007,2020-05-28 09:35:35.600,2746.4000,4493,1,125718960.000,1,1,0,双开,S,2745.8000,2745.6000,2745.2000,2745.0000,2739.8000,2747.6000,2747.8000,2748.0000,2749.4000,2752.0000,1,2,1,1,5,1,1,2,1,1
SF,IH2007,2020-05-28 09:35:36.100,2746.4000,4493,0,125718960.000,0,-,-,-,-,2746.0000,2745.8000,2745.6000,2745.2000,2745.0000,2747.4000,2747.6000,2747.8000,2748.0000,2749.4000,1,1,1,1,1,2,1,1,2,1
SF,IH2007,2020-05-28 09:35:36.600,2746.4000,4493,0,125718960.000,0,-,-,-,-,2746.0000,2745.0000,2739.8000,2733.8000,2732.8000,2747.2000,2747.8000,2748.0000,2749.4000,2752.0000,1,1,5,2,1,3,1,2,1,1
SF,IH2007,2020-05-28 09:35:37.100,2746.4000,4493,0,125718960.000,0,-,-,-,-,2745.0000,2739.8000,2733.8000,2732.8000,2732.2000,2746.0000,2747.2000,2747.8000,2748.0000,2749.4000,1,5,2,1,1,1,3,1,2,1
SF,IH2007,2020-05-28 09:35:37.600,2746.0000,4494,1,126542760.000,1,1,0,双开,S,2745.6000,2745.4000,2745.0000,2739.8000,2733.8000,2747.2000,2747.8000,2748.0000,2752.0000,2753.4000,1,2,1,5,2,1,1,2,1,1
SF,IH2007,2020-05-28 09:35:38.100,2746.0000,4494,0,126542760.000,0,-,-,-,-,2745.0000,2739.8000,2733.8000,2732.8000,2732.2000,2747.2000,2747.8000,2748.0000,2752.0000,2753.4000,1,5,2,1,1,2,1,2,1,1
SF,IH2007,2020-05-28 09:35:38.600,2746.0000,4494,0,126542760.000,0,-,-,-,-,2745.2000,2745.0000,2739.8000,2733.8000,2732.8000,2747.2000,2747.8000,2748.0000,2752.0000,2753.4000,1,1,5,2,1,2,1,2,1,1
SF,IH2007,2020-05-28 09:35:39.100,2746.0000,4494,0,126542760.000,0,-,-,-,-,2745.8000,2745.4000,2745.2000,2745.0000,2739.8000,2747.2000,2747.8000,2748.0000,2752.0000,2753.4000,1,3,1,1,5,1,1,2,1,1
SF,IH2007,2020-05-28 09:35:39.600,2746.0000,4494,0,126542760.000,0,-,-,-,-,2745.8000,2745.4000,2745.2000,2745.0000,2739.8000,2747.0000,2747.2000,2747.8000,2748.0000,2752.0000,1,3,1,1,5,1,1,1,2,1
SF,IH2007,2020-05-28 09:35:40.100,2746.0000,4494,0,126542760.000,0,-,-,-,-,2745.4000,2745.2000,2745.0000,2739.8000,2733.8000,2747.0000,2747.2000,2747.8000,2748.0000,2752.0000,2,1,1,5,2,2,1,1,2,1
SF,IH2007,2020-05-28 09:35:40.600,2746.0000,4494,0,126542760.000,0,-,-,-,-,2745.0000,2739.8000,2733.8000,2732.8000,2732.2000,2746.8000,2747.0000,2747.8000,2748.0000,2752.0000,1,5,2,1,1,1,2,1,2,1
SF,IH2007,2020-05-28 09:35:41.100,2746.0000,4494,0,126542760.000,0,-,-,-,-,2745.0000,2739.8000,2733.8000,2732.8000,2732.2000,2746.6000,2746.8000,2747.8000,2748.0000,2752.0000,1,5,2,1,1,2,1,1,2,1
SF,IH2007,2020-05-28 09:35:41.600,2746.0000,4494,0,126542760.000,0,-,-,-,-,2745.2000,2745.0000,2739.8000,2733.8000,2732.8000,2746.4000,2746.6000,2747.8000,2748.0000,2752.0000,1,1,5,2,1,1,2,1,2,1
SF,IH2007,2020-05-28 09:35:42.100,2746.0000,4494,0,126542760.000,0,-,-,-,-,2745.0000,2739.8000,2733.8000,2732.8000,2732.2000,2746.4000,2746.6000,2747.8000,2748.0000,2752.0000,1,5,2,1,1,1,2,1,2,1
SF,IH2007,2020-05-28 09:35:43.100,2746.0000,4494,0,126542760.000,0,-,-,-,-,2745.0000,2739.8000,2733.8000,2732.8000,2732.2000,2746.4000,2747.0000,2747.8000,2748.0000,2752.0000,1,5,2,1,1,1,7,1,2,1
SF,IH2007,2020-05-28 09:35:43.600,2746.0000,4494,0,126542760.000,0,-,-,-,-,2745.2000,2745.0000,2739.8000,2733.8000,2732.8000,2746.4000,2747.0000,2747.8000,2748.0000,2752.0000,2,1,5,2,1,1,7,1,2,1
SF,IH2007,2020-05-28 09:35:45.600,2746.0000,4494,0,126542760.000,0,-,-,-,-,2745.4000,2745.2000,2745.0000,2739.8000,2733.8000,2746.4000,2747.0000,2747.8000,2748.0000,2752.0000,1,2,1,5,2,1,7,1,2,1
SF,IH2007,2020-05-28 09:35:47.600,2746.0000,4494,0,126542760.000,0,-,-,-,-,2745.4000,2745.2000,2745.0000,2739.8000,2733.8000,2746.4000,2747.0000,2747.8000,2748.0000,2752.0000,1,1,1,5,2,1,7,1,2,1
SF,IH2007,2020-05-28 09:35:48.100,2746.0000,4494,0,126542760.000,0,-,-,-,-,2745.4000,2745.2000,2745.0000,2739.8000,2733.8000,2747.0000,2747.8000,2748.0000,2752.0000,2753.4000,1,1,1,5,2,7,1,2,1,1
SF,IH2007,2020-05-28 09:35:48.600,2746.0000,4494,0,126542760.000,0,-,-,-,-,2746.4000,2745.6000,2745.4000,2745.2000,2745.0000,2747.0000,2747.8000,2748.0000,2749.0000,2752.0000,2,4,1,1,1,7,1,2,1,1
SF,IH2007,2020-05-28 09:35:49.100,2746.4000,4496,2,128190600.000,2,2,0,双开,S,2745.6000,2745.4000,2745.2000,2745.0000,2739.8000,2747.0000,2747.8000,2748.0000,2749.0000,2752.0000,3,1,1,1,5,7,1,2,1,1
SF,IH2007,2020-05-28 09:35:50.100,2746.4000,4496,0,128190600.000,0,-,-,-,-,2745.8000,2745.6000,2745.2000,2745.0000,2739.8000,2747.0000,2747.8000,2748.0000,2749.0000,2752.0000,1,3,1,1,5,7,1,2,1,1
SF,IH2007,2020-05-28 09:35:51.600,2746.4000,4496,0,128190600.000,0,-,-,-,-,2745.8000,2745.6000,2745.2000,2745.0000,2739.8000,2747.0000,2747.8000,2748.0000,2749.0000,2753.4000,1,3,1,1,5,7,1,2,1,1
SF,IH2007,2020-05-28 09:35:52.100,2746.4000,4496,0,128190600.000,0,-,-,-,-,2745.6000,2745.2000,2745.0000,2739.8000,2733.8000,2747.0000,2747.8000,2748.0000,2749.0000,2753.4000,3,1,1,5,2,7,2,2,1,1
SF,IH2007,2020-05-28 09:35:52.600,2746.4000,4496,0,128190600.000,0,-,-,-,-,2745.6000,2745.2000,2745.0000,2739.8000,2733.8000,2747.0000,2747.8000,2748.0000,2749.0000,2753.4000,1,1,1,5,2,8,2,2,1,1
SF,IH2007,2020-05-28 09:35:53.100,2746.4000,4496,0,128190600.000,0,-,-,-,-,2745.6000,2745.2000,2745.0000,2739.8000,2733.8000,2746.8000,2747.0000,2747.8000,2748.0000,2749.0000,1,1,1,5,2,2,7,2,2,1
SF,IH2007,2020-05-28 09:35:57.100,2746.4000,4496,0,128190600.000,0,-,-,-,-,2745.2000,2745.0000,2739.8000,2733.8000,2732.8000,2746.8000,2747.0000,2747.8000,2748.0000,2749.0000,1,1,5,2,1,2,7,2,2,1
SF,IH2007,2020-05-28 09:35:57.600,2746.4000,4496,0,128190600.000,0,-,-,-,-,2745.6000,2745.0000,2739.8000,2733.8000,2732.8000,2746.6000,2746.8000,2747.0000,2747.8000,2748.0000,1,1,5,2,1,1,2,7,2,2
SF,IH2007,2020-05-28 09:35:58.100,2745.6000,4496,0,129014280.000,1,0,1,多换,S,2745.0000,2739.8000,2733.8000,2732.8000,2732.2000,2746.4000,2746.6000,2747.0000,2747.8000,2748.0000,1,5,2,1,1,2,1,7,2,2
SF,IH2007,2020-05-28 09:35:58.600,2745.6000,4496,0,129014280.000,0,-,-,-,-,2745.0000,2739.8000,2733.8000,2732.8000,2732.2000,2746.2000,2746.4000,2747.0000,2747.8000,2748.0000,1,5,2,1,1,1,2,7,2,2
SF,IH2007,2020-05-28 09:35:59.600,2745.0000,4496,0,129837780.000,1,0,1,多换,S,2739.8000,2733.8000,2732.8000,2732.2000,2730.8000,2746.2000,2746.4000,2747.0000,2747.8000,2748.0000,5,2,1,1,1,1,2,7,2,2
SF,IH2007,2020-05-28 09:36:00.100,2745.0000,4496,0,129837780.000,0,-,-,-,-,2744.4000,2744.2000,2743.8000,2740.0000,2739.8000,2746.2000,2747.0000,2747.8000,2748.0000,2748.4000,1,3,1,4,9,1,7,2,2,1
SF,IH2007,2020-05-28 09:36:00.600,2745.0000,4496,0,129837780.000,0,-,-,-,-,2744.6000,2744.4000,2744.2000,2743.8000,2740.0000,2746.0000,2746.2000,2747.0000,2747.8000,2748.0000,1,1,2,1,5,2,1,7,2,2
SF,IH2007,2020-05-28 09:36:01.100,2745.0000,4496,0,129837780.000,0,-,-,-,-,2744.6000,2744.4000,2744.2000,2743.8000,2740.0000,2746.0000,2746.2000,2746.6000,2747.0000,2747.8000,1,1,2,1,5,2,1,1,7,2
SF,IH2007,2020-05-28 09:36:01.600,2745.0000,4496,0,129837780.000,0,-,-,-,-,2745.0000,2744.6000,2744.4000,2744.2000,2743.8000,2746.0000,2746.2000,2746.6000,2747.0000,2747.8000,1,1,1,2,1,2,1,1,7,2
SF,IH2007,2020-05-28 09:36:02.100,2745.0000,4496,0,129837780.000,0,-,-,-,-,2745.0000,2744.6000,2744.4000,2744.2000,2743.8000,2746.2000,2746.6000,2747.0000,2747.8000,2748.0000,1,1,1,2,1,1,1,7,2,2
SF,IH2007,2020-05-28 09:36:02.600,2745.0000,4496,0,129837780.000,0,-,-,-,-,2745.0000,2744.6000,2744.4000,2744.2000,2743.8000,2745.8000,2746.2000,2746.6000,2747.0000,2747.8000,1,1,1,2,1,1,1,1,7,2
SF,IH2007,2020-05-28 09:36:03.100,2745.0000,4496,0,129837780.000,0,-,-,-,-,2745.0000,2744.4000,2744.2000,2743.8000,2740.0000,2745.8000,2746.2000,2746.6000,2747.0000,2747.8000,1,1,2,1,3,1,1,1,7,2
SF,IH2007,2020-05-28 09:36:03.600,2745.0000,4496,0,129837780.000,0,-,-,-,-,2745.0000,2744.4000,2744.2000,2743.8000,2740.4000,2746.2000,2746.6000,2747.0000,2747.8000,2748.0000,1,1,2,1,3,1,1,7,2,2
SF,IH2007,2020-05-28 09:36:04.600,2745.0000,4496,0,129837780.000,0,-,-,-,-,2745.0000,2744.4000,2744.2000,2743.8000,2740.4000,2746.2000,2746.6000,2747.0000,2747.8000,2748.0000,1,1,2,1,6,2,1,7,2,2
SF,IH2007,2020-05-28 09:36:05.600,2745.0000,4496,0,129837780.000,0,-,-,-,-,2745.0000,2744.4000,2744.2000,2743.8000,2740.4000,2746.2000,2746.6000,2747.0000,2747.8000,2748.0000,2,1,2,1,6,2,1,7,2,2
SF,IH2007,2020-05-28 09:36:08.100,2745.0000,4496,0,131484780.000,2,1,1,多换,S,2744.4000,2744.2000,2743.8000,2740.4000,2740.0000,2746.2000,2746.6000,2747.0000,2747.8000,2748.0000,1,2,1,6,3,2,1,7,2,2
SF,IH2007,2020-05-28 09:36:08.600,2745.0000,4496,0,131484780.000,0,-,-,-,-,2744.6000,2744.4000,2744.2000,2743.8000,2740.4000,2745.0000,2746.2000,2746.6000,2747.0000,2747.8000,1,1,1,1,6,2,2,1,7,2
SF,IH2007,2020-05-28 09:36:09.100,2745.0000,4498,2,133131780.000,2,2,0,双开,S,2744.4000,2744.2000,2743.8000,2740.4000,2740.0000,2746.2000,2746.6000,2747.0000,2747.8000,2748.0000,1,1,1,6,3,1,1,7,2,1
SF,IH2007,2020-05-28 09:36:09.600,2745.0000,4498,0,133131780.000,0,-,-,-,-,2740.4000,2740.0000,2739.8000,2732.8000,2732.2000,2746.0000,2746.2000,2746.6000,2747.0000,2747.8000,6,3,5,1,1,2,1,1,7,2
SF,IH2007,2020-05-28 09:36:10.100,2745.0000,4498,0,133131780.000,0,-,-,-,-,2744.0000,2743.8000,2743.4000,2740.6000,2740.4000,2746.6000,2747.0000,2747.8000,2748.0000,2748.4000,1,2,1,3,6,1,7,2,1,1
SF,IH2007,2020-05-28 09:36:10.600,2745.0000,4498,0,133131780.000,0,-,-,-,-,2744.0000,2743.8000,2743.4000,2740.6000,2740.4000,2746.4000,2746.6000,2747.0000,2747.8000,2748.0000,1,1,1,3,6,3,1,7,2,1
SF,IH2007,2020-05-28 09:36:11.600,2745.0000,4498,0,133131780.000,0,-,-,-,-,2744.0000,2743.8000,2743.4000,2742.6000,2740.6000,2746.4000,2746.6000,2747.0000,2747.8000,2748.0000,1,1,1,2,3,3,1,7,2,1
SF,IH2007,2020-05-28 09:36:12.100,2745.0000,4498,0,133131780.000,0,-,-,-,-,2744.0000,2743.8000,2743.4000,2740.6000,2740.4000,2746.4000,2746.6000,2747.0000,2747.8000,2748.0000,1,1,1,3,6,3,1,7,2,1
SF,IH2007,2020-05-28 09:36:12.600,2745.0000,4498,0,133131780.000,0,-,-,-,-,2744.0000,2743.8000,2743.4000,2740.6000,2740.4000,2746.2000,2746.4000,2746.6000,2747.0000,2747.8000,1,1,1,3,6,3,1,1,7,1
SF,IH2007,2020-05-28 09:36:13.100,2744.0000,4497,-1,133954980.000,1,0,1,双平,S,2740.6000,2740.4000,2739.8000,2732.8000,2732.2000,2746.0000,2746.2000,2746.6000,2747.0000,2747.8000,3,6,5,1,1,4,3,1,7,1
SF,IH2007,2020-05-28 09:36:13.600,2744.0000,4497,0,133954980.000,0,-,-,-,-,2742.8000,2742.4000,2740.6000,2740.4000,2739.8000,2746.0000,2746.2000,2746.6000,2747.0000,2747.8000,1,2,2,3,5,2,2,1,7,1
SF,IH2007,2020-05-28 09:36:14.100,2744.0000,4497,0,133954980.000,0,-,-,-,-,2743.0000,2742.8000,2742.4000,2740.6000,2740.4000,2745.8000,2746.0000,2746.2000,2746.6000,2747.0000,1,1,2,1,3,1,2,2,1,7
SF,IH2007,2020-05-28 09:36:14.600,2744.0000,4497,0,133954980.000,0,-,-,-,-,2742.8000,2742.4000,2741.4000,2740.6000,2739.8000,2745.6000,2745.8000,2746.0000,2746.2000,2746.6000,1,2,3,1,5,3,2,1,1,1
SF,IH2007,2020-05-28 09:36:15.100,2744.0000,4497,0,133954980.000,0,-,-,-,-,2743.0000,2742.8000,2742.4000,2741.4000,2740.6000,2745.6000,2745.8000,2746.0000,2746.2000,2746.6000,1,1,2,3,1,3,1,1,1,1
SF,IH2007,2020-05-28 09:36:15.600,2744.0000,4497,0,133954980.000,0,-,-,-,-,2743.0000,2742.8000,2742.4000,2741.4000,2740.6000,2745.4000,2745.6000,2745.8000,2746.0000,2746.2000,1,1,2,3,1,2,1,1,1,1
SF,IH2007,2020-05-28 09:36:16.100,2743.0000,4497,0,134777880.000,1,0,1,多换,S,2742.8000,2742.4000,2741.4000,2740.6000,2739.8000,2743.0000,2745.2000,2745.4000,2745.8000,2746.0000,1,2,3,1,5,1,1,2,1,1
SF,IH2007,2020-05-28 09:36:16.600,2743.0000,4498,1,137246580.000,3,2,1,空开,S,2743.0000,2741.4000,2740.6000,2739.8000,2732.8000,2745.2000,2745.8000,2746.0000,2746.2000,2746.6000,3,3,1,5,1,2,1,1,1,1
SF,IH2007,2020-05-28 09:36:17.100,2743.0000,4498,0,137246580.000,0,-,-,-,-,2743.0000,2740.6000,2739.8000,2732.8000,2732.2000,2745.0000,2745.2000,2745.8000,2746.0000,2746.2000,3,1,5,1,1,2,2,1,1,1
SF,IH2007,2020-05-28 09:36:17.600,2743.0000,4500,2,138892380.000,2,2,0,双开,S,2740.6000,2739.8000,2732.8000,2732.2000,2730.8000,2743.0000,2744.8000,2745.0000,2745.8000,2746.0000,1,5,1,1,1,4,1,2,1,1
SF,IH2007,2020-05-28 09:36:18.100,2743.0000,4501,1,141361080.000,3,2,1,空开,S,2742.6000,2742.4000,2742.2000,2740.8000,2739.8000,2744.8000,2745.8000,2746.0000,2746.2000,2746.6000,1,1,2,1,5,1,1,1,1,1
