市场代码,合约代码,时间,最新,持仓,增仓,成交额,成交量,开仓,平仓,成交类型,方向,买一价,买二价,买三价,买四价,买五价,卖一价,卖二价,卖三价,卖四价,卖五价,买一量,买二量,买三量,买四量,买五量,卖一量,卖二量,卖三量,卖四量,卖五量
SF,IH2012,2020-09-15 09:29:00.100,3247.8000,26039,0,3897360.000,4.000,-,-,-,-,3247.6000,3247.4000,3247.0000,3246.8000,3242.2000,3248.8000,3249.0000,3249.4000,3250.8000,3251.0000,6,6,6,6,3,1,1,1,1,1
SF,IH2012,2020-09-15 09:30:00.100,3247.6000,26037,-2,5845920.000,2,0,2,双平,S,3247.6000,3247.4000,3247.0000,3246.8000,3242.2000,3248.0000,3248.4000,3248.8000,3249.0000,3249.4000,4,6,6,6,3,1,5,1,1,1
SF,IH2012,2020-09-15 09:30:00.600,3249.0000,26020,-17,24358620.000,19,1,18,多平,S,3249.0000,3248.2000,3246.0000,3242.2000,3240.2000,3249.4000,3250.8000,3251.0000,3252.0000,3253.0000,2,2,1,3,3,1,1,1,2,2
SF,IH2012,2020-09-15 09:30:01.100,3246.0000,26014,-6,30205500.000,6,0,6,双平,S,3242.2000,3240.2000,3240.0000,3238.8000,3238.0000,3246.6000,3246.8000,3247.0000,3247.2000,3247.4000,3,3,3,1,3,2,1,3,1,1
SF,IH2012,2020-09-15 09:30:01.600,3243.2000,26014,0,31178460.000,1,0,1,多换,S,3243.2000,3242.8000,3242.6000,3242.4000,3242.2000,3246.2000,3246.4000,3247.4000,3247.6000,3248.4000,1,4,4,1,3,3,1,1,3,2
SF,IH2012,2020-09-15 09:30:02.100,3243.2000,26013,-1,32151420.000,1,0,1,双平,S,3243.4000,3242.8000,3242.6000,3242.4000,3242.2000,3246.0000,3246.2000,3247.4000,3247.6000,3247.8000,6,2,1,3,3,1,1,1,3,2
SF,IH2012,2020-09-15 09:30:02.600,3245.8000,26012,-1,33125160.000,1,0,1,双平,S,3243.4000,3242.8000,3242.6000,3242.4000,3242.2000,3246.0000,3246.2000,3247.0000,3247.4000,3247.6000,6,1,1,3,3,1,1,2,1,3
SF,IH2012,2020-09-15 09:30:03.100,3246.0000,26011,-1,34098960.000,1,0,1,双平,S,3244.0000,3243.4000,3242.8000,3242.6000,3242.4000,3245.0000,3246.2000,3247.4000,3247.6000,3248.4000,1,6,1,1,3,2,1,1,3,1
SF,IH2012,2020-09-15 09:30:03.600,3246.2000,26009,-2,37019940.000,3,0,3,多平,S,3246.0000,3245.0000,3244.0000,3243.4000,3242.8000,3247.4000,3247.6000,3248.4000,3248.6000,3249.4000,1,5,1,5,1,1,3,1,1,1
SF,IH2012,2020-09-15 09:30:04.100,3245.0000,26008,-1,40915080.000,4,1,3,多平,S,3245.0000,3244.0000,3243.4000,3242.8000,3242.6000,3246.6000,3246.8000,3247.0000,3247.2000,3247.4000,4,1,4,1,1,1,1,6,1,2
SF,IH2012,2020-09-15 09:30:04.600,3245.0000,26007,-1,46756740.000,6,2,4,多平,S,3245.6000,3243.4000,3242.8000,3242.6000,3242.2000,3247.0000,3247.2000,3247.4000,3247.6000,3248.6000,1,4,1,1,3,5,1,2,3,1
SF,IH2012,2020-09-15 09:30:05.100,3247.0000,26006,-1,52600620.000,6,2,4,多平,S,3246.8000,3245.0000,3243.4000,3242.8000,3242.2000,3247.0000,3247.2000,3247.4000,3247.6000,3248.6000,1,1,1,1,3,2,1,2,3,1
SF,IH2012,2020-09-15 09:30:05.600,3246.8000,26006,0,53574660.000,1,0,1,多换,S,3245.0000,3243.4000,3242.8000,3242.2000,3240.6000,3246.6000,3246.8000,3247.0000,3247.2000,3247.4000,1,1,1,3,1,2,1,2,1,2
SF,IH2012,2020-09-15 09:30:06.100,3246.8000,26006,0,53574660.000,0,-,-,-,-,3245.2000,3245.0000,3243.4000,3242.8000,3242.2000,3247.0000,3247.2000,3247.4000,3247.6000,3248.6000,1,1,1,1,3,2,1,2,3,1
SF,IH2012,2020-09-15 09:30:06.600,3245.0000,26004,-2,56495340.000,3,0,3,多平,S,3243.4000,3242.8000,3242.2000,3240.6000,3240.2000,3245.0000,3246.8000,3247.0000,3247.2000,3247.4000,1,1,3,1,3,1,1,4,1,2
SF,IH2012,2020-09-15 09:30:07.100,3246.8000,26003,-1,58442880.000,2,0,2,多平,S,3243.6000,3243.4000,3242.8000,3242.4000,3242.2000,3247.0000,3247.2000,3247.4000,3247.6000,3248.6000,6,1,1,1,3,4,1,2,3,1
SF,IH2012,2020-09-15 09:30:07.600,3246.8000,26003,0,58442880.000,0,-,-,-,-,3244.4000,3244.0000,3243.8000,3243.6000,3243.4000,3246.4000,3247.0000,3247.2000,3247.4000,3247.6000,5,1,2,4,1,1,3,1,2,3
SF,IH2012,2020-09-15 09:30:08.100,3247.0000,26003,0,60391020.000,2,1,1,多换,S,3244.6000,3244.4000,3244.0000,3243.8000,3243.6000,3247.0000,3247.2000,3247.4000,3247.6000,3248.6000,1,5,1,1,3,2,1,2,3,1
SF,IH2012,2020-09-15 09:30:08.600,3247.0000,26003,0,60391020.000,0,-,-,-,-,3244.8000,3244.6000,3244.4000,3244.0000,3243.8000,3247.0000,3247.2000,3247.4000,3248.6000,3249.4000,1,1,5,1,1,2,1,2,1,1
SF,IH2012,2020-09-15 09:30:09.100,3247.0000,26003,0,62339220.000,2,1,1,多换,S,3245.0000,3244.8000,3244.4000,3244.0000,3243.8000,3247.2000,3247.4000,3248.6000,3249.4000,3249.8000,1,1,5,1,1,1,2,1,1,1
SF,IH2012,2020-09-15 09:30:09.600,3247.0000,26003,0,62339220.000,0,-,-,-,-,3245.0000,3244.4000,3244.0000,3243.8000,3243.6000,3247.2000,3247.4000,3248.6000,3249.4000,3249.6000,1,5,1,1,3,1,2,1,1,1
SF,IH2012,2020-09-15 09:30:10.100,3245.2000,26003,0,63312780.000,1,0,1,多换,S,3245.2000,3245.0000,3244.4000,3244.0000,3243.8000,3247.0000,3247.2000,3247.4000,3248.6000,3249.4000,1,1,5,1,1,2,1,2,1,1
SF,IH2012,2020-09-15 09:30:10.600,3245.2000,26002,-1,64286340.000,1,0,1,双平,S,3245.4000,3245.2000,3244.4000,3244.0000,3243.8000,3246.8000,3247.0000,3247.4000,3248.6000,3249.4000,1,1,5,1,1,2,2,1,1,1
SF,IH2012,2020-09-15 09:30:11.100,3245.2000,26001,-1,66233520.000,2,0,2,多平,S,3244.4000,3243.8000,3243.6000,3243.4000,3242.8000,3246.6000,3246.8000,3247.0000,3247.4000,3248.6000,5,1,3,1,1,1,2,2,1,1
SF,IH2012,2020-09-15 09:30:11.600,3246.4000,26000,-1,67207440.000,1,0,1,双平,S,3244.4000,3243.8000,3243.6000,3243.4000,3242.8000,3245.2000,3246.4000,3246.8000,3247.0000,3247.4000,5,1,3,1,1,3,1,2,2,1
SF,IH2012,2020-09-15 09:30:12.100,3244.4000,25997,-3,71101560.000,4,0,4,多平,S,3245.2000,3245.0000,3244.4000,3243.6000,3243.4000,3246.4000,3246.8000,3247.0000,3247.4000,3248.6000,4,1,4,3,1,2,2,2,1,1
SF,IH2012,2020-09-15 09:30:12.600,3244.4000,25997,0,71101560.000,0,-,-,-,-,3245.2000,3245.0000,3244.4000,3243.6000,3243.4000,3246.8000,3247.0000,3247.4000,3248.6000,3249.4000,4,2,4,3,1,2,2,1,1,1
SF,IH2012,2020-09-15 09:30:13.100,3246.8000,25998,1,74996940.000,4,2,2,空开,S,3246.8000,3245.2000,3245.0000,3244.4000,3243.6000,3247.0000,3247.4000,3248.6000,3249.4000,3249.6000,20,3,1,4,3,1,1,1,1,1
SF,IH2012,2020-09-15 09:30:13.600,3245.2000,25998,0,95451300.000,21,10,11,多换,S,3245.2000,3245.0000,3244.4000,3243.6000,3243.4000,3247.0000,3247.4000,3248.6000,3249.4000,3249.6000,2,1,4,1,1,3,1,1,1,1
SF,IH2012,2020-09-15 09:30:14.100,3245.2000,25995,-3,98371980.000,3,0,3,双平,S,3245.2000,3245.0000,3244.4000,3243.6000,3243.4000,3246.4000,3246.6000,3246.8000,3247.0000,3247.4000,2,1,4,1,1,1,1,2,2,1
SF,IH2012,2020-09-15 09:30:14.600,3245.2000,25995,0,100319100.000,2,1,1,多换,S,3245.0000,3244.4000,3243.6000,3243.4000,3242.4000,3246.4000,3246.6000,3246.8000,3247.0000,3247.4000,1,4,1,1,5,1,1,1,2,1
SF,IH2012,2020-09-15 09:30:15.100,3246.4000,25995,0,102266880.000,2,1,1,多换,S,3246.4000,3245.0000,3244.4000,3243.6000,3243.4000,3246.6000,3246.8000,3247.0000,3247.4000,3248.6000,3,1,4,1,1,1,1,2,1,1
SF,IH2012,2020-09-15 09:30:15.600,3246.4000,25995,0,110058240.000,8,4,4,多换,S,3245.0000,3244.4000,3243.6000,3243.4000,3242.4000,3246.6000,3247.0000,3247.4000,3248.6000,3249.4000,1,4,1,1,5,1,2,1,1,1
SF,IH2012,2020-09-15 09:30:16.600,3246.6000,25995,0,112979640.000,3,1,2,多换,S,3246.6000,3244.4000,3243.6000,3243.4000,3242.4000,3247.0000,3247.4000,3248.6000,3249.4000,3249.6000,3,4,1,1,5,2,1,1,1,1
SF,IH2012,2020-09-15 09:30:17.100,3246.6000,25995,0,116875560.000,4,2,2,多换,S,3246.6000,3244.4000,3243.6000,3243.4000,3242.4000,3246.8000,3247.0000,3247.4000,3248.6000,3249.0000,3,4,1,1,5,1,3,1,1,1
SF,IH2012,2020-09-15 09:30:17.600,3246.8000,25991,-4,123693780.000,7,1,6,多平,S,3244.4000,3243.6000,3243.4000,3243.0000,3242.4000,3247.0000,3247.4000,3248.6000,3249.0000,3249.4000,4,1,1,1,5,1,1,1,1,1
SF,IH2012,2020-09-15 09:30:18.100,3246.8000,25991,0,123693780.000,0,-,-,-,-,3244.4000,3243.6000,3243.4000,3243.0000,3242.4000,3246.8000,3247.0000,3247.4000,3248.6000,3249.0000,4,1,1,1,5,1,1,1,1,1
SF,IH2012,2020-09-15 09:30:18.600,3246.8000,25991,0,123693780.000,0,-,-,-,-,3244.6000,3244.4000,3243.6000,3243.4000,3243.0000,3246.4000,3246.8000,3247.0000,3247.4000,3248.6000,2,4,1,1,1,1,1,1,1,1
SF,IH2012,2020-09-15 09:30:19.100,3246.4000,25990,-1,125641620.000,2,0,2,多平,S,3246.4000,3246.0000,3244.8000,3244.6000,3244.4000,3247.0000,3247.4000,3248.6000,3249.0000,3249.4000,1,1,1,2,4,1,1,1,1,1
SF,IH2012,2020-09-15 09:30:19.600,3247.0000,25991,1,127589820.000,2,1,1,空开,S,3247.0000,3246.0000,3244.4000,3243.6000,3243.4000,3247.4000,3248.6000,3249.0000,3249.4000,3249.6000,1,1,4,1,1,1,1,1,1,1
SF,IH2012,2020-09-15 09:30:20.100,3246.0000,25990,-1,129537720.000,2,0,2,多平,S,3244.4000,3243.6000,3243.4000,3243.0000,3242.4000,3246.8000,3247.2000,3247.4000,3248.6000,3249.0000,4,1,1,1,5,1,1,2,1,1
SF,IH2012,2020-09-15 09:30:20.600,3246.0000,25990,0,129537720.000,0,-,-,-,-,3244.6000,3244.4000,3243.6000,3243.4000,3243.0000,3246.4000,3246.6000,3247.2000,3247.4000,3248.6000,2,4,1,1,1,1,1,1,2,1
SF,IH2012,2020-09-15 09:30:21.100,3246.0000,25990,0,130511520.000,1,0,1,多换,S,3244.8000,3244.6000,3244.4000,3243.6000,3243.4000,3246.2000,3247.2000,3247.4000,3248.6000,3249.0000,1,2,4,1,1,1,1,2,1,1
SF,IH2012,2020-09-15 09:30:21.600,3244.6000,25988,-2,134405640.000,4,1,3,多平,S,3244.4000,3243.6000,3243.4000,3243.0000,3242.4000,3244.6000,3247.2000,3247.4000,3248.6000,3249.0000,4,1,1,1,5,1,1,2,1,1
SF,IH2012,2020-09-15 09:30:22.100,3244.6000,25987,-1,135379020.000,1,0,1,双平,S,3246.6000,3244.6000,3244.4000,3243.6000,3243.4000,3247.2000,3247.4000,3248.6000,3249.0000,3249.4000,1,2,4,1,1,1,2,1,1,1
SF,IH2012,2020-09-15 09:30:22.600,3247.0000,25986,-1,137327040.000,2,0,2,多平,S,3246.2000,3244.6000,3244.4000,3243.6000,3243.4000,3246.6000,3247.2000,3247.4000,3248.6000,3249.0000,1,1,4,1,1,1,1,2,1,1
SF,IH2012,2020-09-15 09:30:23.100,3247.0000,25986,0,137327040.000,0,-,-,-,-,3246.2000,3244.6000,3244.4000,3243.6000,3243.4000,3246.6000,3247.2000,3247.4000,3248.6000,3249.0000,1,1,4,1,1,1,1,2,1,1
SF,IH2012,2020-09-15 09:30:23.600,3246.2000,25985,-1,138300900.000,1,0,1,双平,S,3244.6000,3244.4000,3243.6000,3243.4000,3243.0000,3246.6000,3247.2000,3247.4000,3248.6000,3249.0000,1,4,1,1,1,1,1,2,1,1
SF,IH2012,2020-09-15 09:30:24.100,3246.6000,25985,0,139274880.000,1,0,1,多换,S,3246.6000,3244.8000,3244.6000,3244.4000,3243.6000,3247.2000,3247.4000,3248.6000,3249.0000,3249.4000,4,3,1,4,1,1,2,1,1,1
SF,IH2012,2020-09-15 09:30:24.600,3246.6000,25985,0,143170800.000,4,2,2,多换,S,3244.8000,3244.6000,3244.4000,3243.6000,3243.4000,3247.2000,3247.4000,3248.6000,3249.0000,3249.4000,1,1,4,1,1,1,2,1,1,1
SF,IH2012,2020-09-15 09:30:25.100,3246.6000,25985,0,143170800.000,0,-,-,-,-,3245.0000,3244.8000,3244.6000,3244.4000,3243.6000,3247.2000,3247.4000,3248.6000,3249.0000,3249.4000,5,1,1,4,1,1,2,1,1,1
SF,IH2012,2020-09-15 09:30:25.600,3246.6000,25985,0,143170800.000,0,-,-,-,-,3245.2000,3245.0000,3244.6000,3244.4000,3243.6000,3246.8000,3247.2000,3247.4000,3248.6000,3249.0000,1,4,1,4,1,2,1,2,1,1
SF,IH2012,2020-09-15 09:30:26.100,3246.6000,25985,0,143170800.000,0,-,-,-,-,3245.2000,3244.6000,3244.4000,3243.6000,3243.4000,3246.6000,3246.8000,3247.2000,3247.4000,3248.6000,1,1,4,1,1,1,2,1,2,1
SF,IH2012,2020-09-15 09:30:26.600,3246.6000,25985,0,143170800.000,0,-,-,-,-,3245.4000,3245.2000,3244.6000,3244.4000,3243.6000,3246.6000,3246.8000,3247.2000,3247.4000,3248.6000,1,1,1,4,1,1,2,1,2,1
SF,IH2012,2020-09-15 09:30:27.100,3246.6000,25985,0,143170800.000,0,-,-,-,-,3245.2000,3244.6000,3244.4000,3243.6000,3243.4000,3246.6000,3247.2000,3247.4000,3248.6000,3249.0000,1,1,4,1,1,1,1,2,1,1
SF,IH2012,2020-09-15 09:30:28.100,3246.6000,25985,0,143170800.000,0,-,-,-,-,3245.2000,3244.6000,3244.4000,3243.6000,3243.4000,3246.6000,3246.8000,3247.2000,3247.4000,3248.6000,1,1,4,1,1,1,1,1,2,1
SF,IH2012,2020-09-15 09:30:28.600,3246.6000,25985,0,143170800.000,0,-,-,-,-,3245.2000,3244.6000,3244.4000,3243.6000,3243.4000,3246.6000,3246.8000,3247.2000,3247.4000,3247.8000,1,1,4,1,1,1,1,1,2,1
SF,IH2012,2020-09-15 09:30:30.600,3245.2000,25985,0,146092320.000,3,1,2,多换,S,3244.6000,3244.4000,3243.6000,3243.4000,3243.0000,3245.2000,3246.8000,3247.2000,3247.4000,3247.8000,1,4,1,1,1,3,1,1,2,1
SF,IH2012,2020-09-15 09:30:31.100,3245.2000,25982,-3,149013000.000,3,0,3,双平,S,3245.6000,3245.2000,3244.6000,3244.4000,3243.6000,3246.8000,3247.2000,3247.4000,3247.8000,3248.6000,2,2,1,4,1,1,1,2,1,1
SF,IH2012,2020-09-15 09:30:31.600,3245.2000,25982,0,149013000.000,0,-,-,-,-,3244.6000,3244.4000,3243.0000,3242.4000,3242.2000,3246.4000,3246.6000,3246.8000,3247.2000,3247.4000,1,4,1,5,3,2,1,1,1,2
SF,IH2012,2020-09-15 09:30:32.100,3244.6000,25981,-1,149986380.000,1,0,1,双平,S,3244.4000,3243.0000,3242.4000,3242.2000,3242.0000,3246.2000,3246.4000,3246.8000,3247.2000,3247.4000,4,1,5,3,2,2,2,1,1,2
SF,IH2012,2020-09-15 09:30:32.600,3244.6000,25981,0,149986380.000,0,-,-,-,-,3244.4000,3243.0000,3242.4000,3242.2000,3242.0000,3246.2000,3246.8000,3247.0000,3247.2000,3247.4000,4,1,5,3,2,2,1,1,1,2
SF,IH2012,2020-09-15 09:30:33.100,3245.8000,25981,0,150960120.000,1,0,1,多换,S,3244.4000,3243.0000,3242.4000,3242.2000,3242.0000,3245.8000,3246.2000,3246.8000,3247.0000,3247.2000,4,1,5,3,2,1,2,1,1,1
SF,IH2012,2020-09-15 09:30:33.600,3245.8000,25981,0,150960120.000,0,-,-,-,-,3244.4000,3243.0000,3242.4000,3242.2000,3242.0000,3245.8000,3246.2000,3246.8000,3247.0000,3247.2000,4,1,5,3,2,1,1,1,1,1
SF,IH2012,2020-09-15 09:30:34.100,3245.8000,25981,0,150960120.000,0,-,-,-,-,3244.4000,3243.0000,3242.4000,3242.2000,3242.0000,3245.2000,3245.4000,3246.2000,3246.8000,3247.0000,4,1,5,3,2,1,1,1,1,1
SF,IH2012,2020-09-15 09:30:34.600,3245.8000,25981,0,151933860.000,1,0,1,多换,S,3244.4000,3243.0000,3242.4000,3242.2000,3242.0000,3245.4000,3246.2000,3246.8000,3247.0000,3247.2000,4,1,5,3,2,1,1,1,1,1
SF,IH2012,2020-09-15 09:30:35.100,3245.8000,25981,0,151933860.000,0,-,-,-,-,3244.4000,3243.0000,3242.4000,3242.2000,3242.0000,3245.4000,3246.2000,3246.8000,3247.0000,3247.2000,4,1,5,3,2,1,1,1,1,1
SF,IH2012,2020-09-15 09:30:35.600,3245.8000,25981,0,151933860.000,0,-,-,-,-,3245.0000,3244.4000,3243.0000,3242.4000,3242.2000,3245.4000,3246.2000,3246.8000,3247.0000,3247.2000,1,4,1,5,3,1,1,1,1,1
SF,IH2012,2020-09-15 09:30:36.100,3245.0000,25980,-1,152907360.000,1,0,1,双平,S,3244.4000,3244.0000,3243.0000,3242.4000,3242.2000,3245.4000,3246.8000,3247.0000,3247.2000,3247.4000,4,1,1,5,3,1,1,1,1,2
SF,IH2012,2020-09-15 09:30:37.600,3245.0000,25980,0,152907360.000,0,-,-,-,-,3244.4000,3244.0000,3243.0000,3242.4000,3242.2000,3245.4000,3246.8000,3247.0000,3247.2000,3247.4000,4,1,1,5,3,1,1,1,1,2
SF,IH2012,2020-09-15 09:30:38.100,3244.4000,25980,0,153880680.000,1,0,1,多换,S,3244.8000,3244.4000,3244.0000,3243.0000,3242.4000,3245.4000,3246.8000,3247.0000,3247.2000,3247.4000,1,3,1,1,5,1,1,1,1,2
SF,IH2012,2020-09-15 09:30:38.600,3245.4000,25980,0,155827740.000,2,1,1,多换,S,3244.4000,3244.0000,3243.0000,3242.4000,3242.2000,3244.6000,3246.8000,3247.0000,3247.2000,3247.4000,3,1,1,5,3,1,1,1,1,2
SF,IH2012,2020-09-15 09:30:39.100,3244.6000,25977,-3,159721200.000,4,0,4,多平,S,3244.4000,3244.0000,3243.0000,3242.4000,3242.2000,3246.8000,3247.0000,3247.2000,3247.4000,3247.8000,2,1,1,5,3,1,1,1,2,1
SF,IH2012,2020-09-15 09:30:39.600,3244.6000,25977,0,159721200.000,0,-,-,-,-,3244.4000,3244.0000,3243.0000,3242.4000,3242.2000,3246.4000,3246.6000,3246.8000,3247.0000,3247.2000,2,1,1,5,3,1,2,1,1,1
SF,IH2012,2020-09-15 09:30:40.100,3244.4000,25978,1,160694520.000,1,1,0,双开,S,3244.4000,3244.0000,3243.0000,3242.4000,3242.2000,3245.4000,3246.2000,3246.4000,3246.6000,3246.8000,1,1,1,5,3,1,5,1,1,1
SF,IH2012,2020-09-15 09:30:40.600,3244.4000,25979,1,161667840.000,1,1,0,双开,S,3244.0000,3243.0000,3242.4000,3242.2000,3240.6000,3244.2000,3245.0000,3245.4000,3246.2000,3246.6000,1,1,5,3,1,1,1,1,4,1
SF,IH2012,2020-09-15 09:30:41.100,3244.4000,25979,0,162641160.000,1,0,1,多换,S,3244.4000,3244.0000,3243.0000,3242.4000,3242.2000,3245.0000,3246.2000,3246.6000,3246.8000,3247.0000,2,2,1,5,3,1,2,1,1,1
SF,IH2012,2020-09-15 09:30:41.600,3244.4000,25979,0,162641160.000,0,-,-,-,-,3244.4000,3244.0000,3243.0000,3242.4000,3242.2000,3244.8000,3245.0000,3246.2000,3246.6000,3246.8000,2,2,1,5,3,1,1,2,1,1
SF,IH2012,2020-09-15 09:30:42.100,3245.0000,25976,-3,166534740.000,4,0,4,多平,S,3244.0000,3243.0000,3242.4000,3242.2000,3240.6000,3244.2000,3246.2000,3246.6000,3246.8000,3247.0000,2,1,5,3,1,1,2,1,1,1
SF,IH2012,2020-09-15 09:30:42.600,3244.2000,25975,-1,167508000.000,1,0,1,双平,S,3244.2000,3244.0000,3243.0000,3242.4000,3242.2000,3246.2000,3246.6000,3246.8000,3247.0000,3247.4000,1,2,1,5,3,2,1,1,1,1
SF,IH2012,2020-09-15 09:30:43.100,3244.0000,25973,-2,171400920.000,4,1,3,多平,S,3243.0000,3242.4000,3242.2000,3240.6000,3240.2000,3244.2000,3246.0000,3246.2000,3246.8000,3247.0000,1,5,3,1,3,1,3,2,1,1
SF,IH2012,2020-09-15 09:30:43.600,3244.6000,25971,-2,174320520.000,3,0,3,多平,S,3244.2000,3243.2000,3243.0000,3242.4000,3242.2000,3246.0000,3246.2000,3246.8000,3247.0000,3247.4000,1,3,1,5,3,2,2,1,1,1
SF,IH2012,2020-09-15 09:30:44.100,3246.0000,25973,2,178215300.000,4,3,1,空开,S,3246.0000,3244.4000,3243.2000,3243.0000,3242.4000,3246.2000,3246.8000,3247.0000,3247.4000,3247.8000,4,1,2,1,5,1,1,1,1,1
SF,IH2012,2020-09-15 09:30:44.600,3246.0000,25973,0,182110500.000,4,2,2,多换,S,3244.4000,3243.0000,3242.4000,3242.2000,3240.6000,3245.8000,3246.0000,3246.2000,3246.8000,3247.0000,1,1,5,3,1,1,1,1,1,1
SF,IH2012,2020-09-15 09:30:45.100,3244.4000,25973,0,183083820.000,1,0,1,多换,S,3243.0000,3242.4000,3242.2000,3240.6000,3240.2000,3243.8000,3244.8000,3245.2000,3245.6000,3245.8000,1,5,3,1,3,1,1,1,3,1
SF,IH2012,2020-09-15 09:30:45.600,3243.8000,25971,-2,186003720.000,3,0,3,多平,S,3243.8000,3243.2000,3243.0000,3242.4000,3242.2000,3245.6000,3245.8000,3246.2000,3246.8000,3247.0000,1,1,2,5,3,2,1,1,1,1
SF,IH2012,2020-09-15 09:30:46.100,3243.8000,25971,0,186003720.000,0,-,-,-,-,3243.8000,3243.0000,3242.4000,3242.2000,3240.6000,3245.4000,3245.6000,3245.8000,3246.0000,3246.2000,2,2,5,3,1,1,4,2,1,1
SF,IH2012,2020-09-15 09:30:46.600,3243.8000,25971,0,186003720.000,0,-,-,-,-,3243.8000,3243.0000,3242.4000,3242.2000,3240.6000,3245.4000,3245.6000,3245.8000,3246.0000,3246.2000,1,2,5,3,1,2,3,2,2,2
SF,IH2012,2020-09-15 09:30:47.100,3243.8000,25971,0,186976860.000,1,0,1,多换,S,3243.2000,3243.0000,3242.4000,3242.2000,3240.6000,3245.4000,3245.6000,3245.8000,3246.0000,3246.2000,1,2,5,3,1,2,2,1,2,2
SF,IH2012,2020-09-15 09:30:47.600,3243.8000,25971,0,186976860.000,0,-,-,-,-,3244.0000,3243.4000,3243.2000,3243.0000,3242.4000,3245.4000,3245.6000,3245.8000,3246.0000,3246.2000,1,4,2,2,5,2,1,1,2,2
SF,IH2012,2020-09-15 09:30:48.600,3245.4000,25972,1,188924100.000,2,1,1,空开,S,3245.4000,3244.2000,3244.0000,3243.4000,3243.2000,3245.6000,3245.8000,3246.0000,3246.2000,3246.8000,3,1,1,3,2,1,1,2,2,1
SF,IH2012,2020-09-15 09:30:49.100,3245.4000,25972,0,191844960.000,3,1,2,多换,S,3244.0000,3243.4000,3243.2000,3243.0000,3242.4000,3245.6000,3245.8000,3246.0000,3246.2000,3246.8000,1,3,1,1,5,1,1,2,1,1
SF,IH2012,2020-09-15 09:30:49.600,3245.6000,25972,0,192818640.000,1,0,1,多换,S,3245.6000,3244.2000,3244.0000,3243.8000,3243.4000,3245.8000,3246.0000,3246.2000,3246.8000,3247.0000,1,2,2,1,3,1,2,1,1,1
SF,IH2012,2020-09-15 09:30:50.100,3245.6000,25972,0,193792320.000,1,0,1,多换,S,3244.2000,3244.0000,3243.8000,3243.4000,3243.2000,3245.4000,3245.6000,3245.8000,3246.0000,3246.2000,1,2,1,3,1,1,1,1,2,1
SF,IH2012,2020-09-15 09:30:50.600,3245.4000,25972,0,194765940.000,1,0,1,多换,S,3245.4000,3244.2000,3244.0000,3243.8000,3243.4000,3245.6000,3245.8000,3246.0000,3246.2000,3246.8000,4,2,2,1,3,1,1,2,1,1
SF,IH2012,2020-09-15 09:30:51.100,3245.4000,25972,0,198660420.000,4,2,2,多换,S,3244.2000,3244.0000,3243.8000,3243.4000,3243.2000,3245.0000,3245.6000,3245.8000,3246.0000,3246.2000,1,2,1,3,1,2,1,1,2,1
SF,IH2012,2020-09-15 09:30:52.100,3245.4000,25972,0,198660420.000,0,-,-,-,-,3244.2000,3244.0000,3243.8000,3243.4000,3243.2000,3245.6000,3245.8000,3246.0000,3246.2000,3246.8000,1,2,1,3,1,1,1,2,1,1
SF,IH2012,2020-09-15 09:30:52.600,3245.4000,25972,0,198660420.000,0,-,-,-,-,3244.4000,3244.2000,3244.0000,3243.8000,3243.4000,3245.0000,3245.6000,3245.8000,3246.0000,3246.2000,2,1,2,1,3,1,2,1,2,1
SF,IH2012,2020-09-15 09:30:53.100,3245.0000,25971,-1,199633920.000,1,0,1,双平,S,3244.4000,3244.2000,3244.0000,3243.8000,3243.4000,3245.6000,3245.8000,3246.0000,3246.2000,3246.4000,2,1,1,2,3,1,1,2,1,1
SF,IH2012,2020-09-15 09:30:53.600,3245.0000,25971,0,199633920.000,0,-,-,-,-,3244.6000,3244.4000,3244.2000,3244.0000,3243.8000,3245.6000,3245.8000,3246.0000,3246.2000,3246.4000,1,2,1,1,2,1,1,2,1,1
SF,IH2012,2020-09-15 09:30:54.100,3245.6000,25970,-1,200607600.000,1,0,1,双平,S,3244.8000,3244.6000,3244.4000,3244.0000,3243.8000,3245.0000,3245.8000,3246.0000,3246.2000,3246.4000,1,1,2,1,2,3,1,2,1,1
SF,IH2012,2020-09-15 09:30:54.600,3245.0000,25967,-3,203528100.000,3,0,3,双平,S,3245.0000,3244.8000,3244.6000,3244.4000,3244.0000,3245.8000,3246.0000,3246.2000,3246.4000,3246.8000,3,1,1,2,1,1,2,1,1,1
SF,IH2012,2020-09-15 09:30:55.100,3245.0000,25966,-1,204501600.000,1,0,1,双平,S,3244.8000,3244.6000,3244.0000,3243.8000,3243.6000,3245.2000,3245.8000,3246.0000,3246.2000,3246.4000,1,1,1,2,1,1,1,2,1,1
SF,IH2012,2020-09-15 09:30:55.600,3245.8000,25965,-1,206448900.000,2,0,2,多平,S,3245.2000,3244.6000,3244.0000,3243.8000,3243.6000,3246.0000,3246.2000,3246.4000,3246.8000,3247.0000,2,1,2,2,1,2,1,1,1,1
SF,IH2012,2020-09-15 09:30:56.100,3245.2000,25964,-1,207422460.000,1,0,1,双平,S,3244.6000,3244.0000,3243.8000,3243.6000,3243.4000,3245.6000,3246.0000,3246.2000,3246.4000,3246.8000,1,2,2,1,3,1,2,1,1,1
SF,IH2012,2020-09-15 09:30:56.600,3245.2000,25964,0,207422460.000,0,-,-,-,-,3244.8000,3244.6000,3244.0000,3243.8000,3243.6000,3245.8000,3246.0000,3246.2000,3246.4000,3246.8000,1,1,2,2,1,1,2,1,1,1
SF,IH2012,2020-09-15 09:30:57.100,3245.2000,25964,0,207422460.000,0,-,-,-,-,3245.6000,3244.8000,3244.6000,3244.0000,3243.8000,3245.8000,3246.0000,3246.2000,3246.4000,3246.8000,1,2,1,2,2,1,2,2,1,1
SF,IH2012,2020-09-15 09:30:57.600,3245.6000,25964,0,209369820.000,2,1,1,多换,S,3244.8000,3244.6000,3244.0000,3243.8000,3243.6000,3245.6000,3245.8000,3246.0000,3246.2000,3246.4000,1,1,2,2,1,2,1,2,1,1
SF,IH2012,2020-09-15 09:30:58.100,3245.6000,25964,0,209369820.000,0,-,-,-,-,3245.0000,3244.8000,3244.6000,3244.0000,3243.8000,3245.8000,3246.0000,3246.2000,3246.4000,3246.8000,1,1,1,2,2,1,2,1,1,1
SF,IH2012,2020-09-15 09:30:58.600,3245.6000,25964,0,209369820.000,0,-,-,-,-,3245.0000,3244.8000,3244.6000,3244.0000,3243.8000,3245.2000,3245.8000,3246.0000,3246.2000,3246.4000,1,1,1,2,2,1,1,2,1,1
SF,IH2012,2020-09-15 09:30:59.100,3245.2000,25963,-1,210343380.000,1,0,1,双平,S,3245.2000,3245.0000,3244.8000,3244.6000,3244.0000,3245.8000,3246.0000,3246.2000,3246.4000,3246.8000,2,1,1,1,2,1,2,1,1,1
SF,IH2012,2020-09-15 09:30:59.600,3245.2000,25961,-2,212290500.000,2,0,2,双平,S,3245.0000,3244.8000,3244.6000,3244.0000,3243.8000,3245.8000,3246.0000,3246.2000,3246.4000,3246.8000,1,1,1,2,2,1,2,1,1,1
SF,IH2012,2020-09-15 09:31:00.100,3245.2000,25961,0,212290500.000,0,-,-,-,-,3245.0000,3244.8000,3244.6000,3244.0000,3243.8000,3245.8000,3246.0000,3246.2000,3246.4000,3246.8000,1,1,1,2,2,2,2,1,1,1
SF,IH2012,2020-09-15 09:31:00.600,3244.8000,25959,-2,214237440.000,2,0,2,双平,S,3244.6000,3244.0000,3243.8000,3243.6000,3243.4000,3245.2000,3245.8000,3246.0000,3246.2000,3246.4000,1,2,2,1,3,1,4,2,1,1
SF,IH2012,2020-09-15 09:31:01.100,3244.8000,25959,0,214237440.000,0,-,-,-,-,3244.0000,3243.8000,3243.6000,3243.4000,3243.2000,3245.2000,3245.8000,3246.0000,3246.2000,3246.4000,2,2,1,3,1,2,3,2,1,1
SF,IH2012,2020-09-15 09:31:01.600,3244.8000,25959,0,214237440.000,0,-,-,-,-,3244.0000,3243.8000,3243.6000,3243.4000,3243.2000,3245.2000,3245.8000,3246.0000,3246.2000,3246.4000,2,2,1,3,1,2,2,2,1,1
SF,IH2012,2020-09-15 09:31:02.100,3244.8000,25959,0,214237440.000,0,-,-,-,-,3244.2000,3244.0000,3243.8000,3243.6000,3243.4000,3245.2000,3245.6000,3245.8000,3246.0000,3246.2000,1,2,2,1,3,2,1,2,2,1
SF,IH2012,2020-09-15 09:31:02.600,3244.8000,25959,0,214237440.000,0,-,-,-,-,3244.4000,3244.0000,3243.8000,3243.6000,3243.4000,3245.2000,3245.6000,3245.8000,3246.0000,3246.2000,1,2,2,1,3,3,1,2,2,1
SF,IH2012,2020-09-15 09:31:03.100,3245.2000,25958,-1,215211000.000,1,0,1,双平,S,3244.6000,3244.0000,3243.8000,3243.6000,3243.4000,3245.2000,3245.6000,3245.8000,3246.0000,3246.2000,1,2,2,1,3,1,1,2,2,1
SF,IH2012,2020-09-15 09:31:03.600,3245.2000,25957,-1,216184560.000,1,0,1,双平,S,3245.2000,3244.6000,3244.0000,3243.8000,3243.6000,3245.6000,3245.8000,3246.0000,3246.2000,3246.4000,1,1,2,2,1,1,2,2,1,1
SF,IH2012,2020-09-15 09:31:04.100,3245.2000,25956,-1,217158120.000,1,0,1,双平,S,3245.2000,3244.6000,3244.2000,3244.0000,3243.8000,3245.6000,3245.8000,3246.0000,3246.2000,3246.4000,1,1,1,2,2,1,1,2,1,1
SF,IH2012,2020-09-15 09:31:04.600,3245.2000,25956,0,218131680.000,1,0,1,多换,S,3244.6000,3244.2000,3244.0000,3243.8000,3243.6000,3245.2000,3245.6000,3245.8000,3246.0000,3246.2000,1,1,2,2,1,1,1,1,2,1
SF,IH2012,2020-09-15 09:31:05.100,3245.2000,25956,0,218131680.000,0,-,-,-,-,3244.6000,3244.2000,3244.0000,3243.8000,3243.6000,3245.2000,3245.6000,3245.8000,3246.0000,3246.2000,1,1,2,2,1,1,1,1,2,1
SF,IH2012,2020-09-15 09:31:05.600,3245.2000,25956,0,218131680.000,0,-,-,-,-,3244.6000,3244.2000,3244.0000,3243.8000,3243.6000,3245.2000,3245.6000,3245.8000,3246.0000,3246.2000,1,1,2,2,1,1,1,1,2,1
SF,IH2012,2020-09-15 09:31:06.100,3245.2000,25956,0,218131680.000,0,-,-,-,-,3244.6000,3244.2000,3244.0000,3243.8000,3243.6000,3245.6000,3245.8000,3246.0000,3246.2000,3246.8000,1,1,2,2,1,1,1,2,1,1
SF,IH2012,2020-09-15 09:31:06.600,3245.2000,25956,0,218131680.000,0,-,-,-,-,3244.6000,3244.2000,3244.0000,3243.8000,3243.6000,3244.8000,3245.4000,3245.6000,3245.8000,3246.0000,1,1,2,2,1,1,1,1,1,2
SF,IH2012,2020-09-15 09:31:07.100,3244.8000,25955,-1,219105120.000,1,0,1,双平,S,3244.6000,3244.2000,3244.0000,3243.8000,3243.6000,3245.2000,3245.6000,3245.8000,3246.0000,3246.2000,1,1,2,2,1,1,2,1,2,1
SF,IH2012,2020-09-15 09:31:07.600,3244.8000,25955,0,219105120.000,0,-,-,-,-,3244.8000,3244.6000,3244.2000,3244.0000,3243.8000,3245.2000,3245.6000,3245.8000,3246.0000,3246.2000,1,1,1,2,2,1,2,1,2,1
SF,IH2012,2020-09-15 09:31:08.600,3244.8000,25955,0,219105120.000,0,-,-,-,-,3244.8000,3244.6000,3244.2000,3244.0000,3243.8000,3245.2000,3245.6000,3245.8000,3246.0000,3246.2000,1,1,1,2,2,1,2,1,2,1
SF,IH2012,2020-09-15 09:31:09.100,3244.8000,25954,-1,220078560.000,1,0,1,双平,S,3244.6000,3244.2000,3244.0000,3243.8000,3243.6000,3245.2000,3245.6000,3245.8000,3246.0000,3246.2000,1,3,2,2,1,1,2,1,2,1
SF,IH2012,2020-09-15 09:31:09.600,3244.8000,25954,0,220078560.000,0,-,-,-,-,3244.6000,3244.2000,3244.0000,3243.8000,3243.6000,3245.2000,3245.6000,3245.8000,3246.0000,3246.2000,1,3,2,3,1,1,2,1,2,1
SF,IH2012,2020-09-15 09:31:10.100,3245.2000,25953,-1,221052120.000,1,0,1,双平,S,3244.6000,3244.2000,3244.0000,3243.8000,3243.6000,3245.6000,3245.8000,3246.0000,3246.2000,3246.8000,1,3,2,3,1,1,1,2,1,1
SF,IH2012,2020-09-15 09:31:10.600,3245.2000,25953,0,221052120.000,0,-,-,-,-,3244.6000,3244.2000,3244.0000,3243.8000,3243.6000,3245.2000,3245.6000,3245.8000,3246.0000,3246.2000,2,3,2,3,1,1,2,1,2,1
SF,IH2012,2020-09-15 09:31:11.100,3245.2000,25953,0,221052120.000,0,-,-,-,-,3244.8000,3244.6000,3244.2000,3244.0000,3243.8000,3245.2000,3245.6000,3245.8000,3246.0000,3246.2000,1,2,3,2,3,1,2,1,2,1
SF,IH2012,2020-09-15 09:31:11.600,3245.2000,25953,0,221052120.000,0,-,-,-,-,3244.6000,3244.2000,3244.0000,3243.8000,3243.6000,3245.2000,3245.6000,3245.8000,3246.0000,3246.2000,2,3,3,3,1,1,3,1,2,1
SF,IH2012,2020-09-15 09:31:12.100,3245.2000,25953,0,221052120.000,0,-,-,-,-,3244.6000,3244.2000,3244.0000,3243.8000,3243.6000,3245.2000,3245.6000,3245.8000,3246.0000,3246.2000,2,3,3,3,1,1,3,1,1,1
SF,IH2012,2020-09-15 09:31:12.600,3245.2000,25953,0,221052120.000,0,-,-,-,-,3244.6000,3244.2000,3244.0000,3243.8000,3243.6000,3245.0000,3245.2000,3245.6000,3245.8000,3246.0000,1,3,3,3,1,1,1,2,1,1
SF,IH2012,2020-09-15 09:31:13.600,3245.2000,25953,0,222025680.000,1,0,1,多换,S,3244.6000,3244.2000,3244.0000,3243.8000,3243.6000,3245.6000,3245.8000,3246.0000,3246.2000,3246.8000,1,3,3,3,1,2,1,1,1,1
SF,IH2012,2020-09-15 09:31:14.100,3244.8000,25953,0,222999120.000,1,0,1,多换,S,3244.6000,3244.4000,3244.2000,3244.0000,3243.8000,3245.6000,3245.8000,3246.0000,3246.2000,3246.8000,2,1,3,3,3,2,1,1,1,1
SF,IH2012,2020-09-15 09:31:15.100,3244.8000,25953,0,222999120.000,0,-,-,-,-,3244.6000,3244.4000,3244.2000,3244.0000,3243.8000,3245.4000,3245.6000,3245.8000,3246.0000,3246.2000,2,1,3,3,3,2,2,1,1,1
SF,IH2012,2020-09-15 09:31:16.600,3244.8000,25953,0,222999120.000,0,-,-,-,-,3244.6000,3244.4000,3244.2000,3244.0000,3243.8000,3245.4000,3245.6000,3245.8000,3246.0000,3246.2000,2,1,3,3,3,2,2,1,1,1
SF,IH2012,2020-09-15 09:31:17.100,3244.8000,25953,0,222999120.000,0,-,-,-,-,3244.6000,3244.4000,3244.2000,3244.0000,3243.8000,3245.4000,3245.6000,3245.8000,3246.0000,3246.2000,2,1,3,3,3,2,2,1,1,1
SF,IH2012,2020-09-15 09:31:17.600,3245.4000,25951,-2,224946360.000,2,0,2,双平,S,3244.6000,3244.4000,3244.2000,3244.0000,3243.8000,3245.6000,3245.8000,3246.0000,3246.2000,3246.8000,2,1,3,3,3,2,1,2,1,1
SF,IH2012,2020-09-15 09:31:18.100,3245.4000,25951,0,224946360.000,0,-,-,-,-,3244.6000,3244.4000,3244.2000,3244.0000,3243.8000,3245.6000,3245.8000,3246.0000,3246.2000,3246.8000,2,1,3,3,3,2,1,2,1,1
SF,IH2012,2020-09-15 09:31:18.600,3245.4000,25951,0,224946360.000,0,-,-,-,-,3244.6000,3244.4000,3244.2000,3244.0000,3243.8000,3245.6000,3245.8000,3246.0000,3246.2000,3247.0000,2,1,3,3,3,2,1,2,1,1
SF,IH2012,2020-09-15 09:31:19.100,3245.4000,25951,0,224946360.000,0,-,-,-,-,3244.6000,3244.4000,3244.2000,3244.0000,3243.8000,3245.6000,3245.8000,3246.0000,3246.2000,3247.0000,2,2,3,3,3,1,1,2,1,1
SF,IH2012,2020-09-15 09:31:20.100,3245.6000,25951,0,225920040.000,1,0,1,多换,S,3245.6000,3244.6000,3244.4000,3244.2000,3244.0000,3245.8000,3246.0000,3246.2000,3247.0000,3247.8000,1,2,2,3,3,1,2,1,1,1
SF,IH2012,2020-09-15 09:31:20.600,3245.6000,25950,-1,227867400.000,2,0,2,多平,S,3244.6000,3244.4000,3244.2000,3244.0000,3243.8000,3245.4000,3245.6000,3245.8000,3246.0000,3246.2000,1,2,3,3,3,1,1,1,2,1
SF,IH2012,2020-09-15 09:31:21.100,3245.4000,25949,-1,228841020.000,1,0,1,双平,S,3245.2000,3244.6000,3244.4000,3244.2000,3244.0000,3245.8000,3246.0000,3246.2000,3246.6000,3247.0000,1,1,2,3,3,1,2,1,1,1
SF,IH2012,2020-09-15 09:31:21.600,3245.4000,25949,0,228841020.000,0,-,-,-,-,3245.4000,3245.2000,3244.6000,3244.4000,3244.2000,3245.8000,3246.0000,3246.2000,3246.6000,3247.0000,1,2,1,2,3,1,2,1,1,1
SF,IH2012,2020-09-15 09:31:22.100,3245.4000,25949,0,229814640.000,1,0,1,多换,S,3245.2000,3244.6000,3244.4000,3244.2000,3244.0000,3245.8000,3246.0000,3246.2000,3246.6000,3247.0000,2,1,2,3,3,1,2,1,1,1
SF,IH2012,2020-09-15 09:31:23.100,3245.4000,25949,0,229814640.000,0,-,-,-,-,3245.2000,3244.6000,3244.4000,3244.2000,3244.0000,3245.8000,3246.0000,3246.2000,3246.6000,3247.0000,2,1,2,3,3,1,2,1,1,1
SF,IH2012,2020-09-15 09:31:23.600,3245.8000,25948,-1,230788380.000,1,0,1,双平,S,3245.2000,3244.6000,3244.4000,3244.2000,3244.0000,3246.0000,3246.2000,3246.6000,3247.0000,3247.8000,2,1,2,3,3,2,1,1,1,1
SF,IH2012,2020-09-15 09:31:24.100,3245.8000,25948,0,230788380.000,0,-,-,-,-,3245.4000,3245.2000,3244.6000,3244.4000,3244.2000,3246.0000,3246.2000,3246.6000,3247.0000,3247.2000,1,2,1,2,3,2,1,1,1,1
SF,IH2012,2020-09-15 09:31:24.600,3245.8000,25948,0,230788380.000,0,-,-,-,-,3245.4000,3245.2000,3244.4000,3244.2000,3244.0000,3246.0000,3246.2000,3246.6000,3247.0000,3247.2000,2,2,2,3,3,2,1,1,1,1
SF,IH2012,2020-09-15 09:31:25.600,3246.0000,25947,-1,232735980.000,2,0,2,多平,S,3245.4000,3245.2000,3244.4000,3244.2000,3244.0000,3246.2000,3246.6000,3247.0000,3247.2000,3247.8000,2,2,2,3,4,1,1,1,1,1
SF,IH2012,2020-09-15 09:31:26.100,3246.0000,25947,0,232735980.000,0,-,-,-,-,3245.6000,3245.4000,3245.2000,3244.4000,3244.2000,3246.2000,3246.6000,3247.0000,3247.2000,3247.8000,1,2,2,2,3,1,1,1,1,1
SF,IH2012,2020-09-15 09:31:26.600,3246.2000,25946,-1,233709840.000,1,0,1,双平,S,3246.2000,3245.6000,3245.4000,3245.2000,3244.4000,3246.6000,3247.0000,3247.2000,3247.8000,3248.0000,1,2,2,1,2,1,1,1,1,1
SF,IH2012,2020-09-15 09:31:27.100,3246.2000,25946,0,233709840.000,0,-,-,-,-,3245.6000,3245.4000,3245.2000,3244.4000,3244.2000,3246.6000,3247.0000,3247.2000,3247.8000,3248.0000,2,2,1,2,3,1,1,1,1,1
SF,IH2012,2020-09-15 09:31:27.600,3246.2000,25946,0,233709840.000,0,-,-,-,-,3245.6000,3245.4000,3245.2000,3244.4000,3244.2000,3246.6000,3247.0000,3247.2000,3247.8000,3248.0000,2,3,1,2,3,1,1,1,1,1
SF,IH2012,2020-09-15 09:31:29.100,3246.2000,25946,0,233709840.000,0,-,-,-,-,3245.6000,3245.4000,3245.2000,3244.4000,3244.2000,3246.6000,3247.0000,3247.2000,3247.8000,3248.0000,2,3,1,2,3,1,1,1,1,1
SF,IH2012,2020-09-15 09:31:30.100,3246.6000,25946,0,234683820.000,1,0,1,多换,S,3245.6000,3245.4000,3245.2000,3244.4000,3244.2000,3247.0000,3247.2000,3247.8000,3248.0000,3248.6000,2,3,1,2,3,1,1,1,1,1
SF,IH2012,2020-09-15 09:31:30.600,3245.6000,25945,-1,235657500.000,1,0,1,双平,S,3245.6000,3245.4000,3245.2000,3244.4000,3244.2000,3246.6000,3246.8000,3247.0000,3247.2000,3247.8000,1,3,1,2,3,2,1,1,1,1
SF,IH2012,2020-09-15 09:31:31.100,3245.4000,25943,-2,237604800.000,2,0,2,双平,S,3245.4000,3245.2000,3244.4000,3244.2000,3244.0000,3246.4000,3246.6000,3247.0000,3247.2000,3247.8000,2,1,2,3,4,2,2,1,1,1
SF,IH2012,2020-09-15 09:31:31.600,3245.4000,25942,-1,238578420.000,1,0,1,双平,S,3245.4000,3245.2000,3244.4000,3244.2000,3244.0000,3246.4000,3246.6000,3247.0000,3247.2000,3247.8000,1,1,2,3,4,3,2,1,1,1
SF,IH2012,2020-09-15 09:31:32.100,3245.4000,25942,0,238578420.000,0,-,-,-,-,3245.4000,3245.2000,3244.4000,3244.2000,3244.0000,3245.6000,3246.4000,3246.6000,3247.0000,3247.2000,1,1,2,3,4,1,3,2,1,1
SF,IH2012,2020-09-15 09:31:32.600,3245.6000,25942,0,240525720.000,2,1,1,多换,S,3245.2000,3244.4000,3244.2000,3244.0000,3243.8000,3246.4000,3246.6000,3247.0000,3247.2000,3247.8000,1,2,3,4,2,2,2,1,1,1
SF,IH2012,2020-09-15 09:31:33.100,3245.2000,25942,0,241499280.000,1,0,1,多换,S,3244.4000,3244.2000,3244.0000,3243.8000,3243.6000,3245.6000,3246.2000,3246.4000,3247.0000,3247.2000,2,3,4,2,2,1,1,2,1,1
SF,IH2012,2020-09-15 09:31:33.600,3245.2000,25942,0,241499280.000,0,-,-,-,-,3244.6000,3244.4000,3244.2000,3244.0000,3243.8000,3245.6000,3246.2000,3246.4000,3247.0000,3247.2000,3,2,3,4,2,2,1,2,1,1
SF,IH2012,2020-09-15 09:31:34.100,3245.2000,25942,0,241499280.000,0,-,-,-,-,3244.6000,3244.4000,3244.2000,3244.0000,3243.8000,3245.6000,3246.2000,3246.4000,3247.0000,3247.2000,3,2,3,4,2,2,1,2,1,1
SF,IH2012,2020-09-15 09:31:34.600,3245.2000,25942,0,241499280.000,0,-,-,-,-,3244.8000,3244.6000,3244.4000,3244.2000,3244.0000,3245.6000,3246.4000,3247.0000,3247.2000,3247.8000,1,2,2,3,4,2,2,1,1,1
SF,IH2012,2020-09-15 09:31:35.100,3245.6000,25940,-2,244420320.000,3,0,3,多平,S,3245.2000,3245.0000,3244.4000,3244.2000,3244.0000,3246.4000,3246.8000,3247.0000,3247.2000,3247.8000,1,3,2,3,4,2,1,1,1,1
SF,IH2012,2020-09-15 09:31:35.600,3245.6000,25940,0,244420320.000,0,-,-,-,-,3245.2000,3245.0000,3244.4000,3244.2000,3244.0000,3246.4000,3246.8000,3247.0000,3247.2000,3247.8000,2,3,2,3,4,2,1,1,2,1
SF,IH2012,2020-09-15 09:31:36.100,3245.6000,25940,0,244420320.000,0,-,-,-,-,3245.2000,3245.0000,3244.4000,3244.2000,3244.0000,3246.4000,3246.8000,3247.0000,3247.2000,3247.8000,2,3,2,3,4,2,1,1,2,1
SF,IH2012,2020-09-15 09:31:36.600,3245.6000,25940,0,244420320.000,0,-,-,-,-,3245.2000,3245.0000,3244.4000,3244.2000,3244.0000,3246.4000,3246.8000,3247.0000,3247.2000,3247.8000,1,3,2,3,4,2,1,1,2,1
SF,IH2012,2020-09-15 09:31:38.600,3245.6000,25940,0,244420320.000,0,-,-,-,-,3245.2000,3245.0000,3244.4000,3244.2000,3244.0000,3246.0000,3246.4000,3246.8000,3247.0000,3247.2000,1,3,2,3,4,2,2,1,1,2
SF,IH2012,2020-09-15 09:31:39.100,3245.6000,25940,0,244420320.000,0,-,-,-,-,3245.2000,3244.4000,3244.2000,3244.0000,3243.8000,3245.8000,3246.0000,3246.8000,3247.0000,3247.2000,1,2,3,4,2,1,3,1,1,2
SF,IH2012,2020-09-15 09:31:39.600,3245.2000,25940,0,245393880.000,1,0,1,多换,S,3244.4000,3244.2000,3244.0000,3243.8000,3243.6000,3245.8000,3246.0000,3246.8000,3247.0000,3247.2000,2,3,4,2,2,1,3,1,1,2
SF,IH2012,2020-09-15 09:31:40.100,3245.2000,25940,0,245393880.000,0,-,-,-,-,3244.6000,3244.4000,3244.2000,3244.0000,3243.8000,3245.8000,3246.0000,3246.8000,3247.0000,3247.2000,4,3,3,4,2,2,2,1,1,2
SF,IH2012,2020-09-15 09:31:40.600,3245.2000,25940,0,245393880.000,0,-,-,-,-,3244.6000,3244.4000,3244.2000,3244.0000,3243.8000,3245.8000,3246.0000,3246.8000,3247.0000,3247.2000,3,3,3,4,2,2,2,1,1,2
SF,IH2012,2020-09-15 09:31:41.600,3245.2000,25940,0,245393880.000,0,-,-,-,-,3244.6000,3244.4000,3244.2000,3244.0000,3243.8000,3245.8000,3246.0000,3246.8000,3247.0000,3247.2000,1,3,3,4,2,2,2,1,1,2
SF,IH2012,2020-09-15 09:31:42.100,3245.2000,25940,0,245393880.000,0,-,-,-,-,3244.4000,3244.2000,3244.0000,3243.8000,3243.6000,3245.8000,3246.8000,3247.0000,3247.2000,3247.8000,3,3,4,1,2,2,1,1,2,1
SF,IH2012,2020-09-15 09:31:42.600,3245.2000,25940,0,245393880.000,0,-,-,-,-,3244.8000,3244.6000,3244.4000,3244.2000,3244.0000,3245.8000,3246.8000,3247.0000,3247.2000,3247.8000,1,5,3,3,4,2,1,1,2,1
SF,IH2012,2020-09-15 09:31:43.100,3245.2000,25940,0,245393880.000,0,-,-,-,-,3244.8000,3244.6000,3244.4000,3244.2000,3244.0000,3245.8000,3246.8000,3247.0000,3247.2000,3247.8000,2,5,3,3,4,1,1,1,2,1
SF,IH2012,2020-09-15 09:31:44.100,3245.2000,25940,0,245393880.000,0,-,-,-,-,3245.0000,3244.8000,3244.6000,3244.4000,3244.2000,3245.8000,3246.8000,3247.0000,3247.2000,3247.8000,4,1,3,3,4,1,1,1,1,1
SF,IH2012,2020-09-15 09:31:44.600,3245.2000,25940,0,245393880.000,0,-,-,-,-,3244.8000,3244.6000,3244.4000,3244.2000,3244.0000,3245.8000,3246.0000,3246.6000,3246.8000,3247.0000,1,1,3,4,4,1,1,1,1,1
SF,IH2012,2020-09-15 09:31:45.100,3245.2000,25940,0,245393880.000,0,-,-,-,-,3244.8000,3244.6000,3244.4000,3244.2000,3244.0000,3245.8000,3246.0000,3246.6000,3246.8000,3247.0000,1,1,3,4,4,2,1,1,1,1
SF,IH2012,2020-09-15 09:31:45.600,3245.2000,25940,0,245393880.000,0,-,-,-,-,3244.6000,3244.4000,3244.2000,3244.0000,3243.8000,3245.8000,3246.0000,3246.6000,3246.8000,3247.0000,1,4,4,4,1,2,1,1,1,1
SF,IH2012,2020-09-15 09:31:46.100,3245.2000,25940,0,245393880.000,0,-,-,-,-,3244.8000,3244.6000,3244.4000,3244.2000,3244.0000,3245.8000,3246.0000,3246.6000,3246.8000,3247.0000,3,2,4,4,4,2,1,1,1,1
SF,IH2012,2020-09-15 09:31:46.600,3245.2000,25940,0,245393880.000,0,-,-,-,-,3245.0000,3244.8000,3244.6000,3244.4000,3244.2000,3245.8000,3246.0000,3246.6000,3246.8000,3247.0000,1,3,2,1,4,2,1,1,1,1
SF,IH2012,2020-09-15 09:31:47.100,3245.8000,25939,-1,246367620.000,1,0,1,双平,S,3245.0000,3244.8000,3244.6000,3244.4000,3244.2000,3246.0000,3246.6000,3246.8000,3247.0000,3247.2000,4,3,1,1,4,1,1,1,1,1
SF,IH2012,2020-09-15 09:31:47.600,3246.0000,25936,-3,249288780.000,3,0,3,双平,S,3245.2000,3245.0000,3244.8000,3244.4000,3244.2000,3246.6000,3246.8000,3247.0000,3247.2000,3247.8000,5,3,2,1,4,1,1,1,1,1
SF,IH2012,2020-09-15 09:31:48.100,3246.0000,25936,0,249288780.000,0,-,-,-,-,3245.2000,3245.0000,3244.8000,3244.4000,3244.2000,3246.4000,3246.6000,3246.8000,3247.0000,3247.2000,6,3,1,1,4,1,1,1,1,1
SF,IH2012,2020-09-15 09:31:48.600,3246.0000,25936,0,249288780.000,0,-,-,-,-,3245.2000,3245.0000,3244.8000,3244.4000,3244.2000,3246.4000,3246.6000,3246.8000,3247.0000,3247.2000,6,3,1,1,4,2,1,1,1,1
SF,IH2012,2020-09-15 09:31:49.100,3245.2000,25935,-1,250262340.000,1,0,1,双平,S,3245.2000,3245.0000,3244.8000,3244.4000,3244.2000,3246.4000,3246.6000,3246.8000,3247.0000,3247.2000,5,3,1,1,4,2,1,1,1,1
SF,IH2012,2020-09-15 09:31:49.600,3245.2000,25935,0,250262340.000,0,-,-,-,-,3245.4000,3245.2000,3245.0000,3244.4000,3244.2000,3246.4000,3246.6000,3246.8000,3247.0000,3247.2000,2,4,3,1,4,2,1,1,1,1
SF,IH2012,2020-09-15 09:31:51.100,3245.2000,25935,0,250262340.000,0,-,-,-,-,3245.4000,3245.2000,3245.0000,3244.4000,3244.2000,3246.4000,3246.6000,3246.8000,3247.0000,3247.2000,2,2,3,1,4,2,1,1,1,1
SF,IH2012,2020-09-15 09:31:51.600,3245.2000,25935,0,250262340.000,0,-,-,-,-,3245.2000,3245.0000,3244.4000,3244.2000,3244.0000,3246.2000,3246.4000,3246.6000,3246.8000,3247.0000,2,3,1,4,5,2,2,1,1,1
SF,IH2012,2020-09-15 09:31:52.100,3245.2000,25935,0,250262340.000,0,-,-,-,-,3245.2000,3245.0000,3244.4000,3244.2000,3244.0000,3246.0000,3246.2000,3246.6000,3246.8000,3247.0000,1,1,1,4,5,1,3,1,1,1
SF,IH2012,2020-09-15 09:31:52.600,3245.2000,25935,0,250262340.000,0,-,-,-,-,3245.2000,3245.0000,3244.4000,3244.2000,3244.0000,3246.0000,3246.2000,3246.6000,3246.8000,3247.0000,3,1,1,4,5,1,3,1,1,1
SF,IH2012,2020-09-15 09:31:53.100,3245.2000,25935,0,250262340.000,0,-,-,-,-,3245.2000,3245.0000,3244.4000,3244.2000,3244.0000,3246.0000,3246.2000,3246.6000,3246.8000,3247.0000,3,1,1,4,5,1,1,1,1,1
SF,IH2012,2020-09-15 09:31:53.600,3245.2000,25935,0,250262340.000,0,-,-,-,-,3245.2000,3245.0000,3244.4000,3244.2000,3244.0000,3246.0000,3246.2000,3246.6000,3246.8000,3247.0000,3,2,1,4,5,1,1,1,1,1
SF,IH2012,2020-09-15 09:31:55.100,3246.0000,25934,-1,251236140.000,1,0,1,双平,S,3245.2000,3245.0000,3244.4000,3244.2000,3244.0000,3246.2000,3246.6000,3246.8000,3247.0000,3247.2000,3,2,1,4,4,1,1,1,1,1
SF,IH2012,2020-09-15 09:31:55.600,3246.2000,25933,-1,252210000.000,1,0,1,双平,S,3246.2000,3245.2000,3245.0000,3244.4000,3244.2000,3246.6000,3246.8000,3247.0000,3247.2000,3247.8000,1,3,2,1,4,1,1,1,1,1
SF,IH2012,2020-09-15 09:31:56.100,3246.2000,25933,0,252210000.000,0,-,-,-,-,3245.2000,3245.0000,3244.4000,3244.2000,3244.0000,3246.6000,3246.8000,3247.0000,3247.2000,3247.8000,3,2,1,4,4,1,1,1,1,1
SF,IH2012,2020-09-15 09:31:56.600,3246.2000,25933,0,252210000.000,0,-,-,-,-,3245.4000,3245.2000,3245.0000,3244.4000,3244.2000,3246.6000,3246.8000,3247.0000,3247.2000,3247.8000,1,3,2,1,4,1,1,1,1,1
SF,IH2012,2020-09-15 09:31:57.100,3246.2000,25933,0,252210000.000,0,-,-,-,-,3245.4000,3245.2000,3245.0000,3244.4000,3244.2000,3246.6000,3246.8000,3247.0000,3247.2000,3247.8000,2,3,1,1,4,1,1,1,1,1
SF,IH2012,2020-09-15 09:31:57.600,3246.2000,25933,0,252210000.000,0,-,-,-,-,3245.4000,3245.2000,3245.0000,3244.4000,3244.2000,3246.6000,3246.8000,3247.0000,3247.2000,3247.8000,2,1,1,1,4,1,1,1,1,1
SF,IH2012,2020-09-15 09:31:58.100,3246.2000,25933,0,252210000.000,0,-,-,-,-,3245.4000,3245.2000,3245.0000,3244.4000,3244.2000,3246.6000,3246.8000,3247.0000,3247.2000,3247.8000,4,1,1,1,4,1,1,1,1,1
SF,IH2012,2020-09-15 09:31:58.600,3246.2000,25933,0,252210000.000,0,-,-,-,-,3245.4000,3245.2000,3245.0000,3244.4000,3244.2000,3246.6000,3246.8000,3247.0000,3247.2000,3247.8000,4,1,1,1,4,1,1,1,1,1
SF,IH2012,2020-09-15 09:31:59.100,3245.4000,25932,-1,253183620.000,1,0,1,双平,S,3245.4000,3245.2000,3245.0000,3244.4000,3244.2000,3246.6000,3246.8000,3247.0000,3247.2000,3247.8000,3,1,1,1,4,1,1,1,1,1
SF,IH2012,2020-09-15 09:31:59.600,3245.4000,25932,0,253183620.000,0,-,-,-,-,3245.4000,3245.2000,3245.0000,3244.6000,3244.4000,3246.4000,3246.6000,3246.8000,3247.0000,3247.2000,3,1,2,1,1,1,1,1,1,1
SF,IH2012,2020-09-15 09:32:00.100,3246.4000,25932,0,254157540.000,1,0,1,多换,S,3245.4000,3245.2000,3245.0000,3244.6000,3244.4000,3246.6000,3246.8000,3247.0000,3247.2000,3247.8000,3,1,2,1,1,1,1,1,1,1
SF,IH2012,2020-09-15 09:32:01.100,3246.4000,25932,0,254157540.000,0,-,-,-,-,3245.4000,3245.2000,3245.0000,3244.6000,3244.4000,3246.6000,3246.8000,3247.0000,3247.2000,3247.8000,3,1,2,1,1,1,1,1,1,1
SF,IH2012,2020-09-15 09:32:01.600,3246.4000,25932,0,254157540.000,0,-,-,-,-,3245.4000,3245.2000,3245.0000,3244.6000,3244.4000,3246.4000,3246.6000,3246.8000,3247.0000,3247.2000,3,1,2,1,1,1,1,1,1,1
SF,IH2012,2020-09-15 09:32:02.100,3245.4000,25931,-1,257078400.000,3,1,2,多平,S,3245.2000,3245.0000,3244.6000,3244.4000,3244.2000,3245.4000,3246.2000,3246.4000,3246.6000,3246.8000,1,2,1,1,4,1,2,1,1,1
SF,IH2012,2020-09-15 09:32:02.600,3245.0000,25929,-2,259025400.000,2,0,2,双平,S,3244.6000,3244.4000,3244.2000,3244.0000,3243.8000,3245.0000,3245.2000,3245.4000,3246.2000,3246.4000,1,1,4,4,1,1,3,1,2,1
SF,IH2012,2020-09-15 09:32:03.100,3245.0000,25929,0,259025400.000,0,-,-,-,-,3244.6000,3244.4000,3244.2000,3244.0000,3243.8000,3245.0000,3245.2000,3245.4000,3246.2000,3246.4000,1,1,4,4,1,1,1,1,1,1
SF,IH2012,2020-09-15 09:32:03.600,3245.0000,25928,-1,259998900.000,1,0,1,双平,S,3245.0000,3244.6000,3244.4000,3244.2000,3244.0000,3245.4000,3246.2000,3246.4000,3246.6000,3246.8000,1,1,1,4,4,1,1,1,1,1
SF,IH2012,2020-09-15 09:32:04.100,3245.0000,25928,0,259998900.000,0,-,-,-,-,3245.4000,3245.0000,3244.6000,3244.4000,3244.2000,3246.2000,3246.4000,3246.6000,3246.8000,3247.0000,1,1,1,1,4,1,1,1,1,1
SF,IH2012,2020-09-15 09:32:04.600,3246.2000,25927,-1,260972760.000,1,0,1,双平,S,3245.4000,3245.0000,3244.6000,3244.4000,3244.2000,3246.4000,3246.6000,3246.8000,3247.0000,3247.2000,1,1,1,1,4,1,1,1,1,1
SF,IH2012,2020-09-15 09:32:05.100,3246.2000,25927,0,260972760.000,0,-,-,-,-,3245.4000,3245.0000,3244.6000,3244.4000,3244.2000,3246.4000,3246.6000,3246.8000,3247.0000,3247.2000,2,1,1,1,4,1,1,1,1,1
SF,IH2012,2020-09-15 09:32:05.600,3246.2000,25927,0,260972760.000,0,-,-,-,-,3245.4000,3245.0000,3244.6000,3244.4000,3244.2000,3245.8000,3246.4000,3246.6000,3246.8000,3247.0000,2,1,1,1,4,1,1,1,1,1
SF,IH2012,2020-09-15 09:32:06.100,3246.2000,25927,0,260972760.000,0,-,-,-,-,3245.4000,3245.0000,3244.6000,3244.4000,3244.2000,3246.4000,3246.6000,3246.8000,3247.0000,3247.2000,2,2,1,1,4,1,1,1,1,1
SF,IH2012,2020-09-15 09:32:07.100,3246.2000,25927,0,260972760.000,0,-,-,-,-,3245.8000,3245.6000,3245.4000,3245.0000,3244.6000,3246.4000,3246.6000,3246.8000,3247.0000,3247.2000,1,1,2,2,1,1,1,1,1,1
SF,IH2012,2020-09-15 09:32:07.600,3245.8000,25927,0,261946500.000,1,0,1,多换,S,3245.6000,3245.4000,3245.0000,3244.6000,3244.4000,3245.8000,3246.4000,3246.6000,3246.8000,3247.0000,1,2,2,1,1,1,1,1,1,1
SF,IH2012,2020-09-15 09:32:08.100,3245.8000,25927,0,261946500.000,0,-,-,-,-,3245.6000,3245.4000,3245.0000,3244.6000,3244.4000,3246.4000,3246.6000,3246.8000,3247.0000,3247.2000,1,2,2,1,1,1,1,1,1,1
SF,IH2012,2020-09-15 09:32:08.600,3246.4000,25926,-1,262920420.000,1,0,1,双平,S,3245.6000,3245.4000,3245.0000,3244.6000,3244.4000,3246.6000,3246.8000,3247.0000,3247.2000,3247.8000,1,2,2,1,1,1,1,1,1,1
SF,IH2012,2020-09-15 09:32:09.100,3246.4000,25926,0,262920420.000,0,-,-,-,-,3245.6000,3245.4000,3245.0000,3244.6000,3244.4000,3246.2000,3246.6000,3246.8000,3247.0000,3247.2000,2,2,2,1,1,1,1,1,1,1
SF,IH2012,2020-09-15 09:32:10.100,3246.4000,25926,0,262920420.000,0,-,-,-,-,3245.6000,3245.4000,3245.0000,3244.6000,3244.4000,3246.6000,3246.8000,3247.0000,3247.2000,3247.8000,2,2,3,1,1,1,1,1,1,1
SF,IH2012,2020-09-15 09:32:10.600,3245.6000,25924,-2,264867780.000,2,0,2,双平,S,3245.4000,3245.0000,3244.6000,3244.4000,3244.2000,3245.8000,3246.2000,3246.6000,3246.8000,3247.0000,2,3,1,1,4,1,3,1,1,1
SF,IH2012,2020-09-15 09:32:11.100,3245.6000,25924,0,264867780.000,0,-,-,-,-,3245.4000,3245.0000,3244.6000,3244.4000,3244.2000,3245.6000,3245.8000,3246.2000,3246.6000,3246.8000,1,3,1,1,4,1,1,1,1,1
SF,IH2012,2020-09-15 09:32:11.600,3245.6000,25923,-1,265841460.000,1,0,1,双平,S,3245.4000,3245.0000,3244.6000,3244.4000,3244.2000,3245.8000,3246.2000,3246.6000,3246.8000,3247.0000,1,3,1,1,4,1,1,1,1,1
SF,IH2012,2020-09-15 09:32:12.100,3245.6000,25923,0,265841460.000,0,-,-,-,-,3245.4000,3245.0000,3244.6000,3244.4000,3244.2000,3245.8000,3246.2000,3246.6000,3246.8000,3247.0000,1,3,1,1,4,1,1,1,1,1
SF,IH2012,2020-09-15 09:32:12.600,3245.4000,25922,-1,266815080.000,1,0,1,双平,S,3245.0000,3244.6000,3244.4000,3244.2000,3244.0000,3245.8000,3246.2000,3246.6000,3246.8000,3247.0000,3,1,1,4,4,1,1,1,1,1
SF,IH2012,2020-09-15 09:32:13.100,3245.0000,25921,-1,269735580.000,3,1,2,多平,S,3244.6000,3244.4000,3244.2000,3244.0000,3243.8000,3245.6000,3246.6000,3246.8000,3247.0000,3247.2000,1,1,4,4,1,2,1,1,1,1
SF,IH2012,2020-09-15 09:32:13.600,3245.0000,25921,0,269735580.000,0,-,-,-,-,3244.8000,3244.6000,3244.4000,3244.2000,3244.0000,3245.6000,3246.6000,3246.8000,3247.0000,3247.2000,4,1,1,4,4,2,1,1,1,1
SF,IH2012,2020-09-15 09:32:14.100,3245.0000,25921,0,269735580.000,0,-,-,-,-,3244.8000,3244.6000,3244.2000,3244.0000,3243.8000,3245.2000,3245.6000,3246.6000,3246.8000,3247.0000,4,1,4,4,1,1,2,1,1,1
SF,IH2012,2020-09-15 09:32:14.600,3245.2000,25920,-1,270709140.000,1,0,1,双平,S,3245.2000,3244.8000,3244.6000,3244.2000,3244.0000,3246.6000,3246.8000,3247.0000,3247.2000,3247.8000,1,1,1,4,4,1,1,1,1,1
SF,IH2012,2020-09-15 09:32:15.100,3245.2000,25920,0,270709140.000,0,-,-,-,-,3244.8000,3244.6000,3244.2000,3244.0000,3243.8000,3246.4000,3246.6000,3246.8000,3247.0000,3247.2000,1,1,4,4,1,2,2,1,1,1
SF,IH2012,2020-09-15 09:32:15.600,3245.2000,25920,0,270709140.000,0,-,-,-,-,3244.8000,3244.6000,3244.2000,3244.0000,3243.8000,3245.6000,3246.2000,3246.4000,3246.6000,3246.8000,1,1,4,4,1,1,3,2,2,1
SF,IH2012,2020-09-15 09:32:16.100,3245.2000,25920,0,270709140.000,0,-,-,-,-,3244.8000,3244.6000,3244.2000,3244.0000,3243.8000,3245.6000,3246.4000,3246.6000,3246.8000,3247.0000,1,1,4,4,1,1,2,1,1,1
SF,IH2012,2020-09-15 09:32:16.600,3245.2000,25920,0,270709140.000,0,-,-,-,-,3244.8000,3244.6000,3244.2000,3244.0000,3243.8000,3246.4000,3246.6000,3246.8000,3247.0000,3247.2000,2,1,4,4,1,2,1,1,1,1
SF,IH2012,2020-09-15 09:32:17.100,3245.2000,25920,0,270709140.000,0,-,-,-,-,3245.0000,3244.8000,3244.6000,3244.2000,3244.0000,3246.4000,3246.6000,3246.8000,3247.0000,3247.2000,3,2,1,4,4,2,1,1,1,1
SF,IH2012,2020-09-15 09:32:17.600,3245.2000,25920,0,270709140.000,0,-,-,-,-,3245.2000,3245.0000,3244.8000,3244.6000,3244.2000,3246.4000,3246.6000,3246.8000,3247.0000,3247.2000,1,4,1,1,4,2,1,1,1,1
SF,IH2012,2020-09-15 09:32:18.100,3245.2000,25920,0,270709140.000,0,-,-,-,-,3245.2000,3245.0000,3244.8000,3244.6000,3244.2000,3246.2000,3246.4000,3246.6000,3246.8000,3247.0000,1,4,1,1,4,1,2,1,1,1
SF,IH2012,2020-09-15 09:32:18.600,3245.2000,25919,-1,271682700.000,1,0,1,双平,S,3245.0000,3244.8000,3244.6000,3244.2000,3244.0000,3245.8000,3246.2000,3246.4000,3246.6000,3246.8000,3,1,1,4,4,1,2,2,1,1
SF,IH2012,2020-09-15 09:32:19.100,3245.2000,25919,0,271682700.000,0,-,-,-,-,3245.0000,3244.8000,3244.6000,3244.2000,3244.0000,3246.2000,3246.4000,3246.6000,3246.8000,3247.0000,1,1,1,4,4,1,2,1,1,1
SF,IH2012,2020-09-15 09:32:19.600,3245.2000,25919,0,271682700.000,0,-,-,-,-,3245.2000,3245.0000,3244.8000,3244.6000,3244.2000,3246.0000,3246.2000,3246.4000,3246.6000,3246.8000,1,1,1,1,4,1,1,1,1,1
SF,IH2012,2020-09-15 09:32:20.100,3245.2000,25919,0,271682700.000,0,-,-,-,-,3245.0000,3244.8000,3244.6000,3244.2000,3244.0000,3246.0000,3246.2000,3246.6000,3246.8000,3247.0000,1,1,1,4,4,2,1,1,1,1
SF,IH2012,2020-09-15 09:32:20.600,3245.2000,25919,0,271682700.000,0,-,-,-,-,3244.8000,3244.6000,3244.2000,3244.0000,3243.8000,3246.0000,3246.2000,3246.6000,3246.8000,3247.0000,1,1,4,4,1,2,1,1,1,1
SF,IH2012,2020-09-15 09:32:21.600,3245.2000,25919,0,271682700.000,0,-,-,-,-,3244.8000,3244.6000,3244.2000,3244.0000,3243.8000,3245.8000,3246.0000,3246.2000,3246.6000,3246.8000,1,1,4,4,1,1,2,1,1,1
SF,IH2012,2020-09-15 09:32:22.100,3245.2000,25919,0,271682700.000,0,-,-,-,-,3244.8000,3244.6000,3244.2000,3244.0000,3243.8000,3245.8000,3246.0000,3246.6000,3246.8000,3247.0000,1,1,4,4,1,2,2,1,1,1
SF,IH2012,2020-09-15 09:32:22.600,3245.2000,25919,0,271682700.000,0,-,-,-,-,3244.8000,3244.6000,3244.2000,3244.0000,3243.8000,3245.8000,3246.0000,3246.6000,3246.8000,3247.0000,1,1,4,4,1,1,2,1,1,1
SF,IH2012,2020-09-15 09:32:23.100,3245.2000,25919,0,271682700.000,0,-,-,-,-,3245.0000,3244.8000,3244.6000,3244.2000,3244.0000,3246.0000,3246.6000,3246.8000,3247.0000,3247.2000,1,1,1,4,4,2,1,1,1,1
SF,IH2012,2020-09-15 09:32:23.600,3245.2000,25919,0,271682700.000,0,-,-,-,-,3245.0000,3244.8000,3244.6000,3244.2000,3244.0000,3246.6000,3246.8000,3247.0000,3247.2000,3247.8000,2,1,1,4,4,1,1,1,1,1
SF,IH2012,2020-09-15 09:32:24.100,3245.2000,25919,0,271682700.000,0,-,-,-,-,3245.2000,3245.0000,3244.8000,3244.6000,3244.2000,3246.4000,3246.6000,3246.8000,3247.0000,3247.2000,1,2,1,1,4,2,2,1,1,1
SF,IH2012,2020-09-15 09:32:24.600,3245.2000,25919,0,271682700.000,0,-,-,-,-,3245.2000,3245.0000,3244.8000,3244.6000,3244.2000,3246.4000,3246.6000,3246.8000,3247.0000,3247.2000,1,2,1,1,4,3,2,1,1,1
SF,IH2012,2020-09-15 09:32:25.100,3245.2000,25919,0,271682700.000,0,-,-,-,-,3245.2000,3245.0000,3244.8000,3244.6000,3244.2000,3246.4000,3246.6000,3246.8000,3247.0000,3247.2000,1,1,1,1,4,3,2,1,1,1
SF,IH2012,2020-09-15 09:32:25.600,3245.2000,25919,0,271682700.000,0,-,-,-,-,3245.2000,3245.0000,3244.8000,3244.6000,3244.2000,3246.2000,3246.4000,3246.6000,3246.8000,3247.0000,1,1,1,1,4,2,3,2,1,1
SF,IH2012,2020-09-15 09:32:26.100,3245.2000,25919,0,271682700.000,0,-,-,-,-,3245.2000,3245.0000,3244.8000,3244.6000,3244.2000,3246.0000,3246.2000,3246.4000,3246.6000,3246.8000,1,1,1,1,4,1,3,3,1,1
SF,IH2012,2020-09-15 09:32:26.600,3245.2000,25919,0,271682700.000,0,-,-,-,-,3244.8000,3244.6000,3244.2000,3244.0000,3243.8000,3246.0000,3246.2000,3246.4000,3246.6000,3246.8000,1,1,4,4,1,2,1,2,1,1
SF,IH2012,2020-09-15 09:32:27.100,3245.2000,25919,0,271682700.000,0,-,-,-,-,3244.8000,3244.6000,3244.2000,3244.0000,3243.8000,3246.0000,3246.2000,3246.4000,3246.6000,3246.8000,1,1,4,4,1,2,1,2,1,1
SF,IH2012,2020-09-15 09:32:28.100,3245.2000,25919,0,271682700.000,0,-,-,-,-,3245.0000,3244.8000,3244.6000,3244.2000,3244.0000,3246.0000,3246.2000,3246.4000,3246.6000,3246.8000,1,1,1,4,4,2,1,2,1,1
SF,IH2012,2020-09-15 09:32:28.600,3246.0000,25918,-1,272656500.000,1,0,1,双平,S,3245.0000,3244.8000,3244.6000,3244.2000,3244.0000,3246.0000,3246.2000,3246.4000,3246.6000,3246.8000,2,1,1,4,4,1,1,2,1,1
SF,IH2012,2020-09-15 09:32:29.100,3246.0000,25918,0,272656500.000,0,-,-,-,-,3245.0000,3244.8000,3244.6000,3244.2000,3244.0000,3246.2000,3246.4000,3246.6000,3246.8000,3247.0000,2,1,1,4,4,1,1,1,1,1
SF,IH2012,2020-09-15 09:32:29.600,3246.0000,25918,0,272656500.000,0,-,-,-,-,3245.0000,3244.8000,3244.6000,3244.2000,3244.0000,3246.0000,3246.2000,3246.4000,3246.6000,3246.8000,1,1,1,4,4,2,2,1,1,1
SF,IH2012,2020-09-15 09:32:30.100,3246.0000,25917,-1,273630300.000,1,0,1,双平,S,3245.0000,3244.8000,3244.6000,3244.2000,3244.0000,3246.0000,3246.2000,3246.4000,3246.6000,3246.8000,1,1,1,4,4,1,2,1,1,1
SF,IH2012,2020-09-15 09:32:30.600,3246.0000,25917,0,273630300.000,0,-,-,-,-,3244.8000,3244.6000,3244.2000,3244.0000,3243.8000,3246.0000,3246.2000,3246.4000,3246.6000,3246.8000,1,1,4,4,1,1,2,1,1,1
SF,IH2012,2020-09-15 09:32:31.600,3246.0000,25917,0,274604100.000,1,0,1,多换,S,3246.0000,3244.8000,3244.6000,3244.2000,3244.0000,3246.2000,3246.4000,3246.6000,3246.8000,3247.0000,1,1,1,4,4,2,1,1,1,1
SF,IH2012,2020-09-15 09:32:32.100,3246.0000,25917,0,275577900.000,1,0,1,多换,S,3244.8000,3244.6000,3244.2000,3244.0000,3243.8000,3245.8000,3246.0000,3246.2000,3246.4000,3246.6000,1,1,4,4,1,2,9,1,1,2
SF,IH2012,2020-09-15 09:32:32.600,3246.0000,25917,0,275577900.000,0,-,-,-,-,3245.0000,3244.8000,3244.6000,3244.2000,3244.0000,3245.8000,3246.0000,3246.2000,3246.4000,3246.6000,1,1,1,4,4,2,2,1,1,2
SF,IH2012,2020-09-15 09:32:33.100,3246.0000,25917,0,275577900.000,0,-,-,-,-,3245.0000,3244.8000,3244.6000,3244.2000,3244.0000,3245.8000,3246.0000,3246.2000,3246.4000,3246.6000,1,1,1,4,4,2,2,1,1,2
SF,IH2012,2020-09-15 09:32:34.100,3245.8000,25916,-1,277525140.000,2,0,2,多平,S,3244.8000,3244.6000,3244.2000,3244.0000,3243.8000,3245.8000,3246.0000,3246.2000,3246.4000,3246.6000,1,1,4,4,1,1,2,1,1,2
SF,IH2012,2020-09-15 09:32:34.600,3244.8000,25915,-1,278498580.000,1,0,1,双平,S,3244.6000,3244.2000,3244.0000,3243.8000,3243.6000,3245.8000,3246.0000,3246.2000,3246.4000,3246.6000,1,4,4,1,1,1,2,1,1,2
SF,IH2012,2020-09-15 09:32:35.100,3244.6000,25914,-1,279471960.000,1,0,1,双平,S,3244.2000,3244.0000,3243.8000,3243.6000,3243.0000,3245.6000,3245.8000,3246.0000,3246.2000,3246.6000,4,4,1,1,1,4,2,2,1,2
SF,IH2012,2020-09-15 09:32:35.600,3244.6000,25914,0,279471960.000,0,-,-,-,-,3244.2000,3244.0000,3243.8000,3243.6000,3243.0000,3245.0000,3245.2000,3245.4000,3245.6000,3245.8000,4,4,1,1,1,2,1,3,5,1
SF,IH2012,2020-09-15 09:32:36.100,3244.6000,25914,0,279471960.000,0,-,-,-,-,3244.2000,3244.0000,3243.8000,3243.6000,3243.0000,3245.0000,3245.2000,3245.4000,3245.6000,3246.0000,4,4,1,1,1,2,1,1,4,2
SF,IH2012,2020-09-15 09:32:36.600,3244.6000,25914,0,279471960.000,0,-,-,-,-,3244.2000,3244.0000,3243.8000,3243.6000,3243.0000,3245.0000,3245.2000,3245.4000,3245.6000,3246.0000,4,4,1,1,1,1,1,1,4,2
SF,IH2012,2020-09-15 09:32:37.600,3244.6000,25914,0,279471960.000,0,-,-,-,-,3244.2000,3244.0000,3243.8000,3243.6000,3243.0000,3244.4000,3244.8000,3245.0000,3245.4000,3245.6000,4,4,1,1,1,1,2,1,1,4
SF,IH2012,2020-09-15 09:32:38.100,3244.2000,25912,-2,282391800.000,3,0,3,多平,S,3244.2000,3244.0000,3243.8000,3243.6000,3243.0000,3245.0000,3245.4000,3245.6000,3246.0000,3246.6000,2,4,1,1,1,1,1,4,1,2
SF,IH2012,2020-09-15 09:32:38.600,3244.2000,25912,0,282391800.000,0,-,-,-,-,3244.2000,3244.0000,3243.8000,3243.6000,3243.0000,3244.4000,3244.8000,3245.0000,3245.4000,3245.6000,2,4,1,1,1,2,1,1,1,4
SF,IH2012,2020-09-15 09:32:39.100,3244.2000,25911,-1,284338320.000,2,0,2,多平,S,3244.0000,3243.8000,3243.6000,3243.0000,3242.6000,3244.2000,3244.4000,3244.8000,3245.0000,3245.4000,4,1,1,1,1,1,2,1,1,1
SF,IH2012,2020-09-15 09:32:39.600,3244.0000,25910,-1,288231120.000,4,1,3,多平,S,3243.8000,3243.6000,3243.0000,3242.6000,3242.4000,3244.0000,3244.2000,3244.6000,3245.0000,3245.4000,1,1,1,2,5,5,1,1,1,1
SF,IH2012,2020-09-15 09:32:40.100,3243.6000,25909,-1,290177340.000,2,0,2,多平,S,3243.0000,3242.6000,3242.4000,3242.2000,3242.0000,3243.8000,3244.0000,3244.2000,3244.6000,3245.0000,1,2,5,2,1,1,2,1,1,3
SF,IH2012,2020-09-15 09:32:40.600,3243.6000,25909,0,290177340.000,0,-,-,-,-,3243.0000,3242.6000,3242.4000,3242.2000,3242.0000,3243.8000,3244.0000,3244.2000,3244.6000,3245.0000,1,2,5,2,1,1,2,1,1,3
SF,IH2012,2020-09-15 09:32:41.100,3243.6000,25909,0,290177340.000,0,-,-,-,-,3243.0000,3242.6000,3242.4000,3242.2000,3242.0000,3244.0000,3244.2000,3244.6000,3245.0000,3245.4000,1,2,5,2,1,2,1,1,3,1
SF,IH2012,2020-09-15 09:32:42.100,3243.6000,25909,0,290177340.000,0,-,-,-,-,3243.0000,3242.6000,3242.4000,3242.2000,3242.0000,3244.0000,3244.2000,3244.6000,3245.0000,3245.4000,1,2,5,2,1,2,1,1,3,1
SF,IH2012,2020-09-15 09:32:42.600,3243.2000,25909,0,292123260.000,2,1,1,多换,S,3243.2000,3243.0000,3242.6000,3242.4000,3242.2000,3244.6000,3245.0000,3245.4000,3245.6000,3246.6000,1,1,2,5,2,1,3,1,3,2
SF,IH2012,2020-09-15 09:32:43.100,3243.0000,25907,-2,294069120.000,2,0,2,双平,S,3242.6000,3242.4000,3242.2000,3242.0000,3241.8000,3244.4000,3244.6000,3245.0000,3245.4000,3245.6000,2,5,2,1,2,2,2,3,1,2
SF,IH2012,2020-09-15 09:32:43.600,3243.0000,25907,0,294069120.000,0,-,-,-,-,3243.0000,3242.8000,3242.6000,3242.4000,3242.2000,3244.4000,3244.6000,3245.0000,3245.4000,3245.6000,3,2,3,5,2,3,2,2,1,2
SF,IH2012,2020-09-15 09:32:44.100,3243.0000,25907,0,294069120.000,0,-,-,-,-,3243.0000,3242.8000,3242.6000,3242.4000,3242.2000,3244.4000,3244.6000,3245.0000,3245.4000,3245.6000,4,2,3,5,2,3,2,2,1,2
SF,IH2012,2020-09-15 09:32:44.600,3243.0000,25907,0,294069120.000,0,-,-,-,-,3243.2000,3243.0000,3242.8000,3242.6000,3242.4000,3244.4000,3244.6000,3245.0000,3245.4000,3245.6000,1,3,2,3,5,3,2,2,2,2
SF,IH2012,2020-09-15 09:32:45.100,3243.0000,25907,0,294069120.000,0,-,-,-,-,3243.2000,3243.0000,3242.8000,3242.6000,3242.4000,3244.0000,3244.2000,3244.4000,3244.6000,3245.0000,1,3,2,2,5,1,2,3,2,2
SF,IH2012,2020-09-15 09:32:45.600,3243.0000,25907,0,294069120.000,0,-,-,-,-,3243.2000,3243.0000,3242.8000,3242.6000,3242.4000,3244.0000,3244.4000,3244.6000,3245.0000,3245.4000,1,3,1,2,5,1,2,2,2,1
SF,IH2012,2020-09-15 09:32:47.100,3243.0000,25907,0,294069120.000,0,-,-,-,-,3243.2000,3243.0000,3242.8000,3242.6000,3242.4000,3244.0000,3244.4000,3244.6000,3245.0000,3245.4000,1,3,1,2,5,1,2,3,2,1
SF,IH2012,2020-09-15 09:32:49.600,3244.0000,25906,-1,295042320.000,1,0,1,双平,S,3243.2000,3243.0000,3242.8000,3242.6000,3242.4000,3244.4000,3244.6000,3245.0000,3245.4000,3245.6000,1,3,1,2,5,2,3,2,1,2
SF,IH2012,2020-09-15 09:32:50.100,3244.0000,25906,0,295042320.000,0,-,-,-,-,3243.2000,3243.0000,3242.8000,3242.6000,3242.4000,3244.2000,3244.4000,3244.6000,3245.0000,3245.4000,1,3,1,2,5,3,2,3,2,1
SF,IH2012,2020-09-15 09:32:50.600,3244.0000,25906,0,295042320.000,0,-,-,-,-,3243.2000,3243.0000,3242.8000,3242.6000,3242.4000,3244.2000,3244.4000,3244.6000,3245.0000,3245.4000,1,3,1,2,5,3,2,3,2,1
SF,IH2012,2020-09-15 09:32:52.600,3244.0000,25906,0,295042320.000,0,-,-,-,-,3243.2000,3243.0000,3242.8000,3242.6000,3242.4000,3244.2000,3244.4000,3244.6000,3245.0000,3245.4000,1,3,1,2,5,3,2,3,2,1
SF,IH2012,2020-09-15 09:32:53.100,3244.0000,25906,0,295042320.000,0,-,-,-,-,3243.2000,3243.0000,3242.6000,3242.4000,3242.2000,3244.0000,3244.2000,3244.4000,3244.6000,3245.0000,1,1,2,5,2,2,4,1,2,2
SF,IH2012,2020-09-15 09:32:53.600,3243.0000,25905,-1,296015220.000,1,0,1,双平,S,3242.6000,3242.4000,3242.2000,3242.0000,3241.8000,3243.0000,3243.8000,3244.0000,3244.2000,3244.4000,2,5,2,1,2,2,2,2,1,1
SF,IH2012,2020-09-15 09:32:54.100,3243.8000,25903,-2,298934160.000,3,0,3,多平,S,3243.0000,3242.6000,3242.4000,3242.2000,3242.0000,3244.0000,3244.2000,3244.4000,3244.6000,3245.0000,1,2,5,2,1,2,1,1,2,2
SF,IH2012,2020-09-15 09:32:54.600,3243.0000,25902,-1,299907060.000,1,0,1,双平,S,3243.0000,3242.6000,3242.4000,3242.2000,3242.0000,3243.6000,3243.8000,3244.0000,3244.2000,3244.6000,1,2,5,2,1,2,3,3,1,2
SF,IH2012,2020-09-15 09:32:55.100,3243.0000,25902,0,300879960.000,1,0,1,多换,S,3242.6000,3242.4000,3242.2000,3242.0000,3241.8000,3243.4000,3243.6000,3243.8000,3244.0000,3244.2000,2,5,2,1,2,1,2,2,3,1
SF,IH2012,2020-09-15 09:32:55.600,3243.0000,25902,0,300879960.000,0,-,-,-,-,3242.6000,3242.4000,3242.2000,3242.0000,3241.8000,3243.4000,3244.0000,3244.2000,3244.6000,3245.0000,2,5,2,1,2,1,3,1,2,2
SF,IH2012,2020-09-15 09:32:56.100,3243.0000,25902,0,300879960.000,0,-,-,-,-,3242.8000,3242.6000,3242.4000,3242.2000,3242.0000,3244.0000,3244.2000,3244.6000,3245.0000,3245.4000,6,2,5,2,1,3,1,2,2,1
SF,IH2012,2020-09-15 09:32:56.600,3244.0000,25902,0,303799500.000,3,1,2,多换,S,3244.0000,3243.0000,3242.8000,3242.6000,3242.4000,3244.2000,3244.6000,3245.0000,3245.4000,3245.6000,2,1,4,2,5,1,2,2,1,1
SF,IH2012,2020-09-15 09:32:57.100,3244.0000,25902,0,305745900.000,2,1,1,多换,S,3242.8000,3242.6000,3242.4000,3242.2000,3242.0000,3243.8000,3244.0000,3244.2000,3244.6000,3245.0000,2,2,5,2,1,1,1,2,2,2
SF,IH2012,2020-09-15 09:32:57.600,3244.0000,25902,0,305745900.000,0,-,-,-,-,3242.8000,3242.6000,3242.4000,3242.2000,3242.0000,3244.0000,3244.6000,3245.0000,3245.4000,3245.6000,1,2,5,2,1,1,2,2,1,1
SF,IH2012,2020-09-15 09:32:58.100,3243.8000,25902,0,307692180.000,2,1,1,多换,S,3243.8000,3243.2000,3243.0000,3242.8000,3242.6000,3244.0000,3244.6000,3245.0000,3245.4000,3245.6000,3,1,1,1,2,1,2,2,1,1
SF,IH2012,2020-09-15 09:32:58.600,3243.8000,25902,0,310611600.000,3,1,2,多换,S,3243.2000,3243.0000,3242.8000,3242.6000,3242.4000,3243.6000,3244.0000,3244.6000,3245.0000,3245.4000,1,1,1,2,5,1,1,2,2,1
SF,IH2012,2020-09-15 09:32:59.100,3243.6000,25901,-1,311584680.000,1,0,1,双平,S,3243.2000,3243.0000,3242.6000,3242.4000,3242.2000,3244.0000,3244.6000,3245.0000,3245.4000,3245.6000,1,1,2,5,2,1,2,2,1,1
SF,IH2012,2020-09-15 09:32:59.600,3243.2000,25901,0,312557640.000,1,0,1,多换,S,3243.0000,3242.6000,3242.4000,3242.2000,3242.0000,3244.0000,3244.6000,3245.0000,3245.4000,3245.6000,1,2,5,2,1,1,2,2,1,1
SF,IH2012,2020-09-15 09:33:00.100,3244.0000,25901,0,314503980.000,2,1,1,多换,S,3244.0000,3243.0000,3242.6000,3242.4000,3242.2000,3244.6000,3245.0000,3245.4000,3245.6000,3246.6000,3,2,2,5,2,2,2,1,1,2
SF,IH2012,2020-09-15 09:33:00.600,3244.0000,25901,0,317423580.000,3,1,2,多换,S,3243.0000,3242.6000,3242.4000,3242.2000,3242.0000,3244.0000,3244.2000,3244.4000,3244.6000,3245.0000,2,2,5,2,1,6,2,6,3,2
SF,IH2012,2020-09-15 09:33:01.100,3244.0000,25901,0,317423580.000,0,-,-,-,-,3243.2000,3243.0000,3242.6000,3242.4000,3242.2000,3243.8000,3244.0000,3244.4000,3244.6000,3245.0000,1,2,2,5,2,1,1,4,3,2
SF,IH2012,2020-09-15 09:33:01.600,3243.8000,25898,-3,325207440.000,8,2,6,多平,S,3242.6000,3242.4000,3242.2000,3242.0000,3241.8000,3243.0000,3244.4000,3244.6000,3245.0000,3245.4000,2,5,2,1,2,1,4,3,2,1
SF,IH2012,2020-09-15 09:33:02.100,3243.0000,25896,-2,327153240.000,2,0,2,双平,S,3243.0000,3242.8000,3242.6000,3242.4000,3242.2000,3244.4000,3244.6000,3245.0000,3245.4000,3245.6000,1,3,2,5,2,2,3,2,1,1
SF,IH2012,2020-09-15 09:33:02.600,3243.0000,25896,0,327153240.000,0,-,-,-,-,3243.0000,3242.8000,3242.6000,3242.4000,3242.2000,3243.8000,3244.0000,3244.2000,3244.4000,3244.6000,1,2,2,5,2,1,1,1,3,3
SF,IH2012,2020-09-15 09:33:03.100,3243.8000,25896,0,329099520.000,2,1,1,多换,S,3243.8000,3243.0000,3242.8000,3242.6000,3242.4000,3244.0000,3244.4000,3244.6000,3245.0000,3245.4000,3,2,2,2,5,1,3,2,2,1
SF,IH2012,2020-09-15 09:33:03.600,3243.8000,25896,0,332018940.000,3,1,2,多换,S,3243.0000,3242.8000,3242.6000,3242.4000,3242.2000,3243.4000,3243.8000,3244.0000,3244.4000,3244.6000,2,1,2,5,2,1,3,2,3,2
SF,IH2012,2020-09-15 09:33:04.100,3243.0000,25891,-5,337856460.000,6,0,6,多平,S,3242.8000,3242.6000,3242.4000,3242.2000,3242.0000,3244.0000,3244.4000,3244.6000,3245.0000,3245.6000,1,2,5,2,1,1,3,2,2,1
SF,IH2012,2020-09-15 09:33:04.600,3243.0000,25891,0,337856460.000,0,-,-,-,-,3243.0000,3242.8000,3242.6000,3242.4000,3242.2000,3243.8000,3244.0000,3244.4000,3244.6000,3245.0000,3,2,2,5,2,1,1,3,2,2
SF,IH2012,2020-09-15 09:33:05.100,3243.0000,25891,0,337856460.000,0,-,-,-,-,3243.8000,3243.0000,3242.8000,3242.6000,3242.4000,3244.4000,3244.6000,3245.0000,3245.6000,3246.6000,5,4,1,2,5,2,2,2,1,2
SF,IH2012,2020-09-15 09:33:05.600,3244.4000,25890,-1,338829780.000,1,0,1,双平,S,3243.8000,3243.0000,3242.8000,3242.6000,3242.4000,3244.4000,3244.6000,3245.0000,3245.6000,3246.6000,5,2,1,2,5,1,2,3,1,2
SF,IH2012,2020-09-15 09:33:06.100,3244.6000,25888,-2,340776540.000,2,0,2,双平,S,3244.0000,3243.8000,3243.0000,3242.8000,3242.6000,3245.0000,3245.6000,3246.6000,3246.8000,3249.0000,1,5,2,1,2,3,1,2,2,1
SF,IH2012,2020-09-15 09:33:06.600,3244.6000,25888,0,340776540.000,0,-,-,-,-,3244.2000,3244.0000,3243.8000,3242.8000,3242.6000,3245.0000,3245.6000,3246.6000,3246.8000,3249.0000,1,2,5,1,2,3,1,2,2,1
SF,IH2012,2020-09-15 09:33:07.100,3244.6000,25888,0,340776540.000,0,-,-,-,-,3244.2000,3244.0000,3243.8000,3242.8000,3242.6000,3245.0000,3245.6000,3246.6000,3246.8000,3249.0000,2,1,5,1,2,3,1,2,2,1
SF,IH2012,2020-09-15 09:33:07.600,3244.0000,25885,-3,348563640.000,8,2,6,多平,S,3243.8000,3242.8000,3242.6000,3242.4000,3242.2000,3244.0000,3245.6000,3246.6000,3246.8000,3249.0000,5,1,2,5,2,8,1,2,2,1
SF,IH2012,2020-09-15 09:33:08.100,3244.0000,25877,-8,356349240.000,8,0,8,双平,S,3244.2000,3244.0000,3243.8000,3242.8000,3242.6000,3245.6000,3246.6000,3246.8000,3249.0000,3249.6000,2,8,5,1,2,1,2,2,1,1
SF,IH2012,2020-09-15 09:33:08.600,3244.0000,25877,0,356349240.000,0,-,-,-,-,3244.4000,3244.2000,3244.0000,3243.8000,3242.8000,3244.8000,3245.4000,3245.6000,3246.6000,3246.8000,1,2,5,5,1,1,6,4,2,1
SF,IH2012,2020-09-15 09:33:09.100,3245.4000,25875,-2,358296300.000,2,0,2,双平,S,3244.8000,3244.0000,3243.8000,3243.0000,3242.8000,3245.4000,3245.6000,3246.6000,3246.8000,3249.0000,1,4,5,1,1,3,4,2,1,1
SF,IH2012,2020-09-15 09:33:09.600,3244.8000,25872,-3,361216980.000,3,0,3,双平,S,3244.0000,3243.8000,3243.0000,3242.8000,3242.6000,3244.2000,3245.4000,3245.6000,3246.6000,3246.8000,4,5,1,1,2,1,2,4,2,1
SF,IH2012,2020-09-15 09:33:10.100,3244.2000,25871,-1,362190240.000,1,0,1,双平,S,3244.4000,3244.2000,3244.0000,3243.8000,3243.0000,3245.6000,3246.6000,3246.8000,3249.0000,3249.6000,2,8,4,5,1,2,2,1,1,1
SF,IH2012,2020-09-15 09:33:10.600,3244.2000,25871,0,362190240.000,0,-,-,-,-,3244.6000,3244.4000,3244.2000,3244.0000,3243.8000,3245.6000,3246.6000,3246.8000,3249.0000,3249.6000,6,2,7,4,5,2,2,1,1,1
SF,IH2012,2020-09-15 09:33:11.100,3244.2000,25871,0,362190240.000,0,-,-,-,-,3244.8000,3244.6000,3244.2000,3244.0000,3243.8000,3245.6000,3246.6000,3246.8000,3249.0000,3249.6000,2,4,6,4,5,1,2,1,1,1
SF,IH2012,2020-09-15 09:33:11.600,3245.6000,25871,0,364137540.000,2,1,1,多换,S,3245.6000,3245.0000,3244.8000,3244.6000,3244.2000,3246.6000,3246.8000,3249.0000,3249.6000,3250.0000,3,1,1,1,6,2,1,1,1,1
SF,IH2012,2020-09-15 09:33:12.100,3245.6000,25871,0,367058580.000,3,1,2,多换,S,3244.6000,3244.2000,3244.0000,3243.8000,3243.0000,3245.2000,3245.6000,3245.8000,3246.0000,3246.2000,1,5,1,5,1,1,1,1,2,2
SF,IH2012,2020-09-15 09:33:12.600,3245.6000,25871,0,367058580.000,0,-,-,-,-,3245.2000,3244.6000,3244.2000,3244.0000,3243.8000,3245.6000,3246.0000,3246.4000,3246.6000,3246.8000,5,1,5,1,5,1,2,4,3,1
SF,IH2012,2020-09-15 09:33:13.100,3245.2000,25871,0,370952820.000,4,2,2,多换,S,3245.2000,3244.6000,3244.2000,3244.0000,3243.8000,3245.6000,3246.4000,3246.6000,3246.8000,3249.0000,3,1,5,1,5,1,4,3,1,1
SF,IH2012,2020-09-15 09:33:13.600,3244.6000,25869,-2,374846880.000,4,1,3,多平,S,3244.2000,3244.0000,3243.8000,3243.0000,3242.6000,3245.0000,3245.2000,3245.4000,3245.6000,3246.4000,5,1,5,1,1,1,1,1,3,4
SF,IH2012,2020-09-15 09:33:14.100,3245.6000,25869,0,379714920.000,5,2,3,多换,S,3244.4000,3244.2000,3244.0000,3243.8000,3243.0000,3245.6000,3246.0000,3246.4000,3246.6000,3246.8000,2,5,1,5,1,1,1,2,3,1
SF,IH2012,2020-09-15 09:33:14.600,3245.6000,25869,0,380688600.000,1,0,1,多换,S,3245.6000,3245.0000,3244.6000,3244.4000,3244.2000,3246.0000,3246.4000,3246.6000,3246.8000,3249.0000,4,5,4,2,5,1,2,3,1,1
SF,IH2012,2020-09-15 09:33:15.100,3246.0000,25869,0,384583560.000,4,2,2,多换,S,3246.0000,3245.6000,3245.0000,3244.6000,3244.4000,3246.4000,3246.6000,3246.8000,3249.0000,3249.6000,4,2,5,1,2,2,3,1,1,1
SF,IH2012,2020-09-15 09:33:15.600,3245.6000,25870,1,390426120.000,6,3,3,空开,S,3245.0000,3244.4000,3244.2000,3244.0000,3243.8000,3245.4000,3246.0000,3246.2000,3246.4000,3246.6000,5,2,5,1,5,1,2,5,3,3
SF,IH2012,2020-09-15 09:33:16.100,3245.0000,25867,-3,394320480.000,4,0,4,多平,S,3245.0000,3244.4000,3244.2000,3244.0000,3243.8000,3246.0000,3246.2000,3246.4000,3246.6000,3246.8000,4,2,5,1,5,1,1,1,3,1
SF,IH2012,2020-09-15 09:33:16.600,3245.0000,25867,0,394320480.000,0,-,-,-,-,3246.0000,3245.0000,3244.4000,3244.2000,3244.0000,3246.2000,3246.4000,3246.6000,3246.8000,3249.0000,5,5,2,5,1,1,1,3,1,1
SF,IH2012,2020-09-15 09:33:17.100,3246.0000,25867,0,400163280.000,6,3,3,多换,S,3245.0000,3244.4000,3244.2000,3244.0000,3243.8000,3245.8000,3246.0000,3246.2000,3246.6000,3246.8000,5,1,5,1,5,1,3,4,3,1
SF,IH2012,2020-09-15 09:33:17.600,3245.0000,25867,0,403083780.000,3,1,2,多换,S,3245.0000,3244.4000,3244.2000,3244.0000,3243.8000,3246.0000,3246.2000,3246.6000,3246.8000,3249.0000,1,1,5,1,5,1,4,3,1,1
SF,IH2012,2020-09-15 09:33:18.100,3245.8000,25867,0,407952240.000,5,2,3,多换,S,3245.8000,3244.4000,3244.2000,3243.8000,3243.0000,3246.0000,3246.2000,3246.6000,3246.8000,3249.0000,1,1,5,5,1,2,4,2,1,1
SF,IH2012,2020-09-15 09:33:18.600,3245.8000,25867,0,408925980.000,1,0,1,多换,S,3244.4000,3244.2000,3243.8000,3243.0000,3242.6000,3245.6000,3245.8000,3246.0000,3246.2000,3246.6000,1,5,5,1,1,1,1,2,3,2
SF,IH2012,2020-09-15 09:33:19.100,3244.6000,25865,-2,410872740.000,2,0,2,双平,S,3244.6000,3244.4000,3244.2000,3243.8000,3242.6000,3245.8000,3246.0000,3246.2000,3246.6000,3246.8000,1,2,5,5,1,2,1,3,2,1
SF,IH2012,2020-09-15 09:33:19.600,3244.6000,25865,0,410872740.000,0,-,-,-,-,3244.8000,3244.6000,3244.4000,3244.2000,3243.8000,3245.6000,3245.8000,3246.0000,3246.2000,3246.6000,1,1,1,5,5,1,1,1,3,2
SF,IH2012,2020-09-15 09:33:20.100,3244.6000,25865,0,410872740.000,0,-,-,-,-,3244.8000,3244.6000,3244.4000,3244.2000,3243.8000,3245.4000,3245.8000,3246.0000,3246.2000,3246.6000,1,1,1,5,5,1,1,1,3,2
SF,IH2012,2020-09-15 09:33:20.600,3244.6000,25865,0,410872740.000,0,-,-,-,-,3244.6000,3244.4000,3244.2000,3243.8000,3242.6000,3245.2000,3245.4000,3245.8000,3246.0000,3246.2000,1,1,5,5,1,1,1,1,1,3
SF,IH2012,2020-09-15 09:33:21.100,3244.6000,25864,-1,411846120.000,1,0,1,双平,S,3244.4000,3244.2000,3243.8000,3242.6000,3242.4000,3245.2000,3245.4000,3245.8000,3246.0000,3246.6000,1,5,5,1,5,1,1,1,1,2
SF,IH2012,2020-09-15 09:33:21.600,3245.0000,25864,0,414766380.000,3,1,2,多换,S,3245.2000,3244.2000,3243.8000,3242.6000,3242.4000,3245.8000,3246.0000,3246.6000,3246.8000,3249.0000,2,5,5,1,5,1,1,2,1,1
SF,IH2012,2020-09-15 09:33:22.100,3245.2000,25864,0,416713440.000,2,1,1,多换,S,3244.4000,3244.2000,3243.8000,3242.6000,3242.4000,3245.0000,3245.2000,3245.4000,3245.6000,3245.8000,1,5,5,1,5,2,1,1,6,2
SF,IH2012,2020-09-15 09:33:22.600,3244.2000,25866,2,418660020.000,2,2,0,双开,S,3244.2000,3243.8000,3242.6000,3242.4000,3242.2000,3245.0000,3245.4000,3245.6000,3245.8000,3246.0000,4,5,1,5,1,1,1,4,2,1
SF,IH2012,2020-09-15 09:33:23.100,3244.2000,25866,0,419633280.000,1,0,1,多换,S,3244.2000,3243.8000,3242.6000,3242.4000,3242.2000,3244.6000,3244.8000,3245.0000,3245.4000,3245.6000,3,5,1,5,1,2,3,1,1,4
SF,IH2012,2020-09-15 09:33:23.600,3244.2000,25866,0,419633280.000,0,-,-,-,-,3244.2000,3243.8000,3242.6000,3242.4000,3242.2000,3244.6000,3244.8000,3245.4000,3245.6000,3245.8000,3,5,1,5,1,2,3,1,1,2
SF,IH2012,2020-09-15 09:33:24.100,3244.6000,25866,0,421580040.000,2,1,1,多换,S,3244.6000,3244.2000,3243.8000,3242.6000,3242.4000,3244.8000,3245.4000,3245.6000,3245.8000,3246.0000,3,3,5,1,5,3,1,1,2,1
SF,IH2012,2020-09-15 09:33:24.600,3244.6000,25867,1,424500180.000,3,2,1,空开,S,3244.2000,3243.8000,3242.6000,3242.4000,3242.2000,3244.8000,3245.4000,3245.6000,3245.8000,3246.0000,3,5,1,5,1,3,1,1,2,1
SF,IH2012,2020-09-15 09:33:25.100,3244.8000,25870,3,431313720.000,7,5,2,空开,S,3244.8000,3243.8000,3242.6000,3242.4000,3242.2000,3245.4000,3245.6000,3245.8000,3246.2000,3246.6000,1,5,1,5,1,1,1,2,1,1
SF,IH2012,2020-09-15 09:33:25.600,3244.8000,25870,0,432287160.000,1,0,1,多换,S,3243.8000,3242.6000,3242.4000,3242.2000,3242.0000,3244.6000,3244.8000,3245.2000,3245.4000,3245.6000,5,1,5,1,1,3,1,4,2,1
SF,IH2012,2020-09-15 09:33:26.100,3244.6000,25870,0,434233740.000,2,1,1,多换,S,3244.6000,3243.8000,3242.6000,3242.4000,3242.2000,3244.8000,3245.2000,3245.4000,3245.6000,3245.8000,4,5,1,5,1,1,3,2,1,2
SF,IH2012,2020-09-15 09:33:26.600,3244.6000,25871,1,438127260.000,4,2,2,空开,S,3243.8000,3242.6000,3242.4000,3242.2000,3242.0000,3244.4000,3244.8000,3245.0000,3245.2000,3245.4000,5,1,5,1,1,2,1,1,3,2
SF,IH2012,2020-09-15 09:33:27.100,3244.6000,25871,0,438127260.000,0,-,-,-,-,3243.8000,3242.6000,3242.4000,3242.2000,3242.0000,3244.6000,3244.8000,3245.0000,3245.2000,3245.4000,6,1,5,1,1,3,3,1,2,1
SF,IH2012,2020-09-15 09:33:28.100,3244.6000,25871,0,438127260.000,0,-,-,-,-,3243.8000,3242.4000,3242.2000,3242.0000,3241.8000,3244.6000,3244.8000,3245.0000,3245.2000,3245.4000,6,5,1,1,1,3,3,1,2,1
SF,IH2012,2020-09-15 09:33:29.100,3244.6000,25871,0,438127260.000,0,-,-,-,-,3243.8000,3242.4000,3242.2000,3242.0000,3241.8000,3244.6000,3244.8000,3245.0000,3245.2000,3245.4000,6,5,1,1,1,3,3,1,2,1
SF,IH2012,2020-09-15 09:33:29.600,3243.8000,25872,1,439100400.000,1,1,0,双开,S,3243.8000,3242.4000,3242.2000,3242.0000,3241.8000,3244.6000,3244.8000,3245.0000,3245.2000,3245.4000,5,5,1,2,1,3,3,2,2,1
SF,IH2012,2020-09-15 09:33:30.100,3243.8000,25872,0,439100400.000,0,-,-,-,-,3244.0000,3243.8000,3242.4000,3242.2000,3242.0000,3244.6000,3244.8000,3245.0000,3245.2000,3245.4000,1,5,5,1,2,3,1,2,2,1
SF,IH2012,2020-09-15 09:33:30.600,3244.6000,25871,-1,443966820.000,5,2,3,多平,S,3244.6000,3243.8000,3242.4000,3242.2000,3242.0000,3244.8000,3245.0000,3245.2000,3245.4000,3245.6000,2,5,5,1,2,1,2,2,1,1
SF,IH2012,2020-09-15 09:33:31.100,3244.6000,25871,0,445913580.000,2,1,1,多换,S,3243.8000,3242.4000,3242.2000,3242.0000,3241.8000,3244.6000,3244.8000,3245.0000,3245.2000,3245.4000,5,5,1,2,1,1,1,2,2,1
SF,IH2012,2020-09-15 09:33:31.600,3244.6000,25870,-1,446886960.000,1,0,1,双平,S,3244.6000,3243.8000,3242.4000,3242.2000,3242.0000,3244.8000,3245.0000,3245.2000,3245.4000,3245.6000,5,5,5,1,2,2,2,2,1,1
SF,IH2012,2020-09-15 09:33:32.100,3244.6000,25870,0,448833720.000,2,1,1,多换,S,3244.6000,3244.0000,3243.8000,3242.4000,3242.2000,3244.8000,3245.0000,3245.2000,3245.4000,3245.6000,3,1,5,5,1,2,2,2,1,1
SF,IH2012,2020-09-15 09:33:32.600,3244.8000,25871,1,452727420.000,4,2,2,空开,S,3244.8000,3244.6000,3244.0000,3243.8000,3242.4000,3245.0000,3245.2000,3245.4000,3245.6000,3245.8000,2,2,1,5,5,2,2,1,1,2
SF,IH2012,2020-09-15 09:33:33.100,3244.8000,25871,0,454674300.000,2,1,1,多换,S,3244.6000,3244.0000,3243.8000,3242.4000,3242.2000,3244.8000,3245.0000,3245.2000,3245.4000,3245.6000,2,1,5,5,1,1,2,2,1,1
SF,IH2012,2020-09-15 09:33:33.600,3244.8000,25870,-1,455647740.000,1,0,1,双平,S,3244.8000,3244.6000,3244.0000,3243.8000,3242.4000,3245.0000,3245.2000,3245.4000,3245.6000,3245.8000,5,2,1,5,5,2,2,1,1,2
SF,IH2012,2020-09-15 09:33:34.100,3245.0000,25869,-1,457594740.000,2,0,2,多平,S,3245.0000,3244.8000,3244.6000,3244.0000,3243.8000,3245.2000,3245.6000,3245.8000,3246.2000,3246.6000,2,5,2,1,5,1,1,2,2,1
SF,IH2012,2020-09-15 09:33:34.600,3245.2000,25868,-1,458568300.000,1,0,1,双平,S,3245.0000,3244.8000,3244.6000,3244.0000,3243.8000,3245.8000,3246.2000,3246.6000,3246.8000,3249.0000,2,5,2,1,5,2,2,1,1,1
SF,IH2012,2020-09-15 09:33:35.100,3245.2000,25868,0,458568300.000,0,-,-,-,-,3245.2000,3244.8000,3244.6000,3244.0000,3243.8000,3245.8000,3246.2000,3246.6000,3246.8000,3249.0000,5,5,2,1,5,1,2,1,1,1
SF,IH2012,2020-09-15 09:33:35.600,3245.2000,25868,0,458568300.000,0,-,-,-,-,3245.2000,3244.8000,3244.6000,3244.0000,3243.8000,3245.4000,3245.6000,3245.8000,3246.2000,3246.6000,6,5,2,2,5,1,2,1,2,1
SF,IH2012,2020-09-15 09:33:36.100,3245.4000,25867,-1,459541920.000,1,0,1,双平,S,3245.4000,3245.2000,3244.8000,3244.6000,3244.0000,3245.6000,3245.8000,3246.2000,3246.6000,3246.8000,5,6,5,2,2,1,1,2,1,1
SF,IH2012,2020-09-15 09:33:36.600,3245.4000,25867,0,461489220.000,2,1,1,多换,S,3245.6000,3245.4000,3245.2000,3244.8000,3244.6000,3245.8000,3246.2000,3246.6000,3249.0000,3249.6000,5,4,5,5,2,2,2,1,1,1
SF,IH2012,2020-09-15 09:33:37.100,3245.4000,25867,0,462462840.000,1,0,1,多换,S,3245.6000,3245.4000,3245.2000,3244.8000,3244.6000,3245.8000,3246.2000,3246.6000,3249.0000,3249.6000,4,4,5,5,2,2,2,1,1,1
SF,IH2012,2020-09-15 09:33:37.600,3245.6000,25867,0,468305040.000,6,3,3,多换,S,3245.8000,3245.6000,3245.4000,3245.2000,3244.8000,3246.2000,3246.6000,3249.0000,3249.6000,3250.0000,4,1,4,5,5,2,1,1,1,1
SF,IH2012,2020-09-15 09:33:38.100,3245.8000,25867,0,472200000.000,4,2,2,多换,S,3245.6000,3245.4000,3245.2000,3244.8000,3244.6000,3246.0000,3246.2000,3246.6000,3249.0000,3249.6000,1,4,5,5,2,6,2,1,1,1
SF,IH2012,2020-09-15 09:33:38.600,3246.2000,25868,1,479016360.000,7,4,3,空开,S,3245.4000,3245.2000,3244.8000,3244.6000,3244.0000,3246.2000,3246.6000,3249.0000,3249.6000,3250.0000,3,5,5,2,3,1,1,1,1,1
SF,IH2012,2020-09-15 09:33:39.100,3246.2000,25870,2,482911440.000,4,3,1,空开,S,3246.2000,3245.4000,3245.2000,3244.8000,3244.6000,3246.6000,3249.0000,3249.6000,3250.0000,3250.6000,2,2,5,5,2,1,1,1,1,1
SF,IH2012,2020-09-15 09:33:39.600,3246.2000,25870,0,484859160.000,2,1,1,多换,S,3245.4000,3245.2000,3244.8000,3244.6000,3244.0000,3246.6000,3249.0000,3249.6000,3250.0000,3250.6000,2,5,5,2,3,2,1,1,1,1
SF,IH2012,2020-09-15 09:33:40.100,3245.2000,25873,3,487779960.000,3,3,0,双开,S,3245.2000,3244.8000,3244.6000,3244.0000,3243.8000,3246.4000,3246.6000,3249.0000,3249.6000,3250.0000,4,5,2,3,4,3,2,1,1,1
SF,IH2012,2020-09-15 09:33:40.600,3246.2000,25873,0,494596380.000,7,3,4,多换,S,3245.2000,3244.8000,3244.6000,3244.0000,3243.8000,3246.2000,3246.4000,3246.6000,3249.0000,3249.6000,2,5,2,3,4,1,2,2,1,1
SF,IH2012,2020-09-15 09:33:41.100,3245.2000,25875,2,496543500.000,2,2,0,双开,S,3244.8000,3244.6000,3244.0000,3243.8000,3242.4000,3245.0000,3246.2000,3246.4000,3246.6000,3249.0000,5,2,3,4,5,1,1,2,1,1
SF,IH2012,2020-09-15 09:33:41.600,3244.8000,25874,-1,499463940.000,3,1,2,多平,S,3244.8000,3244.6000,3244.0000,3243.8000,3242.4000,3245.2000,3246.2000,3246.4000,3246.6000,3249.0000,4,2,3,4,5,1,1,2,1,1
SF,IH2012,2020-09-15 09:33:42.100,3244.8000,25874,0,501410820.000,2,1,1,多换,S,3244.8000,3244.6000,3244.0000,3243.8000,3242.4000,3245.2000,3246.2000,3246.4000,3246.6000,3249.0000,2,2,3,4,5,1,1,2,1,1
SF,IH2012,2020-09-15 09:33:42.600,3244.8000,25874,0,503357700.000,2,1,1,多换,S,3244.6000,3244.0000,3243.8000,3242.6000,3242.4000,3245.2000,3246.2000,3246.4000,3246.6000,3249.0000,2,3,4,1,5,1,1,2,1,1
SF,IH2012,2020-09-15 09:33:43.100,3244.8000,25874,0,503357700.000,0,-,-,-,-,3244.6000,3244.0000,3243.8000,3242.6000,3242.4000,3245.2000,3246.2000,3246.4000,3246.6000,3247.2000,2,3,4,1,5,1,1,2,1,1
SF,IH2012,2020-09-15 09:33:43.600,3245.2000,25875,1,505304820.000,2,1,1,空开,S,3245.2000,3244.6000,3244.0000,3243.8000,3242.6000,3246.2000,3246.4000,3246.6000,3247.2000,3249.0000,3,2,3,4,1,1,1,1,1,1
SF,IH2012,2020-09-15 09:33:44.100,3245.2000,25875,0,508225500.000,3,1,2,多换,S,3244.6000,3244.0000,3243.8000,3242.6000,3242.4000,3245.0000,3245.6000,3246.0000,3246.2000,3246.6000,2,2,4,1,5,2,1,2,1,1
SF,IH2012,2020-09-15 09:33:44.600,3245.0000,25873,-2,510172500.000,2,0,2,双平,S,3244.8000,3244.6000,3244.0000,3243.8000,3242.6000,3245.6000,3246.0000,3246.2000,3246.6000,3247.2000,2,3,2,4,1,1,2,1,1,1
SF,IH2012,2020-09-15 09:33:45.100,3245.0000,25873,0,510172500.000,0,-,-,-,-,3244.8000,3244.6000,3244.0000,3243.8000,3242.6000,3245.2000,3246.0000,3246.2000,3246.6000,3249.0000,2,3,2,4,1,1,2,1,1,1
SF,IH2012,2020-09-15 09:33:45.600,3245.2000,25872,-1,511146060.000,1,0,1,双平,S,3245.2000,3244.8000,3244.6000,3244.0000,3243.8000,3246.0000,3246.2000,3246.6000,3249.0000,3249.6000,1,2,3,2,4,2,1,1,1,1
SF,IH2012,2020-09-15 09:33:46.100,3245.2000,25872,0,511146060.000,0,-,-,-,-,3244.8000,3244.6000,3244.0000,3243.8000,3242.6000,3246.0000,3246.2000,3246.6000,3249.0000,3249.6000,1,3,2,4,1,2,1,1,1,1
SF,IH2012,2020-09-15 09:33:46.600,3245.2000,25872,0,511146060.000,0,-,-,-,-,3245.0000,3244.6000,3244.0000,3243.8000,3242.6000,3246.0000,3246.2000,3246.6000,3249.0000,3249.6000,2,3,2,4,1,4,1,1,1,1
SF,IH2012,2020-09-15 09:33:47.100,3245.2000,25872,0,511146060.000,0,-,-,-,-,3244.6000,3244.0000,3243.8000,3242.6000,3242.4000,3245.0000,3246.0000,3246.2000,3246.6000,3249.0000,3,2,4,1,5,1,4,1,1,1
SF,IH2012,2020-09-15 09:33:47.600,3245.0000,25871,-1,512119560.000,1,0,1,双平,S,3245.0000,3244.6000,3244.0000,3243.8000,3242.6000,3246.0000,3246.2000,3246.6000,3249.0000,3249.6000,1,3,2,4,1,4,1,1,1,1
SF,IH2012,2020-09-15 09:33:48.100,3245.0000,25871,0,512119560.000,0,-,-,-,-,3244.6000,3244.0000,3243.8000,3242.6000,3242.4000,3245.6000,3245.8000,3246.0000,3246.2000,3246.6000,3,2,4,1,5,1,2,4,1,1
SF,IH2012,2020-09-15 09:33:48.600,3245.0000,25871,0,512119560.000,0,-,-,-,-,3245.0000,3244.6000,3244.0000,3243.8000,3242.6000,3245.6000,3245.8000,3246.0000,3246.2000,3246.6000,1,3,2,4,1,1,2,4,1,1
SF,IH2012,2020-09-15 09:33:49.600,3245.0000,25871,0,513093060.000,1,0,1,多换,S,3244.6000,3244.0000,3243.8000,3242.6000,3242.4000,3245.8000,3246.0000,3246.2000,3246.6000,3249.0000,3,3,4,1,5,2,4,1,1,1
SF,IH2012,2020-09-15 09:33:50.100,3245.0000,25871,0,513093060.000,0,-,-,-,-,3244.8000,3244.6000,3244.0000,3243.8000,3242.6000,3245.2000,3245.6000,3245.8000,3246.0000,3246.2000,1,3,3,4,1,1,2,2,3,1
SF,IH2012,2020-09-15 09:33:51.100,3244.8000,25870,-1,514066500.000,1,0,1,双平,S,3244.6000,3244.0000,3243.8000,3242.6000,3242.4000,3245.0000,3245.6000,3245.8000,3246.0000,3246.2000,3,3,4,1,5,4,1,2,3,1
SF,IH2012,2020-09-15 09:33:51.600,3244.6000,25870,0,515039880.000,1,0,1,多换,S,3244.6000,3244.0000,3243.8000,3242.6000,3242.4000,3245.0000,3245.6000,3245.8000,3246.0000,3246.2000,2,3,4,1,5,4,1,2,1,1
SF,IH2012,2020-09-15 09:33:52.100,3244.6000,25870,0,516013260.000,1,0,1,多换,S,3244.0000,3243.8000,3242.6000,3242.4000,3242.2000,3245.0000,3245.6000,3245.8000,3246.0000,3246.2000,3,4,1,5,1,6,1,2,1,1
SF,IH2012,2020-09-15 09:33:52.600,3244.6000,25870,0,516013260.000,0,-,-,-,-,3244.2000,3244.0000,3243.8000,3242.6000,3242.4000,3245.0000,3245.6000,3245.8000,3246.0000,3246.2000,1,3,4,1,5,6,1,2,1,1
SF,IH2012,2020-09-15 09:33:53.100,3244.6000,25870,0,516013260.000,0,-,-,-,-,3244.4000,3244.2000,3244.0000,3243.8000,3242.4000,3245.0000,3245.6000,3245.8000,3246.0000,3246.2000,1,1,3,4,5,6,1,2,1,1
SF,IH2012,2020-09-15 09:33:53.600,3244.6000,25870,0,516013260.000,0,-,-,-,-,3244.0000,3243.8000,3242.4000,3242.2000,3242.0000,3245.0000,3245.6000,3245.8000,3246.0000,3246.2000,3,4,5,1,2,9,1,2,1,1
SF,IH2012,2020-09-15 09:33:54.100,3244.6000,25870,0,516013260.000,0,-,-,-,-,3244.0000,3243.8000,3242.4000,3242.2000,3242.0000,3245.0000,3245.6000,3245.8000,3246.0000,3246.2000,4,4,5,1,2,9,1,2,1,1
SF,IH2012,2020-09-15 09:33:54.600,3244.6000,25870,0,516013260.000,0,-,-,-,-,3244.0000,3243.8000,3242.4000,3242.2000,3242.0000,3245.0000,3245.6000,3245.8000,3246.0000,3246.2000,3,4,5,1,2,10,1,2,1,1
SF,IH2012,2020-09-15 09:33:56.100,3244.6000,25870,0,516013260.000,0,-,-,-,-,3244.0000,3243.8000,3242.4000,3242.2000,3242.0000,3244.4000,3245.0000,3245.6000,3245.8000,3246.0000,3,4,5,1,2,3,10,1,2,1
SF,IH2012,2020-09-15 09:33:56.600,3244.0000,25868,-2,517959660.000,2,0,2,双平,S,3244.0000,3243.8000,3242.4000,3242.2000,3242.0000,3244.4000,3245.0000,3245.6000,3245.8000,3246.0000,1,4,5,1,2,3,10,1,2,1
SF,IH2012,2020-09-15 09:33:57.100,3244.0000,25868,0,517959660.000,0,-,-,-,-,3244.0000,3243.8000,3242.4000,3242.2000,3242.0000,3244.4000,3245.0000,3245.6000,3245.8000,3246.0000,1,4,5,1,2,3,8,1,2,1
SF,IH2012,2020-09-15 09:33:57.600,3244.0000,25868,0,517959660.000,0,-,-,-,-,3244.0000,3243.8000,3242.4000,3242.2000,3242.0000,3244.4000,3245.0000,3245.6000,3245.8000,3246.0000,1,4,5,1,2,5,8,1,2,1
SF,IH2012,2020-09-15 09:33:58.600,3244.0000,25868,0,517959660.000,0,-,-,-,-,3244.2000,3244.0000,3243.8000,3242.4000,3242.2000,3244.4000,3245.0000,3245.6000,3245.8000,3246.0000,1,1,4,5,1,2,8,1,2,1
SF,IH2012,2020-09-15 09:33:59.100,3244.0000,25868,0,517959660.000,0,-,-,-,-,3244.0000,3243.8000,3242.4000,3242.2000,3242.0000,3244.4000,3245.0000,3245.6000,3245.8000,3246.0000,1,4,5,1,2,2,5,1,2,1
SF,IH2012,2020-09-15 09:33:59.600,3244.0000,25868,0,517959660.000,0,-,-,-,-,3244.0000,3243.8000,3242.4000,3242.2000,3242.0000,3244.2000,3244.4000,3245.0000,3245.6000,3245.8000,1,4,5,1,2,1,5,5,1,2
SF,IH2012,2020-09-15 09:34:00.100,3244.4000,25864,-4,523799520.000,6,1,5,多平,S,3244.2000,3244.0000,3243.8000,3242.4000,3242.2000,3245.0000,3245.6000,3246.0000,3246.6000,3249.0000,1,1,4,5,1,5,1,1,1,1
SF,IH2012,2020-09-15 09:34:00.600,3244.4000,25864,0,523799520.000,0,-,-,-,-,3244.4000,3244.2000,3244.0000,3243.8000,3242.4000,3244.8000,3245.0000,3245.6000,3246.0000,3246.6000,3,1,1,4,5,1,4,1,1,1
SF,IH2012,2020-09-15 09:34:01.100,3245.0000,25861,-3,526719960.000,3,0,3,双平,S,3244.4000,3244.2000,3244.0000,3243.8000,3242.4000,3245.0000,3245.6000,3246.0000,3246.6000,3249.0000,3,1,1,4,5,1,1,1,2,1
SF,IH2012,2020-09-15 09:34:01.600,3245.0000,25861,0,526719960.000,0,-,-,-,-,3244.4000,3244.2000,3244.0000,3243.8000,3242.4000,3245.0000,3245.6000,3246.0000,3246.6000,3249.0000,4,1,1,4,5,1,1,1,2,1
SF,IH2012,2020-09-15 09:34:02.100,3244.4000,25859,-2,528666600.000,2,0,2,双平,S,3244.4000,3244.2000,3244.0000,3243.8000,3242.4000,3245.0000,3245.6000,3246.0000,3246.6000,3249.0000,2,1,1,4,5,1,1,1,2,1
SF,IH2012,2020-09-15 09:34:02.600,3244.4000,25859,0,528666600.000,0,-,-,-,-,3244.6000,3244.4000,3244.2000,3244.0000,3243.8000,3245.0000,3245.6000,3246.0000,3246.6000,3249.0000,1,2,1,2,4,1,1,1,2,1
SF,IH2012,2020-09-15 09:34:03.100,3244.6000,25858,-1,529639980.000,1,0,1,双平,S,3244.4000,3244.2000,3244.0000,3243.8000,3242.4000,3245.0000,3245.6000,3246.0000,3246.6000,3249.0000,2,1,2,4,5,1,1,1,2,1
SF,IH2012,2020-09-15 09:34:03.600,3244.6000,25858,0,529639980.000,0,-,-,-,-,3244.4000,3244.2000,3244.0000,3243.8000,3242.4000,3244.6000,3245.0000,3245.6000,3246.0000,3246.6000,2,1,2,4,5,1,1,1,1,2
SF,IH2012,2020-09-15 09:34:04.100,3244.6000,25857,-1,530613360.000,1,0,1,双平,S,3244.4000,3244.2000,3244.0000,3243.8000,3242.4000,3245.0000,3245.6000,3246.0000,3246.6000,3249.0000,2,1,2,4,5,2,1,1,2,1
SF,IH2012,2020-09-15 09:34:04.600,3245.0000,25856,-1,531586860.000,1,0,1,双平,S,3244.4000,3244.2000,3244.0000,3243.8000,3242.4000,3245.0000,3245.6000,3246.0000,3246.6000,3249.0000,2,1,2,4,5,1,1,1,2,1
SF,IH2012,2020-09-15 09:34:05.100,3245.0000,25855,-1,532560360.000,1,0,1,双平,S,3245.0000,3244.4000,3244.0000,3243.8000,3242.4000,3245.6000,3246.0000,3246.6000,3249.0000,3249.6000,1,2,2,4,5,1,1,2,1,1
SF,IH2012,2020-09-15 09:34:06.600,3244.4000,25854,-1,533533680.000,1,0,1,双平,S,3244.4000,3244.0000,3243.8000,3242.4000,3242.2000,3245.6000,3246.0000,3246.6000,3249.0000,3249.6000,1,2,4,5,1,1,1,2,1,1
SF,IH2012,2020-09-15 09:34:07.100,3244.4000,25854,0,533533680.000,0,-,-,-,-,3244.6000,3244.4000,3244.0000,3243.8000,3242.4000,3245.6000,3246.0000,3246.6000,3249.0000,3249.6000,1,1,2,4,5,1,1,2,1,1
SF,IH2012,2020-09-15 09:34:07.600,3244.4000,25854,0,533533680.000,0,-,-,-,-,3244.8000,3244.4000,3244.0000,3243.8000,3242.4000,3245.6000,3246.0000,3246.6000,3249.0000,3249.6000,1,1,2,4,5,1,1,2,1,1
SF,IH2012,2020-09-15 09:34:08.100,3245.6000,25854,0,535480860.000,2,1,1,多换,S,3245.6000,3244.8000,3244.0000,3243.8000,3242.4000,3246.0000,3246.6000,3249.0000,3249.6000,3250.0000,18,1,2,4,5,1,2,1,1,1
SF,IH2012,2020-09-15 09:34:08.600,3245.6000,25855,1,542296620.000,7,4,3,空开,S,3245.6000,3244.8000,3244.0000,3243.8000,3242.4000,3246.0000,3246.6000,3249.0000,3249.6000,3250.0000,11,1,2,4,5,1,2,1,1,1
SF,IH2012,2020-09-15 09:34:09.100,3246.0000,25854,-1,546191460.000,4,1,3,多平,S,3245.6000,3244.8000,3244.0000,3243.8000,3242.4000,3246.6000,3249.0000,3249.6000,3250.0000,3250.6000,8,1,2,4,5,2,1,1,1,1
SF,IH2012,2020-09-15 09:34:09.600,3246.0000,25854,0,548139060.000,2,1,1,多换,S,3245.8000,3245.6000,3244.0000,3243.8000,3242.4000,3246.0000,3246.6000,3249.0000,3249.6000,3250.0000,1,9,2,4,5,1,2,1,1,1
SF,IH2012,2020-09-15 09:34:10.100,3246.0000,25854,0,549112860.000,1,0,1,多换,S,3245.6000,3244.0000,3243.8000,3242.4000,3242.2000,3246.6000,3249.0000,3249.6000,3250.0000,3250.6000,8,2,4,5,1,2,1,1,1,1
SF,IH2012,2020-09-15 09:34:10.600,3246.0000,25854,0,549112860.000,0,-,-,-,-,3245.6000,3244.0000,3243.8000,3242.4000,3242.2000,3246.6000,3249.0000,3249.6000,3250.0000,3250.6000,8,2,4,5,1,2,1,1,1,1
SF,IH2012,2020-09-15 09:34:12.100,3246.0000,25854,0,549112860.000,0,-,-,-,-,3245.8000,3245.6000,3244.0000,3243.8000,3242.4000,3246.6000,3249.0000,3249.6000,3250.0000,3250.6000,1,8,2,4,5,2,1,1,1,1
SF,IH2012,2020-09-15 09:34:12.600,3246.0000,25854,0,549112860.000,0,-,-,-,-,3245.6000,3244.0000,3243.8000,3242.4000,3242.2000,3246.6000,3249.0000,3249.6000,3250.0000,3250.6000,8,2,4,5,1,2,1,1,1,1
SF,IH2012,2020-09-15 09:34:13.100,3246.6000,25854,0,551060820.000,2,1,1,多换,S,3245.8000,3245.6000,3244.0000,3243.8000,3242.4000,3246.6000,3249.0000,3249.6000,3250.0000,3250.6000,1,8,2,4,5,3,1,1,1,1
SF,IH2012,2020-09-15 09:34:13.600,3246.6000,25854,0,551060820.000,0,-,-,-,-,3245.6000,3244.0000,3243.8000,3242.4000,3242.2000,3246.6000,3249.0000,3249.6000,3250.0000,3250.6000,8,2,4,5,1,3,1,1,1,1
SF,IH2012,2020-09-15 09:34:14.100,3246.6000,25854,0,551060820.000,0,-,-,-,-,3245.6000,3244.0000,3243.8000,3242.4000,3242.2000,3246.6000,3248.8000,3249.0000,3249.6000,3250.0000,8,2,4,5,1,3,1,1,1,1
SF,IH2012,2020-09-15 09:34:14.600,3246.6000,25852,-2,553982760.000,3,0,3,多平,S,3246.6000,3245.8000,3245.6000,3244.0000,3243.8000,3248.8000,3249.0000,3249.6000,3250.0000,3250.6000,1,1,8,2,4,1,1,1,1,1
SF,IH2012,2020-09-15 09:34:15.100,3246.6000,25852,0,555930720.000,2,1,1,多换,S,3245.6000,3244.0000,3243.8000,3242.4000,3242.2000,3246.6000,3247.0000,3247.2000,3247.4000,3248.6000,8,2,4,5,1,2,3,1,1,9
SF,IH2012,2020-09-15 09:34:15.600,3246.6000,25852,0,555930720.000,0,-,-,-,-,3245.8000,3245.6000,3245.0000,3244.0000,3243.8000,3248.6000,3248.8000,3249.0000,3249.6000,3250.0000,4,9,1,2,4,9,2,1,1,1
SF,IH2012,2020-09-15 09:34:16.100,3246.6000,25852,0,555930720.000,0,-,-,-,-,3246.0000,3245.8000,3245.6000,3245.0000,3244.0000,3247.6000,3248.6000,3248.8000,3249.0000,3249.6000,4,2,8,1,2,1,11,1,1,1
SF,IH2012,2020-09-15 09:34:16.600,3246.6000,25852,0,555930720.000,0,-,-,-,-,3246.2000,3246.0000,3245.6000,3245.0000,3244.0000,3247.4000,3247.6000,3248.6000,3248.8000,3249.0000,4,5,8,1,2,5,2,6,1,1
SF,IH2012,2020-09-15 09:34:17.100,3246.6000,25852,0,555930720.000,0,-,-,-,-,3246.2000,3246.0000,3245.6000,3245.0000,3244.0000,3246.8000,3247.4000,3247.6000,3248.6000,3248.8000,1,5,8,1,2,3,6,1,5,1
SF,IH2012,2020-09-15 09:34:17.600,3246.6000,25852,0,555930720.000,0,-,-,-,-,3246.2000,3246.0000,3245.6000,3245.0000,3244.0000,3246.8000,3247.4000,3247.6000,3248.6000,3248.8000,1,1,8,1,2,3,6,1,5,1
SF,IH2012,2020-09-15 09:34:18.100,3246.6000,25852,0,555930720.000,0,-,-,-,-,3246.0000,3245.6000,3245.0000,3244.0000,3243.8000,3246.6000,3246.8000,3247.4000,3247.6000,3248.6000,1,8,1,2,4,1,3,6,1,5
SF,IH2012,2020-09-15 09:34:19.100,3246.6000,25852,0,555930720.000,0,-,-,-,-,3246.0000,3245.6000,3245.0000,3244.0000,3243.8000,3246.6000,3246.8000,3247.4000,3247.6000,3248.6000,1,8,1,2,4,1,3,5,1,5
SF,IH2012,2020-09-15 09:34:19.600,3246.6000,25852,0,555930720.000,0,-,-,-,-,3245.6000,3245.0000,3244.0000,3243.8000,3242.4000,3246.6000,3246.8000,3247.4000,3247.6000,3248.6000,8,1,2,4,5,1,3,5,1,5
SF,IH2012,2020-09-15 09:34:20.100,3246.6000,25852,0,555930720.000,0,-,-,-,-,3245.8000,3245.0000,3244.0000,3243.8000,3242.4000,3246.6000,3246.8000,3247.4000,3247.6000,3248.6000,2,1,2,4,5,1,3,5,1,5
SF,IH2012,2020-09-15 09:34:20.600,3246.6000,25852,0,555930720.000,0,-,-,-,-,3245.8000,3245.0000,3244.0000,3243.8000,3242.4000,3246.6000,3246.8000,3247.4000,3247.6000,3248.6000,2,1,2,4,5,1,3,5,1,5
SF,IH2012,2020-09-15 09:34:23.600,3246.6000,25852,0,556904700.000,1,0,1,多换,S,3245.8000,3245.0000,3244.0000,3243.8000,3243.0000,3246.8000,3247.4000,3247.6000,3248.6000,3248.8000,2,1,2,4,1,3,4,1,5,1
SF,IH2012,2020-09-15 09:34:24.100,3245.8000,25851,-1,558852480.000,2,0,2,多平,S,3245.8000,3245.0000,3244.0000,3243.8000,3243.0000,3246.8000,3247.4000,3247.6000,3248.6000,3248.8000,1,1,2,4,1,2,4,1,5,1
SF,IH2012,2020-09-15 09:34:24.600,3245.8000,25851,0,558852480.000,0,-,-,-,-,3246.0000,3245.0000,3244.0000,3243.8000,3243.0000,3246.8000,3247.0000,3247.4000,3248.6000,3248.8000,1,2,2,4,1,3,1,4,5,1
SF,IH2012,2020-09-15 09:34:25.100,3245.8000,25851,0,558852480.000,0,-,-,-,-,3245.0000,3244.0000,3243.8000,3243.0000,3242.4000,3246.8000,3247.0000,3247.4000,3248.6000,3248.8000,2,2,4,1,5,3,1,4,5,1
SF,IH2012,2020-09-15 09:34:25.600,3245.8000,25851,0,558852480.000,0,-,-,-,-,3245.4000,3245.2000,3245.0000,3244.0000,3243.8000,3246.4000,3246.6000,3246.8000,3247.0000,3247.4000,3,5,3,2,4,1,1,3,1,3
SF,IH2012,2020-09-15 09:34:26.100,3245.8000,25851,0,558852480.000,0,-,-,-,-,3245.6000,3245.4000,3245.2000,3245.0000,3244.0000,3246.4000,3246.6000,3246.8000,3247.0000,3247.4000,7,4,2,2,2,1,1,3,1,3
SF,IH2012,2020-09-15 09:34:26.600,3245.8000,25851,0,558852480.000,0,-,-,-,-,3245.6000,3245.4000,3245.2000,3245.0000,3244.0000,3246.4000,3246.6000,3246.8000,3247.4000,3248.6000,8,3,2,2,1,1,1,3,3,5
SF,IH2012,2020-09-15 09:34:27.100,3245.8000,25851,0,558852480.000,0,-,-,-,-,3245.6000,3245.4000,3245.2000,3245.0000,3244.0000,3246.4000,3246.6000,3246.8000,3247.4000,3248.6000,8,3,2,2,1,1,1,3,3,5
SF,IH2012,2020-09-15 09:34:27.600,3245.8000,25851,0,558852480.000,0,-,-,-,-,3245.6000,3245.4000,3245.2000,3245.0000,3244.0000,3246.4000,3246.6000,3246.8000,3247.4000,3248.6000,8,3,2,2,1,1,1,3,3,6
SF,IH2012,2020-09-15 09:34:28.100,3245.8000,25851,0,558852480.000,0,-,-,-,-,3245.6000,3245.4000,3245.2000,3245.0000,3244.0000,3246.4000,3246.6000,3246.8000,3247.4000,3248.6000,9,3,2,2,1,1,1,3,3,6
SF,IH2012,2020-09-15 09:34:28.600,3245.8000,25851,0,558852480.000,0,-,-,-,-,3245.6000,3245.4000,3245.0000,3244.0000,3243.8000,3246.4000,3246.6000,3246.8000,3247.4000,3248.6000,9,3,2,1,4,1,2,3,3,6
SF,IH2012,2020-09-15 09:34:29.100,3245.8000,25851,0,558852480.000,0,-,-,-,-,3245.6000,3245.4000,3245.0000,3244.0000,3243.8000,3246.4000,3246.6000,3246.8000,3247.4000,3248.6000,10,3,2,1,4,1,2,3,3,6
SF,IH2012,2020-09-15 09:34:30.600,3245.6000,25850,-1,559826160.000,1,0,1,双平,S,3245.6000,3245.0000,3244.0000,3243.8000,3243.0000,3246.4000,3246.6000,3246.8000,3247.4000,3248.6000,8,2,1,4,1,1,2,1,3,6
SF,IH2012,2020-09-15 09:34:31.100,3245.6000,25850,0,559826160.000,0,-,-,-,-,3245.8000,3245.6000,3245.0000,3244.0000,3243.8000,3246.4000,3246.6000,3246.8000,3247.4000,3248.6000,1,7,2,1,4,1,2,1,3,6
SF,IH2012,2020-09-15 09:34:31.600,3245.6000,25850,0,564694560.000,5,2,3,多换,S,3245.6000,3245.0000,3244.0000,3243.8000,3243.0000,3246.4000,3246.6000,3246.8000,3247.4000,3248.6000,2,2,1,4,1,1,2,1,3,6
SF,IH2012,2020-09-15 09:34:32.100,3245.6000,25850,0,566641920.000,2,1,1,多换,S,3245.0000,3244.0000,3243.8000,3243.0000,3242.2000,3246.2000,3246.4000,3246.6000,3246.8000,3247.4000,2,1,4,1,1,1,2,1,1,2
SF,IH2012,2020-09-15 09:34:32.600,3245.6000,25850,0,566641920.000,0,-,-,-,-,3245.2000,3245.0000,3244.0000,3243.8000,3243.0000,3246.0000,3246.2000,3246.4000,3246.6000,3247.4000,2,2,1,4,1,1,2,2,1,2
SF,IH2012,2020-09-15 09:34:33.100,3245.0000,25849,-1,568588980.000,2,0,2,多平,S,3245.0000,3244.0000,3243.8000,3243.0000,3242.2000,3246.0000,3246.2000,3246.4000,3246.6000,3247.4000,1,1,4,1,1,2,2,1,1,2
SF,IH2012,2020-09-15 09:34:33.600,3245.0000,25848,-1,569562480.000,1,0,1,双平,S,3244.0000,3243.8000,3243.0000,3242.2000,3242.0000,3245.0000,3245.8000,3246.0000,3246.2000,3246.6000,1,4,1,1,1,1,3,2,1,1
SF,IH2012,2020-09-15 09:34:34.100,3244.4000,25847,-1,570535800.000,1,0,1,双平,S,3244.4000,3244.2000,3244.0000,3243.8000,3243.0000,3245.0000,3245.8000,3246.0000,3246.2000,3246.6000,2,2,1,4,1,1,2,2,1,1
SF,IH2012,2020-09-15 09:34:34.600,3244.4000,25847,0,570535800.000,0,-,-,-,-,3244.4000,3244.2000,3244.0000,3243.8000,3243.0000,3245.0000,3245.8000,3246.0000,3246.2000,3246.6000,2,1,1,4,1,1,2,2,1,1
SF,IH2012,2020-09-15 09:34:35.600,3245.0000,25846,-1,571509300.000,1,0,1,双平,S,3244.4000,3244.2000,3244.0000,3243.8000,3243.0000,3245.8000,3246.0000,3246.2000,3246.6000,3247.4000,2,1,1,4,1,2,2,1,1,2
SF,IH2012,2020-09-15 09:34:36.100,3245.0000,25846,0,571509300.000,0,-,-,-,-,3244.6000,3244.4000,3244.2000,3244.0000,3243.8000,3245.8000,3246.0000,3246.6000,3247.4000,3248.6000,2,2,1,1,4,3,2,1,2,6
SF,IH2012,2020-09-15 09:34:36.600,3245.0000,25846,0,571509300.000,0,-,-,-,-,3244.6000,3244.4000,3244.2000,3244.0000,3243.8000,3245.6000,3245.8000,3246.0000,3246.6000,3247.4000,2,2,1,1,4,1,3,2,1,2
SF,IH2012,2020-09-15 09:34:37.600,3245.0000,25846,0,571509300.000,0,-,-,-,-,3244.6000,3244.4000,3244.2000,3244.0000,3243.8000,3245.6000,3245.8000,3246.0000,3246.6000,3247.4000,2,2,1,1,4,2,3,2,1,2
SF,IH2012,2020-09-15 09:34:38.100,3245.8000,25846,0,573456720.000,2,1,1,多换,S,3245.6000,3244.6000,3244.4000,3244.2000,3244.0000,3245.8000,3246.0000,3246.6000,3247.4000,3248.6000,2,3,1,1,1,2,2,1,2,6
SF,IH2012,2020-09-15 09:34:38.600,3245.6000,25846,0,575404080.000,2,1,1,多换,S,3244.6000,3244.4000,3244.0000,3243.8000,3243.0000,3245.8000,3246.0000,3246.6000,3247.4000,3248.6000,1,1,2,4,1,1,2,1,2,6
SF,IH2012,2020-09-15 09:34:39.100,3245.6000,25846,0,575404080.000,0,-,-,-,-,3244.8000,3244.6000,3244.4000,3244.0000,3243.8000,3245.8000,3246.0000,3246.6000,3247.4000,3248.6000,1,1,1,2,4,1,2,1,2,6
SF,IH2012,2020-09-15 09:34:40.100,3244.8000,25844,-2,577351260.000,2,0,2,双平,S,3244.6000,3244.4000,3244.0000,3243.8000,3243.0000,3246.0000,3246.6000,3247.4000,3248.6000,3248.8000,1,1,2,4,1,2,1,2,6,1
SF,IH2012,2020-09-15 09:34:40.600,3244.8000,25844,0,577351260.000,0,-,-,-,-,3244.8000,3244.6000,3244.0000,3243.8000,3243.0000,3245.8000,3246.0000,3246.6000,3247.4000,3248.6000,3,1,2,4,1,2,2,1,2,6
SF,IH2012,2020-09-15 09:34:41.100,3244.8000,25844,0,577351260.000,0,-,-,-,-,3244.8000,3244.0000,3243.8000,3243.0000,3242.2000,3245.8000,3246.0000,3246.6000,3247.4000,3248.6000,2,2,4,1,1,1,2,1,2,6
SF,IH2012,2020-09-15 09:34:41.600,3244.8000,25844,0,577351260.000,0,-,-,-,-,3244.8000,3244.0000,3243.8000,3243.0000,3242.2000,3245.8000,3246.0000,3246.6000,3247.4000,3248.6000,2,2,4,1,1,1,1,1,2,6
SF,IH2012,2020-09-15 09:34:42.100,3244.8000,25844,0,577351260.000,0,-,-,-,-,3244.8000,3244.0000,3243.8000,3243.0000,3242.2000,3245.6000,3245.8000,3246.0000,3246.6000,3247.4000,2,2,4,2,1,1,1,1,1,2
SF,IH2012,2020-09-15 09:34:43.100,3244.8000,25844,0,577351260.000,0,-,-,-,-,3244.8000,3244.0000,3243.8000,3243.0000,3242.2000,3245.6000,3245.8000,3246.0000,3246.6000,3247.4000,2,2,4,2,1,1,1,2,1,2
SF,IH2012,2020-09-15 09:34:46.600,3244.8000,25844,0,577351260.000,0,-,-,-,-,3245.0000,3244.8000,3244.0000,3243.8000,3243.0000,3245.6000,3245.8000,3246.0000,3246.6000,3247.4000,1,2,2,4,2,1,1,2,1,2
SF,IH2012,2020-09-15 09:34:47.600,3245.6000,25843,-1,578324940.000,1,0,1,双平,S,3245.0000,3244.8000,3244.0000,3243.8000,3243.0000,3245.8000,3246.0000,3246.6000,3247.4000,3248.6000,1,2,2,4,2,1,2,1,2,6
SF,IH2012,2020-09-15 09:34:49.600,3245.8000,25843,0,579298680.000,1,0,1,多换,S,3245.0000,3244.8000,3244.0000,3243.8000,3243.0000,3246.0000,3246.6000,3247.4000,3248.6000,3248.8000,1,2,2,4,2,2,1,2,6,1
SF,IH2012,2020-09-15 09:34:50.100,3245.8000,25843,0,579298680.000,0,-,-,-,-,3245.2000,3245.0000,3244.8000,3244.0000,3243.8000,3245.6000,3245.8000,3246.0000,3246.6000,3247.4000,1,1,1,2,4,3,2,2,1,2
SF,IH2012,2020-09-15 09:34:50.600,3245.2000,25842,-1,580272240.000,1,0,1,双平,S,3245.0000,3244.8000,3244.0000,3243.8000,3243.0000,3245.6000,3246.0000,3246.6000,3247.4000,3248.6000,1,1,2,4,2,3,2,1,2,6
SF,IH2012,2020-09-15 09:34:51.100,3245.0000,25843,1,581245740.000,1,1,0,双开,S,3244.0000,3243.8000,3243.0000,3242.2000,3242.0000,3245.0000,3245.2000,3245.4000,3245.6000,3246.0000,2,4,2,1,1,2,3,1,3,2
SF,IH2012,2020-09-15 09:34:51.600,3244.0000,25842,-1,583192140.000,2,0,2,多平,S,3243.8000,3243.0000,3242.2000,3242.0000,3241.8000,3245.0000,3245.2000,3245.6000,3246.0000,3246.6000,4,2,1,1,1,1,3,3,2,1
