市场代码,合约代码,时间,最新,持仓,增仓,成交额,成交量,开仓,平仓,成交类型,方向,买一价,买二价,买三价,买四价,买五价,卖一价,卖二价,卖三价,卖四价,卖五价,买一量,买二量,买三量,买四量,买五量,卖一量,卖二量,卖三量,卖四量,卖五量
SF,IH2001,2019-12-19 09:29:00.100,3040.0000,13707,0,12768000.000,14.000,-,-,-,-,3040.0000,3038.8000,3037.8000,3037.0000,3036.8000,3042.8000,3043.0000,3043.6000,3044.0000,3044.2000,18,3,8,3,1,1,1,2,1,2
SF,IH2001,2019-12-19 09:30:00.100,3042.6000,13707,0,13680780.000,1,0,1,多换,S,3040.6000,3040.2000,3040.0000,3038.8000,3038.0000,3042.0000,3042.6000,3042.8000,3043.0000,3043.6000,1,4,18,3,1,1,4,1,1,2
SF,IH2001,2019-12-19 09:30:00.600,3041.8000,13707,0,18242940.000,5,2,3,多换,S,3040.8000,3040.6000,3040.0000,3038.8000,3038.0000,3041.8000,3042.0000,3042.4000,3042.6000,3042.8000,1,4,18,3,1,7,4,1,6,1
SF,IH2001,2019-12-19 09:30:01.100,3041.2000,13711,4,33749520.000,17,10,7,空开,S,3040.0000,3038.8000,3038.0000,3037.8000,3037.0000,3040.8000,3041.4000,3041.6000,3041.8000,3042.0000,11,3,1,8,2,1,1,4,10,5
SF,IH2001,2019-12-19 09:30:01.600,3040.8000,13708,-3,36485940.000,3,0,3,双平,S,3040.0000,3039.8000,3038.8000,3038.0000,3037.8000,3040.8000,3041.4000,3041.6000,3041.8000,3042.0000,10,5,3,1,8,1,1,3,8,4
SF,IH2001,2019-12-19 09:30:02.100,3040.8000,13708,0,38310600.000,2,1,1,多换,S,3040.8000,3040.0000,3039.8000,3038.8000,3038.0000,3041.6000,3041.8000,3042.0000,3042.4000,3042.6000,1,10,6,3,1,2,8,4,1,5
SF,IH2001,2019-12-19 09:30:02.600,3040.8000,13705,-3,41959560.000,4,0,4,多平,S,3040.8000,3040.0000,3039.8000,3038.8000,3038.0000,3041.4000,3041.6000,3041.8000,3042.0000,3042.4000,1,10,6,3,1,4,5,2,4,1
SF,IH2001,2019-12-19 09:30:03.100,3041.2000,13704,-1,45608700.000,4,1,3,多平,S,3040.0000,3039.8000,3038.8000,3038.0000,3037.8000,3041.2000,3041.4000,3041.6000,3041.8000,3042.0000,10,5,3,1,8,1,4,2,2,4
SF,IH2001,2019-12-19 09:30:03.600,3041.2000,13704,0,45608700.000,0,-,-,-,-,3040.0000,3039.8000,3038.8000,3038.0000,3037.8000,3040.8000,3041.0000,3041.2000,3041.4000,3041.6000,10,9,3,1,8,3,4,1,2,2
SF,IH2001,2019-12-19 09:30:04.100,3041.2000,13704,0,45608700.000,0,-,-,-,-,3040.2000,3040.0000,3039.8000,3038.8000,3038.0000,3040.4000,3040.6000,3040.8000,3041.0000,3041.6000,2,10,9,3,1,1,4,3,2,1
SF,IH2001,2019-12-19 09:30:04.600,3040.2000,13705,1,51081120.000,6,3,3,空开,S,3040.4000,3040.0000,3039.8000,3038.8000,3038.0000,3040.6000,3040.8000,3042.0000,3042.6000,3042.8000,3,10,9,3,1,2,3,5,3,1
SF,IH2001,2019-12-19 09:30:05.100,3040.4000,13705,0,56553840.000,6,3,3,多换,S,3040.0000,3039.8000,3038.8000,3038.0000,3037.8000,3040.8000,3042.0000,3042.6000,3042.8000,3043.0000,10,9,3,1,8,3,5,3,1,1
SF,IH2001,2019-12-19 09:30:05.600,3040.0000,13705,0,57465840.000,1,0,1,多换,S,3040.0000,3039.8000,3038.8000,3038.0000,3037.8000,3040.2000,3040.4000,3040.8000,3042.0000,3042.6000,9,10,3,1,8,1,2,5,5,3
SF,IH2001,2019-12-19 09:30:06.100,3040.0000,13703,-2,60201900.000,3,0,3,多平,S,3040.0000,3039.8000,3038.8000,3038.0000,3037.8000,3040.4000,3040.8000,3042.0000,3042.6000,3042.8000,7,10,3,1,8,2,5,5,3,1
SF,IH2001,2019-12-19 09:30:06.600,3040.0000,13705,2,62025900.000,2,2,0,双开,S,3040.0000,3039.8000,3038.8000,3038.0000,3037.8000,3040.4000,3040.8000,3042.0000,3042.6000,3042.8000,7,12,3,1,8,3,4,5,3,1
SF,IH2001,2019-12-19 09:30:07.100,3040.0000,13705,0,62937900.000,1,0,1,多换,S,3040.0000,3039.8000,3038.8000,3038.0000,3037.8000,3040.4000,3040.8000,3042.0000,3042.6000,3042.8000,6,12,3,1,8,3,3,5,3,1
SF,IH2001,2019-12-19 09:30:07.600,3040.0000,13705,0,66585900.000,4,2,2,多换,S,3040.0000,3039.8000,3038.8000,3038.0000,3037.8000,3040.4000,3040.8000,3042.0000,3042.6000,3042.8000,2,12,3,1,8,3,3,5,3,1
SF,IH2001,2019-12-19 09:30:08.100,3040.0000,13705,0,66585900.000,0,-,-,-,-,3040.0000,3039.8000,3038.8000,3038.0000,3037.8000,3040.4000,3040.8000,3042.0000,3042.6000,3042.8000,2,12,3,1,8,4,3,5,3,1
SF,IH2001,2019-12-19 09:30:08.600,3040.0000,13705,0,66585900.000,0,-,-,-,-,3040.0000,3039.8000,3038.8000,3038.0000,3037.8000,3040.2000,3040.4000,3040.8000,3042.0000,3042.6000,2,12,3,1,8,2,4,3,5,3
SF,IH2001,2019-12-19 09:30:09.100,3040.0000,13705,0,66585900.000,0,-,-,-,-,3040.0000,3039.8000,3038.8000,3038.0000,3037.8000,3040.2000,3040.4000,3040.8000,3042.0000,3042.6000,2,12,3,1,8,2,4,2,5,3
SF,IH2001,2019-12-19 09:30:09.600,3040.4000,13703,-2,72970380.000,7,2,5,多平,S,3039.8000,3038.8000,3038.0000,3037.8000,3037.2000,3040.4000,3040.8000,3042.0000,3042.6000,3042.8000,13,3,1,8,1,1,2,5,3,1
SF,IH2001,2019-12-19 09:30:10.100,3040.2000,13702,-1,73882440.000,1,0,1,双平,S,3039.8000,3038.8000,3038.0000,3037.8000,3037.2000,3040.2000,3040.4000,3040.8000,3041.4000,3042.0000,13,3,1,8,1,1,1,2,1,5
SF,IH2001,2019-12-19 09:30:11.100,3040.2000,13703,1,75706440.000,2,1,1,空开,S,3040.2000,3039.8000,3038.8000,3038.0000,3037.8000,3040.4000,3040.8000,3041.4000,3042.0000,3042.6000,1,12,3,1,8,1,2,1,5,3
SF,IH2001,2019-12-19 09:30:11.600,3040.4000,13704,1,78442680.000,3,2,1,空开,S,3040.0000,3039.8000,3038.8000,3038.0000,3037.8000,3040.8000,3041.4000,3042.0000,3042.6000,3042.8000,3,8,3,1,8,2,1,5,3,1
SF,IH2001,2019-12-19 09:30:12.100,3040.0000,13705,1,81178860.000,3,2,1,空开,S,3040.0000,3039.8000,3038.8000,3038.0000,3037.8000,3040.6000,3040.8000,3041.4000,3042.0000,3042.6000,1,8,3,1,8,1,2,1,5,3
SF,IH2001,2019-12-19 09:30:12.600,3040.0000,13705,0,81178860.000,0,-,-,-,-,3040.0000,3039.8000,3038.8000,3038.0000,3037.8000,3040.6000,3040.8000,3041.4000,3042.0000,3042.6000,1,10,3,1,8,1,2,1,5,3
SF,IH2001,2019-12-19 09:30:13.100,3040.0000,13705,0,81178860.000,0,-,-,-,-,3040.2000,3040.0000,3039.8000,3038.8000,3038.0000,3040.4000,3040.6000,3040.8000,3041.4000,3042.0000,1,1,10,3,1,1,1,2,1,5
SF,IH2001,2019-12-19 09:30:13.600,3040.2000,13705,0,83003040.000,2,1,1,多换,S,3040.0000,3039.8000,3038.8000,3038.0000,3037.8000,3040.6000,3040.8000,3041.4000,3042.0000,3042.6000,1,10,3,1,8,1,2,1,5,3
SF,IH2001,2019-12-19 09:30:14.100,3040.2000,13700,-5,87563340.000,5,0,5,双平,S,3040.2000,3040.0000,3039.8000,3038.8000,3038.0000,3040.4000,3040.6000,3040.8000,3041.4000,3042.0000,2,1,10,3,1,1,1,2,1,5
SF,IH2001,2019-12-19 09:30:14.600,3040.4000,13700,0,88475460.000,1,0,1,多换,S,3040.4000,3040.2000,3040.0000,3039.8000,3038.8000,3040.6000,3040.8000,3041.4000,3042.0000,3042.6000,1,1,1,10,3,1,2,1,5,3
SF,IH2001,2019-12-19 09:30:15.100,3040.6000,13700,0,89387640.000,1,0,1,多换,S,3040.6000,3040.4000,3040.0000,3039.8000,3038.8000,3040.8000,3041.4000,3042.0000,3042.6000,3042.8000,1,5,1,10,3,2,1,5,3,1
SF,IH2001,2019-12-19 09:30:15.600,3040.6000,13699,-1,90299820.000,1,0,1,双平,S,3040.4000,3040.0000,3039.8000,3038.8000,3038.0000,3040.8000,3042.0000,3042.6000,3042.8000,3043.0000,6,1,10,3,1,2,5,3,1,1
SF,IH2001,2019-12-19 09:30:16.100,3040.6000,13699,0,90299820.000,0,-,-,-,-,3040.4000,3040.0000,3039.8000,3038.8000,3038.0000,3040.8000,3042.0000,3042.6000,3042.8000,3043.0000,6,1,10,3,1,2,5,3,1,1
SF,IH2001,2019-12-19 09:30:16.600,3040.4000,13698,-1,93948300.000,4,1,3,多平,S,3040.4000,3040.0000,3039.8000,3039.4000,3038.8000,3040.6000,3040.8000,3042.0000,3042.6000,3042.8000,3,1,10,2,3,1,2,5,3,1
SF,IH2001,2019-12-19 09:30:17.100,3040.6000,13697,-1,94860480.000,1,0,1,双平,S,3040.4000,3040.0000,3039.8000,3039.4000,3038.8000,3040.8000,3042.0000,3042.6000,3042.8000,3043.0000,3,1,10,2,3,2,5,3,1,1
SF,IH2001,2019-12-19 09:30:17.600,3040.6000,13696,-1,95772660.000,1,0,1,双平,S,3040.4000,3040.0000,3039.8000,3039.4000,3038.8000,3040.6000,3040.8000,3041.4000,3042.0000,3042.6000,3,1,10,2,3,4,2,1,5,2
SF,IH2001,2019-12-19 09:30:18.100,3040.4000,13696,0,97596900.000,2,1,1,多换,S,3040.4000,3040.0000,3039.8000,3039.4000,3038.8000,3040.6000,3040.8000,3041.4000,3042.0000,3042.6000,1,1,10,2,3,4,2,1,5,2
SF,IH2001,2019-12-19 09:30:18.600,3040.4000,13695,-1,98509020.000,1,0,1,双平,S,3040.2000,3040.0000,3039.8000,3039.4000,3038.8000,3040.6000,3040.8000,3041.4000,3042.0000,3042.6000,3,1,10,2,3,4,2,1,5,2
SF,IH2001,2019-12-19 09:30:19.100,3040.4000,13695,0,98509020.000,0,-,-,-,-,3040.2000,3040.0000,3039.8000,3039.4000,3038.8000,3040.6000,3040.8000,3041.4000,3042.0000,3042.6000,3,1,10,2,3,4,3,1,5,2
SF,IH2001,2019-12-19 09:30:19.600,3040.4000,13695,0,98509020.000,0,-,-,-,-,3040.2000,3040.0000,3039.8000,3039.4000,3038.8000,3040.6000,3040.8000,3041.0000,3041.4000,3042.0000,3,1,10,2,3,4,3,1,1,5
SF,IH2001,2019-12-19 09:30:20.100,3040.4000,13695,0,98509020.000,0,-,-,-,-,3040.4000,3040.2000,3040.0000,3039.8000,3039.4000,3040.6000,3040.8000,3041.0000,3041.4000,3042.0000,2,3,1,10,2,4,3,1,1,5
SF,IH2001,2019-12-19 09:30:20.600,3040.6000,13692,-3,101245440.000,3,0,3,双平,S,3040.2000,3040.0000,3039.8000,3039.4000,3038.8000,3040.6000,3040.8000,3041.0000,3041.4000,3042.0000,3,1,10,2,3,4,3,1,1,3
SF,IH2001,2019-12-19 09:30:21.100,3040.6000,13692,0,101245440.000,0,-,-,-,-,3040.2000,3040.0000,3039.8000,3039.4000,3038.8000,3040.6000,3040.8000,3041.0000,3041.4000,3042.0000,4,1,10,2,3,5,3,1,1,3
SF,IH2001,2019-12-19 09:30:21.600,3040.2000,13693,1,102157500.000,1,1,0,双开,S,3040.2000,3040.0000,3039.8000,3039.4000,3038.8000,3040.6000,3040.8000,3041.0000,3041.4000,3042.0000,3,7,10,2,3,5,3,1,1,3
SF,IH2001,2019-12-19 09:30:22.100,3040.2000,13693,0,102157500.000,0,-,-,-,-,3040.2000,3040.0000,3039.8000,3039.4000,3038.0000,3040.6000,3040.8000,3041.0000,3041.4000,3042.0000,6,7,10,2,1,5,3,1,1,3
SF,IH2001,2019-12-19 09:30:22.600,3040.2000,13693,0,103069560.000,1,0,1,多换,S,3040.2000,3040.0000,3039.8000,3039.4000,3038.0000,3040.4000,3040.6000,3040.8000,3041.0000,3041.4000,5,7,10,2,1,1,5,3,1,1
SF,IH2001,2019-12-19 09:30:23.600,3040.2000,13693,0,103069560.000,0,-,-,-,-,3040.2000,3040.0000,3039.8000,3039.4000,3038.0000,3040.4000,3040.6000,3040.8000,3041.0000,3041.4000,4,7,10,2,1,2,5,3,1,1
SF,IH2001,2019-12-19 09:30:24.100,3040.2000,13693,0,104893740.000,2,1,1,多换,S,3040.2000,3040.0000,3039.8000,3039.4000,3038.0000,3040.4000,3040.6000,3040.8000,3041.0000,3041.4000,4,7,10,2,1,1,5,3,1,1
SF,IH2001,2019-12-19 09:30:24.600,3040.2000,13690,-3,108541980.000,4,0,4,多平,S,3040.0000,3039.8000,3039.4000,3038.0000,3037.8000,3040.2000,3040.4000,3040.6000,3040.8000,3041.0000,8,10,2,1,6,1,1,5,3,1
SF,IH2001,2019-12-19 09:30:25.100,3040.2000,13689,-1,109454040.000,1,0,1,双平,S,3040.0000,3039.8000,3039.4000,3038.0000,3037.8000,3040.4000,3040.6000,3040.8000,3041.4000,3042.0000,8,10,2,1,6,1,5,3,1,3
SF,IH2001,2019-12-19 09:30:25.600,3040.4000,13689,0,110366160.000,1,0,1,多换,S,3040.0000,3039.8000,3039.4000,3038.0000,3037.8000,3040.6000,3040.8000,3041.4000,3042.0000,3042.6000,8,10,2,1,6,5,3,1,3,1
SF,IH2001,2019-12-19 09:30:26.100,3040.4000,13689,0,110366160.000,0,-,-,-,-,3040.0000,3039.8000,3039.4000,3038.0000,3037.8000,3040.2000,3040.6000,3040.8000,3041.4000,3042.0000,8,10,2,1,6,1,5,3,1,3
SF,IH2001,2019-12-19 09:30:26.600,3040.2000,13689,0,112190280.000,2,1,1,多换,S,3040.2000,3040.0000,3039.8000,3039.4000,3038.0000,3040.6000,3040.8000,3041.4000,3042.0000,3042.6000,1,8,10,2,1,5,3,1,3,1
SF,IH2001,2019-12-19 09:30:27.100,3040.2000,13689,0,112190280.000,0,-,-,-,-,3040.0000,3039.8000,3039.4000,3038.0000,3037.8000,3040.6000,3040.8000,3041.4000,3042.0000,3042.6000,8,10,2,1,6,5,3,1,3,1
SF,IH2001,2019-12-19 09:30:27.600,3040.0000,13689,0,113102280.000,1,0,1,多换,S,3040.0000,3039.8000,3039.4000,3038.0000,3037.8000,3040.6000,3040.8000,3041.4000,3042.0000,3042.6000,7,11,2,1,6,6,3,1,3,1
SF,IH2001,2019-12-19 09:30:28.600,3040.0000,13689,0,113102280.000,0,-,-,-,-,3040.0000,3039.8000,3039.4000,3038.0000,3037.8000,3040.6000,3040.8000,3041.4000,3042.0000,3042.6000,7,11,2,1,6,6,3,1,3,1
SF,IH2001,2019-12-19 09:30:29.100,3040.0000,13689,0,113102280.000,0,-,-,-,-,3040.0000,3039.8000,3039.4000,3038.0000,3037.8000,3040.6000,3040.8000,3041.4000,3042.0000,3042.6000,7,11,2,1,6,6,3,1,3,1
SF,IH2001,2019-12-19 09:30:29.600,3040.0000,13690,1,114926280.000,2,1,1,空开,S,3040.0000,3039.8000,3038.0000,3037.8000,3037.2000,3040.6000,3040.8000,3041.4000,3042.0000,3042.6000,6,13,1,6,1,6,3,1,3,1
SF,IH2001,2019-12-19 09:30:30.100,3040.0000,13691,1,116750280.000,2,1,1,空开,S,3040.0000,3039.8000,3038.0000,3037.8000,3037.2000,3040.6000,3040.8000,3041.4000,3042.0000,3042.6000,4,13,1,6,1,6,3,1,3,1
SF,IH2001,2019-12-19 09:30:30.600,3040.0000,13691,0,116750280.000,0,-,-,-,-,3040.0000,3039.8000,3038.0000,3037.8000,3037.2000,3040.4000,3040.6000,3040.8000,3041.4000,3042.0000,4,14,1,6,1,3,6,3,1,3
SF,IH2001,2019-12-19 09:30:31.100,3040.0000,13692,1,118574280.000,2,1,1,空开,S,3040.0000,3039.8000,3038.0000,3037.8000,3037.2000,3040.4000,3040.6000,3040.8000,3041.4000,3042.0000,2,14,1,6,1,3,6,3,1,3
SF,IH2001,2019-12-19 09:30:31.600,3040.0000,13692,0,118574280.000,0,-,-,-,-,3040.0000,3039.8000,3038.0000,3037.8000,3037.2000,3040.4000,3040.6000,3040.8000,3041.4000,3042.0000,1,16,1,6,1,3,6,3,1,3
SF,IH2001,2019-12-19 09:30:32.100,3040.0000,13691,-1,120398400.000,2,0,2,多平,S,3039.8000,3038.0000,3037.8000,3037.2000,3037.0000,3040.4000,3040.6000,3040.8000,3041.4000,3042.0000,16,1,6,1,1,2,6,3,1,3
SF,IH2001,2019-12-19 09:30:32.600,3040.0000,13691,0,120398400.000,0,-,-,-,-,3039.8000,3038.0000,3037.8000,3037.2000,3037.0000,3040.2000,3040.4000,3040.6000,3040.8000,3041.4000,16,1,6,1,1,1,2,6,3,1
SF,IH2001,2019-12-19 09:30:33.600,3040.2000,13692,1,122222400.000,2,1,1,空开,S,3040.2000,3039.8000,3038.0000,3037.8000,3037.2000,3040.4000,3040.6000,3040.8000,3042.0000,3042.6000,10,15,1,6,1,2,6,4,3,1
SF,IH2001,2019-12-19 09:30:34.100,3039.8000,13697,5,137726580.000,17,11,6,空开,S,3039.8000,3038.0000,3037.8000,3037.2000,3037.0000,3040.0000,3040.2000,3040.4000,3040.6000,3040.8000,8,1,6,1,1,1,3,3,6,4
SF,IH2001,2019-12-19 09:30:34.600,3039.8000,13696,-1,141374340.000,4,1,3,多平,S,3039.8000,3038.0000,3037.8000,3037.2000,3037.0000,3040.0000,3040.2000,3040.4000,3040.6000,3040.8000,5,1,6,1,1,1,4,2,7,4
SF,IH2001,2019-12-19 09:30:35.100,3039.8000,13698,2,148670580.000,8,5,3,空开,S,3039.8000,3039.2000,3038.0000,3037.8000,3037.2000,3040.6000,3040.8000,3041.6000,3041.8000,3042.0000,2,1,1,6,1,7,4,1,1,3
SF,IH2001,2019-12-19 09:30:35.600,3039.8000,13697,-1,151406400.000,3,1,2,多平,S,3039.6000,3039.2000,3038.0000,3037.8000,3037.2000,3040.4000,3040.6000,3040.8000,3041.6000,3041.8000,1,1,1,6,1,3,7,5,1,1
SF,IH2001,2019-12-19 09:30:36.100,3039.8000,13697,0,151406400.000,0,-,-,-,-,3039.6000,3039.2000,3038.0000,3037.8000,3037.2000,3040.2000,3040.4000,3040.6000,3040.8000,3041.6000,1,1,1,6,1,1,5,7,5,1
SF,IH2001,2019-12-19 09:30:36.600,3037.8000,13693,-4,155052780.000,4,0,4,双平,S,3037.8000,3037.2000,3037.0000,3036.8000,3036.6000,3040.2000,3040.4000,3040.6000,3040.8000,3041.6000,5,1,1,5,8,1,5,7,5,1
SF,IH2001,2019-12-19 09:30:37.100,3037.8000,13693,0,155052780.000,0,-,-,-,-,3038.6000,3038.2000,3038.0000,3037.8000,3037.6000,3039.6000,3040.0000,3040.2000,3040.4000,3040.6000,2,2,5,5,1,2,9,1,1,7
SF,IH2001,2019-12-19 09:30:37.600,3039.4000,13693,0,155964600.000,1,0,1,多换,S,3038.6000,3038.2000,3038.0000,3037.8000,3037.6000,3039.4000,3039.6000,3040.0000,3040.2000,3040.6000,3,2,5,5,1,1,2,6,1,7
SF,IH2001,2019-12-19 09:30:38.100,3039.4000,13693,0,155964600.000,0,-,-,-,-,3038.8000,3038.6000,3037.8000,3037.6000,3037.2000,3039.4000,3039.6000,3040.0000,3040.2000,3040.4000,2,1,5,1,1,2,2,3,1,1
SF,IH2001,2019-12-19 09:30:38.600,3039.4000,13693,0,155964600.000,0,-,-,-,-,3038.8000,3038.6000,3037.8000,3037.6000,3037.2000,3039.4000,3039.6000,3040.0000,3040.2000,3040.4000,2,1,5,1,1,2,2,3,1,1
SF,IH2001,2019-12-19 09:30:39.100,3039.4000,13693,0,155964600.000,0,-,-,-,-,3038.8000,3038.6000,3037.8000,3037.6000,3037.2000,3039.4000,3039.6000,3040.0000,3040.2000,3040.4000,2,1,5,1,1,1,2,3,1,1
SF,IH2001,2019-12-19 09:30:40.100,3038.8000,13692,-1,159611340.000,4,1,3,多平,S,3038.6000,3037.8000,3037.6000,3037.2000,3037.0000,3039.4000,3039.6000,3040.0000,3040.2000,3040.4000,1,5,1,1,1,1,2,3,1,1
SF,IH2001,2019-12-19 09:30:40.600,3038.8000,13692,0,159611340.000,0,-,-,-,-,3038.6000,3037.8000,3037.6000,3037.2000,3037.0000,3039.4000,3039.6000,3040.0000,3040.2000,3040.4000,3,5,1,1,1,1,2,3,1,1
SF,IH2001,2019-12-19 09:30:41.100,3039.4000,13691,-1,160523160.000,1,0,1,双平,S,3038.8000,3038.6000,3037.8000,3037.6000,3037.2000,3039.6000,3040.0000,3040.2000,3040.4000,3040.6000,2,2,5,1,1,2,4,1,1,6
SF,IH2001,2019-12-19 09:30:41.600,3039.4000,13691,0,160523160.000,0,-,-,-,-,3038.8000,3038.6000,3037.8000,3037.6000,3037.2000,3039.4000,3039.6000,3040.0000,3040.2000,3040.4000,5,1,5,1,1,1,2,4,1,1
SF,IH2001,2019-12-19 09:30:42.100,3039.4000,13691,0,160523160.000,0,-,-,-,-,3038.8000,3037.8000,3037.6000,3037.2000,3037.0000,3039.4000,3039.6000,3040.0000,3040.2000,3040.4000,5,5,1,1,1,1,2,3,1,1
SF,IH2001,2019-12-19 09:30:42.600,3039.4000,13691,0,160523160.000,0,-,-,-,-,3038.8000,3037.8000,3037.6000,3037.2000,3037.0000,3039.4000,3039.6000,3040.0000,3040.2000,3040.4000,5,5,1,1,1,1,2,3,1,1
SF,IH2001,2019-12-19 09:30:43.100,3039.4000,13691,0,160523160.000,0,-,-,-,-,3038.8000,3037.8000,3037.6000,3037.2000,3037.0000,3039.2000,3039.4000,3039.6000,3040.0000,3040.2000,5,5,1,1,1,1,1,2,3,1
SF,IH2001,2019-12-19 09:30:43.600,3039.2000,13689,-2,162346680.000,2,0,2,双平,S,3038.8000,3037.8000,3037.6000,3037.2000,3037.0000,3039.6000,3040.0000,3040.2000,3040.4000,3040.6000,5,5,1,1,1,2,3,1,1,6
SF,IH2001,2019-12-19 09:30:44.100,3038.8000,13688,-1,163258320.000,1,0,1,双平,S,3037.8000,3037.6000,3037.2000,3037.0000,3036.8000,3038.8000,3039.6000,3040.0000,3040.2000,3040.4000,5,1,1,1,6,8,2,3,1,1
SF,IH2001,2019-12-19 09:30:44.600,3038.8000,13680,-8,170551440.000,8,0,8,双平,S,3038.0000,3037.8000,3037.2000,3037.0000,3036.8000,3039.6000,3040.0000,3040.2000,3040.4000,3040.6000,5,5,1,1,6,2,3,1,1,7
SF,IH2001,2019-12-19 09:30:45.100,3039.4000,13680,0,171463260.000,1,0,1,多换,S,3038.2000,3038.0000,3037.8000,3037.2000,3037.0000,3039.4000,3039.6000,3040.0000,3040.2000,3040.4000,3,3,5,1,1,3,2,4,1,1
SF,IH2001,2019-12-19 09:30:45.600,3039.4000,13680,0,171463260.000,0,-,-,-,-,3038.4000,3038.2000,3038.0000,3037.8000,3037.2000,3039.4000,3039.6000,3040.0000,3040.2000,3040.4000,3,5,3,5,1,3,2,4,1,1
SF,IH2001,2019-12-19 09:30:46.100,3039.4000,13680,0,171463260.000,0,-,-,-,-,3038.4000,3038.2000,3038.0000,3037.8000,3037.2000,3039.4000,3040.0000,3040.2000,3040.4000,3040.6000,4,4,3,5,1,3,5,1,1,5
SF,IH2001,2019-12-19 09:30:46.600,3039.4000,13680,0,171463260.000,0,-,-,-,-,3038.4000,3038.2000,3038.0000,3037.8000,3037.2000,3040.0000,3040.2000,3040.4000,3040.6000,3040.8000,3,3,3,5,1,5,1,1,5,5
SF,IH2001,2019-12-19 09:30:47.100,3039.4000,13680,0,171463260.000,0,-,-,-,-,3038.6000,3038.4000,3038.2000,3038.0000,3037.8000,3039.8000,3040.0000,3040.4000,3040.6000,3040.8000,1,5,3,3,5,4,4,1,4,5
SF,IH2001,2019-12-19 09:30:47.600,3038.8000,13680,0,172374900.000,1,0,1,多换,S,3038.8000,3038.6000,3038.4000,3038.0000,3037.8000,3039.6000,3039.8000,3040.0000,3040.4000,3040.6000,2,3,3,3,5,1,4,4,1,4
SF,IH2001,2019-12-19 09:30:48.100,3038.8000,13680,0,172374900.000,0,-,-,-,-,3038.8000,3038.6000,3038.4000,3038.0000,3037.8000,3039.6000,3039.8000,3040.0000,3040.4000,3040.6000,2,1,3,3,5,1,2,4,1,4
SF,IH2001,2019-12-19 09:30:48.600,3038.8000,13680,0,172374900.000,0,-,-,-,-,3038.8000,3038.6000,3038.4000,3038.0000,3037.8000,3039.6000,3039.8000,3040.0000,3040.4000,3040.6000,3,1,3,3,5,1,2,4,1,4
SF,IH2001,2019-12-19 09:30:49.100,3039.6000,13680,0,173286780.000,1,0,1,多换,S,3038.8000,3038.6000,3038.4000,3038.0000,3037.8000,3039.8000,3040.0000,3040.4000,3040.6000,3040.8000,4,1,3,3,5,2,3,1,4,5
SF,IH2001,2019-12-19 09:30:49.600,3039.6000,13680,0,173286780.000,0,-,-,-,-,3039.0000,3038.8000,3038.6000,3038.4000,3038.0000,3039.8000,3040.0000,3040.4000,3040.6000,3040.8000,1,4,1,3,3,2,3,1,4,5
SF,IH2001,2019-12-19 09:30:50.100,3039.2000,13680,0,174198540.000,1,0,1,多换,S,3039.2000,3039.0000,3038.8000,3038.6000,3038.4000,3039.8000,3040.0000,3040.4000,3040.6000,3040.8000,1,2,3,1,3,1,3,1,4,5
SF,IH2001,2019-12-19 09:30:50.600,3039.2000,13680,0,174198540.000,0,-,-,-,-,3039.2000,3038.8000,3038.6000,3038.4000,3038.0000,3040.0000,3040.4000,3040.6000,3040.8000,3041.6000,1,3,1,3,3,2,1,4,5,1
SF,IH2001,2019-12-19 09:30:51.100,3039.2000,13680,0,174198540.000,0,-,-,-,-,3039.2000,3039.0000,3038.8000,3038.6000,3037.8000,3040.0000,3040.4000,3040.6000,3040.8000,3041.6000,3,1,3,1,5,3,1,3,5,1
SF,IH2001,2019-12-19 09:30:51.600,3039.2000,13680,0,174198540.000,0,-,-,-,-,3039.2000,3039.0000,3038.8000,3038.6000,3037.8000,3040.0000,3040.4000,3040.6000,3040.8000,3041.6000,1,1,3,1,5,3,1,3,5,1
SF,IH2001,2019-12-19 09:30:52.100,3039.2000,13680,0,174198540.000,0,-,-,-,-,3039.2000,3039.0000,3038.8000,3038.6000,3037.8000,3040.0000,3040.4000,3040.6000,3040.8000,3041.6000,3,1,3,1,5,4,1,3,5,1
SF,IH2001,2019-12-19 09:30:52.600,3039.2000,13680,0,174198540.000,0,-,-,-,-,3039.2000,3039.0000,3038.8000,3038.6000,3037.8000,3040.0000,3040.4000,3040.6000,3040.8000,3041.6000,1,1,3,1,5,4,1,3,5,1
SF,IH2001,2019-12-19 09:30:53.100,3040.0000,13678,-2,176022540.000,2,0,2,双平,S,3039.4000,3039.2000,3039.0000,3038.8000,3038.6000,3040.0000,3040.4000,3040.6000,3040.8000,3041.6000,1,3,1,3,1,2,1,3,5,1
SF,IH2001,2019-12-19 09:30:53.600,3040.0000,13678,0,176022540.000,0,-,-,-,-,3039.6000,3039.4000,3039.2000,3039.0000,3038.8000,3040.0000,3040.4000,3040.6000,3040.8000,3041.6000,1,1,3,1,3,2,1,3,5,1
SF,IH2001,2019-12-19 09:30:54.100,3040.0000,13678,0,176022540.000,0,-,-,-,-,3039.6000,3039.4000,3039.2000,3039.0000,3038.8000,3040.0000,3040.4000,3040.6000,3040.8000,3041.6000,1,1,1,1,3,3,1,3,5,1
SF,IH2001,2019-12-19 09:30:55.600,3040.0000,13678,0,176022540.000,0,-,-,-,-,3039.6000,3039.4000,3039.2000,3039.0000,3038.8000,3040.0000,3040.6000,3040.8000,3041.6000,3041.8000,1,1,1,1,3,3,3,5,1,1
SF,IH2001,2019-12-19 09:30:58.100,3040.0000,13678,0,176022540.000,0,-,-,-,-,3039.6000,3039.4000,3039.2000,3039.0000,3038.8000,3040.0000,3040.6000,3040.8000,3041.6000,3041.8000,1,1,1,1,3,3,3,5,1,1
SF,IH2001,2019-12-19 09:30:58.600,3040.0000,13679,1,176934540.000,1,1,0,双开,S,3039.6000,3039.4000,3039.2000,3039.0000,3038.8000,3040.0000,3040.6000,3040.8000,3041.6000,3041.8000,1,1,1,1,3,2,3,5,1,1
SF,IH2001,2019-12-19 09:30:59.100,3040.0000,13679,0,176934540.000,0,-,-,-,-,3039.6000,3039.4000,3039.2000,3039.0000,3038.8000,3040.0000,3040.6000,3040.8000,3041.6000,3041.8000,1,4,1,1,3,2,3,5,1,1
SF,IH2001,2019-12-19 09:30:59.600,3040.0000,13679,0,178758540.000,2,1,1,多换,S,3039.6000,3039.4000,3039.2000,3039.0000,3038.8000,3040.6000,3040.8000,3041.6000,3041.8000,3042.0000,1,4,1,1,3,3,5,1,1,3
SF,IH2001,2019-12-19 09:31:00.100,3040.0000,13679,0,178758540.000,0,-,-,-,-,3040.0000,3039.6000,3039.4000,3039.2000,3039.0000,3040.6000,3040.8000,3041.6000,3041.8000,3042.0000,1,2,4,1,1,3,5,1,1,3
SF,IH2001,2019-12-19 09:31:00.600,3040.6000,13676,-3,181495020.000,3,0,3,双平,S,3040.0000,3039.4000,3039.0000,3038.8000,3038.6000,3040.6000,3040.8000,3041.6000,3041.8000,3042.0000,1,4,1,1,1,1,5,1,1,3
SF,IH2001,2019-12-19 09:31:01.100,3040.0000,13676,0,183319020.000,2,1,1,多换,S,3039.4000,3039.0000,3038.8000,3038.6000,3037.8000,3040.6000,3040.8000,3041.6000,3041.8000,3042.0000,4,1,1,1,5,1,5,1,1,3
SF,IH2001,2019-12-19 09:31:01.600,3040.0000,13676,0,183319020.000,0,-,-,-,-,3039.4000,3039.0000,3038.8000,3038.6000,3037.8000,3040.4000,3040.6000,3040.8000,3041.6000,3041.8000,4,1,1,1,5,3,3,5,1,1
SF,IH2001,2019-12-19 09:31:02.100,3040.0000,13676,0,183319020.000,0,-,-,-,-,3039.4000,3039.0000,3038.8000,3038.6000,3037.8000,3040.4000,3040.6000,3040.8000,3041.6000,3041.8000,4,1,1,1,5,3,1,5,1,1
SF,IH2001,2019-12-19 09:31:02.600,3040.0000,13676,0,183319020.000,0,-,-,-,-,3039.6000,3039.4000,3039.0000,3038.8000,3038.6000,3040.4000,3040.6000,3040.8000,3041.6000,3041.8000,4,5,1,1,1,1,1,5,1,1
SF,IH2001,2019-12-19 09:31:03.100,3040.0000,13676,0,183319020.000,0,-,-,-,-,3039.6000,3039.4000,3039.0000,3038.8000,3038.6000,3040.4000,3040.6000,3040.8000,3041.6000,3041.8000,3,4,1,1,1,1,1,5,1,1
SF,IH2001,2019-12-19 09:31:03.600,3040.0000,13676,0,183319020.000,0,-,-,-,-,3039.4000,3039.0000,3038.8000,3038.6000,3037.8000,3040.2000,3040.4000,3040.6000,3040.8000,3041.6000,4,1,1,1,5,2,3,1,5,1
SF,IH2001,2019-12-19 09:31:04.100,3040.0000,13676,0,183319020.000,0,-,-,-,-,3039.4000,3039.0000,3038.8000,3038.6000,3037.8000,3040.0000,3040.2000,3040.6000,3040.8000,3041.6000,4,1,1,1,5,1,4,1,5,1
SF,IH2001,2019-12-19 09:31:04.600,3039.6000,13676,0,184230900.000,1,0,1,多换,S,3039.6000,3039.4000,3039.0000,3038.8000,3038.6000,3040.0000,3040.6000,3040.8000,3041.6000,3041.8000,1,4,1,1,1,1,1,5,1,1
SF,IH2001,2019-12-19 09:31:05.100,3039.6000,13676,0,184230900.000,0,-,-,-,-,3039.6000,3039.4000,3039.0000,3038.8000,3038.6000,3040.0000,3040.6000,3040.8000,3041.6000,3041.8000,1,4,1,1,1,1,1,5,1,1
SF,IH2001,2019-12-19 09:31:05.600,3039.6000,13676,0,184230900.000,0,-,-,-,-,3039.6000,3039.4000,3039.0000,3038.8000,3038.6000,3040.0000,3040.6000,3040.8000,3041.6000,3041.8000,1,4,1,1,1,1,1,5,1,1
SF,IH2001,2019-12-19 09:31:06.100,3039.6000,13675,-1,185142780.000,1,0,1,双平,S,3039.4000,3039.0000,3038.8000,3038.6000,3037.8000,3040.0000,3040.6000,3040.8000,3041.6000,3041.8000,4,1,1,1,5,1,1,5,1,1
SF,IH2001,2019-12-19 09:31:06.600,3039.6000,13674,-1,189702300.000,5,2,3,多平,S,3039.4000,3039.0000,3038.8000,3038.6000,3037.8000,3039.8000,3040.6000,3040.8000,3041.0000,3041.6000,4,1,1,1,5,1,1,5,4,1
SF,IH2001,2019-12-19 09:31:07.100,3039.8000,13680,6,195173880.000,6,6,0,双开,S,3039.4000,3039.0000,3038.8000,3037.8000,3037.6000,3040.6000,3040.8000,3041.0000,3041.6000,3041.8000,4,1,1,5,6,1,5,4,1,1
SF,IH2001,2019-12-19 09:31:07.600,3039.8000,13680,0,195173880.000,0,-,-,-,-,3039.6000,3039.4000,3039.0000,3038.8000,3037.8000,3040.4000,3040.6000,3040.8000,3041.0000,3041.6000,3,4,1,1,5,1,2,5,4,1
SF,IH2001,2019-12-19 09:31:08.100,3039.6000,13680,0,196997640.000,2,1,1,多换,S,3039.6000,3039.4000,3039.0000,3038.8000,3037.8000,3040.4000,3040.6000,3040.8000,3041.0000,3041.6000,4,4,1,1,5,1,1,5,4,1
SF,IH2001,2019-12-19 09:31:08.600,3039.6000,13680,0,196997640.000,0,-,-,-,-,3039.8000,3039.6000,3039.4000,3039.0000,3038.8000,3040.4000,3040.6000,3040.8000,3041.0000,3041.6000,2,4,4,1,1,1,1,5,4,1
SF,IH2001,2019-12-19 09:31:09.100,3039.8000,13678,-2,198821520.000,2,0,2,双平,S,3039.6000,3039.4000,3039.0000,3038.8000,3037.8000,3039.8000,3040.2000,3040.4000,3040.6000,3040.8000,4,4,1,1,5,2,1,1,1,5
SF,IH2001,2019-12-19 09:31:09.600,3039.8000,13683,5,203381220.000,5,5,0,双开,S,3039.6000,3039.4000,3039.0000,3038.8000,3037.8000,3040.0000,3040.2000,3040.6000,3040.8000,3041.0000,4,4,1,1,5,1,1,1,5,4
SF,IH2001,2019-12-19 09:31:10.100,3039.8000,13683,0,203381220.000,0,-,-,-,-,3039.6000,3039.4000,3039.0000,3038.8000,3037.8000,3040.0000,3040.2000,3040.6000,3040.8000,3041.0000,3,4,1,1,5,1,1,1,5,5
SF,IH2001,2019-12-19 09:31:10.600,3039.6000,13683,0,204293100.000,1,0,1,多换,S,3039.6000,3039.4000,3039.0000,3038.8000,3037.8000,3040.0000,3040.2000,3040.6000,3040.8000,3041.0000,1,4,1,1,5,1,1,1,5,5
SF,IH2001,2019-12-19 09:31:11.600,3039.6000,13683,0,206116860.000,2,1,1,多换,S,3039.4000,3039.0000,3038.8000,3037.8000,3037.6000,3040.0000,3040.2000,3040.6000,3040.8000,3041.0000,4,1,1,5,6,1,1,1,5,5
SF,IH2001,2019-12-19 09:31:12.100,3039.6000,13683,0,206116860.000,0,-,-,-,-,3039.4000,3039.0000,3038.8000,3037.8000,3037.6000,3039.8000,3040.0000,3040.2000,3040.6000,3040.8000,4,1,2,5,6,2,1,1,1,5
SF,IH2001,2019-12-19 09:31:13.100,3041.0000,13685,2,215238900.000,10,6,4,空开,S,3039.6000,3039.4000,3039.0000,3038.8000,3037.8000,3041.0000,3041.2000,3041.6000,3041.8000,3042.0000,3,4,1,2,5,3,1,1,1,3
SF,IH2001,2019-12-19 09:31:13.600,3041.0000,13680,-5,234392400.000,21,8,13,多平,S,3039.4000,3039.0000,3038.8000,3037.8000,3037.6000,3039.6000,3041.0000,3041.2000,3041.6000,3041.8000,2,1,2,5,6,2,3,1,1,1
SF,IH2001,2019-12-19 09:31:14.100,3041.0000,13684,4,240776700.000,7,5,2,空开,S,3039.0000,3038.8000,3038.2000,3037.8000,3037.6000,3041.2000,3041.6000,3041.8000,3042.0000,3042.6000,1,2,1,5,6,1,1,1,3,1
SF,IH2001,2019-12-19 09:31:14.600,3041.0000,13686,2,263589720.000,25,13,12,空开,S,3040.8000,3039.2000,3039.0000,3038.8000,3038.2000,3042.0000,3042.6000,3043.8000,3044.0000,3044.2000,1,5,1,2,1,1,1,1,1,1
SF,IH2001,2019-12-19 09:31:15.100,3039.2000,13683,-3,266326020.000,3,0,3,双平,S,3039.6000,3039.4000,3039.0000,3038.8000,3038.2000,3040.0000,3040.2000,3040.6000,3040.8000,3041.0000,1,2,1,3,1,3,3,3,2,1
SF,IH2001,2019-12-19 09:31:15.600,3039.6000,13684,1,274532040.000,9,5,4,空开,S,3039.8000,3038.8000,3038.2000,3037.8000,3037.6000,3040.2000,3040.4000,3040.6000,3041.0000,3041.4000,2,1,1,5,6,1,3,5,1,7
SF,IH2001,2019-12-19 09:31:16.100,3040.2000,13685,1,285475680.000,12,6,6,空开,S,3038.8000,3038.2000,3037.8000,3037.6000,3037.4000,3040.0000,3040.2000,3040.6000,3041.2000,3041.8000,1,1,5,6,1,1,1,1,1,2
SF,IH2001,2019-12-19 09:31:16.600,3040.2000,13685,0,285475680.000,0,-,-,-,-,3038.8000,3038.2000,3037.8000,3037.6000,3037.4000,3039.2000,3039.4000,3039.6000,3040.0000,3040.6000,2,1,5,6,1,1,1,1,4,1
SF,IH2001,2019-12-19 09:31:17.100,3039.2000,13683,-2,288211020.000,3,0,3,多平,S,3039.2000,3039.0000,3038.8000,3037.8000,3037.6000,3040.0000,3040.6000,3041.2000,3041.8000,3042.0000,4,1,2,5,6,1,1,1,2,2
SF,IH2001,2019-12-19 09:31:17.600,3039.6000,13683,0,289122900.000,1,0,1,多换,S,3039.8000,3039.2000,3039.0000,3038.8000,3037.8000,3040.0000,3040.6000,3041.2000,3041.8000,3042.0000,4,2,4,1,5,1,1,1,2,2
SF,IH2001,2019-12-19 09:31:18.100,3040.0000,13684,1,290946840.000,2,1,1,空开,S,3039.8000,3039.2000,3039.0000,3038.8000,3037.8000,3040.0000,3040.6000,3041.2000,3041.8000,3042.0000,3,2,3,1,5,1,1,1,2,2
SF,IH2001,2019-12-19 09:31:18.600,3039.8000,13685,1,294594660.000,4,2,2,空开,S,3040.0000,3039.2000,3039.0000,3038.8000,3037.8000,3040.6000,3041.2000,3041.8000,3042.0000,3042.2000,1,3,3,1,5,1,1,2,2,1
SF,IH2001,2019-12-19 09:31:19.100,3039.8000,13685,0,294594660.000,0,-,-,-,-,3040.0000,3039.2000,3039.0000,3038.8000,3037.8000,3040.2000,3040.4000,3040.6000,3041.2000,3041.8000,1,3,3,1,5,1,1,1,1,2
SF,IH2001,2019-12-19 09:31:19.600,3040.0000,13685,0,295506660.000,1,0,1,多换,S,3039.2000,3039.0000,3038.8000,3037.8000,3037.6000,3040.0000,3040.2000,3040.4000,3040.6000,3041.2000,3,3,1,5,6,1,1,1,1,1
SF,IH2001,2019-12-19 09:31:20.100,3039.4000,13685,0,296418480.000,1,0,1,多换,S,3039.4000,3039.2000,3039.0000,3037.8000,3037.6000,3040.0000,3040.2000,3040.6000,3041.2000,3041.8000,2,5,3,5,6,1,1,1,1,2
SF,IH2001,2019-12-19 09:31:20.600,3039.8000,13685,0,299154300.000,3,1,2,多换,S,3039.4000,3039.2000,3039.0000,3037.8000,3037.6000,3039.8000,3040.0000,3040.2000,3040.6000,3041.2000,4,3,3,5,6,1,1,1,1,1
SF,IH2001,2019-12-19 09:31:21.100,3039.8000,13686,1,300066240.000,1,1,0,双开,S,3039.8000,3039.4000,3039.2000,3039.0000,3037.8000,3040.0000,3040.2000,3040.6000,3041.2000,3041.8000,2,4,3,3,5,1,1,2,1,3
SF,IH2001,2019-12-19 09:31:21.600,3039.8000,13686,0,300978180.000,1,0,1,多换,S,3039.4000,3039.2000,3039.0000,3037.8000,3037.6000,3039.8000,3040.0000,3040.2000,3040.6000,3041.2000,4,3,3,5,6,3,1,1,2,1
SF,IH2001,2019-12-19 09:31:22.100,3039.8000,13686,0,303714000.000,3,1,2,多换,S,3039.4000,3039.2000,3039.0000,3037.8000,3037.6000,3040.0000,3040.2000,3040.6000,3041.2000,3041.8000,4,3,3,5,6,1,1,2,1,3
SF,IH2001,2019-12-19 09:31:22.600,3039.6000,13687,1,307361520.000,4,2,2,空开,S,3039.4000,3039.2000,3039.0000,3037.8000,3037.6000,3039.8000,3040.0000,3040.2000,3040.6000,3041.2000,3,3,3,5,6,1,1,1,2,1
SF,IH2001,2019-12-19 09:31:23.100,3042.0000,13689,2,317397060.000,11,6,5,空开,S,3040.4000,3039.8000,3039.4000,3039.2000,3039.0000,3041.6000,3042.2000,3042.4000,3042.6000,3042.8000,1,1,3,3,3,1,1,1,1,1
SF,IH2001,2019-12-19 09:31:23.600,3041.4000,13693,4,329255580.000,13,8,5,空开,S,3039.4000,3039.2000,3039.0000,3038.8000,3038.4000,3039.8000,3041.4000,3041.6000,3042.2000,3042.4000,2,3,3,1,1,1,1,2,1,1
SF,IH2001,2019-12-19 09:31:24.100,3039.6000,13691,-2,334726860.000,6,2,4,多平,S,3039.8000,3039.4000,3039.2000,3039.0000,3038.8000,3041.0000,3041.4000,3041.6000,3042.2000,3042.4000,1,1,3,3,1,3,1,1,1,1
SF,IH2001,2019-12-19 09:31:24.600,3039.4000,13701,10,360280560.000,28,19,9,空开,S,3039.2000,3039.0000,3038.8000,3038.4000,3037.8000,3042.6000,3043.2000,3044.0000,3044.6000,3045.0000,3,3,1,1,5,1,1,1,1,2
SF,IH2001,2019-12-19 09:31:25.100,3039.6000,13703,2,363016080.000,3,2,1,空开,S,3040.4000,3039.8000,3039.6000,3039.4000,3039.2000,3041.6000,3041.8000,3042.0000,3042.2000,3042.4000,1,2,6,2,3,1,1,1,6,3
SF,IH2001,2019-12-19 09:31:25.600,3040.4000,13702,-1,365752440.000,3,1,2,多平,S,3040.0000,3039.8000,3039.6000,3039.4000,3039.2000,3040.2000,3040.4000,3040.8000,3041.0000,3041.2000,1,1,6,1,3,2,1,3,3,2
SF,IH2001,2019-12-19 09:31:26.100,3040.2000,13697,-5,373048620.000,8,1,7,多平,S,3039.2000,3039.0000,3038.8000,3038.6000,3038.4000,3040.4000,3041.0000,3041.2000,3041.4000,3041.6000,3,3,1,1,1,1,3,3,4,5
SF,IH2001,2019-12-19 09:31:26.600,3039.8000,13697,0,376696020.000,4,2,2,多换,S,3039.8000,3039.4000,3039.2000,3039.0000,3038.8000,3040.2000,3040.4000,3041.4000,3041.6000,3042.2000,1,1,2,3,1,1,1,4,4,5
SF,IH2001,2019-12-19 09:31:27.100,3040.2000,13696,-1,380344380.000,4,1,3,多平,S,3039.8000,3039.4000,3039.2000,3039.0000,3038.8000,3041.4000,3041.6000,3042.2000,3042.6000,3043.0000,1,1,2,3,1,3,3,5,1,1
SF,IH2001,2019-12-19 09:31:27.600,3040.0000,13697,1,385816020.000,6,3,3,空开,S,3040.0000,3039.2000,3039.0000,3038.8000,3038.6000,3040.6000,3041.2000,3041.4000,3041.6000,3042.2000,1,1,3,1,1,1,3,4,2,5
SF,IH2001,2019-12-19 09:31:28.100,3040.0000,13697,0,386728020.000,1,0,1,多换,S,3039.8000,3039.2000,3039.0000,3038.8000,3038.6000,3040.0000,3040.6000,3041.2000,3041.4000,3041.6000,1,1,4,1,1,1,1,2,4,2
SF,IH2001,2019-12-19 09:31:28.600,3039.8000,13699,2,389463960.000,3,2,1,空开,S,3039.2000,3039.0000,3038.8000,3038.6000,3038.4000,3040.6000,3041.2000,3041.4000,3041.6000,3042.2000,1,4,1,1,1,1,2,4,2,4
SF,IH2001,2019-12-19 09:31:29.100,3039.8000,13699,0,389463960.000,0,-,-,-,-,3039.4000,3039.2000,3039.0000,3038.8000,3038.6000,3039.8000,3040.6000,3041.2000,3041.4000,3041.6000,1,1,4,1,1,1,3,3,3,2
SF,IH2001,2019-12-19 09:31:29.600,3039.6000,13700,1,393111540.000,4,2,2,空开,S,3039.2000,3039.0000,3038.8000,3038.6000,3038.4000,3039.6000,3040.6000,3041.2000,3041.4000,3041.6000,1,3,1,1,1,1,1,2,3,1
SF,IH2001,2019-12-19 09:31:30.100,3039.6000,13701,1,394935300.000,2,1,1,空开,S,3039.6000,3039.2000,3039.0000,3038.8000,3038.6000,3041.2000,3041.4000,3041.6000,3041.8000,3042.2000,2,2,3,1,1,2,3,1,1,3
SF,IH2001,2019-12-19 09:31:30.600,3039.6000,13701,0,394935300.000,0,-,-,-,-,3039.8000,3039.6000,3039.2000,3039.0000,3038.8000,3040.4000,3041.0000,3041.2000,3041.4000,3041.6000,1,5,2,3,1,1,2,4,2,1
SF,IH2001,2019-12-19 09:31:31.100,3039.8000,13701,0,396759120.000,2,1,1,多换,S,3039.6000,3039.2000,3039.0000,3038.8000,3038.6000,3040.4000,3041.0000,3041.2000,3041.4000,3041.6000,4,2,3,1,1,1,1,2,2,1
SF,IH2001,2019-12-19 09:31:31.600,3039.6000,13705,4,400406700.000,4,4,0,双开,S,3039.6000,3039.2000,3039.0000,3038.8000,3038.6000,3040.4000,3041.0000,3041.2000,3041.4000,3041.6000,2,2,3,1,1,1,1,2,2,1
SF,IH2001,2019-12-19 09:31:32.100,3039.6000,13705,0,400406700.000,0,-,-,-,-,3039.8000,3039.6000,3039.2000,3039.0000,3038.8000,3040.4000,3041.0000,3041.2000,3041.4000,3041.6000,1,2,2,3,1,1,1,2,2,1
SF,IH2001,2019-12-19 09:31:32.600,3039.6000,13705,0,400406700.000,0,-,-,-,-,3039.8000,3039.6000,3039.2000,3039.0000,3038.8000,3040.0000,3040.2000,3040.4000,3041.0000,3041.2000,1,2,2,3,1,1,1,1,1,2
SF,IH2001,2019-12-19 09:31:33.100,3039.8000,13705,0,403142580.000,3,1,2,多换,S,3040.0000,3039.6000,3039.2000,3039.0000,3038.8000,3040.2000,3040.4000,3041.0000,3041.2000,3041.4000,6,2,2,3,1,1,1,1,1,2
SF,IH2001,2019-12-19 09:31:33.600,3041.2000,13713,8,425957340.000,25,16,9,空开,S,3041.2000,3040.2000,3040.0000,3039.6000,3039.2000,3045.0000,3045.6000,3046.0000,3047.0000,3048.6000,1,1,7,3,2,2,1,1,1,1
SF,IH2001,2019-12-19 09:31:34.100,3041.6000,13708,-5,434166240.000,9,2,7,多平,S,3041.8000,3041.4000,3041.2000,3039.6000,3039.2000,3043.0000,3043.2000,3043.8000,3044.0000,3044.2000,1,1,1,2,2,1,1,1,3,1
SF,IH2001,2019-12-19 09:31:34.600,3040.8000,13710,2,446941020.000,14,8,6,空开,S,3040.8000,3039.6000,3039.2000,3039.0000,3038.8000,3041.4000,3041.6000,3041.8000,3042.0000,3042.2000,1,2,2,4,1,2,1,1,3,3
SF,IH2001,2019-12-19 09:31:35.100,3040.8000,13710,0,449677620.000,3,1,2,多换,S,3040.4000,3039.8000,3039.6000,3039.2000,3039.0000,3040.8000,3041.0000,3041.2000,3041.4000,3041.8000,1,1,2,2,4,1,1,3,3,2
SF,IH2001,2019-12-19 09:31:35.600,3040.6000,13710,0,454238640.000,5,2,3,多换,S,3039.8000,3039.6000,3039.2000,3039.0000,3038.8000,3040.2000,3040.4000,3040.6000,3041.4000,3042.0000,1,2,2,4,1,1,2,3,2,1
SF,IH2001,2019-12-19 09:31:36.100,3040.2000,13710,0,463359900.000,10,5,5,多换,S,3040.6000,3040.4000,3039.6000,3039.2000,3039.0000,3041.4000,3041.8000,3042.8000,3043.0000,3043.4000,1,2,2,2,4,2,1,4,3,3
SF,IH2001,2019-12-19 09:31:36.600,3040.6000,13710,0,464272080.000,1,0,1,多换,S,3040.4000,3039.6000,3039.2000,3039.0000,3038.8000,3040.6000,3041.2000,3041.4000,3041.6000,3041.8000,2,2,2,4,1,1,1,4,1,1
SF,IH2001,2019-12-19 09:31:37.100,3040.6000,13709,-1,468832980.000,5,2,3,多平,S,3040.6000,3040.4000,3039.6000,3039.2000,3039.0000,3041.2000,3041.4000,3041.6000,3041.8000,3042.2000,1,2,2,2,4,1,4,1,1,1
SF,IH2001,2019-12-19 09:31:37.600,3041.2000,13710,1,470657520.000,2,1,1,空开,S,3040.4000,3039.6000,3039.2000,3039.0000,3038.8000,3041.4000,3041.6000,3041.8000,3042.2000,3042.8000,2,2,3,4,1,4,2,1,1,3
SF,IH2001,2019-12-19 09:31:38.100,3040.4000,13712,2,472481760.000,2,2,0,双开,S,3039.6000,3039.2000,3039.0000,3038.8000,3038.6000,3039.8000,3041.2000,3041.4000,3041.6000,3041.8000,2,3,4,1,1,1,1,2,2,1
SF,IH2001,2019-12-19 09:31:38.600,3039.6000,13712,0,478865220.000,7,3,4,多换,S,3039.6000,3039.2000,3039.0000,3038.8000,3038.6000,3041.4000,3041.6000,3041.8000,3042.2000,3042.8000,1,3,4,1,1,2,2,1,1,3
SF,IH2001,2019-12-19 09:31:39.100,3039.6000,13712,0,478865220.000,0,-,-,-,-,3039.8000,3039.6000,3039.2000,3039.0000,3038.8000,3041.2000,3041.4000,3041.6000,3041.8000,3042.2000,2,2,3,4,1,1,2,2,1,1
SF,IH2001,2019-12-19 09:31:39.600,3041.0000,13712,0,480689400.000,2,1,1,多换,S,3040.0000,3039.8000,3039.6000,3039.2000,3039.0000,3041.0000,3041.2000,3041.4000,3041.6000,3041.8000,1,2,1,3,4,5,2,2,2,1
SF,IH2001,2019-12-19 09:31:40.100,3040.0000,13712,0,481601400.000,1,0,1,多换,S,3040.0000,3039.8000,3039.6000,3039.2000,3039.0000,3040.8000,3041.0000,3041.2000,3041.4000,3041.6000,1,2,1,3,5,4,4,1,2,2
SF,IH2001,2019-12-19 09:31:40.600,3040.0000,13712,0,483425400.000,2,1,1,多换,S,3039.8000,3039.6000,3039.2000,3039.0000,3038.8000,3040.8000,3041.0000,3041.4000,3041.6000,3041.8000,1,1,3,5,1,4,4,2,2,1
SF,IH2001,2019-12-19 09:31:41.100,3039.8000,13713,1,484337340.000,1,1,0,双开,S,3039.6000,3039.2000,3039.0000,3038.8000,3038.6000,3040.6000,3040.8000,3041.0000,3041.4000,3041.6000,1,3,5,1,1,1,4,4,2,2
SF,IH2001,2019-12-19 09:31:41.600,3039.6000,13713,0,485249220.000,1,0,1,多换,S,3039.2000,3039.0000,3038.8000,3038.6000,3037.8000,3040.4000,3040.6000,3040.8000,3041.0000,3041.4000,3,5,1,1,14,2,2,3,3,2
SF,IH2001,2019-12-19 09:31:42.100,3039.6000,13713,0,485249220.000,0,-,-,-,-,3039.2000,3039.0000,3038.8000,3038.6000,3037.8000,3040.2000,3040.4000,3040.6000,3041.0000,3041.4000,4,5,1,1,14,3,2,2,3,2
SF,IH2001,2019-12-19 09:31:42.600,3039.6000,13713,0,485249220.000,0,-,-,-,-,3039.2000,3039.0000,3038.8000,3038.6000,3037.8000,3040.0000,3040.2000,3040.4000,3040.6000,3040.8000,4,5,1,1,13,2,4,2,1,1
SF,IH2001,2019-12-19 09:31:43.100,3039.6000,13713,0,485249220.000,0,-,-,-,-,3039.2000,3039.0000,3038.8000,3038.6000,3037.8000,3039.8000,3040.0000,3040.2000,3040.4000,3040.8000,5,5,1,1,13,1,2,4,1,1
SF,IH2001,2019-12-19 09:31:43.600,3040.4000,13720,7,492545100.000,8,7,1,空开,S,3039.2000,3039.0000,3038.8000,3038.6000,3037.8000,3040.8000,3041.0000,3041.4000,3041.6000,3041.8000,5,5,1,1,13,1,2,2,1,1
SF,IH2001,2019-12-19 09:31:44.100,3040.4000,13720,0,492545100.000,0,-,-,-,-,3039.4000,3039.2000,3039.0000,3038.8000,3038.6000,3040.2000,3040.4000,3040.8000,3041.0000,3041.2000,3,4,5,1,1,1,1,2,2,1
SF,IH2001,2019-12-19 09:31:44.600,3040.4000,13728,8,502579140.000,11,9,2,空开,S,3039.4000,3039.2000,3039.0000,3038.8000,3038.6000,3041.2000,3041.4000,3041.6000,3041.8000,3042.2000,3,4,5,1,1,1,2,2,1,1
SF,IH2001,2019-12-19 09:31:45.100,3039.6000,13728,0,504402900.000,2,1,1,多换,S,3039.4000,3039.2000,3039.0000,3038.8000,3038.6000,3040.8000,3041.0000,3041.2000,3041.4000,3041.6000,2,4,4,1,1,1,4,2,2,2
SF,IH2001,2019-12-19 09:31:45.600,3040.6000,13729,1,506227260.000,2,1,1,空开,S,3039.4000,3039.2000,3039.0000,3038.8000,3038.6000,3040.6000,3040.8000,3041.0000,3041.2000,3041.4000,2,3,4,1,1,2,1,3,2,2
SF,IH2001,2019-12-19 09:31:46.100,3040.6000,13729,0,506227260.000,0,-,-,-,-,3039.4000,3039.2000,3039.0000,3038.8000,3038.6000,3040.4000,3040.6000,3040.8000,3041.0000,3041.2000,2,3,4,2,1,1,2,1,2,2
SF,IH2001,2019-12-19 09:31:46.600,3040.6000,13729,0,506227260.000,0,-,-,-,-,3039.4000,3039.2000,3039.0000,3038.8000,3038.6000,3040.4000,3040.6000,3040.8000,3041.0000,3041.2000,3,3,4,2,1,1,2,1,2,1
SF,IH2001,2019-12-19 09:31:47.100,3040.6000,13729,0,506227260.000,0,-,-,-,-,3039.4000,3039.2000,3039.0000,3038.8000,3038.6000,3040.4000,3040.6000,3040.8000,3041.0000,3041.2000,2,3,4,2,1,2,2,1,2,1
SF,IH2001,2019-12-19 09:31:47.600,3040.6000,13729,0,506227260.000,0,-,-,-,-,3039.4000,3039.2000,3039.0000,3038.8000,3038.6000,3040.4000,3040.6000,3040.8000,3041.0000,3041.2000,3,3,4,2,1,1,2,1,2,1
SF,IH2001,2019-12-19 09:31:48.100,3040.6000,13729,0,507139440.000,1,0,1,多换,S,3039.4000,3039.2000,3039.0000,3038.8000,3038.6000,3039.8000,3040.2000,3040.4000,3040.6000,3040.8000,2,3,4,2,1,1,1,1,2,1
SF,IH2001,2019-12-19 09:31:48.600,3040.0000,13729,0,508051440.000,1,0,1,多换,S,3039.4000,3039.2000,3039.0000,3038.8000,3038.6000,3039.6000,3039.8000,3040.2000,3040.4000,3040.6000,2,3,4,2,1,1,1,1,1,2
SF,IH2001,2019-12-19 09:31:49.100,3039.6000,13729,0,508963320.000,1,0,1,多换,S,3039.6000,3039.4000,3039.2000,3039.0000,3038.8000,3039.8000,3040.2000,3040.4000,3040.6000,3040.8000,1,3,3,4,2,1,1,1,2,2
SF,IH2001,2019-12-19 09:31:49.600,3039.6000,13729,0,510787140.000,2,1,1,多换,S,3039.4000,3039.2000,3039.0000,3038.8000,3038.6000,3040.2000,3040.4000,3040.6000,3040.8000,3041.0000,3,3,4,2,1,1,1,2,2,2
SF,IH2001,2019-12-19 09:31:50.100,3040.0000,13728,-1,511699140.000,1,0,1,双平,S,3039.4000,3039.2000,3039.0000,3038.8000,3038.6000,3040.0000,3040.2000,3040.6000,3040.8000,3041.0000,4,3,4,2,1,1,3,2,2,2
SF,IH2001,2019-12-19 09:31:50.600,3040.0000,13728,0,512611140.000,1,0,1,多换,S,3039.4000,3039.2000,3039.0000,3038.8000,3038.6000,3039.8000,3040.0000,3040.2000,3040.6000,3040.8000,4,3,4,2,1,1,1,2,2,2
SF,IH2001,2019-12-19 09:31:51.100,3039.6000,13728,0,514434960.000,2,1,1,多换,S,3039.4000,3039.2000,3039.0000,3038.8000,3038.6000,3039.6000,3040.0000,3040.2000,3040.6000,3040.8000,4,3,4,2,1,1,1,2,1,2
SF,IH2001,2019-12-19 09:31:51.600,3039.6000,13728,0,515346840.000,1,0,1,多换,S,3039.8000,3039.6000,3039.4000,3039.2000,3039.0000,3040.0000,3040.2000,3040.6000,3040.8000,3041.0000,1,1,4,3,4,1,2,1,5,2
SF,IH2001,2019-12-19 09:31:52.100,3039.8000,13727,-1,516258780.000,1,0,1,双平,S,3039.6000,3039.4000,3039.2000,3039.0000,3038.8000,3039.8000,3040.0000,3040.2000,3040.6000,3040.8000,1,4,3,4,4,2,1,2,1,5
SF,IH2001,2019-12-19 09:31:52.600,3040.0000,13727,0,518994660.000,3,1,2,多换,S,3039.6000,3039.4000,3039.2000,3039.0000,3038.8000,3040.2000,3040.6000,3040.8000,3041.0000,3041.2000,1,4,3,4,4,2,1,5,2,1
SF,IH2001,2019-12-19 09:31:53.100,3040.0000,13727,0,518994660.000,0,-,-,-,-,3039.8000,3039.6000,3039.4000,3039.2000,3039.0000,3040.0000,3040.2000,3040.6000,3040.8000,3041.0000,2,1,2,3,4,1,1,1,5,2
SF,IH2001,2019-12-19 09:31:53.600,3040.0000,13727,0,518994660.000,0,-,-,-,-,3039.8000,3039.6000,3039.4000,3039.2000,3039.0000,3040.0000,3040.2000,3040.6000,3040.8000,3041.0000,5,1,2,3,4,1,1,1,4,1
SF,IH2001,2019-12-19 09:31:54.100,3039.8000,13728,1,522642480.000,4,2,2,空开,S,3039.8000,3039.6000,3039.4000,3039.2000,3039.0000,3040.2000,3040.6000,3040.8000,3041.0000,3041.2000,2,1,2,3,4,1,1,4,1,1
SF,IH2001,2019-12-19 09:31:54.600,3040.8000,13730,2,526290960.000,4,3,1,空开,S,3039.8000,3039.4000,3039.2000,3039.0000,3038.8000,3040.8000,3041.0000,3041.2000,3041.4000,3041.6000,2,2,3,4,4,3,1,1,2,2
SF,IH2001,2019-12-19 09:31:55.100,3040.8000,13730,0,526290960.000,0,-,-,-,-,3039.8000,3039.4000,3039.2000,3039.0000,3038.8000,3040.4000,3040.6000,3040.8000,3041.2000,3041.4000,2,2,3,4,4,1,8,3,1,2
SF,IH2001,2019-12-19 09:31:55.600,3040.8000,13730,0,526290960.000,0,-,-,-,-,3039.8000,3039.4000,3039.2000,3039.0000,3038.8000,3040.4000,3040.6000,3040.8000,3041.2000,3041.4000,2,2,3,4,4,2,8,3,1,2
SF,IH2001,2019-12-19 09:31:56.100,3040.8000,13730,0,526290960.000,0,-,-,-,-,3039.8000,3039.4000,3039.2000,3039.0000,3038.8000,3040.2000,3040.4000,3040.6000,3040.8000,3041.2000,2,2,3,4,4,2,2,8,3,1
SF,IH2001,2019-12-19 09:31:56.600,3040.8000,13730,0,526290960.000,0,-,-,-,-,3039.8000,3039.4000,3039.2000,3039.0000,3038.8000,3040.2000,3040.4000,3040.6000,3040.8000,3041.2000,2,2,3,4,4,2,1,7,3,1
SF,IH2001,2019-12-19 09:31:57.100,3039.8000,13727,-3,529026780.000,3,0,3,双平,S,3039.4000,3039.2000,3039.0000,3038.8000,3038.6000,3040.0000,3040.2000,3040.4000,3040.6000,3040.8000,2,3,4,4,1,2,4,1,7,3
SF,IH2001,2019-12-19 09:31:57.600,3039.8000,13727,0,529026780.000,0,-,-,-,-,3039.4000,3039.2000,3039.0000,3038.8000,3038.6000,3039.8000,3040.0000,3040.2000,3040.4000,3040.6000,2,3,4,4,1,1,2,1,1,7
SF,IH2001,2019-12-19 09:31:58.100,3039.6000,13728,1,530850540.000,2,1,1,空开,S,3039.4000,3039.2000,3039.0000,3038.8000,3038.6000,3039.8000,3040.0000,3040.4000,3040.6000,3041.2000,2,3,4,4,1,1,2,1,7,1
SF,IH2001,2019-12-19 09:31:58.600,3039.8000,13728,0,531762480.000,1,0,1,多换,S,3039.4000,3039.2000,3039.0000,3038.8000,3038.6000,3040.0000,3040.6000,3041.2000,3041.4000,3041.6000,2,3,4,4,1,2,5,1,2,2
SF,IH2001,2019-12-19 09:31:59.600,3039.4000,13728,0,532674300.000,1,0,1,多换,S,3039.6000,3039.4000,3039.2000,3039.0000,3038.8000,3039.8000,3040.0000,3040.6000,3041.2000,3041.4000,1,1,3,4,4,2,2,5,1,2
SF,IH2001,2019-12-19 09:32:00.100,3039.6000,13729,1,534498060.000,2,1,1,空开,S,3039.4000,3039.2000,3039.0000,3038.8000,3038.6000,3039.8000,3040.0000,3040.6000,3041.2000,3041.4000,1,3,4,4,1,2,2,5,1,2
SF,IH2001,2019-12-19 09:32:00.600,3039.6000,13729,0,535409940.000,1,0,1,多换,S,3039.4000,3039.2000,3039.0000,3038.8000,3038.6000,3039.6000,3039.8000,3040.0000,3040.6000,3041.2000,2,3,4,4,1,4,1,2,1,1
SF,IH2001,2019-12-19 09:32:01.100,3039.6000,13730,1,538145460.000,3,2,1,空开,S,3039.2000,3039.0000,3038.8000,3038.6000,3038.0000,3039.6000,3039.8000,3040.0000,3040.6000,3041.2000,3,4,4,1,1,3,1,2,1,1
SF,IH2001,2019-12-19 09:32:01.600,3039.2000,13728,-2,540880740.000,3,0,3,多平,S,3039.0000,3038.8000,3038.6000,3038.0000,3037.8000,3039.2000,3039.4000,3039.6000,3040.0000,3040.6000,4,4,1,1,13,1,3,3,2,1
SF,IH2001,2019-12-19 09:32:02.100,3039.0000,13725,-3,544527540.000,4,0,4,多平,S,3038.8000,3038.0000,3037.8000,3037.6000,3037.4000,3039.2000,3039.4000,3039.6000,3040.0000,3040.6000,4,1,13,6,1,1,4,3,2,1
SF,IH2001,2019-12-19 09:32:02.600,3038.8000,13726,1,546350880.000,2,1,1,空开,S,3038.8000,3038.0000,3037.8000,3037.6000,3037.4000,3039.0000,3039.2000,3039.4000,3039.6000,3040.6000,3,1,13,6,1,4,1,3,2,2
SF,IH2001,2019-12-19 09:32:03.100,3038.8000,13725,-1,549997440.000,4,1,3,多平,S,3038.0000,3037.8000,3037.6000,3037.4000,3037.2000,3038.8000,3039.0000,3039.2000,3039.4000,3039.6000,1,13,6,1,5,6,4,1,3,2
SF,IH2001,2019-12-19 09:32:03.600,3038.8000,13725,0,549997440.000,0,-,-,-,-,3038.2000,3038.0000,3037.8000,3037.6000,3037.4000,3038.6000,3038.8000,3039.0000,3039.2000,3039.4000,3,3,13,6,1,2,6,5,1,3
SF,IH2001,2019-12-19 09:32:04.100,3038.2000,13724,-1,552732120.000,3,1,2,多平,S,3038.2000,3038.0000,3037.8000,3037.6000,3037.4000,3038.4000,3038.8000,3039.0000,3039.2000,3039.4000,2,1,13,6,1,1,5,5,1,3
SF,IH2001,2019-12-19 09:32:04.600,3038.2000,13722,-2,556378020.000,4,1,3,多平,S,3038.0000,3037.8000,3037.6000,3037.4000,3037.2000,3038.8000,3039.0000,3039.2000,3039.4000,3039.6000,1,13,6,1,6,5,4,1,3,2
SF,IH2001,2019-12-19 09:32:05.100,3038.2000,13722,0,556378020.000,0,-,-,-,-,3038.0000,3037.8000,3037.6000,3037.4000,3037.2000,3038.8000,3039.0000,3039.2000,3039.4000,3039.6000,3,13,6,1,6,4,4,1,2,2
SF,IH2001,2019-12-19 09:32:05.600,3038.2000,13722,0,556378020.000,0,-,-,-,-,3038.0000,3037.8000,3037.6000,3037.4000,3037.2000,3038.6000,3038.8000,3039.0000,3039.2000,3039.4000,1,13,6,1,6,1,4,4,1,2
SF,IH2001,2019-12-19 09:32:06.100,3038.2000,13722,0,556378020.000,0,-,-,-,-,3038.0000,3037.8000,3037.6000,3037.4000,3037.2000,3038.4000,3038.6000,3038.8000,3039.0000,3039.2000,1,13,6,1,6,2,1,4,4,1
SF,IH2001,2019-12-19 09:32:06.600,3038.2000,13722,0,556378020.000,0,-,-,-,-,3037.8000,3037.6000,3037.4000,3037.2000,3037.0000,3038.4000,3038.6000,3038.8000,3039.0000,3039.2000,13,6,1,6,1,2,1,4,4,1
SF,IH2001,2019-12-19 09:32:08.100,3038.2000,13722,0,556378020.000,0,-,-,-,-,3037.8000,3037.6000,3037.4000,3037.2000,3037.0000,3038.4000,3038.6000,3038.8000,3039.0000,3039.2000,14,6,1,6,1,3,1,4,4,1
SF,IH2001,2019-12-19 09:32:08.600,3038.2000,13722,0,556378020.000,0,-,-,-,-,3037.8000,3037.6000,3037.4000,3037.2000,3037.0000,3038.2000,3038.4000,3038.6000,3038.8000,3039.0000,14,6,1,6,1,4,3,1,3,1
SF,IH2001,2019-12-19 09:32:09.100,3038.2000,13724,2,559112400.000,3,2,1,空开,S,3038.0000,3037.8000,3037.6000,3037.4000,3037.2000,3038.2000,3038.4000,3038.6000,3038.8000,3039.0000,2,14,6,1,5,1,3,1,3,1
SF,IH2001,2019-12-19 09:32:09.600,3038.2000,13724,0,560023860.000,1,0,1,多换,S,3038.2000,3038.0000,3037.8000,3037.6000,3037.4000,3038.4000,3038.6000,3038.8000,3039.0000,3039.2000,1,2,14,6,1,3,1,3,1,1
SF,IH2001,2019-12-19 09:32:10.100,3038.2000,13724,0,560935320.000,1,0,1,多换,S,3038.0000,3037.8000,3037.6000,3037.4000,3037.2000,3038.4000,3038.6000,3038.8000,3039.0000,3039.2000,2,14,6,1,5,3,1,1,1,1
SF,IH2001,2019-12-19 09:32:11.100,3038.2000,13724,0,560935320.000,0,-,-,-,-,3038.0000,3037.8000,3037.6000,3037.4000,3037.2000,3038.4000,3038.6000,3038.8000,3039.0000,3039.2000,2,14,6,1,5,3,1,1,1,1
SF,IH2001,2019-12-19 09:32:11.600,3038.2000,13724,0,560935320.000,0,-,-,-,-,3038.0000,3037.8000,3037.6000,3037.4000,3037.2000,3038.2000,3038.4000,3038.8000,3039.0000,3039.2000,2,14,6,1,5,1,3,1,1,1
SF,IH2001,2019-12-19 09:32:12.100,3038.0000,13724,0,562758120.000,2,1,1,多换,S,3037.8000,3037.6000,3037.4000,3037.2000,3037.0000,3038.0000,3038.2000,3038.4000,3038.8000,3039.0000,14,6,1,5,2,8,1,1,1,1
SF,IH2001,2019-12-19 09:32:12.600,3038.2000,13726,2,565492380.000,3,2,1,空开,S,3037.8000,3037.6000,3037.4000,3037.2000,3037.0000,3038.4000,3038.8000,3039.0000,3039.2000,3039.4000,14,6,1,5,2,1,1,1,1,2
SF,IH2001,2019-12-19 09:32:13.100,3038.2000,13726,0,565492380.000,0,-,-,-,-,3037.8000,3037.6000,3037.4000,3037.2000,3037.0000,3038.4000,3038.8000,3039.0000,3039.2000,3039.4000,14,6,1,5,2,1,1,1,1,2
SF,IH2001,2019-12-19 09:32:13.600,3038.2000,13726,0,565492380.000,0,-,-,-,-,3037.8000,3037.6000,3037.4000,3037.2000,3037.0000,3038.2000,3038.4000,3038.8000,3039.0000,3039.2000,14,6,1,5,2,2,1,1,1,1
SF,IH2001,2019-12-19 09:32:14.100,3038.2000,13728,2,567315300.000,2,2,0,双开,S,3037.8000,3037.6000,3037.4000,3037.2000,3037.0000,3038.4000,3038.8000,3039.0000,3039.2000,3039.4000,14,6,1,5,2,1,1,1,1,2
SF,IH2001,2019-12-19 09:32:14.600,3038.4000,13729,1,568226820.000,1,1,0,双开,S,3038.0000,3037.8000,3037.6000,3037.4000,3037.2000,3038.8000,3039.0000,3039.2000,3039.4000,3040.6000,1,14,6,1,5,1,1,1,2,5
SF,IH2001,2019-12-19 09:32:15.100,3038.0000,13731,2,571872480.000,4,3,1,空开,S,3037.8000,3037.6000,3037.4000,3037.2000,3037.0000,3038.6000,3038.8000,3039.0000,3039.2000,3039.4000,14,6,1,5,2,2,1,1,1,2
SF,IH2001,2019-12-19 09:32:15.600,3038.0000,13731,0,571872480.000,0,-,-,-,-,3037.8000,3037.6000,3037.4000,3037.2000,3037.0000,3038.0000,3038.4000,3038.6000,3038.8000,3039.0000,14,6,1,5,2,2,7,4,1,1
SF,IH2001,2019-12-19 09:32:16.100,3038.0000,13731,0,571872480.000,0,-,-,-,-,3037.8000,3037.6000,3037.4000,3037.2000,3037.0000,3038.4000,3038.6000,3038.8000,3039.0000,3039.2000,14,6,1,5,2,7,4,1,1,1
SF,IH2001,2019-12-19 09:32:16.600,3037.8000,13729,-2,578251980.000,7,2,5,多平,S,3037.8000,3037.6000,3037.4000,3037.2000,3037.0000,3038.2000,3038.4000,3038.6000,3038.8000,3039.0000,8,6,1,5,2,2,1,2,1,1
SF,IH2001,2019-12-19 09:32:17.100,3037.8000,13724,-5,584631360.000,7,1,6,多平,S,3037.8000,3037.6000,3037.4000,3037.2000,3037.0000,3038.0000,3038.2000,3038.4000,3038.6000,3038.8000,1,6,1,5,2,4,2,1,2,1
SF,IH2001,2019-12-19 09:32:17.600,3037.6000,13723,-1,586453980.000,2,0,2,多平,S,3037.6000,3037.4000,3037.2000,3037.0000,3036.8000,3037.8000,3038.0000,3038.2000,3038.4000,3038.6000,5,1,5,2,5,2,4,2,1,2
SF,IH2001,2019-12-19 09:32:18.100,3037.6000,13718,-5,591921660.000,6,0,6,多平,S,3037.4000,3037.2000,3037.0000,3036.8000,3036.6000,3037.6000,3037.8000,3038.2000,3038.4000,3038.6000,1,5,2,5,10,3,1,2,1,2
SF,IH2001,2019-12-19 09:32:18.600,3037.2000,13718,0,593744040.000,2,1,1,多换,S,3037.2000,3037.0000,3036.8000,3036.6000,3036.4000,3037.4000,3037.6000,3037.8000,3038.2000,3038.4000,4,2,5,10,1,1,4,1,2,1
SF,IH2001,2019-12-19 09:32:19.100,3037.2000,13718,0,593744040.000,0,-,-,-,-,3037.2000,3037.0000,3036.8000,3036.6000,3036.4000,3037.4000,3037.6000,3037.8000,3038.2000,3038.4000,4,2,5,10,1,2,4,1,2,1
SF,IH2001,2019-12-19 09:32:19.600,3037.2000,13716,-2,595566360.000,2,0,2,双平,S,3037.2000,3037.0000,3036.8000,3036.6000,3036.4000,3037.4000,3037.6000,3037.8000,3038.2000,3038.4000,2,2,5,10,1,2,4,1,2,2
SF,IH2001,2019-12-19 09:32:20.100,3037.2000,13714,-2,597388680.000,2,0,2,双平,S,3037.0000,3036.8000,3036.6000,3036.4000,3036.2000,3037.2000,3037.4000,3037.6000,3037.8000,3038.2000,2,5,10,1,12,2,2,4,1,2
SF,IH2001,2019-12-19 09:32:20.600,3037.2000,13714,0,597388680.000,0,-,-,-,-,3037.0000,3036.8000,3036.6000,3036.4000,3036.2000,3037.2000,3037.4000,3037.6000,3037.8000,3038.0000,2,5,10,1,12,2,2,4,1,1
SF,IH2001,2019-12-19 09:32:21.100,3036.8000,13712,-2,600121920.000,3,0,3,多平,S,3036.8000,3036.6000,3036.4000,3036.2000,3035.4000,3037.0000,3037.2000,3037.4000,3037.6000,3038.0000,4,10,1,12,1,4,2,1,4,1
SF,IH2001,2019-12-19 09:32:21.600,3037.0000,13711,-1,601033020.000,1,0,1,双平,S,3036.8000,3036.6000,3036.4000,3036.2000,3035.4000,3037.2000,3037.4000,3037.6000,3038.0000,3038.4000,4,10,1,12,1,5,1,4,1,2
SF,IH2001,2019-12-19 09:32:22.100,3037.2000,13712,1,601944180.000,1,1,0,双开,S,3036.8000,3036.6000,3036.4000,3036.2000,3035.4000,3037.2000,3037.4000,3037.6000,3038.0000,3038.4000,4,10,1,12,1,4,1,4,1,2
SF,IH2001,2019-12-19 09:32:22.600,3037.2000,13712,0,601944180.000,0,-,-,-,-,3036.8000,3036.6000,3036.4000,3036.2000,3035.4000,3037.0000,3037.2000,3037.4000,3037.6000,3038.0000,4,10,1,12,1,1,5,1,4,1
SF,IH2001,2019-12-19 09:32:23.100,3037.2000,13713,1,603766440.000,2,1,1,空开,S,3037.0000,3036.8000,3036.6000,3036.4000,3036.2000,3037.2000,3037.4000,3037.6000,3038.0000,3038.4000,1,4,10,1,12,4,1,4,1,2
SF,IH2001,2019-12-19 09:32:23.600,3037.0000,13711,-2,606499860.000,3,0,3,多平,S,3037.0000,3036.8000,3036.6000,3036.4000,3036.2000,3037.2000,3037.4000,3037.6000,3038.0000,3038.4000,1,4,10,1,12,2,1,4,1,2
SF,IH2001,2019-12-19 09:32:24.100,3037.2000,13710,-1,609233280.000,3,1,2,多平,S,3037.0000,3036.8000,3036.6000,3036.4000,3036.2000,3037.2000,3037.4000,3037.6000,3038.0000,3038.4000,2,4,10,1,12,1,1,4,1,2
SF,IH2001,2019-12-19 09:32:24.600,3037.2000,13710,0,611055600.000,2,1,1,多换,S,3037.2000,3037.0000,3036.8000,3036.6000,3036.4000,3037.4000,3037.6000,3038.0000,3038.4000,3039.0000,2,2,4,10,1,1,4,1,2,1
SF,IH2001,2019-12-19 09:32:25.100,3037.4000,13710,0,611966820.000,1,0,1,多换,S,3037.4000,3037.2000,3037.0000,3036.8000,3036.6000,3037.6000,3038.0000,3038.4000,3039.0000,3040.6000,1,2,2,4,10,4,1,2,1,5
SF,IH2001,2019-12-19 09:32:25.600,3037.0000,13709,-1,615611340.000,4,1,3,多平,S,3036.8000,3036.6000,3036.4000,3036.2000,3035.4000,3037.0000,3037.2000,3037.6000,3038.0000,3038.4000,4,10,1,12,1,5,1,4,1,2
SF,IH2001,2019-12-19 09:32:26.100,3037.2000,13705,-4,621078000.000,6,1,5,多平,S,3037.0000,3036.8000,3036.6000,3036.4000,3036.2000,3037.6000,3038.0000,3038.4000,3039.0000,3040.6000,1,4,10,1,12,4,1,2,1,5
SF,IH2001,2019-12-19 09:32:26.600,3037.0000,13705,0,621989100.000,1,0,1,多换,S,3037.0000,3036.8000,3036.6000,3036.4000,3036.2000,3037.6000,3037.8000,3038.0000,3038.4000,3039.0000,2,4,10,1,12,4,1,1,2,1
SF,IH2001,2019-12-19 09:32:27.100,3037.0000,13705,0,621989100.000,0,-,-,-,-,3037.0000,3036.8000,3036.6000,3036.4000,3036.2000,3037.6000,3038.0000,3038.4000,3039.0000,3040.6000,2,4,10,1,12,5,1,2,1,5
SF,IH2001,2019-12-19 09:32:27.600,3037.0000,13705,0,621989100.000,0,-,-,-,-,3037.2000,3037.0000,3036.8000,3036.6000,3036.4000,3037.4000,3037.6000,3038.0000,3038.4000,3039.0000,5,2,4,10,1,1,3,1,2,1
SF,IH2001,2019-12-19 09:32:28.100,3037.6000,13705,0,625634160.000,4,2,2,多换,S,3037.8000,3037.6000,3037.4000,3037.2000,3036.8000,3038.0000,3038.4000,3039.0000,3040.6000,3041.2000,2,4,4,3,4,1,2,1,5,1
SF,IH2001,2019-12-19 09:32:28.600,3038.0000,13705,0,626545560.000,1,0,1,多换,S,3038.0000,3037.8000,3037.6000,3037.4000,3037.2000,3038.4000,3039.0000,3040.6000,3041.2000,3041.4000,4,2,1,3,3,2,1,5,1,2
SF,IH2001,2019-12-19 09:32:29.100,3038.0000,13705,0,626545560.000,0,-,-,-,-,3038.0000,3037.8000,3037.6000,3037.4000,3037.2000,3038.4000,3040.6000,3041.2000,3041.4000,3041.6000,4,2,1,2,3,3,5,1,2,4
SF,IH2001,2019-12-19 09:32:29.600,3038.0000,13704,-1,630191520.000,4,1,3,多平,S,3037.8000,3037.6000,3037.4000,3037.2000,3036.8000,3040.6000,3041.2000,3041.4000,3041.6000,3041.8000,2,1,2,3,4,5,1,2,4,1
SF,IH2001,2019-12-19 09:32:30.100,3038.0000,13704,0,630191520.000,0,-,-,-,-,3038.0000,3037.8000,3037.6000,3037.4000,3037.2000,3039.2000,3039.8000,3040.2000,3040.4000,3040.6000,8,2,1,2,3,1,4,2,7,8
SF,IH2001,2019-12-19 09:32:30.600,3038.0000,13704,0,631102920.000,1,0,1,多换,S,3038.0000,3037.8000,3037.6000,3037.4000,3037.2000,3039.0000,3039.2000,3039.8000,3040.2000,3040.4000,4,2,1,2,3,8,3,4,2,3
SF,IH2001,2019-12-19 09:32:31.100,3038.0000,13704,0,631102920.000,0,-,-,-,-,3038.0000,3037.8000,3037.6000,3037.4000,3037.2000,3038.4000,3039.0000,3039.2000,3039.8000,3040.2000,4,2,1,2,3,1,8,2,4,2
SF,IH2001,2019-12-19 09:32:31.600,3038.0000,13704,0,631102920.000,0,-,-,-,-,3038.0000,3037.8000,3037.6000,3037.4000,3037.2000,3038.4000,3039.0000,3039.2000,3039.8000,3040.2000,2,2,1,2,3,1,4,1,4,2
SF,IH2001,2019-12-19 09:32:32.100,3038.0000,13704,0,631102920.000,0,-,-,-,-,3038.0000,3037.8000,3037.6000,3037.4000,3037.2000,3038.4000,3039.0000,3039.8000,3040.2000,3040.4000,2,2,1,2,3,1,4,4,2,3
SF,IH2001,2019-12-19 09:32:32.600,3038.0000,13704,0,631102920.000,0,-,-,-,-,3038.0000,3037.8000,3037.6000,3037.4000,3037.2000,3038.4000,3039.0000,3039.8000,3040.2000,3040.4000,2,2,1,2,3,1,4,4,2,3
SF,IH2001,2019-12-19 09:32:33.100,3038.0000,13704,0,631102920.000,0,-,-,-,-,3038.0000,3037.8000,3037.6000,3037.4000,3037.2000,3038.4000,3039.0000,3039.8000,3040.2000,3040.4000,2,2,1,2,3,1,4,4,2,4
SF,IH2001,2019-12-19 09:32:34.100,3038.0000,13704,0,631102920.000,0,-,-,-,-,3038.0000,3037.8000,3037.6000,3037.4000,3037.2000,3038.2000,3038.4000,3039.0000,3039.8000,3040.2000,2,2,1,2,3,1,1,4,4,2
SF,IH2001,2019-12-19 09:32:34.600,3038.0000,13703,-1,632925780.000,2,0,2,多平,S,3038.0000,3037.8000,3037.6000,3037.4000,3037.2000,3038.4000,3039.0000,3039.8000,3040.2000,3040.4000,1,2,1,2,3,1,4,2,2,4
SF,IH2001,2019-12-19 09:32:35.100,3038.0000,13703,0,632925780.000,0,-,-,-,-,3037.8000,3037.6000,3037.4000,3037.2000,3037.0000,3038.4000,3039.0000,3039.8000,3040.2000,3040.4000,2,1,2,3,1,1,4,2,2,4
SF,IH2001,2019-12-19 09:32:36.100,3037.8000,13702,-1,633837120.000,1,0,1,双平,S,3037.6000,3037.4000,3037.2000,3037.0000,3036.8000,3038.4000,3039.0000,3039.8000,3040.2000,3040.4000,1,2,3,1,4,1,4,2,2,4
SF,IH2001,2019-12-19 09:32:36.600,3037.6000,13702,0,634748400.000,1,0,1,多换,S,3037.6000,3037.4000,3037.2000,3037.0000,3036.8000,3038.4000,3039.0000,3039.8000,3040.2000,3040.4000,1,2,3,1,4,1,4,2,2,4
SF,IH2001,2019-12-19 09:32:37.100,3037.6000,13702,0,634748400.000,0,-,-,-,-,3037.6000,3037.4000,3037.2000,3037.0000,3036.8000,3038.4000,3039.0000,3039.8000,3040.2000,3040.4000,1,2,3,1,4,1,4,2,2,5
SF,IH2001,2019-12-19 09:32:37.600,3037.6000,13702,0,634748400.000,0,-,-,-,-,3037.4000,3037.2000,3037.0000,3036.8000,3036.6000,3038.2000,3038.4000,3039.0000,3039.8000,3040.2000,2,3,1,4,10,1,2,4,2,2
SF,IH2001,2019-12-19 09:32:38.100,3037.6000,13702,0,634748400.000,0,-,-,-,-,3037.4000,3037.2000,3037.0000,3036.8000,3036.6000,3038.4000,3039.0000,3039.8000,3040.2000,3040.4000,3,4,1,4,10,2,4,3,2,5
SF,IH2001,2019-12-19 09:32:38.600,3038.0000,13701,-1,635659800.000,1,0,1,双平,S,3037.4000,3037.2000,3037.0000,3036.8000,3036.6000,3038.4000,3039.0000,3039.8000,3040.2000,3040.4000,3,4,1,4,10,1,4,3,2,5
SF,IH2001,2019-12-19 09:32:39.100,3038.0000,13701,0,635659800.000,0,-,-,-,-,3037.4000,3037.2000,3037.0000,3036.8000,3036.6000,3038.4000,3039.0000,3039.8000,3040.2000,3040.4000,3,4,1,4,10,1,4,3,2,5
SF,IH2001,2019-12-19 09:32:39.600,3038.0000,13701,0,635659800.000,0,-,-,-,-,3037.6000,3037.4000,3037.2000,3037.0000,3036.8000,3038.4000,3039.0000,3039.8000,3040.2000,3040.4000,2,4,4,1,4,1,4,3,2,5
SF,IH2001,2019-12-19 09:32:40.100,3038.0000,13701,0,635659800.000,0,-,-,-,-,3037.6000,3037.4000,3037.2000,3037.0000,3036.8000,3038.4000,3039.0000,3039.8000,3040.2000,3040.4000,2,3,4,1,4,2,2,3,2,5
SF,IH2001,2019-12-19 09:32:40.600,3038.0000,13701,0,635659800.000,0,-,-,-,-,3037.6000,3037.4000,3037.2000,3037.0000,3036.8000,3038.4000,3039.0000,3039.8000,3040.2000,3040.4000,2,3,4,1,4,3,2,3,2,4
SF,IH2001,2019-12-19 09:32:41.100,3038.2000,13702,1,636571260.000,1,1,0,双开,S,3037.6000,3037.4000,3037.2000,3037.0000,3036.8000,3038.4000,3039.0000,3039.8000,3040.2000,3040.4000,2,3,4,1,4,3,2,3,2,4
SF,IH2001,2019-12-19 09:32:41.600,3038.4000,13703,1,639305820.000,3,2,1,空开,S,3038.4000,3037.6000,3037.4000,3037.2000,3037.0000,3039.0000,3039.8000,3040.2000,3040.4000,3040.6000,3,3,3,4,1,2,3,2,4,3
SF,IH2001,2019-12-19 09:32:42.100,3038.4000,13703,0,642040380.000,3,1,2,多换,S,3037.6000,3037.4000,3037.2000,3037.0000,3036.8000,3038.2000,3038.4000,3038.8000,3039.0000,3039.8000,2,3,4,1,4,1,1,2,2,3
SF,IH2001,2019-12-19 09:32:42.600,3038.2000,13704,1,642951840.000,1,1,0,双开,S,3037.6000,3037.4000,3037.2000,3037.0000,3036.8000,3038.4000,3038.8000,3039.0000,3039.8000,3040.2000,2,3,4,1,4,1,2,2,3,2
SF,IH2001,2019-12-19 09:32:43.100,3038.4000,13706,2,644774820.000,2,2,0,双开,S,3037.6000,3037.4000,3037.2000,3037.0000,3036.8000,3038.4000,3039.0000,3039.8000,3040.2000,3040.4000,3,2,4,1,4,1,2,3,2,4
SF,IH2001,2019-12-19 09:32:43.600,3038.4000,13706,0,644774820.000,0,-,-,-,-,3037.6000,3037.4000,3037.2000,3037.0000,3036.8000,3038.4000,3039.0000,3039.8000,3040.2000,3040.4000,3,2,4,1,4,1,2,3,2,4
SF,IH2001,2019-12-19 09:32:44.100,3038.4000,13706,0,644774820.000,0,-,-,-,-,3037.6000,3037.4000,3037.2000,3037.0000,3036.8000,3038.4000,3039.0000,3039.8000,3040.2000,3040.4000,3,2,4,1,4,1,2,3,2,4
SF,IH2001,2019-12-19 09:32:44.600,3038.4000,13706,0,644774820.000,0,-,-,-,-,3037.6000,3037.4000,3037.2000,3037.0000,3036.8000,3039.0000,3039.8000,3040.2000,3040.4000,3040.6000,4,2,4,1,4,2,3,2,4,3
SF,IH2001,2019-12-19 09:32:45.100,3038.4000,13706,0,644774820.000,0,-,-,-,-,3037.8000,3037.6000,3037.4000,3037.2000,3037.0000,3038.8000,3039.0000,3039.8000,3040.2000,3040.4000,1,3,2,4,1,1,3,3,2,4
SF,IH2001,2019-12-19 09:32:45.600,3038.4000,13706,0,644774820.000,0,-,-,-,-,3037.8000,3037.6000,3037.4000,3037.2000,3037.0000,3038.8000,3039.0000,3039.8000,3040.2000,3040.4000,1,3,2,4,1,1,3,3,2,4
SF,IH2001,2019-12-19 09:32:46.100,3038.4000,13706,0,644774820.000,0,-,-,-,-,3038.0000,3037.8000,3037.6000,3037.4000,3037.2000,3038.6000,3038.8000,3039.0000,3039.8000,3040.2000,1,1,3,2,4,1,1,3,3,2
SF,IH2001,2019-12-19 09:32:46.600,3038.4000,13706,0,644774820.000,0,-,-,-,-,3037.8000,3037.6000,3037.4000,3037.2000,3037.0000,3038.6000,3038.8000,3039.0000,3039.8000,3040.2000,1,3,2,4,1,1,1,3,3,2
SF,IH2001,2019-12-19 09:32:47.100,3038.6000,13706,0,645686400.000,1,0,1,多换,S,3038.0000,3037.8000,3037.6000,3037.4000,3037.2000,3038.8000,3039.0000,3039.8000,3040.2000,3040.4000,2,2,2,2,4,1,3,3,2,4
SF,IH2001,2019-12-19 09:32:47.600,3038.6000,13706,0,645686400.000,0,-,-,-,-,3038.0000,3037.8000,3037.6000,3037.4000,3037.2000,3038.8000,3039.0000,3039.8000,3040.2000,3040.4000,2,2,2,2,4,1,3,3,2,4
SF,IH2001,2019-12-19 09:32:48.100,3038.6000,13706,0,645686400.000,0,-,-,-,-,3038.0000,3037.8000,3037.6000,3037.4000,3037.2000,3038.8000,3039.0000,3039.8000,3040.2000,3040.4000,2,2,2,2,4,3,3,3,2,4
SF,IH2001,2019-12-19 09:32:48.600,3038.6000,13706,0,645686400.000,0,-,-,-,-,3038.0000,3037.8000,3037.6000,3037.4000,3037.2000,3038.8000,3039.0000,3039.8000,3040.2000,3040.4000,2,2,2,2,4,1,3,3,2,4
SF,IH2001,2019-12-19 09:32:49.100,3038.6000,13706,0,645686400.000,0,-,-,-,-,3038.0000,3037.8000,3037.6000,3037.4000,3037.2000,3038.8000,3039.0000,3039.8000,3040.2000,3040.4000,2,2,2,2,4,3,3,3,2,4
SF,IH2001,2019-12-19 09:32:49.600,3038.6000,13706,0,645686400.000,0,-,-,-,-,3038.0000,3037.8000,3037.6000,3037.4000,3037.2000,3038.8000,3039.0000,3039.8000,3040.2000,3040.4000,2,2,2,2,4,1,3,3,2,4
SF,IH2001,2019-12-19 09:32:50.100,3038.6000,13706,0,645686400.000,0,-,-,-,-,3038.0000,3037.8000,3037.6000,3037.4000,3037.2000,3038.8000,3039.0000,3039.8000,3040.2000,3040.4000,2,2,2,2,4,3,3,3,2,4
SF,IH2001,2019-12-19 09:32:50.600,3038.6000,13706,0,645686400.000,0,-,-,-,-,3038.2000,3038.0000,3037.8000,3037.6000,3037.4000,3038.8000,3039.0000,3039.8000,3040.2000,3040.4000,1,2,2,2,2,2,3,3,2,4
SF,IH2001,2019-12-19 09:32:51.100,3038.8000,13709,3,649332840.000,4,3,1,空开,S,3038.8000,3038.0000,3037.8000,3037.6000,3037.4000,3039.0000,3039.8000,3040.2000,3040.4000,3040.6000,3,1,1,2,2,3,3,2,4,3
SF,IH2001,2019-12-19 09:32:51.600,3038.8000,13709,0,652067760.000,3,1,2,多换,S,3038.0000,3037.8000,3037.6000,3037.4000,3037.2000,3038.6000,3038.8000,3039.0000,3039.8000,3040.4000,1,1,2,2,4,4,6,4,2,4
SF,IH2001,2019-12-19 09:32:52.100,3038.0000,13710,1,653890800.000,2,1,1,空开,S,3038.0000,3037.8000,3037.6000,3037.4000,3037.2000,3038.4000,3038.6000,3038.8000,3039.0000,3039.8000,1,1,2,2,4,1,4,4,4,2
SF,IH2001,2019-12-19 09:32:52.600,3038.0000,13710,0,653890800.000,0,-,-,-,-,3038.0000,3037.6000,3037.4000,3037.2000,3037.0000,3038.4000,3038.6000,3038.8000,3039.0000,3039.8000,1,2,2,4,1,1,4,4,4,2
SF,IH2001,2019-12-19 09:32:53.100,3038.0000,13710,0,653890800.000,0,-,-,-,-,3038.0000,3037.6000,3037.4000,3037.2000,3037.0000,3038.4000,3038.6000,3038.8000,3039.0000,3039.4000,1,2,2,4,1,1,4,4,4,1
SF,IH2001,2019-12-19 09:32:54.100,3038.4000,13710,0,654802320.000,1,0,1,多换,S,3038.0000,3037.6000,3037.4000,3037.2000,3037.0000,3038.4000,3038.6000,3038.8000,3039.0000,3039.4000,1,2,2,4,1,1,4,4,3,1
SF,IH2001,2019-12-19 09:32:54.600,3038.4000,13710,0,654802320.000,0,-,-,-,-,3038.0000,3037.6000,3037.4000,3037.2000,3037.0000,3038.4000,3038.6000,3038.8000,3039.0000,3039.4000,1,2,2,4,1,2,4,4,3,1
SF,IH2001,2019-12-19 09:32:55.600,3038.0000,13711,1,655713720.000,1,1,0,双开,S,3037.6000,3037.4000,3037.2000,3037.0000,3036.8000,3038.4000,3038.6000,3038.8000,3039.0000,3039.4000,2,2,4,1,4,2,3,4,3,1
SF,IH2001,2019-12-19 09:32:56.100,3038.0000,13711,0,655713720.000,0,-,-,-,-,3037.6000,3037.4000,3037.2000,3037.0000,3036.8000,3038.0000,3038.4000,3038.6000,3038.8000,3039.0000,3,2,4,1,4,2,1,3,4,3
SF,IH2001,2019-12-19 09:32:56.600,3038.0000,13712,1,657536520.000,2,1,1,空开,S,3037.6000,3037.4000,3037.2000,3037.0000,3036.8000,3038.4000,3038.6000,3038.8000,3039.0000,3039.4000,3,2,4,1,4,1,3,4,3,1
SF,IH2001,2019-12-19 09:32:57.100,3037.6000,13714,2,659359080.000,2,2,0,双开,S,3037.6000,3037.4000,3037.2000,3037.0000,3036.8000,3038.4000,3038.6000,3038.8000,3039.0000,3039.4000,1,2,4,1,4,3,3,4,3,1
SF,IH2001,2019-12-19 09:32:57.600,3037.6000,13714,0,659359080.000,0,-,-,-,-,3037.6000,3037.4000,3037.2000,3037.0000,3036.8000,3038.2000,3038.4000,3038.6000,3038.8000,3039.0000,1,2,4,1,4,4,2,3,4,1
SF,IH2001,2019-12-19 09:32:58.100,3037.6000,13715,1,661181820.000,2,1,1,空开,S,3037.4000,3037.2000,3037.0000,3036.8000,3036.6000,3038.2000,3038.4000,3038.6000,3038.8000,3039.0000,2,4,1,4,10,3,2,3,4,1
SF,IH2001,2019-12-19 09:32:58.600,3037.6000,13715,0,661181820.000,0,-,-,-,-,3037.4000,3037.2000,3037.0000,3036.8000,3036.6000,3038.2000,3038.4000,3038.6000,3038.8000,3039.0000,2,4,1,4,10,1,2,3,4,1
SF,IH2001,2019-12-19 09:32:59.100,3037.6000,13715,0,661181820.000,0,-,-,-,-,3037.4000,3037.2000,3037.0000,3036.8000,3036.6000,3038.2000,3038.4000,3038.6000,3038.8000,3039.0000,2,4,1,4,10,1,2,3,4,1
SF,IH2001,2019-12-19 09:32:59.600,3037.6000,13715,0,661181820.000,0,-,-,-,-,3037.6000,3037.4000,3037.2000,3037.0000,3036.8000,3038.0000,3038.2000,3038.4000,3038.6000,3038.8000,1,2,4,1,4,1,3,2,3,4
SF,IH2001,2019-12-19 09:33:00.100,3037.6000,13715,0,661181820.000,0,-,-,-,-,3037.4000,3037.2000,3037.0000,3036.8000,3036.6000,3038.0000,3038.2000,3038.4000,3038.6000,3038.8000,2,4,1,4,10,1,3,2,3,4
SF,IH2001,2019-12-19 09:33:00.600,3037.6000,13715,0,661181820.000,0,-,-,-,-,3037.4000,3037.2000,3037.0000,3036.8000,3036.6000,3038.2000,3038.4000,3038.6000,3038.8000,3039.0000,2,4,1,4,10,3,2,3,4,1
SF,IH2001,2019-12-19 09:33:01.100,3038.2000,13717,2,663004680.000,2,2,0,双开,S,3037.4000,3037.2000,3037.0000,3036.8000,3036.6000,3037.6000,3038.2000,3038.6000,3038.8000,3039.0000,2,4,1,4,10,3,2,3,3,1
SF,IH2001,2019-12-19 09:33:01.600,3037.6000,13717,0,665738520.000,3,1,2,多换,S,3037.8000,3037.6000,3037.2000,3037.0000,3036.8000,3038.2000,3038.6000,3038.8000,3039.0000,3039.4000,2,4,4,1,4,2,3,3,1,1
SF,IH2001,2019-12-19 09:33:02.100,3037.6000,13717,0,666649800.000,1,0,1,多换,S,3037.6000,3037.2000,3037.0000,3036.8000,3036.6000,3038.2000,3038.6000,3038.8000,3039.0000,3039.4000,2,4,1,4,10,2,1,3,1,1
SF,IH2001,2019-12-19 09:33:03.600,3037.6000,13717,0,667561080.000,1,0,1,多换,S,3037.6000,3037.2000,3037.0000,3036.8000,3036.6000,3038.2000,3038.6000,3038.8000,3039.0000,3039.4000,1,4,1,4,10,1,1,3,1,1
SF,IH2001,2019-12-19 09:33:04.100,3037.6000,13717,0,667561080.000,0,-,-,-,-,3037.6000,3037.2000,3037.0000,3036.8000,3036.6000,3038.0000,3038.2000,3038.6000,3038.8000,3039.0000,1,4,1,4,10,1,1,1,3,1
SF,IH2001,2019-12-19 09:33:04.600,3038.0000,13716,-1,668472480.000,1,0,1,双平,S,3037.6000,3037.2000,3037.0000,3036.8000,3036.6000,3038.2000,3038.6000,3038.8000,3039.0000,3039.4000,1,4,1,4,10,1,1,3,1,1
SF,IH2001,2019-12-19 09:33:05.100,3038.0000,13716,0,668472480.000,0,-,-,-,-,3037.6000,3037.2000,3037.0000,3036.8000,3036.6000,3038.0000,3038.2000,3038.6000,3038.8000,3039.4000,1,4,1,4,10,1,1,1,3,1
SF,IH2001,2019-12-19 09:33:05.600,3038.0000,13716,0,668472480.000,0,-,-,-,-,3037.6000,3037.2000,3037.0000,3036.8000,3036.6000,3038.0000,3038.2000,3038.6000,3038.8000,3039.4000,1,5,1,4,10,1,1,1,3,1
SF,IH2001,2019-12-19 09:33:06.100,3038.0000,13716,0,669383880.000,1,0,1,多换,S,3037.2000,3037.0000,3036.8000,3036.6000,3036.4000,3038.2000,3038.6000,3038.8000,3039.4000,3039.8000,5,1,4,10,1,1,1,3,1,1
SF,IH2001,2019-12-19 09:33:06.600,3038.0000,13716,0,669383880.000,0,-,-,-,-,3037.4000,3037.2000,3037.0000,3036.8000,3036.6000,3038.2000,3038.6000,3038.8000,3039.4000,3039.8000,6,5,1,4,10,1,1,3,1,1
SF,IH2001,2019-12-19 09:33:07.100,3038.0000,13716,0,669383880.000,0,-,-,-,-,3037.4000,3037.2000,3037.0000,3036.8000,3036.6000,3038.2000,3038.6000,3038.8000,3039.4000,3039.8000,6,5,1,4,10,1,1,3,1,1
SF,IH2001,2019-12-19 09:33:07.600,3038.0000,13716,0,669383880.000,0,-,-,-,-,3037.4000,3037.2000,3037.0000,3036.8000,3036.6000,3038.2000,3038.6000,3038.8000,3039.4000,3039.8000,6,5,1,4,10,1,1,3,1,1
SF,IH2001,2019-12-19 09:33:08.100,3038.0000,13716,0,669383880.000,0,-,-,-,-,3037.4000,3037.2000,3037.0000,3036.8000,3036.6000,3038.2000,3038.6000,3038.8000,3039.4000,3039.8000,6,5,1,4,10,1,1,3,1,1
SF,IH2001,2019-12-19 09:33:08.600,3038.0000,13716,0,669383880.000,0,-,-,-,-,3037.4000,3037.2000,3037.0000,3036.8000,3036.6000,3038.2000,3038.6000,3038.8000,3039.4000,3039.8000,6,5,1,4,10,2,1,3,1,1
SF,IH2001,2019-12-19 09:33:09.100,3038.2000,13718,2,673941000.000,5,3,2,空开,S,3038.2000,3037.6000,3037.4000,3037.2000,3037.0000,3038.6000,3038.8000,3039.4000,3039.8000,3040.4000,3,3,3,5,1,1,3,1,1,4
SF,IH2001,2019-12-19 09:33:09.600,3038.6000,13720,2,681232980.000,8,5,3,空开,S,3038.6000,3037.6000,3037.4000,3037.2000,3037.0000,3038.8000,3039.4000,3039.6000,3039.8000,3040.4000,3,3,3,5,1,3,1,1,1,4
SF,IH2001,2019-12-19 09:33:10.100,3038.6000,13722,2,683967720.000,3,2,1,空开,S,3037.6000,3037.4000,3037.2000,3037.0000,3036.8000,3038.0000,3038.6000,3038.8000,3039.4000,3039.6000,3,3,5,1,4,1,5,4,1,1
SF,IH2001,2019-12-19 09:33:10.600,3038.2000,13722,0,685790580.000,2,1,1,多换,S,3038.2000,3038.0000,3037.6000,3037.4000,3037.2000,3038.6000,3038.8000,3039.4000,3039.6000,3039.8000,1,3,3,3,5,10,4,1,1,1
SF,IH2001,2019-12-19 09:33:11.100,3038.2000,13722,0,685790580.000,0,-,-,-,-,3038.2000,3038.0000,3037.6000,3037.4000,3037.2000,3038.6000,3038.8000,3039.4000,3039.6000,3039.8000,1,2,3,3,5,12,3,1,1,1
SF,IH2001,2019-12-19 09:33:11.600,3038.2000,13722,0,685790580.000,0,-,-,-,-,3038.2000,3038.0000,3037.6000,3037.4000,3037.2000,3038.6000,3038.8000,3039.4000,3039.6000,3039.8000,1,2,3,3,5,9,3,1,1,1
SF,IH2001,2019-12-19 09:33:12.600,3038.2000,13722,0,685790580.000,0,-,-,-,-,3038.2000,3038.0000,3037.6000,3037.4000,3037.2000,3038.6000,3038.8000,3039.4000,3039.6000,3039.8000,1,2,3,3,5,10,3,1,1,1
SF,IH2001,2019-12-19 09:33:13.100,3038.2000,13722,0,685790580.000,0,-,-,-,-,3038.2000,3038.0000,3037.6000,3037.4000,3037.2000,3038.6000,3038.8000,3039.4000,3039.6000,3039.8000,1,2,3,3,5,8,4,1,1,1
SF,IH2001,2019-12-19 09:33:13.600,3038.2000,13722,0,686702040.000,1,0,1,多换,S,3038.0000,3037.6000,3037.4000,3037.2000,3037.0000,3038.2000,3038.6000,3038.8000,3039.4000,3039.6000,3,2,3,5,1,1,8,4,1,1
SF,IH2001,2019-12-19 09:33:14.100,3038.2000,13722,0,686702040.000,0,-,-,-,-,3038.0000,3037.6000,3037.4000,3037.2000,3037.0000,3038.2000,3038.6000,3038.8000,3039.4000,3039.6000,3,2,3,5,1,1,8,4,1,1
SF,IH2001,2019-12-19 09:33:14.600,3038.2000,13722,0,687613500.000,1,0,1,多换,S,3038.2000,3038.0000,3037.6000,3037.4000,3037.2000,3038.6000,3038.8000,3039.4000,3039.6000,3039.8000,1,1,2,3,5,8,4,1,1,1
SF,IH2001,2019-12-19 09:33:15.100,3038.2000,13722,0,687613500.000,0,-,-,-,-,3038.2000,3038.0000,3037.6000,3037.4000,3037.2000,3038.6000,3038.8000,3039.4000,3039.6000,3039.8000,2,1,2,3,5,8,4,1,1,1
SF,IH2001,2019-12-19 09:33:17.100,3038.2000,13722,0,687613500.000,0,-,-,-,-,3038.2000,3038.0000,3037.6000,3037.4000,3037.2000,3038.6000,3038.8000,3039.4000,3039.6000,3039.8000,2,1,2,3,5,8,4,1,1,1
SF,IH2001,2019-12-19 09:33:17.600,3038.2000,13723,1,689436420.000,2,1,1,空开,S,3038.0000,3037.6000,3037.4000,3037.2000,3037.0000,3038.2000,3038.6000,3038.8000,3039.4000,3039.6000,2,2,3,5,1,2,8,4,1,1
SF,IH2001,2019-12-19 09:33:18.100,3038.6000,13723,0,696728820.000,8,4,4,多换,S,3038.4000,3038.2000,3038.0000,3037.6000,3037.4000,3038.6000,3038.8000,3039.4000,3039.6000,3039.8000,1,6,2,2,2,2,4,1,1,1
SF,IH2001,2019-12-19 09:33:18.600,3038.8000,13722,-1,699463620.000,3,1,2,多平,S,3038.6000,3038.4000,3038.2000,3038.0000,3037.6000,3038.8000,3039.4000,3039.6000,3039.8000,3040.4000,1,1,5,2,2,2,1,1,1,4
SF,IH2001,2019-12-19 09:33:19.100,3038.8000,13722,0,702198540.000,3,1,2,多换,S,3038.8000,3038.6000,3038.4000,3038.2000,3038.0000,3039.4000,3039.6000,3039.8000,3040.4000,3040.6000,1,1,1,7,2,1,1,1,4,3
SF,IH2001,2019-12-19 09:33:19.600,3038.8000,13722,0,702198540.000,0,-,-,-,-,3038.6000,3038.4000,3038.2000,3038.0000,3037.4000,3039.4000,3039.8000,3040.4000,3040.6000,3041.2000,1,1,7,2,2,2,1,4,3,1
SF,IH2001,2019-12-19 09:33:20.100,3038.8000,13722,0,702198540.000,0,-,-,-,-,3038.8000,3038.6000,3038.4000,3038.2000,3038.0000,3039.2000,3039.4000,3039.8000,3040.4000,3040.6000,1,3,1,7,2,1,2,1,4,3
SF,IH2001,2019-12-19 09:33:20.600,3038.8000,13722,0,702198540.000,0,-,-,-,-,3038.8000,3038.6000,3038.4000,3038.2000,3038.0000,3039.2000,3039.4000,3039.8000,3040.4000,3040.6000,1,3,1,7,2,1,2,1,4,3
SF,IH2001,2019-12-19 09:33:21.600,3038.8000,13722,0,702198540.000,0,-,-,-,-,3038.8000,3038.6000,3038.4000,3038.2000,3038.0000,3039.2000,3039.4000,3039.8000,3040.4000,3040.6000,1,3,1,6,2,1,2,1,4,3
SF,IH2001,2019-12-19 09:33:22.100,3039.2000,13722,0,703110300.000,1,0,1,多换,S,3039.0000,3038.8000,3038.6000,3038.4000,3038.2000,3039.4000,3039.8000,3040.4000,3040.6000,3041.2000,1,1,3,1,6,2,1,4,3,1
SF,IH2001,2019-12-19 09:33:22.600,3039.2000,13722,0,703110300.000,0,-,-,-,-,3039.0000,3038.8000,3038.6000,3038.4000,3038.2000,3039.4000,3039.8000,3040.4000,3040.6000,3041.2000,2,1,1,1,6,1,1,4,2,1
SF,IH2001,2019-12-19 09:33:23.100,3039.4000,13722,0,704022120.000,1,0,1,多换,S,3039.0000,3038.8000,3038.6000,3038.4000,3038.2000,3039.8000,3040.4000,3040.6000,3041.2000,3041.4000,2,1,1,1,6,1,3,2,1,6
SF,IH2001,2019-12-19 09:33:23.600,3039.4000,13722,0,704022120.000,0,-,-,-,-,3039.0000,3038.8000,3038.6000,3038.4000,3038.2000,3039.6000,3039.8000,3040.4000,3040.6000,3041.2000,2,1,1,1,6,2,3,3,2,1
SF,IH2001,2019-12-19 09:33:24.100,3039.4000,13722,0,704022120.000,0,-,-,-,-,3039.0000,3038.8000,3038.6000,3038.4000,3038.2000,3039.6000,3039.8000,3040.4000,3040.6000,3041.2000,2,1,1,1,6,2,3,3,2,1
SF,IH2001,2019-12-19 09:33:24.600,3039.6000,13722,0,704934000.000,1,0,1,多换,S,3039.0000,3038.8000,3038.6000,3038.4000,3038.2000,3039.4000,3039.6000,3039.8000,3040.4000,3040.6000,2,1,1,1,6,2,1,3,3,2
SF,IH2001,2019-12-19 09:33:25.100,3039.6000,13722,0,704934000.000,0,-,-,-,-,3039.2000,3039.0000,3038.8000,3038.6000,3038.4000,3039.4000,3039.6000,3039.8000,3040.4000,3040.6000,2,2,1,1,1,2,1,3,3,2
SF,IH2001,2019-12-19 09:33:25.600,3039.6000,13722,0,704934000.000,0,-,-,-,-,3039.2000,3038.4000,3038.2000,3038.0000,3037.4000,3039.4000,3039.6000,3039.8000,3040.4000,3040.6000,3,1,4,2,2,2,1,3,3,2
SF,IH2001,2019-12-19 09:33:26.100,3039.2000,13722,0,710404920.000,6,3,3,多换,S,3039.2000,3038.4000,3038.2000,3038.0000,3037.4000,3039.8000,3040.4000,3040.6000,3041.2000,3041.4000,2,1,4,2,2,3,3,2,1,2
SF,IH2001,2019-12-19 09:33:26.600,3039.2000,13722,0,710404920.000,0,-,-,-,-,3039.2000,3038.4000,3038.2000,3038.0000,3037.4000,3039.8000,3040.4000,3040.6000,3041.2000,3041.4000,2,1,4,2,2,3,3,2,1,2
SF,IH2001,2019-12-19 09:33:27.100,3039.2000,13722,0,710404920.000,0,-,-,-,-,3039.2000,3038.4000,3038.2000,3038.0000,3037.4000,3039.8000,3040.4000,3040.6000,3041.2000,3041.4000,2,1,4,2,2,3,3,2,1,2
SF,IH2001,2019-12-19 09:33:27.600,3039.2000,13722,0,710404920.000,0,-,-,-,-,3039.4000,3039.2000,3038.4000,3038.2000,3038.0000,3039.8000,3040.4000,3040.6000,3041.2000,3041.4000,1,2,1,4,2,2,3,2,1,2
SF,IH2001,2019-12-19 09:33:28.100,3039.2000,13722,0,710404920.000,0,-,-,-,-,3039.4000,3039.2000,3038.4000,3038.2000,3038.0000,3039.8000,3040.4000,3040.6000,3041.2000,3041.4000,1,1,1,4,2,2,2,2,1,2
SF,IH2001,2019-12-19 09:33:29.100,3039.8000,13722,0,711316860.000,1,0,1,多换,S,3039.4000,3039.2000,3038.4000,3038.2000,3038.0000,3039.8000,3040.4000,3040.6000,3041.2000,3041.4000,3,1,1,2,2,1,2,2,1,2
SF,IH2001,2019-12-19 09:33:29.600,3039.8000,13722,0,712228800.000,1,0,1,多换,S,3039.4000,3038.4000,3038.2000,3038.0000,3037.4000,3040.0000,3040.4000,3040.6000,3041.2000,3041.4000,3,1,2,2,2,1,1,2,1,2
SF,IH2001,2019-12-19 09:33:30.100,3039.4000,13722,0,714052620.000,2,1,1,多换,S,3039.4000,3038.4000,3038.2000,3038.0000,3037.4000,3039.8000,3040.4000,3040.6000,3040.8000,3041.2000,3,1,2,2,2,2,1,2,1,1
SF,IH2001,2019-12-19 09:33:30.600,3039.4000,13724,2,716788080.000,3,2,1,空开,S,3038.4000,3038.2000,3038.0000,3037.4000,3037.2000,3039.8000,3040.4000,3040.6000,3040.8000,3041.2000,1,2,2,2,9,2,1,2,1,1
SF,IH2001,2019-12-19 09:33:31.100,3038.8000,13724,0,717699720.000,1,0,1,多换,S,3038.8000,3038.6000,3038.4000,3038.2000,3038.0000,3039.6000,3040.4000,3040.6000,3040.8000,3041.2000,1,4,3,2,2,3,1,2,1,1
SF,IH2001,2019-12-19 09:33:31.600,3038.8000,13725,1,718611360.000,1,1,0,双开,S,3038.8000,3038.6000,3038.4000,3038.2000,3038.0000,3039.6000,3040.0000,3040.4000,3040.6000,3040.8000,2,3,1,2,2,3,1,1,2,1
SF,IH2001,2019-12-19 09:33:32.100,3038.8000,13725,0,719523000.000,1,0,1,多换,S,3038.8000,3038.6000,3038.4000,3038.2000,3038.0000,3039.4000,3039.6000,3040.0000,3040.4000,3040.6000,1,2,1,2,2,2,3,1,1,2
SF,IH2001,2019-12-19 09:33:32.600,3038.8000,13725,0,719523000.000,0,-,-,-,-,3038.6000,3038.4000,3038.2000,3038.0000,3037.8000,3039.2000,3039.4000,3039.6000,3040.0000,3040.4000,2,1,2,2,1,1,3,3,1,1
SF,IH2001,2019-12-19 09:33:33.100,3038.8000,13725,0,719523000.000,0,-,-,-,-,3038.6000,3038.4000,3038.2000,3038.0000,3037.8000,3039.2000,3039.4000,3039.6000,3040.0000,3040.4000,3,1,2,2,1,1,1,3,1,1
SF,IH2001,2019-12-19 09:33:33.600,3039.2000,13724,-1,720434760.000,1,0,1,双平,S,3038.6000,3038.4000,3038.2000,3038.0000,3037.8000,3039.4000,3039.6000,3040.0000,3040.4000,3040.6000,3,1,2,2,1,2,2,1,1,2
SF,IH2001,2019-12-19 09:33:34.100,3038.6000,13725,1,721346340.000,1,1,0,双开,S,3038.6000,3038.4000,3038.2000,3038.0000,3037.8000,3039.4000,3039.6000,3040.0000,3040.4000,3040.6000,2,1,2,2,1,2,1,1,1,2
SF,IH2001,2019-12-19 09:33:34.600,3038.6000,13725,0,721346340.000,0,-,-,-,-,3038.6000,3038.4000,3038.2000,3038.0000,3037.8000,3039.2000,3039.4000,3039.6000,3040.0000,3040.4000,2,1,2,2,1,2,2,1,1,1
SF,IH2001,2019-12-19 09:33:35.100,3038.6000,13725,0,721346340.000,0,-,-,-,-,3038.6000,3038.4000,3038.2000,3038.0000,3037.8000,3039.2000,3039.4000,3040.0000,3040.4000,3040.6000,1,1,2,2,1,2,2,1,1,2
SF,IH2001,2019-12-19 09:33:35.600,3038.6000,13725,0,722257920.000,1,0,1,多换,S,3038.4000,3038.2000,3038.0000,3037.8000,3037.2000,3039.0000,3039.2000,3039.4000,3040.0000,3040.4000,1,2,2,1,9,1,2,1,1,1
SF,IH2001,2019-12-19 09:33:36.100,3039.2000,13725,0,724993020.000,3,1,2,多换,S,3038.2000,3038.0000,3037.8000,3037.2000,3037.0000,3039.2000,3039.4000,3040.0000,3040.4000,3040.6000,2,2,1,9,1,1,1,1,1,2
SF,IH2001,2019-12-19 09:33:36.600,3039.2000,13725,0,724993020.000,0,-,-,-,-,3038.4000,3038.2000,3038.0000,3037.8000,3037.2000,3039.0000,3039.2000,3039.4000,3040.0000,3040.2000,1,2,2,1,9,1,2,1,1,1
SF,IH2001,2019-12-19 09:33:37.100,3038.4000,13724,-1,725904540.000,1,0,1,双平,S,3038.0000,3037.8000,3037.2000,3037.0000,3036.8000,3038.4000,3038.8000,3039.0000,3039.4000,3040.0000,2,1,9,1,5,1,1,3,1,1
SF,IH2001,2019-12-19 09:33:37.600,3038.4000,13723,-1,727727580.000,2,0,2,多平,S,3038.0000,3037.2000,3037.0000,3036.8000,3036.6000,3038.8000,3039.0000,3039.4000,3040.0000,3040.2000,2,9,1,5,10,1,2,1,1,1
SF,IH2001,2019-12-19 09:33:38.100,3038.4000,13723,0,727727580.000,0,-,-,-,-,3038.0000,3037.2000,3037.0000,3036.8000,3036.6000,3038.8000,3039.0000,3039.4000,3040.0000,3040.2000,2,9,1,5,10,1,2,1,1,1
SF,IH2001,2019-12-19 09:33:38.600,3038.4000,13723,0,727727580.000,0,-,-,-,-,3038.0000,3037.2000,3037.0000,3036.8000,3036.6000,3038.6000,3039.0000,3039.4000,3040.0000,3040.2000,3,9,1,5,10,1,2,2,1,1
SF,IH2001,2019-12-19 09:33:39.100,3038.4000,13723,0,727727580.000,0,-,-,-,-,3038.0000,3037.2000,3037.0000,3036.8000,3036.6000,3038.6000,3038.8000,3039.0000,3039.4000,3040.0000,2,9,1,5,10,1,1,1,2,1
SF,IH2001,2019-12-19 09:33:39.600,3038.4000,13723,0,727727580.000,0,-,-,-,-,3038.0000,3037.2000,3037.0000,3036.8000,3036.6000,3038.8000,3039.0000,3039.4000,3040.0000,3040.2000,2,9,1,5,10,1,1,2,1,1
SF,IH2001,2019-12-19 09:33:40.100,3038.4000,13723,0,727727580.000,0,-,-,-,-,3038.0000,3037.2000,3037.0000,3036.8000,3036.6000,3038.6000,3038.8000,3039.0000,3039.4000,3040.0000,2,9,1,5,10,1,3,1,2,1
SF,IH2001,2019-12-19 09:33:42.100,3038.0000,13722,-1,728638980.000,1,0,1,双平,S,3038.0000,3037.2000,3037.0000,3036.8000,3036.6000,3038.6000,3038.8000,3039.0000,3039.4000,3040.0000,1,9,1,5,10,1,3,1,2,1
SF,IH2001,2019-12-19 09:33:42.600,3038.0000,13722,0,728638980.000,0,-,-,-,-,3038.2000,3038.0000,3037.2000,3037.0000,3036.8000,3038.4000,3038.6000,3038.8000,3039.0000,3039.4000,1,1,9,1,5,1,1,2,1,2
SF,IH2001,2019-12-19 09:33:43.100,3038.0000,13721,-1,730461840.000,2,0,2,多平,S,3037.2000,3037.0000,3036.8000,3036.6000,3036.4000,3038.2000,3038.4000,3038.8000,3039.0000,3039.4000,9,1,5,10,1,3,1,2,1,2
SF,IH2001,2019-12-19 09:33:43.600,3038.0000,13721,0,730461840.000,0,-,-,-,-,3037.6000,3037.4000,3037.2000,3037.0000,3036.8000,3038.0000,3038.8000,3039.0000,3039.4000,3040.0000,1,7,9,1,5,2,2,1,2,1
SF,IH2001,2019-12-19 09:33:44.100,3038.0000,13720,-1,732284640.000,2,0,2,多平,S,3037.6000,3037.4000,3037.2000,3037.0000,3036.8000,3038.8000,3039.0000,3039.4000,3040.0000,3040.2000,1,7,9,1,5,2,1,2,1,1
SF,IH2001,2019-12-19 09:33:44.600,3037.8000,13720,0,733195980.000,1,0,1,多换,S,3037.8000,3037.6000,3037.4000,3037.2000,3037.0000,3038.6000,3038.8000,3039.0000,3039.4000,3040.0000,1,1,3,9,1,2,2,1,2,1
SF,IH2001,2019-12-19 09:33:45.100,3037.8000,13720,0,733195980.000,0,-,-,-,-,3037.8000,3037.6000,3037.4000,3037.2000,3037.0000,3038.6000,3038.8000,3039.4000,3040.0000,3040.2000,1,1,1,9,1,3,1,2,1,1
SF,IH2001,2019-12-19 09:33:45.600,3037.8000,13719,-1,734107320.000,1,0,1,双平,S,3038.0000,3037.6000,3037.4000,3037.2000,3037.0000,3038.4000,3038.6000,3038.8000,3039.4000,3040.0000,1,1,1,9,1,1,1,1,2,1
SF,IH2001,2019-12-19 09:33:46.100,3038.0000,13718,-1,735018720.000,1,0,1,双平,S,3037.6000,3037.4000,3037.2000,3037.0000,3036.8000,3038.2000,3038.4000,3038.6000,3038.8000,3039.4000,1,1,9,1,5,1,1,1,1,2
SF,IH2001,2019-12-19 09:33:46.600,3038.0000,13718,0,735018720.000,0,-,-,-,-,3037.6000,3037.4000,3037.2000,3037.0000,3036.8000,3038.2000,3038.6000,3038.8000,3039.4000,3040.0000,1,1,9,1,5,1,1,1,2,1
SF,IH2001,2019-12-19 09:33:47.100,3038.0000,13717,-1,735930120.000,1,0,1,双平,S,3037.6000,3037.4000,3037.2000,3037.0000,3036.8000,3038.8000,3039.4000,3040.0000,3040.2000,3040.4000,1,1,9,1,5,1,2,1,1,1
SF,IH2001,2019-12-19 09:33:47.600,3038.0000,13717,0,735930120.000,0,-,-,-,-,3037.4000,3037.2000,3037.0000,3036.8000,3036.6000,3038.6000,3038.8000,3039.4000,3040.0000,3040.2000,1,9,1,5,10,4,1,2,1,1
SF,IH2001,2019-12-19 09:33:48.100,3038.0000,13717,0,735930120.000,0,-,-,-,-,3037.6000,3037.4000,3037.2000,3037.0000,3036.8000,3038.4000,3038.6000,3038.8000,3039.4000,3040.0000,3,1,9,1,5,1,5,1,2,1
SF,IH2001,2019-12-19 09:33:48.600,3038.0000,13717,0,735930120.000,0,-,-,-,-,3037.6000,3037.4000,3037.2000,3037.0000,3036.8000,3038.4000,3038.6000,3038.8000,3039.4000,3040.0000,2,1,9,1,5,2,5,1,2,1
SF,IH2001,2019-12-19 09:33:49.100,3038.0000,13717,0,735930120.000,0,-,-,-,-,3037.6000,3037.4000,3037.2000,3037.0000,3036.8000,3038.0000,3038.2000,3038.4000,3038.6000,3038.8000,2,1,9,1,5,2,2,1,5,1
SF,IH2001,2019-12-19 09:33:50.100,3038.0000,13718,1,736841520.000,1,1,0,双开,S,3037.6000,3037.4000,3037.2000,3037.0000,3036.8000,3038.0000,3038.2000,3038.4000,3038.6000,3038.8000,2,1,9,1,5,1,2,1,5,1
SF,IH2001,2019-12-19 09:33:50.600,3038.4000,13718,0,738664440.000,2,1,1,多换,S,3037.6000,3037.4000,3037.2000,3037.0000,3036.8000,3038.6000,3038.8000,3039.4000,3040.0000,3040.2000,2,1,9,1,5,5,1,2,1,1
SF,IH2001,2019-12-19 09:33:51.100,3038.4000,13718,0,738664440.000,0,-,-,-,-,3037.4000,3037.2000,3037.0000,3036.8000,3036.6000,3038.6000,3038.8000,3039.4000,3040.0000,3040.2000,1,9,1,5,11,5,1,2,1,1
SF,IH2001,2019-12-19 09:33:51.600,3038.4000,13719,1,739575960.000,1,1,0,双开,S,3037.6000,3037.4000,3037.2000,3037.0000,3036.8000,3038.4000,3038.6000,3038.8000,3039.4000,3040.0000,1,3,9,1,5,4,6,1,2,1
SF,IH2001,2019-12-19 09:33:52.100,3038.4000,13719,0,739575960.000,0,-,-,-,-,3037.4000,3037.2000,3037.0000,3036.8000,3036.6000,3038.4000,3038.6000,3038.8000,3039.4000,3040.0000,1,9,1,5,11,3,6,1,2,1
SF,IH2001,2019-12-19 09:33:52.600,3038.4000,13719,0,739575960.000,0,-,-,-,-,3037.2000,3037.0000,3036.8000,3036.6000,3036.4000,3038.4000,3038.6000,3038.8000,3039.4000,3040.0000,9,1,5,11,1,3,6,1,2,1
SF,IH2001,2019-12-19 09:33:53.100,3038.4000,13719,0,739575960.000,0,-,-,-,-,3037.4000,3037.2000,3037.0000,3036.8000,3036.6000,3038.2000,3038.4000,3038.6000,3038.8000,3039.4000,2,9,1,5,11,2,4,4,1,2
SF,IH2001,2019-12-19 09:33:53.600,3038.4000,13719,0,739575960.000,0,-,-,-,-,3037.4000,3037.2000,3037.0000,3036.8000,3036.6000,3038.6000,3038.8000,3039.2000,3039.4000,3040.0000,3,9,1,5,11,4,1,1,2,1
SF,IH2001,2019-12-19 09:33:54.100,3038.4000,13719,0,739575960.000,0,-,-,-,-,3037.6000,3037.4000,3037.2000,3037.0000,3036.8000,3038.4000,3038.6000,3038.8000,3039.2000,3039.4000,1,3,9,1,5,7,4,1,1,2
SF,IH2001,2019-12-19 09:33:54.600,3038.4000,13719,0,739575960.000,0,-,-,-,-,3037.4000,3037.2000,3037.0000,3036.8000,3036.6000,3038.2000,3038.4000,3038.6000,3038.8000,3039.2000,3,9,1,5,11,1,6,4,1,1
SF,IH2001,2019-12-19 09:33:55.100,3038.0000,13718,-1,740487360.000,1,0,1,双平,S,3037.4000,3037.2000,3037.0000,3036.8000,3036.6000,3038.0000,3038.2000,3038.4000,3038.6000,3038.8000,2,9,1,5,11,1,1,6,4,1
SF,IH2001,2019-12-19 09:33:55.600,3038.0000,13718,0,740487360.000,0,-,-,-,-,3037.4000,3037.2000,3037.0000,3036.8000,3036.6000,3038.0000,3038.4000,3038.6000,3038.8000,3039.2000,3,9,1,5,11,1,6,4,1,1
SF,IH2001,2019-12-19 09:33:56.100,3038.0000,13718,0,740487360.000,0,-,-,-,-,3037.4000,3037.2000,3037.0000,3036.8000,3036.6000,3038.0000,3038.4000,3038.6000,3038.8000,3039.2000,1,9,1,5,11,1,6,4,1,1
SF,IH2001,2019-12-19 09:33:57.100,3038.0000,13718,0,741398760.000,1,0,1,多换,S,3037.4000,3037.2000,3037.0000,3036.8000,3036.6000,3037.8000,3038.4000,3038.6000,3038.8000,3039.2000,1,9,1,5,11,1,6,4,1,1
SF,IH2001,2019-12-19 09:33:57.600,3037.8000,13717,-1,742310100.000,1,0,1,双平,S,3037.8000,3037.4000,3037.2000,3037.0000,3036.8000,3038.4000,3038.6000,3038.8000,3039.2000,3039.4000,1,1,9,1,5,3,4,1,1,2
SF,IH2001,2019-12-19 09:33:58.100,3037.8000,13716,-1,743221440.000,1,0,1,双平,S,3037.4000,3037.2000,3037.0000,3036.8000,3036.6000,3037.8000,3038.4000,3038.6000,3038.8000,3039.2000,1,9,1,5,11,4,3,4,1,1
SF,IH2001,2019-12-19 09:33:58.600,3037.8000,13716,0,743221440.000,0,-,-,-,-,3037.4000,3037.2000,3037.0000,3036.8000,3036.6000,3037.6000,3037.8000,3038.4000,3038.6000,3038.8000,1,9,1,5,11,1,6,3,4,1
SF,IH2001,2019-12-19 09:33:59.100,3037.6000,13716,0,744132720.000,1,0,1,多换,S,3037.4000,3037.2000,3037.0000,3036.8000,3036.6000,3037.8000,3038.4000,3038.6000,3039.2000,3039.4000,1,9,1,4,11,3,3,4,1,2
SF,IH2001,2019-12-19 09:33:59.600,3037.6000,13716,0,744132720.000,0,-,-,-,-,3037.4000,3037.2000,3037.0000,3036.8000,3036.6000,3037.8000,3038.4000,3038.6000,3039.2000,3039.4000,1,9,1,4,11,3,3,4,1,2
SF,IH2001,2019-12-19 09:34:00.100,3037.8000,13712,-4,747778080.000,4,0,4,双平,S,3037.4000,3037.2000,3037.0000,3036.8000,3036.6000,3037.6000,3038.4000,3038.6000,3039.2000,3039.4000,1,9,1,4,11,1,3,4,1,2
SF,IH2001,2019-12-19 09:34:00.600,3037.6000,13711,-1,748689360.000,1,0,1,双平,S,3037.6000,3037.4000,3037.2000,3037.0000,3036.8000,3038.4000,3038.6000,3039.2000,3039.4000,3040.0000,3,1,10,1,4,3,4,1,2,1
SF,IH2001,2019-12-19 09:34:01.100,3037.6000,13711,0,752334960.000,4,2,2,多换,S,3037.6000,3037.4000,3037.2000,3037.0000,3036.8000,3038.4000,3038.6000,3039.2000,3039.4000,3040.0000,3,3,10,1,4,2,4,1,2,1
SF,IH2001,2019-12-19 09:34:01.600,3038.4000,13712,1,753246480.000,1,1,0,双开,S,3037.8000,3037.6000,3037.4000,3037.2000,3037.0000,3038.6000,3039.2000,3039.4000,3040.0000,3040.2000,2,4,3,10,1,4,1,2,1,1
SF,IH2001,2019-12-19 09:34:02.100,3038.4000,13712,0,753246480.000,0,-,-,-,-,3037.8000,3037.6000,3037.4000,3037.2000,3037.0000,3038.6000,3039.2000,3039.4000,3040.0000,3040.2000,5,2,3,10,1,4,1,2,1,1
SF,IH2001,2019-12-19 09:34:02.600,3038.4000,13712,0,753246480.000,0,-,-,-,-,3037.8000,3037.6000,3037.2000,3037.0000,3036.8000,3038.4000,3038.6000,3039.2000,3039.4000,3040.0000,1,2,10,1,4,3,4,1,2,1
SF,IH2001,2019-12-19 09:34:03.100,3038.4000,13712,0,753246480.000,0,-,-,-,-,3037.8000,3037.2000,3037.0000,3036.8000,3036.6000,3038.4000,3038.6000,3039.2000,3039.4000,3040.0000,1,10,1,4,11,4,4,1,2,1
SF,IH2001,2019-12-19 09:34:03.600,3037.8000,13711,-1,754157820.000,1,0,1,双平,S,3037.2000,3037.0000,3036.8000,3036.6000,3036.4000,3038.4000,3038.6000,3039.2000,3039.4000,3040.0000,10,1,4,11,1,4,4,1,2,1
SF,IH2001,2019-12-19 09:34:04.100,3037.8000,13711,0,754157820.000,0,-,-,-,-,3037.4000,3037.2000,3037.0000,3036.8000,3036.6000,3038.0000,3038.2000,3038.4000,3038.6000,3039.2000,2,10,1,4,11,6,1,4,4,1
SF,IH2001,2019-12-19 09:34:04.600,3037.4000,13716,5,758714280.000,5,5,0,双开,S,3037.2000,3037.0000,3036.8000,3036.6000,3036.4000,3037.8000,3038.0000,3038.2000,3038.4000,3038.6000,9,1,4,11,1,3,1,1,4,4
SF,IH2001,2019-12-19 09:34:05.100,3037.4000,13716,0,761447940.000,3,1,2,多换,S,3037.2000,3037.0000,3036.8000,3036.6000,3036.4000,3038.0000,3038.4000,3038.6000,3039.2000,3039.4000,9,1,4,11,1,1,4,4,1,2
SF,IH2001,2019-12-19 09:34:05.600,3037.8000,13716,0,762359280.000,1,0,1,多换,S,3037.4000,3037.2000,3037.0000,3036.8000,3036.6000,3037.8000,3038.0000,3038.4000,3038.6000,3039.2000,3,9,1,4,11,2,2,4,4,1
SF,IH2001,2019-12-19 09:34:06.100,3037.8000,13716,0,762359280.000,0,-,-,-,-,3037.4000,3037.2000,3037.0000,3036.8000,3036.6000,3037.8000,3038.0000,3038.4000,3038.6000,3039.2000,3,9,1,4,11,2,1,4,4,1
SF,IH2001,2019-12-19 09:34:06.600,3037.8000,13716,0,762359280.000,0,-,-,-,-,3037.4000,3037.2000,3037.0000,3036.8000,3036.6000,3037.8000,3038.4000,3038.6000,3039.2000,3039.4000,3,9,1,4,11,3,4,4,1,2
SF,IH2001,2019-12-19 09:34:07.100,3037.4000,13717,1,763270500.000,1,1,0,双开,S,3037.4000,3037.2000,3037.0000,3036.8000,3036.6000,3037.8000,3038.4000,3038.6000,3039.2000,3039.4000,2,9,1,4,11,3,3,4,1,2
SF,IH2001,2019-12-19 09:34:08.100,3037.4000,13719,2,765092940.000,2,2,0,双开,S,3037.4000,3037.2000,3037.0000,3036.8000,3036.6000,3037.8000,3038.4000,3038.6000,3039.2000,3039.4000,1,9,1,4,11,3,3,4,1,2
SF,IH2001,2019-12-19 09:34:08.600,3037.4000,13718,-1,766004160.000,1,0,1,双平,S,3037.2000,3037.0000,3036.8000,3036.6000,3036.4000,3037.8000,3038.4000,3038.6000,3039.2000,3039.4000,9,1,4,11,1,4,3,4,1,2
SF,IH2001,2019-12-19 09:34:11.600,3037.4000,13718,0,766004160.000,0,-,-,-,-,3037.2000,3037.0000,3036.8000,3036.6000,3036.4000,3037.8000,3038.4000,3038.6000,3039.2000,3039.4000,9,1,4,11,1,4,3,4,1,2
SF,IH2001,2019-12-19 09:34:14.100,3037.4000,13718,0,766004160.000,0,-,-,-,-,3037.4000,3037.2000,3037.0000,3036.8000,3036.6000,3037.8000,3038.4000,3038.6000,3039.2000,3039.4000,1,9,1,4,11,4,3,4,1,2
SF,IH2001,2019-12-19 09:34:14.600,3037.8000,13719,1,766915500.000,1,1,0,双开,S,3037.4000,3037.2000,3037.0000,3036.8000,3036.6000,3037.8000,3038.6000,3039.2000,3039.4000,3040.0000,1,9,1,4,11,3,4,1,2,1
SF,IH2001,2019-12-19 09:34:15.100,3037.4000,13718,-1,767826720.000,1,0,1,双平,S,3037.2000,3037.0000,3036.8000,3036.6000,3036.4000,3037.4000,3037.8000,3038.6000,3039.2000,3039.4000,9,1,4,11,1,1,3,4,1,2
SF,IH2001,2019-12-19 09:34:15.600,3037.4000,13718,0,768737940.000,1,0,1,多换,S,3037.2000,3037.0000,3036.8000,3036.6000,3036.4000,3037.8000,3038.6000,3039.2000,3039.4000,3040.0000,9,1,4,11,1,3,4,1,2,1
SF,IH2001,2019-12-19 09:34:16.600,3037.2000,13718,0,769649100.000,1,0,1,多换,S,3037.2000,3037.0000,3036.8000,3036.6000,3036.4000,3037.8000,3038.6000,3039.2000,3039.4000,3040.0000,8,1,4,11,1,3,4,1,2,1
SF,IH2001,2019-12-19 09:34:17.100,3037.2000,13718,0,769649100.000,0,-,-,-,-,3037.2000,3037.0000,3036.8000,3036.6000,3036.4000,3037.8000,3038.6000,3039.2000,3039.4000,3040.0000,8,1,4,11,1,3,1,1,2,1
SF,IH2001,2019-12-19 09:34:19.600,3037.2000,13718,0,769649100.000,0,-,-,-,-,3037.2000,3037.0000,3036.8000,3036.6000,3036.4000,3037.8000,3038.6000,3039.2000,3039.4000,3040.0000,8,1,5,11,1,3,1,1,2,1
SF,IH2001,2019-12-19 09:34:20.100,3037.2000,13718,0,769649100.000,0,-,-,-,-,3037.2000,3037.0000,3036.8000,3036.6000,3036.4000,3037.8000,3038.6000,3039.2000,3039.4000,3040.2000,8,1,5,11,1,3,1,1,2,1
SF,IH2001,2019-12-19 09:34:20.600,3037.8000,13719,1,770560440.000,1,1,0,双开,S,3037.2000,3037.0000,3036.8000,3036.6000,3036.4000,3037.8000,3038.6000,3039.2000,3039.4000,3040.2000,8,1,5,11,1,2,1,1,2,1
SF,IH2001,2019-12-19 09:34:21.100,3037.8000,13719,0,770560440.000,0,-,-,-,-,3037.2000,3037.0000,3036.8000,3036.6000,3036.4000,3037.8000,3038.6000,3039.2000,3039.4000,3040.0000,8,1,5,11,1,2,1,1,2,1
SF,IH2001,2019-12-19 09:34:23.600,3037.2000,13719,0,771471600.000,1,0,1,多换,S,3037.2000,3037.0000,3036.8000,3036.6000,3036.4000,3037.8000,3038.6000,3039.2000,3039.4000,3040.2000,7,1,5,11,1,2,1,1,2,1
SF,IH2001,2019-12-19 09:34:24.600,3037.4000,13720,1,772382820.000,1,1,0,双开,S,3037.2000,3037.0000,3036.8000,3036.6000,3036.4000,3037.4000,3037.8000,3038.6000,3039.2000,3039.4000,7,1,5,11,1,2,2,1,1,2
SF,IH2001,2019-12-19 09:34:25.100,3037.4000,13722,2,774205260.000,2,2,0,双开,S,3037.4000,3037.2000,3037.0000,3036.8000,3036.6000,3037.8000,3039.2000,3039.4000,3040.2000,3040.4000,1,7,1,5,11,1,1,2,1,1
SF,IH2001,2019-12-19 09:34:25.600,3037.8000,13722,0,775116600.000,1,0,1,多换,S,3037.2000,3037.0000,3036.8000,3036.6000,3036.4000,3039.2000,3039.4000,3040.2000,3040.4000,3040.6000,7,1,5,11,1,1,2,1,1,2
SF,IH2001,2019-12-19 09:34:26.100,3037.8000,13722,0,775116600.000,0,-,-,-,-,3037.4000,3037.2000,3037.0000,3036.8000,3036.6000,3038.6000,3038.8000,3039.0000,3039.2000,3039.4000,7,7,1,5,11,2,1,9,7,3
SF,IH2001,2019-12-19 09:34:26.600,3038.4000,13723,1,776028120.000,1,1,0,双开,S,3037.4000,3037.2000,3037.0000,3036.8000,3036.6000,3038.4000,3038.6000,3038.8000,3039.0000,3039.2000,5,7,1,5,11,1,4,1,7,3
SF,IH2001,2019-12-19 09:34:27.100,3037.4000,13724,1,776939340.000,1,1,0,双开,S,3037.4000,3037.2000,3037.0000,3036.8000,3036.6000,3038.2000,3038.4000,3038.6000,3038.8000,3039.0000,4,7,1,5,11,2,1,4,1,7
SF,IH2001,2019-12-19 09:34:27.600,3037.4000,13724,0,776939340.000,0,-,-,-,-,3037.6000,3037.4000,3037.2000,3037.0000,3036.8000,3038.2000,3038.4000,3038.6000,3038.8000,3039.0000,1,2,7,1,5,3,1,4,1,7
SF,IH2001,2019-12-19 09:34:28.100,3037.6000,13724,0,777850620.000,1,0,1,多换,S,3037.4000,3037.2000,3037.0000,3036.8000,3036.6000,3038.2000,3038.4000,3038.6000,3038.8000,3039.0000,2,7,1,5,11,4,1,3,1,5
SF,IH2001,2019-12-19 09:34:28.600,3037.6000,13724,0,777850620.000,0,-,-,-,-,3037.4000,3037.2000,3037.0000,3036.8000,3036.6000,3038.0000,3038.2000,3038.4000,3038.6000,3038.8000,2,7,1,5,11,1,4,1,3,1
SF,IH2001,2019-12-19 09:34:29.100,3037.6000,13724,0,777850620.000,0,-,-,-,-,3037.4000,3037.2000,3037.0000,3036.8000,3036.6000,3037.8000,3038.0000,3038.2000,3038.4000,3038.6000,1,7,1,5,11,1,2,4,1,3
SF,IH2001,2019-12-19 09:34:29.600,3037.6000,13724,0,777850620.000,0,-,-,-,-,3037.4000,3037.2000,3037.0000,3036.8000,3036.6000,3037.8000,3038.0000,3038.2000,3038.4000,3038.6000,1,7,1,5,11,1,2,2,1,3
SF,IH2001,2019-12-19 09:34:30.100,3038.0000,13725,1,778762020.000,1,1,0,双开,S,3037.6000,3037.4000,3037.2000,3037.0000,3036.8000,3038.0000,3038.2000,3038.4000,3038.6000,3038.8000,1,1,7,1,5,1,2,1,3,1
SF,IH2001,2019-12-19 09:34:30.600,3038.0000,13725,0,778762020.000,0,-,-,-,-,3037.4000,3037.2000,3037.0000,3036.8000,3036.6000,3037.8000,3038.0000,3038.2000,3038.4000,3038.6000,1,7,1,5,11,1,1,2,1,3
SF,IH2001,2019-12-19 09:34:32.600,3038.0000,13726,1,780584820.000,2,1,1,空开,S,3037.4000,3037.2000,3037.0000,3036.8000,3036.6000,3038.2000,3038.4000,3038.6000,3038.8000,3039.0000,1,7,1,5,11,2,1,3,1,3
SF,IH2001,2019-12-19 09:34:33.100,3038.0000,13726,0,780584820.000,0,-,-,-,-,3037.6000,3037.4000,3037.2000,3037.0000,3036.8000,3038.2000,3038.4000,3038.6000,3038.8000,3039.0000,1,3,7,1,5,2,1,3,2,3
SF,IH2001,2019-12-19 09:34:33.600,3037.6000,13726,0,781496100.000,1,0,1,多换,S,3037.4000,3037.2000,3037.0000,3036.8000,3036.6000,3038.0000,3038.2000,3038.6000,3038.8000,3039.0000,1,7,1,5,11,1,1,3,2,3
SF,IH2001,2019-12-19 09:34:34.100,3037.6000,13726,0,781496100.000,0,-,-,-,-,3037.4000,3037.2000,3037.0000,3036.8000,3036.6000,3038.0000,3038.2000,3038.6000,3038.8000,3039.0000,3,7,1,5,11,1,1,3,2,3
SF,IH2001,2019-12-19 09:34:34.600,3038.0000,13726,0,782407500.000,1,0,1,多换,S,3037.4000,3037.2000,3037.0000,3036.8000,3036.6000,3037.8000,3038.0000,3038.2000,3038.6000,3038.8000,3,7,1,5,11,1,1,1,3,2
SF,IH2001,2019-12-19 09:34:35.100,3037.4000,13726,0,783318720.000,1,0,1,多换,S,3037.4000,3037.2000,3037.0000,3036.8000,3036.6000,3037.8000,3038.0000,3038.2000,3038.6000,3038.8000,2,7,1,5,11,1,1,1,3,2
SF,IH2001,2019-12-19 09:34:35.600,3037.8000,13726,0,784230060.000,1,0,1,多换,S,3037.4000,3037.2000,3037.0000,3036.8000,3036.6000,3038.0000,3038.2000,3038.6000,3038.8000,3039.0000,2,7,1,5,11,1,1,3,2,3
SF,IH2001,2019-12-19 09:34:37.100,3038.0000,13726,0,785141460.000,1,0,1,多换,S,3037.4000,3037.2000,3037.0000,3036.8000,3036.6000,3038.2000,3038.6000,3038.8000,3039.0000,3039.2000,2,7,1,6,11,1,3,2,3,3
SF,IH2001,2019-12-19 09:34:39.100,3038.0000,13726,0,785141460.000,0,-,-,-,-,3037.4000,3037.2000,3037.0000,3036.8000,3036.6000,3038.2000,3038.6000,3038.8000,3039.0000,3039.2000,2,7,1,6,11,1,3,2,3,3
SF,IH2001,2019-12-19 09:34:39.600,3037.4000,13726,0,786052680.000,1,0,1,多换,S,3037.4000,3037.2000,3037.0000,3036.8000,3036.6000,3038.0000,3038.2000,3038.6000,3038.8000,3039.0000,1,7,1,6,11,1,3,3,2,3
SF,IH2001,2019-12-19 09:34:40.100,3037.4000,13726,0,786052680.000,0,-,-,-,-,3037.4000,3037.2000,3037.0000,3036.8000,3036.6000,3038.0000,3038.2000,3038.6000,3038.8000,3039.0000,1,7,1,6,11,1,2,3,2,3
SF,IH2001,2019-12-19 09:34:40.600,3038.0000,13726,0,786964080.000,1,0,1,多换,S,3037.4000,3037.2000,3037.0000,3036.8000,3036.6000,3038.2000,3038.6000,3038.8000,3039.0000,3039.2000,1,7,1,6,11,2,3,2,3,3
SF,IH2001,2019-12-19 09:34:41.100,3038.0000,13726,0,786964080.000,0,-,-,-,-,3037.4000,3037.2000,3037.0000,3036.8000,3036.6000,3038.2000,3038.6000,3038.8000,3039.0000,3039.2000,2,7,1,6,11,1,3,2,3,3
SF,IH2001,2019-12-19 09:34:41.600,3038.0000,13726,0,786964080.000,0,-,-,-,-,3037.4000,3037.2000,3037.0000,3036.8000,3036.6000,3038.2000,3038.6000,3038.8000,3039.0000,3039.2000,1,7,1,6,11,2,3,2,3,3
SF,IH2001,2019-12-19 09:34:42.100,3038.0000,13726,0,786964080.000,0,-,-,-,-,3037.6000,3037.4000,3037.2000,3037.0000,3036.8000,3038.2000,3038.4000,3038.6000,3038.8000,3039.0000,1,3,7,1,6,2,1,2,2,3
