市场代码,合约代码,时间,最新,持仓,增仓,成交额,成交量,开仓,平仓,成交类型,方向,买一价,买二价,买三价,买四价,买五价,卖一价,卖二价,卖三价,卖四价,卖五价,买一量,买二量,买三量,买四量,买五量,卖一量,卖二量,卖三量,卖四量,卖五量
SF,IH2010,2020-09-04 09:29:00.000,3292.0000,2914,0,2962800.000,3.000,-,-,-,-,3285.0000,3284.0000,3283.0000,3282.0000,3281.0000,3292.0000,3293.0000,3294.4000,3299.4000,3310.0000,11,10,10,10,10,3,1,1,1,1
SF,IH2010,2020-09-04 09:30:00.500,3289.8000,2912,-2,12824760.000,10,4,6,多平,S,3285.0000,3284.0000,3283.0000,3282.0000,3281.0000,3291.2000,3291.6000,3293.0000,3299.4000,3310.0000,6,10,10,10,10,1,1,1,1,1
SF,IH2010,2020-09-04 09:30:01.000,3289.8000,2912,0,13811700.000,1,0,1,多换,S,3285.2000,3285.0000,3284.0000,3283.0000,3282.0000,3287.8000,3288.6000,3290.0000,3290.4000,3291.0000,1,5,10,10,10,1,1,1,1,8
SF,IH2010,2020-09-04 09:30:01.500,3285.0000,2913,1,18739260.000,5,3,2,空开,S,3285.0000,3284.0000,3283.0000,3282.0000,3281.0000,3285.2000,3285.8000,3286.8000,3287.2000,3287.6000,1,10,10,10,10,1,1,1,1,6
SF,IH2010,2020-09-04 09:30:02.000,3284.0000,2910,-3,32536260.000,14,5,9,多平,S,3284.0000,3283.0000,3282.0000,3281.0000,3280.0000,3287.8000,3290.0000,3290.2000,3290.4000,3292.0000,3,10,10,10,14,1,1,1,1,1
SF,IH2010,2020-09-04 09:30:02.500,3285.2000,2909,-1,34507380.000,2,0,2,多平,S,3284.2000,3284.0000,3283.0000,3282.0000,3281.0000,3287.6000,3287.8000,3290.0000,3290.2000,3290.4000,2,3,10,10,10,2,1,1,1,1
SF,IH2010,2020-09-04 09:30:03.000,3287.6000,2909,0,39436080.000,5,2,3,多换,S,3284.4000,3284.2000,3284.0000,3283.0000,3282.0000,3287.8000,3290.0000,3290.4000,3292.0000,3310.0000,1,3,3,10,10,1,1,1,1,1
SF,IH2010,2020-09-04 09:30:03.500,3287.8000,2906,-3,44367540.000,5,1,4,多平,S,3284.6000,3284.2000,3284.0000,3283.0000,3282.0000,3285.0000,3290.0000,3290.4000,3292.0000,3310.0000,2,1,3,10,10,1,1,1,1,1
SF,IH2010,2020-09-04 09:30:04.000,3285.0000,2906,0,45353040.000,1,0,1,多换,S,3285.8000,3285.0000,3284.6000,3284.2000,3284.0000,3290.4000,3292.0000,3310.0000,3316.4000,3318.0000,1,1,3,1,3,1,1,1,5,3
SF,IH2010,2020-09-04 09:30:04.500,3288.6000,2905,-1,46339620.000,1,0,1,双平,S,3288.6000,3286.0000,3285.0000,3284.6000,3284.2000,3290.0000,3290.2000,3290.4000,3292.0000,3310.0000,4,2,1,3,1,1,3,1,1,1
SF,IH2010,2020-09-04 09:30:05.000,3288.6000,2899,-6,52259100.000,6,0,6,双平,S,3286.8000,3286.0000,3284.0000,3283.0000,3282.0000,3289.8000,3290.0000,3290.2000,3290.4000,3292.0000,1,2,3,10,10,3,1,2,1,1
SF,IH2010,2020-09-04 09:30:05.500,3288.6000,2899,0,52259100.000,0,-,-,-,-,3287.0000,3284.0000,3283.0000,3282.6000,3282.0000,3288.6000,3289.8000,3290.0000,3290.2000,3290.4000,2,3,10,1,10,2,3,1,2,1
SF,IH2010,2020-09-04 09:30:06.000,3288.6000,2899,0,52259100.000,0,-,-,-,-,3287.0000,3284.0000,3283.0000,3282.6000,3282.0000,3289.8000,3290.0000,3290.2000,3292.0000,3310.0000,1,3,10,1,10,3,1,2,1,1
SF,IH2010,2020-09-04 09:30:06.500,3288.6000,2899,0,52259100.000,0,-,-,-,-,3288.6000,3287.2000,3287.0000,3284.0000,3283.0000,3289.8000,3290.0000,3290.2000,3292.0000,3310.0000,4,1,1,3,10,2,1,2,1,1
SF,IH2010,2020-09-04 09:30:07.000,3290.0000,2899,0,57193740.000,5,2,3,多换,S,3289.8000,3288.6000,3287.2000,3287.0000,3284.0000,3292.0000,3310.0000,3316.4000,3318.0000,3328.4000,1,4,1,1,3,1,1,5,3,6
SF,IH2010,2020-09-04 09:30:07.500,3288.6000,2893,-6,64100760.000,7,0,7,多平,S,3287.2000,3287.0000,3284.0000,3283.0000,3282.0000,3289.8000,3290.6000,3291.0000,3291.8000,3292.0000,1,1,3,10,10,4,2,1,1,1
SF,IH2010,2020-09-04 09:30:08.000,3289.8000,2890,-3,68048520.000,4,0,4,多平,S,3289.8000,3288.6000,3287.8000,3287.4000,3287.2000,3291.8000,3292.0000,3310.0000,3316.4000,3318.0000,1,1,1,2,2,1,1,1,5,3
SF,IH2010,2020-09-04 09:30:08.500,3289.8000,2891,1,70022400.000,2,1,1,空开,S,3288.6000,3287.8000,3287.2000,3284.0000,3283.0000,3289.8000,3291.8000,3292.0000,3310.0000,3316.4000,1,1,2,3,10,1,1,1,1,5
SF,IH2010,2020-09-04 09:30:09.000,3288.8000,2890,-1,71995980.000,2,0,2,多平,S,3288.8000,3288.6000,3287.8000,3287.2000,3284.0000,3292.0000,3310.0000,3316.4000,3318.0000,3328.4000,3,1,1,2,3,1,1,5,3,6
SF,IH2010,2020-09-04 09:30:09.500,3288.8000,2890,0,71995980.000,0,-,-,-,-,3289.0000,3287.8000,3287.2000,3284.0000,3283.0000,3292.0000,3310.0000,3316.4000,3318.0000,3328.4000,2,1,1,3,10,1,1,5,3,6
SF,IH2010,2020-09-04 09:30:10.000,3288.8000,2890,0,71995980.000,0,-,-,-,-,3289.0000,3287.8000,3287.2000,3284.0000,3283.0000,3291.8000,3292.0000,3293.0000,3310.0000,3316.4000,2,1,1,3,10,1,1,2,1,5
SF,IH2010,2020-09-04 09:30:10.500,3288.8000,2890,0,72982620.000,1,0,1,多换,S,3289.0000,3287.8000,3287.2000,3286.0000,3284.0000,3291.6000,3291.8000,3292.0000,3293.0000,3310.0000,1,1,1,1,3,1,1,1,2,1
SF,IH2010,2020-09-04 09:30:11.000,3288.8000,2890,0,72982620.000,0,-,-,-,-,3289.2000,3289.0000,3287.8000,3287.2000,3286.0000,3291.4000,3291.6000,3292.0000,3293.0000,3310.0000,1,1,1,1,1,1,1,1,2,1
SF,IH2010,2020-09-04 09:30:12.000,3291.4000,2889,-1,73970040.000,1,0,1,双平,S,3290.4000,3290.0000,3289.4000,3289.2000,3289.0000,3291.6000,3292.0000,3293.0000,3310.0000,3316.4000,1,1,4,1,1,1,1,2,1,5
SF,IH2010,2020-09-04 09:30:12.500,3291.2000,2886,-3,76932480.000,3,0,3,双平,S,3291.6000,3290.6000,3290.4000,3290.0000,3289.4000,3293.0000,3310.0000,3316.4000,3318.0000,3328.4000,1,3,1,1,4,2,1,5,3,6
SF,IH2010,2020-09-04 09:30:13.000,3290.6000,2884,-2,79894500.000,3,0,3,多平,S,3289.4000,3289.0000,3287.8000,3286.0000,3284.0000,3291.6000,3292.2000,3293.0000,3310.0000,3316.4000,1,1,1,1,3,4,2,2,1,5
SF,IH2010,2020-09-04 09:30:13.500,3290.6000,2884,0,79894500.000,0,-,-,-,-,3289.6000,3289.4000,3289.0000,3287.8000,3286.0000,3290.4000,3293.0000,3310.0000,3316.4000,3318.0000,3,1,1,1,1,7,2,1,5,3
SF,IH2010,2020-09-04 09:30:14.000,3289.6000,2886,2,88778220.000,9,5,4,空开,S,3289.6000,3289.4000,3286.0000,3284.0000,3283.0000,3293.0000,3310.0000,3316.4000,3318.0000,3328.4000,1,1,1,3,10,2,1,5,3,6
SF,IH2010,2020-09-04 09:30:14.500,3289.6000,2886,0,88778220.000,0,-,-,-,-,3289.8000,3286.0000,3284.0000,3283.0000,3282.0000,3291.8000,3292.8000,3293.0000,3310.0000,3316.4000,2,1,3,10,10,1,3,2,1,5
SF,IH2010,2020-09-04 09:30:15.000,3289.6000,2886,0,88778220.000,0,-,-,-,-,3290.0000,3289.8000,3286.0000,3284.0000,3283.0000,3291.8000,3292.8000,3293.0000,3310.0000,3316.4000,1,5,1,3,10,1,2,2,1,5
SF,IH2010,2020-09-04 09:30:15.500,3289.6000,2886,0,89765100.000,1,0,1,多换,S,3290.2000,3290.0000,3289.8000,3286.0000,3284.0000,3291.8000,3292.8000,3293.0000,3310.0000,3316.4000,1,1,4,1,3,1,2,2,1,5
SF,IH2010,2020-09-04 09:30:16.000,3291.8000,2887,1,90752640.000,1,1,0,双开,S,3291.0000,3290.4000,3290.0000,3289.8000,3286.0000,3293.0000,3310.0000,3316.4000,3318.0000,3328.4000,1,2,2,4,1,2,1,5,3,6
SF,IH2010,2020-09-04 09:30:16.500,3291.8000,2887,0,90752640.000,0,-,-,-,-,3291.2000,3290.4000,3290.0000,3289.8000,3286.0000,3292.8000,3293.0000,3310.0000,3316.4000,3318.0000,1,2,1,4,1,1,2,1,5,3
SF,IH2010,2020-09-04 09:30:17.000,3291.8000,2887,0,90752640.000,0,-,-,-,-,3291.2000,3290.4000,3290.0000,3289.8000,3286.0000,3293.0000,3310.0000,3318.0000,3328.4000,3353.8000,1,2,1,4,1,2,1,3,6,1
SF,IH2010,2020-09-04 09:30:17.500,3291.8000,2887,0,90752640.000,0,-,-,-,-,3291.2000,3290.4000,3290.0000,3289.8000,3286.0000,3293.0000,3310.0000,3318.0000,3328.4000,3353.8000,1,2,1,3,1,2,1,3,6,1
SF,IH2010,2020-09-04 09:30:18.000,3291.8000,2887,0,90752640.000,0,-,-,-,-,3291.2000,3290.4000,3289.8000,3286.0000,3284.0000,3293.0000,3310.0000,3318.0000,3328.4000,3353.8000,1,2,3,1,3,2,1,3,6,1
SF,IH2010,2020-09-04 09:30:22.000,3293.0000,2882,-5,95691060.000,5,0,5,双平,S,3293.0000,3290.4000,3289.8000,3286.0000,3284.0000,3310.0000,3318.0000,3328.4000,3353.8000,3385.2000,6,1,3,1,3,1,3,6,1,1
SF,IH2010,2020-09-04 09:30:22.500,3293.0000,2876,-6,104582160.000,9,1,8,多平,S,3286.0000,3284.0000,3283.0000,3282.0000,3281.0000,3293.0000,3293.6000,3293.8000,3294.0000,3294.6000,1,3,10,10,10,1,1,1,1,3
SF,IH2010,2020-09-04 09:30:23.000,3293.0000,2876,0,104582160.000,0,-,-,-,-,3286.2000,3286.0000,3284.0000,3283.0000,3282.0000,3292.8000,3294.0000,3294.6000,3297.2000,3299.2000,3,1,3,10,10,3,1,1,1,1
SF,IH2010,2020-09-04 09:30:23.500,3293.0000,2876,0,104582160.000,0,-,-,-,-,3286.8000,3286.2000,3286.0000,3284.0000,3283.0000,3292.8000,3294.0000,3294.6000,3299.2000,3301.8000,1,3,1,3,10,3,1,1,1,1
SF,IH2010,2020-09-04 09:30:24.000,3293.0000,2874,-2,107545860.000,3,0,3,多平,S,3287.2000,3287.0000,3286.2000,3286.0000,3284.0000,3292.0000,3292.2000,3294.6000,3301.8000,3309.0000,1,2,3,1,3,1,1,1,1,6
SF,IH2010,2020-09-04 09:30:24.500,3293.0000,2874,0,107545860.000,0,-,-,-,-,3287.4000,3287.2000,3287.0000,3286.2000,3286.0000,3291.8000,3292.0000,3292.2000,3292.8000,3294.6000,2,1,1,3,1,1,1,1,1,1
SF,IH2010,2020-09-04 09:30:25.000,3293.0000,2874,0,107545860.000,0,-,-,-,-,3287.4000,3287.2000,3287.0000,3286.2000,3286.0000,3291.8000,3292.0000,3292.8000,3294.6000,3309.0000,2,1,1,3,1,1,1,1,1,6
SF,IH2010,2020-09-04 09:30:25.500,3292.0000,2872,-2,109521060.000,2,0,2,双平,S,3290.0000,3287.8000,3287.4000,3287.0000,3286.2000,3292.8000,3294.6000,3299.0000,3309.0000,3309.8000,1,1,2,1,3,1,1,1,6,2
SF,IH2010,2020-09-04 09:30:26.000,3292.0000,2872,0,109521060.000,0,-,-,-,-,3290.2000,3290.0000,3287.8000,3287.4000,3286.0000,3292.6000,3292.8000,3294.6000,3299.0000,3309.0000,1,1,1,1,1,1,1,1,1,6
SF,IH2010,2020-09-04 09:30:26.500,3292.6000,2872,0,110508840.000,1,0,1,多换,S,3290.4000,3290.2000,3290.0000,3287.8000,3286.0000,3292.8000,3294.6000,3299.0000,3309.0000,3309.8000,1,1,1,1,1,1,1,1,6,2
SF,IH2010,2020-09-04 09:30:27.000,3292.6000,2872,0,110508840.000,0,-,-,-,-,3290.4000,3290.2000,3290.0000,3287.8000,3286.0000,3292.6000,3292.8000,3294.6000,3299.0000,3309.0000,1,1,1,1,1,1,1,1,1,6
SF,IH2010,2020-09-04 09:30:27.500,3292.6000,2872,0,110508840.000,0,-,-,-,-,3290.4000,3290.2000,3290.0000,3287.8000,3286.0000,3292.6000,3294.6000,3299.2000,3309.0000,3309.8000,1,1,1,1,1,1,1,3,6,2
SF,IH2010,2020-09-04 09:30:28.000,3292.6000,2872,0,110508840.000,0,-,-,-,-,3290.4000,3290.2000,3290.0000,3287.8000,3286.0000,3292.6000,3294.6000,3299.0000,3299.2000,3309.0000,1,1,1,1,1,1,1,2,3,6
SF,IH2010,2020-09-04 09:30:28.500,3292.6000,2872,0,110508840.000,0,-,-,-,-,3290.6000,3290.4000,3290.2000,3290.0000,3287.8000,3294.6000,3299.0000,3299.2000,3309.0000,3309.8000,3,1,1,1,1,1,2,3,6,2
SF,IH2010,2020-09-04 09:30:29.000,3292.6000,2872,0,110508840.000,0,-,-,-,-,3290.8000,3286.0000,3284.0000,3283.0000,3282.0000,3292.0000,3292.6000,3294.0000,3294.4000,3294.6000,2,1,3,10,10,1,1,1,1,1
SF,IH2010,2020-09-04 09:30:29.500,3290.8000,2871,-1,111496080.000,1,0,1,双平,S,3286.0000,3284.0000,3283.0000,3282.0000,3281.0000,3294.0000,3294.4000,3294.6000,3299.0000,3299.2000,1,3,10,10,10,1,1,1,2,3
SF,IH2010,2020-09-04 09:30:30.000,3290.8000,2871,0,111496080.000,0,-,-,-,-,3290.0000,3288.6000,3287.8000,3286.2000,3286.0000,3293.8000,3294.6000,3299.2000,3309.8000,3310.0000,1,1,1,5,1,1,1,3,2,1
SF,IH2010,2020-09-04 09:30:30.500,3290.8000,2871,0,111496080.000,0,-,-,-,-,3290.2000,3290.0000,3287.8000,3286.0000,3284.0000,3293.8000,3294.6000,3299.2000,3309.8000,3310.0000,2,1,1,2,3,1,1,3,2,1
SF,IH2010,2020-09-04 09:30:31.000,3290.8000,2871,0,111496080.000,0,-,-,-,-,3292.6000,3290.2000,3290.0000,3287.8000,3286.0000,3293.8000,3294.6000,3299.2000,3309.8000,3310.0000,1,5,1,1,1,1,1,3,2,1
SF,IH2010,2020-09-04 09:30:31.500,3290.8000,2871,0,111496080.000,0,-,-,-,-,3292.6000,3290.2000,3290.0000,3287.8000,3286.0000,3293.8000,3294.6000,3299.2000,3309.8000,3310.0000,1,2,1,1,1,1,1,3,2,1
SF,IH2010,2020-09-04 09:30:32.000,3290.8000,2871,0,111496080.000,0,-,-,-,-,3292.6000,3290.2000,3290.0000,3287.8000,3286.0000,3293.8000,3294.6000,3299.2000,3309.8000,3310.0000,1,2,1,1,1,1,1,3,2,1
SF,IH2010,2020-09-04 09:30:34.000,3292.6000,2870,-1,113471640.000,2,0,2,多平,S,3290.2000,3290.0000,3287.8000,3286.0000,3284.0000,3292.6000,3293.8000,3294.6000,3299.2000,3309.8000,2,1,1,1,3,3,1,1,3,2
SF,IH2010,2020-09-04 09:30:34.500,3290.2000,2868,-2,118407120.000,5,1,4,多平,S,3290.0000,3287.8000,3286.0000,3284.0000,3283.0000,3292.6000,3293.8000,3294.6000,3299.2000,3309.8000,1,1,1,3,10,3,1,1,3,2
SF,IH2010,2020-09-04 09:30:35.000,3290.2000,2868,0,118407120.000,0,-,-,-,-,3290.4000,3290.2000,3290.0000,3287.8000,3286.0000,3292.4000,3292.6000,3294.6000,3299.2000,3309.8000,1,3,1,1,1,1,3,1,3,2
SF,IH2010,2020-09-04 09:30:35.500,3290.2000,2868,0,118407120.000,0,-,-,-,-,3290.2000,3290.0000,3287.8000,3286.0000,3284.0000,3290.4000,3292.2000,3292.4000,3292.6000,3294.6000,3,1,1,1,3,5,1,1,3,1
SF,IH2010,2020-09-04 09:30:36.000,3290.4000,2863,-5,123342720.000,5,0,5,双平,S,3290.4000,3290.2000,3290.0000,3287.8000,3286.0000,3292.2000,3292.4000,3292.6000,3294.6000,3299.2000,2,1,1,1,1,1,1,4,1,3
SF,IH2010,2020-09-04 09:30:36.500,3290.2000,2861,-2,126304020.000,3,0,3,多平,S,3290.0000,3287.8000,3286.0000,3284.0000,3283.0000,3290.2000,3292.2000,3292.4000,3292.6000,3294.6000,1,1,1,3,10,2,1,1,4,1
SF,IH2010,2020-09-04 09:30:37.000,3290.0000,2861,0,128278080.000,2,1,1,多换,S,3287.8000,3286.0000,3284.0000,3283.0000,3282.0000,3290.0000,3290.2000,3292.0000,3292.4000,3292.6000,1,1,3,10,10,4,1,1,1,4
SF,IH2010,2020-09-04 09:30:37.500,3290.0000,2859,-2,131239080.000,3,0,3,多平,S,3289.4000,3289.0000,3288.6000,3287.8000,3286.0000,3290.0000,3290.2000,3292.0000,3292.4000,3292.6000,1,1,1,1,1,1,1,1,1,4
SF,IH2010,2020-09-04 09:30:38.000,3290.0000,2858,-1,132226080.000,1,0,1,双平,S,3288.6000,3287.8000,3286.0000,3284.0000,3283.0000,3290.2000,3292.0000,3292.4000,3292.6000,3294.6000,1,1,1,3,10,1,1,1,4,1
SF,IH2010,2020-09-04 09:30:38.500,3290.0000,2858,0,132226080.000,0,-,-,-,-,3288.6000,3287.8000,3286.0000,3284.0000,3283.0000,3290.2000,3292.0000,3292.4000,3292.6000,3293.6000,1,1,1,3,10,1,1,1,4,1
SF,IH2010,2020-09-04 09:30:39.000,3290.2000,2857,-1,133213140.000,1,0,1,双平,S,3290.4000,3290.2000,3290.0000,3289.0000,3288.8000,3292.0000,3292.4000,3292.6000,3293.6000,3294.6000,1,2,1,1,1,1,1,4,1,1
SF,IH2010,2020-09-04 09:30:39.500,3290.2000,2857,0,133213140.000,0,-,-,-,-,3289.0000,3288.8000,3288.6000,3287.8000,3286.0000,3291.8000,3292.0000,3292.6000,3293.6000,3294.6000,1,1,1,1,1,1,1,4,1,1
SF,IH2010,2020-09-04 09:30:40.000,3290.2000,2857,0,133213140.000,0,-,-,-,-,3290.0000,3289.2000,3289.0000,3288.8000,3288.6000,3290.4000,3291.8000,3292.0000,3292.6000,3293.6000,1,1,1,1,1,2,1,1,4,1
SF,IH2010,2020-09-04 09:30:40.500,3290.2000,2857,0,133213140.000,0,-,-,-,-,3289.0000,3288.8000,3288.6000,3287.8000,3286.0000,3289.8000,3290.4000,3292.0000,3292.6000,3293.6000,1,1,1,1,1,2,2,1,4,1
SF,IH2010,2020-09-04 09:30:41.000,3290.4000,2854,-3,137161320.000,4,0,4,多平,S,3289.0000,3288.8000,3288.6000,3287.8000,3286.0000,3292.0000,3292.6000,3293.6000,3294.6000,3299.2000,1,1,1,1,1,1,4,1,1,3
SF,IH2010,2020-09-04 09:30:41.500,3289.0000,2853,-1,138148020.000,1,0,1,双平,S,3289.2000,3288.8000,3287.8000,3286.0000,3284.0000,3291.8000,3292.0000,3292.6000,3294.6000,3299.2000,1,1,1,1,3,2,1,4,1,3
SF,IH2010,2020-09-04 09:30:42.000,3289.0000,2853,0,138148020.000,0,-,-,-,-,3289.4000,3289.2000,3287.8000,3286.0000,3284.0000,3291.8000,3292.0000,3292.6000,3294.6000,3299.2000,1,1,1,1,3,2,1,4,1,3
SF,IH2010,2020-09-04 09:30:42.500,3291.8000,2853,0,139135560.000,1,0,1,多换,S,3289.4000,3289.2000,3287.8000,3286.0000,3284.0000,3292.0000,3292.6000,3294.6000,3299.2000,3309.8000,1,1,1,1,3,1,4,1,3,2
SF,IH2010,2020-09-04 09:30:43.000,3291.8000,2853,0,139135560.000,0,-,-,-,-,3289.6000,3289.4000,3287.8000,3286.0000,3284.0000,3290.6000,3291.8000,3292.6000,3294.6000,3299.2000,1,1,1,1,3,1,1,4,1,3
SF,IH2010,2020-09-04 09:30:43.500,3291.8000,2853,0,139135560.000,0,-,-,-,-,3289.4000,3287.8000,3286.0000,3284.0000,3283.0000,3290.4000,3292.6000,3294.6000,3299.2000,3309.8000,1,1,1,3,10,1,4,1,3,2
SF,IH2010,2020-09-04 09:30:44.000,3291.8000,2853,0,139135560.000,0,-,-,-,-,3289.4000,3287.8000,3286.0000,3284.0000,3283.0000,3290.4000,3292.6000,3294.6000,3298.4000,3299.2000,1,1,1,3,10,1,4,1,5,3
SF,IH2010,2020-09-04 09:30:44.500,3291.8000,2853,0,139135560.000,0,-,-,-,-,3287.8000,3286.0000,3284.0000,3283.0000,3282.0000,3290.4000,3292.6000,3294.6000,3298.4000,3299.2000,1,1,3,10,10,1,4,1,5,3
SF,IH2010,2020-09-04 09:30:45.000,3290.4000,2852,-1,140122680.000,1,0,1,双平,S,3288.0000,3287.8000,3286.0000,3284.0000,3283.0000,3292.6000,3294.6000,3298.4000,3299.2000,3309.8000,2,1,1,3,10,4,1,5,3,2
SF,IH2010,2020-09-04 09:30:45.500,3290.4000,2852,0,140122680.000,0,-,-,-,-,3288.0000,3287.8000,3286.0000,3284.0000,3283.0000,3289.4000,3292.4000,3292.6000,3294.6000,3298.4000,2,1,1,3,10,1,4,4,1,5
SF,IH2010,2020-09-04 09:30:46.000,3289.4000,2851,-1,141109500.000,1,0,1,双平,S,3288.0000,3287.8000,3286.0000,3284.0000,3283.0000,3292.4000,3292.6000,3294.6000,3298.4000,3299.2000,1,1,1,3,10,4,4,1,5,3
SF,IH2010,2020-09-04 09:30:46.500,3289.4000,2851,0,141109500.000,0,-,-,-,-,3288.2000,3288.0000,3287.8000,3286.0000,3284.0000,3292.4000,3292.6000,3294.6000,3298.4000,3299.2000,1,1,1,1,3,4,4,1,5,3
SF,IH2010,2020-09-04 09:30:47.000,3289.4000,2851,0,141109500.000,0,-,-,-,-,3288.4000,3287.8000,3286.0000,3284.0000,3283.0000,3292.2000,3292.4000,3292.6000,3294.6000,3298.4000,1,1,1,3,10,1,4,4,1,5
SF,IH2010,2020-09-04 09:30:47.500,3290.0000,2851,0,142096500.000,1,0,1,多换,S,3287.8000,3286.0000,3284.0000,3283.0000,3282.0000,3292.0000,3292.2000,3292.4000,3292.6000,3294.6000,1,1,3,10,10,2,2,3,4,1
SF,IH2010,2020-09-04 09:30:48.000,3290.0000,2851,0,142096500.000,0,-,-,-,-,3288.0000,3286.0000,3284.0000,3283.0000,3282.0000,3291.8000,3292.0000,3292.2000,3292.4000,3292.6000,1,1,3,10,10,1,2,1,3,4
SF,IH2010,2020-09-04 09:30:48.500,3290.0000,2851,0,142096500.000,0,-,-,-,-,3288.0000,3286.0000,3284.0000,3283.0000,3282.0000,3291.6000,3291.8000,3292.0000,3292.2000,3292.6000,1,1,3,10,10,1,1,1,1,4
SF,IH2010,2020-09-04 09:30:49.000,3290.0000,2851,0,142096500.000,0,-,-,-,-,3288.0000,3286.0000,3285.4000,3284.0000,3283.2000,3291.4000,3291.6000,3292.0000,3292.6000,3294.6000,1,1,1,3,5,1,1,1,4,1
SF,IH2010,2020-09-04 09:30:49.500,3290.0000,2851,0,142096500.000,0,-,-,-,-,3288.2000,3288.0000,3286.0000,3285.4000,3284.0000,3291.2000,3292.6000,3294.6000,3298.4000,3299.2000,1,1,1,1,3,1,4,1,5,3
SF,IH2010,2020-09-04 09:30:50.000,3290.0000,2851,0,142096500.000,0,-,-,-,-,3288.4000,3288.2000,3286.0000,3285.4000,3284.0000,3291.2000,3292.6000,3294.6000,3298.4000,3299.2000,1,1,1,1,3,1,4,1,5,3
SF,IH2010,2020-09-04 09:30:50.500,3290.0000,2851,0,142096500.000,0,-,-,-,-,3288.6000,3288.4000,3287.8000,3286.0000,3285.4000,3291.2000,3292.6000,3294.6000,3298.4000,3299.2000,1,1,1,1,1,1,4,1,5,3
SF,IH2010,2020-09-04 09:30:51.000,3290.0000,2851,0,142096500.000,0,-,-,-,-,3288.8000,3288.6000,3287.8000,3286.0000,3285.4000,3291.2000,3292.6000,3294.6000,3298.4000,3299.2000,1,1,1,1,1,1,4,1,5,3
SF,IH2010,2020-09-04 09:30:52.000,3290.0000,2851,0,142096500.000,0,-,-,-,-,3288.8000,3288.6000,3287.8000,3286.0000,3285.4000,3291.2000,3292.6000,3294.6000,3298.4000,3309.8000,1,1,1,1,1,1,4,1,5,2
SF,IH2010,2020-09-04 09:30:53.000,3291.2000,2851,0,143083860.000,1,0,1,多换,S,3291.2000,3288.8000,3288.6000,3287.8000,3286.0000,3292.6000,3294.6000,3298.4000,3309.8000,3310.0000,4,1,1,1,1,4,1,5,2,1
SF,IH2010,2020-09-04 09:30:53.500,3291.2000,2851,0,144071220.000,1,0,1,多换,S,3291.2000,3288.8000,3288.6000,3287.8000,3286.0000,3292.4000,3292.6000,3294.6000,3298.4000,3309.8000,3,1,1,1,1,4,4,1,5,2
SF,IH2010,2020-09-04 09:30:54.000,3291.2000,2851,0,147033300.000,3,1,2,多换,S,3288.8000,3288.6000,3287.8000,3286.0000,3285.4000,3292.4000,3292.6000,3294.6000,3298.4000,3309.8000,1,1,1,1,1,4,4,1,5,2
SF,IH2010,2020-09-04 09:30:54.500,3291.2000,2851,0,147033300.000,0,-,-,-,-,3290.0000,3289.0000,3288.8000,3287.8000,3286.0000,3292.4000,3292.6000,3302.2000,3309.8000,3310.0000,1,1,1,1,1,4,4,5,2,1
SF,IH2010,2020-09-04 09:30:55.000,3289.0000,2849,-2,149994060.000,3,0,3,多平,S,3287.8000,3286.0000,3285.4000,3284.0000,3283.0000,3288.4000,3292.4000,3292.6000,3302.2000,3309.8000,1,1,1,3,10,2,4,4,5,2
SF,IH2010,2020-09-04 09:30:55.500,3288.4000,2847,-2,151967100.000,2,0,2,双平,S,3288.6000,3288.4000,3288.0000,3287.8000,3286.0000,3292.4000,3292.6000,3302.2000,3309.8000,3310.0000,2,3,1,1,1,1,4,5,2,1
SF,IH2010,2020-09-04 09:30:56.000,3288.4000,2847,0,151967100.000,0,-,-,-,-,3288.8000,3288.6000,3288.4000,3288.0000,3287.8000,3292.2000,3292.4000,3292.6000,3302.2000,3309.8000,1,2,1,1,1,2,1,4,5,2
SF,IH2010,2020-09-04 09:30:56.500,3288.4000,2847,0,151967100.000,0,-,-,-,-,3288.8000,3288.6000,3288.4000,3288.0000,3287.8000,3292.0000,3292.2000,3292.6000,3302.2000,3309.8000,1,2,6,1,1,1,2,3,5,2
SF,IH2010,2020-09-04 09:30:57.000,3288.4000,2847,0,151967100.000,0,-,-,-,-,3288.8000,3288.6000,3288.4000,3288.0000,3287.8000,3291.8000,3292.0000,3292.2000,3292.6000,3302.2000,1,1,5,1,1,1,1,1,3,5
SF,IH2010,2020-09-04 09:30:57.500,3288.4000,2847,0,151967100.000,0,-,-,-,-,3288.6000,3288.4000,3288.0000,3287.8000,3286.0000,3291.6000,3291.8000,3292.2000,3292.6000,3302.2000,1,5,1,1,1,1,1,1,3,5
SF,IH2010,2020-09-04 09:30:58.000,3288.4000,2847,0,151967100.000,0,-,-,-,-,3288.8000,3288.6000,3288.4000,3287.8000,3286.0000,3291.4000,3291.6000,3292.2000,3292.6000,3302.2000,2,1,5,1,1,2,1,1,3,5
SF,IH2010,2020-09-04 09:30:58.500,3288.4000,2847,0,151967100.000,0,-,-,-,-,3288.8000,3288.6000,3288.4000,3287.8000,3286.0000,3291.2000,3291.4000,3292.2000,3292.6000,3302.2000,1,1,5,1,1,1,2,1,3,5
SF,IH2010,2020-09-04 09:30:59.000,3288.4000,2847,0,151967100.000,0,-,-,-,-,3288.8000,3288.6000,3288.4000,3287.8000,3286.0000,3291.2000,3291.4000,3292.2000,3292.6000,3302.2000,1,1,5,1,1,1,2,1,3,5
SF,IH2010,2020-09-04 09:31:00.000,3288.4000,2847,0,151967100.000,0,-,-,-,-,3288.8000,3288.6000,3288.4000,3287.8000,3286.0000,3291.2000,3291.4000,3292.2000,3292.6000,3302.2000,1,1,5,1,1,1,2,1,3,5
SF,IH2010,2020-09-04 09:31:00.500,3288.4000,2847,0,151967100.000,0,-,-,-,-,3289.0000,3288.8000,3288.6000,3288.4000,3287.8000,3291.2000,3291.4000,3292.2000,3292.6000,3302.2000,1,1,1,5,1,1,2,1,3,5
SF,IH2010,2020-09-04 09:31:01.000,3288.4000,2847,0,151967100.000,0,-,-,-,-,3289.2000,3288.6000,3288.4000,3287.8000,3286.0000,3291.0000,3291.2000,3291.4000,3292.2000,3292.6000,1,1,5,1,1,1,1,2,1,3
SF,IH2010,2020-09-04 09:31:01.500,3289.2000,2846,-1,152953860.000,1,0,1,双平,S,3288.6000,3288.4000,3287.8000,3286.0000,3285.8000,3290.8000,3291.0000,3291.4000,3292.2000,3292.6000,1,5,1,1,1,1,1,2,1,3
SF,IH2010,2020-09-04 09:31:02.000,3289.2000,2846,0,152953860.000,0,-,-,-,-,3288.6000,3288.4000,3287.8000,3286.0000,3285.8000,3290.6000,3290.8000,3291.0000,3291.4000,3292.2000,1,5,1,1,1,1,1,1,2,1
SF,IH2010,2020-09-04 09:31:02.500,3288.6000,2847,1,153940440.000,1,1,0,双开,S,3288.4000,3287.8000,3286.0000,3285.8000,3285.4000,3290.4000,3290.6000,3291.0000,3291.4000,3292.2000,5,1,1,1,1,1,1,1,2,1
SF,IH2010,2020-09-04 09:31:03.000,3288.4000,2848,1,156900000.000,3,2,1,空开,S,3288.4000,3287.8000,3286.0000,3285.8000,3285.4000,3288.6000,3290.0000,3290.2000,3290.4000,3290.6000,2,1,1,1,1,1,1,3,1,1
SF,IH2010,2020-09-04 09:31:03.500,3288.4000,2847,-1,160845900.000,4,1,3,多平,S,3286.0000,3285.8000,3285.4000,3284.8000,3284.0000,3288.4000,3288.6000,3290.0000,3290.2000,3290.6000,1,1,1,1,3,1,1,1,3,1
SF,IH2010,2020-09-04 09:31:04.000,3288.4000,2846,-1,162818940.000,2,0,2,多平,S,3287.8000,3287.6000,3286.8000,3286.2000,3286.0000,3288.6000,3289.2000,3290.2000,3290.6000,3291.0000,1,2,1,1,1,1,1,3,1,1
SF,IH2010,2020-09-04 09:31:04.500,3288.4000,2846,0,162818940.000,0,-,-,-,-,3286.8000,3286.2000,3286.0000,3285.8000,3285.4000,3288.6000,3289.2000,3290.2000,3290.6000,3291.0000,1,1,1,1,1,1,1,3,1,1
SF,IH2010,2020-09-04 09:31:05.000,3288.4000,2846,0,163805460.000,1,0,1,多换,S,3286.8000,3286.0000,3285.8000,3285.4000,3284.8000,3288.6000,3289.2000,3290.2000,3290.6000,3291.0000,1,1,1,1,1,1,1,3,1,1
SF,IH2010,2020-09-04 09:31:05.500,3288.4000,2846,0,163805460.000,0,-,-,-,-,3286.0000,3285.8000,3285.4000,3284.0000,3283.0000,3288.4000,3288.6000,3289.2000,3290.2000,3290.6000,1,1,1,3,10,1,1,1,3,1
SF,IH2010,2020-09-04 09:31:06.000,3288.4000,2846,0,163805460.000,0,-,-,-,-,3286.2000,3286.0000,3285.8000,3285.4000,3284.0000,3288.4000,3288.6000,3289.2000,3290.2000,3290.6000,1,1,1,1,3,1,1,1,3,1
SF,IH2010,2020-09-04 09:31:06.500,3288.6000,2845,-1,165778560.000,2,0,2,多平,S,3286.0000,3285.8000,3285.4000,3284.0000,3283.0000,3289.2000,3290.2000,3291.4000,3292.6000,3302.2000,1,1,1,3,10,1,3,1,3,5
SF,IH2010,2020-09-04 09:31:07.000,3288.6000,2845,0,165778560.000,0,-,-,-,-,3286.2000,3286.0000,3285.8000,3285.4000,3284.0000,3289.0000,3289.2000,3291.2000,3292.6000,3302.2000,1,1,1,1,3,2,1,1,3,5
SF,IH2010,2020-09-04 09:31:10.000,3288.6000,2845,0,165778560.000,0,-,-,-,-,3286.2000,3286.0000,3285.8000,3285.4000,3284.0000,3289.0000,3289.2000,3291.2000,3292.6000,3302.2000,1,1,1,1,3,2,1,1,3,5
SF,IH2010,2020-09-04 09:31:13.000,3286.0000,2843,-2,167750220.000,2,0,2,双平,S,3285.8000,3285.4000,3284.0000,3283.0000,3282.4000,3289.0000,3289.2000,3291.2000,3292.6000,3302.2000,1,1,3,10,1,2,1,1,3,5
SF,IH2010,2020-09-04 09:31:13.500,3286.0000,2843,0,167750220.000,0,-,-,-,-,3285.8000,3285.4000,3284.0000,3283.0000,3282.4000,3287.2000,3288.8000,3289.0000,3289.2000,3291.2000,1,1,3,10,1,1,1,2,1,1
SF,IH2010,2020-09-04 09:31:14.000,3285.8000,2843,0,168735960.000,1,0,1,多换,S,3285.4000,3284.0000,3283.0000,3282.4000,3282.0000,3287.0000,3287.2000,3288.8000,3289.0000,3289.2000,1,3,10,1,10,1,1,1,1,1
SF,IH2010,2020-09-04 09:31:16.000,3285.4000,2844,1,169721580.000,1,1,0,双开,S,3284.0000,3283.0000,3282.4000,3282.0000,3281.0000,3287.0000,3287.2000,3288.8000,3289.0000,3289.2000,3,10,1,10,10,1,1,1,1,1
SF,IH2010,2020-09-04 09:31:16.500,3285.4000,2844,0,169721580.000,0,-,-,-,-,3284.2000,3284.0000,3283.0000,3282.4000,3282.0000,3286.8000,3287.0000,3287.2000,3288.8000,3289.2000,1,3,10,1,10,3,1,1,1,1
SF,IH2010,2020-09-04 09:31:17.000,3285.4000,2844,0,169721580.000,0,-,-,-,-,3284.0000,3283.0000,3282.4000,3282.0000,3281.0000,3286.6000,3286.8000,3287.2000,3288.8000,3290.0000,3,10,1,10,10,1,3,1,1,1
SF,IH2010,2020-09-04 09:31:17.500,3285.4000,2844,0,169721580.000,0,-,-,-,-,3284.0000,3283.0000,3282.4000,3282.0000,3281.0000,3286.4000,3286.6000,3286.8000,3287.2000,3288.8000,3,10,1,10,10,1,1,2,1,1
SF,IH2010,2020-09-04 09:31:18.000,3285.4000,2844,0,169721580.000,0,-,-,-,-,3284.0000,3283.0000,3282.4000,3282.0000,3281.0000,3286.2000,3286.4000,3286.8000,3287.2000,3288.8000,3,10,1,10,10,1,1,2,1,1
SF,IH2010,2020-09-04 09:31:19.500,3285.4000,2844,0,169721580.000,0,-,-,-,-,3284.0000,3283.0000,3282.4000,3282.0000,3281.0000,3286.2000,3286.4000,3286.8000,3287.2000,3288.8000,3,10,1,10,10,1,1,2,1,1
SF,IH2010,2020-09-04 09:31:22.000,3286.4000,2842,-2,171693360.000,2,0,2,双平,S,3284.0000,3283.0000,3282.4000,3282.0000,3281.0000,3286.8000,3287.2000,3288.8000,3290.0000,3292.4000,3,10,1,10,10,2,1,1,1,2
SF,IH2010,2020-09-04 09:31:22.500,3286.4000,2842,0,171693360.000,0,-,-,-,-,3284.2000,3284.0000,3283.0000,3282.4000,3282.0000,3286.6000,3286.8000,3287.2000,3290.0000,3292.4000,1,3,10,1,10,2,2,1,1,2
SF,IH2010,2020-09-04 09:31:23.000,3286.4000,2842,0,171693360.000,0,-,-,-,-,3284.2000,3284.0000,3283.0000,3282.4000,3282.0000,3286.6000,3287.2000,3290.0000,3292.4000,3292.6000,1,3,10,1,10,2,1,1,2,3
SF,IH2010,2020-09-04 09:31:26.000,3286.4000,2842,0,171693360.000,0,-,-,-,-,3284.4000,3284.2000,3284.0000,3283.0000,3282.4000,3286.6000,3287.2000,3290.0000,3292.4000,3292.6000,2,1,3,10,1,2,1,1,2,3
SF,IH2010,2020-09-04 09:31:26.500,3286.4000,2842,0,171693360.000,0,-,-,-,-,3284.6000,3284.0000,3283.0000,3282.4000,3282.0000,3286.6000,3287.2000,3290.0000,3292.4000,3292.6000,1,3,10,1,10,1,1,1,2,3
SF,IH2010,2020-09-04 09:31:27.000,3286.6000,2841,-1,172679340.000,1,0,1,双平,S,3286.6000,3284.6000,3284.0000,3283.0000,3282.4000,3287.2000,3290.0000,3292.4000,3292.6000,3302.2000,1,1,3,10,1,1,1,2,3,5
SF,IH2010,2020-09-04 09:31:27.500,3286.6000,2840,-1,173665320.000,1,0,1,双平,S,3284.6000,3284.0000,3283.0000,3282.4000,3282.0000,3287.2000,3290.0000,3292.4000,3292.6000,3302.2000,1,3,10,1,10,1,1,2,3,5
SF,IH2010,2020-09-04 09:31:28.000,3287.2000,2840,0,174651480.000,1,0,1,多换,S,3284.6000,3284.0000,3283.0000,3282.4000,3282.0000,3287.0000,3290.0000,3292.4000,3292.6000,3302.2000,1,3,10,1,10,2,1,2,3,5
SF,IH2010,2020-09-04 09:31:28.500,3287.2000,2840,0,174651480.000,0,-,-,-,-,3284.8000,3284.6000,3284.0000,3283.0000,3282.4000,3287.0000,3290.0000,3292.4000,3292.6000,3302.2000,1,1,3,10,1,1,1,2,3,5
SF,IH2010,2020-09-04 09:31:29.000,3287.2000,2840,0,174651480.000,0,-,-,-,-,3285.0000,3284.0000,3283.0000,3282.4000,3282.0000,3287.0000,3290.0000,3292.4000,3292.6000,3302.2000,1,3,10,1,10,1,1,2,3,5
SF,IH2010,2020-09-04 09:31:29.500,3287.2000,2840,0,174651480.000,0,-,-,-,-,3285.0000,3284.0000,3283.0000,3282.4000,3282.0000,3290.0000,3292.4000,3292.6000,3302.2000,3309.8000,1,3,10,1,10,1,2,3,5,1
SF,IH2010,2020-09-04 09:31:30.000,3287.2000,2840,0,174651480.000,0,-,-,-,-,3285.0000,3284.0000,3283.0000,3282.4000,3282.0000,3289.8000,3290.0000,3292.4000,3292.6000,3302.2000,1,3,10,1,10,3,2,2,3,5
SF,IH2010,2020-09-04 09:31:30.500,3287.2000,2840,0,174651480.000,0,-,-,-,-,3285.0000,3284.0000,3283.0000,3282.4000,3282.0000,3288.6000,3289.8000,3290.0000,3292.4000,3292.6000,1,3,10,1,10,1,3,2,2,3
SF,IH2010,2020-09-04 09:31:31.000,3287.2000,2840,0,174651480.000,0,-,-,-,-,3285.0000,3284.0000,3283.0000,3282.4000,3282.0000,3288.4000,3288.6000,3289.8000,3290.0000,3292.4000,1,3,10,1,10,2,1,1,2,2
SF,IH2010,2020-09-04 09:31:31.500,3287.2000,2840,0,174651480.000,0,-,-,-,-,3285.0000,3284.0000,3283.0000,3282.4000,3282.0000,3288.2000,3288.4000,3288.6000,3289.8000,3290.0000,1,3,10,1,10,1,2,1,1,2
SF,IH2010,2020-09-04 09:31:32.000,3287.2000,2840,0,174651480.000,0,-,-,-,-,3285.0000,3284.0000,3283.0000,3282.4000,3282.0000,3288.0000,3288.2000,3288.6000,3289.8000,3290.0000,1,3,10,1,10,2,1,1,1,2
SF,IH2010,2020-09-04 09:31:32.500,3287.2000,2840,0,174651480.000,0,-,-,-,-,3285.0000,3284.2000,3284.0000,3283.0000,3282.4000,3288.0000,3288.2000,3288.6000,3289.8000,3290.0000,1,1,3,10,1,2,1,1,1,2
SF,IH2010,2020-09-04 09:31:33.000,3287.2000,2840,0,174651480.000,0,-,-,-,-,3285.0000,3284.2000,3284.0000,3283.0000,3282.4000,3287.8000,3288.0000,3288.2000,3288.6000,3289.8000,1,1,3,10,1,1,2,1,1,1
SF,IH2010,2020-09-04 09:31:33.500,3287.2000,2840,0,174651480.000,0,-,-,-,-,3285.0000,3284.2000,3284.0000,3283.0000,3282.4000,3287.6000,3287.8000,3288.2000,3288.6000,3289.8000,1,1,3,10,1,2,2,1,1,1
SF,IH2010,2020-09-04 09:31:34.000,3287.2000,2840,0,174651480.000,0,-,-,-,-,3285.0000,3284.2000,3284.0000,3283.0000,3282.4000,3287.4000,3287.6000,3287.8000,3288.2000,3288.6000,1,1,3,10,1,1,2,2,1,1
SF,IH2010,2020-09-04 09:31:34.500,3287.2000,2840,0,174651480.000,0,-,-,-,-,3285.0000,3284.2000,3284.0000,3283.0000,3282.4000,3287.2000,3287.4000,3287.6000,3287.8000,3288.2000,1,1,3,10,1,1,1,1,2,1
SF,IH2010,2020-09-04 09:31:35.500,3287.2000,2840,0,174651480.000,0,-,-,-,-,3285.0000,3284.2000,3284.0000,3283.0000,3282.4000,3287.2000,3287.4000,3287.6000,3287.8000,3288.2000,1,1,3,10,1,1,1,1,1,1
SF,IH2010,2020-09-04 09:31:36.000,3287.2000,2840,0,174651480.000,0,-,-,-,-,3285.0000,3284.2000,3284.0000,3283.0000,3282.4000,3287.2000,3287.4000,3287.8000,3288.2000,3288.6000,1,1,3,10,1,1,1,1,1,1
SF,IH2010,2020-09-04 09:31:37.000,3287.2000,2840,0,174651480.000,0,-,-,-,-,3285.0000,3284.2000,3284.0000,3283.0000,3282.4000,3287.2000,3287.4000,3287.8000,3288.2000,3289.8000,1,1,3,10,1,1,1,1,1,1
SF,IH2010,2020-09-04 09:31:37.500,3287.2000,2840,0,174651480.000,0,-,-,-,-,3285.0000,3284.2000,3284.0000,3283.0000,3282.4000,3287.0000,3287.2000,3287.4000,3287.8000,3288.2000,1,1,3,10,1,1,1,1,1,1
SF,IH2010,2020-09-04 09:31:38.500,3287.2000,2840,0,174651480.000,0,-,-,-,-,3285.0000,3284.2000,3284.0000,3283.0000,3282.4000,3287.0000,3287.2000,3287.4000,3287.8000,3288.2000,1,1,3,10,1,1,1,1,1,1
SF,IH2010,2020-09-04 09:31:42.000,3287.2000,2839,-1,175637640.000,1,0,1,双平,S,3285.0000,3284.2000,3284.0000,3283.0000,3282.4000,3287.2000,3287.4000,3287.8000,3288.2000,3289.8000,1,1,3,10,1,1,1,1,1,1
SF,IH2010,2020-09-04 09:31:42.500,3287.2000,2839,0,175637640.000,0,-,-,-,-,3285.0000,3284.2000,3284.0000,3283.0000,3282.4000,3287.4000,3287.8000,3288.2000,3290.0000,3292.4000,1,1,3,10,1,1,1,1,2,2
SF,IH2010,2020-09-04 09:31:43.000,3287.2000,2839,0,175637640.000,0,-,-,-,-,3285.0000,3284.2000,3284.0000,3283.0000,3282.4000,3287.4000,3287.8000,3290.0000,3292.4000,3292.6000,1,1,3,10,1,1,1,2,2,3
SF,IH2010,2020-09-04 09:31:43.500,3287.2000,2839,0,175637640.000,0,-,-,-,-,3285.0000,3284.2000,3284.0000,3283.0000,3282.4000,3287.4000,3287.8000,3290.0000,3292.4000,3292.6000,1,1,3,10,1,1,1,2,2,3
SF,IH2010,2020-09-04 09:31:44.000,3287.2000,2839,0,175637640.000,0,-,-,-,-,3285.0000,3284.2000,3284.0000,3283.0000,3282.4000,3287.4000,3290.0000,3292.4000,3292.6000,3294.6000,1,1,3,10,1,1,2,2,3,5
SF,IH2010,2020-09-04 09:31:51.000,3287.2000,2839,0,175637640.000,0,-,-,-,-,3285.0000,3284.0000,3283.0000,3282.4000,3282.0000,3287.4000,3290.0000,3292.4000,3292.6000,3294.6000,1,3,10,1,10,1,2,2,3,5
SF,IH2010,2020-09-04 09:31:51.500,3287.2000,2839,0,175637640.000,0,-,-,-,-,3287.4000,3285.0000,3284.0000,3283.0000,3282.4000,3290.0000,3292.4000,3292.6000,3294.6000,3309.8000,1,1,3,10,1,2,2,3,5,1
SF,IH2010,2020-09-04 09:31:52.000,3287.4000,2839,0,176623860.000,1,0,1,多换,S,3284.0000,3283.0000,3282.4000,3282.0000,3281.0000,3288.0000,3289.8000,3290.0000,3292.4000,3292.6000,3,10,1,10,10,1,2,2,2,3
SF,IH2010,2020-09-04 09:31:52.500,3287.4000,2839,0,176623860.000,0,-,-,-,-,3284.2000,3284.0000,3283.0000,3282.4000,3282.0000,3287.8000,3288.6000,3289.8000,3290.0000,3292.4000,1,3,10,1,10,3,1,3,2,2
SF,IH2010,2020-09-04 09:31:54.000,3287.8000,2839,0,177610200.000,1,0,1,多换,S,3284.2000,3284.0000,3283.0000,3282.4000,3282.0000,3287.8000,3288.6000,3289.8000,3290.0000,3292.4000,1,3,10,1,10,2,1,3,2,2
SF,IH2010,2020-09-04 09:31:54.500,3287.8000,2839,0,177610200.000,0,-,-,-,-,3284.4000,3284.2000,3284.0000,3283.0000,3282.4000,3287.6000,3287.8000,3288.6000,3289.8000,3290.0000,1,1,3,10,1,1,2,1,2,2
SF,IH2010,2020-09-04 09:31:55.000,3287.8000,2839,0,177610200.000,0,-,-,-,-,3284.6000,3284.4000,3284.0000,3283.0000,3282.4000,3287.4000,3287.6000,3287.8000,3288.6000,3289.8000,1,1,3,10,1,2,1,1,1,2
SF,IH2010,2020-09-04 09:31:55.500,3287.8000,2839,0,177610200.000,0,-,-,-,-,3284.6000,3284.0000,3283.0000,3282.4000,3282.0000,3287.2000,3287.4000,3287.8000,3288.6000,3289.8000,1,3,10,1,10,2,2,1,1,2
SF,IH2010,2020-09-04 09:31:56.000,3287.8000,2839,0,177610200.000,0,-,-,-,-,3284.6000,3284.0000,3283.0000,3282.4000,3282.0000,3287.0000,3287.2000,3287.4000,3287.8000,3288.6000,1,3,10,1,10,1,2,1,1,1
SF,IH2010,2020-09-04 09:31:56.500,3287.8000,2839,0,177610200.000,0,-,-,-,-,3284.6000,3284.0000,3283.0000,3282.4000,3282.0000,3286.8000,3287.0000,3287.2000,3287.8000,3288.6000,1,3,10,1,10,1,1,1,1,1
SF,IH2010,2020-09-04 09:31:57.000,3287.8000,2839,0,177610200.000,0,-,-,-,-,3284.6000,3284.0000,3283.0000,3282.4000,3282.0000,3286.8000,3287.0000,3287.2000,3287.8000,3288.6000,1,3,10,1,10,1,1,1,1,1
SF,IH2010,2020-09-04 09:31:57.500,3287.8000,2839,0,177610200.000,0,-,-,-,-,3284.6000,3284.0000,3283.0000,3282.4000,3282.0000,3286.6000,3286.8000,3287.0000,3287.8000,3289.8000,1,3,10,1,10,1,1,1,1,2
SF,IH2010,2020-09-04 09:31:58.000,3287.8000,2839,0,177610200.000,0,-,-,-,-,3284.6000,3284.0000,3283.0000,3282.4000,3282.0000,3286.6000,3286.8000,3287.0000,3287.8000,3289.8000,1,3,10,1,10,1,1,1,1,2
SF,IH2010,2020-09-04 09:31:58.500,3287.8000,2839,0,177610200.000,0,-,-,-,-,3284.6000,3284.0000,3283.0000,3282.4000,3282.0000,3286.6000,3286.8000,3287.0000,3287.8000,3289.8000,1,3,10,1,10,1,1,2,1,2
SF,IH2010,2020-09-04 09:31:59.000,3287.8000,2839,0,177610200.000,0,-,-,-,-,3284.6000,3284.0000,3283.0000,3282.4000,3282.0000,3287.0000,3287.8000,3289.8000,3290.0000,3292.6000,1,3,10,1,10,2,1,2,1,3
SF,IH2010,2020-09-04 09:31:59.500,3287.8000,2839,0,177610200.000,0,-,-,-,-,3284.6000,3284.0000,3283.0000,3282.4000,3282.0000,3285.8000,3286.8000,3287.0000,3287.8000,3289.8000,1,3,10,1,10,1,1,2,1,2
SF,IH2010,2020-09-04 09:32:00.000,3287.8000,2839,0,177610200.000,0,-,-,-,-,3284.8000,3284.6000,3284.0000,3283.0000,3282.4000,3287.0000,3287.8000,3289.8000,3290.0000,3292.6000,1,1,3,10,1,2,1,2,1,3
SF,IH2010,2020-09-04 09:32:00.500,3284.8000,2837,-2,179581080.000,2,0,2,双平,S,3284.8000,3284.0000,3283.0000,3282.4000,3282.0000,3286.8000,3287.0000,3287.8000,3289.8000,3290.0000,1,3,10,1,10,2,2,1,2,1
SF,IH2010,2020-09-04 09:32:01.000,3284.8000,2836,-1,181551960.000,2,0,2,多平,S,3284.0000,3283.0000,3282.4000,3282.0000,3281.0000,3284.6000,3285.8000,3286.6000,3286.8000,3287.0000,3,10,1,10,10,2,1,1,2,2
SF,IH2010,2020-09-04 09:32:01.500,3284.6000,2836,0,183522720.000,2,1,1,多换,S,3285.0000,3284.0000,3283.0000,3282.4000,3282.0000,3286.8000,3287.0000,3287.8000,3289.8000,3290.0000,2,3,10,1,10,2,2,1,2,1
SF,IH2010,2020-09-04 09:32:02.000,3284.6000,2836,0,183522720.000,0,-,-,-,-,3285.0000,3284.0000,3283.2000,3283.0000,3282.4000,3286.8000,3287.0000,3287.8000,3289.8000,3290.0000,2,3,1,10,1,1,1,1,2,1
SF,IH2010,2020-09-04 09:32:02.500,3284.6000,2836,0,183522720.000,0,-,-,-,-,3284.0000,3283.2000,3283.0000,3282.4000,3282.0000,3285.0000,3285.4000,3286.6000,3286.8000,3287.0000,3,1,10,1,10,1,1,1,1,1
SF,IH2010,2020-09-04 09:32:03.000,3284.6000,2836,0,183522720.000,0,-,-,-,-,3284.0000,3283.2000,3283.0000,3282.4000,3282.0000,3285.0000,3286.6000,3286.8000,3287.0000,3287.8000,3,1,10,1,10,1,1,2,1,1
SF,IH2010,2020-09-04 09:32:03.500,3284.0000,2836,0,186478320.000,3,1,2,多换,S,3283.2000,3283.0000,3282.4000,3282.0000,3281.8000,3284.0000,3285.0000,3286.4000,3286.6000,3286.8000,1,10,1,10,1,1,1,2,1,2
SF,IH2010,2020-09-04 09:32:04.000,3283.0000,2836,0,196327320.000,10,5,5,多换,S,3282.4000,3282.0000,3281.8000,3281.0000,3280.0000,3283.2000,3283.4000,3283.8000,3284.0000,3284.4000,1,10,1,10,15,5,4,1,2,1
SF,IH2010,2020-09-04 09:32:04.500,3282.0000,2839,3,203219940.000,7,5,2,空开,S,3282.0000,3281.0000,3280.6000,3280.0000,3279.0000,3283.8000,3285.0000,3285.8000,3286.2000,3286.6000,5,10,1,15,10,1,1,2,1,1
SF,IH2010,2020-09-04 09:32:05.000,3282.2000,2837,-2,205189200.000,2,0,2,双平,S,3282.0000,3281.0000,3280.6000,3280.0000,3279.0000,3283.8000,3285.0000,3285.8000,3286.2000,3287.0000,5,10,1,15,10,1,1,2,1,1
SF,IH2010,2020-09-04 09:32:05.500,3282.2000,2837,0,205189200.000,0,-,-,-,-,3282.2000,3282.0000,3281.0000,3280.6000,3280.0000,3285.0000,3285.8000,3286.2000,3290.0000,3292.6000,1,5,10,1,15,1,2,1,1,3
SF,IH2010,2020-09-04 09:32:06.000,3282.0000,2836,-1,212081460.000,7,3,4,多平,S,3281.0000,3280.6000,3280.0000,3279.0000,3278.0000,3282.0000,3282.2000,3282.4000,3283.2000,3284.4000,10,1,15,10,10,2,1,1,3,2
SF,IH2010,2020-09-04 09:32:06.500,3282.2000,2836,0,215035320.000,3,1,2,多换,S,3281.2000,3281.0000,3280.6000,3280.0000,3279.0000,3283.2000,3284.4000,3284.8000,3285.8000,3286.2000,1,10,1,15,10,2,2,3,2,1
SF,IH2010,2020-09-04 09:32:07.000,3282.2000,2836,0,215035320.000,0,-,-,-,-,3281.4000,3281.2000,3281.0000,3280.6000,3280.0000,3284.4000,3284.8000,3285.8000,3286.2000,3290.0000,1,1,10,1,15,2,2,2,1,1
SF,IH2010,2020-09-04 09:32:07.500,3282.2000,2836,0,215035320.000,0,-,-,-,-,3281.6000,3281.0000,3280.6000,3280.0000,3279.0000,3284.2000,3284.4000,3285.8000,3286.2000,3290.0000,1,10,1,15,10,2,2,2,1,1
SF,IH2010,2020-09-04 09:32:08.500,3282.2000,2836,0,215035320.000,0,-,-,-,-,3281.6000,3281.0000,3280.6000,3280.0000,3279.0000,3284.2000,3285.8000,3286.2000,3290.0000,3292.6000,1,10,1,15,10,2,2,1,1,3
SF,IH2010,2020-09-04 09:32:11.500,3281.6000,2835,-1,216019800.000,1,0,1,双平,S,3281.0000,3280.6000,3280.0000,3279.0000,3278.0000,3283.2000,3284.2000,3285.8000,3286.2000,3290.0000,10,1,15,10,10,1,4,2,1,1
SF,IH2010,2020-09-04 09:32:12.000,3281.0000,2835,0,217004100.000,1,0,1,多换,S,3281.2000,3281.0000,3280.6000,3280.0000,3279.0000,3283.0000,3283.2000,3284.0000,3284.2000,3285.8000,1,9,1,15,10,1,1,2,1,2
SF,IH2010,2020-09-04 09:32:12.500,3283.0000,2835,0,217989000.000,1,0,1,多换,S,3281.2000,3281.0000,3280.6000,3280.0000,3279.0000,3283.2000,3284.0000,3284.2000,3285.8000,3286.2000,1,9,1,15,10,1,2,1,2,1
SF,IH2010,2020-09-04 09:32:13.000,3283.0000,2835,0,217989000.000,0,-,-,-,-,3281.2000,3281.0000,3280.6000,3280.0000,3279.0000,3283.0000,3283.2000,3284.0000,3284.2000,3286.2000,1,9,1,15,10,2,1,2,1,1
SF,IH2010,2020-09-04 09:32:13.500,3283.0000,2834,-1,218973900.000,1,0,1,双平,S,3281.2000,3281.0000,3280.6000,3280.0000,3279.0000,3283.0000,3283.2000,3284.0000,3284.2000,3287.0000,1,9,1,15,10,1,1,2,1,5
SF,IH2010,2020-09-04 09:32:14.000,3283.0000,2834,0,218973900.000,0,-,-,-,-,3281.4000,3281.2000,3281.0000,3280.6000,3280.0000,3283.0000,3283.2000,3284.0000,3284.2000,3287.0000,1,1,9,1,15,1,1,2,1,5
SF,IH2010,2020-09-04 09:32:14.500,3283.0000,2834,0,218973900.000,0,-,-,-,-,3281.4000,3281.2000,3281.0000,3280.6000,3280.0000,3283.2000,3284.0000,3284.2000,3287.0000,3290.0000,1,1,9,1,15,1,2,1,5,1
SF,IH2010,2020-09-04 09:32:15.000,3283.0000,2834,0,218973900.000,0,-,-,-,-,3281.4000,3281.2000,3281.0000,3280.6000,3280.0000,3283.0000,3283.2000,3284.0000,3284.2000,3287.0000,1,1,9,1,15,1,1,2,1,5
SF,IH2010,2020-09-04 09:32:15.500,3283.0000,2834,0,218973900.000,0,-,-,-,-,3281.2000,3281.0000,3280.6000,3280.0000,3279.0000,3282.8000,3283.0000,3283.2000,3284.0000,3284.2000,1,9,1,15,10,1,1,1,2,1
SF,IH2010,2020-09-04 09:32:16.000,3283.0000,2834,0,218973900.000,0,-,-,-,-,3281.4000,3281.2000,3281.0000,3280.6000,3280.0000,3282.6000,3282.8000,3283.0000,3283.2000,3284.0000,1,2,9,1,15,1,1,1,1,2
SF,IH2010,2020-09-04 09:32:16.500,3283.0000,2834,0,218973900.000,0,-,-,-,-,3281.2000,3281.0000,3280.6000,3280.0000,3279.0000,3282.6000,3282.8000,3283.0000,3283.2000,3284.0000,2,9,1,15,10,1,1,1,1,2
SF,IH2010,2020-09-04 09:32:17.000,3281.2000,2832,-2,221927400.000,3,0,3,多平,S,3281.0000,3280.6000,3280.0000,3279.2000,3279.0000,3281.6000,3282.2000,3283.0000,3283.2000,3284.0000,9,1,15,1,10,1,1,1,1,2
SF,IH2010,2020-09-04 09:32:17.500,3281.0000,2832,0,224880300.000,3,1,2,多换,S,3281.0000,3280.6000,3280.0000,3279.2000,3279.0000,3281.6000,3282.6000,3283.0000,3283.2000,3284.2000,6,1,15,1,10,1,2,1,1,1
SF,IH2010,2020-09-04 09:32:18.000,3280.6000,2831,-1,231770280.000,7,3,4,多平,S,3280.0000,3279.2000,3279.0000,3278.0000,3277.0000,3280.6000,3281.0000,3281.6000,3282.6000,3283.0000,14,1,10,10,10,4,1,1,2,1
SF,IH2010,2020-09-04 09:32:18.500,3280.0000,2830,-1,235706280.000,4,1,3,多平,S,3280.0000,3279.2000,3279.0000,3278.0000,3277.0000,3280.6000,3281.0000,3281.6000,3282.2000,3282.6000,10,1,10,11,10,4,2,1,1,2
SF,IH2010,2020-09-04 09:32:19.000,3280.0000,2831,1,236690280.000,1,1,0,双开,S,3280.0000,3279.2000,3279.0000,3278.0000,3277.0000,3280.6000,3281.0000,3281.6000,3282.2000,3282.6000,9,1,10,11,10,4,1,1,1,2
SF,IH2010,2020-09-04 09:32:19.500,3280.6000,2828,-3,239642820.000,3,0,3,双平,S,3280.0000,3279.2000,3279.0000,3278.0000,3277.0000,3280.6000,3281.0000,3282.2000,3283.0000,3284.2000,9,1,10,11,10,1,1,1,1,1
SF,IH2010,2020-09-04 09:32:20.000,3280.6000,2827,-1,240627000.000,1,0,1,双平,S,3280.0000,3279.2000,3279.0000,3278.0000,3277.0000,3281.0000,3282.2000,3283.0000,3284.2000,3287.0000,9,1,10,11,10,1,1,1,1,5
SF,IH2010,2020-09-04 09:32:20.500,3280.6000,2827,0,240627000.000,0,-,-,-,-,3280.6000,3280.0000,3279.2000,3279.0000,3278.0000,3281.0000,3282.2000,3283.0000,3284.2000,3287.0000,1,9,1,10,11,1,1,2,1,5
SF,IH2010,2020-09-04 09:32:21.000,3280.6000,2826,-1,241611180.000,1,0,1,双平,S,3280.0000,3279.2000,3279.0000,3278.0000,3277.0000,3280.4000,3281.0000,3282.2000,3283.0000,3284.2000,9,1,10,10,10,1,1,1,2,1
SF,IH2010,2020-09-04 09:32:21.500,3280.6000,2826,0,241611180.000,0,-,-,-,-,3280.0000,3279.2000,3279.0000,3278.0000,3277.0000,3281.0000,3282.2000,3283.0000,3284.2000,3287.0000,9,1,10,10,10,1,1,1,1,5
SF,IH2010,2020-09-04 09:32:22.000,3280.0000,2826,0,242595180.000,1,0,1,多换,S,3280.0000,3279.2000,3279.0000,3278.0000,3277.0000,3281.0000,3281.6000,3282.2000,3283.0000,3284.2000,8,1,10,10,10,1,1,1,1,1
SF,IH2010,2020-09-04 09:32:22.500,3280.0000,2826,0,242595180.000,0,-,-,-,-,3280.0000,3279.2000,3279.0000,3278.4000,3278.0000,3281.0000,3281.6000,3282.2000,3283.0000,3284.2000,8,1,10,1,10,1,1,1,2,1
SF,IH2010,2020-09-04 09:32:23.000,3280.0000,2826,0,247515180.000,5,2,3,多换,S,3280.0000,3279.2000,3279.0000,3278.4000,3278.0000,3280.8000,3281.0000,3281.6000,3282.2000,3283.0000,3,1,10,1,10,2,1,1,1,1
SF,IH2010,2020-09-04 09:32:24.000,3280.8000,2826,0,249483660.000,2,1,1,多换,S,3281.0000,3280.0000,3279.2000,3279.0000,3278.4000,3281.6000,3282.2000,3283.0000,3284.2000,3287.0000,1,3,1,10,1,1,1,1,1,5
SF,IH2010,2020-09-04 09:32:24.500,3280.8000,2826,0,249483660.000,0,-,-,-,-,3281.0000,3280.0000,3279.2000,3279.0000,3278.0000,3282.2000,3283.0000,3284.2000,3287.0000,3290.0000,1,3,1,10,10,1,1,1,5,1
SF,IH2010,2020-09-04 09:32:25.000,3280.8000,2826,0,249483660.000,0,-,-,-,-,3281.6000,3281.2000,3281.0000,3280.8000,3280.0000,3283.0000,3284.2000,3287.0000,3290.0000,3292.6000,1,1,1,2,3,1,1,5,1,3
SF,IH2010,2020-09-04 09:32:25.500,3280.8000,2826,0,249483660.000,0,-,-,-,-,3282.2000,3281.6000,3281.2000,3281.0000,3280.8000,3283.0000,3284.2000,3287.0000,3290.0000,3292.6000,1,1,1,1,2,1,1,5,1,3
SF,IH2010,2020-09-04 09:32:26.000,3282.2000,2825,-1,250468320.000,1,0,1,双平,S,3281.6000,3281.2000,3281.0000,3280.8000,3280.4000,3282.2000,3282.8000,3283.0000,3287.0000,3290.0000,1,1,1,2,1,1,1,1,5,1
SF,IH2010,2020-09-04 09:32:26.500,3282.2000,2825,0,250468320.000,0,-,-,-,-,3281.6000,3281.2000,3281.0000,3280.8000,3280.4000,3287.0000,3290.0000,3292.6000,3302.2000,3309.8000,1,1,1,2,1,5,1,3,1,1
SF,IH2010,2020-09-04 09:32:27.000,3282.2000,2825,0,250468320.000,0,-,-,-,-,3281.6000,3281.0000,3280.8000,3280.4000,3280.0000,3283.2000,3284.2000,3284.4000,3286.2000,3286.6000,1,1,2,1,3,1,1,4,1,4
SF,IH2010,2020-09-04 09:32:27.500,3282.2000,2825,0,250468320.000,0,-,-,-,-,3281.0000,3280.8000,3280.4000,3280.0000,3279.0000,3281.6000,3282.4000,3283.0000,3283.2000,3284.4000,1,2,1,3,10,1,1,2,3,2
SF,IH2010,2020-09-04 09:32:28.000,3282.2000,2825,0,250468320.000,0,-,-,-,-,3281.0000,3280.8000,3280.4000,3280.0000,3279.0000,3281.4000,3282.8000,3283.0000,3283.2000,3284.4000,1,2,1,3,10,1,2,2,3,2
SF,IH2010,2020-09-04 09:32:30.000,3281.6000,2824,-1,251452800.000,1,0,1,双平,S,3281.6000,3281.0000,3280.8000,3280.4000,3280.0000,3282.8000,3283.0000,3283.2000,3284.4000,3286.8000,1,1,2,1,3,2,2,3,2,4
SF,IH2010,2020-09-04 09:32:30.500,3281.0000,2823,-1,252437100.000,1,0,1,双平,S,3280.8000,3280.4000,3280.0000,3279.0000,3278.0000,3281.6000,3282.0000,3282.6000,3282.8000,3283.0000,2,1,3,10,10,2,1,2,2,1
SF,IH2010,2020-09-04 09:32:31.000,3281.0000,2823,0,252437100.000,0,-,-,-,-,3281.0000,3280.8000,3280.4000,3280.0000,3279.0000,3282.6000,3282.8000,3283.0000,3283.2000,3284.4000,1,2,1,3,11,1,2,1,3,1
SF,IH2010,2020-09-04 09:32:33.000,3281.0000,2823,0,252437100.000,0,-,-,-,-,3281.0000,3280.8000,3280.4000,3280.0000,3279.0000,3281.6000,3282.0000,3282.6000,3283.0000,3283.2000,1,2,1,3,11,1,1,1,1,3
SF,IH2010,2020-09-04 09:32:33.500,3281.0000,2823,0,252437100.000,0,-,-,-,-,3281.0000,3280.8000,3280.4000,3280.0000,3279.0000,3282.4000,3282.6000,3283.0000,3283.2000,3284.4000,1,2,1,3,11,3,1,1,3,1
SF,IH2010,2020-09-04 09:32:34.500,3280.8000,2822,-1,255389880.000,3,1,2,多平,S,3280.4000,3280.0000,3279.0000,3278.0000,3277.0000,3280.6000,3282.4000,3282.6000,3283.0000,3283.2000,1,3,11,10,10,2,3,1,1,3
SF,IH2010,2020-09-04 09:32:35.000,3280.4000,2821,-1,256374000.000,1,0,1,双平,S,3280.0000,3279.0000,3278.0000,3277.0000,3276.0000,3281.6000,3282.4000,3283.0000,3283.2000,3286.8000,3,11,10,10,10,1,5,1,1,1
SF,IH2010,2020-09-04 09:32:35.500,3280.4000,2821,0,256374000.000,0,-,-,-,-,3280.2000,3280.0000,3279.0000,3278.2000,3278.0000,3281.0000,3281.4000,3281.6000,3282.4000,3283.0000,1,3,11,1,10,1,2,1,2,1
SF,IH2010,2020-09-04 09:32:36.000,3280.4000,2821,0,256374000.000,0,-,-,-,-,3280.0000,3279.0000,3278.2000,3278.0000,3277.0000,3281.0000,3281.4000,3281.6000,3282.4000,3283.0000,3,11,1,10,10,1,3,1,2,1
SF,IH2010,2020-09-04 09:32:36.500,3280.4000,2821,0,256374000.000,0,-,-,-,-,3280.0000,3279.0000,3278.2000,3278.0000,3277.0000,3281.0000,3281.4000,3283.0000,3286.8000,3287.0000,3,11,1,10,10,1,2,1,1,5
SF,IH2010,2020-09-04 09:32:37.000,3280.4000,2821,0,256374000.000,0,-,-,-,-,3280.0000,3279.0000,3278.2000,3278.0000,3277.0000,3281.0000,3283.0000,3286.8000,3287.0000,3290.0000,3,11,1,10,10,1,1,1,5,1
SF,IH2010,2020-09-04 09:32:37.500,3280.4000,2821,0,256374000.000,0,-,-,-,-,3280.0000,3279.0000,3278.2000,3278.0000,3277.0000,3283.0000,3286.8000,3287.0000,3290.0000,3292.6000,3,11,1,10,10,1,1,5,1,3
SF,IH2010,2020-09-04 09:32:38.000,3280.4000,2821,0,256374000.000,0,-,-,-,-,3280.2000,3280.0000,3279.0000,3278.2000,3278.0000,3282.8000,3283.0000,3287.0000,3290.0000,3292.6000,1,3,11,1,10,4,1,5,1,3
SF,IH2010,2020-09-04 09:32:38.500,3281.6000,2822,1,257358480.000,1,1,0,双开,S,3280.2000,3280.0000,3279.0000,3278.2000,3278.0000,3282.6000,3282.8000,3283.0000,3287.0000,3290.0000,1,3,11,1,10,2,4,1,5,1
SF,IH2010,2020-09-04 09:32:39.000,3281.6000,2822,0,257358480.000,0,-,-,-,-,3280.2000,3280.0000,3279.0000,3278.2000,3278.0000,3282.4000,3282.6000,3282.8000,3283.0000,3287.0000,1,3,11,1,10,2,2,3,1,5
SF,IH2010,2020-09-04 09:32:39.500,3281.6000,2822,0,257358480.000,0,-,-,-,-,3280.4000,3280.2000,3280.0000,3279.0000,3278.2000,3282.4000,3282.6000,3282.8000,3283.0000,3287.0000,1,1,3,11,1,1,2,4,1,5
SF,IH2010,2020-09-04 09:32:40.000,3281.6000,2822,0,257358480.000,0,-,-,-,-,3280.6000,3280.0000,3279.0000,3278.2000,3278.0000,3282.4000,3282.6000,3282.8000,3283.0000,3287.0000,2,3,11,1,10,1,2,4,1,5
SF,IH2010,2020-09-04 09:32:40.500,3281.6000,2822,0,257358480.000,0,-,-,-,-,3280.6000,3280.0000,3279.0000,3278.0000,3277.0000,3282.4000,3282.8000,3283.0000,3287.0000,3290.0000,2,3,11,10,10,1,3,1,5,1
SF,IH2010,2020-09-04 09:32:41.000,3281.6000,2822,0,257358480.000,0,-,-,-,-,3280.8000,3280.6000,3280.0000,3279.0000,3278.0000,3282.8000,3283.0000,3287.0000,3290.0000,3292.6000,1,2,3,11,10,1,1,5,1,3
SF,IH2010,2020-09-04 09:32:41.500,3281.6000,2822,0,257358480.000,0,-,-,-,-,3281.0000,3280.8000,3280.0000,3279.0000,3278.0000,3282.8000,3283.0000,3287.0000,3290.0000,3292.6000,2,1,3,11,10,1,1,5,1,3
SF,IH2010,2020-09-04 09:32:42.000,3281.6000,2822,0,257358480.000,0,-,-,-,-,3281.0000,3280.8000,3280.0000,3279.0000,3278.0000,3283.0000,3287.0000,3290.0000,3292.6000,3302.2000,2,1,3,11,10,1,5,1,3,1
SF,IH2010,2020-09-04 09:32:43.000,3281.6000,2822,0,257358480.000,0,-,-,-,-,3281.0000,3280.8000,3280.0000,3279.0000,3278.0000,3282.8000,3283.0000,3287.0000,3290.0000,3292.6000,1,1,3,11,10,1,1,5,1,3
SF,IH2010,2020-09-04 09:32:43.500,3281.6000,2822,0,257358480.000,0,-,-,-,-,3281.0000,3280.8000,3280.0000,3279.0000,3278.0000,3282.6000,3282.8000,3283.0000,3287.0000,3290.0000,1,1,3,11,10,1,1,1,5,1
SF,IH2010,2020-09-04 09:32:44.000,3281.6000,2822,0,257358480.000,0,-,-,-,-,3281.0000,3280.8000,3280.0000,3279.0000,3278.0000,3282.6000,3282.8000,3283.0000,3287.0000,3290.0000,1,1,3,11,10,1,1,1,5,1
SF,IH2010,2020-09-04 09:32:44.500,3281.6000,2822,0,257358480.000,0,-,-,-,-,3281.0000,3280.8000,3280.0000,3279.0000,3278.0000,3282.6000,3282.8000,3283.0000,3287.0000,3290.0000,2,1,3,11,10,1,1,1,5,1
SF,IH2010,2020-09-04 09:32:45.000,3282.6000,2823,1,260311860.000,3,2,1,空开,S,3280.0000,3279.0000,3278.0000,3277.0000,3276.0000,3282.8000,3283.0000,3287.0000,3290.0000,3292.6000,3,11,10,10,10,1,1,5,1,3
SF,IH2010,2020-09-04 09:32:45.500,3282.6000,2823,0,260311860.000,0,-,-,-,-,3280.2000,3280.0000,3279.0000,3278.0000,3277.0000,3282.6000,3282.8000,3283.0000,3287.0000,3290.0000,3,3,11,10,10,2,1,1,5,1
SF,IH2010,2020-09-04 09:32:46.000,3282.6000,2823,0,260311860.000,0,-,-,-,-,3280.4000,3280.2000,3280.0000,3279.0000,3278.0000,3282.6000,3282.8000,3283.0000,3287.0000,3290.0000,1,2,3,11,10,2,1,1,5,1
SF,IH2010,2020-09-04 09:32:46.500,3282.6000,2823,0,260311860.000,0,-,-,-,-,3280.6000,3280.4000,3280.2000,3280.0000,3279.0000,3282.6000,3282.8000,3283.0000,3287.0000,3290.0000,1,1,1,3,11,2,1,1,5,1
SF,IH2010,2020-09-04 09:32:47.000,3282.6000,2823,0,260311860.000,0,-,-,-,-,3280.6000,3280.4000,3280.2000,3280.0000,3279.0000,3282.2000,3282.6000,3283.0000,3287.0000,3290.0000,1,1,1,3,11,1,2,1,5,1
SF,IH2010,2020-09-04 09:32:47.500,3282.6000,2823,0,260311860.000,0,-,-,-,-,3280.8000,3280.6000,3280.2000,3280.0000,3279.0000,3282.2000,3282.6000,3283.0000,3287.0000,3290.0000,1,1,1,3,11,1,2,1,5,1
SF,IH2010,2020-09-04 09:32:48.000,3282.6000,2823,0,260311860.000,0,-,-,-,-,3281.0000,3280.8000,3280.2000,3280.0000,3279.0000,3282.2000,3282.6000,3283.0000,3287.0000,3290.0000,1,1,1,3,11,1,2,1,5,1
SF,IH2010,2020-09-04 09:32:48.500,3282.6000,2823,0,260311860.000,0,-,-,-,-,3281.0000,3280.8000,3280.2000,3280.0000,3279.0000,3282.6000,3283.0000,3287.0000,3290.0000,3292.6000,1,1,1,3,11,1,1,5,1,3
SF,IH2010,2020-09-04 09:32:49.000,3282.6000,2823,0,260311860.000,0,-,-,-,-,3281.2000,3281.0000,3280.8000,3280.2000,3280.0000,3282.6000,3283.0000,3287.0000,3290.0000,3292.6000,1,1,1,1,3,1,1,5,1,3
SF,IH2010,2020-09-04 09:32:49.500,3282.6000,2823,0,260311860.000,0,-,-,-,-,3281.4000,3281.2000,3280.8000,3280.2000,3280.0000,3283.0000,3287.0000,3290.0000,3292.6000,3302.2000,1,1,1,1,3,1,5,1,3,1
SF,IH2010,2020-09-04 09:32:50.000,3282.6000,2823,0,260311860.000,0,-,-,-,-,3281.4000,3281.2000,3280.8000,3280.2000,3280.0000,3282.6000,3283.0000,3287.0000,3290.0000,3292.6000,1,1,1,1,3,1,1,5,1,3
SF,IH2010,2020-09-04 09:32:50.500,3282.6000,2823,0,261296640.000,1,0,1,多换,S,3282.6000,3281.6000,3281.4000,3281.2000,3280.8000,3283.0000,3287.0000,3290.0000,3292.6000,3302.2000,2,1,1,1,1,1,5,1,3,1
SF,IH2010,2020-09-04 09:32:51.000,3282.6000,2822,-1,262281420.000,1,0,1,双平,S,3282.6000,3281.6000,3281.4000,3281.2000,3280.8000,3283.0000,3287.0000,3290.0000,3292.6000,3302.2000,1,1,1,1,1,1,5,1,3,1
SF,IH2010,2020-09-04 09:32:51.500,3282.6000,2821,-1,263266200.000,1,0,1,双平,S,3281.6000,3281.4000,3281.2000,3280.8000,3280.0000,3282.0000,3282.6000,3283.0000,3287.0000,3290.0000,1,1,1,1,3,1,1,1,5,1
SF,IH2010,2020-09-04 09:32:52.000,3282.0000,2820,-1,265235400.000,2,0,2,多平,S,3281.6000,3281.4000,3281.2000,3280.8000,3280.0000,3282.6000,3283.0000,3287.0000,3290.0000,3292.6000,1,1,1,1,3,2,1,5,1,3
SF,IH2010,2020-09-04 09:32:52.500,3282.0000,2820,0,265235400.000,0,-,-,-,-,3281.6000,3281.4000,3281.2000,3280.8000,3280.0000,3282.4000,3282.6000,3283.0000,3287.0000,3290.0000,1,1,1,1,3,1,1,1,5,1
SF,IH2010,2020-09-04 09:32:53.000,3282.0000,2820,0,265235400.000,0,-,-,-,-,3281.6000,3281.2000,3280.8000,3280.0000,3279.0000,3282.6000,3283.0000,3287.0000,3290.0000,3292.6000,1,1,1,3,10,1,1,5,1,3
SF,IH2010,2020-09-04 09:32:53.500,3282.0000,2820,0,265235400.000,0,-,-,-,-,3281.6000,3281.2000,3280.0000,3279.0000,3278.0000,3283.0000,3287.0000,3290.0000,3292.6000,3302.2000,1,1,3,10,10,1,5,1,3,1
SF,IH2010,2020-09-04 09:32:54.000,3282.0000,2820,0,265235400.000,0,-,-,-,-,3281.6000,3281.2000,3280.0000,3279.0000,3278.0000,3282.0000,3283.0000,3287.0000,3290.0000,3292.6000,1,1,3,10,10,1,1,5,1,3
SF,IH2010,2020-09-04 09:32:54.500,3282.0000,2819,-1,266220000.000,1,0,1,双平,S,3281.6000,3281.2000,3280.0000,3279.0000,3278.0000,3282.8000,3283.0000,3287.0000,3290.0000,3292.6000,1,1,3,10,10,1,1,5,1,3
SF,IH2010,2020-09-04 09:32:55.500,3282.8000,2819,0,267204840.000,1,0,1,多换,S,3281.6000,3281.2000,3280.0000,3279.0000,3278.0000,3283.0000,3287.0000,3290.0000,3292.6000,3302.2000,1,1,3,10,10,1,5,1,3,1
SF,IH2010,2020-09-04 09:32:56.000,3283.0000,2820,1,268189740.000,1,1,0,双开,S,3281.8000,3281.6000,3281.2000,3280.0000,3279.0000,3287.0000,3290.0000,3292.6000,3302.2000,3310.0000,1,1,1,3,10,5,1,3,1,1
SF,IH2010,2020-09-04 09:32:56.500,3283.0000,2820,0,268189740.000,0,-,-,-,-,3282.0000,3281.8000,3281.6000,3281.2000,3280.0000,3284.4000,3285.0000,3286.8000,3287.0000,3290.0000,1,2,1,1,3,1,1,2,5,1
SF,IH2010,2020-09-04 09:32:57.000,3283.0000,2820,0,268189740.000,0,-,-,-,-,3282.2000,3282.0000,3281.8000,3281.6000,3281.2000,3284.2000,3284.4000,3284.6000,3285.0000,3286.8000,2,1,1,1,1,1,1,2,1,1
SF,IH2010,2020-09-04 09:32:57.500,3283.0000,2820,0,268189740.000,0,-,-,-,-,3282.4000,3282.2000,3282.0000,3281.8000,3281.6000,3284.4000,3284.6000,3285.0000,3286.8000,3290.0000,1,1,1,1,1,1,2,1,1,1
SF,IH2010,2020-09-04 09:32:58.000,3283.0000,2820,0,268189740.000,0,-,-,-,-,3282.6000,3282.0000,3281.8000,3281.6000,3281.2000,3284.4000,3286.8000,3290.0000,3290.8000,3292.6000,2,1,1,1,1,1,1,1,5,3
SF,IH2010,2020-09-04 09:32:58.500,3283.0000,2820,0,268189740.000,0,-,-,-,-,3282.8000,3282.6000,3282.0000,3281.8000,3281.6000,3286.8000,3290.0000,3290.8000,3292.6000,3302.2000,1,2,1,1,1,1,1,5,3,1
SF,IH2010,2020-09-04 09:32:59.000,3283.0000,2820,0,268189740.000,0,-,-,-,-,3283.0000,3282.8000,3282.6000,3282.0000,3281.8000,3286.6000,3286.8000,3290.0000,3290.8000,3292.6000,1,1,1,1,1,1,1,1,5,3
SF,IH2010,2020-09-04 09:32:59.500,3283.0000,2820,0,268189740.000,0,-,-,-,-,3283.4000,3283.0000,3282.8000,3282.0000,3281.8000,3285.8000,3286.4000,3286.6000,3290.0000,3290.8000,1,1,1,1,1,2,1,1,1,5
SF,IH2010,2020-09-04 09:33:00.000,3283.0000,2820,0,268189740.000,0,-,-,-,-,3283.6000,3282.8000,3282.6000,3282.0000,3281.8000,3285.6000,3286.0000,3286.4000,3286.6000,3290.0000,2,1,1,1,1,1,1,1,2,1
SF,IH2010,2020-09-04 09:33:00.500,3283.0000,2820,0,268189740.000,0,-,-,-,-,3283.8000,3283.6000,3282.8000,3282.6000,3282.0000,3285.6000,3286.4000,3286.6000,3290.0000,3290.8000,1,1,1,1,1,1,1,2,1,5
SF,IH2010,2020-09-04 09:33:01.000,3283.0000,2820,0,268189740.000,0,-,-,-,-,3282.8000,3282.6000,3282.0000,3281.8000,3281.6000,3284.4000,3284.6000,3285.0000,3285.4000,3285.6000,1,1,1,1,1,1,1,1,3,1
SF,IH2010,2020-09-04 09:33:01.500,3283.0000,2820,0,268189740.000,0,-,-,-,-,3283.0000,3282.8000,3282.6000,3282.0000,3281.8000,3285.4000,3285.6000,3286.4000,3290.0000,3290.8000,1,1,1,1,1,2,2,1,1,5
SF,IH2010,2020-09-04 09:33:02.000,3283.0000,2820,0,268189740.000,0,-,-,-,-,3283.2000,3283.0000,3282.8000,3282.6000,3282.0000,3285.6000,3286.4000,3290.0000,3290.8000,3292.6000,1,1,1,1,1,2,1,1,5,3
SF,IH2010,2020-09-04 09:33:02.500,3283.0000,2820,0,268189740.000,0,-,-,-,-,3283.4000,3282.8000,3282.6000,3282.0000,3281.8000,3285.2000,3285.6000,3286.4000,3290.0000,3290.8000,1,1,1,1,1,1,2,1,1,5
SF,IH2010,2020-09-04 09:33:03.000,3283.4000,2819,-1,269174760.000,1,0,1,双平,S,3282.8000,3282.6000,3282.0000,3281.8000,3281.6000,3284.4000,3285.0000,3285.2000,3285.6000,3286.4000,1,1,1,1,1,1,2,1,2,1
SF,IH2010,2020-09-04 09:33:03.500,3283.4000,2819,0,269174760.000,0,-,-,-,-,3282.8000,3282.6000,3282.0000,3281.8000,3281.6000,3284.2000,3284.4000,3285.0000,3285.6000,3286.4000,1,1,1,1,1,1,1,1,2,1
SF,IH2010,2020-09-04 09:33:04.000,3283.4000,2819,0,269174760.000,0,-,-,-,-,3282.8000,3282.6000,3282.0000,3281.8000,3281.6000,3284.2000,3284.4000,3284.8000,3285.0000,3285.6000,1,1,1,1,1,1,1,1,1,2
SF,IH2010,2020-09-04 09:33:05.000,3283.4000,2819,0,269174760.000,0,-,-,-,-,3282.8000,3282.6000,3282.0000,3281.8000,3281.6000,3284.2000,3284.8000,3285.6000,3286.4000,3290.8000,1,1,1,1,1,1,1,2,1,5
SF,IH2010,2020-09-04 09:33:05.500,3283.4000,2819,0,269174760.000,0,-,-,-,-,3283.0000,3282.8000,3282.6000,3282.0000,3281.8000,3284.2000,3285.6000,3286.4000,3290.8000,3292.6000,1,1,1,1,1,1,2,1,5,3
SF,IH2010,2020-09-04 09:33:09.500,3284.2000,2818,-1,270160020.000,1,0,1,双平,S,3283.0000,3282.8000,3282.6000,3282.0000,3281.8000,3285.6000,3286.4000,3290.8000,3292.6000,3302.2000,1,1,1,1,1,2,1,5,3,1
SF,IH2010,2020-09-04 09:33:10.000,3284.2000,2818,0,270160020.000,0,-,-,-,-,3283.4000,3283.2000,3283.0000,3282.8000,3282.6000,3284.0000,3285.4000,3285.6000,3290.8000,3292.6000,1,1,1,1,1,1,2,2,5,3
SF,IH2010,2020-09-04 09:33:10.500,3284.0000,2818,0,271145220.000,1,0,1,多换,S,3283.4000,3283.0000,3282.8000,3282.6000,3282.0000,3285.6000,3290.8000,3292.6000,3302.2000,3310.0000,1,1,1,1,1,2,5,3,1,1
SF,IH2010,2020-09-04 09:33:11.000,3284.0000,2818,0,271145220.000,0,-,-,-,-,3283.6000,3283.4000,3283.0000,3282.8000,3282.6000,3285.6000,3290.8000,3292.6000,3302.2000,3310.0000,1,1,1,1,1,2,5,3,1,1
SF,IH2010,2020-09-04 09:33:11.500,3284.0000,2818,0,271145220.000,0,-,-,-,-,3283.6000,3283.4000,3283.0000,3282.8000,3282.6000,3285.2000,3285.6000,3290.8000,3292.6000,3302.2000,1,1,1,1,1,1,2,5,3,1
SF,IH2010,2020-09-04 09:33:12.000,3284.0000,2818,0,271145220.000,0,-,-,-,-,3283.8000,3283.6000,3283.4000,3283.0000,3282.8000,3285.2000,3285.6000,3290.8000,3292.6000,3302.2000,1,1,1,1,1,1,2,5,3,1
SF,IH2010,2020-09-04 09:33:13.000,3284.0000,2818,0,271145220.000,0,-,-,-,-,3283.8000,3283.6000,3283.4000,3283.0000,3282.8000,3285.2000,3290.8000,3292.6000,3302.2000,3310.0000,1,1,1,1,1,1,5,3,1,1
SF,IH2010,2020-09-04 09:33:13.500,3284.0000,2818,0,271145220.000,0,-,-,-,-,3284.0000,3283.8000,3283.4000,3283.0000,3282.8000,3290.8000,3292.6000,3302.2000,3310.0000,3328.4000,1,1,1,1,1,5,3,1,1,6
SF,IH2010,2020-09-04 09:33:14.000,3284.0000,2818,0,271145220.000,0,-,-,-,-,3284.0000,3283.4000,3283.0000,3282.8000,3282.6000,3286.8000,3287.0000,3287.2000,3287.8000,3288.8000,1,1,1,1,1,1,2,2,1,1
SF,IH2010,2020-09-04 09:33:14.500,3284.0000,2818,0,271145220.000,0,-,-,-,-,3284.2000,3284.0000,3283.4000,3283.0000,3282.8000,3286.4000,3286.6000,3286.8000,3287.8000,3288.8000,1,1,1,1,1,2,2,1,1,1
SF,IH2010,2020-09-04 09:33:15.000,3284.0000,2818,0,271145220.000,0,-,-,-,-,3284.4000,3284.2000,3283.4000,3283.0000,3282.8000,3286.2000,3286.4000,3286.6000,3286.8000,3287.8000,2,1,1,1,1,1,2,1,1,1
SF,IH2010,2020-09-04 09:33:15.500,3284.0000,2818,0,271145220.000,0,-,-,-,-,3284.4000,3284.2000,3283.4000,3283.0000,3282.8000,3286.2000,3286.4000,3286.6000,3286.8000,3287.8000,2,1,1,1,1,1,2,1,1,1
SF,IH2010,2020-09-04 09:33:16.000,3284.0000,2818,0,271145220.000,0,-,-,-,-,3284.4000,3284.2000,3283.4000,3283.0000,3282.8000,3286.2000,3286.4000,3286.6000,3286.8000,3287.8000,2,1,1,1,1,1,2,1,1,1
SF,IH2010,2020-09-04 09:33:16.500,3284.0000,2818,0,271145220.000,0,-,-,-,-,3284.4000,3284.2000,3283.4000,3283.0000,3282.8000,3286.4000,3286.6000,3286.8000,3287.8000,3290.0000,2,1,1,1,1,2,1,1,1,4
SF,IH2010,2020-09-04 09:33:17.000,3284.0000,2818,0,271145220.000,0,-,-,-,-,3284.6000,3284.4000,3283.4000,3283.0000,3282.8000,3286.0000,3286.6000,3287.8000,3290.6000,3290.8000,1,2,1,1,1,1,1,1,1,6
SF,IH2010,2020-09-04 09:33:17.500,3284.0000,2818,0,271145220.000,0,-,-,-,-,3284.8000,3284.6000,3284.4000,3283.4000,3283.0000,3286.0000,3287.8000,3290.6000,3290.8000,3292.6000,1,1,1,1,1,1,1,1,6,3
SF,IH2010,2020-09-04 09:33:18.000,3286.0000,2817,-1,272131020.000,1,0,1,双平,S,3284.8000,3284.4000,3283.4000,3283.0000,3282.8000,3287.8000,3290.6000,3290.8000,3292.6000,3302.2000,1,1,1,1,1,1,1,6,3,1
SF,IH2010,2020-09-04 09:33:18.500,3286.0000,2817,0,272131020.000,0,-,-,-,-,3284.8000,3284.6000,3284.4000,3283.4000,3283.0000,3287.6000,3287.8000,3290.6000,3290.8000,3292.6000,1,1,1,1,1,2,1,1,6,3
SF,IH2010,2020-09-04 09:33:19.000,3286.0000,2817,0,272131020.000,0,-,-,-,-,3286.0000,3285.0000,3284.8000,3284.6000,3283.4000,3287.4000,3287.6000,3287.8000,3290.6000,3290.8000,1,1,1,1,1,3,2,1,1,6
SF,IH2010,2020-09-04 09:33:19.500,3286.0000,2817,0,273116820.000,1,0,1,多换,S,3284.8000,3284.6000,3283.4000,3283.0000,3282.6000,3287.0000,3287.2000,3287.4000,3287.8000,3290.6000,1,1,1,1,1,1,1,3,1,1
SF,IH2010,2020-09-04 09:33:20.000,3286.0000,2817,0,273116820.000,0,-,-,-,-,3284.8000,3284.6000,3283.4000,3283.0000,3282.6000,3286.8000,3287.4000,3287.8000,3290.6000,3290.8000,1,1,1,1,1,1,2,1,1,5
SF,IH2010,2020-09-04 09:33:20.500,3286.0000,2817,0,273116820.000,0,-,-,-,-,3285.0000,3284.8000,3284.6000,3283.4000,3283.0000,3287.4000,3287.8000,3290.6000,3290.8000,3292.6000,1,1,1,1,1,2,1,1,5,3
SF,IH2010,2020-09-04 09:33:21.000,3286.0000,2817,0,273116820.000,0,-,-,-,-,3285.2000,3284.6000,3283.4000,3283.0000,3282.6000,3287.2000,3287.4000,3287.8000,3290.6000,3290.8000,2,1,1,1,1,1,2,1,1,5
SF,IH2010,2020-09-04 09:33:21.500,3286.0000,2817,0,273116820.000,0,-,-,-,-,3285.4000,3285.2000,3284.6000,3283.4000,3283.0000,3287.8000,3292.6000,3294.6000,3302.2000,3310.0000,2,1,1,1,1,1,3,5,1,1
SF,IH2010,2020-09-04 09:33:22.000,3286.0000,2817,0,273116820.000,0,-,-,-,-,3285.6000,3285.4000,3284.6000,3283.4000,3283.0000,3287.6000,3287.8000,3292.6000,3294.6000,3302.2000,2,1,1,1,1,1,1,3,5,1
SF,IH2010,2020-09-04 09:33:22.500,3286.0000,2817,0,273116820.000,0,-,-,-,-,3285.8000,3285.6000,3285.4000,3284.6000,3283.4000,3287.6000,3287.8000,3292.6000,3294.6000,3302.2000,2,1,1,1,1,1,1,3,5,1
SF,IH2010,2020-09-04 09:33:23.000,3286.0000,2817,0,273116820.000,0,-,-,-,-,3286.2000,3286.0000,3285.8000,3285.4000,3284.6000,3287.6000,3287.8000,3292.6000,3294.6000,3302.2000,1,1,2,1,1,1,1,3,5,1
SF,IH2010,2020-09-04 09:33:23.500,3286.0000,2817,0,273116820.000,0,-,-,-,-,3286.2000,3286.0000,3285.8000,3284.6000,3283.4000,3287.6000,3287.8000,3292.6000,3294.6000,3302.2000,1,1,2,1,1,1,1,3,5,1
SF,IH2010,2020-09-04 09:33:24.000,3286.2000,2817,0,274102680.000,1,0,1,多换,S,3286.0000,3285.8000,3284.6000,3283.4000,3283.0000,3287.4000,3287.6000,3287.8000,3292.6000,3294.6000,1,1,1,1,1,1,1,1,3,5
SF,IH2010,2020-09-04 09:33:24.500,3286.2000,2817,0,274102680.000,0,-,-,-,-,3285.8000,3284.6000,3283.4000,3283.0000,3282.6000,3287.2000,3287.4000,3287.8000,3292.6000,3294.6000,1,1,1,1,1,1,1,1,3,5
SF,IH2010,2020-09-04 09:33:25.000,3286.2000,2817,0,274102680.000,0,-,-,-,-,3285.8000,3284.6000,3283.4000,3283.0000,3282.6000,3287.2000,3287.4000,3287.8000,3292.6000,3294.6000,1,1,1,1,1,1,1,1,3,5
SF,IH2010,2020-09-04 09:33:26.000,3287.2000,2817,0,275088840.000,1,0,1,多换,S,3285.8000,3284.6000,3283.4000,3283.0000,3282.6000,3287.4000,3287.8000,3292.6000,3294.6000,3302.2000,1,1,1,1,1,1,1,3,5,1
SF,IH2010,2020-09-04 09:33:26.500,3287.2000,2817,0,275088840.000,0,-,-,-,-,3286.0000,3284.6000,3283.4000,3283.0000,3282.6000,3287.8000,3292.6000,3294.6000,3302.2000,3310.0000,2,1,1,1,1,1,3,5,1,1
SF,IH2010,2020-09-04 09:33:27.000,3287.2000,2817,0,275088840.000,0,-,-,-,-,3286.0000,3284.6000,3283.4000,3283.0000,3282.6000,3287.8000,3292.6000,3294.6000,3302.2000,3310.0000,2,1,1,1,1,1,3,5,1,1
SF,IH2010,2020-09-04 09:33:27.500,3287.2000,2817,0,275088840.000,0,-,-,-,-,3286.0000,3284.6000,3283.4000,3283.0000,3282.6000,3292.6000,3294.6000,3302.2000,3310.0000,3328.4000,2,1,1,1,1,3,5,1,1,6
SF,IH2010,2020-09-04 09:33:28.000,3287.2000,2817,0,275088840.000,0,-,-,-,-,3286.0000,3284.6000,3283.4000,3283.0000,3282.6000,3287.8000,3288.6000,3291.6000,3292.4000,3292.6000,1,1,1,1,1,1,1,1,8,4
SF,IH2010,2020-09-04 09:33:28.500,3287.2000,2817,0,275088840.000,0,-,-,-,-,3286.0000,3284.6000,3283.4000,3283.0000,3282.6000,3287.8000,3288.6000,3292.4000,3292.6000,3294.6000,1,1,1,1,1,1,1,9,4,5
SF,IH2010,2020-09-04 09:33:29.000,3287.2000,2817,0,275088840.000,0,-,-,-,-,3286.0000,3284.6000,3283.4000,3283.0000,3282.6000,3287.8000,3288.4000,3288.6000,3292.4000,3292.6000,1,1,1,1,1,1,2,1,9,4
SF,IH2010,2020-09-04 09:33:30.000,3287.2000,2817,0,275088840.000,0,-,-,-,-,3287.8000,3286.0000,3284.6000,3283.4000,3283.0000,3292.4000,3292.6000,3294.6000,3302.2000,3310.0000,1,1,1,1,1,5,3,5,1,1
SF,IH2010,2020-09-04 09:33:30.500,3287.8000,2817,0,276075180.000,1,0,1,多换,S,3284.6000,3283.4000,3283.0000,3282.6000,3281.8000,3288.4000,3289.6000,3289.8000,3290.4000,3291.2000,1,1,1,1,1,1,2,2,1,1
SF,IH2010,2020-09-04 09:33:31.000,3287.8000,2817,0,276075180.000,0,-,-,-,-,3284.8000,3284.6000,3283.4000,3283.0000,3282.6000,3288.2000,3289.2000,3290.4000,3291.2000,3291.8000,2,1,1,1,1,1,2,1,1,1
SF,IH2010,2020-09-04 09:33:31.500,3287.8000,2817,0,276075180.000,0,-,-,-,-,3284.8000,3284.6000,3283.4000,3283.0000,3282.6000,3287.8000,3288.0000,3288.2000,3289.2000,3291.8000,2,1,1,1,1,1,1,1,2,1
SF,IH2010,2020-09-04 09:33:32.000,3288.2000,2815,-2,279034380.000,3,0,3,多平,S,3285.0000,3284.8000,3284.6000,3283.4000,3283.0000,3289.2000,3292.4000,3292.6000,3294.6000,3302.2000,1,2,1,1,1,2,1,3,5,1
SF,IH2010,2020-09-04 09:33:32.500,3288.2000,2815,0,279034380.000,0,-,-,-,-,3285.2000,3285.0000,3284.8000,3284.6000,3283.4000,3289.2000,3290.2000,3292.4000,3292.6000,3294.6000,2,1,1,1,1,2,1,1,3,5
SF,IH2010,2020-09-04 09:33:33.000,3288.2000,2815,0,279034380.000,0,-,-,-,-,3285.4000,3285.2000,3284.8000,3284.6000,3283.4000,3289.0000,3290.2000,3292.6000,3294.6000,3302.2000,1,2,1,1,1,1,1,3,5,1
SF,IH2010,2020-09-04 09:33:33.500,3288.2000,2815,0,279034380.000,0,-,-,-,-,3285.8000,3285.6000,3285.4000,3285.2000,3284.8000,3290.2000,3292.6000,3294.6000,3302.2000,3310.0000,1,1,1,1,1,1,3,5,1,1
SF,IH2010,2020-09-04 09:33:34.000,3288.2000,2815,0,279034380.000,0,-,-,-,-,3286.0000,3285.2000,3284.8000,3284.6000,3283.4000,3290.0000,3292.6000,3294.6000,3302.2000,3310.0000,2,1,1,1,1,1,3,5,1,1
SF,IH2010,2020-09-04 09:33:34.500,3288.2000,2815,0,279034380.000,0,-,-,-,-,3286.0000,3285.2000,3284.8000,3284.6000,3283.4000,3290.0000,3291.6000,3292.6000,3294.6000,3302.2000,2,1,1,1,1,1,1,3,5,1
SF,IH2010,2020-09-04 09:33:35.000,3288.2000,2815,0,279034380.000,0,-,-,-,-,3287.2000,3286.0000,3285.2000,3284.8000,3284.6000,3290.0000,3291.6000,3292.6000,3294.6000,3302.2000,1,2,1,1,1,1,1,3,5,1
SF,IH2010,2020-09-04 09:33:35.500,3288.2000,2815,0,279034380.000,0,-,-,-,-,3287.4000,3285.2000,3284.6000,3283.4000,3283.0000,3289.8000,3290.0000,3291.6000,3292.6000,3294.6000,3,1,1,1,1,1,1,1,3,5
SF,IH2010,2020-09-04 09:33:36.000,3287.4000,2813,-2,281006820.000,2,0,2,双平,S,3284.6000,3283.4000,3283.0000,3282.6000,3281.8000,3289.6000,3289.8000,3290.0000,3291.6000,3292.6000,1,1,1,1,1,1,2,2,1,3
SF,IH2010,2020-09-04 09:33:36.500,3287.4000,2813,0,281006820.000,0,-,-,-,-,3284.8000,3284.6000,3283.4000,3283.0000,3282.6000,3289.4000,3289.6000,3289.8000,3291.6000,3292.6000,1,1,1,1,1,1,2,3,1,3
SF,IH2010,2020-09-04 09:33:37.000,3287.4000,2813,0,281006820.000,0,-,-,-,-,3284.8000,3284.6000,3283.4000,3283.0000,3282.6000,3289.2000,3289.4000,3289.6000,3289.8000,3291.6000,2,1,1,1,1,2,4,3,1,1
SF,IH2010,2020-09-04 09:33:37.500,3287.4000,2813,0,281006820.000,0,-,-,-,-,3284.8000,3284.6000,3283.4000,3283.0000,3282.6000,3288.6000,3288.8000,3289.0000,3289.2000,3289.4000,1,1,1,1,1,1,2,3,2,3
SF,IH2010,2020-09-04 09:33:38.000,3287.4000,2813,0,281006820.000,0,-,-,-,-,3284.8000,3284.6000,3283.4000,3283.0000,3282.6000,3288.4000,3288.8000,3289.0000,3289.2000,3289.4000,1,1,1,1,1,3,2,3,1,3
SF,IH2010,2020-09-04 09:33:38.500,3287.4000,2813,0,281006820.000,0,-,-,-,-,3284.8000,3284.6000,3283.4000,3283.0000,3282.6000,3288.0000,3288.2000,3288.4000,3289.0000,3289.2000,1,1,1,1,1,1,4,4,3,1
SF,IH2010,2020-09-04 09:33:39.000,3287.4000,2813,0,281006820.000,0,-,-,-,-,3284.8000,3284.6000,3283.4000,3283.0000,3282.6000,3287.8000,3288.0000,3288.2000,3288.4000,3289.0000,1,1,1,1,1,2,1,2,2,3
SF,IH2010,2020-09-04 09:33:39.500,3287.4000,2813,0,281006820.000,0,-,-,-,-,3285.2000,3284.8000,3284.6000,3283.4000,3283.0000,3287.8000,3288.2000,3288.4000,3289.0000,3289.4000,1,1,1,1,1,2,2,1,2,3
SF,IH2010,2020-09-04 09:33:40.000,3287.4000,2813,0,281006820.000,0,-,-,-,-,3285.4000,3285.2000,3284.6000,3283.4000,3283.0000,3287.8000,3288.4000,3289.0000,3289.4000,3292.6000,2,1,1,1,1,2,1,2,3,3
SF,IH2010,2020-09-04 09:33:40.500,3287.4000,2813,0,281006820.000,0,-,-,-,-,3285.6000,3285.4000,3284.6000,3283.4000,3283.0000,3287.8000,3288.4000,3289.0000,3289.4000,3292.6000,1,2,1,1,1,1,1,2,3,3
SF,IH2010,2020-09-04 09:33:41.000,3287.4000,2813,0,281006820.000,0,-,-,-,-,3285.8000,3285.6000,3285.4000,3284.6000,3283.4000,3287.8000,3288.4000,3289.0000,3289.4000,3292.6000,1,1,1,1,1,1,1,2,3,3
SF,IH2010,2020-09-04 09:33:41.500,3287.4000,2813,0,281006820.000,0,-,-,-,-,3285.8000,3284.6000,3283.4000,3283.0000,3282.6000,3287.6000,3288.4000,3289.0000,3289.4000,3292.6000,1,1,1,1,1,1,1,2,3,3
SF,IH2010,2020-09-04 09:33:42.000,3287.6000,2813,0,281993100.000,1,0,1,多换,S,3285.8000,3284.6000,3283.4000,3283.0000,3282.6000,3287.6000,3288.4000,3289.0000,3289.4000,3292.6000,1,1,1,1,1,1,1,2,3,3
SF,IH2010,2020-09-04 09:33:44.000,3285.8000,2812,-1,284950320.000,3,1,2,多平,S,3284.6000,3283.4000,3283.0000,3282.6000,3281.8000,3287.6000,3288.4000,3289.0000,3289.4000,3292.6000,1,1,1,1,1,1,1,2,3,3
SF,IH2010,2020-09-04 09:33:44.500,3285.8000,2812,0,284950320.000,0,-,-,-,-,3284.8000,3284.6000,3283.4000,3283.0000,3282.6000,3287.4000,3287.6000,3288.4000,3289.0000,3289.4000,1,1,1,1,1,3,1,1,2,3
SF,IH2010,2020-09-04 09:33:45.000,3285.8000,2812,0,284950320.000,0,-,-,-,-,3284.6000,3283.4000,3283.0000,3282.6000,3281.8000,3287.4000,3287.6000,3288.4000,3289.0000,3292.6000,1,1,1,1,1,3,1,1,2,3
SF,IH2010,2020-09-04 09:33:45.500,3284.8000,2812,0,285935760.000,1,0,1,多换,S,3284.8000,3284.6000,3283.4000,3283.0000,3282.6000,3287.2000,3287.4000,3288.4000,3289.0000,3292.6000,1,1,1,1,1,1,3,1,2,3
SF,IH2010,2020-09-04 09:33:46.000,3284.8000,2812,0,285935760.000,0,-,-,-,-,3284.8000,3284.6000,3283.4000,3283.0000,3282.6000,3286.8000,3287.0000,3287.2000,3287.4000,3288.4000,1,1,1,1,1,1,3,2,2,1
SF,IH2010,2020-09-04 09:33:46.500,3284.8000,2812,0,285935760.000,0,-,-,-,-,3284.8000,3284.6000,3283.4000,3283.0000,3282.6000,3287.0000,3287.4000,3288.4000,3292.6000,3294.6000,1,1,1,1,1,1,2,1,3,5
SF,IH2010,2020-09-04 09:33:47.000,3284.8000,2812,0,285935760.000,0,-,-,-,-,3284.8000,3284.6000,3283.4000,3283.0000,3282.6000,3287.0000,3287.4000,3288.4000,3292.6000,3294.6000,1,1,1,1,1,1,1,1,3,5
SF,IH2010,2020-09-04 09:33:47.500,3284.8000,2812,0,285935760.000,0,-,-,-,-,3284.8000,3284.6000,3283.4000,3283.0000,3282.6000,3287.4000,3288.4000,3292.6000,3294.6000,3302.2000,1,1,1,1,1,1,1,3,5,1
SF,IH2010,2020-09-04 09:33:48.000,3284.8000,2812,0,285935760.000,0,-,-,-,-,3284.8000,3284.6000,3283.4000,3283.0000,3282.6000,3287.2000,3287.4000,3288.4000,3292.6000,3294.6000,1,1,1,1,1,1,1,1,3,5
SF,IH2010,2020-09-04 09:33:48.500,3284.8000,2812,0,285935760.000,0,-,-,-,-,3284.8000,3284.6000,3283.4000,3283.0000,3282.6000,3287.0000,3287.2000,3287.4000,3288.4000,3292.6000,1,1,1,1,1,3,1,1,1,3
SF,IH2010,2020-09-04 09:33:49.000,3284.8000,2812,0,285935760.000,0,-,-,-,-,3284.8000,3284.6000,3283.4000,3283.0000,3282.6000,3286.8000,3287.0000,3287.4000,3288.4000,3292.6000,1,1,1,1,1,1,4,1,1,3
SF,IH2010,2020-09-04 09:33:49.500,3284.8000,2812,0,285935760.000,0,-,-,-,-,3284.8000,3284.6000,3283.4000,3283.0000,3282.6000,3286.6000,3286.8000,3287.0000,3287.4000,3288.4000,1,1,1,1,1,4,1,2,1,1
SF,IH2010,2020-09-04 09:33:50.000,3284.8000,2812,0,285935760.000,0,-,-,-,-,3284.8000,3284.6000,3283.4000,3283.0000,3282.6000,3286.6000,3286.8000,3287.0000,3287.4000,3288.4000,1,1,1,1,1,4,1,1,1,1
SF,IH2010,2020-09-04 09:33:50.500,3284.8000,2812,0,285935760.000,0,-,-,-,-,3284.8000,3284.6000,3283.4000,3283.0000,3282.6000,3286.6000,3287.4000,3288.4000,3292.6000,3294.6000,1,1,1,1,1,2,1,1,3,5
SF,IH2010,2020-09-04 09:33:51.500,3284.8000,2812,0,285935760.000,0,-,-,-,-,3284.8000,3284.6000,3283.4000,3283.0000,3282.6000,3287.4000,3288.4000,3292.6000,3294.6000,3302.2000,1,1,1,1,1,1,1,3,5,1
SF,IH2010,2020-09-04 09:33:52.000,3284.8000,2812,0,285935760.000,0,-,-,-,-,3284.8000,3284.6000,3283.4000,3283.0000,3282.6000,3287.2000,3287.4000,3288.4000,3292.6000,3294.6000,1,1,1,1,1,4,1,1,3,5
SF,IH2010,2020-09-04 09:33:52.500,3284.8000,2812,0,285935760.000,0,-,-,-,-,3284.8000,3284.6000,3283.4000,3283.0000,3282.6000,3287.2000,3287.4000,3288.4000,3292.6000,3294.6000,1,1,1,1,1,3,1,1,3,5
SF,IH2010,2020-09-04 09:33:53.000,3284.8000,2812,0,285935760.000,0,-,-,-,-,3284.8000,3284.6000,3283.4000,3283.0000,3282.6000,3287.0000,3287.2000,3287.4000,3288.4000,3292.6000,1,1,1,1,1,1,1,1,1,3
SF,IH2010,2020-09-04 09:33:53.500,3284.8000,2812,0,285935760.000,0,-,-,-,-,3285.0000,3284.8000,3284.6000,3283.4000,3283.0000,3287.4000,3288.4000,3292.6000,3294.6000,3302.2000,1,1,1,1,1,1,1,3,5,1
SF,IH2010,2020-09-04 09:33:54.000,3284.8000,2812,0,285935760.000,0,-,-,-,-,3285.2000,3285.0000,3284.6000,3283.4000,3283.0000,3287.4000,3288.4000,3292.6000,3294.6000,3302.2000,1,1,1,1,1,1,1,3,5,1
SF,IH2010,2020-09-04 09:33:54.500,3287.4000,2811,-1,286921980.000,1,0,1,双平,S,3285.4000,3285.2000,3285.0000,3284.6000,3283.4000,3292.6000,3294.6000,3302.2000,3310.0000,3311.0000,1,1,1,1,1,3,5,1,1,1
SF,IH2010,2020-09-04 09:33:55.000,3287.4000,2811,0,286921980.000,0,-,-,-,-,3285.6000,3285.4000,3284.6000,3283.4000,3283.0000,3290.4000,3292.4000,3292.6000,3294.6000,3302.2000,2,2,1,1,1,1,3,3,5,1
SF,IH2010,2020-09-04 09:33:55.500,3287.4000,2811,0,286921980.000,0,-,-,-,-,3287.2000,3285.8000,3285.6000,3285.4000,3284.6000,3290.2000,3290.4000,3290.6000,3292.4000,3292.6000,1,1,2,2,1,2,1,2,1,3
SF,IH2010,2020-09-04 09:33:56.000,3287.4000,2811,0,286921980.000,0,-,-,-,-,3287.4000,3285.6000,3285.4000,3284.6000,3283.4000,3289.8000,3290.0000,3290.2000,3290.4000,3291.4000,1,1,1,1,1,1,1,5,1,1
SF,IH2010,2020-09-04 09:33:56.500,3287.4000,2811,0,286921980.000,0,-,-,-,-,3287.4000,3285.6000,3285.4000,3284.6000,3283.4000,3289.6000,3290.0000,3290.2000,3290.4000,3291.4000,1,1,1,1,1,6,1,3,1,1
SF,IH2010,2020-09-04 09:33:57.000,3287.4000,2811,0,286921980.000,0,-,-,-,-,3287.4000,3285.6000,3284.6000,3283.4000,3283.0000,3289.2000,3289.4000,3289.6000,3290.0000,3290.2000,1,1,1,1,1,2,2,3,1,3
SF,IH2010,2020-09-04 09:33:57.500,3287.4000,2811,0,286921980.000,0,-,-,-,-,3285.6000,3284.6000,3283.4000,3283.0000,3282.6000,3289.0000,3289.2000,3289.4000,3289.6000,3290.0000,1,1,1,1,1,1,2,2,2,1
SF,IH2010,2020-09-04 09:33:58.000,3287.4000,2811,0,286921980.000,0,-,-,-,-,3287.2000,3285.8000,3285.6000,3284.6000,3283.4000,3287.4000,3288.8000,3289.0000,3289.2000,3289.4000,1,1,1,1,1,1,1,2,2,2
SF,IH2010,2020-09-04 09:33:58.500,3287.4000,2810,-1,287908200.000,1,0,1,双平,S,3285.6000,3284.6000,3283.4000,3283.0000,3282.6000,3288.8000,3289.0000,3289.4000,3290.0000,3292.6000,2,1,1,1,1,1,1,2,1,3
SF,IH2010,2020-09-04 09:33:59.000,3287.4000,2810,0,287908200.000,0,-,-,-,-,3285.6000,3284.6000,3283.4000,3283.0000,3282.6000,3288.6000,3288.8000,3289.4000,3290.0000,3292.6000,2,1,1,1,1,3,1,2,1,3
SF,IH2010,2020-09-04 09:33:59.500,3287.4000,2810,0,287908200.000,0,-,-,-,-,3285.6000,3284.6000,3283.4000,3283.0000,3282.6000,3288.4000,3288.6000,3288.8000,3289.4000,3290.0000,2,1,1,1,1,2,2,1,2,1
SF,IH2010,2020-09-04 09:34:00.000,3287.4000,2810,0,287908200.000,0,-,-,-,-,3285.6000,3284.6000,3283.4000,3283.0000,3282.6000,3288.2000,3288.4000,3288.8000,3289.4000,3290.0000,2,1,1,1,1,3,3,1,2,1
SF,IH2010,2020-09-04 09:34:00.500,3287.4000,2810,0,287908200.000,0,-,-,-,-,3285.6000,3284.6000,3283.4000,3283.0000,3282.6000,3288.2000,3288.4000,3288.8000,3289.4000,3290.0000,2,1,1,1,1,3,2,1,2,1
SF,IH2010,2020-09-04 09:34:01.000,3287.4000,2810,0,287908200.000,0,-,-,-,-,3285.6000,3284.6000,3283.4000,3283.0000,3282.6000,3288.0000,3288.2000,3288.4000,3288.8000,3289.4000,2,1,1,1,1,1,2,2,1,2
SF,IH2010,2020-09-04 09:34:01.500,3287.4000,2810,0,287908200.000,0,-,-,-,-,3285.6000,3284.6000,3283.4000,3283.0000,3282.6000,3287.8000,3288.0000,3288.2000,3288.4000,3288.8000,2,1,1,1,1,3,4,1,2,1
SF,IH2010,2020-09-04 09:34:02.000,3287.4000,2810,0,287908200.000,0,-,-,-,-,3285.6000,3284.6000,3283.4000,3283.0000,3282.6000,3287.6000,3287.8000,3288.0000,3288.2000,3288.4000,1,1,1,1,1,3,3,3,1,2
SF,IH2010,2020-09-04 09:34:02.500,3285.6000,2810,0,288893880.000,1,0,1,多换,S,3284.6000,3283.4000,3283.0000,3282.6000,3281.8000,3287.4000,3287.6000,3288.0000,3288.2000,3288.4000,1,1,1,1,1,3,3,3,1,2
SF,IH2010,2020-09-04 09:34:03.000,3285.6000,2810,0,288893880.000,0,-,-,-,-,3284.6000,3283.4000,3283.0000,3282.6000,3281.8000,3287.2000,3287.4000,3287.6000,3288.0000,3288.4000,1,1,1,1,1,3,4,3,3,2
SF,IH2010,2020-09-04 09:34:03.500,3285.6000,2810,0,288893880.000,0,-,-,-,-,3284.6000,3283.4000,3283.0000,3282.6000,3281.8000,3287.0000,3287.2000,3287.6000,3288.0000,3288.4000,1,1,1,1,1,1,5,3,3,2
SF,IH2010,2020-09-04 09:34:04.000,3285.6000,2810,0,288893880.000,0,-,-,-,-,3284.6000,3283.4000,3283.0000,3282.6000,3281.8000,3286.8000,3287.0000,3287.2000,3287.6000,3288.0000,1,1,1,1,1,2,2,3,3,3
SF,IH2010,2020-09-04 09:34:04.500,3285.6000,2810,0,288893880.000,0,-,-,-,-,3284.8000,3284.6000,3283.4000,3283.0000,3282.6000,3287.0000,3287.6000,3288.0000,3288.4000,3288.8000,1,1,1,1,1,1,3,3,2,1
SF,IH2010,2020-09-04 09:34:05.000,3285.6000,2810,0,288893880.000,0,-,-,-,-,3284.8000,3284.6000,3283.4000,3283.0000,3282.6000,3286.6000,3287.0000,3287.6000,3288.0000,3288.4000,1,1,1,1,1,1,1,3,3,2
SF,IH2010,2020-09-04 09:34:05.500,3285.6000,2810,0,288893880.000,0,-,-,-,-,3284.8000,3284.6000,3283.4000,3283.0000,3282.6000,3286.6000,3287.0000,3287.6000,3288.0000,3288.4000,1,1,1,1,1,1,1,3,3,2
SF,IH2010,2020-09-04 09:34:06.000,3286.6000,2810,0,289879860.000,1,0,1,多换,S,3286.6000,3285.0000,3284.8000,3284.6000,3283.4000,3287.0000,3287.6000,3288.0000,3292.6000,3294.6000,1,1,1,1,1,1,3,3,3,5
SF,IH2010,2020-09-04 09:34:06.500,3286.6000,2809,-1,290865840.000,1,0,1,双平,S,3285.0000,3284.8000,3284.6000,3283.4000,3283.0000,3286.6000,3287.0000,3287.6000,3288.0000,3292.6000,1,1,1,1,1,1,1,3,3,3
SF,IH2010,2020-09-04 09:34:07.000,3286.6000,2809,0,291851820.000,1,0,1,多换,S,3286.6000,3285.2000,3285.0000,3284.6000,3283.4000,3287.6000,3288.0000,3292.6000,3294.6000,3302.2000,7,1,1,1,1,3,3,3,5,1
SF,IH2010,2020-09-04 09:34:07.500,3286.6000,2809,0,291851820.000,0,-,-,-,-,3286.6000,3285.2000,3284.6000,3283.4000,3283.0000,3287.4000,3288.0000,3292.6000,3294.6000,3302.2000,7,1,1,1,1,2,3,3,5,1
SF,IH2010,2020-09-04 09:34:08.000,3287.4000,2808,-1,292838040.000,1,0,1,双平,S,3286.6000,3285.2000,3284.6000,3283.4000,3283.0000,3287.4000,3288.0000,3292.6000,3294.6000,3302.2000,7,1,1,1,1,1,3,3,5,1
SF,IH2010,2020-09-04 09:34:08.500,3287.4000,2807,-1,293824260.000,1,0,1,双平,S,3286.6000,3285.2000,3284.6000,3283.4000,3283.0000,3288.0000,3292.6000,3294.6000,3302.2000,3310.0000,7,1,1,1,1,3,3,5,1,1
SF,IH2010,2020-09-04 09:34:09.000,3287.4000,2807,0,293824260.000,0,-,-,-,-,3286.6000,3285.2000,3284.6000,3283.4000,3283.0000,3287.8000,3288.0000,3292.6000,3294.6000,3302.2000,7,1,1,1,1,3,3,3,5,1
SF,IH2010,2020-09-04 09:34:09.500,3287.4000,2807,0,293824260.000,0,-,-,-,-,3286.6000,3285.2000,3284.6000,3283.4000,3283.0000,3287.6000,3287.8000,3288.0000,3292.6000,3294.6000,7,1,1,1,1,1,3,3,3,5
SF,IH2010,2020-09-04 09:34:10.000,3287.4000,2807,0,293824260.000,0,-,-,-,-,3286.6000,3285.2000,3284.6000,3283.4000,3283.0000,3287.8000,3288.0000,3292.6000,3294.6000,3302.2000,7,1,1,1,1,3,3,3,5,1
SF,IH2010,2020-09-04 09:34:10.500,3287.4000,2807,0,293824260.000,0,-,-,-,-,3286.6000,3285.2000,3284.6000,3283.4000,3283.0000,3287.8000,3288.0000,3288.4000,3292.6000,3294.6000,7,1,1,1,1,3,3,1,3,5
SF,IH2010,2020-09-04 09:34:11.000,3286.6000,2807,0,294810240.000,1,0,1,多换,S,3286.6000,3285.2000,3284.6000,3283.4000,3283.0000,3287.6000,3287.8000,3288.0000,3288.4000,3292.6000,6,1,1,1,1,1,3,3,1,3
SF,IH2010,2020-09-04 09:34:11.500,3286.6000,2803,-4,298754160.000,4,0,4,双平,S,3286.6000,3285.2000,3284.6000,3283.4000,3283.0000,3287.8000,3288.0000,3288.4000,3292.6000,3294.6000,2,1,1,1,1,3,3,1,3,5
SF,IH2010,2020-09-04 09:34:12.000,3286.6000,2801,-2,300726120.000,2,0,2,双平,S,3284.6000,3283.4000,3283.0000,3282.6000,3281.8000,3287.4000,3287.6000,3287.8000,3288.0000,3288.4000,1,1,1,1,1,1,1,3,3,1
SF,IH2010,2020-09-04 09:34:12.500,3286.6000,2801,0,300726120.000,0,-,-,-,-,3284.8000,3284.6000,3283.4000,3283.0000,3282.6000,3287.2000,3287.4000,3287.8000,3288.0000,3288.4000,1,1,1,1,1,3,1,3,3,1
SF,IH2010,2020-09-04 09:34:13.000,3286.6000,2801,0,300726120.000,0,-,-,-,-,3284.8000,3284.6000,3283.4000,3283.0000,3282.6000,3287.2000,3288.0000,3288.4000,3292.6000,3294.6000,1,1,1,1,1,3,3,1,3,5
SF,IH2010,2020-09-04 09:34:13.500,3286.6000,2801,0,300726120.000,0,-,-,-,-,3284.8000,3284.6000,3283.4000,3283.0000,3282.6000,3287.0000,3287.2000,3288.0000,3288.4000,3292.6000,1,1,1,1,1,1,3,3,1,3
SF,IH2010,2020-09-04 09:34:14.000,3286.6000,2801,0,300726120.000,0,-,-,-,-,3285.0000,3284.8000,3284.6000,3283.4000,3283.0000,3287.0000,3287.2000,3288.0000,3288.4000,3292.6000,1,1,1,1,1,1,1,3,1,3
SF,IH2010,2020-09-04 09:34:14.500,3286.6000,2801,0,300726120.000,0,-,-,-,-,3285.2000,3285.0000,3284.6000,3283.4000,3283.0000,3287.0000,3287.2000,3288.0000,3288.4000,3292.6000,1,1,1,1,1,1,1,3,1,3
SF,IH2010,2020-09-04 09:34:16.000,3286.6000,2801,0,300726120.000,0,-,-,-,-,3285.2000,3285.0000,3284.6000,3283.4000,3283.0000,3287.0000,3287.2000,3288.0000,3288.4000,3292.6000,1,1,1,1,1,1,1,3,1,3
SF,IH2010,2020-09-04 09:34:19.000,3286.6000,2801,0,300726120.000,0,-,-,-,-,3285.2000,3285.0000,3284.6000,3283.4000,3283.0000,3287.2000,3288.0000,3288.4000,3292.6000,3294.6000,1,1,1,1,1,1,3,1,3,5
SF,IH2010,2020-09-04 09:34:19.500,3286.6000,2801,0,300726120.000,0,-,-,-,-,3285.2000,3284.6000,3283.4000,3283.0000,3282.6000,3286.8000,3287.2000,3288.0000,3288.4000,3292.6000,1,1,1,1,1,1,1,3,1,3
SF,IH2010,2020-09-04 09:34:20.000,3286.6000,2801,0,300726120.000,0,-,-,-,-,3285.2000,3284.6000,3283.4000,3283.0000,3282.6000,3287.0000,3287.2000,3288.0000,3288.4000,3292.6000,1,1,1,1,1,2,1,3,1,3
SF,IH2010,2020-09-04 09:34:20.500,3286.6000,2801,0,300726120.000,0,-,-,-,-,3285.2000,3284.6000,3283.4000,3283.0000,3282.6000,3287.2000,3288.0000,3288.4000,3292.6000,3294.6000,1,1,1,1,1,1,3,1,3,5
SF,IH2010,2020-09-04 09:34:21.000,3286.6000,2801,0,300726120.000,0,-,-,-,-,3285.2000,3284.6000,3283.4000,3283.0000,3282.6000,3287.0000,3287.2000,3288.0000,3288.4000,3292.6000,1,1,1,1,1,1,1,3,1,3
SF,IH2010,2020-09-04 09:34:21.500,3286.6000,2801,0,300726120.000,0,-,-,-,-,3285.2000,3284.6000,3283.4000,3283.0000,3282.6000,3286.8000,3287.0000,3288.0000,3288.4000,3292.6000,1,1,1,1,1,2,3,3,1,3
SF,IH2010,2020-09-04 09:34:22.000,3286.6000,2801,0,300726120.000,0,-,-,-,-,3285.2000,3284.6000,3283.4000,3283.0000,3282.6000,3286.8000,3288.0000,3288.4000,3292.6000,3294.6000,1,1,1,1,1,2,3,1,3,5
SF,IH2010,2020-09-04 09:34:22.500,3286.6000,2801,0,300726120.000,0,-,-,-,-,3284.6000,3283.4000,3283.0000,3282.6000,3282.4000,3286.8000,3288.0000,3288.4000,3292.6000,3294.6000,1,1,1,1,2,2,3,1,3,5
SF,IH2010,2020-09-04 09:34:23.000,3286.6000,2801,0,300726120.000,0,-,-,-,-,3284.8000,3284.6000,3283.4000,3283.0000,3282.6000,3286.6000,3286.8000,3288.0000,3288.4000,3292.6000,1,1,1,1,1,1,2,3,1,3
SF,IH2010,2020-09-04 09:34:24.500,3286.6000,2801,0,300726120.000,0,-,-,-,-,3286.2000,3284.8000,3284.6000,3283.4000,3283.0000,3286.4000,3286.8000,3288.0000,3288.4000,3292.6000,1,1,1,1,1,1,2,3,1,3
SF,IH2010,2020-09-04 09:34:25.000,3286.2000,2801,0,301711980.000,1,0,1,多换,S,3284.8000,3284.6000,3283.4000,3283.0000,3282.6000,3286.2000,3286.4000,3286.8000,3288.0000,3288.4000,1,1,1,1,1,1,1,2,3,1
SF,IH2010,2020-09-04 09:34:25.500,3286.2000,2801,0,301711980.000,0,-,-,-,-,3285.0000,3284.8000,3284.6000,3283.4000,3283.0000,3286.2000,3286.8000,3288.0000,3288.4000,3292.6000,1,1,1,1,1,1,1,3,1,3
SF,IH2010,2020-09-04 09:34:28.500,3286.2000,2801,0,301711980.000,0,-,-,-,-,3285.0000,3284.8000,3284.6000,3283.4000,3283.0000,3286.2000,3286.8000,3288.0000,3288.4000,3292.6000,1,1,1,1,1,1,1,3,1,3
SF,IH2010,2020-09-04 09:34:29.000,3286.2000,2801,0,301711980.000,0,-,-,-,-,3285.0000,3284.8000,3284.6000,3283.4000,3283.0000,3286.2000,3286.8000,3288.0000,3292.6000,3294.6000,1,1,1,1,1,1,1,3,3,5
SF,IH2010,2020-09-04 09:34:29.500,3286.2000,2800,-1,302697840.000,1,0,1,双平,S,3285.0000,3284.8000,3284.6000,3283.4000,3283.0000,3286.8000,3288.0000,3292.0000,3292.6000,3294.6000,1,1,1,1,1,1,3,1,3,5
SF,IH2010,2020-09-04 09:34:30.000,3286.2000,2800,0,302697840.000,0,-,-,-,-,3285.2000,3285.0000,3284.6000,3283.4000,3283.0000,3286.6000,3286.8000,3288.0000,3292.0000,3292.6000,1,1,1,1,1,1,1,3,1,3
SF,IH2010,2020-09-04 09:34:30.500,3286.2000,2800,0,302697840.000,0,-,-,-,-,3285.4000,3285.2000,3285.0000,3284.6000,3283.4000,3286.6000,3286.8000,3288.0000,3292.0000,3292.6000,1,1,1,1,1,1,1,3,1,3
SF,IH2010,2020-09-04 09:34:31.000,3286.2000,2800,0,302697840.000,0,-,-,-,-,3285.4000,3285.2000,3285.0000,3284.6000,3283.4000,3286.6000,3288.0000,3292.0000,3292.6000,3294.6000,1,1,1,1,1,1,3,1,3,5
SF,IH2010,2020-09-04 09:34:31.500,3286.2000,2800,0,302697840.000,0,-,-,-,-,3285.6000,3285.4000,3285.0000,3284.6000,3283.4000,3286.6000,3288.0000,3292.0000,3292.6000,3294.6000,1,1,1,1,1,1,3,1,3,5
SF,IH2010,2020-09-04 09:34:32.500,3286.6000,2800,0,303683820.000,1,0,1,多换,S,3285.6000,3285.4000,3285.0000,3284.6000,3283.4000,3288.0000,3292.0000,3292.6000,3294.6000,3302.2000,1,1,1,1,1,3,1,3,5,1
SF,IH2010,2020-09-04 09:34:33.000,3286.6000,2800,0,303683820.000,0,-,-,-,-,3285.6000,3285.4000,3285.0000,3284.6000,3283.4000,3287.8000,3288.0000,3292.0000,3292.6000,3294.6000,1,1,1,1,1,3,3,1,3,5
SF,IH2010,2020-09-04 09:34:33.500,3286.6000,2800,0,303683820.000,0,-,-,-,-,3285.6000,3285.4000,3285.0000,3284.6000,3283.4000,3287.8000,3288.0000,3292.0000,3292.6000,3294.6000,1,1,1,1,1,1,3,1,3,5
SF,IH2010,2020-09-04 09:34:34.000,3286.6000,2800,0,303683820.000,0,-,-,-,-,3285.8000,3285.6000,3285.4000,3285.0000,3284.6000,3287.8000,3288.0000,3292.0000,3292.6000,3294.6000,1,1,1,1,1,1,3,1,3,5
SF,IH2010,2020-09-04 09:34:34.500,3286.6000,2800,0,303683820.000,0,-,-,-,-,3287.8000,3286.0000,3285.8000,3285.4000,3285.0000,3292.0000,3292.6000,3294.6000,3302.2000,3310.0000,1,1,1,1,1,1,3,5,1,1
SF,IH2010,2020-09-04 09:34:35.000,3287.8000,2798,-2,305656500.000,2,0,2,双平,S,3285.8000,3285.4000,3285.0000,3284.6000,3283.4000,3290.4000,3291.8000,3292.0000,3292.6000,3294.6000,1,1,1,1,1,1,2,1,3,5
SF,IH2010,2020-09-04 09:34:35.500,3287.8000,2798,0,305656500.000,0,-,-,-,-,3286.0000,3285.8000,3285.4000,3285.0000,3284.6000,3289.6000,3290.2000,3290.4000,3292.0000,3292.6000,1,1,1,1,1,2,2,1,1,3
SF,IH2010,2020-09-04 09:34:36.000,3287.8000,2798,0,305656500.000,0,-,-,-,-,3286.0000,3285.8000,3285.4000,3285.0000,3284.6000,3289.4000,3289.6000,3290.2000,3290.4000,3292.0000,1,1,1,1,1,5,2,3,1,1
SF,IH2010,2020-09-04 09:34:36.500,3287.8000,2798,0,305656500.000,0,-,-,-,-,3287.2000,3286.2000,3286.0000,3285.8000,3285.4000,3289.4000,3290.2000,3290.4000,3292.0000,3292.6000,1,1,1,1,1,5,3,1,1,3
SF,IH2010,2020-09-04 09:34:37.000,3287.8000,2798,0,305656500.000,0,-,-,-,-,3287.4000,3287.2000,3286.2000,3285.8000,3285.4000,3289.0000,3289.4000,3290.2000,3290.4000,3292.0000,1,1,2,1,1,1,5,3,1,1
SF,IH2010,2020-09-04 09:34:37.500,3287.8000,2798,0,305656500.000,0,-,-,-,-,3287.4000,3287.2000,3286.2000,3285.8000,3284.6000,3288.8000,3289.4000,3290.2000,3290.4000,3292.0000,1,1,2,1,1,2,4,3,1,1
SF,IH2010,2020-09-04 09:34:38.000,3287.8000,2798,0,305656500.000,0,-,-,-,-,3286.2000,3284.6000,3283.4000,3283.0000,3281.0000,3288.6000,3288.8000,3289.4000,3290.2000,3290.4000,1,1,1,1,2,2,2,3,3,1
SF,IH2010,2020-09-04 09:34:38.500,3287.8000,2798,0,305656500.000,0,-,-,-,-,3286.4000,3286.2000,3284.6000,3283.4000,3283.0000,3288.6000,3288.8000,3289.4000,3290.2000,3290.4000,1,1,1,1,1,2,2,3,3,1
SF,IH2010,2020-09-04 09:34:39.000,3287.8000,2798,0,305656500.000,0,-,-,-,-,3287.2000,3286.4000,3284.6000,3283.4000,3283.0000,3288.6000,3288.8000,3289.4000,3290.2000,3290.4000,1,1,1,1,1,1,2,3,3,1
SF,IH2010,2020-09-04 09:34:39.500,3287.8000,2798,0,305656500.000,0,-,-,-,-,3287.4000,3287.2000,3286.4000,3284.6000,3283.4000,3288.8000,3289.4000,3290.2000,3290.4000,3292.0000,1,1,1,1,1,2,3,3,1,1
SF,IH2010,2020-09-04 09:34:40.000,3287.8000,2798,0,305656500.000,0,-,-,-,-,3287.4000,3287.2000,3286.4000,3284.6000,3283.4000,3290.2000,3292.0000,3292.6000,3294.6000,3302.2000,1,1,1,1,1,3,1,3,5,1
SF,IH2010,2020-09-04 09:34:40.500,3287.8000,2798,0,305656500.000,0,-,-,-,-,3287.8000,3287.6000,3287.4000,3287.2000,3284.6000,3290.0000,3290.2000,3292.0000,3292.6000,3294.6000,1,1,1,1,1,2,3,1,3,5
SF,IH2010,2020-09-04 09:34:41.000,3287.8000,2798,0,305656500.000,0,-,-,-,-,3288.0000,3287.4000,3287.2000,3284.6000,3283.4000,3290.0000,3290.2000,3292.0000,3292.6000,3294.6000,2,1,1,1,1,3,3,1,3,5
SF,IH2010,2020-09-04 09:34:41.500,3287.8000,2798,0,305656500.000,0,-,-,-,-,3288.0000,3287.4000,3287.2000,3284.6000,3283.4000,3290.0000,3290.2000,3292.0000,3292.6000,3294.6000,2,1,1,1,1,1,3,1,3,5
SF,IH2010,2020-09-04 09:34:42.000,3287.8000,2798,0,305656500.000,0,-,-,-,-,3288.0000,3287.4000,3287.2000,3287.0000,3284.6000,3292.0000,3292.6000,3298.4000,3302.2000,3310.0000,2,1,1,1,1,1,3,5,1,1
SF,IH2010,2020-09-04 09:34:42.500,3287.8000,2798,0,305656500.000,0,-,-,-,-,3288.0000,3287.2000,3287.0000,3284.6000,3283.4000,3291.8000,3292.0000,3292.6000,3298.4000,3302.2000,2,1,1,1,1,3,1,3,5,1
SF,IH2010,2020-09-04 09:34:43.000,3287.8000,2798,0,305656500.000,0,-,-,-,-,3288.0000,3287.2000,3287.0000,3284.6000,3283.4000,3291.8000,3292.0000,3292.6000,3298.4000,3302.2000,1,1,1,1,1,5,1,3,5,1
SF,IH2010,2020-09-04 09:34:43.500,3287.8000,2798,0,305656500.000,0,-,-,-,-,3288.0000,3287.2000,3287.0000,3284.6000,3283.4000,3291.4000,3291.8000,3292.0000,3292.6000,3298.4000,1,1,1,1,1,1,5,1,3,5
SF,IH2010,2020-09-04 09:34:44.000,3287.8000,2798,0,305656500.000,0,-,-,-,-,3288.0000,3287.2000,3287.0000,3284.6000,3283.4000,3291.2000,3291.4000,3291.8000,3292.0000,3292.6000,1,1,1,1,1,2,1,3,1,3
SF,IH2010,2020-09-04 09:34:44.500,3287.8000,2798,0,305656500.000,0,-,-,-,-,3287.0000,3284.6000,3283.4000,3283.0000,3281.0000,3290.8000,3291.0000,3291.2000,3291.8000,3292.0000,1,1,1,1,2,2,1,4,1,1
SF,IH2010,2020-09-04 09:34:45.000,3287.8000,2798,0,305656500.000,0,-,-,-,-,3288.0000,3287.8000,3287.2000,3287.0000,3284.6000,3290.6000,3291.0000,3292.0000,3292.6000,3298.4000,1,1,2,1,1,2,1,1,3,5
SF,IH2010,2020-09-04 09:34:45.500,3287.8000,2798,0,305656500.000,0,-,-,-,-,3288.2000,3288.0000,3287.2000,3287.0000,3284.6000,3290.6000,3291.0000,3292.0000,3292.6000,3298.4000,1,1,1,1,1,2,1,1,3,5
SF,IH2010,2020-09-04 09:34:46.000,3287.8000,2798,0,305656500.000,0,-,-,-,-,3288.4000,3288.2000,3288.0000,3287.2000,3287.0000,3290.2000,3290.4000,3290.6000,3292.0000,3292.6000,1,1,1,1,1,1,1,2,1,3
SF,IH2010,2020-09-04 09:34:46.500,3287.8000,2798,0,305656500.000,0,-,-,-,-,3290.2000,3288.6000,3288.4000,3288.0000,3287.2000,3290.4000,3290.6000,3292.0000,3292.6000,3298.4000,2,1,1,1,1,1,2,1,3,5
SF,IH2010,2020-09-04 09:34:47.000,3290.2000,2796,-2,307630620.000,2,0,2,双平,S,3288.6000,3288.4000,3288.0000,3287.2000,3287.0000,3289.8000,3290.0000,3290.2000,3292.0000,3292.6000,1,1,1,1,1,1,2,1,1,3
SF,IH2010,2020-09-04 09:34:47.500,3290.2000,2796,0,307630620.000,0,-,-,-,-,3288.8000,3288.6000,3288.4000,3288.0000,3287.2000,3289.8000,3290.0000,3290.2000,3292.0000,3292.6000,1,1,1,1,1,1,2,1,1,3
SF,IH2010,2020-09-04 09:34:48.000,3290.2000,2796,0,307630620.000,0,-,-,-,-,3289.0000,3288.8000,3288.0000,3287.2000,3287.0000,3289.8000,3290.0000,3290.2000,3292.0000,3292.6000,1,1,1,1,1,1,2,1,1,3
SF,IH2010,2020-09-04 09:34:48.500,3289.0000,2796,0,308617320.000,1,0,1,多换,S,3288.8000,3288.0000,3287.2000,3287.0000,3284.8000,3290.0000,3290.2000,3292.0000,3292.6000,3298.4000,1,1,1,1,1,2,1,1,3,5
SF,IH2010,2020-09-04 09:34:49.000,3289.0000,2796,0,308617320.000,0,-,-,-,-,3288.0000,3287.2000,3287.0000,3284.8000,3284.6000,3289.0000,3290.0000,3290.2000,3292.0000,3292.6000,1,1,1,1,1,1,2,1,1,3
SF,IH2010,2020-09-04 09:34:49.500,3289.0000,2796,0,309604020.000,1,0,1,多换,S,3288.2000,3288.0000,3287.2000,3287.0000,3284.8000,3290.0000,3290.2000,3291.4000,3292.0000,3292.6000,1,1,1,1,1,2,1,1,1,3
SF,IH2010,2020-09-04 09:34:50.000,3289.0000,2796,0,309604020.000,0,-,-,-,-,3288.2000,3288.0000,3287.2000,3287.0000,3284.8000,3289.8000,3290.0000,3290.2000,3291.4000,3292.0000,1,1,1,1,1,1,2,1,1,1
SF,IH2010,2020-09-04 09:34:50.500,3289.0000,2796,0,309604020.000,0,-,-,-,-,3288.4000,3288.2000,3288.0000,3287.2000,3287.0000,3289.8000,3290.0000,3290.2000,3291.4000,3292.0000,1,1,1,1,1,1,2,1,1,1
SF,IH2010,2020-09-04 09:34:52.000,3289.8000,2795,-1,310590960.000,1,0,1,双平,S,3288.4000,3288.2000,3288.0000,3287.2000,3287.0000,3290.0000,3290.2000,3291.4000,3292.0000,3292.6000,1,1,1,1,1,2,1,1,1,3
SF,IH2010,2020-09-04 09:34:54.000,3289.8000,2795,0,310590960.000,0,-,-,-,-,3288.4000,3288.2000,3288.0000,3287.2000,3287.0000,3289.8000,3290.0000,3290.2000,3291.4000,3292.0000,1,1,1,1,1,1,2,1,1,1
SF,IH2010,2020-09-04 09:34:55.500,3289.8000,2795,0,310590960.000,0,-,-,-,-,3289.8000,3288.4000,3288.2000,3288.0000,3287.2000,3290.0000,3290.2000,3291.4000,3292.0000,3292.6000,1,1,1,1,1,2,1,1,1,3
SF,IH2010,2020-09-04 09:34:56.000,3289.8000,2795,0,311577900.000,1,0,1,多换,S,3288.2000,3288.0000,3287.2000,3287.0000,3284.8000,3290.0000,3290.2000,3291.4000,3292.0000,3292.6000,1,1,1,1,1,2,1,1,1,3
SF,IH2010,2020-09-04 09:34:56.500,3289.8000,2795,0,311577900.000,0,-,-,-,-,3288.2000,3288.0000,3287.2000,3287.0000,3284.8000,3289.8000,3290.0000,3290.2000,3291.0000,3291.4000,2,1,1,1,1,1,2,1,1,1
SF,IH2010,2020-09-04 09:34:57.000,3289.8000,2795,0,311577900.000,0,-,-,-,-,3288.2000,3288.0000,3287.2000,3287.0000,3284.8000,3289.8000,3290.0000,3290.2000,3291.0000,3291.4000,1,1,1,1,1,4,2,1,1,1
SF,IH2010,2020-09-04 09:34:57.500,3288.2000,2795,0,312564360.000,1,0,1,多换,S,3288.0000,3287.2000,3287.0000,3284.8000,3284.6000,3289.8000,3290.0000,3290.2000,3291.0000,3291.4000,1,1,1,1,1,3,2,1,1,1
SF,IH2010,2020-09-04 09:34:58.000,3288.0000,2794,-1,313550760.000,1,0,1,双平,S,3287.2000,3287.0000,3284.8000,3284.6000,3283.4000,3289.6000,3289.8000,3290.0000,3290.2000,3291.0000,1,1,1,1,1,3,3,2,1,1
SF,IH2010,2020-09-04 09:34:58.500,3288.0000,2794,0,313550760.000,0,-,-,-,-,3287.0000,3284.8000,3284.6000,3283.4000,3280.0000,3289.4000,3289.6000,3289.8000,3290.0000,3290.2000,1,1,1,1,3,6,2,2,2,1
SF,IH2010,2020-09-04 09:34:59.000,3288.0000,2794,0,313550760.000,0,-,-,-,-,3287.0000,3284.8000,3284.6000,3283.4000,3280.0000,3289.2000,3289.4000,3289.6000,3289.8000,3290.0000,1,1,1,1,3,2,4,2,2,2
SF,IH2010,2020-09-04 09:34:59.500,3288.0000,2794,0,313550760.000,0,-,-,-,-,3287.0000,3284.8000,3284.6000,3283.4000,3280.0000,3289.0000,3289.2000,3289.4000,3289.6000,3289.8000,1,1,1,1,3,2,2,3,2,2
SF,IH2010,2020-09-04 09:35:00.000,3288.0000,2794,0,313550760.000,0,-,-,-,-,3287.2000,3287.0000,3284.8000,3284.6000,3283.4000,3288.8000,3289.0000,3289.4000,3289.8000,3290.0000,3,1,1,1,1,2,2,3,2,2
SF,IH2010,2020-09-04 09:35:00.500,3288.0000,2794,0,313550760.000,0,-,-,-,-,3287.2000,3287.0000,3284.8000,3284.6000,3283.4000,3289.0000,3289.4000,3289.8000,3290.0000,3290.2000,2,1,1,1,1,2,3,2,2,1
SF,IH2010,2020-09-04 09:35:01.000,3288.0000,2794,0,313550760.000,0,-,-,-,-,3287.0000,3284.8000,3284.6000,3283.4000,3280.0000,3288.8000,3289.0000,3289.4000,3289.8000,3290.0000,1,1,1,1,3,2,2,3,2,2
SF,IH2010,2020-09-04 09:35:01.500,3288.0000,2794,0,313550760.000,0,-,-,-,-,3287.0000,3284.8000,3284.6000,3283.4000,3280.0000,3288.6000,3288.8000,3289.0000,3289.4000,3289.8000,1,1,1,1,3,1,3,1,3,2
SF,IH2010,2020-09-04 09:35:02.000,3287.0000,2795,1,314536860.000,1,1,0,双开,S,3285.0000,3284.8000,3284.6000,3283.4000,3280.0000,3287.0000,3288.4000,3288.6000,3288.8000,3289.0000,1,1,1,1,3,1,1,1,2,1
SF,IH2010,2020-09-04 09:35:02.500,3287.0000,2795,0,314536860.000,0,-,-,-,-,3285.2000,3285.0000,3284.8000,3284.6000,3283.4000,3286.8000,3287.0000,3288.4000,3288.6000,3288.8000,1,1,1,1,1,2,1,1,1,2
SF,IH2010,2020-09-04 09:35:03.000,3285.2000,2795,0,315522420.000,1,0,1,多换,S,3285.0000,3284.8000,3284.6000,3283.4000,3280.0000,3287.0000,3288.4000,3288.6000,3288.8000,3291.0000,1,1,1,1,3,1,1,1,2,1
SF,IH2010,2020-09-04 09:35:03.500,3285.2000,2795,0,315522420.000,0,-,-,-,-,3285.0000,3284.8000,3284.6000,3283.4000,3280.0000,3286.8000,3287.0000,3288.4000,3288.8000,3291.0000,1,1,1,1,3,3,1,1,3,1
SF,IH2010,2020-09-04 09:35:04.000,3285.0000,2794,-1,316507920.000,1,0,1,双平,S,3284.8000,3284.6000,3283.4000,3280.0000,3279.0000,3286.8000,3287.0000,3288.4000,3288.8000,3291.0000,1,1,1,3,10,3,1,1,3,1
SF,IH2010,2020-09-04 09:35:04.500,3284.8000,2793,-1,317493360.000,1,0,1,双平,S,3284.6000,3283.4000,3280.0000,3279.0000,3278.0000,3286.6000,3286.8000,3287.0000,3288.4000,3288.8000,1,1,3,10,10,2,1,1,1,3
SF,IH2010,2020-09-04 09:35:05.000,3284.8000,2793,0,317493360.000,0,-,-,-,-,3284.8000,3284.6000,3283.4000,3280.0000,3279.0000,3286.4000,3287.0000,3288.4000,3288.8000,3290.8000,1,1,1,3,10,3,1,1,1,5
SF,IH2010,2020-09-04 09:35:05.500,3287.0000,2792,-1,319465380.000,2,0,2,多平,S,3285.0000,3284.8000,3284.6000,3283.4000,3280.0000,3291.0000,3292.6000,3294.6000,3302.2000,3310.0000,1,1,1,1,3,1,3,5,1,1
SF,IH2010,2020-09-04 09:35:06.000,3287.0000,2792,0,319465380.000,0,-,-,-,-,3285.0000,3284.8000,3284.6000,3283.4000,3280.0000,3288.6000,3290.8000,3291.0000,3292.6000,3294.6000,1,1,1,1,3,1,4,1,3,5
SF,IH2010,2020-09-04 09:35:06.500,3287.0000,2792,0,319465380.000,0,-,-,-,-,3285.2000,3285.0000,3284.8000,3284.6000,3283.4000,3288.4000,3288.6000,3289.2000,3290.8000,3291.0000,1,1,1,1,1,4,1,2,2,1
SF,IH2010,2020-09-04 09:35:07.000,3287.0000,2792,0,319465380.000,0,-,-,-,-,3285.4000,3285.2000,3284.8000,3284.6000,3283.4000,3288.2000,3288.4000,3289.2000,3290.8000,3291.0000,1,1,1,1,1,2,4,2,2,2
SF,IH2010,2020-09-04 09:35:07.500,3287.0000,2792,0,319465380.000,0,-,-,-,-,3285.4000,3285.2000,3284.6000,3283.4000,3280.0000,3288.0000,3288.4000,3289.2000,3290.8000,3291.0000,1,1,1,1,3,4,2,2,2,2
SF,IH2010,2020-09-04 09:35:08.000,3287.0000,2792,0,319465380.000,0,-,-,-,-,3285.4000,3285.2000,3284.6000,3283.4000,3280.0000,3288.0000,3288.4000,3289.2000,3290.8000,3291.0000,1,1,1,1,3,4,2,2,2,2
SF,IH2010,2020-09-04 09:35:08.500,3287.0000,2792,0,319465380.000,0,-,-,-,-,3285.4000,3284.6000,3283.4000,3280.0000,3279.0000,3287.0000,3287.8000,3288.0000,3288.4000,3289.2000,1,1,1,3,10,1,3,4,2,2
SF,IH2010,2020-09-04 09:35:09.000,3287.0000,2792,0,319465380.000,0,-,-,-,-,3285.4000,3284.6000,3283.4000,3280.0000,3279.0000,3287.0000,3287.8000,3288.0000,3288.4000,3289.2000,1,1,1,3,10,1,3,2,2,2
SF,IH2010,2020-09-04 09:35:09.500,3287.0000,2792,0,319465380.000,0,-,-,-,-,3284.6000,3283.4000,3280.0000,3279.0000,3278.0000,3286.8000,3287.8000,3288.0000,3288.4000,3289.2000,1,1,3,10,10,2,3,1,2,2
SF,IH2010,2020-09-04 09:35:10.000,3287.0000,2792,0,319465380.000,0,-,-,-,-,3284.8000,3284.6000,3283.4000,3280.0000,3279.0000,3286.8000,3287.0000,3287.8000,3288.0000,3288.4000,1,1,1,3,10,2,1,3,1,2
