市场代码,合约代码,时间,最新,持仓,增仓,成交额,成交量,开仓,平仓,成交类型,方向,买一价,买二价,买三价,买四价,买五价,卖一价,卖二价,卖三价,卖四价,卖五价,买一量,买二量,买三量,买四量,买五量,卖一量,卖二量,卖三量,卖四量,卖五量
SF,IH2006,2020-02-07 09:29:00.300,2826.8000,10854,0,7632360.000,9.000,-,-,-,-,2825.0000,2820.0000,2816.4000,2815.8000,2815.0000,2827.0000,2827.8000,2830.0000,2834.0000,2834.8000,1,1,2,4,1,1,1,1,1,2
SF,IH2006,2020-02-07 09:30:00.300,2824.8000,10854,0,9327300.000,2,1,1,多换,S,2820.0000,2816.4000,2815.8000,2815.0000,2811.4000,2824.6000,2825.0000,2825.2000,2825.4000,2825.6000,4,2,4,1,1,1,2,2,1,1
SF,IH2006,2020-02-07 09:30:00.800,2820.0000,10849,-5,16944240.000,9,2,7,多平,S,2820.0000,2815.8000,2815.0000,2811.4000,2810.2000,2824.2000,2824.6000,2825.0000,2825.6000,2826.0000,2,4,1,1,1,1,1,2,1,1
SF,IH2006,2020-02-07 09:30:01.300,2820.2000,10846,-3,19484820.000,3,0,3,双平,S,2820.0000,2815.8000,2815.0000,2811.4000,2810.2000,2823.8000,2824.0000,2824.2000,2824.6000,2825.0000,3,4,1,1,1,1,2,1,1,2
SF,IH2006,2020-02-07 09:30:01.800,2820.2000,10846,0,19484820.000,0,-,-,-,-,2820.2000,2820.0000,2815.8000,2815.0000,2811.4000,2823.6000,2824.2000,2824.6000,2825.0000,2825.6000,2,3,4,1,1,3,1,1,2,1
SF,IH2006,2020-02-07 09:30:02.300,2820.2000,10844,-2,21176940.000,2,0,2,双平,S,2820.2000,2820.0000,2815.8000,2815.0000,2811.4000,2823.6000,2824.2000,2824.6000,2825.0000,2826.0000,2,3,4,1,1,3,1,1,2,1
SF,IH2006,2020-02-07 09:30:02.800,2820.2000,10844,0,21176940.000,0,-,-,-,-,2820.4000,2820.2000,2820.0000,2815.8000,2815.0000,2823.6000,2824.6000,2825.0000,2826.0000,2826.2000,1,2,3,4,1,3,1,2,1,1
SF,IH2006,2020-02-07 09:30:03.300,2820.2000,10844,0,21176940.000,0,-,-,-,-,2820.4000,2820.0000,2815.8000,2815.0000,2811.4000,2823.2000,2823.6000,2823.8000,2824.6000,2825.0000,1,3,4,1,1,1,4,2,1,2
SF,IH2006,2020-02-07 09:30:03.800,2823.0000,10843,-1,22023840.000,1,0,1,双平,S,2820.4000,2820.0000,2815.8000,2815.0000,2811.4000,2823.0000,2823.2000,2823.6000,2823.8000,2824.6000,1,3,4,1,1,2,1,1,2,1
SF,IH2006,2020-02-07 09:30:04.300,2823.0000,10843,0,22023840.000,0,-,-,-,-,2820.6000,2820.4000,2820.0000,2815.8000,2815.0000,2822.6000,2822.8000,2823.0000,2824.6000,2825.0000,1,1,3,4,1,1,1,2,1,2
SF,IH2006,2020-02-07 09:30:04.800,2820.8000,10842,-1,22870080.000,1,0,1,双平,S,2820.0000,2816.0000,2815.8000,2815.0000,2811.4000,2820.4000,2822.4000,2822.6000,2824.6000,2825.0000,3,1,4,1,1,2,4,1,1,2
SF,IH2006,2020-02-07 09:30:05.300,2820.8000,10842,0,22870080.000,0,-,-,-,-,2820.0000,2816.0000,2815.8000,2815.0000,2811.4000,2820.4000,2822.4000,2822.6000,2824.6000,2825.0000,3,1,4,1,1,2,3,1,1,2
SF,IH2006,2020-02-07 09:30:07.300,2820.8000,10842,0,22870080.000,0,-,-,-,-,2820.0000,2816.0000,2815.8000,2815.0000,2811.4000,2820.2000,2820.4000,2822.4000,2822.6000,2824.6000,3,1,4,1,1,1,2,2,1,1
SF,IH2006,2020-02-07 09:30:07.800,2820.0000,10839,-3,25408080.000,3,0,3,双平,S,2816.0000,2815.8000,2815.0000,2811.4000,2810.2000,2820.0000,2820.2000,2820.4000,2822.6000,2824.6000,1,4,1,1,1,1,1,2,1,1
SF,IH2006,2020-02-07 09:30:08.300,2820.0000,10839,0,25408080.000,0,-,-,-,-,2816.8000,2816.2000,2816.0000,2815.8000,2815.0000,2819.8000,2820.0000,2820.4000,2822.6000,2824.6000,1,7,1,4,1,1,1,2,1,1
SF,IH2006,2020-02-07 09:30:08.800,2820.0000,10838,-1,26254080.000,1,0,1,双平,S,2817.0000,2816.8000,2816.2000,2816.0000,2815.8000,2820.4000,2822.6000,2824.6000,2825.0000,2827.8000,4,1,3,1,4,2,1,1,2,1
SF,IH2006,2020-02-07 09:30:09.300,2817.0000,10837,-1,27944280.000,2,0,2,多平,S,2817.0000,2816.8000,2816.2000,2816.0000,2815.8000,2820.2000,2820.4000,2822.6000,2824.6000,2825.0000,2,1,3,1,4,4,2,1,1,2
SF,IH2006,2020-02-07 09:30:09.800,2817.0000,10837,0,27944280.000,0,-,-,-,-,2817.0000,2816.8000,2816.2000,2816.0000,2815.8000,2820.2000,2820.4000,2822.6000,2824.6000,2825.0000,3,1,3,1,4,4,2,1,1,2
SF,IH2006,2020-02-07 09:30:10.300,2817.0000,10837,0,27944280.000,0,-,-,-,-,2817.2000,2817.0000,2816.0000,2815.8000,2815.0000,2820.0000,2820.2000,2820.4000,2824.6000,2825.0000,1,3,1,4,2,1,4,2,1,2
SF,IH2006,2020-02-07 09:30:10.800,2817.0000,10837,0,27944280.000,0,-,-,-,-,2817.2000,2817.0000,2816.0000,2815.8000,2815.0000,2819.8000,2820.0000,2820.4000,2823.0000,2824.6000,1,2,1,4,2,4,1,2,10,1
SF,IH2006,2020-02-07 09:30:11.300,2817.0000,10836,-1,28789380.000,1,0,1,双平,S,2817.0000,2816.0000,2815.8000,2815.0000,2811.4000,2819.6000,2819.8000,2820.4000,2823.0000,2824.6000,2,1,4,2,1,1,4,2,10,1
SF,IH2006,2020-02-07 09:30:11.800,2817.0000,10836,0,28789380.000,0,-,-,-,-,2817.0000,2816.0000,2815.8000,2815.0000,2811.4000,2819.4000,2819.6000,2820.4000,2823.0000,2824.6000,2,1,4,2,1,5,1,2,10,1
SF,IH2006,2020-02-07 09:30:12.300,2819.2000,10835,-1,29635140.000,1,0,1,双平,S,2817.0000,2816.0000,2815.8000,2815.0000,2811.4000,2817.2000,2819.2000,2819.4000,2819.6000,2820.4000,1,1,4,2,1,1,1,5,1,2
SF,IH2006,2020-02-07 09:30:12.800,2817.0000,10833,-2,31325400.000,2,0,2,双平,S,2816.0000,2815.8000,2815.0000,2811.4000,2810.2000,2819.2000,2819.4000,2820.4000,2823.0000,2824.6000,1,4,2,1,1,1,5,2,10,1
SF,IH2006,2020-02-07 09:30:13.300,2817.0000,10833,0,31325400.000,0,-,-,-,-,2817.0000,2816.2000,2816.0000,2815.8000,2815.0000,2819.0000,2819.2000,2820.4000,2823.0000,2824.6000,1,2,1,4,2,5,1,2,10,1
SF,IH2006,2020-02-07 09:30:13.800,2817.0000,10832,-1,32170500.000,1,0,1,双平,S,2816.0000,2815.8000,2815.0000,2811.4000,2810.2000,2818.8000,2819.0000,2819.2000,2823.0000,2824.6000,1,4,2,1,1,1,4,1,10,1
SF,IH2006,2020-02-07 09:30:14.300,2816.0000,10831,-1,33015300.000,1,0,1,双平,S,2815.8000,2815.0000,2811.4000,2810.2000,2810.0000,2816.0000,2818.6000,2818.8000,2819.2000,2823.0000,4,2,1,1,3,2,5,1,1,10
SF,IH2006,2020-02-07 09:30:14.800,2815.8000,10829,-2,35549640.000,3,0,3,多平,S,2815.8000,2815.0000,2811.4000,2811.0000,2810.2000,2817.0000,2818.6000,2818.8000,2819.2000,2823.0000,3,2,1,1,1,1,5,1,1,10
SF,IH2006,2020-02-07 09:30:15.300,2816.8000,10829,0,36394680.000,1,0,1,多换,S,2815.8000,2815.0000,2811.4000,2811.0000,2810.2000,2817.0000,2818.6000,2818.8000,2819.2000,2823.0000,3,2,1,1,1,1,4,1,1,10
SF,IH2006,2020-02-07 09:30:15.800,2815.8000,10829,0,37239420.000,1,0,1,多换,S,2815.8000,2815.0000,2811.4000,2811.0000,2810.2000,2817.0000,2818.6000,2818.8000,2819.2000,2823.0000,2,2,1,1,1,1,4,1,1,10
SF,IH2006,2020-02-07 09:30:16.300,2815.8000,10829,0,38928900.000,2,1,1,多换,S,2815.0000,2811.4000,2811.0000,2810.2000,2810.0000,2817.0000,2818.6000,2818.8000,2819.2000,2823.0000,2,1,1,1,3,1,4,1,1,10
SF,IH2006,2020-02-07 09:30:16.800,2815.8000,10829,0,38928900.000,0,-,-,-,-,2815.2000,2815.0000,2811.4000,2811.0000,2810.2000,2816.8000,2817.0000,2818.6000,2818.8000,2819.2000,2,2,1,1,1,1,1,3,1,1
SF,IH2006,2020-02-07 09:30:17.300,2816.8000,10828,-1,39773940.000,1,0,1,双平,S,2815.2000,2815.0000,2811.4000,2811.0000,2810.2000,2817.0000,2818.6000,2818.8000,2819.2000,2823.0000,2,2,1,1,1,1,3,1,1,10
SF,IH2006,2020-02-07 09:30:17.800,2816.8000,10828,0,39773940.000,0,-,-,-,-,2816.2000,2816.0000,2815.4000,2815.2000,2815.0000,2817.0000,2818.6000,2818.8000,2819.2000,2823.0000,1,1,1,3,2,1,3,1,1,10
SF,IH2006,2020-02-07 09:30:18.300,2816.8000,10828,0,39773940.000,0,-,-,-,-,2816.2000,2816.0000,2815.4000,2815.2000,2815.0000,2817.0000,2818.6000,2819.2000,2823.0000,2823.2000,1,1,1,3,2,1,3,1,10,4
SF,IH2006,2020-02-07 09:30:18.800,2816.8000,10828,0,39773940.000,0,-,-,-,-,2816.2000,2816.0000,2815.4000,2815.2000,2815.0000,2817.0000,2818.6000,2819.2000,2823.0000,2823.2000,1,1,1,2,2,1,3,1,10,4
SF,IH2006,2020-02-07 09:30:19.300,2816.8000,10828,0,39773940.000,0,-,-,-,-,2816.2000,2816.0000,2815.4000,2815.2000,2815.0000,2817.0000,2818.6000,2819.2000,2823.0000,2823.2000,1,1,1,2,2,1,3,1,10,4
SF,IH2006,2020-02-07 09:30:20.800,2816.2000,10827,-1,40618800.000,1,0,1,双平,S,2816.0000,2815.4000,2815.2000,2815.0000,2811.4000,2817.0000,2818.6000,2819.2000,2823.0000,2823.2000,1,1,2,2,1,1,3,1,10,4
SF,IH2006,2020-02-07 09:30:21.300,2816.2000,10827,0,40618800.000,0,-,-,-,-,2816.4000,2816.0000,2815.4000,2815.2000,2815.0000,2816.8000,2817.0000,2818.6000,2819.2000,2823.0000,1,1,1,1,2,2,1,1,1,10
SF,IH2006,2020-02-07 09:30:21.800,2816.6000,10825,-2,42308700.000,2,0,2,双平,S,2816.0000,2815.4000,2815.0000,2811.4000,2811.0000,2816.8000,2817.0000,2818.6000,2819.2000,2823.0000,1,1,2,1,1,2,1,1,1,10
SF,IH2006,2020-02-07 09:30:22.300,2816.6000,10825,0,42308700.000,0,-,-,-,-,2816.0000,2815.4000,2815.0000,2811.4000,2811.0000,2816.8000,2817.0000,2818.6000,2819.2000,2823.0000,1,1,2,1,1,2,1,1,1,10
SF,IH2006,2020-02-07 09:30:24.300,2816.6000,10825,0,42308700.000,0,-,-,-,-,2816.0000,2815.4000,2815.0000,2811.4000,2811.0000,2816.8000,2817.0000,2818.6000,2819.2000,2823.0000,1,1,3,1,1,2,1,1,1,10
SF,IH2006,2020-02-07 09:30:24.800,2816.0000,10826,1,43998300.000,2,1,1,空开,S,2815.4000,2815.0000,2811.4000,2811.0000,2810.2000,2816.8000,2817.0000,2818.6000,2819.2000,2823.0000,1,3,1,1,1,2,1,1,1,10
SF,IH2006,2020-02-07 09:30:25.300,2816.0000,10826,0,43998300.000,0,-,-,-,-,2815.4000,2815.0000,2811.4000,2811.0000,2810.2000,2816.6000,2816.8000,2817.0000,2818.6000,2819.2000,1,3,1,1,1,1,2,1,1,1
SF,IH2006,2020-02-07 09:30:25.800,2816.4000,10826,0,44843220.000,1,0,1,多换,S,2816.0000,2815.4000,2815.0000,2811.4000,2811.0000,2816.4000,2816.6000,2817.0000,2818.6000,2819.2000,1,1,3,1,1,1,1,1,1,1
SF,IH2006,2020-02-07 09:30:26.300,2816.4000,10825,-1,45688140.000,1,0,1,双平,S,2816.0000,2815.4000,2815.0000,2811.4000,2811.0000,2816.4000,2816.6000,2817.0000,2818.6000,2819.2000,1,1,3,1,1,1,1,1,1,1
SF,IH2006,2020-02-07 09:30:26.800,2816.4000,10825,0,45688140.000,0,-,-,-,-,2816.0000,2815.4000,2815.0000,2811.4000,2811.0000,2817.0000,2818.6000,2823.0000,2823.2000,2824.6000,1,1,3,1,1,1,1,10,4,1
SF,IH2006,2020-02-07 09:30:27.300,2816.4000,10825,0,45688140.000,0,-,-,-,-,2816.0000,2815.4000,2815.0000,2811.4000,2811.0000,2816.8000,2817.0000,2818.6000,2823.0000,2823.2000,1,1,3,1,1,1,1,1,10,4
SF,IH2006,2020-02-07 09:30:27.800,2816.4000,10825,0,45688140.000,0,-,-,-,-,2816.0000,2815.4000,2815.0000,2811.4000,2811.0000,2816.8000,2817.0000,2818.6000,2823.0000,2823.2000,1,1,3,1,1,1,1,1,10,4
SF,IH2006,2020-02-07 09:30:28.300,2816.8000,10824,-1,46533180.000,1,0,1,双平,S,2816.0000,2815.4000,2815.0000,2811.4000,2811.0000,2817.0000,2818.6000,2823.0000,2823.2000,2824.6000,1,1,3,1,1,1,1,10,4,1
SF,IH2006,2020-02-07 09:30:28.800,2816.8000,10824,0,46533180.000,0,-,-,-,-,2816.0000,2815.4000,2815.0000,2811.4000,2811.0000,2817.0000,2818.6000,2823.0000,2823.2000,2824.6000,1,1,3,1,1,1,1,10,4,1
SF,IH2006,2020-02-07 09:30:29.300,2816.8000,10824,0,46533180.000,0,-,-,-,-,2816.0000,2815.4000,2815.0000,2811.4000,2811.0000,2817.0000,2818.6000,2823.0000,2823.2000,2824.6000,1,1,3,1,1,1,1,10,4,1
SF,IH2006,2020-02-07 09:30:29.800,2817.0000,10823,-1,47378280.000,1,0,1,双平,S,2817.0000,2816.4000,2816.0000,2815.4000,2815.0000,2818.6000,2823.2000,2824.6000,2827.8000,2830.0000,1,2,1,1,3,1,4,1,1,1
SF,IH2006,2020-02-07 09:30:30.300,2817.0000,10822,-1,48223380.000,1,0,1,双平,S,2816.4000,2816.0000,2815.4000,2815.0000,2811.4000,2818.2000,2818.4000,2818.6000,2818.8000,2823.2000,2,1,1,3,1,1,2,3,1,4
SF,IH2006,2020-02-07 09:30:30.800,2817.0000,10822,0,48223380.000,0,-,-,-,-,2816.4000,2816.0000,2815.4000,2815.0000,2811.4000,2817.8000,2818.0000,2818.2000,2818.4000,2818.6000,2,1,1,3,1,1,1,1,2,2
SF,IH2006,2020-02-07 09:30:31.300,2817.0000,10822,0,48223380.000,0,-,-,-,-,2816.4000,2816.0000,2815.4000,2815.0000,2811.8000,2817.8000,2818.0000,2818.2000,2818.4000,2818.6000,2,1,1,3,1,1,1,1,2,2
SF,IH2006,2020-02-07 09:30:31.800,2817.0000,10822,0,48223380.000,0,-,-,-,-,2816.4000,2816.0000,2815.4000,2815.0000,2811.8000,2817.8000,2818.0000,2818.2000,2818.4000,2818.6000,2,1,1,3,1,1,1,1,1,2
SF,IH2006,2020-02-07 09:30:32.800,2817.0000,10822,0,48223380.000,0,-,-,-,-,2816.4000,2816.0000,2815.4000,2815.0000,2811.8000,2817.8000,2818.0000,2818.2000,2818.4000,2818.6000,2,1,1,3,1,1,1,1,1,2
SF,IH2006,2020-02-07 09:30:33.300,2816.4000,10822,0,49068300.000,1,0,1,多换,S,2816.4000,2816.0000,2815.4000,2815.0000,2811.8000,2817.8000,2818.0000,2818.2000,2818.6000,2818.8000,1,1,1,3,1,1,1,1,2,1
SF,IH2006,2020-02-07 09:30:33.800,2816.4000,10822,0,49068300.000,0,-,-,-,-,2816.4000,2816.2000,2816.0000,2815.4000,2815.0000,2817.8000,2818.0000,2818.2000,2818.6000,2818.8000,1,1,1,1,3,1,1,1,2,1
SF,IH2006,2020-02-07 09:30:34.300,2816.4000,10822,0,49068300.000,0,-,-,-,-,2816.4000,2816.2000,2816.0000,2815.4000,2815.0000,2817.8000,2818.0000,2818.2000,2818.6000,2818.8000,1,1,1,1,2,1,1,1,2,1
SF,IH2006,2020-02-07 09:30:34.800,2816.4000,10822,0,49068300.000,0,-,-,-,-,2817.4000,2816.4000,2816.2000,2816.0000,2815.4000,2817.8000,2818.2000,2818.6000,2818.8000,2823.2000,1,1,1,1,1,1,1,2,1,4
SF,IH2006,2020-02-07 09:30:35.300,2817.4000,10822,0,49913520.000,1,0,1,多换,S,2816.4000,2816.2000,2816.0000,2815.4000,2815.0000,2817.8000,2818.6000,2823.2000,2824.6000,2827.8000,1,1,1,1,2,1,1,4,1,1
SF,IH2006,2020-02-07 09:30:36.300,2817.4000,10822,0,49913520.000,0,-,-,-,-,2816.4000,2816.2000,2816.0000,2815.4000,2815.0000,2817.8000,2818.6000,2823.2000,2824.6000,2827.8000,1,1,2,1,2,1,1,4,1,1
SF,IH2006,2020-02-07 09:30:36.800,2817.4000,10822,0,49913520.000,0,-,-,-,-,2816.4000,2816.2000,2816.0000,2815.4000,2815.0000,2817.8000,2818.6000,2823.2000,2824.6000,2827.8000,1,1,2,1,2,1,1,4,1,1
SF,IH2006,2020-02-07 09:30:38.800,2817.8000,10822,0,50758860.000,1,0,1,多换,S,2816.6000,2816.4000,2816.2000,2816.0000,2815.4000,2818.6000,2823.2000,2824.6000,2827.8000,2830.0000,1,1,1,2,1,1,4,1,1,1
SF,IH2006,2020-02-07 09:30:39.300,2817.8000,10822,0,50758860.000,0,-,-,-,-,2816.8000,2816.6000,2816.4000,2816.2000,2816.0000,2818.6000,2818.8000,2824.6000,2827.8000,2830.0000,2,1,2,1,2,1,1,1,1,1
SF,IH2006,2020-02-07 09:30:40.300,2816.8000,10821,-1,51603900.000,1,0,1,双平,S,2816.8000,2816.6000,2816.4000,2816.2000,2816.0000,2824.6000,2827.8000,2830.0000,2835.0000,2836.0000,1,1,2,1,2,1,1,1,1,1
SF,IH2006,2020-02-07 09:30:40.800,2816.8000,10821,0,51603900.000,0,-,-,-,-,2817.0000,2816.8000,2816.6000,2816.4000,2816.2000,2819.6000,2820.4000,2821.0000,2822.0000,2822.4000,3,1,1,2,1,2,1,1,3,1
SF,IH2006,2020-02-07 09:30:41.300,2816.8000,10821,0,51603900.000,0,-,-,-,-,2817.2000,2817.0000,2816.6000,2816.4000,2816.2000,2819.6000,2820.4000,2821.0000,2822.0000,2822.4000,2,1,1,2,1,1,1,1,3,1
SF,IH2006,2020-02-07 09:30:41.800,2816.8000,10821,0,51603900.000,0,-,-,-,-,2817.2000,2817.0000,2816.6000,2816.4000,2816.2000,2819.6000,2820.4000,2821.0000,2822.0000,2822.4000,2,1,1,2,1,2,1,1,3,1
SF,IH2006,2020-02-07 09:30:42.300,2816.8000,10821,0,51603900.000,0,-,-,-,-,2817.2000,2817.0000,2816.6000,2816.4000,2816.2000,2819.6000,2820.4000,2821.0000,2822.0000,2822.4000,2,1,1,2,1,1,1,1,3,1
SF,IH2006,2020-02-07 09:30:42.800,2816.8000,10821,0,51603900.000,0,-,-,-,-,2817.2000,2817.0000,2816.6000,2816.4000,2816.2000,2819.6000,2820.4000,2821.0000,2822.0000,2822.4000,2,1,1,2,1,1,1,1,3,1
SF,IH2006,2020-02-07 09:30:43.300,2816.8000,10821,0,51603900.000,0,-,-,-,-,2817.2000,2817.0000,2816.6000,2816.4000,2816.2000,2820.4000,2821.0000,2822.0000,2822.4000,2823.0000,2,1,1,2,1,1,1,3,1,1
SF,IH2006,2020-02-07 09:30:43.800,2816.8000,10821,0,51603900.000,0,-,-,-,-,2817.2000,2817.0000,2816.6000,2816.4000,2816.2000,2820.2000,2820.4000,2821.0000,2822.0000,2822.4000,2,1,1,2,1,1,2,1,3,1
SF,IH2006,2020-02-07 09:30:44.300,2816.8000,10821,0,51603900.000,0,-,-,-,-,2817.4000,2817.2000,2817.0000,2816.6000,2816.4000,2820.2000,2820.4000,2822.0000,2822.4000,2823.0000,1,2,1,1,2,1,1,2,1,1
SF,IH2006,2020-02-07 09:30:44.800,2817.2000,10820,-1,52449060.000,1,0,1,双平,S,2817.6000,2817.4000,2817.0000,2816.4000,2816.2000,2820.2000,2822.0000,2822.4000,2823.0000,2823.2000,2,1,1,2,1,1,2,1,1,1
SF,IH2006,2020-02-07 09:30:45.300,2817.2000,10820,0,52449060.000,0,-,-,-,-,2817.6000,2817.4000,2817.0000,2816.4000,2816.2000,2820.2000,2822.0000,2822.4000,2823.0000,2823.2000,1,1,1,2,1,1,2,1,1,1
SF,IH2006,2020-02-07 09:30:45.800,2817.2000,10820,0,52449060.000,0,-,-,-,-,2817.6000,2817.4000,2817.0000,2816.8000,2816.4000,2820.2000,2822.0000,2822.4000,2823.0000,2823.2000,1,1,1,1,2,1,2,1,1,1
SF,IH2006,2020-02-07 09:30:46.300,2817.4000,10818,-2,54139500.000,2,0,2,双平,S,2817.0000,2816.8000,2816.4000,2816.2000,2816.0000,2817.4000,2820.0000,2820.2000,2822.0000,2822.4000,1,1,2,1,2,5,1,1,2,1
SF,IH2006,2020-02-07 09:30:46.800,2817.4000,10815,-3,58365600.000,5,1,4,多平,S,2817.4000,2817.2000,2817.0000,2816.8000,2816.4000,2820.0000,2822.0000,2822.4000,2823.0000,2823.2000,1,1,1,1,2,1,2,1,1,1
SF,IH2006,2020-02-07 09:30:47.300,2817.4000,10815,0,58365600.000,0,-,-,-,-,2817.0000,2816.8000,2816.4000,2816.2000,2816.0000,2819.8000,2820.0000,2822.0000,2822.4000,2823.0000,1,1,2,1,2,2,2,2,1,1
SF,IH2006,2020-02-07 09:30:47.800,2817.4000,10815,0,58365600.000,0,-,-,-,-,2817.4000,2817.0000,2816.8000,2816.4000,2816.2000,2819.6000,2819.8000,2820.0000,2822.0000,2822.4000,1,1,1,2,1,2,2,1,2,1
SF,IH2006,2020-02-07 09:30:48.300,2817.4000,10815,0,58365600.000,0,-,-,-,-,2817.4000,2817.0000,2816.8000,2816.4000,2816.2000,2819.4000,2819.6000,2820.0000,2822.0000,2822.4000,1,1,1,2,1,1,2,1,2,1
SF,IH2006,2020-02-07 09:30:48.800,2817.4000,10815,0,58365600.000,0,-,-,-,-,2817.4000,2817.0000,2816.8000,2816.4000,2816.2000,2819.2000,2819.4000,2820.0000,2822.0000,2822.4000,1,1,1,2,1,1,1,1,2,1
SF,IH2006,2020-02-07 09:30:49.300,2817.4000,10815,0,59210820.000,1,0,1,多换,S,2817.0000,2816.8000,2816.4000,2816.2000,2816.0000,2819.2000,2819.4000,2820.0000,2822.0000,2822.4000,1,1,2,1,3,1,1,1,2,1
SF,IH2006,2020-02-07 09:30:49.800,2817.4000,10815,0,59210820.000,0,-,-,-,-,2817.0000,2816.8000,2816.4000,2816.2000,2816.0000,2819.0000,2819.2000,2820.0000,2822.0000,2822.4000,1,1,2,1,3,1,1,1,2,1
SF,IH2006,2020-02-07 09:30:50.300,2818.8000,10814,-1,60056460.000,1,0,1,双平,S,2817.0000,2816.8000,2816.4000,2816.2000,2816.0000,2817.4000,2819.0000,2820.0000,2822.0000,2822.4000,1,1,2,1,3,1,1,1,2,1
SF,IH2006,2020-02-07 09:30:50.800,2817.4000,10813,-1,60901680.000,1,0,1,双平,S,2817.0000,2816.8000,2816.4000,2816.2000,2816.0000,2820.0000,2822.0000,2822.4000,2823.0000,2823.2000,1,1,2,1,3,1,2,1,1,1
SF,IH2006,2020-02-07 09:30:51.300,2817.4000,10813,0,60901680.000,0,-,-,-,-,2817.0000,2816.8000,2816.4000,2816.2000,2816.0000,2819.6000,2819.8000,2820.0000,2822.0000,2822.4000,2,1,3,1,3,1,1,1,2,1
SF,IH2006,2020-02-07 09:30:51.800,2817.4000,10813,0,60901680.000,0,-,-,-,-,2817.2000,2817.0000,2816.8000,2816.4000,2816.2000,2819.4000,2819.6000,2820.0000,2822.0000,2822.4000,1,2,1,3,1,2,2,1,2,1
SF,IH2006,2020-02-07 09:30:52.300,2817.2000,10813,0,61746840.000,1,0,1,多换,S,2817.0000,2816.8000,2816.4000,2816.2000,2816.0000,2819.2000,2819.4000,2819.6000,2820.0000,2822.0000,2,1,3,1,3,1,2,1,1,2
SF,IH2006,2020-02-07 09:30:52.800,2817.2000,10813,0,61746840.000,0,-,-,-,-,2817.0000,2816.8000,2816.4000,2816.2000,2816.0000,2819.0000,2819.2000,2819.4000,2819.6000,2820.0000,2,1,3,1,3,2,1,1,1,1
SF,IH2006,2020-02-07 09:30:53.300,2817.2000,10813,0,61746840.000,0,-,-,-,-,2817.0000,2816.8000,2816.4000,2816.2000,2816.0000,2818.8000,2819.0000,2819.4000,2819.6000,2820.0000,2,1,3,1,3,1,2,1,1,1
SF,IH2006,2020-02-07 09:30:53.800,2817.2000,10813,0,61746840.000,0,-,-,-,-,2817.0000,2816.8000,2816.4000,2816.2000,2816.0000,2818.6000,2818.8000,2819.0000,2819.4000,2819.6000,2,1,3,1,3,1,3,1,1,1
SF,IH2006,2020-02-07 09:30:54.300,2817.2000,10813,0,61746840.000,0,-,-,-,-,2817.0000,2816.8000,2816.4000,2816.2000,2816.0000,2818.2000,2818.6000,2818.8000,2819.0000,2819.4000,2,1,3,1,3,1,2,3,1,1
SF,IH2006,2020-02-07 09:30:54.800,2817.2000,10813,0,61746840.000,0,-,-,-,-,2817.0000,2816.8000,2816.4000,2816.2000,2816.0000,2818.2000,2818.6000,2818.8000,2819.0000,2819.4000,2,1,3,1,3,1,2,3,1,1
SF,IH2006,2020-02-07 09:30:55.300,2817.2000,10813,0,61746840.000,0,-,-,-,-,2817.0000,2816.8000,2816.4000,2816.2000,2816.0000,2818.2000,2818.6000,2818.8000,2819.0000,2819.4000,2,1,3,1,3,3,2,3,1,1
SF,IH2006,2020-02-07 09:30:55.800,2817.2000,10813,0,61746840.000,0,-,-,-,-,2817.0000,2816.8000,2816.4000,2816.2000,2816.0000,2818.2000,2818.6000,2818.8000,2819.0000,2819.4000,2,1,3,1,3,3,2,3,1,1
SF,IH2006,2020-02-07 09:30:56.300,2817.2000,10813,0,61746840.000,0,-,-,-,-,2817.0000,2816.8000,2816.4000,2816.2000,2816.0000,2818.0000,2818.2000,2818.6000,2818.8000,2819.0000,3,1,3,1,3,1,3,1,3,1
SF,IH2006,2020-02-07 09:30:56.800,2817.0000,10812,-1,63437040.000,2,0,2,多平,S,2817.2000,2817.0000,2816.8000,2816.4000,2816.2000,2818.0000,2818.2000,2818.6000,2818.8000,2819.0000,1,1,1,3,1,1,3,1,3,1
SF,IH2006,2020-02-07 09:30:57.300,2817.0000,10813,1,65127240.000,2,1,1,空开,S,2817.0000,2816.8000,2816.4000,2816.2000,2816.0000,2818.0000,2818.2000,2818.6000,2818.8000,2819.4000,1,1,3,1,3,1,2,1,3,1
SF,IH2006,2020-02-07 09:30:57.800,2817.0000,10812,-1,65972340.000,1,0,1,双平,S,2817.2000,2816.8000,2816.4000,2816.2000,2816.0000,2818.0000,2818.2000,2818.6000,2818.8000,2819.4000,1,1,3,1,3,1,2,1,3,1
SF,IH2006,2020-02-07 09:30:58.300,2817.2000,10811,-1,66817500.000,1,0,1,双平,S,2816.8000,2816.4000,2816.2000,2816.0000,2815.0000,2818.0000,2818.2000,2818.6000,2818.8000,2819.4000,1,3,1,3,2,1,3,1,3,1
SF,IH2006,2020-02-07 09:30:58.800,2817.2000,10811,0,66817500.000,0,-,-,-,-,2816.8000,2816.4000,2816.2000,2816.0000,2815.0000,2818.0000,2818.2000,2818.6000,2818.8000,2819.4000,1,3,1,3,2,1,3,1,3,1
SF,IH2006,2020-02-07 09:30:59.300,2818.0000,10810,-1,67662900.000,1,0,1,双平,S,2818.0000,2816.8000,2816.4000,2816.2000,2816.0000,2818.2000,2818.6000,2818.8000,2819.4000,2820.0000,1,1,3,1,3,3,1,3,1,2
SF,IH2006,2020-02-07 09:30:59.800,2818.0000,10809,-1,68508300.000,1,0,1,双平,S,2816.8000,2816.4000,2816.2000,2816.0000,2815.0000,2818.0000,2818.2000,2818.6000,2818.8000,2819.4000,1,3,1,3,2,1,3,1,2,1
SF,IH2006,2020-02-07 09:31:00.300,2818.0000,10809,0,68508300.000,0,-,-,-,-,2816.8000,2816.4000,2816.2000,2816.0000,2815.0000,2817.2000,2818.0000,2818.2000,2818.6000,2818.8000,1,3,1,3,2,2,1,4,1,2
SF,IH2006,2020-02-07 09:31:00.800,2818.0000,10809,0,68508300.000,0,-,-,-,-,2816.8000,2816.4000,2816.2000,2816.0000,2815.0000,2817.2000,2818.0000,2818.2000,2818.6000,2818.8000,1,3,1,3,2,2,1,3,1,2
SF,IH2006,2020-02-07 09:31:01.300,2817.4000,10811,2,70198740.000,2,2,0,双开,S,2816.8000,2816.4000,2816.2000,2816.0000,2815.0000,2817.8000,2818.0000,2818.2000,2818.6000,2818.8000,1,3,1,3,2,1,1,2,1,2
SF,IH2006,2020-02-07 09:31:02.300,2817.8000,10810,-1,71044080.000,1,0,1,双平,S,2816.8000,2816.4000,2816.2000,2816.0000,2815.0000,2818.0000,2818.2000,2818.6000,2818.8000,2820.0000,1,3,1,3,2,1,2,1,2,2
SF,IH2006,2020-02-07 09:31:02.800,2817.8000,10810,0,71044080.000,0,-,-,-,-,2816.8000,2816.4000,2816.2000,2816.0000,2815.0000,2818.0000,2818.2000,2818.6000,2818.8000,2820.0000,1,3,1,3,2,1,3,1,2,2
SF,IH2006,2020-02-07 09:31:03.300,2817.8000,10810,0,71044080.000,0,-,-,-,-,2816.8000,2816.4000,2816.2000,2816.0000,2815.0000,2818.2000,2818.6000,2818.8000,2820.0000,2822.0000,1,3,1,3,2,3,1,2,2,1
SF,IH2006,2020-02-07 09:31:03.800,2817.8000,10810,0,71044080.000,0,-,-,-,-,2816.8000,2816.4000,2816.2000,2816.0000,2815.0000,2818.2000,2818.6000,2818.8000,2820.0000,2822.0000,1,3,1,3,2,3,1,2,2,1
SF,IH2006,2020-02-07 09:31:04.300,2817.8000,10810,0,71044080.000,0,-,-,-,-,2816.8000,2816.4000,2816.2000,2816.0000,2815.0000,2818.2000,2818.6000,2818.8000,2820.0000,2822.0000,1,3,1,3,2,2,1,2,2,1
SF,IH2006,2020-02-07 09:31:05.300,2818.2000,10809,-1,71889540.000,1,0,1,双平,S,2816.8000,2816.4000,2816.2000,2816.0000,2815.0000,2818.2000,2818.6000,2818.8000,2820.0000,2822.0000,1,3,1,3,2,1,1,2,2,1
SF,IH2006,2020-02-07 09:31:05.800,2816.8000,10808,-1,72734580.000,1,0,1,双平,S,2816.4000,2816.2000,2816.0000,2815.0000,2811.8000,2818.2000,2818.6000,2818.8000,2820.0000,2822.0000,3,1,3,2,1,1,1,2,2,1
SF,IH2006,2020-02-07 09:31:06.300,2816.8000,10808,0,72734580.000,0,-,-,-,-,2817.0000,2816.4000,2816.2000,2816.0000,2815.0000,2818.0000,2818.2000,2818.6000,2818.8000,2820.0000,1,3,1,3,2,2,2,1,3,2
SF,IH2006,2020-02-07 09:31:06.800,2817.0000,10808,0,73579680.000,1,0,1,多换,S,2816.4000,2816.2000,2816.0000,2815.0000,2811.8000,2818.0000,2818.2000,2818.6000,2818.8000,2820.0000,3,1,3,2,1,1,2,1,3,2
SF,IH2006,2020-02-07 09:31:07.300,2817.0000,10808,0,73579680.000,0,-,-,-,-,2816.4000,2816.2000,2816.0000,2815.0000,2811.8000,2818.2000,2818.6000,2818.8000,2820.0000,2822.0000,3,1,3,2,1,1,1,3,2,1
SF,IH2006,2020-02-07 09:31:07.800,2817.0000,10808,0,73579680.000,0,-,-,-,-,2816.4000,2816.2000,2816.0000,2815.0000,2811.8000,2818.0000,2818.2000,2818.6000,2818.8000,2820.0000,3,1,3,2,1,1,1,1,3,2
SF,IH2006,2020-02-07 09:31:09.300,2818.0000,10807,-1,74425080.000,1,0,1,双平,S,2816.4000,2816.2000,2816.0000,2815.0000,2811.8000,2818.2000,2818.6000,2818.8000,2820.0000,2822.0000,3,1,3,2,1,1,1,3,2,1
SF,IH2006,2020-02-07 09:31:09.800,2816.4000,10806,-1,76114980.000,2,0,2,多平,S,2816.4000,2816.2000,2816.0000,2815.0000,2811.8000,2818.2000,2818.8000,2820.0000,2822.0000,2823.2000,2,1,3,2,1,1,3,2,1,1
SF,IH2006,2020-02-07 09:31:10.300,2816.4000,10806,0,76114980.000,0,-,-,-,-,2816.4000,2816.2000,2816.0000,2815.0000,2811.8000,2818.2000,2818.8000,2820.0000,2822.0000,2823.2000,2,1,3,2,1,1,3,2,1,1
SF,IH2006,2020-02-07 09:31:10.800,2816.4000,10806,0,76114980.000,0,-,-,-,-,2816.6000,2816.4000,2816.2000,2816.0000,2815.0000,2818.8000,2820.0000,2822.0000,2823.2000,2824.2000,2,2,1,3,2,1,2,1,1,3
SF,IH2006,2020-02-07 09:31:11.300,2816.4000,10806,0,76114980.000,0,-,-,-,-,2816.6000,2816.4000,2816.2000,2816.0000,2815.0000,2818.8000,2820.0000,2822.0000,2823.2000,2824.2000,2,2,1,3,2,1,2,1,1,3
SF,IH2006,2020-02-07 09:31:11.800,2816.4000,10806,0,76114980.000,0,-,-,-,-,2816.6000,2816.4000,2816.2000,2816.0000,2815.0000,2818.8000,2820.0000,2822.0000,2823.2000,2824.2000,2,2,1,3,2,1,2,1,1,3
SF,IH2006,2020-02-07 09:31:12.300,2816.4000,10806,0,76114980.000,0,-,-,-,-,2816.6000,2816.4000,2816.2000,2816.0000,2815.0000,2818.8000,2820.0000,2822.0000,2823.2000,2824.2000,2,2,1,3,2,1,2,1,1,3
SF,IH2006,2020-02-07 09:31:12.800,2816.4000,10806,0,76114980.000,0,-,-,-,-,2816.6000,2816.4000,2816.2000,2816.0000,2815.0000,2818.6000,2818.8000,2820.0000,2822.0000,2823.2000,2,2,1,3,2,1,3,2,1,1
SF,IH2006,2020-02-07 09:31:13.300,2816.4000,10806,0,76114980.000,0,-,-,-,-,2816.6000,2816.4000,2816.2000,2816.0000,2815.0000,2818.8000,2820.0000,2822.0000,2823.2000,2824.2000,2,2,1,3,2,1,2,1,1,3
SF,IH2006,2020-02-07 09:31:13.800,2816.4000,10806,0,76114980.000,0,-,-,-,-,2816.6000,2816.4000,2816.2000,2816.0000,2815.0000,2818.8000,2820.0000,2822.0000,2823.2000,2824.2000,2,2,1,3,2,1,2,1,1,3
SF,IH2006,2020-02-07 09:31:14.300,2816.4000,10806,0,76114980.000,0,-,-,-,-,2816.6000,2816.4000,2816.2000,2816.0000,2815.0000,2818.8000,2820.0000,2822.0000,2823.2000,2824.2000,2,2,1,3,2,1,2,1,1,3
SF,IH2006,2020-02-07 09:31:14.800,2816.6000,10805,-1,76959960.000,1,0,1,双平,S,2816.6000,2816.4000,2816.2000,2816.0000,2815.0000,2818.8000,2820.0000,2822.0000,2823.2000,2824.2000,2,2,1,3,2,1,2,1,1,3
SF,IH2006,2020-02-07 09:31:15.300,2816.6000,10805,0,76959960.000,0,-,-,-,-,2816.6000,2816.4000,2816.2000,2816.0000,2815.0000,2818.8000,2820.0000,2822.0000,2823.2000,2824.2000,2,2,1,3,2,1,2,1,1,3
SF,IH2006,2020-02-07 09:31:17.800,2816.6000,10805,0,76959960.000,0,-,-,-,-,2816.6000,2816.4000,2816.2000,2816.0000,2815.0000,2818.8000,2820.0000,2822.0000,2823.2000,2824.2000,2,3,1,3,2,1,2,1,1,3
SF,IH2006,2020-02-07 09:31:19.800,2816.6000,10805,0,76959960.000,0,-,-,-,-,2817.0000,2816.6000,2816.4000,2816.2000,2816.0000,2818.8000,2820.0000,2822.0000,2823.2000,2824.2000,1,2,3,1,3,1,2,1,1,3
SF,IH2006,2020-02-07 09:31:20.300,2816.6000,10805,0,76959960.000,0,-,-,-,-,2817.2000,2817.0000,2816.6000,2816.4000,2816.2000,2818.6000,2818.8000,2820.0000,2822.0000,2823.2000,1,1,1,3,1,1,3,2,1,1
SF,IH2006,2020-02-07 09:31:20.800,2817.2000,10804,-1,77805120.000,1,0,1,双平,S,2817.0000,2816.4000,2816.2000,2816.0000,2815.0000,2818.6000,2818.8000,2820.0000,2822.0000,2823.2000,1,3,1,3,2,1,1,2,1,1
SF,IH2006,2020-02-07 09:31:21.300,2817.2000,10804,0,77805120.000,0,-,-,-,-,2817.0000,2816.4000,2816.2000,2816.0000,2815.0000,2818.6000,2818.8000,2820.0000,2822.0000,2823.2000,1,3,1,3,2,2,2,2,1,1
SF,IH2006,2020-02-07 09:31:21.800,2817.2000,10804,0,77805120.000,0,-,-,-,-,2817.0000,2816.4000,2816.2000,2816.0000,2815.0000,2818.2000,2818.4000,2818.6000,2818.8000,2820.0000,1,3,1,3,2,1,1,3,2,2
SF,IH2006,2020-02-07 09:31:22.300,2817.2000,10804,0,77805120.000,0,-,-,-,-,2817.0000,2816.4000,2816.2000,2816.0000,2815.0000,2818.6000,2818.8000,2820.0000,2822.0000,2823.2000,1,2,1,3,2,2,2,2,1,1
SF,IH2006,2020-02-07 09:31:22.800,2817.2000,10804,0,77805120.000,0,-,-,-,-,2817.0000,2816.4000,2816.2000,2816.0000,2815.0000,2818.2000,2818.6000,2818.8000,2820.0000,2822.0000,1,2,1,3,2,1,3,2,2,1
SF,IH2006,2020-02-07 09:31:23.300,2817.2000,10804,0,77805120.000,0,-,-,-,-,2817.0000,2816.4000,2816.2000,2816.0000,2815.0000,2818.6000,2818.8000,2820.0000,2822.0000,2823.2000,2,2,1,3,2,1,1,2,1,1
SF,IH2006,2020-02-07 09:31:23.800,2817.2000,10804,0,77805120.000,0,-,-,-,-,2817.0000,2816.4000,2816.2000,2816.0000,2815.0000,2818.6000,2818.8000,2820.0000,2822.0000,2823.2000,2,2,1,4,2,1,1,2,1,1
SF,IH2006,2020-02-07 09:31:24.300,2817.2000,10804,0,77805120.000,0,-,-,-,-,2817.0000,2816.4000,2816.2000,2816.0000,2815.0000,2818.2000,2818.6000,2818.8000,2820.0000,2822.0000,2,2,1,4,2,1,3,2,2,1
SF,IH2006,2020-02-07 09:31:24.800,2817.0000,10805,1,79495320.000,2,1,1,空开,S,2816.4000,2816.2000,2816.0000,2815.0000,2811.8000,2818.2000,2818.6000,2818.8000,2820.0000,2822.0000,2,1,4,2,1,2,3,2,2,1
SF,IH2006,2020-02-07 09:31:25.300,2817.0000,10805,0,79495320.000,0,-,-,-,-,2816.4000,2816.2000,2816.0000,2815.0000,2811.8000,2818.0000,2818.2000,2818.6000,2818.8000,2820.0000,2,1,4,2,1,2,2,3,2,2
SF,IH2006,2020-02-07 09:31:25.800,2817.0000,10805,0,79495320.000,0,-,-,-,-,2816.4000,2816.2000,2816.0000,2815.0000,2811.8000,2818.0000,2818.2000,2818.6000,2818.8000,2820.0000,2,1,4,2,1,3,1,3,2,2
SF,IH2006,2020-02-07 09:31:26.300,2817.0000,10805,0,79495320.000,0,-,-,-,-,2816.4000,2816.2000,2816.0000,2815.0000,2811.8000,2818.0000,2818.2000,2818.6000,2818.8000,2820.0000,2,1,4,2,1,3,1,3,2,2
SF,IH2006,2020-02-07 09:31:26.800,2817.0000,10805,0,79495320.000,0,-,-,-,-,2816.4000,2816.2000,2816.0000,2815.0000,2811.8000,2818.0000,2818.2000,2818.6000,2818.8000,2820.0000,2,1,4,2,1,3,2,3,2,2
SF,IH2006,2020-02-07 09:31:27.300,2816.4000,10805,0,81185160.000,2,1,1,多换,S,2816.2000,2816.0000,2815.0000,2811.8000,2811.4000,2816.8000,2818.0000,2818.2000,2818.6000,2818.8000,1,4,2,1,1,1,3,1,3,2
SF,IH2006,2020-02-07 09:31:27.800,2816.0000,10803,-2,82874820.000,2,0,2,双平,S,2816.0000,2815.0000,2811.8000,2811.4000,2811.0000,2818.0000,2818.2000,2818.6000,2818.8000,2820.0000,3,2,1,1,1,3,1,3,2,2
SF,IH2006,2020-02-07 09:31:28.300,2816.0000,10803,0,82874820.000,0,-,-,-,-,2816.0000,2815.0000,2811.8000,2811.4000,2811.0000,2816.8000,2817.6000,2818.0000,2818.2000,2818.6000,3,2,1,1,1,1,1,3,1,3
SF,IH2006,2020-02-07 09:31:28.800,2816.0000,10803,0,82874820.000,0,-,-,-,-,2816.0000,2815.0000,2811.8000,2811.4000,2811.0000,2816.8000,2817.6000,2818.0000,2818.6000,2818.8000,3,2,1,1,1,3,1,3,3,2
SF,IH2006,2020-02-07 09:31:29.300,2816.0000,10803,0,82874820.000,0,-,-,-,-,2816.0000,2815.0000,2811.8000,2811.4000,2811.0000,2816.8000,2817.6000,2818.0000,2818.6000,2818.8000,3,2,1,1,1,3,1,3,3,2
SF,IH2006,2020-02-07 09:31:29.800,2816.0000,10803,0,85409220.000,3,1,2,多换,S,2815.0000,2811.8000,2811.4000,2811.0000,2810.0000,2816.8000,2817.6000,2818.0000,2818.6000,2818.8000,2,1,1,1,3,3,1,3,3,2
SF,IH2006,2020-02-07 09:31:30.300,2816.6000,10803,0,86254200.000,1,0,1,多换,S,2815.0000,2811.8000,2811.4000,2811.0000,2810.0000,2816.8000,2817.6000,2818.0000,2818.6000,2818.8000,2,1,1,1,3,3,1,2,3,2
SF,IH2006,2020-02-07 09:31:30.800,2816.6000,10803,0,86254200.000,0,-,-,-,-,2815.0000,2811.8000,2811.4000,2811.0000,2810.0000,2816.6000,2816.8000,2817.6000,2818.0000,2818.6000,2,1,1,1,3,1,3,1,2,3
SF,IH2006,2020-02-07 09:31:31.300,2815.0000,10802,-1,87098700.000,1,0,1,双平,S,2815.0000,2811.8000,2811.4000,2811.0000,2810.0000,2816.0000,2816.6000,2816.8000,2817.6000,2818.0000,1,1,1,1,3,2,1,3,1,2
SF,IH2006,2020-02-07 09:31:31.800,2816.0000,10802,0,87943500.000,1,0,1,多换,S,2815.0000,2811.8000,2811.4000,2811.0000,2810.0000,2816.0000,2816.6000,2816.8000,2817.6000,2818.0000,1,1,1,1,3,1,1,3,1,2
SF,IH2006,2020-02-07 09:31:32.800,2816.0000,10802,0,87943500.000,0,-,-,-,-,2815.0000,2811.8000,2811.4000,2811.0000,2810.0000,2816.0000,2816.6000,2816.8000,2817.6000,2818.0000,1,1,1,1,3,1,1,3,1,2
SF,IH2006,2020-02-07 09:31:33.300,2816.0000,10800,-2,89633100.000,2,0,2,双平,S,2816.4000,2815.0000,2811.8000,2811.4000,2811.0000,2816.6000,2816.8000,2817.6000,2818.0000,2818.6000,1,1,1,1,1,1,2,1,2,1
SF,IH2006,2020-02-07 09:31:33.800,2816.0000,10800,0,89633100.000,0,-,-,-,-,2816.4000,2815.0000,2811.8000,2811.4000,2811.0000,2816.6000,2816.8000,2818.0000,2818.6000,2818.8000,1,1,1,1,1,1,2,2,1,2
SF,IH2006,2020-02-07 09:31:34.300,2816.6000,10799,-1,90478080.000,1,0,1,双平,S,2816.4000,2815.0000,2811.8000,2811.4000,2811.0000,2818.0000,2818.6000,2818.8000,2819.0000,2820.0000,1,1,1,1,1,2,1,2,1,1
SF,IH2006,2020-02-07 09:31:34.800,2816.6000,10799,0,90478080.000,0,-,-,-,-,2816.4000,2815.0000,2811.8000,2811.4000,2811.0000,2817.8000,2818.0000,2818.2000,2818.6000,2818.8000,1,1,1,1,1,1,2,2,1,2
SF,IH2006,2020-02-07 09:31:37.300,2816.6000,10799,0,90478080.000,0,-,-,-,-,2816.4000,2815.8000,2815.0000,2811.8000,2811.4000,2817.0000,2817.8000,2818.0000,2818.2000,2818.6000,1,1,1,1,1,1,1,2,2,1
SF,IH2006,2020-02-07 09:31:37.800,2816.8000,10799,0,91323120.000,1,0,1,多换,S,2816.4000,2815.8000,2815.0000,2811.8000,2811.4000,2817.0000,2817.8000,2818.0000,2818.2000,2818.6000,1,1,1,1,1,2,1,2,1,1
SF,IH2006,2020-02-07 09:31:39.300,2816.4000,10798,-1,92168040.000,1,0,1,双平,S,2815.8000,2815.0000,2811.8000,2811.4000,2811.0000,2817.0000,2817.8000,2818.0000,2818.2000,2818.6000,1,1,1,1,1,2,1,2,1,1
SF,IH2006,2020-02-07 09:31:39.800,2816.4000,10798,0,92168040.000,0,-,-,-,-,2815.8000,2815.0000,2811.8000,2811.4000,2811.0000,2817.0000,2817.8000,2818.0000,2818.2000,2818.6000,1,1,1,1,1,2,1,2,1,1
SF,IH2006,2020-02-07 09:31:40.300,2816.4000,10798,0,92168040.000,0,-,-,-,-,2815.8000,2815.0000,2811.8000,2811.4000,2811.0000,2816.8000,2817.0000,2817.8000,2818.0000,2818.6000,1,1,1,1,1,1,2,1,2,1
SF,IH2006,2020-02-07 09:31:40.800,2816.4000,10798,0,92168040.000,0,-,-,-,-,2815.8000,2815.0000,2811.8000,2811.4000,2811.0000,2816.8000,2817.0000,2817.8000,2818.0000,2818.6000,1,1,1,1,1,1,2,1,2,1
SF,IH2006,2020-02-07 09:31:41.300,2816.4000,10798,0,92168040.000,0,-,-,-,-,2815.8000,2815.0000,2811.8000,2811.4000,2811.0000,2816.8000,2817.0000,2817.8000,2818.0000,2818.6000,1,1,1,1,1,1,2,1,2,1
SF,IH2006,2020-02-07 09:31:41.800,2816.4000,10798,0,92168040.000,0,-,-,-,-,2815.8000,2815.0000,2811.8000,2811.4000,2811.0000,2816.0000,2816.8000,2817.0000,2817.8000,2818.0000,1,1,1,1,1,1,1,2,1,2
SF,IH2006,2020-02-07 09:31:42.300,2816.4000,10798,0,93012960.000,1,0,1,多换,S,2815.8000,2815.0000,2811.8000,2811.4000,2811.0000,2816.0000,2816.8000,2817.0000,2818.0000,2818.6000,1,1,1,1,1,1,1,2,2,1
SF,IH2006,2020-02-07 09:31:42.800,2816.0000,10797,-1,93857760.000,1,0,1,双平,S,2816.0000,2815.8000,2815.0000,2811.8000,2811.4000,2816.8000,2817.0000,2818.0000,2818.6000,2818.8000,1,1,1,1,1,1,2,2,1,2
SF,IH2006,2020-02-07 09:31:43.300,2816.0000,10797,0,93857760.000,0,-,-,-,-,2816.0000,2815.8000,2815.0000,2811.8000,2811.4000,2816.8000,2817.0000,2818.0000,2818.6000,2818.8000,1,1,2,1,1,1,2,2,1,2
SF,IH2006,2020-02-07 09:31:44.300,2816.0000,10797,0,93857760.000,0,-,-,-,-,2816.0000,2815.8000,2815.0000,2811.8000,2811.4000,2817.0000,2818.0000,2818.6000,2818.8000,2819.0000,1,1,2,1,1,2,2,1,2,1
SF,IH2006,2020-02-07 09:31:44.800,2816.0000,10797,0,93857760.000,0,-,-,-,-,2816.0000,2815.8000,2815.0000,2811.8000,2811.4000,2816.8000,2817.0000,2818.0000,2818.6000,2818.8000,1,1,2,1,1,1,2,2,1,2
SF,IH2006,2020-02-07 09:31:45.300,2816.0000,10797,0,93857760.000,0,-,-,-,-,2816.0000,2815.8000,2815.0000,2811.8000,2811.4000,2816.8000,2817.0000,2818.0000,2818.6000,2818.8000,1,1,2,1,1,1,2,1,1,2
SF,IH2006,2020-02-07 09:31:45.800,2816.0000,10797,0,93857760.000,0,-,-,-,-,2816.0000,2815.8000,2815.0000,2811.8000,2811.4000,2816.8000,2817.0000,2818.0000,2818.6000,2818.8000,1,1,2,1,1,1,2,1,1,2
SF,IH2006,2020-02-07 09:31:46.300,2816.0000,10797,0,93857760.000,0,-,-,-,-,2816.0000,2815.8000,2815.0000,2811.8000,2811.4000,2817.0000,2818.0000,2818.6000,2818.8000,2819.0000,1,1,2,1,1,2,1,1,2,1
SF,IH2006,2020-02-07 09:31:46.800,2816.0000,10797,0,93857760.000,0,-,-,-,-,2816.0000,2815.8000,2815.0000,2811.8000,2811.4000,2816.8000,2817.0000,2818.0000,2818.6000,2818.8000,1,1,2,1,1,1,2,1,1,2
SF,IH2006,2020-02-07 09:31:47.800,2816.8000,10798,1,95547840.000,2,1,1,空开,S,2816.0000,2815.8000,2815.0000,2811.8000,2811.4000,2817.0000,2818.0000,2818.6000,2818.8000,2819.0000,1,1,2,1,1,2,1,1,2,1
SF,IH2006,2020-02-07 09:31:48.300,2816.8000,10798,0,95547840.000,0,-,-,-,-,2816.0000,2815.8000,2815.0000,2811.8000,2811.4000,2817.0000,2818.0000,2818.6000,2818.8000,2819.0000,1,1,2,1,1,2,1,1,2,1
SF,IH2006,2020-02-07 09:31:48.800,2817.0000,10796,-2,97238040.000,2,0,2,双平,S,2816.0000,2815.8000,2815.0000,2811.8000,2811.4000,2818.0000,2818.6000,2818.8000,2819.0000,2820.0000,1,1,2,1,1,1,1,2,1,1
SF,IH2006,2020-02-07 09:31:49.300,2817.0000,10796,0,97238040.000,0,-,-,-,-,2816.2000,2816.0000,2815.8000,2815.0000,2811.8000,2818.0000,2818.6000,2818.8000,2819.0000,2820.0000,4,1,1,2,1,1,1,2,1,1
SF,IH2006,2020-02-07 09:31:49.800,2817.0000,10796,0,97238040.000,0,-,-,-,-,2816.2000,2816.0000,2815.8000,2815.0000,2811.8000,2817.0000,2818.0000,2818.6000,2818.8000,2819.0000,4,2,1,2,1,1,1,1,2,1
SF,IH2006,2020-02-07 09:31:50.300,2817.0000,10796,0,98083140.000,1,0,1,多换,S,2817.0000,2816.4000,2816.2000,2816.0000,2815.8000,2818.0000,2818.6000,2818.8000,2819.0000,2820.0000,2,1,3,2,1,1,1,2,1,1
SF,IH2006,2020-02-07 09:31:50.800,2817.0000,10796,0,98083140.000,0,-,-,-,-,2817.2000,2817.0000,2816.4000,2816.2000,2816.0000,2818.0000,2818.6000,2818.8000,2819.0000,2820.0000,1,2,1,2,2,1,1,2,1,1
SF,IH2006,2020-02-07 09:31:51.300,2818.0000,10795,-1,98928540.000,1,0,1,双平,S,2817.2000,2817.0000,2816.4000,2816.2000,2816.0000,2818.8000,2819.0000,2820.0000,2822.0000,2824.2000,1,2,1,2,2,2,1,1,1,1
SF,IH2006,2020-02-07 09:31:51.800,2818.0000,10795,0,98928540.000,0,-,-,-,-,2817.2000,2817.0000,2816.2000,2816.0000,2815.8000,2818.8000,2819.0000,2820.0000,2822.0000,2824.2000,1,2,1,2,1,1,1,1,1,1
SF,IH2006,2020-02-07 09:31:52.300,2818.0000,10795,0,98928540.000,0,-,-,-,-,2817.6000,2817.4000,2817.2000,2817.0000,2816.2000,2818.8000,2819.0000,2820.0000,2822.0000,2824.2000,1,1,1,2,1,1,1,1,1,1
SF,IH2006,2020-02-07 09:31:52.800,2818.0000,10795,0,98928540.000,0,-,-,-,-,2818.0000,2817.8000,2817.6000,2817.4000,2817.0000,2818.8000,2819.0000,2820.0000,2822.0000,2824.2000,1,1,1,1,2,1,1,1,1,1
SF,IH2006,2020-02-07 09:31:53.300,2818.0000,10795,0,98928540.000,0,-,-,-,-,2818.2000,2818.0000,2817.4000,2817.0000,2816.2000,2818.8000,2819.0000,2820.0000,2822.0000,2824.2000,1,1,1,2,1,1,1,1,1,1
SF,IH2006,2020-02-07 09:31:54.800,2818.0000,10795,0,98928540.000,0,-,-,-,-,2818.2000,2818.0000,2817.4000,2817.0000,2816.2000,2818.8000,2819.0000,2820.0000,2822.0000,2824.2000,1,1,1,2,1,2,1,1,1,1
SF,IH2006,2020-02-07 09:31:55.300,2818.0000,10795,0,98928540.000,0,-,-,-,-,2818.2000,2818.0000,2817.4000,2817.0000,2816.2000,2818.8000,2819.0000,2820.0000,2822.0000,2824.2000,1,1,1,2,1,1,1,1,1,1
SF,IH2006,2020-02-07 09:31:55.800,2818.0000,10795,0,98928540.000,0,-,-,-,-,2818.2000,2818.0000,2817.4000,2817.0000,2816.2000,2819.0000,2819.8000,2820.0000,2822.0000,2824.2000,1,1,1,2,1,1,1,1,1,1
SF,IH2006,2020-02-07 09:31:56.300,2818.0000,10795,0,98928540.000,0,-,-,-,-,2818.2000,2817.4000,2817.0000,2816.2000,2816.0000,2819.0000,2819.8000,2820.0000,2822.0000,2824.2000,1,1,2,1,2,1,1,1,1,1
SF,IH2006,2020-02-07 09:31:56.800,2818.2000,10794,-1,99774000.000,1,0,1,双平,S,2817.4000,2817.0000,2816.2000,2816.0000,2815.8000,2819.0000,2819.8000,2820.0000,2822.0000,2824.2000,1,2,1,2,1,2,1,1,1,1
SF,IH2006,2020-02-07 09:31:57.300,2818.2000,10794,0,99774000.000,0,-,-,-,-,2817.6000,2817.4000,2817.0000,2816.2000,2816.0000,2818.8000,2819.0000,2819.8000,2820.0000,2822.0000,1,1,2,1,2,1,1,1,1,1
SF,IH2006,2020-02-07 09:31:57.800,2818.2000,10794,0,99774000.000,0,-,-,-,-,2817.4000,2817.0000,2816.2000,2816.0000,2815.8000,2818.8000,2819.0000,2819.8000,2820.0000,2822.0000,1,2,1,2,1,1,1,1,1,1
SF,IH2006,2020-02-07 09:31:58.300,2818.2000,10794,0,99774000.000,0,-,-,-,-,2817.0000,2816.2000,2816.0000,2815.8000,2815.0000,2818.8000,2819.0000,2819.8000,2820.0000,2822.0000,2,1,2,1,2,1,1,1,1,1
SF,IH2006,2020-02-07 09:31:58.800,2818.2000,10794,0,99774000.000,0,-,-,-,-,2817.6000,2817.0000,2816.2000,2816.0000,2815.8000,2818.6000,2818.8000,2819.0000,2819.8000,2820.0000,1,2,1,2,1,1,3,1,1,1
SF,IH2006,2020-02-07 09:31:59.300,2818.4000,10794,0,100619520.000,1,0,1,多换,S,2817.6000,2817.0000,2816.2000,2816.0000,2815.8000,2818.6000,2818.8000,2819.0000,2819.8000,2820.0000,1,2,1,1,1,1,1,1,1,1
SF,IH2006,2020-02-07 09:31:59.800,2818.4000,10794,0,100619520.000,0,-,-,-,-,2817.6000,2817.0000,2816.2000,2816.0000,2815.8000,2818.6000,2818.8000,2819.0000,2819.8000,2820.0000,1,2,1,1,1,1,2,1,1,1
SF,IH2006,2020-02-07 09:32:00.300,2818.4000,10794,0,101465040.000,1,0,1,多换,S,2817.8000,2817.6000,2817.0000,2816.2000,2816.0000,2818.4000,2818.6000,2818.8000,2819.0000,2819.8000,1,1,2,1,1,1,1,2,1,1
SF,IH2006,2020-02-07 09:32:00.800,2818.6000,10794,0,102310620.000,1,0,1,多换,S,2817.8000,2817.0000,2816.2000,2816.0000,2815.8000,2818.8000,2819.0000,2819.8000,2820.0000,2822.0000,1,2,1,1,1,1,1,1,1,1
SF,IH2006,2020-02-07 09:32:01.300,2818.6000,10794,0,102310620.000,0,-,-,-,-,2817.8000,2817.0000,2816.2000,2816.0000,2815.8000,2818.6000,2818.8000,2819.0000,2819.8000,2820.0000,1,2,1,1,1,1,1,1,1,1
SF,IH2006,2020-02-07 09:32:01.800,2818.6000,10794,0,102310620.000,0,-,-,-,-,2817.8000,2817.0000,2816.2000,2816.0000,2815.8000,2818.6000,2818.8000,2819.0000,2819.8000,2820.0000,1,2,1,1,1,1,1,1,1,1
SF,IH2006,2020-02-07 09:32:02.800,2818.6000,10794,0,102310620.000,0,-,-,-,-,2818.2000,2817.8000,2817.0000,2816.2000,2816.0000,2818.6000,2818.8000,2819.0000,2819.8000,2820.0000,1,1,2,1,1,1,1,1,1,1
SF,IH2006,2020-02-07 09:32:03.300,2818.6000,10794,0,103156200.000,1,0,1,多换,S,2818.4000,2818.2000,2817.0000,2816.2000,2816.0000,2818.8000,2819.0000,2819.8000,2820.0000,2822.0000,1,1,2,1,1,1,1,1,1,1
SF,IH2006,2020-02-07 09:32:03.800,2818.8000,10795,1,104001840.000,1,1,0,双开,S,2818.4000,2818.2000,2816.2000,2816.0000,2815.8000,2819.0000,2819.8000,2820.0000,2822.0000,2824.2000,1,1,1,1,1,1,1,1,1,1
SF,IH2006,2020-02-07 09:32:04.300,2819.0000,10794,-1,104847540.000,1,0,1,双平,S,2818.8000,2818.4000,2818.2000,2816.0000,2815.8000,2819.8000,2820.0000,2822.0000,2824.2000,2824.6000,1,1,1,1,1,1,1,1,1,2
SF,IH2006,2020-02-07 09:32:04.800,2819.0000,10794,0,104847540.000,0,-,-,-,-,2819.0000,2818.8000,2818.2000,2816.0000,2815.8000,2819.8000,2820.0000,2822.0000,2824.2000,2824.6000,2,1,1,1,1,1,1,1,1,2
SF,IH2006,2020-02-07 09:32:05.300,2819.0000,10794,0,104847540.000,0,-,-,-,-,2819.0000,2818.8000,2818.2000,2816.0000,2815.8000,2819.8000,2820.0000,2822.0000,2824.2000,2824.6000,3,4,1,1,1,1,1,1,1,2
SF,IH2006,2020-02-07 09:32:05.800,2819.0000,10794,0,104847540.000,0,-,-,-,-,2819.0000,2818.8000,2818.2000,2816.0000,2815.8000,2819.8000,2820.0000,2822.0000,2824.2000,2824.6000,3,4,1,1,1,1,1,1,1,2
SF,IH2006,2020-02-07 09:32:07.800,2819.0000,10794,0,104847540.000,0,-,-,-,-,2819.0000,2818.8000,2818.2000,2816.0000,2815.8000,2819.8000,2820.0000,2822.0000,2824.2000,2824.6000,3,1,1,1,1,1,1,1,1,2
SF,IH2006,2020-02-07 09:32:09.300,2819.0000,10791,-3,107384640.000,3,0,3,双平,S,2818.2000,2816.0000,2815.8000,2815.0000,2811.8000,2819.8000,2820.0000,2822.0000,2824.2000,2824.6000,1,1,1,2,1,1,1,1,1,2
SF,IH2006,2020-02-07 09:32:09.800,2819.6000,10790,-1,108230520.000,1,0,1,双平,S,2818.2000,2816.0000,2815.8000,2815.0000,2811.8000,2819.6000,2819.8000,2820.0000,2822.0000,2824.2000,1,1,1,2,1,1,1,1,1,1
SF,IH2006,2020-02-07 09:32:10.300,2819.6000,10789,-1,109076400.000,1,0,1,双平,S,2818.2000,2816.0000,2815.8000,2815.0000,2811.8000,2819.4000,2819.6000,2819.8000,2820.0000,2822.0000,1,1,1,2,1,1,1,1,1,1
SF,IH2006,2020-02-07 09:32:10.800,2818.2000,10789,0,109921860.000,1,0,1,多换,S,2816.0000,2815.8000,2815.0000,2811.8000,2811.4000,2818.8000,2819.4000,2819.6000,2819.8000,2820.0000,1,1,2,1,1,1,1,1,1,1
SF,IH2006,2020-02-07 09:32:11.300,2818.2000,10789,0,109921860.000,0,-,-,-,-,2816.6000,2816.2000,2816.0000,2815.8000,2815.0000,2819.6000,2819.8000,2820.0000,2822.0000,2824.2000,1,2,1,1,2,1,1,1,1,1
SF,IH2006,2020-02-07 09:32:11.800,2818.2000,10789,0,109921860.000,0,-,-,-,-,2816.6000,2816.2000,2816.0000,2815.8000,2815.0000,2819.2000,2819.4000,2819.6000,2819.8000,2820.0000,1,1,1,1,2,1,1,2,1,1
SF,IH2006,2020-02-07 09:32:12.300,2818.2000,10789,0,109921860.000,0,-,-,-,-,2816.2000,2816.0000,2815.8000,2815.0000,2811.8000,2819.4000,2819.6000,2819.8000,2820.0000,2822.0000,1,1,1,2,1,1,2,1,1,1
SF,IH2006,2020-02-07 09:32:12.800,2817.0000,10789,0,110766960.000,1,0,1,多换,S,2816.4000,2816.2000,2816.0000,2815.8000,2815.0000,2816.6000,2819.0000,2819.6000,2819.8000,2820.0000,3,1,1,1,2,2,4,1,1,1
SF,IH2006,2020-02-07 09:32:13.300,2819.0000,10791,2,113302620.000,3,2,1,空开,S,2816.8000,2816.2000,2816.0000,2815.8000,2815.0000,2819.0000,2819.6000,2819.8000,2820.0000,2822.0000,2,1,1,1,2,3,1,1,1,1
SF,IH2006,2020-02-07 09:32:13.800,2819.0000,10791,0,113302620.000,0,-,-,-,-,2816.8000,2816.0000,2815.8000,2815.0000,2811.8000,2818.8000,2819.0000,2819.6000,2819.8000,2820.0000,2,1,1,2,1,3,3,1,1,1
SF,IH2006,2020-02-07 09:32:14.300,2819.0000,10791,0,113302620.000,0,-,-,-,-,2818.6000,2816.8000,2816.0000,2815.8000,2815.0000,2819.0000,2819.6000,2819.8000,2820.0000,2822.0000,1,2,1,1,2,3,1,1,1,1
SF,IH2006,2020-02-07 09:32:14.800,2818.6000,10792,1,116684940.000,4,2,2,空开,S,2816.0000,2815.8000,2815.0000,2811.8000,2811.4000,2818.6000,2819.0000,2819.6000,2819.8000,2820.0000,1,1,2,1,1,1,3,1,1,1
SF,IH2006,2020-02-07 09:32:15.300,2818.6000,10792,0,116684940.000,0,-,-,-,-,2816.4000,2816.2000,2816.0000,2815.8000,2815.0000,2818.8000,2819.0000,2819.6000,2819.8000,2820.0000,1,3,2,1,2,1,3,1,1,1
SF,IH2006,2020-02-07 09:32:15.800,2818.6000,10791,-1,117530520.000,1,0,1,双平,S,2816.4000,2816.2000,2816.0000,2815.8000,2815.0000,2818.8000,2819.0000,2819.6000,2819.8000,2820.0000,1,3,2,1,2,1,3,1,1,1
SF,IH2006,2020-02-07 09:32:16.300,2818.6000,10791,0,117530520.000,0,-,-,-,-,2816.6000,2816.4000,2816.2000,2816.0000,2815.8000,2818.8000,2819.0000,2819.6000,2819.8000,2820.0000,1,1,3,2,1,1,3,1,1,1
SF,IH2006,2020-02-07 09:32:16.800,2818.6000,10791,0,117530520.000,0,-,-,-,-,2816.6000,2816.2000,2816.0000,2815.8000,2815.0000,2818.8000,2819.0000,2819.6000,2819.8000,2820.0000,1,3,2,1,2,1,3,1,1,1
SF,IH2006,2020-02-07 09:32:17.300,2818.6000,10791,0,117530520.000,0,-,-,-,-,2816.6000,2816.2000,2816.0000,2815.8000,2815.0000,2819.0000,2819.6000,2819.8000,2820.0000,2822.0000,1,3,2,1,2,3,1,1,1,1
SF,IH2006,2020-02-07 09:32:17.800,2818.6000,10791,0,117530520.000,0,-,-,-,-,2816.6000,2816.2000,2816.0000,2815.0000,2811.8000,2818.8000,2819.0000,2819.6000,2819.8000,2820.0000,1,3,2,2,1,1,3,1,1,1
SF,IH2006,2020-02-07 09:32:18.300,2818.6000,10791,0,117530520.000,0,-,-,-,-,2816.6000,2816.2000,2816.0000,2815.0000,2811.8000,2818.6000,2819.0000,2819.6000,2819.8000,2820.0000,1,2,2,2,1,1,3,1,1,1
SF,IH2006,2020-02-07 09:32:19.300,2818.6000,10791,0,117530520.000,0,-,-,-,-,2816.8000,2816.6000,2816.2000,2816.0000,2815.0000,2818.6000,2819.0000,2819.6000,2819.8000,2820.0000,2,1,2,2,2,1,3,1,1,1
SF,IH2006,2020-02-07 09:32:19.800,2818.6000,10791,0,117530520.000,0,-,-,-,-,2817.0000,2816.8000,2816.6000,2816.0000,2815.0000,2819.0000,2819.6000,2819.8000,2820.0000,2822.0000,3,2,1,2,2,3,1,1,1,1
SF,IH2006,2020-02-07 09:32:20.300,2818.6000,10791,0,117530520.000,0,-,-,-,-,2817.8000,2817.2000,2817.0000,2816.8000,2816.6000,2819.0000,2819.6000,2819.8000,2820.0000,2822.0000,1,2,3,1,1,3,1,1,1,1
SF,IH2006,2020-02-07 09:32:20.800,2818.6000,10791,0,117530520.000,0,-,-,-,-,2818.6000,2817.8000,2817.2000,2816.8000,2816.6000,2819.0000,2819.6000,2819.8000,2820.0000,2822.0000,1,1,1,1,1,3,1,1,1,1
SF,IH2006,2020-02-07 09:32:21.300,2818.6000,10791,0,117530520.000,0,-,-,-,-,2818.6000,2816.8000,2816.0000,2815.0000,2811.8000,2819.0000,2819.6000,2820.0000,2820.8000,2822.0000,2,1,2,2,1,3,1,1,1,1
SF,IH2006,2020-02-07 09:32:21.800,2818.6000,10791,0,117530520.000,0,-,-,-,-,2818.6000,2816.8000,2816.0000,2815.0000,2811.8000,2819.0000,2819.6000,2820.0000,2820.8000,2822.0000,2,1,2,1,1,3,1,1,1,1
SF,IH2006,2020-02-07 09:32:22.300,2819.0000,10792,1,118376220.000,1,1,0,双开,S,2818.6000,2816.0000,2815.8000,2815.0000,2811.8000,2819.0000,2819.6000,2820.0000,2820.8000,2822.0000,2,3,1,1,1,2,1,1,1,1
SF,IH2006,2020-02-07 09:32:22.800,2819.0000,10792,0,118376220.000,0,-,-,-,-,2818.6000,2816.0000,2815.8000,2815.0000,2811.8000,2819.0000,2819.6000,2820.0000,2820.8000,2822.0000,2,3,1,2,1,2,1,1,1,1
SF,IH2006,2020-02-07 09:32:23.300,2819.0000,10792,0,119221920.000,1,0,1,多换,S,2818.6000,2816.0000,2815.8000,2815.0000,2811.8000,2819.0000,2819.6000,2820.0000,2820.8000,2822.0000,2,3,1,2,1,1,1,1,1,1
SF,IH2006,2020-02-07 09:32:23.800,2819.0000,10792,0,120067620.000,1,0,1,多换,S,2819.2000,2818.6000,2816.0000,2815.8000,2815.0000,2819.6000,2820.0000,2820.8000,2822.0000,2824.2000,1,2,3,1,2,1,1,1,1,1
SF,IH2006,2020-02-07 09:32:24.300,2819.2000,10792,0,120913380.000,1,0,1,多换,S,2818.6000,2816.0000,2815.8000,2815.0000,2811.8000,2819.6000,2820.0000,2820.8000,2822.0000,2824.2000,2,3,1,2,1,1,1,1,1,1
SF,IH2006,2020-02-07 09:32:24.800,2819.2000,10792,0,120913380.000,0,-,-,-,-,2818.6000,2816.0000,2815.8000,2815.0000,2811.8000,2819.6000,2820.0000,2820.8000,2822.0000,2824.2000,2,2,1,2,1,1,1,1,1,1
SF,IH2006,2020-02-07 09:32:25.800,2819.2000,10792,0,120913380.000,0,-,-,-,-,2818.8000,2818.6000,2816.0000,2815.8000,2815.0000,2819.6000,2820.0000,2820.8000,2822.0000,2824.2000,1,2,2,1,2,1,1,1,1,1
SF,IH2006,2020-02-07 09:32:26.300,2819.6000,10791,-1,121759260.000,1,0,1,双平,S,2819.8000,2818.8000,2818.6000,2816.0000,2815.8000,2820.0000,2820.8000,2822.0000,2824.2000,2824.6000,1,1,2,2,1,1,1,1,1,2
SF,IH2006,2020-02-07 09:32:26.800,2820.0000,10790,-1,122605260.000,1,0,1,双平,S,2819.8000,2818.6000,2816.0000,2815.8000,2815.0000,2820.8000,2822.0000,2824.2000,2824.6000,2827.8000,1,2,2,1,2,1,1,1,2,1
SF,IH2006,2020-02-07 09:32:27.300,2820.0000,10790,0,122605260.000,0,-,-,-,-,2819.8000,2818.6000,2816.0000,2815.8000,2815.0000,2820.6000,2820.8000,2821.0000,2822.0000,2824.2000,1,2,2,1,2,1,1,1,1,1
SF,IH2006,2020-02-07 09:32:27.800,2820.0000,10790,0,122605260.000,0,-,-,-,-,2819.8000,2818.6000,2816.0000,2815.8000,2815.0000,2820.6000,2820.8000,2822.0000,2824.2000,2824.6000,1,2,2,1,2,1,1,1,1,2
SF,IH2006,2020-02-07 09:32:28.300,2820.0000,10790,0,122605260.000,0,-,-,-,-,2818.6000,2816.0000,2815.8000,2815.0000,2811.8000,2820.6000,2820.8000,2822.0000,2824.2000,2824.6000,2,2,1,2,1,1,1,1,1,2
SF,IH2006,2020-02-07 09:32:28.800,2820.0000,10790,0,122605260.000,0,-,-,-,-,2818.8000,2818.6000,2816.0000,2815.8000,2815.0000,2820.4000,2820.6000,2820.8000,2822.0000,2824.2000,1,3,2,1,2,1,1,1,1,1
SF,IH2006,2020-02-07 09:32:29.300,2820.0000,10790,0,122605260.000,0,-,-,-,-,2819.0000,2818.6000,2816.0000,2815.8000,2815.0000,2820.4000,2820.6000,2820.8000,2822.0000,2824.2000,1,3,2,1,2,1,1,1,1,1
SF,IH2006,2020-02-07 09:32:29.800,2820.0000,10790,0,122605260.000,0,-,-,-,-,2819.2000,2819.0000,2818.6000,2816.0000,2815.8000,2820.8000,2822.0000,2824.2000,2824.6000,2827.8000,1,1,3,2,1,1,1,1,2,1
SF,IH2006,2020-02-07 09:32:30.300,2820.0000,10790,0,122605260.000,0,-,-,-,-,2819.4000,2819.2000,2819.0000,2818.6000,2816.0000,2820.8000,2821.0000,2822.0000,2824.2000,2824.6000,1,1,1,3,2,1,1,1,1,2
SF,IH2006,2020-02-07 09:32:30.800,2820.0000,10790,0,122605260.000,0,-,-,-,-,2819.4000,2819.0000,2818.6000,2816.0000,2815.8000,2820.6000,2820.8000,2822.0000,2824.2000,2824.6000,1,1,3,2,1,1,1,1,1,2
SF,IH2006,2020-02-07 09:32:31.800,2820.0000,10790,0,122605260.000,0,-,-,-,-,2819.0000,2818.6000,2816.0000,2815.8000,2815.0000,2820.6000,2820.8000,2822.0000,2824.2000,2824.6000,1,3,2,1,2,1,1,1,1,2
SF,IH2006,2020-02-07 09:32:32.300,2820.0000,10790,0,122605260.000,0,-,-,-,-,2818.6000,2816.0000,2815.8000,2815.0000,2811.8000,2819.6000,2820.4000,2820.6000,2820.8000,2822.0000,3,2,1,2,1,1,3,1,1,1
SF,IH2006,2020-02-07 09:32:32.800,2820.0000,10790,0,122605260.000,0,-,-,-,-,2818.8000,2818.6000,2816.0000,2815.8000,2815.0000,2819.6000,2820.4000,2820.8000,2822.0000,2824.2000,1,3,2,1,2,1,3,1,1,1
SF,IH2006,2020-02-07 09:32:33.800,2818.8000,10789,-1,123450900.000,1,0,1,双平,S,2818.6000,2816.0000,2815.8000,2815.0000,2811.8000,2819.6000,2820.4000,2820.8000,2822.0000,2824.2000,3,2,1,2,1,2,3,1,1,1
SF,IH2006,2020-02-07 09:32:34.300,2818.6000,10787,-2,125987640.000,3,0,3,多平,S,2816.0000,2815.8000,2815.0000,2811.8000,2811.4000,2818.4000,2818.8000,2819.4000,2819.6000,2820.4000,2,1,2,1,1,1,1,2,2,1
SF,IH2006,2020-02-07 09:32:34.800,2818.6000,10787,0,125987640.000,0,-,-,-,-,2816.2000,2816.0000,2815.8000,2815.0000,2811.8000,2818.4000,2818.8000,2819.6000,2820.4000,2820.8000,1,2,1,2,1,1,1,2,1,1
SF,IH2006,2020-02-07 09:32:35.300,2818.6000,10787,0,125987640.000,0,-,-,-,-,2816.2000,2816.0000,2815.8000,2815.0000,2811.8000,2818.4000,2819.6000,2820.4000,2820.8000,2822.0000,1,2,1,2,1,1,2,1,1,1
SF,IH2006,2020-02-07 09:32:35.800,2818.6000,10787,0,125987640.000,0,-,-,-,-,2816.4000,2816.2000,2816.0000,2815.8000,2815.0000,2818.4000,2819.6000,2820.8000,2822.0000,2824.2000,1,1,3,1,2,1,2,1,1,1
SF,IH2006,2020-02-07 09:32:36.300,2818.6000,10787,0,125987640.000,0,-,-,-,-,2816.4000,2816.0000,2815.8000,2815.0000,2811.8000,2819.6000,2820.8000,2822.0000,2824.2000,2824.6000,1,2,1,2,1,2,1,1,1,2
SF,IH2006,2020-02-07 09:32:36.800,2818.6000,10787,0,125987640.000,0,-,-,-,-,2816.6000,2816.0000,2815.8000,2815.0000,2811.8000,2818.8000,2819.2000,2819.4000,2819.6000,2820.8000,1,2,1,2,1,1,1,3,2,1
SF,IH2006,2020-02-07 09:32:37.300,2818.6000,10787,0,125987640.000,0,-,-,-,-,2816.6000,2816.0000,2815.8000,2815.0000,2811.8000,2819.2000,2819.4000,2819.6000,2820.8000,2822.0000,1,2,1,2,1,1,2,2,1,1
SF,IH2006,2020-02-07 09:32:37.800,2818.6000,10787,0,125987640.000,0,-,-,-,-,2816.6000,2816.0000,2815.8000,2815.0000,2811.8000,2818.8000,2819.0000,2819.2000,2819.4000,2819.6000,1,2,1,2,1,3,2,1,2,2
SF,IH2006,2020-02-07 09:32:38.300,2818.6000,10787,0,125987640.000,0,-,-,-,-,2816.6000,2816.0000,2815.8000,2815.0000,2811.8000,2818.8000,2819.0000,2819.2000,2819.4000,2819.6000,1,2,1,2,1,3,1,1,1,2
SF,IH2006,2020-02-07 09:32:38.800,2818.6000,10787,0,125987640.000,0,-,-,-,-,2816.6000,2816.0000,2815.8000,2815.0000,2811.8000,2818.6000,2818.8000,2819.0000,2819.2000,2819.4000,1,2,1,2,1,3,3,1,1,1
SF,IH2006,2020-02-07 09:32:39.300,2818.6000,10787,0,125987640.000,0,-,-,-,-,2816.6000,2816.0000,2815.8000,2815.0000,2811.8000,2818.6000,2818.8000,2819.0000,2819.2000,2819.6000,1,2,1,2,1,3,3,1,1,2
SF,IH2006,2020-02-07 09:32:39.800,2818.6000,10787,0,125987640.000,0,-,-,-,-,2816.8000,2816.6000,2816.0000,2815.8000,2815.0000,2818.6000,2818.8000,2819.2000,2819.6000,2820.8000,1,1,2,1,2,3,3,1,2,1
SF,IH2006,2020-02-07 09:32:40.800,2818.6000,10787,0,125987640.000,0,-,-,-,-,2816.6000,2816.0000,2815.8000,2815.0000,2811.8000,2818.4000,2818.6000,2818.8000,2819.2000,2819.6000,1,2,1,2,1,2,4,1,1,2
SF,IH2006,2020-02-07 09:32:41.300,2818.6000,10787,0,125987640.000,0,-,-,-,-,2816.6000,2816.0000,2815.8000,2815.0000,2811.8000,2818.2000,2818.6000,2818.8000,2819.2000,2819.6000,1,2,1,2,1,1,3,1,1,2
SF,IH2006,2020-02-07 09:32:41.800,2816.6000,10787,0,126832620.000,1,0,1,多换,S,2816.0000,2815.8000,2815.0000,2811.8000,2811.4000,2816.6000,2818.2000,2818.8000,2819.6000,2820.8000,2,1,2,1,1,1,1,1,2,1
SF,IH2006,2020-02-07 09:32:42.300,2816.6000,10787,0,127677600.000,1,0,1,多换,S,2816.8000,2816.6000,2816.4000,2816.0000,2815.8000,2819.6000,2820.8000,2822.0000,2824.2000,2824.6000,1,2,1,2,1,2,1,1,1,2
SF,IH2006,2020-02-07 09:32:42.800,2816.6000,10787,0,127677600.000,0,-,-,-,-,2817.0000,2816.8000,2816.6000,2816.4000,2816.0000,2819.4000,2819.6000,2820.8000,2822.0000,2824.2000,1,2,2,1,2,1,1,1,1,1
SF,IH2006,2020-02-07 09:32:43.300,2816.6000,10787,0,127677600.000,0,-,-,-,-,2817.0000,2816.8000,2816.6000,2816.0000,2815.8000,2819.4000,2819.6000,2820.8000,2822.0000,2824.2000,1,2,2,2,1,1,1,1,1,1
SF,IH2006,2020-02-07 09:32:43.800,2816.6000,10787,0,127677600.000,0,-,-,-,-,2817.4000,2817.2000,2817.0000,2816.8000,2816.6000,2819.2000,2819.4000,2819.6000,2820.8000,2822.0000,1,1,1,2,2,1,1,1,1,1
SF,IH2006,2020-02-07 09:32:44.300,2816.6000,10787,0,127677600.000,0,-,-,-,-,2817.6000,2817.4000,2817.2000,2816.8000,2816.6000,2819.0000,2819.4000,2819.6000,2820.8000,2822.0000,1,1,1,2,2,1,1,1,1,1
SF,IH2006,2020-02-07 09:32:44.800,2816.6000,10787,0,127677600.000,0,-,-,-,-,2817.6000,2817.4000,2817.2000,2816.8000,2816.6000,2819.4000,2819.6000,2820.8000,2822.0000,2824.2000,1,1,1,2,2,1,1,1,1,1
SF,IH2006,2020-02-07 09:32:45.300,2819.4000,10786,-1,128523420.000,1,0,1,双平,S,2817.8000,2817.6000,2817.4000,2817.2000,2816.8000,2819.6000,2820.8000,2822.0000,2824.2000,2824.6000,1,1,1,1,2,1,1,1,1,2
SF,IH2006,2020-02-07 09:32:45.800,2819.4000,10786,0,128523420.000,0,-,-,-,-,2818.0000,2817.8000,2817.4000,2817.2000,2816.8000,2819.6000,2820.8000,2822.0000,2824.2000,2824.6000,1,1,1,1,2,1,1,1,1,2
SF,IH2006,2020-02-07 09:32:46.300,2819.4000,10786,0,128523420.000,0,-,-,-,-,2818.0000,2817.8000,2817.6000,2817.4000,2817.2000,2819.6000,2820.8000,2822.0000,2824.2000,2824.6000,1,1,1,1,1,1,1,1,1,2
SF,IH2006,2020-02-07 09:32:46.800,2819.4000,10786,0,128523420.000,0,-,-,-,-,2818.2000,2818.0000,2817.8000,2817.6000,2817.4000,2819.6000,2820.8000,2822.0000,2824.2000,2824.6000,1,1,1,1,1,1,1,1,1,2
SF,IH2006,2020-02-07 09:32:47.300,2819.4000,10786,0,128523420.000,0,-,-,-,-,2818.2000,2818.0000,2817.8000,2817.6000,2817.4000,2819.6000,2820.8000,2822.0000,2824.2000,2824.6000,1,1,1,1,1,1,1,1,1,2
SF,IH2006,2020-02-07 09:32:47.800,2819.4000,10786,0,128523420.000,0,-,-,-,-,2818.2000,2818.0000,2817.8000,2817.6000,2817.4000,2819.6000,2820.8000,2822.0000,2824.2000,2824.6000,1,1,1,1,1,1,1,1,1,2
SF,IH2006,2020-02-07 09:32:49.300,2818.2000,10786,0,129368880.000,1,0,1,多换,S,2818.0000,2817.8000,2817.6000,2817.4000,2817.2000,2819.4000,2819.6000,2820.8000,2822.0000,2824.2000,1,1,1,1,1,1,1,1,1,1
SF,IH2006,2020-02-07 09:32:49.800,2818.2000,10786,0,129368880.000,0,-,-,-,-,2818.0000,2817.8000,2817.6000,2817.4000,2817.2000,2819.2000,2819.6000,2820.8000,2822.0000,2824.2000,1,1,1,1,1,1,1,1,1,1
SF,IH2006,2020-02-07 09:32:50.300,2818.2000,10786,0,129368880.000,0,-,-,-,-,2817.8000,2817.6000,2817.4000,2817.0000,2816.8000,2819.0000,2819.6000,2820.8000,2822.0000,2824.2000,1,1,1,1,1,1,1,1,1,1
SF,IH2006,2020-02-07 09:32:50.800,2818.2000,10786,0,129368880.000,0,-,-,-,-,2817.8000,2817.6000,2817.4000,2817.0000,2816.8000,2819.6000,2820.8000,2822.0000,2824.2000,2824.6000,1,1,1,1,1,1,1,1,1,2
SF,IH2006,2020-02-07 09:32:51.300,2818.2000,10786,0,129368880.000,0,-,-,-,-,2817.6000,2817.4000,2817.0000,2816.8000,2816.6000,2817.8000,2819.4000,2819.6000,2820.8000,2822.0000,1,1,1,1,1,5,2,1,1,1
SF,IH2006,2020-02-07 09:32:51.800,2817.8000,10782,-4,133595580.000,5,0,5,多平,S,2817.8000,2817.6000,2817.4000,2817.0000,2816.8000,2819.4000,2819.6000,2820.8000,2822.0000,2824.2000,2,1,1,1,1,2,1,1,1,1
SF,IH2006,2020-02-07 09:32:52.300,2817.8000,10782,0,133595580.000,0,-,-,-,-,2817.8000,2817.6000,2817.4000,2817.0000,2816.8000,2819.4000,2819.6000,2820.8000,2821.8000,2822.0000,2,1,1,1,1,2,2,1,1,1
SF,IH2006,2020-02-07 09:32:52.800,2817.8000,10782,0,133595580.000,0,-,-,-,-,2817.8000,2817.6000,2817.0000,2816.8000,2816.6000,2819.4000,2819.6000,2820.8000,2821.8000,2822.0000,2,1,1,1,1,2,2,1,1,1
SF,IH2006,2020-02-07 09:32:53.300,2817.8000,10782,0,133595580.000,0,-,-,-,-,2817.6000,2817.0000,2816.6000,2816.0000,2815.8000,2819.2000,2819.4000,2819.6000,2820.8000,2821.8000,1,1,1,2,1,2,1,2,1,1
SF,IH2006,2020-02-07 09:32:53.800,2817.8000,10782,0,133595580.000,0,-,-,-,-,2817.6000,2817.0000,2816.6000,2816.0000,2815.8000,2819.0000,2819.2000,2819.4000,2819.6000,2820.8000,1,1,1,2,1,2,1,1,2,1
SF,IH2006,2020-02-07 09:32:54.300,2818.8000,10782,0,134441220.000,1,0,1,多换,S,2817.6000,2817.0000,2816.6000,2816.0000,2815.8000,2818.8000,2819.0000,2819.4000,2819.6000,2820.0000,1,1,1,2,1,4,1,1,2,4
SF,IH2006,2020-02-07 09:32:54.800,2817.6000,10782,0,135286500.000,1,0,1,多换,S,2817.0000,2816.6000,2816.0000,2815.8000,2815.0000,2817.6000,2818.6000,2818.8000,2819.0000,2819.4000,1,1,2,1,2,4,1,2,1,1
SF,IH2006,2020-02-07 09:32:55.300,2817.6000,10778,-4,138667620.000,4,0,4,双平,S,2817.0000,2816.6000,2816.0000,2815.8000,2815.0000,2818.6000,2819.0000,2819.6000,2820.0000,2820.8000,1,1,2,1,2,1,1,2,4,1
SF,IH2006,2020-02-07 09:32:55.800,2817.6000,10778,0,138667620.000,0,-,-,-,-,2817.0000,2816.6000,2816.0000,2815.8000,2815.0000,2818.4000,2819.0000,2819.6000,2820.0000,2820.8000,1,1,2,1,2,2,1,2,4,1
SF,IH2006,2020-02-07 09:32:56.300,2817.6000,10778,0,138667620.000,0,-,-,-,-,2817.0000,2816.6000,2816.0000,2815.8000,2815.0000,2818.2000,2818.4000,2819.0000,2819.6000,2820.0000,1,1,2,1,2,1,1,1,2,4
SF,IH2006,2020-02-07 09:32:56.800,2817.6000,10778,0,138667620.000,0,-,-,-,-,2817.0000,2816.8000,2816.6000,2816.0000,2815.8000,2819.0000,2819.6000,2820.0000,2820.8000,2821.8000,1,1,1,2,1,1,2,4,1,1
SF,IH2006,2020-02-07 09:32:57.300,2817.6000,10778,0,138667620.000,0,-,-,-,-,2817.0000,2816.0000,2815.8000,2815.0000,2811.8000,2818.8000,2819.0000,2819.6000,2820.0000,2820.8000,1,2,1,2,1,1,1,2,4,1
SF,IH2006,2020-02-07 09:32:57.800,2817.6000,10778,0,138667620.000,0,-,-,-,-,2817.0000,2816.8000,2816.0000,2815.8000,2815.0000,2818.6000,2819.0000,2819.6000,2820.0000,2820.8000,1,1,2,1,2,2,1,2,4,1
SF,IH2006,2020-02-07 09:32:58.300,2817.6000,10778,0,138667620.000,0,-,-,-,-,2817.0000,2816.8000,2816.0000,2815.8000,2815.0000,2818.6000,2819.6000,2820.0000,2820.8000,2821.8000,1,1,2,1,2,2,2,4,1,1
SF,IH2006,2020-02-07 09:33:00.800,2817.6000,10778,0,138667620.000,0,-,-,-,-,2817.8000,2817.0000,2816.8000,2816.0000,2815.8000,2818.6000,2819.6000,2820.0000,2820.8000,2821.8000,1,1,1,2,1,2,2,4,1,1
SF,IH2006,2020-02-07 09:33:01.300,2817.8000,10778,0,139512960.000,1,0,1,多换,S,2817.0000,2816.0000,2815.8000,2815.0000,2811.8000,2818.4000,2818.6000,2819.6000,2820.0000,2820.8000,1,2,1,2,1,1,1,2,4,1
SF,IH2006,2020-02-07 09:33:01.800,2817.0000,10778,0,140358060.000,1,0,1,多换,S,2816.0000,2815.8000,2815.0000,2811.8000,2811.4000,2818.2000,2818.4000,2818.6000,2819.6000,2820.0000,2,1,2,1,1,3,1,1,2,4
SF,IH2006,2020-02-07 09:33:02.300,2817.0000,10778,0,140358060.000,0,-,-,-,-,2817.2000,2816.0000,2815.8000,2815.0000,2811.8000,2817.8000,2818.0000,2818.4000,2818.6000,2819.6000,1,2,1,2,1,2,1,1,1,2
SF,IH2006,2020-02-07 09:33:02.800,2817.0000,10779,1,141203160.000,1,1,0,双开,S,2816.0000,2815.8000,2815.0000,2811.8000,2811.4000,2817.6000,2818.4000,2818.6000,2819.6000,2820.0000,2,1,2,1,1,1,1,1,2,4
SF,IH2006,2020-02-07 09:33:03.300,2817.0000,10779,0,141203160.000,0,-,-,-,-,2816.0000,2815.8000,2815.0000,2811.8000,2811.4000,2817.4000,2818.4000,2818.6000,2819.6000,2820.0000,2,1,2,1,1,1,1,1,1,4
SF,IH2006,2020-02-07 09:33:03.800,2817.0000,10779,0,141203160.000,0,-,-,-,-,2816.0000,2815.8000,2815.0000,2811.8000,2811.4000,2817.2000,2818.4000,2818.6000,2819.6000,2820.0000,2,1,2,1,1,1,1,1,1,4
SF,IH2006,2020-02-07 09:33:04.300,2817.0000,10779,0,141203160.000,0,-,-,-,-,2816.0000,2815.8000,2815.0000,2811.8000,2811.4000,2818.4000,2818.6000,2819.6000,2820.0000,2820.8000,2,1,2,1,1,1,1,1,4,1
SF,IH2006,2020-02-07 09:33:04.800,2817.0000,10779,0,141203160.000,0,-,-,-,-,2816.0000,2815.8000,2815.0000,2812.8000,2811.8000,2818.2000,2818.4000,2818.6000,2819.6000,2820.0000,2,1,2,1,1,3,2,1,1,4
SF,IH2006,2020-02-07 09:33:05.300,2817.0000,10779,0,141203160.000,0,-,-,-,-,2816.2000,2816.0000,2815.8000,2815.0000,2812.8000,2817.8000,2818.2000,2818.4000,2819.6000,2820.0000,1,3,1,2,1,1,3,2,1,4
SF,IH2006,2020-02-07 09:33:05.800,2817.0000,10779,0,141203160.000,0,-,-,-,-,2816.2000,2816.0000,2815.8000,2815.0000,2812.8000,2817.8000,2818.2000,2818.4000,2819.6000,2820.0000,1,2,1,2,1,1,2,1,1,4
SF,IH2006,2020-02-07 09:33:06.300,2817.0000,10779,0,141203160.000,0,-,-,-,-,2816.2000,2816.0000,2815.8000,2815.0000,2812.8000,2817.0000,2817.8000,2818.2000,2818.4000,2819.6000,1,2,1,2,1,1,1,2,1,1
SF,IH2006,2020-02-07 09:33:06.800,2817.0000,10778,-1,142048260.000,1,0,1,双平,S,2816.0000,2815.8000,2815.0000,2812.8000,2811.8000,2818.2000,2818.4000,2819.6000,2820.0000,2820.8000,2,1,2,1,1,2,1,1,4,1
SF,IH2006,2020-02-07 09:33:07.300,2817.0000,10778,0,142048260.000,0,-,-,-,-,2816.0000,2815.8000,2815.0000,2812.8000,2811.8000,2817.8000,2818.0000,2818.2000,2819.6000,2820.0000,2,1,2,1,1,1,1,2,1,4
SF,IH2006,2020-02-07 09:33:07.800,2817.0000,10778,0,142048260.000,0,-,-,-,-,2816.2000,2816.0000,2815.8000,2815.0000,2812.8000,2818.0000,2818.2000,2819.6000,2820.0000,2820.8000,1,2,1,2,1,1,2,1,4,1
SF,IH2006,2020-02-07 09:33:08.300,2817.0000,10778,0,142048260.000,0,-,-,-,-,2816.2000,2816.0000,2815.8000,2815.0000,2812.8000,2817.8000,2818.0000,2818.2000,2819.6000,2820.0000,1,3,1,2,1,3,1,2,1,4
SF,IH2006,2020-02-07 09:33:08.800,2817.0000,10778,0,142048260.000,0,-,-,-,-,2816.2000,2816.0000,2815.8000,2815.0000,2812.8000,2817.6000,2817.8000,2818.0000,2818.2000,2819.6000,1,4,1,2,1,1,3,1,1,1
SF,IH2006,2020-02-07 09:33:09.300,2817.0000,10778,0,142048260.000,0,-,-,-,-,2816.0000,2815.8000,2815.0000,2812.8000,2811.8000,2817.4000,2817.6000,2817.8000,2818.0000,2818.2000,4,1,2,1,1,2,1,1,1,1
SF,IH2006,2020-02-07 09:33:09.800,2817.0000,10778,0,142048260.000,0,-,-,-,-,2816.0000,2815.8000,2815.0000,2812.8000,2811.8000,2817.4000,2817.6000,2817.8000,2818.0000,2818.2000,4,1,2,1,1,3,1,1,1,1
SF,IH2006,2020-02-07 09:33:10.300,2817.0000,10778,0,142048260.000,0,-,-,-,-,2816.0000,2815.8000,2815.0000,2812.8000,2811.8000,2817.4000,2817.6000,2817.8000,2818.2000,2819.6000,4,1,2,1,1,1,1,1,1,1
SF,IH2006,2020-02-07 09:33:10.800,2817.0000,10778,0,142048260.000,0,-,-,-,-,2816.2000,2816.0000,2815.8000,2815.0000,2812.8000,2817.4000,2817.8000,2818.2000,2819.6000,2820.0000,1,5,1,2,1,1,1,1,1,4
SF,IH2006,2020-02-07 09:33:11.800,2817.0000,10778,0,142048260.000,0,-,-,-,-,2816.2000,2816.0000,2815.8000,2815.0000,2812.8000,2817.8000,2818.2000,2819.6000,2820.0000,2820.8000,1,4,1,2,1,1,1,1,4,1
SF,IH2006,2020-02-07 09:33:12.300,2817.0000,10778,0,142048260.000,0,-,-,-,-,2816.4000,2816.0000,2815.8000,2815.0000,2812.8000,2817.8000,2818.2000,2819.6000,2820.0000,2820.8000,1,4,1,2,1,1,1,1,4,1
SF,IH2006,2020-02-07 09:33:12.800,2817.0000,10778,0,142048260.000,0,-,-,-,-,2816.4000,2816.0000,2815.8000,2815.0000,2812.8000,2817.6000,2817.8000,2818.2000,2819.6000,2820.0000,1,4,1,2,1,2,1,1,1,4
SF,IH2006,2020-02-07 09:33:13.300,2817.0000,10778,0,142048260.000,0,-,-,-,-,2816.0000,2815.8000,2815.0000,2812.8000,2811.8000,2817.6000,2817.8000,2818.2000,2819.6000,2820.0000,4,1,2,1,1,2,1,1,1,4
SF,IH2006,2020-02-07 09:33:13.800,2817.0000,10778,0,142048260.000,0,-,-,-,-,2816.0000,2815.8000,2815.0000,2812.8000,2811.8000,2817.4000,2817.6000,2817.8000,2818.2000,2819.6000,4,1,2,1,1,1,2,1,1,1
SF,IH2006,2020-02-07 09:33:14.300,2817.0000,10778,0,142048260.000,0,-,-,-,-,2816.0000,2815.8000,2815.0000,2812.8000,2811.8000,2817.4000,2817.6000,2817.8000,2818.2000,2819.6000,4,1,2,1,1,1,2,1,1,1
SF,IH2006,2020-02-07 09:33:14.800,2817.0000,10778,0,142048260.000,0,-,-,-,-,2816.0000,2815.8000,2815.0000,2812.8000,2811.8000,2817.4000,2817.8000,2818.2000,2819.6000,2820.0000,4,1,2,1,1,1,1,1,1,4
SF,IH2006,2020-02-07 09:33:15.300,2817.0000,10778,0,142048260.000,0,-,-,-,-,2816.0000,2815.0000,2812.8000,2811.8000,2811.4000,2817.2000,2817.4000,2817.8000,2818.2000,2820.0000,4,2,1,1,1,1,1,1,1,4
SF,IH2006,2020-02-07 09:33:15.800,2817.0000,10778,0,142048260.000,0,-,-,-,-,2816.2000,2816.0000,2815.0000,2812.8000,2811.8000,2817.2000,2817.4000,2817.8000,2818.2000,2820.0000,1,4,2,1,1,2,1,1,1,4
SF,IH2006,2020-02-07 09:33:16.300,2817.0000,10778,0,142048260.000,0,-,-,-,-,2816.2000,2816.0000,2815.0000,2812.8000,2811.8000,2817.2000,2817.4000,2817.8000,2818.2000,2820.0000,1,4,2,1,1,1,1,1,1,4
SF,IH2006,2020-02-07 09:33:16.800,2817.0000,10778,0,142048260.000,0,-,-,-,-,2816.2000,2816.0000,2815.0000,2812.8000,2811.8000,2817.0000,2817.2000,2817.4000,2817.8000,2818.2000,1,4,2,1,1,1,1,1,1,1
SF,IH2006,2020-02-07 09:33:17.800,2817.2000,10777,-1,143738520.000,2,0,2,多平,S,2817.2000,2816.2000,2816.0000,2815.0000,2812.8000,2817.4000,2817.8000,2818.2000,2820.0000,2820.8000,2,1,4,2,1,1,1,1,4,1
SF,IH2006,2020-02-07 09:33:18.300,2817.2000,10775,-2,145428840.000,2,0,2,双平,S,2816.2000,2816.0000,2815.0000,2812.8000,2811.8000,2817.0000,2817.2000,2817.4000,2817.8000,2820.0000,1,4,2,1,1,2,1,1,1,4
SF,IH2006,2020-02-07 09:33:18.800,2816.0000,10775,0,147118500.000,2,1,1,多换,S,2816.0000,2815.0000,2812.8000,2811.8000,2811.4000,2817.0000,2817.2000,2817.4000,2817.8000,2820.0000,3,2,1,1,1,2,1,1,1,4
SF,IH2006,2020-02-07 09:33:19.300,2816.0000,10774,-1,149652900.000,3,1,2,多平,S,2815.0000,2812.8000,2811.8000,2811.4000,2811.0000,2815.8000,2816.8000,2817.0000,2817.2000,2817.4000,2,1,1,1,1,1,3,2,1,1
SF,IH2006,2020-02-07 09:33:19.800,2816.0000,10774,0,149652900.000,0,-,-,-,-,2815.0000,2812.8000,2811.8000,2811.4000,2811.0000,2815.8000,2816.8000,2817.0000,2817.2000,2817.4000,2,1,1,1,1,1,2,2,1,1
SF,IH2006,2020-02-07 09:33:20.300,2815.6000,10774,0,150497580.000,1,0,1,多换,S,2815.0000,2812.8000,2811.8000,2811.4000,2811.0000,2815.8000,2816.8000,2817.0000,2817.2000,2817.4000,2,1,1,1,1,1,2,2,1,1
SF,IH2006,2020-02-07 09:33:20.800,2815.8000,10775,1,151342320.000,1,1,0,双开,S,2815.0000,2812.8000,2811.8000,2811.4000,2811.0000,2816.8000,2817.0000,2817.2000,2817.4000,2820.0000,2,1,1,1,1,2,2,1,1,4
SF,IH2006,2020-02-07 09:33:21.300,2815.8000,10775,0,151342320.000,0,-,-,-,-,2815.0000,2812.8000,2811.8000,2811.4000,2811.0000,2816.6000,2816.8000,2817.0000,2817.2000,2817.4000,2,1,1,1,1,1,3,2,1,1
SF,IH2006,2020-02-07 09:33:21.800,2815.8000,10775,0,151342320.000,0,-,-,-,-,2815.0000,2812.8000,2811.8000,2811.4000,2811.0000,2816.2000,2816.4000,2816.6000,2816.8000,2817.0000,2,1,1,1,1,1,1,1,2,2
SF,IH2006,2020-02-07 09:33:22.300,2815.8000,10775,0,151342320.000,0,-,-,-,-,2815.0000,2812.8000,2811.8000,2811.4000,2811.0000,2816.0000,2816.2000,2816.6000,2816.8000,2817.0000,1,1,1,1,1,1,1,1,1,2
SF,IH2006,2020-02-07 09:33:22.800,2815.8000,10775,0,151342320.000,0,-,-,-,-,2815.0000,2812.8000,2811.8000,2811.4000,2811.0000,2815.8000,2816.0000,2816.2000,2816.8000,2817.0000,1,1,1,1,1,2,1,1,1,2
SF,IH2006,2020-02-07 09:33:23.300,2815.8000,10772,-3,153876540.000,3,0,3,双平,S,2815.0000,2812.8000,2811.8000,2811.4000,2811.0000,2816.0000,2816.2000,2816.8000,2817.0000,2817.2000,1,1,1,1,1,1,1,1,2,1
SF,IH2006,2020-02-07 09:33:23.800,2816.2000,10771,-1,155566200.000,2,0,2,多平,S,2815.2000,2815.0000,2812.8000,2811.8000,2811.4000,2816.8000,2817.2000,2820.0000,2820.8000,2821.8000,2,1,1,1,1,1,1,4,1,1
SF,IH2006,2020-02-07 09:33:24.300,2816.2000,10771,0,155566200.000,0,-,-,-,-,2815.4000,2815.2000,2815.0000,2812.8000,2811.8000,2817.2000,2820.0000,2820.8000,2821.8000,2822.0000,2,2,1,1,1,1,4,1,1,1
SF,IH2006,2020-02-07 09:33:24.800,2815.6000,10770,-1,157255560.000,2,0,2,多平,S,2815.6000,2815.4000,2815.0000,2812.8000,2811.8000,2820.0000,2820.8000,2821.8000,2822.0000,2824.2000,3,2,1,1,1,4,1,1,1,1
SF,IH2006,2020-02-07 09:33:25.300,2815.6000,10770,0,157255560.000,0,-,-,-,-,2815.8000,2815.6000,2815.4000,2815.0000,2814.8000,2818.2000,2818.6000,2818.8000,2819.6000,2819.8000,2,1,1,1,1,1,2,1,1,1
SF,IH2006,2020-02-07 09:33:25.800,2815.6000,10770,0,157255560.000,0,-,-,-,-,2816.0000,2815.8000,2815.4000,2815.0000,2814.8000,2818.2000,2818.6000,2818.8000,2819.6000,2819.8000,2,1,1,1,1,1,2,1,1,1
SF,IH2006,2020-02-07 09:33:26.300,2815.6000,10770,0,157255560.000,0,-,-,-,-,2816.4000,2816.2000,2816.0000,2815.4000,2815.0000,2818.2000,2818.6000,2818.8000,2819.8000,2820.0000,1,1,2,1,1,1,1,1,1,6
SF,IH2006,2020-02-07 09:33:26.800,2816.4000,10770,0,158100480.000,1,0,1,多换,S,2816.6000,2816.0000,2815.4000,2815.0000,2814.8000,2818.2000,2818.6000,2818.8000,2819.8000,2820.0000,2,1,1,1,1,1,1,1,1,6
SF,IH2006,2020-02-07 09:33:27.300,2816.4000,10770,0,158100480.000,0,-,-,-,-,2816.6000,2816.0000,2815.0000,2814.8000,2812.8000,2818.2000,2818.6000,2818.8000,2820.0000,2820.8000,2,1,1,1,1,1,1,1,6,1
SF,IH2006,2020-02-07 09:33:27.800,2816.4000,10770,0,158100480.000,0,-,-,-,-,2816.6000,2815.0000,2814.8000,2812.8000,2811.8000,2818.0000,2818.2000,2818.6000,2818.8000,2820.0000,2,1,1,1,1,1,1,1,1,6
SF,IH2006,2020-02-07 09:33:28.300,2816.4000,10770,0,158100480.000,0,-,-,-,-,2816.8000,2816.6000,2815.0000,2814.8000,2812.8000,2818.0000,2818.2000,2818.6000,2818.8000,2820.0000,1,1,1,1,1,1,1,1,1,6
SF,IH2006,2020-02-07 09:33:29.800,2816.8000,10769,-1,158945520.000,1,0,1,双平,S,2816.6000,2815.0000,2814.8000,2812.8000,2811.8000,2818.0000,2818.2000,2818.6000,2818.8000,2820.0000,1,1,1,1,1,1,1,1,1,7
SF,IH2006,2020-02-07 09:33:30.300,2816.6000,10768,-1,159790500.000,1,0,1,双平,S,2815.0000,2814.8000,2812.8000,2811.8000,2811.4000,2816.4000,2817.8000,2818.0000,2818.2000,2818.6000,1,1,1,1,1,1,2,1,1,1
SF,IH2006,2020-02-07 09:33:30.800,2816.6000,10768,0,159790500.000,0,-,-,-,-,2815.2000,2815.0000,2814.8000,2812.8000,2811.8000,2816.4000,2817.8000,2818.0000,2818.2000,2818.6000,2,1,1,1,1,2,1,1,1,1
SF,IH2006,2020-02-07 09:33:31.300,2816.6000,10768,0,159790500.000,0,-,-,-,-,2815.2000,2815.0000,2814.8000,2812.8000,2811.8000,2816.4000,2817.8000,2818.0000,2818.6000,2818.8000,2,1,1,1,1,2,1,1,1,1
SF,IH2006,2020-02-07 09:33:31.800,2816.6000,10768,0,159790500.000,0,-,-,-,-,2815.2000,2815.0000,2814.8000,2812.8000,2811.8000,2816.4000,2817.8000,2818.0000,2818.6000,2818.8000,2,1,1,1,1,2,1,1,1,1
SF,IH2006,2020-02-07 09:33:32.800,2816.6000,10768,0,159790500.000,0,-,-,-,-,2815.2000,2815.0000,2814.8000,2812.8000,2811.8000,2816.2000,2816.4000,2817.8000,2818.0000,2818.6000,2,1,1,1,1,1,2,1,1,1
SF,IH2006,2020-02-07 09:33:33.300,2816.4000,10766,-2,162325200.000,3,0,3,多平,S,2815.4000,2815.2000,2815.0000,2814.8000,2812.8000,2817.8000,2818.6000,2818.8000,2820.0000,2821.8000,1,1,1,1,1,1,1,1,6,1
SF,IH2006,2020-02-07 09:33:33.800,2816.4000,10766,0,162325200.000,0,-,-,-,-,2815.6000,2815.4000,2815.0000,2814.8000,2812.8000,2817.6000,2817.8000,2818.6000,2818.8000,2820.0000,2,1,1,1,1,1,1,1,1,6
SF,IH2006,2020-02-07 09:33:34.800,2816.4000,10766,0,162325200.000,0,-,-,-,-,2816.4000,2815.6000,2815.4000,2815.0000,2814.8000,2817.6000,2817.8000,2818.6000,2818.8000,2820.0000,1,1,1,1,1,1,1,1,1,6
SF,IH2006,2020-02-07 09:33:35.300,2816.4000,10766,0,162325200.000,0,-,-,-,-,2816.4000,2815.6000,2815.0000,2814.8000,2814.6000,2817.8000,2818.6000,2818.8000,2820.0000,2821.0000,1,1,1,1,1,1,1,1,6,1
SF,IH2006,2020-02-07 09:33:35.800,2816.4000,10765,-1,163170120.000,1,0,1,双平,S,2815.6000,2815.0000,2814.8000,2814.6000,2812.8000,2817.4000,2817.6000,2817.8000,2818.6000,2818.8000,1,1,1,1,1,1,1,1,1,1
SF,IH2006,2020-02-07 09:33:36.300,2816.4000,10765,0,163170120.000,0,-,-,-,-,2815.6000,2815.0000,2814.8000,2814.6000,2812.8000,2816.8000,2817.0000,2817.2000,2817.4000,2817.8000,1,1,1,1,1,1,1,2,1,1
SF,IH2006,2020-02-07 09:33:36.800,2816.4000,10765,0,163170120.000,0,-,-,-,-,2815.6000,2815.0000,2814.8000,2814.6000,2812.8000,2817.2000,2817.8000,2818.6000,2818.8000,2820.0000,1,1,1,1,1,2,1,1,1,6
SF,IH2006,2020-02-07 09:33:37.300,2815.6000,10764,-1,164014800.000,1,0,1,双平,S,2815.0000,2814.8000,2814.6000,2812.8000,2811.8000,2817.2000,2817.8000,2818.6000,2818.8000,2820.0000,1,1,1,1,1,2,1,1,1,6
SF,IH2006,2020-02-07 09:33:37.800,2815.6000,10764,0,164014800.000,0,-,-,-,-,2815.4000,2815.2000,2815.0000,2814.8000,2814.6000,2817.2000,2817.8000,2818.6000,2818.8000,2820.0000,1,2,1,1,1,1,1,1,1,6
SF,IH2006,2020-02-07 09:33:38.300,2815.6000,10764,0,165704160.000,2,1,1,多换,S,2815.6000,2815.2000,2815.0000,2814.8000,2814.6000,2817.2000,2817.8000,2818.6000,2818.8000,2820.0000,2,1,1,1,1,1,1,1,1,6
SF,IH2006,2020-02-07 09:33:38.800,2815.6000,10764,0,165704160.000,0,-,-,-,-,2815.8000,2815.6000,2815.2000,2815.0000,2814.8000,2817.2000,2817.8000,2818.6000,2818.8000,2820.0000,1,2,1,1,1,1,1,1,1,6
SF,IH2006,2020-02-07 09:33:39.300,2815.6000,10764,0,165704160.000,0,-,-,-,-,2816.0000,2815.8000,2815.6000,2815.0000,2814.8000,2817.2000,2817.8000,2818.6000,2818.8000,2820.0000,2,1,1,1,1,1,1,1,1,6
SF,IH2006,2020-02-07 09:33:39.800,2815.6000,10764,0,165704160.000,0,-,-,-,-,2816.0000,2815.8000,2815.6000,2815.0000,2814.8000,2817.8000,2818.6000,2818.8000,2820.0000,2821.0000,2,1,1,1,1,1,1,1,6,1
SF,IH2006,2020-02-07 09:33:40.300,2815.6000,10764,0,165704160.000,0,-,-,-,-,2816.2000,2816.0000,2815.6000,2815.0000,2814.8000,2817.6000,2817.8000,2818.6000,2818.8000,2820.0000,1,2,1,1,1,1,1,1,1,6
SF,IH2006,2020-02-07 09:33:41.300,2815.6000,10764,0,165704160.000,0,-,-,-,-,2816.2000,2816.0000,2815.6000,2815.0000,2814.8000,2817.6000,2817.8000,2818.6000,2818.8000,2820.0000,1,1,1,1,1,1,1,1,1,6
SF,IH2006,2020-02-07 09:33:41.800,2815.6000,10764,0,165704160.000,0,-,-,-,-,2816.0000,2815.6000,2815.0000,2814.8000,2814.6000,2817.6000,2817.8000,2818.6000,2818.8000,2820.0000,1,1,1,1,1,1,1,1,1,6
SF,IH2006,2020-02-07 09:33:42.300,2815.6000,10764,0,165704160.000,0,-,-,-,-,2815.6000,2815.0000,2814.8000,2814.6000,2812.8000,2817.6000,2817.8000,2818.6000,2818.8000,2820.0000,1,1,1,1,1,1,1,1,1,6
SF,IH2006,2020-02-07 09:33:42.800,2815.6000,10764,0,165704160.000,0,-,-,-,-,2815.6000,2815.0000,2814.8000,2814.6000,2812.8000,2817.4000,2817.6000,2818.6000,2818.8000,2820.0000,1,1,1,1,1,1,1,1,1,6
SF,IH2006,2020-02-07 09:33:43.300,2815.6000,10764,0,165704160.000,0,-,-,-,-,2815.6000,2815.0000,2814.8000,2814.6000,2812.8000,2817.2000,2817.4000,2818.6000,2818.8000,2820.0000,1,1,1,1,1,1,1,1,1,6
SF,IH2006,2020-02-07 09:33:44.800,2815.6000,10764,0,165704160.000,0,-,-,-,-,2816.0000,2815.6000,2815.0000,2814.8000,2814.6000,2817.2000,2817.4000,2818.6000,2818.8000,2820.0000,1,1,1,1,1,1,1,1,1,6
SF,IH2006,2020-02-07 09:33:45.300,2815.6000,10764,0,165704160.000,0,-,-,-,-,2815.6000,2815.0000,2814.8000,2814.6000,2812.8000,2817.4000,2818.6000,2818.8000,2820.0000,2821.0000,1,1,1,1,1,1,1,1,6,1
SF,IH2006,2020-02-07 09:33:45.800,2815.6000,10764,0,165704160.000,0,-,-,-,-,2815.8000,2815.6000,2815.0000,2814.8000,2814.6000,2817.2000,2817.4000,2818.6000,2818.8000,2820.0000,1,1,1,1,1,1,1,1,1,6
SF,IH2006,2020-02-07 09:33:46.300,2815.6000,10764,0,165704160.000,0,-,-,-,-,2816.0000,2815.8000,2815.6000,2815.0000,2814.8000,2817.2000,2817.4000,2818.6000,2818.8000,2820.0000,1,1,2,1,1,1,1,1,1,6
SF,IH2006,2020-02-07 09:33:46.800,2815.6000,10764,0,165704160.000,0,-,-,-,-,2816.0000,2815.8000,2815.6000,2815.0000,2814.8000,2818.6000,2818.8000,2820.0000,2821.0000,2821.8000,1,1,2,1,1,1,1,6,1,1
SF,IH2006,2020-02-07 09:33:47.300,2815.6000,10764,0,165704160.000,0,-,-,-,-,2816.2000,2815.8000,2815.6000,2815.0000,2814.8000,2818.2000,2818.4000,2818.6000,2818.8000,2820.0000,2,1,1,1,1,1,1,1,1,6
SF,IH2006,2020-02-07 09:33:47.800,2816.0000,10766,2,169083360.000,4,3,1,空开,S,2815.8000,2815.6000,2815.0000,2814.8000,2814.6000,2816.0000,2818.0000,2818.2000,2818.6000,2818.8000,1,1,1,1,1,1,1,1,1,1
SF,IH2006,2020-02-07 09:33:48.300,2816.0000,10766,0,169928160.000,1,0,1,多换,S,2816.2000,2816.0000,2815.8000,2815.6000,2815.0000,2818.0000,2820.0000,2821.0000,2821.8000,2822.0000,1,4,2,1,1,1,5,1,1,1
SF,IH2006,2020-02-07 09:33:48.800,2816.0000,10766,0,169928160.000,0,-,-,-,-,2816.4000,2816.2000,2816.0000,2815.8000,2815.6000,2818.0000,2820.0000,2821.0000,2821.8000,2822.0000,2,1,4,2,1,1,5,1,1,1
SF,IH2006,2020-02-07 09:33:49.300,2816.0000,10766,0,169928160.000,0,-,-,-,-,2816.6000,2816.4000,2816.2000,2816.0000,2815.6000,2817.2000,2817.8000,2818.0000,2820.0000,2821.0000,1,1,1,3,1,2,1,1,5,1
SF,IH2006,2020-02-07 09:33:49.800,2816.0000,10766,0,169928160.000,0,-,-,-,-,2816.6000,2816.0000,2815.6000,2815.0000,2814.8000,2817.2000,2817.8000,2818.0000,2820.0000,2821.0000,1,2,1,2,1,2,1,1,5,1
SF,IH2006,2020-02-07 09:33:50.300,2816.0000,10766,0,169928160.000,0,-,-,-,-,2816.0000,2815.6000,2815.0000,2814.8000,2814.6000,2817.2000,2817.8000,2818.0000,2820.0000,2821.0000,2,2,2,1,1,2,1,1,5,1
SF,IH2006,2020-02-07 09:33:50.800,2816.0000,10766,0,169928160.000,0,-,-,-,-,2816.0000,2815.6000,2815.0000,2814.8000,2814.6000,2817.0000,2817.2000,2818.0000,2820.0000,2821.0000,2,2,2,1,1,1,2,1,5,1
SF,IH2006,2020-02-07 09:33:51.300,2816.0000,10766,0,169928160.000,0,-,-,-,-,2815.6000,2815.0000,2814.8000,2814.6000,2812.8000,2816.8000,2817.0000,2817.2000,2818.0000,2820.0000,2,2,1,1,1,1,1,2,1,5
SF,IH2006,2020-02-07 09:33:56.300,2816.0000,10766,0,169928160.000,0,-,-,-,-,2815.6000,2815.0000,2814.8000,2814.6000,2812.8000,2817.0000,2817.2000,2818.0000,2820.0000,2821.0000,2,2,1,1,1,1,2,1,5,1
SF,IH2006,2020-02-07 09:33:56.800,2816.0000,10766,0,169928160.000,0,-,-,-,-,2815.8000,2815.6000,2815.0000,2814.8000,2814.6000,2817.0000,2817.2000,2818.0000,2820.0000,2821.0000,2,2,2,1,1,1,2,1,5,1
SF,IH2006,2020-02-07 09:33:57.300,2816.0000,10766,0,169928160.000,0,-,-,-,-,2815.8000,2815.6000,2815.0000,2814.8000,2814.6000,2817.2000,2818.0000,2820.0000,2821.0000,2821.8000,3,2,2,1,1,2,1,5,1,1
SF,IH2006,2020-02-07 09:33:57.800,2816.0000,10766,0,169928160.000,0,-,-,-,-,2816.0000,2815.8000,2815.6000,2815.0000,2814.8000,2817.2000,2818.0000,2820.0000,2821.0000,2821.8000,1,1,2,2,1,2,1,5,1,1
SF,IH2006,2020-02-07 09:33:58.300,2816.0000,10766,0,169928160.000,0,-,-,-,-,2816.0000,2815.8000,2815.6000,2815.0000,2814.8000,2817.2000,2818.0000,2820.0000,2821.0000,2821.8000,2,1,2,2,1,2,1,5,1,1
SF,IH2006,2020-02-07 09:33:58.800,2817.2000,10766,0,171618480.000,2,1,1,多换,S,2816.0000,2815.8000,2815.6000,2815.0000,2814.8000,2818.0000,2820.0000,2821.0000,2821.8000,2822.0000,2,1,2,2,1,1,5,1,1,1
SF,IH2006,2020-02-07 09:33:59.300,2817.2000,10766,0,171618480.000,0,-,-,-,-,2816.0000,2815.8000,2815.6000,2815.0000,2814.8000,2817.8000,2818.0000,2820.0000,2821.0000,2821.8000,3,1,2,2,1,1,1,5,1,1
SF,IH2006,2020-02-07 09:33:59.800,2817.2000,10766,0,171618480.000,0,-,-,-,-,2816.0000,2815.6000,2815.0000,2814.8000,2814.6000,2817.6000,2817.8000,2820.0000,2821.0000,2821.8000,2,2,2,1,1,3,1,5,1,1
SF,IH2006,2020-02-07 09:34:00.300,2817.2000,10766,0,171618480.000,0,-,-,-,-,2816.0000,2815.6000,2815.0000,2814.8000,2814.6000,2817.4000,2817.6000,2820.0000,2821.0000,2821.8000,1,2,2,1,1,1,3,5,1,1
SF,IH2006,2020-02-07 09:34:00.800,2817.2000,10766,0,171618480.000,0,-,-,-,-,2816.0000,2815.6000,2815.0000,2814.8000,2814.6000,2817.2000,2817.4000,2817.6000,2820.0000,2821.0000,1,2,2,1,1,1,1,2,5,1
SF,IH2006,2020-02-07 09:34:01.300,2817.2000,10766,0,171618480.000,0,-,-,-,-,2816.0000,2815.6000,2815.0000,2814.8000,2814.6000,2817.0000,2817.2000,2817.6000,2820.0000,2821.0000,1,2,2,1,1,1,1,1,5,1
SF,IH2006,2020-02-07 09:34:01.800,2817.2000,10766,0,171618480.000,0,-,-,-,-,2816.0000,2815.6000,2815.0000,2814.8000,2814.6000,2817.0000,2817.6000,2820.0000,2821.0000,2821.8000,1,1,2,1,1,1,1,5,1,1
SF,IH2006,2020-02-07 09:34:02.300,2817.2000,10766,0,171618480.000,0,-,-,-,-,2816.0000,2815.6000,2815.0000,2814.8000,2814.6000,2816.8000,2817.0000,2817.6000,2820.0000,2821.0000,1,1,2,1,1,2,1,1,5,1
SF,IH2006,2020-02-07 09:34:05.300,2816.8000,10765,-1,172463520.000,1,0,1,双平,S,2816.0000,2815.6000,2815.0000,2814.8000,2814.6000,2817.0000,2817.6000,2820.0000,2821.0000,2821.8000,1,1,2,1,1,1,1,5,1,1
SF,IH2006,2020-02-07 09:34:05.800,2817.0000,10764,-1,173308620.000,1,0,1,双平,S,2816.2000,2816.0000,2815.6000,2815.0000,2814.8000,2817.6000,2820.0000,2821.0000,2821.8000,2822.0000,1,2,1,2,1,1,5,1,1,1
SF,IH2006,2020-02-07 09:34:06.300,2817.0000,10764,0,173308620.000,0,-,-,-,-,2816.4000,2816.0000,2815.6000,2815.0000,2814.8000,2817.6000,2820.0000,2821.0000,2821.8000,2822.0000,2,2,1,2,1,1,5,1,1,1
SF,IH2006,2020-02-07 09:34:06.800,2817.0000,10764,0,173308620.000,0,-,-,-,-,2816.4000,2816.0000,2815.6000,2815.0000,2814.8000,2820.0000,2821.0000,2821.8000,2822.0000,2823.0000,2,2,1,2,1,5,1,1,1,1
SF,IH2006,2020-02-07 09:34:07.300,2817.0000,10764,0,173308620.000,0,-,-,-,-,2816.6000,2816.4000,2816.0000,2815.6000,2815.0000,2819.6000,2819.8000,2820.0000,2821.0000,2821.8000,2,2,2,1,2,1,3,6,1,1
SF,IH2006,2020-02-07 09:34:07.800,2817.0000,10764,0,173308620.000,0,-,-,-,-,2817.0000,2816.8000,2816.6000,2816.0000,2815.6000,2819.4000,2819.8000,2820.0000,2821.0000,2821.8000,1,2,2,2,1,1,1,5,1,1
SF,IH2006,2020-02-07 09:34:08.300,2817.0000,10764,0,173308620.000,0,-,-,-,-,2817.2000,2817.0000,2816.8000,2816.6000,2816.0000,2819.4000,2819.8000,2820.0000,2821.0000,2821.8000,1,1,1,1,2,1,1,5,1,1
SF,IH2006,2020-02-07 09:34:08.800,2817.0000,10764,0,173308620.000,0,-,-,-,-,2817.4000,2817.2000,2816.6000,2816.0000,2815.6000,2819.2000,2819.4000,2819.6000,2819.8000,2820.0000,1,1,1,2,1,1,1,1,1,5
SF,IH2006,2020-02-07 09:34:09.300,2817.0000,10764,0,174153720.000,1,0,1,多换,S,2816.6000,2816.0000,2815.6000,2815.0000,2814.8000,2818.8000,2819.0000,2819.2000,2819.6000,2819.8000,1,1,1,1,1,1,2,1,1,1
SF,IH2006,2020-02-07 09:34:09.800,2817.0000,10764,0,174153720.000,0,-,-,-,-,2816.8000,2816.0000,2815.6000,2815.0000,2814.8000,2818.6000,2818.8000,2819.0000,2819.6000,2819.8000,1,1,1,1,1,2,1,1,1,1
SF,IH2006,2020-02-07 09:34:10.300,2817.0000,10764,0,174153720.000,0,-,-,-,-,2816.0000,2815.6000,2815.0000,2814.8000,2814.6000,2818.4000,2818.6000,2818.8000,2819.6000,2820.0000,1,1,1,1,1,2,2,1,1,5
SF,IH2006,2020-02-07 09:34:10.800,2817.0000,10764,0,174153720.000,0,-,-,-,-,2816.2000,2816.0000,2815.6000,2815.0000,2814.8000,2818.2000,2818.4000,2818.6000,2818.8000,2819.6000,1,1,1,1,1,2,2,1,1,1
SF,IH2006,2020-02-07 09:34:11.300,2817.0000,10764,0,174153720.000,0,-,-,-,-,2816.2000,2816.0000,2815.6000,2815.0000,2814.8000,2818.2000,2818.4000,2818.8000,2820.0000,2821.0000,1,1,1,1,1,3,2,1,5,1
SF,IH2006,2020-02-07 09:34:11.800,2817.0000,10764,0,174153720.000,0,-,-,-,-,2816.4000,2816.2000,2816.0000,2815.6000,2815.0000,2816.6000,2818.2000,2818.4000,2818.8000,2820.0000,2,1,1,1,1,1,1,2,1,5
SF,IH2006,2020-02-07 09:34:12.300,2816.6000,10763,-1,174998700.000,1,0,1,双平,S,2816.4000,2816.2000,2816.0000,2815.6000,2815.0000,2818.2000,2818.4000,2818.8000,2820.0000,2821.0000,2,1,1,1,1,1,1,1,5,1
SF,IH2006,2020-02-07 09:34:12.800,2816.6000,10763,0,174998700.000,0,-,-,-,-,2816.4000,2816.0000,2815.6000,2815.0000,2814.8000,2818.0000,2818.2000,2818.8000,2820.0000,2821.0000,2,1,1,1,1,2,2,1,5,1
SF,IH2006,2020-02-07 09:34:13.300,2816.6000,10763,0,174998700.000,0,-,-,-,-,2816.0000,2815.6000,2815.0000,2814.8000,2814.6000,2817.8000,2818.0000,2818.2000,2818.8000,2820.0000,1,1,1,1,1,3,2,1,1,5
SF,IH2006,2020-02-07 09:34:13.800,2816.6000,10763,0,174998700.000,0,-,-,-,-,2816.2000,2816.0000,2815.6000,2815.0000,2814.8000,2817.6000,2817.8000,2818.8000,2819.8000,2820.0000,2,1,1,1,1,1,2,1,1,5
SF,IH2006,2020-02-07 09:34:14.300,2816.6000,10763,0,174998700.000,0,-,-,-,-,2816.4000,2816.2000,2816.0000,2815.6000,2815.0000,2817.6000,2817.8000,2818.8000,2819.8000,2820.0000,1,1,1,1,1,1,2,1,1,5
SF,IH2006,2020-02-07 09:34:14.800,2816.6000,10763,0,174998700.000,0,-,-,-,-,2816.6000,2816.4000,2816.0000,2815.6000,2815.0000,2818.8000,2819.8000,2820.0000,2821.0000,2821.8000,1,1,1,1,1,1,1,5,1,1
SF,IH2006,2020-02-07 09:34:15.300,2816.6000,10763,0,174998700.000,0,-,-,-,-,2816.6000,2816.4000,2816.0000,2815.6000,2815.0000,2818.6000,2818.8000,2819.8000,2820.0000,2821.0000,1,1,1,1,1,3,1,1,5,1
SF,IH2006,2020-02-07 09:34:15.800,2816.6000,10763,0,174998700.000,0,-,-,-,-,2816.6000,2816.4000,2816.0000,2815.6000,2815.0000,2818.4000,2818.6000,2818.8000,2819.8000,2820.0000,1,1,1,1,1,2,3,1,1,5
SF,IH2006,2020-02-07 09:34:16.300,2816.6000,10763,0,174998700.000,0,-,-,-,-,2816.8000,2816.6000,2816.0000,2815.6000,2815.0000,2818.2000,2818.4000,2818.8000,2819.8000,2820.0000,1,1,1,1,1,2,1,1,1,5
SF,IH2006,2020-02-07 09:34:16.800,2816.6000,10763,0,174998700.000,0,-,-,-,-,2817.0000,2816.8000,2816.6000,2816.0000,2815.6000,2818.0000,2818.2000,2818.4000,2818.8000,2819.8000,1,1,1,1,1,1,1,1,1,1
SF,IH2006,2020-02-07 09:34:17.300,2816.6000,10763,0,175843680.000,1,0,1,多换,S,2816.8000,2816.6000,2816.0000,2815.6000,2815.0000,2818.4000,2818.8000,2819.8000,2820.0000,2821.0000,1,1,1,1,1,1,1,1,5,1
SF,IH2006,2020-02-07 09:34:17.800,2816.6000,10763,0,175843680.000,0,-,-,-,-,2816.8000,2816.6000,2816.0000,2815.6000,2815.0000,2818.2000,2818.4000,2818.8000,2819.8000,2820.0000,1,1,1,1,1,1,1,1,1,5
SF,IH2006,2020-02-07 09:34:18.300,2816.6000,10763,0,175843680.000,0,-,-,-,-,2816.8000,2816.6000,2816.0000,2815.6000,2815.0000,2818.0000,2818.4000,2818.8000,2819.8000,2820.0000,1,1,1,1,1,1,1,1,1,5
SF,IH2006,2020-02-07 09:34:18.800,2816.6000,10763,0,175843680.000,0,-,-,-,-,2817.0000,2816.8000,2816.0000,2815.6000,2815.0000,2819.8000,2820.0000,2821.0000,2821.8000,2822.0000,1,1,1,1,1,1,5,1,1,1
SF,IH2006,2020-02-07 09:34:19.300,2816.6000,10763,0,175843680.000,0,-,-,-,-,2817.2000,2817.0000,2816.8000,2816.0000,2815.6000,2819.6000,2819.8000,2820.0000,2821.0000,2821.8000,1,1,1,1,1,4,1,5,1,1
SF,IH2006,2020-02-07 09:34:19.800,2816.6000,10763,0,175843680.000,0,-,-,-,-,2817.4000,2817.2000,2816.8000,2816.0000,2815.6000,2819.4000,2819.6000,2819.8000,2820.0000,2821.0000,1,1,1,1,1,1,3,1,5,1
SF,IH2006,2020-02-07 09:34:20.300,2816.6000,10763,0,175843680.000,0,-,-,-,-,2817.6000,2817.4000,2817.2000,2816.8000,2816.0000,2819.2000,2819.8000,2820.0000,2821.0000,2821.8000,1,1,1,1,1,3,1,5,1,1
SF,IH2006,2020-02-07 09:34:20.800,2816.6000,10763,0,175843680.000,0,-,-,-,-,2817.6000,2817.4000,2817.2000,2816.8000,2816.0000,2819.0000,2819.2000,2819.8000,2820.0000,2821.0000,1,1,1,1,1,1,2,1,5,1
SF,IH2006,2020-02-07 09:34:21.300,2816.6000,10763,0,175843680.000,0,-,-,-,-,2817.6000,2817.4000,2817.2000,2816.8000,2816.0000,2818.8000,2819.2000,2819.8000,2820.0000,2821.0000,1,1,1,1,1,1,2,1,5,1
SF,IH2006,2020-02-07 09:34:21.800,2816.6000,10763,0,175843680.000,0,-,-,-,-,2817.6000,2817.4000,2817.2000,2816.8000,2816.0000,2818.6000,2819.2000,2819.8000,2820.0000,2821.0000,1,1,1,2,1,1,2,1,5,1
SF,IH2006,2020-02-07 09:34:22.300,2817.6000,10764,1,176688960.000,1,1,0,双开,S,2817.4000,2817.2000,2816.8000,2816.0000,2815.6000,2818.4000,2819.2000,2819.8000,2820.0000,2821.0000,1,1,2,1,1,1,2,1,5,1
SF,IH2006,2020-02-07 09:34:22.800,2817.6000,10764,0,176688960.000,0,-,-,-,-,2817.4000,2817.2000,2816.8000,2816.0000,2815.6000,2819.2000,2819.8000,2820.0000,2821.0000,2821.8000,1,1,2,1,1,2,1,5,1,1
SF,IH2006,2020-02-07 09:34:23.300,2817.6000,10764,0,176688960.000,0,-,-,-,-,2817.2000,2816.8000,2816.0000,2815.6000,2815.0000,2819.0000,2819.2000,2819.8000,2820.0000,2821.0000,1,1,2,1,1,4,2,1,5,1
SF,IH2006,2020-02-07 09:34:23.800,2817.6000,10764,0,176688960.000,0,-,-,-,-,2816.8000,2816.0000,2815.6000,2815.0000,2814.8000,2818.8000,2819.0000,2819.8000,2820.0000,2821.0000,1,2,1,1,1,3,1,1,5,1
SF,IH2006,2020-02-07 09:34:24.300,2817.6000,10764,0,176688960.000,0,-,-,-,-,2817.0000,2816.8000,2816.0000,2815.6000,2815.0000,2818.6000,2818.8000,2819.8000,2820.0000,2821.0000,2,1,2,1,1,1,2,1,5,1
SF,IH2006,2020-02-07 09:34:25.300,2817.6000,10764,0,176688960.000,0,-,-,-,-,2817.2000,2817.0000,2816.8000,2816.0000,2815.6000,2818.8000,2819.8000,2820.0000,2821.0000,2821.8000,1,2,2,2,1,2,1,5,1,1
SF,IH2006,2020-02-07 09:34:25.800,2817.6000,10764,0,176688960.000,0,-,-,-,-,2817.4000,2817.2000,2817.0000,2816.8000,2816.0000,2818.8000,2819.8000,2820.0000,2821.0000,2821.8000,2,1,1,2,2,1,1,5,1,1
SF,IH2006,2020-02-07 09:34:26.800,2817.6000,10764,0,176688960.000,0,-,-,-,-,2817.4000,2817.0000,2816.8000,2816.0000,2815.6000,2818.8000,2819.8000,2820.0000,2821.0000,2821.8000,2,1,2,2,1,1,1,5,1,1
SF,IH2006,2020-02-07 09:34:27.300,2817.6000,10764,0,176688960.000,0,-,-,-,-,2817.4000,2816.8000,2816.0000,2815.6000,2815.0000,2818.6000,2818.8000,2819.8000,2820.0000,2821.0000,1,2,2,1,1,2,1,1,5,1
SF,IH2006,2020-02-07 09:34:27.800,2817.6000,10764,0,176688960.000,0,-,-,-,-,2817.4000,2816.8000,2816.0000,2815.6000,2815.0000,2818.6000,2818.8000,2819.8000,2820.0000,2821.0000,1,1,2,1,1,2,1,1,5,1
SF,IH2006,2020-02-07 09:34:28.800,2817.6000,10764,0,176688960.000,0,-,-,-,-,2817.4000,2816.8000,2816.0000,2815.6000,2815.0000,2818.6000,2818.8000,2819.8000,2820.0000,2821.0000,1,1,2,1,1,1,1,1,5,1
SF,IH2006,2020-02-07 09:34:29.300,2817.6000,10764,0,176688960.000,0,-,-,-,-,2817.4000,2816.8000,2816.6000,2816.0000,2815.6000,2818.6000,2818.8000,2819.8000,2820.0000,2821.0000,1,1,1,2,1,1,1,1,5,1
SF,IH2006,2020-02-07 09:34:31.300,2817.6000,10764,0,176688960.000,0,-,-,-,-,2817.4000,2816.8000,2816.6000,2816.0000,2815.6000,2818.8000,2819.8000,2820.0000,2821.0000,2821.8000,1,1,1,2,1,1,1,5,1,1
SF,IH2006,2020-02-07 09:34:31.800,2817.6000,10764,0,176688960.000,0,-,-,-,-,2817.6000,2817.4000,2816.8000,2816.6000,2816.0000,2818.8000,2819.8000,2820.0000,2821.0000,2821.8000,2,1,1,1,2,1,1,5,1,1
SF,IH2006,2020-02-07 09:34:32.300,2817.6000,10764,0,176688960.000,0,-,-,-,-,2817.6000,2817.4000,2816.8000,2816.6000,2816.0000,2819.8000,2820.0000,2821.0000,2821.8000,2822.0000,2,1,1,1,2,1,5,1,1,1
SF,IH2006,2020-02-07 09:34:32.800,2817.6000,10764,0,176688960.000,0,-,-,-,-,2817.8000,2817.6000,2817.4000,2816.8000,2816.6000,2819.6000,2819.8000,2820.0000,2821.0000,2821.8000,2,2,1,1,1,1,1,5,1,1
SF,IH2006,2020-02-07 09:34:33.300,2817.6000,10764,0,176688960.000,0,-,-,-,-,2817.8000,2817.6000,2817.4000,2816.8000,2816.6000,2819.6000,2819.8000,2820.0000,2821.0000,2821.8000,1,1,1,1,1,1,1,5,1,1
SF,IH2006,2020-02-07 09:34:33.800,2817.6000,10764,0,176688960.000,0,-,-,-,-,2817.6000,2817.4000,2816.8000,2816.6000,2816.0000,2819.4000,2819.6000,2819.8000,2820.0000,2821.0000,1,1,1,1,2,2,1,1,5,1
SF,IH2006,2020-02-07 09:34:34.300,2817.6000,10764,0,176688960.000,0,-,-,-,-,2817.6000,2817.4000,2816.8000,2816.6000,2816.0000,2819.2000,2819.4000,2819.8000,2820.0000,2821.0000,1,1,1,1,2,1,2,1,5,1
SF,IH2006,2020-02-07 09:34:34.800,2817.6000,10764,0,176688960.000,0,-,-,-,-,2817.8000,2817.6000,2817.4000,2816.8000,2816.6000,2819.2000,2819.4000,2819.8000,2820.0000,2821.0000,3,1,1,1,1,1,1,1,5,1
SF,IH2006,2020-02-07 09:34:35.300,2817.6000,10764,0,176688960.000,0,-,-,-,-,2817.8000,2817.6000,2817.4000,2816.8000,2816.6000,2819.2000,2819.4000,2819.8000,2820.0000,2821.0000,2,1,1,1,1,1,1,1,5,1
SF,IH2006,2020-02-07 09:34:35.800,2817.6000,10764,0,176688960.000,0,-,-,-,-,2818.4000,2818.2000,2818.0000,2817.8000,2817.4000,2819.2000,2819.8000,2820.0000,2821.0000,2821.8000,1,1,2,2,1,1,1,5,1,1
SF,IH2006,2020-02-07 09:34:36.300,2819.2000,10763,-1,177534720.000,1,0,1,双平,S,2818.0000,2817.8000,2817.4000,2816.8000,2816.6000,2818.4000,2819.8000,2820.0000,2821.0000,2821.8000,1,2,1,1,1,3,1,5,1,1
SF,IH2006,2020-02-07 09:34:36.800,2818.4000,10760,-3,180071280.000,3,0,3,双平,S,2818.6000,2818.4000,2818.0000,2817.8000,2817.4000,2819.8000,2820.0000,2821.0000,2821.8000,2822.0000,1,2,1,2,1,1,5,1,1,1
SF,IH2006,2020-02-07 09:34:37.300,2818.4000,10760,0,180071280.000,0,-,-,-,-,2818.6000,2818.4000,2818.0000,2817.8000,2817.4000,2819.8000,2820.0000,2821.0000,2821.8000,2822.0000,1,2,1,1,1,1,5,1,1,1
SF,IH2006,2020-02-07 09:34:39.300,2818.4000,10760,0,180071280.000,0,-,-,-,-,2818.6000,2818.4000,2818.0000,2817.8000,2817.4000,2819.0000,2819.8000,2820.0000,2821.0000,2821.8000,1,2,1,1,1,1,1,5,1,1
SF,IH2006,2020-02-07 09:34:39.800,2819.0000,10759,-1,180916980.000,1,0,1,双平,S,2819.2000,2819.0000,2818.6000,2818.0000,2817.4000,2819.8000,2820.0000,2821.0000,2821.8000,2822.0000,1,4,1,1,1,1,5,1,1,1
SF,IH2006,2020-02-07 09:34:40.300,2819.8000,10758,-1,181762920.000,1,0,1,双平,S,2819.2000,2819.0000,2818.6000,2818.0000,2816.8000,2820.0000,2821.0000,2821.8000,2822.0000,2823.0000,1,2,1,1,1,5,1,1,1,1
SF,IH2006,2020-02-07 09:34:40.800,2819.8000,10758,0,181762920.000,0,-,-,-,-,2819.2000,2819.0000,2818.6000,2818.0000,2816.8000,2820.0000,2821.0000,2821.8000,2822.0000,2823.0000,1,2,1,1,1,5,1,1,1,1
SF,IH2006,2020-02-07 09:34:41.800,2819.8000,10758,0,181762920.000,0,-,-,-,-,2819.2000,2819.0000,2818.6000,2818.0000,2816.8000,2819.4000,2820.0000,2821.0000,2821.8000,2822.0000,1,2,1,1,1,1,5,1,1,1
SF,IH2006,2020-02-07 09:34:42.300,2819.4000,10757,-1,182608740.000,1,0,1,双平,S,2819.4000,2819.2000,2818.6000,2818.0000,2816.8000,2820.0000,2821.0000,2821.8000,2822.0000,2823.0000,4,1,1,1,1,1,1,1,1,1
SF,IH2006,2020-02-07 09:34:42.800,2819.4000,10757,0,182608740.000,0,-,-,-,-,2819.4000,2818.6000,2818.0000,2816.8000,2816.6000,2820.0000,2821.0000,2821.8000,2822.0000,2823.0000,2,1,1,1,1,1,1,1,1,1
SF,IH2006,2020-02-07 09:34:43.300,2820.0000,10756,-1,183454740.000,1,0,1,双平,S,2819.4000,2818.0000,2816.8000,2816.6000,2816.0000,2821.0000,2821.8000,2822.0000,2823.0000,2824.6000,2,1,1,1,3,1,1,1,1,1
SF,IH2006,2020-02-07 09:34:43.800,2820.0000,10756,0,183454740.000,0,-,-,-,-,2819.8000,2819.4000,2818.0000,2816.8000,2816.6000,2820.8000,2821.0000,2821.8000,2822.0000,2823.0000,1,2,1,1,1,2,1,1,1,1
SF,IH2006,2020-02-07 09:34:44.300,2819.8000,10755,-1,184300680.000,1,0,1,双平,S,2819.4000,2818.0000,2816.8000,2816.6000,2816.0000,2820.6000,2820.8000,2821.0000,2821.8000,2822.0000,2,1,1,1,3,2,2,1,1,1
SF,IH2006,2020-02-07 09:34:44.800,2819.8000,10755,0,184300680.000,0,-,-,-,-,2819.4000,2818.0000,2816.8000,2816.6000,2816.0000,2820.6000,2820.8000,2821.0000,2821.8000,2822.0000,2,1,1,1,3,2,1,1,1,1
SF,IH2006,2020-02-07 09:34:45.300,2819.8000,10755,0,184300680.000,0,-,-,-,-,2819.4000,2818.0000,2816.8000,2816.6000,2816.0000,2820.6000,2820.8000,2821.0000,2821.8000,2822.0000,2,2,1,1,3,2,1,1,1,1
SF,IH2006,2020-02-07 09:34:45.800,2819.8000,10755,0,184300680.000,0,-,-,-,-,2819.4000,2818.0000,2816.8000,2816.6000,2816.0000,2820.6000,2820.8000,2821.0000,2821.8000,2822.0000,2,2,1,1,3,3,1,1,1,1
SF,IH2006,2020-02-07 09:34:46.300,2819.8000,10755,0,184300680.000,0,-,-,-,-,2818.0000,2816.8000,2816.6000,2816.0000,2815.6000,2820.4000,2820.6000,2821.0000,2821.8000,2822.0000,2,1,1,3,1,2,3,1,1,1
SF,IH2006,2020-02-07 09:34:46.800,2820.2000,10756,1,185146740.000,1,1,0,双开,S,2818.0000,2816.8000,2816.6000,2816.0000,2815.6000,2820.4000,2820.6000,2821.0000,2821.8000,2822.0000,2,1,1,3,1,2,3,1,1,1
SF,IH2006,2020-02-07 09:34:47.300,2820.2000,10756,0,185146740.000,0,-,-,-,-,2818.0000,2816.8000,2816.6000,2816.0000,2815.6000,2820.4000,2820.6000,2821.0000,2821.8000,2822.0000,2,1,1,3,1,2,3,1,1,1
SF,IH2006,2020-02-07 09:34:47.800,2820.2000,10756,0,185146740.000,0,-,-,-,-,2818.0000,2816.8000,2816.6000,2816.0000,2815.6000,2820.4000,2820.6000,2821.0000,2821.8000,2822.0000,2,1,1,3,1,2,3,1,1,1
SF,IH2006,2020-02-07 09:34:48.300,2820.2000,10756,0,185146740.000,0,-,-,-,-,2818.0000,2816.8000,2816.6000,2816.0000,2815.6000,2820.0000,2820.2000,2820.4000,2820.6000,2821.0000,1,1,1,3,1,1,2,2,3,1
SF,IH2006,2020-02-07 09:34:48.800,2820.2000,10756,0,185992800.000,1,0,1,多换,S,2818.0000,2816.8000,2816.6000,2816.0000,2815.6000,2820.0000,2820.2000,2820.6000,2821.0000,2821.2000,1,1,1,3,1,1,3,1,1,4
SF,IH2006,2020-02-07 09:34:49.300,2820.2000,10756,0,185992800.000,0,-,-,-,-,2818.0000,2816.6000,2816.0000,2815.6000,2814.8000,2819.6000,2819.8000,2820.0000,2820.2000,2820.6000,1,1,3,1,1,1,3,1,2,1
SF,IH2006,2020-02-07 09:34:49.800,2820.2000,10756,0,186838860.000,1,0,1,多换,S,2818.2000,2818.0000,2816.6000,2816.0000,2815.6000,2819.8000,2820.0000,2820.2000,2820.6000,2821.0000,1,1,1,3,1,4,1,2,1,1
SF,IH2006,2020-02-07 09:34:50.300,2820.0000,10756,0,187684860.000,1,0,1,多换,S,2818.2000,2818.0000,2816.6000,2816.0000,2815.6000,2819.8000,2820.0000,2820.2000,2821.0000,2821.2000,1,1,1,3,1,1,1,2,1,4
SF,IH2006,2020-02-07 09:34:50.800,2820.0000,10756,0,187684860.000,0,-,-,-,-,2818.2000,2818.0000,2816.6000,2816.0000,2815.6000,2819.6000,2819.8000,2820.0000,2820.2000,2821.2000,1,1,1,3,1,2,1,1,2,4
SF,IH2006,2020-02-07 09:34:51.300,2820.0000,10756,0,187684860.000,0,-,-,-,-,2818.2000,2818.0000,2816.6000,2816.0000,2815.6000,2819.6000,2819.8000,2820.0000,2821.2000,2821.8000,1,1,1,3,1,2,1,1,4,1
SF,IH2006,2020-02-07 09:34:51.800,2819.6000,10755,-1,188530740.000,1,0,1,双平,S,2818.2000,2818.0000,2816.6000,2816.0000,2815.6000,2820.0000,2821.2000,2821.8000,2822.0000,2822.2000,1,1,1,3,1,1,4,1,1,1
SF,IH2006,2020-02-07 09:34:52.300,2819.6000,10755,0,188530740.000,0,-,-,-,-,2818.4000,2818.2000,2818.0000,2816.6000,2816.0000,2820.0000,2821.2000,2821.8000,2822.0000,2822.2000,4,2,1,1,3,1,4,1,1,1
SF,IH2006,2020-02-07 09:34:52.800,2819.6000,10755,0,188530740.000,0,-,-,-,-,2818.6000,2818.4000,2818.2000,2818.0000,2816.6000,2820.0000,2821.2000,2821.8000,2822.0000,2822.2000,1,4,1,1,1,1,4,1,1,1
SF,IH2006,2020-02-07 09:34:53.300,2819.6000,10755,0,188530740.000,0,-,-,-,-,2818.8000,2818.6000,2818.4000,2818.2000,2818.0000,2820.0000,2821.2000,2821.8000,2822.0000,2822.2000,2,1,3,1,1,1,4,1,1,1
SF,IH2006,2020-02-07 09:34:53.800,2819.6000,10755,0,188530740.000,0,-,-,-,-,2819.0000,2818.8000,2818.4000,2818.2000,2818.0000,2820.0000,2821.2000,2821.8000,2822.0000,2822.2000,1,1,3,1,1,1,4,1,1,1
SF,IH2006,2020-02-07 09:34:54.800,2820.0000,10755,0,189376740.000,1,0,1,多换,S,2819.0000,2818.8000,2818.4000,2818.2000,2818.0000,2821.2000,2821.8000,2822.0000,2822.2000,2824.6000,1,1,3,1,1,4,1,1,1,1
SF,IH2006,2020-02-07 09:34:55.300,2820.0000,10755,0,189376740.000,0,-,-,-,-,2819.2000,2819.0000,2818.8000,2818.4000,2818.2000,2821.2000,2821.8000,2822.0000,2822.2000,2824.6000,2,1,1,3,1,4,1,1,1,1
SF,IH2006,2020-02-07 09:34:55.800,2821.2000,10755,0,192762180.000,4,2,2,多换,S,2821.2000,2819.4000,2819.2000,2818.8000,2818.4000,2821.8000,2822.2000,2824.6000,2827.8000,2830.0000,1,1,2,1,3,1,1,1,1,3
