市场代码,合约代码,时间,最新,持仓,增仓,成交额,成交量,开仓,平仓,成交类型,方向,买一价,买二价,买三价,买四价,买五价,卖一价,卖二价,卖三价,卖四价,卖五价,买一量,买二量,买三量,买四量,买五量,卖一量,卖二量,卖三量,卖四量,卖五量
SF,IH2009,2020-05-20 09:29:00.100,2749.0000,14386,0,9071700.000,11.000,-,-,-,-,2749.0000,2748.8000,2748.0000,2747.8000,2747.2000,2750.0000,2752.0000,2753.8000,2755.0000,2757.0000,1,2,2,2,1,1,1,1,2,1
SF,IH2009,2020-05-20 09:30:00.100,2750.0000,14386,0,9896700.000,1,0,1,多换,S,2749.0000,2748.8000,2748.0000,2747.8000,2747.2000,2750.0000,2752.0000,2753.8000,2755.0000,2757.0000,1,2,2,2,1,1,1,1,2,1
SF,IH2009,2020-05-20 09:30:00.600,2750.0000,14384,-2,11546700.000,2,0,2,双平,S,2751.0000,2750.0000,2749.8000,2749.2000,2749.0000,2752.0000,2753.8000,2755.0000,2757.0000,2757.8000,2,3,2,1,2,1,1,2,1,1
SF,IH2009,2020-05-20 09:30:01.100,2751.0000,14381,-3,14848440.000,4,0,4,多平,S,2751.0000,2750.2000,2750.0000,2749.8000,2749.2000,2752.0000,2755.0000,2757.0000,2757.8000,2758.8000,1,14,3,2,11,1,2,1,1,6
SF,IH2009,2020-05-20 09:30:01.600,2751.0000,14381,0,14848440.000,0,-,-,-,-,2751.0000,2750.2000,2750.0000,2749.8000,2749.2000,2752.0000,2754.0000,2755.0000,2757.0000,2757.8000,1,14,3,2,11,1,1,2,1,1
SF,IH2009,2020-05-20 09:30:02.100,2751.0000,14381,0,14848440.000,0,-,-,-,-,2751.0000,2750.2000,2750.0000,2749.8000,2749.2000,2751.6000,2752.0000,2754.0000,2755.0000,2757.0000,1,14,3,2,4,2,2,1,2,1
SF,IH2009,2020-05-20 09:30:02.600,2751.0000,14380,-1,15673740.000,1,0,1,双平,S,2750.2000,2750.0000,2749.8000,2749.2000,2749.0000,2751.4000,2751.8000,2752.0000,2754.0000,2755.0000,14,3,2,2,1,2,2,2,1,2
SF,IH2009,2020-05-20 09:30:03.100,2751.0000,14380,0,15673740.000,0,-,-,-,-,2750.4000,2750.2000,2750.0000,2749.8000,2749.2000,2751.0000,2751.2000,2751.8000,2752.0000,2753.0000,1,14,3,2,1,2,1,2,1,1
SF,IH2009,2020-05-20 09:30:03.600,2751.0000,14380,0,15673740.000,0,-,-,-,-,2750.4000,2750.2000,2750.0000,2749.8000,2749.2000,2751.0000,2751.8000,2752.0000,2753.0000,2753.6000,1,14,3,2,1,2,2,1,1,1
SF,IH2009,2020-05-20 09:30:04.100,2750.4000,14379,-1,16498860.000,1,0,1,双平,S,2750.2000,2750.0000,2749.8000,2749.2000,2749.0000,2751.0000,2751.8000,2752.0000,2753.0000,2753.6000,14,3,2,1,1,2,2,1,1,1
SF,IH2009,2020-05-20 09:30:04.600,2750.2000,14376,-3,18974040.000,3,0,3,双平,S,2750.2000,2750.0000,2749.8000,2749.2000,2749.0000,2751.0000,2751.8000,2752.0000,2753.0000,2753.6000,11,3,2,1,1,3,2,1,1,1
SF,IH2009,2020-05-20 09:30:05.100,2750.2000,14375,-1,19799100.000,1,0,1,双平,S,2750.2000,2750.0000,2749.8000,2749.2000,2749.0000,2751.0000,2751.8000,2752.0000,2753.0000,2753.6000,10,3,2,1,1,3,2,1,1,1
SF,IH2009,2020-05-20 09:30:06.100,2751.0000,14374,-1,21449700.000,2,0,2,多平,S,2750.2000,2750.0000,2749.2000,2749.0000,2746.8000,2751.0000,2751.8000,2752.0000,2753.0000,2753.6000,10,3,1,1,1,1,2,1,1,1
SF,IH2009,2020-05-20 09:30:06.600,2751.0000,14373,-1,22275000.000,1,0,1,双平,S,2751.2000,2751.0000,2750.2000,2750.0000,2749.2000,2752.0000,2753.0000,2753.6000,2754.0000,2755.0000,2,1,10,3,1,1,1,1,2,2
SF,IH2009,2020-05-20 09:30:07.100,2751.0000,14373,0,22275000.000,0,-,-,-,-,2751.2000,2751.0000,2750.2000,2750.0000,2749.2000,2751.8000,2752.0000,2753.0000,2753.6000,2754.0000,2,1,10,3,1,4,1,1,1,2
SF,IH2009,2020-05-20 09:30:07.600,2751.2000,14372,-1,23100360.000,1,0,1,双平,S,2751.2000,2751.0000,2750.2000,2750.0000,2749.2000,2751.8000,2752.0000,2753.0000,2753.6000,2754.0000,1,1,10,3,1,1,1,1,1,2
SF,IH2009,2020-05-20 09:30:08.100,2751.0000,14370,-2,24751020.000,2,0,2,双平,S,2750.2000,2750.0000,2749.2000,2749.0000,2746.8000,2751.0000,2751.2000,2751.6000,2752.0000,2753.0000,10,3,1,1,1,2,2,1,1,1
SF,IH2009,2020-05-20 09:30:08.600,2750.2000,14367,-3,27226440.000,3,0,3,双平,S,2750.2000,2750.0000,2749.2000,2749.0000,2746.8000,2751.6000,2752.0000,2753.0000,2753.6000,2754.0000,8,3,1,1,1,1,1,1,1,2
SF,IH2009,2020-05-20 09:30:09.100,2750.2000,14366,-1,28051500.000,1,0,1,双平,S,2750.2000,2750.0000,2749.2000,2749.0000,2746.8000,2751.6000,2752.0000,2753.0000,2753.6000,2754.0000,7,3,1,1,1,1,1,1,1,2
SF,IH2009,2020-05-20 09:30:09.600,2750.2000,14366,0,28051500.000,0,-,-,-,-,2750.2000,2750.0000,2749.2000,2749.0000,2746.8000,2751.0000,2751.4000,2751.6000,2752.0000,2753.0000,7,3,1,1,1,1,1,1,1,1
SF,IH2009,2020-05-20 09:30:10.100,2751.0000,14365,-1,28876800.000,1,0,1,双平,S,2751.0000,2750.2000,2750.0000,2749.2000,2749.0000,2751.6000,2752.0000,2753.0000,2753.6000,2754.0000,1,7,3,1,1,2,1,1,1,2
SF,IH2009,2020-05-20 09:30:10.600,2751.0000,14365,0,29702100.000,1,0,1,多换,S,2750.2000,2750.0000,2749.2000,2749.0000,2746.8000,2752.0000,2753.0000,2753.6000,2753.8000,2754.0000,7,3,1,1,1,1,1,1,1,2
SF,IH2009,2020-05-20 09:30:11.100,2751.0000,14365,0,29702100.000,0,-,-,-,-,2750.4000,2750.2000,2750.0000,2749.2000,2749.0000,2751.8000,2752.0000,2753.0000,2753.6000,2753.8000,2,7,3,1,1,2,2,1,1,1
SF,IH2009,2020-05-20 09:30:11.600,2751.0000,14365,0,29702100.000,0,-,-,-,-,2750.4000,2750.2000,2750.0000,2749.2000,2749.0000,2751.8000,2752.0000,2753.0000,2753.6000,2753.8000,2,7,3,1,1,2,1,1,1,1
SF,IH2009,2020-05-20 09:30:12.100,2751.0000,14365,0,29702100.000,0,-,-,-,-,2750.4000,2750.2000,2750.0000,2749.2000,2749.0000,2751.8000,2752.0000,2753.0000,2753.6000,2753.8000,2,7,3,1,1,1,1,1,1,1
SF,IH2009,2020-05-20 09:30:12.600,2751.0000,14365,0,29702100.000,0,-,-,-,-,2750.4000,2750.2000,2750.0000,2749.2000,2749.0000,2751.6000,2752.0000,2753.0000,2753.6000,2753.8000,2,7,3,1,1,1,1,1,1,1
SF,IH2009,2020-05-20 09:30:13.100,2751.6000,14364,-1,30527580.000,1,0,1,双平,S,2750.4000,2750.2000,2750.0000,2749.2000,2746.8000,2752.0000,2753.0000,2753.6000,2753.8000,2754.0000,1,7,3,1,1,2,1,1,1,2
SF,IH2009,2020-05-20 09:30:13.600,2751.6000,14364,0,30527580.000,0,-,-,-,-,2750.6000,2750.2000,2750.0000,2749.2000,2746.8000,2751.6000,2751.8000,2752.0000,2753.0000,2753.6000,1,7,3,1,1,1,2,2,1,1
SF,IH2009,2020-05-20 09:30:14.100,2751.6000,14364,0,30527580.000,0,-,-,-,-,2750.6000,2750.2000,2750.0000,2749.2000,2743.6000,2751.6000,2752.0000,2753.0000,2753.6000,2753.8000,1,7,3,1,6,1,2,1,1,1
SF,IH2009,2020-05-20 09:30:14.600,2751.6000,14363,-1,31353060.000,1,0,1,双平,S,2750.6000,2750.2000,2750.0000,2749.2000,2743.6000,2751.6000,2752.0000,2753.0000,2753.6000,2753.8000,1,7,2,1,6,1,2,1,1,1
SF,IH2009,2020-05-20 09:30:15.100,2751.6000,14363,0,31353060.000,0,-,-,-,-,2750.6000,2750.2000,2750.0000,2749.2000,2743.6000,2750.8000,2751.6000,2752.0000,2753.0000,2753.6000,1,7,2,1,6,1,1,2,1,1
SF,IH2009,2020-05-20 09:30:15.600,2751.6000,14363,0,31353060.000,0,-,-,-,-,2750.2000,2750.0000,2749.2000,2743.6000,2740.2000,2750.8000,2751.2000,2751.6000,2752.0000,2753.0000,7,2,1,6,1,1,1,1,1,1
SF,IH2009,2020-05-20 09:30:16.100,2751.6000,14364,1,32178540.000,1,1,0,双开,S,2750.2000,2750.0000,2749.2000,2743.6000,2740.2000,2750.6000,2750.8000,2751.2000,2751.6000,2752.0000,7,1,1,6,1,2,1,1,1,1
SF,IH2009,2020-05-20 09:30:16.600,2750.2000,14358,-6,37953960.000,7,0,7,多平,S,2750.0000,2749.2000,2743.6000,2740.2000,2740.0000,2750.6000,2750.8000,2751.2000,2751.6000,2752.0000,1,1,6,1,1,2,1,1,2,1
SF,IH2009,2020-05-20 09:30:17.100,2750.0000,14357,-1,38778960.000,1,0,1,双平,S,2749.2000,2743.6000,2740.2000,2740.0000,2735.2000,2750.2000,2750.6000,2750.8000,2751.2000,2751.6000,1,6,1,1,1,1,2,1,1,2
SF,IH2009,2020-05-20 09:30:17.600,2750.0000,14357,0,38778960.000,0,-,-,-,-,2746.4000,2743.6000,2740.2000,2740.0000,2735.2000,2749.2000,2750.2000,2750.6000,2750.8000,2751.2000,1,6,1,1,1,1,2,2,1,1
SF,IH2009,2020-05-20 09:30:18.100,2750.0000,14357,0,38778960.000,0,-,-,-,-,2748.2000,2747.4000,2747.2000,2746.8000,2746.6000,2749.0000,2750.0000,2750.2000,2750.6000,2750.8000,1,2,2,6,10,1,2,1,2,1
SF,IH2009,2020-05-20 09:30:18.600,2749.0000,14356,-1,39603660.000,1,0,1,双平,S,2748.4000,2747.4000,2747.2000,2746.8000,2746.6000,2750.2000,2750.6000,2750.8000,2751.6000,2752.0000,1,2,2,7,5,1,3,1,3,1
SF,IH2009,2020-05-20 09:30:19.100,2749.0000,14356,0,39603660.000,0,-,-,-,-,2748.6000,2746.8000,2746.6000,2746.4000,2746.2000,2750.0000,2750.2000,2750.4000,2750.6000,2750.8000,1,5,5,1,1,2,1,1,4,1
SF,IH2009,2020-05-20 09:30:19.600,2748.6000,14356,0,40428240.000,1,0,1,多换,S,2746.8000,2746.6000,2746.4000,2746.2000,2743.6000,2750.0000,2750.2000,2750.6000,2750.8000,2751.6000,5,5,1,1,1,1,1,4,1,3
SF,IH2009,2020-05-20 09:30:20.100,2748.6000,14356,0,40428240.000,0,-,-,-,-,2747.0000,2746.8000,2746.6000,2746.4000,2746.2000,2749.8000,2750.2000,2750.6000,2750.8000,2751.6000,6,2,3,1,1,3,1,4,1,3
SF,IH2009,2020-05-20 09:30:20.600,2748.6000,14356,0,40428240.000,0,-,-,-,-,2747.0000,2746.8000,2746.6000,2746.4000,2746.2000,2749.8000,2750.0000,2750.2000,2750.6000,2750.8000,7,1,2,1,1,2,1,1,4,2
SF,IH2009,2020-05-20 09:30:21.100,2748.6000,14356,0,40428240.000,0,-,-,-,-,2747.0000,2746.8000,2746.6000,2746.4000,2746.2000,2749.8000,2750.0000,2750.2000,2750.6000,2750.8000,7,1,2,1,1,1,1,1,4,2
SF,IH2009,2020-05-20 09:30:21.600,2748.6000,14356,0,40428240.000,0,-,-,-,-,2747.2000,2747.0000,2746.8000,2746.6000,2746.4000,2749.6000,2749.8000,2750.0000,2750.2000,2750.6000,1,7,2,2,1,1,2,1,1,4
SF,IH2009,2020-05-20 09:30:22.100,2748.6000,14356,0,40428240.000,0,-,-,-,-,2747.4000,2747.2000,2747.0000,2746.8000,2746.6000,2749.4000,2749.6000,2749.8000,2750.0000,2750.2000,6,3,3,3,2,2,1,1,1,1
SF,IH2009,2020-05-20 09:30:22.600,2748.6000,14356,0,40428240.000,0,-,-,-,-,2747.6000,2747.4000,2747.0000,2746.8000,2746.6000,2749.4000,2749.6000,2750.0000,2750.2000,2750.6000,1,4,3,1,2,2,1,1,1,4
SF,IH2009,2020-05-20 09:30:23.100,2748.6000,14356,0,40428240.000,0,-,-,-,-,2747.8000,2747.4000,2747.2000,2747.0000,2746.8000,2749.4000,2749.6000,2750.0000,2750.2000,2750.6000,2,3,1,3,1,1,1,1,1,4
SF,IH2009,2020-05-20 09:30:23.600,2748.6000,14356,0,40428240.000,0,-,-,-,-,2747.8000,2747.4000,2747.2000,2747.0000,2746.8000,2749.4000,2749.6000,2750.0000,2750.2000,2750.6000,1,3,1,3,1,1,1,1,1,4
SF,IH2009,2020-05-20 09:30:24.100,2749.2000,14355,-1,41253000.000,1,0,1,双平,S,2748.0000,2747.4000,2747.0000,2746.8000,2746.6000,2749.4000,2749.6000,2750.0000,2750.2000,2750.6000,1,3,1,1,2,2,1,1,1,4
SF,IH2009,2020-05-20 09:30:24.600,2749.2000,14355,0,41253000.000,0,-,-,-,-,2748.2000,2747.4000,2747.0000,2746.8000,2746.6000,2749.4000,2749.6000,2750.0000,2750.2000,2750.6000,1,2,1,1,2,2,1,1,1,4
SF,IH2009,2020-05-20 09:30:25.100,2749.2000,14355,0,41253000.000,0,-,-,-,-,2747.4000,2747.0000,2746.6000,2746.4000,2746.2000,2749.4000,2750.0000,2750.2000,2750.6000,2750.8000,2,1,2,1,1,1,1,1,4,2
SF,IH2009,2020-05-20 09:30:25.600,2749.2000,14355,0,41253000.000,0,-,-,-,-,2747.6000,2747.0000,2746.6000,2746.4000,2746.2000,2749.2000,2749.4000,2750.0000,2750.2000,2750.6000,2,1,2,1,1,1,1,1,1,4
SF,IH2009,2020-05-20 09:30:26.100,2749.2000,14355,0,41253000.000,0,-,-,-,-,2747.6000,2747.0000,2746.6000,2746.4000,2746.2000,2748.2000,2749.2000,2750.0000,2750.2000,2750.6000,2,1,2,1,1,1,2,1,1,4
SF,IH2009,2020-05-20 09:30:26.600,2748.2000,14355,0,42077460.000,1,0,1,多换,S,2748.4000,2747.6000,2747.0000,2746.6000,2746.4000,2748.6000,2749.2000,2750.0000,2750.2000,2750.6000,1,2,1,2,1,1,1,1,1,2
SF,IH2009,2020-05-20 09:30:27.100,2748.6000,14354,-1,42902040.000,1,0,1,双平,S,2748.6000,2748.4000,2747.6000,2747.0000,2746.6000,2750.0000,2750.6000,2750.8000,2751.6000,2752.0000,3,1,1,1,2,1,2,2,3,1
SF,IH2009,2020-05-20 09:30:27.600,2748.6000,14353,-1,43726620.000,1,0,1,双平,S,2748.6000,2748.4000,2747.6000,2747.0000,2746.6000,2749.0000,2749.8000,2750.0000,2750.6000,2750.8000,2,1,1,1,2,1,1,1,1,2
SF,IH2009,2020-05-20 09:30:28.100,2749.0000,14352,-1,44551320.000,1,0,1,双平,S,2748.6000,2748.4000,2747.6000,2747.0000,2746.6000,2749.8000,2750.0000,2750.6000,2750.8000,2751.6000,2,1,1,1,2,1,1,1,2,3
SF,IH2009,2020-05-20 09:30:28.600,2749.0000,14352,0,44551320.000,0,-,-,-,-,2748.6000,2748.4000,2747.0000,2746.6000,2746.4000,2749.8000,2750.0000,2750.6000,2750.8000,2751.6000,2,1,1,2,1,2,1,1,2,3
SF,IH2009,2020-05-20 09:30:29.100,2749.0000,14352,0,44551320.000,0,-,-,-,-,2748.8000,2748.6000,2748.4000,2747.0000,2746.6000,2749.8000,2750.0000,2750.6000,2750.8000,2751.6000,1,2,1,1,2,2,1,1,2,3
SF,IH2009,2020-05-20 09:30:29.600,2748.6000,14350,-2,46200600.000,2,0,2,双平,S,2748.4000,2747.0000,2746.6000,2746.4000,2746.2000,2749.6000,2749.8000,2750.0000,2750.6000,2750.8000,1,1,2,1,1,1,1,1,1,2
SF,IH2009,2020-05-20 09:30:30.100,2748.6000,14350,0,46200600.000,0,-,-,-,-,2747.0000,2746.6000,2746.4000,2746.2000,2745.0000,2748.8000,2749.6000,2750.6000,2750.8000,2751.6000,1,2,1,1,1,2,2,1,2,3
SF,IH2009,2020-05-20 09:30:30.600,2748.6000,14350,0,46200600.000,0,-,-,-,-,2747.8000,2747.2000,2747.0000,2746.8000,2746.6000,2748.6000,2748.8000,2750.6000,2750.8000,2751.6000,1,2,1,1,2,2,2,1,2,3
SF,IH2009,2020-05-20 09:30:31.100,2748.6000,14350,0,46200600.000,0,-,-,-,-,2747.2000,2747.0000,2746.8000,2746.6000,2746.4000,2748.6000,2748.8000,2750.6000,2750.8000,2751.6000,2,1,1,2,1,1,2,1,2,3
SF,IH2009,2020-05-20 09:30:31.600,2748.6000,14350,0,46200600.000,0,-,-,-,-,2747.4000,2747.2000,2747.0000,2746.8000,2746.6000,2748.8000,2750.6000,2750.8000,2751.6000,2753.0000,4,3,1,1,2,2,1,2,3,1
SF,IH2009,2020-05-20 09:30:32.100,2748.6000,14350,0,46200600.000,0,-,-,-,-,2747.6000,2747.4000,2747.0000,2746.8000,2746.6000,2748.6000,2748.8000,2750.6000,2750.8000,2751.0000,1,2,1,1,2,1,2,1,2,1
SF,IH2009,2020-05-20 09:30:32.600,2748.6000,14350,0,46200600.000,0,-,-,-,-,2747.6000,2747.4000,2747.0000,2746.8000,2746.6000,2748.6000,2748.8000,2750.6000,2750.8000,2751.0000,1,1,1,1,2,1,2,1,2,1
SF,IH2009,2020-05-20 09:30:33.100,2748.6000,14350,0,46200600.000,0,-,-,-,-,2747.8000,2747.4000,2747.0000,2746.8000,2746.6000,2748.6000,2748.8000,2750.6000,2750.8000,2751.0000,1,1,1,1,2,1,2,1,2,1
SF,IH2009,2020-05-20 09:30:34.100,2748.6000,14350,0,46200600.000,0,-,-,-,-,2747.8000,2747.0000,2746.8000,2746.6000,2746.4000,2748.6000,2748.8000,2750.6000,2750.8000,2751.0000,1,1,1,2,1,1,2,1,2,1
SF,IH2009,2020-05-20 09:30:34.600,2747.8000,14350,0,47024940.000,1,0,1,多换,S,2747.0000,2746.8000,2746.6000,2746.4000,2746.2000,2748.6000,2748.8000,2750.6000,2750.8000,2751.0000,1,1,2,1,1,1,2,1,2,1
SF,IH2009,2020-05-20 09:30:35.100,2747.8000,14350,0,47024940.000,0,-,-,-,-,2747.2000,2747.0000,2746.8000,2746.6000,2746.4000,2747.8000,2748.8000,2750.6000,2750.8000,2751.0000,2,1,1,2,1,1,2,1,2,1
SF,IH2009,2020-05-20 09:30:35.600,2747.8000,14350,0,47024940.000,0,-,-,-,-,2747.0000,2746.6000,2746.4000,2746.2000,2745.0000,2747.8000,2748.6000,2748.8000,2750.6000,2750.8000,1,2,1,1,1,1,1,2,1,2
SF,IH2009,2020-05-20 09:30:36.100,2747.8000,14350,0,47024940.000,0,-,-,-,-,2747.0000,2746.8000,2746.6000,2746.4000,2746.2000,2747.8000,2748.6000,2748.8000,2750.6000,2750.8000,1,1,2,1,1,1,1,2,1,2
SF,IH2009,2020-05-20 09:30:36.600,2747.8000,14350,0,47024940.000,0,-,-,-,-,2747.0000,2746.4000,2745.0000,2743.6000,2740.2000,2747.8000,2748.6000,2748.8000,2750.6000,2750.8000,1,1,1,1,1,1,1,2,1,2
SF,IH2009,2020-05-20 09:30:37.100,2747.0000,14349,-1,47849040.000,1,0,1,双平,S,2746.4000,2745.0000,2743.6000,2740.2000,2740.0000,2747.8000,2748.6000,2748.8000,2750.6000,2750.8000,1,1,1,1,1,1,1,2,1,2
SF,IH2009,2020-05-20 09:30:37.600,2747.0000,14349,0,47849040.000,0,-,-,-,-,2746.4000,2745.0000,2743.6000,2740.2000,2740.0000,2747.8000,2748.8000,2750.6000,2750.8000,2751.0000,1,1,1,1,1,2,2,1,2,1
SF,IH2009,2020-05-20 09:30:38.100,2747.0000,14349,0,47849040.000,0,-,-,-,-,2746.4000,2745.0000,2743.6000,2740.2000,2740.0000,2747.8000,2748.8000,2750.6000,2750.8000,2751.0000,1,1,1,1,1,2,2,1,2,1
SF,IH2009,2020-05-20 09:30:38.600,2747.0000,14349,0,47849040.000,0,-,-,-,-,2746.4000,2745.0000,2743.6000,2740.2000,2740.0000,2747.8000,2748.8000,2750.6000,2750.8000,2751.0000,1,1,1,1,1,2,2,1,1,1
SF,IH2009,2020-05-20 09:30:39.100,2747.0000,14349,0,47849040.000,0,-,-,-,-,2747.0000,2746.6000,2746.4000,2746.2000,2745.0000,2747.8000,2748.8000,2750.6000,2750.8000,2751.0000,1,4,1,1,1,1,2,1,1,1
SF,IH2009,2020-05-20 09:30:39.600,2747.0000,14349,0,47849040.000,0,-,-,-,-,2747.8000,2746.6000,2746.4000,2746.2000,2745.0000,2748.8000,2750.6000,2750.8000,2751.0000,2751.6000,1,3,1,1,1,2,1,1,1,2
SF,IH2009,2020-05-20 09:30:40.100,2747.0000,14349,0,47849040.000,0,-,-,-,-,2747.8000,2746.8000,2746.6000,2746.4000,2746.2000,2748.8000,2750.6000,2750.8000,2751.0000,2751.6000,2,1,3,1,1,2,1,1,1,2
SF,IH2009,2020-05-20 09:30:40.600,2747.6000,14348,-1,48673320.000,1,0,1,双平,S,2747.8000,2746.8000,2746.6000,2746.4000,2746.2000,2748.8000,2750.6000,2750.8000,2751.0000,2751.6000,1,1,2,1,1,1,1,1,2,2
SF,IH2009,2020-05-20 09:30:41.600,2747.6000,14348,0,48673320.000,0,-,-,-,-,2746.8000,2746.6000,2746.4000,2746.2000,2745.0000,2748.8000,2750.6000,2750.8000,2751.0000,2751.6000,1,2,1,1,1,1,1,1,2,2
SF,IH2009,2020-05-20 09:30:42.100,2747.6000,14348,0,48673320.000,0,-,-,-,-,2748.6000,2747.8000,2747.4000,2747.2000,2747.0000,2748.8000,2750.6000,2750.8000,2751.0000,2751.6000,1,1,2,2,15,1,1,1,2,2
SF,IH2009,2020-05-20 09:30:42.600,2747.6000,14348,0,48673320.000,0,-,-,-,-,2747.4000,2747.2000,2747.0000,2746.8000,2746.6000,2748.8000,2750.6000,2750.8000,2751.0000,2751.6000,2,2,14,4,2,2,1,1,2,2
SF,IH2009,2020-05-20 09:30:43.100,2747.6000,14348,0,48673320.000,0,-,-,-,-,2747.6000,2747.4000,2747.2000,2747.0000,2746.8000,2748.6000,2748.8000,2750.6000,2750.8000,2751.0000,7,2,2,10,4,1,2,1,1,2
SF,IH2009,2020-05-20 09:30:43.600,2748.6000,14347,-1,49497900.000,1,0,1,双平,S,2747.6000,2747.4000,2747.2000,2747.0000,2746.8000,2748.8000,2750.6000,2750.8000,2751.0000,2751.6000,7,2,2,10,4,2,1,1,2,2
SF,IH2009,2020-05-20 09:30:44.100,2748.6000,14347,0,49497900.000,0,-,-,-,-,2747.6000,2747.4000,2747.2000,2747.0000,2746.8000,2748.8000,2750.6000,2750.8000,2751.0000,2751.6000,5,2,2,10,4,2,1,1,2,2
SF,IH2009,2020-05-20 09:30:44.600,2748.6000,14347,0,49497900.000,0,-,-,-,-,2747.6000,2747.4000,2747.2000,2747.0000,2746.8000,2748.8000,2750.6000,2750.8000,2751.0000,2751.6000,5,2,2,10,4,2,1,1,2,2
SF,IH2009,2020-05-20 09:30:45.100,2748.6000,14347,0,49497900.000,0,-,-,-,-,2747.8000,2747.6000,2747.4000,2747.2000,2747.0000,2748.8000,2749.8000,2750.6000,2750.8000,2751.0000,3,5,3,2,7,2,1,1,1,2
SF,IH2009,2020-05-20 09:30:45.600,2748.6000,14347,0,49497900.000,0,-,-,-,-,2748.0000,2747.6000,2747.0000,2746.8000,2746.6000,2748.8000,2749.8000,2750.6000,2750.8000,2751.0000,2,3,7,2,2,2,1,1,1,2
SF,IH2009,2020-05-20 09:30:46.100,2748.6000,14347,0,49497900.000,0,-,-,-,-,2748.0000,2747.6000,2747.0000,2746.8000,2746.6000,2748.8000,2749.8000,2750.0000,2750.6000,2750.8000,1,1,8,2,2,2,1,1,1,1
SF,IH2009,2020-05-20 09:30:46.600,2748.8000,14346,-1,50322540.000,1,0,1,双平,S,2748.0000,2747.6000,2747.0000,2746.8000,2746.6000,2749.8000,2750.0000,2750.6000,2750.8000,2751.0000,1,1,9,2,2,1,2,1,1,2
SF,IH2009,2020-05-20 09:30:47.100,2748.8000,14346,0,50322540.000,0,-,-,-,-,2748.2000,2748.0000,2747.6000,2747.0000,2746.8000,2749.6000,2749.8000,2750.0000,2750.6000,2750.8000,1,1,1,9,2,2,1,2,1,1
SF,IH2009,2020-05-20 09:30:47.600,2748.8000,14346,0,50322540.000,0,-,-,-,-,2748.2000,2747.6000,2747.0000,2746.8000,2746.6000,2749.6000,2749.8000,2750.0000,2750.6000,2750.8000,1,1,9,2,2,2,1,2,1,1
SF,IH2009,2020-05-20 09:30:48.600,2748.8000,14346,0,50322540.000,0,-,-,-,-,2747.6000,2747.0000,2746.8000,2746.6000,2746.2000,2749.6000,2749.8000,2750.0000,2750.6000,2750.8000,1,9,2,2,1,2,1,2,1,1
SF,IH2009,2020-05-20 09:30:49.100,2748.8000,14346,0,50322540.000,0,-,-,-,-,2747.8000,2747.0000,2746.8000,2746.6000,2746.2000,2749.6000,2749.8000,2750.0000,2750.6000,2750.8000,1,9,2,2,1,2,1,2,1,1
SF,IH2009,2020-05-20 09:30:49.600,2748.8000,14346,0,50322540.000,0,-,-,-,-,2747.0000,2746.8000,2746.6000,2746.2000,2745.0000,2749.6000,2749.8000,2750.0000,2750.6000,2750.8000,9,2,2,1,1,2,1,2,1,1
SF,IH2009,2020-05-20 09:30:50.100,2749.6000,14345,-1,51147420.000,1,0,1,双平,S,2747.2000,2747.0000,2746.8000,2746.6000,2746.2000,2749.8000,2750.0000,2750.6000,2750.8000,2751.0000,10,9,5,2,1,2,2,1,1,1
SF,IH2009,2020-05-20 09:30:50.600,2749.6000,14345,0,51147420.000,0,-,-,-,-,2747.2000,2747.0000,2746.8000,2746.6000,2746.2000,2749.8000,2750.0000,2750.6000,2750.8000,2751.0000,12,9,5,2,1,2,2,1,1,1
SF,IH2009,2020-05-20 09:30:51.100,2749.6000,14345,0,51147420.000,0,-,-,-,-,2747.4000,2747.2000,2747.0000,2746.8000,2746.6000,2749.8000,2750.0000,2750.6000,2750.8000,2751.0000,7,12,2,5,2,2,2,1,1,1
SF,IH2009,2020-05-20 09:30:51.600,2749.6000,14345,0,51147420.000,0,-,-,-,-,2747.6000,2747.2000,2747.0000,2746.8000,2746.6000,2749.6000,2749.8000,2750.0000,2750.6000,2750.8000,5,1,1,1,2,2,2,2,1,1
SF,IH2009,2020-05-20 09:30:52.100,2749.6000,14345,0,51147420.000,0,-,-,-,-,2747.8000,2747.2000,2747.0000,2746.8000,2746.6000,2749.4000,2749.6000,2749.8000,2750.0000,2750.6000,1,1,1,1,2,1,3,2,2,1
SF,IH2009,2020-05-20 09:30:52.600,2749.6000,14345,0,51147420.000,0,-,-,-,-,2748.0000,2747.0000,2746.8000,2746.6000,2746.2000,2749.6000,2749.8000,2750.0000,2750.6000,2750.8000,1,1,1,2,1,1,2,2,1,1
SF,IH2009,2020-05-20 09:30:53.100,2749.6000,14345,0,51147420.000,0,-,-,-,-,2747.0000,2746.8000,2746.6000,2746.2000,2745.0000,2749.4000,2749.6000,2749.8000,2750.0000,2750.6000,1,1,2,1,2,1,1,2,2,1
SF,IH2009,2020-05-20 09:30:53.600,2749.6000,14345,0,51147420.000,0,-,-,-,-,2747.6000,2747.4000,2747.2000,2747.0000,2746.8000,2749.2000,2749.6000,2749.8000,2750.0000,2750.6000,3,1,8,1,3,1,1,2,2,1
SF,IH2009,2020-05-20 09:30:54.100,2749.6000,14345,0,51147420.000,0,-,-,-,-,2747.8000,2747.2000,2747.0000,2746.8000,2746.6000,2749.6000,2749.8000,2750.0000,2750.6000,2750.8000,3,2,1,1,2,1,2,2,1,1
SF,IH2009,2020-05-20 09:30:54.600,2749.6000,14345,0,51147420.000,0,-,-,-,-,2747.8000,2747.2000,2747.0000,2746.8000,2746.6000,2749.4000,2749.6000,2749.8000,2750.0000,2750.6000,1,2,1,1,2,2,1,2,2,1
SF,IH2009,2020-05-20 09:30:55.100,2749.6000,14345,0,51147420.000,0,-,-,-,-,2747.2000,2747.0000,2746.8000,2746.6000,2746.2000,2749.4000,2749.6000,2749.8000,2750.0000,2750.6000,2,1,1,2,1,2,1,2,2,1
SF,IH2009,2020-05-20 09:30:55.600,2749.6000,14345,0,51147420.000,0,-,-,-,-,2747.4000,2747.2000,2747.0000,2746.8000,2746.6000,2749.4000,2749.6000,2749.8000,2750.0000,2750.6000,2,1,1,1,2,1,1,2,2,1
SF,IH2009,2020-05-20 09:30:56.100,2749.6000,14345,0,51147420.000,0,-,-,-,-,2747.6000,2747.4000,2747.2000,2747.0000,2746.8000,2749.2000,2749.4000,2749.6000,2749.8000,2750.0000,1,2,1,1,1,1,1,1,2,2
SF,IH2009,2020-05-20 09:30:56.600,2749.6000,14345,0,51147420.000,0,-,-,-,-,2747.4000,2747.2000,2747.0000,2746.8000,2746.6000,2749.0000,2749.4000,2749.6000,2749.8000,2750.0000,2,1,1,1,2,1,1,1,2,2
SF,IH2009,2020-05-20 09:30:57.100,2749.6000,14345,0,51147420.000,0,-,-,-,-,2747.6000,2747.4000,2747.2000,2747.0000,2746.8000,2749.4000,2749.6000,2749.8000,2750.0000,2750.6000,1,2,1,1,1,1,1,2,2,1
SF,IH2009,2020-05-20 09:30:57.600,2749.6000,14345,0,51147420.000,0,-,-,-,-,2747.8000,2747.4000,2747.2000,2747.0000,2746.8000,2749.2000,2749.4000,2749.6000,2749.8000,2750.0000,1,2,1,1,1,1,1,1,2,2
SF,IH2009,2020-05-20 09:30:58.100,2749.6000,14345,0,51147420.000,0,-,-,-,-,2747.4000,2747.2000,2747.0000,2746.8000,2746.6000,2749.0000,2749.4000,2749.6000,2749.8000,2750.0000,2,1,1,1,1,1,1,1,2,2
SF,IH2009,2020-05-20 09:30:58.600,2749.6000,14345,0,51147420.000,0,-,-,-,-,2747.4000,2747.2000,2747.0000,2746.8000,2746.6000,2748.8000,2749.0000,2749.2000,2749.4000,2749.8000,2,1,1,1,1,1,1,1,1,2
SF,IH2009,2020-05-20 09:30:59.100,2749.6000,14345,0,51147420.000,0,-,-,-,-,2747.6000,2747.4000,2747.2000,2747.0000,2746.8000,2749.2000,2749.4000,2749.8000,2750.0000,2750.6000,1,2,1,1,1,1,1,2,2,1
SF,IH2009,2020-05-20 09:30:59.600,2749.6000,14345,0,51147420.000,0,-,-,-,-,2747.8000,2747.6000,2747.4000,2747.2000,2747.0000,2749.2000,2749.4000,2749.8000,2750.0000,2750.6000,1,1,2,1,1,1,1,2,1,1
SF,IH2009,2020-05-20 09:31:00.100,2749.6000,14345,0,51147420.000,0,-,-,-,-,2747.6000,2747.4000,2747.2000,2747.0000,2746.8000,2749.0000,2749.2000,2749.4000,2749.8000,2750.0000,1,2,1,1,1,3,1,1,2,1
SF,IH2009,2020-05-20 09:31:00.600,2749.6000,14345,0,51147420.000,0,-,-,-,-,2747.8000,2747.4000,2747.2000,2747.0000,2746.8000,2749.2000,2749.4000,2749.8000,2750.0000,2750.6000,2,2,1,1,1,1,1,2,1,1
SF,IH2009,2020-05-20 09:31:01.600,2749.6000,14345,0,51147420.000,0,-,-,-,-,2748.0000,2747.8000,2747.4000,2747.2000,2747.0000,2749.2000,2749.4000,2749.8000,2750.0000,2750.6000,1,2,2,1,1,1,1,2,1,1
SF,IH2009,2020-05-20 09:31:02.100,2748.2000,14345,0,51971880.000,1,0,1,多换,S,2747.8000,2747.4000,2747.2000,2747.0000,2746.8000,2749.2000,2749.8000,2750.0000,2750.6000,2750.8000,1,2,1,1,1,1,2,1,1,1
SF,IH2009,2020-05-20 09:31:02.600,2748.2000,14345,0,51971880.000,0,-,-,-,-,2748.0000,2747.4000,2747.2000,2747.0000,2746.8000,2749.2000,2749.8000,2750.0000,2750.6000,2750.8000,1,2,1,1,1,1,2,1,1,1
SF,IH2009,2020-05-20 09:31:03.100,2748.2000,14345,0,51971880.000,0,-,-,-,-,2748.0000,2747.4000,2747.2000,2747.0000,2746.8000,2749.2000,2749.4000,2749.8000,2750.0000,2750.6000,1,2,1,1,1,1,1,2,1,1
SF,IH2009,2020-05-20 09:31:03.600,2748.2000,14345,0,51971880.000,0,-,-,-,-,2748.0000,2747.4000,2747.2000,2747.0000,2746.8000,2749.0000,2749.2000,2749.4000,2749.8000,2750.0000,1,2,1,1,1,1,1,1,2,1
SF,IH2009,2020-05-20 09:31:04.100,2748.2000,14345,0,51971880.000,0,-,-,-,-,2748.0000,2747.4000,2747.2000,2747.0000,2746.8000,2749.2000,2749.4000,2749.8000,2750.0000,2750.6000,1,2,1,1,1,1,1,2,1,1
SF,IH2009,2020-05-20 09:31:06.100,2748.2000,14345,0,51971880.000,0,-,-,-,-,2748.0000,2747.4000,2747.2000,2747.0000,2746.8000,2749.2000,2749.4000,2749.8000,2750.0000,2750.6000,1,2,2,1,1,1,1,2,1,1
SF,IH2009,2020-05-20 09:31:06.600,2748.2000,14345,0,51971880.000,0,-,-,-,-,2747.4000,2747.2000,2747.0000,2746.8000,2746.6000,2749.0000,2749.2000,2749.4000,2749.8000,2750.0000,2,2,1,1,1,1,1,1,2,1
SF,IH2009,2020-05-20 09:31:07.100,2748.2000,14345,0,51971880.000,0,-,-,-,-,2748.0000,2747.6000,2747.4000,2747.2000,2747.0000,2749.2000,2749.4000,2749.8000,2750.0000,2750.6000,1,1,2,2,1,1,1,2,1,1
SF,IH2009,2020-05-20 09:31:07.600,2748.2000,14345,0,51971880.000,0,-,-,-,-,2748.0000,2747.4000,2747.2000,2747.0000,2746.8000,2749.2000,2749.4000,2749.8000,2750.0000,2750.6000,2,2,2,1,1,1,1,2,1,1
SF,IH2009,2020-05-20 09:31:09.100,2748.0000,14344,-1,52796280.000,1,0,1,双平,S,2748.0000,2747.4000,2747.2000,2747.0000,2746.8000,2749.2000,2749.4000,2749.8000,2750.0000,2750.6000,1,2,2,1,1,1,1,2,1,1
SF,IH2009,2020-05-20 09:31:10.600,2748.0000,14344,0,52796280.000,0,-,-,-,-,2748.0000,2747.8000,2747.4000,2747.2000,2747.0000,2749.2000,2749.4000,2749.8000,2750.0000,2750.6000,1,1,2,2,1,1,1,2,1,1
SF,IH2009,2020-05-20 09:31:11.100,2748.0000,14344,0,52796280.000,0,-,-,-,-,2748.0000,2747.8000,2747.4000,2747.2000,2747.0000,2749.2000,2749.4000,2749.8000,2750.0000,2750.6000,1,1,2,2,1,1,1,2,1,1
SF,IH2009,2020-05-20 09:31:11.600,2748.0000,14344,0,52796280.000,0,-,-,-,-,2748.0000,2747.8000,2747.4000,2747.2000,2747.0000,2749.2000,2749.4000,2749.8000,2750.0000,2750.6000,2,1,2,2,1,1,1,2,1,1
SF,IH2009,2020-05-20 09:31:12.600,2748.0000,14344,0,52796280.000,0,-,-,-,-,2748.0000,2747.8000,2747.4000,2747.2000,2747.0000,2749.2000,2749.4000,2749.8000,2750.0000,2750.6000,2,1,2,2,1,1,1,2,1,1
SF,IH2009,2020-05-20 09:31:13.600,2748.0000,14344,0,52796280.000,0,-,-,-,-,2748.0000,2747.8000,2747.4000,2747.2000,2747.0000,2749.2000,2749.4000,2749.8000,2750.0000,2750.6000,1,1,2,2,1,1,1,2,1,1
SF,IH2009,2020-05-20 09:31:15.100,2748.0000,14344,0,52796280.000,0,-,-,-,-,2748.0000,2747.8000,2747.4000,2747.2000,2747.0000,2749.2000,2749.4000,2749.8000,2750.0000,2750.6000,1,1,2,2,1,1,1,2,1,1
SF,IH2009,2020-05-20 09:31:15.600,2748.0000,14344,0,52796280.000,0,-,-,-,-,2748.0000,2747.8000,2747.4000,2747.2000,2747.0000,2749.2000,2749.4000,2749.8000,2750.0000,2750.6000,1,1,2,2,1,1,1,2,1,1
SF,IH2009,2020-05-20 09:31:17.100,2748.0000,14344,0,52796280.000,0,-,-,-,-,2748.0000,2747.8000,2747.4000,2747.2000,2747.0000,2749.0000,2749.2000,2749.4000,2749.8000,2750.0000,1,1,2,2,1,1,1,1,2,1
SF,IH2009,2020-05-20 09:31:17.600,2748.0000,14344,0,52796280.000,0,-,-,-,-,2748.0000,2747.8000,2747.4000,2747.2000,2747.0000,2749.0000,2749.2000,2749.4000,2749.8000,2750.0000,1,1,2,2,1,1,1,1,2,1
SF,IH2009,2020-05-20 09:31:18.100,2748.0000,14344,0,52796280.000,0,-,-,-,-,2748.0000,2747.8000,2747.4000,2747.2000,2747.0000,2749.0000,2749.2000,2749.4000,2749.8000,2750.0000,2,1,2,2,1,1,1,1,2,1
SF,IH2009,2020-05-20 09:31:19.100,2748.0000,14344,0,52796280.000,0,-,-,-,-,2748.0000,2747.8000,2747.4000,2747.2000,2747.0000,2749.2000,2749.4000,2749.8000,2750.0000,2750.6000,2,1,2,2,1,1,1,2,1,1
SF,IH2009,2020-05-20 09:31:20.100,2748.0000,14344,0,52796280.000,0,-,-,-,-,2748.0000,2747.8000,2747.4000,2747.2000,2747.0000,2749.2000,2749.4000,2749.8000,2750.0000,2750.6000,2,1,2,2,1,1,1,2,1,1
SF,IH2009,2020-05-20 09:31:21.100,2748.0000,14344,0,52796280.000,0,-,-,-,-,2748.0000,2747.8000,2747.4000,2747.2000,2747.0000,2749.2000,2749.4000,2749.8000,2750.0000,2750.6000,2,1,2,2,1,1,1,2,1,1
SF,IH2009,2020-05-20 09:31:21.600,2748.0000,14344,0,52796280.000,0,-,-,-,-,2748.0000,2747.8000,2747.4000,2747.2000,2747.0000,2749.0000,2749.2000,2749.4000,2749.8000,2750.0000,2,1,2,2,1,2,1,1,2,1
SF,IH2009,2020-05-20 09:31:22.100,2748.0000,14344,0,52796280.000,0,-,-,-,-,2748.0000,2747.8000,2747.4000,2747.2000,2747.0000,2749.0000,2749.2000,2749.4000,2749.8000,2750.0000,2,1,2,2,1,1,1,1,2,1
SF,IH2009,2020-05-20 09:31:22.600,2748.0000,14343,-1,53620680.000,1,0,1,双平,S,2748.0000,2747.8000,2747.4000,2747.2000,2747.0000,2748.8000,2749.0000,2749.2000,2749.4000,2749.8000,1,1,2,2,1,1,1,1,1,2
SF,IH2009,2020-05-20 09:31:23.100,2748.0000,14343,0,54445080.000,1,0,1,多换,S,2747.8000,2747.4000,2747.2000,2747.0000,2746.8000,2748.6000,2748.8000,2749.2000,2749.4000,2749.8000,1,2,2,1,1,1,1,1,1,2
SF,IH2009,2020-05-20 09:31:23.600,2748.0000,14343,0,54445080.000,0,-,-,-,-,2747.8000,2747.4000,2747.2000,2747.0000,2746.6000,2748.6000,2748.8000,2749.2000,2749.4000,2749.8000,1,2,2,1,1,1,1,1,1,2
SF,IH2009,2020-05-20 09:31:24.100,2748.0000,14343,0,54445080.000,0,-,-,-,-,2747.8000,2747.4000,2747.2000,2747.0000,2746.6000,2748.6000,2749.2000,2749.4000,2749.8000,2750.0000,1,2,2,1,1,1,1,1,2,1
SF,IH2009,2020-05-20 09:31:26.600,2748.0000,14343,0,54445080.000,0,-,-,-,-,2747.8000,2747.4000,2747.2000,2747.0000,2746.6000,2748.6000,2749.2000,2749.4000,2749.8000,2750.0000,1,2,2,1,1,1,1,1,2,1
SF,IH2009,2020-05-20 09:31:27.100,2748.0000,14343,0,54445080.000,0,-,-,-,-,2747.8000,2747.4000,2747.2000,2747.0000,2746.6000,2748.6000,2749.2000,2749.4000,2749.8000,2750.0000,1,2,2,1,1,1,1,1,2,1
SF,IH2009,2020-05-20 09:31:28.600,2748.6000,14343,0,55269660.000,1,0,1,多换,S,2747.8000,2747.4000,2747.2000,2747.0000,2746.6000,2749.2000,2749.4000,2749.8000,2750.0000,2750.6000,1,2,2,1,1,1,1,2,1,1
SF,IH2009,2020-05-20 09:31:29.100,2748.6000,14343,0,55269660.000,0,-,-,-,-,2748.0000,2747.8000,2747.4000,2747.2000,2747.0000,2749.0000,2749.2000,2749.4000,2749.8000,2750.0000,1,1,2,2,1,5,1,1,2,1
SF,IH2009,2020-05-20 09:31:29.600,2748.0000,14342,-1,56094060.000,1,0,1,双平,S,2747.8000,2747.4000,2747.2000,2747.0000,2746.6000,2749.0000,2749.2000,2749.4000,2749.8000,2750.0000,1,2,2,1,1,5,1,1,2,1
SF,IH2009,2020-05-20 09:31:30.100,2748.0000,14342,0,56094060.000,0,-,-,-,-,2748.0000,2747.8000,2747.4000,2747.2000,2747.0000,2749.0000,2749.2000,2749.4000,2749.8000,2750.0000,1,1,2,2,1,3,1,1,2,1
SF,IH2009,2020-05-20 09:31:30.600,2748.0000,14342,0,56094060.000,0,-,-,-,-,2747.8000,2747.4000,2747.2000,2747.0000,2746.6000,2748.8000,2749.0000,2749.2000,2749.4000,2749.8000,1,2,2,1,1,2,2,1,1,2
SF,IH2009,2020-05-20 09:31:31.100,2747.8000,14342,0,56918400.000,1,0,1,多换,S,2747.4000,2747.2000,2747.0000,2746.6000,2746.2000,2748.0000,2748.6000,2748.8000,2749.2000,2749.4000,2,2,1,1,1,1,1,4,1,1
SF,IH2009,2020-05-20 09:31:31.600,2747.8000,14342,0,56918400.000,0,-,-,-,-,2747.2000,2747.0000,2746.2000,2746.0000,2745.0000,2748.0000,2748.6000,2748.8000,2749.2000,2749.4000,2,1,1,1,1,1,2,4,2,1
SF,IH2009,2020-05-20 09:31:32.100,2747.8000,14342,0,56918400.000,0,-,-,-,-,2747.2000,2747.0000,2746.0000,2745.0000,2743.6000,2747.6000,2748.0000,2748.6000,2748.8000,2749.2000,1,1,1,1,1,1,1,2,4,2
SF,IH2009,2020-05-20 09:31:32.600,2747.2000,14342,0,57742560.000,1,0,1,多换,S,2747.0000,2746.0000,2745.0000,2743.6000,2742.2000,2747.6000,2748.0000,2748.6000,2748.8000,2749.2000,1,1,1,1,5,1,1,1,4,2
SF,IH2009,2020-05-20 09:31:33.100,2747.2000,14342,0,57742560.000,0,-,-,-,-,2747.0000,2746.0000,2745.0000,2743.6000,2742.2000,2747.6000,2748.0000,2748.6000,2748.8000,2749.2000,1,1,1,1,5,1,1,1,3,2
SF,IH2009,2020-05-20 09:31:33.600,2747.2000,14342,0,57742560.000,0,-,-,-,-,2747.0000,2746.0000,2745.0000,2743.6000,2742.2000,2747.6000,2748.0000,2748.6000,2748.8000,2749.2000,1,1,1,1,5,1,1,1,3,2
SF,IH2009,2020-05-20 09:31:34.100,2747.0000,14341,-1,58566660.000,1,0,1,双平,S,2746.0000,2745.0000,2743.6000,2742.2000,2740.2000,2747.4000,2747.6000,2748.0000,2748.8000,2749.2000,1,1,1,5,1,1,1,1,3,2
SF,IH2009,2020-05-20 09:31:34.600,2747.0000,14341,0,58566660.000,0,-,-,-,-,2746.2000,2746.0000,2745.0000,2743.6000,2742.2000,2746.8000,2747.4000,2747.6000,2748.0000,2748.8000,1,1,1,1,5,6,3,1,1,3
SF,IH2009,2020-05-20 09:31:35.100,2747.0000,14341,0,58566660.000,0,-,-,-,-,2746.2000,2746.0000,2745.0000,2743.6000,2742.2000,2747.4000,2747.6000,2748.0000,2748.8000,2749.2000,1,2,1,1,5,1,1,1,3,1
SF,IH2009,2020-05-20 09:31:35.600,2747.0000,14341,0,58566660.000,0,-,-,-,-,2746.0000,2745.0000,2743.6000,2742.2000,2740.2000,2747.4000,2747.6000,2748.0000,2748.8000,2749.2000,1,1,1,5,1,1,1,1,4,1
SF,IH2009,2020-05-20 09:31:36.100,2747.0000,14341,0,58566660.000,0,-,-,-,-,2746.0000,2745.0000,2743.6000,2742.2000,2740.2000,2747.2000,2747.4000,2747.6000,2748.0000,2748.8000,1,1,1,5,1,1,1,1,1,4
SF,IH2009,2020-05-20 09:31:36.600,2747.0000,14341,0,58566660.000,0,-,-,-,-,2746.0000,2745.0000,2743.6000,2742.2000,2740.2000,2747.0000,2747.2000,2747.6000,2748.0000,2748.8000,1,1,1,5,1,1,3,1,1,4
SF,IH2009,2020-05-20 09:31:37.100,2747.0000,14341,0,58566660.000,0,-,-,-,-,2746.0000,2745.0000,2743.6000,2742.2000,2740.2000,2746.8000,2747.0000,2747.2000,2747.6000,2748.0000,1,1,1,5,1,4,1,2,1,1
SF,IH2009,2020-05-20 09:31:37.600,2746.0000,14341,0,59390460.000,1,0,1,多换,S,2745.0000,2743.6000,2742.2000,2740.2000,2740.0000,2745.8000,2746.4000,2746.6000,2746.8000,2747.0000,1,1,5,1,1,5,1,1,6,1
SF,IH2009,2020-05-20 09:31:38.100,2745.8000,14340,-1,60214200.000,1,0,1,双平,S,2745.0000,2743.6000,2742.2000,2740.2000,2740.0000,2746.6000,2746.8000,2747.0000,2747.2000,2747.6000,1,1,5,1,1,1,3,1,2,1
SF,IH2009,2020-05-20 09:31:38.600,2745.8000,14340,0,60214200.000,0,-,-,-,-,2745.2000,2745.0000,2743.6000,2742.2000,2740.2000,2746.6000,2746.8000,2747.0000,2747.2000,2747.6000,2,1,1,5,1,1,3,1,2,1
SF,IH2009,2020-05-20 09:31:39.100,2745.8000,14340,0,60214200.000,0,-,-,-,-,2745.2000,2745.0000,2743.6000,2742.2000,2740.2000,2746.4000,2746.6000,2746.8000,2747.0000,2747.2000,1,1,1,5,1,2,1,3,1,2
SF,IH2009,2020-05-20 09:31:39.600,2746.2000,14340,0,61038060.000,1,0,1,多换,S,2745.2000,2745.0000,2743.6000,2740.2000,2740.0000,2746.4000,2746.8000,2747.0000,2747.2000,2747.6000,1,1,1,1,1,3,4,1,2,1
SF,IH2009,2020-05-20 09:31:40.100,2746.2000,14340,0,61038060.000,0,-,-,-,-,2745.2000,2745.0000,2743.6000,2740.2000,2740.0000,2746.2000,2746.4000,2746.8000,2747.0000,2747.2000,1,1,1,1,1,1,2,4,1,2
SF,IH2009,2020-05-20 09:31:40.600,2746.2000,14340,0,61038060.000,0,-,-,-,-,2745.2000,2745.0000,2743.6000,2740.2000,2740.0000,2746.2000,2746.4000,2746.8000,2747.0000,2747.2000,1,1,1,1,1,2,1,4,1,2
SF,IH2009,2020-05-20 09:31:41.100,2746.2000,14341,1,61861920.000,1,1,0,双开,S,2745.0000,2743.6000,2740.2000,2740.0000,2739.8000,2746.0000,2746.2000,2746.4000,2746.8000,2747.0000,1,1,1,1,5,2,2,1,4,1
SF,IH2009,2020-05-20 09:31:41.600,2746.2000,14341,0,61861920.000,0,-,-,-,-,2745.0000,2743.6000,2740.2000,2740.0000,2739.0000,2745.8000,2746.0000,2746.4000,2746.8000,2747.0000,1,1,1,1,6,2,3,1,4,1
SF,IH2009,2020-05-20 09:31:42.100,2746.2000,14341,0,61861920.000,0,-,-,-,-,2745.0000,2743.6000,2740.2000,2740.0000,2739.0000,2746.0000,2746.4000,2746.8000,2747.0000,2747.2000,1,1,1,1,6,2,1,4,1,2
SF,IH2009,2020-05-20 09:31:42.600,2746.2000,14341,0,61861920.000,0,-,-,-,-,2745.0000,2743.6000,2740.2000,2740.0000,2739.0000,2745.8000,2746.0000,2746.4000,2746.8000,2747.0000,1,1,1,1,6,2,2,1,4,1
SF,IH2009,2020-05-20 09:31:43.100,2746.2000,14341,0,61861920.000,0,-,-,-,-,2745.0000,2743.6000,2740.2000,2740.0000,2739.0000,2745.8000,2746.0000,2746.4000,2746.8000,2747.0000,1,1,1,1,6,2,2,1,4,1
SF,IH2009,2020-05-20 09:31:43.600,2746.2000,14341,0,61861920.000,0,-,-,-,-,2745.0000,2743.6000,2740.2000,2740.0000,2739.0000,2745.8000,2746.0000,2746.4000,2746.8000,2747.0000,1,1,1,1,6,2,2,1,4,1
SF,IH2009,2020-05-20 09:31:44.100,2745.0000,14340,-1,62685420.000,1,0,1,双平,S,2743.6000,2740.2000,2740.0000,2739.0000,2736.8000,2745.8000,2746.0000,2746.4000,2746.8000,2747.0000,1,1,1,6,1,2,2,1,4,1
SF,IH2009,2020-05-20 09:31:44.600,2745.0000,14340,0,62685420.000,0,-,-,-,-,2743.8000,2743.6000,2740.2000,2740.0000,2739.0000,2745.6000,2745.8000,2746.0000,2746.4000,2746.8000,1,1,1,1,6,2,1,2,1,4
SF,IH2009,2020-05-20 09:31:45.100,2745.0000,14340,0,62685420.000,0,-,-,-,-,2744.0000,2743.8000,2743.6000,2740.2000,2740.0000,2745.4000,2745.6000,2746.0000,2746.4000,2746.8000,1,1,1,1,1,2,3,2,1,4
SF,IH2009,2020-05-20 09:31:45.600,2745.0000,14340,0,62685420.000,0,-,-,-,-,2744.2000,2743.6000,2740.2000,2740.0000,2739.0000,2745.4000,2745.6000,2746.0000,2746.4000,2746.8000,1,1,1,1,6,3,2,2,1,4
SF,IH2009,2020-05-20 09:31:46.100,2745.0000,14340,0,62685420.000,0,-,-,-,-,2743.6000,2740.2000,2740.0000,2739.0000,2736.8000,2745.0000,2745.2000,2745.4000,2745.6000,2746.0000,1,1,1,6,1,1,2,4,1,2
SF,IH2009,2020-05-20 09:31:46.600,2743.6000,14339,-1,63508500.000,1,0,1,双平,S,2740.2000,2740.0000,2739.0000,2736.8000,2736.0000,2744.0000,2744.8000,2745.0000,2745.2000,2745.4000,1,1,6,1,6,4,3,1,1,3
SF,IH2009,2020-05-20 09:31:47.100,2743.6000,14339,0,63508500.000,0,-,-,-,-,2741.6000,2741.4000,2741.2000,2741.0000,2740.8000,2743.8000,2744.8000,2745.0000,2745.2000,2745.4000,1,2,2,4,2,2,3,1,1,3
SF,IH2009,2020-05-20 09:31:47.600,2743.8000,14339,0,64331640.000,1,0,1,多换,S,2741.8000,2741.6000,2741.4000,2741.2000,2741.0000,2744.8000,2745.0000,2745.2000,2745.4000,2746.0000,6,1,2,2,5,3,1,1,3,2
SF,IH2009,2020-05-20 09:31:48.100,2743.8000,14339,0,64331640.000,0,-,-,-,-,2742.0000,2741.8000,2741.6000,2741.4000,2741.2000,2744.6000,2744.8000,2745.2000,2745.4000,2746.0000,1,6,1,2,2,4,2,1,2,2
SF,IH2009,2020-05-20 09:31:48.600,2743.8000,14339,0,64331640.000,0,-,-,-,-,2742.2000,2742.0000,2741.8000,2740.8000,2740.6000,2744.4000,2744.6000,2744.8000,2745.2000,2745.4000,3,1,2,2,1,2,4,1,1,2
SF,IH2009,2020-05-20 09:31:49.100,2743.8000,14339,0,64331640.000,0,-,-,-,-,2742.2000,2742.0000,2741.8000,2740.8000,2740.6000,2744.2000,2744.4000,2744.6000,2744.8000,2745.2000,3,1,2,2,1,1,3,3,1,1
SF,IH2009,2020-05-20 09:31:49.600,2743.8000,14339,0,64331640.000,0,-,-,-,-,2742.4000,2742.2000,2742.0000,2741.8000,2740.8000,2744.0000,2744.2000,2744.4000,2744.6000,2744.8000,1,3,1,2,2,4,2,2,3,1
SF,IH2009,2020-05-20 09:31:50.100,2743.8000,14339,0,64331640.000,0,-,-,-,-,2742.6000,2742.2000,2741.8000,2740.8000,2740.6000,2743.8000,2744.0000,2744.2000,2744.4000,2744.6000,2,2,2,2,1,1,3,1,1,3
SF,IH2009,2020-05-20 09:31:50.600,2743.8000,14339,0,64331640.000,0,-,-,-,-,2742.6000,2742.2000,2741.8000,2740.8000,2740.6000,2743.8000,2744.4000,2744.6000,2744.8000,2745.2000,2,2,2,2,1,1,1,3,1,1
SF,IH2009,2020-05-20 09:31:51.100,2743.8000,14339,0,65154780.000,1,0,1,多换,S,2742.6000,2742.2000,2741.8000,2740.8000,2740.6000,2743.8000,2744.4000,2744.6000,2744.8000,2745.2000,2,2,2,2,1,1,1,3,1,1
SF,IH2009,2020-05-20 09:31:53.100,2743.8000,14339,0,65154780.000,0,-,-,-,-,2742.6000,2742.2000,2741.8000,2740.8000,2740.6000,2743.6000,2744.4000,2744.6000,2744.8000,2745.2000,1,2,2,2,1,2,1,3,1,1
SF,IH2009,2020-05-20 09:31:53.600,2743.8000,14339,0,65154780.000,0,-,-,-,-,2742.6000,2742.2000,2741.8000,2740.8000,2740.6000,2744.4000,2744.6000,2744.8000,2745.2000,2745.4000,1,2,2,2,1,1,3,1,1,1
SF,IH2009,2020-05-20 09:31:54.100,2743.8000,14339,0,65154780.000,0,-,-,-,-,2742.8000,2742.6000,2742.2000,2741.8000,2740.8000,2744.2000,2744.4000,2744.6000,2744.8000,2745.2000,2,1,1,2,2,4,1,3,1,1
SF,IH2009,2020-05-20 09:31:54.600,2743.8000,14339,0,65154780.000,0,-,-,-,-,2743.0000,2742.8000,2742.2000,2741.8000,2740.8000,2744.2000,2744.4000,2744.6000,2744.8000,2745.2000,1,1,1,2,2,5,1,3,1,1
SF,IH2009,2020-05-20 09:31:55.100,2743.8000,14339,0,65154780.000,0,-,-,-,-,2743.0000,2742.8000,2742.2000,2741.8000,2740.8000,2744.2000,2744.4000,2744.6000,2744.8000,2745.2000,1,1,1,2,2,5,1,3,1,1
SF,IH2009,2020-05-20 09:31:55.600,2742.8000,14338,-1,66800520.000,2,0,2,多平,S,2742.2000,2741.8000,2740.8000,2740.6000,2740.4000,2742.8000,2743.6000,2744.0000,2744.2000,2744.4000,1,2,2,1,5,2,1,2,6,1
SF,IH2009,2020-05-20 09:31:56.100,2742.8000,14336,-2,68446200.000,2,0,2,双平,S,2742.4000,2741.8000,2740.8000,2740.6000,2740.4000,2743.4000,2744.0000,2744.2000,2744.4000,2744.6000,1,2,2,1,5,1,1,4,1,1
SF,IH2009,2020-05-20 09:31:56.600,2742.4000,14335,-1,69268920.000,1,0,1,双平,S,2741.8000,2740.8000,2740.6000,2740.4000,2740.2000,2742.4000,2743.4000,2744.0000,2744.2000,2744.4000,2,2,1,5,1,1,2,1,4,1
SF,IH2009,2020-05-20 09:31:57.100,2742.4000,14335,0,69268920.000,0,-,-,-,-,2740.8000,2740.6000,2740.4000,2740.2000,2740.0000,2742.4000,2743.2000,2743.4000,2744.0000,2744.2000,2,1,5,1,1,1,3,2,1,4
SF,IH2009,2020-05-20 09:31:57.600,2742.4000,14334,-1,70091640.000,1,0,1,双平,S,2741.0000,2740.8000,2740.6000,2740.4000,2740.2000,2743.2000,2743.4000,2744.0000,2744.2000,2744.4000,4,2,1,5,1,2,1,1,4,1
SF,IH2009,2020-05-20 09:31:58.100,2742.4000,14334,0,70091640.000,0,-,-,-,-,2741.2000,2741.0000,2740.4000,2740.2000,2740.0000,2743.0000,2743.2000,2743.4000,2744.0000,2744.2000,1,3,5,1,1,3,2,1,1,3
SF,IH2009,2020-05-20 09:31:58.600,2742.4000,14334,0,70091640.000,0,-,-,-,-,2741.4000,2741.0000,2740.4000,2740.2000,2740.0000,2742.8000,2743.0000,2743.2000,2743.4000,2744.0000,2,2,5,1,1,1,2,2,1,1
SF,IH2009,2020-05-20 09:31:59.100,2742.4000,14334,0,70091640.000,0,-,-,-,-,2741.0000,2740.4000,2740.2000,2740.0000,2739.0000,2742.6000,2742.8000,2743.0000,2743.2000,2743.4000,2,1,1,1,6,2,5,1,2,1
SF,IH2009,2020-05-20 09:31:59.600,2742.4000,14334,0,70091640.000,0,-,-,-,-,2742.4000,2741.2000,2740.4000,2740.2000,2740.0000,2742.6000,2742.8000,2743.0000,2743.2000,2743.4000,1,2,1,1,1,2,4,1,2,1
SF,IH2009,2020-05-20 09:32:00.100,2742.4000,14333,-1,70914360.000,1,0,1,双平,S,2740.4000,2740.2000,2740.0000,2739.0000,2736.8000,2742.2000,2742.4000,2742.6000,2742.8000,2743.2000,1,1,1,6,1,3,2,2,3,2
SF,IH2009,2020-05-20 09:32:00.600,2742.4000,14333,0,70914360.000,0,-,-,-,-,2740.6000,2740.2000,2740.0000,2739.0000,2736.8000,2742.0000,2742.2000,2742.4000,2742.6000,2742.8000,2,1,1,6,1,9,7,5,1,3
SF,IH2009,2020-05-20 09:32:01.100,2740.2000,14333,0,71736420.000,1,0,1,多换,S,2740.0000,2739.0000,2736.8000,2736.0000,2735.2000,2741.8000,2742.0000,2742.2000,2742.4000,2742.6000,1,6,1,1,1,1,10,7,3,1
SF,IH2009,2020-05-20 09:32:01.600,2740.2000,14333,0,71736420.000,0,-,-,-,-,2741.2000,2740.0000,2739.0000,2736.8000,2736.0000,2741.4000,2741.6000,2741.8000,2742.0000,2742.2000,1,1,1,1,1,1,6,3,5,7
SF,IH2009,2020-05-20 09:32:02.100,2740.2000,14332,-1,72558480.000,1,0,1,双平,S,2740.0000,2739.0000,2736.8000,2736.0000,2735.2000,2741.0000,2741.2000,2741.4000,2741.6000,2741.8000,1,1,1,1,1,3,1,2,4,3
SF,IH2009,2020-05-20 09:32:02.600,2740.0000,14332,0,73380480.000,1,0,1,多换,S,2739.0000,2736.8000,2736.0000,2735.2000,2735.0000,2739.8000,2740.4000,2740.8000,2741.0000,2741.2000,1,1,1,1,2,1,2,4,8,4
SF,IH2009,2020-05-20 09:32:03.100,2739.8000,14331,-1,74202420.000,1,0,1,双平,S,2739.0000,2736.8000,2736.0000,2735.2000,2735.0000,2740.8000,2741.2000,2741.6000,2741.8000,2742.0000,1,1,1,1,2,2,2,3,2,3
SF,IH2009,2020-05-20 09:32:03.600,2739.8000,14331,0,74202420.000,0,-,-,-,-,2739.2000,2739.0000,2736.8000,2736.0000,2735.2000,2740.6000,2740.8000,2741.2000,2741.6000,2741.8000,2,1,1,1,1,3,1,2,3,2
SF,IH2009,2020-05-20 09:32:04.100,2739.8000,14331,0,74202420.000,0,-,-,-,-,2739.0000,2736.8000,2736.0000,2735.2000,2735.0000,2740.2000,2740.4000,2740.6000,2740.8000,2741.2000,1,1,1,1,2,1,2,5,2,2
SF,IH2009,2020-05-20 09:32:04.600,2739.8000,14331,0,74202420.000,0,-,-,-,-,2739.0000,2736.8000,2736.0000,2735.2000,2735.0000,2740.0000,2740.2000,2740.6000,2740.8000,2741.2000,1,1,1,1,2,4,2,4,1,2
SF,IH2009,2020-05-20 09:32:05.100,2739.8000,14331,0,74202420.000,0,-,-,-,-,2739.0000,2736.8000,2736.0000,2735.2000,2735.0000,2739.8000,2740.0000,2740.2000,2740.6000,2740.8000,1,1,1,1,2,1,4,1,4,1
SF,IH2009,2020-05-20 09:32:05.600,2739.8000,14331,0,74202420.000,0,-,-,-,-,2739.0000,2736.8000,2736.0000,2735.2000,2735.0000,2739.6000,2739.8000,2740.0000,2740.2000,2740.6000,1,1,1,1,2,1,1,2,1,4
SF,IH2009,2020-05-20 09:32:06.100,2739.0000,14331,0,75024120.000,1,0,1,多换,S,2736.8000,2736.0000,2735.2000,2735.0000,2734.6000,2739.0000,2739.4000,2739.6000,2739.8000,2740.0000,1,1,1,2,1,1,1,3,3,1
SF,IH2009,2020-05-20 09:32:06.600,2737.2000,14330,-1,76666980.000,2,0,2,多平,S,2737.2000,2737.0000,2736.8000,2736.0000,2735.2000,2739.0000,2739.6000,2740.0000,2740.6000,2741.2000,1,6,1,1,1,2,1,1,4,2
SF,IH2009,2020-05-20 09:32:07.100,2737.2000,14330,0,76666980.000,0,-,-,-,-,2737.4000,2737.2000,2737.0000,2736.8000,2736.0000,2738.8000,2739.0000,2740.0000,2740.6000,2741.2000,3,1,1,1,1,1,2,1,4,2
SF,IH2009,2020-05-20 09:32:07.600,2738.8000,14328,-2,78310260.000,2,0,2,双平,S,2737.6000,2737.4000,2737.0000,2736.8000,2736.0000,2739.0000,2740.0000,2741.2000,2741.6000,2741.8000,8,7,1,1,1,1,1,1,2,2
SF,IH2009,2020-05-20 09:32:08.100,2739.0000,14326,-2,80775360.000,3,0,3,多平,S,2739.0000,2738.8000,2738.2000,2738.0000,2737.8000,2740.0000,2741.6000,2741.8000,2742.0000,2742.4000,2,3,4,1,8,1,2,2,3,1
SF,IH2009,2020-05-20 09:32:08.600,2739.0000,14326,0,80775360.000,0,-,-,-,-,2739.2000,2739.0000,2738.8000,2737.8000,2737.6000,2741.6000,2741.8000,2742.0000,2742.4000,2742.8000,1,2,2,6,2,2,2,3,1,2
SF,IH2009,2020-05-20 09:32:09.100,2741.4000,14325,-1,81597780.000,1,0,1,双平,S,2739.4000,2739.2000,2739.0000,2738.8000,2737.8000,2741.4000,2741.6000,2741.8000,2742.0000,2742.4000,2,2,1,1,4,7,3,1,3,1
SF,IH2009,2020-05-20 09:32:09.600,2741.4000,14325,0,81597780.000,0,-,-,-,-,2739.6000,2739.4000,2739.2000,2739.0000,2738.8000,2741.2000,2741.4000,2741.6000,2741.8000,2742.0000,2,2,1,1,1,3,7,2,1,3
SF,IH2009,2020-05-20 09:32:10.100,2741.4000,14325,0,81597780.000,0,-,-,-,-,2739.8000,2739.6000,2739.4000,2739.2000,2739.0000,2741.0000,2741.2000,2741.4000,2741.6000,2741.8000,1,3,1,1,1,4,4,4,2,1
SF,IH2009,2020-05-20 09:32:10.600,2741.4000,14325,0,81597780.000,0,-,-,-,-,2739.8000,2739.6000,2739.4000,2739.2000,2739.0000,2740.8000,2741.0000,2741.2000,2741.4000,2741.6000,1,1,1,1,1,3,4,2,4,2
SF,IH2009,2020-05-20 09:32:11.100,2741.4000,14325,0,81597780.000,0,-,-,-,-,2739.8000,2739.6000,2739.4000,2739.2000,2739.0000,2740.8000,2741.0000,2741.2000,2741.4000,2741.6000,2,1,1,1,1,2,2,1,3,1
SF,IH2009,2020-05-20 09:32:11.600,2741.4000,14325,0,81597780.000,0,-,-,-,-,2739.8000,2739.6000,2739.4000,2739.2000,2739.0000,2740.8000,2741.0000,2741.2000,2741.4000,2741.6000,1,1,1,1,1,2,2,1,3,1
SF,IH2009,2020-05-20 09:32:12.100,2739.8000,14323,-2,83241660.000,2,0,2,双平,S,2739.6000,2739.4000,2739.2000,2739.0000,2738.8000,2740.6000,2741.0000,2741.2000,2741.4000,2741.6000,1,1,1,1,1,3,1,1,3,1
SF,IH2009,2020-05-20 09:32:12.600,2739.8000,14321,-2,84885480.000,2,0,2,双平,S,2739.2000,2739.0000,2738.8000,2737.8000,2737.6000,2739.8000,2740.4000,2740.6000,2741.0000,2741.2000,1,1,1,4,2,2,3,3,1,1
SF,IH2009,2020-05-20 09:32:13.100,2739.8000,14321,0,84885480.000,0,-,-,-,-,2739.0000,2738.8000,2737.8000,2737.6000,2736.8000,2739.6000,2739.8000,2740.4000,2740.6000,2740.8000,1,1,3,1,1,2,1,4,1,1
SF,IH2009,2020-05-20 09:32:13.600,2739.8000,14321,0,84885480.000,0,-,-,-,-,2739.0000,2738.8000,2737.8000,2737.6000,2736.8000,2739.6000,2739.8000,2740.4000,2740.6000,2740.8000,1,1,3,1,1,2,1,2,1,1
SF,IH2009,2020-05-20 09:32:14.100,2739.8000,14321,0,84885480.000,0,-,-,-,-,2739.0000,2738.8000,2737.8000,2737.6000,2736.8000,2739.4000,2739.6000,2739.8000,2740.4000,2740.6000,1,1,3,1,1,3,2,1,2,1
SF,IH2009,2020-05-20 09:32:14.600,2739.6000,14317,-4,88173000.000,4,0,4,双平,S,2739.4000,2739.0000,2738.8000,2737.8000,2737.6000,2739.6000,2739.8000,2740.4000,2740.6000,2740.8000,2,1,1,3,1,1,1,2,1,1
SF,IH2009,2020-05-20 09:32:15.100,2739.6000,14316,-1,88994880.000,1,0,1,双平,S,2739.6000,2739.4000,2739.0000,2738.8000,2737.8000,2740.4000,2740.6000,2740.8000,2741.0000,2741.2000,2,2,1,1,3,1,1,1,1,1
SF,IH2009,2020-05-20 09:32:15.600,2740.4000,14315,-1,89817000.000,1,0,1,双平,S,2740.6000,2739.8000,2739.6000,2739.4000,2739.0000,2740.8000,2741.0000,2741.2000,2741.4000,2741.6000,1,1,2,2,1,1,1,1,3,2
SF,IH2009,2020-05-20 09:32:16.100,2741.0000,14313,-2,91461540.000,2,0,2,双平,S,2741.0000,2740.8000,2740.6000,2739.8000,2739.6000,2741.2000,2741.4000,2741.6000,2741.8000,2742.8000,1,3,2,1,2,1,1,1,1,2
SF,IH2009,2020-05-20 09:32:16.600,2741.4000,14311,-2,93106320.000,2,0,2,双平,S,2741.4000,2741.2000,2741.0000,2740.8000,2740.6000,2741.8000,2742.8000,2743.2000,2743.4000,2744.2000,1,1,1,2,2,1,2,2,1,2
SF,IH2009,2020-05-20 09:32:17.100,2741.4000,14311,0,93106320.000,0,-,-,-,-,2741.4000,2741.0000,2740.8000,2740.6000,2739.8000,2742.8000,2743.2000,2743.4000,2744.2000,2744.4000,1,1,2,2,1,2,2,1,2,1
SF,IH2009,2020-05-20 09:32:17.600,2741.4000,14311,0,93106320.000,0,-,-,-,-,2741.4000,2741.0000,2740.8000,2740.6000,2739.8000,2742.4000,2742.6000,2742.8000,2743.2000,2743.4000,1,1,2,2,1,1,5,2,2,1
SF,IH2009,2020-05-20 09:32:18.100,2741.4000,14310,-1,93928740.000,1,0,1,双平,S,2741.0000,2740.8000,2740.6000,2739.8000,2739.6000,2742.0000,2742.2000,2742.4000,2742.6000,2742.8000,1,2,2,2,2,1,3,1,4,2
SF,IH2009,2020-05-20 09:32:18.600,2741.0000,14309,-1,94751040.000,1,0,1,双平,S,2740.8000,2740.6000,2739.8000,2739.6000,2739.4000,2741.8000,2742.0000,2742.2000,2742.4000,2742.6000,2,2,2,2,2,7,1,2,1,3
SF,IH2009,2020-05-20 09:32:19.100,2741.0000,14309,0,94751040.000,0,-,-,-,-,2740.8000,2740.6000,2739.8000,2739.6000,2739.4000,2741.4000,2741.8000,2742.2000,2742.4000,2742.6000,2,2,2,2,2,1,5,1,1,3
SF,IH2009,2020-05-20 09:32:19.600,2741.0000,14309,0,94751040.000,0,-,-,-,-,2740.8000,2740.6000,2739.8000,2739.6000,2739.4000,2741.4000,2741.6000,2741.8000,2742.2000,2742.4000,2,2,2,2,2,1,1,4,1,1
SF,IH2009,2020-05-20 09:32:20.100,2741.4000,14308,-1,95573460.000,1,0,1,双平,S,2741.4000,2740.8000,2740.6000,2739.8000,2739.6000,2741.8000,2742.2000,2742.4000,2742.6000,2742.8000,2,2,2,2,2,4,1,1,3,2
SF,IH2009,2020-05-20 09:32:20.600,2741.4000,14308,0,96395880.000,1,0,1,多换,S,2740.8000,2740.6000,2739.8000,2739.6000,2739.4000,2742.2000,2742.4000,2742.6000,2742.8000,2743.2000,2,2,2,2,1,1,1,3,2,2
SF,IH2009,2020-05-20 09:32:21.100,2741.4000,14308,0,96395880.000,0,-,-,-,-,2741.8000,2741.0000,2740.8000,2740.6000,2739.8000,2742.8000,2743.2000,2743.4000,2744.2000,2744.4000,1,2,2,2,1,2,2,1,2,1
SF,IH2009,2020-05-20 09:32:21.600,2741.4000,14307,-1,97218300.000,1,0,1,双平,S,2741.0000,2740.8000,2740.6000,2739.8000,2739.6000,2741.4000,2742.8000,2743.2000,2743.4000,2744.2000,5,2,2,1,2,5,2,2,1,2
SF,IH2009,2020-05-20 09:32:22.100,2741.4000,14302,-5,101330400.000,5,0,5,双平,S,2741.8000,2741.6000,2741.4000,2741.0000,2740.8000,2742.8000,2743.2000,2743.4000,2744.2000,2744.4000,1,2,1,2,2,2,2,1,2,1
SF,IH2009,2020-05-20 09:32:22.600,2741.4000,14302,0,101330400.000,0,-,-,-,-,2741.8000,2741.6000,2741.4000,2741.0000,2740.8000,2742.6000,2742.8000,2743.2000,2743.4000,2744.2000,1,2,1,1,2,3,2,2,1,2
SF,IH2009,2020-05-20 09:32:23.100,2741.8000,14301,-1,102152940.000,1,0,1,双平,S,2741.6000,2741.4000,2741.0000,2740.8000,2740.6000,2742.6000,2742.8000,2743.2000,2743.4000,2744.2000,2,1,1,2,2,6,2,2,1,2
SF,IH2009,2020-05-20 09:32:23.600,2741.6000,14300,-1,102975420.000,1,0,1,双平,S,2741.0000,2740.8000,2740.6000,2739.8000,2739.4000,2742.2000,2742.6000,2742.8000,2743.2000,2743.4000,1,2,2,1,1,1,6,2,2,1
SF,IH2009,2020-05-20 09:32:24.100,2741.6000,14300,0,102975420.000,0,-,-,-,-,2741.2000,2741.0000,2740.8000,2740.6000,2739.8000,2742.0000,2742.2000,2742.6000,2742.8000,2743.2000,2,1,2,2,1,1,1,4,2,2
SF,IH2009,2020-05-20 09:32:24.600,2741.2000,14299,-1,103797780.000,1,0,1,双平,S,2741.2000,2741.0000,2740.8000,2740.6000,2740.0000,2742.0000,2742.2000,2742.6000,2742.8000,2743.2000,1,1,2,2,1,1,2,3,2,2
SF,IH2009,2020-05-20 09:32:25.100,2741.2000,14299,0,103797780.000,0,-,-,-,-,2741.2000,2741.0000,2740.8000,2740.6000,2740.0000,2742.0000,2742.2000,2742.6000,2742.8000,2743.2000,1,1,2,2,1,2,1,3,2,2
SF,IH2009,2020-05-20 09:32:26.100,2741.2000,14299,0,103797780.000,0,-,-,-,-,2741.0000,2740.8000,2740.6000,2740.0000,2739.8000,2741.2000,2742.0000,2742.2000,2742.6000,2742.8000,1,2,2,1,1,1,2,1,3,2
SF,IH2009,2020-05-20 09:32:26.600,2741.2000,14299,0,103797780.000,0,-,-,-,-,2740.8000,2740.6000,2740.0000,2739.8000,2739.0000,2742.0000,2742.2000,2742.6000,2742.8000,2743.2000,2,2,1,1,1,2,1,3,2,2
SF,IH2009,2020-05-20 09:32:27.100,2741.2000,14299,0,103797780.000,0,-,-,-,-,2741.2000,2741.0000,2740.8000,2740.6000,2740.0000,2742.0000,2742.2000,2742.6000,2742.8000,2743.2000,2,2,2,2,1,1,1,3,2,2
SF,IH2009,2020-05-20 09:32:27.600,2741.2000,14299,0,103797780.000,0,-,-,-,-,2741.2000,2741.0000,2740.8000,2740.6000,2740.0000,2741.8000,2742.2000,2742.6000,2742.8000,2743.2000,2,1,2,2,1,1,1,3,2,2
SF,IH2009,2020-05-20 09:32:28.100,2741.8000,14298,-1,104620320.000,1,0,1,双平,S,2741.8000,2741.4000,2741.2000,2740.8000,2740.6000,2742.8000,2743.2000,2743.4000,2744.2000,2744.4000,1,1,1,2,2,2,2,1,2,1
SF,IH2009,2020-05-20 09:32:28.600,2741.8000,14298,0,104620320.000,0,-,-,-,-,2741.4000,2741.2000,2740.8000,2740.6000,2740.0000,2742.6000,2742.8000,2743.2000,2743.4000,2744.2000,1,1,2,2,1,3,2,2,1,2
SF,IH2009,2020-05-20 09:32:29.100,2741.8000,14298,0,104620320.000,0,-,-,-,-,2741.8000,2741.4000,2741.2000,2740.8000,2740.6000,2742.6000,2742.8000,2743.2000,2743.4000,2744.2000,1,1,1,2,2,3,2,2,1,2
SF,IH2009,2020-05-20 09:32:29.600,2741.8000,14298,0,104620320.000,0,-,-,-,-,2741.8000,2741.6000,2741.4000,2741.2000,2740.8000,2742.6000,2742.8000,2743.2000,2743.4000,2744.2000,1,1,1,1,2,2,2,2,1,2
SF,IH2009,2020-05-20 09:32:30.100,2741.8000,14298,0,104620320.000,0,-,-,-,-,2741.8000,2741.4000,2741.2000,2740.8000,2740.6000,2742.6000,2742.8000,2743.2000,2743.4000,2744.2000,1,1,1,2,2,1,2,2,1,2
SF,IH2009,2020-05-20 09:32:30.600,2741.8000,14298,0,104620320.000,0,-,-,-,-,2741.8000,2741.4000,2741.2000,2740.8000,2740.6000,2742.8000,2743.2000,2743.4000,2744.2000,2744.4000,1,1,1,2,2,2,2,1,2,1
SF,IH2009,2020-05-20 09:32:31.100,2741.8000,14298,0,104620320.000,0,-,-,-,-,2741.4000,2741.2000,2740.8000,2740.6000,2740.0000,2742.8000,2743.2000,2743.4000,2744.2000,2744.4000,1,1,2,2,1,2,2,1,2,1
SF,IH2009,2020-05-20 09:32:31.600,2741.8000,14298,0,104620320.000,0,-,-,-,-,2742.0000,2741.8000,2741.6000,2741.4000,2741.2000,2742.6000,2742.8000,2743.2000,2743.4000,2744.2000,1,1,1,1,1,1,2,2,1,2
SF,IH2009,2020-05-20 09:32:32.100,2741.8000,14298,0,104620320.000,0,-,-,-,-,2742.0000,2741.8000,2741.6000,2741.4000,2741.2000,2743.2000,2743.4000,2744.2000,2744.4000,2744.8000,1,1,4,1,1,2,1,2,1,1
SF,IH2009,2020-05-20 09:32:32.600,2741.8000,14298,0,104620320.000,0,-,-,-,-,2741.8000,2741.6000,2741.4000,2741.2000,2740.8000,2743.0000,2743.2000,2743.4000,2744.2000,2744.4000,1,3,1,1,2,5,2,1,2,1
SF,IH2009,2020-05-20 09:32:33.100,2741.8000,14298,0,104620320.000,0,-,-,-,-,2742.2000,2742.0000,2741.6000,2741.2000,2740.8000,2743.0000,2743.2000,2743.4000,2744.2000,2744.4000,1,2,3,1,2,2,2,1,2,1
SF,IH2009,2020-05-20 09:32:33.600,2741.8000,14298,0,104620320.000,0,-,-,-,-,2742.2000,2742.0000,2741.6000,2741.2000,2740.8000,2742.8000,2743.0000,2743.2000,2743.4000,2744.2000,1,2,3,2,2,1,2,2,1,2
SF,IH2009,2020-05-20 09:32:34.100,2741.8000,14298,0,104620320.000,0,-,-,-,-,2742.2000,2742.0000,2741.6000,2741.2000,2740.8000,2743.2000,2743.4000,2744.2000,2744.4000,2744.8000,1,2,3,2,2,2,1,2,1,1
SF,IH2009,2020-05-20 09:32:34.600,2741.8000,14298,0,104620320.000,0,-,-,-,-,2742.2000,2742.0000,2741.6000,2741.2000,2741.0000,2743.0000,2743.2000,2743.4000,2744.2000,2744.4000,2,1,3,2,2,1,2,1,2,1
SF,IH2009,2020-05-20 09:32:35.600,2741.8000,14298,0,104620320.000,0,-,-,-,-,2742.2000,2742.0000,2741.6000,2741.2000,2741.0000,2743.2000,2743.4000,2744.2000,2744.4000,2744.8000,2,1,3,2,2,2,1,2,1,1
SF,IH2009,2020-05-20 09:32:36.100,2741.8000,14298,0,104620320.000,0,-,-,-,-,2742.2000,2742.0000,2741.6000,2741.2000,2741.0000,2743.2000,2743.4000,2744.2000,2744.4000,2744.8000,2,1,3,3,2,2,1,2,1,1
SF,IH2009,2020-05-20 09:32:37.100,2741.8000,14298,0,104620320.000,0,-,-,-,-,2742.2000,2742.0000,2741.6000,2741.2000,2741.0000,2743.0000,2743.2000,2743.4000,2744.2000,2744.4000,2,1,3,2,2,2,2,1,2,1
SF,IH2009,2020-05-20 09:32:37.600,2742.2000,14298,0,105442980.000,1,0,1,多换,S,2742.2000,2742.0000,2741.6000,2741.2000,2741.0000,2743.2000,2743.4000,2744.2000,2744.4000,2744.8000,2,1,3,2,2,2,1,2,1,1
SF,IH2009,2020-05-20 09:32:38.100,2742.2000,14298,0,105442980.000,0,-,-,-,-,2742.2000,2742.0000,2741.6000,2741.2000,2741.0000,2743.0000,2743.2000,2743.4000,2744.2000,2744.4000,1,1,3,2,2,1,2,1,2,1
SF,IH2009,2020-05-20 09:32:38.600,2742.2000,14297,-1,106265640.000,1,0,1,双平,S,2742.0000,2741.6000,2741.2000,2741.0000,2740.8000,2743.2000,2743.4000,2744.2000,2744.4000,2744.8000,1,3,2,2,2,2,1,2,1,1
SF,IH2009,2020-05-20 09:32:39.100,2742.2000,14297,0,106265640.000,0,-,-,-,-,2742.0000,2741.6000,2741.2000,2741.0000,2740.8000,2742.8000,2743.0000,2743.2000,2743.4000,2744.2000,1,3,2,2,2,2,4,2,1,2
SF,IH2009,2020-05-20 09:32:39.600,2742.0000,14296,-1,107088240.000,1,0,1,双平,S,2741.6000,2741.2000,2741.0000,2740.8000,2740.6000,2742.8000,2743.0000,2743.2000,2743.4000,2744.2000,3,2,2,2,2,2,2,3,1,2
SF,IH2009,2020-05-20 09:32:40.100,2742.0000,14296,0,107088240.000,0,-,-,-,-,2741.2000,2741.0000,2740.8000,2740.6000,2740.0000,2742.6000,2742.8000,2743.2000,2743.4000,2744.2000,2,2,2,2,1,3,2,3,1,2
SF,IH2009,2020-05-20 09:32:40.600,2742.0000,14296,0,107088240.000,0,-,-,-,-,2741.4000,2741.2000,2741.0000,2740.8000,2740.6000,2742.6000,2742.8000,2743.2000,2743.4000,2744.2000,1,2,2,2,2,5,2,3,1,2
SF,IH2009,2020-05-20 09:32:41.100,2742.0000,14296,0,107088240.000,0,-,-,-,-,2742.0000,2741.6000,2741.4000,2741.2000,2741.0000,2742.6000,2743.0000,2743.4000,2744.2000,2744.4000,1,1,3,2,2,1,1,1,2,1
SF,IH2009,2020-05-20 09:32:41.600,2742.0000,14296,0,107910840.000,1,0,1,多换,S,2741.4000,2741.2000,2741.0000,2740.8000,2740.6000,2742.4000,2742.6000,2743.0000,2743.4000,2744.2000,3,2,2,2,2,3,1,1,1,2
SF,IH2009,2020-05-20 09:32:42.100,2742.0000,14296,0,107910840.000,0,-,-,-,-,2741.4000,2741.2000,2741.0000,2740.8000,2740.6000,2742.6000,2743.0000,2743.4000,2744.2000,2744.4000,3,2,2,2,2,1,1,1,2,1
SF,IH2009,2020-05-20 09:32:42.600,2742.0000,14296,0,107910840.000,0,-,-,-,-,2741.4000,2741.2000,2741.0000,2740.8000,2740.6000,2742.4000,2742.6000,2743.0000,2743.4000,2744.2000,3,2,2,2,2,2,1,1,1,2
SF,IH2009,2020-05-20 09:32:43.100,2742.0000,14296,0,107910840.000,0,-,-,-,-,2741.4000,2741.2000,2741.0000,2740.8000,2740.6000,2742.2000,2743.0000,2743.4000,2744.2000,2744.4000,3,2,2,2,2,1,1,1,2,1
SF,IH2009,2020-05-20 09:32:47.100,2742.0000,14296,0,107910840.000,0,-,-,-,-,2741.4000,2741.2000,2741.0000,2740.8000,2740.6000,2742.2000,2743.0000,2743.4000,2744.2000,2744.4000,3,2,3,2,2,1,1,1,2,1
SF,IH2009,2020-05-20 09:32:47.600,2742.2000,14295,-1,108733500.000,1,0,1,双平,S,2742.2000,2741.6000,2741.4000,2741.2000,2741.0000,2743.0000,2743.4000,2744.2000,2744.4000,2744.8000,1,2,3,2,3,1,1,2,1,1
SF,IH2009,2020-05-20 09:32:48.100,2742.2000,14295,0,108733500.000,0,-,-,-,-,2742.2000,2741.6000,2741.4000,2741.2000,2741.0000,2743.0000,2743.4000,2744.2000,2744.4000,2744.8000,2,2,3,2,3,1,1,2,1,1
SF,IH2009,2020-05-20 09:32:48.600,2742.2000,14295,0,108733500.000,0,-,-,-,-,2742.2000,2741.4000,2741.2000,2741.0000,2740.8000,2743.0000,2743.4000,2744.2000,2744.4000,2744.8000,2,3,2,3,2,1,1,2,1,1
SF,IH2009,2020-05-20 09:32:49.100,2742.2000,14295,0,108733500.000,0,-,-,-,-,2742.2000,2741.4000,2741.2000,2741.0000,2740.8000,2742.8000,2743.0000,2743.4000,2744.2000,2744.4000,2,3,2,3,2,1,1,1,2,1
SF,IH2009,2020-05-20 09:32:49.600,2742.2000,14295,0,108733500.000,0,-,-,-,-,2742.8000,2742.2000,2741.4000,2741.2000,2741.0000,2743.0000,2743.4000,2744.2000,2744.4000,2744.8000,1,1,3,2,3,1,1,2,1,1
SF,IH2009,2020-05-20 09:32:50.100,2742.2000,14295,0,108733500.000,0,-,-,-,-,2742.2000,2741.4000,2741.2000,2741.0000,2740.8000,2743.0000,2743.4000,2744.2000,2744.4000,2744.8000,1,3,2,3,2,1,1,2,1,1
SF,IH2009,2020-05-20 09:32:50.600,2742.2000,14295,0,108733500.000,0,-,-,-,-,2742.2000,2741.6000,2741.4000,2741.2000,2741.0000,2743.0000,2743.4000,2744.2000,2744.4000,2744.8000,1,1,3,2,3,1,1,2,1,1
SF,IH2009,2020-05-20 09:32:51.600,2742.2000,14295,0,109556160.000,1,0,1,多换,S,2741.6000,2741.4000,2741.2000,2741.0000,2740.8000,2743.0000,2743.4000,2744.2000,2744.4000,2744.8000,1,3,2,3,2,1,1,2,1,1
SF,IH2009,2020-05-20 09:32:52.100,2742.2000,14295,0,109556160.000,0,-,-,-,-,2741.8000,2741.6000,2741.2000,2741.0000,2740.8000,2742.8000,2743.0000,2743.4000,2744.2000,2744.4000,4,1,2,3,2,1,1,1,2,1
SF,IH2009,2020-05-20 09:32:53.600,2742.2000,14295,0,109556160.000,0,-,-,-,-,2741.8000,2741.6000,2741.2000,2741.0000,2740.8000,2742.8000,2743.0000,2743.4000,2744.2000,2744.4000,1,1,2,3,2,1,1,1,2,1
SF,IH2009,2020-05-20 09:32:54.100,2742.2000,14295,0,109556160.000,0,-,-,-,-,2741.8000,2741.6000,2741.2000,2741.0000,2740.8000,2742.6000,2742.8000,2743.0000,2743.4000,2744.2000,1,1,2,3,2,1,1,1,1,2
SF,IH2009,2020-05-20 09:32:54.600,2742.2000,14295,0,109556160.000,0,-,-,-,-,2741.8000,2741.6000,2741.2000,2741.0000,2740.8000,2742.8000,2743.0000,2743.4000,2744.2000,2744.4000,1,1,2,3,2,1,1,1,2,1
SF,IH2009,2020-05-20 09:32:55.100,2742.2000,14295,0,109556160.000,0,-,-,-,-,2741.8000,2741.6000,2741.2000,2741.0000,2740.8000,2742.6000,2742.8000,2743.0000,2743.4000,2744.2000,1,1,2,3,2,1,1,1,1,2
SF,IH2009,2020-05-20 09:32:58.600,2742.2000,14295,0,109556160.000,0,-,-,-,-,2741.8000,2741.6000,2741.2000,2741.0000,2740.8000,2742.6000,2742.8000,2743.0000,2743.4000,2744.2000,1,1,2,4,2,1,1,1,1,2
SF,IH2009,2020-05-20 09:32:59.100,2742.2000,14295,0,109556160.000,0,-,-,-,-,2741.8000,2741.6000,2741.2000,2741.0000,2740.8000,2742.8000,2743.0000,2743.4000,2744.2000,2744.4000,1,1,2,4,2,1,1,1,2,1
SF,IH2009,2020-05-20 09:32:59.600,2742.2000,14295,0,109556160.000,0,-,-,-,-,2741.6000,2741.2000,2741.0000,2740.8000,2740.6000,2741.8000,2742.6000,2742.8000,2743.0000,2743.4000,1,2,4,2,2,1,4,1,2,1
SF,IH2009,2020-05-20 09:33:00.100,2741.8000,14294,-1,110378700.000,1,0,1,双平,S,2741.8000,2741.6000,2741.2000,2741.0000,2740.8000,2742.8000,2743.0000,2743.4000,2744.2000,2744.4000,1,1,2,4,2,1,1,1,2,1
SF,IH2009,2020-05-20 09:33:00.600,2741.8000,14294,0,110378700.000,0,-,-,-,-,2741.2000,2741.0000,2740.8000,2740.6000,2739.0000,2742.6000,2742.8000,2743.0000,2743.4000,2744.2000,2,4,2,2,6,1,1,1,1,2
SF,IH2009,2020-05-20 09:33:01.100,2741.8000,14294,0,110378700.000,0,-,-,-,-,2741.4000,2741.2000,2741.0000,2740.8000,2740.6000,2741.8000,2742.4000,2742.6000,2742.8000,2743.0000,3,2,4,2,2,1,1,7,1,2
SF,IH2009,2020-05-20 09:33:01.600,2741.0000,14290,-4,115312980.000,6,1,5,多平,S,2741.0000,2740.8000,2740.6000,2739.0000,2736.8000,2741.2000,2741.4000,2741.8000,2742.4000,2742.6000,3,2,2,6,1,3,1,1,1,6
SF,IH2009,2020-05-20 09:33:02.100,2740.8000,14289,-1,118602120.000,4,1,3,多平,S,2739.0000,2736.8000,2736.0000,2735.0000,2734.6000,2740.8000,2741.0000,2741.2000,2741.4000,2741.8000,6,1,1,2,1,2,1,2,1,1
SF,IH2009,2020-05-20 09:33:02.600,2739.2000,14288,-1,119423880.000,1,0,1,双平,S,2739.2000,2739.0000,2736.8000,2736.0000,2735.0000,2740.6000,2740.8000,2741.0000,2741.2000,2741.4000,2,6,1,1,2,2,1,1,2,1
SF,IH2009,2020-05-20 09:33:03.100,2739.2000,14288,0,119423880.000,0,-,-,-,-,2739.4000,2739.2000,2739.0000,2736.8000,2736.0000,2740.6000,2740.8000,2741.0000,2741.2000,2741.4000,1,1,6,1,1,2,1,1,2,1
SF,IH2009,2020-05-20 09:33:03.600,2739.2000,14288,0,119423880.000,0,-,-,-,-,2739.2000,2739.0000,2738.4000,2736.8000,2736.0000,2740.6000,2740.8000,2741.0000,2741.2000,2741.4000,1,6,1,1,1,2,1,1,2,1
SF,IH2009,2020-05-20 09:33:04.600,2739.2000,14288,0,119423880.000,0,-,-,-,-,2739.2000,2739.0000,2738.4000,2736.8000,2736.0000,2740.6000,2740.8000,2741.0000,2741.2000,2741.4000,2,6,1,1,1,2,1,1,2,1
SF,IH2009,2020-05-20 09:33:05.100,2739.2000,14288,0,119423880.000,0,-,-,-,-,2739.4000,2739.2000,2739.0000,2738.4000,2737.6000,2740.6000,2740.8000,2741.0000,2741.2000,2741.4000,5,2,6,1,1,2,1,1,2,1
SF,IH2009,2020-05-20 09:33:05.600,2740.8000,14286,-2,121068300.000,2,0,2,双平,S,2739.4000,2739.2000,2739.0000,2738.4000,2737.6000,2741.0000,2741.2000,2741.4000,2741.8000,2742.6000,5,2,6,1,1,1,2,1,1,4
SF,IH2009,2020-05-20 09:33:06.100,2740.8000,14283,-3,123535260.000,3,0,3,双平,S,2739.6000,2739.4000,2739.2000,2739.0000,2738.4000,2741.8000,2742.6000,2742.8000,2743.0000,2743.2000,5,6,1,6,1,1,4,1,1,1
SF,IH2009,2020-05-20 09:33:06.600,2740.8000,14283,0,123535260.000,0,-,-,-,-,2741.4000,2741.2000,2739.8000,2739.6000,2739.4000,2741.6000,2742.6000,2742.8000,2743.0000,2743.2000,1,1,4,9,4,1,4,1,1,1
SF,IH2009,2020-05-20 09:33:07.100,2741.6000,14282,-1,124357740.000,1,0,1,双平,S,2741.6000,2741.4000,2739.8000,2739.6000,2739.4000,2742.6000,2742.8000,2743.0000,2743.2000,2743.4000,2,1,4,9,4,4,1,1,1,1
SF,IH2009,2020-05-20 09:33:07.600,2741.6000,14282,0,124357740.000,0,-,-,-,-,2741.6000,2741.4000,2739.8000,2739.6000,2739.4000,2743.0000,2743.2000,2743.4000,2744.2000,2744.4000,2,1,5,8,2,1,1,1,2,1
SF,IH2009,2020-05-20 09:33:08.100,2741.6000,14282,0,124357740.000,0,-,-,-,-,2741.8000,2741.6000,2741.4000,2739.8000,2739.6000,2742.8000,2743.0000,2743.2000,2743.4000,2744.2000,1,1,1,3,8,2,1,1,1,2
SF,IH2009,2020-05-20 09:33:08.600,2741.6000,14282,0,124357740.000,0,-,-,-,-,2741.6000,2741.4000,2739.8000,2739.6000,2739.4000,2742.8000,2743.0000,2743.2000,2743.4000,2744.2000,1,1,3,8,2,3,2,2,1,2
SF,IH2009,2020-05-20 09:33:09.100,2741.6000,14282,0,124357740.000,0,-,-,-,-,2741.4000,2739.8000,2739.6000,2739.4000,2739.0000,2741.8000,2742.6000,2742.8000,2743.0000,2743.2000,1,3,8,2,6,1,5,3,2,2
SF,IH2009,2020-05-20 09:33:09.600,2741.6000,14282,0,124357740.000,0,-,-,-,-,2739.8000,2739.6000,2739.4000,2739.0000,2738.4000,2741.8000,2742.6000,2742.8000,2743.0000,2743.2000,3,7,2,6,1,1,3,3,2,2
SF,IH2009,2020-05-20 09:33:10.100,2741.6000,14282,0,124357740.000,0,-,-,-,-,2740.0000,2739.8000,2739.6000,2739.4000,2739.0000,2742.6000,2742.8000,2743.0000,2743.2000,2743.4000,8,3,4,2,6,2,3,2,2,1
SF,IH2009,2020-05-20 09:33:10.600,2741.6000,14282,0,124357740.000,0,-,-,-,-,2740.4000,2740.2000,2740.0000,2739.8000,2739.6000,2742.2000,2742.4000,2742.6000,2742.8000,2743.0000,1,2,5,1,2,1,4,2,2,1
SF,IH2009,2020-05-20 09:33:11.100,2741.6000,14282,0,124357740.000,0,-,-,-,-,2740.6000,2740.4000,2740.2000,2740.0000,2739.8000,2742.0000,2742.2000,2742.4000,2742.6000,2742.8000,4,1,2,1,1,1,1,1,1,2
SF,IH2009,2020-05-20 09:33:11.600,2741.6000,14282,0,124357740.000,0,-,-,-,-,2740.6000,2740.2000,2740.0000,2739.8000,2739.6000,2742.2000,2742.6000,2742.8000,2743.0000,2743.2000,4,2,1,1,2,1,1,2,1,2
SF,IH2009,2020-05-20 09:33:12.100,2741.6000,14282,0,124357740.000,0,-,-,-,-,2740.6000,2740.2000,2740.0000,2739.8000,2739.6000,2742.0000,2742.6000,2742.8000,2743.0000,2743.2000,3,2,1,1,2,4,1,2,1,2
SF,IH2009,2020-05-20 09:33:12.600,2741.6000,14282,0,124357740.000,0,-,-,-,-,2740.6000,2740.2000,2740.0000,2739.8000,2739.6000,2742.0000,2742.6000,2742.8000,2743.0000,2743.2000,3,1,1,1,2,3,1,2,1,2
SF,IH2009,2020-05-20 09:33:13.100,2741.6000,14282,0,124357740.000,0,-,-,-,-,2740.8000,2740.6000,2740.2000,2740.0000,2739.8000,2742.0000,2742.6000,2742.8000,2743.0000,2743.2000,1,3,1,1,1,3,1,2,1,2
SF,IH2009,2020-05-20 09:33:13.600,2741.6000,14282,0,124357740.000,0,-,-,-,-,2741.0000,2740.6000,2740.2000,2740.0000,2739.8000,2741.8000,2742.0000,2742.6000,2742.8000,2743.0000,1,2,1,1,1,3,1,1,2,1
SF,IH2009,2020-05-20 09:33:14.100,2741.6000,14282,0,124357740.000,0,-,-,-,-,2741.0000,2740.6000,2740.2000,2740.0000,2739.8000,2741.8000,2742.0000,2742.6000,2742.8000,2743.0000,1,1,1,1,1,3,1,1,2,1
SF,IH2009,2020-05-20 09:33:14.600,2741.6000,14282,0,124357740.000,0,-,-,-,-,2741.0000,2740.6000,2740.2000,2740.0000,2739.8000,2741.8000,2742.6000,2742.8000,2743.0000,2743.2000,1,1,1,1,1,3,1,2,1,2
SF,IH2009,2020-05-20 09:33:15.100,2741.6000,14282,0,124357740.000,0,-,-,-,-,2741.0000,2740.6000,2740.2000,2740.0000,2739.8000,2741.8000,2742.6000,2742.8000,2743.0000,2743.2000,1,1,1,1,1,3,1,2,1,2
SF,IH2009,2020-05-20 09:33:15.600,2741.6000,14282,0,124357740.000,0,-,-,-,-,2741.0000,2740.6000,2740.4000,2740.2000,2740.0000,2741.8000,2742.6000,2742.8000,2743.0000,2743.2000,1,1,1,1,1,2,1,2,1,2
SF,IH2009,2020-05-20 09:33:17.600,2741.6000,14282,0,124357740.000,0,-,-,-,-,2741.0000,2740.6000,2740.4000,2740.2000,2740.0000,2741.8000,2742.6000,2742.8000,2743.0000,2743.2000,1,1,1,1,1,2,1,2,1,2
SF,IH2009,2020-05-20 09:33:18.100,2741.6000,14282,0,124357740.000,0,-,-,-,-,2741.0000,2740.6000,2740.4000,2740.2000,2740.0000,2742.6000,2742.8000,2743.0000,2743.2000,2743.4000,1,1,1,1,1,1,2,1,2,1
SF,IH2009,2020-05-20 09:33:18.600,2741.6000,14282,0,124357740.000,0,-,-,-,-,2741.0000,2740.6000,2740.4000,2740.2000,2740.0000,2742.0000,2742.4000,2742.6000,2742.8000,2743.0000,1,1,1,1,1,1,3,1,2,1
SF,IH2009,2020-05-20 09:33:19.100,2741.6000,14282,0,124357740.000,0,-,-,-,-,2741.2000,2741.0000,2740.6000,2740.4000,2740.2000,2742.0000,2742.6000,2742.8000,2743.0000,2743.2000,1,1,1,1,1,1,1,2,1,2
SF,IH2009,2020-05-20 09:33:19.600,2742.0000,14281,-1,125180340.000,1,0,1,双平,S,2742.0000,2741.4000,2741.2000,2741.0000,2740.6000,2742.6000,2743.0000,2743.2000,2743.4000,2744.0000,1,1,1,1,1,1,1,1,1,2
SF,IH2009,2020-05-20 09:33:20.100,2742.0000,14281,0,125180340.000,0,-,-,-,-,2742.0000,2741.4000,2741.2000,2741.0000,2740.6000,2743.0000,2743.2000,2743.4000,2744.0000,2744.2000,2,1,1,1,1,1,1,1,2,2
SF,IH2009,2020-05-20 09:33:20.600,2742.0000,14281,0,125180340.000,0,-,-,-,-,2742.2000,2742.0000,2741.2000,2741.0000,2740.6000,2742.4000,2743.0000,2743.2000,2743.4000,2744.0000,1,2,1,1,1,1,1,1,1,2
SF,IH2009,2020-05-20 09:33:21.100,2742.4000,14280,-1,126003060.000,1,0,1,双平,S,2742.4000,2742.2000,2742.0000,2741.2000,2741.0000,2743.0000,2743.2000,2743.4000,2744.0000,2744.2000,4,1,1,1,1,1,1,1,2,2
SF,IH2009,2020-05-20 09:33:21.600,2742.4000,14280,0,126003060.000,0,-,-,-,-,2742.4000,2742.2000,2742.0000,2741.0000,2740.6000,2743.0000,2743.2000,2743.4000,2744.0000,2744.2000,2,1,1,1,1,1,1,1,2,2
SF,IH2009,2020-05-20 09:33:22.100,2742.4000,14280,0,126003060.000,0,-,-,-,-,2742.2000,2742.0000,2741.0000,2740.6000,2740.4000,2742.6000,2743.0000,2743.2000,2743.4000,2744.0000,1,1,1,1,1,1,1,1,1,2
SF,IH2009,2020-05-20 09:33:22.600,2742.4000,14280,0,126003060.000,0,-,-,-,-,2742.0000,2741.0000,2740.6000,2740.4000,2740.2000,2742.6000,2743.0000,2743.2000,2743.4000,2744.0000,1,1,1,2,1,1,1,1,1,2
SF,IH2009,2020-05-20 09:33:23.100,2742.4000,14280,0,126003060.000,0,-,-,-,-,2742.0000,2741.0000,2740.6000,2740.4000,2740.2000,2743.0000,2743.2000,2743.4000,2744.0000,2744.2000,1,1,1,2,1,11,1,1,2,2
SF,IH2009,2020-05-20 09:33:23.600,2742.4000,14280,0,126003060.000,0,-,-,-,-,2742.2000,2742.0000,2741.0000,2740.6000,2740.4000,2742.8000,2743.0000,2743.2000,2743.4000,2744.0000,1,1,1,1,2,1,11,1,1,2
SF,IH2009,2020-05-20 09:33:24.600,2742.8000,14279,-1,126825900.000,1,0,1,双平,S,2742.2000,2742.0000,2741.0000,2740.6000,2740.4000,2743.0000,2743.2000,2743.4000,2744.0000,2744.2000,1,1,1,1,2,11,1,1,2,2
SF,IH2009,2020-05-20 09:33:25.600,2743.0000,14274,-5,130940400.000,5,0,5,双平,S,2742.4000,2742.2000,2742.0000,2741.0000,2740.6000,2743.0000,2743.2000,2743.4000,2744.0000,2744.8000,1,1,1,1,1,6,1,1,2,2
SF,IH2009,2020-05-20 09:33:26.100,2743.0000,14268,-6,135877800.000,6,0,6,双平,S,2742.6000,2742.4000,2742.0000,2741.0000,2740.6000,2743.2000,2743.4000,2744.0000,2744.8000,2745.2000,2,3,1,1,1,1,1,2,2,1
SF,IH2009,2020-05-20 09:33:26.600,2743.0000,14268,0,137523720.000,2,1,1,多换,S,2743.0000,2742.6000,2742.4000,2742.0000,2741.0000,2744.0000,2744.8000,2745.2000,2745.8000,2746.0000,1,2,3,1,1,2,2,1,1,2
SF,IH2009,2020-05-20 09:33:27.100,2743.0000,14268,0,137523720.000,0,-,-,-,-,2743.2000,2743.0000,2742.6000,2742.4000,2742.0000,2744.0000,2744.8000,2745.2000,2745.8000,2746.0000,1,1,1,3,1,2,2,1,1,2
SF,IH2009,2020-05-20 09:33:27.600,2743.0000,14268,0,137523720.000,0,-,-,-,-,2743.2000,2743.0000,2742.6000,2742.4000,2742.0000,2744.0000,2744.8000,2745.2000,2745.8000,2746.0000,1,1,1,1,1,2,2,1,1,2
SF,IH2009,2020-05-20 09:33:30.100,2743.0000,14268,0,137523720.000,0,-,-,-,-,2743.2000,2743.0000,2742.6000,2742.4000,2742.0000,2744.0000,2744.8000,2745.2000,2745.8000,2746.0000,1,1,1,1,1,2,2,1,1,2
SF,IH2009,2020-05-20 09:33:31.600,2743.0000,14268,0,137523720.000,0,-,-,-,-,2743.2000,2743.0000,2742.6000,2742.4000,2742.0000,2744.0000,2744.8000,2745.2000,2745.8000,2746.0000,1,1,1,1,1,2,2,1,1,2
SF,IH2009,2020-05-20 09:33:32.100,2744.0000,14267,-1,138346920.000,1,0,1,双平,S,2743.2000,2743.0000,2742.6000,2742.4000,2742.0000,2744.8000,2745.2000,2745.8000,2746.0000,2746.4000,1,1,1,1,1,2,1,1,2,2
SF,IH2009,2020-05-20 09:33:32.600,2744.0000,14267,0,138346920.000,0,-,-,-,-,2743.4000,2743.2000,2743.0000,2742.4000,2742.0000,2744.8000,2745.6000,2745.8000,2746.0000,2746.4000,3,1,1,1,1,1,1,1,2,2
SF,IH2009,2020-05-20 09:33:33.100,2744.0000,14267,0,138346920.000,0,-,-,-,-,2743.6000,2743.4000,2743.0000,2742.4000,2742.0000,2744.8000,2745.6000,2745.8000,2746.0000,2746.4000,1,3,1,1,1,2,1,1,2,2
SF,IH2009,2020-05-20 09:33:33.600,2744.0000,14267,0,138346920.000,0,-,-,-,-,2743.6000,2743.4000,2743.0000,2742.4000,2742.0000,2744.6000,2744.8000,2745.6000,2745.8000,2746.0000,1,1,1,1,1,2,2,1,1,2
SF,IH2009,2020-05-20 09:33:34.100,2744.0000,14267,0,138346920.000,0,-,-,-,-,2743.6000,2743.4000,2743.0000,2742.4000,2742.0000,2744.6000,2744.8000,2745.6000,2745.8000,2746.0000,1,1,1,1,1,2,1,1,1,2
SF,IH2009,2020-05-20 09:33:35.100,2744.0000,14267,0,138346920.000,0,-,-,-,-,2743.6000,2743.4000,2743.0000,2742.4000,2742.0000,2744.2000,2744.6000,2744.8000,2745.6000,2745.8000,1,1,1,1,1,1,2,1,1,1
SF,IH2009,2020-05-20 09:33:35.600,2744.0000,14267,0,138346920.000,0,-,-,-,-,2743.6000,2743.4000,2743.0000,2742.4000,2742.0000,2744.2000,2744.6000,2744.8000,2745.6000,2745.8000,1,1,1,1,1,1,2,1,1,1
SF,IH2009,2020-05-20 09:33:36.100,2743.6000,14266,-1,139170000.000,1,0,1,双平,S,2743.4000,2743.0000,2742.0000,2740.4000,2740.2000,2744.2000,2744.6000,2744.8000,2745.6000,2745.8000,1,1,1,1,1,1,2,1,1,1
SF,IH2009,2020-05-20 09:33:36.600,2743.6000,14266,0,139170000.000,0,-,-,-,-,2743.0000,2742.0000,2740.4000,2740.2000,2740.0000,2744.2000,2744.6000,2744.8000,2745.6000,2745.8000,1,1,1,1,2,1,2,1,1,1
SF,IH2009,2020-05-20 09:33:37.100,2743.6000,14266,0,139170000.000,0,-,-,-,-,2743.2000,2743.0000,2742.0000,2741.2000,2740.4000,2744.2000,2744.6000,2744.8000,2745.6000,2745.8000,1,1,1,1,1,1,1,1,1,1
SF,IH2009,2020-05-20 09:33:38.100,2743.6000,14266,0,139170000.000,0,-,-,-,-,2743.2000,2743.0000,2742.0000,2741.2000,2740.4000,2744.6000,2744.8000,2745.6000,2745.8000,2746.0000,1,1,1,1,1,1,1,1,1,2
SF,IH2009,2020-05-20 09:33:38.600,2743.6000,14266,0,139170000.000,0,-,-,-,-,2743.4000,2743.2000,2743.0000,2742.0000,2741.2000,2744.6000,2744.8000,2745.6000,2745.8000,2746.0000,1,1,1,1,1,2,1,1,1,2
SF,IH2009,2020-05-20 09:33:39.100,2743.6000,14266,0,139170000.000,0,-,-,-,-,2743.4000,2743.2000,2743.0000,2742.0000,2741.2000,2744.6000,2744.8000,2745.6000,2745.8000,2746.0000,1,1,1,1,1,1,1,1,1,2
SF,IH2009,2020-05-20 09:33:39.600,2743.6000,14266,0,139170000.000,0,-,-,-,-,2743.4000,2743.0000,2742.0000,2741.2000,2740.4000,2744.4000,2744.6000,2744.8000,2745.6000,2745.8000,1,1,1,1,1,2,1,1,1,1
SF,IH2009,2020-05-20 09:33:40.100,2743.6000,14266,0,139170000.000,0,-,-,-,-,2743.4000,2743.0000,2742.0000,2741.2000,2740.4000,2744.2000,2744.4000,2744.8000,2745.6000,2745.8000,1,1,1,1,1,1,2,1,1,1
SF,IH2009,2020-05-20 09:33:40.600,2743.6000,14266,0,139170000.000,0,-,-,-,-,2743.4000,2743.0000,2742.0000,2741.2000,2740.4000,2744.2000,2744.4000,2744.8000,2745.6000,2745.8000,1,1,1,1,1,1,1,1,1,1
SF,IH2009,2020-05-20 09:33:41.100,2743.6000,14266,0,139170000.000,0,-,-,-,-,2743.0000,2742.0000,2741.2000,2740.4000,2740.2000,2744.2000,2744.8000,2745.6000,2745.8000,2746.0000,1,1,1,1,1,1,1,1,1,2
SF,IH2009,2020-05-20 09:33:41.600,2743.6000,14266,0,139170000.000,0,-,-,-,-,2743.2000,2743.0000,2742.0000,2741.2000,2740.4000,2744.8000,2745.6000,2745.8000,2746.0000,2746.4000,3,1,1,1,1,1,1,1,2,2
SF,IH2009,2020-05-20 09:33:42.100,2743.6000,14266,0,139170000.000,0,-,-,-,-,2743.2000,2743.0000,2742.0000,2741.2000,2740.6000,2744.6000,2744.8000,2745.6000,2745.8000,2746.0000,3,1,1,1,1,1,1,1,1,2
SF,IH2009,2020-05-20 09:33:42.600,2743.6000,14266,0,139170000.000,0,-,-,-,-,2743.2000,2743.0000,2742.0000,2741.2000,2740.6000,2744.6000,2744.8000,2745.6000,2745.8000,2746.0000,2,1,1,1,1,1,1,1,1,2
SF,IH2009,2020-05-20 09:33:45.600,2743.6000,14266,0,139170000.000,0,-,-,-,-,2743.2000,2743.0000,2742.0000,2741.2000,2740.6000,2744.6000,2744.8000,2745.6000,2745.8000,2746.0000,2,1,1,1,1,2,1,1,1,2
SF,IH2009,2020-05-20 09:33:47.600,2743.6000,14266,0,139170000.000,0,-,-,-,-,2743.4000,2743.2000,2743.0000,2742.0000,2741.2000,2744.6000,2744.8000,2745.6000,2745.8000,2746.0000,1,2,1,1,1,1,1,1,1,2
SF,IH2009,2020-05-20 09:33:48.100,2743.6000,14266,0,139170000.000,0,-,-,-,-,2743.6000,2743.4000,2743.2000,2743.0000,2742.0000,2744.8000,2745.6000,2745.8000,2746.0000,2746.4000,4,2,1,1,1,1,1,1,2,2
SF,IH2009,2020-05-20 09:33:48.600,2743.6000,14266,0,139170000.000,0,-,-,-,-,2743.8000,2743.6000,2743.4000,2743.0000,2742.0000,2744.8000,2745.6000,2745.8000,2746.0000,2746.4000,1,3,3,1,1,1,1,1,2,2
SF,IH2009,2020-05-20 09:33:49.100,2743.6000,14266,0,139170000.000,0,-,-,-,-,2744.0000,2743.8000,2743.6000,2743.4000,2743.0000,2745.6000,2745.8000,2746.0000,2746.4000,2746.6000,2,3,1,2,1,1,1,2,2,1
SF,IH2009,2020-05-20 09:33:49.600,2743.6000,14266,0,139170000.000,0,-,-,-,-,2744.2000,2744.0000,2743.6000,2743.4000,2743.0000,2745.4000,2745.6000,2745.8000,2746.0000,2746.4000,1,2,1,2,1,1,1,1,2,2
SF,IH2009,2020-05-20 09:33:50.100,2743.6000,14266,0,139170000.000,0,-,-,-,-,2744.4000,2744.2000,2744.0000,2743.6000,2743.4000,2745.4000,2745.6000,2745.8000,2746.0000,2746.4000,1,2,1,1,2,1,1,1,2,2
SF,IH2009,2020-05-20 09:33:50.600,2743.6000,14266,0,139170000.000,0,-,-,-,-,2744.4000,2744.0000,2743.6000,2743.4000,2743.0000,2745.4000,2745.6000,2745.8000,2746.0000,2746.4000,2,1,1,2,1,1,1,1,2,2
SF,IH2009,2020-05-20 09:33:51.100,2743.6000,14266,0,139170000.000,0,-,-,-,-,2744.4000,2744.0000,2743.4000,2743.0000,2740.6000,2745.2000,2745.4000,2745.6000,2745.8000,2746.0000,1,1,2,1,1,1,1,1,1,2
SF,IH2009,2020-05-20 09:33:51.600,2743.6000,14266,0,139170000.000,0,-,-,-,-,2744.4000,2744.0000,2743.4000,2743.0000,2740.6000,2745.2000,2745.4000,2745.6000,2745.8000,2746.4000,1,1,2,1,1,1,1,1,1,2
SF,IH2009,2020-05-20 09:33:52.100,2743.6000,14266,0,139170000.000,0,-,-,-,-,2744.6000,2744.4000,2744.0000,2743.4000,2743.0000,2745.2000,2745.4000,2745.6000,2745.8000,2746.4000,1,1,1,2,1,1,1,1,1,2
SF,IH2009,2020-05-20 09:33:52.600,2743.6000,14266,0,139170000.000,0,-,-,-,-,2744.4000,2744.0000,2743.4000,2743.0000,2740.6000,2745.2000,2745.4000,2745.6000,2745.8000,2746.4000,1,1,2,1,1,1,1,1,1,2
SF,IH2009,2020-05-20 09:33:55.600,2743.6000,14266,0,139170000.000,0,-,-,-,-,2744.6000,2744.4000,2744.0000,2743.4000,2743.0000,2745.2000,2745.4000,2745.6000,2745.8000,2746.4000,1,1,1,2,1,1,1,1,1,2
SF,IH2009,2020-05-20 09:33:56.100,2743.6000,14266,0,139170000.000,0,-,-,-,-,2744.8000,2744.6000,2744.4000,2744.0000,2743.4000,2745.2000,2745.6000,2745.8000,2746.4000,2746.6000,1,1,1,1,2,1,1,1,2,1
SF,IH2009,2020-05-20 09:33:57.600,2743.6000,14266,0,139170000.000,0,-,-,-,-,2744.8000,2744.6000,2744.4000,2744.0000,2743.4000,2745.2000,2745.6000,2745.8000,2746.4000,2746.6000,1,1,1,1,1,1,1,1,2,1
SF,IH2009,2020-05-20 09:33:59.100,2743.6000,14266,0,139170000.000,0,-,-,-,-,2744.8000,2744.6000,2744.4000,2744.0000,2743.4000,2745.2000,2745.6000,2745.8000,2746.4000,2746.6000,1,1,1,1,1,1,1,1,1,1
SF,IH2009,2020-05-20 09:34:00.100,2743.6000,14266,0,139170000.000,0,-,-,-,-,2744.8000,2744.4000,2744.0000,2743.4000,2743.0000,2745.2000,2745.6000,2745.8000,2746.4000,2746.6000,1,1,1,1,1,1,1,1,1,1
SF,IH2009,2020-05-20 09:34:00.600,2743.6000,14266,0,139170000.000,0,-,-,-,-,2744.4000,2744.0000,2743.4000,2743.0000,2740.6000,2745.2000,2745.6000,2745.8000,2746.4000,2746.6000,1,1,1,1,1,1,1,1,1,1
SF,IH2009,2020-05-20 09:34:01.100,2743.6000,14266,0,139170000.000,0,-,-,-,-,2744.6000,2744.4000,2744.0000,2743.4000,2743.0000,2744.8000,2745.2000,2745.6000,2745.8000,2746.4000,1,1,1,1,1,1,1,1,1,1
SF,IH2009,2020-05-20 09:34:01.600,2744.6000,14265,-1,139993380.000,1,0,1,双平,S,2744.4000,2744.0000,2743.4000,2743.0000,2740.6000,2744.8000,2745.2000,2745.6000,2745.8000,2746.4000,1,1,1,1,1,1,1,1,1,1
SF,IH2009,2020-05-20 09:34:03.600,2744.8000,14264,-1,140816820.000,1,0,1,双平,S,2744.4000,2744.0000,2743.4000,2743.0000,2740.6000,2745.2000,2745.6000,2745.8000,2746.4000,2746.6000,1,1,1,1,1,1,1,1,1,1
SF,IH2009,2020-05-20 09:34:04.100,2744.8000,14264,0,140816820.000,0,-,-,-,-,2744.4000,2744.0000,2743.4000,2743.0000,2742.0000,2745.2000,2745.6000,2745.8000,2746.4000,2746.6000,1,1,1,1,1,1,1,1,1,1
SF,IH2009,2020-05-20 09:34:05.600,2744.8000,14264,0,140816820.000,0,-,-,-,-,2744.6000,2744.4000,2744.0000,2743.4000,2743.0000,2745.2000,2745.6000,2745.8000,2746.4000,2746.6000,1,1,1,1,1,1,1,1,1,1
SF,IH2009,2020-05-20 09:34:06.100,2745.2000,14264,0,141640380.000,1,0,1,多换,S,2745.2000,2744.6000,2744.4000,2744.0000,2743.4000,2745.6000,2745.8000,2746.4000,2746.6000,2746.8000,1,1,1,1,1,1,1,1,1,3
SF,IH2009,2020-05-20 09:34:06.600,2745.2000,14263,-1,142463940.000,1,0,1,双平,S,2744.4000,2744.0000,2743.4000,2743.0000,2742.0000,2745.6000,2745.8000,2746.4000,2746.6000,2746.8000,1,1,1,1,1,1,1,1,1,3
SF,IH2009,2020-05-20 09:34:07.100,2745.2000,14263,0,142463940.000,0,-,-,-,-,2744.8000,2744.6000,2744.4000,2744.0000,2743.4000,2745.6000,2745.8000,2746.4000,2746.6000,2746.8000,1,1,1,1,1,1,1,1,1,3
SF,IH2009,2020-05-20 09:34:07.600,2745.2000,14263,0,142463940.000,0,-,-,-,-,2745.6000,2745.0000,2744.8000,2744.6000,2744.4000,2745.8000,2746.4000,2746.6000,2747.2000,2747.8000,1,1,1,2,1,1,1,1,2,1
SF,IH2009,2020-05-20 09:34:08.100,2745.8000,14263,0,143287680.000,1,0,1,多换,S,2745.8000,2745.0000,2744.6000,2744.4000,2743.4000,2746.4000,2746.6000,2747.8000,2748.8000,2749.2000,2,4,2,1,1,1,1,1,1,1
SF,IH2009,2020-05-20 09:34:08.600,2746.4000,14262,-1,144111600.000,1,0,1,双平,S,2746.0000,2745.8000,2745.0000,2744.6000,2744.4000,2746.6000,2747.8000,2748.8000,2749.2000,2749.8000,1,1,3,2,1,1,1,1,1,2
SF,IH2009,2020-05-20 09:34:09.100,2746.6000,14261,-1,144935580.000,1,0,1,双平,S,2746.2000,2746.0000,2745.8000,2745.0000,2744.6000,2747.8000,2748.8000,2749.2000,2749.8000,2750.0000,1,1,2,3,1,1,1,1,2,1
SF,IH2009,2020-05-20 09:34:09.600,2746.6000,14261,0,144935580.000,0,-,-,-,-,2746.4000,2746.2000,2745.8000,2745.0000,2744.6000,2747.8000,2749.2000,2749.8000,2750.0000,2750.6000,10,5,2,2,1,1,1,2,1,1
SF,IH2009,2020-05-20 09:34:10.100,2746.6000,14261,0,144935580.000,0,-,-,-,-,2747.0000,2746.6000,2746.4000,2746.2000,2745.8000,2747.8000,2749.2000,2749.8000,2750.0000,2750.6000,1,6,9,4,2,1,1,2,1,1
SF,IH2009,2020-05-20 09:34:10.600,2746.6000,14261,0,144935580.000,0,-,-,-,-,2747.2000,2747.0000,2746.8000,2746.6000,2746.4000,2747.8000,2749.2000,2749.8000,2750.0000,2750.6000,1,1,1,3,3,1,1,2,1,1
SF,IH2009,2020-05-20 09:34:11.100,2746.6000,14261,0,144935580.000,0,-,-,-,-,2747.0000,2746.6000,2746.4000,2746.2000,2745.8000,2747.8000,2749.2000,2749.8000,2750.0000,2750.6000,1,3,3,4,2,1,1,2,1,1
SF,IH2009,2020-05-20 09:34:11.600,2747.8000,14260,-1,145759920.000,1,0,1,双平,S,2747.2000,2747.0000,2746.8000,2746.6000,2746.4000,2749.2000,2749.8000,2750.0000,2750.6000,2751.0000,2,1,1,3,2,1,2,1,1,1
SF,IH2009,2020-05-20 09:34:12.100,2749.0000,14260,0,146584620.000,1,0,1,多换,S,2747.4000,2747.2000,2746.8000,2746.6000,2746.4000,2749.0000,2749.2000,2749.8000,2750.0000,2750.6000,2,2,1,3,1,1,1,2,1,1
SF,IH2009,2020-05-20 09:34:12.600,2747.6000,14259,-1,147408900.000,1,0,1,双平,S,2747.6000,2747.4000,2746.8000,2746.6000,2746.2000,2749.0000,2749.2000,2749.8000,2750.0000,2750.6000,3,5,1,3,3,1,1,2,1,1
SF,IH2009,2020-05-20 09:34:13.100,2747.6000,14259,0,147408900.000,0,-,-,-,-,2747.6000,2747.4000,2746.8000,2746.6000,2746.2000,2749.2000,2749.8000,2750.0000,2750.6000,2751.0000,4,5,1,3,3,1,2,1,1,1
SF,IH2009,2020-05-20 09:34:13.600,2747.6000,14259,0,147408900.000,0,-,-,-,-,2748.6000,2747.8000,2747.6000,2747.4000,2746.8000,2749.2000,2749.8000,2750.0000,2750.6000,2751.0000,1,10,2,2,1,1,2,1,1,1
SF,IH2009,2020-05-20 09:34:14.100,2747.6000,14259,0,147408900.000,0,-,-,-,-,2747.8000,2747.6000,2747.4000,2746.8000,2746.6000,2749.2000,2749.8000,2750.0000,2750.6000,2751.0000,4,2,1,1,2,1,2,1,1,1
SF,IH2009,2020-05-20 09:34:14.600,2747.6000,14259,0,147408900.000,0,-,-,-,-,2748.0000,2747.8000,2747.4000,2746.8000,2746.6000,2749.0000,2749.2000,2749.8000,2750.0000,2750.6000,4,4,1,1,2,1,1,2,1,1
SF,IH2009,2020-05-20 09:34:15.100,2747.6000,14259,0,147408900.000,0,-,-,-,-,2748.2000,2748.0000,2747.8000,2747.4000,2746.8000,2749.2000,2749.8000,2750.0000,2750.6000,2751.0000,1,4,3,1,1,1,2,1,1,1
SF,IH2009,2020-05-20 09:34:15.600,2747.6000,14259,0,147408900.000,0,-,-,-,-,2748.4000,2748.2000,2748.0000,2747.8000,2747.4000,2749.2000,2749.8000,2750.0000,2750.6000,2751.0000,1,1,1,3,1,1,2,1,1,1
SF,IH2009,2020-05-20 09:34:16.100,2747.6000,14259,0,147408900.000,0,-,-,-,-,2748.8000,2748.4000,2748.0000,2747.8000,2747.4000,2749.2000,2749.8000,2750.0000,2750.6000,2751.0000,1,3,1,2,1,1,2,1,1,1
SF,IH2009,2020-05-20 09:34:16.600,2748.8000,14258,-1,148233540.000,1,0,1,双平,S,2748.4000,2748.0000,2747.8000,2747.4000,2746.8000,2749.2000,2749.8000,2750.0000,2750.6000,2751.0000,2,1,2,1,1,1,2,1,1,1
SF,IH2009,2020-05-20 09:34:17.100,2748.8000,14258,0,148233540.000,0,-,-,-,-,2748.0000,2747.8000,2747.4000,2746.8000,2746.6000,2749.2000,2749.8000,2750.0000,2750.6000,2751.0000,1,2,1,1,2,1,2,1,1,1
SF,IH2009,2020-05-20 09:34:17.600,2748.2000,14256,-2,149882460.000,2,0,2,双平,S,2748.2000,2748.0000,2747.8000,2747.4000,2746.8000,2749.2000,2749.8000,2750.0000,2750.6000,2751.0000,1,1,2,1,1,1,2,1,1,1
SF,IH2009,2020-05-20 09:34:18.100,2748.2000,14256,0,149882460.000,0,-,-,-,-,2748.4000,2748.2000,2747.8000,2747.4000,2746.8000,2749.2000,2749.8000,2750.0000,2750.6000,2751.0000,1,2,2,1,1,1,2,1,1,1
SF,IH2009,2020-05-20 09:34:18.600,2748.2000,14256,0,149882460.000,0,-,-,-,-,2749.0000,2748.6000,2748.4000,2748.2000,2747.8000,2749.2000,2749.8000,2750.0000,2750.6000,2751.0000,1,1,2,1,2,1,2,1,1,1
SF,IH2009,2020-05-20 09:34:19.100,2749.0000,14254,-2,152356680.000,3,0,3,多平,S,2748.6000,2748.4000,2747.8000,2747.4000,2746.8000,2749.8000,2750.0000,2750.6000,2751.0000,2751.6000,1,2,2,1,1,2,1,1,1,3
SF,IH2009,2020-05-20 09:34:19.600,2749.0000,14254,0,152356680.000,0,-,-,-,-,2749.2000,2748.8000,2748.6000,2748.4000,2747.8000,2749.8000,2750.0000,2750.6000,2751.0000,2751.6000,1,2,1,2,2,2,1,1,1,3
SF,IH2009,2020-05-20 09:34:20.100,2749.2000,14253,-1,153181440.000,1,0,1,双平,S,2748.8000,2748.6000,2748.4000,2747.8000,2747.4000,2749.2000,2749.6000,2749.8000,2750.0000,2750.6000,2,1,3,1,1,1,1,2,1,1
SF,IH2009,2020-05-20 09:34:20.600,2748.8000,14252,-1,154006080.000,1,0,1,双平,S,2748.6000,2748.4000,2747.8000,2747.4000,2746.8000,2749.2000,2749.6000,2749.8000,2750.0000,2750.6000,1,2,1,1,1,2,1,2,1,1
SF,IH2009,2020-05-20 09:34:21.100,2748.6000,14250,-2,155655240.000,2,0,2,双平,S,2748.4000,2747.8000,2747.4000,2746.8000,2746.6000,2749.2000,2749.6000,2749.8000,2750.0000,2750.6000,2,1,1,1,1,1,1,2,2,1
SF,IH2009,2020-05-20 09:34:21.600,2748.4000,14248,-2,157304280.000,2,0,2,双平,S,2747.8000,2747.4000,2746.8000,2746.6000,2746.2000,2748.6000,2749.0000,2749.2000,2749.6000,2749.8000,1,1,1,1,3,1,1,1,1,2
SF,IH2009,2020-05-20 09:34:22.100,2748.4000,14248,0,157304280.000,0,-,-,-,-,2746.8000,2746.6000,2746.2000,2745.0000,2744.6000,2748.4000,2748.6000,2749.2000,2749.8000,2750.0000,1,1,3,2,1,1,1,1,2,2
SF,IH2009,2020-05-20 09:34:22.600,2748.4000,14248,0,157304280.000,0,-,-,-,-,2747.0000,2746.8000,2746.6000,2746.2000,2745.0000,2748.4000,2748.6000,2749.2000,2749.8000,2750.0000,3,2,1,3,2,1,1,1,2,2
SF,IH2009,2020-05-20 09:34:23.100,2748.4000,14247,-1,158128800.000,1,0,1,双平,S,2747.2000,2747.0000,2746.8000,2746.6000,2746.2000,2749.2000,2749.8000,2750.0000,2750.6000,2751.0000,4,3,2,1,3,1,2,2,1,1
SF,IH2009,2020-05-20 09:34:23.600,2748.4000,14247,0,158128800.000,0,-,-,-,-,2748.4000,2747.4000,2747.2000,2747.0000,2746.8000,2749.0000,2749.2000,2749.8000,2750.0000,2750.6000,1,8,13,3,4,1,1,2,2,1
SF,IH2009,2020-05-20 09:34:24.100,2748.4000,14247,0,158128800.000,0,-,-,-,-,2748.4000,2747.4000,2747.2000,2747.0000,2746.8000,2749.2000,2749.8000,2750.0000,2750.6000,2751.0000,1,9,13,2,4,1,2,2,1,1
SF,IH2009,2020-05-20 09:34:24.600,2748.4000,14247,0,158128800.000,0,-,-,-,-,2748.4000,2747.4000,2747.2000,2747.0000,2746.8000,2749.2000,2749.8000,2750.0000,2750.6000,2751.0000,1,9,11,2,4,1,2,2,1,1
SF,IH2009,2020-05-20 09:34:25.100,2748.4000,14247,0,158128800.000,0,-,-,-,-,2748.6000,2748.4000,2747.4000,2747.2000,2747.0000,2749.2000,2749.8000,2750.0000,2750.6000,2751.0000,1,1,8,11,2,1,2,2,1,1
SF,IH2009,2020-05-20 09:34:25.600,2748.4000,14247,0,158128800.000,0,-,-,-,-,2748.6000,2748.4000,2747.4000,2747.2000,2747.0000,2749.2000,2749.8000,2750.0000,2750.6000,2751.0000,1,1,7,11,2,1,2,2,1,1
SF,IH2009,2020-05-20 09:34:26.100,2748.4000,14247,0,158128800.000,0,-,-,-,-,2748.6000,2748.4000,2747.4000,2747.2000,2747.0000,2749.2000,2749.8000,2750.0000,2750.6000,2751.0000,1,1,7,11,2,1,2,2,1,1
SF,IH2009,2020-05-20 09:34:26.600,2748.4000,14247,0,158128800.000,0,-,-,-,-,2748.6000,2748.4000,2747.4000,2747.2000,2747.0000,2749.2000,2749.8000,2750.0000,2750.6000,2751.0000,1,1,7,11,2,1,2,2,1,1
SF,IH2009,2020-05-20 09:34:27.600,2748.6000,14246,-1,158953380.000,1,0,1,双平,S,2748.4000,2747.4000,2747.2000,2747.0000,2746.8000,2749.2000,2749.8000,2750.0000,2750.6000,2751.0000,1,7,11,2,3,1,2,2,1,1
SF,IH2009,2020-05-20 09:34:28.100,2748.4000,14246,0,159777900.000,1,0,1,多换,S,2747.4000,2747.2000,2747.0000,2746.8000,2746.6000,2749.2000,2749.8000,2750.0000,2750.6000,2751.0000,7,11,2,3,1,1,2,2,1,1
SF,IH2009,2020-05-20 09:34:28.600,2748.4000,14246,0,159777900.000,0,-,-,-,-,2748.2000,2747.8000,2747.6000,2747.4000,2747.2000,2749.0000,2749.2000,2749.8000,2750.0000,2750.6000,2,3,6,7,9,1,2,2,2,1
SF,IH2009,2020-05-20 09:34:29.100,2748.4000,14246,0,159777900.000,0,-,-,-,-,2747.6000,2747.4000,2747.2000,2747.0000,2746.8000,2749.0000,2749.2000,2749.8000,2750.0000,2750.6000,3,7,3,2,3,2,2,2,2,1
SF,IH2009,2020-05-20 09:34:29.600,2748.4000,14246,0,159777900.000,0,-,-,-,-,2747.6000,2747.4000,2747.2000,2747.0000,2746.8000,2748.8000,2749.0000,2749.2000,2749.8000,2750.0000,3,7,3,2,3,1,2,1,2,2
SF,IH2009,2020-05-20 09:34:30.100,2748.6000,14246,0,160602480.000,1,0,1,多换,S,2747.6000,2747.4000,2747.2000,2747.0000,2746.8000,2748.6000,2748.8000,2749.2000,2749.8000,2750.0000,3,2,1,2,2,2,1,1,2,2
SF,IH2009,2020-05-20 09:34:30.600,2748.6000,14246,0,160602480.000,0,-,-,-,-,2747.6000,2747.4000,2747.2000,2747.0000,2746.8000,2749.2000,2749.8000,2750.0000,2750.6000,2751.0000,3,1,1,2,2,1,2,2,1,2
SF,IH2009,2020-05-20 09:34:31.100,2749.2000,14245,-1,161427240.000,1,0,1,双平,S,2748.2000,2747.8000,2747.6000,2747.2000,2747.0000,2749.0000,2749.8000,2750.0000,2750.6000,2751.0000,3,4,6,1,2,1,2,2,1,2
SF,IH2009,2020-05-20 09:34:31.600,2749.2000,14245,0,161427240.000,0,-,-,-,-,2747.6000,2747.2000,2747.0000,2746.8000,2746.6000,2749.0000,2749.8000,2750.0000,2750.6000,2751.0000,3,1,2,2,1,1,2,2,1,2
SF,IH2009,2020-05-20 09:34:32.100,2749.2000,14245,0,161427240.000,0,-,-,-,-,2747.8000,2747.6000,2747.4000,2747.2000,2747.0000,2749.0000,2749.8000,2750.0000,2750.6000,2751.0000,4,3,1,1,2,1,2,3,1,2
SF,IH2009,2020-05-20 09:34:32.600,2749.2000,14245,0,161427240.000,0,-,-,-,-,2748.0000,2747.8000,2747.4000,2747.2000,2747.0000,2749.0000,2749.8000,2750.0000,2750.6000,2751.0000,3,4,1,1,2,1,2,3,1,2
SF,IH2009,2020-05-20 09:34:33.100,2749.2000,14245,0,161427240.000,0,-,-,-,-,2748.0000,2747.8000,2747.4000,2747.2000,2747.0000,2749.0000,2749.8000,2750.0000,2750.6000,2751.0000,3,4,1,1,2,2,2,3,1,2
SF,IH2009,2020-05-20 09:34:33.600,2749.2000,14245,0,161427240.000,0,-,-,-,-,2748.2000,2748.0000,2747.8000,2747.2000,2747.0000,2749.0000,2749.8000,2750.0000,2750.6000,2751.0000,1,3,5,1,2,1,2,3,1,2
SF,IH2009,2020-05-20 09:34:34.100,2749.2000,14245,0,161427240.000,0,-,-,-,-,2748.4000,2748.2000,2748.0000,2747.8000,2747.0000,2749.8000,2750.0000,2750.6000,2751.0000,2751.6000,1,1,2,5,2,2,3,1,2,3
SF,IH2009,2020-05-20 09:34:34.600,2749.2000,14245,0,161427240.000,0,-,-,-,-,2748.6000,2748.4000,2748.2000,2748.0000,2747.8000,2749.6000,2749.8000,2750.0000,2750.6000,2751.0000,1,1,1,1,5,1,2,3,1,2
SF,IH2009,2020-05-20 09:34:35.100,2749.2000,14245,0,161427240.000,0,-,-,-,-,2748.8000,2748.6000,2748.2000,2747.8000,2747.0000,2749.6000,2749.8000,2750.0000,2750.6000,2751.0000,1,3,2,5,2,1,2,3,1,2
SF,IH2009,2020-05-20 09:34:35.600,2749.2000,14245,0,161427240.000,0,-,-,-,-,2748.8000,2748.6000,2748.2000,2747.8000,2747.0000,2749.6000,2749.8000,2750.0000,2750.6000,2751.0000,1,3,2,5,2,2,2,3,1,2
SF,IH2009,2020-05-20 09:34:36.600,2748.6000,14243,-2,163901040.000,3,0,3,多平,S,2748.2000,2747.8000,2747.0000,2746.8000,2746.6000,2749.6000,2749.8000,2750.0000,2750.6000,2751.0000,1,5,2,2,1,2,2,3,1,2
SF,IH2009,2020-05-20 09:34:37.100,2748.6000,14243,0,163901040.000,0,-,-,-,-,2747.8000,2747.0000,2746.8000,2746.6000,2746.2000,2749.4000,2749.6000,2749.8000,2750.0000,2750.6000,4,2,2,1,3,1,2,2,3,1
SF,IH2009,2020-05-20 09:34:37.600,2748.6000,14243,0,163901040.000,0,-,-,-,-,2748.0000,2747.8000,2747.0000,2746.8000,2746.6000,2749.2000,2749.4000,2749.8000,2750.0000,2750.6000,1,1,2,2,1,1,2,2,3,1
SF,IH2009,2020-05-20 09:34:38.100,2748.6000,14243,0,163901040.000,0,-,-,-,-,2747.0000,2746.8000,2746.6000,2746.2000,2746.0000,2749.0000,2749.2000,2749.8000,2750.0000,2750.6000,2,2,1,3,1,2,2,2,3,1
SF,IH2009,2020-05-20 09:34:38.600,2748.6000,14243,0,163901040.000,0,-,-,-,-,2747.2000,2747.0000,2746.8000,2746.6000,2746.2000,2748.8000,2749.8000,2750.0000,2750.6000,2751.0000,7,2,5,1,3,3,2,3,1,2
SF,IH2009,2020-05-20 09:34:39.100,2748.6000,14243,0,163901040.000,0,-,-,-,-,2747.4000,2747.2000,2747.0000,2746.8000,2746.6000,2748.8000,2749.8000,2750.0000,2750.6000,2751.0000,1,9,3,4,1,1,2,3,1,2
SF,IH2009,2020-05-20 09:34:39.600,2748.6000,14243,0,163901040.000,0,-,-,-,-,2748.0000,2747.6000,2747.4000,2747.2000,2747.0000,2748.8000,2749.8000,2750.0000,2750.6000,2751.0000,2,3,1,8,2,1,2,3,1,2
SF,IH2009,2020-05-20 09:34:40.100,2748.8000,14242,-1,164725680.000,1,0,1,双平,S,2747.6000,2747.4000,2747.2000,2747.0000,2746.8000,2749.8000,2750.0000,2750.6000,2751.0000,2751.6000,2,1,7,2,4,2,3,1,2,3
SF,IH2009,2020-05-20 09:34:40.600,2748.8000,14242,0,164725680.000,0,-,-,-,-,2747.8000,2747.6000,2747.4000,2747.2000,2747.0000,2749.6000,2749.8000,2750.0000,2750.6000,2751.0000,1,2,1,6,2,1,2,3,1,2
SF,IH2009,2020-05-20 09:34:41.100,2748.8000,14242,0,164725680.000,0,-,-,-,-,2748.0000,2747.8000,2747.6000,2747.4000,2747.2000,2749.6000,2749.8000,2750.0000,2750.6000,2751.0000,1,6,1,1,6,1,3,3,1,2
SF,IH2009,2020-05-20 09:34:41.600,2748.8000,14242,0,164725680.000,0,-,-,-,-,2748.2000,2748.0000,2747.8000,2747.6000,2747.2000,2749.6000,2749.8000,2750.0000,2750.6000,2751.0000,1,1,6,1,6,1,3,3,1,2
SF,IH2009,2020-05-20 09:34:42.100,2748.8000,14242,0,164725680.000,0,-,-,-,-,2748.4000,2748.2000,2747.8000,2747.6000,2747.2000,2749.6000,2749.8000,2750.0000,2750.6000,2751.0000,1,1,6,1,6,1,3,3,1,2
SF,IH2009,2020-05-20 09:34:42.600,2748.8000,14242,0,164725680.000,0,-,-,-,-,2748.4000,2748.2000,2747.8000,2747.6000,2747.2000,2749.6000,2749.8000,2750.0000,2750.6000,2751.0000,1,1,6,1,6,1,3,3,1,2
SF,IH2009,2020-05-20 09:34:43.100,2748.8000,14242,0,164725680.000,0,-,-,-,-,2748.4000,2748.2000,2747.8000,2747.6000,2747.2000,2749.4000,2749.6000,2749.8000,2750.0000,2750.6000,1,1,6,1,6,2,2,3,3,1
SF,IH2009,2020-05-20 09:34:43.600,2748.8000,14242,0,164725680.000,0,-,-,-,-,2748.4000,2747.8000,2747.6000,2747.2000,2747.0000,2749.2000,2749.4000,2749.6000,2749.8000,2750.0000,1,3,1,6,2,1,2,1,4,3
SF,IH2009,2020-05-20 09:34:44.100,2748.8000,14242,0,164725680.000,0,-,-,-,-,2748.6000,2748.4000,2748.2000,2747.8000,2747.6000,2749.2000,2749.4000,2749.8000,2750.0000,2750.6000,2,1,1,3,1,1,2,4,3,1
SF,IH2009,2020-05-20 09:34:44.600,2748.8000,14242,0,164725680.000,0,-,-,-,-,2748.6000,2748.4000,2748.2000,2747.8000,2747.6000,2749.6000,2749.8000,2750.0000,2750.6000,2751.0000,2,1,1,3,1,1,4,3,1,2
SF,IH2009,2020-05-20 09:34:45.100,2748.8000,14242,0,164725680.000,0,-,-,-,-,2748.8000,2748.6000,2748.4000,2748.2000,2747.8000,2749.6000,2749.8000,2750.0000,2750.6000,2751.0000,1,2,1,1,3,1,4,3,1,2
SF,IH2009,2020-05-20 09:34:45.600,2748.8000,14242,0,164725680.000,0,-,-,-,-,2749.2000,2748.8000,2748.6000,2748.4000,2748.2000,2749.6000,2749.8000,2750.0000,2750.6000,2751.0000,1,1,2,1,1,2,4,3,1,2
SF,IH2009,2020-05-20 09:34:46.100,2748.8000,14242,0,164725680.000,0,-,-,-,-,2749.2000,2748.8000,2748.6000,2748.4000,2748.2000,2749.6000,2749.8000,2750.0000,2750.6000,2751.0000,1,1,2,1,1,1,4,3,1,2
SF,IH2009,2020-05-20 09:34:46.600,2749.6000,14241,-1,165550560.000,1,0,1,双平,S,2749.2000,2748.8000,2748.6000,2748.4000,2748.2000,2749.8000,2750.0000,2750.6000,2751.0000,2751.6000,1,1,2,1,1,4,3,1,2,3
SF,IH2009,2020-05-20 09:34:47.100,2749.8000,14240,-1,168850320.000,4,1,3,多平,S,2749.6000,2749.4000,2749.2000,2748.8000,2748.6000,2750.0000,2750.6000,2751.0000,2751.6000,2752.0000,1,1,1,1,2,3,1,2,3,6
SF,IH2009,2020-05-20 09:34:48.100,2750.0000,14238,-2,171325320.000,3,0,3,多平,S,2749.6000,2749.4000,2749.2000,2748.8000,2748.6000,2750.6000,2751.0000,2751.6000,2752.0000,2753.6000,1,1,1,1,2,1,2,3,6,1
SF,IH2009,2020-05-20 09:34:48.600,2750.6000,14237,-1,172150500.000,1,0,1,双平,S,2749.8000,2749.6000,2749.4000,2748.8000,2748.6000,2751.0000,2751.6000,2752.0000,2753.6000,2753.8000,2,1,1,1,2,2,3,6,1,1
SF,IH2009,2020-05-20 09:34:49.100,2750.6000,14237,0,172150500.000,0,-,-,-,-,2749.8000,2749.6000,2749.4000,2748.8000,2748.6000,2751.0000,2751.6000,2752.0000,2753.6000,2753.8000,1,1,1,1,2,2,3,6,1,1
SF,IH2009,2020-05-20 09:34:49.600,2750.6000,14237,0,172150500.000,0,-,-,-,-,2749.8000,2749.6000,2749.4000,2748.6000,2748.2000,2750.8000,2751.0000,2751.6000,2752.0000,2753.6000,2,1,1,2,1,1,2,3,6,1
SF,IH2009,2020-05-20 09:34:50.100,2750.6000,14237,0,172150500.000,0,-,-,-,-,2749.8000,2749.6000,2749.4000,2748.6000,2748.2000,2750.8000,2751.0000,2751.6000,2752.0000,2753.6000,1,1,1,2,1,1,2,3,6,1
SF,IH2009,2020-05-20 09:34:50.600,2750.6000,14237,0,172150500.000,0,-,-,-,-,2750.0000,2749.8000,2749.6000,2749.4000,2748.6000,2751.0000,2751.6000,2752.0000,2753.6000,2753.8000,1,1,1,1,2,2,3,6,1,1
SF,IH2009,2020-05-20 09:34:51.100,2750.6000,14237,0,172150500.000,0,-,-,-,-,2750.2000,2750.0000,2749.6000,2749.4000,2748.6000,2751.0000,2751.6000,2752.0000,2753.6000,2753.8000,1,1,1,1,2,2,3,6,1,1
SF,IH2009,2020-05-20 09:34:51.600,2750.6000,14237,0,172150500.000,0,-,-,-,-,2750.2000,2750.0000,2749.6000,2749.4000,2748.6000,2750.8000,2751.0000,2751.6000,2752.0000,2753.6000,2,1,1,1,2,1,2,3,6,1
SF,IH2009,2020-05-20 09:34:52.100,2750.6000,14237,0,172150500.000,0,-,-,-,-,2750.2000,2750.0000,2749.4000,2748.6000,2747.8000,2750.8000,2751.0000,2751.6000,2752.0000,2753.6000,2,1,1,2,3,1,2,3,6,1
SF,IH2009,2020-05-20 09:34:52.600,2750.8000,14236,-1,172975740.000,1,0,1,双平,S,2750.2000,2749.4000,2748.6000,2747.8000,2747.6000,2751.0000,2751.6000,2752.0000,2753.6000,2753.8000,2,1,2,3,1,2,3,6,1,1
SF,IH2009,2020-05-20 09:34:53.100,2750.8000,14236,0,172975740.000,0,-,-,-,-,2749.4000,2748.6000,2747.8000,2747.6000,2747.2000,2751.0000,2751.6000,2752.0000,2753.6000,2753.8000,1,2,3,1,6,2,3,6,1,1
SF,IH2009,2020-05-20 09:34:53.600,2750.8000,14236,0,172975740.000,0,-,-,-,-,2749.8000,2749.6000,2749.4000,2748.6000,2747.8000,2750.8000,2751.0000,2751.6000,2752.0000,2753.6000,1,3,1,2,3,1,2,3,6,1
SF,IH2009,2020-05-20 09:34:54.100,2750.8000,14235,-1,173800980.000,1,0,1,双平,S,2749.8000,2749.6000,2749.4000,2748.6000,2747.8000,2751.0000,2751.6000,2752.0000,2753.6000,2753.8000,1,3,1,2,3,2,3,7,1,1
SF,IH2009,2020-05-20 09:34:54.600,2750.8000,14235,0,173800980.000,0,-,-,-,-,2750.0000,2749.8000,2749.4000,2748.6000,2747.8000,2750.8000,2751.0000,2751.6000,2752.0000,2753.6000,1,1,1,2,3,2,2,3,7,1
SF,IH2009,2020-05-20 09:34:55.100,2750.0000,14234,-1,174625980.000,1,0,1,双平,S,2749.8000,2749.4000,2748.6000,2747.8000,2747.6000,2750.8000,2751.0000,2751.6000,2752.0000,2753.6000,1,1,2,3,1,2,2,3,7,1
SF,IH2009,2020-05-20 09:34:55.600,2750.8000,14234,0,175451220.000,1,0,1,多换,S,2749.8000,2749.4000,2748.6000,2747.8000,2747.6000,2750.8000,2751.0000,2751.6000,2752.0000,2753.6000,1,1,2,3,1,1,2,3,7,1
SF,IH2009,2020-05-20 09:34:56.100,2749.8000,14233,-1,176276160.000,1,0,1,双平,S,2749.4000,2748.6000,2747.8000,2747.6000,2747.2000,2750.6000,2750.8000,2751.0000,2751.6000,2752.0000,1,2,3,1,6,1,1,2,3,7
SF,IH2009,2020-05-20 09:34:56.600,2749.8000,14233,0,176276160.000,0,-,-,-,-,2749.4000,2748.6000,2747.8000,2747.6000,2747.2000,2749.8000,2750.4000,2750.6000,2751.0000,2751.6000,1,2,3,1,6,1,1,1,2,3
