市场代码,合约代码,时间,最新,持仓,增仓,成交额,成交量,开仓,平仓,成交类型,方向,买一价,买二价,买三价,买四价,买五价,卖一价,卖二价,卖三价,卖四价,卖五价,买一量,买二量,买三量,买四量,买五量,卖一量,卖二量,卖三量,卖四量,卖五量
SF,IH2007,2020-05-29 09:29:00.000,2722.4000,5272,0,3266880.000,4.000,-,-,-,-,2720.0000,2719.0000,2718.0000,2715.0000,2711.8000,2722.4000,2724.2000,2728.0000,2729.8000,2734.6000,1,2,1,1,1,4,1,1,1,1
SF,IH2007,2020-05-29 09:30:00.500,2720.0000,5270,-2,7346880.000,5,1,4,多平,S,2719.0000,2718.0000,2715.0000,2712.0000,2711.8000,2719.8000,2720.0000,2721.4000,2721.6000,2722.2000,2,1,1,1,1,19,2,1,1,2
SF,IH2007,2020-05-29 09:30:01.000,2719.0000,5269,-1,9793980.000,3,1,2,多平,S,2718.0000,2715.0000,2712.0000,2711.8000,2711.6000,2718.8000,2719.6000,2719.8000,2720.0000,2721.4000,1,1,1,1,1,4,1,13,1,1
SF,IH2007,2020-05-29 09:30:01.500,2719.0000,5269,0,10609680.000,1,0,1,多换,S,2719.2000,2718.2000,2718.0000,2715.0000,2712.0000,2720.0000,2721.4000,2721.6000,2722.2000,2724.2000,1,1,1,1,1,1,1,1,1,1
SF,IH2007,2020-05-29 09:30:02.000,2720.0000,5269,0,11425680.000,1,0,1,多换,S,2720.0000,2719.4000,2719.2000,2719.0000,2718.2000,2722.2000,2724.2000,2729.8000,2736.6000,2774.4000,1,2,1,1,2,1,1,1,1,1
SF,IH2007,2020-05-29 09:30:02.500,2721.0000,5269,0,12241980.000,1,0,1,多换,S,2720.2000,2720.0000,2719.4000,2719.2000,2719.0000,2721.8000,2722.0000,2722.2000,2724.2000,2729.8000,1,1,2,1,2,2,2,1,1,1
SF,IH2007,2020-05-29 09:30:03.000,2721.8000,5268,-1,13058520.000,1,0,1,双平,S,2720.2000,2720.0000,2719.4000,2719.2000,2719.0000,2721.8000,2722.0000,2724.2000,2729.8000,2736.6000,1,1,2,1,2,1,2,1,1,1
SF,IH2007,2020-05-29 09:30:03.500,2721.8000,5268,0,13875060.000,1,0,1,多换,S,2720.4000,2720.2000,2720.0000,2719.4000,2719.2000,2722.0000,2724.2000,2729.8000,2736.6000,2774.4000,1,1,1,2,1,1,1,1,1,1
SF,IH2007,2020-05-29 09:30:04.000,2722.0000,5267,-1,14691660.000,1,0,1,双平,S,2722.0000,2720.6000,2720.4000,2720.0000,2719.4000,2724.2000,2729.8000,2736.6000,2774.4000,2786.0000,1,1,1,1,2,1,1,1,1,3
SF,IH2007,2020-05-29 09:30:04.500,2722.0000,5267,0,14691660.000,0,-,-,-,-,2722.2000,2722.0000,2720.4000,2720.0000,2719.0000,2723.0000,2724.0000,2724.2000,2728.4000,2729.8000,2,1,1,1,2,5,3,1,5,1
SF,IH2007,2020-05-29 09:30:05.000,2722.0000,5266,-1,15508260.000,1,0,1,双平,S,2722.2000,2722.0000,2720.4000,2720.0000,2719.0000,2722.8000,2723.0000,2724.0000,2724.2000,2728.4000,1,1,1,1,2,1,5,2,1,5
SF,IH2007,2020-05-29 09:30:05.500,2722.0000,5266,0,15508260.000,0,-,-,-,-,2722.8000,2722.2000,2722.0000,2720.4000,2720.0000,2724.0000,2724.2000,2728.4000,2729.8000,2736.6000,1,1,1,1,1,1,1,5,1,1
SF,IH2007,2020-05-29 09:30:06.000,2722.0000,5266,0,15508260.000,0,-,-,-,-,2723.0000,2722.0000,2720.4000,2719.0000,2718.0000,2723.6000,2723.8000,2724.0000,2724.2000,2728.4000,1,1,1,2,1,5,3,1,1,5
SF,IH2007,2020-05-29 09:30:06.500,2722.6000,5266,0,16325040.000,1,0,1,多换,S,2722.0000,2720.4000,2719.0000,2718.0000,2715.0000,2722.8000,2723.0000,2723.6000,2723.8000,2724.0000,1,1,3,1,1,1,2,5,2,1
SF,IH2007,2020-05-29 09:30:07.000,2722.8000,5265,-1,17958480.000,2,0,2,多平,S,2720.4000,2719.0000,2718.0000,2715.0000,2712.0000,2723.0000,2723.6000,2723.8000,2724.0000,2724.2000,1,3,1,1,1,3,5,2,1,1
SF,IH2007,2020-05-29 09:30:07.500,2722.8000,5264,-1,18775320.000,1,0,1,双平,S,2720.4000,2719.0000,2718.0000,2715.0000,2712.0000,2723.0000,2723.6000,2723.8000,2724.2000,2728.4000,1,3,1,1,1,2,5,2,1,5
SF,IH2007,2020-05-29 09:30:08.000,2722.8000,5264,0,18775320.000,0,-,-,-,-,2720.6000,2720.4000,2719.0000,2718.0000,2715.0000,2722.8000,2723.0000,2723.6000,2723.8000,2724.2000,1,1,3,1,1,1,1,5,2,1
SF,IH2007,2020-05-29 09:30:08.500,2722.8000,5264,0,18775320.000,0,-,-,-,-,2720.8000,2719.0000,2718.0000,2715.0000,2712.0000,2722.6000,2722.8000,2723.0000,2723.8000,2724.2000,1,3,1,1,1,1,2,1,2,1
SF,IH2007,2020-05-29 09:30:09.000,2722.8000,5264,0,18775320.000,0,-,-,-,-,2720.8000,2719.0000,2718.0000,2715.0000,2712.0000,2722.4000,2723.0000,2723.8000,2728.4000,2729.8000,2,3,1,1,1,1,1,2,5,1
SF,IH2007,2020-05-29 09:30:09.500,2722.8000,5264,0,18775320.000,0,-,-,-,-,2720.8000,2719.0000,2718.0000,2715.0000,2712.0000,2722.4000,2723.0000,2723.8000,2728.4000,2729.8000,1,3,1,1,1,1,1,2,5,1
SF,IH2007,2020-05-29 09:30:10.000,2722.8000,5264,0,18775320.000,0,-,-,-,-,2720.8000,2719.0000,2718.0000,2715.0000,2712.0000,2722.2000,2722.4000,2723.0000,2723.8000,2728.4000,1,3,1,1,1,1,1,1,2,5
SF,IH2007,2020-05-29 09:30:11.000,2722.8000,5264,0,18775320.000,0,-,-,-,-,2720.8000,2719.0000,2718.0000,2715.0000,2712.0000,2722.0000,2722.2000,2722.4000,2723.0000,2723.8000,1,3,1,1,1,1,1,1,1,2
SF,IH2007,2020-05-29 09:30:11.500,2722.8000,5264,0,18775320.000,0,-,-,-,-,2719.0000,2718.0000,2715.0000,2712.0000,2711.6000,2722.0000,2722.2000,2722.4000,2723.0000,2723.8000,3,1,1,1,1,1,1,1,1,2
SF,IH2007,2020-05-29 09:30:12.000,2722.8000,5264,0,18775320.000,0,-,-,-,-,2719.2000,2719.0000,2718.0000,2715.0000,2712.0000,2721.8000,2722.0000,2722.2000,2723.0000,2723.8000,1,3,1,1,1,1,1,1,1,2
SF,IH2007,2020-05-29 09:30:12.500,2722.8000,5264,0,18775320.000,0,-,-,-,-,2719.2000,2719.0000,2718.0000,2715.0000,2712.0000,2721.8000,2722.0000,2722.2000,2723.0000,2728.4000,1,3,1,1,1,1,1,1,1,5
SF,IH2007,2020-05-29 09:30:13.000,2722.8000,5264,0,18775320.000,0,-,-,-,-,2719.2000,2719.0000,2718.0000,2715.0000,2712.0000,2721.6000,2722.0000,2722.2000,2723.0000,2728.4000,1,3,1,1,1,2,1,1,1,5
SF,IH2007,2020-05-29 09:30:13.500,2722.8000,5264,0,18775320.000,0,-,-,-,-,2719.2000,2719.0000,2718.0000,2715.0000,2712.0000,2721.6000,2722.0000,2722.2000,2723.0000,2728.4000,1,3,1,1,1,1,1,1,1,5
SF,IH2007,2020-05-29 09:30:14.000,2722.8000,5264,0,18775320.000,0,-,-,-,-,2719.4000,2719.2000,2719.0000,2718.0000,2715.0000,2722.0000,2722.2000,2723.0000,2728.4000,2729.8000,1,1,3,1,1,1,1,1,5,1
SF,IH2007,2020-05-29 09:30:14.500,2722.8000,5264,0,18775320.000,0,-,-,-,-,2719.6000,2719.4000,2719.0000,2718.0000,2715.0000,2721.8000,2722.0000,2722.2000,2723.0000,2728.4000,1,1,3,1,1,1,1,1,1,5
SF,IH2007,2020-05-29 09:30:15.000,2723.0000,5261,-3,21225900.000,3,0,3,双平,S,2723.6000,2719.8000,2719.6000,2719.4000,2719.0000,2728.4000,2729.8000,2774.4000,2786.0000,2816.6000,3,1,1,1,3,5,1,1,3,1
SF,IH2007,2020-05-29 09:30:15.500,2723.4000,5257,-4,24493980.000,4,0,4,双平,S,2719.6000,2719.0000,2718.0000,2715.0000,2712.0000,2723.6000,2726.6000,2727.4000,2728.2000,2728.4000,1,3,1,1,1,5,1,4,3,5
SF,IH2007,2020-05-29 09:30:16.000,2723.4000,5257,0,24493980.000,0,-,-,-,-,2719.8000,2719.6000,2719.0000,2718.0000,2715.0000,2722.4000,2723.6000,2727.4000,2728.2000,2728.4000,1,1,3,1,1,6,4,4,1,5
SF,IH2007,2020-05-29 09:30:16.500,2723.4000,5257,0,24493980.000,0,-,-,-,-,2720.0000,2719.8000,2719.0000,2718.0000,2715.0000,2722.2000,2722.4000,2723.6000,2727.4000,2728.2000,2,1,3,1,1,2,6,1,4,1
SF,IH2007,2020-05-29 09:30:17.000,2722.4000,5256,-1,25310700.000,1,0,1,双平,S,2720.0000,2719.8000,2719.0000,2718.0000,2715.0000,2722.2000,2722.4000,2723.2000,2723.4000,2723.6000,2,1,3,1,1,1,6,1,3,1
SF,IH2007,2020-05-29 09:30:17.500,2722.4000,5256,0,26127420.000,1,0,1,多换,S,2720.0000,2719.8000,2719.2000,2719.0000,2718.0000,2722.4000,2722.8000,2723.0000,2723.2000,2723.4000,2,1,2,3,1,6,1,1,1,3
SF,IH2007,2020-05-29 09:30:18.000,2722.4000,5256,0,26127420.000,0,-,-,-,-,2720.2000,2720.0000,2719.8000,2719.0000,2718.0000,2722.4000,2722.8000,2723.0000,2723.2000,2723.4000,1,2,1,3,1,1,1,1,1,3
SF,IH2007,2020-05-29 09:30:18.500,2722.4000,5256,0,26127420.000,0,-,-,-,-,2720.4000,2720.0000,2719.0000,2718.0000,2715.0000,2722.2000,2722.4000,2723.0000,2723.2000,2723.4000,1,1,3,1,1,1,1,1,1,3
SF,IH2007,2020-05-29 09:30:19.000,2722.4000,5256,0,26127420.000,0,-,-,-,-,2720.4000,2720.0000,2719.0000,2718.0000,2715.0000,2722.2000,2722.4000,2723.0000,2723.2000,2723.4000,1,1,3,1,1,1,1,2,1,3
SF,IH2007,2020-05-29 09:30:19.500,2722.4000,5256,0,26127420.000,0,-,-,-,-,2720.4000,2720.0000,2719.0000,2718.0000,2715.0000,2722.4000,2723.0000,2723.2000,2723.4000,2725.4000,1,1,3,1,1,1,2,1,3,1
SF,IH2007,2020-05-29 09:30:20.500,2722.4000,5256,0,26127420.000,0,-,-,-,-,2722.4000,2720.4000,2720.0000,2719.0000,2718.0000,2723.0000,2723.4000,2725.4000,2727.4000,2728.2000,1,1,1,3,1,2,3,1,4,1
SF,IH2007,2020-05-29 09:30:21.000,2722.8000,5254,-2,27760980.000,2,0,2,双平,S,2720.4000,2720.0000,2719.0000,2718.0000,2715.0000,2723.0000,2723.4000,2725.4000,2727.4000,2728.2000,1,1,3,1,1,1,3,1,4,1
SF,IH2007,2020-05-29 09:30:21.500,2722.8000,5254,0,27760980.000,0,-,-,-,-,2720.4000,2720.0000,2719.0000,2718.0000,2715.0000,2723.0000,2723.4000,2725.4000,2728.2000,2728.4000,1,1,3,1,1,1,3,1,1,5
SF,IH2007,2020-05-29 09:30:22.000,2722.8000,5254,0,27760980.000,0,-,-,-,-,2720.4000,2720.0000,2719.0000,2718.0000,2715.0000,2723.4000,2725.4000,2728.2000,2728.4000,2729.8000,1,1,3,1,1,3,1,1,5,1
SF,IH2007,2020-05-29 09:30:23.000,2722.8000,5254,0,27760980.000,0,-,-,-,-,2720.6000,2720.4000,2720.0000,2719.0000,2718.0000,2725.4000,2728.2000,2728.4000,2729.8000,2731.8000,1,1,2,2,1,1,1,5,1,3
SF,IH2007,2020-05-29 09:30:23.500,2722.8000,5254,0,27760980.000,0,-,-,-,-,2720.8000,2720.6000,2720.0000,2719.0000,2718.0000,2723.8000,2724.2000,2725.2000,2728.2000,2728.4000,1,1,3,2,1,6,1,1,1,5
SF,IH2007,2020-05-29 09:30:24.000,2722.8000,5254,0,27760980.000,0,-,-,-,-,2721.0000,2720.8000,2720.6000,2720.0000,2719.0000,2723.8000,2724.2000,2724.4000,2728.2000,2728.4000,1,1,1,3,2,6,1,1,1,5
SF,IH2007,2020-05-29 09:30:24.500,2722.8000,5254,0,27760980.000,0,-,-,-,-,2721.2000,2720.0000,2719.0000,2718.0000,2715.0000,2723.6000,2723.8000,2724.2000,2724.8000,2728.2000,1,3,2,1,1,2,5,1,1,1
SF,IH2007,2020-05-29 09:30:25.000,2722.8000,5254,0,27760980.000,0,-,-,-,-,2721.2000,2720.0000,2719.0000,2718.0000,2715.0000,2724.2000,2724.8000,2728.2000,2728.4000,2729.8000,2,3,2,1,1,1,1,1,5,1
SF,IH2007,2020-05-29 09:30:25.500,2724.8000,5251,-3,30212880.000,3,0,3,双平,S,2725.2000,2721.2000,2720.0000,2719.0000,2718.0000,2728.2000,2728.4000,2729.8000,2731.8000,2774.4000,3,1,3,2,1,1,5,1,3,1
SF,IH2007,2020-05-29 09:30:26.000,2725.2000,5248,-3,32665560.000,3,0,3,双平,S,2720.0000,2719.0000,2718.0000,2715.0000,2712.0000,2725.2000,2727.6000,2728.0000,2728.2000,2728.4000,3,2,1,1,1,3,1,1,5,5
SF,IH2007,2020-05-29 09:30:26.500,2725.2000,5248,0,32665560.000,0,-,-,-,-,2723.8000,2720.6000,2720.4000,2720.2000,2720.0000,2724.4000,2727.6000,2728.4000,2729.8000,2731.8000,1,3,2,4,3,1,1,5,1,3
SF,IH2007,2020-05-29 09:30:27.000,2723.8000,5247,-1,33482700.000,1,0,1,双平,S,2720.6000,2720.4000,2720.2000,2720.0000,2719.0000,2724.8000,2725.0000,2728.4000,2729.8000,2731.8000,3,2,1,3,2,1,1,5,1,3
SF,IH2007,2020-05-29 09:30:27.500,2723.8000,5247,0,33482700.000,0,-,-,-,-,2720.8000,2720.6000,2720.4000,2720.0000,2719.0000,2724.4000,2724.6000,2724.8000,2725.0000,2725.2000,4,3,2,3,2,1,1,2,2,1
SF,IH2007,2020-05-29 09:30:28.000,2723.8000,5247,0,33482700.000,0,-,-,-,-,2720.8000,2720.6000,2720.4000,2720.0000,2719.0000,2724.2000,2724.6000,2724.8000,2725.0000,2725.2000,4,3,2,3,2,1,1,2,2,2
SF,IH2007,2020-05-29 09:30:28.500,2723.8000,5246,-1,34299840.000,1,0,1,双平,S,2724.2000,2720.8000,2720.0000,2719.0000,2718.0000,2724.6000,2724.8000,2725.0000,2725.2000,2726.2000,2,1,3,2,1,1,3,3,2,1
SF,IH2007,2020-05-29 09:30:29.000,2724.2000,5244,-2,35934360.000,2,0,2,双平,S,2721.2000,2720.8000,2720.0000,2719.0000,2718.0000,2724.2000,2724.6000,2724.8000,2725.0000,2725.2000,1,1,3,2,1,7,1,3,2,2
SF,IH2007,2020-05-29 09:30:29.500,2724.2000,5244,0,35934360.000,0,-,-,-,-,2721.4000,2721.2000,2720.0000,2719.0000,2718.0000,2724.0000,2724.2000,2724.4000,2724.6000,2724.8000,1,1,3,2,1,2,9,1,1,2
SF,IH2007,2020-05-29 09:30:30.000,2724.2000,5244,0,35934360.000,0,-,-,-,-,2721.4000,2721.2000,2720.0000,2719.0000,2718.0000,2723.8000,2724.0000,2724.2000,2724.4000,2724.8000,3,1,3,2,1,1,3,6,1,1
SF,IH2007,2020-05-29 09:30:30.500,2724.2000,5244,0,35934360.000,0,-,-,-,-,2721.4000,2721.2000,2720.0000,2719.0000,2718.0000,2723.8000,2724.0000,2724.2000,2724.4000,2724.8000,1,1,2,2,1,1,1,6,1,1
SF,IH2007,2020-05-29 09:30:31.000,2724.2000,5244,0,35934360.000,0,-,-,-,-,2721.4000,2721.2000,2720.0000,2719.0000,2718.0000,2723.8000,2724.0000,2724.2000,2724.4000,2724.8000,1,1,2,2,1,1,1,6,1,1
SF,IH2007,2020-05-29 09:30:31.500,2724.2000,5244,0,35934360.000,0,-,-,-,-,2721.4000,2721.2000,2720.0000,2719.0000,2718.0000,2723.8000,2724.0000,2724.2000,2724.4000,2724.6000,1,1,2,2,1,1,1,6,2,2
SF,IH2007,2020-05-29 09:30:32.000,2724.2000,5244,0,35934360.000,0,-,-,-,-,2721.4000,2721.2000,2720.4000,2720.0000,2719.0000,2723.8000,2724.0000,2724.2000,2724.4000,2724.6000,1,1,1,2,2,1,1,6,2,2
SF,IH2007,2020-05-29 09:30:32.500,2724.2000,5244,0,35934360.000,0,-,-,-,-,2721.4000,2721.2000,2720.4000,2720.0000,2719.0000,2723.8000,2724.0000,2724.2000,2724.4000,2724.6000,1,1,1,2,2,1,1,6,2,3
SF,IH2007,2020-05-29 09:30:33.500,2724.2000,5244,0,35934360.000,0,-,-,-,-,2721.4000,2721.2000,2720.4000,2720.0000,2719.0000,2723.6000,2723.8000,2724.0000,2724.2000,2724.4000,1,1,1,2,2,1,1,1,6,2
SF,IH2007,2020-05-29 09:30:34.000,2724.2000,5244,0,35934360.000,0,-,-,-,-,2721.4000,2721.2000,2720.4000,2720.0000,2719.0000,2723.8000,2724.0000,2724.2000,2724.4000,2724.6000,1,1,1,2,2,1,1,6,2,3
SF,IH2007,2020-05-29 09:30:34.500,2724.2000,5238,-6,40837920.000,6,0,6,双平,S,2721.4000,2721.2000,2720.4000,2720.0000,2719.0000,2724.2000,2724.4000,2724.6000,2724.8000,2725.0000,1,1,1,2,2,2,2,3,1,2
SF,IH2007,2020-05-29 09:30:35.000,2724.2000,5238,0,40837920.000,0,-,-,-,-,2722.6000,2721.6000,2721.4000,2721.2000,2720.4000,2724.2000,2724.4000,2724.6000,2724.8000,2725.0000,1,1,1,1,1,2,2,1,1,2
SF,IH2007,2020-05-29 09:30:35.500,2722.6000,5237,-1,41654700.000,1,0,1,双平,S,2722.0000,2721.4000,2721.2000,2720.4000,2720.0000,2724.0000,2724.2000,2724.4000,2724.6000,2725.0000,1,1,1,1,1,1,2,2,1,1
SF,IH2007,2020-05-29 09:30:36.000,2722.6000,5237,0,41654700.000,0,-,-,-,-,2722.2000,2722.0000,2721.2000,2720.4000,2720.0000,2723.6000,2723.8000,2724.0000,2724.2000,2724.6000,1,1,1,1,1,1,1,1,2,1
SF,IH2007,2020-05-29 09:30:36.500,2722.0000,5235,-2,43287960.000,2,0,2,双平,S,2721.2000,2720.4000,2720.0000,2719.0000,2718.0000,2723.6000,2723.8000,2724.0000,2724.2000,2725.0000,1,1,1,2,1,1,1,1,3,2
SF,IH2007,2020-05-29 09:30:37.000,2722.0000,5235,0,43287960.000,0,-,-,-,-,2721.4000,2720.4000,2720.0000,2719.0000,2718.0000,2723.2000,2723.4000,2723.8000,2724.0000,2724.2000,1,1,1,2,1,1,2,1,1,4
SF,IH2007,2020-05-29 09:30:37.500,2722.0000,5235,0,43287960.000,0,-,-,-,-,2721.4000,2720.4000,2720.0000,2719.0000,2718.0000,2723.0000,2723.2000,2723.4000,2723.8000,2724.0000,1,1,1,2,1,1,1,1,1,1
SF,IH2007,2020-05-29 09:30:38.000,2721.4000,5234,-1,44104380.000,1,0,1,双平,S,2720.4000,2720.0000,2719.0000,2718.0000,2715.0000,2723.0000,2723.2000,2723.8000,2724.0000,2724.2000,1,1,2,1,1,1,1,1,1,3
SF,IH2007,2020-05-29 09:30:38.500,2721.4000,5234,0,44104380.000,0,-,-,-,-,2720.4000,2720.0000,2719.0000,2718.0000,2715.0000,2722.4000,2722.8000,2723.0000,2723.2000,2723.8000,1,1,2,1,1,1,1,1,1,1
SF,IH2007,2020-05-29 09:30:39.000,2721.4000,5234,0,44104380.000,0,-,-,-,-,2720.4000,2720.0000,2719.0000,2718.0000,2715.0000,2722.2000,2722.4000,2723.2000,2723.8000,2724.2000,1,1,2,1,1,1,1,1,1,3
SF,IH2007,2020-05-29 09:30:39.500,2721.4000,5234,0,44104380.000,0,-,-,-,-,2720.4000,2720.0000,2719.0000,2718.0000,2715.0000,2722.2000,2722.4000,2723.2000,2723.8000,2724.2000,1,1,2,1,1,1,1,1,1,2
SF,IH2007,2020-05-29 09:30:40.000,2721.4000,5234,0,44104380.000,0,-,-,-,-,2720.4000,2720.0000,2719.0000,2718.0000,2715.0000,2722.2000,2722.4000,2723.2000,2723.8000,2724.2000,1,1,2,1,1,1,1,1,2,1
SF,IH2007,2020-05-29 09:30:40.500,2721.4000,5234,0,44104380.000,0,-,-,-,-,2720.4000,2720.0000,2719.0000,2718.0000,2715.0000,2722.2000,2722.4000,2723.2000,2723.8000,2724.2000,1,1,2,1,1,1,1,1,2,1
SF,IH2007,2020-05-29 09:30:41.000,2721.4000,5234,0,44104380.000,0,-,-,-,-,2720.4000,2720.0000,2719.0000,2718.0000,2715.0000,2722.2000,2722.4000,2723.8000,2724.2000,2724.6000,1,1,2,1,1,1,1,2,1,1
SF,IH2007,2020-05-29 09:30:41.500,2721.4000,5234,0,44104380.000,0,-,-,-,-,2720.4000,2720.0000,2719.0000,2718.0000,2715.0000,2722.0000,2722.2000,2722.4000,2723.8000,2724.2000,1,1,2,1,1,1,1,1,2,1
SF,IH2007,2020-05-29 09:30:42.000,2721.4000,5234,0,44104380.000,0,-,-,-,-,2720.4000,2720.0000,2719.0000,2718.0000,2715.0000,2722.0000,2722.2000,2722.4000,2723.8000,2724.2000,1,1,2,1,1,1,1,1,3,1
SF,IH2007,2020-05-29 09:30:42.500,2721.4000,5234,0,44104380.000,0,-,-,-,-,2720.4000,2720.0000,2719.0000,2718.0000,2715.0000,2722.0000,2722.2000,2722.4000,2723.8000,2724.2000,1,1,2,1,1,1,1,1,3,1
SF,IH2007,2020-05-29 09:30:43.000,2721.4000,5234,0,44104380.000,0,-,-,-,-,2720.4000,2720.0000,2719.0000,2718.0000,2715.0000,2722.0000,2722.2000,2722.4000,2723.8000,2724.2000,1,1,2,1,1,1,1,1,3,1
SF,IH2007,2020-05-29 09:30:43.500,2721.4000,5234,0,44104380.000,0,-,-,-,-,2720.4000,2720.0000,2719.0000,2718.0000,2715.0000,2722.0000,2722.2000,2722.4000,2723.8000,2724.2000,1,1,2,1,1,1,1,1,3,1
SF,IH2007,2020-05-29 09:30:44.000,2721.4000,5234,0,44104380.000,0,-,-,-,-,2720.4000,2720.0000,2719.0000,2718.0000,2715.0000,2722.0000,2722.2000,2722.4000,2723.8000,2724.2000,1,1,2,1,1,1,1,1,3,1
SF,IH2007,2020-05-29 09:30:44.500,2721.4000,5234,0,44104380.000,0,-,-,-,-,2720.4000,2720.0000,2719.0000,2718.0000,2715.0000,2722.2000,2722.4000,2723.8000,2724.2000,2724.6000,1,1,2,1,1,1,1,3,1,1
SF,IH2007,2020-05-29 09:30:45.000,2720.4000,5234,0,44920500.000,1,0,1,多换,S,2720.0000,2719.0000,2718.0000,2715.0000,2712.0000,2720.4000,2722.0000,2722.2000,2723.8000,2724.2000,1,2,1,1,1,1,1,1,3,1
SF,IH2007,2020-05-29 09:30:45.500,2720.4000,5233,-1,45736620.000,1,0,1,双平,S,2720.0000,2719.0000,2718.0000,2715.0000,2712.0000,2722.2000,2723.8000,2724.2000,2724.6000,2725.8000,1,2,1,1,1,1,3,1,1,1
SF,IH2007,2020-05-29 09:30:46.000,2720.4000,5233,0,45736620.000,0,-,-,-,-,2720.0000,2719.0000,2718.0000,2715.0000,2712.0000,2721.6000,2722.0000,2722.2000,2723.8000,2724.2000,1,2,1,1,1,1,1,1,3,1
SF,IH2007,2020-05-29 09:30:46.500,2720.4000,5233,0,45736620.000,0,-,-,-,-,2720.0000,2719.0000,2718.0000,2715.0000,2712.0000,2721.6000,2723.2000,2723.8000,2724.2000,2725.8000,1,2,1,1,1,1,1,3,1,1
SF,IH2007,2020-05-29 09:30:47.000,2720.4000,5233,0,45736620.000,0,-,-,-,-,2720.0000,2719.0000,2718.0000,2715.0000,2712.0000,2721.6000,2723.2000,2723.8000,2724.2000,2725.8000,1,2,1,1,1,1,1,3,1,1
SF,IH2007,2020-05-29 09:30:47.500,2720.4000,5233,0,45736620.000,0,-,-,-,-,2720.0000,2719.0000,2718.0000,2715.0000,2712.0000,2721.6000,2723.2000,2723.8000,2724.2000,2725.8000,1,2,1,1,1,1,1,3,1,1
SF,IH2007,2020-05-29 09:30:49.000,2724.2000,5228,-5,50638740.000,6,0,6,多平,S,2720.0000,2719.0000,2718.0000,2715.0000,2712.0000,2725.8000,2727.8000,2728.4000,2729.8000,2731.8000,1,2,1,1,1,1,2,5,1,3
SF,IH2007,2020-05-29 09:30:49.500,2724.2000,5228,0,50638740.000,0,-,-,-,-,2720.0000,2719.0000,2718.0000,2715.0000,2712.0000,2725.2000,2725.4000,2725.8000,2727.8000,2728.4000,1,2,1,1,1,1,4,1,2,5
SF,IH2007,2020-05-29 09:30:50.000,2724.2000,5228,0,50638740.000,0,-,-,-,-,2720.6000,2720.0000,2719.0000,2718.0000,2715.0000,2725.0000,2725.4000,2725.6000,2725.8000,2727.8000,1,1,2,1,1,2,4,1,1,2
SF,IH2007,2020-05-29 09:30:50.500,2720.6000,5227,-1,51454920.000,1,0,1,双平,S,2720.6000,2720.0000,2719.0000,2718.0000,2715.0000,2723.8000,2725.0000,2725.4000,2725.8000,2727.8000,1,1,2,1,1,2,2,4,1,2
SF,IH2007,2020-05-29 09:30:51.000,2720.6000,5227,0,51454920.000,0,-,-,-,-,2721.0000,2720.6000,2720.0000,2719.0000,2718.0000,2723.4000,2723.8000,2724.2000,2725.0000,2725.4000,1,1,1,2,1,1,4,2,2,4
SF,IH2007,2020-05-29 09:30:51.500,2721.0000,5226,-1,52271220.000,1,0,1,双平,S,2720.6000,2720.0000,2719.0000,2718.0000,2717.6000,2723.4000,2723.8000,2724.0000,2724.2000,2725.0000,1,1,2,1,1,2,4,4,2,2
SF,IH2007,2020-05-29 09:30:52.000,2721.0000,5226,0,52271220.000,0,-,-,-,-,2720.6000,2720.0000,2719.0000,2718.0000,2717.6000,2723.4000,2723.8000,2724.0000,2724.2000,2725.0000,1,1,2,1,1,2,4,4,3,2
SF,IH2007,2020-05-29 09:30:52.500,2721.0000,5226,0,52271220.000,0,-,-,-,-,2720.6000,2720.0000,2719.0000,2718.0000,2717.6000,2723.4000,2723.8000,2724.0000,2724.2000,2725.0000,1,1,2,1,1,2,3,4,3,2
SF,IH2007,2020-05-29 09:30:53.000,2721.0000,5226,0,52271220.000,0,-,-,-,-,2720.6000,2720.0000,2719.0000,2718.0000,2717.6000,2723.4000,2723.8000,2724.0000,2724.2000,2724.6000,1,1,2,1,1,2,3,4,4,1
SF,IH2007,2020-05-29 09:30:53.500,2721.0000,5226,0,52271220.000,0,-,-,-,-,2720.6000,2720.0000,2719.0000,2718.0000,2717.6000,2723.4000,2723.8000,2724.0000,2724.2000,2724.6000,1,1,2,1,1,2,3,4,4,1
SF,IH2007,2020-05-29 09:30:54.000,2721.0000,5226,0,52271220.000,0,-,-,-,-,2720.6000,2720.0000,2719.0000,2718.0000,2717.6000,2723.4000,2723.6000,2723.8000,2724.0000,2724.2000,1,1,2,1,1,2,1,3,4,3
SF,IH2007,2020-05-29 09:30:54.500,2721.0000,5226,0,52271220.000,0,-,-,-,-,2720.6000,2720.0000,2719.0000,2718.0000,2717.6000,2723.4000,2723.6000,2723.8000,2724.0000,2724.2000,1,1,2,1,1,2,1,3,4,3
SF,IH2007,2020-05-29 09:30:55.000,2721.0000,5226,0,52271220.000,0,-,-,-,-,2720.6000,2720.0000,2719.0000,2718.0000,2717.6000,2723.4000,2723.6000,2723.8000,2724.0000,2724.2000,1,1,2,1,1,4,1,3,2,3
SF,IH2007,2020-05-29 09:30:55.500,2720.0000,5225,-1,53903400.000,2,0,2,多平,S,2719.0000,2718.0000,2717.6000,2715.0000,2712.0000,2723.2000,2723.4000,2723.6000,2723.8000,2724.0000,2,1,1,1,1,1,4,1,3,2
SF,IH2007,2020-05-29 09:30:56.000,2720.0000,5225,0,53903400.000,0,-,-,-,-,2719.0000,2718.0000,2717.6000,2715.0000,2712.0000,2720.6000,2723.2000,2723.4000,2723.6000,2723.8000,2,1,1,1,1,2,1,3,1,3
SF,IH2007,2020-05-29 09:30:56.500,2720.0000,5225,0,53903400.000,0,-,-,-,-,2719.0000,2718.0000,2717.6000,2715.0000,2712.0000,2720.6000,2722.4000,2722.6000,2722.8000,2723.2000,2,1,1,1,1,1,1,1,2,2
SF,IH2007,2020-05-29 09:30:57.000,2723.2000,5219,-6,58803720.000,6,0,6,双平,S,2719.0000,2718.0000,2717.6000,2715.0000,2712.0000,2723.2000,2723.4000,2723.6000,2723.8000,2724.0000,2,1,1,1,1,2,4,2,2,2
SF,IH2007,2020-05-29 09:30:57.500,2720.6000,5218,-1,59619900.000,1,0,1,双平,S,2720.6000,2719.2000,2719.0000,2718.0000,2717.6000,2722.6000,2723.0000,2723.2000,2723.4000,2723.6000,1,1,2,1,1,3,3,2,1,2
SF,IH2007,2020-05-29 09:30:58.000,2720.6000,5216,-2,62068440.000,3,0,3,多平,S,2720.6000,2719.0000,2718.0000,2717.6000,2715.0000,2722.4000,2722.6000,2722.8000,2723.0000,2723.2000,2,2,1,1,1,1,5,1,3,1
SF,IH2007,2020-05-29 09:30:58.500,2720.6000,5214,-2,63700800.000,2,0,2,双平,S,2719.0000,2718.0000,2717.6000,2715.0000,2712.0000,2722.4000,2722.6000,2722.8000,2723.0000,2723.2000,2,1,1,1,1,2,5,2,3,1
SF,IH2007,2020-05-29 09:30:59.000,2720.6000,5214,0,63700800.000,0,-,-,-,-,2719.0000,2718.0000,2717.6000,2715.0000,2712.0000,2722.4000,2722.6000,2722.8000,2723.0000,2723.2000,2,1,1,1,1,1,6,3,3,1
SF,IH2007,2020-05-29 09:30:59.500,2720.6000,5214,0,63700800.000,0,-,-,-,-,2719.0000,2718.0000,2717.6000,2715.0000,2712.0000,2722.4000,2722.6000,2722.8000,2723.0000,2723.2000,2,1,1,1,1,1,6,2,4,2
SF,IH2007,2020-05-29 09:31:00.000,2720.6000,5214,0,63700800.000,0,-,-,-,-,2719.0000,2718.0000,2717.6000,2715.0000,2712.0000,2722.0000,2722.4000,2722.6000,2722.8000,2723.0000,2,1,1,1,1,1,1,6,2,3
SF,IH2007,2020-05-29 09:31:00.500,2720.6000,5214,0,63700800.000,0,-,-,-,-,2719.0000,2718.0000,2717.6000,2715.0000,2712.0000,2722.0000,2722.4000,2722.6000,2722.8000,2723.0000,2,1,1,1,1,1,1,6,2,3
SF,IH2007,2020-05-29 09:31:01.000,2720.6000,5214,0,63700800.000,0,-,-,-,-,2719.0000,2718.0000,2717.6000,2715.0000,2712.0000,2721.8000,2722.2000,2722.4000,2722.6000,2722.8000,2,1,1,1,1,2,1,1,4,2
SF,IH2007,2020-05-29 09:31:01.500,2720.6000,5214,0,63700800.000,0,-,-,-,-,2719.8000,2719.4000,2719.0000,2718.0000,2717.6000,2721.8000,2722.2000,2722.4000,2722.6000,2722.8000,1,1,2,1,1,2,1,1,4,3
SF,IH2007,2020-05-29 09:31:02.000,2720.6000,5214,0,63700800.000,0,-,-,-,-,2719.4000,2719.0000,2718.0000,2717.6000,2715.0000,2721.8000,2722.2000,2722.4000,2722.6000,2722.8000,1,2,1,1,1,2,1,1,4,3
SF,IH2007,2020-05-29 09:31:02.500,2720.6000,5214,0,63700800.000,0,-,-,-,-,2719.0000,2718.0000,2717.6000,2715.0000,2712.0000,2721.8000,2722.2000,2722.4000,2722.6000,2722.8000,2,1,1,1,1,2,1,2,4,3
SF,IH2007,2020-05-29 09:31:03.000,2720.6000,5214,0,63700800.000,0,-,-,-,-,2719.0000,2718.0000,2717.6000,2715.0000,2712.0000,2721.8000,2722.2000,2722.4000,2722.6000,2722.8000,2,1,1,1,1,1,1,2,4,3
SF,IH2007,2020-05-29 09:31:03.500,2720.6000,5214,0,63700800.000,0,-,-,-,-,2719.0000,2718.0000,2717.6000,2715.0000,2712.0000,2721.8000,2722.0000,2722.2000,2722.4000,2722.6000,2,1,1,1,1,1,3,2,2,1
SF,IH2007,2020-05-29 09:31:04.000,2719.0000,5213,-1,64516500.000,1,0,1,双平,S,2719.0000,2718.0000,2717.6000,2715.0000,2712.0000,2721.8000,2722.0000,2722.2000,2722.4000,2722.6000,1,1,1,1,1,1,3,2,2,1
SF,IH2007,2020-05-29 09:31:04.500,2719.0000,5213,0,64516500.000,0,-,-,-,-,2719.0000,2718.0000,2717.6000,2715.0000,2712.0000,2721.8000,2722.0000,2722.2000,2722.4000,2722.6000,1,1,1,1,1,2,3,2,3,2
SF,IH2007,2020-05-29 09:31:05.000,2719.0000,5213,0,64516500.000,0,-,-,-,-,2719.0000,2718.0000,2717.6000,2715.0000,2712.0000,2721.6000,2721.8000,2722.0000,2722.2000,2722.4000,1,1,1,1,1,1,2,3,2,2
SF,IH2007,2020-05-29 09:31:05.500,2719.0000,5213,0,64516500.000,0,-,-,-,-,2719.0000,2718.0000,2717.6000,2715.0000,2712.0000,2721.6000,2721.8000,2722.0000,2722.2000,2722.4000,1,1,1,1,1,1,1,3,2,2
SF,IH2007,2020-05-29 09:31:06.000,2719.0000,5213,0,64516500.000,0,-,-,-,-,2719.0000,2718.0000,2717.6000,2715.0000,2712.0000,2721.4000,2721.6000,2721.8000,2722.0000,2722.2000,1,1,1,1,1,1,1,2,4,2
SF,IH2007,2020-05-29 09:31:06.500,2719.0000,5213,0,64516500.000,0,-,-,-,-,2719.0000,2718.0000,2717.6000,2715.0000,2712.0000,2721.2000,2721.4000,2721.6000,2721.8000,2722.0000,1,1,1,1,1,1,1,1,2,4
SF,IH2007,2020-05-29 09:31:07.000,2719.0000,5213,0,64516500.000,0,-,-,-,-,2719.0000,2718.0000,2717.6000,2715.0000,2712.0000,2721.2000,2721.4000,2721.6000,2721.8000,2722.0000,1,1,1,1,1,1,1,1,2,5
SF,IH2007,2020-05-29 09:31:07.500,2719.0000,5213,0,64516500.000,0,-,-,-,-,2719.0000,2718.0000,2717.6000,2715.0000,2712.0000,2721.0000,2721.4000,2721.6000,2721.8000,2722.0000,1,1,1,1,1,1,1,1,2,6
SF,IH2007,2020-05-29 09:31:08.000,2719.0000,5213,0,64516500.000,0,-,-,-,-,2719.0000,2718.0000,2717.6000,2715.0000,2712.0000,2720.8000,2721.0000,2721.4000,2721.6000,2721.8000,1,1,1,1,1,1,1,1,4,1
SF,IH2007,2020-05-29 09:31:08.500,2719.0000,5213,0,64516500.000,0,-,-,-,-,2719.0000,2718.0000,2717.6000,2715.0000,2712.0000,2720.8000,2721.4000,2721.6000,2721.8000,2722.0000,2,1,1,1,1,1,1,5,2,3
SF,IH2007,2020-05-29 09:31:09.000,2719.0000,5213,0,64516500.000,0,-,-,-,-,2719.0000,2718.0000,2717.6000,2715.0000,2712.0000,2720.6000,2720.8000,2721.6000,2721.8000,2722.0000,2,1,1,1,1,1,1,5,2,4
SF,IH2007,2020-05-29 09:31:09.500,2719.0000,5213,0,64516500.000,0,-,-,-,-,2719.0000,2718.0000,2717.6000,2715.0000,2712.0000,2719.8000,2720.8000,2721.6000,2721.8000,2722.0000,2,1,1,1,1,1,1,5,2,4
SF,IH2007,2020-05-29 09:31:10.000,2719.0000,5213,0,64516500.000,0,-,-,-,-,2719.0000,2718.0000,2717.6000,2715.0000,2712.0000,2719.8000,2720.8000,2721.2000,2721.4000,2721.6000,2,1,1,1,1,1,1,1,1,5
SF,IH2007,2020-05-29 09:31:10.500,2719.0000,5213,0,65332200.000,1,0,1,多换,S,2719.0000,2718.0000,2717.6000,2715.0000,2712.0000,2719.8000,2720.8000,2721.2000,2721.4000,2721.6000,1,1,1,1,1,1,1,2,1,5
SF,IH2007,2020-05-29 09:31:12.000,2719.8000,5213,0,66148140.000,1,0,1,多换,S,2719.0000,2718.0000,2717.6000,2715.0000,2712.0000,2720.8000,2721.2000,2721.4000,2721.6000,2721.8000,1,1,1,1,1,1,2,1,5,2
SF,IH2007,2020-05-29 09:31:12.500,2719.0000,5212,-1,66963840.000,1,0,1,双平,S,2718.0000,2717.6000,2715.0000,2712.0000,2711.6000,2720.6000,2721.2000,2721.4000,2721.6000,2721.8000,1,1,1,1,1,1,2,1,4,2
SF,IH2007,2020-05-29 09:31:13.000,2719.0000,5212,0,66963840.000,0,-,-,-,-,2718.0000,2717.6000,2715.0000,2712.0000,2711.6000,2721.2000,2721.4000,2721.6000,2721.8000,2722.0000,1,1,1,1,1,2,1,4,2,3
SF,IH2007,2020-05-29 09:31:13.500,2719.0000,5212,0,66963840.000,0,-,-,-,-,2718.0000,2717.6000,2715.0000,2712.0000,2711.6000,2721.0000,2721.2000,2721.4000,2721.6000,2721.8000,1,1,1,1,1,1,2,2,4,2
SF,IH2007,2020-05-29 09:31:14.000,2719.0000,5212,0,66963840.000,0,-,-,-,-,2718.0000,2717.6000,2715.0000,2712.0000,2711.6000,2721.0000,2721.2000,2721.4000,2721.6000,2721.8000,1,1,1,1,1,1,2,2,4,2
SF,IH2007,2020-05-29 09:31:14.500,2719.0000,5212,0,66963840.000,0,-,-,-,-,2718.0000,2717.6000,2715.0000,2712.0000,2711.6000,2721.0000,2721.2000,2721.4000,2721.6000,2721.8000,1,1,1,1,1,1,2,1,4,2
SF,IH2007,2020-05-29 09:31:15.000,2719.0000,5212,0,66963840.000,0,-,-,-,-,2718.0000,2717.6000,2715.0000,2712.0000,2711.6000,2721.0000,2721.2000,2721.4000,2721.6000,2721.8000,1,1,1,1,1,1,2,1,4,2
SF,IH2007,2020-05-29 09:31:15.500,2719.0000,5212,0,66963840.000,0,-,-,-,-,2718.0000,2717.6000,2715.0000,2712.0000,2711.6000,2721.0000,2721.2000,2721.4000,2721.6000,2721.8000,1,1,1,1,1,1,2,1,5,2
SF,IH2007,2020-05-29 09:31:16.500,2719.0000,5212,0,66963840.000,0,-,-,-,-,2718.2000,2718.0000,2717.6000,2715.0000,2712.0000,2720.8000,2721.0000,2721.2000,2721.4000,2721.6000,1,1,1,1,1,1,1,2,1,4
SF,IH2007,2020-05-29 09:31:17.000,2719.0000,5212,0,66963840.000,0,-,-,-,-,2718.2000,2718.0000,2717.6000,2715.0000,2712.0000,2720.8000,2721.4000,2721.6000,2721.8000,2722.0000,1,1,1,1,1,1,1,6,2,2
SF,IH2007,2020-05-29 09:31:17.500,2719.0000,5212,0,66963840.000,0,-,-,-,-,2718.2000,2718.0000,2717.6000,2715.0000,2712.0000,2720.6000,2720.8000,2721.4000,2721.6000,2721.8000,1,1,1,1,1,1,1,1,6,2
SF,IH2007,2020-05-29 09:31:18.000,2719.0000,5212,0,66963840.000,0,-,-,-,-,2718.0000,2717.6000,2715.0000,2712.0000,2711.6000,2720.4000,2720.8000,2721.4000,2721.6000,2721.8000,1,1,1,1,1,1,1,1,6,2
SF,IH2007,2020-05-29 09:31:18.500,2719.0000,5212,0,66963840.000,0,-,-,-,-,2718.0000,2717.6000,2715.0000,2712.0000,2711.6000,2720.4000,2720.8000,2721.4000,2721.6000,2721.8000,1,1,1,1,1,1,2,4,3,2
SF,IH2007,2020-05-29 09:31:19.000,2719.0000,5212,0,66963840.000,0,-,-,-,-,2718.2000,2718.0000,2717.6000,2715.0000,2712.0000,2720.4000,2720.8000,2721.4000,2721.6000,2721.8000,1,1,1,1,1,1,2,4,3,2
SF,IH2007,2020-05-29 09:31:19.500,2719.0000,5212,0,66963840.000,0,-,-,-,-,2718.2000,2718.0000,2717.6000,2715.0000,2712.0000,2720.4000,2720.8000,2721.0000,2721.4000,2721.6000,1,1,1,1,1,1,2,3,1,3
SF,IH2007,2020-05-29 09:31:20.000,2719.0000,5212,0,66963840.000,0,-,-,-,-,2719.0000,2718.2000,2718.0000,2717.6000,2715.0000,2720.4000,2720.8000,2721.0000,2721.4000,2721.6000,1,1,1,1,1,1,2,3,1,3
SF,IH2007,2020-05-29 09:31:20.500,2719.0000,5212,0,66963840.000,0,-,-,-,-,2719.0000,2718.0000,2717.6000,2715.0000,2712.0000,2720.4000,2720.8000,2721.4000,2721.6000,2721.8000,1,1,1,1,1,1,2,1,6,2
SF,IH2007,2020-05-29 09:31:21.000,2719.0000,5212,0,66963840.000,0,-,-,-,-,2719.0000,2718.0000,2717.6000,2715.0000,2712.0000,2720.4000,2720.8000,2721.4000,2721.6000,2721.8000,1,1,1,1,1,1,2,1,5,2
SF,IH2007,2020-05-29 09:31:21.500,2719.0000,5212,0,66963840.000,0,-,-,-,-,2719.0000,2718.0000,2717.6000,2715.0000,2712.0000,2720.4000,2720.8000,2721.4000,2721.6000,2721.8000,1,1,1,1,1,1,1,1,5,3
SF,IH2007,2020-05-29 09:31:22.000,2719.0000,5212,0,66963840.000,0,-,-,-,-,2719.0000,2718.0000,2717.6000,2715.0000,2712.0000,2720.4000,2720.8000,2721.4000,2721.6000,2721.8000,1,1,1,1,1,1,1,1,6,3
SF,IH2007,2020-05-29 09:31:23.000,2719.0000,5212,0,66963840.000,0,-,-,-,-,2719.0000,2718.0000,2717.6000,2715.0000,2712.0000,2720.4000,2720.8000,2721.4000,2721.6000,2721.8000,1,1,1,1,1,1,1,1,5,3
SF,IH2007,2020-05-29 09:31:23.500,2719.0000,5212,0,66963840.000,0,-,-,-,-,2719.0000,2718.0000,2717.6000,2715.0000,2712.0000,2720.2000,2720.4000,2720.8000,2721.4000,2721.6000,1,1,1,1,1,2,1,1,1,5
SF,IH2007,2020-05-29 09:31:24.000,2719.0000,5212,0,66963840.000,0,-,-,-,-,2719.0000,2718.0000,2717.6000,2715.0000,2712.0000,2720.8000,2721.4000,2721.6000,2721.8000,2722.0000,1,1,1,1,1,1,1,5,3,3
SF,IH2007,2020-05-29 09:31:24.500,2719.0000,5212,0,66963840.000,0,-,-,-,-,2719.0000,2718.0000,2717.6000,2715.0000,2712.0000,2720.8000,2721.4000,2721.6000,2721.8000,2722.0000,1,1,1,1,1,1,1,6,3,3
SF,IH2007,2020-05-29 09:31:25.000,2719.0000,5212,0,66963840.000,0,-,-,-,-,2719.0000,2718.0000,2717.6000,2715.0000,2712.0000,2720.6000,2720.8000,2721.4000,2721.6000,2721.8000,1,1,1,1,1,1,1,1,6,3
SF,IH2007,2020-05-29 09:31:25.500,2719.0000,5212,0,66963840.000,0,-,-,-,-,2719.0000,2718.0000,2717.6000,2715.0000,2712.0000,2720.8000,2721.4000,2721.6000,2721.8000,2722.0000,1,1,1,1,1,1,1,6,3,3
SF,IH2007,2020-05-29 09:31:26.000,2719.0000,5212,0,66963840.000,0,-,-,-,-,2719.0000,2718.0000,2717.6000,2715.0000,2712.0000,2720.4000,2720.8000,2721.4000,2721.6000,2721.8000,1,1,1,1,1,1,1,1,6,3
SF,IH2007,2020-05-29 09:31:27.000,2719.0000,5212,0,66963840.000,0,-,-,-,-,2719.2000,2719.0000,2718.0000,2717.6000,2715.0000,2720.4000,2720.8000,2721.4000,2721.6000,2721.8000,1,1,1,1,1,1,1,1,3,2
SF,IH2007,2020-05-29 09:31:27.500,2719.0000,5212,0,66963840.000,0,-,-,-,-,2719.2000,2719.0000,2718.0000,2717.6000,2715.0000,2720.4000,2720.8000,2721.4000,2721.6000,2721.8000,1,1,1,1,1,1,1,1,3,5
SF,IH2007,2020-05-29 09:31:28.500,2719.0000,5212,0,66963840.000,0,-,-,-,-,2719.2000,2719.0000,2718.0000,2717.6000,2715.0000,2720.4000,2721.4000,2721.6000,2721.8000,2722.0000,1,1,1,1,1,1,1,3,4,2
SF,IH2007,2020-05-29 09:31:30.000,2720.4000,5211,-1,67779960.000,1,0,1,双平,S,2719.2000,2719.0000,2718.0000,2717.6000,2715.0000,2721.4000,2721.6000,2721.8000,2722.0000,2722.4000,1,1,1,1,1,1,2,4,2,1
SF,IH2007,2020-05-29 09:31:30.500,2720.4000,5211,0,67779960.000,0,-,-,-,-,2719.2000,2719.0000,2718.0000,2717.6000,2715.0000,2721.4000,2721.8000,2722.0000,2722.6000,2723.0000,1,1,1,1,1,1,1,2,2,3
SF,IH2007,2020-05-29 09:31:31.000,2720.4000,5211,0,67779960.000,0,-,-,-,-,2719.2000,2719.0000,2718.0000,2717.6000,2715.0000,2722.0000,2722.4000,2722.6000,2723.0000,2723.4000,1,1,1,1,1,2,3,1,3,2
SF,IH2007,2020-05-29 09:31:31.500,2720.4000,5211,0,67779960.000,0,-,-,-,-,2719.2000,2719.0000,2718.0000,2717.6000,2715.0000,2722.0000,2722.4000,2722.6000,2723.0000,2723.4000,1,1,2,1,1,1,3,3,3,2
SF,IH2007,2020-05-29 09:31:32.500,2720.4000,5211,0,67779960.000,0,-,-,-,-,2719.2000,2719.0000,2718.0000,2717.6000,2715.0000,2722.0000,2722.6000,2722.8000,2723.0000,2723.4000,1,1,2,1,1,1,3,1,3,2
SF,IH2007,2020-05-29 09:31:33.000,2720.4000,5211,0,67779960.000,0,-,-,-,-,2719.2000,2719.0000,2718.0000,2717.6000,2715.0000,2722.6000,2722.8000,2723.0000,2723.6000,2723.8000,1,1,2,1,1,3,1,6,2,2
SF,IH2007,2020-05-29 09:31:33.500,2720.4000,5211,0,67779960.000,0,-,-,-,-,2719.2000,2719.0000,2718.0000,2717.6000,2715.0000,2722.6000,2722.8000,2723.0000,2723.6000,2723.8000,1,1,2,1,1,3,1,6,2,1
SF,IH2007,2020-05-29 09:31:34.000,2720.4000,5211,0,67779960.000,0,-,-,-,-,2719.2000,2719.0000,2718.0000,2717.6000,2715.0000,2722.6000,2722.8000,2723.0000,2723.4000,2723.6000,1,1,2,1,1,1,1,4,1,1
SF,IH2007,2020-05-29 09:31:35.000,2720.4000,5211,0,67779960.000,0,-,-,-,-,2719.2000,2719.0000,2718.0000,2717.6000,2715.0000,2722.8000,2723.0000,2723.4000,2723.6000,2723.8000,1,1,2,1,1,1,4,1,1,1
SF,IH2007,2020-05-29 09:31:35.500,2720.4000,5211,0,67779960.000,0,-,-,-,-,2720.0000,2719.2000,2719.0000,2718.0000,2717.6000,2723.0000,2723.4000,2723.6000,2723.8000,2724.0000,1,1,1,2,1,4,1,1,1,2
SF,IH2007,2020-05-29 09:31:36.000,2720.4000,5211,0,67779960.000,0,-,-,-,-,2720.0000,2719.0000,2718.0000,2717.6000,2715.0000,2723.0000,2723.4000,2723.6000,2723.8000,2724.0000,1,1,2,1,1,4,1,1,1,2
SF,IH2007,2020-05-29 09:31:36.500,2720.4000,5211,0,67779960.000,0,-,-,-,-,2720.2000,2720.0000,2719.0000,2718.0000,2717.6000,2723.0000,2723.4000,2723.6000,2723.8000,2724.0000,2,1,1,2,1,4,1,1,2,2
SF,IH2007,2020-05-29 09:31:37.000,2720.4000,5211,0,67779960.000,0,-,-,-,-,2720.2000,2720.0000,2719.0000,2718.0000,2717.6000,2723.0000,2723.4000,2723.6000,2723.8000,2724.0000,2,1,1,2,1,4,1,1,2,2
SF,IH2007,2020-05-29 09:31:37.500,2723.0000,5210,-1,69413700.000,2,0,2,多平,S,2720.4000,2720.0000,2719.0000,2718.0000,2717.6000,2723.0000,2723.4000,2723.6000,2723.8000,2724.0000,1,1,1,2,1,3,1,1,2,2
SF,IH2007,2020-05-29 09:31:38.000,2720.4000,5209,-1,70229820.000,1,0,1,双平,S,2720.0000,2719.0000,2718.0000,2717.6000,2715.0000,2722.8000,2723.4000,2723.6000,2723.8000,2724.0000,1,1,2,1,1,1,1,1,2,5
SF,IH2007,2020-05-29 09:31:38.500,2720.4000,5209,0,70229820.000,0,-,-,-,-,2720.0000,2719.0000,2718.0000,2717.6000,2715.0000,2722.4000,2722.8000,2723.4000,2723.6000,2723.8000,1,1,2,1,1,1,1,1,1,2
SF,IH2007,2020-05-29 09:31:39.000,2720.4000,5209,0,70229820.000,0,-,-,-,-,2720.2000,2720.0000,2719.0000,2718.0000,2717.6000,2722.2000,2722.4000,2722.8000,2723.6000,2723.8000,2,1,1,2,1,1,1,1,1,2
SF,IH2007,2020-05-29 09:31:39.500,2722.2000,5208,-1,71046480.000,1,0,1,双平,S,2720.4000,2720.2000,2720.0000,2719.0000,2718.0000,2722.4000,2722.8000,2723.2000,2723.6000,2723.8000,1,2,1,1,2,1,1,3,1,2
SF,IH2007,2020-05-29 09:31:40.000,2722.2000,5208,0,71046480.000,0,-,-,-,-,2720.4000,2720.2000,2720.0000,2719.0000,2718.0000,2722.4000,2722.8000,2723.2000,2723.4000,2723.6000,1,2,1,1,2,1,1,3,1,1
SF,IH2007,2020-05-29 09:31:40.500,2722.2000,5208,0,71046480.000,0,-,-,-,-,2720.4000,2720.2000,2720.0000,2719.0000,2718.0000,2722.4000,2722.8000,2723.2000,2723.6000,2723.8000,1,2,1,1,2,1,1,3,1,2
SF,IH2007,2020-05-29 09:31:41.000,2722.2000,5208,0,71046480.000,0,-,-,-,-,2720.6000,2720.4000,2720.2000,2720.0000,2719.0000,2722.8000,2723.2000,2723.6000,2723.8000,2724.0000,1,1,1,1,1,1,3,1,2,1
SF,IH2007,2020-05-29 09:31:41.500,2722.2000,5208,0,71046480.000,0,-,-,-,-,2720.8000,2720.6000,2720.2000,2720.0000,2719.0000,2722.8000,2723.2000,2723.6000,2723.8000,2724.0000,1,1,1,1,1,1,3,1,2,1
SF,IH2007,2020-05-29 09:31:42.000,2722.2000,5208,0,71046480.000,0,-,-,-,-,2720.8000,2720.6000,2720.2000,2720.0000,2719.0000,2722.8000,2723.6000,2723.8000,2724.0000,2724.2000,1,1,1,1,1,1,1,5,1,1
SF,IH2007,2020-05-29 09:31:42.500,2722.2000,5208,0,71046480.000,0,-,-,-,-,2720.8000,2720.6000,2720.2000,2720.0000,2719.0000,2723.6000,2723.8000,2724.2000,2724.6000,2725.2000,1,1,1,1,1,2,5,1,1,3
SF,IH2007,2020-05-29 09:31:43.000,2722.2000,5208,0,71046480.000,0,-,-,-,-,2720.8000,2720.6000,2720.2000,2720.0000,2719.0000,2723.6000,2723.8000,2724.2000,2724.6000,2725.2000,1,1,1,1,1,2,6,1,1,3
SF,IH2007,2020-05-29 09:31:43.500,2722.2000,5208,0,71046480.000,0,-,-,-,-,2720.8000,2720.6000,2720.2000,2720.0000,2719.0000,2723.6000,2723.8000,2724.2000,2724.6000,2725.2000,1,1,1,1,1,2,5,1,1,3
SF,IH2007,2020-05-29 09:31:44.000,2722.2000,5208,0,71046480.000,0,-,-,-,-,2720.8000,2720.6000,2720.2000,2720.0000,2719.0000,2723.6000,2723.8000,2724.2000,2724.6000,2725.2000,1,1,1,1,1,1,4,1,1,3
SF,IH2007,2020-05-29 09:31:45.500,2722.2000,5208,0,71046480.000,0,-,-,-,-,2720.8000,2720.6000,2720.2000,2720.0000,2719.0000,2723.6000,2723.8000,2724.2000,2724.6000,2725.0000,1,1,1,1,1,1,4,1,1,1
SF,IH2007,2020-05-29 09:31:46.000,2722.2000,5208,0,71046480.000,0,-,-,-,-,2720.8000,2720.2000,2719.0000,2718.0000,2717.6000,2723.6000,2723.8000,2724.2000,2724.6000,2724.8000,1,1,1,2,1,1,4,1,2,1
SF,IH2007,2020-05-29 09:31:46.500,2722.2000,5208,0,71046480.000,0,-,-,-,-,2720.8000,2720.2000,2719.0000,2718.0000,2717.6000,2723.4000,2723.6000,2723.8000,2724.2000,2724.6000,1,1,1,2,1,1,1,4,1,2
SF,IH2007,2020-05-29 09:31:48.000,2722.2000,5208,0,71046480.000,0,-,-,-,-,2720.8000,2720.2000,2719.0000,2718.0000,2717.6000,2723.4000,2723.6000,2724.2000,2724.4000,2724.6000,1,1,1,2,1,1,1,1,3,2
SF,IH2007,2020-05-29 09:31:48.500,2722.2000,5208,0,71046480.000,0,-,-,-,-,2720.8000,2720.2000,2719.0000,2718.0000,2717.6000,2723.4000,2723.6000,2724.2000,2724.4000,2724.6000,1,1,1,2,1,1,1,1,3,2
SF,IH2007,2020-05-29 09:31:49.000,2722.2000,5208,0,71046480.000,0,-,-,-,-,2721.4000,2721.0000,2720.8000,2719.0000,2718.0000,2723.6000,2724.2000,2724.4000,2724.6000,2724.8000,1,1,1,1,2,1,1,3,1,2
SF,IH2007,2020-05-29 09:31:49.500,2722.2000,5208,0,71046480.000,0,-,-,-,-,2721.6000,2721.4000,2721.0000,2719.0000,2718.0000,2723.6000,2724.2000,2724.4000,2724.6000,2724.8000,1,1,1,1,2,1,1,3,1,2
SF,IH2007,2020-05-29 09:31:50.000,2722.2000,5208,0,71046480.000,0,-,-,-,-,2721.6000,2721.4000,2721.0000,2719.0000,2718.0000,2723.6000,2724.2000,2724.4000,2724.6000,2724.8000,1,1,1,1,2,1,1,3,2,1
SF,IH2007,2020-05-29 09:31:50.500,2722.2000,5208,0,71046480.000,0,-,-,-,-,2721.6000,2721.4000,2721.0000,2719.0000,2718.0000,2724.2000,2724.4000,2724.6000,2724.8000,2725.2000,1,1,1,1,2,1,4,2,1,1
SF,IH2007,2020-05-29 09:31:51.000,2722.2000,5208,0,71046480.000,0,-,-,-,-,2721.6000,2721.4000,2721.0000,2719.0000,2718.0000,2724.2000,2724.4000,2724.6000,2724.8000,2725.2000,1,1,1,1,2,1,4,1,1,1
SF,IH2007,2020-05-29 09:31:51.500,2722.2000,5208,0,71046480.000,0,-,-,-,-,2721.6000,2721.4000,2721.0000,2719.0000,2718.0000,2724.2000,2724.4000,2724.6000,2724.8000,2725.2000,1,1,1,1,2,1,4,1,1,1
SF,IH2007,2020-05-29 09:31:52.000,2722.2000,5208,0,71046480.000,0,-,-,-,-,2721.8000,2721.6000,2721.4000,2721.0000,2719.0000,2724.4000,2724.6000,2725.0000,2725.2000,2728.4000,2,1,1,1,1,1,1,3,1,5
SF,IH2007,2020-05-29 09:31:52.500,2722.2000,5208,0,71046480.000,0,-,-,-,-,2722.0000,2721.8000,2721.4000,2721.0000,2719.0000,2725.2000,2728.4000,2729.8000,2732.0000,2740.0000,1,2,1,1,1,1,5,1,1,1
SF,IH2007,2020-05-29 09:31:53.000,2722.2000,5208,0,71046480.000,0,-,-,-,-,2722.0000,2721.8000,2721.4000,2721.0000,2719.0000,2725.2000,2726.4000,2729.8000,2732.0000,2732.2000,2,2,1,1,1,1,3,1,1,5
SF,IH2007,2020-05-29 09:31:53.500,2722.2000,5208,0,71046480.000,0,-,-,-,-,2722.0000,2721.8000,2721.4000,2721.0000,2719.0000,2726.4000,2727.2000,2727.8000,2729.8000,2732.0000,3,2,1,1,1,3,1,1,1,1
SF,IH2007,2020-05-29 09:31:54.500,2722.2000,5208,0,71046480.000,0,-,-,-,-,2722.0000,2721.8000,2721.4000,2721.0000,2719.0000,2725.6000,2726.2000,2726.4000,2727.2000,2727.8000,3,2,1,1,1,1,1,3,1,1
SF,IH2007,2020-05-29 09:31:55.000,2722.2000,5208,0,71046480.000,0,-,-,-,-,2722.0000,2721.8000,2721.4000,2721.0000,2719.0000,2725.6000,2726.0000,2726.4000,2727.8000,2729.8000,3,2,1,1,1,1,1,3,1,1
SF,IH2007,2020-05-29 09:31:55.500,2722.2000,5208,0,71046480.000,0,-,-,-,-,2722.4000,2722.0000,2721.4000,2721.0000,2720.0000,2725.4000,2725.6000,2725.8000,2726.0000,2726.4000,1,3,1,1,1,1,1,1,1,3
SF,IH2007,2020-05-29 09:31:56.000,2722.2000,5208,0,71046480.000,0,-,-,-,-,2722.6000,2722.4000,2722.2000,2722.0000,2721.4000,2725.4000,2725.6000,2725.8000,2726.0000,2727.8000,1,1,2,2,1,1,1,1,4,1
SF,IH2007,2020-05-29 09:31:56.500,2722.2000,5208,0,71046480.000,0,-,-,-,-,2722.6000,2722.4000,2722.2000,2722.0000,2721.4000,2725.0000,2725.4000,2725.8000,2726.0000,2727.8000,1,1,2,2,1,2,1,1,4,1
SF,IH2007,2020-05-29 09:31:57.000,2722.2000,5208,0,71046480.000,0,-,-,-,-,2722.6000,2722.4000,2722.0000,2721.4000,2721.0000,2725.0000,2725.8000,2726.0000,2727.8000,2729.8000,1,1,2,1,1,2,1,4,1,1
SF,IH2007,2020-05-29 09:31:57.500,2722.2000,5208,0,71046480.000,0,-,-,-,-,2722.6000,2722.4000,2722.0000,2721.4000,2721.0000,2724.8000,2725.0000,2725.6000,2725.8000,2726.0000,1,1,1,1,1,1,1,1,1,4
SF,IH2007,2020-05-29 09:31:58.000,2722.2000,5208,0,71046480.000,0,-,-,-,-,2722.6000,2722.0000,2721.4000,2721.0000,2720.0000,2724.8000,2725.0000,2725.6000,2725.8000,2726.0000,1,1,1,1,1,1,1,1,1,4
SF,IH2007,2020-05-29 09:31:59.000,2722.2000,5208,0,71046480.000,0,-,-,-,-,2722.6000,2722.0000,2721.4000,2721.0000,2720.0000,2724.8000,2725.0000,2725.2000,2725.8000,2726.0000,1,1,1,1,1,1,1,1,1,4
SF,IH2007,2020-05-29 09:32:00.000,2722.2000,5208,0,71046480.000,0,-,-,-,-,2722.6000,2722.0000,2721.4000,2721.0000,2720.0000,2724.8000,2725.0000,2725.2000,2725.8000,2726.0000,1,1,1,1,1,1,1,1,1,5
SF,IH2007,2020-05-29 09:32:00.500,2722.2000,5208,0,71046480.000,0,-,-,-,-,2722.6000,2722.0000,2721.4000,2721.0000,2720.0000,2724.8000,2725.0000,2725.2000,2725.8000,2726.0000,1,1,1,1,1,1,1,1,1,5
SF,IH2007,2020-05-29 09:32:01.000,2722.2000,5208,0,71046480.000,0,-,-,-,-,2722.8000,2722.6000,2722.0000,2721.0000,2720.0000,2724.8000,2725.0000,2725.2000,2725.8000,2726.0000,1,1,1,1,1,1,1,1,1,5
SF,IH2007,2020-05-29 09:32:01.500,2722.2000,5208,0,71046480.000,0,-,-,-,-,2723.0000,2722.8000,2722.0000,2721.0000,2720.0000,2724.8000,2725.0000,2725.2000,2725.8000,2726.0000,1,1,1,1,1,1,1,1,1,5
SF,IH2007,2020-05-29 09:32:02.000,2722.2000,5208,0,71046480.000,0,-,-,-,-,2723.0000,2722.8000,2722.0000,2720.0000,2719.0000,2724.8000,2725.0000,2725.2000,2725.8000,2726.0000,1,1,1,1,1,1,1,1,1,5
SF,IH2007,2020-05-29 09:32:03.000,2723.0000,5207,-1,71863380.000,1,0,1,双平,S,2722.8000,2720.0000,2719.0000,2718.0000,2717.6000,2724.8000,2725.0000,2725.2000,2725.8000,2726.0000,1,1,1,1,1,1,1,1,1,5
SF,IH2007,2020-05-29 09:32:03.500,2723.0000,5207,0,71863380.000,0,-,-,-,-,2722.8000,2720.0000,2719.0000,2718.0000,2717.6000,2724.6000,2724.8000,2725.0000,2725.2000,2725.8000,1,1,1,1,1,2,1,1,1,1
SF,IH2007,2020-05-29 09:32:04.000,2723.0000,5207,0,71863380.000,0,-,-,-,-,2720.0000,2719.0000,2718.0000,2717.6000,2715.0000,2724.6000,2725.0000,2725.2000,2725.8000,2726.0000,1,1,1,1,1,2,1,1,1,5
SF,IH2007,2020-05-29 09:32:04.500,2723.0000,5207,0,71863380.000,0,-,-,-,-,2720.2000,2720.0000,2719.0000,2718.0000,2717.6000,2724.4000,2724.6000,2725.0000,2725.2000,2725.8000,3,1,1,1,1,1,2,1,1,1
SF,IH2007,2020-05-29 09:32:05.000,2723.0000,5207,0,71863380.000,0,-,-,-,-,2720.2000,2720.0000,2719.0000,2718.0000,2717.6000,2724.2000,2724.4000,2724.6000,2725.0000,2725.2000,3,1,1,1,1,1,1,2,1,1
SF,IH2007,2020-05-29 09:32:05.500,2723.0000,5207,0,71863380.000,0,-,-,-,-,2720.4000,2720.0000,2719.0000,2718.0000,2717.6000,2724.2000,2724.6000,2725.0000,2725.2000,2725.8000,2,1,1,1,1,1,2,1,1,1
SF,IH2007,2020-05-29 09:32:06.000,2723.0000,5207,0,71863380.000,0,-,-,-,-,2720.4000,2720.0000,2719.0000,2718.0000,2717.6000,2724.0000,2724.2000,2724.6000,2725.0000,2725.2000,2,1,1,1,1,1,1,1,1,1
SF,IH2007,2020-05-29 09:32:06.500,2723.0000,5207,0,71863380.000,0,-,-,-,-,2720.0000,2719.0000,2718.0000,2717.6000,2715.0000,2723.8000,2724.0000,2724.6000,2725.0000,2725.2000,1,1,1,1,1,1,1,1,1,1
SF,IH2007,2020-05-29 09:32:07.000,2723.0000,5207,0,71863380.000,0,-,-,-,-,2720.2000,2720.0000,2719.0000,2718.0000,2717.6000,2724.6000,2724.8000,2725.0000,2725.2000,2725.8000,1,1,1,1,1,1,3,1,1,1
SF,IH2007,2020-05-29 09:32:07.500,2723.0000,5207,0,71863380.000,0,-,-,-,-,2720.2000,2720.0000,2719.0000,2718.0000,2717.6000,2723.6000,2724.6000,2724.8000,2725.0000,2725.2000,2,1,1,1,1,1,1,3,1,1
SF,IH2007,2020-05-29 09:32:08.000,2723.0000,5207,0,71863380.000,0,-,-,-,-,2720.6000,2720.0000,2719.0000,2718.0000,2717.6000,2723.4000,2724.6000,2724.8000,2725.0000,2725.2000,1,1,1,1,1,1,1,3,1,1
SF,IH2007,2020-05-29 09:32:08.500,2723.0000,5207,0,71863380.000,0,-,-,-,-,2720.8000,2720.6000,2720.4000,2720.0000,2719.0000,2723.4000,2724.6000,2724.8000,2725.0000,2725.2000,2,1,2,1,1,1,1,3,1,1
SF,IH2007,2020-05-29 09:32:09.000,2723.0000,5207,0,71863380.000,0,-,-,-,-,2721.0000,2720.6000,2720.4000,2720.0000,2719.0000,2723.2000,2723.4000,2724.6000,2724.8000,2725.0000,1,1,2,1,1,1,1,1,3,1
SF,IH2007,2020-05-29 09:32:09.500,2723.0000,5207,0,71863380.000,0,-,-,-,-,2721.0000,2720.6000,2720.4000,2720.0000,2719.0000,2723.0000,2724.6000,2724.8000,2725.0000,2725.2000,1,1,2,1,1,1,1,3,1,1
SF,IH2007,2020-05-29 09:32:10.000,2723.0000,5206,-1,72680280.000,1,0,1,双平,S,2721.2000,2721.0000,2720.6000,2720.4000,2720.0000,2724.6000,2724.8000,2725.0000,2725.2000,2725.8000,2,1,1,2,1,1,3,1,1,1
SF,IH2007,2020-05-29 09:32:10.500,2723.0000,5206,0,72680280.000,0,-,-,-,-,2721.4000,2721.2000,2721.0000,2720.6000,2720.4000,2724.4000,2724.8000,2725.0000,2725.2000,2725.8000,1,3,1,1,2,1,3,1,1,1
SF,IH2007,2020-05-29 09:32:11.000,2723.0000,5206,0,72680280.000,0,-,-,-,-,2721.6000,2721.4000,2721.2000,2721.0000,2720.6000,2724.4000,2724.8000,2725.0000,2725.2000,2725.8000,1,1,2,1,1,1,3,1,1,1
SF,IH2007,2020-05-29 09:32:11.500,2723.0000,5206,0,72680280.000,0,-,-,-,-,2722.0000,2721.8000,2721.6000,2721.4000,2721.2000,2725.0000,2725.2000,2725.8000,2727.6000,2727.8000,2,2,3,1,1,1,1,1,1,6
SF,IH2007,2020-05-29 09:32:12.000,2723.0000,5206,0,72680280.000,0,-,-,-,-,2722.2000,2722.0000,2721.8000,2721.6000,2721.4000,2725.0000,2725.2000,2725.8000,2727.0000,2727.6000,1,2,2,2,1,1,1,1,1,1
SF,IH2007,2020-05-29 09:32:12.500,2723.0000,5206,0,72680280.000,0,-,-,-,-,2722.2000,2722.0000,2721.8000,2721.2000,2720.4000,2725.0000,2725.2000,2725.8000,2727.0000,2727.6000,1,2,1,1,2,1,1,1,1,1
SF,IH2007,2020-05-29 09:32:13.000,2723.0000,5206,0,72680280.000,0,-,-,-,-,2722.2000,2722.0000,2721.8000,2721.2000,2720.4000,2725.0000,2725.2000,2725.8000,2727.0000,2727.6000,1,2,1,1,2,1,1,1,1,1
SF,IH2007,2020-05-29 09:32:13.500,2723.0000,5206,0,72680280.000,0,-,-,-,-,2722.2000,2722.0000,2721.8000,2720.4000,2720.0000,2725.0000,2725.2000,2725.8000,2727.0000,2727.6000,1,2,1,2,1,1,1,1,1,1
SF,IH2007,2020-05-29 09:32:14.000,2723.0000,5206,0,72680280.000,0,-,-,-,-,2722.4000,2722.2000,2722.0000,2720.4000,2720.0000,2724.8000,2725.0000,2725.2000,2725.8000,2727.0000,1,1,1,2,1,1,1,1,1,1
SF,IH2007,2020-05-29 09:32:14.500,2723.0000,5206,0,72680280.000,0,-,-,-,-,2722.6000,2722.4000,2722.0000,2720.0000,2719.0000,2724.6000,2724.8000,2725.0000,2725.2000,2725.8000,1,1,1,1,1,1,1,1,1,1
SF,IH2007,2020-05-29 09:32:15.000,2723.0000,5206,0,72680280.000,0,-,-,-,-,2722.6000,2722.4000,2722.0000,2720.0000,2719.0000,2724.4000,2724.8000,2725.0000,2725.2000,2725.8000,1,1,1,1,1,1,1,1,2,1
SF,IH2007,2020-05-29 09:32:15.500,2723.0000,5206,0,72680280.000,0,-,-,-,-,2722.6000,2722.4000,2722.0000,2720.0000,2719.0000,2724.4000,2724.8000,2725.0000,2725.2000,2725.8000,1,1,1,1,1,1,2,1,2,1
SF,IH2007,2020-05-29 09:32:16.000,2723.0000,5206,0,72680280.000,0,-,-,-,-,2722.6000,2722.4000,2722.0000,2720.0000,2719.0000,2724.4000,2724.8000,2725.0000,2725.2000,2725.8000,1,1,1,1,1,1,1,1,2,1
SF,IH2007,2020-05-29 09:32:18.000,2723.0000,5206,0,72680280.000,0,-,-,-,-,2722.6000,2722.4000,2722.0000,2720.0000,2719.0000,2724.4000,2724.8000,2725.0000,2725.2000,2727.6000,1,1,1,1,1,1,1,1,2,1
SF,IH2007,2020-05-29 09:32:19.000,2723.0000,5206,0,72680280.000,0,-,-,-,-,2722.6000,2722.4000,2722.0000,2720.0000,2719.0000,2724.4000,2724.8000,2725.2000,2727.6000,2727.8000,1,1,1,1,1,1,1,2,1,6
SF,IH2007,2020-05-29 09:32:19.500,2723.0000,5206,0,72680280.000,0,-,-,-,-,2722.6000,2722.4000,2722.0000,2720.0000,2719.0000,2724.4000,2724.8000,2725.2000,2727.6000,2727.8000,1,1,1,1,1,1,1,1,1,6
SF,IH2007,2020-05-29 09:32:20.500,2723.0000,5206,0,72680280.000,0,-,-,-,-,2722.8000,2722.6000,2722.0000,2720.0000,2719.0000,2724.4000,2724.8000,2725.2000,2727.6000,2727.8000,1,1,1,1,1,1,1,1,1,6
SF,IH2007,2020-05-29 09:32:22.500,2723.0000,5206,0,72680280.000,0,-,-,-,-,2722.8000,2722.6000,2722.0000,2720.0000,2719.0000,2724.2000,2724.8000,2725.2000,2727.6000,2727.8000,1,1,1,1,1,1,1,1,1,6
SF,IH2007,2020-05-29 09:32:23.500,2723.0000,5206,0,72680280.000,0,-,-,-,-,2722.6000,2722.0000,2721.6000,2720.0000,2719.0000,2724.2000,2724.8000,2725.2000,2727.6000,2727.8000,1,1,1,1,1,1,1,1,1,6
SF,IH2007,2020-05-29 09:32:24.000,2723.0000,5206,0,72680280.000,0,-,-,-,-,2723.0000,2722.6000,2722.0000,2721.6000,2720.0000,2724.8000,2725.2000,2727.6000,2727.8000,2729.8000,1,1,1,1,1,1,1,1,6,1
SF,IH2007,2020-05-29 09:32:24.500,2723.0000,5206,0,72680280.000,0,-,-,-,-,2723.2000,2723.0000,2722.8000,2722.0000,2721.6000,2724.8000,2725.2000,2727.6000,2727.8000,2729.8000,1,1,1,1,1,1,1,1,6,1
SF,IH2007,2020-05-29 09:32:25.000,2723.0000,5206,0,72680280.000,0,-,-,-,-,2723.2000,2723.0000,2722.0000,2721.6000,2720.0000,2725.2000,2727.6000,2727.8000,2729.8000,2731.4000,1,1,1,1,1,1,1,6,1,3
SF,IH2007,2020-05-29 09:32:26.000,2723.0000,5206,0,72680280.000,0,-,-,-,-,2723.4000,2723.2000,2723.0000,2722.0000,2721.6000,2725.2000,2727.6000,2727.8000,2729.8000,2731.4000,1,1,1,1,1,1,1,6,1,3
SF,IH2007,2020-05-29 09:32:26.500,2723.0000,5206,0,72680280.000,0,-,-,-,-,2723.6000,2723.4000,2723.0000,2722.0000,2721.6000,2725.2000,2727.6000,2727.8000,2729.8000,2731.4000,1,2,1,1,1,1,1,6,1,3
SF,IH2007,2020-05-29 09:32:27.000,2725.2000,5205,-1,73497840.000,1,0,1,双平,S,2723.6000,2723.4000,2723.0000,2722.0000,2721.6000,2726.4000,2727.6000,2727.8000,2729.8000,2731.4000,1,2,1,1,1,1,1,6,1,3
SF,IH2007,2020-05-29 09:32:27.500,2725.2000,5205,0,73497840.000,0,-,-,-,-,2723.8000,2723.6000,2723.4000,2723.0000,2722.0000,2727.6000,2727.8000,2729.8000,2731.4000,2732.0000,2,1,2,1,1,1,6,1,3,1
SF,IH2007,2020-05-29 09:32:28.000,2725.2000,5205,0,73497840.000,0,-,-,-,-,2724.0000,2723.8000,2723.4000,2723.0000,2722.0000,2727.6000,2727.8000,2729.8000,2731.4000,2732.0000,1,2,2,1,1,1,6,1,3,1
SF,IH2007,2020-05-29 09:32:28.500,2725.2000,5205,0,73497840.000,0,-,-,-,-,2724.6000,2724.0000,2723.8000,2723.4000,2723.0000,2727.8000,2729.8000,2731.4000,2732.0000,2732.2000,1,1,1,2,1,6,1,3,1,5
SF,IH2007,2020-05-29 09:32:29.000,2725.2000,5205,0,73497840.000,0,-,-,-,-,2724.8000,2724.6000,2724.2000,2723.8000,2723.4000,2727.4000,2727.8000,2729.8000,2731.4000,2732.0000,1,1,1,1,2,1,6,1,3,1
SF,IH2007,2020-05-29 09:32:29.500,2725.2000,5205,0,73497840.000,0,-,-,-,-,2724.8000,2724.6000,2724.2000,2723.8000,2723.4000,2727.4000,2727.8000,2729.8000,2731.4000,2732.0000,1,1,1,1,2,1,3,1,3,4
SF,IH2007,2020-05-29 09:32:31.000,2725.2000,5205,0,73497840.000,0,-,-,-,-,2724.8000,2724.6000,2724.2000,2723.8000,2723.4000,2727.4000,2727.8000,2729.8000,2731.4000,2732.0000,1,1,1,1,2,1,2,1,3,4
SF,IH2007,2020-05-29 09:32:31.500,2725.2000,5205,0,73497840.000,0,-,-,-,-,2724.8000,2724.6000,2724.2000,2723.8000,2723.4000,2727.8000,2729.8000,2731.4000,2732.0000,2732.2000,1,1,1,1,2,2,1,3,4,5
SF,IH2007,2020-05-29 09:32:32.000,2725.2000,5205,0,73497840.000,0,-,-,-,-,2725.0000,2724.8000,2724.2000,2723.8000,2723.4000,2727.8000,2729.8000,2731.4000,2732.0000,2732.2000,1,1,1,1,1,2,1,3,4,5
SF,IH2007,2020-05-29 09:32:32.500,2725.2000,5205,0,73497840.000,0,-,-,-,-,2725.2000,2725.0000,2724.2000,2723.8000,2723.4000,2727.8000,2729.8000,2731.4000,2732.0000,2732.2000,1,2,1,1,1,2,1,3,4,5
SF,IH2007,2020-05-29 09:32:33.500,2725.2000,5205,0,73497840.000,0,-,-,-,-,2725.2000,2725.0000,2724.2000,2723.8000,2723.4000,2727.8000,2728.4000,2729.8000,2731.4000,2732.0000,1,1,1,1,1,2,1,1,3,4
SF,IH2007,2020-05-29 09:32:34.500,2725.2000,5205,0,73497840.000,0,-,-,-,-,2725.4000,2725.2000,2725.0000,2724.2000,2723.8000,2727.8000,2728.4000,2729.8000,2731.4000,2732.0000,1,1,1,1,1,2,1,1,3,4
SF,IH2007,2020-05-29 09:32:35.000,2725.2000,5205,0,73497840.000,0,-,-,-,-,2725.6000,2725.4000,2725.0000,2724.2000,2723.8000,2727.8000,2728.4000,2729.8000,2731.4000,2732.0000,2,1,1,1,1,2,1,1,3,4
SF,IH2007,2020-05-29 09:32:35.500,2727.8000,5204,-1,74316180.000,1,0,1,双平,S,2725.8000,2725.6000,2725.4000,2725.0000,2724.2000,2727.8000,2728.4000,2729.8000,2731.4000,2732.0000,2,2,1,1,1,1,1,1,3,4
SF,IH2007,2020-05-29 09:32:36.000,2727.8000,5203,-1,75134520.000,1,0,1,双平,S,2726.0000,2725.8000,2725.4000,2725.0000,2724.2000,2729.8000,2731.4000,2732.0000,2732.2000,2740.0000,2,2,1,1,1,1,3,4,5,1
SF,IH2007,2020-05-29 09:32:36.500,2727.8000,5203,0,75134520.000,0,-,-,-,-,2726.2000,2726.0000,2725.8000,2725.4000,2725.0000,2729.8000,2732.0000,2732.2000,2740.0000,2741.4000,1,2,2,1,1,1,4,5,1,1
SF,IH2007,2020-05-29 09:32:37.000,2727.8000,5203,0,75134520.000,0,-,-,-,-,2726.4000,2726.2000,2725.8000,2725.4000,2725.0000,2729.6000,2729.8000,2732.0000,2732.2000,2740.0000,1,1,2,1,1,3,1,1,5,1
SF,IH2007,2020-05-29 09:32:37.500,2727.8000,5203,0,75134520.000,0,-,-,-,-,2726.4000,2726.2000,2725.8000,2725.4000,2725.0000,2729.6000,2729.8000,2732.0000,2732.2000,2734.2000,1,1,2,1,1,3,1,1,5,3
SF,IH2007,2020-05-29 09:32:38.000,2727.8000,5203,0,75134520.000,0,-,-,-,-,2726.6000,2726.4000,2726.2000,2725.8000,2725.4000,2729.2000,2729.6000,2729.8000,2732.0000,2732.2000,2,1,1,2,1,1,3,1,1,5
SF,IH2007,2020-05-29 09:32:38.500,2727.8000,5203,0,75134520.000,0,-,-,-,-,2726.8000,2726.6000,2726.2000,2725.8000,2725.4000,2729.2000,2729.6000,2729.8000,2730.6000,2732.0000,1,2,1,2,1,1,1,1,1,1
SF,IH2007,2020-05-29 09:32:39.000,2727.8000,5203,0,75134520.000,0,-,-,-,-,2727.0000,2726.8000,2726.6000,2726.2000,2725.8000,2729.6000,2729.8000,2730.6000,2732.0000,2732.2000,1,1,2,1,2,1,1,1,1,5
SF,IH2007,2020-05-29 09:32:39.500,2727.8000,5203,0,75134520.000,0,-,-,-,-,2727.2000,2727.0000,2726.6000,2726.2000,2725.8000,2729.8000,2730.6000,2732.0000,2732.2000,2734.2000,1,1,2,1,2,1,1,1,5,3
SF,IH2007,2020-05-29 09:32:40.000,2727.8000,5203,0,75134520.000,0,-,-,-,-,2727.2000,2727.0000,2726.6000,2726.2000,2725.8000,2729.8000,2730.6000,2732.0000,2732.2000,2734.2000,1,1,2,1,2,1,1,1,5,3
SF,IH2007,2020-05-29 09:32:40.500,2727.8000,5203,0,75134520.000,0,-,-,-,-,2727.2000,2727.0000,2726.6000,2725.8000,2725.4000,2729.8000,2732.0000,2734.2000,2736.0000,2740.0000,1,1,2,2,1,1,1,3,5,1
SF,IH2007,2020-05-29 09:32:41.000,2727.8000,5203,0,75134520.000,0,-,-,-,-,2727.2000,2727.0000,2725.8000,2725.4000,2725.0000,2729.8000,2731.8000,2732.0000,2732.4000,2734.2000,1,1,2,1,1,1,1,1,1,3
SF,IH2007,2020-05-29 09:32:41.500,2727.8000,5203,0,75134520.000,0,-,-,-,-,2727.4000,2727.2000,2727.0000,2725.8000,2725.4000,2729.8000,2731.8000,2732.0000,2732.4000,2734.2000,1,1,1,2,1,1,1,1,1,3
SF,IH2007,2020-05-29 09:32:42.000,2727.8000,5203,0,75134520.000,0,-,-,-,-,2727.6000,2727.4000,2725.8000,2725.4000,2723.0000,2729.8000,2731.8000,2732.0000,2732.4000,2734.2000,2,1,2,1,1,1,1,1,1,3
SF,IH2007,2020-05-29 09:32:42.500,2727.8000,5203,0,75134520.000,0,-,-,-,-,2727.6000,2727.4000,2725.8000,2725.4000,2723.0000,2729.8000,2731.8000,2732.0000,2732.4000,2734.2000,2,1,2,1,1,1,1,1,1,3
SF,IH2007,2020-05-29 09:32:43.000,2727.8000,5203,0,75134520.000,0,-,-,-,-,2727.6000,2725.8000,2725.4000,2723.0000,2721.6000,2729.8000,2731.8000,2732.0000,2732.4000,2734.2000,2,2,1,1,1,1,1,1,1,3
SF,IH2007,2020-05-29 09:32:43.500,2727.8000,5203,0,75134520.000,0,-,-,-,-,2727.8000,2727.6000,2725.8000,2723.0000,2721.6000,2729.8000,2731.8000,2732.0000,2732.4000,2734.2000,1,2,2,1,1,1,1,1,1,3
SF,IH2007,2020-05-29 09:32:44.000,2727.8000,5203,0,75134520.000,0,-,-,-,-,2728.0000,2727.8000,2723.0000,2721.6000,2720.0000,2729.8000,2731.8000,2732.0000,2732.4000,2734.2000,2,1,1,1,1,1,1,1,1,3
SF,IH2007,2020-05-29 09:32:44.500,2727.8000,5203,0,75134520.000,0,-,-,-,-,2728.0000,2723.0000,2721.6000,2720.0000,2719.0000,2729.8000,2731.8000,2732.0000,2732.4000,2734.2000,2,1,1,1,1,1,1,1,1,3
SF,IH2007,2020-05-29 09:32:45.500,2727.8000,5202,-1,75952860.000,1,0,1,双平,S,2728.0000,2723.0000,2721.6000,2720.0000,2719.0000,2729.6000,2729.8000,2731.8000,2732.0000,2732.4000,1,1,1,1,1,1,1,1,1,1
SF,IH2007,2020-05-29 09:32:46.000,2727.8000,5202,0,75952860.000,0,-,-,-,-,2728.2000,2723.0000,2721.6000,2720.0000,2719.0000,2729.6000,2729.8000,2731.8000,2732.0000,2732.4000,2,1,1,1,1,1,1,1,1,1
SF,IH2007,2020-05-29 09:32:47.000,2729.6000,5202,0,76771740.000,1,0,1,多换,S,2728.2000,2723.0000,2721.6000,2720.0000,2719.0000,2729.8000,2731.8000,2732.0000,2732.4000,2734.2000,2,1,1,1,1,1,1,1,1,3
SF,IH2007,2020-05-29 09:32:47.500,2729.8000,5201,-1,77590680.000,1,0,1,双平,S,2728.4000,2728.2000,2723.0000,2721.6000,2720.0000,2731.8000,2732.0000,2732.4000,2734.2000,2736.0000,2,1,1,1,1,1,1,1,3,5
SF,IH2007,2020-05-29 09:32:48.000,2729.8000,5201,0,77590680.000,0,-,-,-,-,2728.6000,2728.4000,2723.0000,2721.6000,2720.0000,2730.0000,2732.0000,2732.4000,2734.2000,2736.0000,1,2,1,1,1,1,1,1,3,5
SF,IH2007,2020-05-29 09:32:48.500,2730.0000,5200,-1,78409680.000,1,0,1,双平,S,2728.6000,2728.4000,2723.0000,2721.6000,2720.0000,2732.0000,2734.2000,2736.0000,2740.0000,2741.4000,1,2,1,1,1,1,3,5,1,1
SF,IH2007,2020-05-29 09:32:49.500,2730.0000,5200,0,78409680.000,0,-,-,-,-,2728.6000,2728.4000,2723.0000,2721.6000,2720.0000,2732.0000,2734.2000,2736.0000,2738.2000,2740.0000,1,2,1,1,1,1,1,5,3,1
SF,IH2007,2020-05-29 09:32:50.500,2730.0000,5200,0,78409680.000,0,-,-,-,-,2728.6000,2728.4000,2723.0000,2721.6000,2720.0000,2732.0000,2734.2000,2738.2000,2739.8000,2740.0000,1,2,1,1,1,1,1,3,5,1
SF,IH2007,2020-05-29 09:32:51.000,2730.0000,5200,0,78409680.000,0,-,-,-,-,2728.8000,2728.6000,2728.4000,2723.0000,2721.6000,2732.0000,2734.2000,2735.0000,2738.2000,2739.8000,1,1,2,1,1,1,1,1,3,5
SF,IH2007,2020-05-29 09:32:51.500,2730.0000,5200,0,78409680.000,0,-,-,-,-,2729.0000,2728.8000,2728.4000,2723.0000,2721.6000,2732.0000,2734.2000,2735.0000,2738.2000,2739.8000,1,5,1,1,1,1,1,1,3,5
SF,IH2007,2020-05-29 09:32:52.500,2730.0000,5200,0,78409680.000,0,-,-,-,-,2729.2000,2729.0000,2728.8000,2728.4000,2723.0000,2732.0000,2734.2000,2735.0000,2738.2000,2739.8000,3,1,5,1,1,1,1,1,3,5
SF,IH2007,2020-05-29 09:32:53.000,2730.0000,5200,0,78409680.000,0,-,-,-,-,2729.4000,2729.2000,2728.8000,2728.4000,2726.0000,2732.0000,2734.2000,2735.0000,2738.2000,2739.8000,2,3,5,1,2,1,1,1,3,5
SF,IH2007,2020-05-29 09:32:53.500,2730.0000,5200,0,78409680.000,0,-,-,-,-,2729.8000,2729.6000,2729.4000,2729.2000,2728.8000,2732.0000,2734.2000,2735.0000,2738.2000,2739.8000,1,2,2,3,5,1,1,1,3,5
SF,IH2007,2020-05-29 09:32:54.000,2730.0000,5200,0,78409680.000,0,-,-,-,-,2730.0000,2729.8000,2729.6000,2729.2000,2728.8000,2732.0000,2734.2000,2735.0000,2738.2000,2739.8000,2,1,3,3,5,1,1,1,3,5
SF,IH2007,2020-05-29 09:32:54.500,2732.0000,5200,0,79229280.000,1,0,1,多换,S,2730.2000,2730.0000,2729.8000,2729.6000,2729.2000,2734.2000,2735.0000,2738.2000,2739.8000,2740.0000,1,2,1,1,3,1,1,3,5,1
SF,IH2007,2020-05-29 09:32:55.000,2732.0000,5200,0,79229280.000,0,-,-,-,-,2730.4000,2730.2000,2730.0000,2729.8000,2729.6000,2734.2000,2735.0000,2738.2000,2739.8000,2740.0000,1,1,1,1,1,1,1,3,5,1
SF,IH2007,2020-05-29 09:32:55.500,2732.0000,5200,0,79229280.000,0,-,-,-,-,2730.6000,2730.4000,2730.2000,2729.8000,2729.6000,2735.0000,2738.2000,2739.8000,2740.0000,2774.4000,1,1,1,1,1,1,3,5,1,1
SF,IH2007,2020-05-29 09:32:56.000,2732.0000,5200,0,79229280.000,0,-,-,-,-,2730.8000,2730.6000,2730.2000,2729.8000,2729.0000,2735.0000,2738.2000,2739.8000,2740.0000,2740.6000,1,1,1,1,1,1,3,5,1,3
SF,IH2007,2020-05-29 09:32:56.500,2732.0000,5200,0,79229280.000,0,-,-,-,-,2730.8000,2730.6000,2730.2000,2729.0000,2728.8000,2734.8000,2735.0000,2738.2000,2739.8000,2740.0000,1,1,1,1,2,2,1,3,5,1
SF,IH2007,2020-05-29 09:32:57.000,2730.8000,5200,0,80048520.000,1,0,1,多换,S,2730.6000,2730.2000,2729.0000,2726.0000,2723.0000,2734.0000,2734.8000,2735.0000,2736.2000,2738.2000,1,1,1,2,1,1,3,1,1,3
SF,IH2007,2020-05-29 09:32:57.500,2730.8000,5200,0,80048520.000,0,-,-,-,-,2730.2000,2729.0000,2726.0000,2723.0000,2721.6000,2733.8000,2734.0000,2734.4000,2734.8000,2735.0000,1,1,2,1,1,1,1,2,2,1
SF,IH2007,2020-05-29 09:32:58.000,2730.8000,5200,0,80048520.000,0,-,-,-,-,2730.2000,2729.0000,2726.0000,2723.0000,2721.6000,2733.4000,2733.8000,2734.0000,2734.4000,2734.8000,1,1,2,1,1,1,1,1,2,2
SF,IH2007,2020-05-29 09:32:58.500,2730.8000,5200,0,80048520.000,0,-,-,-,-,2729.0000,2726.0000,2723.0000,2721.6000,2720.0000,2733.2000,2733.4000,2734.0000,2734.4000,2734.8000,1,2,1,1,1,1,1,1,2,2
SF,IH2007,2020-05-29 09:32:59.000,2730.8000,5200,0,80048520.000,0,-,-,-,-,2729.2000,2729.0000,2726.0000,2723.0000,2721.6000,2729.4000,2733.2000,2733.4000,2734.0000,2734.4000,1,1,2,1,1,1,1,1,1,2
SF,IH2007,2020-05-29 09:32:59.500,2729.4000,5199,-1,80867340.000,1,0,1,双平,S,2729.2000,2729.0000,2726.0000,2723.0000,2721.6000,2733.2000,2733.4000,2734.0000,2734.4000,2736.2000,1,1,2,1,1,1,1,1,2,1
SF,IH2007,2020-05-29 09:33:00.000,2729.4000,5199,0,80867340.000,0,-,-,-,-,2729.0000,2726.0000,2723.0000,2721.6000,2720.0000,2732.2000,2733.2000,2733.4000,2734.4000,2736.2000,1,2,1,1,1,1,1,1,2,1
SF,IH2007,2020-05-29 09:33:00.500,2729.4000,5199,0,80867340.000,0,-,-,-,-,2729.0000,2726.0000,2723.0000,2721.6000,2720.0000,2732.0000,2732.2000,2732.6000,2733.4000,2734.4000,1,2,1,1,1,1,1,1,1,2
SF,IH2007,2020-05-29 09:33:01.000,2729.4000,5199,0,80867340.000,0,-,-,-,-,2729.2000,2729.0000,2726.0000,2723.0000,2721.6000,2732.0000,2732.6000,2732.8000,2734.4000,2736.2000,1,1,2,1,1,1,1,1,2,1
SF,IH2007,2020-05-29 09:33:01.500,2729.4000,5199,0,80867340.000,0,-,-,-,-,2729.4000,2729.2000,2729.0000,2726.0000,2723.0000,2732.6000,2732.8000,2734.4000,2736.2000,2738.2000,2,3,1,2,1,1,1,2,1,3
SF,IH2007,2020-05-29 09:33:02.000,2729.4000,5199,0,80867340.000,0,-,-,-,-,2729.6000,2729.4000,2729.2000,2729.0000,2726.0000,2732.6000,2732.8000,2733.4000,2734.4000,2736.2000,2,3,3,1,2,1,1,1,2,1
SF,IH2007,2020-05-29 09:33:03.000,2729.4000,5199,0,80867340.000,0,-,-,-,-,2729.8000,2729.6000,2729.4000,2729.2000,2729.0000,2732.6000,2732.8000,2733.4000,2734.4000,2736.2000,1,3,1,2,1,1,1,1,2,1
SF,IH2007,2020-05-29 09:33:03.500,2729.4000,5199,0,80867340.000,0,-,-,-,-,2729.8000,2729.6000,2729.2000,2729.0000,2726.0000,2732.2000,2732.6000,2732.8000,2733.4000,2734.4000,2,3,1,1,2,1,1,1,1,2
SF,IH2007,2020-05-29 09:33:04.000,2729.4000,5198,-1,81686160.000,1,0,1,双平,S,2729.8000,2729.6000,2729.0000,2726.0000,2723.0000,2732.2000,2732.6000,2732.8000,2733.4000,2734.4000,1,2,1,2,1,1,1,1,1,2
SF,IH2007,2020-05-29 09:33:04.500,2729.4000,5198,0,81686160.000,0,-,-,-,-,2729.8000,2729.6000,2729.0000,2726.0000,2723.0000,2732.0000,2732.2000,2732.6000,2732.8000,2733.4000,1,2,1,2,1,3,1,1,1,1
SF,IH2007,2020-05-29 09:33:05.000,2729.4000,5198,0,81686160.000,0,-,-,-,-,2729.6000,2729.0000,2726.0000,2723.0000,2721.6000,2732.0000,2732.6000,2732.8000,2733.4000,2734.4000,1,1,2,1,1,3,1,1,1,2
SF,IH2007,2020-05-29 09:33:05.500,2729.4000,5198,0,81686160.000,0,-,-,-,-,2729.6000,2729.0000,2726.0000,2723.0000,2721.6000,2731.8000,2732.0000,2732.6000,2732.8000,2733.4000,1,1,2,1,1,2,2,1,1,1
SF,IH2007,2020-05-29 09:33:06.000,2729.6000,5199,1,82505040.000,1,1,0,双开,S,2729.0000,2726.0000,2723.0000,2721.6000,2720.0000,2731.6000,2731.8000,2732.0000,2732.6000,2732.8000,1,2,1,1,1,1,2,1,1,1
SF,IH2007,2020-05-29 09:33:06.500,2729.6000,5199,0,82505040.000,0,-,-,-,-,2729.0000,2726.0000,2723.0000,2721.6000,2720.0000,2731.6000,2731.8000,2732.0000,2732.6000,2732.8000,1,2,1,1,1,1,2,1,1,1
SF,IH2007,2020-05-29 09:33:07.000,2729.6000,5199,0,82505040.000,0,-,-,-,-,2730.0000,2729.0000,2726.0000,2723.0000,2721.6000,2731.0000,2731.6000,2731.8000,2732.6000,2732.8000,1,1,2,1,1,1,1,2,1,1
SF,IH2007,2020-05-29 09:33:07.500,2730.0000,5199,0,84142980.000,2,1,1,多换,S,2729.0000,2726.0000,2723.0000,2721.6000,2720.0000,2731.0000,2731.6000,2731.8000,2732.6000,2732.8000,1,2,1,1,1,1,1,1,1,1
SF,IH2007,2020-05-29 09:33:08.000,2730.0000,5199,0,84142980.000,0,-,-,-,-,2729.0000,2726.0000,2723.0000,2721.6000,2720.0000,2730.8000,2731.0000,2731.8000,2732.8000,2733.4000,1,2,1,1,1,1,1,2,1,1
SF,IH2007,2020-05-29 09:33:08.500,2730.0000,5199,0,84142980.000,0,-,-,-,-,2729.2000,2729.0000,2726.0000,2723.0000,2721.6000,2730.8000,2731.0000,2731.8000,2732.8000,2733.4000,1,1,2,1,1,1,1,2,1,1
SF,IH2007,2020-05-29 09:33:09.000,2730.0000,5199,0,84142980.000,0,-,-,-,-,2729.2000,2729.0000,2726.0000,2723.0000,2721.6000,2730.8000,2731.0000,2731.8000,2732.8000,2733.4000,1,1,2,1,1,1,1,2,1,1
SF,IH2007,2020-05-29 09:33:09.500,2730.0000,5199,0,84142980.000,0,-,-,-,-,2729.2000,2729.0000,2726.0000,2723.0000,2721.6000,2730.8000,2731.0000,2731.8000,2732.8000,2733.4000,1,1,2,1,1,1,1,2,1,1
SF,IH2007,2020-05-29 09:33:10.000,2730.0000,5199,0,84142980.000,0,-,-,-,-,2729.4000,2729.2000,2729.0000,2726.0000,2723.0000,2730.8000,2731.0000,2731.8000,2732.8000,2733.4000,1,1,1,2,1,1,1,2,1,1
SF,IH2007,2020-05-29 09:33:10.500,2730.0000,5199,0,84142980.000,0,-,-,-,-,2729.8000,2729.4000,2729.0000,2726.0000,2723.0000,2730.8000,2731.0000,2731.8000,2732.8000,2733.4000,1,1,1,2,1,1,1,2,1,1
SF,IH2007,2020-05-29 09:33:11.000,2729.8000,5198,-1,84961920.000,1,0,1,双平,S,2729.4000,2729.0000,2726.0000,2723.0000,2721.6000,2731.8000,2732.8000,2733.4000,2734.4000,2736.2000,1,1,2,1,1,1,1,1,2,1
SF,IH2007,2020-05-29 09:33:11.500,2729.8000,5198,0,84961920.000,0,-,-,-,-,2729.0000,2726.0000,2723.0000,2721.6000,2720.0000,2731.6000,2731.8000,2732.8000,2733.4000,2734.4000,1,2,1,1,1,1,1,1,1,2
SF,IH2007,2020-05-29 09:33:12.000,2729.8000,5198,0,84961920.000,0,-,-,-,-,2729.0000,2726.0000,2723.0000,2721.6000,2720.0000,2731.6000,2733.4000,2734.4000,2736.2000,2738.2000,1,2,1,1,1,2,1,2,1,3
SF,IH2007,2020-05-29 09:33:12.500,2729.8000,5198,0,84961920.000,0,-,-,-,-,2729.0000,2726.0000,2723.0000,2721.6000,2720.0000,2731.6000,2733.4000,2734.4000,2736.2000,2738.2000,1,2,1,1,1,2,1,2,1,3
SF,IH2007,2020-05-29 09:33:13.000,2729.8000,5198,0,84961920.000,0,-,-,-,-,2729.0000,2726.0000,2723.0000,2721.6000,2720.0000,2731.2000,2731.6000,2733.0000,2733.4000,2734.4000,1,2,1,1,1,1,2,2,1,2
SF,IH2007,2020-05-29 09:33:13.500,2729.0000,5198,0,85780620.000,1,0,1,多换,S,2726.0000,2723.0000,2721.6000,2720.0000,2719.0000,2731.0000,2731.2000,2731.6000,2733.0000,2733.4000,2,1,1,1,1,1,2,1,2,1
SF,IH2007,2020-05-29 09:33:14.000,2729.0000,5198,0,85780620.000,0,-,-,-,-,2726.2000,2726.0000,2723.0000,2721.6000,2720.0000,2731.0000,2731.2000,2733.0000,2733.4000,2734.4000,2,2,1,1,1,1,1,2,1,2
SF,IH2007,2020-05-29 09:33:14.500,2729.0000,5198,0,85780620.000,0,-,-,-,-,2726.4000,2726.2000,2726.0000,2723.0000,2721.6000,2731.0000,2731.2000,2732.2000,2733.0000,2733.4000,1,8,2,1,1,1,1,1,2,1
SF,IH2007,2020-05-29 09:33:15.000,2729.0000,5198,0,85780620.000,0,-,-,-,-,2726.4000,2726.2000,2726.0000,2723.0000,2721.6000,2730.8000,2731.0000,2731.2000,2732.0000,2732.2000,1,2,2,1,1,1,1,1,3,1
SF,IH2007,2020-05-29 09:33:15.500,2729.0000,5198,0,85780620.000,0,-,-,-,-,2726.2000,2726.0000,2723.0000,2721.6000,2720.0000,2730.6000,2730.8000,2731.2000,2732.0000,2732.2000,2,2,1,1,1,1,2,1,3,1
SF,IH2007,2020-05-29 09:33:16.000,2729.0000,5198,0,85780620.000,0,-,-,-,-,2726.0000,2723.0000,2721.6000,2720.0000,2719.0000,2730.4000,2730.6000,2730.8000,2731.2000,2732.0000,2,1,1,1,1,2,1,1,1,3
SF,IH2007,2020-05-29 09:33:16.500,2729.0000,5198,0,85780620.000,0,-,-,-,-,2726.0000,2723.0000,2721.6000,2720.0000,2719.0000,2730.2000,2730.4000,2730.8000,2731.2000,2731.6000,2,1,1,1,1,1,2,1,1,2
SF,IH2007,2020-05-29 09:33:17.000,2729.0000,5198,0,85780620.000,0,-,-,-,-,2726.2000,2726.0000,2723.0000,2721.6000,2720.0000,2730.2000,2730.4000,2730.8000,2731.2000,2731.6000,1,2,1,1,1,1,2,1,1,2
SF,IH2007,2020-05-29 09:33:17.500,2730.0000,5198,0,86599620.000,1,0,1,多换,S,2726.6000,2726.2000,2726.0000,2723.0000,2721.6000,2730.0000,2730.2000,2730.4000,2730.8000,2731.2000,1,1,2,1,1,1,1,2,1,1
SF,IH2007,2020-05-29 09:33:18.000,2730.0000,5198,0,86599620.000,0,-,-,-,-,2726.6000,2726.0000,2723.0000,2721.6000,2720.0000,2729.8000,2730.0000,2730.4000,2730.8000,2731.2000,2,2,1,1,1,3,1,2,1,1
SF,IH2007,2020-05-29 09:33:18.500,2730.0000,5198,0,86599620.000,0,-,-,-,-,2726.6000,2726.0000,2723.0000,2721.6000,2720.0000,2729.8000,2730.0000,2730.4000,2730.8000,2731.2000,2,2,1,1,1,4,1,2,1,1
SF,IH2007,2020-05-29 09:33:19.000,2730.0000,5198,0,86599620.000,0,-,-,-,-,2726.8000,2726.0000,2723.0000,2721.6000,2720.0000,2729.4000,2729.6000,2729.8000,2730.4000,2731.2000,3,2,1,1,1,2,2,4,2,1
SF,IH2007,2020-05-29 09:33:19.500,2729.8000,5194,-4,89875380.000,4,0,4,双平,S,2726.8000,2726.0000,2723.0000,2721.6000,2720.0000,2729.2000,2729.4000,2729.6000,2729.8000,2731.2000,3,2,1,1,1,1,1,2,2,1
SF,IH2007,2020-05-29 09:33:20.000,2729.8000,5194,0,89875380.000,0,-,-,-,-,2727.0000,2726.8000,2726.0000,2723.0000,2721.6000,2729.4000,2729.6000,2729.8000,2731.2000,2731.6000,1,3,2,1,1,1,2,2,1,2
SF,IH2007,2020-05-29 09:33:20.500,2729.8000,5194,0,89875380.000,0,-,-,-,-,2728.6000,2727.2000,2726.8000,2726.0000,2723.0000,2729.6000,2729.8000,2731.2000,2731.6000,2732.2000,1,2,3,2,1,2,2,1,2,1
SF,IH2007,2020-05-29 09:33:21.000,2729.8000,5194,0,89875380.000,0,-,-,-,-,2728.6000,2727.2000,2726.0000,2723.0000,2721.6000,2729.8000,2731.2000,2731.6000,2732.2000,2733.4000,1,1,2,1,1,2,3,2,1,1
SF,IH2007,2020-05-29 09:33:21.500,2729.8000,5194,0,89875380.000,0,-,-,-,-,2728.6000,2727.2000,2726.2000,2726.0000,2723.0000,2729.8000,2731.2000,2731.6000,2732.2000,2733.4000,1,1,1,2,1,1,3,2,1,1
SF,IH2007,2020-05-29 09:33:22.000,2729.8000,5194,0,89875380.000,0,-,-,-,-,2728.6000,2727.2000,2726.2000,2726.0000,2723.0000,2730.8000,2731.2000,2731.4000,2731.6000,2732.2000,1,1,1,2,1,1,3,2,2,1
SF,IH2007,2020-05-29 09:33:22.500,2729.8000,5194,0,89875380.000,0,-,-,-,-,2726.2000,2726.0000,2723.0000,2721.6000,2720.0000,2730.8000,2731.2000,2731.4000,2731.6000,2732.2000,1,2,1,1,1,1,3,2,2,1
SF,IH2007,2020-05-29 09:33:23.000,2729.8000,5194,0,89875380.000,0,-,-,-,-,2728.4000,2726.4000,2726.2000,2726.0000,2723.0000,2730.8000,2731.2000,2731.4000,2732.2000,2733.4000,1,3,4,2,1,1,3,2,1,1
SF,IH2007,2020-05-29 09:33:23.500,2729.8000,5194,0,89875380.000,0,-,-,-,-,2728.4000,2726.4000,2726.2000,2726.0000,2723.0000,2730.4000,2730.6000,2730.8000,2732.2000,2733.4000,1,4,4,2,1,1,3,1,3,1
SF,IH2007,2020-05-29 09:33:24.000,2729.8000,5194,0,89875380.000,0,-,-,-,-,2728.4000,2726.4000,2726.2000,2726.0000,2723.0000,2730.4000,2730.6000,2730.8000,2731.2000,2732.2000,1,4,4,2,1,1,3,1,1,3
SF,IH2007,2020-05-29 09:33:24.500,2729.8000,5194,0,89875380.000,0,-,-,-,-,2728.4000,2726.4000,2726.2000,2726.0000,2723.0000,2730.4000,2730.6000,2730.8000,2731.2000,2732.2000,1,3,4,2,1,1,3,1,1,3
SF,IH2007,2020-05-29 09:33:25.000,2729.8000,5194,0,89875380.000,0,-,-,-,-,2728.6000,2728.4000,2726.4000,2726.2000,2726.0000,2730.2000,2730.4000,2730.6000,2730.8000,2731.2000,1,1,3,4,2,1,1,2,1,1
SF,IH2007,2020-05-29 09:33:25.500,2729.8000,5194,0,89875380.000,0,-,-,-,-,2728.6000,2728.4000,2726.4000,2726.2000,2726.0000,2730.0000,2730.2000,2730.4000,2730.6000,2730.8000,1,1,2,4,2,1,1,1,2,1
SF,IH2007,2020-05-29 09:33:26.000,2728.6000,5194,0,90693960.000,1,0,1,多换,S,2728.8000,2726.4000,2726.2000,2723.0000,2721.6000,2730.0000,2730.2000,2730.4000,2730.8000,2731.2000,1,2,4,1,1,1,3,1,1,1
SF,IH2007,2020-05-29 09:33:26.500,2728.6000,5194,0,91512540.000,1,0,1,多换,S,2726.4000,2726.2000,2723.0000,2721.6000,2720.0000,2728.6000,2728.8000,2730.2000,2730.4000,2730.8000,2,4,1,1,1,1,1,3,1,1
SF,IH2007,2020-05-29 09:33:27.000,2728.6000,5194,0,91512540.000,0,-,-,-,-,2726.2000,2723.0000,2721.6000,2720.0000,2719.0000,2728.6000,2728.8000,2730.2000,2730.4000,2730.8000,4,1,1,1,1,1,1,3,1,1
SF,IH2007,2020-05-29 09:33:27.500,2728.6000,5194,0,91512540.000,0,-,-,-,-,2727.2000,2726.6000,2726.4000,2726.2000,2723.0000,2728.4000,2728.6000,2728.8000,2730.2000,2730.4000,1,1,1,1,1,1,1,1,4,1
SF,IH2007,2020-05-29 09:33:28.000,2728.6000,5194,0,91512540.000,0,-,-,-,-,2727.2000,2726.6000,2726.2000,2723.0000,2721.6000,2728.6000,2728.8000,2730.2000,2730.4000,2730.8000,1,1,1,1,1,1,1,4,1,1
SF,IH2007,2020-05-29 09:33:28.500,2728.6000,5194,0,91512540.000,0,-,-,-,-,2727.2000,2726.2000,2723.0000,2721.6000,2720.0000,2728.6000,2728.8000,2729.6000,2730.2000,2730.8000,1,1,1,1,1,1,1,3,4,1
SF,IH2007,2020-05-29 09:33:29.000,2728.6000,5194,0,91512540.000,0,-,-,-,-,2727.2000,2726.2000,2723.0000,2721.6000,2720.0000,2728.6000,2728.8000,2729.6000,2730.2000,2730.6000,1,1,1,1,1,1,1,3,4,1
SF,IH2007,2020-05-29 09:33:29.500,2728.6000,5194,0,91512540.000,0,-,-,-,-,2727.2000,2726.2000,2725.0000,2723.0000,2721.6000,2728.6000,2728.8000,2729.6000,2730.2000,2730.6000,1,1,1,1,1,1,1,3,4,1
SF,IH2007,2020-05-29 09:33:30.000,2728.6000,5194,0,91512540.000,0,-,-,-,-,2726.2000,2725.0000,2723.0000,2721.6000,2720.0000,2728.6000,2728.8000,2729.6000,2730.2000,2730.6000,1,1,1,1,1,1,1,4,4,1
SF,IH2007,2020-05-29 09:33:30.500,2728.6000,5194,0,91512540.000,0,-,-,-,-,2727.4000,2726.4000,2726.2000,2725.0000,2723.0000,2728.4000,2728.6000,2728.8000,2729.6000,2730.2000,1,1,1,1,1,1,1,1,4,4
SF,IH2007,2020-05-29 09:33:31.000,2728.6000,5194,0,91512540.000,0,-,-,-,-,2727.4000,2727.0000,2726.2000,2725.0000,2723.0000,2728.6000,2728.8000,2729.6000,2730.2000,2730.6000,1,1,1,1,1,1,1,4,4,1
SF,IH2007,2020-05-29 09:33:31.500,2728.6000,5194,0,91512540.000,0,-,-,-,-,2727.4000,2727.0000,2726.2000,2725.0000,2723.0000,2728.6000,2728.8000,2729.6000,2730.2000,2730.6000,1,1,1,1,1,1,1,4,3,1
SF,IH2007,2020-05-29 09:33:32.000,2728.6000,5194,0,91512540.000,0,-,-,-,-,2727.4000,2727.0000,2726.2000,2725.0000,2723.0000,2728.6000,2728.8000,2729.6000,2730.2000,2730.6000,1,1,1,1,1,1,1,4,3,1
SF,IH2007,2020-05-29 09:33:32.500,2728.6000,5194,0,91512540.000,0,-,-,-,-,2727.6000,2727.4000,2726.2000,2725.0000,2723.0000,2728.6000,2728.8000,2729.6000,2730.2000,2730.6000,1,1,1,1,1,1,1,1,1,4
SF,IH2007,2020-05-29 09:33:33.000,2728.6000,5194,0,91512540.000,0,-,-,-,-,2727.6000,2727.4000,2726.2000,2725.0000,2723.0000,2728.6000,2728.8000,2729.6000,2730.2000,2730.6000,1,1,1,1,1,1,1,1,1,4
SF,IH2007,2020-05-29 09:33:33.500,2728.6000,5194,0,91512540.000,0,-,-,-,-,2727.4000,2726.2000,2725.0000,2723.0000,2721.6000,2728.6000,2728.8000,2729.6000,2730.2000,2730.6000,1,1,1,1,1,1,1,1,1,4
SF,IH2007,2020-05-29 09:33:34.500,2728.6000,5194,0,91512540.000,0,-,-,-,-,2728.0000,2727.4000,2726.2000,2725.0000,2723.0000,2728.6000,2728.8000,2729.6000,2730.2000,2730.6000,1,1,1,1,1,1,1,1,1,4
SF,IH2007,2020-05-29 09:33:35.000,2728.6000,5194,0,91512540.000,0,-,-,-,-,2728.0000,2727.4000,2726.2000,2725.0000,2723.0000,2728.6000,2728.8000,2729.6000,2730.0000,2730.2000,1,1,1,1,1,1,1,1,1,1
SF,IH2007,2020-05-29 09:33:35.500,2728.0000,5194,0,92330940.000,1,0,1,多换,S,2726.2000,2725.0000,2723.0000,2721.6000,2720.0000,2728.0000,2728.6000,2728.8000,2729.6000,2730.0000,1,1,1,1,1,1,1,1,1,1
SF,IH2007,2020-05-29 09:33:36.000,2728.0000,5194,0,92330940.000,0,-,-,-,-,2726.4000,2726.2000,2725.0000,2723.0000,2721.6000,2728.0000,2728.6000,2728.8000,2729.6000,2730.0000,1,1,1,1,1,2,1,1,1,1
SF,IH2007,2020-05-29 09:33:36.500,2728.0000,5194,0,92330940.000,0,-,-,-,-,2726.6000,2726.4000,2726.2000,2725.0000,2723.0000,2728.0000,2728.6000,2728.8000,2729.6000,2730.0000,1,1,1,1,1,2,1,1,1,2
SF,IH2007,2020-05-29 09:33:37.000,2728.0000,5194,0,92330940.000,0,-,-,-,-,2726.8000,2726.6000,2726.4000,2725.0000,2723.0000,2728.0000,2728.6000,2728.8000,2729.6000,2730.0000,1,1,1,1,1,2,1,1,1,2
SF,IH2007,2020-05-29 09:33:37.500,2728.0000,5194,0,92330940.000,0,-,-,-,-,2726.8000,2726.4000,2725.0000,2723.0000,2721.6000,2728.0000,2728.6000,2728.8000,2729.6000,2730.0000,1,1,1,1,1,2,1,1,1,2
SF,IH2007,2020-05-29 09:33:38.000,2728.0000,5194,0,93149340.000,1,0,1,多换,S,2726.8000,2726.4000,2725.0000,2723.0000,2721.6000,2728.0000,2728.6000,2728.8000,2729.6000,2730.0000,1,1,1,1,1,1,1,1,1,2
SF,IH2007,2020-05-29 09:33:38.500,2728.0000,5193,-1,93967740.000,1,0,1,双平,S,2726.8000,2726.4000,2725.0000,2723.0000,2721.6000,2728.6000,2728.8000,2729.6000,2730.0000,2730.2000,1,1,1,1,1,1,1,1,2,1
SF,IH2007,2020-05-29 09:33:39.000,2728.0000,5193,0,93967740.000,0,-,-,-,-,2727.0000,2726.8000,2726.4000,2723.0000,2721.6000,2728.6000,2728.8000,2729.6000,2730.0000,2730.6000,1,1,1,1,1,1,1,1,2,3
SF,IH2007,2020-05-29 09:33:39.500,2728.0000,5193,0,93967740.000,0,-,-,-,-,2727.2000,2727.0000,2726.8000,2726.6000,2726.4000,2728.6000,2728.8000,2729.6000,2730.0000,2730.6000,2,1,1,1,1,1,1,1,2,3
SF,IH2007,2020-05-29 09:33:40.500,2728.0000,5193,0,93967740.000,0,-,-,-,-,2727.4000,2727.2000,2726.8000,2726.6000,2726.4000,2728.6000,2728.8000,2729.6000,2730.0000,2730.6000,1,2,1,1,1,1,1,1,2,3
SF,IH2007,2020-05-29 09:33:41.000,2728.0000,5193,0,93967740.000,0,-,-,-,-,2727.6000,2727.4000,2727.2000,2726.8000,2726.6000,2728.6000,2728.8000,2729.6000,2730.0000,2730.6000,1,1,1,1,1,1,1,1,2,3
SF,IH2007,2020-05-29 09:33:41.500,2728.0000,5193,0,93967740.000,0,-,-,-,-,2727.6000,2727.4000,2727.2000,2726.8000,2726.6000,2728.6000,2728.8000,2729.6000,2730.0000,2730.6000,1,1,1,1,1,1,1,1,1,3
SF,IH2007,2020-05-29 09:33:42.500,2728.0000,5193,0,93967740.000,0,-,-,-,-,2727.6000,2727.4000,2727.2000,2726.8000,2726.6000,2728.6000,2728.8000,2729.6000,2730.0000,2730.6000,1,1,1,1,1,1,1,1,1,3
SF,IH2007,2020-05-29 09:33:43.000,2728.0000,5193,0,93967740.000,0,-,-,-,-,2727.8000,2727.6000,2727.2000,2726.8000,2726.6000,2728.6000,2728.8000,2729.6000,2730.0000,2730.6000,1,1,1,1,1,1,1,1,1,3
SF,IH2007,2020-05-29 09:33:44.000,2728.6000,5192,-1,94786320.000,1,0,1,双平,S,2727.8000,2727.6000,2727.2000,2726.8000,2726.6000,2728.8000,2729.6000,2730.0000,2730.6000,2730.8000,1,1,1,1,1,1,1,1,3,1
SF,IH2007,2020-05-29 09:33:45.000,2728.6000,5192,0,94786320.000,0,-,-,-,-,2728.0000,2727.8000,2727.6000,2727.2000,2726.8000,2728.8000,2729.6000,2730.0000,2730.6000,2730.8000,1,1,1,1,1,1,1,1,3,1
SF,IH2007,2020-05-29 09:33:46.000,2728.0000,5192,0,95604720.000,1,0,1,多换,S,2727.8000,2727.6000,2727.2000,2726.8000,2726.6000,2728.8000,2729.6000,2730.0000,2730.6000,2730.8000,1,1,1,1,1,1,1,1,3,1
SF,IH2007,2020-05-29 09:33:46.500,2727.8000,5191,-1,96423060.000,1,0,1,双平,S,2727.6000,2727.2000,2726.8000,2726.6000,2726.4000,2728.8000,2729.6000,2730.0000,2730.6000,2730.8000,1,1,1,1,1,1,1,1,3,1
SF,IH2007,2020-05-29 09:33:47.000,2727.8000,5191,0,96423060.000,0,-,-,-,-,2728.0000,2727.6000,2727.2000,2726.8000,2726.6000,2728.8000,2729.6000,2730.0000,2730.6000,2730.8000,1,1,1,1,1,1,1,1,3,1
SF,IH2007,2020-05-29 09:33:47.500,2728.0000,5190,-1,97241460.000,1,0,1,双平,S,2727.6000,2727.2000,2726.8000,2726.6000,2726.4000,2728.8000,2729.6000,2730.0000,2730.6000,2730.8000,1,1,1,1,1,1,1,1,3,1
SF,IH2007,2020-05-29 09:33:48.000,2728.0000,5190,0,97241460.000,0,-,-,-,-,2727.6000,2727.2000,2726.8000,2726.6000,2726.4000,2728.0000,2728.8000,2729.6000,2730.0000,2730.6000,1,1,1,1,1,1,1,1,1,3
SF,IH2007,2020-05-29 09:33:48.500,2727.6000,5190,0,98059740.000,1,0,1,多换,S,2727.2000,2726.8000,2726.6000,2726.4000,2724.4000,2727.6000,2728.0000,2728.8000,2729.6000,2730.0000,1,1,1,1,2,1,1,1,1,1
SF,IH2007,2020-05-29 09:33:49.000,2727.6000,5190,0,98059740.000,0,-,-,-,-,2727.2000,2726.8000,2726.6000,2726.4000,2724.4000,2727.6000,2728.0000,2728.8000,2729.6000,2730.6000,1,1,1,1,2,1,1,1,1,3
SF,IH2007,2020-05-29 09:33:49.500,2727.6000,5190,0,98059740.000,0,-,-,-,-,2727.2000,2726.8000,2726.6000,2726.4000,2724.4000,2727.6000,2728.0000,2728.2000,2728.8000,2729.6000,1,1,1,1,2,1,1,1,1,1
SF,IH2007,2020-05-29 09:33:50.000,2727.6000,5190,0,98059740.000,0,-,-,-,-,2727.2000,2726.8000,2726.6000,2726.4000,2724.4000,2727.6000,2728.0000,2728.2000,2728.8000,2729.4000,1,1,1,1,2,1,1,1,1,1
SF,IH2007,2020-05-29 09:33:50.500,2727.6000,5190,0,98059740.000,0,-,-,-,-,2727.2000,2726.8000,2726.6000,2726.4000,2724.4000,2728.0000,2728.2000,2728.8000,2729.4000,2729.6000,1,1,1,1,2,1,1,1,1,1
SF,IH2007,2020-05-29 09:33:51.000,2727.6000,5190,0,98059740.000,0,-,-,-,-,2727.2000,2726.8000,2726.6000,2726.4000,2724.4000,2728.0000,2728.2000,2728.8000,2729.4000,2729.6000,1,1,1,1,2,1,1,1,1,1
SF,IH2007,2020-05-29 09:33:52.500,2727.6000,5190,0,98059740.000,0,-,-,-,-,2727.2000,2726.8000,2726.6000,2726.4000,2724.4000,2728.0000,2728.2000,2728.8000,2729.4000,2729.6000,1,1,1,1,2,1,1,1,1,1
SF,IH2007,2020-05-29 09:33:54.000,2727.2000,5190,0,98877900.000,1,0,1,多换,S,2726.8000,2726.6000,2726.4000,2724.4000,2723.0000,2728.0000,2728.2000,2728.8000,2729.4000,2729.6000,1,1,1,2,1,1,1,1,1,1
SF,IH2007,2020-05-29 09:33:57.000,2726.8000,5189,-1,99695940.000,1,0,1,双平,S,2726.6000,2726.4000,2724.4000,2723.0000,2721.6000,2728.0000,2728.2000,2728.8000,2729.4000,2729.6000,1,1,2,1,1,1,1,1,1,1
SF,IH2007,2020-05-29 09:33:57.500,2726.8000,5189,0,99695940.000,0,-,-,-,-,2726.6000,2724.4000,2723.0000,2721.6000,2720.0000,2728.0000,2728.2000,2728.8000,2729.4000,2729.6000,1,2,1,1,1,1,1,1,1,1
SF,IH2007,2020-05-29 09:33:58.000,2726.6000,5188,-1,100513920.000,1,0,1,双平,S,2724.4000,2723.0000,2721.6000,2720.0000,2719.0000,2726.6000,2727.8000,2728.0000,2728.2000,2728.8000,2,1,1,1,1,1,1,1,1,1
SF,IH2007,2020-05-29 09:33:58.500,2726.6000,5188,0,100513920.000,0,-,-,-,-,2724.4000,2723.0000,2721.6000,2720.0000,2719.0000,2726.4000,2726.6000,2727.8000,2728.0000,2728.2000,2,1,1,1,1,1,1,1,1,1
SF,IH2007,2020-05-29 09:33:59.000,2726.6000,5188,0,100513920.000,0,-,-,-,-,2724.6000,2724.4000,2723.0000,2721.6000,2720.0000,2726.4000,2726.6000,2728.0000,2728.2000,2729.6000,1,2,1,1,1,1,1,1,1,1
SF,IH2007,2020-05-29 09:33:59.500,2726.6000,5188,0,100513920.000,0,-,-,-,-,2724.6000,2724.4000,2723.0000,2721.6000,2720.0000,2726.4000,2726.6000,2728.0000,2728.2000,2729.0000,1,2,1,1,1,1,1,1,1,2
SF,IH2007,2020-05-29 09:34:00.000,2726.6000,5188,0,100513920.000,0,-,-,-,-,2724.6000,2724.4000,2723.0000,2721.6000,2720.0000,2726.2000,2726.4000,2726.6000,2728.0000,2728.2000,1,2,1,1,1,1,1,1,1,1
SF,IH2007,2020-05-29 09:34:01.000,2726.6000,5188,0,100513920.000,0,-,-,-,-,2724.4000,2723.0000,2721.6000,2720.0000,2719.0000,2726.0000,2726.2000,2726.4000,2726.6000,2728.0000,2,1,1,1,1,1,1,1,1,1
SF,IH2007,2020-05-29 09:34:01.500,2726.6000,5188,0,100513920.000,0,-,-,-,-,2724.4000,2723.0000,2721.6000,2720.0000,2719.0000,2725.8000,2726.0000,2726.2000,2726.4000,2726.6000,2,1,1,1,1,1,1,1,1,1
SF,IH2007,2020-05-29 09:34:02.000,2724.4000,5190,2,102148560.000,2,2,0,双开,S,2723.0000,2721.6000,2720.0000,2719.0000,2718.0000,2725.6000,2725.8000,2726.4000,2726.6000,2728.0000,1,1,1,1,1,1,1,1,1,1
SF,IH2007,2020-05-29 09:34:02.500,2724.4000,5190,0,102148560.000,0,-,-,-,-,2723.0000,2721.6000,2720.0000,2719.0000,2718.0000,2725.4000,2725.6000,2725.8000,2726.6000,2728.0000,1,1,1,1,1,1,1,1,1,1
SF,IH2007,2020-05-29 09:34:03.000,2724.4000,5190,0,102148560.000,0,-,-,-,-,2723.0000,2721.6000,2720.0000,2719.0000,2718.0000,2725.4000,2725.6000,2725.8000,2726.6000,2728.0000,1,1,1,1,1,2,1,1,1,1
SF,IH2007,2020-05-29 09:34:03.500,2724.4000,5190,0,102148560.000,0,-,-,-,-,2723.0000,2721.6000,2720.0000,2719.0000,2718.0000,2725.4000,2725.6000,2725.8000,2726.6000,2728.0000,1,1,1,1,1,2,1,1,1,1
SF,IH2007,2020-05-29 09:34:04.000,2724.4000,5190,0,102148560.000,0,-,-,-,-,2723.2000,2723.0000,2721.6000,2720.0000,2719.0000,2725.4000,2725.6000,2725.8000,2726.6000,2728.0000,1,1,1,1,1,2,1,1,1,1
SF,IH2007,2020-05-29 09:34:04.500,2725.4000,5189,-1,102966180.000,1,0,1,双平,S,2723.4000,2723.2000,2723.0000,2721.6000,2720.0000,2725.4000,2725.6000,2726.6000,2728.0000,2729.6000,1,1,1,1,1,1,1,1,1,3
SF,IH2007,2020-05-29 09:34:05.000,2725.4000,5189,0,102966180.000,0,-,-,-,-,2723.6000,2723.4000,2723.0000,2721.6000,2720.0000,2725.6000,2726.6000,2728.0000,2729.6000,2729.8000,1,1,1,1,1,1,1,1,3,1
SF,IH2007,2020-05-29 09:34:05.500,2725.4000,5189,0,102966180.000,0,-,-,-,-,2723.8000,2723.0000,2721.6000,2720.0000,2719.0000,2726.4000,2726.6000,2728.0000,2729.6000,2729.8000,2,1,1,1,1,1,1,1,3,1
SF,IH2007,2020-05-29 09:34:07.000,2725.4000,5189,0,102966180.000,0,-,-,-,-,2724.0000,2723.8000,2723.0000,2721.6000,2720.0000,2726.2000,2726.4000,2726.6000,2728.0000,2729.6000,3,2,1,1,1,1,1,1,1,3
SF,IH2007,2020-05-29 09:34:07.500,2725.4000,5189,0,102966180.000,0,-,-,-,-,2724.2000,2723.8000,2723.0000,2721.6000,2720.0000,2726.2000,2726.4000,2726.6000,2728.0000,2729.6000,1,1,1,1,1,1,1,1,1,3
SF,IH2007,2020-05-29 09:34:08.500,2725.4000,5189,0,102966180.000,0,-,-,-,-,2724.2000,2723.0000,2721.6000,2720.0000,2719.0000,2726.2000,2726.4000,2726.6000,2728.0000,2729.6000,1,1,1,1,1,1,1,1,1,3
SF,IH2007,2020-05-29 09:34:09.000,2725.4000,5189,0,102966180.000,0,-,-,-,-,2724.4000,2724.2000,2723.0000,2721.6000,2720.0000,2726.4000,2726.6000,2728.0000,2729.6000,2729.8000,1,1,1,1,1,1,1,1,3,1
SF,IH2007,2020-05-29 09:34:09.500,2725.4000,5189,0,102966180.000,0,-,-,-,-,2724.6000,2724.4000,2723.0000,2721.6000,2720.0000,2726.0000,2726.4000,2726.6000,2728.0000,2729.6000,1,1,1,1,1,1,1,1,1,3
SF,IH2007,2020-05-29 09:34:10.000,2725.4000,5189,0,102966180.000,0,-,-,-,-,2724.6000,2723.0000,2721.6000,2720.0000,2719.0000,2726.0000,2726.4000,2726.6000,2728.0000,2729.6000,1,1,1,1,1,1,1,1,1,3
SF,IH2007,2020-05-29 09:34:13.500,2725.4000,5189,0,102966180.000,0,-,-,-,-,2724.6000,2723.0000,2721.6000,2720.0000,2719.0000,2726.0000,2726.4000,2726.6000,2727.6000,2728.0000,1,1,1,1,1,1,1,1,1,1
SF,IH2007,2020-05-29 09:34:14.000,2725.4000,5189,0,102966180.000,0,-,-,-,-,2726.0000,2724.6000,2723.0000,2721.6000,2720.0000,2726.4000,2726.6000,2727.6000,2728.0000,2729.6000,1,1,1,1,1,1,1,1,2,3
SF,IH2007,2020-05-29 09:34:14.500,2725.4000,5189,0,102966180.000,0,-,-,-,-,2726.0000,2724.6000,2723.0000,2721.6000,2720.0000,2726.4000,2726.6000,2728.0000,2729.6000,2729.8000,1,2,1,1,1,1,1,2,3,1
SF,IH2007,2020-05-29 09:34:15.000,2725.4000,5189,0,102966180.000,0,-,-,-,-,2724.6000,2723.0000,2721.6000,2720.0000,2719.0000,2726.4000,2726.6000,2728.0000,2729.6000,2729.8000,2,1,1,1,1,1,1,2,1,1
SF,IH2007,2020-05-29 09:34:15.500,2725.4000,5189,0,102966180.000,0,-,-,-,-,2724.6000,2723.8000,2723.0000,2721.6000,2720.0000,2726.2000,2726.4000,2726.6000,2728.0000,2729.6000,2,1,1,1,1,1,1,1,2,1
SF,IH2007,2020-05-29 09:34:16.000,2725.4000,5189,0,102966180.000,0,-,-,-,-,2724.8000,2724.6000,2723.8000,2723.0000,2722.6000,2726.2000,2726.4000,2726.6000,2728.0000,2729.6000,1,2,1,1,1,1,1,1,2,1
SF,IH2007,2020-05-29 09:34:16.500,2725.4000,5189,0,102966180.000,0,-,-,-,-,2724.8000,2724.6000,2723.8000,2723.0000,2722.6000,2726.2000,2726.4000,2726.6000,2728.0000,2729.6000,1,2,1,1,1,1,1,1,2,1
SF,IH2007,2020-05-29 09:34:17.000,2725.4000,5189,0,102966180.000,0,-,-,-,-,2725.0000,2724.8000,2724.6000,2723.8000,2723.0000,2726.4000,2726.6000,2728.0000,2729.6000,2729.8000,1,1,2,1,1,1,1,2,1,1
SF,IH2007,2020-05-29 09:34:17.500,2725.4000,5189,0,102966180.000,0,-,-,-,-,2725.0000,2724.8000,2724.6000,2723.8000,2723.0000,2726.4000,2726.6000,2728.0000,2729.6000,2730.6000,1,1,2,1,1,1,1,2,1,3
SF,IH2007,2020-05-29 09:34:18.000,2725.4000,5189,0,102966180.000,0,-,-,-,-,2725.0000,2724.8000,2724.6000,2723.8000,2723.0000,2726.4000,2726.6000,2728.0000,2729.6000,2730.6000,1,1,2,1,1,1,1,2,1,3
SF,IH2007,2020-05-29 09:34:19.500,2726.4000,5188,-1,103784100.000,1,0,1,双平,S,2725.2000,2725.0000,2724.8000,2724.6000,2723.8000,2726.6000,2728.0000,2729.6000,2730.6000,2730.8000,1,1,1,2,1,1,2,1,3,1
SF,IH2007,2020-05-29 09:34:21.000,2726.4000,5188,0,103784100.000,0,-,-,-,-,2725.2000,2725.0000,2724.8000,2724.6000,2723.8000,2726.6000,2728.0000,2729.6000,2730.6000,2730.8000,1,1,1,3,1,1,2,1,3,1
SF,IH2007,2020-05-29 09:34:21.500,2726.4000,5188,0,103784100.000,0,-,-,-,-,2725.0000,2724.8000,2724.6000,2723.8000,2723.0000,2726.6000,2728.0000,2729.6000,2730.6000,2730.8000,1,1,3,1,1,1,2,1,3,1
SF,IH2007,2020-05-29 09:34:23.000,2726.4000,5188,0,103784100.000,0,-,-,-,-,2725.2000,2725.0000,2724.6000,2723.8000,2723.0000,2726.6000,2728.0000,2729.6000,2730.6000,2730.8000,1,1,3,1,1,1,2,1,3,1
SF,IH2007,2020-05-29 09:34:23.500,2726.6000,5188,0,104602080.000,1,0,1,多换,S,2725.2000,2725.0000,2724.6000,2723.8000,2723.0000,2728.0000,2729.6000,2730.6000,2730.8000,2732.2000,1,1,3,1,1,2,2,3,1,4
SF,IH2007,2020-05-29 09:34:24.000,2726.6000,5188,0,104602080.000,0,-,-,-,-,2725.4000,2725.0000,2724.6000,2723.8000,2723.0000,2728.0000,2729.6000,2730.6000,2730.8000,2732.2000,1,1,2,1,1,2,2,3,1,4
SF,IH2007,2020-05-29 09:34:25.000,2726.6000,5188,0,104602080.000,0,-,-,-,-,2725.4000,2725.0000,2724.6000,2723.8000,2723.0000,2728.0000,2729.6000,2730.6000,2732.2000,2733.4000,1,1,2,1,1,2,2,3,4,1
SF,IH2007,2020-05-29 09:34:27.000,2726.6000,5188,0,104602080.000,0,-,-,-,-,2725.6000,2725.4000,2725.0000,2724.6000,2723.8000,2728.0000,2729.6000,2730.6000,2732.2000,2733.4000,2,1,1,2,1,2,2,4,4,1
SF,IH2007,2020-05-29 09:34:27.500,2726.6000,5188,0,104602080.000,0,-,-,-,-,2725.8000,2725.6000,2725.0000,2724.6000,2723.8000,2728.0000,2729.6000,2730.6000,2732.2000,2733.4000,2,2,1,2,1,2,2,4,4,1
SF,IH2007,2020-05-29 09:34:28.000,2726.6000,5188,0,104602080.000,0,-,-,-,-,2725.8000,2725.6000,2725.0000,2724.6000,2723.8000,2728.0000,2729.6000,2730.6000,2732.2000,2733.4000,2,1,1,2,1,2,2,4,4,1
SF,IH2007,2020-05-29 09:34:29.000,2726.6000,5188,0,104602080.000,0,-,-,-,-,2725.8000,2725.6000,2725.0000,2724.6000,2723.8000,2728.0000,2729.6000,2730.6000,2732.0000,2732.2000,2,1,1,2,1,2,2,4,2,4
SF,IH2007,2020-05-29 09:34:29.500,2726.6000,5188,0,104602080.000,0,-,-,-,-,2725.8000,2725.6000,2725.0000,2724.6000,2723.8000,2727.8000,2728.0000,2729.6000,2730.6000,2732.0000,2,1,1,2,1,2,2,2,4,2
SF,IH2007,2020-05-29 09:34:30.000,2726.6000,5188,0,104602080.000,0,-,-,-,-,2725.8000,2725.6000,2725.0000,2724.6000,2723.8000,2727.6000,2727.8000,2728.0000,2729.6000,2730.6000,1,1,1,2,1,1,2,2,2,4
SF,IH2007,2020-05-29 09:34:30.500,2726.6000,5188,0,104602080.000,0,-,-,-,-,2725.8000,2725.0000,2724.6000,2723.8000,2723.0000,2727.4000,2727.6000,2727.8000,2728.0000,2729.6000,1,1,2,1,1,1,1,2,2,2
SF,IH2007,2020-05-29 09:34:31.000,2726.6000,5188,0,104602080.000,0,-,-,-,-,2725.8000,2725.0000,2724.6000,2723.8000,2723.0000,2727.2000,2727.4000,2727.8000,2728.0000,2729.6000,1,2,1,1,1,1,1,2,2,2
SF,IH2007,2020-05-29 09:34:31.500,2726.6000,5188,0,104602080.000,0,-,-,-,-,2725.8000,2725.0000,2724.6000,2723.8000,2723.0000,2727.2000,2727.4000,2728.0000,2729.6000,2730.6000,1,2,1,1,1,1,1,2,1,4
SF,IH2007,2020-05-29 09:34:32.000,2726.6000,5188,0,104602080.000,0,-,-,-,-,2725.8000,2725.0000,2724.6000,2723.8000,2723.0000,2727.0000,2727.2000,2727.4000,2728.0000,2729.6000,1,2,1,1,1,1,1,1,2,1
SF,IH2007,2020-05-29 09:34:32.500,2726.6000,5188,0,104602080.000,0,-,-,-,-,2725.0000,2724.6000,2723.8000,2723.0000,2721.6000,2727.0000,2727.4000,2728.0000,2729.6000,2730.6000,2,1,1,1,1,1,1,2,1,3
SF,IH2007,2020-05-29 09:34:33.000,2726.6000,5188,0,104602080.000,0,-,-,-,-,2725.2000,2725.0000,2724.6000,2723.8000,2723.0000,2727.0000,2727.4000,2728.0000,2729.6000,2730.6000,1,2,1,1,1,1,1,2,1,3
SF,IH2007,2020-05-29 09:34:33.500,2726.6000,5188,0,104602080.000,0,-,-,-,-,2725.2000,2725.0000,2724.6000,2723.8000,2723.0000,2727.0000,2727.4000,2728.0000,2729.6000,2730.6000,1,1,1,1,1,1,1,2,1,3
SF,IH2007,2020-05-29 09:34:34.500,2726.6000,5188,0,104602080.000,0,-,-,-,-,2725.2000,2725.0000,2724.6000,2723.8000,2723.0000,2727.4000,2728.0000,2729.6000,2730.6000,2732.0000,1,1,1,1,1,1,2,1,3,2
SF,IH2007,2020-05-29 09:34:35.000,2726.6000,5188,0,104602080.000,0,-,-,-,-,2727.0000,2725.2000,2725.0000,2724.6000,2723.8000,2727.4000,2728.0000,2729.6000,2730.6000,2732.2000,1,1,1,1,1,1,2,1,3,4
SF,IH2007,2020-05-29 09:34:35.500,2725.2000,5188,0,106237620.000,2,1,1,多换,S,2725.0000,2723.0000,2721.6000,2720.0000,2719.0000,2727.4000,2728.0000,2729.6000,2729.8000,2730.6000,1,1,1,1,1,1,2,1,2,3
SF,IH2007,2020-05-29 09:34:36.000,2725.2000,5188,0,106237620.000,0,-,-,-,-,2725.0000,2723.0000,2721.6000,2720.0000,2719.0000,2727.2000,2727.4000,2728.0000,2729.6000,2729.8000,1,1,1,1,1,1,1,2,1,2
SF,IH2007,2020-05-29 09:34:36.500,2725.2000,5188,0,106237620.000,0,-,-,-,-,2725.0000,2723.0000,2721.6000,2720.0000,2719.0000,2727.2000,2727.4000,2728.0000,2729.6000,2729.8000,1,1,1,1,1,2,1,2,1,2
SF,IH2007,2020-05-29 09:34:37.000,2725.2000,5188,0,106237620.000,0,-,-,-,-,2725.0000,2723.0000,2721.6000,2720.0000,2719.0000,2727.2000,2728.0000,2729.6000,2729.8000,2730.6000,1,1,1,1,1,2,2,1,2,5
SF,IH2007,2020-05-29 09:34:39.500,2725.2000,5188,0,106237620.000,0,-,-,-,-,2725.2000,2725.0000,2723.0000,2721.6000,2720.0000,2727.2000,2728.0000,2729.6000,2729.8000,2730.6000,1,1,1,1,1,2,2,1,2,5
SF,IH2007,2020-05-29 09:34:40.000,2725.2000,5188,0,106237620.000,0,-,-,-,-,2725.2000,2725.0000,2723.0000,2721.6000,2720.0000,2727.0000,2727.2000,2728.0000,2729.6000,2729.8000,1,1,1,1,1,1,2,2,1,2
SF,IH2007,2020-05-29 09:34:40.500,2725.2000,5188,0,106237620.000,0,-,-,-,-,2725.2000,2725.0000,2723.0000,2721.6000,2720.0000,2726.8000,2727.0000,2728.0000,2729.6000,2729.8000,2,1,1,1,1,1,1,2,1,2
SF,IH2007,2020-05-29 09:34:41.000,2725.2000,5188,0,106237620.000,0,-,-,-,-,2725.2000,2725.0000,2723.0000,2721.6000,2720.0000,2726.8000,2727.0000,2728.0000,2729.6000,2729.8000,2,1,1,1,1,1,1,2,1,2
SF,IH2007,2020-05-29 09:34:41.500,2725.2000,5188,0,106237620.000,0,-,-,-,-,2725.2000,2725.0000,2723.0000,2721.6000,2720.0000,2726.8000,2728.0000,2729.6000,2729.8000,2730.6000,1,1,1,1,1,1,2,1,2,5
SF,IH2007,2020-05-29 09:34:42.000,2725.2000,5188,0,106237620.000,0,-,-,-,-,2725.2000,2725.0000,2723.0000,2721.6000,2720.0000,2726.6000,2726.8000,2728.0000,2729.6000,2729.8000,1,1,1,1,1,1,1,2,1,2
SF,IH2007,2020-05-29 09:34:42.500,2725.2000,5188,0,106237620.000,0,-,-,-,-,2725.2000,2725.0000,2723.0000,2721.6000,2720.0000,2726.6000,2726.8000,2728.0000,2729.6000,2729.8000,1,1,1,1,1,2,1,2,1,2
SF,IH2007,2020-05-29 09:34:43.000,2725.2000,5188,0,106237620.000,0,-,-,-,-,2725.2000,2725.0000,2723.6000,2723.0000,2721.6000,2726.6000,2726.8000,2728.0000,2729.6000,2729.8000,1,1,2,1,1,2,1,2,1,2
SF,IH2007,2020-05-29 09:34:43.500,2725.2000,5187,-1,107055180.000,1,0,1,双平,S,2725.0000,2723.6000,2723.0000,2721.6000,2720.0000,2726.6000,2726.8000,2728.0000,2729.6000,2729.8000,1,2,1,1,1,2,1,2,1,2
SF,IH2007,2020-05-29 09:34:44.000,2725.2000,5186,-1,108690240.000,2,0,2,多平,S,2723.6000,2723.0000,2721.6000,2720.0000,2719.0000,2726.4000,2726.6000,2726.8000,2728.0000,2729.6000,2,1,1,1,1,1,1,1,2,1
SF,IH2007,2020-05-29 09:34:44.500,2725.2000,5186,0,108690240.000,0,-,-,-,-,2723.6000,2723.0000,2721.6000,2720.0000,2719.0000,2726.2000,2726.4000,2726.6000,2728.0000,2729.6000,2,1,1,1,1,2,1,1,2,1
SF,IH2007,2020-05-29 09:34:45.500,2725.2000,5186,0,108690240.000,0,-,-,-,-,2723.0000,2721.6000,2720.0000,2719.0000,2718.0000,2726.2000,2726.4000,2726.6000,2728.0000,2729.6000,1,1,1,1,1,2,1,1,2,1
SF,IH2007,2020-05-29 09:34:46.000,2725.2000,5186,0,108690240.000,0,-,-,-,-,2723.0000,2721.6000,2720.0000,2719.0000,2718.0000,2726.2000,2726.6000,2728.0000,2729.6000,2729.8000,1,1,1,1,1,2,1,2,1,2
SF,IH2007,2020-05-29 09:34:47.000,2725.2000,5186,0,108690240.000,0,-,-,-,-,2723.0000,2721.6000,2720.0000,2719.0000,2718.0000,2726.2000,2726.6000,2728.0000,2729.6000,2729.8000,1,1,1,1,1,2,1,2,1,2
SF,IH2007,2020-05-29 09:34:47.500,2725.2000,5186,0,108690240.000,0,-,-,-,-,2723.0000,2721.6000,2720.0000,2719.0000,2718.0000,2726.2000,2726.6000,2728.0000,2729.6000,2729.8000,1,1,1,1,1,2,1,2,1,2
SF,IH2007,2020-05-29 09:34:48.000,2725.2000,5186,0,108690240.000,0,-,-,-,-,2723.0000,2721.6000,2720.0000,2719.0000,2718.0000,2726.2000,2726.6000,2728.0000,2728.4000,2729.6000,1,1,1,1,1,3,1,2,5,1
SF,IH2007,2020-05-29 09:34:48.500,2725.2000,5186,0,108690240.000,0,-,-,-,-,2723.0000,2721.6000,2720.0000,2719.0000,2718.0000,2725.6000,2726.2000,2726.6000,2727.8000,2728.0000,1,1,1,1,1,1,3,1,1,2
SF,IH2007,2020-05-29 09:34:49.000,2725.2000,5186,0,108690240.000,0,-,-,-,-,2723.2000,2723.0000,2721.6000,2720.0000,2719.0000,2725.4000,2725.6000,2726.0000,2726.2000,2726.6000,1,1,1,1,1,2,1,2,2,1
SF,IH2007,2020-05-29 09:34:49.500,2725.2000,5186,0,108690240.000,0,-,-,-,-,2723.2000,2723.0000,2721.6000,2720.0000,2719.0000,2725.4000,2725.6000,2726.0000,2726.2000,2726.6000,1,1,1,1,1,3,2,2,2,1
SF,IH2007,2020-05-29 09:34:50.000,2725.2000,5186,0,108690240.000,0,-,-,-,-,2723.2000,2723.0000,2721.6000,2720.0000,2719.0000,2725.2000,2725.4000,2725.6000,2726.0000,2726.2000,1,1,1,1,1,2,3,1,2,2
SF,IH2007,2020-05-29 09:34:50.500,2725.2000,5186,0,108690240.000,0,-,-,-,-,2723.2000,2723.0000,2721.6000,2720.0000,2719.0000,2725.0000,2725.2000,2725.4000,2725.6000,2726.0000,1,1,1,1,1,5,2,2,1,2
SF,IH2007,2020-05-29 09:34:51.000,2725.2000,5186,0,108690240.000,0,-,-,-,-,2723.0000,2721.6000,2720.0000,2719.0000,2718.0000,2724.8000,2725.0000,2725.2000,2725.4000,2726.0000,1,1,1,1,1,1,5,1,2,2
SF,IH2007,2020-05-29 09:34:51.500,2723.0000,5186,0,109507140.000,1,0,1,多换,S,2721.6000,2720.0000,2719.0000,2718.0000,2713.6000,2724.6000,2724.8000,2725.0000,2725.4000,2726.0000,1,1,1,1,1,1,2,5,2,2
SF,IH2007,2020-05-29 09:34:52.000,2723.0000,5186,0,109507140.000,0,-,-,-,-,2721.6000,2720.0000,2719.0000,2718.0000,2713.6000,2723.0000,2724.4000,2724.6000,2724.8000,2725.0000,1,1,1,1,1,1,1,2,2,4
SF,IH2007,2020-05-29 09:34:52.500,2723.0000,5186,0,110324040.000,1,0,1,多换,S,2721.6000,2720.0000,2719.0000,2718.0000,2712.0000,2724.4000,2724.6000,2724.8000,2725.0000,2725.4000,1,1,1,1,1,1,2,2,3,1
SF,IH2007,2020-05-29 09:34:53.000,2723.0000,5186,0,110324040.000,0,-,-,-,-,2721.6000,2720.0000,2719.0000,2718.0000,2712.0000,2724.2000,2724.6000,2725.0000,2725.4000,2727.8000,1,1,1,1,1,1,1,2,1,1
SF,IH2007,2020-05-29 09:34:53.500,2723.0000,5186,0,110324040.000,0,-,-,-,-,2721.6000,2720.0000,2719.0000,2718.0000,2712.0000,2724.2000,2724.6000,2725.0000,2727.8000,2728.0000,1,1,1,1,1,1,1,1,1,1
SF,IH2007,2020-05-29 09:34:54.000,2723.0000,5186,0,110324040.000,0,-,-,-,-,2721.6000,2720.0000,2719.0000,2718.0000,2712.0000,2724.2000,2724.6000,2727.8000,2728.0000,2728.4000,1,1,1,1,1,1,1,1,1,5
SF,IH2007,2020-05-29 09:34:54.500,2723.0000,5186,0,110324040.000,0,-,-,-,-,2722.0000,2721.6000,2720.0000,2719.0000,2718.0000,2724.2000,2724.6000,2727.8000,2728.0000,2728.4000,1,1,1,1,1,1,1,1,1,5
SF,IH2007,2020-05-29 09:34:55.500,2723.0000,5186,0,110324040.000,0,-,-,-,-,2722.0000,2721.6000,2720.0000,2719.0000,2718.0000,2724.2000,2724.6000,2727.8000,2728.0000,2728.4000,1,1,1,1,1,1,1,1,1,5
SF,IH2007,2020-05-29 09:34:56.500,2723.0000,5186,0,110324040.000,0,-,-,-,-,2722.0000,2721.6000,2720.0000,2719.0000,2718.0000,2724.0000,2724.2000,2724.6000,2727.8000,2728.0000,1,1,1,1,1,1,1,1,1,1
SF,IH2007,2020-05-29 09:34:57.000,2723.0000,5186,0,110324040.000,0,-,-,-,-,2722.2000,2722.0000,2721.6000,2720.0000,2719.0000,2723.8000,2724.0000,2724.6000,2727.8000,2728.0000,1,1,1,1,1,1,1,1,1,1
SF,IH2007,2020-05-29 09:34:57.500,2723.0000,5186,0,110324040.000,0,-,-,-,-,2722.4000,2722.2000,2721.6000,2720.0000,2719.0000,2723.8000,2724.6000,2727.8000,2728.0000,2728.4000,1,1,1,1,1,1,1,1,1,5
SF,IH2007,2020-05-29 09:34:58.000,2723.0000,5186,0,110324040.000,0,-,-,-,-,2722.4000,2722.2000,2721.6000,2720.0000,2719.0000,2723.6000,2723.8000,2724.6000,2727.8000,2728.0000,1,1,1,1,1,1,1,1,1,1
SF,IH2007,2020-05-29 09:34:59.500,2723.0000,5186,0,110324040.000,0,-,-,-,-,2722.2000,2721.6000,2720.0000,2719.0000,2718.0000,2723.6000,2723.8000,2724.6000,2727.8000,2728.0000,1,1,1,1,1,1,1,1,1,1
SF,IH2007,2020-05-29 09:35:00.000,2723.0000,5186,0,110324040.000,0,-,-,-,-,2721.6000,2720.0000,2719.0000,2718.0000,2712.0000,2723.8000,2724.6000,2727.8000,2728.0000,2728.4000,1,1,1,1,1,1,1,1,1,5
