市场代码,合约代码,时间,最新,持仓,增仓,成交额,成交量,开仓,平仓,成交类型,方向,买一价,买二价,买三价,买四价,买五价,卖一价,卖二价,卖三价,卖四价,卖五价,买一量,买二量,买三量,买四量,买五量,卖一量,卖二量,卖三量,卖四量,卖五量
SF,IH2003,2020-01-22 09:29:00.400,3017.0000,22864,0,9051000.000,10.000,-,-,-,-,3017.0000,3015.0000,3012.2000,3012.0000,3011.4000,3018.0000,3020.0000,3020.6000,3022.4000,3023.2000,3,2,1,3,3,1,3,1,1,1
SF,IH2003,2020-01-22 09:30:00.400,3017.0000,22861,-3,19007160.000,11,4,7,多平,S,3015.0000,3014.8000,3012.0000,3011.4000,3011.2000,3017.0000,3017.4000,3017.8000,3018.0000,3020.0000,3,1,3,3,2,16,1,6,1,2
SF,IH2003,2020-01-22 09:30:00.900,3016.8000,22857,-4,25340460.000,7,1,6,多平,S,3015.0000,3014.8000,3014.2000,3012.0000,3011.4000,3017.0000,3017.4000,3017.8000,3018.0000,3020.0000,1,1,1,3,3,16,1,6,1,1
SF,IH2003,2020-01-22 09:30:01.400,3015.0000,22856,-1,27150000.000,2,0,2,多平,S,3014.8000,3014.2000,3012.0000,3011.4000,3011.2000,3016.0000,3016.8000,3017.0000,3017.4000,3018.0000,1,1,3,3,3,1,7,17,1,1
SF,IH2003,2020-01-22 09:30:01.900,3014.8000,22853,-3,30767820.000,4,0,4,多平,S,3014.2000,3012.0000,3011.4000,3011.2000,3011.0000,3015.0000,3016.0000,3016.4000,3016.8000,3017.0000,1,3,3,3,1,1,1,2,9,17
SF,IH2003,2020-01-22 09:30:02.400,3014.4000,22849,-4,36193920.000,6,1,5,多平,S,3014.2000,3012.0000,3011.4000,3011.2000,3011.0000,3016.0000,3016.4000,3016.8000,3017.0000,3017.4000,2,3,3,3,1,1,1,7,17,1
SF,IH2003,2020-01-22 09:30:02.900,3015.8000,22848,-1,37098660.000,1,0,1,双平,S,3014.4000,3014.2000,3012.0000,3011.4000,3011.2000,3015.8000,3016.0000,3016.4000,3016.8000,3017.0000,1,4,3,3,3,2,2,1,6,17
SF,IH2003,2020-01-22 09:30:03.400,3014.6000,22846,-2,38907780.000,2,0,2,双平,S,3014.4000,3014.2000,3012.0000,3011.4000,3011.2000,3015.8000,3016.0000,3016.4000,3016.8000,3017.0000,1,3,3,3,3,3,1,1,6,17
SF,IH2003,2020-01-22 09:30:03.900,3014.2000,22846,0,43429140.000,5,2,3,多换,S,3015.0000,3014.2000,3013.0000,3012.0000,3011.4000,3015.6000,3015.8000,3016.0000,3016.4000,3016.8000,4,2,1,3,3,1,3,1,1,6
SF,IH2003,2020-01-22 09:30:04.400,3014.2000,22849,3,48856080.000,6,4,2,空开,S,3014.2000,3013.0000,3012.0000,3011.4000,3011.2000,3015.8000,3016.0000,3016.4000,3016.8000,3017.0000,1,1,3,3,3,2,1,1,6,17
SF,IH2003,2020-01-22 09:30:04.900,3015.6000,22848,-1,49760760.000,1,0,1,双平,S,3014.2000,3013.0000,3012.8000,3012.0000,3011.4000,3015.6000,3015.8000,3016.0000,3016.4000,3016.8000,2,1,2,3,3,1,3,1,1,6
SF,IH2003,2020-01-22 09:30:05.400,3014.2000,22848,0,51569340.000,2,1,1,多换,S,3014.2000,3013.0000,3012.8000,3012.0000,3011.4000,3015.6000,3015.8000,3016.0000,3016.4000,3016.8000,1,1,2,3,3,1,1,1,1,4
SF,IH2003,2020-01-22 09:30:05.900,3015.6000,22847,-1,52474020.000,1,0,1,双平,S,3014.4000,3014.2000,3013.0000,3012.8000,3012.0000,3015.8000,3016.0000,3016.4000,3017.0000,3017.4000,2,1,1,2,3,1,1,1,18,1
SF,IH2003,2020-01-22 09:30:06.400,3016.0000,22846,-1,53378820.000,1,0,1,双平,S,3014.6000,3014.4000,3014.0000,3013.0000,3012.0000,3016.4000,3017.0000,3017.4000,3018.0000,3020.0000,1,11,2,1,3,1,18,1,1,1
SF,IH2003,2020-01-22 09:30:06.900,3014.8000,22846,0,54283260.000,1,0,1,多换,S,3014.8000,3014.6000,3014.4000,3014.2000,3014.0000,3016.2000,3016.4000,3017.0000,3017.4000,3018.0000,2,2,8,1,3,1,1,18,1,1
SF,IH2003,2020-01-22 09:30:07.400,3015.0000,22844,-2,57901680.000,4,1,3,多平,S,3014.8000,3014.6000,3014.2000,3014.0000,3013.0000,3017.0000,3017.4000,3018.0000,3020.0000,3023.4000,9,1,1,3,1,18,1,1,1,1
SF,IH2003,2020-01-22 09:30:07.900,3015.0000,22843,-1,58806180.000,1,0,1,双平,S,3015.8000,3015.6000,3015.0000,3014.8000,3014.6000,3016.8000,3017.0000,3017.4000,3018.0000,3020.0000,1,1,2,9,1,3,18,1,1,1
SF,IH2003,2020-01-22 09:30:08.400,3016.8000,22841,-2,60616200.000,2,0,2,双平,S,3015.8000,3015.6000,3015.0000,3014.8000,3014.6000,3017.0000,3017.4000,3018.0000,3020.0000,3023.4000,1,1,2,9,1,18,1,1,1,1
SF,IH2003,2020-01-22 09:30:08.900,3016.8000,22841,0,60616200.000,0,-,-,-,-,3016.4000,3016.0000,3015.8000,3015.6000,3015.0000,3017.0000,3017.4000,3018.0000,3018.2000,3020.0000,1,1,1,1,2,16,1,1,1,1
SF,IH2003,2020-01-22 09:30:09.400,3017.0000,22840,-1,63331320.000,3,1,2,多平,S,3016.0000,3015.8000,3015.6000,3015.0000,3014.8000,3017.0000,3017.4000,3018.0000,3018.2000,3020.0000,2,1,1,2,8,14,1,1,1,1
SF,IH2003,2020-01-22 09:30:09.900,3017.0000,22836,-4,66951240.000,4,0,4,双平,S,3016.2000,3016.0000,3015.8000,3015.6000,3015.0000,3017.0000,3017.4000,3018.0000,3018.2000,3020.0000,2,3,1,1,1,12,1,1,1,1
SF,IH2003,2020-01-22 09:30:10.400,3016.4000,22833,-3,74191140.000,8,2,6,多平,S,3016.4000,3016.2000,3016.0000,3015.8000,3015.6000,3017.0000,3017.4000,3018.2000,3020.0000,3023.4000,1,2,2,1,1,9,1,1,1,1
SF,IH2003,2020-01-22 09:30:10.900,3016.4000,22833,0,74191140.000,0,-,-,-,-,3016.6000,3016.4000,3016.2000,3016.0000,3015.8000,3017.0000,3017.4000,3018.2000,3020.0000,3023.4000,1,1,3,2,1,9,1,1,1,1
SF,IH2003,2020-01-22 09:30:11.400,3016.4000,22827,-6,81431460.000,8,1,7,多平,S,3016.4000,3016.2000,3016.0000,3015.8000,3015.6000,3017.0000,3017.4000,3018.2000,3018.6000,3020.0000,1,3,2,1,1,4,1,1,1,1
SF,IH2003,2020-01-22 09:30:11.900,3016.4000,22826,-1,82336380.000,1,0,1,双平,S,3016.6000,3016.4000,3016.2000,3016.0000,3015.8000,3017.0000,3017.4000,3018.2000,3018.6000,3020.0000,3,1,3,2,1,4,1,1,1,1
SF,IH2003,2020-01-22 09:30:12.400,3017.0000,22825,-1,85956780.000,4,1,3,多平,S,3017.0000,3016.6000,3016.2000,3016.0000,3015.8000,3017.4000,3018.2000,3018.6000,3020.0000,3023.4000,1,3,3,2,1,1,1,1,1,1
SF,IH2003,2020-01-22 09:30:12.900,3017.0000,22825,0,86861880.000,1,0,1,多换,S,3017.0000,3016.6000,3016.2000,3016.0000,3015.8000,3017.4000,3018.2000,3018.6000,3020.0000,3023.4000,1,3,3,2,1,1,1,1,1,1
SF,IH2003,2020-01-22 09:30:13.400,3017.0000,22825,0,86861880.000,0,-,-,-,-,3017.0000,3016.6000,3016.2000,3016.0000,3015.8000,3017.4000,3018.2000,3018.6000,3020.0000,3023.4000,1,3,3,2,1,1,1,1,1,1
SF,IH2003,2020-01-22 09:30:13.900,3017.0000,22823,-2,89577300.000,3,0,3,多平,S,3016.6000,3016.2000,3016.0000,3015.8000,3015.6000,3018.2000,3018.6000,3020.0000,3023.4000,3024.8000,3,3,2,1,1,1,1,1,1,5
SF,IH2003,2020-01-22 09:30:14.400,3017.0000,22822,-1,90482400.000,1,0,1,双平,S,3016.8000,3016.6000,3016.2000,3016.0000,3015.8000,3018.0000,3018.2000,3018.6000,3020.0000,3023.4000,1,3,3,2,1,4,2,1,1,1
SF,IH2003,2020-01-22 09:30:14.900,3016.8000,22821,-1,91387440.000,1,0,1,双平,S,3016.6000,3016.2000,3016.0000,3015.8000,3015.6000,3017.0000,3017.8000,3018.0000,3018.2000,3018.6000,3,3,2,1,1,1,1,3,1,1
SF,IH2003,2020-01-22 09:30:15.400,3016.8000,22821,0,91387440.000,0,-,-,-,-,3016.6000,3016.2000,3016.0000,3015.8000,3015.6000,3017.0000,3017.8000,3018.0000,3018.2000,3018.6000,3,2,2,1,1,1,1,5,1,1
SF,IH2003,2020-01-22 09:30:15.900,3016.6000,22820,-1,95007360.000,4,1,3,多平,S,3016.2000,3016.0000,3015.8000,3015.6000,3015.0000,3016.6000,3016.8000,3017.0000,3017.8000,3018.0000,1,1,1,1,2,1,1,1,1,3
SF,IH2003,2020-01-22 09:30:16.400,3016.6000,22820,0,95007360.000,0,-,-,-,-,3016.2000,3016.0000,3015.8000,3015.6000,3015.0000,3016.4000,3016.6000,3016.8000,3017.0000,3017.8000,1,1,1,1,2,1,1,1,1,1
SF,IH2003,2020-01-22 09:30:16.900,3016.6000,22820,0,95007360.000,0,-,-,-,-,3016.2000,3016.0000,3015.8000,3015.6000,3015.0000,3016.4000,3016.8000,3017.0000,3017.8000,3018.0000,2,1,1,1,2,1,1,1,1,2
SF,IH2003,2020-01-22 09:30:17.400,3016.6000,22819,-1,96817260.000,2,0,2,多平,S,3016.4000,3016.2000,3016.0000,3015.8000,3015.6000,3016.8000,3017.0000,3017.8000,3018.0000,3018.2000,3,2,1,1,1,1,1,1,2,1
SF,IH2003,2020-01-22 09:30:17.900,3016.8000,22818,-1,97722300.000,1,0,1,双平,S,3016.4000,3016.2000,3016.0000,3015.8000,3015.6000,3017.0000,3018.0000,3018.2000,3018.6000,3020.0000,3,2,1,1,1,1,2,1,1,1
SF,IH2003,2020-01-22 09:30:18.400,3016.8000,22818,0,97722300.000,0,-,-,-,-,3016.4000,3016.2000,3016.0000,3015.8000,3015.6000,3017.0000,3018.0000,3018.2000,3018.6000,3020.0000,3,2,1,2,1,1,2,1,1,1
SF,IH2003,2020-01-22 09:30:18.900,3016.6000,22818,0,98627280.000,1,0,1,多换,S,3016.4000,3016.2000,3016.0000,3015.8000,3015.6000,3016.6000,3017.0000,3018.0000,3018.2000,3018.6000,4,2,4,2,1,2,1,2,1,1
SF,IH2003,2020-01-22 09:30:19.400,3016.6000,22818,0,98627280.000,0,-,-,-,-,3016.4000,3016.2000,3016.0000,3015.8000,3015.6000,3016.6000,3017.0000,3018.0000,3018.2000,3018.6000,4,2,4,2,1,2,1,2,1,1
SF,IH2003,2020-01-22 09:30:19.900,3016.2000,22817,-1,102246900.000,4,1,3,多平,S,3016.2000,3016.0000,3015.8000,3015.6000,3015.0000,3016.6000,3017.0000,3018.0000,3018.2000,3018.6000,1,5,2,1,2,2,1,2,1,1
SF,IH2003,2020-01-22 09:30:20.400,3016.2000,22817,0,103151760.000,1,0,1,多换,S,3016.0000,3015.8000,3015.6000,3015.0000,3014.8000,3016.4000,3016.6000,3017.0000,3018.0000,3018.2000,5,2,1,2,8,1,2,1,2,1
SF,IH2003,2020-01-22 09:30:20.900,3016.4000,22816,-1,104056680.000,1,0,1,双平,S,3016.0000,3015.8000,3015.6000,3015.0000,3014.8000,3016.6000,3017.0000,3018.0000,3018.2000,3018.6000,5,2,1,2,4,2,1,2,1,1
SF,IH2003,2020-01-22 09:30:21.400,3016.4000,22816,0,104056680.000,0,-,-,-,-,3016.0000,3015.8000,3015.6000,3015.0000,3014.8000,3016.4000,3016.6000,3017.0000,3018.0000,3018.2000,4,2,1,2,4,1,2,1,2,1
SF,IH2003,2020-01-22 09:30:21.900,3016.4000,22815,-1,104961600.000,1,0,1,双平,S,3016.0000,3015.8000,3015.6000,3015.0000,3014.8000,3016.6000,3017.0000,3018.0000,3018.2000,3018.6000,4,2,1,2,4,2,1,2,1,1
SF,IH2003,2020-01-22 09:30:22.400,3016.4000,22815,0,104961600.000,0,-,-,-,-,3016.2000,3016.0000,3015.8000,3015.6000,3015.0000,3016.6000,3017.0000,3018.0000,3018.2000,3018.6000,1,4,2,1,2,2,1,2,1,1
SF,IH2003,2020-01-22 09:30:22.900,3016.4000,22815,0,104961600.000,0,-,-,-,-,3016.2000,3016.0000,3015.8000,3015.6000,3015.0000,3016.6000,3017.0000,3018.0000,3018.2000,3018.6000,1,4,2,1,2,2,1,2,1,1
SF,IH2003,2020-01-22 09:30:24.900,3016.2000,22814,-1,105866460.000,1,0,1,双平,S,3016.0000,3015.8000,3015.6000,3015.0000,3014.8000,3016.6000,3017.0000,3018.0000,3018.2000,3018.6000,4,2,1,2,4,2,1,2,1,1
SF,IH2003,2020-01-22 09:30:25.900,3016.6000,22814,0,107676420.000,2,1,1,多换,S,3016.6000,3016.0000,3015.8000,3015.6000,3015.0000,3017.0000,3018.0000,3018.2000,3018.6000,3019.6000,1,4,2,1,2,1,2,1,1,2
SF,IH2003,2020-01-22 09:30:26.400,3016.6000,22813,-1,109486380.000,2,0,2,多平,S,3016.0000,3015.8000,3015.6000,3015.0000,3014.8000,3016.4000,3016.8000,3017.0000,3018.0000,3018.2000,4,2,1,2,4,1,2,1,1,1
SF,IH2003,2020-01-22 09:30:26.900,3016.6000,22813,0,109486380.000,0,-,-,-,-,3016.0000,3015.8000,3015.6000,3015.0000,3014.8000,3016.4000,3016.6000,3016.8000,3017.0000,3018.0000,4,2,1,2,4,1,1,2,1,1
SF,IH2003,2020-01-22 09:30:27.400,3016.0000,22812,-1,110391180.000,1,0,1,双平,S,3016.0000,3015.8000,3015.6000,3015.0000,3014.8000,3016.4000,3016.6000,3016.8000,3017.0000,3018.0000,3,2,1,2,4,1,2,2,1,1
SF,IH2003,2020-01-22 09:30:27.900,3016.0000,22810,-2,112200780.000,2,0,2,双平,S,3016.0000,3015.8000,3015.6000,3015.0000,3014.8000,3016.4000,3016.6000,3016.8000,3017.0000,3018.0000,1,2,1,2,4,2,2,2,1,1
SF,IH2003,2020-01-22 09:30:28.400,3016.0000,22809,-1,113105580.000,1,0,1,双平,S,3015.8000,3015.6000,3015.0000,3014.8000,3014.6000,3016.4000,3016.6000,3016.8000,3017.0000,3018.0000,2,1,2,4,1,2,2,2,1,1
SF,IH2003,2020-01-22 09:30:28.900,3016.0000,22809,0,113105580.000,0,-,-,-,-,3015.8000,3015.6000,3015.0000,3014.8000,3014.6000,3016.0000,3016.4000,3016.6000,3016.8000,3017.0000,2,1,2,4,1,2,2,4,2,1
SF,IH2003,2020-01-22 09:30:29.400,3015.8000,22810,1,114010320.000,1,1,0,双开,S,3015.8000,3015.6000,3015.0000,3014.8000,3014.6000,3016.0000,3016.4000,3016.6000,3016.8000,3017.0000,1,1,2,3,1,3,1,2,2,1
SF,IH2003,2020-01-22 09:30:29.900,3016.4000,22809,-1,117629640.000,4,1,3,多平,S,3016.0000,3015.8000,3015.6000,3015.0000,3014.8000,3016.6000,3016.8000,3017.0000,3018.0000,3018.2000,1,1,1,2,3,2,2,1,1,1
SF,IH2003,2020-01-22 09:30:30.400,3016.4000,22809,0,117629640.000,0,-,-,-,-,3016.0000,3015.8000,3015.6000,3015.0000,3014.8000,3016.6000,3016.8000,3017.0000,3018.0000,3018.2000,3,1,1,2,3,2,1,1,1,1
SF,IH2003,2020-01-22 09:30:30.900,3016.8000,22808,-1,119439660.000,2,0,2,多平,S,3016.6000,3016.0000,3015.8000,3015.6000,3015.0000,3017.0000,3018.0000,3018.2000,3018.6000,3019.6000,1,3,1,1,2,1,1,1,1,2
SF,IH2003,2020-01-22 09:30:31.400,3016.6000,22807,-1,120344640.000,1,0,1,双平,S,3016.0000,3015.8000,3015.6000,3015.0000,3014.8000,3016.2000,3017.0000,3017.6000,3018.0000,3018.2000,4,1,1,2,3,1,1,1,1,1
SF,IH2003,2020-01-22 09:30:31.900,3016.0000,22800,-7,126678780.000,7,0,7,双平,S,3016.0000,3015.8000,3015.6000,3015.0000,3014.8000,3017.0000,3017.6000,3018.0000,3018.2000,3018.6000,3,1,1,2,3,1,1,1,1,1
SF,IH2003,2020-01-22 09:30:32.400,3016.0000,22800,0,126678780.000,0,-,-,-,-,3016.0000,3015.8000,3015.6000,3015.0000,3014.8000,3016.6000,3017.0000,3017.6000,3018.0000,3018.2000,3,1,1,2,3,1,2,3,1,1
SF,IH2003,2020-01-22 09:30:33.400,3016.0000,22799,-1,127583580.000,1,0,1,双平,S,3016.2000,3016.0000,3015.8000,3015.6000,3015.0000,3016.6000,3017.0000,3017.6000,3018.0000,3018.2000,1,2,1,1,2,1,2,3,1,1
SF,IH2003,2020-01-22 09:30:33.900,3015.8000,22797,-2,133917000.000,7,2,5,多平,S,3015.6000,3015.0000,3014.8000,3014.6000,3014.0000,3015.8000,3016.2000,3016.6000,3017.0000,3017.6000,1,2,3,1,1,4,1,1,2,1
SF,IH2003,2020-01-22 09:30:34.400,3016.2000,22793,-4,138440820.000,5,0,5,多平,S,3015.8000,3015.6000,3015.0000,3014.8000,3014.6000,3016.2000,3016.6000,3017.0000,3017.6000,3018.0000,1,1,2,3,1,1,1,2,1,1
SF,IH2003,2020-01-22 09:30:34.900,3016.6000,22793,0,142060620.000,4,2,2,多换,S,3015.8000,3015.6000,3015.0000,3014.8000,3014.6000,3017.0000,3017.6000,3018.0000,3018.2000,3018.6000,1,1,2,3,1,2,1,1,1,1
SF,IH2003,2020-01-22 09:30:35.400,3015.8000,22792,-1,142965360.000,1,0,1,双平,S,3015.8000,3015.6000,3015.0000,3014.8000,3014.6000,3016.6000,3017.0000,3017.6000,3018.0000,3018.2000,2,1,2,3,1,1,2,1,1,1
SF,IH2003,2020-01-22 09:30:35.900,3015.8000,22792,0,142965360.000,0,-,-,-,-,3015.8000,3015.6000,3015.0000,3014.8000,3014.6000,3016.6000,3017.0000,3017.6000,3018.0000,3018.2000,2,1,2,3,1,1,2,1,1,1
SF,IH2003,2020-01-22 09:30:36.400,3015.8000,22792,0,142965360.000,0,-,-,-,-,3015.8000,3015.6000,3015.0000,3014.8000,3014.6000,3016.6000,3017.0000,3017.6000,3018.0000,3018.2000,1,1,2,3,1,1,2,1,1,1
SF,IH2003,2020-01-22 09:30:36.900,3015.8000,22792,0,143870100.000,1,0,1,多换,S,3015.6000,3015.0000,3014.8000,3014.6000,3014.0000,3015.8000,3016.6000,3017.0000,3017.6000,3018.0000,1,2,3,1,1,1,2,2,1,1
SF,IH2003,2020-01-22 09:30:37.400,3015.8000,22792,0,143870100.000,0,-,-,-,-,3015.6000,3015.0000,3014.8000,3014.6000,3014.0000,3015.8000,3016.6000,3017.0000,3017.6000,3018.0000,1,2,3,1,1,2,2,2,1,1
SF,IH2003,2020-01-22 09:30:37.900,3016.6000,22790,-2,147489540.000,4,1,3,多平,S,3016.6000,3015.8000,3015.6000,3015.0000,3014.8000,3017.0000,3017.6000,3018.0000,3018.6000,3019.6000,1,1,1,2,3,3,1,1,1,2
SF,IH2003,2020-01-22 09:30:38.400,3016.6000,22790,0,148394520.000,1,0,1,多换,S,3015.8000,3015.6000,3015.0000,3014.8000,3014.6000,3016.4000,3016.6000,3017.0000,3017.6000,3018.0000,3,1,2,3,1,1,6,3,1,1
SF,IH2003,2020-01-22 09:30:38.900,3016.6000,22790,0,148394520.000,0,-,-,-,-,3015.8000,3015.6000,3015.0000,3014.8000,3014.6000,3016.4000,3016.6000,3016.8000,3017.0000,3017.6000,2,1,2,3,1,2,6,1,3,1
SF,IH2003,2020-01-22 09:30:39.400,3016.6000,22790,0,148394520.000,0,-,-,-,-,3015.8000,3015.6000,3015.0000,3014.8000,3014.6000,3016.4000,3016.6000,3016.8000,3017.0000,3017.6000,1,1,2,3,1,2,8,1,3,1
SF,IH2003,2020-01-22 09:30:39.900,3015.8000,22788,-2,150204000.000,2,0,2,双平,S,3015.6000,3015.0000,3014.8000,3014.6000,3014.0000,3016.4000,3016.6000,3016.8000,3017.0000,3017.6000,1,2,3,1,1,2,8,1,3,1
SF,IH2003,2020-01-22 09:30:40.400,3015.8000,22788,0,150204000.000,0,-,-,-,-,3015.6000,3015.0000,3014.8000,3014.6000,3014.0000,3016.4000,3016.6000,3016.8000,3017.0000,3017.6000,1,2,3,1,1,1,8,1,3,1
SF,IH2003,2020-01-22 09:30:40.900,3015.8000,22788,0,151108740.000,1,0,1,多换,S,3015.6000,3015.0000,3014.8000,3014.6000,3014.0000,3016.4000,3016.6000,3016.8000,3017.0000,3017.6000,1,2,3,1,1,1,8,1,3,1
SF,IH2003,2020-01-22 09:30:41.400,3015.6000,22787,-1,152013420.000,1,0,1,双平,S,3015.0000,3014.8000,3014.6000,3014.0000,3013.6000,3015.4000,3016.4000,3016.6000,3016.8000,3017.0000,2,3,1,1,1,10,1,8,1,3
SF,IH2003,2020-01-22 09:30:41.900,3015.4000,22777,-10,161059620.000,10,0,10,双平,S,3015.6000,3015.4000,3015.2000,3015.0000,3014.8000,3015.8000,3016.4000,3016.6000,3016.8000,3017.0000,2,1,3,2,3,1,1,7,1,3
SF,IH2003,2020-01-22 09:30:42.400,3015.4000,22777,0,161059620.000,0,-,-,-,-,3015.6000,3015.4000,3015.2000,3015.0000,3014.8000,3015.8000,3016.4000,3016.6000,3016.8000,3017.0000,1,1,1,2,3,1,1,7,1,3
SF,IH2003,2020-01-22 09:30:42.900,3015.6000,22777,0,161964300.000,1,0,1,多换,S,3015.4000,3015.2000,3015.0000,3014.8000,3014.6000,3015.6000,3015.8000,3016.4000,3016.6000,3016.8000,1,1,2,3,1,2,2,1,7,1
SF,IH2003,2020-01-22 09:30:43.400,3015.6000,22777,0,161964300.000,0,-,-,-,-,3015.6000,3015.4000,3015.2000,3015.0000,3014.8000,3015.8000,3016.4000,3016.6000,3016.8000,3017.0000,1,1,1,2,3,2,1,7,1,3
SF,IH2003,2020-01-22 09:30:43.900,3015.8000,22774,-3,166488000.000,5,1,4,多平,S,3015.8000,3015.6000,3015.4000,3015.2000,3015.0000,3016.4000,3016.6000,3016.8000,3017.0000,3017.6000,1,1,1,1,2,1,7,1,3,1
SF,IH2003,2020-01-22 09:30:44.400,3015.8000,22774,0,166488000.000,0,-,-,-,-,3015.8000,3015.6000,3015.4000,3015.2000,3015.0000,3016.4000,3016.6000,3016.8000,3017.0000,3017.6000,2,1,1,1,2,1,7,1,3,1
SF,IH2003,2020-01-22 09:30:44.900,3015.4000,22770,-4,170106780.000,4,0,4,双平,S,3015.2000,3015.0000,3014.8000,3014.6000,3014.0000,3015.4000,3016.0000,3016.4000,3016.6000,3016.8000,2,2,3,1,1,6,1,1,4,1
SF,IH2003,2020-01-22 09:30:45.400,3015.4000,22765,-5,175534500.000,6,0,6,多平,S,3015.6000,3015.2000,3015.0000,3014.8000,3014.6000,3016.0000,3016.4000,3016.6000,3016.8000,3017.0000,1,2,2,3,1,1,1,4,1,3
SF,IH2003,2020-01-22 09:30:45.900,3015.6000,22764,-1,176439180.000,1,0,1,双平,S,3015.2000,3015.0000,3014.8000,3014.6000,3014.0000,3015.4000,3015.6000,3016.0000,3016.4000,3016.6000,2,2,3,1,1,1,1,1,1,4
SF,IH2003,2020-01-22 09:30:46.400,3015.6000,22762,-2,178248540.000,2,0,2,双平,S,3015.6000,3015.2000,3015.0000,3014.8000,3014.6000,3016.0000,3016.4000,3016.6000,3016.8000,3017.0000,1,2,2,3,1,1,1,4,1,3
SF,IH2003,2020-01-22 09:30:46.900,3015.6000,22761,-1,179153220.000,1,0,1,双平,S,3015.0000,3014.8000,3014.6000,3014.0000,3013.6000,3016.0000,3016.4000,3016.6000,3016.8000,3017.0000,2,3,1,1,1,1,1,4,1,3
SF,IH2003,2020-01-22 09:30:47.400,3015.6000,22761,0,179153220.000,0,-,-,-,-,3015.0000,3014.8000,3014.0000,3013.6000,3013.0000,3015.4000,3016.0000,3016.4000,3016.6000,3016.8000,2,4,1,1,1,1,1,1,4,1
SF,IH2003,2020-01-22 09:30:47.900,3015.6000,22761,0,179153220.000,0,-,-,-,-,3015.0000,3014.8000,3014.0000,3013.6000,3013.0000,3015.4000,3015.6000,3016.0000,3016.4000,3016.6000,2,3,1,1,1,1,1,1,1,4
SF,IH2003,2020-01-22 09:30:48.400,3015.0000,22762,1,180057720.000,1,1,0,双开,S,3015.0000,3014.8000,3014.0000,3013.6000,3013.0000,3015.6000,3016.0000,3016.4000,3016.6000,3016.8000,1,3,1,1,1,1,1,1,4,1
SF,IH2003,2020-01-22 09:30:48.900,3015.0000,22762,0,180962220.000,1,0,1,多换,S,3014.8000,3014.0000,3013.6000,3013.0000,3012.0000,3015.0000,3015.6000,3015.8000,3016.0000,3016.4000,3,1,1,1,3,2,1,2,1,2
SF,IH2003,2020-01-22 09:30:49.400,3014.8000,22759,-3,184579980.000,4,0,4,多平,S,3014.0000,3013.6000,3013.0000,3012.0000,3011.2000,3014.6000,3014.8000,3015.0000,3015.6000,3016.0000,1,1,1,3,2,2,3,3,1,1
SF,IH2003,2020-01-22 09:30:49.900,3014.0000,22758,-1,186388380.000,2,0,2,多平,S,3014.2000,3013.6000,3013.0000,3012.0000,3011.2000,3014.6000,3014.8000,3015.0000,3015.6000,3016.0000,1,1,1,3,2,2,2,3,1,1
SF,IH2003,2020-01-22 09:30:50.400,3014.0000,22759,1,187292580.000,1,1,0,双开,S,3013.6000,3013.0000,3012.0000,3011.2000,3011.0000,3014.0000,3014.2000,3014.6000,3014.8000,3015.0000,1,1,3,2,1,1,2,2,2,3
SF,IH2003,2020-01-22 09:30:50.900,3013.8000,22759,0,192717360.000,6,3,3,多换,S,3013.0000,3012.0000,3011.2000,3011.0000,3010.2000,3013.8000,3014.0000,3014.6000,3014.8000,3015.0000,1,3,2,1,4,4,1,2,1,3
SF,IH2003,2020-01-22 09:30:51.400,3014.0000,22755,-4,197238120.000,5,0,5,多平,S,3014.0000,3013.8000,3013.6000,3013.2000,3013.0000,3014.6000,3014.8000,3015.0000,3015.6000,3016.0000,1,5,3,11,2,2,1,3,1,1
SF,IH2003,2020-01-22 09:30:51.900,3013.8000,22753,-2,199046460.000,2,0,2,双平,S,3013.8000,3013.6000,3013.2000,3013.0000,3012.2000,3014.0000,3014.6000,3014.8000,3015.0000,3015.6000,2,1,3,1,2,1,2,1,3,1
SF,IH2003,2020-01-22 09:30:52.400,3013.8000,22752,-1,201758880.000,3,1,2,多平,S,3013.2000,3013.0000,3012.0000,3011.2000,3011.0000,3013.8000,3014.0000,3014.6000,3014.8000,3015.0000,3,1,3,2,1,1,3,2,1,4
SF,IH2003,2020-01-22 09:30:52.900,3013.8000,22752,0,201758880.000,0,-,-,-,-,3013.2000,3013.0000,3012.0000,3011.2000,3011.0000,3013.8000,3014.0000,3014.6000,3014.8000,3015.0000,1,1,3,2,1,2,3,2,1,4
SF,IH2003,2020-01-22 09:30:53.400,3013.8000,22751,-1,202663020.000,1,0,1,双平,S,3013.2000,3013.0000,3012.0000,3011.2000,3011.0000,3013.8000,3014.0000,3014.6000,3014.8000,3015.0000,1,1,3,2,1,2,3,2,1,4
SF,IH2003,2020-01-22 09:30:53.900,3013.8000,22751,0,202663020.000,0,-,-,-,-,3013.2000,3013.0000,3012.0000,3011.2000,3011.0000,3013.8000,3014.0000,3014.6000,3014.8000,3015.0000,1,1,3,2,1,4,3,2,1,4
SF,IH2003,2020-01-22 09:30:54.400,3013.8000,22751,0,202663020.000,0,-,-,-,-,3013.2000,3013.0000,3012.0000,3011.2000,3011.0000,3013.8000,3014.0000,3014.6000,3014.8000,3015.0000,1,1,3,2,1,4,3,2,1,5
SF,IH2003,2020-01-22 09:30:54.900,3013.8000,22750,-1,204471300.000,2,0,2,多平,S,3013.2000,3013.0000,3012.0000,3011.2000,3011.0000,3013.8000,3014.0000,3014.6000,3014.8000,3015.0000,2,1,3,2,1,2,3,2,1,5
SF,IH2003,2020-01-22 09:30:55.400,3013.8000,22748,-2,206279580.000,2,0,2,双平,S,3013.4000,3013.2000,3013.0000,3012.0000,3011.2000,3013.8000,3014.0000,3014.6000,3014.8000,3015.0000,4,2,1,3,2,1,3,2,1,5
SF,IH2003,2020-01-22 09:30:55.900,3013.8000,22748,0,206279580.000,0,-,-,-,-,3013.4000,3013.2000,3013.0000,3012.0000,3011.2000,3013.8000,3014.0000,3014.6000,3014.8000,3015.0000,1,1,1,3,2,1,3,2,1,5
SF,IH2003,2020-01-22 09:30:56.400,3013.4000,22745,-3,208991640.000,3,0,3,双平,S,3013.2000,3013.0000,3012.0000,3011.2000,3011.0000,3013.8000,3014.0000,3014.6000,3014.8000,3015.0000,1,1,3,2,1,1,3,2,1,5
SF,IH2003,2020-01-22 09:30:56.900,3013.2000,22743,-2,210799740.000,2,0,2,双平,S,3013.0000,3012.0000,3011.2000,3011.0000,3010.2000,3013.2000,3014.0000,3014.2000,3014.6000,3014.8000,1,3,2,1,4,8,3,2,2,1
SF,IH2003,2020-01-22 09:30:57.400,3013.0000,22741,-2,214415340.000,4,1,3,多平,S,3012.0000,3011.2000,3011.0000,3010.2000,3010.0000,3013.2000,3014.0000,3014.6000,3014.8000,3015.0000,3,2,1,4,6,9,3,2,1,5
SF,IH2003,2020-01-22 09:30:57.900,3013.0000,22741,0,216223140.000,2,1,1,多换,S,3012.2000,3012.0000,3011.6000,3011.2000,3011.0000,3013.0000,3013.2000,3014.0000,3014.6000,3014.8000,10,4,2,2,1,2,9,3,2,1
SF,IH2003,2020-01-22 09:30:58.400,3012.2000,22741,0,217126800.000,1,0,1,多换,S,3012.2000,3012.0000,3011.2000,3011.0000,3010.2000,3013.0000,3013.2000,3014.0000,3014.6000,3014.8000,8,3,2,1,4,2,9,3,2,1
SF,IH2003,2020-01-22 09:30:58.900,3013.0000,22739,-2,219838020.000,3,0,3,多平,S,3012.6000,3012.2000,3012.0000,3011.2000,3011.0000,3013.0000,3013.2000,3014.0000,3014.6000,3014.8000,2,12,3,2,1,1,9,3,2,1
SF,IH2003,2020-01-22 09:30:59.400,3012.6000,22738,-1,220741800.000,1,0,1,双平,S,3012.2000,3012.0000,3011.2000,3011.0000,3010.2000,3012.6000,3013.0000,3013.2000,3014.0000,3014.6000,10,3,2,1,4,1,1,9,3,2
SF,IH2003,2020-01-22 09:30:59.900,3012.2000,22737,-1,221645460.000,1,0,1,双平,S,3012.6000,3012.4000,3012.2000,3012.0000,3011.2000,3013.0000,3013.2000,3014.0000,3014.6000,3014.8000,1,1,9,3,2,1,9,3,2,1
SF,IH2003,2020-01-22 09:31:00.400,3012.2000,22736,-1,222549120.000,1,0,1,双平,S,3012.2000,3012.0000,3011.2000,3011.0000,3010.2000,3012.6000,3013.0000,3013.2000,3014.0000,3014.6000,3,3,2,1,4,2,1,9,3,2
SF,IH2003,2020-01-22 09:31:00.900,3013.0000,22734,-2,225260520.000,3,0,3,多平,S,3012.2000,3012.0000,3011.6000,3011.2000,3011.0000,3013.2000,3014.0000,3014.6000,3014.8000,3015.0000,3,3,2,2,1,9,3,2,1,4
SF,IH2003,2020-01-22 09:31:01.400,3012.6000,22732,-2,227068080.000,2,0,2,双平,S,3012.4000,3012.2000,3012.0000,3011.2000,3011.0000,3013.2000,3014.0000,3014.6000,3014.8000,3015.0000,7,8,3,2,1,9,3,2,1,4
SF,IH2003,2020-01-22 09:31:01.900,3012.2000,22732,0,227971740.000,1,0,1,多换,S,3012.2000,3012.0000,3011.2000,3011.0000,3010.2000,3013.2000,3014.0000,3014.6000,3014.8000,3015.0000,6,3,2,1,4,9,3,2,1,4
SF,IH2003,2020-01-22 09:31:02.400,3012.4000,22730,-2,229779120.000,2,0,2,双平,S,3012.0000,3011.2000,3011.0000,3010.2000,3010.0000,3013.2000,3014.0000,3014.6000,3014.8000,3015.0000,3,2,1,4,7,10,3,2,1,4
SF,IH2003,2020-01-22 09:31:02.900,3012.4000,22730,0,229779120.000,0,-,-,-,-,3012.0000,3011.4000,3011.2000,3011.0000,3010.2000,3012.2000,3012.4000,3013.0000,3013.2000,3014.0000,3,2,2,1,4,1,1,1,10,3
SF,IH2003,2020-01-22 09:31:03.400,3012.0000,22728,-2,232490040.000,3,0,3,多平,S,3012.2000,3012.0000,3011.4000,3011.2000,3011.0000,3012.4000,3013.2000,3014.0000,3015.0000,3015.6000,1,2,2,2,1,1,10,3,4,1
SF,IH2003,2020-01-22 09:31:03.900,3011.4000,22730,2,243333660.000,12,7,5,空开,S,3012.0000,3011.4000,3011.2000,3011.0000,3010.2000,3012.8000,3013.0000,3013.2000,3014.0000,3015.0000,1,1,2,1,4,1,1,10,3,4
SF,IH2003,2020-01-22 09:31:04.400,3011.4000,22730,0,243333660.000,0,-,-,-,-,3012.4000,3012.0000,3011.4000,3011.2000,3011.0000,3012.8000,3013.0000,3013.2000,3014.0000,3015.0000,3,1,1,2,1,1,1,10,3,3
SF,IH2003,2020-01-22 09:31:04.900,3013.0000,22726,-4,248756580.000,6,1,5,多平,S,3012.0000,3011.4000,3011.2000,3011.0000,3010.2000,3013.2000,3014.0000,3015.0000,3015.6000,3016.4000,1,1,2,1,5,10,3,3,1,1
SF,IH2003,2020-01-22 09:31:05.400,3013.0000,22726,0,248756580.000,0,-,-,-,-,3012.0000,3011.4000,3011.2000,3011.0000,3010.2000,3012.2000,3013.2000,3014.0000,3015.0000,3015.6000,1,1,2,1,5,3,10,3,3,1
SF,IH2003,2020-01-22 09:31:05.900,3012.2000,22725,-1,260504160.000,13,6,7,多平,S,3012.2000,3012.0000,3011.4000,3011.2000,3011.0000,3013.0000,3013.2000,3013.4000,3014.0000,3015.0000,1,1,1,2,1,2,10,2,3,3
SF,IH2003,2020-01-22 09:31:06.400,3012.2000,22723,-2,262311720.000,2,0,2,双平,S,3012.2000,3012.0000,3011.4000,3011.2000,3011.0000,3013.0000,3013.2000,3014.0000,3015.0000,3015.6000,1,2,1,2,1,1,9,3,3,1
SF,IH2003,2020-01-22 09:31:06.900,3012.2000,22723,0,262311720.000,0,-,-,-,-,3012.2000,3012.0000,3011.4000,3011.2000,3011.0000,3013.0000,3013.2000,3014.0000,3015.0000,3015.6000,1,2,1,2,1,2,9,3,3,1
SF,IH2003,2020-01-22 09:31:07.400,3012.0000,22723,0,265926480.000,4,2,2,多换,S,3011.4000,3011.2000,3011.0000,3010.8000,3010.2000,3012.0000,3013.0000,3013.2000,3014.0000,3015.0000,1,2,1,1,5,8,1,9,3,3
SF,IH2003,2020-01-22 09:31:07.900,3012.0000,22726,3,273155280.000,8,5,3,空开,S,3012.0000,3011.8000,3011.6000,3011.4000,3011.2000,3012.2000,3013.0000,3013.2000,3014.0000,3015.0000,3,1,5,3,2,13,1,9,3,3
SF,IH2003,2020-01-22 09:31:08.400,3012.2000,22724,-2,280383840.000,8,3,5,多平,S,3011.6000,3011.4000,3011.2000,3011.0000,3010.8000,3012.2000,3012.6000,3013.0000,3013.2000,3014.0000,2,3,2,1,1,11,1,1,9,3
SF,IH2003,2020-01-22 09:31:08.900,3012.2000,22723,-1,282191160.000,2,0,2,多平,S,3011.6000,3011.4000,3011.2000,3011.0000,3010.8000,3012.2000,3012.6000,3013.0000,3013.2000,3014.0000,1,3,2,1,1,11,1,1,9,3
SF,IH2003,2020-01-22 09:31:09.400,3011.8000,22721,-2,293034120.000,12,5,7,多平,S,3011.6000,3011.4000,3011.2000,3011.0000,3010.8000,3011.8000,3012.2000,3012.6000,3013.0000,3013.2000,2,3,2,1,1,2,7,1,1,9
SF,IH2003,2020-01-22 09:31:09.900,3011.8000,22721,0,294841200.000,2,1,1,多换,S,3011.8000,3011.4000,3011.2000,3011.0000,3010.8000,3012.0000,3012.2000,3012.6000,3012.8000,3013.0000,1,3,4,1,1,1,7,1,1,1
SF,IH2003,2020-01-22 09:31:10.400,3011.8000,22720,-1,295744740.000,1,0,1,双平,S,3011.4000,3011.2000,3011.0000,3010.8000,3010.2000,3011.8000,3012.0000,3012.2000,3012.6000,3012.8000,4,6,2,1,5,1,1,7,1,1
SF,IH2003,2020-01-22 09:31:10.900,3011.8000,22720,0,295744740.000,0,-,-,-,-,3011.4000,3011.2000,3011.0000,3010.8000,3010.2000,3011.8000,3012.0000,3012.2000,3012.6000,3012.8000,4,7,2,1,5,1,1,8,1,1
SF,IH2003,2020-01-22 09:31:11.400,3011.8000,22720,0,295744740.000,0,-,-,-,-,3011.4000,3011.2000,3011.0000,3010.8000,3010.2000,3011.8000,3012.0000,3012.2000,3012.6000,3012.8000,4,8,3,1,5,1,1,8,1,1
SF,IH2003,2020-01-22 09:31:11.900,3011.4000,22718,-2,299358420.000,4,1,3,多平,S,3011.2000,3011.0000,3010.8000,3010.2000,3010.0000,3011.4000,3011.8000,3012.0000,3012.2000,3012.6000,9,3,1,5,7,2,1,1,2,1
SF,IH2003,2020-01-22 09:31:12.400,3011.4000,22717,-1,301165260.000,2,0,2,多平,S,3011.4000,3011.2000,3011.0000,3010.8000,3010.2000,3011.8000,3012.0000,3012.2000,3012.6000,3012.8000,1,8,4,1,5,1,1,2,1,1
SF,IH2003,2020-01-22 09:31:12.900,3011.4000,22716,-1,302972100.000,2,0,2,多平,S,3011.2000,3011.0000,3010.8000,3010.2000,3010.0000,3011.4000,3011.8000,3012.0000,3012.2000,3012.6000,9,6,3,5,7,1,1,2,2,1
SF,IH2003,2020-01-22 09:31:13.400,3011.2000,22710,-6,311102340.000,9,1,8,多平,S,3011.0000,3010.8000,3010.2000,3010.0000,3009.6000,3011.4000,3011.8000,3012.0000,3012.2000,3012.6000,6,2,5,7,2,2,1,2,2,1
SF,IH2003,2020-01-22 09:31:13.900,3010.8000,22708,-2,317425380.000,7,2,5,多平,S,3011.0000,3010.8000,3010.6000,3010.2000,3010.0000,3011.2000,3011.4000,3011.8000,3012.0000,3012.2000,1,3,1,5,7,1,1,1,2,2
SF,IH2003,2020-01-22 09:31:14.400,3011.2000,22707,-1,321942240.000,5,2,3,多平,S,3010.8000,3010.6000,3010.2000,3010.0000,3009.6000,3011.0000,3011.6000,3011.8000,3012.0000,3012.2000,3,1,5,7,2,5,1,1,2,2
SF,IH2003,2020-01-22 09:31:14.900,3011.0000,22705,-2,324652080.000,3,0,3,多平,S,3010.8000,3010.6000,3010.4000,3010.2000,3010.0000,3011.0000,3011.6000,3011.8000,3012.0000,3012.2000,2,3,1,10,7,3,1,1,2,2
SF,IH2003,2020-01-22 09:31:15.400,3011.0000,22702,-3,327361980.000,3,0,3,双平,S,3011.0000,3010.8000,3010.6000,3010.4000,3010.2000,3011.4000,3011.6000,3011.8000,3012.0000,3012.2000,3,2,3,1,10,8,1,1,2,2
SF,IH2003,2020-01-22 09:31:15.900,3011.0000,22700,-2,330071880.000,3,0,3,多平,S,3010.8000,3010.6000,3010.4000,3010.2000,3010.0000,3011.4000,3011.6000,3011.8000,3012.0000,3012.2000,3,3,1,10,8,8,1,1,2,2
SF,IH2003,2020-01-22 09:31:16.400,3011.4000,22698,-2,331878540.000,2,0,2,双平,S,3010.8000,3010.6000,3010.4000,3010.2000,3010.0000,3011.4000,3011.6000,3011.8000,3012.0000,3012.2000,2,3,1,10,8,7,1,1,2,2
SF,IH2003,2020-01-22 09:31:16.900,3010.8000,22698,0,332781780.000,1,0,1,多换,S,3010.8000,3010.6000,3010.4000,3010.2000,3010.0000,3011.4000,3011.6000,3011.8000,3012.0000,3012.2000,1,3,1,10,8,7,1,1,2,2
SF,IH2003,2020-01-22 09:31:17.400,3010.8000,22698,0,334588260.000,2,1,1,多换,S,3010.6000,3010.4000,3010.2000,3010.0000,3009.6000,3011.2000,3011.4000,3011.6000,3011.8000,3012.0000,4,1,10,8,2,1,7,1,1,2
SF,IH2003,2020-01-22 09:31:17.900,3010.6000,22697,-1,337297920.000,3,1,2,多平,S,3010.6000,3010.4000,3010.2000,3010.0000,3009.6000,3010.8000,3011.0000,3011.2000,3011.4000,3011.6000,3,2,10,8,2,1,1,1,7,1
SF,IH2003,2020-01-22 09:31:18.400,3010.6000,22694,-3,340007460.000,3,0,3,双平,S,3010.4000,3010.2000,3010.0000,3009.6000,3009.2000,3010.6000,3010.8000,3011.0000,3011.2000,3011.4000,3,10,8,2,2,1,1,1,1,7
SF,IH2003,2020-01-22 09:31:18.900,3010.8000,22692,-2,343620240.000,4,1,3,多平,S,3010.4000,3010.2000,3010.0000,3009.6000,3009.2000,3011.0000,3011.2000,3011.4000,3011.6000,3011.8000,3,11,8,2,2,1,1,7,1,1
SF,IH2003,2020-01-22 09:31:19.400,3011.0000,22691,-1,344523540.000,1,0,1,双平,S,3010.6000,3010.4000,3010.2000,3010.0000,3009.6000,3011.2000,3011.4000,3011.6000,3011.8000,3012.0000,1,3,6,13,2,1,7,1,1,1
SF,IH2003,2020-01-22 09:31:19.900,3011.0000,22691,0,344523540.000,0,-,-,-,-,3010.4000,3010.2000,3010.0000,3009.6000,3009.2000,3011.0000,3011.2000,3011.4000,3011.6000,3011.8000,4,6,13,2,2,1,1,7,1,1
SF,IH2003,2020-01-22 09:31:20.400,3011.0000,22690,-1,345426840.000,1,0,1,双平,S,3010.6000,3010.4000,3010.2000,3010.0000,3009.6000,3011.2000,3011.4000,3011.6000,3011.8000,3012.2000,1,4,6,13,2,1,7,1,1,2
SF,IH2003,2020-01-22 09:31:20.900,3011.2000,22688,-2,347233560.000,2,0,2,双平,S,3010.6000,3010.4000,3010.2000,3010.0000,3009.6000,3011.4000,3011.8000,3012.2000,3012.8000,3013.0000,1,5,6,13,2,7,1,2,1,1
SF,IH2003,2020-01-22 09:31:21.400,3011.2000,22688,0,348136920.000,1,0,1,多换,S,3010.8000,3010.6000,3010.4000,3010.2000,3010.0000,3011.4000,3011.8000,3012.2000,3012.8000,3013.0000,2,4,5,6,13,7,1,2,1,1
SF,IH2003,2020-01-22 09:31:21.900,3011.2000,22688,0,348136920.000,0,-,-,-,-,3010.8000,3010.6000,3010.4000,3010.2000,3010.0000,3011.4000,3011.8000,3012.2000,3012.8000,3013.0000,1,2,5,6,13,7,1,2,1,1
SF,IH2003,2020-01-22 09:31:22.400,3011.2000,22688,0,348136920.000,0,-,-,-,-,3010.8000,3010.6000,3010.4000,3010.2000,3010.0000,3011.2000,3011.4000,3011.8000,3012.2000,3012.8000,1,1,5,6,13,1,7,1,2,1
SF,IH2003,2020-01-22 09:31:22.900,3011.4000,22687,-1,350847120.000,3,1,2,多平,S,3010.8000,3010.6000,3010.4000,3010.2000,3010.0000,3011.4000,3011.8000,3012.2000,3012.8000,3013.0000,1,1,5,6,13,5,1,2,1,1
SF,IH2003,2020-01-22 09:31:23.400,3011.0000,22686,-1,353557140.000,3,1,2,多平,S,3010.8000,3010.6000,3010.4000,3010.2000,3010.0000,3011.0000,3011.4000,3011.8000,3012.2000,3012.8000,2,2,5,6,13,2,4,1,2,1
SF,IH2003,2020-01-22 09:31:23.900,3011.4000,22685,-1,357170580.000,4,1,3,多平,S,3011.0000,3010.8000,3010.6000,3010.4000,3010.2000,3011.4000,3011.8000,3012.2000,3012.8000,3013.0000,3,2,2,5,6,2,1,2,1,1
SF,IH2003,2020-01-22 09:31:24.400,3011.4000,22682,-3,359880840.000,3,0,3,双平,S,3011.2000,3011.0000,3010.8000,3010.6000,3010.4000,3011.8000,3012.2000,3012.8000,3013.0000,3014.0000,1,4,2,2,5,1,2,1,1,1
SF,IH2003,2020-01-22 09:31:24.900,3011.8000,22680,-2,361687800.000,2,0,2,双平,S,3011.4000,3011.2000,3011.0000,3010.8000,3010.6000,3012.2000,3012.8000,3013.0000,3014.0000,3015.0000,1,2,1,1,2,2,1,1,1,3
SF,IH2003,2020-01-22 09:31:25.400,3011.6000,22677,-3,365301780.000,4,0,4,多平,S,3011.6000,3011.4000,3011.2000,3010.8000,3010.6000,3012.2000,3012.8000,3013.0000,3014.0000,3015.0000,1,2,2,1,2,3,1,1,1,3
SF,IH2003,2020-01-22 09:31:25.900,3011.6000,22676,-1,366205260.000,1,0,1,双平,S,3011.6000,3011.4000,3011.2000,3010.8000,3010.6000,3012.2000,3012.8000,3013.0000,3014.0000,3015.0000,2,2,7,2,2,3,1,1,1,3
SF,IH2003,2020-01-22 09:31:26.400,3011.2000,22679,3,375239220.000,10,6,4,空开,S,3011.2000,3011.0000,3010.8000,3010.6000,3010.4000,3012.2000,3012.8000,3013.0000,3014.0000,3015.0000,1,2,3,2,4,2,1,1,1,3
SF,IH2003,2020-01-22 09:31:26.900,3012.2000,22679,0,376142880.000,1,0,1,多换,S,3011.2000,3011.0000,3010.8000,3010.6000,3010.4000,3012.2000,3012.8000,3013.0000,3014.0000,3015.0000,4,2,3,3,4,1,1,1,1,3
SF,IH2003,2020-01-22 09:31:27.400,3011.2000,22678,-1,377046240.000,1,0,1,双平,S,3011.2000,3011.0000,3010.8000,3010.6000,3010.4000,3012.2000,3012.8000,3013.0000,3014.0000,3015.0000,2,2,3,2,4,2,1,1,1,3
SF,IH2003,2020-01-22 09:31:27.900,3011.2000,22678,0,377949600.000,1,0,1,多换,S,3011.2000,3011.0000,3010.8000,3010.6000,3010.4000,3012.2000,3012.8000,3013.0000,3014.0000,3015.0000,2,2,3,2,5,1,1,1,1,3
SF,IH2003,2020-01-22 09:31:28.400,3011.2000,22677,-1,381563280.000,4,1,3,多平,S,3011.0000,3010.8000,3010.6000,3010.4000,3010.2000,3012.0000,3012.2000,3012.8000,3013.0000,3014.0000,3,3,1,4,6,3,3,1,1,1
SF,IH2003,2020-01-22 09:31:28.900,3011.0000,22677,0,382466580.000,1,0,1,多换,S,3011.0000,3010.8000,3010.6000,3010.4000,3010.2000,3012.0000,3012.2000,3012.8000,3013.0000,3014.0000,2,3,1,4,6,3,2,1,1,1
SF,IH2003,2020-01-22 09:31:29.400,3012.0000,22676,-1,383370180.000,1,0,1,双平,S,3011.0000,3010.8000,3010.6000,3010.4000,3010.2000,3011.2000,3012.0000,3012.2000,3012.8000,3013.0000,3,3,1,4,5,3,2,1,1,1
SF,IH2003,2020-01-22 09:31:29.900,3011.2000,22674,-2,385176900.000,2,0,2,双平,S,3011.0000,3010.8000,3010.6000,3010.4000,3010.2000,3011.2000,3012.0000,3012.2000,3012.8000,3013.0000,3,3,1,4,4,1,2,1,1,1
SF,IH2003,2020-01-22 09:31:30.400,3011.2000,22672,-2,388790580.000,4,1,3,多平,S,3011.0000,3010.8000,3010.6000,3010.4000,3010.2000,3012.0000,3012.2000,3012.8000,3013.0000,3014.0000,3,3,1,4,4,2,1,1,1,1
SF,IH2003,2020-01-22 09:31:30.900,3011.2000,22672,0,388790580.000,0,-,-,-,-,3011.4000,3011.2000,3011.0000,3010.8000,3010.6000,3012.0000,3012.2000,3012.8000,3013.0000,3014.0000,1,3,3,3,1,2,1,1,1,1
SF,IH2003,2020-01-22 09:31:31.400,3012.0000,22672,0,389694180.000,1,0,1,多换,S,3011.4000,3011.2000,3011.0000,3010.8000,3010.6000,3012.0000,3012.2000,3012.8000,3013.0000,3014.0000,1,2,2,3,1,1,1,1,1,1
SF,IH2003,2020-01-22 09:31:31.900,3012.0000,22672,0,389694180.000,0,-,-,-,-,3011.2000,3011.0000,3010.8000,3010.6000,3010.4000,3012.0000,3012.2000,3012.8000,3013.0000,3014.0000,2,2,3,1,4,1,1,2,1,1
SF,IH2003,2020-01-22 09:31:32.400,3012.0000,22672,0,389694180.000,0,-,-,-,-,3011.2000,3011.0000,3010.8000,3010.6000,3010.4000,3012.0000,3012.2000,3012.8000,3013.0000,3014.0000,3,2,3,1,4,2,1,2,1,1
SF,IH2003,2020-01-22 09:31:32.900,3012.0000,22672,0,389694180.000,0,-,-,-,-,3011.2000,3011.0000,3010.8000,3010.6000,3010.4000,3012.0000,3012.2000,3012.8000,3013.0000,3014.0000,2,2,3,1,4,2,1,2,1,1
SF,IH2003,2020-01-22 09:31:33.400,3012.0000,22671,-1,390597780.000,1,0,1,双平,S,3011.2000,3011.0000,3010.8000,3010.6000,3010.4000,3012.0000,3012.2000,3012.8000,3013.0000,3014.0000,2,2,3,1,4,1,1,2,1,1
SF,IH2003,2020-01-22 09:31:33.900,3012.0000,22669,-2,392404980.000,2,0,2,双平,S,3011.2000,3011.0000,3010.8000,3010.6000,3010.4000,3011.4000,3012.2000,3012.8000,3013.0000,3014.0000,2,2,3,1,4,1,1,2,1,1
SF,IH2003,2020-01-22 09:31:34.400,3011.4000,22668,-1,393308400.000,1,0,1,双平,S,3011.6000,3011.4000,3011.2000,3011.0000,3010.8000,3012.0000,3012.2000,3012.8000,3013.0000,3014.0000,1,2,3,2,3,3,1,2,1,1
SF,IH2003,2020-01-22 09:31:34.900,3011.2000,22663,-5,398728740.000,6,0,6,多平,S,3011.0000,3010.8000,3010.6000,3010.4000,3010.2000,3011.6000,3012.0000,3012.2000,3012.8000,3013.0000,2,3,1,4,4,1,3,1,2,1
SF,IH2003,2020-01-22 09:31:35.400,3011.2000,22662,-1,400535580.000,2,0,2,多平,S,3011.2000,3011.0000,3010.8000,3010.6000,3010.4000,3012.0000,3012.2000,3012.8000,3013.0000,3014.0000,3,4,2,1,4,3,1,2,1,1
SF,IH2003,2020-01-22 09:31:35.900,3011.2000,22662,0,400535580.000,0,-,-,-,-,3011.2000,3011.0000,3010.8000,3010.6000,3010.4000,3012.0000,3012.2000,3012.8000,3013.0000,3014.0000,4,3,2,1,4,3,1,2,1,1
SF,IH2003,2020-01-22 09:31:36.400,3011.2000,22662,0,401438940.000,1,0,1,多换,S,3011.2000,3011.0000,3010.8000,3010.6000,3010.4000,3012.0000,3012.2000,3012.8000,3013.0000,3014.0000,2,3,2,1,4,3,1,2,1,1
SF,IH2003,2020-01-22 09:31:36.900,3011.2000,22662,0,401438940.000,0,-,-,-,-,3011.2000,3011.0000,3010.8000,3010.6000,3010.4000,3012.0000,3012.2000,3012.8000,3013.0000,3014.0000,5,3,3,1,4,3,1,2,1,1
SF,IH2003,2020-01-22 09:31:37.900,3011.2000,22661,-1,402342300.000,1,0,1,双平,S,3011.2000,3011.0000,3010.8000,3010.6000,3010.4000,3012.0000,3012.2000,3012.8000,3013.0000,3014.0000,4,3,3,1,4,3,1,2,1,1
SF,IH2003,2020-01-22 09:31:38.400,3012.0000,22659,-2,405956700.000,4,1,3,多平,S,3011.4000,3011.2000,3011.0000,3010.8000,3010.6000,3012.2000,3012.8000,3013.0000,3014.0000,3015.0000,1,4,3,3,1,1,2,1,1,3
SF,IH2003,2020-01-22 09:31:38.900,3012.0000,22659,0,405956700.000,0,-,-,-,-,3011.4000,3011.2000,3011.0000,3010.8000,3010.6000,3012.2000,3012.8000,3013.0000,3014.0000,3015.0000,2,3,3,3,1,1,2,1,1,3
SF,IH2003,2020-01-22 09:31:39.400,3012.0000,22659,0,405956700.000,0,-,-,-,-,3011.4000,3011.2000,3011.0000,3010.8000,3010.6000,3012.2000,3012.8000,3013.0000,3014.0000,3015.0000,2,3,4,3,1,1,2,1,1,3
SF,IH2003,2020-01-22 09:31:39.900,3012.0000,22659,0,405956700.000,0,-,-,-,-,3011.4000,3011.2000,3011.0000,3010.8000,3010.6000,3012.2000,3012.8000,3013.0000,3014.0000,3015.0000,3,3,4,3,1,1,2,1,1,3
SF,IH2003,2020-01-22 09:31:40.400,3012.0000,22659,0,405956700.000,0,-,-,-,-,3011.4000,3011.2000,3011.0000,3010.8000,3010.6000,3012.0000,3012.2000,3012.8000,3013.0000,3014.0000,4,3,4,3,1,1,1,2,1,1
SF,IH2003,2020-01-22 09:31:40.900,3012.0000,22659,0,406860300.000,1,0,1,多换,S,3011.4000,3011.2000,3011.0000,3010.8000,3010.6000,3012.2000,3012.8000,3013.0000,3014.0000,3015.0000,4,3,4,3,1,1,2,1,1,3
SF,IH2003,2020-01-22 09:31:41.400,3012.2000,22658,-1,407763960.000,1,0,1,双平,S,3012.2000,3012.0000,3011.6000,3011.4000,3011.2000,3012.8000,3013.0000,3014.0000,3015.0000,3015.6000,2,1,1,4,3,2,1,1,3,1
SF,IH2003,2020-01-22 09:31:41.900,3012.8000,22658,0,408667800.000,1,0,1,多换,S,3012.2000,3012.0000,3011.6000,3011.4000,3011.2000,3012.8000,3013.0000,3014.0000,3015.0000,3015.6000,3,1,4,6,3,1,1,1,3,1
SF,IH2003,2020-01-22 09:31:42.400,3012.8000,22657,-1,410475480.000,2,0,2,多平,S,3012.4000,3012.2000,3012.0000,3011.6000,3011.4000,3013.0000,3014.0000,3015.0000,3015.6000,3016.6000,2,3,1,4,5,1,1,3,1,2
SF,IH2003,2020-01-22 09:31:42.900,3013.0000,22657,0,411379380.000,1,0,1,多换,S,3013.0000,3012.6000,3012.4000,3012.2000,3012.0000,3014.0000,3015.0000,3015.6000,3016.6000,3017.0000,1,2,3,2,1,1,3,1,2,3
SF,IH2003,2020-01-22 09:31:43.400,3013.0000,22655,-2,414994980.000,4,1,3,多平,S,3012.6000,3012.4000,3012.2000,3012.0000,3011.6000,3013.8000,3014.0000,3015.0000,3015.6000,3016.6000,1,2,2,1,4,1,1,3,1,2
SF,IH2003,2020-01-22 09:31:43.900,3013.0000,22655,0,414994980.000,0,-,-,-,-,3013.0000,3012.4000,3012.2000,3012.0000,3011.6000,3013.8000,3014.0000,3015.0000,3015.6000,3016.6000,1,2,2,1,4,1,1,3,1,2
SF,IH2003,2020-01-22 09:31:44.400,3013.0000,22655,0,414994980.000,0,-,-,-,-,3013.0000,3012.4000,3012.2000,3012.0000,3011.6000,3013.8000,3014.0000,3015.0000,3015.6000,3016.6000,1,2,2,1,4,2,1,3,1,2
SF,IH2003,2020-01-22 09:31:44.900,3013.8000,22653,-2,417707160.000,3,0,3,多平,S,3013.0000,3012.4000,3012.2000,3012.0000,3011.6000,3014.0000,3015.0000,3015.6000,3016.6000,3017.0000,1,2,2,1,4,1,3,1,2,3
SF,IH2003,2020-01-22 09:31:45.400,3013.0000,22653,0,418611060.000,1,0,1,多换,S,3012.4000,3012.2000,3012.0000,3011.6000,3011.4000,3014.0000,3015.0000,3015.6000,3016.6000,3017.0000,2,2,1,4,5,2,3,1,2,3
SF,IH2003,2020-01-22 09:31:45.900,3013.0000,22653,0,418611060.000,0,-,-,-,-,3013.8000,3012.6000,3012.4000,3012.2000,3012.0000,3014.0000,3015.0000,3015.6000,3016.6000,3017.0000,1,2,2,2,1,2,3,1,2,3
SF,IH2003,2020-01-22 09:31:46.400,3013.8000,22653,0,419515200.000,1,0,1,多换,S,3012.6000,3012.4000,3012.2000,3012.0000,3011.4000,3013.0000,3013.4000,3013.6000,3013.8000,3014.0000,1,2,2,1,2,1,2,1,4,2
SF,IH2003,2020-01-22 09:31:46.900,3013.6000,22652,-1,421323180.000,2,0,2,多平,S,3012.6000,3012.4000,3012.2000,3012.0000,3011.4000,3013.8000,3014.0000,3015.0000,3015.6000,3016.6000,2,1,2,1,2,3,2,3,1,2
SF,IH2003,2020-01-22 09:31:47.400,3012.6000,22650,-2,424034520.000,3,0,3,多平,S,3012.6000,3012.4000,3012.2000,3012.0000,3011.4000,3013.8000,3014.0000,3015.0000,3015.6000,3016.6000,5,1,2,1,2,3,2,3,1,2
SF,IH2003,2020-01-22 09:31:47.900,3012.6000,22648,-2,428553420.000,5,1,4,多平,S,3012.6000,3012.4000,3012.2000,3012.0000,3011.4000,3013.8000,3014.0000,3015.0000,3015.6000,3016.6000,1,1,2,1,2,6,2,3,1,2
SF,IH2003,2020-01-22 09:31:48.400,3012.6000,22648,0,428553420.000,0,-,-,-,-,3012.6000,3012.4000,3012.2000,3012.0000,3011.4000,3013.8000,3014.0000,3015.0000,3015.6000,3016.6000,2,1,2,1,3,6,2,3,1,2
SF,IH2003,2020-01-22 09:31:48.900,3012.6000,22648,0,429457200.000,1,0,1,多换,S,3012.6000,3012.4000,3012.2000,3012.0000,3011.4000,3013.8000,3014.0000,3015.0000,3015.6000,3016.6000,1,1,2,1,2,6,2,3,1,2
SF,IH2003,2020-01-22 09:31:49.400,3012.6000,22649,1,430360980.000,1,1,0,双开,S,3012.6000,3012.4000,3012.2000,3012.0000,3011.6000,3013.8000,3014.0000,3015.0000,3015.6000,3016.6000,2,1,2,2,1,6,2,3,1,2
SF,IH2003,2020-01-22 09:31:49.900,3012.6000,22649,0,430360980.000,0,-,-,-,-,3012.6000,3012.4000,3012.2000,3012.0000,3011.4000,3013.8000,3014.0000,3015.0000,3015.6000,3016.6000,1,1,2,2,3,6,2,3,1,2
SF,IH2003,2020-01-22 09:31:50.400,3012.6000,22649,0,431264760.000,1,0,1,多换,S,3012.8000,3012.6000,3012.4000,3012.2000,3012.0000,3013.8000,3014.0000,3015.0000,3015.6000,3016.6000,1,1,1,2,2,6,2,3,1,2
SF,IH2003,2020-01-22 09:31:50.900,3013.6000,22649,0,432168840.000,1,0,1,多换,S,3012.8000,3012.6000,3012.4000,3012.2000,3012.0000,3013.8000,3014.0000,3015.0000,3015.6000,3016.6000,1,1,1,2,2,6,2,3,1,2
SF,IH2003,2020-01-22 09:31:51.400,3012.8000,22649,0,433072680.000,1,0,1,多换,S,3012.8000,3012.6000,3012.4000,3012.2000,3012.0000,3013.8000,3014.0000,3015.0000,3015.6000,3016.6000,1,1,1,2,2,6,2,3,1,2
SF,IH2003,2020-01-22 09:31:51.900,3012.8000,22649,0,433072680.000,0,-,-,-,-,3012.8000,3012.6000,3012.4000,3012.2000,3012.0000,3013.8000,3014.0000,3015.0000,3015.6000,3016.6000,1,1,1,2,2,6,2,3,1,2
SF,IH2003,2020-01-22 09:31:52.900,3013.8000,22649,0,433976820.000,1,0,1,多换,S,3012.8000,3012.6000,3012.4000,3012.2000,3012.0000,3013.8000,3014.0000,3015.0000,3015.6000,3016.6000,1,1,1,1,2,5,2,3,1,2
SF,IH2003,2020-01-22 09:31:53.400,3012.8000,22649,0,434880660.000,1,0,1,多换,S,3012.6000,3012.4000,3012.2000,3012.0000,3011.6000,3013.8000,3014.0000,3015.0000,3015.6000,3016.6000,1,1,1,2,1,5,2,3,1,2
SF,IH2003,2020-01-22 09:31:53.900,3013.8000,22648,-1,435784800.000,1,0,1,双平,S,3012.6000,3012.4000,3012.2000,3012.0000,3011.4000,3013.8000,3014.0000,3015.0000,3015.6000,3016.6000,1,1,1,2,2,4,2,3,1,2
SF,IH2003,2020-01-22 09:31:54.400,3013.8000,22648,0,435784800.000,0,-,-,-,-,3012.6000,3012.4000,3012.2000,3012.0000,3011.4000,3013.8000,3014.0000,3015.0000,3015.6000,3016.6000,1,1,1,2,2,4,2,3,1,2
SF,IH2003,2020-01-22 09:31:54.900,3013.8000,22648,0,439401360.000,4,2,2,多换,S,3013.8000,3012.6000,3012.4000,3012.2000,3012.0000,3014.0000,3015.0000,3015.6000,3016.6000,3017.0000,2,1,1,1,2,2,3,1,2,3
SF,IH2003,2020-01-22 09:31:55.400,3013.8000,22648,0,441209640.000,2,1,1,多换,S,3012.6000,3012.4000,3012.2000,3012.0000,3011.4000,3013.6000,3013.8000,3014.0000,3015.0000,3015.6000,2,1,1,2,2,2,3,2,3,1
SF,IH2003,2020-01-22 09:31:55.900,3013.6000,22647,-1,442113720.000,1,0,1,双平,S,3012.6000,3012.4000,3012.2000,3012.0000,3011.4000,3013.6000,3013.8000,3014.0000,3015.0000,3015.6000,3,1,1,2,2,2,1,1,3,1
SF,IH2003,2020-01-22 09:31:56.400,3013.6000,22647,0,442113720.000,0,-,-,-,-,3012.6000,3012.4000,3012.2000,3012.0000,3011.4000,3013.6000,3013.8000,3014.0000,3015.0000,3015.6000,4,1,1,2,2,1,1,1,3,1
SF,IH2003,2020-01-22 09:31:56.900,3013.0000,22647,0,443017620.000,1,0,1,多换,S,3012.6000,3012.4000,3012.2000,3012.0000,3011.4000,3013.6000,3013.8000,3014.0000,3014.4000,3015.0000,4,1,1,2,2,3,1,1,2,3
SF,IH2003,2020-01-22 09:31:57.400,3012.6000,22647,0,443921400.000,1,0,1,多换,S,3012.6000,3012.4000,3012.2000,3012.0000,3011.4000,3013.0000,3013.6000,3013.8000,3014.0000,3015.0000,3,1,1,2,2,1,3,11,1,3
SF,IH2003,2020-01-22 09:31:57.900,3012.6000,22647,0,444825180.000,1,0,1,多换,S,3012.6000,3012.4000,3012.2000,3012.0000,3011.4000,3013.0000,3013.6000,3013.8000,3014.0000,3015.0000,2,1,1,2,2,1,3,11,1,3
SF,IH2003,2020-01-22 09:31:58.400,3012.6000,22646,-1,445728960.000,1,0,1,双平,S,3012.4000,3012.2000,3012.0000,3011.4000,3011.2000,3013.0000,3013.8000,3014.0000,3015.0000,3015.6000,1,1,2,2,2,1,11,1,3,1
SF,IH2003,2020-01-22 09:31:58.900,3013.0000,22645,-1,446632860.000,1,0,1,双平,S,3013.0000,3012.4000,3012.2000,3012.0000,3011.4000,3013.8000,3014.0000,3015.0000,3015.6000,3016.6000,1,2,1,2,2,11,1,3,1,2
SF,IH2003,2020-01-22 09:31:59.400,3012.4000,22644,-1,449344380.000,3,1,2,多平,S,3012.4000,3012.2000,3012.0000,3011.4000,3011.2000,3013.0000,3013.8000,3014.0000,3015.0000,3015.6000,1,1,3,2,2,1,11,1,3,1
SF,IH2003,2020-01-22 09:31:59.900,3013.8000,22643,-1,451152420.000,2,0,2,多平,S,3012.6000,3012.4000,3012.2000,3012.0000,3011.4000,3013.0000,3013.8000,3014.0000,3015.0000,3015.6000,1,1,1,3,2,1,10,1,3,1
SF,IH2003,2020-01-22 09:32:00.900,3013.8000,22643,0,451152420.000,0,-,-,-,-,3012.6000,3012.4000,3012.2000,3012.0000,3011.4000,3013.0000,3013.8000,3014.0000,3015.0000,3015.6000,1,1,1,3,2,1,10,1,3,1
SF,IH2003,2020-01-22 09:32:01.400,3013.8000,22643,0,451152420.000,0,-,-,-,-,3012.6000,3012.4000,3012.2000,3012.0000,3011.4000,3013.0000,3013.8000,3014.0000,3015.0000,3015.6000,1,1,1,3,2,1,10,2,3,1
SF,IH2003,2020-01-22 09:32:01.900,3013.8000,22643,0,451152420.000,0,-,-,-,-,3012.8000,3012.6000,3012.4000,3012.2000,3012.0000,3013.0000,3013.8000,3014.0000,3015.0000,3015.6000,3,1,1,1,3,1,11,2,3,1
SF,IH2003,2020-01-22 09:32:02.400,3012.8000,22640,-3,459287700.000,9,3,6,多平,S,3012.6000,3012.4000,3012.2000,3012.0000,3011.4000,3013.8000,3014.0000,3015.0000,3015.6000,3016.6000,1,1,1,3,2,11,2,3,1,2
SF,IH2003,2020-01-22 09:32:02.900,3012.8000,22640,0,459287700.000,0,-,-,-,-,3012.6000,3012.4000,3012.2000,3012.0000,3011.4000,3013.8000,3014.0000,3015.0000,3015.6000,3016.6000,1,1,1,3,2,11,2,3,1,2
SF,IH2003,2020-01-22 09:32:03.400,3012.6000,22637,-3,461998980.000,3,0,3,双平,S,3012.2000,3012.0000,3011.4000,3011.2000,3011.0000,3012.6000,3013.6000,3013.8000,3014.0000,3014.4000,1,3,2,2,1,5,2,11,2,1
SF,IH2003,2020-01-22 09:32:03.900,3012.6000,22637,0,461998980.000,0,-,-,-,-,3012.2000,3012.0000,3011.4000,3011.2000,3011.0000,3012.6000,3012.8000,3013.2000,3013.8000,3014.0000,1,3,2,2,1,5,1,1,11,2
SF,IH2003,2020-01-22 09:32:04.400,3012.6000,22636,-1,462902760.000,1,0,1,双平,S,3012.2000,3012.0000,3011.4000,3011.2000,3011.0000,3012.6000,3012.8000,3013.2000,3013.8000,3014.0000,1,3,2,2,1,4,1,1,11,2
SF,IH2003,2020-01-22 09:32:04.900,3012.6000,22636,0,462902760.000,0,-,-,-,-,3012.4000,3012.2000,3012.0000,3011.4000,3011.2000,3012.6000,3012.8000,3013.2000,3013.8000,3014.0000,1,1,3,2,2,4,1,1,11,2
SF,IH2003,2020-01-22 09:32:05.400,3012.6000,22636,0,462902760.000,0,-,-,-,-,3012.4000,3012.2000,3012.0000,3011.4000,3011.2000,3012.6000,3012.8000,3013.2000,3013.8000,3014.0000,2,1,3,2,2,4,1,1,11,2
SF,IH2003,2020-01-22 09:32:05.900,3012.6000,22634,-2,471940260.000,10,4,6,多平,S,3012.2000,3012.0000,3011.4000,3011.2000,3011.0000,3012.4000,3012.8000,3013.2000,3013.8000,3014.0000,1,3,2,2,1,1,1,1,11,2
SF,IH2003,2020-01-22 09:32:06.400,3012.8000,22633,-1,473747880.000,2,0,2,多平,S,3012.4000,3012.2000,3012.0000,3011.4000,3011.2000,3013.2000,3013.8000,3014.0000,3014.4000,3015.0000,3,1,2,2,2,1,11,2,1,4
SF,IH2003,2020-01-22 09:32:06.900,3012.8000,22633,0,473747880.000,0,-,-,-,-,3012.6000,3012.4000,3012.2000,3012.0000,3011.4000,3012.8000,3013.2000,3013.8000,3014.0000,3014.4000,1,2,1,2,2,1,2,11,2,1
SF,IH2003,2020-01-22 09:32:07.400,3012.8000,22633,0,473747880.000,0,-,-,-,-,3012.6000,3012.4000,3012.2000,3012.0000,3011.4000,3012.8000,3013.2000,3013.8000,3014.0000,3014.4000,1,2,1,2,2,1,2,11,2,1
SF,IH2003,2020-01-22 09:32:07.900,3012.6000,22631,-2,475555500.000,2,0,2,双平,S,3012.4000,3012.2000,3012.0000,3011.4000,3011.2000,3013.2000,3013.8000,3014.0000,3014.4000,3015.0000,2,1,2,2,2,2,11,2,1,4
SF,IH2003,2020-01-22 09:32:08.400,3012.4000,22630,-1,476459220.000,1,0,1,双平,S,3012.2000,3012.0000,3011.4000,3011.2000,3011.0000,3012.6000,3013.0000,3013.2000,3013.8000,3014.0000,1,2,2,2,1,2,1,3,11,2
SF,IH2003,2020-01-22 09:32:09.900,3012.4000,22630,0,476459220.000,0,-,-,-,-,3012.2000,3012.0000,3011.4000,3011.2000,3010.8000,3012.6000,3013.0000,3013.2000,3013.8000,3014.0000,1,2,2,2,2,2,1,3,11,2
SF,IH2003,2020-01-22 09:32:10.400,3012.6000,22628,-2,478266660.000,2,0,2,双平,S,3012.0000,3011.4000,3011.2000,3010.8000,3010.4000,3012.6000,3013.0000,3013.2000,3013.8000,3014.0000,2,2,2,2,1,1,1,3,11,2
SF,IH2003,2020-01-22 09:32:10.900,3012.6000,22628,0,478266660.000,0,-,-,-,-,3012.0000,3011.4000,3011.2000,3010.8000,3010.4000,3012.4000,3012.6000,3013.0000,3013.2000,3013.8000,2,2,2,2,1,1,1,1,2,11
SF,IH2003,2020-01-22 09:32:11.900,3012.0000,22626,-2,480073860.000,2,0,2,双平,S,3011.4000,3011.2000,3010.8000,3010.4000,3010.2000,3012.0000,3012.4000,3012.6000,3013.0000,3013.2000,2,2,2,1,3,1,1,1,1,2
SF,IH2003,2020-01-22 09:32:12.400,3012.0000,22626,0,480073860.000,0,-,-,-,-,3011.4000,3011.2000,3010.8000,3010.4000,3010.2000,3012.4000,3012.6000,3013.0000,3013.2000,3013.8000,2,2,2,1,3,1,1,1,2,11
SF,IH2003,2020-01-22 09:32:12.900,3012.0000,22626,0,480073860.000,0,-,-,-,-,3011.4000,3011.2000,3010.8000,3010.6000,3010.4000,3012.2000,3012.4000,3012.6000,3013.0000,3013.2000,2,2,2,1,1,1,2,1,1,2
SF,IH2003,2020-01-22 09:32:13.400,3011.6000,22624,-2,481880940.000,2,0,2,双平,S,3011.4000,3011.2000,3010.8000,3010.6000,3010.4000,3012.2000,3012.4000,3012.6000,3013.0000,3013.2000,2,2,2,1,1,1,1,1,1,1
SF,IH2003,2020-01-22 09:32:13.900,3012.2000,22623,-1,482784600.000,1,0,1,双平,S,3011.4000,3011.2000,3010.8000,3010.6000,3010.4000,3012.4000,3012.6000,3013.0000,3013.2000,3013.8000,3,2,2,1,1,1,1,1,1,11
SF,IH2003,2020-01-22 09:32:14.400,3012.2000,22623,0,482784600.000,0,-,-,-,-,3011.6000,3011.4000,3011.2000,3010.8000,3010.6000,3012.4000,3012.6000,3013.0000,3013.2000,3013.8000,1,2,2,2,1,1,1,1,1,11
SF,IH2003,2020-01-22 09:32:15.400,3012.2000,22623,0,482784600.000,0,-,-,-,-,3011.6000,3011.4000,3011.2000,3010.8000,3010.6000,3012.4000,3012.6000,3013.0000,3013.2000,3013.8000,1,2,2,2,1,1,1,1,1,11
SF,IH2003,2020-01-22 09:32:15.900,3012.2000,22623,0,482784600.000,0,-,-,-,-,3011.6000,3011.4000,3011.2000,3010.8000,3010.6000,3012.2000,3012.4000,3012.6000,3013.0000,3013.2000,1,2,2,2,1,1,2,1,1,1
SF,IH2003,2020-01-22 09:32:16.900,3012.2000,22623,0,482784600.000,0,-,-,-,-,3011.6000,3011.4000,3011.2000,3010.8000,3010.6000,3012.2000,3012.4000,3012.6000,3013.0000,3013.2000,1,2,2,2,1,1,2,1,1,1
SF,IH2003,2020-01-22 09:32:17.400,3012.2000,22623,0,482784600.000,0,-,-,-,-,3011.4000,3011.2000,3010.8000,3010.6000,3010.4000,3012.2000,3012.4000,3012.6000,3013.0000,3013.2000,2,2,2,1,1,1,2,1,1,1
SF,IH2003,2020-01-22 09:32:17.900,3011.6000,22623,0,484591620.000,2,1,1,多换,S,3011.4000,3011.2000,3010.8000,3010.6000,3010.4000,3011.6000,3012.2000,3012.4000,3012.6000,3013.0000,2,2,2,1,1,3,3,1,1,1
SF,IH2003,2020-01-22 09:32:18.400,3011.4000,22623,0,486398460.000,2,1,1,多换,S,3011.2000,3010.8000,3010.6000,3010.4000,3010.2000,3011.6000,3012.2000,3012.4000,3012.6000,3013.2000,2,2,1,1,3,3,3,1,1,1
SF,IH2003,2020-01-22 09:32:18.900,3011.4000,22619,-4,490915440.000,5,0,5,多平,S,3010.8000,3010.6000,3010.4000,3010.2000,3010.0000,3011.6000,3012.2000,3012.4000,3012.6000,3013.2000,2,1,1,3,7,3,3,1,1,1
SF,IH2003,2020-01-22 09:32:19.400,3011.6000,22618,-1,491818920.000,1,0,1,双平,S,3010.8000,3010.6000,3010.4000,3010.2000,3010.0000,3011.2000,3011.6000,3012.2000,3012.4000,3012.6000,4,1,1,3,7,2,2,2,1,1
SF,IH2003,2020-01-22 09:32:19.900,3011.6000,22613,-5,496336320.000,5,0,5,双平,S,3011.8000,3011.2000,3010.8000,3010.6000,3010.4000,3012.2000,3012.4000,3012.6000,3013.2000,3013.6000,1,8,4,1,1,2,1,1,1,1
SF,IH2003,2020-01-22 09:32:20.400,3012.2000,22612,-1,497239980.000,1,0,1,双平,S,3011.8000,3011.6000,3011.4000,3011.2000,3010.8000,3012.2000,3012.4000,3012.6000,3013.2000,3013.6000,1,1,2,5,2,1,1,1,1,1
SF,IH2003,2020-01-22 09:32:20.900,3012.2000,22612,0,497239980.000,0,-,-,-,-,3011.4000,3011.2000,3010.8000,3010.6000,3010.4000,3012.2000,3012.4000,3012.6000,3013.2000,3013.6000,2,5,2,1,1,1,1,1,1,1
SF,IH2003,2020-01-22 09:32:21.400,3012.2000,22612,0,497239980.000,0,-,-,-,-,3011.2000,3010.8000,3010.6000,3010.4000,3010.2000,3011.8000,3012.2000,3012.4000,3012.6000,3013.2000,5,2,1,1,3,1,1,1,1,1
SF,IH2003,2020-01-22 09:32:21.900,3012.2000,22612,0,497239980.000,0,-,-,-,-,3011.6000,3011.2000,3010.8000,3010.6000,3010.4000,3011.8000,3012.2000,3012.4000,3012.6000,3013.2000,3,1,2,1,1,1,1,1,1,1
SF,IH2003,2020-01-22 09:32:22.400,3011.6000,22610,-2,499046940.000,2,0,2,双平,S,3011.6000,3011.2000,3010.8000,3010.6000,3010.4000,3011.8000,3012.2000,3012.4000,3012.6000,3013.2000,1,1,2,1,1,1,1,1,1,1
SF,IH2003,2020-01-22 09:32:22.900,3011.6000,22609,-1,499950420.000,1,0,1,双平,S,3011.2000,3010.8000,3010.6000,3010.4000,3010.2000,3011.6000,3012.2000,3012.4000,3012.6000,3013.2000,1,2,1,1,3,2,2,1,1,1
SF,IH2003,2020-01-22 09:32:23.400,3011.6000,22609,0,499950420.000,0,-,-,-,-,3011.2000,3010.8000,3010.6000,3010.4000,3010.2000,3012.2000,3012.4000,3012.6000,3013.2000,3013.6000,1,2,1,1,3,2,1,1,1,1
SF,IH2003,2020-01-22 09:32:23.900,3011.6000,22609,0,499950420.000,0,-,-,-,-,3010.8000,3010.6000,3010.4000,3010.2000,3010.0000,3011.6000,3012.2000,3012.4000,3012.6000,3013.2000,2,1,1,3,6,1,3,1,1,1
SF,IH2003,2020-01-22 09:32:24.400,3011.0000,22608,-1,500853720.000,1,0,1,双平,S,3010.8000,3010.6000,3010.4000,3010.2000,3010.0000,3011.6000,3012.2000,3012.4000,3012.6000,3013.2000,2,1,1,3,6,2,2,1,1,1
SF,IH2003,2020-01-22 09:32:24.900,3011.0000,22608,0,500853720.000,0,-,-,-,-,3010.8000,3010.6000,3010.4000,3010.2000,3010.0000,3011.6000,3012.2000,3012.4000,3012.6000,3013.2000,2,1,1,3,6,3,2,1,1,1
SF,IH2003,2020-01-22 09:32:25.400,3011.0000,22608,0,500853720.000,0,-,-,-,-,3010.8000,3010.6000,3010.4000,3010.2000,3010.0000,3011.2000,3011.6000,3012.2000,3012.4000,3012.6000,2,1,1,3,6,1,3,2,1,1
SF,IH2003,2020-01-22 09:32:26.400,3011.2000,22608,0,501757080.000,1,0,1,多换,S,3010.8000,3010.6000,3010.4000,3010.2000,3010.0000,3011.6000,3012.2000,3012.4000,3012.6000,3013.2000,2,1,1,3,6,3,2,1,1,2
SF,IH2003,2020-01-22 09:32:26.900,3011.2000,22608,0,503563920.000,2,1,1,多换,S,3010.8000,3010.6000,3010.4000,3010.2000,3010.0000,3011.6000,3012.2000,3012.4000,3012.6000,3013.2000,3,1,1,3,6,1,2,1,1,2
SF,IH2003,2020-01-22 09:32:27.400,3010.8000,22607,-1,506273880.000,3,1,2,多平,S,3010.8000,3010.6000,3010.4000,3010.2000,3010.0000,3012.2000,3012.4000,3012.6000,3013.2000,3013.6000,2,1,1,3,6,2,1,1,2,1
SF,IH2003,2020-01-22 09:32:27.900,3012.0000,22607,0,508983960.000,3,1,2,多换,S,3010.8000,3010.6000,3010.4000,3010.2000,3010.0000,3012.2000,3012.4000,3012.6000,3013.2000,3013.6000,1,1,1,3,6,2,1,1,2,1
SF,IH2003,2020-01-22 09:32:28.400,3010.8000,22608,1,510790440.000,2,1,1,空开,S,3010.6000,3010.4000,3010.2000,3010.0000,3009.6000,3012.0000,3012.2000,3012.4000,3012.6000,3013.2000,2,1,3,6,2,1,2,1,1,2
SF,IH2003,2020-01-22 09:32:28.900,3010.8000,22608,0,510790440.000,0,-,-,-,-,3010.6000,3010.4000,3010.2000,3010.0000,3009.6000,3011.8000,3012.0000,3012.2000,3012.4000,3012.6000,2,1,3,6,2,1,2,2,1,1
SF,IH2003,2020-01-22 09:32:29.400,3010.6000,22610,2,512596800.000,2,2,0,双开,S,3010.4000,3010.2000,3010.0000,3009.6000,3009.2000,3010.8000,3012.0000,3012.2000,3012.4000,3012.6000,1,3,6,2,2,1,2,2,1,1
SF,IH2003,2020-01-22 09:32:29.900,3010.6000,22610,0,515306460.000,3,1,2,多换,S,3010.4000,3010.2000,3010.0000,3009.6000,3009.2000,3011.8000,3012.0000,3012.2000,3012.4000,3012.6000,1,3,6,2,2,1,2,2,1,1
SF,IH2003,2020-01-22 09:32:30.400,3011.6000,22610,0,516209940.000,1,0,1,多换,S,3011.2000,3010.4000,3010.2000,3010.0000,3009.6000,3011.6000,3011.8000,3012.2000,3012.4000,3012.6000,1,1,3,6,2,1,2,2,1,1
SF,IH2003,2020-01-22 09:32:30.900,3011.2000,22609,-1,517113300.000,1,0,1,双平,S,3010.4000,3010.2000,3010.0000,3009.6000,3009.2000,3011.0000,3011.2000,3011.8000,3012.2000,3012.4000,2,3,6,2,2,1,1,2,2,1
SF,IH2003,2020-01-22 09:32:31.400,3011.2000,22609,0,517113300.000,0,-,-,-,-,3010.4000,3010.2000,3010.0000,3009.6000,3009.2000,3011.0000,3011.2000,3011.8000,3012.2000,3012.4000,3,3,6,2,2,1,3,2,2,1
SF,IH2003,2020-01-22 09:32:31.900,3010.4000,22610,1,518919540.000,2,1,1,空开,S,3010.4000,3010.2000,3010.0000,3009.6000,3009.2000,3011.0000,3011.2000,3011.8000,3012.2000,3012.4000,1,3,6,2,2,2,3,1,1,1
SF,IH2003,2020-01-22 09:32:32.400,3010.4000,22609,-1,521629260.000,3,1,2,多平,S,3010.4000,3010.2000,3010.0000,3009.6000,3009.2000,3010.6000,3011.2000,3011.8000,3012.4000,3012.6000,1,3,6,2,2,3,3,23,1,1
SF,IH2003,2020-01-22 09:32:32.900,3010.6000,22605,-4,525241980.000,4,0,4,双平,S,3010.4000,3010.2000,3010.0000,3009.6000,3009.2000,3011.2000,3011.8000,3012.4000,3012.6000,3013.2000,1,3,6,2,2,3,23,1,1,2
SF,IH2003,2020-01-22 09:32:33.400,3010.6000,22605,0,526145160.000,1,0,1,多换,S,3010.4000,3010.2000,3010.0000,3009.6000,3009.2000,3010.6000,3011.2000,3011.8000,3012.6000,3013.2000,1,3,6,2,2,9,3,23,1,2
SF,IH2003,2020-01-22 09:32:33.900,3010.6000,22596,-9,534273780.000,9,0,9,双平,S,3010.4000,3010.2000,3010.0000,3009.6000,3009.2000,3011.2000,3011.8000,3013.2000,3013.6000,3013.8000,1,3,6,3,2,3,23,2,1,11
SF,IH2003,2020-01-22 09:32:34.400,3011.2000,22597,1,535177140.000,1,1,0,双开,S,3010.6000,3010.4000,3010.2000,3010.0000,3009.6000,3011.2000,3011.8000,3013.2000,3013.6000,3013.8000,1,2,3,6,3,2,23,2,1,10
SF,IH2003,2020-01-22 09:32:35.400,3011.2000,22597,0,536080500.000,1,0,1,多换,S,3010.6000,3010.4000,3010.2000,3010.0000,3009.6000,3011.2000,3011.8000,3013.2000,3013.6000,3013.8000,3,2,3,6,3,1,23,2,1,10
SF,IH2003,2020-01-22 09:32:36.400,3011.2000,22597,0,536983860.000,1,0,1,多换,S,3010.6000,3010.4000,3010.2000,3010.0000,3009.6000,3011.8000,3013.2000,3013.6000,3013.8000,3014.0000,4,2,3,6,3,23,2,1,10,2
SF,IH2003,2020-01-22 09:32:36.900,3010.6000,22596,-1,541499820.000,5,2,3,多平,S,3010.4000,3010.2000,3010.0000,3009.6000,3009.2000,3010.6000,3011.6000,3011.8000,3013.2000,3013.6000,1,3,6,3,2,6,2,23,2,1
SF,IH2003,2020-01-22 09:32:37.400,3010.6000,22589,-7,547822080.000,7,0,7,双平,S,3010.8000,3010.6000,3010.4000,3010.2000,3010.0000,3011.8000,3013.2000,3013.6000,3013.8000,3014.0000,1,12,1,3,6,23,2,1,10,2
SF,IH2003,2020-01-22 09:32:37.900,3011.8000,22587,-2,549629160.000,2,0,2,双平,S,3011.0000,3010.6000,3010.4000,3010.2000,3010.0000,3011.8000,3013.2000,3013.6000,3013.8000,3014.0000,2,8,1,3,6,21,2,1,10,2
SF,IH2003,2020-01-22 09:32:38.400,3011.8000,22585,-2,552339780.000,3,0,3,多平,S,3011.0000,3010.8000,3010.6000,3010.4000,3010.2000,3011.8000,3013.2000,3013.6000,3013.8000,3014.0000,1,2,8,1,3,18,2,1,10,2
SF,IH2003,2020-01-22 09:32:38.900,3010.8000,22577,-8,563179680.000,12,2,10,多平,S,3011.0000,3010.6000,3010.4000,3010.2000,3010.0000,3011.8000,3013.2000,3013.6000,3013.8000,3014.0000,1,13,1,3,6,17,2,1,10,2
SF,IH2003,2020-01-22 09:32:39.400,3010.8000,22577,0,563179680.000,0,-,-,-,-,3011.0000,3010.6000,3010.4000,3010.2000,3010.0000,3011.8000,3013.2000,3013.6000,3013.8000,3014.0000,1,13,1,3,6,17,2,1,10,2
SF,IH2003,2020-01-22 09:32:39.900,3010.8000,22577,0,563179680.000,0,-,-,-,-,3011.0000,3010.6000,3010.4000,3010.2000,3010.0000,3011.8000,3013.2000,3013.6000,3013.8000,3014.0000,2,8,6,3,6,17,2,1,10,2
SF,IH2003,2020-01-22 09:32:40.400,3010.8000,22577,0,563179680.000,0,-,-,-,-,3011.0000,3010.6000,3010.4000,3010.2000,3010.0000,3011.8000,3013.2000,3013.6000,3013.8000,3014.0000,2,8,6,3,6,17,2,1,10,2
SF,IH2003,2020-01-22 09:32:40.900,3010.8000,22577,0,563179680.000,0,-,-,-,-,3011.0000,3010.6000,3010.4000,3010.2000,3010.0000,3011.8000,3013.2000,3013.6000,3013.8000,3014.0000,5,8,6,3,6,17,2,1,10,2
SF,IH2003,2020-01-22 09:32:41.900,3010.8000,22577,0,563179680.000,0,-,-,-,-,3011.0000,3010.6000,3010.4000,3010.2000,3010.0000,3011.8000,3013.2000,3013.6000,3013.8000,3014.0000,7,8,6,3,6,17,2,1,10,2
SF,IH2003,2020-01-22 09:32:42.900,3011.0000,22574,-3,569502780.000,7,2,5,多平,S,3010.6000,3010.4000,3010.2000,3010.0000,3009.6000,3011.0000,3011.8000,3013.2000,3013.6000,3013.8000,8,6,3,6,2,1,17,2,1,10
SF,IH2003,2020-01-22 09:32:43.400,3011.0000,22573,-1,570406080.000,1,0,1,双平,S,3011.2000,3011.0000,3010.6000,3010.4000,3010.2000,3011.8000,3013.2000,3013.6000,3013.8000,3014.0000,1,1,8,6,3,17,2,1,10,2
SF,IH2003,2020-01-22 09:32:43.900,3011.2000,22573,0,572212800.000,2,1,1,多换,S,3010.6000,3010.4000,3010.2000,3010.0000,3009.6000,3011.8000,3013.2000,3013.6000,3013.8000,3014.0000,8,6,3,6,2,17,2,1,10,2
SF,IH2003,2020-01-22 09:32:44.400,3011.2000,22573,0,572212800.000,0,-,-,-,-,3010.6000,3010.4000,3010.2000,3010.0000,3009.6000,3011.2000,3011.8000,3013.2000,3013.6000,3013.8000,8,6,3,6,2,1,17,2,1,10
SF,IH2003,2020-01-22 09:32:45.400,3011.2000,22573,0,572212800.000,0,-,-,-,-,3010.6000,3010.4000,3010.2000,3010.0000,3009.6000,3011.2000,3011.8000,3013.2000,3013.6000,3013.8000,8,6,3,6,2,1,17,2,1,10
SF,IH2003,2020-01-22 09:32:45.900,3011.2000,22573,0,572212800.000,0,-,-,-,-,3010.6000,3010.4000,3010.2000,3010.0000,3009.6000,3011.2000,3011.8000,3013.2000,3013.6000,3013.8000,8,6,3,6,2,3,17,2,1,10
SF,IH2003,2020-01-22 09:32:46.400,3011.2000,22573,0,573116160.000,1,0,1,多换,S,3010.6000,3010.4000,3010.2000,3010.0000,3009.6000,3011.2000,3011.8000,3013.2000,3013.6000,3013.8000,8,6,3,6,2,2,17,2,1,10
SF,IH2003,2020-01-22 09:32:47.400,3011.2000,22571,-2,575826240.000,3,0,3,多平,S,3010.8000,3010.6000,3010.4000,3010.2000,3010.0000,3011.8000,3013.2000,3013.6000,3013.8000,3014.0000,1,8,6,3,6,17,2,1,10,2
SF,IH2003,2020-01-22 09:32:47.900,3011.2000,22571,0,576729600.000,1,0,1,多换,S,3010.8000,3010.6000,3010.4000,3010.2000,3010.0000,3011.2000,3011.8000,3013.2000,3013.6000,3013.8000,2,8,6,3,6,1,17,2,1,10
SF,IH2003,2020-01-22 09:32:48.400,3011.2000,22570,-1,577632960.000,1,0,1,双平,S,3011.2000,3010.8000,3010.6000,3010.4000,3010.2000,3011.8000,3013.2000,3013.6000,3013.8000,3014.0000,1,2,8,6,3,17,2,1,10,2
SF,IH2003,2020-01-22 09:32:48.900,3011.2000,22569,-1,578536320.000,1,0,1,双平,S,3011.6000,3011.2000,3010.8000,3010.6000,3010.4000,3011.8000,3013.2000,3013.6000,3013.8000,3014.0000,1,2,2,7,6,17,2,1,10,2
SF,IH2003,2020-01-22 09:32:49.400,3011.2000,22569,0,581246520.000,3,1,2,多换,S,3010.8000,3010.6000,3010.4000,3010.2000,3010.0000,3011.0000,3011.6000,3011.8000,3013.2000,3013.6000,2,7,6,3,6,8,2,17,2,1
SF,IH2003,2020-01-22 09:32:49.900,3011.0000,22569,0,588472920.000,8,4,4,多换,S,3011.0000,3010.8000,3010.6000,3010.4000,3010.2000,3011.2000,3011.6000,3011.8000,3013.2000,3013.6000,2,2,7,6,3,1,1,17,2,1
SF,IH2003,2020-01-22 09:32:50.400,3011.2000,22568,-1,589376280.000,1,0,1,双平,S,3011.0000,3010.8000,3010.6000,3010.4000,3010.2000,3011.6000,3011.8000,3013.2000,3013.6000,3013.8000,1,2,7,6,3,1,17,2,1,10
SF,IH2003,2020-01-22 09:32:50.900,3011.6000,22567,-1,590279760.000,1,0,1,双平,S,3011.0000,3010.8000,3010.6000,3010.4000,3010.2000,3011.2000,3011.8000,3013.2000,3013.6000,3013.8000,1,1,7,6,3,1,17,2,1,10
SF,IH2003,2020-01-22 09:32:51.400,3011.0000,22568,1,592086480.000,2,1,1,空开,S,3010.8000,3010.6000,3010.4000,3010.2000,3010.0000,3011.0000,3011.8000,3013.2000,3013.6000,3013.8000,1,7,6,3,6,9,17,2,1,10
SF,IH2003,2020-01-22 09:32:51.900,3011.0000,22572,4,600216180.000,9,6,3,空开,S,3010.8000,3010.6000,3010.4000,3010.2000,3010.0000,3011.8000,3013.2000,3013.6000,3013.8000,3014.0000,1,7,6,3,6,17,2,1,10,2
SF,IH2003,2020-01-22 09:32:52.400,3011.0000,22571,-1,601119480.000,1,0,1,双平,S,3010.8000,3010.6000,3010.4000,3010.2000,3010.0000,3011.8000,3013.2000,3013.6000,3013.8000,3014.0000,2,7,6,3,6,17,2,1,10,2
SF,IH2003,2020-01-22 09:32:53.400,3011.0000,22570,-1,602022780.000,1,0,1,双平,S,3010.8000,3010.6000,3010.4000,3010.2000,3010.0000,3011.8000,3013.2000,3013.6000,3013.8000,3014.0000,2,7,6,3,6,17,2,1,10,2
SF,IH2003,2020-01-22 09:32:53.900,3011.0000,22570,0,602022780.000,0,-,-,-,-,3011.0000,3010.8000,3010.6000,3010.4000,3010.2000,3011.8000,3013.2000,3013.6000,3013.8000,3014.0000,1,2,7,6,3,17,2,1,10,2
SF,IH2003,2020-01-22 09:32:54.400,3011.0000,22566,-4,605636700.000,4,0,4,双平,S,3011.0000,3010.8000,3010.6000,3010.4000,3010.2000,3011.8000,3013.2000,3013.6000,3013.8000,3014.0000,1,2,7,6,3,14,2,1,10,2
SF,IH2003,2020-01-22 09:32:54.900,3011.0000,22565,-1,606540000.000,1,0,1,双平,S,3011.0000,3010.8000,3010.6000,3010.4000,3010.2000,3011.8000,3012.6000,3013.2000,3013.6000,3013.8000,1,2,7,6,3,14,1,2,1,10
SF,IH2003,2020-01-22 09:32:55.400,3011.8000,22564,-1,607443540.000,1,0,1,双平,S,3011.2000,3011.0000,3010.8000,3010.6000,3010.4000,3011.8000,3012.6000,3013.2000,3013.6000,3013.8000,7,1,2,7,6,13,1,2,1,10
SF,IH2003,2020-01-22 09:32:55.900,3011.8000,22563,-1,609250620.000,2,0,2,多平,S,3011.2000,3011.0000,3010.8000,3010.6000,3010.4000,3011.8000,3012.6000,3013.2000,3013.6000,3013.8000,7,1,2,7,6,12,1,2,1,10
SF,IH2003,2020-01-22 09:32:56.400,3011.8000,22560,-3,612864780.000,4,0,4,多平,S,3011.4000,3011.2000,3011.0000,3010.8000,3010.6000,3011.8000,3012.6000,3013.2000,3013.6000,3013.8000,1,7,1,2,7,8,1,2,1,10
SF,IH2003,2020-01-22 09:32:56.900,3011.8000,22559,-1,614671860.000,2,0,2,多平,S,3011.2000,3011.0000,3010.8000,3010.6000,3010.4000,3011.8000,3012.6000,3013.2000,3013.6000,3013.8000,7,1,2,7,6,6,1,2,1,10
SF,IH2003,2020-01-22 09:32:57.400,3011.2000,22561,2,621898920.000,8,5,3,空开,S,3010.8000,3010.6000,3010.4000,3010.2000,3010.0000,3011.0000,3011.8000,3012.6000,3013.2000,3013.6000,2,7,6,3,6,3,5,1,2,1
SF,IH2003,2020-01-22 09:32:57.900,3011.0000,22562,1,624608820.000,3,2,1,空开,S,3011.0000,3010.8000,3010.6000,3010.4000,3010.2000,3011.8000,3012.6000,3013.2000,3013.6000,3013.8000,1,2,7,6,3,5,1,2,1,10
SF,IH2003,2020-01-22 09:32:58.400,3011.2000,22562,0,626415540.000,2,1,1,多换,S,3011.0000,3010.8000,3010.6000,3010.4000,3010.2000,3011.2000,3011.8000,3012.6000,3013.2000,3013.6000,1,2,7,6,3,3,5,1,2,1
SF,IH2003,2020-01-22 09:32:58.900,3011.0000,22561,-1,627318840.000,1,0,1,双平,S,3010.8000,3010.6000,3010.4000,3010.2000,3010.0000,3011.2000,3011.8000,3012.6000,3013.2000,3013.6000,2,7,6,3,6,3,5,1,2,1
SF,IH2003,2020-01-22 09:32:59.400,3010.8000,22561,0,628222080.000,1,0,1,多换,S,3010.8000,3010.6000,3010.4000,3010.2000,3010.0000,3011.0000,3011.2000,3011.8000,3012.6000,3013.2000,1,7,6,3,6,1,3,5,1,2
SF,IH2003,2020-01-22 09:32:59.900,3010.8000,22561,0,629125320.000,1,0,1,多换,S,3010.6000,3010.4000,3010.2000,3010.0000,3009.6000,3010.8000,3011.2000,3011.8000,3012.6000,3013.2000,7,6,3,6,2,1,3,5,1,2
SF,IH2003,2020-01-22 09:33:00.400,3010.8000,22561,0,630028560.000,1,0,1,多换,S,3010.6000,3010.4000,3010.2000,3010.0000,3009.6000,3010.8000,3011.2000,3011.8000,3012.6000,3013.2000,7,6,3,6,2,3,3,5,1,2
SF,IH2003,2020-01-22 09:33:00.900,3010.6000,22561,0,631834920.000,2,1,1,多换,S,3010.6000,3010.4000,3010.2000,3010.0000,3009.6000,3010.8000,3011.2000,3011.8000,3012.6000,3013.2000,3,6,3,6,2,3,3,5,1,2
SF,IH2003,2020-01-22 09:33:01.400,3010.8000,22560,-1,634544640.000,3,1,2,多平,S,3010.6000,3010.4000,3010.2000,3010.0000,3009.6000,3011.2000,3011.8000,3012.6000,3013.2000,3013.6000,3,6,3,6,2,3,5,1,2,1
SF,IH2003,2020-01-22 09:33:01.900,3010.8000,22560,0,634544640.000,0,-,-,-,-,3010.8000,3010.6000,3010.4000,3010.2000,3010.0000,3011.2000,3011.8000,3012.6000,3013.2000,3013.6000,1,3,6,3,6,3,5,1,2,1
SF,IH2003,2020-01-22 09:33:02.400,3011.2000,22559,-1,636351360.000,2,0,2,多平,S,3010.8000,3010.6000,3010.4000,3010.2000,3010.0000,3011.2000,3011.8000,3012.6000,3013.2000,3013.6000,1,3,6,3,6,1,5,1,2,1
SF,IH2003,2020-01-22 09:33:02.900,3011.2000,22558,-1,637254720.000,1,0,1,双平,S,3010.8000,3010.6000,3010.4000,3010.2000,3010.0000,3011.8000,3012.6000,3013.2000,3013.6000,3013.8000,1,3,6,3,6,5,1,2,1,10
SF,IH2003,2020-01-22 09:33:03.400,3011.2000,22558,0,637254720.000,0,-,-,-,-,3010.8000,3010.6000,3010.4000,3010.2000,3010.0000,3011.6000,3011.8000,3012.6000,3013.2000,3013.6000,2,3,6,3,6,3,5,2,2,1
SF,IH2003,2020-01-22 09:33:03.900,3011.2000,22558,0,637254720.000,0,-,-,-,-,3010.8000,3010.6000,3010.4000,3010.2000,3010.0000,3011.6000,3011.8000,3012.6000,3013.2000,3013.6000,3,3,6,3,6,2,5,2,2,1
SF,IH2003,2020-01-22 09:33:04.400,3011.6000,22557,-1,638158200.000,1,0,1,双平,S,3011.4000,3010.8000,3010.6000,3010.4000,3010.2000,3011.6000,3011.8000,3012.6000,3013.2000,3013.6000,1,3,3,6,3,1,5,2,2,1
SF,IH2003,2020-01-22 09:33:04.900,3011.6000,22557,0,638158200.000,0,-,-,-,-,3011.4000,3011.0000,3010.8000,3010.6000,3010.4000,3011.8000,3012.6000,3013.2000,3013.6000,3013.8000,1,1,2,3,6,5,2,2,1,10
SF,IH2003,2020-01-22 09:33:05.400,3011.4000,22556,-1,639061620.000,1,0,1,双平,S,3011.4000,3011.0000,3010.8000,3010.6000,3010.4000,3011.8000,3012.6000,3013.2000,3013.6000,3013.8000,1,1,2,3,6,5,2,2,1,10
SF,IH2003,2020-01-22 09:33:05.900,3011.4000,22556,0,639061620.000,0,-,-,-,-,3011.6000,3011.4000,3011.0000,3010.8000,3010.6000,3011.8000,3012.6000,3013.2000,3013.6000,3013.8000,2,2,1,3,3,5,2,2,1,10
SF,IH2003,2020-01-22 09:33:06.400,3011.6000,22556,0,639965100.000,1,0,1,多换,S,3011.4000,3011.0000,3010.8000,3010.6000,3010.4000,3011.8000,3012.6000,3013.2000,3013.6000,3013.8000,2,1,3,3,6,5,2,2,1,10
SF,IH2003,2020-01-22 09:33:06.900,3011.6000,22556,0,639965100.000,0,-,-,-,-,3011.4000,3010.8000,3010.6000,3010.4000,3010.2000,3011.8000,3012.6000,3013.2000,3013.6000,3013.8000,2,3,3,6,3,5,2,2,1,10
SF,IH2003,2020-01-22 09:33:07.400,3011.8000,22555,-1,642675720.000,3,1,2,多平,S,3011.4000,3011.0000,3010.8000,3010.6000,3010.4000,3011.8000,3012.0000,3012.6000,3013.2000,3013.6000,2,1,3,3,6,2,1,3,2,1
SF,IH2003,2020-01-22 09:33:07.900,3012.0000,22553,-2,645386400.000,3,0,3,多平,S,3012.0000,3011.4000,3011.0000,3010.8000,3010.6000,3012.6000,3013.2000,3013.6000,3013.8000,3014.0000,1,2,1,3,3,3,2,1,10,2
SF,IH2003,2020-01-22 09:33:08.400,3012.4000,22553,0,646290120.000,1,0,1,多换,S,3011.4000,3011.0000,3010.8000,3010.6000,3010.4000,3012.6000,3012.8000,3013.2000,3013.6000,3013.8000,7,1,3,3,1,3,1,2,1,10
SF,IH2003,2020-01-22 09:33:08.900,3012.4000,22553,0,646290120.000,0,-,-,-,-,3011.8000,3011.4000,3011.0000,3010.8000,3010.6000,3012.4000,3012.6000,3012.8000,3013.2000,3013.6000,1,7,1,3,3,2,3,1,1,1
SF,IH2003,2020-01-22 09:33:09.400,3012.4000,22553,0,647193840.000,1,0,1,多换,S,3011.8000,3011.4000,3011.0000,3010.8000,3010.6000,3012.4000,3012.6000,3012.8000,3013.2000,3013.6000,1,7,1,3,3,1,3,1,1,1
SF,IH2003,2020-01-22 09:33:09.900,3012.4000,22553,0,648097560.000,1,0,1,多换,S,3011.8000,3011.4000,3011.0000,3010.8000,3010.6000,3012.6000,3012.8000,3013.2000,3013.6000,3013.8000,1,7,1,3,3,3,1,1,1,10
SF,IH2003,2020-01-22 09:33:10.400,3012.6000,22554,1,649001340.000,1,1,0,双开,S,3011.8000,3011.4000,3011.0000,3010.8000,3010.6000,3012.6000,3012.8000,3013.2000,3013.6000,3013.8000,2,7,1,3,3,2,1,1,1,10
SF,IH2003,2020-01-22 09:33:10.900,3012.6000,22554,0,649001340.000,0,-,-,-,-,3011.8000,3011.4000,3011.0000,3010.8000,3010.6000,3012.0000,3012.6000,3012.8000,3013.2000,3013.6000,2,7,1,3,3,5,2,1,1,1
SF,IH2003,2020-01-22 09:33:11.400,3012.6000,22554,0,649001340.000,0,-,-,-,-,3011.8000,3011.4000,3011.0000,3010.8000,3010.6000,3012.0000,3012.4000,3012.6000,3012.8000,3013.2000,2,7,1,3,3,5,2,2,1,1
SF,IH2003,2020-01-22 09:33:11.900,3012.6000,22554,0,650808900.000,2,1,1,多换,S,3011.8000,3011.4000,3011.0000,3010.8000,3010.6000,3012.0000,3012.4000,3012.6000,3012.8000,3013.2000,2,7,1,3,3,3,2,2,1,1
SF,IH2003,2020-01-22 09:33:12.400,3012.0000,22554,0,652616100.000,2,1,1,多换,S,3011.8000,3011.4000,3011.0000,3010.8000,3010.6000,3012.0000,3012.4000,3012.6000,3012.8000,3013.2000,2,7,1,3,3,1,2,2,1,1
SF,IH2003,2020-01-22 09:33:12.900,3011.8000,22552,-2,654423180.000,2,0,2,双平,S,3011.4000,3011.0000,3010.8000,3010.6000,3010.4000,3011.8000,3012.0000,3012.4000,3012.6000,3012.8000,7,1,3,3,1,1,1,2,2,1
SF,IH2003,2020-01-22 09:33:13.400,3011.8000,22551,-1,655326720.000,1,0,1,双平,S,3011.4000,3011.0000,3010.8000,3010.6000,3010.4000,3011.8000,3012.0000,3012.4000,3012.6000,3012.8000,2,1,3,3,1,2,2,2,2,1
SF,IH2003,2020-01-22 09:33:13.900,3011.8000,22551,0,655326720.000,0,-,-,-,-,3011.4000,3011.2000,3011.0000,3010.8000,3010.6000,3011.8000,3012.0000,3012.4000,3012.6000,3012.8000,2,5,1,3,3,2,2,2,2,1
SF,IH2003,2020-01-22 09:33:14.400,3011.8000,22551,0,655326720.000,0,-,-,-,-,3011.4000,3011.2000,3011.0000,3010.8000,3010.6000,3011.8000,3012.0000,3012.4000,3012.6000,3012.8000,2,5,1,3,3,2,4,2,2,1
SF,IH2003,2020-01-22 09:33:14.900,3011.4000,22551,0,658940520.000,4,2,2,多换,S,3011.2000,3011.0000,3010.8000,3010.6000,3010.4000,3011.8000,3012.0000,3012.4000,3012.6000,3012.8000,5,1,3,3,1,2,4,2,2,1
SF,IH2003,2020-01-22 09:33:15.400,3011.6000,22550,-1,659844000.000,1,0,1,双平,S,3011.4000,3011.2000,3011.0000,3010.8000,3010.6000,3011.8000,3012.0000,3012.4000,3012.6000,3012.8000,1,5,1,3,3,3,4,2,2,1
SF,IH2003,2020-01-22 09:33:15.900,3011.4000,22549,-1,660747420.000,1,0,1,双平,S,3011.2000,3011.0000,3010.8000,3010.6000,3010.4000,3011.8000,3012.0000,3012.4000,3012.6000,3012.8000,5,1,3,3,1,3,4,2,2,1
SF,IH2003,2020-01-22 09:33:16.400,3011.4000,22549,0,660747420.000,0,-,-,-,-,3011.4000,3011.2000,3011.0000,3010.8000,3010.6000,3011.8000,3012.0000,3012.4000,3012.6000,3012.8000,1,5,1,3,3,3,4,2,2,1
SF,IH2003,2020-01-22 09:33:17.900,3011.8000,22547,-2,662554500.000,2,0,2,双平,S,3011.4000,3011.0000,3010.8000,3010.6000,3010.4000,3011.8000,3012.0000,3012.4000,3012.6000,3012.8000,1,6,3,3,1,1,4,2,2,1
SF,IH2003,2020-01-22 09:33:18.400,3011.8000,22547,0,662554500.000,0,-,-,-,-,3011.4000,3011.0000,3010.8000,3010.6000,3010.4000,3011.8000,3012.0000,3012.4000,3012.6000,3012.8000,1,6,3,3,1,1,5,2,2,1
SF,IH2003,2020-01-22 09:33:18.900,3012.0000,22546,-1,664361640.000,2,0,2,多平,S,3011.4000,3011.0000,3010.8000,3010.6000,3010.4000,3012.0000,3012.4000,3012.6000,3012.8000,3013.2000,1,6,3,3,1,4,2,2,1,1
SF,IH2003,2020-01-22 09:33:19.400,3011.4000,22545,-1,665265060.000,1,0,1,双平,S,3011.0000,3010.8000,3010.6000,3010.4000,3010.2000,3012.0000,3012.4000,3012.6000,3012.8000,3013.2000,1,8,3,1,4,4,2,2,1,1
SF,IH2003,2020-01-22 09:33:20.400,3011.8000,22546,1,666168600.000,1,1,0,双开,S,3011.0000,3010.8000,3010.6000,3010.4000,3010.2000,3012.0000,3012.4000,3012.6000,3012.8000,3013.2000,1,8,3,1,4,4,2,2,1,1
SF,IH2003,2020-01-22 09:33:21.400,3012.0000,22547,1,667072200.000,1,1,0,双开,S,3011.0000,3010.8000,3010.6000,3010.4000,3010.2000,3012.0000,3012.4000,3012.6000,3012.8000,3013.2000,1,8,3,1,4,3,2,2,1,1
SF,IH2003,2020-01-22 09:33:21.900,3012.0000,22547,0,667072200.000,0,-,-,-,-,3011.0000,3010.8000,3010.6000,3010.4000,3010.2000,3012.0000,3012.4000,3012.6000,3012.8000,3013.2000,2,8,3,1,4,4,2,2,1,1
SF,IH2003,2020-01-22 09:33:22.400,3012.0000,22547,0,667072200.000,0,-,-,-,-,3011.0000,3010.8000,3010.6000,3010.4000,3010.2000,3012.0000,3012.4000,3012.6000,3012.8000,3013.2000,2,8,3,1,4,4,2,2,1,1
SF,IH2003,2020-01-22 09:33:22.900,3012.0000,22547,0,667975800.000,1,0,1,多换,S,3011.0000,3010.8000,3010.6000,3010.4000,3010.2000,3012.0000,3012.4000,3012.6000,3012.8000,3013.2000,2,8,3,1,4,3,2,2,1,1
SF,IH2003,2020-01-22 09:33:23.400,3012.0000,22547,0,667975800.000,0,-,-,-,-,3011.2000,3011.0000,3010.8000,3010.6000,3010.4000,3012.0000,3012.4000,3012.6000,3012.8000,3013.2000,4,2,8,3,1,3,2,2,1,1
SF,IH2003,2020-01-22 09:33:23.900,3012.0000,22547,0,667975800.000,0,-,-,-,-,3011.2000,3011.0000,3010.8000,3010.6000,3010.4000,3012.0000,3012.4000,3012.6000,3012.8000,3013.2000,4,1,8,3,1,3,2,2,1,1
SF,IH2003,2020-01-22 09:33:24.400,3012.0000,22547,0,670686600.000,3,1,2,多换,S,3011.2000,3011.0000,3010.8000,3010.6000,3010.4000,3012.4000,3012.6000,3012.8000,3013.2000,3013.6000,4,1,8,3,1,2,2,1,1,1
SF,IH2003,2020-01-22 09:33:24.900,3011.2000,22545,-2,674300040.000,4,1,3,多平,S,3011.0000,3010.8000,3010.6000,3010.4000,3010.2000,3012.4000,3012.6000,3012.8000,3013.2000,3013.6000,2,9,3,1,4,2,2,1,1,1
SF,IH2003,2020-01-22 09:33:25.400,3011.2000,22545,0,674300040.000,0,-,-,-,-,3011.0000,3010.8000,3010.6000,3010.4000,3010.2000,3011.8000,3012.2000,3012.4000,3012.6000,3012.8000,2,4,3,6,4,15,3,2,2,1
SF,IH2003,2020-01-22 09:33:25.900,3011.2000,22545,0,674300040.000,0,-,-,-,-,3011.2000,3011.0000,3010.8000,3010.4000,3010.2000,3011.8000,3012.2000,3012.4000,3012.6000,3012.8000,3,2,4,6,4,15,1,2,2,1
SF,IH2003,2020-01-22 09:33:26.900,3011.2000,22545,0,674300040.000,0,-,-,-,-,3011.2000,3011.0000,3010.8000,3010.4000,3010.2000,3011.8000,3012.2000,3012.4000,3012.6000,3012.8000,4,2,4,6,4,15,1,2,2,1
SF,IH2003,2020-01-22 09:33:27.400,3011.2000,22545,0,674300040.000,0,-,-,-,-,3011.2000,3011.0000,3010.8000,3010.4000,3010.2000,3011.6000,3011.8000,3012.2000,3012.4000,3012.6000,4,2,4,6,4,1,15,1,2,2
SF,IH2003,2020-01-22 09:33:27.900,3011.2000,22545,0,674300040.000,0,-,-,-,-,3011.2000,3011.0000,3010.8000,3010.4000,3010.2000,3011.8000,3012.2000,3012.4000,3012.6000,3012.8000,4,2,4,6,4,15,1,2,2,1
SF,IH2003,2020-01-22 09:33:29.900,3011.2000,22545,0,675203400.000,1,0,1,多换,S,3011.2000,3011.0000,3010.8000,3010.4000,3010.2000,3011.8000,3012.2000,3012.4000,3012.6000,3012.8000,3,2,4,6,4,15,1,2,2,1
SF,IH2003,2020-01-22 09:33:30.900,3011.2000,22545,0,675203400.000,0,-,-,-,-,3011.2000,3011.0000,3010.8000,3010.4000,3010.2000,3011.8000,3012.2000,3012.4000,3012.6000,3012.8000,3,2,4,6,4,15,1,2,2,1
SF,IH2003,2020-01-22 09:33:31.900,3011.2000,22545,0,675203400.000,0,-,-,-,-,3011.4000,3011.2000,3011.0000,3010.8000,3010.4000,3011.8000,3012.2000,3012.4000,3012.6000,3012.8000,3,3,2,4,6,15,1,2,2,1
SF,IH2003,2020-01-22 09:33:32.400,3011.2000,22542,-3,680623740.000,6,1,5,多平,S,3011.0000,3010.8000,3010.4000,3010.2000,3010.0000,3011.2000,3011.8000,3012.2000,3012.4000,3012.6000,2,4,6,4,7,2,15,1,2,2
SF,IH2003,2020-01-22 09:33:32.900,3011.8000,22539,-3,684237540.000,4,0,4,多平,S,3011.6000,3011.4000,3011.2000,3011.0000,3010.8000,3011.8000,3012.2000,3012.4000,3012.6000,3012.8000,3,1,4,2,4,13,1,2,2,1
SF,IH2003,2020-01-22 09:33:33.400,3011.2000,22538,-1,686044380.000,2,0,2,多平,S,3011.2000,3011.0000,3010.8000,3010.4000,3010.2000,3011.6000,3011.8000,3012.2000,3012.4000,3012.6000,1,2,4,6,4,10,14,1,2,2
SF,IH2003,2020-01-22 09:33:33.900,3011.8000,22538,0,687851400.000,2,1,1,多换,S,3011.2000,3011.0000,3010.8000,3010.4000,3010.2000,3011.8000,3012.2000,3012.4000,3012.6000,3012.8000,1,3,4,6,4,13,1,2,2,1
SF,IH2003,2020-01-22 09:33:34.400,3011.8000,22538,0,688754940.000,1,0,1,多换,S,3011.4000,3011.2000,3011.0000,3010.8000,3010.4000,3011.8000,3012.2000,3012.4000,3012.6000,3012.8000,3,2,3,4,1,12,1,2,2,1
SF,IH2003,2020-01-22 09:33:34.900,3011.4000,22537,-1,689658360.000,1,0,1,双平,S,3011.4000,3011.2000,3011.0000,3010.8000,3010.4000,3011.8000,3012.2000,3012.4000,3012.6000,3012.8000,2,2,3,4,1,12,1,2,2,1
SF,IH2003,2020-01-22 09:33:35.400,3011.4000,22536,-1,690561780.000,1,0,1,双平,S,3011.4000,3011.2000,3011.0000,3010.8000,3010.4000,3011.6000,3011.8000,3012.2000,3012.4000,3012.6000,1,2,3,4,1,1,12,1,2,2
SF,IH2003,2020-01-22 09:33:35.900,3011.4000,22536,0,690561780.000,0,-,-,-,-,3011.4000,3011.2000,3011.0000,3010.8000,3010.4000,3011.6000,3011.8000,3012.2000,3012.4000,3012.6000,1,2,3,4,1,1,12,1,2,2
SF,IH2003,2020-01-22 09:33:36.400,3011.6000,22537,1,691465260.000,1,1,0,双开,S,3011.4000,3011.2000,3011.0000,3010.8000,3010.4000,3011.8000,3012.2000,3012.4000,3012.6000,3012.8000,1,1,3,4,1,12,1,2,2,1
SF,IH2003,2020-01-22 09:33:37.900,3011.6000,22537,0,691465260.000,0,-,-,-,-,3011.4000,3011.2000,3011.0000,3010.8000,3010.4000,3011.6000,3011.8000,3012.2000,3012.4000,3012.6000,1,1,3,4,1,1,12,1,2,2
SF,IH2003,2020-01-22 09:33:38.400,3011.6000,22537,0,691465260.000,0,-,-,-,-,3011.4000,3011.2000,3011.0000,3010.8000,3010.4000,3011.6000,3011.8000,3012.2000,3012.4000,3012.6000,2,1,3,4,1,1,12,1,2,2
SF,IH2003,2020-01-22 09:33:38.900,3011.4000,22535,-2,693272100.000,2,0,2,双平,S,3011.2000,3011.0000,3010.8000,3010.4000,3010.2000,3011.4000,3011.6000,3011.8000,3012.2000,3012.4000,1,3,4,1,4,7,1,13,1,2
SF,IH2003,2020-01-22 09:33:39.400,3011.4000,22535,0,695982240.000,3,1,2,多换,S,3011.0000,3010.8000,3010.4000,3010.2000,3010.0000,3011.4000,3011.6000,3011.8000,3012.2000,3012.4000,3,4,1,4,7,4,1,13,1,2
SF,IH2003,2020-01-22 09:33:39.900,3011.4000,22535,0,695982240.000,0,-,-,-,-,3011.0000,3010.8000,3010.4000,3010.2000,3010.0000,3011.2000,3011.4000,3011.6000,3011.8000,3012.2000,3,4,1,4,7,2,4,1,13,1
SF,IH2003,2020-01-22 09:33:40.400,3011.0000,22535,0,699595440.000,4,2,2,多换,S,3010.8000,3010.4000,3010.2000,3010.0000,3009.6000,3011.2000,3011.4000,3011.6000,3011.8000,3012.2000,4,1,4,7,2,2,4,1,13,1
SF,IH2003,2020-01-22 09:33:40.900,3011.0000,22535,0,699595440.000,0,-,-,-,-,3010.8000,3010.4000,3010.2000,3010.0000,3009.6000,3011.2000,3011.4000,3011.6000,3011.8000,3012.2000,4,1,4,7,2,2,4,1,13,1
SF,IH2003,2020-01-22 09:33:41.400,3011.2000,22534,-1,700498800.000,1,0,1,双平,S,3010.8000,3010.4000,3010.2000,3010.0000,3009.6000,3011.2000,3011.4000,3011.6000,3011.8000,3012.2000,4,1,4,7,2,1,4,1,13,1
SF,IH2003,2020-01-22 09:33:41.900,3010.8000,22533,-1,704111760.000,4,1,3,多平,S,3010.4000,3010.2000,3010.0000,3009.6000,3009.2000,3010.8000,3011.2000,3011.4000,3011.6000,3011.8000,1,4,7,2,2,1,1,4,1,13
SF,IH2003,2020-01-22 09:33:42.400,3011.2000,22533,0,705015120.000,1,0,1,多换,S,3010.4000,3010.2000,3010.0000,3009.6000,3009.2000,3011.4000,3011.6000,3011.8000,3012.2000,3012.4000,1,4,7,2,2,4,1,13,1,2
SF,IH2003,2020-01-22 09:33:42.900,3010.4000,22534,1,705918240.000,1,1,0,双开,S,3010.2000,3010.0000,3009.6000,3009.2000,3008.8000,3011.0000,3011.2000,3011.4000,3011.6000,3011.8000,4,7,2,2,2,1,5,4,1,13
SF,IH2003,2020-01-22 09:33:43.400,3010.2000,22535,1,706821300.000,1,1,0,双开,S,3010.2000,3010.0000,3009.6000,3009.2000,3008.8000,3011.2000,3011.4000,3011.6000,3011.8000,3012.4000,3,7,2,2,2,4,4,1,12,2
SF,IH2003,2020-01-22 09:33:43.900,3010.2000,22535,0,706821300.000,0,-,-,-,-,3010.2000,3010.0000,3009.6000,3009.2000,3008.8000,3010.4000,3011.0000,3011.2000,3011.4000,3011.6000,3,7,2,2,2,3,1,4,5,1
SF,IH2003,2020-01-22 09:33:44.400,3010.4000,22532,-3,709530660.000,3,0,3,双平,S,3010.4000,3010.2000,3010.0000,3009.6000,3009.2000,3011.0000,3011.2000,3011.4000,3011.6000,3011.8000,1,3,7,2,2,1,4,5,1,12
SF,IH2003,2020-01-22 09:33:44.900,3010.4000,22532,0,709530660.000,0,-,-,-,-,3010.4000,3010.2000,3010.0000,3009.6000,3009.2000,3010.8000,3011.0000,3011.2000,3011.4000,3011.6000,3,3,7,2,2,1,1,4,5,1
SF,IH2003,2020-01-22 09:33:45.400,3010.8000,22531,-1,710433900.000,1,0,1,双平,S,3010.4000,3010.2000,3010.0000,3009.6000,3009.2000,3011.0000,3011.2000,3011.4000,3011.6000,3011.8000,4,3,7,2,2,1,4,5,1,12
SF,IH2003,2020-01-22 09:33:45.900,3010.4000,22528,-3,714046380.000,4,0,4,多平,S,3010.2000,3010.0000,3009.6000,3009.2000,3008.8000,3010.4000,3011.0000,3011.2000,3011.4000,3011.6000,3,7,2,2,2,1,3,4,5,1
SF,IH2003,2020-01-22 09:33:46.400,3010.2000,22528,0,718561620.000,5,2,3,多换,S,3010.0000,3009.6000,3009.2000,3008.8000,3008.6000,3010.4000,3010.8000,3011.0000,3011.2000,3011.4000,6,2,2,2,1,1,1,3,4,3
SF,IH2003,2020-01-22 09:33:46.900,3010.0000,22528,0,720367620.000,2,1,1,多换,S,3010.0000,3009.6000,3009.2000,3008.8000,3008.6000,3010.4000,3010.8000,3011.0000,3011.2000,3011.4000,5,2,2,2,1,1,1,2,4,3
SF,IH2003,2020-01-22 09:33:47.400,3010.0000,22528,0,724882620.000,5,2,3,多换,S,3009.6000,3009.2000,3008.8000,3008.6000,3008.4000,3010.4000,3010.8000,3011.0000,3011.2000,3011.4000,2,2,2,1,3,2,1,2,4,3
SF,IH2003,2020-01-22 09:33:47.900,3010.0000,22528,0,725785620.000,1,0,1,多换,S,3010.0000,3009.6000,3009.2000,3008.8000,3008.6000,3010.4000,3010.8000,3011.0000,3011.2000,3011.4000,1,4,2,2,1,2,1,2,4,3
SF,IH2003,2020-01-22 09:33:48.400,3010.0000,22527,-1,727591620.000,2,0,2,多平,S,3009.6000,3009.2000,3008.8000,3008.6000,3008.4000,3010.0000,3010.4000,3010.8000,3011.0000,3011.2000,4,2,2,1,3,4,3,1,2,4
SF,IH2003,2020-01-22 09:33:48.900,3010.0000,22527,0,728494620.000,1,0,1,多换,S,3009.6000,3009.2000,3008.8000,3008.6000,3008.4000,3010.4000,3010.8000,3011.0000,3011.2000,3011.4000,4,2,2,1,3,3,1,2,4,2
SF,IH2003,2020-01-22 09:33:49.400,3009.6000,22527,0,729397500.000,1,0,1,多换,S,3009.6000,3009.2000,3008.8000,3008.6000,3008.4000,3010.4000,3010.8000,3011.0000,3011.2000,3011.4000,3,2,2,1,3,3,6,2,4,1
SF,IH2003,2020-01-22 09:33:49.900,3009.6000,22527,0,731203260.000,2,1,1,多换,S,3009.6000,3009.2000,3008.8000,3008.6000,3008.4000,3010.2000,3010.4000,3010.8000,3011.0000,3011.2000,2,2,2,1,3,2,3,6,2,3
SF,IH2003,2020-01-22 09:33:50.400,3009.6000,22527,0,731203260.000,0,-,-,-,-,3009.6000,3009.2000,3008.8000,3008.6000,3008.4000,3009.8000,3010.2000,3010.4000,3010.8000,3011.0000,1,2,2,1,3,1,2,3,6,2
SF,IH2003,2020-01-22 09:33:50.900,3009.6000,22527,0,733009020.000,2,1,1,多换,S,3009.2000,3008.8000,3008.6000,3008.4000,3008.0000,3009.6000,3010.2000,3010.4000,3010.8000,3011.0000,2,2,1,3,3,1,1,3,6,2
SF,IH2003,2020-01-22 09:33:51.400,3009.6000,22527,0,733009020.000,0,-,-,-,-,3009.2000,3008.8000,3008.6000,3008.4000,3008.0000,3009.6000,3010.2000,3010.4000,3010.8000,3011.0000,2,2,1,3,3,1,1,3,6,2
SF,IH2003,2020-01-22 09:33:51.900,3009.6000,22527,0,733911900.000,1,0,1,多换,S,3009.2000,3008.8000,3008.6000,3008.4000,3008.0000,3009.6000,3010.2000,3010.4000,3010.8000,3011.0000,3,2,1,3,3,1,1,3,6,2
SF,IH2003,2020-01-22 09:33:52.400,3009.6000,22527,0,734814780.000,1,0,1,多换,S,3009.2000,3008.8000,3008.6000,3008.4000,3008.0000,3010.2000,3010.4000,3010.8000,3011.2000,3011.4000,3,2,1,3,3,1,2,6,3,1
SF,IH2003,2020-01-22 09:33:52.900,3009.6000,22527,0,734814780.000,0,-,-,-,-,3009.2000,3008.8000,3008.6000,3008.4000,3008.0000,3009.4000,3010.0000,3010.2000,3010.4000,3010.8000,4,2,1,3,3,1,1,3,2,6
SF,IH2003,2020-01-22 09:33:53.400,3010.2000,22527,0,736620600.000,2,1,1,多换,S,3009.2000,3008.8000,3008.6000,3008.4000,3008.0000,3010.2000,3010.4000,3010.8000,3011.2000,3011.4000,3,2,1,3,3,2,2,6,3,1
SF,IH2003,2020-01-22 09:33:53.900,3010.2000,22527,0,736620600.000,0,-,-,-,-,3009.4000,3009.2000,3008.8000,3008.6000,3008.4000,3010.0000,3010.2000,3010.4000,3010.8000,3011.2000,2,3,2,1,3,1,1,2,6,3
SF,IH2003,2020-01-22 09:33:54.400,3009.4000,22525,-2,740232120.000,4,1,3,多平,S,3009.2000,3008.8000,3008.6000,3008.4000,3008.0000,3010.4000,3010.8000,3011.2000,3011.4000,3011.6000,3,2,1,3,3,2,6,3,1,5
SF,IH2003,2020-01-22 09:33:54.900,3009.4000,22525,0,740232120.000,0,-,-,-,-,3009.2000,3008.8000,3008.6000,3008.4000,3008.0000,3010.2000,3010.4000,3010.6000,3010.8000,3011.2000,3,2,1,3,3,1,3,1,6,3
SF,IH2003,2020-01-22 09:33:55.400,3009.4000,22525,0,740232120.000,0,-,-,-,-,3009.2000,3008.8000,3008.6000,3008.4000,3008.0000,3010.0000,3010.2000,3010.4000,3010.8000,3011.2000,4,2,1,3,3,1,1,5,6,3
SF,IH2003,2020-01-22 09:33:55.900,3009.4000,22525,0,740232120.000,0,-,-,-,-,3009.2000,3008.8000,3008.4000,3008.0000,3007.6000,3010.2000,3010.4000,3010.8000,3011.2000,3011.4000,4,2,3,3,2,1,5,6,3,1
SF,IH2003,2020-01-22 09:33:56.400,3009.4000,22525,0,740232120.000,0,-,-,-,-,3009.2000,3008.8000,3008.4000,3008.0000,3007.6000,3010.0000,3010.2000,3010.4000,3010.8000,3011.2000,4,2,3,3,2,1,1,5,6,3
SF,IH2003,2020-01-22 09:33:56.900,3009.4000,22525,0,740232120.000,0,-,-,-,-,3009.2000,3008.8000,3008.4000,3008.0000,3007.6000,3010.2000,3010.4000,3010.8000,3011.2000,3011.4000,4,2,3,3,2,3,5,6,3,1
SF,IH2003,2020-01-22 09:33:57.400,3009.2000,22525,0,743843160.000,4,2,2,多换,S,3008.8000,3008.4000,3008.0000,3007.6000,3007.2000,3009.2000,3009.4000,3010.0000,3010.2000,3010.4000,2,3,3,2,2,2,1,2,2,4
SF,IH2003,2020-01-22 09:33:57.900,3008.8000,22526,1,746551080.000,3,2,1,空开,S,3008.4000,3008.0000,3007.6000,3007.2000,3007.0000,3009.2000,3010.0000,3010.2000,3010.4000,3010.8000,3,3,2,2,1,1,1,2,3,5
SF,IH2003,2020-01-22 09:33:58.400,3008.8000,22526,0,746551080.000,0,-,-,-,-,3008.4000,3008.0000,3007.6000,3007.2000,3007.0000,3009.2000,3010.0000,3010.2000,3010.4000,3010.8000,3,3,2,2,1,1,2,2,1,5
SF,IH2003,2020-01-22 09:33:58.900,3008.8000,22526,0,746551080.000,0,-,-,-,-,3008.4000,3008.0000,3007.6000,3007.2000,3007.0000,3009.0000,3009.2000,3010.0000,3010.2000,3010.4000,3,3,2,2,1,1,1,2,2,1
SF,IH2003,2020-01-22 09:33:59.400,3008.8000,22526,0,746551080.000,0,-,-,-,-,3008.4000,3008.0000,3007.6000,3007.2000,3007.0000,3009.2000,3010.0000,3010.2000,3010.4000,3010.8000,3,3,2,2,1,1,1,2,1,5
SF,IH2003,2020-01-22 09:33:59.900,3008.8000,22526,0,746551080.000,0,-,-,-,-,3008.4000,3008.0000,3007.6000,3007.2000,3007.0000,3009.0000,3009.2000,3010.0000,3010.2000,3010.4000,4,4,2,2,1,1,1,1,1,1
SF,IH2003,2020-01-22 09:34:00.400,3008.4000,22526,0,751063800.000,5,2,3,多换,S,3008.0000,3007.6000,3007.2000,3007.0000,3006.8000,3008.8000,3009.2000,3010.0000,3010.4000,3010.8000,4,2,2,1,4,1,1,1,1,5
SF,IH2003,2020-01-22 09:34:00.900,3008.6000,22526,0,751966380.000,1,0,1,多换,S,3008.4000,3008.2000,3008.0000,3007.6000,3007.2000,3009.0000,3009.2000,3009.6000,3010.0000,3010.4000,1,1,4,2,2,1,1,1,1,1
SF,IH2003,2020-01-22 09:34:01.400,3008.4000,22525,-1,753771540.000,2,0,2,多平,S,3008.4000,3008.2000,3008.0000,3007.6000,3007.2000,3009.0000,3009.2000,3009.6000,3010.0000,3010.4000,1,1,4,2,2,1,1,2,1,1
SF,IH2003,2020-01-22 09:34:01.900,3008.4000,22525,0,753771540.000,0,-,-,-,-,3008.4000,3008.2000,3008.0000,3007.6000,3007.2000,3008.8000,3009.0000,3009.2000,3009.6000,3010.0000,2,1,4,2,2,1,2,1,2,1
SF,IH2003,2020-01-22 09:34:02.400,3008.4000,22525,0,753771540.000,0,-,-,-,-,3008.4000,3008.2000,3008.0000,3007.6000,3007.2000,3009.0000,3009.2000,3009.6000,3010.0000,3010.4000,2,1,4,2,2,2,1,2,1,1
SF,IH2003,2020-01-22 09:34:02.900,3008.4000,22526,1,756479100.000,3,2,1,空开,S,3008.0000,3007.6000,3007.2000,3007.0000,3006.8000,3008.4000,3008.8000,3009.0000,3009.2000,3009.6000,4,2,2,1,4,1,1,2,1,2
SF,IH2003,2020-01-22 09:34:03.400,3008.0000,22526,0,757381500.000,1,0,1,多换,S,3008.0000,3007.6000,3007.2000,3007.0000,3006.8000,3008.4000,3008.8000,3009.0000,3009.2000,3009.6000,3,2,2,1,4,1,1,2,1,1
SF,IH2003,2020-01-22 09:34:03.900,3008.4000,22526,0,759186540.000,2,1,1,多换,S,3008.0000,3007.6000,3007.2000,3007.0000,3006.8000,3008.4000,3008.8000,3009.0000,3009.2000,3009.6000,3,2,2,1,4,2,1,2,1,1
SF,IH2003,2020-01-22 09:34:04.400,3008.4000,22525,-1,760089060.000,1,0,1,双平,S,3008.0000,3007.6000,3007.2000,3007.0000,3006.8000,3008.4000,3008.8000,3009.0000,3009.2000,3009.6000,3,2,2,2,4,1,1,2,1,1
SF,IH2003,2020-01-22 09:34:04.900,3008.0000,22523,-2,763698720.000,4,1,3,多平,S,3007.6000,3007.2000,3007.0000,3006.8000,3006.6000,3008.0000,3008.4000,3008.8000,3009.0000,3009.2000,2,2,2,4,1,1,1,1,2,1
SF,IH2003,2020-01-22 09:34:05.400,3008.0000,22523,0,763698720.000,0,-,-,-,-,3007.6000,3007.2000,3007.0000,3006.8000,3006.6000,3008.0000,3008.4000,3009.0000,3009.2000,3009.6000,2,2,2,4,1,1,1,2,1,1
SF,IH2003,2020-01-22 09:34:05.900,3008.0000,22523,0,763698720.000,0,-,-,-,-,3007.8000,3007.6000,3007.2000,3007.0000,3006.8000,3008.0000,3008.4000,3009.0000,3009.2000,3009.6000,1,2,2,2,4,1,1,2,1,1
SF,IH2003,2020-01-22 09:34:06.400,3007.8000,22522,-1,764601060.000,1,0,1,双平,S,3007.6000,3007.2000,3007.0000,3006.8000,3006.6000,3008.0000,3008.4000,3009.0000,3009.2000,3009.6000,4,2,2,4,1,1,1,2,1,1
SF,IH2003,2020-01-22 09:34:06.900,3007.6000,22522,0,766405620.000,2,1,1,多换,S,3007.6000,3007.2000,3007.0000,3006.8000,3006.6000,3007.8000,3008.0000,3008.4000,3009.0000,3009.2000,3,2,2,4,1,2,2,1,1,1
SF,IH2003,2020-01-22 09:34:07.400,3007.6000,22522,0,769112460.000,3,1,2,多换,S,3007.2000,3007.0000,3006.8000,3006.6000,3006.4000,3007.8000,3008.0000,3008.4000,3008.6000,3009.0000,2,2,4,1,2,2,2,2,1,1
SF,IH2003,2020-01-22 09:34:07.900,3007.8000,22519,-3,771819480.000,3,0,3,双平,S,3008.0000,3007.2000,3007.0000,3006.8000,3006.6000,3008.4000,3008.6000,3009.0000,3009.2000,3009.6000,1,3,2,4,1,2,1,1,1,1
SF,IH2003,2020-01-22 09:34:08.400,3008.4000,22517,-2,773624520.000,2,0,2,双平,S,3008.0000,3007.8000,3007.2000,3007.0000,3006.8000,3008.4000,3008.6000,3009.2000,3009.6000,3010.0000,1,1,3,2,4,1,1,1,1,1
SF,IH2003,2020-01-22 09:34:08.900,3008.4000,22517,0,773624520.000,0,-,-,-,-,3008.0000,3007.2000,3007.0000,3006.8000,3006.6000,3008.4000,3008.6000,3008.8000,3009.2000,3009.6000,1,3,2,4,1,1,1,15,1,1
SF,IH2003,2020-01-22 09:34:09.400,3008.0000,22516,-1,774526920.000,1,0,1,双平,S,3007.2000,3007.0000,3006.8000,3006.6000,3006.4000,3008.4000,3008.6000,3008.8000,3009.2000,3009.6000,3,2,4,1,2,1,1,15,1,1
SF,IH2003,2020-01-22 09:34:09.900,3008.0000,22516,0,774526920.000,0,-,-,-,-,3007.4000,3007.2000,3007.0000,3006.8000,3006.6000,3008.4000,3008.6000,3008.8000,3009.2000,3009.6000,1,3,2,4,1,1,1,15,1,1
SF,IH2003,2020-01-22 09:34:10.400,3008.0000,22516,0,774526920.000,0,-,-,-,-,3007.4000,3007.2000,3007.0000,3006.8000,3006.6000,3008.4000,3008.6000,3008.8000,3009.2000,3009.6000,2,3,2,4,1,1,1,15,1,1
SF,IH2003,2020-01-22 09:34:10.900,3008.0000,22516,0,774526920.000,0,-,-,-,-,3007.6000,3007.4000,3007.2000,3007.0000,3006.8000,3008.4000,3008.6000,3008.8000,3009.2000,3010.0000,3,3,3,2,4,1,1,15,1,1
SF,IH2003,2020-01-22 09:34:11.400,3008.0000,22516,0,774526920.000,0,-,-,-,-,3007.6000,3007.4000,3007.2000,3007.0000,3006.8000,3008.4000,3008.6000,3008.8000,3009.0000,3009.2000,3,3,3,2,4,2,1,16,1,1
SF,IH2003,2020-01-22 09:34:11.900,3007.6000,22513,-3,777233760.000,3,0,3,双平,S,3007.8000,3007.6000,3007.4000,3007.2000,3007.0000,3008.4000,3008.6000,3008.8000,3009.0000,3009.2000,1,1,2,4,2,2,1,15,1,1
SF,IH2003,2020-01-22 09:34:12.400,3007.6000,22513,0,779038380.000,2,1,1,多换,S,3007.6000,3007.4000,3007.2000,3007.0000,3006.8000,3008.2000,3008.4000,3008.6000,3008.8000,3009.0000,1,2,4,2,4,1,2,1,15,1
SF,IH2003,2020-01-22 09:34:12.900,3007.6000,22513,0,779940660.000,1,0,1,多换,S,3007.6000,3007.4000,3007.2000,3007.0000,3006.8000,3007.8000,3008.2000,3008.4000,3008.6000,3008.8000,1,2,4,2,4,1,1,2,1,15
SF,IH2003,2020-01-22 09:34:13.400,3007.6000,22513,0,780842940.000,1,0,1,多换,S,3007.8000,3007.6000,3007.4000,3007.2000,3007.0000,3008.2000,3008.4000,3008.6000,3008.8000,3009.2000,2,1,2,4,2,1,1,1,15,1
SF,IH2003,2020-01-22 09:34:13.900,3007.6000,22513,0,780842940.000,0,-,-,-,-,3007.8000,3007.6000,3007.4000,3007.2000,3007.0000,3008.2000,3008.4000,3008.6000,3008.8000,3009.2000,2,1,2,4,2,1,2,1,15,1
SF,IH2003,2020-01-22 09:34:14.400,3007.6000,22511,-2,783549780.000,3,0,3,多平,S,3007.8000,3007.4000,3007.2000,3007.0000,3006.8000,3008.4000,3008.6000,3008.8000,3009.2000,3010.6000,1,2,4,2,4,2,1,15,1,1
SF,IH2003,2020-01-22 09:34:14.900,3007.8000,22511,0,784452120.000,1,0,1,多换,S,3007.8000,3007.4000,3007.2000,3007.0000,3006.8000,3008.6000,3008.8000,3009.2000,3010.6000,3010.8000,1,2,4,2,4,1,15,1,1,5
SF,IH2003,2020-01-22 09:34:15.400,3007.8000,22511,0,785354460.000,1,0,1,多换,S,3007.4000,3007.2000,3007.0000,3006.8000,3006.6000,3007.8000,3008.6000,3008.8000,3009.0000,3009.2000,2,4,2,4,1,1,2,15,4,1
SF,IH2003,2020-01-22 09:34:15.900,3007.8000,22511,0,786256800.000,1,0,1,多换,S,3007.4000,3007.2000,3007.0000,3006.8000,3006.6000,3008.6000,3008.8000,3009.0000,3009.2000,3010.6000,2,4,2,4,1,2,15,3,1,1
SF,IH2003,2020-01-22 09:34:16.400,3007.8000,22511,0,786256800.000,0,-,-,-,-,3007.4000,3007.2000,3007.0000,3006.8000,3006.6000,3008.4000,3008.6000,3008.8000,3009.0000,3009.2000,2,4,2,4,1,2,3,15,3,1
SF,IH2003,2020-01-22 09:34:16.900,3007.8000,22511,0,786256800.000,0,-,-,-,-,3007.4000,3007.2000,3007.0000,3006.8000,3006.6000,3008.2000,3008.4000,3008.6000,3008.8000,3009.0000,2,4,2,4,1,1,2,2,15,3
SF,IH2003,2020-01-22 09:34:17.400,3008.2000,22511,0,787159260.000,1,0,1,多换,S,3007.4000,3007.2000,3007.0000,3006.8000,3006.6000,3008.6000,3008.8000,3009.2000,3010.6000,3010.8000,2,4,1,4,1,2,15,1,1,5
SF,IH2003,2020-01-22 09:34:17.900,3008.2000,22511,0,787159260.000,0,-,-,-,-,3007.4000,3007.2000,3007.0000,3006.8000,3006.6000,3007.8000,3008.0000,3008.4000,3008.6000,3008.8000,2,5,1,4,1,3,1,5,3,15
SF,IH2003,2020-01-22 09:34:18.400,3007.4000,22511,0,788963700.000,2,1,1,多换,S,3007.2000,3007.0000,3006.8000,3006.6000,3006.4000,3007.8000,3008.0000,3008.4000,3008.6000,3008.8000,5,1,4,1,2,4,1,2,3,15
SF,IH2003,2020-01-22 09:34:18.900,3007.4000,22511,0,788963700.000,0,-,-,-,-,3007.2000,3007.0000,3006.8000,3006.6000,3006.4000,3007.8000,3008.0000,3008.4000,3008.6000,3008.8000,5,1,4,1,2,5,2,2,3,15
SF,IH2003,2020-01-22 09:34:19.400,3007.2000,22511,0,791670180.000,3,1,2,多换,S,3007.2000,3007.0000,3006.8000,3006.6000,3006.4000,3007.6000,3007.8000,3008.0000,3008.4000,3008.6000,3,1,4,1,2,4,5,2,2,3
SF,IH2003,2020-01-22 09:34:19.900,3007.2000,22511,0,793474500.000,2,1,1,多换,S,3007.2000,3007.0000,3006.8000,3006.6000,3006.4000,3007.6000,3007.8000,3008.0000,3008.4000,3008.6000,1,1,4,1,2,4,5,1,2,3
SF,IH2003,2020-01-22 09:34:20.400,3007.2000,22510,-1,794376660.000,1,0,1,双平,S,3007.0000,3006.8000,3006.6000,3006.4000,3006.2000,3007.2000,3007.6000,3007.8000,3008.0000,3008.4000,1,4,1,2,1,3,4,5,1,2
SF,IH2003,2020-01-22 09:34:20.900,3007.2000,22509,-1,795278820.000,1,0,1,双平,S,3007.0000,3006.8000,3006.6000,3006.4000,3006.2000,3007.2000,3007.6000,3007.8000,3008.0000,3008.4000,1,4,1,2,1,2,4,3,1,1
SF,IH2003,2020-01-22 09:34:21.400,3007.2000,22508,-1,796180980.000,1,0,1,双平,S,3007.0000,3006.8000,3006.6000,3006.4000,3006.2000,3007.2000,3007.6000,3007.8000,3008.0000,3008.4000,1,4,1,2,1,1,1,3,1,1
SF,IH2003,2020-01-22 09:34:21.900,3007.2000,22507,-1,797985240.000,2,0,2,多平,S,3007.4000,3007.2000,3006.8000,3006.6000,3006.4000,3007.6000,3007.8000,3008.0000,3008.4000,3008.6000,2,1,4,1,2,3,3,1,1,2
SF,IH2003,2020-01-22 09:34:22.400,3006.8000,22507,0,801594000.000,4,2,2,多换,S,3006.8000,3006.6000,3006.4000,3006.2000,3006.0000,3007.0000,3007.2000,3007.6000,3007.8000,3008.0000,3,1,2,1,5,1,2,1,3,2
SF,IH2003,2020-01-22 09:34:22.900,3008.6000,22512,5,811519620.000,11,8,3,空开,S,3007.0000,3006.8000,3006.6000,3006.4000,3006.2000,3008.6000,3008.8000,3009.2000,3010.6000,3010.8000,2,3,1,2,1,1,15,1,1,5
SF,IH2003,2020-01-22 09:34:23.400,3008.6000,22512,0,811519620.000,0,-,-,-,-,3007.4000,3007.2000,3007.0000,3006.8000,3006.6000,3007.6000,3008.4000,3008.6000,3008.8000,3009.2000,1,2,2,3,1,3,3,1,15,1
SF,IH2003,2020-01-22 09:34:23.900,3007.6000,22512,0,814226460.000,3,1,2,多换,S,3007.8000,3007.6000,3007.4000,3007.2000,3007.0000,3008.4000,3008.6000,3008.8000,3009.2000,3010.6000,1,3,1,2,2,2,1,15,2,1
SF,IH2003,2020-01-22 09:34:24.400,3008.4000,22512,0,815128980.000,1,0,1,多换,S,3007.8000,3007.6000,3007.4000,3007.2000,3007.0000,3008.4000,3008.8000,3009.2000,3010.6000,3010.8000,1,2,1,2,2,1,15,2,1,5
SF,IH2003,2020-01-22 09:34:24.900,3007.6000,22510,-2,816933600.000,2,0,2,双平,S,3007.4000,3007.2000,3007.0000,3006.8000,3006.6000,3008.4000,3008.8000,3009.2000,3010.6000,3010.8000,1,2,2,3,1,1,15,2,1,5
SF,IH2003,2020-01-22 09:34:25.400,3007.6000,22510,0,816933600.000,0,-,-,-,-,3007.4000,3007.2000,3007.0000,3006.8000,3006.6000,3008.0000,3008.4000,3008.8000,3009.2000,3010.6000,1,2,2,3,1,1,2,15,2,1
SF,IH2003,2020-01-22 09:34:25.900,3007.6000,22510,0,816933600.000,0,-,-,-,-,3007.4000,3007.2000,3007.0000,3006.8000,3006.6000,3008.4000,3008.6000,3008.8000,3009.2000,3010.6000,1,2,3,3,1,2,3,15,2,1
SF,IH2003,2020-01-22 09:34:26.400,3007.2000,22508,-2,819640080.000,3,0,3,多平,S,3007.0000,3006.8000,3006.6000,3006.4000,3006.2000,3007.2000,3007.4000,3008.0000,3008.4000,3008.6000,3,3,1,2,1,8,1,1,2,3
SF,IH2003,2020-01-22 09:34:26.900,3007.2000,22500,-8,826857360.000,8,0,8,双平,S,3007.0000,3006.8000,3006.6000,3006.4000,3006.2000,3007.4000,3008.4000,3008.8000,3009.2000,3010.6000,3,3,1,2,1,1,1,15,2,1
SF,IH2003,2020-01-22 09:34:27.400,3007.2000,22500,0,827759520.000,1,0,1,多换,S,3007.0000,3006.8000,3006.6000,3006.4000,3006.2000,3007.2000,3007.4000,3008.4000,3008.8000,3009.2000,9,3,1,2,1,2,2,1,15,2
