市场代码,合约代码,时间,最新,持仓,增仓,成交额,成交量,开仓,平仓,成交类型,方向,买一价,买二价,买三价,买四价,买五价,卖一价,卖二价,卖三价,卖四价,卖五价,买一量,买二量,买三量,买四量,买五量,卖一量,卖二量,卖三量,卖四量,卖五量
SF,IH2009,2020-03-18 09:29:00.000,2625.6000,9745,0,11027520.000,14.000,-,-,-,-,2625.4000,2621.4000,2620.2000,2618.8000,2616.0000,2625.8000,2626.0000,2626.4000,2627.2000,2629.4000,1,1,2,1,3,3,4,1,1,1
SF,IH2009,2020-03-18 09:30:00.500,2625.4000,9746,1,14965620.000,5,3,2,空开,S,2621.4000,2620.2000,2618.8000,2616.0000,2614.0000,2623.2000,2624.0000,2625.0000,2625.2000,2625.4000,1,2,1,3,2,2,1,8,4,2
SF,IH2009,2020-03-18 09:30:01.000,2621.4000,9746,0,15752040.000,1,0,1,多换,S,2621.4000,2620.2000,2620.0000,2618.8000,2616.0000,2622.8000,2623.0000,2623.2000,2624.0000,2625.0000,4,2,1,1,3,2,1,2,1,1
SF,IH2009,2020-03-18 09:30:01.500,2621.4000,9746,0,18111300.000,3,1,2,多换,S,2621.4000,2620.2000,2620.0000,2618.8000,2616.0000,2622.6000,2622.8000,2624.0000,2625.0000,2625.4000,1,2,1,1,3,1,2,1,1,1
SF,IH2009,2020-03-18 09:30:02.000,2621.4000,9746,0,18897720.000,1,0,1,多换,S,2620.2000,2620.0000,2618.8000,2616.0000,2614.0000,2622.2000,2622.6000,2624.0000,2625.0000,2625.4000,2,1,1,3,2,2,1,1,1,1
SF,IH2009,2020-03-18 09:30:02.500,2622.0000,9745,-1,19684320.000,1,0,1,双平,S,2620.4000,2620.2000,2620.0000,2618.8000,2616.0000,2622.2000,2622.4000,2624.0000,2625.0000,2625.4000,1,2,1,1,3,2,1,1,1,1
SF,IH2009,2020-03-18 09:30:03.000,2622.0000,9745,0,19684320.000,0,-,-,-,-,2620.6000,2620.4000,2620.2000,2620.0000,2618.8000,2622.2000,2624.0000,2625.0000,2625.4000,2625.6000,1,1,2,1,1,2,1,1,1,1
SF,IH2009,2020-03-18 09:30:03.500,2622.0000,9745,0,19684320.000,0,-,-,-,-,2620.8000,2620.6000,2620.2000,2620.0000,2618.8000,2624.0000,2625.0000,2625.4000,2625.6000,2625.8000,1,1,2,1,1,1,2,1,1,7
SF,IH2009,2020-03-18 09:30:04.000,2622.0000,9745,0,19684320.000,0,-,-,-,-,2621.0000,2620.8000,2620.2000,2620.0000,2618.8000,2623.6000,2624.0000,2625.0000,2625.4000,2625.6000,1,1,2,1,2,2,1,2,1,1
SF,IH2009,2020-03-18 09:30:04.500,2621.2000,9744,-1,20470680.000,1,0,1,双平,S,2621.0000,2620.2000,2620.0000,2618.8000,2616.0000,2623.6000,2624.0000,2625.0000,2625.4000,2625.8000,1,2,1,2,3,2,1,2,1,7
SF,IH2009,2020-03-18 09:30:05.000,2625.0000,9744,0,21258180.000,1,0,1,多换,S,2621.0000,2620.2000,2620.0000,2618.8000,2616.0000,2625.4000,2625.8000,2626.0000,2626.4000,2626.8000,1,2,1,2,3,1,2,4,1,1
SF,IH2009,2020-03-18 09:30:05.500,2625.0000,9744,0,21258180.000,0,-,-,-,-,2621.2000,2621.0000,2620.2000,2620.0000,2618.8000,2625.4000,2625.8000,2626.0000,2626.4000,2626.8000,1,1,2,1,2,1,2,4,1,1
SF,IH2009,2020-03-18 09:30:06.000,2625.0000,9744,0,21258180.000,0,-,-,-,-,2622.0000,2621.4000,2621.2000,2620.2000,2620.0000,2625.4000,2625.8000,2626.0000,2626.4000,2626.8000,1,1,1,2,1,1,2,4,1,1
SF,IH2009,2020-03-18 09:30:06.500,2625.0000,9744,0,21258180.000,0,-,-,-,-,2622.2000,2622.0000,2621.2000,2620.2000,2620.0000,2625.4000,2625.8000,2626.0000,2626.4000,2626.8000,2,1,1,2,1,1,2,4,1,1
SF,IH2009,2020-03-18 09:30:07.000,2625.0000,9744,0,21258180.000,0,-,-,-,-,2622.6000,2622.2000,2622.0000,2620.2000,2620.0000,2625.4000,2625.8000,2626.0000,2626.4000,2626.8000,2,3,2,2,1,1,2,4,1,1
SF,IH2009,2020-03-18 09:30:07.500,2625.0000,9744,0,21258180.000,0,-,-,-,-,2622.8000,2622.6000,2622.2000,2622.0000,2620.8000,2625.4000,2625.8000,2626.0000,2626.4000,2626.8000,2,2,1,2,1,1,2,4,1,1
SF,IH2009,2020-03-18 09:30:08.000,2623.6000,9745,1,22045260.000,1,1,0,双开,S,2622.8000,2622.6000,2622.2000,2622.0000,2620.8000,2625.4000,2625.8000,2626.0000,2626.4000,2626.8000,2,2,1,2,1,1,2,4,1,1
SF,IH2009,2020-03-18 09:30:08.500,2623.6000,9745,0,22045260.000,0,-,-,-,-,2622.8000,2622.6000,2622.2000,2622.0000,2620.8000,2625.4000,2625.8000,2626.0000,2626.4000,2626.8000,2,2,1,2,1,1,2,3,1,1
SF,IH2009,2020-03-18 09:30:09.000,2623.6000,9745,0,22045260.000,0,-,-,-,-,2623.0000,2622.8000,2622.6000,2622.0000,2620.8000,2625.4000,2625.8000,2626.0000,2626.4000,2626.8000,1,2,2,2,1,1,2,3,1,1
SF,IH2009,2020-03-18 09:30:09.500,2625.4000,9744,-1,22832880.000,1,0,1,双平,S,2623.2000,2623.0000,2622.6000,2622.0000,2620.8000,2625.8000,2626.0000,2626.4000,2626.8000,2627.0000,2,1,2,2,1,2,3,1,1,1
SF,IH2009,2020-03-18 09:30:10.000,2625.4000,9744,0,22832880.000,0,-,-,-,-,2623.4000,2623.2000,2622.6000,2622.0000,2620.8000,2625.8000,2626.0000,2626.4000,2626.8000,2627.0000,2,2,2,2,1,2,3,1,1,1
SF,IH2009,2020-03-18 09:30:10.500,2625.8000,9744,0,23620620.000,1,0,1,多换,S,2623.6000,2623.4000,2623.2000,2622.6000,2622.0000,2625.8000,2626.0000,2626.4000,2626.8000,2627.0000,1,2,1,2,2,2,3,1,1,1
SF,IH2009,2020-03-18 09:30:11.000,2625.8000,9744,0,23620620.000,0,-,-,-,-,2623.6000,2623.4000,2623.2000,2622.6000,2622.0000,2625.8000,2626.0000,2626.4000,2626.8000,2627.0000,1,2,1,2,3,2,3,1,1,1
SF,IH2009,2020-03-18 09:30:11.500,2625.8000,9744,0,23620620.000,0,-,-,-,-,2623.6000,2623.4000,2623.2000,2622.6000,2622.0000,2625.8000,2626.0000,2626.4000,2626.8000,2627.0000,1,2,1,2,3,2,3,1,1,1
SF,IH2009,2020-03-18 09:30:12.000,2625.8000,9744,0,23620620.000,0,-,-,-,-,2623.6000,2623.4000,2623.2000,2622.6000,2622.0000,2625.8000,2626.0000,2626.4000,2626.8000,2627.0000,1,2,1,2,3,2,3,1,1,1
SF,IH2009,2020-03-18 09:30:12.500,2623.8000,9743,-1,24407760.000,1,0,1,双平,S,2623.4000,2623.2000,2622.6000,2622.0000,2620.8000,2625.8000,2626.0000,2626.4000,2626.8000,2627.0000,2,1,2,3,1,2,3,1,1,1
SF,IH2009,2020-03-18 09:30:13.000,2623.8000,9743,0,24407760.000,0,-,-,-,-,2623.4000,2623.2000,2622.6000,2622.0000,2620.8000,2625.8000,2626.0000,2626.4000,2626.8000,2627.0000,1,1,2,3,1,2,3,1,1,1
SF,IH2009,2020-03-18 09:30:13.500,2623.8000,9743,0,24407760.000,0,-,-,-,-,2623.4000,2623.2000,2622.6000,2622.0000,2620.8000,2625.8000,2626.0000,2626.4000,2626.8000,2627.0000,1,1,2,3,1,3,3,1,1,1
SF,IH2009,2020-03-18 09:30:14.000,2623.8000,9743,0,24407760.000,0,-,-,-,-,2623.4000,2623.2000,2622.6000,2622.0000,2620.8000,2625.8000,2626.0000,2626.4000,2626.8000,2627.0000,1,1,2,3,1,3,3,1,1,1
SF,IH2009,2020-03-18 09:30:14.500,2623.8000,9743,0,24407760.000,0,-,-,-,-,2623.4000,2623.2000,2622.6000,2622.0000,2620.8000,2625.8000,2626.0000,2626.4000,2626.8000,2627.0000,1,1,2,3,1,3,3,1,1,1
SF,IH2009,2020-03-18 09:30:15.000,2625.8000,9742,-1,25195500.000,1,0,1,双平,S,2623.2000,2622.6000,2622.0000,2620.8000,2620.2000,2625.8000,2626.0000,2626.4000,2626.8000,2627.0000,1,2,3,1,2,2,3,1,1,1
SF,IH2009,2020-03-18 09:30:15.500,2625.8000,9742,0,25195500.000,0,-,-,-,-,2623.2000,2622.6000,2622.0000,2620.8000,2620.2000,2625.8000,2626.0000,2626.4000,2626.8000,2627.0000,1,2,3,1,2,2,3,1,1,1
SF,IH2009,2020-03-18 09:30:16.000,2625.8000,9742,0,25195500.000,0,-,-,-,-,2623.2000,2622.6000,2622.0000,2620.8000,2620.2000,2625.6000,2625.8000,2626.0000,2626.4000,2626.8000,1,2,3,1,2,1,2,3,1,1
SF,IH2009,2020-03-18 09:30:16.500,2625.8000,9742,0,25195500.000,0,-,-,-,-,2623.2000,2622.6000,2622.0000,2620.8000,2620.2000,2625.6000,2625.8000,2626.0000,2626.4000,2626.8000,1,2,3,1,2,1,2,3,1,1
SF,IH2009,2020-03-18 09:30:17.000,2625.8000,9742,0,25195500.000,0,-,-,-,-,2623.2000,2622.6000,2622.0000,2620.8000,2620.2000,2625.8000,2626.0000,2626.4000,2626.8000,2627.0000,1,2,3,1,2,2,3,1,1,1
SF,IH2009,2020-03-18 09:30:17.500,2625.8000,9742,0,25195500.000,0,-,-,-,-,2623.2000,2622.6000,2622.0000,2620.8000,2620.2000,2625.8000,2626.0000,2626.4000,2626.8000,2627.0000,1,2,3,1,2,2,3,1,1,1
SF,IH2009,2020-03-18 09:30:18.500,2625.8000,9741,-1,25983240.000,1,0,1,双平,S,2623.4000,2623.2000,2622.6000,2622.0000,2620.8000,2625.8000,2626.0000,2626.4000,2626.8000,2627.0000,1,1,2,3,1,2,3,1,1,1
SF,IH2009,2020-03-18 09:30:19.000,2625.8000,9741,0,25983240.000,0,-,-,-,-,2623.4000,2623.2000,2622.6000,2622.0000,2620.8000,2625.8000,2626.0000,2626.4000,2626.8000,2627.0000,1,1,2,3,1,2,3,1,1,1
SF,IH2009,2020-03-18 09:30:19.500,2625.8000,9741,0,25983240.000,0,-,-,-,-,2623.4000,2623.2000,2622.6000,2622.0000,2620.8000,2625.8000,2626.0000,2626.4000,2626.8000,2627.0000,1,1,2,3,1,1,3,1,1,1
SF,IH2009,2020-03-18 09:30:20.000,2626.0000,9738,-3,28346580.000,3,0,3,双平,S,2623.4000,2623.2000,2622.6000,2622.0000,2620.2000,2626.0000,2626.4000,2626.8000,2627.0000,2627.2000,1,1,2,3,2,1,1,1,1,1
SF,IH2009,2020-03-18 09:30:20.500,2623.6000,9737,-1,29133660.000,1,0,1,双平,S,2623.4000,2623.2000,2622.6000,2622.0000,2620.2000,2626.0000,2626.4000,2626.8000,2627.0000,2627.2000,1,1,2,3,2,1,1,1,1,1
SF,IH2009,2020-03-18 09:30:21.000,2623.6000,9737,0,29133660.000,0,-,-,-,-,2623.6000,2623.4000,2623.2000,2622.6000,2622.0000,2626.0000,2626.4000,2626.8000,2627.0000,2627.2000,1,1,1,2,3,1,1,1,1,1
SF,IH2009,2020-03-18 09:30:21.500,2623.6000,9737,0,29133660.000,0,-,-,-,-,2623.2000,2622.6000,2622.0000,2620.2000,2620.0000,2625.8000,2626.0000,2626.4000,2626.8000,2627.0000,1,2,3,2,2,1,1,1,1,1
SF,IH2009,2020-03-18 09:30:22.000,2623.6000,9737,0,29133660.000,0,-,-,-,-,2623.2000,2622.6000,2622.0000,2620.2000,2620.0000,2625.8000,2626.0000,2626.4000,2626.8000,2627.0000,1,2,3,2,2,1,1,1,1,1
SF,IH2009,2020-03-18 09:30:22.500,2623.6000,9737,0,29133660.000,0,-,-,-,-,2623.4000,2623.2000,2622.6000,2622.0000,2620.2000,2626.0000,2626.4000,2626.8000,2627.0000,2627.2000,1,1,2,3,2,1,1,1,1,1
SF,IH2009,2020-03-18 09:30:23.000,2623.6000,9737,0,29133660.000,0,-,-,-,-,2623.4000,2623.2000,2622.6000,2622.0000,2620.2000,2626.0000,2626.4000,2626.8000,2627.0000,2627.2000,1,1,2,2,2,2,1,1,1,1
SF,IH2009,2020-03-18 09:30:24.000,2623.6000,9737,0,29133660.000,0,-,-,-,-,2623.4000,2623.2000,2622.6000,2622.0000,2620.2000,2626.0000,2626.4000,2626.8000,2627.0000,2627.2000,1,1,2,2,2,2,1,1,1,1
SF,IH2009,2020-03-18 09:30:24.500,2623.6000,9737,0,29133660.000,0,-,-,-,-,2623.4000,2623.2000,2622.6000,2622.0000,2620.2000,2625.6000,2626.0000,2626.4000,2626.8000,2627.0000,1,1,2,2,2,1,2,1,1,1
SF,IH2009,2020-03-18 09:30:25.000,2623.6000,9737,0,29133660.000,0,-,-,-,-,2623.4000,2623.2000,2622.6000,2622.0000,2620.2000,2625.6000,2626.0000,2626.4000,2626.8000,2627.0000,2,1,2,2,2,1,2,1,1,1
SF,IH2009,2020-03-18 09:30:25.500,2623.6000,9737,0,29133660.000,0,-,-,-,-,2623.4000,2623.2000,2622.6000,2622.0000,2620.2000,2625.4000,2625.6000,2626.0000,2626.4000,2626.8000,1,1,2,2,2,1,1,2,1,1
SF,IH2009,2020-03-18 09:30:26.000,2623.6000,9737,0,29133660.000,0,-,-,-,-,2623.4000,2623.2000,2622.0000,2620.2000,2620.0000,2625.4000,2625.6000,2625.8000,2626.0000,2626.4000,1,1,1,2,2,1,1,1,2,1
SF,IH2009,2020-03-18 09:30:26.500,2623.4000,9735,-2,31494660.000,3,0,3,多平,S,2620.2000,2620.0000,2618.8000,2616.0000,2614.0000,2625.0000,2625.6000,2625.8000,2626.0000,2626.4000,2,2,2,3,1,2,1,1,3,1
SF,IH2009,2020-03-18 09:30:27.000,2624.8000,9735,0,32282100.000,1,0,1,多换,S,2620.4000,2620.2000,2620.0000,2618.8000,2616.0000,2625.0000,2625.2000,2625.6000,2625.8000,2626.0000,1,2,2,2,3,3,1,1,1,3
SF,IH2009,2020-03-18 09:30:27.500,2624.8000,9735,0,33069540.000,1,0,1,多换,S,2620.4000,2620.2000,2620.0000,2618.8000,2616.0000,2624.8000,2625.0000,2625.6000,2625.8000,2626.0000,2,2,2,2,3,1,2,1,1,3
SF,IH2009,2020-03-18 09:30:28.000,2624.8000,9734,-1,33856980.000,1,0,1,双平,S,2621.4000,2620.4000,2620.2000,2620.0000,2618.8000,2625.0000,2625.6000,2625.8000,2626.0000,2626.4000,1,2,2,2,2,2,1,1,3,1
SF,IH2009,2020-03-18 09:30:28.500,2624.8000,9734,0,33856980.000,0,-,-,-,-,2622.0000,2621.4000,2620.4000,2620.2000,2620.0000,2625.0000,2625.6000,2625.8000,2626.0000,2626.4000,1,1,2,2,2,2,1,1,3,1
SF,IH2009,2020-03-18 09:30:29.000,2624.8000,9734,0,33856980.000,0,-,-,-,-,2620.4000,2620.2000,2620.0000,2618.8000,2616.0000,2624.8000,2625.0000,2625.6000,2625.8000,2626.0000,1,2,2,2,3,1,2,1,1,3
SF,IH2009,2020-03-18 09:30:29.500,2624.8000,9734,0,33856980.000,0,-,-,-,-,2620.4000,2620.2000,2620.0000,2618.8000,2616.0000,2624.4000,2624.8000,2625.0000,2625.6000,2625.8000,1,2,2,2,3,2,1,1,1,1
SF,IH2009,2020-03-18 09:30:30.000,2624.8000,9734,0,33856980.000,0,-,-,-,-,2620.4000,2620.2000,2620.0000,2618.8000,2616.0000,2624.0000,2624.4000,2625.0000,2625.6000,2625.8000,1,2,2,2,3,1,2,1,1,6
SF,IH2009,2020-03-18 09:30:30.500,2620.6000,9733,-1,34643160.000,1,0,1,双平,S,2620.4000,2620.2000,2620.0000,2618.8000,2616.0000,2624.4000,2625.0000,2625.6000,2625.8000,2626.0000,1,2,2,2,3,2,1,1,1,2
SF,IH2009,2020-03-18 09:30:31.000,2620.6000,9733,0,34643160.000,0,-,-,-,-,2620.2000,2620.0000,2618.8000,2616.0000,2614.0000,2623.6000,2623.8000,2624.0000,2625.0000,2625.6000,2,2,2,3,1,2,1,1,1,1
SF,IH2009,2020-03-18 09:30:31.500,2620.6000,9733,0,34643160.000,0,-,-,-,-,2620.2000,2620.0000,2618.8000,2616.0000,2614.0000,2623.8000,2624.0000,2625.0000,2625.6000,2625.8000,2,2,2,3,1,1,1,1,1,1
SF,IH2009,2020-03-18 09:30:32.000,2620.6000,9733,0,34643160.000,0,-,-,-,-,2620.2000,2620.0000,2618.8000,2616.0000,2614.0000,2623.4000,2623.8000,2624.0000,2625.0000,2625.6000,2,2,2,3,1,3,1,1,1,1
SF,IH2009,2020-03-18 09:30:32.500,2623.4000,9725,-8,40939020.000,8,0,8,双平,S,2623.6000,2620.4000,2620.2000,2620.0000,2618.8000,2623.8000,2624.0000,2625.0000,2625.6000,2625.8000,2,1,2,2,2,1,1,1,1,1
SF,IH2009,2020-03-18 09:30:33.000,2623.6000,9723,-2,42513180.000,2,0,2,双平,S,2620.2000,2620.0000,2618.8000,2616.0000,2614.0000,2623.6000,2623.8000,2624.0000,2625.0000,2625.6000,2,2,2,3,1,1,1,1,1,1
SF,IH2009,2020-03-18 09:30:33.500,2623.6000,9723,0,42513180.000,0,-,-,-,-,2620.2000,2620.0000,2618.8000,2616.0000,2614.0000,2623.8000,2624.0000,2625.0000,2625.6000,2625.8000,2,2,2,3,1,1,1,1,1,1
SF,IH2009,2020-03-18 09:30:34.000,2623.6000,9723,0,42513180.000,0,-,-,-,-,2620.2000,2620.0000,2618.8000,2616.0000,2614.0000,2623.8000,2624.0000,2625.0000,2625.6000,2625.8000,2,2,2,3,1,1,1,1,1,1
SF,IH2009,2020-03-18 09:30:34.500,2623.6000,9723,0,42513180.000,0,-,-,-,-,2620.2000,2620.0000,2618.8000,2616.0000,2614.0000,2623.4000,2623.8000,2624.0000,2625.0000,2625.6000,2,2,2,3,1,1,1,1,1,1
SF,IH2009,2020-03-18 09:30:35.500,2620.2000,9723,0,43299240.000,1,0,1,多换,S,2620.2000,2620.0000,2618.8000,2616.0000,2614.0000,2623.4000,2623.8000,2624.0000,2625.0000,2625.6000,1,2,2,3,1,1,1,1,1,1
SF,IH2009,2020-03-18 09:30:37.000,2623.4000,9723,0,44086260.000,1,0,1,多换,S,2620.2000,2620.0000,2618.8000,2616.0000,2614.0000,2623.8000,2624.0000,2625.0000,2625.6000,2625.8000,1,2,2,3,1,1,1,1,1,1
SF,IH2009,2020-03-18 09:30:37.500,2623.4000,9723,0,44086260.000,0,-,-,-,-,2620.2000,2620.0000,2618.8000,2616.0000,2614.0000,2623.4000,2623.8000,2624.0000,2625.0000,2625.6000,1,2,2,3,1,1,1,1,1,1
SF,IH2009,2020-03-18 09:30:38.000,2623.4000,9723,0,44086260.000,0,-,-,-,-,2620.2000,2620.0000,2618.8000,2616.0000,2614.0000,2623.0000,2623.4000,2623.8000,2624.0000,2625.0000,1,2,2,3,1,1,1,1,1,1
SF,IH2009,2020-03-18 09:30:38.500,2620.2000,9723,0,44872320.000,1,0,1,多换,S,2620.0000,2618.8000,2616.0000,2614.0000,2610.6000,2623.0000,2623.4000,2623.8000,2624.0000,2625.0000,2,2,3,1,5,1,1,1,1,1
SF,IH2009,2020-03-18 09:30:39.000,2620.2000,9723,0,44872320.000,0,-,-,-,-,2620.0000,2618.8000,2616.0000,2614.0000,2610.6000,2623.0000,2623.4000,2623.8000,2624.0000,2625.0000,2,2,3,1,5,1,1,1,1,1
SF,IH2009,2020-03-18 09:30:39.500,2620.2000,9723,0,44872320.000,0,-,-,-,-,2620.0000,2618.8000,2616.0000,2614.0000,2610.6000,2623.0000,2623.4000,2623.8000,2624.0000,2625.0000,2,2,3,1,5,1,1,1,1,1
SF,IH2009,2020-03-18 09:30:40.500,2620.2000,9723,0,44872320.000,0,-,-,-,-,2620.0000,2618.8000,2616.0000,2614.0000,2610.6000,2620.2000,2623.0000,2623.4000,2623.8000,2624.0000,2,2,3,1,5,1,1,1,1,1
SF,IH2009,2020-03-18 09:30:41.000,2620.2000,9723,0,45658380.000,1,0,1,多换,S,2620.0000,2618.8000,2616.0000,2614.0000,2610.6000,2623.0000,2623.4000,2623.8000,2624.0000,2625.0000,2,2,3,1,5,1,1,1,1,1
SF,IH2009,2020-03-18 09:30:42.000,2620.2000,9723,0,45658380.000,0,-,-,-,-,2620.0000,2618.8000,2616.0000,2614.0000,2612.2000,2623.0000,2623.4000,2623.8000,2624.0000,2625.0000,2,2,3,1,1,1,1,1,1,1
SF,IH2009,2020-03-18 09:30:45.000,2620.2000,9723,0,45658380.000,0,-,-,-,-,2620.0000,2618.8000,2616.0000,2614.0000,2612.2000,2623.0000,2623.4000,2623.8000,2624.0000,2625.0000,2,2,3,1,1,1,1,1,1,1
SF,IH2009,2020-03-18 09:30:45.500,2623.0000,9723,0,46445280.000,1,0,1,多换,S,2620.0000,2618.8000,2616.0000,2614.0000,2612.2000,2623.4000,2623.8000,2624.0000,2625.0000,2625.6000,2,2,3,1,1,1,1,1,2,1
SF,IH2009,2020-03-18 09:30:46.000,2623.0000,9723,0,46445280.000,0,-,-,-,-,2620.0000,2618.8000,2616.0000,2614.0000,2612.2000,2622.4000,2623.4000,2623.8000,2624.0000,2625.0000,2,2,3,1,1,1,1,1,1,2
SF,IH2009,2020-03-18 09:30:46.500,2623.0000,9723,0,46445280.000,0,-,-,-,-,2620.0000,2618.8000,2616.0000,2614.0000,2612.2000,2622.4000,2623.4000,2623.8000,2624.0000,2625.0000,2,2,3,1,1,1,1,1,1,2
SF,IH2009,2020-03-18 09:30:47.000,2623.0000,9723,0,46445280.000,0,-,-,-,-,2620.0000,2618.8000,2616.0000,2614.0000,2612.2000,2622.4000,2623.8000,2624.0000,2625.0000,2625.6000,2,2,3,1,1,1,1,1,2,1
SF,IH2009,2020-03-18 09:30:47.500,2620.0000,9723,0,48017280.000,2,1,1,多换,S,2618.8000,2616.0000,2614.0000,2612.2000,2610.6000,2620.0000,2622.4000,2623.8000,2624.0000,2625.0000,1,3,1,1,5,4,1,1,1,2
SF,IH2009,2020-03-18 09:30:48.000,2620.0000,9720,-3,51161280.000,4,0,4,多平,S,2619.0000,2618.8000,2616.0000,2614.0000,2612.2000,2622.4000,2623.8000,2624.0000,2625.0000,2625.6000,2,1,3,1,1,1,1,1,2,1
SF,IH2009,2020-03-18 09:30:48.500,2620.0000,9720,0,51161280.000,0,-,-,-,-,2619.0000,2618.8000,2616.0000,2614.0000,2612.2000,2622.4000,2623.8000,2624.0000,2625.0000,2625.6000,1,1,3,1,1,1,1,1,2,1
SF,IH2009,2020-03-18 09:30:49.000,2620.0000,9720,0,51161280.000,0,-,-,-,-,2619.0000,2618.8000,2616.0000,2614.0000,2612.2000,2622.4000,2623.8000,2624.0000,2625.0000,2625.6000,1,1,3,1,1,1,1,1,2,1
SF,IH2009,2020-03-18 09:30:49.500,2620.0000,9720,0,51161280.000,0,-,-,-,-,2618.8000,2616.0000,2614.0000,2612.2000,2610.6000,2622.4000,2623.8000,2624.0000,2625.0000,2625.6000,1,3,1,1,5,1,1,1,2,1
SF,IH2009,2020-03-18 09:30:50.000,2620.0000,9720,0,51161280.000,0,-,-,-,-,2618.8000,2616.0000,2614.0000,2612.2000,2610.6000,2622.4000,2623.8000,2624.0000,2625.0000,2625.6000,1,3,1,1,5,1,1,1,2,1
SF,IH2009,2020-03-18 09:30:50.500,2620.0000,9720,0,51161280.000,0,-,-,-,-,2618.8000,2616.0000,2614.0000,2612.2000,2610.6000,2622.4000,2623.8000,2624.0000,2625.0000,2625.6000,1,3,1,1,5,1,1,1,2,1
SF,IH2009,2020-03-18 09:30:51.000,2618.8000,9721,1,51946920.000,1,1,0,双开,S,2616.0000,2614.0000,2612.2000,2610.6000,2610.2000,2622.4000,2623.8000,2624.0000,2625.0000,2625.6000,3,1,1,5,2,1,1,1,2,1
SF,IH2009,2020-03-18 09:30:51.500,2618.8000,9721,0,51946920.000,0,-,-,-,-,2618.0000,2616.4000,2616.2000,2616.0000,2614.0000,2622.4000,2623.8000,2624.0000,2625.0000,2625.6000,1,2,5,4,1,1,1,1,2,1
SF,IH2009,2020-03-18 09:30:52.000,2618.8000,9721,0,51946920.000,0,-,-,-,-,2618.0000,2616.4000,2616.2000,2616.0000,2614.0000,2622.4000,2623.8000,2624.0000,2625.0000,2625.6000,1,2,5,4,1,1,1,1,2,1
SF,IH2009,2020-03-18 09:30:52.500,2618.8000,9721,0,51946920.000,0,-,-,-,-,2616.4000,2616.2000,2616.0000,2614.0000,2612.2000,2622.2000,2622.4000,2623.8000,2624.0000,2625.0000,2,4,4,1,1,1,1,1,1,2
SF,IH2009,2020-03-18 09:30:53.000,2618.8000,9721,0,51946920.000,0,-,-,-,-,2616.6000,2616.2000,2616.0000,2614.0000,2612.2000,2621.8000,2622.2000,2622.4000,2623.8000,2624.0000,1,3,4,1,1,1,1,1,1,1
SF,IH2009,2020-03-18 09:30:53.500,2618.8000,9721,0,51946920.000,0,-,-,-,-,2616.6000,2616.2000,2616.0000,2614.0000,2612.2000,2621.8000,2622.2000,2622.4000,2623.8000,2624.0000,1,3,4,1,1,1,1,1,1,1
SF,IH2009,2020-03-18 09:30:56.000,2617.0000,9720,-1,52732020.000,1,0,1,双平,S,2617.0000,2616.6000,2616.2000,2616.0000,2614.0000,2621.4000,2621.8000,2622.4000,2623.8000,2624.0000,1,1,3,4,1,1,1,1,1,1
SF,IH2009,2020-03-18 09:30:56.500,2617.0000,9720,0,52732020.000,0,-,-,-,-,2617.2000,2617.0000,2616.2000,2616.0000,2614.0000,2621.4000,2621.8000,2622.4000,2623.8000,2624.0000,1,1,3,4,1,1,1,1,1,1
SF,IH2009,2020-03-18 09:30:57.000,2617.0000,9720,0,52732020.000,0,-,-,-,-,2618.0000,2617.4000,2617.2000,2616.2000,2616.0000,2621.8000,2622.4000,2623.8000,2624.0000,2625.0000,1,1,1,3,4,1,1,1,1,3
SF,IH2009,2020-03-18 09:30:57.500,2617.0000,9720,0,52732020.000,0,-,-,-,-,2618.0000,2617.4000,2617.2000,2616.2000,2616.0000,2621.6000,2621.8000,2622.4000,2623.8000,2624.0000,1,1,1,3,4,1,1,1,1,1
SF,IH2009,2020-03-18 09:30:58.500,2617.0000,9720,0,52732020.000,0,-,-,-,-,2618.0000,2617.4000,2617.2000,2616.2000,2616.0000,2621.8000,2622.4000,2623.8000,2624.0000,2625.0000,1,1,1,3,4,1,2,1,1,3
SF,IH2009,2020-03-18 09:30:59.500,2617.0000,9720,0,52732020.000,0,-,-,-,-,2619.0000,2618.2000,2618.0000,2617.4000,2616.2000,2621.8000,2622.4000,2623.8000,2624.0000,2625.0000,1,2,1,1,3,1,2,1,1,3
SF,IH2009,2020-03-18 09:31:00.000,2617.0000,9720,0,52732020.000,0,-,-,-,-,2618.0000,2617.4000,2616.2000,2616.0000,2614.6000,2621.6000,2621.8000,2622.4000,2623.8000,2624.0000,1,1,3,3,1,1,1,2,1,1
SF,IH2009,2020-03-18 09:31:00.500,2617.0000,9720,0,52732020.000,0,-,-,-,-,2618.2000,2618.0000,2617.4000,2616.2000,2616.0000,2621.8000,2622.4000,2623.8000,2624.0000,2625.0000,1,1,1,3,3,1,2,1,1,3
SF,IH2009,2020-03-18 09:31:01.000,2617.0000,9720,0,52732020.000,0,-,-,-,-,2619.0000,2618.2000,2618.0000,2617.4000,2616.2000,2621.8000,2622.4000,2624.0000,2625.0000,2625.6000,1,3,1,1,3,1,2,1,3,1
SF,IH2009,2020-03-18 09:31:01.500,2617.0000,9720,0,52732020.000,0,-,-,-,-,2619.2000,2619.0000,2618.2000,2618.0000,2617.4000,2621.6000,2621.8000,2622.4000,2624.0000,2625.0000,1,1,2,1,1,1,1,2,1,3
SF,IH2009,2020-03-18 09:31:02.000,2617.0000,9720,0,52732020.000,0,-,-,-,-,2619.2000,2619.0000,2618.2000,2618.0000,2617.4000,2621.6000,2621.8000,2622.4000,2624.0000,2625.0000,1,1,2,1,1,1,1,1,1,3
SF,IH2009,2020-03-18 09:31:02.500,2621.6000,9719,-1,53518500.000,1,0,1,双平,S,2619.2000,2619.0000,2618.2000,2618.0000,2617.4000,2621.8000,2622.4000,2624.0000,2625.0000,2625.6000,1,1,3,1,1,1,1,1,3,1
SF,IH2009,2020-03-18 09:31:03.000,2622.4000,9718,-1,55091760.000,2,0,2,多平,S,2619.4000,2619.2000,2619.0000,2618.2000,2618.0000,2624.0000,2625.0000,2625.6000,2625.8000,2626.0000,2,1,1,2,1,1,3,1,1,3
SF,IH2009,2020-03-18 09:31:03.500,2622.4000,9718,0,55091760.000,0,-,-,-,-,2619.6000,2619.4000,2619.0000,2618.2000,2618.0000,2624.0000,2625.0000,2625.6000,2625.8000,2626.0000,2,2,1,2,1,2,3,1,1,3
SF,IH2009,2020-03-18 09:31:04.000,2622.4000,9718,0,55091760.000,0,-,-,-,-,2619.8000,2619.6000,2619.4000,2619.0000,2618.2000,2624.0000,2625.0000,2625.6000,2625.8000,2626.0000,2,3,1,1,2,1,2,1,1,3
SF,IH2009,2020-03-18 09:31:04.500,2622.4000,9718,0,55091760.000,0,-,-,-,-,2620.2000,2620.0000,2619.8000,2619.6000,2619.4000,2624.0000,2625.0000,2625.6000,2625.8000,2626.0000,1,1,2,1,1,1,2,1,1,3
SF,IH2009,2020-03-18 09:31:05.000,2622.4000,9718,0,55091760.000,0,-,-,-,-,2621.4000,2620.4000,2620.2000,2619.8000,2619.6000,2624.0000,2625.0000,2625.6000,2625.8000,2626.0000,1,2,1,1,1,1,2,1,1,3
SF,IH2009,2020-03-18 09:31:05.500,2622.4000,9718,0,55091760.000,0,-,-,-,-,2622.6000,2622.0000,2621.8000,2621.6000,2621.4000,2624.0000,2625.0000,2625.6000,2625.8000,2626.0000,2,2,1,2,1,1,2,1,1,3
SF,IH2009,2020-03-18 09:31:06.000,2622.4000,9718,0,55091760.000,0,-,-,-,-,2622.8000,2622.6000,2622.0000,2621.8000,2621.6000,2624.0000,2625.0000,2625.6000,2625.8000,2626.0000,2,2,2,1,1,1,2,1,1,3
SF,IH2009,2020-03-18 09:31:06.500,2622.4000,9718,0,55091760.000,0,-,-,-,-,2622.8000,2622.6000,2622.0000,2621.8000,2621.6000,2624.0000,2625.0000,2625.6000,2625.8000,2626.0000,3,2,2,1,1,1,2,1,1,3
SF,IH2009,2020-03-18 09:31:07.000,2622.4000,9718,0,55091760.000,0,-,-,-,-,2622.8000,2622.0000,2621.6000,2621.4000,2620.4000,2624.0000,2625.0000,2625.6000,2625.8000,2626.0000,3,1,1,1,1,1,2,1,1,3
SF,IH2009,2020-03-18 09:31:07.500,2624.0000,9718,0,55878960.000,1,0,1,多换,S,2622.8000,2622.0000,2621.6000,2621.4000,2620.4000,2625.0000,2625.6000,2625.8000,2626.0000,2626.4000,3,1,1,1,1,2,1,1,3,1
SF,IH2009,2020-03-18 09:31:08.000,2624.0000,9718,0,55878960.000,0,-,-,-,-,2622.8000,2622.0000,2621.6000,2621.4000,2620.4000,2625.0000,2625.6000,2625.8000,2626.0000,2626.4000,1,1,1,1,1,2,1,1,3,1
SF,IH2009,2020-03-18 09:31:08.500,2624.0000,9718,0,55878960.000,0,-,-,-,-,2622.0000,2621.6000,2621.4000,2620.4000,2616.2000,2624.8000,2625.0000,2625.6000,2625.8000,2626.0000,1,1,1,1,3,1,2,1,1,3
SF,IH2009,2020-03-18 09:31:09.000,2624.0000,9718,0,55878960.000,0,-,-,-,-,2622.8000,2622.2000,2622.0000,2621.6000,2621.4000,2624.8000,2625.0000,2625.6000,2625.8000,2626.0000,1,2,1,1,1,1,2,1,1,3
SF,IH2009,2020-03-18 09:31:09.500,2624.0000,9718,0,55878960.000,0,-,-,-,-,2623.0000,2622.8000,2622.6000,2622.2000,2622.0000,2624.6000,2624.8000,2625.0000,2625.6000,2625.8000,1,1,2,2,2,1,1,1,1,1
SF,IH2009,2020-03-18 09:31:10.000,2624.0000,9718,0,55878960.000,0,-,-,-,-,2622.8000,2622.2000,2622.0000,2621.6000,2621.4000,2624.4000,2624.8000,2625.0000,2625.6000,2625.8000,1,1,1,1,1,1,1,1,1,1
SF,IH2009,2020-03-18 09:31:10.500,2622.8000,9717,-1,56665800.000,1,0,1,双平,S,2622.0000,2621.6000,2621.4000,2616.0000,2615.0000,2624.2000,2624.8000,2625.0000,2625.6000,2625.8000,1,1,1,3,1,1,1,1,1,1
SF,IH2009,2020-03-18 09:31:11.000,2622.8000,9717,0,56665800.000,0,-,-,-,-,2621.6000,2621.4000,2616.0000,2615.0000,2614.6000,2624.8000,2625.0000,2625.6000,2625.8000,2626.0000,1,1,3,1,1,1,1,1,1,3
SF,IH2009,2020-03-18 09:31:11.500,2622.8000,9717,0,56665800.000,0,-,-,-,-,2616.0000,2615.0000,2614.6000,2614.0000,2612.2000,2623.0000,2624.0000,2624.4000,2624.8000,2625.0000,3,1,1,1,1,3,1,1,1,2
SF,IH2009,2020-03-18 09:31:12.000,2622.8000,9717,0,56665800.000,0,-,-,-,-,2621.4000,2619.0000,2618.2000,2617.8000,2616.4000,2623.0000,2624.0000,2624.4000,2625.0000,2625.6000,1,1,1,3,2,3,1,1,1,1
SF,IH2009,2020-03-18 09:31:12.500,2621.6000,9717,0,57452280.000,1,0,1,多换,S,2619.0000,2618.2000,2617.8000,2616.4000,2616.2000,2622.8000,2623.0000,2624.0000,2624.4000,2625.0000,1,1,3,2,2,1,3,1,1,1
SF,IH2009,2020-03-18 09:31:13.000,2621.6000,9717,0,57452280.000,0,-,-,-,-,2619.4000,2619.2000,2619.0000,2618.2000,2617.8000,2623.0000,2624.0000,2624.4000,2625.0000,2625.6000,1,3,1,1,3,3,1,1,1,1
SF,IH2009,2020-03-18 09:31:13.500,2621.6000,9717,0,57452280.000,0,-,-,-,-,2619.6000,2619.4000,2619.0000,2618.2000,2617.8000,2622.8000,2623.0000,2624.0000,2624.4000,2625.0000,2,1,1,1,3,1,3,1,1,1
SF,IH2009,2020-03-18 09:31:14.000,2621.6000,9717,0,57452280.000,0,-,-,-,-,2620.0000,2619.6000,2619.0000,2618.2000,2617.8000,2623.0000,2624.0000,2624.4000,2625.0000,2625.6000,1,2,1,1,3,3,1,1,1,1
SF,IH2009,2020-03-18 09:31:14.500,2621.6000,9717,0,57452280.000,0,-,-,-,-,2620.2000,2620.0000,2619.0000,2618.2000,2617.8000,2623.0000,2624.0000,2624.4000,2625.0000,2625.6000,2,1,1,1,3,3,1,1,1,1
SF,IH2009,2020-03-18 09:31:15.000,2621.6000,9717,0,57452280.000,0,-,-,-,-,2620.2000,2620.0000,2619.0000,2618.2000,2617.8000,2623.0000,2624.0000,2624.4000,2625.0000,2625.6000,2,1,1,1,3,3,1,1,1,1
SF,IH2009,2020-03-18 09:31:15.500,2621.6000,9717,0,57452280.000,0,-,-,-,-,2620.6000,2620.2000,2619.0000,2618.2000,2617.8000,2623.0000,2624.0000,2624.4000,2625.0000,2625.6000,1,2,1,1,3,3,1,1,1,1
SF,IH2009,2020-03-18 09:31:16.000,2621.6000,9717,0,57452280.000,0,-,-,-,-,2620.4000,2620.2000,2619.0000,2618.2000,2617.8000,2623.0000,2624.0000,2624.4000,2625.0000,2625.6000,1,2,1,1,3,3,1,1,1,1
SF,IH2009,2020-03-18 09:31:16.500,2621.6000,9717,0,57452280.000,0,-,-,-,-,2621.0000,2620.6000,2620.4000,2619.0000,2618.2000,2623.0000,2624.0000,2624.4000,2625.0000,2625.6000,1,2,1,1,1,3,2,1,1,1
SF,IH2009,2020-03-18 09:31:17.000,2621.6000,9717,0,57452280.000,0,-,-,-,-,2620.6000,2619.0000,2618.2000,2617.8000,2616.4000,2623.0000,2624.0000,2624.4000,2625.0000,2625.6000,2,1,1,3,1,3,2,1,1,1
SF,IH2009,2020-03-18 09:31:17.500,2621.6000,9717,0,57452280.000,0,-,-,-,-,2621.4000,2621.0000,2620.6000,2619.0000,2618.2000,2623.0000,2624.0000,2624.4000,2625.0000,2625.6000,1,1,1,1,1,3,2,1,1,1
SF,IH2009,2020-03-18 09:31:18.000,2621.6000,9717,0,57452280.000,0,-,-,-,-,2622.0000,2621.4000,2621.0000,2620.6000,2618.2000,2623.0000,2624.0000,2624.4000,2625.0000,2625.6000,1,1,1,1,1,3,2,1,1,1
SF,IH2009,2020-03-18 09:31:18.500,2621.6000,9717,0,57452280.000,0,-,-,-,-,2622.0000,2621.4000,2621.0000,2620.6000,2618.2000,2623.0000,2624.0000,2624.4000,2625.0000,2625.6000,1,1,1,1,1,3,2,1,1,1
SF,IH2009,2020-03-18 09:31:19.000,2621.6000,9717,0,57452280.000,0,-,-,-,-,2622.0000,2621.4000,2621.0000,2620.6000,2618.2000,2623.0000,2624.0000,2624.4000,2625.0000,2625.6000,1,1,1,1,1,3,2,1,1,1
SF,IH2009,2020-03-18 09:31:20.000,2623.0000,9714,-3,59812980.000,3,0,3,双平,S,2622.0000,2621.4000,2621.0000,2620.6000,2618.2000,2624.0000,2624.4000,2625.0000,2625.6000,2626.0000,1,1,1,1,1,2,1,1,1,3
SF,IH2009,2020-03-18 09:31:20.500,2623.0000,9714,0,59812980.000,0,-,-,-,-,2623.0000,2622.6000,2622.2000,2622.0000,2621.4000,2624.0000,2624.4000,2625.0000,2625.6000,2626.0000,1,2,1,2,1,2,1,1,1,3
SF,IH2009,2020-03-18 09:31:21.000,2623.0000,9714,0,59812980.000,0,-,-,-,-,2623.0000,2622.2000,2622.0000,2621.4000,2621.0000,2624.0000,2624.4000,2625.0000,2625.6000,2626.0000,1,2,1,1,1,2,1,1,1,3
SF,IH2009,2020-03-18 09:31:21.500,2623.0000,9714,0,59812980.000,0,-,-,-,-,2623.0000,2622.2000,2622.0000,2621.4000,2621.0000,2624.0000,2624.4000,2624.6000,2625.0000,2625.6000,1,2,1,1,1,2,1,1,1,1
SF,IH2009,2020-03-18 09:31:22.000,2623.0000,9714,0,59812980.000,0,-,-,-,-,2623.0000,2622.2000,2622.0000,2621.4000,2621.0000,2623.8000,2624.0000,2624.4000,2624.6000,2625.0000,1,1,1,1,1,1,2,1,1,1
SF,IH2009,2020-03-18 09:31:22.500,2623.0000,9714,0,59812980.000,0,-,-,-,-,2623.0000,2622.2000,2622.0000,2621.4000,2621.0000,2623.6000,2624.0000,2624.4000,2624.6000,2625.0000,1,1,1,1,1,1,2,1,1,1
SF,IH2009,2020-03-18 09:31:23.000,2623.0000,9714,0,59812980.000,0,-,-,-,-,2623.0000,2622.0000,2621.4000,2617.8000,2616.4000,2623.4000,2624.0000,2624.4000,2624.6000,2625.0000,1,1,1,3,1,1,2,1,1,1
SF,IH2009,2020-03-18 09:31:23.500,2623.0000,9714,0,59812980.000,0,-,-,-,-,2623.0000,2622.0000,2621.4000,2617.8000,2616.4000,2623.2000,2624.0000,2624.4000,2624.6000,2625.0000,1,1,1,3,1,1,2,1,1,1
SF,IH2009,2020-03-18 09:31:24.000,2623.0000,9714,0,60599880.000,1,0,1,多换,S,2617.8000,2616.4000,2616.2000,2616.0000,2615.8000,2622.6000,2623.0000,2624.0000,2624.4000,2624.6000,3,1,6,3,1,1,1,2,1,1
SF,IH2009,2020-03-18 09:31:24.500,2623.0000,9714,0,60599880.000,0,-,-,-,-,2619.0000,2618.2000,2618.0000,2617.8000,2616.4000,2622.6000,2624.0000,2624.4000,2624.6000,2625.0000,1,2,5,3,1,1,2,1,1,1
SF,IH2009,2020-03-18 09:31:25.000,2623.0000,9714,0,60599880.000,0,-,-,-,-,2621.4000,2620.2000,2619.4000,2619.2000,2619.0000,2622.6000,2624.0000,2624.4000,2624.6000,2625.0000,1,1,1,3,1,1,2,1,1,1
SF,IH2009,2020-03-18 09:31:25.500,2623.0000,9714,0,60599880.000,0,-,-,-,-,2620.2000,2619.4000,2619.2000,2619.0000,2618.2000,2622.6000,2624.0000,2624.4000,2624.6000,2625.0000,1,1,3,1,1,1,2,1,1,1
SF,IH2009,2020-03-18 09:31:26.000,2623.0000,9714,0,60599880.000,0,-,-,-,-,2620.2000,2619.2000,2619.0000,2618.2000,2618.0000,2622.6000,2624.0000,2624.4000,2624.6000,2625.0000,1,3,1,1,1,1,2,1,1,1
SF,IH2009,2020-03-18 09:31:26.500,2623.0000,9714,0,60599880.000,0,-,-,-,-,2620.2000,2619.2000,2619.0000,2618.2000,2618.0000,2622.6000,2624.0000,2624.6000,2625.0000,2625.6000,1,3,1,1,1,1,2,1,1,1
SF,IH2009,2020-03-18 09:31:27.000,2623.0000,9714,0,60599880.000,0,-,-,-,-,2619.2000,2619.0000,2618.2000,2618.0000,2617.8000,2622.6000,2624.0000,2624.6000,2625.0000,2625.6000,3,1,1,1,3,1,2,1,1,1
SF,IH2009,2020-03-18 09:31:27.500,2623.0000,9714,0,60599880.000,0,-,-,-,-,2621.0000,2619.6000,2619.2000,2619.0000,2618.2000,2622.6000,2624.0000,2624.6000,2625.0000,2625.6000,1,1,3,1,1,1,2,1,1,1
SF,IH2009,2020-03-18 09:31:28.000,2623.0000,9714,0,60599880.000,0,-,-,-,-,2621.0000,2619.6000,2619.2000,2619.0000,2618.2000,2622.4000,2622.6000,2624.0000,2624.6000,2625.0000,1,1,4,1,1,1,1,2,1,1
SF,IH2009,2020-03-18 09:31:28.500,2623.0000,9714,0,60599880.000,0,-,-,-,-,2619.6000,2619.2000,2619.0000,2618.2000,2618.0000,2622.6000,2624.0000,2624.6000,2625.0000,2625.6000,1,4,1,1,1,1,2,1,1,1
SF,IH2009,2020-03-18 09:31:29.000,2621.4000,9714,0,61386300.000,1,0,1,多换,S,2619.8000,2619.6000,2619.2000,2619.0000,2618.2000,2622.6000,2624.0000,2624.6000,2625.0000,2625.6000,3,1,2,1,1,1,2,1,1,1
SF,IH2009,2020-03-18 09:31:29.500,2621.4000,9714,0,61386300.000,0,-,-,-,-,2620.2000,2620.0000,2619.8000,2619.2000,2619.0000,2622.6000,2624.0000,2624.6000,2625.0000,2625.6000,1,1,3,2,1,1,2,1,1,1
SF,IH2009,2020-03-18 09:31:30.000,2621.4000,9714,0,61386300.000,0,-,-,-,-,2620.4000,2620.2000,2620.0000,2619.8000,2619.2000,2624.0000,2624.6000,2625.0000,2625.6000,2626.0000,2,1,1,1,1,2,1,1,1,4
SF,IH2009,2020-03-18 09:31:30.500,2621.4000,9714,0,61386300.000,0,-,-,-,-,2621.0000,2620.4000,2620.2000,2620.0000,2619.8000,2623.8000,2624.0000,2624.6000,2625.0000,2625.6000,1,2,1,1,1,1,2,1,1,1
SF,IH2009,2020-03-18 09:31:31.500,2621.4000,9714,0,61386300.000,0,-,-,-,-,2620.4000,2620.2000,2620.0000,2619.8000,2619.2000,2623.8000,2624.0000,2624.6000,2625.0000,2625.6000,2,1,1,1,1,1,2,1,1,1
SF,IH2009,2020-03-18 09:31:32.000,2621.4000,9714,0,62172720.000,1,0,1,多换,S,2621.8000,2621.2000,2620.8000,2620.6000,2620.4000,2624.0000,2624.6000,2625.0000,2625.6000,2626.0000,1,1,1,2,1,2,1,1,1,4
SF,IH2009,2020-03-18 09:31:32.500,2621.4000,9714,0,62172720.000,0,-,-,-,-,2621.8000,2621.2000,2620.6000,2620.4000,2619.2000,2623.0000,2623.8000,2624.0000,2624.6000,2625.0000,1,1,2,1,1,1,1,2,1,1
SF,IH2009,2020-03-18 09:31:34.000,2621.4000,9714,0,62172720.000,0,-,-,-,-,2621.2000,2620.6000,2620.4000,2619.2000,2618.2000,2623.0000,2623.8000,2624.0000,2624.6000,2625.0000,1,2,1,1,1,1,1,2,1,1
SF,IH2009,2020-03-18 09:31:34.500,2621.4000,9714,0,62172720.000,0,-,-,-,-,2622.0000,2621.4000,2621.2000,2620.6000,2619.2000,2623.0000,2624.0000,2624.6000,2625.0000,2625.6000,1,2,1,1,1,1,2,1,1,1
SF,IH2009,2020-03-18 09:31:35.000,2621.4000,9714,0,62172720.000,0,-,-,-,-,2622.0000,2621.4000,2621.2000,2620.6000,2619.2000,2623.0000,2624.0000,2624.6000,2625.0000,2625.6000,1,2,1,1,1,1,2,1,1,1
SF,IH2009,2020-03-18 09:31:35.500,2623.0000,9715,1,62959620.000,1,1,0,双开,S,2622.6000,2622.2000,2622.0000,2621.4000,2621.2000,2624.0000,2624.6000,2625.0000,2625.6000,2626.0000,2,1,2,1,1,2,1,1,1,4
SF,IH2009,2020-03-18 09:31:36.000,2623.0000,9715,0,62959620.000,0,-,-,-,-,2622.0000,2621.4000,2621.2000,2620.6000,2619.2000,2623.8000,2624.0000,2624.6000,2625.0000,2625.6000,1,1,1,1,1,1,2,1,1,1
SF,IH2009,2020-03-18 09:31:36.500,2623.0000,9715,0,62959620.000,0,-,-,-,-,2622.6000,2622.0000,2621.4000,2621.2000,2620.6000,2624.0000,2624.6000,2625.0000,2625.6000,2626.0000,2,2,1,1,1,2,1,1,1,4
SF,IH2009,2020-03-18 09:31:37.000,2623.0000,9715,0,62959620.000,0,-,-,-,-,2622.6000,2622.0000,2621.4000,2621.2000,2620.6000,2623.8000,2624.0000,2624.6000,2625.0000,2625.6000,2,2,1,1,1,1,2,1,1,1
SF,IH2009,2020-03-18 09:31:37.500,2623.0000,9715,0,62959620.000,0,-,-,-,-,2622.8000,2622.6000,2622.0000,2621.4000,2620.6000,2623.2000,2624.0000,2624.6000,2625.0000,2625.6000,1,2,2,1,1,1,2,1,1,1
SF,IH2009,2020-03-18 09:31:38.000,2623.2000,9714,-1,63746580.000,1,0,1,双平,S,2622.8000,2622.6000,2622.0000,2621.4000,2620.6000,2624.0000,2624.6000,2625.0000,2625.6000,2626.0000,2,2,2,1,1,2,1,1,1,4
SF,IH2009,2020-03-18 09:31:38.500,2623.2000,9714,0,63746580.000,0,-,-,-,-,2622.8000,2622.6000,2622.0000,2621.4000,2620.6000,2624.0000,2624.6000,2625.0000,2625.6000,2626.0000,2,2,2,1,1,2,1,1,1,4
SF,IH2009,2020-03-18 09:31:39.000,2623.2000,9714,0,63746580.000,0,-,-,-,-,2623.0000,2622.8000,2622.6000,2622.0000,2621.4000,2624.0000,2624.6000,2625.0000,2625.6000,2626.0000,1,1,2,2,1,2,1,1,1,4
SF,IH2009,2020-03-18 09:31:39.500,2623.2000,9714,0,63746580.000,0,-,-,-,-,2623.2000,2623.0000,2622.8000,2622.6000,2622.0000,2624.0000,2624.6000,2625.0000,2625.6000,2626.0000,1,2,1,2,2,2,1,1,1,4
SF,IH2009,2020-03-18 09:31:40.000,2623.2000,9714,0,63746580.000,0,-,-,-,-,2623.2000,2623.0000,2622.8000,2622.6000,2622.0000,2624.0000,2624.6000,2625.0000,2625.6000,2626.0000,1,2,1,2,2,2,1,1,1,4
SF,IH2009,2020-03-18 09:31:40.500,2623.2000,9714,0,63746580.000,0,-,-,-,-,2623.4000,2623.2000,2623.0000,2622.8000,2622.6000,2624.0000,2624.6000,2625.0000,2625.6000,2626.0000,1,1,2,1,2,2,1,1,1,4
SF,IH2009,2020-03-18 09:31:42.000,2623.2000,9714,0,63746580.000,0,-,-,-,-,2623.4000,2623.2000,2623.0000,2622.8000,2622.6000,2623.8000,2624.0000,2624.6000,2625.0000,2625.6000,1,1,2,1,2,1,2,1,1,1
SF,IH2009,2020-03-18 09:31:42.500,2623.2000,9714,0,63746580.000,0,-,-,-,-,2623.4000,2623.2000,2623.0000,2622.8000,2622.6000,2623.8000,2624.0000,2624.6000,2625.0000,2625.6000,1,1,1,1,2,1,2,1,1,1
SF,IH2009,2020-03-18 09:31:43.000,2623.2000,9714,0,63746580.000,0,-,-,-,-,2623.4000,2623.2000,2623.0000,2622.8000,2622.6000,2623.8000,2624.0000,2624.6000,2625.0000,2625.6000,1,1,1,1,2,1,2,1,1,1
SF,IH2009,2020-03-18 09:31:43.500,2623.6000,9712,-2,65320740.000,2,0,2,双平,S,2623.4000,2623.2000,2623.0000,2622.8000,2622.6000,2623.8000,2624.0000,2624.6000,2625.0000,2625.6000,1,1,1,1,2,1,2,1,1,1
SF,IH2009,2020-03-18 09:31:44.000,2623.0000,9711,-1,67681620.000,3,1,2,多平,S,2622.8000,2622.6000,2622.0000,2620.6000,2619.2000,2623.8000,2624.0000,2624.6000,2625.0000,2625.6000,1,2,1,1,1,1,2,1,1,1
SF,IH2009,2020-03-18 09:31:44.500,2623.0000,9711,0,67681620.000,0,-,-,-,-,2620.6000,2619.2000,2617.8000,2616.2000,2616.0000,2623.6000,2623.8000,2624.0000,2624.6000,2625.0000,1,1,3,5,3,1,1,2,1,1
SF,IH2009,2020-03-18 09:31:45.000,2623.0000,9711,0,67681620.000,0,-,-,-,-,2622.6000,2622.0000,2621.0000,2620.8000,2620.6000,2623.8000,2624.0000,2624.6000,2625.0000,2625.6000,2,1,1,2,1,1,2,1,1,1
SF,IH2009,2020-03-18 09:31:45.500,2623.0000,9711,0,67681620.000,0,-,-,-,-,2622.6000,2622.0000,2621.0000,2620.8000,2620.6000,2623.6000,2623.8000,2624.0000,2624.6000,2625.0000,2,1,1,2,1,1,1,2,1,1
SF,IH2009,2020-03-18 09:31:46.000,2623.0000,9711,0,67681620.000,0,-,-,-,-,2622.6000,2622.0000,2621.0000,2620.8000,2620.6000,2623.8000,2624.0000,2624.6000,2625.0000,2625.6000,2,1,1,2,1,1,2,1,1,1
SF,IH2009,2020-03-18 09:31:46.500,2623.0000,9711,0,67681620.000,0,-,-,-,-,2622.6000,2622.0000,2621.0000,2620.8000,2620.6000,2623.8000,2624.0000,2624.6000,2625.0000,2625.6000,2,1,1,2,1,1,2,1,1,1
SF,IH2009,2020-03-18 09:31:47.000,2623.0000,9711,0,67681620.000,0,-,-,-,-,2622.6000,2622.0000,2621.0000,2620.8000,2620.6000,2623.8000,2624.0000,2624.6000,2625.0000,2625.6000,2,1,1,2,1,1,2,1,1,1
SF,IH2009,2020-03-18 09:31:47.500,2623.0000,9711,0,67681620.000,0,-,-,-,-,2622.8000,2622.6000,2622.0000,2620.8000,2620.6000,2623.8000,2624.0000,2624.6000,2625.0000,2625.6000,2,2,1,2,1,1,2,1,1,1
SF,IH2009,2020-03-18 09:31:48.000,2623.8000,9710,-1,68468760.000,1,0,1,双平,S,2623.0000,2622.8000,2622.6000,2622.0000,2620.6000,2624.0000,2624.6000,2625.0000,2625.6000,2626.0000,1,1,2,1,1,2,1,1,1,3
SF,IH2009,2020-03-18 09:31:48.500,2623.8000,9710,0,68468760.000,0,-,-,-,-,2623.0000,2622.8000,2622.6000,2622.0000,2620.6000,2624.0000,2624.6000,2625.0000,2625.6000,2626.0000,1,1,2,1,1,2,1,1,1,3
SF,IH2009,2020-03-18 09:31:49.000,2623.8000,9710,0,68468760.000,0,-,-,-,-,2623.0000,2622.8000,2622.6000,2622.0000,2620.6000,2624.0000,2624.6000,2625.0000,2625.6000,2626.0000,1,1,2,1,1,2,1,1,1,3
SF,IH2009,2020-03-18 09:31:49.500,2623.8000,9710,0,68468760.000,0,-,-,-,-,2622.6000,2622.0000,2620.6000,2619.2000,2617.8000,2624.0000,2624.6000,2625.0000,2625.6000,2626.0000,2,1,1,1,3,2,1,1,1,3
SF,IH2009,2020-03-18 09:31:50.000,2623.8000,9710,0,68468760.000,0,-,-,-,-,2622.6000,2622.0000,2620.6000,2619.2000,2617.8000,2623.8000,2624.0000,2624.6000,2625.0000,2625.6000,2,1,1,1,3,1,2,1,1,1
SF,IH2009,2020-03-18 09:31:50.500,2622.6000,9709,-1,70042320.000,2,0,2,多平,S,2622.0000,2620.6000,2619.2000,2617.8000,2616.2000,2623.6000,2624.0000,2624.6000,2625.0000,2625.6000,1,1,1,3,5,1,2,1,1,1
SF,IH2009,2020-03-18 09:31:51.000,2622.6000,9709,0,70042320.000,0,-,-,-,-,2620.6000,2619.2000,2617.8000,2616.2000,2616.0000,2622.6000,2623.4000,2624.0000,2624.6000,2625.0000,1,1,3,5,3,1,1,2,1,1
SF,IH2009,2020-03-18 09:31:51.500,2624.0000,9711,2,72403500.000,3,2,1,空开,S,2624.0000,2621.0000,2620.8000,2619.2000,2617.8000,2624.6000,2625.0000,2625.6000,2626.0000,2626.4000,2,1,1,1,3,1,1,1,3,1
SF,IH2009,2020-03-18 09:31:52.000,2624.0000,9711,0,73977900.000,2,1,1,多换,S,2621.0000,2619.2000,2617.8000,2616.2000,2616.0000,2624.4000,2624.6000,2625.0000,2625.6000,2626.0000,1,1,3,5,3,1,1,1,1,3
SF,IH2009,2020-03-18 09:31:52.500,2624.0000,9711,0,73977900.000,0,-,-,-,-,2621.2000,2621.0000,2619.2000,2617.8000,2616.2000,2624.2000,2624.6000,2625.0000,2625.6000,2626.0000,1,1,1,3,5,1,1,1,1,3
SF,IH2009,2020-03-18 09:31:53.000,2624.0000,9711,0,73977900.000,0,-,-,-,-,2621.6000,2621.2000,2619.2000,2617.8000,2616.2000,2624.6000,2625.0000,2625.6000,2626.0000,2626.4000,1,1,1,3,5,1,1,1,3,1
SF,IH2009,2020-03-18 09:31:53.500,2624.0000,9711,0,73977900.000,0,-,-,-,-,2622.0000,2621.6000,2621.4000,2621.2000,2619.2000,2624.6000,2625.0000,2625.6000,2626.0000,2626.4000,1,1,1,1,1,1,1,1,3,1
SF,IH2009,2020-03-18 09:31:54.000,2624.0000,9711,0,73977900.000,0,-,-,-,-,2622.2000,2622.0000,2621.6000,2621.2000,2619.2000,2624.6000,2625.0000,2625.6000,2626.0000,2626.4000,1,1,1,1,1,1,1,1,3,1
SF,IH2009,2020-03-18 09:31:54.500,2624.0000,9711,0,73977900.000,0,-,-,-,-,2622.0000,2621.6000,2621.2000,2619.2000,2617.8000,2624.6000,2625.0000,2625.6000,2626.0000,2626.4000,1,1,1,1,3,1,1,1,3,1
SF,IH2009,2020-03-18 09:31:55.000,2624.0000,9711,0,73977900.000,0,-,-,-,-,2621.6000,2621.2000,2619.2000,2617.8000,2616.2000,2624.4000,2624.6000,2625.0000,2625.6000,2626.0000,1,1,1,3,5,1,1,1,1,3
SF,IH2009,2020-03-18 09:31:55.500,2624.0000,9711,0,73977900.000,0,-,-,-,-,2622.0000,2621.8000,2621.6000,2619.2000,2617.8000,2624.4000,2624.6000,2625.0000,2625.6000,2626.0000,1,1,1,1,3,1,1,1,1,3
SF,IH2009,2020-03-18 09:31:56.000,2624.0000,9711,0,73977900.000,0,-,-,-,-,2622.0000,2621.8000,2621.6000,2619.2000,2617.8000,2624.4000,2624.6000,2625.0000,2625.6000,2626.0000,1,1,1,1,3,1,1,1,1,3
SF,IH2009,2020-03-18 09:31:56.500,2624.0000,9711,0,73977900.000,0,-,-,-,-,2622.2000,2622.0000,2621.8000,2619.2000,2617.8000,2624.6000,2625.0000,2625.6000,2626.0000,2626.4000,1,1,1,1,3,1,1,1,3,1
SF,IH2009,2020-03-18 09:31:57.000,2624.0000,9711,0,73977900.000,0,-,-,-,-,2622.0000,2621.8000,2619.2000,2617.8000,2616.2000,2624.6000,2625.0000,2625.6000,2626.0000,2626.4000,1,1,1,3,5,1,1,1,3,1
SF,IH2009,2020-03-18 09:31:57.500,2624.0000,9711,0,73977900.000,0,-,-,-,-,2622.6000,2622.2000,2622.0000,2619.2000,2617.8000,2624.6000,2625.0000,2625.6000,2626.0000,2626.4000,1,1,1,1,3,1,1,1,3,1
SF,IH2009,2020-03-18 09:31:58.000,2624.6000,9710,-1,74765280.000,1,0,1,双平,S,2622.8000,2622.6000,2622.2000,2622.0000,2619.2000,2625.0000,2625.6000,2626.0000,2626.4000,2626.8000,1,1,1,1,1,1,1,3,1,1
SF,IH2009,2020-03-18 09:31:58.500,2624.6000,9710,0,74765280.000,0,-,-,-,-,2622.8000,2622.6000,2622.2000,2622.0000,2621.0000,2625.0000,2625.6000,2626.0000,2626.4000,2626.8000,1,1,1,1,1,1,1,3,1,1
SF,IH2009,2020-03-18 09:31:59.000,2625.0000,9709,-1,75552780.000,1,0,1,双平,S,2623.2000,2623.0000,2622.8000,2622.2000,2622.0000,2625.6000,2626.0000,2626.4000,2626.8000,2627.0000,1,4,1,1,1,1,3,1,1,1
SF,IH2009,2020-03-18 09:31:59.500,2625.0000,9709,0,75552780.000,0,-,-,-,-,2623.2000,2623.0000,2622.8000,2622.2000,2622.0000,2625.6000,2626.0000,2626.4000,2626.8000,2627.0000,1,1,1,1,1,1,3,1,1,1
SF,IH2009,2020-03-18 09:32:00.000,2625.0000,9709,0,75552780.000,0,-,-,-,-,2623.4000,2623.0000,2622.8000,2622.2000,2622.0000,2625.6000,2626.0000,2626.4000,2626.8000,2627.0000,1,1,1,1,1,1,3,1,1,1
SF,IH2009,2020-03-18 09:32:00.500,2625.0000,9709,0,75552780.000,0,-,-,-,-,2625.0000,2623.4000,2623.0000,2622.2000,2622.0000,2625.4000,2625.6000,2626.0000,2626.4000,2626.8000,1,1,1,1,1,2,1,3,1,1
SF,IH2009,2020-03-18 09:32:01.000,2625.0000,9709,0,76340280.000,1,0,1,多换,S,2623.0000,2622.0000,2621.0000,2619.2000,2616.2000,2625.4000,2625.6000,2626.0000,2626.4000,2626.8000,1,1,1,1,5,2,1,3,1,1
SF,IH2009,2020-03-18 09:32:01.500,2625.0000,9709,0,76340280.000,0,-,-,-,-,2623.2000,2622.0000,2621.0000,2619.2000,2616.2000,2625.4000,2625.6000,2626.0000,2626.4000,2626.8000,1,1,1,1,5,2,1,3,1,1
SF,IH2009,2020-03-18 09:32:02.000,2625.0000,9709,0,76340280.000,0,-,-,-,-,2623.4000,2622.0000,2621.0000,2619.2000,2616.2000,2625.4000,2625.6000,2626.0000,2626.4000,2626.8000,1,1,1,1,5,2,1,3,1,1
SF,IH2009,2020-03-18 09:32:02.500,2625.0000,9709,0,76340280.000,0,-,-,-,-,2623.4000,2622.0000,2621.0000,2619.2000,2616.2000,2625.0000,2625.2000,2625.4000,2625.6000,2626.0000,1,1,1,1,5,1,1,2,1,3
SF,IH2009,2020-03-18 09:32:03.000,2625.0000,9709,0,76340280.000,0,-,-,-,-,2623.4000,2622.0000,2621.0000,2619.2000,2616.2000,2624.8000,2625.0000,2625.4000,2625.6000,2626.0000,1,1,1,1,5,1,1,2,1,3
SF,IH2009,2020-03-18 09:32:03.500,2625.0000,9709,0,76340280.000,0,-,-,-,-,2623.4000,2622.0000,2621.0000,2619.2000,2616.2000,2625.0000,2625.4000,2625.6000,2626.0000,2626.4000,1,1,1,1,5,1,2,1,3,1
SF,IH2009,2020-03-18 09:32:04.000,2625.0000,9709,0,76340280.000,0,-,-,-,-,2622.0000,2621.0000,2619.2000,2616.2000,2616.0000,2624.8000,2625.0000,2625.4000,2625.6000,2626.0000,1,1,1,5,3,1,1,2,1,3
SF,IH2009,2020-03-18 09:32:04.500,2625.0000,9709,0,76340280.000,0,-,-,-,-,2622.4000,2622.2000,2622.0000,2621.0000,2619.2000,2625.0000,2625.4000,2625.6000,2626.0000,2626.4000,1,2,1,1,1,1,2,1,3,1
SF,IH2009,2020-03-18 09:32:05.000,2625.0000,9709,0,76340280.000,0,-,-,-,-,2622.6000,2622.4000,2622.2000,2622.0000,2621.0000,2625.0000,2625.4000,2625.6000,2626.0000,2626.4000,3,1,2,1,1,1,2,1,3,1
SF,IH2009,2020-03-18 09:32:05.500,2625.0000,9709,0,76340280.000,0,-,-,-,-,2622.8000,2622.6000,2622.2000,2622.0000,2621.0000,2625.0000,2625.4000,2625.6000,2626.0000,2626.4000,1,3,2,1,1,1,2,1,3,1
SF,IH2009,2020-03-18 09:32:06.000,2625.0000,9709,0,76340280.000,0,-,-,-,-,2622.8000,2622.6000,2622.2000,2622.0000,2621.0000,2625.0000,2625.4000,2625.6000,2626.0000,2626.4000,1,3,2,1,1,1,2,1,3,1
SF,IH2009,2020-03-18 09:32:06.500,2625.0000,9709,0,76340280.000,0,-,-,-,-,2622.8000,2622.6000,2622.2000,2622.0000,2621.0000,2625.0000,2625.4000,2625.6000,2626.0000,2626.4000,1,3,2,1,1,1,2,1,3,1
SF,IH2009,2020-03-18 09:32:07.000,2625.0000,9709,0,76340280.000,0,-,-,-,-,2623.0000,2622.8000,2622.6000,2622.2000,2622.0000,2625.0000,2625.4000,2625.6000,2626.0000,2626.4000,2,1,1,2,1,1,1,1,3,1
SF,IH2009,2020-03-18 09:32:07.500,2625.0000,9709,0,76340280.000,0,-,-,-,-,2623.4000,2623.0000,2622.6000,2622.2000,2622.0000,2625.0000,2625.4000,2625.6000,2626.0000,2626.4000,1,2,1,2,1,1,1,1,3,1
SF,IH2009,2020-03-18 09:32:08.000,2625.0000,9708,-1,77127780.000,1,0,1,双平,S,2625.0000,2623.6000,2623.4000,2623.0000,2622.6000,2625.4000,2625.6000,2626.0000,2626.4000,2626.8000,5,1,1,1,1,1,1,3,1,1
SF,IH2009,2020-03-18 09:32:08.500,2625.4000,9707,-1,77915400.000,1,0,1,双平,S,2625.0000,2623.6000,2623.4000,2623.0000,2622.6000,2625.6000,2626.0000,2626.4000,2626.8000,2627.0000,5,1,1,1,1,1,2,1,1,1
SF,IH2009,2020-03-18 09:32:10.500,2625.4000,9707,0,77915400.000,0,-,-,-,-,2625.4000,2625.0000,2623.6000,2623.4000,2623.0000,2625.6000,2626.0000,2626.4000,2626.8000,2627.0000,1,5,1,1,1,1,2,1,1,1
SF,IH2009,2020-03-18 09:32:11.000,2625.6000,9706,-1,78703080.000,1,0,1,双平,S,2625.4000,2625.0000,2623.6000,2623.4000,2623.0000,2626.0000,2626.4000,2626.8000,2627.0000,2627.8000,1,5,1,1,1,2,1,1,1,1
SF,IH2009,2020-03-18 09:32:11.500,2625.6000,9706,0,78703080.000,0,-,-,-,-,2625.4000,2625.0000,2623.6000,2623.4000,2623.0000,2626.0000,2626.4000,2626.8000,2627.0000,2627.8000,1,5,1,1,1,2,1,1,1,1
SF,IH2009,2020-03-18 09:32:13.500,2626.0000,9704,-2,80278680.000,2,0,2,双平,S,2625.4000,2625.0000,2623.6000,2623.4000,2623.0000,2626.4000,2626.8000,2627.0000,2627.8000,2628.0000,1,5,1,1,1,1,1,1,1,2
SF,IH2009,2020-03-18 09:32:14.000,2626.0000,9704,0,80278680.000,0,-,-,-,-,2625.4000,2625.0000,2623.6000,2623.4000,2623.0000,2626.2000,2626.4000,2626.8000,2627.0000,2627.8000,1,5,1,1,1,1,1,1,1,1
SF,IH2009,2020-03-18 09:32:14.500,2626.0000,9704,0,80278680.000,0,-,-,-,-,2625.4000,2625.0000,2623.6000,2623.4000,2623.0000,2626.4000,2626.8000,2627.0000,2627.8000,2628.0000,1,5,1,1,1,1,1,1,1,2
SF,IH2009,2020-03-18 09:32:15.500,2625.4000,9704,0,81066300.000,1,0,1,多换,S,2625.0000,2623.6000,2623.4000,2623.0000,2622.6000,2626.2000,2626.4000,2626.8000,2627.0000,2627.8000,5,1,1,1,1,1,1,1,1,1
SF,IH2009,2020-03-18 09:32:16.000,2625.0000,9704,0,81853800.000,1,0,1,多换,S,2625.0000,2623.6000,2623.4000,2623.0000,2622.2000,2626.0000,2626.4000,2626.8000,2627.0000,2627.8000,4,1,1,1,1,1,1,1,1,1
SF,IH2009,2020-03-18 09:32:16.500,2625.0000,9704,0,84216300.000,3,1,2,多换,S,2625.0000,2623.0000,2622.2000,2622.0000,2621.0000,2625.4000,2625.8000,2626.0000,2626.4000,2626.8000,1,1,1,1,1,1,2,2,1,1
SF,IH2009,2020-03-18 09:32:17.000,2625.0000,9705,1,85791300.000,2,1,1,空开,S,2623.0000,2622.2000,2622.0000,2621.0000,2616.0000,2625.2000,2625.4000,2626.0000,2626.4000,2626.8000,1,1,1,1,3,1,1,2,1,1
SF,IH2009,2020-03-18 09:32:17.500,2625.0000,9705,0,85791300.000,0,-,-,-,-,2622.2000,2622.0000,2621.0000,2616.0000,2615.8000,2625.0000,2625.4000,2626.0000,2626.4000,2626.8000,1,1,1,3,1,1,1,2,1,1
SF,IH2009,2020-03-18 09:32:18.000,2625.0000,9705,0,85791300.000,0,-,-,-,-,2622.2000,2621.0000,2616.0000,2615.8000,2615.0000,2625.0000,2625.4000,2626.4000,2626.8000,2627.0000,1,1,3,1,1,1,1,1,1,1
SF,IH2009,2020-03-18 09:32:18.500,2625.0000,9705,0,85791300.000,0,-,-,-,-,2622.2000,2621.0000,2616.0000,2615.8000,2615.0000,2625.0000,2625.4000,2626.4000,2626.8000,2627.0000,1,1,3,1,1,1,1,1,1,1
SF,IH2009,2020-03-18 09:32:19.000,2625.0000,9705,0,85791300.000,0,-,-,-,-,2622.2000,2621.0000,2616.0000,2615.8000,2615.0000,2624.8000,2625.0000,2625.4000,2626.4000,2626.8000,1,1,3,1,1,1,1,1,1,1
SF,IH2009,2020-03-18 09:32:19.500,2625.0000,9705,0,85791300.000,0,-,-,-,-,2622.2000,2621.0000,2616.0000,2615.8000,2615.0000,2624.6000,2624.8000,2625.4000,2626.4000,2626.8000,1,1,3,1,1,1,1,1,1,1
SF,IH2009,2020-03-18 09:32:20.000,2625.0000,9705,0,85791300.000,0,-,-,-,-,2622.2000,2621.0000,2616.0000,2615.8000,2615.0000,2624.6000,2625.4000,2626.4000,2626.8000,2627.0000,1,1,3,1,1,1,1,1,1,1
SF,IH2009,2020-03-18 09:32:20.500,2625.0000,9705,0,85791300.000,0,-,-,-,-,2622.2000,2616.0000,2615.8000,2615.0000,2614.6000,2624.6000,2625.4000,2626.4000,2626.8000,2627.0000,1,3,1,1,1,1,1,1,1,1
SF,IH2009,2020-03-18 09:32:21.000,2625.0000,9705,0,85791300.000,0,-,-,-,-,2622.4000,2622.2000,2616.0000,2615.8000,2615.0000,2624.6000,2625.4000,2626.0000,2626.4000,2626.8000,1,1,3,1,1,1,1,1,1,1
SF,IH2009,2020-03-18 09:32:21.500,2625.0000,9705,0,85791300.000,0,-,-,-,-,2622.4000,2622.2000,2616.0000,2615.8000,2615.0000,2624.6000,2625.4000,2626.0000,2626.4000,2626.8000,2,1,3,1,1,1,1,1,1,1
SF,IH2009,2020-03-18 09:32:22.000,2625.0000,9705,0,85791300.000,0,-,-,-,-,2622.2000,2616.0000,2615.8000,2615.0000,2614.6000,2624.6000,2625.4000,2626.0000,2626.4000,2626.8000,1,3,1,1,1,1,1,1,1,1
SF,IH2009,2020-03-18 09:32:22.500,2625.0000,9705,0,85791300.000,0,-,-,-,-,2622.4000,2622.2000,2622.0000,2616.0000,2615.8000,2625.4000,2626.0000,2626.4000,2626.8000,2627.0000,1,1,1,3,1,1,1,1,1,1
SF,IH2009,2020-03-18 09:32:23.000,2622.4000,9703,-2,87364740.000,2,0,2,双平,S,2622.2000,2622.0000,2616.0000,2615.8000,2615.0000,2625.2000,2625.4000,2626.0000,2626.4000,2626.8000,1,1,3,1,1,1,1,1,1,1
SF,IH2009,2020-03-18 09:32:24.000,2622.4000,9703,0,87364740.000,0,-,-,-,-,2622.4000,2622.2000,2622.0000,2616.0000,2615.8000,2625.0000,2625.2000,2625.4000,2626.0000,2626.4000,1,1,1,3,1,1,1,1,1,1
SF,IH2009,2020-03-18 09:32:24.500,2622.4000,9703,0,87364740.000,0,-,-,-,-,2622.6000,2622.4000,2622.2000,2622.0000,2616.0000,2625.0000,2625.2000,2625.4000,2626.0000,2626.4000,1,1,1,1,3,1,1,1,1,1
SF,IH2009,2020-03-18 09:32:25.000,2622.4000,9703,0,87364740.000,0,-,-,-,-,2622.6000,2622.2000,2622.0000,2616.0000,2615.8000,2625.0000,2625.2000,2625.4000,2626.0000,2626.4000,1,1,1,3,1,1,1,1,1,1
SF,IH2009,2020-03-18 09:32:25.500,2622.4000,9703,0,87364740.000,0,-,-,-,-,2622.2000,2622.0000,2616.0000,2615.8000,2615.0000,2624.8000,2625.0000,2625.4000,2626.0000,2626.4000,1,1,3,1,1,1,1,1,1,1
SF,IH2009,2020-03-18 09:32:26.000,2622.4000,9703,0,87364740.000,0,-,-,-,-,2622.2000,2616.0000,2615.8000,2615.0000,2614.6000,2624.6000,2624.8000,2625.0000,2625.4000,2626.0000,1,3,1,1,1,1,1,1,1,1
SF,IH2009,2020-03-18 09:32:26.500,2622.4000,9703,0,87364740.000,0,-,-,-,-,2622.4000,2622.2000,2616.0000,2615.8000,2615.0000,2624.4000,2624.6000,2625.0000,2625.4000,2626.0000,1,1,3,1,1,1,1,1,1,1
SF,IH2009,2020-03-18 09:32:27.000,2622.4000,9703,0,87364740.000,0,-,-,-,-,2622.4000,2622.2000,2616.0000,2615.8000,2615.0000,2624.2000,2624.4000,2624.6000,2625.0000,2625.4000,1,1,3,1,1,2,1,1,2,1
SF,IH2009,2020-03-18 09:32:27.500,2622.4000,9703,0,87364740.000,0,-,-,-,-,2622.4000,2622.2000,2616.0000,2615.8000,2615.0000,2624.0000,2624.2000,2624.6000,2625.0000,2625.4000,1,1,3,1,1,1,2,1,2,1
SF,IH2009,2020-03-18 09:32:28.000,2622.4000,9703,0,87364740.000,0,-,-,-,-,2622.4000,2622.2000,2616.0000,2615.8000,2615.0000,2623.8000,2624.0000,2624.2000,2624.6000,2625.0000,1,1,3,1,1,1,1,1,1,1
SF,IH2009,2020-03-18 09:32:28.500,2622.4000,9703,0,87364740.000,0,-,-,-,-,2622.4000,2622.2000,2616.0000,2615.8000,2615.0000,2623.6000,2624.0000,2624.2000,2625.4000,2626.0000,1,1,3,1,1,1,1,1,1,1
SF,IH2009,2020-03-18 09:32:29.000,2622.4000,9703,0,87364740.000,0,-,-,-,-,2622.4000,2622.2000,2616.0000,2615.8000,2615.0000,2623.6000,2624.0000,2624.2000,2625.4000,2626.0000,1,1,3,1,1,1,1,1,1,1
SF,IH2009,2020-03-18 09:32:29.500,2622.4000,9703,0,87364740.000,0,-,-,-,-,2622.4000,2622.2000,2616.0000,2615.8000,2615.0000,2623.4000,2623.6000,2624.0000,2625.4000,2626.0000,1,1,3,1,1,1,1,1,1,1
SF,IH2009,2020-03-18 09:32:30.000,2622.4000,9703,0,87364740.000,0,-,-,-,-,2622.4000,2622.2000,2616.0000,2615.8000,2615.0000,2623.6000,2624.0000,2625.4000,2626.0000,2626.4000,1,1,3,1,1,1,1,1,1,1
SF,IH2009,2020-03-18 09:32:30.500,2622.4000,9703,0,87364740.000,0,-,-,-,-,2622.4000,2622.2000,2616.0000,2615.8000,2615.0000,2624.0000,2625.4000,2626.0000,2626.4000,2627.0000,1,1,3,1,1,1,1,1,1,1
SF,IH2009,2020-03-18 09:32:31.000,2622.4000,9703,0,87364740.000,0,-,-,-,-,2622.4000,2622.2000,2616.0000,2615.8000,2615.0000,2625.4000,2626.0000,2626.4000,2627.0000,2627.8000,1,1,3,1,1,1,1,1,1,1
SF,IH2009,2020-03-18 09:32:31.500,2622.4000,9703,0,87364740.000,0,-,-,-,-,2622.8000,2622.6000,2622.4000,2622.2000,2616.0000,2625.4000,2626.0000,2626.4000,2627.0000,2627.8000,1,1,1,1,3,1,1,1,1,1
SF,IH2009,2020-03-18 09:32:32.000,2622.4000,9703,0,87364740.000,0,-,-,-,-,2623.0000,2622.4000,2622.2000,2616.0000,2615.8000,2625.4000,2626.0000,2626.4000,2627.0000,2627.8000,2,1,1,3,1,1,1,1,1,1
SF,IH2009,2020-03-18 09:32:32.500,2622.4000,9703,0,87364740.000,0,-,-,-,-,2623.0000,2622.4000,2622.2000,2616.0000,2615.8000,2625.4000,2626.0000,2626.4000,2627.0000,2627.8000,1,1,1,3,1,1,1,1,1,1
SF,IH2009,2020-03-18 09:32:34.000,2622.4000,9703,0,87364740.000,0,-,-,-,-,2623.2000,2623.0000,2622.4000,2622.2000,2616.0000,2625.4000,2626.0000,2626.4000,2627.0000,2627.8000,1,1,1,1,3,1,1,1,1,1
SF,IH2009,2020-03-18 09:32:34.500,2622.4000,9703,0,87364740.000,0,-,-,-,-,2623.4000,2623.2000,2622.4000,2622.2000,2616.0000,2625.4000,2626.4000,2627.0000,2627.8000,2628.0000,1,1,1,1,3,1,1,1,1,2
SF,IH2009,2020-03-18 09:32:35.000,2622.4000,9703,0,87364740.000,0,-,-,-,-,2623.8000,2623.4000,2622.4000,2622.2000,2616.0000,2625.2000,2625.4000,2626.4000,2627.0000,2627.8000,1,2,1,1,3,1,1,1,1,1
SF,IH2009,2020-03-18 09:32:35.500,2622.4000,9703,0,87364740.000,0,-,-,-,-,2624.0000,2623.8000,2623.4000,2622.4000,2622.2000,2625.4000,2626.4000,2627.0000,2627.8000,2628.0000,1,1,1,1,1,1,1,1,1,2
SF,IH2009,2020-03-18 09:32:36.000,2625.4000,9702,-1,88152360.000,1,0,1,双平,S,2624.4000,2624.2000,2624.0000,2623.8000,2622.4000,2626.4000,2627.0000,2627.8000,2628.0000,2629.0000,1,1,1,3,1,1,1,1,2,2
SF,IH2009,2020-03-18 09:32:36.500,2625.4000,9702,0,88152360.000,0,-,-,-,-,2624.0000,2623.8000,2622.4000,2622.2000,2616.0000,2626.2000,2626.4000,2627.0000,2627.8000,2628.0000,1,3,1,1,3,1,1,1,1,2
SF,IH2009,2020-03-18 09:32:37.000,2625.4000,9702,0,88152360.000,0,-,-,-,-,2624.2000,2624.0000,2623.8000,2622.4000,2622.2000,2626.4000,2627.0000,2627.8000,2628.0000,2629.0000,1,1,3,1,1,1,1,1,2,2
SF,IH2009,2020-03-18 09:32:37.500,2625.4000,9702,0,88152360.000,0,-,-,-,-,2624.4000,2623.8000,2622.4000,2622.2000,2616.0000,2626.4000,2627.0000,2627.8000,2628.0000,2629.0000,1,3,1,1,3,1,1,1,2,2
SF,IH2009,2020-03-18 09:32:38.000,2625.4000,9702,0,88152360.000,0,-,-,-,-,2624.4000,2623.8000,2622.4000,2622.2000,2616.0000,2626.2000,2626.4000,2627.0000,2627.8000,2628.0000,1,3,1,1,3,1,1,1,1,2
SF,IH2009,2020-03-18 09:32:38.500,2625.4000,9702,0,88152360.000,0,-,-,-,-,2624.4000,2623.8000,2622.4000,2622.2000,2616.0000,2626.0000,2626.4000,2627.0000,2627.8000,2628.0000,1,3,1,1,3,1,1,1,1,2
SF,IH2009,2020-03-18 09:32:39.000,2625.4000,9702,0,88152360.000,0,-,-,-,-,2624.4000,2623.8000,2622.4000,2622.2000,2616.0000,2625.8000,2626.4000,2627.0000,2627.8000,2628.0000,1,3,1,1,3,1,1,1,1,2
SF,IH2009,2020-03-18 09:32:39.500,2626.4000,9702,0,88940280.000,1,0,1,多换,S,2624.4000,2623.8000,2622.4000,2622.2000,2616.0000,2625.6000,2627.0000,2627.8000,2628.0000,2629.0000,1,3,1,1,3,1,1,1,2,2
SF,IH2009,2020-03-18 09:32:40.000,2626.4000,9702,0,88940280.000,0,-,-,-,-,2624.4000,2623.8000,2622.4000,2622.2000,2616.0000,2625.4000,2627.0000,2627.8000,2628.0000,2629.0000,1,3,1,1,3,1,1,1,2,2
SF,IH2009,2020-03-18 09:32:40.500,2626.4000,9702,0,88940280.000,0,-,-,-,-,2624.4000,2623.8000,2622.4000,2622.2000,2616.0000,2625.2000,2627.0000,2627.8000,2628.0000,2629.0000,1,3,1,1,3,1,1,1,2,2
SF,IH2009,2020-03-18 09:32:41.000,2626.4000,9702,0,88940280.000,0,-,-,-,-,2624.4000,2623.8000,2622.4000,2622.2000,2616.0000,2626.6000,2627.0000,2627.8000,2628.0000,2629.0000,1,3,1,1,3,1,1,1,2,2
SF,IH2009,2020-03-18 09:32:41.500,2626.4000,9702,0,88940280.000,0,-,-,-,-,2624.8000,2623.8000,2622.4000,2622.2000,2616.0000,2626.4000,2626.6000,2627.0000,2627.8000,2628.0000,1,3,1,1,3,1,1,1,1,2
SF,IH2009,2020-03-18 09:32:42.000,2626.4000,9702,0,88940280.000,0,-,-,-,-,2624.8000,2623.8000,2622.4000,2622.2000,2616.0000,2626.2000,2626.4000,2626.6000,2627.0000,2627.8000,1,3,1,1,3,1,1,1,1,1
SF,IH2009,2020-03-18 09:32:42.500,2626.4000,9702,0,88940280.000,0,-,-,-,-,2624.8000,2623.8000,2622.4000,2622.2000,2616.0000,2626.0000,2626.6000,2627.0000,2627.8000,2628.0000,1,3,1,1,3,1,1,1,1,2
SF,IH2009,2020-03-18 09:32:43.000,2626.4000,9702,0,88940280.000,0,-,-,-,-,2624.8000,2623.8000,2622.4000,2622.2000,2622.0000,2625.8000,2626.6000,2627.0000,2627.8000,2628.0000,1,3,1,1,1,1,1,1,1,2
SF,IH2009,2020-03-18 09:32:43.500,2625.8000,9702,0,89728020.000,1,0,1,多换,S,2625.0000,2624.8000,2623.8000,2622.4000,2622.0000,2626.6000,2627.0000,2627.8000,2628.0000,2629.0000,1,1,3,1,1,1,1,1,2,2
SF,IH2009,2020-03-18 09:32:44.000,2625.8000,9702,0,89728020.000,0,-,-,-,-,2625.2000,2624.8000,2623.8000,2622.4000,2622.0000,2626.6000,2627.0000,2627.8000,2628.0000,2629.0000,1,1,3,1,1,1,1,1,2,2
SF,IH2009,2020-03-18 09:32:44.500,2625.8000,9702,0,89728020.000,0,-,-,-,-,2626.0000,2625.4000,2624.8000,2623.8000,2622.4000,2626.6000,2627.0000,2627.8000,2628.0000,2629.0000,1,1,1,3,1,2,1,1,2,2
SF,IH2009,2020-03-18 09:32:45.000,2625.8000,9702,0,89728020.000,0,-,-,-,-,2626.0000,2624.8000,2623.8000,2622.4000,2622.0000,2626.6000,2627.0000,2627.8000,2628.0000,2629.0000,1,1,3,1,1,2,1,1,2,2
SF,IH2009,2020-03-18 09:32:46.000,2626.0000,9701,-1,90515820.000,1,0,1,双平,S,2624.8000,2623.8000,2622.4000,2622.0000,2616.0000,2626.6000,2627.0000,2627.8000,2628.0000,2629.0000,1,3,1,1,3,2,1,1,2,2
SF,IH2009,2020-03-18 09:32:46.500,2626.0000,9701,0,90515820.000,0,-,-,-,-,2624.8000,2623.8000,2622.4000,2622.0000,2616.0000,2626.4000,2626.6000,2627.0000,2627.8000,2628.0000,1,3,1,1,3,3,2,1,1,2
SF,IH2009,2020-03-18 09:32:47.000,2624.8000,9700,-1,91303260.000,1,0,1,双平,S,2623.8000,2622.4000,2622.0000,2616.0000,2615.8000,2626.4000,2626.6000,2627.0000,2627.8000,2628.0000,3,1,1,3,1,4,2,1,1,2
SF,IH2009,2020-03-18 09:32:47.500,2626.2000,9700,0,92091120.000,1,0,1,多换,S,2622.4000,2622.0000,2616.0000,2615.8000,2615.0000,2626.4000,2626.6000,2627.0000,2627.8000,2628.0000,1,1,3,1,1,3,2,1,1,2
SF,IH2009,2020-03-18 09:32:48.000,2626.2000,9700,0,92091120.000,0,-,-,-,-,2624.2000,2622.8000,2622.6000,2622.4000,2622.0000,2626.0000,2626.4000,2626.6000,2627.0000,2627.8000,1,1,1,1,1,1,3,2,1,2
SF,IH2009,2020-03-18 09:32:48.500,2624.2000,9699,-1,92878380.000,1,0,1,双平,S,2622.4000,2622.0000,2616.0000,2615.8000,2615.0000,2625.8000,2626.0000,2626.4000,2626.6000,2627.0000,1,1,3,1,1,3,1,2,2,1
SF,IH2009,2020-03-18 09:32:49.000,2624.2000,9699,0,92878380.000,0,-,-,-,-,2622.4000,2622.0000,2616.0000,2615.8000,2615.0000,2625.8000,2626.0000,2626.4000,2626.6000,2627.0000,1,1,3,1,1,2,1,2,2,1
SF,IH2009,2020-03-18 09:32:49.500,2624.2000,9699,0,92878380.000,0,-,-,-,-,2622.4000,2622.0000,2616.0000,2615.8000,2615.0000,2625.8000,2626.0000,2626.4000,2626.6000,2627.0000,1,1,3,1,1,2,1,2,2,1
SF,IH2009,2020-03-18 09:32:50.000,2624.2000,9699,0,92878380.000,0,-,-,-,-,2622.4000,2622.0000,2616.0000,2615.8000,2615.0000,2625.8000,2626.0000,2626.4000,2626.6000,2627.0000,1,1,3,1,1,2,1,2,2,1
SF,IH2009,2020-03-18 09:32:50.500,2624.2000,9699,0,92878380.000,0,-,-,-,-,2622.4000,2622.0000,2616.0000,2615.8000,2615.0000,2625.4000,2625.8000,2626.0000,2626.4000,2626.6000,1,1,3,1,1,1,2,1,2,2
SF,IH2009,2020-03-18 09:32:51.000,2622.4000,9700,1,93665100.000,1,1,0,双开,S,2624.2000,2622.0000,2616.0000,2615.8000,2615.0000,2625.2000,2625.4000,2625.8000,2626.4000,2626.6000,1,1,3,1,1,2,2,1,2,2
SF,IH2009,2020-03-18 09:32:51.500,2624.2000,9700,0,94452360.000,1,0,1,多换,S,2622.0000,2616.0000,2615.8000,2615.0000,2614.6000,2624.0000,2625.0000,2625.2000,2625.4000,2625.8000,1,3,1,1,1,4,1,1,2,1
SF,IH2009,2020-03-18 09:32:52.000,2624.2000,9700,0,94452360.000,0,-,-,-,-,2622.2000,2622.0000,2616.0000,2615.8000,2615.0000,2624.2000,2625.2000,2625.4000,2625.8000,2626.4000,2,1,3,1,1,6,1,1,1,1
SF,IH2009,2020-03-18 09:32:52.500,2624.2000,9700,0,94452360.000,0,-,-,-,-,2622.2000,2622.0000,2616.0000,2615.8000,2615.0000,2624.2000,2625.4000,2626.4000,2626.6000,2627.0000,3,2,3,1,1,6,1,1,2,1
SF,IH2009,2020-03-18 09:32:53.000,2624.2000,9700,0,94452360.000,0,-,-,-,-,2622.2000,2622.0000,2616.0000,2615.8000,2615.0000,2626.4000,2626.6000,2627.0000,2627.8000,2628.0000,3,1,3,1,1,1,2,1,1,2
SF,IH2009,2020-03-18 09:32:53.500,2624.2000,9700,0,94452360.000,0,-,-,-,-,2622.2000,2622.0000,2615.8000,2615.0000,2614.6000,2624.0000,2626.2000,2626.4000,2626.6000,2627.0000,1,2,1,1,1,1,1,1,2,1
SF,IH2009,2020-03-18 09:32:54.000,2624.0000,9699,-1,95239560.000,1,0,1,双平,S,2622.4000,2622.2000,2622.0000,2615.8000,2615.0000,2624.2000,2626.4000,2626.6000,2627.0000,2627.8000,2,1,2,1,1,1,1,2,1,1
SF,IH2009,2020-03-18 09:32:54.500,2624.0000,9699,0,95239560.000,0,-,-,-,-,2622.8000,2622.4000,2622.0000,2615.8000,2615.0000,2624.2000,2626.4000,2626.6000,2627.0000,2627.8000,1,2,2,1,1,1,1,2,1,1
SF,IH2009,2020-03-18 09:32:55.000,2624.2000,9698,-1,96026820.000,1,0,1,双平,S,2623.0000,2622.4000,2622.0000,2615.8000,2615.0000,2626.4000,2626.6000,2627.0000,2627.8000,2628.0000,1,1,2,1,1,1,2,1,1,2
SF,IH2009,2020-03-18 09:32:55.500,2624.2000,9698,0,96026820.000,0,-,-,-,-,2623.0000,2622.4000,2622.0000,2615.8000,2615.0000,2626.2000,2626.4000,2626.6000,2627.0000,2627.8000,1,1,2,1,1,1,1,2,1,1
SF,IH2009,2020-03-18 09:32:56.000,2624.2000,9698,0,96026820.000,0,-,-,-,-,2622.4000,2622.0000,2615.8000,2615.0000,2614.6000,2626.2000,2626.4000,2626.6000,2627.0000,2627.8000,1,2,1,1,1,1,1,2,1,1
SF,IH2009,2020-03-18 09:32:56.500,2624.2000,9698,0,96026820.000,0,-,-,-,-,2624.0000,2622.8000,2622.4000,2622.0000,2615.8000,2626.2000,2626.4000,2626.6000,2627.0000,2627.8000,1,1,1,2,1,1,1,2,1,1
SF,IH2009,2020-03-18 09:32:57.000,2624.2000,9698,0,96026820.000,0,-,-,-,-,2624.0000,2622.0000,2615.8000,2615.0000,2614.6000,2625.0000,2626.2000,2626.4000,2626.6000,2627.0000,1,2,1,1,1,1,1,1,2,1
SF,IH2009,2020-03-18 09:32:57.500,2624.0000,9698,0,96814020.000,1,0,1,多换,S,2622.0000,2615.8000,2615.0000,2614.6000,2614.4000,2624.8000,2625.0000,2626.2000,2626.4000,2626.6000,2,1,1,1,5,1,1,1,1,2
SF,IH2009,2020-03-18 09:32:58.000,2624.0000,9698,0,96814020.000,0,-,-,-,-,2622.2000,2622.0000,2615.8000,2615.0000,2614.6000,2625.0000,2626.2000,2626.4000,2626.6000,2627.0000,1,2,1,1,1,1,1,1,2,1
SF,IH2009,2020-03-18 09:32:58.500,2624.0000,9698,0,96814020.000,0,-,-,-,-,2622.4000,2622.2000,2622.0000,2615.8000,2615.0000,2625.0000,2626.2000,2626.4000,2626.6000,2627.0000,1,1,2,1,1,1,1,1,2,1
SF,IH2009,2020-03-18 09:32:59.000,2624.0000,9698,0,96814020.000,0,-,-,-,-,2622.2000,2622.0000,2615.8000,2615.0000,2614.6000,2625.0000,2626.2000,2626.4000,2626.6000,2627.0000,1,2,1,1,1,1,1,1,2,1
SF,IH2009,2020-03-18 09:32:59.500,2624.0000,9698,0,96814020.000,0,-,-,-,-,2622.0000,2615.8000,2615.0000,2614.6000,2614.4000,2624.8000,2625.0000,2626.4000,2626.6000,2627.0000,1,1,1,1,5,1,1,1,2,1
SF,IH2009,2020-03-18 09:33:00.000,2624.0000,9698,0,96814020.000,0,-,-,-,-,2622.2000,2622.0000,2615.8000,2615.0000,2614.6000,2624.8000,2625.0000,2626.4000,2626.6000,2627.0000,1,2,1,1,1,1,1,1,2,1
SF,IH2009,2020-03-18 09:33:00.500,2624.0000,9698,0,96814020.000,0,-,-,-,-,2622.0000,2615.8000,2615.0000,2614.6000,2614.4000,2624.8000,2625.0000,2626.4000,2626.6000,2627.0000,1,1,1,1,5,1,1,1,2,1
SF,IH2009,2020-03-18 09:33:01.000,2624.0000,9698,0,96814020.000,0,-,-,-,-,2622.2000,2622.0000,2615.8000,2615.0000,2614.6000,2625.0000,2626.4000,2626.6000,2627.0000,2627.8000,2,2,1,1,1,1,1,1,1,1
SF,IH2009,2020-03-18 09:33:01.500,2624.0000,9698,0,96814020.000,0,-,-,-,-,2622.2000,2622.0000,2615.8000,2615.0000,2614.6000,2625.0000,2626.4000,2626.6000,2627.0000,2627.8000,1,2,1,1,1,1,1,1,1,1
SF,IH2009,2020-03-18 09:33:02.000,2624.0000,9698,0,96814020.000,0,-,-,-,-,2622.4000,2622.2000,2622.0000,2615.8000,2615.0000,2625.0000,2626.4000,2626.6000,2627.0000,2627.8000,1,1,2,1,1,1,1,1,1,1
SF,IH2009,2020-03-18 09:33:02.500,2624.0000,9698,0,96814020.000,0,-,-,-,-,2622.6000,2622.4000,2622.0000,2615.8000,2615.0000,2625.0000,2626.4000,2626.6000,2627.0000,2627.8000,1,1,3,1,1,1,1,1,1,1
SF,IH2009,2020-03-18 09:33:03.000,2624.0000,9698,0,96814020.000,0,-,-,-,-,2622.8000,2622.6000,2622.0000,2615.8000,2615.0000,2625.0000,2626.4000,2626.6000,2627.0000,2627.8000,1,1,3,1,1,1,1,1,1,1
SF,IH2009,2020-03-18 09:33:03.500,2625.0000,9697,-1,97601520.000,1,0,1,双平,S,2623.0000,2622.8000,2622.0000,2615.8000,2615.0000,2626.4000,2626.6000,2627.0000,2627.8000,2628.0000,1,1,3,1,1,1,1,1,1,2
SF,IH2009,2020-03-18 09:33:04.000,2623.0000,9697,0,98388420.000,1,0,1,多换,S,2622.8000,2622.0000,2615.8000,2615.0000,2614.6000,2626.2000,2626.4000,2626.6000,2627.0000,2627.8000,1,3,1,1,1,2,1,1,1,1
SF,IH2009,2020-03-18 09:33:04.500,2623.0000,9697,0,98388420.000,0,-,-,-,-,2622.8000,2622.0000,2615.8000,2615.0000,2614.6000,2626.2000,2626.4000,2626.6000,2627.0000,2627.8000,1,3,1,1,1,2,1,1,1,1
SF,IH2009,2020-03-18 09:33:05.000,2623.0000,9697,0,98388420.000,0,-,-,-,-,2622.0000,2615.8000,2615.0000,2614.6000,2614.4000,2626.2000,2626.4000,2626.6000,2627.0000,2627.8000,3,1,1,1,5,2,1,2,1,1
SF,IH2009,2020-03-18 09:33:05.500,2623.0000,9697,0,98388420.000,0,-,-,-,-,2622.0000,2615.8000,2615.0000,2614.6000,2614.4000,2626.2000,2626.4000,2626.6000,2627.0000,2627.8000,3,1,1,1,5,2,1,2,1,1
SF,IH2009,2020-03-18 09:33:06.000,2623.0000,9697,0,98388420.000,0,-,-,-,-,2622.0000,2615.8000,2615.0000,2614.6000,2614.4000,2626.0000,2626.2000,2626.4000,2626.6000,2627.0000,2,1,1,1,5,1,2,1,2,1
SF,IH2009,2020-03-18 09:33:06.500,2623.0000,9697,0,98388420.000,0,-,-,-,-,2622.0000,2621.8000,2615.8000,2615.0000,2614.6000,2625.8000,2626.0000,2626.2000,2626.4000,2626.6000,2,1,1,1,1,1,1,1,1,2
SF,IH2009,2020-03-18 09:33:07.000,2623.0000,9697,0,98388420.000,0,-,-,-,-,2622.0000,2621.8000,2615.8000,2615.0000,2614.6000,2625.4000,2625.8000,2626.4000,2626.6000,2627.0000,2,1,1,1,1,1,1,1,2,1
SF,IH2009,2020-03-18 09:33:07.500,2623.0000,9697,0,98388420.000,0,-,-,-,-,2622.0000,2621.8000,2615.8000,2615.0000,2614.6000,2625.2000,2625.4000,2626.4000,2626.6000,2627.0000,2,1,1,1,1,2,1,1,2,1
SF,IH2009,2020-03-18 09:33:08.000,2623.0000,9697,0,98388420.000,0,-,-,-,-,2623.0000,2622.0000,2621.8000,2615.8000,2615.0000,2624.8000,2625.0000,2625.2000,2626.4000,2626.6000,1,2,1,1,1,1,1,3,1,2
SF,IH2009,2020-03-18 09:33:08.500,2623.0000,9697,0,98388420.000,0,-,-,-,-,2623.0000,2622.0000,2621.8000,2615.8000,2615.0000,2624.6000,2624.8000,2625.0000,2625.2000,2626.4000,1,2,1,1,1,2,1,2,1,1
SF,IH2009,2020-03-18 09:33:09.000,2623.0000,9697,0,99175320.000,1,0,1,多换,S,2622.0000,2621.8000,2615.8000,2615.0000,2614.6000,2624.4000,2624.6000,2626.4000,2626.6000,2627.0000,2,1,1,1,1,1,2,1,2,1
SF,IH2009,2020-03-18 09:33:09.500,2623.0000,9697,0,99175320.000,0,-,-,-,-,2622.0000,2621.8000,2615.8000,2615.0000,2614.6000,2624.2000,2624.4000,2626.4000,2626.6000,2627.0000,2,1,1,1,1,1,2,1,2,1
SF,IH2009,2020-03-18 09:33:10.000,2623.0000,9697,0,99175320.000,0,-,-,-,-,2622.0000,2621.8000,2615.8000,2615.0000,2614.6000,2623.8000,2624.2000,2624.4000,2626.4000,2626.6000,2,1,1,1,1,1,1,1,1,2
SF,IH2009,2020-03-18 09:33:10.500,2622.0000,9697,0,99961920.000,1,0,1,多换,S,2622.0000,2621.8000,2615.8000,2615.0000,2614.6000,2623.8000,2626.4000,2626.6000,2627.0000,2627.8000,1,1,1,1,1,1,1,2,1,1
SF,IH2009,2020-03-18 09:33:11.000,2622.0000,9697,0,99961920.000,0,-,-,-,-,2622.0000,2621.8000,2615.8000,2615.0000,2614.6000,2623.6000,2623.8000,2624.0000,2624.8000,2626.4000,1,1,1,1,1,3,1,1,1,1
SF,IH2009,2020-03-18 09:33:11.500,2622.0000,9697,0,99961920.000,0,-,-,-,-,2622.0000,2621.8000,2615.8000,2615.0000,2614.6000,2623.2000,2623.6000,2624.0000,2624.8000,2625.8000,1,1,1,1,1,1,3,1,1,5
SF,IH2009,2020-03-18 09:33:12.000,2622.0000,9697,0,99961920.000,0,-,-,-,-,2622.0000,2621.8000,2615.8000,2615.0000,2614.6000,2623.0000,2623.6000,2624.0000,2624.8000,2625.0000,1,4,1,1,1,1,2,1,1,1
SF,IH2009,2020-03-18 09:33:12.500,2622.0000,9697,0,99961920.000,0,-,-,-,-,2622.0000,2621.8000,2615.8000,2615.0000,2614.6000,2622.8000,2623.6000,2624.0000,2624.8000,2625.0000,1,4,1,1,1,1,2,1,1,1
SF,IH2009,2020-03-18 09:33:13.000,2621.8000,9698,1,101535060.000,2,1,1,空开,S,2621.8000,2615.8000,2615.0000,2614.6000,2614.0000,2622.6000,2623.6000,2624.0000,2624.8000,2625.0000,3,1,1,1,1,2,1,1,1,1
SF,IH2009,2020-03-18 09:33:13.500,2621.8000,9698,0,103108140.000,2,1,1,多换,S,2621.8000,2615.8000,2615.0000,2614.6000,2614.0000,2622.6000,2624.0000,2624.8000,2625.0000,2625.8000,1,1,1,1,1,1,1,1,1,5
SF,IH2009,2020-03-18 09:33:14.000,2621.8000,9698,0,103894680.000,1,0,1,多换,S,2615.0000,2614.6000,2614.0000,2611.0000,2610.6000,2622.4000,2624.0000,2624.8000,2625.0000,2625.8000,1,1,1,2,5,2,1,1,1,5
SF,IH2009,2020-03-18 09:33:14.500,2621.8000,9698,0,103894680.000,0,-,-,-,-,2618.2000,2616.8000,2616.2000,2615.8000,2615.4000,2622.4000,2624.0000,2624.8000,2625.0000,2625.8000,1,1,3,1,2,1,1,1,1,5
SF,IH2009,2020-03-18 09:33:15.000,2621.8000,9698,0,103894680.000,0,-,-,-,-,2618.4000,2618.2000,2616.8000,2616.2000,2615.8000,2622.2000,2622.4000,2624.0000,2624.8000,2625.0000,3,1,1,3,1,1,1,1,1,1
SF,IH2009,2020-03-18 09:33:15.500,2621.8000,9698,0,103894680.000,0,-,-,-,-,2618.4000,2618.2000,2616.2000,2615.4000,2615.0000,2622.0000,2622.2000,2622.4000,2622.6000,2624.0000,3,1,3,2,1,1,1,1,2,1
SF,IH2009,2020-03-18 09:33:16.000,2621.8000,9698,0,103894680.000,0,-,-,-,-,2618.6000,2618.4000,2618.2000,2616.2000,2615.4000,2622.2000,2624.0000,2624.8000,2625.0000,2625.8000,1,3,1,3,1,1,1,1,1,5
SF,IH2009,2020-03-18 09:33:16.500,2621.8000,9698,0,103894680.000,0,-,-,-,-,2618.8000,2618.4000,2618.2000,2616.2000,2615.0000,2621.6000,2622.0000,2622.2000,2624.0000,2624.8000,2,1,1,3,1,1,1,1,1,1
SF,IH2009,2020-03-18 09:33:17.000,2621.8000,9698,0,103894680.000,0,-,-,-,-,2618.8000,2618.4000,2618.2000,2616.2000,2615.0000,2622.0000,2622.2000,2624.0000,2624.8000,2625.0000,1,1,1,3,1,1,1,1,1,1
SF,IH2009,2020-03-18 09:33:17.500,2621.8000,9698,0,103894680.000,0,-,-,-,-,2618.8000,2618.4000,2618.2000,2616.2000,2615.0000,2622.0000,2624.0000,2624.8000,2625.0000,2625.8000,1,1,1,3,1,1,1,1,1,5
SF,IH2009,2020-03-18 09:33:18.000,2622.0000,9698,0,104681280.000,1,0,1,多换,S,2619.2000,2619.0000,2618.8000,2618.4000,2618.2000,2624.0000,2624.8000,2625.0000,2625.8000,2626.6000,1,1,1,1,1,1,1,1,5,2
SF,IH2009,2020-03-18 09:33:18.500,2622.0000,9698,0,104681280.000,0,-,-,-,-,2620.0000,2619.4000,2619.2000,2618.4000,2618.2000,2624.8000,2625.0000,2626.6000,2627.8000,2628.0000,1,2,1,1,1,1,1,2,1,1
SF,IH2009,2020-03-18 09:33:19.000,2622.0000,9698,0,104681280.000,0,-,-,-,-,2620.0000,2619.4000,2618.4000,2618.2000,2616.2000,2623.6000,2623.8000,2624.0000,2624.6000,2624.8000,1,1,1,1,3,1,1,1,2,2
SF,IH2009,2020-03-18 09:33:19.500,2622.0000,9698,0,104681280.000,0,-,-,-,-,2620.4000,2620.2000,2620.0000,2618.4000,2618.2000,2624.6000,2624.8000,2625.0000,2626.6000,2627.8000,1,1,1,1,1,1,2,3,2,1
SF,IH2009,2020-03-18 09:33:20.000,2622.0000,9698,0,104681280.000,0,-,-,-,-,2620.0000,2618.2000,2616.2000,2615.0000,2614.6000,2624.0000,2624.2000,2624.6000,2624.8000,2625.0000,1,1,3,1,1,1,1,1,2,3
SF,IH2009,2020-03-18 09:33:20.500,2622.0000,9698,0,104681280.000,0,-,-,-,-,2620.2000,2620.0000,2618.2000,2616.2000,2615.0000,2623.6000,2623.8000,2624.0000,2624.8000,2625.0000,1,1,1,3,1,1,1,1,2,3
SF,IH2009,2020-03-18 09:33:21.000,2622.0000,9698,0,104681280.000,0,-,-,-,-,2620.2000,2620.0000,2618.2000,2616.2000,2615.0000,2623.4000,2623.6000,2623.8000,2624.0000,2624.8000,1,1,1,3,1,1,1,1,1,2
SF,IH2009,2020-03-18 09:33:21.500,2622.0000,9698,0,104681280.000,0,-,-,-,-,2620.2000,2620.0000,2618.2000,2616.2000,2615.0000,2623.2000,2623.4000,2623.8000,2624.0000,2624.8000,1,1,1,3,1,1,1,1,1,2
SF,IH2009,2020-03-18 09:33:22.000,2622.0000,9698,0,104681280.000,0,-,-,-,-,2620.2000,2620.0000,2618.2000,2616.2000,2615.0000,2623.0000,2623.8000,2624.0000,2624.8000,2625.0000,1,1,1,3,1,1,1,1,2,3
SF,IH2009,2020-03-18 09:33:22.500,2622.0000,9698,0,104681280.000,0,-,-,-,-,2620.2000,2620.0000,2618.2000,2616.2000,2615.0000,2623.0000,2624.0000,2624.8000,2625.0000,2625.8000,1,1,1,3,1,1,1,2,3,1
SF,IH2009,2020-03-18 09:33:23.500,2622.0000,9698,0,104681280.000,0,-,-,-,-,2620.2000,2620.0000,2618.2000,2616.2000,2615.0000,2623.0000,2624.0000,2624.8000,2625.0000,2625.8000,1,1,1,3,1,1,1,2,3,1
SF,IH2009,2020-03-18 09:33:24.000,2622.0000,9698,0,104681280.000,0,-,-,-,-,2620.2000,2620.0000,2618.2000,2616.2000,2615.0000,2624.8000,2625.0000,2625.8000,2626.0000,2626.6000,1,1,1,3,1,2,3,1,1,2
SF,IH2009,2020-03-18 09:33:24.500,2622.0000,9698,0,104681280.000,0,-,-,-,-,2620.2000,2620.0000,2618.2000,2616.2000,2615.0000,2624.0000,2624.4000,2624.6000,2624.8000,2625.0000,1,1,1,3,1,1,1,1,2,3
SF,IH2009,2020-03-18 09:33:25.000,2622.0000,9698,0,104681280.000,0,-,-,-,-,2620.2000,2620.0000,2618.2000,2616.2000,2615.0000,2623.8000,2624.0000,2624.8000,2625.0000,2625.8000,1,1,1,3,1,2,1,2,3,1
SF,IH2009,2020-03-18 09:33:25.500,2622.0000,9698,0,104681280.000,0,-,-,-,-,2620.2000,2620.0000,2618.2000,2616.2000,2615.0000,2623.8000,2624.0000,2624.8000,2625.0000,2625.8000,1,1,1,3,1,2,1,2,3,1
SF,IH2009,2020-03-18 09:33:26.000,2622.0000,9698,0,104681280.000,0,-,-,-,-,2620.2000,2620.0000,2618.2000,2616.2000,2615.0000,2623.8000,2624.0000,2624.8000,2625.0000,2625.8000,1,1,1,3,1,1,1,2,3,1
SF,IH2009,2020-03-18 09:33:26.500,2622.0000,9698,0,104681280.000,0,-,-,-,-,2620.2000,2620.0000,2618.2000,2616.2000,2615.0000,2623.8000,2624.0000,2624.8000,2625.0000,2625.8000,1,1,1,3,1,1,1,2,3,1
SF,IH2009,2020-03-18 09:33:27.000,2622.0000,9698,0,104681280.000,0,-,-,-,-,2620.6000,2620.2000,2620.0000,2618.2000,2616.2000,2624.8000,2625.0000,2625.8000,2626.0000,2626.6000,1,1,1,1,3,2,3,1,1,2
SF,IH2009,2020-03-18 09:33:27.500,2622.0000,9698,0,104681280.000,0,-,-,-,-,2620.8000,2620.6000,2618.2000,2616.2000,2615.0000,2624.8000,2625.0000,2625.8000,2626.0000,2626.6000,2,1,1,3,1,1,1,1,1,2
SF,IH2009,2020-03-18 09:33:28.000,2622.0000,9698,0,104681280.000,0,-,-,-,-,2621.8000,2621.2000,2620.8000,2618.2000,2616.2000,2624.8000,2625.0000,2625.8000,2626.0000,2626.6000,1,1,2,1,3,1,1,1,1,2
SF,IH2009,2020-03-18 09:33:28.500,2622.0000,9698,0,104681280.000,0,-,-,-,-,2622.0000,2621.8000,2621.2000,2620.8000,2618.2000,2624.8000,2625.0000,2625.8000,2626.0000,2626.6000,1,1,1,1,1,1,1,1,1,2
SF,IH2009,2020-03-18 09:33:29.000,2622.0000,9698,0,104681280.000,0,-,-,-,-,2622.0000,2621.8000,2621.2000,2620.8000,2618.2000,2624.8000,2625.0000,2625.8000,2626.0000,2626.6000,1,1,1,1,1,1,1,1,1,2
SF,IH2009,2020-03-18 09:33:29.500,2622.0000,9698,0,104681280.000,0,-,-,-,-,2622.0000,2621.8000,2621.2000,2620.8000,2618.2000,2624.6000,2625.0000,2625.8000,2626.0000,2626.6000,1,1,1,1,1,1,2,1,1,2
SF,IH2009,2020-03-18 09:33:31.000,2622.0000,9698,0,104681280.000,0,-,-,-,-,2622.0000,2621.8000,2620.8000,2618.2000,2616.2000,2624.4000,2624.6000,2625.0000,2625.8000,2626.0000,1,1,1,1,3,1,1,2,1,1
SF,IH2009,2020-03-18 09:33:31.500,2622.0000,9698,0,104681280.000,0,-,-,-,-,2621.8000,2620.8000,2618.2000,2616.2000,2615.0000,2624.4000,2624.6000,2625.0000,2625.8000,2626.0000,1,1,1,3,1,1,1,2,1,1
SF,IH2009,2020-03-18 09:33:32.000,2622.0000,9698,0,104681280.000,0,-,-,-,-,2621.8000,2620.8000,2618.2000,2616.2000,2615.0000,2622.0000,2624.4000,2624.6000,2625.0000,2625.8000,1,1,1,3,1,1,1,1,2,1
SF,IH2009,2020-03-18 09:33:32.500,2622.0000,9697,-1,105467880.000,1,0,1,双平,S,2622.0000,2620.8000,2618.2000,2616.2000,2615.0000,2624.4000,2625.0000,2625.8000,2626.0000,2626.6000,1,1,1,3,1,1,2,1,1,2
SF,IH2009,2020-03-18 09:33:33.000,2622.0000,9697,0,105467880.000,0,-,-,-,-,2620.8000,2618.2000,2616.2000,2615.0000,2614.6000,2624.0000,2624.2000,2624.4000,2625.0000,2625.8000,1,1,3,1,1,1,1,1,3,1
SF,IH2009,2020-03-18 09:33:33.500,2622.0000,9697,0,105467880.000,0,-,-,-,-,2621.0000,2618.2000,2616.2000,2615.0000,2614.6000,2623.8000,2624.0000,2624.4000,2625.0000,2625.8000,1,1,3,1,1,1,2,1,3,1
SF,IH2009,2020-03-18 09:33:34.000,2622.0000,9697,0,105467880.000,0,-,-,-,-,2618.2000,2616.2000,2615.0000,2614.6000,2614.0000,2623.4000,2623.8000,2624.0000,2624.4000,2625.0000,1,3,1,1,1,1,1,1,1,3
SF,IH2009,2020-03-18 09:33:34.500,2622.0000,9697,0,105467880.000,0,-,-,-,-,2619.6000,2618.6000,2618.4000,2618.2000,2616.2000,2623.6000,2624.0000,2625.0000,2625.8000,2626.0000,1,1,3,1,3,1,1,3,1,1
SF,IH2009,2020-03-18 09:33:35.000,2622.0000,9697,0,105467880.000,0,-,-,-,-,2620.0000,2619.8000,2619.6000,2618.4000,2618.2000,2623.6000,2625.0000,2625.8000,2626.0000,2626.6000,1,2,1,2,1,1,3,1,1,2
SF,IH2009,2020-03-18 09:33:35.500,2622.0000,9697,0,105467880.000,0,-,-,-,-,2620.2000,2620.0000,2618.4000,2618.2000,2616.2000,2623.6000,2625.0000,2625.8000,2626.0000,2626.6000,2,1,2,1,3,1,3,1,1,2
SF,IH2009,2020-03-18 09:33:36.000,2622.0000,9697,0,105467880.000,0,-,-,-,-,2620.8000,2620.2000,2618.4000,2618.2000,2616.2000,2623.6000,2625.0000,2625.8000,2626.0000,2626.6000,1,2,2,1,3,1,3,1,1,2
SF,IH2009,2020-03-18 09:33:36.500,2622.0000,9697,0,105467880.000,0,-,-,-,-,2621.0000,2620.8000,2620.6000,2620.2000,2618.4000,2623.6000,2625.0000,2625.8000,2626.0000,2626.6000,1,1,1,1,1,1,3,1,1,2
SF,IH2009,2020-03-18 09:33:37.000,2622.0000,9697,0,105467880.000,0,-,-,-,-,2621.0000,2620.8000,2620.2000,2618.4000,2618.2000,2623.6000,2625.0000,2625.8000,2626.0000,2626.6000,1,1,1,1,1,1,3,1,1,2
SF,IH2009,2020-03-18 09:33:37.500,2622.0000,9697,0,105467880.000,0,-,-,-,-,2620.8000,2620.2000,2618.4000,2618.2000,2616.2000,2623.4000,2623.6000,2625.0000,2625.8000,2626.0000,1,1,1,1,3,1,1,3,1,1
SF,IH2009,2020-03-18 09:33:38.000,2622.0000,9697,0,105467880.000,0,-,-,-,-,2620.8000,2620.2000,2618.4000,2618.2000,2616.2000,2623.4000,2625.0000,2625.8000,2626.0000,2626.6000,1,1,1,1,3,1,3,1,1,2
SF,IH2009,2020-03-18 09:33:38.500,2622.0000,9697,0,105467880.000,0,-,-,-,-,2620.8000,2620.2000,2618.4000,2618.2000,2616.2000,2623.4000,2625.0000,2625.8000,2626.0000,2626.6000,1,1,1,1,3,1,3,1,1,2
SF,IH2009,2020-03-18 09:33:39.000,2622.0000,9697,0,105467880.000,0,-,-,-,-,2620.2000,2618.2000,2616.2000,2615.0000,2614.6000,2623.0000,2623.4000,2625.0000,2625.8000,2626.0000,1,1,3,1,1,1,1,3,1,1
SF,IH2009,2020-03-18 09:33:39.500,2622.0000,9697,0,105467880.000,0,-,-,-,-,2620.4000,2618.2000,2616.2000,2615.0000,2614.6000,2620.8000,2623.0000,2623.4000,2625.0000,2625.8000,1,1,3,1,1,1,1,1,3,1
SF,IH2009,2020-03-18 09:33:40.000,2620.8000,9696,-1,106254120.000,1,0,1,双平,S,2620.6000,2620.4000,2618.2000,2616.2000,2615.0000,2623.0000,2625.0000,2625.8000,2626.0000,2626.6000,1,2,1,3,1,1,3,1,1,2
SF,IH2009,2020-03-18 09:33:40.500,2620.8000,9696,0,106254120.000,0,-,-,-,-,2618.2000,2616.2000,2615.0000,2614.6000,2614.0000,2622.8000,2623.0000,2625.0000,2625.8000,2626.0000,1,3,1,1,1,1,1,3,1,1
SF,IH2009,2020-03-18 09:33:41.000,2620.8000,9696,0,106254120.000,0,-,-,-,-,2619.4000,2618.6000,2618.4000,2618.2000,2616.2000,2622.8000,2623.0000,2625.0000,2625.8000,2626.0000,1,1,3,1,3,1,1,3,1,1
SF,IH2009,2020-03-18 09:33:41.500,2620.8000,9696,0,106254120.000,0,-,-,-,-,2619.6000,2619.4000,2618.4000,2618.2000,2616.2000,2622.8000,2623.0000,2625.0000,2625.8000,2626.0000,3,1,1,1,3,1,1,3,1,1
SF,IH2009,2020-03-18 09:33:42.000,2620.8000,9696,0,106254120.000,0,-,-,-,-,2619.6000,2619.4000,2618.4000,2618.2000,2616.2000,2622.6000,2622.8000,2623.0000,2625.0000,2625.8000,2,1,1,1,3,1,1,1,3,1
SF,IH2009,2020-03-18 09:33:43.000,2620.8000,9696,0,106254120.000,0,-,-,-,-,2619.6000,2619.4000,2618.4000,2618.2000,2616.2000,2622.0000,2622.6000,2622.8000,2625.0000,2625.8000,1,1,1,1,3,1,1,1,3,1
SF,IH2009,2020-03-18 09:33:43.500,2620.8000,9696,0,106254120.000,0,-,-,-,-,2619.6000,2619.4000,2618.4000,2618.2000,2616.2000,2622.0000,2622.6000,2622.8000,2623.8000,2625.0000,1,1,1,1,3,1,1,1,1,2
SF,IH2009,2020-03-18 09:33:45.500,2620.8000,9696,0,106254120.000,0,-,-,-,-,2619.6000,2619.4000,2618.4000,2618.2000,2616.2000,2621.8000,2622.0000,2622.6000,2622.8000,2623.8000,1,1,1,1,3,1,1,1,1,1
SF,IH2009,2020-03-18 09:33:46.000,2620.8000,9696,0,106254120.000,0,-,-,-,-,2618.4000,2616.2000,2615.0000,2614.6000,2614.0000,2619.6000,2621.6000,2621.8000,2622.0000,2622.8000,1,3,1,1,1,10,1,1,1,1
SF,IH2009,2020-03-18 09:33:46.500,2620.8000,9696,0,106254120.000,0,-,-,-,-,2618.6000,2618.4000,2616.2000,2615.0000,2614.6000,2619.6000,2621.8000,2622.0000,2622.8000,2623.8000,1,1,3,1,1,10,1,1,1,1
SF,IH2009,2020-03-18 09:33:47.500,2620.8000,9696,0,106254120.000,0,-,-,-,-,2618.6000,2618.4000,2616.2000,2615.0000,2614.6000,2619.4000,2619.6000,2621.8000,2622.0000,2622.8000,1,1,3,1,1,1,10,1,1,1
SF,IH2009,2020-03-18 09:33:48.000,2620.8000,9696,0,106254120.000,0,-,-,-,-,2616.2000,2615.0000,2614.6000,2614.0000,2611.0000,2619.6000,2621.8000,2622.8000,2623.8000,2625.0000,3,1,1,1,2,10,1,1,1,2
SF,IH2009,2020-03-18 09:33:48.500,2620.8000,9696,0,106254120.000,0,-,-,-,-,2617.0000,2616.4000,2616.2000,2615.0000,2614.6000,2619.6000,2621.8000,2622.8000,2623.8000,2625.0000,1,3,3,1,1,10,1,1,1,2
SF,IH2009,2020-03-18 09:33:49.000,2620.8000,9696,0,106254120.000,0,-,-,-,-,2617.2000,2617.0000,2616.4000,2616.2000,2615.0000,2619.6000,2621.8000,2622.8000,2623.8000,2625.0000,1,1,2,3,1,10,1,1,1,2
SF,IH2009,2020-03-18 09:33:49.500,2620.8000,9696,0,106254120.000,0,-,-,-,-,2617.2000,2617.0000,2616.4000,2616.2000,2615.0000,2619.6000,2621.8000,2623.8000,2625.0000,2625.8000,2,1,1,3,1,10,1,1,2,1
SF,IH2009,2020-03-18 09:33:50.000,2620.8000,9696,0,106254120.000,0,-,-,-,-,2617.4000,2617.2000,2616.4000,2616.2000,2615.0000,2619.6000,2621.8000,2623.8000,2625.0000,2625.8000,2,2,1,3,1,10,1,1,2,1
SF,IH2009,2020-03-18 09:33:50.500,2617.6000,9696,0,107039400.000,1,0,1,多换,S,2617.6000,2617.4000,2616.4000,2616.2000,2615.0000,2619.6000,2621.8000,2623.8000,2625.0000,2625.8000,1,2,1,3,1,10,1,1,2,1
SF,IH2009,2020-03-18 09:33:51.000,2619.4000,9697,1,107825220.000,1,1,0,双开,S,2617.8000,2617.4000,2616.4000,2616.2000,2615.0000,2619.6000,2621.8000,2623.8000,2625.0000,2625.8000,1,2,1,3,1,10,1,1,2,1
SF,IH2009,2020-03-18 09:33:51.500,2619.4000,9697,0,107825220.000,0,-,-,-,-,2618.0000,2616.4000,2616.2000,2615.0000,2614.6000,2619.6000,2621.8000,2623.8000,2625.0000,2625.8000,1,1,3,1,1,10,1,1,2,1
SF,IH2009,2020-03-18 09:33:52.000,2619.4000,9697,0,107825220.000,0,-,-,-,-,2618.2000,2616.4000,2616.2000,2615.0000,2614.6000,2619.6000,2621.8000,2623.8000,2625.0000,2625.8000,2,1,3,1,1,10,1,1,2,1
SF,IH2009,2020-03-18 09:33:52.500,2619.4000,9697,0,107825220.000,0,-,-,-,-,2618.2000,2616.4000,2616.2000,2615.0000,2614.6000,2619.6000,2621.8000,2623.8000,2625.0000,2625.8000,4,1,3,1,1,10,1,1,2,1
SF,IH2009,2020-03-18 09:33:53.000,2619.6000,9694,-3,110182860.000,3,0,3,双平,S,2618.6000,2618.4000,2618.2000,2616.4000,2616.2000,2619.6000,2623.8000,2625.0000,2625.8000,2626.0000,1,1,4,1,3,7,1,2,1,1
SF,IH2009,2020-03-18 09:33:53.500,2619.6000,9687,-7,115684020.000,7,0,7,双平,S,2618.8000,2618.6000,2618.4000,2618.2000,2616.2000,2623.8000,2625.0000,2625.8000,2626.0000,2626.6000,3,1,2,3,3,1,2,1,1,2
SF,IH2009,2020-03-18 09:33:54.000,2619.6000,9687,0,115684020.000,0,-,-,-,-,2618.8000,2618.6000,2618.2000,2616.2000,2615.0000,2623.4000,2623.6000,2623.8000,2624.0000,2625.0000,2,1,3,3,1,1,2,1,1,2
SF,IH2009,2020-03-18 09:33:54.500,2619.6000,9687,0,115684020.000,0,-,-,-,-,2619.6000,2619.2000,2619.0000,2618.8000,2618.2000,2623.2000,2623.4000,2623.8000,2624.0000,2625.0000,1,1,1,2,3,1,1,1,1,2
SF,IH2009,2020-03-18 09:33:55.000,2619.6000,9686,-1,116469900.000,1,0,1,双平,S,2619.6000,2619.2000,2619.0000,2618.8000,2618.2000,2623.0000,2623.2000,2623.4000,2623.8000,2624.0000,1,1,1,1,3,1,1,1,1,1
SF,IH2009,2020-03-18 09:33:55.500,2619.6000,9686,0,116469900.000,0,-,-,-,-,2619.8000,2619.6000,2618.8000,2618.2000,2616.2000,2622.8000,2623.0000,2623.8000,2625.0000,2625.8000,2,1,1,3,3,1,1,1,2,1
SF,IH2009,2020-03-18 09:33:56.000,2619.6000,9686,0,116469900.000,0,-,-,-,-,2619.8000,2618.8000,2618.2000,2616.2000,2615.0000,2622.6000,2622.8000,2623.8000,2625.0000,2625.8000,1,1,3,3,1,1,1,1,2,1
SF,IH2009,2020-03-18 09:33:56.500,2619.6000,9686,0,116469900.000,0,-,-,-,-,2620.8000,2620.2000,2619.8000,2618.8000,2618.2000,2622.6000,2622.8000,2623.8000,2625.0000,2625.8000,1,1,1,1,3,1,1,1,2,1
SF,IH2009,2020-03-18 09:33:57.000,2619.6000,9686,0,116469900.000,0,-,-,-,-,2620.8000,2620.2000,2619.8000,2618.2000,2616.2000,2622.6000,2622.8000,2623.8000,2625.0000,2625.8000,1,1,1,3,3,1,1,1,2,1
SF,IH2009,2020-03-18 09:33:57.500,2619.6000,9686,0,116469900.000,0,-,-,-,-,2620.8000,2620.2000,2619.8000,2618.2000,2616.2000,2622.6000,2622.8000,2623.6000,2623.8000,2625.0000,1,1,1,3,3,1,1,1,1,2
SF,IH2009,2020-03-18 09:33:58.000,2619.6000,9686,0,116469900.000,0,-,-,-,-,2620.2000,2618.2000,2616.2000,2615.0000,2614.6000,2622.4000,2622.6000,2623.6000,2623.8000,2625.0000,1,3,3,1,1,1,1,1,1,2
SF,IH2009,2020-03-18 09:33:58.500,2619.6000,9686,0,116469900.000,0,-,-,-,-,2620.4000,2620.2000,2618.2000,2617.0000,2616.2000,2622.2000,2622.4000,2623.6000,2623.8000,2625.0000,2,1,3,1,3,1,1,1,1,2
SF,IH2009,2020-03-18 09:33:59.000,2619.6000,9686,0,116469900.000,0,-,-,-,-,2620.4000,2620.2000,2618.2000,2617.0000,2616.2000,2622.0000,2622.2000,2623.6000,2623.8000,2625.0000,1,1,3,1,3,1,1,1,1,2
SF,IH2009,2020-03-18 09:33:59.500,2619.6000,9686,0,116469900.000,0,-,-,-,-,2620.2000,2618.2000,2617.0000,2616.2000,2615.0000,2621.8000,2622.0000,2623.6000,2623.8000,2625.0000,1,3,1,3,1,1,1,1,1,2
SF,IH2009,2020-03-18 09:34:00.000,2619.6000,9686,0,116469900.000,0,-,-,-,-,2620.4000,2620.2000,2618.2000,2617.0000,2616.2000,2621.8000,2622.0000,2623.6000,2623.8000,2625.0000,1,1,3,1,3,1,1,1,1,2
SF,IH2009,2020-03-18 09:34:00.500,2619.6000,9686,0,116469900.000,0,-,-,-,-,2620.4000,2620.2000,2618.2000,2617.0000,2616.2000,2621.8000,2622.0000,2623.6000,2623.8000,2625.0000,1,1,3,1,3,1,1,1,1,2
SF,IH2009,2020-03-18 09:34:01.000,2619.6000,9686,0,116469900.000,0,-,-,-,-,2620.6000,2620.4000,2620.2000,2618.2000,2617.0000,2621.8000,2623.6000,2623.8000,2625.0000,2625.8000,1,1,1,3,1,1,1,1,2,1
SF,IH2009,2020-03-18 09:34:01.500,2619.6000,9686,0,116469900.000,0,-,-,-,-,2620.4000,2620.2000,2618.2000,2617.0000,2616.2000,2623.6000,2623.8000,2625.0000,2625.8000,2626.6000,1,1,3,1,3,1,1,2,1,2
SF,IH2009,2020-03-18 09:34:02.000,2619.6000,9686,0,116469900.000,0,-,-,-,-,2620.8000,2620.4000,2620.2000,2618.2000,2617.0000,2623.4000,2623.6000,2623.8000,2625.0000,2625.8000,1,1,1,3,1,2,1,1,2,1
SF,IH2009,2020-03-18 09:34:02.500,2620.4000,9685,-1,117256020.000,1,0,1,双平,S,2621.0000,2620.4000,2620.2000,2618.2000,2617.0000,2623.4000,2623.6000,2623.8000,2625.0000,2625.8000,1,1,1,3,1,1,1,1,2,1
SF,IH2009,2020-03-18 09:34:03.000,2620.4000,9685,0,117256020.000,0,-,-,-,-,2621.8000,2621.4000,2621.2000,2621.0000,2618.2000,2623.4000,2623.6000,2623.8000,2625.0000,2625.8000,1,1,1,1,3,1,1,1,2,1
SF,IH2009,2020-03-18 09:34:03.500,2620.4000,9685,0,117256020.000,0,-,-,-,-,2622.0000,2621.8000,2621.4000,2621.2000,2621.0000,2623.4000,2623.6000,2623.8000,2625.0000,2625.8000,1,1,1,1,1,1,1,1,2,1
SF,IH2009,2020-03-18 09:34:04.000,2620.4000,9685,0,117256020.000,0,-,-,-,-,2622.2000,2621.8000,2621.2000,2621.0000,2618.2000,2623.6000,2623.8000,2625.0000,2625.8000,2626.6000,1,1,1,1,3,1,1,2,1,2
SF,IH2009,2020-03-18 09:34:04.500,2620.4000,9685,0,117256020.000,0,-,-,-,-,2622.6000,2622.4000,2622.0000,2621.8000,2621.2000,2623.6000,2623.8000,2624.6000,2625.0000,2625.8000,1,2,1,1,1,1,1,1,2,1
SF,IH2009,2020-03-18 09:34:05.000,2620.4000,9685,0,117256020.000,0,-,-,-,-,2622.6000,2621.8000,2621.2000,2618.2000,2617.0000,2623.6000,2623.8000,2624.6000,2625.0000,2625.8000,1,1,1,2,1,1,1,1,2,1
SF,IH2009,2020-03-18 09:34:05.500,2620.4000,9685,0,117256020.000,0,-,-,-,-,2622.8000,2622.6000,2621.8000,2621.2000,2618.2000,2623.6000,2623.8000,2624.6000,2625.0000,2625.8000,1,1,1,1,2,1,1,1,4,1
SF,IH2009,2020-03-18 09:34:06.000,2620.4000,9685,0,117256020.000,0,-,-,-,-,2623.0000,2621.8000,2617.0000,2616.2000,2615.0000,2623.6000,2623.8000,2624.6000,2625.0000,2625.8000,1,1,1,3,1,1,1,1,4,1
SF,IH2009,2020-03-18 09:34:06.500,2623.6000,9684,-1,118043100.000,1,0,1,双平,S,2623.2000,2621.8000,2617.0000,2615.0000,2614.6000,2623.8000,2624.6000,2625.0000,2625.8000,2626.6000,1,1,1,1,1,1,1,4,1,2
SF,IH2009,2020-03-18 09:34:07.000,2623.6000,9684,0,118043100.000,0,-,-,-,-,2623.4000,2621.8000,2617.0000,2615.0000,2614.6000,2623.8000,2624.6000,2625.0000,2625.8000,2626.6000,1,1,1,1,1,1,1,4,1,2
SF,IH2009,2020-03-18 09:34:07.500,2623.6000,9684,0,118043100.000,0,-,-,-,-,2623.6000,2617.0000,2615.0000,2614.6000,2614.0000,2623.8000,2624.6000,2625.0000,2625.8000,2626.6000,2,1,1,1,1,1,1,4,1,2
SF,IH2009,2020-03-18 09:34:08.000,2623.8000,9684,0,118830240.000,1,0,1,多换,S,2623.6000,2617.0000,2615.0000,2614.6000,2614.0000,2624.6000,2625.0000,2625.8000,2626.6000,2627.0000,2,1,1,1,1,1,4,1,2,1
SF,IH2009,2020-03-18 09:34:08.500,2623.8000,9684,0,118830240.000,0,-,-,-,-,2623.6000,2617.0000,2615.0000,2614.6000,2614.0000,2624.4000,2624.6000,2625.0000,2625.8000,2626.6000,2,1,1,1,1,1,1,4,1,2
SF,IH2009,2020-03-18 09:34:09.000,2623.8000,9684,0,118830240.000,0,-,-,-,-,2623.6000,2617.0000,2615.0000,2614.6000,2614.0000,2624.6000,2625.0000,2625.8000,2626.6000,2627.0000,2,1,1,1,1,1,4,1,2,1
SF,IH2009,2020-03-18 09:34:09.500,2623.8000,9684,0,118830240.000,0,-,-,-,-,2623.8000,2623.6000,2617.0000,2615.0000,2614.6000,2624.6000,2625.0000,2625.8000,2626.6000,2627.0000,3,2,1,1,1,1,4,1,2,1
SF,IH2009,2020-03-18 09:34:10.000,2624.6000,9683,-1,119617620.000,1,0,1,双平,S,2624.0000,2623.8000,2623.6000,2617.0000,2615.0000,2625.0000,2625.8000,2626.6000,2627.0000,2628.0000,1,3,1,1,1,4,1,2,1,1
SF,IH2009,2020-03-18 09:34:10.500,2624.6000,9683,0,119617620.000,0,-,-,-,-,2624.2000,2623.8000,2623.6000,2617.0000,2615.0000,2625.0000,2625.8000,2626.6000,2627.0000,2628.0000,1,2,1,1,1,4,1,2,1,1
SF,IH2009,2020-03-18 09:34:11.000,2624.6000,9683,0,119617620.000,0,-,-,-,-,2624.4000,2623.8000,2623.6000,2617.0000,2615.0000,2625.0000,2625.8000,2626.6000,2627.0000,2628.0000,1,1,1,1,1,4,1,2,1,1
SF,IH2009,2020-03-18 09:34:11.500,2624.6000,9683,0,119617620.000,0,-,-,-,-,2624.6000,2623.8000,2623.6000,2617.0000,2615.0000,2625.0000,2625.8000,2626.6000,2627.0000,2628.0000,1,1,1,1,1,4,1,2,1,1
SF,IH2009,2020-03-18 09:34:12.000,2624.6000,9683,0,119617620.000,0,-,-,-,-,2623.8000,2623.6000,2617.0000,2615.0000,2614.6000,2625.0000,2625.8000,2626.6000,2627.0000,2628.0000,1,1,1,1,1,4,1,2,1,1
SF,IH2009,2020-03-18 09:34:12.500,2624.6000,9683,0,119617620.000,0,-,-,-,-,2624.2000,2624.0000,2623.8000,2623.6000,2617.0000,2625.0000,2625.8000,2626.6000,2627.0000,2628.0000,2,1,1,1,1,4,1,2,1,1
SF,IH2009,2020-03-18 09:34:13.000,2624.6000,9683,0,119617620.000,0,-,-,-,-,2624.4000,2624.2000,2623.6000,2617.0000,2615.0000,2625.0000,2625.8000,2626.0000,2626.6000,2627.0000,2,2,1,1,1,4,1,1,2,1
SF,IH2009,2020-03-18 09:34:13.500,2624.6000,9683,0,119617620.000,0,-,-,-,-,2624.6000,2624.4000,2623.6000,2617.0000,2615.0000,2625.0000,2625.8000,2626.0000,2626.6000,2627.0000,1,2,1,1,1,4,1,1,2,1
SF,IH2009,2020-03-18 09:34:14.000,2624.4000,9681,-2,121979700.000,3,0,3,多平,S,2623.6000,2617.0000,2615.0000,2614.6000,2614.0000,2625.0000,2625.8000,2626.0000,2626.6000,2627.0000,1,1,1,1,1,5,1,1,2,1
SF,IH2009,2020-03-18 09:34:14.500,2624.4000,9681,0,121979700.000,0,-,-,-,-,2624.0000,2623.6000,2617.0000,2615.0000,2614.6000,2624.8000,2625.0000,2626.0000,2626.6000,2627.0000,1,1,1,1,1,2,5,1,2,1
SF,IH2009,2020-03-18 09:34:15.000,2624.0000,9681,0,122766900.000,1,0,1,多换,S,2623.6000,2617.0000,2615.0000,2614.6000,2614.0000,2624.6000,2624.8000,2625.0000,2626.0000,2626.6000,1,1,1,1,1,1,2,5,1,2
SF,IH2009,2020-03-18 09:34:15.500,2623.6000,9680,-1,123553980.000,1,0,1,双平,S,2617.0000,2615.0000,2614.6000,2614.0000,2611.0000,2624.4000,2624.8000,2625.0000,2626.0000,2626.6000,1,1,1,1,2,1,1,5,1,2
SF,IH2009,2020-03-18 09:34:16.000,2623.6000,9680,0,123553980.000,0,-,-,-,-,2618.8000,2618.2000,2618.0000,2617.4000,2617.2000,2624.4000,2624.8000,2625.0000,2626.0000,2626.6000,1,4,1,1,3,2,1,5,1,2
SF,IH2009,2020-03-18 09:34:16.500,2623.6000,9680,0,123553980.000,0,-,-,-,-,2619.0000,2618.8000,2618.2000,2618.0000,2617.4000,2624.2000,2624.4000,2625.0000,2626.0000,2626.6000,2,1,4,2,1,2,2,5,1,2
SF,IH2009,2020-03-18 09:34:17.000,2623.6000,9680,0,123553980.000,0,-,-,-,-,2619.0000,2618.8000,2618.2000,2618.0000,2617.4000,2624.0000,2624.2000,2625.0000,2626.0000,2626.6000,2,1,4,2,1,1,1,5,1,2
SF,IH2009,2020-03-18 09:34:17.500,2623.6000,9680,0,123553980.000,0,-,-,-,-,2619.0000,2618.8000,2618.2000,2618.0000,2617.4000,2623.6000,2623.8000,2624.0000,2625.0000,2626.0000,2,1,4,2,1,1,1,1,5,1
SF,IH2009,2020-03-18 09:34:18.000,2623.6000,9680,0,123553980.000,0,-,-,-,-,2619.0000,2618.2000,2617.0000,2615.0000,2614.6000,2623.4000,2623.6000,2625.0000,2626.0000,2626.6000,2,4,1,1,1,3,3,5,1,2
SF,IH2009,2020-03-18 09:34:18.500,2623.6000,9680,0,123553980.000,0,-,-,-,-,2618.2000,2617.0000,2615.0000,2614.6000,2614.0000,2623.4000,2623.6000,2625.0000,2626.0000,2626.6000,4,1,1,1,1,3,2,5,1,2
SF,IH2009,2020-03-18 09:34:19.000,2623.6000,9680,0,123553980.000,0,-,-,-,-,2618.8000,2618.4000,2618.2000,2617.0000,2615.0000,2622.6000,2623.4000,2625.0000,2625.8000,2626.0000,1,2,4,1,1,1,3,5,1,1
SF,IH2009,2020-03-18 09:34:19.500,2623.6000,9680,0,123553980.000,0,-,-,-,-,2619.0000,2618.4000,2618.2000,2617.0000,2615.0000,2622.4000,2622.6000,2623.0000,2623.4000,2625.0000,1,1,4,1,1,3,1,2,1,5
SF,IH2009,2020-03-18 09:34:20.000,2623.6000,9680,0,123553980.000,0,-,-,-,-,2619.2000,2619.0000,2618.2000,2617.0000,2615.0000,2622.2000,2622.4000,2625.0000,2625.8000,2626.0000,1,1,4,1,1,1,1,5,1,1
SF,IH2009,2020-03-18 09:34:20.500,2623.6000,9680,0,123553980.000,0,-,-,-,-,2623.4000,2619.4000,2619.2000,2618.2000,2617.0000,2625.0000,2625.8000,2626.0000,2626.6000,2627.0000,1,1,1,4,1,5,1,1,2,1
SF,IH2009,2020-03-18 09:34:21.000,2623.4000,9679,-1,124341000.000,1,0,1,双平,S,2619.4000,2618.2000,2617.0000,2615.0000,2614.6000,2623.2000,2623.6000,2624.0000,2624.6000,2624.8000,1,4,1,1,1,1,1,1,2,2
SF,IH2009,2020-03-18 09:34:21.500,2623.4000,9679,0,124341000.000,0,-,-,-,-,2619.6000,2619.4000,2618.2000,2617.0000,2615.0000,2623.0000,2623.2000,2623.6000,2625.0000,2625.8000,1,1,4,1,1,2,1,1,5,1
SF,IH2009,2020-03-18 09:34:22.000,2623.4000,9679,0,124341000.000,0,-,-,-,-,2618.2000,2617.0000,2615.0000,2614.6000,2614.0000,2622.8000,2623.0000,2623.6000,2625.0000,2625.8000,4,1,1,1,1,3,2,1,5,1
SF,IH2009,2020-03-18 09:34:22.500,2623.4000,9679,0,124341000.000,0,-,-,-,-,2618.4000,2618.2000,2617.0000,2615.0000,2614.6000,2622.4000,2622.6000,2622.8000,2623.0000,2623.6000,1,4,1,1,1,1,1,1,1,1
SF,IH2009,2020-03-18 09:34:23.000,2623.4000,9679,0,124341000.000,0,-,-,-,-,2618.4000,2618.2000,2617.0000,2615.0000,2614.6000,2622.2000,2622.4000,2622.6000,2623.0000,2623.6000,1,4,1,1,1,2,1,1,1,1
SF,IH2009,2020-03-18 09:34:23.500,2623.4000,9679,0,124341000.000,0,-,-,-,-,2618.4000,2618.2000,2617.0000,2615.0000,2614.6000,2622.2000,2622.6000,2623.6000,2625.0000,2625.8000,1,4,1,1,1,1,1,1,5,1
SF,IH2009,2020-03-18 09:34:24.000,2623.4000,9679,0,124341000.000,0,-,-,-,-,2618.6000,2618.4000,2618.2000,2617.0000,2615.0000,2621.8000,2622.0000,2622.2000,2623.6000,2625.0000,1,1,4,1,1,1,1,1,1,5
SF,IH2009,2020-03-18 09:34:24.500,2623.4000,9679,0,124341000.000,0,-,-,-,-,2618.8000,2618.6000,2618.2000,2617.0000,2615.0000,2621.6000,2622.0000,2623.6000,2625.0000,2625.8000,1,1,4,1,1,1,1,1,5,1
SF,IH2009,2020-03-18 09:34:25.000,2623.4000,9679,0,124341000.000,0,-,-,-,-,2618.8000,2618.6000,2618.2000,2617.0000,2615.0000,2621.4000,2622.0000,2623.6000,2625.0000,2625.8000,1,1,4,1,1,1,1,1,5,1
SF,IH2009,2020-03-18 09:34:25.500,2623.4000,9679,0,124341000.000,0,-,-,-,-,2618.8000,2618.6000,2618.2000,2617.0000,2615.0000,2621.4000,2623.6000,2625.0000,2625.8000,2626.0000,1,1,4,1,1,1,1,5,1,1
SF,IH2009,2020-03-18 09:34:26.000,2623.4000,9679,0,124341000.000,0,-,-,-,-,2619.0000,2618.8000,2618.2000,2617.0000,2615.0000,2623.6000,2625.0000,2625.8000,2626.0000,2626.6000,1,1,4,1,1,1,5,1,2,2
SF,IH2009,2020-03-18 09:34:26.500,2623.4000,9679,0,124341000.000,0,-,-,-,-,2619.2000,2619.0000,2618.2000,2617.0000,2615.0000,2622.6000,2623.4000,2623.6000,2625.0000,2625.8000,1,1,4,1,1,1,2,1,5,1
SF,IH2009,2020-03-18 09:34:27.000,2623.4000,9679,0,124341000.000,0,-,-,-,-,2619.4000,2619.2000,2618.2000,2617.0000,2615.0000,2622.4000,2622.6000,2623.4000,2623.6000,2625.0000,2,1,4,1,1,1,1,1,1,5
SF,IH2009,2020-03-18 09:34:27.500,2623.4000,9679,0,124341000.000,0,-,-,-,-,2619.6000,2619.4000,2618.2000,2618.0000,2615.0000,2623.6000,2625.0000,2625.8000,2626.0000,2626.6000,2,4,4,1,1,1,5,1,2,2
SF,IH2009,2020-03-18 09:34:28.000,2623.4000,9679,0,124341000.000,0,-,-,-,-,2619.8000,2619.6000,2619.4000,2618.2000,2618.0000,2623.4000,2623.6000,2625.0000,2625.8000,2626.0000,1,2,3,4,1,2,1,5,1,2
SF,IH2009,2020-03-18 09:34:28.500,2623.4000,9679,0,124341000.000,0,-,-,-,-,2620.0000,2619.8000,2619.6000,2619.4000,2618.2000,2623.4000,2623.6000,2625.0000,2625.8000,2626.0000,1,1,1,3,4,1,1,5,1,2
SF,IH2009,2020-03-18 09:34:29.000,2623.4000,9679,0,124341000.000,0,-,-,-,-,2620.2000,2620.0000,2619.4000,2618.2000,2618.0000,2623.4000,2623.6000,2625.0000,2625.8000,2626.0000,1,1,2,4,1,1,1,5,1,2
SF,IH2009,2020-03-18 09:34:29.500,2623.4000,9679,0,124341000.000,0,-,-,-,-,2620.4000,2620.2000,2619.4000,2618.2000,2618.0000,2623.2000,2623.4000,2623.6000,2625.0000,2625.8000,1,1,2,4,1,1,1,1,5,1
SF,IH2009,2020-03-18 09:34:30.500,2623.4000,9679,0,124341000.000,0,-,-,-,-,2620.4000,2620.2000,2618.2000,2618.0000,2615.0000,2623.2000,2623.4000,2623.6000,2625.0000,2625.8000,1,1,4,1,1,1,1,1,5,1
SF,IH2009,2020-03-18 09:34:31.000,2623.4000,9679,0,124341000.000,0,-,-,-,-,2618.2000,2618.0000,2615.0000,2614.6000,2614.0000,2623.0000,2623.2000,2623.6000,2625.0000,2625.8000,4,1,1,1,1,2,1,1,5,1
SF,IH2009,2020-03-18 09:34:31.500,2623.4000,9679,0,124341000.000,0,-,-,-,-,2618.4000,2618.2000,2618.0000,2615.0000,2614.6000,2622.8000,2623.0000,2623.2000,2623.6000,2625.0000,2,4,1,1,1,1,2,1,1,5
SF,IH2009,2020-03-18 09:34:32.000,2623.4000,9679,0,124341000.000,0,-,-,-,-,2618.4000,2618.2000,2618.0000,2615.0000,2614.6000,2622.6000,2622.8000,2623.2000,2623.6000,2625.0000,2,5,1,1,1,2,1,1,1,5
SF,IH2009,2020-03-18 09:34:32.500,2623.4000,9679,0,124341000.000,0,-,-,-,-,2618.4000,2618.2000,2618.0000,2615.0000,2614.6000,2622.4000,2622.6000,2622.8000,2623.2000,2623.6000,2,5,1,1,1,1,2,1,1,1
SF,IH2009,2020-03-18 09:34:33.000,2623.4000,9679,0,124341000.000,0,-,-,-,-,2618.4000,2618.2000,2618.0000,2615.0000,2614.6000,2622.2000,2622.4000,2622.8000,2623.2000,2623.6000,2,5,1,1,1,2,1,1,1,1
SF,IH2009,2020-03-18 09:34:34.000,2623.4000,9679,0,124341000.000,0,-,-,-,-,2618.4000,2618.2000,2618.0000,2615.0000,2614.6000,2622.0000,2622.2000,2622.4000,2622.8000,2623.2000,2,5,1,1,1,1,2,1,1,1
SF,IH2009,2020-03-18 09:34:34.500,2623.4000,9679,0,124341000.000,0,-,-,-,-,2618.4000,2618.2000,2618.0000,2615.0000,2614.6000,2621.8000,2622.0000,2622.2000,2622.4000,2622.8000,2,5,1,1,1,1,1,1,1,1
SF,IH2009,2020-03-18 09:34:35.000,2623.4000,9679,0,124341000.000,0,-,-,-,-,2618.4000,2618.2000,2618.0000,2615.0000,2614.6000,2621.6000,2621.8000,2622.0000,2622.2000,2622.4000,2,5,1,1,1,1,1,1,1,1
SF,IH2009,2020-03-18 09:34:37.000,2623.4000,9679,0,124341000.000,0,-,-,-,-,2618.4000,2618.2000,2618.0000,2615.0000,2614.6000,2621.6000,2621.8000,2622.0000,2622.2000,2622.4000,2,4,1,1,1,1,1,1,1,1
SF,IH2009,2020-03-18 09:34:37.500,2623.4000,9679,0,124341000.000,0,-,-,-,-,2618.4000,2618.2000,2618.0000,2615.0000,2614.6000,2621.4000,2621.6000,2621.8000,2622.0000,2622.4000,2,4,1,1,1,1,1,1,1,1
SF,IH2009,2020-03-18 09:34:38.000,2623.4000,9679,0,124341000.000,0,-,-,-,-,2618.4000,2618.2000,2618.0000,2615.0000,2614.6000,2621.2000,2621.4000,2621.6000,2621.8000,2622.0000,2,4,1,1,1,1,1,1,1,1
SF,IH2009,2020-03-18 09:34:38.500,2623.4000,9679,0,124341000.000,0,-,-,-,-,2618.4000,2618.2000,2618.0000,2615.0000,2614.6000,2621.2000,2621.4000,2621.6000,2622.0000,2622.4000,2,4,1,1,1,2,1,1,1,1
