市场代码,合约代码,时间,最新,持仓,增仓,成交额,成交量,开仓,平仓,成交类型,方向,买一价,买二价,买三价,买四价,买五价,卖一价,卖二价,卖三价,卖四价,卖五价,买一量,买二量,买三量,买四量,买五量,卖一量,卖二量,卖三量,卖四量,卖五量
SF,IH2009,2020-03-25 09:29:00.200,2605.0000,10430,0,15630000.000,20.000,-,-,-,-,2604.0000,2603.0000,2601.2000,2601.0000,2600.0000,2605.0000,2608.0000,2609.0000,2610.0000,2610.8000,1,1,1,1,1,3,1,2,3,2
SF,IH2009,2020-03-25 09:30:00.200,2603.8000,10426,-4,24222120.000,11,3,8,多平,S,2601.0000,2600.0000,2589.8000,2585.0000,2581.4000,2603.6000,2603.8000,2604.0000,2604.6000,2604.8000,1,1,1,1,2,1,9,12,3,1
SF,IH2009,2020-03-25 09:30:00.700,2603.4000,10427,1,27340380.000,4,2,2,空开,S,2585.0000,2581.4000,2580.2000,2580.0000,2577.0000,2603.6000,2603.8000,2604.0000,2604.6000,2605.0000,1,2,1,1,1,1,2,12,3,4
SF,IH2009,2020-03-25 09:30:01.200,2604.0000,10425,-2,32808480.000,7,2,5,多平,S,2603.8000,2603.0000,2601.0000,2600.0000,2599.4000,2604.0000,2605.0000,2605.6000,2607.0000,2608.0000,5,1,2,1,1,5,4,1,2,1
SF,IH2009,2020-03-25 09:30:01.700,2604.0000,10426,1,36714420.000,5,3,2,空开,S,2603.0000,2601.0000,2600.0000,2599.4000,2599.2000,2604.0000,2605.0000,2605.6000,2607.0000,2608.0000,1,2,1,1,1,1,4,1,2,1
SF,IH2009,2020-03-25 09:30:02.200,2608.0000,10429,3,43749900.000,9,6,3,空开,S,2603.8000,2603.2000,2603.0000,2601.0000,2600.0000,2610.0000,2610.8000,2614.4000,2615.0000,2615.4000,1,1,1,2,1,6,2,5,5,1
SF,IH2009,2020-03-25 09:30:02.700,2604.0000,10428,-1,45312300.000,2,0,2,多平,S,2604.0000,2603.8000,2603.0000,2601.0000,2600.0000,2604.8000,2607.6000,2609.6000,2609.8000,2610.0000,1,1,1,2,1,1,1,2,4,8
SF,IH2009,2020-03-25 09:30:03.200,2604.0000,10425,-3,48437340.000,4,0,4,多平,S,2603.8000,2603.0000,2601.0000,2600.0000,2599.4000,2607.6000,2609.6000,2609.8000,2610.0000,2610.8000,1,1,2,1,1,1,3,2,8,2
SF,IH2009,2020-03-25 09:30:03.700,2603.8000,10425,0,49218480.000,1,0,1,多换,S,2604.2000,2603.0000,2601.0000,2600.0000,2599.4000,2604.6000,2607.4000,2607.6000,2609.6000,2610.0000,5,1,2,1,1,1,2,1,3,8
SF,IH2009,2020-03-25 09:30:04.200,2604.2000,10425,0,50780880.000,2,1,1,多换,S,2604.2000,2604.0000,2603.0000,2601.0000,2600.0000,2604.4000,2607.4000,2609.6000,2610.0000,2610.8000,3,4,1,2,1,1,2,3,8,2
SF,IH2009,2020-03-25 09:30:04.700,2604.2000,10422,-3,56249520.000,7,2,5,多平,S,2604.0000,2603.0000,2601.0000,2600.0000,2599.4000,2604.4000,2607.4000,2609.6000,2610.0000,2610.8000,1,1,2,1,1,1,1,3,8,2
SF,IH2009,2020-03-25 09:30:05.200,2604.4000,10419,-3,59374440.000,4,0,4,多平,S,2603.0000,2601.0000,2600.0000,2599.4000,2599.2000,2607.4000,2609.6000,2610.0000,2610.8000,2614.4000,1,2,1,1,1,1,3,7,2,5
SF,IH2009,2020-03-25 09:30:05.700,2604.4000,10419,0,59374440.000,0,-,-,-,-,2603.2000,2603.0000,2601.0000,2600.0000,2599.4000,2607.2000,2607.4000,2608.0000,2609.6000,2610.0000,1,1,2,1,1,2,1,1,3,7
SF,IH2009,2020-03-25 09:30:06.200,2604.4000,10419,0,59374440.000,0,-,-,-,-,2603.2000,2603.0000,2601.0000,2600.0000,2599.4000,2604.0000,2604.2000,2607.0000,2607.2000,2608.0000,1,1,2,1,1,1,1,1,2,1
SF,IH2009,2020-03-25 09:30:06.700,2603.0000,10416,-3,61717800.000,3,0,3,双平,S,2601.0000,2600.0000,2599.4000,2599.2000,2597.0000,2604.0000,2607.0000,2607.2000,2608.0000,2609.6000,2,1,1,1,2,2,1,1,1,3
SF,IH2009,2020-03-25 09:30:07.200,2603.8000,10414,-2,63280080.000,2,0,2,双平,S,2601.2000,2601.0000,2599.4000,2599.2000,2597.0000,2603.8000,2604.0000,2607.2000,2608.0000,2609.6000,1,1,1,1,2,1,2,1,1,3
SF,IH2009,2020-03-25 09:30:07.700,2603.8000,10414,0,63280080.000,0,-,-,-,-,2602.4000,2601.2000,2599.4000,2599.2000,2597.0000,2603.2000,2603.8000,2604.0000,2607.2000,2608.0000,1,1,1,1,2,1,1,2,1,1
SF,IH2009,2020-03-25 09:30:08.200,2602.4000,10413,-1,64060800.000,1,0,1,双平,S,2601.2000,2599.4000,2599.2000,2597.0000,2595.4000,2603.2000,2604.0000,2605.2000,2607.2000,2608.0000,1,1,1,2,5,1,2,1,1,1
SF,IH2009,2020-03-25 09:30:08.700,2604.0000,10413,0,65622960.000,2,1,1,多换,S,2601.2000,2599.4000,2599.2000,2597.0000,2595.4000,2604.0000,2605.2000,2607.2000,2608.0000,2609.6000,1,1,1,2,5,1,1,1,1,3
SF,IH2009,2020-03-25 09:30:09.200,2601.2000,10413,0,66403320.000,1,0,1,多换,S,2599.4000,2599.2000,2597.0000,2595.4000,2585.2000,2603.0000,2603.8000,2604.0000,2605.2000,2608.0000,1,1,2,5,2,1,2,1,1,1
SF,IH2009,2020-03-25 09:30:09.700,2603.0000,10411,-2,67965060.000,2,0,2,双平,S,2599.8000,2599.6000,2599.4000,2599.2000,2597.0000,2604.0000,2605.2000,2608.0000,2609.6000,2610.0000,3,1,1,2,2,1,1,1,3,6
SF,IH2009,2020-03-25 09:30:10.200,2603.0000,10411,0,67965060.000,0,-,-,-,-,2601.0000,2600.0000,2599.8000,2599.4000,2599.2000,2603.8000,2604.0000,2605.2000,2608.0000,2609.6000,1,1,3,1,2,2,1,1,3,3
SF,IH2009,2020-03-25 09:30:10.700,2603.0000,10411,0,67965060.000,0,-,-,-,-,2601.2000,2600.0000,2599.4000,2599.2000,2597.0000,2603.6000,2603.8000,2604.0000,2605.2000,2608.0000,1,1,1,2,2,1,2,1,1,3
SF,IH2009,2020-03-25 09:30:11.200,2601.4000,10410,-1,68745480.000,1,0,1,双平,S,2601.4000,2601.2000,2599.4000,2599.2000,2597.0000,2603.4000,2603.6000,2603.8000,2604.0000,2605.2000,1,1,1,2,2,1,1,2,1,1
SF,IH2009,2020-03-25 09:30:11.700,2601.6000,10408,-2,70306980.000,2,0,2,双平,S,2601.4000,2601.2000,2599.4000,2599.2000,2597.0000,2604.0000,2605.2000,2608.0000,2609.6000,2610.0000,1,1,1,2,2,1,1,3,3,6
SF,IH2009,2020-03-25 09:30:12.200,2601.6000,10408,0,71087460.000,1,0,1,多换,S,2603.6000,2601.6000,2601.4000,2599.4000,2599.2000,2604.0000,2605.2000,2608.0000,2609.6000,2610.0000,1,1,1,1,2,1,1,3,3,6
SF,IH2009,2020-03-25 09:30:12.700,2601.4000,10404,-4,75772920.000,6,1,5,多平,S,2599.4000,2599.2000,2597.0000,2595.4000,2585.2000,2605.2000,2608.0000,2609.6000,2610.0000,2610.8000,1,2,2,5,2,1,3,3,6,2
SF,IH2009,2020-03-25 09:30:13.200,2601.4000,10404,0,76553340.000,1,0,1,多换,S,2601.0000,2600.0000,2599.8000,2599.6000,2599.4000,2601.4000,2605.0000,2605.2000,2608.0000,2609.6000,3,1,3,1,1,1,1,1,3,3
SF,IH2009,2020-03-25 09:30:13.700,2601.4000,10402,-2,79675020.000,4,1,3,多平,S,2601.8000,2601.6000,2601.4000,2601.2000,2601.0000,2605.0000,2605.2000,2608.0000,2609.6000,2610.0000,2,5,4,1,3,1,1,3,3,6
SF,IH2009,2020-03-25 09:30:14.200,2603.8000,10401,-1,80456160.000,1,0,1,双平,S,2604.0000,2602.0000,2601.8000,2601.6000,2601.4000,2605.0000,2605.2000,2608.0000,2609.6000,2610.0000,1,3,2,6,1,1,1,3,3,6
SF,IH2009,2020-03-25 09:30:14.700,2603.8000,10400,-1,81237300.000,1,0,1,双平,S,2601.8000,2601.6000,2601.4000,2601.2000,2601.0000,2604.0000,2605.2000,2608.0000,2609.6000,2610.0000,2,6,1,1,3,1,1,3,3,6
SF,IH2009,2020-03-25 09:30:15.200,2602.0000,10398,-2,82799040.000,2,0,2,双平,S,2602.0000,2601.8000,2601.6000,2601.4000,2601.2000,2605.2000,2608.0000,2609.6000,2610.0000,2610.8000,2,2,6,1,1,1,3,3,6,2
SF,IH2009,2020-03-25 09:30:15.700,2602.0000,10398,0,82799040.000,0,-,-,-,-,2602.8000,2602.0000,2601.8000,2601.6000,2601.4000,2605.2000,2608.0000,2609.6000,2610.0000,2610.8000,1,5,2,6,1,1,3,3,6,2
SF,IH2009,2020-03-25 09:30:16.200,2603.0000,10395,-3,85143060.000,3,0,3,双平,S,2603.0000,2602.8000,2602.0000,2601.8000,2601.6000,2608.0000,2609.6000,2610.0000,2610.8000,2614.4000,1,1,4,2,6,3,3,6,2,5
SF,IH2009,2020-03-25 09:30:16.700,2603.0000,10393,-2,86704860.000,2,0,2,双平,S,2603.0000,2602.8000,2602.0000,2601.8000,2601.6000,2607.8000,2608.0000,2609.6000,2610.0000,2610.8000,2,1,4,2,6,2,3,3,6,2
SF,IH2009,2020-03-25 09:30:17.200,2603.0000,10392,-1,87485760.000,1,0,1,双平,S,2605.2000,2603.6000,2602.0000,2601.8000,2601.6000,2607.0000,2607.8000,2608.0000,2609.6000,2610.0000,1,1,3,2,6,1,2,3,3,6
SF,IH2009,2020-03-25 09:30:17.700,2605.2000,10392,0,88267320.000,1,0,1,多换,S,2603.6000,2603.2000,2602.0000,2601.8000,2601.6000,2607.0000,2607.8000,2608.0000,2609.6000,2610.0000,1,1,3,2,6,1,1,3,3,6
SF,IH2009,2020-03-25 09:30:18.200,2605.2000,10392,0,88267320.000,0,-,-,-,-,2603.8000,2603.2000,2602.0000,2601.8000,2601.6000,2606.8000,2607.0000,2608.0000,2610.0000,2610.8000,2,2,3,2,6,2,1,3,6,2
SF,IH2009,2020-03-25 09:30:18.700,2605.2000,10392,0,88267320.000,0,-,-,-,-,2605.0000,2604.2000,2604.0000,2603.8000,2603.2000,2606.8000,2607.0000,2608.0000,2610.0000,2610.8000,1,1,1,2,1,2,1,3,6,2
SF,IH2009,2020-03-25 09:30:19.200,2606.8000,10391,-1,89049360.000,1,0,1,双平,S,2605.0000,2604.2000,2604.0000,2603.8000,2602.0000,2606.8000,2607.0000,2608.0000,2610.0000,2610.8000,1,2,1,2,3,1,1,3,6,2
SF,IH2009,2020-03-25 09:30:19.700,2606.8000,10391,0,89049360.000,0,-,-,-,-,2605.0000,2604.2000,2604.0000,2603.8000,2602.0000,2606.8000,2607.0000,2608.0000,2610.0000,2610.8000,1,1,1,2,3,1,1,3,7,2
SF,IH2009,2020-03-25 09:30:20.200,2606.8000,10391,0,89049360.000,0,-,-,-,-,2605.2000,2605.0000,2604.2000,2604.0000,2603.8000,2606.8000,2607.0000,2608.0000,2610.0000,2610.8000,1,1,1,1,2,1,1,3,7,2
SF,IH2009,2020-03-25 09:30:20.700,2606.8000,10391,0,89049360.000,0,-,-,-,-,2605.2000,2605.0000,2604.2000,2604.0000,2603.8000,2608.0000,2610.0000,2610.8000,2614.4000,2615.0000,1,1,1,1,2,3,7,2,5,6
SF,IH2009,2020-03-25 09:30:21.200,2606.8000,10391,0,89049360.000,0,-,-,-,-,2605.4000,2605.2000,2605.0000,2604.2000,2604.0000,2607.8000,2608.0000,2610.0000,2610.8000,2614.4000,1,1,1,1,1,2,3,7,2,5
SF,IH2009,2020-03-25 09:30:21.700,2606.8000,10391,0,89049360.000,0,-,-,-,-,2605.6000,2605.2000,2605.0000,2604.0000,2603.8000,2607.8000,2608.0000,2610.0000,2610.8000,2614.4000,2,1,1,1,1,2,3,5,2,5
SF,IH2009,2020-03-25 09:30:22.200,2607.6000,10389,-2,92177280.000,4,1,3,多平,S,2606.0000,2605.8000,2605.0000,2604.0000,2603.8000,2607.8000,2608.0000,2610.0000,2610.8000,2614.4000,1,1,1,1,1,2,3,5,2,5
SF,IH2009,2020-03-25 09:30:22.700,2606.0000,10390,1,92959080.000,1,1,0,双开,S,2605.8000,2605.0000,2603.8000,2602.0000,2601.8000,2607.8000,2608.0000,2610.0000,2610.8000,2614.4000,1,1,1,3,2,2,3,5,2,5
SF,IH2009,2020-03-25 09:30:23.200,2605.0000,10388,-2,94522320.000,2,0,2,双平,S,2603.8000,2602.0000,2601.8000,2601.6000,2601.0000,2607.8000,2608.0000,2610.0000,2610.8000,2614.4000,1,3,2,6,1,2,3,5,2,5
SF,IH2009,2020-03-25 09:30:23.700,2605.0000,10388,0,94522320.000,0,-,-,-,-,2604.2000,2604.0000,2603.8000,2601.8000,2601.6000,2607.8000,2608.0000,2610.0000,2610.8000,2614.4000,3,4,3,2,6,1,3,5,2,5
SF,IH2009,2020-03-25 09:30:24.200,2605.0000,10388,0,94522320.000,0,-,-,-,-,2604.4000,2604.2000,2604.0000,2603.8000,2601.8000,2607.6000,2607.8000,2608.0000,2610.0000,2610.8000,2,3,3,3,2,1,1,3,5,2
SF,IH2009,2020-03-25 09:30:24.700,2605.0000,10388,0,94522320.000,0,-,-,-,-,2604.4000,2604.0000,2603.8000,2601.8000,2601.6000,2606.0000,2607.4000,2607.6000,2608.0000,2610.0000,1,1,3,2,6,1,2,1,3,4
SF,IH2009,2020-03-25 09:30:25.200,2606.0000,10387,-1,95304120.000,1,0,1,双平,S,2604.4000,2604.0000,2603.8000,2601.8000,2601.6000,2607.4000,2607.6000,2608.0000,2610.0000,2610.8000,1,1,3,2,6,2,1,3,4,2
SF,IH2009,2020-03-25 09:30:25.700,2606.0000,10387,0,95304120.000,0,-,-,-,-,2604.6000,2604.4000,2604.0000,2603.8000,2601.8000,2607.4000,2608.0000,2610.0000,2610.8000,2614.4000,1,2,1,3,2,2,3,4,2,5
SF,IH2009,2020-03-25 09:30:26.200,2606.0000,10387,0,95304120.000,0,-,-,-,-,2604.8000,2604.6000,2603.8000,2603.0000,2601.8000,2607.4000,2608.0000,2610.0000,2610.8000,2614.4000,1,1,2,6,2,2,3,4,2,5
SF,IH2009,2020-03-25 09:30:26.700,2606.0000,10387,0,95304120.000,0,-,-,-,-,2606.0000,2604.8000,2603.8000,2603.0000,2601.8000,2607.2000,2607.4000,2608.0000,2610.0000,2610.8000,1,1,2,6,2,1,2,3,4,2
SF,IH2009,2020-03-25 09:30:27.200,2606.0000,10387,0,95304120.000,0,-,-,-,-,2606.0000,2604.8000,2603.8000,2603.0000,2601.8000,2607.2000,2607.4000,2608.0000,2610.0000,2610.8000,1,1,2,6,2,1,1,3,4,2
SF,IH2009,2020-03-25 09:30:27.700,2606.0000,10386,-1,96085920.000,1,0,1,双平,S,2604.8000,2603.8000,2603.0000,2601.8000,2601.6000,2605.0000,2607.2000,2608.0000,2610.0000,2610.8000,1,2,6,2,6,1,1,3,4,2
SF,IH2009,2020-03-25 09:30:28.200,2605.0000,10385,-1,96867420.000,1,0,1,双平,S,2603.8000,2603.0000,2601.8000,2601.6000,2601.0000,2607.8000,2608.0000,2610.0000,2610.8000,2614.4000,2,6,2,6,1,1,3,4,2,5
SF,IH2009,2020-03-25 09:30:28.700,2605.0000,10385,0,96867420.000,0,-,-,-,-,2605.2000,2604.4000,2604.0000,2603.8000,2603.0000,2606.0000,2607.0000,2607.6000,2607.8000,2608.0000,2,1,4,2,6,5,1,2,1,3
SF,IH2009,2020-03-25 09:30:29.200,2605.0000,10385,0,96867420.000,0,-,-,-,-,2605.2000,2604.8000,2604.0000,2603.8000,2603.0000,2606.0000,2607.0000,2607.6000,2607.8000,2608.0000,2,1,2,2,6,5,1,2,1,3
SF,IH2009,2020-03-25 09:30:29.700,2605.4000,10384,-1,101558040.000,6,2,4,多平,S,2605.2000,2604.8000,2604.0000,2603.8000,2603.0000,2607.0000,2607.6000,2607.8000,2608.0000,2610.0000,4,1,2,2,6,1,2,1,3,4
SF,IH2009,2020-03-25 09:30:30.200,2605.4000,10384,0,101558040.000,0,-,-,-,-,2605.4000,2605.2000,2604.8000,2604.0000,2603.8000,2607.0000,2607.6000,2607.8000,2608.0000,2609.8000,1,4,1,1,2,1,1,1,3,1
SF,IH2009,2020-03-25 09:30:30.700,2605.4000,10384,0,101558040.000,0,-,-,-,-,2605.4000,2605.2000,2604.8000,2604.0000,2603.8000,2606.0000,2607.0000,2607.6000,2607.8000,2608.0000,1,2,1,1,2,1,1,1,1,3
SF,IH2009,2020-03-25 09:30:31.200,2606.0000,10383,-1,102339840.000,1,0,1,双平,S,2605.2000,2604.8000,2604.0000,2603.8000,2603.0000,2607.0000,2607.6000,2607.8000,2608.0000,2609.8000,2,1,1,2,6,1,1,1,3,1
SF,IH2009,2020-03-25 09:30:31.700,2606.0000,10383,0,102339840.000,0,-,-,-,-,2605.4000,2605.2000,2604.0000,2603.8000,2603.0000,2606.8000,2607.0000,2607.6000,2607.8000,2608.0000,1,2,1,2,6,1,1,1,1,3
SF,IH2009,2020-03-25 09:30:32.200,2606.0000,10383,0,102339840.000,0,-,-,-,-,2605.6000,2605.2000,2604.0000,2603.8000,2603.0000,2606.8000,2607.0000,2607.6000,2607.8000,2608.0000,1,2,1,3,6,1,1,1,1,3
SF,IH2009,2020-03-25 09:30:32.700,2606.0000,10383,0,102339840.000,0,-,-,-,-,2605.8000,2605.2000,2604.0000,2603.8000,2603.0000,2606.8000,2607.0000,2607.6000,2607.8000,2608.0000,1,2,1,3,6,1,2,1,1,3
SF,IH2009,2020-03-25 09:30:33.200,2606.0000,10382,-1,103121640.000,1,0,1,双平,S,2605.2000,2604.0000,2603.8000,2603.0000,2601.6000,2605.6000,2606.8000,2607.0000,2607.6000,2607.8000,2,1,3,6,6,1,1,2,1,1
SF,IH2009,2020-03-25 09:30:33.700,2605.6000,10381,-1,103903320.000,1,0,1,双平,S,2605.2000,2604.0000,2603.8000,2603.0000,2601.6000,2606.8000,2607.0000,2607.6000,2607.8000,2608.0000,2,1,3,6,6,1,2,1,1,4
SF,IH2009,2020-03-25 09:30:34.200,2605.6000,10381,0,103903320.000,0,-,-,-,-,2605.2000,2604.0000,2603.8000,2603.0000,2601.6000,2607.0000,2607.6000,2607.8000,2608.0000,2609.8000,2,1,3,6,6,2,1,1,4,1
SF,IH2009,2020-03-25 09:30:35.200,2605.6000,10381,0,103903320.000,0,-,-,-,-,2605.6000,2605.4000,2605.2000,2604.0000,2603.8000,2607.0000,2607.6000,2607.8000,2608.0000,2609.8000,1,1,2,1,3,2,1,1,4,1
SF,IH2009,2020-03-25 09:30:35.700,2605.6000,10381,0,103903320.000,0,-,-,-,-,2605.6000,2605.4000,2605.2000,2604.0000,2603.8000,2606.8000,2607.0000,2607.6000,2607.8000,2608.0000,1,1,2,1,3,2,2,1,1,4
SF,IH2009,2020-03-25 09:30:36.700,2605.6000,10381,0,104685000.000,1,0,1,多换,S,2605.4000,2605.2000,2604.0000,2603.8000,2603.0000,2607.0000,2607.6000,2607.8000,2608.0000,2609.8000,1,2,1,3,6,2,1,1,4,1
SF,IH2009,2020-03-25 09:30:37.200,2605.4000,10377,-4,107812500.000,4,0,4,双平,S,2605.2000,2604.0000,2603.8000,2603.0000,2601.6000,2607.6000,2607.8000,2608.0000,2609.8000,2610.0000,2,1,3,6,6,1,1,4,1,5
SF,IH2009,2020-03-25 09:30:37.700,2606.0000,10377,0,109375980.000,2,1,1,多换,S,2605.6000,2605.2000,2604.0000,2603.8000,2603.0000,2607.6000,2607.8000,2608.0000,2609.8000,2610.0000,3,2,1,3,6,1,1,4,1,5
SF,IH2009,2020-03-25 09:30:38.200,2605.6000,10377,0,110157660.000,1,0,1,多换,S,2605.6000,2605.2000,2604.0000,2603.8000,2603.0000,2607.6000,2607.8000,2608.0000,2609.8000,2610.0000,2,2,1,3,6,1,1,4,1,5
SF,IH2009,2020-03-25 09:30:38.700,2605.6000,10377,0,110157660.000,0,-,-,-,-,2606.8000,2605.8000,2605.6000,2605.2000,2604.0000,2607.4000,2607.6000,2607.8000,2608.0000,2609.8000,2,1,2,2,1,1,1,1,4,1
SF,IH2009,2020-03-25 09:30:39.200,2605.6000,10377,0,110157660.000,0,-,-,-,-,2605.8000,2605.6000,2605.2000,2604.0000,2603.8000,2607.4000,2607.8000,2608.0000,2609.8000,2610.0000,1,2,2,1,3,1,1,4,1,5
SF,IH2009,2020-03-25 09:30:40.200,2605.6000,10377,0,110157660.000,0,-,-,-,-,2605.8000,2605.6000,2605.2000,2604.0000,2603.8000,2607.4000,2607.8000,2608.0000,2609.8000,2610.0000,1,2,2,1,3,1,1,5,1,5
SF,IH2009,2020-03-25 09:30:40.700,2605.8000,10376,-1,111721140.000,2,0,2,多平,S,2605.6000,2605.2000,2604.0000,2603.8000,2603.0000,2607.4000,2607.8000,2608.0000,2609.8000,2610.0000,2,2,1,3,6,1,1,5,1,5
SF,IH2009,2020-03-25 09:30:41.200,2605.6000,10375,-1,112502820.000,1,0,1,双平,S,2605.2000,2604.0000,2603.8000,2603.0000,2602.8000,2605.8000,2607.2000,2607.4000,2607.8000,2608.0000,2,1,3,6,2,2,1,1,1,5
SF,IH2009,2020-03-25 09:30:41.700,2605.8000,10374,-1,114066300.000,2,0,2,多平,S,2606.6000,2606.4000,2605.2000,2604.0000,2603.8000,2607.2000,2607.4000,2607.8000,2608.0000,2609.8000,2,1,2,1,3,1,1,1,5,1
SF,IH2009,2020-03-25 09:30:42.200,2605.8000,10374,0,114066300.000,0,-,-,-,-,2605.2000,2604.0000,2603.8000,2603.0000,2602.8000,2607.4000,2607.8000,2608.0000,2609.8000,2610.0000,2,1,3,6,2,1,1,5,1,5
SF,IH2009,2020-03-25 09:30:42.700,2605.8000,10374,0,114066300.000,0,-,-,-,-,2605.2000,2604.0000,2603.8000,2603.0000,2602.8000,2607.2000,2607.4000,2607.8000,2608.0000,2609.8000,3,1,3,6,2,1,1,1,5,1
SF,IH2009,2020-03-25 09:30:43.200,2605.8000,10374,0,114066300.000,0,-,-,-,-,2605.2000,2604.0000,2603.8000,2603.0000,2602.8000,2607.2000,2607.8000,2608.0000,2609.8000,2610.0000,3,1,3,6,2,1,1,5,1,5
SF,IH2009,2020-03-25 09:30:44.200,2605.8000,10374,0,114066300.000,0,-,-,-,-,2605.2000,2604.0000,2603.8000,2603.0000,2602.8000,2607.0000,2607.2000,2607.8000,2608.0000,2609.8000,3,1,3,6,2,2,1,1,5,1
SF,IH2009,2020-03-25 09:30:45.200,2605.8000,10374,0,114066300.000,0,-,-,-,-,2605.2000,2604.0000,2603.8000,2603.0000,2602.8000,2606.8000,2607.0000,2607.2000,2607.8000,2608.0000,3,1,3,6,2,1,2,1,1,5
SF,IH2009,2020-03-25 09:30:45.700,2605.8000,10374,0,114066300.000,0,-,-,-,-,2605.2000,2604.0000,2603.8000,2603.0000,2602.8000,2607.0000,2607.2000,2607.8000,2608.0000,2609.8000,3,1,3,6,2,2,1,1,5,1
SF,IH2009,2020-03-25 09:30:46.200,2605.2000,10372,-2,116410980.000,3,0,3,多平,S,2605.0000,2604.0000,2603.8000,2603.0000,2602.8000,2605.2000,2606.8000,2607.0000,2607.2000,2607.8000,1,1,3,6,2,1,2,2,1,1
SF,IH2009,2020-03-25 09:30:46.700,2605.0000,10372,0,117192480.000,1,0,1,多换,S,2604.0000,2603.8000,2603.0000,2602.8000,2601.6000,2604.8000,2605.0000,2605.2000,2606.8000,2607.0000,1,3,6,2,6,1,2,1,1,2
SF,IH2009,2020-03-25 09:30:47.200,2605.0000,10372,0,117192480.000,0,-,-,-,-,2603.8000,2603.0000,2602.8000,2601.6000,2601.0000,2604.8000,2605.0000,2605.2000,2606.8000,2607.0000,1,6,2,6,1,1,3,1,2,2
SF,IH2009,2020-03-25 09:30:48.200,2605.0000,10371,-1,117973980.000,1,0,1,双平,S,2604.8000,2603.8000,2603.0000,2602.8000,2601.6000,2606.8000,2607.0000,2607.2000,2607.8000,2608.0000,1,1,6,2,6,2,2,1,1,5
SF,IH2009,2020-03-25 09:30:48.700,2605.0000,10371,0,117973980.000,0,-,-,-,-,2604.8000,2603.8000,2603.0000,2602.8000,2601.6000,2606.6000,2606.8000,2607.0000,2607.2000,2607.8000,1,1,6,2,6,1,2,2,1,1
SF,IH2009,2020-03-25 09:30:49.200,2605.0000,10371,0,117973980.000,0,-,-,-,-,2604.8000,2603.8000,2603.0000,2602.8000,2601.6000,2606.4000,2606.8000,2607.0000,2607.2000,2607.8000,1,1,6,2,6,2,1,2,1,1
SF,IH2009,2020-03-25 09:30:49.700,2605.0000,10371,0,117973980.000,0,-,-,-,-,2604.8000,2603.8000,2603.0000,2602.8000,2601.6000,2606.4000,2606.8000,2607.2000,2607.8000,2608.0000,2,1,6,2,6,2,1,1,1,5
SF,IH2009,2020-03-25 09:30:50.200,2605.0000,10371,0,117973980.000,0,-,-,-,-,2604.8000,2603.8000,2603.0000,2602.8000,2601.6000,2606.2000,2606.4000,2606.8000,2607.2000,2607.8000,2,1,6,2,6,1,2,1,1,1
SF,IH2009,2020-03-25 09:30:50.700,2605.0000,10371,0,117973980.000,0,-,-,-,-,2604.8000,2603.8000,2603.0000,2602.8000,2601.6000,2606.2000,2606.4000,2606.8000,2607.2000,2607.8000,2,1,6,2,6,1,1,1,1,1
SF,IH2009,2020-03-25 09:30:51.200,2604.8000,10370,-1,118755420.000,1,0,1,双平,S,2604.8000,2603.8000,2603.0000,2602.8000,2601.6000,2606.2000,2606.4000,2606.8000,2607.0000,2607.2000,1,1,6,2,6,1,1,1,2,1
SF,IH2009,2020-03-25 09:30:51.700,2604.8000,10370,0,118755420.000,0,-,-,-,-,2604.8000,2603.8000,2603.0000,2602.8000,2601.6000,2606.4000,2606.8000,2607.0000,2607.2000,2607.8000,1,1,6,2,6,1,1,2,1,1
SF,IH2009,2020-03-25 09:30:52.200,2604.8000,10370,0,118755420.000,0,-,-,-,-,2604.8000,2603.8000,2603.0000,2602.8000,2601.6000,2606.2000,2606.4000,2606.8000,2607.0000,2607.2000,1,1,6,2,6,1,1,1,2,1
SF,IH2009,2020-03-25 09:30:52.700,2604.8000,10370,0,118755420.000,0,-,-,-,-,2604.8000,2603.8000,2603.0000,2602.8000,2601.6000,2606.2000,2606.8000,2607.0000,2607.2000,2607.8000,1,1,6,2,6,1,1,2,1,1
SF,IH2009,2020-03-25 09:30:53.200,2604.8000,10370,0,121882440.000,4,2,2,多换,S,2603.8000,2603.0000,2602.8000,2601.6000,2601.0000,2604.8000,2606.8000,2607.0000,2607.2000,2607.8000,1,6,2,6,1,3,1,2,1,1
SF,IH2009,2020-03-25 09:30:53.700,2604.8000,10369,-1,124226760.000,3,1,2,多平,S,2604.4000,2604.2000,2604.0000,2603.8000,2603.0000,2606.8000,2607.0000,2607.2000,2607.6000,2607.8000,1,1,3,3,6,1,2,1,1,1
SF,IH2009,2020-03-25 09:30:54.200,2604.8000,10369,0,124226760.000,0,-,-,-,-,2604.6000,2604.4000,2604.0000,2603.8000,2603.0000,2606.6000,2606.8000,2607.0000,2607.6000,2607.8000,1,2,3,3,6,1,1,2,1,1
SF,IH2009,2020-03-25 09:30:54.700,2604.8000,10369,0,124226760.000,0,-,-,-,-,2604.6000,2604.4000,2604.0000,2603.8000,2603.0000,2605.8000,2606.4000,2606.6000,2606.8000,2607.0000,1,1,3,3,6,1,1,1,1,2
SF,IH2009,2020-03-25 09:30:55.200,2604.8000,10369,0,124226760.000,0,-,-,-,-,2604.8000,2604.4000,2604.0000,2603.8000,2603.0000,2605.8000,2606.6000,2606.8000,2607.0000,2607.6000,1,1,3,3,6,1,1,1,2,1
SF,IH2009,2020-03-25 09:30:55.700,2605.6000,10369,0,125789880.000,2,1,1,多换,S,2603.8000,2603.0000,2602.8000,2601.6000,2601.0000,2605.6000,2605.8000,2606.6000,2606.8000,2607.0000,1,6,2,6,1,1,2,1,1,2
SF,IH2009,2020-03-25 09:30:56.200,2605.6000,10369,0,125789880.000,0,-,-,-,-,2603.8000,2603.0000,2602.8000,2601.6000,2600.0000,2604.6000,2605.0000,2605.8000,2606.6000,2606.8000,3,6,2,6,2,1,2,2,1,1
SF,IH2009,2020-03-25 09:30:56.700,2604.6000,10368,-1,126571260.000,1,0,1,双平,S,2604.0000,2603.8000,2603.0000,2602.8000,2601.6000,2605.0000,2605.8000,2606.0000,2606.6000,2606.8000,2,3,6,2,6,2,2,1,1,1
SF,IH2009,2020-03-25 09:30:57.200,2604.0000,10366,-2,128133660.000,2,0,2,双平,S,2603.8000,2603.0000,2602.8000,2601.6000,2600.0000,2605.0000,2605.8000,2606.0000,2606.6000,2606.8000,3,6,2,6,2,2,2,1,1,1
SF,IH2009,2020-03-25 09:30:57.700,2604.0000,10366,0,128133660.000,0,-,-,-,-,2603.8000,2603.0000,2602.8000,2601.6000,2600.0000,2605.0000,2605.8000,2606.0000,2606.6000,2606.8000,1,6,2,6,2,2,2,1,1,1
SF,IH2009,2020-03-25 09:30:58.200,2604.0000,10366,0,128133660.000,0,-,-,-,-,2603.8000,2603.0000,2602.8000,2601.6000,2600.0000,2605.0000,2605.8000,2606.0000,2606.6000,2606.8000,1,6,2,6,2,2,2,1,1,1
SF,IH2009,2020-03-25 09:30:58.700,2603.8000,10366,0,128914800.000,1,0,1,多换,S,2603.0000,2602.8000,2601.6000,2600.0000,2599.4000,2605.0000,2605.8000,2606.0000,2606.6000,2606.8000,6,2,6,2,1,2,2,1,1,1
SF,IH2009,2020-03-25 09:30:59.200,2603.8000,10366,0,128914800.000,0,-,-,-,-,2604.2000,2603.2000,2603.0000,2602.8000,2601.6000,2605.0000,2605.8000,2606.0000,2606.6000,2606.8000,1,1,6,2,6,2,2,1,1,1
SF,IH2009,2020-03-25 09:30:59.700,2605.0000,10364,-2,130477800.000,2,0,2,双平,S,2603.2000,2603.0000,2602.8000,2601.6000,2600.0000,2605.0000,2605.8000,2606.0000,2606.6000,2606.8000,1,7,2,6,2,1,2,1,1,1
SF,IH2009,2020-03-25 09:31:00.200,2605.0000,10364,0,130477800.000,0,-,-,-,-,2603.8000,2603.2000,2603.0000,2602.8000,2601.6000,2605.0000,2605.8000,2606.0000,2606.6000,2606.8000,2,1,7,2,6,1,2,1,1,1
SF,IH2009,2020-03-25 09:31:00.700,2605.0000,10364,0,130477800.000,0,-,-,-,-,2604.0000,2603.0000,2602.8000,2601.6000,2600.0000,2605.0000,2605.8000,2606.0000,2606.6000,2606.8000,1,7,2,6,2,1,2,1,1,1
SF,IH2009,2020-03-25 09:31:01.200,2604.0000,10364,0,131259000.000,1,0,1,多换,S,2603.0000,2602.8000,2601.6000,2600.0000,2599.4000,2605.0000,2605.8000,2606.0000,2606.6000,2606.8000,7,2,6,2,1,1,2,1,1,1
SF,IH2009,2020-03-25 09:31:01.700,2604.0000,10364,0,131259000.000,0,-,-,-,-,2603.0000,2602.8000,2601.6000,2600.0000,2599.4000,2604.8000,2605.0000,2605.8000,2606.0000,2606.6000,7,2,6,1,1,1,1,2,1,1
SF,IH2009,2020-03-25 09:31:02.200,2604.0000,10364,0,131259000.000,0,-,-,-,-,2603.0000,2602.8000,2601.6000,2600.0000,2599.4000,2605.0000,2605.8000,2606.0000,2606.6000,2606.8000,7,2,6,1,1,2,2,1,1,1
SF,IH2009,2020-03-25 09:31:02.700,2604.0000,10364,0,131259000.000,0,-,-,-,-,2603.8000,2603.0000,2602.8000,2601.6000,2600.0000,2605.0000,2605.8000,2606.0000,2606.6000,2606.8000,2,7,2,6,1,2,2,1,1,1
SF,IH2009,2020-03-25 09:31:03.200,2604.0000,10364,0,131259000.000,0,-,-,-,-,2603.0000,2602.8000,2601.6000,2600.0000,2599.4000,2604.8000,2605.0000,2605.8000,2606.0000,2606.6000,6,2,6,1,1,1,2,2,1,1
SF,IH2009,2020-03-25 09:31:03.700,2604.0000,10364,0,131259000.000,0,-,-,-,-,2603.0000,2602.8000,2601.6000,2600.0000,2599.4000,2604.6000,2605.0000,2605.8000,2606.0000,2606.6000,6,2,6,1,1,1,2,2,1,1
SF,IH2009,2020-03-25 09:31:04.200,2603.0000,10364,0,132039900.000,1,0,1,多换,S,2603.0000,2602.8000,2601.6000,2600.0000,2599.4000,2603.8000,2604.8000,2605.0000,2605.8000,2606.0000,5,2,6,1,1,1,1,2,2,1
SF,IH2009,2020-03-25 09:31:04.700,2603.0000,10364,0,132039900.000,0,-,-,-,-,2603.0000,2602.8000,2601.6000,2600.0000,2599.4000,2603.8000,2604.8000,2605.0000,2605.8000,2606.0000,6,2,6,1,1,1,1,2,2,1
SF,IH2009,2020-03-25 09:31:05.200,2603.0000,10364,0,132039900.000,0,-,-,-,-,2603.0000,2602.8000,2601.6000,2600.0000,2599.4000,2603.8000,2604.8000,2605.0000,2605.8000,2606.0000,5,2,6,1,1,1,1,2,2,1
SF,IH2009,2020-03-25 09:31:06.200,2604.8000,10364,0,133602480.000,2,1,1,多换,S,2603.0000,2602.8000,2601.6000,2600.0000,2599.4000,2605.0000,2605.8000,2606.0000,2606.6000,2606.8000,5,2,6,1,1,2,2,1,1,1
SF,IH2009,2020-03-25 09:31:06.700,2604.8000,10364,0,133602480.000,0,-,-,-,-,2603.0000,2602.8000,2601.6000,2600.0000,2599.4000,2604.0000,2604.8000,2605.0000,2605.8000,2606.0000,5,2,6,1,1,1,2,2,2,1
SF,IH2009,2020-03-25 09:31:07.200,2603.0000,10363,-1,136726080.000,4,1,3,多平,S,2603.2000,2603.0000,2602.8000,2601.6000,2600.0000,2603.8000,2604.0000,2604.8000,2605.0000,2605.8000,1,2,2,6,1,1,1,1,2,2
SF,IH2009,2020-03-25 09:31:07.700,2603.6000,10361,-2,139069020.000,3,0,3,多平,S,2603.0000,2602.8000,2601.6000,2600.0000,2599.4000,2604.0000,2604.8000,2605.0000,2605.8000,2606.0000,1,2,6,1,1,1,1,2,2,1
SF,IH2009,2020-03-25 09:31:08.200,2604.0000,10361,0,139850220.000,1,0,1,多换,S,2603.2000,2603.0000,2602.8000,2601.6000,2600.0000,2604.8000,2605.0000,2605.8000,2606.0000,2606.6000,1,1,2,6,1,1,2,2,1,1
SF,IH2009,2020-03-25 09:31:08.700,2604.0000,10361,0,139850220.000,0,-,-,-,-,2603.0000,2602.8000,2601.6000,2600.0000,2599.4000,2603.2000,2604.6000,2604.8000,2605.0000,2605.8000,1,2,6,1,1,1,1,1,2,2
SF,IH2009,2020-03-25 09:31:09.200,2603.2000,10359,-2,141412140.000,2,0,2,双平,S,2603.6000,2603.0000,2602.8000,2601.6000,2600.0000,2604.8000,2605.0000,2605.8000,2606.0000,2606.6000,1,1,2,6,1,2,3,2,1,1
SF,IH2009,2020-03-25 09:31:09.700,2603.6000,10358,-1,142193220.000,1,0,1,双平,S,2603.0000,2602.8000,2601.6000,2600.0000,2599.4000,2603.4000,2603.6000,2604.6000,2604.8000,2605.0000,1,2,6,1,1,2,1,2,1,3
SF,IH2009,2020-03-25 09:31:10.200,2603.6000,10356,-2,143755380.000,2,0,2,双平,S,2603.6000,2603.4000,2603.2000,2603.0000,2602.8000,2604.6000,2604.8000,2605.0000,2605.2000,2605.8000,1,2,1,2,2,1,1,3,1,2
SF,IH2009,2020-03-25 09:31:10.700,2603.4000,10355,-1,144536400.000,1,0,1,双平,S,2603.0000,2602.8000,2601.8000,2601.6000,2600.0000,2603.4000,2604.4000,2604.6000,2604.8000,2605.0000,1,2,1,6,1,1,1,1,1,3
SF,IH2009,2020-03-25 09:31:11.200,2603.4000,10355,0,144536400.000,0,-,-,-,-,2603.0000,2602.8000,2601.8000,2601.6000,2600.0000,2603.6000,2604.6000,2604.8000,2605.0000,2605.2000,1,2,1,6,1,1,2,1,3,1
SF,IH2009,2020-03-25 09:31:11.700,2603.0000,10354,-1,146098320.000,2,0,2,多平,S,2602.8000,2601.8000,2601.6000,2600.0000,2599.4000,2603.6000,2604.6000,2604.8000,2605.0000,2605.2000,2,1,6,1,1,1,2,1,3,1
SF,IH2009,2020-03-25 09:31:12.200,2602.8000,10352,-2,147660000.000,2,0,2,双平,S,2601.8000,2601.6000,2600.0000,2599.4000,2595.4000,2602.6000,2602.8000,2603.6000,2604.6000,2604.8000,1,6,1,1,5,1,1,1,2,1
SF,IH2009,2020-03-25 09:31:12.700,2602.8000,10350,-2,149221680.000,2,0,2,双平,S,2602.0000,2601.8000,2601.6000,2600.0000,2599.4000,2603.6000,2604.6000,2604.8000,2605.0000,2605.8000,2,1,6,1,1,1,1,1,3,2
SF,IH2009,2020-03-25 09:31:13.200,2602.8000,10350,0,149221680.000,0,-,-,-,-,2602.2000,2602.0000,2601.8000,2601.6000,2600.4000,2602.8000,2603.6000,2604.6000,2604.8000,2605.0000,1,2,1,6,1,1,1,1,1,3
SF,IH2009,2020-03-25 09:31:13.700,2602.8000,10348,-2,150783360.000,2,0,2,双平,S,2603.4000,2602.4000,2602.2000,2602.0000,2601.8000,2603.6000,2604.6000,2604.8000,2605.0000,2605.8000,1,1,1,1,1,1,1,1,3,2
SF,IH2009,2020-03-25 09:31:14.200,2602.6000,10347,-1,151564140.000,1,0,1,双平,S,2602.2000,2601.8000,2601.6000,2600.0000,2599.4000,2603.2000,2603.4000,2603.6000,2604.6000,2604.8000,1,1,6,1,1,1,2,1,1,1
SF,IH2009,2020-03-25 09:31:14.700,2602.4000,10347,0,152344860.000,1,0,1,多换,S,2602.2000,2601.8000,2601.6000,2600.8000,2599.4000,2603.4000,2603.6000,2604.4000,2604.6000,2604.8000,1,1,6,1,1,3,1,1,1,1
SF,IH2009,2020-03-25 09:31:15.200,2602.4000,10347,0,152344860.000,0,-,-,-,-,2601.8000,2601.6000,2600.8000,2599.4000,2595.4000,2603.4000,2603.6000,2604.4000,2604.6000,2604.8000,1,6,1,1,5,3,1,1,1,1
SF,IH2009,2020-03-25 09:31:15.700,2603.4000,10347,0,153125880.000,1,0,1,多换,S,2603.0000,2602.4000,2601.8000,2601.6000,2600.8000,2603.4000,2603.6000,2604.4000,2604.6000,2604.8000,1,1,1,6,1,2,1,1,1,1
SF,IH2009,2020-03-25 09:31:16.200,2601.6000,10346,-1,158589480.000,7,3,4,多平,S,2600.8000,2599.4000,2595.4000,2593.0000,2591.0000,2601.8000,2602.0000,2603.2000,2603.4000,2603.6000,1,1,5,1,1,1,2,2,1,1
SF,IH2009,2020-03-25 09:31:16.700,2601.6000,10346,0,159369960.000,1,0,1,多换,S,2601.0000,2599.4000,2595.4000,2593.0000,2591.0000,2601.8000,2602.0000,2603.0000,2603.2000,2603.4000,1,1,5,1,1,1,2,1,2,1
SF,IH2009,2020-03-25 09:31:17.200,2601.6000,10344,-2,161711280.000,3,0,3,多平,S,2599.4000,2595.4000,2593.0000,2591.0000,2588.8000,2602.0000,2603.0000,2603.2000,2603.4000,2603.6000,1,5,1,1,1,2,2,2,1,1
SF,IH2009,2020-03-25 09:31:17.700,2601.6000,10344,0,161711280.000,0,-,-,-,-,2599.4000,2599.2000,2595.4000,2593.0000,2591.0000,2600.8000,2601.8000,2602.0000,2603.0000,2603.2000,1,2,5,1,1,1,2,2,2,2
SF,IH2009,2020-03-25 09:31:18.200,2601.6000,10344,0,161711280.000,0,-,-,-,-,2599.4000,2599.2000,2595.4000,2593.0000,2591.0000,2600.8000,2601.8000,2602.0000,2603.0000,2603.4000,1,2,5,1,1,1,2,2,2,1
SF,IH2009,2020-03-25 09:31:18.700,2600.8000,10343,-1,162491520.000,1,0,1,双平,S,2599.4000,2599.2000,2595.4000,2593.0000,2591.0000,2601.8000,2602.0000,2603.0000,2603.4000,2603.6000,1,2,5,1,1,2,2,3,1,1
SF,IH2009,2020-03-25 09:31:19.200,2600.8000,10343,0,162491520.000,0,-,-,-,-,2601.0000,2599.4000,2599.2000,2595.4000,2593.0000,2601.8000,2602.0000,2603.0000,2603.4000,2603.6000,1,1,2,5,1,2,2,3,1,1
SF,IH2009,2020-03-25 09:31:19.700,2601.0000,10342,-1,163271820.000,1,0,1,双平,S,2599.8000,2599.4000,2599.2000,2595.4000,2593.0000,2600.8000,2601.6000,2601.8000,2603.0000,2603.4000,1,1,2,5,1,2,2,1,3,1
SF,IH2009,2020-03-25 09:31:20.200,2601.0000,10342,0,163271820.000,0,-,-,-,-,2600.0000,2599.8000,2599.4000,2599.2000,2595.4000,2601.6000,2603.0000,2603.4000,2603.6000,2604.6000,1,1,1,2,5,1,3,1,1,1
SF,IH2009,2020-03-25 09:31:20.700,2601.0000,10342,0,163271820.000,0,-,-,-,-,2599.8000,2599.4000,2599.2000,2595.4000,2593.0000,2601.4000,2601.6000,2603.0000,2603.4000,2603.6000,1,1,2,5,1,2,1,3,1,1
SF,IH2009,2020-03-25 09:31:21.200,2601.0000,10342,0,163271820.000,0,-,-,-,-,2599.8000,2599.4000,2599.2000,2595.4000,2593.0000,2601.2000,2601.4000,2601.6000,2603.0000,2603.4000,1,1,2,5,1,1,2,1,3,1
SF,IH2009,2020-03-25 09:31:21.700,2601.0000,10342,0,163271820.000,0,-,-,-,-,2599.8000,2599.4000,2599.2000,2595.4000,2593.0000,2601.0000,2601.2000,2601.4000,2603.0000,2603.4000,1,1,2,5,1,1,1,1,3,1
SF,IH2009,2020-03-25 09:31:22.200,2600.0000,10342,0,164832120.000,2,1,1,多换,S,2599.8000,2599.4000,2599.2000,2595.4000,2593.0000,2603.0000,2603.4000,2603.6000,2604.6000,2605.0000,1,1,3,5,1,3,1,1,1,7
SF,IH2009,2020-03-25 09:31:22.700,2600.0000,10342,0,164832120.000,0,-,-,-,-,2599.8000,2599.4000,2599.2000,2595.4000,2593.0000,2602.8000,2603.0000,2603.4000,2603.6000,2604.6000,1,1,3,5,1,3,3,1,1,1
SF,IH2009,2020-03-25 09:31:23.200,2600.0000,10342,0,164832120.000,0,-,-,-,-,2600.0000,2599.8000,2599.4000,2599.2000,2595.4000,2602.8000,2603.0000,2603.4000,2603.6000,2604.6000,1,1,1,3,5,3,3,1,1,1
SF,IH2009,2020-03-25 09:31:23.700,2600.0000,10342,0,166392060.000,2,1,1,多换,S,2599.4000,2599.2000,2595.4000,2593.0000,2591.0000,2601.8000,2602.6000,2602.8000,2603.0000,2603.4000,1,3,5,1,1,1,1,3,2,1
SF,IH2009,2020-03-25 09:31:24.200,2600.0000,10342,0,166392060.000,0,-,-,-,-,2599.6000,2599.4000,2599.2000,2595.4000,2593.0000,2600.0000,2601.6000,2601.8000,2602.8000,2603.0000,1,1,3,5,1,1,1,1,1,2
SF,IH2009,2020-03-25 09:31:24.700,2600.0000,10341,-1,167172060.000,1,0,1,双平,S,2600.8000,2599.4000,2599.2000,2595.4000,2593.0000,2601.6000,2601.8000,2602.8000,2603.0000,2603.4000,2,1,3,5,1,1,1,1,2,1
SF,IH2009,2020-03-25 09:31:25.200,2600.0000,10341,0,167172060.000,0,-,-,-,-,2600.8000,2599.4000,2599.2000,2595.4000,2593.0000,2601.4000,2601.8000,2602.8000,2603.0000,2603.4000,2,1,3,5,1,1,1,1,2,1
SF,IH2009,2020-03-25 09:31:25.700,2600.0000,10341,0,167172060.000,0,-,-,-,-,2599.4000,2599.2000,2595.4000,2593.0000,2591.0000,2600.4000,2601.2000,2601.8000,2602.8000,2603.0000,1,3,5,1,1,2,1,1,1,2
SF,IH2009,2020-03-25 09:31:26.200,2600.0000,10341,0,167172060.000,0,-,-,-,-,2601.2000,2599.4000,2599.2000,2595.4000,2593.0000,2601.8000,2602.8000,2603.0000,2603.4000,2603.6000,1,1,3,5,1,1,1,2,1,1
SF,IH2009,2020-03-25 09:31:26.700,2601.2000,10340,-1,167952420.000,1,0,1,双平,S,2599.4000,2599.2000,2595.4000,2593.0000,2591.0000,2599.6000,2601.8000,2602.8000,2603.0000,2603.4000,2,3,5,1,1,2,1,1,2,1
SF,IH2009,2020-03-25 09:31:27.200,2599.6000,10338,-2,169512180.000,2,0,2,双平,S,2599.6000,2599.4000,2599.2000,2595.4000,2593.0000,2601.8000,2603.0000,2603.4000,2603.6000,2604.6000,2,2,3,5,1,1,2,1,1,1
SF,IH2009,2020-03-25 09:31:27.700,2599.6000,10338,0,169512180.000,0,-,-,-,-,2600.0000,2599.8000,2599.4000,2599.2000,2595.4000,2600.8000,2601.6000,2601.8000,2603.0000,2603.4000,1,1,2,3,5,1,1,1,2,1
SF,IH2009,2020-03-25 09:31:28.200,2600.8000,10337,-1,170292420.000,1,0,1,双平,S,2600.0000,2599.8000,2599.4000,2599.2000,2595.4000,2601.8000,2603.0000,2603.4000,2603.6000,2604.6000,2,1,2,3,5,1,2,1,1,1
SF,IH2009,2020-03-25 09:31:28.700,2600.8000,10337,0,170292420.000,0,-,-,-,-,2600.2000,2600.0000,2599.8000,2599.4000,2599.2000,2601.6000,2601.8000,2603.0000,2603.4000,2603.6000,1,1,1,2,3,1,1,2,1,1
SF,IH2009,2020-03-25 09:31:29.200,2600.8000,10337,0,170292420.000,0,-,-,-,-,2600.4000,2600.2000,2600.0000,2599.4000,2599.2000,2601.8000,2603.0000,2603.4000,2603.6000,2604.6000,1,2,2,2,3,1,2,1,1,1
SF,IH2009,2020-03-25 09:31:29.700,2601.8000,10337,0,171072960.000,1,0,1,多换,S,2600.6000,2600.4000,2600.2000,2600.0000,2599.4000,2603.0000,2603.4000,2603.6000,2604.6000,2605.0000,1,1,1,2,2,2,1,1,1,7
SF,IH2009,2020-03-25 09:31:30.200,2601.8000,10337,0,171072960.000,0,-,-,-,-,2600.6000,2600.4000,2600.2000,2600.0000,2599.4000,2602.8000,2603.0000,2603.4000,2603.6000,2604.6000,1,1,1,1,2,2,2,1,1,1
SF,IH2009,2020-03-25 09:31:31.200,2601.8000,10337,0,171072960.000,0,-,-,-,-,2600.8000,2600.6000,2600.4000,2600.0000,2599.4000,2602.8000,2603.0000,2603.4000,2603.6000,2604.6000,1,1,1,1,2,2,2,1,1,1
SF,IH2009,2020-03-25 09:31:31.700,2601.8000,10337,0,171072960.000,0,-,-,-,-,2601.0000,2600.8000,2600.6000,2600.4000,2600.0000,2602.6000,2602.8000,2603.0000,2603.4000,2603.6000,1,2,1,1,1,1,2,2,1,1
SF,IH2009,2020-03-25 09:31:32.200,2601.8000,10337,0,171072960.000,0,-,-,-,-,2601.0000,2600.8000,2600.6000,2600.4000,2600.0000,2602.8000,2603.0000,2603.4000,2603.6000,2604.6000,1,2,1,1,1,2,2,1,1,1
SF,IH2009,2020-03-25 09:31:32.700,2601.8000,10337,0,171072960.000,0,-,-,-,-,2601.0000,2600.8000,2600.6000,2600.4000,2600.0000,2602.6000,2602.8000,2603.0000,2603.4000,2603.6000,1,2,1,1,1,1,2,2,1,1
SF,IH2009,2020-03-25 09:31:33.200,2601.2000,10336,-1,171853320.000,1,0,1,双平,S,2600.8000,2600.4000,2600.0000,2599.4000,2599.2000,2601.0000,2602.4000,2602.8000,2603.0000,2603.4000,2,1,1,2,3,2,2,1,2,1
SF,IH2009,2020-03-25 09:31:33.700,2601.0000,10335,-1,173413920.000,2,0,2,多平,S,2601.2000,2600.8000,2600.4000,2600.0000,2599.4000,2602.4000,2602.8000,2603.0000,2603.4000,2603.6000,1,1,1,1,2,1,2,2,1,1
SF,IH2009,2020-03-25 09:31:34.200,2601.0000,10335,0,173413920.000,0,-,-,-,-,2601.2000,2600.8000,2600.4000,2600.0000,2599.4000,2602.2000,2602.4000,2602.8000,2603.0000,2603.4000,1,1,1,1,2,1,1,1,2,1
SF,IH2009,2020-03-25 09:31:34.700,2601.0000,10335,0,173413920.000,0,-,-,-,-,2601.2000,2600.8000,2600.4000,2599.4000,2599.2000,2602.0000,2602.4000,2602.8000,2603.0000,2603.4000,1,1,1,2,2,1,1,1,2,1
SF,IH2009,2020-03-25 09:31:35.200,2601.0000,10335,0,173413920.000,0,-,-,-,-,2601.2000,2600.8000,2600.4000,2599.4000,2599.2000,2602.4000,2602.8000,2603.0000,2603.4000,2603.6000,1,1,1,2,2,1,1,2,2,1
SF,IH2009,2020-03-25 09:31:35.700,2601.0000,10335,0,173413920.000,0,-,-,-,-,2601.4000,2601.2000,2600.4000,2599.4000,2599.2000,2602.2000,2602.4000,2602.8000,2603.0000,2603.4000,1,1,1,2,2,1,1,1,2,2
SF,IH2009,2020-03-25 09:31:36.200,2601.0000,10335,0,173413920.000,0,-,-,-,-,2601.4000,2601.2000,2600.4000,2599.4000,2599.2000,2602.4000,2602.8000,2603.0000,2603.4000,2603.6000,1,1,1,2,2,1,1,2,2,1
SF,IH2009,2020-03-25 09:31:36.700,2601.0000,10335,0,173413920.000,0,-,-,-,-,2601.4000,2601.2000,2600.4000,2599.4000,2599.2000,2602.2000,2602.4000,2602.8000,2603.0000,2603.4000,1,1,1,2,2,1,1,1,2,2
SF,IH2009,2020-03-25 09:31:37.200,2601.0000,10335,0,174194220.000,1,0,1,多换,S,2601.2000,2600.4000,2599.4000,2599.2000,2595.4000,2602.4000,2602.8000,2603.0000,2603.4000,2603.6000,1,1,2,2,5,1,1,2,2,1
SF,IH2009,2020-03-25 09:31:37.700,2601.0000,10335,0,174194220.000,0,-,-,-,-,2600.4000,2599.4000,2599.2000,2595.4000,2593.0000,2602.2000,2602.4000,2602.8000,2603.0000,2603.4000,1,2,2,5,1,1,1,1,2,2
SF,IH2009,2020-03-25 09:31:38.200,2601.0000,10335,0,174194220.000,0,-,-,-,-,2600.4000,2599.4000,2599.2000,2598.4000,2595.4000,2602.0000,2602.4000,2602.8000,2603.0000,2603.4000,1,2,2,1,5,1,1,1,2,2
SF,IH2009,2020-03-25 09:31:38.700,2601.0000,10335,0,174194220.000,0,-,-,-,-,2600.4000,2599.4000,2599.2000,2598.4000,2595.4000,2601.8000,2602.4000,2602.8000,2603.0000,2603.4000,1,2,2,1,5,1,1,1,2,2
SF,IH2009,2020-03-25 09:31:39.200,2601.0000,10335,0,174194220.000,0,-,-,-,-,2600.4000,2599.4000,2599.2000,2598.4000,2595.4000,2601.6000,2602.4000,2602.8000,2603.0000,2603.4000,1,2,2,1,5,1,1,1,2,2
SF,IH2009,2020-03-25 09:31:39.700,2601.0000,10335,0,174194220.000,0,-,-,-,-,2600.4000,2599.4000,2599.2000,2598.4000,2595.4000,2601.4000,2602.4000,2602.8000,2603.0000,2603.4000,1,2,2,1,5,1,1,1,2,2
SF,IH2009,2020-03-25 09:31:40.200,2601.0000,10335,0,174194220.000,0,-,-,-,-,2600.4000,2599.4000,2599.2000,2598.4000,2595.4000,2602.4000,2602.8000,2603.0000,2603.4000,2603.6000,1,2,2,1,5,1,1,2,2,1
SF,IH2009,2020-03-25 09:31:40.700,2600.4000,10335,0,175755000.000,2,1,1,多换,S,2599.4000,2599.2000,2598.4000,2595.4000,2593.0000,2602.2000,2602.4000,2602.8000,2603.0000,2603.4000,2,2,1,5,1,1,1,1,2,2
SF,IH2009,2020-03-25 09:31:41.200,2600.4000,10335,0,175755000.000,0,-,-,-,-,2599.4000,2599.2000,2598.4000,2595.4000,2593.0000,2602.0000,2602.2000,2602.8000,2603.0000,2603.4000,2,2,1,5,1,2,1,1,2,2
SF,IH2009,2020-03-25 09:31:41.700,2600.4000,10335,0,175755000.000,0,-,-,-,-,2599.8000,2599.4000,2599.2000,2598.4000,2595.4000,2601.0000,2602.0000,2602.2000,2602.8000,2603.0000,1,1,2,1,5,1,2,1,1,2
SF,IH2009,2020-03-25 09:31:42.200,2600.4000,10335,0,175755000.000,0,-,-,-,-,2599.8000,2599.4000,2599.2000,2598.4000,2595.4000,2600.4000,2600.8000,2601.0000,2602.0000,2602.8000,1,1,2,1,5,2,1,1,2,1
SF,IH2009,2020-03-25 09:31:42.700,2600.4000,10333,-2,177315240.000,2,0,2,双平,S,2599.8000,2599.4000,2599.2000,2598.4000,2595.4000,2601.0000,2602.0000,2603.0000,2603.4000,2603.6000,1,1,2,1,5,1,2,2,2,1
SF,IH2009,2020-03-25 09:31:43.200,2600.4000,10333,0,177315240.000,0,-,-,-,-,2600.0000,2599.8000,2599.4000,2599.2000,2598.4000,2601.0000,2602.0000,2603.0000,2603.4000,2603.6000,1,1,1,2,1,1,1,2,2,1
SF,IH2009,2020-03-25 09:31:43.700,2600.4000,10333,0,177315240.000,0,-,-,-,-,2600.0000,2599.8000,2599.4000,2599.2000,2598.4000,2601.0000,2602.0000,2603.0000,2603.2000,2603.4000,1,1,1,2,1,1,1,2,1,2
SF,IH2009,2020-03-25 09:31:44.200,2601.0000,10332,-1,178095540.000,1,0,1,双平,S,2600.0000,2599.8000,2599.4000,2599.2000,2598.4000,2602.0000,2603.0000,2603.2000,2603.4000,2603.6000,11,1,1,2,1,1,2,1,2,1
SF,IH2009,2020-03-25 09:31:44.700,2601.0000,10332,0,178095540.000,0,-,-,-,-,2600.0000,2599.8000,2599.4000,2599.2000,2598.4000,2601.8000,2602.0000,2603.0000,2603.2000,2603.4000,10,1,1,2,1,3,1,2,1,2
SF,IH2009,2020-03-25 09:31:45.200,2601.0000,10332,0,178095540.000,0,-,-,-,-,2600.0000,2599.4000,2599.2000,2598.4000,2595.4000,2601.8000,2602.0000,2603.0000,2603.2000,2603.4000,10,1,2,1,5,3,1,2,1,2
SF,IH2009,2020-03-25 09:31:45.700,2601.0000,10332,0,178095540.000,0,-,-,-,-,2600.0000,2599.4000,2599.2000,2598.4000,2595.4000,2601.2000,2601.8000,2602.0000,2603.0000,2603.2000,10,1,2,1,5,1,3,1,2,1
SF,IH2009,2020-03-25 09:31:46.200,2601.0000,10332,0,178095540.000,0,-,-,-,-,2600.2000,2600.0000,2599.4000,2599.2000,2598.4000,2601.0000,2601.2000,2601.8000,2602.0000,2603.0000,1,10,1,2,1,1,1,1,1,2
SF,IH2009,2020-03-25 09:31:46.700,2601.0000,10333,1,178875840.000,1,1,0,双开,S,2600.2000,2600.0000,2599.4000,2599.2000,2598.4000,2601.2000,2601.8000,2602.0000,2603.0000,2603.2000,1,10,1,2,1,1,1,1,2,1
SF,IH2009,2020-03-25 09:31:47.200,2601.0000,10333,0,178875840.000,0,-,-,-,-,2600.2000,2600.0000,2599.4000,2599.2000,2598.4000,2601.2000,2601.8000,2602.0000,2603.0000,2603.2000,1,10,1,2,1,1,1,1,2,1
SF,IH2009,2020-03-25 09:31:47.700,2601.0000,10333,0,178875840.000,0,-,-,-,-,2600.2000,2600.0000,2599.4000,2598.4000,2595.4000,2601.0000,2601.2000,2601.8000,2602.0000,2603.0000,1,10,1,1,5,3,1,1,1,2
SF,IH2009,2020-03-25 09:31:48.200,2601.0000,10333,0,178875840.000,0,-,-,-,-,2600.2000,2600.0000,2599.4000,2598.4000,2595.4000,2601.0000,2601.2000,2601.8000,2602.0000,2603.0000,1,11,1,1,5,2,1,1,1,2
SF,IH2009,2020-03-25 09:31:49.700,2600.0000,10332,-1,183555900.000,6,2,4,多平,S,2600.0000,2599.4000,2598.4000,2595.4000,2593.0000,2601.0000,2601.2000,2601.8000,2602.0000,2603.0000,6,1,1,5,1,2,1,1,1,2
SF,IH2009,2020-03-25 09:31:50.200,2600.0000,10332,0,187455900.000,5,2,3,多换,S,2600.4000,2600.0000,2599.4000,2598.4000,2595.4000,2601.0000,2601.2000,2601.8000,2602.0000,2603.0000,1,1,1,1,5,3,1,1,1,2
SF,IH2009,2020-03-25 09:31:50.700,2600.4000,10332,0,188236020.000,1,0,1,多换,S,2600.0000,2599.4000,2598.4000,2595.4000,2593.0000,2600.8000,2601.0000,2601.2000,2602.8000,2603.0000,1,1,1,5,1,1,3,1,1,2
SF,IH2009,2020-03-25 09:31:51.200,2600.0000,10331,-1,189016020.000,1,0,1,双平,S,2599.4000,2598.4000,2593.0000,2591.6000,2591.0000,2601.0000,2601.2000,2602.8000,2603.0000,2603.2000,1,1,1,5,1,3,1,1,2,1
SF,IH2009,2020-03-25 09:31:51.700,2600.0000,10331,0,189016020.000,0,-,-,-,-,2598.4000,2597.6000,2593.0000,2591.6000,2591.0000,2599.4000,2600.8000,2601.0000,2601.2000,2602.8000,1,1,1,5,1,1,2,4,1,2
SF,IH2009,2020-03-25 09:31:52.200,2599.4000,10330,-1,189795840.000,1,0,1,双平,S,2599.4000,2598.4000,2597.6000,2593.0000,2591.6000,2600.2000,2600.8000,2601.0000,2601.2000,2602.8000,1,1,1,1,5,1,1,2,1,2
SF,IH2009,2020-03-25 09:31:52.700,2599.4000,10330,0,189795840.000,0,-,-,-,-,2599.4000,2598.4000,2597.6000,2593.0000,2591.6000,2600.0000,2600.2000,2601.0000,2601.2000,2602.8000,1,1,1,1,5,1,2,2,1,2
SF,IH2009,2020-03-25 09:31:53.200,2599.4000,10330,0,189795840.000,0,-,-,-,-,2599.4000,2598.4000,2597.6000,2593.0000,2591.6000,2600.0000,2600.2000,2601.0000,2602.8000,2603.0000,1,1,1,1,5,1,2,2,2,1
SF,IH2009,2020-03-25 09:31:53.700,2600.0000,10328,-2,191355660.000,2,0,2,双平,S,2600.0000,2599.6000,2598.4000,2597.6000,2593.0000,2600.2000,2600.8000,2601.0000,2602.8000,2603.0000,1,1,1,1,1,2,1,2,2,1
SF,IH2009,2020-03-25 09:31:54.200,2600.2000,10327,-1,192135720.000,1,0,1,双平,S,2600.0000,2599.6000,2599.4000,2599.2000,2598.4000,2600.8000,2601.0000,2602.8000,2603.0000,2603.2000,1,1,1,2,1,1,2,2,3,1
SF,IH2009,2020-03-25 09:31:54.700,2600.8000,10323,-4,195256800.000,4,0,4,双平,S,2600.0000,2599.6000,2599.2000,2598.4000,2593.0000,2602.8000,2603.0000,2603.2000,2603.4000,2603.6000,1,1,3,1,1,1,3,1,2,1
SF,IH2009,2020-03-25 09:31:55.200,2600.8000,10324,1,196037040.000,1,1,0,双开,S,2600.0000,2599.6000,2599.2000,2598.4000,2593.0000,2601.4000,2602.2000,2602.4000,2602.6000,2602.8000,1,1,1,1,1,1,1,3,3,1
SF,IH2009,2020-03-25 09:31:55.700,2601.4000,10322,-2,197597880.000,2,0,2,双平,S,2600.0000,2599.6000,2599.2000,2598.4000,2593.0000,2601.6000,2602.2000,2602.6000,2602.8000,2603.0000,1,1,1,1,1,1,1,3,1,3
SF,IH2009,2020-03-25 09:31:56.200,2601.4000,10322,0,197597880.000,0,-,-,-,-,2600.0000,2599.6000,2599.2000,2598.4000,2593.0000,2601.2000,2601.6000,2602.2000,2602.6000,2602.8000,1,1,1,1,1,1,1,1,3,1
SF,IH2009,2020-03-25 09:31:56.700,2601.4000,10322,0,197597880.000,0,-,-,-,-,2600.2000,2600.0000,2599.2000,2598.4000,2593.0000,2601.2000,2601.6000,2602.2000,2602.6000,2602.8000,1,1,1,1,1,1,1,1,3,1
SF,IH2009,2020-03-25 09:31:57.200,2601.6000,10320,-2,199158720.000,2,0,2,双平,S,2600.2000,2600.0000,2599.2000,2598.4000,2593.0000,2602.6000,2602.8000,2603.0000,2603.2000,2603.4000,1,1,1,1,1,3,1,3,1,2
SF,IH2009,2020-03-25 09:31:57.700,2601.6000,10320,0,199158720.000,0,-,-,-,-,2600.2000,2600.0000,2599.2000,2598.4000,2593.0000,2602.6000,2602.8000,2603.0000,2603.2000,2603.4000,1,1,1,1,1,3,1,3,1,2
SF,IH2009,2020-03-25 09:31:58.200,2601.6000,10320,0,199158720.000,0,-,-,-,-,2600.4000,2600.2000,2600.0000,2599.2000,2598.4000,2602.6000,2602.8000,2603.0000,2603.2000,2603.4000,1,1,1,1,1,3,1,3,1,2
SF,IH2009,2020-03-25 09:31:58.700,2602.4000,10321,1,199939440.000,1,1,0,双开,S,2600.2000,2600.0000,2599.2000,2598.4000,2593.0000,2602.6000,2602.8000,2603.0000,2603.2000,2603.4000,1,1,1,1,1,3,1,3,1,2
SF,IH2009,2020-03-25 09:31:59.200,2602.4000,10321,0,199939440.000,0,-,-,-,-,2600.6000,2600.0000,2599.2000,2598.4000,2593.0000,2602.6000,2602.8000,2603.0000,2603.2000,2603.4000,1,1,1,1,1,3,1,3,1,2
SF,IH2009,2020-03-25 09:31:59.700,2600.6000,10319,-2,201499800.000,2,0,2,双平,S,2600.0000,2599.2000,2598.4000,2593.0000,2591.6000,2600.6000,2602.4000,2602.6000,2602.8000,2603.0000,1,1,1,1,5,1,1,3,1,3
SF,IH2009,2020-03-25 09:32:00.200,2600.6000,10319,0,201499800.000,0,-,-,-,-,2600.2000,2599.2000,2598.4000,2593.0000,2591.6000,2602.4000,2602.6000,2602.8000,2603.0000,2603.2000,1,1,1,1,5,1,3,1,3,1
SF,IH2009,2020-03-25 09:32:00.700,2600.6000,10319,0,201499800.000,0,-,-,-,-,2599.2000,2598.4000,2593.0000,2591.6000,2591.0000,2602.2000,2602.4000,2602.8000,2603.0000,2603.2000,1,1,1,5,1,3,1,1,3,1
SF,IH2009,2020-03-25 09:32:01.200,2600.6000,10319,0,201499800.000,0,-,-,-,-,2599.4000,2599.2000,2599.0000,2598.4000,2593.0000,2602.2000,2602.8000,2603.0000,2603.2000,2603.4000,1,2,1,1,1,3,1,3,1,2
SF,IH2009,2020-03-25 09:32:01.700,2600.6000,10319,0,201499800.000,0,-,-,-,-,2599.2000,2599.0000,2598.4000,2593.0000,2591.6000,2602.0000,2602.2000,2602.8000,2603.0000,2603.2000,1,1,1,1,5,1,3,1,3,1
SF,IH2009,2020-03-25 09:32:02.200,2600.6000,10319,0,201499800.000,0,-,-,-,-,2599.6000,2599.4000,2599.2000,2599.0000,2598.4000,2601.8000,2602.0000,2602.2000,2602.8000,2603.0000,1,1,3,1,1,1,1,2,1,3
SF,IH2009,2020-03-25 09:32:03.200,2600.6000,10319,0,201499800.000,0,-,-,-,-,2599.6000,2599.4000,2599.2000,2599.0000,2598.4000,2601.8000,2602.0000,2602.2000,2602.8000,2603.0000,1,1,2,1,1,1,1,2,1,3
SF,IH2009,2020-03-25 09:32:03.700,2600.6000,10319,0,201499800.000,0,-,-,-,-,2599.8000,2599.6000,2599.2000,2599.0000,2598.4000,2601.8000,2602.2000,2602.8000,2603.0000,2603.2000,1,1,2,1,1,1,2,1,4,1
SF,IH2009,2020-03-25 09:32:04.200,2600.6000,10319,0,201499800.000,0,-,-,-,-,2599.8000,2599.2000,2599.0000,2598.4000,2593.0000,2601.8000,2602.2000,2602.8000,2603.0000,2603.2000,1,2,1,1,1,1,1,1,4,1
SF,IH2009,2020-03-25 09:32:04.700,2601.8000,10318,-1,202280340.000,1,0,1,双平,S,2601.8000,2600.0000,2599.8000,2599.2000,2599.0000,2602.0000,2602.2000,2602.8000,2603.0000,2603.2000,2,2,1,2,1,1,1,1,4,1
SF,IH2009,2020-03-25 09:32:05.200,2602.0000,10317,-1,203060940.000,1,0,1,双平,S,2602.2000,2602.0000,2600.0000,2599.8000,2599.2000,2602.8000,2603.0000,2603.2000,2603.4000,2603.6000,1,1,1,1,1,1,4,1,2,1
SF,IH2009,2020-03-25 09:32:05.700,2602.0000,10317,0,203060940.000,0,-,-,-,-,2602.0000,2600.2000,2600.0000,2599.8000,2599.2000,2602.8000,2603.0000,2603.2000,2603.4000,2603.6000,1,1,1,1,1,1,4,1,2,1
SF,IH2009,2020-03-25 09:32:06.200,2602.0000,10317,0,203060940.000,0,-,-,-,-,2600.8000,2600.2000,2600.0000,2599.8000,2599.2000,2602.8000,2603.0000,2603.2000,2603.4000,2603.6000,1,1,1,1,1,1,4,1,2,1
SF,IH2009,2020-03-25 09:32:06.700,2602.0000,10317,0,203060940.000,0,-,-,-,-,2601.0000,2600.8000,2600.2000,2600.0000,2599.8000,2602.6000,2602.8000,2603.0000,2603.2000,2603.4000,2,1,1,1,2,1,1,4,1,2
SF,IH2009,2020-03-25 09:32:07.700,2602.0000,10317,0,203060940.000,0,-,-,-,-,2601.2000,2601.0000,2600.8000,2600.2000,2599.8000,2602.6000,2602.8000,2603.0000,2603.2000,2603.4000,1,2,1,1,2,1,1,4,1,2
SF,IH2009,2020-03-25 09:32:08.200,2601.4000,10316,-1,203841360.000,1,0,1,双平,S,2601.2000,2600.8000,2600.2000,2599.8000,2599.2000,2602.6000,2602.8000,2603.0000,2603.2000,2603.4000,1,1,1,2,1,1,1,4,1,2
SF,IH2009,2020-03-25 09:32:08.700,2601.4000,10316,0,203841360.000,0,-,-,-,-,2601.4000,2601.2000,2600.8000,2600.2000,2599.8000,2602.6000,2602.8000,2603.0000,2603.2000,2603.4000,1,1,1,1,2,1,1,4,1,2
SF,IH2009,2020-03-25 09:32:09.200,2601.2000,10314,-2,205402140.000,2,0,2,双平,S,2600.8000,2600.2000,2600.0000,2599.8000,2599.2000,2601.4000,2602.6000,2602.8000,2603.0000,2603.2000,1,1,1,2,1,1,1,1,4,1
SF,IH2009,2020-03-25 09:32:09.700,2601.2000,10314,0,205402140.000,0,-,-,-,-,2600.8000,2600.2000,2600.0000,2599.8000,2599.2000,2602.6000,2602.8000,2603.0000,2603.2000,2603.4000,1,1,1,2,1,1,1,4,1,2
SF,IH2009,2020-03-25 09:32:10.200,2601.2000,10314,0,205402140.000,0,-,-,-,-,2600.8000,2600.2000,2600.0000,2599.8000,2599.2000,2601.0000,2602.6000,2602.8000,2603.0000,2603.2000,1,1,1,2,1,1,1,1,4,1
SF,IH2009,2020-03-25 09:32:10.700,2601.0000,10313,-1,206182440.000,1,0,1,双平,S,2601.0000,2600.8000,2600.2000,2600.0000,2599.8000,2602.6000,2602.8000,2603.0000,2603.2000,2603.4000,1,1,1,1,2,1,1,4,1,2
SF,IH2009,2020-03-25 09:32:11.200,2601.0000,10313,0,206962740.000,1,0,1,多换,S,2600.8000,2600.2000,2600.0000,2599.8000,2599.2000,2602.6000,2602.8000,2603.0000,2603.2000,2603.4000,1,1,1,2,1,1,1,4,1,2
SF,IH2009,2020-03-25 09:32:11.700,2601.0000,10313,0,206962740.000,0,-,-,-,-,2601.2000,2600.8000,2600.0000,2599.8000,2599.2000,2602.6000,2602.8000,2603.0000,2603.2000,2603.4000,2,1,1,2,1,1,1,4,1,2
SF,IH2009,2020-03-25 09:32:12.200,2601.0000,10313,0,206962740.000,0,-,-,-,-,2601.2000,2600.8000,2600.0000,2599.8000,2599.2000,2602.6000,2602.8000,2603.0000,2603.2000,2603.4000,1,1,1,2,1,1,1,4,1,2
SF,IH2009,2020-03-25 09:32:12.700,2601.0000,10313,0,206962740.000,0,-,-,-,-,2601.6000,2601.2000,2600.8000,2600.0000,2599.8000,2602.6000,2602.8000,2603.0000,2603.2000,2603.4000,1,1,1,1,2,1,1,4,1,2
SF,IH2009,2020-03-25 09:32:13.200,2601.0000,10313,0,206962740.000,0,-,-,-,-,2601.6000,2601.4000,2601.2000,2600.8000,2600.0000,2602.6000,2602.8000,2603.0000,2603.2000,2603.4000,1,1,1,1,1,1,1,4,1,2
SF,IH2009,2020-03-25 09:32:13.700,2601.0000,10313,0,206962740.000,0,-,-,-,-,2601.4000,2601.2000,2600.8000,2600.0000,2599.8000,2602.6000,2602.8000,2603.0000,2603.2000,2603.4000,1,1,1,1,2,1,1,4,1,2
SF,IH2009,2020-03-25 09:32:14.200,2601.0000,10313,0,206962740.000,0,-,-,-,-,2601.4000,2600.8000,2600.0000,2599.8000,2599.2000,2602.6000,2602.8000,2603.0000,2603.2000,2603.4000,1,1,1,2,1,1,1,4,1,2
SF,IH2009,2020-03-25 09:32:15.700,2601.4000,10312,-1,207743160.000,1,0,1,双平,S,2600.8000,2600.0000,2599.8000,2599.2000,2599.0000,2602.6000,2602.8000,2603.0000,2603.2000,2603.4000,1,1,2,1,1,1,1,4,1,2
SF,IH2009,2020-03-25 09:32:16.200,2601.4000,10312,0,207743160.000,0,-,-,-,-,2601.0000,2600.8000,2600.0000,2599.8000,2599.2000,2602.6000,2602.8000,2603.0000,2603.2000,2603.4000,1,1,1,2,1,1,1,4,1,2
SF,IH2009,2020-03-25 09:32:16.700,2601.4000,10312,0,207743160.000,0,-,-,-,-,2601.0000,2600.8000,2600.0000,2599.8000,2599.2000,2602.6000,2602.8000,2603.0000,2603.2000,2603.4000,1,1,1,2,1,1,1,4,1,2
SF,IH2009,2020-03-25 09:32:17.200,2601.4000,10312,0,207743160.000,0,-,-,-,-,2600.8000,2600.0000,2599.8000,2599.2000,2599.0000,2602.4000,2602.6000,2602.8000,2603.0000,2603.2000,1,1,2,1,1,1,1,1,4,1
SF,IH2009,2020-03-25 09:32:18.200,2601.4000,10312,0,207743160.000,0,-,-,-,-,2600.8000,2600.0000,2599.8000,2599.2000,2599.0000,2602.2000,2602.4000,2602.6000,2602.8000,2603.0000,1,1,2,1,1,1,1,1,1,4
SF,IH2009,2020-03-25 09:32:18.700,2601.4000,10312,0,207743160.000,0,-,-,-,-,2600.8000,2600.0000,2599.8000,2599.2000,2599.0000,2602.2000,2602.6000,2602.8000,2603.0000,2603.2000,1,1,2,1,1,1,1,1,4,1
SF,IH2009,2020-03-25 09:32:19.200,2601.4000,10312,0,207743160.000,0,-,-,-,-,2600.8000,2600.0000,2599.8000,2599.2000,2599.0000,2602.6000,2602.8000,2603.0000,2603.2000,2603.4000,1,1,2,1,1,1,1,4,1,2
SF,IH2009,2020-03-25 09:32:19.700,2602.6000,10312,0,208523940.000,1,0,1,多换,S,2600.8000,2600.0000,2599.8000,2599.2000,2599.0000,2602.8000,2603.0000,2603.2000,2603.4000,2603.6000,1,1,2,1,1,1,4,1,2,1
SF,IH2009,2020-03-25 09:32:20.200,2601.0000,10312,0,209304240.000,1,0,1,多换,S,2600.8000,2600.0000,2599.8000,2599.2000,2599.0000,2602.8000,2603.0000,2603.2000,2603.4000,2603.6000,1,1,1,1,1,1,4,1,2,1
SF,IH2009,2020-03-25 09:32:20.700,2601.0000,10312,0,209304240.000,0,-,-,-,-,2601.0000,2600.8000,2600.0000,2599.8000,2599.2000,2602.4000,2602.8000,2603.0000,2603.2000,2603.4000,1,1,1,1,1,1,1,4,1,2
SF,IH2009,2020-03-25 09:32:21.200,2602.8000,10310,-2,210865800.000,2,0,2,双平,S,2601.0000,2600.8000,2600.0000,2599.8000,2599.2000,2603.0000,2603.2000,2603.4000,2603.6000,2605.0000,1,1,1,1,1,4,1,2,1,5
SF,IH2009,2020-03-25 09:32:21.700,2602.8000,10310,0,210865800.000,0,-,-,-,-,2602.4000,2601.4000,2601.0000,2600.8000,2600.0000,2603.0000,2603.2000,2603.4000,2603.6000,2605.0000,1,1,1,1,1,4,1,2,1,5
SF,IH2009,2020-03-25 09:32:22.200,2603.0000,10310,0,211646700.000,1,0,1,多换,S,2602.4000,2601.4000,2601.0000,2600.8000,2600.0000,2603.0000,2603.2000,2603.4000,2603.6000,2605.0000,1,1,1,1,1,3,1,2,1,5
SF,IH2009,2020-03-25 09:32:22.700,2602.4000,10309,-1,212427420.000,1,0,1,双平,S,2601.4000,2601.0000,2600.8000,2600.0000,2599.2000,2603.0000,2603.2000,2603.4000,2603.6000,2605.0000,1,1,1,1,1,3,1,2,1,5
SF,IH2009,2020-03-25 09:32:23.200,2602.4000,10309,0,212427420.000,0,-,-,-,-,2602.6000,2601.4000,2601.0000,2600.8000,2600.0000,2603.0000,2603.2000,2603.4000,2603.6000,2605.0000,1,1,1,1,1,3,1,2,1,5
SF,IH2009,2020-03-25 09:32:24.700,2603.0000,10308,-1,213208320.000,1,0,1,双平,S,2602.6000,2601.4000,2601.0000,2600.8000,2600.0000,2603.0000,2603.2000,2603.4000,2603.6000,2605.0000,1,1,1,1,1,2,1,2,1,5
SF,IH2009,2020-03-25 09:32:25.200,2603.0000,10306,-2,214770120.000,2,0,2,双平,S,2602.6000,2601.4000,2601.0000,2600.8000,2600.0000,2603.2000,2603.4000,2603.6000,2605.0000,2605.8000,1,1,1,1,1,1,2,1,5,1
SF,IH2009,2020-03-25 09:32:25.700,2603.4000,10304,-2,216332100.000,2,0,2,双平,S,2602.6000,2601.4000,2601.0000,2600.8000,2600.0000,2603.4000,2603.6000,2605.0000,2605.8000,2606.0000,1,1,1,1,1,1,1,5,1,12
SF,IH2009,2020-03-25 09:32:26.200,2603.4000,10303,-1,217113120.000,1,0,1,双平,S,2602.6000,2601.4000,2601.0000,2600.8000,2600.0000,2603.6000,2605.0000,2605.8000,2606.0000,2607.0000,1,1,1,1,1,1,5,1,12,1
SF,IH2009,2020-03-25 09:32:26.700,2602.8000,10301,-2,220236780.000,4,1,3,多平,S,2602.6000,2601.4000,2601.0000,2600.8000,2600.0000,2605.0000,2605.8000,2606.0000,2607.0000,2607.6000,1,1,1,1,1,5,1,12,1,1
SF,IH2009,2020-03-25 09:32:27.200,2602.8000,10301,0,220236780.000,0,-,-,-,-,2602.8000,2602.6000,2601.4000,2601.0000,2600.8000,2605.0000,2605.8000,2606.0000,2607.0000,2607.6000,1,1,1,1,1,5,1,12,1,1
SF,IH2009,2020-03-25 09:32:27.700,2602.8000,10301,0,220236780.000,0,-,-,-,-,2602.8000,2602.6000,2601.0000,2600.8000,2600.0000,2605.0000,2605.8000,2606.0000,2607.0000,2607.6000,5,1,1,1,1,5,1,12,1,1
SF,IH2009,2020-03-25 09:32:28.200,2602.8000,10301,0,220236780.000,0,-,-,-,-,2604.0000,2603.8000,2603.0000,2602.8000,2602.6000,2605.0000,2605.8000,2606.0000,2607.0000,2607.6000,1,2,1,4,1,5,1,12,1,1
SF,IH2009,2020-03-25 09:32:28.700,2602.8000,10301,0,220236780.000,0,-,-,-,-,2604.0000,2603.8000,2603.2000,2603.0000,2602.8000,2605.0000,2605.8000,2606.0000,2607.0000,2607.6000,1,2,1,1,4,5,1,12,1,1
SF,IH2009,2020-03-25 09:32:29.200,2602.8000,10301,0,220236780.000,0,-,-,-,-,2603.8000,2603.2000,2603.0000,2602.8000,2602.6000,2605.0000,2605.8000,2606.0000,2607.0000,2607.6000,2,1,1,3,1,5,1,12,1,1
SF,IH2009,2020-03-25 09:32:29.700,2605.0000,10300,-1,221018280.000,1,0,1,双平,S,2604.0000,2603.8000,2603.2000,2603.0000,2602.8000,2605.0000,2605.8000,2606.0000,2607.0000,2607.6000,1,2,1,1,3,4,1,12,1,1
SF,IH2009,2020-03-25 09:32:30.200,2603.8000,10300,0,222580620.000,2,1,1,多换,S,2603.8000,2603.2000,2603.0000,2602.8000,2602.6000,2605.0000,2605.8000,2606.0000,2607.0000,2607.6000,1,1,1,3,1,4,1,12,1,1
SF,IH2009,2020-03-25 09:32:30.700,2603.8000,10300,0,222580620.000,0,-,-,-,-,2603.2000,2603.0000,2602.8000,2602.6000,2600.0000,2605.0000,2605.8000,2606.0000,2607.0000,2607.6000,2,1,3,1,1,4,1,12,1,1
SF,IH2009,2020-03-25 09:32:31.200,2603.8000,10300,0,222580620.000,0,-,-,-,-,2603.8000,2603.2000,2603.0000,2602.6000,2600.0000,2605.0000,2605.8000,2606.0000,2607.0000,2607.6000,1,2,1,1,1,4,1,12,1,1
SF,IH2009,2020-03-25 09:32:31.700,2603.8000,10300,0,223361760.000,1,0,1,多换,S,2603.4000,2603.2000,2603.0000,2602.6000,2600.0000,2605.0000,2605.8000,2606.0000,2607.0000,2607.6000,3,2,1,1,1,4,1,12,1,1
SF,IH2009,2020-03-25 09:32:32.200,2603.8000,10300,0,223361760.000,0,-,-,-,-,2603.4000,2603.2000,2602.6000,2600.0000,2599.2000,2605.0000,2605.8000,2606.0000,2607.0000,2607.6000,3,2,1,1,5,3,1,12,1,1
SF,IH2009,2020-03-25 09:32:32.700,2603.8000,10300,0,223361760.000,0,-,-,-,-,2603.2000,2602.6000,2600.0000,2599.2000,2599.0000,2605.0000,2605.8000,2606.0000,2607.0000,2607.6000,2,1,1,5,1,3,1,12,1,1
SF,IH2009,2020-03-25 09:32:33.700,2603.8000,10300,0,223361760.000,0,-,-,-,-,2604.8000,2603.2000,2602.6000,2600.0000,2599.2000,2605.0000,2605.8000,2606.0000,2607.0000,2607.6000,1,2,1,1,5,3,1,12,1,1
SF,IH2009,2020-03-25 09:32:34.200,2604.8000,10300,0,224143200.000,1,0,1,多换,S,2604.4000,2603.4000,2603.2000,2602.6000,2600.0000,2605.0000,2605.8000,2606.0000,2607.0000,2607.6000,1,2,2,1,1,3,1,12,1,1
SF,IH2009,2020-03-25 09:32:35.700,2605.0000,10299,-1,224924700.000,1,0,1,双平,S,2603.4000,2603.2000,2602.6000,2600.0000,2599.2000,2605.0000,2605.8000,2606.0000,2607.0000,2607.6000,2,2,1,1,5,2,1,12,1,1
SF,IH2009,2020-03-25 09:32:36.200,2605.0000,10299,0,225706200.000,1,0,1,多换,S,2603.4000,2603.2000,2602.6000,2600.0000,2599.2000,2605.0000,2605.8000,2606.0000,2607.0000,2607.8000,2,2,1,1,5,1,1,12,1,1
SF,IH2009,2020-03-25 09:32:37.200,2605.0000,10299,0,225706200.000,0,-,-,-,-,2603.6000,2603.4000,2603.2000,2602.6000,2600.0000,2605.0000,2605.8000,2606.0000,2607.0000,2607.8000,1,2,2,1,1,2,1,12,1,1
SF,IH2009,2020-03-25 09:32:37.700,2605.0000,10299,0,225706200.000,0,-,-,-,-,2603.6000,2603.4000,2603.2000,2602.6000,2600.0000,2605.0000,2605.8000,2606.0000,2607.0000,2607.8000,2,2,1,1,1,3,1,12,1,1
SF,IH2009,2020-03-25 09:32:38.200,2605.0000,10299,0,225706200.000,0,-,-,-,-,2603.6000,2603.4000,2603.2000,2602.6000,2600.0000,2605.0000,2605.8000,2606.0000,2607.0000,2607.8000,2,2,1,1,1,4,1,12,1,1
SF,IH2009,2020-03-25 09:32:38.700,2605.0000,10295,-4,228832200.000,4,0,4,双平,S,2603.6000,2603.4000,2603.2000,2602.6000,2600.0000,2605.8000,2606.0000,2607.0000,2607.8000,2608.0000,2,2,1,1,1,1,12,1,1,2
SF,IH2009,2020-03-25 09:32:39.200,2605.0000,10295,0,228832200.000,0,-,-,-,-,2605.4000,2605.2000,2603.8000,2603.6000,2603.4000,2605.8000,2606.0000,2607.0000,2607.8000,2608.0000,1,1,1,1,2,1,12,1,1,2
SF,IH2009,2020-03-25 09:32:39.700,2605.2000,10294,-1,230395380.000,2,0,2,多平,S,2603.8000,2603.4000,2603.2000,2602.6000,2600.0000,2605.8000,2606.0000,2607.0000,2607.8000,2608.0000,1,2,1,1,1,1,12,1,1,2
SF,IH2009,2020-03-25 09:32:40.200,2605.8000,10294,0,231177120.000,1,0,1,多换,S,2604.0000,2603.8000,2603.4000,2603.2000,2602.6000,2606.0000,2607.0000,2607.8000,2608.0000,2609.8000,1,1,2,1,1,12,1,1,2,1
SF,IH2009,2020-03-25 09:32:41.200,2605.8000,10294,0,231177120.000,0,-,-,-,-,2604.8000,2604.0000,2603.8000,2603.4000,2603.2000,2606.0000,2607.0000,2607.8000,2608.0000,2609.8000,1,1,1,2,1,12,1,1,2,1
SF,IH2009,2020-03-25 09:32:41.700,2605.8000,10294,0,231177120.000,0,-,-,-,-,2604.8000,2603.8000,2603.4000,2603.2000,2602.6000,2606.0000,2607.0000,2607.8000,2608.0000,2609.8000,1,1,2,1,1,12,1,1,2,1
SF,IH2009,2020-03-25 09:32:42.200,2605.8000,10294,0,231177120.000,0,-,-,-,-,2605.0000,2604.8000,2603.8000,2603.4000,2602.6000,2606.0000,2607.0000,2607.8000,2608.0000,2609.8000,1,1,1,2,1,12,1,1,2,1
SF,IH2009,2020-03-25 09:32:42.700,2606.0000,10294,0,231958920.000,1,0,1,多换,S,2605.2000,2605.0000,2604.8000,2603.8000,2603.4000,2606.0000,2607.0000,2607.8000,2608.0000,2609.8000,1,1,1,2,2,11,1,1,2,1
SF,IH2009,2020-03-25 09:32:43.200,2606.0000,10294,0,231958920.000,0,-,-,-,-,2604.8000,2604.6000,2603.8000,2603.4000,2602.6000,2605.2000,2606.0000,2607.0000,2607.8000,2608.0000,1,1,2,2,1,1,11,1,1,2
SF,IH2009,2020-03-25 09:32:43.700,2605.4000,10293,-1,232740540.000,1,0,1,双平,S,2605.4000,2605.2000,2604.8000,2604.6000,2603.8000,2606.0000,2607.0000,2607.8000,2608.0000,2609.8000,1,2,1,1,1,11,1,1,2,1
SF,IH2009,2020-03-25 09:32:44.200,2606.0000,10293,0,233522340.000,1,0,1,多换,S,2604.8000,2604.6000,2603.8000,2603.4000,2602.6000,2606.0000,2607.0000,2607.8000,2608.0000,2609.8000,1,1,1,2,1,10,1,1,2,1
SF,IH2009,2020-03-25 09:32:44.700,2606.0000,10293,0,233522340.000,0,-,-,-,-,2605.6000,2604.8000,2604.6000,2603.8000,2603.4000,2606.0000,2607.0000,2607.8000,2608.0000,2609.8000,1,1,1,1,2,10,1,1,2,1
SF,IH2009,2020-03-25 09:32:45.200,2606.0000,10291,-2,235867620.000,3,0,3,多平,S,2604.6000,2603.8000,2603.4000,2602.6000,2600.0000,2606.0000,2607.0000,2607.8000,2608.0000,2609.8000,1,1,2,1,1,8,1,1,2,1
SF,IH2009,2020-03-25 09:32:45.700,2606.0000,10291,0,235867620.000,0,-,-,-,-,2605.2000,2604.6000,2603.8000,2603.4000,2602.6000,2606.0000,2607.0000,2607.8000,2608.0000,2609.8000,1,1,1,2,1,8,1,1,2,1
SF,IH2009,2020-03-25 09:32:46.200,2606.0000,10291,0,236649420.000,1,0,1,多换,S,2605.2000,2604.6000,2603.8000,2603.4000,2602.6000,2606.0000,2607.0000,2607.8000,2608.0000,2609.8000,1,3,1,2,1,7,1,1,2,1
SF,IH2009,2020-03-25 09:32:46.700,2606.0000,10284,-7,242122020.000,7,0,7,双平,S,2606.2000,2605.2000,2604.6000,2603.8000,2603.4000,2607.0000,2607.8000,2608.0000,2609.8000,2610.0000,2,1,3,1,2,1,1,2,1,4
SF,IH2009,2020-03-25 09:32:47.200,2606.0000,10284,0,242122020.000,0,-,-,-,-,2606.2000,2606.0000,2605.2000,2604.6000,2603.8000,2607.0000,2607.8000,2608.0000,2609.8000,2610.0000,2,1,1,3,1,1,1,2,1,4
SF,IH2009,2020-03-25 09:32:47.700,2606.0000,10284,0,242122020.000,0,-,-,-,-,2606.2000,2606.0000,2605.2000,2604.6000,2603.8000,2607.0000,2607.8000,2608.0000,2609.8000,2610.0000,2,1,1,3,1,1,1,2,1,4
SF,IH2009,2020-03-25 09:32:48.200,2607.0000,10284,0,242904120.000,1,0,1,多换,S,2606.2000,2606.0000,2605.2000,2604.6000,2603.8000,2607.8000,2608.0000,2609.8000,2610.0000,2610.8000,1,1,1,3,1,1,2,1,4,2
SF,IH2009,2020-03-25 09:32:48.700,2606.2000,10283,-1,243685980.000,1,0,1,双平,S,2606.0000,2605.2000,2604.6000,2603.8000,2602.6000,2607.8000,2608.0000,2609.8000,2610.0000,2610.8000,1,1,3,1,1,1,2,1,4,2
SF,IH2009,2020-03-25 09:32:49.200,2605.2000,10282,-1,245249340.000,2,0,2,多平,S,2604.6000,2603.8000,2602.6000,2600.0000,2599.2000,2607.0000,2607.6000,2607.8000,2608.0000,2609.8000,1,1,1,1,5,1,1,1,2,1
SF,IH2009,2020-03-25 09:32:49.700,2605.2000,10282,0,245249340.000,0,-,-,-,-,2604.8000,2604.6000,2603.8000,2602.6000,2600.0000,2607.0000,2607.6000,2607.8000,2608.0000,2609.8000,1,1,1,1,1,1,2,1,2,1
SF,IH2009,2020-03-25 09:32:51.200,2605.2000,10282,0,245249340.000,0,-,-,-,-,2605.0000,2604.8000,2604.6000,2603.8000,2602.6000,2607.0000,2607.6000,2607.8000,2608.0000,2609.8000,2,1,1,1,1,1,1,1,2,1
SF,IH2009,2020-03-25 09:32:51.700,2605.2000,10282,0,245249340.000,0,-,-,-,-,2605.2000,2605.0000,2604.8000,2604.6000,2603.8000,2607.0000,2607.6000,2607.8000,2608.0000,2609.8000,1,2,1,1,1,1,1,1,2,1
SF,IH2009,2020-03-25 09:32:52.200,2607.0000,10283,1,246031440.000,1,1,0,双开,S,2605.4000,2605.2000,2605.0000,2604.8000,2604.6000,2607.0000,2607.6000,2607.8000,2608.0000,2609.8000,1,1,2,1,1,1,1,1,2,1
SF,IH2009,2020-03-25 09:32:52.700,2607.0000,10283,0,246031440.000,0,-,-,-,-,2605.4000,2605.0000,2604.8000,2604.6000,2603.8000,2607.0000,2607.2000,2607.6000,2607.8000,2608.0000,1,2,1,1,1,1,3,1,1,2
SF,IH2009,2020-03-25 09:32:54.200,2607.0000,10283,0,246031440.000,0,-,-,-,-,2605.4000,2605.0000,2604.8000,2604.6000,2603.8000,2607.0000,2607.2000,2607.6000,2607.8000,2608.0000,1,2,1,1,1,1,3,1,1,3
SF,IH2009,2020-03-25 09:32:54.700,2607.0000,10282,-1,246813540.000,1,0,1,双平,S,2605.4000,2605.0000,2604.8000,2604.6000,2603.8000,2607.2000,2607.6000,2607.8000,2608.0000,2609.8000,1,2,1,1,1,3,1,1,3,1
SF,IH2009,2020-03-25 09:32:55.700,2607.0000,10282,0,246813540.000,0,-,-,-,-,2605.4000,2605.0000,2604.8000,2604.6000,2603.8000,2607.2000,2607.6000,2607.8000,2608.0000,2609.8000,1,2,1,1,1,3,1,1,3,1
SF,IH2009,2020-03-25 09:32:56.200,2605.4000,10281,-1,247595160.000,1,0,1,双平,S,2605.0000,2604.8000,2604.6000,2603.8000,2602.6000,2607.0000,2607.2000,2607.6000,2607.8000,2608.0000,1,1,1,1,1,2,3,1,1,3
SF,IH2009,2020-03-25 09:32:56.700,2605.4000,10281,0,247595160.000,0,-,-,-,-,2604.8000,2604.6000,2603.8000,2602.6000,2600.0000,2606.8000,2607.0000,2607.2000,2607.8000,2608.0000,1,1,1,1,1,1,2,3,1,3
SF,IH2009,2020-03-25 09:32:57.200,2605.4000,10281,0,247595160.000,0,-,-,-,-,2604.8000,2604.6000,2603.8000,2602.6000,2600.0000,2606.6000,2606.8000,2607.0000,2607.2000,2607.8000,1,1,1,1,1,1,1,2,3,1
SF,IH2009,2020-03-25 09:32:57.700,2605.4000,10281,0,247595160.000,0,-,-,-,-,2604.8000,2604.6000,2603.8000,2602.6000,2600.0000,2606.4000,2606.6000,2607.0000,2607.2000,2607.8000,1,1,1,1,1,2,1,2,3,1
SF,IH2009,2020-03-25 09:32:58.200,2604.6000,10280,-1,249157980.000,2,0,2,多平,S,2603.8000,2602.6000,2600.0000,2599.2000,2599.0000,2606.4000,2606.6000,2607.0000,2607.2000,2607.8000,1,1,1,5,1,2,1,2,3,1
SF,IH2009,2020-03-25 09:32:58.700,2604.6000,10280,0,249157980.000,0,-,-,-,-,2603.8000,2602.6000,2600.0000,2599.2000,2599.0000,2606.2000,2606.4000,2606.6000,2607.0000,2607.2000,1,1,1,5,1,2,2,1,2,3
SF,IH2009,2020-03-25 09:32:59.200,2606.0000,10280,0,249939780.000,1,0,1,多换,S,2603.8000,2602.6000,2600.0000,2599.2000,2599.0000,2606.0000,2606.2000,2606.4000,2606.6000,2607.0000,1,1,1,5,1,1,2,1,1,2
SF,IH2009,2020-03-25 09:32:59.700,2606.0000,10280,0,249939780.000,0,-,-,-,-,2603.8000,2602.6000,2600.0000,2599.2000,2599.0000,2605.8000,2606.0000,2606.2000,2606.4000,2606.6000,1,1,1,5,1,2,1,1,1,1
SF,IH2009,2020-03-25 09:33:00.200,2606.0000,10280,0,249939780.000,0,-,-,-,-,2603.8000,2602.6000,2600.0000,2599.2000,2599.0000,2605.8000,2606.0000,2606.2000,2606.4000,2606.6000,1,1,1,5,1,2,1,1,1,1
SF,IH2009,2020-03-25 09:33:00.700,2606.0000,10280,0,249939780.000,0,-,-,-,-,2603.8000,2602.6000,2600.0000,2599.2000,2599.0000,2605.8000,2606.0000,2606.2000,2606.4000,2607.2000,1,1,1,5,1,2,1,1,1,3
SF,IH2009,2020-03-25 09:33:01.200,2605.8000,10278,-2,251503260.000,2,0,2,双平,S,2603.8000,2602.6000,2600.0000,2599.2000,2599.0000,2606.4000,2607.2000,2607.8000,2608.0000,2609.8000,1,1,1,5,1,1,3,1,3,1
SF,IH2009,2020-03-25 09:33:01.700,2604.0000,10279,1,252284460.000,1,1,0,双开,S,2604.0000,2603.8000,2602.6000,2600.0000,2599.2000,2607.2000,2607.8000,2608.0000,2609.8000,2610.0000,2,1,1,1,5,3,1,3,1,5
SF,IH2009,2020-03-25 09:33:02.200,2604.0000,10279,0,252284460.000,0,-,-,-,-,2604.2000,2604.0000,2603.8000,2602.6000,2600.0000,2607.2000,2607.8000,2608.0000,2609.8000,2610.0000,1,6,1,1,1,3,1,3,1,5
SF,IH2009,2020-03-25 09:33:02.700,2604.0000,10279,0,252284460.000,0,-,-,-,-,2604.4000,2604.2000,2604.0000,2603.8000,2602.6000,2607.2000,2607.8000,2608.0000,2609.8000,2610.0000,7,1,5,1,1,3,1,3,1,5
SF,IH2009,2020-03-25 09:33:03.200,2604.0000,10279,0,252284460.000,0,-,-,-,-,2604.8000,2604.4000,2604.2000,2604.0000,2603.8000,2607.2000,2607.8000,2608.0000,2609.8000,2610.0000,1,7,1,4,1,3,1,3,1,5
SF,IH2009,2020-03-25 09:33:03.700,2607.2000,10279,0,253066620.000,1,0,1,多换,S,2605.0000,2604.8000,2604.4000,2604.2000,2604.0000,2607.2000,2607.8000,2608.0000,2609.8000,2610.0000,1,1,6,1,3,2,1,3,1,5
SF,IH2009,2020-03-25 09:33:04.200,2605.0000,10279,0,253848120.000,1,0,1,多换,S,2604.8000,2604.4000,2604.2000,2604.0000,2603.8000,2607.0000,2607.2000,2607.8000,2608.0000,2609.8000,1,4,1,3,1,1,2,1,3,1
SF,IH2009,2020-03-25 09:33:04.700,2605.0000,10278,-1,254629620.000,1,0,1,双平,S,2604.8000,2604.4000,2604.2000,2604.0000,2603.8000,2607.0000,2607.2000,2607.8000,2608.0000,2609.8000,1,2,1,4,1,1,2,1,3,1
SF,IH2009,2020-03-25 09:33:05.200,2605.0000,10278,0,254629620.000,0,-,-,-,-,2605.2000,2604.2000,2604.0000,2603.8000,2602.6000,2607.0000,2607.2000,2607.8000,2608.0000,2609.8000,2,1,1,1,1,1,2,1,3,1
SF,IH2009,2020-03-25 09:33:05.700,2605.0000,10278,0,254629620.000,0,-,-,-,-,2605.2000,2604.2000,2604.0000,2603.8000,2602.6000,2606.8000,2607.0000,2607.2000,2607.8000,2608.0000,2,1,1,1,1,2,1,2,1,3
SF,IH2009,2020-03-25 09:33:06.200,2605.2000,10277,-1,256192740.000,2,0,2,多平,S,2604.2000,2604.0000,2603.8000,2602.6000,2600.6000,2606.8000,2607.0000,2607.2000,2607.8000,2608.0000,1,1,1,1,1,2,1,2,1,3
SF,IH2009,2020-03-25 09:33:06.700,2605.2000,10277,0,256192740.000,0,-,-,-,-,2604.2000,2604.0000,2603.8000,2602.6000,2600.6000,2606.6000,2606.8000,2607.2000,2607.8000,2608.0000,1,1,1,1,1,1,2,2,1,3
SF,IH2009,2020-03-25 09:33:07.200,2605.2000,10277,0,256192740.000,0,-,-,-,-,2604.4000,2604.2000,2604.0000,2603.8000,2602.6000,2606.6000,2606.8000,2607.2000,2607.8000,2608.0000,1,1,1,1,1,1,1,2,1,3
SF,IH2009,2020-03-25 09:33:07.700,2605.2000,10277,0,256192740.000,0,-,-,-,-,2604.4000,2604.2000,2604.0000,2603.8000,2602.6000,2606.6000,2606.8000,2607.2000,2607.8000,2608.0000,1,1,1,1,1,1,1,2,1,3
SF,IH2009,2020-03-25 09:33:08.200,2605.2000,10277,0,256192740.000,0,-,-,-,-,2604.2000,2604.0000,2603.8000,2602.6000,2600.0000,2606.4000,2606.6000,2606.8000,2607.2000,2607.8000,1,1,1,1,1,1,1,1,2,1
SF,IH2009,2020-03-25 09:33:08.700,2605.2000,10277,0,256192740.000,0,-,-,-,-,2604.2000,2604.0000,2603.8000,2600.0000,2599.2000,2606.2000,2606.4000,2606.8000,2607.2000,2607.8000,1,1,1,1,5,1,1,1,2,1
SF,IH2009,2020-03-25 09:33:09.200,2605.2000,10277,0,256192740.000,0,-,-,-,-,2604.2000,2604.0000,2603.8000,2600.0000,2599.2000,2606.0000,2606.2000,2606.4000,2606.8000,2607.2000,1,1,1,1,5,1,1,1,1,2
SF,IH2009,2020-03-25 09:33:09.700,2605.2000,10277,0,256192740.000,0,-,-,-,-,2604.2000,2604.0000,2603.8000,2600.0000,2599.2000,2606.0000,2606.2000,2606.4000,2606.8000,2607.2000,1,1,1,1,5,1,1,1,1,2
SF,IH2009,2020-03-25 09:33:10.200,2605.8000,10276,-1,257755740.000,2,0,2,多平,S,2604.0000,2603.8000,2600.0000,2599.2000,2599.0000,2606.0000,2606.2000,2606.4000,2607.2000,2607.8000,1,1,1,5,1,1,1,1,2,1
SF,IH2009,2020-03-25 09:33:10.700,2605.8000,10276,0,257755740.000,0,-,-,-,-,2604.0000,2603.8000,2600.0000,2599.2000,2599.0000,2604.2000,2605.8000,2606.0000,2606.2000,2606.4000,1,1,1,5,1,1,1,1,1,1
SF,IH2009,2020-03-25 09:33:11.200,2604.2000,10275,-1,258537000.000,1,0,1,双平,S,2604.0000,2603.8000,2600.0000,2599.2000,2599.0000,2605.8000,2606.0000,2606.2000,2607.2000,2607.8000,1,1,1,5,1,1,1,1,2,1
SF,IH2009,2020-03-25 09:33:11.700,2604.2000,10275,0,258537000.000,0,-,-,-,-,2604.8000,2604.0000,2603.8000,2600.0000,2599.2000,2605.8000,2606.2000,2607.2000,2607.8000,2608.0000,1,1,1,1,5,1,1,2,1,3
SF,IH2009,2020-03-25 09:33:12.200,2604.2000,10275,0,258537000.000,0,-,-,-,-,2604.8000,2604.0000,2603.8000,2600.0000,2599.2000,2605.8000,2607.2000,2607.8000,2608.0000,2609.8000,1,1,1,1,5,1,2,1,3,1
SF,IH2009,2020-03-25 09:33:12.700,2604.2000,10275,0,258537000.000,0,-,-,-,-,2604.8000,2604.0000,2603.8000,2600.0000,2599.2000,2605.8000,2607.2000,2607.8000,2608.0000,2609.8000,1,1,1,1,5,2,2,1,3,1
SF,IH2009,2020-03-25 09:33:13.200,2605.6000,10274,-1,260100120.000,2,0,2,多平,S,2604.0000,2603.8000,2600.0000,2599.2000,2599.0000,2605.8000,2607.2000,2607.8000,2608.0000,2609.8000,1,1,2,5,1,2,2,1,3,1
SF,IH2009,2020-03-25 09:33:13.700,2605.6000,10274,0,260100120.000,0,-,-,-,-,2604.2000,2604.0000,2603.8000,2600.0000,2599.2000,2605.8000,2607.2000,2607.8000,2608.0000,2609.8000,2,1,1,2,5,1,2,1,3,1
SF,IH2009,2020-03-25 09:33:14.200,2605.6000,10274,0,260100120.000,0,-,-,-,-,2604.2000,2604.0000,2603.8000,2600.0000,2599.2000,2605.8000,2607.2000,2607.8000,2608.0000,2609.8000,2,1,1,2,5,1,2,1,3,1
SF,IH2009,2020-03-25 09:33:15.200,2605.6000,10274,0,260881800.000,1,0,1,多换,S,2604.2000,2603.8000,2600.0000,2599.2000,2599.0000,2604.8000,2605.8000,2607.2000,2607.8000,2608.0000,1,1,2,5,1,1,1,2,1,3
SF,IH2009,2020-03-25 09:33:15.700,2604.8000,10273,-1,261663240.000,1,0,1,双平,S,2603.8000,2600.0000,2599.2000,2599.0000,2598.0000,2605.8000,2607.2000,2607.8000,2608.0000,2609.8000,1,2,5,1,1,1,2,1,3,1
SF,IH2009,2020-03-25 09:33:16.200,2604.8000,10273,0,261663240.000,0,-,-,-,-,2603.8000,2600.0000,2599.2000,2599.0000,2598.0000,2605.6000,2605.8000,2607.2000,2607.8000,2608.0000,1,2,5,1,1,4,1,2,1,3
SF,IH2009,2020-03-25 09:33:16.700,2604.8000,10273,0,261663240.000,0,-,-,-,-,2604.0000,2603.8000,2600.0000,2599.2000,2599.0000,2605.6000,2605.8000,2607.2000,2607.8000,2608.0000,1,1,2,5,1,3,1,2,1,3
SF,IH2009,2020-03-25 09:33:17.200,2605.6000,10270,-3,264008280.000,3,0,3,双平,S,2604.2000,2604.0000,2603.8000,2600.0000,2599.2000,2605.8000,2607.2000,2607.8000,2608.0000,2608.2000,1,1,1,2,5,1,2,1,3,5
SF,IH2009,2020-03-25 09:33:17.700,2605.6000,10270,0,264008280.000,0,-,-,-,-,2604.4000,2604.0000,2603.8000,2600.0000,2599.2000,2607.2000,2607.8000,2608.0000,2608.2000,2609.8000,2,1,1,2,5,2,1,3,5,1
SF,IH2009,2020-03-25 09:33:18.200,2604.8000,10269,-1,264789720.000,1,0,1,双平,S,2604.4000,2604.0000,2603.8000,2600.0000,2599.2000,2607.0000,2607.2000,2607.8000,2608.0000,2608.2000,3,1,1,2,5,1,2,1,3,5
SF,IH2009,2020-03-25 09:33:18.700,2604.8000,10269,0,264789720.000,0,-,-,-,-,2604.4000,2604.0000,2603.8000,2600.0000,2599.2000,2606.8000,2607.0000,2607.2000,2607.8000,2608.0000,3,1,1,2,5,1,1,2,1,3
SF,IH2009,2020-03-25 09:33:19.200,2604.8000,10269,0,264789720.000,0,-,-,-,-,2604.6000,2604.4000,2604.0000,2603.8000,2600.0000,2606.6000,2606.8000,2607.2000,2607.8000,2608.0000,1,3,1,1,2,1,1,2,1,3
SF,IH2009,2020-03-25 09:33:19.700,2604.8000,10269,0,264789720.000,0,-,-,-,-,2605.6000,2604.8000,2604.6000,2604.4000,2604.0000,2606.6000,2607.2000,2607.8000,2608.0000,2608.2000,1,3,2,2,1,1,2,1,3,5
SF,IH2009,2020-03-25 09:33:20.200,2604.8000,10269,0,264789720.000,0,-,-,-,-,2605.8000,2605.6000,2604.8000,2604.4000,2604.0000,2607.2000,2607.8000,2608.0000,2608.2000,2609.8000,1,1,2,2,1,2,1,3,5,1
SF,IH2009,2020-03-25 09:33:20.700,2604.8000,10269,0,264789720.000,0,-,-,-,-,2605.8000,2605.6000,2604.8000,2604.4000,2604.0000,2607.2000,2607.8000,2608.0000,2608.2000,2609.8000,1,1,2,1,1,2,1,3,5,1
SF,IH2009,2020-03-25 09:33:21.200,2605.8000,10269,0,265571460.000,1,0,1,多换,S,2605.6000,2604.8000,2604.4000,2604.2000,2604.0000,2607.0000,2607.2000,2607.8000,2608.0000,2608.2000,1,1,1,1,1,1,2,1,3,5
SF,IH2009,2020-03-25 09:33:21.700,2605.8000,10269,0,265571460.000,0,-,-,-,-,2605.8000,2605.6000,2604.8000,2604.4000,2604.2000,2607.2000,2607.8000,2608.0000,2608.2000,2609.8000,1,1,1,1,1,2,1,3,5,1
SF,IH2009,2020-03-25 09:33:22.200,2605.6000,10268,-1,267134880.000,2,0,2,多平,S,2604.4000,2604.2000,2604.0000,2600.0000,2599.2000,2607.0000,2607.2000,2607.8000,2608.0000,2608.2000,1,1,2,2,5,3,2,1,3,5
SF,IH2009,2020-03-25 09:33:22.700,2605.6000,10268,0,267134880.000,0,-,-,-,-,2604.6000,2604.4000,2604.2000,2604.0000,2600.0000,2606.8000,2607.0000,2607.2000,2607.8000,2608.0000,1,1,1,2,2,1,2,2,1,3
SF,IH2009,2020-03-25 09:33:23.200,2605.6000,10268,0,267134880.000,0,-,-,-,-,2605.2000,2604.6000,2604.4000,2604.2000,2604.0000,2606.6000,2606.8000,2607.0000,2607.2000,2607.8000,1,1,1,1,2,1,1,2,2,1
SF,IH2009,2020-03-25 09:33:23.700,2605.6000,10268,0,267134880.000,0,-,-,-,-,2604.4000,2604.2000,2604.0000,2600.0000,2599.2000,2606.4000,2606.6000,2607.0000,2607.2000,2607.8000,1,1,2,2,5,1,1,2,2,1
SF,IH2009,2020-03-25 09:33:24.200,2606.6000,10268,0,267916860.000,1,0,1,多换,S,2606.6000,2605.4000,2604.6000,2604.4000,2604.2000,2607.2000,2607.8000,2608.0000,2608.2000,2609.8000,1,1,3,1,1,2,1,3,5,1
SF,IH2009,2020-03-25 09:33:24.700,2606.6000,10268,0,268698840.000,1,0,1,多换,S,2605.4000,2604.4000,2604.2000,2604.0000,2600.0000,2605.6000,2606.6000,2607.0000,2607.2000,2607.8000,1,1,1,2,2,1,1,1,2,1
SF,IH2009,2020-03-25 09:33:25.200,2605.6000,10268,0,269480520.000,1,0,1,多换,S,2605.4000,2604.4000,2604.2000,2604.0000,2600.0000,2606.6000,2607.2000,2607.8000,2608.0000,2608.2000,1,1,1,2,2,1,2,1,3,5
SF,IH2009,2020-03-25 09:33:25.700,2605.6000,10268,0,269480520.000,0,-,-,-,-,2604.4000,2604.2000,2604.0000,2600.0000,2599.2000,2606.4000,2606.6000,2607.2000,2607.8000,2608.0000,1,1,2,2,5,1,1,2,1,3
SF,IH2009,2020-03-25 09:33:26.200,2605.6000,10268,0,269480520.000,0,-,-,-,-,2604.4000,2604.2000,2604.0000,2600.0000,2599.2000,2606.2000,2606.6000,2607.2000,2607.8000,2608.0000,1,1,2,1,5,1,1,2,1,3
SF,IH2009,2020-03-25 09:33:26.700,2605.6000,10268,0,269480520.000,0,-,-,-,-,2604.6000,2604.4000,2604.2000,2604.0000,2600.0000,2606.6000,2607.2000,2607.8000,2608.0000,2608.2000,3,1,1,2,1,1,2,1,3,5
SF,IH2009,2020-03-25 09:33:27.200,2605.6000,10268,0,269480520.000,0,-,-,-,-,2604.6000,2604.4000,2604.2000,2604.0000,2600.0000,2606.4000,2606.6000,2607.2000,2607.8000,2608.0000,2,1,1,2,1,1,1,2,1,3
SF,IH2009,2020-03-25 09:33:27.700,2605.6000,10268,0,269480520.000,0,-,-,-,-,2604.6000,2604.4000,2604.2000,2604.0000,2600.0000,2606.2000,2606.6000,2607.2000,2607.8000,2608.0000,1,1,1,2,1,1,1,2,1,3
SF,IH2009,2020-03-25 09:33:28.200,2604.6000,10267,-1,270261900.000,1,0,1,双平,S,2604.4000,2604.2000,2604.0000,2600.0000,2599.2000,2606.0000,2606.6000,2607.2000,2607.8000,2608.0000,1,1,2,1,5,1,1,2,1,3
SF,IH2009,2020-03-25 09:33:28.700,2604.6000,10267,0,270261900.000,0,-,-,-,-,2604.8000,2604.4000,2604.2000,2604.0000,2600.0000,2605.8000,2606.6000,2607.2000,2607.8000,2608.0000,1,1,1,2,1,1,1,2,1,3
SF,IH2009,2020-03-25 09:33:29.200,2604.6000,10267,0,270261900.000,0,-,-,-,-,2604.8000,2604.4000,2604.2000,2604.0000,2600.0000,2606.6000,2607.2000,2607.8000,2608.0000,2608.2000,1,1,1,2,1,1,2,1,3,5
SF,IH2009,2020-03-25 09:33:29.700,2604.6000,10267,0,270261900.000,0,-,-,-,-,2604.4000,2604.2000,2604.0000,2600.0000,2599.2000,2606.2000,2606.4000,2606.6000,2607.2000,2607.8000,1,1,2,1,5,1,2,1,2,1
SF,IH2009,2020-03-25 09:33:30.200,2604.6000,10267,0,270261900.000,0,-,-,-,-,2604.4000,2604.2000,2604.0000,2600.0000,2599.2000,2606.0000,2606.2000,2606.6000,2607.2000,2607.8000,1,1,2,1,5,2,1,1,2,1
SF,IH2009,2020-03-25 09:33:30.700,2604.6000,10267,0,270261900.000,0,-,-,-,-,2604.4000,2604.2000,2604.0000,2600.0000,2599.2000,2606.0000,2606.6000,2607.2000,2607.8000,2608.0000,1,1,2,1,5,3,1,2,1,3
SF,IH2009,2020-03-25 09:33:31.200,2604.6000,10267,0,270261900.000,0,-,-,-,-,2604.6000,2604.4000,2604.2000,2604.0000,2600.0000,2605.6000,2606.0000,2606.6000,2607.2000,2607.8000,1,1,1,2,1,1,3,1,2,1
SF,IH2009,2020-03-25 09:33:31.700,2604.4000,10267,0,271824600.000,2,1,1,多换,S,2604.2000,2604.0000,2603.4000,2600.0000,2599.2000,2605.4000,2605.6000,2606.0000,2606.6000,2607.2000,1,2,1,1,5,1,1,2,1,2
SF,IH2009,2020-03-25 09:33:32.200,2605.2000,10267,0,274949820.000,4,2,2,多换,S,2604.6000,2603.4000,2600.0000,2599.2000,2599.0000,2605.2000,2605.6000,2606.0000,2606.6000,2607.2000,1,1,1,5,1,2,1,1,1,2
SF,IH2009,2020-03-25 09:33:32.700,2604.6000,10267,0,275731200.000,1,0,1,多换,S,2603.4000,2600.0000,2599.2000,2599.0000,2598.0000,2605.2000,2606.0000,2606.6000,2607.2000,2607.8000,1,1,5,1,1,1,1,1,2,1
SF,IH2009,2020-03-25 09:33:33.200,2604.6000,10267,0,275731200.000,0,-,-,-,-,2603.4000,2600.0000,2599.2000,2599.0000,2598.0000,2604.2000,2605.0000,2606.0000,2606.6000,2607.2000,1,1,5,1,1,1,2,1,1,2
SF,IH2009,2020-03-25 09:33:33.700,2604.6000,10267,0,275731200.000,0,-,-,-,-,2603.4000,2600.0000,2599.2000,2599.0000,2598.0000,2604.2000,2605.0000,2606.0000,2606.6000,2607.2000,1,1,5,1,1,1,1,1,1,2
SF,IH2009,2020-03-25 09:33:34.200,2604.6000,10268,1,276512580.000,1,1,0,双开,S,2603.4000,2600.0000,2599.2000,2599.0000,2598.0000,2604.0000,2604.2000,2605.0000,2606.0000,2606.6000,1,1,5,1,1,1,1,1,1,1
SF,IH2009,2020-03-25 09:33:34.700,2604.6000,10268,0,276512580.000,0,-,-,-,-,2603.4000,2600.0000,2599.2000,2599.0000,2598.0000,2604.2000,2605.0000,2606.0000,2606.6000,2607.0000,1,1,5,1,1,1,1,1,1,1
SF,IH2009,2020-03-25 09:33:35.200,2604.6000,10268,0,276512580.000,0,-,-,-,-,2603.4000,2600.0000,2599.2000,2599.0000,2598.0000,2604.0000,2604.2000,2605.0000,2606.0000,2606.6000,1,1,5,1,1,1,1,1,1,1
SF,IH2009,2020-03-25 09:33:35.700,2604.6000,10268,0,276512580.000,0,-,-,-,-,2603.4000,2600.0000,2599.2000,2599.0000,2598.0000,2604.2000,2605.0000,2606.6000,2607.0000,2607.2000,1,1,5,1,1,1,1,1,1,2
SF,IH2009,2020-03-25 09:33:36.200,2604.6000,10268,0,276512580.000,0,-,-,-,-,2603.4000,2600.0000,2599.2000,2599.0000,2598.0000,2604.0000,2604.2000,2605.0000,2606.6000,2607.0000,1,1,5,1,1,1,1,1,1,1
SF,IH2009,2020-03-25 09:33:36.700,2604.6000,10268,0,276512580.000,0,-,-,-,-,2603.4000,2600.0000,2599.2000,2599.0000,2598.0000,2604.2000,2605.0000,2606.6000,2607.0000,2607.2000,1,1,5,1,1,2,1,1,1,2
SF,IH2009,2020-03-25 09:33:38.700,2603.4000,10267,-1,277293600.000,1,0,1,双平,S,2600.0000,2599.2000,2599.0000,2598.0000,2593.0000,2604.2000,2605.0000,2606.6000,2607.0000,2607.2000,1,5,1,1,1,2,1,1,1,2
SF,IH2009,2020-03-25 09:33:39.200,2603.4000,10267,0,277293600.000,0,-,-,-,-,2600.2000,2600.0000,2599.2000,2599.0000,2598.0000,2604.0000,2604.2000,2605.0000,2606.6000,2607.0000,1,1,5,1,1,1,2,1,1,1
SF,IH2009,2020-03-25 09:33:40.200,2603.4000,10267,0,277293600.000,0,-,-,-,-,2600.2000,2600.0000,2599.2000,2599.0000,2598.0000,2603.4000,2604.0000,2604.2000,2605.0000,2606.6000,1,1,5,1,1,1,1,2,1,1
SF,IH2009,2020-03-25 09:33:40.700,2603.4000,10267,0,277293600.000,0,-,-,-,-,2600.2000,2600.0000,2599.2000,2599.0000,2598.0000,2603.2000,2603.4000,2604.2000,2605.0000,2606.6000,1,1,5,1,1,1,1,2,1,1
SF,IH2009,2020-03-25 09:33:41.200,2603.4000,10267,0,277293600.000,0,-,-,-,-,2600.2000,2600.0000,2599.0000,2598.0000,2595.4000,2603.2000,2603.4000,2604.2000,2605.0000,2606.6000,1,1,1,1,5,1,1,2,1,1
SF,IH2009,2020-03-25 09:33:41.700,2603.4000,10267,0,277293600.000,0,-,-,-,-,2600.0000,2599.0000,2598.0000,2595.4000,2593.0000,2603.0000,2603.2000,2603.4000,2604.2000,2606.6000,1,1,1,5,1,1,1,1,2,1
SF,IH2009,2020-03-25 09:33:42.200,2603.4000,10267,0,277293600.000,0,-,-,-,-,2600.0000,2599.0000,2598.0000,2595.4000,2593.0000,2602.8000,2603.0000,2603.4000,2604.2000,2606.6000,1,1,1,5,1,2,1,1,2,1
SF,IH2009,2020-03-25 09:33:42.700,2603.4000,10267,0,277293600.000,0,-,-,-,-,2600.0000,2599.0000,2598.0000,2595.4000,2593.0000,2602.6000,2602.8000,2603.4000,2604.2000,2606.6000,1,1,1,5,1,1,2,1,2,1
SF,IH2009,2020-03-25 09:33:43.200,2603.4000,10267,0,277293600.000,0,-,-,-,-,2600.0000,2599.0000,2598.0000,2595.4000,2593.0000,2600.2000,2602.4000,2602.6000,2602.8000,2603.4000,1,1,1,5,1,1,1,1,1,1
SF,IH2009,2020-03-25 09:33:43.700,2600.2000,10267,0,278073660.000,1,0,1,多换,S,2600.0000,2599.0000,2598.0000,2595.4000,2593.0000,2602.4000,2602.8000,2603.4000,2604.2000,2606.6000,1,1,1,5,1,1,1,1,1,1
SF,IH2009,2020-03-25 09:33:44.200,2600.2000,10267,0,278073660.000,0,-,-,-,-,2600.0000,2599.0000,2598.0000,2595.4000,2593.0000,2602.2000,2602.4000,2602.8000,2603.4000,2604.2000,1,1,1,5,1,2,1,1,1,1
SF,IH2009,2020-03-25 09:33:44.700,2600.2000,10267,0,278073660.000,0,-,-,-,-,2600.0000,2599.0000,2598.0000,2595.4000,2593.0000,2602.0000,2602.2000,2602.8000,2603.4000,2604.2000,1,1,1,5,1,1,2,1,1,1
SF,IH2009,2020-03-25 09:33:45.200,2601.8000,10268,1,278854200.000,1,1,0,双开,S,2600.0000,2599.0000,2598.0000,2595.4000,2593.0000,2602.0000,2602.2000,2602.8000,2603.4000,2604.2000,1,1,1,5,1,1,2,1,1,1
SF,IH2009,2020-03-25 09:33:45.700,2601.8000,10268,0,278854200.000,0,-,-,-,-,2600.2000,2600.0000,2599.0000,2598.0000,2595.4000,2602.0000,2602.2000,2603.4000,2604.2000,2606.6000,1,1,1,1,5,1,1,1,1,1
SF,IH2009,2020-03-25 09:33:46.200,2601.8000,10268,0,278854200.000,0,-,-,-,-,2600.0000,2599.0000,2598.0000,2595.4000,2593.0000,2602.0000,2602.2000,2603.4000,2604.2000,2606.6000,1,1,1,5,1,1,1,1,1,1
SF,IH2009,2020-03-25 09:33:46.700,2602.0000,10267,-1,279634800.000,1,0,1,双平,S,2600.2000,2600.0000,2599.0000,2598.0000,2595.4000,2602.2000,2603.4000,2604.2000,2606.6000,2607.0000,1,1,1,1,5,1,1,1,1,1
SF,IH2009,2020-03-25 09:33:47.200,2602.0000,10267,0,279634800.000,0,-,-,-,-,2600.4000,2600.0000,2599.0000,2598.0000,2595.4000,2602.0000,2602.2000,2603.0000,2603.4000,2604.2000,1,1,1,1,5,1,1,1,1,1
SF,IH2009,2020-03-25 09:33:47.700,2602.0000,10267,0,279634800.000,0,-,-,-,-,2600.0000,2599.0000,2598.0000,2595.4000,2593.0000,2602.2000,2603.0000,2603.4000,2604.2000,2606.6000,1,1,1,5,1,1,1,1,1,1
SF,IH2009,2020-03-25 09:33:48.200,2602.2000,10266,-1,280415460.000,1,0,1,双平,S,2600.2000,2600.0000,2599.0000,2598.0000,2595.4000,2603.0000,2603.4000,2604.2000,2606.6000,2607.0000,1,1,1,1,5,1,1,1,1,1
SF,IH2009,2020-03-25 09:33:48.700,2602.2000,10266,0,280415460.000,0,-,-,-,-,2600.2000,2600.0000,2599.0000,2598.0000,2595.4000,2602.4000,2602.8000,2603.0000,2603.4000,2604.2000,1,1,1,1,5,1,1,1,1,1
SF,IH2009,2020-03-25 09:33:49.200,2602.2000,10266,0,280415460.000,0,-,-,-,-,2600.2000,2600.0000,2599.0000,2598.0000,2595.4000,2602.8000,2603.0000,2603.4000,2604.2000,2606.6000,1,1,1,1,5,1,1,1,1,1
SF,IH2009,2020-03-25 09:33:49.700,2602.2000,10266,0,280415460.000,0,-,-,-,-,2600.2000,2600.0000,2599.0000,2598.0000,2595.4000,2602.8000,2603.0000,2603.4000,2604.2000,2606.6000,1,1,1,1,5,1,1,1,1,1
SF,IH2009,2020-03-25 09:33:50.200,2602.2000,10266,0,280415460.000,0,-,-,-,-,2600.2000,2600.0000,2599.0000,2598.0000,2595.4000,2602.8000,2603.0000,2603.4000,2604.2000,2606.6000,1,1,1,1,5,1,1,1,1,1
SF,IH2009,2020-03-25 09:33:50.700,2602.2000,10266,0,280415460.000,0,-,-,-,-,2600.2000,2600.0000,2599.0000,2598.0000,2595.4000,2602.8000,2603.0000,2603.4000,2604.2000,2606.6000,1,1,1,1,5,1,1,1,1,1
SF,IH2009,2020-03-25 09:33:51.200,2602.2000,10266,0,280415460.000,0,-,-,-,-,2600.2000,2600.0000,2599.0000,2598.0000,2595.4000,2602.8000,2603.0000,2603.4000,2604.2000,2606.6000,1,1,1,1,5,1,1,1,1,1
SF,IH2009,2020-03-25 09:33:51.700,2600.2000,10266,0,281195520.000,1,0,1,多换,S,2600.0000,2599.0000,2598.0000,2595.4000,2593.0000,2602.6000,2602.8000,2603.0000,2603.4000,2604.2000,1,1,1,5,1,1,1,1,1,1
SF,IH2009,2020-03-25 09:33:52.200,2600.2000,10266,0,281195520.000,0,-,-,-,-,2600.0000,2599.0000,2598.0000,2595.4000,2593.0000,2601.6000,2602.4000,2602.6000,2603.0000,2603.4000,1,1,1,5,1,1,1,2,1,1
SF,IH2009,2020-03-25 09:33:52.700,2600.2000,10266,0,281195520.000,0,-,-,-,-,2600.2000,2600.0000,2599.0000,2598.0000,2595.4000,2601.6000,2602.4000,2602.6000,2603.0000,2603.4000,1,1,1,1,5,2,1,1,2,1
SF,IH2009,2020-03-25 09:33:53.200,2600.2000,10266,0,281195520.000,0,-,-,-,-,2600.2000,2600.0000,2599.0000,2598.0000,2595.4000,2601.6000,2602.4000,2602.6000,2603.0000,2603.4000,1,1,1,1,5,1,1,1,2,1
SF,IH2009,2020-03-25 09:33:53.700,2600.2000,10266,0,281195520.000,0,-,-,-,-,2600.0000,2599.0000,2598.0000,2595.4000,2593.0000,2601.6000,2602.4000,2602.6000,2603.0000,2603.4000,1,1,2,5,1,1,1,1,2,1
SF,IH2009,2020-03-25 09:33:54.200,2600.2000,10266,0,281195520.000,0,-,-,-,-,2600.0000,2599.0000,2598.0000,2595.4000,2593.0000,2600.2000,2601.6000,2602.4000,2602.6000,2603.0000,1,1,2,5,1,1,1,1,1,2
SF,IH2009,2020-03-25 09:33:54.700,2600.2000,10266,0,281975580.000,1,0,1,多换,S,2600.0000,2599.0000,2598.0000,2595.4000,2593.0000,2601.6000,2602.4000,2602.6000,2603.0000,2603.4000,2,1,2,5,1,1,1,1,2,1
SF,IH2009,2020-03-25 09:33:55.200,2600.2000,10266,0,281975580.000,0,-,-,-,-,2600.0000,2599.0000,2598.0000,2595.4000,2593.0000,2601.6000,2602.4000,2602.6000,2603.0000,2603.4000,2,1,2,5,1,1,1,1,2,1
SF,IH2009,2020-03-25 09:33:55.700,2600.2000,10266,0,281975580.000,0,-,-,-,-,2600.0000,2599.0000,2598.0000,2595.4000,2593.0000,2600.2000,2601.6000,2602.4000,2602.6000,2603.0000,2,1,2,5,1,1,1,1,1,2
SF,IH2009,2020-03-25 09:33:56.200,2600.2000,10265,-1,282755640.000,1,0,1,双平,S,2600.2000,2600.0000,2599.0000,2598.0000,2595.4000,2601.6000,2602.6000,2603.0000,2603.4000,2604.2000,3,2,1,2,5,1,1,2,1,1
SF,IH2009,2020-03-25 09:33:56.700,2600.2000,10265,0,282755640.000,0,-,-,-,-,2600.2000,2600.0000,2599.0000,2598.0000,2595.4000,2601.6000,2602.0000,2602.6000,2603.0000,2603.4000,3,2,1,2,5,1,1,1,2,1
SF,IH2009,2020-03-25 09:33:57.200,2600.2000,10265,0,282755640.000,0,-,-,-,-,2600.0000,2599.0000,2598.0000,2595.4000,2593.0000,2601.6000,2602.0000,2602.2000,2602.6000,2603.0000,2,1,2,5,1,1,1,1,1,2
SF,IH2009,2020-03-25 09:33:57.700,2600.2000,10265,0,282755640.000,0,-,-,-,-,2600.0000,2599.0000,2598.0000,2595.4000,2593.0000,2601.6000,2602.0000,2602.2000,2602.6000,2603.0000,2,1,2,5,1,1,1,1,1,2
SF,IH2009,2020-03-25 09:33:58.200,2600.0000,10264,-1,283535640.000,1,0,1,双平,S,2600.0000,2599.0000,2598.0000,2595.4000,2593.0000,2601.6000,2602.0000,2602.2000,2602.6000,2603.0000,1,1,2,5,1,1,1,1,1,2
SF,IH2009,2020-03-25 09:33:58.700,2600.0000,10264,0,283535640.000,0,-,-,-,-,2600.0000,2599.0000,2598.0000,2595.4000,2593.0000,2601.6000,2602.0000,2602.2000,2602.6000,2603.0000,1,1,2,5,1,1,1,1,1,2
SF,IH2009,2020-03-25 09:33:59.200,2600.0000,10264,0,283535640.000,0,-,-,-,-,2600.0000,2599.0000,2598.0000,2595.4000,2593.0000,2601.6000,2602.0000,2602.2000,2602.6000,2603.0000,1,1,2,5,1,1,1,1,1,2
SF,IH2009,2020-03-25 09:33:59.700,2600.0000,10263,-1,284315640.000,1,0,1,双平,S,2600.0000,2599.0000,2598.0000,2595.4000,2593.0000,2601.6000,2602.0000,2602.2000,2602.6000,2603.0000,1,1,2,5,1,1,1,1,1,2
SF,IH2009,2020-03-25 09:34:00.200,2600.0000,10263,0,285095640.000,1,0,1,多换,S,2599.0000,2598.0000,2595.4000,2593.0000,2592.0000,2601.6000,2602.0000,2602.2000,2602.6000,2603.0000,1,2,5,1,1,1,1,1,1,2
SF,IH2009,2020-03-25 09:34:00.700,2600.0000,10263,0,285095640.000,0,-,-,-,-,2599.4000,2599.2000,2599.0000,2598.0000,2595.4000,2601.4000,2601.6000,2602.0000,2602.2000,2603.0000,1,4,1,2,5,2,1,1,1,2
SF,IH2009,2020-03-25 09:34:01.700,2600.0000,10263,0,285095640.000,0,-,-,-,-,2599.6000,2599.4000,2599.2000,2599.0000,2598.0000,2601.4000,2601.6000,2602.0000,2602.2000,2603.0000,2,1,4,1,2,2,1,1,1,2
SF,IH2009,2020-03-25 09:34:02.700,2602.0000,10259,-4,288217560.000,4,0,4,双平,S,2599.4000,2599.2000,2599.0000,2598.0000,2595.4000,2602.2000,2603.0000,2603.4000,2604.2000,2607.0000,1,4,1,2,5,1,2,1,1,1
SF,IH2009,2020-03-25 09:34:03.200,2602.0000,10259,0,288217560.000,0,-,-,-,-,2599.8000,2599.6000,2599.4000,2599.2000,2599.0000,2602.2000,2603.0000,2603.4000,2604.2000,2607.0000,5,5,1,4,1,1,2,1,1,1
SF,IH2009,2020-03-25 09:34:03.700,2602.0000,10259,0,288217560.000,0,-,-,-,-,2600.0000,2599.8000,2599.6000,2599.4000,2599.2000,2602.2000,2603.0000,2603.4000,2604.2000,2607.0000,2,5,3,1,4,1,2,1,1,1
SF,IH2009,2020-03-25 09:34:04.200,2602.2000,10259,0,288998220.000,1,0,1,多换,S,2600.2000,2600.0000,2599.8000,2599.6000,2599.4000,2603.0000,2603.4000,2604.2000,2607.0000,2608.0000,1,2,5,3,1,2,1,1,1,1
SF,IH2009,2020-03-25 09:34:04.700,2603.4000,10258,-1,291341040.000,3,1,2,多平,S,2600.4000,2600.2000,2599.8000,2599.6000,2599.4000,2604.2000,2607.0000,2608.0000,2609.8000,2610.0000,5,2,3,3,1,1,1,1,2,5
SF,IH2009,2020-03-25 09:34:05.200,2603.4000,10258,0,291341040.000,0,-,-,-,-,2603.0000,2600.8000,2600.4000,2600.2000,2599.8000,2604.0000,2604.2000,2607.0000,2608.0000,2609.8000,1,1,2,2,3,1,1,1,1,2
SF,IH2009,2020-03-25 09:34:05.700,2603.0000,10257,-1,292121940.000,1,0,1,双平,S,2600.8000,2600.4000,2600.2000,2599.4000,2599.2000,2604.2000,2607.0000,2608.0000,2609.8000,2610.0000,1,1,1,1,1,1,1,1,2,5
SF,IH2009,2020-03-25 09:34:06.200,2603.0000,10257,0,292121940.000,0,-,-,-,-,2601.0000,2600.8000,2600.2000,2599.4000,2599.2000,2602.8000,2603.4000,2604.0000,2604.2000,2607.0000,1,1,1,1,1,1,1,1,1,1
SF,IH2009,2020-03-25 09:34:06.700,2600.8000,10256,-1,293682480.000,2,0,2,多平,S,2600.2000,2599.2000,2599.0000,2598.0000,2595.4000,2602.6000,2602.8000,2603.4000,2603.8000,2604.0000,1,1,1,2,5,1,1,1,1,4
SF,IH2009,2020-03-25 09:34:07.200,2600.2000,10256,0,294462540.000,1,0,1,多换,S,2599.2000,2599.0000,2598.0000,2595.4000,2593.0000,2602.4000,2602.6000,2602.8000,2603.8000,2604.0000,1,1,2,5,1,1,1,1,1,4
SF,IH2009,2020-03-25 09:34:07.700,2599.2000,10255,-1,296022120.000,2,0,2,多平,S,2599.0000,2598.0000,2595.4000,2593.0000,2592.0000,2599.2000,2601.6000,2602.2000,2602.4000,2602.8000,1,2,5,1,1,1,1,1,1,1
SF,IH2009,2020-03-25 09:34:08.200,2599.2000,10255,0,296801880.000,1,0,1,多换,S,2599.8000,2599.0000,2598.0000,2595.4000,2593.0000,2602.4000,2604.2000,2607.0000,2609.8000,2610.0000,1,1,2,5,1,1,1,1,2,5
SF,IH2009,2020-03-25 09:34:08.700,2599.2000,10255,0,296801880.000,0,-,-,-,-,2599.8000,2599.2000,2599.0000,2598.0000,2595.4000,2602.2000,2602.4000,2604.2000,2607.0000,2609.8000,1,1,1,2,5,1,1,1,1,2
SF,IH2009,2020-03-25 09:34:09.200,2599.2000,10255,0,296801880.000,0,-,-,-,-,2600.0000,2599.8000,2599.2000,2599.0000,2598.0000,2602.0000,2602.2000,2604.2000,2607.0000,2609.8000,1,1,1,1,2,1,1,1,1,2
SF,IH2009,2020-03-25 09:34:10.200,2599.8000,10255,0,297581820.000,1,0,1,多换,S,2600.0000,2599.2000,2599.0000,2598.0000,2595.4000,2602.0000,2602.2000,2604.2000,2606.8000,2607.0000,1,1,1,2,5,1,1,1,1,1
SF,IH2009,2020-03-25 09:34:10.700,2602.0000,10254,-1,298362420.000,1,0,1,双平,S,2600.0000,2599.2000,2599.0000,2598.0000,2595.4000,2604.2000,2606.8000,2607.0000,2609.8000,2610.0000,1,1,1,2,5,1,1,1,2,5
SF,IH2009,2020-03-25 09:34:11.200,2602.0000,10254,0,298362420.000,0,-,-,-,-,2600.2000,2599.2000,2599.0000,2598.0000,2595.4000,2603.4000,2603.6000,2604.0000,2604.2000,2606.8000,2,1,1,2,5,1,1,1,1,1
SF,IH2009,2020-03-25 09:34:11.700,2600.2000,10253,-1,299142480.000,1,0,1,双平,S,2600.2000,2599.2000,2599.0000,2598.0000,2595.4000,2603.2000,2603.4000,2603.6000,2604.0000,2604.2000,1,1,1,2,5,1,1,1,1,1
SF,IH2009,2020-03-25 09:34:12.200,2600.2000,10253,0,299142480.000,0,-,-,-,-,2600.8000,2600.2000,2599.2000,2599.0000,2598.0000,2603.2000,2603.4000,2604.0000,2604.2000,2606.8000,1,1,1,1,2,1,1,1,1,1
SF,IH2009,2020-03-25 09:34:12.700,2600.2000,10253,0,299142480.000,0,-,-,-,-,2600.8000,2600.2000,2599.2000,2599.0000,2598.0000,2601.4000,2603.0000,2603.2000,2603.4000,2604.2000,1,1,1,1,2,1,2,1,1,1
SF,IH2009,2020-03-25 09:34:13.200,2600.2000,10253,0,299142480.000,0,-,-,-,-,2600.8000,2599.2000,2599.0000,2598.0000,2595.4000,2601.4000,2603.0000,2603.2000,2603.4000,2604.2000,1,1,1,2,5,1,2,1,1,1
SF,IH2009,2020-03-25 09:34:13.700,2600.8000,10253,0,299922720.000,1,0,1,多换,S,2599.2000,2599.0000,2598.0000,2595.4000,2593.0000,2601.4000,2603.0000,2603.2000,2603.4000,2604.2000,1,1,2,5,1,1,2,1,1,1
SF,IH2009,2020-03-25 09:34:14.200,2600.8000,10253,0,299922720.000,0,-,-,-,-,2599.2000,2599.0000,2598.0000,2595.4000,2593.0000,2601.2000,2601.4000,2603.0000,2603.4000,2604.2000,1,1,2,5,1,1,1,2,1,1
SF,IH2009,2020-03-25 09:34:15.200,2600.8000,10253,0,299922720.000,0,-,-,-,-,2599.0000,2598.0000,2595.4000,2593.0000,2592.0000,2600.8000,2601.2000,2601.4000,2603.0000,2603.4000,1,2,5,1,1,1,1,1,2,1
SF,IH2009,2020-03-25 09:34:15.700,2600.8000,10253,0,299922720.000,0,-,-,-,-,2599.0000,2598.0000,2595.4000,2593.0000,2592.0000,2600.6000,2600.8000,2601.2000,2601.4000,2603.0000,1,2,5,1,1,1,1,1,1,1
SF,IH2009,2020-03-25 09:34:17.700,2600.6000,10253,0,300702900.000,1,0,1,多换,S,2599.0000,2598.0000,2595.4000,2593.0000,2592.0000,2600.8000,2601.2000,2601.4000,2603.0000,2603.4000,1,2,5,1,1,1,1,1,1,1
SF,IH2009,2020-03-25 09:34:18.200,2600.6000,10253,0,300702900.000,0,-,-,-,-,2599.2000,2599.0000,2598.0000,2595.4000,2593.0000,2600.8000,2601.2000,2601.4000,2603.0000,2603.4000,1,1,2,5,1,1,1,1,1,1
SF,IH2009,2020-03-25 09:34:18.700,2600.6000,10253,0,300702900.000,0,-,-,-,-,2599.2000,2599.0000,2598.0000,2595.4000,2593.0000,2600.8000,2601.2000,2601.4000,2603.0000,2603.4000,2,1,2,5,1,1,1,1,1,1
SF,IH2009,2020-03-25 09:34:19.700,2600.8000,10253,0,301483140.000,1,0,1,多换,S,2600.0000,2599.4000,2599.2000,2599.0000,2598.0000,2601.2000,2601.4000,2603.0000,2603.4000,2604.2000,1,1,2,1,2,1,1,1,1,1
SF,IH2009,2020-03-25 09:34:20.200,2600.8000,10253,0,301483140.000,0,-,-,-,-,2600.0000,2599.4000,2599.2000,2599.0000,2598.0000,2601.4000,2603.0000,2603.4000,2604.2000,2606.8000,1,1,2,1,2,1,1,1,1,1
SF,IH2009,2020-03-25 09:34:20.700,2600.8000,10253,0,301483140.000,0,-,-,-,-,2600.2000,2600.0000,2599.4000,2599.2000,2599.0000,2601.4000,2603.0000,2603.4000,2604.2000,2606.8000,3,1,1,2,1,1,1,1,1,1
SF,IH2009,2020-03-25 09:34:21.200,2600.8000,10253,0,301483140.000,0,-,-,-,-,2600.2000,2600.0000,2599.4000,2599.2000,2599.0000,2601.4000,2603.0000,2603.4000,2604.2000,2606.8000,3,1,1,1,1,1,1,1,1,1
SF,IH2009,2020-03-25 09:34:21.700,2600.2000,10251,-2,303043620.000,2,0,2,双平,S,2600.0000,2599.0000,2598.0000,2595.4000,2593.0000,2603.0000,2603.4000,2604.2000,2606.8000,2607.0000,1,1,2,5,1,1,1,1,1,1
SF,IH2009,2020-03-25 09:34:22.200,2600.2000,10251,0,303043620.000,0,-,-,-,-,2600.0000,2599.0000,2598.0000,2595.4000,2593.0000,2602.0000,2602.8000,2603.0000,2603.4000,2604.2000,1,1,2,5,1,1,2,1,1,1
SF,IH2009,2020-03-25 09:34:22.700,2600.2000,10249,-2,304603740.000,2,0,2,双平,S,2600.0000,2599.0000,2598.0000,2595.4000,2593.0000,2602.0000,2602.8000,2603.0000,2603.4000,2604.2000,1,1,2,5,1,1,2,2,1,1
SF,IH2009,2020-03-25 09:34:23.200,2600.2000,10249,0,304603740.000,0,-,-,-,-,2600.0000,2599.0000,2598.0000,2595.4000,2593.0000,2601.8000,2602.0000,2602.8000,2603.0000,2603.4000,1,1,2,5,1,1,1,1,2,1
SF,IH2009,2020-03-25 09:34:23.700,2600.2000,10249,0,304603740.000,0,-,-,-,-,2600.0000,2599.0000,2598.0000,2595.4000,2593.0000,2601.8000,2602.0000,2602.8000,2603.0000,2603.4000,1,1,2,5,1,2,1,1,2,1
SF,IH2009,2020-03-25 09:34:24.700,2600.2000,10249,0,304603740.000,0,-,-,-,-,2600.0000,2599.0000,2598.0000,2595.4000,2594.6000,2601.8000,2602.0000,2602.8000,2603.0000,2603.4000,1,1,2,5,1,2,1,1,2,1
SF,IH2009,2020-03-25 09:34:25.200,2600.2000,10249,0,304603740.000,0,-,-,-,-,2600.0000,2599.0000,2598.0000,2595.4000,2594.6000,2601.8000,2602.0000,2602.6000,2602.8000,2603.0000,1,1,2,5,1,2,1,1,1,2
SF,IH2009,2020-03-25 09:34:25.700,2600.2000,10249,0,304603740.000,0,-,-,-,-,2600.2000,2600.0000,2599.0000,2598.0000,2595.4000,2601.8000,2602.0000,2602.6000,2602.8000,2603.0000,1,1,1,2,5,2,1,1,1,1
SF,IH2009,2020-03-25 09:34:26.200,2600.2000,10248,-1,305383800.000,1,0,1,双平,S,2600.0000,2599.0000,2598.0000,2595.4000,2594.6000,2601.8000,2602.0000,2602.6000,2602.8000,2603.0000,1,1,2,5,1,1,1,1,1,1
SF,IH2009,2020-03-25 09:34:26.700,2600.2000,10248,0,305383800.000,0,-,-,-,-,2600.4000,2600.2000,2600.0000,2599.0000,2598.0000,2601.8000,2602.0000,2602.6000,2602.8000,2603.0000,1,1,1,1,2,1,1,1,1,1
SF,IH2009,2020-03-25 09:34:27.200,2602.0000,10247,-1,306164400.000,1,0,1,双平,S,2600.6000,2600.4000,2600.2000,2600.0000,2599.0000,2602.6000,2602.8000,2603.0000,2603.4000,2604.2000,1,1,1,1,1,1,1,1,1,1
SF,IH2009,2020-03-25 09:34:27.700,2602.0000,10247,0,306164400.000,0,-,-,-,-,2600.8000,2600.6000,2600.4000,2600.2000,2600.0000,2602.6000,2602.8000,2603.4000,2604.2000,2606.8000,1,1,1,1,1,1,1,1,1,1
SF,IH2009,2020-03-25 09:34:28.200,2602.0000,10247,0,306164400.000,0,-,-,-,-,2600.8000,2600.6000,2600.4000,2600.2000,2600.0000,2601.0000,2602.6000,2602.8000,2603.4000,2604.2000,1,1,1,1,1,1,1,1,1,1
SF,IH2009,2020-03-25 09:34:28.700,2600.0000,10243,-4,310065180.000,5,0,5,多平,S,2599.0000,2598.0000,2595.4000,2594.6000,2593.0000,2600.2000,2602.6000,2602.8000,2603.4000,2604.2000,1,2,5,1,1,2,1,1,1,1
SF,IH2009,2020-03-25 09:34:29.200,2600.2000,10241,-2,311625300.000,2,0,2,双平,S,2600.2000,2599.4000,2599.0000,2598.0000,2595.4000,2602.6000,2602.8000,2603.4000,2604.2000,2606.8000,1,1,1,2,5,1,1,1,1,1
SF,IH2009,2020-03-25 09:34:29.700,2600.2000,10241,0,311625300.000,0,-,-,-,-,2600.2000,2599.4000,2599.0000,2598.0000,2595.4000,2602.4000,2602.6000,2603.4000,2604.2000,2605.0000,1,1,1,2,5,2,1,1,1,1
SF,IH2009,2020-03-25 09:34:30.200,2600.2000,10241,0,311625300.000,0,-,-,-,-,2600.2000,2600.0000,2599.4000,2599.0000,2598.0000,2602.4000,2602.6000,2603.4000,2604.2000,2605.0000,1,1,1,1,2,2,1,1,1,1
SF,IH2009,2020-03-25 09:34:30.700,2600.2000,10241,0,311625300.000,0,-,-,-,-,2600.2000,2600.0000,2599.4000,2599.0000,2598.0000,2602.4000,2602.6000,2603.4000,2604.2000,2605.0000,1,1,1,1,2,2,1,1,1,1
SF,IH2009,2020-03-25 09:34:31.200,2600.2000,10241,0,311625300.000,0,-,-,-,-,2600.4000,2600.2000,2600.0000,2599.4000,2599.0000,2602.4000,2602.6000,2603.4000,2604.2000,2605.0000,1,1,1,1,1,1,1,1,1,1
SF,IH2009,2020-03-25 09:34:32.200,2600.2000,10240,-1,313185480.000,2,0,2,多平,S,2600.0000,2599.4000,2599.0000,2598.0000,2595.4000,2602.4000,2602.6000,2603.4000,2604.2000,2605.0000,1,1,1,2,5,1,1,1,1,1
SF,IH2009,2020-03-25 09:34:32.700,2600.2000,10240,0,313185480.000,0,-,-,-,-,2600.0000,2599.4000,2599.0000,2598.0000,2595.4000,2602.2000,2602.4000,2602.6000,2603.4000,2603.8000,1,1,1,2,5,1,1,1,1,1
