市场代码,合约代码,时间,最新,持仓,增仓,成交额,成交量,开仓,平仓,成交类型,方向,买一价,买二价,买三价,买四价,买五价,卖一价,卖二价,卖三价,卖四价,卖五价,买一量,买二量,买三量,买四量,买五量,卖一量,卖二量,卖三量,卖四量,卖五量
SF,IH2005,2020-04-01 09:29:00.000,2659.6000,1378,0,7180920.000,9.000,-,-,-,-,2659.4000,2658.2000,2657.6000,2657.0000,2655.8000,2664.0000,2669.6000,2670.0000,2673.0000,2673.6000,1,1,1,1,1,1,1,1,1,1
SF,IH2005,2020-04-01 09:30:00.500,2664.0000,1379,1,7980120.000,1,1,0,双开,S,2664.0000,2660.2000,2659.6000,2657.0000,2655.8000,2669.6000,2670.0000,2673.0000,2679.4000,2695.0000,4,1,1,1,1,1,1,1,2,1
SF,IH2005,2020-04-01 09:30:01.000,2664.0000,1378,-1,11976120.000,5,2,3,多平,S,2660.2000,2659.6000,2657.0000,2645.0000,2641.4000,2665.6000,2666.0000,2666.4000,2667.6000,2668.0000,1,1,1,1,2,1,1,1,2,1
SF,IH2005,2020-04-01 09:30:01.500,2664.0000,1378,0,11976120.000,0,-,-,-,-,2660.4000,2660.2000,2658.0000,2657.0000,2645.0000,2665.4000,2665.6000,2666.0000,2666.4000,2667.6000,4,1,1,1,1,4,1,1,1,2
SF,IH2005,2020-04-01 09:30:02.000,2664.0000,1378,0,11976120.000,0,-,-,-,-,2660.4000,2660.2000,2658.0000,2657.0000,2656.2000,2665.4000,2665.6000,2666.0000,2666.4000,2667.6000,4,1,1,1,5,4,1,1,1,2
SF,IH2005,2020-04-01 09:30:02.500,2664.0000,1378,0,11976120.000,0,-,-,-,-,2662.4000,2662.0000,2660.4000,2660.2000,2658.0000,2665.4000,2665.6000,2666.0000,2666.4000,2667.6000,1,1,4,1,1,2,1,1,1,2
SF,IH2005,2020-04-01 09:30:03.000,2665.4000,1377,-1,12775740.000,1,0,1,双平,S,2662.6000,2662.4000,2662.0000,2660.4000,2660.2000,2667.6000,2668.0000,2669.4000,2669.6000,2670.0000,4,2,1,1,1,2,1,2,1,1
SF,IH2005,2020-04-01 09:30:03.500,2665.4000,1377,0,12775740.000,0,-,-,-,-,2662.6000,2662.0000,2660.4000,2660.2000,2658.0000,2664.0000,2667.4000,2667.6000,2668.0000,2669.4000,4,1,1,1,1,1,4,2,1,2
SF,IH2005,2020-04-01 09:30:04.000,2664.0000,1376,-1,13574940.000,1,0,1,双平,S,2662.6000,2662.0000,2660.4000,2660.2000,2658.0000,2667.4000,2667.6000,2668.0000,2669.4000,2669.6000,3,1,1,1,1,4,2,1,2,1
SF,IH2005,2020-04-01 09:30:04.500,2664.0000,1376,0,13574940.000,0,-,-,-,-,2662.8000,2662.6000,2660.4000,2660.2000,2658.0000,2666.4000,2667.4000,2667.6000,2668.0000,2669.4000,1,2,1,1,1,1,4,2,1,2
SF,IH2005,2020-04-01 09:30:05.000,2664.0000,1376,0,13574940.000,0,-,-,-,-,2663.0000,2662.8000,2662.6000,2660.4000,2660.2000,2666.2000,2666.4000,2667.4000,2667.6000,2668.0000,2,2,1,1,1,6,1,2,2,1
SF,IH2005,2020-04-01 09:30:05.500,2664.0000,1376,0,13574940.000,0,-,-,-,-,2663.2000,2663.0000,2662.8000,2662.6000,2660.4000,2667.4000,2667.6000,2668.0000,2669.4000,2669.6000,3,2,1,1,1,2,2,1,2,1
SF,IH2005,2020-04-01 09:30:06.000,2664.0000,1376,0,13574940.000,0,-,-,-,-,2663.4000,2663.2000,2663.0000,2662.8000,2662.6000,2667.2000,2667.4000,2667.6000,2668.0000,2669.4000,1,3,1,1,1,3,2,1,1,2
SF,IH2005,2020-04-01 09:30:06.500,2664.0000,1376,0,13574940.000,0,-,-,-,-,2664.4000,2663.6000,2663.4000,2662.8000,2662.6000,2667.0000,2667.2000,2667.4000,2667.6000,2668.0000,1,1,1,1,1,1,3,2,1,1
SF,IH2005,2020-04-01 09:30:07.000,2664.0000,1376,0,13574940.000,0,-,-,-,-,2664.6000,2664.4000,2662.8000,2662.6000,2660.4000,2666.8000,2667.0000,2667.2000,2667.4000,2667.6000,2,1,1,1,1,5,1,1,2,1
SF,IH2005,2020-04-01 09:30:07.500,2664.0000,1376,0,13574940.000,0,-,-,-,-,2664.6000,2664.4000,2662.8000,2662.6000,2660.4000,2666.8000,2667.0000,2667.2000,2667.4000,2667.6000,2,1,1,1,1,4,1,1,2,1
SF,IH2005,2020-04-01 09:30:08.000,2664.0000,1376,0,13574940.000,0,-,-,-,-,2664.8000,2664.6000,2664.4000,2662.6000,2660.4000,2666.6000,2666.8000,2667.0000,2667.2000,2667.4000,1,2,1,1,1,1,1,1,1,2
SF,IH2005,2020-04-01 09:30:08.500,2664.0000,1376,0,13574940.000,0,-,-,-,-,2664.6000,2664.4000,2662.6000,2660.4000,2660.2000,2666.4000,2666.6000,2667.0000,2667.2000,2667.4000,2,1,1,1,1,1,1,1,1,2
SF,IH2005,2020-04-01 09:30:09.000,2664.0000,1376,0,13574940.000,0,-,-,-,-,2664.6000,2662.6000,2660.4000,2660.2000,2658.0000,2666.2000,2666.4000,2667.0000,2667.2000,2667.4000,1,1,1,1,1,1,1,1,1,2
SF,IH2005,2020-04-01 09:30:09.500,2664.0000,1376,0,13574940.000,0,-,-,-,-,2662.6000,2660.4000,2660.2000,2658.0000,2657.0000,2666.0000,2666.2000,2666.4000,2667.0000,2667.2000,1,1,1,1,1,5,1,1,1,1
SF,IH2005,2020-04-01 09:30:10.000,2665.8000,1375,-1,14374680.000,1,0,1,双平,S,2662.8000,2662.6000,2662.4000,2660.4000,2660.2000,2664.8000,2667.0000,2667.2000,2667.4000,2667.6000,5,1,3,1,1,1,1,1,2,1
SF,IH2005,2020-04-01 09:30:10.500,2665.8000,1375,0,14374680.000,0,-,-,-,-,2662.8000,2662.6000,2662.4000,2660.4000,2660.2000,2664.8000,2667.0000,2667.2000,2667.4000,2667.6000,5,1,1,1,1,1,1,1,2,1
SF,IH2005,2020-04-01 09:30:11.500,2665.8000,1375,0,14374680.000,0,-,-,-,-,2663.2000,2662.8000,2662.6000,2662.4000,2660.4000,2664.8000,2667.0000,2667.2000,2667.4000,2667.6000,1,5,1,1,1,1,1,1,2,1
SF,IH2005,2020-04-01 09:30:12.000,2665.8000,1375,0,14374680.000,0,-,-,-,-,2663.2000,2662.8000,2660.4000,2660.2000,2658.0000,2664.8000,2667.0000,2667.2000,2667.4000,2667.6000,1,4,1,1,1,1,1,1,2,1
SF,IH2005,2020-04-01 09:30:12.500,2665.8000,1375,0,14374680.000,0,-,-,-,-,2663.4000,2662.8000,2660.4000,2660.2000,2658.0000,2664.8000,2667.0000,2667.2000,2667.4000,2667.6000,1,2,1,1,1,1,1,1,2,1
SF,IH2005,2020-04-01 09:30:13.000,2665.8000,1375,0,14374680.000,0,-,-,-,-,2663.4000,2662.8000,2660.4000,2660.2000,2658.0000,2664.8000,2667.0000,2667.2000,2667.4000,2667.6000,1,2,1,1,1,1,1,1,2,1
SF,IH2005,2020-04-01 09:30:13.500,2665.8000,1375,0,14374680.000,0,-,-,-,-,2663.4000,2662.8000,2660.4000,2660.2000,2658.0000,2664.8000,2667.0000,2667.2000,2667.4000,2667.6000,1,2,1,1,1,1,1,1,2,1
SF,IH2005,2020-04-01 09:30:14.000,2665.8000,1375,0,14374680.000,0,-,-,-,-,2663.4000,2662.8000,2660.4000,2660.2000,2658.0000,2664.6000,2664.8000,2667.0000,2667.2000,2667.4000,1,2,1,1,1,1,1,1,1,2
SF,IH2005,2020-04-01 09:30:14.500,2665.8000,1375,0,14374680.000,0,-,-,-,-,2663.6000,2663.4000,2662.8000,2660.4000,2660.2000,2664.6000,2664.8000,2667.0000,2667.2000,2667.4000,1,1,2,1,1,1,1,1,1,2
SF,IH2005,2020-04-01 09:30:15.000,2665.8000,1375,0,14374680.000,0,-,-,-,-,2663.8000,2663.6000,2662.8000,2660.4000,2660.2000,2664.8000,2667.0000,2667.2000,2667.4000,2667.6000,1,1,2,1,1,1,1,1,2,1
SF,IH2005,2020-04-01 09:30:15.500,2665.8000,1375,0,14374680.000,0,-,-,-,-,2663.8000,2662.8000,2660.4000,2660.2000,2658.0000,2664.8000,2667.0000,2667.2000,2667.4000,2667.6000,1,2,1,1,1,1,1,1,2,1
SF,IH2005,2020-04-01 09:30:16.000,2665.8000,1375,0,14374680.000,0,-,-,-,-,2663.8000,2662.8000,2660.4000,2658.0000,2657.0000,2664.8000,2667.0000,2667.2000,2667.4000,2667.6000,1,2,1,1,1,1,1,1,2,1
SF,IH2005,2020-04-01 09:30:17.500,2663.8000,1375,0,15173820.000,1,0,1,多换,S,2662.8000,2660.4000,2658.0000,2657.0000,2656.2000,2664.8000,2667.0000,2667.2000,2667.4000,2667.6000,2,1,1,1,5,1,1,1,2,1
SF,IH2005,2020-04-01 09:30:18.000,2663.8000,1375,0,15173820.000,0,-,-,-,-,2662.8000,2660.4000,2658.0000,2657.0000,2656.2000,2664.6000,2664.8000,2667.0000,2667.2000,2667.4000,1,1,1,1,5,1,1,1,1,2
SF,IH2005,2020-04-01 09:30:18.500,2663.8000,1375,0,15173820.000,0,-,-,-,-,2662.8000,2660.4000,2658.0000,2657.0000,2656.2000,2664.6000,2664.8000,2667.0000,2667.2000,2667.4000,1,1,1,1,5,1,1,1,1,2
SF,IH2005,2020-04-01 09:30:19.000,2663.8000,1375,0,15173820.000,0,-,-,-,-,2662.8000,2660.4000,2658.0000,2657.0000,2656.2000,2664.4000,2664.6000,2664.8000,2667.0000,2667.2000,1,1,1,1,5,1,1,1,1,1
SF,IH2005,2020-04-01 09:30:19.500,2663.8000,1375,0,15173820.000,0,-,-,-,-,2660.4000,2658.0000,2657.0000,2656.2000,2645.0000,2664.2000,2664.4000,2664.8000,2667.0000,2667.2000,1,1,1,5,1,1,1,1,1,1
SF,IH2005,2020-04-01 09:30:20.000,2663.8000,1375,0,15173820.000,0,-,-,-,-,2660.6000,2660.4000,2658.0000,2657.0000,2656.2000,2664.0000,2664.2000,2664.8000,2667.0000,2667.2000,4,1,1,1,5,1,1,1,1,1
SF,IH2005,2020-04-01 09:30:20.500,2663.8000,1375,0,15173820.000,0,-,-,-,-,2660.6000,2660.4000,2658.0000,2657.0000,2656.2000,2663.8000,2664.8000,2667.0000,2667.2000,2667.4000,4,1,1,1,5,1,1,1,1,2
SF,IH2005,2020-04-01 09:30:21.000,2663.8000,1375,0,15173820.000,0,-,-,-,-,2661.0000,2660.8000,2660.6000,2660.4000,2658.0000,2664.8000,2667.0000,2667.2000,2667.4000,2667.6000,1,1,4,1,1,1,1,1,2,1
SF,IH2005,2020-04-01 09:30:21.500,2663.8000,1375,0,15173820.000,0,-,-,-,-,2662.4000,2662.0000,2661.4000,2661.2000,2661.0000,2664.6000,2664.8000,2667.0000,2667.2000,2667.4000,1,1,1,4,1,1,1,1,1,2
SF,IH2005,2020-04-01 09:30:22.000,2663.8000,1375,0,15173820.000,0,-,-,-,-,2662.6000,2662.4000,2662.0000,2661.4000,2661.2000,2664.6000,2664.8000,2667.0000,2667.2000,2667.4000,4,2,1,1,1,1,1,1,1,2
SF,IH2005,2020-04-01 09:30:22.500,2663.8000,1375,0,15173820.000,0,-,-,-,-,2662.6000,2662.4000,2662.0000,2661.2000,2661.0000,2664.6000,2664.8000,2667.0000,2667.2000,2667.4000,4,2,1,1,1,1,1,1,1,2
SF,IH2005,2020-04-01 09:30:23.000,2663.8000,1375,0,15173820.000,0,-,-,-,-,2663.4000,2662.6000,2661.2000,2661.0000,2660.6000,2664.6000,2664.8000,2667.0000,2667.2000,2667.4000,1,2,1,1,2,1,1,1,1,2
SF,IH2005,2020-04-01 09:30:23.500,2663.4000,1375,0,15972840.000,1,0,1,多换,S,2662.6000,2661.2000,2661.0000,2660.6000,2660.4000,2664.4000,2664.6000,2664.8000,2667.0000,2667.2000,2,1,1,2,1,1,1,1,1,1
SF,IH2005,2020-04-01 09:30:24.000,2663.4000,1375,0,15972840.000,0,-,-,-,-,2662.8000,2662.6000,2662.4000,2661.2000,2661.0000,2664.4000,2664.8000,2667.0000,2667.2000,2667.4000,1,2,2,1,1,1,1,1,1,2
SF,IH2005,2020-04-01 09:30:24.500,2663.4000,1375,0,15972840.000,0,-,-,-,-,2662.6000,2661.2000,2661.0000,2660.6000,2660.4000,2664.8000,2667.0000,2667.2000,2667.4000,2667.6000,2,1,1,2,1,1,1,1,2,1
SF,IH2005,2020-04-01 09:30:25.000,2663.4000,1375,0,15972840.000,0,-,-,-,-,2662.8000,2662.6000,2662.4000,2661.2000,2661.0000,2664.6000,2664.8000,2667.0000,2667.2000,2667.4000,1,2,2,1,1,2,1,1,1,2
SF,IH2005,2020-04-01 09:30:25.500,2663.0000,1374,-1,16771740.000,1,0,1,双平,S,2662.6000,2661.2000,2661.0000,2660.6000,2660.4000,2664.6000,2664.8000,2667.0000,2667.2000,2667.4000,1,1,1,2,1,2,1,1,1,2
SF,IH2005,2020-04-01 09:30:26.500,2663.0000,1374,0,16771740.000,0,-,-,-,-,2662.8000,2662.6000,2661.2000,2661.0000,2660.6000,2664.6000,2664.8000,2667.0000,2667.2000,2667.4000,1,1,1,1,2,2,1,1,1,2
SF,IH2005,2020-04-01 09:30:27.000,2663.0000,1374,0,16771740.000,0,-,-,-,-,2662.6000,2661.2000,2661.0000,2660.6000,2660.4000,2664.4000,2664.6000,2664.8000,2667.0000,2667.2000,1,1,1,2,1,1,2,1,1,1
SF,IH2005,2020-04-01 09:30:27.500,2662.6000,1373,-1,17570520.000,1,0,1,双平,S,2661.2000,2661.0000,2660.6000,2660.4000,2658.0000,2664.2000,2664.6000,2664.8000,2667.0000,2667.2000,1,1,2,1,1,1,1,1,1,1
SF,IH2005,2020-04-01 09:30:28.000,2662.6000,1373,0,17570520.000,0,-,-,-,-,2661.4000,2661.2000,2661.0000,2660.6000,2660.4000,2664.2000,2664.8000,2667.0000,2667.2000,2667.4000,3,1,1,2,1,1,1,1,1,2
SF,IH2005,2020-04-01 09:30:28.500,2662.6000,1373,0,17570520.000,0,-,-,-,-,2661.4000,2661.2000,2661.0000,2660.6000,2660.4000,2664.2000,2664.8000,2667.0000,2667.2000,2667.4000,3,1,1,2,1,1,1,1,1,2
SF,IH2005,2020-04-01 09:30:29.000,2662.6000,1373,0,17570520.000,0,-,-,-,-,2661.4000,2661.2000,2661.0000,2660.6000,2660.4000,2664.2000,2664.8000,2667.0000,2667.2000,2667.4000,3,1,1,2,1,1,1,1,1,2
SF,IH2005,2020-04-01 09:30:30.500,2662.6000,1373,0,17570520.000,0,-,-,-,-,2661.4000,2660.6000,2660.4000,2658.0000,2657.0000,2664.0000,2664.2000,2664.8000,2667.0000,2667.2000,1,2,1,1,1,4,1,1,1,1
SF,IH2005,2020-04-01 09:30:31.000,2662.6000,1373,0,17570520.000,0,-,-,-,-,2661.6000,2661.4000,2660.6000,2660.4000,2658.0000,2663.8000,2664.8000,2667.0000,2667.2000,2667.4000,2,1,2,1,1,1,1,1,1,2
SF,IH2005,2020-04-01 09:30:31.500,2662.6000,1373,0,17570520.000,0,-,-,-,-,2661.8000,2661.6000,2660.6000,2660.4000,2658.0000,2663.8000,2664.8000,2667.0000,2667.2000,2667.4000,1,2,2,1,1,1,1,1,1,2
SF,IH2005,2020-04-01 09:30:32.000,2662.6000,1373,0,17570520.000,0,-,-,-,-,2661.8000,2661.6000,2660.6000,2660.4000,2658.0000,2663.8000,2664.8000,2667.0000,2667.2000,2667.4000,1,2,2,1,1,1,1,1,1,2
SF,IH2005,2020-04-01 09:30:32.500,2662.6000,1373,0,17570520.000,0,-,-,-,-,2662.0000,2661.8000,2661.6000,2660.6000,2660.4000,2663.8000,2664.8000,2667.0000,2667.2000,2667.4000,1,1,2,2,1,1,1,1,1,2
SF,IH2005,2020-04-01 09:30:33.000,2662.6000,1373,0,17570520.000,0,-,-,-,-,2661.8000,2661.6000,2660.6000,2660.4000,2658.0000,2663.8000,2664.8000,2667.0000,2667.2000,2667.4000,1,1,2,1,1,1,1,1,1,2
SF,IH2005,2020-04-01 09:30:33.500,2662.6000,1373,0,17570520.000,0,-,-,-,-,2661.8000,2660.6000,2660.4000,2658.0000,2657.0000,2663.8000,2664.8000,2667.0000,2667.2000,2667.4000,1,2,1,1,1,1,1,1,1,2
SF,IH2005,2020-04-01 09:30:34.000,2662.6000,1373,0,17570520.000,0,-,-,-,-,2661.8000,2660.6000,2660.4000,2658.0000,2657.0000,2663.6000,2663.8000,2664.8000,2667.0000,2667.2000,1,2,1,1,1,1,1,1,1,1
SF,IH2005,2020-04-01 09:30:34.500,2662.6000,1373,0,17570520.000,0,-,-,-,-,2662.0000,2661.8000,2660.6000,2660.4000,2658.0000,2663.4000,2663.6000,2664.8000,2667.0000,2667.2000,1,1,2,1,1,1,1,1,1,1
SF,IH2005,2020-04-01 09:30:35.000,2662.0000,1372,-1,18369120.000,1,0,1,双平,S,2661.8000,2660.6000,2658.0000,2657.0000,2656.2000,2663.4000,2663.6000,2664.8000,2667.0000,2667.2000,1,1,1,1,5,1,1,1,1,1
SF,IH2005,2020-04-01 09:30:35.500,2662.0000,1372,0,18369120.000,0,-,-,-,-,2660.6000,2658.0000,2657.0000,2656.2000,2645.0000,2663.2000,2663.4000,2663.6000,2664.8000,2667.0000,1,1,1,5,1,1,1,1,1,1
SF,IH2005,2020-04-01 09:30:36.000,2662.0000,1372,0,18369120.000,0,-,-,-,-,2660.8000,2660.6000,2658.0000,2657.0000,2656.2000,2663.0000,2664.8000,2667.0000,2667.2000,2667.4000,1,1,1,1,5,1,1,1,1,2
SF,IH2005,2020-04-01 09:30:36.500,2662.0000,1372,0,18369120.000,0,-,-,-,-,2660.8000,2660.6000,2658.0000,2657.0000,2656.2000,2664.8000,2667.0000,2667.2000,2667.4000,2667.6000,1,1,1,1,5,1,1,1,2,1
SF,IH2005,2020-04-01 09:30:37.000,2662.0000,1372,0,18369120.000,0,-,-,-,-,2661.0000,2660.8000,2660.6000,2658.0000,2657.0000,2664.6000,2664.8000,2667.0000,2667.2000,2667.4000,1,1,1,1,1,3,1,1,1,2
SF,IH2005,2020-04-01 09:30:37.500,2662.0000,1372,0,18369120.000,0,-,-,-,-,2661.2000,2661.0000,2660.6000,2658.0000,2657.0000,2664.6000,2664.8000,2667.0000,2667.2000,2667.4000,1,1,1,1,1,3,1,1,1,2
SF,IH2005,2020-04-01 09:30:38.000,2662.0000,1372,0,18369120.000,0,-,-,-,-,2661.4000,2661.2000,2660.6000,2658.0000,2657.0000,2664.6000,2664.8000,2667.0000,2667.2000,2667.4000,1,1,1,1,1,2,1,1,1,2
SF,IH2005,2020-04-01 09:30:38.500,2662.0000,1372,0,18369120.000,0,-,-,-,-,2661.6000,2661.4000,2660.6000,2658.0000,2657.0000,2664.6000,2664.8000,2667.0000,2667.2000,2667.4000,1,1,1,1,1,2,1,1,1,2
SF,IH2005,2020-04-01 09:30:39.000,2662.0000,1372,0,18369120.000,0,-,-,-,-,2661.6000,2661.4000,2660.6000,2658.0000,2657.0000,2664.6000,2664.8000,2667.0000,2667.2000,2667.4000,1,1,1,1,1,2,1,1,1,2
SF,IH2005,2020-04-01 09:30:39.500,2662.0000,1372,0,18369120.000,0,-,-,-,-,2661.8000,2661.6000,2660.6000,2658.0000,2657.0000,2664.6000,2664.8000,2667.0000,2667.2000,2667.4000,1,1,1,1,1,2,1,1,1,2
SF,IH2005,2020-04-01 09:30:40.000,2662.0000,1372,0,18369120.000,0,-,-,-,-,2662.0000,2661.8000,2660.6000,2658.0000,2657.0000,2664.6000,2664.8000,2667.0000,2667.2000,2667.4000,1,1,1,1,1,2,1,1,1,2
SF,IH2005,2020-04-01 09:30:40.500,2662.0000,1372,0,18369120.000,0,-,-,-,-,2662.0000,2661.8000,2660.6000,2658.0000,2657.0000,2664.4000,2664.6000,2664.8000,2667.0000,2667.2000,1,1,1,1,1,1,2,1,1,1
SF,IH2005,2020-04-01 09:30:41.000,2662.0000,1372,0,18369120.000,0,-,-,-,-,2662.0000,2661.8000,2660.6000,2658.0000,2657.0000,2664.2000,2664.4000,2664.6000,2664.8000,2667.0000,1,1,1,1,1,1,1,1,1,1
SF,IH2005,2020-04-01 09:30:44.000,2662.0000,1372,0,18369120.000,0,-,-,-,-,2662.0000,2660.6000,2658.0000,2657.0000,2656.2000,2664.2000,2664.4000,2664.6000,2664.8000,2667.0000,1,1,1,1,5,1,1,1,1,1
SF,IH2005,2020-04-01 09:30:44.500,2662.0000,1372,0,18369120.000,0,-,-,-,-,2662.0000,2660.6000,2658.0000,2657.0000,2656.2000,2664.0000,2664.2000,2664.4000,2664.6000,2664.8000,1,1,1,1,5,1,1,1,1,1
SF,IH2005,2020-04-01 09:30:45.000,2662.0000,1372,0,18369120.000,0,-,-,-,-,2662.0000,2660.6000,2658.0000,2657.0000,2656.2000,2663.8000,2664.4000,2664.6000,2664.8000,2667.2000,1,1,1,1,5,1,1,1,1,1
SF,IH2005,2020-04-01 09:30:48.000,2662.0000,1372,0,18369120.000,0,-,-,-,-,2662.0000,2658.0000,2657.0000,2656.2000,2645.0000,2663.8000,2664.4000,2664.6000,2664.8000,2667.2000,2,1,1,5,1,1,1,1,1,1
SF,IH2005,2020-04-01 09:30:48.500,2662.0000,1372,0,18369120.000,0,-,-,-,-,2662.0000,2658.0000,2657.0000,2656.2000,2645.0000,2663.8000,2664.4000,2664.8000,2667.2000,2667.4000,1,1,1,5,1,1,1,1,1,1
SF,IH2005,2020-04-01 09:30:49.000,2662.0000,1372,0,18369120.000,0,-,-,-,-,2662.0000,2658.0000,2657.0000,2656.2000,2645.0000,2663.8000,2664.4000,2664.8000,2667.2000,2667.4000,1,1,1,5,1,1,1,1,1,1
SF,IH2005,2020-04-01 09:30:49.500,2662.0000,1372,0,18369120.000,0,-,-,-,-,2662.2000,2662.0000,2658.0000,2657.0000,2656.2000,2663.8000,2664.4000,2664.8000,2667.2000,2667.4000,1,1,1,1,5,1,1,1,1,1
SF,IH2005,2020-04-01 09:30:52.000,2662.0000,1372,0,18369120.000,0,-,-,-,-,2662.2000,2662.0000,2658.0000,2657.0000,2656.2000,2663.8000,2664.4000,2664.8000,2667.2000,2667.4000,2,1,1,1,5,1,1,1,1,1
SF,IH2005,2020-04-01 09:30:52.500,2662.0000,1372,0,18369120.000,0,-,-,-,-,2662.4000,2662.2000,2658.0000,2657.0000,2656.2000,2663.8000,2664.4000,2664.8000,2667.2000,2667.4000,1,2,1,1,5,1,1,1,1,1
SF,IH2005,2020-04-01 09:30:53.000,2662.0000,1372,0,18369120.000,0,-,-,-,-,2662.4000,2662.2000,2658.0000,2657.0000,2656.2000,2663.8000,2664.4000,2664.8000,2667.2000,2667.4000,1,2,1,1,5,1,1,1,1,1
SF,IH2005,2020-04-01 09:30:57.000,2662.0000,1372,0,18369120.000,0,-,-,-,-,2662.6000,2662.4000,2662.2000,2658.0000,2657.0000,2663.8000,2664.4000,2664.8000,2667.2000,2667.4000,1,3,2,1,1,1,1,1,1,1
SF,IH2005,2020-04-01 09:30:57.500,2663.8000,1371,-1,19168260.000,1,0,1,双平,S,2662.8000,2662.6000,2662.2000,2658.0000,2657.0000,2664.4000,2664.8000,2667.2000,2667.4000,2667.6000,2,1,2,1,1,1,1,1,1,1
SF,IH2005,2020-04-01 09:31:00.500,2663.8000,1371,0,19168260.000,0,-,-,-,-,2663.0000,2662.8000,2662.2000,2658.0000,2657.0000,2664.4000,2664.8000,2667.2000,2667.4000,2667.6000,1,2,2,1,1,1,1,1,1,1
SF,IH2005,2020-04-01 09:31:01.000,2664.4000,1370,-1,19967580.000,1,0,1,双平,S,2663.2000,2663.0000,2662.8000,2662.2000,2658.0000,2664.8000,2667.2000,2667.4000,2667.6000,2668.0000,1,1,1,2,1,1,1,1,1,1
SF,IH2005,2020-04-01 09:31:01.500,2664.4000,1370,0,19967580.000,0,-,-,-,-,2663.4000,2663.2000,2662.8000,2662.2000,2658.0000,2664.8000,2667.2000,2667.4000,2667.6000,2668.0000,1,1,1,2,1,1,1,1,1,1
SF,IH2005,2020-04-01 09:31:02.000,2664.4000,1370,0,19967580.000,0,-,-,-,-,2663.6000,2663.4000,2662.8000,2662.2000,2658.0000,2664.8000,2667.2000,2667.4000,2667.6000,2668.0000,1,1,1,2,1,1,1,1,1,1
SF,IH2005,2020-04-01 09:31:02.500,2664.8000,1369,-1,20767020.000,1,0,1,双平,S,2663.6000,2663.4000,2662.8000,2662.2000,2658.0000,2667.2000,2667.4000,2667.6000,2668.0000,2669.4000,1,1,1,2,1,1,1,1,1,1
SF,IH2005,2020-04-01 09:31:03.000,2664.8000,1369,0,20767020.000,0,-,-,-,-,2663.8000,2663.6000,2662.2000,2658.0000,2657.0000,2667.0000,2667.2000,2667.4000,2667.6000,2668.0000,1,1,2,1,1,4,1,1,1,1
SF,IH2005,2020-04-01 09:31:03.500,2664.8000,1369,0,20767020.000,0,-,-,-,-,2664.0000,2663.8000,2662.2000,2658.0000,2657.0000,2667.0000,2667.2000,2667.4000,2667.6000,2668.0000,2,1,2,1,1,4,1,1,1,1
SF,IH2005,2020-04-01 09:31:04.000,2664.8000,1369,0,20767020.000,0,-,-,-,-,2664.0000,2663.8000,2662.2000,2658.0000,2657.0000,2667.0000,2667.2000,2667.4000,2667.6000,2668.0000,2,1,2,1,1,4,1,1,1,1
SF,IH2005,2020-04-01 09:31:04.500,2664.8000,1369,0,20767020.000,0,-,-,-,-,2664.0000,2663.8000,2662.2000,2658.0000,2657.0000,2667.0000,2667.6000,2669.4000,2670.0000,2675.2000,2,1,1,1,1,2,1,1,1,5
SF,IH2005,2020-04-01 09:31:05.000,2664.8000,1369,0,20767020.000,0,-,-,-,-,2664.2000,2664.0000,2662.2000,2658.0000,2657.0000,2667.0000,2667.6000,2669.4000,2670.0000,2675.2000,1,2,1,1,1,1,1,1,1,5
SF,IH2005,2020-04-01 09:31:05.500,2664.8000,1369,0,20767020.000,0,-,-,-,-,2664.4000,2664.2000,2664.0000,2662.2000,2658.0000,2667.0000,2667.6000,2669.4000,2670.0000,2675.2000,1,1,1,1,1,1,1,1,1,5
SF,IH2005,2020-04-01 09:31:06.000,2664.8000,1369,0,20767020.000,0,-,-,-,-,2664.4000,2664.2000,2664.0000,2662.2000,2658.0000,2667.0000,2667.6000,2669.4000,2670.0000,2675.2000,1,1,1,1,1,1,1,1,1,5
SF,IH2005,2020-04-01 09:31:06.500,2664.8000,1369,0,20767020.000,0,-,-,-,-,2664.4000,2664.2000,2664.0000,2662.2000,2658.0000,2666.8000,2667.0000,2667.6000,2669.4000,2670.0000,1,1,1,1,1,1,1,1,1,1
SF,IH2005,2020-04-01 09:31:07.000,2664.8000,1369,0,20767020.000,0,-,-,-,-,2664.4000,2664.2000,2664.0000,2662.2000,2658.0000,2666.6000,2669.4000,2670.0000,2675.2000,2697.6000,1,1,1,1,1,1,1,1,5,3
SF,IH2005,2020-04-01 09:31:07.500,2664.8000,1369,0,20767020.000,0,-,-,-,-,2664.4000,2664.2000,2664.0000,2662.2000,2658.0000,2666.6000,2669.4000,2670.0000,2675.2000,2697.6000,1,1,1,1,1,1,1,1,5,3
SF,IH2005,2020-04-01 09:31:08.000,2664.8000,1369,0,20767020.000,0,-,-,-,-,2664.4000,2664.2000,2664.0000,2662.2000,2658.0000,2666.6000,2669.4000,2670.0000,2675.2000,2697.6000,1,1,1,1,1,1,1,1,5,3
SF,IH2005,2020-04-01 09:31:08.500,2664.8000,1369,0,20767020.000,0,-,-,-,-,2664.4000,2664.2000,2664.0000,2662.2000,2658.0000,2666.6000,2669.4000,2670.0000,2675.2000,2697.6000,1,1,1,1,1,1,1,1,5,3
SF,IH2005,2020-04-01 09:31:09.000,2664.8000,1369,0,20767020.000,0,-,-,-,-,2664.6000,2664.4000,2664.0000,2662.2000,2658.0000,2669.4000,2670.0000,2675.2000,2697.6000,2721.0000,1,1,1,1,1,1,1,5,3,1
SF,IH2005,2020-04-01 09:31:09.500,2664.8000,1369,0,20767020.000,0,-,-,-,-,2664.8000,2664.6000,2664.0000,2662.2000,2658.0000,2668.4000,2668.8000,2669.2000,2669.4000,2670.0000,1,1,1,1,1,1,1,5,1,1
SF,IH2005,2020-04-01 09:31:10.000,2664.8000,1369,0,20767020.000,0,-,-,-,-,2665.0000,2664.8000,2664.0000,2663.2000,2662.2000,2668.2000,2668.4000,2668.8000,2669.2000,2669.4000,1,1,1,1,1,3,1,1,4,1
SF,IH2005,2020-04-01 09:31:10.500,2664.8000,1369,0,20767020.000,0,-,-,-,-,2665.2000,2665.0000,2664.0000,2663.2000,2662.2000,2668.2000,2668.8000,2669.2000,2669.4000,2670.0000,1,1,1,1,1,1,1,4,1,1
SF,IH2005,2020-04-01 09:31:11.000,2664.8000,1369,0,20767020.000,0,-,-,-,-,2665.6000,2665.4000,2665.2000,2665.0000,2664.0000,2668.2000,2668.8000,2669.2000,2669.4000,2670.0000,1,1,1,1,1,1,1,4,1,1
SF,IH2005,2020-04-01 09:31:11.500,2664.8000,1369,0,20767020.000,0,-,-,-,-,2666.0000,2665.8000,2665.6000,2665.0000,2664.0000,2668.2000,2669.2000,2669.4000,2670.0000,2675.0000,1,3,1,1,1,1,1,1,1,1
SF,IH2005,2020-04-01 09:31:12.000,2664.8000,1369,0,20767020.000,0,-,-,-,-,2666.2000,2665.8000,2665.6000,2665.0000,2664.0000,2668.2000,2669.2000,2669.4000,2670.0000,2675.0000,1,2,1,1,1,1,1,1,1,1
SF,IH2005,2020-04-01 09:31:12.500,2664.8000,1369,0,20767020.000,0,-,-,-,-,2666.2000,2665.8000,2664.0000,2663.2000,2662.2000,2668.2000,2669.2000,2669.4000,2670.0000,2675.0000,1,1,1,1,1,1,1,1,1,1
SF,IH2005,2020-04-01 09:31:15.000,2664.8000,1369,0,20767020.000,0,-,-,-,-,2666.4000,2666.2000,2664.0000,2663.2000,2662.2000,2668.2000,2669.2000,2670.0000,2675.0000,2675.2000,2,1,1,1,1,1,1,1,1,5
SF,IH2005,2020-04-01 09:31:15.500,2664.8000,1369,0,20767020.000,0,-,-,-,-,2666.6000,2666.4000,2664.0000,2663.2000,2662.2000,2668.2000,2669.2000,2670.0000,2675.0000,2675.2000,1,1,1,1,1,1,1,1,1,5
SF,IH2005,2020-04-01 09:31:16.000,2664.8000,1369,0,20767020.000,0,-,-,-,-,2666.8000,2666.6000,2666.4000,2664.0000,2663.2000,2669.2000,2670.0000,2675.0000,2679.0000,2697.6000,1,1,1,1,1,1,1,1,5,3
SF,IH2005,2020-04-01 09:31:16.500,2664.8000,1369,0,20767020.000,0,-,-,-,-,2667.0000,2666.8000,2666.4000,2664.0000,2663.8000,2669.0000,2670.0000,2675.0000,2679.0000,2697.6000,1,1,1,1,5,1,1,1,5,3
SF,IH2005,2020-04-01 09:31:17.000,2664.8000,1369,0,20767020.000,0,-,-,-,-,2667.0000,2666.8000,2666.4000,2664.0000,2663.8000,2669.0000,2670.0000,2675.0000,2679.0000,2697.6000,1,1,1,1,5,1,1,1,5,3
SF,IH2005,2020-04-01 09:31:17.500,2664.8000,1369,0,20767020.000,0,-,-,-,-,2667.0000,2666.8000,2666.4000,2664.0000,2663.8000,2669.0000,2670.0000,2675.0000,2679.0000,2697.6000,1,1,1,1,5,1,1,1,5,3
SF,IH2005,2020-04-01 09:31:18.000,2664.8000,1369,0,20767020.000,0,-,-,-,-,2667.0000,2666.8000,2664.0000,2663.8000,2663.2000,2669.0000,2670.0000,2675.0000,2679.0000,2697.6000,1,1,1,5,1,1,1,1,5,3
SF,IH2005,2020-04-01 09:31:18.500,2664.8000,1369,0,20767020.000,0,-,-,-,-,2667.0000,2666.8000,2664.0000,2663.8000,2663.2000,2669.0000,2670.0000,2675.0000,2679.0000,2697.6000,1,1,1,5,1,1,1,1,5,3
SF,IH2005,2020-04-01 09:31:19.000,2664.8000,1369,0,20767020.000,0,-,-,-,-,2667.0000,2666.8000,2664.0000,2663.8000,2663.2000,2669.0000,2670.0000,2675.0000,2679.0000,2697.6000,1,1,1,5,1,1,1,1,5,3
SF,IH2005,2020-04-01 09:31:19.500,2664.8000,1369,0,20767020.000,0,-,-,-,-,2667.2000,2667.0000,2664.0000,2663.8000,2663.2000,2670.0000,2675.0000,2679.0000,2697.6000,2721.0000,1,1,1,5,1,1,1,5,3,1
SF,IH2005,2020-04-01 09:31:20.000,2664.8000,1369,0,20767020.000,0,-,-,-,-,2667.4000,2664.0000,2663.8000,2663.2000,2662.2000,2669.8000,2670.0000,2675.0000,2679.0000,2697.6000,1,1,5,1,1,1,1,1,5,3
SF,IH2005,2020-04-01 09:31:20.500,2664.8000,1369,0,20767020.000,0,-,-,-,-,2667.4000,2663.8000,2663.2000,2662.2000,2658.0000,2669.8000,2670.0000,2675.0000,2679.0000,2697.6000,1,5,1,1,1,1,1,1,5,3
SF,IH2005,2020-04-01 09:31:21.000,2664.8000,1369,0,20767020.000,0,-,-,-,-,2667.6000,2667.4000,2663.8000,2663.2000,2662.2000,2669.8000,2670.0000,2675.0000,2679.0000,2697.6000,1,1,5,1,1,1,1,1,5,3
SF,IH2005,2020-04-01 09:31:21.500,2664.8000,1369,0,20767020.000,0,-,-,-,-,2667.8000,2667.6000,2663.8000,2663.2000,2662.2000,2669.8000,2670.0000,2675.0000,2679.0000,2697.6000,1,1,5,1,1,1,1,1,5,3
SF,IH2005,2020-04-01 09:31:22.500,2667.8000,1368,-1,21567360.000,1,0,1,双平,S,2667.6000,2663.8000,2663.2000,2662.2000,2658.0000,2669.8000,2670.0000,2675.0000,2679.0000,2697.6000,1,5,1,1,1,1,1,1,5,3
SF,IH2005,2020-04-01 09:31:23.000,2667.8000,1368,0,21567360.000,0,-,-,-,-,2667.6000,2663.8000,2663.2000,2662.2000,2658.0000,2669.6000,2669.8000,2670.0000,2675.0000,2679.0000,1,5,1,1,1,1,1,1,1,5
SF,IH2005,2020-04-01 09:31:23.500,2667.8000,1368,0,21567360.000,0,-,-,-,-,2663.8000,2663.2000,2662.2000,2658.0000,2657.0000,2669.4000,2669.6000,2670.0000,2675.0000,2679.0000,5,1,1,1,1,1,1,1,1,5
SF,IH2005,2020-04-01 09:31:24.000,2667.8000,1368,0,21567360.000,0,-,-,-,-,2666.4000,2666.0000,2665.6000,2665.0000,2664.0000,2669.2000,2669.4000,2670.0000,2675.0000,2679.0000,2,1,1,1,3,1,1,1,1,5
SF,IH2005,2020-04-01 09:31:24.500,2667.8000,1368,0,21567360.000,0,-,-,-,-,2666.6000,2666.4000,2666.0000,2665.6000,2665.0000,2669.0000,2669.2000,2670.0000,2675.0000,2679.0000,2,2,1,1,1,1,1,1,1,5
SF,IH2005,2020-04-01 09:31:25.000,2667.8000,1368,0,21567360.000,0,-,-,-,-,2666.6000,2666.4000,2666.0000,2665.6000,2665.0000,2669.0000,2669.2000,2670.0000,2675.0000,2679.0000,2,2,1,1,1,1,1,1,1,5
SF,IH2005,2020-04-01 09:31:25.500,2667.8000,1368,0,21567360.000,0,-,-,-,-,2666.8000,2666.6000,2666.4000,2666.0000,2665.6000,2668.8000,2669.0000,2670.0000,2675.0000,2679.0000,5,2,2,1,1,1,1,1,1,5
SF,IH2005,2020-04-01 09:31:26.000,2667.8000,1368,0,21567360.000,0,-,-,-,-,2667.0000,2666.8000,2666.6000,2666.4000,2666.0000,2668.6000,2668.8000,2670.0000,2675.0000,2679.0000,1,1,1,2,1,1,1,1,1,5
SF,IH2005,2020-04-01 09:31:26.500,2667.8000,1368,0,21567360.000,0,-,-,-,-,2667.0000,2666.8000,2666.6000,2666.0000,2665.6000,2668.6000,2668.8000,2670.0000,2675.0000,2679.0000,1,1,1,1,1,1,1,1,1,5
SF,IH2005,2020-04-01 09:31:27.000,2667.8000,1368,0,21567360.000,0,-,-,-,-,2667.0000,2666.8000,2666.6000,2666.0000,2665.6000,2668.6000,2670.0000,2675.0000,2679.0000,2697.6000,1,1,1,1,1,1,1,1,5,3
SF,IH2005,2020-04-01 09:31:27.500,2667.8000,1368,0,21567360.000,0,-,-,-,-,2667.0000,2666.8000,2666.6000,2666.0000,2665.6000,2668.6000,2670.0000,2675.0000,2679.0000,2697.6000,1,1,1,1,1,1,1,1,5,3
SF,IH2005,2020-04-01 09:31:28.000,2667.8000,1368,0,21567360.000,0,-,-,-,-,2667.0000,2666.8000,2666.6000,2666.0000,2665.6000,2668.6000,2670.0000,2675.0000,2679.0000,2697.6000,1,1,1,1,1,1,1,1,5,3
SF,IH2005,2020-04-01 09:31:28.500,2667.8000,1368,0,21567360.000,0,-,-,-,-,2667.0000,2666.8000,2666.6000,2666.0000,2665.6000,2668.6000,2670.0000,2675.0000,2679.0000,2697.6000,1,1,1,1,1,1,1,1,5,3
SF,IH2005,2020-04-01 09:31:29.000,2667.8000,1368,0,21567360.000,0,-,-,-,-,2666.8000,2666.6000,2665.6000,2665.0000,2664.0000,2668.6000,2670.0000,2675.0000,2679.0000,2697.6000,1,1,1,1,1,1,1,1,5,3
SF,IH2005,2020-04-01 09:31:29.500,2667.8000,1368,0,21567360.000,0,-,-,-,-,2666.8000,2666.6000,2665.6000,2665.0000,2664.0000,2668.6000,2670.0000,2675.0000,2679.0000,2697.6000,1,1,1,1,1,1,1,1,5,3
SF,IH2005,2020-04-01 09:31:30.000,2667.8000,1368,0,21567360.000,0,-,-,-,-,2666.8000,2666.6000,2665.6000,2665.0000,2664.0000,2668.6000,2670.0000,2675.0000,2679.0000,2697.6000,1,1,1,1,1,1,1,1,5,3
SF,IH2005,2020-04-01 09:31:30.500,2667.8000,1368,0,21567360.000,0,-,-,-,-,2666.8000,2666.6000,2665.6000,2665.0000,2664.0000,2668.6000,2670.0000,2675.0000,2679.0000,2697.6000,1,1,1,1,1,1,1,1,5,3
SF,IH2005,2020-04-01 09:31:31.000,2667.8000,1368,0,21567360.000,0,-,-,-,-,2666.8000,2666.6000,2665.6000,2665.0000,2664.0000,2668.6000,2670.0000,2675.0000,2679.0000,2697.6000,1,1,1,1,1,1,1,1,5,3
SF,IH2005,2020-04-01 09:31:31.500,2667.8000,1368,0,21567360.000,0,-,-,-,-,2665.6000,2664.0000,2663.2000,2662.2000,2660.0000,2668.6000,2668.8000,2670.0000,2675.0000,2679.0000,1,1,1,1,5,1,1,1,1,5
SF,IH2005,2020-04-01 09:31:32.000,2667.8000,1368,0,21567360.000,0,-,-,-,-,2665.8000,2665.6000,2664.0000,2663.2000,2662.2000,2668.6000,2670.0000,2675.0000,2679.0000,2697.6000,3,1,1,1,1,1,1,1,5,3
SF,IH2005,2020-04-01 09:31:32.500,2667.8000,1368,0,21567360.000,0,-,-,-,-,2666.0000,2665.8000,2665.6000,2664.0000,2663.2000,2668.6000,2670.0000,2675.0000,2679.0000,2697.6000,1,3,1,1,1,1,1,1,5,3
SF,IH2005,2020-04-01 09:31:33.000,2667.8000,1368,0,21567360.000,0,-,-,-,-,2666.2000,2666.0000,2665.8000,2665.6000,2663.2000,2668.6000,2668.8000,2670.0000,2675.0000,2679.0000,2,1,1,1,1,1,1,1,1,5
SF,IH2005,2020-04-01 09:31:33.500,2667.8000,1368,0,21567360.000,0,-,-,-,-,2666.0000,2665.8000,2663.2000,2662.2000,2660.0000,2668.4000,2668.6000,2668.8000,2670.0000,2675.0000,1,1,1,1,5,1,1,1,1,1
SF,IH2005,2020-04-01 09:31:34.000,2667.8000,1368,0,21567360.000,0,-,-,-,-,2663.2000,2662.2000,2660.0000,2658.0000,2657.0000,2668.2000,2668.4000,2668.8000,2670.0000,2675.0000,1,1,5,1,1,2,1,1,1,1
SF,IH2005,2020-04-01 09:31:34.500,2667.8000,1368,0,21567360.000,0,-,-,-,-,2664.4000,2663.4000,2663.2000,2662.2000,2660.0000,2668.2000,2668.4000,2668.8000,2670.0000,2675.0000,1,3,1,1,5,2,1,1,1,1
SF,IH2005,2020-04-01 09:31:35.000,2667.8000,1368,0,21567360.000,0,-,-,-,-,2664.6000,2663.4000,2663.2000,2662.2000,2660.0000,2667.6000,2668.0000,2668.2000,2668.4000,2668.8000,2,1,1,1,5,1,3,2,1,1
SF,IH2005,2020-04-01 09:31:35.500,2667.8000,1368,0,21567360.000,0,-,-,-,-,2664.6000,2663.4000,2663.2000,2662.2000,2660.0000,2667.4000,2668.0000,2668.4000,2668.8000,2670.0000,2,1,1,1,5,2,3,1,1,1
SF,IH2005,2020-04-01 09:31:36.000,2667.8000,1368,0,21567360.000,0,-,-,-,-,2664.8000,2664.6000,2663.4000,2663.2000,2662.2000,2667.4000,2668.0000,2668.4000,2668.8000,2670.0000,1,2,1,1,1,2,1,1,1,1
SF,IH2005,2020-04-01 09:31:36.500,2667.8000,1368,0,21567360.000,0,-,-,-,-,2665.0000,2664.8000,2663.4000,2663.2000,2662.2000,2667.4000,2668.0000,2668.4000,2668.8000,2670.0000,2,1,1,1,1,2,1,1,1,1
SF,IH2005,2020-04-01 09:31:39.500,2667.8000,1368,0,21567360.000,0,-,-,-,-,2665.2000,2665.0000,2663.4000,2663.2000,2662.2000,2667.4000,2668.0000,2668.4000,2668.8000,2670.0000,1,2,1,1,1,2,1,1,1,1
SF,IH2005,2020-04-01 09:31:40.000,2667.8000,1368,0,21567360.000,0,-,-,-,-,2665.4000,2665.0000,2663.4000,2663.2000,2662.2000,2667.4000,2668.0000,2668.4000,2668.8000,2670.0000,1,1,1,1,1,2,1,1,1,1
SF,IH2005,2020-04-01 09:31:40.500,2667.8000,1368,0,21567360.000,0,-,-,-,-,2665.0000,2663.4000,2663.2000,2662.2000,2660.0000,2667.4000,2668.0000,2668.4000,2668.8000,2670.0000,1,1,1,1,5,2,1,1,1,1
SF,IH2005,2020-04-01 09:31:41.000,2667.8000,1368,0,21567360.000,0,-,-,-,-,2665.2000,2665.0000,2663.4000,2663.2000,2662.2000,2667.4000,2668.0000,2668.4000,2668.8000,2670.0000,1,1,1,1,1,2,1,1,1,1
SF,IH2005,2020-04-01 09:31:41.500,2667.8000,1368,0,21567360.000,0,-,-,-,-,2665.2000,2665.0000,2663.4000,2663.2000,2662.2000,2667.4000,2667.6000,2668.0000,2668.4000,2668.8000,1,1,1,1,1,2,1,1,1,1
SF,IH2005,2020-04-01 09:31:42.000,2667.8000,1368,0,21567360.000,0,-,-,-,-,2663.4000,2663.2000,2662.2000,2660.0000,2658.0000,2667.4000,2668.0000,2668.4000,2668.8000,2670.0000,1,1,1,5,1,2,1,1,1,1
SF,IH2005,2020-04-01 09:31:42.500,2667.8000,1368,0,21567360.000,0,-,-,-,-,2663.8000,2663.6000,2663.4000,2663.2000,2662.2000,2667.4000,2667.6000,2668.0000,2668.4000,2668.8000,1,2,1,1,1,2,1,1,1,1
SF,IH2005,2020-04-01 09:31:43.000,2667.8000,1368,0,21567360.000,0,-,-,-,-,2664.0000,2663.8000,2663.4000,2663.2000,2662.2000,2667.4000,2667.6000,2668.0000,2668.4000,2668.8000,3,1,1,1,1,2,1,1,1,1
SF,IH2005,2020-04-01 09:31:43.500,2667.8000,1368,0,21567360.000,0,-,-,-,-,2664.0000,2663.8000,2663.2000,2662.2000,2660.0000,2667.4000,2667.6000,2668.0000,2668.4000,2668.8000,3,1,1,1,5,2,1,1,1,1
SF,IH2005,2020-04-01 09:31:45.000,2667.8000,1368,0,21567360.000,0,-,-,-,-,2664.0000,2663.8000,2663.2000,2662.2000,2660.0000,2667.4000,2668.0000,2668.4000,2668.8000,2670.0000,3,1,1,1,5,2,1,1,1,1
SF,IH2005,2020-04-01 09:31:45.500,2667.8000,1368,0,21567360.000,0,-,-,-,-,2664.0000,2663.8000,2663.2000,2662.2000,2660.0000,2667.2000,2667.4000,2667.6000,2668.0000,2668.8000,3,1,1,1,5,1,2,1,1,1
SF,IH2005,2020-04-01 09:31:46.000,2667.8000,1368,0,21567360.000,0,-,-,-,-,2664.2000,2664.0000,2663.2000,2662.2000,2660.0000,2667.0000,2667.2000,2667.4000,2668.0000,2668.8000,1,3,1,1,5,1,1,1,1,1
SF,IH2005,2020-04-01 09:31:46.500,2667.8000,1368,0,21567360.000,0,-,-,-,-,2664.4000,2664.2000,2663.2000,2662.2000,2660.0000,2667.0000,2667.2000,2667.4000,2668.0000,2668.8000,3,1,1,1,5,1,1,1,1,1
SF,IH2005,2020-04-01 09:31:47.000,2667.8000,1368,0,21567360.000,0,-,-,-,-,2664.4000,2664.2000,2663.2000,2662.2000,2660.0000,2666.8000,2667.0000,2667.2000,2668.0000,2668.8000,3,1,1,1,5,1,1,1,1,1
SF,IH2005,2020-04-01 09:31:47.500,2667.8000,1368,0,21567360.000,0,-,-,-,-,2664.4000,2663.2000,2662.2000,2660.0000,2658.0000,2666.6000,2666.8000,2667.2000,2668.0000,2668.8000,3,1,1,5,1,1,1,1,1,1
SF,IH2005,2020-04-01 09:31:48.000,2667.8000,1368,0,21567360.000,0,-,-,-,-,2664.4000,2663.2000,2662.2000,2660.0000,2658.0000,2666.4000,2666.6000,2667.2000,2668.0000,2668.8000,3,1,1,5,1,1,1,1,1,1
SF,IH2005,2020-04-01 09:31:48.500,2667.8000,1368,0,21567360.000,0,-,-,-,-,2664.4000,2663.2000,2662.2000,2660.0000,2658.0000,2666.2000,2666.4000,2667.2000,2668.0000,2668.8000,3,1,1,5,1,1,1,1,1,1
SF,IH2005,2020-04-01 09:31:49.000,2667.8000,1368,0,21567360.000,0,-,-,-,-,2664.4000,2663.2000,2662.2000,2660.0000,2658.0000,2666.2000,2666.4000,2667.2000,2668.0000,2668.8000,1,1,1,5,1,1,1,1,1,1
SF,IH2005,2020-04-01 09:31:49.500,2667.8000,1368,0,21567360.000,0,-,-,-,-,2664.4000,2663.2000,2662.2000,2660.0000,2658.0000,2666.0000,2666.2000,2667.2000,2668.0000,2668.8000,1,1,1,5,1,1,1,1,1,1
SF,IH2005,2020-04-01 09:31:50.000,2667.8000,1368,0,21567360.000,0,-,-,-,-,2664.4000,2663.2000,2662.2000,2660.0000,2658.0000,2665.8000,2666.0000,2667.2000,2668.0000,2668.8000,1,1,1,5,1,1,1,2,1,1
SF,IH2005,2020-04-01 09:31:50.500,2665.8000,1367,-1,22367100.000,1,0,1,双平,S,2664.4000,2663.2000,2662.2000,2660.0000,2658.0000,2667.2000,2668.0000,2668.8000,2670.0000,2675.0000,1,1,1,5,1,1,1,1,1,1
SF,IH2005,2020-04-01 09:31:51.000,2665.8000,1367,0,22367100.000,0,-,-,-,-,2664.6000,2664.4000,2663.2000,2662.2000,2660.0000,2667.0000,2667.2000,2668.0000,2668.8000,2670.0000,1,1,1,1,5,2,1,1,1,1
SF,IH2005,2020-04-01 09:31:51.500,2665.8000,1367,0,22367100.000,0,-,-,-,-,2664.8000,2664.6000,2663.2000,2662.2000,2660.0000,2667.0000,2667.2000,2668.0000,2668.8000,2670.0000,1,1,1,1,5,2,1,1,1,1
SF,IH2005,2020-04-01 09:31:52.000,2665.8000,1367,0,22367100.000,0,-,-,-,-,2665.0000,2664.8000,2663.2000,2662.2000,2660.0000,2667.0000,2667.2000,2668.0000,2668.8000,2670.0000,1,1,1,1,5,2,1,1,1,1
SF,IH2005,2020-04-01 09:31:53.500,2665.8000,1367,0,22367100.000,0,-,-,-,-,2665.0000,2664.8000,2663.2000,2662.2000,2660.0000,2666.8000,2667.0000,2667.2000,2668.0000,2668.8000,1,1,1,1,5,1,2,1,1,1
SF,IH2005,2020-04-01 09:31:54.000,2665.8000,1367,0,22367100.000,0,-,-,-,-,2664.8000,2663.2000,2662.2000,2660.0000,2658.0000,2666.6000,2666.8000,2667.0000,2667.2000,2668.0000,1,1,1,5,1,1,1,1,1,1
SF,IH2005,2020-04-01 09:31:54.500,2665.8000,1367,0,22367100.000,0,-,-,-,-,2664.8000,2663.2000,2662.2000,2660.0000,2658.0000,2666.6000,2666.8000,2667.0000,2667.2000,2668.0000,1,1,1,5,1,1,1,1,1,1
SF,IH2005,2020-04-01 09:31:55.000,2665.8000,1367,0,22367100.000,0,-,-,-,-,2663.2000,2662.2000,2660.0000,2658.0000,2657.0000,2666.4000,2666.6000,2666.8000,2667.2000,2668.0000,1,1,5,1,1,1,1,1,1,1
SF,IH2005,2020-04-01 09:31:55.500,2665.8000,1367,0,22367100.000,0,-,-,-,-,2663.4000,2663.2000,2662.2000,2660.0000,2658.0000,2666.2000,2666.4000,2666.8000,2667.2000,2668.0000,3,1,1,5,1,1,1,1,1,1
SF,IH2005,2020-04-01 09:31:56.000,2665.8000,1367,0,22367100.000,0,-,-,-,-,2663.6000,2663.4000,2663.2000,2662.2000,2660.0000,2666.0000,2666.2000,2666.8000,2667.2000,2668.0000,1,3,1,1,5,1,1,1,1,1
SF,IH2005,2020-04-01 09:31:56.500,2665.8000,1367,0,22367100.000,0,-,-,-,-,2663.8000,2663.6000,2663.4000,2663.2000,2662.2000,2665.8000,2666.8000,2667.2000,2668.0000,2668.8000,2,1,1,1,1,1,1,1,1,1
SF,IH2005,2020-04-01 09:31:57.000,2665.8000,1367,0,22367100.000,0,-,-,-,-,2664.0000,2663.8000,2663.2000,2662.2000,2660.0000,2665.8000,2667.2000,2668.0000,2668.8000,2670.0000,1,2,1,1,5,1,1,1,1,1
SF,IH2005,2020-04-01 09:31:57.500,2665.8000,1367,0,22367100.000,0,-,-,-,-,2664.2000,2663.8000,2663.2000,2662.2000,2660.0000,2665.8000,2667.2000,2668.0000,2668.8000,2670.0000,1,1,1,1,5,1,1,1,1,1
SF,IH2005,2020-04-01 09:31:58.000,2665.8000,1367,0,22367100.000,0,-,-,-,-,2664.2000,2663.8000,2663.2000,2662.2000,2660.0000,2667.2000,2668.0000,2668.8000,2670.0000,2675.0000,1,1,1,1,5,1,1,1,1,1
SF,IH2005,2020-04-01 09:31:58.500,2665.8000,1367,0,22367100.000,0,-,-,-,-,2664.2000,2663.8000,2663.2000,2662.2000,2660.0000,2667.0000,2667.2000,2668.0000,2668.8000,2670.0000,1,1,1,1,5,2,1,1,1,1
SF,IH2005,2020-04-01 09:31:59.000,2665.8000,1367,0,22367100.000,0,-,-,-,-,2664.2000,2663.8000,2663.2000,2662.2000,2660.0000,2666.8000,2667.0000,2667.2000,2668.0000,2668.8000,1,1,1,1,5,1,2,1,1,1
SF,IH2005,2020-04-01 09:31:59.500,2665.8000,1367,0,22367100.000,0,-,-,-,-,2664.2000,2663.8000,2663.2000,2662.2000,2660.0000,2666.6000,2666.8000,2667.0000,2667.2000,2668.0000,1,1,1,1,5,2,1,1,1,1
SF,IH2005,2020-04-01 09:32:00.000,2665.8000,1367,0,22367100.000,0,-,-,-,-,2664.2000,2663.8000,2663.2000,2662.2000,2660.0000,2666.6000,2666.8000,2667.0000,2667.2000,2668.0000,1,1,1,1,5,2,1,1,1,1
SF,IH2005,2020-04-01 09:32:00.500,2665.8000,1367,0,22367100.000,0,-,-,-,-,2664.2000,2663.8000,2663.2000,2662.2000,2660.0000,2666.6000,2667.0000,2667.2000,2668.0000,2668.8000,1,1,1,1,5,1,1,1,1,1
SF,IH2005,2020-04-01 09:32:01.000,2665.8000,1367,0,22367100.000,0,-,-,-,-,2664.4000,2664.2000,2663.8000,2663.2000,2662.2000,2666.6000,2667.0000,2668.0000,2668.8000,2670.0000,1,1,1,1,1,1,1,1,1,1
SF,IH2005,2020-04-01 09:32:01.500,2665.8000,1367,0,22367100.000,0,-,-,-,-,2664.6000,2664.4000,2663.8000,2663.2000,2662.2000,2666.6000,2667.0000,2668.0000,2668.8000,2670.0000,1,1,1,1,1,1,1,1,1,1
SF,IH2005,2020-04-01 09:32:02.000,2665.8000,1367,0,22367100.000,0,-,-,-,-,2664.6000,2664.4000,2663.8000,2663.2000,2662.2000,2666.6000,2668.0000,2668.8000,2670.0000,2675.0000,1,1,1,1,1,1,1,1,1,1
SF,IH2005,2020-04-01 09:32:02.500,2665.8000,1367,0,22367100.000,0,-,-,-,-,2664.6000,2664.4000,2663.8000,2663.2000,2662.2000,2666.4000,2666.6000,2668.0000,2668.8000,2670.0000,1,1,1,1,1,1,1,1,1,1
SF,IH2005,2020-04-01 09:32:04.000,2665.8000,1367,0,22367100.000,0,-,-,-,-,2664.6000,2664.4000,2663.8000,2663.2000,2662.2000,2666.6000,2668.0000,2668.8000,2670.0000,2675.0000,1,1,1,1,1,1,1,1,1,1
SF,IH2005,2020-04-01 09:32:04.500,2665.8000,1367,0,22367100.000,0,-,-,-,-,2664.8000,2664.6000,2664.4000,2663.8000,2663.2000,2666.6000,2668.0000,2668.8000,2670.0000,2675.0000,1,1,1,1,1,1,1,1,1,1
SF,IH2005,2020-04-01 09:32:05.000,2665.8000,1367,0,22367100.000,0,-,-,-,-,2665.0000,2664.8000,2664.4000,2663.8000,2663.2000,2666.6000,2668.0000,2668.8000,2670.0000,2675.0000,1,1,1,1,1,1,1,1,1,1
SF,IH2005,2020-04-01 09:32:05.500,2665.8000,1367,0,22367100.000,0,-,-,-,-,2665.0000,2664.8000,2663.8000,2663.2000,2662.2000,2666.6000,2668.0000,2668.8000,2670.0000,2675.0000,1,1,1,1,1,1,1,1,1,1
SF,IH2005,2020-04-01 09:32:06.500,2665.8000,1367,0,22367100.000,0,-,-,-,-,2665.0000,2663.8000,2663.2000,2662.2000,2660.0000,2666.6000,2668.0000,2668.8000,2670.0000,2675.0000,1,1,1,1,5,1,1,1,1,1
SF,IH2005,2020-04-01 09:32:08.000,2665.8000,1367,0,22367100.000,0,-,-,-,-,2665.2000,2665.0000,2663.8000,2663.2000,2662.2000,2666.6000,2668.0000,2668.8000,2670.0000,2675.0000,1,1,1,1,1,1,1,1,1,1
SF,IH2005,2020-04-01 09:32:08.500,2665.8000,1367,0,22367100.000,0,-,-,-,-,2665.2000,2665.0000,2663.8000,2663.2000,2662.2000,2666.6000,2668.0000,2668.8000,2670.0000,2675.0000,1,1,1,1,1,1,1,1,1,1
SF,IH2005,2020-04-01 09:32:09.000,2665.8000,1367,0,22367100.000,0,-,-,-,-,2665.4000,2665.2000,2663.8000,2663.2000,2662.2000,2666.6000,2668.0000,2668.8000,2670.0000,2675.0000,2,1,1,1,1,1,1,1,1,1
SF,IH2005,2020-04-01 09:32:09.500,2665.8000,1367,0,22367100.000,0,-,-,-,-,2665.4000,2665.2000,2663.8000,2663.2000,2662.2000,2668.0000,2668.8000,2670.0000,2675.0000,2679.0000,2,1,1,1,1,1,1,1,1,5
SF,IH2005,2020-04-01 09:32:10.000,2665.8000,1367,0,22367100.000,0,-,-,-,-,2665.4000,2663.8000,2663.2000,2662.2000,2660.0000,2667.8000,2668.0000,2668.8000,2670.0000,2675.0000,1,1,1,1,5,2,1,1,1,1
SF,IH2005,2020-04-01 09:32:10.500,2665.8000,1367,0,22367100.000,0,-,-,-,-,2665.4000,2663.8000,2663.2000,2662.2000,2660.0000,2667.6000,2667.8000,2668.0000,2668.8000,2670.0000,1,1,1,1,5,2,2,1,1,1
SF,IH2005,2020-04-01 09:32:11.000,2665.8000,1367,0,22367100.000,0,-,-,-,-,2665.4000,2663.8000,2663.2000,2662.2000,2660.0000,2667.4000,2667.6000,2667.8000,2668.0000,2668.8000,1,1,1,1,5,1,2,1,1,1
SF,IH2005,2020-04-01 09:32:12.000,2665.8000,1367,0,22367100.000,0,-,-,-,-,2665.4000,2663.8000,2663.2000,2662.2000,2660.0000,2667.2000,2667.4000,2667.6000,2667.8000,2668.0000,1,1,1,1,5,1,1,2,1,1
SF,IH2005,2020-04-01 09:32:12.500,2665.8000,1367,0,22367100.000,0,-,-,-,-,2665.4000,2663.8000,2663.2000,2662.2000,2660.0000,2667.0000,2667.2000,2667.6000,2667.8000,2668.0000,1,1,1,1,5,1,1,1,1,1
SF,IH2005,2020-04-01 09:32:20.000,2665.8000,1367,0,22367100.000,0,-,-,-,-,2665.4000,2663.8000,2663.2000,2662.2000,2660.0000,2666.8000,2667.0000,2667.6000,2667.8000,2668.0000,1,1,1,1,5,1,1,1,1,1
SF,IH2005,2020-04-01 09:32:20.500,2665.4000,1366,-1,23166720.000,1,0,1,双平,S,2663.8000,2663.2000,2662.2000,2660.0000,2658.0000,2666.6000,2666.8000,2667.6000,2667.8000,2668.0000,1,1,1,5,1,1,1,1,1,1
SF,IH2005,2020-04-01 09:32:21.000,2665.4000,1366,0,23166720.000,0,-,-,-,-,2664.0000,2663.8000,2663.2000,2662.2000,2660.0000,2666.6000,2666.8000,2667.8000,2668.0000,2668.8000,2,1,1,1,5,1,1,1,1,1
SF,IH2005,2020-04-01 09:32:21.500,2665.4000,1366,0,23166720.000,0,-,-,-,-,2664.4000,2664.2000,2664.0000,2663.2000,2662.2000,2666.6000,2667.8000,2668.0000,2668.8000,2670.0000,1,1,2,1,1,1,1,1,1,1
SF,IH2005,2020-04-01 09:32:22.000,2665.4000,1366,0,23166720.000,0,-,-,-,-,2664.8000,2664.6000,2663.2000,2662.2000,2660.0000,2666.6000,2667.8000,2668.0000,2668.8000,2670.0000,1,4,1,1,5,1,1,1,1,1
SF,IH2005,2020-04-01 09:32:22.500,2665.4000,1366,0,23166720.000,0,-,-,-,-,2665.0000,2664.8000,2664.6000,2663.2000,2662.2000,2668.0000,2668.8000,2670.0000,2675.0000,2679.0000,3,1,1,1,1,1,1,1,1,5
SF,IH2005,2020-04-01 09:32:23.000,2665.4000,1366,0,23166720.000,0,-,-,-,-,2665.2000,2665.0000,2664.8000,2664.6000,2663.2000,2667.8000,2668.8000,2670.0000,2675.0000,2679.0000,1,3,1,1,1,1,1,1,1,5
SF,IH2005,2020-04-01 09:32:23.500,2665.4000,1366,0,23166720.000,0,-,-,-,-,2665.4000,2665.2000,2665.0000,2664.8000,2664.6000,2667.8000,2668.8000,2670.0000,2675.0000,2679.0000,2,1,1,1,1,1,1,1,1,5
SF,IH2005,2020-04-01 09:32:24.000,2665.4000,1366,0,23166720.000,0,-,-,-,-,2665.6000,2665.4000,2665.0000,2664.8000,2664.6000,2667.8000,2668.8000,2670.0000,2675.0000,2679.0000,1,2,1,1,1,1,1,1,1,5
SF,IH2005,2020-04-01 09:32:24.500,2665.4000,1366,0,23166720.000,0,-,-,-,-,2665.4000,2665.0000,2664.8000,2664.6000,2663.2000,2667.8000,2668.8000,2670.0000,2675.0000,2679.0000,1,1,1,1,1,1,1,1,1,5
SF,IH2005,2020-04-01 09:32:25.000,2665.4000,1366,0,23166720.000,0,-,-,-,-,2665.6000,2665.4000,2665.0000,2664.8000,2664.6000,2667.6000,2667.8000,2668.8000,2670.0000,2675.0000,1,1,1,1,1,1,1,1,1,1
SF,IH2005,2020-04-01 09:32:25.500,2665.4000,1366,0,23166720.000,0,-,-,-,-,2665.6000,2665.4000,2665.0000,2664.8000,2664.6000,2667.4000,2667.6000,2668.8000,2670.0000,2675.0000,1,1,1,1,1,1,1,1,1,1
SF,IH2005,2020-04-01 09:32:26.000,2665.4000,1366,0,23166720.000,0,-,-,-,-,2665.4000,2665.0000,2664.8000,2663.2000,2662.2000,2667.4000,2667.6000,2668.8000,2670.0000,2675.0000,1,1,1,1,1,1,1,1,1,1
SF,IH2005,2020-04-01 09:32:26.500,2667.4000,1365,-1,23966940.000,1,0,1,双平,S,2665.4000,2665.0000,2664.8000,2663.2000,2662.2000,2667.6000,2668.8000,2670.0000,2675.0000,2679.0000,1,1,1,1,1,1,1,1,1,5
SF,IH2005,2020-04-01 09:32:27.000,2667.4000,1365,0,23966940.000,0,-,-,-,-,2665.6000,2665.0000,2663.2000,2662.2000,2660.0000,2667.4000,2667.6000,2668.8000,2670.0000,2675.0000,1,1,1,1,5,1,1,1,1,1
SF,IH2005,2020-04-01 09:32:29.000,2667.4000,1365,0,23966940.000,0,-,-,-,-,2665.6000,2665.0000,2663.2000,2662.2000,2660.0000,2667.4000,2668.8000,2670.0000,2675.0000,2679.0000,1,1,1,1,5,1,1,1,1,5
SF,IH2005,2020-04-01 09:32:29.500,2667.4000,1365,0,23966940.000,0,-,-,-,-,2665.8000,2665.6000,2665.0000,2663.2000,2662.2000,2668.8000,2670.0000,2675.0000,2679.0000,2697.6000,1,1,1,1,1,1,1,1,5,3
SF,IH2005,2020-04-01 09:32:30.000,2667.4000,1365,0,23966940.000,0,-,-,-,-,2666.0000,2665.8000,2665.0000,2663.2000,2662.2000,2668.6000,2668.8000,2670.0000,2675.0000,2679.0000,1,1,1,1,1,4,1,1,1,5
SF,IH2005,2020-04-01 09:32:30.500,2667.4000,1365,0,23966940.000,0,-,-,-,-,2666.0000,2665.0000,2663.2000,2662.2000,2660.0000,2668.4000,2668.6000,2668.8000,2670.0000,2675.0000,1,1,1,1,5,2,4,1,1,1
SF,IH2005,2020-04-01 09:32:31.000,2667.4000,1365,0,23966940.000,0,-,-,-,-,2666.0000,2665.0000,2663.2000,2662.2000,2660.0000,2668.2000,2668.4000,2668.6000,2668.8000,2670.0000,1,1,1,1,5,3,3,2,1,1
SF,IH2005,2020-04-01 09:32:31.500,2667.4000,1365,0,23966940.000,0,-,-,-,-,2666.0000,2665.0000,2663.2000,2662.2000,2660.0000,2668.2000,2668.4000,2668.6000,2668.8000,2670.0000,1,1,1,1,5,1,2,2,1,1
SF,IH2005,2020-04-01 09:32:32.000,2667.4000,1365,0,23966940.000,0,-,-,-,-,2666.0000,2665.0000,2663.2000,2662.2000,2660.0000,2668.0000,2668.2000,2668.4000,2668.6000,2668.8000,1,1,1,1,5,1,1,1,2,1
SF,IH2005,2020-04-01 09:32:32.500,2667.4000,1365,0,23966940.000,0,-,-,-,-,2666.0000,2665.0000,2663.2000,2662.2000,2660.0000,2667.8000,2668.0000,2668.4000,2668.6000,2668.8000,1,1,1,1,5,1,1,1,2,1
SF,IH2005,2020-04-01 09:32:33.000,2666.0000,1364,-1,24766740.000,1,0,1,双平,S,2665.0000,2663.2000,2662.2000,2660.0000,2658.0000,2666.0000,2667.8000,2668.0000,2668.4000,2668.6000,1,1,1,5,1,1,1,1,1,2
SF,IH2005,2020-04-01 09:32:33.500,2666.0000,1363,-1,25566540.000,1,0,1,双平,S,2665.2000,2665.0000,2663.2000,2662.2000,2660.0000,2667.8000,2668.0000,2668.4000,2668.6000,2668.8000,2,1,1,1,5,1,1,1,2,1
SF,IH2005,2020-04-01 09:32:34.500,2666.0000,1363,0,25566540.000,0,-,-,-,-,2665.2000,2665.0000,2663.2000,2662.2000,2660.0000,2667.6000,2667.8000,2668.0000,2668.4000,2668.6000,1,1,1,1,5,1,1,1,1,2
SF,IH2005,2020-04-01 09:32:35.000,2666.0000,1363,0,25566540.000,0,-,-,-,-,2665.2000,2665.0000,2663.2000,2662.2000,2660.0000,2667.4000,2667.6000,2668.4000,2668.6000,2668.8000,1,1,1,1,5,2,1,1,2,1
SF,IH2005,2020-04-01 09:32:35.500,2666.0000,1363,0,25566540.000,0,-,-,-,-,2665.2000,2665.0000,2663.2000,2662.2000,2660.0000,2667.2000,2667.4000,2667.6000,2668.4000,2668.6000,1,1,1,1,5,1,2,1,1,2
SF,IH2005,2020-04-01 09:32:36.000,2666.0000,1363,0,25566540.000,0,-,-,-,-,2663.2000,2662.2000,2660.0000,2658.0000,2657.0000,2667.0000,2667.2000,2667.4000,2667.6000,2668.4000,1,1,5,1,1,1,1,1,1,1
SF,IH2005,2020-04-01 09:32:36.500,2666.0000,1363,0,25566540.000,0,-,-,-,-,2663.4000,2663.2000,2662.2000,2660.0000,2658.0000,2667.0000,2667.2000,2667.4000,2667.6000,2668.4000,3,1,1,5,1,1,1,1,1,1
SF,IH2005,2020-04-01 09:32:37.000,2666.0000,1363,0,25566540.000,0,-,-,-,-,2663.6000,2663.4000,2663.2000,2662.2000,2660.0000,2667.0000,2667.2000,2667.4000,2667.6000,2668.4000,1,2,1,1,5,1,1,1,1,1
SF,IH2005,2020-04-01 09:32:37.500,2666.0000,1363,0,25566540.000,0,-,-,-,-,2663.8000,2663.6000,2663.4000,2663.2000,2662.2000,2667.0000,2667.2000,2667.4000,2667.6000,2668.4000,2,1,1,1,1,1,1,1,1,1
SF,IH2005,2020-04-01 09:32:38.000,2666.0000,1363,0,25566540.000,0,-,-,-,-,2664.0000,2663.8000,2663.2000,2662.2000,2660.0000,2667.0000,2667.2000,2667.4000,2667.6000,2668.4000,1,2,1,1,5,1,1,1,1,1
SF,IH2005,2020-04-01 09:32:38.500,2666.0000,1363,0,25566540.000,0,-,-,-,-,2664.2000,2664.0000,2663.8000,2663.2000,2662.2000,2667.0000,2667.2000,2667.4000,2667.6000,2668.4000,1,1,1,1,1,1,1,1,1,1
SF,IH2005,2020-04-01 09:32:39.500,2666.0000,1363,0,25566540.000,0,-,-,-,-,2664.2000,2664.0000,2663.8000,2663.2000,2662.2000,2666.8000,2667.0000,2667.2000,2667.4000,2667.6000,1,1,1,1,1,3,1,1,1,1
SF,IH2005,2020-04-01 09:32:40.000,2666.0000,1363,0,25566540.000,0,-,-,-,-,2664.2000,2664.0000,2663.8000,2663.2000,2662.2000,2666.6000,2667.2000,2667.4000,2667.6000,2668.4000,1,1,1,1,1,1,1,1,1,1
SF,IH2005,2020-04-01 09:32:40.500,2666.0000,1363,0,25566540.000,0,-,-,-,-,2664.2000,2664.0000,2663.8000,2663.2000,2662.2000,2666.4000,2666.6000,2667.2000,2667.4000,2668.4000,1,1,1,1,1,1,1,1,1,1
SF,IH2005,2020-04-01 09:32:41.000,2666.0000,1363,0,25566540.000,0,-,-,-,-,2664.2000,2664.0000,2663.8000,2663.2000,2662.2000,2666.2000,2666.4000,2667.2000,2667.4000,2668.4000,1,1,1,1,1,1,1,1,1,1
SF,IH2005,2020-04-01 09:32:41.500,2666.0000,1363,0,25566540.000,0,-,-,-,-,2664.2000,2664.0000,2663.8000,2663.2000,2662.2000,2666.2000,2667.4000,2668.4000,2668.6000,2668.8000,1,1,1,1,1,1,1,1,2,1
SF,IH2005,2020-04-01 09:32:42.000,2666.0000,1363,0,25566540.000,0,-,-,-,-,2664.2000,2664.0000,2663.8000,2663.2000,2662.2000,2666.2000,2667.4000,2668.4000,2668.6000,2668.8000,1,1,1,1,1,1,1,1,2,1
SF,IH2005,2020-04-01 09:32:43.000,2666.0000,1363,0,25566540.000,0,-,-,-,-,2664.2000,2664.0000,2663.8000,2663.2000,2662.2000,2666.0000,2666.2000,2667.4000,2668.4000,2668.6000,1,1,1,1,1,1,1,1,1,2
SF,IH2005,2020-04-01 09:32:43.500,2666.0000,1363,0,25566540.000,0,-,-,-,-,2664.2000,2664.0000,2663.8000,2663.2000,2662.2000,2665.8000,2666.0000,2667.4000,2668.4000,2668.6000,1,1,1,1,1,1,1,1,1,2
SF,IH2005,2020-04-01 09:32:44.000,2666.0000,1363,0,25566540.000,0,-,-,-,-,2664.0000,2663.8000,2663.2000,2662.2000,2660.0000,2665.8000,2666.0000,2667.4000,2668.4000,2668.6000,1,1,1,1,5,1,1,1,1,2
SF,IH2005,2020-04-01 09:32:45.000,2666.0000,1363,0,25566540.000,0,-,-,-,-,2664.0000,2663.8000,2663.2000,2662.2000,2660.0000,2665.6000,2665.8000,2666.0000,2667.4000,2668.4000,1,1,1,1,5,1,1,1,1,1
SF,IH2005,2020-04-01 09:32:45.500,2664.0000,1362,-1,26365740.000,1,0,1,双平,S,2663.8000,2663.2000,2662.2000,2660.0000,2658.0000,2665.4000,2665.6000,2666.0000,2667.4000,2668.4000,1,1,1,5,1,1,1,1,1,1
SF,IH2005,2020-04-01 09:32:46.000,2664.0000,1362,0,26365740.000,0,-,-,-,-,2664.6000,2663.2000,2662.2000,2660.0000,2658.0000,2665.4000,2665.6000,2666.0000,2667.4000,2668.4000,1,1,1,5,1,1,1,1,1,1
SF,IH2005,2020-04-01 09:32:46.500,2664.6000,1361,-1,27165120.000,1,0,1,双平,S,2663.2000,2662.2000,2658.0000,2657.0000,2656.2000,2665.4000,2665.6000,2666.0000,2667.4000,2668.4000,1,1,1,1,5,1,2,1,1,1
SF,IH2005,2020-04-01 09:32:47.000,2664.6000,1361,0,27165120.000,0,-,-,-,-,2663.2000,2662.2000,2658.0000,2657.0000,2656.2000,2665.2000,2665.4000,2665.6000,2668.4000,2668.6000,1,1,1,1,5,1,1,2,1,2
SF,IH2005,2020-04-01 09:32:47.500,2664.6000,1361,0,27165120.000,0,-,-,-,-,2663.4000,2663.2000,2662.2000,2658.0000,2657.0000,2665.0000,2665.2000,2665.6000,2668.4000,2668.6000,1,1,1,1,1,1,1,1,1,2
SF,IH2005,2020-04-01 09:32:48.000,2664.6000,1361,0,27165120.000,0,-,-,-,-,2663.4000,2663.2000,2662.2000,2658.0000,2657.0000,2664.8000,2665.0000,2665.6000,2668.4000,2668.6000,1,1,1,1,1,1,1,1,1,2
SF,IH2005,2020-04-01 09:32:52.500,2664.6000,1361,0,27165120.000,0,-,-,-,-,2663.6000,2663.4000,2663.2000,2662.2000,2658.0000,2664.8000,2665.0000,2665.6000,2668.4000,2668.6000,1,1,1,1,1,1,1,1,1,2
SF,IH2005,2020-04-01 09:32:53.000,2664.6000,1361,0,27165120.000,0,-,-,-,-,2663.8000,2663.6000,2663.2000,2662.2000,2658.0000,2665.6000,2668.4000,2668.6000,2670.0000,2675.0000,1,1,1,1,1,1,1,2,1,1
SF,IH2005,2020-04-01 09:32:53.500,2664.6000,1361,0,27165120.000,0,-,-,-,-,2664.0000,2663.8000,2663.2000,2662.2000,2658.0000,2668.4000,2668.6000,2670.0000,2675.0000,2679.0000,1,1,1,1,1,1,2,1,1,5
SF,IH2005,2020-04-01 09:32:54.000,2664.6000,1361,0,27165120.000,0,-,-,-,-,2664.2000,2664.0000,2663.2000,2662.2000,2658.0000,2667.6000,2668.0000,2668.2000,2668.4000,2668.6000,1,1,1,1,1,2,1,5,1,2
SF,IH2005,2020-04-01 09:32:54.500,2664.6000,1361,0,27165120.000,0,-,-,-,-,2664.2000,2664.0000,2663.2000,2662.2000,2658.0000,2667.4000,2667.6000,2668.0000,2668.2000,2668.6000,1,1,1,1,1,6,2,1,3,2
SF,IH2005,2020-04-01 09:32:55.000,2664.6000,1361,0,27165120.000,0,-,-,-,-,2664.4000,2664.2000,2663.2000,2662.2000,2658.0000,2667.4000,2667.6000,2668.0000,2668.2000,2668.6000,1,1,1,1,1,6,1,1,3,2
SF,IH2005,2020-04-01 09:32:55.500,2664.6000,1361,0,27165120.000,0,-,-,-,-,2664.6000,2664.4000,2663.2000,2662.2000,2658.0000,2667.2000,2667.4000,2667.6000,2668.0000,2668.2000,1,1,1,1,1,2,6,1,1,3
SF,IH2005,2020-04-01 09:32:56.000,2664.6000,1361,0,27165120.000,0,-,-,-,-,2664.6000,2664.4000,2663.2000,2662.2000,2658.0000,2667.0000,2667.2000,2667.4000,2667.6000,2668.2000,1,1,1,1,1,1,1,1,1,3
SF,IH2005,2020-04-01 09:33:01.000,2664.6000,1361,0,27165120.000,0,-,-,-,-,2664.8000,2664.6000,2663.2000,2662.2000,2658.0000,2667.0000,2667.2000,2667.4000,2668.2000,2668.6000,1,1,1,1,1,1,1,1,3,2
SF,IH2005,2020-04-01 09:33:01.500,2664.6000,1361,0,27165120.000,0,-,-,-,-,2664.8000,2664.6000,2663.2000,2662.2000,2658.0000,2667.0000,2667.2000,2667.4000,2668.2000,2668.6000,1,1,1,1,1,1,1,1,3,2
SF,IH2005,2020-04-01 09:33:02.000,2664.6000,1361,0,27165120.000,0,-,-,-,-,2663.2000,2662.2000,2658.0000,2657.0000,2656.2000,2667.0000,2667.2000,2667.4000,2668.2000,2668.6000,1,1,1,1,5,1,1,1,3,2
SF,IH2005,2020-04-01 09:33:02.500,2664.6000,1361,0,27165120.000,0,-,-,-,-,2663.4000,2663.2000,2662.2000,2658.0000,2657.0000,2666.8000,2667.0000,2667.2000,2667.4000,2668.2000,3,1,1,1,1,1,1,1,1,3
SF,IH2005,2020-04-01 09:33:03.000,2664.6000,1361,0,27165120.000,0,-,-,-,-,2663.4000,2663.2000,2662.2000,2658.0000,2657.0000,2666.6000,2666.8000,2667.2000,2667.4000,2668.2000,2,1,1,1,1,1,1,1,1,2
SF,IH2005,2020-04-01 09:33:03.500,2663.4000,1361,0,27964140.000,1,0,1,多换,S,2663.4000,2663.2000,2662.2000,2658.0000,2657.0000,2666.6000,2666.8000,2667.2000,2667.4000,2668.2000,1,1,1,1,1,1,1,1,1,2
SF,IH2005,2020-04-01 09:33:04.000,2663.4000,1361,0,27964140.000,0,-,-,-,-,2663.6000,2663.4000,2663.2000,2662.2000,2658.0000,2666.4000,2666.6000,2666.8000,2667.2000,2667.4000,1,1,1,1,1,1,1,1,1,1
SF,IH2005,2020-04-01 09:33:04.500,2663.4000,1361,0,27964140.000,0,-,-,-,-,2664.2000,2663.8000,2663.6000,2663.2000,2662.2000,2666.2000,2666.4000,2666.8000,2667.2000,2667.4000,1,1,1,1,1,1,1,1,1,1
SF,IH2005,2020-04-01 09:33:05.500,2663.4000,1361,0,27964140.000,0,-,-,-,-,2664.4000,2664.2000,2663.6000,2663.2000,2662.2000,2666.2000,2666.4000,2666.8000,2667.2000,2667.4000,1,1,1,1,1,1,1,1,1,1
SF,IH2005,2020-04-01 09:33:06.000,2663.4000,1361,0,27964140.000,0,-,-,-,-,2664.2000,2663.6000,2663.2000,2662.2000,2658.0000,2666.2000,2666.4000,2666.8000,2667.2000,2667.4000,1,1,1,1,1,1,1,1,1,1
SF,IH2005,2020-04-01 09:33:06.500,2663.4000,1361,0,27964140.000,0,-,-,-,-,2664.2000,2663.6000,2663.2000,2662.2000,2658.0000,2666.2000,2666.4000,2666.8000,2667.2000,2667.4000,1,1,1,1,1,1,1,1,1,1
SF,IH2005,2020-04-01 09:33:07.000,2663.4000,1361,0,27964140.000,0,-,-,-,-,2664.2000,2663.6000,2662.2000,2658.0000,2657.0000,2666.2000,2666.4000,2666.8000,2667.2000,2667.4000,1,1,1,1,1,1,1,1,1,1
SF,IH2005,2020-04-01 09:33:07.500,2663.4000,1361,0,27964140.000,0,-,-,-,-,2664.2000,2663.6000,2662.2000,2658.0000,2657.0000,2666.2000,2666.4000,2666.8000,2667.2000,2667.4000,1,1,1,1,1,1,1,1,1,1
SF,IH2005,2020-04-01 09:33:08.000,2663.4000,1361,0,27964140.000,0,-,-,-,-,2663.6000,2662.2000,2658.0000,2657.0000,2656.2000,2666.2000,2666.4000,2666.8000,2667.2000,2667.4000,1,1,1,1,5,1,1,1,1,1
SF,IH2005,2020-04-01 09:33:08.500,2663.4000,1361,0,27964140.000,0,-,-,-,-,2663.6000,2662.2000,2658.0000,2657.0000,2656.2000,2666.0000,2666.2000,2666.4000,2667.2000,2667.4000,1,1,1,1,5,1,1,1,1,1
SF,IH2005,2020-04-01 09:33:09.000,2663.4000,1361,0,27964140.000,0,-,-,-,-,2662.2000,2658.0000,2657.0000,2656.2000,2645.6000,2665.8000,2666.0000,2666.4000,2667.2000,2667.4000,1,1,1,5,1,1,1,1,1,1
SF,IH2005,2020-04-01 09:33:09.500,2663.4000,1361,0,27964140.000,0,-,-,-,-,2662.4000,2662.2000,2662.0000,2658.0000,2657.0000,2665.8000,2667.2000,2667.4000,2668.2000,2668.6000,5,1,1,1,1,1,1,1,2,2
SF,IH2005,2020-04-01 09:33:10.000,2663.4000,1361,0,27964140.000,0,-,-,-,-,2662.6000,2662.4000,2662.2000,2662.0000,2658.0000,2665.8000,2667.4000,2668.2000,2668.6000,2670.0000,1,5,1,1,1,1,1,2,2,1
SF,IH2005,2020-04-01 09:33:10.500,2663.4000,1361,0,27964140.000,0,-,-,-,-,2662.8000,2662.6000,2662.4000,2662.2000,2662.0000,2665.8000,2667.4000,2668.2000,2668.6000,2670.0000,2,1,3,1,1,1,1,2,2,1
SF,IH2005,2020-04-01 09:33:11.000,2663.4000,1361,0,27964140.000,0,-,-,-,-,2663.0000,2662.8000,2662.6000,2662.4000,2662.2000,2665.8000,2667.4000,2668.2000,2668.6000,2670.0000,1,2,1,3,1,1,1,2,2,1
SF,IH2005,2020-04-01 09:33:11.500,2663.4000,1361,0,27964140.000,0,-,-,-,-,2663.4000,2663.2000,2663.0000,2662.6000,2662.4000,2665.8000,2667.4000,2668.2000,2668.6000,2670.0000,1,2,1,1,3,1,1,2,2,1
SF,IH2005,2020-04-01 09:33:12.000,2663.4000,1361,0,27964140.000,0,-,-,-,-,2663.6000,2663.2000,2662.4000,2662.2000,2662.0000,2665.6000,2665.8000,2667.4000,2668.2000,2668.6000,2,1,3,1,1,1,1,1,2,2
SF,IH2005,2020-04-01 09:33:12.500,2663.4000,1361,0,27964140.000,0,-,-,-,-,2663.2000,2662.4000,2662.2000,2662.0000,2658.0000,2665.4000,2665.6000,2667.4000,2668.2000,2668.6000,1,2,1,1,1,1,1,1,2,2
SF,IH2005,2020-04-01 09:33:13.000,2663.4000,1361,0,27964140.000,0,-,-,-,-,2663.4000,2663.2000,2662.4000,2662.2000,2662.0000,2665.4000,2665.6000,2667.4000,2668.2000,2668.6000,1,1,2,1,1,1,1,1,2,2
SF,IH2005,2020-04-01 09:33:13.500,2663.4000,1361,0,27964140.000,0,-,-,-,-,2663.6000,2663.4000,2662.4000,2662.2000,2662.0000,2665.2000,2665.4000,2665.6000,2667.4000,2668.2000,1,1,2,1,1,1,1,1,1,2
SF,IH2005,2020-04-01 09:33:14.000,2663.4000,1361,0,27964140.000,0,-,-,-,-,2663.6000,2663.4000,2662.4000,2662.2000,2662.0000,2665.0000,2665.2000,2665.6000,2667.4000,2668.2000,1,1,2,1,1,1,1,1,1,2
SF,IH2005,2020-04-01 09:33:18.500,2665.0000,1360,-1,28763640.000,1,0,1,双平,S,2663.6000,2663.4000,2662.4000,2662.2000,2662.0000,2665.2000,2665.6000,2667.4000,2668.2000,2668.6000,1,1,2,1,1,1,1,1,2,2
SF,IH2005,2020-04-01 09:33:19.000,2665.0000,1360,0,28763640.000,0,-,-,-,-,2663.8000,2663.6000,2662.4000,2662.2000,2662.0000,2667.4000,2668.2000,2668.6000,2670.0000,2675.0000,2,1,2,1,1,1,2,2,1,1
SF,IH2005,2020-04-01 09:33:19.500,2665.0000,1360,0,28763640.000,0,-,-,-,-,2664.0000,2663.8000,2662.4000,2662.2000,2662.0000,2667.2000,2667.4000,2667.6000,2668.2000,2668.6000,1,2,2,1,1,1,1,1,2,2
SF,IH2005,2020-04-01 09:33:20.000,2665.0000,1360,0,28763640.000,0,-,-,-,-,2664.2000,2664.0000,2662.4000,2662.2000,2662.0000,2667.2000,2667.4000,2667.6000,2668.2000,2668.6000,2,1,2,1,1,1,2,1,2,2
SF,IH2005,2020-04-01 09:33:20.500,2665.0000,1360,0,28763640.000,0,-,-,-,-,2664.2000,2664.0000,2663.8000,2662.4000,2662.2000,2667.0000,2667.2000,2667.4000,2667.6000,2668.2000,2,1,1,2,1,1,1,2,1,2
SF,IH2005,2020-04-01 09:33:21.000,2665.0000,1360,0,28763640.000,0,-,-,-,-,2664.2000,2664.0000,2663.8000,2662.4000,2662.2000,2666.8000,2667.0000,2667.4000,2667.6000,2668.2000,2,1,1,2,1,1,1,2,1,2
SF,IH2005,2020-04-01 09:33:21.500,2665.0000,1360,0,28763640.000,0,-,-,-,-,2664.4000,2664.2000,2663.8000,2662.4000,2662.2000,2666.8000,2667.0000,2667.4000,2667.6000,2668.2000,1,2,1,2,1,1,1,2,1,2
SF,IH2005,2020-04-01 09:33:22.000,2665.0000,1360,0,28763640.000,0,-,-,-,-,2663.8000,2662.4000,2662.2000,2662.0000,2658.0000,2666.8000,2667.4000,2667.6000,2668.2000,2668.6000,1,2,1,1,1,1,1,1,2,2
SF,IH2005,2020-04-01 09:33:22.500,2665.0000,1360,0,28763640.000,0,-,-,-,-,2664.0000,2663.8000,2662.4000,2662.2000,2662.0000,2666.6000,2666.8000,2667.4000,2667.6000,2668.2000,1,1,2,1,1,2,1,1,1,2
SF,IH2005,2020-04-01 09:33:23.000,2665.0000,1360,0,28763640.000,0,-,-,-,-,2664.2000,2664.0000,2663.8000,2662.4000,2662.2000,2666.4000,2666.6000,2667.4000,2667.6000,2668.2000,1,1,1,2,1,1,2,1,1,2
SF,IH2005,2020-04-01 09:33:24.500,2665.0000,1360,0,28763640.000,0,-,-,-,-,2664.0000,2663.8000,2662.4000,2662.2000,2662.0000,2666.4000,2666.6000,2667.4000,2667.6000,2668.2000,1,1,2,1,1,1,2,1,1,2
SF,IH2005,2020-04-01 09:33:25.000,2665.0000,1360,0,28763640.000,0,-,-,-,-,2664.0000,2663.8000,2662.4000,2662.2000,2662.0000,2666.2000,2666.4000,2666.6000,2667.4000,2667.6000,1,1,2,1,1,1,1,1,1,1
SF,IH2005,2020-04-01 09:33:25.500,2665.0000,1360,0,28763640.000,0,-,-,-,-,2664.0000,2663.8000,2662.4000,2662.2000,2662.0000,2666.0000,2666.2000,2666.6000,2667.4000,2667.6000,1,1,2,1,1,1,1,1,1,1
SF,IH2005,2020-04-01 09:33:26.000,2665.0000,1360,0,28763640.000,0,-,-,-,-,2664.0000,2663.8000,2662.4000,2662.2000,2662.0000,2666.0000,2666.2000,2666.6000,2667.4000,2667.6000,1,1,2,1,1,1,1,1,1,1
SF,IH2005,2020-04-01 09:33:27.000,2665.0000,1360,0,28763640.000,0,-,-,-,-,2664.2000,2664.0000,2663.8000,2662.4000,2662.2000,2665.8000,2666.0000,2666.6000,2667.4000,2667.6000,1,1,1,2,1,1,1,1,1,1
SF,IH2005,2020-04-01 09:33:27.500,2665.0000,1360,0,28763640.000,0,-,-,-,-,2664.4000,2664.2000,2663.8000,2662.4000,2662.2000,2666.0000,2667.4000,2667.6000,2668.2000,2668.6000,1,1,1,2,1,1,1,1,2,2
SF,IH2005,2020-04-01 09:33:28.000,2665.0000,1360,0,28763640.000,0,-,-,-,-,2664.4000,2664.2000,2663.8000,2662.4000,2662.2000,2666.0000,2667.4000,2667.6000,2668.2000,2668.6000,1,1,1,2,1,1,1,1,2,2
SF,IH2005,2020-04-01 09:33:28.500,2665.0000,1360,0,28763640.000,0,-,-,-,-,2664.4000,2664.2000,2663.8000,2662.4000,2662.2000,2666.0000,2667.4000,2667.6000,2668.2000,2668.6000,1,1,1,2,1,1,1,1,2,2
SF,IH2005,2020-04-01 09:33:29.000,2665.0000,1360,0,28763640.000,0,-,-,-,-,2664.6000,2664.4000,2664.2000,2663.8000,2662.4000,2666.0000,2667.4000,2667.6000,2668.2000,2668.6000,1,1,1,1,2,1,1,1,2,2
SF,IH2005,2020-04-01 09:33:36.000,2665.0000,1360,0,28763640.000,0,-,-,-,-,2664.8000,2664.6000,2664.4000,2664.2000,2663.8000,2666.0000,2667.4000,2667.6000,2668.2000,2668.6000,1,1,1,1,1,1,1,1,2,2
SF,IH2005,2020-04-01 09:33:36.500,2665.0000,1360,0,28763640.000,0,-,-,-,-,2664.8000,2664.6000,2664.4000,2664.2000,2663.8000,2667.4000,2667.6000,2668.2000,2668.6000,2670.0000,1,1,1,1,1,1,1,2,2,1
SF,IH2005,2020-04-01 09:33:37.000,2665.0000,1360,0,28763640.000,0,-,-,-,-,2665.0000,2664.8000,2664.6000,2663.8000,2662.4000,2667.2000,2667.4000,2667.6000,2668.2000,2668.6000,1,1,1,1,2,1,1,1,2,2
SF,IH2005,2020-04-01 09:33:37.500,2665.0000,1360,0,28763640.000,0,-,-,-,-,2665.2000,2665.0000,2664.6000,2663.8000,2662.4000,2667.2000,2668.2000,2668.6000,2670.0000,2675.0000,2,1,1,1,2,1,2,2,1,1
SF,IH2005,2020-04-01 09:33:38.000,2665.0000,1360,0,28763640.000,0,-,-,-,-,2665.4000,2665.2000,2664.6000,2663.8000,2662.4000,2667.2000,2668.2000,2668.6000,2670.0000,2675.0000,1,2,1,1,2,1,2,2,1,1
SF,IH2005,2020-04-01 09:33:39.000,2665.0000,1360,0,28763640.000,0,-,-,-,-,2665.4000,2665.2000,2664.6000,2663.8000,2662.4000,2667.2000,2668.6000,2670.0000,2675.0000,2679.0000,1,2,1,1,2,1,2,1,1,5
SF,IH2005,2020-04-01 09:33:39.500,2665.0000,1360,0,28763640.000,0,-,-,-,-,2665.4000,2665.2000,2664.6000,2663.8000,2662.4000,2667.2000,2668.6000,2670.0000,2675.0000,2679.0000,1,1,1,1,2,1,2,1,1,5
SF,IH2005,2020-04-01 09:33:42.500,2665.0000,1360,0,28763640.000,0,-,-,-,-,2665.6000,2665.4000,2665.2000,2664.6000,2663.8000,2667.2000,2668.6000,2670.0000,2675.0000,2679.0000,1,1,1,1,1,1,2,1,1,5
SF,IH2005,2020-04-01 09:33:43.000,2665.0000,1360,0,28763640.000,0,-,-,-,-,2665.8000,2665.6000,2665.2000,2664.6000,2663.8000,2670.0000,2675.0000,2679.0000,2680.0000,2697.6000,2,2,1,1,1,1,1,5,1,3
SF,IH2005,2020-04-01 09:33:43.500,2665.0000,1360,0,28763640.000,0,-,-,-,-,2665.8000,2665.6000,2665.2000,2664.6000,2663.8000,2669.6000,2669.8000,2670.0000,2670.2000,2675.0000,2,1,1,1,1,1,3,1,1,1
SF,IH2005,2020-04-01 09:33:44.000,2665.0000,1360,0,28763640.000,0,-,-,-,-,2665.8000,2665.6000,2665.2000,2664.6000,2663.8000,2668.8000,2669.4000,2669.6000,2669.8000,2670.0000,2,1,1,1,1,1,4,1,1,1
SF,IH2005,2020-04-01 09:33:44.500,2665.0000,1360,0,28763640.000,0,-,-,-,-,2666.0000,2665.8000,2665.6000,2665.2000,2664.6000,2668.6000,2669.4000,2669.6000,2669.8000,2670.0000,1,2,1,1,1,1,3,1,1,1
SF,IH2005,2020-04-01 09:33:45.000,2665.0000,1360,0,28763640.000,0,-,-,-,-,2666.2000,2666.0000,2665.6000,2665.2000,2664.6000,2668.6000,2669.4000,2669.6000,2669.8000,2670.0000,2,1,1,1,1,1,1,1,1,1
SF,IH2005,2020-04-01 09:33:45.500,2665.0000,1360,0,28763640.000,0,-,-,-,-,2666.4000,2666.2000,2665.6000,2665.2000,2664.6000,2668.6000,2669.4000,2669.6000,2669.8000,2670.0000,2,2,1,1,1,1,1,1,1,1
SF,IH2005,2020-04-01 09:33:46.000,2665.0000,1360,0,28763640.000,0,-,-,-,-,2666.6000,2666.4000,2666.2000,2665.6000,2665.2000,2668.6000,2669.4000,2669.6000,2670.0000,2675.0000,1,1,1,1,1,1,1,1,1,1
SF,IH2005,2020-04-01 09:33:46.500,2665.0000,1360,0,28763640.000,0,-,-,-,-,2666.8000,2666.6000,2666.4000,2665.6000,2665.2000,2668.6000,2669.4000,2669.6000,2670.0000,2675.0000,1,1,2,1,1,1,1,1,1,1
SF,IH2005,2020-04-01 09:33:47.000,2665.0000,1360,0,28763640.000,0,-,-,-,-,2667.0000,2666.8000,2666.4000,2665.6000,2665.2000,2668.6000,2669.4000,2669.6000,2670.0000,2675.0000,1,1,1,1,1,1,1,1,1,1
SF,IH2005,2020-04-01 09:33:47.500,2665.0000,1360,0,28763640.000,0,-,-,-,-,2667.0000,2666.8000,2666.4000,2665.6000,2665.2000,2668.6000,2669.4000,2669.6000,2670.0000,2675.0000,1,1,1,1,1,1,1,1,1,1
SF,IH2005,2020-04-01 09:33:49.000,2665.0000,1360,0,28763640.000,0,-,-,-,-,2667.0000,2666.8000,2666.4000,2665.6000,2665.2000,2668.6000,2669.4000,2669.6000,2670.0000,2675.0000,1,1,1,1,1,1,1,1,1,1
SF,IH2005,2020-04-01 09:33:50.500,2665.0000,1360,0,28763640.000,0,-,-,-,-,2667.2000,2667.0000,2666.8000,2665.6000,2665.2000,2668.6000,2669.4000,2669.6000,2670.0000,2675.0000,1,1,1,1,1,1,1,1,1,1
SF,IH2005,2020-04-01 09:33:51.000,2665.0000,1360,0,28763640.000,0,-,-,-,-,2667.2000,2667.0000,2666.8000,2665.6000,2665.2000,2668.6000,2669.4000,2669.6000,2670.0000,2675.0000,1,1,1,1,1,1,1,1,1,1
SF,IH2005,2020-04-01 09:33:52.000,2665.0000,1360,0,28763640.000,0,-,-,-,-,2667.0000,2666.8000,2665.6000,2665.2000,2664.6000,2668.6000,2669.4000,2669.6000,2670.0000,2675.0000,1,1,1,1,1,1,1,1,1,1
SF,IH2005,2020-04-01 09:33:52.500,2665.0000,1360,0,28763640.000,0,-,-,-,-,2667.0000,2666.8000,2665.6000,2665.2000,2664.6000,2668.6000,2669.4000,2669.6000,2670.0000,2675.0000,1,1,1,1,1,1,1,1,1,1
SF,IH2005,2020-04-01 09:33:55.500,2665.0000,1360,0,28763640.000,0,-,-,-,-,2667.0000,2666.8000,2665.6000,2665.2000,2664.6000,2668.6000,2669.4000,2670.0000,2675.0000,2679.0000,1,1,1,1,1,1,1,1,1,5
SF,IH2005,2020-04-01 09:33:56.000,2665.0000,1360,0,28763640.000,0,-,-,-,-,2667.0000,2666.8000,2665.6000,2665.2000,2664.6000,2668.6000,2669.4000,2670.0000,2675.0000,2679.0000,1,1,1,1,1,1,1,1,1,5
SF,IH2005,2020-04-01 09:33:56.500,2665.0000,1360,0,28763640.000,0,-,-,-,-,2667.2000,2667.0000,2665.6000,2665.2000,2664.6000,2669.4000,2670.0000,2675.0000,2679.0000,2680.0000,2,1,1,1,1,1,1,1,5,1
SF,IH2005,2020-04-01 09:33:57.000,2665.0000,1360,0,28763640.000,0,-,-,-,-,2667.4000,2667.2000,2665.6000,2665.2000,2664.6000,2669.2000,2670.0000,2675.0000,2679.0000,2680.0000,1,2,1,1,1,1,1,1,5,1
SF,IH2005,2020-04-01 09:33:59.000,2665.0000,1360,0,28763640.000,0,-,-,-,-,2667.6000,2667.4000,2667.2000,2665.6000,2665.2000,2669.2000,2670.0000,2675.0000,2679.0000,2680.0000,1,1,1,1,1,1,1,1,5,1
SF,IH2005,2020-04-01 09:33:59.500,2665.0000,1360,0,28763640.000,0,-,-,-,-,2667.4000,2667.2000,2665.6000,2665.2000,2664.6000,2669.2000,2670.0000,2675.0000,2679.0000,2680.0000,1,1,1,1,1,1,1,1,5,1
SF,IH2005,2020-04-01 09:34:00.000,2665.0000,1360,0,28763640.000,0,-,-,-,-,2667.6000,2667.4000,2665.6000,2665.2000,2664.6000,2669.2000,2670.0000,2675.0000,2679.0000,2680.0000,1,1,1,1,1,1,1,1,5,1
SF,IH2005,2020-04-01 09:34:06.000,2665.0000,1360,0,28763640.000,0,-,-,-,-,2667.8000,2667.6000,2667.4000,2665.6000,2665.2000,2669.2000,2670.0000,2675.0000,2679.0000,2680.0000,1,1,1,1,1,1,1,1,5,1
SF,IH2005,2020-04-01 09:34:06.500,2665.0000,1360,0,28763640.000,0,-,-,-,-,2668.0000,2667.8000,2667.6000,2665.6000,2665.2000,2670.0000,2675.0000,2679.0000,2680.0000,2697.6000,1,1,1,1,1,1,1,5,1,3
SF,IH2005,2020-04-01 09:34:07.000,2665.0000,1360,0,28763640.000,0,-,-,-,-,2668.2000,2668.0000,2667.8000,2665.6000,2665.2000,2669.8000,2670.0000,2675.0000,2679.0000,2680.0000,1,1,1,1,1,1,1,1,5,1
SF,IH2005,2020-04-01 09:34:08.000,2665.0000,1360,0,28763640.000,0,-,-,-,-,2668.2000,2668.0000,2667.8000,2665.6000,2665.2000,2669.8000,2670.0000,2679.0000,2680.0000,2697.6000,1,1,1,1,1,1,2,5,1,3
SF,IH2005,2020-04-01 09:34:08.500,2665.0000,1360,0,28763640.000,0,-,-,-,-,2668.2000,2668.0000,2667.8000,2665.6000,2665.2000,2669.8000,2670.0000,2679.0000,2680.0000,2697.6000,1,1,1,1,1,1,2,5,1,3
SF,IH2005,2020-04-01 09:34:09.000,2665.0000,1360,0,28763640.000,0,-,-,-,-,2668.2000,2668.0000,2667.8000,2665.6000,2665.2000,2669.8000,2670.0000,2679.0000,2680.0000,2697.6000,1,1,1,1,1,1,2,5,1,3
SF,IH2005,2020-04-01 09:34:09.500,2665.0000,1360,0,28763640.000,0,-,-,-,-,2668.2000,2668.0000,2667.8000,2665.6000,2665.2000,2669.8000,2670.0000,2679.0000,2680.0000,2697.6000,1,1,1,1,1,1,2,5,1,3
SF,IH2005,2020-04-01 09:34:10.000,2665.0000,1360,0,28763640.000,0,-,-,-,-,2668.4000,2668.2000,2667.8000,2665.6000,2665.2000,2669.8000,2670.0000,2679.0000,2680.0000,2697.6000,1,1,1,1,1,1,2,5,1,3
SF,IH2005,2020-04-01 09:34:10.500,2665.0000,1360,0,28763640.000,0,-,-,-,-,2668.4000,2668.2000,2667.8000,2665.6000,2665.2000,2669.8000,2670.0000,2679.0000,2680.0000,2697.6000,1,1,1,1,1,1,2,5,1,3
SF,IH2005,2020-04-01 09:34:11.000,2665.0000,1360,0,28763640.000,0,-,-,-,-,2668.4000,2668.2000,2667.8000,2665.6000,2665.2000,2669.8000,2670.0000,2679.0000,2680.0000,2697.6000,1,1,1,1,1,1,2,5,1,3
SF,IH2005,2020-04-01 09:34:11.500,2668.2000,1360,0,29564100.000,1,0,1,多换,S,2668.4000,2668.2000,2667.8000,2665.6000,2665.2000,2670.0000,2679.0000,2680.0000,2697.6000,2721.0000,1,1,1,1,1,2,5,1,3,1
SF,IH2005,2020-04-01 09:34:12.000,2668.2000,1360,0,29564100.000,0,-,-,-,-,2668.4000,2668.2000,2667.8000,2665.6000,2665.2000,2669.8000,2670.0000,2679.0000,2680.0000,2697.6000,1,1,1,1,1,1,2,5,1,3
SF,IH2005,2020-04-01 09:34:12.500,2668.2000,1360,0,29564100.000,0,-,-,-,-,2668.2000,2667.8000,2665.6000,2665.2000,2664.6000,2669.8000,2670.0000,2679.0000,2680.0000,2697.6000,1,1,1,1,1,1,2,5,1,3
SF,IH2005,2020-04-01 09:34:13.000,2668.2000,1360,0,29564100.000,0,-,-,-,-,2668.0000,2667.8000,2665.6000,2665.2000,2664.6000,2669.8000,2670.0000,2679.0000,2680.0000,2697.6000,1,1,1,1,1,1,2,5,1,3
SF,IH2005,2020-04-01 09:34:13.500,2668.2000,1360,0,29564100.000,0,-,-,-,-,2668.0000,2667.8000,2665.6000,2665.2000,2664.6000,2669.8000,2670.0000,2679.0000,2680.0000,2697.6000,1,1,1,1,1,1,2,5,1,3
SF,IH2005,2020-04-01 09:34:14.000,2668.2000,1360,0,29564100.000,0,-,-,-,-,2668.0000,2667.8000,2665.6000,2665.2000,2664.6000,2669.8000,2670.0000,2679.0000,2680.0000,2697.6000,1,1,1,1,1,1,2,5,1,3
SF,IH2005,2020-04-01 09:34:14.500,2668.2000,1360,0,29564100.000,0,-,-,-,-,2668.2000,2668.0000,2667.8000,2665.6000,2665.2000,2669.8000,2670.0000,2679.0000,2680.0000,2697.6000,1,1,1,1,1,1,2,5,1,3
SF,IH2005,2020-04-01 09:34:15.000,2669.8000,1359,-1,30365040.000,1,0,1,双平,S,2668.2000,2668.0000,2667.8000,2665.6000,2665.2000,2670.0000,2679.0000,2680.0000,2697.6000,2721.0000,1,1,1,1,1,2,5,1,3,1
SF,IH2005,2020-04-01 09:34:15.500,2669.8000,1359,0,30365040.000,0,-,-,-,-,2668.2000,2668.0000,2667.8000,2665.6000,2665.2000,2670.0000,2679.0000,2680.0000,2697.6000,2721.0000,1,1,1,1,1,2,5,1,3,1
SF,IH2005,2020-04-01 09:34:16.000,2669.8000,1359,0,31165980.000,1,0,1,多换,S,2668.2000,2668.0000,2667.8000,2665.6000,2665.2000,2670.0000,2679.0000,2680.0000,2697.6000,2721.0000,1,1,1,1,1,2,5,1,3,1
SF,IH2005,2020-04-01 09:34:16.500,2669.8000,1359,0,31165980.000,0,-,-,-,-,2668.2000,2668.0000,2665.6000,2664.6000,2663.8000,2669.8000,2670.0000,2679.0000,2680.0000,2697.6000,1,1,1,1,1,1,2,5,1,3
SF,IH2005,2020-04-01 09:34:17.000,2669.8000,1359,0,31165980.000,0,-,-,-,-,2668.2000,2668.0000,2665.6000,2663.8000,2662.2000,2669.8000,2670.0000,2679.0000,2680.0000,2697.6000,1,1,1,1,1,1,2,5,1,3
SF,IH2005,2020-04-01 09:34:17.500,2668.2000,1358,-1,31966440.000,1,0,1,双平,S,2665.6000,2663.8000,2662.2000,2660.0000,2658.0000,2669.8000,2670.0000,2679.0000,2680.0000,2697.6000,1,1,1,5,1,1,2,5,1,3
SF,IH2005,2020-04-01 09:34:18.000,2668.2000,1358,0,31966440.000,0,-,-,-,-,2666.0000,2665.8000,2665.6000,2663.8000,2662.2000,2669.8000,2670.0000,2679.0000,2680.0000,2697.6000,1,4,1,1,1,1,2,5,1,3
SF,IH2005,2020-04-01 09:34:18.500,2668.2000,1358,0,31966440.000,0,-,-,-,-,2666.2000,2666.0000,2665.8000,2665.6000,2663.8000,2669.8000,2670.0000,2679.0000,2680.0000,2697.6000,3,1,1,1,1,1,2,5,1,3
SF,IH2005,2020-04-01 09:34:19.000,2668.2000,1358,0,31966440.000,0,-,-,-,-,2667.6000,2666.4000,2666.2000,2666.0000,2665.8000,2669.8000,2670.0000,2679.0000,2680.0000,2697.6000,1,1,3,1,1,1,2,5,1,3
SF,IH2005,2020-04-01 09:34:19.500,2668.2000,1358,0,31966440.000,0,-,-,-,-,2667.8000,2666.4000,2666.2000,2666.0000,2665.8000,2669.8000,2670.0000,2679.0000,2680.0000,2697.6000,1,1,2,1,1,1,2,5,1,3
SF,IH2005,2020-04-01 09:34:20.000,2668.2000,1358,0,31966440.000,0,-,-,-,-,2667.8000,2666.4000,2666.2000,2666.0000,2665.6000,2669.8000,2670.0000,2679.0000,2680.0000,2697.6000,1,1,2,1,1,1,2,5,1,3
SF,IH2005,2020-04-01 09:34:20.500,2668.2000,1358,0,31966440.000,0,-,-,-,-,2667.8000,2666.2000,2666.0000,2665.6000,2663.8000,2669.8000,2670.0000,2679.0000,2680.0000,2697.6000,1,2,1,1,1,1,2,5,1,3
SF,IH2005,2020-04-01 09:34:21.000,2668.2000,1358,0,31966440.000,0,-,-,-,-,2667.8000,2666.2000,2666.0000,2665.6000,2663.8000,2669.8000,2670.0000,2679.0000,2680.0000,2697.6000,1,2,1,1,1,1,2,5,1,3
SF,IH2005,2020-04-01 09:34:21.500,2668.2000,1358,0,31966440.000,0,-,-,-,-,2667.8000,2666.2000,2666.0000,2665.6000,2663.8000,2669.8000,2670.0000,2679.0000,2680.0000,2697.6000,1,2,1,1,1,1,2,5,1,3
SF,IH2005,2020-04-01 09:34:22.000,2668.2000,1358,0,31966440.000,0,-,-,-,-,2667.8000,2666.2000,2666.0000,2665.6000,2663.8000,2669.8000,2670.0000,2679.0000,2680.0000,2697.6000,1,2,1,1,1,1,2,5,1,3
SF,IH2005,2020-04-01 09:34:22.500,2668.2000,1358,0,31966440.000,0,-,-,-,-,2667.8000,2666.2000,2666.0000,2665.6000,2663.8000,2669.8000,2670.0000,2679.0000,2680.0000,2697.6000,1,2,1,1,1,1,2,5,1,3
SF,IH2005,2020-04-01 09:34:23.000,2668.2000,1358,0,31966440.000,0,-,-,-,-,2667.8000,2666.2000,2666.0000,2665.6000,2663.8000,2669.8000,2670.0000,2679.0000,2680.0000,2697.6000,1,2,1,1,1,1,2,5,1,3
SF,IH2005,2020-04-01 09:34:23.500,2668.2000,1358,0,31966440.000,0,-,-,-,-,2668.0000,2667.8000,2666.2000,2666.0000,2665.6000,2669.8000,2670.0000,2679.0000,2680.0000,2697.6000,1,1,2,1,1,1,2,5,1,3
SF,IH2005,2020-04-01 09:34:24.000,2668.2000,1358,0,31966440.000,0,-,-,-,-,2668.2000,2668.0000,2666.2000,2666.0000,2665.6000,2669.8000,2670.0000,2679.0000,2680.0000,2697.6000,1,1,2,1,1,1,2,5,1,3
SF,IH2005,2020-04-01 09:34:24.500,2668.2000,1358,0,31966440.000,0,-,-,-,-,2668.2000,2668.0000,2666.2000,2666.0000,2665.6000,2669.8000,2670.0000,2679.0000,2680.0000,2697.6000,1,1,2,1,1,1,2,5,1,3
SF,IH2005,2020-04-01 09:34:25.000,2668.2000,1358,0,31966440.000,0,-,-,-,-,2668.2000,2668.0000,2666.2000,2666.0000,2665.6000,2669.8000,2670.0000,2679.0000,2680.0000,2697.6000,1,1,2,1,1,1,2,5,1,3
SF,IH2005,2020-04-01 09:34:25.500,2668.2000,1358,0,31966440.000,0,-,-,-,-,2668.4000,2668.2000,2668.0000,2666.2000,2666.0000,2669.8000,2670.0000,2679.0000,2680.0000,2697.6000,1,1,1,2,1,1,2,5,1,3
SF,IH2005,2020-04-01 09:34:26.000,2668.2000,1358,0,31966440.000,0,-,-,-,-,2668.4000,2668.2000,2668.0000,2666.2000,2666.0000,2669.8000,2670.0000,2679.0000,2680.0000,2697.6000,1,1,1,2,1,1,2,5,1,3
SF,IH2005,2020-04-01 09:34:26.500,2668.2000,1358,0,31966440.000,0,-,-,-,-,2668.4000,2668.2000,2668.0000,2666.2000,2666.0000,2669.8000,2670.0000,2679.0000,2680.0000,2697.6000,1,1,1,2,1,1,2,5,1,3
SF,IH2005,2020-04-01 09:34:27.000,2668.2000,1358,0,31966440.000,0,-,-,-,-,2668.6000,2668.4000,2668.2000,2668.0000,2666.2000,2669.8000,2670.0000,2679.0000,2680.0000,2697.6000,2,1,1,1,2,1,2,5,1,3
SF,IH2005,2020-04-01 09:34:27.500,2668.2000,1358,0,31966440.000,0,-,-,-,-,2668.4000,2668.2000,2668.0000,2666.2000,2666.0000,2669.8000,2670.0000,2679.0000,2680.0000,2697.6000,1,1,1,2,1,1,2,5,1,3
SF,IH2005,2020-04-01 09:34:28.000,2668.2000,1358,0,31966440.000,0,-,-,-,-,2668.4000,2668.2000,2668.0000,2666.2000,2666.0000,2669.8000,2670.0000,2679.0000,2680.0000,2697.6000,1,1,1,2,1,1,2,5,1,3
SF,IH2005,2020-04-01 09:34:28.500,2668.2000,1358,0,31966440.000,0,-,-,-,-,2668.4000,2668.2000,2668.0000,2666.2000,2666.0000,2669.8000,2670.0000,2679.0000,2680.0000,2697.6000,1,1,1,2,1,1,2,5,1,3
SF,IH2005,2020-04-01 09:34:29.000,2668.2000,1358,0,31966440.000,0,-,-,-,-,2668.4000,2668.2000,2668.0000,2666.2000,2666.0000,2669.8000,2670.0000,2679.0000,2680.0000,2697.6000,1,1,1,2,1,1,2,5,1,3
SF,IH2005,2020-04-01 09:34:29.500,2668.2000,1358,0,31966440.000,0,-,-,-,-,2668.6000,2668.4000,2668.0000,2666.2000,2666.0000,2670.0000,2679.0000,2680.0000,2697.6000,2721.0000,1,1,1,2,1,2,5,1,3,1
SF,IH2005,2020-04-01 09:34:30.000,2668.2000,1358,0,31966440.000,0,-,-,-,-,2668.6000,2668.4000,2668.0000,2666.2000,2666.0000,2670.0000,2679.0000,2680.0000,2697.6000,2721.0000,1,1,1,2,1,2,5,1,3,1
SF,IH2005,2020-04-01 09:34:30.500,2668.2000,1358,0,31966440.000,0,-,-,-,-,2668.6000,2668.4000,2668.0000,2666.2000,2666.0000,2670.0000,2679.0000,2680.0000,2697.6000,2721.0000,1,1,1,2,1,2,5,1,3,1
SF,IH2005,2020-04-01 09:34:31.000,2668.2000,1358,0,31966440.000,0,-,-,-,-,2668.6000,2668.4000,2668.0000,2666.2000,2666.0000,2670.0000,2679.0000,2680.0000,2697.6000,2721.0000,1,1,1,2,1,2,5,1,3,1
SF,IH2005,2020-04-01 09:34:31.500,2668.2000,1358,0,31966440.000,0,-,-,-,-,2668.6000,2668.4000,2668.0000,2666.2000,2666.0000,2670.0000,2679.0000,2680.0000,2697.6000,2721.0000,1,1,1,2,1,2,5,1,3,1
SF,IH2005,2020-04-01 09:34:32.000,2668.2000,1358,0,31966440.000,0,-,-,-,-,2668.6000,2668.4000,2668.0000,2666.2000,2666.0000,2670.0000,2679.0000,2680.0000,2697.6000,2721.0000,1,1,1,2,1,2,5,1,3,1
SF,IH2005,2020-04-01 09:34:32.500,2670.0000,1357,-1,32767440.000,1,0,1,双平,S,2668.6000,2668.4000,2668.0000,2666.2000,2666.0000,2670.0000,2679.0000,2680.0000,2697.6000,2721.0000,1,1,1,2,1,1,5,1,3,1
SF,IH2005,2020-04-01 09:34:33.000,2670.0000,1356,-1,33568440.000,1,0,1,双平,S,2668.6000,2668.4000,2668.0000,2666.2000,2666.0000,2679.0000,2680.0000,2697.6000,2721.0000,2764.0000,1,1,1,2,1,5,1,3,1,1
SF,IH2005,2020-04-01 09:34:33.500,2670.0000,1356,0,33568440.000,0,-,-,-,-,2668.6000,2668.4000,2668.0000,2666.2000,2666.0000,2671.6000,2672.0000,2672.2000,2672.6000,2672.8000,1,1,1,2,1,1,1,2,3,2
SF,IH2005,2020-04-01 09:34:34.000,2670.0000,1356,0,33568440.000,0,-,-,-,-,2668.6000,2668.4000,2668.0000,2666.2000,2666.0000,2671.4000,2671.6000,2672.0000,2672.2000,2672.6000,1,1,1,2,1,1,1,1,2,1
SF,IH2005,2020-04-01 09:34:34.500,2670.0000,1356,0,33568440.000,0,-,-,-,-,2668.6000,2668.4000,2666.2000,2666.0000,2665.6000,2671.4000,2671.6000,2672.0000,2672.2000,2672.6000,1,1,2,1,1,1,1,1,2,1
SF,IH2005,2020-04-01 09:34:35.000,2670.0000,1356,0,33568440.000,0,-,-,-,-,2668.6000,2666.2000,2666.0000,2665.6000,2663.8000,2671.4000,2671.6000,2672.0000,2672.2000,2672.6000,1,2,1,1,1,1,1,1,2,1
SF,IH2005,2020-04-01 09:34:35.500,2670.0000,1356,0,33568440.000,0,-,-,-,-,2666.2000,2666.0000,2665.6000,2663.8000,2662.2000,2671.2000,2671.4000,2672.0000,2672.2000,2672.6000,2,1,1,1,1,2,1,1,2,1
SF,IH2005,2020-04-01 09:34:36.000,2670.0000,1356,0,33568440.000,0,-,-,-,-,2667.6000,2666.6000,2666.4000,2666.2000,2666.0000,2671.0000,2671.2000,2672.0000,2672.2000,2672.6000,1,1,1,2,1,2,2,1,2,1
SF,IH2005,2020-04-01 09:34:36.500,2670.0000,1356,0,33568440.000,0,-,-,-,-,2667.8000,2667.6000,2666.6000,2666.0000,2665.6000,2671.0000,2671.2000,2672.0000,2672.2000,2672.6000,3,1,1,1,1,2,2,1,2,1
SF,IH2005,2020-04-01 09:34:37.000,2670.0000,1356,0,33568440.000,0,-,-,-,-,2668.0000,2667.8000,2667.6000,2666.6000,2666.0000,2671.0000,2672.0000,2672.2000,2672.6000,2672.8000,2,3,2,1,1,1,1,2,1,2
SF,IH2005,2020-04-01 09:34:37.500,2670.0000,1356,0,33568440.000,0,-,-,-,-,2668.2000,2668.0000,2667.6000,2666.6000,2666.0000,2671.0000,2672.0000,2672.2000,2672.6000,2672.8000,3,1,1,1,1,1,1,2,1,2
SF,IH2005,2020-04-01 09:34:38.000,2670.0000,1356,0,33568440.000,0,-,-,-,-,2668.4000,2668.2000,2668.0000,2667.6000,2666.6000,2671.0000,2672.0000,2672.2000,2672.6000,2672.8000,1,3,1,1,1,1,1,2,1,2
SF,IH2005,2020-04-01 09:34:38.500,2670.0000,1356,0,33568440.000,0,-,-,-,-,2668.6000,2668.4000,2668.2000,2667.6000,2666.6000,2671.0000,2672.0000,2672.2000,2672.6000,2672.8000,1,1,2,1,1,1,1,2,1,2
SF,IH2005,2020-04-01 09:34:43.000,2668.6000,1355,-1,34369020.000,1,0,1,双平,S,2668.4000,2668.2000,2666.0000,2665.6000,2663.8000,2670.4000,2670.8000,2671.0000,2672.0000,2672.2000,1,1,1,1,1,1,2,1,1,2
SF,IH2005,2020-04-01 09:34:43.500,2668.4000,1354,-1,35169540.000,1,0,1,双平,S,2666.0000,2665.6000,2663.8000,2662.2000,2660.0000,2670.2000,2670.4000,2670.8000,2672.0000,2672.2000,1,1,1,1,5,4,1,2,1,2
SF,IH2005,2020-04-01 09:34:44.000,2668.4000,1354,0,35169540.000,0,-,-,-,-,2666.6000,2666.2000,2666.0000,2665.6000,2663.8000,2669.4000,2670.0000,2670.2000,2670.8000,2672.0000,1,3,1,1,1,1,2,5,3,1
SF,IH2005,2020-04-01 09:34:44.500,2668.4000,1354,0,35169540.000,0,-,-,-,-,2666.8000,2666.6000,2666.2000,2666.0000,2665.6000,2669.2000,2670.0000,2670.2000,2670.8000,2672.0000,1,1,1,1,1,1,1,1,3,1
SF,IH2005,2020-04-01 09:34:45.000,2668.4000,1354,0,35169540.000,0,-,-,-,-,2667.0000,2666.8000,2666.6000,2666.2000,2666.0000,2669.2000,2670.0000,2670.2000,2670.8000,2672.0000,1,1,1,1,1,1,1,1,3,1
SF,IH2005,2020-04-01 09:34:45.500,2668.4000,1354,0,35169540.000,0,-,-,-,-,2667.2000,2667.0000,2666.6000,2666.2000,2666.0000,2669.2000,2670.0000,2670.2000,2670.8000,2672.0000,1,1,1,1,1,1,1,1,3,1
SF,IH2005,2020-04-01 09:34:46.500,2669.2000,1354,0,35970300.000,1,0,1,多换,S,2667.2000,2667.0000,2666.6000,2666.2000,2666.0000,2670.0000,2670.2000,2670.8000,2672.0000,2672.2000,1,1,1,1,1,1,1,3,1,2
SF,IH2005,2020-04-01 09:34:47.000,2669.2000,1354,0,35970300.000,0,-,-,-,-,2667.2000,2666.6000,2666.2000,2666.0000,2665.6000,2669.8000,2670.0000,2670.2000,2670.8000,2672.0000,1,1,1,1,1,4,1,1,3,1
SF,IH2005,2020-04-01 09:34:47.500,2669.2000,1354,0,35970300.000,0,-,-,-,-,2666.6000,2665.6000,2663.8000,2662.2000,2660.0000,2669.6000,2669.8000,2670.2000,2670.8000,2672.0000,1,1,1,1,5,2,4,1,3,1
SF,IH2005,2020-04-01 09:34:48.000,2669.2000,1354,0,35970300.000,0,-,-,-,-,2666.6000,2663.8000,2662.2000,2660.0000,2658.0000,2668.4000,2668.8000,2669.4000,2669.6000,2669.8000,1,1,1,5,1,1,1,4,2,2
SF,IH2005,2020-04-01 09:34:48.500,2669.2000,1354,0,35970300.000,0,-,-,-,-,2663.8000,2662.2000,2660.0000,2658.0000,2657.0000,2668.2000,2668.4000,2668.8000,2669.4000,2669.6000,1,1,5,1,1,2,1,1,3,2
SF,IH2005,2020-04-01 09:34:49.000,2669.2000,1354,0,35970300.000,0,-,-,-,-,2665.6000,2665.0000,2664.0000,2663.8000,2662.2000,2668.2000,2669.4000,2669.6000,2669.8000,2670.2000,1,1,3,1,1,2,3,2,2,1
SF,IH2005,2020-04-01 09:34:49.500,2669.2000,1354,0,35970300.000,0,-,-,-,-,2665.8000,2665.6000,2665.0000,2664.0000,2663.8000,2668.0000,2668.2000,2669.4000,2669.6000,2669.8000,1,1,1,1,1,1,2,3,2,2
SF,IH2005,2020-04-01 09:34:50.000,2669.2000,1354,0,35970300.000,0,-,-,-,-,2666.0000,2665.8000,2665.6000,2665.0000,2664.0000,2668.0000,2668.2000,2669.4000,2669.6000,2669.8000,1,1,1,1,1,1,1,3,2,2
SF,IH2005,2020-04-01 09:34:50.500,2669.2000,1354,0,35970300.000,0,-,-,-,-,2666.2000,2666.0000,2665.6000,2665.0000,2664.0000,2668.0000,2668.2000,2669.4000,2669.6000,2669.8000,1,2,1,1,1,1,1,3,2,2
SF,IH2005,2020-04-01 09:34:51.000,2668.2000,1352,-2,37571160.000,2,0,2,双平,S,2666.2000,2666.0000,2665.6000,2665.0000,2664.0000,2669.4000,2669.6000,2669.8000,2670.8000,2672.0000,1,1,1,1,1,1,2,2,3,1
SF,IH2005,2020-04-01 09:34:51.500,2668.2000,1352,0,37571160.000,0,-,-,-,-,2666.4000,2666.2000,2666.0000,2665.6000,2665.0000,2669.2000,2669.6000,2670.8000,2672.0000,2672.2000,3,1,1,1,1,1,1,3,1,2
SF,IH2005,2020-04-01 09:34:52.000,2668.2000,1352,0,37571160.000,0,-,-,-,-,2666.6000,2666.4000,2666.0000,2665.6000,2665.0000,2669.2000,2669.6000,2670.8000,2672.0000,2672.2000,1,3,1,1,1,1,1,3,1,2
SF,IH2005,2020-04-01 09:34:52.500,2668.2000,1352,0,37571160.000,0,-,-,-,-,2666.8000,2666.6000,2666.4000,2666.0000,2665.6000,2669.2000,2669.6000,2670.8000,2672.0000,2672.2000,1,1,1,1,1,1,1,3,1,2
SF,IH2005,2020-04-01 09:34:53.000,2668.2000,1352,0,37571160.000,0,-,-,-,-,2667.6000,2667.0000,2666.8000,2666.4000,2666.0000,2669.2000,2669.6000,2670.8000,2672.0000,2672.2000,1,2,1,1,1,1,1,1,1,2
SF,IH2005,2020-04-01 09:34:53.500,2668.2000,1352,0,37571160.000,0,-,-,-,-,2667.0000,2666.4000,2665.6000,2665.0000,2664.0000,2669.2000,2669.6000,2670.8000,2672.0000,2672.2000,2,1,1,1,1,1,1,1,1,2
SF,IH2005,2020-04-01 09:34:54.000,2668.2000,1352,0,37571160.000,0,-,-,-,-,2667.0000,2666.4000,2665.6000,2665.0000,2664.0000,2669.2000,2669.6000,2670.8000,2672.0000,2672.2000,1,1,1,1,1,1,1,1,1,2
SF,IH2005,2020-04-01 09:34:54.500,2668.2000,1352,0,37571160.000,0,-,-,-,-,2667.2000,2667.0000,2666.4000,2665.6000,2665.0000,2669.2000,2669.6000,2670.8000,2672.0000,2672.2000,1,1,1,1,1,1,1,1,1,2
SF,IH2005,2020-04-01 09:34:55.000,2668.2000,1352,0,37571160.000,0,-,-,-,-,2667.4000,2667.2000,2665.6000,2665.0000,2664.0000,2669.2000,2669.6000,2670.8000,2672.0000,2672.2000,1,1,1,1,1,1,1,1,1,2
SF,IH2005,2020-04-01 09:34:55.500,2668.2000,1352,0,37571160.000,0,-,-,-,-,2667.6000,2667.4000,2667.2000,2665.6000,2665.0000,2669.2000,2669.6000,2670.8000,2672.0000,2672.2000,1,1,1,1,1,1,1,1,1,2
SF,IH2005,2020-04-01 09:34:56.000,2667.4000,1350,-2,39171660.000,2,0,2,双平,S,2667.2000,2665.6000,2665.0000,2664.0000,2663.8000,2669.2000,2669.6000,2670.8000,2672.0000,2672.2000,1,1,1,1,1,1,1,1,1,2
SF,IH2005,2020-04-01 09:34:56.500,2667.4000,1350,0,39171660.000,0,-,-,-,-,2667.4000,2667.2000,2665.6000,2665.0000,2664.0000,2669.2000,2669.6000,2670.8000,2672.0000,2672.2000,1,1,1,1,1,1,1,1,1,2
SF,IH2005,2020-04-01 09:34:57.500,2667.4000,1350,0,39171660.000,0,-,-,-,-,2667.6000,2667.4000,2665.6000,2665.0000,2664.0000,2669.2000,2669.6000,2670.8000,2672.0000,2672.2000,1,1,1,1,1,1,1,1,1,2
SF,IH2005,2020-04-01 09:34:58.000,2667.4000,1350,0,39171660.000,0,-,-,-,-,2667.4000,2665.6000,2665.0000,2664.0000,2663.8000,2669.2000,2669.6000,2672.0000,2672.2000,2672.6000,1,1,1,1,1,1,1,1,2,1
SF,IH2005,2020-04-01 09:34:59.000,2667.4000,1350,0,39171660.000,0,-,-,-,-,2667.4000,2665.6000,2665.0000,2664.0000,2663.8000,2667.6000,2669.2000,2669.6000,2672.0000,2672.2000,1,1,1,1,1,1,1,1,1,2
SF,IH2005,2020-04-01 09:34:59.500,2667.6000,1350,0,39971940.000,1,0,1,多换,S,2667.4000,2665.6000,2665.0000,2664.0000,2663.8000,2669.6000,2672.0000,2672.2000,2672.6000,2672.8000,1,1,1,1,1,1,1,2,1,1
SF,IH2005,2020-04-01 09:35:00.000,2667.6000,1350,0,39971940.000,0,-,-,-,-,2667.4000,2665.6000,2665.0000,2664.0000,2663.8000,2669.4000,2672.0000,2672.2000,2672.6000,2672.8000,1,1,1,1,1,1,1,2,1,1
SF,IH2005,2020-04-01 09:35:01.000,2667.6000,1350,0,39971940.000,0,-,-,-,-,2667.6000,2667.4000,2665.6000,2665.0000,2664.0000,2669.4000,2672.0000,2672.2000,2672.6000,2672.8000,4,1,1,1,1,1,1,2,1,1
SF,IH2005,2020-04-01 09:35:01.500,2667.6000,1350,0,39971940.000,0,-,-,-,-,2667.6000,2667.4000,2665.6000,2665.0000,2664.0000,2672.0000,2672.2000,2672.8000,2678.8000,2679.0000,4,1,1,1,1,1,1,1,2,5
SF,IH2005,2020-04-01 09:35:02.000,2667.6000,1350,0,39971940.000,0,-,-,-,-,2667.6000,2667.4000,2665.6000,2665.0000,2664.0000,2671.8000,2672.0000,2672.2000,2672.8000,2678.8000,3,1,1,1,1,1,2,1,1,2
SF,IH2005,2020-04-01 09:35:02.500,2667.6000,1350,0,39971940.000,0,-,-,-,-,2667.6000,2667.4000,2665.6000,2665.0000,2664.0000,2671.2000,2671.6000,2671.8000,2672.0000,2672.2000,2,1,1,1,1,1,3,1,2,1
SF,IH2005,2020-04-01 09:35:03.000,2667.6000,1350,0,39971940.000,0,-,-,-,-,2667.8000,2667.6000,2667.4000,2665.6000,2664.0000,2671.0000,2671.2000,2671.6000,2672.0000,2672.2000,1,4,1,1,1,1,1,1,2,1
SF,IH2005,2020-04-01 09:35:03.500,2667.6000,1350,0,39971940.000,0,-,-,-,-,2668.0000,2667.8000,2665.6000,2664.0000,2663.8000,2671.0000,2671.2000,2671.6000,2672.0000,2672.2000,3,1,1,1,1,1,1,1,2,1
SF,IH2005,2020-04-01 09:35:04.000,2667.6000,1350,0,39971940.000,0,-,-,-,-,2668.0000,2665.6000,2664.0000,2663.8000,2662.2000,2671.0000,2671.2000,2671.6000,2672.0000,2672.2000,3,1,1,1,1,1,1,1,2,1
SF,IH2005,2020-04-01 09:35:04.500,2667.6000,1350,0,39971940.000,0,-,-,-,-,2668.0000,2665.6000,2664.0000,2663.8000,2662.2000,2671.0000,2671.2000,2671.6000,2672.0000,2672.2000,3,1,1,1,1,1,1,1,2,1
SF,IH2005,2020-04-01 09:35:05.000,2667.6000,1350,0,39971940.000,0,-,-,-,-,2668.0000,2665.6000,2664.0000,2663.8000,2662.2000,2671.0000,2671.2000,2671.6000,2672.0000,2672.2000,3,1,1,1,1,2,1,1,2,1
SF,IH2005,2020-04-01 09:35:05.500,2667.6000,1350,0,39971940.000,0,-,-,-,-,2668.0000,2665.6000,2664.0000,2663.8000,2662.2000,2671.0000,2671.6000,2672.0000,2672.2000,2672.8000,3,1,1,1,1,2,1,2,1,1
SF,IH2005,2020-04-01 09:35:06.000,2667.6000,1350,0,39971940.000,0,-,-,-,-,2668.0000,2665.6000,2664.0000,2663.8000,2662.2000,2671.0000,2671.6000,2672.0000,2672.2000,2672.8000,3,1,1,1,1,1,1,2,1,1
SF,IH2005,2020-04-01 09:35:06.500,2667.6000,1350,0,39971940.000,0,-,-,-,-,2668.2000,2668.0000,2665.6000,2664.0000,2663.8000,2671.0000,2671.6000,2672.0000,2672.2000,2672.8000,1,3,1,1,1,1,1,2,1,1
SF,IH2005,2020-04-01 09:35:07.000,2667.6000,1350,0,39971940.000,0,-,-,-,-,2668.8000,2668.4000,2668.2000,2668.0000,2664.0000,2671.0000,2671.6000,2672.0000,2672.2000,2672.8000,1,3,1,1,1,1,1,2,1,1
SF,IH2005,2020-04-01 09:35:07.500,2667.6000,1350,0,39971940.000,0,-,-,-,-,2669.0000,2668.8000,2668.4000,2668.2000,2668.0000,2671.0000,2671.6000,2672.0000,2672.2000,2672.8000,2,1,1,1,1,1,1,2,1,1
SF,IH2005,2020-04-01 09:35:08.000,2667.6000,1350,0,39971940.000,0,-,-,-,-,2669.0000,2668.8000,2668.4000,2668.2000,2668.0000,2671.0000,2671.6000,2672.0000,2672.2000,2672.8000,2,1,1,1,1,1,1,1,1,1
SF,IH2005,2020-04-01 09:35:08.500,2667.6000,1350,0,39971940.000,0,-,-,-,-,2669.0000,2668.4000,2668.2000,2664.0000,2663.8000,2671.0000,2671.6000,2672.0000,2672.2000,2672.8000,2,1,1,1,1,1,1,1,1,1
SF,IH2005,2020-04-01 09:35:09.000,2667.6000,1350,0,39971940.000,0,-,-,-,-,2669.0000,2668.8000,2668.4000,2668.2000,2664.0000,2671.0000,2671.6000,2672.0000,2672.2000,2672.8000,2,1,1,1,1,1,1,1,1,1
SF,IH2005,2020-04-01 09:35:09.500,2667.6000,1350,0,39971940.000,0,-,-,-,-,2669.0000,2668.4000,2668.2000,2664.0000,2663.8000,2671.0000,2671.6000,2672.0000,2672.2000,2672.8000,2,1,1,1,1,1,1,1,1,1
SF,IH2005,2020-04-01 09:35:10.000,2667.6000,1350,0,39971940.000,0,-,-,-,-,2669.0000,2668.4000,2664.0000,2663.8000,2662.2000,2671.0000,2671.6000,2672.0000,2672.2000,2672.8000,2,1,1,1,1,1,1,1,1,1
SF,IH2005,2020-04-01 09:35:11.000,2667.6000,1350,0,39971940.000,0,-,-,-,-,2669.0000,2668.8000,2668.4000,2664.0000,2663.8000,2671.0000,2671.6000,2672.0000,2672.2000,2672.8000,2,1,1,1,1,1,1,1,1,1
SF,IH2005,2020-04-01 09:35:11.500,2667.6000,1350,0,39971940.000,0,-,-,-,-,2669.2000,2669.0000,2668.8000,2664.0000,2663.8000,2671.0000,2671.6000,2672.0000,2672.2000,2672.8000,3,2,1,1,1,1,1,1,1,1
SF,IH2005,2020-04-01 09:35:12.000,2667.6000,1350,0,39971940.000,0,-,-,-,-,2669.4000,2669.2000,2669.0000,2668.8000,2664.0000,2671.0000,2671.6000,2672.0000,2678.8000,2679.0000,1,3,1,1,1,1,1,1,2,5
SF,IH2005,2020-04-01 09:35:12.500,2667.6000,1350,0,39971940.000,0,-,-,-,-,2669.6000,2669.4000,2669.2000,2668.8000,2664.0000,2671.0000,2671.6000,2672.0000,2678.8000,2679.0000,2,1,2,1,1,1,1,1,2,5
SF,IH2005,2020-04-01 09:35:13.500,2667.6000,1350,0,39971940.000,0,-,-,-,-,2669.8000,2669.6000,2669.2000,2668.8000,2664.0000,2671.0000,2671.6000,2672.0000,2678.8000,2679.0000,1,2,2,1,1,1,1,1,2,5
SF,IH2005,2020-04-01 09:35:14.000,2667.6000,1350,0,39971940.000,0,-,-,-,-,2669.8000,2669.6000,2669.2000,2668.8000,2664.0000,2671.6000,2672.0000,2678.8000,2679.0000,2680.0000,1,2,2,1,1,1,1,2,5,1
SF,IH2005,2020-04-01 09:35:14.500,2667.6000,1350,0,39971940.000,0,-,-,-,-,2669.8000,2669.6000,2669.2000,2668.8000,2664.0000,2671.4000,2672.0000,2678.8000,2679.0000,2680.0000,1,2,2,1,1,1,1,2,5,1
SF,IH2005,2020-04-01 09:35:15.000,2667.6000,1350,0,39971940.000,0,-,-,-,-,2670.0000,2669.8000,2669.6000,2669.2000,2668.8000,2671.4000,2672.0000,2678.8000,2679.0000,2680.0000,1,1,1,2,1,1,1,2,5,1
SF,IH2005,2020-04-01 09:35:15.500,2667.6000,1350,0,39971940.000,0,-,-,-,-,2670.2000,2670.0000,2669.6000,2669.2000,2668.8000,2672.0000,2678.8000,2679.0000,2680.0000,2697.6000,1,1,1,2,1,1,2,5,1,3
SF,IH2005,2020-04-01 09:35:16.000,2667.6000,1350,0,39971940.000,0,-,-,-,-,2670.2000,2670.0000,2669.6000,2669.2000,2668.8000,2671.8000,2672.0000,2678.8000,2679.0000,2680.0000,1,1,1,2,1,1,1,2,5,1
SF,IH2005,2020-04-01 09:35:17.000,2667.6000,1350,0,39971940.000,0,-,-,-,-,2670.4000,2670.2000,2669.6000,2669.2000,2668.8000,2671.8000,2672.0000,2678.8000,2679.0000,2680.0000,1,1,1,2,1,1,1,2,5,1
SF,IH2005,2020-04-01 09:35:17.500,2667.6000,1350,0,39971940.000,0,-,-,-,-,2670.2000,2669.6000,2669.2000,2668.8000,2664.0000,2671.8000,2672.0000,2678.8000,2679.0000,2680.0000,1,1,2,1,1,1,1,2,5,1
SF,IH2005,2020-04-01 09:35:18.000,2667.6000,1350,0,39971940.000,0,-,-,-,-,2669.6000,2669.2000,2668.8000,2664.0000,2663.8000,2671.8000,2672.0000,2678.8000,2679.0000,2680.0000,1,2,1,1,1,1,1,2,5,1
SF,IH2005,2020-04-01 09:35:18.500,2667.6000,1350,0,39971940.000,0,-,-,-,-,2669.6000,2669.2000,2668.8000,2664.0000,2663.8000,2671.8000,2672.0000,2678.8000,2679.0000,2680.0000,1,1,1,1,1,1,1,2,5,1
SF,IH2005,2020-04-01 09:35:19.000,2667.6000,1350,0,39971940.000,0,-,-,-,-,2669.2000,2664.0000,2663.8000,2662.2000,2660.0000,2671.6000,2671.8000,2672.0000,2678.8000,2679.0000,1,1,1,1,5,2,1,2,2,5
SF,IH2005,2020-04-01 09:35:19.500,2667.6000,1350,0,39971940.000,0,-,-,-,-,2669.2000,2664.0000,2663.8000,2662.2000,2660.0000,2671.4000,2671.6000,2672.0000,2678.8000,2679.0000,1,1,1,1,5,1,2,2,2,5
SF,IH2005,2020-04-01 09:35:20.000,2667.6000,1350,0,39971940.000,0,-,-,-,-,2669.2000,2664.0000,2663.8000,2662.2000,2660.0000,2671.4000,2671.6000,2672.0000,2678.8000,2679.0000,1,1,1,1,5,1,2,2,2,5
SF,IH2005,2020-04-01 09:35:20.500,2667.6000,1350,0,39971940.000,0,-,-,-,-,2669.4000,2669.2000,2664.0000,2663.8000,2662.2000,2671.4000,2671.6000,2672.0000,2678.8000,2679.0000,2,1,1,1,1,1,2,1,2,5
SF,IH2005,2020-04-01 09:35:21.000,2667.6000,1350,0,39971940.000,0,-,-,-,-,2669.4000,2669.2000,2664.0000,2663.8000,2662.2000,2671.4000,2671.6000,2672.0000,2678.8000,2679.0000,1,1,1,1,1,1,1,1,2,5
SF,IH2005,2020-04-01 09:35:22.000,2667.6000,1350,0,39971940.000,0,-,-,-,-,2669.4000,2669.2000,2664.0000,2663.8000,2662.2000,2671.4000,2672.0000,2678.8000,2679.0000,2680.0000,1,1,1,1,1,1,1,2,5,1
SF,IH2005,2020-04-01 09:35:22.500,2667.6000,1350,0,39971940.000,0,-,-,-,-,2669.6000,2669.4000,2669.2000,2664.0000,2663.8000,2671.4000,2672.0000,2678.8000,2679.0000,2680.0000,1,1,1,1,1,1,1,2,5,1
SF,IH2005,2020-04-01 09:35:23.000,2667.6000,1350,0,39971940.000,0,-,-,-,-,2669.6000,2669.4000,2669.2000,2664.0000,2663.8000,2671.4000,2672.0000,2678.8000,2679.0000,2680.0000,1,1,1,1,1,1,1,2,5,1
SF,IH2005,2020-04-01 09:35:24.500,2667.6000,1350,0,39971940.000,0,-,-,-,-,2669.8000,2669.6000,2669.4000,2669.2000,2664.0000,2671.4000,2672.0000,2678.8000,2679.0000,2680.0000,1,1,1,1,1,1,1,2,5,1
SF,IH2005,2020-04-01 09:35:25.500,2667.6000,1350,0,39971940.000,0,-,-,-,-,2669.8000,2669.4000,2669.2000,2664.0000,2663.8000,2671.4000,2672.0000,2678.8000,2679.0000,2680.0000,1,1,1,1,1,1,1,2,5,1
SF,IH2005,2020-04-01 09:35:26.000,2667.6000,1350,0,39971940.000,0,-,-,-,-,2670.0000,2669.8000,2669.2000,2664.0000,2663.8000,2671.4000,2672.0000,2678.8000,2679.0000,2680.0000,1,1,1,1,1,1,1,2,5,1
SF,IH2005,2020-04-01 09:35:26.500,2667.6000,1350,0,39971940.000,0,-,-,-,-,2669.8000,2669.2000,2664.0000,2663.8000,2662.2000,2671.4000,2672.0000,2678.8000,2679.0000,2680.0000,1,1,1,1,1,1,1,2,5,1
SF,IH2005,2020-04-01 09:35:27.000,2667.6000,1350,0,39971940.000,0,-,-,-,-,2669.8000,2669.2000,2664.0000,2663.8000,2662.2000,2671.4000,2672.0000,2678.8000,2679.0000,2680.0000,1,1,1,1,1,1,1,2,5,1
SF,IH2005,2020-04-01 09:35:30.000,2667.6000,1350,0,39971940.000,0,-,-,-,-,2669.2000,2664.0000,2663.8000,2662.2000,2660.0000,2671.4000,2672.0000,2678.8000,2679.0000,2680.0000,1,1,1,1,5,1,1,2,5,1
SF,IH2005,2020-04-01 09:35:30.500,2667.6000,1350,0,39971940.000,0,-,-,-,-,2669.4000,2669.2000,2664.0000,2663.8000,2662.2000,2671.4000,2672.0000,2678.8000,2679.0000,2680.0000,2,1,1,1,1,1,1,2,5,1
SF,IH2005,2020-04-01 09:35:31.000,2667.6000,1350,0,39971940.000,0,-,-,-,-,2669.6000,2669.4000,2669.2000,2664.0000,2663.8000,2671.4000,2672.0000,2678.8000,2679.0000,2680.0000,1,2,1,1,1,1,1,2,5,1
SF,IH2005,2020-04-01 09:35:31.500,2667.6000,1350,0,39971940.000,0,-,-,-,-,2669.8000,2669.6000,2669.2000,2667.6000,2664.0000,2671.4000,2672.0000,2678.8000,2679.0000,2680.0000,2,1,1,5,1,1,1,2,5,1
SF,IH2005,2020-04-01 09:35:32.000,2667.6000,1350,0,39971940.000,0,-,-,-,-,2669.8000,2669.6000,2669.2000,2667.6000,2664.0000,2672.0000,2678.8000,2679.0000,2680.0000,2697.6000,2,1,1,5,1,1,2,5,1,3
SF,IH2005,2020-04-01 09:35:32.500,2667.6000,1350,0,39971940.000,0,-,-,-,-,2670.0000,2669.8000,2669.6000,2669.2000,2667.6000,2671.8000,2672.0000,2678.8000,2679.0000,2680.0000,1,2,1,1,5,1,1,2,5,1
SF,IH2005,2020-04-01 09:35:33.000,2667.6000,1350,0,39971940.000,0,-,-,-,-,2670.2000,2670.0000,2669.6000,2669.2000,2667.6000,2672.0000,2678.8000,2679.0000,2680.0000,2697.6000,2,1,1,1,5,1,2,5,1,3
SF,IH2005,2020-04-01 09:35:33.500,2667.6000,1350,0,39971940.000,0,-,-,-,-,2670.4000,2670.2000,2669.6000,2669.2000,2667.6000,2672.0000,2678.8000,2679.0000,2680.0000,2697.6000,1,2,1,1,5,1,2,5,1,3
SF,IH2005,2020-04-01 09:35:34.000,2667.6000,1350,0,39971940.000,0,-,-,-,-,2670.6000,2670.4000,2670.2000,2669.6000,2669.2000,2672.0000,2678.8000,2679.0000,2680.0000,2697.6000,1,1,1,1,1,1,2,5,1,3
SF,IH2005,2020-04-01 09:35:34.500,2667.6000,1350,0,39971940.000,0,-,-,-,-,2670.6000,2670.2000,2669.2000,2667.6000,2664.0000,2672.0000,2678.8000,2679.0000,2680.0000,2697.6000,1,1,1,5,1,1,2,5,1,3
SF,IH2005,2020-04-01 09:35:38.000,2667.6000,1350,0,39971940.000,0,-,-,-,-,2670.8000,2670.6000,2670.2000,2669.2000,2667.6000,2672.0000,2678.8000,2679.0000,2680.0000,2697.6000,1,1,1,1,5,1,2,5,1,3
SF,IH2005,2020-04-01 09:35:38.500,2667.6000,1350,0,39971940.000,0,-,-,-,-,2670.8000,2670.6000,2670.2000,2669.2000,2667.6000,2672.0000,2678.8000,2679.0000,2680.0000,2697.6000,1,1,1,1,5,1,2,5,1,3
SF,IH2005,2020-04-01 09:35:39.000,2667.6000,1350,0,39971940.000,0,-,-,-,-,2670.8000,2670.6000,2670.2000,2669.2000,2667.6000,2672.0000,2678.8000,2679.0000,2680.0000,2697.6000,1,1,1,1,5,1,2,5,1,3
SF,IH2005,2020-04-01 09:35:39.500,2667.6000,1350,0,39971940.000,0,-,-,-,-,2670.6000,2670.2000,2669.2000,2667.6000,2664.0000,2672.0000,2678.8000,2679.0000,2680.0000,2697.6000,1,1,1,5,1,1,2,5,1,3
SF,IH2005,2020-04-01 09:35:40.000,2667.6000,1350,0,39971940.000,0,-,-,-,-,2670.8000,2670.6000,2670.2000,2669.2000,2667.6000,2672.0000,2678.8000,2679.0000,2680.0000,2697.6000,1,1,1,1,5,1,2,5,1,3
SF,IH2005,2020-04-01 09:35:40.500,2667.6000,1350,0,39971940.000,0,-,-,-,-,2670.6000,2670.2000,2669.2000,2667.6000,2664.0000,2672.0000,2678.8000,2679.0000,2680.0000,2697.6000,1,1,1,5,1,1,2,5,1,3
SF,IH2005,2020-04-01 09:35:41.000,2667.6000,1350,0,39971940.000,0,-,-,-,-,2670.6000,2670.2000,2669.2000,2667.6000,2664.0000,2672.0000,2678.8000,2679.0000,2680.0000,2697.6000,1,1,1,5,1,1,2,5,1,3
SF,IH2005,2020-04-01 09:35:41.500,2667.6000,1350,0,39971940.000,0,-,-,-,-,2670.6000,2670.2000,2669.2000,2667.6000,2664.0000,2672.0000,2678.8000,2679.0000,2680.0000,2697.6000,1,1,1,5,1,1,2,5,1,3
SF,IH2005,2020-04-01 09:35:43.500,2667.6000,1350,0,39971940.000,0,-,-,-,-,2670.6000,2670.2000,2669.2000,2667.6000,2666.0000,2672.0000,2678.8000,2679.0000,2680.0000,2697.6000,1,1,1,5,1,1,2,5,1,3
SF,IH2005,2020-04-01 09:35:44.000,2667.6000,1350,0,39971940.000,0,-,-,-,-,2670.6000,2670.2000,2669.2000,2667.6000,2666.0000,2671.8000,2672.0000,2678.8000,2679.0000,2680.0000,1,1,1,5,1,1,1,2,5,1
SF,IH2005,2020-04-01 09:35:44.500,2667.6000,1350,0,39971940.000,0,-,-,-,-,2670.2000,2669.2000,2667.6000,2666.0000,2664.0000,2671.8000,2672.0000,2678.8000,2679.0000,2680.0000,1,1,5,1,1,1,1,2,5,1
