市场代码,合约代码,时间,最新,持仓,增仓,成交额,成交量,开仓,平仓,成交类型,方向,买一价,买二价,买三价,买四价,买五价,卖一价,卖二价,卖三价,卖四价,卖五价,买一量,买二量,买三量,买四量,买五量,卖一量,卖二量,卖三量,卖四量,卖五量
SF,IH2011,2020-09-29 09:29:00.400,3244.0000,1578,0,973200.000,1.000,-,-,-,-,3243.8000,3241.2000,3240.8000,3239.2000,3238.8000,3245.0000,3248.8000,3254.0000,3255.0000,3255.8000,1,4,1,1,1,4,3,1,1,4
SF,IH2011,2020-09-29 09:30:00.400,3245.0000,1578,0,5840700.000,5,2,3,多换,S,3245.0000,3244.0000,3243.8000,3241.2000,3240.8000,3248.8000,3254.0000,3255.0000,3258.6000,3259.0000,4,1,1,4,1,3,1,1,1,1
SF,IH2011,2020-09-29 09:30:00.900,3245.2000,1577,-1,7788840.000,2,0,2,多平,S,3245.2000,3245.0000,3243.0000,3241.2000,3238.8000,3248.8000,3251.4000,3254.0000,3255.0000,3268.8000,1,5,2,4,1,3,1,1,1,4
SF,IH2011,2020-09-29 09:30:01.400,3245.2000,1577,0,7788840.000,0,-,-,-,-,3245.4000,3245.0000,3243.0000,3241.2000,3238.8000,3248.0000,3248.6000,3248.8000,3251.4000,3254.0000,1,3,2,4,1,1,3,3,1,1
SF,IH2011,2020-09-29 09:30:01.900,3245.2000,1577,0,7788840.000,0,-,-,-,-,3245.4000,3245.0000,3243.0000,3241.2000,3232.2000,3248.0000,3248.8000,3251.4000,3254.0000,3255.0000,1,3,2,4,4,1,3,1,1,1
SF,IH2011,2020-09-29 09:30:02.400,3248.0000,1577,0,8763240.000,1,0,1,多换,S,3245.4000,3245.0000,3243.0000,3241.2000,3232.2000,3248.8000,3251.4000,3254.0000,3255.0000,3268.8000,1,3,2,4,4,3,1,1,1,4
SF,IH2011,2020-09-29 09:30:02.900,3248.0000,1577,0,8763240.000,0,-,-,-,-,3245.4000,3245.0000,3243.0000,3241.2000,3232.2000,3248.6000,3248.8000,3251.4000,3254.0000,3255.0000,1,3,2,4,4,1,3,1,1,1
SF,IH2011,2020-09-29 09:30:03.400,3248.0000,1577,0,8763240.000,0,-,-,-,-,3245.4000,3245.2000,3245.0000,3243.0000,3241.2000,3248.8000,3251.4000,3254.0000,3255.0000,3268.8000,1,1,3,2,4,3,1,1,1,4
SF,IH2011,2020-09-29 09:30:03.900,3248.0000,1577,0,8763240.000,0,-,-,-,-,3245.4000,3245.2000,3245.0000,3243.0000,3241.2000,3248.6000,3248.8000,3251.4000,3254.0000,3255.0000,1,1,3,2,4,1,3,1,1,1
SF,IH2011,2020-09-29 09:30:04.400,3248.0000,1577,0,8763240.000,0,-,-,-,-,3245.6000,3245.4000,3245.0000,3243.0000,3241.4000,3248.8000,3251.4000,3254.0000,3255.0000,3256.6000,2,1,3,2,5,3,1,1,1,5
SF,IH2011,2020-09-29 09:30:04.900,3248.0000,1577,0,8763240.000,0,-,-,-,-,3245.8000,3245.6000,3245.0000,3244.8000,3243.0000,3248.8000,3251.4000,3254.0000,3255.0000,3256.6000,1,1,3,1,2,3,1,1,1,5
SF,IH2011,2020-09-29 09:30:05.400,3246.0000,1576,-1,9737040.000,1,0,1,双平,S,3245.8000,3245.0000,3244.8000,3243.0000,3241.4000,3248.8000,3251.4000,3254.0000,3255.0000,3256.6000,1,3,1,2,5,3,1,1,1,5
SF,IH2011,2020-09-29 09:30:05.900,3245.8000,1576,0,10710780.000,1,0,1,多换,S,3245.0000,3244.8000,3243.0000,3241.4000,3241.2000,3248.6000,3248.8000,3251.4000,3254.0000,3255.0000,3,1,2,5,4,4,3,1,1,1
SF,IH2011,2020-09-29 09:30:06.400,3245.8000,1576,0,10710780.000,0,-,-,-,-,3245.2000,3245.0000,3244.8000,3243.0000,3241.4000,3245.8000,3248.6000,3248.8000,3251.4000,3254.0000,3,4,1,2,5,1,4,3,1,1
SF,IH2011,2020-09-29 09:30:06.900,3245.4000,1576,0,14605500.000,4,2,2,多换,S,3245.2000,3245.0000,3244.8000,3241.4000,3241.2000,3245.6000,3248.8000,3254.0000,3255.0000,3256.6000,2,4,1,5,4,3,3,1,1,5
SF,IH2011,2020-09-29 09:30:07.400,3245.4000,1575,-1,18500160.000,4,1,3,多平,S,3245.6000,3245.2000,3245.0000,3244.8000,3241.4000,3248.8000,3254.0000,3255.0000,3256.6000,3268.8000,1,2,4,1,5,3,1,1,5,4
SF,IH2011,2020-09-29 09:30:07.900,3245.4000,1575,0,18500160.000,0,-,-,-,-,3245.8000,3245.6000,3245.2000,3245.0000,3241.4000,3248.8000,3254.0000,3255.0000,3256.6000,3268.8000,1,1,1,4,5,3,1,1,5,4
SF,IH2011,2020-09-29 09:30:08.400,3245.4000,1575,0,18500160.000,0,-,-,-,-,3245.8000,3245.6000,3245.2000,3245.0000,3241.4000,3248.8000,3254.0000,3255.0000,3256.6000,3268.8000,2,1,1,4,5,3,1,1,5,4
SF,IH2011,2020-09-29 09:30:08.900,3245.4000,1575,0,18500160.000,0,-,-,-,-,3246.0000,3245.8000,3245.6000,3245.2000,3245.0000,3248.8000,3254.0000,3255.0000,3256.6000,3268.8000,1,1,1,1,4,3,1,1,5,4
SF,IH2011,2020-09-29 09:30:09.400,3245.4000,1575,0,18500160.000,0,-,-,-,-,3246.2000,3245.6000,3245.0000,3241.4000,3241.2000,3248.6000,3248.8000,3254.0000,3255.0000,3256.6000,1,1,3,5,4,2,3,1,1,5
SF,IH2011,2020-09-29 09:30:09.900,3246.2000,1574,-1,19474020.000,1,0,1,双平,S,3245.0000,3241.4000,3241.2000,3232.2000,3231.0000,3248.8000,3254.0000,3255.0000,3256.6000,3268.8000,3,5,4,4,1,3,1,1,5,4
SF,IH2011,2020-09-29 09:30:10.400,3246.2000,1574,0,19474020.000,0,-,-,-,-,3245.0000,3241.4000,3241.2000,3232.2000,3231.0000,3248.6000,3248.8000,3254.0000,3255.0000,3256.6000,3,5,4,4,1,4,3,1,1,5
SF,IH2011,2020-09-29 09:30:10.900,3246.2000,1574,0,19474020.000,0,-,-,-,-,3245.0000,3241.4000,3241.2000,3232.2000,3231.0000,3248.6000,3248.8000,3254.0000,3255.0000,3256.6000,3,5,4,4,1,4,3,1,1,5
SF,IH2011,2020-09-29 09:30:11.400,3245.0000,1572,-2,21421020.000,2,0,2,双平,S,3245.0000,3241.4000,3241.2000,3232.2000,3231.0000,3248.6000,3248.8000,3254.0000,3255.0000,3256.6000,1,5,4,4,1,4,3,1,1,5
SF,IH2011,2020-09-29 09:30:11.900,3245.0000,1571,-1,22394520.000,1,0,1,双平,S,3241.4000,3241.2000,3240.0000,3232.2000,3231.0000,3248.0000,3248.6000,3248.8000,3254.0000,3255.0000,5,4,4,4,1,2,4,3,1,1
SF,IH2011,2020-09-29 09:30:12.400,3245.0000,1571,0,22394520.000,0,-,-,-,-,3242.8000,3242.4000,3241.6000,3241.4000,3241.2000,3247.8000,3248.0000,3248.6000,3248.8000,3254.0000,1,1,1,5,4,2,2,3,3,1
SF,IH2011,2020-09-29 09:30:12.900,3245.0000,1571,0,22394520.000,0,-,-,-,-,3243.2000,3242.8000,3242.4000,3241.4000,3241.2000,3247.2000,3247.8000,3248.0000,3248.6000,3248.8000,1,1,1,5,4,1,2,1,3,3
SF,IH2011,2020-09-29 09:30:13.400,3247.0000,1572,1,24342720.000,2,1,1,空开,S,3243.4000,3243.2000,3242.8000,3242.4000,3241.2000,3247.8000,3248.0000,3248.6000,3248.8000,3254.0000,1,1,1,1,4,1,1,3,3,1
SF,IH2011,2020-09-29 09:30:13.900,3247.0000,1572,0,24342720.000,0,-,-,-,-,3242.4000,3241.2000,3240.0000,3237.6000,3232.2000,3247.2000,3247.6000,3247.8000,3248.0000,3248.6000,1,4,4,5,4,1,1,1,1,3
SF,IH2011,2020-09-29 09:30:14.400,3247.0000,1572,0,24342720.000,0,-,-,-,-,3242.8000,3242.6000,3242.4000,3241.2000,3240.0000,3247.6000,3247.8000,3248.0000,3248.6000,3248.8000,1,1,1,4,4,1,1,1,3,3
SF,IH2011,2020-09-29 09:30:14.900,3247.0000,1572,0,24342720.000,0,-,-,-,-,3243.2000,3243.0000,3242.8000,3242.6000,3242.4000,3247.6000,3247.8000,3248.0000,3248.6000,3248.8000,1,1,1,1,1,1,1,1,3,3
SF,IH2011,2020-09-29 09:30:15.400,3247.0000,1572,0,24342720.000,0,-,-,-,-,3243.2000,3242.6000,3241.2000,3240.0000,3237.6000,3247.2000,3247.6000,3247.8000,3248.0000,3248.6000,1,1,4,4,5,1,1,1,1,3
SF,IH2011,2020-09-29 09:30:15.900,3247.0000,1572,0,24342720.000,0,-,-,-,-,3243.2000,3242.6000,3241.2000,3240.0000,3237.6000,3247.6000,3247.8000,3248.0000,3248.6000,3248.8000,1,1,4,4,5,1,1,1,3,3
SF,IH2011,2020-09-29 09:30:16.400,3247.0000,1572,0,24342720.000,0,-,-,-,-,3241.2000,3240.0000,3237.6000,3232.2000,3231.0000,3247.6000,3247.8000,3248.0000,3248.6000,3248.8000,4,4,5,4,1,1,1,1,3,3
SF,IH2011,2020-09-29 09:30:16.900,3247.0000,1572,0,24342720.000,0,-,-,-,-,3241.4000,3241.2000,3240.0000,3237.6000,3232.2000,3247.2000,3247.6000,3247.8000,3248.0000,3248.6000,1,4,4,5,4,1,1,1,1,3
SF,IH2011,2020-09-29 09:30:17.400,3247.0000,1572,0,24342720.000,0,-,-,-,-,3241.4000,3241.2000,3240.0000,3237.6000,3232.2000,3246.0000,3247.2000,3247.6000,3247.8000,3248.0000,1,4,4,5,4,1,1,1,1,1
SF,IH2011,2020-09-29 09:30:17.900,3247.0000,1572,0,24342720.000,0,-,-,-,-,3242.4000,3241.8000,3241.4000,3241.2000,3241.0000,3246.0000,3247.2000,3247.6000,3247.8000,3248.0000,1,2,1,4,1,1,1,1,1,1
SF,IH2011,2020-09-29 09:30:18.400,3247.0000,1572,0,24342720.000,0,-,-,-,-,3242.6000,3242.4000,3241.8000,3241.4000,3241.2000,3246.0000,3247.2000,3247.6000,3247.8000,3248.0000,1,1,2,1,4,1,1,1,1,1
SF,IH2011,2020-09-29 09:30:18.900,3247.0000,1572,0,24342720.000,0,-,-,-,-,3242.6000,3242.4000,3241.8000,3241.4000,3241.2000,3245.8000,3246.0000,3247.2000,3247.6000,3247.8000,1,1,2,1,4,1,1,1,1,1
SF,IH2011,2020-09-29 09:30:19.400,3247.0000,1572,0,24342720.000,0,-,-,-,-,3242.6000,3242.4000,3241.8000,3241.4000,3241.2000,3246.0000,3247.6000,3248.0000,3248.8000,3254.0000,1,1,2,1,4,1,1,1,3,1
SF,IH2011,2020-09-29 09:30:19.900,3247.0000,1572,0,24342720.000,0,-,-,-,-,3242.8000,3242.6000,3242.4000,3241.8000,3241.4000,3246.0000,3247.6000,3248.0000,3248.8000,3254.0000,1,1,1,2,1,1,1,1,3,1
SF,IH2011,2020-09-29 09:30:20.400,3247.0000,1572,0,24342720.000,0,-,-,-,-,3242.6000,3241.8000,3241.4000,3241.2000,3240.0000,3246.0000,3247.6000,3248.0000,3248.8000,3254.0000,1,1,1,4,4,1,1,1,3,1
SF,IH2011,2020-09-29 09:30:21.400,3247.0000,1572,0,24342720.000,0,-,-,-,-,3242.6000,3241.8000,3241.4000,3241.2000,3240.0000,3246.0000,3247.6000,3248.0000,3248.8000,3254.0000,1,1,1,4,4,1,1,1,3,1
SF,IH2011,2020-09-29 09:30:23.900,3247.0000,1572,0,24342720.000,0,-,-,-,-,3242.8000,3242.6000,3241.8000,3241.4000,3241.2000,3246.0000,3247.6000,3248.0000,3248.8000,3254.0000,1,1,1,1,4,1,1,1,3,1
SF,IH2011,2020-09-29 09:30:24.400,3247.0000,1572,0,24342720.000,0,-,-,-,-,3242.8000,3242.6000,3241.8000,3241.4000,3241.2000,3246.0000,3247.6000,3248.0000,3248.8000,3254.0000,2,1,1,1,4,1,1,1,3,1
SF,IH2011,2020-09-29 09:30:24.900,3247.0000,1572,0,24342720.000,0,-,-,-,-,3242.8000,3242.6000,3241.8000,3241.4000,3241.2000,3246.0000,3247.6000,3248.0000,3248.8000,3254.0000,2,1,1,1,4,1,1,1,3,1
SF,IH2011,2020-09-29 09:30:25.400,3246.6000,1572,0,25316700.000,1,0,1,多换,S,3246.6000,3242.8000,3242.6000,3241.8000,3241.4000,3247.6000,3248.0000,3248.8000,3254.0000,3255.0000,1,2,1,1,1,1,1,3,1,1
SF,IH2011,2020-09-29 09:30:25.900,3242.8000,1572,0,27263520.000,2,1,1,多换,S,3242.8000,3241.8000,3241.2000,3240.0000,3237.6000,3246.6000,3247.2000,3247.4000,3248.0000,3248.8000,1,1,4,4,6,1,1,1,1,3
SF,IH2011,2020-09-29 09:30:26.400,3242.8000,1572,0,27263520.000,0,-,-,-,-,3243.0000,3242.8000,3241.8000,3241.2000,3240.0000,3246.6000,3247.2000,3247.4000,3248.0000,3248.8000,1,2,1,4,4,1,1,1,1,3
SF,IH2011,2020-09-29 09:30:27.400,3242.8000,1572,0,27263520.000,0,-,-,-,-,3243.4000,3243.2000,3243.0000,3242.8000,3241.8000,3246.6000,3247.2000,3248.8000,3254.0000,3255.0000,2,1,1,2,1,1,1,3,1,1
SF,IH2011,2020-09-29 09:30:27.900,3246.6000,1571,-1,28237500.000,1,0,1,双平,S,3243.6000,3243.4000,3243.2000,3243.0000,3242.8000,3247.2000,3248.8000,3254.0000,3255.0000,3256.6000,1,2,2,1,1,1,3,1,1,5
SF,IH2011,2020-09-29 09:30:28.400,3246.6000,1571,0,28237500.000,0,-,-,-,-,3243.8000,3243.6000,3243.4000,3243.2000,3243.0000,3247.2000,3248.8000,3254.0000,3255.0000,3256.6000,2,2,1,2,1,1,3,1,1,5
SF,IH2011,2020-09-29 09:30:28.900,3246.6000,1571,0,28237500.000,0,-,-,-,-,3243.8000,3243.6000,3243.2000,3243.0000,3242.8000,3247.2000,3248.8000,3254.0000,3255.0000,3256.6000,4,2,2,2,1,1,3,1,1,5
SF,IH2011,2020-09-29 09:30:29.400,3246.6000,1571,0,28237500.000,0,-,-,-,-,3243.8000,3243.6000,3243.2000,3243.0000,3242.8000,3247.2000,3248.8000,3254.0000,3255.0000,3256.6000,3,2,2,2,1,1,3,1,1,5
SF,IH2011,2020-09-29 09:30:29.900,3246.6000,1571,0,28237500.000,0,-,-,-,-,3243.8000,3243.6000,3243.2000,3243.0000,3242.8000,3247.2000,3248.8000,3254.0000,3255.0000,3256.6000,2,2,2,2,1,1,3,1,1,5
SF,IH2011,2020-09-29 09:30:30.900,3246.6000,1571,0,28237500.000,0,-,-,-,-,3243.8000,3243.6000,3243.2000,3243.0000,3242.8000,3247.2000,3248.8000,3254.0000,3255.0000,3256.6000,1,2,1,2,1,1,3,1,1,5
SF,IH2011,2020-09-29 09:30:31.900,3246.6000,1571,0,28237500.000,0,-,-,-,-,3243.8000,3243.6000,3243.2000,3243.0000,3242.8000,3247.2000,3248.8000,3254.0000,3255.0000,3256.6000,1,2,1,2,2,1,3,1,1,5
SF,IH2011,2020-09-29 09:30:32.400,3243.8000,1572,1,29210640.000,1,1,0,双开,S,3243.6000,3243.2000,3243.0000,3242.8000,3241.2000,3247.0000,3247.2000,3248.8000,3254.0000,3255.0000,1,1,2,2,4,1,1,3,1,1
SF,IH2011,2020-09-29 09:30:32.900,3243.8000,1572,0,29210640.000,0,-,-,-,-,3243.6000,3243.2000,3243.0000,3242.8000,3241.2000,3247.2000,3248.8000,3254.0000,3255.0000,3256.6000,1,1,2,2,4,1,3,1,1,5
SF,IH2011,2020-09-29 09:30:33.400,3243.8000,1572,0,29210640.000,0,-,-,-,-,3244.0000,3243.6000,3243.2000,3243.0000,3242.8000,3247.2000,3248.8000,3254.0000,3255.0000,3256.6000,1,1,1,2,1,1,3,1,1,5
SF,IH2011,2020-09-29 09:30:33.900,3247.2000,1573,1,30184800.000,1,1,0,双开,S,3247.8000,3244.0000,3243.6000,3243.2000,3243.0000,3248.8000,3254.0000,3255.0000,3256.6000,3268.8000,1,1,1,1,3,3,1,1,5,4
SF,IH2011,2020-09-29 09:30:34.400,3247.8000,1571,-2,33106680.000,3,0,3,多平,S,3244.2000,3244.0000,3243.2000,3243.0000,3242.8000,3247.8000,3248.4000,3248.8000,3254.0000,3255.0000,1,1,1,2,1,1,1,3,1,1
SF,IH2011,2020-09-29 09:30:34.900,3247.8000,1571,0,33106680.000,0,-,-,-,-,3244.4000,3244.2000,3244.0000,3243.2000,3243.0000,3247.8000,3248.8000,3254.0000,3255.0000,3256.6000,1,1,2,1,2,1,3,1,1,5
SF,IH2011,2020-09-29 09:30:35.400,3247.8000,1570,-1,34081020.000,1,0,1,双平,S,3244.4000,3244.2000,3244.0000,3243.2000,3243.0000,3248.8000,3254.0000,3255.0000,3256.6000,3268.8000,1,1,1,1,2,3,1,1,5,4
SF,IH2011,2020-09-29 09:30:35.900,3247.8000,1570,0,34081020.000,0,-,-,-,-,3245.2000,3245.0000,3244.6000,3244.4000,3244.0000,3248.2000,3248.6000,3248.8000,3254.0000,3255.0000,1,1,2,1,1,1,1,3,1,1
SF,IH2011,2020-09-29 09:30:36.400,3247.8000,1570,0,34081020.000,0,-,-,-,-,3245.4000,3245.2000,3245.0000,3244.6000,3244.4000,3248.2000,3248.6000,3248.8000,3254.0000,3255.0000,1,1,1,3,2,1,1,3,1,1
SF,IH2011,2020-09-29 09:30:36.900,3247.8000,1570,0,34081020.000,0,-,-,-,-,3244.6000,3244.4000,3244.0000,3243.6000,3243.0000,3248.0000,3248.2000,3248.6000,3248.8000,3254.0000,3,2,1,1,2,2,1,1,3,1
SF,IH2011,2020-09-29 09:30:37.400,3247.8000,1570,0,34081020.000,0,-,-,-,-,3244.8000,3244.6000,3244.4000,3244.0000,3243.6000,3248.2000,3248.6000,3248.8000,3254.0000,3255.0000,1,2,2,1,1,1,1,3,1,1
SF,IH2011,2020-09-29 09:30:37.900,3247.8000,1570,0,34081020.000,0,-,-,-,-,3244.8000,3244.6000,3244.4000,3244.0000,3243.6000,3248.2000,3248.6000,3248.8000,3254.0000,3255.0000,1,2,2,1,1,1,1,3,1,1
SF,IH2011,2020-09-29 09:30:38.400,3247.8000,1570,0,34081020.000,0,-,-,-,-,3245.0000,3244.8000,3244.6000,3244.4000,3244.0000,3248.2000,3248.6000,3248.8000,3254.0000,3255.0000,1,1,2,2,1,1,1,3,1,1
SF,IH2011,2020-09-29 09:30:38.900,3248.2000,1570,0,35055480.000,1,0,1,多换,S,3245.0000,3244.8000,3244.6000,3244.4000,3244.0000,3248.6000,3248.8000,3254.0000,3255.0000,3256.6000,1,1,1,2,1,1,3,1,1,5
SF,IH2011,2020-09-29 09:30:39.400,3248.2000,1570,0,35055480.000,0,-,-,-,-,3245.2000,3244.8000,3244.6000,3244.4000,3244.0000,3248.4000,3248.6000,3248.8000,3254.0000,3255.0000,1,1,1,2,1,2,1,3,1,1
SF,IH2011,2020-09-29 09:30:39.900,3248.2000,1570,0,35055480.000,0,-,-,-,-,3245.2000,3244.8000,3244.6000,3244.4000,3244.0000,3248.2000,3248.4000,3248.6000,3248.8000,3254.0000,1,1,1,2,1,1,2,1,3,1
SF,IH2011,2020-09-29 09:30:40.400,3248.2000,1570,0,35055480.000,0,-,-,-,-,3245.2000,3244.8000,3244.6000,3244.4000,3244.0000,3248.2000,3248.4000,3248.6000,3248.8000,3254.0000,1,1,1,1,1,1,2,1,3,1
SF,IH2011,2020-09-29 09:30:40.900,3248.2000,1570,0,35055480.000,0,-,-,-,-,3244.8000,3244.6000,3244.4000,3244.0000,3243.8000,3248.2000,3248.4000,3248.6000,3248.8000,3254.0000,1,1,1,1,1,1,2,1,3,1
SF,IH2011,2020-09-29 09:30:41.400,3248.2000,1570,0,35055480.000,0,-,-,-,-,3244.8000,3244.6000,3244.4000,3244.0000,3243.8000,3247.8000,3248.2000,3248.4000,3248.6000,3248.8000,1,1,1,1,1,1,1,2,1,3
SF,IH2011,2020-09-29 09:30:41.900,3248.2000,1570,0,35055480.000,0,-,-,-,-,3244.8000,3244.6000,3244.4000,3244.0000,3243.8000,3247.6000,3247.8000,3248.4000,3248.6000,3248.8000,1,1,1,1,1,1,1,2,1,3
SF,IH2011,2020-09-29 09:30:42.400,3248.2000,1570,0,35055480.000,0,-,-,-,-,3245.0000,3244.8000,3244.6000,3244.4000,3244.0000,3247.6000,3247.8000,3248.4000,3248.6000,3248.8000,1,1,1,1,1,1,1,2,1,3
SF,IH2011,2020-09-29 09:30:42.900,3248.2000,1570,0,35055480.000,0,-,-,-,-,3245.2000,3245.0000,3244.8000,3244.6000,3244.4000,3247.8000,3248.4000,3248.6000,3248.8000,3254.0000,1,1,1,1,1,1,2,1,3,1
SF,IH2011,2020-09-29 09:30:43.400,3248.2000,1570,0,35055480.000,0,-,-,-,-,3245.2000,3245.0000,3244.8000,3244.6000,3244.4000,3248.4000,3248.6000,3248.8000,3254.0000,3255.0000,2,1,1,1,1,2,1,3,1,1
SF,IH2011,2020-09-29 09:30:43.900,3248.2000,1570,0,35055480.000,0,-,-,-,-,3245.4000,3245.2000,3245.0000,3244.8000,3244.4000,3248.4000,3248.6000,3248.8000,3254.0000,3255.0000,1,1,1,1,1,2,1,3,1,1
SF,IH2011,2020-09-29 09:30:44.400,3248.2000,1570,0,35055480.000,0,-,-,-,-,3245.0000,3244.8000,3244.4000,3244.0000,3243.8000,3248.2000,3248.4000,3248.6000,3248.8000,3254.0000,1,1,1,1,2,1,2,1,3,1
SF,IH2011,2020-09-29 09:30:44.900,3248.2000,1570,0,35055480.000,0,-,-,-,-,3244.8000,3244.4000,3244.0000,3243.8000,3243.6000,3248.2000,3248.4000,3248.6000,3248.8000,3254.0000,1,1,1,2,1,1,2,1,3,1
SF,IH2011,2020-09-29 09:30:45.400,3248.2000,1570,0,35055480.000,0,-,-,-,-,3245.0000,3244.0000,3243.8000,3243.6000,3243.0000,3248.0000,3248.2000,3248.4000,3248.6000,3248.8000,1,1,1,1,2,2,1,2,1,3
SF,IH2011,2020-09-29 09:30:45.900,3248.2000,1570,0,35055480.000,0,-,-,-,-,3245.0000,3243.8000,3243.0000,3242.8000,3241.2000,3247.8000,3248.0000,3248.4000,3248.6000,3248.8000,1,1,2,1,4,1,2,2,1,3
SF,IH2011,2020-09-29 09:30:46.400,3248.2000,1570,0,35055480.000,0,-,-,-,-,3245.0000,3243.8000,3243.0000,3242.8000,3241.2000,3247.8000,3248.0000,3248.4000,3248.6000,3248.8000,1,1,1,1,4,1,2,2,1,3
SF,IH2011,2020-09-29 09:30:46.900,3248.2000,1570,0,35055480.000,0,-,-,-,-,3245.0000,3243.0000,3242.8000,3241.2000,3240.0000,3247.6000,3247.8000,3248.0000,3248.4000,3248.6000,1,1,1,4,4,1,1,1,2,1
SF,IH2011,2020-09-29 09:30:47.400,3248.2000,1570,0,35055480.000,0,-,-,-,-,3245.0000,3243.2000,3243.0000,3242.8000,3241.2000,3247.4000,3247.6000,3248.0000,3248.4000,3248.6000,1,1,1,1,4,1,1,1,2,1
SF,IH2011,2020-09-29 09:30:47.900,3248.2000,1570,0,35055480.000,0,-,-,-,-,3245.0000,3243.6000,3243.2000,3243.0000,3242.8000,3247.4000,3247.6000,3248.0000,3248.4000,3248.6000,1,1,1,1,1,1,1,1,2,1
SF,IH2011,2020-09-29 09:30:49.900,3248.2000,1570,0,35055480.000,0,-,-,-,-,3245.0000,3243.6000,3243.2000,3243.0000,3242.8000,3247.4000,3247.6000,3248.4000,3248.6000,3248.8000,1,1,1,1,1,1,1,2,1,3
SF,IH2011,2020-09-29 09:30:50.400,3248.2000,1570,0,35055480.000,0,-,-,-,-,3245.0000,3243.6000,3243.2000,3243.0000,3242.8000,3247.6000,3248.4000,3248.6000,3248.8000,3254.0000,1,1,1,1,1,1,2,1,3,1
SF,IH2011,2020-09-29 09:30:50.900,3248.2000,1570,0,35055480.000,0,-,-,-,-,3245.2000,3245.0000,3243.6000,3243.2000,3243.0000,3247.4000,3247.6000,3248.4000,3248.6000,3248.8000,1,1,1,1,1,1,1,2,1,3
SF,IH2011,2020-09-29 09:30:51.400,3248.2000,1570,0,35055480.000,0,-,-,-,-,3245.2000,3245.0000,3243.6000,3243.0000,3242.8000,3247.4000,3247.6000,3248.4000,3248.6000,3248.8000,1,1,1,1,1,1,1,2,1,3
SF,IH2011,2020-09-29 09:30:51.900,3248.2000,1570,0,35055480.000,0,-,-,-,-,3245.2000,3245.0000,3243.6000,3243.0000,3242.8000,3247.4000,3247.6000,3248.4000,3248.6000,3248.8000,1,1,1,1,1,1,1,2,1,3
SF,IH2011,2020-09-29 09:30:52.400,3248.2000,1570,0,35055480.000,0,-,-,-,-,3245.2000,3245.0000,3243.6000,3243.0000,3242.8000,3247.6000,3248.4000,3248.6000,3248.8000,3254.0000,1,1,1,1,1,1,2,1,3,1
SF,IH2011,2020-09-29 09:30:52.900,3248.2000,1570,0,35055480.000,0,-,-,-,-,3245.2000,3245.0000,3243.6000,3243.0000,3242.8000,3247.2000,3247.6000,3248.4000,3248.6000,3248.8000,1,1,1,1,1,2,1,2,1,3
SF,IH2011,2020-09-29 09:30:53.400,3248.2000,1570,0,35055480.000,0,-,-,-,-,3245.0000,3243.6000,3243.0000,3242.8000,3241.2000,3247.2000,3248.4000,3248.6000,3248.8000,3254.0000,1,1,1,1,4,3,2,1,3,1
SF,IH2011,2020-09-29 09:30:53.900,3248.2000,1570,0,35055480.000,0,-,-,-,-,3245.0000,3243.0000,3242.8000,3241.2000,3240.0000,3247.0000,3247.2000,3248.4000,3248.6000,3248.8000,1,1,1,4,4,1,3,2,1,3
SF,IH2011,2020-09-29 09:30:54.400,3248.2000,1570,0,35055480.000,0,-,-,-,-,3245.0000,3243.0000,3242.8000,3241.2000,3240.0000,3247.0000,3247.2000,3248.4000,3248.6000,3248.8000,1,1,1,4,4,1,3,2,1,3
SF,IH2011,2020-09-29 09:30:54.900,3248.2000,1570,0,35055480.000,0,-,-,-,-,3245.0000,3243.0000,3242.8000,3241.2000,3240.0000,3246.8000,3247.0000,3247.2000,3248.4000,3248.6000,1,1,1,4,4,1,1,1,2,1
SF,IH2011,2020-09-29 09:30:55.400,3248.2000,1570,0,35055480.000,0,-,-,-,-,3245.0000,3242.8000,3241.2000,3240.0000,3237.6000,3246.4000,3246.8000,3247.0000,3247.2000,3248.4000,1,1,4,4,5,1,1,1,1,2
SF,IH2011,2020-09-29 09:30:55.900,3245.0000,1569,-1,36028980.000,1,0,1,双平,S,3242.8000,3241.2000,3240.0000,3237.6000,3232.2000,3246.2000,3246.4000,3246.8000,3247.0000,3247.2000,1,4,4,5,4,1,1,1,1,1
SF,IH2011,2020-09-29 09:30:56.400,3245.0000,1569,0,36028980.000,0,-,-,-,-,3242.8000,3241.2000,3240.0000,3237.6000,3232.2000,3246.0000,3246.2000,3246.4000,3246.8000,3247.0000,1,4,4,5,4,1,1,1,1,1
SF,IH2011,2020-09-29 09:30:56.900,3245.0000,1569,0,36028980.000,0,-,-,-,-,3242.8000,3241.2000,3240.0000,3237.6000,3232.2000,3245.8000,3246.0000,3246.2000,3246.4000,3246.8000,1,4,4,5,4,2,1,1,1,1
SF,IH2011,2020-09-29 09:30:57.400,3245.0000,1569,0,36028980.000,0,-,-,-,-,3242.8000,3241.2000,3240.0000,3237.6000,3232.2000,3245.6000,3245.8000,3246.2000,3246.4000,3246.8000,1,4,4,5,4,1,2,1,1,1
SF,IH2011,2020-09-29 09:30:57.900,3245.0000,1569,0,36028980.000,0,-,-,-,-,3242.8000,3241.2000,3240.0000,3237.6000,3232.2000,3245.6000,3245.8000,3246.2000,3246.4000,3247.2000,1,4,4,5,4,1,2,1,1,1
SF,IH2011,2020-09-29 09:30:58.400,3245.0000,1569,0,36028980.000,0,-,-,-,-,3242.8000,3241.2000,3240.0000,3237.6000,3232.2000,3245.6000,3245.8000,3246.2000,3246.4000,3247.2000,1,4,4,5,4,1,2,1,1,1
SF,IH2011,2020-09-29 09:30:58.900,3245.0000,1569,0,36028980.000,0,-,-,-,-,3242.8000,3241.2000,3240.0000,3237.6000,3232.2000,3245.6000,3245.8000,3246.2000,3246.4000,3247.2000,1,4,4,5,4,1,2,1,1,1
SF,IH2011,2020-09-29 09:31:01.400,3245.0000,1569,0,36028980.000,0,-,-,-,-,3242.8000,3241.2000,3240.0000,3237.6000,3232.2000,3245.2000,3245.6000,3245.8000,3246.2000,3247.2000,1,4,4,5,4,1,1,2,1,1
SF,IH2011,2020-09-29 09:31:02.900,3245.0000,1569,0,36028980.000,0,-,-,-,-,3242.8000,3241.2000,3240.0000,3237.6000,3232.2000,3245.6000,3245.8000,3246.2000,3247.2000,3248.8000,1,4,4,5,4,1,2,1,1,3
SF,IH2011,2020-09-29 09:31:04.400,3245.0000,1569,0,36028980.000,0,-,-,-,-,3242.8000,3241.2000,3240.0000,3237.6000,3232.2000,3245.2000,3245.4000,3245.6000,3245.8000,3246.2000,1,4,4,5,4,1,1,1,2,1
SF,IH2011,2020-09-29 09:31:05.400,3245.0000,1569,0,36028980.000,0,-,-,-,-,3242.8000,3241.2000,3240.0000,3237.6000,3232.2000,3245.0000,3245.2000,3245.6000,3245.8000,3246.2000,1,4,4,5,4,1,1,1,2,1
SF,IH2011,2020-09-29 09:31:05.900,3245.0000,1569,0,36028980.000,0,-,-,-,-,3242.8000,3241.2000,3240.0000,3237.6000,3232.2000,3245.2000,3245.6000,3245.8000,3246.2000,3248.8000,1,4,4,5,4,1,1,2,1,3
SF,IH2011,2020-09-29 09:31:06.400,3245.0000,1569,0,36028980.000,0,-,-,-,-,3242.8000,3241.2000,3240.0000,3237.6000,3232.2000,3244.8000,3245.6000,3245.8000,3246.2000,3248.8000,1,4,4,5,4,1,1,2,1,3
SF,IH2011,2020-09-29 09:31:07.400,3245.0000,1569,0,36028980.000,0,-,-,-,-,3242.8000,3241.2000,3240.0000,3237.6000,3232.2000,3245.6000,3245.8000,3246.2000,3248.8000,3254.0000,1,4,4,5,4,1,2,1,3,1
SF,IH2011,2020-09-29 09:31:08.400,3245.0000,1569,0,36028980.000,0,-,-,-,-,3242.8000,3241.2000,3240.0000,3237.6000,3232.2000,3245.6000,3245.8000,3246.0000,3246.2000,3248.8000,1,4,4,5,4,1,2,16,1,3
SF,IH2011,2020-09-29 09:31:08.900,3245.0000,1569,0,36028980.000,0,-,-,-,-,3243.0000,3242.8000,3241.2000,3240.0000,3237.6000,3245.2000,3245.6000,3245.8000,3246.0000,3246.2000,1,1,4,4,5,2,1,2,16,1
SF,IH2011,2020-09-29 09:31:09.400,3245.0000,1569,0,36028980.000,0,-,-,-,-,3242.8000,3241.2000,3240.0000,3237.6000,3232.2000,3245.6000,3245.8000,3246.0000,3246.2000,3248.8000,1,4,4,5,4,1,2,16,1,3
SF,IH2011,2020-09-29 09:31:11.400,3245.0000,1569,0,36028980.000,0,-,-,-,-,3243.0000,3242.8000,3241.2000,3240.0000,3237.6000,3245.6000,3245.8000,3246.0000,3246.2000,3248.8000,2,1,4,4,5,1,2,16,1,3
SF,IH2011,2020-09-29 09:31:11.900,3245.0000,1569,0,36028980.000,0,-,-,-,-,3243.2000,3243.0000,3242.8000,3241.2000,3240.0000,3246.0000,3246.2000,3248.8000,3254.0000,3255.0000,1,2,1,4,4,16,1,3,1,1
SF,IH2011,2020-09-29 09:31:12.400,3245.0000,1569,0,36028980.000,0,-,-,-,-,3243.4000,3243.2000,3243.0000,3242.8000,3241.2000,3246.0000,3246.2000,3248.8000,3254.0000,3255.0000,1,1,2,1,4,16,1,3,1,1
SF,IH2011,2020-09-29 09:31:12.900,3245.0000,1569,0,36028980.000,0,-,-,-,-,3243.6000,3243.4000,3243.0000,3242.8000,3241.2000,3246.0000,3248.8000,3254.0000,3255.0000,3256.6000,1,1,2,1,4,16,3,1,1,5
SF,IH2011,2020-09-29 09:31:14.400,3245.0000,1569,0,36028980.000,0,-,-,-,-,3243.6000,3243.4000,3243.2000,3243.0000,3242.8000,3246.0000,3248.8000,3254.0000,3255.0000,3256.6000,1,1,1,2,1,16,3,1,1,5
SF,IH2011,2020-09-29 09:31:16.900,3245.0000,1569,0,36028980.000,0,-,-,-,-,3243.6000,3243.4000,3243.2000,3243.0000,3242.8000,3246.0000,3248.8000,3254.0000,3255.0000,3256.6000,1,1,1,2,1,16,3,1,1,5
SF,IH2011,2020-09-29 09:31:20.400,3245.0000,1569,0,36028980.000,0,-,-,-,-,3243.6000,3243.4000,3243.0000,3242.8000,3241.2000,3246.0000,3248.8000,3254.0000,3255.0000,3256.6000,1,1,2,1,4,16,3,1,1,5
SF,IH2011,2020-09-29 09:31:20.900,3245.0000,1569,0,36028980.000,0,-,-,-,-,3243.4000,3243.0000,3242.8000,3241.2000,3240.0000,3246.0000,3248.8000,3254.0000,3255.0000,3256.6000,1,2,1,4,4,16,3,1,1,5
SF,IH2011,2020-09-29 09:31:21.400,3245.0000,1569,0,36028980.000,0,-,-,-,-,3243.4000,3243.0000,3242.8000,3241.2000,3240.0000,3245.8000,3246.0000,3248.8000,3254.0000,3255.0000,1,2,1,4,4,1,16,3,1,1
SF,IH2011,2020-09-29 09:31:23.900,3245.0000,1569,0,36028980.000,0,-,-,-,-,3243.0000,3242.8000,3241.2000,3240.0000,3239.0000,3245.8000,3246.0000,3248.8000,3254.0000,3255.0000,2,1,4,4,1,1,16,3,1,1
SF,IH2011,2020-09-29 09:31:24.400,3245.0000,1569,0,36028980.000,0,-,-,-,-,3243.2000,3243.0000,3242.8000,3241.2000,3240.0000,3245.8000,3246.0000,3248.8000,3254.0000,3255.0000,1,2,1,4,4,1,16,3,1,1
SF,IH2011,2020-09-29 09:31:25.400,3245.0000,1569,0,36028980.000,0,-,-,-,-,3243.2000,3243.0000,3242.8000,3241.2000,3240.0000,3243.4000,3245.8000,3246.0000,3248.8000,3254.0000,1,2,1,4,4,1,1,16,3,1
SF,IH2011,2020-09-29 09:31:25.900,3243.4000,1568,-1,37002000.000,1,0,1,双平,S,3243.6000,3243.4000,3243.2000,3243.0000,3242.8000,3245.8000,3246.0000,3248.8000,3254.0000,3255.0000,2,1,1,2,1,1,16,3,1,1
SF,IH2011,2020-09-29 09:31:26.400,3243.4000,1568,0,37002000.000,0,-,-,-,-,3243.6000,3243.4000,3243.0000,3242.8000,3241.2000,3245.6000,3245.8000,3246.0000,3248.8000,3254.0000,2,1,1,1,4,1,1,16,3,1
SF,IH2011,2020-09-29 09:31:26.900,3243.4000,1568,0,37002000.000,0,-,-,-,-,3243.6000,3243.4000,3242.8000,3241.2000,3240.0000,3245.6000,3245.8000,3246.0000,3248.8000,3254.0000,2,1,1,4,4,1,1,16,3,1
SF,IH2011,2020-09-29 09:31:27.400,3243.4000,1568,0,37002000.000,0,-,-,-,-,3243.6000,3243.4000,3242.8000,3241.2000,3240.0000,3245.8000,3246.0000,3248.8000,3254.0000,3255.0000,2,1,1,4,4,1,16,3,1,1
SF,IH2011,2020-09-29 09:31:27.900,3243.4000,1568,0,37002000.000,0,-,-,-,-,3243.6000,3243.4000,3242.8000,3241.2000,3240.0000,3245.6000,3245.8000,3246.0000,3248.8000,3254.0000,2,1,1,4,4,1,1,16,3,1
SF,IH2011,2020-09-29 09:31:29.400,3243.4000,1568,0,37002000.000,0,-,-,-,-,3243.4000,3242.8000,3241.2000,3240.0000,3239.0000,3245.6000,3245.8000,3246.0000,3248.8000,3254.0000,1,1,4,4,1,1,1,16,3,1
SF,IH2011,2020-09-29 09:31:29.900,3243.4000,1568,0,37002000.000,0,-,-,-,-,3243.4000,3242.8000,3241.4000,3241.2000,3240.0000,3245.2000,3245.4000,3245.6000,3245.8000,3246.0000,1,1,1,4,4,1,1,1,1,16
SF,IH2011,2020-09-29 09:31:30.400,3243.4000,1568,0,37002000.000,0,-,-,-,-,3243.4000,3242.8000,3241.4000,3241.2000,3240.0000,3245.0000,3245.2000,3245.4000,3245.6000,3245.8000,1,1,1,4,4,1,1,1,2,1
SF,IH2011,2020-09-29 09:31:30.900,3243.4000,1568,0,37002000.000,0,-,-,-,-,3243.4000,3242.8000,3241.4000,3241.2000,3240.0000,3245.0000,3245.2000,3245.4000,3245.6000,3245.8000,1,1,1,4,4,2,1,1,2,1
SF,IH2011,2020-09-29 09:31:31.400,3243.4000,1568,0,37002000.000,0,-,-,-,-,3243.4000,3242.8000,3241.4000,3241.2000,3240.0000,3244.8000,3245.0000,3245.2000,3245.4000,3245.6000,1,1,1,4,4,1,1,1,1,1
SF,IH2011,2020-09-29 09:31:31.900,3243.4000,1568,0,37002000.000,0,-,-,-,-,3243.4000,3242.8000,3241.4000,3241.2000,3240.0000,3244.6000,3244.8000,3245.0000,3245.2000,3245.4000,1,1,1,4,4,1,1,1,1,1
SF,IH2011,2020-09-29 09:31:32.400,3243.4000,1568,0,37002000.000,0,-,-,-,-,3243.4000,3242.8000,3241.4000,3241.2000,3240.0000,3244.6000,3244.8000,3245.0000,3245.4000,3245.6000,1,1,1,4,4,1,1,1,1,1
SF,IH2011,2020-09-29 09:31:32.900,3243.4000,1568,0,37002000.000,0,-,-,-,-,3243.4000,3242.8000,3241.4000,3241.2000,3240.0000,3245.0000,3245.6000,3245.8000,3246.0000,3248.8000,1,1,1,4,4,1,1,1,16,3
SF,IH2011,2020-09-29 09:31:33.400,3243.4000,1568,0,37002000.000,0,-,-,-,-,3243.4000,3242.8000,3241.4000,3241.2000,3240.0000,3245.6000,3246.0000,3248.8000,3254.0000,3255.0000,1,1,1,4,4,1,16,3,1,1
SF,IH2011,2020-09-29 09:31:33.900,3243.4000,1568,0,37002000.000,0,-,-,-,-,3243.4000,3242.8000,3241.4000,3241.2000,3240.0000,3245.4000,3245.6000,3246.0000,3248.8000,3254.0000,1,1,1,4,4,2,1,16,3,1
SF,IH2011,2020-09-29 09:31:34.900,3243.4000,1568,0,37002000.000,0,-,-,-,-,3242.8000,3241.4000,3241.2000,3240.0000,3239.0000,3245.4000,3245.6000,3246.0000,3248.8000,3254.0000,1,1,4,4,1,2,1,16,3,1
SF,IH2011,2020-09-29 09:31:35.400,3243.4000,1568,0,37002000.000,0,-,-,-,-,3243.0000,3242.8000,3241.4000,3241.2000,3240.0000,3245.2000,3245.4000,3245.6000,3246.0000,3248.8000,1,1,1,4,4,1,2,1,16,3
SF,IH2011,2020-09-29 09:31:35.900,3243.4000,1568,0,37002000.000,0,-,-,-,-,3243.0000,3242.8000,3241.4000,3241.2000,3240.0000,3245.4000,3245.6000,3246.0000,3248.8000,3254.0000,1,1,1,4,4,2,1,16,3,1
SF,IH2011,2020-09-29 09:31:38.900,3243.4000,1568,0,37002000.000,0,-,-,-,-,3243.0000,3242.8000,3241.4000,3241.2000,3240.0000,3245.2000,3245.4000,3245.6000,3246.0000,3248.8000,1,1,1,4,4,2,2,1,16,3
SF,IH2011,2020-09-29 09:31:39.400,3243.4000,1568,0,37002000.000,0,-,-,-,-,3242.8000,3241.4000,3241.2000,3240.0000,3239.0000,3245.2000,3245.4000,3245.6000,3246.0000,3248.8000,1,1,4,4,1,2,2,1,16,3
SF,IH2011,2020-09-29 09:31:40.900,3243.4000,1568,0,37002000.000,0,-,-,-,-,3242.8000,3241.4000,3241.2000,3240.0000,3239.0000,3245.0000,3245.2000,3245.4000,3245.6000,3246.0000,1,1,4,4,1,1,2,2,1,16
SF,IH2011,2020-09-29 09:31:41.400,3243.4000,1568,0,37002000.000,0,-,-,-,-,3242.8000,3241.4000,3241.2000,3240.0000,3239.0000,3245.0000,3245.2000,3245.4000,3245.6000,3246.0000,1,1,4,4,1,1,1,2,1,16
SF,IH2011,2020-09-29 09:31:41.900,3243.4000,1568,0,37002000.000,0,-,-,-,-,3242.8000,3241.4000,3241.2000,3240.0000,3239.0000,3244.6000,3245.0000,3245.2000,3245.4000,3245.6000,1,1,4,4,1,1,1,1,2,1
SF,IH2011,2020-09-29 09:31:43.900,3242.8000,1568,0,37974840.000,1,0,1,多换,S,3241.4000,3241.2000,3240.0000,3239.0000,3237.6000,3244.6000,3245.0000,3245.2000,3245.4000,3245.6000,1,4,4,1,5,1,1,1,2,1
SF,IH2011,2020-09-29 09:31:44.400,3242.8000,1568,0,37974840.000,0,-,-,-,-,3241.4000,3241.2000,3240.0000,3239.6000,3237.6000,3244.4000,3244.6000,3245.0000,3245.2000,3245.4000,1,4,4,1,5,1,1,1,1,2
SF,IH2011,2020-09-29 09:31:48.900,3242.8000,1568,0,37974840.000,0,-,-,-,-,3241.4000,3241.2000,3240.0000,3239.6000,3237.6000,3244.4000,3245.0000,3245.2000,3245.4000,3245.6000,1,4,4,1,5,1,1,1,2,1
SF,IH2011,2020-09-29 09:31:49.400,3242.8000,1568,0,37974840.000,0,-,-,-,-,3241.4000,3241.2000,3240.0000,3239.6000,3237.6000,3243.6000,3244.4000,3245.0000,3245.2000,3245.4000,1,4,4,1,5,1,1,1,1,2
SF,IH2011,2020-09-29 09:31:49.900,3242.8000,1568,0,37974840.000,0,-,-,-,-,3241.4000,3241.2000,3240.0000,3239.6000,3233.8000,3243.4000,3243.6000,3244.2000,3244.4000,3245.0000,1,4,4,1,5,1,1,1,1,1
SF,IH2011,2020-09-29 09:31:50.400,3242.8000,1568,0,37974840.000,0,-,-,-,-,3241.4000,3241.2000,3240.0000,3239.6000,3233.8000,3243.4000,3243.6000,3244.2000,3244.4000,3245.0000,1,4,4,1,5,1,1,1,1,1
SF,IH2011,2020-09-29 09:31:50.900,3242.8000,1568,0,37974840.000,0,-,-,-,-,3241.4000,3241.2000,3240.0000,3239.6000,3233.8000,3243.4000,3243.6000,3244.2000,3244.4000,3245.0000,1,4,4,1,5,1,1,1,1,1
SF,IH2011,2020-09-29 09:31:51.400,3242.8000,1568,0,37974840.000,0,-,-,-,-,3241.4000,3241.2000,3240.0000,3239.6000,3233.8000,3243.4000,3243.6000,3244.2000,3244.4000,3245.0000,1,4,4,1,5,1,1,1,1,1
SF,IH2011,2020-09-29 09:31:51.900,3242.8000,1568,0,37974840.000,0,-,-,-,-,3241.4000,3241.2000,3240.0000,3239.6000,3233.8000,3243.4000,3244.2000,3244.4000,3245.0000,3245.2000,1,4,4,1,5,1,1,1,1,1
SF,IH2011,2020-09-29 09:31:52.400,3242.8000,1568,0,37974840.000,0,-,-,-,-,3241.4000,3241.2000,3240.0000,3239.6000,3233.8000,3243.4000,3244.4000,3245.0000,3245.2000,3246.0000,1,4,4,1,5,1,1,1,1,16
SF,IH2011,2020-09-29 09:31:52.900,3243.4000,1567,-1,38947860.000,1,0,1,双平,S,3241.4000,3241.2000,3240.0000,3239.6000,3233.8000,3245.0000,3245.2000,3246.0000,3248.8000,3249.0000,1,4,4,1,5,1,1,16,3,5
SF,IH2011,2020-09-29 09:31:53.400,3243.4000,1567,0,38947860.000,0,-,-,-,-,3241.6000,3241.4000,3241.2000,3240.0000,3239.6000,3244.8000,3245.0000,3245.2000,3246.0000,3248.8000,1,1,4,4,1,1,1,1,16,3
SF,IH2011,2020-09-29 09:31:53.900,3243.4000,1567,0,38947860.000,0,-,-,-,-,3241.6000,3241.4000,3241.2000,3240.0000,3239.6000,3244.8000,3245.0000,3245.2000,3246.0000,3248.8000,1,1,4,4,1,1,1,1,16,3
SF,IH2011,2020-09-29 09:31:54.400,3243.4000,1567,0,38947860.000,0,-,-,-,-,3241.6000,3241.4000,3241.2000,3240.0000,3239.6000,3244.8000,3245.2000,3246.0000,3248.8000,3252.8000,1,1,4,4,1,1,1,16,3,5
SF,IH2011,2020-09-29 09:31:54.900,3243.4000,1567,0,38947860.000,0,-,-,-,-,3241.6000,3241.4000,3241.2000,3240.0000,3239.6000,3244.6000,3244.8000,3245.2000,3246.0000,3248.8000,1,1,4,4,1,2,1,1,16,3
SF,IH2011,2020-09-29 09:31:55.400,3243.4000,1567,0,38947860.000,0,-,-,-,-,3241.6000,3241.4000,3241.2000,3240.0000,3239.6000,3244.6000,3245.2000,3246.0000,3246.6000,3248.8000,1,1,4,4,1,2,1,16,1,3
SF,IH2011,2020-09-29 09:31:55.900,3243.4000,1567,0,38947860.000,0,-,-,-,-,3241.6000,3241.4000,3241.2000,3240.0000,3239.6000,3244.2000,3244.6000,3245.2000,3246.0000,3246.6000,1,1,4,4,1,1,2,1,16,1
SF,IH2011,2020-09-29 09:31:57.900,3243.4000,1567,0,38947860.000,0,-,-,-,-,3241.6000,3241.4000,3241.2000,3240.0000,3239.6000,3244.6000,3245.2000,3246.0000,3246.6000,3248.8000,1,1,4,4,1,2,1,16,1,3
SF,IH2011,2020-09-29 09:32:00.900,3243.4000,1567,0,38947860.000,0,-,-,-,-,3241.8000,3241.6000,3241.4000,3241.2000,3240.0000,3244.4000,3244.6000,3245.2000,3246.0000,3246.6000,1,1,1,4,4,1,2,1,16,1
SF,IH2011,2020-09-29 09:32:01.400,3243.4000,1567,0,38947860.000,0,-,-,-,-,3242.0000,3241.8000,3241.4000,3241.2000,3240.0000,3244.6000,3245.2000,3246.0000,3246.6000,3248.8000,1,1,1,4,4,2,1,16,1,3
SF,IH2011,2020-09-29 09:32:01.900,3243.4000,1567,0,38947860.000,0,-,-,-,-,3242.0000,3241.8000,3241.4000,3241.2000,3240.0000,3244.6000,3246.0000,3246.6000,3248.8000,3252.8000,1,1,1,4,4,2,16,1,3,5
SF,IH2011,2020-09-29 09:32:02.400,3243.4000,1567,0,38947860.000,0,-,-,-,-,3242.2000,3242.0000,3241.8000,3241.4000,3241.2000,3244.6000,3246.0000,3246.6000,3248.8000,3252.8000,1,1,1,1,4,2,16,1,3,5
SF,IH2011,2020-09-29 09:32:02.900,3243.4000,1567,0,38947860.000,0,-,-,-,-,3242.6000,3242.0000,3241.8000,3241.4000,3241.2000,3244.6000,3246.0000,3246.6000,3248.8000,3252.8000,1,1,1,1,4,2,16,1,3,5
SF,IH2011,2020-09-29 09:32:03.400,3243.4000,1567,0,38947860.000,0,-,-,-,-,3242.0000,3241.8000,3241.4000,3241.2000,3240.0000,3244.6000,3246.0000,3246.6000,3248.8000,3252.8000,1,1,1,4,4,2,16,1,3,5
SF,IH2011,2020-09-29 09:32:04.400,3243.4000,1567,0,38947860.000,0,-,-,-,-,3242.0000,3241.8000,3241.4000,3241.2000,3240.0000,3246.0000,3246.6000,3248.0000,3248.8000,3252.8000,1,1,1,4,4,16,1,1,3,5
SF,IH2011,2020-09-29 09:32:04.900,3243.4000,1567,0,38947860.000,0,-,-,-,-,3242.2000,3242.0000,3241.8000,3241.4000,3241.2000,3245.8000,3246.0000,3246.6000,3248.0000,3248.8000,2,1,1,1,4,2,16,1,1,3
SF,IH2011,2020-09-29 09:32:05.400,3243.4000,1567,0,38947860.000,0,-,-,-,-,3242.4000,3242.2000,3241.8000,3241.4000,3241.2000,3245.8000,3246.0000,3246.6000,3248.0000,3248.8000,1,2,1,1,4,2,16,1,1,3
SF,IH2011,2020-09-29 09:32:07.900,3243.4000,1567,0,38947860.000,0,-,-,-,-,3242.4000,3242.2000,3241.8000,3241.4000,3241.2000,3245.6000,3245.8000,3246.0000,3246.6000,3248.0000,1,2,1,1,4,1,2,16,1,1
SF,IH2011,2020-09-29 09:32:08.400,3243.4000,1567,0,38947860.000,0,-,-,-,-,3242.4000,3241.8000,3241.4000,3241.2000,3240.0000,3245.2000,3245.8000,3246.0000,3246.6000,3248.0000,1,1,1,4,4,1,2,16,1,1
SF,IH2011,2020-09-29 09:32:08.900,3243.4000,1567,0,38947860.000,0,-,-,-,-,3242.4000,3241.8000,3241.4000,3241.2000,3240.0000,3244.8000,3245.8000,3246.0000,3246.6000,3248.0000,1,1,1,4,4,1,2,16,1,1
SF,IH2011,2020-09-29 09:32:09.400,3243.4000,1567,0,38947860.000,0,-,-,-,-,3242.4000,3241.8000,3241.4000,3241.2000,3240.0000,3245.8000,3246.0000,3246.6000,3248.0000,3248.8000,1,1,1,4,4,2,16,1,1,3
SF,IH2011,2020-09-29 09:32:09.900,3243.4000,1567,0,38947860.000,0,-,-,-,-,3242.4000,3241.8000,3241.4000,3241.2000,3240.0000,3245.2000,3245.8000,3246.0000,3246.6000,3248.0000,1,1,1,4,4,2,2,16,1,1
SF,IH2011,2020-09-29 09:32:10.400,3243.4000,1567,0,38947860.000,0,-,-,-,-,3242.4000,3241.8000,3241.4000,3241.2000,3240.0000,3244.8000,3245.8000,3246.0000,3246.6000,3248.0000,1,1,1,4,4,1,2,16,1,1
SF,IH2011,2020-09-29 09:32:10.900,3243.4000,1567,0,38947860.000,0,-,-,-,-,3242.4000,3241.4000,3241.2000,3240.0000,3233.8000,3245.2000,3245.8000,3246.0000,3246.6000,3248.0000,1,1,4,4,5,1,2,16,1,1
SF,IH2011,2020-09-29 09:32:11.400,3243.4000,1567,0,38947860.000,0,-,-,-,-,3242.8000,3242.4000,3241.4000,3241.2000,3240.0000,3244.8000,3245.2000,3245.8000,3246.0000,3246.6000,1,1,1,4,4,1,1,2,16,1
SF,IH2011,2020-09-29 09:32:11.900,3243.4000,1567,0,38947860.000,0,-,-,-,-,3242.4000,3241.4000,3241.2000,3240.0000,3233.8000,3244.8000,3245.2000,3245.8000,3246.0000,3246.6000,1,1,4,4,5,1,1,2,16,1
SF,IH2011,2020-09-29 09:32:12.400,3243.4000,1567,0,38947860.000,0,-,-,-,-,3242.8000,3242.4000,3241.4000,3241.2000,3240.0000,3245.2000,3245.8000,3246.0000,3246.6000,3248.0000,1,1,1,4,4,1,2,16,1,1
SF,IH2011,2020-09-29 09:32:12.900,3243.4000,1567,0,38947860.000,0,-,-,-,-,3242.4000,3241.4000,3241.2000,3240.0000,3233.8000,3244.8000,3245.2000,3245.8000,3246.0000,3246.6000,1,1,4,4,5,1,1,2,16,1
SF,IH2011,2020-09-29 09:32:13.400,3243.4000,1567,0,38947860.000,0,-,-,-,-,3242.8000,3242.4000,3241.4000,3241.2000,3240.0000,3245.8000,3246.0000,3246.6000,3248.0000,3248.8000,1,1,1,4,4,2,16,1,1,3
SF,IH2011,2020-09-29 09:32:13.900,3243.4000,1567,0,38947860.000,0,-,-,-,-,3243.0000,3241.4000,3241.2000,3240.0000,3233.8000,3245.6000,3245.8000,3246.0000,3246.6000,3248.0000,1,1,4,4,5,1,2,16,1,1
SF,IH2011,2020-09-29 09:32:14.400,3243.4000,1567,0,38947860.000,0,-,-,-,-,3243.0000,3241.4000,3241.2000,3240.0000,3233.8000,3245.6000,3245.8000,3246.0000,3246.6000,3248.0000,1,1,4,4,5,1,2,16,1,1
SF,IH2011,2020-09-29 09:32:15.900,3243.4000,1567,0,38947860.000,0,-,-,-,-,3243.0000,3241.4000,3241.2000,3240.0000,3233.8000,3245.2000,3245.6000,3245.8000,3246.0000,3246.6000,1,1,4,4,5,1,1,2,16,1
SF,IH2011,2020-09-29 09:32:16.400,3243.4000,1567,0,38947860.000,0,-,-,-,-,3243.0000,3241.4000,3241.2000,3240.0000,3233.8000,3245.0000,3245.2000,3245.8000,3246.0000,3246.6000,1,1,4,4,5,1,2,2,16,1
SF,IH2011,2020-09-29 09:32:16.900,3243.4000,1567,0,38947860.000,0,-,-,-,-,3241.4000,3241.2000,3240.0000,3233.8000,3232.2000,3244.8000,3245.2000,3245.8000,3246.0000,3246.6000,1,4,4,5,4,1,1,2,16,1
SF,IH2011,2020-09-29 09:32:17.400,3243.4000,1567,0,38947860.000,0,-,-,-,-,3241.6000,3241.4000,3241.2000,3240.0000,3233.8000,3245.2000,3245.8000,3246.0000,3246.6000,3248.0000,1,1,4,4,5,1,2,16,1,1
SF,IH2011,2020-09-29 09:32:17.900,3243.4000,1567,0,38947860.000,0,-,-,-,-,3241.8000,3241.6000,3241.4000,3241.2000,3240.0000,3245.2000,3245.8000,3246.0000,3246.6000,3248.0000,1,1,1,4,4,1,2,16,1,1
SF,IH2011,2020-09-29 09:32:18.400,3243.4000,1567,0,38947860.000,0,-,-,-,-,3242.0000,3241.8000,3241.4000,3241.2000,3240.0000,3245.2000,3245.8000,3246.0000,3246.6000,3248.0000,1,1,1,4,4,1,2,16,1,1
SF,IH2011,2020-09-29 09:32:18.900,3243.4000,1567,0,38947860.000,0,-,-,-,-,3242.4000,3242.0000,3241.8000,3241.4000,3241.2000,3245.2000,3245.8000,3246.0000,3246.6000,3248.0000,1,1,1,1,4,1,2,16,1,1
SF,IH2011,2020-09-29 09:32:19.400,3243.4000,1567,0,38947860.000,0,-,-,-,-,3242.8000,3242.6000,3241.8000,3241.4000,3241.2000,3245.2000,3245.8000,3246.0000,3246.6000,3248.0000,1,1,1,1,4,1,2,16,1,1
SF,IH2011,2020-09-29 09:32:19.900,3243.4000,1567,0,38947860.000,0,-,-,-,-,3242.6000,3241.8000,3241.4000,3241.2000,3240.0000,3244.0000,3244.8000,3245.2000,3245.8000,3246.0000,1,1,1,4,4,1,1,1,2,16
SF,IH2011,2020-09-29 09:32:20.400,3243.4000,1567,0,38947860.000,0,-,-,-,-,3241.8000,3241.4000,3241.2000,3240.0000,3233.8000,3244.0000,3245.2000,3245.8000,3246.0000,3246.6000,1,1,4,4,5,1,1,2,16,1
SF,IH2011,2020-09-29 09:32:23.400,3243.4000,1567,0,38947860.000,0,-,-,-,-,3241.8000,3241.4000,3241.2000,3240.0000,3233.8000,3244.0000,3245.8000,3246.0000,3246.6000,3248.0000,1,1,4,4,5,1,2,16,1,1
SF,IH2011,2020-09-29 09:32:24.400,3243.4000,1567,0,38947860.000,0,-,-,-,-,3242.0000,3241.8000,3241.4000,3241.2000,3240.0000,3244.0000,3245.8000,3246.0000,3246.6000,3248.0000,1,1,1,4,4,1,2,16,1,1
SF,IH2011,2020-09-29 09:32:24.900,3244.0000,1567,0,39921060.000,1,0,1,多换,S,3242.2000,3242.0000,3241.8000,3241.4000,3241.2000,3245.8000,3246.0000,3246.6000,3248.0000,3248.8000,2,2,1,1,4,2,16,1,1,3
SF,IH2011,2020-09-29 09:32:25.400,3244.0000,1567,0,39921060.000,0,-,-,-,-,3242.4000,3242.2000,3242.0000,3241.8000,3241.4000,3245.8000,3246.0000,3246.6000,3248.0000,3248.8000,1,1,2,1,1,2,16,1,1,3
SF,IH2011,2020-09-29 09:32:27.400,3244.0000,1567,0,39921060.000,0,-,-,-,-,3242.6000,3242.4000,3242.2000,3242.0000,3241.8000,3245.8000,3246.0000,3246.6000,3248.0000,3248.8000,1,1,1,1,1,2,16,1,1,3
SF,IH2011,2020-09-29 09:32:27.900,3244.0000,1567,0,39921060.000,0,-,-,-,-,3242.8000,3242.6000,3242.2000,3242.0000,3241.8000,3245.4000,3245.8000,3246.0000,3246.6000,3248.0000,1,1,1,1,1,1,2,16,1,1
SF,IH2011,2020-09-29 09:32:28.400,3244.0000,1567,0,39921060.000,0,-,-,-,-,3242.6000,3241.8000,3241.4000,3241.2000,3240.0000,3245.2000,3245.4000,3245.8000,3246.0000,3246.6000,1,1,1,4,4,3,1,2,16,1
SF,IH2011,2020-09-29 09:32:28.900,3244.0000,1567,0,39921060.000,0,-,-,-,-,3242.6000,3241.4000,3241.2000,3240.0000,3233.8000,3245.2000,3245.4000,3245.8000,3246.0000,3246.6000,1,1,4,4,5,3,1,2,16,1
SF,IH2011,2020-09-29 09:32:29.400,3244.0000,1567,0,39921060.000,0,-,-,-,-,3242.6000,3241.4000,3241.2000,3240.0000,3233.8000,3245.2000,3245.4000,3245.8000,3246.0000,3246.6000,1,1,4,4,5,3,1,2,16,1
SF,IH2011,2020-09-29 09:32:29.900,3244.0000,1567,0,39921060.000,0,-,-,-,-,3242.6000,3241.4000,3241.2000,3240.0000,3233.8000,3245.0000,3245.2000,3245.4000,3245.8000,3246.0000,1,1,4,4,5,1,3,1,2,16
SF,IH2011,2020-09-29 09:32:30.400,3244.0000,1567,0,39921060.000,0,-,-,-,-,3241.4000,3241.2000,3240.0000,3233.8000,3232.2000,3244.6000,3245.0000,3245.2000,3245.8000,3246.0000,1,4,4,5,4,1,1,3,2,16
SF,IH2011,2020-09-29 09:32:30.900,3244.0000,1567,0,39921060.000,0,-,-,-,-,3241.4000,3241.2000,3240.6000,3240.0000,3233.8000,3244.2000,3244.4000,3244.6000,3245.0000,3245.2000,1,4,1,4,5,1,1,1,1,1
SF,IH2011,2020-09-29 09:32:31.400,3244.0000,1567,0,39921060.000,0,-,-,-,-,3241.4000,3241.2000,3240.6000,3240.0000,3233.8000,3243.8000,3244.0000,3244.6000,3245.0000,3245.2000,1,4,1,4,5,1,1,1,1,1
SF,IH2011,2020-09-29 09:32:31.900,3244.0000,1567,0,39921060.000,0,-,-,-,-,3241.4000,3241.2000,3240.6000,3240.0000,3233.8000,3243.4000,3243.6000,3244.0000,3244.6000,3245.0000,1,4,1,4,5,1,1,1,1,1
SF,IH2011,2020-09-29 09:32:32.400,3244.0000,1567,0,39921060.000,0,-,-,-,-,3241.4000,3241.2000,3240.6000,3240.0000,3233.8000,3243.2000,3243.6000,3244.0000,3244.6000,3245.0000,1,4,1,4,5,2,1,1,1,1
SF,IH2011,2020-09-29 09:32:32.900,3244.0000,1567,0,39921060.000,0,-,-,-,-,3241.4000,3241.2000,3240.6000,3240.0000,3233.8000,3243.2000,3244.0000,3244.6000,3245.0000,3245.2000,1,4,1,4,5,1,1,1,1,1
SF,IH2011,2020-09-29 09:32:33.400,3244.0000,1567,0,39921060.000,0,-,-,-,-,3241.4000,3241.2000,3240.0000,3233.8000,3232.2000,3243.0000,3243.2000,3244.0000,3244.6000,3245.0000,1,4,4,5,4,2,1,1,1,1
SF,IH2011,2020-09-29 09:32:33.900,3244.0000,1567,0,39921060.000,0,-,-,-,-,3241.6000,3241.4000,3241.2000,3240.8000,3240.0000,3243.0000,3244.0000,3244.6000,3245.0000,3245.2000,1,1,4,1,4,2,1,1,1,1
SF,IH2011,2020-09-29 09:32:34.400,3244.0000,1567,0,39921060.000,0,-,-,-,-,3241.6000,3241.4000,3241.2000,3240.8000,3240.0000,3244.0000,3244.6000,3245.0000,3245.2000,3246.0000,1,1,4,1,4,1,1,1,1,16
SF,IH2011,2020-09-29 09:32:34.900,3244.0000,1567,0,39921060.000,0,-,-,-,-,3242.0000,3241.4000,3241.2000,3240.8000,3240.0000,3243.8000,3244.0000,3244.6000,3245.0000,3245.2000,1,1,4,1,4,1,1,1,1,1
SF,IH2011,2020-09-29 09:32:35.400,3244.0000,1567,0,39921060.000,0,-,-,-,-,3242.0000,3241.4000,3241.2000,3240.8000,3240.0000,3243.8000,3244.6000,3245.0000,3245.2000,3246.0000,1,1,4,1,4,1,1,1,1,16
SF,IH2011,2020-09-29 09:32:36.900,3244.0000,1567,0,39921060.000,0,-,-,-,-,3241.4000,3241.2000,3240.8000,3240.0000,3233.8000,3243.8000,3244.6000,3245.0000,3245.2000,3246.0000,1,4,1,4,5,1,1,1,1,16
SF,IH2011,2020-09-29 09:32:37.400,3244.0000,1567,0,39921060.000,0,-,-,-,-,3241.4000,3241.2000,3240.8000,3240.0000,3239.6000,3243.4000,3243.8000,3245.0000,3245.2000,3246.0000,1,4,1,4,1,1,1,1,1,16
SF,IH2011,2020-09-29 09:32:37.900,3244.0000,1567,0,39921060.000,0,-,-,-,-,3241.4000,3241.2000,3240.8000,3240.0000,3239.6000,3243.2000,3243.8000,3245.0000,3245.2000,3246.0000,1,4,1,4,1,2,1,1,1,16
SF,IH2011,2020-09-29 09:32:38.400,3244.0000,1567,0,39921060.000,0,-,-,-,-,3241.4000,3241.2000,3240.8000,3240.0000,3239.6000,3243.2000,3243.8000,3245.0000,3245.2000,3246.0000,1,4,1,4,1,1,1,1,1,16
SF,IH2011,2020-09-29 09:32:38.900,3241.4000,1566,-1,40893480.000,1,0,1,双平,S,3241.2000,3240.8000,3240.0000,3239.6000,3233.8000,3243.0000,3243.2000,3243.8000,3245.0000,3245.2000,4,1,4,1,5,1,1,1,1,1
SF,IH2011,2020-09-29 09:32:39.400,3241.2000,1564,-2,42838200.000,2,0,2,双平,S,3241.2000,3240.0000,3239.6000,3239.2000,3233.8000,3243.2000,3243.8000,3245.0000,3245.2000,3246.0000,2,4,1,1,5,1,1,1,1,16
SF,IH2011,2020-09-29 09:32:39.900,3241.2000,1564,0,42838200.000,0,-,-,-,-,3241.2000,3240.0000,3239.6000,3239.2000,3233.8000,3243.0000,3243.8000,3245.0000,3245.2000,3246.0000,2,4,1,1,5,2,1,1,1,16
SF,IH2011,2020-09-29 09:32:40.400,3241.2000,1564,0,42838200.000,0,-,-,-,-,3241.2000,3240.0000,3239.6000,3239.2000,3233.8000,3243.0000,3243.8000,3245.0000,3245.2000,3246.0000,2,4,1,1,5,2,1,1,1,16
SF,IH2011,2020-09-29 09:32:41.400,3241.2000,1564,0,42838200.000,0,-,-,-,-,3241.2000,3240.0000,3239.6000,3239.2000,3233.8000,3243.0000,3243.8000,3245.0000,3245.2000,3246.0000,2,4,1,1,5,2,1,1,1,16
SF,IH2011,2020-09-29 09:32:41.900,3241.2000,1564,0,42838200.000,0,-,-,-,-,3241.2000,3240.0000,3239.6000,3239.2000,3233.8000,3243.0000,3243.8000,3245.0000,3245.2000,3246.0000,2,4,1,1,5,1,1,1,1,16
SF,IH2011,2020-09-29 09:32:42.400,3241.2000,1564,0,42838200.000,0,-,-,-,-,3241.2000,3240.0000,3239.6000,3233.8000,3232.2000,3242.0000,3243.8000,3245.0000,3245.2000,3246.0000,2,4,1,5,4,1,1,1,1,16
SF,IH2011,2020-09-29 09:32:42.900,3242.0000,1564,0,43810800.000,1,0,1,多换,S,3242.0000,3241.2000,3240.0000,3239.6000,3233.8000,3243.8000,3245.0000,3245.2000,3246.0000,3246.4000,1,2,4,2,5,1,1,1,16,8
SF,IH2011,2020-09-29 09:32:43.400,3242.0000,1564,0,43810800.000,0,-,-,-,-,3241.2000,3240.0000,3239.6000,3233.8000,3232.2000,3243.6000,3243.8000,3245.0000,3245.2000,3246.0000,2,4,1,5,4,1,1,1,1,16
SF,IH2011,2020-09-29 09:32:44.900,3242.0000,1564,0,43810800.000,0,-,-,-,-,3241.6000,3241.2000,3240.0000,3239.6000,3233.8000,3243.6000,3243.8000,3245.0000,3245.2000,3246.0000,1,2,4,1,5,1,1,1,1,16
SF,IH2011,2020-09-29 09:32:45.400,3242.0000,1564,0,43810800.000,0,-,-,-,-,3241.2000,3240.0000,3233.8000,3232.2000,3231.0000,3243.6000,3243.8000,3245.0000,3245.2000,3246.0000,2,4,5,4,1,1,1,1,1,16
SF,IH2011,2020-09-29 09:32:45.900,3242.0000,1564,0,43810800.000,0,-,-,-,-,3241.6000,3241.2000,3240.0000,3233.8000,3232.2000,3243.6000,3243.8000,3245.0000,3245.2000,3246.0000,1,2,4,5,4,1,1,1,1,16
SF,IH2011,2020-09-29 09:32:46.400,3242.0000,1564,0,43810800.000,0,-,-,-,-,3241.2000,3240.0000,3233.8000,3232.2000,3231.0000,3243.6000,3243.8000,3245.0000,3245.2000,3246.0000,2,4,5,4,1,1,1,1,1,16
SF,IH2011,2020-09-29 09:32:46.900,3242.0000,1564,0,43810800.000,0,-,-,-,-,3241.2000,3240.0000,3233.8000,3232.2000,3231.0000,3243.6000,3243.8000,3245.0000,3245.2000,3246.0000,2,4,5,4,1,1,1,1,1,16
SF,IH2011,2020-09-29 09:32:47.400,3242.0000,1564,0,43810800.000,0,-,-,-,-,3241.2000,3240.0000,3233.8000,3232.2000,3231.0000,3243.2000,3243.6000,3243.8000,3245.0000,3245.2000,2,4,5,4,1,1,1,1,1,1
SF,IH2011,2020-09-29 09:32:47.900,3242.0000,1564,0,43810800.000,0,-,-,-,-,3241.2000,3240.0000,3233.8000,3232.2000,3231.0000,3243.0000,3243.6000,3243.8000,3245.0000,3245.2000,2,4,5,4,1,1,1,1,1,1
SF,IH2011,2020-09-29 09:32:48.400,3242.0000,1564,0,43810800.000,0,-,-,-,-,3241.2000,3240.0000,3233.8000,3232.2000,3231.0000,3243.0000,3243.6000,3243.8000,3245.0000,3245.2000,2,4,5,4,1,1,1,1,1,1
SF,IH2011,2020-09-29 09:32:48.900,3242.0000,1564,0,43810800.000,0,-,-,-,-,3241.2000,3240.0000,3233.8000,3232.2000,3231.0000,3243.0000,3243.6000,3243.8000,3245.0000,3245.2000,2,4,5,4,1,1,1,1,1,1
SF,IH2011,2020-09-29 09:32:49.400,3242.0000,1564,0,43810800.000,0,-,-,-,-,3241.2000,3240.0000,3233.8000,3232.2000,3231.0000,3243.0000,3243.6000,3243.8000,3245.0000,3245.2000,2,4,5,4,1,1,1,1,1,1
SF,IH2011,2020-09-29 09:32:49.900,3241.2000,1563,-1,44783160.000,1,0,1,双平,S,3241.2000,3240.0000,3233.8000,3232.2000,3231.0000,3243.0000,3243.6000,3243.8000,3245.0000,3245.2000,1,4,5,4,1,1,1,1,1,1
SF,IH2011,2020-09-29 09:32:54.900,3241.2000,1563,0,44783160.000,0,-,-,-,-,3241.2000,3240.0000,3233.8000,3232.2000,3231.0000,3243.0000,3243.6000,3243.8000,3245.0000,3245.2000,1,4,5,4,1,1,1,1,1,1
SF,IH2011,2020-09-29 09:32:55.400,3241.2000,1563,0,44783160.000,0,-,-,-,-,3241.2000,3240.0000,3233.8000,3232.2000,3231.0000,3243.0000,3243.6000,3243.8000,3245.0000,3245.2000,1,4,5,4,1,1,1,1,1,1
SF,IH2011,2020-09-29 09:32:55.900,3241.2000,1563,0,44783160.000,0,-,-,-,-,3241.2000,3240.0000,3233.8000,3232.2000,3231.0000,3243.0000,3243.6000,3243.8000,3245.0000,3245.2000,1,4,5,4,1,1,1,1,1,1
SF,IH2011,2020-09-29 09:32:57.400,3241.2000,1563,0,44783160.000,0,-,-,-,-,3241.2000,3240.0000,3233.8000,3232.2000,3231.0000,3243.6000,3243.8000,3245.0000,3245.2000,3246.0000,1,4,5,4,1,1,1,1,1,16
SF,IH2011,2020-09-29 09:32:57.900,3241.2000,1563,0,44783160.000,0,-,-,-,-,3241.6000,3241.2000,3240.0000,3233.8000,3232.2000,3243.6000,3243.8000,3245.0000,3245.2000,3246.0000,1,1,4,5,4,1,1,1,1,16
SF,IH2011,2020-09-29 09:32:58.900,3241.2000,1563,0,44783160.000,0,-,-,-,-,3241.2000,3240.0000,3233.8000,3232.2000,3231.0000,3243.4000,3243.6000,3243.8000,3245.0000,3245.2000,1,4,5,4,1,1,1,1,1,1
SF,IH2011,2020-09-29 09:32:59.400,3241.2000,1563,0,44783160.000,0,-,-,-,-,3241.2000,3240.0000,3233.8000,3232.2000,3231.0000,3243.4000,3243.6000,3243.8000,3245.0000,3245.2000,1,4,5,4,1,1,1,1,1,1
SF,IH2011,2020-09-29 09:32:59.900,3241.2000,1563,0,44783160.000,0,-,-,-,-,3241.2000,3240.0000,3233.8000,3232.2000,3231.0000,3243.4000,3243.6000,3243.8000,3245.0000,3245.2000,1,4,5,4,1,1,1,1,1,1
SF,IH2011,2020-09-29 09:33:00.400,3241.2000,1563,0,44783160.000,0,-,-,-,-,3241.2000,3240.0000,3233.8000,3232.2000,3231.0000,3243.4000,3243.6000,3243.8000,3245.0000,3245.2000,1,4,5,4,1,1,1,1,1,1
SF,IH2011,2020-09-29 09:33:04.400,3241.2000,1563,0,44783160.000,0,-,-,-,-,3241.2000,3240.0000,3233.8000,3232.2000,3231.0000,3243.0000,3243.4000,3243.6000,3243.8000,3245.0000,1,4,5,4,1,2,1,1,1,1
SF,IH2011,2020-09-29 09:33:05.400,3241.2000,1563,0,44783160.000,0,-,-,-,-,3241.2000,3240.0000,3233.8000,3232.2000,3231.0000,3243.0000,3243.6000,3243.8000,3245.0000,3245.2000,1,4,5,4,1,2,1,1,1,1
SF,IH2011,2020-09-29 09:33:10.900,3241.2000,1563,0,44783160.000,0,-,-,-,-,3241.2000,3240.0000,3233.8000,3232.2000,3231.0000,3243.0000,3243.6000,3243.8000,3245.0000,3245.2000,1,4,5,4,1,2,1,2,1,1
SF,IH2011,2020-09-29 09:33:12.400,3241.2000,1562,-1,45755520.000,1,0,1,双平,S,3241.2000,3240.0000,3233.8000,3232.2000,3231.0000,3243.0000,3243.6000,3243.8000,3245.0000,3245.2000,1,4,5,4,1,2,1,2,1,1
SF,IH2011,2020-09-29 09:33:14.900,3241.2000,1562,0,45755520.000,0,-,-,-,-,3241.4000,3241.2000,3240.0000,3233.8000,3232.2000,3243.0000,3243.8000,3245.0000,3245.2000,3246.0000,1,1,4,5,4,2,2,1,1,16
SF,IH2011,2020-09-29 09:33:15.400,3243.0000,1560,-2,47701320.000,2,0,2,双平,S,3241.6000,3241.4000,3241.2000,3240.0000,3233.8000,3243.8000,3245.2000,3246.0000,3246.4000,3248.0000,2,1,1,4,5,1,1,16,8,1
SF,IH2011,2020-09-29 09:33:15.900,3243.0000,1560,0,47701320.000,0,-,-,-,-,3241.6000,3241.4000,3241.2000,3240.0000,3237.8000,3243.8000,3246.0000,3246.4000,3248.0000,3248.6000,2,1,1,4,1,1,16,8,1,3
SF,IH2011,2020-09-29 09:33:16.400,3243.0000,1560,0,47701320.000,0,-,-,-,-,3241.8000,3241.6000,3241.4000,3241.2000,3240.0000,3243.8000,3246.0000,3246.4000,3248.0000,3248.6000,1,2,1,1,4,1,16,8,1,3
SF,IH2011,2020-09-29 09:33:16.900,3243.0000,1560,0,47701320.000,0,-,-,-,-,3242.0000,3241.8000,3241.6000,3241.4000,3241.2000,3243.8000,3246.0000,3246.4000,3248.0000,3248.6000,1,1,1,1,1,1,16,8,1,3
SF,IH2011,2020-09-29 09:33:18.400,3243.0000,1560,0,47701320.000,0,-,-,-,-,3242.2000,3242.0000,3241.8000,3241.4000,3241.2000,3243.8000,3246.0000,3246.4000,3248.0000,3248.6000,1,1,1,1,1,1,16,8,1,3
SF,IH2011,2020-09-29 09:33:18.900,3243.0000,1560,0,47701320.000,0,-,-,-,-,3242.4000,3242.2000,3241.8000,3241.4000,3241.2000,3243.8000,3246.0000,3246.4000,3248.0000,3248.6000,1,1,1,1,1,1,16,8,1,3
SF,IH2011,2020-09-29 09:33:20.900,3242.4000,1559,-1,49647180.000,2,0,2,多平,S,3242.2000,3241.8000,3241.4000,3241.2000,3240.0000,3246.0000,3246.4000,3248.0000,3248.6000,3248.8000,1,1,1,1,4,16,8,1,3,3
SF,IH2011,2020-09-29 09:33:21.400,3242.4000,1559,0,49647180.000,0,-,-,-,-,3242.2000,3241.8000,3241.4000,3241.2000,3240.0000,3244.6000,3245.6000,3245.8000,3246.0000,3246.4000,1,1,1,1,4,1,1,2,16,8
SF,IH2011,2020-09-29 09:33:21.900,3242.4000,1559,0,49647180.000,0,-,-,-,-,3242.2000,3241.8000,3241.4000,3241.2000,3240.0000,3244.2000,3244.6000,3245.6000,3245.8000,3246.0000,1,1,1,1,4,2,1,1,2,16
SF,IH2011,2020-09-29 09:33:22.400,3242.4000,1559,0,49647180.000,0,-,-,-,-,3242.2000,3241.8000,3241.4000,3241.2000,3240.0000,3244.6000,3245.8000,3246.0000,3246.4000,3248.0000,1,1,1,1,4,1,2,16,8,1
SF,IH2011,2020-09-29 09:33:22.900,3242.4000,1559,0,49647180.000,0,-,-,-,-,3242.2000,3241.8000,3241.4000,3241.2000,3240.0000,3244.2000,3244.6000,3245.8000,3246.0000,3246.4000,1,1,1,1,4,2,1,1,16,8
SF,IH2011,2020-09-29 09:33:23.400,3242.4000,1559,0,49647180.000,0,-,-,-,-,3242.2000,3241.8000,3241.4000,3241.2000,3240.0000,3244.0000,3244.6000,3245.8000,3246.0000,3246.4000,1,1,1,1,4,2,1,1,16,8
SF,IH2011,2020-09-29 09:33:25.400,3242.2000,1559,0,50619840.000,1,0,1,多换,S,3241.4000,3241.2000,3240.0000,3237.8000,3233.8000,3244.0000,3244.6000,3245.8000,3246.0000,3246.4000,1,1,4,1,5,2,1,1,16,8
SF,IH2011,2020-09-29 09:33:25.900,3242.2000,1559,0,50619840.000,0,-,-,-,-,3241.2000,3240.0000,3237.8000,3233.8000,3232.2000,3243.8000,3244.0000,3244.6000,3245.8000,3246.0000,1,4,1,5,4,2,2,1,1,16
SF,IH2011,2020-09-29 09:33:26.400,3242.2000,1559,0,50619840.000,0,-,-,-,-,3241.4000,3241.2000,3240.0000,3237.8000,3233.8000,3243.8000,3244.0000,3246.0000,3246.4000,3248.0000,1,1,4,1,5,2,2,16,8,1
SF,IH2011,2020-09-29 09:33:26.900,3242.2000,1559,0,50619840.000,0,-,-,-,-,3241.2000,3240.0000,3237.8000,3233.8000,3232.2000,3243.4000,3243.8000,3246.0000,3246.4000,3248.0000,1,4,1,5,4,3,2,16,8,1
SF,IH2011,2020-09-29 09:33:27.400,3242.2000,1559,0,50619840.000,0,-,-,-,-,3241.2000,3240.0000,3237.8000,3233.8000,3232.2000,3243.2000,3243.4000,3243.8000,3246.0000,3246.4000,1,4,1,5,4,1,3,2,16,8
SF,IH2011,2020-09-29 09:33:27.900,3242.2000,1559,0,50619840.000,0,-,-,-,-,3241.2000,3240.0000,3237.8000,3233.8000,3232.2000,3243.0000,3243.2000,3243.4000,3243.8000,3246.0000,1,4,1,5,4,2,1,1,2,16
SF,IH2011,2020-09-29 09:33:28.900,3242.2000,1559,0,50619840.000,0,-,-,-,-,3241.2000,3240.0000,3237.8000,3233.8000,3232.2000,3243.0000,3243.4000,3243.8000,3246.0000,3246.4000,1,4,1,5,4,2,1,2,16,8
SF,IH2011,2020-09-29 09:33:29.400,3241.2000,1558,-1,51592200.000,1,0,1,双平,S,3240.0000,3237.8000,3233.8000,3232.2000,3231.0000,3242.8000,3243.0000,3243.4000,3243.8000,3246.0000,4,1,5,4,1,1,2,1,1,16
SF,IH2011,2020-09-29 09:33:29.900,3241.2000,1558,0,51592200.000,0,-,-,-,-,3240.0000,3237.8000,3233.8000,3232.2000,3231.0000,3242.4000,3242.6000,3242.8000,3243.4000,3243.8000,4,1,5,4,1,2,1,1,1,1
SF,IH2011,2020-09-29 09:33:30.400,3241.2000,1558,0,51592200.000,0,-,-,-,-,3240.0000,3237.8000,3233.8000,3232.2000,3231.0000,3242.0000,3242.6000,3242.8000,3243.8000,3246.0000,4,1,5,4,1,2,1,1,1,16
SF,IH2011,2020-09-29 09:33:30.900,3241.2000,1558,0,51592200.000,0,-,-,-,-,3240.0000,3233.8000,3232.2000,3231.0000,3204.4000,3242.6000,3242.8000,3243.8000,3246.0000,3246.4000,4,5,4,1,3,1,1,1,16,8
SF,IH2011,2020-09-29 09:33:31.400,3241.2000,1558,0,51592200.000,0,-,-,-,-,3240.0000,3233.8000,3232.2000,3231.0000,3204.4000,3242.2000,3242.6000,3242.8000,3243.8000,3246.0000,4,5,4,1,3,1,1,1,1,16
SF,IH2011,2020-09-29 09:33:31.900,3241.2000,1558,0,51592200.000,0,-,-,-,-,3240.0000,3233.8000,3232.2000,3231.0000,3204.4000,3242.2000,3242.6000,3242.8000,3243.8000,3246.0000,4,5,4,1,3,1,1,1,1,16
SF,IH2011,2020-09-29 09:33:32.400,3241.2000,1558,0,51592200.000,0,-,-,-,-,3240.2000,3240.0000,3233.8000,3232.2000,3231.0000,3242.6000,3242.8000,3243.8000,3246.0000,3246.4000,2,4,5,4,1,1,1,1,16,8
SF,IH2011,2020-09-29 09:33:32.900,3241.2000,1558,0,51592200.000,0,-,-,-,-,3240.2000,3240.0000,3233.8000,3232.2000,3231.0000,3242.6000,3243.8000,3246.0000,3246.4000,3248.0000,2,4,5,4,1,1,1,16,8,1
SF,IH2011,2020-09-29 09:33:33.400,3241.2000,1558,0,51592200.000,0,-,-,-,-,3240.0000,3233.8000,3232.2000,3231.0000,3204.4000,3242.6000,3243.8000,3246.0000,3246.4000,3248.0000,4,5,4,1,3,1,1,16,8,1
SF,IH2011,2020-09-29 09:33:33.900,3241.2000,1558,0,51592200.000,0,-,-,-,-,3240.0000,3233.8000,3232.2000,3231.0000,3204.4000,3242.6000,3243.8000,3246.0000,3246.4000,3248.0000,4,5,4,1,3,1,1,16,8,1
SF,IH2011,2020-09-29 09:33:34.400,3241.2000,1558,0,51592200.000,0,-,-,-,-,3240.0000,3233.8000,3232.2000,3231.0000,3204.4000,3242.6000,3243.8000,3246.0000,3246.4000,3248.0000,4,5,4,1,3,1,1,16,8,1
SF,IH2011,2020-09-29 09:33:34.900,3241.2000,1558,0,51592200.000,0,-,-,-,-,3240.0000,3233.8000,3232.2000,3231.0000,3204.4000,3242.6000,3243.8000,3246.0000,3246.4000,3248.0000,4,5,4,1,3,1,1,16,8,1
SF,IH2011,2020-09-29 09:33:35.400,3241.2000,1558,0,51592200.000,0,-,-,-,-,3240.0000,3233.8000,3232.2000,3231.0000,3204.4000,3242.6000,3243.8000,3246.0000,3246.4000,3248.0000,4,5,4,1,3,1,1,16,8,1
SF,IH2011,2020-09-29 09:33:35.900,3241.2000,1558,0,51592200.000,0,-,-,-,-,3240.0000,3233.8000,3232.2000,3231.0000,3204.4000,3242.6000,3243.8000,3246.0000,3246.4000,3248.0000,4,5,4,1,3,1,1,16,8,1
SF,IH2011,2020-09-29 09:33:36.400,3241.2000,1558,0,51592200.000,0,-,-,-,-,3240.0000,3233.8000,3232.2000,3231.0000,3204.4000,3242.0000,3242.6000,3243.8000,3246.0000,3246.4000,4,5,4,1,3,1,1,1,16,8
SF,IH2011,2020-09-29 09:33:36.900,3241.2000,1558,0,51592200.000,0,-,-,-,-,3240.0000,3233.8000,3232.2000,3231.0000,3204.4000,3242.0000,3242.6000,3243.8000,3246.0000,3246.4000,4,5,4,1,3,1,1,1,16,8
SF,IH2011,2020-09-29 09:33:37.400,3241.2000,1558,0,51592200.000,0,-,-,-,-,3240.0000,3233.8000,3232.2000,3231.0000,3204.4000,3242.0000,3242.6000,3243.8000,3246.0000,3246.4000,4,5,4,1,3,1,1,1,16,8
SF,IH2011,2020-09-29 09:33:37.900,3241.2000,1558,0,51592200.000,0,-,-,-,-,3240.0000,3233.8000,3232.2000,3231.0000,3204.4000,3242.0000,3242.6000,3243.8000,3246.0000,3246.4000,4,5,4,1,3,1,1,1,16,8
SF,IH2011,2020-09-29 09:33:38.400,3241.2000,1558,0,51592200.000,0,-,-,-,-,3240.0000,3233.8000,3232.2000,3231.0000,3204.4000,3241.6000,3241.8000,3242.0000,3242.6000,3243.8000,4,5,4,1,3,1,1,1,1,1
SF,IH2011,2020-09-29 09:33:38.900,3241.4000,1557,-1,52564620.000,1,0,1,双平,S,3240.0000,3233.8000,3232.2000,3231.0000,3204.4000,3242.0000,3242.6000,3246.0000,3246.4000,3248.0000,4,5,4,1,3,1,1,16,8,1
SF,IH2011,2020-09-29 09:33:39.900,3241.4000,1557,0,52564620.000,0,-,-,-,-,3240.0000,3233.8000,3232.2000,3231.0000,3204.4000,3242.0000,3242.6000,3246.0000,3246.4000,3248.0000,5,5,4,1,3,1,1,16,8,1
SF,IH2011,2020-09-29 09:33:40.400,3241.4000,1557,0,52564620.000,0,-,-,-,-,3240.0000,3233.8000,3232.2000,3231.0000,3204.4000,3242.0000,3246.0000,3246.4000,3248.0000,3248.6000,5,5,4,1,3,1,16,8,1,3
SF,IH2011,2020-09-29 09:33:40.900,3241.4000,1557,0,52564620.000,0,-,-,-,-,3240.2000,3240.0000,3233.8000,3232.2000,3231.0000,3242.0000,3246.0000,3246.4000,3248.0000,3248.6000,1,5,5,4,1,1,16,8,1,3
SF,IH2011,2020-09-29 09:33:41.400,3242.0000,1557,0,53537220.000,1,0,1,多换,S,3240.0000,3233.8000,3232.2000,3231.0000,3204.4000,3246.0000,3246.4000,3248.0000,3248.6000,3248.8000,5,5,4,1,3,16,8,1,3,3
SF,IH2011,2020-09-29 09:33:41.900,3242.0000,1557,0,53537220.000,0,-,-,-,-,3240.2000,3240.0000,3233.8000,3232.2000,3231.0000,3243.0000,3244.0000,3245.0000,3245.2000,3245.8000,2,5,5,4,1,1,1,1,1,1
SF,IH2011,2020-09-29 09:33:42.400,3242.0000,1557,0,53537220.000,0,-,-,-,-,3240.2000,3240.0000,3233.8000,3232.2000,3231.0000,3243.0000,3245.0000,3245.2000,3246.0000,3246.4000,1,5,5,4,1,1,1,1,16,8
SF,IH2011,2020-09-29 09:33:42.900,3242.0000,1557,0,53537220.000,0,-,-,-,-,3240.4000,3240.2000,3240.0000,3233.8000,3232.2000,3242.6000,3243.0000,3245.0000,3245.2000,3246.0000,2,1,5,5,4,1,1,1,1,16
SF,IH2011,2020-09-29 09:33:43.400,3242.0000,1557,0,53537220.000,0,-,-,-,-,3240.2000,3240.0000,3233.8000,3232.2000,3231.0000,3243.0000,3245.0000,3245.2000,3246.0000,3246.4000,1,5,5,4,1,1,1,1,16,8
SF,IH2011,2020-09-29 09:33:43.900,3242.0000,1557,0,53537220.000,0,-,-,-,-,3240.2000,3240.0000,3233.8000,3232.2000,3231.0000,3242.6000,3243.0000,3245.0000,3245.2000,3246.0000,1,5,5,4,1,2,1,1,1,16
SF,IH2011,2020-09-29 09:33:44.400,3242.0000,1557,0,53537220.000,0,-,-,-,-,3240.2000,3240.0000,3233.8000,3232.2000,3231.0000,3243.0000,3245.0000,3245.2000,3246.0000,3246.4000,1,5,5,4,1,1,1,1,16,8
SF,IH2011,2020-09-29 09:33:44.900,3242.0000,1557,0,53537220.000,0,-,-,-,-,3240.2000,3240.0000,3233.8000,3232.2000,3231.0000,3242.6000,3242.8000,3243.0000,3245.0000,3245.2000,1,5,5,4,1,2,1,1,1,1
SF,IH2011,2020-09-29 09:33:45.400,3242.0000,1557,0,53537220.000,0,-,-,-,-,3240.2000,3240.0000,3233.8000,3232.2000,3231.0000,3242.6000,3242.8000,3243.0000,3245.0000,3245.2000,1,5,5,4,1,2,1,1,1,1
SF,IH2011,2020-09-29 09:33:45.900,3242.0000,1557,0,53537220.000,0,-,-,-,-,3240.2000,3240.0000,3233.8000,3232.2000,3231.0000,3242.8000,3243.0000,3245.0000,3245.2000,3246.0000,1,5,5,4,1,1,1,1,1,16
SF,IH2011,2020-09-29 09:33:47.900,3242.0000,1557,0,53537220.000,0,-,-,-,-,3240.2000,3240.0000,3237.4000,3233.8000,3232.2000,3243.0000,3245.0000,3245.2000,3246.0000,3246.4000,1,5,1,5,4,1,1,1,16,8
SF,IH2011,2020-09-29 09:33:48.900,3242.0000,1557,0,53537220.000,0,-,-,-,-,3240.2000,3240.0000,3237.4000,3233.8000,3232.2000,3242.6000,3243.0000,3245.0000,3245.2000,3246.0000,1,5,1,5,4,1,1,1,1,16
SF,IH2011,2020-09-29 09:33:49.400,3242.0000,1557,0,53537220.000,0,-,-,-,-,3240.2000,3240.0000,3237.4000,3233.8000,3232.2000,3243.0000,3245.0000,3245.2000,3246.0000,3246.4000,1,5,1,5,4,1,1,1,16,8
SF,IH2011,2020-09-29 09:33:49.900,3242.0000,1557,0,53537220.000,0,-,-,-,-,3240.4000,3240.2000,3240.0000,3237.4000,3233.8000,3243.0000,3245.0000,3245.2000,3246.0000,3246.4000,1,1,5,1,5,1,1,1,16,8
SF,IH2011,2020-09-29 09:33:50.400,3242.0000,1557,0,53537220.000,0,-,-,-,-,3240.6000,3240.4000,3240.0000,3237.4000,3233.8000,3243.0000,3245.0000,3245.2000,3246.0000,3246.4000,1,1,5,1,5,1,1,1,16,8
SF,IH2011,2020-09-29 09:33:51.900,3242.0000,1557,0,53537220.000,0,-,-,-,-,3240.6000,3240.4000,3240.0000,3237.4000,3233.8000,3242.6000,3243.0000,3245.0000,3245.2000,3246.0000,1,1,5,1,5,1,1,1,1,16
SF,IH2011,2020-09-29 09:33:52.400,3242.0000,1557,0,53537220.000,0,-,-,-,-,3240.4000,3240.0000,3237.4000,3233.8000,3232.2000,3242.6000,3243.0000,3245.0000,3245.2000,3246.0000,1,5,1,5,4,1,1,1,1,16
SF,IH2011,2020-09-29 09:33:54.400,3242.0000,1557,0,53537220.000,0,-,-,-,-,3240.0000,3237.4000,3233.8000,3232.2000,3231.0000,3242.6000,3243.0000,3245.0000,3245.2000,3246.0000,5,1,5,4,1,1,1,1,1,16
SF,IH2011,2020-09-29 09:33:54.900,3242.0000,1557,0,53537220.000,0,-,-,-,-,3240.2000,3240.0000,3237.4000,3233.8000,3232.2000,3242.6000,3243.0000,3245.0000,3245.2000,3246.0000,2,5,1,5,4,1,1,1,1,16
SF,IH2011,2020-09-29 09:33:55.400,3242.0000,1557,0,53537220.000,0,-,-,-,-,3240.2000,3240.0000,3237.4000,3233.8000,3232.2000,3242.2000,3242.6000,3243.0000,3245.0000,3245.2000,2,5,1,5,4,1,1,1,1,1
SF,IH2011,2020-09-29 09:33:55.900,3242.0000,1557,0,53537220.000,0,-,-,-,-,3240.2000,3240.0000,3237.4000,3233.8000,3232.2000,3242.6000,3243.0000,3245.0000,3245.2000,3246.0000,1,5,1,5,4,1,1,1,1,16
SF,IH2011,2020-09-29 09:33:57.900,3242.0000,1557,0,53537220.000,0,-,-,-,-,3240.2000,3240.0000,3237.4000,3233.8000,3232.2000,3242.2000,3242.6000,3243.0000,3245.0000,3245.2000,1,5,1,5,4,1,1,1,1,1
SF,IH2011,2020-09-29 09:33:58.400,3242.0000,1557,0,53537220.000,0,-,-,-,-,3240.0000,3237.4000,3233.8000,3232.2000,3231.0000,3242.6000,3243.0000,3245.0000,3245.2000,3246.0000,5,1,5,4,1,1,1,1,1,16
SF,IH2011,2020-09-29 09:33:58.900,3242.0000,1557,0,53537220.000,0,-,-,-,-,3240.2000,3240.0000,3237.4000,3233.8000,3232.2000,3242.2000,3242.6000,3243.0000,3245.0000,3245.2000,1,5,1,5,4,1,1,1,1,1
SF,IH2011,2020-09-29 09:33:59.400,3242.0000,1557,0,53537220.000,0,-,-,-,-,3240.0000,3237.4000,3233.8000,3232.2000,3231.0000,3242.0000,3242.6000,3243.0000,3245.0000,3245.2000,5,1,5,4,1,2,1,1,1,1
SF,IH2011,2020-09-29 09:33:59.900,3242.0000,1557,0,53537220.000,0,-,-,-,-,3240.0000,3237.4000,3233.8000,3232.2000,3231.0000,3241.8000,3242.6000,3243.0000,3245.0000,3245.2000,5,1,5,4,1,3,1,1,1,1
SF,IH2011,2020-09-29 09:34:00.400,3242.0000,1557,0,53537220.000,0,-,-,-,-,3240.0000,3237.4000,3233.8000,3232.2000,3231.0000,3242.6000,3245.0000,3245.2000,3246.0000,3246.4000,5,1,5,4,1,1,1,1,16,8
SF,IH2011,2020-09-29 09:34:00.900,3242.0000,1557,0,53537220.000,0,-,-,-,-,3240.2000,3240.0000,3237.4000,3233.8000,3232.2000,3242.0000,3242.6000,3245.0000,3245.2000,3246.0000,2,5,1,5,4,1,1,1,1,16
SF,IH2011,2020-09-29 09:34:01.400,3242.0000,1557,0,53537220.000,0,-,-,-,-,3240.4000,3240.2000,3240.0000,3237.4000,3233.8000,3242.6000,3245.0000,3245.2000,3246.0000,3246.4000,1,1,5,1,5,1,1,1,16,8
SF,IH2011,2020-09-29 09:34:01.900,3240.0000,1557,0,55481280.000,2,1,1,多换,S,3240.0000,3237.4000,3233.8000,3232.2000,3231.0000,3242.2000,3242.4000,3242.6000,3245.0000,3245.2000,4,1,5,4,1,2,2,1,1,1
SF,IH2011,2020-09-29 09:34:02.400,3240.0000,1557,0,55481280.000,0,-,-,-,-,3240.0000,3237.4000,3233.8000,3232.2000,3231.0000,3242.2000,3242.4000,3242.6000,3245.0000,3245.2000,4,1,5,4,1,2,2,1,1,1
SF,IH2011,2020-09-29 09:34:02.900,3240.0000,1557,0,55481280.000,0,-,-,-,-,3240.0000,3237.4000,3233.8000,3232.2000,3231.0000,3242.2000,3242.4000,3242.6000,3245.0000,3245.2000,4,1,5,4,1,2,2,1,1,1
SF,IH2011,2020-09-29 09:34:03.400,3240.0000,1557,0,55481280.000,0,-,-,-,-,3240.0000,3237.4000,3233.8000,3232.2000,3231.0000,3242.2000,3242.6000,3245.0000,3245.2000,3246.0000,4,1,5,4,1,2,1,1,1,16
SF,IH2011,2020-09-29 09:34:03.900,3240.0000,1557,0,55481280.000,0,-,-,-,-,3240.0000,3237.6000,3237.4000,3233.8000,3232.2000,3242.2000,3242.6000,3245.0000,3245.2000,3246.0000,4,1,1,5,4,2,1,1,1,16
SF,IH2011,2020-09-29 09:34:04.400,3240.0000,1557,0,55481280.000,0,-,-,-,-,3240.0000,3237.6000,3237.4000,3233.8000,3232.2000,3242.0000,3242.2000,3242.6000,3245.0000,3245.2000,4,1,1,5,4,1,2,1,1,1
SF,IH2011,2020-09-29 09:34:04.900,3240.0000,1557,0,55481280.000,0,-,-,-,-,3240.0000,3237.6000,3237.4000,3233.8000,3232.2000,3242.0000,3242.2000,3242.6000,3245.0000,3245.2000,4,1,1,5,4,1,1,1,1,1
SF,IH2011,2020-09-29 09:34:05.400,3240.0000,1557,0,55481280.000,0,-,-,-,-,3240.2000,3240.0000,3237.6000,3237.4000,3233.8000,3242.0000,3242.2000,3242.6000,3245.0000,3245.2000,2,4,1,1,5,1,1,1,1,1
SF,IH2011,2020-09-29 09:34:05.900,3240.0000,1557,0,55481280.000,0,-,-,-,-,3240.2000,3240.0000,3237.6000,3237.4000,3233.8000,3241.6000,3241.8000,3242.2000,3242.6000,3245.2000,1,4,1,1,5,1,1,1,1,1
SF,IH2011,2020-09-29 09:34:06.400,3240.0000,1557,0,55481280.000,0,-,-,-,-,3240.2000,3240.0000,3237.6000,3237.4000,3233.8000,3241.6000,3242.2000,3242.6000,3245.2000,3246.0000,1,4,1,1,5,1,1,1,1,16
SF,IH2011,2020-09-29 09:34:08.400,3240.0000,1557,0,55481280.000,0,-,-,-,-,3240.0000,3237.6000,3237.4000,3233.8000,3232.2000,3241.6000,3242.2000,3242.6000,3246.0000,3246.4000,4,1,1,5,4,1,1,1,16,8
SF,IH2011,2020-09-29 09:34:08.900,3240.0000,1557,0,55481280.000,0,-,-,-,-,3240.0000,3239.4000,3237.6000,3237.4000,3233.8000,3242.2000,3242.6000,3246.0000,3246.4000,3246.8000,4,1,1,1,5,1,1,16,8,8
SF,IH2011,2020-09-29 09:34:09.400,3240.0000,1557,0,55481280.000,0,-,-,-,-,3240.0000,3239.4000,3237.6000,3237.4000,3233.8000,3241.8000,3242.0000,3242.2000,3242.6000,3246.0000,4,1,1,1,5,1,2,1,1,16
SF,IH2011,2020-09-29 09:34:09.900,3240.0000,1557,0,55481280.000,0,-,-,-,-,3240.0000,3239.4000,3237.6000,3237.4000,3233.8000,3241.8000,3242.0000,3242.2000,3242.6000,3246.0000,4,1,1,1,5,1,2,1,1,16
SF,IH2011,2020-09-29 09:34:10.400,3240.0000,1557,0,55481280.000,0,-,-,-,-,3240.0000,3239.4000,3237.6000,3237.4000,3233.8000,3241.6000,3241.8000,3242.0000,3242.2000,3242.6000,4,1,1,1,5,1,1,2,1,1
SF,IH2011,2020-09-29 09:34:10.900,3240.0000,1557,0,55481280.000,0,-,-,-,-,3240.0000,3239.4000,3237.6000,3237.4000,3233.8000,3241.0000,3241.4000,3241.6000,3242.0000,3242.6000,4,1,1,1,5,1,2,1,2,1
SF,IH2011,2020-09-29 09:34:11.400,3240.0000,1557,0,55481280.000,0,-,-,-,-,3240.0000,3237.6000,3237.4000,3233.8000,3232.2000,3241.0000,3241.4000,3241.6000,3242.0000,3242.6000,4,1,1,5,4,1,2,1,2,1
SF,IH2011,2020-09-29 09:34:11.900,3240.0000,1555,-2,57425280.000,2,0,2,双平,S,3240.0000,3238.2000,3237.6000,3237.4000,3233.8000,3241.0000,3241.4000,3242.0000,3242.6000,3246.0000,2,1,1,1,5,1,2,2,1,16
SF,IH2011,2020-09-29 09:34:12.400,3240.0000,1554,-1,59369280.000,2,0,2,多平,S,3238.2000,3237.6000,3237.4000,3233.8000,3232.2000,3240.0000,3241.0000,3241.4000,3242.0000,3242.6000,1,1,1,5,4,1,1,2,2,1
SF,IH2011,2020-09-29 09:34:12.900,3240.0000,1554,0,59369280.000,0,-,-,-,-,3238.4000,3238.2000,3237.6000,3237.4000,3233.8000,3240.0000,3241.0000,3242.6000,3246.0000,3246.4000,2,1,1,1,5,1,1,1,16,8
SF,IH2011,2020-09-29 09:34:13.400,3240.0000,1554,0,59369280.000,0,-,-,-,-,3238.2000,3237.6000,3237.4000,3233.8000,3232.2000,3240.0000,3241.0000,3242.0000,3242.6000,3246.0000,1,1,1,5,4,1,1,2,1,16
SF,IH2011,2020-09-29 09:34:14.900,3240.0000,1554,0,59369280.000,0,-,-,-,-,3238.2000,3237.6000,3237.4000,3233.8000,3232.2000,3239.6000,3240.0000,3241.0000,3242.0000,3242.6000,1,1,1,5,4,1,1,1,2,1
SF,IH2011,2020-09-29 09:34:15.400,3240.0000,1554,0,59369280.000,0,-,-,-,-,3238.2000,3237.4000,3233.8000,3232.2000,3231.0000,3239.6000,3240.0000,3241.0000,3242.0000,3242.6000,1,1,5,4,1,1,1,1,2,1
SF,IH2011,2020-09-29 09:34:15.900,3240.0000,1554,0,59369280.000,0,-,-,-,-,3238.2000,3233.8000,3232.2000,3231.0000,3225.2000,3239.6000,3240.0000,3241.0000,3242.0000,3242.6000,1,5,4,1,1,1,1,1,2,1
SF,IH2011,2020-09-29 09:34:16.400,3240.0000,1554,0,59369280.000,0,-,-,-,-,3238.2000,3235.2000,3233.8000,3232.2000,3231.0000,3239.6000,3240.0000,3241.0000,3242.0000,3242.6000,1,1,5,4,1,1,1,1,2,1
SF,IH2011,2020-09-29 09:34:16.900,3239.6000,1553,-1,60341160.000,1,0,1,双平,S,3238.2000,3235.2000,3233.8000,3232.2000,3231.0000,3240.0000,3241.0000,3242.0000,3242.6000,3246.0000,1,1,5,4,1,1,1,2,1,16
SF,IH2011,2020-09-29 09:34:17.400,3239.6000,1553,0,60341160.000,0,-,-,-,-,3235.2000,3233.8000,3232.2000,3231.0000,3225.2000,3240.0000,3241.0000,3242.0000,3242.6000,3246.0000,1,5,4,1,1,1,1,2,1,16
SF,IH2011,2020-09-29 09:34:17.900,3239.6000,1553,0,60341160.000,0,-,-,-,-,3237.8000,3236.8000,3236.2000,3235.4000,3235.2000,3240.0000,3241.0000,3242.0000,3242.6000,3246.0000,1,1,1,3,1,1,1,2,1,16
SF,IH2011,2020-09-29 09:34:18.400,3240.0000,1552,-1,61313160.000,1,0,1,双平,S,3238.0000,3237.8000,3236.8000,3236.2000,3235.4000,3241.0000,3242.0000,3242.6000,3246.0000,3246.4000,1,1,1,1,1,1,2,1,16,8
SF,IH2011,2020-09-29 09:34:18.900,3240.0000,1552,0,61313160.000,0,-,-,-,-,3238.2000,3238.0000,3237.8000,3236.8000,3236.2000,3241.0000,3242.0000,3242.6000,3246.0000,3246.4000,1,1,1,1,2,1,2,1,16,8
SF,IH2011,2020-09-29 09:34:19.400,3240.0000,1552,0,61313160.000,0,-,-,-,-,3238.6000,3238.2000,3238.0000,3237.8000,3236.8000,3241.0000,3242.0000,3242.6000,3246.0000,3246.4000,1,1,1,1,1,1,2,1,16,8
SF,IH2011,2020-09-29 09:34:20.400,3240.0000,1552,0,61313160.000,0,-,-,-,-,3238.2000,3238.0000,3236.8000,3236.2000,3235.6000,3241.0000,3242.0000,3242.6000,3246.0000,3246.4000,1,1,1,2,1,1,2,1,16,8
SF,IH2011,2020-09-29 09:34:20.900,3240.0000,1552,0,61313160.000,0,-,-,-,-,3238.4000,3238.2000,3238.0000,3236.8000,3236.2000,3241.0000,3242.0000,3242.6000,3246.0000,3246.4000,1,1,1,1,2,1,2,1,16,8
SF,IH2011,2020-09-29 09:34:21.400,3240.0000,1552,0,61313160.000,0,-,-,-,-,3238.6000,3238.4000,3238.0000,3236.8000,3236.2000,3241.0000,3242.0000,3242.6000,3246.0000,3246.4000,1,1,1,1,2,1,2,1,16,8
SF,IH2011,2020-09-29 09:34:21.900,3240.0000,1552,0,61313160.000,0,-,-,-,-,3238.6000,3238.4000,3238.0000,3236.8000,3236.2000,3240.6000,3240.8000,3241.0000,3242.0000,3242.6000,1,1,1,1,2,1,2,1,2,1
SF,IH2011,2020-09-29 09:34:22.400,3240.0000,1552,0,61313160.000,0,-,-,-,-,3238.4000,3238.0000,3236.8000,3236.2000,3235.6000,3240.4000,3241.0000,3242.0000,3242.6000,3246.0000,1,1,1,2,1,1,1,2,1,16
SF,IH2011,2020-09-29 09:34:22.900,3240.0000,1552,0,61313160.000,0,-,-,-,-,3238.4000,3236.8000,3236.2000,3235.6000,3235.2000,3241.0000,3242.0000,3242.6000,3246.0000,3246.4000,1,1,2,1,1,1,2,1,16,8
SF,IH2011,2020-09-29 09:34:23.400,3240.0000,1552,0,61313160.000,0,-,-,-,-,3238.6000,3238.4000,3236.8000,3236.2000,3235.6000,3240.2000,3241.0000,3242.0000,3242.6000,3246.0000,2,1,1,2,1,1,1,2,1,16
SF,IH2011,2020-09-29 09:34:23.900,3240.0000,1552,0,61313160.000,0,-,-,-,-,3238.6000,3238.4000,3236.8000,3236.2000,3235.6000,3240.0000,3240.2000,3241.0000,3242.0000,3242.6000,1,1,1,2,1,1,1,1,2,1
SF,IH2011,2020-09-29 09:34:24.400,3240.0000,1552,0,61313160.000,0,-,-,-,-,3238.6000,3238.4000,3236.8000,3236.2000,3235.6000,3241.0000,3242.0000,3242.6000,3246.0000,3246.4000,1,1,1,2,1,1,2,1,16,8
SF,IH2011,2020-09-29 09:34:24.900,3240.0000,1552,0,61313160.000,0,-,-,-,-,3238.4000,3236.8000,3236.2000,3235.6000,3235.2000,3240.6000,3241.0000,3242.0000,3242.6000,3246.0000,1,1,2,1,1,1,1,2,1,16
SF,IH2011,2020-09-29 09:34:26.900,3240.0000,1552,0,61313160.000,0,-,-,-,-,3238.4000,3236.8000,3236.2000,3235.6000,3235.2000,3240.4000,3240.6000,3241.0000,3242.0000,3242.6000,1,1,2,1,1,1,1,1,2,1
SF,IH2011,2020-09-29 09:34:27.400,3240.0000,1552,0,61313160.000,0,-,-,-,-,3238.4000,3236.8000,3236.2000,3235.6000,3235.2000,3240.2000,3241.0000,3242.0000,3242.6000,3246.0000,1,1,2,1,1,2,1,2,1,16
SF,IH2011,2020-09-29 09:34:27.900,3240.0000,1552,0,61313160.000,0,-,-,-,-,3238.6000,3238.4000,3236.8000,3236.2000,3235.6000,3240.2000,3241.0000,3242.0000,3242.6000,3246.0000,1,1,1,2,1,2,1,2,1,16
SF,IH2011,2020-09-29 09:34:28.400,3240.0000,1552,0,61313160.000,0,-,-,-,-,3238.6000,3238.4000,3236.8000,3236.2000,3235.6000,3240.0000,3240.2000,3241.0000,3242.0000,3242.6000,1,1,1,2,1,1,1,1,2,1
SF,IH2011,2020-09-29 09:34:28.900,3240.0000,1552,0,61313160.000,0,-,-,-,-,3238.6000,3238.4000,3236.8000,3236.2000,3235.6000,3239.8000,3240.0000,3241.0000,3242.0000,3242.6000,1,1,1,2,1,1,1,1,2,1
SF,IH2011,2020-09-29 09:34:29.400,3240.0000,1552,0,61313160.000,0,-,-,-,-,3238.2000,3236.8000,3236.2000,3235.6000,3235.2000,3239.8000,3241.0000,3242.0000,3242.6000,3246.0000,1,1,2,1,1,1,1,2,1,16
SF,IH2011,2020-09-29 09:34:29.900,3240.0000,1552,0,61313160.000,0,-,-,-,-,3238.4000,3238.2000,3236.8000,3236.2000,3235.6000,3239.6000,3239.8000,3241.0000,3242.6000,3246.0000,1,1,1,2,1,1,1,1,1,16
SF,IH2011,2020-09-29 09:34:30.400,3240.0000,1552,0,61313160.000,0,-,-,-,-,3238.2000,3236.2000,3235.6000,3235.2000,3233.8000,3239.4000,3241.0000,3242.6000,3246.0000,3246.4000,1,2,1,1,5,1,1,1,16,8
SF,IH2011,2020-09-29 09:34:32.400,3240.0000,1552,0,61313160.000,0,-,-,-,-,3236.2000,3235.6000,3235.2000,3233.8000,3233.6000,3239.4000,3241.0000,3242.6000,3246.0000,3246.4000,2,1,1,5,1,1,1,1,16,8
SF,IH2011,2020-09-29 09:34:32.900,3240.0000,1552,0,61313160.000,0,-,-,-,-,3236.6000,3236.4000,3236.2000,3235.6000,3235.2000,3239.2000,3239.4000,3241.0000,3242.6000,3246.0000,1,2,2,1,1,1,1,1,1,16
SF,IH2011,2020-09-29 09:34:33.400,3240.0000,1552,0,61313160.000,0,-,-,-,-,3236.8000,3236.6000,3236.4000,3236.2000,3235.6000,3239.0000,3239.2000,3241.0000,3242.6000,3246.0000,3,1,1,2,1,1,1,1,1,16
SF,IH2011,2020-09-29 09:34:33.900,3239.0000,1551,-1,62284860.000,1,0,1,双平,S,3236.8000,3236.6000,3236.4000,3236.2000,3235.6000,3239.2000,3241.0000,3242.6000,3246.0000,3246.4000,3,1,1,2,1,1,1,1,16,8
SF,IH2011,2020-09-29 09:34:34.400,3239.0000,1551,0,62284860.000,0,-,-,-,-,3237.2000,3237.0000,3236.8000,3236.4000,3236.2000,3239.2000,3241.0000,3242.6000,3246.0000,3246.4000,1,1,3,1,2,1,1,1,16,8
SF,IH2011,2020-09-29 09:34:34.900,3239.0000,1551,0,62284860.000,0,-,-,-,-,3237.4000,3237.0000,3236.8000,3236.4000,3236.2000,3241.0000,3242.6000,3246.0000,3246.4000,3246.8000,2,1,2,1,2,1,1,16,8,8
SF,IH2011,2020-09-29 09:34:35.400,3239.0000,1551,0,62284860.000,0,-,-,-,-,3237.4000,3237.0000,3236.8000,3236.4000,3236.2000,3240.8000,3241.0000,3242.6000,3246.0000,3246.4000,1,1,2,1,2,3,1,1,16,8
SF,IH2011,2020-09-29 09:34:36.400,3239.0000,1551,0,62284860.000,0,-,-,-,-,3237.4000,3237.0000,3236.8000,3236.4000,3236.2000,3240.8000,3241.0000,3242.6000,3246.0000,3246.4000,1,1,2,1,2,2,1,1,16,8
SF,IH2011,2020-09-29 09:34:36.900,3239.0000,1551,0,62284860.000,0,-,-,-,-,3238.0000,3237.6000,3237.4000,3237.0000,3236.8000,3241.0000,3242.6000,3246.0000,3246.4000,3246.8000,1,1,1,1,2,1,1,16,8,8
SF,IH2011,2020-09-29 09:34:37.400,3239.0000,1551,0,62284860.000,0,-,-,-,-,3238.2000,3238.0000,3236.8000,3236.4000,3236.2000,3239.0000,3241.0000,3242.6000,3246.0000,3246.4000,2,1,2,1,2,2,1,1,16,8
SF,IH2011,2020-09-29 09:34:37.900,3239.0000,1551,0,64228260.000,2,1,1,多换,S,3238.2000,3236.8000,3236.4000,3236.2000,3235.6000,3241.0000,3242.6000,3246.0000,3246.4000,3246.8000,1,2,1,2,1,1,1,16,8,8
SF,IH2011,2020-09-29 09:34:38.400,3239.0000,1551,0,64228260.000,0,-,-,-,-,3238.6000,3238.4000,3238.2000,3236.8000,3236.4000,3240.8000,3241.0000,3242.6000,3246.0000,3246.4000,1,2,1,2,1,1,1,1,16,8
SF,IH2011,2020-09-29 09:34:38.900,3239.0000,1551,0,64228260.000,0,-,-,-,-,3238.8000,3238.6000,3238.4000,3238.2000,3236.8000,3240.8000,3241.0000,3242.6000,3246.0000,3246.4000,2,1,1,1,2,1,1,1,16,8
SF,IH2011,2020-09-29 09:34:39.400,3239.0000,1551,0,64228260.000,0,-,-,-,-,3238.8000,3238.4000,3238.2000,3236.8000,3236.2000,3240.6000,3240.8000,3241.0000,3242.6000,3246.0000,1,1,1,1,2,1,1,1,1,16
SF,IH2011,2020-09-29 09:34:39.900,3239.0000,1551,0,64228260.000,0,-,-,-,-,3238.8000,3238.4000,3238.2000,3236.8000,3236.2000,3240.4000,3240.6000,3241.0000,3242.6000,3246.0000,1,1,1,1,2,1,1,1,1,16
SF,IH2011,2020-09-29 09:34:40.400,3239.0000,1551,0,64228260.000,0,-,-,-,-,3238.8000,3238.2000,3236.8000,3236.2000,3235.6000,3240.2000,3240.4000,3241.0000,3242.6000,3246.0000,1,1,1,2,1,1,1,1,1,16
SF,IH2011,2020-09-29 09:34:40.900,3239.0000,1551,0,64228260.000,0,-,-,-,-,3238.8000,3238.2000,3236.8000,3236.2000,3235.6000,3240.0000,3240.2000,3241.0000,3242.6000,3246.0000,1,1,1,2,1,1,1,1,1,16
SF,IH2011,2020-09-29 09:34:41.400,3239.0000,1551,0,64228260.000,0,-,-,-,-,3238.2000,3236.8000,3236.2000,3235.6000,3235.2000,3240.0000,3241.0000,3242.6000,3246.0000,3246.4000,1,1,2,1,1,1,1,1,16,8
SF,IH2011,2020-09-29 09:34:41.900,3239.0000,1551,0,64228260.000,0,-,-,-,-,3238.4000,3238.2000,3236.8000,3236.2000,3235.6000,3241.0000,3242.6000,3246.0000,3246.4000,3246.8000,2,1,1,2,1,1,1,16,8,8
SF,IH2011,2020-09-29 09:34:42.400,3239.0000,1551,0,64228260.000,0,-,-,-,-,3238.6000,3238.4000,3238.2000,3236.8000,3236.2000,3240.8000,3241.0000,3242.6000,3246.0000,3246.4000,1,2,1,1,2,2,1,1,16,8
SF,IH2011,2020-09-29 09:34:42.900,3239.0000,1551,0,64228260.000,0,-,-,-,-,3238.8000,3238.6000,3238.2000,3236.8000,3236.2000,3240.8000,3241.0000,3242.6000,3246.0000,3246.4000,1,1,1,1,2,2,1,1,16,8
SF,IH2011,2020-09-29 09:34:43.400,3239.0000,1551,0,64228260.000,0,-,-,-,-,3238.8000,3238.6000,3237.8000,3236.8000,3236.2000,3240.6000,3240.8000,3241.0000,3242.6000,3246.0000,1,1,1,1,2,1,1,1,1,16
SF,IH2011,2020-09-29 09:34:43.900,3239.0000,1551,0,64228260.000,0,-,-,-,-,3238.8000,3237.8000,3236.8000,3236.2000,3235.6000,3240.6000,3240.8000,3241.0000,3242.6000,3246.0000,1,1,1,2,1,1,1,1,1,16
SF,IH2011,2020-09-29 09:34:44.400,3239.0000,1551,0,64228260.000,0,-,-,-,-,3238.8000,3237.8000,3236.8000,3236.2000,3235.6000,3240.8000,3241.0000,3242.6000,3246.0000,3246.4000,1,1,1,2,1,1,1,1,16,8
SF,IH2011,2020-09-29 09:34:44.900,3239.0000,1551,0,64228260.000,0,-,-,-,-,3239.0000,3238.8000,3237.8000,3236.8000,3236.2000,3241.0000,3242.6000,3246.0000,3246.4000,3246.8000,3,1,1,1,1,1,1,16,8,8
SF,IH2011,2020-09-29 09:34:45.400,3239.0000,1551,0,64228260.000,0,-,-,-,-,3239.2000,3239.0000,3237.8000,3236.8000,3236.2000,3242.6000,3246.0000,3246.4000,3246.8000,3248.0000,2,2,1,1,1,1,16,8,8,1
SF,IH2011,2020-09-29 09:34:45.900,3239.0000,1551,0,64228260.000,0,-,-,-,-,3239.4000,3239.2000,3239.0000,3237.8000,3236.8000,3241.8000,3242.4000,3242.6000,3246.0000,3246.4000,1,2,2,1,1,1,2,1,16,8
SF,IH2011,2020-09-29 09:34:46.400,3239.0000,1551,0,64228260.000,0,-,-,-,-,3239.6000,3239.4000,3239.2000,3239.0000,3236.8000,3241.4000,3241.6000,3241.8000,3242.4000,3242.6000,1,1,1,2,1,1,1,1,1,1
SF,IH2011,2020-09-29 09:34:46.900,3239.0000,1551,0,64228260.000,0,-,-,-,-,3239.6000,3239.2000,3239.0000,3236.8000,3236.2000,3241.4000,3241.8000,3242.4000,3242.6000,3246.0000,1,1,2,1,1,1,1,1,1,16
SF,IH2011,2020-09-29 09:34:47.400,3239.0000,1551,0,64228260.000,0,-,-,-,-,3239.6000,3239.2000,3239.0000,3236.8000,3236.2000,3241.8000,3242.6000,3246.0000,3246.4000,3246.8000,1,1,2,1,1,1,1,16,8,8
SF,IH2011,2020-09-29 09:34:47.900,3239.0000,1551,0,64228260.000,0,-,-,-,-,3239.6000,3239.2000,3239.0000,3236.8000,3236.2000,3241.6000,3241.8000,3242.6000,3246.0000,3246.4000,1,1,2,1,1,1,1,1,16,8
SF,IH2011,2020-09-29 09:34:48.400,3239.0000,1551,0,64228260.000,0,-,-,-,-,3239.8000,3239.6000,3239.2000,3239.0000,3236.2000,3241.8000,3242.6000,3242.8000,3246.0000,3246.4000,1,2,1,2,1,1,1,1,16,8
SF,IH2011,2020-09-29 09:34:48.900,3239.0000,1551,0,64228260.000,0,-,-,-,-,3240.0000,3239.2000,3239.0000,3236.2000,3235.6000,3242.6000,3242.8000,3246.0000,3246.4000,3246.8000,2,1,2,1,1,1,1,16,8,8
SF,IH2011,2020-09-29 09:34:49.400,3239.0000,1551,0,64228260.000,0,-,-,-,-,3240.2000,3240.0000,3239.0000,3236.2000,3235.6000,3242.4000,3242.6000,3242.8000,3246.0000,3246.4000,1,2,2,1,1,2,1,1,16,8
SF,IH2011,2020-09-29 09:34:49.900,3239.0000,1551,0,64228260.000,0,-,-,-,-,3240.4000,3240.2000,3240.0000,3239.2000,3239.0000,3242.4000,3242.6000,3242.8000,3246.0000,3246.4000,1,2,1,1,2,2,1,1,16,8
SF,IH2011,2020-09-29 09:34:50.400,3239.0000,1551,0,64228260.000,0,-,-,-,-,3240.4000,3240.2000,3239.2000,3239.0000,3236.2000,3242.2000,3242.4000,3242.6000,3242.8000,3246.0000,1,2,1,2,1,1,2,1,1,16
SF,IH2011,2020-09-29 09:34:50.900,3239.0000,1551,0,64228260.000,0,-,-,-,-,3240.4000,3240.2000,3239.2000,3239.0000,3236.2000,3242.2000,3242.4000,3242.6000,3242.8000,3246.0000,1,1,1,2,1,1,2,1,1,16
SF,IH2011,2020-09-29 09:34:51.400,3239.0000,1551,0,64228260.000,0,-,-,-,-,3240.4000,3240.2000,3239.2000,3239.0000,3236.2000,3242.0000,3242.2000,3242.4000,3242.6000,3242.8000,1,1,1,2,1,1,1,1,1,1
SF,IH2011,2020-09-29 09:34:51.900,3239.0000,1551,0,64228260.000,0,-,-,-,-,3240.4000,3240.2000,3240.0000,3239.2000,3239.0000,3242.0000,3242.4000,3242.6000,3242.8000,3246.0000,1,1,1,1,2,1,1,1,1,16
SF,IH2011,2020-09-29 09:34:52.400,3239.0000,1551,0,64228260.000,0,-,-,-,-,3240.4000,3240.0000,3239.2000,3239.0000,3236.2000,3241.8000,3242.0000,3242.4000,3242.6000,3242.8000,1,1,1,2,1,1,1,1,1,1
SF,IH2011,2020-09-29 09:34:52.900,3240.4000,1550,-1,65200380.000,1,0,1,双平,S,3239.6000,3239.2000,3239.0000,3236.2000,3235.6000,3240.4000,3241.6000,3241.8000,3242.4000,3242.6000,1,1,2,1,1,1,1,1,1,1
SF,IH2011,2020-09-29 09:34:53.400,3239.6000,1550,0,66172260.000,1,0,1,多换,S,3239.4000,3239.2000,3239.0000,3236.2000,3235.6000,3240.4000,3241.6000,3242.2000,3242.6000,3242.8000,1,1,2,1,1,1,1,1,1,1
SF,IH2011,2020-09-29 09:34:53.900,3239.6000,1550,0,66172260.000,0,-,-,-,-,3239.2000,3236.2000,3235.6000,3235.2000,3233.8000,3240.4000,3241.6000,3242.2000,3242.6000,3242.8000,1,1,1,1,5,1,1,1,1,1
SF,IH2011,2020-09-29 09:34:54.400,3239.6000,1550,0,66172260.000,0,-,-,-,-,3239.4000,3236.2000,3235.6000,3235.2000,3233.8000,3241.6000,3242.2000,3242.6000,3242.8000,3246.0000,1,1,1,1,5,1,1,1,1,16
SF,IH2011,2020-09-29 09:34:54.900,3239.6000,1550,0,66172260.000,0,-,-,-,-,3239.4000,3236.2000,3235.6000,3235.2000,3233.8000,3241.2000,3241.6000,3242.2000,3242.6000,3242.8000,1,1,1,1,5,1,1,1,1,1
SF,IH2011,2020-09-29 09:34:55.400,3239.6000,1550,0,66172260.000,0,-,-,-,-,3239.4000,3236.2000,3235.6000,3235.2000,3233.8000,3241.0000,3241.2000,3242.2000,3242.6000,3242.8000,1,1,1,1,5,1,1,1,1,1
SF,IH2011,2020-09-29 09:34:55.900,3239.6000,1550,0,66172260.000,0,-,-,-,-,3239.6000,3236.2000,3235.6000,3235.2000,3233.8000,3241.0000,3241.2000,3242.2000,3242.6000,3242.8000,1,1,1,1,5,1,1,1,1,1
SF,IH2011,2020-09-29 09:34:56.400,3239.6000,1550,0,66172260.000,0,-,-,-,-,3236.2000,3235.6000,3235.2000,3233.8000,3233.6000,3241.0000,3241.2000,3242.2000,3242.6000,3242.8000,1,1,1,5,1,1,1,1,1,1
SF,IH2011,2020-09-29 09:34:56.900,3239.6000,1550,0,66172260.000,0,-,-,-,-,3238.4000,3236.8000,3236.4000,3236.2000,3235.6000,3241.0000,3241.2000,3242.2000,3242.6000,3242.8000,1,1,3,1,1,1,1,1,1,1
SF,IH2011,2020-09-29 09:34:57.400,3239.6000,1550,0,66172260.000,0,-,-,-,-,3238.6000,3237.6000,3236.8000,3236.2000,3235.6000,3241.0000,3241.2000,3242.2000,3242.6000,3242.8000,3,1,1,1,1,1,1,1,1,1
SF,IH2011,2020-09-29 09:34:57.900,3239.6000,1550,0,66172260.000,0,-,-,-,-,3239.0000,3238.6000,3237.6000,3237.0000,3236.8000,3241.0000,3241.2000,3242.2000,3242.6000,3242.8000,1,3,1,1,1,1,1,1,1,1
SF,IH2011,2020-09-29 09:34:58.400,3239.6000,1550,0,66172260.000,0,-,-,-,-,3239.2000,3238.6000,3237.6000,3237.0000,3236.8000,3241.0000,3241.2000,3242.2000,3242.6000,3242.8000,1,2,1,1,1,1,1,1,1,1
SF,IH2011,2020-09-29 09:34:59.400,3239.6000,1550,0,66172260.000,0,-,-,-,-,3239.4000,3239.2000,3238.6000,3237.6000,3237.0000,3241.0000,3241.2000,3242.2000,3242.6000,3242.8000,1,1,2,1,1,1,1,1,1,1
SF,IH2011,2020-09-29 09:34:59.900,3239.6000,1550,0,66172260.000,0,-,-,-,-,3239.6000,3239.4000,3238.6000,3237.6000,3237.0000,3240.8000,3241.0000,3241.2000,3242.2000,3242.6000,1,1,2,1,1,1,1,1,1,1
SF,IH2011,2020-09-29 09:35:00.400,3239.6000,1550,0,66172260.000,0,-,-,-,-,3239.4000,3238.6000,3237.6000,3237.0000,3236.8000,3240.6000,3241.2000,3242.2000,3242.6000,3242.8000,1,2,1,1,1,1,1,1,1,1
SF,IH2011,2020-09-29 09:35:00.900,3239.6000,1550,0,66172260.000,0,-,-,-,-,3239.4000,3239.2000,3238.6000,3237.6000,3237.0000,3240.6000,3241.2000,3242.2000,3242.6000,3242.8000,1,1,1,1,1,1,1,1,1,1
SF,IH2011,2020-09-29 09:35:02.400,3240.6000,1549,-1,67144440.000,1,0,1,双平,S,3239.4000,3239.2000,3238.6000,3237.6000,3237.0000,3241.2000,3242.2000,3242.6000,3242.8000,3246.0000,1,1,1,1,1,1,1,1,1,16
SF,IH2011,2020-09-29 09:35:02.900,3240.6000,1549,0,67144440.000,0,-,-,-,-,3239.6000,3239.4000,3239.2000,3238.6000,3237.6000,3241.2000,3242.2000,3242.6000,3242.8000,3246.0000,1,1,1,1,1,1,1,1,1,16
SF,IH2011,2020-09-29 09:35:03.400,3240.6000,1549,0,67144440.000,0,-,-,-,-,3239.8000,3239.6000,3239.4000,3239.2000,3238.6000,3241.2000,3242.2000,3242.6000,3242.8000,3246.0000,1,1,1,1,1,1,1,1,1,16
SF,IH2011,2020-09-29 09:35:03.900,3240.6000,1549,0,67144440.000,0,-,-,-,-,3240.0000,3239.8000,3239.4000,3239.2000,3238.6000,3241.2000,3242.2000,3242.6000,3242.8000,3246.0000,1,1,1,1,1,1,1,1,1,16
SF,IH2011,2020-09-29 09:35:04.400,3240.6000,1549,0,67144440.000,0,-,-,-,-,3240.0000,3239.4000,3239.2000,3238.6000,3237.6000,3241.2000,3242.2000,3242.6000,3242.8000,3246.0000,1,1,1,1,1,1,1,1,1,16
SF,IH2011,2020-09-29 09:35:05.400,3240.6000,1549,0,67144440.000,0,-,-,-,-,3240.0000,3239.2000,3238.6000,3237.6000,3237.0000,3241.2000,3242.2000,3242.6000,3242.8000,3246.0000,1,1,1,1,1,1,1,1,1,16
SF,IH2011,2020-09-29 09:35:05.900,3240.6000,1549,0,67144440.000,0,-,-,-,-,3240.2000,3240.0000,3239.2000,3238.6000,3237.6000,3241.2000,3242.2000,3242.6000,3242.8000,3246.0000,1,1,1,1,1,1,1,1,1,16
SF,IH2011,2020-09-29 09:35:06.400,3240.6000,1549,0,67144440.000,0,-,-,-,-,3240.4000,3240.2000,3239.2000,3238.6000,3237.6000,3241.2000,3242.2000,3242.6000,3242.8000,3246.0000,1,1,1,1,1,1,1,1,1,16
SF,IH2011,2020-09-29 09:35:08.400,3240.6000,1549,0,67144440.000,0,-,-,-,-,3240.4000,3239.8000,3239.2000,3238.6000,3237.6000,3241.2000,3242.2000,3242.6000,3242.8000,3246.0000,1,1,1,1,1,1,1,1,1,16
SF,IH2011,2020-09-29 09:35:09.400,3240.6000,1549,0,67144440.000,0,-,-,-,-,3240.4000,3239.8000,3238.6000,3237.6000,3237.0000,3241.2000,3242.2000,3242.6000,3242.8000,3246.0000,1,1,1,1,1,1,1,1,1,16
SF,IH2011,2020-09-29 09:35:11.400,3240.6000,1549,0,67144440.000,0,-,-,-,-,3240.4000,3240.0000,3238.6000,3237.6000,3237.0000,3241.2000,3242.2000,3242.6000,3242.8000,3246.0000,1,1,1,1,1,1,1,1,1,16
SF,IH2011,2020-09-29 09:35:11.900,3240.6000,1549,0,67144440.000,0,-,-,-,-,3240.4000,3240.0000,3238.6000,3237.6000,3237.0000,3241.2000,3242.2000,3242.6000,3242.8000,3246.0000,1,2,1,1,1,1,1,1,1,16
SF,IH2011,2020-09-29 09:35:12.400,3240.6000,1549,0,67144440.000,0,-,-,-,-,3240.0000,3238.6000,3237.6000,3237.0000,3236.8000,3241.2000,3242.2000,3242.6000,3242.8000,3246.0000,2,1,1,1,1,1,1,1,1,16
SF,IH2011,2020-09-29 09:35:17.400,3240.6000,1549,0,67144440.000,0,-,-,-,-,3240.0000,3239.8000,3238.6000,3237.6000,3237.0000,3241.2000,3242.2000,3242.6000,3242.8000,3246.0000,1,1,1,1,1,1,1,1,1,16
SF,IH2011,2020-09-29 09:35:17.900,3240.6000,1549,0,67144440.000,0,-,-,-,-,3240.2000,3240.0000,3239.8000,3238.6000,3237.6000,3241.2000,3242.2000,3242.6000,3242.8000,3246.0000,1,1,1,1,1,1,1,1,1,16
SF,IH2011,2020-09-29 09:35:20.400,3240.6000,1549,0,67144440.000,0,-,-,-,-,3240.2000,3240.0000,3238.6000,3237.6000,3237.0000,3241.2000,3242.2000,3242.6000,3242.8000,3246.0000,2,1,1,1,1,1,1,1,1,16
SF,IH2011,2020-09-29 09:35:22.400,3240.2000,1548,-1,69088560.000,2,0,2,多平,S,3240.0000,3238.6000,3237.6000,3237.0000,3236.8000,3241.2000,3242.2000,3242.6000,3242.8000,3246.0000,1,1,1,1,1,1,1,1,1,16
SF,IH2011,2020-09-29 09:35:22.900,3240.2000,1548,0,69088560.000,0,-,-,-,-,3240.0000,3238.6000,3237.6000,3237.0000,3236.8000,3241.0000,3241.2000,3242.2000,3242.6000,3242.8000,1,1,1,1,1,1,1,1,1,1
SF,IH2011,2020-09-29 09:35:23.400,3240.0000,1548,0,70060560.000,1,0,1,多换,S,3238.6000,3237.6000,3237.0000,3236.8000,3236.2000,3241.0000,3241.2000,3242.2000,3242.6000,3242.8000,1,1,1,1,1,1,1,1,1,1
SF,IH2011,2020-09-29 09:35:23.900,3240.0000,1548,0,70060560.000,0,-,-,-,-,3239.0000,3238.8000,3238.6000,3237.6000,3237.0000,3241.0000,3241.2000,3242.2000,3242.6000,3242.8000,1,1,1,1,1,1,1,1,1,1
SF,IH2011,2020-09-29 09:35:24.400,3240.0000,1548,0,70060560.000,0,-,-,-,-,3239.2000,3238.6000,3237.6000,3237.0000,3236.8000,3241.0000,3241.2000,3242.2000,3242.6000,3242.8000,2,1,1,1,1,1,1,1,1,1
SF,IH2011,2020-09-29 09:35:27.900,3240.0000,1548,0,70060560.000,0,-,-,-,-,3239.2000,3238.6000,3237.6000,3237.0000,3236.8000,3241.0000,3241.2000,3242.2000,3242.6000,3242.8000,2,1,1,1,1,1,1,1,1,1
SF,IH2011,2020-09-29 09:35:28.400,3240.0000,1548,0,70060560.000,0,-,-,-,-,3239.4000,3239.2000,3238.6000,3237.6000,3237.0000,3241.2000,3242.2000,3242.6000,3242.8000,3246.0000,1,2,1,1,1,1,1,1,1,16
SF,IH2011,2020-09-29 09:35:28.900,3240.0000,1548,0,70060560.000,0,-,-,-,-,3239.6000,3239.4000,3239.2000,3238.6000,3237.6000,3241.2000,3242.2000,3242.6000,3242.8000,3246.0000,1,1,1,1,1,1,1,1,1,16
SF,IH2011,2020-09-29 09:35:29.400,3240.0000,1548,0,70060560.000,0,-,-,-,-,3239.8000,3239.6000,3239.4000,3239.2000,3238.6000,3241.2000,3242.2000,3242.6000,3242.8000,3246.0000,1,1,1,1,1,1,1,1,1,16
SF,IH2011,2020-09-29 09:35:29.900,3240.0000,1548,0,70060560.000,0,-,-,-,-,3240.0000,3239.8000,3239.4000,3239.2000,3238.6000,3241.2000,3242.2000,3242.6000,3242.8000,3246.0000,1,1,1,1,1,1,1,1,1,16
SF,IH2011,2020-09-29 09:35:30.400,3240.0000,1548,0,70060560.000,0,-,-,-,-,3240.0000,3239.4000,3238.6000,3237.6000,3237.0000,3242.2000,3242.6000,3242.8000,3246.0000,3246.4000,1,1,1,1,1,1,1,1,16,8
SF,IH2011,2020-09-29 09:35:30.900,3240.0000,1548,0,70060560.000,0,-,-,-,-,3240.2000,3240.0000,3239.4000,3238.6000,3237.6000,3241.8000,3242.0000,3242.2000,3242.6000,3242.8000,1,1,1,1,1,1,1,1,1,1
SF,IH2011,2020-09-29 09:35:31.400,3240.0000,1548,0,70060560.000,0,-,-,-,-,3240.4000,3240.2000,3240.0000,3239.4000,3238.6000,3241.6000,3241.8000,3242.2000,3242.6000,3242.8000,1,1,1,1,1,1,1,1,1,1
SF,IH2011,2020-09-29 09:35:32.900,3240.0000,1548,0,70060560.000,0,-,-,-,-,3240.2000,3240.0000,3239.4000,3238.6000,3237.6000,3241.6000,3241.8000,3242.2000,3242.6000,3242.8000,1,1,1,1,1,1,1,1,1,1
SF,IH2011,2020-09-29 09:35:35.400,3240.0000,1548,0,70060560.000,0,-,-,-,-,3240.2000,3240.0000,3239.4000,3239.2000,3238.6000,3241.6000,3241.8000,3242.2000,3242.6000,3242.8000,1,1,1,1,1,1,1,1,1,1
SF,IH2011,2020-09-29 09:35:36.400,3240.0000,1548,0,70060560.000,0,-,-,-,-,3240.0000,3239.4000,3239.2000,3238.6000,3237.6000,3241.6000,3241.8000,3242.2000,3242.6000,3242.8000,1,1,1,1,1,1,1,1,1,1
SF,IH2011,2020-09-29 09:35:36.900,3240.0000,1548,0,70060560.000,0,-,-,-,-,3240.0000,3239.6000,3239.4000,3239.2000,3238.6000,3241.4000,3241.6000,3241.8000,3242.2000,3242.6000,1,1,1,1,1,1,1,1,1,1
SF,IH2011,2020-09-29 09:35:37.400,3240.0000,1547,-1,71032560.000,1,0,1,双平,S,3239.6000,3239.2000,3238.6000,3237.6000,3237.0000,3241.2000,3241.4000,3241.8000,3242.2000,3242.6000,1,1,1,1,1,1,1,1,1,1
SF,IH2011,2020-09-29 09:35:37.900,3240.0000,1547,0,71032560.000,0,-,-,-,-,3239.6000,3239.2000,3237.6000,3237.0000,3236.8000,3241.0000,3241.2000,3241.8000,3242.2000,3242.6000,1,1,1,1,1,2,1,1,1,1
SF,IH2011,2020-09-29 09:35:38.400,3240.0000,1547,0,71032560.000,0,-,-,-,-,3239.6000,3239.2000,3237.6000,3236.8000,3236.2000,3240.8000,3241.0000,3241.8000,3242.2000,3242.6000,1,1,1,1,1,1,1,1,1,1
SF,IH2011,2020-09-29 09:35:38.900,3240.0000,1547,0,71032560.000,0,-,-,-,-,3239.6000,3239.2000,3237.6000,3236.8000,3236.2000,3240.6000,3240.8000,3241.8000,3242.2000,3242.6000,1,1,1,1,1,1,1,1,1,1
SF,IH2011,2020-09-29 09:35:39.400,3240.0000,1547,0,71032560.000,0,-,-,-,-,3239.2000,3237.6000,3236.8000,3236.2000,3235.2000,3240.4000,3241.8000,3242.2000,3242.6000,3242.8000,1,1,1,1,1,1,1,1,1,1
SF,IH2011,2020-09-29 09:35:39.900,3240.0000,1547,0,71032560.000,0,-,-,-,-,3240.0000,3239.2000,3238.6000,3237.6000,3236.8000,3240.4000,3241.8000,3242.2000,3242.6000,3242.8000,1,1,1,1,1,1,1,1,1,1
SF,IH2011,2020-09-29 09:35:40.400,3240.0000,1547,0,72004560.000,1,0,1,多换,S,3239.2000,3238.6000,3237.6000,3236.8000,3236.2000,3240.0000,3241.8000,3242.2000,3242.6000,3242.8000,1,1,1,1,1,1,1,1,1,1
SF,IH2011,2020-09-29 09:35:40.900,3240.0000,1547,0,72004560.000,0,-,-,-,-,3239.2000,3238.6000,3237.6000,3236.8000,3236.2000,3240.0000,3241.0000,3241.8000,3242.2000,3242.6000,1,1,1,1,1,1,1,1,1,1
SF,IH2011,2020-09-29 09:35:41.400,3240.0000,1547,0,72004560.000,0,-,-,-,-,3239.2000,3238.6000,3237.6000,3236.8000,3236.2000,3239.8000,3240.0000,3241.0000,3241.8000,3242.2000,1,1,1,1,1,1,1,1,1,1
SF,IH2011,2020-09-29 09:35:41.900,3240.0000,1547,0,72004560.000,0,-,-,-,-,3239.2000,3238.6000,3237.6000,3236.8000,3236.2000,3239.8000,3240.0000,3241.0000,3242.6000,3242.8000,1,1,1,1,1,1,1,1,1,1
SF,IH2011,2020-09-29 09:35:42.400,3240.0000,1547,0,72004560.000,0,-,-,-,-,3239.2000,3238.2000,3237.6000,3236.8000,3236.2000,3239.8000,3240.0000,3241.0000,3241.8000,3242.6000,1,1,1,1,1,1,1,1,1,1
SF,IH2011,2020-09-29 09:35:44.400,3240.0000,1547,0,72004560.000,0,-,-,-,-,3238.2000,3237.6000,3236.8000,3236.2000,3235.2000,3239.8000,3240.0000,3241.0000,3241.8000,3242.6000,1,1,1,1,1,1,1,1,1,1
SF,IH2011,2020-09-29 09:35:44.900,3240.0000,1547,0,72004560.000,0,-,-,-,-,3238.4000,3238.2000,3237.6000,3236.8000,3236.2000,3239.8000,3240.0000,3241.0000,3241.8000,3242.6000,2,1,1,1,1,1,1,1,1,1
SF,IH2011,2020-09-29 09:35:46.400,3240.0000,1547,0,72004560.000,0,-,-,-,-,3238.4000,3238.2000,3237.6000,3236.2000,3235.2000,3239.4000,3239.6000,3239.8000,3240.0000,3241.0000,1,1,1,1,1,1,1,1,1,1
SF,IH2011,2020-09-29 09:35:46.900,3240.0000,1547,0,72004560.000,0,-,-,-,-,3238.2000,3237.6000,3236.2000,3235.2000,3233.8000,3239.2000,3239.4000,3240.0000,3241.0000,3242.6000,1,1,1,1,5,1,1,1,1,1
SF,IH2011,2020-09-29 09:35:48.400,3240.0000,1547,0,72004560.000,0,-,-,-,-,3237.6000,3236.2000,3235.2000,3233.8000,3233.6000,3239.2000,3239.4000,3240.0000,3241.0000,3242.6000,1,1,1,5,1,1,1,1,1,1
SF,IH2011,2020-09-29 09:35:48.900,3240.0000,1547,0,72004560.000,0,-,-,-,-,3237.8000,3237.6000,3237.2000,3236.2000,3235.2000,3239.0000,3239.2000,3239.4000,3240.0000,3241.0000,1,1,1,1,1,1,1,1,1,1
SF,IH2011,2020-09-29 09:35:49.400,3240.0000,1547,0,72004560.000,0,-,-,-,-,3237.6000,3237.2000,3236.2000,3235.2000,3233.6000,3238.8000,3239.0000,3239.4000,3240.0000,3241.0000,1,1,1,1,1,1,1,1,1,1
SF,IH2011,2020-09-29 09:35:49.900,3240.0000,1547,0,72004560.000,0,-,-,-,-,3237.6000,3237.2000,3236.2000,3235.2000,3233.6000,3238.8000,3239.4000,3239.8000,3240.0000,3241.0000,1,1,1,1,1,1,1,1,1,1
SF,IH2011,2020-09-29 09:35:51.400,3240.0000,1547,0,72004560.000,0,-,-,-,-,3237.6000,3236.2000,3235.2000,3233.6000,3232.2000,3238.8000,3239.4000,3239.8000,3240.0000,3241.0000,1,1,1,1,4,1,1,1,1,1
SF,IH2011,2020-09-29 09:35:54.900,3240.0000,1547,0,72004560.000,0,-,-,-,-,3236.2000,3235.2000,3233.6000,3232.2000,3231.6000,3238.8000,3239.4000,3239.8000,3240.0000,3241.0000,1,1,1,4,1,1,1,1,1,1
SF,IH2011,2020-09-29 09:35:55.400,3240.0000,1547,0,72004560.000,0,-,-,-,-,3236.4000,3236.2000,3235.2000,3233.6000,3232.2000,3238.8000,3239.4000,3239.8000,3240.0000,3241.0000,5,1,1,1,4,1,1,1,1,1
SF,IH2011,2020-09-29 09:35:55.900,3240.0000,1547,0,72004560.000,0,-,-,-,-,3236.8000,3236.4000,3236.2000,3235.2000,3233.6000,3238.8000,3239.4000,3239.8000,3240.0000,3241.0000,1,5,1,1,1,1,1,1,1,1
SF,IH2011,2020-09-29 09:35:56.400,3240.0000,1547,0,72004560.000,0,-,-,-,-,3238.0000,3237.0000,3236.4000,3236.2000,3235.2000,3238.8000,3239.4000,3240.0000,3241.0000,3242.6000,1,2,4,1,1,1,1,1,1,1
SF,IH2011,2020-09-29 09:35:56.900,3238.8000,1546,-1,72976200.000,1,0,1,双平,S,3238.0000,3237.0000,3236.4000,3236.2000,3235.2000,3239.4000,3240.0000,3241.0000,3242.6000,3242.8000,1,1,4,1,1,1,1,1,1,1
SF,IH2011,2020-09-29 09:35:57.400,3238.8000,1546,0,72976200.000,0,-,-,-,-,3238.0000,3237.0000,3236.4000,3236.2000,3235.2000,3239.2000,3239.4000,3240.0000,3241.0000,3242.6000,1,1,4,1,1,1,1,1,1,1
SF,IH2011,2020-09-29 09:35:58.900,3238.0000,1546,0,73947600.000,1,0,1,多换,S,3237.0000,3236.4000,3236.2000,3235.2000,3233.6000,3239.2000,3239.4000,3240.0000,3241.0000,3242.6000,1,4,1,1,1,1,1,1,1,1
SF,IH2011,2020-09-29 09:35:59.400,3238.0000,1546,0,73947600.000,0,-,-,-,-,3237.0000,3236.4000,3236.2000,3235.2000,3233.6000,3239.0000,3239.2000,3239.4000,3240.0000,3241.0000,1,4,1,1,1,2,1,1,1,1
SF,IH2011,2020-09-29 09:35:59.900,3238.0000,1546,0,73947600.000,0,-,-,-,-,3237.0000,3236.6000,3236.4000,3236.2000,3235.2000,3238.8000,3239.4000,3240.0000,3241.0000,3242.6000,1,1,4,1,1,1,1,1,1,1
SF,IH2011,2020-09-29 09:36:01.400,3238.0000,1546,0,73947600.000,0,-,-,-,-,3237.0000,3236.6000,3236.4000,3236.2000,3235.2000,3238.8000,3239.4000,3240.0000,3241.0000,3242.6000,1,1,3,1,1,1,1,1,1,1
SF,IH2011,2020-09-29 09:36:01.900,3238.0000,1546,0,73947600.000,0,-,-,-,-,3237.0000,3236.6000,3236.4000,3236.2000,3235.2000,3239.4000,3240.0000,3241.0000,3242.6000,3242.8000,1,1,3,2,1,1,1,1,1,1
SF,IH2011,2020-09-29 09:36:02.400,3238.0000,1546,0,73947600.000,0,-,-,-,-,3237.4000,3237.0000,3236.6000,3236.4000,3236.2000,3239.2000,3239.4000,3240.0000,3241.0000,3242.6000,1,1,1,3,2,1,1,1,1,1
SF,IH2011,2020-09-29 09:36:02.900,3238.0000,1546,0,73947600.000,0,-,-,-,-,3237.6000,3237.4000,3236.6000,3236.4000,3236.2000,3239.2000,3239.4000,3240.0000,3241.0000,3242.6000,1,1,1,3,2,1,1,1,1,1
SF,IH2011,2020-09-29 09:36:03.400,3238.0000,1546,0,73947600.000,0,-,-,-,-,3237.6000,3236.6000,3236.4000,3236.2000,3235.2000,3239.0000,3239.2000,3239.4000,3240.0000,3241.0000,1,1,3,2,1,1,1,1,1,1
SF,IH2011,2020-09-29 09:36:03.900,3238.0000,1546,0,73947600.000,0,-,-,-,-,3237.6000,3237.0000,3236.6000,3236.4000,3236.2000,3238.8000,3239.0000,3239.4000,3240.0000,3241.0000,1,1,1,3,2,1,1,1,1,1
SF,IH2011,2020-09-29 09:36:04.400,3238.0000,1546,0,73947600.000,0,-,-,-,-,3237.6000,3237.0000,3236.6000,3236.4000,3236.2000,3238.8000,3239.4000,3240.0000,3241.0000,3242.6000,1,1,1,4,1,1,1,1,1,1
SF,IH2011,2020-09-29 09:36:04.900,3238.8000,1545,-1,74919240.000,1,0,1,双平,S,3237.0000,3236.6000,3236.4000,3236.2000,3235.2000,3239.4000,3240.0000,3241.0000,3242.6000,3242.8000,1,1,4,1,1,1,1,1,1,1
SF,IH2011,2020-09-29 09:36:05.400,3238.8000,1545,0,74919240.000,0,-,-,-,-,3237.4000,3237.2000,3237.0000,3236.6000,3236.4000,3239.2000,3239.4000,3240.0000,3241.0000,3242.6000,1,1,1,1,3,2,1,1,1,1
