市场代码,合约代码,时间,最新,持仓,增仓,成交额,成交量,开仓,平仓,成交类型,方向,买一价,买二价,买三价,买四价,买五价,卖一价,卖二价,卖三价,卖四价,卖五价,买一量,买二量,买三量,买四量,买五量,卖一量,卖二量,卖三量,卖四量,卖五量
SF,IH2003,2020-01-17 09:29:00.300,3065.0000,22106,0,10114500.000,11.000,-,-,-,-,3065.0000,3064.2000,3061.4000,3061.0000,3060.4000,3066.0000,3068.0000,3068.6000,3069.0000,3069.4000,1,1,1,2,1,1,1,2,2,1
SF,IH2003,2020-01-17 09:30:00.300,3066.0000,22099,-7,18390600.000,9,1,8,多平,S,3066.0000,3065.2000,3065.0000,3064.8000,3064.4000,3066.8000,3068.0000,3068.6000,3069.0000,3069.4000,1,1,2,1,1,2,1,2,4,1
SF,IH2003,2020-01-17 09:30:00.800,3066.0000,22099,0,21150000.000,3,1,2,多换,S,3066.0000,3065.8000,3065.2000,3065.0000,3064.8000,3066.2000,3066.4000,3066.6000,3066.8000,3068.0000,4,1,1,3,1,1,7,1,5,1
SF,IH2003,2020-01-17 09:30:01.300,3066.0000,22098,-1,25749060.000,5,2,3,多平,S,3066.0000,3065.8000,3065.0000,3064.8000,3064.4000,3066.4000,3066.6000,3066.8000,3068.0000,3068.6000,2,1,3,1,1,7,1,6,2,2
SF,IH2003,2020-01-17 09:30:01.800,3066.8000,22097,-1,27588900.000,2,0,2,多平,S,3066.0000,3065.8000,3065.0000,3064.8000,3064.4000,3066.8000,3068.0000,3068.6000,3069.0000,3069.4000,1,1,2,1,1,4,2,2,4,1
SF,IH2003,2020-01-17 09:30:02.300,3066.6000,22095,-2,30348600.000,3,0,3,多平,S,3065.8000,3065.0000,3064.8000,3064.4000,3064.2000,3066.8000,3068.0000,3068.6000,3069.0000,3069.4000,1,3,1,1,1,4,2,2,4,1
SF,IH2003,2020-01-17 09:30:02.800,3066.2000,22094,-1,32188440.000,2,0,2,多平,S,3065.8000,3065.0000,3064.8000,3064.4000,3064.2000,3066.8000,3068.0000,3068.6000,3069.0000,3069.4000,1,3,1,1,1,1,2,2,4,1
SF,IH2003,2020-01-17 09:30:03.300,3066.0000,22092,-2,34948080.000,3,0,3,多平,S,3066.0000,3065.8000,3065.0000,3064.8000,3064.4000,3068.0000,3068.6000,3068.8000,3069.0000,3069.4000,3,2,3,1,1,2,2,1,4,1
SF,IH2003,2020-01-17 09:30:03.800,3066.0000,22092,0,35867880.000,1,0,1,多换,S,3066.2000,3066.0000,3065.8000,3065.0000,3064.8000,3067.8000,3068.0000,3068.6000,3068.8000,3069.0000,1,2,2,2,1,5,2,2,1,4
SF,IH2003,2020-01-17 09:30:04.300,3066.0000,22092,0,35867880.000,0,-,-,-,-,3066.8000,3066.4000,3066.0000,3065.8000,3065.0000,3067.8000,3068.0000,3068.6000,3068.8000,3069.0000,1,1,2,2,2,14,2,2,1,4
SF,IH2003,2020-01-17 09:30:04.800,3066.8000,22091,-1,36787920.000,1,0,1,双平,S,3066.4000,3066.2000,3066.0000,3065.8000,3065.0000,3066.6000,3067.8000,3068.0000,3068.6000,3068.8000,1,1,2,1,2,1,3,2,2,1
SF,IH2003,2020-01-17 09:30:05.300,3066.6000,22089,-2,38627880.000,2,0,2,双平,S,3067.0000,3066.4000,3066.2000,3066.0000,3065.8000,3067.8000,3068.0000,3068.6000,3068.8000,3069.0000,1,1,1,1,1,3,2,2,1,4
SF,IH2003,2020-01-17 09:30:05.800,3066.6000,22089,0,38627880.000,0,-,-,-,-,3066.4000,3066.2000,3066.0000,3065.8000,3065.0000,3067.8000,3068.0000,3068.6000,3068.8000,3069.0000,1,1,1,1,2,3,2,2,1,4
SF,IH2003,2020-01-17 09:30:06.300,3066.4000,22087,-2,40467720.000,2,0,2,双平,S,3066.4000,3066.2000,3066.0000,3065.8000,3065.0000,3067.4000,3067.6000,3067.8000,3068.0000,3068.6000,1,1,1,1,2,2,1,3,2,2
SF,IH2003,2020-01-17 09:30:06.800,3066.4000,22087,0,40467720.000,0,-,-,-,-,3066.8000,3066.4000,3066.2000,3066.0000,3065.8000,3067.0000,3067.6000,3067.8000,3068.0000,3068.6000,6,1,1,1,1,1,3,3,2,2
SF,IH2003,2020-01-17 09:30:07.300,3066.8000,22082,-5,45067860.000,5,0,5,双平,S,3066.8000,3066.4000,3066.2000,3066.0000,3065.8000,3067.6000,3067.8000,3068.0000,3068.6000,3068.8000,2,2,1,1,1,3,3,2,2,2
SF,IH2003,2020-01-17 09:30:07.800,3066.8000,22080,-2,46907940.000,2,0,2,双平,S,3066.4000,3066.2000,3066.0000,3065.8000,3065.0000,3067.4000,3067.6000,3067.8000,3068.0000,3068.6000,2,1,1,1,2,2,3,3,2,2
SF,IH2003,2020-01-17 09:30:08.300,3066.8000,22080,0,46907940.000,0,-,-,-,-,3066.4000,3066.2000,3066.0000,3065.8000,3065.0000,3067.2000,3067.4000,3067.6000,3067.8000,3068.0000,2,1,1,1,2,9,2,3,3,2
SF,IH2003,2020-01-17 09:30:08.800,3066.4000,22079,-1,47827860.000,1,0,1,双平,S,3066.4000,3066.2000,3066.0000,3065.8000,3065.0000,3067.0000,3067.2000,3067.6000,3067.8000,3068.0000,1,1,1,1,2,1,9,3,3,2
SF,IH2003,2020-01-17 09:30:09.300,3066.4000,22079,0,47827860.000,0,-,-,-,-,3066.4000,3066.2000,3066.0000,3065.8000,3065.0000,3066.8000,3067.0000,3067.2000,3067.4000,3067.6000,1,1,1,1,2,8,1,2,1,3
SF,IH2003,2020-01-17 09:30:09.800,3065.0000,22073,-6,55186800.000,8,1,7,多平,S,3065.0000,3064.8000,3064.2000,3063.2000,3063.0000,3066.8000,3067.0000,3067.2000,3067.4000,3067.6000,1,1,1,1,1,5,2,2,1,3
SF,IH2003,2020-01-17 09:30:10.300,3065.0000,22073,0,55186800.000,0,-,-,-,-,3065.2000,3065.0000,3064.2000,3063.2000,3063.0000,3065.8000,3066.6000,3067.0000,3067.2000,3067.4000,1,1,1,1,1,1,7,2,1,1
SF,IH2003,2020-01-17 09:30:10.800,3065.8000,22071,-2,57945540.000,3,0,3,多平,S,3065.0000,3064.2000,3063.2000,3063.0000,3061.0000,3066.6000,3067.0000,3067.2000,3067.4000,3067.6000,1,1,1,1,2,6,2,1,1,3
SF,IH2003,2020-01-17 09:30:11.300,3065.0000,22071,0,58865040.000,1,0,1,多换,S,3065.2000,3064.2000,3063.2000,3063.0000,3061.0000,3066.2000,3066.6000,3067.0000,3067.2000,3067.4000,3,1,1,1,2,5,3,2,1,1
SF,IH2003,2020-01-17 09:30:11.800,3065.2000,22070,-1,59784600.000,1,0,1,双平,S,3065.8000,3065.2000,3064.2000,3063.2000,3063.0000,3066.0000,3066.2000,3066.4000,3066.6000,3067.0000,1,2,1,1,1,1,5,1,2,2
SF,IH2003,2020-01-17 09:30:12.300,3065.6000,22070,0,60704280.000,1,0,1,多换,S,3064.2000,3063.2000,3063.0000,3061.0000,3060.2000,3065.8000,3066.0000,3066.4000,3067.0000,3067.2000,1,1,1,2,1,1,1,1,2,1
SF,IH2003,2020-01-17 09:30:12.800,3065.6000,22070,0,60704280.000,0,-,-,-,-,3064.6000,3064.4000,3064.2000,3063.2000,3063.0000,3065.6000,3065.8000,3066.4000,3067.0000,3067.2000,3,7,5,1,1,1,1,1,3,1
SF,IH2003,2020-01-17 09:30:13.300,3065.8000,22068,-2,62543700.000,2,0,2,双平,S,3065.6000,3064.4000,3064.2000,3063.2000,3063.0000,3066.4000,3067.0000,3067.2000,3067.4000,3067.6000,1,8,5,1,1,1,3,1,1,3
SF,IH2003,2020-01-17 09:30:13.800,3065.6000,22067,-1,63463380.000,1,0,1,双平,S,3064.4000,3064.2000,3063.2000,3063.0000,3061.0000,3066.2000,3066.4000,3067.0000,3067.2000,3067.4000,7,4,1,1,2,1,2,3,1,1
SF,IH2003,2020-01-17 09:30:14.300,3065.6000,22067,0,63463380.000,0,-,-,-,-,3064.6000,3064.4000,3064.2000,3063.2000,3063.0000,3066.0000,3066.2000,3066.4000,3067.0000,3067.2000,2,7,4,1,1,1,1,2,3,1
SF,IH2003,2020-01-17 09:30:14.800,3066.0000,22067,0,64383180.000,1,0,1,多换,S,3064.8000,3064.6000,3064.4000,3064.2000,3063.2000,3066.2000,3066.4000,3067.0000,3067.2000,3067.4000,3,1,7,4,1,1,1,3,1,1
SF,IH2003,2020-01-17 09:30:15.300,3066.0000,22067,0,64383180.000,0,-,-,-,-,3064.8000,3064.4000,3064.2000,3063.2000,3063.0000,3066.2000,3066.4000,3067.0000,3067.2000,3067.4000,2,6,5,1,1,1,1,3,1,1
SF,IH2003,2020-01-17 09:30:15.800,3066.0000,22067,0,64383180.000,0,-,-,-,-,3064.8000,3064.4000,3064.2000,3063.2000,3063.0000,3065.8000,3066.2000,3066.4000,3067.0000,3067.2000,1,4,2,1,1,5,1,1,3,1
SF,IH2003,2020-01-17 09:30:16.300,3066.0000,22067,0,65302980.000,1,0,1,多换,S,3065.8000,3064.8000,3064.4000,3064.2000,3063.2000,3066.2000,3066.4000,3067.0000,3067.2000,3067.4000,2,1,4,2,1,1,3,3,1,1
SF,IH2003,2020-01-17 09:30:16.800,3065.8000,22066,-1,66222720.000,1,0,1,双平,S,3065.8000,3064.4000,3064.2000,3063.2000,3063.0000,3066.0000,3066.2000,3066.4000,3067.0000,3067.2000,1,4,2,1,1,1,2,3,3,1
SF,IH2003,2020-01-17 09:30:17.300,3065.8000,22064,-2,68062260.000,2,0,2,双平,S,3064.4000,3064.2000,3063.2000,3063.0000,3062.6000,3066.2000,3066.4000,3067.0000,3067.2000,3067.4000,4,2,1,1,1,2,3,3,1,1
SF,IH2003,2020-01-17 09:30:17.800,3065.8000,22064,0,68062260.000,0,-,-,-,-,3065.8000,3064.6000,3064.4000,3064.2000,3063.2000,3066.2000,3066.4000,3067.0000,3067.2000,3067.4000,1,7,4,2,1,1,3,3,1,1
SF,IH2003,2020-01-17 09:30:18.300,3065.8000,22063,-1,68982000.000,1,0,1,双平,S,3064.6000,3064.4000,3064.2000,3063.2000,3063.0000,3065.8000,3066.2000,3066.4000,3066.6000,3067.0000,8,4,2,1,1,1,1,3,1,3
SF,IH2003,2020-01-17 09:30:18.800,3065.8000,22061,-2,70821480.000,2,0,2,双平,S,3064.8000,3064.6000,3064.4000,3064.2000,3063.2000,3066.2000,3066.4000,3066.6000,3067.0000,3067.2000,5,5,4,2,1,1,3,1,3,1
SF,IH2003,2020-01-17 09:30:19.300,3065.8000,22061,0,70821480.000,0,-,-,-,-,3065.2000,3065.0000,3064.8000,3064.6000,3064.4000,3066.2000,3066.4000,3066.6000,3067.0000,3067.2000,3,2,5,6,4,1,3,1,3,1
SF,IH2003,2020-01-17 09:30:19.800,3065.8000,22061,0,70821480.000,0,-,-,-,-,3065.2000,3065.0000,3064.8000,3064.6000,3064.4000,3066.2000,3066.4000,3066.6000,3067.0000,3067.2000,3,1,5,4,4,1,3,1,3,1
SF,IH2003,2020-01-17 09:30:20.300,3065.8000,22061,0,70821480.000,0,-,-,-,-,3065.2000,3065.0000,3064.8000,3064.6000,3064.4000,3066.2000,3066.4000,3066.6000,3067.0000,3067.2000,3,1,1,4,4,1,3,1,3,1
SF,IH2003,2020-01-17 09:30:20.800,3066.2000,22061,0,71741340.000,1,0,1,多换,S,3065.2000,3064.8000,3064.6000,3064.4000,3064.2000,3066.4000,3066.6000,3067.0000,3067.2000,3067.4000,3,1,4,4,2,3,1,3,1,1
SF,IH2003,2020-01-17 09:30:21.300,3066.2000,22061,0,71741340.000,0,-,-,-,-,3065.4000,3065.2000,3064.8000,3064.6000,3064.4000,3066.4000,3066.6000,3067.0000,3067.2000,3067.4000,3,3,1,4,4,3,1,3,1,1
SF,IH2003,2020-01-17 09:30:21.800,3065.4000,22058,-3,74500200.000,3,0,3,双平,S,3065.2000,3064.8000,3064.6000,3064.4000,3064.2000,3066.4000,3066.6000,3067.0000,3067.2000,3067.4000,3,1,2,4,2,3,1,3,1,1
SF,IH2003,2020-01-17 09:30:22.300,3066.2000,22057,-1,75420060.000,1,0,1,双平,S,3065.2000,3065.0000,3064.6000,3064.4000,3064.2000,3066.2000,3066.4000,3066.6000,3067.0000,3067.2000,3,1,1,4,2,3,3,1,3,1
SF,IH2003,2020-01-17 09:30:22.800,3065.2000,22057,0,76339620.000,1,0,1,多换,S,3065.2000,3065.0000,3064.6000,3064.2000,3063.2000,3066.0000,3066.2000,3066.4000,3066.6000,3067.0000,2,2,1,2,1,6,3,3,1,3
SF,IH2003,2020-01-17 09:30:23.300,3065.2000,22057,0,76339620.000,0,-,-,-,-,3065.2000,3065.0000,3064.6000,3064.2000,3063.2000,3066.0000,3066.2000,3066.4000,3066.6000,3067.0000,2,3,1,2,1,6,3,3,1,3
SF,IH2003,2020-01-17 09:30:23.800,3065.2000,22057,0,76339620.000,0,-,-,-,-,3065.6000,3065.2000,3065.0000,3064.6000,3064.2000,3066.0000,3066.2000,3066.4000,3066.6000,3067.0000,1,2,3,1,2,6,3,3,1,3
SF,IH2003,2020-01-17 09:30:24.300,3065.6000,22056,-1,78178980.000,2,0,2,多平,S,3065.2000,3065.0000,3064.6000,3064.2000,3063.2000,3066.0000,3066.4000,3066.6000,3067.0000,3067.2000,2,3,1,2,1,6,3,1,3,1
SF,IH2003,2020-01-17 09:30:24.800,3065.6000,22055,-1,79098660.000,1,0,1,双平,S,3065.2000,3065.0000,3064.6000,3064.2000,3063.2000,3066.0000,3066.4000,3066.6000,3067.0000,3067.2000,2,3,1,2,1,6,3,1,3,1
SF,IH2003,2020-01-17 09:30:25.300,3065.2000,22051,-4,83696700.000,5,0,5,多平,S,3065.0000,3064.6000,3064.2000,3063.2000,3063.0000,3066.0000,3066.4000,3066.6000,3067.0000,3067.2000,3,1,2,1,1,4,3,1,3,1
SF,IH2003,2020-01-17 09:30:25.800,3065.2000,22051,0,83696700.000,0,-,-,-,-,3065.0000,3064.6000,3064.2000,3063.2000,3063.0000,3066.0000,3066.4000,3066.6000,3067.0000,3067.2000,3,1,2,1,1,5,3,1,3,1
SF,IH2003,2020-01-17 09:30:26.300,3065.0000,22052,1,84616200.000,1,1,0,双开,S,3065.0000,3064.6000,3064.2000,3063.2000,3063.0000,3066.0000,3066.2000,3066.4000,3066.6000,3067.0000,2,1,2,1,1,5,1,3,1,3
SF,IH2003,2020-01-17 09:30:26.800,3065.0000,22052,0,85535700.000,1,0,1,多换,S,3065.0000,3064.6000,3064.2000,3063.2000,3063.0000,3066.0000,3066.2000,3066.4000,3066.6000,3067.0000,1,1,2,1,1,1,1,3,1,3
SF,IH2003,2020-01-17 09:30:27.300,3065.0000,22052,0,85535700.000,0,-,-,-,-,3065.0000,3064.6000,3064.2000,3063.2000,3063.0000,3066.0000,3066.2000,3066.4000,3066.6000,3067.0000,1,1,2,1,1,1,1,3,1,3
SF,IH2003,2020-01-17 09:30:28.800,3065.0000,22051,-1,86455200.000,1,0,1,双平,S,3064.6000,3064.2000,3063.2000,3063.0000,3062.6000,3066.0000,3066.2000,3066.4000,3066.6000,3067.0000,1,2,1,1,1,1,1,3,1,3
SF,IH2003,2020-01-17 09:30:29.300,3065.0000,22051,0,86455200.000,0,-,-,-,-,3064.6000,3064.2000,3063.2000,3063.0000,3062.6000,3065.8000,3066.0000,3066.2000,3066.4000,3066.6000,2,2,1,1,1,2,1,1,3,1
SF,IH2003,2020-01-17 09:30:29.800,3065.0000,22051,0,86455200.000,0,-,-,-,-,3064.6000,3064.2000,3063.2000,3063.0000,3062.6000,3065.8000,3066.0000,3066.2000,3066.4000,3066.6000,2,2,1,1,1,1,1,1,3,1
SF,IH2003,2020-01-17 09:30:30.300,3065.0000,22051,0,86455200.000,0,-,-,-,-,3064.6000,3064.2000,3063.2000,3063.0000,3062.6000,3065.8000,3066.0000,3066.2000,3066.4000,3066.6000,1,2,1,1,1,1,1,1,3,1
SF,IH2003,2020-01-17 09:30:30.800,3064.6000,22051,0,87374580.000,1,0,1,多换,S,3064.6000,3064.2000,3063.2000,3063.0000,3062.6000,3065.6000,3066.0000,3066.2000,3066.4000,3066.6000,1,2,1,1,1,1,3,1,3,1
SF,IH2003,2020-01-17 09:30:31.300,3064.6000,22051,0,87374580.000,0,-,-,-,-,3064.6000,3064.2000,3063.2000,3063.0000,3062.6000,3065.6000,3066.0000,3066.2000,3066.4000,3066.6000,1,2,1,1,1,1,3,1,3,1
SF,IH2003,2020-01-17 09:30:31.800,3064.6000,22051,0,87374580.000,0,-,-,-,-,3064.6000,3064.2000,3063.2000,3063.0000,3062.6000,3066.0000,3066.2000,3066.4000,3066.6000,3067.0000,1,2,1,1,1,3,1,3,1,3
SF,IH2003,2020-01-17 09:30:32.300,3064.6000,22051,0,87374580.000,0,-,-,-,-,3064.6000,3064.2000,3063.2000,3063.0000,3062.6000,3065.0000,3065.8000,3066.0000,3066.2000,3066.4000,1,2,1,1,1,1,2,3,2,3
SF,IH2003,2020-01-17 09:30:32.800,3065.0000,22050,-1,88294080.000,1,0,1,双平,S,3065.0000,3064.6000,3064.2000,3063.2000,3063.0000,3065.8000,3066.0000,3066.2000,3066.4000,3066.6000,4,1,2,1,1,2,3,2,3,1
SF,IH2003,2020-01-17 09:30:33.300,3065.0000,22050,0,88294080.000,0,-,-,-,-,3065.2000,3065.0000,3064.2000,3063.2000,3063.0000,3066.0000,3066.2000,3066.4000,3066.6000,3067.0000,1,3,2,1,1,4,2,3,1,3
SF,IH2003,2020-01-17 09:30:33.800,3065.0000,22050,0,88294080.000,0,-,-,-,-,3065.2000,3065.0000,3064.2000,3063.2000,3063.0000,3066.0000,3066.2000,3066.4000,3066.6000,3067.0000,1,3,2,1,1,5,3,3,1,3
SF,IH2003,2020-01-17 09:30:34.300,3065.0000,22050,0,88294080.000,0,-,-,-,-,3065.2000,3065.0000,3064.2000,3063.2000,3063.0000,3066.0000,3066.2000,3066.4000,3066.6000,3067.0000,1,3,2,1,1,5,4,3,1,3
SF,IH2003,2020-01-17 09:30:35.300,3065.0000,22050,0,88294080.000,0,-,-,-,-,3065.2000,3065.0000,3064.2000,3063.2000,3063.0000,3066.0000,3066.2000,3066.4000,3066.6000,3067.0000,1,3,2,1,1,5,4,3,1,3
SF,IH2003,2020-01-17 09:30:35.800,3065.0000,22050,0,88294080.000,0,-,-,-,-,3065.2000,3065.0000,3064.6000,3064.2000,3063.2000,3066.0000,3066.2000,3066.4000,3066.6000,3067.0000,1,3,1,2,1,5,4,3,1,3
SF,IH2003,2020-01-17 09:30:36.300,3065.0000,22050,0,88294080.000,0,-,-,-,-,3065.4000,3065.2000,3065.0000,3064.6000,3064.2000,3066.0000,3066.2000,3066.4000,3066.6000,3067.0000,1,1,3,1,2,5,4,3,1,3
SF,IH2003,2020-01-17 09:30:36.800,3065.4000,22049,-1,89213700.000,1,0,1,双平,S,3065.4000,3065.0000,3064.6000,3064.2000,3063.2000,3066.0000,3066.2000,3066.4000,3066.6000,3067.0000,1,3,1,2,1,6,4,3,1,3
SF,IH2003,2020-01-17 09:30:38.800,3065.4000,22049,0,89213700.000,0,-,-,-,-,3065.4000,3065.0000,3064.6000,3064.2000,3063.2000,3066.0000,3066.2000,3066.4000,3066.6000,3067.0000,1,3,1,2,1,7,4,3,1,3
SF,IH2003,2020-01-17 09:30:39.300,3065.4000,22049,0,89213700.000,0,-,-,-,-,3065.4000,3065.0000,3064.6000,3064.2000,3063.2000,3066.0000,3066.2000,3066.4000,3066.6000,3067.0000,1,3,1,2,1,7,4,3,1,3
SF,IH2003,2020-01-17 09:30:39.800,3066.0000,22048,-1,90133500.000,1,0,1,双平,S,3065.4000,3065.0000,3064.6000,3064.2000,3063.2000,3066.0000,3066.2000,3066.4000,3066.6000,3067.0000,1,3,1,2,1,6,4,3,1,3
SF,IH2003,2020-01-17 09:30:40.300,3066.0000,22044,-4,94732500.000,5,0,5,多平,S,3065.4000,3065.0000,3064.6000,3064.2000,3063.2000,3066.0000,3066.2000,3066.4000,3066.6000,3067.0000,1,3,1,2,1,1,4,3,1,3
SF,IH2003,2020-01-17 09:30:40.800,3066.0000,22043,-1,95652300.000,1,0,1,双平,S,3065.4000,3065.0000,3064.6000,3064.2000,3063.2000,3066.2000,3066.4000,3066.6000,3067.0000,3067.2000,1,3,1,2,1,4,3,1,3,1
SF,IH2003,2020-01-17 09:30:41.300,3066.0000,22043,0,95652300.000,0,-,-,-,-,3065.0000,3064.6000,3064.2000,3063.2000,3063.0000,3066.2000,3066.4000,3066.6000,3067.0000,3067.2000,3,1,2,1,1,4,3,1,3,1
SF,IH2003,2020-01-17 09:30:41.800,3066.0000,22043,0,95652300.000,0,-,-,-,-,3065.2000,3065.0000,3064.6000,3064.2000,3063.2000,3066.2000,3066.4000,3066.6000,3067.0000,3067.2000,12,3,1,2,1,4,3,1,3,1
SF,IH2003,2020-01-17 09:30:42.300,3066.2000,22042,-1,96572160.000,1,0,1,双平,S,3065.4000,3065.2000,3065.0000,3064.6000,3064.2000,3066.2000,3066.4000,3066.6000,3067.0000,3067.2000,1,1,3,1,1,3,3,1,3,1
SF,IH2003,2020-01-17 09:30:42.800,3066.0000,22043,1,97491960.000,1,1,0,双开,S,3065.4000,3065.2000,3065.0000,3064.6000,3064.2000,3066.2000,3066.4000,3066.6000,3067.0000,3067.2000,5,1,3,1,1,3,3,1,3,1
SF,IH2003,2020-01-17 09:30:43.300,3066.0000,22043,0,97491960.000,0,-,-,-,-,3065.4000,3065.2000,3065.0000,3064.6000,3064.2000,3066.2000,3066.4000,3066.6000,3067.0000,3067.2000,1,1,3,1,1,3,3,1,3,1
SF,IH2003,2020-01-17 09:30:43.800,3066.0000,22043,0,97491960.000,0,-,-,-,-,3065.4000,3065.2000,3065.0000,3064.6000,3064.2000,3066.2000,3066.4000,3066.6000,3067.0000,3067.2000,2,1,3,1,1,3,3,1,3,1
SF,IH2003,2020-01-17 09:30:44.300,3066.2000,22042,-1,98411820.000,1,0,1,双平,S,3065.4000,3065.2000,3065.0000,3064.6000,3064.2000,3066.2000,3066.4000,3066.6000,3067.0000,3067.2000,2,1,3,1,1,2,3,1,3,1
SF,IH2003,2020-01-17 09:30:44.800,3066.2000,22042,0,98411820.000,0,-,-,-,-,3065.4000,3065.2000,3065.0000,3064.6000,3064.2000,3066.2000,3066.4000,3066.6000,3067.0000,3067.2000,2,3,3,1,1,2,3,1,3,1
SF,IH2003,2020-01-17 09:30:45.300,3066.2000,22042,0,98411820.000,0,-,-,-,-,3065.4000,3065.2000,3065.0000,3064.6000,3064.2000,3066.2000,3066.4000,3066.6000,3067.0000,3067.2000,2,3,3,1,1,2,3,1,3,1
SF,IH2003,2020-01-17 09:30:45.800,3066.0000,22039,-3,102091020.000,4,0,4,多平,S,3065.4000,3065.2000,3065.0000,3064.6000,3064.2000,3066.4000,3066.6000,3067.0000,3067.2000,3067.6000,2,4,3,1,1,3,1,3,1,4
SF,IH2003,2020-01-17 09:30:46.300,3066.0000,22039,0,102091020.000,0,-,-,-,-,3065.4000,3065.2000,3065.0000,3064.6000,3064.2000,3066.4000,3066.6000,3067.0000,3067.2000,3067.6000,2,4,3,1,1,3,1,3,1,4
SF,IH2003,2020-01-17 09:30:46.800,3066.0000,22039,0,102091020.000,0,-,-,-,-,3065.4000,3065.2000,3065.0000,3064.6000,3064.2000,3066.4000,3066.6000,3067.0000,3067.2000,3067.6000,1,4,3,1,1,2,1,3,1,4
SF,IH2003,2020-01-17 09:30:47.300,3066.0000,22039,0,102091020.000,0,-,-,-,-,3065.6000,3065.4000,3065.2000,3065.0000,3064.6000,3066.4000,3066.6000,3067.0000,3067.2000,3067.6000,1,2,4,3,1,2,1,3,1,4
SF,IH2003,2020-01-17 09:30:47.800,3066.0000,22039,0,102091020.000,0,-,-,-,-,3065.6000,3065.4000,3065.2000,3065.0000,3064.6000,3066.4000,3066.6000,3067.0000,3067.2000,3067.6000,2,1,4,2,1,2,1,3,1,4
SF,IH2003,2020-01-17 09:30:48.300,3066.0000,22039,0,102091020.000,0,-,-,-,-,3065.6000,3065.4000,3065.2000,3065.0000,3064.6000,3066.4000,3066.6000,3067.0000,3067.2000,3067.6000,1,1,4,2,1,2,1,3,1,4
SF,IH2003,2020-01-17 09:30:49.300,3065.4000,22037,-2,103930320.000,2,0,2,双平,S,3065.2000,3065.0000,3064.6000,3064.2000,3063.2000,3065.4000,3066.4000,3066.6000,3067.0000,3067.2000,4,2,1,1,1,2,2,1,3,1
SF,IH2003,2020-01-17 09:30:49.800,3065.4000,22035,-2,105769560.000,2,0,2,双平,S,3065.6000,3065.4000,3065.2000,3065.0000,3064.6000,3066.4000,3066.6000,3067.0000,3067.2000,3067.6000,1,7,3,1,1,2,1,3,1,4
SF,IH2003,2020-01-17 09:30:50.300,3065.4000,22035,0,105769560.000,0,-,-,-,-,3066.2000,3065.4000,3065.2000,3065.0000,3064.6000,3066.4000,3066.6000,3067.0000,3067.2000,3067.6000,1,4,3,1,1,2,1,3,1,4
SF,IH2003,2020-01-17 09:30:50.800,3066.2000,22035,0,106689420.000,1,0,1,多换,S,3065.4000,3065.2000,3065.0000,3064.6000,3064.2000,3065.8000,3066.0000,3066.2000,3066.4000,3066.6000,4,3,1,1,1,2,1,1,2,1
SF,IH2003,2020-01-17 09:30:51.300,3065.8000,22032,-3,109448520.000,3,0,3,双平,S,3065.4000,3065.2000,3065.0000,3064.6000,3064.2000,3066.0000,3066.2000,3066.4000,3066.6000,3067.0000,1,3,1,1,1,1,1,2,1,2
SF,IH2003,2020-01-17 09:30:51.800,3065.8000,22032,0,109448520.000,0,-,-,-,-,3065.4000,3065.2000,3065.0000,3064.6000,3064.2000,3066.0000,3066.2000,3066.4000,3066.6000,3067.0000,1,3,1,1,2,1,1,2,1,2
SF,IH2003,2020-01-17 09:30:52.800,3066.0000,22031,-1,110368320.000,1,0,1,双平,S,3065.4000,3065.2000,3065.0000,3064.6000,3064.2000,3066.4000,3066.6000,3067.0000,3067.2000,3067.6000,1,4,1,1,2,2,1,2,1,4
SF,IH2003,2020-01-17 09:30:53.300,3066.0000,22031,0,110368320.000,0,-,-,-,-,3065.4000,3065.2000,3065.0000,3064.6000,3064.2000,3066.2000,3066.4000,3066.6000,3067.0000,3067.2000,2,4,1,1,2,1,2,1,2,1
SF,IH2003,2020-01-17 09:30:53.800,3066.0000,22031,0,110368320.000,0,-,-,-,-,3065.4000,3065.2000,3065.0000,3064.6000,3064.2000,3066.2000,3066.4000,3066.6000,3067.0000,3067.2000,2,4,1,1,2,1,2,1,2,1
SF,IH2003,2020-01-17 09:30:54.300,3066.0000,22031,0,110368320.000,0,-,-,-,-,3065.4000,3065.2000,3065.0000,3064.6000,3064.2000,3066.0000,3066.2000,3066.4000,3066.6000,3067.0000,2,4,1,1,2,1,1,2,1,2
SF,IH2003,2020-01-17 09:30:54.800,3065.6000,22029,-2,112207800.000,2,0,2,双平,S,3065.4000,3065.2000,3065.0000,3064.6000,3064.2000,3066.2000,3066.4000,3066.6000,3067.0000,3067.2000,2,3,1,1,2,4,2,1,2,1
SF,IH2003,2020-01-17 09:30:55.800,3065.4000,22028,-1,113127420.000,1,0,1,双平,S,3065.6000,3065.4000,3065.2000,3065.0000,3064.6000,3066.2000,3066.4000,3066.6000,3067.0000,3067.2000,1,1,3,1,1,4,2,1,2,1
SF,IH2003,2020-01-17 09:30:56.300,3065.4000,22028,0,113127420.000,0,-,-,-,-,3066.0000,3065.6000,3065.4000,3065.2000,3065.0000,3066.2000,3066.4000,3066.6000,3067.0000,3067.2000,9,1,1,3,1,4,3,1,2,1
SF,IH2003,2020-01-17 09:30:56.800,3066.0000,22028,0,118646220.000,6,3,3,多换,S,3066.0000,3065.2000,3065.0000,3064.6000,3064.2000,3066.2000,3066.4000,3066.6000,3067.0000,3067.2000,3,3,1,1,2,6,3,1,2,1
SF,IH2003,2020-01-17 09:30:57.300,3066.2000,22028,0,121405680.000,3,1,2,多换,S,3065.2000,3065.0000,3064.6000,3064.2000,3063.0000,3066.2000,3066.4000,3066.6000,3067.0000,3067.2000,3,1,1,2,1,5,4,1,2,1
SF,IH2003,2020-01-17 09:30:57.800,3066.2000,22028,0,121405680.000,0,-,-,-,-,3065.6000,3065.4000,3065.2000,3065.0000,3064.6000,3066.0000,3066.2000,3066.4000,3066.6000,3067.0000,1,1,3,1,1,6,5,5,1,2
SF,IH2003,2020-01-17 09:30:58.300,3066.2000,22028,0,121405680.000,0,-,-,-,-,3065.8000,3065.4000,3065.2000,3065.0000,3064.6000,3066.0000,3066.2000,3066.4000,3066.6000,3067.0000,1,1,3,1,1,6,4,5,1,2
SF,IH2003,2020-01-17 09:30:58.800,3066.2000,22028,0,121405680.000,0,-,-,-,-,3065.4000,3065.2000,3065.0000,3064.6000,3064.2000,3066.0000,3066.2000,3066.4000,3066.6000,3067.0000,1,3,1,1,2,6,4,5,1,2
SF,IH2003,2020-01-17 09:30:59.300,3065.6000,22027,-1,122325360.000,1,0,1,双平,S,3065.4000,3065.2000,3065.0000,3064.6000,3064.2000,3066.0000,3066.2000,3066.4000,3066.6000,3067.0000,1,3,1,1,2,6,4,5,1,2
SF,IH2003,2020-01-17 09:30:59.800,3065.6000,22027,0,122325360.000,0,-,-,-,-,3065.4000,3065.2000,3065.0000,3064.6000,3064.2000,3066.0000,3066.2000,3066.4000,3066.6000,3067.0000,1,3,1,1,2,7,4,5,1,2
SF,IH2003,2020-01-17 09:31:00.800,3065.6000,22027,0,122325360.000,0,-,-,-,-,3065.6000,3065.4000,3065.2000,3065.0000,3064.6000,3066.0000,3066.2000,3066.4000,3066.6000,3067.0000,1,1,3,1,1,7,4,5,1,2
SF,IH2003,2020-01-17 09:31:01.300,3066.0000,22026,-1,123245160.000,1,0,1,双平,S,3065.6000,3065.4000,3065.2000,3065.0000,3064.6000,3066.0000,3066.2000,3066.4000,3066.6000,3067.0000,1,1,3,1,1,6,4,5,1,2
SF,IH2003,2020-01-17 09:31:01.800,3066.0000,22017,-9,131523480.000,9,0,9,双平,S,3065.6000,3065.4000,3065.2000,3065.0000,3064.6000,3066.2000,3066.4000,3066.6000,3067.0000,3067.2000,1,1,3,1,1,2,5,1,2,1
SF,IH2003,2020-01-17 09:31:02.300,3066.2000,22015,-2,133363200.000,2,0,2,双平,S,3065.8000,3065.6000,3065.4000,3065.2000,3065.0000,3066.4000,3066.6000,3067.0000,3067.2000,3067.6000,1,1,1,3,1,5,1,2,1,4
SF,IH2003,2020-01-17 09:31:02.800,3066.4000,22013,-2,135203040.000,2,0,2,双平,S,3066.2000,3065.8000,3065.6000,3065.4000,3065.2000,3066.4000,3066.6000,3067.0000,3067.2000,3067.6000,1,1,1,1,3,3,1,2,1,4
SF,IH2003,2020-01-17 09:31:03.300,3067.0000,22008,-5,139802880.000,5,0,5,双平,S,3066.6000,3066.4000,3066.2000,3066.0000,3065.8000,3067.0000,3067.2000,3067.6000,3067.8000,3068.0000,1,3,1,4,1,1,1,4,1,2
SF,IH2003,2020-01-17 09:31:03.800,3066.2000,22004,-4,143482860.000,4,0,4,双平,S,3066.0000,3065.8000,3065.6000,3065.4000,3065.2000,3067.2000,3067.6000,3067.8000,3068.0000,3068.6000,1,1,1,1,3,1,4,1,1,2
SF,IH2003,2020-01-17 09:31:04.800,3066.2000,22004,0,143482860.000,0,-,-,-,-,3066.0000,3065.8000,3065.6000,3065.4000,3065.2000,3066.6000,3067.2000,3067.6000,3067.8000,3068.0000,1,1,1,1,3,1,1,4,1,1
SF,IH2003,2020-01-17 09:31:05.300,3066.2000,22004,0,143482860.000,0,-,-,-,-,3066.2000,3066.0000,3065.8000,3065.6000,3065.4000,3066.6000,3067.2000,3067.6000,3067.8000,3068.0000,1,1,1,1,1,1,1,4,1,1
SF,IH2003,2020-01-17 09:31:05.800,3066.2000,22004,0,143482860.000,0,-,-,-,-,3066.0000,3065.8000,3065.6000,3065.4000,3065.2000,3066.6000,3067.2000,3067.6000,3067.8000,3068.0000,1,1,1,1,3,1,1,4,1,1
SF,IH2003,2020-01-17 09:31:06.300,3066.2000,22004,0,143482860.000,0,-,-,-,-,3066.0000,3065.8000,3065.6000,3065.4000,3065.2000,3066.6000,3067.2000,3067.6000,3067.8000,3068.0000,1,2,1,1,3,1,1,4,1,1
SF,IH2003,2020-01-17 09:31:06.800,3066.2000,22004,0,143482860.000,0,-,-,-,-,3066.0000,3065.8000,3065.6000,3065.4000,3065.2000,3066.6000,3067.2000,3067.6000,3067.8000,3068.0000,1,2,1,1,3,1,1,4,1,1
SF,IH2003,2020-01-17 09:31:07.300,3066.2000,22004,0,143482860.000,0,-,-,-,-,3066.2000,3066.0000,3065.8000,3065.6000,3065.4000,3066.6000,3067.2000,3067.6000,3067.8000,3068.0000,1,1,2,1,1,1,1,4,1,1
SF,IH2003,2020-01-17 09:31:07.800,3066.2000,22004,0,143482860.000,0,-,-,-,-,3066.2000,3066.0000,3065.8000,3065.6000,3065.4000,3066.6000,3067.2000,3067.6000,3067.8000,3068.0000,1,1,2,1,1,1,1,4,1,1
SF,IH2003,2020-01-17 09:31:08.300,3066.2000,22004,0,143482860.000,0,-,-,-,-,3066.0000,3065.8000,3065.6000,3065.4000,3065.2000,3066.6000,3067.2000,3067.6000,3067.8000,3068.0000,1,2,1,1,3,1,1,4,1,1
SF,IH2003,2020-01-17 09:31:09.300,3066.2000,22004,0,143482860.000,0,-,-,-,-,3066.2000,3066.0000,3065.8000,3065.6000,3065.4000,3066.6000,3067.2000,3067.6000,3067.8000,3068.0000,1,1,1,1,1,1,1,4,1,1
SF,IH2003,2020-01-17 09:31:09.800,3066.2000,22004,0,144402720.000,1,0,1,多换,S,3066.0000,3065.8000,3065.6000,3065.4000,3065.2000,3066.6000,3067.2000,3067.6000,3067.8000,3068.0000,1,1,1,1,3,1,1,4,1,1
SF,IH2003,2020-01-17 09:31:10.300,3066.6000,22005,1,145322700.000,1,1,0,双开,S,3066.0000,3065.8000,3065.6000,3065.4000,3065.2000,3067.2000,3067.6000,3067.8000,3068.0000,3068.6000,1,1,1,1,3,1,4,1,1,2
SF,IH2003,2020-01-17 09:31:10.800,3066.0000,22004,-1,146242500.000,1,0,1,双平,S,3065.8000,3065.6000,3065.4000,3065.2000,3065.0000,3067.0000,3067.2000,3067.6000,3067.8000,3068.0000,1,1,1,3,2,2,2,4,1,1
SF,IH2003,2020-01-17 09:31:11.300,3066.0000,22004,0,146242500.000,0,-,-,-,-,3065.8000,3065.6000,3065.4000,3065.2000,3065.0000,3066.8000,3067.0000,3067.2000,3067.6000,3067.8000,1,1,1,3,2,2,2,2,4,1
SF,IH2003,2020-01-17 09:31:11.800,3066.0000,22004,0,146242500.000,0,-,-,-,-,3065.8000,3065.6000,3065.4000,3065.2000,3065.0000,3066.6000,3066.8000,3067.0000,3067.2000,3067.6000,1,1,1,3,2,1,1,1,2,4
SF,IH2003,2020-01-17 09:31:12.300,3066.0000,22004,0,146242500.000,0,-,-,-,-,3066.0000,3065.8000,3065.6000,3065.4000,3065.2000,3066.4000,3066.6000,3066.8000,3067.0000,3067.2000,1,1,1,1,3,1,1,1,1,1
SF,IH2003,2020-01-17 09:31:12.800,3066.0000,22004,0,146242500.000,0,-,-,-,-,3066.0000,3065.8000,3065.6000,3065.4000,3065.2000,3066.6000,3067.0000,3067.2000,3067.6000,3067.8000,1,1,1,1,3,1,1,1,4,1
SF,IH2003,2020-01-17 09:31:13.800,3066.6000,22004,0,147162480.000,1,0,1,多换,S,3066.0000,3065.8000,3065.6000,3065.4000,3065.2000,3067.0000,3067.2000,3067.6000,3067.8000,3068.0000,1,1,1,1,3,1,1,4,1,1
SF,IH2003,2020-01-17 09:31:14.300,3065.8000,22002,-2,149002020.000,2,0,2,双平,S,3065.6000,3065.4000,3065.2000,3065.0000,3064.6000,3065.8000,3066.8000,3067.0000,3067.2000,3067.6000,1,1,3,2,1,1,1,1,1,4
SF,IH2003,2020-01-17 09:31:14.800,3065.8000,22001,-1,149921760.000,1,0,1,双平,S,3065.8000,3065.6000,3065.4000,3065.2000,3065.0000,3066.6000,3066.8000,3067.0000,3067.2000,3067.6000,6,1,1,3,2,1,1,1,1,4
SF,IH2003,2020-01-17 09:31:15.300,3066.6000,22000,-1,150841740.000,1,0,1,双平,S,3066.6000,3066.0000,3065.8000,3065.6000,3065.4000,3066.8000,3067.0000,3067.2000,3067.6000,3067.8000,1,1,7,1,1,1,1,1,4,1
SF,IH2003,2020-01-17 09:31:15.800,3066.6000,21999,-1,151761720.000,1,0,1,双平,S,3066.0000,3065.8000,3065.6000,3065.4000,3065.2000,3066.6000,3066.8000,3067.0000,3067.2000,3067.6000,1,7,1,1,1,2,1,1,1,4
SF,IH2003,2020-01-17 09:31:16.300,3066.6000,21999,0,151761720.000,0,-,-,-,-,3066.0000,3065.8000,3065.6000,3065.4000,3065.2000,3066.6000,3066.8000,3067.0000,3067.2000,3067.6000,1,7,1,1,1,1,1,1,1,4
SF,IH2003,2020-01-17 09:31:17.300,3066.6000,21999,0,151761720.000,0,-,-,-,-,3066.2000,3066.0000,3065.8000,3065.6000,3065.4000,3066.6000,3066.8000,3067.0000,3067.2000,3067.6000,1,1,7,1,1,1,1,1,1,4
SF,IH2003,2020-01-17 09:31:17.800,3066.6000,21998,-1,152681700.000,1,0,1,双平,S,3066.2000,3066.0000,3065.8000,3065.6000,3065.4000,3066.8000,3067.0000,3067.2000,3067.6000,3067.8000,3,2,7,1,1,1,2,1,4,1
SF,IH2003,2020-01-17 09:31:18.300,3067.0000,21997,-1,153601800.000,1,0,1,双平,S,3066.6000,3066.4000,3066.2000,3066.0000,3065.8000,3067.0000,3067.2000,3067.6000,3067.8000,3068.0000,3,2,6,2,7,1,1,4,1,1
SF,IH2003,2020-01-17 09:31:18.800,3067.0000,21996,-1,154521900.000,1,0,1,双平,S,3067.0000,3066.8000,3066.6000,3066.4000,3066.2000,3067.2000,3067.6000,3067.8000,3068.0000,3068.6000,2,1,5,4,6,3,4,1,1,2
SF,IH2003,2020-01-17 09:31:19.300,3067.0000,21996,0,156362100.000,2,1,1,多换,S,3066.6000,3066.4000,3066.2000,3066.0000,3065.8000,3067.0000,3067.2000,3067.6000,3067.8000,3068.0000,1,3,6,1,7,1,3,4,1,1
SF,IH2003,2020-01-17 09:31:19.800,3066.0000,21994,-2,158201760.000,2,0,2,双平,S,3065.8000,3065.6000,3065.4000,3065.2000,3065.0000,3066.4000,3066.6000,3066.8000,3067.2000,3067.6000,6,1,1,1,2,1,1,2,3,4
SF,IH2003,2020-01-17 09:31:20.300,3066.4000,21993,-1,159121680.000,1,0,1,双平,S,3066.0000,3065.8000,3065.6000,3065.4000,3065.2000,3066.4000,3066.6000,3066.8000,3067.2000,3067.6000,1,6,1,1,1,1,2,2,3,4
SF,IH2003,2020-01-17 09:31:20.800,3066.6000,21991,-2,160961580.000,2,0,2,双平,S,3065.8000,3065.6000,3065.4000,3065.2000,3065.0000,3066.6000,3066.8000,3067.2000,3067.6000,3067.8000,5,1,1,1,2,1,2,3,4,1
SF,IH2003,2020-01-17 09:31:21.300,3066.6000,21991,0,160961580.000,0,-,-,-,-,3065.8000,3065.6000,3065.4000,3065.2000,3065.0000,3066.4000,3066.6000,3066.8000,3067.2000,3067.6000,4,1,1,1,2,1,1,2,3,4
SF,IH2003,2020-01-17 09:31:21.800,3066.4000,21991,0,161881500.000,1,0,1,多换,S,3066.0000,3065.8000,3065.6000,3065.4000,3065.2000,3066.6000,3066.8000,3067.2000,3067.6000,3067.8000,2,4,1,1,1,2,2,3,4,1
SF,IH2003,2020-01-17 09:31:22.300,3066.4000,21991,0,161881500.000,0,-,-,-,-,3066.0000,3065.8000,3065.6000,3065.4000,3065.2000,3066.6000,3066.8000,3067.2000,3067.6000,3067.8000,2,4,1,1,1,2,3,3,4,1
SF,IH2003,2020-01-17 09:31:24.300,3066.6000,21991,0,162801480.000,1,0,1,多换,S,3066.2000,3066.0000,3065.8000,3065.6000,3065.4000,3066.6000,3066.8000,3067.2000,3067.6000,3067.8000,1,2,4,1,1,1,3,3,4,1
SF,IH2003,2020-01-17 09:31:24.800,3066.6000,21991,0,162801480.000,0,-,-,-,-,3066.2000,3066.0000,3065.8000,3065.6000,3065.4000,3066.6000,3066.8000,3067.2000,3067.6000,3067.8000,1,3,4,1,1,1,3,3,4,1
SF,IH2003,2020-01-17 09:31:25.800,3066.2000,21989,-2,165561180.000,3,0,3,多平,S,3066.0000,3065.8000,3065.6000,3065.4000,3065.2000,3066.2000,3066.8000,3067.2000,3067.6000,3067.8000,3,4,1,1,1,4,3,3,4,1
SF,IH2003,2020-01-17 09:31:26.300,3066.2000,21987,-2,169240440.000,4,1,3,多平,S,3066.0000,3065.8000,3065.6000,3065.4000,3065.2000,3066.2000,3066.8000,3067.2000,3067.6000,3067.8000,2,4,1,1,1,3,3,3,4,1
SF,IH2003,2020-01-17 09:31:26.800,3066.0000,21987,0,170160240.000,1,0,1,多换,S,3066.0000,3065.8000,3065.6000,3065.4000,3065.2000,3066.2000,3066.8000,3067.2000,3067.6000,3067.8000,1,4,1,1,1,3,3,3,4,1
SF,IH2003,2020-01-17 09:31:27.300,3066.0000,21987,0,171080040.000,1,0,1,多换,S,3065.8000,3065.6000,3065.4000,3065.2000,3065.0000,3066.0000,3066.2000,3066.8000,3067.2000,3067.6000,4,1,1,1,2,4,3,3,3,4
SF,IH2003,2020-01-17 09:31:27.800,3066.0000,21986,-1,171999840.000,1,0,1,双平,S,3065.8000,3065.6000,3065.4000,3065.2000,3065.0000,3066.0000,3066.2000,3066.8000,3067.2000,3067.6000,4,1,1,1,2,3,3,3,3,4
SF,IH2003,2020-01-17 09:31:28.300,3066.0000,21983,-3,174759240.000,3,0,3,双平,S,3065.8000,3065.6000,3065.4000,3065.2000,3065.0000,3066.2000,3066.8000,3067.2000,3067.6000,3067.8000,4,1,1,1,2,3,3,3,4,1
SF,IH2003,2020-01-17 09:31:29.300,3066.0000,21983,0,174759240.000,0,-,-,-,-,3066.0000,3065.8000,3065.6000,3065.4000,3065.2000,3066.2000,3066.8000,3067.2000,3067.6000,3067.8000,2,4,1,1,1,3,3,3,4,1
SF,IH2003,2020-01-17 09:31:29.800,3066.2000,21983,0,175679100.000,1,0,1,多换,S,3066.0000,3065.8000,3065.6000,3065.4000,3065.2000,3066.2000,3066.8000,3067.2000,3067.6000,3067.8000,2,4,1,1,1,2,3,3,4,1
SF,IH2003,2020-01-17 09:31:31.300,3066.0000,21981,-2,177518700.000,2,0,2,双平,S,3065.8000,3065.6000,3065.4000,3065.2000,3065.0000,3066.0000,3066.2000,3066.8000,3067.2000,3067.6000,4,1,1,1,2,1,2,3,3,4
SF,IH2003,2020-01-17 09:31:31.800,3065.8000,21980,-1,178438440.000,1,0,1,双平,S,3065.8000,3065.6000,3065.4000,3065.2000,3065.0000,3066.0000,3066.2000,3066.8000,3067.2000,3067.6000,3,1,1,1,2,1,2,3,3,4
SF,IH2003,2020-01-17 09:31:32.800,3065.8000,21977,-3,181197660.000,3,0,3,双平,S,3065.6000,3065.4000,3065.2000,3065.0000,3064.6000,3066.0000,3066.2000,3066.8000,3067.2000,3067.6000,1,1,1,2,1,1,2,3,3,4
SF,IH2003,2020-01-17 09:31:33.300,3065.6000,21977,0,182117340.000,1,0,1,多换,S,3065.4000,3065.2000,3065.0000,3064.6000,3064.2000,3066.0000,3066.2000,3066.8000,3067.2000,3067.6000,1,1,2,1,2,1,2,3,3,4
SF,IH2003,2020-01-17 09:31:33.800,3065.6000,21978,1,183037020.000,1,1,0,双开,S,3065.4000,3065.2000,3065.0000,3064.6000,3064.2000,3066.0000,3066.2000,3066.8000,3067.2000,3067.6000,1,1,2,1,2,1,2,3,3,4
SF,IH2003,2020-01-17 09:31:34.300,3065.4000,21978,0,183956640.000,1,0,1,多换,S,3065.2000,3065.0000,3064.6000,3064.2000,3063.0000,3065.4000,3066.0000,3066.2000,3066.8000,3067.2000,1,2,1,2,1,4,1,2,3,3
SF,IH2003,2020-01-17 09:31:34.800,3065.4000,21978,0,183956640.000,0,-,-,-,-,3065.2000,3065.0000,3064.6000,3064.2000,3063.0000,3065.4000,3066.0000,3066.2000,3066.8000,3067.2000,1,2,1,2,1,4,2,2,3,3
SF,IH2003,2020-01-17 09:31:35.800,3065.2000,21977,-1,184876200.000,1,0,1,双平,S,3065.0000,3064.6000,3064.2000,3063.0000,3062.0000,3065.4000,3066.0000,3066.2000,3066.8000,3067.2000,2,1,2,1,1,4,2,2,3,3
SF,IH2003,2020-01-17 09:31:36.300,3065.4000,21976,-1,185795820.000,1,0,1,双平,S,3065.0000,3064.6000,3064.2000,3063.0000,3062.0000,3065.4000,3066.0000,3066.4000,3066.8000,3067.2000,2,1,2,1,1,3,2,1,3,3
SF,IH2003,2020-01-17 09:31:37.800,3065.4000,21976,0,185795820.000,0,-,-,-,-,3065.0000,3064.6000,3064.2000,3063.0000,3062.0000,3065.4000,3066.0000,3066.4000,3066.8000,3067.2000,3,1,2,1,1,3,2,1,3,3
SF,IH2003,2020-01-17 09:31:38.300,3065.4000,21976,0,185795820.000,0,-,-,-,-,3065.0000,3064.6000,3064.2000,3063.0000,3062.0000,3065.4000,3066.0000,3066.4000,3066.8000,3067.2000,3,1,2,1,1,3,2,1,3,3
SF,IH2003,2020-01-17 09:31:39.300,3065.0000,21976,0,186715320.000,1,0,1,多换,S,3065.0000,3064.6000,3064.2000,3063.0000,3062.0000,3065.4000,3066.0000,3066.4000,3066.8000,3067.2000,2,1,2,1,1,3,2,1,3,3
SF,IH2003,2020-01-17 09:31:39.800,3065.0000,21975,-1,188554320.000,2,0,2,多平,S,3064.6000,3064.2000,3063.0000,3062.0000,3061.0000,3065.4000,3066.0000,3066.4000,3066.8000,3067.2000,1,2,1,1,1,3,2,1,3,3
SF,IH2003,2020-01-17 09:31:40.300,3064.6000,21974,-1,189473700.000,1,0,1,双平,S,3064.2000,3063.0000,3062.0000,3061.0000,3060.2000,3064.6000,3065.4000,3066.0000,3066.4000,3066.8000,2,1,1,1,1,1,3,2,1,3
SF,IH2003,2020-01-17 09:31:40.800,3064.6000,21973,-1,190393080.000,1,0,1,双平,S,3064.6000,3064.4000,3064.2000,3063.0000,3062.0000,3065.4000,3066.0000,3066.4000,3066.8000,3067.2000,2,3,5,1,1,3,2,1,3,3
SF,IH2003,2020-01-17 09:31:41.300,3064.6000,21973,0,190393080.000,0,-,-,-,-,3064.4000,3064.2000,3063.0000,3062.0000,3061.0000,3065.4000,3066.0000,3066.4000,3066.8000,3067.2000,3,2,1,1,1,3,2,1,3,3
SF,IH2003,2020-01-17 09:31:41.800,3064.6000,21973,0,190393080.000,0,-,-,-,-,3064.4000,3064.2000,3063.0000,3062.0000,3061.0000,3065.4000,3066.0000,3066.4000,3066.8000,3067.2000,3,2,1,1,1,3,2,1,3,3
SF,IH2003,2020-01-17 09:31:42.300,3064.6000,21973,0,190393080.000,0,-,-,-,-,3064.4000,3064.2000,3063.0000,3062.0000,3061.0000,3065.2000,3065.4000,3066.0000,3066.4000,3066.8000,3,2,1,1,1,1,3,2,1,3
SF,IH2003,2020-01-17 09:31:42.800,3064.6000,21973,0,190393080.000,0,-,-,-,-,3064.4000,3064.2000,3063.0000,3062.0000,3061.0000,3065.2000,3065.4000,3066.0000,3066.4000,3066.8000,3,2,1,1,1,1,5,2,1,3
SF,IH2003,2020-01-17 09:31:43.300,3064.4000,21973,0,191312400.000,1,0,1,多换,S,3064.2000,3063.0000,3062.0000,3061.0000,3060.2000,3065.2000,3065.4000,3066.0000,3066.4000,3066.8000,2,1,1,1,1,1,5,2,1,3
SF,IH2003,2020-01-17 09:31:43.800,3064.2000,21972,-1,196828920.000,6,2,4,多平,S,3063.0000,3062.0000,3061.0000,3060.2000,3060.0000,3064.2000,3065.2000,3065.4000,3066.0000,3066.4000,1,1,1,1,2,4,1,5,2,1
SF,IH2003,2020-01-17 09:31:44.300,3064.2000,21969,-3,200505960.000,4,0,4,多平,S,3064.2000,3063.4000,3063.2000,3063.0000,3062.6000,3064.4000,3065.4000,3066.0000,3066.4000,3066.8000,1,6,9,2,3,1,5,2,1,2
SF,IH2003,2020-01-17 09:31:44.800,3064.2000,21966,-3,203263800.000,3,0,3,双平,S,3064.4000,3063.6000,3063.4000,3063.2000,3063.0000,3065.4000,3066.0000,3066.4000,3066.8000,3067.2000,1,2,6,8,2,5,2,1,2,3
SF,IH2003,2020-01-17 09:31:45.300,3065.2000,21966,0,204183360.000,1,0,1,多换,S,3063.4000,3063.2000,3063.0000,3062.6000,3062.0000,3065.2000,3065.4000,3066.0000,3066.4000,3066.8000,2,8,2,3,1,2,5,2,1,2
SF,IH2003,2020-01-17 09:31:45.800,3065.2000,21966,0,204183360.000,0,-,-,-,-,3063.6000,3063.4000,3063.2000,3063.0000,3062.6000,3064.4000,3065.2000,3065.4000,3066.0000,3066.4000,4,2,6,2,3,2,3,6,1,1
SF,IH2003,2020-01-17 09:31:46.300,3065.2000,21966,0,204183360.000,0,-,-,-,-,3063.6000,3063.4000,3063.2000,3063.0000,3062.6000,3064.4000,3064.6000,3065.2000,3065.4000,3066.0000,3,1,6,2,3,2,1,2,6,1
SF,IH2003,2020-01-17 09:31:46.800,3065.2000,21966,0,204183360.000,0,-,-,-,-,3063.6000,3063.4000,3063.2000,3063.0000,3062.6000,3064.4000,3064.6000,3065.0000,3065.2000,3065.4000,3,1,5,1,3,3,1,1,2,6
SF,IH2003,2020-01-17 09:31:47.300,3065.2000,21966,0,204183360.000,0,-,-,-,-,3063.6000,3063.4000,3063.2000,3063.0000,3062.6000,3064.2000,3064.4000,3064.6000,3065.0000,3065.2000,2,1,5,1,3,1,2,1,1,2
SF,IH2003,2020-01-17 09:31:47.800,3065.2000,21966,0,204183360.000,0,-,-,-,-,3063.6000,3063.4000,3063.2000,3063.0000,3062.6000,3064.4000,3064.6000,3065.2000,3065.4000,3066.0000,2,1,5,1,3,2,1,2,6,1
SF,IH2003,2020-01-17 09:31:48.300,3065.2000,21966,0,204183360.000,0,-,-,-,-,3063.6000,3063.4000,3063.2000,3063.0000,3062.6000,3064.4000,3064.6000,3065.2000,3065.4000,3066.0000,1,1,5,1,3,2,1,3,6,1
SF,IH2003,2020-01-17 09:31:48.800,3063.6000,21967,1,205102440.000,1,1,0,双开,S,3063.2000,3063.0000,3062.0000,3061.0000,3060.2000,3064.4000,3064.6000,3065.2000,3065.4000,3066.4000,4,1,1,1,1,2,1,3,6,1
SF,IH2003,2020-01-17 09:31:49.300,3063.6000,21967,0,205102440.000,0,-,-,-,-,3063.2000,3063.0000,3062.4000,3062.0000,3061.0000,3064.2000,3064.4000,3064.6000,3065.2000,3065.4000,4,1,3,1,1,1,2,1,2,6
SF,IH2003,2020-01-17 09:31:49.800,3063.6000,21967,0,205102440.000,0,-,-,-,-,3063.2000,3063.0000,3062.4000,3062.0000,3061.0000,3064.2000,3064.4000,3064.6000,3065.2000,3065.4000,1,1,3,1,1,1,1,1,2,6
SF,IH2003,2020-01-17 09:31:50.300,3063.6000,21967,0,205102440.000,0,-,-,-,-,3063.2000,3063.0000,3062.4000,3062.0000,3061.0000,3064.0000,3064.2000,3064.4000,3064.6000,3065.2000,1,1,3,1,1,1,2,1,1,2
SF,IH2003,2020-01-17 09:31:50.800,3063.6000,21967,0,205102440.000,0,-,-,-,-,3063.2000,3063.0000,3062.4000,3062.0000,3061.0000,3064.0000,3064.4000,3064.6000,3065.2000,3065.4000,1,1,3,1,1,2,1,1,2,6
SF,IH2003,2020-01-17 09:31:52.300,3064.0000,21967,0,206021640.000,1,0,1,多换,S,3063.2000,3063.0000,3062.4000,3062.0000,3061.0000,3064.0000,3064.4000,3064.6000,3065.2000,3065.4000,1,1,3,1,1,1,1,1,2,6
SF,IH2003,2020-01-17 09:31:52.800,3063.2000,21967,0,206940600.000,1,0,1,多换,S,3063.0000,3062.4000,3062.0000,3061.0000,3060.2000,3063.2000,3064.0000,3064.4000,3064.6000,3065.2000,1,3,1,1,1,4,1,1,1,2
SF,IH2003,2020-01-17 09:31:53.300,3063.2000,21963,-4,210616440.000,4,0,4,双平,S,3063.2000,3063.0000,3062.4000,3062.0000,3061.0000,3064.0000,3064.4000,3064.6000,3065.2000,3065.4000,2,1,3,1,1,1,1,1,2,7
SF,IH2003,2020-01-17 09:31:53.800,3063.2000,21963,0,211535400.000,1,0,1,多换,S,3063.2000,3063.0000,3062.4000,3062.0000,3061.0000,3064.0000,3064.4000,3064.6000,3065.2000,3065.4000,1,1,3,1,1,1,1,1,2,7
SF,IH2003,2020-01-17 09:31:54.300,3063.2000,21963,0,211535400.000,0,-,-,-,-,3063.2000,3063.0000,3062.0000,3061.0000,3060.2000,3064.4000,3064.6000,3065.2000,3065.4000,3065.6000,1,1,1,1,1,1,1,2,7,1
SF,IH2003,2020-01-17 09:31:54.800,3063.2000,21962,-1,212454360.000,1,0,1,双平,S,3063.2000,3063.0000,3062.0000,3061.0000,3060.2000,3064.2000,3064.4000,3064.6000,3065.2000,3065.4000,1,1,1,1,1,1,1,1,2,7
SF,IH2003,2020-01-17 09:31:55.300,3063.2000,21962,0,212454360.000,0,-,-,-,-,3063.2000,3063.0000,3062.0000,3061.0000,3060.2000,3064.2000,3064.4000,3064.6000,3065.2000,3065.4000,1,1,1,1,1,2,1,1,2,7
SF,IH2003,2020-01-17 09:31:55.800,3063.2000,21962,0,212454360.000,0,-,-,-,-,3063.4000,3063.2000,3063.0000,3062.0000,3061.0000,3064.2000,3064.4000,3064.6000,3065.2000,3065.4000,4,4,1,1,1,1,1,1,1,7
SF,IH2003,2020-01-17 09:31:56.300,3063.2000,21962,0,212454360.000,0,-,-,-,-,3063.4000,3063.2000,3063.0000,3062.0000,3061.0000,3064.2000,3064.4000,3064.6000,3065.2000,3065.4000,1,1,1,1,1,1,1,1,1,7
SF,IH2003,2020-01-17 09:31:56.800,3063.2000,21962,0,212454360.000,0,-,-,-,-,3063.4000,3063.2000,3063.0000,3062.0000,3061.0000,3064.0000,3064.2000,3064.4000,3064.6000,3065.2000,1,1,1,1,1,1,1,1,1,1
SF,IH2003,2020-01-17 09:31:57.300,3063.2000,21962,0,212454360.000,0,-,-,-,-,3063.4000,3063.2000,3063.0000,3062.0000,3061.0000,3064.0000,3064.2000,3064.4000,3064.6000,3065.2000,1,1,1,1,1,1,1,1,1,1
SF,IH2003,2020-01-17 09:31:57.800,3063.4000,21961,-1,214292580.000,2,0,2,多平,S,3063.2000,3063.0000,3062.0000,3061.0000,3060.2000,3063.4000,3064.4000,3064.6000,3065.2000,3065.4000,1,1,1,1,1,5,1,1,1,7
SF,IH2003,2020-01-17 09:31:58.300,3063.4000,21956,-5,218887680.000,5,0,5,双平,S,3063.8000,3063.6000,3063.4000,3063.2000,3063.0000,3064.4000,3064.6000,3065.2000,3065.4000,3065.6000,2,2,6,1,1,1,1,1,7,1
SF,IH2003,2020-01-17 09:31:58.800,3063.4000,21956,0,218887680.000,0,-,-,-,-,3063.6000,3063.4000,3063.2000,3063.0000,3062.0000,3064.4000,3064.6000,3065.2000,3065.4000,3065.6000,2,6,1,1,1,2,1,1,7,1
SF,IH2003,2020-01-17 09:31:59.300,3063.4000,21956,0,218887680.000,0,-,-,-,-,3063.4000,3063.2000,3063.0000,3062.0000,3061.0000,3064.4000,3064.6000,3065.2000,3065.4000,3065.6000,5,1,1,1,1,3,1,1,7,1
SF,IH2003,2020-01-17 09:31:59.800,3063.4000,21956,0,218887680.000,0,-,-,-,-,3063.4000,3063.2000,3063.0000,3062.0000,3061.0000,3064.4000,3064.6000,3065.2000,3065.4000,3065.6000,5,1,1,1,1,3,1,1,7,1
SF,IH2003,2020-01-17 09:32:00.300,3063.4000,21956,0,218887680.000,0,-,-,-,-,3063.4000,3063.2000,3063.0000,3062.0000,3061.0000,3064.4000,3064.6000,3065.2000,3065.4000,3065.6000,4,1,1,1,1,3,1,1,7,1
SF,IH2003,2020-01-17 09:32:00.800,3063.4000,21951,-5,223483080.000,5,0,5,双平,S,3063.2000,3063.0000,3062.0000,3061.0000,3060.2000,3063.4000,3064.4000,3064.6000,3065.2000,3065.4000,1,1,1,1,2,1,2,1,1,7
SF,IH2003,2020-01-17 09:32:01.300,3063.4000,21950,-1,224402100.000,1,0,1,双平,S,3063.0000,3062.0000,3061.0000,3060.2000,3060.0000,3064.2000,3064.4000,3064.6000,3064.8000,3065.2000,1,1,1,2,5,1,1,1,1,1
SF,IH2003,2020-01-17 09:32:01.800,3063.4000,21950,0,224402100.000,0,-,-,-,-,3063.0000,3062.0000,3061.0000,3060.2000,3060.0000,3064.0000,3064.2000,3064.6000,3064.8000,3065.2000,2,1,1,2,5,4,2,1,1,1
SF,IH2003,2020-01-17 09:32:02.300,3063.4000,21950,0,224402100.000,0,-,-,-,-,3063.2000,3063.0000,3062.0000,3061.0000,3060.2000,3063.8000,3064.0000,3064.2000,3064.6000,3064.8000,1,2,1,1,2,1,3,1,1,1
SF,IH2003,2020-01-17 09:32:02.800,3063.4000,21950,0,224402100.000,0,-,-,-,-,3063.2000,3063.0000,3062.0000,3061.0000,3060.2000,3063.8000,3064.2000,3064.6000,3064.8000,3065.2000,2,1,1,1,2,1,1,1,1,1
SF,IH2003,2020-01-17 09:32:03.300,3063.2000,21950,0,226240200.000,2,1,1,多换,S,3063.2000,3063.0000,3062.0000,3061.0000,3060.2000,3064.2000,3064.6000,3064.8000,3065.2000,3065.4000,1,1,1,1,2,1,1,1,1,7
SF,IH2003,2020-01-17 09:32:03.800,3063.2000,21950,0,226240200.000,0,-,-,-,-,3063.2000,3063.0000,3062.0000,3061.0000,3060.2000,3064.6000,3064.8000,3065.2000,3065.4000,3065.6000,1,1,1,1,2,1,1,1,7,1
SF,IH2003,2020-01-17 09:32:04.300,3063.2000,21950,0,226240200.000,0,-,-,-,-,3063.4000,3063.2000,3063.0000,3062.0000,3061.0000,3064.4000,3064.6000,3064.8000,3065.2000,3065.4000,5,1,1,1,1,1,1,1,1,7
SF,IH2003,2020-01-17 09:32:04.800,3063.2000,21950,0,226240200.000,0,-,-,-,-,3063.6000,3063.4000,3063.0000,3062.0000,3061.0000,3064.4000,3064.6000,3064.8000,3065.2000,3065.4000,1,5,1,1,1,1,1,1,1,7
SF,IH2003,2020-01-17 09:32:05.300,3063.2000,21950,0,226240200.000,0,-,-,-,-,3063.6000,3063.4000,3063.0000,3062.0000,3061.0000,3064.4000,3064.6000,3064.8000,3065.2000,3065.4000,2,4,1,1,1,1,1,1,1,7
SF,IH2003,2020-01-17 09:32:05.800,3063.2000,21950,0,226240200.000,0,-,-,-,-,3063.6000,3063.4000,3063.2000,3063.0000,3062.0000,3064.4000,3064.6000,3064.8000,3065.2000,3065.4000,1,4,1,1,1,1,1,1,1,7
SF,IH2003,2020-01-17 09:32:06.300,3064.6000,21949,-1,228078900.000,2,0,2,多平,S,3063.8000,3063.6000,3063.4000,3063.2000,3063.0000,3064.8000,3065.2000,3065.4000,3065.6000,3066.4000,8,5,4,1,1,1,1,7,1,1
SF,IH2003,2020-01-17 09:32:06.800,3063.8000,21946,-3,232674720.000,5,1,4,多平,S,3063.8000,3063.6000,3063.4000,3063.2000,3063.0000,3064.8000,3065.0000,3065.2000,3065.4000,3065.6000,13,4,1,1,1,3,2,1,4,1
SF,IH2003,2020-01-17 09:32:07.300,3063.8000,21946,0,232674720.000,0,-,-,-,-,3063.8000,3063.6000,3063.4000,3063.2000,3063.0000,3064.8000,3065.0000,3065.2000,3065.4000,3065.6000,8,3,1,1,1,3,2,1,4,1
SF,IH2003,2020-01-17 09:32:07.800,3064.8000,21945,-1,233594160.000,1,0,1,双平,S,3064.0000,3063.8000,3063.6000,3063.4000,3063.2000,3064.8000,3065.0000,3065.2000,3065.4000,3065.6000,1,8,4,1,1,2,2,1,4,1
SF,IH2003,2020-01-17 09:32:08.300,3064.8000,21945,0,233594160.000,0,-,-,-,-,3064.0000,3063.8000,3063.6000,3063.4000,3063.2000,3065.0000,3065.2000,3065.4000,3065.6000,3066.4000,2,7,4,1,1,3,1,4,1,1
SF,IH2003,2020-01-17 09:32:08.800,3064.8000,21945,0,233594160.000,0,-,-,-,-,3064.2000,3064.0000,3063.8000,3063.6000,3063.4000,3065.0000,3065.2000,3065.4000,3065.6000,3066.4000,1,3,6,4,1,3,1,4,1,1
SF,IH2003,2020-01-17 09:32:09.300,3065.0000,21944,-1,234513660.000,1,0,1,双平,S,3064.4000,3064.2000,3064.0000,3063.8000,3063.6000,3065.0000,3065.2000,3065.4000,3065.6000,3066.4000,5,6,1,6,4,2,1,4,1,1
SF,IH2003,2020-01-17 09:32:09.800,3065.0000,21942,-2,236352660.000,2,0,2,双平,S,3064.8000,3064.6000,3064.4000,3064.2000,3064.0000,3065.0000,3065.2000,3065.4000,3065.6000,3066.4000,10,3,6,2,1,1,1,4,1,1
SF,IH2003,2020-01-17 09:32:10.300,3065.0000,21941,-1,237272160.000,1,0,1,双平,S,3065.0000,3064.8000,3064.6000,3064.4000,3064.2000,3065.2000,3065.4000,3065.6000,3066.4000,3066.6000,3,11,3,5,2,2,4,1,1,1
SF,IH2003,2020-01-17 09:32:10.800,3065.2000,21940,-1,238191720.000,1,0,1,双平,S,3065.0000,3064.8000,3064.6000,3064.4000,3064.2000,3065.2000,3065.4000,3065.6000,3066.4000,3066.6000,6,10,1,5,2,1,4,1,1,1
SF,IH2003,2020-01-17 09:32:11.300,3065.2000,21938,-2,240030840.000,2,0,2,双平,S,3065.0000,3064.8000,3064.6000,3064.4000,3064.2000,3065.4000,3065.6000,3066.4000,3066.6000,3066.8000,3,10,1,5,2,4,1,1,1,2
SF,IH2003,2020-01-17 09:32:11.800,3065.0000,21938,0,240950340.000,1,0,1,多换,S,3065.2000,3065.0000,3064.8000,3064.6000,3064.4000,3065.4000,3065.6000,3066.4000,3066.6000,3066.8000,1,3,10,1,5,4,1,1,1,2
SF,IH2003,2020-01-17 09:32:12.300,3065.2000,21937,-1,242789460.000,2,0,2,多平,S,3065.2000,3065.0000,3064.6000,3064.4000,3064.2000,3065.4000,3065.6000,3066.4000,3066.6000,3066.8000,3,2,1,5,1,4,1,1,1,2
SF,IH2003,2020-01-17 09:32:12.800,3065.2000,21935,-2,244628580.000,2,0,2,双平,S,3065.0000,3064.6000,3064.4000,3064.2000,3064.0000,3065.4000,3065.6000,3066.4000,3066.6000,3066.8000,2,1,5,1,1,4,1,1,1,2
SF,IH2003,2020-01-17 09:32:13.300,3065.4000,21933,-2,247387440.000,3,0,3,多平,S,3065.2000,3065.0000,3064.6000,3064.4000,3064.2000,3065.4000,3065.6000,3066.4000,3066.6000,3066.8000,2,2,1,5,1,1,1,1,1,2
SF,IH2003,2020-01-17 09:32:13.800,3065.4000,21933,0,248307060.000,1,0,1,多换,S,3065.2000,3065.0000,3064.6000,3064.4000,3064.2000,3065.6000,3066.4000,3066.6000,3066.8000,3067.2000,1,2,1,5,1,1,1,1,2,3
SF,IH2003,2020-01-17 09:32:14.300,3065.6000,21932,-1,249226740.000,1,0,1,双平,S,3065.6000,3065.4000,3065.2000,3065.0000,3064.6000,3066.4000,3066.6000,3066.8000,3067.2000,3067.6000,9,2,1,2,1,1,1,2,3,4
SF,IH2003,2020-01-17 09:32:14.800,3065.6000,21932,0,249226740.000,0,-,-,-,-,3065.6000,3065.4000,3065.2000,3065.0000,3064.6000,3066.2000,3066.4000,3066.6000,3066.8000,3067.2000,9,2,4,2,1,1,4,1,2,3
SF,IH2003,2020-01-17 09:32:15.300,3065.6000,21931,-1,250146420.000,1,0,1,双平,S,3065.6000,3065.4000,3065.2000,3065.0000,3064.6000,3066.4000,3066.6000,3066.8000,3067.2000,3067.6000,8,2,4,2,1,4,1,2,3,4
SF,IH2003,2020-01-17 09:32:15.800,3065.6000,21931,0,250146420.000,0,-,-,-,-,3065.6000,3065.4000,3065.2000,3065.0000,3064.6000,3066.2000,3066.4000,3066.6000,3066.8000,3067.2000,8,2,4,2,1,3,3,1,2,3
SF,IH2003,2020-01-17 09:32:16.300,3065.6000,21931,0,251066100.000,1,0,1,多换,S,3065.6000,3065.4000,3065.2000,3065.0000,3064.6000,3066.0000,3066.2000,3066.4000,3066.6000,3066.8000,7,1,1,2,1,1,5,4,1,2
SF,IH2003,2020-01-17 09:32:16.800,3065.6000,21924,-7,257503860.000,7,0,7,双平,S,3065.4000,3065.2000,3065.0000,3064.6000,3064.4000,3065.6000,3066.0000,3066.2000,3066.4000,3066.6000,1,1,2,1,5,1,1,4,4,1
SF,IH2003,2020-01-17 09:32:17.300,3066.6000,21926,2,265782600.000,9,5,4,空开,S,3066.6000,3065.2000,3065.0000,3064.6000,3064.4000,3066.8000,3067.2000,3067.6000,3068.0000,3068.2000,1,1,2,1,1,2,3,4,2,1
SF,IH2003,2020-01-17 09:32:17.800,3066.6000,21926,0,266702580.000,1,0,1,多换,S,3065.2000,3065.0000,3064.6000,3064.4000,3064.2000,3066.2000,3066.4000,3066.6000,3066.8000,3067.2000,1,2,1,1,1,2,2,9,3,3
SF,IH2003,2020-01-17 09:32:18.300,3066.6000,21926,0,266702580.000,0,-,-,-,-,3066.2000,3065.4000,3065.2000,3065.0000,3064.6000,3066.4000,3066.6000,3066.8000,3067.2000,3067.6000,3,2,2,2,1,1,7,3,3,4
SF,IH2003,2020-01-17 09:32:18.800,3066.0000,21923,-3,272221560.000,6,1,5,多平,S,3066.0000,3065.4000,3065.2000,3065.0000,3064.6000,3066.2000,3066.4000,3066.6000,3066.8000,3067.2000,7,2,4,2,1,2,1,6,3,3
SF,IH2003,2020-01-17 09:32:19.300,3066.0000,21923,0,278660160.000,7,3,4,多换,S,3065.2000,3065.0000,3064.6000,3064.4000,3064.2000,3066.0000,3066.2000,3066.4000,3066.6000,3066.8000,1,1,1,1,1,2,1,1,6,3
SF,IH2003,2020-01-17 09:32:19.800,3065.2000,21922,-1,280499280.000,2,0,2,多平,S,3065.0000,3064.0000,3063.8000,3063.6000,3063.4000,3065.8000,3066.0000,3066.2000,3066.4000,3066.6000,1,1,1,1,1,5,5,1,1,4
SF,IH2003,2020-01-17 09:32:20.300,3065.2000,21922,0,280499280.000,0,-,-,-,-,3064.0000,3063.8000,3063.6000,3063.4000,3063.2000,3065.6000,3065.8000,3066.0000,3066.2000,3066.4000,1,1,1,1,1,2,1,3,1,1
SF,IH2003,2020-01-17 09:32:20.800,3065.2000,21922,0,280499280.000,0,-,-,-,-,3064.4000,3064.2000,3064.0000,3063.8000,3063.6000,3065.4000,3065.6000,3066.0000,3066.2000,3066.4000,1,1,1,1,1,1,3,2,1,1
SF,IH2003,2020-01-17 09:32:21.300,3065.2000,21922,0,280499280.000,0,-,-,-,-,3064.2000,3064.0000,3063.8000,3063.6000,3063.4000,3065.4000,3065.6000,3066.0000,3066.2000,3066.6000,3,1,1,1,1,1,3,2,1,3
SF,IH2003,2020-01-17 09:32:22.300,3065.2000,21922,0,280499280.000,0,-,-,-,-,3065.0000,3063.2000,3063.0000,3062.4000,3062.0000,3065.2000,3065.4000,3065.6000,3066.0000,3066.2000,1,1,1,1,1,4,1,1,2,1
SF,IH2003,2020-01-17 09:32:22.800,3065.0000,21921,-1,281418780.000,1,0,1,双平,S,3063.2000,3063.0000,3062.8000,3062.4000,3062.0000,3065.0000,3065.2000,3066.0000,3066.2000,3066.6000,1,1,1,1,1,2,5,1,1,3
SF,IH2003,2020-01-17 09:32:23.300,3065.0000,21921,0,281418780.000,0,-,-,-,-,3063.4000,3063.2000,3063.0000,3062.8000,3062.4000,3064.8000,3065.0000,3065.2000,3066.0000,3066.2000,7,2,1,1,1,2,3,2,1,1
SF,IH2003,2020-01-17 09:32:23.800,3065.0000,21921,0,281418780.000,0,-,-,-,-,3064.4000,3063.6000,3063.4000,3063.2000,3063.0000,3065.0000,3065.2000,3066.0000,3066.2000,3066.6000,1,7,8,2,1,2,1,1,1,1
SF,IH2003,2020-01-17 09:32:24.300,3065.0000,21921,0,281418780.000,0,-,-,-,-,3064.4000,3063.6000,3063.4000,3063.2000,3063.0000,3065.0000,3065.2000,3066.0000,3066.2000,3066.6000,1,8,7,2,1,1,1,1,1,1
SF,IH2003,2020-01-17 09:32:24.800,3065.0000,21921,0,283257780.000,2,1,1,多换,S,3065.4000,3064.4000,3063.4000,3063.2000,3063.0000,3066.0000,3066.2000,3066.6000,3066.8000,3067.2000,4,1,5,2,1,1,1,1,3,3
SF,IH2003,2020-01-17 09:32:25.300,3065.4000,21921,0,286936260.000,4,2,2,多换,S,3064.4000,3063.4000,3063.2000,3063.0000,3062.8000,3065.2000,3065.4000,3065.6000,3065.8000,3066.0000,1,5,2,1,1,2,2,4,4,1
SF,IH2003,2020-01-17 09:32:25.800,3065.4000,21921,0,286936260.000,0,-,-,-,-,3064.4000,3063.4000,3063.2000,3063.0000,3062.8000,3065.0000,3065.4000,3065.6000,3065.8000,3066.0000,2,5,2,1,1,2,1,4,3,1
SF,IH2003,2020-01-17 09:32:26.300,3065.4000,21923,2,289695120.000,3,2,1,空开,S,3065.4000,3064.4000,3063.4000,3063.2000,3063.0000,3065.6000,3065.8000,3066.0000,3066.2000,3066.6000,2,2,4,2,1,4,3,1,1,1
SF,IH2003,2020-01-17 09:32:26.800,3065.4000,21924,1,291534360.000,2,1,1,空开,S,3064.4000,3063.4000,3063.2000,3063.0000,3062.8000,3065.2000,3065.4000,3065.8000,3066.0000,3066.2000,2,4,2,1,1,1,1,2,1,1
SF,IH2003,2020-01-17 09:32:27.300,3065.2000,21923,-1,292453920.000,1,0,1,双平,S,3065.4000,3064.6000,3064.4000,3063.4000,3063.2000,3065.8000,3066.0000,3066.2000,3066.6000,3066.8000,1,2,2,3,2,1,1,1,1,3
SF,IH2003,2020-01-17 09:32:27.800,3065.2000,21923,0,292453920.000,0,-,-,-,-,3064.6000,3064.4000,3063.4000,3063.2000,3063.0000,3065.8000,3066.0000,3066.2000,3066.4000,3066.8000,3,2,3,2,1,1,1,1,1,3
SF,IH2003,2020-01-17 09:32:28.300,3065.2000,21923,0,292453920.000,0,-,-,-,-,3064.8000,3064.6000,3064.4000,3063.4000,3063.2000,3065.8000,3066.0000,3066.2000,3066.4000,3066.8000,5,3,1,3,2,1,1,1,1,3
SF,IH2003,2020-01-17 09:32:28.800,3065.2000,21923,0,292453920.000,0,-,-,-,-,3065.0000,3064.8000,3064.6000,3064.4000,3063.6000,3065.8000,3066.0000,3066.2000,3066.4000,3066.8000,2,2,6,1,1,1,1,1,1,3
SF,IH2003,2020-01-17 09:32:29.300,3065.2000,21923,0,292453920.000,0,-,-,-,-,3065.0000,3064.6000,3064.4000,3063.6000,3063.4000,3065.8000,3066.0000,3066.2000,3066.4000,3066.8000,2,3,1,1,3,1,1,1,1,3
SF,IH2003,2020-01-17 09:32:29.800,3065.2000,21923,0,292453920.000,0,-,-,-,-,3065.2000,3065.0000,3064.6000,3064.4000,3063.6000,3065.8000,3066.0000,3066.2000,3066.4000,3066.8000,3,2,3,1,1,1,1,1,1,3
SF,IH2003,2020-01-17 09:32:30.300,3065.2000,21923,0,292453920.000,0,-,-,-,-,3065.2000,3064.6000,3064.4000,3063.6000,3063.4000,3065.8000,3066.0000,3066.2000,3066.4000,3066.8000,5,3,1,1,3,1,1,1,1,3
SF,IH2003,2020-01-17 09:32:30.800,3065.2000,21923,0,292453920.000,0,-,-,-,-,3065.2000,3064.6000,3064.4000,3063.6000,3063.4000,3065.8000,3066.0000,3066.2000,3066.4000,3066.8000,5,3,1,1,3,1,3,1,1,3
SF,IH2003,2020-01-17 09:32:31.800,3065.2000,21923,0,292453920.000,0,-,-,-,-,3065.2000,3064.6000,3064.4000,3063.6000,3063.4000,3065.8000,3066.0000,3066.2000,3066.4000,3066.8000,3,2,1,1,3,1,3,1,1,3
SF,IH2003,2020-01-17 09:32:32.300,3065.2000,21923,0,293373480.000,1,0,1,多换,S,3065.2000,3064.4000,3063.6000,3063.4000,3063.2000,3065.6000,3065.8000,3066.0000,3066.2000,3066.4000,2,1,1,3,2,2,1,4,1,1
SF,IH2003,2020-01-17 09:32:33.800,3065.2000,21923,0,293373480.000,0,-,-,-,-,3065.2000,3064.4000,3063.6000,3063.4000,3063.2000,3065.6000,3065.8000,3066.0000,3066.2000,3066.4000,2,1,1,3,2,1,1,4,1,1
SF,IH2003,2020-01-17 09:32:34.300,3065.2000,21923,0,293373480.000,0,-,-,-,-,3065.2000,3064.4000,3063.6000,3063.4000,3063.2000,3065.8000,3066.0000,3066.2000,3066.4000,3066.8000,2,1,1,3,2,2,5,1,1,3
SF,IH2003,2020-01-17 09:32:34.800,3065.8000,21921,-2,295212960.000,2,0,2,双平,S,3065.2000,3064.4000,3063.6000,3063.4000,3063.2000,3066.0000,3066.2000,3066.4000,3066.8000,3067.2000,2,1,1,3,2,5,1,1,3,3
SF,IH2003,2020-01-17 09:32:35.300,3065.8000,21921,0,295212960.000,0,-,-,-,-,3065.2000,3064.4000,3063.6000,3063.4000,3063.2000,3065.8000,3066.0000,3066.2000,3066.4000,3066.8000,2,1,1,3,2,1,5,1,1,3
SF,IH2003,2020-01-17 09:32:35.800,3065.2000,21921,0,297052080.000,2,1,1,多换,S,3064.4000,3063.6000,3063.4000,3063.2000,3063.0000,3065.8000,3066.0000,3066.2000,3066.4000,3066.8000,1,1,3,2,1,2,5,1,1,3
SF,IH2003,2020-01-17 09:32:36.300,3065.2000,21921,0,297052080.000,0,-,-,-,-,3064.6000,3064.4000,3063.6000,3063.4000,3063.2000,3065.6000,3065.8000,3066.0000,3066.2000,3066.4000,6,1,1,3,2,1,2,5,1,1
SF,IH2003,2020-01-17 09:32:36.800,3065.2000,21921,0,297052080.000,0,-,-,-,-,3064.8000,3064.6000,3064.4000,3063.6000,3063.4000,3065.6000,3065.8000,3066.0000,3066.2000,3066.4000,2,2,1,1,3,1,2,5,1,1
SF,IH2003,2020-01-17 09:32:37.300,3065.2000,21921,0,297052080.000,0,-,-,-,-,3064.8000,3064.6000,3064.4000,3063.6000,3063.4000,3065.6000,3065.8000,3066.0000,3066.2000,3066.4000,2,1,1,1,3,1,2,5,1,1
SF,IH2003,2020-01-17 09:32:37.800,3065.2000,21921,0,297052080.000,0,-,-,-,-,3064.8000,3064.6000,3064.4000,3063.6000,3063.4000,3065.6000,3065.8000,3066.0000,3066.2000,3066.4000,2,1,1,1,3,2,2,5,1,1
SF,IH2003,2020-01-17 09:32:38.300,3065.2000,21921,0,297052080.000,0,-,-,-,-,3065.0000,3064.6000,3064.4000,3063.6000,3063.4000,3065.6000,3065.8000,3066.0000,3066.2000,3066.4000,2,1,1,1,3,1,2,6,1,1
SF,IH2003,2020-01-17 09:32:38.800,3065.2000,21920,-1,297971640.000,1,0,1,双平,S,3064.6000,3064.4000,3063.6000,3063.4000,3063.2000,3065.6000,3065.8000,3066.0000,3066.2000,3066.4000,1,1,1,3,2,1,2,6,1,1
SF,IH2003,2020-01-17 09:32:39.300,3065.6000,21919,-1,299810940.000,2,0,2,多平,S,3064.4000,3063.6000,3063.4000,3063.2000,3063.0000,3065.8000,3066.0000,3066.2000,3066.4000,3066.8000,1,1,2,2,1,1,6,1,1,3
SF,IH2003,2020-01-17 09:32:39.800,3065.6000,21919,0,299810940.000,0,-,-,-,-,3065.6000,3064.8000,3064.6000,3064.4000,3063.6000,3065.8000,3066.0000,3066.2000,3066.4000,3066.8000,3,3,10,1,1,1,6,1,1,3
SF,IH2003,2020-01-17 09:32:40.300,3065.8000,21918,-1,300730680.000,1,0,1,双平,S,3065.6000,3064.8000,3064.6000,3064.4000,3063.6000,3066.0000,3066.2000,3066.4000,3066.8000,3067.2000,2,3,6,1,1,5,1,1,3,3
SF,IH2003,2020-01-17 09:32:40.800,3065.8000,21918,0,300730680.000,0,-,-,-,-,3065.6000,3064.8000,3064.6000,3064.4000,3063.6000,3066.0000,3066.2000,3066.4000,3066.8000,3067.2000,2,2,3,1,1,5,1,1,3,3
SF,IH2003,2020-01-17 09:32:41.300,3065.6000,21917,-1,301650360.000,1,0,1,双平,S,3064.8000,3064.6000,3064.4000,3063.6000,3063.4000,3066.0000,3066.2000,3066.4000,3066.8000,3067.2000,2,3,1,1,2,6,1,1,3,3
SF,IH2003,2020-01-17 09:32:41.800,3065.6000,21917,0,301650360.000,0,-,-,-,-,3065.0000,3064.8000,3064.6000,3064.4000,3063.6000,3066.0000,3066.2000,3066.4000,3066.8000,3067.2000,2,2,2,1,1,6,1,1,3,3
SF,IH2003,2020-01-17 09:32:42.300,3066.0000,21917,0,302570160.000,1,0,1,多换,S,3065.2000,3065.0000,3064.8000,3064.6000,3064.4000,3066.0000,3066.2000,3066.4000,3066.8000,3067.2000,2,1,2,2,1,5,1,1,3,3
SF,IH2003,2020-01-17 09:32:42.800,3066.0000,21917,0,302570160.000,0,-,-,-,-,3065.2000,3064.6000,3064.4000,3063.6000,3063.4000,3066.0000,3066.2000,3066.4000,3066.8000,3067.2000,3,2,1,1,2,5,1,1,3,3
SF,IH2003,2020-01-17 09:32:43.300,3065.2000,21916,-1,304409280.000,2,0,2,多平,S,3064.6000,3064.4000,3064.0000,3063.6000,3063.4000,3066.0000,3066.2000,3066.4000,3066.8000,3067.2000,2,1,1,1,2,5,1,1,3,3
SF,IH2003,2020-01-17 09:32:43.800,3065.2000,21916,0,304409280.000,0,-,-,-,-,3064.8000,3064.6000,3064.4000,3064.0000,3063.6000,3066.0000,3066.2000,3066.4000,3066.8000,3067.2000,5,2,1,1,1,5,1,1,3,3
SF,IH2003,2020-01-17 09:32:44.300,3066.0000,21916,0,305329080.000,1,0,1,多换,S,3064.8000,3064.6000,3064.4000,3064.0000,3063.6000,3066.0000,3066.2000,3066.4000,3066.8000,3067.2000,5,5,1,1,1,4,1,1,3,3
SF,IH2003,2020-01-17 09:32:44.800,3066.0000,21916,0,305329080.000,0,-,-,-,-,3065.0000,3064.6000,3064.4000,3064.0000,3063.6000,3065.8000,3066.0000,3066.2000,3066.4000,3066.8000,5,1,1,1,1,2,4,1,1,3
SF,IH2003,2020-01-17 09:32:45.300,3066.0000,21916,0,305329080.000,0,-,-,-,-,3065.0000,3064.6000,3064.4000,3064.0000,3063.6000,3065.8000,3066.0000,3066.2000,3066.4000,3066.8000,4,1,1,1,1,2,5,1,1,3
SF,IH2003,2020-01-17 09:32:45.800,3066.0000,21916,0,305329080.000,0,-,-,-,-,3065.2000,3065.0000,3064.6000,3064.4000,3064.0000,3066.0000,3066.2000,3066.4000,3066.8000,3067.2000,1,4,1,1,1,5,1,1,3,3
SF,IH2003,2020-01-17 09:32:46.300,3065.0000,21912,-4,309007080.000,4,0,4,双平,S,3064.6000,3064.4000,3064.0000,3063.6000,3063.4000,3064.8000,3065.8000,3066.0000,3066.2000,3066.4000,1,1,1,1,2,1,1,5,1,1
SF,IH2003,2020-01-17 09:32:46.800,3064.8000,21911,-1,309926520.000,1,0,1,双平,S,3065.2000,3065.0000,3064.8000,3064.6000,3064.4000,3065.8000,3066.0000,3066.2000,3066.4000,3066.8000,2,2,15,1,1,1,6,1,1,3
SF,IH2003,2020-01-17 09:32:47.300,3064.8000,21911,0,309926520.000,0,-,-,-,-,3065.0000,3064.8000,3064.6000,3064.4000,3064.0000,3065.8000,3066.0000,3066.2000,3066.4000,3066.8000,1,11,1,1,1,1,6,1,1,3
SF,IH2003,2020-01-17 09:32:47.800,3064.8000,21911,0,309926520.000,0,-,-,-,-,3065.2000,3065.0000,3064.8000,3064.6000,3064.4000,3065.8000,3066.0000,3066.2000,3066.4000,3066.8000,2,2,10,1,1,1,6,1,1,3
SF,IH2003,2020-01-17 09:32:48.300,3064.8000,21911,0,309926520.000,0,-,-,-,-,3064.8000,3064.6000,3064.4000,3064.0000,3063.6000,3066.0000,3066.2000,3066.4000,3066.8000,3067.2000,5,1,1,1,1,6,1,1,3,3
SF,IH2003,2020-01-17 09:32:48.800,3064.8000,21911,0,309926520.000,0,-,-,-,-,3065.4000,3065.2000,3065.0000,3064.8000,3064.6000,3066.0000,3066.2000,3066.4000,3066.8000,3067.2000,1,1,8,5,1,6,1,1,3,3
SF,IH2003,2020-01-17 09:32:49.300,3064.8000,21911,0,309926520.000,0,-,-,-,-,3065.4000,3065.0000,3064.8000,3064.6000,3064.4000,3066.0000,3066.2000,3066.4000,3066.8000,3067.2000,1,8,5,1,1,6,1,1,3,3
SF,IH2003,2020-01-17 09:32:49.800,3064.8000,21911,0,309926520.000,0,-,-,-,-,3065.0000,3064.8000,3064.6000,3064.4000,3064.0000,3066.0000,3066.2000,3066.4000,3066.8000,3067.2000,3,5,1,1,1,6,1,1,3,3
SF,IH2003,2020-01-17 09:32:50.300,3064.8000,21911,0,309926520.000,0,-,-,-,-,3065.2000,3065.0000,3064.8000,3064.6000,3064.4000,3066.0000,3066.2000,3066.4000,3066.8000,3067.2000,3,3,4,1,1,6,1,1,3,3
SF,IH2003,2020-01-17 09:32:50.800,3064.8000,21911,0,309926520.000,0,-,-,-,-,3065.4000,3065.2000,3065.0000,3064.8000,3064.6000,3066.0000,3066.2000,3066.4000,3066.8000,3067.2000,1,4,3,4,1,6,1,1,3,3
SF,IH2003,2020-01-17 09:32:51.300,3064.8000,21911,0,309926520.000,0,-,-,-,-,3065.4000,3065.2000,3065.0000,3064.8000,3064.6000,3066.0000,3066.2000,3066.4000,3066.8000,3067.2000,1,3,3,4,1,7,1,1,3,3
SF,IH2003,2020-01-17 09:32:51.800,3064.8000,21911,0,309926520.000,0,-,-,-,-,3065.6000,3065.4000,3065.2000,3065.0000,3064.8000,3065.8000,3066.0000,3066.2000,3066.4000,3066.8000,1,2,2,3,4,1,7,1,1,3
SF,IH2003,2020-01-17 09:32:52.300,3065.8000,21910,-1,310846260.000,1,0,1,双平,S,3065.6000,3065.4000,3065.2000,3065.0000,3064.8000,3066.0000,3066.2000,3066.4000,3066.8000,3067.2000,2,2,2,2,4,7,1,1,3,3
SF,IH2003,2020-01-17 09:32:52.800,3065.8000,21910,0,310846260.000,0,-,-,-,-,3065.6000,3065.4000,3065.2000,3065.0000,3064.8000,3066.0000,3066.2000,3066.4000,3066.8000,3067.2000,1,1,2,2,4,7,1,1,3,3
SF,IH2003,2020-01-17 09:32:53.300,3065.8000,21910,0,310846260.000,0,-,-,-,-,3065.4000,3065.2000,3065.0000,3064.8000,3064.6000,3066.0000,3066.2000,3066.4000,3066.8000,3067.2000,1,2,2,4,1,7,1,1,3,3
SF,IH2003,2020-01-17 09:32:54.300,3065.8000,21910,0,310846260.000,0,-,-,-,-,3065.4000,3065.0000,3064.8000,3064.6000,3064.4000,3066.0000,3066.2000,3066.4000,3066.8000,3067.2000,1,2,4,1,1,7,1,1,3,3
SF,IH2003,2020-01-17 09:32:54.800,3065.8000,21910,0,310846260.000,0,-,-,-,-,3065.4000,3065.0000,3064.8000,3064.6000,3064.4000,3066.0000,3066.2000,3066.4000,3066.8000,3067.2000,1,2,4,1,1,7,3,1,3,3
SF,IH2003,2020-01-17 09:32:55.300,3065.4000,21909,-1,311765880.000,1,0,1,双平,S,3065.0000,3064.8000,3064.6000,3064.4000,3064.0000,3066.0000,3066.2000,3066.4000,3066.8000,3067.2000,2,4,1,1,1,7,3,1,3,3
SF,IH2003,2020-01-17 09:32:55.800,3065.4000,21909,0,311765880.000,0,-,-,-,-,3065.0000,3064.8000,3064.6000,3064.4000,3064.0000,3066.0000,3066.2000,3066.4000,3066.8000,3067.2000,3,4,1,1,1,7,3,1,3,3
SF,IH2003,2020-01-17 09:32:56.300,3065.4000,21909,0,311765880.000,0,-,-,-,-,3065.0000,3064.8000,3064.6000,3064.4000,3064.0000,3065.8000,3066.0000,3066.2000,3066.4000,3066.8000,2,4,1,1,1,1,7,4,1,3
SF,IH2003,2020-01-17 09:32:56.800,3065.4000,21909,0,311765880.000,0,-,-,-,-,3065.0000,3064.8000,3064.6000,3064.4000,3064.0000,3065.8000,3066.0000,3066.2000,3066.4000,3066.8000,2,3,1,1,1,1,7,4,1,3
SF,IH2003,2020-01-17 09:32:57.300,3065.4000,21909,0,311765880.000,0,-,-,-,-,3065.0000,3064.8000,3064.4000,3064.0000,3063.6000,3065.8000,3066.0000,3066.2000,3066.4000,3066.8000,1,2,1,1,1,2,8,4,1,3
SF,IH2003,2020-01-17 09:32:57.800,3065.4000,21909,0,311765880.000,0,-,-,-,-,3065.0000,3064.8000,3064.4000,3064.0000,3063.6000,3065.8000,3066.0000,3066.2000,3066.4000,3066.8000,2,2,1,1,1,1,8,4,1,3
SF,IH2003,2020-01-17 09:32:58.300,3065.8000,21903,-6,319124160.000,8,1,7,多平,S,3065.6000,3065.4000,3065.2000,3065.0000,3064.8000,3066.0000,3066.2000,3066.4000,3066.8000,3067.2000,3,4,4,2,2,3,4,1,3,3
SF,IH2003,2020-01-17 09:32:58.800,3065.8000,21903,0,319124160.000,0,-,-,-,-,3065.2000,3065.0000,3064.8000,3064.4000,3064.0000,3066.0000,3066.2000,3066.4000,3066.8000,3067.2000,4,2,2,1,1,3,4,1,3,3
SF,IH2003,2020-01-17 09:32:59.300,3065.8000,21903,0,319124160.000,0,-,-,-,-,3065.2000,3065.0000,3064.8000,3064.4000,3064.0000,3066.0000,3066.2000,3066.4000,3066.8000,3067.2000,3,2,2,1,1,3,4,1,3,3
SF,IH2003,2020-01-17 09:32:59.800,3065.8000,21903,0,319124160.000,0,-,-,-,-,3065.4000,3065.2000,3065.0000,3064.8000,3064.4000,3065.6000,3066.0000,3066.2000,3066.4000,3066.8000,1,3,1,2,1,1,3,4,1,3
SF,IH2003,2020-01-17 09:33:00.300,3065.6000,21901,-2,320963520.000,2,0,2,双平,S,3065.6000,3065.4000,3065.2000,3065.0000,3064.8000,3066.0000,3066.2000,3066.4000,3066.8000,3067.2000,1,2,2,1,2,3,4,1,3,3
SF,IH2003,2020-01-17 09:33:00.800,3065.6000,21901,0,320963520.000,0,-,-,-,-,3065.6000,3065.4000,3065.2000,3065.0000,3064.8000,3066.0000,3066.2000,3066.4000,3066.8000,3067.2000,1,2,2,1,2,3,4,1,3,3
SF,IH2003,2020-01-17 09:33:01.300,3065.4000,21900,-1,322802820.000,2,0,2,多平,S,3065.2000,3065.0000,3064.8000,3064.4000,3064.0000,3066.0000,3066.2000,3066.4000,3066.8000,3067.2000,1,1,2,2,1,3,4,1,3,3
SF,IH2003,2020-01-17 09:33:01.800,3065.4000,21900,0,322802820.000,0,-,-,-,-,3065.0000,3064.8000,3064.4000,3064.0000,3063.6000,3066.0000,3066.2000,3066.4000,3066.8000,3067.2000,1,2,2,1,1,3,5,1,3,3
SF,IH2003,2020-01-17 09:33:02.300,3065.4000,21900,0,322802820.000,0,-,-,-,-,3065.4000,3065.2000,3065.0000,3064.8000,3064.4000,3066.0000,3066.2000,3066.4000,3066.8000,3067.2000,1,1,1,2,2,4,5,1,3,3
SF,IH2003,2020-01-17 09:33:02.800,3065.4000,21900,0,322802820.000,0,-,-,-,-,3065.0000,3064.8000,3064.4000,3064.0000,3063.6000,3065.8000,3066.0000,3066.2000,3066.4000,3066.8000,2,2,2,1,1,1,4,5,1,3
SF,IH2003,2020-01-17 09:33:03.300,3065.4000,21900,0,322802820.000,0,-,-,-,-,3065.2000,3065.0000,3064.8000,3064.4000,3064.0000,3065.8000,3066.0000,3066.2000,3066.4000,3066.8000,1,3,2,2,1,6,4,5,1,3
SF,IH2003,2020-01-17 09:33:03.800,3065.4000,21900,0,322802820.000,0,-,-,-,-,3065.0000,3064.8000,3064.4000,3064.0000,3063.6000,3065.8000,3066.0000,3066.2000,3066.4000,3066.8000,3,2,2,1,1,7,4,5,1,3
SF,IH2003,2020-01-17 09:33:04.300,3065.4000,21900,0,322802820.000,0,-,-,-,-,3065.6000,3065.2000,3065.0000,3064.8000,3064.4000,3065.8000,3066.0000,3066.2000,3066.4000,3066.8000,1,1,3,2,2,7,4,5,1,3
SF,IH2003,2020-01-17 09:33:04.800,3065.6000,21900,0,323722500.000,1,0,1,多换,S,3065.2000,3065.0000,3064.8000,3064.4000,3064.0000,3065.6000,3065.8000,3066.0000,3066.2000,3066.4000,1,3,2,2,1,2,8,4,5,1
SF,IH2003,2020-01-17 09:33:05.300,3065.6000,21900,0,323722500.000,0,-,-,-,-,3065.2000,3065.0000,3064.8000,3064.4000,3064.0000,3065.4000,3065.6000,3065.8000,3066.0000,3066.2000,1,3,2,2,1,1,2,8,4,5
SF,IH2003,2020-01-17 09:33:05.800,3065.4000,21899,-1,324642120.000,1,0,1,双平,S,3065.2000,3065.0000,3064.8000,3064.4000,3064.0000,3065.6000,3065.8000,3066.0000,3066.2000,3066.4000,1,3,2,2,1,2,8,4,5,1
SF,IH2003,2020-01-17 09:33:06.800,3065.2000,21898,-1,325561680.000,1,0,1,双平,S,3065.0000,3064.8000,3064.4000,3064.0000,3063.6000,3065.6000,3065.8000,3066.0000,3066.2000,3066.4000,3,2,2,1,1,2,8,4,5,1
SF,IH2003,2020-01-17 09:33:07.300,3065.0000,21897,-1,326481180.000,1,0,1,双平,S,3065.0000,3064.8000,3064.4000,3064.0000,3063.6000,3065.6000,3065.8000,3066.0000,3066.2000,3066.4000,2,2,2,1,1,3,8,4,5,1
SF,IH2003,2020-01-17 09:33:07.800,3065.0000,21896,-1,328320180.000,2,0,2,多平,S,3064.8000,3064.4000,3064.0000,3063.6000,3063.4000,3065.4000,3065.6000,3065.8000,3066.0000,3066.2000,2,2,1,1,1,1,3,8,4,5
SF,IH2003,2020-01-17 09:33:08.300,3065.0000,21896,0,328320180.000,0,-,-,-,-,3064.4000,3064.0000,3063.6000,3063.4000,3063.0000,3065.0000,3065.2000,3065.4000,3065.6000,3065.8000,2,1,1,1,1,1,1,4,3,7
SF,IH2003,2020-01-17 09:33:08.800,3065.0000,21896,0,328320180.000,0,-,-,-,-,3064.6000,3064.4000,3064.0000,3063.6000,3063.4000,3065.0000,3065.2000,3065.4000,3065.6000,3065.8000,1,2,1,1,1,1,1,4,1,7
SF,IH2003,2020-01-17 09:33:09.300,3065.0000,21896,0,328320180.000,0,-,-,-,-,3064.6000,3064.4000,3064.0000,3063.6000,3063.4000,3065.0000,3065.2000,3065.4000,3065.6000,3065.8000,1,2,1,1,1,7,1,3,1,7
SF,IH2003,2020-01-17 09:33:09.800,3065.0000,21896,0,328320180.000,0,-,-,-,-,3064.6000,3064.4000,3064.0000,3063.6000,3063.4000,3065.0000,3065.2000,3065.4000,3065.6000,3065.8000,1,2,1,1,1,7,2,3,1,7
SF,IH2003,2020-01-17 09:33:10.300,3064.6000,21896,0,329239560.000,1,0,1,多换,S,3064.4000,3064.0000,3063.6000,3063.4000,3063.0000,3064.6000,3065.0000,3065.2000,3065.4000,3065.6000,2,1,1,1,1,1,7,2,3,1
SF,IH2003,2020-01-17 09:33:10.800,3064.4000,21896,0,331078200.000,2,1,1,多换,S,3064.0000,3063.6000,3063.4000,3063.0000,3062.8000,3064.4000,3064.6000,3065.0000,3065.2000,3065.4000,1,1,1,1,1,1,1,7,2,3
SF,IH2003,2020-01-17 09:33:11.300,3064.4000,21895,-1,331997520.000,1,0,1,双平,S,3064.2000,3064.0000,3063.6000,3063.4000,3063.0000,3064.6000,3065.0000,3065.2000,3065.4000,3065.6000,3,1,1,1,1,1,7,2,2,1
SF,IH2003,2020-01-17 09:33:11.800,3065.0000,21895,0,334755900.000,3,1,2,多换,S,3064.2000,3064.0000,3063.6000,3063.4000,3063.0000,3065.0000,3065.2000,3065.4000,3065.6000,3065.8000,1,1,1,1,1,5,2,2,1,7
SF,IH2003,2020-01-17 09:33:12.300,3065.0000,21895,0,334755900.000,0,-,-,-,-,3064.2000,3064.0000,3063.6000,3063.4000,3063.0000,3064.8000,3065.0000,3065.2000,3065.4000,3065.6000,1,1,1,1,1,1,5,2,2,1
SF,IH2003,2020-01-17 09:33:12.800,3065.0000,21895,0,334755900.000,0,-,-,-,-,3064.2000,3064.0000,3063.6000,3063.4000,3063.0000,3064.8000,3065.0000,3065.2000,3065.4000,3065.6000,3,1,1,1,1,1,5,2,2,1
SF,IH2003,2020-01-17 09:33:13.300,3065.0000,21895,0,334755900.000,0,-,-,-,-,3064.2000,3064.0000,3063.6000,3063.4000,3063.0000,3064.8000,3065.0000,3065.2000,3065.4000,3065.6000,1,1,1,1,1,1,5,2,2,1
SF,IH2003,2020-01-17 09:33:13.800,3065.0000,21895,0,334755900.000,0,-,-,-,-,3064.0000,3063.6000,3063.4000,3063.0000,3062.8000,3064.8000,3065.0000,3065.2000,3065.4000,3065.6000,1,1,1,1,1,1,5,2,2,1
SF,IH2003,2020-01-17 09:33:14.300,3065.0000,21895,0,334755900.000,0,-,-,-,-,3064.0000,3063.6000,3063.4000,3063.0000,3062.8000,3064.8000,3065.0000,3065.2000,3065.4000,3065.6000,1,1,1,1,1,1,6,2,2,1
SF,IH2003,2020-01-17 09:33:14.800,3065.0000,21895,0,334755900.000,0,-,-,-,-,3064.2000,3064.0000,3063.6000,3063.4000,3063.0000,3064.8000,3065.0000,3065.2000,3065.4000,3065.8000,6,1,1,1,1,1,7,2,2,7
SF,IH2003,2020-01-17 09:33:15.300,3065.0000,21895,0,334755900.000,0,-,-,-,-,3064.0000,3063.6000,3063.4000,3063.0000,3062.8000,3065.0000,3065.2000,3065.4000,3065.8000,3066.0000,1,1,1,1,1,7,2,2,7,3
SF,IH2003,2020-01-17 09:33:15.800,3065.0000,21895,0,334755900.000,0,-,-,-,-,3064.0000,3063.6000,3063.4000,3063.0000,3062.8000,3064.6000,3065.0000,3065.2000,3065.4000,3065.8000,1,1,1,1,1,1,7,2,1,7
SF,IH2003,2020-01-17 09:33:16.300,3065.0000,21895,0,334755900.000,0,-,-,-,-,3064.0000,3063.6000,3063.4000,3063.0000,3062.8000,3064.6000,3065.0000,3065.2000,3065.4000,3065.8000,1,1,1,1,1,1,7,2,1,7
SF,IH2003,2020-01-17 09:33:17.300,3064.0000,21894,-1,335675100.000,1,0,1,双平,S,3063.6000,3063.4000,3063.0000,3062.8000,3062.4000,3064.6000,3065.0000,3065.2000,3065.4000,3065.8000,1,1,1,1,1,1,7,2,1,7
SF,IH2003,2020-01-17 09:33:17.800,3064.0000,21894,0,335675100.000,0,-,-,-,-,3063.6000,3063.4000,3063.0000,3062.8000,3062.4000,3064.6000,3065.0000,3065.2000,3065.4000,3065.8000,1,2,1,1,1,1,7,2,1,7
SF,IH2003,2020-01-17 09:33:18.300,3064.0000,21894,0,335675100.000,0,-,-,-,-,3064.6000,3063.8000,3063.6000,3063.4000,3063.0000,3065.0000,3065.2000,3065.4000,3065.8000,3066.0000,3,3,4,3,1,7,2,1,7,3
SF,IH2003,2020-01-17 09:33:18.800,3064.6000,21891,-3,338433240.000,3,0,3,双平,S,3063.8000,3063.6000,3063.4000,3063.0000,3062.8000,3064.6000,3065.0000,3065.2000,3065.4000,3065.8000,3,3,2,1,1,3,7,2,1,7
SF,IH2003,2020-01-17 09:33:19.300,3064.6000,21891,0,338433240.000,0,-,-,-,-,3063.8000,3063.6000,3063.4000,3063.0000,3062.8000,3065.0000,3065.2000,3065.4000,3065.8000,3066.0000,3,1,2,1,1,7,2,1,7,3
SF,IH2003,2020-01-17 09:33:19.800,3064.6000,21891,0,338433240.000,0,-,-,-,-,3063.8000,3063.6000,3063.4000,3063.0000,3062.8000,3064.8000,3065.0000,3065.2000,3065.4000,3065.8000,3,2,2,1,1,3,7,2,1,7
SF,IH2003,2020-01-17 09:33:20.300,3064.6000,21891,0,338433240.000,0,-,-,-,-,3063.8000,3063.6000,3063.4000,3063.0000,3062.8000,3064.8000,3065.0000,3065.2000,3065.4000,3065.8000,3,1,2,1,1,3,8,2,1,7
SF,IH2003,2020-01-17 09:33:21.300,3064.6000,21891,0,338433240.000,0,-,-,-,-,3063.8000,3063.6000,3063.4000,3063.0000,3062.8000,3064.8000,3065.0000,3065.2000,3065.4000,3065.8000,4,1,2,1,1,3,8,2,1,7
SF,IH2003,2020-01-17 09:33:21.800,3064.0000,21891,0,339352440.000,1,0,1,多换,S,3064.0000,3063.8000,3063.6000,3063.4000,3063.0000,3065.0000,3065.2000,3065.4000,3065.6000,3065.8000,3,4,2,2,1,9,1,1,1,7
SF,IH2003,2020-01-17 09:33:22.300,3064.0000,21891,0,339352440.000,0,-,-,-,-,3064.2000,3063.8000,3063.6000,3063.4000,3063.0000,3064.8000,3065.0000,3065.2000,3065.4000,3065.6000,1,4,1,2,1,2,9,2,1,1
SF,IH2003,2020-01-17 09:33:22.800,3064.0000,21891,0,339352440.000,0,-,-,-,-,3064.2000,3063.8000,3063.6000,3063.4000,3063.0000,3064.8000,3065.0000,3065.2000,3065.4000,3065.6000,1,1,1,2,1,2,9,2,1,1
SF,IH2003,2020-01-17 09:33:23.300,3064.0000,21891,0,339352440.000,0,-,-,-,-,3063.8000,3063.6000,3063.4000,3063.0000,3062.8000,3064.8000,3065.0000,3065.2000,3065.4000,3065.6000,1,1,2,1,1,2,9,2,1,1
SF,IH2003,2020-01-17 09:33:23.800,3064.0000,21891,0,339352440.000,0,-,-,-,-,3064.0000,3063.8000,3063.6000,3063.4000,3063.0000,3064.8000,3065.0000,3065.2000,3065.4000,3065.6000,1,1,1,1,1,2,9,2,1,1
SF,IH2003,2020-01-17 09:33:24.300,3064.0000,21891,0,339352440.000,0,-,-,-,-,3063.6000,3063.4000,3063.0000,3062.8000,3062.4000,3063.8000,3064.2000,3064.8000,3065.0000,3065.2000,1,1,1,1,1,1,1,2,9,2
SF,IH2003,2020-01-17 09:33:24.800,3063.8000,21890,-1,340271580.000,1,0,1,双平,S,3063.8000,3063.6000,3063.4000,3063.0000,3062.8000,3064.0000,3064.8000,3065.0000,3065.2000,3065.6000,3,1,1,1,1,1,2,9,2,1
SF,IH2003,2020-01-17 09:33:25.300,3064.0000,21889,-1,341190780.000,1,0,1,双平,S,3063.8000,3063.6000,3063.4000,3063.0000,3062.8000,3064.8000,3065.0000,3065.2000,3065.6000,3065.8000,4,1,2,1,1,1,9,2,1,7
SF,IH2003,2020-01-17 09:33:25.800,3063.8000,21889,0,342109920.000,1,0,1,多换,S,3063.8000,3063.6000,3063.4000,3063.0000,3062.8000,3064.8000,3065.0000,3065.2000,3065.6000,3065.8000,2,1,1,1,1,4,9,2,1,7
SF,IH2003,2020-01-17 09:33:26.300,3063.8000,21889,0,342109920.000,0,-,-,-,-,3063.8000,3063.6000,3063.4000,3063.0000,3062.8000,3064.8000,3065.0000,3065.2000,3065.6000,3065.8000,2,2,1,1,1,3,9,2,1,7
SF,IH2003,2020-01-17 09:33:26.800,3063.8000,21889,0,342109920.000,0,-,-,-,-,3063.8000,3063.6000,3063.4000,3063.0000,3062.8000,3064.6000,3064.8000,3065.0000,3065.2000,3065.6000,2,1,1,1,1,1,1,9,2,1
SF,IH2003,2020-01-17 09:33:27.300,3063.8000,21889,0,342109920.000,0,-,-,-,-,3064.0000,3063.8000,3063.6000,3063.4000,3063.0000,3064.6000,3065.0000,3065.2000,3065.6000,3065.8000,3,2,1,1,1,1,9,2,1,7
SF,IH2003,2020-01-17 09:33:27.800,3063.8000,21889,0,342109920.000,0,-,-,-,-,3064.0000,3063.8000,3063.6000,3063.4000,3063.0000,3064.6000,3065.0000,3065.2000,3065.6000,3065.8000,3,2,2,1,1,1,9,2,1,7
SF,IH2003,2020-01-17 09:33:28.300,3063.8000,21889,0,342109920.000,0,-,-,-,-,3063.8000,3063.6000,3063.4000,3063.0000,3062.8000,3064.6000,3065.0000,3065.2000,3065.6000,3065.8000,2,1,1,1,1,1,9,2,1,7
SF,IH2003,2020-01-17 09:33:28.800,3063.8000,21889,0,342109920.000,0,-,-,-,-,3063.8000,3063.6000,3063.4000,3063.0000,3062.8000,3064.6000,3065.0000,3065.2000,3065.6000,3065.8000,3,1,1,1,1,1,9,2,1,7
SF,IH2003,2020-01-17 09:33:29.300,3063.8000,21889,0,342109920.000,0,-,-,-,-,3064.0000,3063.8000,3063.6000,3063.4000,3063.0000,3064.4000,3064.6000,3065.0000,3065.2000,3065.6000,1,3,1,1,1,1,1,9,2,1
SF,IH2003,2020-01-17 09:33:29.800,3064.4000,21888,-1,343029240.000,1,0,1,双平,S,3064.4000,3064.0000,3063.8000,3063.6000,3063.4000,3065.0000,3065.2000,3065.6000,3065.8000,3066.0000,3,1,3,1,1,9,2,1,8,3
SF,IH2003,2020-01-17 09:33:30.300,3064.4000,21888,0,343029240.000,0,-,-,-,-,3064.4000,3064.0000,3063.8000,3063.6000,3063.4000,3064.6000,3064.8000,3065.0000,3065.2000,3065.6000,1,1,3,1,1,1,1,9,2,1
SF,IH2003,2020-01-17 09:33:31.300,3064.4000,21887,-1,343948560.000,1,0,1,双平,S,3064.0000,3063.8000,3063.6000,3063.4000,3063.0000,3064.6000,3064.8000,3065.0000,3065.2000,3065.6000,1,3,1,1,1,1,1,9,2,1
SF,IH2003,2020-01-17 09:33:31.800,3064.0000,21886,-1,344867760.000,1,0,1,双平,S,3063.8000,3063.6000,3063.4000,3063.0000,3062.8000,3064.6000,3065.0000,3065.2000,3065.6000,3065.8000,3,1,1,1,1,2,9,2,1,8
SF,IH2003,2020-01-17 09:33:33.300,3064.0000,21886,0,344867760.000,0,-,-,-,-,3063.8000,3063.6000,3063.4000,3063.0000,3062.8000,3064.4000,3064.6000,3065.0000,3065.2000,3065.6000,3,1,1,1,1,1,2,9,2,1
SF,IH2003,2020-01-17 09:33:33.800,3064.0000,21886,0,344867760.000,0,-,-,-,-,3063.8000,3063.6000,3063.4000,3063.0000,3062.8000,3064.4000,3064.6000,3065.0000,3065.2000,3065.6000,3,1,1,1,1,2,1,9,2,1
SF,IH2003,2020-01-17 09:33:34.800,3063.8000,21883,-3,347625180.000,3,0,3,双平,S,3063.6000,3063.4000,3063.0000,3062.8000,3062.4000,3064.4000,3064.6000,3065.0000,3065.2000,3065.6000,1,1,1,1,1,2,1,9,2,1
SF,IH2003,2020-01-17 09:33:35.300,3063.8000,21883,0,347625180.000,0,-,-,-,-,3063.6000,3063.4000,3063.0000,3062.8000,3062.4000,3064.4000,3064.6000,3065.0000,3065.2000,3065.6000,2,1,1,1,1,2,1,9,2,1
SF,IH2003,2020-01-17 09:33:36.300,3063.6000,21883,0,348544260.000,1,0,1,多换,S,3063.6000,3063.4000,3063.0000,3062.8000,3062.4000,3064.4000,3064.6000,3065.0000,3065.2000,3065.6000,1,1,1,1,1,2,1,9,2,1
SF,IH2003,2020-01-17 09:33:37.300,3063.6000,21883,0,348544260.000,0,-,-,-,-,3063.6000,3063.0000,3062.8000,3062.4000,3062.0000,3064.2000,3064.4000,3064.6000,3065.0000,3065.2000,1,1,1,1,1,1,2,1,9,2
SF,IH2003,2020-01-17 09:33:37.800,3063.6000,21883,0,348544260.000,0,-,-,-,-,3063.6000,3063.0000,3062.8000,3062.4000,3062.0000,3064.2000,3064.4000,3064.6000,3065.0000,3065.2000,1,1,1,1,1,2,1,1,9,2
SF,IH2003,2020-01-17 09:33:38.300,3063.6000,21883,0,348544260.000,0,-,-,-,-,3063.6000,3063.0000,3062.8000,3062.4000,3062.0000,3064.2000,3064.4000,3064.6000,3065.0000,3065.2000,1,1,1,1,1,2,1,1,9,2
SF,IH2003,2020-01-17 09:33:38.800,3063.6000,21883,0,348544260.000,0,-,-,-,-,3063.6000,3063.0000,3062.8000,3062.4000,3062.0000,3064.2000,3064.4000,3064.6000,3065.0000,3065.2000,1,1,1,1,1,2,1,1,9,2
SF,IH2003,2020-01-17 09:33:40.300,3063.6000,21883,0,349463340.000,1,0,1,多换,S,3063.0000,3062.8000,3062.4000,3062.0000,3061.8000,3064.0000,3064.2000,3064.4000,3064.6000,3065.0000,1,1,1,1,1,1,2,1,1,9
SF,IH2003,2020-01-17 09:33:40.800,3063.6000,21883,0,349463340.000,0,-,-,-,-,3063.0000,3062.8000,3062.4000,3062.0000,3061.8000,3064.0000,3064.2000,3064.4000,3064.6000,3065.0000,3,1,1,1,1,2,1,1,1,9
SF,IH2003,2020-01-17 09:33:41.300,3063.6000,21883,0,349463340.000,0,-,-,-,-,3063.2000,3063.0000,3062.8000,3062.4000,3062.0000,3064.0000,3064.4000,3064.6000,3065.0000,3065.2000,1,3,1,1,1,2,1,1,9,2
SF,IH2003,2020-01-17 09:33:41.800,3063.6000,21883,0,349463340.000,0,-,-,-,-,3063.2000,3063.0000,3062.8000,3062.4000,3062.0000,3063.6000,3064.0000,3064.4000,3064.6000,3065.0000,1,1,1,1,1,1,2,1,1,9
SF,IH2003,2020-01-17 09:33:42.300,3063.6000,21882,-1,350382420.000,1,0,1,双平,S,3063.6000,3063.2000,3063.0000,3062.8000,3062.4000,3064.0000,3064.4000,3064.6000,3065.0000,3065.2000,3,1,1,1,1,2,1,1,9,2
SF,IH2003,2020-01-17 09:33:42.800,3063.6000,21882,0,350382420.000,0,-,-,-,-,3063.8000,3063.6000,3063.2000,3063.0000,3062.8000,3064.0000,3064.4000,3064.6000,3065.0000,3065.2000,1,1,1,1,1,2,1,1,9,2
SF,IH2003,2020-01-17 09:33:43.300,3063.6000,21882,0,350382420.000,0,-,-,-,-,3063.6000,3063.2000,3063.0000,3062.8000,3062.4000,3064.0000,3064.4000,3064.6000,3065.0000,3065.2000,1,1,1,1,1,2,1,1,9,2
SF,IH2003,2020-01-17 09:33:43.800,3063.6000,21882,0,350382420.000,0,-,-,-,-,3063.2000,3063.0000,3062.8000,3062.4000,3062.0000,3064.0000,3064.4000,3064.6000,3065.0000,3065.2000,1,1,1,1,1,1,1,1,9,2
SF,IH2003,2020-01-17 09:33:44.300,3063.6000,21882,0,350382420.000,0,-,-,-,-,3063.2000,3063.0000,3062.8000,3062.4000,3062.0000,3064.0000,3064.4000,3064.6000,3065.0000,3065.2000,1,1,1,1,1,2,1,1,9,2
SF,IH2003,2020-01-17 09:33:44.800,3064.0000,21882,0,352220820.000,2,1,1,多换,S,3064.0000,3063.2000,3063.0000,3062.8000,3062.4000,3064.4000,3064.6000,3065.0000,3065.2000,3065.6000,1,1,1,1,1,1,1,9,2,1
SF,IH2003,2020-01-17 09:33:45.300,3064.0000,21882,0,353140020.000,1,0,1,多换,S,3063.0000,3062.8000,3062.4000,3062.0000,3061.8000,3064.0000,3064.4000,3064.6000,3065.0000,3065.2000,1,1,1,1,1,3,2,1,9,2
SF,IH2003,2020-01-17 09:33:45.800,3064.0000,21882,0,353140020.000,0,-,-,-,-,3063.0000,3062.8000,3062.4000,3062.0000,3061.8000,3063.8000,3064.0000,3064.4000,3064.6000,3065.0000,1,1,1,1,1,1,1,2,1,9
SF,IH2003,2020-01-17 09:33:46.300,3064.0000,21882,0,353140020.000,0,-,-,-,-,3063.8000,3063.0000,3062.8000,3062.4000,3062.0000,3064.0000,3064.4000,3064.6000,3065.0000,3065.2000,1,2,1,1,1,1,1,1,9,2
SF,IH2003,2020-01-17 09:33:46.800,3064.0000,21880,-2,355897560.000,3,0,3,多平,S,3063.2000,3063.0000,3062.8000,3062.4000,3062.0000,3064.4000,3064.6000,3065.0000,3065.2000,3065.6000,3,2,1,1,1,1,1,9,2,1
SF,IH2003,2020-01-17 09:33:47.300,3064.4000,21879,-1,356816880.000,1,0,1,双平,S,3064.0000,3063.4000,3063.2000,3063.0000,3062.8000,3064.6000,3065.0000,3065.2000,3065.6000,3065.8000,2,3,4,2,1,1,9,2,1,8
SF,IH2003,2020-01-17 09:33:47.800,3064.0000,21878,-1,357736080.000,1,0,1,双平,S,3064.0000,3063.4000,3063.2000,3063.0000,3062.8000,3064.6000,3065.0000,3065.2000,3065.6000,3065.8000,1,10,4,2,1,1,9,2,1,8
SF,IH2003,2020-01-17 09:33:48.300,3064.0000,21878,0,357736080.000,0,-,-,-,-,3064.0000,3063.6000,3063.4000,3063.2000,3063.0000,3064.6000,3065.0000,3065.2000,3065.6000,3065.8000,1,1,10,4,1,1,9,2,1,8
SF,IH2003,2020-01-17 09:33:48.800,3064.6000,21877,-1,358655460.000,1,0,1,双平,S,3064.6000,3064.2000,3063.6000,3063.4000,3063.2000,3065.0000,3065.2000,3065.6000,3065.8000,3066.0000,1,2,1,8,2,9,2,1,8,4
SF,IH2003,2020-01-17 09:33:49.300,3064.6000,21877,0,358655460.000,0,-,-,-,-,3064.2000,3063.6000,3063.4000,3063.2000,3063.0000,3065.0000,3065.2000,3065.6000,3065.8000,3066.0000,2,1,8,2,1,9,2,1,8,4
SF,IH2003,2020-01-17 09:33:50.800,3064.6000,21877,0,358655460.000,0,-,-,-,-,3063.4000,3063.2000,3063.0000,3062.8000,3062.4000,3065.0000,3065.2000,3065.6000,3065.8000,3066.0000,8,2,1,1,1,9,2,1,8,4
SF,IH2003,2020-01-17 09:33:51.300,3064.6000,21877,0,358655460.000,0,-,-,-,-,3063.6000,3063.4000,3063.2000,3063.0000,3062.8000,3065.0000,3065.2000,3065.6000,3065.8000,3066.0000,5,4,2,1,1,10,2,1,8,4
SF,IH2003,2020-01-17 09:33:51.800,3064.6000,21877,0,358655460.000,0,-,-,-,-,3063.8000,3063.6000,3063.4000,3063.2000,3063.0000,3065.0000,3065.2000,3065.6000,3065.8000,3066.0000,1,6,4,2,1,10,2,1,8,4
SF,IH2003,2020-01-17 09:33:52.300,3064.6000,21877,0,358655460.000,0,-,-,-,-,3064.0000,3063.8000,3063.6000,3063.4000,3063.2000,3064.8000,3065.0000,3065.2000,3065.6000,3065.8000,1,3,5,4,2,1,10,2,1,8
SF,IH2003,2020-01-17 09:33:52.800,3064.6000,21877,0,358655460.000,0,-,-,-,-,3064.0000,3063.8000,3063.6000,3063.4000,3063.2000,3064.8000,3065.0000,3065.2000,3065.6000,3065.8000,1,3,2,4,2,1,10,2,1,8
SF,IH2003,2020-01-17 09:33:53.300,3064.6000,21877,0,358655460.000,0,-,-,-,-,3064.0000,3063.8000,3063.6000,3063.4000,3063.2000,3064.8000,3065.0000,3065.2000,3065.6000,3065.8000,2,1,1,4,2,1,10,2,1,8
SF,IH2003,2020-01-17 09:33:53.800,3064.6000,21877,0,358655460.000,0,-,-,-,-,3064.0000,3063.4000,3063.2000,3063.0000,3062.8000,3064.8000,3065.0000,3065.2000,3065.6000,3065.8000,1,1,2,1,1,1,10,2,1,8
SF,IH2003,2020-01-17 09:33:54.300,3064.6000,21877,0,358655460.000,0,-,-,-,-,3064.0000,3063.4000,3063.2000,3063.0000,3062.8000,3065.0000,3065.2000,3065.6000,3065.8000,3066.0000,1,1,1,1,1,9,2,1,8,4
SF,IH2003,2020-01-17 09:33:55.300,3064.6000,21877,0,358655460.000,0,-,-,-,-,3064.8000,3064.0000,3063.4000,3063.2000,3063.0000,3065.0000,3065.2000,3065.6000,3065.8000,3066.0000,1,1,1,1,1,9,2,1,8,4
SF,IH2003,2020-01-17 09:33:55.800,3064.6000,21877,0,360494220.000,2,1,1,多换,S,3064.0000,3063.4000,3063.2000,3063.0000,3062.8000,3064.2000,3064.6000,3064.8000,3065.0000,3065.2000,1,1,1,1,1,1,5,4,12,2
SF,IH2003,2020-01-17 09:33:56.300,3064.6000,21877,0,361413600.000,1,0,1,多换,S,3064.0000,3063.4000,3063.2000,3063.0000,3062.8000,3064.8000,3065.0000,3065.2000,3065.6000,3065.8000,1,1,1,1,1,1,12,2,1,8
SF,IH2003,2020-01-17 09:33:57.800,3064.6000,21877,0,361413600.000,0,-,-,-,-,3064.0000,3063.4000,3063.2000,3063.0000,3062.8000,3064.8000,3065.0000,3065.2000,3065.6000,3065.8000,1,1,1,1,1,1,9,2,1,8
SF,IH2003,2020-01-17 09:33:58.300,3064.6000,21877,0,361413600.000,0,-,-,-,-,3064.0000,3063.4000,3063.2000,3063.0000,3062.8000,3064.8000,3065.0000,3065.2000,3065.6000,3065.8000,1,1,1,1,1,2,9,2,1,8
SF,IH2003,2020-01-17 09:33:58.800,3064.0000,21877,0,362332800.000,1,0,1,多换,S,3063.4000,3063.2000,3063.0000,3062.8000,3062.4000,3064.8000,3065.0000,3065.2000,3065.6000,3065.8000,1,1,1,1,1,2,8,1,1,8
SF,IH2003,2020-01-17 09:33:59.300,3064.0000,21877,0,362332800.000,0,-,-,-,-,3063.6000,3063.4000,3063.2000,3063.0000,3062.8000,3064.8000,3065.0000,3065.2000,3065.6000,3065.8000,5,1,1,1,1,13,8,1,1,8
SF,IH2003,2020-01-17 09:34:00.800,3064.8000,21876,-1,363252240.000,1,0,1,双平,S,3063.6000,3063.4000,3063.2000,3063.0000,3062.8000,3064.0000,3064.8000,3065.0000,3065.2000,3065.6000,5,2,1,1,1,1,12,8,1,1
SF,IH2003,2020-01-17 09:34:01.300,3063.8000,21875,-1,366928980.000,4,1,3,多平,S,3063.6000,3063.4000,3063.2000,3063.0000,3062.8000,3064.8000,3065.0000,3065.2000,3065.6000,3065.8000,2,1,1,1,1,12,8,1,1,8
SF,IH2003,2020-01-17 09:34:01.800,3063.8000,21875,0,366928980.000,0,-,-,-,-,3064.2000,3064.0000,3063.8000,3063.6000,3063.4000,3064.8000,3065.0000,3065.2000,3065.6000,3065.8000,1,1,2,4,2,11,8,1,1,8
SF,IH2003,2020-01-17 09:34:02.300,3064.2000,21875,0,367848240.000,1,0,1,多换,S,3063.8000,3063.6000,3063.4000,3063.2000,3063.0000,3064.2000,3064.4000,3064.8000,3065.0000,3065.2000,1,3,2,1,1,2,1,12,8,1
SF,IH2003,2020-01-17 09:34:02.800,3064.2000,21875,0,367848240.000,0,-,-,-,-,3063.6000,3063.4000,3063.2000,3063.0000,3062.8000,3064.2000,3064.8000,3065.0000,3065.2000,3065.6000,1,1,1,1,1,2,12,8,1,1
SF,IH2003,2020-01-17 09:34:03.300,3064.2000,21875,0,367848240.000,0,-,-,-,-,3063.6000,3063.4000,3063.2000,3063.0000,3062.8000,3064.2000,3064.8000,3065.0000,3065.2000,3065.6000,1,1,1,1,1,1,12,8,1,1
SF,IH2003,2020-01-17 09:34:03.800,3064.2000,21875,0,367848240.000,0,-,-,-,-,3063.2000,3063.0000,3062.8000,3062.4000,3062.0000,3064.0000,3064.2000,3064.8000,3065.0000,3065.6000,1,1,1,1,1,1,1,12,7,1
SF,IH2003,2020-01-17 09:34:04.300,3064.2000,21875,0,367848240.000,0,-,-,-,-,3063.2000,3063.0000,3062.8000,3062.4000,3062.0000,3063.6000,3064.0000,3064.2000,3064.8000,3065.0000,1,1,1,1,1,1,2,1,1,7
SF,IH2003,2020-01-17 09:34:04.800,3064.2000,21875,0,367848240.000,0,-,-,-,-,3063.2000,3063.0000,3062.8000,3062.4000,3062.0000,3063.6000,3064.0000,3064.8000,3065.0000,3065.6000,1,1,1,1,1,12,2,1,7,1
SF,IH2003,2020-01-17 09:34:05.300,3063.2000,21874,-1,368767200.000,1,0,1,双平,S,3063.0000,3062.8000,3062.4000,3062.0000,3061.8000,3063.2000,3063.6000,3064.0000,3064.8000,3065.0000,1,1,1,1,1,2,12,2,1,7
SF,IH2003,2020-01-17 09:34:05.800,3063.2000,21874,0,368767200.000,0,-,-,-,-,3063.0000,3062.8000,3062.4000,3062.0000,3061.8000,3063.2000,3063.4000,3063.6000,3064.0000,3064.8000,1,1,1,1,1,2,1,11,2,1
SF,IH2003,2020-01-17 09:34:06.300,3063.4000,21873,-1,370605180.000,2,0,2,多平,S,3063.0000,3062.8000,3062.4000,3062.0000,3061.8000,3063.6000,3064.0000,3064.8000,3065.0000,3065.6000,1,1,1,1,1,11,2,1,7,1
SF,IH2003,2020-01-17 09:34:06.800,3063.4000,21873,0,370605180.000,0,-,-,-,-,3063.0000,3062.8000,3062.4000,3062.0000,3061.8000,3063.6000,3064.0000,3064.8000,3065.0000,3065.6000,1,1,1,1,1,11,1,1,7,1
SF,IH2003,2020-01-17 09:34:07.300,3063.4000,21873,0,370605180.000,0,-,-,-,-,3063.0000,3062.8000,3062.4000,3062.0000,3061.8000,3063.6000,3064.0000,3064.8000,3065.0000,3065.6000,3,1,1,1,1,11,1,1,7,1
SF,IH2003,2020-01-17 09:34:07.800,3063.4000,21873,0,370605180.000,0,-,-,-,-,3063.2000,3063.0000,3062.8000,3062.4000,3062.0000,3063.4000,3063.6000,3064.0000,3064.8000,3065.0000,1,3,1,1,1,1,11,1,1,7
SF,IH2003,2020-01-17 09:34:08.300,3063.4000,21872,-1,371524200.000,1,0,1,双平,S,3063.4000,3063.2000,3063.0000,3062.8000,3062.4000,3063.6000,3064.0000,3064.8000,3065.0000,3065.6000,1,1,3,1,1,11,1,1,7,1
SF,IH2003,2020-01-17 09:34:08.800,3063.6000,21862,-10,381634080.000,11,0,11,多平,S,3063.4000,3063.2000,3063.0000,3062.8000,3062.4000,3064.0000,3064.8000,3065.0000,3065.6000,3065.8000,3,1,3,1,1,1,1,7,1,7
SF,IH2003,2020-01-17 09:34:09.300,3064.0000,21861,-1,382553280.000,1,0,1,双平,S,3063.6000,3063.4000,3063.2000,3063.0000,3062.8000,3064.8000,3065.0000,3065.6000,3065.8000,3066.0000,1,3,1,3,1,1,7,1,7,3
SF,IH2003,2020-01-17 09:34:09.800,3064.0000,21861,0,382553280.000,0,-,-,-,-,3063.6000,3063.4000,3063.2000,3063.0000,3062.8000,3064.6000,3064.8000,3065.0000,3065.6000,3065.8000,3,2,1,1,1,2,1,7,1,7
SF,IH2003,2020-01-17 09:34:10.300,3064.0000,21861,0,382553280.000,0,-,-,-,-,3063.6000,3063.4000,3063.2000,3063.0000,3062.8000,3064.6000,3064.8000,3065.0000,3065.6000,3065.8000,3,1,1,1,1,4,1,7,1,7
SF,IH2003,2020-01-17 09:34:10.800,3064.0000,21861,0,382553280.000,0,-,-,-,-,3063.6000,3063.4000,3063.2000,3063.0000,3062.8000,3064.0000,3064.6000,3065.0000,3065.6000,3065.8000,7,2,1,1,1,1,3,7,1,7
SF,IH2003,2020-01-17 09:34:11.300,3064.0000,21861,0,383472480.000,1,0,1,多换,S,3064.0000,3063.8000,3063.6000,3063.4000,3063.2000,3064.6000,3065.0000,3065.6000,3065.8000,3066.0000,4,1,4,1,1,3,7,1,7,3
SF,IH2003,2020-01-17 09:34:11.800,3064.0000,21861,0,383472480.000,0,-,-,-,-,3063.8000,3063.6000,3063.4000,3063.2000,3063.0000,3064.6000,3065.0000,3065.6000,3065.8000,3066.0000,1,3,1,1,1,3,7,1,7,3
SF,IH2003,2020-01-17 09:34:13.300,3064.0000,21861,0,383472480.000,0,-,-,-,-,3064.0000,3063.8000,3063.6000,3063.4000,3063.2000,3064.6000,3065.0000,3065.6000,3065.8000,3066.0000,1,1,3,1,1,4,7,1,7,3
SF,IH2003,2020-01-17 09:34:13.800,3064.0000,21861,0,383472480.000,0,-,-,-,-,3064.0000,3063.8000,3063.6000,3063.4000,3063.2000,3064.6000,3065.0000,3065.6000,3065.8000,3066.0000,2,1,2,1,1,5,7,1,7,3
SF,IH2003,2020-01-17 09:34:14.300,3064.0000,21861,0,383472480.000,0,-,-,-,-,3063.8000,3063.6000,3063.4000,3063.2000,3063.0000,3064.6000,3065.0000,3065.6000,3065.8000,3066.0000,1,1,1,1,1,5,7,1,7,3
SF,IH2003,2020-01-17 09:34:15.300,3064.6000,21860,-1,384391860.000,1,0,1,双平,S,3063.8000,3063.6000,3063.4000,3063.2000,3063.0000,3064.6000,3065.0000,3065.6000,3065.8000,3066.0000,1,1,1,1,1,4,7,1,7,3
SF,IH2003,2020-01-17 09:34:15.800,3064.6000,21860,0,384391860.000,0,-,-,-,-,3063.8000,3063.6000,3063.4000,3063.2000,3063.0000,3064.6000,3065.0000,3065.6000,3065.8000,3066.0000,4,2,1,1,1,2,7,1,7,3
SF,IH2003,2020-01-17 09:34:16.300,3064.6000,21860,0,384391860.000,0,-,-,-,-,3064.0000,3063.8000,3063.6000,3063.4000,3063.2000,3064.6000,3065.0000,3065.6000,3065.8000,3066.0000,2,3,1,1,1,4,7,1,7,3
SF,IH2003,2020-01-17 09:34:16.800,3064.6000,21860,0,384391860.000,0,-,-,-,-,3063.8000,3063.4000,3063.2000,3063.0000,3062.8000,3064.6000,3065.0000,3065.6000,3065.8000,3066.0000,3,1,1,1,1,4,8,1,7,3
SF,IH2003,2020-01-17 09:34:17.300,3064.6000,21860,0,384391860.000,0,-,-,-,-,3063.8000,3063.4000,3063.2000,3063.0000,3062.8000,3064.6000,3065.0000,3065.6000,3065.8000,3066.0000,1,1,1,1,1,4,8,1,7,3
SF,IH2003,2020-01-17 09:34:19.300,3064.6000,21860,0,384391860.000,0,-,-,-,-,3064.0000,3063.8000,3063.6000,3063.4000,3063.2000,3064.6000,3065.0000,3065.6000,3065.8000,3066.0000,1,1,1,1,1,4,8,1,7,3
SF,IH2003,2020-01-17 09:34:19.800,3064.6000,21859,-1,385311240.000,1,0,1,双平,S,3064.0000,3063.8000,3063.6000,3063.4000,3063.2000,3064.6000,3065.0000,3065.6000,3065.8000,3066.0000,4,1,1,1,1,3,8,1,7,3
SF,IH2003,2020-01-17 09:34:20.300,3064.6000,21857,-2,388069380.000,3,0,3,多平,S,3064.4000,3064.2000,3064.0000,3063.8000,3063.6000,3065.0000,3065.6000,3065.8000,3066.0000,3066.2000,1,5,4,4,1,8,1,7,3,1
SF,IH2003,2020-01-17 09:34:20.800,3065.0000,21857,0,388988880.000,1,0,1,多换,S,3064.4000,3064.2000,3064.0000,3063.8000,3063.6000,3065.0000,3065.6000,3065.8000,3066.0000,3066.2000,2,3,4,4,1,7,1,7,3,1
SF,IH2003,2020-01-17 09:34:21.300,3065.0000,21851,-6,395425380.000,7,0,7,多平,S,3064.6000,3064.4000,3064.2000,3064.0000,3063.8000,3065.6000,3065.8000,3066.0000,3066.2000,3066.4000,6,2,2,2,4,1,7,3,1,2
SF,IH2003,2020-01-17 09:34:21.800,3065.0000,21851,0,395425380.000,0,-,-,-,-,3064.6000,3064.4000,3064.2000,3064.0000,3063.8000,3065.4000,3065.6000,3065.8000,3066.0000,3066.2000,4,2,1,2,4,1,1,7,3,1
SF,IH2003,2020-01-17 09:34:22.300,3065.4000,21850,-1,396345000.000,1,0,1,双平,S,3065.4000,3065.2000,3064.8000,3064.6000,3064.4000,3065.6000,3065.8000,3066.0000,3066.2000,3066.4000,1,1,4,4,2,1,7,3,1,2
SF,IH2003,2020-01-17 09:34:22.800,3065.2000,21849,-1,398184180.000,2,0,2,多平,S,3064.8000,3064.6000,3064.2000,3063.8000,3063.6000,3065.4000,3065.6000,3065.8000,3066.0000,3066.2000,4,4,1,3,1,2,1,7,3,1
SF,IH2003,2020-01-17 09:34:23.300,3065.2000,21849,0,398184180.000,0,-,-,-,-,3064.8000,3064.6000,3064.2000,3063.8000,3063.6000,3065.4000,3065.6000,3065.8000,3066.0000,3066.2000,2,4,1,3,1,1,1,7,3,1
SF,IH2003,2020-01-17 09:34:23.800,3065.2000,21849,0,398184180.000,0,-,-,-,-,3065.0000,3064.8000,3064.6000,3064.2000,3063.8000,3065.4000,3065.6000,3065.8000,3066.0000,3066.2000,3,2,2,1,3,1,1,7,3,1
SF,IH2003,2020-01-17 09:34:24.300,3065.2000,21849,0,398184180.000,0,-,-,-,-,3065.0000,3064.8000,3064.6000,3064.2000,3063.8000,3065.6000,3065.8000,3066.0000,3066.2000,3066.4000,3,2,2,1,3,1,7,3,1,2
SF,IH2003,2020-01-17 09:34:24.800,3065.2000,21849,0,399103740.000,1,0,1,多换,S,3065.0000,3064.8000,3064.6000,3064.2000,3063.8000,3065.6000,3065.8000,3066.0000,3066.2000,3066.4000,3,2,2,1,3,1,7,3,1,2
SF,IH2003,2020-01-17 09:34:25.300,3065.6000,21849,0,400023420.000,1,0,1,多换,S,3065.0000,3064.8000,3064.6000,3064.2000,3063.8000,3065.8000,3066.0000,3066.2000,3066.4000,3066.6000,3,1,2,1,3,7,3,1,2,1
SF,IH2003,2020-01-17 09:34:25.800,3065.6000,21849,0,400023420.000,0,-,-,-,-,3065.2000,3065.0000,3064.6000,3064.2000,3063.8000,3065.8000,3066.0000,3066.2000,3066.4000,3066.6000,1,3,2,1,3,7,3,1,2,1
SF,IH2003,2020-01-17 09:34:26.300,3065.6000,21849,0,400023420.000,0,-,-,-,-,3065.6000,3065.4000,3065.2000,3065.0000,3064.6000,3065.8000,3066.0000,3066.2000,3066.4000,3066.6000,1,3,4,1,2,7,3,1,2,1
SF,IH2003,2020-01-17 09:34:26.800,3065.6000,21849,0,400943100.000,1,0,1,多换,S,3065.2000,3064.6000,3064.2000,3064.0000,3063.8000,3065.6000,3065.8000,3066.0000,3066.2000,3066.4000,2,2,1,1,3,1,7,3,1,2
SF,IH2003,2020-01-17 09:34:27.300,3065.4000,21849,0,403702020.000,3,1,2,多换,S,3065.2000,3064.6000,3064.2000,3064.0000,3063.8000,3065.6000,3065.8000,3066.0000,3066.2000,3066.4000,2,2,1,1,3,1,7,3,1,2
SF,IH2003,2020-01-17 09:34:27.800,3065.6000,21850,1,404621700.000,1,1,0,双开,S,3065.6000,3065.4000,3065.2000,3064.6000,3064.2000,3065.8000,3066.0000,3066.2000,3066.4000,3066.6000,2,7,4,3,1,7,3,1,2,1
SF,IH2003,2020-01-17 09:34:28.300,3065.4000,21848,-2,407380680.000,3,0,3,多平,S,3065.2000,3064.6000,3064.2000,3064.0000,3063.8000,3065.6000,3065.8000,3066.0000,3066.2000,3066.4000,2,3,1,1,3,2,7,3,1,2
SF,IH2003,2020-01-17 09:34:28.800,3065.6000,21848,0,408300360.000,1,0,1,多换,S,3065.2000,3065.0000,3064.8000,3064.6000,3064.2000,3065.8000,3066.0000,3066.2000,3066.4000,3066.6000,2,1,1,3,1,7,3,1,2,1
SF,IH2003,2020-01-17 09:34:29.300,3065.6000,21848,0,408300360.000,0,-,-,-,-,3065.2000,3065.0000,3064.8000,3064.6000,3064.2000,3065.8000,3066.0000,3066.2000,3066.4000,3066.6000,3,1,1,3,1,7,3,1,2,1
SF,IH2003,2020-01-17 09:34:29.800,3065.8000,21849,1,409220100.000,1,1,0,双开,S,3065.2000,3065.0000,3064.8000,3064.6000,3064.2000,3065.8000,3066.0000,3066.2000,3066.4000,3066.6000,1,1,1,3,1,6,3,1,2,1
SF,IH2003,2020-01-17 09:34:30.300,3065.4000,21848,-1,411978900.000,3,1,2,多平,S,3065.0000,3064.8000,3064.6000,3064.2000,3064.0000,3065.8000,3066.0000,3066.2000,3066.4000,3066.6000,1,1,3,1,1,6,3,1,2,1
SF,IH2003,2020-01-17 09:34:30.800,3065.4000,21848,0,411978900.000,0,-,-,-,-,3065.0000,3064.8000,3064.6000,3064.2000,3064.0000,3065.8000,3066.0000,3066.2000,3066.4000,3066.6000,2,1,3,1,1,6,3,1,2,1
SF,IH2003,2020-01-17 09:34:31.300,3065.4000,21848,0,411978900.000,0,-,-,-,-,3065.0000,3064.8000,3064.6000,3064.2000,3064.0000,3065.8000,3066.0000,3066.2000,3066.4000,3066.6000,2,1,3,1,1,6,3,1,2,1
SF,IH2003,2020-01-17 09:34:31.800,3065.8000,21849,1,412898640.000,1,1,0,双开,S,3065.0000,3064.8000,3064.6000,3064.2000,3064.0000,3065.8000,3066.0000,3066.2000,3066.4000,3066.6000,2,1,3,1,1,5,3,1,2,1
SF,IH2003,2020-01-17 09:34:32.800,3065.8000,21850,1,413818380.000,1,1,0,双开,S,3065.0000,3064.8000,3064.6000,3064.2000,3064.0000,3065.8000,3066.0000,3066.2000,3066.4000,3066.6000,2,1,3,1,1,4,3,1,2,1
SF,IH2003,2020-01-17 09:34:33.300,3065.8000,21850,0,413818380.000,0,-,-,-,-,3065.2000,3065.0000,3064.8000,3064.6000,3064.2000,3065.8000,3066.0000,3066.2000,3066.4000,3066.6000,2,2,1,2,1,4,3,1,2,1
SF,IH2003,2020-01-17 09:34:34.300,3065.8000,21847,-3,418417080.000,5,1,4,多平,S,3065.2000,3065.0000,3064.8000,3064.6000,3064.2000,3065.8000,3066.0000,3066.2000,3066.4000,3066.6000,2,2,1,2,1,1,3,1,2,1
SF,IH2003,2020-01-17 09:34:34.800,3065.8000,21846,-1,419336820.000,1,0,1,双平,S,3065.8000,3065.4000,3065.2000,3065.0000,3064.8000,3066.0000,3066.2000,3066.4000,3066.6000,3066.8000,1,4,3,1,1,3,1,2,1,1
SF,IH2003,2020-01-17 09:34:35.300,3066.0000,21845,-1,420256620.000,1,0,1,双平,S,3065.4000,3065.2000,3065.0000,3064.8000,3064.6000,3066.0000,3066.2000,3066.4000,3066.6000,3066.8000,5,3,1,1,2,2,1,2,1,1
SF,IH2003,2020-01-17 09:34:35.800,3066.0000,21845,0,420256620.000,0,-,-,-,-,3065.8000,3065.6000,3065.4000,3065.2000,3065.0000,3066.0000,3066.2000,3066.4000,3066.6000,3066.8000,1,1,1,2,1,2,1,2,1,1
SF,IH2003,2020-01-17 09:34:36.300,3065.8000,21846,1,421176360.000,1,1,0,双开,S,3065.6000,3065.4000,3065.2000,3065.0000,3064.8000,3066.0000,3066.2000,3066.4000,3066.6000,3066.8000,1,1,2,1,1,2,2,2,1,1
SF,IH2003,2020-01-17 09:34:36.800,3065.8000,21846,0,421176360.000,0,-,-,-,-,3065.6000,3065.4000,3065.2000,3065.0000,3064.8000,3065.8000,3066.0000,3066.2000,3066.4000,3066.6000,1,1,2,1,1,1,2,2,1,1
SF,IH2003,2020-01-17 09:34:37.800,3065.6000,21846,0,422096040.000,1,0,1,多换,S,3065.4000,3065.2000,3065.0000,3064.8000,3064.6000,3065.8000,3066.0000,3066.2000,3066.4000,3066.6000,1,2,1,1,2,1,2,2,1,1
SF,IH2003,2020-01-17 09:34:38.300,3065.6000,21846,0,422096040.000,0,-,-,-,-,3065.4000,3065.2000,3065.0000,3064.8000,3064.6000,3065.6000,3065.8000,3066.0000,3066.2000,3066.4000,1,1,1,1,2,1,1,2,2,1
SF,IH2003,2020-01-17 09:34:38.800,3065.4000,21846,0,423015660.000,1,0,1,多换,S,3065.2000,3065.0000,3064.8000,3064.6000,3064.0000,3065.6000,3065.8000,3066.0000,3066.2000,3066.4000,1,1,1,2,1,1,1,2,2,1
SF,IH2003,2020-01-17 09:34:39.300,3065.6000,21845,-1,423935340.000,1,0,1,双平,S,3065.6000,3065.2000,3065.0000,3064.8000,3064.6000,3065.8000,3066.0000,3066.2000,3066.4000,3066.6000,1,1,1,1,2,1,2,2,1,1
SF,IH2003,2020-01-17 09:34:39.800,3065.6000,21844,-1,424855020.000,1,0,1,双平,S,3065.2000,3064.8000,3064.6000,3064.0000,3063.6000,3065.4000,3065.6000,3065.8000,3066.0000,3066.2000,1,1,2,1,1,1,3,1,2,2
SF,IH2003,2020-01-17 09:34:40.300,3065.4000,21844,0,425774640.000,1,0,1,多换,S,3065.2000,3064.8000,3064.6000,3064.0000,3063.6000,3065.6000,3065.8000,3066.0000,3066.2000,3066.4000,2,1,2,1,1,2,1,2,2,1
SF,IH2003,2020-01-17 09:34:40.800,3065.4000,21844,0,425774640.000,0,-,-,-,-,3065.2000,3064.8000,3064.6000,3064.0000,3063.6000,3065.6000,3065.8000,3066.0000,3066.2000,3066.4000,3,1,2,1,1,2,1,2,2,1
SF,IH2003,2020-01-17 09:34:42.300,3065.6000,21844,0,426694320.000,1,0,1,多换,S,3065.2000,3064.8000,3064.6000,3064.0000,3063.6000,3065.6000,3065.8000,3066.0000,3066.2000,3066.4000,3,1,2,1,1,1,1,2,2,1
SF,IH2003,2020-01-17 09:34:42.800,3065.6000,21844,0,426694320.000,0,-,-,-,-,3065.2000,3064.8000,3064.6000,3064.0000,3063.6000,3065.6000,3065.8000,3066.0000,3066.2000,3066.4000,3,1,2,1,1,1,2,2,2,1
