市场代码,合约代码,时间,最新,持仓,增仓,成交额,成交量,开仓,平仓,成交类型,方向,买一价,买二价,买三价,买四价,买五价,卖一价,卖二价,卖三价,卖四价,卖五价,买一量,买二量,买三量,买四量,买五量,卖一量,卖二量,卖三量,卖四量,卖五量
SF,IH2006,2020-05-13 09:29:00.300,2812.0000,25810,0,9279600.000,11.000,-,-,-,-,2812.0000,2811.8000,2811.2000,2811.0000,2810.4000,2815.0000,2817.4000,2818.0000,2819.0000,2819.6000,1,4,4,4,1,1,4,2,1,1
SF,IH2006,2020-05-13 09:30:00.300,2817.4000,25812,2,16039080.000,8,5,3,空开,S,2814.0000,2813.4000,2812.8000,2812.4000,2812.2000,2818.0000,2818.8000,2819.0000,2819.6000,2820.0000,1,4,4,2,15,2,1,1,1,1
SF,IH2006,2020-05-13 09:30:00.800,2814.2000,25807,-5,20261280.000,5,0,5,双平,S,2814.2000,2814.0000,2813.4000,2812.8000,2812.4000,2816.0000,2816.4000,2816.8000,2817.2000,2817.6000,9,3,4,4,2,1,3,4,1,5
SF,IH2006,2020-05-13 09:30:01.300,2814.4000,25806,-1,22794180.000,3,1,2,多平,S,2814.4000,2814.2000,2814.0000,2813.4000,2812.8000,2815.6000,2815.8000,2816.0000,2816.4000,2816.8000,1,8,4,4,4,2,9,3,3,4
SF,IH2006,2020-05-13 09:30:01.800,2814.4000,25806,0,22794180.000,0,-,-,-,-,2814.4000,2814.2000,2814.0000,2813.4000,2812.8000,2814.6000,2815.4000,2815.6000,2815.8000,2816.0000,1,1,4,4,4,1,11,3,1,2
SF,IH2006,2020-05-13 09:30:02.300,2814.0000,25804,-2,27859920.000,6,2,4,多平,S,2814.0000,2813.4000,2812.8000,2812.2000,2812.0000,2814.4000,2815.4000,2815.6000,2815.8000,2816.0000,2,4,4,2,1,1,9,3,1,2
SF,IH2006,2020-05-13 09:30:02.800,2813.4000,25802,-2,31236660.000,4,1,3,多平,S,2813.4000,2812.8000,2812.2000,2812.0000,2811.8000,2814.2000,2814.4000,2815.4000,2815.6000,2815.8000,3,4,2,2,4,1,1,8,3,1
SF,IH2006,2020-05-13 09:30:03.300,2813.4000,25799,-3,33768720.000,3,0,3,双平,S,2812.8000,2812.2000,2812.0000,2811.8000,2810.4000,2813.6000,2814.0000,2814.2000,2814.4000,2815.4000,4,2,2,4,1,2,5,2,2,7
SF,IH2006,2020-05-13 09:30:03.800,2813.4000,25799,0,33768720.000,0,-,-,-,-,2812.8000,2812.2000,2812.0000,2811.8000,2810.4000,2813.4000,2813.6000,2814.0000,2814.4000,2815.4000,4,2,2,4,1,1,3,4,2,7
SF,IH2006,2020-05-13 09:30:04.300,2812.8000,25799,0,35456400.000,2,1,1,多换,S,2812.8000,2812.2000,2812.0000,2811.8000,2810.4000,2813.4000,2813.6000,2814.0000,2814.4000,2815.4000,2,2,2,4,1,1,2,4,5,7
SF,IH2006,2020-05-13 09:30:04.800,2812.8000,25798,-1,37144080.000,2,0,2,多平,S,2812.2000,2812.0000,2811.8000,2810.4000,2810.2000,2812.8000,2813.4000,2813.6000,2814.0000,2814.4000,2,2,4,1,2,2,1,2,4,5
SF,IH2006,2020-05-13 09:30:05.300,2812.2000,25796,-2,38831400.000,2,0,2,双平,S,2812.0000,2811.8000,2810.4000,2810.2000,2810.0000,2812.2000,2812.8000,2813.4000,2814.0000,2814.4000,2,4,1,2,3,1,2,1,2,5
SF,IH2006,2020-05-13 09:30:05.800,2812.0000,25793,-3,43049700.000,5,1,4,多平,S,2812.0000,2811.8000,2810.4000,2810.2000,2810.0000,2812.8000,2813.0000,2813.4000,2814.0000,2814.4000,1,4,1,2,3,1,1,1,2,5
SF,IH2006,2020-05-13 09:30:06.300,2812.0000,25792,-1,44736900.000,2,0,2,多平,S,2811.8000,2810.4000,2810.2000,2810.0000,2809.0000,2812.0000,2812.6000,2812.8000,2813.0000,2814.0000,4,1,2,3,1,2,2,2,1,1
SF,IH2006,2020-05-13 09:30:06.800,2811.8000,25789,-3,48111180.000,4,0,4,多平,S,2812.0000,2811.8000,2810.4000,2810.2000,2810.0000,2812.6000,2812.8000,2813.0000,2814.0000,2814.4000,1,2,1,2,3,2,2,1,1,5
SF,IH2006,2020-05-13 09:30:07.300,2810.2000,25787,-2,52327980.000,5,1,4,多平,S,2810.2000,2810.0000,2809.0000,2808.4000,2808.2000,2812.6000,2812.8000,2813.0000,2814.0000,2814.4000,1,3,1,2,6,2,2,1,1,5
SF,IH2006,2020-05-13 09:30:07.800,2810.2000,25783,-4,56543280.000,5,0,5,多平,S,2810.4000,2810.2000,2810.0000,2809.0000,2808.4000,2811.0000,2812.0000,2812.4000,2812.6000,2812.8000,9,5,3,1,2,1,3,11,3,1
SF,IH2006,2020-05-13 09:30:08.300,2812.0000,25781,-2,59073780.000,3,0,3,多平,S,2811.0000,2810.8000,2810.4000,2810.2000,2810.0000,2812.0000,2812.4000,2812.6000,2812.8000,2814.4000,2,1,4,5,3,1,5,2,1,5
SF,IH2006,2020-05-13 09:30:08.800,2812.0000,25781,0,59073780.000,0,-,-,-,-,2810.4000,2810.2000,2810.0000,2809.0000,2808.4000,2812.0000,2812.4000,2812.6000,2812.8000,2814.4000,4,5,3,1,2,2,4,2,1,5
SF,IH2006,2020-05-13 09:30:09.300,2810.6000,25782,1,60760140.000,2,1,1,空开,S,2810.6000,2810.4000,2810.2000,2810.0000,2809.0000,2811.8000,2812.0000,2812.4000,2812.6000,2812.8000,6,4,5,3,1,4,2,4,1,1
SF,IH2006,2020-05-13 09:30:09.800,2810.6000,25780,-2,62446500.000,2,0,2,双平,S,2810.6000,2810.2000,2810.0000,2809.0000,2808.4000,2811.8000,2812.0000,2812.4000,2812.6000,2812.8000,3,2,3,1,2,3,1,2,1,1
SF,IH2006,2020-05-13 09:30:10.300,2811.6000,25779,-1,64133160.000,2,0,2,多平,S,2810.6000,2810.2000,2810.0000,2809.0000,2808.6000,2811.6000,2811.8000,2812.0000,2812.4000,2812.6000,2,2,4,1,1,8,3,1,2,1
SF,IH2006,2020-05-13 09:30:10.800,2811.6000,25779,0,64133160.000,0,-,-,-,-,2810.2000,2810.0000,2809.0000,2808.6000,2808.4000,2811.4000,2811.6000,2812.0000,2812.4000,2812.6000,2,5,1,1,2,6,7,1,2,1
SF,IH2006,2020-05-13 09:30:11.300,2811.6000,25779,0,64976640.000,1,0,1,多换,S,2810.2000,2810.0000,2809.0000,2808.6000,2808.4000,2811.0000,2811.2000,2811.4000,2812.0000,2812.4000,3,5,1,1,2,1,6,6,1,1
SF,IH2006,2020-05-13 09:30:11.800,2811.0000,25777,-2,67506300.000,3,0,3,多平,S,2810.4000,2810.2000,2810.0000,2809.0000,2808.6000,2810.6000,2810.8000,2811.2000,2811.4000,2812.0000,3,1,5,1,1,1,4,3,1,1
SF,IH2006,2020-05-13 09:30:12.300,2810.2000,25773,-4,75937860.000,10,3,7,多平,S,2810.0000,2809.4000,2809.0000,2808.6000,2808.4000,2810.4000,2811.2000,2811.4000,2812.0000,2812.4000,5,1,1,1,2,1,3,1,1,1
SF,IH2006,2020-05-13 09:30:12.800,2810.4000,25771,-2,80996580.000,6,2,4,多平,S,2810.4000,2810.0000,2809.4000,2809.0000,2808.6000,2810.6000,2811.2000,2811.4000,2812.0000,2812.4000,3,5,1,2,1,1,3,1,1,1
SF,IH2006,2020-05-13 09:30:13.300,2810.4000,25771,0,82682880.000,2,1,1,多换,S,2810.4000,2810.0000,2809.4000,2809.0000,2808.6000,2811.2000,2811.4000,2812.0000,2812.4000,2814.6000,2,5,1,2,1,3,1,1,1,1
SF,IH2006,2020-05-13 09:30:13.800,2811.2000,25769,-2,84369360.000,2,0,2,双平,S,2810.6000,2810.4000,2810.0000,2809.4000,2809.0000,2811.2000,2812.0000,2812.4000,2814.6000,2815.4000,5,1,5,1,2,1,1,1,1,3
SF,IH2006,2020-05-13 09:30:14.300,2811.2000,25769,0,84369360.000,0,-,-,-,-,2810.6000,2810.4000,2810.0000,2809.4000,2809.0000,2811.2000,2812.0000,2812.4000,2814.6000,2815.4000,6,1,5,1,2,1,1,1,1,3
SF,IH2006,2020-05-13 09:30:14.800,2811.2000,25768,-1,85212720.000,1,0,1,双平,S,2810.8000,2810.6000,2810.4000,2810.0000,2809.4000,2812.0000,2812.4000,2814.6000,2815.4000,2815.6000,2,6,2,5,1,1,1,1,3,1
SF,IH2006,2020-05-13 09:30:15.300,2811.2000,25768,0,85212720.000,0,-,-,-,-,2811.0000,2810.8000,2810.6000,2810.4000,2810.0000,2812.0000,2812.4000,2814.6000,2815.4000,2815.6000,2,2,6,2,5,2,1,1,3,1
SF,IH2006,2020-05-13 09:30:15.800,2811.2000,25768,0,85212720.000,0,-,-,-,-,2811.2000,2811.0000,2810.6000,2810.4000,2810.0000,2812.0000,2812.4000,2814.6000,2815.4000,2815.6000,2,2,6,2,5,2,1,1,3,1
SF,IH2006,2020-05-13 09:30:16.300,2811.2000,25767,-1,86056080.000,1,0,1,双平,S,2811.2000,2811.0000,2810.6000,2810.4000,2810.0000,2812.0000,2812.4000,2814.6000,2815.4000,2815.6000,2,2,6,2,5,2,1,1,3,1
SF,IH2006,2020-05-13 09:30:17.300,2811.2000,25766,-1,87743040.000,2,0,2,多平,S,2811.2000,2811.0000,2810.6000,2810.4000,2810.0000,2812.4000,2814.6000,2815.4000,2815.6000,2816.0000,1,2,6,3,5,1,1,3,1,2
SF,IH2006,2020-05-13 09:30:17.800,2811.2000,25764,-2,89429760.000,2,0,2,双平,S,2811.2000,2810.6000,2810.4000,2810.0000,2809.4000,2812.4000,2814.6000,2815.4000,2815.6000,2816.0000,1,6,3,5,1,1,1,3,1,2
SF,IH2006,2020-05-13 09:30:18.300,2811.2000,25763,-1,90273120.000,1,0,1,双平,S,2810.6000,2810.4000,2810.0000,2809.4000,2809.0000,2811.2000,2812.2000,2812.4000,2814.6000,2815.6000,6,3,5,1,2,1,10,1,1,1
SF,IH2006,2020-05-13 09:30:18.800,2811.2000,25763,0,90273120.000,0,-,-,-,-,2810.6000,2810.4000,2810.0000,2809.4000,2809.0000,2811.2000,2812.2000,2814.6000,2815.6000,2816.0000,6,3,5,1,2,3,10,1,1,2
SF,IH2006,2020-05-13 09:30:19.300,2810.6000,25756,-7,96175500.000,7,0,7,双平,S,2810.4000,2810.0000,2809.4000,2809.0000,2808.6000,2811.2000,2812.2000,2814.6000,2815.6000,2816.0000,3,5,1,2,1,2,10,1,1,2
SF,IH2006,2020-05-13 09:30:19.800,2811.0000,25751,-5,100391460.000,5,0,5,双平,S,2810.0000,2809.4000,2809.0000,2808.6000,2808.4000,2811.0000,2811.2000,2812.2000,2814.6000,2815.6000,5,1,2,1,2,2,3,10,1,1
SF,IH2006,2020-05-13 09:30:20.300,2811.0000,25751,0,100391460.000,0,-,-,-,-,2810.0000,2809.4000,2809.0000,2808.6000,2808.4000,2810.8000,2811.0000,2811.2000,2812.2000,2814.6000,5,1,2,1,2,4,3,2,10,1
SF,IH2006,2020-05-13 09:30:20.800,2811.0000,25751,0,100391460.000,0,-,-,-,-,2810.4000,2810.0000,2809.4000,2809.0000,2808.6000,2810.6000,2810.8000,2811.0000,2811.2000,2812.2000,1,5,1,2,1,4,4,2,2,10
SF,IH2006,2020-05-13 09:30:21.300,2810.0000,25749,-2,102920580.000,3,0,3,多平,S,2810.2000,2810.0000,2809.4000,2809.0000,2808.6000,2810.4000,2810.6000,2811.0000,2811.2000,2812.2000,1,3,1,1,1,9,4,3,2,10
SF,IH2006,2020-05-13 09:30:21.800,2810.0000,25744,-5,107978760.000,6,0,6,多平,S,2809.4000,2809.0000,2808.6000,2808.4000,2808.2000,2810.0000,2810.2000,2810.4000,2810.6000,2811.0000,1,1,1,2,1,1,1,5,4,3
SF,IH2006,2020-05-13 09:30:22.300,2810.0000,25744,0,108821760.000,1,0,1,多换,S,2810.0000,2809.6000,2809.4000,2809.0000,2808.6000,2810.4000,2810.6000,2811.0000,2811.2000,2812.2000,2,1,1,1,1,3,4,3,1,11
SF,IH2006,2020-05-13 09:30:22.800,2810.0000,25741,-3,111350760.000,3,0,3,双平,S,2809.4000,2809.0000,2808.6000,2808.4000,2808.2000,2809.8000,2810.2000,2810.4000,2810.6000,2811.0000,1,1,1,2,1,2,2,3,4,3
SF,IH2006,2020-05-13 09:30:23.300,2810.2000,25740,-1,112193820.000,1,0,1,双平,S,2809.4000,2809.0000,2808.6000,2808.4000,2808.2000,2810.2000,2810.4000,2810.6000,2811.0000,2811.2000,1,1,1,2,1,1,2,4,3,1
SF,IH2006,2020-05-13 09:30:23.800,2810.2000,25740,0,112193820.000,0,-,-,-,-,2809.4000,2809.0000,2808.6000,2808.4000,2808.2000,2810.0000,2810.2000,2810.4000,2810.6000,2811.0000,1,1,1,2,1,3,2,1,3,3
SF,IH2006,2020-05-13 09:30:24.300,2810.2000,25740,0,112193820.000,0,-,-,-,-,2809.4000,2809.0000,2808.6000,2808.4000,2808.2000,2809.8000,2810.0000,2810.2000,2810.4000,2810.6000,1,2,1,2,1,1,3,1,1,3
SF,IH2006,2020-05-13 09:30:24.800,2809.4000,25740,0,113036640.000,1,0,1,多换,S,2809.0000,2808.6000,2808.4000,2808.2000,2808.0000,2809.6000,2809.8000,2810.0000,2810.2000,2810.4000,2,1,2,1,4,1,1,3,1,1
SF,IH2006,2020-05-13 09:30:25.300,2809.6000,25739,-1,113879520.000,1,0,1,双平,S,2809.0000,2808.6000,2808.4000,2808.2000,2808.0000,2809.8000,2810.0000,2810.2000,2810.4000,2810.6000,2,1,2,1,4,1,3,1,1,3
SF,IH2006,2020-05-13 09:30:25.800,2809.6000,25739,0,113879520.000,0,-,-,-,-,2809.0000,2808.6000,2808.4000,2808.2000,2808.0000,2809.6000,2809.8000,2810.0000,2810.4000,2810.6000,2,1,2,1,4,2,2,1,1,3
SF,IH2006,2020-05-13 09:30:26.300,2809.0000,25740,1,115564920.000,2,1,1,空开,S,2808.6000,2808.4000,2808.2000,2808.0000,2807.0000,2809.4000,2809.6000,2809.8000,2810.0000,2810.4000,1,2,1,4,2,1,2,1,1,1
SF,IH2006,2020-05-13 09:30:26.800,2809.0000,25740,0,115564920.000,0,-,-,-,-,2809.0000,2808.6000,2808.4000,2808.2000,2808.0000,2809.4000,2809.6000,2810.0000,2810.6000,2811.0000,1,1,2,1,4,2,2,1,3,3
SF,IH2006,2020-05-13 09:30:28.300,2809.0000,25740,0,115564920.000,0,-,-,-,-,2809.0000,2808.6000,2808.4000,2808.2000,2808.0000,2809.2000,2809.4000,2809.6000,2810.0000,2810.6000,1,1,2,1,4,7,2,1,1,3
SF,IH2006,2020-05-13 09:30:28.800,2809.2000,25740,0,116407680.000,1,0,1,多换,S,2809.0000,2808.6000,2808.4000,2808.2000,2808.0000,2809.2000,2809.4000,2809.6000,2810.0000,2810.6000,1,1,2,1,4,1,2,1,1,3
SF,IH2006,2020-05-13 09:30:29.300,2809.4000,25737,-3,119778900.000,4,0,4,多平,S,2809.0000,2808.6000,2808.4000,2808.2000,2808.0000,2809.6000,2810.0000,2810.6000,2811.0000,2811.2000,1,1,2,1,4,1,1,3,1,1
SF,IH2006,2020-05-13 09:30:29.800,2810.0000,25735,-2,121464780.000,2,0,2,双平,S,2810.4000,2809.6000,2809.0000,2808.6000,2808.4000,2811.0000,2811.2000,2812.2000,2814.6000,2816.0000,1,4,2,1,2,1,1,5,1,1
SF,IH2006,2020-05-13 09:30:30.300,2810.2000,25736,1,125679780.000,5,3,2,空开,S,2809.6000,2809.2000,2809.0000,2808.6000,2808.4000,2810.2000,2810.4000,2810.6000,2810.8000,2811.0000,2,1,2,1,2,5,1,3,7,1
SF,IH2006,2020-05-13 09:30:30.800,2810.0000,25736,0,130737540.000,6,3,3,多换,S,2809.6000,2809.2000,2809.0000,2808.6000,2808.4000,2810.0000,2810.2000,2810.6000,2811.0000,2811.2000,3,1,2,1,2,5,1,1,2,1
SF,IH2006,2020-05-13 09:30:31.300,2809.6000,25736,0,134951940.000,5,2,3,多换,S,2809.2000,2809.0000,2808.6000,2808.4000,2808.2000,2809.6000,2809.8000,2810.0000,2810.2000,2811.0000,1,2,1,2,1,4,3,6,1,2
SF,IH2006,2020-05-13 09:30:31.800,2809.6000,25736,0,134951940.000,0,-,-,-,-,2809.2000,2809.0000,2808.6000,2808.4000,2808.2000,2809.6000,2810.0000,2810.2000,2811.0000,2811.2000,1,2,1,2,1,3,6,1,2,1
SF,IH2006,2020-05-13 09:30:32.300,2809.6000,25737,1,137480580.000,3,2,1,空开,S,2809.6000,2809.2000,2809.0000,2808.6000,2808.4000,2810.0000,2810.2000,2811.0000,2811.2000,2812.2000,8,1,2,1,3,1,1,2,1,1
SF,IH2006,2020-05-13 09:30:32.800,2809.6000,25742,5,144223620.000,8,6,2,空开,S,2809.2000,2809.0000,2808.6000,2808.4000,2808.2000,2809.8000,2810.0000,2810.2000,2811.0000,2811.2000,1,2,1,3,1,8,1,1,2,1
SF,IH2006,2020-05-13 09:30:33.300,2809.6000,25742,0,144223620.000,0,-,-,-,-,2809.2000,2809.0000,2808.6000,2808.4000,2808.2000,2809.6000,2810.2000,2811.0000,2811.2000,2812.2000,2,2,1,3,1,5,1,2,1,1
SF,IH2006,2020-05-13 09:30:33.800,2809.2000,25742,0,146751900.000,3,1,2,多换,S,2809.0000,2808.8000,2808.6000,2808.4000,2808.2000,2809.2000,2809.4000,2809.6000,2809.8000,2810.2000,1,2,1,3,1,2,4,1,1,1
SF,IH2006,2020-05-13 09:30:34.300,2809.4000,25741,-1,150122940.000,4,1,3,多平,S,2809.2000,2809.0000,2808.8000,2808.6000,2808.4000,2810.2000,2810.4000,2811.0000,2811.2000,2812.2000,1,1,2,1,3,1,1,2,1,1
SF,IH2006,2020-05-13 09:30:34.800,2809.2000,25739,-2,151808460.000,2,0,2,双平,S,2809.2000,2808.8000,2808.6000,2808.4000,2808.2000,2810.2000,2810.4000,2811.0000,2811.2000,2812.2000,1,2,1,3,1,1,1,2,1,1
SF,IH2006,2020-05-13 09:30:35.300,2809.2000,25739,0,151808460.000,0,-,-,-,-,2809.2000,2808.8000,2808.6000,2808.4000,2808.2000,2810.2000,2810.4000,2811.0000,2811.2000,2812.2000,2,2,1,3,1,1,1,2,1,1
SF,IH2006,2020-05-13 09:30:35.800,2809.2000,25736,-3,154337040.000,3,0,3,双平,S,2808.8000,2808.6000,2808.4000,2808.2000,2808.0000,2810.4000,2811.0000,2811.2000,2812.2000,2814.6000,2,1,3,1,4,1,2,1,1,1
SF,IH2006,2020-05-13 09:30:36.300,2809.2000,25736,0,154337040.000,0,-,-,-,-,2809.0000,2808.8000,2808.6000,2808.4000,2808.2000,2810.4000,2811.0000,2811.2000,2812.2000,2814.6000,10,3,1,3,1,2,2,1,1,1
SF,IH2006,2020-05-13 09:30:36.800,2809.2000,25736,0,154337040.000,0,-,-,-,-,2809.0000,2808.8000,2808.6000,2808.4000,2808.2000,2810.2000,2810.4000,2811.0000,2811.2000,2812.2000,10,2,1,3,1,8,3,2,1,1
SF,IH2006,2020-05-13 09:30:37.300,2809.2000,25736,0,154337040.000,0,-,-,-,-,2809.2000,2809.0000,2808.8000,2808.6000,2808.4000,2809.8000,2810.0000,2810.2000,2810.4000,2811.0000,1,5,2,1,3,3,8,7,2,2
SF,IH2006,2020-05-13 09:30:37.800,2809.8000,25737,1,155179980.000,1,1,0,双开,S,2809.2000,2808.8000,2808.6000,2808.4000,2808.2000,2809.8000,2810.0000,2810.2000,2810.4000,2811.0000,2,2,1,3,1,2,8,7,2,2
SF,IH2006,2020-05-13 09:30:38.300,2809.2000,25737,0,156865500.000,2,1,1,多换,S,2809.2000,2808.8000,2808.6000,2808.4000,2808.2000,2809.6000,2809.8000,2810.0000,2810.2000,2810.4000,3,2,1,3,1,1,2,8,7,2
SF,IH2006,2020-05-13 09:30:38.800,2809.2000,25734,-3,160236540.000,4,0,4,多平,S,2808.8000,2808.6000,2808.4000,2808.2000,2808.0000,2809.0000,2809.2000,2809.6000,2809.8000,2810.0000,2,1,3,1,4,2,1,1,3,7
SF,IH2006,2020-05-13 09:30:39.300,2808.8000,25733,-1,161079180.000,1,0,1,双平,S,2808.8000,2808.6000,2808.4000,2808.2000,2808.0000,2809.0000,2809.6000,2809.8000,2810.0000,2810.2000,1,1,3,1,4,2,1,3,6,7
SF,IH2006,2020-05-13 09:30:39.800,2809.0000,25733,0,162764520.000,2,1,1,多换,S,2808.6000,2808.4000,2808.2000,2808.0000,2807.0000,2809.0000,2809.6000,2809.8000,2810.0000,2810.2000,1,3,1,4,2,1,1,3,6,7
SF,IH2006,2020-05-13 09:30:40.300,2809.0000,25733,0,162764520.000,0,-,-,-,-,2808.6000,2808.4000,2808.2000,2808.0000,2807.0000,2808.8000,2809.0000,2809.8000,2810.0000,2810.2000,1,3,1,4,2,2,1,3,6,7
SF,IH2006,2020-05-13 09:30:40.800,2809.0000,25734,1,165292620.000,3,2,1,空开,S,2809.6000,2808.8000,2808.6000,2808.4000,2808.2000,2809.8000,2810.0000,2810.2000,2810.4000,2811.0000,1,1,2,3,1,3,1,7,3,2
SF,IH2006,2020-05-13 09:30:41.300,2809.0000,25733,-1,166978200.000,2,0,2,多平,S,2808.8000,2808.6000,2808.4000,2808.2000,2808.0000,2809.2000,2809.4000,2809.6000,2809.8000,2810.4000,1,2,3,1,4,5,8,7,3,2
SF,IH2006,2020-05-13 09:30:41.800,2808.8000,25732,-1,167820840.000,1,0,1,双平,S,2808.8000,2808.6000,2808.4000,2808.2000,2808.0000,2809.0000,2809.2000,2809.4000,2809.6000,2809.8000,1,2,3,1,4,3,5,3,3,3
SF,IH2006,2020-05-13 09:30:42.300,2808.8000,25732,0,167820840.000,0,-,-,-,-,2809.2000,2809.0000,2808.8000,2808.6000,2808.4000,2809.4000,2809.6000,2809.8000,2810.4000,2811.0000,1,1,1,2,3,1,2,3,2,2
SF,IH2006,2020-05-13 09:30:42.800,2808.8000,25731,-1,172034220.000,5,2,3,多平,S,2808.6000,2808.4000,2808.2000,2808.0000,2807.0000,2808.8000,2809.2000,2809.4000,2809.6000,2809.8000,2,3,1,4,2,3,4,3,2,3
SF,IH2006,2020-05-13 09:30:43.300,2809.0000,25730,-1,175404840.000,4,1,3,多平,S,2808.8000,2808.6000,2808.4000,2808.2000,2808.0000,2809.6000,2809.8000,2810.4000,2811.0000,2811.2000,1,3,3,1,4,2,3,2,2,1
SF,IH2006,2020-05-13 09:30:43.800,2809.0000,25730,0,175404840.000,0,-,-,-,-,2808.8000,2808.6000,2808.4000,2808.2000,2808.0000,2809.2000,2809.4000,2809.6000,2809.8000,2810.4000,2,2,3,1,4,1,4,2,3,2
SF,IH2006,2020-05-13 09:30:44.300,2809.0000,25730,0,175404840.000,0,-,-,-,-,2809.2000,2808.8000,2808.6000,2808.4000,2808.2000,2809.4000,2809.6000,2809.8000,2810.4000,2811.0000,1,4,2,3,1,4,2,3,2,2
SF,IH2006,2020-05-13 09:30:44.800,2809.0000,25730,0,175404840.000,0,-,-,-,-,2809.2000,2809.0000,2808.8000,2808.6000,2808.4000,2809.4000,2809.6000,2809.8000,2810.4000,2811.0000,1,1,2,2,3,3,2,3,2,2
SF,IH2006,2020-05-13 09:30:45.300,2809.2000,25729,-1,180461640.000,6,2,4,多平,S,2809.4000,2809.2000,2809.0000,2808.8000,2808.6000,2809.8000,2810.4000,2811.0000,2811.2000,2814.6000,2,1,1,2,2,2,2,2,1,1
SF,IH2006,2020-05-13 09:30:45.800,2809.2000,25729,0,180461640.000,0,-,-,-,-,2809.4000,2809.2000,2809.0000,2808.8000,2808.6000,2809.8000,2810.4000,2811.0000,2811.2000,2814.6000,2,1,1,3,2,2,2,2,1,1
SF,IH2006,2020-05-13 09:30:46.300,2809.6000,25729,0,182147460.000,2,1,1,多换,S,2809.4000,2809.2000,2809.0000,2808.8000,2808.6000,2809.8000,2810.4000,2811.0000,2811.2000,2814.6000,4,1,1,3,2,1,2,2,1,1
SF,IH2006,2020-05-13 09:30:46.800,2809.8000,25729,0,182990400.000,1,0,1,多换,S,2809.8000,2809.4000,2809.2000,2809.0000,2808.8000,2810.4000,2811.0000,2811.2000,2814.6000,2816.0000,1,4,1,1,3,2,2,1,1,1
SF,IH2006,2020-05-13 09:30:47.300,2810.4000,25728,-1,183833520.000,1,0,1,双平,S,2809.8000,2809.4000,2809.2000,2809.0000,2808.8000,2810.4000,2811.0000,2811.2000,2814.6000,2816.0000,1,2,1,1,3,2,2,1,1,1
SF,IH2006,2020-05-13 09:30:47.800,2810.0000,25726,-2,186362760.000,3,0,3,多平,S,2810.0000,2809.8000,2809.4000,2809.2000,2809.0000,2811.0000,2811.2000,2814.6000,2816.0000,2816.6000,1,3,2,1,2,2,1,1,1,1
SF,IH2006,2020-05-13 09:30:48.300,2810.0000,25726,0,186362760.000,0,-,-,-,-,2810.2000,2810.0000,2809.8000,2809.4000,2809.2000,2811.0000,2811.2000,2814.6000,2816.0000,2816.6000,4,1,1,2,1,2,1,1,1,1
SF,IH2006,2020-05-13 09:30:48.800,2810.0000,25726,0,186362760.000,0,-,-,-,-,2810.2000,2810.0000,2809.8000,2809.4000,2809.2000,2810.8000,2811.0000,2811.2000,2814.6000,2816.0000,6,1,1,2,1,1,2,1,1,1
SF,IH2006,2020-05-13 09:30:49.300,2810.0000,25725,-1,187205760.000,1,0,1,双平,S,2810.2000,2810.0000,2809.8000,2809.4000,2809.2000,2810.6000,2810.8000,2811.0000,2811.2000,2814.6000,3,1,1,2,1,2,1,2,1,1
SF,IH2006,2020-05-13 09:30:49.800,2810.2000,25724,-1,188891880.000,2,0,2,多平,S,2810.2000,2810.0000,2809.8000,2809.4000,2809.2000,2810.6000,2810.8000,2811.0000,2811.2000,2814.6000,3,1,1,2,1,2,1,2,1,1
SF,IH2006,2020-05-13 09:30:50.300,2810.2000,25722,-2,191421060.000,3,0,3,多平,S,2809.8000,2809.4000,2809.2000,2809.0000,2808.8000,2810.6000,2810.8000,2811.0000,2811.2000,2814.6000,1,2,1,3,3,3,1,2,1,1
SF,IH2006,2020-05-13 09:30:50.800,2810.2000,25722,0,191421060.000,0,-,-,-,-,2809.4000,2809.2000,2809.0000,2808.8000,2808.6000,2809.8000,2810.2000,2810.4000,2810.6000,2810.8000,2,1,3,3,2,1,6,4,3,1
SF,IH2006,2020-05-13 09:30:51.300,2810.2000,25722,0,191421060.000,0,-,-,-,-,2809.2000,2809.0000,2808.8000,2808.6000,2808.4000,2810.2000,2810.4000,2810.6000,2810.8000,2811.0000,1,3,3,2,3,6,3,3,1,2
SF,IH2006,2020-05-13 09:30:51.800,2810.2000,25722,0,191421060.000,0,-,-,-,-,2809.2000,2809.0000,2808.8000,2808.6000,2808.4000,2809.8000,2810.0000,2810.2000,2810.4000,2810.8000,1,3,3,2,3,2,3,6,2,1
SF,IH2006,2020-05-13 09:30:52.300,2810.2000,25722,0,191421060.000,0,-,-,-,-,2809.2000,2809.0000,2808.8000,2808.6000,2808.4000,2809.8000,2810.0000,2810.2000,2810.8000,2811.0000,1,3,3,2,3,2,3,6,1,2
SF,IH2006,2020-05-13 09:30:52.800,2809.8000,25721,-1,193106940.000,2,0,2,多平,S,2809.2000,2809.0000,2808.8000,2808.6000,2808.4000,2810.0000,2810.2000,2810.8000,2811.0000,2811.2000,1,3,3,2,3,3,6,1,2,1
SF,IH2006,2020-05-13 09:30:53.300,2809.8000,25721,0,193949880.000,1,0,1,多换,S,2809.2000,2809.0000,2808.8000,2808.6000,2808.4000,2810.0000,2810.2000,2810.8000,2811.0000,2811.2000,1,3,3,2,3,3,6,1,2,1
SF,IH2006,2020-05-13 09:30:54.300,2809.2000,25721,0,194792640.000,1,0,1,多换,S,2809.0000,2808.8000,2808.6000,2808.4000,2808.2000,2809.6000,2809.8000,2810.0000,2810.2000,2810.8000,3,3,2,3,1,1,1,3,5,1
SF,IH2006,2020-05-13 09:30:54.800,2809.2000,25721,0,194792640.000,0,-,-,-,-,2809.2000,2809.0000,2808.8000,2808.6000,2808.4000,2809.6000,2809.8000,2810.0000,2810.2000,2810.8000,2,3,3,2,3,1,2,3,5,1
SF,IH2006,2020-05-13 09:30:55.300,2809.2000,25721,0,196478160.000,2,1,1,多换,S,2809.0000,2808.8000,2808.6000,2808.4000,2808.2000,2809.2000,2809.6000,2809.8000,2810.0000,2810.2000,3,3,2,3,1,3,1,1,4,5
SF,IH2006,2020-05-13 09:30:55.800,2809.6000,25722,1,199849320.000,4,2,2,空开,S,2809.0000,2808.8000,2808.6000,2808.4000,2808.2000,2809.8000,2810.0000,2810.2000,2810.8000,2811.0000,4,3,2,3,1,1,4,5,1,2
SF,IH2006,2020-05-13 09:30:56.300,2809.6000,25722,0,199849320.000,0,-,-,-,-,2809.0000,2808.8000,2808.6000,2808.4000,2808.2000,2809.6000,2809.8000,2810.0000,2810.2000,2810.8000,4,3,2,3,1,2,2,2,5,1
SF,IH2006,2020-05-13 09:30:56.800,2809.6000,25722,0,200692200.000,1,0,1,多换,S,2809.0000,2808.8000,2808.6000,2808.4000,2808.2000,2809.6000,2809.8000,2810.0000,2810.2000,2810.8000,5,3,2,3,1,1,1,2,5,1
SF,IH2006,2020-05-13 09:30:57.300,2809.6000,25722,0,200692200.000,0,-,-,-,-,2809.0000,2808.8000,2808.6000,2808.4000,2808.2000,2810.0000,2810.2000,2810.8000,2811.0000,2811.2000,5,3,2,3,1,2,4,1,2,1
SF,IH2006,2020-05-13 09:30:57.800,2809.8000,25722,0,201535140.000,1,0,1,多换,S,2809.8000,2809.0000,2808.8000,2808.6000,2808.4000,2810.0000,2810.2000,2810.8000,2811.0000,2811.2000,1,6,3,2,3,3,4,1,2,1
SF,IH2006,2020-05-13 09:30:58.300,2809.8000,25721,-1,202378080.000,1,0,1,双平,S,2809.0000,2808.8000,2808.6000,2808.4000,2808.2000,2809.8000,2810.0000,2810.2000,2810.8000,2811.0000,3,3,2,3,1,2,3,4,1,2
SF,IH2006,2020-05-13 09:30:58.800,2809.8000,25721,0,202378080.000,0,-,-,-,-,2809.0000,2808.8000,2808.6000,2808.4000,2808.2000,2809.8000,2810.0000,2810.2000,2811.0000,2811.2000,6,3,2,3,1,2,2,4,2,1
SF,IH2006,2020-05-13 09:30:59.300,2809.8000,25721,0,204063960.000,2,1,1,多换,S,2809.0000,2808.8000,2808.6000,2808.4000,2808.2000,2810.0000,2810.2000,2811.0000,2811.2000,2814.6000,6,3,2,3,1,2,4,2,1,1
SF,IH2006,2020-05-13 09:30:59.800,2810.0000,25721,0,204906960.000,1,0,1,多换,S,2809.0000,2808.8000,2808.6000,2808.4000,2808.2000,2810.0000,2810.2000,2811.0000,2811.2000,2814.6000,8,3,2,3,1,1,4,2,1,1
SF,IH2006,2020-05-13 09:31:00.300,2810.0000,25721,0,204906960.000,0,-,-,-,-,2809.8000,2809.2000,2809.0000,2808.8000,2808.6000,2810.0000,2810.2000,2811.0000,2811.2000,2814.6000,1,4,8,3,2,3,4,2,1,1
SF,IH2006,2020-05-13 09:31:00.800,2809.8000,25720,-1,208278780.000,4,1,3,多平,S,2809.2000,2809.0000,2808.8000,2808.6000,2808.4000,2810.0000,2810.2000,2811.0000,2811.2000,2814.6000,4,4,3,2,3,2,3,1,1,1
SF,IH2006,2020-05-13 09:31:01.300,2809.8000,25720,0,216707460.000,10,5,5,多换,S,2809.2000,2809.0000,2808.8000,2808.6000,2808.4000,2809.8000,2810.0000,2810.2000,2810.6000,2811.0000,4,3,3,2,3,2,3,3,1,1
SF,IH2006,2020-05-13 09:31:01.800,2809.8000,25718,-2,219236160.000,3,0,3,多平,S,2809.2000,2809.0000,2808.8000,2808.6000,2808.4000,2810.0000,2810.2000,2810.6000,2811.0000,2811.2000,4,3,3,2,3,1,3,1,1,1
SF,IH2006,2020-05-13 09:31:02.300,2809.8000,25718,0,219236160.000,0,-,-,-,-,2809.2000,2809.0000,2808.8000,2808.6000,2808.4000,2809.8000,2810.0000,2810.2000,2810.6000,2811.0000,5,3,3,2,3,1,5,3,1,1
SF,IH2006,2020-05-13 09:31:02.800,2809.4000,25718,0,220921740.000,2,1,1,多换,S,2809.2000,2809.0000,2808.8000,2808.6000,2808.4000,2809.4000,2809.6000,2809.8000,2810.0000,2810.2000,4,3,3,2,3,1,6,1,5,3
SF,IH2006,2020-05-13 09:31:03.300,2809.0000,25716,-2,225135480.000,5,1,4,多平,S,2809.2000,2809.0000,2808.8000,2808.6000,2808.4000,2809.4000,2809.6000,2809.8000,2810.0000,2810.2000,2,2,2,2,3,3,5,1,4,1
SF,IH2006,2020-05-13 09:31:03.800,2809.0000,25715,-1,229349100.000,5,2,3,多平,S,2808.8000,2808.6000,2808.4000,2808.2000,2808.0000,2809.2000,2809.4000,2809.6000,2809.8000,2810.0000,2,2,3,1,5,3,2,5,1,5
SF,IH2006,2020-05-13 09:31:04.300,2809.0000,25715,0,229349100.000,0,-,-,-,-,2808.8000,2808.6000,2808.4000,2808.2000,2808.0000,2809.2000,2809.4000,2809.6000,2809.8000,2810.0000,2,2,3,1,5,3,2,5,1,5
SF,IH2006,2020-05-13 09:31:04.800,2809.2000,25714,-1,231034500.000,2,0,2,多平,S,2808.8000,2808.6000,2808.4000,2808.2000,2808.0000,2809.2000,2809.4000,2809.6000,2809.8000,2810.0000,1,2,3,1,5,3,2,5,1,5
SF,IH2006,2020-05-13 09:31:05.300,2809.2000,25714,0,231034500.000,0,-,-,-,-,2808.6000,2808.4000,2808.2000,2808.0000,2807.0000,2809.2000,2809.4000,2809.6000,2809.8000,2810.0000,2,3,1,5,2,2,2,5,1,4
SF,IH2006,2020-05-13 09:31:05.800,2809.2000,25713,-1,232720020.000,2,0,2,多平,S,2808.6000,2808.4000,2808.2000,2808.0000,2807.0000,2809.4000,2809.6000,2809.8000,2810.0000,2810.6000,3,3,1,5,2,2,5,1,4,1
SF,IH2006,2020-05-13 09:31:06.300,2809.2000,25713,0,233562780.000,1,0,1,多换,S,2808.8000,2808.6000,2808.4000,2808.2000,2808.0000,2809.2000,2809.4000,2809.6000,2809.8000,2810.0000,2,3,3,1,5,6,2,5,1,4
SF,IH2006,2020-05-13 09:31:06.800,2809.2000,25713,0,233562780.000,0,-,-,-,-,2808.8000,2808.6000,2808.4000,2808.2000,2808.0000,2809.2000,2809.4000,2809.8000,2810.0000,2810.6000,2,2,3,1,5,6,1,1,4,1
SF,IH2006,2020-05-13 09:31:07.300,2809.2000,25713,0,236933700.000,4,2,2,多换,S,2808.8000,2808.6000,2808.4000,2808.2000,2808.0000,2809.2000,2809.4000,2809.8000,2810.0000,2810.6000,2,2,3,1,5,3,2,1,4,1
SF,IH2006,2020-05-13 09:31:08.300,2809.2000,25713,0,239461980.000,3,1,2,多换,S,2809.2000,2808.8000,2808.6000,2808.4000,2808.2000,2809.4000,2809.8000,2810.0000,2810.6000,2811.0000,2,3,2,3,1,2,1,4,1,1
SF,IH2006,2020-05-13 09:31:08.800,2811.2000,25715,2,253791120.000,17,9,8,空开,S,2809.2000,2808.6000,2808.4000,2808.2000,2808.0000,2812.0000,2814.6000,2816.0000,2816.6000,2816.8000,2,2,3,1,5,1,1,1,1,4
SF,IH2006,2020-05-13 09:31:09.300,2809.8000,25719,4,268120260.000,17,10,7,空开,S,2809.8000,2809.4000,2809.2000,2808.6000,2808.4000,2810.6000,2810.8000,2811.2000,2811.4000,2811.6000,1,5,2,2,3,2,1,3,2,1
SF,IH2006,2020-05-13 09:31:09.800,2809.4000,25721,2,273177300.000,6,4,2,空开,S,2808.6000,2808.4000,2808.2000,2808.0000,2807.0000,2809.8000,2810.0000,2810.4000,2810.6000,2810.8000,2,3,1,7,2,1,1,10,3,1
SF,IH2006,2020-05-13 09:31:10.300,2809.6000,25721,0,274020180.000,1,0,1,多换,S,2808.8000,2808.6000,2808.4000,2808.2000,2808.0000,2809.6000,2810.0000,2810.4000,2810.6000,2810.8000,2,5,3,1,7,7,1,2,3,1
SF,IH2006,2020-05-13 09:31:10.800,2808.8000,25720,-1,274862820.000,1,0,1,双平,S,2808.6000,2808.4000,2808.2000,2808.0000,2807.0000,2809.2000,2809.6000,2810.0000,2810.4000,2810.6000,4,3,1,7,2,2,5,1,2,3
SF,IH2006,2020-05-13 09:31:11.300,2809.0000,25718,-2,276548220.000,2,0,2,双平,S,2808.6000,2808.4000,2808.2000,2808.0000,2807.0000,2809.0000,2809.2000,2809.6000,2810.0000,2810.4000,7,3,1,7,2,1,2,2,1,3
SF,IH2006,2020-05-13 09:31:11.800,2809.0000,25717,-1,277390920.000,1,0,1,双平,S,2809.0000,2808.6000,2808.4000,2808.2000,2808.0000,2809.2000,2809.6000,2810.0000,2810.4000,2810.6000,2,7,3,1,7,2,2,1,3,3
SF,IH2006,2020-05-13 09:31:12.300,2809.0000,25714,-3,281604720.000,5,1,4,多平,S,2808.6000,2808.4000,2808.2000,2808.0000,2807.0000,2809.0000,2809.6000,2810.0000,2810.4000,2810.6000,4,3,1,7,2,1,1,1,3,4
SF,IH2006,2020-05-13 09:31:12.800,2809.0000,25713,-1,282447420.000,1,0,1,双平,S,2809.0000,2808.6000,2808.4000,2808.2000,2808.0000,2809.6000,2810.0000,2810.4000,2810.6000,2810.8000,1,7,3,1,7,1,1,3,4,2
SF,IH2006,2020-05-13 09:31:13.300,2809.0000,25713,0,282447420.000,0,-,-,-,-,2809.0000,2808.6000,2808.4000,2808.2000,2808.0000,2809.2000,2809.6000,2810.0000,2810.4000,2810.6000,1,4,3,1,7,5,2,1,3,4
SF,IH2006,2020-05-13 09:31:13.800,2809.0000,25712,-1,283290120.000,1,0,1,双平,S,2809.0000,2808.6000,2808.4000,2808.2000,2808.0000,2809.2000,2809.6000,2810.0000,2810.4000,2810.6000,3,4,3,1,7,1,2,1,3,4
SF,IH2006,2020-05-13 09:31:14.300,2809.2000,25712,0,285818280.000,3,1,2,多换,S,2809.0000,2808.8000,2808.6000,2808.4000,2808.2000,2809.6000,2810.0000,2810.4000,2810.6000,2810.8000,2,1,4,3,1,2,1,3,4,2
SF,IH2006,2020-05-13 09:31:14.800,2809.0000,25714,2,288346380.000,3,2,1,空开,S,2808.8000,2808.6000,2808.4000,2808.2000,2808.0000,2809.0000,2809.4000,2809.6000,2810.4000,2810.6000,1,4,3,1,6,2,7,3,3,4
SF,IH2006,2020-05-13 09:31:15.300,2808.8000,25713,-1,289189020.000,1,0,1,双平,S,2809.0000,2808.6000,2808.4000,2808.2000,2808.0000,2809.4000,2809.6000,2810.4000,2810.6000,2810.8000,1,4,2,1,6,1,2,3,4,2
SF,IH2006,2020-05-13 09:31:15.800,2809.2000,25712,-1,290874540.000,2,0,2,多平,S,2809.0000,2808.8000,2808.6000,2808.4000,2808.2000,2809.6000,2810.4000,2810.6000,2810.8000,2811.2000,1,1,4,2,1,2,3,4,2,2
SF,IH2006,2020-05-13 09:31:16.300,2809.2000,25712,0,290874540.000,0,-,-,-,-,2809.0000,2808.8000,2808.6000,2808.4000,2808.2000,2809.4000,2809.6000,2810.4000,2810.6000,2810.8000,1,1,4,2,1,6,2,3,4,2
SF,IH2006,2020-05-13 09:31:16.800,2809.0000,25710,-2,292559940.000,2,0,2,双平,S,2808.8000,2808.6000,2808.4000,2808.2000,2808.0000,2809.4000,2809.6000,2810.4000,2810.6000,2810.8000,1,4,2,1,6,1,2,3,4,2
SF,IH2006,2020-05-13 09:31:17.300,2809.0000,25710,0,292559940.000,0,-,-,-,-,2808.8000,2808.6000,2808.4000,2808.2000,2808.0000,2809.4000,2809.6000,2810.4000,2810.6000,2810.8000,1,4,2,1,7,2,1,3,4,2
SF,IH2006,2020-05-13 09:31:17.800,2809.0000,25710,0,292559940.000,0,-,-,-,-,2808.8000,2808.6000,2808.4000,2808.2000,2808.0000,2809.4000,2809.6000,2810.4000,2810.6000,2810.8000,1,4,2,1,7,2,1,3,4,2
SF,IH2006,2020-05-13 09:31:18.300,2809.0000,25710,0,292559940.000,0,-,-,-,-,2808.8000,2808.6000,2808.4000,2808.2000,2808.0000,2809.2000,2809.4000,2809.6000,2810.4000,2810.6000,1,5,2,1,7,1,2,1,3,4
SF,IH2006,2020-05-13 09:31:18.800,2809.0000,25710,0,292559940.000,0,-,-,-,-,2808.8000,2808.6000,2808.4000,2808.2000,2808.0000,2809.2000,2809.4000,2809.6000,2810.4000,2810.6000,1,6,2,1,7,1,2,1,3,4
SF,IH2006,2020-05-13 09:31:19.300,2808.8000,25709,-1,293402580.000,1,0,1,双平,S,2808.6000,2808.4000,2808.2000,2808.0000,2807.0000,2809.0000,2809.2000,2809.4000,2809.6000,2810.4000,6,2,1,7,2,1,1,2,1,3
SF,IH2006,2020-05-13 09:31:19.800,2809.0000,25709,0,294245280.000,1,0,1,多换,S,2808.6000,2808.4000,2808.2000,2808.0000,2807.0000,2809.0000,2809.2000,2809.4000,2809.6000,2810.4000,6,2,1,7,2,1,1,2,1,3
SF,IH2006,2020-05-13 09:31:20.300,2809.0000,25709,0,294245280.000,0,-,-,-,-,2808.6000,2808.4000,2808.2000,2808.0000,2807.0000,2809.0000,2809.2000,2809.4000,2809.6000,2810.4000,6,3,1,7,2,1,1,2,1,3
SF,IH2006,2020-05-13 09:31:20.800,2808.6000,25710,1,295930440.000,2,1,1,空开,S,2808.6000,2808.4000,2808.2000,2808.0000,2807.0000,2809.0000,2809.2000,2809.4000,2809.6000,2810.2000,4,3,1,7,2,1,1,2,1,1
SF,IH2006,2020-05-13 09:31:21.300,2808.6000,25708,-2,298458180.000,3,0,3,多平,S,2808.6000,2808.4000,2808.2000,2808.0000,2807.0000,2808.8000,2809.0000,2809.2000,2809.4000,2809.6000,1,3,1,7,2,8,6,1,1,1
SF,IH2006,2020-05-13 09:31:21.800,2808.6000,25706,-2,300985860.000,3,0,3,多平,S,2808.4000,2808.2000,2808.0000,2807.0000,2806.6000,2808.6000,2808.8000,2809.0000,2809.2000,2809.4000,3,1,7,2,3,2,3,6,1,1
SF,IH2006,2020-05-13 09:31:22.300,2808.4000,25704,-2,303513420.000,3,0,3,多平,S,2808.2000,2808.0000,2807.0000,2806.6000,2806.4000,2808.4000,2808.6000,2808.8000,2809.0000,2809.2000,1,7,2,3,1,2,2,3,8,1
SF,IH2006,2020-05-13 09:31:22.800,2808.0000,25704,0,305198280.000,2,1,1,多换,S,2808.0000,2807.0000,2806.6000,2806.4000,2806.2000,2808.4000,2808.6000,2808.8000,2809.0000,2809.2000,6,2,3,1,1,2,2,3,8,1
SF,IH2006,2020-05-13 09:31:23.300,2808.0000,25704,0,305198280.000,0,-,-,-,-,2808.0000,2807.8000,2807.0000,2806.6000,2806.4000,2808.2000,2808.4000,2808.6000,2808.8000,2809.0000,6,1,2,3,1,3,3,2,3,8
SF,IH2006,2020-05-13 09:31:23.800,2808.0000,25703,-1,307725540.000,3,1,2,多平,S,2808.0000,2807.8000,2807.0000,2806.6000,2806.4000,2808.2000,2808.4000,2808.6000,2808.8000,2809.0000,4,1,2,3,1,1,3,3,3,8
SF,IH2006,2020-05-13 09:31:24.300,2808.2000,25701,-2,311937780.000,5,1,4,多平,S,2808.0000,2807.8000,2807.0000,2806.6000,2806.4000,2808.2000,2808.4000,2808.6000,2808.8000,2809.0000,3,1,2,3,1,1,2,2,3,8
SF,IH2006,2020-05-13 09:31:24.800,2808.2000,25700,-1,314465160.000,3,1,2,多平,S,2808.0000,2807.8000,2807.0000,2806.6000,2806.4000,2808.6000,2808.8000,2809.0000,2809.2000,2809.6000,3,2,2,3,1,2,1,8,1,1
SF,IH2006,2020-05-13 09:31:25.300,2808.2000,25700,0,319519920.000,6,3,3,多换,S,2808.2000,2808.0000,2807.8000,2807.0000,2806.6000,2808.6000,2808.8000,2809.0000,2809.6000,2810.2000,1,3,3,2,3,1,2,7,1,1
SF,IH2006,2020-05-13 09:31:25.800,2808.4000,25699,-1,321205020.000,2,0,2,多平,S,2808.2000,2808.0000,2807.8000,2807.0000,2806.6000,2808.8000,2809.0000,2809.4000,2809.6000,2810.2000,1,4,3,2,3,2,7,1,1,1
SF,IH2006,2020-05-13 09:31:26.300,2808.4000,25699,0,321205020.000,0,-,-,-,-,2808.2000,2808.0000,2807.8000,2807.0000,2806.6000,2808.6000,2808.8000,2809.0000,2809.4000,2809.6000,1,4,3,2,3,1,1,7,1,1
SF,IH2006,2020-05-13 09:31:26.800,2808.2000,25699,0,322047480.000,1,0,1,多换,S,2808.0000,2807.8000,2807.0000,2806.6000,2806.4000,2808.6000,2808.8000,2809.0000,2809.4000,2809.6000,5,3,2,3,1,1,1,7,1,1
SF,IH2006,2020-05-13 09:31:27.300,2808.6000,25698,-1,322890060.000,1,0,1,双平,S,2808.0000,2807.8000,2807.0000,2806.6000,2806.4000,2808.8000,2809.0000,2809.4000,2809.6000,2809.8000,5,3,2,3,1,1,7,1,1,1
SF,IH2006,2020-05-13 09:31:27.800,2808.0000,25698,0,323732460.000,1,0,1,多换,S,2808.0000,2807.8000,2807.0000,2806.6000,2806.4000,2808.2000,2808.6000,2808.8000,2809.0000,2809.4000,4,3,2,3,1,1,2,1,7,1
SF,IH2006,2020-05-13 09:31:28.300,2808.6000,25698,0,325417500.000,2,1,1,多换,S,2808.2000,2808.0000,2807.8000,2807.0000,2806.6000,2808.6000,2808.8000,2809.0000,2809.4000,2809.6000,1,4,4,2,3,1,1,7,1,1
SF,IH2006,2020-05-13 09:31:28.800,2808.2000,25698,0,326259960.000,1,0,1,多换,S,2808.0000,2807.8000,2807.4000,2807.0000,2806.6000,2808.6000,2808.8000,2809.0000,2809.4000,2809.6000,4,5,1,2,3,1,1,7,1,1
SF,IH2006,2020-05-13 09:31:29.300,2808.2000,25698,0,326259960.000,0,-,-,-,-,2808.0000,2807.8000,2807.4000,2807.0000,2806.6000,2808.4000,2808.6000,2808.8000,2809.0000,2809.4000,4,6,1,3,3,2,2,1,7,1
SF,IH2006,2020-05-13 09:31:29.800,2808.2000,25698,0,326259960.000,0,-,-,-,-,2808.0000,2807.8000,2807.4000,2807.0000,2806.6000,2808.4000,2808.6000,2808.8000,2809.0000,2809.4000,4,7,1,3,3,2,2,1,7,1
SF,IH2006,2020-05-13 09:31:30.300,2808.0000,25698,0,327102360.000,1,0,1,多换,S,2808.0000,2807.8000,2807.4000,2807.0000,2806.6000,2808.4000,2808.6000,2808.8000,2809.0000,2809.4000,4,8,1,3,3,2,2,1,7,1
SF,IH2006,2020-05-13 09:31:30.800,2808.0000,25698,0,327944760.000,1,0,1,多换,S,2808.0000,2807.8000,2807.4000,2807.0000,2806.6000,2808.4000,2808.6000,2808.8000,2809.0000,2809.4000,4,10,1,3,3,2,2,1,6,1
SF,IH2006,2020-05-13 09:31:31.300,2808.0000,25698,0,327944760.000,0,-,-,-,-,2808.0000,2807.8000,2807.4000,2807.0000,2806.6000,2808.4000,2808.6000,2808.8000,2809.0000,2809.4000,4,10,1,3,3,2,2,1,6,1
SF,IH2006,2020-05-13 09:31:31.800,2808.0000,25698,0,328787160.000,1,0,1,多换,S,2808.2000,2808.0000,2807.8000,2807.4000,2807.0000,2808.4000,2808.6000,2808.8000,2809.0000,2809.4000,1,4,11,1,3,2,2,1,6,1
SF,IH2006,2020-05-13 09:31:32.300,2808.2000,25698,0,329629620.000,1,0,1,多换,S,2808.0000,2807.8000,2807.4000,2807.0000,2806.6000,2808.4000,2808.6000,2808.8000,2809.0000,2809.4000,4,11,1,3,3,2,2,1,6,1
SF,IH2006,2020-05-13 09:31:32.800,2808.0000,25700,2,332999220.000,4,3,1,空开,S,2807.8000,2807.4000,2807.0000,2806.6000,2806.4000,2808.0000,2808.4000,2808.6000,2808.8000,2809.0000,12,1,3,3,2,2,2,2,1,6
SF,IH2006,2020-05-13 09:31:33.300,2808.0000,25700,0,334684020.000,2,1,1,多换,S,2807.8000,2807.4000,2807.0000,2806.6000,2806.4000,2808.0000,2808.4000,2808.6000,2808.8000,2809.0000,12,1,3,3,2,1,2,2,1,6
SF,IH2006,2020-05-13 09:31:33.800,2808.0000,25700,0,334684020.000,0,-,-,-,-,2807.8000,2807.4000,2807.0000,2806.6000,2806.4000,2808.0000,2808.4000,2808.6000,2808.8000,2809.0000,12,1,3,3,2,1,2,2,1,6
SF,IH2006,2020-05-13 09:31:34.300,2807.8000,25700,0,335526360.000,1,0,1,多换,S,2807.8000,2807.4000,2807.0000,2806.6000,2806.4000,2808.0000,2808.4000,2808.6000,2808.8000,2809.0000,11,1,3,3,2,1,2,2,1,6
SF,IH2006,2020-05-13 09:31:34.800,2808.0000,25699,-1,336368760.000,1,0,1,双平,S,2807.8000,2807.6000,2807.4000,2807.0000,2806.6000,2808.4000,2808.6000,2808.8000,2809.0000,2809.4000,11,2,1,3,3,2,2,1,6,1
SF,IH2006,2020-05-13 09:31:35.300,2807.8000,25697,-2,338053620.000,2,0,2,双平,S,2807.8000,2807.6000,2807.4000,2807.0000,2806.6000,2808.4000,2808.6000,2808.8000,2809.0000,2809.2000,11,3,1,3,3,1,2,1,6,1
SF,IH2006,2020-05-13 09:31:35.800,2807.8000,25697,0,339738480.000,2,1,1,多换,S,2808.4000,2807.8000,2807.6000,2807.4000,2807.2000,2808.6000,2808.8000,2809.0000,2809.2000,2809.4000,1,10,5,1,1,2,1,6,1,1
SF,IH2006,2020-05-13 09:31:36.300,2808.4000,25696,-1,342266160.000,3,1,2,多平,S,2808.4000,2808.0000,2807.8000,2807.6000,2807.4000,2808.8000,2809.0000,2809.2000,2809.4000,2809.6000,1,1,11,5,1,1,6,1,1,1
SF,IH2006,2020-05-13 09:31:36.800,2808.4000,25696,0,342266160.000,0,-,-,-,-,2808.4000,2808.2000,2808.0000,2807.8000,2807.6000,2808.8000,2809.0000,2809.2000,2809.4000,2809.6000,4,2,1,11,5,1,6,1,1,1
SF,IH2006,2020-05-13 09:31:37.300,2808.4000,25696,0,342266160.000,0,-,-,-,-,2808.4000,2808.2000,2808.0000,2807.8000,2807.6000,2808.6000,2808.8000,2809.0000,2809.2000,2809.4000,4,2,1,11,5,2,1,6,1,1
SF,IH2006,2020-05-13 09:31:37.800,2808.6000,25695,-1,344793780.000,3,1,2,多平,S,2808.4000,2808.2000,2807.8000,2807.6000,2807.4000,2808.6000,2808.8000,2809.0000,2809.2000,2809.4000,2,2,11,5,1,1,1,6,1,1
SF,IH2006,2020-05-13 09:31:38.300,2808.2000,25693,-2,348163740.000,4,1,3,多平,S,2807.8000,2807.6000,2807.4000,2807.2000,2807.0000,2808.4000,2808.6000,2808.8000,2809.0000,2809.2000,11,5,1,1,3,1,1,1,6,1
SF,IH2006,2020-05-13 09:31:38.800,2807.8000,25696,3,354061920.000,7,5,2,空开,S,2807.8000,2807.6000,2807.4000,2807.2000,2807.0000,2809.0000,2809.2000,2809.4000,2809.6000,2809.8000,10,5,1,1,3,3,1,1,1,1
SF,IH2006,2020-05-13 09:31:39.300,2807.8000,25696,0,354904260.000,1,0,1,多换,S,2808.0000,2807.8000,2807.6000,2807.4000,2807.2000,2808.8000,2809.0000,2809.2000,2809.4000,2809.6000,1,10,5,1,1,7,4,1,1,1
SF,IH2006,2020-05-13 09:31:39.800,2807.8000,25696,0,354904260.000,0,-,-,-,-,2808.0000,2807.8000,2807.6000,2807.4000,2807.2000,2808.6000,2808.8000,2809.0000,2809.2000,2809.4000,7,11,5,1,1,1,6,4,1,1
SF,IH2006,2020-05-13 09:31:40.300,2808.6000,25695,-1,355746840.000,1,0,1,双平,S,2808.0000,2807.8000,2807.6000,2807.4000,2807.2000,2808.8000,2809.0000,2809.2000,2809.4000,2809.6000,7,12,5,1,1,6,4,1,1,1
SF,IH2006,2020-05-13 09:31:40.800,2808.6000,25695,0,355746840.000,0,-,-,-,-,2808.0000,2807.8000,2807.6000,2807.4000,2807.2000,2808.4000,2808.6000,2808.8000,2809.0000,2809.2000,7,13,6,1,1,1,1,6,4,1
SF,IH2006,2020-05-13 09:31:41.300,2808.6000,25695,0,355746840.000,0,-,-,-,-,2808.0000,2807.8000,2807.6000,2807.4000,2807.2000,2808.4000,2808.8000,2809.0000,2809.2000,2809.4000,8,14,6,1,1,1,6,4,1,1
SF,IH2006,2020-05-13 09:31:41.800,2808.0000,25696,1,356589240.000,1,1,0,双开,S,2808.0000,2807.8000,2807.6000,2807.4000,2807.2000,2808.4000,2808.8000,2809.0000,2809.2000,2809.4000,7,15,6,1,1,1,6,4,1,1
SF,IH2006,2020-05-13 09:31:42.300,2808.0000,25696,0,356589240.000,0,-,-,-,-,2808.0000,2807.8000,2807.6000,2807.4000,2807.2000,2808.4000,2808.8000,2809.0000,2809.2000,2809.4000,7,16,6,1,1,1,6,4,1,1
SF,IH2006,2020-05-13 09:31:42.800,2808.4000,25697,1,357431760.000,1,1,0,双开,S,2808.0000,2807.8000,2807.6000,2807.4000,2807.2000,2808.8000,2809.0000,2809.2000,2809.4000,2809.6000,7,16,6,1,1,6,4,1,1,1
SF,IH2006,2020-05-13 09:31:43.300,2808.4000,25697,0,357431760.000,0,-,-,-,-,2808.0000,2807.8000,2807.6000,2807.4000,2807.2000,2808.4000,2808.6000,2808.8000,2809.0000,2809.2000,7,16,6,1,1,5,3,6,4,1
SF,IH2006,2020-05-13 09:31:43.800,2808.0000,25697,0,363328560.000,7,3,4,多换,S,2807.8000,2807.6000,2807.4000,2807.2000,2807.0000,2808.4000,2808.6000,2808.8000,2809.0000,2809.2000,16,6,1,1,3,7,3,6,4,1
SF,IH2006,2020-05-13 09:31:44.300,2807.8000,25695,-2,365013240.000,2,0,2,双平,S,2807.8000,2807.6000,2807.4000,2807.2000,2807.0000,2808.4000,2808.6000,2808.8000,2809.0000,2809.2000,14,6,1,1,3,8,3,6,4,1
SF,IH2006,2020-05-13 09:31:44.800,2807.8000,25695,0,365013240.000,0,-,-,-,-,2808.0000,2807.8000,2807.6000,2807.4000,2807.2000,2808.2000,2808.4000,2808.6000,2808.8000,2809.0000,1,14,7,1,1,1,8,3,6,4
SF,IH2006,2020-05-13 09:31:45.300,2808.2000,25694,-1,366698100.000,2,0,2,多平,S,2807.8000,2807.6000,2807.4000,2807.2000,2807.0000,2808.4000,2808.6000,2808.8000,2809.0000,2809.2000,15,7,1,1,3,8,3,6,4,1
SF,IH2006,2020-05-13 09:31:45.800,2807.8000,25693,-1,368382840.000,2,0,2,多平,S,2807.8000,2807.6000,2807.4000,2807.2000,2807.0000,2808.4000,2808.6000,2808.8000,2809.0000,2809.2000,14,8,1,1,3,8,3,6,4,1
SF,IH2006,2020-05-13 09:31:46.300,2807.8000,25693,0,368382840.000,0,-,-,-,-,2807.8000,2807.6000,2807.4000,2807.2000,2807.0000,2808.4000,2808.6000,2808.8000,2809.0000,2809.2000,14,8,1,1,3,8,3,6,4,1
SF,IH2006,2020-05-13 09:31:46.800,2807.8000,25693,0,368382840.000,0,-,-,-,-,2807.8000,2807.6000,2807.4000,2807.2000,2807.0000,2808.4000,2808.6000,2808.8000,2809.0000,2809.2000,11,7,1,1,3,8,3,6,4,1
SF,IH2006,2020-05-13 09:31:47.300,2807.8000,25693,0,368382840.000,0,-,-,-,-,2807.8000,2807.6000,2807.4000,2807.2000,2807.0000,2808.4000,2808.6000,2808.8000,2809.0000,2809.2000,17,7,1,1,3,8,2,6,4,1
SF,IH2006,2020-05-13 09:31:47.800,2807.8000,25693,0,368382840.000,0,-,-,-,-,2807.8000,2807.6000,2807.4000,2807.2000,2807.0000,2808.4000,2808.6000,2808.8000,2809.0000,2809.2000,17,7,1,1,3,9,2,6,4,1
SF,IH2006,2020-05-13 09:31:48.300,2807.8000,25693,0,370067700.000,2,1,1,多换,S,2807.8000,2807.6000,2807.4000,2807.2000,2807.0000,2808.4000,2808.6000,2808.8000,2809.0000,2809.2000,16,7,1,1,3,8,2,6,4,1
SF,IH2006,2020-05-13 09:31:49.300,2808.4000,25694,1,370910220.000,1,1,0,双开,S,2807.8000,2807.6000,2807.4000,2807.2000,2807.0000,2808.4000,2808.6000,2808.8000,2809.0000,2809.2000,16,7,1,1,3,7,2,6,4,1
SF,IH2006,2020-05-13 09:31:49.800,2808.4000,25694,0,370910220.000,0,-,-,-,-,2807.8000,2807.6000,2807.4000,2807.2000,2807.0000,2808.4000,2808.6000,2808.8000,2809.0000,2809.2000,15,5,1,1,3,7,2,6,4,1
SF,IH2006,2020-05-13 09:31:50.300,2808.0000,25695,1,373437660.000,3,2,1,空开,S,2807.8000,2807.6000,2807.4000,2807.2000,2807.0000,2808.4000,2808.6000,2808.8000,2809.0000,2809.2000,14,4,1,1,3,5,2,6,4,1
SF,IH2006,2020-05-13 09:31:50.800,2808.0000,25695,0,373437660.000,0,-,-,-,-,2807.8000,2807.6000,2807.4000,2807.2000,2807.0000,2808.0000,2808.4000,2808.6000,2808.8000,2809.0000,15,2,1,1,3,1,5,2,6,4
SF,IH2006,2020-05-13 09:31:51.300,2808.0000,25695,0,375122460.000,2,1,1,多换,S,2808.0000,2807.8000,2807.6000,2807.4000,2807.2000,2808.4000,2808.6000,2808.8000,2809.0000,2809.2000,1,18,2,1,1,5,2,6,4,1
SF,IH2006,2020-05-13 09:31:51.800,2808.0000,25695,0,375964860.000,1,0,1,多换,S,2808.0000,2807.8000,2807.6000,2807.4000,2807.2000,2808.4000,2808.6000,2808.8000,2809.0000,2809.2000,1,18,2,1,1,5,2,6,4,1
SF,IH2006,2020-05-13 09:31:52.300,2808.0000,25695,0,375964860.000,0,-,-,-,-,2807.8000,2807.6000,2807.4000,2807.2000,2807.0000,2808.4000,2808.6000,2808.8000,2809.0000,2809.2000,12,2,1,1,3,5,2,6,4,1
SF,IH2006,2020-05-13 09:31:52.800,2808.0000,25695,0,375964860.000,0,-,-,-,-,2807.8000,2807.6000,2807.4000,2807.2000,2807.0000,2808.4000,2808.6000,2808.8000,2809.0000,2809.2000,18,2,1,1,3,5,2,6,4,1
SF,IH2006,2020-05-13 09:31:53.300,2808.2000,25695,0,376807320.000,1,0,1,多换,S,2807.8000,2807.6000,2807.4000,2807.2000,2807.0000,2808.4000,2808.6000,2808.8000,2809.0000,2809.2000,18,2,1,1,3,5,2,6,4,1
SF,IH2006,2020-05-13 09:31:53.800,2808.2000,25695,0,376807320.000,0,-,-,-,-,2807.8000,2807.6000,2807.4000,2807.2000,2807.0000,2808.4000,2808.6000,2808.8000,2809.0000,2809.2000,19,2,1,1,3,5,2,6,4,1
SF,IH2006,2020-05-13 09:31:54.300,2808.2000,25695,0,376807320.000,0,-,-,-,-,2808.0000,2807.8000,2807.6000,2807.4000,2807.2000,2808.4000,2808.6000,2808.8000,2809.0000,2809.2000,2,19,2,1,1,5,2,6,4,1
SF,IH2006,2020-05-13 09:31:54.800,2807.8000,25693,-2,379334460.000,3,0,3,多平,S,2807.8000,2807.6000,2807.4000,2807.2000,2807.0000,2808.0000,2808.2000,2808.4000,2808.6000,2808.8000,18,2,1,1,3,12,2,7,2,1
SF,IH2006,2020-05-13 09:31:55.300,2807.8000,25688,-5,390284880.000,13,4,9,多平,S,2807.8000,2807.6000,2807.4000,2807.2000,2807.0000,2808.4000,2808.6000,2808.8000,2809.0000,2809.2000,8,2,1,1,3,5,2,1,4,1
SF,IH2006,2020-05-13 09:31:56.300,2807.8000,25684,-4,394496580.000,5,0,5,多平,S,2807.8000,2807.6000,2807.4000,2807.2000,2807.0000,2808.0000,2808.2000,2808.4000,2808.8000,2809.0000,3,2,1,1,3,4,6,4,1,4
SF,IH2006,2020-05-13 09:31:56.800,2808.2000,25682,-2,397866120.000,4,1,3,多平,S,2808.0000,2807.8000,2807.6000,2807.4000,2807.2000,2808.4000,2808.8000,2809.0000,2809.2000,2809.4000,1,2,2,1,1,3,1,4,1,1
SF,IH2006,2020-05-13 09:31:57.300,2808.2000,25682,0,397866120.000,0,-,-,-,-,2808.0000,2807.8000,2807.6000,2807.4000,2807.2000,2808.4000,2808.8000,2809.0000,2809.2000,2809.4000,1,2,2,1,1,3,1,4,1,1
SF,IH2006,2020-05-13 09:31:57.800,2808.2000,25682,0,397866120.000,0,-,-,-,-,2808.0000,2807.8000,2807.6000,2807.4000,2807.2000,2808.4000,2808.8000,2809.0000,2809.2000,2809.4000,1,2,2,1,1,3,1,4,1,1
SF,IH2006,2020-05-13 09:31:58.300,2808.0000,25681,-1,398708520.000,1,0,1,双平,S,2807.8000,2807.6000,2807.4000,2807.2000,2807.0000,2808.2000,2808.4000,2808.8000,2809.0000,2809.2000,2,2,1,1,4,1,3,1,4,1
SF,IH2006,2020-05-13 09:31:58.800,2808.4000,25680,-1,400393500.000,2,0,2,多平,S,2807.8000,2807.6000,2807.4000,2807.2000,2807.0000,2808.4000,2808.8000,2809.0000,2809.2000,2809.4000,2,2,1,1,4,3,1,4,1,1
SF,IH2006,2020-05-13 09:31:59.300,2808.0000,25679,-1,402078300.000,2,0,2,多平,S,2807.8000,2807.6000,2807.4000,2807.2000,2807.0000,2808.0000,2808.2000,2808.4000,2808.8000,2809.0000,2,2,1,1,4,7,6,5,1,4
SF,IH2006,2020-05-13 09:31:59.800,2807.8000,25677,-2,403762980.000,2,0,2,双平,S,2807.6000,2807.4000,2807.2000,2807.0000,2806.6000,2807.8000,2808.0000,2808.2000,2808.4000,2808.8000,2,1,1,4,3,1,1,6,4,1
SF,IH2006,2020-05-13 09:32:00.300,2807.8000,25677,0,403762980.000,0,-,-,-,-,2807.6000,2807.4000,2807.2000,2807.0000,2806.6000,2807.8000,2808.4000,2808.8000,2809.0000,2809.2000,2,1,1,4,3,1,3,1,4,1
SF,IH2006,2020-05-13 09:32:00.800,2807.6000,25677,0,405447540.000,2,1,1,多换,S,2807.4000,2807.2000,2807.0000,2806.6000,2806.4000,2807.8000,2808.0000,2808.4000,2808.8000,2809.0000,1,1,4,3,3,1,2,3,1,4
SF,IH2006,2020-05-13 09:32:01.300,2807.6000,25677,0,409658820.000,5,2,3,多换,S,2807.6000,2807.0000,2806.8000,2806.6000,2806.4000,2808.4000,2808.8000,2809.0000,2809.2000,2809.4000,2,3,1,3,3,2,1,3,1,1
SF,IH2006,2020-05-13 09:32:01.800,2807.6000,25679,2,411343380.000,2,2,0,双开,S,2807.6000,2807.0000,2806.8000,2806.6000,2806.4000,2808.4000,2808.8000,2809.0000,2809.2000,2809.4000,1,3,1,3,3,2,1,1,1,1
SF,IH2006,2020-05-13 09:32:02.300,2808.2000,25679,0,412185840.000,1,0,1,多换,S,2807.6000,2807.0000,2806.8000,2806.6000,2806.4000,2808.4000,2809.0000,2809.2000,2809.4000,2809.8000,2,3,1,3,3,2,1,1,1,2
SF,IH2006,2020-05-13 09:32:02.800,2808.4000,25679,0,413028360.000,1,0,1,多换,S,2807.8000,2807.6000,2807.0000,2806.8000,2806.6000,2808.4000,2809.0000,2809.2000,2809.4000,2809.8000,2,2,3,1,3,1,1,1,1,2
SF,IH2006,2020-05-13 09:32:03.300,2808.4000,25678,-1,414713400.000,2,0,2,多平,S,2807.8000,2807.6000,2807.0000,2806.8000,2806.6000,2809.0000,2809.2000,2809.4000,2809.8000,2810.4000,3,2,3,1,3,1,1,1,2,2
SF,IH2006,2020-05-13 09:32:03.800,2808.6000,25678,0,415555980.000,1,0,1,多换,S,2808.0000,2807.8000,2807.6000,2807.0000,2806.8000,2808.6000,2808.8000,2809.0000,2809.2000,2809.4000,1,1,1,3,1,5,6,1,1,1
SF,IH2006,2020-05-13 09:32:04.300,2807.6000,25678,0,417240660.000,2,1,1,多换,S,2807.0000,2806.8000,2806.6000,2806.4000,2806.2000,2808.4000,2808.6000,2808.8000,2809.0000,2809.2000,3,1,3,3,1,1,5,4,1,1
SF,IH2006,2020-05-13 09:32:04.800,2807.6000,25678,0,417240660.000,0,-,-,-,-,2807.8000,2807.2000,2807.0000,2806.8000,2806.6000,2808.2000,2808.4000,2808.6000,2808.8000,2809.0000,2,3,3,1,3,1,1,5,3,1
SF,IH2006,2020-05-13 09:32:05.300,2807.6000,25679,1,418925220.000,2,1,1,空开,S,2807.2000,2807.0000,2806.8000,2806.6000,2806.4000,2807.6000,2807.8000,2808.0000,2808.2000,2808.4000,3,3,1,2,3,3,2,4,1,3
SF,IH2006,2020-05-13 09:32:05.800,2807.8000,25679,0,422294400.000,4,2,2,多换,S,2807.4000,2807.2000,2807.0000,2806.8000,2806.6000,2808.2000,2808.4000,2808.6000,2808.8000,2809.0000,2,3,3,1,2,1,2,5,3,1
SF,IH2006,2020-05-13 09:32:06.300,2807.8000,25679,0,422294400.000,0,-,-,-,-,2807.6000,2807.4000,2807.2000,2807.0000,2806.8000,2807.8000,2808.4000,2808.6000,2808.8000,2809.0000,1,3,2,3,1,1,1,5,3,1
SF,IH2006,2020-05-13 09:32:06.800,2808.0000,25676,-3,424821480.000,3,0,3,双平,S,2807.4000,2807.2000,2807.0000,2806.8000,2806.6000,2808.4000,2808.6000,2808.8000,2809.0000,2809.2000,3,2,3,1,2,1,5,3,1,1
SF,IH2006,2020-05-13 09:32:07.300,2808.0000,25676,0,424821480.000,0,-,-,-,-,2807.4000,2807.0000,2806.8000,2806.6000,2806.4000,2807.8000,2808.2000,2808.4000,2808.6000,2808.8000,1,3,1,2,3,5,2,1,5,3
SF,IH2006,2020-05-13 09:32:07.800,2807.4000,25675,-1,427348140.000,3,1,2,多平,S,2807.0000,2806.8000,2806.6000,2806.4000,2806.2000,2808.2000,2808.4000,2808.6000,2808.8000,2809.0000,3,1,2,3,1,1,1,5,3,1
SF,IH2006,2020-05-13 09:32:08.300,2808.0000,25675,0,428190540.000,1,0,1,多换,S,2807.0000,2806.8000,2806.6000,2806.4000,2806.2000,2808.0000,2808.2000,2808.4000,2808.6000,2808.8000,3,1,2,3,1,3,7,2,5,3
SF,IH2006,2020-05-13 09:32:08.800,2808.0000,25675,0,428190540.000,0,-,-,-,-,2807.0000,2806.8000,2806.6000,2806.4000,2806.2000,2807.6000,2807.8000,2808.0000,2808.2000,2808.4000,3,1,2,3,1,5,1,4,6,2
SF,IH2006,2020-05-13 09:32:09.300,2807.0000,25674,-1,429032640.000,1,0,1,双平,S,2807.0000,2806.8000,2806.6000,2806.4000,2806.2000,2807.8000,2808.0000,2808.2000,2808.4000,2808.6000,2,2,2,3,1,1,3,6,2,5
SF,IH2006,2020-05-13 09:32:09.800,2807.8000,25673,-1,429874980.000,1,0,1,双平,S,2807.0000,2806.8000,2806.6000,2806.4000,2806.2000,2808.0000,2808.2000,2808.4000,2808.6000,2808.8000,2,2,2,3,1,3,6,2,5,3
SF,IH2006,2020-05-13 09:32:10.300,2807.8000,25673,0,429874980.000,0,-,-,-,-,2807.0000,2806.8000,2806.6000,2806.4000,2806.2000,2807.8000,2808.0000,2808.2000,2808.4000,2808.6000,2,2,2,3,1,6,3,5,2,5
SF,IH2006,2020-05-13 09:32:10.800,2807.0000,25673,0,430717080.000,1,0,1,多换,S,2807.0000,2806.8000,2806.6000,2806.4000,2806.2000,2807.6000,2807.8000,2808.0000,2808.2000,2808.4000,2,2,2,3,1,1,6,2,5,2
SF,IH2006,2020-05-13 09:32:11.300,2807.6000,25672,-1,431559360.000,1,0,1,双平,S,2807.0000,2806.8000,2806.6000,2806.4000,2806.2000,2807.8000,2808.0000,2808.2000,2808.4000,2808.6000,2,2,2,3,1,6,2,5,2,5
SF,IH2006,2020-05-13 09:32:11.800,2807.6000,25672,0,431559360.000,0,-,-,-,-,2807.0000,2806.8000,2806.6000,2806.4000,2806.2000,2808.0000,2808.2000,2808.4000,2808.6000,2808.8000,2,2,2,3,1,2,5,2,5,3
SF,IH2006,2020-05-13 09:32:12.300,2807.6000,25672,0,431559360.000,0,-,-,-,-,2807.0000,2806.8000,2806.6000,2806.4000,2806.2000,2808.0000,2808.2000,2808.4000,2808.6000,2808.8000,2,2,2,3,1,2,5,2,5,4
SF,IH2006,2020-05-13 09:32:12.800,2808.0000,25672,0,432401760.000,1,0,1,多换,S,2807.2000,2807.0000,2806.8000,2806.6000,2806.4000,2808.0000,2808.2000,2808.4000,2808.6000,2808.8000,1,1,2,2,3,1,5,2,5,4
SF,IH2006,2020-05-13 09:32:13.800,2808.0000,25672,0,433244160.000,1,0,1,多换,S,2807.2000,2807.0000,2806.8000,2806.6000,2806.4000,2808.0000,2808.2000,2808.4000,2808.6000,2808.8000,1,1,2,2,3,1,5,2,5,4
SF,IH2006,2020-05-13 09:32:14.300,2808.0000,25672,0,433244160.000,0,-,-,-,-,2808.0000,2807.2000,2807.0000,2806.8000,2806.6000,2808.2000,2808.4000,2808.6000,2808.8000,2809.0000,1,1,1,2,2,5,2,5,4,1
SF,IH2006,2020-05-13 09:32:14.800,2808.0000,25672,0,434086560.000,1,0,1,多换,S,2807.2000,2807.0000,2806.8000,2806.6000,2806.4000,2808.0000,2808.2000,2808.4000,2808.8000,2809.0000,1,1,2,2,3,12,5,2,4,1
SF,IH2006,2020-05-13 09:32:15.300,2807.2000,25671,-1,434928720.000,1,0,1,双平,S,2807.0000,2806.8000,2806.6000,2806.4000,2806.2000,2807.2000,2808.0000,2808.2000,2808.4000,2808.8000,1,2,2,3,2,3,8,5,2,4
SF,IH2006,2020-05-13 09:32:15.800,2807.2000,25668,-3,437455200.000,3,0,3,双平,S,2807.4000,2807.2000,2807.0000,2806.8000,2806.6000,2808.0000,2808.2000,2808.4000,2808.8000,2809.0000,1,2,1,2,3,8,5,2,4,1
SF,IH2006,2020-05-13 09:32:16.300,2807.4000,25668,0,439139640.000,2,1,1,多换,S,2807.2000,2807.0000,2806.8000,2806.6000,2806.4000,2807.4000,2807.6000,2808.0000,2808.2000,2808.4000,1,1,2,3,3,1,5,8,5,2
SF,IH2006,2020-05-13 09:32:16.800,2807.4000,25668,0,439139640.000,0,-,-,-,-,2807.2000,2807.0000,2806.8000,2806.6000,2806.4000,2808.0000,2808.2000,2808.4000,2808.8000,2809.0000,1,1,2,3,3,8,5,2,4,1
SF,IH2006,2020-05-13 09:32:17.300,2807.4000,25668,0,439139640.000,0,-,-,-,-,2807.4000,2807.2000,2807.0000,2806.8000,2806.6000,2808.0000,2808.2000,2808.4000,2808.8000,2809.0000,1,1,1,2,3,8,5,2,4,1
SF,IH2006,2020-05-13 09:32:17.800,2807.4000,25668,0,439139640.000,0,-,-,-,-,2807.4000,2807.2000,2807.0000,2806.8000,2806.6000,2808.0000,2808.2000,2808.4000,2808.8000,2809.0000,1,1,1,2,3,8,5,2,4,1
SF,IH2006,2020-05-13 09:32:18.300,2807.4000,25668,0,439139640.000,0,-,-,-,-,2807.4000,2807.2000,2807.0000,2806.8000,2806.6000,2808.0000,2808.2000,2808.4000,2808.8000,2809.0000,1,1,2,2,3,8,5,2,4,1
SF,IH2006,2020-05-13 09:32:19.300,2807.2000,25669,1,441666420.000,3,2,1,空开,S,2807.0000,2806.8000,2806.6000,2806.4000,2806.2000,2807.2000,2808.0000,2808.2000,2808.4000,2808.8000,2,2,3,3,2,1,7,5,2,4
SF,IH2006,2020-05-13 09:32:19.800,2807.2000,25669,0,442508580.000,1,0,1,多换,S,2807.2000,2807.0000,2806.8000,2806.6000,2806.4000,2808.0000,2808.2000,2808.4000,2808.8000,2809.0000,4,2,2,3,3,7,5,2,4,1
SF,IH2006,2020-05-13 09:32:20.300,2807.2000,25669,0,442508580.000,0,-,-,-,-,2807.2000,2807.0000,2806.8000,2806.6000,2806.4000,2807.8000,2808.0000,2808.2000,2808.4000,2808.8000,2,2,2,3,3,1,7,5,2,4
SF,IH2006,2020-05-13 09:32:21.300,2807.2000,25669,0,442508580.000,0,-,-,-,-,2807.2000,2807.0000,2806.8000,2806.6000,2806.4000,2808.0000,2808.2000,2808.4000,2808.8000,2809.0000,2,2,2,3,3,7,5,2,4,1
SF,IH2006,2020-05-13 09:32:21.800,2807.2000,25669,0,442508580.000,0,-,-,-,-,2807.2000,2807.0000,2806.8000,2806.6000,2806.4000,2807.8000,2808.0000,2808.2000,2808.4000,2808.8000,2,2,2,3,3,5,7,5,2,4
SF,IH2006,2020-05-13 09:32:22.300,2807.2000,25669,0,442508580.000,0,-,-,-,-,2807.2000,2807.0000,2806.8000,2806.6000,2806.4000,2808.0000,2808.2000,2808.4000,2808.8000,2809.0000,2,2,2,3,3,7,5,2,4,1
SF,IH2006,2020-05-13 09:32:22.800,2807.2000,25669,0,442508580.000,0,-,-,-,-,2807.2000,2807.0000,2806.8000,2806.6000,2806.4000,2808.0000,2808.2000,2808.4000,2808.8000,2809.0000,2,2,2,3,3,6,5,2,4,1
SF,IH2006,2020-05-13 09:32:23.300,2807.2000,25669,0,442508580.000,0,-,-,-,-,2807.2000,2807.0000,2806.8000,2806.6000,2806.4000,2808.0000,2808.2000,2808.4000,2808.8000,2809.0000,2,2,2,3,3,6,5,2,4,1
SF,IH2006,2020-05-13 09:32:23.800,2807.2000,25669,0,442508580.000,0,-,-,-,-,2807.2000,2807.0000,2806.8000,2806.6000,2806.4000,2808.0000,2808.2000,2808.8000,2809.0000,2809.2000,2,2,2,3,3,1,5,4,1,1
SF,IH2006,2020-05-13 09:32:24.800,2807.2000,25669,0,442508580.000,0,-,-,-,-,2807.2000,2807.0000,2806.8000,2806.6000,2806.4000,2807.8000,2808.0000,2808.2000,2808.8000,2809.0000,1,2,2,3,3,5,1,5,4,1
SF,IH2006,2020-05-13 09:32:25.300,2807.2000,25669,0,442508580.000,0,-,-,-,-,2807.2000,2807.0000,2806.8000,2806.6000,2806.4000,2808.0000,2808.2000,2808.8000,2809.0000,2809.2000,1,2,2,3,3,1,5,4,1,1
SF,IH2006,2020-05-13 09:32:25.800,2808.0000,25668,-1,443350980.000,1,0,1,双平,S,2808.0000,2807.8000,2807.2000,2807.0000,2806.8000,2808.2000,2808.8000,2809.0000,2809.2000,2809.4000,1,1,1,2,2,5,4,1,1,1
SF,IH2006,2020-05-13 09:32:26.300,2808.0000,25666,-2,445878120.000,3,0,3,多平,S,2807.2000,2807.0000,2806.8000,2806.6000,2806.4000,2808.0000,2808.2000,2808.8000,2809.0000,2809.2000,2,2,2,3,3,7,5,3,1,1
SF,IH2006,2020-05-13 09:32:26.800,2808.0000,25665,-1,447562920.000,2,0,2,多平,S,2807.4000,2807.2000,2807.0000,2806.8000,2806.6000,2807.8000,2808.2000,2808.8000,2809.0000,2809.2000,4,2,2,2,3,4,5,3,1,1
SF,IH2006,2020-05-13 09:32:27.300,2807.8000,25664,-1,452616960.000,6,2,4,多平,S,2807.4000,2807.2000,2807.0000,2806.8000,2806.6000,2808.2000,2808.8000,2809.0000,2809.2000,2809.4000,4,2,2,2,3,5,3,1,1,1
SF,IH2006,2020-05-13 09:32:27.800,2807.8000,25664,0,452616960.000,0,-,-,-,-,2807.6000,2807.4000,2807.2000,2807.0000,2806.8000,2808.2000,2808.8000,2809.0000,2809.2000,2809.4000,2,4,2,2,2,5,3,1,1,1
SF,IH2006,2020-05-13 09:32:28.300,2808.2000,25665,1,453459420.000,1,1,0,双开,S,2807.6000,2807.4000,2807.2000,2807.0000,2806.8000,2808.2000,2808.8000,2809.0000,2809.2000,2809.4000,1,5,2,3,2,4,3,1,1,1
SF,IH2006,2020-05-13 09:32:28.800,2808.2000,25665,0,453459420.000,0,-,-,-,-,2807.8000,2807.6000,2807.4000,2807.2000,2807.0000,2808.2000,2808.8000,2809.0000,2809.2000,2809.4000,2,1,5,2,3,4,3,1,1,1
SF,IH2006,2020-05-13 09:32:29.300,2807.8000,25665,0,454301760.000,1,0,1,多换,S,2808.0000,2807.8000,2807.6000,2807.4000,2807.2000,2808.2000,2808.8000,2809.0000,2809.2000,2809.4000,1,1,1,5,2,4,3,1,1,1
SF,IH2006,2020-05-13 09:32:29.800,2808.0000,25664,-1,455144160.000,1,0,1,双平,S,2807.6000,2807.4000,2807.2000,2807.0000,2806.8000,2808.0000,2808.2000,2808.8000,2809.0000,2809.2000,2,1,2,3,2,2,4,3,1,1
SF,IH2006,2020-05-13 09:32:30.300,2808.0000,25664,0,455144160.000,0,-,-,-,-,2807.6000,2807.4000,2807.2000,2807.0000,2806.8000,2808.0000,2808.2000,2808.8000,2809.0000,2809.2000,1,1,2,3,2,1,4,3,1,1
SF,IH2006,2020-05-13 09:32:31.800,2807.6000,25664,0,455986440.000,1,0,1,多换,S,2807.4000,2807.2000,2807.0000,2806.8000,2806.6000,2808.0000,2808.2000,2808.8000,2809.0000,2809.2000,1,2,3,2,3,1,4,3,1,1
SF,IH2006,2020-05-13 09:32:32.300,2807.6000,25664,0,455986440.000,0,-,-,-,-,2807.4000,2807.2000,2807.0000,2806.8000,2806.6000,2808.0000,2808.2000,2808.8000,2809.0000,2809.2000,1,2,3,2,3,1,4,3,1,1
SF,IH2006,2020-05-13 09:32:32.800,2807.6000,25664,0,455986440.000,0,-,-,-,-,2807.4000,2807.2000,2807.0000,2806.8000,2806.6000,2808.0000,2808.2000,2808.8000,2809.0000,2809.2000,1,2,3,2,3,1,4,3,1,1
SF,IH2006,2020-05-13 09:32:33.800,2807.6000,25664,0,455986440.000,0,-,-,-,-,2807.4000,2807.2000,2807.0000,2806.8000,2806.6000,2808.0000,2808.2000,2808.8000,2809.0000,2809.2000,1,2,3,2,3,1,4,3,2,1
SF,IH2006,2020-05-13 09:32:34.300,2807.4000,25664,0,457671060.000,2,1,1,多换,S,2807.2000,2807.0000,2806.8000,2806.6000,2806.4000,2807.8000,2808.2000,2808.8000,2809.0000,2809.2000,2,3,2,3,2,6,4,3,2,1
SF,IH2006,2020-05-13 09:32:34.800,2807.4000,25664,0,457671060.000,0,-,-,-,-,2807.2000,2807.0000,2806.8000,2806.6000,2806.4000,2807.8000,2808.2000,2808.8000,2809.0000,2809.2000,2,3,2,3,2,1,4,3,2,1
SF,IH2006,2020-05-13 09:32:35.300,2807.4000,25664,0,457671060.000,0,-,-,-,-,2807.2000,2807.0000,2806.8000,2806.6000,2806.4000,2807.6000,2807.8000,2808.2000,2808.8000,2809.0000,2,3,2,3,2,1,1,4,3,2
SF,IH2006,2020-05-13 09:32:35.800,2807.4000,25664,0,457671060.000,0,-,-,-,-,2807.2000,2807.0000,2806.8000,2806.6000,2806.4000,2807.6000,2808.2000,2808.8000,2809.0000,2809.2000,2,3,2,3,2,1,4,3,2,1
SF,IH2006,2020-05-13 09:32:36.300,2807.6000,25664,0,458513340.000,1,0,1,多换,S,2807.2000,2807.0000,2806.8000,2806.6000,2806.4000,2808.2000,2808.8000,2809.0000,2809.2000,2809.4000,2,3,2,3,2,4,3,2,1,1
SF,IH2006,2020-05-13 09:32:36.800,2807.6000,25664,0,458513340.000,0,-,-,-,-,2807.8000,2807.4000,2807.2000,2807.0000,2806.8000,2808.2000,2808.8000,2809.0000,2809.2000,2809.4000,1,1,2,3,2,4,3,2,1,1
SF,IH2006,2020-05-13 09:32:37.300,2807.8000,25663,-1,459355680.000,1,0,1,双平,S,2807.4000,2807.2000,2807.0000,2806.8000,2806.6000,2807.8000,2808.0000,2808.2000,2808.8000,2809.0000,2,2,3,2,3,2,1,4,3,2
SF,IH2006,2020-05-13 09:32:37.800,2807.8000,25663,0,459355680.000,0,-,-,-,-,2807.4000,2807.2000,2807.0000,2806.8000,2806.6000,2807.8000,2808.0000,2808.2000,2808.8000,2809.0000,3,2,3,2,3,1,1,4,3,2
SF,IH2006,2020-05-13 09:32:38.300,2807.8000,25663,0,459355680.000,0,-,-,-,-,2807.4000,2807.2000,2807.0000,2806.8000,2806.6000,2807.8000,2808.0000,2808.2000,2808.4000,2808.8000,3,2,3,2,3,2,1,4,1,3
SF,IH2006,2020-05-13 09:32:38.800,2808.8000,25670,7,467780220.000,10,8,2,空开,S,2807.4000,2807.2000,2807.0000,2806.8000,2806.6000,2808.8000,2809.0000,2809.2000,2809.4000,2810.4000,3,2,3,2,3,1,2,1,1,1
SF,IH2006,2020-05-13 09:32:39.300,2808.8000,25670,0,467780220.000,0,-,-,-,-,2807.6000,2807.4000,2807.2000,2807.0000,2806.8000,2808.4000,2808.6000,2808.8000,2809.0000,2809.2000,1,3,2,3,2,5,5,2,2,1
SF,IH2006,2020-05-13 09:32:39.800,2807.6000,25670,0,468622500.000,1,0,1,多换,S,2807.4000,2807.2000,2807.0000,2806.8000,2806.6000,2808.0000,2808.2000,2808.4000,2808.6000,2808.8000,2,2,3,2,3,6,3,2,3,1
SF,IH2006,2020-05-13 09:32:40.300,2807.6000,25670,0,471149340.000,3,1,2,多换,S,2807.4000,2807.2000,2807.0000,2806.8000,2806.6000,2807.6000,2808.2000,2808.6000,2808.8000,2809.0000,2,2,3,2,3,2,2,2,1,1
SF,IH2006,2020-05-13 09:32:40.800,2808.2000,25670,0,473676360.000,3,1,2,多换,S,2808.0000,2807.6000,2807.4000,2807.2000,2807.0000,2808.6000,2808.8000,2809.0000,2809.2000,2809.4000,1,5,2,2,3,2,1,1,1,1
SF,IH2006,2020-05-13 09:32:41.300,2808.6000,25668,-2,476203920.000,3,0,3,多平,S,2807.6000,2807.4000,2807.2000,2807.0000,2806.8000,2808.6000,2808.8000,2809.0000,2809.2000,2809.4000,3,2,2,3,2,1,1,1,1,1
SF,IH2006,2020-05-13 09:32:41.800,2808.6000,25668,0,476203920.000,0,-,-,-,-,2807.8000,2807.6000,2807.4000,2807.2000,2807.0000,2808.6000,2808.8000,2809.0000,2809.2000,2809.4000,1,3,2,2,3,1,1,1,1,1
SF,IH2006,2020-05-13 09:32:42.300,2808.6000,25668,0,476203920.000,0,-,-,-,-,2808.0000,2807.8000,2807.6000,2807.4000,2807.2000,2808.6000,2808.8000,2809.0000,2809.2000,2809.4000,1,1,3,2,2,1,1,1,1,1
SF,IH2006,2020-05-13 09:32:43.300,2808.0000,25668,0,477046320.000,1,0,1,多换,S,2808.4000,2807.8000,2807.6000,2807.4000,2807.2000,2808.6000,2808.8000,2809.0000,2809.2000,2809.4000,1,1,3,2,2,1,1,1,1,1
SF,IH2006,2020-05-13 09:32:43.800,2807.6000,25667,-1,480415800.000,4,1,3,多平,S,2807.6000,2807.4000,2807.2000,2807.0000,2806.8000,2808.6000,2808.8000,2809.0000,2809.2000,2809.4000,2,2,2,3,2,1,1,1,1,1
SF,IH2006,2020-05-13 09:32:44.300,2808.6000,25668,1,481258380.000,1,1,0,双开,S,2807.8000,2807.6000,2807.4000,2807.2000,2807.0000,2808.8000,2809.0000,2809.2000,2809.4000,2809.8000,1,2,2,2,3,1,1,1,1,1
SF,IH2006,2020-05-13 09:32:44.800,2809.0000,25668,0,482943720.000,2,1,1,多换,S,2808.8000,2807.8000,2807.6000,2807.4000,2807.2000,2809.2000,2809.4000,2809.8000,2810.2000,2810.4000,1,1,2,2,2,1,1,4,1,1
SF,IH2006,2020-05-13 09:32:45.300,2808.8000,25668,0,483786360.000,1,0,1,多换,S,2808.0000,2807.6000,2807.4000,2807.2000,2807.0000,2808.2000,2808.6000,2808.8000,2809.2000,2809.4000,1,2,2,2,3,1,5,10,1,1
SF,IH2006,2020-05-13 09:32:45.800,2808.2000,25666,-2,486313800.000,3,0,3,多平,S,2808.0000,2807.6000,2807.4000,2807.2000,2807.0000,2808.8000,2809.2000,2809.4000,2809.8000,2810.2000,1,2,2,2,3,2,1,1,1,1
SF,IH2006,2020-05-13 09:32:46.300,2808.0000,25666,0,487156200.000,1,0,1,多换,S,2808.0000,2807.6000,2807.4000,2807.2000,2807.0000,2808.6000,2808.8000,2809.2000,2809.4000,2809.8000,1,3,2,2,3,8,2,1,1,1
SF,IH2006,2020-05-13 09:32:46.800,2808.6000,25664,-2,488841180.000,2,0,2,双平,S,2807.6000,2807.4000,2807.2000,2807.0000,2806.8000,2808.6000,2808.8000,2809.2000,2809.4000,2809.8000,3,2,2,3,2,7,2,1,1,1
SF,IH2006,2020-05-13 09:32:47.300,2808.6000,25664,0,488841180.000,0,-,-,-,-,2807.6000,2807.4000,2807.2000,2807.0000,2806.8000,2808.4000,2808.6000,2808.8000,2809.2000,2809.4000,4,2,2,3,2,7,7,2,1,1
SF,IH2006,2020-05-13 09:32:47.800,2808.6000,25663,-1,489683760.000,1,0,1,双平,S,2807.6000,2807.4000,2807.2000,2807.0000,2806.8000,2808.4000,2808.6000,2808.8000,2809.2000,2809.4000,3,2,2,3,2,7,7,2,1,1
SF,IH2006,2020-05-13 09:32:48.800,2808.6000,25663,0,489683760.000,0,-,-,-,-,2807.6000,2807.4000,2807.2000,2807.0000,2806.8000,2808.4000,2808.8000,2809.2000,2809.4000,2809.8000,3,2,2,3,2,1,2,1,1,1
SF,IH2006,2020-05-13 09:32:49.300,2808.6000,25663,0,489683760.000,0,-,-,-,-,2807.6000,2807.4000,2807.2000,2807.0000,2806.8000,2808.4000,2808.8000,2809.2000,2809.4000,2809.8000,3,2,2,3,2,1,2,1,1,1
SF,IH2006,2020-05-13 09:32:50.300,2808.6000,25663,0,489683760.000,0,-,-,-,-,2807.6000,2807.4000,2807.2000,2807.0000,2806.8000,2808.2000,2808.4000,2808.8000,2809.2000,2809.4000,3,2,2,3,2,2,1,2,1,4
SF,IH2006,2020-05-13 09:32:50.800,2808.2000,25662,-1,491368740.000,2,0,2,多平,S,2807.6000,2807.4000,2807.2000,2807.0000,2806.8000,2808.4000,2808.8000,2809.2000,2809.4000,2809.8000,3,2,2,3,2,2,2,1,4,1
SF,IH2006,2020-05-13 09:32:51.300,2808.2000,25662,0,491368740.000,0,-,-,-,-,2807.6000,2807.4000,2807.2000,2807.0000,2806.8000,2808.4000,2808.8000,2809.2000,2809.4000,2809.8000,3,2,2,3,2,2,2,1,1,1
SF,IH2006,2020-05-13 09:32:51.800,2808.2000,25662,0,491368740.000,0,-,-,-,-,2808.0000,2807.6000,2807.4000,2807.2000,2807.0000,2808.4000,2808.8000,2809.2000,2809.4000,2809.8000,1,3,2,2,3,2,2,1,1,1
SF,IH2006,2020-05-13 09:32:52.300,2808.4000,25662,0,492211260.000,1,0,1,多换,S,2808.0000,2807.6000,2807.4000,2807.2000,2807.0000,2808.8000,2809.2000,2809.4000,2809.8000,2810.0000,1,3,2,2,3,2,1,1,1,13
SF,IH2006,2020-05-13 09:32:52.800,2808.4000,25662,0,492211260.000,0,-,-,-,-,2808.0000,2807.6000,2807.4000,2807.2000,2807.0000,2808.8000,2809.2000,2809.4000,2809.8000,2810.0000,1,3,2,2,3,2,1,1,4,13
SF,IH2006,2020-05-13 09:32:53.300,2808.4000,25662,0,492211260.000,0,-,-,-,-,2808.0000,2807.6000,2807.4000,2807.2000,2807.0000,2808.8000,2809.2000,2809.4000,2809.8000,2810.2000,1,3,2,2,3,2,1,1,4,1
SF,IH2006,2020-05-13 09:32:53.800,2808.0000,25662,0,493053660.000,1,0,1,多换,S,2807.6000,2807.4000,2807.2000,2807.0000,2806.8000,2808.0000,2808.2000,2808.4000,2808.6000,2808.8000,3,2,2,3,2,1,7,2,1,2
SF,IH2006,2020-05-13 09:32:54.300,2808.0000,25661,-1,493896060.000,1,0,1,双平,S,2808.0000,2807.6000,2807.4000,2807.2000,2807.0000,2808.6000,2808.8000,2809.2000,2809.4000,2809.8000,1,3,2,2,3,1,2,1,1,4
SF,IH2006,2020-05-13 09:32:54.800,2808.0000,25660,-1,494738460.000,1,0,1,双平,S,2808.0000,2807.6000,2807.4000,2807.2000,2807.0000,2808.6000,2808.8000,2809.2000,2809.4000,2809.8000,1,3,2,2,3,1,2,1,1,4
SF,IH2006,2020-05-13 09:32:55.300,2808.0000,25659,-1,495580860.000,1,0,1,双平,S,2808.6000,2807.6000,2807.4000,2807.2000,2807.0000,2808.8000,2809.2000,2809.4000,2809.8000,2810.2000,1,3,2,2,3,2,1,1,4,1
SF,IH2006,2020-05-13 09:32:55.800,2808.6000,25658,-1,496423440.000,1,0,1,双平,S,2808.0000,2807.6000,2807.4000,2807.2000,2807.0000,2808.6000,2808.8000,2809.2000,2809.4000,2809.8000,1,3,2,2,3,4,1,1,1,4
SF,IH2006,2020-05-13 09:32:56.300,2808.0000,25657,-1,497265840.000,1,0,1,双平,S,2807.6000,2807.4000,2807.2000,2807.0000,2806.8000,2808.6000,2808.8000,2809.0000,2809.2000,2809.4000,3,2,2,3,2,2,1,1,1,1
SF,IH2006,2020-05-13 09:32:56.800,2807.8000,25656,-1,498950580.000,2,0,2,多平,S,2807.8000,2807.6000,2807.4000,2807.2000,2807.0000,2808.6000,2808.8000,2809.0000,2809.2000,2809.4000,2,3,2,2,3,2,1,1,1,1
SF,IH2006,2020-05-13 09:32:57.300,2807.8000,25657,1,500635500.000,2,1,1,空开,S,2807.8000,2807.6000,2807.4000,2807.2000,2807.0000,2808.6000,2808.8000,2809.0000,2809.2000,2809.4000,1,3,2,2,3,1,1,1,1,1
SF,IH2006,2020-05-13 09:32:57.800,2807.8000,25655,-2,504004860.000,4,1,3,多平,S,2808.0000,2807.6000,2807.4000,2807.2000,2807.0000,2808.6000,2808.8000,2809.0000,2809.2000,2809.4000,9,3,2,2,3,1,1,1,1,1
SF,IH2006,2020-05-13 09:32:58.300,2808.0000,25655,0,504847260.000,1,0,1,多换,S,2808.0000,2807.6000,2807.4000,2807.2000,2807.0000,2808.6000,2808.8000,2809.0000,2809.2000,2809.4000,8,3,2,2,3,1,1,1,1,1
SF,IH2006,2020-05-13 09:32:58.800,2808.0000,25662,7,511586460.000,8,7,1,空开,S,2807.6000,2807.4000,2807.2000,2807.0000,2806.8000,2808.0000,2808.6000,2808.8000,2809.0000,2809.2000,3,2,2,3,2,2,1,1,1,1
SF,IH2006,2020-05-13 09:32:59.300,2808.0000,25661,-1,514113660.000,3,1,2,多平,S,2808.0000,2807.6000,2807.4000,2807.2000,2807.0000,2808.6000,2809.0000,2809.2000,2809.4000,2809.8000,1,3,2,2,3,1,1,1,1,1
SF,IH2006,2020-05-13 09:32:59.800,2808.0000,25660,-1,514956060.000,1,0,1,双平,S,2807.6000,2807.4000,2807.2000,2807.0000,2806.8000,2808.6000,2809.0000,2809.2000,2809.4000,2809.8000,3,2,2,3,2,1,1,1,1,1
SF,IH2006,2020-05-13 09:33:00.300,2808.0000,25660,0,514956060.000,0,-,-,-,-,2807.6000,2807.4000,2807.2000,2807.0000,2806.8000,2808.0000,2808.6000,2809.0000,2809.2000,2809.4000,3,2,2,3,2,1,2,1,1,1
SF,IH2006,2020-05-13 09:33:00.800,2807.6000,25659,-1,515798340.000,1,0,1,双平,S,2807.6000,2807.4000,2807.2000,2807.0000,2806.8000,2808.0000,2808.6000,2809.0000,2809.2000,2809.4000,2,2,2,3,2,1,2,1,1,1
SF,IH2006,2020-05-13 09:33:01.300,2807.6000,25658,-1,516640620.000,1,0,1,双平,S,2807.6000,2807.4000,2807.2000,2807.0000,2806.8000,2808.0000,2808.6000,2809.0000,2809.2000,2809.4000,1,2,2,3,2,1,2,1,1,1
SF,IH2006,2020-05-13 09:33:01.800,2807.6000,25657,-1,517482900.000,1,0,1,双平,S,2807.4000,2807.2000,2807.0000,2806.8000,2806.6000,2808.0000,2808.6000,2809.0000,2809.2000,2809.4000,2,2,3,2,3,1,2,1,1,1
SF,IH2006,2020-05-13 09:33:02.300,2808.6000,25657,0,520010460.000,3,1,2,多换,S,2808.6000,2807.4000,2807.2000,2807.0000,2806.8000,2809.0000,2809.2000,2809.4000,2809.8000,2810.2000,8,2,2,3,2,1,1,1,1,1
SF,IH2006,2020-05-13 09:33:02.800,2808.6000,25656,-1,526751100.000,8,3,5,多平,S,2807.4000,2807.2000,2807.0000,2806.8000,2806.6000,2807.6000,2808.2000,2808.4000,2808.6000,2808.8000,2,2,3,2,3,13,5,10,1,3
SF,IH2006,2020-05-13 09:33:03.300,2807.6000,25650,-6,531804780.000,6,0,6,双平,S,2807.4000,2807.2000,2807.0000,2806.8000,2806.6000,2807.6000,2808.2000,2808.4000,2808.6000,2808.8000,2,2,3,2,3,7,5,7,1,2
SF,IH2006,2020-05-13 09:33:03.800,2807.4000,25650,0,532647000.000,1,0,1,多换,S,2807.4000,2807.2000,2807.0000,2806.8000,2806.6000,2807.6000,2808.2000,2808.4000,2808.6000,2808.8000,1,2,3,2,3,7,5,7,1,2
SF,IH2006,2020-05-13 09:33:04.300,2807.4000,25650,0,533489220.000,1,0,1,多换,S,2807.2000,2807.0000,2806.8000,2806.6000,2806.4000,2807.4000,2807.6000,2808.2000,2808.4000,2808.6000,2,3,2,3,1,1,7,5,7,1
SF,IH2006,2020-05-13 09:33:04.800,2807.4000,25650,0,533489220.000,0,-,-,-,-,2807.2000,2807.0000,2806.8000,2806.6000,2806.4000,2807.4000,2807.6000,2807.8000,2808.2000,2808.4000,1,3,2,3,1,2,7,1,6,7
SF,IH2006,2020-05-13 09:33:05.300,2807.4000,25649,-1,535173600.000,2,0,2,多平,S,2807.0000,2806.8000,2806.6000,2806.4000,2806.2000,2807.4000,2807.8000,2808.0000,2808.2000,2808.4000,3,2,3,2,2,1,1,1,7,7
SF,IH2006,2020-05-13 09:33:05.800,2807.2000,25646,-3,537700140.000,3,0,3,双平,S,2807.0000,2806.8000,2806.6000,2806.4000,2806.2000,2807.8000,2808.0000,2808.2000,2808.4000,2808.6000,3,2,3,2,2,1,1,7,7,1
SF,IH2006,2020-05-13 09:33:06.300,2806.8000,25644,-2,541068480.000,4,1,3,多平,S,2806.6000,2806.4000,2806.2000,2806.0000,2805.6000,2807.2000,2807.4000,2807.6000,2807.8000,2808.0000,3,2,2,1,1,1,2,2,2,1
SF,IH2006,2020-05-13 09:33:06.800,2806.6000,25641,-3,543594420.000,3,0,3,双平,S,2806.4000,2806.2000,2806.0000,2805.6000,2805.4000,2806.6000,2807.2000,2807.6000,2807.8000,2808.0000,2,2,1,1,2,2,1,2,2,1
SF,IH2006,2020-05-13 09:33:07.300,2806.4000,25639,-2,546120180.000,3,0,3,多平,S,2806.2000,2806.0000,2805.6000,2805.4000,2805.0000,2806.6000,2807.2000,2807.6000,2807.8000,2808.0000,2,1,1,2,7,3,1,1,2,1
SF,IH2006,2020-05-13 09:33:07.800,2806.6000,25639,0,548646120.000,3,1,2,多换,S,2806.4000,2806.2000,2806.0000,2805.6000,2805.4000,2807.2000,2807.6000,2807.8000,2808.0000,2808.2000,1,2,1,1,2,1,2,2,1,1
SF,IH2006,2020-05-13 09:33:08.300,2806.4000,25640,1,549488040.000,1,1,0,双开,S,2806.2000,2806.0000,2805.6000,2805.4000,2805.0000,2807.0000,2807.2000,2807.6000,2807.8000,2808.0000,2,1,1,2,7,1,1,2,2,1
SF,IH2006,2020-05-13 09:33:08.800,2808.2000,25639,-1,556225920.000,8,3,5,多平,S,2807.2000,2806.2000,2806.0000,2805.6000,2805.4000,2808.4000,2808.6000,2808.8000,2809.0000,2809.8000,1,1,1,1,2,2,1,1,1,4
SF,IH2006,2020-05-13 09:33:09.300,2806.2000,25637,-2,557909940.000,2,0,2,双平,S,2806.0000,2805.6000,2805.4000,2805.0000,2804.0000,2806.4000,2807.0000,2807.2000,2807.6000,2808.0000,1,1,2,7,1,5,7,4,1,3
SF,IH2006,2020-05-13 09:33:09.800,2806.0000,25636,-1,559593660.000,2,0,2,多平,S,2805.6000,2805.4000,2805.0000,2804.0000,2803.8000,2807.0000,2807.2000,2808.0000,2808.2000,2808.4000,1,2,7,2,1,7,2,2,12,2
SF,IH2006,2020-05-13 09:33:10.300,2806.0000,25636,0,559593660.000,0,-,-,-,-,2806.0000,2805.6000,2805.4000,2805.0000,2804.0000,2806.4000,2806.6000,2806.8000,2807.0000,2807.2000,1,1,2,7,2,1,4,3,7,2
SF,IH2006,2020-05-13 09:33:10.800,2805.6000,25636,0,561277140.000,2,1,1,多换,S,2805.4000,2805.0000,2804.0000,2803.8000,2803.2000,2806.0000,2806.2000,2806.6000,2807.0000,2807.2000,2,7,2,1,1,1,1,4,2,2
SF,IH2006,2020-05-13 09:33:11.300,2805.8000,25636,0,562118880.000,1,0,1,多换,S,2805.6000,2805.4000,2805.0000,2804.0000,2803.8000,2805.8000,2806.2000,2806.6000,2807.0000,2807.2000,1,2,7,2,1,4,1,4,2,2
SF,IH2006,2020-05-13 09:33:11.800,2805.8000,25638,2,565485840.000,4,3,1,空开,S,2805.8000,2805.4000,2805.0000,2804.0000,2803.8000,2806.2000,2806.6000,2806.8000,2807.0000,2807.2000,1,2,7,2,1,1,4,1,2,2
SF,IH2006,2020-05-13 09:33:12.300,2805.8000,25638,0,565485840.000,0,-,-,-,-,2806.0000,2805.8000,2805.6000,2805.4000,2805.0000,2807.2000,2808.0000,2808.2000,2808.4000,2808.6000,1,1,1,2,7,2,3,9,2,3
SF,IH2006,2020-05-13 09:33:12.800,2806.6000,25636,-2,568011420.000,3,0,3,多平,S,2805.8000,2805.6000,2805.4000,2805.0000,2804.0000,2806.6000,2807.0000,2807.2000,2807.6000,2808.0000,1,1,2,7,2,5,6,2,2,5
SF,IH2006,2020-05-13 09:33:13.300,2806.6000,25635,-1,568853400.000,1,0,1,双平,S,2806.0000,2805.8000,2805.6000,2805.4000,2805.0000,2806.6000,2807.0000,2807.2000,2807.6000,2808.0000,3,2,1,2,7,4,2,2,3,2
SF,IH2006,2020-05-13 09:33:13.800,2806.0000,25635,0,569695200.000,1,0,1,多换,S,2806.0000,2805.8000,2805.6000,2805.4000,2805.0000,2806.6000,2807.0000,2807.2000,2807.6000,2808.0000,2,1,2,2,7,4,2,2,3,2
SF,IH2006,2020-05-13 09:33:14.300,2806.0000,25635,0,569695200.000,0,-,-,-,-,2805.8000,2805.6000,2805.4000,2805.0000,2804.0000,2806.0000,2806.6000,2807.0000,2807.2000,2807.6000,1,2,2,7,2,10,4,2,2,3
SF,IH2006,2020-05-13 09:33:14.800,2806.6000,25626,-9,578955180.000,11,1,10,多平,S,2806.0000,2805.8000,2805.6000,2805.4000,2805.0000,2806.6000,2807.0000,2807.2000,2807.6000,2808.0000,2,1,2,2,8,3,2,1,3,2
SF,IH2006,2020-05-13 09:33:15.300,2806.0000,25626,0,580638780.000,2,1,1,多换,S,2805.8000,2805.6000,2805.4000,2805.0000,2804.0000,2806.6000,2807.0000,2807.2000,2807.6000,2808.0000,1,2,2,8,2,3,2,1,3,2
SF,IH2006,2020-05-13 09:33:15.800,2805.8000,25625,-1,581480520.000,1,0,1,双平,S,2806.0000,2805.6000,2805.4000,2805.0000,2804.0000,2806.4000,2806.6000,2807.0000,2807.2000,2807.6000,2,2,2,8,2,1,3,2,1,3
SF,IH2006,2020-05-13 09:33:16.300,2805.8000,25625,0,581480520.000,0,-,-,-,-,2806.0000,2805.6000,2805.4000,2805.0000,2804.0000,2806.4000,2806.6000,2807.0000,2807.2000,2807.6000,3,2,2,8,2,1,3,2,1,3
SF,IH2006,2020-05-13 09:33:16.800,2805.8000,25625,0,581480520.000,0,-,-,-,-,2806.0000,2805.6000,2805.4000,2805.0000,2804.0000,2806.4000,2806.6000,2807.0000,2807.2000,2807.6000,3,2,2,8,2,1,3,2,2,3
SF,IH2006,2020-05-13 09:33:17.300,2806.0000,25624,-1,584847720.000,4,1,3,多平,S,2805.6000,2805.4000,2805.0000,2804.0000,2803.8000,2805.8000,2806.0000,2806.6000,2807.0000,2807.2000,2,2,8,2,1,4,1,3,3,2
SF,IH2006,2020-05-13 09:33:17.800,2805.8000,25620,-4,590739960.000,7,1,6,多平,S,2806.0000,2805.6000,2805.4000,2805.0000,2804.0000,2806.6000,2807.0000,2807.2000,2807.6000,2808.0000,1,2,2,8,2,3,3,2,3,1
SF,IH2006,2020-05-13 09:33:18.300,2806.0000,25620,0,591581760.000,1,0,1,多换,S,2805.6000,2805.4000,2805.0000,2804.0000,2803.8000,2806.4000,2806.6000,2807.0000,2807.2000,2807.6000,2,2,8,2,1,1,3,3,2,3
SF,IH2006,2020-05-13 09:33:18.800,2806.0000,25620,0,591581760.000,0,-,-,-,-,2805.8000,2805.6000,2805.4000,2805.0000,2804.0000,2806.4000,2806.6000,2807.0000,2807.2000,2807.6000,1,3,3,8,2,1,3,2,2,3
SF,IH2006,2020-05-13 09:33:19.300,2806.0000,25621,1,593265360.000,2,1,1,空开,S,2805.8000,2805.6000,2805.4000,2805.0000,2804.0000,2806.4000,2806.6000,2807.0000,2807.2000,2807.6000,1,3,3,8,2,1,3,2,2,3
SF,IH2006,2020-05-13 09:33:19.800,2805.8000,25621,0,594107100.000,1,0,1,多换,S,2805.6000,2805.4000,2805.0000,2804.0000,2803.8000,2806.4000,2806.6000,2807.0000,2807.2000,2807.6000,3,3,8,2,1,1,3,2,1,3
SF,IH2006,2020-05-13 09:33:20.300,2805.8000,25621,0,594107100.000,0,-,-,-,-,2805.6000,2805.4000,2805.0000,2804.0000,2803.8000,2806.6000,2807.0000,2807.2000,2807.6000,2808.0000,3,3,8,2,1,3,2,1,3,1
SF,IH2006,2020-05-13 09:33:20.800,2805.8000,25621,0,594948840.000,1,0,1,多换,S,2805.8000,2805.6000,2805.4000,2805.0000,2804.0000,2807.0000,2807.2000,2807.6000,2808.0000,2808.2000,1,2,3,8,2,2,1,3,1,4
SF,IH2006,2020-05-13 09:33:21.300,2805.8000,25621,0,594948840.000,0,-,-,-,-,2805.8000,2805.6000,2805.4000,2805.0000,2804.0000,2806.8000,2807.0000,2807.6000,2808.0000,2808.2000,1,2,3,8,2,6,2,3,1,4
SF,IH2006,2020-05-13 09:33:21.800,2805.8000,25621,0,594948840.000,0,-,-,-,-,2805.6000,2805.4000,2805.0000,2804.0000,2803.8000,2806.8000,2807.0000,2807.6000,2807.8000,2808.0000,2,3,8,2,1,6,2,1,1,1
SF,IH2006,2020-05-13 09:33:22.300,2805.8000,25621,0,594948840.000,0,-,-,-,-,2805.6000,2805.4000,2805.0000,2804.0000,2803.8000,2806.6000,2806.8000,2807.0000,2807.6000,2807.8000,2,3,8,2,1,4,4,1,1,1
SF,IH2006,2020-05-13 09:33:22.800,2805.6000,25622,1,597474360.000,3,2,1,空开,S,2805.6000,2805.4000,2805.0000,2804.0000,2803.8000,2806.6000,2806.8000,2807.0000,2807.6000,2807.8000,1,3,8,2,1,3,4,1,2,2
SF,IH2006,2020-05-13 09:33:23.300,2805.4000,25623,1,599157660.000,2,1,1,空开,S,2805.4000,2805.0000,2804.0000,2803.8000,2803.2000,2806.4000,2806.6000,2806.8000,2807.0000,2807.6000,3,8,2,1,1,1,3,4,1,2
SF,IH2006,2020-05-13 09:33:23.800,2805.4000,25622,-1,604207380.000,6,2,4,多平,S,2805.4000,2805.0000,2804.0000,2803.8000,2803.2000,2806.6000,2806.8000,2807.0000,2807.6000,2807.8000,1,8,2,1,1,1,4,1,2,2
SF,IH2006,2020-05-13 09:33:24.300,2805.4000,25622,0,604207380.000,0,-,-,-,-,2805.4000,2805.0000,2804.0000,2803.8000,2803.2000,2806.6000,2806.8000,2807.0000,2807.2000,2807.6000,1,8,2,1,1,1,4,1,1,2
SF,IH2006,2020-05-13 09:33:24.800,2806.6000,25622,0,605049360.000,1,0,1,多换,S,2805.4000,2805.0000,2804.0000,2803.8000,2803.2000,2806.8000,2807.0000,2807.2000,2807.6000,2808.0000,1,8,2,1,1,4,1,1,2,1
SF,IH2006,2020-05-13 09:33:25.300,2805.4000,25622,0,606732660.000,2,1,1,多换,S,2805.0000,2804.0000,2803.8000,2803.2000,2802.2000,2806.6000,2806.8000,2807.0000,2807.2000,2807.6000,8,2,1,1,3,2,4,2,1,2
SF,IH2006,2020-05-13 09:33:25.800,2806.6000,25622,0,607574640.000,1,0,1,多换,S,2805.2000,2805.0000,2804.0000,2803.8000,2803.2000,2806.8000,2807.0000,2807.2000,2807.6000,2808.0000,1,8,2,1,1,4,2,1,2,1
SF,IH2006,2020-05-13 09:33:26.300,2806.6000,25622,0,607574640.000,0,-,-,-,-,2805.4000,2805.2000,2805.0000,2804.0000,2803.8000,2805.8000,2806.6000,2806.8000,2807.0000,2807.2000,3,1,8,2,1,1,2,4,2,1
SF,IH2006,2020-05-13 09:33:26.800,2806.0000,25621,-1,608416440.000,1,0,1,双平,S,2805.8000,2805.6000,2805.4000,2805.2000,2805.0000,2806.6000,2806.8000,2807.0000,2807.2000,2807.6000,2,11,2,1,8,2,3,2,1,2
SF,IH2006,2020-05-13 09:33:27.300,2805.8000,25621,0,609258180.000,1,0,1,多换,S,2805.6000,2805.4000,2805.2000,2805.0000,2804.0000,2806.4000,2806.6000,2806.8000,2807.0000,2807.2000,11,1,1,8,2,1,2,3,2,1
SF,IH2006,2020-05-13 09:33:27.800,2805.8000,25621,0,609258180.000,0,-,-,-,-,2805.6000,2805.4000,2805.0000,2804.0000,2803.8000,2806.4000,2806.6000,2806.8000,2807.0000,2807.2000,11,1,8,2,1,1,2,3,2,1
SF,IH2006,2020-05-13 09:33:28.300,2805.8000,25621,0,609258180.000,0,-,-,-,-,2805.6000,2805.4000,2805.2000,2805.0000,2804.0000,2806.4000,2806.6000,2806.8000,2807.0000,2807.2000,11,1,1,8,2,1,2,3,2,1
SF,IH2006,2020-05-13 09:33:28.800,2805.6000,25622,1,610099860.000,1,1,0,双开,S,2805.6000,2805.4000,2805.2000,2805.0000,2804.0000,2806.6000,2806.8000,2807.0000,2807.2000,2807.6000,10,1,1,9,2,2,3,2,1,2
SF,IH2006,2020-05-13 09:33:29.300,2805.6000,25622,0,610099860.000,0,-,-,-,-,2805.8000,2805.6000,2805.4000,2805.2000,2805.0000,2806.6000,2807.0000,2807.6000,2808.0000,2808.2000,1,11,1,1,9,2,2,2,1,4
SF,IH2006,2020-05-13 09:33:29.800,2805.6000,25622,0,610099860.000,0,-,-,-,-,2805.8000,2805.6000,2805.4000,2805.2000,2805.0000,2806.6000,2807.0000,2807.6000,2808.0000,2808.2000,1,12,1,1,9,2,2,2,1,4
SF,IH2006,2020-05-13 09:33:30.300,2805.6000,25622,0,610099860.000,0,-,-,-,-,2805.8000,2805.6000,2805.4000,2805.2000,2805.0000,2806.6000,2807.0000,2807.6000,2807.8000,2808.0000,1,12,1,1,9,2,2,2,1,1
SF,IH2006,2020-05-13 09:33:30.800,2805.6000,25622,0,610099860.000,0,-,-,-,-,2805.8000,2805.6000,2805.4000,2805.2000,2805.0000,2806.6000,2807.0000,2807.6000,2807.8000,2808.0000,1,12,1,1,9,2,2,2,1,1
SF,IH2006,2020-05-13 09:33:31.800,2806.6000,25622,0,610941840.000,1,0,1,多换,S,2805.8000,2805.6000,2805.4000,2805.2000,2805.0000,2806.6000,2807.0000,2807.6000,2807.8000,2808.0000,12,12,1,1,9,1,2,2,1,1
SF,IH2006,2020-05-13 09:33:32.300,2807.0000,25619,-3,613468020.000,3,0,3,双平,S,2806.6000,2806.0000,2805.8000,2805.6000,2805.4000,2807.6000,2807.8000,2808.0000,2808.2000,2808.4000,1,9,12,12,1,2,1,1,4,2
SF,IH2006,2020-05-13 09:33:32.800,2807.2000,25620,1,615994500.000,3,2,1,空开,S,2806.6000,2806.0000,2805.8000,2805.6000,2805.4000,2807.2000,2807.4000,2807.6000,2807.8000,2808.0000,3,9,11,12,1,1,1,1,1,1
SF,IH2006,2020-05-13 09:33:33.300,2806.8000,25618,-2,620205540.000,5,1,4,多平,S,2808.0000,2807.4000,2806.8000,2806.6000,2806.0000,2808.2000,2808.4000,2808.6000,2809.0000,2809.8000,1,1,3,2,9,1,2,1,1,1
SF,IH2006,2020-05-13 09:33:33.800,2808.4000,25615,-3,624417720.000,5,1,4,多平,S,2806.8000,2806.6000,2806.0000,2805.8000,2805.6000,2808.6000,2808.8000,2809.0000,2809.8000,2810.4000,3,2,9,10,12,1,1,1,1,1
SF,IH2006,2020-05-13 09:33:34.300,2808.4000,25615,0,624417720.000,0,-,-,-,-,2807.4000,2807.2000,2807.0000,2806.8000,2806.6000,2808.4000,2808.6000,2808.8000,2809.0000,2809.8000,1,5,12,3,1,1,1,1,1,1
SF,IH2006,2020-05-13 09:33:34.800,2807.6000,25615,0,625260000.000,1,0,1,多换,S,2807.6000,2807.4000,2807.2000,2807.0000,2806.8000,2808.0000,2808.6000,2808.8000,2809.0000,2809.8000,8,2,3,4,2,1,1,1,1,1
SF,IH2006,2020-05-13 09:33:35.300,2807.4000,25616,1,629471520.000,5,3,2,空开,S,2807.2000,2807.0000,2806.8000,2806.6000,2806.0000,2807.4000,2808.6000,2808.8000,2809.0000,2809.8000,3,4,2,1,4,16,1,1,1,1
SF,IH2006,2020-05-13 09:33:35.800,2807.4000,25616,0,636209280.000,8,4,4,多换,S,2807.2000,2807.0000,2806.8000,2806.2000,2806.0000,2807.4000,2808.6000,2808.8000,2809.0000,2809.8000,3,4,2,1,4,8,1,1,1,1
SF,IH2006,2020-05-13 09:33:36.300,2807.4000,25617,1,637051500.000,1,1,0,双开,S,2807.2000,2807.0000,2806.8000,2806.2000,2806.0000,2807.4000,2807.6000,2808.6000,2808.8000,2809.0000,1,4,2,1,4,7,1,1,1,1
SF,IH2006,2020-05-13 09:33:36.800,2807.2000,25617,0,637893660.000,1,0,1,多换,S,2807.0000,2806.8000,2806.2000,2806.0000,2805.8000,2807.2000,2807.4000,2807.6000,2808.6000,2808.8000,4,2,1,4,10,1,7,1,1,1
SF,IH2006,2020-05-13 09:33:37.300,2807.2000,25617,0,637893660.000,0,-,-,-,-,2807.0000,2806.8000,2806.2000,2806.0000,2805.8000,2807.2000,2807.4000,2807.6000,2808.6000,2808.8000,1,2,1,4,10,3,7,1,1,1
SF,IH2006,2020-05-13 09:33:37.800,2807.0000,25616,-1,638735760.000,1,0,1,双平,S,2806.8000,2806.2000,2806.0000,2805.8000,2805.6000,2807.2000,2807.4000,2807.6000,2808.6000,2808.8000,2,1,4,10,12,3,7,1,1,1
SF,IH2006,2020-05-13 09:33:38.300,2807.0000,25616,0,638735760.000,0,-,-,-,-,2806.8000,2806.2000,2806.0000,2805.8000,2805.6000,2807.2000,2807.4000,2807.6000,2808.6000,2808.8000,2,1,4,10,13,3,7,1,1,1
SF,IH2006,2020-05-13 09:33:38.800,2807.0000,25616,0,638735760.000,0,-,-,-,-,2806.8000,2806.2000,2806.0000,2805.8000,2805.6000,2807.2000,2807.4000,2807.6000,2808.6000,2808.8000,2,1,4,10,13,3,7,1,1,1
SF,IH2006,2020-05-13 09:33:39.300,2807.2000,25617,1,640420080.000,2,1,1,空开,S,2806.8000,2806.2000,2806.0000,2805.8000,2805.6000,2807.2000,2807.4000,2807.6000,2808.6000,2808.8000,2,1,4,10,13,1,7,1,1,1
SF,IH2006,2020-05-13 09:33:39.800,2807.4000,25617,0,642104460.000,2,1,1,多换,S,2807.2000,2806.8000,2806.2000,2806.0000,2805.8000,2807.4000,2807.6000,2808.6000,2808.8000,2809.0000,2,2,1,4,10,6,1,1,1,1
SF,IH2006,2020-05-13 09:33:40.300,2807.4000,25618,1,644631120.000,3,2,1,空开,S,2807.2000,2806.8000,2806.2000,2806.0000,2805.8000,2807.4000,2807.6000,2808.6000,2808.8000,2809.0000,1,2,1,4,10,3,1,1,1,1
SF,IH2006,2020-05-13 09:33:40.800,2807.4000,25618,0,644631120.000,0,-,-,-,-,2807.2000,2806.8000,2806.2000,2806.0000,2805.8000,2807.4000,2807.6000,2808.6000,2808.8000,2809.0000,1,2,2,4,10,3,1,1,1,1
SF,IH2006,2020-05-13 09:33:41.300,2807.4000,25619,1,645473340.000,1,1,0,双开,S,2807.2000,2806.8000,2806.2000,2806.0000,2805.8000,2807.4000,2807.6000,2808.6000,2808.8000,2809.0000,1,2,2,4,10,2,1,1,1,1
SF,IH2006,2020-05-13 09:33:41.800,2807.4000,25619,0,646315560.000,1,0,1,多换,S,2807.2000,2806.8000,2806.2000,2806.0000,2805.8000,2807.4000,2807.6000,2808.6000,2808.8000,2809.0000,1,2,2,4,10,1,1,1,1,1
SF,IH2006,2020-05-13 09:33:42.300,2807.4000,25619,0,646315560.000,0,-,-,-,-,2807.2000,2806.8000,2806.6000,2806.2000,2806.0000,2807.4000,2807.6000,2808.6000,2808.8000,2809.0000,1,2,1,2,3,1,1,1,1,1
SF,IH2006,2020-05-13 09:33:42.800,2807.2000,25620,1,647157720.000,1,1,0,双开,S,2806.8000,2806.6000,2806.2000,2806.0000,2805.8000,2807.4000,2807.6000,2808.6000,2808.8000,2809.0000,2,1,2,3,10,1,1,1,1,1
SF,IH2006,2020-05-13 09:33:43.300,2807.2000,25620,0,647157720.000,0,-,-,-,-,2806.8000,2806.6000,2806.2000,2806.0000,2805.8000,2807.4000,2807.6000,2808.6000,2808.8000,2809.0000,5,1,2,3,10,1,1,1,1,1
SF,IH2006,2020-05-13 09:33:43.800,2807.4000,25621,1,648842160.000,2,1,1,空开,S,2806.8000,2806.6000,2806.2000,2806.0000,2805.8000,2807.6000,2808.6000,2808.8000,2809.0000,2809.8000,5,1,2,3,10,1,1,1,1,2
SF,IH2006,2020-05-13 09:33:44.300,2807.4000,25621,0,648842160.000,0,-,-,-,-,2806.8000,2806.6000,2806.2000,2806.0000,2805.8000,2807.6000,2808.6000,2808.8000,2809.0000,2809.8000,6,1,2,3,10,2,1,1,1,2
SF,IH2006,2020-05-13 09:33:44.800,2806.8000,25618,-3,651368280.000,3,0,3,双平,S,2806.8000,2806.6000,2806.2000,2806.0000,2805.8000,2807.4000,2807.6000,2808.6000,2808.8000,2809.0000,3,1,2,3,10,2,2,1,1,1
SF,IH2006,2020-05-13 09:33:45.300,2806.8000,25618,0,651368280.000,0,-,-,-,-,2807.0000,2806.8000,2806.6000,2806.2000,2806.0000,2807.4000,2807.6000,2808.6000,2809.0000,2809.8000,2,3,1,2,3,2,3,1,1,2
SF,IH2006,2020-05-13 09:33:45.800,2807.0000,25616,-2,654736740.000,4,1,3,多平,S,2807.0000,2806.8000,2806.6000,2806.2000,2806.0000,2807.2000,2807.4000,2807.6000,2808.6000,2809.0000,9,3,1,2,3,1,2,3,1,1
SF,IH2006,2020-05-13 09:33:46.300,2807.2000,25616,0,655578900.000,1,0,1,多换,S,2807.2000,2807.0000,2806.8000,2806.6000,2806.2000,2807.4000,2807.6000,2808.6000,2809.0000,2809.8000,1,9,3,1,2,2,3,1,1,2
SF,IH2006,2020-05-13 09:33:46.800,2807.2000,25616,0,655578900.000,0,-,-,-,-,2807.4000,2807.0000,2806.8000,2806.6000,2806.2000,2807.6000,2808.6000,2809.0000,2809.8000,2810.4000,1,9,3,1,2,3,1,1,2,1
SF,IH2006,2020-05-13 09:33:47.300,2807.6000,25613,-3,658105740.000,3,0,3,双平,S,2807.4000,2807.0000,2806.8000,2806.6000,2806.2000,2808.6000,2809.0000,2809.8000,2810.4000,2810.8000,1,9,3,1,2,1,1,2,1,1
SF,IH2006,2020-05-13 09:33:47.800,2807.6000,25613,0,658105740.000,0,-,-,-,-,2807.6000,2807.4000,2807.0000,2806.8000,2806.6000,2808.4000,2808.6000,2809.0000,2809.8000,2810.4000,4,2,10,3,1,5,1,1,2,1
SF,IH2006,2020-05-13 09:33:48.300,2807.6000,25613,0,658105740.000,0,-,-,-,-,2807.8000,2807.4000,2807.0000,2806.8000,2806.6000,2808.2000,2808.4000,2808.6000,2809.0000,2809.8000,1,1,10,3,1,2,1,1,1,2
SF,IH2006,2020-05-13 09:33:48.800,2808.0000,25613,0,658948140.000,1,0,1,多换,S,2807.8000,2807.4000,2807.0000,2806.8000,2806.6000,2808.2000,2808.4000,2808.6000,2809.0000,2809.8000,1,1,10,3,1,2,1,1,1,2
SF,IH2006,2020-05-13 09:33:49.300,2808.0000,25613,0,658948140.000,0,-,-,-,-,2807.8000,2807.4000,2807.0000,2806.8000,2806.6000,2808.4000,2808.6000,2809.0000,2809.8000,2810.4000,1,1,10,3,1,1,1,1,2,1
SF,IH2006,2020-05-13 09:33:49.800,2808.0000,25613,0,658948140.000,0,-,-,-,-,2808.4000,2807.8000,2807.4000,2807.0000,2806.8000,2808.6000,2809.0000,2809.8000,2810.4000,2810.8000,1,1,1,10,3,1,1,2,1,1
SF,IH2006,2020-05-13 09:33:50.300,2808.4000,25613,0,659790660.000,1,0,1,多换,S,2807.8000,2807.4000,2807.0000,2806.8000,2806.6000,2808.0000,2808.4000,2808.6000,2809.0000,2809.8000,1,1,10,3,1,1,3,2,1,2
SF,IH2006,2020-05-13 09:33:50.800,2808.0000,25612,-1,660633060.000,1,0,1,双平,S,2807.8000,2807.4000,2807.0000,2806.8000,2806.6000,2808.4000,2808.6000,2809.0000,2809.8000,2810.4000,2,1,10,3,1,1,2,1,2,1
SF,IH2006,2020-05-13 09:33:51.300,2808.0000,25612,0,660633060.000,0,-,-,-,-,2807.8000,2807.4000,2807.0000,2806.8000,2806.6000,2808.0000,2808.2000,2808.4000,2808.6000,2809.0000,2,1,10,3,1,1,1,1,1,1
SF,IH2006,2020-05-13 09:33:51.800,2807.8000,25612,0,662317800.000,2,1,1,多换,S,2807.8000,2807.4000,2807.0000,2806.8000,2806.6000,2808.2000,2808.4000,2808.6000,2808.8000,2809.0000,1,1,10,3,1,1,1,1,2,1
SF,IH2006,2020-05-13 09:33:52.800,2807.8000,25612,0,662317800.000,0,-,-,-,-,2807.8000,2807.4000,2807.0000,2806.8000,2806.6000,2808.2000,2808.4000,2808.6000,2808.8000,2809.0000,2,1,10,3,2,1,1,1,2,1
SF,IH2006,2020-05-13 09:33:54.300,2807.8000,25612,0,662317800.000,0,-,-,-,-,2807.8000,2807.4000,2807.0000,2806.8000,2806.6000,2808.4000,2808.6000,2808.8000,2809.0000,2809.8000,3,1,10,2,2,1,1,2,1,2
SF,IH2006,2020-05-13 09:33:54.800,2807.8000,25612,0,662317800.000,0,-,-,-,-,2807.8000,2807.4000,2807.0000,2806.8000,2806.6000,2808.2000,2808.4000,2808.6000,2808.8000,2809.0000,3,1,10,2,2,1,1,1,2,1
SF,IH2006,2020-05-13 09:33:55.300,2808.2000,25613,1,663160260.000,1,1,0,双开,S,2807.8000,2807.4000,2807.0000,2806.8000,2806.6000,2808.6000,2808.8000,2809.0000,2809.8000,2810.4000,3,1,10,2,2,1,2,1,2,1
SF,IH2006,2020-05-13 09:33:55.800,2808.2000,25613,0,663160260.000,0,-,-,-,-,2808.0000,2807.8000,2807.4000,2807.0000,2806.8000,2808.6000,2808.8000,2809.0000,2809.8000,2810.4000,1,3,1,10,2,1,2,1,2,1
SF,IH2006,2020-05-13 09:33:56.300,2808.6000,25612,-1,664002840.000,1,0,1,双平,S,2808.0000,2807.8000,2807.4000,2807.0000,2806.8000,2808.8000,2809.0000,2809.8000,2810.4000,2810.8000,1,3,1,10,2,2,1,3,1,1
SF,IH2006,2020-05-13 09:33:56.800,2808.6000,25611,-1,664845420.000,1,0,1,双平,S,2808.0000,2807.8000,2807.4000,2807.0000,2806.8000,2808.8000,2809.0000,2809.8000,2810.4000,2810.8000,1,2,1,1,2,2,1,3,1,1
SF,IH2006,2020-05-13 09:33:57.300,2808.6000,25611,0,664845420.000,0,-,-,-,-,2808.0000,2807.8000,2807.6000,2807.4000,2807.0000,2808.8000,2809.0000,2809.8000,2810.4000,2810.8000,4,2,1,1,1,2,1,3,1,1
SF,IH2006,2020-05-13 09:33:57.800,2808.6000,25611,0,664845420.000,0,-,-,-,-,2808.2000,2808.0000,2807.8000,2807.6000,2807.4000,2808.4000,2808.8000,2809.0000,2809.8000,2810.4000,10,5,3,1,1,3,2,1,3,1
SF,IH2006,2020-05-13 09:33:58.300,2808.8000,25610,-1,669058260.000,5,2,3,多平,S,2808.2000,2808.0000,2807.8000,2807.6000,2807.4000,2809.0000,2809.8000,2810.4000,2810.8000,2811.8000,10,4,3,1,1,1,3,1,1,1
SF,IH2006,2020-05-13 09:33:58.800,2808.8000,25611,1,669900900.000,1,1,0,双开,S,2808.4000,2808.2000,2808.0000,2807.8000,2807.6000,2809.0000,2809.8000,2810.4000,2810.8000,2811.8000,5,10,4,3,1,1,3,1,1,1
SF,IH2006,2020-05-13 09:34:00.300,2809.0000,25610,-1,670743600.000,1,0,1,双平,S,2808.8000,2808.4000,2808.2000,2808.0000,2807.8000,2809.8000,2810.4000,2810.8000,2811.8000,2812.0000,1,5,10,4,3,3,1,1,1,1
SF,IH2006,2020-05-13 09:34:00.800,2809.0000,25610,0,670743600.000,0,-,-,-,-,2809.0000,2808.8000,2808.2000,2808.0000,2807.8000,2809.6000,2809.8000,2810.4000,2810.8000,2811.8000,6,3,10,2,3,2,4,1,1,1
SF,IH2006,2020-05-13 09:34:01.300,2809.0000,25610,0,671586300.000,1,0,1,多换,S,2808.8000,2808.2000,2808.0000,2807.8000,2807.6000,2809.6000,2809.8000,2810.4000,2810.8000,2811.8000,4,10,2,2,1,3,4,1,1,1
SF,IH2006,2020-05-13 09:34:01.800,2809.0000,25610,0,671586300.000,0,-,-,-,-,2809.0000,2808.8000,2808.2000,2808.0000,2807.8000,2809.6000,2809.8000,2810.4000,2810.8000,2811.8000,1,4,10,2,2,3,3,1,1,1
SF,IH2006,2020-05-13 09:34:02.300,2809.0000,25610,0,671586300.000,0,-,-,-,-,2809.0000,2808.8000,2808.2000,2808.0000,2807.8000,2809.6000,2809.8000,2810.4000,2810.8000,2811.8000,2,4,10,2,2,4,3,1,1,1
SF,IH2006,2020-05-13 09:34:02.800,2809.0000,25610,0,671586300.000,0,-,-,-,-,2809.0000,2808.8000,2808.2000,2808.0000,2807.8000,2809.6000,2809.8000,2810.4000,2810.8000,2811.8000,2,4,10,2,2,4,3,1,1,1
SF,IH2006,2020-05-13 09:34:03.300,2809.0000,25610,0,671586300.000,0,-,-,-,-,2809.0000,2808.8000,2808.2000,2808.0000,2807.8000,2809.4000,2809.6000,2809.8000,2810.4000,2810.8000,2,4,10,2,2,1,4,3,1,1
SF,IH2006,2020-05-13 09:34:03.800,2809.0000,25610,0,673271820.000,2,1,1,多换,S,2809.0000,2808.8000,2808.2000,2808.0000,2807.8000,2809.6000,2809.8000,2810.4000,2810.8000,2811.8000,1,4,10,2,2,4,3,1,1,1
SF,IH2006,2020-05-13 09:34:04.800,2809.0000,25610,0,674114520.000,1,0,1,多换,S,2808.8000,2808.2000,2808.0000,2807.8000,2807.6000,2809.6000,2809.8000,2810.4000,2810.8000,2811.8000,4,10,2,2,1,4,3,1,1,1
SF,IH2006,2020-05-13 09:34:05.300,2809.0000,25610,0,674114520.000,0,-,-,-,-,2808.8000,2808.2000,2808.0000,2807.8000,2807.6000,2809.4000,2809.6000,2809.8000,2810.4000,2810.8000,1,10,2,2,1,1,4,3,1,1
SF,IH2006,2020-05-13 09:34:05.800,2809.0000,25610,0,674114520.000,0,-,-,-,-,2808.8000,2808.2000,2808.0000,2807.8000,2807.6000,2809.0000,2809.4000,2809.6000,2809.8000,2810.4000,1,10,2,2,1,1,1,4,3,1
SF,IH2006,2020-05-13 09:34:06.300,2808.8000,25610,0,674957160.000,1,0,1,多换,S,2808.2000,2808.0000,2807.8000,2807.6000,2807.4000,2808.8000,2809.0000,2809.4000,2809.6000,2809.8000,10,2,2,1,1,1,1,1,3,3
SF,IH2006,2020-05-13 09:34:06.800,2808.8000,25610,0,674957160.000,0,-,-,-,-,2808.2000,2808.0000,2807.8000,2807.6000,2807.4000,2808.6000,2808.8000,2809.0000,2809.4000,2809.6000,10,2,2,1,1,1,1,1,1,2
SF,IH2006,2020-05-13 09:34:07.300,2808.8000,25610,0,674957160.000,0,-,-,-,-,2808.2000,2808.0000,2807.8000,2807.6000,2807.4000,2808.6000,2808.8000,2809.0000,2809.4000,2809.6000,10,2,2,1,1,1,2,1,1,3
SF,IH2006,2020-05-13 09:34:07.800,2808.6000,25611,1,675799740.000,1,1,0,双开,S,2808.2000,2808.0000,2807.8000,2807.6000,2807.4000,2808.8000,2809.0000,2809.2000,2809.4000,2809.6000,11,1,2,1,1,2,1,1,1,3
SF,IH2006,2020-05-13 09:34:08.300,2808.6000,25611,0,675799740.000,0,-,-,-,-,2808.2000,2808.0000,2807.8000,2807.6000,2807.4000,2808.8000,2809.0000,2809.2000,2809.4000,2809.6000,11,1,2,1,1,1,1,1,1,3
SF,IH2006,2020-05-13 09:34:08.800,2808.6000,25611,0,676642320.000,1,0,1,多换,S,2808.2000,2808.0000,2807.8000,2807.6000,2807.4000,2808.8000,2809.0000,2809.2000,2809.4000,2809.6000,11,1,2,1,1,1,1,1,1,3
SF,IH2006,2020-05-13 09:34:09.300,2809.0000,25613,2,678327660.000,2,2,0,双开,S,2808.2000,2808.0000,2807.8000,2807.6000,2807.4000,2809.2000,2809.4000,2809.6000,2809.8000,2810.4000,11,1,2,1,1,1,1,3,3,1
SF,IH2006,2020-05-13 09:34:09.800,2808.2000,25613,0,680855040.000,3,1,2,多换,S,2808.2000,2808.0000,2807.8000,2807.6000,2807.4000,2809.0000,2809.2000,2809.4000,2809.6000,2809.8000,8,1,2,1,1,3,3,1,3,3
SF,IH2006,2020-05-13 09:34:10.300,2808.2000,25612,-1,687594720.000,8,3,5,多平,S,2807.8000,2807.6000,2807.4000,2807.0000,2806.8000,2808.8000,2809.0000,2809.2000,2809.4000,2809.6000,2,1,1,1,3,6,3,1,1,3
SF,IH2006,2020-05-13 09:34:10.800,2808.2000,25612,0,687594720.000,0,-,-,-,-,2807.8000,2807.6000,2807.4000,2807.0000,2806.8000,2808.6000,2808.8000,2809.0000,2809.2000,2809.4000,2,1,1,1,3,1,5,2,1,1
SF,IH2006,2020-05-13 09:34:11.300,2808.2000,25612,0,687594720.000,0,-,-,-,-,2807.8000,2807.6000,2807.4000,2807.0000,2806.8000,2808.6000,2809.0000,2809.2000,2809.4000,2809.6000,4,1,1,1,3,1,1,1,1,3
SF,IH2006,2020-05-13 09:34:11.800,2808.2000,25612,0,687594720.000,0,-,-,-,-,2808.0000,2807.8000,2807.6000,2807.4000,2807.0000,2808.6000,2809.0000,2809.2000,2809.4000,2809.6000,1,3,1,1,1,1,1,1,1,3
SF,IH2006,2020-05-13 09:34:12.300,2808.2000,25612,0,687594720.000,0,-,-,-,-,2808.0000,2807.8000,2807.6000,2807.4000,2807.0000,2808.6000,2809.0000,2809.2000,2809.4000,2809.6000,1,3,1,1,1,1,1,1,1,3
SF,IH2006,2020-05-13 09:34:12.800,2808.2000,25612,0,687594720.000,0,-,-,-,-,2808.0000,2807.8000,2807.6000,2807.4000,2807.0000,2808.4000,2809.0000,2809.2000,2809.4000,2809.6000,1,3,1,1,1,1,1,1,1,3
SF,IH2006,2020-05-13 09:34:13.300,2808.4000,25612,0,688437240.000,1,0,1,多换,S,2808.0000,2807.8000,2807.6000,2807.4000,2807.0000,2809.0000,2809.2000,2809.4000,2809.6000,2809.8000,1,3,1,1,1,1,1,1,3,2
SF,IH2006,2020-05-13 09:34:13.800,2808.4000,25612,0,688437240.000,0,-,-,-,-,2808.2000,2808.0000,2807.8000,2807.6000,2807.4000,2809.0000,2809.2000,2809.4000,2809.6000,2809.8000,1,1,4,1,1,1,1,1,3,2
SF,IH2006,2020-05-13 09:34:14.300,2808.2000,25612,0,689279700.000,1,0,1,多换,S,2808.2000,2807.8000,2807.6000,2807.4000,2806.8000,2809.0000,2809.2000,2809.4000,2809.6000,2809.8000,2,4,1,1,3,1,1,1,3,2
SF,IH2006,2020-05-13 09:34:14.800,2808.2000,25612,0,689279700.000,0,-,-,-,-,2808.6000,2808.2000,2807.8000,2807.6000,2807.4000,2809.0000,2809.2000,2809.4000,2809.6000,2809.8000,1,2,4,1,1,1,1,1,3,2
SF,IH2006,2020-05-13 09:34:15.300,2808.2000,25612,0,689279700.000,0,-,-,-,-,2808.6000,2808.2000,2807.8000,2807.6000,2807.4000,2809.0000,2809.2000,2809.4000,2809.6000,2809.8000,1,2,4,1,1,1,1,1,3,2
SF,IH2006,2020-05-13 09:34:15.800,2808.2000,25612,0,689279700.000,0,-,-,-,-,2808.6000,2808.2000,2807.8000,2807.6000,2807.4000,2808.8000,2809.0000,2809.2000,2809.4000,2809.6000,1,2,4,1,1,1,1,1,1,3
SF,IH2006,2020-05-13 09:34:16.300,2808.8000,25613,1,690964920.000,2,1,1,空开,S,2808.2000,2807.8000,2807.6000,2807.4000,2806.8000,2808.6000,2809.2000,2809.4000,2809.6000,2809.8000,2,4,1,1,3,1,1,1,3,2
SF,IH2006,2020-05-13 09:34:16.800,2808.6000,25613,0,691807500.000,1,0,1,多换,S,2808.6000,2808.2000,2807.8000,2807.6000,2807.4000,2809.2000,2809.4000,2809.6000,2809.8000,2810.4000,2,2,4,1,1,1,1,3,2,1
SF,IH2006,2020-05-13 09:34:17.300,2808.6000,25613,0,691807500.000,0,-,-,-,-,2808.6000,2808.2000,2807.8000,2807.6000,2807.4000,2809.2000,2809.4000,2809.6000,2809.8000,2810.4000,2,2,4,1,1,1,1,3,2,1
SF,IH2006,2020-05-13 09:34:18.300,2809.2000,25611,-2,693493020.000,2,0,2,双平,S,2808.6000,2808.2000,2807.8000,2807.6000,2807.4000,2809.4000,2809.6000,2809.8000,2810.4000,2810.8000,1,2,4,1,1,1,3,2,1,1
SF,IH2006,2020-05-13 09:34:18.800,2809.2000,25611,0,693493020.000,0,-,-,-,-,2808.6000,2807.8000,2807.6000,2807.4000,2806.8000,2809.2000,2809.4000,2809.6000,2809.8000,2810.4000,1,4,1,1,3,2,1,3,2,1
SF,IH2006,2020-05-13 09:34:19.800,2809.6000,25615,4,697706820.000,5,4,1,空开,S,2807.8000,2807.6000,2807.4000,2806.8000,2806.6000,2809.6000,2809.8000,2810.4000,2810.8000,2811.8000,4,1,1,3,12,1,2,1,1,1
SF,IH2006,2020-05-13 09:34:20.300,2808.4000,25616,1,699391980.000,2,1,1,空开,S,2808.2000,2808.0000,2807.8000,2807.6000,2807.4000,2809.4000,2809.6000,2809.8000,2810.4000,2810.8000,3,11,6,1,1,1,1,2,1,1
SF,IH2006,2020-05-13 09:34:20.800,2808.4000,25616,0,699391980.000,0,-,-,-,-,2808.4000,2808.0000,2807.8000,2807.6000,2807.4000,2809.4000,2809.6000,2809.8000,2810.4000,2810.8000,7,1,4,1,1,1,1,2,1,1
SF,IH2006,2020-05-13 09:34:21.300,2809.6000,25616,0,701077680.000,2,1,1,多换,S,2808.4000,2807.8000,2807.6000,2807.4000,2806.8000,2809.8000,2810.4000,2810.8000,2811.8000,2812.0000,2,4,1,1,3,2,1,1,1,1
SF,IH2006,2020-05-13 09:34:21.800,2809.6000,25616,0,701077680.000,0,-,-,-,-,2808.6000,2808.4000,2807.8000,2807.6000,2807.4000,2809.6000,2809.8000,2810.4000,2810.8000,2811.8000,1,3,3,1,1,7,2,1,1,1
SF,IH2006,2020-05-13 09:34:22.300,2809.6000,25616,0,701077680.000,0,-,-,-,-,2808.6000,2808.4000,2807.8000,2807.6000,2807.4000,2809.4000,2809.6000,2809.8000,2810.4000,2810.8000,1,3,3,1,1,1,7,2,1,1
SF,IH2006,2020-05-13 09:34:22.800,2809.6000,25616,0,701077680.000,0,-,-,-,-,2808.6000,2807.8000,2807.6000,2807.4000,2806.8000,2809.4000,2809.6000,2809.8000,2810.4000,2810.8000,3,3,1,1,3,1,7,2,1,1
SF,IH2006,2020-05-13 09:34:23.300,2809.6000,25616,0,701077680.000,0,-,-,-,-,2808.8000,2808.6000,2807.8000,2807.6000,2807.4000,2809.4000,2809.6000,2809.8000,2810.4000,2810.8000,2,1,3,1,1,1,7,2,1,1
SF,IH2006,2020-05-13 09:34:23.800,2808.8000,25616,0,701920320.000,1,0,1,多换,S,2808.8000,2808.6000,2807.8000,2807.6000,2807.4000,2809.4000,2809.6000,2809.8000,2810.4000,2810.8000,1,1,3,1,1,1,7,2,1,1
