市场代码,合约代码,时间,最新,持仓,增仓,成交额,成交量,开仓,平仓,成交类型,方向,买一价,买二价,买三价,买四价,买五价,卖一价,卖二价,卖三价,卖四价,卖五价,买一量,买二量,买三量,买四量,买五量,卖一量,卖二量,卖三量,卖四量,卖五量
SF,IH2012,2020-08-06 09:29:00.200,3280.0000,15311,0,2952000.000,3.000,-,-,-,-,3280.0000,3276.0000,3275.0000,3274.0000,3273.4000,3281.0000,3287.6000,3288.0000,3289.8000,3290.8000,3,1,2,20,1,1,1,4,1,1
SF,IH2012,2020-08-06 09:30:00.200,3281.0000,15310,-1,3936300.000,1,0,1,双平,S,3281.0000,3280.0000,3276.0000,3275.8000,3275.0000,3281.2000,3282.8000,3287.6000,3288.0000,3289.8000,1,3,1,1,2,1,1,1,4,1
SF,IH2012,2020-08-06 09:30:00.700,3281.0000,15309,-1,7874160.000,4,1,3,多平,S,3281.0000,3280.0000,3275.8000,3275.0000,3274.0000,3287.6000,3290.0000,3293.0000,3294.0000,3295.4000,1,3,1,2,20,1,1,1,1,1
SF,IH2012,2020-08-06 09:30:01.200,3284.4000,15308,-1,8859480.000,1,0,1,双平,S,3281.4000,3281.0000,3280.0000,3275.8000,3275.0000,3286.4000,3287.2000,3287.4000,3287.6000,3290.0000,1,1,4,1,2,4,4,2,1,1
SF,IH2012,2020-08-06 09:30:01.700,3286.0000,15307,-1,10829760.000,2,0,2,多平,S,3281.4000,3281.0000,3280.0000,3275.8000,3275.0000,3286.2000,3286.4000,3287.2000,3287.4000,3287.6000,1,1,4,1,2,3,3,3,2,1
SF,IH2012,2020-08-06 09:30:02.200,3281.0000,15306,-1,13782900.000,3,1,2,多平,S,3281.2000,3280.0000,3275.8000,3275.0000,3274.0000,3283.6000,3284.4000,3285.8000,3286.0000,3286.2000,2,4,1,2,20,1,5,1,10,3
SF,IH2012,2020-08-06 09:30:02.700,3283.4000,15305,-1,21660840.000,8,3,5,多平,S,3280.0000,3275.8000,3275.0000,3274.0000,3273.4000,3283.4000,3284.4000,3285.4000,3286.0000,3286.4000,4,1,2,20,1,1,4,2,10,1
SF,IH2012,2020-08-06 09:30:03.200,3283.4000,15304,-1,22645860.000,1,0,1,双平,S,3280.0000,3275.8000,3275.0000,3274.0000,3273.4000,3283.2000,3283.4000,3284.4000,3285.4000,3286.0000,4,1,2,20,1,1,1,4,2,11
SF,IH2012,2020-08-06 09:30:03.700,3283.4000,15304,0,22645860.000,0,-,-,-,-,3280.0000,3275.8000,3275.0000,3274.0000,3273.2000,3282.4000,3282.8000,3283.0000,3283.2000,3284.4000,4,1,2,20,1,2,4,6,2,4
SF,IH2012,2020-08-06 09:30:04.200,3280.0000,15304,0,23629860.000,1,0,1,多换,S,3280.0000,3278.0000,3275.8000,3275.0000,3274.0000,3282.0000,3282.2000,3282.8000,3283.0000,3283.2000,3,1,1,3,20,1,3,5,2,1
SF,IH2012,2020-08-06 09:30:04.700,3280.0000,15304,0,23629860.000,0,-,-,-,-,3280.0000,3278.0000,3275.8000,3275.0000,3274.0000,3281.6000,3281.8000,3282.0000,3282.2000,3283.0000,3,1,1,3,20,4,2,1,1,2
SF,IH2012,2020-08-06 09:30:05.200,3280.0000,15304,0,23629860.000,0,-,-,-,-,3280.0000,3278.0000,3275.8000,3275.0000,3274.0000,3281.2000,3281.6000,3281.8000,3283.0000,3283.2000,3,1,1,3,20,1,2,2,2,1
SF,IH2012,2020-08-06 09:30:05.700,3280.0000,15304,0,23629860.000,0,-,-,-,-,3280.2000,3280.0000,3278.0000,3275.8000,3275.0000,3280.8000,3281.2000,3281.8000,3283.0000,3283.2000,1,3,1,1,3,2,1,2,2,1
SF,IH2012,2020-08-06 09:30:06.200,3280.2000,15304,0,24613920.000,1,0,1,多换,S,3280.0000,3278.0000,3275.8000,3275.0000,3274.0000,3280.4000,3280.8000,3281.8000,3283.0000,3283.2000,3,1,1,3,20,1,2,2,2,1
SF,IH2012,2020-08-06 09:30:06.700,3280.2000,15301,-3,30518100.000,6,1,5,多平,S,3278.0000,3275.8000,3275.0000,3274.0000,3273.2000,3280.2000,3280.4000,3281.8000,3283.0000,3283.2000,1,1,3,20,1,5,1,2,2,1
SF,IH2012,2020-08-06 09:30:07.200,3280.2000,15298,-3,33470280.000,3,0,3,双平,S,3278.2000,3278.0000,3275.8000,3275.0000,3274.0000,3279.8000,3280.2000,3281.8000,3283.0000,3283.2000,1,1,1,3,20,1,1,1,2,1
SF,IH2012,2020-08-06 09:30:07.700,3279.8000,15297,-1,34454220.000,1,0,1,双平,S,3278.2000,3278.0000,3275.8000,3275.0000,3274.0000,3280.2000,3281.8000,3283.0000,3283.2000,3284.4000,1,1,1,3,20,1,1,2,1,1
SF,IH2012,2020-08-06 09:30:08.200,3280.0000,15297,0,35438220.000,1,0,1,多换,S,3278.4000,3278.2000,3278.0000,3275.8000,3275.0000,3280.2000,3281.8000,3283.0000,3283.2000,3284.4000,1,1,1,1,3,2,1,2,1,1
SF,IH2012,2020-08-06 09:30:08.700,3280.0000,15297,0,35438220.000,0,-,-,-,-,3278.6000,3278.4000,3278.0000,3275.8000,3275.0000,3280.2000,3281.8000,3283.0000,3283.2000,3284.4000,1,1,1,1,3,2,1,2,1,1
SF,IH2012,2020-08-06 09:30:09.200,3278.4000,15296,-1,37405680.000,2,0,2,多平,S,3278.0000,3275.8000,3275.0000,3274.0000,3273.2000,3279.6000,3279.8000,3280.0000,3280.2000,3281.8000,1,1,3,20,1,2,5,2,3,1
SF,IH2012,2020-08-06 09:30:09.700,3279.4000,15295,-1,39372900.000,2,0,2,多平,S,3275.8000,3275.0000,3274.0000,3273.2000,3270.0000,3279.4000,3279.6000,3280.0000,3280.2000,3281.8000,1,3,20,1,1,4,3,2,2,1
SF,IH2012,2020-08-06 09:30:10.200,3279.4000,15294,-1,40356720.000,1,0,1,双平,S,3276.2000,3276.0000,3275.8000,3275.0000,3274.0000,3279.2000,3279.4000,3279.6000,3279.8000,3280.0000,1,1,1,3,20,2,4,1,1,3
SF,IH2012,2020-08-06 09:30:10.700,3279.2000,15292,-2,42324240.000,2,0,2,双平,S,3276.4000,3276.2000,3275.8000,3275.0000,3274.0000,3279.6000,3279.8000,3280.0000,3280.2000,3281.8000,2,1,1,3,20,1,1,3,2,1
SF,IH2012,2020-08-06 09:30:11.200,3279.2000,15292,0,42324240.000,0,-,-,-,-,3276.6000,3276.4000,3275.8000,3275.0000,3273.2000,3279.2000,3279.4000,3279.6000,3279.8000,3280.0000,1,2,1,3,1,4,1,3,1,3
SF,IH2012,2020-08-06 09:30:11.700,3279.4000,15290,-2,44291820.000,2,0,2,双平,S,3276.8000,3276.6000,3275.8000,3275.0000,3273.2000,3279.6000,3279.8000,3280.0000,3280.2000,3281.8000,2,1,1,3,1,1,1,3,1,1
SF,IH2012,2020-08-06 09:30:12.200,3279.4000,15290,0,44291820.000,0,-,-,-,-,3277.0000,3276.8000,3276.6000,3275.8000,3275.0000,3279.8000,3280.0000,3280.2000,3281.8000,3283.0000,1,2,1,1,3,1,1,1,1,2
SF,IH2012,2020-08-06 09:30:12.700,3280.2000,15288,-2,47243820.000,3,0,3,多平,S,3279.6000,3277.4000,3277.2000,3277.0000,3275.8000,3281.8000,3283.0000,3284.4000,3286.0000,3288.8000,5,2,1,1,1,1,2,1,1,1
SF,IH2012,2020-08-06 09:30:13.200,3281.0000,15288,0,48228120.000,1,0,1,多换,S,3279.8000,3279.6000,3277.4000,3277.0000,3275.8000,3281.6000,3281.8000,3283.0000,3284.4000,3286.0000,4,5,2,2,1,3,2,2,1,1
SF,IH2012,2020-08-06 09:30:13.700,3281.8000,15284,-4,52166100.000,4,0,4,双平,S,3280.2000,3280.0000,3279.8000,3279.6000,3277.4000,3283.0000,3284.4000,3286.0000,3288.8000,3289.0000,1,1,4,5,2,1,1,1,1,1
SF,IH2012,2020-08-06 09:30:14.200,3280.4000,15283,-1,53150220.000,1,0,1,双平,S,3280.4000,3280.2000,3280.0000,3279.8000,3279.6000,3282.2000,3283.0000,3284.4000,3286.0000,3288.8000,2,1,1,2,5,1,1,1,1,1
SF,IH2012,2020-08-06 09:30:14.700,3280.4000,15283,0,53150220.000,0,-,-,-,-,3281.0000,3280.6000,3280.4000,3280.2000,3280.0000,3283.0000,3284.4000,3286.0000,3288.8000,3289.0000,1,3,2,1,1,1,1,1,1,1
SF,IH2012,2020-08-06 09:30:15.200,3280.4000,15283,0,53150220.000,0,-,-,-,-,3281.2000,3281.0000,3280.6000,3280.2000,3280.0000,3284.4000,3286.0000,3286.8000,3288.8000,3289.0000,5,1,2,1,1,1,1,1,1,1
SF,IH2012,2020-08-06 09:30:15.700,3281.0000,15281,-2,55118820.000,2,0,2,双平,S,3280.2000,3280.0000,3279.8000,3279.6000,3277.4000,3281.0000,3284.0000,3284.2000,3284.4000,3286.8000,1,1,2,5,2,1,6,1,3,1
SF,IH2012,2020-08-06 09:30:16.200,3281.0000,15280,-1,56103120.000,1,0,1,双平,S,3281.0000,3280.4000,3280.2000,3280.0000,3279.8000,3281.2000,3284.0000,3284.2000,3284.4000,3286.8000,3,4,1,1,2,1,5,1,4,1
SF,IH2012,2020-08-06 09:30:16.700,3281.2000,15279,-1,57087480.000,1,0,1,双平,S,3281.4000,3281.0000,3280.4000,3280.2000,3280.0000,3284.0000,3284.2000,3284.4000,3286.8000,3288.8000,1,4,3,1,1,5,1,3,1,1
SF,IH2012,2020-08-06 09:30:17.200,3281.2000,15279,0,57087480.000,0,-,-,-,-,3281.6000,3281.4000,3280.4000,3280.2000,3280.0000,3284.0000,3284.2000,3284.4000,3286.8000,3288.8000,1,1,2,1,1,5,1,3,1,1
SF,IH2012,2020-08-06 09:30:17.700,3281.2000,15278,-1,58071840.000,1,0,1,双平,S,3281.6000,3280.4000,3280.2000,3280.0000,3279.8000,3283.8000,3284.0000,3284.2000,3284.4000,3286.8000,1,2,1,1,2,1,6,1,3,1
SF,IH2012,2020-08-06 09:30:18.200,3281.2000,15278,0,58071840.000,0,-,-,-,-,3281.6000,3280.4000,3280.2000,3280.0000,3279.8000,3283.4000,3283.8000,3284.0000,3284.2000,3284.4000,1,2,1,1,2,4,2,3,1,2
SF,IH2012,2020-08-06 09:30:18.700,3281.2000,15278,0,58071840.000,0,-,-,-,-,3281.6000,3280.4000,3280.2000,3280.0000,3279.8000,3283.2000,3283.8000,3284.0000,3284.2000,3284.4000,1,2,1,1,2,3,1,3,1,2
SF,IH2012,2020-08-06 09:30:19.700,3281.6000,15277,-1,59056320.000,1,0,1,双平,S,3280.4000,3280.2000,3280.0000,3279.8000,3279.6000,3283.2000,3284.0000,3284.2000,3284.4000,3286.8000,2,1,1,2,5,4,3,1,2,1
SF,IH2012,2020-08-06 09:30:20.200,3281.6000,15277,0,59056320.000,0,-,-,-,-,3280.6000,3280.4000,3280.2000,3280.0000,3279.8000,3282.6000,3283.2000,3284.0000,3284.2000,3284.4000,1,2,1,1,2,1,3,3,1,2
SF,IH2012,2020-08-06 09:30:20.700,3282.4000,15277,0,60041040.000,1,0,1,多换,S,3280.8000,3280.6000,3280.2000,3280.0000,3279.8000,3282.6000,3283.2000,3284.0000,3284.2000,3284.4000,3,1,1,1,2,1,2,3,1,2
SF,IH2012,2020-08-06 09:30:21.200,3282.4000,15277,0,60041040.000,0,-,-,-,-,3281.0000,3280.8000,3280.6000,3280.2000,3280.0000,3282.6000,3283.2000,3284.0000,3284.2000,3284.4000,1,3,1,1,1,1,1,2,1,2
SF,IH2012,2020-08-06 09:30:21.700,3282.4000,15277,0,60041040.000,0,-,-,-,-,3281.2000,3281.0000,3280.8000,3280.6000,3280.2000,3282.6000,3283.2000,3284.0000,3284.2000,3284.4000,1,1,2,1,1,1,1,2,1,2
SF,IH2012,2020-08-06 09:30:22.200,3282.6000,15276,-1,61025820.000,1,0,1,双平,S,3282.6000,3281.4000,3281.0000,3280.8000,3280.6000,3283.2000,3284.0000,3284.2000,3284.4000,3286.0000,2,1,1,2,1,1,2,1,2,1
SF,IH2012,2020-08-06 09:30:22.700,3282.6000,15274,-2,63980160.000,3,0,3,多平,S,3281.0000,3280.8000,3280.6000,3280.2000,3280.0000,3282.0000,3282.6000,3283.0000,3283.2000,3284.0000,1,2,1,1,1,1,1,1,1,2
SF,IH2012,2020-08-06 09:30:23.200,3282.6000,15274,0,63980160.000,0,-,-,-,-,3281.2000,3280.8000,3280.6000,3280.2000,3280.0000,3282.6000,3283.2000,3284.0000,3284.2000,3284.4000,1,2,1,1,1,1,1,2,1,2
SF,IH2012,2020-08-06 09:30:23.700,3281.4000,15273,-1,64964580.000,1,0,1,双平,S,3280.8000,3280.6000,3280.2000,3280.0000,3279.8000,3283.2000,3284.0000,3284.2000,3284.4000,3286.0000,2,1,1,1,2,1,2,1,2,1
SF,IH2012,2020-08-06 09:30:24.200,3280.8000,15272,-1,65948820.000,1,0,1,双平,S,3280.6000,3280.2000,3280.0000,3279.6000,3275.8000,3282.8000,3283.0000,3283.2000,3284.0000,3284.2000,1,1,1,5,1,1,2,3,2,1
SF,IH2012,2020-08-06 09:30:24.700,3282.6000,15271,-1,67917780.000,2,0,2,多平,S,3282.6000,3280.8000,3280.0000,3279.6000,3275.8000,3283.0000,3283.2000,3284.0000,3284.2000,3284.4000,1,1,1,5,1,1,2,2,1,2
SF,IH2012,2020-08-06 09:30:25.200,3280.8000,15272,1,69886800.000,2,1,1,空开,S,3280.0000,3279.6000,3275.8000,3275.0000,3273.2000,3282.4000,3282.6000,3282.8000,3283.0000,3283.2000,1,5,1,3,1,3,7,7,1,2
SF,IH2012,2020-08-06 09:30:25.700,3280.8000,15272,0,69886800.000,0,-,-,-,-,3280.0000,3279.6000,3275.8000,3275.0000,3273.2000,3282.2000,3282.6000,3282.8000,3283.0000,3283.2000,1,5,1,3,1,2,6,5,1,2
SF,IH2012,2020-08-06 09:30:26.200,3280.8000,15272,0,69886800.000,0,-,-,-,-,3280.0000,3279.6000,3275.8000,3275.0000,3273.2000,3282.2000,3282.6000,3282.8000,3283.0000,3283.2000,1,5,1,3,1,1,2,1,1,2
SF,IH2012,2020-08-06 09:30:26.700,3280.8000,15272,0,69886800.000,0,-,-,-,-,3280.2000,3280.0000,3279.6000,3275.8000,3275.0000,3282.2000,3282.6000,3282.8000,3283.0000,3283.2000,1,1,5,1,3,1,1,1,1,2
SF,IH2012,2020-08-06 09:30:27.200,3280.8000,15272,0,69886800.000,0,-,-,-,-,3280.2000,3280.0000,3279.6000,3275.8000,3275.0000,3282.0000,3282.2000,3282.6000,3282.8000,3283.0000,2,1,5,1,3,1,1,1,1,1
SF,IH2012,2020-08-06 09:30:27.700,3281.8000,15271,-1,70871340.000,1,0,1,双平,S,3280.4000,3280.2000,3280.0000,3279.6000,3275.8000,3282.6000,3282.8000,3283.0000,3283.2000,3284.0000,2,2,1,5,1,1,1,1,2,2
SF,IH2012,2020-08-06 09:30:28.200,3281.8000,15271,0,70871340.000,0,-,-,-,-,3280.4000,3280.2000,3280.0000,3279.6000,3275.8000,3282.8000,3283.0000,3283.2000,3284.0000,3284.4000,1,1,1,5,1,1,1,2,2,2
SF,IH2012,2020-08-06 09:30:28.700,3281.8000,15271,0,70871340.000,0,-,-,-,-,3280.6000,3280.4000,3280.2000,3280.0000,3279.6000,3283.0000,3283.2000,3284.0000,3284.4000,3285.0000,1,1,1,1,5,1,2,2,2,1
SF,IH2012,2020-08-06 09:30:29.200,3281.8000,15271,0,70871340.000,0,-,-,-,-,3280.8000,3280.6000,3280.2000,3280.0000,3279.6000,3283.0000,3283.2000,3284.0000,3284.4000,3285.0000,2,1,1,1,5,1,2,2,2,1
SF,IH2012,2020-08-06 09:30:29.700,3281.8000,15271,0,70871340.000,0,-,-,-,-,3280.8000,3280.6000,3280.2000,3280.0000,3279.6000,3283.2000,3284.0000,3284.4000,3285.0000,3286.0000,2,1,1,1,5,2,2,2,1,1
SF,IH2012,2020-08-06 09:30:30.200,3281.8000,15271,0,70871340.000,0,-,-,-,-,3281.2000,3281.0000,3280.8000,3280.2000,3280.0000,3283.2000,3284.0000,3284.4000,3285.0000,3286.0000,1,2,2,1,1,2,2,2,1,1
SF,IH2012,2020-08-06 09:30:30.700,3281.8000,15271,0,70871340.000,0,-,-,-,-,3281.4000,3281.2000,3281.0000,3280.8000,3280.2000,3283.0000,3283.2000,3284.0000,3284.4000,3285.0000,1,1,2,1,1,1,1,2,2,1
SF,IH2012,2020-08-06 09:30:31.200,3281.4000,15270,-1,71855760.000,1,0,1,双平,S,3281.2000,3280.8000,3280.2000,3280.0000,3279.6000,3282.8000,3283.2000,3284.0000,3284.4000,3285.0000,1,1,1,1,5,1,1,2,2,1
SF,IH2012,2020-08-06 09:30:31.700,3281.4000,15270,0,71855760.000,0,-,-,-,-,3282.8000,3280.8000,3280.2000,3280.0000,3279.6000,3283.2000,3284.0000,3284.4000,3285.0000,3286.0000,1,1,1,1,5,1,2,2,1,1
SF,IH2012,2020-08-06 09:30:32.200,3282.8000,15270,0,72840600.000,1,0,1,多换,S,3280.8000,3280.0000,3279.6000,3275.8000,3275.0000,3282.8000,3283.2000,3284.0000,3284.4000,3285.0000,1,1,5,1,3,2,1,2,2,1
SF,IH2012,2020-08-06 09:30:32.700,3282.8000,15270,0,72840600.000,0,-,-,-,-,3281.2000,3281.0000,3280.8000,3280.0000,3279.6000,3282.6000,3282.8000,3283.2000,3284.0000,3284.4000,1,1,1,1,5,1,1,1,2,2
SF,IH2012,2020-08-06 09:30:33.200,3281.4000,15269,-1,73825020.000,1,0,1,双平,S,3281.4000,3280.8000,3280.0000,3279.6000,3275.8000,3282.6000,3282.8000,3283.0000,3283.2000,3284.0000,1,1,1,5,1,1,1,1,1,2
SF,IH2012,2020-08-06 09:30:33.700,3281.4000,15269,0,73825020.000,0,-,-,-,-,3281.4000,3280.8000,3280.0000,3279.6000,3275.8000,3282.8000,3283.2000,3284.0000,3284.4000,3285.0000,1,1,1,5,1,1,1,2,2,1
SF,IH2012,2020-08-06 09:30:35.200,3281.4000,15269,0,74809440.000,1,0,1,多换,S,3280.8000,3280.0000,3279.6000,3275.8000,3275.0000,3282.6000,3282.8000,3283.0000,3283.2000,3284.0000,1,1,5,1,3,1,1,1,1,2
SF,IH2012,2020-08-06 09:30:35.700,3281.4000,15269,0,74809440.000,0,-,-,-,-,3281.4000,3281.0000,3280.8000,3280.0000,3279.6000,3282.4000,3282.8000,3283.2000,3284.0000,3284.4000,1,1,1,1,5,2,1,1,2,2
SF,IH2012,2020-08-06 09:30:36.200,3281.4000,15269,0,74809440.000,0,-,-,-,-,3281.4000,3281.0000,3280.0000,3279.6000,3275.8000,3282.4000,3282.8000,3283.2000,3284.0000,3284.4000,1,1,1,5,1,1,1,1,2,2
SF,IH2012,2020-08-06 09:30:36.700,3281.4000,15268,-1,75793860.000,1,0,1,双平,S,3281.0000,3280.0000,3279.6000,3275.8000,3275.0000,3282.8000,3283.2000,3284.0000,3284.4000,3285.0000,1,1,5,1,3,1,1,2,2,1
SF,IH2012,2020-08-06 09:30:37.200,3281.4000,15268,0,75793860.000,0,-,-,-,-,3281.2000,3281.0000,3280.0000,3279.6000,3275.8000,3282.8000,3283.2000,3284.0000,3284.4000,3285.0000,1,1,1,5,1,1,1,2,2,1
SF,IH2012,2020-08-06 09:30:37.700,3281.2000,15267,-1,76778220.000,1,0,1,双平,S,3280.0000,3279.6000,3275.8000,3275.0000,3266.0000,3282.6000,3282.8000,3283.2000,3284.0000,3284.4000,1,5,1,3,1,1,1,1,2,2
SF,IH2012,2020-08-06 09:30:38.200,3281.2000,15267,0,76778220.000,0,-,-,-,-,3280.2000,3280.0000,3279.6000,3275.8000,3275.0000,3282.4000,3282.8000,3283.2000,3284.0000,3284.4000,3,1,5,1,3,1,1,1,2,2
SF,IH2012,2020-08-06 09:30:38.700,3281.2000,15267,0,76778220.000,0,-,-,-,-,3280.2000,3280.0000,3279.6000,3275.8000,3275.0000,3282.4000,3282.8000,3283.2000,3284.0000,3284.4000,2,1,5,1,3,1,1,1,2,2
SF,IH2012,2020-08-06 09:30:39.200,3281.2000,15267,0,76778220.000,0,-,-,-,-,3280.2000,3280.0000,3279.6000,3275.8000,3275.0000,3282.2000,3282.4000,3282.8000,3283.2000,3284.0000,1,1,5,1,3,1,1,1,1,2
SF,IH2012,2020-08-06 09:30:39.700,3281.2000,15267,0,76778220.000,0,-,-,-,-,3280.0000,3279.6000,3275.8000,3275.0000,3266.0000,3282.0000,3282.2000,3282.8000,3283.2000,3284.0000,1,5,1,3,1,2,1,1,1,2
SF,IH2012,2020-08-06 09:30:40.200,3281.2000,15267,0,76778220.000,0,-,-,-,-,3280.0000,3279.6000,3275.8000,3275.0000,3266.0000,3281.6000,3281.8000,3282.0000,3282.8000,3283.2000,1,5,1,3,1,1,1,2,1,1
SF,IH2012,2020-08-06 09:30:40.700,3281.2000,15267,0,76778220.000,0,-,-,-,-,3280.0000,3279.6000,3275.8000,3275.0000,3266.0000,3281.4000,3281.6000,3281.8000,3282.0000,3282.8000,1,5,1,3,1,1,2,1,1,1
SF,IH2012,2020-08-06 09:30:41.200,3281.2000,15267,0,76778220.000,0,-,-,-,-,3280.0000,3279.6000,3275.8000,3275.0000,3266.0000,3281.0000,3281.6000,3282.0000,3282.8000,3283.2000,1,5,1,3,1,1,2,1,1,1
SF,IH2012,2020-08-06 09:30:41.700,3281.2000,15267,0,76778220.000,0,-,-,-,-,3280.0000,3279.6000,3275.8000,3275.0000,3266.0000,3280.8000,3281.0000,3281.6000,3282.0000,3282.8000,1,5,1,3,1,1,1,2,1,1
SF,IH2012,2020-08-06 09:30:42.200,3280.0000,15266,-1,77762220.000,1,0,1,双平,S,3279.6000,3275.8000,3275.0000,3266.0000,3265.6000,3280.0000,3280.6000,3281.6000,3282.0000,3283.2000,5,1,3,1,1,1,1,2,1,1
SF,IH2012,2020-08-06 09:30:42.700,3280.6000,15265,-1,85633800.000,8,3,5,多平,S,3280.8000,3275.8000,3275.0000,3266.0000,3265.6000,3281.6000,3282.0000,3283.2000,3284.0000,3284.4000,1,1,3,1,1,2,1,1,2,2
SF,IH2012,2020-08-06 09:30:43.200,3280.6000,15265,0,86617980.000,1,0,1,多换,S,3275.8000,3275.0000,3266.0000,3265.6000,3265.0000,3280.8000,3281.4000,3281.6000,3283.2000,3284.0000,1,3,1,1,10,3,1,2,1,2
SF,IH2012,2020-08-06 09:30:43.700,3280.6000,15265,0,86617980.000,0,-,-,-,-,3277.6000,3276.2000,3276.0000,3275.8000,3275.0000,3280.6000,3280.8000,3281.6000,3283.2000,3284.0000,2,7,4,1,3,2,2,2,1,2
SF,IH2012,2020-08-06 09:30:44.200,3280.6000,15265,0,86617980.000,0,-,-,-,-,3278.0000,3277.8000,3277.6000,3276.2000,3276.0000,3280.6000,3280.8000,3281.6000,3283.2000,3284.0000,1,2,2,6,4,2,1,2,1,2
SF,IH2012,2020-08-06 09:30:44.700,3280.6000,15265,0,86617980.000,0,-,-,-,-,3278.0000,3277.8000,3277.6000,3276.2000,3276.0000,3280.6000,3280.8000,3281.6000,3283.2000,3284.0000,1,2,2,6,4,1,1,2,1,2
SF,IH2012,2020-08-06 09:30:45.700,3280.6000,15265,0,87602160.000,1,0,1,多换,S,3277.6000,3276.2000,3276.0000,3275.8000,3275.0000,3280.6000,3280.8000,3281.6000,3283.2000,3284.0000,2,4,3,1,3,1,1,2,1,2
SF,IH2012,2020-08-06 09:30:46.200,3280.6000,15265,0,87602160.000,0,-,-,-,-,3277.6000,3276.2000,3276.0000,3275.8000,3275.0000,3280.6000,3280.8000,3281.6000,3283.2000,3284.0000,2,4,3,1,3,1,1,2,1,2
SF,IH2012,2020-08-06 09:30:46.700,3280.6000,15265,0,87602160.000,0,-,-,-,-,3277.6000,3276.2000,3276.0000,3275.8000,3275.0000,3280.2000,3280.6000,3280.8000,3281.6000,3283.2000,2,2,3,1,3,5,2,1,2,1
SF,IH2012,2020-08-06 09:30:47.200,3280.6000,15265,0,87602160.000,0,-,-,-,-,3276.2000,3276.0000,3275.8000,3275.0000,3266.0000,3280.0000,3280.2000,3280.6000,3280.8000,3281.6000,2,3,1,3,1,1,5,1,1,2
SF,IH2012,2020-08-06 09:30:47.700,3280.6000,15265,0,87602160.000,0,-,-,-,-,3276.6000,3276.4000,3276.0000,3275.8000,3275.0000,3279.6000,3279.8000,3280.0000,3280.8000,3281.6000,1,2,3,1,3,5,2,2,2,2
SF,IH2012,2020-08-06 09:30:48.200,3280.6000,15264,-1,88586340.000,1,0,1,双平,S,3276.0000,3275.8000,3275.0000,3266.0000,3265.6000,3279.2000,3279.4000,3279.6000,3280.0000,3280.8000,1,1,3,1,1,1,2,5,1,1
SF,IH2012,2020-08-06 09:30:48.700,3280.6000,15264,0,88586340.000,0,-,-,-,-,3276.0000,3275.8000,3275.0000,3266.0000,3265.6000,3278.8000,3279.0000,3279.2000,3279.6000,3280.8000,2,1,3,1,1,2,1,2,4,1
SF,IH2012,2020-08-06 09:30:49.200,3280.6000,15264,0,88586340.000,0,-,-,-,-,3276.0000,3275.8000,3275.0000,3266.0000,3265.6000,3278.4000,3278.6000,3278.8000,3279.2000,3279.6000,1,1,3,1,1,1,1,2,1,4
SF,IH2012,2020-08-06 09:30:49.700,3280.6000,15264,0,88586340.000,0,-,-,-,-,3276.0000,3275.8000,3275.0000,3266.0000,3265.6000,3278.0000,3278.2000,3278.4000,3278.8000,3279.2000,1,1,3,1,1,1,1,1,1,1
SF,IH2012,2020-08-06 09:30:50.200,3280.6000,15264,0,88586340.000,0,-,-,-,-,3276.0000,3275.8000,3275.0000,3266.0000,3265.6000,3277.6000,3277.8000,3278.0000,3278.4000,3279.2000,1,1,3,1,1,1,2,1,1,1
SF,IH2012,2020-08-06 09:30:50.700,3280.6000,15264,0,88586340.000,0,-,-,-,-,3276.0000,3275.8000,3275.0000,3266.0000,3265.6000,3277.2000,3277.6000,3277.8000,3279.2000,3279.6000,1,1,3,1,1,2,1,1,1,4
SF,IH2012,2020-08-06 09:30:51.200,3276.0000,15265,1,89569140.000,1,1,0,双开,S,3275.8000,3275.0000,3266.0000,3265.6000,3265.0000,3277.0000,3277.2000,3277.8000,3279.2000,3279.6000,1,3,1,1,10,2,2,1,1,4
SF,IH2012,2020-08-06 09:30:51.700,3275.8000,15265,0,90551880.000,1,0,1,多换,S,3275.0000,3266.0000,3265.6000,3265.0000,3261.0000,3275.8000,3276.0000,3276.6000,3277.0000,3277.8000,3,1,1,10,1,1,1,2,2,1
SF,IH2012,2020-08-06 09:30:52.200,3275.0000,15265,0,91534380.000,1,0,1,多换,S,3275.0000,3266.0000,3265.6000,3265.0000,3261.0000,3275.4000,3275.8000,3276.6000,3277.0000,3277.8000,2,1,1,10,1,1,1,1,1,1
SF,IH2012,2020-08-06 09:30:52.700,3275.0000,15265,0,93499380.000,2,1,1,多换,S,3266.0000,3265.6000,3265.0000,3261.0000,3260.2000,3275.4000,3275.8000,3276.6000,3277.0000,3277.8000,1,1,10,1,3,1,1,1,1,1
SF,IH2012,2020-08-06 09:30:53.200,3275.0000,15265,0,93499380.000,0,-,-,-,-,3274.2000,3272.8000,3272.6000,3272.4000,3272.2000,3275.0000,3275.2000,3275.4000,3279.2000,3279.6000,1,1,1,3,1,4,4,1,1,4
SF,IH2012,2020-08-06 09:30:53.700,3274.2000,15264,-1,94481640.000,1,0,1,双平,S,3272.0000,3271.8000,3270.8000,3270.6000,3270.4000,3275.0000,3275.4000,3279.2000,3279.6000,3280.8000,2,2,1,1,1,1,1,1,4,1
SF,IH2012,2020-08-06 09:30:54.200,3274.2000,15264,0,94481640.000,0,-,-,-,-,3272.4000,3272.2000,3272.0000,3271.8000,3270.8000,3274.8000,3275.0000,3275.4000,3279.2000,3279.6000,2,3,2,2,1,1,1,1,1,4
SF,IH2012,2020-08-06 09:30:54.700,3274.8000,15262,-2,96446460.000,2,0,2,双平,S,3272.6000,3272.4000,3272.2000,3271.8000,3270.8000,3275.4000,3279.2000,3279.6000,3280.8000,3281.0000,4,2,3,2,1,1,1,4,1,1
SF,IH2012,2020-08-06 09:30:55.200,3274.8000,15262,0,96446460.000,0,-,-,-,-,3273.0000,3272.8000,3272.6000,3272.2000,3271.8000,3275.2000,3279.2000,3279.6000,3280.8000,3281.0000,2,1,4,2,2,1,1,4,1,1
SF,IH2012,2020-08-06 09:30:55.700,3273.2000,15261,-1,97428420.000,1,0,1,双平,S,3273.0000,3272.8000,3272.6000,3272.2000,3271.8000,3275.2000,3279.2000,3279.6000,3280.8000,3281.0000,2,1,4,2,2,1,1,4,1,1
SF,IH2012,2020-08-06 09:30:56.200,3273.2000,15260,-1,98410380.000,1,0,1,双平,S,3272.8000,3272.6000,3272.2000,3271.8000,3270.8000,3275.2000,3279.2000,3279.6000,3280.8000,3281.0000,1,4,2,2,1,1,1,4,1,1
SF,IH2012,2020-08-06 09:30:56.700,3273.2000,15260,0,98410380.000,0,-,-,-,-,3273.0000,3272.8000,3272.6000,3272.2000,3271.8000,3275.2000,3279.2000,3279.6000,3280.8000,3281.0000,3,1,3,2,2,1,1,4,1,1
SF,IH2012,2020-08-06 09:30:57.200,3273.2000,15260,0,98410380.000,0,-,-,-,-,3273.2000,3273.0000,3272.8000,3272.6000,3272.2000,3279.2000,3279.6000,3280.8000,3281.0000,3281.6000,1,3,1,3,2,1,4,1,1,2
SF,IH2012,2020-08-06 09:30:57.700,3273.2000,15260,0,98410380.000,0,-,-,-,-,3273.6000,3273.4000,3273.2000,3273.0000,3272.6000,3277.6000,3278.8000,3279.0000,3279.2000,3280.8000,2,2,2,2,3,1,8,2,1,1
SF,IH2012,2020-08-06 09:30:58.200,3273.2000,15260,0,98410380.000,0,-,-,-,-,3275.2000,3274.0000,3273.8000,3273.6000,3273.4000,3277.2000,3277.4000,3277.6000,3279.0000,3280.8000,1,1,3,2,2,3,2,2,2,1
SF,IH2012,2020-08-06 09:30:58.700,3277.0000,15258,-2,100376040.000,2,0,2,双平,S,3275.4000,3275.2000,3273.8000,3273.6000,3273.4000,3277.2000,3277.4000,3277.6000,3279.0000,3280.8000,1,1,2,2,3,3,2,2,2,1
SF,IH2012,2020-08-06 09:30:59.200,3277.2000,15255,-3,104308680.000,4,0,4,多平,S,3277.4000,3276.0000,3275.6000,3275.4000,3275.2000,3279.0000,3280.8000,3281.0000,3281.6000,3281.8000,1,2,1,1,1,1,1,1,2,1
SF,IH2012,2020-08-06 09:30:59.700,3277.2000,15255,0,104308680.000,0,-,-,-,-,3277.4000,3276.0000,3275.6000,3275.4000,3275.2000,3277.6000,3280.8000,3281.0000,3281.6000,3281.8000,1,2,1,1,1,1,1,1,2,1
SF,IH2012,2020-08-06 09:31:00.200,3277.6000,15254,-1,105291960.000,1,0,1,双平,S,3277.6000,3276.0000,3275.6000,3275.4000,3275.2000,3280.8000,3281.0000,3281.6000,3281.8000,3283.2000,2,2,1,1,1,1,1,2,1,1
SF,IH2012,2020-08-06 09:31:00.700,3277.6000,15254,0,105291960.000,0,-,-,-,-,3277.8000,3277.6000,3276.0000,3275.6000,3275.2000,3280.4000,3280.6000,3280.8000,3281.0000,3281.6000,1,1,2,1,1,4,2,2,1,2
SF,IH2012,2020-08-06 09:31:01.200,3277.8000,15253,-1,106275300.000,1,0,1,双平,S,3277.6000,3276.0000,3275.6000,3275.2000,3275.0000,3280.2000,3280.4000,3280.6000,3280.8000,3281.0000,1,2,1,1,1,4,4,2,2,1
SF,IH2012,2020-08-06 09:31:01.700,3277.8000,15253,0,106275300.000,0,-,-,-,-,3277.6000,3276.0000,3275.6000,3275.2000,3275.0000,3279.8000,3280.0000,3280.2000,3280.6000,3280.8000,1,2,1,1,1,4,2,5,2,1
SF,IH2012,2020-08-06 09:31:02.200,3277.6000,15253,0,107258580.000,1,0,1,多换,S,3276.0000,3275.6000,3275.2000,3275.0000,3273.8000,3277.6000,3279.6000,3279.8000,3280.0000,3280.2000,2,1,1,1,1,1,2,6,3,3
SF,IH2012,2020-08-06 09:31:02.700,3277.6000,15252,-1,108241860.000,1,0,1,双平,S,3276.6000,3276.2000,3275.2000,3273.8000,3273.6000,3279.6000,3279.8000,3280.0000,3280.2000,3280.6000,1,1,1,1,2,2,4,2,3,2
SF,IH2012,2020-08-06 09:31:03.200,3279.2000,15253,1,109225620.000,1,1,0,双开,S,3276.8000,3275.2000,3273.8000,3273.6000,3273.4000,3279.2000,3279.4000,3279.6000,3280.0000,3280.2000,1,1,1,2,2,3,2,3,2,2
SF,IH2012,2020-08-06 09:31:03.700,3279.2000,15253,0,109225620.000,0,-,-,-,-,3275.2000,3273.8000,3273.6000,3273.4000,3273.0000,3277.6000,3279.0000,3279.4000,3279.6000,3280.0000,1,1,2,2,2,1,4,1,1,2
SF,IH2012,2020-08-06 09:31:04.200,3279.2000,15253,0,109225620.000,0,-,-,-,-,3275.4000,3275.2000,3273.8000,3273.6000,3273.4000,3277.4000,3277.6000,3279.0000,3279.4000,3279.6000,1,1,1,2,2,2,1,2,1,1
SF,IH2012,2020-08-06 09:31:04.700,3277.6000,15253,0,110208900.000,1,0,1,多换,S,3275.4000,3273.8000,3273.6000,3273.4000,3273.0000,3277.4000,3277.6000,3279.0000,3279.4000,3279.6000,1,1,2,2,2,1,1,2,1,1
SF,IH2012,2020-08-06 09:31:05.200,3277.6000,15250,-3,113158620.000,3,0,3,双平,S,3277.4000,3276.0000,3275.6000,3275.4000,3273.8000,3279.0000,3279.4000,3279.6000,3280.2000,3280.6000,1,2,1,1,1,2,1,1,2,2
SF,IH2012,2020-08-06 09:31:05.700,3277.4000,15250,0,114141840.000,1,0,1,多换,S,3276.0000,3275.6000,3275.4000,3273.8000,3273.6000,3278.8000,3279.0000,3279.4000,3280.2000,3280.6000,2,1,1,1,2,1,3,1,2,2
SF,IH2012,2020-08-06 09:31:06.200,3277.4000,15250,0,114141840.000,0,-,-,-,-,3276.2000,3276.0000,3273.8000,3273.6000,3273.4000,3278.6000,3278.8000,3279.0000,3279.4000,3280.2000,2,2,1,2,2,2,1,3,1,2
SF,IH2012,2020-08-06 09:31:06.700,3277.4000,15250,0,114141840.000,0,-,-,-,-,3276.2000,3276.0000,3273.8000,3273.6000,3273.4000,3278.4000,3279.0000,3279.4000,3280.2000,3280.6000,2,2,1,2,2,1,3,1,2,2
SF,IH2012,2020-08-06 09:31:08.200,3278.4000,15249,-1,115125360.000,1,0,1,双平,S,3276.4000,3276.2000,3276.0000,3273.8000,3273.6000,3279.0000,3279.4000,3280.2000,3280.6000,3280.8000,1,2,2,1,2,1,1,2,2,1
SF,IH2012,2020-08-06 09:31:08.700,3278.4000,15249,0,115125360.000,0,-,-,-,-,3276.6000,3276.4000,3276.0000,3273.8000,3273.4000,3280.2000,3280.6000,3280.8000,3281.0000,3281.6000,8,1,2,1,2,2,2,1,1,1
SF,IH2012,2020-08-06 09:31:09.200,3280.0000,15248,-1,116109360.000,1,0,1,双平,S,3277.6000,3276.8000,3276.6000,3276.4000,3276.0000,3280.6000,3280.8000,3281.0000,3281.6000,3281.8000,2,1,8,1,2,2,1,1,1,1
SF,IH2012,2020-08-06 09:31:09.700,3280.6000,15244,-4,120043560.000,4,0,4,双平,S,3277.8000,3277.6000,3276.8000,3276.6000,3276.4000,3280.8000,3281.0000,3281.6000,3281.8000,3283.2000,7,2,1,1,1,1,1,1,1,1
SF,IH2012,2020-08-06 09:31:10.200,3280.6000,15244,0,120043560.000,0,-,-,-,-,3278.0000,3277.8000,3277.6000,3276.8000,3276.6000,3280.8000,3281.0000,3281.6000,3281.8000,3283.2000,2,7,2,1,1,1,1,1,1,1
SF,IH2012,2020-08-06 09:31:10.700,3280.6000,15244,0,120043560.000,0,-,-,-,-,3278.4000,3278.2000,3278.0000,3277.6000,3276.8000,3280.8000,3281.0000,3281.6000,3281.8000,3283.2000,5,2,2,2,1,1,1,1,1,1
SF,IH2012,2020-08-06 09:31:11.200,3280.6000,15244,0,120043560.000,0,-,-,-,-,3278.6000,3278.4000,3278.0000,3277.6000,3276.8000,3280.8000,3281.0000,3281.6000,3281.8000,3283.2000,4,5,2,2,1,1,1,1,1,1
SF,IH2012,2020-08-06 09:31:11.700,3280.6000,15244,0,120043560.000,0,-,-,-,-,3279.0000,3278.8000,3278.6000,3278.0000,3277.6000,3280.6000,3280.8000,3281.0000,3281.6000,3281.8000,3,2,2,2,2,1,1,1,1,1
SF,IH2012,2020-08-06 09:31:12.200,3280.6000,15243,-1,121027740.000,1,0,1,双平,S,3280.6000,3278.8000,3278.6000,3277.6000,3276.8000,3280.8000,3281.0000,3281.6000,3281.8000,3283.2000,1,2,2,2,1,1,1,1,1,1
SF,IH2012,2020-08-06 09:31:12.700,3280.6000,15243,0,122011920.000,1,0,1,多换,S,3278.8000,3278.6000,3277.6000,3276.8000,3276.4000,3280.6000,3280.8000,3281.0000,3281.6000,3281.8000,2,2,2,1,1,3,1,1,1,1
SF,IH2012,2020-08-06 09:31:13.200,3280.6000,15243,0,122011920.000,0,-,-,-,-,3279.0000,3277.6000,3276.8000,3276.4000,3276.0000,3280.6000,3280.8000,3281.6000,3281.8000,3283.2000,2,2,1,1,2,4,1,1,1,1
SF,IH2012,2020-08-06 09:31:13.700,3280.6000,15243,0,122011920.000,0,-,-,-,-,3279.0000,3276.8000,3276.4000,3276.0000,3273.8000,3280.4000,3280.6000,3280.8000,3281.0000,3281.6000,2,1,1,2,1,1,5,1,1,1
SF,IH2012,2020-08-06 09:31:14.200,3280.6000,15243,0,122011920.000,0,-,-,-,-,3279.0000,3276.8000,3276.4000,3276.0000,3273.8000,3280.6000,3280.8000,3281.0000,3281.6000,3281.8000,2,1,1,2,1,3,1,1,1,1
SF,IH2012,2020-08-06 09:31:14.700,3279.0000,15242,-1,122995620.000,1,0,1,双平,S,3279.0000,3276.8000,3276.4000,3276.0000,3273.8000,3280.4000,3280.6000,3280.8000,3281.0000,3281.6000,1,1,1,2,1,1,4,1,1,1
SF,IH2012,2020-08-06 09:31:15.200,3279.0000,15242,0,122995620.000,0,-,-,-,-,3279.0000,3276.8000,3276.4000,3276.0000,3273.8000,3280.6000,3280.8000,3281.0000,3281.6000,3281.8000,1,1,1,2,1,3,1,1,1,1
SF,IH2012,2020-08-06 09:31:16.700,3280.6000,15241,-1,127916580.000,5,2,3,多平,S,3279.0000,3276.8000,3276.4000,3276.0000,3273.8000,3281.0000,3281.6000,3281.8000,3283.2000,3284.8000,1,1,1,2,1,1,1,1,1,1
SF,IH2012,2020-08-06 09:31:17.200,3281.0000,15242,1,128900880.000,1,1,0,双开,S,3279.2000,3279.0000,3276.8000,3276.4000,3276.0000,3281.6000,3281.8000,3283.2000,3284.8000,3286.0000,5,1,1,1,2,1,1,1,1,1
SF,IH2012,2020-08-06 09:31:17.700,3279.4000,15241,-1,130869180.000,2,0,2,多平,S,3279.6000,3279.4000,3279.2000,3276.8000,3276.4000,3281.8000,3283.2000,3284.8000,3286.0000,3286.8000,1,1,5,1,1,1,1,1,1,1
SF,IH2012,2020-08-06 09:31:18.200,3279.4000,15241,0,130869180.000,0,-,-,-,-,3280.0000,3279.8000,3279.6000,3276.8000,3276.4000,3281.8000,3283.2000,3284.8000,3286.0000,3286.8000,4,2,1,1,1,1,1,1,1,1
SF,IH2012,2020-08-06 09:31:18.700,3281.8000,15240,-1,131853720.000,1,0,1,双平,S,3280.2000,3280.0000,3279.8000,3279.6000,3276.8000,3283.2000,3284.8000,3286.0000,3286.8000,3288.0000,4,4,1,1,1,1,1,1,1,1
SF,IH2012,2020-08-06 09:31:19.200,3281.8000,15240,0,131853720.000,0,-,-,-,-,3280.6000,3280.2000,3279.8000,3276.8000,3276.4000,3283.0000,3283.2000,3284.8000,3286.0000,3286.8000,5,4,1,1,1,5,2,1,1,1
SF,IH2012,2020-08-06 09:31:19.700,3280.8000,15240,0,132837960.000,1,0,1,多换,S,3280.8000,3280.6000,3280.2000,3279.8000,3276.8000,3282.8000,3283.0000,3283.2000,3284.8000,3286.0000,1,5,2,1,1,1,4,2,1,1
SF,IH2012,2020-08-06 09:31:20.200,3282.8000,15240,0,133822800.000,1,0,1,多换,S,3281.2000,3281.0000,3280.8000,3280.6000,3280.2000,3283.2000,3284.8000,3286.0000,3286.8000,3288.0000,4,1,1,1,2,2,1,1,1,1
SF,IH2012,2020-08-06 09:31:20.700,3283.2000,15239,-1,135792720.000,2,0,2,多平,S,3281.6000,3281.4000,3281.2000,3280.2000,3279.8000,3284.8000,3286.0000,3286.8000,3288.0000,3288.8000,1,2,4,2,1,1,1,1,1,2
SF,IH2012,2020-08-06 09:31:21.200,3284.4000,15239,0,137763300.000,2,1,1,多换,S,3282.0000,3281.8000,3281.6000,3280.4000,3280.2000,3284.4000,3284.6000,3284.8000,3286.0000,3286.8000,4,2,1,1,2,4,3,2,1,1
SF,IH2012,2020-08-06 09:31:21.700,3282.0000,15235,-4,143671020.000,6,1,5,多平,S,3281.6000,3280.4000,3280.2000,3279.8000,3276.8000,3282.8000,3283.0000,3283.2000,3284.2000,3284.4000,1,1,2,1,1,1,3,1,5,2
SF,IH2012,2020-08-06 09:31:22.200,3282.8000,15232,-3,149579520.000,6,1,5,多平,S,3280.4000,3276.8000,3276.4000,3273.8000,3273.4000,3283.0000,3284.2000,3284.4000,3284.6000,3284.8000,1,1,1,1,2,1,4,3,1,1
SF,IH2012,2020-08-06 09:31:22.700,3282.8000,15232,0,150564360.000,1,0,1,多换,S,3280.6000,3280.4000,3276.8000,3276.4000,3275.0000,3282.6000,3282.8000,3283.0000,3284.2000,3284.4000,1,1,1,1,1,1,2,2,2,1
SF,IH2012,2020-08-06 09:31:23.200,3282.6000,15232,0,151549140.000,1,0,1,多换,S,3280.8000,3280.6000,3280.4000,3276.8000,3276.4000,3282.4000,3282.6000,3283.0000,3284.2000,3284.4000,1,1,1,1,1,1,1,2,2,1
SF,IH2012,2020-08-06 09:31:23.700,3282.6000,15232,0,151549140.000,0,-,-,-,-,3281.0000,3280.8000,3280.4000,3276.8000,3276.4000,3282.4000,3282.6000,3283.0000,3284.2000,3284.4000,1,1,1,1,1,2,1,1,2,1
SF,IH2012,2020-08-06 09:31:24.200,3280.8000,15231,-1,153517680.000,2,0,2,多平,S,3280.6000,3280.4000,3276.8000,3276.4000,3275.0000,3282.4000,3282.6000,3283.0000,3284.2000,3284.4000,1,1,1,1,1,2,1,1,2,1
SF,IH2012,2020-08-06 09:31:24.700,3280.4000,15233,2,155485980.000,2,2,0,双开,S,3277.8000,3276.8000,3276.4000,3275.0000,3273.8000,3280.6000,3281.0000,3281.6000,3282.0000,3282.2000,1,1,1,1,1,1,1,1,1,2
SF,IH2012,2020-08-06 09:31:25.200,3280.4000,15233,0,155485980.000,0,-,-,-,-,3278.0000,3277.8000,3276.8000,3276.4000,3275.0000,3280.4000,3280.6000,3281.0000,3282.0000,3282.2000,1,1,1,1,1,1,1,1,1,1
SF,IH2012,2020-08-06 09:31:25.700,3280.4000,15233,0,155485980.000,0,-,-,-,-,3278.0000,3277.8000,3276.8000,3276.4000,3275.0000,3280.4000,3282.0000,3282.2000,3282.4000,3282.6000,1,1,1,1,1,1,1,1,3,1
SF,IH2012,2020-08-06 09:31:26.200,3280.4000,15233,0,155485980.000,0,-,-,-,-,3278.2000,3278.0000,3277.8000,3276.8000,3276.4000,3280.4000,3282.0000,3282.2000,3282.4000,3282.6000,1,1,1,1,1,1,1,1,3,1
SF,IH2012,2020-08-06 09:31:26.700,3280.4000,15233,0,155485980.000,0,-,-,-,-,3278.4000,3277.8000,3276.8000,3276.4000,3275.0000,3280.4000,3282.0000,3282.4000,3282.6000,3283.0000,1,1,1,1,1,1,1,2,1,1
SF,IH2012,2020-08-06 09:31:27.200,3280.4000,15233,0,156470100.000,1,0,1,多换,S,3278.6000,3278.4000,3277.8000,3276.8000,3276.4000,3282.0000,3282.4000,3282.6000,3283.0000,3284.4000,1,1,1,1,1,1,2,1,1,1
SF,IH2012,2020-08-06 09:31:27.700,3280.4000,15233,0,156470100.000,0,-,-,-,-,3278.8000,3278.6000,3277.8000,3276.8000,3276.4000,3281.8000,3282.0000,3282.4000,3282.6000,3283.0000,2,1,1,1,1,1,1,1,1,1
SF,IH2012,2020-08-06 09:31:28.200,3280.4000,15233,0,156470100.000,0,-,-,-,-,3278.8000,3277.8000,3276.8000,3276.4000,3275.0000,3281.6000,3281.8000,3282.4000,3282.6000,3283.0000,2,1,1,1,1,1,1,1,1,1
SF,IH2012,2020-08-06 09:31:28.700,3280.4000,15233,0,156470100.000,0,-,-,-,-,3278.8000,3277.8000,3276.8000,3276.4000,3275.0000,3280.8000,3281.4000,3281.6000,3282.4000,3282.6000,2,1,1,1,1,1,1,1,1,1
SF,IH2012,2020-08-06 09:31:29.200,3280.4000,15233,0,156470100.000,0,-,-,-,-,3278.8000,3277.8000,3276.8000,3276.4000,3275.0000,3281.4000,3282.4000,3282.6000,3283.0000,3284.4000,2,1,1,1,1,1,1,1,1,1
SF,IH2012,2020-08-06 09:31:29.700,3280.4000,15233,0,156470100.000,0,-,-,-,-,3278.8000,3277.8000,3276.4000,3275.0000,3273.8000,3280.8000,3281.0000,3281.2000,3281.4000,3282.6000,2,1,1,1,1,1,1,2,2,1
SF,IH2012,2020-08-06 09:31:30.200,3278.8000,15232,-1,158437380.000,2,0,2,多平,S,3277.8000,3276.4000,3275.0000,3273.8000,3273.4000,3280.2000,3280.4000,3280.6000,3280.8000,3281.2000,1,1,1,1,2,1,1,2,1,2
SF,IH2012,2020-08-06 09:31:30.700,3278.8000,15232,0,158437380.000,0,-,-,-,-,3278.0000,3277.8000,3276.4000,3275.0000,3273.8000,3280.0000,3280.2000,3280.4000,3280.8000,3281.2000,1,1,1,1,1,2,2,1,1,2
SF,IH2012,2020-08-06 09:31:31.200,3278.8000,15232,0,158437380.000,0,-,-,-,-,3277.8000,3276.4000,3275.0000,3273.8000,3273.4000,3279.8000,3280.0000,3280.2000,3280.4000,3280.8000,1,1,1,1,2,1,2,2,1,1
SF,IH2012,2020-08-06 09:31:31.700,3277.8000,15232,0,159420720.000,1,0,1,多换,S,3275.0000,3273.8000,3273.4000,3273.0000,3272.6000,3279.6000,3279.8000,3280.2000,3280.4000,3280.8000,1,1,2,2,3,3,1,2,1,1
SF,IH2012,2020-08-06 09:31:32.200,3277.8000,15232,0,159420720.000,0,-,-,-,-,3276.0000,3275.4000,3275.2000,3275.0000,3273.8000,3279.2000,3279.4000,3279.6000,3279.8000,3280.2000,2,7,3,1,1,1,2,4,1,1
SF,IH2012,2020-08-06 09:31:32.700,3277.8000,15232,0,159420720.000,0,-,-,-,-,3276.2000,3276.0000,3275.4000,3275.2000,3275.0000,3279.0000,3279.2000,3279.4000,3279.6000,3279.8000,2,3,6,2,1,2,1,2,2,1
SF,IH2012,2020-08-06 09:31:33.200,3277.8000,15232,0,159420720.000,0,-,-,-,-,3276.2000,3276.0000,3275.4000,3275.2000,3275.0000,3279.0000,3279.4000,3279.6000,3279.8000,3280.2000,1,2,1,2,1,3,2,1,1,1
SF,IH2012,2020-08-06 09:31:33.700,3277.8000,15232,0,159420720.000,0,-,-,-,-,3276.2000,3276.0000,3275.4000,3275.2000,3275.0000,3279.0000,3279.4000,3279.6000,3279.8000,3280.2000,1,2,1,2,1,3,2,1,1,1
SF,IH2012,2020-08-06 09:31:35.200,3277.8000,15232,0,159420720.000,0,-,-,-,-,3276.2000,3275.4000,3275.0000,3273.8000,3273.4000,3279.0000,3279.4000,3279.6000,3279.8000,3280.2000,1,1,1,1,2,3,2,1,1,1
SF,IH2012,2020-08-06 09:31:35.700,3277.8000,15232,0,159420720.000,0,-,-,-,-,3276.2000,3275.4000,3275.0000,3273.8000,3273.4000,3279.0000,3279.4000,3279.6000,3279.8000,3280.2000,1,1,1,1,2,3,2,1,1,1
SF,IH2012,2020-08-06 09:31:36.200,3277.8000,15232,0,159420720.000,0,-,-,-,-,3276.2000,3275.4000,3275.0000,3273.8000,3273.4000,3279.0000,3279.4000,3279.6000,3279.8000,3280.4000,1,1,1,1,2,3,2,1,1,1
SF,IH2012,2020-08-06 09:31:36.700,3277.8000,15232,0,159420720.000,0,-,-,-,-,3276.2000,3275.4000,3275.0000,3273.8000,3273.4000,3278.8000,3279.0000,3279.4000,3279.6000,3279.8000,1,1,1,1,2,1,3,2,1,1
SF,IH2012,2020-08-06 09:31:37.200,3277.8000,15232,0,159420720.000,0,-,-,-,-,3276.2000,3275.4000,3275.0000,3273.8000,3273.4000,3278.6000,3278.8000,3279.0000,3279.4000,3279.6000,1,1,1,1,2,2,1,1,2,1
SF,IH2012,2020-08-06 09:31:37.700,3277.8000,15232,0,159420720.000,0,-,-,-,-,3276.4000,3276.2000,3275.4000,3275.0000,3273.8000,3278.6000,3278.8000,3279.4000,3279.6000,3279.8000,2,2,1,1,1,2,1,2,1,1
SF,IH2012,2020-08-06 09:31:38.200,3277.8000,15232,0,159420720.000,0,-,-,-,-,3276.6000,3276.2000,3275.4000,3275.0000,3273.8000,3278.4000,3278.6000,3278.8000,3279.4000,3279.6000,1,1,1,1,1,2,2,1,2,1
SF,IH2012,2020-08-06 09:31:38.700,3277.8000,15232,0,159420720.000,0,-,-,-,-,3276.6000,3275.4000,3275.0000,3273.8000,3273.4000,3278.2000,3278.4000,3278.8000,3279.4000,3279.6000,1,1,1,1,2,2,2,1,2,1
SF,IH2012,2020-08-06 09:31:39.200,3277.8000,15232,0,159420720.000,0,-,-,-,-,3275.4000,3275.0000,3273.8000,3273.4000,3273.0000,3278.0000,3278.2000,3278.4000,3278.8000,3279.4000,1,1,1,2,2,1,2,2,1,2
SF,IH2012,2020-08-06 09:31:39.700,3277.8000,15232,0,159420720.000,0,-,-,-,-,3275.6000,3275.0000,3273.8000,3273.4000,3273.0000,3277.8000,3278.0000,3278.4000,3278.8000,3279.4000,1,1,1,2,2,2,1,2,1,2
SF,IH2012,2020-08-06 09:31:40.200,3277.8000,15232,0,160404060.000,1,0,1,多换,S,3275.8000,3275.6000,3275.0000,3273.8000,3273.4000,3277.8000,3278.4000,3278.8000,3279.4000,3279.6000,1,1,1,1,2,1,2,1,2,1
SF,IH2012,2020-08-06 09:31:40.700,3277.8000,15232,0,160404060.000,0,-,-,-,-,3276.0000,3275.8000,3275.0000,3273.8000,3273.4000,3277.8000,3278.4000,3278.8000,3279.4000,3279.6000,3,1,1,1,2,1,2,1,2,1
SF,IH2012,2020-08-06 09:31:41.200,3277.8000,15231,-1,161387400.000,1,0,1,双平,S,3276.2000,3276.0000,3275.0000,3273.8000,3273.4000,3278.8000,3279.4000,3279.6000,3279.8000,3280.4000,1,3,1,1,2,1,2,1,1,1
SF,IH2012,2020-08-06 09:31:41.700,3277.8000,15231,0,161387400.000,0,-,-,-,-,3276.4000,3276.2000,3276.0000,3275.0000,3273.8000,3278.6000,3278.8000,3279.4000,3279.6000,3280.4000,1,1,2,1,1,1,2,2,1,1
SF,IH2012,2020-08-06 09:31:42.200,3277.8000,15231,0,161387400.000,0,-,-,-,-,3276.6000,3276.4000,3276.0000,3275.0000,3273.8000,3278.6000,3278.8000,3279.4000,3279.6000,3280.4000,1,1,2,1,1,1,2,2,1,1
SF,IH2012,2020-08-06 09:31:42.700,3277.8000,15231,0,161387400.000,0,-,-,-,-,3276.6000,3276.4000,3275.0000,3273.8000,3273.4000,3278.4000,3278.6000,3278.8000,3279.4000,3279.6000,1,1,1,1,2,1,1,2,2,1
SF,IH2012,2020-08-06 09:31:43.200,3277.8000,15231,0,161387400.000,0,-,-,-,-,3276.6000,3276.4000,3275.0000,3273.8000,3273.4000,3278.2000,3278.4000,3278.8000,3279.4000,3279.6000,1,1,1,1,2,1,1,2,2,1
SF,IH2012,2020-08-06 09:31:43.700,3277.8000,15231,0,161387400.000,0,-,-,-,-,3275.0000,3273.8000,3273.4000,3273.0000,3272.6000,3278.0000,3278.2000,3278.4000,3278.8000,3279.4000,1,1,2,2,3,1,2,1,1,2
SF,IH2012,2020-08-06 09:31:44.200,3277.8000,15231,0,161387400.000,0,-,-,-,-,3275.2000,3275.0000,3273.8000,3273.4000,3273.0000,3277.6000,3277.8000,3278.0000,3278.2000,3278.4000,1,1,1,2,2,1,2,1,1,1
SF,IH2012,2020-08-06 09:31:44.700,3277.8000,15231,0,161387400.000,0,-,-,-,-,3275.2000,3275.0000,3273.8000,3273.4000,3273.0000,3277.4000,3277.6000,3278.0000,3278.4000,3278.6000,1,1,1,2,2,2,2,1,1,1
SF,IH2012,2020-08-06 09:31:45.200,3277.8000,15231,0,161387400.000,0,-,-,-,-,3275.2000,3275.0000,3273.4000,3273.0000,3272.6000,3277.2000,3277.4000,3277.6000,3278.0000,3278.4000,1,1,2,2,3,1,2,1,1,1
SF,IH2012,2020-08-06 09:31:45.700,3277.8000,15231,0,161387400.000,0,-,-,-,-,3275.2000,3275.0000,3273.0000,3272.6000,3272.2000,3277.0000,3277.2000,3277.6000,3277.8000,3278.0000,1,1,2,4,2,2,1,1,1,1
SF,IH2012,2020-08-06 09:31:46.200,3277.8000,15231,0,161387400.000,0,-,-,-,-,3275.2000,3275.0000,3273.0000,3272.6000,3272.2000,3276.6000,3277.0000,3277.8000,3278.0000,3278.8000,1,1,2,4,2,1,3,1,1,1
SF,IH2012,2020-08-06 09:31:46.700,3277.8000,15231,0,161387400.000,0,-,-,-,-,3275.2000,3275.0000,3273.0000,3272.6000,3272.2000,3276.6000,3277.0000,3277.8000,3278.0000,3278.8000,1,1,2,4,2,1,3,1,1,1
SF,IH2012,2020-08-06 09:31:47.200,3277.8000,15231,0,161387400.000,0,-,-,-,-,3275.2000,3275.0000,3273.0000,3272.6000,3272.2000,3275.8000,3276.0000,3276.6000,3277.0000,3277.8000,1,1,2,4,2,1,1,3,3,1
SF,IH2012,2020-08-06 09:31:47.700,3275.0000,15230,-1,163352460.000,2,0,2,多平,S,3272.6000,3272.2000,3270.2000,3268.8000,3266.4000,3275.2000,3275.8000,3276.0000,3276.6000,3277.0000,3,2,1,1,1,1,1,1,3,2
SF,IH2012,2020-08-06 09:31:48.200,3275.8000,15229,-1,165317700.000,2,0,2,多平,S,3272.8000,3272.6000,3272.2000,3270.2000,3268.8000,3276.0000,3276.6000,3277.0000,3278.0000,3278.8000,2,3,2,1,1,1,3,1,1,1
SF,IH2012,2020-08-06 09:31:48.700,3275.8000,15228,-1,166300440.000,1,0,1,双平,S,3272.8000,3272.6000,3272.2000,3270.2000,3268.8000,3275.8000,3276.0000,3276.6000,3278.0000,3278.8000,2,1,2,1,1,2,2,2,1,1
SF,IH2012,2020-08-06 09:31:49.200,3275.8000,15228,0,166300440.000,0,-,-,-,-,3272.8000,3272.6000,3270.2000,3268.8000,3266.4000,3275.6000,3275.8000,3276.0000,3276.6000,3278.0000,2,1,1,1,1,1,2,2,2,1
SF,IH2012,2020-08-06 09:31:49.700,3275.8000,15228,0,166300440.000,0,-,-,-,-,3272.8000,3272.6000,3270.2000,3268.8000,3266.4000,3273.6000,3275.4000,3276.0000,3276.6000,3278.0000,1,1,1,1,1,1,3,1,2,1
SF,IH2012,2020-08-06 09:31:50.200,3275.4000,15228,0,168265140.000,2,1,1,多换,S,3273.6000,3272.8000,3272.6000,3271.0000,3270.2000,3275.4000,3276.0000,3276.6000,3278.8000,3279.4000,1,1,1,1,1,2,1,2,1,2
SF,IH2012,2020-08-06 09:31:50.700,3273.6000,15227,-1,169247220.000,1,0,1,双平,S,3273.8000,3272.8000,3272.6000,3271.0000,3270.2000,3275.2000,3275.4000,3276.6000,3278.8000,3279.4000,1,1,1,1,1,1,3,2,1,2
SF,IH2012,2020-08-06 09:31:51.200,3273.8000,15227,0,170229360.000,1,0,1,多换,S,3272.8000,3272.6000,3271.0000,3270.2000,3268.8000,3275.0000,3275.2000,3275.4000,3276.6000,3278.8000,1,1,1,1,1,2,1,2,2,1
SF,IH2012,2020-08-06 09:31:51.700,3273.8000,15227,0,170229360.000,0,-,-,-,-,3272.8000,3272.6000,3271.0000,3270.2000,3268.8000,3274.8000,3275.0000,3275.2000,3275.4000,3276.6000,1,1,1,1,1,2,2,1,1,2
SF,IH2012,2020-08-06 09:31:52.200,3273.8000,15227,0,170229360.000,0,-,-,-,-,3272.8000,3272.6000,3271.0000,3270.2000,3268.8000,3274.6000,3274.8000,3275.2000,3275.4000,3278.8000,1,1,1,1,1,2,2,1,1,1
SF,IH2012,2020-08-06 09:31:52.700,3273.8000,15227,0,170229360.000,0,-,-,-,-,3272.8000,3272.6000,3271.0000,3270.2000,3268.8000,3273.8000,3274.4000,3274.6000,3274.8000,3275.2000,1,1,1,1,1,2,1,5,1,1
SF,IH2012,2020-08-06 09:31:53.200,3273.8000,15227,0,172193640.000,2,1,1,多换,S,3272.8000,3272.6000,3271.0000,3270.2000,3268.8000,3274.4000,3274.6000,3274.8000,3278.8000,3284.6000,1,1,1,1,1,1,4,1,1,1
SF,IH2012,2020-08-06 09:31:53.700,3272.8000,15226,-1,175140000.000,3,1,2,多平,S,3272.6000,3271.0000,3270.2000,3268.8000,3266.4000,3274.4000,3274.6000,3274.8000,3283.0000,3284.6000,1,1,1,1,1,1,2,1,1,1
SF,IH2012,2020-08-06 09:31:54.200,3272.8000,15226,0,175140000.000,0,-,-,-,-,3272.8000,3272.6000,3271.0000,3270.2000,3268.8000,3274.4000,3274.6000,3274.8000,3283.0000,3284.6000,2,1,1,1,1,1,2,1,1,1
SF,IH2012,2020-08-06 09:31:54.700,3274.6000,15226,0,178087080.000,3,1,2,多换,S,3273.0000,3272.8000,3272.6000,3271.0000,3270.2000,3274.8000,3283.0000,3284.6000,3284.8000,3285.0000,1,2,1,1,1,1,1,1,1,1
SF,IH2012,2020-08-06 09:31:55.200,3273.2000,15225,-1,180051480.000,2,0,2,多平,S,3273.2000,3273.0000,3272.6000,3271.0000,3270.2000,3283.0000,3284.6000,3284.8000,3285.0000,3286.0000,4,1,1,1,1,1,1,1,1,1
SF,IH2012,2020-08-06 09:31:55.700,3273.2000,15225,0,180051480.000,0,-,-,-,-,3273.6000,3273.4000,3273.2000,3272.6000,3271.0000,3276.2000,3276.4000,3276.8000,3277.0000,3277.2000,1,3,4,1,1,2,3,1,2,1
SF,IH2012,2020-08-06 09:31:56.200,3273.2000,15225,0,180051480.000,0,-,-,-,-,3273.8000,3273.2000,3272.6000,3271.0000,3270.2000,3275.8000,3276.0000,3276.2000,3279.8000,3280.0000,2,2,1,1,1,1,1,1,3,2
SF,IH2012,2020-08-06 09:31:56.700,3273.2000,15225,0,180051480.000,0,-,-,-,-,3274.0000,3273.8000,3273.2000,3272.6000,3271.0000,3276.0000,3276.2000,3279.8000,3280.0000,3280.2000,1,2,2,1,1,1,1,3,2,1
SF,IH2012,2020-08-06 09:31:57.200,3273.2000,15225,0,180051480.000,0,-,-,-,-,3274.2000,3274.0000,3273.2000,3272.6000,3271.0000,3275.8000,3276.0000,3276.2000,3279.8000,3280.0000,1,1,2,1,1,1,1,1,3,2
SF,IH2012,2020-08-06 09:31:57.700,3273.8000,15225,0,181033620.000,1,0,1,多换,S,3273.2000,3272.6000,3271.0000,3270.2000,3268.8000,3275.4000,3275.6000,3275.8000,3276.2000,3279.4000,2,1,1,1,1,1,1,1,1,1
SF,IH2012,2020-08-06 09:31:58.200,3273.8000,15225,0,181033620.000,0,-,-,-,-,3273.4000,3272.6000,3271.0000,3270.2000,3268.8000,3275.2000,3276.2000,3279.4000,3279.8000,3280.0000,3,1,1,1,1,1,1,1,3,2
SF,IH2012,2020-08-06 09:31:58.700,3275.2000,15224,-1,182016180.000,1,0,1,双平,S,3275.2000,3273.4000,3272.6000,3271.0000,3270.2000,3276.2000,3279.4000,3279.8000,3280.0000,3281.4000,1,3,1,1,1,1,1,3,2,1
SF,IH2012,2020-08-06 09:31:59.200,3275.8000,15223,-1,182998920.000,1,0,1,双平,S,3275.2000,3273.4000,3272.6000,3271.0000,3270.2000,3279.4000,3279.8000,3280.0000,3281.4000,3282.4000,1,3,1,1,1,1,3,2,1,1
SF,IH2012,2020-08-06 09:31:59.700,3276.6000,15222,-1,183981900.000,1,0,1,双平,S,3275.4000,3272.6000,3271.0000,3270.2000,3268.8000,3276.6000,3276.8000,3277.2000,3277.4000,3279.0000,2,1,1,1,1,1,3,1,2,1
SF,IH2012,2020-08-06 09:32:00.200,3276.6000,15222,0,183981900.000,0,-,-,-,-,3275.4000,3272.6000,3271.0000,3270.2000,3268.8000,3279.2000,3279.4000,3279.8000,3280.0000,3281.4000,1,1,1,1,1,2,2,2,1,1
SF,IH2012,2020-08-06 09:32:00.700,3276.6000,15222,0,183981900.000,0,-,-,-,-,3275.6000,3275.4000,3272.6000,3271.0000,3270.2000,3278.8000,3279.0000,3279.2000,3279.4000,3279.8000,1,1,1,1,1,1,1,2,2,2
SF,IH2012,2020-08-06 09:32:01.200,3276.6000,15222,0,183981900.000,0,-,-,-,-,3275.8000,3275.6000,3272.6000,3271.0000,3270.2000,3278.6000,3278.8000,3279.0000,3279.2000,3279.4000,1,1,1,1,1,2,2,1,1,1
SF,IH2012,2020-08-06 09:32:01.700,3276.6000,15222,0,183981900.000,0,-,-,-,-,3276.0000,3275.8000,3272.6000,3271.0000,3270.2000,3278.6000,3278.8000,3279.0000,3279.2000,3279.4000,2,1,1,1,1,1,1,1,1,1
SF,IH2012,2020-08-06 09:32:02.200,3276.6000,15222,0,183981900.000,0,-,-,-,-,3276.4000,3276.2000,3276.0000,3272.6000,3271.0000,3278.8000,3279.2000,3279.4000,3281.4000,3282.4000,1,3,3,1,1,1,1,1,1,1
SF,IH2012,2020-08-06 09:32:02.700,3276.6000,15222,0,183981900.000,0,-,-,-,-,3276.6000,3276.4000,3276.0000,3275.8000,3272.6000,3278.8000,3281.4000,3282.4000,3282.6000,3283.0000,4,1,2,1,1,1,1,1,1,1
SF,IH2012,2020-08-06 09:32:03.200,3276.6000,15222,0,183981900.000,0,-,-,-,-,3276.6000,3275.8000,3272.6000,3271.0000,3270.2000,3278.8000,3281.4000,3282.4000,3282.6000,3283.0000,4,1,1,1,1,1,1,1,1,1
SF,IH2012,2020-08-06 09:32:03.700,3276.6000,15222,0,183981900.000,0,-,-,-,-,3276.6000,3275.8000,3272.6000,3271.0000,3270.2000,3278.6000,3278.8000,3281.4000,3282.4000,3282.6000,2,1,1,1,1,1,3,1,1,1
SF,IH2012,2020-08-06 09:32:04.200,3276.6000,15221,-1,185947860.000,2,0,2,多平,S,3275.8000,3272.6000,3271.0000,3270.2000,3268.8000,3278.4000,3278.6000,3278.8000,3281.4000,3282.4000,1,1,1,1,1,1,1,3,1,1
SF,IH2012,2020-08-06 09:32:04.700,3276.0000,15220,-1,186930660.000,1,0,1,双平,S,3275.8000,3272.6000,3271.0000,3270.2000,3268.8000,3276.6000,3277.8000,3278.2000,3278.4000,3278.8000,1,1,1,1,1,1,1,1,3,3
SF,IH2012,2020-08-06 09:32:05.200,3276.6000,15219,-1,187913640.000,1,0,1,双平,S,3275.8000,3272.6000,3271.0000,3270.2000,3268.8000,3278.2000,3278.4000,3278.8000,3281.4000,3282.4000,1,1,1,1,1,1,1,3,1,1
SF,IH2012,2020-08-06 09:32:05.700,3276.6000,15219,0,187913640.000,0,-,-,-,-,3276.0000,3275.8000,3272.6000,3271.0000,3270.2000,3277.8000,3278.0000,3278.2000,3278.8000,3281.4000,1,1,1,1,1,1,3,2,2,1
SF,IH2012,2020-08-06 09:32:06.200,3276.6000,15219,0,187913640.000,0,-,-,-,-,3276.0000,3275.8000,3272.6000,3271.0000,3270.2000,3276.6000,3277.6000,3277.8000,3278.0000,3278.2000,1,1,1,1,1,2,2,1,1,1
SF,IH2012,2020-08-06 09:32:06.700,3276.6000,15217,-2,189879600.000,2,0,2,双平,S,3276.6000,3275.8000,3272.6000,3271.0000,3270.2000,3277.6000,3277.8000,3278.0000,3278.2000,3281.4000,1,1,1,1,1,2,1,1,1,1
SF,IH2012,2020-08-06 09:32:07.200,3276.6000,15217,0,189879600.000,0,-,-,-,-,3276.6000,3275.8000,3274.8000,3272.6000,3271.0000,3277.6000,3277.8000,3278.0000,3278.2000,3281.4000,1,1,1,1,1,1,1,1,1,1
SF,IH2012,2020-08-06 09:32:08.200,3277.6000,15216,-1,190862880.000,1,0,1,双平,S,3276.6000,3275.8000,3274.8000,3272.6000,3271.0000,3277.8000,3278.0000,3278.2000,3281.4000,3282.4000,1,1,1,1,1,1,1,1,1,1
SF,IH2012,2020-08-06 09:32:08.700,3277.8000,15215,-1,191846220.000,1,0,1,双平,S,3276.8000,3276.6000,3275.8000,3274.8000,3272.6000,3281.4000,3282.4000,3282.6000,3283.0000,3284.8000,1,1,1,1,1,1,1,1,1,1
SF,IH2012,2020-08-06 09:32:09.200,3277.2000,15215,0,192829380.000,1,0,1,多换,S,3277.0000,3276.8000,3276.6000,3275.8000,3274.8000,3279.0000,3279.2000,3281.2000,3281.4000,3282.4000,2,1,1,1,1,1,3,4,2,1
SF,IH2012,2020-08-06 09:32:09.700,3277.2000,15215,0,192829380.000,0,-,-,-,-,3277.2000,3276.6000,3275.8000,3274.8000,3272.6000,3278.6000,3278.8000,3281.2000,3281.4000,3282.4000,1,1,1,1,1,1,2,2,2,1
SF,IH2012,2020-08-06 09:32:10.200,3277.2000,15214,-1,193812540.000,1,0,1,双平,S,3276.6000,3275.8000,3272.6000,3271.0000,3270.2000,3278.4000,3278.6000,3278.8000,3281.2000,3281.4000,2,1,1,1,1,2,1,1,2,2
SF,IH2012,2020-08-06 09:32:10.700,3277.2000,15214,0,193812540.000,0,-,-,-,-,3276.6000,3275.8000,3274.6000,3272.6000,3271.0000,3278.0000,3278.2000,3278.4000,3281.2000,3281.4000,2,1,1,1,1,1,1,2,2,2
SF,IH2012,2020-08-06 09:32:12.200,3277.2000,15214,0,193812540.000,0,-,-,-,-,3276.6000,3275.8000,3274.6000,3272.6000,3271.0000,3278.0000,3278.2000,3278.4000,3281.2000,3281.4000,2,1,1,1,1,2,1,2,2,1
SF,IH2012,2020-08-06 09:32:12.700,3277.2000,15214,0,193812540.000,0,-,-,-,-,3276.6000,3275.8000,3274.6000,3272.6000,3271.0000,3278.0000,3278.2000,3278.4000,3281.2000,3281.4000,1,1,1,1,1,1,1,2,2,1
SF,IH2012,2020-08-06 09:32:13.200,3277.2000,15214,0,193812540.000,0,-,-,-,-,3276.6000,3275.8000,3274.6000,3272.6000,3271.0000,3278.0000,3278.2000,3278.4000,3281.2000,3281.4000,1,1,1,1,1,1,1,1,2,1
SF,IH2012,2020-08-06 09:32:13.700,3276.6000,15214,0,194795520.000,1,0,1,多换,S,3275.8000,3274.6000,3272.6000,3271.0000,3270.2000,3278.0000,3278.2000,3278.4000,3281.2000,3281.4000,1,1,1,1,1,1,1,1,2,1
SF,IH2012,2020-08-06 09:32:14.200,3276.6000,15214,0,194795520.000,0,-,-,-,-,3276.0000,3275.8000,3274.6000,3272.6000,3271.0000,3277.8000,3278.0000,3281.2000,3281.4000,3282.4000,3,1,1,1,1,2,1,2,1,1
SF,IH2012,2020-08-06 09:32:14.700,3276.6000,15214,0,194795520.000,0,-,-,-,-,3276.2000,3276.0000,3275.8000,3274.6000,3272.6000,3277.8000,3278.0000,3281.2000,3281.4000,3282.4000,1,3,1,1,1,2,1,2,1,1
SF,IH2012,2020-08-06 09:32:15.200,3276.6000,15214,0,194795520.000,0,-,-,-,-,3276.4000,3276.2000,3276.0000,3275.8000,3274.6000,3277.8000,3278.0000,3281.2000,3281.4000,3282.4000,1,1,2,1,1,2,1,2,1,1
SF,IH2012,2020-08-06 09:32:16.200,3276.0000,15212,-2,196761240.000,2,0,2,双平,S,3276.0000,3274.6000,3272.6000,3271.0000,3270.2000,3277.8000,3278.0000,3281.2000,3281.4000,3282.4000,1,1,1,1,1,3,1,2,1,1
SF,IH2012,2020-08-06 09:32:16.700,3276.0000,15211,-1,197744040.000,1,0,1,双平,S,3274.6000,3272.6000,3271.0000,3270.2000,3268.8000,3277.4000,3277.6000,3277.8000,3281.2000,3281.4000,1,1,1,1,1,1,2,3,2,1
SF,IH2012,2020-08-06 09:32:17.200,3276.0000,15211,0,197744040.000,0,-,-,-,-,3274.6000,3272.6000,3271.0000,3270.2000,3268.8000,3277.2000,3277.4000,3277.6000,3277.8000,3281.2000,1,1,1,1,1,2,1,2,1,2
SF,IH2012,2020-08-06 09:32:17.700,3276.0000,15211,0,197744040.000,0,-,-,-,-,3274.6000,3272.6000,3271.0000,3270.2000,3268.8000,3277.2000,3277.4000,3277.6000,3281.2000,3281.4000,1,1,1,1,1,3,1,2,2,1
SF,IH2012,2020-08-06 09:32:18.200,3276.0000,15211,0,197744040.000,0,-,-,-,-,3274.6000,3272.6000,3271.0000,3270.2000,3268.8000,3276.8000,3277.2000,3277.4000,3277.6000,3281.2000,1,1,1,1,1,1,3,1,2,2
SF,IH2012,2020-08-06 09:32:18.700,3276.6000,15212,1,199710000.000,2,1,1,空开,S,3274.6000,3272.6000,3271.0000,3270.2000,3268.8000,3277.2000,3277.4000,3281.2000,3281.4000,3282.4000,1,1,1,1,1,1,1,2,1,1
SF,IH2012,2020-08-06 09:32:19.200,3276.6000,15212,0,199710000.000,0,-,-,-,-,3275.0000,3274.8000,3274.6000,3272.6000,3271.0000,3276.8000,3277.0000,3281.2000,3281.4000,3282.4000,1,2,1,1,1,1,2,2,1,1
SF,IH2012,2020-08-06 09:32:19.700,3277.0000,15211,-1,202659240.000,3,1,2,多平,S,3276.8000,3276.0000,3275.2000,3274.6000,3272.6000,3281.2000,3281.4000,3282.4000,3283.0000,3284.8000,1,2,6,1,1,2,1,1,1,1
SF,IH2012,2020-08-06 09:32:20.200,3277.0000,15211,0,202659240.000,0,-,-,-,-,3277.0000,3276.8000,3275.2000,3274.6000,3272.6000,3278.0000,3278.2000,3278.6000,3278.8000,3279.0000,2,1,1,1,1,1,3,1,2,1
SF,IH2012,2020-08-06 09:32:20.700,3277.0000,15211,0,203642340.000,1,0,1,多换,S,3277.0000,3276.8000,3275.2000,3272.6000,3271.0000,3279.2000,3279.8000,3280.0000,3280.4000,3280.8000,1,1,1,1,1,1,2,1,2,2
SF,IH2012,2020-08-06 09:32:21.200,3276.8000,15209,-2,205608480.000,2,0,2,双平,S,3272.6000,3271.0000,3270.2000,3268.8000,3266.4000,3279.0000,3279.2000,3279.8000,3280.8000,3281.2000,1,1,1,1,1,3,1,2,2,2
SF,IH2012,2020-08-06 09:32:21.700,3276.8000,15209,0,205608480.000,0,-,-,-,-,3274.2000,3274.0000,3273.6000,3273.0000,3272.8000,3278.6000,3279.0000,3279.2000,3279.8000,3280.8000,1,1,1,8,4,2,3,1,2,1
SF,IH2012,2020-08-06 09:32:22.200,3276.8000,15209,0,205608480.000,0,-,-,-,-,3274.6000,3274.4000,3274.2000,3273.6000,3273.0000,3278.4000,3278.6000,3279.8000,3280.8000,3281.2000,3,3,1,1,7,2,3,2,1,2
SF,IH2012,2020-08-06 09:32:22.700,3276.8000,15209,0,205608480.000,0,-,-,-,-,3274.8000,3274.6000,3274.4000,3274.2000,3273.6000,3278.2000,3278.4000,3278.6000,3279.8000,3280.8000,1,2,1,1,1,1,2,3,2,1
SF,IH2012,2020-08-06 09:32:23.200,3276.8000,15209,0,205608480.000,0,-,-,-,-,3274.8000,3274.6000,3274.2000,3273.0000,3272.8000,3278.0000,3278.2000,3278.6000,3279.8000,3280.8000,1,2,1,7,3,2,1,2,2,1
SF,IH2012,2020-08-06 09:32:23.700,3276.8000,15209,0,205608480.000,0,-,-,-,-,3275.0000,3274.8000,3274.6000,3274.2000,3273.0000,3278.0000,3278.2000,3278.6000,3279.8000,3280.8000,1,1,2,1,7,3,1,1,2,1
SF,IH2012,2020-08-06 09:32:24.200,3276.8000,15209,0,205608480.000,0,-,-,-,-,3275.4000,3275.2000,3275.0000,3274.6000,3274.2000,3278.0000,3278.6000,3279.8000,3280.8000,3281.2000,1,1,1,1,1,3,1,2,1,2
SF,IH2012,2020-08-06 09:32:24.700,3276.8000,15209,0,205608480.000,0,-,-,-,-,3276.0000,3275.8000,3275.6000,3275.0000,3274.2000,3278.0000,3278.6000,3280.8000,3281.2000,3281.4000,2,1,4,1,1,2,1,1,2,1
SF,IH2012,2020-08-06 09:32:25.200,3276.8000,15209,0,205608480.000,0,-,-,-,-,3276.2000,3276.0000,3275.8000,3275.6000,3275.0000,3278.0000,3278.6000,3280.8000,3281.2000,3281.4000,1,2,1,3,1,2,1,1,2,1
SF,IH2012,2020-08-06 09:32:25.700,3276.8000,15209,0,205608480.000,0,-,-,-,-,3276.2000,3276.0000,3275.6000,3275.0000,3274.2000,3278.0000,3278.6000,3280.8000,3281.2000,3281.4000,1,2,3,1,1,2,1,1,2,1
SF,IH2012,2020-08-06 09:32:26.200,3276.8000,15209,0,205608480.000,0,-,-,-,-,3276.2000,3276.0000,3275.6000,3275.0000,3274.2000,3278.0000,3278.6000,3280.8000,3281.2000,3281.4000,1,2,3,1,1,2,1,1,2,1
SF,IH2012,2020-08-06 09:32:27.200,3276.8000,15209,0,205608480.000,0,-,-,-,-,3276.2000,3276.0000,3275.6000,3274.2000,3273.0000,3278.0000,3278.6000,3280.8000,3281.2000,3281.4000,1,2,3,1,7,2,1,1,2,1
SF,IH2012,2020-08-06 09:32:27.700,3276.8000,15209,0,205608480.000,0,-,-,-,-,3276.2000,3276.0000,3275.6000,3274.2000,3273.0000,3278.0000,3278.6000,3280.8000,3281.2000,3281.4000,1,2,1,1,7,2,1,1,2,1
SF,IH2012,2020-08-06 09:32:28.200,3276.8000,15209,0,205608480.000,0,-,-,-,-,3276.2000,3275.6000,3274.2000,3273.0000,3272.8000,3278.0000,3278.6000,3280.8000,3281.2000,3281.4000,1,1,1,7,3,2,1,1,2,1
SF,IH2012,2020-08-06 09:32:29.700,3278.0000,15210,1,206591880.000,1,1,0,双开,S,3276.4000,3276.2000,3275.6000,3274.2000,3273.0000,3278.0000,3278.6000,3280.8000,3281.2000,3281.4000,1,1,1,1,7,1,1,1,2,1
SF,IH2012,2020-08-06 09:32:30.200,3278.0000,15209,-1,207575280.000,1,0,1,双平,S,3276.6000,3276.4000,3275.6000,3274.2000,3273.0000,3278.6000,3280.8000,3281.2000,3281.4000,3282.4000,1,1,1,1,7,1,1,2,1,1
SF,IH2012,2020-08-06 09:32:30.700,3278.0000,15209,0,207575280.000,0,-,-,-,-,3276.8000,3276.6000,3275.6000,3274.2000,3273.0000,3280.8000,3281.2000,3281.4000,3282.4000,3283.0000,1,1,1,1,7,1,2,1,1,2
SF,IH2012,2020-08-06 09:32:31.200,3278.0000,15209,0,207575280.000,0,-,-,-,-,3277.0000,3276.8000,3275.6000,3274.2000,3273.0000,3279.8000,3280.2000,3280.4000,3280.6000,3280.8000,1,1,1,1,7,2,1,3,1,2
SF,IH2012,2020-08-06 09:32:31.700,3278.0000,15209,0,207575280.000,0,-,-,-,-,3277.2000,3277.0000,3275.6000,3274.2000,3273.0000,3279.6000,3279.8000,3280.0000,3280.2000,3280.4000,1,1,1,1,7,1,3,1,1,1
SF,IH2012,2020-08-06 09:32:32.200,3278.0000,15209,0,207575280.000,0,-,-,-,-,3277.4000,3277.2000,3275.6000,3274.2000,3273.0000,3279.6000,3279.8000,3280.0000,3280.4000,3280.8000,1,1,1,1,7,1,3,1,1,1
SF,IH2012,2020-08-06 09:32:32.700,3278.0000,15209,0,207575280.000,0,-,-,-,-,3277.6000,3275.6000,3274.2000,3273.0000,3272.8000,3278.4000,3278.6000,3279.2000,3279.6000,3279.8000,1,1,1,7,3,1,3,1,1,3
SF,IH2012,2020-08-06 09:32:33.200,3277.6000,15209,0,208558560.000,1,0,1,多换,S,3275.6000,3274.2000,3273.0000,3272.8000,3272.6000,3277.6000,3279.6000,3279.8000,3280.4000,3280.8000,1,1,7,3,1,1,2,3,1,1
SF,IH2012,2020-08-06 09:32:33.700,3277.6000,15209,0,208558560.000,0,-,-,-,-,3275.8000,3275.6000,3274.4000,3274.2000,3273.0000,3277.4000,3277.6000,3279.6000,3279.8000,3280.4000,1,1,1,1,7,1,1,2,3,1
SF,IH2012,2020-08-06 09:32:34.200,3277.6000,15209,0,208558560.000,0,-,-,-,-,3275.8000,3275.6000,3274.4000,3274.2000,3273.0000,3277.4000,3279.6000,3279.8000,3280.4000,3280.8000,1,1,1,1,7,1,1,3,1,1
SF,IH2012,2020-08-06 09:32:38.700,3277.4000,15210,1,209541780.000,1,1,0,双开,S,3276.0000,3275.8000,3275.6000,3274.4000,3274.2000,3279.6000,3279.8000,3280.4000,3280.8000,3281.2000,1,1,1,1,1,1,3,1,1,2
SF,IH2012,2020-08-06 09:32:39.200,3277.4000,15210,0,209541780.000,0,-,-,-,-,3276.2000,3276.0000,3275.6000,3274.4000,3274.2000,3277.8000,3279.0000,3279.2000,3279.4000,3279.6000,2,1,1,1,1,1,1,2,2,1
SF,IH2012,2020-08-06 09:32:39.700,3277.4000,15210,0,209541780.000,0,-,-,-,-,3276.2000,3276.0000,3275.6000,3274.4000,3274.2000,3279.2000,3279.4000,3279.6000,3279.8000,3283.0000,2,1,1,1,1,1,2,1,3,2
SF,IH2012,2020-08-06 09:32:40.200,3277.4000,15210,0,209541780.000,0,-,-,-,-,3276.2000,3276.0000,3275.6000,3274.4000,3274.2000,3278.4000,3278.8000,3279.0000,3279.2000,3279.4000,2,1,1,1,1,1,1,4,2,2
SF,IH2012,2020-08-06 09:32:40.700,3277.4000,15210,0,209541780.000,0,-,-,-,-,3276.2000,3276.0000,3275.6000,3274.4000,3274.2000,3278.2000,3278.4000,3278.8000,3279.0000,3279.2000,2,1,1,1,1,1,2,1,3,1
SF,IH2012,2020-08-06 09:32:41.200,3276.2000,15209,-1,211507500.000,2,0,2,多平,S,3276.0000,3275.6000,3274.4000,3274.2000,3273.0000,3278.0000,3278.2000,3278.4000,3279.0000,3279.2000,1,1,1,1,7,1,1,2,2,1
SF,IH2012,2020-08-06 09:32:41.700,3276.2000,15209,0,211507500.000,0,-,-,-,-,3276.2000,3276.0000,3275.6000,3274.4000,3274.2000,3277.8000,3278.0000,3278.4000,3279.0000,3279.2000,1,1,1,1,1,1,1,2,2,1
SF,IH2012,2020-08-06 09:32:42.200,3276.2000,15209,0,211507500.000,0,-,-,-,-,3276.2000,3276.0000,3275.6000,3274.4000,3274.2000,3277.8000,3278.0000,3278.4000,3279.0000,3279.2000,1,1,1,1,1,1,1,1,2,1
SF,IH2012,2020-08-06 09:32:42.700,3276.2000,15209,0,211507500.000,0,-,-,-,-,3276.2000,3276.0000,3275.6000,3274.4000,3274.2000,3277.8000,3278.0000,3278.4000,3279.0000,3279.2000,1,1,1,1,1,1,1,1,2,1
SF,IH2012,2020-08-06 09:32:43.200,3276.2000,15209,0,211507500.000,0,-,-,-,-,3276.2000,3276.0000,3275.6000,3274.4000,3274.2000,3277.8000,3278.0000,3278.4000,3279.2000,3279.4000,1,1,1,1,1,1,1,1,1,1
SF,IH2012,2020-08-06 09:32:45.700,3277.8000,15209,0,213474180.000,2,1,1,多换,S,3277.8000,3276.2000,3276.0000,3275.6000,3274.4000,3278.0000,3278.4000,3279.2000,3279.4000,3279.8000,4,1,1,1,1,1,1,1,1,2
SF,IH2012,2020-08-06 09:32:46.200,3276.2000,15208,-1,218390400.000,5,2,3,多平,S,3276.0000,3275.6000,3274.4000,3274.2000,3273.0000,3277.8000,3278.0000,3278.4000,3279.2000,3279.4000,1,1,1,1,7,6,3,1,1,1
SF,IH2012,2020-08-06 09:32:46.700,3276.2000,15208,0,218390400.000,0,-,-,-,-,3276.0000,3275.6000,3274.4000,3274.2000,3273.0000,3277.6000,3277.8000,3278.4000,3279.2000,3279.4000,2,1,1,1,7,2,1,1,1,1
SF,IH2012,2020-08-06 09:32:47.200,3276.0000,15210,2,220356000.000,2,2,0,双开,S,3275.6000,3274.4000,3274.2000,3273.0000,3272.8000,3276.0000,3277.6000,3277.8000,3278.0000,3278.4000,1,1,1,7,3,2,2,1,1,1
SF,IH2012,2020-08-06 09:32:47.700,3276.0000,15210,0,221338800.000,1,0,1,多换,S,3274.4000,3274.2000,3273.0000,3272.8000,3272.6000,3277.6000,3277.8000,3278.0000,3278.4000,3279.2000,1,1,7,3,1,2,1,1,1,1
SF,IH2012,2020-08-06 09:32:48.200,3276.0000,15210,0,221338800.000,0,-,-,-,-,3274.6000,3274.4000,3274.2000,3273.0000,3272.8000,3275.6000,3277.6000,3277.8000,3279.2000,3279.4000,1,1,1,1,3,1,3,1,1,1
SF,IH2012,2020-08-06 09:32:48.700,3276.0000,15210,0,221338800.000,0,-,-,-,-,3274.6000,3274.4000,3273.0000,3272.6000,3271.0000,3277.0000,3277.6000,3277.8000,3279.2000,3279.4000,1,1,1,1,1,1,3,1,1,1
SF,IH2012,2020-08-06 09:32:49.200,3276.0000,15210,0,221338800.000,0,-,-,-,-,3274.4000,3273.0000,3272.6000,3271.0000,3270.2000,3276.8000,3277.0000,3277.8000,3279.2000,3279.4000,1,1,1,1,1,2,2,1,1,1
SF,IH2012,2020-08-06 09:32:49.700,3276.0000,15210,0,221338800.000,0,-,-,-,-,3274.4000,3273.0000,3272.6000,3271.0000,3270.2000,3274.6000,3276.8000,3277.0000,3277.8000,3279.2000,1,1,1,1,1,1,2,1,1,1
SF,IH2012,2020-08-06 09:32:50.200,3274.6000,15209,-1,222321180.000,1,0,1,双平,S,3274.6000,3274.4000,3273.0000,3272.6000,3271.0000,3276.8000,3277.0000,3277.8000,3279.2000,3279.4000,5,1,1,1,1,2,1,1,1,1
SF,IH2012,2020-08-06 09:32:50.700,3274.6000,15209,0,222321180.000,0,-,-,-,-,3274.8000,3274.6000,3274.4000,3273.0000,3272.6000,3276.8000,3277.0000,3277.8000,3279.2000,3279.4000,1,3,1,1,1,2,1,1,1,1
SF,IH2012,2020-08-06 09:32:51.200,3274.6000,15209,0,222321180.000,0,-,-,-,-,3274.6000,3274.4000,3273.0000,3272.6000,3271.0000,3276.8000,3277.0000,3277.8000,3279.2000,3279.4000,3,1,1,1,1,2,1,1,1,1
SF,IH2012,2020-08-06 09:32:51.700,3274.6000,15209,0,222321180.000,0,-,-,-,-,3274.8000,3274.6000,3274.4000,3273.0000,3272.6000,3276.0000,3276.8000,3277.0000,3277.8000,3279.2000,1,3,1,1,1,1,2,2,1,1
SF,IH2012,2020-08-06 09:32:52.200,3274.8000,15209,0,224286420.000,2,1,1,多换,S,3274.6000,3274.4000,3273.0000,3272.6000,3271.0000,3276.8000,3277.0000,3277.8000,3279.2000,3279.4000,3,1,1,1,1,2,2,1,1,1
SF,IH2012,2020-08-06 09:32:52.700,3274.8000,15209,0,224286420.000,0,-,-,-,-,3274.6000,3274.4000,3273.0000,3272.6000,3271.0000,3276.8000,3277.0000,3277.8000,3279.2000,3279.4000,3,1,1,1,1,2,1,1,1,1
SF,IH2012,2020-08-06 09:32:53.700,3274.8000,15209,0,224286420.000,0,-,-,-,-,3274.6000,3274.4000,3273.0000,3272.6000,3271.0000,3276.4000,3276.8000,3277.0000,3277.8000,3279.2000,3,1,1,1,1,1,2,1,1,1
SF,IH2012,2020-08-06 09:32:54.200,3274.6000,15208,-1,225268800.000,1,0,1,双平,S,3274.6000,3274.4000,3273.0000,3272.6000,3271.0000,3276.2000,3276.4000,3277.0000,3277.8000,3279.2000,1,1,1,1,1,2,2,1,1,1
SF,IH2012,2020-08-06 09:32:54.700,3274.6000,15207,-1,226251180.000,1,0,1,双平,S,3274.4000,3273.0000,3272.6000,3271.0000,3270.2000,3274.6000,3275.6000,3276.0000,3276.2000,3276.4000,1,1,1,1,1,3,1,1,2,1
SF,IH2012,2020-08-06 09:32:55.200,3274.4000,15207,0,227233500.000,1,0,1,多换,S,3273.0000,3272.6000,3271.0000,3270.2000,3268.8000,3274.4000,3274.6000,3276.0000,3276.2000,3276.4000,1,1,1,1,1,3,2,2,1,1
SF,IH2012,2020-08-06 09:32:55.700,3274.4000,15207,0,227233500.000,0,-,-,-,-,3272.6000,3271.0000,3270.2000,3268.8000,3266.2000,3274.2000,3274.4000,3274.6000,3276.0000,3276.2000,1,1,1,1,2,1,2,1,2,1
SF,IH2012,2020-08-06 09:32:56.200,3274.4000,15207,0,228215820.000,1,0,1,多换,S,3272.6000,3271.0000,3270.2000,3268.8000,3266.2000,3274.4000,3274.6000,3276.0000,3276.2000,3276.4000,1,1,1,1,2,2,1,1,1,1
SF,IH2012,2020-08-06 09:32:56.700,3274.4000,15207,0,228215820.000,0,-,-,-,-,3272.8000,3272.6000,3271.0000,3270.2000,3268.8000,3274.2000,3274.4000,3274.6000,3275.4000,3276.0000,1,1,1,1,1,2,2,1,1,1
SF,IH2012,2020-08-06 09:32:57.200,3274.6000,15204,-3,232145100.000,4,0,4,多平,S,3272.8000,3272.6000,3271.0000,3270.2000,3268.8000,3275.4000,3276.4000,3279.2000,3279.4000,3283.0000,1,1,1,1,1,1,1,1,1,1
SF,IH2012,2020-08-06 09:32:57.700,3274.6000,15204,0,232145100.000,0,-,-,-,-,3273.8000,3273.2000,3272.8000,3272.6000,3271.0000,3275.2000,3276.4000,3279.2000,3279.4000,3283.0000,1,1,1,1,1,2,1,1,1,1
SF,IH2012,2020-08-06 09:32:58.200,3275.2000,15203,-1,234110220.000,2,0,2,多平,S,3274.0000,3273.8000,3272.6000,3271.0000,3270.2000,3276.4000,3279.2000,3279.4000,3283.0000,3284.8000,1,1,1,1,1,1,1,1,1,1
SF,IH2012,2020-08-06 09:32:58.700,3275.2000,15203,0,234110220.000,0,-,-,-,-,3274.2000,3274.0000,3273.8000,3272.6000,3271.0000,3276.2000,3276.4000,3279.2000,3279.4000,3283.0000,1,1,1,1,1,1,1,1,1,1
SF,IH2012,2020-08-06 09:32:59.200,3275.2000,15203,0,234110220.000,0,-,-,-,-,3274.4000,3274.2000,3273.8000,3272.6000,3271.0000,3276.2000,3276.4000,3279.2000,3279.4000,3283.0000,1,1,1,1,1,1,1,1,1,1
SF,IH2012,2020-08-06 09:32:59.700,3275.2000,15203,0,234110220.000,0,-,-,-,-,3274.6000,3274.4000,3273.8000,3272.6000,3271.0000,3276.2000,3276.4000,3279.2000,3279.4000,3283.0000,1,1,1,1,1,1,1,1,1,1
SF,IH2012,2020-08-06 09:33:00.200,3274.6000,15204,1,235092600.000,1,1,0,双开,S,3274.4000,3273.8000,3272.6000,3271.0000,3270.2000,3276.2000,3276.4000,3279.2000,3279.4000,3283.0000,1,1,1,1,1,1,1,1,1,1
SF,IH2012,2020-08-06 09:33:00.700,3274.6000,15204,0,236074980.000,1,0,1,多换,S,3273.8000,3272.6000,3271.0000,3270.2000,3268.8000,3274.4000,3274.8000,3275.2000,3275.4000,3275.8000,1,1,1,1,1,1,1,3,1,1
SF,IH2012,2020-08-06 09:33:01.200,3274.6000,15203,-1,237057360.000,1,0,1,双平,S,3273.8000,3272.6000,3271.0000,3270.2000,3268.8000,3275.8000,3276.0000,3276.2000,3276.4000,3279.2000,1,1,1,1,1,1,2,1,1,1
SF,IH2012,2020-08-06 09:33:01.700,3274.6000,15203,0,237057360.000,0,-,-,-,-,3273.8000,3272.6000,3271.0000,3270.2000,3268.8000,3275.6000,3275.8000,3276.0000,3276.4000,3279.2000,1,1,1,1,1,2,1,1,1,1
SF,IH2012,2020-08-06 09:33:02.700,3274.6000,15203,0,237057360.000,0,-,-,-,-,3273.8000,3272.6000,3271.0000,3270.2000,3268.8000,3275.6000,3275.8000,3276.0000,3279.2000,3279.4000,1,1,1,1,1,3,1,1,1,1
SF,IH2012,2020-08-06 09:33:03.200,3274.6000,15203,0,237057360.000,0,-,-,-,-,3274.0000,3273.8000,3272.6000,3271.0000,3270.2000,3275.6000,3275.8000,3276.0000,3279.2000,3279.4000,1,1,1,1,1,3,1,1,1,1
SF,IH2012,2020-08-06 09:33:06.200,3274.6000,15203,0,237057360.000,0,-,-,-,-,3274.0000,3273.8000,3272.6000,3271.8000,3271.0000,3275.6000,3275.8000,3276.0000,3279.2000,3279.4000,1,1,1,1,1,3,1,1,1,1
SF,IH2012,2020-08-06 09:33:06.700,3275.8000,15201,-2,240005460.000,3,0,3,多平,S,3274.2000,3274.0000,3273.8000,3272.6000,3271.8000,3279.2000,3279.4000,3283.0000,3284.8000,3285.0000,1,1,1,1,1,1,1,1,1,1
SF,IH2012,2020-08-06 09:33:07.200,3275.8000,15201,0,240005460.000,0,-,-,-,-,3274.6000,3274.4000,3274.2000,3273.8000,3272.6000,3276.4000,3276.6000,3278.8000,3279.0000,3279.2000,1,2,1,1,1,1,3,2,3,2
SF,IH2012,2020-08-06 09:33:07.700,3275.8000,15201,0,240005460.000,0,-,-,-,-,3274.8000,3274.2000,3273.8000,3272.6000,3271.8000,3278.8000,3279.0000,3279.2000,3283.0000,3284.8000,2,1,1,1,1,1,3,2,1,1
SF,IH2012,2020-08-06 09:33:08.200,3275.8000,15201,0,240005460.000,0,-,-,-,-,3274.8000,3274.2000,3273.8000,3272.6000,3271.8000,3276.8000,3278.2000,3278.4000,3278.6000,3278.8000,2,1,1,1,1,1,1,3,2,1
SF,IH2012,2020-08-06 09:33:08.700,3274.8000,15200,-1,241970340.000,2,0,2,多平,S,3274.2000,3273.8000,3272.6000,3271.8000,3271.0000,3276.6000,3278.4000,3278.6000,3278.8000,3279.0000,1,1,1,1,1,2,1,1,1,2
SF,IH2012,2020-08-06 09:33:09.200,3274.8000,15200,0,241970340.000,0,-,-,-,-,3274.4000,3274.2000,3273.8000,3272.6000,3271.8000,3276.6000,3277.0000,3278.4000,3278.6000,3278.8000,1,1,1,1,1,3,1,1,1,1
SF,IH2012,2020-08-06 09:33:09.700,3274.8000,15200,0,241970340.000,0,-,-,-,-,3274.2000,3273.8000,3272.6000,3271.8000,3271.0000,3275.6000,3276.2000,3276.4000,3276.6000,3278.6000,1,1,1,1,1,1,1,3,3,1
SF,IH2012,2020-08-06 09:33:10.200,3274.8000,15200,0,241970340.000,0,-,-,-,-,3274.2000,3273.8000,3272.6000,3271.8000,3271.0000,3275.4000,3276.4000,3276.6000,3278.6000,3278.8000,1,1,1,1,1,1,4,2,1,1
SF,IH2012,2020-08-06 09:33:10.700,3274.2000,15199,-1,242952600.000,1,0,1,双平,S,3274.2000,3273.8000,3272.6000,3271.8000,3271.0000,3275.4000,3276.4000,3276.6000,3278.6000,3278.8000,1,1,1,1,1,1,4,2,1,1
SF,IH2012,2020-08-06 09:33:11.200,3274.2000,15199,0,243934860.000,1,0,1,多换,S,3273.8000,3272.6000,3271.8000,3271.0000,3270.2000,3274.2000,3275.2000,3275.4000,3276.4000,3276.6000,1,1,1,1,1,2,2,1,4,2
SF,IH2012,2020-08-06 09:33:11.700,3274.2000,15198,-1,244917120.000,1,0,1,双平,S,3273.8000,3272.6000,3271.8000,3271.0000,3270.2000,3275.4000,3276.4000,3276.6000,3278.8000,3279.0000,1,1,1,1,1,1,4,2,1,2
SF,IH2012,2020-08-06 09:33:12.700,3274.2000,15198,0,244917120.000,0,-,-,-,-,3273.8000,3272.6000,3271.8000,3271.0000,3270.2000,3275.4000,3276.4000,3276.6000,3278.8000,3279.0000,1,1,1,1,1,2,4,1,1,2
SF,IH2012,2020-08-06 09:33:13.200,3274.2000,15198,0,244917120.000,0,-,-,-,-,3274.0000,3273.8000,3272.6000,3271.8000,3271.0000,3275.4000,3276.4000,3276.6000,3278.8000,3279.0000,1,1,1,1,1,2,4,1,1,2
SF,IH2012,2020-08-06 09:33:13.700,3274.2000,15198,0,244917120.000,0,-,-,-,-,3274.0000,3273.8000,3272.6000,3271.8000,3271.0000,3275.4000,3276.4000,3276.6000,3278.8000,3279.0000,1,1,1,1,1,1,2,1,1,2
SF,IH2012,2020-08-06 09:33:14.200,3274.2000,15198,0,244917120.000,0,-,-,-,-,3274.0000,3273.8000,3272.6000,3271.8000,3271.0000,3276.4000,3276.6000,3278.8000,3279.0000,3280.0000,1,1,1,1,1,2,1,1,2,40
SF,IH2012,2020-08-06 09:33:14.700,3274.2000,15198,0,244917120.000,0,-,-,-,-,3274.0000,3273.8000,3272.6000,3271.8000,3271.0000,3276.2000,3276.4000,3278.8000,3279.0000,3280.0000,1,1,1,1,1,2,2,1,2,40
SF,IH2012,2020-08-06 09:33:15.200,3274.2000,15198,0,244917120.000,0,-,-,-,-,3274.0000,3273.8000,3272.6000,3271.8000,3271.0000,3276.2000,3276.4000,3278.8000,3279.0000,3280.0000,1,1,1,1,1,2,3,1,2,40
SF,IH2012,2020-08-06 09:33:15.700,3274.0000,15197,-1,245899320.000,1,0,1,双平,S,3273.8000,3272.6000,3271.8000,3271.0000,3270.2000,3276.2000,3276.4000,3278.8000,3279.0000,3280.0000,1,1,1,1,1,2,3,1,2,40
SF,IH2012,2020-08-06 09:33:16.200,3274.0000,15197,0,245899320.000,0,-,-,-,-,3273.8000,3272.6000,3271.8000,3271.0000,3270.2000,3276.0000,3276.2000,3276.4000,3278.8000,3279.0000,1,1,1,1,1,2,2,3,1,2
SF,IH2012,2020-08-06 09:33:16.700,3273.8000,15197,0,246881460.000,1,0,1,多换,S,3272.6000,3271.8000,3271.0000,3270.2000,3268.8000,3275.6000,3275.8000,3276.0000,3276.4000,3278.8000,1,1,1,1,1,1,2,2,3,1
SF,IH2012,2020-08-06 09:33:17.200,3273.8000,15197,0,246881460.000,0,-,-,-,-,3272.8000,3272.6000,3271.8000,3271.0000,3270.2000,3275.2000,3275.4000,3275.6000,3276.0000,3276.4000,1,1,1,1,1,1,3,1,1,2
SF,IH2012,2020-08-06 09:33:17.700,3273.8000,15197,0,246881460.000,0,-,-,-,-,3272.8000,3272.6000,3271.8000,3271.0000,3270.2000,3275.0000,3275.2000,3275.4000,3275.6000,3276.0000,1,1,1,1,1,2,1,3,1,1
SF,IH2012,2020-08-06 09:33:18.200,3273.8000,15197,0,246881460.000,0,-,-,-,-,3272.8000,3272.6000,3271.8000,3271.0000,3270.2000,3274.8000,3275.0000,3275.4000,3275.6000,3276.0000,1,1,1,1,1,1,3,2,1,1
SF,IH2012,2020-08-06 09:33:18.700,3272.8000,15197,0,247863300.000,1,0,1,多换,S,3272.6000,3271.8000,3271.0000,3270.2000,3268.8000,3274.6000,3274.8000,3275.0000,3275.4000,3276.0000,1,1,1,1,1,3,2,1,2,1
SF,IH2012,2020-08-06 09:33:19.200,3272.8000,15197,0,247863300.000,0,-,-,-,-,3272.6000,3271.8000,3271.0000,3270.2000,3268.8000,3274.2000,3274.6000,3274.8000,3275.0000,3275.4000,1,1,1,1,1,1,3,2,1,2
SF,IH2012,2020-08-06 09:33:19.700,3272.6000,15197,0,248845080.000,1,0,1,多换,S,3271.8000,3271.0000,3270.2000,3268.8000,3266.2000,3274.0000,3274.2000,3274.4000,3274.6000,3274.8000,1,1,1,1,2,2,1,1,2,2
SF,IH2012,2020-08-06 09:33:20.200,3272.6000,15197,0,248845080.000,0,-,-,-,-,3271.8000,3271.0000,3270.2000,3268.8000,3266.2000,3273.6000,3273.8000,3274.0000,3274.2000,3274.4000,1,1,1,1,2,1,1,2,1,1
SF,IH2012,2020-08-06 09:33:20.700,3272.6000,15197,0,248845080.000,0,-,-,-,-,3271.8000,3271.0000,3270.2000,3268.8000,3266.2000,3273.4000,3273.6000,3274.0000,3274.2000,3274.4000,1,1,1,1,2,2,1,1,1,1
SF,IH2012,2020-08-06 09:33:21.200,3273.4000,15196,-1,250809120.000,2,0,2,多平,S,3271.8000,3271.0000,3270.2000,3268.8000,3266.2000,3273.6000,3274.0000,3274.2000,3274.4000,3274.6000,2,1,1,1,2,1,1,1,1,1
SF,IH2012,2020-08-06 09:33:21.700,3273.4000,15196,0,250809120.000,0,-,-,-,-,3271.8000,3271.0000,3270.2000,3268.8000,3266.2000,3273.4000,3273.6000,3274.0000,3274.2000,3274.6000,1,1,1,1,2,2,2,1,1,1
SF,IH2012,2020-08-06 09:33:22.200,3273.4000,15196,0,250809120.000,0,-,-,-,-,3271.8000,3271.0000,3270.2000,3268.8000,3266.2000,3273.4000,3273.6000,3274.0000,3274.2000,3274.6000,1,1,1,1,2,2,1,1,1,1
SF,IH2012,2020-08-06 09:33:23.200,3271.8000,15196,0,251790660.000,1,0,1,多换,S,3271.0000,3270.2000,3268.8000,3266.2000,3266.0000,3271.8000,3273.4000,3273.6000,3274.0000,3274.2000,1,1,1,2,1,15,2,1,1,1
SF,IH2012,2020-08-06 09:33:23.700,3271.8000,15183,-13,266513760.000,15,1,14,多平,S,3271.8000,3271.2000,3271.0000,3270.2000,3268.8000,3273.4000,3273.6000,3274.0000,3274.2000,3274.6000,3,2,1,1,1,2,1,1,1,1
SF,IH2012,2020-08-06 09:33:24.200,3271.8000,15183,0,266513760.000,0,-,-,-,-,3272.0000,3271.8000,3271.2000,3271.0000,3270.2000,3273.4000,3273.6000,3274.0000,3274.2000,3274.6000,1,4,2,1,1,2,2,1,1,1
SF,IH2012,2020-08-06 09:33:24.700,3273.6000,15183,0,269459940.000,3,1,2,多换,S,3272.4000,3272.2000,3272.0000,3271.8000,3271.2000,3274.0000,3274.2000,3274.6000,3274.8000,3275.4000,1,1,1,4,2,1,1,1,1,1
SF,IH2012,2020-08-06 09:33:25.200,3273.6000,15183,0,269459940.000,0,-,-,-,-,3272.6000,3272.4000,3271.8000,3271.2000,3271.0000,3274.0000,3274.2000,3274.8000,3275.4000,3276.4000,1,1,4,2,1,1,2,1,1,2
SF,IH2012,2020-08-06 09:33:25.700,3273.6000,15183,0,269459940.000,0,-,-,-,-,3273.4000,3273.2000,3272.8000,3272.6000,3272.4000,3274.0000,3274.2000,3274.8000,3275.4000,3276.4000,1,1,1,1,1,1,2,1,1,2
SF,IH2012,2020-08-06 09:33:26.200,3273.2000,15181,-2,271423920.000,2,0,2,双平,S,3272.6000,3272.4000,3271.8000,3271.2000,3271.0000,3274.0000,3274.2000,3274.8000,3275.4000,3276.4000,1,1,4,2,1,1,2,1,1,2
SF,IH2012,2020-08-06 09:33:26.700,3273.2000,15181,0,271423920.000,0,-,-,-,-,3272.8000,3272.6000,3272.4000,3271.8000,3271.2000,3273.4000,3273.8000,3274.0000,3274.2000,3274.8000,1,1,1,4,2,1,1,1,2,1
SF,IH2012,2020-08-06 09:33:27.200,3272.6000,15179,-2,273387540.000,2,0,2,双平,S,3272.4000,3271.8000,3271.2000,3271.0000,3270.2000,3272.8000,3273.4000,3273.8000,3274.0000,3274.2000,1,4,2,1,1,1,1,1,1,2
SF,IH2012,2020-08-06 09:33:27.700,3272.6000,15179,0,273387540.000,0,-,-,-,-,3272.8000,3271.8000,3271.2000,3271.0000,3270.2000,3273.8000,3274.0000,3274.2000,3274.8000,3275.4000,1,4,2,1,1,1,1,2,1,1
SF,IH2012,2020-08-06 09:33:28.200,3272.6000,15179,0,273387540.000,0,-,-,-,-,3272.8000,3272.0000,3271.8000,3271.4000,3271.2000,3273.8000,3274.0000,3274.2000,3274.8000,3275.4000,1,1,4,2,2,1,1,2,1,1
SF,IH2012,2020-08-06 09:33:28.700,3273.8000,15178,-1,274369680.000,1,0,1,双平,S,3273.8000,3272.8000,3272.0000,3271.8000,3271.4000,3274.2000,3274.8000,3275.4000,3276.4000,3278.8000,1,1,1,2,2,2,1,1,2,1
SF,IH2012,2020-08-06 09:33:29.200,3274.2000,15176,-2,276334200.000,2,0,2,双平,S,3274.2000,3273.8000,3272.8000,3272.0000,3271.8000,3274.8000,3275.4000,3276.4000,3278.8000,3279.0000,3,1,1,1,2,1,1,2,1,2
SF,IH2012,2020-08-06 09:33:29.700,3274.4000,15174,-2,278298960.000,2,0,2,双平,S,3274.2000,3273.8000,3272.8000,3272.0000,3271.8000,3275.4000,3276.4000,3278.8000,3279.0000,3280.0000,3,1,1,1,3,1,2,1,2,40
SF,IH2012,2020-08-06 09:33:30.200,3275.4000,15173,-1,279281580.000,1,0,1,双平,S,3274.2000,3273.8000,3272.8000,3272.0000,3271.8000,3275.6000,3276.4000,3278.8000,3279.0000,3280.0000,3,1,1,1,3,1,2,1,2,40
SF,IH2012,2020-08-06 09:33:31.200,3275.4000,15173,0,279281580.000,0,-,-,-,-,3274.4000,3274.2000,3273.8000,3272.8000,3272.0000,3275.6000,3276.4000,3278.8000,3279.0000,3280.0000,1,3,1,1,1,1,2,1,2,40
SF,IH2012,2020-08-06 09:33:31.700,3275.4000,15173,0,279281580.000,0,-,-,-,-,3274.4000,3274.2000,3273.8000,3272.8000,3271.8000,3275.6000,3276.4000,3278.8000,3279.0000,3280.0000,1,3,1,1,3,1,2,1,2,40
SF,IH2012,2020-08-06 09:33:32.200,3275.4000,15173,0,279281580.000,0,-,-,-,-,3274.6000,3274.4000,3274.2000,3273.8000,3272.8000,3275.6000,3276.4000,3278.8000,3279.0000,3280.0000,1,1,3,1,1,1,2,1,2,40
SF,IH2012,2020-08-06 09:33:32.700,3274.8000,15172,-1,281246700.000,2,0,2,多平,S,3274.6000,3274.2000,3273.8000,3272.8000,3271.8000,3276.4000,3278.8000,3279.0000,3280.0000,3280.6000,1,3,1,1,3,1,1,2,40,1
SF,IH2012,2020-08-06 09:33:33.200,3274.8000,15172,0,281246700.000,0,-,-,-,-,3274.8000,3274.6000,3274.2000,3273.8000,3272.8000,3276.2000,3276.4000,3278.8000,3279.0000,3280.0000,1,1,3,1,1,2,1,1,2,40
SF,IH2012,2020-08-06 09:33:33.700,3274.8000,15172,0,281246700.000,0,-,-,-,-,3275.0000,3274.8000,3274.2000,3273.8000,3272.8000,3276.4000,3278.8000,3280.0000,3280.6000,3283.0000,1,1,3,1,1,1,1,40,1,1
SF,IH2012,2020-08-06 09:33:34.200,3276.2000,15171,-1,284194500.000,3,1,2,多平,S,3274.2000,3273.8000,3272.8000,3271.8000,3271.4000,3276.2000,3276.4000,3278.8000,3280.0000,3280.6000,2,1,1,2,2,1,1,1,40,1
SF,IH2012,2020-08-06 09:33:34.700,3276.2000,15171,0,284194500.000,0,-,-,-,-,3274.2000,3273.8000,3272.8000,3271.8000,3271.4000,3276.0000,3276.2000,3276.4000,3278.8000,3280.0000,2,1,1,2,2,2,2,1,1,40
SF,IH2012,2020-08-06 09:33:35.200,3276.2000,15171,0,284194500.000,0,-,-,-,-,3274.2000,3273.8000,3272.8000,3271.8000,3271.4000,3275.4000,3275.8000,3276.0000,3276.2000,3276.4000,2,1,1,2,2,1,1,2,2,1
SF,IH2012,2020-08-06 09:33:35.700,3276.2000,15171,0,284194500.000,0,-,-,-,-,3274.2000,3273.8000,3272.8000,3271.8000,3271.4000,3275.4000,3275.8000,3276.0000,3276.2000,3276.4000,2,1,1,2,2,1,1,1,2,1
SF,IH2012,2020-08-06 09:33:36.200,3274.2000,15171,0,285176760.000,1,0,1,多换,S,3273.8000,3272.8000,3271.8000,3271.4000,3271.2000,3275.4000,3275.8000,3276.0000,3276.2000,3276.4000,1,1,2,2,1,1,1,1,2,1
SF,IH2012,2020-08-06 09:33:36.700,3274.2000,15171,0,285176760.000,0,-,-,-,-,3273.8000,3272.8000,3271.8000,3271.4000,3271.2000,3275.2000,3275.4000,3276.0000,3276.2000,3276.4000,1,1,2,2,1,1,1,1,2,1
SF,IH2012,2020-08-06 09:33:37.200,3274.2000,15171,0,285176760.000,0,-,-,-,-,3274.0000,3273.8000,3272.8000,3271.8000,3271.4000,3275.4000,3276.0000,3276.2000,3276.4000,3278.8000,1,1,1,2,2,1,1,1,1,1
SF,IH2012,2020-08-06 09:33:37.700,3275.4000,15171,0,286159380.000,1,0,1,多换,S,3274.0000,3273.8000,3272.8000,3271.8000,3271.4000,3276.0000,3276.2000,3276.4000,3278.8000,3280.0000,1,1,1,2,2,1,1,1,1,40
SF,IH2012,2020-08-06 09:33:38.200,3275.4000,15171,0,286159380.000,0,-,-,-,-,3274.2000,3274.0000,3273.8000,3272.8000,3271.8000,3275.8000,3276.0000,3276.2000,3276.4000,3278.8000,1,1,1,1,2,1,2,1,1,1
SF,IH2012,2020-08-06 09:33:38.700,3276.0000,15170,-1,288124920.000,2,0,2,多平,S,3275.8000,3274.4000,3274.2000,3273.8000,3272.8000,3276.2000,3276.4000,3278.8000,3280.0000,3280.6000,2,2,1,1,1,1,1,1,40,1
SF,IH2012,2020-08-06 09:33:39.200,3276.4000,15168,-2,290090700.000,2,0,2,双平,S,3276.2000,3275.8000,3274.4000,3274.2000,3273.8000,3278.8000,3280.0000,3280.6000,3283.0000,3284.8000,3,2,2,1,1,1,40,1,1,1
SF,IH2012,2020-08-06 09:33:39.700,3276.4000,15168,0,290090700.000,0,-,-,-,-,3276.4000,3276.2000,3275.8000,3274.4000,3274.2000,3278.4000,3278.6000,3278.8000,3280.0000,3280.6000,2,3,2,1,1,2,1,1,40,1
SF,IH2012,2020-08-06 09:33:40.200,3276.4000,15168,0,290090700.000,0,-,-,-,-,3276.4000,3276.2000,3275.8000,3274.4000,3274.2000,3278.2000,3278.4000,3278.6000,3278.8000,3280.0000,2,3,2,1,1,1,2,1,1,40
SF,IH2012,2020-08-06 09:33:40.700,3276.4000,15168,0,290090700.000,0,-,-,-,-,3276.6000,3276.4000,3276.2000,3275.8000,3274.4000,3278.6000,3280.0000,3280.6000,3283.0000,3284.8000,1,2,3,2,1,1,40,1,1,1
SF,IH2012,2020-08-06 09:33:41.200,3278.6000,15167,-1,291074280.000,1,0,1,双平,S,3278.2000,3277.6000,3277.0000,3276.8000,3276.6000,3280.0000,3280.6000,3280.8000,3283.0000,3284.8000,1,1,1,10,1,40,1,1,1,1
SF,IH2012,2020-08-06 09:33:41.700,3278.6000,15167,0,291074280.000,0,-,-,-,-,3278.4000,3278.2000,3277.6000,3277.0000,3276.8000,3279.8000,3280.0000,3280.6000,3280.8000,3283.0000,2,1,1,1,6,1,40,1,1,1
SF,IH2012,2020-08-06 09:33:42.200,3278.4000,15167,0,292057800.000,1,0,1,多换,S,3277.0000,3276.6000,3276.2000,3271.8000,3271.4000,3278.2000,3279.8000,3280.0000,3280.6000,3280.8000,1,1,3,1,2,1,1,40,1,1
SF,IH2012,2020-08-06 09:33:42.700,3278.2000,15167,0,293041260.000,1,0,1,多换,S,3277.2000,3276.6000,3276.2000,3271.8000,3271.4000,3279.8000,3280.0000,3280.2000,3280.6000,3280.8000,1,1,3,1,2,1,40,1,1,1
SF,IH2012,2020-08-06 09:33:43.200,3276.2000,15166,-1,295007280.000,2,0,2,多平,S,3276.2000,3271.8000,3271.4000,3271.2000,3271.0000,3279.2000,3279.4000,3279.6000,3279.8000,3280.0000,2,1,2,1,1,1,1,1,2,40
SF,IH2012,2020-08-06 09:33:43.700,3276.2000,15166,0,295007280.000,0,-,-,-,-,3276.4000,3276.2000,3271.8000,3271.4000,3271.0000,3278.8000,3279.0000,3279.2000,3280.0000,3280.2000,1,2,1,2,1,2,2,2,40,1
SF,IH2012,2020-08-06 09:33:44.200,3278.6000,15165,-1,295990860.000,1,0,1,双平,S,3276.4000,3276.2000,3271.8000,3271.4000,3271.0000,3278.6000,3278.8000,3279.2000,3280.0000,3280.2000,1,2,1,2,1,3,2,2,40,1
SF,IH2012,2020-08-06 09:33:44.700,3278.6000,15165,0,295990860.000,0,-,-,-,-,3276.4000,3276.2000,3271.8000,3271.4000,3271.0000,3278.4000,3278.6000,3278.8000,3279.2000,3280.0000,1,2,1,2,1,1,3,1,1,40
SF,IH2012,2020-08-06 09:33:45.200,3278.4000,15166,1,297957900.000,2,1,1,空开,S,3276.6000,3276.4000,3276.2000,3271.8000,3271.4000,3278.6000,3278.8000,3280.0000,3280.2000,3280.6000,8,1,2,1,2,3,1,40,1,1
SF,IH2012,2020-08-06 09:33:45.700,3278.4000,15166,0,297957900.000,0,-,-,-,-,3277.6000,3277.0000,3276.8000,3276.6000,3276.2000,3278.4000,3278.6000,3278.8000,3280.0000,3280.2000,1,1,6,8,2,1,3,1,40,1
SF,IH2012,2020-08-06 09:33:46.200,3278.6000,15166,0,301892160.000,4,2,2,多换,S,3277.6000,3276.8000,3276.6000,3276.2000,3271.8000,3278.8000,3280.0000,3280.2000,3280.8000,3283.0000,2,5,7,2,1,1,40,1,1,1
SF,IH2012,2020-08-06 09:33:46.700,3278.8000,15166,0,302875800.000,1,0,1,多换,S,3278.8000,3278.0000,3277.8000,3277.6000,3276.8000,3280.0000,3280.2000,3280.8000,3283.0000,3284.8000,1,1,2,2,4,40,1,1,1,1
SF,IH2012,2020-08-06 09:33:47.200,3278.8000,15166,0,302875800.000,0,-,-,-,-,3278.0000,3277.8000,3277.6000,3276.8000,3276.6000,3279.8000,3280.0000,3280.2000,3280.8000,3283.0000,1,1,2,4,7,2,40,1,1,1
SF,IH2012,2020-08-06 09:33:47.700,3278.8000,15166,0,302875800.000,0,-,-,-,-,3278.2000,3278.0000,3277.6000,3276.8000,3276.6000,3279.8000,3280.0000,3280.2000,3280.8000,3283.0000,3,1,2,4,7,2,40,1,1,1
SF,IH2012,2020-08-06 09:33:48.200,3278.2000,15164,-2,305826180.000,3,0,3,多平,S,3278.6000,3277.6000,3276.6000,3276.2000,3271.8000,3279.8000,3280.0000,3280.2000,3280.8000,3283.0000,1,2,7,1,1,2,40,1,1,1
SF,IH2012,2020-08-06 09:33:48.700,3278.6000,15165,1,306809760.000,1,1,0,双开,S,3276.6000,3276.2000,3271.8000,3271.4000,3271.0000,3278.6000,3279.8000,3280.0000,3280.2000,3280.8000,1,1,1,2,1,3,1,40,1,1
SF,IH2012,2020-08-06 09:33:49.200,3278.6000,15165,0,306809760.000,0,-,-,-,-,3276.8000,3276.6000,3276.2000,3271.8000,3271.4000,3278.4000,3278.6000,3280.0000,3280.2000,3280.8000,1,1,1,1,2,2,1,40,1,1
SF,IH2012,2020-08-06 09:33:49.700,3278.6000,15165,0,306809760.000,0,-,-,-,-,3276.8000,3271.8000,3271.4000,3271.0000,3270.2000,3278.4000,3278.6000,3280.0000,3280.2000,3280.8000,1,1,2,1,1,2,1,40,1,1
SF,IH2012,2020-08-06 09:33:50.200,3276.8000,15164,-1,307792800.000,1,0,1,双平,S,3271.8000,3271.4000,3271.0000,3270.2000,3270.0000,3276.8000,3278.4000,3278.6000,3280.0000,3280.2000,1,2,1,1,1,1,2,1,40,1
SF,IH2012,2020-08-06 09:33:50.700,3276.8000,15164,0,307792800.000,0,-,-,-,-,3276.0000,3275.8000,3275.0000,3274.8000,3274.4000,3276.6000,3276.8000,3278.6000,3280.0000,3280.8000,2,1,1,1,1,2,1,1,40,1
SF,IH2012,2020-08-06 09:33:51.200,3276.8000,15161,-3,310741620.000,3,0,3,双平,S,3276.0000,3275.0000,3274.2000,3273.6000,3272.2000,3278.6000,3280.0000,3280.8000,3283.0000,3284.8000,1,1,1,2,8,1,40,1,1,1
SF,IH2012,2020-08-06 09:33:51.700,3276.8000,15161,0,310741620.000,0,-,-,-,-,3276.2000,3276.0000,3275.0000,3274.2000,3273.6000,3278.4000,3278.6000,3280.0000,3280.8000,3283.0000,1,1,1,1,2,3,1,40,1,1
SF,IH2012,2020-08-06 09:33:52.200,3276.8000,15161,0,310741620.000,0,-,-,-,-,3276.2000,3276.0000,3275.0000,3274.2000,3273.6000,3278.4000,3278.6000,3280.0000,3280.8000,3283.0000,1,1,1,1,2,2,1,40,1,1
SF,IH2012,2020-08-06 09:33:52.700,3276.8000,15161,0,310741620.000,0,-,-,-,-,3276.4000,3276.2000,3276.0000,3275.0000,3274.2000,3278.4000,3278.6000,3280.0000,3280.8000,3283.0000,1,1,1,1,1,1,1,40,1,1
SF,IH2012,2020-08-06 09:33:53.200,3276.8000,15161,0,310741620.000,0,-,-,-,-,3276.6000,3276.4000,3276.0000,3275.0000,3274.2000,3278.4000,3278.6000,3280.0000,3280.8000,3283.0000,1,1,1,1,1,1,1,40,1,1
SF,IH2012,2020-08-06 09:33:53.700,3276.8000,15161,0,310741620.000,0,-,-,-,-,3277.6000,3276.8000,3276.6000,3276.0000,3273.6000,3278.4000,3280.0000,3280.8000,3283.0000,3284.8000,1,1,2,1,2,1,40,1,1,1
SF,IH2012,2020-08-06 09:33:54.200,3278.4000,15157,-4,315658260.000,5,0,5,多平,S,3277.6000,3276.8000,3276.6000,3276.0000,3273.6000,3280.0000,3280.8000,3283.0000,3284.8000,3285.0000,2,1,2,1,2,40,1,1,1,1
SF,IH2012,2020-08-06 09:33:54.700,3277.6000,15154,-3,319591380.000,4,0,4,多平,S,3276.6000,3276.0000,3273.6000,3272.2000,3272.0000,3279.8000,3280.0000,3280.8000,3283.0000,3284.8000,1,1,2,8,4,4,41,1,1,1
SF,IH2012,2020-08-06 09:33:55.200,3277.6000,15154,0,319591380.000,0,-,-,-,-,3276.8000,3276.0000,3273.6000,3272.2000,3272.0000,3279.4000,3279.6000,3279.8000,3280.0000,3280.8000,1,1,2,8,4,1,2,4,42,1
SF,IH2012,2020-08-06 09:33:55.700,3276.8000,15153,-1,320574420.000,1,0,1,双平,S,3276.0000,3273.6000,3272.2000,3272.0000,3271.8000,3279.0000,3279.2000,3279.4000,3279.6000,3279.8000,1,2,8,4,2,1,2,1,2,2
SF,IH2012,2020-08-06 09:33:56.200,3278.8000,15152,-1,321558060.000,1,0,1,双平,S,3276.2000,3276.0000,3273.6000,3272.2000,3272.0000,3278.8000,3279.0000,3279.4000,3279.6000,3280.0000,1,1,2,8,4,3,1,1,2,42
SF,IH2012,2020-08-06 09:33:56.700,3278.8000,15152,0,321558060.000,0,-,-,-,-,3276.0000,3273.6000,3272.2000,3272.0000,3271.8000,3278.8000,3279.0000,3279.6000,3280.0000,3280.8000,1,2,7,4,2,4,1,2,41,1
SF,IH2012,2020-08-06 09:33:57.200,3278.8000,15152,0,321558060.000,0,-,-,-,-,3276.2000,3273.6000,3272.2000,3272.0000,3271.8000,3278.6000,3278.8000,3279.0000,3279.6000,3280.0000,1,2,7,4,2,2,4,1,2,41
SF,IH2012,2020-08-06 09:33:57.700,3278.8000,15152,0,321558060.000,0,-,-,-,-,3273.6000,3272.2000,3272.0000,3271.8000,3271.4000,3278.4000,3278.6000,3279.0000,3279.6000,3280.0000,1,7,4,2,2,3,2,1,2,41
SF,IH2012,2020-08-06 09:33:58.200,3278.8000,15152,0,321558060.000,0,-,-,-,-,3276.0000,3275.2000,3274.0000,3273.8000,3273.6000,3278.4000,3278.6000,3279.6000,3280.0000,3280.8000,1,3,6,2,2,3,2,2,41,1
SF,IH2012,2020-08-06 09:33:58.700,3278.8000,15152,0,321558060.000,0,-,-,-,-,3276.0000,3275.2000,3274.0000,3273.8000,3273.6000,3278.4000,3278.6000,3279.6000,3280.0000,3280.8000,1,1,6,2,1,3,2,2,41,1
SF,IH2012,2020-08-06 09:33:59.200,3278.8000,15152,0,321558060.000,0,-,-,-,-,3276.2000,3276.0000,3275.2000,3275.0000,3274.0000,3278.4000,3278.6000,3280.0000,3280.8000,3283.0000,1,1,1,1,6,3,2,41,1,1
SF,IH2012,2020-08-06 09:33:59.700,3278.8000,15152,0,321558060.000,0,-,-,-,-,3276.6000,3276.4000,3276.2000,3276.0000,3275.0000,3278.4000,3280.0000,3280.8000,3283.0000,3284.8000,1,3,1,1,1,3,41,1,1,1
SF,IH2012,2020-08-06 09:34:00.200,3278.4000,15151,-1,323525100.000,2,0,2,多平,S,3276.8000,3276.4000,3276.0000,3275.0000,3274.0000,3280.0000,3280.8000,3283.0000,3284.8000,3285.0000,2,3,1,1,6,41,1,1,1,1
SF,IH2012,2020-08-06 09:34:00.700,3278.4000,15151,0,323525100.000,0,-,-,-,-,3277.0000,3276.8000,3276.4000,3276.0000,3275.0000,3279.8000,3280.0000,3280.8000,3283.0000,3284.8000,5,2,3,1,1,2,41,1,1,1
SF,IH2012,2020-08-06 09:34:01.200,3278.4000,15151,0,323525100.000,0,-,-,-,-,3277.4000,3277.2000,3277.0000,3276.4000,3276.0000,3279.8000,3280.0000,3280.8000,3283.0000,3284.8000,7,4,5,2,1,2,41,1,1,1
SF,IH2012,2020-08-06 09:34:01.700,3278.4000,15151,0,323525100.000,0,-,-,-,-,3278.4000,3277.6000,3277.4000,3277.2000,3277.0000,3279.8000,3280.0000,3280.8000,3283.0000,3284.8000,1,5,6,3,5,1,41,1,1,1
SF,IH2012,2020-08-06 09:34:02.200,3278.4000,15150,-1,324508620.000,1,0,1,双平,S,3278.6000,3277.6000,3277.2000,3276.4000,3276.0000,3279.8000,3280.0000,3280.8000,3283.0000,3284.8000,1,5,2,2,1,1,41,1,1,1
SF,IH2012,2020-08-06 09:34:02.700,3278.4000,15149,-1,325492140.000,1,0,1,双平,S,3277.6000,3276.4000,3276.0000,3273.8000,3273.6000,3278.6000,3279.8000,3280.0000,3280.8000,3283.0000,2,2,1,1,1,2,1,41,1,1
SF,IH2012,2020-08-06 09:34:03.200,3277.6000,15148,-1,327458700.000,2,0,2,多平,S,3276.4000,3276.0000,3273.8000,3273.6000,3272.2000,3278.6000,3279.8000,3280.0000,3280.8000,3283.0000,2,1,1,1,1,3,1,42,1,1
SF,IH2012,2020-08-06 09:34:03.700,3278.4000,15149,1,328442220.000,1,1,0,双开,S,3276.0000,3273.8000,3273.6000,3272.2000,3272.0000,3278.4000,3278.6000,3280.0000,3280.8000,3283.0000,1,1,1,1,2,1,3,42,1,1
SF,IH2012,2020-08-06 09:34:04.200,3278.4000,15149,0,328442220.000,0,-,-,-,-,3276.2000,3276.0000,3273.8000,3273.6000,3272.2000,3278.2000,3278.4000,3278.6000,3280.0000,3280.8000,7,2,1,1,1,1,1,2,42,1
SF,IH2012,2020-08-06 09:34:04.700,3278.2000,15149,0,329425680.000,1,0,1,多换,S,3276.8000,3276.4000,3276.2000,3276.0000,3273.8000,3278.0000,3278.6000,3280.0000,3280.8000,3283.0000,1,2,7,1,1,1,2,42,1,1
SF,IH2012,2020-08-06 09:34:05.200,3278.2000,15148,-1,330409140.000,1,0,1,双平,S,3278.0000,3276.8000,3276.4000,3276.2000,3276.0000,3280.0000,3280.8000,3283.0000,3284.8000,3285.0000,1,1,2,7,1,42,1,1,1,1
SF,IH2012,2020-08-06 09:34:05.700,3278.0000,15148,0,331392540.000,1,0,1,多换,S,3278.2000,3276.8000,3276.4000,3276.2000,3276.0000,3279.8000,3280.0000,3280.8000,3281.8000,3283.0000,1,1,1,7,1,2,42,1,1,1
SF,IH2012,2020-08-06 09:34:06.700,3278.0000,15148,0,331392540.000,0,-,-,-,-,3278.2000,3276.8000,3276.4000,3276.2000,3276.0000,3279.8000,3280.0000,3280.8000,3281.8000,3283.0000,1,1,1,7,1,1,42,1,1,1
SF,IH2012,2020-08-06 09:34:07.200,3279.8000,15148,0,332376480.000,1,0,1,多换,S,3278.2000,3278.0000,3276.8000,3276.4000,3276.2000,3280.0000,3280.8000,3281.8000,3283.0000,3284.8000,1,1,1,1,7,42,1,1,1,1
SF,IH2012,2020-08-06 09:34:07.700,3279.8000,15148,0,332376480.000,0,-,-,-,-,3278.2000,3278.0000,3276.8000,3276.4000,3276.2000,3279.8000,3280.0000,3280.8000,3281.8000,3283.0000,3,1,1,1,7,1,42,1,1,1
SF,IH2012,2020-08-06 09:34:08.200,3279.8000,15148,0,333360420.000,1,0,1,多换,S,3278.4000,3278.2000,3278.0000,3276.4000,3276.2000,3280.0000,3280.8000,3281.8000,3283.0000,3284.8000,3,3,1,1,6,42,1,1,1,1
SF,IH2012,2020-08-06 09:34:08.700,3280.0000,15148,0,334344420.000,1,0,1,多换,S,3278.4000,3278.2000,3278.0000,3276.4000,3276.2000,3280.0000,3280.8000,3281.8000,3283.0000,3284.8000,3,3,1,1,6,40,1,1,1,1
SF,IH2012,2020-08-06 09:34:09.200,3280.0000,15148,0,334344420.000,0,-,-,-,-,3278.4000,3278.2000,3278.0000,3276.4000,3276.2000,3280.0000,3280.8000,3281.8000,3283.0000,3284.8000,5,3,1,1,6,40,1,1,1,1
SF,IH2012,2020-08-06 09:34:09.700,3280.0000,15148,0,334344420.000,0,-,-,-,-,3278.8000,3278.4000,3278.2000,3278.0000,3276.4000,3280.0000,3280.8000,3281.8000,3283.0000,3284.8000,6,5,3,1,1,40,1,1,1,1
SF,IH2012,2020-08-06 09:34:10.200,3280.0000,15142,-6,341232420.000,7,0,7,多平,S,3279.4000,3279.2000,3279.0000,3278.8000,3278.4000,3280.0000,3280.8000,3281.8000,3283.0000,3284.8000,1,1,2,6,4,33,1,1,1,1
SF,IH2012,2020-08-06 09:34:10.700,3279.4000,15137,-5,346151760.000,5,0,5,双平,S,3279.0000,3278.4000,3278.2000,3278.0000,3276.4000,3280.0000,3280.8000,3281.8000,3283.0000,3284.8000,1,4,3,1,1,33,1,1,1,1
SF,IH2012,2020-08-06 09:34:11.200,3279.0000,15136,-1,347135460.000,1,0,1,双平,S,3278.4000,3278.2000,3278.0000,3276.4000,3273.8000,3279.0000,3280.0000,3280.8000,3281.8000,3283.0000,4,1,1,1,1,1,33,1,1,1
SF,IH2012,2020-08-06 09:34:11.700,3278.0000,15133,-3,350085960.000,3,0,3,双平,S,3276.4000,3273.8000,3272.8000,3272.2000,3272.0000,3278.8000,3279.0000,3280.0000,3280.8000,3283.0000,1,1,1,1,2,1,1,33,1,1
SF,IH2012,2020-08-06 09:34:12.200,3278.0000,15133,0,350085960.000,0,-,-,-,-,3278.0000,3277.8000,3276.8000,3276.6000,3276.4000,3278.6000,3278.8000,3279.0000,3280.0000,3280.8000,1,1,6,5,1,1,1,1,33,2
SF,IH2012,2020-08-06 09:34:12.700,3278.0000,15133,0,350085960.000,0,-,-,-,-,3276.8000,3276.6000,3276.4000,3273.8000,3272.8000,3278.6000,3278.8000,3279.0000,3280.0000,3280.8000,6,5,1,1,1,1,1,1,33,2
SF,IH2012,2020-08-06 09:34:13.200,3278.8000,15131,-2,352053180.000,2,0,2,双平,S,3277.4000,3277.0000,3276.8000,3276.6000,3276.4000,3279.0000,3280.0000,3280.8000,3283.0000,3284.8000,1,3,6,3,1,1,33,2,1,1
SF,IH2012,2020-08-06 09:34:13.700,3278.8000,15131,0,352053180.000,0,-,-,-,-,3278.0000,3277.6000,3277.0000,3276.6000,3276.4000,3280.0000,3280.8000,3283.0000,3284.8000,3285.0000,1,9,2,3,1,33,2,1,1,1
SF,IH2012,2020-08-06 09:34:14.200,3278.8000,15131,0,352053180.000,0,-,-,-,-,3278.4000,3278.2000,3278.0000,3277.6000,3277.0000,3279.8000,3280.0000,3280.8000,3283.0000,3284.8000,6,4,3,2,1,1,33,2,1,1
SF,IH2012,2020-08-06 09:34:14.700,3280.0000,15129,-2,354021120.000,2,0,2,双平,S,3279.8000,3278.6000,3278.4000,3278.2000,3278.0000,3280.0000,3280.8000,3283.0000,3284.8000,3285.0000,1,1,6,3,3,32,2,1,1,1
SF,IH2012,2020-08-06 09:34:15.200,3280.0000,15127,-2,355989120.000,2,0,2,双平,S,3278.6000,3278.4000,3278.2000,3278.0000,3277.6000,3280.0000,3280.8000,3283.0000,3284.8000,3285.0000,1,6,4,3,2,30,2,1,1,1
SF,IH2012,2020-08-06 09:34:15.700,3280.0000,15123,-4,359925120.000,4,0,4,双平,S,3278.8000,3278.6000,3278.2000,3278.0000,3277.6000,3280.0000,3280.8000,3281.8000,3283.0000,3284.8000,9,3,4,2,2,26,2,1,1,1
SF,IH2012,2020-08-06 09:34:16.200,3280.0000,15123,0,359925120.000,0,-,-,-,-,3279.0000,3278.8000,3278.6000,3278.2000,3278.0000,3280.0000,3280.8000,3281.8000,3283.0000,3284.8000,1,3,2,4,2,26,2,1,1,1
SF,IH2012,2020-08-06 09:34:16.700,3278.8000,15120,-3,362876100.000,3,0,3,双平,S,3278.6000,3278.2000,3278.0000,3277.6000,3277.2000,3280.0000,3280.8000,3281.8000,3283.0000,3284.8000,2,4,2,2,2,26,2,1,1,1
SF,IH2012,2020-08-06 09:34:17.200,3280.0000,15118,-2,365827260.000,3,0,3,多平,S,3278.2000,3277.6000,3277.2000,3277.0000,3276.6000,3280.0000,3280.8000,3281.8000,3283.0000,3284.8000,1,2,2,1,3,25,2,1,1,1
SF,IH2012,2020-08-06 09:34:17.700,3278.2000,15118,0,366810720.000,1,0,1,多换,S,3277.6000,3277.2000,3277.0000,3276.6000,3276.4000,3279.8000,3280.0000,3280.8000,3281.8000,3283.0000,2,2,1,3,1,2,25,2,1,1
SF,IH2012,2020-08-06 09:34:18.200,3278.2000,15118,0,366810720.000,0,-,-,-,-,3277.8000,3277.2000,3277.0000,3276.6000,3276.4000,3279.8000,3280.0000,3280.8000,3281.8000,3283.0000,1,2,1,3,1,2,25,2,1,1
SF,IH2012,2020-08-06 09:34:18.700,3277.8000,15117,-1,367794060.000,1,0,1,双平,S,3277.2000,3276.6000,3276.4000,3273.8000,3272.8000,3279.6000,3279.8000,3280.0000,3280.8000,3281.8000,2,3,1,1,1,3,2,25,2,1
SF,IH2012,2020-08-06 09:34:19.200,3277.8000,15117,0,367794060.000,0,-,-,-,-,3277.4000,3277.2000,3276.6000,3276.4000,3273.8000,3279.4000,3279.6000,3280.0000,3280.8000,3281.8000,3,1,3,1,1,2,3,25,2,1
SF,IH2012,2020-08-06 09:34:19.700,3277.8000,15117,0,367794060.000,0,-,-,-,-,3277.2000,3276.6000,3276.4000,3273.8000,3272.8000,3279.2000,3279.4000,3279.6000,3280.0000,3280.8000,1,3,1,1,1,1,2,2,25,2
SF,IH2012,2020-08-06 09:34:20.200,3277.8000,15117,0,367794060.000,0,-,-,-,-,3277.2000,3276.6000,3276.4000,3273.8000,3272.8000,3279.0000,3279.2000,3279.6000,3280.0000,3280.8000,1,3,1,1,1,2,1,2,25,2
SF,IH2012,2020-08-06 09:34:20.700,3277.8000,15117,0,367794060.000,0,-,-,-,-,3277.2000,3276.6000,3276.4000,3273.8000,3272.8000,3279.0000,3280.0000,3280.8000,3283.0000,3284.8000,1,3,1,1,1,2,25,2,1,1
SF,IH2012,2020-08-06 09:34:21.200,3277.8000,15117,0,367794060.000,0,-,-,-,-,3277.4000,3277.2000,3276.6000,3276.4000,3273.8000,3279.0000,3280.0000,3280.8000,3283.0000,3284.8000,1,1,3,1,1,2,25,2,1,1
SF,IH2012,2020-08-06 09:34:21.700,3279.0000,15116,-1,369761460.000,2,0,2,多平,S,3277.6000,3277.4000,3277.2000,3276.6000,3276.4000,3280.0000,3280.8000,3283.0000,3284.8000,3285.0000,2,1,1,3,1,25,2,1,1,1
SF,IH2012,2020-08-06 09:34:22.200,3279.0000,15116,0,369761460.000,0,-,-,-,-,3277.8000,3277.6000,3277.2000,3276.6000,3276.4000,3279.8000,3280.0000,3280.8000,3283.0000,3284.8000,9,2,1,3,1,2,30,2,1,1
SF,IH2012,2020-08-06 09:34:22.700,3279.0000,15116,0,369761460.000,0,-,-,-,-,3278.0000,3277.8000,3277.6000,3277.2000,3276.6000,3280.0000,3280.8000,3283.0000,3284.8000,3285.0000,2,9,2,1,3,30,2,1,1,1
SF,IH2012,2020-08-06 09:34:23.200,3279.0000,15116,0,369761460.000,0,-,-,-,-,3279.0000,3278.2000,3278.0000,3277.8000,3277.6000,3280.0000,3280.8000,3283.0000,3284.8000,3285.0000,1,3,4,1,2,30,2,1,1,1
SF,IH2012,2020-08-06 09:34:23.700,3279.0000,15117,1,370745160.000,1,1,0,双开,S,3278.2000,3278.0000,3277.8000,3277.6000,3277.2000,3279.8000,3280.0000,3280.8000,3283.0000,3284.8000,3,4,1,1,1,1,30,2,1,1
SF,IH2012,2020-08-06 09:34:24.200,3279.0000,15117,0,370745160.000,0,-,-,-,-,3278.2000,3278.0000,3277.8000,3277.2000,3276.6000,3279.8000,3280.0000,3280.8000,3283.0000,3284.8000,2,2,1,1,3,1,30,2,1,1
SF,IH2012,2020-08-06 09:34:24.700,3279.0000,15117,0,370745160.000,0,-,-,-,-,3278.2000,3278.0000,3277.8000,3277.2000,3276.6000,3279.8000,3280.0000,3280.8000,3283.0000,3284.8000,2,2,1,1,3,1,30,2,1,1
SF,IH2012,2020-08-06 09:34:25.200,3279.8000,15116,-1,371729100.000,1,0,1,双平,S,3278.2000,3278.0000,3277.2000,3276.6000,3276.4000,3280.0000,3280.8000,3283.0000,3284.8000,3285.0000,2,2,1,3,1,30,2,1,1,1
SF,IH2012,2020-08-06 09:34:25.700,3279.8000,15116,0,371729100.000,0,-,-,-,-,3278.2000,3278.0000,3277.2000,3276.6000,3276.4000,3280.0000,3280.8000,3283.0000,3284.8000,3285.0000,2,2,1,3,1,30,2,1,1,1
SF,IH2012,2020-08-06 09:34:26.700,3279.8000,15116,0,371729100.000,0,-,-,-,-,3278.4000,3278.2000,3278.0000,3277.2000,3276.6000,3280.0000,3280.8000,3283.0000,3284.8000,3285.0000,1,2,2,1,3,30,2,1,1,1
SF,IH2012,2020-08-06 09:34:27.200,3280.0000,15110,-6,377633100.000,6,0,6,双平,S,3278.6000,3278.4000,3278.2000,3278.0000,3277.2000,3280.0000,3280.8000,3283.0000,3284.8000,3285.0000,3,3,1,2,1,24,2,1,1,1
SF,IH2012,2020-08-06 09:34:27.700,3280.0000,15109,-1,378617100.000,1,0,1,双平,S,3279.0000,3278.6000,3278.4000,3278.2000,3278.0000,3280.0000,3280.8000,3283.0000,3284.8000,3285.0000,6,3,2,1,2,23,1,1,1,1
SF,IH2012,2020-08-06 09:34:28.200,3280.0000,15098,-11,389441100.000,11,0,11,双平,S,3279.0000,3278.8000,3278.6000,3278.4000,3278.2000,3280.0000,3280.8000,3283.0000,3284.8000,3285.0000,1,1,3,2,1,12,1,1,1,1
SF,IH2012,2020-08-06 09:34:28.700,3280.0000,15098,0,390425100.000,1,0,1,多换,S,3279.2000,3278.8000,3278.6000,3278.4000,3278.2000,3280.0000,3280.8000,3282.0000,3283.0000,3284.8000,2,1,2,2,1,11,1,1,1,1
SF,IH2012,2020-08-06 09:34:29.200,3280.0000,15098,0,390425100.000,0,-,-,-,-,3279.2000,3278.8000,3278.6000,3278.4000,3278.2000,3280.0000,3280.8000,3282.0000,3283.0000,3284.8000,1,1,2,2,1,11,1,1,1,1
SF,IH2012,2020-08-06 09:34:29.700,3280.0000,15098,0,390425100.000,0,-,-,-,-,3279.2000,3278.6000,3278.4000,3278.2000,3278.0000,3280.0000,3280.8000,3282.0000,3283.0000,3284.8000,2,2,2,1,2,11,1,1,1,1
SF,IH2012,2020-08-06 09:34:30.200,3280.0000,15098,0,391409100.000,1,0,1,多换,S,3279.2000,3278.6000,3278.4000,3278.2000,3278.0000,3280.0000,3280.8000,3282.0000,3283.0000,3284.8000,2,2,2,1,2,10,1,1,1,1
SF,IH2012,2020-08-06 09:34:30.700,3280.0000,15098,0,391409100.000,0,-,-,-,-,3279.8000,3279.6000,3279.2000,3278.6000,3278.4000,3280.0000,3280.8000,3282.0000,3283.0000,3284.8000,1,1,2,2,2,10,1,1,1,1
SF,IH2012,2020-08-06 09:34:31.200,3279.6000,15097,-1,392392980.000,1,0,1,双平,S,3279.2000,3278.6000,3278.2000,3278.0000,3277.2000,3279.4000,3280.0000,3280.8000,3282.0000,3283.0000,1,2,1,2,1,2,10,1,1,1
SF,IH2012,2020-08-06 09:34:31.700,3280.0000,15091,-6,398296020.000,6,0,6,双平,S,3279.2000,3278.6000,3278.0000,3277.2000,3276.6000,3280.0000,3280.8000,3283.0000,3284.8000,3285.0000,1,2,2,1,3,9,1,1,1,1
SF,IH2012,2020-08-06 09:34:32.200,3280.0000,15091,0,398296020.000,0,-,-,-,-,3278.6000,3278.0000,3277.2000,3276.6000,3276.4000,3280.0000,3280.8000,3281.8000,3283.0000,3284.8000,2,2,1,3,1,9,1,1,1,1
