市场代码,合约代码,时间,最新,持仓,增仓,成交额,成交量,开仓,平仓,成交类型,方向,买一价,买二价,买三价,买四价,买五价,卖一价,卖二价,卖三价,卖四价,卖五价,买一量,买二量,买三量,买四量,买五量,卖一量,卖二量,卖三量,卖四量,卖五量
SF,IH2007,2020-05-26 09:29:00.000,2733.0000,4360,0,5739300.000,7.000,-,-,-,-,2732.8000,2732.2000,2732.0000,2728.0000,2727.0000,2735.0000,2736.0000,2738.0000,2745.0000,2747.0000,1,1,1,2,1,1,1,1,2,2
SF,IH2007,2020-05-26 09:30:00.500,2735.4000,4361,1,10663080.000,6,3,3,空开,S,2736.0000,2735.4000,2735.2000,2735.0000,2733.0000,2738.0000,2739.0000,2745.0000,2747.0000,2747.2000,1,12,8,2,3,1,1,2,2,1
SF,IH2007,2020-05-26 09:30:01.000,2736.0000,4359,-2,12304680.000,2,0,2,双平,S,2736.2000,2736.0000,2735.4000,2735.2000,2735.0000,2737.8000,2738.0000,2739.0000,2745.0000,2747.0000,2,1,12,8,2,1,1,1,2,2
SF,IH2007,2020-05-26 09:30:01.500,2738.0000,4356,-3,15590160.000,4,0,4,多平,S,2737.0000,2736.8000,2736.2000,2735.4000,2735.2000,2739.0000,2745.0000,2747.0000,2747.2000,2749.0000,1,1,2,11,8,1,2,2,1,1
SF,IH2007,2020-05-26 09:30:02.000,2737.2000,4354,-2,17233020.000,2,0,2,双平,S,2737.0000,2736.8000,2736.2000,2735.4000,2735.2000,2738.0000,2738.8000,2739.0000,2745.0000,2747.0000,1,1,1,11,8,1,1,1,2,2
SF,IH2007,2020-05-26 09:30:02.500,2737.8000,4355,1,18875700.000,2,1,1,空开,S,2736.2000,2735.4000,2735.2000,2735.0000,2734.0000,2738.0000,2738.8000,2739.0000,2745.0000,2747.0000,1,11,8,2,1,1,1,1,2,2
SF,IH2007,2020-05-26 09:30:03.000,2736.4000,4354,-1,19696620.000,1,0,1,双平,S,2736.2000,2735.4000,2735.2000,2735.0000,2733.0000,2737.8000,2738.0000,2738.6000,2739.0000,2745.0000,2,11,8,1,1,2,1,1,1,2
SF,IH2007,2020-05-26 09:30:03.500,2736.4000,4354,0,19696620.000,0,-,-,-,-,2736.2000,2735.4000,2735.2000,2735.0000,2733.0000,2737.6000,2737.8000,2738.0000,2738.6000,2739.0000,1,11,8,1,1,2,2,1,1,1
SF,IH2007,2020-05-26 09:30:04.000,2736.2000,4354,0,20517480.000,1,0,1,多换,S,2735.4000,2735.2000,2735.0000,2733.2000,2733.0000,2736.2000,2737.4000,2737.6000,2737.8000,2738.0000,11,8,1,1,1,1,1,2,1,1
SF,IH2007,2020-05-26 09:30:04.500,2736.0000,4354,0,22979520.000,3,1,2,多换,S,2735.4000,2735.2000,2733.2000,2732.2000,2728.0000,2736.0000,2736.2000,2737.6000,2737.8000,2738.0000,9,7,1,5,1,2,1,1,1,1
SF,IH2007,2020-05-26 09:30:05.000,2735.4000,4351,-3,26262000.000,4,0,4,多平,S,2735.4000,2735.2000,2732.2000,2728.0000,2725.2000,2736.0000,2736.2000,2737.6000,2737.8000,2738.0000,5,7,5,1,1,2,1,1,1,1
SF,IH2007,2020-05-26 09:30:05.500,2735.4000,4349,-2,29544480.000,4,1,3,多平,S,2735.4000,2735.2000,2732.2000,2728.0000,2725.2000,2735.8000,2736.0000,2736.2000,2737.8000,2738.0000,1,7,5,1,1,1,2,1,1,1
SF,IH2007,2020-05-26 09:30:06.000,2735.4000,4348,-1,30365100.000,1,0,1,双平,S,2735.2000,2732.2000,2728.0000,2725.2000,2722.2000,2735.6000,2735.8000,2736.2000,2737.8000,2738.0000,6,5,1,1,1,2,1,1,1,1
SF,IH2007,2020-05-26 09:30:06.500,2735.2000,4350,2,33647340.000,4,3,1,空开,S,2735.2000,2732.2000,2728.0000,2725.2000,2722.2000,2735.4000,2735.6000,2736.2000,2737.8000,2738.0000,2,5,1,1,1,2,2,1,1,1
SF,IH2007,2020-05-26 09:30:07.000,2735.2000,4350,0,35288460.000,2,1,1,多换,S,2732.2000,2728.0000,2725.2000,2722.2000,2702.2000,2735.2000,2735.4000,2736.2000,2737.8000,2738.0000,5,1,1,1,1,3,2,1,1,1
SF,IH2007,2020-05-26 09:30:07.500,2735.2000,4350,0,35288460.000,0,-,-,-,-,2733.8000,2733.6000,2732.4000,2728.4000,2728.0000,2735.0000,2735.2000,2736.2000,2738.0000,2738.6000,1,1,3,5,1,3,3,1,1,1
SF,IH2007,2020-05-26 09:30:08.000,2735.2000,4350,0,35288460.000,0,-,-,-,-,2732.4000,2728.0000,2725.2000,2724.6000,2722.2000,2734.8000,2735.0000,2735.2000,2736.2000,2738.0000,3,1,1,5,1,3,1,1,1,1
SF,IH2007,2020-05-26 09:30:08.500,2735.2000,4350,0,35288460.000,0,-,-,-,-,2733.2000,2733.0000,2732.4000,2728.0000,2725.2000,2734.6000,2734.8000,2735.0000,2735.2000,2736.2000,1,1,1,1,1,1,3,1,1,1
SF,IH2007,2020-05-26 09:30:09.000,2735.2000,4350,0,35288460.000,0,-,-,-,-,2732.4000,2728.0000,2725.2000,2724.6000,2722.2000,2734.4000,2734.6000,2735.2000,2736.2000,2738.0000,1,1,1,5,1,4,1,1,2,1
SF,IH2007,2020-05-26 09:30:09.500,2735.2000,4350,0,35288460.000,0,-,-,-,-,2732.8000,2732.6000,2732.4000,2728.0000,2725.2000,2734.2000,2734.4000,2735.2000,2736.2000,2738.0000,1,1,1,1,1,1,4,1,2,1
SF,IH2007,2020-05-26 09:30:10.000,2732.6000,4350,0,36108240.000,1,0,1,多换,S,2728.0000,2725.2000,2724.6000,2722.2000,2702.2000,2734.0000,2734.2000,2734.4000,2735.2000,2736.2000,1,1,5,1,1,3,3,1,1,2
SF,IH2007,2020-05-26 09:30:10.500,2732.6000,4350,0,36108240.000,0,-,-,-,-,2731.4000,2731.0000,2730.6000,2730.0000,2728.2000,2733.8000,2734.0000,2734.2000,2734.4000,2735.0000,1,1,1,2,2,1,3,2,1,1
SF,IH2007,2020-05-26 09:30:11.000,2732.6000,4350,0,36108240.000,0,-,-,-,-,2731.6000,2731.4000,2730.6000,2730.0000,2728.2000,2733.6000,2733.8000,2734.2000,2734.4000,2735.0000,1,1,1,2,1,3,1,2,1,1
SF,IH2007,2020-05-26 09:30:11.500,2732.6000,4350,0,36108240.000,0,-,-,-,-,2731.6000,2731.4000,2730.6000,2730.0000,2728.2000,2733.4000,2733.6000,2734.2000,2734.4000,2735.0000,1,1,1,2,1,1,3,2,1,1
SF,IH2007,2020-05-26 09:30:12.000,2732.6000,4350,0,36108240.000,0,-,-,-,-,2731.6000,2731.4000,2730.6000,2730.0000,2728.0000,2733.2000,2733.4000,2734.2000,2734.4000,2735.0000,1,1,1,2,1,3,1,2,1,1
SF,IH2007,2020-05-26 09:30:12.500,2733.2000,4349,-1,36928200.000,1,0,1,双平,S,2731.8000,2731.6000,2731.4000,2730.6000,2730.0000,2733.2000,2733.4000,2734.2000,2734.4000,2735.0000,1,1,1,1,2,2,1,2,1,1
SF,IH2007,2020-05-26 09:30:13.000,2733.2000,4348,-1,37748160.000,1,0,1,双平,S,2732.0000,2731.8000,2731.4000,2730.6000,2730.0000,2733.2000,2733.4000,2734.2000,2734.4000,2735.0000,1,1,1,1,2,1,1,2,1,1
SF,IH2007,2020-05-26 09:30:13.500,2732.0000,4347,-1,38567760.000,1,0,1,双平,S,2731.8000,2731.4000,2730.6000,2730.0000,2728.0000,2733.2000,2733.4000,2734.2000,2734.4000,2735.0000,1,1,1,2,1,1,1,2,1,1
SF,IH2007,2020-05-26 09:30:14.000,2733.0000,4347,0,39387660.000,1,0,1,多换,S,2731.4000,2730.6000,2730.0000,2728.0000,2725.2000,2733.2000,2733.4000,2734.2000,2734.4000,2735.0000,1,1,2,1,1,1,1,2,1,1
SF,IH2007,2020-05-26 09:30:14.500,2733.0000,4347,0,39387660.000,0,-,-,-,-,2731.6000,2731.4000,2730.6000,2730.0000,2728.0000,2733.0000,2733.2000,2734.2000,2734.4000,2735.0000,2,1,1,2,1,2,1,2,1,1
SF,IH2007,2020-05-26 09:30:15.000,2733.0000,4347,0,40207560.000,1,0,1,多换,S,2731.6000,2731.4000,2730.6000,2730.0000,2728.0000,2732.8000,2734.2000,2734.4000,2735.0000,2735.2000,2,1,1,2,1,1,2,1,1,1
SF,IH2007,2020-05-26 09:30:15.500,2732.8000,4347,0,41027400.000,1,0,1,多换,S,2731.6000,2731.4000,2730.6000,2730.0000,2728.0000,2734.2000,2734.4000,2735.0000,2738.0000,2739.0000,2,1,1,2,1,2,1,1,1,1
SF,IH2007,2020-05-26 09:30:16.000,2732.8000,4347,0,41027400.000,0,-,-,-,-,2731.8000,2731.6000,2731.4000,2730.6000,2730.0000,2734.0000,2734.2000,2734.4000,2735.0000,2738.0000,1,2,1,1,2,2,2,1,1,1
SF,IH2007,2020-05-26 09:30:16.500,2732.8000,4347,0,41027400.000,0,-,-,-,-,2732.0000,2731.8000,2731.4000,2730.6000,2730.0000,2734.0000,2734.2000,2734.4000,2735.0000,2738.0000,2,1,1,1,2,2,2,1,1,1
SF,IH2007,2020-05-26 09:30:17.000,2732.8000,4347,0,41027400.000,0,-,-,-,-,2732.2000,2732.0000,2730.0000,2728.0000,2725.2000,2734.0000,2734.4000,2735.0000,2738.0000,2739.0000,4,2,2,1,1,1,1,1,1,1
SF,IH2007,2020-05-26 09:30:17.500,2734.0000,4346,-1,41847600.000,1,0,1,双平,S,2733.0000,2732.4000,2732.2000,2730.0000,2728.0000,2734.4000,2738.0000,2739.0000,2742.0000,2745.0000,1,2,5,2,1,1,1,1,1,2
SF,IH2007,2020-05-26 09:30:18.000,2734.0000,4346,0,41847600.000,0,-,-,-,-,2733.2000,2733.0000,2732.2000,2730.0000,2728.0000,2734.4000,2738.0000,2739.0000,2742.0000,2745.0000,2,1,5,2,1,1,1,1,1,2
SF,IH2007,2020-05-26 09:30:18.500,2734.0000,4346,0,41847600.000,0,-,-,-,-,2733.2000,2732.2000,2730.0000,2728.0000,2725.2000,2734.4000,2738.0000,2739.0000,2742.0000,2745.0000,2,4,2,1,1,1,1,1,1,2
SF,IH2007,2020-05-26 09:30:19.500,2734.0000,4346,0,41847600.000,0,-,-,-,-,2733.4000,2733.2000,2732.2000,2730.0000,2728.0000,2734.4000,2738.0000,2739.0000,2742.0000,2745.0000,1,1,2,2,1,1,1,1,1,2
SF,IH2007,2020-05-26 09:30:20.000,2733.4000,4345,-1,42667620.000,1,0,1,双平,S,2733.2000,2732.2000,2730.0000,2728.0000,2725.2000,2734.4000,2738.0000,2739.0000,2742.0000,2745.0000,1,2,2,1,1,1,1,1,1,2
SF,IH2007,2020-05-26 09:30:20.500,2733.4000,4345,0,42667620.000,0,-,-,-,-,2732.2000,2730.0000,2728.0000,2725.2000,2724.6000,2734.4000,2738.0000,2739.0000,2742.0000,2745.0000,2,2,1,1,5,1,1,1,1,2
SF,IH2007,2020-05-26 09:30:21.000,2733.4000,4345,0,42667620.000,0,-,-,-,-,2732.4000,2732.2000,2730.0000,2728.0000,2725.2000,2733.4000,2734.2000,2734.4000,2738.0000,2739.0000,1,1,2,1,1,1,1,1,1,1
SF,IH2007,2020-05-26 09:30:21.500,2733.4000,4344,-1,43487640.000,1,0,1,双平,S,2732.4000,2730.0000,2728.0000,2725.2000,2724.6000,2734.2000,2734.4000,2738.0000,2739.0000,2742.0000,1,2,1,1,5,1,1,1,1,1
SF,IH2007,2020-05-26 09:30:22.000,2732.6000,4343,-1,44307420.000,1,0,1,双平,S,2732.4000,2730.0000,2728.0000,2725.2000,2724.6000,2734.0000,2734.2000,2734.4000,2738.0000,2739.0000,1,2,1,1,5,1,1,2,1,1
SF,IH2007,2020-05-26 09:30:22.500,2732.6000,4343,0,44307420.000,0,-,-,-,-,2732.4000,2730.0000,2728.0000,2725.2000,2724.6000,2733.8000,2734.0000,2734.4000,2738.0000,2739.0000,1,2,1,1,5,1,1,2,1,1
SF,IH2007,2020-05-26 09:30:25.500,2732.4000,4342,-1,45127140.000,1,0,1,双平,S,2730.0000,2728.0000,2725.2000,2724.6000,2722.6000,2733.8000,2734.0000,2734.4000,2738.0000,2739.0000,2,1,1,5,1,1,1,2,1,1
SF,IH2007,2020-05-26 09:30:26.000,2732.4000,4342,0,45127140.000,0,-,-,-,-,2730.8000,2730.2000,2728.0000,2725.2000,2724.6000,2733.6000,2733.8000,2734.4000,2738.0000,2739.0000,1,1,1,1,5,1,1,2,1,1
SF,IH2007,2020-05-26 09:30:26.500,2732.4000,4342,0,45127140.000,0,-,-,-,-,2731.0000,2730.8000,2728.0000,2725.2000,2724.6000,2733.4000,2733.6000,2734.4000,2738.0000,2739.0000,1,1,1,1,5,1,1,1,1,1
SF,IH2007,2020-05-26 09:30:27.000,2732.4000,4342,0,45127140.000,0,-,-,-,-,2731.0000,2728.0000,2725.2000,2724.6000,2722.6000,2733.2000,2733.4000,2733.6000,2738.0000,2739.0000,1,1,1,5,1,1,2,1,1,1
SF,IH2007,2020-05-26 09:30:27.500,2732.4000,4342,0,45127140.000,0,-,-,-,-,2728.0000,2725.2000,2724.6000,2722.6000,2722.2000,2733.0000,2733.2000,2733.4000,2733.6000,2738.0000,1,1,5,1,1,3,1,1,1,1
SF,IH2007,2020-05-26 09:30:28.000,2732.4000,4342,0,45127140.000,0,-,-,-,-,2729.6000,2728.2000,2728.0000,2725.2000,2724.6000,2732.6000,2732.8000,2733.0000,2733.4000,2733.6000,1,3,1,1,5,1,3,3,1,1
SF,IH2007,2020-05-26 09:30:28.500,2732.4000,4342,0,45127140.000,0,-,-,-,-,2729.8000,2729.6000,2728.2000,2728.0000,2725.2000,2732.4000,2732.6000,2732.8000,2733.0000,2733.4000,1,1,2,1,1,2,1,2,2,1
SF,IH2007,2020-05-26 09:30:29.000,2732.4000,4342,0,45127140.000,0,-,-,-,-,2729.8000,2729.6000,2728.2000,2728.0000,2725.2000,2732.2000,2732.4000,2732.6000,2732.8000,2733.0000,1,1,2,1,1,1,2,1,2,2
SF,IH2007,2020-05-26 09:30:29.500,2732.4000,4342,0,45127140.000,0,-,-,-,-,2729.8000,2729.6000,2728.2000,2728.0000,2725.2000,2732.0000,2732.2000,2732.6000,2732.8000,2733.0000,1,1,2,1,1,2,1,1,2,2
SF,IH2007,2020-05-26 09:30:30.000,2732.4000,4342,0,45127140.000,0,-,-,-,-,2729.8000,2729.6000,2728.2000,2725.2000,2724.6000,2731.8000,2732.0000,2732.6000,2733.0000,2733.4000,1,1,2,1,5,1,2,1,2,1
SF,IH2007,2020-05-26 09:30:30.500,2732.4000,4342,0,45127140.000,0,-,-,-,-,2729.8000,2728.2000,2725.2000,2724.6000,2722.6000,2731.6000,2731.8000,2732.6000,2733.0000,2733.4000,1,2,1,5,1,2,1,1,2,1
SF,IH2007,2020-05-26 09:30:31.000,2732.4000,4342,0,45127140.000,0,-,-,-,-,2729.8000,2728.2000,2725.2000,2724.6000,2722.6000,2731.4000,2731.6000,2732.6000,2733.4000,2733.6000,1,2,1,5,1,1,2,1,1,1
SF,IH2007,2020-05-26 09:30:31.500,2732.4000,4342,0,45127140.000,0,-,-,-,-,2729.8000,2728.2000,2725.2000,2724.6000,2722.6000,2731.2000,2731.4000,2731.6000,2733.4000,2733.6000,1,2,1,5,1,1,1,1,1,1
SF,IH2007,2020-05-26 09:30:32.500,2732.4000,4342,0,45127140.000,0,-,-,-,-,2729.8000,2728.2000,2725.2000,2724.6000,2722.6000,2731.2000,2731.4000,2731.6000,2732.0000,2733.6000,1,2,1,5,1,1,1,1,1,1
SF,IH2007,2020-05-26 09:30:36.000,2732.4000,4342,0,45127140.000,0,-,-,-,-,2729.8000,2728.2000,2725.2000,2724.6000,2722.6000,2731.2000,2731.4000,2731.6000,2732.0000,2733.6000,1,2,1,5,1,1,1,1,1,1
SF,IH2007,2020-05-26 09:30:37.500,2732.4000,4342,0,45127140.000,0,-,-,-,-,2729.8000,2728.2000,2725.2000,2724.6000,2722.6000,2731.2000,2731.4000,2731.6000,2732.0000,2733.6000,1,2,1,5,1,1,1,1,1,1
SF,IH2007,2020-05-26 09:30:38.500,2731.2000,4342,0,45946500.000,1,0,1,多换,S,2729.8000,2728.2000,2725.2000,2724.6000,2722.6000,2731.0000,2731.4000,2731.6000,2732.0000,2733.6000,1,2,1,5,1,1,1,1,1,1
SF,IH2007,2020-05-26 09:30:39.000,2731.0000,4341,-1,46765800.000,1,0,1,双平,S,2729.8000,2728.2000,2725.2000,2724.6000,2722.6000,2731.4000,2731.6000,2732.0000,2733.6000,2735.0000,1,2,1,5,1,1,1,1,1,2
SF,IH2007,2020-05-26 09:30:39.500,2731.4000,4340,-1,47585220.000,1,0,1,双平,S,2731.4000,2729.8000,2728.2000,2725.2000,2724.6000,2731.6000,2732.0000,2733.6000,2735.0000,2738.0000,1,1,2,1,5,1,1,1,2,2
SF,IH2007,2020-05-26 09:30:40.000,2731.6000,4339,-1,48404700.000,1,0,1,双平,S,2729.8000,2728.2000,2725.2000,2724.6000,2722.6000,2732.0000,2733.6000,2735.0000,2738.0000,2739.0000,1,2,1,5,1,1,1,2,2,1
SF,IH2007,2020-05-26 09:30:40.500,2731.6000,4339,0,48404700.000,0,-,-,-,-,2730.0000,2729.8000,2728.2000,2725.2000,2724.6000,2733.6000,2735.0000,2738.0000,2739.0000,2742.0000,2,1,2,1,5,1,2,2,1,1
SF,IH2007,2020-05-26 09:30:41.000,2731.6000,4339,0,48404700.000,0,-,-,-,-,2730.2000,2730.0000,2728.2000,2725.2000,2724.6000,2733.2000,2733.4000,2733.6000,2735.0000,2738.0000,1,2,2,1,5,1,2,1,2,2
SF,IH2007,2020-05-26 09:30:41.500,2731.6000,4339,0,48404700.000,0,-,-,-,-,2730.4000,2730.2000,2728.2000,2725.2000,2724.6000,2733.0000,2733.2000,2733.4000,2733.6000,2735.0000,2,1,2,1,5,1,1,2,1,2
SF,IH2007,2020-05-26 09:30:42.000,2731.6000,4339,0,48404700.000,0,-,-,-,-,2730.6000,2730.4000,2728.2000,2725.2000,2724.6000,2732.8000,2733.0000,2733.6000,2735.0000,2738.0000,1,2,2,1,5,1,1,1,2,2
SF,IH2007,2020-05-26 09:30:42.500,2731.6000,4339,0,48404700.000,0,-,-,-,-,2730.8000,2730.6000,2728.2000,2725.2000,2724.6000,2732.8000,2733.6000,2735.0000,2738.0000,2739.0000,2,1,2,1,5,1,1,2,2,1
SF,IH2007,2020-05-26 09:30:43.000,2731.6000,4339,0,48404700.000,0,-,-,-,-,2731.0000,2730.8000,2728.2000,2725.2000,2724.6000,2732.8000,2733.6000,2735.0000,2738.0000,2739.0000,1,2,2,1,5,1,1,2,2,1
SF,IH2007,2020-05-26 09:30:43.500,2731.2000,4338,-1,49224060.000,1,0,1,双平,S,2731.2000,2731.0000,2728.2000,2725.2000,2724.6000,2732.6000,2732.8000,2735.0000,2738.0000,2739.0000,1,1,2,1,5,1,1,2,2,1
SF,IH2007,2020-05-26 09:30:44.000,2732.6000,4338,0,50043840.000,1,0,1,多换,S,2731.0000,2728.2000,2725.2000,2724.6000,2722.6000,2732.8000,2735.0000,2738.0000,2739.0000,2742.0000,1,2,1,5,1,1,2,2,1,1
SF,IH2007,2020-05-26 09:30:44.500,2732.6000,4338,0,50043840.000,0,-,-,-,-,2731.2000,2731.0000,2728.2000,2725.2000,2724.6000,2732.6000,2735.0000,2738.0000,2739.0000,2742.0000,1,1,2,1,5,3,2,2,1,1
SF,IH2007,2020-05-26 09:30:45.000,2732.6000,4338,0,50043840.000,0,-,-,-,-,2731.4000,2731.2000,2728.2000,2725.2000,2724.6000,2732.6000,2735.0000,2738.0000,2739.0000,2742.0000,1,1,2,1,5,3,2,2,1,1
SF,IH2007,2020-05-26 09:30:45.500,2732.6000,4338,0,50043840.000,0,-,-,-,-,2731.6000,2731.4000,2728.2000,2725.2000,2724.6000,2732.6000,2735.0000,2738.0000,2739.0000,2742.0000,1,1,2,1,5,2,2,2,1,1
SF,IH2007,2020-05-26 09:30:46.000,2731.8000,4337,-1,50863380.000,1,0,1,双平,S,2728.2000,2725.2000,2724.6000,2722.6000,2722.2000,2732.6000,2735.0000,2738.0000,2739.0000,2742.0000,2,1,5,1,1,2,2,2,1,1
SF,IH2007,2020-05-26 09:30:46.500,2731.8000,4337,0,50863380.000,0,-,-,-,-,2730.0000,2729.2000,2728.4000,2728.2000,2725.2000,2732.4000,2732.6000,2735.0000,2738.0000,2739.0000,1,1,4,2,1,1,2,2,2,1
SF,IH2007,2020-05-26 09:30:47.000,2731.8000,4337,0,50863380.000,0,-,-,-,-,2730.2000,2730.0000,2729.2000,2728.4000,2728.2000,2732.4000,2732.6000,2735.0000,2738.0000,2739.0000,1,1,1,2,2,1,2,2,2,1
SF,IH2007,2020-05-26 09:30:47.500,2731.8000,4337,0,50863380.000,0,-,-,-,-,2730.4000,2730.2000,2730.0000,2729.2000,2728.4000,2732.4000,2732.6000,2735.0000,2738.0000,2739.0000,1,1,1,1,2,1,2,2,2,1
SF,IH2007,2020-05-26 09:30:48.000,2731.8000,4337,0,50863380.000,0,-,-,-,-,2730.6000,2730.4000,2730.0000,2729.2000,2728.4000,2732.4000,2732.6000,2735.0000,2738.0000,2739.0000,1,1,1,1,2,1,2,2,2,1
SF,IH2007,2020-05-26 09:30:48.500,2731.8000,4337,0,50863380.000,0,-,-,-,-,2730.6000,2730.0000,2729.2000,2728.4000,2728.2000,2732.4000,2732.6000,2735.0000,2738.0000,2739.0000,1,1,1,2,2,1,2,2,2,1
SF,IH2007,2020-05-26 09:30:49.000,2731.8000,4337,0,50863380.000,0,-,-,-,-,2730.8000,2730.6000,2730.0000,2729.2000,2728.4000,2732.4000,2735.0000,2738.0000,2739.0000,2742.0000,1,1,1,1,2,1,2,2,1,1
SF,IH2007,2020-05-26 09:30:49.500,2731.8000,4337,0,50863380.000,0,-,-,-,-,2731.0000,2730.8000,2730.0000,2729.2000,2728.4000,2732.4000,2735.0000,2738.0000,2739.0000,2742.0000,1,1,1,1,2,1,2,2,1,1
SF,IH2007,2020-05-26 09:30:50.000,2731.8000,4337,0,50863380.000,0,-,-,-,-,2731.0000,2730.0000,2729.2000,2728.4000,2728.2000,2735.0000,2738.0000,2739.0000,2742.0000,2745.0000,1,1,1,2,2,2,2,1,1,3
SF,IH2007,2020-05-26 09:30:50.500,2731.8000,4337,0,50863380.000,0,-,-,-,-,2731.2000,2731.0000,2730.0000,2729.2000,2728.2000,2734.2000,2734.8000,2735.0000,2738.0000,2739.0000,1,1,1,1,2,1,3,2,2,1
SF,IH2007,2020-05-26 09:30:51.000,2731.8000,4337,0,50863380.000,0,-,-,-,-,2731.4000,2731.2000,2730.0000,2729.2000,2728.2000,2734.2000,2734.8000,2735.0000,2738.0000,2739.0000,1,1,1,1,2,1,4,2,2,1
SF,IH2007,2020-05-26 09:30:51.500,2731.8000,4337,0,50863380.000,0,-,-,-,-,2731.4000,2730.0000,2729.2000,2728.2000,2725.2000,2734.0000,2734.8000,2735.0000,2738.0000,2739.0000,1,1,1,2,1,5,3,2,2,1
SF,IH2007,2020-05-26 09:30:52.000,2731.8000,4337,0,50863380.000,0,-,-,-,-,2731.6000,2730.0000,2729.2000,2728.2000,2725.2000,2734.0000,2734.8000,2735.0000,2738.0000,2739.0000,2,1,1,2,1,5,3,2,2,1
SF,IH2007,2020-05-26 09:30:52.500,2731.8000,4337,0,50863380.000,0,-,-,-,-,2731.6000,2730.0000,2729.2000,2728.2000,2725.2000,2733.8000,2734.0000,2734.8000,2735.0000,2738.0000,1,1,1,2,1,2,5,3,2,2
SF,IH2007,2020-05-26 09:30:53.000,2731.8000,4337,0,50863380.000,0,-,-,-,-,2731.6000,2730.0000,2729.2000,2728.2000,2725.2000,2733.6000,2733.8000,2734.0000,2734.8000,2735.0000,1,1,1,2,1,1,2,4,3,2
SF,IH2007,2020-05-26 09:30:53.500,2731.8000,4337,0,50863380.000,0,-,-,-,-,2731.6000,2730.0000,2729.2000,2728.2000,2725.2000,2733.6000,2733.8000,2734.0000,2734.8000,2735.0000,1,1,1,2,1,2,2,1,3,2
SF,IH2007,2020-05-26 09:30:54.000,2731.8000,4337,0,50863380.000,0,-,-,-,-,2731.6000,2730.0000,2729.2000,2728.2000,2725.2000,2733.6000,2733.8000,2734.0000,2734.8000,2735.0000,1,1,1,2,1,2,2,1,3,2
SF,IH2007,2020-05-26 09:30:55.000,2731.8000,4337,0,50863380.000,0,-,-,-,-,2731.6000,2730.0000,2729.2000,2728.2000,2725.2000,2733.6000,2733.8000,2734.8000,2735.0000,2738.0000,1,1,1,2,1,2,2,3,2,2
SF,IH2007,2020-05-26 09:30:56.500,2731.8000,4337,0,50863380.000,0,-,-,-,-,2731.6000,2730.0000,2729.2000,2728.2000,2725.2000,2733.6000,2733.8000,2734.8000,2735.0000,2738.0000,1,1,1,2,1,2,2,3,3,2
SF,IH2007,2020-05-26 09:30:57.000,2731.8000,4337,0,50863380.000,0,-,-,-,-,2731.6000,2730.0000,2729.2000,2728.2000,2725.2000,2733.4000,2733.6000,2733.8000,2734.8000,2735.0000,1,1,1,2,1,1,2,2,3,3
SF,IH2007,2020-05-26 09:30:57.500,2731.8000,4337,0,50863380.000,0,-,-,-,-,2731.6000,2730.0000,2729.2000,2728.2000,2725.2000,2733.2000,2733.4000,2733.8000,2734.8000,2735.0000,1,1,1,2,1,1,1,2,3,3
SF,IH2007,2020-05-26 09:31:00.000,2731.8000,4337,0,50863380.000,0,-,-,-,-,2731.6000,2730.0000,2729.2000,2728.2000,2725.2000,2733.2000,2733.4000,2733.8000,2734.8000,2735.0000,1,1,1,2,1,1,1,2,3,3
SF,IH2007,2020-05-26 09:31:00.500,2731.8000,4337,0,50863380.000,0,-,-,-,-,2731.6000,2730.0000,2729.2000,2728.2000,2725.2000,2732.8000,2733.2000,2734.8000,2735.0000,2738.0000,1,1,1,2,1,1,1,3,3,2
SF,IH2007,2020-05-26 09:31:01.500,2732.8000,4336,-1,51683220.000,1,0,1,双平,S,2731.6000,2730.0000,2729.2000,2728.2000,2725.2000,2733.2000,2734.8000,2735.0000,2738.0000,2739.0000,1,1,1,2,1,1,3,3,2,1
SF,IH2007,2020-05-26 09:31:02.000,2732.8000,4336,0,51683220.000,0,-,-,-,-,2731.8000,2731.6000,2730.0000,2729.2000,2728.2000,2733.2000,2734.8000,2735.0000,2738.0000,2739.0000,1,1,1,1,2,1,3,3,2,1
SF,IH2007,2020-05-26 09:31:02.500,2732.8000,4336,0,51683220.000,0,-,-,-,-,2733.2000,2731.8000,2730.0000,2729.2000,2728.2000,2734.8000,2735.0000,2738.0000,2739.0000,2739.8000,1,1,1,1,2,3,3,2,1,5
SF,IH2007,2020-05-26 09:31:03.000,2732.8000,4336,0,51683220.000,0,-,-,-,-,2731.8000,2730.0000,2729.2000,2728.2000,2725.2000,2733.0000,2734.8000,2735.0000,2738.0000,2739.0000,1,1,1,2,1,7,3,3,2,1
SF,IH2007,2020-05-26 09:31:03.500,2732.8000,4336,0,51683220.000,0,-,-,-,-,2732.0000,2730.0000,2729.2000,2728.2000,2725.2000,2733.0000,2734.8000,2735.0000,2738.0000,2739.0000,1,1,1,2,1,7,3,3,2,1
SF,IH2007,2020-05-26 09:31:04.500,2732.8000,4336,0,51683220.000,0,-,-,-,-,2732.0000,2730.0000,2729.2000,2728.2000,2725.2000,2733.0000,2734.8000,2735.0000,2738.0000,2739.0000,1,1,1,2,1,7,4,3,2,1
SF,IH2007,2020-05-26 09:31:05.000,2732.8000,4336,0,51683220.000,0,-,-,-,-,2732.0000,2730.0000,2729.2000,2728.2000,2725.2000,2734.8000,2735.0000,2738.0000,2739.0000,2739.8000,1,1,1,2,1,1,3,2,1,5
SF,IH2007,2020-05-26 09:31:05.500,2732.8000,4336,0,51683220.000,0,-,-,-,-,2732.2000,2732.0000,2730.0000,2729.2000,2728.2000,2734.8000,2735.0000,2738.0000,2739.0000,2739.8000,1,1,1,1,2,1,3,2,1,5
SF,IH2007,2020-05-26 09:31:06.000,2732.8000,4336,0,51683220.000,0,-,-,-,-,2732.2000,2730.0000,2729.2000,2728.2000,2725.2000,2734.8000,2735.0000,2738.0000,2739.0000,2739.8000,1,1,1,2,1,1,3,2,1,5
SF,IH2007,2020-05-26 09:31:06.500,2732.8000,4336,0,51683220.000,0,-,-,-,-,2732.4000,2730.0000,2729.2000,2728.2000,2725.2000,2734.2000,2734.6000,2734.8000,2735.0000,2738.0000,2,1,1,2,1,1,1,1,3,2
SF,IH2007,2020-05-26 09:31:07.000,2732.8000,4336,0,51683220.000,0,-,-,-,-,2732.4000,2730.0000,2729.2000,2728.2000,2725.2000,2734.0000,2734.2000,2734.8000,2735.0000,2738.0000,1,1,1,2,1,1,1,1,3,2
SF,IH2007,2020-05-26 09:31:10.500,2732.8000,4336,0,51683220.000,0,-,-,-,-,2732.4000,2731.6000,2730.0000,2729.2000,2728.2000,2734.0000,2734.2000,2734.8000,2735.0000,2738.0000,1,2,1,1,2,1,1,1,3,2
SF,IH2007,2020-05-26 09:31:11.000,2734.0000,4335,-1,52503420.000,1,0,1,双平,S,2732.4000,2731.6000,2730.0000,2729.2000,2728.2000,2734.2000,2734.8000,2735.0000,2738.0000,2739.0000,1,2,1,1,2,1,1,3,2,1
SF,IH2007,2020-05-26 09:31:11.500,2734.0000,4335,0,52503420.000,0,-,-,-,-,2732.6000,2732.4000,2731.6000,2730.0000,2729.2000,2734.2000,2734.8000,2735.0000,2738.0000,2739.0000,2,1,2,1,1,1,1,3,2,1
SF,IH2007,2020-05-26 09:31:12.000,2734.0000,4335,0,52503420.000,0,-,-,-,-,2732.6000,2731.6000,2730.0000,2729.2000,2728.2000,2734.2000,2734.8000,2735.0000,2738.0000,2739.0000,2,2,1,1,2,1,1,3,2,1
SF,IH2007,2020-05-26 09:31:12.500,2734.0000,4335,0,52503420.000,0,-,-,-,-,2732.8000,2732.6000,2731.6000,2730.0000,2729.2000,2735.0000,2738.0000,2739.0000,2739.8000,2742.0000,2,1,2,1,1,3,2,1,5,1
SF,IH2007,2020-05-26 09:31:13.000,2734.0000,4335,0,52503420.000,0,-,-,-,-,2733.0000,2732.8000,2731.6000,2730.0000,2729.2000,2735.0000,2738.0000,2739.0000,2739.8000,2742.0000,1,2,2,1,1,3,2,1,5,1
SF,IH2007,2020-05-26 09:31:13.500,2734.0000,4335,0,52503420.000,0,-,-,-,-,2733.2000,2733.0000,2731.6000,2730.0000,2729.2000,2734.8000,2735.0000,2738.0000,2739.0000,2739.8000,1,1,2,1,1,1,3,2,1,5
SF,IH2007,2020-05-26 09:31:14.000,2734.0000,4335,0,52503420.000,0,-,-,-,-,2733.4000,2733.2000,2733.0000,2731.6000,2730.0000,2734.8000,2735.0000,2738.0000,2739.0000,2739.8000,1,1,1,2,1,1,4,2,1,5
SF,IH2007,2020-05-26 09:31:14.500,2734.0000,4335,0,52503420.000,0,-,-,-,-,2733.6000,2733.4000,2733.0000,2731.6000,2730.0000,2734.8000,2735.0000,2738.0000,2739.0000,2739.8000,1,1,1,2,1,1,4,2,1,5
SF,IH2007,2020-05-26 09:31:15.000,2734.0000,4335,0,52503420.000,0,-,-,-,-,2733.6000,2733.4000,2733.0000,2731.6000,2730.0000,2735.0000,2738.0000,2739.0000,2739.8000,2742.0000,1,1,1,2,1,4,2,1,5,1
SF,IH2007,2020-05-26 09:31:16.000,2734.0000,4335,0,52503420.000,0,-,-,-,-,2733.6000,2733.4000,2733.0000,2731.6000,2730.0000,2734.8000,2735.0000,2738.0000,2739.0000,2739.8000,1,1,1,2,1,2,4,2,1,5
SF,IH2007,2020-05-26 09:31:16.500,2734.0000,4335,0,52503420.000,0,-,-,-,-,2733.6000,2733.4000,2733.0000,2731.6000,2730.0000,2734.8000,2735.0000,2738.0000,2739.0000,2742.0000,1,1,1,2,1,2,4,2,1,1
SF,IH2007,2020-05-26 09:31:17.000,2734.0000,4335,0,52503420.000,0,-,-,-,-,2733.4000,2733.0000,2731.6000,2730.0000,2729.2000,2734.8000,2735.0000,2738.0000,2739.0000,2742.0000,1,1,2,1,1,2,4,2,1,1
SF,IH2007,2020-05-26 09:31:17.500,2734.0000,4335,0,52503420.000,0,-,-,-,-,2733.4000,2733.0000,2731.6000,2730.0000,2729.2000,2734.6000,2734.8000,2735.0000,2738.0000,2739.0000,1,1,2,1,1,1,2,4,2,1
SF,IH2007,2020-05-26 09:31:19.000,2734.0000,4335,0,52503420.000,0,-,-,-,-,2733.4000,2733.0000,2731.6000,2730.0000,2729.2000,2734.6000,2735.0000,2738.0000,2739.0000,2742.0000,1,1,2,1,1,1,4,2,1,1
SF,IH2007,2020-05-26 09:31:20.000,2734.0000,4335,0,52503420.000,0,-,-,-,-,2733.6000,2733.4000,2733.0000,2731.6000,2730.0000,2734.6000,2735.0000,2738.0000,2739.0000,2742.0000,1,1,1,2,1,1,4,2,1,1
SF,IH2007,2020-05-26 09:31:20.500,2734.0000,4335,0,52503420.000,0,-,-,-,-,2733.6000,2733.4000,2733.0000,2731.6000,2730.0000,2734.6000,2735.0000,2738.0000,2739.0000,2742.0000,1,1,1,2,1,1,4,2,1,1
SF,IH2007,2020-05-26 09:31:21.000,2734.0000,4335,0,52503420.000,0,-,-,-,-,2733.6000,2733.0000,2731.6000,2730.0000,2729.2000,2734.6000,2735.0000,2738.0000,2739.0000,2742.0000,1,1,2,1,1,1,4,2,1,1
SF,IH2007,2020-05-26 09:31:21.500,2734.0000,4335,0,52503420.000,0,-,-,-,-,2733.0000,2731.6000,2730.0000,2729.2000,2728.2000,2734.6000,2735.0000,2738.0000,2739.0000,2742.0000,1,2,1,1,2,1,4,2,1,1
SF,IH2007,2020-05-26 09:31:22.000,2734.0000,4335,0,52503420.000,0,-,-,-,-,2733.2000,2733.0000,2731.6000,2730.0000,2729.2000,2734.6000,2735.0000,2738.0000,2739.0000,2742.0000,1,1,2,1,1,1,4,2,1,1
SF,IH2007,2020-05-26 09:31:22.500,2734.0000,4335,0,52503420.000,0,-,-,-,-,2733.4000,2733.2000,2733.0000,2731.6000,2730.0000,2734.6000,2735.0000,2738.0000,2739.0000,2742.0000,1,1,1,2,1,1,4,2,1,1
SF,IH2007,2020-05-26 09:31:23.000,2734.0000,4335,0,52503420.000,0,-,-,-,-,2733.4000,2733.2000,2733.0000,2731.6000,2730.0000,2735.0000,2738.0000,2739.0000,2742.0000,2743.6000,1,1,1,2,1,4,2,1,1,5
SF,IH2007,2020-05-26 09:31:23.500,2734.0000,4335,0,52503420.000,0,-,-,-,-,2733.4000,2733.0000,2731.6000,2730.0000,2729.2000,2735.0000,2738.0000,2739.0000,2742.0000,2743.6000,1,1,2,1,1,4,2,1,1,5
SF,IH2007,2020-05-26 09:31:24.000,2734.0000,4335,0,52503420.000,0,-,-,-,-,2733.6000,2733.4000,2733.0000,2731.6000,2730.0000,2735.0000,2738.0000,2739.0000,2742.0000,2743.6000,1,1,1,2,1,4,2,1,1,5
SF,IH2007,2020-05-26 09:31:24.500,2734.0000,4335,0,52503420.000,0,-,-,-,-,2733.8000,2733.6000,2733.0000,2731.6000,2730.0000,2735.0000,2738.0000,2739.0000,2742.0000,2743.6000,1,1,1,2,1,4,2,1,1,5
SF,IH2007,2020-05-26 09:31:25.000,2734.0000,4335,0,52503420.000,0,-,-,-,-,2733.8000,2733.0000,2731.6000,2730.0000,2729.2000,2735.0000,2738.0000,2739.0000,2742.0000,2743.6000,1,1,2,1,1,4,2,1,1,5
SF,IH2007,2020-05-26 09:31:25.500,2734.0000,4335,0,52503420.000,0,-,-,-,-,2734.0000,2733.0000,2731.6000,2730.0000,2729.2000,2735.0000,2738.0000,2739.0000,2742.0000,2743.6000,2,1,2,1,1,4,2,1,1,5
SF,IH2007,2020-05-26 09:31:26.000,2734.0000,4335,0,52503420.000,0,-,-,-,-,2734.2000,2734.0000,2733.0000,2731.6000,2730.0000,2735.0000,2738.0000,2739.0000,2742.0000,2743.6000,1,1,1,2,1,4,2,1,1,5
SF,IH2007,2020-05-26 09:31:26.500,2734.0000,4335,0,52503420.000,0,-,-,-,-,2734.2000,2734.0000,2733.0000,2731.6000,2730.0000,2735.0000,2738.0000,2739.0000,2742.0000,2743.6000,1,1,1,2,1,4,2,1,1,5
SF,IH2007,2020-05-26 09:31:28.500,2734.0000,4335,0,52503420.000,0,-,-,-,-,2734.2000,2734.0000,2733.0000,2731.6000,2730.0000,2735.0000,2736.2000,2738.0000,2739.0000,2742.0000,1,1,1,2,1,4,1,2,1,1
SF,IH2007,2020-05-26 09:31:29.000,2734.0000,4335,0,52503420.000,0,-,-,-,-,2734.0000,2733.0000,2731.6000,2730.0000,2729.2000,2735.0000,2736.2000,2738.0000,2739.0000,2742.0000,1,1,2,1,1,4,1,2,1,1
SF,IH2007,2020-05-26 09:31:29.500,2734.0000,4335,0,52503420.000,0,-,-,-,-,2734.0000,2733.0000,2731.6000,2730.0000,2729.2000,2735.0000,2736.2000,2738.0000,2739.0000,2742.0000,1,1,2,1,1,4,1,2,1,1
SF,IH2007,2020-05-26 09:31:30.000,2734.0000,4335,0,52503420.000,0,-,-,-,-,2734.0000,2733.0000,2731.6000,2730.0000,2729.2000,2735.0000,2736.2000,2738.0000,2739.0000,2742.0000,1,1,2,1,1,4,1,2,1,1
SF,IH2007,2020-05-26 09:31:31.000,2734.0000,4335,0,52503420.000,0,-,-,-,-,2734.0000,2733.0000,2731.6000,2730.0000,2729.2000,2735.0000,2736.2000,2738.0000,2739.0000,2742.0000,1,1,2,1,1,4,1,2,1,1
SF,IH2007,2020-05-26 09:31:31.500,2734.0000,4335,0,53323620.000,1,0,1,多换,S,2733.0000,2731.6000,2730.0000,2729.2000,2728.2000,2733.8000,2735.0000,2736.2000,2738.0000,2739.0000,1,2,1,1,2,6,4,1,2,1
SF,IH2007,2020-05-26 09:31:32.000,2734.0000,4335,0,53323620.000,0,-,-,-,-,2731.6000,2730.0000,2729.2000,2728.2000,2725.2000,2735.0000,2736.2000,2738.0000,2739.0000,2742.0000,4,1,1,2,1,4,1,2,1,1
SF,IH2007,2020-05-26 09:31:32.500,2734.0000,4335,0,53323620.000,0,-,-,-,-,2731.8000,2731.6000,2729.2000,2728.2000,2725.2000,2735.0000,2736.2000,2738.0000,2739.0000,2742.0000,2,4,1,2,1,4,1,2,1,1
SF,IH2007,2020-05-26 09:31:33.000,2734.0000,4335,0,53323620.000,0,-,-,-,-,2732.2000,2731.8000,2731.6000,2729.2000,2728.2000,2735.0000,2736.2000,2738.0000,2739.0000,2742.0000,1,2,4,1,2,4,1,2,1,1
SF,IH2007,2020-05-26 09:31:33.500,2734.0000,4335,0,53323620.000,0,-,-,-,-,2732.4000,2732.2000,2731.6000,2729.2000,2728.2000,2734.8000,2735.0000,2738.0000,2739.0000,2742.0000,2,1,4,1,2,1,4,2,1,1
SF,IH2007,2020-05-26 09:31:34.000,2734.0000,4335,0,53323620.000,0,-,-,-,-,2732.4000,2731.6000,2729.2000,2728.2000,2725.2000,2734.8000,2735.0000,2738.0000,2739.0000,2742.0000,2,4,1,2,1,1,4,2,1,1
SF,IH2007,2020-05-26 09:31:35.000,2734.0000,4335,0,53323620.000,0,-,-,-,-,2732.4000,2731.6000,2729.2000,2728.2000,2725.2000,2734.6000,2734.8000,2735.0000,2738.0000,2739.0000,2,4,1,2,1,1,1,4,2,1
SF,IH2007,2020-05-26 09:31:36.000,2734.0000,4335,0,53323620.000,0,-,-,-,-,2732.6000,2732.4000,2731.6000,2729.2000,2728.2000,2734.6000,2734.8000,2735.0000,2738.0000,2739.0000,1,1,4,1,2,1,1,4,2,1
SF,IH2007,2020-05-26 09:31:36.500,2734.0000,4335,0,53323620.000,0,-,-,-,-,2732.8000,2732.6000,2731.6000,2729.2000,2728.2000,2734.0000,2734.6000,2734.8000,2735.0000,2738.0000,1,1,4,1,2,1,1,1,4,2
SF,IH2007,2020-05-26 09:31:37.000,2734.0000,4335,0,53323620.000,0,-,-,-,-,2732.6000,2731.6000,2729.2000,2728.2000,2725.2000,2734.0000,2734.6000,2734.8000,2735.0000,2738.0000,1,4,1,2,1,1,1,1,4,2
SF,IH2007,2020-05-26 09:31:37.500,2734.0000,4335,0,53323620.000,0,-,-,-,-,2731.6000,2729.2000,2728.2000,2725.2000,2724.6000,2734.0000,2734.6000,2734.8000,2735.0000,2738.0000,4,1,2,1,5,1,1,1,4,2
SF,IH2007,2020-05-26 09:31:38.000,2734.0000,4335,0,53323620.000,0,-,-,-,-,2731.8000,2731.6000,2729.2000,2728.2000,2725.2000,2734.0000,2734.6000,2734.8000,2735.0000,2738.0000,2,5,1,2,1,3,1,1,4,2
SF,IH2007,2020-05-26 09:31:39.000,2734.0000,4335,0,53323620.000,0,-,-,-,-,2731.8000,2731.6000,2729.2000,2728.2000,2725.2000,2734.0000,2734.6000,2735.0000,2738.0000,2739.0000,2,4,1,2,1,3,1,4,2,1
SF,IH2007,2020-05-26 09:31:40.000,2734.0000,4335,0,53323620.000,0,-,-,-,-,2732.4000,2731.8000,2731.6000,2729.2000,2725.2000,2734.0000,2734.6000,2735.0000,2738.0000,2739.0000,1,2,4,1,1,3,1,4,2,1
SF,IH2007,2020-05-26 09:31:40.500,2734.0000,4335,0,53323620.000,0,-,-,-,-,2732.6000,2731.8000,2731.6000,2729.2000,2725.2000,2734.0000,2734.6000,2735.0000,2738.0000,2739.0000,1,1,4,1,1,4,1,4,2,1
SF,IH2007,2020-05-26 09:31:41.000,2734.0000,4335,0,53323620.000,0,-,-,-,-,2732.8000,2731.8000,2731.6000,2729.2000,2725.2000,2734.0000,2734.6000,2735.0000,2738.0000,2739.0000,1,1,4,1,1,4,1,4,2,1
SF,IH2007,2020-05-26 09:31:41.500,2734.0000,4335,0,53323620.000,0,-,-,-,-,2731.8000,2731.6000,2729.2000,2725.2000,2724.6000,2734.0000,2734.6000,2735.0000,2738.0000,2739.0000,1,4,1,1,5,4,1,4,2,1
SF,IH2007,2020-05-26 09:31:42.000,2734.0000,4335,0,53323620.000,0,-,-,-,-,2732.0000,2731.8000,2731.6000,2729.2000,2725.2000,2734.0000,2734.6000,2735.0000,2738.0000,2739.0000,1,1,4,1,1,5,1,4,2,1
SF,IH2007,2020-05-26 09:31:42.500,2734.0000,4335,0,53323620.000,0,-,-,-,-,2732.2000,2732.0000,2731.6000,2729.2000,2725.2000,2734.0000,2734.6000,2735.0000,2738.0000,2739.0000,1,1,4,1,1,5,1,4,2,1
SF,IH2007,2020-05-26 09:31:43.000,2734.0000,4335,0,53323620.000,0,-,-,-,-,2732.4000,2732.2000,2731.6000,2729.2000,2725.2000,2734.0000,2734.6000,2735.0000,2738.0000,2739.0000,1,1,4,1,1,5,1,4,2,1
SF,IH2007,2020-05-26 09:31:43.500,2732.4000,4335,0,54143340.000,1,0,1,多换,S,2732.2000,2731.6000,2729.2000,2725.2000,2724.6000,2733.8000,2734.0000,2734.6000,2735.0000,2738.0000,1,4,1,1,5,2,5,1,4,2
SF,IH2007,2020-05-26 09:31:44.000,2732.2000,4334,-1,54963000.000,1,0,1,双平,S,2731.6000,2729.2000,2725.2000,2724.6000,2723.0000,2733.8000,2734.0000,2734.6000,2735.0000,2738.0000,4,1,1,5,1,2,5,1,4,2
SF,IH2007,2020-05-26 09:31:44.500,2732.2000,4334,0,54963000.000,0,-,-,-,-,2731.6000,2729.2000,2725.2000,2724.6000,2723.0000,2733.6000,2733.8000,2734.0000,2734.6000,2735.0000,4,1,1,5,1,1,2,5,1,4
SF,IH2007,2020-05-26 09:31:45.000,2732.2000,4334,0,54963000.000,0,-,-,-,-,2731.6000,2729.2000,2725.2000,2724.6000,2723.0000,2733.4000,2733.6000,2733.8000,2734.0000,2734.6000,4,1,1,5,1,2,1,1,3,1
SF,IH2007,2020-05-26 09:31:45.500,2732.2000,4334,0,54963000.000,0,-,-,-,-,2731.6000,2729.2000,2725.2000,2724.6000,2723.0000,2733.2000,2733.4000,2733.8000,2734.0000,2734.6000,4,1,1,5,1,1,2,1,3,1
SF,IH2007,2020-05-26 09:31:46.000,2732.2000,4334,0,54963000.000,0,-,-,-,-,2731.6000,2729.2000,2725.2000,2724.6000,2723.0000,2733.0000,2733.2000,2733.4000,2733.8000,2734.0000,4,1,1,5,1,1,1,1,1,3
SF,IH2007,2020-05-26 09:31:48.000,2731.6000,4334,0,57421440.000,3,1,2,多换,S,2731.6000,2729.2000,2725.2000,2724.6000,2723.0000,2733.0000,2733.2000,2733.4000,2733.8000,2734.0000,1,1,1,5,1,1,1,1,1,3
SF,IH2007,2020-05-26 09:31:48.500,2731.6000,4334,0,58240920.000,1,0,1,多换,S,2725.2000,2724.6000,2723.0000,2722.6000,2722.2000,2731.6000,2732.8000,2733.0000,2733.2000,2733.4000,1,5,1,1,1,1,2,1,1,1
SF,IH2007,2020-05-26 09:31:49.000,2731.6000,4334,0,58240920.000,0,-,-,-,-,2730.0000,2729.4000,2729.0000,2728.6000,2725.4000,2731.4000,2731.6000,2732.8000,2733.4000,2733.8000,1,1,2,1,2,2,1,2,1,1
SF,IH2007,2020-05-26 09:31:49.500,2731.6000,4334,0,58240920.000,0,-,-,-,-,2730.2000,2729.4000,2729.0000,2728.6000,2725.4000,2731.4000,2731.6000,2732.8000,2733.4000,2733.8000,1,1,2,1,1,1,1,2,1,1
SF,IH2007,2020-05-26 09:31:50.000,2731.6000,4334,0,58240920.000,0,-,-,-,-,2729.4000,2729.0000,2728.6000,2725.4000,2725.2000,2731.6000,2732.8000,2733.4000,2733.8000,2734.0000,1,2,1,1,1,1,2,1,1,3
SF,IH2007,2020-05-26 09:31:50.500,2731.6000,4334,0,58240920.000,0,-,-,-,-,2729.6000,2729.4000,2729.0000,2728.6000,2725.4000,2731.4000,2732.8000,2733.4000,2733.8000,2734.0000,1,1,2,1,1,1,1,1,1,3
SF,IH2007,2020-05-26 09:31:51.000,2731.4000,4334,0,59060340.000,1,0,1,多换,S,2730.4000,2729.8000,2729.6000,2729.4000,2729.0000,2732.8000,2733.4000,2733.8000,2734.0000,2734.6000,1,1,1,1,2,1,1,1,2,1
SF,IH2007,2020-05-26 09:31:51.500,2731.4000,4334,0,59060340.000,0,-,-,-,-,2730.6000,2729.4000,2729.0000,2728.6000,2725.4000,2732.6000,2732.8000,2733.4000,2733.8000,2734.0000,2,1,2,1,1,1,1,1,1,2
SF,IH2007,2020-05-26 09:31:52.000,2731.4000,4334,0,59060340.000,0,-,-,-,-,2730.6000,2729.4000,2729.0000,2728.6000,2725.4000,2732.6000,2732.8000,2733.4000,2733.8000,2734.0000,1,1,2,1,1,1,1,1,1,1
SF,IH2007,2020-05-26 09:31:52.500,2731.4000,4334,0,59060340.000,0,-,-,-,-,2730.8000,2730.6000,2729.4000,2729.0000,2728.6000,2732.6000,2732.8000,2733.4000,2733.8000,2734.0000,1,1,1,2,1,1,1,1,1,1
SF,IH2007,2020-05-26 09:31:53.000,2731.4000,4334,0,59060340.000,0,-,-,-,-,2731.0000,2730.8000,2729.4000,2729.0000,2728.6000,2732.4000,2732.6000,2732.8000,2733.4000,2733.8000,1,1,1,2,1,1,1,1,1,1
SF,IH2007,2020-05-26 09:31:53.500,2731.4000,4334,0,59060340.000,0,-,-,-,-,2731.0000,2729.4000,2729.0000,2728.6000,2728.0000,2732.2000,2732.4000,2732.8000,2733.4000,2733.8000,1,1,2,1,1,1,1,1,1,1
SF,IH2007,2020-05-26 09:31:54.000,2731.4000,4334,0,59060340.000,0,-,-,-,-,2729.4000,2729.0000,2728.6000,2728.0000,2725.4000,2732.2000,2732.4000,2732.8000,2733.4000,2733.8000,1,2,1,1,1,1,1,1,1,1
SF,IH2007,2020-05-26 09:31:54.500,2731.4000,4334,0,59060340.000,0,-,-,-,-,2729.6000,2729.4000,2729.0000,2728.6000,2728.0000,2732.2000,2732.4000,2732.8000,2733.4000,2733.8000,2,1,2,1,1,1,1,1,1,1
SF,IH2007,2020-05-26 09:31:55.000,2731.4000,4334,0,59060340.000,0,-,-,-,-,2729.6000,2729.4000,2729.0000,2728.6000,2728.0000,2732.2000,2732.4000,2732.8000,2733.4000,2733.8000,2,1,2,1,1,1,1,1,1,1
SF,IH2007,2020-05-26 09:31:55.500,2731.4000,4334,0,59060340.000,0,-,-,-,-,2729.6000,2729.4000,2729.0000,2728.6000,2728.0000,2732.2000,2732.4000,2732.8000,2733.4000,2733.8000,2,1,2,1,1,1,1,1,1,1
SF,IH2007,2020-05-26 09:31:57.000,2731.4000,4334,0,59060340.000,0,-,-,-,-,2729.6000,2729.4000,2729.0000,2728.6000,2728.0000,2732.0000,2732.2000,2732.8000,2733.4000,2733.8000,2,1,2,1,1,1,1,1,1,1
SF,IH2007,2020-05-26 09:31:57.500,2731.4000,4334,0,59060340.000,0,-,-,-,-,2729.6000,2729.4000,2729.0000,2728.6000,2728.0000,2731.8000,2732.0000,2732.8000,2733.4000,2733.8000,2,1,2,1,1,1,1,1,1,1
SF,IH2007,2020-05-26 09:31:59.500,2731.4000,4334,0,59060340.000,0,-,-,-,-,2729.6000,2728.0000,2725.2000,2724.6000,2723.0000,2731.6000,2731.8000,2732.0000,2732.8000,2733.4000,2,1,1,5,1,2,1,1,1,1
SF,IH2007,2020-05-26 09:32:00.000,2731.4000,4334,0,59060340.000,0,-,-,-,-,2729.6000,2728.0000,2725.2000,2724.6000,2723.0000,2731.4000,2731.6000,2732.8000,2733.4000,2733.8000,1,1,1,5,1,3,2,1,1,1
SF,IH2007,2020-05-26 09:32:01.500,2731.4000,4334,0,59060340.000,0,-,-,-,-,2729.6000,2728.0000,2725.2000,2724.6000,2723.0000,2731.2000,2731.4000,2731.6000,2732.8000,2733.4000,1,1,1,5,1,1,3,2,1,1
SF,IH2007,2020-05-26 09:32:02.000,2731.4000,4334,0,59060340.000,0,-,-,-,-,2729.6000,2728.0000,2725.2000,2724.6000,2723.0000,2731.0000,2731.2000,2731.4000,2731.6000,2732.8000,1,1,1,5,1,1,1,2,2,1
SF,IH2007,2020-05-26 09:32:02.500,2731.4000,4334,0,59060340.000,0,-,-,-,-,2729.6000,2728.0000,2725.2000,2724.6000,2723.0000,2731.0000,2731.2000,2731.4000,2731.6000,2732.8000,1,1,1,5,1,1,1,2,2,1
SF,IH2007,2020-05-26 09:32:03.000,2731.4000,4334,0,59060340.000,0,-,-,-,-,2729.8000,2729.6000,2728.0000,2725.2000,2724.6000,2731.0000,2731.2000,2731.4000,2731.6000,2734.0000,1,1,1,1,5,1,1,2,2,1
SF,IH2007,2020-05-26 09:32:03.500,2731.0000,4334,0,59879640.000,1,0,1,多换,S,2729.8000,2729.6000,2728.0000,2725.2000,2724.6000,2731.6000,2734.0000,2734.6000,2735.0000,2738.0000,1,1,1,1,5,2,1,1,4,2
SF,IH2007,2020-05-26 09:32:04.000,2731.0000,4334,0,59879640.000,0,-,-,-,-,2730.0000,2728.0000,2725.2000,2724.6000,2723.0000,2731.6000,2734.0000,2734.6000,2735.0000,2738.0000,2,1,1,5,1,2,1,1,4,2
SF,IH2007,2020-05-26 09:32:04.500,2731.0000,4334,0,59879640.000,0,-,-,-,-,2730.2000,2730.0000,2729.6000,2728.0000,2725.2000,2734.0000,2734.6000,2735.0000,2738.0000,2739.0000,1,1,1,1,1,1,1,4,2,1
SF,IH2007,2020-05-26 09:32:05.000,2731.0000,4334,0,59879640.000,0,-,-,-,-,2730.4000,2730.2000,2729.6000,2728.0000,2725.2000,2732.8000,2733.4000,2733.6000,2733.8000,2734.0000,1,1,1,1,1,1,1,1,4,1
SF,IH2007,2020-05-26 09:32:05.500,2731.0000,4334,0,59879640.000,0,-,-,-,-,2730.6000,2730.4000,2729.6000,2728.0000,2725.2000,2732.8000,2733.4000,2733.6000,2733.8000,2734.0000,1,1,1,1,1,1,1,1,4,1
SF,IH2007,2020-05-26 09:32:06.000,2731.0000,4334,0,59879640.000,0,-,-,-,-,2730.8000,2730.6000,2729.6000,2728.0000,2725.2000,2732.6000,2732.8000,2733.4000,2733.6000,2733.8000,1,1,1,1,1,2,1,1,1,4
SF,IH2007,2020-05-26 09:32:06.500,2731.0000,4334,0,59879640.000,0,-,-,-,-,2731.0000,2730.8000,2729.6000,2728.0000,2725.2000,2732.6000,2733.4000,2733.6000,2733.8000,2734.0000,2,1,1,1,1,1,1,1,3,1
SF,IH2007,2020-05-26 09:32:07.000,2731.0000,4334,0,59879640.000,0,-,-,-,-,2731.2000,2731.0000,2730.8000,2729.6000,2728.0000,2732.6000,2733.4000,2733.8000,2734.0000,2734.6000,1,1,1,1,1,1,1,3,1,1
SF,IH2007,2020-05-26 09:32:07.500,2731.0000,4334,0,59879640.000,0,-,-,-,-,2731.2000,2731.0000,2730.8000,2729.6000,2728.0000,2733.4000,2733.8000,2734.0000,2734.6000,2735.0000,1,1,1,1,1,1,3,1,1,4
SF,IH2007,2020-05-26 09:32:08.000,2731.0000,4334,0,59879640.000,0,-,-,-,-,2731.4000,2731.2000,2729.6000,2728.0000,2725.2000,2733.2000,2733.8000,2734.0000,2734.6000,2735.0000,1,1,1,1,1,2,1,1,1,4
SF,IH2007,2020-05-26 09:32:08.500,2731.0000,4334,0,59879640.000,0,-,-,-,-,2731.6000,2731.4000,2729.6000,2728.0000,2725.2000,2733.0000,2733.2000,2733.8000,2734.0000,2734.6000,1,1,1,1,1,1,1,1,1,1
SF,IH2007,2020-05-26 09:32:09.000,2731.0000,4334,0,59879640.000,0,-,-,-,-,2731.4000,2729.6000,2728.0000,2725.2000,2724.6000,2732.8000,2733.2000,2733.8000,2734.0000,2734.6000,1,1,1,1,5,2,1,1,1,1
SF,IH2007,2020-05-26 09:32:09.500,2731.0000,4334,0,59879640.000,0,-,-,-,-,2731.4000,2729.6000,2728.0000,2725.2000,2724.6000,2732.6000,2732.8000,2733.2000,2733.8000,2734.0000,1,1,1,1,5,1,1,1,1,1
SF,IH2007,2020-05-26 09:32:10.000,2731.0000,4334,0,59879640.000,0,-,-,-,-,2729.6000,2728.0000,2725.2000,2724.6000,2723.0000,2732.6000,2732.8000,2733.2000,2733.8000,2734.0000,1,1,1,5,1,1,1,1,1,1
SF,IH2007,2020-05-26 09:32:10.500,2731.0000,4334,0,59879640.000,0,-,-,-,-,2730.0000,2729.8000,2729.6000,2728.0000,2725.2000,2732.8000,2733.2000,2733.8000,2734.0000,2734.6000,1,3,3,1,1,1,1,1,1,1
SF,IH2007,2020-05-26 09:32:11.000,2731.0000,4334,0,59879640.000,0,-,-,-,-,2730.2000,2730.0000,2729.8000,2729.6000,2728.0000,2732.8000,2733.2000,2733.8000,2734.0000,2734.6000,2,1,1,3,1,1,1,1,1,1
SF,IH2007,2020-05-26 09:32:11.500,2731.0000,4334,0,59879640.000,0,-,-,-,-,2730.2000,2729.6000,2728.0000,2725.2000,2724.6000,2732.8000,2733.2000,2733.8000,2734.0000,2734.6000,2,1,1,1,5,1,1,1,1,1
SF,IH2007,2020-05-26 09:32:12.000,2731.0000,4334,0,59879640.000,0,-,-,-,-,2730.2000,2729.6000,2728.0000,2725.2000,2724.6000,2732.8000,2733.2000,2733.8000,2734.0000,2734.6000,2,1,1,1,5,2,1,1,1,1
SF,IH2007,2020-05-26 09:32:12.500,2731.0000,4334,0,59879640.000,0,-,-,-,-,2730.4000,2730.2000,2729.6000,2728.0000,2725.2000,2732.8000,2733.2000,2733.8000,2734.0000,2734.6000,2,2,1,1,1,2,1,1,1,1
SF,IH2007,2020-05-26 09:32:13.000,2730.6000,4333,-1,60698820.000,1,0,1,双平,S,2730.6000,2730.4000,2729.6000,2728.0000,2725.2000,2732.8000,2733.2000,2734.0000,2734.6000,2735.0000,1,2,1,1,1,1,1,1,1,4
SF,IH2007,2020-05-26 09:32:13.500,2730.6000,4333,0,60698820.000,0,-,-,-,-,2730.8000,2730.6000,2730.4000,2729.6000,2728.0000,2732.8000,2733.2000,2734.0000,2734.6000,2735.0000,1,1,1,1,1,1,1,1,1,4
SF,IH2007,2020-05-26 09:32:14.000,2730.6000,4333,0,60698820.000,0,-,-,-,-,2731.0000,2730.8000,2730.4000,2729.6000,2728.0000,2732.8000,2733.2000,2734.0000,2734.6000,2735.0000,1,1,1,1,1,1,1,1,1,4
SF,IH2007,2020-05-26 09:32:14.500,2731.0000,4333,0,62337420.000,2,1,1,多换,S,2730.8000,2730.4000,2729.6000,2728.0000,2725.2000,2732.6000,2732.8000,2734.0000,2734.6000,2735.0000,1,1,1,1,1,1,1,1,1,4
SF,IH2007,2020-05-26 09:32:15.000,2731.0000,4333,0,62337420.000,0,-,-,-,-,2731.0000,2730.4000,2729.6000,2728.0000,2725.2000,2732.6000,2734.0000,2734.6000,2735.0000,2738.0000,1,1,1,1,1,1,1,1,4,2
SF,IH2007,2020-05-26 09:32:15.500,2731.0000,4333,0,62337420.000,0,-,-,-,-,2731.0000,2730.4000,2729.6000,2728.0000,2725.2000,2734.0000,2734.6000,2735.0000,2738.0000,2739.0000,1,1,1,1,1,1,1,4,2,1
SF,IH2007,2020-05-26 09:32:16.000,2731.0000,4333,0,62337420.000,0,-,-,-,-,2731.0000,2730.4000,2729.6000,2728.0000,2725.2000,2733.8000,2734.0000,2734.6000,2735.0000,2738.0000,1,1,1,1,1,1,1,1,4,2
SF,IH2007,2020-05-26 09:32:16.500,2731.0000,4333,0,62337420.000,0,-,-,-,-,2730.4000,2729.6000,2728.0000,2725.2000,2724.6000,2733.8000,2734.0000,2734.6000,2735.0000,2738.0000,1,1,1,1,5,1,1,1,4,2
SF,IH2007,2020-05-26 09:32:17.000,2731.0000,4333,0,62337420.000,0,-,-,-,-,2731.4000,2730.4000,2729.6000,2728.0000,2725.2000,2733.6000,2733.8000,2734.0000,2734.6000,2735.0000,1,1,1,1,1,1,1,1,1,4
SF,IH2007,2020-05-26 09:32:17.500,2731.0000,4333,0,62337420.000,0,-,-,-,-,2731.4000,2730.4000,2729.6000,2728.0000,2725.2000,2733.4000,2733.6000,2734.0000,2734.6000,2735.0000,1,1,1,1,1,2,1,1,1,4
SF,IH2007,2020-05-26 09:32:18.000,2731.0000,4333,0,62337420.000,0,-,-,-,-,2730.8000,2730.4000,2729.6000,2728.0000,2725.2000,2733.2000,2733.4000,2733.6000,2734.0000,2734.6000,2,1,1,1,1,1,2,1,1,1
SF,IH2007,2020-05-26 09:32:18.500,2731.0000,4333,0,62337420.000,0,-,-,-,-,2730.8000,2730.4000,2729.6000,2725.2000,2724.6000,2733.0000,2733.2000,2733.6000,2734.0000,2734.6000,2,1,1,1,5,1,1,1,1,1
SF,IH2007,2020-05-26 09:32:19.000,2731.0000,4333,0,62337420.000,0,-,-,-,-,2731.0000,2730.8000,2730.4000,2729.6000,2725.2000,2733.0000,2733.2000,2733.6000,2734.0000,2734.6000,1,2,1,1,1,1,1,1,1,1
SF,IH2007,2020-05-26 09:32:19.500,2731.0000,4333,0,62337420.000,0,-,-,-,-,2731.0000,2730.8000,2730.4000,2729.6000,2725.2000,2733.0000,2733.6000,2734.0000,2734.6000,2735.0000,1,2,1,1,1,1,1,1,1,4
SF,IH2007,2020-05-26 09:32:20.000,2731.0000,4333,0,62337420.000,0,-,-,-,-,2730.8000,2730.4000,2729.6000,2725.2000,2724.6000,2733.0000,2733.6000,2734.0000,2734.6000,2735.0000,2,1,1,1,5,1,1,1,1,4
SF,IH2007,2020-05-26 09:32:21.000,2731.0000,4333,0,62337420.000,0,-,-,-,-,2731.0000,2730.8000,2730.4000,2729.6000,2725.2000,2733.0000,2733.6000,2734.0000,2734.6000,2735.0000,1,2,1,1,1,1,1,1,1,4
SF,IH2007,2020-05-26 09:32:22.000,2731.0000,4333,0,62337420.000,0,-,-,-,-,2731.0000,2730.4000,2729.6000,2725.2000,2724.6000,2733.0000,2733.6000,2734.0000,2734.6000,2735.0000,1,1,1,1,5,1,1,1,1,4
SF,IH2007,2020-05-26 09:32:22.500,2731.0000,4333,0,62337420.000,0,-,-,-,-,2731.2000,2731.0000,2730.4000,2729.6000,2725.2000,2733.0000,2734.0000,2734.6000,2735.0000,2738.0000,1,1,1,1,1,1,1,1,4,2
SF,IH2007,2020-05-26 09:32:23.000,2731.0000,4333,0,62337420.000,0,-,-,-,-,2731.4000,2731.2000,2730.4000,2729.6000,2725.2000,2734.0000,2734.6000,2735.0000,2738.0000,2739.0000,2,1,1,1,1,1,1,4,2,1
SF,IH2007,2020-05-26 09:32:23.500,2731.0000,4333,0,62337420.000,0,-,-,-,-,2731.4000,2731.2000,2730.4000,2729.6000,2725.2000,2733.8000,2734.0000,2734.6000,2735.0000,2738.0000,1,1,1,1,1,1,1,1,4,2
SF,IH2007,2020-05-26 09:32:24.000,2731.0000,4333,0,62337420.000,0,-,-,-,-,2731.4000,2730.4000,2729.6000,2725.2000,2724.6000,2733.8000,2734.0000,2734.6000,2735.0000,2738.0000,1,1,1,1,5,1,1,1,4,2
SF,IH2007,2020-05-26 09:32:24.500,2731.0000,4333,0,62337420.000,0,-,-,-,-,2730.4000,2729.6000,2725.2000,2724.6000,2723.0000,2733.8000,2734.0000,2734.6000,2735.0000,2738.0000,1,1,1,5,1,1,1,1,4,2
SF,IH2007,2020-05-26 09:32:25.000,2731.0000,4333,0,62337420.000,0,-,-,-,-,2730.6000,2730.4000,2729.6000,2725.2000,2724.6000,2733.6000,2733.8000,2734.0000,2734.6000,2735.0000,2,1,1,1,5,1,1,1,1,4
SF,IH2007,2020-05-26 09:32:25.500,2731.0000,4333,0,62337420.000,0,-,-,-,-,2731.0000,2730.6000,2730.4000,2729.6000,2725.2000,2733.4000,2733.6000,2734.0000,2734.6000,2735.0000,2,2,1,1,1,1,1,1,1,4
SF,IH2007,2020-05-26 09:32:27.500,2731.0000,4333,0,62337420.000,0,-,-,-,-,2731.0000,2730.6000,2730.4000,2729.6000,2725.2000,2733.2000,2733.4000,2734.0000,2734.6000,2735.0000,2,2,1,1,1,1,1,1,1,4
SF,IH2007,2020-05-26 09:32:28.000,2731.0000,4333,0,62337420.000,0,-,-,-,-,2731.0000,2730.6000,2730.4000,2729.6000,2725.2000,2733.0000,2733.2000,2734.0000,2734.6000,2735.0000,2,2,1,1,1,1,1,1,1,4
SF,IH2007,2020-05-26 09:32:29.500,2731.0000,4333,0,62337420.000,0,-,-,-,-,2731.0000,2730.6000,2730.4000,2729.6000,2725.2000,2733.0000,2734.0000,2734.6000,2735.0000,2738.0000,2,2,1,1,1,1,1,1,4,2
SF,IH2007,2020-05-26 09:32:30.000,2731.0000,4333,0,62337420.000,0,-,-,-,-,2731.0000,2730.6000,2730.4000,2729.6000,2725.2000,2734.0000,2734.6000,2735.0000,2738.0000,2739.0000,2,2,1,1,1,1,1,4,2,1
SF,IH2007,2020-05-26 09:32:30.500,2731.0000,4333,0,62337420.000,0,-,-,-,-,2731.0000,2730.4000,2729.6000,2725.2000,2724.6000,2733.8000,2734.0000,2734.6000,2735.0000,2738.0000,2,1,1,1,5,2,1,1,4,2
SF,IH2007,2020-05-26 09:32:31.000,2731.0000,4333,0,62337420.000,0,-,-,-,-,2731.0000,2730.4000,2729.6000,2725.2000,2724.6000,2733.6000,2733.8000,2734.0000,2734.6000,2735.0000,2,1,1,1,5,1,2,1,1,4
SF,IH2007,2020-05-26 09:32:31.500,2731.0000,4333,0,62337420.000,0,-,-,-,-,2731.0000,2730.4000,2729.6000,2725.2000,2724.6000,2733.4000,2734.0000,2734.6000,2735.0000,2738.0000,2,1,1,1,5,1,1,1,4,2
SF,IH2007,2020-05-26 09:32:32.000,2731.0000,4333,0,62337420.000,0,-,-,-,-,2731.0000,2730.4000,2729.6000,2725.2000,2724.6000,2733.4000,2734.0000,2734.6000,2735.0000,2738.0000,2,1,1,1,5,2,1,1,4,2
SF,IH2007,2020-05-26 09:32:32.500,2731.0000,4333,0,62337420.000,0,-,-,-,-,2731.0000,2730.4000,2729.6000,2725.2000,2724.6000,2733.2000,2733.4000,2734.0000,2734.6000,2735.0000,2,1,1,1,5,1,2,1,1,4
SF,IH2007,2020-05-26 09:32:33.000,2731.0000,4333,0,62337420.000,0,-,-,-,-,2731.2000,2731.0000,2730.4000,2729.6000,2725.2000,2733.0000,2733.2000,2733.4000,2734.0000,2734.6000,1,2,1,1,1,1,1,1,1,1
SF,IH2007,2020-05-26 09:32:33.500,2731.0000,4333,0,62337420.000,0,-,-,-,-,2731.4000,2731.0000,2730.4000,2729.6000,2725.2000,2733.0000,2733.2000,2734.0000,2734.6000,2735.0000,1,2,1,1,1,1,1,1,1,3
SF,IH2007,2020-05-26 09:32:34.000,2733.0000,4333,0,63157320.000,1,0,1,多换,S,2731.6000,2731.4000,2731.0000,2730.4000,2729.6000,2733.2000,2734.0000,2734.6000,2735.0000,2738.0000,1,2,2,1,1,1,1,1,3,2
SF,IH2007,2020-05-26 09:32:34.500,2733.0000,4333,0,63157320.000,0,-,-,-,-,2731.6000,2731.4000,2731.0000,2730.4000,2729.6000,2733.2000,2734.0000,2734.6000,2735.0000,2738.0000,1,2,2,1,1,1,1,1,3,2
SF,IH2007,2020-05-26 09:32:35.000,2733.0000,4333,0,63157320.000,0,-,-,-,-,2731.6000,2731.4000,2731.0000,2730.4000,2729.6000,2733.2000,2734.0000,2734.6000,2735.0000,2738.0000,2,2,2,1,1,1,1,1,3,2
SF,IH2007,2020-05-26 09:32:35.500,2733.2000,4333,0,63977280.000,1,0,1,多换,S,2731.6000,2731.4000,2731.0000,2729.6000,2725.2000,2734.0000,2734.6000,2735.0000,2738.0000,2739.0000,5,1,2,1,1,1,1,3,2,1
SF,IH2007,2020-05-26 09:32:36.000,2733.2000,4333,0,63977280.000,0,-,-,-,-,2732.2000,2732.0000,2731.6000,2731.0000,2729.6000,2734.0000,2734.6000,2735.0000,2738.0000,2739.0000,1,1,5,2,1,1,1,3,2,1
SF,IH2007,2020-05-26 09:32:36.500,2734.0000,4332,-1,64797480.000,1,0,1,双平,S,2733.0000,2732.4000,2732.2000,2732.0000,2731.6000,2734.6000,2735.0000,2738.0000,2739.0000,2742.0000,1,2,1,1,3,1,3,2,1,1
SF,IH2007,2020-05-26 09:32:37.000,2733.2000,4332,0,65617440.000,1,0,1,多换,S,2732.0000,2731.6000,2729.6000,2725.2000,2724.6000,2734.4000,2734.6000,2735.0000,2738.0000,2739.0000,1,2,1,1,5,3,2,3,2,1
SF,IH2007,2020-05-26 09:32:37.500,2733.2000,4332,0,65617440.000,0,-,-,-,-,2732.0000,2729.6000,2725.2000,2724.6000,2723.0000,2734.4000,2734.6000,2735.0000,2738.0000,2739.0000,1,1,1,5,1,3,2,3,2,1
SF,IH2007,2020-05-26 09:32:39.000,2733.2000,4332,0,65617440.000,0,-,-,-,-,2729.6000,2725.2000,2724.6000,2723.0000,2722.6000,2734.4000,2734.6000,2735.0000,2738.0000,2739.0000,1,1,5,1,1,3,2,3,2,1
SF,IH2007,2020-05-26 09:32:39.500,2733.2000,4332,0,65617440.000,0,-,-,-,-,2732.0000,2731.6000,2731.2000,2730.8000,2729.8000,2734.2000,2734.4000,2734.6000,2735.0000,2738.0000,1,1,2,1,1,1,3,1,3,2
SF,IH2007,2020-05-26 09:32:40.000,2733.2000,4332,0,65617440.000,0,-,-,-,-,2731.6000,2731.2000,2730.8000,2729.8000,2729.6000,2734.0000,2734.2000,2734.4000,2734.6000,2735.0000,1,2,1,1,1,2,1,2,1,3
SF,IH2007,2020-05-26 09:32:41.000,2733.2000,4332,0,65617440.000,0,-,-,-,-,2731.6000,2731.2000,2730.8000,2729.8000,2729.6000,2734.0000,2734.4000,2734.6000,2735.0000,2738.0000,1,2,1,1,1,1,2,1,3,2
SF,IH2007,2020-05-26 09:32:41.500,2734.0000,4333,1,66437640.000,1,1,0,双开,S,2731.8000,2731.6000,2731.2000,2730.8000,2729.8000,2733.8000,2734.4000,2734.6000,2735.0000,2738.0000,1,1,2,1,1,1,2,1,3,2
SF,IH2007,2020-05-26 09:32:42.000,2734.0000,4333,0,66437640.000,0,-,-,-,-,2732.0000,2731.8000,2731.6000,2731.2000,2730.8000,2734.4000,2734.6000,2735.0000,2738.0000,2739.0000,1,1,1,2,1,2,1,3,2,1
SF,IH2007,2020-05-26 09:32:42.500,2734.0000,4333,0,66437640.000,0,-,-,-,-,2732.2000,2732.0000,2731.6000,2731.2000,2730.8000,2734.6000,2735.0000,2738.0000,2739.0000,2742.0000,1,1,1,2,1,1,3,2,1,1
SF,IH2007,2020-05-26 09:32:43.000,2734.0000,4333,0,66437640.000,0,-,-,-,-,2732.2000,2732.0000,2730.8000,2729.8000,2729.6000,2734.6000,2735.0000,2738.0000,2739.0000,2742.0000,1,1,1,1,1,1,3,2,1,1
SF,IH2007,2020-05-26 09:32:43.500,2734.6000,4333,0,67258020.000,1,0,1,多换,S,2732.8000,2732.4000,2732.2000,2730.8000,2729.8000,2735.0000,2738.0000,2739.0000,2742.0000,2743.6000,1,2,1,1,1,3,2,1,1,5
SF,IH2007,2020-05-26 09:32:44.000,2734.6000,4333,0,67258020.000,0,-,-,-,-,2733.0000,2732.8000,2732.4000,2730.8000,2729.8000,2735.0000,2738.0000,2739.0000,2742.0000,2743.6000,1,1,2,1,1,3,2,1,1,5
SF,IH2007,2020-05-26 09:32:46.500,2735.0000,4332,-1,68078520.000,1,0,1,双平,S,2733.0000,2732.8000,2732.4000,2730.8000,2729.8000,2735.0000,2738.0000,2739.0000,2742.0000,2743.6000,1,1,2,1,1,2,2,1,1,5
SF,IH2007,2020-05-26 09:32:47.000,2735.0000,4332,0,68078520.000,0,-,-,-,-,2733.0000,2732.8000,2732.4000,2730.8000,2729.8000,2735.0000,2738.0000,2739.0000,2742.0000,2743.6000,1,1,2,1,1,5,2,1,1,5
SF,IH2007,2020-05-26 09:32:48.500,2735.0000,4332,0,68078520.000,0,-,-,-,-,2733.0000,2732.8000,2732.4000,2730.8000,2729.8000,2735.0000,2738.0000,2739.0000,2742.0000,2743.6000,1,1,2,1,1,5,2,1,1,5
SF,IH2007,2020-05-26 09:32:49.000,2735.0000,4332,0,68078520.000,0,-,-,-,-,2733.0000,2732.8000,2732.4000,2730.8000,2729.8000,2735.0000,2738.0000,2739.0000,2742.0000,2743.6000,1,1,2,1,1,5,2,1,1,5
SF,IH2007,2020-05-26 09:32:50.000,2735.0000,4332,0,68078520.000,0,-,-,-,-,2733.2000,2733.0000,2732.8000,2732.4000,2730.8000,2735.0000,2738.0000,2739.0000,2742.0000,2743.6000,1,1,1,2,1,5,2,1,1,5
SF,IH2007,2020-05-26 09:32:50.500,2735.0000,4332,0,68078520.000,0,-,-,-,-,2733.4000,2732.8000,2732.4000,2730.8000,2729.8000,2735.0000,2738.0000,2739.0000,2742.0000,2743.6000,1,1,2,1,1,5,2,1,1,5
SF,IH2007,2020-05-26 09:32:52.000,2735.0000,4332,0,68078520.000,0,-,-,-,-,2733.4000,2732.8000,2732.4000,2730.8000,2729.8000,2735.0000,2736.4000,2738.0000,2739.0000,2742.0000,1,1,2,1,1,5,1,2,1,1
SF,IH2007,2020-05-26 09:32:52.500,2735.0000,4332,0,68078520.000,0,-,-,-,-,2733.4000,2732.8000,2732.4000,2730.8000,2729.8000,2735.0000,2735.4000,2736.4000,2738.0000,2739.0000,1,1,2,1,1,5,1,1,2,1
SF,IH2007,2020-05-26 09:32:53.000,2735.0000,4332,0,68078520.000,0,-,-,-,-,2732.8000,2732.4000,2730.8000,2725.2000,2724.6000,2735.0000,2735.4000,2736.4000,2738.0000,2739.0000,1,2,1,1,5,5,1,1,2,1
SF,IH2007,2020-05-26 09:32:53.500,2735.0000,4332,0,68078520.000,0,-,-,-,-,2733.0000,2732.8000,2732.4000,2730.8000,2725.2000,2734.8000,2735.0000,2735.4000,2736.4000,2738.0000,1,1,2,1,1,1,5,1,1,2
SF,IH2007,2020-05-26 09:32:55.000,2733.0000,4333,1,68898420.000,1,1,0,双开,S,2732.8000,2732.4000,2730.8000,2725.2000,2724.6000,2734.6000,2735.0000,2735.4000,2736.4000,2738.0000,1,2,1,1,5,1,5,1,2,2
SF,IH2007,2020-05-26 09:32:55.500,2733.0000,4333,0,68898420.000,0,-,-,-,-,2733.0000,2732.8000,2732.4000,2730.8000,2725.2000,2734.6000,2735.0000,2735.4000,2736.4000,2738.0000,1,1,2,1,1,1,5,1,2,2
SF,IH2007,2020-05-26 09:32:56.000,2733.0000,4333,0,68898420.000,0,-,-,-,-,2732.8000,2732.4000,2730.8000,2725.2000,2724.6000,2734.6000,2735.0000,2735.4000,2736.4000,2738.0000,1,2,1,1,5,1,5,1,2,2
SF,IH2007,2020-05-26 09:32:57.500,2733.0000,4333,0,68898420.000,0,-,-,-,-,2733.0000,2732.8000,2732.4000,2730.8000,2725.2000,2734.6000,2735.0000,2735.4000,2736.4000,2738.0000,1,1,2,1,1,1,5,1,2,2
SF,IH2007,2020-05-26 09:32:59.000,2733.0000,4333,0,68898420.000,0,-,-,-,-,2732.8000,2732.4000,2730.8000,2725.2000,2724.6000,2734.6000,2735.0000,2735.4000,2736.4000,2738.0000,1,2,1,1,5,1,5,1,2,2
SF,IH2007,2020-05-26 09:33:01.000,2733.0000,4333,0,68898420.000,0,-,-,-,-,2733.0000,2732.8000,2732.4000,2730.8000,2725.2000,2734.6000,2735.0000,2735.4000,2736.4000,2738.0000,1,1,2,1,1,1,5,1,2,2
SF,IH2007,2020-05-26 09:33:02.500,2733.0000,4333,0,68898420.000,0,-,-,-,-,2733.2000,2733.0000,2732.8000,2732.4000,2730.8000,2735.0000,2735.4000,2736.4000,2738.0000,2739.0000,1,1,1,2,1,4,1,2,2,1
SF,IH2007,2020-05-26 09:33:03.000,2733.0000,4333,0,68898420.000,0,-,-,-,-,2733.2000,2732.8000,2732.4000,2730.8000,2725.2000,2735.0000,2735.4000,2736.4000,2738.0000,2739.0000,1,1,2,1,1,4,1,2,2,1
SF,IH2007,2020-05-26 09:33:03.500,2733.0000,4333,0,68898420.000,0,-,-,-,-,2733.2000,2732.8000,2732.4000,2730.8000,2725.2000,2734.8000,2735.0000,2735.4000,2736.4000,2738.0000,1,1,2,1,1,2,4,1,2,2
SF,IH2007,2020-05-26 09:33:05.000,2733.0000,4333,0,68898420.000,0,-,-,-,-,2732.8000,2732.4000,2730.8000,2725.2000,2724.6000,2734.8000,2735.0000,2735.4000,2736.4000,2738.0000,1,2,1,1,5,2,4,1,2,2
SF,IH2007,2020-05-26 09:33:05.500,2733.0000,4333,0,68898420.000,0,-,-,-,-,2732.8000,2732.4000,2730.8000,2725.2000,2724.6000,2734.8000,2735.0000,2735.4000,2736.4000,2738.0000,1,2,1,1,5,1,4,1,2,2
SF,IH2007,2020-05-26 09:33:06.000,2733.0000,4333,0,68898420.000,0,-,-,-,-,2733.2000,2732.8000,2732.4000,2730.8000,2725.2000,2734.8000,2735.0000,2735.4000,2736.4000,2738.0000,1,1,2,1,1,1,4,1,2,2
SF,IH2007,2020-05-26 09:33:09.000,2733.2000,4332,-1,69718380.000,1,0,1,双平,S,2730.8000,2725.2000,2724.6000,2723.0000,2722.6000,2734.8000,2735.0000,2735.4000,2736.4000,2738.0000,1,1,5,1,1,2,4,1,2,2
SF,IH2007,2020-05-26 09:33:09.500,2733.2000,4332,0,69718380.000,0,-,-,-,-,2732.0000,2731.6000,2731.0000,2730.8000,2725.2000,2734.8000,2735.0000,2735.4000,2736.4000,2738.0000,1,2,1,1,1,1,4,1,2,2
SF,IH2007,2020-05-26 09:33:11.000,2733.2000,4332,0,69718380.000,0,-,-,-,-,2732.0000,2731.6000,2731.0000,2730.8000,2725.2000,2734.4000,2734.6000,2734.8000,2735.0000,2735.4000,1,2,1,1,1,1,1,1,4,1
SF,IH2007,2020-05-26 09:33:11.500,2733.2000,4332,0,69718380.000,0,-,-,-,-,2732.0000,2731.6000,2731.0000,2730.8000,2725.2000,2734.2000,2734.4000,2734.6000,2735.0000,2735.4000,1,2,1,1,1,1,1,1,4,1
SF,IH2007,2020-05-26 09:33:12.000,2733.2000,4332,0,69718380.000,0,-,-,-,-,2732.0000,2731.6000,2731.0000,2730.8000,2725.2000,2734.0000,2734.2000,2734.6000,2735.0000,2735.4000,1,2,1,1,1,1,1,1,4,1
SF,IH2007,2020-05-26 09:33:12.500,2733.2000,4332,0,69718380.000,0,-,-,-,-,2732.0000,2731.6000,2731.0000,2730.8000,2725.2000,2733.8000,2734.0000,2734.6000,2735.0000,2735.4000,1,2,1,1,1,1,1,1,4,1
SF,IH2007,2020-05-26 09:33:13.000,2733.2000,4332,0,69718380.000,0,-,-,-,-,2731.0000,2730.8000,2725.2000,2724.6000,2723.0000,2733.6000,2733.8000,2734.6000,2735.0000,2735.4000,1,1,1,5,1,2,1,1,4,1
SF,IH2007,2020-05-26 09:33:13.500,2733.2000,4332,0,69718380.000,0,-,-,-,-,2731.6000,2731.2000,2731.0000,2730.8000,2725.2000,2733.4000,2733.6000,2734.6000,2735.0000,2735.4000,1,3,1,1,1,1,1,1,4,1
SF,IH2007,2020-05-26 09:33:14.000,2733.2000,4332,0,69718380.000,0,-,-,-,-,2731.0000,2725.2000,2724.6000,2723.0000,2722.6000,2733.2000,2733.4000,2734.6000,2735.0000,2735.4000,1,1,5,1,1,1,1,1,4,1
SF,IH2007,2020-05-26 09:33:14.500,2733.2000,4332,0,69718380.000,0,-,-,-,-,2731.2000,2725.2000,2724.6000,2723.0000,2722.6000,2733.0000,2733.2000,2734.6000,2735.0000,2735.4000,2,1,5,1,1,1,1,1,4,1
SF,IH2007,2020-05-26 09:33:15.000,2733.2000,4332,0,69718380.000,0,-,-,-,-,2731.2000,2725.2000,2724.6000,2723.0000,2722.6000,2732.8000,2733.0000,2734.6000,2735.0000,2735.4000,2,1,5,1,1,1,1,1,4,1
SF,IH2007,2020-05-26 09:33:15.500,2733.2000,4332,0,69718380.000,0,-,-,-,-,2731.2000,2725.2000,2724.6000,2723.0000,2722.6000,2732.6000,2732.8000,2734.6000,2735.0000,2735.4000,1,1,5,1,1,1,1,1,4,1
SF,IH2007,2020-05-26 09:33:16.000,2733.2000,4332,0,69718380.000,0,-,-,-,-,2731.2000,2725.2000,2724.6000,2723.0000,2722.6000,2732.6000,2732.8000,2734.6000,2735.0000,2735.4000,2,1,5,1,1,1,1,1,4,1
SF,IH2007,2020-05-26 09:33:17.000,2733.2000,4332,0,69718380.000,0,-,-,-,-,2725.2000,2724.6000,2723.0000,2722.6000,2722.2000,2732.6000,2732.8000,2734.6000,2735.0000,2735.4000,1,5,1,1,1,1,1,1,4,1
SF,IH2007,2020-05-26 09:33:17.500,2733.2000,4332,0,69718380.000,0,-,-,-,-,2731.2000,2731.0000,2730.6000,2730.2000,2725.4000,2732.4000,2732.6000,2734.6000,2735.0000,2735.4000,1,1,2,1,3,1,1,1,4,1
SF,IH2007,2020-05-26 09:33:18.000,2733.2000,4332,0,69718380.000,0,-,-,-,-,2731.0000,2730.6000,2730.2000,2725.4000,2725.2000,2734.6000,2735.0000,2735.4000,2736.4000,2738.0000,1,2,1,3,2,1,4,1,1,2
SF,IH2007,2020-05-26 09:33:18.500,2733.2000,4332,0,69718380.000,0,-,-,-,-,2730.6000,2729.8000,2725.4000,2725.2000,2724.6000,2734.4000,2734.6000,2735.0000,2735.4000,2736.4000,2,1,2,2,5,9,1,4,1,1
SF,IH2007,2020-05-26 09:33:19.000,2733.2000,4332,0,69718380.000,0,-,-,-,-,2730.6000,2729.8000,2725.4000,2725.2000,2724.6000,2733.6000,2734.4000,2734.6000,2735.0000,2735.4000,1,1,2,2,5,1,9,1,4,1
SF,IH2007,2020-05-26 09:33:19.500,2733.2000,4332,0,69718380.000,0,-,-,-,-,2730.8000,2730.0000,2725.4000,2725.2000,2725.0000,2733.4000,2733.6000,2734.4000,2734.6000,2735.0000,1,1,2,2,1,3,1,7,1,4
SF,IH2007,2020-05-26 09:33:20.000,2733.2000,4332,0,69718380.000,0,-,-,-,-,2730.8000,2730.0000,2725.4000,2725.2000,2725.0000,2731.2000,2733.4000,2734.4000,2734.6000,2735.0000,1,1,2,2,1,1,2,1,1,4
SF,IH2007,2020-05-26 09:33:20.500,2731.2000,4331,-1,70537740.000,1,0,1,双平,S,2731.6000,2731.2000,2730.8000,2730.0000,2725.4000,2733.4000,2734.6000,2735.0000,2735.4000,2736.4000,2,1,1,1,2,2,1,4,1,1
SF,IH2007,2020-05-26 09:33:21.000,2731.2000,4331,0,70537740.000,0,-,-,-,-,2731.6000,2730.8000,2730.0000,2729.8000,2725.4000,2733.2000,2733.4000,2735.0000,2735.4000,2736.4000,2,1,1,1,2,1,2,4,1,1
SF,IH2007,2020-05-26 09:33:21.500,2731.2000,4331,0,70537740.000,0,-,-,-,-,2731.6000,2730.0000,2729.8000,2725.4000,2725.2000,2733.0000,2733.4000,2735.0000,2735.4000,2736.4000,2,1,1,2,2,1,1,4,1,1
SF,IH2007,2020-05-26 09:33:22.000,2731.2000,4331,0,70537740.000,0,-,-,-,-,2731.6000,2731.0000,2730.0000,2729.8000,2725.4000,2733.0000,2733.4000,2735.0000,2735.4000,2736.4000,2,1,1,1,2,1,1,4,1,1
SF,IH2007,2020-05-26 09:33:22.500,2731.2000,4331,0,70537740.000,0,-,-,-,-,2731.6000,2731.0000,2730.0000,2729.8000,2725.4000,2733.4000,2735.0000,2735.4000,2736.4000,2738.0000,2,1,1,1,2,1,4,1,1,2
SF,IH2007,2020-05-26 09:33:23.000,2731.2000,4331,0,70537740.000,0,-,-,-,-,2731.6000,2731.0000,2730.8000,2730.0000,2729.8000,2733.2000,2733.4000,2735.0000,2735.4000,2736.4000,2,1,2,1,1,1,1,4,1,1
SF,IH2007,2020-05-26 09:33:24.500,2731.2000,4331,0,70537740.000,0,-,-,-,-,2731.6000,2731.0000,2730.8000,2730.0000,2729.8000,2733.2000,2733.4000,2735.0000,2735.4000,2736.4000,2,1,2,1,1,2,1,4,1,1
SF,IH2007,2020-05-26 09:33:25.000,2731.2000,4331,0,70537740.000,0,-,-,-,-,2731.6000,2730.8000,2730.0000,2729.8000,2725.4000,2733.2000,2733.4000,2735.0000,2735.4000,2736.4000,2,2,1,1,2,3,1,4,1,1
SF,IH2007,2020-05-26 09:33:28.000,2731.2000,4331,0,70537740.000,0,-,-,-,-,2731.6000,2730.8000,2730.0000,2729.8000,2725.4000,2733.0000,2733.2000,2733.4000,2735.0000,2735.4000,2,2,1,1,2,1,3,1,4,1
SF,IH2007,2020-05-26 09:33:28.500,2731.2000,4331,0,70537740.000,0,-,-,-,-,2731.6000,2730.8000,2730.0000,2729.8000,2725.4000,2732.8000,2733.0000,2733.2000,2733.4000,2735.0000,2,2,1,1,2,1,1,2,1,4
SF,IH2007,2020-05-26 09:33:30.000,2731.2000,4331,0,70537740.000,0,-,-,-,-,2731.6000,2730.0000,2729.8000,2725.4000,2725.2000,2732.8000,2733.0000,2733.2000,2733.4000,2735.0000,2,1,1,2,2,1,1,2,1,4
SF,IH2007,2020-05-26 09:33:32.000,2731.2000,4331,0,70537740.000,0,-,-,-,-,2731.6000,2730.0000,2729.8000,2725.4000,2725.2000,2732.8000,2733.0000,2733.2000,2733.4000,2735.0000,2,1,1,2,2,1,1,2,1,4
SF,IH2007,2020-05-26 09:33:32.500,2731.2000,4331,0,70537740.000,0,-,-,-,-,2731.6000,2730.0000,2729.8000,2725.4000,2725.2000,2732.8000,2733.0000,2733.2000,2733.4000,2735.0000,2,1,1,2,1,1,1,2,1,4
SF,IH2007,2020-05-26 09:33:33.000,2731.4000,4331,0,72176580.000,2,1,1,多换,S,2730.0000,2729.8000,2728.6000,2725.4000,2725.2000,2731.4000,2732.8000,2733.0000,2733.2000,2733.4000,1,1,1,2,1,4,2,1,1,1
SF,IH2007,2020-05-26 09:33:33.500,2731.4000,4331,0,72176580.000,0,-,-,-,-,2731.4000,2730.2000,2730.0000,2729.8000,2728.6000,2732.8000,2733.0000,2733.2000,2733.4000,2735.0000,1,2,1,1,1,1,1,1,1,4
SF,IH2007,2020-05-26 09:33:34.000,2731.4000,4331,0,72176580.000,0,-,-,-,-,2731.4000,2730.2000,2730.0000,2729.8000,2725.4000,2732.6000,2732.8000,2733.0000,2733.2000,2733.4000,1,1,1,1,2,1,1,1,1,1
SF,IH2007,2020-05-26 09:33:34.500,2731.4000,4331,0,72176580.000,0,-,-,-,-,2731.4000,2730.2000,2730.0000,2729.8000,2725.4000,2732.4000,2732.6000,2733.0000,2733.2000,2733.4000,1,1,1,1,2,1,1,1,1,1
SF,IH2007,2020-05-26 09:33:35.000,2731.4000,4331,0,72176580.000,0,-,-,-,-,2731.4000,2730.6000,2730.2000,2730.0000,2729.8000,2732.4000,2733.2000,2733.4000,2735.0000,2735.4000,1,1,1,1,1,1,1,1,4,1
SF,IH2007,2020-05-26 09:33:35.500,2731.4000,4331,0,72176580.000,0,-,-,-,-,2731.6000,2731.4000,2730.6000,2730.2000,2730.0000,2733.2000,2733.4000,2735.0000,2735.4000,2736.0000,1,1,1,1,1,1,1,4,1,1
SF,IH2007,2020-05-26 09:33:36.000,2731.4000,4331,0,72176580.000,0,-,-,-,-,2731.4000,2730.6000,2730.2000,2730.0000,2729.8000,2733.0000,2733.2000,2733.4000,2735.0000,2735.4000,1,1,1,1,1,1,1,1,4,1
SF,IH2007,2020-05-26 09:33:40.000,2731.4000,4331,0,72176580.000,0,-,-,-,-,2731.4000,2730.6000,2730.2000,2730.0000,2729.8000,2733.0000,2733.2000,2733.4000,2735.0000,2735.4000,1,1,1,1,1,1,1,1,4,1
SF,IH2007,2020-05-26 09:33:40.500,2731.4000,4331,0,72176580.000,0,-,-,-,-,2731.6000,2731.4000,2730.2000,2730.0000,2729.8000,2733.0000,2733.2000,2733.4000,2735.0000,2735.4000,1,1,1,1,1,1,1,1,4,1
SF,IH2007,2020-05-26 09:33:43.000,2731.4000,4331,0,72176580.000,0,-,-,-,-,2731.6000,2731.4000,2730.2000,2730.0000,2729.8000,2733.0000,2733.2000,2733.4000,2734.8000,2735.0000,1,1,1,1,1,1,1,1,1,4
SF,IH2007,2020-05-26 09:33:44.500,2731.4000,4331,0,72176580.000,0,-,-,-,-,2731.8000,2731.6000,2731.4000,2730.2000,2730.0000,2733.0000,2733.2000,2733.4000,2734.8000,2735.0000,1,1,1,1,1,1,1,1,1,4
SF,IH2007,2020-05-26 09:33:45.000,2731.4000,4331,0,72176580.000,0,-,-,-,-,2731.8000,2731.6000,2731.4000,2730.2000,2730.0000,2733.0000,2733.2000,2733.4000,2733.6000,2734.8000,1,1,1,1,1,1,1,1,1,1
SF,IH2007,2020-05-26 09:33:47.000,2731.4000,4331,0,72176580.000,0,-,-,-,-,2731.8000,2731.4000,2730.2000,2730.0000,2729.8000,2733.0000,2733.2000,2733.4000,2733.6000,2734.8000,1,1,1,1,1,1,1,1,1,1
SF,IH2007,2020-05-26 09:33:48.500,2731.4000,4331,0,72176580.000,0,-,-,-,-,2731.4000,2730.2000,2730.0000,2729.8000,2725.4000,2731.8000,2733.0000,2733.2000,2733.4000,2733.6000,1,1,1,1,2,1,1,1,1,1
SF,IH2007,2020-05-26 09:33:49.000,2731.8000,4331,0,72996120.000,1,0,1,多换,S,2731.4000,2730.2000,2730.0000,2729.8000,2725.4000,2733.0000,2733.2000,2733.4000,2733.6000,2734.8000,1,1,1,1,2,1,1,1,1,1
SF,IH2007,2020-05-26 09:33:52.000,2731.8000,4331,0,72996120.000,0,-,-,-,-,2731.4000,2731.2000,2730.2000,2730.0000,2729.8000,2733.0000,2733.2000,2733.4000,2733.6000,2734.8000,1,5,1,1,1,2,1,1,1,1
SF,IH2007,2020-05-26 09:33:56.000,2731.8000,4331,0,72996120.000,0,-,-,-,-,2731.4000,2731.2000,2730.2000,2730.0000,2729.8000,2733.0000,2733.2000,2733.4000,2733.6000,2734.8000,1,5,1,1,1,2,1,1,1,1
SF,IH2007,2020-05-26 09:33:58.000,2731.8000,4331,0,72996120.000,0,-,-,-,-,2731.4000,2731.2000,2730.2000,2730.0000,2729.8000,2733.0000,2733.2000,2733.4000,2733.6000,2734.8000,1,5,1,1,1,3,1,1,1,1
SF,IH2007,2020-05-26 09:33:58.500,2731.8000,4331,0,72996120.000,0,-,-,-,-,2731.4000,2731.2000,2730.2000,2729.8000,2725.4000,2733.0000,2733.2000,2733.4000,2733.6000,2734.8000,1,5,1,1,2,3,1,1,1,1
SF,IH2007,2020-05-26 09:34:00.500,2731.8000,4331,0,72996120.000,0,-,-,-,-,2731.4000,2731.2000,2730.2000,2729.8000,2725.4000,2732.8000,2733.0000,2733.2000,2733.4000,2733.6000,1,5,1,1,2,1,3,1,1,1
SF,IH2007,2020-05-26 09:34:01.000,2731.8000,4331,0,72996120.000,0,-,-,-,-,2731.4000,2731.2000,2730.2000,2729.8000,2725.4000,2732.6000,2732.8000,2733.0000,2733.2000,2733.4000,1,5,1,1,2,1,1,2,1,1
SF,IH2007,2020-05-26 09:34:03.000,2731.8000,4331,0,72996120.000,0,-,-,-,-,2731.4000,2731.2000,2730.2000,2729.8000,2725.4000,2732.6000,2733.0000,2733.2000,2733.4000,2733.6000,1,5,1,1,2,1,2,1,1,1
SF,IH2007,2020-05-26 09:34:11.000,2731.8000,4331,0,72996120.000,0,-,-,-,-,2731.4000,2731.2000,2730.2000,2729.8000,2725.4000,2733.0000,2733.2000,2733.4000,2733.6000,2734.8000,2,5,1,1,2,2,1,1,1,1
SF,IH2007,2020-05-26 09:34:11.500,2731.8000,4331,0,72996120.000,0,-,-,-,-,2731.4000,2731.2000,2730.2000,2729.8000,2725.4000,2732.8000,2733.0000,2733.2000,2733.6000,2734.8000,2,5,1,1,2,1,2,1,1,1
SF,IH2007,2020-05-26 09:34:12.000,2731.8000,4331,0,72996120.000,0,-,-,-,-,2731.6000,2731.4000,2731.2000,2730.2000,2729.8000,2732.8000,2733.0000,2733.2000,2733.6000,2734.8000,1,1,5,1,1,1,2,1,1,1
SF,IH2007,2020-05-26 09:34:12.500,2731.8000,4331,0,72996120.000,0,-,-,-,-,2731.6000,2731.4000,2731.2000,2730.2000,2729.8000,2733.0000,2733.2000,2733.6000,2734.8000,2735.0000,1,1,5,1,1,2,1,1,1,4
SF,IH2007,2020-05-26 09:34:13.000,2731.8000,4331,0,72996120.000,0,-,-,-,-,2731.4000,2731.2000,2730.2000,2729.8000,2725.4000,2733.0000,2733.2000,2733.6000,2734.8000,2735.0000,1,5,1,1,2,2,1,1,1,4
SF,IH2007,2020-05-26 09:34:13.500,2731.8000,4331,0,72996120.000,0,-,-,-,-,2731.4000,2731.2000,2730.2000,2729.8000,2725.4000,2732.8000,2733.0000,2733.2000,2733.6000,2734.8000,1,5,1,1,2,1,2,1,1,1
SF,IH2007,2020-05-26 09:34:14.000,2731.8000,4331,0,72996120.000,0,-,-,-,-,2731.6000,2731.4000,2731.2000,2730.2000,2729.8000,2732.8000,2733.0000,2733.2000,2733.6000,2734.8000,1,1,5,1,1,1,2,1,1,1
SF,IH2007,2020-05-26 09:34:14.500,2731.8000,4331,0,72996120.000,0,-,-,-,-,2731.6000,2731.4000,2731.2000,2730.2000,2729.8000,2733.0000,2733.2000,2733.6000,2734.8000,2735.0000,1,1,5,1,1,2,1,1,1,4
SF,IH2007,2020-05-26 09:34:15.000,2731.8000,4331,0,72996120.000,0,-,-,-,-,2731.4000,2731.2000,2730.2000,2729.8000,2725.4000,2733.0000,2733.2000,2733.6000,2734.8000,2735.0000,1,5,1,1,2,2,1,1,1,4
SF,IH2007,2020-05-26 09:34:15.500,2731.8000,4331,0,72996120.000,0,-,-,-,-,2731.4000,2731.2000,2730.2000,2729.8000,2725.4000,2732.8000,2733.0000,2733.2000,2733.6000,2734.8000,1,5,1,1,2,1,2,1,1,1
SF,IH2007,2020-05-26 09:34:17.500,2731.8000,4331,0,72996120.000,0,-,-,-,-,2731.4000,2731.2000,2730.2000,2729.8000,2725.4000,2732.8000,2733.0000,2733.2000,2733.6000,2734.8000,1,5,1,1,1,1,2,1,1,1
SF,IH2007,2020-05-26 09:34:19.500,2731.8000,4331,0,72996120.000,0,-,-,-,-,2731.4000,2731.2000,2730.2000,2729.8000,2725.4000,2732.8000,2733.0000,2733.2000,2733.6000,2734.8000,1,10,1,1,1,1,2,1,1,1
SF,IH2007,2020-05-26 09:34:24.500,2731.4000,4330,-1,73815540.000,1,0,1,双平,S,2731.2000,2730.2000,2729.8000,2725.4000,2725.2000,2732.6000,2732.8000,2733.0000,2733.2000,2733.6000,10,1,1,1,1,1,1,2,1,1
SF,IH2007,2020-05-26 09:34:25.000,2731.4000,4330,0,73815540.000,0,-,-,-,-,2731.4000,2731.2000,2730.2000,2729.8000,2725.4000,2732.4000,2732.6000,2733.0000,2733.2000,2733.6000,1,10,1,1,1,1,1,2,1,1
SF,IH2007,2020-05-26 09:34:26.000,2731.4000,4330,0,73815540.000,0,-,-,-,-,2731.4000,2731.2000,2730.2000,2729.8000,2725.4000,2732.2000,2732.4000,2733.0000,2733.2000,2733.6000,1,10,1,1,1,1,1,2,1,1
SF,IH2007,2020-05-26 09:34:26.500,2731.4000,4330,0,73815540.000,0,-,-,-,-,2731.4000,2731.2000,2730.2000,2729.8000,2725.4000,2732.2000,2732.4000,2733.0000,2733.2000,2733.6000,1,10,1,1,1,1,1,2,1,1
SF,IH2007,2020-05-26 09:34:27.000,2731.4000,4330,0,73815540.000,0,-,-,-,-,2731.2000,2730.2000,2729.8000,2725.4000,2725.2000,2732.2000,2732.4000,2733.0000,2733.2000,2733.6000,10,1,1,1,1,1,1,2,1,1
SF,IH2007,2020-05-26 09:34:27.500,2731.4000,4330,0,73815540.000,0,-,-,-,-,2731.2000,2730.2000,2729.8000,2725.4000,2725.2000,2732.0000,2732.2000,2733.0000,2733.2000,2733.6000,10,1,1,1,1,1,1,2,1,1
SF,IH2007,2020-05-26 09:34:30.000,2731.4000,4330,0,73815540.000,0,-,-,-,-,2731.4000,2731.2000,2730.2000,2729.8000,2725.4000,2732.0000,2732.2000,2733.0000,2733.2000,2733.6000,1,10,1,1,1,1,1,2,1,1
SF,IH2007,2020-05-26 09:34:30.500,2731.4000,4330,0,73815540.000,0,-,-,-,-,2731.4000,2731.2000,2730.2000,2729.8000,2725.4000,2732.2000,2733.0000,2733.2000,2733.6000,2734.8000,1,10,1,1,1,1,3,1,1,1
SF,IH2007,2020-05-26 09:34:33.000,2731.4000,4330,0,73815540.000,0,-,-,-,-,2731.4000,2731.2000,2730.2000,2729.8000,2725.4000,2732.2000,2733.0000,2733.2000,2733.6000,2734.8000,1,10,1,1,1,1,3,1,1,2
SF,IH2007,2020-05-26 09:34:33.500,2732.2000,4329,-1,74635200.000,1,0,1,双平,S,2731.4000,2731.2000,2730.2000,2729.8000,2725.4000,2733.0000,2733.2000,2733.6000,2734.8000,2735.0000,1,10,1,1,1,3,1,1,2,4
SF,IH2007,2020-05-26 09:34:34.000,2732.2000,4329,0,74635200.000,0,-,-,-,-,2731.4000,2731.2000,2730.2000,2729.8000,2725.4000,2732.8000,2733.0000,2733.2000,2733.6000,2734.8000,1,10,1,1,1,1,3,1,1,2
SF,IH2007,2020-05-26 09:34:34.500,2732.2000,4329,0,74635200.000,0,-,-,-,-,2731.6000,2731.4000,2731.2000,2730.2000,2729.8000,2732.8000,2733.0000,2733.2000,2733.6000,2734.8000,2,1,10,1,1,1,3,1,1,2
SF,IH2007,2020-05-26 09:34:35.000,2732.2000,4329,0,74635200.000,0,-,-,-,-,2731.6000,2731.4000,2731.2000,2730.2000,2729.8000,2733.0000,2733.2000,2733.6000,2734.8000,2735.0000,2,1,10,1,1,2,1,1,2,4
SF,IH2007,2020-05-26 09:34:35.500,2732.2000,4329,0,74635200.000,0,-,-,-,-,2731.4000,2731.2000,2730.2000,2729.8000,2725.4000,2733.0000,2733.2000,2733.6000,2734.8000,2735.0000,1,10,1,1,1,2,1,1,2,4
SF,IH2007,2020-05-26 09:34:36.000,2732.2000,4329,0,74635200.000,0,-,-,-,-,2731.2000,2730.2000,2729.8000,2725.4000,2725.2000,2732.8000,2733.0000,2733.2000,2733.6000,2734.8000,10,1,1,1,1,1,2,1,1,2
SF,IH2007,2020-05-26 09:34:36.500,2732.2000,4329,0,74635200.000,0,-,-,-,-,2731.2000,2730.2000,2729.8000,2725.4000,2725.2000,2732.8000,2733.0000,2733.2000,2733.6000,2734.8000,11,1,1,1,1,1,2,1,1,2
SF,IH2007,2020-05-26 09:34:37.000,2731.2000,4329,0,75454560.000,1,0,1,多换,S,2731.2000,2730.2000,2729.8000,2725.4000,2725.2000,2732.8000,2733.0000,2733.2000,2733.6000,2734.8000,10,1,1,1,1,1,2,1,1,2
SF,IH2007,2020-05-26 09:34:38.000,2731.2000,4329,0,75454560.000,0,-,-,-,-,2731.4000,2731.2000,2730.2000,2729.8000,2725.4000,2732.8000,2733.0000,2733.2000,2733.6000,2734.8000,1,10,1,1,1,1,2,1,1,2
SF,IH2007,2020-05-26 09:34:39.000,2731.2000,4329,0,75454560.000,0,-,-,-,-,2731.4000,2731.2000,2730.2000,2729.8000,2725.4000,2732.8000,2733.0000,2733.2000,2733.6000,2734.8000,1,10,1,1,1,1,2,1,1,2
SF,IH2007,2020-05-26 09:34:39.500,2731.2000,4329,0,75454560.000,0,-,-,-,-,2731.4000,2731.2000,2730.2000,2729.8000,2725.4000,2732.8000,2733.0000,2733.2000,2733.6000,2734.8000,1,9,1,1,1,1,2,1,1,2
SF,IH2007,2020-05-26 09:34:40.500,2731.2000,4329,0,75454560.000,0,-,-,-,-,2731.6000,2731.4000,2731.2000,2730.2000,2729.8000,2732.8000,2733.0000,2733.2000,2733.6000,2734.8000,1,1,9,1,1,1,2,1,1,2
SF,IH2007,2020-05-26 09:34:41.000,2731.2000,4329,0,75454560.000,0,-,-,-,-,2731.4000,2731.2000,2730.2000,2729.8000,2725.4000,2732.8000,2733.0000,2733.2000,2733.6000,2734.8000,1,9,1,1,1,1,2,1,1,2
SF,IH2007,2020-05-26 09:34:42.500,2731.2000,4329,0,75454560.000,0,-,-,-,-,2731.2000,2730.2000,2729.8000,2725.4000,2725.2000,2732.8000,2733.0000,2733.2000,2733.6000,2734.8000,9,1,1,1,1,1,2,1,1,2
SF,IH2007,2020-05-26 09:34:44.000,2731.2000,4329,0,75454560.000,0,-,-,-,-,2731.6000,2731.2000,2730.2000,2729.8000,2725.4000,2732.8000,2733.0000,2733.2000,2733.6000,2734.8000,1,9,1,1,1,1,2,1,1,2
SF,IH2007,2020-05-26 09:34:46.000,2731.2000,4329,0,75454560.000,0,-,-,-,-,2731.2000,2730.2000,2729.8000,2725.4000,2725.2000,2732.8000,2733.0000,2733.2000,2733.6000,2734.8000,9,1,1,1,1,1,2,1,1,2
SF,IH2007,2020-05-26 09:34:50.500,2731.2000,4329,0,75454560.000,0,-,-,-,-,2731.2000,2730.2000,2729.8000,2725.4000,2725.2000,2732.8000,2733.0000,2733.2000,2733.6000,2734.8000,10,1,1,1,1,1,2,1,1,2
SF,IH2007,2020-05-26 09:34:53.500,2731.2000,4329,0,75454560.000,0,-,-,-,-,2731.6000,2731.2000,2730.2000,2729.8000,2725.4000,2732.8000,2733.0000,2733.2000,2733.6000,2734.8000,1,10,1,1,1,1,2,1,1,2
SF,IH2007,2020-05-26 09:34:54.500,2731.2000,4329,0,75454560.000,0,-,-,-,-,2731.8000,2731.6000,2731.2000,2730.2000,2729.8000,2732.8000,2733.0000,2733.2000,2733.6000,2734.8000,1,1,10,1,1,1,2,1,1,2
SF,IH2007,2020-05-26 09:34:55.000,2731.2000,4329,0,75454560.000,0,-,-,-,-,2732.0000,2731.8000,2731.6000,2731.2000,2730.2000,2733.0000,2733.2000,2733.6000,2734.8000,2735.0000,2,1,1,9,1,2,1,1,2,4
SF,IH2007,2020-05-26 09:34:55.500,2731.2000,4329,0,75454560.000,0,-,-,-,-,2731.8000,2731.6000,2731.2000,2730.2000,2729.8000,2733.0000,2733.2000,2733.6000,2734.8000,2735.0000,1,1,9,1,1,2,1,1,2,4
SF,IH2007,2020-05-26 09:34:56.000,2731.2000,4329,0,75454560.000,0,-,-,-,-,2732.2000,2731.8000,2731.2000,2730.2000,2729.8000,2733.0000,2733.2000,2733.6000,2734.8000,2735.0000,1,1,9,1,1,2,1,1,2,5
SF,IH2007,2020-05-26 09:34:56.500,2731.2000,4329,0,75454560.000,0,-,-,-,-,2732.2000,2731.2000,2730.2000,2725.4000,2725.2000,2733.0000,2733.2000,2733.6000,2734.8000,2735.0000,1,9,1,1,1,2,1,1,2,5
SF,IH2007,2020-05-26 09:34:57.000,2731.2000,4329,0,75454560.000,0,-,-,-,-,2732.2000,2731.2000,2730.2000,2725.4000,2725.2000,2732.8000,2733.0000,2733.2000,2733.6000,2734.8000,1,9,1,1,1,1,2,1,1,2
SF,IH2007,2020-05-26 09:34:58.000,2731.2000,4329,0,75454560.000,0,-,-,-,-,2731.2000,2730.2000,2725.4000,2725.2000,2725.0000,2732.8000,2733.0000,2733.2000,2733.6000,2734.8000,9,1,1,1,1,1,2,1,1,2
SF,IH2007,2020-05-26 09:34:58.500,2731.2000,4329,0,75454560.000,0,-,-,-,-,2731.2000,2730.2000,2725.4000,2725.2000,2725.0000,2732.8000,2733.0000,2733.2000,2733.6000,2734.8000,10,1,1,1,1,1,2,1,1,2
SF,IH2007,2020-05-26 09:35:00.500,2731.2000,4329,0,75454560.000,0,-,-,-,-,2731.2000,2730.2000,2725.4000,2725.2000,2725.0000,2732.8000,2733.0000,2733.2000,2733.6000,2734.8000,9,1,1,1,1,1,2,1,1,2
SF,IH2007,2020-05-26 09:35:01.000,2732.8000,4330,1,76274400.000,1,1,0,双开,S,2731.2000,2730.2000,2725.4000,2725.2000,2725.0000,2732.6000,2733.0000,2733.2000,2733.6000,2734.8000,9,1,1,1,1,1,2,1,1,2
SF,IH2007,2020-05-26 09:35:01.500,2732.8000,4330,0,76274400.000,0,-,-,-,-,2731.2000,2730.2000,2725.4000,2725.2000,2725.0000,2732.6000,2733.0000,2733.2000,2733.6000,2734.8000,9,1,1,1,1,2,2,1,1,2
SF,IH2007,2020-05-26 09:35:02.500,2732.8000,4330,0,76274400.000,0,-,-,-,-,2731.4000,2731.2000,2725.4000,2725.2000,2725.0000,2732.4000,2732.6000,2733.0000,2733.2000,2733.6000,1,9,1,1,1,2,2,2,1,1
SF,IH2007,2020-05-26 09:35:03.000,2731.2000,4334,4,79551840.000,4,4,0,双开,S,2731.2000,2725.4000,2725.2000,2725.0000,2724.6000,2732.2000,2732.4000,2732.6000,2733.0000,2733.2000,5,1,1,1,5,1,2,1,2,1
SF,IH2007,2020-05-26 09:35:03.500,2731.2000,4334,0,79551840.000,0,-,-,-,-,2731.4000,2731.2000,2725.4000,2725.2000,2725.0000,2732.2000,2732.4000,2732.6000,2733.0000,2733.2000,2,5,1,1,1,1,2,1,2,1
SF,IH2007,2020-05-26 09:35:04.500,2731.2000,4334,0,79551840.000,0,-,-,-,-,2731.4000,2731.2000,2725.4000,2725.2000,2725.0000,2732.2000,2732.4000,2732.6000,2733.0000,2733.2000,3,5,1,1,1,1,2,1,2,1
SF,IH2007,2020-05-26 09:35:05.000,2732.2000,4334,0,80371500.000,1,0,1,多换,S,2731.4000,2731.2000,2725.4000,2725.2000,2725.0000,2732.4000,2732.6000,2733.0000,2733.2000,2733.6000,3,5,1,1,1,2,1,2,1,1
SF,IH2007,2020-05-26 09:35:05.500,2732.2000,4334,0,80371500.000,0,-,-,-,-,2731.6000,2731.4000,2731.2000,2725.4000,2725.2000,2732.4000,2732.6000,2733.0000,2733.2000,2733.6000,2,1,5,1,1,1,1,2,1,1
SF,IH2007,2020-05-26 09:35:06.000,2732.2000,4334,0,80371500.000,0,-,-,-,-,2731.6000,2731.4000,2731.2000,2725.4000,2725.2000,2733.0000,2733.2000,2733.6000,2734.8000,2735.0000,2,1,5,1,1,2,1,1,2,5
SF,IH2007,2020-05-26 09:35:06.500,2732.2000,4334,0,80371500.000,0,-,-,-,-,2731.8000,2731.6000,2731.2000,2725.4000,2725.2000,2733.0000,2733.2000,2733.6000,2734.8000,2735.0000,1,2,5,1,1,2,1,1,2,5
SF,IH2007,2020-05-26 09:35:07.000,2732.2000,4334,0,80371500.000,0,-,-,-,-,2732.0000,2731.6000,2731.2000,2725.4000,2725.2000,2733.0000,2733.2000,2733.6000,2734.8000,2735.0000,1,2,5,1,1,2,1,1,2,5
SF,IH2007,2020-05-26 09:35:07.500,2732.2000,4334,0,80371500.000,0,-,-,-,-,2731.6000,2731.2000,2725.4000,2725.2000,2725.0000,2733.0000,2733.2000,2733.6000,2734.8000,2735.0000,2,5,1,1,1,2,1,1,2,5
SF,IH2007,2020-05-26 09:35:08.000,2732.2000,4334,0,80371500.000,0,-,-,-,-,2731.8000,2731.2000,2725.4000,2725.2000,2725.0000,2733.0000,2733.2000,2733.6000,2734.8000,2735.0000,3,5,1,1,1,2,1,1,2,5
SF,IH2007,2020-05-26 09:35:08.500,2733.0000,4333,-1,81191400.000,1,0,1,双平,S,2731.8000,2731.2000,2725.4000,2725.2000,2725.0000,2733.0000,2733.2000,2733.6000,2734.8000,2735.0000,3,5,1,1,1,1,1,1,2,5
SF,IH2007,2020-05-26 09:35:09.000,2733.0000,4333,0,81191400.000,0,-,-,-,-,2731.8000,2731.2000,2725.4000,2725.2000,2725.0000,2733.0000,2733.2000,2733.6000,2734.8000,2735.0000,2,5,1,1,1,1,1,1,2,5
SF,IH2007,2020-05-26 09:35:10.500,2733.0000,4333,0,81191400.000,0,-,-,-,-,2732.0000,2731.8000,2731.2000,2725.4000,2725.2000,2733.0000,2733.2000,2733.6000,2734.8000,2735.0000,1,2,5,1,1,1,1,1,2,5
SF,IH2007,2020-05-26 09:35:11.000,2733.0000,4333,0,81191400.000,0,-,-,-,-,2732.2000,2731.2000,2725.4000,2725.2000,2725.0000,2733.0000,2733.2000,2733.6000,2734.8000,2735.0000,3,5,1,1,1,1,1,1,2,5
SF,IH2007,2020-05-26 09:35:11.500,2733.0000,4333,0,82011300.000,1,0,1,多换,S,2732.2000,2731.2000,2725.4000,2725.2000,2725.0000,2733.2000,2733.6000,2734.8000,2735.0000,2736.0000,2,5,1,1,1,1,1,2,5,2
SF,IH2007,2020-05-26 09:35:12.000,2733.6000,4333,0,83651340.000,2,1,1,多换,S,2732.6000,2732.4000,2731.2000,2725.4000,2725.2000,2734.8000,2735.0000,2736.0000,2736.4000,2736.6000,1,3,5,1,1,2,5,2,1,1
SF,IH2007,2020-05-26 09:35:12.500,2733.6000,4333,0,83651340.000,0,-,-,-,-,2732.8000,2732.4000,2731.2000,2725.4000,2725.2000,2734.8000,2735.0000,2736.0000,2736.4000,2736.6000,1,1,5,1,1,1,5,2,1,1
SF,IH2007,2020-05-26 09:35:13.000,2733.6000,4333,0,83651340.000,0,-,-,-,-,2733.0000,2732.4000,2731.2000,2725.4000,2725.2000,2735.0000,2736.0000,2736.4000,2736.6000,2737.6000,1,1,5,1,1,4,2,1,1,1
SF,IH2007,2020-05-26 09:35:13.500,2733.6000,4333,0,83651340.000,0,-,-,-,-,2733.2000,2732.4000,2731.2000,2725.4000,2725.2000,2735.0000,2736.0000,2736.4000,2736.6000,2737.6000,1,1,5,1,1,4,2,1,1,1
SF,IH2007,2020-05-26 09:35:14.000,2733.6000,4333,0,83651340.000,0,-,-,-,-,2732.4000,2731.2000,2725.4000,2725.2000,2725.0000,2735.0000,2736.0000,2736.4000,2736.6000,2737.6000,1,5,1,1,1,4,2,1,1,1
SF,IH2007,2020-05-26 09:35:14.500,2733.6000,4333,0,83651340.000,0,-,-,-,-,2732.6000,2732.4000,2731.2000,2725.4000,2725.2000,2735.0000,2736.0000,2736.4000,2736.6000,2737.6000,2,1,5,1,1,4,2,1,1,1
SF,IH2007,2020-05-26 09:35:15.500,2733.6000,4333,0,83651340.000,0,-,-,-,-,2732.6000,2732.4000,2731.2000,2725.4000,2725.2000,2734.8000,2735.0000,2736.0000,2736.4000,2736.6000,2,1,5,1,1,1,4,2,1,1
SF,IH2007,2020-05-26 09:35:17.500,2733.6000,4333,0,83651340.000,0,-,-,-,-,2732.8000,2732.6000,2732.4000,2731.2000,2725.4000,2735.0000,2736.0000,2736.4000,2736.6000,2737.6000,2,1,1,5,1,4,2,1,1,1
SF,IH2007,2020-05-26 09:35:18.000,2733.6000,4333,0,83651340.000,0,-,-,-,-,2733.0000,2731.2000,2725.4000,2725.2000,2725.0000,2735.0000,2736.0000,2736.4000,2736.6000,2737.6000,1,5,1,1,1,4,2,1,1,1
SF,IH2007,2020-05-26 09:35:18.500,2733.6000,4333,0,83651340.000,0,-,-,-,-,2731.2000,2725.4000,2725.2000,2725.0000,2724.6000,2734.8000,2735.0000,2736.0000,2736.4000,2736.6000,5,1,1,1,5,1,4,2,1,1
SF,IH2007,2020-05-26 09:35:19.000,2733.6000,4333,0,83651340.000,0,-,-,-,-,2732.4000,2732.0000,2731.6000,2731.4000,2731.2000,2734.8000,2735.0000,2736.0000,2736.4000,2736.6000,1,2,1,2,5,1,4,2,1,1
SF,IH2007,2020-05-26 09:35:19.500,2733.6000,4333,0,83651340.000,0,-,-,-,-,2732.6000,2732.4000,2732.0000,2731.6000,2731.4000,2734.8000,2735.0000,2736.0000,2736.4000,2736.6000,2,1,2,1,1,1,4,2,1,1
SF,IH2007,2020-05-26 09:35:20.000,2733.6000,4333,0,83651340.000,0,-,-,-,-,2732.6000,2732.4000,2732.0000,2731.6000,2731.4000,2734.8000,2735.0000,2736.0000,2736.4000,2736.6000,1,1,2,1,1,1,4,2,1,1
SF,IH2007,2020-05-26 09:35:21.500,2733.6000,4333,0,83651340.000,0,-,-,-,-,2732.8000,2732.6000,2732.4000,2732.0000,2731.6000,2734.8000,2735.0000,2736.0000,2736.4000,2736.6000,1,1,1,2,1,1,4,2,1,1
SF,IH2007,2020-05-26 09:35:22.000,2733.6000,4333,0,83651340.000,0,-,-,-,-,2733.0000,2732.8000,2732.4000,2732.0000,2731.6000,2735.0000,2736.0000,2736.4000,2736.6000,2737.6000,1,1,1,2,1,4,2,1,1,1
SF,IH2007,2020-05-26 09:35:24.500,2733.6000,4333,0,83651340.000,0,-,-,-,-,2733.0000,2732.8000,2732.4000,2732.0000,2731.6000,2735.0000,2736.0000,2736.4000,2736.6000,2737.6000,1,1,1,2,1,4,2,1,1,1
SF,IH2007,2020-05-26 09:35:25.000,2733.6000,4333,0,83651340.000,0,-,-,-,-,2733.2000,2733.0000,2732.8000,2732.4000,2732.0000,2734.8000,2735.0000,2736.0000,2736.4000,2736.6000,1,1,1,1,2,1,4,2,1,1
SF,IH2007,2020-05-26 09:35:25.500,2733.6000,4333,0,83651340.000,0,-,-,-,-,2733.4000,2733.2000,2732.8000,2732.4000,2732.0000,2734.8000,2735.0000,2736.0000,2736.4000,2736.6000,1,1,1,1,2,1,4,2,1,1
SF,IH2007,2020-05-26 09:35:26.000,2733.6000,4333,0,83651340.000,0,-,-,-,-,2733.6000,2733.4000,2733.2000,2732.4000,2732.0000,2734.8000,2735.0000,2736.0000,2736.4000,2736.6000,2,1,1,1,2,1,4,2,1,1
SF,IH2007,2020-05-26 09:35:26.500,2733.6000,4333,0,83651340.000,0,-,-,-,-,2733.8000,2733.6000,2733.2000,2732.4000,2732.0000,2734.8000,2735.0000,2736.0000,2736.4000,2736.6000,1,2,1,1,2,1,4,2,1,1
SF,IH2007,2020-05-26 09:35:27.000,2734.8000,4332,-1,84471780.000,1,0,1,双平,S,2733.8000,2733.6000,2733.2000,2732.4000,2732.0000,2735.0000,2736.0000,2736.4000,2736.6000,2737.6000,2,2,1,1,2,4,2,1,1,1
SF,IH2007,2020-05-26 09:35:27.500,2734.0000,4334,2,86112180.000,2,2,0,双开,S,2734.0000,2733.8000,2733.6000,2732.4000,2732.0000,2735.0000,2736.0000,2736.4000,2736.6000,2737.6000,1,2,2,1,2,4,2,1,1,1
SF,IH2007,2020-05-26 09:35:28.000,2734.0000,4334,0,86112180.000,0,-,-,-,-,2734.2000,2734.0000,2733.8000,2733.6000,2732.4000,2735.0000,2736.0000,2736.4000,2736.6000,2737.6000,1,1,1,2,1,4,2,1,1,1
SF,IH2007,2020-05-26 09:35:28.500,2734.0000,4334,0,86112180.000,0,-,-,-,-,2734.2000,2734.0000,2733.8000,2732.4000,2732.0000,2735.0000,2736.0000,2736.4000,2736.6000,2737.6000,1,1,1,1,2,4,2,1,1,1
SF,IH2007,2020-05-26 09:35:29.500,2734.0000,4334,0,86112180.000,0,-,-,-,-,2734.0000,2733.8000,2732.4000,2732.0000,2731.6000,2735.0000,2736.0000,2736.4000,2736.6000,2737.6000,1,1,1,2,1,4,2,1,1,1
SF,IH2007,2020-05-26 09:35:30.000,2734.0000,4334,0,86112180.000,0,-,-,-,-,2734.2000,2734.0000,2732.4000,2732.0000,2731.6000,2735.0000,2736.0000,2736.4000,2736.6000,2737.6000,1,1,1,2,1,5,2,1,1,1
SF,IH2007,2020-05-26 09:35:32.500,2734.0000,4334,0,86112180.000,0,-,-,-,-,2734.4000,2734.2000,2734.0000,2732.4000,2732.0000,2735.0000,2736.0000,2736.4000,2736.6000,2737.6000,1,1,1,1,2,5,2,1,1,1
SF,IH2007,2020-05-26 09:35:33.000,2734.0000,4334,0,86112180.000,0,-,-,-,-,2734.4000,2734.0000,2732.4000,2732.0000,2731.6000,2735.0000,2736.0000,2736.4000,2736.6000,2737.6000,1,1,1,2,1,5,2,1,1,1
SF,IH2007,2020-05-26 09:35:33.500,2734.4000,4333,-1,86932500.000,1,0,1,双平,S,2734.0000,2732.4000,2732.0000,2731.6000,2731.4000,2735.0000,2736.0000,2736.4000,2736.6000,2737.6000,1,1,2,1,1,5,2,1,1,1
SF,IH2007,2020-05-26 09:35:34.000,2734.4000,4333,0,86932500.000,0,-,-,-,-,2734.2000,2734.0000,2732.4000,2732.0000,2731.6000,2735.0000,2736.0000,2736.4000,2736.6000,2737.6000,2,1,1,2,1,5,2,1,1,1
SF,IH2007,2020-05-26 09:35:34.500,2734.4000,4333,0,86932500.000,0,-,-,-,-,2734.0000,2732.4000,2732.0000,2731.6000,2731.4000,2735.0000,2736.0000,2736.4000,2736.6000,2737.6000,1,1,2,1,1,5,2,1,1,1
SF,IH2007,2020-05-26 09:35:35.500,2734.4000,4333,0,86932500.000,0,-,-,-,-,2734.2000,2734.0000,2732.4000,2732.0000,2731.6000,2735.0000,2736.0000,2736.4000,2736.6000,2737.6000,1,1,1,2,1,5,2,1,1,1
SF,IH2007,2020-05-26 09:35:36.000,2734.4000,4333,0,86932500.000,0,-,-,-,-,2734.2000,2734.0000,2732.4000,2732.0000,2731.6000,2734.8000,2735.0000,2736.0000,2736.4000,2736.6000,1,1,1,2,1,1,5,2,1,1
SF,IH2007,2020-05-26 09:35:38.000,2734.4000,4333,0,86932500.000,0,-,-,-,-,2734.0000,2732.4000,2732.0000,2731.6000,2731.4000,2734.8000,2735.0000,2736.0000,2736.4000,2736.6000,1,1,2,1,1,1,5,2,1,1
SF,IH2007,2020-05-26 09:35:38.500,2734.4000,4333,0,86932500.000,0,-,-,-,-,2734.0000,2732.4000,2732.0000,2731.6000,2731.4000,2734.8000,2735.0000,2736.0000,2736.4000,2736.6000,1,1,2,1,1,1,5,3,1,1
SF,IH2007,2020-05-26 09:35:39.000,2734.4000,4333,0,86932500.000,0,-,-,-,-,2734.4000,2734.0000,2732.4000,2732.0000,2731.6000,2734.8000,2735.0000,2736.0000,2736.4000,2736.6000,1,1,1,2,1,1,5,3,1,1
SF,IH2007,2020-05-26 09:35:40.000,2734.8000,4332,-1,87752940.000,1,0,1,双平,S,2734.8000,2734.4000,2734.0000,2732.4000,2732.0000,2735.0000,2736.0000,2736.4000,2736.6000,2737.6000,1,1,1,1,2,5,3,1,1,1
SF,IH2007,2020-05-26 09:35:40.500,2735.0000,4330,-2,89393880.000,2,0,2,双平,S,2734.4000,2734.0000,2732.4000,2732.0000,2731.6000,2734.8000,2735.0000,2736.0000,2736.4000,2736.6000,1,1,1,2,1,1,4,3,1,1
SF,IH2007,2020-05-26 09:35:41.000,2735.0000,4330,0,89393880.000,0,-,-,-,-,2734.4000,2734.0000,2732.4000,2732.0000,2731.6000,2734.8000,2735.0000,2735.4000,2736.0000,2736.4000,1,1,1,2,1,1,4,1,3,1
SF,IH2007,2020-05-26 09:35:41.500,2734.8000,4329,-1,90214320.000,1,0,1,双平,S,2734.4000,2734.0000,2732.4000,2732.0000,2731.6000,2735.0000,2735.4000,2736.0000,2736.4000,2736.6000,1,1,1,2,1,4,1,4,1,1
SF,IH2007,2020-05-26 09:35:42.000,2734.8000,4329,0,90214320.000,0,-,-,-,-,2734.4000,2734.0000,2732.4000,2732.0000,2731.6000,2735.0000,2735.4000,2736.0000,2736.4000,2736.6000,1,1,1,2,1,4,1,4,1,2
SF,IH2007,2020-05-26 09:35:42.500,2734.8000,4329,0,90214320.000,0,-,-,-,-,2734.4000,2734.0000,2732.4000,2732.0000,2731.6000,2735.0000,2735.4000,2736.0000,2736.4000,2736.6000,1,1,1,2,1,4,1,4,1,2
SF,IH2007,2020-05-26 09:35:43.500,2734.8000,4329,0,90214320.000,0,-,-,-,-,2734.4000,2734.0000,2732.4000,2732.2000,2732.0000,2735.0000,2735.4000,2736.0000,2736.4000,2736.6000,1,1,1,5,2,4,1,4,1,2
SF,IH2007,2020-05-26 09:35:45.500,2734.4000,4329,0,91034640.000,1,0,1,多换,S,2734.0000,2732.4000,2732.2000,2732.0000,2731.6000,2735.0000,2735.4000,2736.0000,2736.4000,2736.6000,1,1,5,2,1,4,1,4,1,2
SF,IH2007,2020-05-26 09:35:46.000,2734.4000,4329,0,91034640.000,0,-,-,-,-,2734.2000,2734.0000,2732.4000,2732.2000,2732.0000,2735.0000,2735.4000,2736.0000,2736.4000,2736.6000,1,1,1,5,2,4,1,4,1,2
SF,IH2007,2020-05-26 09:35:46.500,2734.2000,4328,-1,91854900.000,1,0,1,双平,S,2734.0000,2732.4000,2732.0000,2731.6000,2731.4000,2735.0000,2735.4000,2736.0000,2736.4000,2736.6000,1,1,2,1,1,5,1,4,1,2
SF,IH2007,2020-05-26 09:35:47.000,2734.0000,4328,0,92675100.000,1,0,1,多换,S,2732.4000,2732.0000,2731.6000,2731.4000,2731.2000,2734.8000,2735.0000,2735.4000,2736.0000,2736.4000,1,2,1,1,5,1,5,1,4,1
SF,IH2007,2020-05-26 09:35:47.500,2734.0000,4328,0,92675100.000,0,-,-,-,-,2733.6000,2732.6000,2732.4000,2732.0000,2731.6000,2734.6000,2735.0000,2735.4000,2736.0000,2736.4000,1,3,1,2,1,1,5,1,6,1
SF,IH2007,2020-05-26 09:35:48.000,2734.0000,4328,0,92675100.000,0,-,-,-,-,2733.8000,2732.6000,2732.0000,2731.6000,2731.4000,2734.6000,2735.0000,2735.4000,2736.0000,2736.4000,1,3,2,1,1,1,5,1,6,1
SF,IH2007,2020-05-26 09:35:51.000,2734.0000,4328,0,92675100.000,0,-,-,-,-,2733.8000,2732.6000,2732.0000,2731.6000,2731.4000,2734.6000,2735.0000,2735.4000,2736.0000,2736.4000,1,3,2,1,1,1,5,1,6,1
SF,IH2007,2020-05-26 09:35:53.000,2734.0000,4328,0,92675100.000,0,-,-,-,-,2732.6000,2732.0000,2731.6000,2731.4000,2731.2000,2734.6000,2735.0000,2735.4000,2736.0000,2736.4000,3,2,1,1,5,1,5,1,6,1
SF,IH2007,2020-05-26 09:35:53.500,2734.0000,4328,0,92675100.000,0,-,-,-,-,2733.2000,2732.6000,2732.0000,2731.6000,2731.4000,2734.4000,2734.6000,2735.0000,2735.4000,2736.0000,1,3,2,1,1,1,1,5,1,6
SF,IH2007,2020-05-26 09:35:54.000,2734.0000,4328,0,92675100.000,0,-,-,-,-,2733.4000,2732.6000,2732.0000,2731.6000,2731.4000,2734.6000,2735.0000,2735.4000,2736.0000,2736.4000,1,2,2,1,1,1,5,1,6,1
SF,IH2007,2020-05-26 09:35:54.500,2734.0000,4328,0,92675100.000,0,-,-,-,-,2732.6000,2732.0000,2731.6000,2731.4000,2731.2000,2734.6000,2735.0000,2735.4000,2736.0000,2736.4000,2,2,1,1,5,1,5,1,6,1
SF,IH2007,2020-05-26 09:35:55.000,2734.0000,4328,0,92675100.000,0,-,-,-,-,2732.8000,2732.6000,2732.0000,2731.6000,2731.4000,2734.4000,2734.6000,2735.0000,2735.4000,2736.0000,1,1,2,1,1,1,1,5,1,6
SF,IH2007,2020-05-26 09:35:55.500,2734.0000,4328,0,92675100.000,0,-,-,-,-,2732.8000,2732.6000,2732.0000,2731.6000,2731.4000,2734.2000,2734.4000,2735.0000,2735.4000,2736.0000,1,1,2,1,1,1,1,5,1,6
SF,IH2007,2020-05-26 09:35:56.000,2734.0000,4328,0,92675100.000,0,-,-,-,-,2732.8000,2732.6000,2732.0000,2731.6000,2731.4000,2734.0000,2734.2000,2734.4000,2735.0000,2735.4000,1,1,2,1,1,1,1,1,5,1
SF,IH2007,2020-05-26 09:35:56.500,2732.8000,4328,0,93494940.000,1,0,1,多换,S,2732.0000,2731.6000,2731.4000,2731.2000,2728.4000,2732.8000,2733.8000,2734.0000,2734.4000,2735.0000,2,1,1,5,5,1,1,1,1,5
SF,IH2007,2020-05-26 09:35:57.000,2732.8000,4328,0,93494940.000,0,-,-,-,-,2732.2000,2732.0000,2731.2000,2728.4000,2725.2000,2733.8000,2734.4000,2735.0000,2736.0000,2736.4000,1,2,5,5,1,1,1,5,5,1
SF,IH2007,2020-05-26 09:35:57.500,2732.8000,4328,0,93494940.000,0,-,-,-,-,2732.4000,2732.0000,2731.2000,2728.4000,2725.2000,2733.8000,2734.4000,2735.0000,2736.0000,2736.4000,1,2,5,5,1,1,1,5,5,1
SF,IH2007,2020-05-26 09:35:58.000,2732.8000,4328,0,93494940.000,0,-,-,-,-,2732.0000,2731.2000,2728.4000,2725.2000,2725.0000,2733.6000,2733.8000,2734.4000,2735.0000,2736.0000,2,5,5,1,1,2,1,1,5,5
SF,IH2007,2020-05-26 09:35:58.500,2732.8000,4328,0,93494940.000,0,-,-,-,-,2732.0000,2731.2000,2728.4000,2725.2000,2725.0000,2733.4000,2733.6000,2734.4000,2735.0000,2736.0000,2,5,5,1,1,2,1,1,5,5
SF,IH2007,2020-05-26 09:35:59.000,2733.4000,4327,-1,94314960.000,1,0,1,双平,S,2732.2000,2732.0000,2731.2000,2728.4000,2725.2000,2733.4000,2733.6000,2734.4000,2735.0000,2736.0000,1,2,5,5,1,1,1,1,5,5
SF,IH2007,2020-05-26 09:35:59.500,2733.4000,4327,0,94314960.000,0,-,-,-,-,2732.4000,2732.2000,2732.0000,2731.2000,2728.4000,2733.2000,2734.4000,2735.0000,2736.0000,2736.4000,2,2,2,5,5,1,1,5,5,1
SF,IH2007,2020-05-26 09:36:00.000,2733.2000,4326,-1,95134920.000,1,0,1,双平,S,2733.4000,2732.8000,2732.4000,2732.2000,2732.0000,2734.4000,2735.0000,2736.0000,2736.4000,2736.6000,2,1,2,1,2,1,5,5,1,1
SF,IH2007,2020-05-26 09:36:00.500,2733.2000,4326,0,95134920.000,0,-,-,-,-,2732.4000,2732.2000,2732.0000,2731.2000,2728.4000,2734.2000,2735.0000,2736.0000,2736.4000,2736.6000,2,1,2,5,5,1,5,5,1,1
SF,IH2007,2020-05-26 09:36:01.000,2733.2000,4326,0,95134920.000,0,-,-,-,-,2732.6000,2732.4000,2732.2000,2732.0000,2731.2000,2735.0000,2736.0000,2736.4000,2736.6000,2737.6000,1,2,1,2,5,5,5,1,1,1
SF,IH2007,2020-05-26 09:36:01.500,2733.2000,4326,0,95134920.000,0,-,-,-,-,2732.8000,2732.2000,2732.0000,2731.2000,2728.4000,2734.8000,2735.0000,2736.0000,2736.4000,2736.6000,2,1,2,5,5,3,5,5,1,1
SF,IH2007,2020-05-26 09:36:02.500,2733.2000,4326,0,95134920.000,0,-,-,-,-,2732.8000,2732.2000,2732.0000,2731.2000,2728.4000,2734.8000,2735.0000,2736.0000,2736.4000,2736.6000,2,1,2,5,5,4,5,5,1,1
SF,IH2007,2020-05-26 09:36:03.000,2733.2000,4326,0,95134920.000,0,-,-,-,-,2732.8000,2732.2000,2732.0000,2731.2000,2728.4000,2734.8000,2735.0000,2736.0000,2736.4000,2736.6000,2,1,2,5,5,4,5,5,1,1
SF,IH2007,2020-05-26 09:36:05.000,2733.2000,4326,0,95134920.000,0,-,-,-,-,2732.8000,2732.2000,2731.2000,2728.4000,2725.2000,2734.8000,2735.0000,2736.0000,2736.4000,2736.6000,2,1,5,5,1,4,5,5,1,1
SF,IH2007,2020-05-26 09:36:05.500,2734.8000,4327,1,95955360.000,1,1,0,双开,S,2733.4000,2733.0000,2732.8000,2732.2000,2731.2000,2734.8000,2735.0000,2736.0000,2736.4000,2736.6000,2,1,1,1,5,1,5,5,1,1
SF,IH2007,2020-05-26 09:36:06.000,2734.8000,4327,0,95955360.000,0,-,-,-,-,2733.6000,2733.4000,2732.2000,2731.2000,2728.4000,2735.0000,2736.0000,2736.4000,2736.6000,2737.6000,3,2,1,5,5,5,5,1,1,1
SF,IH2007,2020-05-26 09:36:06.500,2734.8000,4327,0,95955360.000,0,-,-,-,-,2734.2000,2733.8000,2733.6000,2733.4000,2731.2000,2735.0000,2736.0000,2736.4000,2736.6000,2737.6000,1,1,2,2,5,5,5,1,1,1
SF,IH2007,2020-05-26 09:36:07.000,2734.8000,4327,0,95955360.000,0,-,-,-,-,2734.4000,2733.8000,2733.6000,2733.4000,2731.2000,2735.0000,2736.0000,2736.4000,2736.6000,2737.6000,1,1,1,2,5,5,5,1,1,1
SF,IH2007,2020-05-26 09:36:07.500,2734.8000,4327,0,95955360.000,0,-,-,-,-,2733.6000,2733.4000,2731.2000,2728.4000,2725.2000,2734.4000,2735.0000,2736.0000,2736.4000,2736.6000,1,2,5,5,1,1,5,5,1,1
SF,IH2007,2020-05-26 09:36:08.000,2734.8000,4327,0,95955360.000,0,-,-,-,-,2733.6000,2733.4000,2731.2000,2728.4000,2725.2000,2734.4000,2735.0000,2735.8000,2736.0000,2736.4000,1,2,5,5,1,1,5,1,5,1
SF,IH2007,2020-05-26 09:36:08.500,2734.8000,4327,0,95955360.000,0,-,-,-,-,2733.6000,2733.4000,2731.2000,2728.4000,2725.2000,2734.4000,2735.0000,2735.8000,2736.0000,2736.4000,1,2,5,5,1,1,5,1,5,1
SF,IH2007,2020-05-26 09:36:09.000,2734.8000,4327,0,95955360.000,0,-,-,-,-,2733.6000,2731.2000,2728.4000,2725.2000,2725.0000,2734.4000,2735.0000,2735.8000,2736.0000,2736.4000,1,5,5,1,1,1,5,1,5,1
SF,IH2007,2020-05-26 09:36:09.500,2733.6000,4326,-1,96775440.000,1,0,1,双平,S,2731.2000,2728.4000,2725.2000,2725.0000,2723.0000,2733.6000,2734.4000,2735.0000,2735.8000,2736.0000,5,5,1,1,2,1,1,5,1,5
SF,IH2007,2020-05-26 09:36:10.000,2733.6000,4326,0,97595520.000,1,0,1,多换,S,2733.8000,2733.6000,2733.2000,2732.4000,2731.4000,2734.4000,2735.0000,2735.8000,2736.0000,2736.2000,1,1,1,1,4,1,5,1,5,1
SF,IH2007,2020-05-26 09:36:10.500,2733.6000,4326,0,97595520.000,0,-,-,-,-,2733.8000,2733.2000,2732.4000,2731.4000,2731.2000,2734.4000,2735.0000,2735.8000,2736.0000,2736.2000,1,1,1,3,5,1,5,1,5,1
SF,IH2007,2020-05-26 09:36:11.000,2733.8000,4325,-1,98415660.000,1,0,1,双平,S,2732.4000,2731.4000,2731.2000,2728.4000,2725.2000,2734.4000,2735.0000,2735.8000,2736.0000,2736.2000,1,3,5,5,1,1,5,1,5,1
SF,IH2007,2020-05-26 09:36:11.500,2733.8000,4325,0,98415660.000,0,-,-,-,-,2733.6000,2733.4000,2733.2000,2732.6000,2732.4000,2734.4000,2735.0000,2735.8000,2736.0000,2736.2000,1,2,1,3,1,1,5,1,5,1
SF,IH2007,2020-05-26 09:36:12.000,2733.8000,4325,0,98415660.000,0,-,-,-,-,2733.8000,2732.6000,2732.4000,2731.4000,2731.2000,2734.4000,2735.0000,2735.8000,2736.0000,2736.2000,1,2,1,1,5,1,5,1,5,1
SF,IH2007,2020-05-26 09:36:12.500,2733.8000,4326,1,99235800.000,1,1,0,双开,S,2732.6000,2732.4000,2731.4000,2731.2000,2728.4000,2734.4000,2735.0000,2735.8000,2736.0000,2736.2000,2,1,1,5,5,1,5,1,5,1
SF,IH2007,2020-05-26 09:36:13.000,2733.8000,4326,0,99235800.000,0,-,-,-,-,2733.4000,2733.2000,2733.0000,2732.8000,2732.6000,2734.4000,2735.0000,2735.8000,2736.0000,2736.2000,1,2,1,1,2,1,5,1,5,1
SF,IH2007,2020-05-26 09:36:13.500,2733.8000,4326,0,99235800.000,0,-,-,-,-,2733.2000,2733.0000,2732.8000,2732.6000,2731.4000,2734.4000,2735.0000,2735.8000,2736.0000,2736.2000,2,1,1,2,1,1,5,1,5,1
SF,IH2007,2020-05-26 09:36:14.000,2733.8000,4326,0,99235800.000,0,-,-,-,-,2733.4000,2733.2000,2733.0000,2732.6000,2731.4000,2734.4000,2735.0000,2735.8000,2736.0000,2736.2000,1,2,1,2,1,1,5,1,5,1
SF,IH2007,2020-05-26 09:36:14.500,2733.8000,4326,0,99235800.000,0,-,-,-,-,2733.4000,2733.2000,2733.0000,2732.6000,2731.4000,2734.2000,2734.4000,2735.0000,2735.8000,2736.0000,1,2,1,2,1,1,1,5,1,5
SF,IH2007,2020-05-26 09:36:15.000,2733.8000,4326,0,99235800.000,0,-,-,-,-,2733.2000,2733.0000,2732.6000,2731.4000,2731.2000,2734.2000,2734.4000,2735.0000,2735.8000,2736.0000,2,1,2,1,5,1,1,5,1,5
SF,IH2007,2020-05-26 09:36:15.500,2733.8000,4326,0,99235800.000,0,-,-,-,-,2732.6000,2731.4000,2731.2000,2728.4000,2725.2000,2734.0000,2734.4000,2735.0000,2735.8000,2736.0000,1,1,5,5,1,1,1,5,1,5
SF,IH2007,2020-05-26 09:36:16.000,2733.8000,4326,0,99235800.000,0,-,-,-,-,2732.8000,2732.6000,2731.4000,2731.2000,2728.4000,2734.4000,2735.0000,2735.8000,2736.0000,2736.2000,3,2,1,5,5,1,5,1,5,1
SF,IH2007,2020-05-26 09:36:16.500,2733.8000,4326,0,99235800.000,0,-,-,-,-,2733.0000,2732.8000,2732.6000,2731.4000,2731.2000,2734.4000,2735.0000,2735.8000,2736.0000,2736.2000,2,2,1,1,5,1,5,1,5,1
SF,IH2007,2020-05-26 09:36:17.000,2733.8000,4326,0,99235800.000,0,-,-,-,-,2733.0000,2732.8000,2732.6000,2731.4000,2731.2000,2734.2000,2734.4000,2735.0000,2735.8000,2736.0000,2,2,1,1,5,1,1,5,1,5
SF,IH2007,2020-05-26 09:36:18.500,2733.8000,4326,0,99235800.000,0,-,-,-,-,2733.0000,2732.8000,2732.6000,2731.4000,2731.2000,2734.2000,2734.4000,2735.0000,2735.8000,2736.0000,7,2,1,1,5,1,1,5,1,5
SF,IH2007,2020-05-26 09:36:19.000,2733.8000,4326,0,99235800.000,0,-,-,-,-,2733.0000,2732.8000,2732.6000,2731.4000,2731.2000,2734.4000,2735.0000,2735.8000,2736.0000,2736.2000,7,2,1,1,5,1,4,1,5,1
SF,IH2007,2020-05-26 09:36:19.500,2733.0000,4326,0,100055700.000,1,0,1,多换,S,2733.0000,2732.8000,2732.6000,2731.4000,2731.2000,2734.4000,2735.0000,2735.8000,2736.0000,2736.2000,6,2,1,1,5,1,4,1,5,1
SF,IH2007,2020-05-26 09:36:20.000,2733.0000,4326,0,100055700.000,0,-,-,-,-,2733.2000,2733.0000,2732.8000,2732.6000,2731.4000,2734.4000,2735.0000,2735.8000,2736.0000,2736.2000,1,6,2,1,1,1,4,1,5,1
SF,IH2007,2020-05-26 09:36:20.500,2733.0000,4326,0,100055700.000,0,-,-,-,-,2733.4000,2733.2000,2733.0000,2732.8000,2732.6000,2734.4000,2735.0000,2735.8000,2736.0000,2736.2000,1,2,5,2,1,1,4,1,5,1
SF,IH2007,2020-05-26 09:36:21.000,2733.0000,4326,0,100055700.000,0,-,-,-,-,2733.4000,2733.2000,2733.0000,2732.8000,2732.6000,2734.2000,2734.4000,2735.0000,2735.8000,2736.0000,1,1,5,2,1,1,1,4,1,5
SF,IH2007,2020-05-26 09:36:21.500,2733.0000,4326,0,100055700.000,0,-,-,-,-,2733.4000,2733.2000,2733.0000,2732.8000,2732.6000,2734.2000,2734.4000,2735.0000,2735.8000,2736.0000,1,1,5,2,1,1,1,4,1,5
