市场代码,合约代码,时间,最新,持仓,增仓,成交额,成交量,开仓,平仓,成交类型,方向,买一价,买二价,买三价,买四价,买五价,卖一价,卖二价,卖三价,卖四价,卖五价,买一量,买二量,买三量,买四量,买五量,卖一量,卖二量,卖三量,卖四量,卖五量
SF,IH2005,2020-03-26 09:29:00.200,2647.0000,666,0,794100.000,1.000,-,-,-,-,2638.0000,2630.4000,2628.4000,2628.0000,2626.0000,2647.2000,2649.2000,2651.0000,2652.0000,2653.4000,1,1,1,1,1,1,1,1,1,1
SF,IH2005,2020-03-26 09:30:00.200,2647.0000,666,0,794100.000,0,-,-,-,-,2638.0000,2630.4000,2628.0000,2626.0000,2624.0000,2644.2000,2644.4000,2645.0000,2646.2000,2646.6000,1,1,1,1,1,1,1,1,1,1
SF,IH2005,2020-03-26 09:30:00.700,2647.0000,666,0,794100.000,0,-,-,-,-,2638.6000,2638.2000,2638.0000,2622.2000,2621.6000,2644.0000,2644.2000,2644.4000,2645.0000,2646.6000,1,3,1,3,1,5,1,1,1,1
SF,IH2005,2020-03-26 09:30:01.200,2647.0000,666,0,794100.000,0,-,-,-,-,2638.8000,2638.6000,2638.2000,2638.0000,2622.2000,2644.0000,2644.2000,2644.4000,2645.0000,2646.6000,1,1,1,1,3,5,1,1,1,1
SF,IH2005,2020-03-26 09:30:01.700,2647.0000,666,0,794100.000,0,-,-,-,-,2640.4000,2639.0000,2638.8000,2638.6000,2638.2000,2644.0000,2646.6000,2651.0000,2652.4000,2669.0000,1,1,5,1,1,1,1,1,5,1
SF,IH2005,2020-03-26 09:30:02.200,2647.0000,666,0,794100.000,0,-,-,-,-,2640.6000,2639.0000,2638.8000,2638.6000,2638.2000,2643.8000,2646.6000,2651.0000,2652.4000,2669.0000,2,1,4,1,1,3,1,1,5,1
SF,IH2005,2020-03-26 09:30:03.200,2647.0000,666,0,794100.000,0,-,-,-,-,2640.8000,2640.6000,2639.0000,2638.8000,2638.6000,2646.6000,2651.0000,2652.4000,2669.0000,2671.8000,1,2,1,3,1,1,1,5,1,1
SF,IH2005,2020-03-26 09:30:03.700,2647.0000,666,0,794100.000,0,-,-,-,-,2641.0000,2640.8000,2640.6000,2639.0000,2638.8000,2646.4000,2646.6000,2646.8000,2652.4000,2669.0000,4,1,1,1,3,4,1,2,5,1
SF,IH2005,2020-03-26 09:30:04.200,2647.0000,666,0,794100.000,0,-,-,-,-,2641.0000,2639.0000,2638.8000,2638.6000,2638.2000,2646.2000,2646.4000,2646.6000,2646.8000,2652.4000,2,1,3,1,1,2,3,1,2,5
SF,IH2005,2020-03-26 09:30:04.700,2647.0000,666,0,794100.000,0,-,-,-,-,2641.0000,2638.8000,2638.6000,2638.2000,2638.0000,2645.0000,2646.0000,2646.4000,2646.6000,2646.8000,1,1,1,1,1,1,6,1,1,2
SF,IH2005,2020-03-26 09:30:05.200,2647.0000,666,0,794100.000,0,-,-,-,-,2641.0000,2638.8000,2638.6000,2638.2000,2638.0000,2644.8000,2645.0000,2646.0000,2646.4000,2646.6000,1,1,1,1,1,5,3,2,1,1
SF,IH2005,2020-03-26 09:30:05.700,2641.0000,665,-1,1586400.000,1,0,1,双平,S,2638.6000,2638.0000,2622.2000,2608.0000,2601.8000,2642.2000,2644.2000,2644.4000,2644.6000,2644.8000,1,1,3,1,1,1,1,1,2,4
SF,IH2005,2020-03-26 09:30:06.200,2641.0000,665,0,1586400.000,0,-,-,-,-,2638.6000,2638.0000,2622.2000,2608.0000,2601.8000,2642.0000,2644.2000,2644.4000,2644.6000,2644.8000,1,1,3,1,1,3,1,1,2,6
SF,IH2005,2020-03-26 09:30:06.700,2641.0000,665,0,1586400.000,0,-,-,-,-,2638.0000,2622.2000,2608.0000,2601.8000,2585.6000,2641.6000,2642.0000,2644.4000,2644.6000,2644.8000,1,3,1,1,1,1,3,1,2,6
SF,IH2005,2020-03-26 09:30:07.200,2641.0000,665,0,1586400.000,0,-,-,-,-,2638.0000,2622.2000,2608.0000,2601.8000,2585.6000,2641.4000,2641.6000,2642.0000,2644.4000,2644.6000,1,3,1,1,1,2,1,1,1,2
SF,IH2005,2020-03-26 09:30:07.700,2638.0000,665,0,2377800.000,1,0,1,多换,S,2622.2000,2608.0000,2601.8000,2585.6000,2565.6000,2641.4000,2641.6000,2642.0000,2644.4000,2644.6000,3,1,1,1,5,1,2,1,1,2
SF,IH2005,2020-03-26 09:30:08.200,2638.0000,665,0,2377800.000,0,-,-,-,-,2637.2000,2635.8000,2634.8000,2633.8000,2633.0000,2641.2000,2641.4000,2641.6000,2642.0000,2644.4000,1,1,1,1,1,2,1,2,1,1
SF,IH2005,2020-03-26 09:30:08.700,2638.0000,665,0,2377800.000,0,-,-,-,-,2637.4000,2637.2000,2635.8000,2631.2000,2622.4000,2641.0000,2641.2000,2642.0000,2644.4000,2644.6000,2,1,1,1,3,1,2,1,1,1
SF,IH2005,2020-03-26 09:30:09.200,2638.0000,665,0,2377800.000,0,-,-,-,-,2637.4000,2631.2000,2622.4000,2622.2000,2608.0000,2640.4000,2640.8000,2641.0000,2641.2000,2642.0000,1,1,3,4,1,1,1,1,1,1
SF,IH2005,2020-03-26 09:30:09.700,2638.0000,665,0,2377800.000,0,-,-,-,-,2637.6000,2637.4000,2631.2000,2622.4000,2622.2000,2640.2000,2641.0000,2641.2000,2642.0000,2644.4000,1,1,1,3,4,1,1,1,1,1
SF,IH2005,2020-03-26 09:30:10.200,2638.0000,665,0,2377800.000,0,-,-,-,-,2638.8000,2637.8000,2637.6000,2622.4000,2622.2000,2640.0000,2641.0000,2641.2000,2642.0000,2644.4000,1,1,4,2,4,1,1,1,1,1
SF,IH2005,2020-03-26 09:30:10.700,2638.8000,663,-2,3961080.000,2,0,2,双平,S,2637.6000,2622.4000,2622.2000,2608.0000,2601.8000,2640.0000,2641.0000,2642.0000,2644.4000,2644.8000,3,2,4,1,1,1,1,1,1,5
SF,IH2005,2020-03-26 09:30:11.200,2638.8000,663,0,3961080.000,0,-,-,-,-,2637.8000,2637.6000,2622.4000,2622.2000,2608.0000,2639.8000,2640.0000,2641.0000,2642.0000,2644.4000,1,3,2,4,1,1,1,1,1,1
SF,IH2005,2020-03-26 09:30:11.700,2638.8000,663,0,3961080.000,0,-,-,-,-,2638.0000,2637.8000,2637.6000,2622.4000,2622.2000,2639.8000,2640.0000,2641.0000,2642.0000,2644.4000,1,1,3,2,4,1,1,1,1,1
SF,IH2005,2020-03-26 09:30:12.200,2638.8000,663,0,3961080.000,0,-,-,-,-,2637.6000,2622.4000,2622.2000,2608.0000,2601.8000,2639.8000,2641.0000,2642.0000,2644.4000,2644.8000,1,2,4,1,1,1,1,1,1,5
SF,IH2005,2020-03-26 09:30:12.700,2639.6000,662,-1,4752960.000,1,0,1,双平,S,2637.8000,2637.6000,2622.4000,2622.2000,2608.0000,2639.8000,2641.0000,2642.0000,2644.4000,2644.8000,1,1,2,4,1,1,1,1,1,5
SF,IH2005,2020-03-26 09:30:13.200,2639.6000,662,0,4752960.000,0,-,-,-,-,2638.0000,2637.8000,2637.6000,2622.4000,2622.2000,2641.0000,2642.0000,2644.4000,2644.8000,2669.0000,1,4,1,2,4,1,1,1,5,1
SF,IH2005,2020-03-26 09:30:13.700,2639.6000,662,0,4752960.000,0,-,-,-,-,2638.2000,2638.0000,2637.8000,2622.4000,2622.2000,2642.0000,2644.4000,2648.6000,2669.0000,2671.8000,1,2,5,2,4,1,1,5,1,1
SF,IH2005,2020-03-26 09:30:14.200,2639.6000,662,0,4752960.000,0,-,-,-,-,2638.4000,2638.2000,2637.8000,2622.4000,2622.2000,2641.8000,2648.6000,2669.0000,2671.8000,2675.0000,3,1,4,2,4,1,5,1,1,1
SF,IH2005,2020-03-26 09:30:14.700,2641.8000,661,-1,5545500.000,1,0,1,双平,S,2638.6000,2638.4000,2638.2000,2637.8000,2622.4000,2648.6000,2669.0000,2671.8000,2675.0000,2696.0000,3,3,2,4,2,5,1,1,1,1
SF,IH2005,2020-03-26 09:30:15.200,2641.8000,661,0,5545500.000,0,-,-,-,-,2638.8000,2638.6000,2638.4000,2638.2000,2637.8000,2645.0000,2646.4000,2646.8000,2648.4000,2648.6000,2,3,1,1,3,1,1,2,4,5
SF,IH2005,2020-03-26 09:30:15.700,2641.8000,661,0,5545500.000,0,-,-,-,-,2639.0000,2638.8000,2638.6000,2638.4000,2638.2000,2644.8000,2645.0000,2646.4000,2646.8000,2648.4000,4,4,3,1,1,4,1,1,2,1
SF,IH2005,2020-03-26 09:30:16.200,2641.8000,661,0,5545500.000,0,-,-,-,-,2639.2000,2639.0000,2638.8000,2638.6000,2638.4000,2644.8000,2645.0000,2646.4000,2646.8000,2648.4000,3,6,1,3,1,4,1,1,2,1
SF,IH2005,2020-03-26 09:30:16.700,2641.8000,661,0,5545500.000,0,-,-,-,-,2640.0000,2639.4000,2639.2000,2639.0000,2638.8000,2644.8000,2646.4000,2646.8000,2648.4000,2648.6000,1,2,4,5,1,4,1,2,1,5
SF,IH2005,2020-03-26 09:30:17.200,2641.8000,661,0,5545500.000,0,-,-,-,-,2640.4000,2640.2000,2640.0000,2639.4000,2639.2000,2644.8000,2646.4000,2646.8000,2648.4000,2648.6000,1,4,3,2,1,4,1,2,1,5
SF,IH2005,2020-03-26 09:30:17.700,2641.8000,661,0,5545500.000,0,-,-,-,-,2640.6000,2640.4000,2640.2000,2640.0000,2639.4000,2644.8000,2646.4000,2646.8000,2648.6000,2648.8000,3,2,3,2,2,4,1,2,5,1
SF,IH2005,2020-03-26 09:30:18.200,2641.8000,661,0,5545500.000,0,-,-,-,-,2640.8000,2640.6000,2640.4000,2640.2000,2640.0000,2644.8000,2646.4000,2646.8000,2648.6000,2648.8000,1,5,1,3,2,3,1,2,5,1
SF,IH2005,2020-03-26 09:30:18.700,2641.8000,661,0,5545500.000,0,-,-,-,-,2641.0000,2640.8000,2640.6000,2640.4000,2640.2000,2652.4000,2669.0000,2671.8000,2675.0000,2696.0000,4,2,2,1,3,5,1,1,1,1
SF,IH2005,2020-03-26 09:30:19.200,2641.8000,661,0,5545500.000,0,-,-,-,-,2641.2000,2641.0000,2640.8000,2640.6000,2640.4000,2646.8000,2648.8000,2649.4000,2649.6000,2652.0000,1,5,1,2,1,1,1,1,2,1
SF,IH2005,2020-03-26 09:30:19.700,2641.8000,661,0,5545500.000,0,-,-,-,-,2641.6000,2641.4000,2641.2000,2641.0000,2640.8000,2646.6000,2648.8000,2649.4000,2649.6000,2652.0000,1,2,2,2,1,3,1,1,2,1
SF,IH2005,2020-03-26 09:30:20.200,2641.8000,661,0,5545500.000,0,-,-,-,-,2641.8000,2641.6000,2641.2000,2641.0000,2640.8000,2646.6000,2648.8000,2649.4000,2649.6000,2652.0000,3,3,1,2,1,3,1,1,2,1
SF,IH2005,2020-03-26 09:30:20.700,2641.8000,661,0,5545500.000,0,-,-,-,-,2641.8000,2641.6000,2641.2000,2641.0000,2640.8000,2646.4000,2646.6000,2646.8000,2648.8000,2649.6000,2,1,1,2,1,1,3,2,1,1
SF,IH2005,2020-03-26 09:30:21.200,2641.8000,661,0,5545500.000,0,-,-,-,-,2642.0000,2641.8000,2641.6000,2641.2000,2641.0000,2646.2000,2646.4000,2646.6000,2646.8000,2648.8000,1,2,1,1,2,2,1,1,2,1
SF,IH2005,2020-03-26 09:30:21.700,2641.8000,661,0,5545500.000,0,-,-,-,-,2642.2000,2642.0000,2641.6000,2641.2000,2641.0000,2646.2000,2646.6000,2648.8000,2649.6000,2652.4000,2,1,1,1,2,2,1,1,1,5
SF,IH2005,2020-03-26 09:30:22.200,2641.8000,661,0,5545500.000,0,-,-,-,-,2642.4000,2642.2000,2642.0000,2641.6000,2641.2000,2646.2000,2646.6000,2648.8000,2649.6000,2652.4000,1,2,1,1,1,2,1,1,1,5
SF,IH2005,2020-03-26 09:30:22.700,2641.8000,661,0,5545500.000,0,-,-,-,-,2642.6000,2642.4000,2642.0000,2641.6000,2641.2000,2646.2000,2646.6000,2648.8000,2649.6000,2652.4000,2,1,1,1,1,2,1,1,1,5
SF,IH2005,2020-03-26 09:30:23.200,2641.8000,661,0,5545500.000,0,-,-,-,-,2642.8000,2642.6000,2642.4000,2642.0000,2641.6000,2646.2000,2646.6000,2648.8000,2649.6000,2652.4000,1,2,1,1,1,2,1,1,1,5
SF,IH2005,2020-03-26 09:30:23.700,2641.8000,661,0,5545500.000,0,-,-,-,-,2643.0000,2642.8000,2642.4000,2642.0000,2641.6000,2646.2000,2646.6000,2648.8000,2649.6000,2652.4000,2,1,1,1,1,2,1,1,1,5
SF,IH2005,2020-03-26 09:30:24.200,2641.8000,661,0,5545500.000,0,-,-,-,-,2643.2000,2643.0000,2642.8000,2642.4000,2642.0000,2648.8000,2649.6000,2652.4000,2669.0000,2671.8000,3,2,1,1,1,1,1,5,1,1
SF,IH2005,2020-03-26 09:30:24.700,2641.8000,661,0,5545500.000,0,-,-,-,-,2643.4000,2643.2000,2642.8000,2642.4000,2642.0000,2648.6000,2648.8000,2649.6000,2652.4000,2669.0000,2,3,1,1,1,3,1,1,5,1
SF,IH2005,2020-03-26 09:30:25.700,2641.8000,661,0,5545500.000,0,-,-,-,-,2643.6000,2643.4000,2643.2000,2642.8000,2642.0000,2648.6000,2648.8000,2649.6000,2652.4000,2669.0000,4,2,3,1,1,3,1,1,5,1
SF,IH2005,2020-03-26 09:30:26.200,2641.8000,661,0,5545500.000,0,-,-,-,-,2643.8000,2643.6000,2643.2000,2642.8000,2642.0000,2648.6000,2648.8000,2649.6000,2652.4000,2669.0000,2,4,3,1,1,3,1,1,5,1
SF,IH2005,2020-03-26 09:30:26.700,2641.8000,661,0,5545500.000,0,-,-,-,-,2643.8000,2643.6000,2643.2000,2642.8000,2642.0000,2648.6000,2648.8000,2649.6000,2652.4000,2669.0000,1,1,3,1,1,3,1,1,5,1
SF,IH2005,2020-03-26 09:30:27.200,2641.8000,661,0,5545500.000,0,-,-,-,-,2643.8000,2643.6000,2643.2000,2642.8000,2642.0000,2648.6000,2648.8000,2649.6000,2652.4000,2669.0000,1,1,3,1,1,3,1,1,5,1
SF,IH2005,2020-03-26 09:30:28.200,2641.8000,661,0,5545500.000,0,-,-,-,-,2644.0000,2643.8000,2643.6000,2643.2000,2642.8000,2648.6000,2648.8000,2649.6000,2652.4000,2669.0000,3,1,1,3,1,3,1,1,5,1
SF,IH2005,2020-03-26 09:30:28.700,2641.8000,661,0,5545500.000,0,-,-,-,-,2644.2000,2644.0000,2643.6000,2643.2000,2642.8000,2648.6000,2648.8000,2649.6000,2652.4000,2669.0000,1,2,1,3,1,3,1,1,5,1
SF,IH2005,2020-03-26 09:30:29.200,2641.8000,661,0,5545500.000,0,-,-,-,-,2644.4000,2644.2000,2644.0000,2643.2000,2642.8000,2648.6000,2649.6000,2652.4000,2669.0000,2671.8000,1,1,2,3,1,3,1,5,1,1
SF,IH2005,2020-03-26 09:30:29.700,2641.8000,661,0,5545500.000,0,-,-,-,-,2644.6000,2644.4000,2644.0000,2643.2000,2642.8000,2648.6000,2648.8000,2649.6000,2652.4000,2669.0000,1,1,2,3,1,3,1,1,5,1
SF,IH2005,2020-03-26 09:30:30.200,2641.8000,661,0,5545500.000,0,-,-,-,-,2644.6000,2644.4000,2643.2000,2642.8000,2641.6000,2648.4000,2648.6000,2648.8000,2649.6000,2652.4000,1,1,3,1,1,1,3,1,1,5
SF,IH2005,2020-03-26 09:30:30.700,2641.8000,661,0,5545500.000,0,-,-,-,-,2644.6000,2644.4000,2643.2000,2642.8000,2641.6000,2648.2000,2648.4000,2648.6000,2649.6000,2652.4000,1,1,3,1,1,4,1,1,1,5
SF,IH2005,2020-03-26 09:30:32.200,2644.6000,660,-1,6338880.000,1,0,1,双平,S,2644.4000,2643.2000,2642.8000,2641.6000,2641.2000,2648.2000,2648.4000,2648.6000,2649.6000,2652.4000,1,3,1,1,1,4,1,1,1,5
SF,IH2005,2020-03-26 09:30:32.700,2644.6000,660,0,6338880.000,0,-,-,-,-,2644.6000,2643.2000,2642.8000,2641.6000,2641.2000,2648.0000,2648.2000,2648.4000,2648.6000,2649.6000,1,3,1,1,1,2,4,1,1,1
SF,IH2005,2020-03-26 09:30:33.200,2646.4000,659,-1,7132800.000,1,0,1,双平,S,2642.8000,2641.2000,2641.0000,2640.4000,2640.0000,2647.8000,2648.0000,2648.2000,2648.4000,2648.6000,1,1,1,1,1,7,2,2,1,1
SF,IH2005,2020-03-26 09:30:33.700,2646.4000,659,0,7132800.000,0,-,-,-,-,2643.0000,2642.8000,2641.2000,2641.0000,2640.4000,2646.8000,2647.6000,2647.8000,2648.0000,2648.2000,2,1,1,1,1,1,1,4,1,2
SF,IH2005,2020-03-26 09:30:34.200,2646.4000,659,0,7132800.000,0,-,-,-,-,2643.0000,2642.8000,2641.2000,2641.0000,2640.4000,2646.6000,2646.8000,2647.8000,2648.0000,2648.2000,2,1,1,1,1,5,1,2,1,2
SF,IH2005,2020-03-26 09:30:34.700,2646.4000,659,0,7132800.000,0,-,-,-,-,2643.0000,2642.8000,2641.2000,2641.0000,2640.4000,2646.6000,2647.8000,2648.0000,2648.2000,2648.4000,2,1,1,1,1,5,2,1,2,1
SF,IH2005,2020-03-26 09:30:35.200,2646.4000,659,0,7132800.000,0,-,-,-,-,2643.0000,2642.8000,2641.2000,2641.0000,2640.4000,2646.4000,2646.6000,2646.8000,2647.8000,2648.0000,1,1,1,1,1,1,5,2,2,1
SF,IH2005,2020-03-26 09:30:35.700,2646.4000,659,0,7132800.000,0,-,-,-,-,2643.0000,2642.8000,2641.2000,2640.4000,2640.0000,2646.2000,2646.6000,2647.8000,2648.0000,2648.2000,1,1,1,1,1,3,3,2,1,2
SF,IH2005,2020-03-26 09:30:36.200,2646.4000,659,0,7132800.000,0,-,-,-,-,2643.0000,2642.8000,2641.2000,2640.4000,2640.0000,2646.2000,2646.4000,2646.6000,2647.8000,2648.0000,1,1,1,1,1,3,1,3,2,1
SF,IH2005,2020-03-26 09:30:36.700,2646.4000,659,0,7132800.000,0,-,-,-,-,2643.2000,2643.0000,2642.8000,2641.2000,2640.4000,2646.0000,2646.2000,2646.6000,2647.8000,2648.0000,1,1,1,1,1,1,3,3,2,1
SF,IH2005,2020-03-26 09:30:37.200,2646.4000,659,0,7132800.000,0,-,-,-,-,2643.4000,2643.2000,2642.8000,2641.2000,2640.4000,2645.8000,2646.0000,2646.2000,2646.6000,2647.8000,1,1,1,1,1,2,1,1,3,2
SF,IH2005,2020-03-26 09:30:37.700,2646.4000,659,0,7132800.000,0,-,-,-,-,2643.4000,2643.2000,2642.8000,2641.2000,2640.4000,2645.8000,2646.0000,2646.2000,2646.6000,2648.0000,1,1,1,1,1,2,1,1,2,1
SF,IH2005,2020-03-26 09:30:38.200,2643.4000,658,-1,7925820.000,1,0,1,双平,S,2642.8000,2641.2000,2640.4000,2640.0000,2635.0000,2645.8000,2646.0000,2646.2000,2646.6000,2648.0000,1,1,1,1,1,2,1,1,2,1
SF,IH2005,2020-03-26 09:30:38.700,2643.4000,658,0,7925820.000,0,-,-,-,-,2641.2000,2640.4000,2640.0000,2635.0000,2622.4000,2645.8000,2646.0000,2646.2000,2646.6000,2648.0000,1,1,1,1,2,2,1,1,2,1
SF,IH2005,2020-03-26 09:30:39.200,2643.4000,658,0,7925820.000,0,-,-,-,-,2641.4000,2641.2000,2640.4000,2640.0000,2635.0000,2645.6000,2645.8000,2646.0000,2646.2000,2646.6000,4,1,1,1,1,1,2,1,1,2
SF,IH2005,2020-03-26 09:30:39.700,2643.4000,658,0,7925820.000,0,-,-,-,-,2641.4000,2640.4000,2640.0000,2635.0000,2622.4000,2645.4000,2645.6000,2646.0000,2646.2000,2646.6000,3,1,1,1,2,2,3,1,1,2
SF,IH2005,2020-03-26 09:30:40.200,2643.4000,658,0,7925820.000,0,-,-,-,-,2641.4000,2635.0000,2622.4000,2622.2000,2608.0000,2645.2000,2645.4000,2645.6000,2646.0000,2646.2000,3,1,2,4,1,2,2,2,1,1
SF,IH2005,2020-03-26 09:30:40.700,2643.4000,658,0,7925820.000,0,-,-,-,-,2635.0000,2622.4000,2622.2000,2608.0000,2601.8000,2645.0000,2645.2000,2645.6000,2646.0000,2646.2000,1,2,4,1,1,3,2,2,1,1
SF,IH2005,2020-03-26 09:30:41.200,2643.4000,658,0,7925820.000,0,-,-,-,-,2641.2000,2639.0000,2636.8000,2636.4000,2635.8000,2644.8000,2645.0000,2645.2000,2645.6000,2646.0000,1,1,1,1,1,2,3,1,2,1
SF,IH2005,2020-03-26 09:30:41.700,2643.4000,658,0,7925820.000,0,-,-,-,-,2641.4000,2639.0000,2636.4000,2635.2000,2635.0000,2644.6000,2644.8000,2645.0000,2645.2000,2645.6000,5,1,1,2,2,1,2,1,1,2
SF,IH2005,2020-03-26 09:30:42.200,2643.4000,658,0,7925820.000,0,-,-,-,-,2641.4000,2639.0000,2636.4000,2635.2000,2635.0000,2644.4000,2644.6000,2644.8000,2645.2000,2645.6000,1,1,1,2,2,1,2,2,1,2
SF,IH2005,2020-03-26 09:30:42.700,2643.4000,658,0,7925820.000,0,-,-,-,-,2639.0000,2636.4000,2635.2000,2635.0000,2622.4000,2644.2000,2644.4000,2644.8000,2645.2000,2645.6000,1,1,2,2,2,2,1,2,1,2
SF,IH2005,2020-03-26 09:30:43.200,2643.4000,658,0,7925820.000,0,-,-,-,-,2642.0000,2640.0000,2639.2000,2639.0000,2636.4000,2644.0000,2644.2000,2644.4000,2644.8000,2645.2000,1,1,3,2,1,1,2,1,1,1
SF,IH2005,2020-03-26 09:30:43.700,2643.4000,658,0,7925820.000,0,-,-,-,-,2642.2000,2640.0000,2639.2000,2639.0000,2636.4000,2643.8000,2644.2000,2644.4000,2644.8000,2645.2000,1,1,2,2,1,1,1,1,1,1
SF,IH2005,2020-03-26 09:30:44.200,2642.2000,657,-1,8718480.000,1,0,1,双平,S,2640.0000,2639.2000,2639.0000,2636.4000,2635.2000,2643.8000,2644.2000,2644.4000,2644.8000,2645.2000,1,2,2,1,2,1,1,1,1,1
SF,IH2005,2020-03-26 09:30:44.700,2642.2000,657,0,8718480.000,0,-,-,-,-,2640.2000,2640.0000,2639.2000,2639.0000,2636.4000,2643.6000,2643.8000,2644.2000,2644.4000,2644.8000,4,2,1,1,1,2,1,1,1,1
SF,IH2005,2020-03-26 09:30:45.200,2642.2000,657,0,8718480.000,0,-,-,-,-,2642.2000,2640.2000,2640.0000,2639.2000,2639.0000,2644.2000,2644.8000,2645.2000,2645.6000,2646.2000,1,5,2,1,1,1,1,1,2,1
SF,IH2005,2020-03-26 09:30:45.700,2642.2000,657,0,8718480.000,0,-,-,-,-,2642.4000,2640.4000,2640.2000,2640.0000,2639.0000,2645.2000,2648.0000,2652.4000,2669.0000,2671.8000,3,3,2,2,1,1,1,5,1,1
SF,IH2005,2020-03-26 09:30:46.200,2642.2000,657,0,8718480.000,0,-,-,-,-,2642.4000,2640.4000,2640.2000,2640.0000,2639.0000,2648.0000,2652.4000,2669.0000,2671.8000,2675.0000,4,3,1,2,1,1,5,1,1,1
SF,IH2005,2020-03-26 09:30:46.700,2642.2000,657,0,8718480.000,0,-,-,-,-,2642.4000,2640.4000,2640.2000,2640.0000,2637.2000,2647.8000,2648.0000,2652.4000,2669.0000,2671.8000,4,3,1,2,5,3,1,5,1,1
SF,IH2005,2020-03-26 09:30:47.200,2642.2000,657,0,8718480.000,0,-,-,-,-,2642.4000,2640.4000,2640.2000,2640.0000,2637.2000,2647.8000,2652.4000,2669.0000,2671.8000,2675.0000,4,3,1,2,5,3,5,1,1,1
SF,IH2005,2020-03-26 09:30:47.700,2642.2000,657,0,8718480.000,0,-,-,-,-,2642.4000,2640.4000,2640.0000,2637.2000,2635.0000,2647.8000,2652.4000,2669.0000,2671.8000,2675.0000,5,3,2,5,1,3,5,1,1,1
SF,IH2005,2020-03-26 09:30:48.200,2642.2000,657,0,8718480.000,0,-,-,-,-,2645.8000,2643.2000,2642.6000,2642.4000,2640.4000,2647.8000,2652.4000,2669.0000,2671.8000,2675.0000,1,1,1,5,3,2,5,1,1,1
SF,IH2005,2020-03-26 09:30:48.700,2647.8000,656,-1,9512820.000,1,0,1,双平,S,2646.0000,2644.2000,2643.2000,2642.6000,2642.4000,2652.4000,2669.0000,2671.8000,2675.0000,2696.0000,2,1,1,1,4,5,1,1,1,1
SF,IH2005,2020-03-26 09:30:49.200,2647.8000,656,0,9512820.000,0,-,-,-,-,2647.8000,2646.0000,2644.2000,2643.2000,2642.6000,2652.0000,2652.2000,2656.2000,2669.0000,2671.8000,2,3,1,1,1,1,4,5,1,1
SF,IH2005,2020-03-26 09:30:49.700,2647.8000,656,0,9512820.000,0,-,-,-,-,2647.8000,2646.0000,2644.2000,2643.2000,2642.6000,2651.8000,2652.0000,2652.2000,2656.2000,2669.0000,2,3,1,1,1,5,2,3,5,1
SF,IH2005,2020-03-26 09:30:50.200,2647.8000,656,0,9512820.000,0,-,-,-,-,2646.0000,2644.2000,2643.2000,2642.6000,2642.4000,2651.8000,2652.0000,2652.2000,2656.2000,2669.0000,3,2,1,1,2,5,2,3,5,1
SF,IH2005,2020-03-26 09:30:50.700,2647.8000,656,0,9512820.000,0,-,-,-,-,2646.0000,2644.2000,2643.2000,2642.6000,2642.4000,2651.8000,2652.0000,2652.2000,2656.2000,2669.0000,3,2,1,1,2,5,2,3,5,1
SF,IH2005,2020-03-26 09:30:51.200,2647.8000,656,0,9512820.000,0,-,-,-,-,2646.0000,2644.2000,2643.2000,2642.6000,2642.4000,2650.0000,2651.8000,2652.0000,2652.2000,2656.2000,2,2,1,1,1,1,5,2,2,5
SF,IH2005,2020-03-26 09:30:51.700,2647.8000,656,0,9512820.000,0,-,-,-,-,2646.2000,2646.0000,2644.2000,2643.2000,2642.6000,2649.6000,2649.8000,2650.0000,2651.8000,2652.0000,1,2,2,1,1,2,4,1,3,2
SF,IH2005,2020-03-26 09:30:52.200,2647.8000,656,0,9512820.000,0,-,-,-,-,2646.4000,2646.2000,2644.2000,2643.2000,2642.6000,2649.4000,2649.6000,2649.8000,2650.0000,2651.8000,1,1,1,1,1,4,2,2,1,3
SF,IH2005,2020-03-26 09:30:52.700,2647.8000,656,0,9512820.000,0,-,-,-,-,2646.4000,2646.2000,2644.2000,2643.2000,2642.6000,2649.4000,2649.8000,2651.8000,2652.0000,2652.2000,1,1,1,1,1,4,2,3,2,2
SF,IH2005,2020-03-26 09:30:53.200,2647.8000,656,0,9512820.000,0,-,-,-,-,2646.4000,2644.2000,2643.2000,2642.6000,2642.4000,2649.4000,2649.8000,2651.8000,2652.0000,2652.2000,1,1,1,1,1,4,2,3,2,2
SF,IH2005,2020-03-26 09:30:53.700,2647.8000,656,0,9512820.000,0,-,-,-,-,2646.6000,2646.4000,2644.2000,2643.2000,2642.6000,2649.4000,2651.8000,2652.0000,2652.2000,2669.0000,1,1,1,1,1,2,3,2,2,1
SF,IH2005,2020-03-26 09:30:54.200,2647.8000,656,0,9512820.000,0,-,-,-,-,2646.8000,2646.6000,2644.2000,2643.2000,2642.6000,2649.4000,2651.8000,2652.0000,2652.2000,2669.0000,1,1,1,1,1,2,3,2,2,1
SF,IH2005,2020-03-26 09:30:54.700,2646.6000,656,0,11100840.000,2,1,1,多换,S,2644.2000,2643.2000,2642.6000,2642.4000,2637.2000,2646.4000,2649.2000,2649.4000,2651.8000,2652.0000,1,1,1,1,5,8,1,2,3,2
SF,IH2005,2020-03-26 09:30:55.200,2646.4000,656,0,17452200.000,8,4,4,多换,S,2646.4000,2646.2000,2644.4000,2644.2000,2643.2000,2649.2000,2649.4000,2651.8000,2652.0000,2652.2000,1,1,4,3,1,1,1,3,2,2
SF,IH2005,2020-03-26 09:30:55.700,2646.4000,656,0,17452200.000,0,-,-,-,-,2646.6000,2646.4000,2645.0000,2644.4000,2644.2000,2649.0000,2649.4000,2651.8000,2652.0000,2656.2000,2,1,1,4,3,1,1,1,2,5
SF,IH2005,2020-03-26 09:30:56.200,2646.4000,656,0,17452200.000,0,-,-,-,-,2646.6000,2646.4000,2644.4000,2644.2000,2643.2000,2649.0000,2651.8000,2652.0000,2656.2000,2669.0000,1,1,3,3,1,3,1,2,5,1
SF,IH2005,2020-03-26 09:30:56.700,2646.4000,656,0,17452200.000,0,-,-,-,-,2646.6000,2646.4000,2644.4000,2644.2000,2643.2000,2648.8000,2649.0000,2651.8000,2652.0000,2656.2000,1,1,3,3,1,1,3,1,2,5
SF,IH2005,2020-03-26 09:30:57.200,2646.4000,656,0,17452200.000,0,-,-,-,-,2646.6000,2646.4000,2644.4000,2644.2000,2643.2000,2648.8000,2649.0000,2651.8000,2652.0000,2656.2000,1,1,3,3,1,1,1,1,2,5
SF,IH2005,2020-03-26 09:30:57.700,2646.4000,656,0,17452200.000,0,-,-,-,-,2646.6000,2646.4000,2644.4000,2644.2000,2643.2000,2648.6000,2648.8000,2651.8000,2652.0000,2656.2000,1,1,3,3,1,1,1,1,2,5
SF,IH2005,2020-03-26 09:30:58.200,2646.4000,656,0,17452200.000,0,-,-,-,-,2646.6000,2646.4000,2644.4000,2644.2000,2643.2000,2648.4000,2648.6000,2648.8000,2651.8000,2652.0000,1,1,3,3,1,1,1,1,1,2
SF,IH2005,2020-03-26 09:30:58.700,2646.4000,656,0,17452200.000,0,-,-,-,-,2646.6000,2646.4000,2644.4000,2644.2000,2643.2000,2648.4000,2651.8000,2652.0000,2656.2000,2669.0000,1,1,3,3,1,1,1,2,5,1
SF,IH2005,2020-03-26 09:30:59.200,2646.4000,656,0,17452200.000,0,-,-,-,-,2646.8000,2646.6000,2646.4000,2644.4000,2644.2000,2651.8000,2652.0000,2656.2000,2669.0000,2671.8000,1,1,1,3,3,1,2,5,1,1
SF,IH2005,2020-03-26 09:30:59.700,2646.4000,656,0,17452200.000,0,-,-,-,-,2646.8000,2646.6000,2646.4000,2644.4000,2644.2000,2651.6000,2651.8000,2652.0000,2656.2000,2669.0000,1,1,1,3,2,3,1,2,5,1
SF,IH2005,2020-03-26 09:31:00.200,2646.4000,656,0,17452200.000,0,-,-,-,-,2646.8000,2646.6000,2646.4000,2644.4000,2644.2000,2651.4000,2651.6000,2651.8000,2652.0000,2656.2000,1,1,1,3,1,2,3,1,2,5
SF,IH2005,2020-03-26 09:31:00.700,2646.4000,656,0,17452200.000,0,-,-,-,-,2647.0000,2646.8000,2646.4000,2644.4000,2644.2000,2651.2000,2651.4000,2651.6000,2651.8000,2652.0000,1,1,1,3,1,3,1,1,1,2
SF,IH2005,2020-03-26 09:31:01.200,2646.4000,656,0,17452200.000,0,-,-,-,-,2647.2000,2647.0000,2646.8000,2646.4000,2644.4000,2651.0000,2651.2000,2651.4000,2651.6000,2651.8000,3,2,1,1,2,2,3,1,1,1
SF,IH2005,2020-03-26 09:31:01.700,2646.4000,656,0,17452200.000,0,-,-,-,-,2647.4000,2647.2000,2647.0000,2646.8000,2646.4000,2650.8000,2651.0000,2651.2000,2651.4000,2651.6000,1,3,1,1,1,4,2,1,1,1
SF,IH2005,2020-03-26 09:31:02.200,2646.4000,656,0,17452200.000,0,-,-,-,-,2647.0000,2646.4000,2644.4000,2644.2000,2637.2000,2650.6000,2650.8000,2651.0000,2651.2000,2651.4000,1,1,1,1,5,1,4,2,1,1
SF,IH2005,2020-03-26 09:31:02.700,2646.4000,656,0,17452200.000,0,-,-,-,-,2647.0000,2646.4000,2644.4000,2644.2000,2637.2000,2650.4000,2650.6000,2650.8000,2651.0000,2651.2000,1,1,1,1,5,4,1,2,2,1
SF,IH2005,2020-03-26 09:31:03.200,2646.4000,656,0,17452200.000,0,-,-,-,-,2647.0000,2646.4000,2644.4000,2644.2000,2637.2000,2650.2000,2650.4000,2650.6000,2650.8000,2651.0000,1,1,1,1,5,1,4,1,2,2
SF,IH2005,2020-03-26 09:31:03.700,2646.4000,656,0,17452200.000,0,-,-,-,-,2647.0000,2646.4000,2644.4000,2644.2000,2637.2000,2650.0000,2650.2000,2650.4000,2650.6000,2650.8000,1,1,1,1,5,3,1,2,1,2
SF,IH2005,2020-03-26 09:31:04.200,2646.4000,656,0,17452200.000,0,-,-,-,-,2647.2000,2647.0000,2646.4000,2644.4000,2644.2000,2650.0000,2650.2000,2650.4000,2650.6000,2650.8000,1,1,1,1,1,3,1,2,1,2
SF,IH2005,2020-03-26 09:31:04.700,2646.4000,656,0,17452200.000,0,-,-,-,-,2646.4000,2644.4000,2644.2000,2637.2000,2635.0000,2649.8000,2650.0000,2650.2000,2650.4000,2650.6000,1,1,1,5,1,1,3,1,2,1
SF,IH2005,2020-03-26 09:31:05.200,2646.4000,656,0,17452200.000,0,-,-,-,-,2647.4000,2646.6000,2646.4000,2644.4000,2644.2000,2649.6000,2649.8000,2650.0000,2650.2000,2650.4000,1,3,1,1,1,1,1,2,1,2
SF,IH2005,2020-03-26 09:31:05.700,2646.4000,656,0,17452200.000,0,-,-,-,-,2646.6000,2646.4000,2644.4000,2644.2000,2637.2000,2647.4000,2649.4000,2649.6000,2649.8000,2650.0000,2,1,1,1,5,1,1,4,1,1
SF,IH2005,2020-03-26 09:31:06.200,2647.4000,655,-1,18246420.000,1,0,1,双平,S,2646.8000,2646.6000,2646.4000,2644.4000,2644.2000,2649.4000,2649.6000,2649.8000,2650.0000,2650.2000,1,2,1,1,1,1,3,1,1,1
SF,IH2005,2020-03-26 09:31:06.700,2647.4000,655,0,18246420.000,0,-,-,-,-,2646.6000,2646.4000,2644.4000,2644.2000,2637.2000,2649.2000,2649.6000,2649.8000,2650.0000,2650.2000,1,1,1,1,5,1,3,1,1,1
SF,IH2005,2020-03-26 09:31:07.200,2647.4000,655,0,18246420.000,0,-,-,-,-,2646.6000,2646.4000,2644.4000,2644.2000,2637.2000,2649.2000,2649.6000,2649.8000,2650.0000,2650.2000,1,1,1,1,5,2,2,1,1,1
SF,IH2005,2020-03-26 09:31:07.700,2647.4000,655,0,18246420.000,0,-,-,-,-,2646.8000,2646.6000,2646.4000,2644.4000,2644.2000,2649.2000,2649.6000,2649.8000,2650.0000,2650.2000,1,1,1,1,1,2,2,1,1,1
SF,IH2005,2020-03-26 09:31:08.200,2647.4000,655,0,18246420.000,0,-,-,-,-,2646.8000,2646.6000,2646.4000,2644.4000,2644.2000,2649.2000,2649.6000,2649.8000,2650.0000,2650.2000,1,1,1,1,1,2,2,1,1,1
SF,IH2005,2020-03-26 09:31:08.700,2647.4000,655,0,18246420.000,0,-,-,-,-,2646.8000,2646.4000,2644.4000,2644.2000,2637.2000,2649.8000,2650.0000,2650.4000,2650.8000,2651.0000,1,1,1,1,5,1,1,2,2,1
SF,IH2005,2020-03-26 09:31:09.200,2647.4000,655,0,18246420.000,0,-,-,-,-,2646.8000,2646.4000,2644.4000,2644.2000,2637.2000,2649.6000,2650.0000,2650.4000,2650.8000,2651.0000,1,1,1,1,5,3,1,2,2,1
SF,IH2005,2020-03-26 09:31:09.700,2647.4000,655,0,18246420.000,0,-,-,-,-,2647.0000,2646.8000,2646.4000,2644.4000,2644.2000,2649.6000,2650.4000,2650.8000,2651.0000,2651.2000,1,1,1,1,1,1,2,2,1,1
SF,IH2005,2020-03-26 09:31:10.200,2649.6000,654,-1,19041300.000,1,0,1,双平,S,2647.2000,2647.0000,2646.8000,2646.4000,2644.4000,2650.4000,2650.8000,2651.0000,2651.2000,2651.6000,1,1,1,1,1,2,2,1,1,1
SF,IH2005,2020-03-26 09:31:10.700,2649.6000,654,0,19041300.000,0,-,-,-,-,2647.4000,2647.2000,2647.0000,2646.8000,2646.4000,2650.2000,2650.4000,2650.8000,2651.0000,2651.2000,1,1,1,1,1,2,2,2,1,1
SF,IH2005,2020-03-26 09:31:11.200,2649.6000,654,0,19041300.000,0,-,-,-,-,2647.4000,2647.2000,2647.0000,2646.8000,2646.4000,2650.2000,2650.4000,2650.8000,2651.0000,2651.2000,2,1,1,1,1,2,2,2,1,1
SF,IH2005,2020-03-26 09:31:12.200,2649.6000,654,0,19041300.000,0,-,-,-,-,2647.4000,2647.2000,2647.0000,2646.8000,2646.4000,2650.0000,2650.2000,2650.4000,2650.8000,2651.0000,2,1,1,1,1,1,2,2,2,1
SF,IH2005,2020-03-26 09:31:12.700,2649.6000,654,0,19041300.000,0,-,-,-,-,2647.6000,2647.4000,2647.2000,2647.0000,2646.8000,2649.8000,2650.0000,2650.4000,2650.8000,2651.0000,1,2,1,1,1,2,1,2,2,1
SF,IH2005,2020-03-26 09:31:13.200,2649.6000,654,0,19041300.000,0,-,-,-,-,2647.4000,2647.2000,2647.0000,2646.8000,2646.4000,2649.6000,2649.8000,2650.0000,2650.4000,2650.8000,1,1,1,1,1,2,2,1,2,2
SF,IH2005,2020-03-26 09:31:13.700,2649.6000,654,0,19041300.000,0,-,-,-,-,2647.4000,2647.2000,2647.0000,2646.8000,2646.4000,2649.4000,2649.6000,2649.8000,2650.0000,2650.4000,1,1,1,1,1,1,1,1,1,2
SF,IH2005,2020-03-26 09:31:14.200,2649.6000,654,0,19041300.000,0,-,-,-,-,2647.4000,2647.2000,2647.0000,2646.8000,2646.4000,2649.4000,2649.8000,2650.0000,2650.4000,2650.8000,1,1,1,1,1,1,1,1,2,2
SF,IH2005,2020-03-26 09:31:14.700,2649.6000,654,0,19041300.000,0,-,-,-,-,2647.4000,2647.2000,2646.8000,2646.4000,2644.4000,2649.8000,2650.4000,2650.8000,2651.0000,2651.2000,1,1,1,1,1,1,2,2,1,1
SF,IH2005,2020-03-26 09:31:15.200,2649.8000,653,-1,19836240.000,1,0,1,双平,S,2647.6000,2647.2000,2646.8000,2646.4000,2644.4000,2651.6000,2651.8000,2660.0000,2669.0000,2671.8000,3,1,1,1,1,1,1,5,1,1
SF,IH2005,2020-03-26 09:31:15.700,2649.8000,653,0,19836240.000,0,-,-,-,-,2647.6000,2647.2000,2646.8000,2646.4000,2644.4000,2651.4000,2651.6000,2660.0000,2669.0000,2671.8000,3,1,1,1,1,2,1,5,1,1
SF,IH2005,2020-03-26 09:31:16.200,2649.8000,653,0,19836240.000,0,-,-,-,-,2647.6000,2647.2000,2646.8000,2646.4000,2644.4000,2651.4000,2660.0000,2669.0000,2671.8000,2696.0000,3,1,1,1,1,1,5,1,1,1
SF,IH2005,2020-03-26 09:31:16.700,2649.8000,653,0,19836240.000,0,-,-,-,-,2647.6000,2647.2000,2646.8000,2646.4000,2644.4000,2660.0000,2669.0000,2671.8000,2696.0000,2700.0000,4,1,1,1,1,5,1,1,1,1
SF,IH2005,2020-03-26 09:31:17.200,2649.8000,653,0,19836240.000,0,-,-,-,-,2647.8000,2647.6000,2647.2000,2646.8000,2646.4000,2653.2000,2654.2000,2654.6000,2654.8000,2656.0000,1,4,1,1,1,1,1,1,1,1
SF,IH2005,2020-03-26 09:31:17.700,2649.8000,653,0,19836240.000,0,-,-,-,-,2648.0000,2647.8000,2647.6000,2647.2000,2646.8000,2653.0000,2654.6000,2656.0000,2657.2000,2657.6000,5,2,2,1,1,3,1,1,1,1
SF,IH2005,2020-03-26 09:31:18.200,2649.8000,653,0,19836240.000,0,-,-,-,-,2648.2000,2648.0000,2647.8000,2647.6000,2647.2000,2653.0000,2654.6000,2656.0000,2657.2000,2657.6000,1,6,1,2,1,3,1,1,1,1
SF,IH2005,2020-03-26 09:31:18.700,2649.8000,653,0,19836240.000,0,-,-,-,-,2648.4000,2648.2000,2648.0000,2647.8000,2647.6000,2653.0000,2654.6000,2656.0000,2657.2000,2657.6000,4,2,4,1,2,3,1,1,1,1
SF,IH2005,2020-03-26 09:31:19.200,2649.8000,653,0,19836240.000,0,-,-,-,-,2648.6000,2648.4000,2648.2000,2648.0000,2647.8000,2653.0000,2654.6000,2656.0000,2657.2000,2657.6000,1,5,1,4,1,3,1,1,1,1
SF,IH2005,2020-03-26 09:31:19.700,2649.8000,653,0,19836240.000,0,-,-,-,-,2648.8000,2648.4000,2648.0000,2647.6000,2647.2000,2653.0000,2654.6000,2656.0000,2657.2000,2657.6000,1,3,4,2,1,3,1,1,1,1
SF,IH2005,2020-03-26 09:31:20.200,2649.8000,653,0,19836240.000,0,-,-,-,-,2648.8000,2648.4000,2648.0000,2647.6000,2647.2000,2653.0000,2654.6000,2656.0000,2657.2000,2657.6000,3,3,4,2,1,3,1,1,1,1
SF,IH2005,2020-03-26 09:31:20.700,2649.8000,653,0,19836240.000,0,-,-,-,-,2648.8000,2648.4000,2648.0000,2647.6000,2647.2000,2652.4000,2652.8000,2653.0000,2654.6000,2657.2000,3,3,3,1,1,1,2,3,1,1
SF,IH2005,2020-03-26 09:31:21.200,2649.8000,653,0,19836240.000,0,-,-,-,-,2648.8000,2648.4000,2648.0000,2647.6000,2647.2000,2652.2000,2652.4000,2652.8000,2653.0000,2654.6000,3,3,3,1,1,3,1,2,2,1
SF,IH2005,2020-03-26 09:31:21.700,2649.8000,653,0,19836240.000,0,-,-,-,-,2648.8000,2648.4000,2648.0000,2647.6000,2647.2000,2652.2000,2653.0000,2654.6000,2657.2000,2659.8000,3,3,3,1,1,3,2,1,1,2
SF,IH2005,2020-03-26 09:31:22.200,2649.8000,653,0,19836240.000,0,-,-,-,-,2648.8000,2648.4000,2648.0000,2647.6000,2647.2000,2652.2000,2653.0000,2654.6000,2657.2000,2659.8000,3,3,3,1,1,3,2,1,1,2
SF,IH2005,2020-03-26 09:31:22.700,2649.8000,653,0,19836240.000,0,-,-,-,-,2649.0000,2648.8000,2648.4000,2648.0000,2647.6000,2652.2000,2652.4000,2653.0000,2654.6000,2657.2000,1,3,3,3,1,3,1,2,1,1
SF,IH2005,2020-03-26 09:31:23.200,2649.8000,653,0,19836240.000,0,-,-,-,-,2649.2000,2649.0000,2648.8000,2648.4000,2648.0000,2652.2000,2653.0000,2654.6000,2657.2000,2659.8000,4,1,2,3,3,3,2,1,1,2
SF,IH2005,2020-03-26 09:31:23.700,2649.8000,653,0,19836240.000,0,-,-,-,-,2649.2000,2649.0000,2648.8000,2648.4000,2648.0000,2652.2000,2653.0000,2654.6000,2657.2000,2659.8000,5,1,2,3,3,3,2,1,1,2
SF,IH2005,2020-03-26 09:31:24.200,2649.8000,653,0,19836240.000,0,-,-,-,-,2649.2000,2649.0000,2648.8000,2648.4000,2648.0000,2652.2000,2653.0000,2654.6000,2657.2000,2659.8000,5,1,2,3,3,3,2,1,1,2
SF,IH2005,2020-03-26 09:31:24.700,2649.8000,653,0,19836240.000,0,-,-,-,-,2649.2000,2649.0000,2648.8000,2648.4000,2648.0000,2652.2000,2653.0000,2654.6000,2657.2000,2659.8000,5,1,2,3,3,3,2,1,1,2
SF,IH2005,2020-03-26 09:31:25.200,2649.8000,653,0,19836240.000,0,-,-,-,-,2649.2000,2649.0000,2648.8000,2648.4000,2648.0000,2652.2000,2653.0000,2654.6000,2657.2000,2659.8000,5,1,2,3,3,1,2,1,1,2
SF,IH2005,2020-03-26 09:31:25.700,2649.8000,653,0,19836240.000,0,-,-,-,-,2649.2000,2649.0000,2648.8000,2648.4000,2648.0000,2652.2000,2653.0000,2654.6000,2657.2000,2659.8000,5,1,2,3,3,1,2,1,1,2
SF,IH2005,2020-03-26 09:31:26.200,2649.8000,653,0,19836240.000,0,-,-,-,-,2649.2000,2649.0000,2648.8000,2648.4000,2648.0000,2652.2000,2653.0000,2654.6000,2657.2000,2659.8000,5,1,2,3,3,1,2,1,1,2
SF,IH2005,2020-03-26 09:31:26.700,2649.8000,653,0,19836240.000,0,-,-,-,-,2649.2000,2649.0000,2648.8000,2648.4000,2648.0000,2652.2000,2653.0000,2654.6000,2657.2000,2659.8000,5,1,2,3,3,1,2,1,1,2
SF,IH2005,2020-03-26 09:31:27.200,2649.8000,653,0,19836240.000,0,-,-,-,-,2649.4000,2649.2000,2649.0000,2648.8000,2648.4000,2652.2000,2653.0000,2654.6000,2657.2000,2659.8000,1,5,1,2,3,1,2,1,1,2
SF,IH2005,2020-03-26 09:31:27.700,2649.8000,653,0,19836240.000,0,-,-,-,-,2649.6000,2649.4000,2649.2000,2649.0000,2648.8000,2652.2000,2653.0000,2654.6000,2657.2000,2660.0000,2,1,4,1,2,1,2,1,1,5
SF,IH2005,2020-03-26 09:31:28.200,2649.8000,653,0,19836240.000,0,-,-,-,-,2649.6000,2649.4000,2649.2000,2649.0000,2648.8000,2652.2000,2653.0000,2654.6000,2657.2000,2660.0000,2,1,4,1,2,1,2,1,1,5
SF,IH2005,2020-03-26 09:31:28.700,2649.8000,653,0,19836240.000,0,-,-,-,-,2649.8000,2649.6000,2649.4000,2649.2000,2649.0000,2653.0000,2654.6000,2657.2000,2660.0000,2669.0000,1,2,1,4,1,2,1,1,5,1
SF,IH2005,2020-03-26 09:31:29.200,2649.8000,653,0,19836240.000,0,-,-,-,-,2650.0000,2649.8000,2649.6000,2649.4000,2649.2000,2652.8000,2653.0000,2654.6000,2657.2000,2660.0000,2,1,1,1,4,1,2,1,1,5
SF,IH2005,2020-03-26 09:31:29.700,2649.8000,653,0,19836240.000,0,-,-,-,-,2650.0000,2649.8000,2649.6000,2649.4000,2649.2000,2657.2000,2660.0000,2669.0000,2671.8000,2696.0000,2,1,1,1,4,1,5,1,1,1
SF,IH2005,2020-03-26 09:31:30.200,2649.8000,653,0,19836240.000,0,-,-,-,-,2650.0000,2649.8000,2649.6000,2649.4000,2649.2000,2652.6000,2654.2000,2654.6000,2655.2000,2656.0000,2,1,1,1,4,1,1,1,1,1
SF,IH2005,2020-03-26 09:31:30.700,2649.8000,653,0,19836240.000,0,-,-,-,-,2650.2000,2650.0000,2649.8000,2649.6000,2649.2000,2652.4000,2654.2000,2654.6000,2655.2000,2656.0000,1,2,1,1,4,1,1,1,1,1
SF,IH2005,2020-03-26 09:31:31.200,2649.8000,653,0,19836240.000,0,-,-,-,-,2650.2000,2650.0000,2649.6000,2649.2000,2649.0000,2652.4000,2654.2000,2654.6000,2655.2000,2656.0000,1,1,1,4,1,2,1,1,1,1
SF,IH2005,2020-03-26 09:31:32.700,2649.8000,653,0,19836240.000,0,-,-,-,-,2650.2000,2650.0000,2649.6000,2649.2000,2648.8000,2652.4000,2654.2000,2654.6000,2655.2000,2656.0000,1,1,1,4,2,2,1,1,1,1
SF,IH2005,2020-03-26 09:31:33.200,2650.2000,653,0,20631300.000,1,0,1,多换,S,2650.0000,2649.6000,2649.2000,2648.8000,2648.4000,2652.2000,2652.4000,2654.2000,2654.6000,2655.2000,1,1,4,2,3,1,2,1,1,1
SF,IH2005,2020-03-26 09:31:33.700,2650.2000,653,0,20631300.000,0,-,-,-,-,2648.8000,2648.4000,2641.0000,2635.0000,2622.4000,2650.2000,2652.0000,2652.2000,2652.4000,2654.2000,2,3,5,1,1,1,3,1,1,1
SF,IH2005,2020-03-26 09:31:34.200,2650.2000,653,0,20631300.000,0,-,-,-,-,2649.0000,2648.8000,2648.4000,2641.0000,2635.0000,2652.0000,2652.2000,2652.4000,2654.2000,2654.6000,2,2,3,5,1,2,1,1,1,1
SF,IH2005,2020-03-26 09:31:34.700,2650.2000,653,0,20631300.000,0,-,-,-,-,2649.0000,2648.8000,2648.4000,2641.0000,2635.0000,2651.8000,2652.0000,2652.4000,2654.2000,2654.6000,1,2,3,5,1,1,2,1,1,1
SF,IH2005,2020-03-26 09:31:35.200,2650.2000,653,0,20631300.000,0,-,-,-,-,2648.8000,2648.4000,2641.0000,2635.0000,2622.4000,2651.6000,2651.8000,2652.0000,2652.4000,2654.2000,2,3,5,1,1,2,1,2,1,1
SF,IH2005,2020-03-26 09:31:35.700,2650.2000,653,0,20631300.000,0,-,-,-,-,2648.8000,2648.4000,2641.0000,2635.0000,2622.4000,2651.4000,2651.6000,2652.0000,2652.4000,2654.2000,2,3,5,1,1,1,3,2,1,1
SF,IH2005,2020-03-26 09:31:36.200,2650.2000,653,0,20631300.000,0,-,-,-,-,2648.8000,2648.4000,2641.0000,2635.0000,2622.4000,2651.4000,2651.6000,2652.0000,2652.4000,2654.2000,2,3,5,1,1,2,3,2,1,1
SF,IH2005,2020-03-26 09:31:36.700,2650.2000,653,0,20631300.000,0,-,-,-,-,2649.0000,2648.8000,2648.4000,2641.0000,2635.0000,2651.4000,2651.6000,2652.0000,2652.4000,2654.2000,2,2,3,5,1,2,2,2,1,1
SF,IH2005,2020-03-26 09:31:37.200,2650.2000,653,0,20631300.000,0,-,-,-,-,2648.8000,2648.4000,2641.0000,2635.0000,2622.4000,2651.4000,2651.6000,2652.0000,2652.4000,2654.2000,2,3,5,1,1,2,2,2,1,1
SF,IH2005,2020-03-26 09:31:37.700,2650.2000,653,0,20631300.000,0,-,-,-,-,2648.8000,2648.4000,2641.0000,2635.0000,2622.4000,2651.2000,2651.4000,2651.6000,2652.0000,2652.4000,2,3,5,1,1,3,2,2,2,1
SF,IH2005,2020-03-26 09:31:38.200,2650.2000,653,0,20631300.000,0,-,-,-,-,2648.4000,2641.0000,2635.0000,2622.4000,2622.2000,2651.0000,2651.2000,2651.4000,2651.6000,2652.0000,3,5,1,1,4,1,3,1,2,2
SF,IH2005,2020-03-26 09:31:38.700,2650.2000,653,0,20631300.000,0,-,-,-,-,2648.6000,2648.4000,2641.0000,2635.0000,2622.4000,2651.0000,2651.2000,2651.6000,2652.0000,2652.4000,3,3,5,1,1,1,2,2,2,1
SF,IH2005,2020-03-26 09:31:39.200,2650.2000,653,0,20631300.000,0,-,-,-,-,2648.6000,2648.4000,2641.0000,2635.0000,2622.4000,2651.0000,2651.2000,2651.6000,2652.0000,2652.4000,2,3,5,1,1,1,2,2,2,1
SF,IH2005,2020-03-26 09:31:39.700,2650.2000,653,0,20631300.000,0,-,-,-,-,2648.4000,2641.0000,2635.0000,2622.4000,2622.2000,2650.8000,2651.0000,2651.2000,2651.6000,2652.0000,3,5,1,1,4,1,1,2,2,2
SF,IH2005,2020-03-26 09:31:40.200,2650.2000,653,0,20631300.000,0,-,-,-,-,2648.4000,2641.0000,2635.0000,2622.4000,2622.2000,2650.6000,2650.8000,2651.2000,2651.6000,2652.0000,3,5,1,1,4,1,1,2,2,2
SF,IH2005,2020-03-26 09:31:40.700,2650.2000,653,0,20631300.000,0,-,-,-,-,2648.4000,2641.0000,2635.0000,2622.4000,2622.2000,2650.4000,2650.6000,2650.8000,2651.2000,2651.6000,3,5,1,1,4,1,1,1,2,2
SF,IH2005,2020-03-26 09:31:41.200,2650.2000,653,0,20631300.000,0,-,-,-,-,2641.0000,2635.0000,2622.4000,2622.2000,2601.8000,2648.2000,2650.2000,2650.4000,2650.8000,2651.2000,5,1,1,4,1,2,2,1,1,2
SF,IH2005,2020-03-26 09:31:41.700,2650.2000,653,0,20631300.000,0,-,-,-,-,2646.4000,2645.6000,2645.0000,2644.8000,2644.4000,2648.0000,2648.2000,2650.4000,2650.8000,2654.2000,1,1,1,1,1,1,2,1,1,1
SF,IH2005,2020-03-26 09:31:42.200,2648.0000,653,0,21425700.000,1,0,1,多换,S,2646.6000,2645.0000,2644.8000,2644.4000,2644.2000,2648.0000,2648.2000,2650.4000,2650.8000,2654.2000,3,1,1,1,1,1,2,1,1,1
SF,IH2005,2020-03-26 09:31:44.200,2648.0000,653,0,21425700.000,0,-,-,-,-,2646.6000,2645.0000,2644.4000,2644.2000,2641.6000,2648.0000,2648.2000,2650.4000,2650.8000,2654.2000,3,1,1,1,1,1,2,1,1,1
SF,IH2005,2020-03-26 09:31:45.700,2646.6000,650,-3,23807640.000,3,0,3,双平,S,2645.0000,2644.4000,2644.2000,2641.6000,2641.2000,2648.0000,2648.2000,2650.4000,2650.8000,2654.2000,1,1,1,1,1,1,2,1,1,1
SF,IH2005,2020-03-26 09:31:46.200,2646.6000,649,-1,24601620.000,1,0,1,双平,S,2645.2000,2645.0000,2644.4000,2644.2000,2641.6000,2646.4000,2646.6000,2648.0000,2650.4000,2650.8000,2,2,1,1,1,1,1,1,1,1
SF,IH2005,2020-03-26 09:31:46.700,2646.6000,649,0,24601620.000,0,-,-,-,-,2645.2000,2645.0000,2644.4000,2644.2000,2641.6000,2646.6000,2648.0000,2650.4000,2654.2000,2655.2000,2,2,1,1,1,1,1,1,1,1
SF,IH2005,2020-03-26 09:31:47.200,2646.6000,649,0,24601620.000,0,-,-,-,-,2645.2000,2645.0000,2644.2000,2641.6000,2641.2000,2648.0000,2654.2000,2655.2000,2660.0000,2671.8000,1,1,1,1,1,1,1,1,5,1
SF,IH2005,2020-03-26 09:31:47.700,2646.6000,649,0,24601620.000,0,-,-,-,-,2645.4000,2645.2000,2645.0000,2644.2000,2641.6000,2647.8000,2648.0000,2654.2000,2655.2000,2660.0000,3,1,1,1,1,1,1,1,1,5
SF,IH2005,2020-03-26 09:31:48.200,2646.6000,649,0,24601620.000,0,-,-,-,-,2645.6000,2645.4000,2645.0000,2644.2000,2641.6000,2654.2000,2655.2000,2660.0000,2671.8000,2696.0000,1,3,1,1,1,1,1,5,1,1
SF,IH2005,2020-03-26 09:31:48.700,2646.6000,649,0,24601620.000,0,-,-,-,-,2645.8000,2645.6000,2645.4000,2644.2000,2641.6000,2649.4000,2652.0000,2652.8000,2653.2000,2654.0000,4,1,3,1,1,1,2,1,1,4
SF,IH2005,2020-03-26 09:31:49.200,2646.6000,649,0,24601620.000,0,-,-,-,-,2646.0000,2645.8000,2645.4000,2644.2000,2641.6000,2649.2000,2649.4000,2652.0000,2652.8000,2653.2000,2,4,3,1,1,1,1,3,1,1
SF,IH2005,2020-03-26 09:31:49.700,2646.6000,649,0,24601620.000,0,-,-,-,-,2646.2000,2646.0000,2645.8000,2645.4000,2644.2000,2649.2000,2652.0000,2652.8000,2653.2000,2654.0000,2,2,4,3,1,3,3,1,1,2
SF,IH2005,2020-03-26 09:31:50.200,2646.6000,649,0,24601620.000,0,-,-,-,-,2646.2000,2646.0000,2645.8000,2645.4000,2644.2000,2649.0000,2649.2000,2652.0000,2652.8000,2653.2000,2,2,4,3,1,1,3,3,1,1
SF,IH2005,2020-03-26 09:31:50.700,2646.6000,649,0,24601620.000,0,-,-,-,-,2646.2000,2646.0000,2645.8000,2645.4000,2644.2000,2648.8000,2649.0000,2649.2000,2652.0000,2652.8000,2,1,3,3,1,2,2,2,3,1
SF,IH2005,2020-03-26 09:31:51.200,2646.6000,649,0,24601620.000,0,-,-,-,-,2646.4000,2646.2000,2645.8000,2645.4000,2644.2000,2648.8000,2649.0000,2649.2000,2652.0000,2652.8000,2,2,3,3,1,1,2,2,3,1
SF,IH2005,2020-03-26 09:31:51.700,2646.6000,649,0,24601620.000,0,-,-,-,-,2646.2000,2645.8000,2645.4000,2644.2000,2641.6000,2648.8000,2649.0000,2649.2000,2652.0000,2652.8000,2,3,3,1,1,1,1,2,3,1
SF,IH2005,2020-03-26 09:31:52.200,2646.6000,649,0,24601620.000,0,-,-,-,-,2646.6000,2646.4000,2646.2000,2645.8000,2645.4000,2648.6000,2648.8000,2649.0000,2649.2000,2652.0000,2,4,2,3,3,1,2,1,1,3
SF,IH2005,2020-03-26 09:31:52.700,2646.6000,649,0,24601620.000,0,-,-,-,-,2646.6000,2646.4000,2646.2000,2645.8000,2645.4000,2648.4000,2648.6000,2649.0000,2649.2000,2652.0000,2,3,2,3,3,1,1,1,1,3
SF,IH2005,2020-03-26 09:31:53.700,2648.2000,648,-1,25396080.000,1,0,1,双平,S,2646.6000,2646.4000,2646.2000,2645.8000,2645.4000,2648.4000,2648.6000,2649.0000,2649.2000,2652.0000,2,3,2,3,3,1,1,1,1,3
SF,IH2005,2020-03-26 09:31:54.200,2648.2000,648,0,25396080.000,0,-,-,-,-,2646.6000,2646.4000,2646.2000,2645.8000,2645.4000,2648.6000,2649.2000,2652.0000,2652.8000,2653.2000,2,3,2,3,3,1,1,3,1,1
SF,IH2005,2020-03-26 09:31:54.700,2648.2000,648,0,25396080.000,0,-,-,-,-,2646.8000,2646.6000,2646.4000,2646.2000,2645.8000,2649.2000,2652.0000,2652.8000,2653.2000,2654.2000,1,2,3,2,3,1,3,1,1,1
SF,IH2005,2020-03-26 09:31:55.200,2648.2000,648,0,25396080.000,0,-,-,-,-,2646.4000,2646.2000,2645.8000,2645.4000,2644.2000,2649.0000,2649.2000,2652.0000,2652.8000,2653.2000,2,2,3,3,1,1,1,3,1,1
SF,IH2005,2020-03-26 09:31:55.700,2648.2000,648,0,25396080.000,0,-,-,-,-,2646.4000,2646.2000,2645.8000,2645.4000,2644.2000,2649.0000,2652.0000,2652.8000,2653.2000,2654.2000,2,2,3,3,1,1,3,1,1,1
SF,IH2005,2020-03-26 09:31:57.200,2648.2000,648,0,25396080.000,0,-,-,-,-,2646.6000,2646.4000,2646.2000,2645.8000,2645.4000,2649.0000,2652.0000,2652.8000,2653.2000,2654.2000,1,2,2,3,3,1,3,1,1,1
SF,IH2005,2020-03-26 09:31:57.700,2648.2000,648,0,25396080.000,0,-,-,-,-,2646.6000,2646.4000,2646.2000,2645.8000,2645.4000,2652.0000,2652.8000,2653.2000,2654.2000,2654.4000,3,2,2,3,3,3,1,1,1,1
SF,IH2005,2020-03-26 09:31:58.200,2648.2000,648,0,25396080.000,0,-,-,-,-,2646.8000,2646.6000,2646.4000,2646.2000,2645.8000,2649.6000,2651.8000,2652.0000,2652.8000,2653.2000,1,3,2,2,3,1,5,3,1,1
SF,IH2005,2020-03-26 09:31:58.700,2648.2000,648,0,25396080.000,0,-,-,-,-,2647.0000,2646.6000,2646.4000,2646.2000,2645.8000,2649.4000,2649.6000,2651.8000,2652.0000,2652.8000,1,3,2,2,3,1,1,4,3,1
SF,IH2005,2020-03-26 09:31:59.700,2648.2000,648,0,25396080.000,0,-,-,-,-,2647.0000,2646.6000,2646.4000,2646.2000,2645.8000,2649.4000,2651.8000,2652.0000,2652.8000,2653.2000,1,3,2,2,3,1,1,3,1,1
SF,IH2005,2020-03-26 09:32:00.200,2648.2000,648,0,25396080.000,0,-,-,-,-,2647.0000,2646.6000,2646.4000,2646.2000,2645.8000,2649.4000,2651.8000,2652.0000,2652.8000,2653.2000,1,3,2,2,3,2,1,3,1,1
SF,IH2005,2020-03-26 09:32:00.700,2648.2000,648,0,25396080.000,0,-,-,-,-,2646.6000,2646.4000,2646.2000,2645.8000,2645.4000,2649.4000,2651.8000,2652.0000,2652.8000,2653.2000,1,2,2,3,3,2,1,3,1,1
SF,IH2005,2020-03-26 09:32:01.200,2648.2000,648,0,25396080.000,0,-,-,-,-,2646.6000,2646.4000,2646.2000,2645.8000,2645.4000,2649.4000,2651.8000,2652.0000,2652.8000,2653.2000,1,2,2,3,3,2,1,3,1,1
SF,IH2005,2020-03-26 09:32:01.700,2648.2000,648,0,25396080.000,0,-,-,-,-,2646.4000,2646.2000,2645.8000,2645.4000,2644.2000,2649.2000,2649.4000,2652.0000,2652.8000,2653.2000,2,2,3,3,1,2,2,3,1,1
SF,IH2005,2020-03-26 09:32:02.200,2648.2000,648,0,25396080.000,0,-,-,-,-,2646.4000,2646.2000,2645.8000,2645.4000,2644.2000,2649.0000,2649.2000,2652.0000,2652.8000,2653.2000,2,2,3,3,1,1,2,3,1,1
SF,IH2005,2020-03-26 09:32:02.700,2648.2000,648,0,25396080.000,0,-,-,-,-,2645.4000,2644.2000,2641.6000,2641.2000,2637.2000,2648.0000,2648.8000,2649.0000,2649.2000,2652.0000,3,1,1,1,5,1,1,2,1,2
SF,IH2005,2020-03-26 09:32:03.200,2648.2000,648,0,25396080.000,0,-,-,-,-,2645.4000,2644.2000,2641.6000,2641.2000,2637.2000,2648.8000,2649.0000,2649.2000,2652.0000,2652.4000,3,1,1,1,5,1,1,1,2,5
SF,IH2005,2020-03-26 09:32:03.700,2648.2000,648,0,25396080.000,0,-,-,-,-,2645.4000,2644.2000,2641.6000,2641.2000,2637.2000,2648.0000,2648.6000,2648.8000,2649.2000,2652.0000,3,1,1,1,5,1,1,1,1,2
SF,IH2005,2020-03-26 09:32:04.200,2648.2000,648,0,25396080.000,0,-,-,-,-,2645.4000,2644.2000,2641.6000,2641.2000,2637.2000,2647.8000,2648.0000,2648.8000,2649.2000,2652.0000,3,1,1,1,5,1,1,1,1,2
SF,IH2005,2020-03-26 09:32:05.200,2648.2000,648,0,25396080.000,0,-,-,-,-,2645.4000,2644.2000,2641.6000,2641.2000,2637.2000,2647.8000,2648.8000,2649.2000,2652.0000,2652.4000,3,1,1,1,5,1,1,1,2,5
SF,IH2005,2020-03-26 09:32:05.700,2648.2000,648,0,25396080.000,0,-,-,-,-,2645.6000,2645.4000,2644.2000,2641.6000,2641.2000,2648.8000,2649.2000,2652.0000,2653.2000,2654.0000,2,3,1,1,1,1,1,2,1,1
SF,IH2005,2020-03-26 09:32:06.200,2648.2000,648,0,25396080.000,0,-,-,-,-,2645.6000,2645.4000,2644.2000,2641.6000,2641.2000,2648.6000,2648.8000,2649.2000,2652.0000,2653.2000,1,3,1,1,1,2,2,1,2,1
SF,IH2005,2020-03-26 09:32:06.700,2648.2000,648,0,25396080.000,0,-,-,-,-,2645.6000,2645.4000,2644.2000,2641.6000,2641.2000,2648.6000,2648.8000,2649.2000,2652.0000,2653.2000,1,3,1,1,1,2,2,1,2,1
SF,IH2005,2020-03-26 09:32:07.200,2648.2000,648,0,25396080.000,0,-,-,-,-,2645.8000,2645.6000,2645.4000,2644.2000,2641.6000,2648.6000,2648.8000,2649.2000,2652.0000,2653.2000,1,1,3,1,1,1,2,1,2,1
SF,IH2005,2020-03-26 09:32:07.700,2648.2000,648,0,25396080.000,0,-,-,-,-,2646.0000,2645.8000,2645.6000,2645.4000,2644.2000,2648.6000,2648.8000,2649.2000,2652.0000,2653.2000,2,2,1,3,1,1,2,1,2,1
SF,IH2005,2020-03-26 09:32:08.200,2648.2000,648,0,25396080.000,0,-,-,-,-,2646.2000,2646.0000,2645.8000,2645.6000,2645.4000,2648.6000,2652.0000,2653.2000,2654.0000,2654.4000,1,2,1,1,3,1,2,1,1,1
SF,IH2005,2020-03-26 09:32:08.700,2648.2000,648,0,25396080.000,0,-,-,-,-,2646.4000,2646.2000,2646.0000,2645.8000,2645.6000,2652.0000,2653.2000,2654.0000,2654.4000,2656.2000,2,1,2,1,1,2,1,1,1,5
SF,IH2005,2020-03-26 09:32:09.200,2648.2000,648,0,25396080.000,0,-,-,-,-,2646.6000,2646.4000,2646.0000,2645.8000,2645.6000,2649.4000,2651.8000,2652.0000,2653.2000,2654.0000,2,2,2,1,1,1,4,3,1,1
SF,IH2005,2020-03-26 09:32:09.700,2648.2000,648,0,25396080.000,0,-,-,-,-,2646.0000,2645.8000,2645.6000,2645.4000,2644.2000,2649.2000,2649.4000,2651.8000,2652.0000,2653.2000,2,1,1,3,1,2,1,2,3,1
SF,IH2005,2020-03-26 09:32:10.200,2648.2000,648,0,25396080.000,0,-,-,-,-,2646.2000,2646.0000,2645.8000,2645.6000,2645.4000,2649.2000,2651.8000,2652.0000,2653.2000,2654.0000,1,2,1,1,3,4,2,3,1,1
SF,IH2005,2020-03-26 09:32:10.700,2648.2000,648,0,25396080.000,0,-,-,-,-,2646.2000,2646.0000,2645.8000,2645.6000,2645.4000,2649.0000,2649.2000,2651.8000,2652.0000,2653.2000,1,2,1,1,3,1,4,2,3,1
SF,IH2005,2020-03-26 09:32:11.200,2648.2000,648,0,25396080.000,0,-,-,-,-,2646.2000,2646.0000,2645.8000,2645.6000,2645.4000,2648.8000,2649.0000,2649.2000,2651.8000,2652.0000,1,2,1,1,3,2,2,3,2,3
SF,IH2005,2020-03-26 09:32:11.700,2648.2000,648,0,25396080.000,0,-,-,-,-,2646.0000,2645.8000,2645.6000,2645.4000,2644.2000,2648.8000,2649.0000,2649.2000,2651.8000,2652.0000,2,1,1,3,1,3,1,2,2,3
SF,IH2005,2020-03-26 09:32:12.200,2648.2000,648,0,25396080.000,0,-,-,-,-,2646.2000,2646.0000,2645.8000,2645.6000,2645.4000,2648.6000,2648.8000,2649.2000,2651.8000,2652.0000,1,2,1,1,3,1,3,2,2,3
SF,IH2005,2020-03-26 09:32:12.700,2648.2000,648,0,25396080.000,0,-,-,-,-,2646.2000,2646.0000,2645.8000,2645.6000,2645.4000,2648.4000,2648.6000,2648.8000,2649.2000,2651.8000,1,2,1,1,3,2,1,2,2,2
SF,IH2005,2020-03-26 09:32:13.200,2648.2000,648,0,25396080.000,0,-,-,-,-,2646.2000,2646.0000,2645.8000,2645.6000,2645.4000,2648.4000,2648.6000,2648.8000,2649.2000,2651.8000,1,2,1,1,3,1,1,2,2,2
SF,IH2005,2020-03-26 09:32:13.700,2648.2000,648,0,25396080.000,0,-,-,-,-,2646.2000,2646.0000,2645.8000,2645.6000,2645.4000,2648.6000,2648.8000,2649.2000,2651.8000,2652.0000,1,2,1,1,3,1,1,2,2,3
SF,IH2005,2020-03-26 09:32:14.200,2648.2000,648,0,25396080.000,0,-,-,-,-,2646.2000,2646.0000,2645.8000,2645.6000,2645.4000,2649.2000,2651.8000,2652.0000,2653.2000,2654.0000,1,2,1,1,3,2,2,3,1,1
SF,IH2005,2020-03-26 09:32:14.700,2648.2000,648,0,25396080.000,0,-,-,-,-,2646.2000,2646.0000,2645.8000,2645.6000,2645.4000,2648.6000,2649.0000,2649.2000,2651.8000,2652.0000,1,2,1,1,3,1,5,2,2,3
SF,IH2005,2020-03-26 09:32:15.200,2648.2000,648,0,25396080.000,0,-,-,-,-,2646.2000,2646.0000,2645.8000,2645.6000,2645.4000,2648.4000,2648.6000,2649.0000,2649.2000,2651.8000,1,2,1,1,3,1,1,4,2,2
SF,IH2005,2020-03-26 09:32:15.700,2648.2000,648,0,25396080.000,0,-,-,-,-,2646.2000,2646.0000,2645.8000,2645.6000,2645.4000,2648.4000,2649.0000,2649.2000,2651.8000,2652.0000,1,2,1,1,3,2,4,2,2,3
SF,IH2005,2020-03-26 09:32:16.200,2648.2000,648,0,25396080.000,0,-,-,-,-,2646.2000,2646.0000,2645.8000,2645.6000,2645.4000,2648.4000,2649.0000,2649.2000,2651.8000,2652.0000,1,2,1,1,3,3,4,2,2,3
SF,IH2005,2020-03-26 09:32:17.200,2648.2000,648,0,25396080.000,0,-,-,-,-,2646.0000,2645.8000,2645.6000,2645.4000,2644.2000,2648.4000,2649.0000,2649.2000,2651.8000,2652.0000,2,1,1,3,1,3,4,2,2,3
SF,IH2005,2020-03-26 09:32:17.700,2648.2000,648,0,25396080.000,0,-,-,-,-,2646.0000,2645.8000,2645.6000,2645.4000,2644.2000,2648.4000,2649.0000,2649.2000,2652.0000,2653.2000,2,1,1,3,1,3,4,2,3,1
SF,IH2005,2020-03-26 09:32:18.200,2648.2000,648,0,25396080.000,0,-,-,-,-,2646.0000,2645.8000,2645.6000,2645.4000,2644.2000,2648.4000,2649.0000,2649.2000,2652.0000,2653.2000,2,1,1,3,1,2,4,2,3,1
SF,IH2005,2020-03-26 09:32:19.200,2648.2000,648,0,25396080.000,0,-,-,-,-,2645.6000,2645.4000,2644.2000,2641.6000,2641.2000,2648.2000,2648.4000,2649.0000,2649.2000,2652.0000,1,3,1,1,1,1,2,4,2,3
SF,IH2005,2020-03-26 09:32:19.700,2648.2000,648,0,25396080.000,0,-,-,-,-,2645.6000,2645.4000,2644.2000,2641.6000,2641.2000,2648.0000,2648.2000,2649.0000,2649.2000,2652.0000,1,3,1,1,1,1,2,3,2,2
SF,IH2005,2020-03-26 09:32:20.200,2648.2000,648,0,25396080.000,0,-,-,-,-,2645.4000,2641.6000,2641.2000,2637.2000,2635.0000,2647.6000,2647.8000,2648.0000,2648.2000,2649.0000,2,1,1,5,1,1,1,1,1,3
SF,IH2005,2020-03-26 09:32:20.700,2648.2000,648,0,25396080.000,0,-,-,-,-,2645.4000,2641.6000,2641.2000,2637.2000,2635.0000,2647.4000,2647.6000,2648.2000,2649.0000,2649.2000,2,1,1,5,1,1,1,1,3,2
SF,IH2005,2020-03-26 09:32:22.700,2648.2000,648,0,25396080.000,0,-,-,-,-,2641.6000,2641.2000,2637.2000,2635.0000,2633.0000,2647.4000,2648.2000,2649.0000,2649.2000,2652.0000,1,1,5,1,1,1,1,3,2,2
SF,IH2005,2020-03-26 09:32:23.200,2648.2000,648,0,25396080.000,0,-,-,-,-,2643.2000,2642.0000,2641.8000,2641.6000,2637.2000,2647.0000,2647.4000,2648.2000,2649.0000,2649.2000,1,1,2,3,5,1,1,1,3,2
SF,IH2005,2020-03-26 09:32:23.700,2648.2000,648,0,25396080.000,0,-,-,-,-,2643.4000,2643.2000,2642.0000,2641.6000,2637.2000,2646.8000,2647.0000,2648.2000,2652.0000,2653.2000,3,2,1,2,5,1,1,1,2,1
SF,IH2005,2020-03-26 09:32:24.200,2648.2000,648,0,25396080.000,0,-,-,-,-,2643.4000,2643.2000,2642.0000,2641.6000,2637.2000,2646.8000,2647.0000,2648.2000,2652.0000,2653.2000,4,1,1,2,5,1,1,1,2,1
SF,IH2005,2020-03-26 09:32:27.700,2648.2000,648,0,25396080.000,0,-,-,-,-,2644.4000,2644.2000,2643.6000,2643.4000,2643.2000,2646.8000,2647.0000,2648.2000,2652.0000,2653.2000,1,1,1,4,1,1,2,1,2,1
SF,IH2005,2020-03-26 09:32:28.200,2648.2000,648,0,25396080.000,0,-,-,-,-,2644.6000,2643.6000,2643.4000,2643.2000,2642.0000,2646.8000,2647.0000,2648.2000,2652.0000,2653.2000,2,1,3,1,1,1,2,1,2,1
SF,IH2005,2020-03-26 09:32:28.700,2648.2000,648,0,25396080.000,0,-,-,-,-,2644.6000,2643.6000,2643.4000,2643.2000,2642.0000,2647.0000,2648.2000,2652.0000,2653.2000,2654.0000,2,1,3,1,1,2,1,2,1,1
SF,IH2005,2020-03-26 09:32:29.200,2648.2000,648,0,25396080.000,0,-,-,-,-,2644.6000,2643.4000,2643.2000,2642.0000,2641.6000,2647.0000,2648.2000,2652.0000,2653.2000,2654.0000,2,3,1,1,1,2,1,2,1,1
SF,IH2005,2020-03-26 09:32:29.700,2648.2000,648,0,25396080.000,0,-,-,-,-,2644.8000,2644.6000,2643.4000,2643.2000,2642.0000,2647.0000,2648.2000,2652.0000,2653.2000,2654.0000,1,2,3,1,1,2,1,2,1,1
SF,IH2005,2020-03-26 09:32:30.200,2648.2000,648,0,25396080.000,0,-,-,-,-,2644.8000,2644.6000,2643.4000,2643.2000,2642.0000,2646.8000,2647.0000,2648.2000,2652.0000,2653.2000,1,2,3,1,1,1,2,1,2,1
SF,IH2005,2020-03-26 09:32:30.700,2648.2000,648,0,25396080.000,0,-,-,-,-,2644.8000,2644.6000,2643.4000,2643.2000,2642.0000,2646.8000,2647.0000,2648.2000,2652.0000,2653.2000,1,1,3,1,1,1,2,1,2,1
SF,IH2005,2020-03-26 09:32:35.200,2648.2000,648,0,25396080.000,0,-,-,-,-,2645.0000,2644.8000,2644.6000,2643.4000,2643.2000,2646.8000,2647.0000,2648.2000,2652.0000,2653.2000,2,1,1,3,1,1,2,1,2,1
SF,IH2005,2020-03-26 09:32:35.700,2648.2000,648,0,25396080.000,0,-,-,-,-,2645.2000,2645.0000,2644.8000,2644.6000,2643.4000,2647.0000,2648.2000,2652.0000,2653.2000,2654.0000,2,2,1,1,3,2,1,2,1,1
SF,IH2005,2020-03-26 09:32:36.200,2648.2000,648,0,25396080.000,0,-,-,-,-,2645.4000,2645.2000,2645.0000,2644.8000,2644.6000,2647.0000,2648.2000,2652.0000,2653.2000,2654.0000,1,2,1,1,1,2,1,2,1,1
SF,IH2005,2020-03-26 09:32:36.700,2648.2000,648,0,25396080.000,0,-,-,-,-,2645.6000,2645.4000,2645.2000,2645.0000,2644.8000,2647.0000,2648.2000,2652.0000,2653.2000,2654.0000,1,1,2,1,1,2,1,2,1,1
SF,IH2005,2020-03-26 09:32:37.200,2648.2000,648,0,25396080.000,0,-,-,-,-,2645.2000,2645.0000,2644.8000,2644.6000,2643.4000,2646.8000,2647.0000,2648.2000,2652.0000,2653.2000,2,1,1,1,3,1,2,1,2,1
SF,IH2005,2020-03-26 09:32:37.700,2648.2000,648,0,25396080.000,0,-,-,-,-,2644.8000,2644.6000,2643.4000,2643.2000,2642.0000,2646.8000,2647.0000,2648.2000,2652.0000,2654.0000,1,1,3,1,1,1,3,1,2,1
SF,IH2005,2020-03-26 09:32:38.200,2648.2000,648,0,25396080.000,0,-,-,-,-,2643.4000,2643.2000,2642.0000,2641.6000,2637.2000,2646.8000,2647.0000,2648.2000,2650.2000,2652.0000,3,1,1,1,5,1,3,1,3,2
SF,IH2005,2020-03-26 09:32:38.700,2648.2000,648,0,25396080.000,0,-,-,-,-,2643.6000,2643.4000,2643.2000,2642.0000,2641.6000,2646.8000,2647.0000,2648.2000,2650.2000,2652.0000,2,3,1,1,1,1,3,1,3,2
SF,IH2005,2020-03-26 09:32:39.200,2648.2000,648,0,25396080.000,0,-,-,-,-,2643.8000,2643.6000,2643.4000,2643.2000,2642.0000,2646.6000,2646.8000,2647.0000,2648.2000,2650.2000,1,2,3,1,1,1,1,2,1,3
SF,IH2005,2020-03-26 09:32:39.700,2648.2000,648,0,25396080.000,0,-,-,-,-,2644.0000,2643.8000,2643.6000,2643.4000,2643.2000,2646.4000,2646.6000,2646.8000,2647.0000,2648.2000,2,1,2,1,1,1,1,1,2,1
SF,IH2005,2020-03-26 09:32:40.200,2648.2000,648,0,25396080.000,0,-,-,-,-,2644.0000,2643.8000,2643.6000,2643.4000,2643.2000,2646.4000,2646.8000,2647.0000,2648.2000,2650.2000,3,1,1,1,1,1,1,2,1,3
SF,IH2005,2020-03-26 09:32:40.700,2648.2000,648,0,25396080.000,0,-,-,-,-,2644.0000,2643.8000,2643.6000,2643.4000,2643.2000,2646.4000,2646.8000,2647.0000,2648.2000,2650.2000,3,1,1,1,1,1,1,2,1,3
SF,IH2005,2020-03-26 09:32:41.200,2648.2000,648,0,25396080.000,0,-,-,-,-,2644.0000,2643.8000,2643.6000,2643.4000,2643.2000,2646.4000,2646.8000,2647.0000,2648.2000,2650.2000,3,1,1,1,1,1,1,2,1,3
SF,IH2005,2020-03-26 09:32:41.700,2648.2000,648,0,25396080.000,0,-,-,-,-,2644.2000,2644.0000,2643.8000,2643.6000,2643.4000,2646.8000,2647.0000,2648.2000,2650.2000,2652.0000,1,3,1,1,1,1,2,1,3,2
SF,IH2005,2020-03-26 09:32:42.200,2648.2000,648,0,25396080.000,0,-,-,-,-,2644.4000,2644.2000,2644.0000,2643.8000,2643.6000,2646.6000,2646.8000,2647.0000,2648.2000,2650.2000,2,1,2,1,1,1,1,2,1,3
SF,IH2005,2020-03-26 09:32:42.700,2648.2000,648,0,25396080.000,0,-,-,-,-,2644.6000,2644.4000,2644.2000,2644.0000,2643.8000,2646.6000,2646.8000,2647.0000,2648.2000,2650.2000,1,2,1,2,1,1,1,2,1,3
SF,IH2005,2020-03-26 09:32:43.200,2648.2000,648,0,25396080.000,0,-,-,-,-,2644.8000,2644.6000,2644.4000,2644.2000,2644.0000,2646.6000,2646.8000,2647.0000,2648.2000,2650.2000,2,2,1,1,2,1,1,2,1,3
SF,IH2005,2020-03-26 09:32:43.700,2648.2000,648,0,25396080.000,0,-,-,-,-,2644.8000,2644.6000,2644.4000,2644.2000,2644.0000,2646.6000,2646.8000,2647.0000,2648.2000,2650.2000,1,2,1,1,2,1,1,2,1,3
SF,IH2005,2020-03-26 09:32:46.200,2648.2000,648,0,25396080.000,0,-,-,-,-,2644.6000,2644.4000,2644.2000,2644.0000,2643.8000,2646.6000,2646.8000,2647.0000,2648.2000,2650.2000,1,1,1,2,1,1,1,2,1,3
SF,IH2005,2020-03-26 09:32:46.700,2648.2000,648,0,25396080.000,0,-,-,-,-,2645.0000,2644.8000,2644.4000,2644.2000,2644.0000,2646.6000,2646.8000,2647.0000,2648.2000,2650.2000,1,1,1,1,2,1,1,2,1,3
SF,IH2005,2020-03-26 09:32:47.200,2648.2000,648,0,25396080.000,0,-,-,-,-,2644.4000,2644.2000,2644.0000,2643.8000,2643.6000,2646.6000,2646.8000,2647.0000,2648.2000,2650.2000,1,1,2,1,1,1,1,2,1,3
SF,IH2005,2020-03-26 09:32:47.700,2648.2000,648,0,25396080.000,0,-,-,-,-,2644.6000,2644.4000,2644.2000,2644.0000,2643.8000,2647.0000,2648.2000,2650.2000,2652.0000,2654.0000,3,1,1,2,1,2,1,3,2,1
SF,IH2005,2020-03-26 09:32:48.200,2648.2000,648,0,25396080.000,0,-,-,-,-,2644.6000,2644.4000,2644.2000,2644.0000,2643.8000,2646.8000,2647.0000,2648.2000,2650.2000,2652.0000,3,1,1,2,1,1,2,1,3,2
SF,IH2005,2020-03-26 09:32:48.700,2648.2000,648,0,25396080.000,0,-,-,-,-,2644.6000,2644.4000,2644.2000,2644.0000,2643.8000,2647.0000,2648.2000,2650.2000,2652.0000,2654.0000,3,1,1,2,1,2,1,3,2,1
SF,IH2005,2020-03-26 09:32:49.200,2648.2000,648,0,25396080.000,0,-,-,-,-,2644.8000,2644.6000,2644.4000,2644.2000,2644.0000,2647.0000,2648.2000,2650.2000,2652.0000,2654.0000,1,3,1,1,2,2,1,3,2,1
SF,IH2005,2020-03-26 09:32:49.700,2648.2000,648,0,25396080.000,0,-,-,-,-,2645.0000,2644.8000,2644.6000,2644.4000,2644.2000,2647.0000,2648.2000,2650.2000,2652.0000,2654.0000,2,1,2,1,1,2,1,3,2,1
SF,IH2005,2020-03-26 09:32:50.200,2648.2000,648,0,25396080.000,0,-,-,-,-,2645.0000,2644.8000,2644.6000,2644.4000,2644.2000,2647.0000,2648.2000,2650.2000,2652.0000,2654.0000,2,1,2,1,1,2,1,3,2,1
SF,IH2005,2020-03-26 09:32:50.700,2648.2000,648,0,25396080.000,0,-,-,-,-,2645.2000,2645.0000,2644.8000,2644.6000,2644.4000,2647.0000,2648.2000,2650.2000,2652.0000,2654.0000,1,2,1,2,1,2,1,3,2,1
SF,IH2005,2020-03-26 09:32:51.200,2648.2000,648,0,25396080.000,0,-,-,-,-,2645.4000,2645.2000,2645.0000,2644.8000,2644.6000,2647.0000,2648.2000,2650.2000,2652.0000,2654.0000,3,1,1,1,2,2,1,3,2,1
SF,IH2005,2020-03-26 09:32:51.700,2648.2000,648,0,25396080.000,0,-,-,-,-,2645.4000,2645.2000,2645.0000,2644.8000,2644.6000,2646.8000,2647.0000,2648.2000,2650.2000,2652.0000,2,1,1,1,2,1,2,1,3,2
SF,IH2005,2020-03-26 09:32:52.200,2648.2000,648,0,25396080.000,0,-,-,-,-,2645.0000,2644.8000,2644.6000,2644.4000,2644.2000,2646.8000,2647.0000,2648.2000,2650.2000,2652.0000,1,1,2,1,1,1,2,1,3,2
SF,IH2005,2020-03-26 09:32:52.700,2647.0000,647,-1,26984220.000,2,0,2,多平,S,2645.0000,2644.8000,2644.6000,2644.4000,2644.2000,2647.0000,2648.2000,2650.2000,2652.0000,2654.0000,1,1,2,1,1,1,1,3,2,1
SF,IH2005,2020-03-26 09:32:53.200,2647.0000,647,0,27778320.000,1,0,1,多换,S,2645.2000,2645.0000,2644.8000,2644.6000,2644.4000,2650.2000,2652.0000,2654.0000,2654.4000,2656.2000,2,2,1,2,1,3,2,1,1,5
SF,IH2005,2020-03-26 09:32:53.700,2647.0000,647,0,27778320.000,0,-,-,-,-,2645.4000,2645.2000,2645.0000,2644.8000,2644.6000,2648.4000,2650.0000,2650.2000,2652.0000,2654.0000,1,2,2,1,2,1,4,3,2,1
SF,IH2005,2020-03-26 09:32:54.200,2647.0000,647,0,27778320.000,0,-,-,-,-,2645.6000,2645.0000,2644.8000,2644.6000,2644.4000,2648.4000,2650.0000,2650.2000,2652.0000,2654.0000,2,2,1,2,1,1,3,3,2,1
SF,IH2005,2020-03-26 09:32:54.700,2647.0000,647,0,27778320.000,0,-,-,-,-,2645.6000,2645.0000,2644.8000,2644.6000,2644.4000,2648.2000,2648.4000,2650.0000,2650.2000,2652.0000,2,2,1,2,1,1,1,3,3,2
SF,IH2005,2020-03-26 09:32:55.200,2647.0000,647,0,27778320.000,0,-,-,-,-,2645.8000,2645.6000,2645.0000,2644.8000,2644.6000,2648.2000,2648.4000,2650.0000,2650.2000,2652.0000,1,2,2,1,2,1,1,3,3,2
SF,IH2005,2020-03-26 09:32:55.700,2647.0000,647,0,27778320.000,0,-,-,-,-,2646.0000,2645.8000,2645.2000,2645.0000,2644.8000,2650.0000,2650.2000,2652.0000,2654.0000,2654.4000,2,4,2,2,1,2,3,2,1,1
SF,IH2005,2020-03-26 09:32:56.200,2647.0000,647,0,27778320.000,0,-,-,-,-,2646.2000,2646.0000,2645.8000,2645.2000,2645.0000,2649.0000,2649.8000,2650.0000,2650.2000,2652.0000,4,2,4,2,2,1,1,2,3,2
SF,IH2005,2020-03-26 09:32:56.700,2647.0000,647,0,27778320.000,0,-,-,-,-,2646.4000,2646.2000,2645.8000,2645.2000,2645.0000,2649.0000,2650.0000,2650.2000,2652.0000,2654.0000,2,3,4,2,2,1,2,3,2,1
SF,IH2005,2020-03-26 09:32:57.200,2649.0000,647,0,28573020.000,1,0,1,多换,S,2646.6000,2646.4000,2646.2000,2645.8000,2645.2000,2650.0000,2650.2000,2652.0000,2654.0000,2654.4000,2,3,3,3,2,2,3,2,1,1
SF,IH2005,2020-03-26 09:32:57.700,2649.0000,647,0,28573020.000,0,-,-,-,-,2646.8000,2646.6000,2646.4000,2646.2000,2645.8000,2649.8000,2650.0000,2650.2000,2652.0000,2654.0000,2,2,2,3,3,1,2,3,2,1
SF,IH2005,2020-03-26 09:32:58.200,2649.0000,647,0,28573020.000,0,-,-,-,-,2647.0000,2646.8000,2646.6000,2646.4000,2646.2000,2649.8000,2650.0000,2650.2000,2652.0000,2654.0000,1,2,2,2,3,1,2,3,2,1
SF,IH2005,2020-03-26 09:32:58.700,2649.0000,647,0,28573020.000,0,-,-,-,-,2647.2000,2647.0000,2646.6000,2646.4000,2646.2000,2650.0000,2650.2000,2652.0000,2654.0000,2654.4000,2,2,2,2,3,1,3,1,1,1
SF,IH2005,2020-03-26 09:32:59.200,2649.0000,647,0,28573020.000,0,-,-,-,-,2647.4000,2647.2000,2647.0000,2646.6000,2646.4000,2649.8000,2650.2000,2652.0000,2654.0000,2654.4000,1,2,2,2,2,1,3,1,1,1
SF,IH2005,2020-03-26 09:32:59.700,2649.0000,647,0,28573020.000,0,-,-,-,-,2647.6000,2647.4000,2647.2000,2647.0000,2646.8000,2649.8000,2650.2000,2652.0000,2654.0000,2654.4000,1,1,1,2,1,1,3,1,1,1
SF,IH2005,2020-03-26 09:33:00.200,2649.0000,647,0,28573020.000,0,-,-,-,-,2647.6000,2647.4000,2647.0000,2646.8000,2646.6000,2650.2000,2654.0000,2654.4000,2656.2000,2671.8000,3,1,2,1,2,3,1,1,5,1
SF,IH2005,2020-03-26 09:33:00.700,2649.0000,647,0,28573020.000,0,-,-,-,-,2647.6000,2647.4000,2647.0000,2646.8000,2646.6000,2650.0000,2650.2000,2654.0000,2654.4000,2656.2000,3,1,2,1,2,1,3,1,1,5
SF,IH2005,2020-03-26 09:33:03.700,2649.0000,647,0,28573020.000,0,-,-,-,-,2647.8000,2647.6000,2647.4000,2647.0000,2646.8000,2650.0000,2650.2000,2654.0000,2654.4000,2656.2000,1,3,1,2,1,1,3,1,1,5
SF,IH2005,2020-03-26 09:33:04.200,2649.0000,647,0,28573020.000,0,-,-,-,-,2648.0000,2647.8000,2647.6000,2647.4000,2647.0000,2650.2000,2654.0000,2654.4000,2656.2000,2671.8000,3,1,1,1,2,3,1,1,5,1
SF,IH2005,2020-03-26 09:33:04.700,2649.0000,647,0,28573020.000,0,-,-,-,-,2648.2000,2648.0000,2647.8000,2647.6000,2647.4000,2650.0000,2650.2000,2654.0000,2654.4000,2656.2000,1,3,1,1,1,1,3,1,1,5
SF,IH2005,2020-03-26 09:33:05.200,2649.0000,647,0,28573020.000,0,-,-,-,-,2648.4000,2648.2000,2648.0000,2647.8000,2647.6000,2650.0000,2650.2000,2654.0000,2654.4000,2656.2000,1,1,2,1,1,1,3,1,1,5
SF,IH2005,2020-03-26 09:33:05.700,2649.0000,647,0,28573020.000,0,-,-,-,-,2648.0000,2647.8000,2647.6000,2647.4000,2647.0000,2650.0000,2650.2000,2654.0000,2654.4000,2656.2000,1,1,1,1,2,1,3,1,1,5
SF,IH2005,2020-03-26 09:33:06.200,2649.0000,647,0,28573020.000,0,-,-,-,-,2648.2000,2648.0000,2647.8000,2647.6000,2647.4000,2650.0000,2650.2000,2654.0000,2654.4000,2656.2000,1,1,1,1,1,1,3,1,1,5
SF,IH2005,2020-03-26 09:33:08.200,2649.0000,647,0,28573020.000,0,-,-,-,-,2648.4000,2648.2000,2648.0000,2647.8000,2647.6000,2650.0000,2650.2000,2654.0000,2654.4000,2656.2000,2,1,1,1,1,1,3,1,1,5
SF,IH2005,2020-03-26 09:33:08.700,2649.0000,647,0,28573020.000,0,-,-,-,-,2648.4000,2648.2000,2648.0000,2647.8000,2647.6000,2650.0000,2650.2000,2654.0000,2654.4000,2656.2000,2,1,1,1,1,1,3,1,1,5
SF,IH2005,2020-03-26 09:33:09.200,2649.0000,647,0,28573020.000,0,-,-,-,-,2648.6000,2648.4000,2647.8000,2647.6000,2647.4000,2650.2000,2654.0000,2654.4000,2656.2000,2671.8000,2,2,1,1,1,3,1,1,5,1
SF,IH2005,2020-03-26 09:33:09.700,2650.2000,648,1,30958200.000,3,2,1,空开,S,2650.0000,2648.8000,2648.6000,2648.4000,2647.8000,2654.0000,2654.4000,2656.2000,2671.8000,2696.0000,1,1,4,3,1,1,1,5,1,1
SF,IH2005,2020-03-26 09:33:10.200,2650.2000,648,0,30958200.000,0,-,-,-,-,2650.2000,2650.0000,2648.6000,2648.4000,2647.6000,2652.8000,2653.2000,2653.8000,2654.0000,2654.4000,1,1,2,3,1,1,2,5,1,1
SF,IH2005,2020-03-26 09:33:10.700,2650.2000,648,0,30958200.000,0,-,-,-,-,2650.0000,2648.6000,2648.4000,2647.6000,2647.0000,2652.6000,2652.8000,2653.2000,2653.8000,2654.0000,1,1,3,1,1,3,1,2,2,1
SF,IH2005,2020-03-26 09:33:11.200,2650.2000,648,0,30958200.000,0,-,-,-,-,2650.0000,2648.6000,2648.4000,2647.6000,2647.0000,2652.6000,2653.8000,2654.0000,2654.4000,2656.2000,1,1,3,1,1,2,1,1,1,5
SF,IH2005,2020-03-26 09:33:11.700,2650.2000,648,0,30958200.000,0,-,-,-,-,2650.0000,2648.6000,2648.4000,2647.6000,2647.0000,2652.4000,2652.6000,2653.8000,2654.0000,2654.4000,1,1,3,1,1,3,2,1,1,1
SF,IH2005,2020-03-26 09:33:12.200,2650.2000,648,0,30958200.000,0,-,-,-,-,2650.0000,2648.6000,2648.4000,2647.6000,2647.0000,2652.2000,2652.4000,2653.8000,2654.0000,2654.4000,1,1,3,1,1,2,3,1,1,1
SF,IH2005,2020-03-26 09:33:12.700,2650.2000,648,0,30958200.000,0,-,-,-,-,2650.2000,2650.0000,2648.6000,2648.4000,2647.6000,2652.2000,2652.4000,2653.8000,2654.0000,2654.4000,1,1,1,3,1,1,3,1,1,1
SF,IH2005,2020-03-26 09:33:13.200,2650.2000,648,0,30958200.000,0,-,-,-,-,2650.0000,2648.6000,2648.4000,2647.6000,2647.0000,2652.2000,2653.8000,2654.0000,2654.4000,2656.2000,1,1,3,1,1,1,1,1,1,5
SF,IH2005,2020-03-26 09:33:13.700,2650.2000,648,0,30958200.000,0,-,-,-,-,2650.2000,2650.0000,2648.6000,2648.4000,2647.6000,2652.2000,2653.8000,2654.0000,2654.4000,2656.2000,1,1,1,3,1,1,1,1,1,5
SF,IH2005,2020-03-26 09:33:14.200,2650.2000,648,0,30958200.000,0,-,-,-,-,2650.2000,2650.0000,2648.6000,2648.4000,2647.6000,2653.8000,2654.0000,2654.4000,2660.0000,2671.8000,1,1,1,3,1,1,1,1,5,1
SF,IH2005,2020-03-26 09:33:14.700,2650.2000,648,0,30958200.000,0,-,-,-,-,2650.2000,2650.0000,2648.6000,2648.4000,2647.6000,2653.6000,2653.8000,2654.0000,2654.4000,2660.0000,1,1,1,3,1,4,1,1,1,5
SF,IH2005,2020-03-26 09:33:15.200,2650.2000,648,0,30958200.000,0,-,-,-,-,2650.4000,2650.2000,2650.0000,2648.4000,2647.6000,2653.6000,2653.8000,2654.0000,2654.4000,2660.0000,3,1,1,3,1,4,1,1,1,5
SF,IH2005,2020-03-26 09:33:15.700,2650.2000,648,0,30958200.000,0,-,-,-,-,2650.6000,2650.0000,2648.4000,2647.6000,2647.0000,2653.6000,2653.8000,2654.0000,2654.4000,2660.0000,1,1,3,1,1,4,1,1,1,5
SF,IH2005,2020-03-26 09:33:16.200,2650.2000,648,0,30958200.000,0,-,-,-,-,2650.6000,2650.0000,2648.4000,2647.6000,2647.0000,2653.6000,2653.8000,2654.0000,2654.4000,2660.0000,4,1,3,1,1,4,1,1,1,5
SF,IH2005,2020-03-26 09:33:16.700,2650.2000,648,0,30958200.000,0,-,-,-,-,2650.6000,2650.0000,2648.4000,2647.6000,2647.0000,2653.6000,2653.8000,2654.0000,2654.4000,2660.0000,1,1,3,1,1,4,1,1,1,5
SF,IH2005,2020-03-26 09:33:17.200,2650.2000,648,0,30958200.000,0,-,-,-,-,2650.8000,2650.6000,2650.0000,2648.4000,2647.6000,2653.6000,2653.8000,2654.0000,2654.4000,2660.0000,1,1,1,3,1,4,1,1,1,5
SF,IH2005,2020-03-26 09:33:17.700,2650.2000,648,0,30958200.000,0,-,-,-,-,2650.0000,2648.4000,2647.6000,2647.0000,2646.8000,2653.6000,2653.8000,2654.0000,2654.4000,2660.0000,1,2,1,1,1,4,1,1,1,5
SF,IH2005,2020-03-26 09:33:18.200,2650.2000,648,0,30958200.000,0,-,-,-,-,2650.2000,2650.0000,2648.4000,2647.6000,2647.0000,2653.6000,2653.8000,2654.0000,2654.4000,2660.0000,2,1,2,1,1,4,1,1,1,5
SF,IH2005,2020-03-26 09:33:19.200,2650.2000,648,0,30958200.000,0,-,-,-,-,2650.2000,2650.0000,2648.4000,2647.6000,2647.0000,2653.4000,2653.6000,2653.8000,2654.0000,2654.4000,2,1,2,1,1,2,4,1,1,1
SF,IH2005,2020-03-26 09:33:19.700,2650.2000,648,0,30958200.000,0,-,-,-,-,2650.2000,2650.0000,2648.4000,2647.6000,2647.0000,2653.2000,2653.4000,2653.6000,2653.8000,2654.0000,1,1,2,1,1,3,2,2,1,1
SF,IH2005,2020-03-26 09:33:20.200,2650.2000,648,0,30958200.000,0,-,-,-,-,2650.0000,2648.4000,2647.6000,2647.0000,2646.8000,2653.2000,2653.4000,2653.6000,2653.8000,2654.0000,1,2,1,1,1,3,1,2,1,1
SF,IH2005,2020-03-26 09:33:20.700,2650.2000,648,0,30958200.000,0,-,-,-,-,2650.0000,2648.4000,2647.6000,2647.0000,2646.8000,2652.8000,2653.2000,2653.6000,2653.8000,2654.0000,1,2,1,1,1,2,3,2,1,1
SF,IH2005,2020-03-26 09:33:21.200,2650.2000,648,0,30958200.000,0,-,-,-,-,2648.4000,2647.6000,2647.0000,2646.8000,2646.6000,2652.6000,2652.8000,2653.0000,2653.2000,2653.6000,2,1,1,1,1,4,2,1,1,2
SF,IH2005,2020-03-26 09:33:21.700,2650.2000,648,0,30958200.000,0,-,-,-,-,2648.6000,2648.4000,2647.6000,2647.0000,2646.8000,2652.6000,2652.8000,2653.2000,2653.6000,2653.8000,4,2,1,1,1,5,1,1,2,1
SF,IH2005,2020-03-26 09:33:22.200,2650.2000,648,0,30958200.000,0,-,-,-,-,2648.6000,2648.4000,2647.6000,2647.0000,2646.8000,2651.0000,2651.8000,2652.0000,2652.4000,2652.6000,4,2,1,1,1,1,1,1,1,5
SF,IH2005,2020-03-26 09:33:22.700,2650.2000,648,0,30958200.000,0,-,-,-,-,2648.4000,2647.6000,2647.0000,2646.8000,2646.6000,2650.8000,2651.0000,2651.8000,2652.0000,2652.4000,2,1,1,1,1,4,1,1,2,1
SF,IH2005,2020-03-26 09:33:23.200,2650.2000,648,0,30958200.000,0,-,-,-,-,2648.4000,2647.6000,2647.0000,2646.8000,2646.6000,2650.8000,2651.0000,2652.0000,2652.4000,2652.6000,2,1,1,1,1,4,1,2,1,3
SF,IH2005,2020-03-26 09:33:23.700,2650.2000,648,0,30958200.000,0,-,-,-,-,2648.6000,2648.4000,2647.6000,2647.0000,2646.8000,2650.8000,2652.0000,2652.4000,2652.6000,2652.8000,1,2,1,1,1,5,1,1,3,1
SF,IH2005,2020-03-26 09:33:24.200,2650.8000,647,-1,31753440.000,1,0,1,双平,S,2648.6000,2648.4000,2647.6000,2647.0000,2646.8000,2652.4000,2652.6000,2652.8000,2653.2000,2653.6000,4,2,1,1,1,1,3,1,1,2
SF,IH2005,2020-03-26 09:33:24.700,2650.8000,647,0,31753440.000,0,-,-,-,-,2650.2000,2648.8000,2648.6000,2647.6000,2647.0000,2652.2000,2652.6000,2652.8000,2653.2000,2653.6000,2,1,4,1,1,3,2,1,1,2
SF,IH2005,2020-03-26 09:33:25.200,2650.8000,647,0,31753440.000,0,-,-,-,-,2650.2000,2648.8000,2648.6000,2647.6000,2647.0000,2652.2000,2652.6000,2653.2000,2653.6000,2653.8000,2,2,5,1,1,3,2,1,2,1
SF,IH2005,2020-03-26 09:33:25.700,2650.8000,647,0,31753440.000,0,-,-,-,-,2650.4000,2650.2000,2648.8000,2648.6000,2647.6000,2652.2000,2652.6000,2653.2000,2653.6000,2653.8000,1,2,2,4,1,3,2,1,2,1
SF,IH2005,2020-03-26 09:33:26.200,2650.8000,647,0,31753440.000,0,-,-,-,-,2650.4000,2650.2000,2648.8000,2648.6000,2647.6000,2652.2000,2652.6000,2653.2000,2653.6000,2653.8000,1,2,2,4,1,1,2,1,2,1
SF,IH2005,2020-03-26 09:33:26.700,2650.8000,647,0,31753440.000,0,-,-,-,-,2650.4000,2650.2000,2648.8000,2648.6000,2647.6000,2653.2000,2653.6000,2653.8000,2654.0000,2654.4000,1,2,2,4,1,1,2,1,1,1
SF,IH2005,2020-03-26 09:33:27.200,2650.8000,647,0,31753440.000,0,-,-,-,-,2650.4000,2650.2000,2648.8000,2648.6000,2647.6000,2653.0000,2653.2000,2653.6000,2653.8000,2654.0000,1,2,2,4,1,2,1,2,1,1
SF,IH2005,2020-03-26 09:33:27.700,2650.8000,647,0,31753440.000,0,-,-,-,-,2650.4000,2650.2000,2648.8000,2648.6000,2647.6000,2653.0000,2653.2000,2653.6000,2653.8000,2654.0000,1,2,2,4,1,5,1,2,1,1
SF,IH2005,2020-03-26 09:33:28.200,2650.8000,647,0,31753440.000,0,-,-,-,-,2650.4000,2650.2000,2648.8000,2648.6000,2647.6000,2653.0000,2653.2000,2653.6000,2653.8000,2654.0000,1,2,2,4,1,5,1,2,1,1
SF,IH2005,2020-03-26 09:33:28.700,2653.0000,646,-1,32549340.000,1,0,1,双平,S,2650.4000,2650.2000,2648.8000,2648.6000,2647.6000,2653.0000,2653.2000,2653.6000,2653.8000,2654.0000,1,2,2,4,1,4,1,2,1,1
SF,IH2005,2020-03-26 09:33:29.200,2653.0000,646,0,32549340.000,0,-,-,-,-,2650.4000,2650.2000,2648.8000,2648.6000,2647.6000,2652.8000,2653.0000,2653.2000,2653.6000,2653.8000,1,2,2,4,1,1,4,1,2,1
SF,IH2005,2020-03-26 09:33:29.700,2653.0000,646,0,32549340.000,0,-,-,-,-,2648.8000,2648.6000,2647.6000,2647.0000,2646.6000,2652.2000,2652.6000,2652.8000,2653.0000,2653.2000,1,4,1,1,1,1,2,2,4,2
SF,IH2005,2020-03-26 09:33:30.200,2653.0000,646,0,32549340.000,0,-,-,-,-,2650.6000,2649.0000,2648.8000,2648.6000,2647.6000,2652.0000,2652.2000,2652.6000,2653.0000,2653.2000,2,3,1,3,1,2,1,2,4,1
SF,IH2005,2020-03-26 09:33:30.700,2650.6000,644,-2,34139700.000,2,0,2,双平,S,2649.0000,2648.6000,2647.6000,2647.0000,2646.6000,2650.6000,2652.0000,2652.2000,2652.6000,2653.0000,2,3,1,1,1,1,3,1,1,4
SF,IH2005,2020-03-26 09:33:31.200,2650.6000,643,-1,34934880.000,1,0,1,双平,S,2650.4000,2649.2000,2649.0000,2648.6000,2647.6000,2652.0000,2652.6000,2653.0000,2653.2000,2653.6000,1,1,1,2,1,3,1,4,1,2
SF,IH2005,2020-03-26 09:33:31.700,2650.4000,642,-1,35730000.000,1,0,1,双平,S,2649.2000,2648.6000,2647.6000,2647.0000,2646.6000,2652.0000,2652.6000,2653.0000,2653.2000,2653.6000,1,2,1,1,1,2,1,4,1,2
SF,IH2005,2020-03-26 09:33:32.200,2650.4000,642,0,35730000.000,0,-,-,-,-,2649.4000,2649.2000,2648.6000,2647.6000,2647.0000,2652.0000,2652.6000,2653.0000,2653.2000,2653.6000,1,1,2,1,1,2,1,4,1,2
SF,IH2005,2020-03-26 09:33:32.700,2650.4000,642,0,35730000.000,0,-,-,-,-,2649.4000,2648.6000,2647.6000,2647.0000,2646.6000,2650.6000,2651.8000,2652.0000,2652.6000,2653.0000,1,2,1,1,1,1,1,2,1,4
SF,IH2005,2020-03-26 09:33:33.200,2650.4000,642,0,35730000.000,0,-,-,-,-,2649.4000,2648.6000,2647.6000,2647.0000,2646.6000,2650.6000,2651.8000,2652.0000,2652.6000,2653.0000,1,2,1,1,1,1,1,2,1,4
SF,IH2005,2020-03-26 09:33:33.700,2650.4000,642,0,35730000.000,0,-,-,-,-,2649.4000,2648.6000,2647.6000,2647.0000,2646.6000,2650.4000,2650.6000,2651.8000,2652.0000,2652.6000,1,2,1,1,1,1,1,1,2,1
SF,IH2005,2020-03-26 09:33:34.200,2650.4000,642,0,35730000.000,0,-,-,-,-,2649.4000,2647.6000,2647.0000,2646.6000,2646.2000,2650.4000,2650.6000,2651.8000,2652.0000,2652.6000,2,1,1,1,1,1,1,1,2,1
SF,IH2005,2020-03-26 09:33:34.700,2650.4000,642,0,35730000.000,0,-,-,-,-,2649.4000,2647.0000,2646.6000,2646.2000,2637.2000,2650.4000,2651.8000,2652.0000,2652.6000,2653.0000,2,1,1,1,5,1,1,2,1,4
SF,IH2005,2020-03-26 09:33:35.200,2650.4000,642,0,35730000.000,0,-,-,-,-,2649.4000,2647.0000,2646.6000,2646.2000,2637.2000,2650.2000,2650.4000,2652.0000,2652.6000,2653.0000,1,1,1,1,5,2,1,2,1,4
SF,IH2005,2020-03-26 09:33:35.700,2649.4000,641,-1,36524820.000,1,0,1,双平,S,2647.0000,2646.6000,2646.2000,2637.2000,2635.0000,2649.2000,2650.2000,2650.4000,2652.0000,2653.0000,1,1,1,5,1,1,1,1,2,1
SF,IH2005,2020-03-26 09:33:36.200,2649.4000,641,0,36524820.000,0,-,-,-,-,2647.2000,2647.0000,2646.6000,2646.2000,2637.2000,2649.2000,2651.2000,2652.0000,2653.0000,2654.0000,2,1,1,1,5,1,1,1,1,1
SF,IH2005,2020-03-26 09:33:36.700,2649.4000,641,0,36524820.000,0,-,-,-,-,2647.2000,2647.0000,2646.6000,2646.2000,2637.2000,2649.0000,2649.2000,2651.2000,2652.0000,2653.0000,2,1,1,1,5,1,1,1,1,1
SF,IH2005,2020-03-26 09:33:37.200,2649.4000,641,0,36524820.000,0,-,-,-,-,2637.2000,2635.0000,2633.0000,2622.2000,2601.8000,2648.8000,2649.0000,2649.2000,2651.2000,2652.0000,5,1,2,4,1,1,1,1,1,1
SF,IH2005,2020-03-26 09:33:37.700,2649.4000,641,0,36524820.000,0,-,-,-,-,2645.0000,2644.8000,2644.4000,2644.2000,2643.2000,2648.8000,2649.2000,2652.0000,2653.0000,2654.0000,2,2,1,1,1,1,1,1,1,1
SF,IH2005,2020-03-26 09:33:38.200,2649.4000,641,0,36524820.000,0,-,-,-,-,2646.4000,2645.2000,2645.0000,2644.4000,2644.2000,2649.2000,2652.0000,2653.0000,2654.0000,2654.4000,1,4,3,1,1,1,1,1,1,1
SF,IH2005,2020-03-26 09:33:38.700,2649.4000,641,0,36524820.000,0,-,-,-,-,2646.6000,2646.4000,2646.0000,2645.2000,2645.0000,2652.0000,2653.0000,2654.0000,2654.4000,2660.0000,4,2,1,2,2,1,1,1,1,5
SF,IH2005,2020-03-26 09:33:39.200,2649.4000,641,0,36524820.000,0,-,-,-,-,2646.8000,2646.6000,2646.4000,2646.0000,2645.2000,2651.8000,2652.0000,2654.0000,2654.4000,2660.0000,1,5,1,1,1,2,3,1,1,5
SF,IH2005,2020-03-26 09:33:39.700,2649.4000,641,0,36524820.000,0,-,-,-,-,2647.0000,2646.8000,2646.6000,2646.4000,2646.0000,2651.6000,2651.8000,2652.0000,2654.0000,2654.4000,3,5,2,1,1,1,3,1,1,1
SF,IH2005,2020-03-26 09:33:40.200,2649.4000,641,0,36524820.000,0,-,-,-,-,2648.0000,2647.2000,2647.0000,2646.8000,2646.6000,2651.4000,2651.6000,2651.8000,2654.0000,2654.4000,1,2,4,3,3,2,1,2,1,1
SF,IH2005,2020-03-26 09:33:40.700,2649.4000,641,0,36524820.000,0,-,-,-,-,2648.2000,2648.0000,2647.2000,2647.0000,2646.8000,2651.2000,2651.4000,2651.8000,2654.0000,2654.4000,3,1,2,2,3,1,2,2,1,1
SF,IH2005,2020-03-26 09:33:41.200,2649.4000,641,0,36524820.000,0,-,-,-,-,2648.2000,2648.0000,2647.2000,2647.0000,2646.8000,2651.0000,2651.2000,2651.4000,2651.8000,2654.0000,2,1,2,2,3,3,1,1,2,1
SF,IH2005,2020-03-26 09:33:42.200,2649.4000,641,0,36524820.000,0,-,-,-,-,2648.2000,2648.0000,2647.2000,2647.0000,2646.8000,2650.8000,2651.0000,2651.2000,2651.4000,2651.8000,2,1,2,2,3,1,3,1,1,2
SF,IH2005,2020-03-26 09:33:42.700,2649.4000,641,0,36524820.000,0,-,-,-,-,2648.2000,2648.0000,2647.2000,2647.0000,2646.8000,2650.6000,2650.8000,2651.0000,2651.4000,2651.8000,2,1,2,2,3,2,2,2,1,2
SF,IH2005,2020-03-26 09:33:43.200,2649.4000,641,0,36524820.000,0,-,-,-,-,2648.0000,2647.2000,2647.0000,2646.8000,2646.6000,2650.4000,2650.6000,2650.8000,2651.0000,2651.4000,1,2,2,1,2,1,2,1,2,1
SF,IH2005,2020-03-26 09:33:43.700,2649.4000,641,0,36524820.000,0,-,-,-,-,2648.2000,2648.0000,2647.2000,2647.0000,2646.8000,2650.4000,2650.6000,2650.8000,2651.0000,2651.4000,1,1,1,2,1,1,1,1,2,1
SF,IH2005,2020-03-26 09:33:44.200,2650.2000,640,-1,37319880.000,1,0,1,双平,S,2648.0000,2647.2000,2647.0000,2646.8000,2646.6000,2650.4000,2650.6000,2650.8000,2651.0000,2651.4000,1,1,2,1,1,1,1,1,2,1
SF,IH2005,2020-03-26 09:33:44.700,2650.2000,640,0,37319880.000,0,-,-,-,-,2648.2000,2648.0000,2647.2000,2646.8000,2646.6000,2650.2000,2650.4000,2650.6000,2650.8000,2651.0000,1,1,1,1,1,2,1,1,1,2
SF,IH2005,2020-03-26 09:33:45.200,2650.2000,640,0,37319880.000,0,-,-,-,-,2648.2000,2648.0000,2647.2000,2646.8000,2646.6000,2650.0000,2650.2000,2650.4000,2650.6000,2651.0000,1,1,1,1,1,1,1,1,1,2
SF,IH2005,2020-03-26 09:33:45.700,2650.2000,640,0,37319880.000,0,-,-,-,-,2648.2000,2648.0000,2647.2000,2646.8000,2646.6000,2650.0000,2650.2000,2650.4000,2650.6000,2651.0000,1,1,1,1,1,1,1,1,1,2
SF,IH2005,2020-03-26 09:33:46.200,2650.2000,640,0,37319880.000,0,-,-,-,-,2648.2000,2648.0000,2647.2000,2646.8000,2646.6000,2650.0000,2650.4000,2650.6000,2651.0000,2651.4000,2,1,1,1,1,1,1,1,2,1
SF,IH2005,2020-03-26 09:33:49.700,2650.0000,639,-1,38114880.000,1,0,1,双平,S,2648.2000,2648.0000,2647.2000,2646.8000,2646.6000,2650.4000,2650.6000,2651.0000,2651.4000,2651.8000,2,1,1,1,1,1,1,2,1,2
SF,IH2005,2020-03-26 09:33:50.200,2650.6000,638,-1,39705180.000,2,0,2,多平,S,2648.4000,2648.2000,2648.0000,2647.2000,2646.8000,2651.0000,2651.4000,2651.8000,2654.0000,2654.4000,2,2,1,1,1,2,1,1,1,1
SF,IH2005,2020-03-26 09:33:50.700,2650.6000,638,0,39705180.000,0,-,-,-,-,2648.6000,2648.4000,2648.2000,2648.0000,2647.2000,2654.0000,2654.4000,2660.0000,2668.2000,2671.8000,1,3,1,1,1,1,1,5,1,1
SF,IH2005,2020-03-26 09:33:51.200,2650.6000,638,0,39705180.000,0,-,-,-,-,2648.8000,2648.6000,2648.4000,2648.0000,2647.2000,2653.8000,2654.0000,2654.4000,2660.0000,2668.2000,6,1,2,1,1,1,2,1,5,1
SF,IH2005,2020-03-26 09:33:51.700,2653.6000,637,-1,40501260.000,1,0,1,双平,S,2649.0000,2648.8000,2648.4000,2648.0000,2647.2000,2653.8000,2654.0000,2654.4000,2660.0000,2668.2000,1,6,2,1,1,1,2,1,5,1
SF,IH2005,2020-03-26 09:33:52.200,2653.6000,637,0,40501260.000,0,-,-,-,-,2649.2000,2649.0000,2648.8000,2648.4000,2648.0000,2653.0000,2653.8000,2654.0000,2654.4000,2660.0000,3,2,6,2,1,1,1,2,1,5
SF,IH2005,2020-03-26 09:33:52.700,2653.6000,637,0,40501260.000,0,-,-,-,-,2649.4000,2649.2000,2649.0000,2648.8000,2648.4000,2652.8000,2653.0000,2653.6000,2654.0000,2654.4000,2,3,1,6,2,3,1,3,2,1
SF,IH2005,2020-03-26 09:33:53.200,2653.6000,637,0,40501260.000,0,-,-,-,-,2649.6000,2649.4000,2649.2000,2649.0000,2648.8000,2652.6000,2652.8000,2653.0000,2653.6000,2654.0000,3,2,2,1,5,1,3,1,3,2
SF,IH2005,2020-03-26 09:33:53.700,2653.6000,637,0,40501260.000,0,-,-,-,-,2649.8000,2649.6000,2649.4000,2649.2000,2649.0000,2652.4000,2652.6000,2652.8000,2653.6000,2654.0000,1,3,1,2,1,1,1,3,3,2
SF,IH2005,2020-03-26 09:33:54.200,2653.6000,637,0,40501260.000,0,-,-,-,-,2649.8000,2649.6000,2649.4000,2649.2000,2649.0000,2652.2000,2652.4000,2652.8000,2653.6000,2654.0000,2,3,1,1,1,1,2,3,3,2
SF,IH2005,2020-03-26 09:33:54.700,2653.6000,637,0,40501260.000,0,-,-,-,-,2650.0000,2649.8000,2649.6000,2649.4000,2649.2000,2652.4000,2652.8000,2653.6000,2654.0000,2654.4000,3,2,2,1,1,2,3,3,2,1
SF,IH2005,2020-03-26 09:33:55.200,2653.6000,637,0,40501260.000,0,-,-,-,-,2650.2000,2650.0000,2649.8000,2649.6000,2649.4000,2652.4000,2652.8000,2653.6000,2654.0000,2654.4000,1,3,1,2,1,1,3,3,2,1
SF,IH2005,2020-03-26 09:33:55.700,2653.6000,637,0,40501260.000,0,-,-,-,-,2650.4000,2650.2000,2650.0000,2649.8000,2649.6000,2652.4000,2652.8000,2653.6000,2654.0000,2654.4000,2,2,3,1,2,1,3,3,2,1
SF,IH2005,2020-03-26 09:33:56.200,2653.6000,637,0,40501260.000,0,-,-,-,-,2650.6000,2650.2000,2650.0000,2649.8000,2649.6000,2652.4000,2652.8000,2653.6000,2654.0000,2654.4000,1,1,3,1,2,1,3,3,2,1
SF,IH2005,2020-03-26 09:33:56.700,2653.6000,637,0,40501260.000,0,-,-,-,-,2650.6000,2650.2000,2650.0000,2649.8000,2649.6000,2652.4000,2652.8000,2653.6000,2654.0000,2654.4000,2,1,3,1,2,1,3,3,2,1
SF,IH2005,2020-03-26 09:33:57.200,2653.6000,637,0,40501260.000,0,-,-,-,-,2650.6000,2650.2000,2650.0000,2649.8000,2649.6000,2652.8000,2653.6000,2654.0000,2654.4000,2660.0000,2,1,3,1,2,3,3,2,1,5
SF,IH2005,2020-03-26 09:33:57.700,2653.6000,637,0,40501260.000,0,-,-,-,-,2652.4000,2650.6000,2650.2000,2650.0000,2649.8000,2652.8000,2653.6000,2654.0000,2654.4000,2660.0000,1,2,1,3,1,3,3,2,1,5
SF,IH2005,2020-03-26 09:33:58.200,2652.4000,637,0,41296980.000,1,0,1,多换,S,2650.6000,2650.2000,2650.0000,2649.8000,2649.4000,2652.8000,2653.6000,2654.0000,2654.4000,2660.0000,1,1,1,1,1,3,3,2,1,5
SF,IH2005,2020-03-26 09:33:58.700,2652.4000,637,0,41296980.000,0,-,-,-,-,2650.8000,2650.6000,2650.2000,2650.0000,2649.8000,2652.2000,2652.4000,2652.8000,2653.6000,2654.0000,1,1,1,1,1,1,1,3,3,2
SF,IH2005,2020-03-26 09:33:59.200,2652.4000,637,0,41296980.000,0,-,-,-,-,2650.8000,2650.6000,2650.2000,2650.0000,2649.8000,2652.2000,2652.4000,2652.8000,2653.6000,2654.0000,1,1,1,1,1,1,1,3,3,2
SF,IH2005,2020-03-26 09:33:59.700,2652.4000,637,0,41296980.000,0,-,-,-,-,2650.8000,2650.6000,2650.2000,2650.0000,2649.8000,2652.0000,2652.2000,2652.4000,2652.8000,2653.6000,1,1,1,1,1,1,1,1,3,3
SF,IH2005,2020-03-26 09:34:00.200,2652.4000,637,0,41296980.000,0,-,-,-,-,2651.0000,2650.6000,2650.2000,2650.0000,2649.8000,2652.0000,2652.2000,2652.4000,2652.8000,2653.6000,1,1,1,1,1,1,1,1,3,3
SF,IH2005,2020-03-26 09:34:00.700,2652.4000,637,0,41296980.000,0,-,-,-,-,2650.8000,2650.6000,2650.2000,2650.0000,2649.8000,2652.0000,2652.4000,2652.8000,2653.6000,2654.0000,2,1,1,1,1,1,1,3,3,2
SF,IH2005,2020-03-26 09:34:01.200,2652.4000,637,0,41296980.000,0,-,-,-,-,2651.0000,2650.8000,2650.6000,2650.2000,2650.0000,2652.0000,2652.4000,2652.8000,2653.6000,2654.0000,2,2,1,1,1,1,1,3,3,2
SF,IH2005,2020-03-26 09:34:02.700,2652.4000,637,0,41296980.000,0,-,-,-,-,2651.0000,2650.8000,2650.6000,2650.2000,2650.0000,2652.4000,2652.8000,2653.6000,2654.0000,2654.4000,2,2,1,1,1,1,3,3,2,1
SF,IH2005,2020-03-26 09:34:03.200,2652.4000,637,0,41296980.000,0,-,-,-,-,2651.2000,2651.0000,2650.8000,2650.6000,2650.2000,2652.2000,2652.4000,2652.8000,2653.6000,2654.0000,1,2,1,1,1,1,1,3,3,2
SF,IH2005,2020-03-26 09:34:04.200,2652.4000,637,0,41296980.000,0,-,-,-,-,2651.4000,2651.2000,2651.0000,2650.8000,2650.6000,2652.2000,2652.8000,2653.6000,2654.0000,2654.4000,1,1,2,1,1,1,3,3,2,1
SF,IH2005,2020-03-26 09:34:04.700,2652.4000,637,0,41296980.000,0,-,-,-,-,2651.4000,2651.2000,2651.0000,2650.8000,2650.6000,2652.2000,2652.8000,2653.6000,2654.0000,2654.4000,1,1,2,1,1,1,3,3,2,1
SF,IH2005,2020-03-26 09:34:05.200,2652.2000,637,0,42092640.000,1,0,1,多换,S,2651.4000,2651.2000,2651.0000,2650.8000,2650.6000,2652.8000,2653.6000,2654.0000,2654.4000,2660.0000,1,1,2,1,1,3,3,2,1,5
SF,IH2005,2020-03-26 09:34:05.700,2652.2000,637,0,42092640.000,0,-,-,-,-,2651.6000,2651.4000,2651.2000,2651.0000,2650.8000,2653.6000,2654.0000,2654.4000,2660.0000,2668.2000,1,1,1,1,1,3,2,1,5,1
SF,IH2005,2020-03-26 09:34:06.200,2652.2000,637,0,42092640.000,0,-,-,-,-,2651.6000,2651.4000,2651.2000,2650.8000,2650.6000,2653.4000,2653.6000,2654.0000,2654.4000,2660.0000,1,1,1,1,1,2,3,1,1,5
SF,IH2005,2020-03-26 09:34:06.700,2653.2000,636,-1,42888600.000,1,0,1,双平,S,2651.6000,2651.2000,2650.6000,2650.2000,2650.0000,2652.8000,2653.4000,2653.6000,2654.0000,2654.4000,1,1,1,1,1,1,2,3,1,1
SF,IH2005,2020-03-26 09:34:07.200,2651.6000,635,-1,43684080.000,1,0,1,双平,S,2650.6000,2650.2000,2650.0000,2648.0000,2646.4000,2651.4000,2652.8000,2653.4000,2653.6000,2654.0000,1,1,1,1,1,1,1,2,3,1
SF,IH2005,2020-03-26 09:34:07.700,2651.4000,634,-1,44479500.000,1,0,1,双平,S,2651.4000,2650.8000,2650.6000,2650.2000,2650.0000,2652.8000,2653.4000,2653.6000,2654.0000,2654.4000,1,1,1,1,1,1,2,3,1,1
SF,IH2005,2020-03-26 09:34:08.200,2651.4000,634,0,44479500.000,0,-,-,-,-,2651.4000,2650.6000,2650.0000,2649.6000,2648.0000,2652.6000,2653.4000,2653.6000,2654.0000,2654.4000,1,1,1,1,1,2,1,3,1,1
SF,IH2005,2020-03-26 09:34:08.700,2651.4000,634,0,44479500.000,0,-,-,-,-,2651.4000,2650.6000,2650.0000,2649.6000,2646.4000,2652.6000,2653.4000,2653.6000,2654.0000,2654.4000,1,1,1,1,1,2,1,3,1,1
SF,IH2005,2020-03-26 09:34:09.200,2651.4000,634,0,44479500.000,0,-,-,-,-,2651.6000,2651.4000,2650.6000,2650.0000,2649.6000,2653.4000,2653.6000,2654.0000,2654.4000,2660.0000,2,2,1,1,1,1,3,1,1,5
SF,IH2005,2020-03-26 09:34:09.700,2651.4000,634,0,44479500.000,0,-,-,-,-,2651.6000,2651.4000,2650.6000,2650.0000,2649.6000,2653.2000,2653.4000,2653.6000,2654.0000,2654.4000,1,2,1,1,1,3,1,3,1,1
SF,IH2005,2020-03-26 09:34:11.200,2651.4000,634,0,44479500.000,0,-,-,-,-,2651.6000,2651.4000,2650.6000,2650.0000,2649.6000,2652.8000,2653.2000,2653.4000,2653.6000,2654.0000,1,2,1,1,1,1,3,1,3,1
SF,IH2005,2020-03-26 09:34:11.700,2651.4000,634,0,44479500.000,0,-,-,-,-,2651.8000,2651.6000,2651.4000,2650.6000,2650.0000,2652.8000,2653.2000,2653.4000,2653.6000,2654.0000,1,1,2,1,1,1,2,1,3,1
SF,IH2005,2020-03-26 09:34:12.700,2651.4000,634,0,44479500.000,0,-,-,-,-,2651.8000,2651.6000,2651.4000,2651.0000,2650.6000,2652.8000,2653.2000,2653.4000,2653.6000,2654.0000,1,1,2,1,1,1,2,1,3,1
SF,IH2005,2020-03-26 09:34:13.200,2651.8000,633,-1,45275040.000,1,0,1,双平,S,2651.6000,2651.4000,2651.0000,2650.6000,2650.0000,2653.2000,2653.4000,2653.6000,2654.0000,2654.4000,1,2,1,1,1,2,1,3,1,1
SF,IH2005,2020-03-26 09:34:13.700,2651.8000,633,0,45275040.000,0,-,-,-,-,2651.4000,2651.0000,2650.6000,2650.0000,2649.6000,2653.0000,2653.2000,2653.4000,2653.6000,2654.0000,2,1,1,1,1,1,2,1,3,1
SF,IH2005,2020-03-26 09:34:14.200,2651.4000,632,-1,46070460.000,1,0,1,双平,S,2651.0000,2650.0000,2649.6000,2645.0000,2644.0000,2651.4000,2652.6000,2652.8000,2653.0000,2653.2000,1,1,1,1,1,1,1,1,1,2
SF,IH2005,2020-03-26 09:34:14.700,2651.0000,632,0,46865760.000,1,0,1,多换,S,2650.0000,2649.6000,2645.0000,2644.0000,2641.0000,2652.6000,2652.8000,2653.0000,2653.2000,2653.4000,1,1,1,1,5,1,1,2,2,1
SF,IH2005,2020-03-26 09:34:15.200,2651.0000,632,0,46865760.000,0,-,-,-,-,2650.2000,2650.0000,2649.6000,2648.4000,2645.0000,2652.4000,2652.6000,2652.8000,2653.0000,2653.2000,1,1,1,1,1,3,1,1,1,2
SF,IH2005,2020-03-26 09:34:15.700,2651.0000,632,0,46865760.000,0,-,-,-,-,2649.6000,2648.4000,2645.0000,2644.0000,2641.0000,2652.4000,2652.6000,2652.8000,2653.0000,2653.2000,1,1,1,1,5,3,1,1,1,2
SF,IH2005,2020-03-26 09:34:16.200,2651.0000,632,0,46865760.000,0,-,-,-,-,2649.8000,2649.6000,2648.4000,2645.0000,2644.0000,2652.4000,2652.8000,2653.0000,2653.2000,2653.4000,1,1,1,1,1,3,1,1,2,1
SF,IH2005,2020-03-26 09:34:16.700,2651.0000,632,0,46865760.000,0,-,-,-,-,2649.6000,2648.4000,2645.0000,2644.0000,2641.0000,2651.8000,2652.4000,2652.8000,2653.0000,2653.2000,1,1,1,1,5,1,3,1,1,2
SF,IH2005,2020-03-26 09:34:17.200,2651.0000,632,0,46865760.000,0,-,-,-,-,2649.6000,2648.4000,2645.0000,2644.0000,2641.0000,2651.6000,2651.8000,2652.4000,2652.8000,2653.0000,1,1,1,1,5,3,1,2,1,1
SF,IH2005,2020-03-26 09:34:17.700,2651.0000,632,0,46865760.000,0,-,-,-,-,2649.6000,2648.4000,2645.0000,2644.0000,2641.0000,2651.6000,2651.8000,2652.4000,2652.8000,2653.0000,1,1,1,1,5,1,1,2,1,1
SF,IH2005,2020-03-26 09:34:18.200,2651.0000,632,0,46865760.000,0,-,-,-,-,2649.8000,2649.6000,2648.4000,2645.0000,2644.0000,2651.6000,2652.4000,2652.8000,2653.0000,2653.2000,1,1,1,1,1,1,2,1,1,2
SF,IH2005,2020-03-26 09:34:19.700,2651.0000,632,0,46865760.000,0,-,-,-,-,2649.8000,2649.6000,2648.4000,2645.0000,2644.0000,2651.6000,2652.4000,2652.8000,2653.0000,2653.2000,1,1,1,1,1,1,2,1,1,2
SF,IH2005,2020-03-26 09:34:20.200,2651.0000,632,0,46865760.000,0,-,-,-,-,2649.6000,2648.4000,2645.0000,2644.0000,2641.0000,2651.6000,2652.4000,2652.8000,2653.0000,2653.2000,1,1,1,1,5,1,2,1,1,2
SF,IH2005,2020-03-26 09:34:20.700,2651.0000,632,0,46865760.000,0,-,-,-,-,2650.0000,2649.6000,2648.4000,2645.0000,2644.0000,2651.4000,2651.6000,2652.4000,2652.8000,2653.0000,1,1,1,1,1,1,1,2,1,1
SF,IH2005,2020-03-26 09:34:21.200,2651.0000,632,0,46865760.000,0,-,-,-,-,2650.0000,2649.6000,2648.4000,2645.0000,2644.0000,2651.2000,2652.4000,2652.8000,2653.0000,2653.2000,1,1,1,1,1,1,2,1,1,2
SF,IH2005,2020-03-26 09:34:21.700,2651.0000,632,0,46865760.000,0,-,-,-,-,2650.0000,2649.6000,2648.4000,2645.0000,2644.0000,2651.2000,2652.4000,2652.8000,2653.0000,2654.0000,1,1,1,1,1,1,2,1,1,1
SF,IH2005,2020-03-26 09:34:22.700,2650.0000,631,-1,47660760.000,1,0,1,双平,S,2649.6000,2648.4000,2645.0000,2644.0000,2641.0000,2651.2000,2652.4000,2652.8000,2653.0000,2654.0000,1,1,1,1,5,1,2,1,1,1
SF,IH2005,2020-03-26 09:34:23.200,2650.0000,631,0,47660760.000,0,-,-,-,-,2649.6000,2648.4000,2645.0000,2644.0000,2641.0000,2651.0000,2651.2000,2652.4000,2652.8000,2653.0000,1,1,1,1,5,1,1,2,1,1
SF,IH2005,2020-03-26 09:34:23.700,2650.0000,631,0,47660760.000,0,-,-,-,-,2649.6000,2648.4000,2645.0000,2644.0000,2641.0000,2650.8000,2651.0000,2652.4000,2652.8000,2653.0000,1,1,1,1,5,1,1,2,1,1
SF,IH2005,2020-03-26 09:34:24.200,2650.0000,631,0,47660760.000,0,-,-,-,-,2648.4000,2645.0000,2644.0000,2641.0000,2637.4000,2650.8000,2651.0000,2652.4000,2652.8000,2653.0000,1,1,1,5,2,1,1,2,1,1
SF,IH2005,2020-03-26 09:34:24.700,2650.0000,631,0,47660760.000,0,-,-,-,-,2649.6000,2648.6000,2648.4000,2647.0000,2645.0000,2650.6000,2650.8000,2651.0000,2652.4000,2652.8000,1,1,1,1,1,2,1,1,2,1
SF,IH2005,2020-03-26 09:34:25.200,2650.4000,629,-2,49250760.000,2,0,2,双平,S,2648.4000,2645.0000,2644.0000,2641.0000,2637.4000,2649.6000,2650.6000,2651.0000,2652.4000,2652.8000,1,1,1,5,2,1,2,1,2,1
SF,IH2005,2020-03-26 09:34:25.700,2650.4000,629,0,49250760.000,0,-,-,-,-,2648.6000,2648.4000,2646.8000,2645.0000,2644.0000,2649.2000,2650.6000,2651.0000,2652.4000,2652.8000,1,1,1,1,1,1,2,1,2,1
SF,IH2005,2020-03-26 09:34:26.200,2649.8000,628,-1,50045700.000,1,0,1,双平,S,2649.6000,2649.4000,2648.6000,2648.4000,2646.8000,2650.6000,2651.0000,2652.4000,2652.8000,2654.0000,1,1,1,1,1,2,1,2,1,1
SF,IH2005,2020-03-26 09:34:26.700,2649.6000,627,-1,50840580.000,1,0,1,双平,S,2649.4000,2648.4000,2645.0000,2644.0000,2641.0000,2650.4000,2650.6000,2651.0000,2652.4000,2652.8000,1,1,1,1,5,1,2,1,2,1
SF,IH2005,2020-03-26 09:34:27.700,2650.4000,626,-1,51635700.000,1,0,1,双平,S,2649.4000,2648.4000,2645.0000,2644.0000,2641.0000,2651.0000,2654.0000,2654.4000,2660.0000,2668.2000,14,1,1,1,5,1,1,1,5,1
SF,IH2005,2020-03-26 09:34:28.200,2651.0000,625,-1,52431000.000,1,0,1,双平,S,2651.0000,2649.6000,2649.4000,2648.4000,2645.0000,2654.0000,2654.4000,2660.0000,2668.2000,2671.8000,1,1,14,1,1,1,1,5,1,1
SF,IH2005,2020-03-26 09:34:28.700,2651.0000,624,-1,53226300.000,1,0,1,双平,S,2649.4000,2645.0000,2644.0000,2641.0000,2637.4000,2652.2000,2652.8000,2653.2000,2653.4000,2653.8000,14,1,1,5,2,1,1,1,1,1
SF,IH2005,2020-03-26 09:34:29.200,2651.0000,624,0,53226300.000,0,-,-,-,-,2649.6000,2649.4000,2645.0000,2644.0000,2641.0000,2651.0000,2652.8000,2653.2000,2653.4000,2653.8000,1,14,1,1,5,1,1,1,1,2
SF,IH2005,2020-03-26 09:34:29.700,2651.0000,624,0,53226300.000,0,-,-,-,-,2649.6000,2649.4000,2645.0000,2644.0000,2641.0000,2650.8000,2651.0000,2652.0000,2652.8000,2653.2000,1,14,1,1,5,1,1,3,1,1
SF,IH2005,2020-03-26 09:34:30.700,2651.0000,624,0,53226300.000,0,-,-,-,-,2649.6000,2649.4000,2645.0000,2644.0000,2641.0000,2652.0000,2652.8000,2653.2000,2653.4000,2653.8000,2,14,1,1,5,1,1,2,1,2
SF,IH2005,2020-03-26 09:34:31.200,2651.0000,624,0,53226300.000,0,-,-,-,-,2649.6000,2649.4000,2648.0000,2645.0000,2644.0000,2650.6000,2651.8000,2652.0000,2652.8000,2653.2000,1,14,1,1,1,1,1,3,1,2
SF,IH2005,2020-03-26 09:34:31.700,2651.0000,624,0,53226300.000,0,-,-,-,-,2649.6000,2649.4000,2648.0000,2645.0000,2644.0000,2652.0000,2652.8000,2653.2000,2653.4000,2653.8000,1,14,1,1,1,1,1,2,1,2
SF,IH2005,2020-03-26 09:34:32.200,2651.0000,624,0,53226300.000,0,-,-,-,-,2649.8000,2649.6000,2649.4000,2648.0000,2645.0000,2651.8000,2652.0000,2652.8000,2653.2000,2653.4000,1,1,14,1,1,1,1,1,2,1
SF,IH2005,2020-03-26 09:34:32.700,2651.0000,624,0,53226300.000,0,-,-,-,-,2649.6000,2649.4000,2648.0000,2645.0000,2644.0000,2651.8000,2652.0000,2652.8000,2653.2000,2653.4000,1,14,1,1,1,1,1,1,2,1
SF,IH2005,2020-03-26 09:34:33.200,2649.8000,624,0,54021240.000,1,0,1,多换,S,2649.6000,2649.4000,2648.0000,2645.0000,2644.0000,2651.0000,2651.8000,2652.0000,2652.8000,2653.2000,1,14,1,1,1,1,1,3,1,2
SF,IH2005,2020-03-26 09:34:33.700,2649.8000,624,0,54021240.000,0,-,-,-,-,2649.6000,2649.4000,2648.0000,2645.0000,2644.0000,2650.8000,2651.0000,2651.8000,2652.0000,2652.8000,1,14,1,1,1,1,1,1,3,1
SF,IH2005,2020-03-26 09:34:34.200,2649.8000,624,0,54021240.000,0,-,-,-,-,2649.6000,2649.4000,2648.0000,2645.0000,2644.0000,2651.0000,2651.8000,2652.0000,2652.8000,2653.2000,1,14,1,1,1,1,1,1,1,2
SF,IH2005,2020-03-26 09:34:34.700,2649.8000,624,0,54021240.000,0,-,-,-,-,2649.6000,2649.4000,2648.0000,2645.0000,2644.0000,2650.6000,2651.0000,2651.8000,2652.0000,2652.8000,1,14,1,1,1,1,1,1,1,1
SF,IH2005,2020-03-26 09:34:35.200,2650.6000,624,0,54816420.000,1,0,1,多换,S,2650.6000,2649.6000,2649.4000,2648.0000,2645.0000,2651.0000,2652.8000,2653.2000,2653.4000,2653.8000,1,1,14,1,1,1,1,1,1,2
SF,IH2005,2020-03-26 09:34:35.700,2651.0000,624,0,56406900.000,2,1,1,多换,S,2649.6000,2649.4000,2648.2000,2645.0000,2644.0000,2652.8000,2653.2000,2653.4000,2653.8000,2654.0000,1,14,1,1,1,1,1,1,2,1
SF,IH2005,2020-03-26 09:34:37.200,2651.0000,624,0,56406900.000,0,-,-,-,-,2649.8000,2649.6000,2649.4000,2648.2000,2645.0000,2652.8000,2653.2000,2653.8000,2654.0000,2654.4000,1,1,14,1,1,1,1,2,1,1
SF,IH2005,2020-03-26 09:34:37.700,2651.0000,624,0,56406900.000,0,-,-,-,-,2649.8000,2649.6000,2649.4000,2648.2000,2645.0000,2652.6000,2652.8000,2653.2000,2653.8000,2654.0000,1,1,14,1,1,1,2,1,2,1
SF,IH2005,2020-03-26 09:34:38.200,2651.0000,624,0,56406900.000,0,-,-,-,-,2649.8000,2649.6000,2649.4000,2648.2000,2645.0000,2652.8000,2653.2000,2653.8000,2654.0000,2654.4000,1,1,14,1,1,2,1,2,1,1
SF,IH2005,2020-03-26 09:34:39.200,2651.0000,624,0,56406900.000,0,-,-,-,-,2651.6000,2649.8000,2649.6000,2649.4000,2648.2000,2652.8000,2653.2000,2653.8000,2654.0000,2654.4000,13,1,1,1,1,2,1,2,1,1
SF,IH2005,2020-03-26 09:34:39.700,2651.6000,613,-11,66748140.000,13,1,12,多平,S,2649.8000,2649.6000,2649.4000,2645.0000,2644.0000,2651.0000,2651.6000,2651.8000,2652.6000,2652.8000,1,1,1,1,1,2,1,1,1,2
SF,IH2005,2020-03-26 09:34:40.200,2651.6000,613,0,66748140.000,0,-,-,-,-,2650.0000,2649.8000,2649.6000,2649.4000,2645.0000,2651.0000,2651.6000,2652.6000,2652.8000,2653.2000,1,1,1,1,1,2,1,1,2,1
SF,IH2005,2020-03-26 09:34:40.700,2651.6000,613,0,66748140.000,0,-,-,-,-,2650.0000,2649.8000,2649.6000,2649.4000,2645.0000,2651.0000,2651.6000,2652.6000,2652.8000,2653.2000,2,1,1,1,1,2,1,1,2,1
SF,IH2005,2020-03-26 09:34:41.200,2651.6000,613,0,66748140.000,0,-,-,-,-,2650.0000,2649.8000,2649.6000,2649.4000,2645.0000,2651.6000,2652.6000,2652.8000,2653.2000,2653.8000,2,1,1,1,1,1,1,2,1,2
SF,IH2005,2020-03-26 09:34:42.200,2651.6000,613,0,66748140.000,0,-,-,-,-,2650.0000,2649.8000,2649.6000,2649.4000,2645.0000,2651.6000,2652.6000,2652.8000,2653.2000,2653.4000,2,1,1,1,1,1,1,2,1,2
SF,IH2005,2020-03-26 09:34:42.700,2651.6000,613,0,66748140.000,0,-,-,-,-,2650.0000,2649.8000,2649.6000,2649.4000,2645.0000,2651.6000,2652.6000,2652.8000,2653.2000,2653.4000,1,1,1,1,1,1,1,2,1,2
SF,IH2005,2020-03-26 09:34:44.200,2651.6000,613,0,66748140.000,0,-,-,-,-,2650.0000,2649.8000,2649.6000,2649.4000,2645.0000,2652.6000,2652.8000,2653.2000,2653.4000,2653.8000,1,1,1,1,1,1,2,1,2,2
SF,IH2005,2020-03-26 09:34:44.700,2651.6000,613,0,66748140.000,0,-,-,-,-,2650.2000,2650.0000,2649.8000,2649.6000,2649.4000,2652.6000,2652.8000,2653.2000,2653.8000,2654.0000,1,1,1,1,1,1,2,1,2,1
SF,IH2005,2020-03-26 09:34:45.200,2651.6000,613,0,66748140.000,0,-,-,-,-,2650.2000,2650.0000,2649.8000,2649.6000,2649.4000,2652.6000,2652.8000,2653.2000,2653.8000,2654.0000,1,1,1,1,1,1,1,1,2,1
SF,IH2005,2020-03-26 09:34:45.700,2651.6000,613,0,66748140.000,0,-,-,-,-,2650.2000,2650.0000,2649.8000,2649.6000,2649.4000,2652.6000,2652.8000,2653.2000,2653.8000,2654.0000,1,1,1,1,1,1,1,2,2,1
SF,IH2005,2020-03-26 09:34:46.200,2651.6000,613,0,66748140.000,0,-,-,-,-,2650.2000,2650.0000,2649.8000,2649.6000,2649.4000,2652.6000,2652.8000,2653.2000,2653.8000,2654.0000,1,1,1,1,1,1,1,2,2,1
SF,IH2005,2020-03-26 09:34:46.700,2651.6000,613,0,66748140.000,0,-,-,-,-,2650.0000,2649.8000,2649.6000,2649.4000,2645.0000,2652.6000,2652.8000,2653.2000,2653.8000,2654.0000,1,1,1,1,1,1,1,2,2,1
SF,IH2005,2020-03-26 09:34:47.200,2651.6000,613,0,66748140.000,0,-,-,-,-,2650.0000,2649.8000,2649.6000,2649.4000,2645.0000,2652.0000,2652.6000,2652.8000,2653.2000,2653.8000,1,1,1,1,1,2,1,1,2,2
SF,IH2005,2020-03-26 09:34:47.700,2651.6000,613,0,66748140.000,0,-,-,-,-,2650.0000,2649.8000,2649.6000,2649.4000,2645.0000,2652.4000,2652.6000,2652.8000,2653.2000,2653.8000,1,1,1,1,1,1,1,1,2,2
SF,IH2005,2020-03-26 09:34:48.200,2651.6000,613,0,66748140.000,0,-,-,-,-,2650.0000,2649.8000,2649.6000,2649.4000,2645.0000,2652.0000,2652.2000,2652.4000,2652.6000,2652.8000,1,1,1,1,1,2,1,1,1,1
SF,IH2005,2020-03-26 09:34:48.700,2651.6000,613,0,66748140.000,0,-,-,-,-,2650.0000,2649.8000,2649.6000,2649.4000,2645.0000,2652.0000,2652.2000,2652.4000,2652.6000,2652.8000,1,1,1,1,1,2,1,1,1,1
SF,IH2005,2020-03-26 09:34:49.200,2650.0000,612,-1,67543140.000,1,0,1,双平,S,2649.8000,2649.6000,2649.4000,2645.0000,2644.0000,2650.0000,2651.0000,2651.8000,2652.0000,2652.2000,1,1,1,1,1,1,1,1,2,1
SF,IH2005,2020-03-26 09:34:49.700,2649.8000,611,-1,69928080.000,3,1,2,多平,S,2650.0000,2649.6000,2649.4000,2645.0000,2644.0000,2651.8000,2652.0000,2652.2000,2652.6000,2652.8000,1,1,1,1,1,2,2,1,1,1
SF,IH2005,2020-03-26 09:34:50.200,2649.8000,611,0,69928080.000,0,-,-,-,-,2649.6000,2649.4000,2645.0000,2644.0000,2641.0000,2651.6000,2651.8000,2652.0000,2652.2000,2652.6000,1,1,1,1,5,1,1,2,1,1
SF,IH2005,2020-03-26 09:34:51.700,2649.8000,611,0,69928080.000,0,-,-,-,-,2649.6000,2649.4000,2645.0000,2644.0000,2641.0000,2651.6000,2651.8000,2652.0000,2652.2000,2652.6000,1,1,1,1,5,1,1,2,1,1
SF,IH2005,2020-03-26 09:34:52.200,2649.8000,611,0,69928080.000,0,-,-,-,-,2649.6000,2649.4000,2645.0000,2644.0000,2641.0000,2651.8000,2652.0000,2652.2000,2652.6000,2652.8000,1,1,1,1,5,1,2,1,1,1
SF,IH2005,2020-03-26 09:34:53.200,2649.8000,611,0,69928080.000,0,-,-,-,-,2649.8000,2649.6000,2649.4000,2645.0000,2644.0000,2652.6000,2652.8000,2653.2000,2653.8000,2654.0000,1,1,1,1,1,1,1,3,2,1
SF,IH2005,2020-03-26 09:34:53.700,2649.8000,611,0,69928080.000,0,-,-,-,-,2649.8000,2649.6000,2649.4000,2645.0000,2644.0000,2652.8000,2653.2000,2653.8000,2654.0000,2654.4000,1,1,1,1,1,1,3,2,1,1
SF,IH2005,2020-03-26 09:34:54.200,2649.8000,611,0,69928080.000,0,-,-,-,-,2649.8000,2649.6000,2649.4000,2645.0000,2644.0000,2652.8000,2653.2000,2653.8000,2654.0000,2654.4000,1,1,1,1,1,1,3,2,1,1
SF,IH2005,2020-03-26 09:34:54.700,2649.8000,611,0,69928080.000,0,-,-,-,-,2649.8000,2649.6000,2649.4000,2645.0000,2644.0000,2653.8000,2654.0000,2654.4000,2658.4000,2660.0000,1,1,1,1,1,1,1,1,3,5
