市场代码,合约代码,时间,最新,持仓,增仓,成交额,成交量,开仓,平仓,成交类型,方向,买一价,买二价,买三价,买四价,买五价,卖一价,卖二价,卖三价,卖四价,卖五价,买一量,买二量,买三量,买四量,买五量,卖一量,卖二量,卖三量,卖四量,卖五量
SF,IH2006,2020-04-02 09:29:00.400,2621.0000,18153,0,3145200.000,4.000,-,-,-,-,2620.0000,2618.0000,2615.2000,2615.0000,2614.0000,2624.4000,2625.0000,2625.4000,2630.0000,2634.4000,1,1,1,2,2,2,1,2,1,1
SF,IH2006,2020-04-02 09:30:00.400,2619.0000,18151,-2,13354260.000,13,5,8,多平,S,2615.0000,2614.0000,2612.0000,2611.8000,2611.2000,2619.4000,2619.6000,2619.8000,2620.0000,2621.8000,2,2,4,3,1,16,2,1,5,1
SF,IH2006,2020-04-02 09:30:00.900,2615.4000,18146,-5,21984360.000,11,3,8,多平,S,2615.0000,2614.0000,2612.0000,2611.8000,2611.2000,2615.8000,2616.6000,2616.8000,2617.2000,2617.4000,1,2,4,3,1,1,1,1,2,1
SF,IH2006,2020-04-02 09:30:01.400,2616.0000,18141,-5,26693160.000,6,0,6,多平,S,2616.0000,2615.8000,2615.4000,2615.2000,2615.0000,2618.2000,2619.0000,2619.2000,2619.4000,2619.6000,2,1,1,6,1,1,1,7,2,2
SF,IH2006,2020-04-02 09:30:01.900,2618.2000,18141,0,27478620.000,1,0,1,多换,S,2618.4000,2616.4000,2616.2000,2616.0000,2615.4000,2619.0000,2619.2000,2619.4000,2619.6000,2620.0000,1,1,8,5,1,1,7,2,2,6
SF,IH2006,2020-04-02 09:30:02.400,2618.2000,18141,0,27478620.000,0,-,-,-,-,2618.6000,2618.2000,2616.4000,2616.2000,2616.0000,2619.0000,2619.2000,2619.6000,2620.0000,2623.0000,2,1,1,7,5,1,6,1,5,2
SF,IH2006,2020-04-02 09:30:02.900,2619.0000,18138,-3,29835780.000,3,0,3,双平,S,2618.8000,2618.6000,2618.2000,2616.4000,2616.2000,2619.2000,2619.6000,2620.0000,2623.0000,2624.2000,1,2,1,1,7,4,1,5,2,2
SF,IH2006,2020-04-02 09:30:03.400,2618.6000,18132,-6,36907260.000,9,1,8,多平,S,2618.2000,2616.4000,2616.2000,2616.0000,2615.8000,2619.6000,2620.0000,2623.0000,2624.2000,2624.8000,1,1,7,6,1,1,3,2,1,1
SF,IH2006,2020-04-02 09:30:03.900,2619.6000,18132,0,38479020.000,2,1,1,多换,S,2618.4000,2618.2000,2616.4000,2616.2000,2616.0000,2620.0000,2623.0000,2624.2000,2624.8000,2625.0000,4,1,1,4,6,3,2,1,1,1
SF,IH2006,2020-04-02 09:30:04.400,2619.6000,18132,0,38479020.000,0,-,-,-,-,2619.2000,2618.6000,2618.4000,2618.2000,2616.4000,2620.0000,2620.2000,2623.0000,2624.2000,2624.8000,2,1,5,1,1,3,1,2,1,1
SF,IH2006,2020-04-02 09:30:04.900,2619.4000,18132,0,39264840.000,1,0,1,多换,S,2619.2000,2618.6000,2618.4000,2618.2000,2616.4000,2620.0000,2620.2000,2623.0000,2624.2000,2624.8000,3,1,4,1,1,2,1,2,1,1
SF,IH2006,2020-04-02 09:30:05.400,2620.0000,18129,-3,42408120.000,4,0,4,多平,S,2618.6000,2618.4000,2618.2000,2616.4000,2616.2000,2620.0000,2620.2000,2623.0000,2624.2000,2624.8000,1,4,1,1,3,2,1,2,1,1
SF,IH2006,2020-04-02 09:30:05.900,2620.0000,18128,-1,43980120.000,2,0,2,多平,S,2620.0000,2618.8000,2618.6000,2618.4000,2618.2000,2623.0000,2624.2000,2624.8000,2625.0000,2625.4000,1,4,1,1,1,2,1,1,1,2
SF,IH2006,2020-04-02 09:30:06.400,2620.0000,18128,0,44766120.000,1,0,1,多换,S,2620.2000,2620.0000,2619.6000,2618.6000,2618.4000,2620.6000,2621.4000,2621.6000,2622.0000,2622.2000,4,1,1,1,1,1,3,3,3,4
SF,IH2006,2020-04-02 09:30:06.900,2620.6000,18126,-2,46338480.000,2,0,2,双平,S,2620.8000,2620.2000,2620.0000,2619.6000,2618.6000,2622.0000,2622.2000,2622.4000,2622.6000,2622.8000,1,1,1,1,1,3,2,1,1,3
SF,IH2006,2020-04-02 09:30:07.400,2620.0000,18124,-2,48697080.000,3,0,3,多平,S,2619.6000,2618.6000,2616.2000,2616.0000,2615.4000,2622.6000,2622.8000,2623.0000,2624.2000,2624.8000,1,1,1,6,1,1,2,2,1,1
SF,IH2006,2020-04-02 09:30:07.900,2622.4000,18123,-1,49483800.000,1,0,1,双平,S,2620.6000,2620.0000,2619.8000,2619.6000,2618.6000,2620.8000,2622.4000,2623.0000,2624.2000,2624.8000,1,1,4,1,1,1,3,2,1,1
SF,IH2006,2020-04-02 09:30:08.400,2620.8000,18123,0,50270040.000,1,0,1,多换,S,2620.8000,2620.6000,2620.0000,2619.8000,2619.6000,2622.4000,2623.0000,2624.2000,2624.8000,2625.0000,3,1,1,4,1,3,2,1,1,1
SF,IH2006,2020-04-02 09:30:08.900,2622.4000,18122,-1,51056760.000,1,0,1,双平,S,2621.0000,2620.8000,2620.6000,2620.0000,2619.6000,2622.4000,2623.0000,2624.2000,2624.8000,2625.0000,5,3,1,1,1,1,2,1,1,1
SF,IH2006,2020-04-02 09:30:09.400,2623.0000,18120,-2,53416740.000,3,0,3,多平,S,2621.0000,2620.8000,2620.6000,2620.0000,2619.6000,2623.0000,2624.2000,2624.8000,2625.0000,2625.4000,5,3,1,1,1,1,1,1,1,2
SF,IH2006,2020-04-02 09:30:09.900,2623.0000,18120,0,53416740.000,0,-,-,-,-,2621.2000,2621.0000,2620.8000,2620.6000,2620.0000,2623.0000,2624.2000,2624.8000,2625.4000,2626.0000,4,5,3,1,1,1,1,1,2,1
SF,IH2006,2020-04-02 09:30:10.400,2623.0000,18120,0,54203640.000,1,0,1,多换,S,2623.0000,2622.0000,2621.4000,2621.2000,2621.0000,2624.2000,2624.8000,2625.4000,2626.0000,2629.6000,1,2,6,5,1,1,1,2,1,6
SF,IH2006,2020-04-02 09:30:10.900,2623.2000,18118,-2,55777800.000,2,0,2,双平,S,2623.2000,2621.4000,2621.2000,2620.8000,2620.6000,2624.2000,2624.8000,2625.4000,2626.0000,2629.6000,7,3,5,3,1,1,1,2,1,6
SF,IH2006,2020-04-02 09:30:11.400,2624.2000,18118,0,56565060.000,1,0,1,多换,S,2623.4000,2623.2000,2622.0000,2621.6000,2621.4000,2624.8000,2625.4000,2626.0000,2629.6000,2630.0000,2,2,1,1,2,1,2,1,6,1
SF,IH2006,2020-04-02 09:30:11.900,2624.8000,18116,-2,58139880.000,2,0,2,双平,S,2624.8000,2623.6000,2623.4000,2623.2000,2622.0000,2625.4000,2626.0000,2629.6000,2630.0000,2635.8000,1,5,2,1,1,2,1,6,1,1
SF,IH2006,2020-04-02 09:30:12.400,2625.2000,18111,-5,62864640.000,6,0,6,多平,S,2623.6000,2623.4000,2623.2000,2622.0000,2621.4000,2625.4000,2626.0000,2629.6000,2630.0000,2635.8000,4,1,1,1,2,2,1,6,1,1
SF,IH2006,2020-04-02 09:30:12.900,2625.4000,18106,-5,66802740.000,5,0,5,双平,S,2625.6000,2625.4000,2625.0000,2624.2000,2623.8000,2626.0000,2629.6000,2630.0000,2635.8000,2641.0000,1,3,1,1,3,1,6,1,1,1
SF,IH2006,2020-04-02 09:30:13.400,2625.6000,18099,-7,73891980.000,9,1,8,多平,S,2625.4000,2624.8000,2624.2000,2623.8000,2623.6000,2629.6000,2630.0000,2635.8000,2641.0000,2644.0000,3,1,1,1,1,6,1,1,1,1
SF,IH2006,2020-04-02 09:30:13.900,2626.0000,18096,-3,76255500.000,3,0,3,双平,S,2626.0000,2625.6000,2625.4000,2624.8000,2624.2000,2626.4000,2626.6000,2626.8000,2627.2000,2627.4000,3,4,3,1,1,3,4,2,1,6
SF,IH2006,2020-04-02 09:30:14.400,2626.0000,18093,-3,80982300.000,6,1,5,多平,S,2625.6000,2624.8000,2624.2000,2623.8000,2622.0000,2626.8000,2627.2000,2627.4000,2628.0000,2628.2000,4,1,1,1,1,1,1,1,4,3
SF,IH2006,2020-04-02 09:30:14.900,2626.6000,18089,-4,84133920.000,4,0,4,双平,S,2625.8000,2624.8000,2624.4000,2624.2000,2623.8000,2626.4000,2626.6000,2626.8000,2627.2000,2627.4000,2,1,1,1,1,1,5,1,1,1
SF,IH2006,2020-04-02 09:30:15.400,2625.8000,18087,-2,86497500.000,3,0,3,多平,S,2625.8000,2624.8000,2624.4000,2624.2000,2622.0000,2626.2000,2626.4000,2626.6000,2626.8000,2627.2000,1,1,1,1,1,3,1,2,1,1
SF,IH2006,2020-04-02 09:30:15.900,2626.6000,18083,-4,92012100.000,7,1,6,多平,S,2626.2000,2624.4000,2624.2000,2622.0000,2620.8000,2626.6000,2626.8000,2627.2000,2627.4000,2628.0000,1,1,1,1,1,1,1,1,1,4
SF,IH2006,2020-04-02 09:30:16.400,2626.8000,18081,-2,94375980.000,3,0,3,多平,S,2624.4000,2622.0000,2620.8000,2620.0000,2619.6000,2628.0000,2628.2000,2629.2000,2629.6000,2630.0000,1,2,1,1,1,4,3,1,1,1
SF,IH2006,2020-04-02 09:30:16.900,2626.8000,18081,0,94375980.000,0,-,-,-,-,2626.6000,2625.0000,2624.8000,2624.6000,2624.4000,2627.8000,2629.2000,2629.6000,2630.0000,2633.4000,1,1,5,11,4,1,1,1,1,5
SF,IH2006,2020-04-02 09:30:17.400,2626.6000,18078,-3,96739920.000,3,0,3,双平,S,2626.8000,2625.0000,2624.8000,2624.6000,2624.4000,2629.6000,2630.0000,2633.4000,2635.8000,2641.0000,4,1,6,5,4,1,1,5,1,1
SF,IH2006,2020-04-02 09:30:17.900,2629.4000,18074,-4,99894420.000,4,0,4,双平,S,2627.0000,2626.8000,2625.0000,2624.8000,2624.6000,2629.6000,2630.0000,2633.4000,2635.8000,2641.0000,1,3,1,6,3,1,1,5,1,1
SF,IH2006,2020-04-02 09:30:18.400,2629.4000,18074,0,99894420.000,0,-,-,-,-,2627.2000,2627.0000,2626.4000,2625.0000,2624.8000,2628.0000,2628.2000,2628.8000,2629.0000,2629.2000,6,1,1,1,4,2,3,2,1,2
SF,IH2006,2020-04-02 09:30:18.900,2627.2000,18071,-3,102259380.000,3,0,3,双平,S,2627.0000,2626.4000,2625.0000,2624.8000,2624.6000,2629.6000,2630.0000,2633.4000,2635.8000,2641.0000,1,1,1,4,2,1,1,5,1,1
SF,IH2006,2020-04-02 09:30:19.400,2627.2000,18070,-1,103047540.000,1,0,1,双平,S,2627.8000,2627.2000,2627.0000,2626.4000,2625.0000,2629.2000,2629.4000,2629.6000,2630.0000,2633.4000,1,5,1,1,1,1,6,2,1,5
SF,IH2006,2020-04-02 09:30:19.900,2629.0000,18068,-2,105413280.000,3,0,3,多平,S,2627.2000,2627.0000,2626.4000,2625.0000,2624.8000,2629.0000,2629.2000,2629.4000,2629.6000,2630.0000,4,1,1,1,4,2,2,3,3,1
SF,IH2006,2020-04-02 09:30:20.400,2629.0000,18067,-1,106201980.000,1,0,1,双平,S,2627.4000,2627.2000,2627.0000,2626.4000,2625.0000,2629.0000,2629.2000,2629.4000,2629.6000,2630.0000,2,2,1,1,1,1,2,3,2,1
SF,IH2006,2020-04-02 09:30:20.900,2627.4000,18065,-2,107778480.000,2,0,2,双平,S,2627.4000,2627.2000,2627.0000,2626.4000,2625.0000,2628.8000,2629.2000,2629.4000,2629.6000,2630.0000,1,2,1,2,1,4,2,3,2,1
SF,IH2006,2020-04-02 09:30:21.400,2627.2000,18063,-2,109354860.000,2,0,2,双平,S,2627.0000,2626.4000,2625.0000,2624.8000,2624.6000,2628.2000,2628.4000,2628.8000,2629.2000,2629.4000,1,2,1,2,2,3,1,4,2,2
SF,IH2006,2020-04-02 09:30:21.900,2627.0000,18061,-2,111719160.000,3,0,3,多平,S,2626.4000,2625.0000,2624.8000,2624.4000,2622.0000,2627.0000,2627.6000,2627.8000,2628.0000,2628.2000,2,1,1,1,3,2,2,4,7,3
SF,IH2006,2020-04-02 09:30:22.400,2626.4000,18060,-1,113295000.000,2,0,2,多平,S,2626.6000,2625.0000,2624.8000,2624.4000,2622.0000,2626.8000,2627.0000,2627.8000,2628.0000,2628.2000,1,1,1,1,3,2,2,3,4,3
SF,IH2006,2020-04-02 09:30:22.900,2626.6000,18057,-3,115658940.000,3,0,3,双平,S,2625.0000,2624.8000,2624.4000,2622.0000,2620.8000,2626.4000,2626.8000,2627.0000,2627.4000,2627.8000,1,1,1,3,1,1,2,2,1,3
SF,IH2006,2020-04-02 09:30:23.400,2626.4000,18055,-2,117234780.000,2,0,2,双平,S,2625.2000,2624.8000,2624.4000,2622.0000,2620.8000,2626.8000,2627.0000,2627.4000,2627.8000,2628.0000,1,1,1,3,1,1,2,1,3,5
SF,IH2006,2020-04-02 09:30:23.900,2625.2000,18054,-1,118022340.000,1,0,1,双平,S,2624.8000,2624.4000,2622.0000,2620.8000,2620.0000,2626.6000,2626.8000,2627.0000,2627.4000,2627.8000,1,1,2,1,2,2,1,2,1,3
SF,IH2006,2020-04-02 09:30:24.400,2625.0000,18053,-1,118809840.000,1,0,1,双平,S,2624.8000,2624.4000,2622.0000,2620.8000,2620.0000,2626.4000,2626.6000,2627.0000,2627.4000,2627.8000,1,1,2,1,2,3,2,2,1,2
SF,IH2006,2020-04-02 09:30:24.900,2626.2000,18053,0,119597700.000,1,0,1,多换,S,2625.0000,2624.8000,2624.4000,2622.0000,2620.8000,2626.2000,2626.4000,2626.6000,2627.0000,2627.4000,1,1,1,1,1,1,5,1,2,1
SF,IH2006,2020-04-02 09:30:25.400,2626.2000,18053,0,119597700.000,0,-,-,-,-,2625.0000,2624.8000,2624.4000,2622.0000,2620.0000,2626.0000,2626.4000,2626.6000,2627.0000,2627.4000,1,1,1,1,2,1,1,1,2,1
SF,IH2006,2020-04-02 09:30:25.900,2625.0000,18052,-1,120385200.000,1,0,1,双平,S,2624.8000,2624.4000,2622.0000,2620.0000,2617.0000,2626.0000,2626.4000,2626.6000,2627.0000,2627.4000,1,1,1,2,1,1,1,1,2,1
SF,IH2006,2020-04-02 09:30:26.400,2625.8000,18051,-1,121172940.000,1,0,1,双平,S,2624.8000,2624.4000,2622.0000,2620.0000,2617.0000,2625.0000,2626.0000,2626.4000,2626.6000,2627.0000,1,1,1,2,1,2,1,2,1,2
SF,IH2006,2020-04-02 09:30:26.900,2624.4000,18049,-2,122747700.000,2,0,2,双平,S,2622.0000,2620.0000,2617.0000,2616.0000,2615.0000,2625.0000,2626.0000,2626.4000,2626.6000,2627.0000,2,2,1,2,1,2,1,2,1,2
SF,IH2006,2020-04-02 09:30:27.400,2624.4000,18049,0,122747700.000,0,-,-,-,-,2623.8000,2622.6000,2622.2000,2622.0000,2620.0000,2624.8000,2625.0000,2626.4000,2626.6000,2627.0000,2,1,6,2,2,4,2,1,1,2
SF,IH2006,2020-04-02 09:30:27.900,2624.4000,18049,0,122747700.000,0,-,-,-,-,2622.2000,2622.0000,2620.0000,2617.0000,2616.0000,2624.8000,2625.0000,2626.4000,2626.6000,2627.0000,4,1,2,1,2,9,5,1,1,2
SF,IH2006,2020-04-02 09:30:28.400,2624.4000,18049,0,122747700.000,0,-,-,-,-,2622.4000,2622.2000,2622.0000,2620.0000,2617.0000,2624.6000,2624.8000,2625.0000,2626.4000,2626.6000,2,4,1,2,1,1,1,2,1,1
SF,IH2006,2020-04-02 09:30:28.900,2624.6000,18049,0,124322400.000,2,1,1,多换,S,2623.4000,2622.6000,2622.4000,2622.0000,2620.0000,2625.0000,2626.4000,2626.6000,2627.0000,2627.4000,2,4,2,1,2,2,1,1,1,1
SF,IH2006,2020-04-02 09:30:29.400,2624.6000,18049,0,124322400.000,0,-,-,-,-,2623.6000,2622.4000,2622.0000,2620.0000,2617.0000,2624.8000,2625.0000,2626.4000,2626.6000,2627.0000,6,2,1,2,1,1,2,1,1,1
SF,IH2006,2020-04-02 09:30:29.900,2625.0000,18045,-4,127472220.000,4,0,4,双平,S,2623.6000,2622.4000,2622.0000,2620.0000,2617.0000,2626.4000,2626.6000,2627.0000,2627.4000,2627.8000,2,2,1,2,1,1,1,1,1,2
SF,IH2006,2020-04-02 09:30:30.400,2625.0000,18045,0,128259720.000,1,0,1,多换,S,2623.8000,2623.6000,2622.4000,2622.0000,2620.0000,2626.2000,2626.4000,2626.6000,2627.0000,2627.4000,4,1,2,1,2,4,3,1,1,1
SF,IH2006,2020-04-02 09:30:30.900,2625.0000,18045,0,128259720.000,0,-,-,-,-,2624.0000,2623.8000,2622.4000,2622.0000,2621.4000,2626.2000,2626.4000,2626.6000,2627.0000,2627.4000,2,4,2,1,1,2,1,1,1,1
SF,IH2006,2020-04-02 09:30:31.400,2625.0000,18045,0,128259720.000,0,-,-,-,-,2624.8000,2624.2000,2624.0000,2622.4000,2622.0000,2626.2000,2626.4000,2626.6000,2627.0000,2627.4000,1,4,2,2,1,2,1,1,1,1
SF,IH2006,2020-04-02 09:30:31.900,2625.0000,18045,0,128259720.000,0,-,-,-,-,2625.0000,2624.8000,2624.2000,2622.4000,2622.0000,2626.4000,2627.0000,2627.4000,2627.8000,2628.0000,2,1,4,2,1,1,1,1,2,2
SF,IH2006,2020-04-02 09:30:32.400,2626.2000,18045,0,129047580.000,1,0,1,多换,S,2625.0000,2624.8000,2624.2000,2622.4000,2622.0000,2626.4000,2627.0000,2627.4000,2627.8000,2628.0000,2,1,4,2,1,1,1,1,2,2
SF,IH2006,2020-04-02 09:30:32.900,2626.4000,18044,-1,129835500.000,1,0,1,双平,S,2626.4000,2625.2000,2625.0000,2624.8000,2622.4000,2627.0000,2627.4000,2627.8000,2628.0000,2628.8000,2,4,2,1,2,1,1,2,2,1
SF,IH2006,2020-04-02 09:30:33.400,2626.4000,18042,-2,131411340.000,2,0,2,双平,S,2625.2000,2625.0000,2624.8000,2622.4000,2622.0000,2626.8000,2627.0000,2627.4000,2627.8000,2628.0000,4,1,1,2,1,1,1,1,2,2
SF,IH2006,2020-04-02 09:30:33.900,2626.4000,18042,0,131411340.000,0,-,-,-,-,2625.4000,2625.2000,2624.8000,2622.4000,2622.0000,2625.8000,2626.6000,2626.8000,2627.0000,2627.4000,4,1,1,2,1,1,1,1,1,1
SF,IH2006,2020-04-02 09:30:34.400,2625.8000,18041,-1,132199080.000,1,0,1,双平,S,2626.4000,2625.4000,2625.2000,2624.8000,2622.4000,2626.6000,2627.0000,2627.4000,2627.8000,2628.0000,2,3,1,1,2,1,1,1,2,2
SF,IH2006,2020-04-02 09:30:34.900,2626.4000,18038,-3,134562840.000,3,0,3,双平,S,2625.4000,2624.8000,2622.4000,2622.0000,2620.0000,2626.6000,2627.0000,2627.4000,2627.8000,2628.0000,3,1,2,1,2,1,1,1,2,2
SF,IH2006,2020-04-02 09:30:35.400,2626.4000,18038,0,134562840.000,0,-,-,-,-,2625.6000,2625.4000,2624.8000,2622.4000,2622.0000,2626.6000,2627.0000,2627.4000,2627.8000,2628.0000,1,3,1,2,1,1,1,1,2,2
SF,IH2006,2020-04-02 09:30:35.900,2626.4000,18037,-1,138501540.000,5,2,3,多平,S,2624.8000,2622.4000,2622.0000,2620.0000,2617.0000,2626.2000,2626.6000,2627.0000,2627.4000,2627.8000,1,2,1,2,1,2,4,1,1,2
SF,IH2006,2020-04-02 09:30:36.400,2624.8000,18036,-1,140076480.000,2,0,2,多平,S,2622.4000,2622.0000,2620.0000,2617.0000,2616.0000,2625.8000,2626.0000,2626.2000,2626.4000,2626.6000,2,1,2,1,1,2,4,1,1,1
SF,IH2006,2020-04-02 09:30:36.900,2624.8000,18036,0,140076480.000,0,-,-,-,-,2622.6000,2622.4000,2622.0000,2620.0000,2617.0000,2625.6000,2626.0000,2626.2000,2626.4000,2626.6000,8,2,1,2,1,2,2,1,1,1
SF,IH2006,2020-04-02 09:30:37.400,2625.6000,18034,-2,141651840.000,2,0,2,双平,S,2622.6000,2622.0000,2620.0000,2617.0000,2616.0000,2625.4000,2626.0000,2626.2000,2626.4000,2626.6000,8,1,2,1,1,1,2,1,1,1
SF,IH2006,2020-04-02 09:30:37.900,2625.6000,18034,0,141651840.000,0,-,-,-,-,2622.8000,2622.6000,2622.0000,2620.0000,2617.0000,2625.2000,2626.0000,2626.2000,2626.4000,2626.6000,4,4,1,2,1,1,2,1,1,1
SF,IH2006,2020-04-02 09:30:38.400,2625.2000,18033,-1,142439400.000,1,0,1,双平,S,2625.8000,2623.0000,2622.8000,2622.6000,2622.0000,2626.2000,2626.4000,2626.6000,2627.0000,2627.4000,10,1,4,3,1,1,1,1,1,1
SF,IH2006,2020-04-02 09:30:38.900,2625.8000,18033,0,150316800.000,10,5,5,多换,S,2623.0000,2622.8000,2622.6000,2622.0000,2620.0000,2625.4000,2625.6000,2625.8000,2626.0000,2626.2000,1,4,3,1,2,2,3,7,1,2
SF,IH2006,2020-04-02 09:30:39.400,2625.4000,18031,-2,151892040.000,2,0,2,双平,S,2623.2000,2623.0000,2622.6000,2622.0000,2620.0000,2626.2000,2626.4000,2626.6000,2627.0000,2627.4000,5,2,3,2,2,1,1,1,1,1
SF,IH2006,2020-04-02 09:30:39.900,2625.4000,18031,0,151892040.000,0,-,-,-,-,2623.6000,2623.4000,2623.2000,2623.0000,2622.6000,2626.0000,2626.2000,2626.4000,2626.6000,2627.0000,1,3,5,1,2,1,1,1,1,1
SF,IH2006,2020-04-02 09:30:40.400,2625.4000,18031,0,151892040.000,0,-,-,-,-,2625.0000,2623.8000,2623.6000,2623.4000,2623.2000,2626.6000,2627.0000,2627.4000,2627.8000,2628.0000,1,7,2,1,1,1,1,1,1,2
SF,IH2006,2020-04-02 09:30:40.900,2625.4000,18031,0,151892040.000,0,-,-,-,-,2625.2000,2625.0000,2623.8000,2623.6000,2623.2000,2626.4000,2626.6000,2627.0000,2627.4000,2627.8000,3,1,5,2,1,1,1,1,1,1
SF,IH2006,2020-04-02 09:30:41.400,2625.4000,18031,0,151892040.000,0,-,-,-,-,2625.2000,2625.0000,2623.8000,2623.6000,2623.2000,2626.4000,2626.6000,2627.0000,2627.4000,2627.8000,2,1,5,2,1,1,1,1,1,1
SF,IH2006,2020-04-02 09:30:41.900,2625.4000,18031,0,151892040.000,0,-,-,-,-,2625.4000,2625.2000,2625.0000,2623.8000,2623.6000,2626.6000,2627.0000,2627.4000,2627.8000,2628.0000,1,2,1,5,2,1,1,1,1,2
SF,IH2006,2020-04-02 09:30:42.400,2625.4000,18030,-1,152679660.000,1,0,1,双平,S,2625.2000,2625.0000,2623.8000,2623.6000,2623.2000,2626.4000,2626.6000,2627.0000,2627.4000,2627.8000,1,1,5,2,1,4,1,1,1,1
SF,IH2006,2020-04-02 09:30:42.900,2626.4000,18027,-3,155043060.000,3,0,3,双平,S,2626.2000,2625.4000,2625.0000,2623.8000,2623.6000,2626.6000,2627.0000,2627.4000,2627.8000,2628.0000,1,1,1,5,2,1,1,1,1,2
SF,IH2006,2020-04-02 09:30:43.400,2626.2000,18027,0,155830920.000,1,0,1,多换,S,2625.0000,2623.8000,2623.6000,2623.2000,2622.0000,2625.6000,2626.2000,2626.4000,2626.6000,2627.0000,1,4,1,1,2,1,2,1,3,1
SF,IH2006,2020-04-02 09:30:43.900,2625.6000,18026,-1,156618600.000,1,0,1,双平,S,2625.2000,2625.0000,2623.8000,2623.2000,2622.0000,2626.2000,2626.4000,2626.6000,2627.0000,2627.4000,1,1,4,1,2,1,1,1,1,1
SF,IH2006,2020-04-02 09:30:44.400,2625.6000,18026,0,156618600.000,0,-,-,-,-,2625.4000,2625.0000,2623.8000,2623.2000,2622.0000,2626.2000,2626.4000,2626.6000,2627.0000,2627.4000,1,1,4,1,2,1,1,1,1,1
SF,IH2006,2020-04-02 09:30:44.900,2625.6000,18026,0,156618600.000,0,-,-,-,-,2625.6000,2625.4000,2625.0000,2623.8000,2623.2000,2626.2000,2626.6000,2627.0000,2627.4000,2627.8000,1,1,1,4,1,1,1,1,1,1
SF,IH2006,2020-04-02 09:30:45.400,2625.6000,18026,0,156618600.000,0,-,-,-,-,2625.4000,2625.0000,2623.8000,2623.2000,2622.0000,2626.2000,2626.4000,2626.6000,2627.0000,2627.4000,1,1,4,1,2,3,1,1,1,1
SF,IH2006,2020-04-02 09:30:45.900,2626.2000,18025,-1,157406460.000,1,0,1,双平,S,2625.6000,2625.4000,2625.0000,2623.8000,2623.2000,2626.6000,2627.0000,2627.4000,2627.8000,2628.0000,1,1,1,4,1,1,1,1,1,2
SF,IH2006,2020-04-02 09:30:46.400,2626.2000,18025,0,157406460.000,0,-,-,-,-,2625.8000,2625.6000,2625.0000,2623.8000,2623.2000,2626.6000,2627.0000,2627.4000,2627.8000,2628.0000,2,1,1,4,1,1,1,1,1,2
SF,IH2006,2020-04-02 09:30:46.900,2626.6000,18025,0,158194440.000,1,0,1,多换,S,2626.6000,2625.8000,2625.6000,2625.0000,2623.8000,2627.0000,2627.4000,2627.8000,2628.0000,2629.0000,1,2,1,1,4,1,1,1,2,2
SF,IH2006,2020-04-02 09:30:47.400,2627.0000,18023,-2,159770640.000,2,0,2,双平,S,2626.8000,2625.6000,2625.0000,2623.8000,2623.2000,2627.4000,2627.8000,2628.0000,2629.0000,2629.2000,1,1,1,4,1,1,1,1,2,1
SF,IH2006,2020-04-02 09:30:47.900,2627.0000,18023,0,159770640.000,0,-,-,-,-,2625.6000,2625.0000,2623.8000,2623.2000,2622.0000,2627.4000,2627.8000,2628.0000,2629.0000,2629.2000,1,1,4,1,2,1,1,1,2,1
SF,IH2006,2020-04-02 09:30:48.400,2627.4000,18022,-1,160558860.000,1,0,1,双平,S,2627.4000,2625.8000,2625.6000,2625.0000,2623.8000,2627.8000,2628.0000,2629.0000,2629.2000,2629.6000,1,3,1,1,4,1,1,2,1,1
SF,IH2006,2020-04-02 09:30:48.900,2627.8000,18020,-2,162923760.000,3,0,3,多平,S,2627.6000,2625.8000,2625.0000,2623.8000,2623.2000,2628.0000,2629.0000,2629.2000,2629.6000,2629.8000,1,2,1,4,1,1,2,1,1,1
SF,IH2006,2020-04-02 09:30:49.400,2628.0000,18019,-1,163712160.000,1,0,1,双平,S,2628.4000,2628.2000,2627.8000,2625.8000,2625.0000,2629.0000,2629.2000,2629.6000,2629.8000,2632.0000,2,2,1,1,1,2,1,1,1,3
SF,IH2006,2020-04-02 09:30:49.900,2628.8000,18018,-1,166866360.000,4,1,3,多平,S,2628.2000,2626.2000,2625.8000,2625.0000,2623.8000,2628.8000,2629.0000,2629.2000,2629.6000,2629.8000,2,2,1,1,4,1,2,1,1,1
SF,IH2006,2020-04-02 09:30:50.400,2628.2000,18016,-2,170808660.000,5,1,4,多平,S,2626.2000,2625.8000,2625.0000,2623.8000,2623.2000,2628.6000,2628.8000,2629.0000,2629.2000,2629.6000,2,1,1,4,1,2,4,2,1,1
SF,IH2006,2020-04-02 09:30:50.900,2626.6000,18017,1,171596640.000,1,1,0,双开,S,2626.4000,2626.2000,2625.0000,2623.2000,2622.0000,2628.2000,2628.4000,2628.8000,2629.0000,2629.2000,7,2,2,1,2,2,2,2,2,1
SF,IH2006,2020-04-02 09:30:51.400,2626.6000,18017,0,171596640.000,0,-,-,-,-,2626.4000,2626.2000,2625.0000,2623.2000,2622.0000,2628.0000,2628.2000,2628.4000,2629.0000,2629.2000,4,2,2,1,2,2,2,1,2,1
SF,IH2006,2020-04-02 09:30:51.900,2627.8000,18016,-1,172384980.000,1,0,1,双平,S,2626.4000,2626.2000,2625.0000,2623.2000,2622.0000,2628.0000,2629.0000,2629.2000,2629.6000,2629.8000,4,2,2,1,2,2,2,1,1,1
SF,IH2006,2020-04-02 09:30:52.400,2627.8000,18016,0,172384980.000,0,-,-,-,-,2627.2000,2626.6000,2626.4000,2626.2000,2625.0000,2629.0000,2629.2000,2629.6000,2629.8000,2632.0000,2,4,2,2,2,2,1,1,1,3
SF,IH2006,2020-04-02 09:30:52.900,2627.8000,18016,0,172384980.000,0,-,-,-,-,2628.2000,2627.4000,2626.6000,2626.2000,2625.0000,2628.4000,2628.8000,2629.0000,2629.2000,2629.6000,1,1,4,2,2,1,4,2,1,1
SF,IH2006,2020-04-02 09:30:53.400,2627.4000,18014,-2,173961660.000,2,0,2,双平,S,2626.6000,2626.2000,2625.0000,2623.2000,2622.0000,2627.4000,2628.2000,2628.4000,2628.8000,2629.0000,4,2,2,1,2,1,1,1,3,2
SF,IH2006,2020-04-02 09:30:53.900,2628.2000,18013,-1,175538340.000,2,0,2,多平,S,2628.2000,2627.6000,2627.4000,2626.8000,2626.2000,2628.4000,2628.8000,2629.0000,2629.2000,2629.6000,1,2,1,3,2,1,1,2,1,1
SF,IH2006,2020-04-02 09:30:54.400,2628.2000,18011,-2,177903840.000,3,0,3,多平,S,2627.6000,2626.8000,2626.2000,2625.0000,2623.2000,2628.0000,2628.2000,2628.4000,2629.0000,2629.2000,2,2,2,2,1,1,6,3,2,1
SF,IH2006,2020-04-02 09:30:54.900,2628.0000,18009,-2,179480640.000,2,0,2,双平,S,2626.8000,2626.2000,2625.0000,2623.2000,2622.0000,2628.0000,2628.2000,2628.4000,2629.0000,2629.2000,2,2,2,1,2,3,3,2,2,1
SF,IH2006,2020-04-02 09:30:55.400,2628.0000,18009,0,179480640.000,0,-,-,-,-,2627.0000,2626.2000,2625.0000,2623.2000,2622.0000,2628.2000,2629.0000,2629.2000,2629.6000,2629.8000,1,2,2,1,2,1,2,1,1,1
SF,IH2006,2020-04-02 09:30:55.900,2627.0000,18008,-1,180268740.000,1,0,1,双平,S,2626.2000,2625.0000,2623.2000,2622.0000,2620.0000,2628.0000,2628.2000,2629.0000,2629.2000,2629.6000,2,2,1,2,1,2,3,2,1,1
SF,IH2006,2020-04-02 09:30:56.400,2627.0000,18008,0,180268740.000,0,-,-,-,-,2626.4000,2626.2000,2625.0000,2623.2000,2622.0000,2627.8000,2628.0000,2628.2000,2629.0000,2629.2000,1,2,2,1,2,1,2,1,2,1
SF,IH2006,2020-04-02 09:30:56.900,2627.0000,18008,0,180268740.000,0,-,-,-,-,2626.4000,2626.2000,2625.0000,2623.2000,2622.0000,2627.6000,2627.8000,2628.2000,2629.0000,2629.2000,1,2,2,1,2,3,1,1,2,1
SF,IH2006,2020-04-02 09:30:57.400,2627.0000,18008,0,180268740.000,0,-,-,-,-,2626.4000,2626.2000,2625.0000,2623.2000,2622.0000,2627.6000,2627.8000,2628.0000,2628.2000,2629.0000,1,2,2,1,2,3,1,1,1,2
SF,IH2006,2020-04-02 09:30:57.900,2626.2000,18006,-2,181844520.000,2,0,2,双平,S,2626.2000,2625.0000,2623.2000,2622.0000,2620.0000,2627.4000,2627.6000,2627.8000,2628.0000,2628.2000,2,2,1,2,1,1,6,1,1,1
SF,IH2006,2020-04-02 09:30:58.400,2626.2000,18006,0,181844520.000,0,-,-,-,-,2627.0000,2626.2000,2625.0000,2623.2000,2622.0000,2627.2000,2627.4000,2627.6000,2627.8000,2628.0000,1,2,2,1,2,1,1,5,1,1
SF,IH2006,2020-04-02 09:30:58.900,2627.0000,18006,0,182632620.000,1,0,1,多换,S,2626.2000,2625.0000,2623.2000,2622.0000,2620.0000,2626.8000,2627.4000,2627.6000,2628.0000,2628.2000,2,2,1,2,1,1,1,5,1,1
SF,IH2006,2020-04-02 09:30:59.400,2627.0000,18006,0,182632620.000,0,-,-,-,-,2626.2000,2625.0000,2623.2000,2622.0000,2620.0000,2627.4000,2627.6000,2628.0000,2628.2000,2629.0000,2,2,1,2,1,1,4,1,1,2
SF,IH2006,2020-04-02 09:30:59.900,2627.0000,18006,0,182632620.000,0,-,-,-,-,2626.4000,2626.2000,2625.0000,2623.2000,2622.0000,2627.4000,2627.6000,2628.0000,2628.2000,2629.0000,1,2,2,1,2,1,4,1,1,2
SF,IH2006,2020-04-02 09:31:00.400,2627.6000,18005,-1,184209180.000,2,0,2,多平,S,2626.4000,2626.2000,2625.0000,2623.2000,2622.0000,2627.6000,2628.0000,2628.2000,2629.0000,2629.2000,1,2,2,1,2,2,1,1,2,1
SF,IH2006,2020-04-02 09:31:00.900,2627.6000,18005,0,184209180.000,0,-,-,-,-,2626.4000,2626.2000,2625.0000,2623.2000,2622.0000,2627.4000,2627.6000,2628.0000,2628.2000,2629.0000,1,2,2,1,2,1,2,1,1,2
SF,IH2006,2020-04-02 09:31:01.400,2627.6000,18005,0,185785740.000,2,1,1,多换,S,2626.4000,2626.2000,2625.0000,2623.2000,2622.0000,2627.2000,2628.0000,2628.2000,2629.0000,2629.2000,1,2,2,1,2,2,1,1,2,1
SF,IH2006,2020-04-02 09:31:01.900,2627.2000,18004,-1,187362060.000,2,0,2,多平,S,2626.6000,2626.4000,2626.2000,2625.0000,2623.2000,2627.2000,2628.0000,2628.2000,2629.0000,2629.2000,1,1,2,2,1,1,1,1,2,1
SF,IH2006,2020-04-02 09:31:02.400,2626.4000,18003,-1,188149980.000,1,0,1,双平,S,2627.0000,2626.2000,2625.0000,2623.2000,2622.0000,2627.2000,2627.8000,2628.0000,2628.2000,2629.0000,1,2,2,1,2,1,1,1,1,2
SF,IH2006,2020-04-02 09:31:02.900,2627.0000,18003,0,188938080.000,1,0,1,多换,S,2626.2000,2625.0000,2623.2000,2622.0000,2620.0000,2626.6000,2627.0000,2627.2000,2627.8000,2628.0000,2,2,1,2,1,2,1,1,1,1
SF,IH2006,2020-04-02 09:31:03.400,2626.2000,18001,-2,191301660.000,3,0,3,多平,S,2625.0000,2623.2000,2622.0000,2620.0000,2617.0000,2626.2000,2626.6000,2627.2000,2627.8000,2628.0000,2,1,2,1,1,1,2,1,1,1
SF,IH2006,2020-04-02 09:31:03.900,2626.2000,18001,0,191301660.000,0,-,-,-,-,2625.2000,2625.0000,2623.2000,2622.0000,2620.0000,2626.0000,2626.2000,2626.6000,2627.8000,2628.0000,1,3,1,2,1,1,1,2,1,1
SF,IH2006,2020-04-02 09:31:04.400,2625.2000,18000,-1,192089220.000,1,0,1,双平,S,2625.0000,2623.2000,2622.0000,2620.0000,2617.0000,2625.2000,2626.0000,2626.2000,2626.6000,2627.8000,3,1,2,1,1,2,1,1,2,1
SF,IH2006,2020-04-02 09:31:04.900,2625.0000,17995,-5,197601300.000,7,1,6,多平,S,2622.0000,2620.0000,2617.0000,2616.0000,2615.0000,2625.0000,2626.0000,2626.2000,2626.6000,2627.8000,2,1,1,1,1,1,1,1,2,1
SF,IH2006,2020-04-02 09:31:05.400,2625.0000,17995,0,198388800.000,1,0,1,多换,S,2624.0000,2622.6000,2622.4000,2622.2000,2622.0000,2624.8000,2625.0000,2626.0000,2626.2000,2626.6000,1,4,3,10,6,1,1,1,1,2
SF,IH2006,2020-04-02 09:31:05.900,2625.0000,17995,0,198388800.000,0,-,-,-,-,2624.4000,2624.2000,2622.6000,2622.4000,2622.2000,2624.8000,2625.0000,2626.2000,2626.6000,2627.8000,1,1,4,3,8,2,1,1,2,1
SF,IH2006,2020-04-02 09:31:06.400,2625.0000,17995,0,198388800.000,0,-,-,-,-,2624.2000,2622.6000,2622.4000,2622.2000,2622.0000,2624.8000,2625.0000,2626.2000,2626.6000,2627.8000,1,4,3,8,6,2,1,1,2,1
SF,IH2006,2020-04-02 09:31:06.900,2625.0000,17995,0,198388800.000,0,-,-,-,-,2624.2000,2622.6000,2622.4000,2622.2000,2622.0000,2624.8000,2625.0000,2626.2000,2626.6000,2627.8000,1,4,3,7,4,2,1,1,2,1
SF,IH2006,2020-04-02 09:31:07.400,2624.2000,17994,-1,199176060.000,1,0,1,双平,S,2622.6000,2622.4000,2622.2000,2622.0000,2620.0000,2624.8000,2625.0000,2626.2000,2626.6000,2627.8000,2,3,7,5,1,2,2,1,2,1
SF,IH2006,2020-04-02 09:31:07.900,2624.2000,17994,0,199176060.000,0,-,-,-,-,2624.2000,2622.8000,2622.6000,2622.4000,2622.2000,2624.6000,2624.8000,2625.0000,2626.0000,2626.2000,1,6,1,1,3,2,2,2,3,1
SF,IH2006,2020-04-02 09:31:08.400,2624.6000,17992,-2,200750700.000,2,0,2,双平,S,2622.8000,2622.6000,2622.4000,2622.2000,2622.0000,2624.4000,2624.8000,2625.0000,2626.0000,2626.2000,5,1,1,3,5,1,1,2,3,1
SF,IH2006,2020-04-02 09:31:08.900,2624.6000,17992,0,200750700.000,0,-,-,-,-,2623.0000,2622.8000,2622.6000,2622.4000,2622.2000,2624.4000,2624.8000,2625.0000,2626.0000,2626.2000,1,5,1,1,3,1,1,2,3,1
SF,IH2006,2020-04-02 09:31:09.400,2623.2000,17990,-2,202324620.000,2,0,2,双平,S,2623.2000,2623.0000,2622.8000,2622.6000,2622.4000,2624.4000,2624.8000,2625.0000,2626.0000,2626.2000,4,1,1,1,1,1,1,2,3,1
SF,IH2006,2020-04-02 09:31:09.900,2624.8000,17988,-2,203899380.000,2,0,2,双平,S,2624.6000,2624.4000,2623.4000,2623.2000,2622.8000,2625.0000,2625.6000,2626.0000,2626.2000,2627.8000,4,2,3,4,1,2,1,3,1,1
SF,IH2006,2020-04-02 09:31:10.400,2624.8000,17988,0,203899380.000,0,-,-,-,-,2624.6000,2624.4000,2623.4000,2623.2000,2623.0000,2625.0000,2625.6000,2626.0000,2626.2000,2627.8000,3,2,2,4,1,2,1,3,1,1
SF,IH2006,2020-04-02 09:31:10.900,2624.6000,17987,-1,204686760.000,1,0,1,双平,S,2624.6000,2624.4000,2623.4000,2623.2000,2623.0000,2625.0000,2625.6000,2626.0000,2626.2000,2627.8000,2,1,1,4,1,1,1,3,1,1
SF,IH2006,2020-04-02 09:31:11.400,2624.4000,17984,-3,207048840.000,3,0,3,双平,S,2623.2000,2623.0000,2622.6000,2622.4000,2622.2000,2624.4000,2624.6000,2624.8000,2625.0000,2625.6000,4,1,1,1,4,1,5,1,1,1
SF,IH2006,2020-04-02 09:31:11.900,2624.4000,17984,0,207048840.000,0,-,-,-,-,2624.0000,2623.2000,2623.0000,2622.6000,2622.4000,2624.2000,2624.4000,2624.6000,2625.0000,2625.6000,1,4,1,1,1,1,1,5,1,1
SF,IH2006,2020-04-02 09:31:12.400,2624.4000,17984,0,207048840.000,0,-,-,-,-,2623.2000,2623.0000,2622.6000,2622.4000,2622.2000,2624.2000,2624.4000,2624.6000,2625.0000,2625.6000,4,1,1,1,4,1,1,5,1,1
SF,IH2006,2020-04-02 09:31:12.900,2624.4000,17984,0,207048840.000,0,-,-,-,-,2623.0000,2622.2000,2622.0000,2621.4000,2620.0000,2624.0000,2624.2000,2624.4000,2624.6000,2625.0000,1,1,2,1,1,1,1,1,5,1
SF,IH2006,2020-04-02 09:31:13.400,2624.4000,17984,0,207048840.000,0,-,-,-,-,2622.2000,2622.0000,2621.4000,2620.0000,2617.0000,2623.0000,2623.8000,2624.0000,2624.4000,2624.6000,1,2,1,1,1,1,1,1,1,5
SF,IH2006,2020-04-02 09:31:13.900,2624.0000,17984,0,207836040.000,1,0,1,多换,S,2622.4000,2622.2000,2622.0000,2621.4000,2620.0000,2624.0000,2624.4000,2624.6000,2624.8000,2625.0000,1,1,2,1,1,1,1,5,5,1
SF,IH2006,2020-04-02 09:31:14.400,2624.0000,17984,0,207836040.000,0,-,-,-,-,2622.4000,2622.2000,2622.0000,2621.4000,2620.4000,2623.8000,2624.0000,2624.4000,2624.6000,2624.8000,1,1,2,1,1,2,1,1,5,5
SF,IH2006,2020-04-02 09:31:14.900,2622.0000,17982,-2,209409300.000,2,0,2,双平,S,2621.4000,2620.4000,2620.0000,2617.0000,2616.0000,2623.6000,2623.8000,2624.4000,2624.6000,2624.8000,1,1,1,1,1,1,2,1,5,5
SF,IH2006,2020-04-02 09:31:15.400,2622.0000,17982,0,209409300.000,0,-,-,-,-,2621.4000,2620.4000,2620.0000,2617.0000,2616.0000,2623.2000,2623.4000,2623.6000,2623.8000,2624.4000,1,1,1,1,1,1,2,1,1,1
SF,IH2006,2020-04-02 09:31:15.900,2622.0000,17982,0,209409300.000,0,-,-,-,-,2621.6000,2621.4000,2620.4000,2620.0000,2617.0000,2623.0000,2623.2000,2623.4000,2623.8000,2624.4000,1,1,1,1,1,4,1,1,1,1
SF,IH2006,2020-04-02 09:31:16.400,2621.6000,17981,-1,210195780.000,1,0,1,双平,S,2621.4000,2620.4000,2620.0000,2617.0000,2616.0000,2623.0000,2623.2000,2623.4000,2623.8000,2624.4000,1,1,1,1,1,4,1,1,1,1
SF,IH2006,2020-04-02 09:31:16.900,2621.6000,17981,0,210195780.000,0,-,-,-,-,2621.4000,2620.4000,2620.0000,2617.0000,2616.0000,2622.4000,2622.6000,2622.8000,2623.0000,2623.4000,1,1,1,1,1,2,3,2,4,1
SF,IH2006,2020-04-02 09:31:17.400,2621.6000,17981,0,210195780.000,0,-,-,-,-,2620.4000,2620.0000,2617.0000,2616.0000,2615.0000,2622.0000,2622.2000,2622.4000,2622.6000,2622.8000,1,1,1,1,1,1,5,1,3,2
SF,IH2006,2020-04-02 09:31:17.900,2621.6000,17981,0,210195780.000,0,-,-,-,-,2620.8000,2620.6000,2620.4000,2620.0000,2619.0000,2621.8000,2623.0000,2623.4000,2623.8000,2624.4000,1,1,1,1,1,2,5,1,1,1
SF,IH2006,2020-04-02 09:31:18.400,2621.8000,17979,-2,211768860.000,2,0,2,双平,S,2620.6000,2620.4000,2620.0000,2619.0000,2617.0000,2623.0000,2623.4000,2623.8000,2624.4000,2624.6000,1,1,1,1,1,5,1,1,1,5
SF,IH2006,2020-04-02 09:31:18.900,2621.8000,17979,0,211768860.000,0,-,-,-,-,2621.6000,2620.8000,2620.6000,2620.4000,2620.0000,2622.8000,2623.0000,2623.4000,2623.8000,2624.4000,1,5,1,1,1,3,5,1,1,1
SF,IH2006,2020-04-02 09:31:19.400,2621.6000,17978,-1,212555340.000,1,0,1,双平,S,2620.8000,2620.6000,2620.4000,2620.0000,2617.0000,2621.4000,2621.6000,2622.6000,2622.8000,2623.0000,4,1,1,1,1,1,2,1,2,5
SF,IH2006,2020-04-02 09:31:19.900,2621.6000,17978,0,213341820.000,1,0,1,多换,S,2620.6000,2620.4000,2620.0000,2617.0000,2616.0000,2621.6000,2622.6000,2622.8000,2623.0000,2623.4000,1,1,1,1,1,1,1,2,5,1
SF,IH2006,2020-04-02 09:31:20.400,2621.6000,17978,0,213341820.000,0,-,-,-,-,2620.6000,2620.4000,2620.0000,2619.2000,2617.0000,2621.4000,2621.6000,2622.6000,2622.8000,2623.0000,1,1,1,1,1,1,1,1,2,5
SF,IH2006,2020-04-02 09:31:21.400,2620.6000,17977,-1,214128000.000,1,0,1,双平,S,2620.4000,2620.0000,2619.2000,2617.0000,2616.0000,2621.4000,2621.6000,2622.6000,2622.8000,2623.0000,1,1,1,1,1,1,1,1,2,5
SF,IH2006,2020-04-02 09:31:21.900,2621.6000,17976,-1,214914480.000,1,0,1,双平,S,2621.4000,2620.6000,2620.4000,2620.0000,2619.2000,2622.0000,2622.8000,2623.0000,2623.4000,2623.8000,1,1,1,1,1,3,2,1,1,1
SF,IH2006,2020-04-02 09:31:22.400,2621.4000,17975,-1,215700900.000,1,0,1,双平,S,2621.4000,2620.6000,2620.4000,2620.0000,2619.2000,2621.8000,2622.8000,2623.0000,2623.4000,2623.8000,5,1,1,1,1,2,2,1,1,1
SF,IH2006,2020-04-02 09:31:22.900,2621.4000,17974,-1,218060400.000,3,1,2,多平,S,2621.4000,2620.8000,2620.6000,2620.4000,2620.0000,2622.6000,2622.8000,2623.0000,2623.4000,2623.8000,4,1,1,1,1,3,2,1,1,1
SF,IH2006,2020-04-02 09:31:23.400,2621.4000,17974,0,218060400.000,0,-,-,-,-,2621.4000,2620.8000,2620.6000,2620.4000,2620.0000,2622.4000,2622.6000,2622.8000,2623.0000,2623.4000,4,1,1,1,1,2,3,1,1,1
SF,IH2006,2020-04-02 09:31:23.900,2621.4000,17974,0,218846820.000,1,0,1,多换,S,2621.4000,2620.8000,2620.6000,2620.4000,2620.0000,2622.4000,2622.8000,2623.0000,2623.4000,2623.8000,3,1,1,1,1,1,4,1,1,1
SF,IH2006,2020-04-02 09:31:24.400,2621.4000,17974,0,218846820.000,0,-,-,-,-,2621.4000,2620.8000,2620.6000,2620.4000,2620.0000,2622.2000,2622.4000,2622.8000,2623.0000,2623.4000,3,1,1,1,1,1,1,1,4,1
SF,IH2006,2020-04-02 09:31:24.900,2620.6000,17971,-3,223564920.000,6,1,5,多平,S,2620.4000,2620.0000,2619.2000,2617.0000,2616.0000,2620.6000,2621.2000,2621.4000,2622.0000,2622.2000,1,1,1,1,1,1,2,16,1,1
SF,IH2006,2020-04-02 09:31:25.400,2620.6000,17969,-2,225137280.000,2,0,2,双平,S,2620.6000,2620.0000,2619.2000,2617.0000,2616.0000,2621.2000,2621.4000,2622.0000,2622.2000,2622.8000,1,2,1,1,1,2,16,1,1,1
SF,IH2006,2020-04-02 09:31:25.900,2620.0000,17968,-1,225923280.000,1,0,1,双平,S,2620.0000,2619.2000,2617.0000,2616.0000,2615.8000,2620.4000,2620.6000,2621.4000,2622.0000,2622.2000,1,1,1,1,2,2,1,16,1,1
SF,IH2006,2020-04-02 09:31:26.400,2620.4000,17964,-4,229067760.000,4,0,4,双平,S,2620.0000,2619.2000,2617.0000,2616.0000,2615.8000,2621.2000,2621.4000,2622.0000,2623.0000,2625.0000,1,1,1,1,2,5,16,1,3,1
SF,IH2006,2020-04-02 09:31:26.900,2620.4000,17964,0,229067760.000,0,-,-,-,-,2620.0000,2619.2000,2617.0000,2616.0000,2615.8000,2621.0000,2621.4000,2623.0000,2623.8000,2625.0000,1,1,1,1,2,1,16,3,1,1
SF,IH2006,2020-04-02 09:31:27.400,2620.4000,17964,0,229067760.000,0,-,-,-,-,2620.0000,2619.2000,2617.0000,2616.0000,2615.8000,2621.0000,2621.4000,2622.0000,2623.0000,2623.8000,1,1,1,1,2,1,16,5,3,1
SF,IH2006,2020-04-02 09:31:27.900,2620.4000,17964,0,229067760.000,0,-,-,-,-,2620.2000,2620.0000,2619.2000,2617.0000,2616.0000,2621.0000,2621.4000,2623.0000,2623.8000,2625.0000,1,1,1,1,1,1,6,3,1,1
SF,IH2006,2020-04-02 09:31:28.400,2621.0000,17963,-1,229854060.000,1,0,1,双平,S,2621.0000,2620.4000,2620.2000,2620.0000,2619.2000,2621.4000,2622.8000,2623.0000,2623.8000,2625.0000,1,1,1,1,1,5,1,3,1,1
SF,IH2006,2020-04-02 09:31:28.900,2621.4000,17962,-1,230640480.000,1,0,1,双平,S,2620.4000,2620.2000,2620.0000,2619.2000,2617.0000,2621.4000,2622.8000,2623.0000,2623.8000,2625.0000,1,1,1,1,1,4,1,3,1,1
SF,IH2006,2020-04-02 09:31:29.400,2621.4000,17962,0,230640480.000,0,-,-,-,-,2620.6000,2620.4000,2620.0000,2619.2000,2618.4000,2621.4000,2622.8000,2623.0000,2623.8000,2625.0000,1,1,1,1,1,4,1,3,1,1
SF,IH2006,2020-04-02 09:31:30.400,2621.4000,17962,0,230640480.000,0,-,-,-,-,2620.6000,2620.4000,2620.0000,2619.2000,2618.4000,2621.0000,2621.4000,2622.8000,2623.0000,2623.8000,1,1,1,1,1,1,4,1,3,1
SF,IH2006,2020-04-02 09:31:30.900,2621.0000,17962,0,231426780.000,1,0,1,多换,S,2621.0000,2620.8000,2620.4000,2620.0000,2619.2000,2621.4000,2622.8000,2623.0000,2623.8000,2625.0000,2,1,1,1,1,4,1,3,1,1
SF,IH2006,2020-04-02 09:31:31.400,2621.4000,17958,-4,234572460.000,4,0,4,双平,S,2621.4000,2621.0000,2620.8000,2620.4000,2620.0000,2622.8000,2623.0000,2623.8000,2625.0000,2625.6000,1,2,1,1,1,1,3,1,1,1
SF,IH2006,2020-04-02 09:31:31.900,2621.4000,17958,0,234572460.000,0,-,-,-,-,2621.6000,2621.4000,2621.0000,2620.8000,2620.4000,2622.4000,2622.6000,2622.8000,2623.0000,2623.8000,1,1,2,1,1,1,3,2,8,1
SF,IH2006,2020-04-02 09:31:32.400,2622.4000,17957,-1,235359180.000,1,0,1,双平,S,2621.6000,2621.4000,2621.0000,2620.8000,2620.4000,2622.6000,2622.8000,2623.8000,2625.0000,2625.6000,1,1,2,1,1,1,2,1,1,1
SF,IH2006,2020-04-02 09:31:32.900,2622.4000,17957,0,235359180.000,0,-,-,-,-,2621.8000,2621.6000,2621.4000,2621.0000,2620.8000,2622.8000,2623.2000,2623.8000,2625.0000,2625.6000,1,1,1,2,1,1,8,1,1,1
SF,IH2006,2020-04-02 09:31:33.400,2622.4000,17957,0,235359180.000,0,-,-,-,-,2622.0000,2621.8000,2621.6000,2621.4000,2621.0000,2622.8000,2623.2000,2623.8000,2625.0000,2625.6000,1,1,1,1,2,1,8,1,1,1
SF,IH2006,2020-04-02 09:31:33.900,2622.4000,17957,0,235359180.000,0,-,-,-,-,2622.0000,2621.8000,2621.6000,2621.4000,2621.0000,2622.8000,2623.2000,2623.8000,2625.0000,2625.6000,1,1,1,1,2,1,8,1,1,1
SF,IH2006,2020-04-02 09:31:34.400,2622.8000,17956,-1,236146020.000,1,0,1,双平,S,2622.0000,2621.8000,2621.6000,2621.4000,2621.0000,2623.2000,2623.8000,2625.0000,2625.6000,2628.0000,1,1,1,1,2,8,1,1,1,1
SF,IH2006,2020-04-02 09:31:34.900,2622.8000,17956,0,236146020.000,0,-,-,-,-,2622.8000,2622.2000,2622.0000,2621.6000,2621.4000,2623.8000,2625.0000,2625.6000,2628.0000,2629.0000,1,2,1,1,1,1,1,1,2,1
SF,IH2006,2020-04-02 09:31:35.400,2622.8000,17956,0,236146020.000,0,-,-,-,-,2622.8000,2622.2000,2622.0000,2621.6000,2621.4000,2623.6000,2623.8000,2624.6000,2625.0000,2625.6000,1,2,1,1,1,1,3,8,1,1
SF,IH2006,2020-04-02 09:31:35.900,2623.8000,17955,-1,237720000.000,2,0,2,多平,S,2622.8000,2622.2000,2622.0000,2621.6000,2621.4000,2625.0000,2625.6000,2628.0000,2629.0000,2629.2000,1,1,1,1,1,1,1,2,1,1
SF,IH2006,2020-04-02 09:31:36.400,2623.8000,17955,0,237720000.000,0,-,-,-,-,2623.0000,2622.8000,2622.2000,2622.0000,2621.6000,2624.2000,2624.4000,2624.8000,2625.0000,2625.6000,6,1,1,1,1,2,2,5,5,1
SF,IH2006,2020-04-02 09:31:36.900,2623.8000,17955,0,237720000.000,0,-,-,-,-,2624.2000,2623.2000,2623.0000,2622.8000,2622.2000,2624.8000,2625.0000,2625.6000,2628.0000,2629.0000,1,1,1,1,1,4,3,1,2,1
SF,IH2006,2020-04-02 09:31:37.400,2624.2000,17954,-1,238507260.000,1,0,1,双平,S,2623.2000,2623.0000,2622.8000,2622.2000,2622.0000,2624.8000,2625.0000,2625.6000,2628.0000,2629.0000,1,1,1,1,1,1,1,1,2,1
SF,IH2006,2020-04-02 09:31:37.900,2624.2000,17954,0,238507260.000,0,-,-,-,-,2623.6000,2623.4000,2623.2000,2622.8000,2622.2000,2625.0000,2625.2000,2625.6000,2628.0000,2629.0000,1,5,1,1,1,1,8,1,2,1
SF,IH2006,2020-04-02 09:31:38.400,2624.2000,17954,0,238507260.000,0,-,-,-,-,2623.8000,2623.6000,2623.4000,2623.2000,2622.8000,2624.2000,2624.4000,2624.6000,2624.8000,2625.0000,1,1,5,1,1,2,2,5,5,5
SF,IH2006,2020-04-02 09:31:38.900,2624.6000,17948,-6,244017780.000,7,0,7,多平,S,2623.4000,2623.2000,2622.8000,2622.2000,2622.0000,2624.8000,2625.0000,2625.6000,2628.0000,2629.0000,5,1,1,1,1,5,5,1,2,1
SF,IH2006,2020-04-02 09:31:39.400,2624.6000,17948,0,244017780.000,0,-,-,-,-,2623.4000,2623.2000,2622.8000,2622.2000,2622.0000,2624.4000,2624.8000,2625.0000,2625.6000,2628.0000,1,1,1,1,1,1,5,13,1,2
SF,IH2006,2020-04-02 09:31:39.900,2623.6000,17947,-1,244804860.000,1,0,1,双平,S,2623.4000,2623.2000,2622.8000,2622.2000,2622.0000,2624.8000,2625.0000,2625.2000,2625.6000,2628.0000,1,1,1,1,1,4,3,8,1,2
SF,IH2006,2020-04-02 09:31:40.400,2623.6000,17947,0,244804860.000,0,-,-,-,-,2623.4000,2623.2000,2622.8000,2622.2000,2622.0000,2624.8000,2625.0000,2625.2000,2625.6000,2628.0000,1,1,1,1,1,4,4,8,1,2
SF,IH2006,2020-04-02 09:31:40.900,2623.6000,17947,0,244804860.000,0,-,-,-,-,2623.4000,2623.2000,2622.8000,2622.2000,2622.0000,2624.8000,2625.0000,2625.2000,2625.6000,2628.0000,1,1,1,1,1,4,3,8,1,2
SF,IH2006,2020-04-02 09:31:41.400,2624.8000,17946,-1,246379740.000,2,0,2,多平,S,2623.4000,2623.2000,2622.8000,2622.2000,2622.0000,2624.4000,2625.0000,2625.6000,2628.0000,2629.0000,1,1,1,1,1,1,1,1,2,1
SF,IH2006,2020-04-02 09:31:41.900,2624.4000,17945,-1,247167060.000,1,0,1,双平,S,2624.6000,2623.4000,2623.2000,2622.8000,2622.2000,2625.0000,2625.6000,2625.8000,2628.0000,2629.0000,2,1,1,1,1,1,1,8,2,1
SF,IH2006,2020-04-02 09:31:42.400,2624.6000,17943,-2,248741460.000,2,0,2,双平,S,2623.2000,2622.8000,2622.2000,2622.0000,2621.6000,2625.0000,2625.6000,2626.2000,2626.8000,2628.0000,2,2,1,1,1,1,1,8,1,2
SF,IH2006,2020-04-02 09:31:42.900,2624.6000,17943,0,248741460.000,0,-,-,-,-,2623.4000,2623.2000,2622.8000,2622.2000,2622.0000,2624.8000,2625.6000,2626.2000,2626.8000,2628.0000,6,2,2,1,2,1,1,8,1,2
SF,IH2006,2020-04-02 09:31:43.400,2624.6000,17943,0,248741460.000,0,-,-,-,-,2624.8000,2623.4000,2623.2000,2622.8000,2622.2000,2625.6000,2626.8000,2628.0000,2629.0000,2629.2000,1,6,2,2,1,1,1,2,1,1
SF,IH2006,2020-04-02 09:31:43.900,2624.6000,17943,0,248741460.000,0,-,-,-,-,2624.8000,2623.4000,2623.2000,2622.8000,2622.2000,2625.0000,2625.6000,2626.4000,2626.8000,2628.0000,1,6,2,2,1,1,1,8,1,2
SF,IH2006,2020-04-02 09:31:44.400,2624.8000,17942,-1,250316400.000,2,0,2,多平,S,2624.4000,2623.4000,2623.2000,2622.8000,2622.2000,2625.6000,2626.4000,2626.8000,2628.0000,2629.0000,1,6,2,2,2,1,8,1,2,1
SF,IH2006,2020-04-02 09:31:44.900,2624.8000,17942,0,250316400.000,0,-,-,-,-,2624.6000,2624.4000,2623.4000,2623.2000,2622.8000,2625.4000,2625.6000,2626.2000,2626.8000,2628.0000,1,1,5,2,2,1,1,8,1,2
SF,IH2006,2020-04-02 09:31:45.400,2624.8000,17942,0,250316400.000,0,-,-,-,-,2624.4000,2623.4000,2623.2000,2622.8000,2622.0000,2625.4000,2625.6000,2626.2000,2626.8000,2628.0000,1,5,2,2,1,1,1,8,1,2
SF,IH2006,2020-04-02 09:31:46.400,2625.4000,17942,0,251104020.000,1,0,1,多换,S,2624.4000,2623.4000,2623.2000,2622.8000,2622.0000,2625.4000,2625.6000,2626.8000,2628.0000,2629.0000,1,5,2,2,1,1,1,1,2,1
SF,IH2006,2020-04-02 09:31:46.900,2625.6000,17940,-2,252679320.000,2,0,2,双平,S,2625.8000,2624.6000,2624.4000,2623.4000,2623.2000,2626.8000,2628.0000,2629.0000,2629.2000,2629.6000,2,1,1,5,2,1,2,1,1,6
SF,IH2006,2020-04-02 09:31:47.400,2626.0000,17938,-2,254254860.000,2,0,2,双平,S,2624.6000,2624.4000,2623.4000,2623.2000,2622.8000,2626.2000,2626.6000,2626.8000,2627.4000,2628.0000,1,1,5,1,2,2,2,1,8,2
SF,IH2006,2020-04-02 09:31:47.900,2626.0000,17938,0,254254860.000,0,-,-,-,-,2624.8000,2624.6000,2624.4000,2623.4000,2623.2000,2626.8000,2627.4000,2628.0000,2629.0000,2629.2000,2,1,3,5,1,1,8,2,1,1
SF,IH2006,2020-04-02 09:31:48.400,2626.8000,17936,-2,255830880.000,2,0,2,双平,S,2625.0000,2624.8000,2624.4000,2623.2000,2622.8000,2627.4000,2628.0000,2629.0000,2629.2000,2629.6000,6,2,3,1,2,8,2,1,1,1
SF,IH2006,2020-04-02 09:31:48.900,2626.8000,17936,0,255830880.000,0,-,-,-,-,2625.2000,2625.0000,2624.8000,2624.4000,2624.0000,2626.6000,2627.0000,2627.2000,2627.4000,2628.0000,1,6,2,2,2,1,1,7,3,2
SF,IH2006,2020-04-02 09:31:49.400,2625.4000,17935,-1,256618500.000,1,0,1,双平,S,2625.4000,2625.0000,2624.4000,2624.0000,2623.2000,2626.4000,2627.0000,2627.4000,2628.0000,2629.0000,1,5,2,2,1,1,1,8,2,1
SF,IH2006,2020-04-02 09:31:49.900,2625.4000,17935,0,256618500.000,0,-,-,-,-,2625.4000,2625.0000,2624.4000,2624.0000,2623.2000,2627.0000,2627.4000,2628.0000,2628.4000,2629.0000,1,5,2,2,1,1,8,2,1,1
SF,IH2006,2020-04-02 09:31:50.400,2625.4000,17935,0,256618500.000,0,-,-,-,-,2625.4000,2625.0000,2624.4000,2624.0000,2623.2000,2626.8000,2627.4000,2628.0000,2628.4000,2629.0000,1,5,2,2,1,1,8,2,1,1
SF,IH2006,2020-04-02 09:31:50.900,2625.4000,17935,0,256618500.000,0,-,-,-,-,2625.6000,2625.4000,2625.0000,2624.4000,2624.0000,2626.8000,2627.4000,2628.0000,2628.4000,2629.0000,1,1,5,2,2,1,8,2,1,1
SF,IH2006,2020-04-02 09:31:51.400,2625.4000,17935,0,256618500.000,0,-,-,-,-,2625.8000,2625.6000,2625.0000,2624.4000,2624.0000,2626.8000,2627.4000,2628.0000,2628.4000,2629.0000,1,1,5,2,2,1,8,2,1,1
SF,IH2006,2020-04-02 09:31:51.900,2625.4000,17935,0,256618500.000,0,-,-,-,-,2625.8000,2625.6000,2625.0000,2624.4000,2624.0000,2626.6000,2626.8000,2627.4000,2628.0000,2628.4000,1,1,5,2,2,3,1,8,2,1
SF,IH2006,2020-04-02 09:31:52.400,2625.4000,17935,0,256618500.000,0,-,-,-,-,2625.0000,2624.4000,2624.0000,2623.2000,2622.8000,2626.6000,2626.8000,2627.4000,2628.0000,2628.4000,5,2,2,1,2,3,1,8,2,1
SF,IH2006,2020-04-02 09:31:52.900,2625.4000,17935,0,256618500.000,0,-,-,-,-,2625.2000,2625.0000,2624.4000,2624.0000,2623.2000,2626.4000,2626.6000,2627.4000,2628.0000,2628.4000,1,1,2,2,1,1,3,8,2,1
SF,IH2006,2020-04-02 09:31:53.400,2625.4000,17935,0,256618500.000,0,-,-,-,-,2625.2000,2625.0000,2624.4000,2624.0000,2623.2000,2626.4000,2626.6000,2627.4000,2628.0000,2628.4000,1,1,2,2,1,1,1,8,2,1
SF,IH2006,2020-04-02 09:31:53.900,2626.4000,17935,0,257406420.000,1,0,1,多换,S,2625.2000,2625.0000,2624.4000,2624.0000,2623.2000,2626.6000,2627.4000,2628.0000,2628.4000,2629.0000,1,1,2,2,1,1,8,2,1,1
SF,IH2006,2020-04-02 09:31:54.400,2625.0000,17933,-2,258981480.000,2,0,2,双平,S,2624.4000,2624.0000,2623.2000,2622.8000,2622.0000,2626.4000,2626.6000,2627.4000,2628.0000,2628.4000,2,2,1,2,1,1,1,8,2,1
SF,IH2006,2020-04-02 09:31:54.900,2625.0000,17933,0,258981480.000,0,-,-,-,-,2624.6000,2624.4000,2624.0000,2623.2000,2622.8000,2626.2000,2626.4000,2626.6000,2627.4000,2628.0000,1,1,2,1,2,1,4,1,8,2
SF,IH2006,2020-04-02 09:31:55.400,2625.0000,17933,0,258981480.000,0,-,-,-,-,2624.6000,2624.4000,2624.0000,2623.2000,2622.8000,2625.2000,2626.0000,2626.2000,2626.4000,2626.6000,1,1,1,1,2,1,1,1,3,1
SF,IH2006,2020-04-02 09:31:55.900,2625.2000,17933,0,259769040.000,1,0,1,多换,S,2624.4000,2624.0000,2623.2000,2622.8000,2622.0000,2626.0000,2626.2000,2626.4000,2626.6000,2627.4000,1,1,1,2,1,1,1,1,1,8
SF,IH2006,2020-04-02 09:31:56.400,2625.2000,17933,0,259769040.000,0,-,-,-,-,2624.4000,2624.0000,2623.2000,2622.8000,2622.0000,2624.6000,2626.0000,2626.2000,2626.4000,2626.6000,1,1,1,2,1,1,1,1,1,1
SF,IH2006,2020-04-02 09:31:56.900,2624.4000,17932,-1,261343740.000,2,0,2,多平,S,2624.0000,2623.2000,2622.8000,2622.0000,2621.6000,2625.6000,2625.8000,2626.0000,2626.2000,2626.4000,1,1,2,1,1,1,1,1,1,1
SF,IH2006,2020-04-02 09:31:57.400,2624.4000,17932,0,261343740.000,0,-,-,-,-,2624.2000,2624.0000,2623.2000,2622.8000,2622.0000,2625.4000,2625.8000,2626.2000,2626.4000,2626.6000,1,1,1,2,1,1,1,1,1,1
SF,IH2006,2020-04-02 09:31:57.900,2624.4000,17932,0,261343740.000,0,-,-,-,-,2624.2000,2624.0000,2623.2000,2622.8000,2622.0000,2625.4000,2625.8000,2626.2000,2626.4000,2626.6000,1,1,1,2,1,1,1,1,1,1
SF,IH2006,2020-04-02 09:31:58.400,2624.4000,17932,0,261343740.000,0,-,-,-,-,2624.2000,2624.0000,2623.2000,2622.8000,2622.0000,2625.4000,2626.2000,2626.4000,2626.6000,2627.0000,1,1,1,2,1,1,1,1,1,2
SF,IH2006,2020-04-02 09:31:58.900,2625.4000,17931,-1,262131360.000,1,0,1,双平,S,2624.2000,2624.0000,2623.2000,2622.8000,2622.0000,2626.2000,2626.4000,2626.6000,2627.0000,2627.4000,1,1,1,2,1,1,1,1,2,8
SF,IH2006,2020-04-02 09:31:59.400,2625.4000,17931,0,262131360.000,0,-,-,-,-,2624.2000,2624.0000,2623.2000,2622.8000,2622.0000,2626.0000,2626.2000,2626.6000,2627.0000,2627.4000,1,1,1,2,1,1,1,1,2,8
SF,IH2006,2020-04-02 09:31:59.900,2625.4000,17931,0,262131360.000,0,-,-,-,-,2624.2000,2624.0000,2623.2000,2622.8000,2622.0000,2625.8000,2626.0000,2626.6000,2627.0000,2627.4000,1,1,1,2,1,1,1,1,2,8
SF,IH2006,2020-04-02 09:32:00.400,2625.4000,17931,0,262131360.000,0,-,-,-,-,2624.4000,2624.2000,2624.0000,2623.2000,2622.8000,2625.6000,2625.8000,2626.6000,2627.0000,2627.4000,1,1,1,1,2,3,2,1,2,8
SF,IH2006,2020-04-02 09:32:00.900,2625.4000,17930,-1,263706600.000,2,0,2,多平,S,2624.2000,2624.0000,2623.2000,2622.8000,2622.0000,2625.4000,2625.6000,2625.8000,2626.6000,2627.0000,1,1,1,2,1,1,3,2,1,2
SF,IH2006,2020-04-02 09:32:01.400,2625.4000,17930,0,263706600.000,0,-,-,-,-,2624.2000,2624.0000,2623.2000,2623.0000,2622.8000,2624.8000,2625.0000,2625.2000,2625.4000,2625.6000,1,1,1,1,2,1,2,2,1,2
SF,IH2006,2020-04-02 09:32:01.900,2624.0000,17929,-1,265281060.000,2,0,2,多平,S,2623.2000,2623.0000,2622.8000,2622.0000,2621.6000,2624.0000,2624.2000,2624.8000,2625.0000,2625.2000,1,1,2,1,1,1,2,2,3,2
SF,IH2006,2020-04-02 09:32:02.400,2624.0000,17929,0,265281060.000,0,-,-,-,-,2623.4000,2623.2000,2623.0000,2622.8000,2622.0000,2623.8000,2624.0000,2624.2000,2624.8000,2625.0000,1,1,1,2,1,1,1,2,2,3
SF,IH2006,2020-04-02 09:32:02.900,2624.0000,17929,0,265281060.000,0,-,-,-,-,2623.2000,2623.0000,2622.8000,2622.0000,2621.6000,2623.4000,2623.8000,2624.0000,2624.2000,2624.8000,1,1,2,1,1,1,1,1,2,2
SF,IH2006,2020-04-02 09:32:03.400,2623.2000,17928,-1,266068020.000,1,0,1,双平,S,2623.0000,2622.8000,2622.0000,2621.6000,2621.0000,2623.2000,2623.4000,2624.0000,2624.2000,2624.4000,1,2,1,1,1,1,2,1,2,8
SF,IH2006,2020-04-02 09:32:03.900,2623.2000,17926,-2,268428840.000,3,0,3,多平,S,2623.0000,2622.8000,2622.0000,2621.6000,2621.0000,2624.0000,2624.2000,2624.8000,2625.0000,2625.2000,1,2,1,1,1,1,2,2,3,1
SF,IH2006,2020-04-02 09:32:04.400,2623.2000,17926,0,268428840.000,0,-,-,-,-,2623.0000,2622.8000,2622.0000,2621.6000,2621.0000,2623.8000,2624.0000,2624.2000,2624.6000,2624.8000,1,2,1,1,1,1,1,2,9,2
SF,IH2006,2020-04-02 09:32:04.900,2623.2000,17926,0,268428840.000,0,-,-,-,-,2623.0000,2622.8000,2622.0000,2621.6000,2621.0000,2623.8000,2624.0000,2624.2000,2624.6000,2624.8000,1,2,1,1,2,1,1,2,9,2
SF,IH2006,2020-04-02 09:32:05.400,2623.2000,17926,0,268428840.000,0,-,-,-,-,2623.0000,2622.8000,2622.0000,2621.6000,2621.0000,2623.8000,2624.0000,2624.2000,2624.6000,2624.8000,1,2,1,1,2,1,1,2,4,2
SF,IH2006,2020-04-02 09:32:05.900,2623.2000,17926,0,268428840.000,0,-,-,-,-,2623.0000,2622.8000,2622.0000,2621.6000,2621.0000,2623.8000,2624.0000,2624.2000,2624.6000,2624.8000,1,2,1,1,2,1,1,2,1,2
SF,IH2006,2020-04-02 09:32:06.400,2623.8000,17925,-1,269215980.000,1,0,1,双平,S,2624.0000,2623.0000,2622.8000,2622.0000,2621.6000,2624.2000,2624.6000,2624.8000,2625.0000,2625.4000,1,1,2,1,1,1,1,2,3,2
SF,IH2006,2020-04-02 09:32:06.900,2624.6000,17922,-3,271577820.000,3,0,3,双平,S,2624.2000,2623.0000,2622.8000,2622.0000,2621.6000,2624.8000,2625.0000,2625.4000,2625.8000,2626.0000,1,1,2,1,1,2,3,2,2,1
SF,IH2006,2020-04-02 09:32:07.400,2624.8000,17918,-4,275514840.000,5,0,5,多平,S,2624.8000,2624.4000,2624.2000,2623.0000,2622.8000,2625.4000,2625.8000,2626.0000,2626.6000,2627.0000,1,1,1,1,2,2,2,1,1,2
SF,IH2006,2020-04-02 09:32:07.900,2624.8000,17918,0,275514840.000,0,-,-,-,-,2624.8000,2624.4000,2623.2000,2623.0000,2622.8000,2625.4000,2625.8000,2626.0000,2626.2000,2626.6000,1,1,1,1,2,2,1,1,5,1
SF,IH2006,2020-04-02 09:32:08.400,2624.8000,17918,0,275514840.000,0,-,-,-,-,2625.0000,2624.8000,2623.2000,2623.0000,2622.8000,2625.2000,2625.4000,2626.0000,2626.2000,2626.6000,1,1,1,1,2,1,2,1,5,1
SF,IH2006,2020-04-02 09:32:08.900,2624.8000,17916,-2,277089780.000,2,0,2,双平,S,2623.2000,2623.0000,2622.8000,2622.0000,2621.6000,2625.2000,2625.4000,2626.0000,2626.6000,2627.0000,1,1,2,1,1,1,1,6,1,2
SF,IH2006,2020-04-02 09:32:09.400,2625.0000,17915,-1,277877280.000,1,0,1,双平,S,2623.4000,2623.2000,2623.0000,2622.8000,2622.0000,2625.4000,2626.0000,2626.6000,2627.0000,2628.0000,7,1,1,2,1,1,9,1,2,2
SF,IH2006,2020-04-02 09:32:09.900,2625.4000,17914,-1,279452460.000,2,0,2,多平,S,2623.6000,2623.4000,2623.2000,2623.0000,2622.8000,2626.0000,2626.4000,2626.6000,2627.0000,2628.0000,1,6,1,1,2,1,5,1,2,2
SF,IH2006,2020-04-02 09:32:10.400,2625.4000,17914,0,279452460.000,0,-,-,-,-,2624.4000,2623.8000,2623.2000,2623.0000,2622.8000,2625.8000,2626.0000,2626.6000,2626.8000,2627.0000,1,8,1,1,2,2,1,1,9,2
SF,IH2006,2020-04-02 09:32:10.900,2625.4000,17914,0,279452460.000,0,-,-,-,-,2624.6000,2624.4000,2623.8000,2623.2000,2623.0000,2626.0000,2626.6000,2626.8000,2627.0000,2628.0000,2,1,5,1,1,1,1,9,2,2
SF,IH2006,2020-04-02 09:32:11.900,2625.4000,17914,0,279452460.000,0,-,-,-,-,2624.8000,2624.6000,2624.4000,2623.8000,2623.2000,2626.0000,2626.6000,2626.8000,2627.0000,2627.2000,1,1,1,5,1,1,1,1,2,8
SF,IH2006,2020-04-02 09:32:12.400,2625.4000,17914,0,279452460.000,0,-,-,-,-,2625.0000,2624.0000,2623.8000,2623.2000,2623.0000,2626.0000,2626.6000,2626.8000,2627.0000,2627.2000,2,1,5,1,1,1,1,1,2,8
SF,IH2006,2020-04-02 09:32:12.900,2626.0000,17914,0,280240260.000,1,0,1,多换,S,2625.0000,2624.8000,2624.0000,2623.8000,2623.2000,2626.8000,2627.0000,2627.4000,2628.0000,2628.4000,1,2,1,5,1,1,2,8,2,1
SF,IH2006,2020-04-02 09:32:13.400,2626.0000,17914,0,280240260.000,0,-,-,-,-,2625.2000,2625.0000,2624.0000,2623.8000,2623.2000,2626.8000,2627.0000,2627.4000,2628.0000,2628.4000,2,1,1,4,1,1,2,8,2,1
SF,IH2006,2020-04-02 09:32:13.900,2626.0000,17914,0,280240260.000,0,-,-,-,-,2625.4000,2625.2000,2624.0000,2623.8000,2623.2000,2626.8000,2627.0000,2627.4000,2628.0000,2628.4000,2,1,1,4,1,1,2,8,2,1
SF,IH2006,2020-04-02 09:32:14.400,2625.4000,17913,-1,281027880.000,1,0,1,双平,S,2625.4000,2625.2000,2624.0000,2623.8000,2623.2000,2626.6000,2626.8000,2627.0000,2627.4000,2628.0000,1,1,1,4,1,1,1,2,8,2
SF,IH2006,2020-04-02 09:32:14.900,2625.4000,17913,0,281027880.000,0,-,-,-,-,2625.6000,2625.2000,2624.0000,2623.8000,2623.2000,2626.6000,2626.8000,2627.0000,2628.0000,2628.4000,2,1,1,4,1,1,1,2,2,1
SF,IH2006,2020-04-02 09:32:15.400,2626.8000,17911,-2,282603900.000,2,0,2,双平,S,2625.6000,2625.2000,2624.0000,2623.8000,2623.2000,2627.0000,2628.0000,2628.4000,2628.8000,2629.0000,2,1,1,4,1,2,2,1,1,1
SF,IH2006,2020-04-02 09:32:15.900,2626.8000,17911,0,282603900.000,0,-,-,-,-,2625.8000,2625.6000,2625.2000,2624.0000,2623.8000,2627.0000,2628.0000,2628.4000,2628.8000,2629.0000,1,1,1,1,4,2,2,1,1,1
SF,IH2006,2020-04-02 09:32:16.400,2627.0000,17911,0,284180100.000,2,1,1,多换,S,2626.6000,2626.0000,2625.2000,2624.0000,2623.2000,2628.0000,2628.2000,2628.4000,2628.8000,2629.0000,1,6,1,1,1,2,5,1,1,1
SF,IH2006,2020-04-02 09:32:16.900,2627.0000,17911,0,284180100.000,0,-,-,-,-,2626.8000,2626.0000,2625.2000,2624.0000,2623.2000,2627.8000,2628.0000,2628.4000,2628.8000,2629.0000,1,4,1,1,1,1,5,6,1,1
SF,IH2006,2020-04-02 09:32:17.400,2626.8000,17909,-2,285756180.000,2,0,2,双平,S,2626.0000,2625.2000,2624.0000,2623.2000,2623.0000,2627.8000,2628.0000,2628.2000,2628.4000,2628.8000,4,1,1,1,1,1,2,3,6,1
SF,IH2006,2020-04-02 09:32:17.900,2626.8000,17909,0,285756180.000,0,-,-,-,-,2626.2000,2624.0000,2623.2000,2623.0000,2622.8000,2627.8000,2628.0000,2628.2000,2628.4000,2628.8000,2,1,1,1,2,1,2,3,6,1
SF,IH2006,2020-04-02 09:32:18.400,2626.8000,17909,0,285756180.000,0,-,-,-,-,2626.4000,2626.2000,2624.0000,2623.2000,2623.0000,2627.8000,2628.0000,2628.2000,2628.4000,2628.8000,1,2,1,1,1,1,2,3,6,1
SF,IH2006,2020-04-02 09:32:18.900,2626.8000,17909,0,285756180.000,0,-,-,-,-,2626.6000,2626.2000,2624.0000,2623.2000,2623.0000,2627.8000,2628.0000,2628.2000,2628.4000,2628.8000,1,1,1,1,1,1,2,3,6,1
SF,IH2006,2020-04-02 09:32:19.400,2627.8000,17908,-1,286544520.000,1,0,1,双平,S,2626.8000,2626.6000,2626.2000,2624.0000,2623.2000,2628.0000,2628.4000,2628.8000,2629.0000,2629.2000,1,1,1,1,1,2,1,9,1,1
SF,IH2006,2020-04-02 09:32:19.900,2627.8000,17908,0,286544520.000,0,-,-,-,-,2627.0000,2626.2000,2624.0000,2623.2000,2623.0000,2628.0000,2628.4000,2628.8000,2629.0000,2629.2000,2,1,1,1,1,2,1,9,1,1
SF,IH2006,2020-04-02 09:32:20.400,2627.0000,17907,-1,287332620.000,1,0,1,双平,S,2627.0000,2626.2000,2624.0000,2623.0000,2622.8000,2628.0000,2628.4000,2628.8000,2629.0000,2629.2000,1,1,1,1,2,3,1,9,1,1
SF,IH2006,2020-04-02 09:32:20.900,2627.0000,17907,0,287332620.000,0,-,-,-,-,2627.8000,2626.2000,2624.0000,2623.0000,2622.8000,2628.0000,2628.4000,2628.8000,2629.0000,2629.2000,1,1,1,1,2,3,1,9,1,1
SF,IH2006,2020-04-02 09:32:21.400,2627.8000,17907,0,288120960.000,1,0,1,多换,S,2626.2000,2624.0000,2623.0000,2622.8000,2621.0000,2627.8000,2628.0000,2628.4000,2628.8000,2629.0000,1,1,1,2,2,3,3,1,9,1
SF,IH2006,2020-04-02 09:32:21.900,2627.8000,17907,0,288120960.000,0,-,-,-,-,2626.4000,2626.2000,2624.0000,2623.0000,2622.8000,2627.8000,2628.0000,2628.4000,2628.8000,2629.0000,2,1,1,1,2,2,3,1,9,1
SF,IH2006,2020-04-02 09:32:22.400,2627.8000,17907,0,288120960.000,0,-,-,-,-,2626.6000,2626.4000,2626.2000,2624.0000,2623.0000,2627.8000,2628.0000,2628.4000,2628.8000,2629.0000,1,1,1,1,1,2,3,1,9,1
SF,IH2006,2020-04-02 09:32:22.900,2627.8000,17907,0,288120960.000,0,-,-,-,-,2626.8000,2626.2000,2624.0000,2623.0000,2622.8000,2627.8000,2628.0000,2628.4000,2628.8000,2629.0000,2,1,1,1,2,2,3,1,9,1
SF,IH2006,2020-04-02 09:32:23.400,2627.8000,17907,0,288120960.000,0,-,-,-,-,2627.2000,2626.8000,2626.2000,2625.0000,2624.0000,2627.8000,2628.0000,2628.4000,2628.8000,2629.0000,1,1,1,1,1,2,3,1,9,1
SF,IH2006,2020-04-02 09:32:23.900,2626.8000,17906,-1,288909000.000,1,0,1,双平,S,2626.2000,2625.0000,2624.0000,2623.0000,2622.8000,2627.8000,2628.0000,2628.4000,2628.8000,2629.0000,1,1,1,1,2,2,3,1,9,1
SF,IH2006,2020-04-02 09:32:24.400,2627.8000,17905,-1,290485620.000,2,0,2,多平,S,2626.4000,2626.2000,2625.0000,2624.0000,2623.0000,2627.8000,2628.0000,2628.4000,2628.8000,2629.0000,2,1,1,1,1,1,3,1,9,1
SF,IH2006,2020-04-02 09:32:24.900,2627.8000,17905,0,290485620.000,0,-,-,-,-,2626.6000,2626.4000,2626.2000,2625.0000,2624.0000,2627.8000,2628.0000,2628.4000,2628.6000,2628.8000,1,1,1,1,1,1,3,1,5,1
SF,IH2006,2020-04-02 09:32:25.400,2627.8000,17905,0,290485620.000,0,-,-,-,-,2626.6000,2626.2000,2625.0000,2624.0000,2623.0000,2627.6000,2627.8000,2628.0000,2628.4000,2628.8000,1,1,1,1,1,1,1,3,1,1
SF,IH2006,2020-04-02 09:32:26.400,2627.8000,17904,-1,291273960.000,1,0,1,双平,S,2627.8000,2626.6000,2626.2000,2625.0000,2624.0000,2628.0000,2628.4000,2628.8000,2629.0000,2629.2000,1,1,1,1,1,3,1,1,9,1
SF,IH2006,2020-04-02 09:32:26.900,2627.8000,17903,-1,292062300.000,1,0,1,双平,S,2626.8000,2626.6000,2626.2000,2625.0000,2624.0000,2627.4000,2627.8000,2628.0000,2628.4000,2628.8000,1,1,1,1,1,1,3,3,1,1
SF,IH2006,2020-04-02 09:32:27.400,2626.6000,17901,-2,293638320.000,2,0,2,双平,S,2625.0000,2624.0000,2623.0000,2622.8000,2621.0000,2627.8000,2628.0000,2628.4000,2628.8000,2629.0000,1,1,1,2,2,3,3,1,1,9
SF,IH2006,2020-04-02 09:32:27.900,2626.6000,17901,0,293638320.000,0,-,-,-,-,2625.2000,2625.0000,2624.8000,2624.0000,2623.0000,2627.6000,2627.8000,2628.0000,2628.4000,2628.8000,7,1,3,1,1,2,3,3,1,1
SF,IH2006,2020-04-02 09:32:28.400,2626.6000,17901,0,293638320.000,0,-,-,-,-,2625.4000,2625.2000,2625.0000,2624.8000,2624.0000,2627.6000,2627.8000,2628.0000,2628.4000,2628.8000,2,7,1,3,1,2,3,3,1,1
SF,IH2006,2020-04-02 09:32:28.900,2626.6000,17901,0,293638320.000,0,-,-,-,-,2626.4000,2625.6000,2625.4000,2625.0000,2624.8000,2627.6000,2627.8000,2628.0000,2628.4000,2628.8000,1,7,2,1,3,2,3,3,1,1
SF,IH2006,2020-04-02 09:32:29.400,2626.6000,17901,0,293638320.000,0,-,-,-,-,2626.6000,2625.6000,2625.4000,2625.0000,2624.8000,2627.6000,2627.8000,2628.0000,2628.4000,2628.8000,1,6,1,1,3,1,3,3,1,1
SF,IH2006,2020-04-02 09:32:29.900,2626.6000,17901,0,293638320.000,0,-,-,-,-,2626.6000,2625.6000,2625.4000,2625.0000,2624.8000,2627.8000,2628.0000,2628.4000,2628.8000,2629.0000,2,6,1,1,3,3,3,1,1,9
SF,IH2006,2020-04-02 09:32:30.400,2626.6000,17901,0,293638320.000,0,-,-,-,-,2626.6000,2625.6000,2625.4000,2625.0000,2624.8000,2627.6000,2627.8000,2628.0000,2628.4000,2628.8000,1,6,1,1,3,1,3,3,1,1
SF,IH2006,2020-04-02 09:32:30.900,2626.6000,17901,0,293638320.000,0,-,-,-,-,2626.8000,2626.6000,2625.6000,2625.4000,2625.0000,2627.6000,2627.8000,2628.0000,2628.4000,2628.8000,1,1,6,1,1,1,2,3,1,1
SF,IH2006,2020-04-02 09:32:31.400,2627.8000,17900,-1,294426660.000,1,0,1,双平,S,2626.8000,2625.6000,2625.4000,2625.0000,2624.8000,2628.0000,2628.4000,2628.8000,2629.0000,2629.2000,1,6,1,1,3,3,1,1,9,1
SF,IH2006,2020-04-02 09:32:31.900,2627.8000,17900,0,294426660.000,0,-,-,-,-,2627.0000,2626.8000,2625.6000,2625.4000,2625.0000,2627.8000,2628.0000,2628.4000,2628.8000,2629.0000,1,1,6,1,1,1,3,1,1,9
SF,IH2006,2020-04-02 09:32:32.400,2627.8000,17900,0,294426660.000,0,-,-,-,-,2627.0000,2626.8000,2625.6000,2625.4000,2625.0000,2627.8000,2628.0000,2628.4000,2628.8000,2629.0000,1,1,6,1,1,1,3,1,1,9
SF,IH2006,2020-04-02 09:32:32.900,2627.8000,17900,0,294426660.000,0,-,-,-,-,2627.0000,2626.8000,2625.6000,2625.4000,2625.0000,2628.0000,2628.4000,2628.8000,2629.0000,2629.2000,1,1,6,1,1,3,1,1,4,1
SF,IH2006,2020-04-02 09:32:33.400,2627.8000,17900,0,294426660.000,0,-,-,-,-,2627.0000,2626.8000,2625.6000,2625.4000,2625.0000,2628.0000,2628.4000,2628.6000,2628.8000,2629.0000,1,1,6,1,1,2,1,5,1,1
SF,IH2006,2020-04-02 09:32:33.900,2627.8000,17900,0,294426660.000,0,-,-,-,-,2627.2000,2627.0000,2625.6000,2625.4000,2625.0000,2628.0000,2628.4000,2628.6000,2628.8000,2629.0000,1,1,6,1,1,2,1,5,1,1
SF,IH2006,2020-04-02 09:32:34.400,2627.2000,17899,-1,295214820.000,1,0,1,双平,S,2625.6000,2625.4000,2625.0000,2624.8000,2623.0000,2628.0000,2628.4000,2628.6000,2628.8000,2629.0000,6,1,1,3,1,3,1,5,1,1
SF,IH2006,2020-04-02 09:32:34.900,2627.2000,17899,0,295214820.000,0,-,-,-,-,2625.8000,2625.6000,2625.0000,2624.8000,2623.0000,2627.8000,2628.0000,2628.4000,2628.6000,2628.8000,5,6,1,3,1,1,3,1,5,1
SF,IH2006,2020-04-02 09:32:35.400,2627.2000,17899,0,295214820.000,0,-,-,-,-,2626.0000,2625.8000,2625.6000,2625.0000,2624.8000,2627.8000,2628.0000,2628.4000,2628.6000,2628.8000,6,5,1,1,3,1,3,4,5,1
SF,IH2006,2020-04-02 09:32:35.900,2627.2000,17899,0,295214820.000,0,-,-,-,-,2626.2000,2626.0000,2625.8000,2625.6000,2625.0000,2627.8000,2628.0000,2628.4000,2628.6000,2628.8000,2,5,3,1,1,2,3,4,5,1
SF,IH2006,2020-04-02 09:32:36.400,2627.2000,17899,0,295214820.000,0,-,-,-,-,2626.4000,2626.2000,2625.8000,2625.6000,2625.0000,2627.8000,2628.0000,2628.4000,2628.6000,2628.8000,5,1,3,1,1,2,3,4,5,1
SF,IH2006,2020-04-02 09:32:36.900,2627.2000,17899,0,295214820.000,0,-,-,-,-,2626.6000,2626.4000,2625.8000,2625.6000,2625.0000,2627.8000,2628.0000,2628.4000,2628.6000,2628.8000,2,3,1,1,1,2,3,4,5,1
SF,IH2006,2020-04-02 09:32:37.400,2627.2000,17899,0,295214820.000,0,-,-,-,-,2626.6000,2626.4000,2625.8000,2625.6000,2625.0000,2627.8000,2628.0000,2628.4000,2628.6000,2628.8000,1,3,1,1,1,2,3,4,5,1
SF,IH2006,2020-04-02 09:32:37.900,2626.8000,17898,-1,296002860.000,1,0,1,双平,S,2626.6000,2626.4000,2625.8000,2625.6000,2625.0000,2627.8000,2628.0000,2628.4000,2628.6000,2628.8000,1,3,1,1,1,2,2,4,5,1
SF,IH2006,2020-04-02 09:32:38.400,2626.8000,17898,0,296002860.000,0,-,-,-,-,2626.4000,2625.0000,2624.8000,2623.0000,2622.8000,2627.6000,2627.8000,2628.0000,2628.4000,2628.6000,3,1,3,1,2,2,3,3,4,5
SF,IH2006,2020-04-02 09:32:38.900,2626.8000,17898,0,296002860.000,0,-,-,-,-,2625.0000,2624.8000,2623.0000,2622.8000,2621.0000,2627.4000,2627.8000,2628.0000,2628.4000,2628.6000,1,3,1,2,2,1,2,2,4,5
SF,IH2006,2020-04-02 09:32:39.400,2626.8000,17898,0,296002860.000,0,-,-,-,-,2626.2000,2625.2000,2625.0000,2624.8000,2623.0000,2627.2000,2627.4000,2627.8000,2628.0000,2628.4000,1,8,1,3,1,1,1,2,2,4
SF,IH2006,2020-04-02 09:32:39.900,2626.8000,17898,0,296002860.000,0,-,-,-,-,2625.2000,2625.0000,2624.8000,2623.0000,2622.8000,2626.2000,2626.6000,2627.0000,2627.8000,2628.0000,5,1,3,1,2,1,2,2,2,2
SF,IH2006,2020-04-02 09:32:40.400,2626.6000,17897,-1,297578700.000,2,0,2,多平,S,2625.2000,2625.0000,2624.8000,2623.0000,2622.8000,2626.6000,2627.0000,2627.8000,2628.0000,2628.4000,5,1,3,1,2,1,1,2,2,4
SF,IH2006,2020-04-02 09:32:40.900,2626.6000,17897,0,297578700.000,0,-,-,-,-,2625.2000,2625.0000,2624.8000,2623.0000,2622.8000,2626.4000,2626.6000,2627.8000,2628.0000,2628.4000,5,1,3,1,2,1,1,2,2,4
SF,IH2006,2020-04-02 09:32:41.400,2626.6000,17895,-2,299154600.000,2,0,2,双平,S,2626.4000,2626.0000,2625.2000,2625.0000,2624.8000,2627.8000,2628.0000,2628.4000,2628.6000,2628.8000,1,1,5,1,3,2,2,4,5,1
SF,IH2006,2020-04-02 09:32:41.900,2626.6000,17895,0,299154600.000,0,-,-,-,-,2626.4000,2625.2000,2625.0000,2624.8000,2623.0000,2627.6000,2627.8000,2628.0000,2628.4000,2628.6000,1,5,1,3,1,1,2,2,4,5
SF,IH2006,2020-04-02 09:32:42.400,2626.4000,17894,-1,299942520.000,1,0,1,双平,S,2625.2000,2625.0000,2624.8000,2623.0000,2622.8000,2627.6000,2627.8000,2628.0000,2628.4000,2628.6000,5,1,3,1,2,1,2,2,4,5
SF,IH2006,2020-04-02 09:32:42.900,2626.4000,17894,0,299942520.000,0,-,-,-,-,2626.0000,2625.4000,2625.2000,2625.0000,2624.8000,2627.4000,2627.6000,2627.8000,2628.0000,2628.4000,1,1,5,1,1,2,1,3,2,4
SF,IH2006,2020-04-02 09:32:43.400,2626.0000,17893,-1,300730320.000,1,0,1,双平,S,2625.2000,2625.0000,2624.8000,2623.0000,2622.8000,2627.2000,2627.8000,2628.0000,2628.4000,2628.6000,5,1,1,1,2,1,2,2,4,5
SF,IH2006,2020-04-02 09:32:43.900,2626.0000,17893,0,300730320.000,0,-,-,-,-,2626.6000,2625.4000,2625.2000,2625.0000,2624.8000,2627.0000,2627.2000,2627.8000,2628.0000,2628.4000,1,1,5,1,1,1,1,2,2,4
SF,IH2006,2020-04-02 09:32:44.400,2626.6000,17893,0,301518300.000,1,0,1,多换,S,2625.4000,2625.2000,2625.0000,2624.8000,2623.0000,2626.6000,2627.0000,2627.2000,2627.8000,2628.0000,1,5,1,1,1,1,1,1,2,2
SF,IH2006,2020-04-02 09:32:44.900,2626.6000,17893,0,301518300.000,0,-,-,-,-,2625.6000,2625.4000,2625.0000,2624.8000,2623.0000,2626.6000,2627.2000,2627.8000,2628.0000,2628.4000,5,1,1,1,1,1,1,2,2,4
SF,IH2006,2020-04-02 09:32:45.400,2626.6000,17893,0,301518300.000,0,-,-,-,-,2625.6000,2625.4000,2625.0000,2624.8000,2623.0000,2626.4000,2626.6000,2627.8000,2628.0000,2628.4000,1,1,1,1,1,1,1,2,2,4
SF,IH2006,2020-04-02 09:32:45.900,2626.6000,17893,0,301518300.000,0,-,-,-,-,2625.8000,2625.6000,2625.4000,2625.0000,2624.8000,2626.4000,2626.6000,2627.8000,2628.0000,2628.4000,1,1,1,1,1,1,1,2,2,4
SF,IH2006,2020-04-02 09:32:46.400,2626.6000,17893,0,301518300.000,0,-,-,-,-,2625.8000,2625.6000,2625.4000,2625.0000,2624.8000,2626.6000,2627.8000,2628.0000,2628.4000,2628.6000,1,1,1,1,1,1,2,2,4,5
SF,IH2006,2020-04-02 09:32:47.400,2626.6000,17893,0,301518300.000,0,-,-,-,-,2625.8000,2625.6000,2625.4000,2625.0000,2624.8000,2626.6000,2627.8000,2628.0000,2628.4000,2628.6000,1,1,1,1,1,1,2,2,4,5
SF,IH2006,2020-04-02 09:32:49.900,2626.6000,17892,-1,302306280.000,1,0,1,双平,S,2625.8000,2625.6000,2625.4000,2625.0000,2624.8000,2627.8000,2628.0000,2628.4000,2628.6000,2628.8000,1,1,1,1,1,2,2,4,5,2
SF,IH2006,2020-04-02 09:32:50.400,2626.6000,17892,0,302306280.000,0,-,-,-,-,2626.0000,2625.8000,2625.4000,2625.0000,2624.8000,2627.6000,2627.8000,2628.0000,2628.4000,2628.6000,1,1,1,1,1,4,2,3,4,5
SF,IH2006,2020-04-02 09:32:50.900,2626.6000,17892,0,302306280.000,0,-,-,-,-,2625.8000,2625.4000,2625.0000,2624.8000,2623.0000,2627.4000,2627.6000,2627.8000,2628.0000,2628.4000,1,1,1,1,1,2,2,2,3,4
SF,IH2006,2020-04-02 09:32:51.400,2626.6000,17892,0,302306280.000,0,-,-,-,-,2626.0000,2625.8000,2625.4000,2625.0000,2624.8000,2627.2000,2627.8000,2628.0000,2628.4000,2628.6000,1,1,1,1,1,1,2,3,4,5
SF,IH2006,2020-04-02 09:32:51.900,2626.6000,17892,0,302306280.000,0,-,-,-,-,2626.0000,2625.8000,2625.4000,2625.0000,2624.8000,2627.8000,2628.0000,2628.4000,2628.6000,2628.8000,1,1,1,1,1,2,2,4,5,2
SF,IH2006,2020-04-02 09:32:52.400,2626.6000,17892,0,302306280.000,0,-,-,-,-,2626.2000,2626.0000,2625.4000,2625.0000,2624.8000,2627.6000,2627.8000,2628.0000,2628.4000,2628.6000,2,1,1,1,1,2,2,2,4,5
SF,IH2006,2020-04-02 09:32:53.400,2626.6000,17892,0,302306280.000,0,-,-,-,-,2627.2000,2626.2000,2626.0000,2625.4000,2625.0000,2627.6000,2627.8000,2628.0000,2628.4000,2628.6000,2,2,1,1,1,2,2,2,4,5
SF,IH2006,2020-04-02 09:32:53.900,2627.2000,17890,-2,303882480.000,2,0,2,双平,S,2626.2000,2626.0000,2625.4000,2625.0000,2624.8000,2627.6000,2627.8000,2628.0000,2628.4000,2628.6000,2,1,1,1,1,2,2,2,4,5
SF,IH2006,2020-04-02 09:32:54.400,2627.2000,17890,0,303882480.000,0,-,-,-,-,2626.4000,2626.2000,2625.4000,2625.0000,2624.8000,2627.6000,2627.8000,2628.0000,2628.4000,2628.6000,1,2,1,1,1,2,2,2,4,5
SF,IH2006,2020-04-02 09:32:54.900,2627.2000,17890,0,303882480.000,0,-,-,-,-,2626.2000,2625.4000,2625.0000,2624.8000,2623.0000,2627.4000,2627.6000,2627.8000,2628.0000,2628.4000,2,1,1,1,1,2,2,2,2,4
SF,IH2006,2020-04-02 09:32:55.400,2627.2000,17890,0,303882480.000,0,-,-,-,-,2626.2000,2625.4000,2625.0000,2624.8000,2623.0000,2627.2000,2627.6000,2627.8000,2628.0000,2628.4000,1,1,1,1,1,3,1,2,2,4
SF,IH2006,2020-04-02 09:32:55.900,2627.2000,17888,-2,305458800.000,2,0,2,双平,S,2626.2000,2625.4000,2625.0000,2624.8000,2623.0000,2627.2000,2627.6000,2627.8000,2628.0000,2628.6000,1,1,1,1,1,2,1,2,2,5
SF,IH2006,2020-04-02 09:32:56.400,2627.2000,17888,0,305458800.000,0,-,-,-,-,2626.2000,2625.4000,2625.0000,2624.8000,2623.0000,2627.2000,2627.4000,2627.6000,2627.8000,2628.0000,1,1,1,1,1,2,1,1,2,2
SF,IH2006,2020-04-02 09:32:56.900,2627.2000,17888,0,305458800.000,0,-,-,-,-,2626.4000,2626.2000,2625.4000,2625.0000,2624.8000,2627.2000,2627.4000,2627.6000,2627.8000,2628.0000,1,1,1,1,1,2,4,1,2,2
SF,IH2006,2020-04-02 09:32:57.400,2627.2000,17888,0,305458800.000,0,-,-,-,-,2626.4000,2626.2000,2625.4000,2625.0000,2624.8000,2627.2000,2627.4000,2627.6000,2627.8000,2628.0000,1,1,1,1,1,3,1,1,1,2
SF,IH2006,2020-04-02 09:32:57.900,2627.2000,17888,0,306246960.000,1,0,1,多换,S,2627.2000,2626.4000,2626.2000,2625.4000,2625.0000,2627.6000,2627.8000,2628.0000,2628.6000,2628.8000,1,1,1,1,1,1,1,2,5,2
SF,IH2006,2020-04-02 09:32:58.400,2627.2000,17887,-1,307035120.000,1,0,1,双平,S,2626.4000,2626.2000,2625.4000,2625.0000,2624.8000,2627.2000,2627.6000,2627.8000,2628.0000,2628.6000,1,1,1,1,1,3,1,1,5,5
SF,IH2006,2020-04-02 09:32:58.900,2627.2000,17887,0,307035120.000,0,-,-,-,-,2626.4000,2626.2000,2625.4000,2625.0000,2624.8000,2627.2000,2627.6000,2627.8000,2628.0000,2628.6000,1,1,1,1,1,3,1,1,5,5
SF,IH2006,2020-04-02 09:32:59.400,2627.2000,17887,0,307035120.000,0,-,-,-,-,2626.4000,2626.2000,2625.4000,2625.0000,2624.8000,2627.2000,2627.6000,2627.8000,2628.0000,2628.6000,1,1,1,1,2,2,1,1,5,5
SF,IH2006,2020-04-02 09:32:59.900,2627.2000,17885,-2,308611440.000,2,0,2,双平,S,2626.4000,2626.2000,2625.4000,2625.0000,2624.8000,2627.2000,2627.6000,2627.8000,2628.0000,2628.6000,1,1,1,1,2,1,1,1,5,5
SF,IH2006,2020-04-02 09:33:00.400,2627.2000,17885,0,308611440.000,0,-,-,-,-,2626.6000,2626.4000,2625.4000,2625.0000,2624.8000,2627.2000,2627.6000,2627.8000,2628.0000,2628.6000,1,1,1,1,2,1,1,1,5,5
SF,IH2006,2020-04-02 09:33:00.900,2626.6000,17884,-1,309399420.000,1,0,1,双平,S,2626.4000,2625.4000,2625.0000,2624.8000,2623.0000,2627.2000,2627.6000,2627.8000,2628.0000,2628.6000,1,1,1,2,2,1,1,1,5,5
SF,IH2006,2020-04-02 09:33:01.400,2626.6000,17884,0,309399420.000,0,-,-,-,-,2625.4000,2625.0000,2624.8000,2623.0000,2622.8000,2626.2000,2627.0000,2627.2000,2627.6000,2627.8000,1,1,2,2,2,1,1,1,1,1
SF,IH2006,2020-04-02 09:33:01.900,2626.2000,17883,-1,310187280.000,1,0,1,双平,S,2625.6000,2625.4000,2625.0000,2624.8000,2623.0000,2626.0000,2627.0000,2627.2000,2627.6000,2627.8000,1,1,1,2,2,1,1,1,1,1
SF,IH2006,2020-04-02 09:33:02.400,2626.0000,17882,-1,310975080.000,1,0,1,双平,S,2625.6000,2625.4000,2625.0000,2624.8000,2623.0000,2627.0000,2627.2000,2627.6000,2627.8000,2628.0000,1,1,1,2,2,2,1,1,1,5
SF,IH2006,2020-04-02 09:33:02.900,2626.0000,17882,0,310975080.000,0,-,-,-,-,2625.4000,2625.0000,2624.8000,2623.0000,2622.8000,2626.8000,2627.0000,2627.2000,2627.6000,2627.8000,1,1,1,2,2,3,2,1,1,1
SF,IH2006,2020-04-02 09:33:03.400,2626.0000,17882,0,310975080.000,0,-,-,-,-,2625.4000,2625.0000,2624.8000,2623.0000,2622.8000,2626.6000,2626.8000,2627.0000,2627.2000,2627.6000,1,1,1,2,2,2,2,1,1,1
SF,IH2006,2020-04-02 09:33:03.900,2626.0000,17882,0,310975080.000,0,-,-,-,-,2625.6000,2625.4000,2625.0000,2624.8000,2623.0000,2626.4000,2626.6000,2627.0000,2627.2000,2627.6000,1,1,1,1,2,3,1,1,1,1
SF,IH2006,2020-04-02 09:33:04.400,2626.0000,17882,0,310975080.000,0,-,-,-,-,2625.4000,2625.0000,2624.8000,2623.0000,2622.8000,2626.4000,2626.6000,2627.0000,2627.2000,2627.6000,1,1,1,2,2,3,1,1,1,1
SF,IH2006,2020-04-02 09:33:04.900,2625.4000,17881,-1,311762700.000,1,0,1,双平,S,2625.0000,2624.8000,2623.0000,2622.8000,2621.0000,2625.4000,2626.0000,2626.2000,2626.4000,2627.0000,1,1,2,2,2,1,1,2,3,1
SF,IH2006,2020-04-02 09:33:05.400,2624.8000,17881,0,313337640.000,2,1,1,多换,S,2623.0000,2622.8000,2621.0000,2620.4000,2620.2000,2625.4000,2625.8000,2626.2000,2627.0000,2627.6000,2,2,2,1,1,1,1,1,1,1
SF,IH2006,2020-04-02 09:33:05.900,2624.8000,17881,0,313337640.000,0,-,-,-,-,2623.8000,2623.2000,2623.0000,2622.8000,2621.0000,2625.2000,2625.4000,2625.8000,2627.0000,2627.6000,1,7,2,2,2,2,1,1,1,1
SF,IH2006,2020-04-02 09:33:06.400,2624.8000,17881,0,313337640.000,0,-,-,-,-,2624.0000,2623.0000,2622.8000,2621.0000,2620.4000,2625.0000,2625.2000,2625.4000,2627.0000,2627.6000,1,2,2,2,1,3,1,1,1,1
SF,IH2006,2020-04-02 09:33:06.900,2624.8000,17881,0,314125080.000,1,0,1,多换,S,2623.0000,2622.8000,2621.0000,2620.4000,2620.2000,2625.0000,2625.4000,2627.0000,2627.6000,2627.8000,2,2,2,1,1,1,1,2,1,1
SF,IH2006,2020-04-02 09:33:07.400,2624.8000,17881,0,314125080.000,0,-,-,-,-,2623.2000,2623.0000,2622.8000,2621.0000,2620.4000,2624.8000,2625.0000,2625.4000,2627.0000,2627.8000,6,2,2,2,1,4,2,1,2,1
SF,IH2006,2020-04-02 09:33:07.900,2624.8000,17880,-1,314912520.000,1,0,1,双平,S,2625.2000,2623.2000,2623.0000,2622.8000,2621.0000,2625.4000,2627.0000,2627.8000,2628.0000,2628.6000,1,6,2,2,2,1,2,1,5,5
SF,IH2006,2020-04-02 09:33:08.400,2625.2000,17880,0,315700080.000,1,0,1,多换,S,2623.2000,2623.0000,2622.8000,2621.0000,2620.4000,2625.4000,2627.0000,2627.8000,2628.0000,2628.6000,5,2,2,2,1,1,2,1,5,5
SF,IH2006,2020-04-02 09:33:08.900,2625.2000,17880,0,315700080.000,0,-,-,-,-,2624.8000,2624.4000,2623.6000,2623.4000,2623.2000,2625.4000,2627.0000,2627.8000,2628.0000,2628.6000,4,2,1,1,7,1,2,1,5,5
SF,IH2006,2020-04-02 09:33:09.400,2625.4000,17879,-1,316487700.000,1,0,1,双平,S,2623.6000,2623.2000,2623.0000,2622.8000,2621.0000,2627.0000,2627.8000,2628.0000,2628.6000,2628.8000,1,7,3,2,2,2,1,5,5,5
SF,IH2006,2020-04-02 09:33:09.900,2626.2000,17880,1,317275560.000,1,1,0,双开,S,2623.8000,2623.2000,2623.0000,2622.8000,2621.0000,2626.4000,2626.6000,2626.8000,2627.0000,2627.8000,6,1,3,2,2,1,4,1,2,1
SF,IH2006,2020-04-02 09:33:10.400,2626.2000,17880,0,317275560.000,0,-,-,-,-,2624.4000,2623.8000,2623.2000,2623.0000,2622.8000,2626.2000,2626.6000,2627.0000,2627.8000,2628.0000,1,5,1,3,2,2,3,2,1,5
SF,IH2006,2020-04-02 09:33:10.900,2626.2000,17880,0,317275560.000,0,-,-,-,-,2624.6000,2624.4000,2623.8000,2623.2000,2623.0000,2626.2000,2626.6000,2627.0000,2627.8000,2628.0000,4,1,1,1,3,2,1,2,1,5
SF,IH2006,2020-04-02 09:33:11.400,2626.2000,17880,0,317275560.000,0,-,-,-,-,2623.8000,2623.2000,2623.0000,2622.8000,2621.0000,2626.0000,2626.2000,2626.4000,2626.6000,2627.0000,1,1,3,2,2,5,1,1,1,2
SF,IH2006,2020-04-02 09:33:11.900,2626.2000,17880,0,317275560.000,0,-,-,-,-,2624.8000,2624.0000,2623.8000,2623.2000,2623.0000,2625.8000,2626.0000,2626.4000,2626.6000,2627.0000,1,4,1,1,3,1,4,2,1,2
SF,IH2006,2020-04-02 09:33:12.400,2626.2000,17880,0,317275560.000,0,-,-,-,-,2624.8000,2624.0000,2623.8000,2623.2000,2623.0000,2625.8000,2626.0000,2626.4000,2626.6000,2627.0000,1,4,1,1,3,1,2,1,1,1
SF,IH2006,2020-04-02 09:33:12.900,2626.2000,17880,0,317275560.000,0,-,-,-,-,2625.0000,2624.8000,2624.0000,2623.8000,2623.2000,2626.0000,2626.6000,2627.0000,2627.8000,2628.0000,1,1,3,1,1,2,1,1,1,5
SF,IH2006,2020-04-02 09:33:13.400,2626.2000,17880,0,317275560.000,0,-,-,-,-,2625.0000,2624.8000,2624.0000,2623.8000,2623.2000,2625.8000,2626.0000,2626.6000,2627.0000,2627.8000,1,1,3,1,1,1,2,1,1,1
SF,IH2006,2020-04-02 09:33:13.900,2626.2000,17880,0,317275560.000,0,-,-,-,-,2625.0000,2624.8000,2624.0000,2623.8000,2623.2000,2625.8000,2626.0000,2626.6000,2627.0000,2627.8000,1,1,3,1,1,1,1,1,1,1
SF,IH2006,2020-04-02 09:33:15.900,2625.0000,17879,-1,318063060.000,1,0,1,双平,S,2624.8000,2624.0000,2623.8000,2623.2000,2623.0000,2625.8000,2626.0000,2626.6000,2627.0000,2627.8000,1,3,1,1,3,1,1,1,1,1
SF,IH2006,2020-04-02 09:33:17.400,2625.0000,17879,0,318063060.000,0,-,-,-,-,2624.8000,2624.0000,2623.8000,2623.2000,2623.0000,2625.8000,2626.0000,2626.6000,2626.8000,2627.0000,1,3,1,1,3,1,1,1,1,1
SF,IH2006,2020-04-02 09:33:17.900,2625.0000,17879,0,318063060.000,0,-,-,-,-,2625.0000,2624.8000,2624.0000,2623.8000,2623.2000,2625.8000,2626.0000,2626.6000,2626.8000,2627.0000,1,1,3,1,1,1,1,1,1,1
SF,IH2006,2020-04-02 09:33:18.400,2625.0000,17879,0,318063060.000,0,-,-,-,-,2624.8000,2624.0000,2623.8000,2623.2000,2623.0000,2625.8000,2626.0000,2626.6000,2626.8000,2627.0000,1,3,1,1,3,1,1,1,1,1
SF,IH2006,2020-04-02 09:33:19.900,2625.0000,17879,0,318063060.000,0,-,-,-,-,2624.8000,2624.0000,2623.8000,2623.2000,2623.0000,2625.8000,2626.0000,2626.6000,2626.8000,2627.0000,1,3,1,1,3,1,1,1,1,1
SF,IH2006,2020-04-02 09:33:20.400,2625.0000,17879,0,318063060.000,0,-,-,-,-,2625.0000,2624.8000,2624.0000,2623.8000,2623.2000,2625.8000,2626.0000,2626.6000,2626.8000,2627.0000,1,1,3,1,1,1,1,1,1,1
SF,IH2006,2020-04-02 09:33:21.900,2624.8000,17877,-2,319638000.000,2,0,2,双平,S,2624.0000,2623.8000,2623.2000,2623.0000,2622.8000,2625.6000,2625.8000,2626.0000,2626.6000,2626.8000,3,1,1,3,2,1,2,1,1,1
SF,IH2006,2020-04-02 09:33:22.400,2624.8000,17877,0,319638000.000,0,-,-,-,-,2624.2000,2624.0000,2623.8000,2623.2000,2623.0000,2625.4000,2625.6000,2626.0000,2626.6000,2626.8000,1,3,1,1,3,4,1,1,1,1
SF,IH2006,2020-04-02 09:33:22.900,2624.8000,17877,0,319638000.000,0,-,-,-,-,2624.0000,2623.8000,2623.0000,2622.8000,2621.0000,2625.2000,2625.4000,2625.6000,2626.0000,2626.6000,3,1,3,2,2,2,2,1,1,1
SF,IH2006,2020-04-02 09:33:23.400,2624.8000,17877,0,319638000.000,0,-,-,-,-,2623.8000,2623.0000,2622.8000,2621.0000,2620.4000,2625.0000,2625.6000,2625.8000,2626.0000,2626.6000,1,3,2,2,1,4,1,6,1,1
SF,IH2006,2020-04-02 09:33:23.900,2624.8000,17877,0,319638000.000,0,-,-,-,-,2624.0000,2623.0000,2622.8000,2621.0000,2620.4000,2625.0000,2625.6000,2625.8000,2626.0000,2626.6000,1,3,2,2,1,4,1,6,1,1
SF,IH2006,2020-04-02 09:33:24.400,2624.8000,17877,0,319638000.000,0,-,-,-,-,2623.0000,2622.8000,2621.0000,2620.4000,2620.2000,2624.8000,2625.0000,2625.6000,2625.8000,2626.0000,3,2,2,1,1,2,4,1,6,1
SF,IH2006,2020-04-02 09:33:24.900,2624.8000,17877,0,319638000.000,0,-,-,-,-,2623.2000,2623.0000,2622.8000,2621.0000,2620.4000,2624.6000,2624.8000,2625.0000,2625.6000,2625.8000,2,2,2,2,1,2,1,3,4,6
SF,IH2006,2020-04-02 09:33:25.400,2624.8000,17877,0,319638000.000,0,-,-,-,-,2623.2000,2623.0000,2622.8000,2621.0000,2620.4000,2624.6000,2624.8000,2625.0000,2625.6000,2625.8000,2,2,2,2,1,1,1,3,4,6
SF,IH2006,2020-04-02 09:33:25.900,2624.8000,17877,0,319638000.000,0,-,-,-,-,2623.2000,2623.0000,2622.8000,2621.0000,2620.4000,2624.6000,2624.8000,2625.0000,2625.6000,2625.8000,2,2,2,2,1,1,1,3,4,5
SF,IH2006,2020-04-02 09:33:27.400,2624.8000,17877,0,319638000.000,0,-,-,-,-,2623.2000,2623.0000,2622.8000,2621.0000,2620.4000,2624.2000,2624.4000,2624.6000,2625.0000,2625.6000,1,2,2,2,1,1,6,1,1,4
SF,IH2006,2020-04-02 09:33:27.900,2623.2000,17876,-1,320424960.000,1,0,1,双平,S,2623.0000,2622.8000,2621.0000,2620.4000,2620.2000,2624.0000,2624.4000,2625.0000,2625.6000,2625.8000,2,2,2,1,1,1,3,1,4,5
SF,IH2006,2020-04-02 09:33:28.400,2623.2000,17876,0,320424960.000,0,-,-,-,-,2623.0000,2622.8000,2621.0000,2620.4000,2620.2000,2624.0000,2624.4000,2625.6000,2625.8000,2626.0000,2,2,2,1,1,1,2,4,5,1
SF,IH2006,2020-04-02 09:33:28.900,2623.2000,17876,0,320424960.000,0,-,-,-,-,2623.2000,2623.0000,2622.8000,2621.0000,2620.4000,2624.0000,2624.4000,2625.6000,2625.8000,2626.0000,1,2,2,2,1,2,2,4,5,1
SF,IH2006,2020-04-02 09:33:29.400,2623.2000,17876,0,320424960.000,0,-,-,-,-,2623.0000,2622.8000,2621.0000,2620.4000,2620.2000,2624.0000,2625.6000,2625.8000,2626.0000,2626.6000,2,2,2,1,1,1,4,5,1,1
SF,IH2006,2020-04-02 09:33:30.400,2623.2000,17876,0,320424960.000,0,-,-,-,-,2623.0000,2622.8000,2621.0000,2620.4000,2620.2000,2623.8000,2624.0000,2624.2000,2625.6000,2625.8000,2,2,2,1,1,1,1,1,4,5
SF,IH2006,2020-04-02 09:33:30.900,2623.2000,17876,0,320424960.000,0,-,-,-,-,2623.0000,2622.8000,2621.0000,2620.8000,2620.4000,2623.6000,2623.8000,2624.2000,2625.6000,2625.8000,2,2,2,1,1,3,1,1,4,5
SF,IH2006,2020-04-02 09:33:31.400,2623.2000,17876,0,320424960.000,0,-,-,-,-,2623.0000,2622.8000,2621.0000,2620.8000,2620.4000,2623.6000,2624.2000,2625.6000,2625.8000,2626.0000,2,2,2,1,1,2,1,4,5,1
SF,IH2006,2020-04-02 09:33:31.900,2623.6000,17875,-1,321212040.000,1,0,1,双平,S,2623.0000,2622.8000,2621.0000,2620.8000,2620.4000,2625.6000,2625.8000,2626.0000,2626.6000,2626.8000,2,2,2,1,1,4,5,1,1,1
SF,IH2006,2020-04-02 09:33:32.400,2623.6000,17875,0,321212040.000,0,-,-,-,-,2623.2000,2623.0000,2622.8000,2621.0000,2620.8000,2623.6000,2624.4000,2625.0000,2625.2000,2625.4000,3,2,2,2,1,1,2,5,3,5
SF,IH2006,2020-04-02 09:33:32.900,2623.6000,17873,-2,322786200.000,2,0,2,双平,S,2623.6000,2623.4000,2623.2000,2623.0000,2622.8000,2624.4000,2625.0000,2625.2000,2625.4000,2625.6000,4,1,1,2,2,2,5,1,3,3
SF,IH2006,2020-04-02 09:33:33.400,2624.2000,17872,-1,323573460.000,1,0,1,双平,S,2623.8000,2623.6000,2623.4000,2623.0000,2622.8000,2624.2000,2625.0000,2625.2000,2625.4000,2625.6000,1,2,1,2,2,2,4,1,3,3
SF,IH2006,2020-04-02 09:33:33.900,2624.2000,17872,0,323573460.000,0,-,-,-,-,2623.4000,2623.0000,2622.8000,2621.0000,2620.8000,2624.2000,2625.0000,2625.2000,2625.4000,2625.6000,1,2,2,2,1,2,4,1,3,3
SF,IH2006,2020-04-02 09:33:34.400,2624.2000,17872,0,323573460.000,0,-,-,-,-,2623.4000,2623.0000,2622.8000,2621.0000,2620.8000,2624.0000,2624.2000,2625.0000,2625.2000,2625.4000,1,2,2,2,1,1,2,4,1,3
SF,IH2006,2020-04-02 09:33:34.900,2624.2000,17872,0,323573460.000,0,-,-,-,-,2623.4000,2623.0000,2622.8000,2621.0000,2620.8000,2624.0000,2624.2000,2624.8000,2625.0000,2625.2000,1,2,2,2,1,2,2,1,4,1
SF,IH2006,2020-04-02 09:33:35.400,2624.2000,17871,-1,324360720.000,1,0,1,双平,S,2623.4000,2623.0000,2622.8000,2621.0000,2620.8000,2624.0000,2624.2000,2624.8000,2625.0000,2625.2000,1,2,2,2,1,1,2,1,4,1
SF,IH2006,2020-04-02 09:33:35.900,2623.4000,17870,-1,325147740.000,1,0,1,双平,S,2623.0000,2622.8000,2621.0000,2620.8000,2620.4000,2624.0000,2624.2000,2624.8000,2625.0000,2625.2000,2,2,2,1,1,1,2,1,4,1
SF,IH2006,2020-04-02 09:33:36.400,2623.4000,17870,0,325147740.000,0,-,-,-,-,2623.0000,2622.8000,2621.0000,2620.8000,2620.4000,2623.8000,2624.0000,2624.8000,2625.0000,2625.2000,2,2,2,1,1,3,1,1,4,1
SF,IH2006,2020-04-02 09:33:36.900,2623.4000,17870,0,325147740.000,0,-,-,-,-,2623.0000,2622.8000,2621.0000,2620.8000,2620.4000,2623.6000,2623.8000,2624.8000,2625.0000,2625.2000,2,2,2,1,1,1,3,1,4,1
SF,IH2006,2020-04-02 09:33:37.400,2623.4000,17870,0,325147740.000,0,-,-,-,-,2623.0000,2622.8000,2621.0000,2620.8000,2620.4000,2623.6000,2623.8000,2624.8000,2625.0000,2625.2000,2,2,2,1,1,2,2,1,4,1
SF,IH2006,2020-04-02 09:33:37.900,2623.6000,17868,-2,326721900.000,2,0,2,双平,S,2623.2000,2623.0000,2622.8000,2621.0000,2620.8000,2623.8000,2624.8000,2625.0000,2625.2000,2625.4000,1,2,2,2,1,2,1,4,1,2
SF,IH2006,2020-04-02 09:33:38.400,2623.6000,17868,0,326721900.000,0,-,-,-,-,2623.2000,2623.0000,2622.8000,2621.0000,2620.8000,2623.6000,2623.8000,2624.8000,2625.0000,2625.4000,1,2,2,2,1,1,1,1,4,2
SF,IH2006,2020-04-02 09:33:38.900,2623.6000,17868,0,327508980.000,1,0,1,多换,S,2623.2000,2623.0000,2622.8000,2621.0000,2620.8000,2623.8000,2624.8000,2625.0000,2625.4000,2626.0000,1,2,2,2,1,1,1,4,2,1
SF,IH2006,2020-04-02 09:33:39.400,2623.0000,17869,1,329869740.000,3,2,1,空开,S,2622.8000,2621.0000,2620.8000,2620.4000,2620.2000,2624.8000,2625.0000,2625.4000,2626.0000,2626.6000,2,2,1,1,1,1,4,2,1,1
SF,IH2006,2020-04-02 09:33:39.900,2623.0000,17869,0,329869740.000,0,-,-,-,-,2623.0000,2622.8000,2621.0000,2620.8000,2620.4000,2624.6000,2624.8000,2625.0000,2625.2000,2625.4000,2,2,2,1,1,6,1,4,8,2
SF,IH2006,2020-04-02 09:33:40.400,2623.0000,17869,0,329869740.000,0,-,-,-,-,2623.2000,2623.0000,2622.8000,2621.0000,2620.8000,2624.4000,2624.6000,2624.8000,2625.0000,2625.4000,1,1,2,2,1,2,4,1,4,2
SF,IH2006,2020-04-02 09:33:40.900,2623.2000,17869,0,330656700.000,1,0,1,多换,S,2623.0000,2622.8000,2621.0000,2620.8000,2620.4000,2623.8000,2624.0000,2624.2000,2624.6000,2624.8000,1,2,2,1,1,1,1,3,1,1
SF,IH2006,2020-04-02 09:33:41.400,2623.2000,17869,0,330656700.000,0,-,-,-,-,2622.8000,2621.0000,2620.8000,2620.4000,2620.2000,2623.6000,2624.6000,2624.8000,2625.0000,2625.4000,2,2,1,1,1,1,1,1,4,2
SF,IH2006,2020-04-02 09:33:42.400,2623.2000,17869,0,330656700.000,0,-,-,-,-,2622.8000,2621.0000,2620.8000,2620.4000,2620.2000,2623.6000,2624.6000,2624.8000,2625.0000,2625.4000,2,2,1,1,1,2,1,1,4,2
SF,IH2006,2020-04-02 09:33:42.900,2623.2000,17869,0,330656700.000,0,-,-,-,-,2623.0000,2622.8000,2621.0000,2620.8000,2620.4000,2623.6000,2624.6000,2624.8000,2625.0000,2625.4000,1,2,2,1,1,2,1,1,4,2
SF,IH2006,2020-04-02 09:33:43.400,2623.2000,17869,0,330656700.000,0,-,-,-,-,2623.0000,2622.8000,2621.0000,2620.8000,2620.4000,2623.6000,2624.6000,2624.8000,2625.0000,2625.4000,1,2,2,1,1,1,1,1,4,2
SF,IH2006,2020-04-02 09:33:43.900,2623.2000,17868,-1,331443660.000,1,0,1,双平,S,2623.0000,2622.8000,2621.0000,2620.8000,2620.4000,2624.6000,2624.8000,2625.0000,2625.4000,2626.0000,1,2,2,1,1,1,1,4,2,1
SF,IH2006,2020-04-02 09:33:44.400,2623.2000,17868,0,331443660.000,0,-,-,-,-,2622.8000,2621.0000,2620.8000,2620.4000,2620.2000,2624.0000,2624.2000,2624.4000,2624.6000,2624.8000,2,2,1,1,1,1,1,3,1,1
SF,IH2006,2020-04-02 09:33:44.900,2623.2000,17868,0,331443660.000,0,-,-,-,-,2623.0000,2622.8000,2621.0000,2620.8000,2620.4000,2624.0000,2624.2000,2624.4000,2624.6000,2624.8000,1,2,2,1,1,1,1,2,1,1
SF,IH2006,2020-04-02 09:33:45.900,2623.2000,17868,0,331443660.000,0,-,-,-,-,2623.2000,2623.0000,2622.8000,2621.0000,2620.8000,2623.8000,2624.0000,2624.2000,2624.4000,2624.6000,1,1,2,2,1,2,1,1,1,1
SF,IH2006,2020-04-02 09:33:46.400,2623.2000,17868,0,332230620.000,1,0,1,多换,S,2623.4000,2623.2000,2622.8000,2621.0000,2620.8000,2624.8000,2625.0000,2625.4000,2626.0000,2626.6000,1,1,2,2,1,1,4,2,1,1
SF,IH2006,2020-04-02 09:33:46.900,2623.2000,17868,0,332230620.000,0,-,-,-,-,2622.8000,2621.0000,2620.8000,2620.4000,2620.2000,2624.6000,2624.8000,2625.0000,2625.4000,2625.8000,2,2,1,1,1,1,2,4,2,8
SF,IH2006,2020-04-02 09:33:47.400,2623.2000,17868,0,332230620.000,0,-,-,-,-,2623.0000,2622.8000,2621.0000,2620.8000,2620.4000,2624.2000,2624.6000,2624.8000,2625.0000,2625.4000,1,2,2,1,1,1,1,2,4,2
SF,IH2006,2020-04-02 09:33:47.900,2623.2000,17868,0,332230620.000,0,-,-,-,-,2623.0000,2622.8000,2621.0000,2620.8000,2620.4000,2624.0000,2624.8000,2625.0000,2625.4000,2625.8000,1,2,2,1,1,1,2,4,2,8
SF,IH2006,2020-04-02 09:33:48.400,2623.2000,17868,0,332230620.000,0,-,-,-,-,2623.0000,2622.8000,2621.0000,2620.8000,2620.4000,2623.8000,2624.0000,2624.8000,2625.0000,2625.4000,1,2,2,1,1,2,1,2,4,2
SF,IH2006,2020-04-02 09:33:48.900,2623.8000,17866,-2,333804900.000,2,0,2,双平,S,2623.2000,2623.0000,2622.8000,2621.0000,2620.8000,2624.8000,2625.0000,2625.4000,2626.0000,2626.6000,2,2,2,2,1,2,4,2,1,1
SF,IH2006,2020-04-02 09:33:49.400,2623.8000,17866,0,333804900.000,0,-,-,-,-,2623.4000,2623.2000,2623.0000,2622.8000,2621.0000,2624.6000,2624.8000,2625.0000,2625.4000,2626.0000,1,2,1,2,2,2,2,4,2,1
SF,IH2006,2020-04-02 09:33:49.900,2623.8000,17866,0,333804900.000,0,-,-,-,-,2623.4000,2623.2000,2623.0000,2622.8000,2621.0000,2623.8000,2624.6000,2624.8000,2625.0000,2625.4000,1,2,1,2,2,1,1,2,4,2
SF,IH2006,2020-04-02 09:33:50.400,2623.8000,17865,-1,334592040.000,1,0,1,双平,S,2624.2000,2623.8000,2623.4000,2623.2000,2623.0000,2624.8000,2625.4000,2626.0000,2626.6000,2627.0000,1,3,1,2,1,1,2,1,1,1
SF,IH2006,2020-04-02 09:33:50.900,2624.2000,17865,0,335379300.000,1,0,1,多换,S,2623.8000,2623.4000,2623.2000,2623.0000,2622.8000,2624.8000,2626.0000,2626.6000,2627.0000,2627.8000,2,1,1,1,2,1,1,1,1,1
SF,IH2006,2020-04-02 09:33:51.400,2624.2000,17865,0,335379300.000,0,-,-,-,-,2624.0000,2623.8000,2623.2000,2623.0000,2622.8000,2626.0000,2626.6000,2627.0000,2627.8000,2628.0000,2,2,1,1,2,1,1,1,1,1
SF,IH2006,2020-04-02 09:33:51.900,2624.2000,17865,0,335379300.000,0,-,-,-,-,2624.0000,2623.8000,2623.2000,2623.0000,2622.8000,2625.6000,2625.8000,2626.0000,2626.4000,2626.6000,2,2,1,1,2,2,5,1,5,1
SF,IH2006,2020-04-02 09:33:52.400,2624.2000,17865,0,335379300.000,0,-,-,-,-,2624.0000,2623.8000,2623.2000,2623.0000,2622.8000,2625.4000,2625.6000,2625.8000,2626.0000,2626.6000,1,2,1,1,2,4,2,2,1,9
SF,IH2006,2020-04-02 09:33:52.900,2624.0000,17864,-1,336166500.000,1,0,1,双平,S,2623.8000,2623.2000,2623.0000,2622.8000,2621.0000,2625.2000,2625.4000,2625.6000,2625.8000,2626.0000,2,1,1,2,2,3,1,2,2,1
SF,IH2006,2020-04-02 09:33:53.400,2624.0000,17864,0,336166500.000,0,-,-,-,-,2623.2000,2623.0000,2622.8000,2621.0000,2620.8000,2625.0000,2625.2000,2625.6000,2625.8000,2626.0000,1,1,2,2,1,1,3,1,1,1
SF,IH2006,2020-04-02 09:33:53.900,2624.0000,17864,0,336166500.000,0,-,-,-,-,2623.4000,2623.2000,2623.0000,2622.8000,2621.0000,2625.0000,2625.2000,2625.6000,2625.8000,2626.0000,1,1,1,2,2,3,3,1,1,1
SF,IH2006,2020-04-02 09:33:54.400,2624.0000,17864,0,336166500.000,0,-,-,-,-,2623.4000,2623.2000,2623.0000,2622.8000,2621.0000,2624.8000,2625.0000,2625.2000,2625.6000,2625.8000,1,1,1,2,2,2,3,1,1,1
SF,IH2006,2020-04-02 09:33:54.900,2624.0000,17864,0,336166500.000,0,-,-,-,-,2623.4000,2623.2000,2623.0000,2622.8000,2621.0000,2624.6000,2624.8000,2625.0000,2625.2000,2625.6000,1,1,1,2,2,1,4,2,1,1
SF,IH2006,2020-04-02 09:33:55.400,2624.0000,17864,0,336166500.000,0,-,-,-,-,2623.6000,2623.4000,2623.2000,2623.0000,2622.8000,2624.6000,2625.0000,2625.2000,2625.6000,2625.8000,1,1,1,1,2,1,2,1,1,1
SF,IH2006,2020-04-02 09:33:55.900,2624.0000,17864,0,336166500.000,0,-,-,-,-,2623.6000,2623.4000,2623.2000,2623.0000,2622.8000,2624.6000,2624.8000,2625.0000,2625.6000,2625.8000,1,1,1,1,2,1,1,2,1,1
SF,IH2006,2020-04-02 09:33:56.400,2624.0000,17864,0,336166500.000,0,-,-,-,-,2623.6000,2623.4000,2623.2000,2623.0000,2622.8000,2624.6000,2624.8000,2625.0000,2625.6000,2625.8000,1,1,1,1,2,2,1,2,1,1
SF,IH2006,2020-04-02 09:33:56.900,2624.0000,17864,0,336166500.000,0,-,-,-,-,2623.4000,2623.2000,2623.0000,2622.8000,2621.0000,2624.4000,2624.6000,2624.8000,2625.0000,2625.6000,1,1,1,2,2,1,3,1,2,1
SF,IH2006,2020-04-02 09:33:57.400,2624.0000,17864,0,336166500.000,0,-,-,-,-,2623.4000,2623.2000,2623.0000,2622.8000,2621.0000,2624.6000,2624.8000,2625.0000,2625.6000,2625.8000,1,1,1,2,2,1,1,2,1,1
SF,IH2006,2020-04-02 09:33:58.400,2624.0000,17864,0,336166500.000,0,-,-,-,-,2623.6000,2623.4000,2623.2000,2623.0000,2622.8000,2624.0000,2624.6000,2624.8000,2625.0000,2625.6000,2,1,1,1,2,1,1,1,2,1
SF,IH2006,2020-04-02 09:33:58.900,2624.0000,17863,-1,336953700.000,1,0,1,双平,S,2623.6000,2623.4000,2623.2000,2623.0000,2622.8000,2624.0000,2624.6000,2624.8000,2625.0000,2625.6000,2,1,1,1,2,1,1,1,2,1
SF,IH2006,2020-04-02 09:33:59.400,2624.0000,17862,-1,337740900.000,1,0,1,双平,S,2623.6000,2623.2000,2623.0000,2622.8000,2621.0000,2624.6000,2624.8000,2625.0000,2625.6000,2625.8000,2,1,1,2,2,1,1,2,1,1
SF,IH2006,2020-04-02 09:33:59.900,2624.0000,17862,0,337740900.000,0,-,-,-,-,2623.8000,2623.6000,2623.2000,2623.0000,2622.8000,2624.6000,2624.8000,2625.0000,2625.6000,2625.8000,1,2,1,1,2,1,1,2,1,1
SF,IH2006,2020-04-02 09:34:00.400,2624.6000,17861,-1,338528280.000,1,0,1,双平,S,2623.8000,2623.6000,2623.2000,2623.0000,2622.8000,2624.6000,2624.8000,2625.0000,2625.8000,2626.0000,1,2,1,1,2,1,1,2,1,4
SF,IH2006,2020-04-02 09:34:00.900,2624.6000,17861,0,339315660.000,1,0,1,多换,S,2623.8000,2623.6000,2623.2000,2623.0000,2622.8000,2624.4000,2624.8000,2625.0000,2625.8000,2626.0000,1,2,1,1,2,1,1,2,1,4
SF,IH2006,2020-04-02 09:34:01.400,2624.4000,17860,-1,340102980.000,1,0,1,双平,S,2624.0000,2623.8000,2623.6000,2623.2000,2623.0000,2624.2000,2624.8000,2625.8000,2626.0000,2626.6000,1,1,2,1,1,1,1,1,4,1
SF,IH2006,2020-04-02 09:34:01.900,2624.2000,17859,-1,341677500.000,2,0,2,多平,S,2624.2000,2624.0000,2623.8000,2623.6000,2623.2000,2625.8000,2626.0000,2626.6000,2627.0000,2627.8000,2,1,1,2,1,1,4,1,1,1
SF,IH2006,2020-04-02 09:34:02.400,2624.2000,17859,0,341677500.000,0,-,-,-,-,2624.4000,2624.2000,2623.6000,2623.2000,2623.0000,2625.6000,2626.0000,2626.6000,2627.0000,2627.8000,2,2,2,1,1,2,4,1,1,1
SF,IH2006,2020-04-02 09:34:02.900,2624.2000,17859,0,341677500.000,0,-,-,-,-,2624.4000,2624.2000,2623.6000,2623.2000,2623.0000,2625.6000,2626.0000,2626.6000,2627.0000,2627.8000,2,2,2,1,1,2,4,1,1,1
SF,IH2006,2020-04-02 09:34:03.400,2624.2000,17859,0,341677500.000,0,-,-,-,-,2624.4000,2624.2000,2623.6000,2623.2000,2623.0000,2625.6000,2626.0000,2626.6000,2627.0000,2627.8000,2,2,2,1,1,2,4,1,1,1
SF,IH2006,2020-04-02 09:34:03.900,2624.2000,17859,0,341677500.000,0,-,-,-,-,2624.4000,2624.2000,2623.6000,2623.2000,2623.0000,2625.4000,2625.6000,2626.0000,2626.6000,2627.0000,2,2,2,1,1,2,2,4,1,1
SF,IH2006,2020-04-02 09:34:04.400,2624.2000,17859,0,341677500.000,0,-,-,-,-,2624.4000,2624.2000,2623.6000,2623.2000,2623.0000,2625.2000,2625.6000,2626.0000,2626.6000,2627.0000,2,2,2,1,1,1,1,4,1,1
SF,IH2006,2020-04-02 09:34:05.900,2624.2000,17859,0,341677500.000,0,-,-,-,-,2624.6000,2624.4000,2624.2000,2623.6000,2623.2000,2625.2000,2625.6000,2626.0000,2626.6000,2627.0000,1,2,2,2,1,1,1,4,1,1
SF,IH2006,2020-04-02 09:34:06.400,2625.2000,17858,-1,342465060.000,1,0,1,双平,S,2624.8000,2624.6000,2624.4000,2624.2000,2623.6000,2626.0000,2626.6000,2627.0000,2627.8000,2628.0000,1,1,1,2,2,4,1,1,1,1
SF,IH2006,2020-04-02 09:34:07.900,2626.0000,17857,-1,343252860.000,1,0,1,双平,S,2624.8000,2624.6000,2624.4000,2624.2000,2623.6000,2626.0000,2626.6000,2627.0000,2627.8000,2628.0000,1,1,1,2,2,3,1,1,1,1
SF,IH2006,2020-04-02 09:34:08.900,2626.0000,17857,0,343252860.000,0,-,-,-,-,2624.8000,2624.6000,2624.4000,2624.2000,2623.6000,2626.0000,2626.6000,2627.0000,2627.8000,2628.0000,1,1,1,2,2,3,1,1,1,1
SF,IH2006,2020-04-02 09:34:09.400,2626.0000,17857,0,343252860.000,0,-,-,-,-,2624.8000,2624.4000,2624.2000,2623.6000,2623.2000,2625.8000,2626.0000,2626.6000,2627.0000,2627.8000,1,1,2,2,1,1,3,1,1,1
SF,IH2006,2020-04-02 09:34:09.900,2626.0000,17857,0,343252860.000,0,-,-,-,-,2624.8000,2624.4000,2624.2000,2623.6000,2623.2000,2626.0000,2626.6000,2627.0000,2627.8000,2628.0000,1,1,2,2,1,3,1,1,1,1
SF,IH2006,2020-04-02 09:34:10.400,2626.0000,17857,0,343252860.000,0,-,-,-,-,2624.8000,2624.2000,2623.6000,2623.2000,2623.0000,2626.0000,2626.6000,2627.0000,2627.8000,2628.0000,1,2,2,1,1,3,1,1,1,1
SF,IH2006,2020-04-02 09:34:10.900,2626.0000,17857,0,343252860.000,0,-,-,-,-,2624.8000,2624.2000,2623.6000,2623.2000,2623.0000,2626.0000,2626.6000,2627.0000,2627.8000,2628.0000,1,2,2,1,1,3,1,1,1,1
SF,IH2006,2020-04-02 09:34:11.400,2626.0000,17857,0,343252860.000,0,-,-,-,-,2625.8000,2624.8000,2624.2000,2623.6000,2623.2000,2626.0000,2626.6000,2627.0000,2627.8000,2628.0000,1,1,2,2,1,3,1,1,1,1
SF,IH2006,2020-04-02 09:34:11.900,2625.8000,17856,-1,344828340.000,2,0,2,多平,S,2624.8000,2623.6000,2623.2000,2623.0000,2622.8000,2625.8000,2626.0000,2626.6000,2627.0000,2627.8000,1,2,1,1,2,1,4,1,1,1
SF,IH2006,2020-04-02 09:34:12.400,2625.8000,17856,0,344828340.000,0,-,-,-,-,2625.0000,2624.8000,2623.6000,2623.2000,2623.0000,2625.8000,2626.0000,2626.6000,2627.0000,2627.8000,1,1,2,1,1,1,3,1,1,1
SF,IH2006,2020-04-02 09:34:12.900,2625.8000,17856,0,344828340.000,0,-,-,-,-,2625.2000,2625.0000,2623.6000,2623.2000,2623.0000,2625.8000,2626.0000,2626.6000,2627.0000,2627.8000,1,1,2,1,1,1,3,1,1,1
SF,IH2006,2020-04-02 09:34:13.400,2625.8000,17855,-1,345616080.000,1,0,1,双平,S,2625.4000,2625.2000,2625.0000,2623.6000,2623.2000,2626.0000,2626.6000,2627.0000,2627.8000,2628.0000,1,1,1,2,1,3,1,1,1,1
SF,IH2006,2020-04-02 09:34:13.900,2626.0000,17855,0,347979480.000,3,1,2,多换,S,2625.6000,2625.4000,2625.0000,2623.6000,2623.2000,2626.6000,2627.0000,2627.8000,2628.0000,2628.8000,1,1,1,2,1,1,1,1,1,1
SF,IH2006,2020-04-02 09:34:14.400,2626.6000,17856,1,348767460.000,1,1,0,双开,S,2625.6000,2625.0000,2623.6000,2623.2000,2623.0000,2627.0000,2627.8000,2628.0000,2628.8000,2629.0000,1,1,2,1,1,1,1,1,1,4
SF,IH2006,2020-04-02 09:34:14.900,2626.6000,17856,0,348767460.000,0,-,-,-,-,2626.0000,2625.6000,2623.6000,2623.2000,2623.0000,2627.0000,2627.8000,2628.0000,2628.8000,2629.0000,1,1,2,1,1,1,1,1,1,4
SF,IH2006,2020-04-02 09:34:15.400,2626.6000,17856,0,348767460.000,0,-,-,-,-,2626.2000,2623.6000,2623.2000,2623.0000,2622.8000,2627.0000,2627.8000,2628.0000,2628.8000,2629.0000,1,2,1,1,3,1,1,1,1,4
SF,IH2006,2020-04-02 09:34:15.900,2626.2000,17855,-1,349555320.000,1,0,1,双平,S,2623.6000,2623.2000,2623.0000,2622.8000,2621.0000,2627.0000,2627.8000,2628.0000,2628.8000,2629.0000,2,1,1,3,2,1,1,1,1,4
SF,IH2006,2020-04-02 09:34:16.400,2626.2000,17855,0,349555320.000,0,-,-,-,-,2625.2000,2624.8000,2624.4000,2624.0000,2623.8000,2626.8000,2627.0000,2627.8000,2628.0000,2628.8000,1,3,3,1,11,1,1,1,1,1
SF,IH2006,2020-04-02 09:34:16.900,2626.2000,17855,0,349555320.000,0,-,-,-,-,2626.2000,2625.4000,2624.8000,2624.4000,2623.8000,2627.0000,2627.8000,2628.0000,2628.8000,2629.0000,1,8,3,3,5,1,1,2,1,4
SF,IH2006,2020-04-02 09:34:17.400,2626.2000,17854,-1,350343180.000,1,0,1,双平,S,2625.4000,2624.8000,2624.4000,2623.8000,2623.6000,2626.0000,2626.8000,2627.0000,2627.8000,2628.0000,5,3,3,5,3,10,1,1,1,2
SF,IH2006,2020-04-02 09:34:17.900,2626.2000,17850,-4,353494620.000,4,0,4,双平,S,2625.4000,2624.8000,2624.4000,2623.8000,2623.6000,2626.0000,2626.8000,2627.0000,2627.8000,2628.0000,1,3,3,5,3,6,1,1,1,2
SF,IH2006,2020-04-02 09:34:18.400,2625.6000,17847,-3,355857660.000,3,0,3,双平,S,2624.8000,2624.4000,2623.8000,2623.6000,2623.2000,2626.0000,2626.8000,2627.0000,2627.8000,2628.0000,3,1,4,3,1,6,1,1,1,2
SF,IH2006,2020-04-02 09:34:18.900,2625.6000,17847,0,355857660.000,0,-,-,-,-,2624.4000,2623.8000,2623.6000,2623.2000,2623.0000,2625.8000,2626.0000,2627.0000,2627.8000,2628.0000,1,2,4,1,1,3,6,1,1,2
SF,IH2006,2020-04-02 09:34:19.400,2625.6000,17847,0,355857660.000,0,-,-,-,-,2624.6000,2624.4000,2623.8000,2623.6000,2623.2000,2625.8000,2626.0000,2627.0000,2627.8000,2628.0000,1,1,1,4,1,3,6,1,1,2
SF,IH2006,2020-04-02 09:34:19.900,2625.6000,17847,0,355857660.000,0,-,-,-,-,2624.6000,2623.6000,2623.2000,2623.0000,2622.8000,2625.6000,2625.8000,2626.0000,2627.0000,2627.8000,1,4,1,1,3,2,1,6,1,1
SF,IH2006,2020-04-02 09:34:20.900,2625.6000,17847,0,355857660.000,0,-,-,-,-,2625.0000,2624.6000,2624.2000,2623.6000,2623.2000,2625.6000,2625.8000,2626.0000,2627.0000,2627.8000,1,1,1,3,1,2,1,6,1,1
SF,IH2006,2020-04-02 09:34:21.400,2625.6000,17847,0,355857660.000,0,-,-,-,-,2625.0000,2624.6000,2624.2000,2623.6000,2623.2000,2625.6000,2625.8000,2626.0000,2626.2000,2627.0000,1,1,1,3,1,2,1,6,3,1
SF,IH2006,2020-04-02 09:34:21.900,2625.6000,17847,0,355857660.000,0,-,-,-,-,2625.0000,2624.6000,2624.2000,2623.6000,2623.2000,2625.6000,2625.8000,2626.0000,2626.2000,2627.0000,1,1,1,2,1,2,1,6,3,1
SF,IH2006,2020-04-02 09:34:22.900,2625.0000,17846,-1,356645160.000,1,0,1,双平,S,2624.6000,2624.2000,2623.6000,2623.2000,2623.0000,2625.6000,2625.8000,2626.0000,2626.2000,2627.0000,1,1,2,1,1,2,1,6,3,1
SF,IH2006,2020-04-02 09:34:23.900,2625.0000,17846,0,356645160.000,0,-,-,-,-,2624.6000,2624.4000,2624.2000,2623.6000,2623.2000,2625.6000,2625.8000,2626.0000,2626.2000,2627.0000,1,1,1,2,1,2,1,6,3,1
SF,IH2006,2020-04-02 09:34:24.400,2625.0000,17846,0,356645160.000,0,-,-,-,-,2624.2000,2623.6000,2623.2000,2623.0000,2622.8000,2625.4000,2625.6000,2626.0000,2626.2000,2627.0000,1,2,1,1,3,1,2,6,3,1
SF,IH2006,2020-04-02 09:34:24.900,2625.0000,17846,0,356645160.000,0,-,-,-,-,2624.4000,2624.2000,2623.6000,2623.2000,2623.0000,2625.4000,2626.0000,2626.2000,2627.0000,2627.8000,1,1,2,1,1,2,6,3,1,1
SF,IH2006,2020-04-02 09:34:26.400,2625.0000,17846,0,356645160.000,0,-,-,-,-,2624.4000,2624.2000,2623.6000,2623.2000,2623.0000,2625.4000,2626.0000,2626.2000,2627.0000,2627.8000,1,1,2,1,1,1,6,3,1,1
SF,IH2006,2020-04-02 09:34:26.900,2625.0000,17846,0,356645160.000,0,-,-,-,-,2624.2000,2623.6000,2623.2000,2623.0000,2622.8000,2625.2000,2625.4000,2626.0000,2626.2000,2627.0000,1,2,1,1,3,1,1,6,3,1
SF,IH2006,2020-04-02 09:34:27.400,2625.0000,17846,0,357432660.000,1,0,1,多换,S,2624.2000,2623.6000,2623.2000,2623.0000,2622.8000,2625.2000,2625.6000,2626.0000,2626.2000,2627.0000,1,2,1,1,3,1,1,6,3,1
SF,IH2006,2020-04-02 09:34:27.900,2625.0000,17846,0,357432660.000,0,-,-,-,-,2624.2000,2623.6000,2623.2000,2623.0000,2622.8000,2625.0000,2625.6000,2626.0000,2626.2000,2627.0000,1,2,1,1,3,2,1,6,3,1
SF,IH2006,2020-04-02 09:34:28.400,2625.0000,17846,0,357432660.000,0,-,-,-,-,2624.2000,2623.6000,2623.2000,2623.0000,2622.8000,2625.0000,2625.6000,2626.0000,2626.2000,2627.0000,1,2,1,1,3,1,1,6,3,1
SF,IH2006,2020-04-02 09:34:28.900,2625.0000,17845,-1,358220160.000,1,0,1,双平,S,2624.4000,2624.2000,2623.6000,2623.2000,2623.0000,2625.6000,2626.0000,2626.2000,2627.0000,2627.8000,1,1,2,1,1,1,6,3,1,1
SF,IH2006,2020-04-02 09:34:29.400,2625.0000,17845,0,358220160.000,0,-,-,-,-,2624.4000,2624.2000,2623.6000,2623.2000,2623.0000,2625.4000,2625.6000,2626.0000,2626.2000,2627.0000,2,1,2,1,1,1,1,6,3,1
SF,IH2006,2020-04-02 09:34:29.900,2625.0000,17845,0,358220160.000,0,-,-,-,-,2624.4000,2624.2000,2623.6000,2623.2000,2623.0000,2625.4000,2625.6000,2626.0000,2626.2000,2627.0000,2,1,2,1,1,1,2,6,3,1
