市场代码,合约代码,时间,最新,持仓,增仓,成交额,成交量,开仓,平仓,成交类型,方向,买一价,买二价,买三价,买四价,买五价,卖一价,卖二价,卖三价,卖四价,卖五价,买一量,买二量,买三量,买四量,买五量,卖一量,卖二量,卖三量,卖四量,卖五量
SF,IH2009,2020-02-05 09:29:00.000,2762.0000,2543,0,1657200.000,2.000,-,-,-,-,2762.0000,2759.2000,2756.2000,2755.6000,2755.4000,2770.0000,2775.8000,2777.4000,2780.0000,2782.6000,3,1,1,1,1,1,1,2,1,1
SF,IH2009,2020-02-05 09:30:00.500,2763.4000,2543,0,2486220.000,1,0,1,多换,S,2762.0000,2759.2000,2756.2000,2755.6000,2755.2000,2765.0000,2775.8000,2777.4000,2780.0000,2782.6000,3,1,1,1,1,2,1,2,1,1
SF,IH2009,2020-02-05 09:30:01.000,2764.8000,2542,-1,6630060.000,5,2,3,多平,S,2756.2000,2755.6000,2755.2000,2753.6000,2750.0000,2765.0000,2766.4000,2777.4000,2780.0000,2788.0000,1,1,1,2,1,2,1,2,1,1
SF,IH2009,2020-02-05 09:30:01.500,2764.8000,2542,0,6630060.000,0,-,-,-,-,2763.4000,2758.0000,2756.4000,2756.2000,2756.0000,2764.8000,2777.4000,2780.0000,2788.0000,2796.6000,1,2,5,1,1,1,2,1,1,3
SF,IH2009,2020-02-05 09:30:02.000,2763.6000,2541,-1,7459140.000,1,0,1,双平,S,2763.4000,2758.0000,2756.4000,2756.2000,2755.2000,2764.8000,2770.2000,2777.4000,2780.0000,2788.0000,1,1,1,1,1,1,5,2,1,1
SF,IH2009,2020-02-05 09:30:02.500,2764.6000,2540,-1,9117540.000,2,0,2,多平,S,2756.4000,2756.2000,2755.2000,2751.2000,2750.0000,2764.8000,2765.0000,2770.2000,2780.0000,2788.0000,1,1,1,5,1,1,1,5,1,1
SF,IH2009,2020-02-05 09:30:03.000,2764.6000,2540,0,9117540.000,0,-,-,-,-,2756.6000,2756.4000,2756.2000,2755.2000,2751.2000,2764.6000,2764.8000,2765.0000,2770.2000,2780.0000,1,1,1,1,5,2,1,1,5,1
SF,IH2009,2020-02-05 09:30:03.500,2764.6000,2540,0,9117540.000,0,-,-,-,-,2756.6000,2756.2000,2755.2000,2751.2000,2750.0000,2763.4000,2764.4000,2764.6000,2764.8000,2765.0000,1,1,1,5,1,1,2,2,1,2
SF,IH2009,2020-02-05 09:30:04.000,2764.6000,2540,0,9117540.000,0,-,-,-,-,2756.6000,2756.2000,2755.2000,2751.2000,2750.0000,2763.2000,2763.4000,2764.4000,2764.6000,2764.8000,1,1,1,5,1,3,1,1,1,1
SF,IH2009,2020-02-05 09:30:04.500,2764.6000,2540,0,9117540.000,0,-,-,-,-,2756.8000,2756.6000,2756.2000,2755.2000,2751.2000,2763.2000,2763.4000,2764.4000,2764.6000,2764.8000,1,1,1,1,5,2,1,1,1,1
SF,IH2009,2020-02-05 09:30:05.000,2764.6000,2540,0,9117540.000,0,-,-,-,-,2757.0000,2756.8000,2756.2000,2755.2000,2751.2000,2763.0000,2763.2000,2763.4000,2764.4000,2764.6000,1,1,1,1,5,1,2,1,1,1
SF,IH2009,2020-02-05 09:30:05.500,2764.6000,2540,0,9117540.000,0,-,-,-,-,2757.0000,2756.2000,2755.2000,2751.2000,2750.0000,2762.8000,2763.0000,2763.2000,2763.4000,2764.4000,1,1,1,5,1,3,1,1,1,1
SF,IH2009,2020-02-05 09:30:06.000,2764.6000,2540,0,9117540.000,0,-,-,-,-,2757.0000,2756.2000,2755.2000,2751.2000,2750.0000,2762.6000,2762.8000,2763.0000,2763.2000,2763.4000,1,1,1,5,1,1,3,1,1,1
SF,IH2009,2020-02-05 09:30:06.500,2764.6000,2540,0,9117540.000,0,-,-,-,-,2757.0000,2756.2000,2755.2000,2751.2000,2750.0000,2762.4000,2762.6000,2762.8000,2763.0000,2763.2000,1,1,1,5,1,3,1,1,1,1
SF,IH2009,2020-02-05 09:30:07.000,2764.6000,2540,0,9117540.000,0,-,-,-,-,2757.0000,2756.2000,2755.2000,2751.2000,2750.0000,2762.2000,2762.4000,2762.6000,2762.8000,2763.0000,1,1,1,5,1,1,3,1,1,1
SF,IH2009,2020-02-05 09:30:07.500,2764.6000,2540,0,9117540.000,0,-,-,-,-,2757.0000,2756.2000,2750.0000,2747.4000,2747.0000,2760.0000,2762.0000,2762.2000,2762.4000,2762.6000,1,1,1,5,2,1,3,1,1,6
SF,IH2009,2020-02-05 09:30:08.000,2757.0000,2539,-1,9944640.000,1,0,1,双平,S,2756.2000,2750.0000,2747.4000,2747.0000,2740.0000,2759.8000,2760.0000,2762.0000,2762.2000,2762.4000,1,1,5,2,2,2,1,2,1,1
SF,IH2009,2020-02-05 09:30:08.500,2759.6000,2540,1,10772520.000,1,1,0,双开,S,2756.4000,2756.2000,2750.0000,2747.0000,2743.6000,2759.8000,2760.0000,2762.0000,2762.2000,2762.4000,1,1,1,2,5,2,1,1,1,1
SF,IH2009,2020-02-05 09:30:09.000,2756.4000,2540,0,11599440.000,1,0,1,多换,S,2756.2000,2750.0000,2747.0000,2743.6000,2740.0000,2759.6000,2759.8000,2760.0000,2762.0000,2762.2000,1,1,2,5,2,2,2,1,1,1
SF,IH2009,2020-02-05 09:30:09.500,2756.2000,2540,0,12426300.000,1,0,1,多换,S,2750.0000,2747.0000,2743.6000,2740.0000,2730.2000,2759.4000,2759.6000,2759.8000,2760.0000,2762.0000,1,2,5,2,1,1,2,1,1,1
SF,IH2009,2020-02-05 09:30:10.000,2756.2000,2540,0,12426300.000,0,-,-,-,-,2751.0000,2750.8000,2750.2000,2750.0000,2747.0000,2759.2000,2759.4000,2759.6000,2759.8000,2760.0000,2,1,5,1,2,3,1,1,1,1
SF,IH2009,2020-02-05 09:30:10.500,2756.2000,2540,0,12426300.000,0,-,-,-,-,2751.2000,2751.0000,2750.8000,2750.2000,2750.0000,2758.0000,2759.0000,2759.2000,2759.4000,2759.6000,1,2,1,1,1,1,1,3,1,1
SF,IH2009,2020-02-05 09:30:11.000,2757.8000,2540,0,13253640.000,1,0,1,多换,S,2751.2000,2751.0000,2750.8000,2750.2000,2750.0000,2757.8000,2758.0000,2759.0000,2759.2000,2759.4000,1,2,1,1,1,2,1,1,1,1
SF,IH2009,2020-02-05 09:30:11.500,2757.8000,2540,0,13253640.000,0,-,-,-,-,2751.4000,2751.2000,2751.0000,2750.8000,2750.0000,2757.6000,2757.8000,2758.0000,2759.0000,2759.2000,1,1,1,1,1,1,2,1,1,1
SF,IH2009,2020-02-05 09:30:12.000,2757.8000,2540,0,13253640.000,0,-,-,-,-,2751.6000,2751.4000,2751.0000,2750.8000,2750.0000,2757.4000,2757.6000,2757.8000,2758.0000,2759.0000,1,1,1,1,1,2,1,1,1,1
SF,IH2009,2020-02-05 09:30:12.500,2757.8000,2539,-1,14080980.000,1,0,1,双平,S,2751.8000,2751.6000,2751.4000,2751.0000,2750.8000,2757.4000,2757.8000,2759.0000,2759.2000,2759.4000,1,1,1,1,1,2,1,1,1,1
SF,IH2009,2020-02-05 09:30:13.000,2757.8000,2539,0,14080980.000,0,-,-,-,-,2752.0000,2751.8000,2751.4000,2751.0000,2750.8000,2757.2000,2757.4000,2757.8000,2759.0000,2759.2000,1,1,1,1,1,1,2,1,1,1
SF,IH2009,2020-02-05 09:30:13.500,2757.8000,2539,0,14080980.000,0,-,-,-,-,2752.0000,2751.0000,2750.8000,2750.0000,2747.0000,2757.0000,2757.2000,2757.4000,2757.8000,2759.0000,1,1,1,1,2,3,1,1,1,1
SF,IH2009,2020-02-05 09:30:14.000,2757.8000,2539,0,14080980.000,0,-,-,-,-,2752.0000,2751.0000,2750.8000,2750.0000,2747.0000,2756.8000,2757.0000,2757.4000,2757.8000,2759.0000,1,1,1,1,2,1,3,1,1,1
SF,IH2009,2020-02-05 09:30:14.500,2752.2000,2538,-1,14906640.000,1,0,1,双平,S,2752.0000,2751.0000,2750.8000,2750.0000,2747.0000,2756.6000,2756.8000,2757.0000,2757.4000,2757.8000,1,1,1,1,2,1,1,2,1,1
SF,IH2009,2020-02-05 09:30:15.000,2752.2000,2538,0,14906640.000,0,-,-,-,-,2752.2000,2752.0000,2751.0000,2750.8000,2750.0000,2756.4000,2756.6000,2757.0000,2757.4000,2757.8000,1,1,1,1,1,1,2,1,1,1
SF,IH2009,2020-02-05 09:30:15.500,2752.2000,2538,0,14906640.000,0,-,-,-,-,2752.4000,2752.2000,2751.0000,2750.8000,2750.0000,2756.2000,2757.0000,2757.4000,2757.8000,2759.0000,1,1,1,1,1,1,1,1,1,1
SF,IH2009,2020-02-05 09:30:16.000,2752.2000,2538,0,14906640.000,0,-,-,-,-,2752.4000,2751.0000,2750.8000,2750.0000,2747.0000,2756.2000,2757.4000,2757.8000,2759.0000,2759.2000,1,1,1,1,2,2,1,1,1,1
SF,IH2009,2020-02-05 09:30:16.500,2752.2000,2538,0,14906640.000,0,-,-,-,-,2752.4000,2751.0000,2750.8000,2750.0000,2747.0000,2756.2000,2759.0000,2759.6000,2760.0000,2762.2000,1,1,1,1,2,1,1,1,2,1
SF,IH2009,2020-02-05 09:30:17.000,2752.2000,2538,0,14906640.000,0,-,-,-,-,2752.4000,2751.0000,2750.8000,2750.0000,2747.0000,2756.2000,2759.0000,2759.6000,2760.0000,2762.2000,1,1,1,1,2,1,1,1,2,1
SF,IH2009,2020-02-05 09:30:17.500,2756.2000,2537,-1,15733500.000,1,0,1,双平,S,2752.6000,2751.0000,2750.8000,2750.0000,2747.0000,2759.0000,2760.0000,2762.2000,2762.6000,2762.8000,1,1,1,1,2,1,2,1,6,1
SF,IH2009,2020-02-05 09:30:18.000,2756.2000,2537,0,15733500.000,0,-,-,-,-,2752.8000,2752.6000,2751.0000,2750.8000,2750.0000,2758.8000,2759.0000,2760.0000,2762.2000,2762.6000,1,1,1,1,1,1,1,2,1,6
SF,IH2009,2020-02-05 09:30:18.500,2756.2000,2537,0,15733500.000,0,-,-,-,-,2753.0000,2752.8000,2752.6000,2751.0000,2750.8000,2758.8000,2759.0000,2760.0000,2762.2000,2762.6000,1,1,1,1,1,1,1,2,1,6
SF,IH2009,2020-02-05 09:30:19.000,2756.2000,2537,0,15733500.000,0,-,-,-,-,2753.2000,2753.0000,2752.6000,2751.0000,2750.8000,2758.6000,2758.8000,2759.0000,2760.0000,2762.2000,1,1,1,1,1,1,1,1,2,1
SF,IH2009,2020-02-05 09:30:19.500,2756.2000,2537,0,15733500.000,0,-,-,-,-,2753.2000,2753.0000,2752.6000,2751.0000,2750.8000,2758.4000,2758.6000,2759.0000,2760.0000,2762.2000,1,1,1,1,1,1,1,1,2,1
SF,IH2009,2020-02-05 09:30:20.000,2756.2000,2537,0,15733500.000,0,-,-,-,-,2753.4000,2753.2000,2753.0000,2752.6000,2751.0000,2758.4000,2758.6000,2759.0000,2760.0000,2762.2000,1,1,1,1,1,1,1,1,2,1
SF,IH2009,2020-02-05 09:30:20.500,2756.2000,2537,0,15733500.000,0,-,-,-,-,2753.6000,2753.4000,2753.0000,2752.6000,2751.0000,2758.2000,2758.4000,2758.6000,2759.0000,2760.0000,1,1,1,1,1,1,1,1,1,2
SF,IH2009,2020-02-05 09:30:21.000,2756.2000,2537,0,15733500.000,0,-,-,-,-,2753.8000,2753.6000,2753.4000,2753.0000,2752.6000,2758.0000,2758.6000,2759.0000,2759.8000,2760.0000,1,1,1,1,1,1,1,1,1,2
SF,IH2009,2020-02-05 09:30:21.500,2756.2000,2537,0,15733500.000,0,-,-,-,-,2754.0000,2753.8000,2753.4000,2753.0000,2752.6000,2758.0000,2758.6000,2759.0000,2759.8000,2760.0000,1,1,1,1,1,1,1,1,1,2
SF,IH2009,2020-02-05 09:30:22.000,2756.2000,2537,0,15733500.000,0,-,-,-,-,2754.2000,2754.0000,2753.8000,2753.4000,2753.0000,2758.0000,2758.6000,2759.0000,2759.8000,2760.0000,1,1,1,1,1,1,1,1,1,2
SF,IH2009,2020-02-05 09:30:22.500,2756.2000,2537,0,15733500.000,0,-,-,-,-,2754.4000,2754.2000,2753.8000,2753.4000,2753.0000,2757.8000,2758.0000,2758.6000,2759.0000,2759.8000,1,1,1,1,1,1,1,1,1,1
SF,IH2009,2020-02-05 09:30:23.000,2756.2000,2537,0,15733500.000,0,-,-,-,-,2754.4000,2754.2000,2753.8000,2753.4000,2753.0000,2757.6000,2758.6000,2759.0000,2759.8000,2760.0000,1,1,1,1,1,1,1,1,1,2
SF,IH2009,2020-02-05 09:30:23.500,2756.2000,2537,0,15733500.000,0,-,-,-,-,2754.6000,2754.4000,2754.2000,2753.8000,2753.4000,2757.6000,2758.6000,2759.0000,2759.8000,2760.0000,1,2,1,1,1,2,1,1,1,2
SF,IH2009,2020-02-05 09:30:24.000,2756.2000,2537,0,15733500.000,0,-,-,-,-,2754.8000,2754.6000,2754.4000,2754.2000,2753.8000,2758.6000,2759.0000,2759.8000,2760.0000,2762.2000,1,1,1,1,1,1,1,1,2,1
SF,IH2009,2020-02-05 09:30:24.500,2756.2000,2537,0,15733500.000,0,-,-,-,-,2754.8000,2754.6000,2754.4000,2754.2000,2753.8000,2758.4000,2758.6000,2759.0000,2759.8000,2760.0000,1,1,1,1,1,1,1,1,1,2
SF,IH2009,2020-02-05 09:30:25.000,2756.2000,2537,0,15733500.000,0,-,-,-,-,2755.0000,2754.8000,2754.6000,2754.4000,2754.2000,2758.2000,2758.4000,2758.6000,2759.0000,2759.8000,1,1,1,1,1,1,1,1,1,1
SF,IH2009,2020-02-05 09:30:25.500,2756.2000,2537,0,15733500.000,0,-,-,-,-,2755.2000,2755.0000,2754.6000,2754.4000,2754.2000,2758.0000,2758.2000,2758.6000,2759.0000,2759.8000,1,1,1,1,1,2,1,1,1,1
SF,IH2009,2020-02-05 09:30:26.500,2756.2000,2537,0,15733500.000,0,-,-,-,-,2755.4000,2755.2000,2755.0000,2754.6000,2754.2000,2758.0000,2758.2000,2758.6000,2759.0000,2759.8000,1,1,1,1,1,2,1,1,1,1
SF,IH2009,2020-02-05 09:30:27.000,2756.2000,2537,0,15733500.000,0,-,-,-,-,2755.4000,2755.2000,2755.0000,2754.6000,2754.2000,2757.8000,2758.0000,2758.2000,2758.6000,2759.0000,2,1,1,1,1,1,1,1,1,1
SF,IH2009,2020-02-05 09:30:27.500,2756.2000,2537,0,15733500.000,0,-,-,-,-,2755.6000,2755.4000,2755.0000,2754.6000,2754.2000,2757.6000,2757.8000,2758.2000,2758.6000,2759.0000,1,2,1,1,1,1,1,1,1,1
SF,IH2009,2020-02-05 09:30:28.000,2755.8000,2536,-1,16560240.000,1,0,1,双平,S,2755.6000,2755.4000,2755.0000,2754.6000,2754.2000,2757.6000,2757.8000,2758.2000,2758.6000,2759.0000,1,2,1,1,1,1,1,1,1,1
SF,IH2009,2020-02-05 09:30:28.500,2755.6000,2535,-1,17386920.000,1,0,1,双平,S,2755.4000,2755.0000,2754.6000,2754.2000,2753.8000,2757.4000,2757.6000,2757.8000,2758.2000,2758.6000,1,1,1,1,1,1,1,1,1,1
SF,IH2009,2020-02-05 09:30:29.000,2755.4000,2533,-2,19040220.000,2,0,2,双平,S,2755.0000,2754.6000,2754.2000,2751.0000,2750.8000,2757.4000,2757.8000,2758.2000,2758.6000,2759.0000,1,1,1,1,1,1,1,1,1,1
SF,IH2009,2020-02-05 09:30:29.500,2755.4000,2533,0,19040220.000,0,-,-,-,-,2755.2000,2755.0000,2754.6000,2751.0000,2750.8000,2758.2000,2758.6000,2759.0000,2759.8000,2760.0000,1,1,1,1,1,1,1,1,1,2
SF,IH2009,2020-02-05 09:30:30.000,2755.2000,2532,-1,19866780.000,1,0,1,双平,S,2755.0000,2754.6000,2751.0000,2750.8000,2750.0000,2757.2000,2758.0000,2758.2000,2758.6000,2759.0000,1,1,1,1,1,1,3,1,1,1
SF,IH2009,2020-02-05 09:30:30.500,2755.2000,2532,0,19866780.000,0,-,-,-,-,2755.2000,2755.0000,2754.6000,2751.0000,2750.8000,2757.0000,2758.2000,2758.6000,2759.0000,2759.8000,1,1,1,1,1,1,1,1,1,1
SF,IH2009,2020-02-05 09:30:31.000,2755.2000,2532,0,19866780.000,0,-,-,-,-,2755.0000,2751.0000,2750.8000,2750.0000,2747.0000,2757.0000,2758.2000,2758.6000,2759.0000,2759.8000,1,1,1,1,2,3,1,1,1,1
SF,IH2009,2020-02-05 09:30:31.500,2755.2000,2532,0,19866780.000,0,-,-,-,-,2755.0000,2751.0000,2750.8000,2750.0000,2747.0000,2757.0000,2758.2000,2758.6000,2759.0000,2759.8000,1,1,1,1,2,3,1,1,1,1
SF,IH2009,2020-02-05 09:30:32.000,2755.2000,2532,0,19866780.000,0,-,-,-,-,2751.0000,2750.0000,2747.0000,2743.6000,2740.0000,2757.0000,2758.2000,2758.6000,2759.0000,2759.8000,1,1,2,5,2,3,1,1,1,1
SF,IH2009,2020-02-05 09:30:32.500,2755.2000,2532,0,19866780.000,0,-,-,-,-,2751.2000,2751.0000,2750.0000,2747.0000,2743.6000,2756.8000,2757.0000,2758.2000,2758.6000,2759.0000,1,2,1,2,5,1,3,1,1,1
SF,IH2009,2020-02-05 09:30:33.000,2755.2000,2532,0,19866780.000,0,-,-,-,-,2751.2000,2751.0000,2750.0000,2747.0000,2743.6000,2756.6000,2756.8000,2757.0000,2758.2000,2758.6000,1,2,1,2,5,2,1,2,1,1
SF,IH2009,2020-02-05 09:30:33.500,2755.2000,2532,0,19866780.000,0,-,-,-,-,2751.2000,2751.0000,2750.0000,2747.0000,2743.6000,2756.4000,2756.6000,2757.0000,2758.2000,2758.6000,1,2,1,2,5,2,2,2,1,1
SF,IH2009,2020-02-05 09:30:34.000,2755.2000,2532,0,19866780.000,0,-,-,-,-,2751.2000,2751.0000,2750.0000,2747.0000,2743.6000,2756.2000,2756.4000,2756.6000,2757.0000,2758.2000,1,2,1,2,5,2,2,1,2,1
SF,IH2009,2020-02-05 09:30:34.500,2755.2000,2532,0,19866780.000,0,-,-,-,-,2751.2000,2750.0000,2747.0000,2743.6000,2740.0000,2756.0000,2756.2000,2756.6000,2757.0000,2758.2000,1,1,2,5,2,2,2,1,2,1
SF,IH2009,2020-02-05 09:30:35.000,2755.2000,2532,0,19866780.000,0,-,-,-,-,2751.2000,2750.0000,2747.0000,2743.6000,2740.0000,2755.2000,2755.8000,2756.0000,2756.2000,2756.6000,1,1,2,5,2,1,2,2,1,1
SF,IH2009,2020-02-05 09:30:35.500,2755.2000,2532,0,19866780.000,0,-,-,-,-,2751.2000,2750.0000,2747.0000,2743.6000,2740.0000,2755.0000,2755.2000,2755.8000,2756.2000,2756.6000,1,1,2,5,2,3,1,2,1,1
SF,IH2009,2020-02-05 09:30:36.000,2755.2000,2532,0,19866780.000,0,-,-,-,-,2751.2000,2750.0000,2747.0000,2743.6000,2740.0000,2755.0000,2755.8000,2756.2000,2756.6000,2757.0000,1,1,2,5,2,2,1,1,1,2
SF,IH2009,2020-02-05 09:30:36.500,2755.2000,2532,0,19866780.000,0,-,-,-,-,2751.2000,2751.0000,2750.0000,2747.0000,2743.6000,2755.0000,2755.8000,2756.2000,2756.6000,2757.0000,1,1,1,2,5,2,1,1,1,2
SF,IH2009,2020-02-05 09:30:37.000,2755.2000,2532,0,19866780.000,0,-,-,-,-,2751.2000,2750.0000,2747.0000,2743.6000,2740.0000,2754.8000,2755.0000,2755.2000,2755.8000,2756.2000,1,1,2,5,2,2,2,1,1,1
SF,IH2009,2020-02-05 09:30:37.500,2755.2000,2532,0,19866780.000,0,-,-,-,-,2751.2000,2750.0000,2747.0000,2743.6000,2740.0000,2754.6000,2754.8000,2755.2000,2755.8000,2756.2000,1,1,2,5,2,2,2,1,1,1
SF,IH2009,2020-02-05 09:30:38.000,2755.2000,2532,0,20693340.000,1,0,1,多换,S,2751.2000,2750.0000,2747.0000,2743.6000,2740.0000,2754.6000,2754.8000,2755.2000,2755.8000,2756.2000,1,1,2,5,2,2,1,1,1,1
SF,IH2009,2020-02-05 09:30:39.000,2755.2000,2532,0,20693340.000,0,-,-,-,-,2751.2000,2750.0000,2747.0000,2743.6000,2740.0000,2754.4000,2754.6000,2754.8000,2755.2000,2755.8000,1,1,2,5,2,1,2,1,1,1
SF,IH2009,2020-02-05 09:30:39.500,2755.2000,2532,0,20693340.000,0,-,-,-,-,2751.2000,2750.0000,2747.0000,2743.6000,2740.0000,2754.2000,2754.4000,2754.8000,2755.2000,2755.8000,1,1,2,5,2,2,1,1,1,1
SF,IH2009,2020-02-05 09:30:40.000,2751.2000,2531,-1,21518700.000,1,0,1,双平,S,2750.0000,2747.0000,2743.6000,2740.0000,2726.0000,2754.0000,2754.2000,2754.4000,2754.8000,2755.2000,1,2,5,2,3,1,3,1,1,1
SF,IH2009,2020-02-05 09:30:40.500,2751.2000,2531,0,21518700.000,0,-,-,-,-,2750.2000,2750.0000,2747.0000,2743.6000,2740.0000,2753.8000,2754.0000,2754.4000,2754.8000,2755.2000,1,1,2,5,2,2,2,1,1,1
SF,IH2009,2020-02-05 09:30:41.000,2751.2000,2531,0,21518700.000,0,-,-,-,-,2750.2000,2750.0000,2747.0000,2743.6000,2740.0000,2753.6000,2753.8000,2754.0000,2754.4000,2754.8000,1,1,2,5,2,1,2,2,1,1
SF,IH2009,2020-02-05 09:30:41.500,2751.2000,2531,0,21518700.000,0,-,-,-,-,2750.2000,2750.0000,2747.0000,2743.6000,2740.0000,2753.4000,2753.6000,2754.0000,2754.4000,2754.8000,1,1,2,5,2,2,1,2,1,1
SF,IH2009,2020-02-05 09:30:42.000,2751.2000,2531,0,21518700.000,0,-,-,-,-,2750.0000,2747.0000,2743.6000,2740.0000,2726.0000,2753.2000,2753.4000,2753.6000,2754.0000,2754.4000,1,2,5,2,3,1,3,1,2,1
SF,IH2009,2020-02-05 09:30:42.500,2751.2000,2531,0,21518700.000,0,-,-,-,-,2750.0000,2747.0000,2743.6000,2740.0000,2726.0000,2753.0000,2753.2000,2753.4000,2753.6000,2754.0000,1,2,5,2,3,2,1,1,1,2
SF,IH2009,2020-02-05 09:30:43.000,2751.2000,2531,0,21518700.000,0,-,-,-,-,2750.0000,2747.0000,2743.6000,2740.0000,2726.0000,2752.8000,2753.0000,2753.2000,2753.4000,2753.6000,1,2,5,2,3,1,3,1,1,1
SF,IH2009,2020-02-05 09:30:43.500,2751.2000,2531,0,21518700.000,0,-,-,-,-,2750.0000,2747.0000,2740.0000,2739.8000,2726.0000,2752.6000,2752.8000,2753.0000,2753.2000,2753.4000,1,2,2,5,3,1,1,2,1,1
SF,IH2009,2020-02-05 09:30:44.000,2751.2000,2531,0,21518700.000,0,-,-,-,-,2750.0000,2747.0000,2740.0000,2739.8000,2726.0000,2752.4000,2752.6000,2752.8000,2753.0000,2753.2000,1,2,2,5,3,1,1,1,2,1
SF,IH2009,2020-02-05 09:30:44.500,2751.2000,2531,0,21518700.000,0,-,-,-,-,2750.0000,2747.0000,2740.0000,2739.8000,2726.0000,2752.2000,2752.4000,2752.8000,2753.0000,2753.2000,1,2,2,5,3,1,1,1,1,1
SF,IH2009,2020-02-05 09:30:45.000,2751.2000,2531,0,21518700.000,0,-,-,-,-,2750.0000,2747.0000,2740.0000,2739.8000,2726.0000,2752.2000,2752.4000,2752.8000,2753.0000,2753.2000,1,2,2,5,3,1,1,1,1,1
SF,IH2009,2020-02-05 09:30:45.500,2751.2000,2531,0,21518700.000,0,-,-,-,-,2750.0000,2747.0000,2740.0000,2739.8000,2726.0000,2752.2000,2752.4000,2752.8000,2753.0000,2753.2000,1,2,2,5,3,1,1,1,1,1
SF,IH2009,2020-02-05 09:30:46.000,2751.2000,2531,0,21518700.000,0,-,-,-,-,2750.2000,2750.0000,2747.0000,2740.0000,2739.8000,2752.2000,2752.4000,2752.8000,2753.0000,2753.2000,1,2,2,2,5,1,1,1,1,1
SF,IH2009,2020-02-05 09:30:46.500,2751.2000,2531,0,21518700.000,0,-,-,-,-,2750.0000,2747.0000,2740.0000,2739.8000,2726.0000,2752.0000,2752.2000,2752.4000,2752.8000,2753.0000,2,2,2,5,3,1,1,1,1,1
SF,IH2009,2020-02-05 09:30:47.000,2751.2000,2531,0,21518700.000,0,-,-,-,-,2750.0000,2747.0000,2740.0000,2739.8000,2726.0000,2751.8000,2752.0000,2752.4000,2752.8000,2753.0000,2,2,2,5,3,1,1,1,1,1
SF,IH2009,2020-02-05 09:30:47.500,2751.2000,2531,0,21518700.000,0,-,-,-,-,2750.0000,2747.0000,2740.0000,2739.8000,2726.0000,2751.8000,2752.4000,2752.8000,2753.0000,2753.2000,2,2,2,5,3,1,1,1,1,1
SF,IH2009,2020-02-05 09:30:48.000,2751.2000,2531,0,21518700.000,0,-,-,-,-,2750.0000,2747.0000,2740.0000,2739.8000,2726.0000,2751.6000,2751.8000,2752.4000,2752.8000,2753.0000,2,2,2,5,3,2,1,1,1,1
SF,IH2009,2020-02-05 09:30:48.500,2751.2000,2531,0,21518700.000,0,-,-,-,-,2750.0000,2747.0000,2740.0000,2739.8000,2726.0000,2751.4000,2751.6000,2752.4000,2752.8000,2753.0000,2,2,2,5,3,1,2,1,1,1
SF,IH2009,2020-02-05 09:30:49.000,2750.0000,2530,-1,22343700.000,1,0,1,双平,S,2750.0000,2747.0000,2740.0000,2739.8000,2726.0000,2751.2000,2751.4000,2751.6000,2752.4000,2752.8000,1,2,2,5,3,1,1,1,1,1
SF,IH2009,2020-02-05 09:30:49.500,2750.0000,2530,0,22343700.000,0,-,-,-,-,2750.0000,2747.0000,2740.0000,2739.8000,2726.0000,2751.4000,2751.6000,2752.4000,2752.8000,2753.0000,1,2,2,5,3,1,1,1,1,1
SF,IH2009,2020-02-05 09:30:50.000,2750.0000,2530,0,22343700.000,0,-,-,-,-,2750.2000,2750.0000,2747.0000,2740.0000,2739.8000,2751.2000,2752.4000,2752.8000,2753.0000,2753.2000,1,1,2,2,5,1,1,1,1,1
SF,IH2009,2020-02-05 09:30:50.500,2751.0000,2529,-1,23169000.000,1,0,1,双平,S,2750.2000,2750.0000,2747.0000,2740.0000,2739.8000,2751.2000,2752.4000,2752.8000,2753.0000,2753.2000,1,1,2,2,5,1,1,1,1,1
SF,IH2009,2020-02-05 09:30:51.000,2751.0000,2529,0,23169000.000,0,-,-,-,-,2750.0000,2747.0000,2740.0000,2739.8000,2726.0000,2751.2000,2752.4000,2752.8000,2753.0000,2753.2000,1,2,2,5,3,1,1,1,1,1
SF,IH2009,2020-02-05 09:30:51.500,2751.0000,2529,0,23169000.000,0,-,-,-,-,2750.0000,2747.0000,2740.0000,2739.8000,2726.0000,2752.4000,2752.8000,2753.0000,2753.2000,2755.2000,1,2,2,5,3,1,1,1,1,1
SF,IH2009,2020-02-05 09:30:52.000,2751.0000,2529,0,23169000.000,0,-,-,-,-,2750.0000,2747.0000,2740.0000,2739.8000,2726.0000,2752.2000,2752.4000,2752.8000,2753.2000,2755.2000,1,2,2,5,3,2,1,1,1,1
SF,IH2009,2020-02-05 09:30:52.500,2751.0000,2529,0,23169000.000,0,-,-,-,-,2750.0000,2747.0000,2740.0000,2739.8000,2726.0000,2752.2000,2752.4000,2752.8000,2753.2000,2755.2000,1,2,2,5,3,2,1,1,1,1
SF,IH2009,2020-02-05 09:30:53.000,2751.0000,2529,0,23169000.000,0,-,-,-,-,2750.2000,2750.0000,2747.0000,2740.0000,2739.8000,2752.2000,2752.4000,2752.8000,2753.2000,2755.2000,1,1,2,2,5,1,1,1,1,1
SF,IH2009,2020-02-05 09:30:53.500,2751.0000,2529,0,23169000.000,0,-,-,-,-,2750.2000,2750.0000,2747.0000,2740.0000,2739.8000,2752.0000,2752.2000,2752.4000,2752.8000,2753.2000,1,1,2,2,5,1,1,1,1,1
SF,IH2009,2020-02-05 09:30:54.000,2751.0000,2529,0,23169000.000,0,-,-,-,-,2750.0000,2747.0000,2740.0000,2739.8000,2726.0000,2751.8000,2752.0000,2752.4000,2752.8000,2753.2000,1,2,2,5,3,1,2,1,1,1
SF,IH2009,2020-02-05 09:30:54.500,2751.0000,2529,0,23169000.000,0,-,-,-,-,2750.0000,2747.0000,2740.0000,2739.8000,2726.0000,2751.8000,2752.0000,2752.4000,2752.8000,2753.2000,1,2,2,5,3,1,1,1,1,1
SF,IH2009,2020-02-05 09:30:55.000,2751.0000,2529,0,23169000.000,0,-,-,-,-,2750.0000,2747.0000,2740.0000,2739.8000,2726.0000,2751.6000,2751.8000,2752.0000,2752.4000,2752.8000,1,2,2,5,3,1,1,1,1,1
SF,IH2009,2020-02-05 09:30:55.500,2751.0000,2529,0,23169000.000,0,-,-,-,-,2750.0000,2747.0000,2740.0000,2739.8000,2726.0000,2751.4000,2752.0000,2752.4000,2752.8000,2753.2000,1,2,2,5,3,1,1,1,1,1
SF,IH2009,2020-02-05 09:30:56.000,2751.4000,2529,0,23994420.000,1,0,1,多换,S,2750.0000,2747.0000,2740.0000,2739.8000,2726.0000,2752.0000,2752.4000,2752.8000,2753.2000,2755.2000,1,2,2,5,3,1,1,1,1,1
SF,IH2009,2020-02-05 09:30:56.500,2751.4000,2529,0,23994420.000,0,-,-,-,-,2750.2000,2750.0000,2747.0000,2740.0000,2739.8000,2751.8000,2752.0000,2752.4000,2752.8000,2753.2000,1,1,2,2,5,1,1,1,1,1
SF,IH2009,2020-02-05 09:30:57.000,2751.4000,2529,0,23994420.000,0,-,-,-,-,2750.2000,2750.0000,2747.0000,2740.0000,2739.8000,2752.0000,2752.4000,2752.8000,2753.2000,2755.2000,1,1,2,2,5,1,1,1,1,1
SF,IH2009,2020-02-05 09:30:57.500,2751.4000,2529,0,23994420.000,0,-,-,-,-,2750.2000,2750.0000,2747.0000,2740.0000,2739.8000,2751.6000,2751.8000,2752.0000,2752.4000,2752.8000,1,1,2,2,5,1,1,1,1,1
SF,IH2009,2020-02-05 09:30:58.000,2751.4000,2529,0,23994420.000,0,-,-,-,-,2751.6000,2750.2000,2750.0000,2747.0000,2740.0000,2752.0000,2752.4000,2752.8000,2753.2000,2755.2000,1,1,1,2,2,1,1,1,1,1
SF,IH2009,2020-02-05 09:30:58.500,2751.6000,2528,-1,24819900.000,1,0,1,双平,S,2750.2000,2750.0000,2747.0000,2740.0000,2739.8000,2751.6000,2752.4000,2752.8000,2753.2000,2755.2000,1,1,2,2,5,1,1,1,1,1
SF,IH2009,2020-02-05 09:30:59.500,2751.6000,2528,0,24819900.000,0,-,-,-,-,2750.2000,2750.0000,2747.0000,2740.0000,2739.8000,2752.8000,2753.2000,2755.2000,2758.8000,2759.8000,1,1,2,2,5,1,1,1,5,1
SF,IH2009,2020-02-05 09:31:00.500,2751.6000,2528,0,24819900.000,0,-,-,-,-,2750.2000,2750.0000,2747.0000,2740.0000,2739.8000,2752.8000,2753.2000,2755.2000,2758.8000,2759.8000,2,1,2,2,5,1,1,1,5,1
SF,IH2009,2020-02-05 09:31:01.000,2751.6000,2528,0,24819900.000,0,-,-,-,-,2750.2000,2750.0000,2747.0000,2740.0000,2739.8000,2752.6000,2752.8000,2753.2000,2755.2000,2758.8000,2,1,2,2,5,1,1,1,1,5
SF,IH2009,2020-02-05 09:31:01.500,2751.6000,2528,0,24819900.000,0,-,-,-,-,2750.2000,2750.0000,2747.0000,2740.0000,2739.8000,2752.4000,2752.6000,2752.8000,2753.2000,2755.2000,1,1,2,2,5,1,1,1,1,1
SF,IH2009,2020-02-05 09:31:02.000,2751.6000,2528,0,24819900.000,0,-,-,-,-,2750.2000,2750.0000,2747.0000,2740.0000,2739.8000,2752.4000,2752.8000,2753.2000,2755.2000,2758.8000,1,1,2,2,5,1,1,1,1,5
SF,IH2009,2020-02-05 09:31:04.500,2751.6000,2528,0,24819900.000,0,-,-,-,-,2750.2000,2750.0000,2747.0000,2740.0000,2739.8000,2752.4000,2752.8000,2753.2000,2755.2000,2758.8000,1,1,2,2,5,1,1,1,1,5
SF,IH2009,2020-02-05 09:31:05.500,2750.2000,2528,0,25644960.000,1,0,1,多换,S,2750.0000,2747.0000,2740.0000,2739.8000,2726.0000,2752.2000,2752.4000,2752.8000,2753.2000,2755.2000,1,2,2,5,3,1,1,1,1,1
SF,IH2009,2020-02-05 09:31:06.000,2750.0000,2527,-1,26469960.000,1,0,1,双平,S,2747.0000,2740.0000,2739.8000,2726.0000,2722.2000,2750.0000,2752.2000,2752.4000,2752.8000,2753.2000,2,2,5,3,1,1,1,1,1,1
SF,IH2009,2020-02-05 09:31:06.500,2750.0000,2527,0,26469960.000,0,-,-,-,-,2747.2000,2747.0000,2740.0000,2739.8000,2726.0000,2750.0000,2751.0000,2752.2000,2752.4000,2752.8000,1,2,2,5,3,2,1,1,1,1
SF,IH2009,2020-02-05 09:31:07.000,2750.0000,2527,0,26469960.000,0,-,-,-,-,2747.2000,2747.0000,2740.0000,2739.8000,2726.0000,2750.0000,2752.2000,2752.4000,2752.8000,2753.2000,1,2,2,5,3,2,1,1,1,1
SF,IH2009,2020-02-05 09:31:07.500,2750.0000,2527,0,26469960.000,0,-,-,-,-,2747.2000,2747.0000,2740.0000,2739.8000,2726.0000,2750.0000,2752.2000,2752.4000,2752.8000,2753.2000,1,2,2,5,3,2,1,1,1,1
SF,IH2009,2020-02-05 09:31:09.000,2750.0000,2527,0,26469960.000,0,-,-,-,-,2747.2000,2747.0000,2740.0000,2739.8000,2726.0000,2749.8000,2750.0000,2752.2000,2752.4000,2752.8000,1,2,2,5,3,1,2,1,1,1
SF,IH2009,2020-02-05 09:31:09.500,2750.0000,2527,0,26469960.000,0,-,-,-,-,2747.2000,2747.0000,2740.0000,2739.8000,2726.0000,2749.6000,2749.8000,2750.0000,2752.2000,2752.4000,1,2,2,5,3,1,1,2,1,1
SF,IH2009,2020-02-05 09:31:10.000,2750.0000,2527,0,26469960.000,0,-,-,-,-,2747.2000,2747.0000,2740.0000,2739.8000,2726.0000,2749.6000,2750.0000,2752.2000,2752.4000,2752.8000,1,2,2,5,3,1,2,1,1,1
SF,IH2009,2020-02-05 09:31:10.500,2750.0000,2527,0,27294960.000,1,0,1,多换,S,2747.2000,2747.0000,2740.0000,2739.8000,2722.2000,2750.0000,2752.2000,2752.4000,2752.8000,2753.2000,1,2,2,5,1,2,1,1,1,1
SF,IH2009,2020-02-05 09:31:11.000,2750.0000,2527,0,27294960.000,0,-,-,-,-,2747.2000,2747.0000,2740.0000,2739.8000,2722.2000,2749.4000,2750.0000,2752.2000,2752.4000,2752.8000,1,2,2,5,1,1,2,1,1,1
SF,IH2009,2020-02-05 09:31:11.500,2750.0000,2527,0,27294960.000,0,-,-,-,-,2747.2000,2747.0000,2740.0000,2739.8000,2722.2000,2749.4000,2750.0000,2752.2000,2752.4000,2752.8000,1,2,2,5,1,1,2,1,1,1
SF,IH2009,2020-02-05 09:31:13.500,2750.0000,2527,0,27294960.000,0,-,-,-,-,2747.2000,2747.0000,2740.0000,2739.8000,2722.2000,2750.0000,2752.2000,2752.4000,2752.8000,2753.2000,1,2,2,5,1,2,1,1,1,1
SF,IH2009,2020-02-05 09:31:15.000,2750.0000,2527,0,27294960.000,0,-,-,-,-,2747.2000,2747.0000,2740.0000,2739.8000,2722.2000,2750.0000,2752.2000,2752.4000,2752.8000,2753.2000,1,2,2,5,1,1,1,1,1,1
SF,IH2009,2020-02-05 09:31:16.000,2747.2000,2526,-1,28944120.000,2,0,2,多平,S,2747.0000,2740.0000,2739.8000,2722.2000,2720.0000,2750.0000,2752.2000,2752.4000,2752.8000,2753.2000,2,2,5,1,1,1,1,1,1,1
SF,IH2009,2020-02-05 09:31:16.500,2747.2000,2526,0,28944120.000,0,-,-,-,-,2747.0000,2740.0000,2739.8000,2722.2000,2720.0000,2750.0000,2752.2000,2752.4000,2752.8000,2753.2000,2,2,5,1,1,1,1,1,1,1
SF,IH2009,2020-02-05 09:31:17.000,2747.2000,2526,0,28944120.000,0,-,-,-,-,2747.0000,2740.0000,2739.8000,2722.2000,2720.0000,2750.0000,2752.2000,2752.4000,2752.8000,2753.2000,2,2,5,1,1,1,1,1,1,1
SF,IH2009,2020-02-05 09:31:17.500,2747.2000,2526,0,28944120.000,0,-,-,-,-,2747.0000,2740.0000,2739.8000,2722.2000,2720.0000,2750.0000,2752.2000,2752.4000,2752.8000,2753.2000,2,2,5,1,1,1,1,1,1,1
SF,IH2009,2020-02-05 09:31:18.000,2747.2000,2526,0,28944120.000,0,-,-,-,-,2747.0000,2740.0000,2739.8000,2722.2000,2720.0000,2750.0000,2752.2000,2752.4000,2752.8000,2753.2000,2,2,5,1,1,1,1,1,1,1
SF,IH2009,2020-02-05 09:31:18.500,2747.2000,2526,0,28944120.000,0,-,-,-,-,2747.0000,2740.0000,2739.8000,2722.2000,2720.0000,2750.0000,2752.2000,2752.4000,2752.8000,2753.2000,2,2,5,1,1,1,1,1,1,1
SF,IH2009,2020-02-05 09:31:19.000,2747.2000,2526,0,28944120.000,0,-,-,-,-,2747.0000,2740.0000,2739.8000,2722.2000,2720.0000,2752.2000,2752.4000,2752.8000,2753.2000,2755.2000,3,2,5,1,1,1,1,1,1,1
SF,IH2009,2020-02-05 09:31:19.500,2747.2000,2526,0,28944120.000,0,-,-,-,-,2747.0000,2740.0000,2739.8000,2722.2000,2720.0000,2752.2000,2752.4000,2752.8000,2753.2000,2755.2000,3,2,5,1,1,1,1,1,1,1
SF,IH2009,2020-02-05 09:31:20.000,2747.2000,2526,0,28944120.000,0,-,-,-,-,2747.0000,2740.0000,2739.8000,2722.2000,2720.0000,2752.0000,2752.2000,2752.4000,2752.8000,2753.2000,3,2,5,1,1,1,1,1,1,1
SF,IH2009,2020-02-05 09:31:20.500,2747.2000,2526,0,28944120.000,0,-,-,-,-,2747.0000,2740.0000,2739.8000,2722.2000,2720.0000,2752.0000,2752.4000,2752.8000,2753.2000,2755.2000,3,2,5,1,1,1,1,1,1,1
SF,IH2009,2020-02-05 09:31:21.000,2747.2000,2526,0,28944120.000,0,-,-,-,-,2747.0000,2740.0000,2739.8000,2722.2000,2720.0000,2752.0000,2752.4000,2752.8000,2753.2000,2755.2000,3,2,5,1,1,1,1,1,1,1
SF,IH2009,2020-02-05 09:31:21.500,2747.2000,2526,0,28944120.000,0,-,-,-,-,2747.0000,2740.0000,2739.8000,2722.2000,2720.0000,2752.8000,2753.2000,2755.2000,2758.8000,2759.8000,3,2,5,1,1,1,1,1,5,1
SF,IH2009,2020-02-05 09:31:22.000,2747.2000,2526,0,28944120.000,0,-,-,-,-,2747.0000,2740.0000,2739.8000,2722.2000,2720.0000,2751.8000,2752.6000,2752.8000,2753.2000,2755.2000,3,2,5,1,1,1,1,1,1,1
SF,IH2009,2020-02-05 09:31:22.500,2747.2000,2526,0,28944120.000,0,-,-,-,-,2747.0000,2740.0000,2739.8000,2722.2000,2720.0000,2752.6000,2752.8000,2753.2000,2755.2000,2758.8000,3,2,5,1,1,1,1,1,1,5
SF,IH2009,2020-02-05 09:31:23.000,2747.2000,2526,0,28944120.000,0,-,-,-,-,2747.0000,2740.0000,2739.8000,2722.2000,2720.0000,2751.6000,2752.6000,2752.8000,2753.2000,2755.2000,3,2,5,1,1,1,1,1,1,1
SF,IH2009,2020-02-05 09:31:23.500,2747.2000,2526,0,28944120.000,0,-,-,-,-,2747.0000,2740.0000,2739.8000,2722.2000,2720.0000,2751.4000,2751.6000,2752.4000,2752.6000,2752.8000,3,2,5,1,1,2,1,1,1,1
SF,IH2009,2020-02-05 09:31:24.000,2747.2000,2526,0,28944120.000,0,-,-,-,-,2747.0000,2740.0000,2739.8000,2722.2000,2720.0000,2751.4000,2752.8000,2753.2000,2755.2000,2758.8000,3,2,5,1,1,2,1,1,1,5
SF,IH2009,2020-02-05 09:31:24.500,2747.2000,2526,0,28944120.000,0,-,-,-,-,2747.0000,2740.0000,2739.8000,2722.2000,2720.0000,2751.4000,2752.0000,2752.8000,2753.2000,2755.2000,3,2,5,1,1,1,1,1,1,1
SF,IH2009,2020-02-05 09:31:27.500,2747.2000,2526,0,28944120.000,0,-,-,-,-,2747.0000,2740.0000,2739.8000,2722.2000,2720.0000,2751.4000,2752.0000,2752.8000,2753.2000,2755.2000,3,2,5,1,1,1,1,1,1,1
SF,IH2009,2020-02-05 09:31:28.000,2747.2000,2526,0,28944120.000,0,-,-,-,-,2748.8000,2747.0000,2740.0000,2739.8000,2722.2000,2752.0000,2752.8000,2753.2000,2755.2000,2757.4000,1,3,2,5,1,1,1,1,1,3
SF,IH2009,2020-02-05 09:31:28.500,2747.2000,2526,0,28944120.000,0,-,-,-,-,2748.8000,2747.0000,2740.0000,2739.8000,2722.2000,2752.0000,2752.8000,2753.2000,2755.2000,2757.4000,1,3,2,5,1,1,1,1,1,3
SF,IH2009,2020-02-05 09:31:29.000,2747.2000,2526,0,28944120.000,0,-,-,-,-,2748.8000,2747.0000,2740.0000,2739.8000,2722.2000,2752.0000,2752.8000,2753.2000,2755.2000,2757.4000,1,3,2,5,1,1,1,1,1,3
SF,IH2009,2020-02-05 09:31:29.500,2747.2000,2526,0,28944120.000,0,-,-,-,-,2748.8000,2747.2000,2747.0000,2740.0000,2739.8000,2751.8000,2752.0000,2752.8000,2753.2000,2755.2000,1,1,3,2,5,2,1,1,1,1
SF,IH2009,2020-02-05 09:31:30.000,2747.2000,2526,0,28944120.000,0,-,-,-,-,2748.8000,2747.2000,2747.0000,2740.0000,2739.8000,2751.8000,2752.0000,2752.8000,2753.2000,2755.2000,1,1,3,2,5,3,1,1,1,1
SF,IH2009,2020-02-05 09:31:30.500,2747.2000,2526,0,28944120.000,0,-,-,-,-,2748.8000,2747.4000,2747.2000,2747.0000,2740.0000,2751.8000,2752.0000,2752.8000,2753.2000,2755.2000,1,1,1,3,2,2,1,1,1,1
SF,IH2009,2020-02-05 09:31:31.500,2747.2000,2526,0,28944120.000,0,-,-,-,-,2748.8000,2747.4000,2747.2000,2747.0000,2740.0000,2751.6000,2751.8000,2752.0000,2752.8000,2753.2000,1,1,1,3,2,1,2,1,1,1
SF,IH2009,2020-02-05 09:31:32.000,2747.2000,2526,0,28944120.000,0,-,-,-,-,2748.8000,2747.4000,2747.2000,2747.0000,2740.0000,2751.6000,2751.8000,2752.0000,2752.8000,2753.2000,1,1,1,3,2,1,2,1,1,1
SF,IH2009,2020-02-05 09:31:32.500,2747.2000,2526,0,28944120.000,0,-,-,-,-,2748.8000,2747.4000,2747.2000,2747.0000,2740.0000,2751.4000,2751.6000,2751.8000,2752.0000,2752.8000,1,1,1,3,2,1,1,2,1,1
SF,IH2009,2020-02-05 09:31:33.000,2747.2000,2526,0,28944120.000,0,-,-,-,-,2748.8000,2747.4000,2747.2000,2747.0000,2740.0000,2751.2000,2751.4000,2751.6000,2751.8000,2752.0000,1,1,1,3,2,1,1,1,2,1
SF,IH2009,2020-02-05 09:31:33.500,2747.2000,2526,0,28944120.000,0,-,-,-,-,2748.8000,2747.2000,2747.0000,2740.0000,2739.8000,2751.0000,2751.2000,2751.4000,2751.6000,2751.8000,1,1,2,2,5,1,1,1,1,2
SF,IH2009,2020-02-05 09:31:34.000,2747.2000,2526,0,28944120.000,0,-,-,-,-,2748.8000,2747.2000,2747.0000,2740.0000,2739.8000,2751.0000,2751.4000,2751.8000,2752.0000,2752.8000,1,1,2,2,5,2,1,2,1,1
SF,IH2009,2020-02-05 09:31:34.500,2747.2000,2526,0,28944120.000,0,-,-,-,-,2748.8000,2747.2000,2747.0000,2740.0000,2739.8000,2751.4000,2751.8000,2752.0000,2752.8000,2753.2000,1,1,2,2,5,1,2,1,1,1
SF,IH2009,2020-02-05 09:31:35.000,2747.2000,2526,0,28944120.000,0,-,-,-,-,2748.8000,2747.2000,2747.0000,2740.0000,2739.8000,2751.2000,2751.4000,2751.8000,2752.0000,2752.8000,1,1,2,2,5,1,1,2,1,1
SF,IH2009,2020-02-05 09:31:35.500,2747.2000,2526,0,28944120.000,0,-,-,-,-,2748.8000,2748.2000,2747.2000,2747.0000,2740.0000,2751.2000,2751.4000,2751.8000,2752.0000,2752.8000,1,1,1,2,2,1,1,2,1,1
SF,IH2009,2020-02-05 09:31:36.000,2747.2000,2526,0,28944120.000,0,-,-,-,-,2748.8000,2748.2000,2747.2000,2747.0000,2740.0000,2751.8000,2752.0000,2752.8000,2753.2000,2755.2000,1,1,1,2,2,1,1,1,1,1
SF,IH2009,2020-02-05 09:31:37.000,2747.2000,2526,0,28944120.000,0,-,-,-,-,2748.8000,2748.2000,2747.2000,2747.0000,2740.0000,2751.6000,2751.8000,2752.0000,2752.8000,2753.2000,1,1,1,2,2,2,1,1,1,1
SF,IH2009,2020-02-05 09:31:38.000,2747.2000,2526,0,28944120.000,0,-,-,-,-,2748.8000,2748.2000,2747.2000,2747.0000,2740.0000,2751.8000,2752.0000,2752.8000,2753.2000,2755.2000,1,1,1,2,2,1,1,1,1,1
SF,IH2009,2020-02-05 09:31:38.500,2747.2000,2526,0,28944120.000,0,-,-,-,-,2748.8000,2748.2000,2747.2000,2747.0000,2740.0000,2751.6000,2752.0000,2752.8000,2753.2000,2755.2000,1,1,1,2,2,1,1,1,1,1
SF,IH2009,2020-02-05 09:31:41.500,2747.2000,2526,0,28944120.000,0,-,-,-,-,2749.6000,2748.8000,2748.2000,2747.2000,2747.0000,2751.6000,2752.0000,2752.8000,2753.2000,2755.2000,1,1,1,1,2,1,1,1,1,1
SF,IH2009,2020-02-05 09:31:44.500,2747.2000,2526,0,28944120.000,0,-,-,-,-,2749.6000,2748.8000,2748.2000,2747.2000,2747.0000,2751.4000,2751.6000,2752.0000,2752.8000,2753.2000,1,1,1,1,2,1,1,1,1,1
SF,IH2009,2020-02-05 09:31:45.000,2747.2000,2526,0,28944120.000,0,-,-,-,-,2749.6000,2748.8000,2748.2000,2747.2000,2747.0000,2751.2000,2751.4000,2751.6000,2752.0000,2752.8000,1,1,1,1,2,1,1,1,1,1
SF,IH2009,2020-02-05 09:31:45.500,2747.2000,2526,0,28944120.000,0,-,-,-,-,2749.6000,2748.8000,2748.2000,2747.2000,2747.0000,2751.2000,2751.4000,2752.0000,2752.8000,2753.2000,1,1,1,1,2,1,1,1,1,1
SF,IH2009,2020-02-05 09:31:48.500,2749.6000,2526,0,29769000.000,1,0,1,多换,S,2748.8000,2748.2000,2747.2000,2747.0000,2740.0000,2749.6000,2751.0000,2751.2000,2751.4000,2752.0000,1,1,1,2,2,1,2,1,1,1
SF,IH2009,2020-02-05 09:31:49.000,2749.6000,2526,0,29769000.000,0,-,-,-,-,2749.6000,2748.8000,2748.2000,2747.2000,2747.0000,2751.4000,2752.0000,2752.8000,2753.2000,2755.2000,2,1,1,1,2,1,1,1,1,1
SF,IH2009,2020-02-05 09:31:49.500,2749.6000,2526,0,29769000.000,0,-,-,-,-,2749.6000,2748.8000,2748.2000,2747.2000,2747.0000,2751.2000,2751.4000,2752.0000,2752.8000,2753.2000,2,1,1,1,2,1,1,1,1,1
SF,IH2009,2020-02-05 09:31:50.000,2749.6000,2526,0,29769000.000,0,-,-,-,-,2749.6000,2748.8000,2748.2000,2747.2000,2747.0000,2751.2000,2751.4000,2752.0000,2752.8000,2753.2000,2,1,1,1,2,1,1,1,1,1
SF,IH2009,2020-02-05 09:31:50.500,2749.6000,2526,0,29769000.000,0,-,-,-,-,2749.6000,2748.8000,2748.2000,2747.2000,2747.0000,2751.0000,2751.2000,2751.4000,2752.0000,2752.8000,2,1,1,1,2,1,1,1,1,1
SF,IH2009,2020-02-05 09:31:51.000,2749.6000,2526,0,29769000.000,0,-,-,-,-,2749.6000,2748.8000,2748.2000,2747.2000,2747.0000,2750.8000,2751.0000,2751.4000,2752.0000,2752.8000,2,1,1,1,2,1,2,1,1,1
SF,IH2009,2020-02-05 09:31:51.500,2749.6000,2526,0,29769000.000,0,-,-,-,-,2749.6000,2748.8000,2748.2000,2747.2000,2747.0000,2750.8000,2751.0000,2751.4000,2752.0000,2752.8000,2,1,1,1,2,2,2,1,1,1
SF,IH2009,2020-02-05 09:31:52.000,2749.6000,2526,0,29769000.000,0,-,-,-,-,2749.6000,2748.8000,2748.2000,2747.2000,2747.0000,2750.6000,2750.8000,2751.0000,2751.4000,2752.0000,2,1,1,1,2,1,2,3,1,1
SF,IH2009,2020-02-05 09:31:52.500,2749.6000,2526,0,29769000.000,0,-,-,-,-,2748.8000,2748.2000,2747.2000,2747.0000,2740.0000,2750.4000,2750.6000,2750.8000,2751.0000,2751.4000,1,1,1,2,2,1,1,1,3,1
SF,IH2009,2020-02-05 09:31:53.000,2749.6000,2526,0,29769000.000,0,-,-,-,-,2748.8000,2748.2000,2747.2000,2747.0000,2740.0000,2749.6000,2750.2000,2750.4000,2750.6000,2750.8000,1,1,1,2,2,1,1,1,1,1
SF,IH2009,2020-02-05 09:31:53.500,2748.8000,2526,0,30593640.000,1,0,1,多换,S,2748.2000,2747.2000,2747.0000,2740.0000,2739.8000,2750.2000,2750.4000,2750.6000,2751.0000,2751.4000,1,1,2,2,5,1,1,1,2,1
SF,IH2009,2020-02-05 09:31:54.000,2748.8000,2526,0,30593640.000,0,-,-,-,-,2748.2000,2747.2000,2747.0000,2740.0000,2739.8000,2750.0000,2750.2000,2750.6000,2751.0000,2751.4000,1,1,2,2,5,2,1,1,2,1
SF,IH2009,2020-02-05 09:31:54.500,2748.8000,2526,0,30593640.000,0,-,-,-,-,2748.2000,2747.0000,2740.0000,2739.8000,2722.2000,2749.8000,2750.0000,2750.2000,2750.6000,2751.0000,1,2,2,5,1,1,2,1,1,2
SF,IH2009,2020-02-05 09:31:55.000,2748.8000,2526,0,30593640.000,0,-,-,-,-,2748.2000,2747.0000,2740.0000,2739.8000,2722.2000,2749.6000,2749.8000,2750.0000,2750.2000,2750.6000,1,2,2,5,1,2,1,1,1,1
SF,IH2009,2020-02-05 09:31:55.500,2748.2000,2526,0,31418100.000,1,0,1,多换,S,2747.0000,2740.0000,2739.8000,2722.2000,2720.0000,2749.4000,2749.6000,2749.8000,2750.0000,2750.2000,2,2,5,1,1,1,1,1,1,1
SF,IH2009,2020-02-05 09:31:56.000,2748.2000,2526,0,31418100.000,0,-,-,-,-,2747.0000,2740.0000,2739.8000,2722.2000,2720.0000,2749.2000,2749.4000,2749.6000,2749.8000,2750.2000,2,2,5,1,1,2,1,1,1,1
SF,IH2009,2020-02-05 09:31:56.500,2748.2000,2526,0,31418100.000,0,-,-,-,-,2747.0000,2740.0000,2736.0000,2722.2000,2720.0000,2749.2000,2749.4000,2749.8000,2750.2000,2750.6000,3,2,5,1,1,2,1,1,1,1
SF,IH2009,2020-02-05 09:31:57.000,2748.2000,2526,0,31418100.000,0,-,-,-,-,2747.0000,2740.0000,2736.0000,2722.2000,2720.0000,2749.0000,2749.2000,2749.4000,2749.8000,2750.2000,3,2,5,1,1,1,2,1,1,1
SF,IH2009,2020-02-05 09:31:57.500,2748.2000,2526,0,31418100.000,0,-,-,-,-,2747.0000,2740.0000,2736.0000,2722.2000,2720.0000,2748.8000,2749.0000,2749.4000,2749.8000,2750.2000,3,2,5,1,1,1,1,1,1,1
SF,IH2009,2020-02-05 09:31:58.000,2748.2000,2526,0,31418100.000,0,-,-,-,-,2747.0000,2740.0000,2736.0000,2722.2000,2720.0000,2748.6000,2748.8000,2749.0000,2749.4000,2749.8000,3,2,5,1,1,1,1,1,1,1
SF,IH2009,2020-02-05 09:31:58.500,2748.2000,2526,0,31418100.000,0,-,-,-,-,2747.0000,2740.0000,2736.0000,2722.2000,2720.0000,2748.4000,2748.6000,2749.0000,2749.4000,2749.8000,3,2,5,1,1,1,1,1,1,1
SF,IH2009,2020-02-05 09:31:59.000,2748.6000,2524,-2,33067200.000,2,0,2,双平,S,2747.0000,2740.0000,2736.0000,2722.2000,2720.0000,2749.0000,2749.4000,2749.8000,2750.2000,2751.0000,3,2,5,1,1,1,1,1,1,1
SF,IH2009,2020-02-05 09:31:59.500,2748.6000,2524,0,33067200.000,0,-,-,-,-,2747.2000,2747.0000,2740.0000,2736.0000,2722.2000,2749.0000,2749.4000,2749.8000,2750.2000,2751.0000,1,3,2,5,1,1,1,1,1,1
SF,IH2009,2020-02-05 09:32:00.000,2748.6000,2524,0,33067200.000,0,-,-,-,-,2748.4000,2747.2000,2747.0000,2740.0000,2736.0000,2749.8000,2750.2000,2751.0000,2752.0000,2755.0000,1,2,3,2,5,1,1,1,1,5
SF,IH2009,2020-02-05 09:32:00.500,2748.6000,2524,0,33067200.000,0,-,-,-,-,2748.4000,2747.2000,2747.0000,2740.0000,2736.0000,2749.6000,2750.2000,2751.0000,2752.0000,2755.0000,1,1,3,2,5,1,1,1,1,5
SF,IH2009,2020-02-05 09:32:01.000,2748.6000,2524,0,33067200.000,0,-,-,-,-,2748.4000,2747.0000,2740.0000,2736.0000,2722.2000,2749.4000,2749.6000,2750.2000,2751.0000,2752.0000,1,3,2,5,1,3,3,1,1,1
SF,IH2009,2020-02-05 09:32:01.500,2748.4000,2525,1,33891720.000,1,1,0,双开,S,2747.0000,2740.0000,2736.0000,2722.2000,2720.0000,2749.4000,2749.6000,2750.2000,2751.0000,2752.0000,3,2,5,1,1,2,2,1,1,1
SF,IH2009,2020-02-05 09:32:02.000,2748.4000,2525,0,33891720.000,0,-,-,-,-,2747.0000,2740.0000,2736.0000,2722.2000,2720.0000,2749.0000,2749.2000,2749.4000,2749.6000,2750.2000,3,2,5,1,1,1,2,1,1,1
SF,IH2009,2020-02-05 09:32:02.500,2748.4000,2525,0,33891720.000,0,-,-,-,-,2747.0000,2740.0000,2736.0000,2722.2000,2720.0000,2748.8000,2749.2000,2749.4000,2750.2000,2751.0000,2,2,5,1,1,2,1,1,1,1
SF,IH2009,2020-02-05 09:32:03.000,2748.4000,2525,0,33891720.000,0,-,-,-,-,2748.0000,2747.0000,2740.0000,2736.0000,2722.2000,2748.6000,2748.8000,2749.2000,2749.4000,2750.2000,1,2,2,5,1,1,2,1,1,1
SF,IH2009,2020-02-05 09:32:03.500,2748.4000,2525,0,33891720.000,0,-,-,-,-,2748.0000,2747.0000,2740.0000,2736.0000,2722.2000,2748.4000,2748.6000,2748.8000,2749.4000,2750.2000,1,2,2,5,1,1,1,1,1,1
SF,IH2009,2020-02-05 09:32:04.000,2748.4000,2524,-1,34716240.000,1,0,1,双平,S,2748.0000,2747.0000,2740.0000,2736.0000,2722.2000,2748.4000,2749.4000,2750.2000,2751.0000,2752.0000,1,2,2,5,1,1,1,1,1,1
SF,IH2009,2020-02-05 09:32:04.500,2748.0000,2524,0,35540640.000,1,0,1,多换,S,2747.0000,2740.0000,2736.0000,2722.2000,2720.0000,2749.4000,2750.2000,2751.0000,2752.0000,2755.0000,2,2,5,1,1,1,1,1,1,5
SF,IH2009,2020-02-05 09:32:05.000,2748.0000,2524,0,35540640.000,0,-,-,-,-,2747.0000,2740.0000,2736.0000,2722.2000,2720.0000,2749.0000,2749.2000,2749.4000,2750.2000,2751.0000,2,2,5,1,1,1,1,1,1,1
SF,IH2009,2020-02-05 09:32:05.500,2748.0000,2524,0,35540640.000,0,-,-,-,-,2747.0000,2740.0000,2736.0000,2722.2000,2720.0000,2748.8000,2749.2000,2749.4000,2750.2000,2751.0000,2,2,5,1,1,4,3,1,1,1
SF,IH2009,2020-02-05 09:32:06.000,2748.0000,2524,0,35540640.000,0,-,-,-,-,2747.0000,2740.0000,2736.0000,2722.2000,2720.0000,2748.8000,2749.2000,2749.4000,2750.2000,2751.0000,2,2,5,1,1,4,2,1,1,1
SF,IH2009,2020-02-05 09:32:06.500,2748.0000,2524,0,35540640.000,0,-,-,-,-,2747.0000,2740.0000,2736.0000,2722.2000,2720.0000,2748.0000,2748.6000,2748.8000,2749.2000,2749.4000,2,2,5,1,1,1,1,4,2,1
SF,IH2009,2020-02-05 09:32:07.000,2748.0000,2524,0,35540640.000,0,-,-,-,-,2747.0000,2740.0000,2736.0000,2722.2000,2720.0000,2747.8000,2748.0000,2748.6000,2748.8000,2749.2000,2,2,5,1,1,1,1,1,2,2
SF,IH2009,2020-02-05 09:32:07.500,2747.0000,2524,0,36364740.000,1,0,1,多换,S,2747.0000,2740.0000,2736.0000,2722.2000,2720.0000,2748.0000,2748.6000,2748.8000,2749.2000,2749.4000,1,2,5,1,1,1,1,2,2,1
SF,IH2009,2020-02-05 09:32:08.000,2747.0000,2524,0,36364740.000,0,-,-,-,-,2747.0000,2740.0000,2736.0000,2722.2000,2720.0000,2747.8000,2748.0000,2748.6000,2748.8000,2749.2000,1,2,5,1,1,2,1,1,2,1
SF,IH2009,2020-02-05 09:32:08.500,2747.0000,2524,0,36364740.000,0,-,-,-,-,2747.0000,2740.0000,2736.0000,2722.2000,2720.0000,2748.0000,2748.8000,2749.2000,2749.4000,2750.2000,1,2,5,1,1,1,2,1,1,1
SF,IH2009,2020-02-05 09:32:09.000,2747.0000,2524,0,36364740.000,0,-,-,-,-,2747.0000,2740.0000,2736.0000,2722.2000,2720.0000,2748.0000,2748.8000,2749.2000,2749.4000,2750.2000,1,2,5,1,1,1,2,1,1,1
SF,IH2009,2020-02-05 09:32:09.500,2747.0000,2524,0,36364740.000,0,-,-,-,-,2747.0000,2740.0000,2736.0000,2722.2000,2720.0000,2748.0000,2748.8000,2749.2000,2749.4000,2750.2000,1,2,5,1,1,1,2,1,1,1
SF,IH2009,2020-02-05 09:32:10.000,2747.0000,2525,1,37188840.000,1,1,0,双开,S,2740.0000,2736.0000,2722.2000,2720.0000,2715.0000,2747.8000,2748.0000,2748.8000,2749.2000,2749.4000,2,5,1,1,1,2,1,2,1,1
SF,IH2009,2020-02-05 09:32:10.500,2747.0000,2525,0,37188840.000,0,-,-,-,-,2740.4000,2740.2000,2740.0000,2736.0000,2722.2000,2747.6000,2748.0000,2750.2000,2751.0000,2752.0000,1,4,2,5,1,1,1,1,1,1
SF,IH2009,2020-02-05 09:32:11.000,2747.0000,2525,0,37188840.000,0,-,-,-,-,2740.6000,2740.4000,2740.2000,2740.0000,2736.0000,2747.6000,2748.0000,2750.2000,2751.0000,2752.0000,4,1,3,2,5,2,1,1,1,1
SF,IH2009,2020-02-05 09:32:11.500,2747.0000,2525,0,37188840.000,0,-,-,-,-,2740.6000,2740.4000,2740.2000,2740.0000,2736.0000,2747.4000,2747.6000,2748.0000,2750.2000,2751.0000,4,1,3,2,5,1,2,1,1,1
SF,IH2009,2020-02-05 09:32:12.000,2747.0000,2525,0,37188840.000,0,-,-,-,-,2740.6000,2740.4000,2740.2000,2740.0000,2736.0000,2747.2000,2747.4000,2748.0000,2750.2000,2751.0000,4,1,3,2,5,1,1,1,1,1
SF,IH2009,2020-02-05 09:32:12.500,2747.0000,2525,0,37188840.000,0,-,-,-,-,2740.6000,2740.4000,2740.0000,2736.0000,2722.2000,2747.0000,2747.2000,2748.0000,2750.2000,2751.0000,1,1,2,5,1,1,1,1,1,1
SF,IH2009,2020-02-05 09:32:13.000,2747.0000,2525,0,37188840.000,0,-,-,-,-,2740.6000,2740.4000,2740.0000,2732.2000,2722.2000,2746.8000,2747.0000,2748.0000,2750.2000,2751.0000,1,1,2,5,1,1,2,1,1,1
SF,IH2009,2020-02-05 09:32:13.500,2747.0000,2525,0,37188840.000,0,-,-,-,-,2740.6000,2740.4000,2740.0000,2732.2000,2722.2000,2746.6000,2746.8000,2747.0000,2748.0000,2750.2000,1,1,2,5,1,1,1,1,1,1
SF,IH2009,2020-02-05 09:32:14.000,2747.0000,2525,0,37188840.000,0,-,-,-,-,2740.6000,2740.4000,2740.0000,2732.2000,2722.2000,2746.4000,2746.6000,2748.0000,2750.2000,2751.0000,1,1,2,5,1,1,1,1,1,1
SF,IH2009,2020-02-05 09:32:14.500,2747.0000,2525,0,37188840.000,0,-,-,-,-,2740.6000,2740.4000,2740.0000,2732.2000,2722.2000,2748.0000,2750.2000,2751.0000,2752.0000,2755.0000,1,1,2,5,1,1,1,1,1,5
SF,IH2009,2020-02-05 09:32:15.000,2747.0000,2525,0,37188840.000,0,-,-,-,-,2740.6000,2740.4000,2740.0000,2732.2000,2722.2000,2746.2000,2747.8000,2748.0000,2750.2000,2751.0000,1,1,2,5,1,1,3,1,1,1
SF,IH2009,2020-02-05 09:32:15.500,2747.0000,2525,0,37188840.000,0,-,-,-,-,2740.8000,2740.6000,2740.4000,2740.0000,2732.2000,2746.2000,2748.0000,2750.2000,2751.0000,2752.0000,2,1,1,2,5,1,1,1,1,1
SF,IH2009,2020-02-05 09:32:16.000,2747.0000,2525,0,37188840.000,0,-,-,-,-,2741.0000,2740.8000,2740.4000,2740.0000,2732.2000,2746.0000,2746.2000,2748.0000,2750.2000,2751.0000,1,1,1,2,5,1,1,1,1,1
SF,IH2009,2020-02-05 09:32:16.500,2747.0000,2525,0,37188840.000,0,-,-,-,-,2741.0000,2740.8000,2740.4000,2740.0000,2732.2000,2748.0000,2750.2000,2751.0000,2752.0000,2755.0000,1,1,1,2,5,1,1,1,1,5
SF,IH2009,2020-02-05 09:32:17.000,2747.0000,2525,0,37188840.000,0,-,-,-,-,2741.0000,2740.8000,2740.4000,2740.0000,2732.2000,2745.8000,2747.8000,2748.0000,2750.2000,2751.0000,1,1,1,2,5,1,1,2,1,1
SF,IH2009,2020-02-05 09:32:17.500,2747.0000,2525,0,37188840.000,0,-,-,-,-,2741.8000,2741.0000,2740.8000,2740.4000,2740.0000,2745.6000,2745.8000,2748.0000,2750.2000,2751.0000,1,1,1,1,2,1,1,2,1,1
SF,IH2009,2020-02-05 09:32:18.000,2747.0000,2525,0,37188840.000,0,-,-,-,-,2745.0000,2742.0000,2741.8000,2740.8000,2740.4000,2745.4000,2745.6000,2745.8000,2748.0000,2750.2000,1,1,1,1,1,1,1,1,2,1
SF,IH2009,2020-02-05 09:32:18.500,2745.0000,2525,0,38012340.000,1,0,1,多换,S,2742.0000,2741.8000,2740.8000,2740.4000,2740.0000,2745.0000,2745.4000,2745.6000,2745.8000,2748.0000,1,1,1,1,2,1,1,1,1,2
SF,IH2009,2020-02-05 09:32:19.000,2745.0000,2525,0,38012340.000,0,-,-,-,-,2742.0000,2741.8000,2740.8000,2740.4000,2740.0000,2744.8000,2745.0000,2745.4000,2745.8000,2748.0000,1,1,1,1,2,1,1,1,1,2
SF,IH2009,2020-02-05 09:32:19.500,2742.4000,2524,-1,38835060.000,1,0,1,双平,S,2742.4000,2742.0000,2740.8000,2740.0000,2732.2000,2744.6000,2744.8000,2745.0000,2745.4000,2748.0000,1,1,1,2,5,1,1,1,1,2
SF,IH2009,2020-02-05 09:32:20.000,2742.4000,2524,0,38835060.000,0,-,-,-,-,2742.6000,2742.4000,2740.8000,2740.0000,2732.2000,2744.8000,2745.0000,2745.4000,2748.0000,2751.0000,1,1,1,2,5,1,1,1,2,1
SF,IH2009,2020-02-05 09:32:20.500,2742.4000,2524,0,38835060.000,0,-,-,-,-,2742.6000,2742.4000,2740.8000,2740.0000,2732.2000,2744.4000,2744.8000,2745.0000,2745.4000,2748.0000,1,1,1,2,5,1,1,1,1,2
SF,IH2009,2020-02-05 09:32:21.000,2742.4000,2524,0,38835060.000,0,-,-,-,-,2742.8000,2742.6000,2740.8000,2740.0000,2732.2000,2744.4000,2744.8000,2745.0000,2745.4000,2748.0000,1,1,1,2,5,1,1,1,1,2
SF,IH2009,2020-02-05 09:32:21.500,2742.4000,2524,0,38835060.000,0,-,-,-,-,2743.0000,2740.8000,2740.0000,2732.2000,2722.2000,2744.4000,2744.8000,2745.0000,2745.4000,2748.0000,1,1,2,5,1,1,1,1,1,2
SF,IH2009,2020-02-05 09:32:22.000,2744.4000,2523,-1,39658380.000,1,0,1,双平,S,2743.0000,2740.8000,2740.0000,2732.2000,2722.2000,2744.2000,2744.8000,2745.0000,2745.4000,2748.0000,1,1,2,5,1,1,1,1,1,2
SF,IH2009,2020-02-05 09:32:22.500,2744.2000,2522,-1,40481640.000,1,0,1,双平,S,2743.0000,2740.8000,2740.0000,2732.2000,2722.2000,2744.8000,2745.0000,2745.4000,2748.0000,2751.0000,1,1,2,5,1,1,1,1,2,1
SF,IH2009,2020-02-05 09:32:23.000,2744.8000,2521,-1,41305080.000,1,0,1,双平,S,2743.0000,2740.8000,2740.0000,2732.2000,2722.2000,2745.0000,2745.4000,2748.0000,2751.0000,2752.0000,1,1,2,5,1,1,1,2,1,1
SF,IH2009,2020-02-05 09:32:24.000,2744.8000,2521,0,41305080.000,0,-,-,-,-,2743.0000,2740.8000,2740.0000,2732.2000,2722.2000,2745.4000,2748.0000,2751.0000,2752.0000,2755.0000,1,1,2,5,1,1,2,1,1,5
SF,IH2009,2020-02-05 09:32:25.500,2744.8000,2521,0,41305080.000,0,-,-,-,-,2743.2000,2743.0000,2740.8000,2740.0000,2732.2000,2745.4000,2748.0000,2751.0000,2752.0000,2755.0000,1,1,1,2,5,1,2,1,1,5
SF,IH2009,2020-02-05 09:32:26.000,2744.8000,2521,0,41305080.000,0,-,-,-,-,2743.4000,2743.2000,2740.0000,2732.2000,2722.2000,2748.0000,2751.0000,2752.0000,2755.0000,2757.4000,2,1,2,5,1,2,1,1,5,3
SF,IH2009,2020-02-05 09:32:26.500,2744.8000,2521,0,41305080.000,0,-,-,-,-,2743.4000,2743.2000,2740.0000,2732.2000,2722.2000,2747.8000,2748.0000,2751.0000,2752.0000,2755.0000,2,1,2,5,1,2,2,1,1,5
SF,IH2009,2020-02-05 09:32:27.000,2743.4000,2520,-1,42128100.000,1,0,1,双平,S,2743.4000,2743.2000,2740.0000,2732.2000,2722.2000,2747.6000,2747.8000,2748.0000,2751.0000,2752.0000,1,1,2,5,1,1,2,1,1,1
SF,IH2009,2020-02-05 09:32:27.500,2743.4000,2520,0,42128100.000,0,-,-,-,-,2743.4000,2743.2000,2740.0000,2732.2000,2722.2000,2747.4000,2748.0000,2751.0000,2752.0000,2755.0000,1,1,2,5,1,1,1,1,1,5
SF,IH2009,2020-02-05 09:32:28.000,2743.4000,2520,0,42128100.000,0,-,-,-,-,2743.4000,2743.2000,2740.0000,2732.2000,2722.2000,2748.0000,2751.0000,2752.0000,2755.0000,2757.4000,1,1,2,5,1,1,1,1,5,3
SF,IH2009,2020-02-05 09:32:28.500,2743.4000,2520,0,42128100.000,0,-,-,-,-,2743.4000,2743.2000,2740.0000,2732.2000,2722.2000,2747.8000,2748.0000,2751.0000,2752.0000,2755.0000,1,1,2,5,1,1,1,1,1,5
SF,IH2009,2020-02-05 09:32:29.000,2743.4000,2520,0,42128100.000,0,-,-,-,-,2743.4000,2743.2000,2740.0000,2732.2000,2722.2000,2747.8000,2748.0000,2751.0000,2752.0000,2755.0000,1,1,2,5,1,1,1,1,1,5
SF,IH2009,2020-02-05 09:32:29.500,2743.4000,2520,0,42128100.000,0,-,-,-,-,2743.4000,2743.2000,2740.0000,2732.2000,2722.2000,2748.0000,2751.0000,2752.0000,2755.0000,2757.4000,1,1,2,5,1,1,1,1,5,3
SF,IH2009,2020-02-05 09:32:30.500,2743.4000,2520,0,42128100.000,0,-,-,-,-,2744.0000,2743.4000,2743.2000,2740.0000,2739.8000,2748.0000,2751.0000,2752.0000,2755.0000,2757.4000,1,1,1,2,5,1,1,1,5,3
SF,IH2009,2020-02-05 09:32:31.000,2743.4000,2520,0,42128100.000,0,-,-,-,-,2744.2000,2744.0000,2743.2000,2740.0000,2739.8000,2751.0000,2752.0000,2755.0000,2757.4000,2759.8000,1,1,1,2,5,1,1,5,3,1
SF,IH2009,2020-02-05 09:32:31.500,2743.4000,2520,0,42128100.000,0,-,-,-,-,2747.0000,2744.2000,2744.0000,2743.2000,2740.0000,2750.8000,2751.0000,2752.0000,2755.0000,2757.4000,1,1,1,1,2,2,2,1,5,3
SF,IH2009,2020-02-05 09:32:32.000,2743.4000,2520,0,42128100.000,0,-,-,-,-,2744.2000,2744.0000,2743.2000,2740.0000,2739.8000,2750.6000,2750.8000,2751.0000,2752.0000,2755.0000,1,1,1,2,5,1,2,1,1,5
SF,IH2009,2020-02-05 09:32:32.500,2743.4000,2520,0,42128100.000,0,-,-,-,-,2744.2000,2744.0000,2743.8000,2740.0000,2739.8000,2750.4000,2750.6000,2750.8000,2751.0000,2752.0000,1,1,1,2,5,2,1,1,1,1
SF,IH2009,2020-02-05 09:32:33.000,2743.4000,2520,0,42128100.000,0,-,-,-,-,2744.2000,2744.0000,2743.8000,2740.0000,2739.8000,2750.2000,2750.4000,2750.6000,2750.8000,2751.0000,1,1,1,2,5,1,3,1,1,1
SF,IH2009,2020-02-05 09:32:33.500,2743.4000,2520,0,42128100.000,0,-,-,-,-,2744.2000,2744.0000,2743.8000,2740.0000,2739.8000,2750.0000,2750.2000,2750.4000,2750.6000,2750.8000,1,2,1,2,5,1,1,1,1,1
SF,IH2009,2020-02-05 09:32:34.000,2743.4000,2520,0,42128100.000,0,-,-,-,-,2744.2000,2744.0000,2743.8000,2740.0000,2739.8000,2749.8000,2750.0000,2750.2000,2750.4000,2750.6000,1,2,1,2,5,1,1,1,1,1
SF,IH2009,2020-02-05 09:32:34.500,2743.4000,2520,0,42128100.000,0,-,-,-,-,2745.2000,2744.2000,2744.0000,2743.8000,2740.0000,2749.6000,2749.8000,2750.2000,2750.4000,2750.6000,1,1,2,1,2,1,2,1,1,1
SF,IH2009,2020-02-05 09:32:35.000,2743.4000,2520,0,42128100.000,0,-,-,-,-,2747.0000,2745.4000,2745.2000,2744.0000,2743.8000,2749.6000,2749.8000,2750.2000,2750.4000,2750.6000,1,1,1,1,1,1,2,1,1,1
SF,IH2009,2020-02-05 09:32:35.500,2743.4000,2520,0,42128100.000,0,-,-,-,-,2747.2000,2747.0000,2745.2000,2744.0000,2743.8000,2749.2000,2749.6000,2750.2000,2750.6000,2750.8000,1,1,1,1,1,1,1,1,1,1
SF,IH2009,2020-02-05 09:32:36.000,2743.4000,2520,0,42128100.000,0,-,-,-,-,2747.2000,2747.0000,2745.2000,2744.0000,2743.8000,2749.2000,2750.6000,2751.0000,2752.0000,2755.0000,1,1,1,1,1,1,1,1,1,5
SF,IH2009,2020-02-05 09:32:36.500,2743.4000,2520,0,42128100.000,0,-,-,-,-,2747.4000,2747.2000,2747.0000,2745.2000,2744.0000,2750.6000,2751.0000,2752.0000,2755.0000,2757.4000,1,1,1,1,1,1,1,1,5,3
SF,IH2009,2020-02-05 09:32:37.000,2743.4000,2520,0,42128100.000,0,-,-,-,-,2747.6000,2747.4000,2747.0000,2744.0000,2743.8000,2750.4000,2752.0000,2755.0000,2757.4000,2759.8000,1,1,1,1,1,1,1,5,3,1
SF,IH2009,2020-02-05 09:32:37.500,2743.4000,2520,0,42128100.000,0,-,-,-,-,2747.6000,2747.4000,2747.0000,2744.0000,2743.8000,2752.0000,2755.0000,2757.4000,2759.8000,2762.0000,1,1,1,1,1,1,5,3,1,1
SF,IH2009,2020-02-05 09:32:38.000,2743.4000,2520,0,42128100.000,0,-,-,-,-,2747.8000,2747.6000,2747.0000,2744.0000,2743.8000,2751.2000,2751.8000,2752.0000,2755.0000,2757.4000,1,1,1,1,1,1,1,1,5,3
SF,IH2009,2020-02-05 09:32:38.500,2743.4000,2520,0,42128100.000,0,-,-,-,-,2748.0000,2747.8000,2747.0000,2744.0000,2743.8000,2751.0000,2751.2000,2752.0000,2755.0000,2757.4000,1,1,1,1,1,1,1,1,5,3
SF,IH2009,2020-02-05 09:32:40.000,2743.4000,2520,0,42128100.000,0,-,-,-,-,2748.0000,2747.8000,2747.0000,2744.0000,2743.8000,2751.0000,2752.0000,2755.0000,2757.4000,2759.8000,1,1,1,1,1,1,1,5,3,1
SF,IH2009,2020-02-05 09:32:40.500,2743.4000,2520,0,42128100.000,0,-,-,-,-,2748.0000,2747.0000,2744.0000,2743.8000,2743.4000,2751.0000,2752.0000,2755.0000,2757.4000,2759.8000,1,1,1,1,1,2,1,5,3,1
SF,IH2009,2020-02-05 09:32:41.500,2743.4000,2520,0,42128100.000,0,-,-,-,-,2748.0000,2747.0000,2744.0000,2743.8000,2743.4000,2750.4000,2751.0000,2752.0000,2755.0000,2757.4000,1,1,1,1,1,1,2,1,5,3
SF,IH2009,2020-02-05 09:32:42.000,2743.4000,2520,0,42128100.000,0,-,-,-,-,2748.0000,2747.0000,2744.0000,2743.8000,2743.4000,2750.0000,2750.2000,2751.0000,2752.0000,2755.0000,1,1,1,1,1,2,1,2,1,5
SF,IH2009,2020-02-05 09:32:42.500,2743.4000,2520,0,42128100.000,0,-,-,-,-,2748.2000,2747.0000,2744.0000,2743.8000,2743.4000,2749.8000,2751.0000,2752.0000,2755.0000,2757.4000,1,1,1,1,1,3,1,1,5,3
SF,IH2009,2020-02-05 09:32:43.000,2748.2000,2518,-2,43777020.000,2,0,2,双平,S,2747.0000,2744.0000,2743.8000,2743.4000,2740.0000,2749.6000,2749.8000,2751.0000,2752.0000,2755.0000,1,1,1,1,2,2,2,1,1,5
SF,IH2009,2020-02-05 09:32:43.500,2748.2000,2518,0,43777020.000,0,-,-,-,-,2747.2000,2747.0000,2744.0000,2743.8000,2743.4000,2749.4000,2749.6000,2749.8000,2751.0000,2752.0000,1,1,1,1,1,1,2,1,1,1
SF,IH2009,2020-02-05 09:32:44.000,2748.2000,2518,0,43777020.000,0,-,-,-,-,2747.2000,2747.0000,2744.0000,2743.8000,2743.4000,2749.6000,2749.8000,2751.0000,2752.0000,2755.0000,1,1,1,1,1,2,1,1,1,5
SF,IH2009,2020-02-05 09:32:44.500,2748.2000,2518,0,43777020.000,0,-,-,-,-,2747.2000,2747.0000,2744.0000,2743.8000,2743.4000,2749.2000,2749.8000,2751.0000,2752.0000,2755.0000,1,1,1,1,1,3,1,1,1,5
SF,IH2009,2020-02-05 09:32:45.000,2749.0000,2517,-1,44601720.000,1,0,1,双平,S,2747.2000,2747.0000,2744.0000,2743.8000,2743.4000,2749.0000,2749.2000,2749.8000,2751.0000,2752.0000,1,1,1,1,1,1,1,1,1,1
SF,IH2009,2020-02-05 09:32:45.500,2749.0000,2517,0,44601720.000,0,-,-,-,-,2747.2000,2747.0000,2744.0000,2743.8000,2743.4000,2748.8000,2749.0000,2749.2000,2749.8000,2751.0000,1,1,1,1,1,1,1,1,1,1
SF,IH2009,2020-02-05 09:32:46.000,2747.2000,2516,-1,46250040.000,2,0,2,多平,S,2744.0000,2743.8000,2743.4000,2740.0000,2739.8000,2746.8000,2747.2000,2748.6000,2748.8000,2749.2000,1,1,1,2,5,1,1,2,1,1
SF,IH2009,2020-02-05 09:32:46.500,2747.2000,2516,0,46250040.000,0,-,-,-,-,2744.4000,2744.2000,2743.8000,2743.4000,2740.0000,2747.2000,2748.2000,2748.8000,2749.2000,2751.0000,1,1,1,1,2,1,1,1,1,1
SF,IH2009,2020-02-05 09:32:47.000,2747.2000,2516,0,46250040.000,0,-,-,-,-,2744.6000,2743.8000,2743.4000,2740.0000,2736.0000,2746.6000,2746.8000,2747.0000,2747.2000,2748.2000,1,1,1,2,5,1,1,1,1,1
SF,IH2009,2020-02-05 09:32:47.500,2747.2000,2516,0,46250040.000,0,-,-,-,-,2744.6000,2743.8000,2743.4000,2740.0000,2736.0000,2746.6000,2746.8000,2747.2000,2748.2000,2751.0000,1,1,1,2,5,1,1,1,1,1
SF,IH2009,2020-02-05 09:32:48.000,2747.2000,2516,0,46250040.000,0,-,-,-,-,2744.8000,2744.6000,2743.8000,2743.4000,2740.0000,2746.8000,2747.2000,2748.2000,2751.0000,2752.0000,1,1,1,1,2,1,1,1,1,1
SF,IH2009,2020-02-05 09:32:48.500,2747.2000,2516,0,46250040.000,0,-,-,-,-,2745.0000,2744.8000,2743.8000,2743.4000,2740.0000,2747.2000,2748.2000,2751.0000,2752.0000,2755.0000,1,2,1,1,2,1,1,1,1,5
SF,IH2009,2020-02-05 09:32:49.000,2747.2000,2516,0,46250040.000,0,-,-,-,-,2745.2000,2745.0000,2744.8000,2743.8000,2743.4000,2747.2000,2751.0000,2752.0000,2755.0000,2757.4000,1,1,1,1,1,1,1,1,5,3
SF,IH2009,2020-02-05 09:32:49.500,2747.2000,2516,0,46250040.000,0,-,-,-,-,2745.4000,2745.2000,2744.8000,2744.6000,2743.8000,2749.0000,2751.0000,2752.0000,2755.0000,2757.4000,1,1,1,2,1,1,1,1,5,3
SF,IH2009,2020-02-05 09:32:50.000,2747.2000,2516,0,46250040.000,0,-,-,-,-,2747.2000,2745.6000,2745.4000,2745.2000,2744.8000,2748.8000,2749.0000,2751.0000,2752.0000,2755.0000,1,1,2,1,1,2,1,1,1,5
SF,IH2009,2020-02-05 09:32:50.500,2747.2000,2516,0,46250040.000,0,-,-,-,-,2747.2000,2745.6000,2745.4000,2745.2000,2744.6000,2748.6000,2748.8000,2749.0000,2751.0000,2752.0000,1,1,1,1,2,1,1,1,1,1
SF,IH2009,2020-02-05 09:32:51.000,2747.2000,2516,0,46250040.000,0,-,-,-,-,2747.2000,2745.6000,2745.4000,2744.6000,2743.8000,2748.4000,2748.6000,2749.0000,2751.0000,2752.0000,1,1,1,2,1,1,2,1,1,1
SF,IH2009,2020-02-05 09:32:51.500,2747.2000,2516,0,46250040.000,0,-,-,-,-,2747.2000,2745.4000,2743.8000,2743.4000,2740.0000,2748.4000,2748.6000,2749.0000,2751.0000,2752.0000,1,1,1,1,2,1,2,1,1,1
SF,IH2009,2020-02-05 09:32:52.000,2747.2000,2516,0,46250040.000,0,-,-,-,-,2747.2000,2745.4000,2743.8000,2743.4000,2740.0000,2748.2000,2748.4000,2749.0000,2751.0000,2752.0000,1,1,1,1,2,1,1,1,1,1
SF,IH2009,2020-02-05 09:32:53.000,2747.2000,2516,0,46250040.000,0,-,-,-,-,2747.2000,2745.4000,2743.8000,2742.0000,2740.0000,2748.2000,2748.4000,2749.0000,2751.0000,2752.0000,1,1,1,1,2,1,1,1,1,1
SF,IH2009,2020-02-05 09:32:54.500,2747.2000,2516,0,46250040.000,0,-,-,-,-,2747.2000,2747.0000,2745.4000,2743.8000,2742.0000,2748.4000,2749.0000,2751.0000,2752.0000,2755.0000,1,1,1,1,1,1,1,1,1,5
SF,IH2009,2020-02-05 09:32:55.000,2747.2000,2516,0,46250040.000,0,-,-,-,-,2747.4000,2747.2000,2743.8000,2742.0000,2740.0000,2749.0000,2751.0000,2752.0000,2755.0000,2757.4000,1,1,1,1,2,1,1,1,5,3
SF,IH2009,2020-02-05 09:32:55.500,2747.2000,2516,0,46250040.000,0,-,-,-,-,2747.4000,2747.2000,2747.0000,2743.8000,2742.0000,2748.8000,2749.0000,2751.0000,2752.0000,2755.0000,2,1,1,1,1,1,1,1,1,5
SF,IH2009,2020-02-05 09:32:56.000,2747.2000,2516,0,46250040.000,0,-,-,-,-,2747.4000,2747.2000,2743.8000,2742.0000,2740.0000,2748.8000,2749.0000,2751.0000,2752.0000,2755.0000,1,1,1,1,2,2,1,1,1,5
SF,IH2009,2020-02-05 09:32:56.500,2747.2000,2516,0,46250040.000,0,-,-,-,-,2747.6000,2747.2000,2743.8000,2742.0000,2740.0000,2748.8000,2749.0000,2751.0000,2752.0000,2755.0000,1,1,1,1,2,1,1,1,1,5
SF,IH2009,2020-02-05 09:32:57.000,2747.2000,2516,0,46250040.000,0,-,-,-,-,2747.6000,2747.2000,2743.8000,2742.0000,2740.0000,2748.6000,2749.0000,2751.0000,2752.0000,2755.0000,1,1,1,1,2,2,1,1,1,5
SF,IH2009,2020-02-05 09:32:57.500,2747.6000,2515,-1,47074320.000,1,0,1,双平,S,2747.2000,2743.8000,2742.0000,2740.0000,2736.0000,2748.6000,2749.0000,2751.0000,2752.0000,2755.0000,1,1,1,2,5,2,1,1,1,5
SF,IH2009,2020-02-05 09:32:58.500,2747.6000,2515,0,47074320.000,0,-,-,-,-,2747.2000,2747.0000,2743.8000,2742.0000,2740.0000,2748.6000,2749.0000,2751.0000,2752.0000,2755.0000,1,1,1,1,2,2,1,1,1,5
SF,IH2009,2020-02-05 09:32:59.000,2747.6000,2515,0,47074320.000,0,-,-,-,-,2747.2000,2743.8000,2742.0000,2740.0000,2736.0000,2748.4000,2748.6000,2749.0000,2751.0000,2752.0000,1,1,1,2,5,1,2,1,1,1
SF,IH2009,2020-02-05 09:32:59.500,2747.6000,2515,0,47074320.000,0,-,-,-,-,2747.2000,2743.8000,2742.0000,2740.0000,2736.0000,2748.2000,2748.4000,2748.6000,2749.0000,2751.0000,1,1,1,2,5,1,1,1,1,1
SF,IH2009,2020-02-05 09:33:00.000,2747.6000,2515,0,47074320.000,0,-,-,-,-,2747.2000,2743.8000,2742.0000,2740.0000,2736.0000,2748.6000,2749.0000,2751.0000,2752.0000,2755.0000,1,1,1,2,5,1,1,1,1,5
SF,IH2009,2020-02-05 09:33:02.000,2747.6000,2515,0,47074320.000,0,-,-,-,-,2747.6000,2747.2000,2743.8000,2742.0000,2740.0000,2748.6000,2749.0000,2751.0000,2752.0000,2755.0000,1,1,1,1,2,1,1,1,1,5
SF,IH2009,2020-02-05 09:33:02.500,2747.6000,2515,0,47074320.000,0,-,-,-,-,2747.6000,2747.2000,2747.0000,2743.8000,2742.0000,2748.6000,2749.0000,2751.0000,2752.0000,2755.0000,1,1,1,1,1,1,1,1,1,5
SF,IH2009,2020-02-05 09:33:03.000,2747.6000,2515,0,47074320.000,0,-,-,-,-,2747.6000,2747.2000,2743.8000,2742.0000,2740.0000,2748.6000,2749.0000,2751.0000,2752.0000,2755.0000,1,1,1,1,2,1,1,1,1,5
SF,IH2009,2020-02-05 09:33:03.500,2747.6000,2515,0,47074320.000,0,-,-,-,-,2747.6000,2747.2000,2743.8000,2742.0000,2740.0000,2748.6000,2749.0000,2751.0000,2752.0000,2755.0000,1,1,1,1,2,1,1,1,1,5
SF,IH2009,2020-02-05 09:33:04.000,2747.6000,2515,0,47074320.000,0,-,-,-,-,2747.6000,2747.2000,2743.8000,2742.0000,2740.0000,2749.0000,2751.0000,2752.0000,2755.0000,2757.4000,1,1,1,1,2,1,1,1,5,3
SF,IH2009,2020-02-05 09:33:04.500,2747.6000,2515,0,47074320.000,0,-,-,-,-,2747.6000,2747.2000,2743.8000,2742.0000,2740.0000,2748.8000,2749.0000,2751.0000,2752.0000,2755.0000,1,1,1,1,2,2,1,1,1,5
SF,IH2009,2020-02-05 09:33:05.000,2747.6000,2515,0,47074320.000,0,-,-,-,-,2747.6000,2747.2000,2743.8000,2742.0000,2740.0000,2748.6000,2748.8000,2749.0000,2751.0000,2752.0000,1,1,1,1,2,1,2,1,1,1
SF,IH2009,2020-02-05 09:33:05.500,2747.6000,2515,0,47898600.000,1,0,1,多换,S,2747.2000,2743.8000,2742.0000,2740.0000,2736.0000,2747.6000,2748.6000,2748.8000,2749.0000,2751.0000,1,1,1,2,5,1,1,2,1,1
SF,IH2009,2020-02-05 09:33:06.000,2747.6000,2515,0,47898600.000,0,-,-,-,-,2747.6000,2747.2000,2743.8000,2742.0000,2740.0000,2748.8000,2749.0000,2751.0000,2752.0000,2755.0000,1,1,1,1,2,2,1,1,1,5
SF,IH2009,2020-02-05 09:33:06.500,2747.6000,2515,0,47898600.000,0,-,-,-,-,2747.6000,2747.2000,2743.8000,2742.0000,2740.0000,2748.6000,2748.8000,2749.0000,2751.0000,2752.0000,1,1,1,1,2,1,2,1,1,1
SF,IH2009,2020-02-05 09:33:07.000,2747.6000,2515,0,47898600.000,0,-,-,-,-,2747.6000,2747.2000,2743.8000,2742.0000,2740.0000,2748.6000,2748.8000,2749.0000,2751.0000,2752.0000,1,1,1,1,2,1,2,1,1,1
SF,IH2009,2020-02-05 09:33:09.000,2747.6000,2515,0,47898600.000,0,-,-,-,-,2747.6000,2747.2000,2743.8000,2742.0000,2740.0000,2748.6000,2748.8000,2749.0000,2751.0000,2752.0000,1,1,1,1,2,1,1,1,1,1
SF,IH2009,2020-02-05 09:33:09.500,2748.6000,2515,0,48723180.000,1,0,1,多换,S,2747.8000,2747.6000,2747.2000,2742.0000,2740.0000,2749.0000,2751.0000,2752.0000,2755.0000,2757.4000,1,1,1,1,2,1,1,1,5,3
SF,IH2009,2020-02-05 09:33:11.000,2748.6000,2515,0,48723180.000,0,-,-,-,-,2747.8000,2747.6000,2747.2000,2742.0000,2740.0000,2748.4000,2749.0000,2751.0000,2752.0000,2755.0000,1,1,1,1,2,1,1,1,1,5
SF,IH2009,2020-02-05 09:33:11.500,2748.6000,2514,-1,49547760.000,1,0,1,双平,S,2747.6000,2747.2000,2742.0000,2740.0000,2736.0000,2749.0000,2751.0000,2752.0000,2755.0000,2757.4000,1,1,1,2,5,1,1,1,5,3
SF,IH2009,2020-02-05 09:33:12.000,2748.6000,2514,0,49547760.000,0,-,-,-,-,2747.8000,2747.6000,2747.2000,2742.0000,2740.0000,2749.0000,2751.0000,2752.0000,2755.0000,2757.4000,1,1,1,1,3,1,1,1,5,3
SF,IH2009,2020-02-05 09:33:12.500,2749.0000,2513,-1,50372460.000,1,0,1,双平,S,2748.0000,2747.8000,2747.6000,2747.2000,2742.0000,2751.0000,2752.0000,2755.0000,2757.4000,2759.8000,1,1,1,1,1,1,1,5,3,1
SF,IH2009,2020-02-05 09:33:13.000,2749.0000,2513,0,50372460.000,0,-,-,-,-,2748.2000,2748.0000,2747.6000,2747.2000,2742.0000,2750.8000,2751.0000,2752.0000,2755.0000,2757.4000,1,2,1,1,1,5,1,1,5,3
SF,IH2009,2020-02-05 09:33:13.500,2749.0000,2513,0,50372460.000,0,-,-,-,-,2748.2000,2748.0000,2747.6000,2747.2000,2742.0000,2750.8000,2751.0000,2752.0000,2755.0000,2757.4000,1,2,1,1,1,1,1,1,5,3
SF,IH2009,2020-02-05 09:33:15.000,2749.0000,2513,0,50372460.000,0,-,-,-,-,2748.2000,2748.0000,2747.6000,2747.2000,2742.0000,2750.8000,2751.0000,2752.0000,2755.0000,2757.4000,1,2,1,1,1,2,1,1,5,3
SF,IH2009,2020-02-05 09:33:15.500,2749.0000,2513,0,50372460.000,0,-,-,-,-,2748.2000,2748.0000,2747.6000,2747.2000,2742.0000,2750.6000,2750.8000,2751.0000,2752.0000,2755.0000,1,2,1,1,1,2,2,1,1,5
SF,IH2009,2020-02-05 09:33:16.000,2749.0000,2513,0,50372460.000,0,-,-,-,-,2748.2000,2747.6000,2747.2000,2742.0000,2740.0000,2750.4000,2750.6000,2750.8000,2751.0000,2752.0000,1,1,1,1,3,1,1,1,1,1
SF,IH2009,2020-02-05 09:33:16.500,2749.0000,2513,0,50372460.000,0,-,-,-,-,2748.2000,2747.6000,2747.2000,2742.0000,2740.0000,2750.4000,2750.6000,2750.8000,2751.0000,2752.0000,1,1,1,1,3,1,1,1,1,1
SF,IH2009,2020-02-05 09:33:17.000,2749.0000,2513,0,50372460.000,0,-,-,-,-,2748.2000,2747.6000,2747.2000,2742.0000,2740.0000,2750.2000,2750.4000,2750.6000,2750.8000,2751.0000,1,1,1,1,3,1,1,1,1,1
SF,IH2009,2020-02-05 09:33:17.500,2748.2000,2512,-1,51196920.000,1,0,1,双平,S,2748.0000,2747.6000,2747.2000,2742.0000,2740.0000,2750.0000,2750.2000,2750.4000,2750.6000,2750.8000,1,1,1,1,3,1,1,1,1,1
SF,IH2009,2020-02-05 09:33:18.000,2748.0000,2512,0,52021320.000,1,0,1,多换,S,2747.2000,2742.0000,2740.0000,2736.0000,2730.0000,2748.0000,2749.8000,2750.0000,2750.2000,2750.4000,1,1,3,5,2,1,1,2,1,1
SF,IH2009,2020-02-05 09:33:18.500,2748.0000,2512,0,52845720.000,1,0,1,多换,S,2747.2000,2742.0000,2740.0000,2736.0000,2730.0000,2749.8000,2750.0000,2750.4000,2750.6000,2750.8000,1,1,3,5,2,2,2,1,1,1
SF,IH2009,2020-02-05 09:33:19.000,2748.0000,2512,0,52845720.000,0,-,-,-,-,2747.2000,2742.0000,2740.0000,2736.0000,2730.0000,2749.6000,2749.8000,2750.0000,2750.4000,2750.6000,1,1,3,5,2,3,2,2,1,1
SF,IH2009,2020-02-05 09:33:19.500,2748.0000,2512,0,52845720.000,0,-,-,-,-,2747.2000,2742.0000,2740.0000,2736.0000,2730.0000,2749.4000,2749.6000,2749.8000,2750.0000,2750.4000,1,1,3,5,2,2,3,1,2,1
SF,IH2009,2020-02-05 09:33:20.000,2748.0000,2512,0,52845720.000,0,-,-,-,-,2747.2000,2742.0000,2740.0000,2736.0000,2730.0000,2749.2000,2749.4000,2749.6000,2749.8000,2750.0000,1,1,3,5,2,2,2,2,1,2
SF,IH2009,2020-02-05 09:33:20.500,2748.0000,2512,0,52845720.000,0,-,-,-,-,2747.2000,2742.0000,2740.0000,2736.0000,2730.0000,2749.0000,2749.2000,2749.4000,2749.6000,2749.8000,1,1,3,5,2,1,2,2,2,1
SF,IH2009,2020-02-05 09:33:21.000,2748.0000,2512,0,52845720.000,0,-,-,-,-,2747.2000,2742.0000,2740.0000,2736.0000,2730.0000,2749.0000,2749.2000,2749.4000,2749.6000,2749.8000,1,1,3,5,2,1,2,2,2,1
SF,IH2009,2020-02-05 09:33:21.500,2748.0000,2512,0,52845720.000,0,-,-,-,-,2747.2000,2742.0000,2740.0000,2736.0000,2730.0000,2749.0000,2749.2000,2749.4000,2749.6000,2749.8000,1,1,3,5,2,1,2,2,2,1
SF,IH2009,2020-02-05 09:33:22.000,2748.0000,2512,0,52845720.000,0,-,-,-,-,2742.0000,2740.0000,2736.0000,2730.0000,2722.2000,2748.8000,2749.0000,2749.2000,2749.4000,2749.6000,1,3,5,2,1,3,1,2,1,2
SF,IH2009,2020-02-05 09:33:22.500,2748.0000,2512,0,52845720.000,0,-,-,-,-,2742.2000,2742.0000,2740.0000,2736.0000,2730.0000,2747.2000,2748.6000,2748.8000,2749.0000,2749.2000,1,1,3,5,2,1,2,2,1,2
SF,IH2009,2020-02-05 09:33:23.000,2748.0000,2512,0,52845720.000,0,-,-,-,-,2742.2000,2742.0000,2740.0000,2736.0000,2730.0000,2747.0000,2747.2000,2748.8000,2749.2000,2749.4000,1,1,2,5,2,1,1,1,2,1
SF,IH2009,2020-02-05 09:33:23.500,2748.0000,2512,0,52845720.000,0,-,-,-,-,2742.2000,2742.0000,2740.0000,2736.0000,2730.0000,2747.0000,2747.2000,2748.8000,2749.2000,2749.4000,1,1,2,5,2,1,1,1,2,1
SF,IH2009,2020-02-05 09:33:24.000,2748.0000,2512,0,52845720.000,0,-,-,-,-,2742.2000,2742.0000,2740.0000,2736.0000,2730.0000,2746.8000,2747.0000,2747.2000,2748.8000,2749.2000,1,1,2,5,2,1,1,1,1,1
SF,IH2009,2020-02-05 09:33:24.500,2748.0000,2512,0,52845720.000,0,-,-,-,-,2742.2000,2742.0000,2740.0000,2736.0000,2730.0000,2746.6000,2746.8000,2747.2000,2748.8000,2749.2000,1,1,2,5,2,2,1,1,1,1
SF,IH2009,2020-02-05 09:33:25.000,2748.0000,2512,0,52845720.000,0,-,-,-,-,2742.2000,2742.0000,2740.0000,2736.0000,2730.0000,2746.6000,2747.2000,2748.8000,2749.2000,2749.4000,1,1,2,5,2,1,1,1,1,1
SF,IH2009,2020-02-05 09:33:25.500,2748.0000,2512,0,52845720.000,0,-,-,-,-,2742.2000,2742.0000,2740.0000,2736.0000,2730.0000,2746.4000,2746.6000,2747.2000,2748.8000,2749.2000,1,1,2,5,2,1,1,1,1,1
SF,IH2009,2020-02-05 09:33:26.000,2748.0000,2512,0,52845720.000,0,-,-,-,-,2742.2000,2742.0000,2740.0000,2736.0000,2730.0000,2746.2000,2746.4000,2747.2000,2748.8000,2749.2000,1,1,2,5,2,1,1,1,1,1
SF,IH2009,2020-02-05 09:33:26.500,2748.0000,2512,0,52845720.000,0,-,-,-,-,2742.2000,2742.0000,2740.0000,2736.0000,2730.0000,2746.2000,2747.2000,2748.8000,2749.2000,2749.4000,1,1,2,5,2,1,1,1,1,1
SF,IH2009,2020-02-05 09:33:27.000,2748.0000,2512,0,52845720.000,0,-,-,-,-,2742.2000,2742.0000,2741.0000,2740.0000,2736.0000,2746.2000,2747.2000,2748.8000,2749.2000,2749.4000,1,1,1,2,5,1,1,1,1,1
SF,IH2009,2020-02-05 09:33:27.500,2748.0000,2512,0,52845720.000,0,-,-,-,-,2742.8000,2742.2000,2742.0000,2741.0000,2740.0000,2746.0000,2746.2000,2747.2000,2748.8000,2749.2000,1,1,1,1,2,2,1,1,1,1
SF,IH2009,2020-02-05 09:33:28.000,2748.0000,2512,0,52845720.000,0,-,-,-,-,2743.0000,2742.8000,2742.0000,2741.0000,2740.0000,2745.8000,2746.0000,2747.2000,2748.8000,2749.2000,1,1,1,1,2,1,2,1,1,1
SF,IH2009,2020-02-05 09:33:28.500,2748.0000,2512,0,52845720.000,0,-,-,-,-,2745.2000,2743.0000,2742.8000,2742.0000,2741.0000,2745.6000,2745.8000,2747.2000,2748.8000,2749.2000,1,1,1,1,1,1,1,1,1,1
SF,IH2009,2020-02-05 09:33:29.000,2745.4000,2510,-2,54492900.000,2,0,2,双平,S,2743.4000,2743.0000,2742.0000,2741.0000,2740.0000,2745.6000,2747.2000,2748.8000,2749.2000,2749.4000,1,1,1,1,2,1,1,1,1,1
SF,IH2009,2020-02-05 09:33:29.500,2745.6000,2509,-1,55316580.000,1,0,1,双平,S,2743.6000,2743.4000,2742.0000,2741.0000,2740.0000,2747.2000,2748.8000,2749.2000,2749.4000,2749.6000,1,1,1,1,2,1,1,1,1,1
SF,IH2009,2020-02-05 09:33:30.000,2745.6000,2509,0,55316580.000,0,-,-,-,-,2743.6000,2743.4000,2742.0000,2741.0000,2740.0000,2747.0000,2747.2000,2748.8000,2749.2000,2749.4000,1,1,1,1,2,2,1,1,1,1
SF,IH2009,2020-02-05 09:33:30.500,2745.6000,2509,0,55316580.000,0,-,-,-,-,2744.2000,2744.0000,2743.6000,2742.0000,2741.0000,2747.0000,2747.2000,2748.8000,2749.2000,2749.4000,1,1,1,1,1,1,1,1,1,1
SF,IH2009,2020-02-05 09:33:31.000,2745.6000,2509,0,55316580.000,0,-,-,-,-,2744.4000,2744.2000,2744.0000,2742.0000,2741.0000,2747.0000,2747.2000,2748.8000,2749.2000,2749.4000,1,1,1,1,1,1,1,1,1,1
SF,IH2009,2020-02-05 09:33:31.500,2745.6000,2509,0,55316580.000,0,-,-,-,-,2744.4000,2744.2000,2744.0000,2742.0000,2741.0000,2746.8000,2747.0000,2747.2000,2748.8000,2749.2000,1,1,1,1,1,1,1,1,1,1
SF,IH2009,2020-02-05 09:33:32.000,2745.6000,2509,0,55316580.000,0,-,-,-,-,2744.4000,2744.2000,2744.0000,2742.0000,2741.0000,2746.6000,2746.8000,2747.2000,2748.8000,2749.2000,1,1,1,1,1,1,1,1,1,1
SF,IH2009,2020-02-05 09:33:32.500,2745.6000,2509,0,55316580.000,0,-,-,-,-,2744.4000,2744.2000,2744.0000,2742.0000,2741.0000,2747.2000,2748.8000,2749.2000,2749.4000,2749.6000,1,1,1,1,1,1,1,1,1,1
SF,IH2009,2020-02-05 09:33:33.000,2745.6000,2509,0,55316580.000,0,-,-,-,-,2744.4000,2744.2000,2744.0000,2742.0000,2741.0000,2747.0000,2747.2000,2748.8000,2749.2000,2749.4000,1,1,1,1,1,2,1,1,1,1
SF,IH2009,2020-02-05 09:33:33.500,2745.6000,2509,0,55316580.000,0,-,-,-,-,2744.4000,2744.2000,2744.0000,2742.0000,2741.0000,2747.0000,2747.2000,2748.8000,2749.2000,2749.4000,1,1,1,1,1,1,1,1,1,1
SF,IH2009,2020-02-05 09:33:34.000,2745.6000,2509,0,55316580.000,0,-,-,-,-,2744.8000,2744.6000,2744.4000,2744.0000,2742.0000,2747.2000,2748.8000,2749.2000,2749.4000,2749.6000,1,1,1,1,1,1,1,1,1,1
SF,IH2009,2020-02-05 09:33:34.500,2745.6000,2509,0,55316580.000,0,-,-,-,-,2745.0000,2744.8000,2744.6000,2744.0000,2742.0000,2747.0000,2747.2000,2748.8000,2749.2000,2749.4000,1,1,1,1,1,1,1,1,1,1
SF,IH2009,2020-02-05 09:33:35.000,2745.6000,2509,0,55316580.000,0,-,-,-,-,2745.0000,2744.8000,2744.6000,2744.0000,2742.0000,2747.0000,2747.2000,2748.8000,2749.2000,2749.4000,1,1,1,1,1,2,1,1,1,1
SF,IH2009,2020-02-05 09:33:35.500,2745.6000,2509,0,55316580.000,0,-,-,-,-,2745.0000,2744.6000,2744.0000,2742.0000,2741.0000,2747.0000,2747.2000,2748.8000,2749.2000,2749.4000,1,1,1,1,1,2,1,1,1,1
SF,IH2009,2020-02-05 09:33:36.000,2745.6000,2509,0,55316580.000,0,-,-,-,-,2744.6000,2744.0000,2742.0000,2741.0000,2740.0000,2747.0000,2747.2000,2748.8000,2749.2000,2749.4000,1,1,1,1,2,2,1,1,1,1
SF,IH2009,2020-02-05 09:33:36.500,2745.6000,2509,0,55316580.000,0,-,-,-,-,2745.0000,2744.8000,2744.6000,2744.0000,2742.0000,2747.0000,2747.2000,2748.8000,2749.2000,2749.4000,1,1,1,1,1,1,1,1,1,1
SF,IH2009,2020-02-05 09:33:37.000,2745.6000,2509,0,55316580.000,0,-,-,-,-,2745.2000,2744.8000,2744.6000,2744.0000,2742.0000,2746.8000,2747.0000,2747.2000,2748.8000,2749.2000,1,1,1,1,1,1,1,1,1,1
SF,IH2009,2020-02-05 09:33:37.500,2745.6000,2509,0,55316580.000,0,-,-,-,-,2745.4000,2744.8000,2744.6000,2744.0000,2742.0000,2746.8000,2747.0000,2747.2000,2748.8000,2749.2000,1,1,1,1,1,1,1,1,1,1
SF,IH2009,2020-02-05 09:33:39.000,2745.6000,2509,0,55316580.000,0,-,-,-,-,2745.4000,2744.8000,2744.6000,2744.0000,2742.0000,2746.4000,2746.8000,2747.0000,2747.2000,2748.8000,1,1,1,1,1,1,1,1,1,1
SF,IH2009,2020-02-05 09:33:41.000,2745.4000,2508,-1,56140200.000,1,0,1,双平,S,2744.8000,2744.6000,2744.0000,2742.0000,2741.0000,2746.4000,2746.8000,2747.0000,2747.2000,2748.8000,1,1,1,1,1,1,1,1,1,1
SF,IH2009,2020-02-05 09:33:41.500,2745.4000,2508,0,56140200.000,0,-,-,-,-,2745.4000,2744.6000,2744.0000,2742.0000,2741.0000,2746.2000,2746.4000,2747.2000,2748.8000,2749.2000,1,1,1,1,1,2,1,1,1,1
SF,IH2009,2020-02-05 09:33:42.000,2745.4000,2508,0,56963820.000,1,0,1,多换,S,2744.6000,2744.0000,2742.0000,2741.0000,2740.0000,2746.2000,2746.4000,2747.2000,2748.8000,2749.2000,1,1,1,1,2,2,1,1,1,1
SF,IH2009,2020-02-05 09:33:42.500,2745.4000,2508,0,56963820.000,0,-,-,-,-,2744.6000,2744.0000,2742.0000,2741.0000,2740.0000,2745.4000,2746.0000,2746.2000,2746.4000,2747.2000,1,1,1,1,2,1,1,1,1,1
SF,IH2009,2020-02-05 09:33:43.000,2744.6000,2507,-1,57787200.000,1,0,1,双平,S,2744.0000,2742.0000,2741.0000,2740.0000,2736.0000,2744.6000,2745.4000,2746.0000,2746.2000,2746.4000,1,1,1,2,5,1,1,3,1,1
SF,IH2009,2020-02-05 09:33:43.500,2744.6000,2507,0,57787200.000,0,-,-,-,-,2744.0000,2742.0000,2741.0000,2740.0000,2736.0000,2744.6000,2745.4000,2746.0000,2746.2000,2746.4000,1,1,1,2,5,1,1,1,1,1
SF,IH2009,2020-02-05 09:33:44.500,2744.0000,2507,0,58610400.000,1,0,1,多换,S,2742.0000,2741.0000,2740.0000,2732.2000,2730.0000,2744.6000,2745.4000,2746.0000,2746.2000,2746.4000,1,1,2,5,2,1,1,1,1,1
SF,IH2009,2020-02-05 09:33:45.000,2744.0000,2507,0,58610400.000,0,-,-,-,-,2742.2000,2742.0000,2741.0000,2740.0000,2732.2000,2744.4000,2744.6000,2745.4000,2746.0000,2746.2000,1,1,1,2,5,1,1,1,1,1
SF,IH2009,2020-02-05 09:33:45.500,2744.0000,2507,0,58610400.000,0,-,-,-,-,2742.2000,2742.0000,2741.0000,2740.0000,2732.2000,2744.2000,2744.4000,2744.6000,2745.4000,2746.0000,1,1,1,2,5,1,1,1,1,1
SF,IH2009,2020-02-05 09:33:46.000,2744.0000,2507,0,58610400.000,0,-,-,-,-,2742.0000,2741.0000,2740.0000,2732.2000,2730.0000,2744.0000,2744.2000,2744.4000,2744.6000,2745.4000,1,1,2,5,2,2,1,1,1,1
SF,IH2009,2020-02-05 09:33:46.500,2744.0000,2507,0,58610400.000,0,-,-,-,-,2742.2000,2742.0000,2741.0000,2740.0000,2732.2000,2744.0000,2744.2000,2744.4000,2744.6000,2745.4000,1,1,1,2,5,2,1,1,1,1
SF,IH2009,2020-02-05 09:33:47.000,2744.0000,2507,0,58610400.000,0,-,-,-,-,2742.0000,2741.0000,2740.0000,2732.2000,2730.0000,2743.8000,2744.0000,2744.4000,2744.6000,2745.4000,1,1,2,5,2,1,1,1,1,1
SF,IH2009,2020-02-05 09:33:47.500,2744.0000,2507,0,58610400.000,0,-,-,-,-,2742.2000,2742.0000,2741.0000,2740.0000,2732.2000,2743.6000,2743.8000,2744.0000,2744.4000,2744.6000,1,1,1,2,5,1,1,1,1,1
SF,IH2009,2020-02-05 09:33:48.000,2744.0000,2507,0,58610400.000,0,-,-,-,-,2742.0000,2741.0000,2740.0000,2732.2000,2730.0000,2743.4000,2743.6000,2744.0000,2744.4000,2744.6000,1,1,2,5,2,2,1,1,1,1
SF,IH2009,2020-02-05 09:33:48.500,2744.0000,2507,0,58610400.000,0,-,-,-,-,2742.0000,2741.0000,2740.0000,2732.2000,2730.0000,2743.2000,2743.4000,2743.6000,2744.4000,2744.6000,1,1,2,5,2,1,2,2,1,1
SF,IH2009,2020-02-05 09:33:49.500,2744.0000,2507,0,58610400.000,0,-,-,-,-,2742.0000,2741.0000,2740.0000,2732.2000,2730.0000,2743.0000,2743.2000,2743.4000,2743.6000,2744.4000,1,1,2,5,2,2,1,1,2,1
SF,IH2009,2020-02-05 09:33:50.000,2744.0000,2507,0,58610400.000,0,-,-,-,-,2742.0000,2741.0000,2740.0000,2732.2000,2730.0000,2743.0000,2743.2000,2743.6000,2744.6000,2746.4000,1,1,2,5,2,2,1,1,1,1
SF,IH2009,2020-02-05 09:33:50.500,2743.0000,2506,-1,59433300.000,1,0,1,双平,S,2742.2000,2742.0000,2741.0000,2740.0000,2732.2000,2743.0000,2743.2000,2744.6000,2746.4000,2747.4000,1,1,1,2,5,1,1,1,1,5
SF,IH2009,2020-02-05 09:33:51.000,2743.0000,2506,0,59433300.000,0,-,-,-,-,2742.0000,2741.0000,2740.0000,2732.2000,2730.0000,2743.2000,2744.6000,2746.4000,2749.4000,2749.8000,1,1,2,5,2,1,1,1,1,1
SF,IH2009,2020-02-05 09:33:51.500,2743.2000,2505,-1,60256260.000,1,0,1,双平,S,2743.2000,2742.2000,2742.0000,2741.0000,2740.0000,2744.6000,2746.4000,2749.4000,2749.8000,2751.2000,1,2,1,1,2,1,1,1,1,5
SF,IH2009,2020-02-05 09:33:52.000,2743.2000,2505,0,60256260.000,0,-,-,-,-,2743.2000,2742.0000,2741.0000,2740.0000,2732.2000,2744.4000,2744.6000,2746.4000,2749.4000,2749.8000,1,1,1,2,5,2,1,1,1,1
SF,IH2009,2020-02-05 09:33:52.500,2743.2000,2505,0,60256260.000,0,-,-,-,-,2743.2000,2742.0000,2741.0000,2740.0000,2732.2000,2744.4000,2744.6000,2746.4000,2749.4000,2749.8000,1,1,1,2,5,1,1,1,1,1
SF,IH2009,2020-02-05 09:33:53.500,2743.2000,2505,0,60256260.000,0,-,-,-,-,2743.2000,2742.0000,2741.0000,2740.0000,2732.2000,2744.2000,2744.4000,2744.6000,2746.4000,2749.4000,1,1,1,2,5,1,1,1,1,1
SF,IH2009,2020-02-05 09:33:54.000,2743.2000,2505,0,60256260.000,0,-,-,-,-,2742.0000,2741.0000,2740.0000,2732.2000,2730.0000,2744.2000,2744.4000,2744.6000,2746.4000,2749.4000,1,1,2,5,2,1,1,1,1,1
SF,IH2009,2020-02-05 09:33:54.500,2743.2000,2505,0,60256260.000,0,-,-,-,-,2742.2000,2742.0000,2741.0000,2740.0000,2732.2000,2744.0000,2744.2000,2744.4000,2744.6000,2746.4000,1,1,1,2,5,1,1,1,1,1
SF,IH2009,2020-02-05 09:33:56.000,2743.2000,2505,0,60256260.000,0,-,-,-,-,2742.2000,2742.0000,2741.0000,2740.0000,2733.2000,2744.0000,2744.2000,2744.4000,2744.6000,2746.4000,1,1,1,2,1,2,1,1,1,1
SF,IH2009,2020-02-05 09:33:56.500,2743.2000,2505,0,60256260.000,0,-,-,-,-,2742.0000,2741.0000,2740.0000,2733.2000,2732.2000,2743.2000,2743.8000,2744.0000,2744.2000,2744.4000,1,1,2,1,5,1,1,2,1,1
SF,IH2009,2020-02-05 09:33:57.000,2743.2000,2505,0,60256260.000,0,-,-,-,-,2742.4000,2742.0000,2741.0000,2740.0000,2733.2000,2743.2000,2743.8000,2744.0000,2744.6000,2746.4000,1,1,1,2,1,1,2,3,1,1
SF,IH2009,2020-02-05 09:33:57.500,2743.2000,2505,0,60256260.000,0,-,-,-,-,2742.4000,2742.0000,2741.0000,2740.0000,2733.2000,2743.2000,2743.8000,2744.0000,2744.6000,2746.4000,1,1,1,2,1,1,2,2,1,1
SF,IH2009,2020-02-05 09:33:59.000,2743.2000,2505,0,60256260.000,0,-,-,-,-,2742.0000,2741.0000,2740.0000,2733.2000,2732.2000,2742.4000,2743.2000,2743.8000,2744.0000,2744.6000,1,1,2,1,5,1,1,2,2,1
SF,IH2009,2020-02-05 09:33:59.500,2743.2000,2505,0,60256260.000,0,-,-,-,-,2742.0000,2741.0000,2740.0000,2733.2000,2732.2000,2743.2000,2743.8000,2744.0000,2744.6000,2746.4000,1,1,2,1,5,1,2,2,1,1
SF,IH2009,2020-02-05 09:34:00.500,2743.2000,2505,0,60256260.000,0,-,-,-,-,2742.0000,2741.0000,2740.0000,2733.2000,2732.2000,2743.0000,2743.2000,2743.8000,2744.0000,2744.6000,1,1,2,1,5,1,1,2,2,1
SF,IH2009,2020-02-05 09:34:01.000,2742.0000,2505,0,61078860.000,1,0,1,多换,S,2741.0000,2740.0000,2733.2000,2732.2000,2730.0000,2743.0000,2743.2000,2743.8000,2744.0000,2744.6000,1,2,1,5,2,1,1,2,2,1
SF,IH2009,2020-02-05 09:34:01.500,2742.0000,2505,0,61078860.000,0,-,-,-,-,2741.2000,2741.0000,2740.0000,2733.2000,2732.2000,2742.8000,2743.2000,2743.8000,2744.0000,2744.6000,1,1,2,1,5,1,1,1,2,1
SF,IH2009,2020-02-05 09:34:03.000,2742.0000,2505,0,61078860.000,0,-,-,-,-,2741.4000,2741.2000,2741.0000,2740.0000,2733.2000,2742.8000,2743.2000,2743.8000,2744.0000,2744.6000,1,1,1,2,1,1,1,1,2,1
SF,IH2009,2020-02-05 09:34:03.500,2742.0000,2505,0,61078860.000,0,-,-,-,-,2741.6000,2741.4000,2741.2000,2741.0000,2740.0000,2743.2000,2743.8000,2744.0000,2744.6000,2746.4000,2,1,1,1,2,1,1,2,1,1
SF,IH2009,2020-02-05 09:34:04.000,2742.0000,2505,0,61078860.000,0,-,-,-,-,2741.8000,2741.6000,2741.2000,2741.0000,2740.0000,2743.2000,2743.8000,2744.0000,2744.6000,2746.4000,1,2,1,1,2,1,1,2,1,1
SF,IH2009,2020-02-05 09:34:04.500,2742.0000,2505,0,61078860.000,0,-,-,-,-,2742.0000,2741.8000,2741.6000,2741.0000,2740.0000,2743.2000,2744.6000,2746.4000,2749.4000,2749.8000,1,1,1,1,2,1,1,1,1,1
SF,IH2009,2020-02-05 09:34:05.000,2743.2000,2504,-1,61901820.000,1,0,1,双平,S,2742.2000,2742.0000,2741.6000,2741.0000,2740.0000,2744.6000,2746.4000,2749.4000,2749.8000,2751.2000,1,2,1,1,2,1,1,1,1,5
SF,IH2009,2020-02-05 09:34:05.500,2743.2000,2504,0,61901820.000,0,-,-,-,-,2742.6000,2742.4000,2742.0000,2741.6000,2741.0000,2744.6000,2746.4000,2749.4000,2749.8000,2751.2000,1,1,1,1,1,1,1,1,1,5
SF,IH2009,2020-02-05 09:34:06.000,2743.2000,2504,0,61901820.000,0,-,-,-,-,2742.8000,2742.4000,2742.0000,2741.6000,2741.0000,2744.6000,2746.4000,2749.4000,2749.8000,2751.2000,2,1,1,1,1,1,1,1,1,5
SF,IH2009,2020-02-05 09:34:06.500,2743.2000,2504,0,61901820.000,0,-,-,-,-,2742.8000,2742.4000,2741.6000,2741.0000,2740.0000,2744.6000,2746.4000,2749.4000,2749.8000,2751.2000,2,1,1,1,2,1,1,1,1,5
SF,IH2009,2020-02-05 09:34:07.000,2743.2000,2504,0,61901820.000,0,-,-,-,-,2742.8000,2742.4000,2741.0000,2740.0000,2733.2000,2744.4000,2744.6000,2746.4000,2749.4000,2749.8000,3,1,1,2,1,1,1,1,1,1
SF,IH2009,2020-02-05 09:34:07.500,2743.2000,2504,0,61901820.000,0,-,-,-,-,2743.0000,2742.8000,2741.0000,2740.0000,2733.2000,2744.4000,2746.4000,2749.4000,2749.8000,2751.2000,1,2,1,2,1,1,1,1,1,5
SF,IH2009,2020-02-05 09:34:08.000,2744.4000,2503,-1,62725140.000,1,0,1,双平,S,2743.2000,2743.0000,2742.8000,2741.0000,2740.0000,2746.4000,2749.4000,2749.8000,2751.2000,2752.0000,2,1,1,1,2,1,1,1,5,1
SF,IH2009,2020-02-05 09:34:08.500,2744.4000,2503,0,62725140.000,0,-,-,-,-,2743.2000,2742.8000,2742.0000,2741.0000,2740.0000,2746.4000,2749.4000,2749.8000,2751.2000,2752.0000,2,1,1,1,2,1,1,1,5,1
SF,IH2009,2020-02-05 09:34:09.000,2744.4000,2503,0,62725140.000,0,-,-,-,-,2743.2000,2742.8000,2742.0000,2741.0000,2740.0000,2746.4000,2749.4000,2749.8000,2751.2000,2752.0000,1,1,1,1,2,1,1,1,5,1
SF,IH2009,2020-02-05 09:34:09.500,2744.4000,2503,0,62725140.000,0,-,-,-,-,2743.2000,2742.8000,2742.0000,2741.0000,2740.0000,2746.4000,2749.4000,2749.8000,2751.2000,2752.0000,1,1,1,1,2,1,1,1,5,1
SF,IH2009,2020-02-05 09:34:10.000,2744.4000,2503,0,62725140.000,0,-,-,-,-,2743.2000,2742.8000,2742.0000,2741.0000,2740.0000,2746.4000,2749.4000,2749.8000,2751.2000,2752.0000,1,1,1,1,2,1,1,1,5,1
SF,IH2009,2020-02-05 09:34:10.500,2744.4000,2503,0,62725140.000,0,-,-,-,-,2743.2000,2742.8000,2742.0000,2741.0000,2740.0000,2746.4000,2749.4000,2749.8000,2751.2000,2752.0000,1,1,1,1,2,1,1,1,5,1
SF,IH2009,2020-02-05 09:34:11.000,2744.4000,2503,0,62725140.000,0,-,-,-,-,2743.2000,2742.8000,2742.0000,2741.0000,2740.0000,2746.4000,2749.4000,2749.8000,2751.2000,2752.0000,1,1,1,1,2,1,1,1,5,1
SF,IH2009,2020-02-05 09:34:11.500,2744.4000,2503,0,62725140.000,0,-,-,-,-,2743.2000,2742.8000,2742.0000,2741.0000,2740.0000,2746.4000,2749.4000,2749.8000,2751.2000,2752.0000,1,1,1,1,2,1,1,1,5,1
SF,IH2009,2020-02-05 09:34:12.000,2744.4000,2503,0,62725140.000,0,-,-,-,-,2743.2000,2742.8000,2742.0000,2741.0000,2740.0000,2746.4000,2749.4000,2749.8000,2751.2000,2752.0000,1,1,1,1,2,1,1,1,5,1
SF,IH2009,2020-02-05 09:34:12.500,2744.4000,2503,0,62725140.000,0,-,-,-,-,2743.2000,2742.8000,2742.0000,2741.0000,2740.0000,2746.4000,2749.4000,2749.8000,2751.2000,2752.0000,1,1,1,1,2,1,1,1,5,1
SF,IH2009,2020-02-05 09:34:13.000,2746.4000,2502,-1,63549060.000,1,0,1,双平,S,2743.2000,2742.8000,2742.0000,2741.0000,2740.0000,2749.4000,2749.8000,2751.2000,2752.0000,2757.4000,1,1,1,1,2,1,1,5,1,3
SF,IH2009,2020-02-05 09:34:13.500,2746.4000,2502,0,63549060.000,0,-,-,-,-,2743.4000,2743.2000,2742.8000,2742.0000,2741.0000,2749.2000,2749.4000,2749.8000,2751.2000,2752.0000,1,1,1,1,1,5,1,1,5,1
SF,IH2009,2020-02-05 09:34:14.000,2746.4000,2502,0,63549060.000,0,-,-,-,-,2744.2000,2743.6000,2743.4000,2742.8000,2742.0000,2749.2000,2749.4000,2749.8000,2751.2000,2752.0000,1,2,1,1,1,4,1,1,5,1
SF,IH2009,2020-02-05 09:34:14.500,2746.4000,2502,0,63549060.000,0,-,-,-,-,2744.4000,2744.2000,2744.0000,2743.6000,2742.8000,2749.2000,2749.8000,2752.0000,2755.0000,2757.4000,1,1,1,1,1,2,1,1,5,3
SF,IH2009,2020-02-05 09:34:15.000,2746.4000,2502,0,63549060.000,0,-,-,-,-,2744.4000,2744.2000,2744.0000,2743.6000,2742.8000,2749.2000,2752.0000,2755.0000,2757.4000,2759.8000,1,1,1,1,1,1,1,5,3,1
SF,IH2009,2020-02-05 09:34:15.500,2746.4000,2502,0,63549060.000,0,-,-,-,-,2747.0000,2744.4000,2744.2000,2744.0000,2743.6000,2749.2000,2752.0000,2755.0000,2757.4000,2759.8000,1,1,1,1,1,1,1,5,3,1
SF,IH2009,2020-02-05 09:34:16.000,2746.4000,2502,0,63549060.000,0,-,-,-,-,2745.2000,2743.6000,2742.8000,2742.0000,2741.0000,2748.6000,2749.0000,2752.0000,2755.0000,2757.4000,1,1,1,1,1,1,1,1,5,3
SF,IH2009,2020-02-05 09:34:16.500,2746.4000,2502,0,63549060.000,0,-,-,-,-,2745.2000,2743.6000,2742.8000,2742.0000,2741.0000,2748.4000,2748.6000,2749.0000,2752.0000,2755.0000,1,1,1,1,1,2,1,2,1,5
SF,IH2009,2020-02-05 09:34:17.000,2746.4000,2502,0,63549060.000,0,-,-,-,-,2743.6000,2742.8000,2742.0000,2741.0000,2740.0000,2748.2000,2748.4000,2749.0000,2752.0000,2755.0000,1,1,1,1,2,1,3,2,1,5
SF,IH2009,2020-02-05 09:34:17.500,2746.4000,2502,0,63549060.000,0,-,-,-,-,2743.8000,2743.6000,2742.8000,2742.0000,2741.0000,2747.8000,2748.0000,2748.2000,2748.4000,2749.0000,1,1,1,1,1,1,3,1,2,2
SF,IH2009,2020-02-05 09:34:18.000,2746.4000,2502,0,63549060.000,0,-,-,-,-,2743.8000,2743.6000,2742.8000,2742.0000,2741.0000,2747.6000,2747.8000,2748.0000,2748.4000,2749.0000,1,1,1,1,1,4,1,2,2,2
SF,IH2009,2020-02-05 09:34:18.500,2746.4000,2502,0,63549060.000,0,-,-,-,-,2743.8000,2742.8000,2742.0000,2741.0000,2740.0000,2747.6000,2748.0000,2748.4000,2749.0000,2752.0000,1,1,1,1,2,4,2,2,2,1
SF,IH2009,2020-02-05 09:34:19.000,2746.4000,2502,0,63549060.000,0,-,-,-,-,2743.8000,2742.8000,2742.0000,2741.0000,2740.0000,2747.6000,2748.0000,2748.4000,2749.0000,2752.0000,1,1,1,1,2,4,1,2,2,1
SF,IH2009,2020-02-05 09:34:20.000,2746.4000,2502,0,63549060.000,0,-,-,-,-,2743.8000,2742.8000,2742.0000,2741.0000,2740.0000,2747.4000,2747.6000,2748.0000,2748.4000,2749.0000,1,1,1,1,2,1,4,1,2,2
SF,IH2009,2020-02-05 09:34:20.500,2746.4000,2502,0,63549060.000,0,-,-,-,-,2743.8000,2742.8000,2742.0000,2741.0000,2740.0000,2747.2000,2747.4000,2747.6000,2748.0000,2748.4000,1,1,1,1,2,3,1,1,1,2
SF,IH2009,2020-02-05 09:34:21.000,2746.4000,2502,0,63549060.000,0,-,-,-,-,2743.8000,2742.8000,2742.0000,2741.0000,2740.0000,2746.4000,2747.0000,2747.2000,2747.4000,2747.6000,1,1,1,1,2,1,1,3,1,1
SF,IH2009,2020-02-05 09:34:21.500,2743.8000,2501,-1,64372200.000,1,0,1,双平,S,2742.8000,2742.0000,2741.0000,2740.0000,2733.2000,2746.2000,2746.4000,2747.0000,2747.2000,2747.4000,1,1,1,2,1,2,1,1,2,1
SF,IH2009,2020-02-05 09:34:22.000,2743.8000,2501,0,64372200.000,0,-,-,-,-,2744.0000,2743.0000,2742.8000,2742.0000,2741.0000,2746.0000,2746.2000,2747.0000,2747.2000,2747.4000,1,1,1,1,1,1,3,1,1,6
SF,IH2009,2020-02-05 09:34:22.500,2744.0000,2500,-1,65195400.000,1,0,1,双平,S,2743.0000,2742.8000,2742.0000,2741.0000,2740.0000,2745.8000,2746.2000,2747.0000,2747.2000,2747.4000,1,1,1,1,2,2,2,1,1,6
SF,IH2009,2020-02-05 09:34:23.000,2744.0000,2500,0,65195400.000,0,-,-,-,-,2743.0000,2742.8000,2742.0000,2741.0000,2740.0000,2745.6000,2745.8000,2746.2000,2747.0000,2747.2000,1,1,1,1,2,1,2,2,1,1
SF,IH2009,2020-02-05 09:34:23.500,2744.0000,2500,0,65195400.000,0,-,-,-,-,2743.0000,2742.8000,2742.0000,2741.0000,2740.0000,2745.4000,2745.6000,2746.2000,2747.0000,2747.2000,1,1,1,1,2,1,1,2,1,1
SF,IH2009,2020-02-05 09:34:24.000,2744.0000,2500,0,65195400.000,0,-,-,-,-,2742.8000,2742.0000,2741.0000,2740.0000,2733.2000,2745.0000,2745.4000,2745.6000,2746.2000,2747.0000,1,1,1,2,1,1,3,1,1,1
SF,IH2009,2020-02-05 09:34:24.500,2744.0000,2500,0,65195400.000,0,-,-,-,-,2742.8000,2742.0000,2741.0000,2740.0000,2733.2000,2744.8000,2745.0000,2745.2000,2745.4000,2745.6000,1,1,1,2,1,1,1,1,1,1
SF,IH2009,2020-02-05 09:34:25.000,2744.0000,2500,0,65195400.000,0,-,-,-,-,2742.8000,2742.0000,2741.0000,2740.0000,2733.2000,2744.6000,2744.8000,2745.2000,2745.4000,2745.6000,1,1,1,2,1,1,1,1,1,1
SF,IH2009,2020-02-05 09:34:25.500,2744.0000,2500,0,65195400.000,0,-,-,-,-,2743.0000,2742.8000,2742.0000,2741.0000,2740.0000,2744.4000,2744.6000,2745.2000,2745.4000,2746.2000,1,1,1,1,2,1,1,1,1,1
SF,IH2009,2020-02-05 09:34:26.000,2744.0000,2500,0,65195400.000,0,-,-,-,-,2743.0000,2742.8000,2742.0000,2741.0000,2740.0000,2744.4000,2744.6000,2745.4000,2746.2000,2747.0000,1,1,1,1,2,1,1,1,1,1
SF,IH2009,2020-02-05 09:34:27.500,2744.0000,2500,0,65195400.000,0,-,-,-,-,2743.0000,2742.8000,2742.0000,2741.0000,2740.0000,2744.4000,2744.6000,2745.4000,2746.2000,2747.0000,1,1,1,1,2,1,1,1,1,1
SF,IH2009,2020-02-05 09:34:28.000,2744.6000,2499,-1,66018780.000,1,0,1,双平,S,2743.2000,2743.0000,2742.8000,2742.0000,2741.0000,2745.4000,2746.2000,2747.0000,2747.2000,2747.4000,1,1,1,1,1,1,1,1,1,6
SF,IH2009,2020-02-05 09:34:28.500,2744.6000,2499,0,66018780.000,0,-,-,-,-,2743.4000,2743.2000,2743.0000,2742.8000,2742.0000,2746.2000,2747.0000,2747.2000,2747.4000,2748.4000,2,1,1,1,1,1,1,1,1,1
SF,IH2009,2020-02-05 09:34:29.000,2744.6000,2499,0,66018780.000,0,-,-,-,-,2743.8000,2743.6000,2743.4000,2743.0000,2742.8000,2747.2000,2748.4000,2749.0000,2751.2000,2752.0000,2,1,1,1,1,1,1,1,5,1
SF,IH2009,2020-02-05 09:34:29.500,2744.6000,2499,0,66018780.000,0,-,-,-,-,2744.0000,2743.8000,2743.4000,2742.8000,2742.0000,2747.0000,2749.0000,2751.2000,2752.0000,2757.4000,1,2,1,1,1,1,1,5,1,3
SF,IH2009,2020-02-05 09:34:30.000,2744.6000,2499,0,66018780.000,0,-,-,-,-,2744.0000,2743.8000,2742.8000,2742.0000,2741.0000,2746.8000,2747.0000,2749.0000,2751.2000,2752.0000,1,2,1,1,1,1,1,1,5,1
SF,IH2009,2020-02-05 09:34:30.500,2744.6000,2499,0,66018780.000,0,-,-,-,-,2744.4000,2744.0000,2742.8000,2742.0000,2741.0000,2746.6000,2747.0000,2749.0000,2751.2000,2752.0000,2,1,1,1,1,1,1,1,5,1
SF,IH2009,2020-02-05 09:34:31.000,2744.6000,2499,0,66018780.000,0,-,-,-,-,2744.6000,2744.4000,2742.8000,2742.0000,2741.0000,2746.6000,2747.0000,2749.0000,2751.2000,2752.0000,1,2,1,1,1,1,1,1,5,1
SF,IH2009,2020-02-05 09:34:31.500,2744.6000,2499,0,66018780.000,0,-,-,-,-,2744.8000,2744.6000,2742.8000,2742.0000,2741.0000,2746.6000,2747.0000,2749.0000,2751.2000,2752.0000,2,1,1,1,1,1,1,1,5,1
SF,IH2009,2020-02-05 09:34:32.000,2744.6000,2499,0,66018780.000,0,-,-,-,-,2745.0000,2744.8000,2742.8000,2742.0000,2741.0000,2746.6000,2747.0000,2749.0000,2751.2000,2752.0000,1,2,1,1,1,1,1,1,5,1
SF,IH2009,2020-02-05 09:34:32.500,2744.6000,2499,0,66018780.000,0,-,-,-,-,2742.8000,2742.0000,2741.0000,2740.0000,2734.0000,2746.4000,2746.6000,2747.0000,2749.0000,2751.2000,1,1,1,2,1,1,1,1,1,5
SF,IH2009,2020-02-05 09:34:33.000,2744.6000,2499,0,66018780.000,0,-,-,-,-,2743.0000,2742.8000,2742.0000,2741.0000,2740.0000,2744.8000,2745.0000,2746.2000,2746.4000,2746.6000,1,1,1,1,2,1,1,2,1,1
SF,IH2009,2020-02-05 09:34:33.500,2744.6000,2499,0,66018780.000,0,-,-,-,-,2743.4000,2743.0000,2742.8000,2742.0000,2741.0000,2744.8000,2745.0000,2746.2000,2746.4000,2746.6000,1,1,1,1,1,1,1,2,1,1
SF,IH2009,2020-02-05 09:34:34.000,2744.6000,2499,0,66018780.000,0,-,-,-,-,2743.6000,2743.4000,2742.8000,2742.0000,2741.0000,2744.6000,2744.8000,2745.0000,2746.2000,2746.4000,1,1,1,1,1,1,1,1,2,1
SF,IH2009,2020-02-05 09:34:34.500,2744.6000,2499,0,66018780.000,0,-,-,-,-,2743.6000,2743.4000,2742.8000,2742.0000,2741.0000,2744.6000,2744.8000,2745.0000,2746.2000,2746.4000,1,1,1,1,1,1,1,1,1,1
SF,IH2009,2020-02-05 09:34:35.000,2744.6000,2498,-1,66842160.000,1,0,1,双平,S,2743.6000,2743.4000,2742.8000,2742.0000,2741.0000,2744.8000,2745.0000,2746.2000,2746.4000,2746.6000,1,1,1,1,1,1,1,1,1,1
SF,IH2009,2020-02-05 09:34:35.500,2744.6000,2498,0,66842160.000,0,-,-,-,-,2743.8000,2743.6000,2742.8000,2742.0000,2741.0000,2744.8000,2745.0000,2746.2000,2746.4000,2746.6000,2,1,1,1,1,1,1,1,1,1
SF,IH2009,2020-02-05 09:34:37.000,2744.6000,2498,0,66842160.000,0,-,-,-,-,2743.8000,2743.6000,2742.8000,2742.0000,2741.0000,2744.8000,2745.0000,2746.2000,2746.4000,2749.0000,2,1,1,1,1,1,1,1,1,1
SF,IH2009,2020-02-05 09:34:38.500,2744.6000,2498,0,66842160.000,0,-,-,-,-,2743.8000,2743.6000,2742.8000,2742.0000,2741.0000,2744.8000,2745.0000,2746.2000,2746.4000,2749.0000,2,1,1,1,1,1,1,1,1,1
SF,IH2009,2020-02-05 09:34:39.000,2743.8000,2497,-1,67665300.000,1,0,1,双平,S,2744.0000,2743.8000,2742.8000,2742.0000,2741.0000,2744.8000,2745.0000,2746.2000,2746.4000,2749.0000,1,1,1,1,1,1,1,1,1,1
SF,IH2009,2020-02-05 09:34:39.500,2743.8000,2497,0,67665300.000,0,-,-,-,-,2744.0000,2742.8000,2742.0000,2741.0000,2740.0000,2744.8000,2745.0000,2746.2000,2746.4000,2749.0000,1,1,1,1,2,1,1,1,1,1
SF,IH2009,2020-02-05 09:34:40.000,2743.8000,2497,0,67665300.000,0,-,-,-,-,2743.0000,2742.8000,2742.0000,2741.0000,2740.0000,2744.8000,2745.0000,2746.2000,2746.4000,2749.0000,1,1,1,1,2,1,1,1,1,1
SF,IH2009,2020-02-05 09:34:40.500,2743.8000,2497,0,67665300.000,0,-,-,-,-,2743.2000,2743.0000,2742.8000,2742.0000,2741.0000,2744.8000,2745.0000,2746.2000,2746.4000,2749.0000,1,1,1,1,1,1,1,1,1,1
SF,IH2009,2020-02-05 09:34:41.500,2743.8000,2497,0,67665300.000,0,-,-,-,-,2743.4000,2743.2000,2743.0000,2742.8000,2742.0000,2744.8000,2745.0000,2746.2000,2746.4000,2749.0000,1,1,1,1,1,1,1,1,1,1
SF,IH2009,2020-02-05 09:34:42.000,2743.8000,2497,0,67665300.000,0,-,-,-,-,2743.6000,2743.4000,2743.2000,2742.8000,2742.0000,2744.8000,2745.0000,2746.2000,2746.4000,2749.0000,1,1,1,1,1,1,1,1,1,1
SF,IH2009,2020-02-05 09:34:42.500,2744.8000,2496,-1,68488740.000,1,0,1,双平,S,2743.8000,2743.6000,2743.2000,2742.8000,2742.0000,2746.4000,2749.0000,2751.2000,2752.0000,2757.4000,1,1,1,1,1,1,1,5,1,3
SF,IH2009,2020-02-05 09:34:43.000,2744.8000,2496,0,68488740.000,0,-,-,-,-,2744.0000,2743.8000,2743.6000,2742.8000,2742.0000,2746.4000,2749.0000,2751.2000,2752.0000,2757.4000,1,1,1,1,1,1,1,5,1,3
SF,IH2009,2020-02-05 09:34:43.500,2744.8000,2496,0,68488740.000,0,-,-,-,-,2744.0000,2743.6000,2742.8000,2742.0000,2741.0000,2746.0000,2746.4000,2749.0000,2751.2000,2752.0000,1,1,1,1,1,1,1,1,5,1
SF,IH2009,2020-02-05 09:34:44.000,2744.8000,2496,0,68488740.000,0,-,-,-,-,2744.2000,2744.0000,2743.6000,2742.8000,2742.0000,2745.8000,2749.0000,2751.2000,2752.0000,2757.4000,1,1,1,1,1,2,1,5,1,3
SF,IH2009,2020-02-05 09:34:44.500,2744.8000,2496,0,68488740.000,0,-,-,-,-,2744.2000,2744.0000,2743.6000,2742.8000,2742.0000,2745.8000,2749.0000,2751.2000,2752.0000,2757.4000,1,1,1,1,1,2,1,5,1,3
SF,IH2009,2020-02-05 09:34:45.000,2744.8000,2496,0,68488740.000,0,-,-,-,-,2744.4000,2744.2000,2743.6000,2742.8000,2742.0000,2749.0000,2751.2000,2752.0000,2757.4000,2759.8000,2,1,1,1,1,1,5,1,3,1
SF,IH2009,2020-02-05 09:34:45.500,2744.8000,2496,0,68488740.000,0,-,-,-,-,2744.4000,2742.8000,2742.0000,2741.0000,2740.0000,2748.8000,2749.0000,2751.2000,2752.0000,2757.4000,2,1,1,1,2,3,1,5,1,3
SF,IH2009,2020-02-05 09:34:46.000,2744.8000,2496,0,68488740.000,0,-,-,-,-,2744.4000,2742.8000,2742.0000,2741.0000,2740.0000,2748.6000,2748.8000,2749.0000,2751.2000,2752.0000,1,1,1,1,2,1,3,1,5,1
SF,IH2009,2020-02-05 09:34:46.500,2744.8000,2496,0,68488740.000,0,-,-,-,-,2744.4000,2742.8000,2742.0000,2741.0000,2740.0000,2748.4000,2748.6000,2748.8000,2749.0000,2751.2000,1,1,1,1,2,1,1,2,1,5
SF,IH2009,2020-02-05 09:34:47.000,2744.8000,2496,0,68488740.000,0,-,-,-,-,2744.4000,2742.8000,2742.0000,2741.0000,2740.0000,2748.2000,2748.4000,2748.6000,2748.8000,2749.0000,1,1,1,1,2,2,1,1,1,1
SF,IH2009,2020-02-05 09:34:47.500,2744.8000,2496,0,68488740.000,0,-,-,-,-,2745.0000,2744.4000,2742.8000,2742.0000,2741.0000,2748.0000,2748.2000,2748.6000,2748.8000,2749.0000,1,1,1,1,1,1,2,1,1,1
SF,IH2009,2020-02-05 09:34:48.000,2744.8000,2496,0,68488740.000,0,-,-,-,-,2745.2000,2745.0000,2742.8000,2742.0000,2741.0000,2748.0000,2748.2000,2748.6000,2748.8000,2749.0000,1,1,1,1,1,1,2,1,1,1
SF,IH2009,2020-02-05 09:34:48.500,2744.8000,2496,0,68488740.000,0,-,-,-,-,2745.2000,2745.0000,2742.8000,2742.0000,2741.0000,2748.0000,2748.2000,2748.6000,2748.8000,2749.0000,1,1,1,1,1,1,2,1,1,1
SF,IH2009,2020-02-05 09:34:49.000,2744.8000,2496,0,68488740.000,0,-,-,-,-,2745.6000,2744.8000,2742.8000,2742.0000,2741.0000,2747.8000,2748.0000,2748.2000,2748.6000,2748.8000,1,1,1,1,1,1,1,2,1,1
SF,IH2009,2020-02-05 09:34:49.500,2744.8000,2496,0,68488740.000,0,-,-,-,-,2744.8000,2742.8000,2742.0000,2741.0000,2740.0000,2747.6000,2748.2000,2748.6000,2748.8000,2749.0000,1,1,1,1,2,2,1,1,1,1
SF,IH2009,2020-02-05 09:34:50.000,2744.8000,2496,0,68488740.000,0,-,-,-,-,2745.0000,2744.8000,2742.8000,2742.0000,2741.0000,2747.6000,2748.2000,2748.6000,2748.8000,2749.0000,1,1,1,1,1,1,1,1,1,1
SF,IH2009,2020-02-05 09:34:50.500,2744.8000,2496,0,68488740.000,0,-,-,-,-,2745.2000,2745.0000,2744.8000,2742.8000,2742.0000,2747.2000,2747.6000,2748.2000,2748.6000,2748.8000,1,1,1,1,1,1,1,1,1,1
SF,IH2009,2020-02-05 09:34:51.000,2744.8000,2496,0,68488740.000,0,-,-,-,-,2744.8000,2742.8000,2742.0000,2741.0000,2740.0000,2747.0000,2747.2000,2747.4000,2748.2000,2748.6000,1,1,1,1,2,1,1,1,1,1
SF,IH2009,2020-02-05 09:34:51.500,2744.8000,2496,0,68488740.000,0,-,-,-,-,2745.0000,2744.8000,2742.8000,2742.0000,2741.0000,2747.0000,2748.2000,2748.6000,2748.8000,2749.0000,1,1,1,1,1,1,1,1,1,1
SF,IH2009,2020-02-05 09:34:52.000,2744.8000,2496,0,68488740.000,0,-,-,-,-,2745.0000,2744.8000,2742.8000,2742.0000,2741.0000,2748.2000,2748.6000,2748.8000,2749.0000,2751.2000,1,1,1,1,1,1,1,1,1,5
SF,IH2009,2020-02-05 09:34:52.500,2744.8000,2496,0,68488740.000,0,-,-,-,-,2744.8000,2742.8000,2742.0000,2741.0000,2740.0000,2746.8000,2748.0000,2748.2000,2748.6000,2748.8000,1,1,1,1,2,1,1,2,1,1
SF,IH2009,2020-02-05 09:34:53.000,2744.8000,2496,0,68488740.000,0,-,-,-,-,2742.8000,2742.0000,2741.0000,2740.0000,2734.0000,2746.6000,2748.0000,2748.2000,2748.6000,2748.8000,1,1,1,2,1,4,1,2,1,1
SF,IH2009,2020-02-05 09:34:53.500,2744.8000,2496,0,68488740.000,0,-,-,-,-,2743.0000,2742.8000,2742.0000,2741.0000,2740.0000,2746.4000,2746.6000,2748.0000,2748.2000,2748.6000,2,1,1,1,2,1,2,1,2,1
SF,IH2009,2020-02-05 09:34:54.000,2744.8000,2496,0,68488740.000,0,-,-,-,-,2743.0000,2742.8000,2742.0000,2741.0000,2740.0000,2746.4000,2748.2000,2748.6000,2748.8000,2749.0000,2,1,1,1,2,1,2,1,1,1
SF,IH2009,2020-02-05 09:34:54.500,2744.8000,2496,0,68488740.000,0,-,-,-,-,2743.0000,2742.8000,2742.0000,2741.0000,2740.0000,2746.2000,2746.4000,2748.2000,2748.6000,2748.8000,1,1,1,1,2,1,1,2,1,1
SF,IH2009,2020-02-05 09:34:55.000,2744.8000,2496,0,68488740.000,0,-,-,-,-,2744.4000,2743.2000,2743.0000,2742.8000,2742.0000,2746.0000,2746.2000,2748.2000,2748.6000,2748.8000,1,1,1,1,1,1,1,2,1,1
SF,IH2009,2020-02-05 09:34:55.500,2744.8000,2496,0,68488740.000,0,-,-,-,-,2744.6000,2744.4000,2743.2000,2742.8000,2742.0000,2746.2000,2748.2000,2748.6000,2748.8000,2749.0000,2,1,1,1,1,1,2,1,1,1
SF,IH2009,2020-02-05 09:34:56.000,2744.8000,2496,0,68488740.000,0,-,-,-,-,2744.6000,2744.4000,2742.8000,2742.0000,2741.0000,2746.2000,2748.2000,2748.6000,2748.8000,2749.0000,1,1,1,1,1,1,2,1,1,1
SF,IH2009,2020-02-05 09:34:56.500,2744.8000,2496,0,68488740.000,0,-,-,-,-,2744.8000,2744.4000,2742.8000,2742.0000,2741.0000,2746.2000,2748.2000,2748.6000,2748.8000,2749.0000,1,1,1,1,1,1,2,1,1,1
SF,IH2009,2020-02-05 09:34:57.500,2744.8000,2496,0,68488740.000,0,-,-,-,-,2745.0000,2744.8000,2744.4000,2742.8000,2742.0000,2746.2000,2748.2000,2748.6000,2748.8000,2749.0000,1,1,1,1,1,1,2,1,1,1
