市场代码,合约代码,时间,最新,持仓,增仓,成交额,成交量,开仓,平仓,成交类型,方向,买一价,买二价,买三价,买四价,买五价,卖一价,卖二价,卖三价,卖四价,卖五价,买一量,买二量,买三量,买四量,买五量,卖一量,卖二量,卖三量,卖四量,卖五量
SF,IH2006,2020-01-17 09:29:00.300,3061.8000,8801,0,1837080.000,2.000,-,-,-,-,3060.8000,3059.6000,3056.8000,3056.0000,3055.2000,3062.2000,3065.0000,3067.2000,3069.8000,3070.0000,2,1,4,4,1,2,1,1,3,2
SF,IH2006,2020-01-17 09:30:00.300,3061.2000,8801,0,2755440.000,1,0,1,多换,S,3061.2000,3060.8000,3059.6000,3056.8000,3056.0000,3062.2000,3065.0000,3067.2000,3069.8000,3070.0000,7,2,1,4,4,2,1,1,3,2
SF,IH2006,2020-01-17 09:30:00.800,3062.0000,8800,-1,3674040.000,1,0,1,双平,S,3060.8000,3059.6000,3056.8000,3056.0000,3055.2000,3062.0000,3062.2000,3065.0000,3067.2000,3069.8000,2,1,4,4,1,1,2,1,1,3
SF,IH2006,2020-01-17 09:30:01.300,3062.0000,8800,0,3674040.000,0,-,-,-,-,3059.6000,3056.8000,3056.0000,3055.2000,3055.0000,3061.8000,3062.0000,3062.2000,3065.0000,3067.2000,1,4,4,1,1,1,1,2,1,1
SF,IH2006,2020-01-17 09:30:01.800,3062.0000,8800,0,3674040.000,0,-,-,-,-,3062.0000,3060.0000,3059.8000,3059.6000,3056.8000,3062.2000,3065.0000,3067.2000,3069.8000,3070.0000,1,7,4,2,4,2,1,1,1,2
SF,IH2006,2020-01-17 09:30:02.300,3062.0000,8798,-2,5511300.000,2,0,2,双平,S,3060.2000,3060.0000,3059.8000,3059.6000,3056.8000,3062.0000,3062.2000,3065.0000,3069.8000,3070.0000,1,7,4,2,4,1,1,1,1,2
SF,IH2006,2020-01-17 09:30:02.800,3062.2000,8797,-1,6429960.000,1,0,1,双平,S,3060.6000,3060.4000,3060.2000,3059.8000,3059.6000,3065.0000,3069.8000,3070.0000,3070.4000,3070.6000,7,4,2,1,2,1,1,2,5,1
SF,IH2006,2020-01-17 09:30:03.300,3060.8000,8796,-1,7348200.000,1,0,1,双平,S,3062.0000,3060.8000,3060.6000,3060.2000,3059.8000,3064.8000,3065.0000,3069.8000,3070.0000,3070.4000,1,3,7,2,1,3,1,1,2,5
SF,IH2006,2020-01-17 09:30:03.800,3060.8000,8796,0,7348200.000,0,-,-,-,-,3060.8000,3060.2000,3059.8000,3059.6000,3056.8000,3064.8000,3065.0000,3069.8000,3070.0000,3070.4000,3,2,1,2,4,3,1,1,2,5
SF,IH2006,2020-01-17 09:30:04.300,3060.8000,8796,0,7348200.000,0,-,-,-,-,3061.2000,3061.0000,3060.8000,3060.2000,3059.8000,3064.4000,3064.8000,3065.0000,3069.8000,3070.0000,7,3,4,1,1,1,3,1,1,2
SF,IH2006,2020-01-17 09:30:04.800,3060.8000,8796,0,7348200.000,0,-,-,-,-,3061.4000,3061.2000,3061.0000,3060.8000,3060.2000,3064.2000,3064.4000,3065.0000,3069.8000,3070.0000,5,7,2,1,1,3,1,1,1,2
SF,IH2006,2020-01-17 09:30:05.300,3060.8000,8796,0,7348200.000,0,-,-,-,-,3061.8000,3061.6000,3061.4000,3061.0000,3060.8000,3064.2000,3064.4000,3065.0000,3069.8000,3070.0000,7,1,5,1,1,3,1,1,1,2
SF,IH2006,2020-01-17 09:30:05.800,3060.8000,8796,0,7348200.000,0,-,-,-,-,3062.0000,3061.8000,3061.6000,3061.4000,3061.0000,3064.2000,3064.4000,3065.0000,3069.8000,3070.0000,4,1,1,1,1,3,1,1,1,2
SF,IH2006,2020-01-17 09:30:06.300,3060.8000,8796,0,7348200.000,0,-,-,-,-,3062.2000,3062.0000,3061.8000,3061.4000,3061.0000,3064.2000,3065.0000,3069.8000,3070.0000,3070.4000,1,4,1,1,1,3,1,1,2,5
SF,IH2006,2020-01-17 09:30:06.800,3060.8000,8796,0,7348200.000,0,-,-,-,-,3062.4000,3062.2000,3062.0000,3061.8000,3061.4000,3064.2000,3065.0000,3069.8000,3070.0000,3070.4000,3,1,1,1,1,3,1,1,2,5
SF,IH2006,2020-01-17 09:30:07.300,3060.8000,8796,0,7348200.000,0,-,-,-,-,3062.4000,3061.0000,3060.8000,3060.2000,3056.0000,3064.2000,3065.0000,3069.8000,3070.0000,3070.4000,1,1,1,1,3,3,1,1,2,5
SF,IH2006,2020-01-17 09:30:07.800,3060.8000,8796,0,7348200.000,0,-,-,-,-,3062.4000,3060.8000,3060.2000,3056.0000,3055.2000,3064.2000,3065.0000,3069.8000,3070.0000,3070.4000,1,1,1,3,6,3,1,1,2,5
SF,IH2006,2020-01-17 09:30:08.300,3060.8000,8796,0,7348200.000,0,-,-,-,-,3060.8000,3060.2000,3056.0000,3055.2000,3055.0000,3064.0000,3064.2000,3065.0000,3069.8000,3070.0000,1,1,3,6,1,1,3,1,1,2
SF,IH2006,2020-01-17 09:30:08.800,3060.8000,8796,0,7348200.000,0,-,-,-,-,3061.0000,3060.8000,3060.2000,3056.0000,3055.2000,3063.6000,3063.8000,3064.0000,3065.0000,3069.8000,5,1,1,3,6,1,3,1,1,1
SF,IH2006,2020-01-17 09:30:09.300,3063.6000,8797,1,8267280.000,1,1,0,双开,S,3061.0000,3060.8000,3060.2000,3056.0000,3055.2000,3063.4000,3065.0000,3069.8000,3070.0000,3070.4000,5,1,1,3,6,4,1,1,2,5
SF,IH2006,2020-01-17 09:30:09.800,3063.6000,8797,0,8267280.000,0,-,-,-,-,3061.0000,3060.2000,3056.0000,3055.2000,3055.0000,3063.4000,3065.0000,3069.8000,3070.0000,3070.4000,4,1,3,6,1,4,1,1,2,5
SF,IH2006,2020-01-17 09:30:10.300,3061.0000,8796,-1,9185580.000,1,0,1,双平,S,3061.0000,3060.2000,3056.0000,3055.2000,3055.0000,3063.2000,3063.4000,3065.0000,3069.8000,3070.0000,3,1,3,6,1,1,4,1,1,2
SF,IH2006,2020-01-17 09:30:10.800,3061.0000,8796,0,9185580.000,0,-,-,-,-,3061.0000,3060.2000,3056.0000,3055.2000,3055.0000,3063.0000,3063.2000,3065.0000,3069.8000,3070.0000,3,1,3,6,1,4,1,1,1,2
SF,IH2006,2020-01-17 09:30:11.300,3061.0000,8794,-2,11940480.000,3,0,3,多平,S,3060.2000,3056.0000,3055.2000,3055.0000,3050.0000,3062.8000,3063.0000,3063.2000,3065.0000,3069.8000,1,3,6,1,1,2,3,1,1,1
SF,IH2006,2020-01-17 09:30:11.800,3061.0000,8794,0,11940480.000,0,-,-,-,-,3060.4000,3060.2000,3056.0000,3055.2000,3055.0000,3062.6000,3062.8000,3065.0000,3069.8000,3070.0000,2,1,3,6,1,3,2,1,1,2
SF,IH2006,2020-01-17 09:30:12.300,3061.0000,8794,0,11940480.000,0,-,-,-,-,3061.2000,3060.4000,3060.2000,3056.0000,3055.2000,3062.4000,3062.6000,3065.0000,3069.8000,3070.0000,1,2,1,3,6,2,4,1,1,2
SF,IH2006,2020-01-17 09:30:12.800,3061.0000,8794,0,11940480.000,0,-,-,-,-,3061.2000,3060.4000,3060.2000,3056.0000,3055.2000,3062.2000,3062.4000,3062.6000,3065.0000,3069.8000,1,1,1,3,6,2,2,2,1,1
SF,IH2006,2020-01-17 09:30:13.300,3061.0000,8794,0,11940480.000,0,-,-,-,-,3060.4000,3060.2000,3056.0000,3055.2000,3055.0000,3062.2000,3062.4000,3062.6000,3065.0000,3069.8000,1,1,3,6,1,2,2,2,1,1
SF,IH2006,2020-01-17 09:30:13.800,3061.0000,8794,0,11940480.000,0,-,-,-,-,3060.8000,3060.6000,3060.4000,3060.2000,3058.0000,3062.0000,3062.2000,3062.4000,3062.6000,3065.0000,1,1,1,1,1,2,2,1,1,1
SF,IH2006,2020-01-17 09:30:14.300,3061.0000,8794,0,11940480.000,0,-,-,-,-,3060.8000,3060.6000,3060.4000,3060.2000,3058.0000,3061.8000,3062.0000,3062.2000,3062.4000,3062.6000,1,1,1,1,1,2,1,1,1,1
SF,IH2006,2020-01-17 09:30:14.800,3061.8000,8792,-2,13777560.000,2,0,2,双平,S,3060.6000,3060.4000,3060.2000,3058.0000,3056.0000,3062.0000,3062.4000,3062.6000,3065.0000,3069.8000,1,1,2,1,3,1,1,1,1,1
SF,IH2006,2020-01-17 09:30:15.300,3061.8000,8791,-1,14696100.000,1,0,1,双平,S,3060.8000,3060.6000,3060.2000,3058.0000,3056.0000,3062.0000,3062.4000,3062.6000,3065.0000,3069.8000,3,1,2,1,3,1,1,1,1,1
SF,IH2006,2020-01-17 09:30:15.800,3062.0000,8790,-1,15614700.000,1,0,1,双平,S,3060.8000,3060.2000,3058.0000,3056.0000,3055.2000,3061.8000,3062.4000,3062.6000,3065.0000,3069.8000,2,2,1,3,5,1,1,1,1,1
SF,IH2006,2020-01-17 09:30:16.300,3062.4000,8791,1,16533420.000,1,1,0,双开,S,3061.0000,3060.8000,3060.2000,3058.0000,3056.0000,3062.6000,3065.0000,3069.8000,3070.0000,3070.4000,3,2,2,1,3,1,1,1,2,5
SF,IH2006,2020-01-17 09:30:16.800,3062.4000,8791,0,16533420.000,0,-,-,-,-,3061.2000,3061.0000,3060.8000,3060.2000,3058.0000,3062.4000,3062.6000,3065.0000,3069.8000,3070.0000,2,3,1,2,1,1,1,1,1,2
SF,IH2006,2020-01-17 09:30:17.300,3062.4000,8791,0,16533420.000,0,-,-,-,-,3061.4000,3061.2000,3061.0000,3060.2000,3058.0000,3062.4000,3065.0000,3069.4000,3069.8000,3070.0000,2,2,1,2,1,1,1,1,1,2
SF,IH2006,2020-01-17 09:30:17.800,3062.4000,8791,0,16533420.000,0,-,-,-,-,3061.4000,3061.2000,3061.0000,3060.2000,3058.0000,3062.4000,3064.6000,3065.0000,3069.4000,3069.8000,2,2,1,2,1,1,1,1,1,1
SF,IH2006,2020-01-17 09:30:18.300,3062.4000,8791,0,16533420.000,0,-,-,-,-,3061.4000,3061.2000,3061.0000,3060.2000,3058.0000,3062.4000,3064.6000,3065.0000,3069.4000,3069.8000,3,2,1,2,1,1,1,1,1,1
SF,IH2006,2020-01-17 09:30:18.800,3062.4000,8790,-1,17452140.000,1,0,1,双平,S,3061.4000,3061.2000,3060.2000,3058.0000,3056.0000,3064.6000,3065.0000,3069.4000,3069.8000,3070.0000,3,1,2,1,3,1,1,1,1,2
SF,IH2006,2020-01-17 09:30:19.300,3062.4000,8790,0,17452140.000,0,-,-,-,-,3061.6000,3061.4000,3060.2000,3058.0000,3056.0000,3064.4000,3064.6000,3065.0000,3069.4000,3069.8000,1,3,2,1,3,3,1,1,1,1
SF,IH2006,2020-01-17 09:30:19.800,3062.4000,8790,0,17452140.000,0,-,-,-,-,3061.8000,3061.6000,3061.4000,3060.2000,3058.0000,3064.4000,3064.6000,3065.0000,3069.4000,3069.8000,2,1,2,2,1,3,1,1,1,1
SF,IH2006,2020-01-17 09:30:20.300,3062.4000,8790,0,17452140.000,0,-,-,-,-,3061.8000,3061.6000,3061.4000,3060.2000,3058.0000,3064.4000,3064.6000,3065.0000,3069.4000,3069.8000,2,1,1,2,1,3,1,1,1,1
SF,IH2006,2020-01-17 09:30:20.800,3062.4000,8790,0,17452140.000,0,-,-,-,-,3061.8000,3061.6000,3061.4000,3060.2000,3058.0000,3064.4000,3064.6000,3065.0000,3069.4000,3069.8000,1,1,1,2,1,3,1,1,1,1
SF,IH2006,2020-01-17 09:30:21.300,3062.4000,8790,0,17452140.000,0,-,-,-,-,3061.8000,3061.6000,3061.4000,3060.2000,3056.0000,3064.4000,3064.6000,3065.0000,3069.4000,3069.8000,1,1,1,2,3,3,1,1,1,1
SF,IH2006,2020-01-17 09:30:21.800,3062.4000,8790,0,17452140.000,0,-,-,-,-,3061.8000,3060.2000,3056.0000,3055.2000,3055.0000,3064.2000,3064.4000,3064.6000,3065.0000,3069.4000,1,2,3,5,1,2,3,1,1,1
SF,IH2006,2020-01-17 09:30:22.300,3062.4000,8790,0,17452140.000,0,-,-,-,-,3060.2000,3056.0000,3055.2000,3055.0000,3050.0000,3064.0000,3064.2000,3064.6000,3065.0000,3069.4000,3,3,5,1,2,3,2,1,1,1
SF,IH2006,2020-01-17 09:30:22.800,3062.4000,8790,0,17452140.000,0,-,-,-,-,3060.4000,3060.2000,3056.0000,3055.2000,3055.0000,3064.0000,3064.2000,3064.6000,3065.0000,3069.4000,3,2,3,5,1,3,2,1,1,1
SF,IH2006,2020-01-17 09:30:23.300,3062.4000,8790,0,17452140.000,0,-,-,-,-,3060.6000,3060.4000,3060.2000,3056.0000,3055.2000,3064.0000,3064.2000,3064.6000,3065.0000,3069.4000,1,3,2,3,5,3,3,1,1,1
SF,IH2006,2020-01-17 09:30:23.800,3062.4000,8790,0,17452140.000,0,-,-,-,-,3060.8000,3060.6000,3060.4000,3060.2000,3056.0000,3063.8000,3064.0000,3064.2000,3064.6000,3065.0000,1,1,2,2,3,2,3,3,1,1
SF,IH2006,2020-01-17 09:30:24.300,3062.4000,8790,0,17452140.000,0,-,-,-,-,3060.8000,3060.6000,3060.4000,3060.2000,3056.0000,3063.6000,3064.2000,3064.6000,3065.0000,3069.4000,1,1,2,2,3,3,3,1,1,1
SF,IH2006,2020-01-17 09:30:24.800,3062.4000,8790,0,17452140.000,0,-,-,-,-,3061.0000,3060.8000,3060.6000,3060.4000,3060.2000,3063.4000,3063.6000,3064.2000,3064.6000,3065.0000,1,1,1,2,2,1,3,3,1,1
SF,IH2006,2020-01-17 09:30:25.300,3062.4000,8790,0,17452140.000,0,-,-,-,-,3061.2000,3061.0000,3060.4000,3060.2000,3056.0000,3063.2000,3064.2000,3064.6000,3065.0000,3069.4000,1,1,2,2,3,3,3,1,1,1
SF,IH2006,2020-01-17 09:30:25.800,3062.4000,8790,0,17452140.000,0,-,-,-,-,3061.2000,3061.0000,3060.4000,3060.2000,3056.0000,3063.2000,3064.2000,3064.6000,3065.0000,3069.4000,1,2,2,2,3,3,3,1,1,1
SF,IH2006,2020-01-17 09:30:26.300,3062.4000,8790,0,17452140.000,0,-,-,-,-,3061.4000,3061.2000,3061.0000,3060.4000,3060.2000,3063.2000,3064.2000,3064.6000,3065.0000,3069.4000,1,1,2,2,2,3,3,1,1,1
SF,IH2006,2020-01-17 09:30:26.800,3062.4000,8790,0,17452140.000,0,-,-,-,-,3061.6000,3061.4000,3061.0000,3060.4000,3060.2000,3063.2000,3064.2000,3064.6000,3069.4000,3069.8000,1,1,1,2,2,3,3,1,1,1
SF,IH2006,2020-01-17 09:30:27.300,3062.4000,8790,0,17452140.000,0,-,-,-,-,3061.8000,3061.6000,3061.0000,3060.4000,3060.2000,3063.2000,3064.2000,3064.6000,3069.4000,3069.8000,1,1,1,2,2,2,3,1,1,1
SF,IH2006,2020-01-17 09:30:27.800,3062.4000,8790,0,17452140.000,0,-,-,-,-,3061.8000,3061.6000,3061.0000,3060.4000,3060.2000,3063.0000,3063.2000,3064.2000,3064.6000,3069.4000,1,1,1,2,2,1,2,3,1,1
SF,IH2006,2020-01-17 09:30:28.300,3062.4000,8790,0,17452140.000,0,-,-,-,-,3061.6000,3061.0000,3060.4000,3060.2000,3056.0000,3062.8000,3063.0000,3063.2000,3064.2000,3064.6000,1,1,2,2,3,1,1,1,3,1
SF,IH2006,2020-01-17 09:30:28.800,3062.4000,8790,0,17452140.000,0,-,-,-,-,3061.8000,3061.6000,3061.0000,3060.4000,3060.2000,3062.8000,3063.2000,3064.2000,3064.6000,3069.4000,1,1,1,2,2,1,1,3,1,1
SF,IH2006,2020-01-17 09:30:29.300,3062.4000,8790,0,17452140.000,0,-,-,-,-,3061.8000,3061.0000,3060.4000,3060.2000,3056.0000,3062.8000,3063.2000,3064.2000,3064.6000,3069.4000,1,1,2,2,3,1,1,3,1,1
SF,IH2006,2020-01-17 09:30:29.800,3062.4000,8790,0,18370860.000,1,0,1,多换,S,3061.0000,3060.4000,3060.2000,3056.0000,3055.2000,3062.6000,3062.8000,3063.2000,3064.2000,3064.6000,1,2,2,3,5,1,1,1,3,1
SF,IH2006,2020-01-17 09:30:30.300,3062.4000,8790,0,18370860.000,0,-,-,-,-,3061.2000,3061.0000,3060.4000,3060.2000,3056.0000,3061.8000,3062.4000,3062.6000,3063.2000,3064.2000,2,1,2,2,3,1,1,1,1,3
SF,IH2006,2020-01-17 09:30:32.300,3062.4000,8790,0,18370860.000,0,-,-,-,-,3061.4000,3061.2000,3061.0000,3060.4000,3060.2000,3061.8000,3062.4000,3062.6000,3063.2000,3064.2000,1,2,1,2,2,1,1,1,1,3
SF,IH2006,2020-01-17 09:30:32.800,3061.8000,8789,-1,19289400.000,1,0,1,双平,S,3061.4000,3061.2000,3061.0000,3060.4000,3060.2000,3062.4000,3062.6000,3063.2000,3064.2000,3064.6000,1,2,1,2,2,1,1,1,3,1
SF,IH2006,2020-01-17 09:30:33.300,3061.8000,8789,0,19289400.000,0,-,-,-,-,3061.4000,3061.2000,3061.0000,3060.4000,3060.2000,3062.4000,3063.2000,3064.2000,3064.6000,3069.4000,2,2,1,2,2,1,1,3,1,1
SF,IH2006,2020-01-17 09:30:35.300,3062.4000,8790,1,20208120.000,1,1,0,双开,S,3061.4000,3061.2000,3061.0000,3060.4000,3060.2000,3063.2000,3064.2000,3064.6000,3069.4000,3069.8000,2,2,1,2,2,1,3,1,1,1
SF,IH2006,2020-01-17 09:30:35.800,3062.4000,8790,0,20208120.000,0,-,-,-,-,3061.6000,3061.4000,3061.2000,3061.0000,3060.4000,3063.2000,3064.2000,3064.6000,3069.4000,3069.8000,1,2,1,1,2,1,3,1,1,1
SF,IH2006,2020-01-17 09:30:36.300,3062.4000,8790,0,20208120.000,0,-,-,-,-,3061.8000,3061.6000,3061.4000,3061.2000,3061.0000,3063.2000,3064.2000,3064.6000,3069.4000,3069.8000,1,1,2,1,1,1,1,1,1,1
SF,IH2006,2020-01-17 09:30:36.800,3062.4000,8790,0,20208120.000,0,-,-,-,-,3062.0000,3061.8000,3061.4000,3061.2000,3061.0000,3063.2000,3064.2000,3064.6000,3069.4000,3069.8000,1,1,2,1,1,1,1,1,1,1
SF,IH2006,2020-01-17 09:30:37.300,3062.4000,8790,0,20208120.000,0,-,-,-,-,3062.2000,3062.0000,3061.8000,3061.4000,3061.2000,3064.2000,3064.6000,3069.4000,3069.8000,3070.0000,1,1,1,2,1,1,1,1,1,2
SF,IH2006,2020-01-17 09:30:37.800,3062.4000,8790,0,20208120.000,0,-,-,-,-,3062.4000,3062.2000,3062.0000,3061.8000,3061.4000,3064.0000,3064.2000,3064.6000,3069.4000,3069.8000,1,1,1,1,2,2,1,1,1,1
SF,IH2006,2020-01-17 09:30:38.300,3062.4000,8790,0,20208120.000,0,-,-,-,-,3062.6000,3062.4000,3062.2000,3062.0000,3061.8000,3063.8000,3064.0000,3064.2000,3064.6000,3069.4000,1,1,1,1,1,1,2,1,1,1
SF,IH2006,2020-01-17 09:30:38.800,3062.4000,8790,0,20208120.000,0,-,-,-,-,3062.6000,3062.4000,3062.2000,3062.0000,3061.8000,3063.8000,3064.0000,3064.2000,3064.6000,3069.4000,1,1,1,1,1,1,2,1,1,1
SF,IH2006,2020-01-17 09:30:39.800,3062.4000,8790,0,20208120.000,0,-,-,-,-,3062.6000,3062.4000,3062.2000,3062.0000,3061.8000,3063.8000,3064.0000,3064.2000,3064.6000,3069.4000,1,1,1,1,1,1,2,1,1,1
SF,IH2006,2020-01-17 09:30:41.300,3062.4000,8790,0,20208120.000,0,-,-,-,-,3063.0000,3062.6000,3062.4000,3062.2000,3062.0000,3063.8000,3064.0000,3064.2000,3064.6000,3069.4000,1,1,1,1,1,1,2,1,1,1
SF,IH2006,2020-01-17 09:30:41.800,3062.4000,8790,0,20208120.000,0,-,-,-,-,3063.0000,3062.4000,3062.2000,3062.0000,3061.8000,3063.8000,3064.0000,3064.2000,3064.6000,3069.4000,1,1,1,1,1,1,1,1,1,1
SF,IH2006,2020-01-17 09:30:42.300,3062.4000,8790,0,20208120.000,0,-,-,-,-,3063.0000,3062.4000,3062.2000,3062.0000,3061.8000,3064.0000,3064.2000,3064.6000,3069.4000,3069.8000,1,1,1,1,1,1,1,1,1,1
SF,IH2006,2020-01-17 09:30:42.800,3063.0000,8790,0,21127020.000,1,0,1,多换,S,3062.4000,3062.2000,3062.0000,3061.8000,3061.4000,3064.0000,3064.2000,3064.6000,3069.4000,3069.8000,1,1,1,1,1,1,1,1,1,1
SF,IH2006,2020-01-17 09:30:43.300,3063.0000,8790,0,21127020.000,0,-,-,-,-,3062.6000,3062.4000,3062.2000,3062.0000,3061.8000,3064.0000,3064.2000,3064.6000,3069.4000,3069.8000,1,1,1,1,1,1,1,1,1,1
SF,IH2006,2020-01-17 09:30:43.800,3063.0000,8790,0,21127020.000,0,-,-,-,-,3062.6000,3062.4000,3062.2000,3062.0000,3061.8000,3063.8000,3064.0000,3064.2000,3064.6000,3069.4000,1,1,1,1,1,1,1,1,1,1
SF,IH2006,2020-01-17 09:30:44.300,3063.8000,8790,0,22046160.000,1,0,1,多换,S,3063.0000,3062.6000,3062.4000,3062.2000,3062.0000,3064.0000,3064.2000,3064.6000,3069.4000,3069.8000,1,1,1,1,1,1,1,1,1,1
SF,IH2006,2020-01-17 09:30:45.300,3063.8000,8790,0,22046160.000,0,-,-,-,-,3063.0000,3062.6000,3062.4000,3062.2000,3062.0000,3064.0000,3064.2000,3064.6000,3069.4000,3069.8000,1,1,1,1,1,1,1,1,1,1
SF,IH2006,2020-01-17 09:30:45.800,3063.8000,8790,0,22046160.000,0,-,-,-,-,3063.0000,3062.6000,3062.4000,3062.2000,3062.0000,3064.2000,3064.6000,3069.4000,3069.8000,3070.0000,2,1,1,1,1,1,1,1,1,2
SF,IH2006,2020-01-17 09:30:46.300,3063.8000,8790,0,22046160.000,0,-,-,-,-,3063.2000,3063.0000,3062.6000,3062.2000,3062.0000,3064.2000,3064.6000,3069.4000,3069.8000,3070.0000,1,2,1,1,1,1,1,1,1,2
SF,IH2006,2020-01-17 09:30:46.800,3064.2000,8790,0,22965420.000,1,0,1,多换,S,3063.2000,3063.0000,3062.6000,3062.2000,3062.0000,3064.0000,3064.6000,3066.0000,3069.4000,3069.8000,1,2,1,1,1,1,1,1,1,1
SF,IH2006,2020-01-17 09:30:47.300,3064.2000,8790,0,23884680.000,1,0,1,多换,S,3063.2000,3063.0000,3062.6000,3062.2000,3062.0000,3064.6000,3066.0000,3069.4000,3069.8000,3070.0000,2,2,1,1,1,1,1,1,1,2
SF,IH2006,2020-01-17 09:30:47.800,3063.2000,8788,-2,25722600.000,2,0,2,双平,S,3063.0000,3062.6000,3062.2000,3062.0000,3061.8000,3063.2000,3064.6000,3066.0000,3069.4000,3069.8000,2,1,1,1,1,4,1,1,1,1
SF,IH2006,2020-01-17 09:30:48.300,3063.2000,8784,-4,29398440.000,4,0,4,双平,S,3063.0000,3062.6000,3062.2000,3062.0000,3061.8000,3064.4000,3064.6000,3066.0000,3069.4000,3069.8000,2,1,1,1,1,1,1,1,1,1
SF,IH2006,2020-01-17 09:30:48.800,3063.2000,8784,0,29398440.000,0,-,-,-,-,3063.0000,3062.6000,3062.2000,3062.0000,3061.8000,3064.2000,3064.4000,3064.6000,3066.0000,3069.4000,2,1,1,1,1,1,1,1,1,1
SF,IH2006,2020-01-17 09:30:49.800,3063.2000,8784,0,29398440.000,0,-,-,-,-,3063.0000,3062.6000,3062.2000,3062.0000,3061.8000,3064.0000,3064.2000,3064.6000,3066.0000,3069.4000,2,1,1,1,1,1,1,1,1,1
SF,IH2006,2020-01-17 09:30:50.300,3064.0000,8784,0,30317640.000,1,0,1,多换,S,3064.0000,3063.0000,3062.6000,3062.2000,3062.0000,3064.2000,3064.6000,3066.0000,3069.4000,3069.8000,5,2,1,1,1,1,1,1,1,1
SF,IH2006,2020-01-17 09:30:50.800,3064.0000,8784,0,34913640.000,5,2,3,多换,S,3063.0000,3062.2000,3062.0000,3061.8000,3061.0000,3064.2000,3064.6000,3066.0000,3069.4000,3069.8000,2,1,1,1,1,1,1,1,1,1
SF,IH2006,2020-01-17 09:30:51.300,3064.0000,8784,0,34913640.000,0,-,-,-,-,3063.0000,3062.2000,3062.0000,3061.8000,3061.0000,3064.0000,3064.2000,3064.6000,3066.0000,3069.4000,1,1,1,1,1,1,1,1,1,1
SF,IH2006,2020-01-17 09:30:52.300,3064.0000,8784,0,34913640.000,0,-,-,-,-,3063.0000,3062.2000,3062.0000,3061.8000,3061.0000,3064.0000,3064.6000,3066.0000,3069.4000,3069.8000,1,1,1,1,1,1,1,1,1,1
SF,IH2006,2020-01-17 09:30:52.800,3064.0000,8784,0,34913640.000,0,-,-,-,-,3063.0000,3062.2000,3062.0000,3061.8000,3061.0000,3064.0000,3064.6000,3066.0000,3069.4000,3069.8000,2,1,1,1,1,1,1,1,1,1
SF,IH2006,2020-01-17 09:30:54.300,3064.0000,8784,0,34913640.000,0,-,-,-,-,3063.0000,3062.2000,3062.0000,3061.8000,3061.0000,3064.0000,3064.6000,3066.0000,3069.4000,3069.8000,2,1,1,1,1,2,1,1,1,1
SF,IH2006,2020-01-17 09:30:54.800,3064.0000,8784,0,35832840.000,1,0,1,多换,S,3063.0000,3062.2000,3062.0000,3061.8000,3061.0000,3064.0000,3064.6000,3066.0000,3069.4000,3069.8000,2,1,1,1,1,1,1,1,1,1
SF,IH2006,2020-01-17 09:30:56.800,3064.0000,8784,0,35832840.000,0,-,-,-,-,3063.8000,3063.0000,3062.2000,3062.0000,3061.8000,3064.0000,3064.6000,3066.0000,3069.4000,3069.8000,1,2,1,1,1,1,1,1,1,1
SF,IH2006,2020-01-17 09:30:57.300,3063.8000,8784,0,36751980.000,1,0,1,多换,S,3063.0000,3062.2000,3062.0000,3061.8000,3061.0000,3064.0000,3064.6000,3066.0000,3069.4000,3069.8000,1,1,1,1,1,1,1,1,1,1
SF,IH2006,2020-01-17 09:30:57.800,3063.8000,8784,0,36751980.000,0,-,-,-,-,3063.0000,3062.2000,3062.0000,3061.0000,3060.4000,3064.0000,3064.6000,3066.0000,3069.4000,3069.8000,1,1,1,1,2,1,1,1,1,1
SF,IH2006,2020-01-17 09:30:58.300,3063.0000,8784,0,37670880.000,1,0,1,多换,S,3062.2000,3062.0000,3061.0000,3060.4000,3060.2000,3064.0000,3064.6000,3066.0000,3069.4000,3069.8000,1,1,1,2,2,1,1,1,1,1
SF,IH2006,2020-01-17 09:30:58.800,3063.0000,8784,0,37670880.000,0,-,-,-,-,3062.4000,3062.2000,3062.0000,3061.0000,3060.4000,3063.8000,3064.0000,3064.6000,3066.0000,3069.4000,1,1,1,1,2,1,1,1,1,1
SF,IH2006,2020-01-17 09:30:59.300,3063.0000,8784,0,37670880.000,0,-,-,-,-,3062.6000,3062.4000,3062.2000,3062.0000,3061.0000,3063.8000,3064.0000,3064.6000,3066.0000,3069.4000,1,1,1,1,1,1,1,1,1,1
SF,IH2006,2020-01-17 09:30:59.800,3063.0000,8784,0,37670880.000,0,-,-,-,-,3062.6000,3062.4000,3062.2000,3062.0000,3061.0000,3064.0000,3064.6000,3066.0000,3069.4000,3069.8000,1,1,1,1,1,1,1,1,1,1
SF,IH2006,2020-01-17 09:31:00.300,3063.0000,8784,0,37670880.000,0,-,-,-,-,3062.8000,3062.6000,3062.2000,3062.0000,3061.0000,3064.0000,3064.6000,3066.0000,3069.4000,3069.8000,1,1,1,1,1,1,1,1,1,1
SF,IH2006,2020-01-17 09:31:00.800,3063.0000,8784,0,37670880.000,0,-,-,-,-,3063.0000,3062.8000,3062.6000,3062.2000,3062.0000,3064.0000,3064.6000,3066.0000,3069.4000,3069.8000,1,1,1,1,1,1,1,1,1,1
SF,IH2006,2020-01-17 09:31:01.300,3063.0000,8784,0,37670880.000,0,-,-,-,-,3063.0000,3062.8000,3062.6000,3062.2000,3062.0000,3064.0000,3064.6000,3066.0000,3069.4000,3069.8000,1,1,1,1,1,1,1,1,1,1
SF,IH2006,2020-01-17 09:31:02.300,3063.0000,8784,0,37670880.000,0,-,-,-,-,3063.0000,3062.8000,3062.6000,3062.2000,3062.0000,3064.0000,3064.2000,3064.6000,3066.0000,3069.4000,1,1,1,1,1,1,1,1,1,1
SF,IH2006,2020-01-17 09:31:02.800,3063.0000,8784,0,37670880.000,0,-,-,-,-,3063.2000,3063.0000,3062.6000,3062.2000,3062.0000,3064.0000,3064.2000,3064.6000,3066.0000,3069.4000,1,1,1,1,1,1,1,1,1,1
SF,IH2006,2020-01-17 09:31:03.300,3063.0000,8784,0,37670880.000,0,-,-,-,-,3063.2000,3063.0000,3062.6000,3062.2000,3062.0000,3064.2000,3064.6000,3066.0000,3069.4000,3069.8000,2,1,1,1,1,1,1,1,1,1
SF,IH2006,2020-01-17 09:31:07.800,3063.0000,8784,0,37670880.000,0,-,-,-,-,3063.4000,3063.2000,3063.0000,3062.6000,3062.2000,3064.2000,3064.6000,3066.0000,3069.4000,3069.8000,1,2,1,1,1,1,1,1,1,1
SF,IH2006,2020-01-17 09:31:08.800,3063.0000,8784,0,37670880.000,0,-,-,-,-,3063.4000,3063.2000,3063.0000,3062.6000,3062.2000,3064.2000,3064.6000,3066.0000,3069.4000,3069.8000,1,2,1,1,1,1,1,1,1,1
SF,IH2006,2020-01-17 09:31:09.800,3063.0000,8784,0,37670880.000,0,-,-,-,-,3063.4000,3063.2000,3063.0000,3062.6000,3062.2000,3064.2000,3064.6000,3066.0000,3069.4000,3069.8000,1,2,1,1,1,1,1,1,1,1
SF,IH2006,2020-01-17 09:31:10.300,3063.0000,8784,0,37670880.000,0,-,-,-,-,3063.4000,3063.2000,3063.0000,3062.2000,3060.4000,3064.2000,3064.6000,3066.0000,3069.4000,3069.8000,1,2,2,1,2,1,1,1,1,1
SF,IH2006,2020-01-17 09:31:10.800,3063.0000,8784,0,37670880.000,0,-,-,-,-,3063.4000,3063.2000,3063.0000,3062.2000,3060.4000,3064.2000,3064.6000,3066.0000,3069.4000,3069.8000,1,2,1,1,2,1,1,1,1,1
SF,IH2006,2020-01-17 09:31:11.300,3063.0000,8784,0,37670880.000,0,-,-,-,-,3063.4000,3063.2000,3063.0000,3062.2000,3060.4000,3064.2000,3064.6000,3066.0000,3069.4000,3069.8000,1,1,1,1,2,1,1,1,1,1
SF,IH2006,2020-01-17 09:31:11.800,3063.0000,8784,0,37670880.000,0,-,-,-,-,3063.4000,3063.2000,3063.0000,3060.4000,3060.2000,3064.2000,3064.6000,3066.0000,3069.4000,3069.8000,1,1,1,2,6,1,1,1,1,1
SF,IH2006,2020-01-17 09:31:12.300,3063.0000,8784,0,37670880.000,0,-,-,-,-,3063.4000,3063.2000,3063.0000,3060.4000,3060.2000,3064.2000,3064.6000,3066.0000,3069.4000,3069.8000,1,1,1,2,6,1,1,1,1,1
SF,IH2006,2020-01-17 09:31:12.800,3063.0000,8784,0,37670880.000,0,-,-,-,-,3063.4000,3063.2000,3063.0000,3060.4000,3060.2000,3063.8000,3064.2000,3064.6000,3066.0000,3069.4000,1,1,1,2,6,1,1,1,1,1
SF,IH2006,2020-01-17 09:31:13.800,3063.8000,8784,0,38590020.000,1,0,1,多换,S,3063.4000,3063.2000,3063.0000,3060.4000,3060.2000,3064.2000,3064.6000,3066.0000,3069.4000,3069.8000,1,1,1,2,6,1,1,1,1,1
SF,IH2006,2020-01-17 09:31:14.300,3063.8000,8784,0,38590020.000,0,-,-,-,-,3063.4000,3063.2000,3063.0000,3060.4000,3060.2000,3064.0000,3064.2000,3064.6000,3066.0000,3069.4000,1,1,1,2,6,1,1,1,1,1
SF,IH2006,2020-01-17 09:31:15.300,3063.8000,8784,0,38590020.000,0,-,-,-,-,3063.4000,3063.2000,3063.0000,3060.4000,3060.2000,3064.0000,3064.2000,3064.6000,3066.0000,3069.4000,2,1,1,2,6,1,1,1,1,1
SF,IH2006,2020-01-17 09:31:15.800,3064.0000,8782,-2,40428420.000,2,0,2,双平,S,3063.4000,3063.2000,3063.0000,3060.4000,3060.2000,3064.2000,3064.6000,3066.0000,3069.4000,3069.8000,2,1,1,2,6,1,1,1,1,1
SF,IH2006,2020-01-17 09:31:17.300,3064.0000,8782,0,40428420.000,0,-,-,-,-,3064.0000,3063.4000,3063.2000,3063.0000,3060.4000,3064.2000,3064.6000,3066.0000,3069.4000,3069.8000,1,2,1,1,2,1,1,1,1,1
SF,IH2006,2020-01-17 09:31:17.800,3064.0000,8782,0,41347620.000,1,0,1,多换,S,3063.4000,3063.2000,3063.0000,3060.4000,3060.2000,3064.2000,3064.6000,3066.0000,3069.4000,3069.8000,2,1,1,2,6,1,1,1,1,1
SF,IH2006,2020-01-17 09:31:18.300,3064.2000,8782,0,42266880.000,1,0,1,多换,S,3063.6000,3063.4000,3063.0000,3060.4000,3060.2000,3064.6000,3066.0000,3069.4000,3069.8000,3070.0000,1,2,1,2,6,1,1,1,1,2
SF,IH2006,2020-01-17 09:31:18.800,3064.2000,8782,0,42266880.000,0,-,-,-,-,3063.6000,3063.4000,3063.0000,3060.4000,3060.2000,3064.6000,3066.0000,3069.4000,3069.8000,3070.0000,1,2,1,2,6,1,1,1,1,2
SF,IH2006,2020-01-17 09:31:19.300,3064.2000,8782,0,42266880.000,0,-,-,-,-,3063.6000,3063.4000,3063.0000,3060.4000,3060.2000,3064.6000,3066.0000,3069.4000,3069.8000,3070.0000,1,1,1,2,6,1,1,1,1,2
SF,IH2006,2020-01-17 09:31:20.300,3063.4000,8781,-1,44104980.000,2,0,2,多平,S,3063.0000,3060.4000,3060.2000,3057.8000,3056.0000,3064.6000,3066.0000,3069.4000,3069.8000,3070.0000,1,2,6,1,3,1,1,1,1,2
SF,IH2006,2020-01-17 09:31:20.800,3063.4000,8781,0,44104980.000,0,-,-,-,-,3063.0000,3060.4000,3060.2000,3057.8000,3056.0000,3064.0000,3064.4000,3064.6000,3066.0000,3069.4000,1,2,6,1,3,1,1,1,1,1
SF,IH2006,2020-01-17 09:31:21.300,3063.4000,8781,0,44104980.000,0,-,-,-,-,3063.0000,3060.4000,3060.2000,3057.8000,3056.0000,3063.8000,3064.0000,3064.6000,3066.0000,3069.4000,1,2,6,1,3,1,1,1,1,1
SF,IH2006,2020-01-17 09:31:21.800,3063.4000,8781,0,44104980.000,0,-,-,-,-,3063.0000,3060.4000,3060.2000,3057.8000,3056.0000,3063.8000,3064.0000,3064.6000,3066.0000,3069.4000,1,2,6,1,3,1,1,1,1,1
SF,IH2006,2020-01-17 09:31:22.800,3064.6000,8781,0,46862700.000,3,1,2,多换,S,3063.0000,3060.4000,3060.2000,3057.8000,3056.0000,3066.0000,3069.4000,3069.8000,3070.0000,3070.4000,1,2,6,1,3,1,1,1,2,5
SF,IH2006,2020-01-17 09:31:23.300,3064.6000,8781,0,46862700.000,0,-,-,-,-,3063.2000,3063.0000,3060.4000,3060.2000,3057.8000,3065.8000,3066.0000,3069.4000,3069.8000,3070.0000,1,1,2,6,1,6,2,1,1,2
SF,IH2006,2020-01-17 09:31:23.800,3064.6000,8781,0,46862700.000,0,-,-,-,-,3063.2000,3063.0000,3060.4000,3060.2000,3057.8000,3065.8000,3066.0000,3069.4000,3069.8000,3070.0000,1,1,2,6,1,4,2,1,1,2
SF,IH2006,2020-01-17 09:31:24.300,3064.6000,8781,0,46862700.000,0,-,-,-,-,3063.2000,3063.0000,3060.4000,3060.2000,3057.8000,3065.6000,3065.8000,3066.0000,3069.4000,3069.8000,1,1,2,6,1,2,4,3,1,1
SF,IH2006,2020-01-17 09:31:24.800,3064.6000,8781,0,46862700.000,0,-,-,-,-,3063.2000,3063.0000,3060.4000,3060.2000,3057.8000,3065.4000,3065.6000,3065.8000,3066.0000,3069.4000,1,1,2,6,1,2,2,2,3,1
SF,IH2006,2020-01-17 09:31:25.300,3064.6000,8781,0,46862700.000,0,-,-,-,-,3063.2000,3063.0000,3060.4000,3060.2000,3057.8000,3065.2000,3065.4000,3065.6000,3065.8000,3066.0000,1,1,2,6,1,1,2,2,2,3
SF,IH2006,2020-01-17 09:31:25.800,3065.0000,8781,0,51460200.000,5,2,3,多换,S,3063.2000,3063.0000,3060.4000,3060.2000,3057.8000,3065.0000,3065.2000,3065.6000,3065.8000,3066.0000,1,1,2,6,1,2,1,2,2,3
SF,IH2006,2020-01-17 09:31:26.300,3065.0000,8781,0,51460200.000,0,-,-,-,-,3063.2000,3063.0000,3060.4000,3060.2000,3057.8000,3064.8000,3065.0000,3065.2000,3065.6000,3065.8000,1,1,2,6,1,2,2,1,2,1
SF,IH2006,2020-01-17 09:31:26.800,3065.0000,8781,0,51460200.000,0,-,-,-,-,3063.2000,3063.0000,3060.4000,3060.2000,3057.8000,3064.8000,3065.0000,3065.2000,3065.6000,3065.8000,1,1,2,6,1,2,2,1,1,1
SF,IH2006,2020-01-17 09:31:27.300,3065.0000,8781,0,51460200.000,0,-,-,-,-,3063.2000,3063.0000,3060.4000,3060.2000,3057.8000,3064.6000,3064.8000,3065.0000,3065.6000,3065.8000,1,1,2,6,1,1,2,1,1,1
SF,IH2006,2020-01-17 09:31:27.800,3065.0000,8781,0,51460200.000,0,-,-,-,-,3063.2000,3063.0000,3060.4000,3060.2000,3057.8000,3064.6000,3064.8000,3065.0000,3065.6000,3065.8000,1,1,2,6,1,1,1,1,1,1
SF,IH2006,2020-01-17 09:31:29.800,3063.2000,8780,-1,52379160.000,1,0,1,双平,S,3063.0000,3060.4000,3060.2000,3057.8000,3056.0000,3064.4000,3064.6000,3065.0000,3065.6000,3065.8000,1,2,6,1,3,1,1,1,2,1
SF,IH2006,2020-01-17 09:31:30.300,3064.4000,8780,0,55137000.000,3,1,2,多换,S,3064.4000,3063.0000,3060.4000,3060.2000,3057.8000,3065.0000,3065.6000,3065.8000,3066.0000,3068.0000,2,1,2,6,1,1,2,1,3,1
SF,IH2006,2020-01-17 09:31:30.800,3064.4000,8780,0,56975640.000,2,1,1,多换,S,3063.0000,3060.4000,3060.2000,3057.8000,3056.0000,3064.4000,3065.6000,3065.8000,3066.0000,3068.0000,1,2,6,1,3,2,2,1,3,1
SF,IH2006,2020-01-17 09:31:31.300,3064.4000,8780,0,56975640.000,0,-,-,-,-,3063.2000,3063.0000,3060.4000,3060.2000,3057.8000,3064.2000,3065.6000,3065.8000,3066.0000,3068.0000,1,1,2,6,1,1,2,1,3,1
SF,IH2006,2020-01-17 09:31:32.800,3064.4000,8780,0,56975640.000,0,-,-,-,-,3063.0000,3060.4000,3060.2000,3057.8000,3056.0000,3064.2000,3065.6000,3065.8000,3066.0000,3068.0000,1,2,6,1,3,1,2,1,3,1
SF,IH2006,2020-01-17 09:31:33.300,3064.4000,8780,0,56975640.000,0,-,-,-,-,3063.0000,3060.4000,3060.2000,3057.8000,3056.0000,3064.0000,3064.2000,3065.6000,3065.8000,3066.0000,1,2,6,1,3,2,1,2,1,3
SF,IH2006,2020-01-17 09:31:37.300,3064.4000,8780,0,56975640.000,0,-,-,-,-,3063.0000,3060.4000,3060.2000,3057.8000,3056.0000,3064.0000,3064.2000,3065.6000,3065.8000,3066.0000,1,2,1,1,3,2,1,2,1,3
SF,IH2006,2020-01-17 09:31:37.800,3063.0000,8779,-1,57894540.000,1,0,1,双平,S,3060.4000,3060.2000,3057.8000,3056.0000,3055.2000,3064.0000,3064.2000,3065.6000,3065.8000,3066.0000,2,1,1,3,5,1,1,2,1,3
SF,IH2006,2020-01-17 09:31:38.300,3063.0000,8779,0,57894540.000,0,-,-,-,-,3060.6000,3060.4000,3060.2000,3057.8000,3056.0000,3063.8000,3064.0000,3065.6000,3065.8000,3066.0000,12,3,1,1,3,2,1,2,1,3
SF,IH2006,2020-01-17 09:31:38.800,3063.0000,8779,0,57894540.000,0,-,-,-,-,3060.8000,3060.6000,3060.4000,3060.2000,3057.8000,3063.8000,3064.0000,3065.6000,3065.8000,3066.0000,2,4,1,1,1,2,1,2,1,3
SF,IH2006,2020-01-17 09:31:39.300,3063.0000,8779,0,57894540.000,0,-,-,-,-,3061.0000,3060.8000,3060.6000,3060.4000,3060.2000,3063.8000,3064.0000,3065.6000,3065.8000,3066.0000,4,2,2,1,1,2,1,2,1,3
SF,IH2006,2020-01-17 09:31:39.800,3063.0000,8779,0,57894540.000,0,-,-,-,-,3061.2000,3061.0000,3060.6000,3060.4000,3060.2000,3063.8000,3064.0000,3065.6000,3065.8000,3066.0000,3,4,2,1,1,2,1,2,1,3
SF,IH2006,2020-01-17 09:31:40.300,3063.0000,8779,0,57894540.000,0,-,-,-,-,3061.4000,3061.2000,3061.0000,3060.6000,3060.4000,3063.8000,3064.0000,3065.6000,3065.8000,3066.0000,3,4,3,1,1,3,1,2,1,3
SF,IH2006,2020-01-17 09:31:40.800,3063.8000,8779,0,58813680.000,1,0,1,多换,S,3061.6000,3061.4000,3061.2000,3061.0000,3060.6000,3063.8000,3064.0000,3065.6000,3065.8000,3066.0000,1,3,4,3,1,2,1,2,1,3
SF,IH2006,2020-01-17 09:31:41.300,3063.8000,8779,0,58813680.000,0,-,-,-,-,3061.8000,3061.6000,3061.4000,3061.2000,3061.0000,3063.8000,3064.0000,3065.6000,3065.8000,3066.0000,2,1,2,3,3,2,1,2,1,3
SF,IH2006,2020-01-17 09:31:41.800,3063.8000,8779,0,58813680.000,0,-,-,-,-,3062.0000,3061.8000,3061.6000,3061.4000,3061.2000,3063.8000,3064.0000,3065.6000,3065.8000,3066.0000,1,2,1,2,3,2,1,2,1,3
SF,IH2006,2020-01-17 09:31:42.300,3063.8000,8779,0,58813680.000,0,-,-,-,-,3062.0000,3061.8000,3061.6000,3061.4000,3061.2000,3063.6000,3063.8000,3064.0000,3065.6000,3065.8000,1,2,1,2,3,1,2,1,2,1
SF,IH2006,2020-01-17 09:31:42.800,3063.8000,8779,0,58813680.000,0,-,-,-,-,3062.2000,3062.0000,3061.8000,3061.4000,3061.2000,3063.4000,3063.6000,3063.8000,3064.0000,3065.6000,1,1,2,1,3,1,1,1,1,2
SF,IH2006,2020-01-17 09:31:43.300,3063.8000,8779,0,58813680.000,0,-,-,-,-,3062.4000,3062.2000,3062.0000,3061.8000,3061.2000,3063.4000,3063.8000,3064.0000,3065.6000,3066.0000,1,1,1,1,1,1,1,1,2,3
SF,IH2006,2020-01-17 09:31:43.800,3062.4000,8778,-1,59732400.000,1,0,1,双平,S,3062.2000,3062.0000,3061.2000,3061.0000,3060.2000,3063.4000,3063.8000,3064.0000,3065.6000,3066.0000,1,1,1,1,1,1,1,1,2,3
SF,IH2006,2020-01-17 09:31:44.300,3062.2000,8777,-1,60651060.000,1,0,1,双平,S,3062.0000,3061.2000,3061.0000,3060.2000,3058.8000,3062.2000,3063.4000,3063.8000,3064.0000,3065.6000,1,1,1,1,1,1,1,1,1,2
SF,IH2006,2020-01-17 09:31:44.800,3062.2000,8777,0,61569720.000,1,0,1,多换,S,3061.2000,3061.0000,3060.2000,3058.8000,3057.8000,3063.0000,3063.4000,3063.8000,3064.0000,3065.6000,1,1,1,1,1,1,1,1,1,2
SF,IH2006,2020-01-17 09:31:45.300,3062.2000,8777,0,61569720.000,0,-,-,-,-,3061.4000,3061.0000,3060.2000,3058.8000,3057.8000,3062.8000,3063.0000,3063.8000,3064.0000,3065.6000,3,1,1,1,1,1,1,1,1,2
SF,IH2006,2020-01-17 09:31:45.800,3062.2000,8777,0,61569720.000,0,-,-,-,-,3061.4000,3061.0000,3060.2000,3058.8000,3057.8000,3062.6000,3062.8000,3063.0000,3063.8000,3064.0000,3,1,1,1,1,1,1,1,1,1
SF,IH2006,2020-01-17 09:31:46.300,3062.2000,8777,0,61569720.000,0,-,-,-,-,3061.0000,3060.2000,3058.8000,3057.8000,3056.0000,3062.6000,3062.8000,3063.0000,3063.8000,3064.0000,1,1,1,1,3,1,1,1,1,1
SF,IH2006,2020-01-17 09:31:46.800,3062.2000,8777,0,61569720.000,0,-,-,-,-,3062.6000,3061.2000,3061.0000,3060.2000,3058.8000,3062.8000,3063.0000,3063.8000,3064.0000,3065.6000,5,1,1,1,1,1,1,1,1,2
SF,IH2006,2020-01-17 09:31:47.300,3062.6000,8777,0,66163620.000,5,2,3,多换,S,3061.6000,3061.0000,3060.2000,3058.8000,3057.8000,3063.0000,3063.8000,3064.0000,3065.6000,3066.0000,1,1,1,1,1,1,1,1,2,3
SF,IH2006,2020-01-17 09:31:47.800,3062.6000,8777,0,66163620.000,0,-,-,-,-,3061.6000,3061.0000,3060.2000,3058.8000,3057.8000,3062.8000,3063.0000,3063.8000,3064.0000,3065.6000,1,1,1,1,1,1,1,1,1,2
SF,IH2006,2020-01-17 09:31:48.800,3062.6000,8777,0,66163620.000,0,-,-,-,-,3061.6000,3060.2000,3058.8000,3057.8000,3056.0000,3062.8000,3063.0000,3063.8000,3064.0000,3065.6000,1,1,1,1,3,1,1,1,1,2
SF,IH2006,2020-01-17 09:31:49.300,3061.6000,8777,0,67082100.000,1,0,1,多换,S,3060.2000,3058.8000,3057.8000,3056.0000,3055.2000,3062.6000,3062.8000,3063.0000,3063.8000,3064.0000,1,1,1,3,5,1,1,1,1,1
SF,IH2006,2020-01-17 09:31:49.800,3061.6000,8777,0,67082100.000,0,-,-,-,-,3060.4000,3060.2000,3058.8000,3057.8000,3056.0000,3062.4000,3062.6000,3063.8000,3065.6000,3066.0000,3,1,1,1,3,1,1,1,2,3
SF,IH2006,2020-01-17 09:31:50.300,3061.6000,8777,0,67082100.000,0,-,-,-,-,3060.4000,3060.2000,3058.8000,3057.8000,3056.0000,3062.4000,3063.4000,3063.8000,3065.6000,3066.0000,3,1,1,1,3,1,1,1,2,3
SF,IH2006,2020-01-17 09:31:50.800,3062.4000,8777,0,68000820.000,1,0,1,多换,S,3062.4000,3060.4000,3060.2000,3058.8000,3057.8000,3063.4000,3063.8000,3065.6000,3066.0000,3068.0000,4,3,1,1,1,1,1,2,3,1
SF,IH2006,2020-01-17 09:31:51.300,3062.4000,8777,0,71675700.000,4,2,2,多换,S,3060.4000,3060.2000,3058.8000,3057.8000,3056.0000,3063.2000,3063.4000,3063.8000,3065.6000,3066.0000,3,1,1,1,3,3,1,1,2,3
SF,IH2006,2020-01-17 09:31:51.800,3062.4000,8777,0,71675700.000,0,-,-,-,-,3060.4000,3060.2000,3058.8000,3057.8000,3056.0000,3062.4000,3063.2000,3063.4000,3063.8000,3065.6000,3,1,1,1,3,1,3,1,1,2
SF,IH2006,2020-01-17 09:31:52.300,3062.4000,8778,1,72594420.000,1,1,0,双开,S,3060.4000,3060.2000,3058.8000,3057.8000,3056.0000,3063.0000,3063.2000,3063.4000,3063.8000,3065.6000,3,1,1,1,3,2,3,1,1,2
SF,IH2006,2020-01-17 09:31:52.800,3062.4000,8778,0,72594420.000,0,-,-,-,-,3060.4000,3060.2000,3058.8000,3057.8000,3056.0000,3062.8000,3063.0000,3063.2000,3063.4000,3063.8000,3,1,1,1,3,1,2,2,1,1
SF,IH2006,2020-01-17 09:31:53.300,3062.4000,8778,0,72594420.000,0,-,-,-,-,3060.4000,3060.2000,3058.8000,3057.8000,3056.0000,3063.0000,3063.2000,3063.4000,3063.8000,3065.6000,3,1,1,1,3,2,2,1,1,2
SF,IH2006,2020-01-17 09:31:53.800,3062.4000,8778,0,72594420.000,0,-,-,-,-,3060.4000,3060.2000,3058.8000,3057.8000,3056.0000,3062.8000,3063.0000,3063.2000,3063.4000,3063.8000,3,1,1,1,3,2,2,2,1,1
SF,IH2006,2020-01-17 09:31:54.300,3062.4000,8778,0,72594420.000,0,-,-,-,-,3060.4000,3060.2000,3058.8000,3057.8000,3056.0000,3063.0000,3063.2000,3063.4000,3063.8000,3065.6000,3,1,1,1,3,1,2,1,1,2
SF,IH2006,2020-01-17 09:31:54.800,3062.4000,8778,0,72594420.000,0,-,-,-,-,3060.4000,3060.2000,3058.8000,3057.8000,3056.0000,3063.0000,3063.4000,3063.8000,3065.6000,3066.0000,3,1,1,1,3,1,1,1,2,3
SF,IH2006,2020-01-17 09:31:55.300,3062.4000,8778,0,72594420.000,0,-,-,-,-,3060.6000,3060.4000,3060.2000,3058.8000,3057.8000,3063.0000,3063.4000,3063.8000,3065.6000,3066.0000,1,3,1,1,1,1,1,1,2,3
SF,IH2006,2020-01-17 09:31:55.800,3062.4000,8778,0,72594420.000,0,-,-,-,-,3060.8000,3060.6000,3060.4000,3060.2000,3058.8000,3062.8000,3063.0000,3063.4000,3065.6000,3066.0000,2,1,1,1,1,1,1,1,2,3
SF,IH2006,2020-01-17 09:31:56.300,3062.4000,8778,0,72594420.000,0,-,-,-,-,3060.8000,3060.6000,3060.4000,3060.2000,3058.8000,3062.6000,3062.8000,3063.0000,3063.4000,3065.6000,2,1,1,1,1,1,2,1,1,2
SF,IH2006,2020-01-17 09:31:56.800,3062.4000,8778,0,72594420.000,0,-,-,-,-,3060.8000,3060.4000,3060.2000,3058.8000,3057.8000,3062.6000,3062.8000,3063.0000,3063.4000,3065.6000,2,1,1,1,1,1,2,2,1,2
SF,IH2006,2020-01-17 09:31:57.800,3062.4000,8778,0,72594420.000,0,-,-,-,-,3060.8000,3060.4000,3060.2000,3058.8000,3057.8000,3062.8000,3063.0000,3063.4000,3065.6000,3066.0000,2,1,1,1,1,1,2,1,2,3
SF,IH2006,2020-01-17 09:31:59.300,3062.8000,8778,0,74432040.000,2,1,1,多换,S,3062.8000,3060.8000,3060.4000,3060.2000,3058.8000,3063.0000,3063.4000,3065.6000,3066.0000,3068.0000,4,2,1,1,1,2,1,2,3,1
SF,IH2006,2020-01-17 09:31:59.800,3062.8000,8778,0,78107400.000,4,2,2,多换,S,3060.8000,3060.4000,3060.2000,3058.8000,3057.8000,3063.0000,3063.4000,3065.6000,3066.0000,3068.0000,2,1,1,1,1,2,1,2,3,1
SF,IH2006,2020-01-17 09:32:00.300,3062.8000,8778,0,78107400.000,0,-,-,-,-,3060.8000,3060.4000,3060.2000,3058.8000,3057.8000,3062.8000,3063.0000,3063.4000,3065.6000,3066.0000,2,1,1,1,1,1,2,1,2,3
SF,IH2006,2020-01-17 09:32:00.800,3062.8000,8778,0,78107400.000,0,-,-,-,-,3060.8000,3060.4000,3060.2000,3058.8000,3057.8000,3062.8000,3063.0000,3063.4000,3065.6000,3066.0000,2,1,1,1,1,2,2,1,2,3
SF,IH2006,2020-01-17 09:32:01.300,3062.8000,8778,0,78107400.000,0,-,-,-,-,3060.8000,3060.4000,3060.2000,3058.8000,3057.8000,3062.8000,3063.0000,3063.4000,3065.6000,3066.0000,2,1,1,1,1,2,2,1,2,3
SF,IH2006,2020-01-17 09:32:01.800,3062.8000,8778,0,78107400.000,0,-,-,-,-,3060.8000,3060.2000,3058.8000,3057.8000,3056.0000,3062.6000,3062.8000,3063.0000,3063.4000,3065.6000,2,1,1,1,3,2,2,2,1,2
SF,IH2006,2020-01-17 09:32:02.300,3062.8000,8778,0,78107400.000,0,-,-,-,-,3060.8000,3060.2000,3058.8000,3057.8000,3056.0000,3062.4000,3062.6000,3062.8000,3063.0000,3063.4000,2,1,1,1,3,1,2,2,2,1
SF,IH2006,2020-01-17 09:32:02.800,3062.8000,8778,0,78107400.000,0,-,-,-,-,3060.8000,3060.2000,3058.8000,3057.8000,3056.0000,3062.4000,3062.8000,3063.0000,3063.4000,3065.6000,2,1,1,1,3,1,1,2,1,2
SF,IH2006,2020-01-17 09:32:03.300,3062.8000,8778,0,78107400.000,0,-,-,-,-,3061.0000,3060.8000,3060.2000,3058.8000,3057.8000,3062.4000,3063.0000,3063.4000,3065.6000,3066.0000,1,2,1,1,1,1,1,1,2,3
SF,IH2006,2020-01-17 09:32:03.800,3062.8000,8778,0,78107400.000,0,-,-,-,-,3061.2000,3061.0000,3060.8000,3060.2000,3058.8000,3063.0000,3063.4000,3065.6000,3066.0000,3068.0000,1,1,1,1,1,1,1,2,3,1
SF,IH2006,2020-01-17 09:32:04.300,3062.8000,8778,0,78107400.000,0,-,-,-,-,3061.4000,3061.2000,3060.2000,3058.8000,3057.8000,3062.8000,3063.0000,3063.4000,3065.6000,3066.0000,1,1,1,1,1,1,1,1,2,3
SF,IH2006,2020-01-17 09:32:04.800,3062.8000,8778,0,78107400.000,0,-,-,-,-,3061.6000,3061.4000,3060.2000,3058.8000,3057.8000,3062.8000,3063.0000,3063.4000,3065.6000,3066.0000,1,1,1,1,1,1,1,1,2,3
SF,IH2006,2020-01-17 09:32:05.300,3062.8000,8778,0,79026240.000,1,0,1,多换,S,3062.8000,3061.6000,3061.4000,3060.2000,3058.8000,3063.0000,3063.4000,3065.6000,3066.0000,3068.0000,4,1,1,1,1,1,1,2,3,1
SF,IH2006,2020-01-17 09:32:05.800,3062.8000,8777,-1,83620500.000,5,2,3,多平,S,3061.6000,3061.4000,3060.2000,3058.8000,3057.8000,3063.4000,3065.6000,3066.0000,3068.0000,3069.4000,1,1,1,1,1,1,2,3,1,1
SF,IH2006,2020-01-17 09:32:06.300,3061.8000,8777,0,84539040.000,1,0,1,多换,S,3061.8000,3061.6000,3060.2000,3058.8000,3057.8000,3063.2000,3063.4000,3065.6000,3066.0000,3068.0000,1,1,1,1,1,1,1,2,3,1
SF,IH2006,2020-01-17 09:32:06.800,3061.8000,8777,0,84539040.000,0,-,-,-,-,3062.0000,3061.8000,3060.2000,3058.8000,3057.8000,3062.8000,3063.2000,3063.4000,3065.6000,3066.0000,1,1,1,1,1,1,1,1,2,3
SF,IH2006,2020-01-17 09:32:07.300,3062.8000,8776,-1,85457880.000,1,0,1,双平,S,3062.0000,3060.2000,3058.8000,3057.8000,3056.0000,3063.4000,3065.6000,3066.0000,3068.0000,3069.4000,1,1,1,1,3,1,2,3,1,1
SF,IH2006,2020-01-17 09:32:08.800,3062.8000,8776,0,85457880.000,0,-,-,-,-,3062.2000,3062.0000,3060.2000,3058.8000,3057.8000,3063.4000,3065.6000,3066.0000,3068.0000,3069.4000,1,1,1,1,1,1,2,3,1,1
SF,IH2006,2020-01-17 09:32:09.300,3062.8000,8776,0,85457880.000,0,-,-,-,-,3062.4000,3062.2000,3060.2000,3058.8000,3057.8000,3063.4000,3065.6000,3066.0000,3068.0000,3069.4000,1,1,1,1,1,1,2,3,1,1
SF,IH2006,2020-01-17 09:32:09.800,3063.4000,8774,-2,87295620.000,2,0,2,双平,S,3062.2000,3060.2000,3058.8000,3057.8000,3056.0000,3065.6000,3066.0000,3068.0000,3069.4000,3069.8000,1,1,1,1,3,2,2,1,1,1
SF,IH2006,2020-01-17 09:32:10.300,3063.4000,8774,0,87295620.000,0,-,-,-,-,3062.4000,3060.2000,3058.8000,3057.8000,3056.0000,3065.4000,3065.6000,3066.0000,3068.0000,3069.4000,1,1,1,1,3,3,2,2,1,1
SF,IH2006,2020-01-17 09:32:11.300,3063.4000,8774,0,87295620.000,0,-,-,-,-,3062.4000,3060.2000,3058.8000,3057.8000,3056.0000,3065.4000,3065.6000,3066.0000,3068.0000,3069.4000,1,1,1,1,3,3,2,2,1,1
SF,IH2006,2020-01-17 09:32:11.800,3063.4000,8774,0,87295620.000,0,-,-,-,-,3062.4000,3060.2000,3058.8000,3057.8000,3056.0000,3065.4000,3065.6000,3066.0000,3068.0000,3069.4000,1,1,1,1,3,2,2,2,1,1
SF,IH2006,2020-01-17 09:32:12.800,3062.4000,8773,-1,88214340.000,1,0,1,双平,S,3060.2000,3058.8000,3057.8000,3056.0000,3055.2000,3065.2000,3065.4000,3065.6000,3066.0000,3068.0000,1,1,1,3,5,1,2,2,2,1
SF,IH2006,2020-01-17 09:32:13.300,3062.4000,8773,0,88214340.000,0,-,-,-,-,3060.6000,3060.4000,3060.2000,3058.8000,3057.8000,3063.8000,3065.0000,3065.4000,3065.6000,3066.0000,8,5,2,1,1,1,1,1,2,2
SF,IH2006,2020-01-17 09:32:13.800,3062.4000,8773,0,88214340.000,0,-,-,-,-,3060.8000,3060.6000,3060.4000,3060.2000,3058.8000,3063.6000,3063.8000,3065.4000,3065.6000,3066.0000,6,8,1,2,1,1,1,1,2,2
SF,IH2006,2020-01-17 09:32:14.300,3063.6000,8772,-1,89133420.000,1,0,1,双平,S,3061.0000,3060.8000,3060.4000,3060.2000,3058.8000,3063.8000,3065.4000,3065.6000,3066.0000,3068.0000,8,7,1,2,1,1,1,2,2,1
SF,IH2006,2020-01-17 09:32:14.800,3063.6000,8772,0,89133420.000,0,-,-,-,-,3061.2000,3061.0000,3060.8000,3060.2000,3058.8000,3063.6000,3063.8000,3065.4000,3065.6000,3066.0000,6,8,3,2,1,1,1,1,2,2
SF,IH2006,2020-01-17 09:32:15.300,3063.6000,8772,0,89133420.000,0,-,-,-,-,3061.6000,3061.2000,3061.0000,3060.8000,3060.2000,3063.6000,3063.8000,3065.4000,3065.6000,3066.0000,1,6,8,2,2,1,1,1,2,2
SF,IH2006,2020-01-17 09:32:15.800,3063.6000,8772,0,89133420.000,0,-,-,-,-,3061.8000,3061.6000,3061.2000,3061.0000,3060.8000,3063.6000,3063.8000,3065.4000,3065.6000,3066.0000,6,1,1,8,1,1,1,1,2,2
SF,IH2006,2020-01-17 09:32:16.300,3062.0000,8772,0,90052020.000,1,0,1,多换,S,3061.8000,3061.6000,3061.2000,3060.8000,3060.2000,3063.6000,3063.8000,3065.4000,3065.6000,3066.0000,4,1,1,1,2,1,1,1,2,2
SF,IH2006,2020-01-17 09:32:16.800,3062.0000,8772,0,90052020.000,0,-,-,-,-,3061.8000,3061.2000,3060.8000,3060.2000,3058.8000,3063.6000,3063.8000,3065.4000,3065.6000,3066.0000,4,1,1,2,1,1,1,1,2,2
SF,IH2006,2020-01-17 09:32:17.800,3062.0000,8772,0,90052020.000,0,-,-,-,-,3062.0000,3061.8000,3061.2000,3060.8000,3060.2000,3063.6000,3063.8000,3065.4000,3065.6000,3066.0000,1,4,1,1,2,1,1,1,2,2
SF,IH2006,2020-01-17 09:32:18.300,3062.0000,8771,-1,90970620.000,1,0,1,双平,S,3062.2000,3062.0000,3061.8000,3060.8000,3060.2000,3063.4000,3063.6000,3063.8000,3065.4000,3065.6000,1,1,2,1,2,1,1,1,1,2
SF,IH2006,2020-01-17 09:32:18.800,3062.0000,8771,0,90970620.000,0,-,-,-,-,3062.2000,3062.0000,3061.8000,3060.8000,3060.2000,3063.2000,3063.4000,3063.8000,3065.4000,3065.6000,1,1,2,1,2,1,1,1,1,2
SF,IH2006,2020-01-17 09:32:19.300,3062.0000,8771,0,90970620.000,0,-,-,-,-,3062.2000,3061.8000,3060.8000,3060.2000,3058.8000,3063.0000,3063.2000,3063.8000,3065.4000,3065.6000,1,2,1,2,1,1,1,1,1,2
SF,IH2006,2020-01-17 09:32:19.800,3062.2000,8771,0,91889280.000,1,0,1,多换,S,3061.8000,3060.2000,3058.8000,3057.8000,3056.0000,3063.0000,3063.8000,3065.4000,3065.6000,3066.0000,1,2,1,1,3,1,1,1,2,2
SF,IH2006,2020-01-17 09:32:20.800,3062.2000,8771,0,91889280.000,0,-,-,-,-,3061.8000,3060.2000,3058.8000,3057.8000,3056.0000,3062.2000,3063.0000,3063.8000,3065.4000,3065.6000,1,2,1,1,3,1,1,1,1,2
SF,IH2006,2020-01-17 09:32:21.300,3062.2000,8771,0,91889280.000,0,-,-,-,-,3061.8000,3060.2000,3058.8000,3057.8000,3056.0000,3062.2000,3063.0000,3063.8000,3065.4000,3065.6000,1,2,1,1,3,1,1,1,1,2
SF,IH2006,2020-01-17 09:32:21.800,3062.2000,8770,-1,92807940.000,1,0,1,双平,S,3061.8000,3060.2000,3058.8000,3057.8000,3056.0000,3063.0000,3063.8000,3065.4000,3065.6000,3066.0000,1,2,1,1,3,1,1,1,2,2
SF,IH2006,2020-01-17 09:32:22.300,3062.8000,8770,0,93726780.000,1,0,1,多换,S,3060.2000,3058.8000,3057.8000,3056.0000,3055.2000,3063.0000,3063.8000,3065.4000,3065.6000,3066.0000,1,1,1,3,5,1,1,1,2,2
SF,IH2006,2020-01-17 09:32:22.800,3062.8000,8770,0,93726780.000,0,-,-,-,-,3060.4000,3060.2000,3058.8000,3057.8000,3056.0000,3062.8000,3063.0000,3063.8000,3065.4000,3065.6000,5,1,1,1,3,2,1,1,1,2
SF,IH2006,2020-01-17 09:32:23.300,3062.8000,8770,0,93726780.000,0,-,-,-,-,3060.4000,3060.2000,3058.8000,3057.8000,3056.0000,3062.6000,3062.8000,3063.8000,3065.4000,3065.6000,5,1,1,1,3,1,1,1,1,2
SF,IH2006,2020-01-17 09:32:23.800,3062.8000,8770,0,93726780.000,0,-,-,-,-,3060.6000,3060.4000,3060.2000,3058.8000,3057.8000,3062.4000,3062.6000,3063.8000,3065.4000,3065.6000,1,5,1,1,1,1,2,1,1,2
SF,IH2006,2020-01-17 09:32:24.300,3062.8000,8770,0,93726780.000,0,-,-,-,-,3060.8000,3060.6000,3060.2000,3058.8000,3057.8000,3061.8000,3062.2000,3062.4000,3065.4000,3065.6000,5,1,1,1,1,1,1,1,1,2
SF,IH2006,2020-01-17 09:32:24.800,3061.8000,8769,-1,94645320.000,1,0,1,双平,S,3060.8000,3060.2000,3058.8000,3057.8000,3056.0000,3062.2000,3062.4000,3065.4000,3065.6000,3066.0000,5,1,1,1,3,1,1,1,2,2
SF,IH2006,2020-01-17 09:32:25.300,3062.2000,8769,0,95563980.000,1,0,1,多换,S,3060.8000,3060.2000,3058.8000,3057.8000,3056.0000,3062.4000,3065.4000,3065.6000,3066.0000,3068.0000,3,1,1,1,3,1,1,2,2,1
SF,IH2006,2020-01-17 09:32:25.800,3062.2000,8769,0,95563980.000,0,-,-,-,-,3060.8000,3060.2000,3058.8000,3057.8000,3056.0000,3065.4000,3065.6000,3066.0000,3068.0000,3069.4000,3,1,1,1,3,1,2,2,1,1
SF,IH2006,2020-01-17 09:32:26.300,3060.8000,8769,0,96482220.000,1,0,1,多换,S,3060.8000,3060.2000,3058.8000,3057.8000,3056.0000,3065.0000,3065.2000,3065.4000,3065.6000,3066.0000,2,1,1,1,3,8,4,1,2,2
SF,IH2006,2020-01-17 09:32:26.800,3060.8000,8769,0,96482220.000,0,-,-,-,-,3061.0000,3060.8000,3060.2000,3058.8000,3057.8000,3064.8000,3065.0000,3065.2000,3065.6000,3066.0000,1,2,1,1,1,5,8,2,2,2
SF,IH2006,2020-01-17 09:32:27.300,3060.8000,8769,0,96482220.000,0,-,-,-,-,3061.2000,3061.0000,3060.2000,3058.8000,3057.8000,3064.4000,3064.6000,3064.8000,3065.2000,3065.6000,3,1,1,1,1,2,1,5,2,2
SF,IH2006,2020-01-17 09:32:27.800,3060.8000,8769,0,96482220.000,0,-,-,-,-,3061.4000,3061.2000,3060.2000,3058.8000,3057.8000,3064.2000,3064.4000,3064.6000,3064.8000,3065.2000,1,3,1,1,1,2,2,1,3,2
SF,IH2006,2020-01-17 09:32:28.300,3060.8000,8769,0,96482220.000,0,-,-,-,-,3061.6000,3061.4000,3061.2000,3060.2000,3058.8000,3064.2000,3064.4000,3064.6000,3064.8000,3065.2000,2,1,1,1,1,2,2,1,3,2
SF,IH2006,2020-01-17 09:32:28.800,3060.8000,8769,0,96482220.000,0,-,-,-,-,3061.6000,3061.4000,3061.2000,3060.2000,3057.8000,3064.2000,3064.4000,3064.6000,3064.8000,3065.2000,2,2,1,1,1,2,1,1,3,2
SF,IH2006,2020-01-17 09:32:29.300,3060.8000,8769,0,96482220.000,0,-,-,-,-,3061.6000,3061.4000,3061.2000,3060.2000,3057.8000,3064.2000,3064.6000,3064.8000,3065.2000,3065.6000,2,2,1,1,1,2,1,3,2,2
SF,IH2006,2020-01-17 09:32:30.300,3060.8000,8769,0,96482220.000,0,-,-,-,-,3061.8000,3061.6000,3061.4000,3061.2000,3060.2000,3064.2000,3064.6000,3064.8000,3065.2000,3065.6000,1,2,2,1,1,2,1,3,2,2
SF,IH2006,2020-01-17 09:32:30.800,3060.8000,8769,0,96482220.000,0,-,-,-,-,3062.0000,3061.8000,3061.4000,3061.2000,3060.2000,3064.2000,3064.6000,3064.8000,3065.2000,3065.6000,2,1,2,1,1,2,1,3,2,2
SF,IH2006,2020-01-17 09:32:31.300,3060.8000,8769,0,96482220.000,0,-,-,-,-,3062.0000,3061.8000,3061.4000,3061.2000,3060.2000,3064.2000,3064.6000,3064.8000,3065.2000,3065.6000,2,1,1,1,1,2,1,3,2,2
SF,IH2006,2020-01-17 09:32:31.800,3060.8000,8769,0,96482220.000,0,-,-,-,-,3062.0000,3061.4000,3061.2000,3060.2000,3057.8000,3064.2000,3064.6000,3064.8000,3065.2000,3065.6000,2,1,1,1,1,2,1,3,2,2
SF,IH2006,2020-01-17 09:32:32.300,3060.8000,8769,0,96482220.000,0,-,-,-,-,3062.0000,3060.2000,3057.8000,3056.0000,3055.2000,3064.2000,3064.6000,3064.8000,3065.2000,3065.6000,1,1,1,3,5,2,1,3,2,2
SF,IH2006,2020-01-17 09:32:32.800,3060.8000,8769,0,96482220.000,0,-,-,-,-,3062.0000,3060.2000,3057.8000,3056.0000,3055.2000,3063.8000,3064.0000,3064.2000,3064.6000,3064.8000,1,1,1,3,5,1,1,2,1,3
SF,IH2006,2020-01-17 09:32:33.300,3060.8000,8769,0,96482220.000,0,-,-,-,-,3062.0000,3060.2000,3057.8000,3056.0000,3055.2000,3063.6000,3063.8000,3064.2000,3064.6000,3064.8000,1,1,1,3,5,2,1,1,1,3
SF,IH2006,2020-01-17 09:32:35.300,3060.8000,8769,0,96482220.000,0,-,-,-,-,3062.0000,3061.2000,3060.2000,3057.8000,3056.0000,3063.6000,3063.8000,3064.2000,3064.6000,3064.8000,1,1,1,1,3,2,1,1,1,3
SF,IH2006,2020-01-17 09:32:35.800,3060.8000,8769,0,96482220.000,0,-,-,-,-,3062.0000,3061.2000,3060.2000,3057.8000,3056.0000,3063.6000,3063.8000,3064.2000,3064.8000,3065.2000,1,1,1,1,3,1,1,1,3,2
SF,IH2006,2020-01-17 09:32:36.800,3060.8000,8769,0,96482220.000,0,-,-,-,-,3062.0000,3061.2000,3060.2000,3057.8000,3056.0000,3063.6000,3063.8000,3064.2000,3064.8000,3065.2000,1,1,1,1,3,1,1,1,3,2
SF,IH2006,2020-01-17 09:32:37.800,3060.8000,8769,0,96482220.000,0,-,-,-,-,3062.0000,3061.2000,3061.0000,3060.2000,3057.8000,3063.6000,3063.8000,3064.2000,3064.8000,3065.2000,1,1,1,1,1,1,1,1,3,2
SF,IH2006,2020-01-17 09:32:38.300,3060.8000,8769,0,96482220.000,0,-,-,-,-,3062.0000,3061.2000,3061.0000,3060.2000,3057.8000,3063.6000,3063.8000,3064.2000,3064.8000,3065.2000,1,1,1,1,1,1,1,1,3,2
SF,IH2006,2020-01-17 09:32:39.300,3060.8000,8769,0,96482220.000,0,-,-,-,-,3062.0000,3061.0000,3060.2000,3057.8000,3056.0000,3063.6000,3063.8000,3064.2000,3064.8000,3065.2000,1,1,1,1,3,1,1,1,3,2
SF,IH2006,2020-01-17 09:32:39.800,3060.8000,8769,0,96482220.000,0,-,-,-,-,3062.2000,3062.0000,3061.0000,3060.2000,3057.8000,3063.6000,3064.8000,3065.2000,3065.6000,3066.0000,1,1,1,1,1,1,3,2,1,1
SF,IH2006,2020-01-17 09:32:40.300,3060.8000,8769,0,96482220.000,0,-,-,-,-,3062.4000,3062.2000,3061.0000,3060.2000,3057.8000,3063.6000,3064.8000,3065.2000,3065.6000,3066.0000,1,1,1,1,1,1,3,2,1,1
SF,IH2006,2020-01-17 09:32:40.800,3060.8000,8769,0,96482220.000,0,-,-,-,-,3062.4000,3061.0000,3060.2000,3057.8000,3056.0000,3063.6000,3064.8000,3065.2000,3065.6000,3066.0000,1,1,1,1,3,1,3,2,1,1
SF,IH2006,2020-01-17 09:32:42.800,3060.8000,8769,0,96482220.000,0,-,-,-,-,3062.4000,3061.0000,3060.2000,3057.8000,3056.0000,3063.6000,3064.8000,3065.2000,3065.6000,3066.0000,1,1,1,1,3,1,3,2,1,1
SF,IH2006,2020-01-17 09:32:43.300,3060.8000,8769,0,96482220.000,0,-,-,-,-,3062.4000,3060.2000,3057.8000,3056.0000,3055.2000,3063.6000,3064.8000,3065.2000,3065.6000,3066.0000,1,1,1,3,5,1,3,2,1,1
SF,IH2006,2020-01-17 09:32:45.300,3060.8000,8769,0,96482220.000,0,-,-,-,-,3062.4000,3060.2000,3057.8000,3056.0000,3055.2000,3063.6000,3064.0000,3064.8000,3065.2000,3065.6000,1,1,1,3,5,1,1,3,2,1
SF,IH2006,2020-01-17 09:32:45.800,3060.8000,8769,0,96482220.000,0,-,-,-,-,3062.4000,3060.2000,3057.8000,3056.0000,3055.2000,3063.0000,3063.6000,3064.0000,3064.8000,3065.2000,1,1,1,3,5,1,1,1,3,2
SF,IH2006,2020-01-17 09:32:46.300,3063.0000,8768,-1,97401120.000,1,0,1,双平,S,3060.2000,3057.8000,3056.0000,3055.2000,3055.0000,3063.6000,3064.0000,3064.8000,3065.2000,3065.6000,1,1,3,5,1,1,1,3,2,1
SF,IH2006,2020-01-17 09:32:46.800,3063.0000,8768,0,97401120.000,0,-,-,-,-,3060.6000,3060.4000,3060.2000,3057.8000,3056.0000,3063.6000,3064.0000,3064.8000,3065.2000,3065.6000,8,6,2,1,3,1,1,1,2,1
SF,IH2006,2020-01-17 09:32:47.300,3063.0000,8768,0,97401120.000,0,-,-,-,-,3060.8000,3060.6000,3060.4000,3060.2000,3057.8000,3063.6000,3064.0000,3065.6000,3066.0000,3068.0000,5,8,1,2,1,1,1,1,1,1
SF,IH2006,2020-01-17 09:32:47.800,3063.0000,8768,0,97401120.000,0,-,-,-,-,3061.2000,3061.0000,3060.8000,3060.4000,3060.2000,3063.6000,3064.0000,3065.6000,3066.0000,3068.0000,8,1,6,1,2,1,1,1,1,1
SF,IH2006,2020-01-17 09:32:48.300,3063.0000,8768,0,97401120.000,0,-,-,-,-,3061.4000,3061.0000,3060.8000,3060.4000,3060.2000,3063.6000,3064.0000,3065.6000,3066.0000,3068.0000,4,2,2,1,2,1,1,1,1,1
SF,IH2006,2020-01-17 09:32:48.800,3063.0000,8768,0,97401120.000,0,-,-,-,-,3061.6000,3061.4000,3061.0000,3060.8000,3060.2000,3063.6000,3064.0000,3065.6000,3066.0000,3068.0000,2,4,2,1,2,1,1,1,1,1
SF,IH2006,2020-01-17 09:32:49.300,3063.0000,8768,0,97401120.000,0,-,-,-,-,3061.8000,3061.6000,3061.0000,3060.8000,3060.2000,3063.6000,3064.0000,3065.6000,3066.0000,3068.0000,4,2,2,1,2,1,1,1,1,1
SF,IH2006,2020-01-17 09:32:49.800,3063.0000,8768,0,97401120.000,0,-,-,-,-,3062.0000,3061.8000,3061.6000,3061.0000,3060.8000,3063.6000,3064.0000,3065.6000,3066.0000,3068.0000,1,4,2,1,1,1,1,1,1,1
SF,IH2006,2020-01-17 09:32:50.300,3063.0000,8768,0,97401120.000,0,-,-,-,-,3062.2000,3062.0000,3061.6000,3061.0000,3060.8000,3063.6000,3064.0000,3065.6000,3066.0000,3068.0000,4,1,2,1,1,1,1,1,1,1
SF,IH2006,2020-01-17 09:32:50.800,3063.0000,8768,0,97401120.000,0,-,-,-,-,3062.4000,3062.2000,3062.0000,3061.6000,3061.0000,3063.6000,3064.0000,3065.6000,3066.0000,3068.0000,1,4,1,2,1,1,1,1,1,1
SF,IH2006,2020-01-17 09:32:51.300,3063.0000,8768,0,97401120.000,0,-,-,-,-,3062.6000,3062.4000,3062.2000,3062.0000,3061.6000,3063.6000,3064.0000,3065.6000,3066.0000,3068.0000,1,1,3,1,2,1,1,1,1,1
SF,IH2006,2020-01-17 09:32:52.300,3063.6000,8769,1,98320200.000,1,1,0,双开,S,3062.6000,3062.4000,3062.2000,3062.0000,3061.6000,3064.0000,3065.6000,3066.0000,3068.0000,3069.4000,1,1,3,1,1,1,1,1,1,1
SF,IH2006,2020-01-17 09:32:52.800,3063.6000,8769,0,98320200.000,0,-,-,-,-,3062.8000,3062.6000,3062.4000,3062.2000,3062.0000,3064.0000,3065.6000,3066.0000,3068.0000,3069.4000,1,1,1,3,1,1,1,1,1,1
SF,IH2006,2020-01-17 09:32:53.300,3063.6000,8769,0,98320200.000,0,-,-,-,-,3063.0000,3062.8000,3062.4000,3062.2000,3061.6000,3064.0000,3065.6000,3066.0000,3068.0000,3069.4000,1,1,1,2,1,1,1,1,1,1
SF,IH2006,2020-01-17 09:32:53.800,3063.6000,8769,0,98320200.000,0,-,-,-,-,3063.6000,3063.0000,3062.8000,3062.4000,3062.2000,3064.0000,3065.6000,3066.0000,3068.0000,3069.4000,1,1,1,1,2,1,1,1,1,1
SF,IH2006,2020-01-17 09:32:54.300,3063.6000,8769,0,99239280.000,1,0,1,多换,S,3063.0000,3062.8000,3062.4000,3062.2000,3060.8000,3064.0000,3065.6000,3066.0000,3068.0000,3069.4000,1,1,1,1,1,1,1,1,1,1
SF,IH2006,2020-01-17 09:32:54.800,3063.6000,8769,0,99239280.000,0,-,-,-,-,3063.0000,3062.8000,3062.2000,3060.8000,3060.2000,3064.0000,3065.6000,3066.0000,3068.0000,3069.4000,1,1,1,1,2,1,1,1,1,1
SF,IH2006,2020-01-17 09:32:55.300,3064.0000,8769,0,100158480.000,1,0,1,多换,S,3063.0000,3062.2000,3060.8000,3060.2000,3057.8000,3065.6000,3066.0000,3068.0000,3069.4000,3069.8000,1,1,1,2,1,1,1,1,1,1
SF,IH2006,2020-01-17 09:32:55.800,3064.0000,8769,0,100158480.000,0,-,-,-,-,3063.0000,3062.2000,3060.8000,3060.2000,3057.8000,3065.4000,3065.6000,3066.0000,3068.0000,3069.4000,1,1,1,2,1,4,1,1,1,1
SF,IH2006,2020-01-17 09:32:57.800,3064.0000,8769,0,100158480.000,0,-,-,-,-,3063.0000,3062.2000,3060.8000,3060.2000,3057.8000,3064.0000,3065.4000,3065.6000,3066.0000,3068.0000,1,1,1,2,1,1,4,1,1,1
SF,IH2006,2020-01-17 09:32:58.300,3064.0000,8768,-1,101077680.000,1,0,1,双平,S,3062.2000,3060.8000,3060.2000,3057.8000,3056.6000,3064.0000,3065.4000,3065.6000,3066.0000,3068.0000,1,1,2,1,1,1,2,1,1,1
SF,IH2006,2020-01-17 09:32:58.800,3064.0000,8767,-1,101996880.000,1,0,1,双平,S,3062.4000,3062.2000,3060.8000,3060.2000,3057.8000,3065.4000,3065.6000,3066.0000,3068.0000,3069.4000,4,1,1,2,1,2,1,1,1,1
SF,IH2006,2020-01-17 09:32:59.300,3065.2000,8767,0,102916440.000,1,0,1,多换,S,3062.4000,3062.2000,3060.8000,3060.2000,3057.8000,3065.4000,3065.6000,3066.0000,3068.0000,3069.4000,2,1,1,2,1,2,1,1,1,1
SF,IH2006,2020-01-17 09:32:59.800,3065.2000,8767,0,102916440.000,0,-,-,-,-,3062.4000,3062.2000,3060.8000,3060.2000,3057.8000,3065.2000,3065.4000,3065.6000,3066.0000,3068.0000,1,1,1,2,1,1,2,1,1,1
SF,IH2006,2020-01-17 09:33:00.300,3065.2000,8767,0,102916440.000,0,-,-,-,-,3062.4000,3062.2000,3060.8000,3060.2000,3057.8000,3065.0000,3065.4000,3065.6000,3066.0000,3068.0000,1,1,1,2,1,1,2,1,1,1
SF,IH2006,2020-01-17 09:33:00.800,3065.2000,8767,0,102916440.000,0,-,-,-,-,3062.6000,3062.4000,3060.8000,3060.2000,3057.8000,3065.4000,3065.6000,3066.0000,3068.0000,3069.4000,1,1,1,2,1,2,1,1,1,1
SF,IH2006,2020-01-17 09:33:01.300,3065.2000,8767,0,102916440.000,0,-,-,-,-,3062.8000,3062.6000,3060.8000,3060.2000,3057.8000,3064.8000,3065.2000,3065.4000,3065.6000,3066.0000,1,1,1,2,1,1,3,2,1,1
SF,IH2006,2020-01-17 09:33:01.800,3065.2000,8767,0,102916440.000,0,-,-,-,-,3062.8000,3062.6000,3060.8000,3060.2000,3057.8000,3065.2000,3065.4000,3065.6000,3066.0000,3068.0000,1,1,1,2,1,2,2,1,1,1
SF,IH2006,2020-01-17 09:33:02.300,3065.2000,8767,0,102916440.000,0,-,-,-,-,3062.8000,3062.6000,3060.8000,3060.2000,3057.8000,3065.0000,3065.2000,3065.4000,3065.6000,3066.0000,1,1,1,2,1,1,2,2,1,1
SF,IH2006,2020-01-17 09:33:02.800,3065.2000,8767,0,102916440.000,0,-,-,-,-,3062.8000,3062.6000,3060.8000,3060.2000,3057.8000,3064.8000,3065.0000,3065.2000,3065.4000,3065.6000,1,1,1,2,1,1,1,2,2,1
SF,IH2006,2020-01-17 09:33:03.300,3065.2000,8767,0,102916440.000,0,-,-,-,-,3062.8000,3062.6000,3060.8000,3060.2000,3057.8000,3064.0000,3064.6000,3064.8000,3065.0000,3065.2000,1,1,1,2,1,3,1,1,1,2
SF,IH2006,2020-01-17 09:33:03.800,3065.2000,8767,0,102916440.000,0,-,-,-,-,3062.8000,3060.8000,3060.2000,3057.8000,3056.6000,3064.0000,3064.6000,3064.8000,3065.0000,3065.2000,1,1,2,1,1,3,1,1,2,2
SF,IH2006,2020-01-17 09:33:04.300,3065.2000,8767,0,102916440.000,0,-,-,-,-,3062.8000,3060.2000,3057.8000,3056.6000,3056.0000,3064.0000,3064.6000,3064.8000,3065.0000,3065.2000,1,2,1,1,3,3,1,1,2,2
SF,IH2006,2020-01-17 09:33:05.800,3065.2000,8767,0,102916440.000,0,-,-,-,-,3062.8000,3060.2000,3057.8000,3056.6000,3056.0000,3064.0000,3064.6000,3064.8000,3065.0000,3065.2000,1,2,1,1,3,3,1,1,3,2
SF,IH2006,2020-01-17 09:33:06.300,3062.8000,8766,-1,103835280.000,1,0,1,双平,S,3060.2000,3057.8000,3056.6000,3056.0000,3055.2000,3064.0000,3064.6000,3064.8000,3065.0000,3065.2000,2,1,1,3,5,3,1,1,3,2
SF,IH2006,2020-01-17 09:33:06.800,3062.8000,8766,0,103835280.000,0,-,-,-,-,3060.6000,3060.4000,3060.2000,3057.8000,3056.6000,3063.8000,3064.0000,3064.6000,3064.8000,3065.0000,8,6,2,1,1,1,3,1,1,3
SF,IH2006,2020-01-17 09:33:07.300,3062.8000,8766,0,103835280.000,0,-,-,-,-,3060.8000,3060.4000,3060.2000,3057.8000,3056.6000,3063.8000,3064.0000,3064.6000,3064.8000,3065.0000,5,1,2,1,1,1,3,1,1,3
SF,IH2006,2020-01-17 09:33:08.300,3061.0000,8765,-1,104753580.000,1,0,1,双平,S,3061.0000,3060.8000,3060.2000,3057.8000,3056.6000,3063.8000,3064.0000,3064.6000,3064.8000,3065.0000,1,5,2,1,1,1,3,1,1,3
SF,IH2006,2020-01-17 09:33:08.800,3061.0000,8764,-1,106590180.000,2,0,2,多平,S,3061.2000,3061.0000,3060.2000,3057.8000,3056.6000,3063.6000,3063.8000,3064.0000,3064.6000,3064.8000,3,1,2,1,1,1,1,3,1,1
SF,IH2006,2020-01-17 09:33:09.300,3061.0000,8764,0,106590180.000,0,-,-,-,-,3061.4000,3061.2000,3061.0000,3060.2000,3057.8000,3063.4000,3063.6000,3064.0000,3064.6000,3064.8000,2,4,1,2,1,1,1,3,1,1
SF,IH2006,2020-01-17 09:33:09.800,3061.0000,8764,0,106590180.000,0,-,-,-,-,3061.6000,3061.4000,3061.2000,3060.2000,3057.8000,3063.2000,3063.4000,3064.0000,3064.6000,3064.8000,1,2,3,2,1,1,1,3,1,1
SF,IH2006,2020-01-17 09:33:10.300,3061.0000,8764,0,106590180.000,0,-,-,-,-,3061.8000,3061.6000,3061.4000,3061.2000,3060.2000,3063.0000,3063.2000,3064.0000,3064.6000,3064.8000,1,2,2,2,2,1,1,3,1,1
SF,IH2006,2020-01-17 09:33:10.800,3061.0000,8764,0,106590180.000,0,-,-,-,-,3061.8000,3061.6000,3061.4000,3061.2000,3060.2000,3062.8000,3063.0000,3064.0000,3064.6000,3064.8000,1,2,3,2,2,1,1,3,1,1
SF,IH2006,2020-01-17 09:33:11.300,3061.0000,8764,0,106590180.000,0,-,-,-,-,3061.8000,3061.6000,3061.4000,3061.2000,3060.2000,3062.8000,3063.0000,3064.0000,3064.6000,3064.8000,1,1,3,2,2,1,1,3,1,1
SF,IH2006,2020-01-17 09:33:11.800,3061.0000,8764,0,106590180.000,0,-,-,-,-,3061.8000,3061.6000,3061.4000,3061.2000,3060.2000,3062.8000,3063.0000,3064.0000,3064.6000,3064.8000,1,1,3,1,2,1,1,3,1,1
SF,IH2006,2020-01-17 09:33:12.300,3061.0000,8764,0,106590180.000,0,-,-,-,-,3061.8000,3061.6000,3061.4000,3061.2000,3060.2000,3062.8000,3063.0000,3064.0000,3064.6000,3064.8000,1,1,2,1,2,1,1,3,1,1
SF,IH2006,2020-01-17 09:33:12.800,3061.0000,8764,0,106590180.000,0,-,-,-,-,3061.8000,3061.6000,3061.4000,3061.2000,3061.0000,3062.8000,3063.0000,3064.0000,3064.6000,3064.8000,1,1,2,1,1,1,1,3,1,1
SF,IH2006,2020-01-17 09:33:13.800,3061.0000,8764,0,106590180.000,0,-,-,-,-,3061.8000,3061.6000,3061.4000,3061.0000,3060.2000,3062.8000,3063.0000,3064.0000,3064.6000,3064.8000,1,1,2,1,2,1,1,3,1,1
SF,IH2006,2020-01-17 09:33:14.300,3061.0000,8764,0,106590180.000,0,-,-,-,-,3061.8000,3061.6000,3061.4000,3061.0000,3060.2000,3062.8000,3063.0000,3064.0000,3064.6000,3064.8000,1,1,2,1,1,1,1,3,1,1
SF,IH2006,2020-01-17 09:33:15.800,3061.0000,8764,0,106590180.000,0,-,-,-,-,3061.8000,3061.4000,3061.0000,3060.2000,3057.8000,3062.8000,3063.0000,3064.0000,3064.6000,3064.8000,1,1,1,1,1,1,1,3,1,1
SF,IH2006,2020-01-17 09:33:16.300,3061.0000,8764,0,106590180.000,0,-,-,-,-,3061.4000,3061.0000,3060.2000,3057.8000,3056.6000,3062.8000,3063.0000,3064.0000,3064.6000,3064.8000,1,1,1,1,1,1,1,3,1,1
SF,IH2006,2020-01-17 09:33:16.800,3061.0000,8764,0,106590180.000,0,-,-,-,-,3061.0000,3060.2000,3060.0000,3057.8000,3056.6000,3062.6000,3062.8000,3064.0000,3064.6000,3064.8000,1,1,1,1,1,1,1,3,1,1
SF,IH2006,2020-01-17 09:33:17.300,3061.0000,8764,0,106590180.000,0,-,-,-,-,3061.2000,3061.0000,3060.2000,3060.0000,3057.8000,3061.8000,3062.4000,3062.6000,3064.0000,3064.6000,2,1,1,1,1,1,1,1,3,1
SF,IH2006,2020-01-17 09:33:17.800,3061.0000,8764,0,106590180.000,0,-,-,-,-,3061.2000,3060.2000,3060.0000,3057.8000,3056.6000,3061.6000,3061.8000,3062.6000,3064.0000,3064.6000,2,1,1,1,1,1,1,1,3,1
SF,IH2006,2020-01-17 09:33:18.300,3061.6000,8764,0,107508660.000,1,0,1,多换,S,3061.2000,3060.2000,3060.0000,3057.8000,3056.6000,3061.8000,3062.6000,3064.0000,3064.6000,3064.8000,2,1,1,1,1,1,1,3,1,1
SF,IH2006,2020-01-17 09:33:18.800,3061.6000,8764,0,107508660.000,0,-,-,-,-,3061.2000,3060.2000,3060.0000,3057.8000,3056.6000,3061.8000,3062.6000,3063.6000,3064.0000,3064.6000,2,1,1,1,1,1,1,1,3,1
SF,IH2006,2020-01-17 09:33:19.300,3061.6000,8764,0,107508660.000,0,-,-,-,-,3061.2000,3060.8000,3060.2000,3060.0000,3057.8000,3061.8000,3062.6000,3063.6000,3064.0000,3064.6000,1,1,1,1,1,1,1,1,3,1
SF,IH2006,2020-01-17 09:33:19.800,3061.8000,8764,0,108427200.000,1,0,1,多换,S,3061.4000,3061.2000,3060.8000,3060.2000,3060.0000,3062.6000,3063.6000,3064.0000,3064.6000,3064.8000,1,1,1,1,1,1,1,3,1,1
SF,IH2006,2020-01-17 09:33:21.800,3061.8000,8764,0,108427200.000,0,-,-,-,-,3061.4000,3061.2000,3060.2000,3060.0000,3057.8000,3062.6000,3063.6000,3064.0000,3064.6000,3064.8000,1,1,1,1,1,1,1,3,1,1
SF,IH2006,2020-01-17 09:33:22.300,3061.8000,8764,0,108427200.000,0,-,-,-,-,3061.6000,3061.4000,3061.2000,3060.2000,3060.0000,3062.6000,3063.6000,3064.0000,3064.6000,3064.8000,1,1,1,1,1,1,1,3,1,1
SF,IH2006,2020-01-17 09:33:22.800,3061.8000,8764,0,108427200.000,0,-,-,-,-,3061.6000,3061.4000,3061.2000,3060.2000,3060.0000,3062.6000,3064.0000,3064.6000,3064.8000,3065.0000,1,1,1,1,1,1,3,1,1,2
SF,IH2006,2020-01-17 09:33:23.800,3061.8000,8764,0,108427200.000,0,-,-,-,-,3061.2000,3060.2000,3060.0000,3057.8000,3056.6000,3062.6000,3064.0000,3064.6000,3064.8000,3065.0000,1,1,1,1,1,1,3,1,1,2
SF,IH2006,2020-01-17 09:33:25.300,3061.8000,8764,0,108427200.000,0,-,-,-,-,3061.4000,3061.2000,3060.2000,3060.0000,3057.8000,3062.6000,3064.0000,3064.6000,3064.8000,3065.0000,1,1,1,1,1,1,3,1,1,2
SF,IH2006,2020-01-17 09:33:26.300,3061.8000,8764,0,108427200.000,0,-,-,-,-,3061.2000,3060.2000,3060.0000,3057.8000,3056.6000,3062.6000,3064.0000,3064.6000,3064.8000,3065.0000,1,1,1,1,1,1,3,1,1,2
SF,IH2006,2020-01-17 09:33:26.800,3061.2000,8763,-1,109345560.000,1,0,1,双平,S,3061.4000,3060.2000,3060.0000,3057.8000,3056.6000,3062.6000,3064.0000,3064.6000,3064.8000,3065.0000,1,1,1,1,1,1,3,1,1,2
SF,IH2006,2020-01-17 09:33:27.300,3061.2000,8763,0,109345560.000,0,-,-,-,-,3060.2000,3060.0000,3057.8000,3056.6000,3056.0000,3062.6000,3064.0000,3064.6000,3064.8000,3065.0000,1,1,1,1,3,1,3,1,1,2
SF,IH2006,2020-01-17 09:33:27.800,3061.2000,8763,0,109345560.000,0,-,-,-,-,3060.4000,3060.2000,3060.0000,3057.8000,3056.6000,3062.6000,3064.0000,3064.6000,3064.8000,3065.0000,4,1,1,1,1,1,3,1,1,2
SF,IH2006,2020-01-17 09:33:28.300,3061.2000,8763,0,109345560.000,0,-,-,-,-,3060.6000,3060.4000,3060.2000,3060.0000,3057.8000,3062.6000,3064.0000,3064.6000,3064.8000,3065.0000,1,4,1,1,1,1,3,1,1,2
SF,IH2006,2020-01-17 09:33:28.800,3060.8000,8764,1,110263800.000,1,1,0,双开,S,3060.6000,3060.4000,3060.2000,3060.0000,3057.8000,3061.2000,3062.4000,3062.6000,3064.0000,3064.6000,2,3,1,1,1,1,1,1,3,1
SF,IH2006,2020-01-17 09:33:29.300,3061.2000,8763,-1,111182160.000,1,0,1,双平,S,3061.2000,3060.8000,3060.6000,3060.4000,3060.2000,3062.4000,3062.6000,3064.0000,3064.6000,3064.8000,1,1,2,2,1,1,1,3,1,1
SF,IH2006,2020-01-17 09:33:29.800,3061.2000,8763,0,111182160.000,0,-,-,-,-,3061.2000,3060.8000,3060.6000,3060.4000,3060.2000,3062.0000,3062.2000,3062.4000,3064.0000,3064.6000,1,1,2,1,1,1,1,1,3,1
SF,IH2006,2020-01-17 09:33:31.300,3061.2000,8763,0,111182160.000,0,-,-,-,-,3061.2000,3060.8000,3060.6000,3060.4000,3060.2000,3062.0000,3062.2000,3062.4000,3064.0000,3064.6000,1,1,2,1,1,1,1,1,3,1
SF,IH2006,2020-01-17 09:33:31.800,3061.2000,8763,0,111182160.000,0,-,-,-,-,3061.2000,3060.8000,3060.6000,3060.4000,3060.2000,3061.8000,3062.0000,3064.0000,3064.6000,3064.8000,1,1,2,1,1,2,1,3,1,1
SF,IH2006,2020-01-17 09:33:34.800,3061.2000,8762,-1,112100520.000,1,0,1,双平,S,3060.6000,3060.4000,3060.2000,3060.0000,3057.8000,3061.8000,3062.0000,3064.0000,3064.6000,3064.8000,2,1,1,1,1,2,1,3,1,1
SF,IH2006,2020-01-17 09:33:35.300,3061.2000,8762,0,112100520.000,0,-,-,-,-,3060.6000,3060.4000,3060.2000,3060.0000,3057.8000,3061.8000,3062.0000,3064.0000,3064.6000,3064.8000,1,1,1,1,1,2,1,3,1,1
SF,IH2006,2020-01-17 09:33:35.800,3061.2000,8762,0,112100520.000,0,-,-,-,-,3060.6000,3060.2000,3060.0000,3057.8000,3056.6000,3061.8000,3062.0000,3064.0000,3064.6000,3064.8000,1,1,1,1,1,2,1,3,1,1
SF,IH2006,2020-01-17 09:33:40.300,3061.2000,8762,0,112100520.000,0,-,-,-,-,3060.6000,3060.2000,3060.0000,3057.8000,3056.6000,3061.8000,3062.0000,3064.0000,3064.6000,3064.8000,2,1,1,1,1,2,1,3,1,1
SF,IH2006,2020-01-17 09:33:40.800,3061.2000,8762,0,112100520.000,0,-,-,-,-,3060.6000,3060.2000,3060.0000,3057.8000,3056.6000,3061.8000,3062.0000,3064.0000,3064.6000,3064.8000,2,1,1,1,1,2,1,3,1,1
SF,IH2006,2020-01-17 09:33:41.300,3061.2000,8762,0,112100520.000,0,-,-,-,-,3060.8000,3060.6000,3060.2000,3060.0000,3057.8000,3061.8000,3062.0000,3064.0000,3064.6000,3064.8000,1,2,1,1,1,1,1,3,1,1
SF,IH2006,2020-01-17 09:33:42.300,3060.8000,8761,-1,113018760.000,1,0,1,双平,S,3060.6000,3060.2000,3060.0000,3057.8000,3056.6000,3061.8000,3062.0000,3064.0000,3064.6000,3064.8000,2,1,1,1,1,1,1,3,1,1
SF,IH2006,2020-01-17 09:33:42.800,3060.8000,8761,0,113018760.000,0,-,-,-,-,3060.8000,3060.6000,3060.2000,3060.0000,3057.8000,3061.8000,3062.0000,3064.0000,3064.6000,3064.8000,1,2,1,1,1,1,1,3,1,1
SF,IH2006,2020-01-17 09:33:43.800,3060.8000,8761,0,113018760.000,0,-,-,-,-,3060.6000,3060.2000,3060.0000,3057.8000,3056.6000,3061.8000,3062.0000,3064.0000,3064.6000,3064.8000,2,1,1,1,1,1,1,3,1,1
SF,IH2006,2020-01-17 09:33:45.300,3060.8000,8761,0,113018760.000,0,-,-,-,-,3060.8000,3060.6000,3060.2000,3060.0000,3057.8000,3061.8000,3062.0000,3064.0000,3064.6000,3064.8000,1,2,1,1,1,1,1,3,1,1
SF,IH2006,2020-01-17 09:33:47.800,3061.8000,8760,-1,113937300.000,1,0,1,双平,S,3061.0000,3060.8000,3060.6000,3060.2000,3060.0000,3062.0000,3064.0000,3064.6000,3064.8000,3065.0000,1,1,1,1,1,1,3,1,1,2
SF,IH2006,2020-01-17 09:33:48.300,3061.8000,8760,0,113937300.000,0,-,-,-,-,3061.2000,3061.0000,3060.8000,3060.6000,3060.2000,3062.0000,3064.0000,3064.6000,3064.8000,3065.0000,1,1,1,1,1,1,3,1,1,2
SF,IH2006,2020-01-17 09:33:48.800,3061.8000,8760,0,113937300.000,0,-,-,-,-,3061.4000,3061.2000,3060.8000,3060.6000,3060.2000,3062.0000,3064.0000,3064.6000,3064.8000,3065.0000,1,2,1,1,1,1,3,1,1,2
SF,IH2006,2020-01-17 09:33:49.300,3061.8000,8760,0,113937300.000,0,-,-,-,-,3061.4000,3061.2000,3060.8000,3060.6000,3060.2000,3062.0000,3064.0000,3064.6000,3064.8000,3065.0000,1,2,1,1,1,1,3,1,1,2
SF,IH2006,2020-01-17 09:33:49.800,3061.6000,8759,-1,114855780.000,1,0,1,双平,S,3061.4000,3061.2000,3060.6000,3060.2000,3060.0000,3062.0000,3064.0000,3064.6000,3064.8000,3065.0000,1,2,1,1,1,1,3,1,1,2
SF,IH2006,2020-01-17 09:33:50.800,3061.6000,8759,0,114855780.000,0,-,-,-,-,3061.4000,3061.2000,3060.6000,3060.2000,3060.0000,3061.8000,3062.0000,3064.0000,3064.6000,3064.8000,1,1,1,1,1,1,1,3,1,1
SF,IH2006,2020-01-17 09:33:51.300,3061.6000,8759,0,114855780.000,0,-,-,-,-,3061.4000,3060.6000,3060.2000,3060.0000,3057.8000,3061.8000,3062.0000,3064.0000,3064.6000,3064.8000,1,1,1,1,1,1,1,3,1,1
SF,IH2006,2020-01-17 09:33:52.800,3061.4000,8759,0,115774200.000,1,0,1,多换,S,3060.6000,3060.2000,3060.0000,3057.8000,3056.6000,3061.8000,3062.0000,3064.0000,3064.6000,3064.8000,1,1,1,1,1,1,1,3,1,1
SF,IH2006,2020-01-17 09:33:53.300,3061.4000,8759,0,115774200.000,0,-,-,-,-,3060.8000,3060.6000,3060.2000,3060.0000,3057.8000,3061.8000,3062.0000,3064.0000,3064.6000,3064.8000,2,1,1,1,1,1,1,3,1,1
SF,IH2006,2020-01-17 09:33:53.800,3061.4000,8759,0,115774200.000,0,-,-,-,-,3060.8000,3060.6000,3060.2000,3060.0000,3057.8000,3061.8000,3062.0000,3064.0000,3064.6000,3064.8000,1,1,1,1,1,1,1,3,1,1
SF,IH2006,2020-01-17 09:33:54.300,3061.4000,8759,0,115774200.000,0,-,-,-,-,3060.6000,3060.2000,3060.0000,3057.8000,3056.6000,3061.8000,3062.0000,3064.0000,3064.6000,3064.8000,1,1,1,1,1,1,1,3,1,1
SF,IH2006,2020-01-17 09:33:54.800,3061.4000,8759,0,115774200.000,0,-,-,-,-,3060.6000,3060.2000,3060.0000,3057.8000,3056.6000,3061.6000,3061.8000,3062.0000,3064.0000,3064.6000,1,1,1,1,1,1,1,1,3,1
SF,IH2006,2020-01-17 09:33:55.300,3060.6000,8759,0,116692380.000,1,0,1,多换,S,3060.2000,3060.0000,3057.8000,3056.6000,3056.0000,3061.6000,3061.8000,3062.0000,3064.0000,3064.6000,1,1,1,1,3,1,1,1,3,1
SF,IH2006,2020-01-17 09:33:56.300,3060.6000,8759,0,116692380.000,0,-,-,-,-,3060.4000,3060.2000,3060.0000,3057.8000,3056.6000,3061.6000,3061.8000,3062.0000,3064.0000,3064.6000,2,1,1,1,1,1,1,1,3,1
SF,IH2006,2020-01-17 09:33:56.800,3060.6000,8759,0,116692380.000,0,-,-,-,-,3060.6000,3060.4000,3060.2000,3060.0000,3057.8000,3061.8000,3062.0000,3064.0000,3064.6000,3064.8000,2,2,1,1,1,1,1,3,1,1
SF,IH2006,2020-01-17 09:33:57.300,3060.6000,8759,0,116692380.000,0,-,-,-,-,3060.8000,3060.6000,3060.4000,3060.2000,3060.0000,3061.8000,3062.0000,3064.0000,3064.6000,3064.8000,1,2,1,1,1,1,1,3,1,1
SF,IH2006,2020-01-17 09:33:57.800,3060.6000,8759,0,116692380.000,0,-,-,-,-,3060.8000,3060.6000,3060.4000,3060.2000,3060.0000,3061.8000,3062.0000,3064.0000,3064.6000,3064.8000,1,1,1,1,1,1,1,3,1,1
SF,IH2006,2020-01-17 09:33:58.800,3060.6000,8759,0,117610560.000,1,0,1,多换,S,3060.6000,3060.4000,3060.2000,3060.0000,3057.8000,3061.8000,3062.0000,3064.0000,3064.6000,3064.8000,1,1,1,1,1,1,1,3,1,1
SF,IH2006,2020-01-17 09:33:59.300,3060.6000,8759,0,117610560.000,0,-,-,-,-,3061.0000,3060.8000,3060.6000,3060.4000,3060.2000,3061.8000,3062.0000,3064.0000,3064.6000,3064.8000,1,1,1,1,1,1,1,3,1,1
SF,IH2006,2020-01-17 09:34:01.300,3060.6000,8759,0,117610560.000,0,-,-,-,-,3061.0000,3060.8000,3060.6000,3060.4000,3060.2000,3061.6000,3062.0000,3064.0000,3064.6000,3064.8000,1,1,1,1,1,1,1,3,1,1
SF,IH2006,2020-01-17 09:34:01.800,3060.6000,8759,0,117610560.000,0,-,-,-,-,3061.0000,3060.8000,3060.6000,3060.4000,3060.2000,3061.4000,3062.0000,3064.0000,3064.6000,3064.8000,1,1,1,1,1,1,1,3,1,1
SF,IH2006,2020-01-17 09:34:02.300,3060.6000,8759,0,117610560.000,0,-,-,-,-,3061.0000,3060.8000,3060.6000,3060.4000,3060.2000,3061.8000,3062.0000,3064.0000,3064.6000,3064.8000,1,1,1,1,1,1,1,3,1,1
SF,IH2006,2020-01-17 09:34:02.800,3060.6000,8759,0,117610560.000,0,-,-,-,-,3061.0000,3060.4000,3060.2000,3060.0000,3057.8000,3061.8000,3062.0000,3064.0000,3064.6000,3064.8000,1,1,1,1,1,1,1,3,1,1
SF,IH2006,2020-01-17 09:34:03.800,3061.0000,8759,0,118528860.000,1,0,1,多换,S,3060.2000,3060.0000,3057.8000,3056.6000,3056.0000,3061.6000,3061.8000,3062.0000,3064.0000,3064.6000,1,1,1,1,3,1,1,1,3,1
SF,IH2006,2020-01-17 09:34:04.300,3061.0000,8759,0,118528860.000,0,-,-,-,-,3060.2000,3060.0000,3057.8000,3056.6000,3056.0000,3061.4000,3061.6000,3061.8000,3062.0000,3064.0000,1,1,1,1,3,2,1,1,1,3
SF,IH2006,2020-01-17 09:34:04.800,3061.0000,8759,0,118528860.000,0,-,-,-,-,3060.2000,3060.0000,3057.8000,3056.6000,3056.0000,3061.2000,3061.4000,3061.6000,3062.0000,3064.0000,1,1,1,1,3,1,2,1,1,3
SF,IH2006,2020-01-17 09:34:05.300,3060.2000,8759,0,119446920.000,1,0,1,多换,S,3060.0000,3057.8000,3056.6000,3056.0000,3055.2000,3061.0000,3061.2000,3062.0000,3064.0000,3064.6000,1,1,1,3,5,2,1,1,3,1
SF,IH2006,2020-01-17 09:34:06.300,3060.2000,8759,0,119446920.000,0,-,-,-,-,3060.0000,3057.8000,3056.6000,3056.0000,3055.2000,3061.0000,3061.2000,3062.0000,3064.0000,3064.6000,2,1,1,3,5,2,1,1,3,1
SF,IH2006,2020-01-17 09:34:09.300,3061.0000,8758,-1,120365220.000,1,0,1,双平,S,3060.2000,3060.0000,3057.8000,3056.6000,3056.0000,3061.2000,3061.8000,3062.0000,3064.0000,3064.6000,1,2,1,1,3,1,1,1,3,1
SF,IH2006,2020-01-17 09:34:09.800,3061.2000,8757,-1,121283580.000,1,0,1,双平,S,3060.4000,3060.2000,3060.0000,3057.8000,3056.6000,3061.6000,3061.8000,3062.0000,3064.0000,3064.6000,1,2,2,1,1,1,1,1,3,1
SF,IH2006,2020-01-17 09:34:10.300,3061.2000,8757,0,121283580.000,0,-,-,-,-,3060.6000,3060.4000,3060.2000,3060.0000,3057.8000,3061.8000,3062.0000,3064.0000,3064.6000,3064.8000,2,1,1,2,1,1,1,3,1,1
SF,IH2006,2020-01-17 09:34:10.800,3061.2000,8757,0,121283580.000,0,-,-,-,-,3060.8000,3060.6000,3060.4000,3060.2000,3060.0000,3061.8000,3062.0000,3064.0000,3064.6000,3064.8000,1,2,1,1,2,1,1,3,1,1
SF,IH2006,2020-01-17 09:34:11.300,3061.2000,8757,0,121283580.000,0,-,-,-,-,3061.0000,3060.8000,3060.6000,3060.4000,3060.2000,3061.8000,3062.0000,3064.0000,3064.6000,3064.8000,1,1,1,1,1,1,1,3,1,1
SF,IH2006,2020-01-17 09:34:13.300,3061.2000,8757,0,121283580.000,0,-,-,-,-,3061.0000,3060.8000,3060.6000,3060.4000,3060.2000,3061.8000,3062.0000,3064.0000,3064.6000,3064.8000,2,1,1,1,1,1,1,3,1,1
SF,IH2006,2020-01-17 09:34:13.800,3061.2000,8757,0,121283580.000,0,-,-,-,-,3061.0000,3060.8000,3060.6000,3060.4000,3060.2000,3061.8000,3062.0000,3064.0000,3064.6000,3064.8000,2,1,1,1,1,1,1,3,1,1
SF,IH2006,2020-01-17 09:34:15.300,3061.8000,8757,0,122202120.000,1,0,1,多换,S,3061.8000,3061.0000,3060.8000,3060.6000,3060.4000,3062.0000,3064.0000,3064.6000,3064.8000,3065.0000,2,2,1,1,1,1,3,1,1,2
SF,IH2006,2020-01-17 09:34:15.800,3061.8000,8755,-2,124039200.000,2,0,2,双平,S,3061.0000,3060.8000,3060.6000,3060.4000,3060.2000,3062.0000,3064.0000,3064.6000,3064.8000,3065.0000,2,1,1,1,1,1,3,1,1,2
SF,IH2006,2020-01-17 09:34:16.800,3061.8000,8755,0,124039200.000,0,-,-,-,-,3061.0000,3060.8000,3060.6000,3060.4000,3060.2000,3061.8000,3062.0000,3064.0000,3064.6000,3064.8000,2,1,1,1,1,1,1,3,1,1
SF,IH2006,2020-01-17 09:34:17.300,3061.8000,8755,0,124039200.000,0,-,-,-,-,3061.2000,3061.0000,3060.8000,3060.6000,3060.4000,3061.8000,3062.0000,3064.0000,3064.6000,3064.8000,1,2,1,1,1,1,1,3,1,1
SF,IH2006,2020-01-17 09:34:18.300,3061.2000,8755,0,124957560.000,1,0,1,多换,S,3061.0000,3060.8000,3060.6000,3060.4000,3060.2000,3061.2000,3061.8000,3062.0000,3064.0000,3064.6000,2,1,1,1,1,2,1,1,3,1
SF,IH2006,2020-01-17 09:34:18.800,3061.2000,8753,-2,126794280.000,2,0,2,双平,S,3061.2000,3061.0000,3060.8000,3060.2000,3060.0000,3061.8000,3062.0000,3064.0000,3064.6000,3064.8000,1,2,1,1,1,1,1,3,1,1
SF,IH2006,2020-01-17 09:34:19.300,3061.8000,8753,0,127712820.000,1,0,1,多换,S,3061.4000,3061.2000,3061.0000,3060.8000,3060.2000,3062.0000,3064.0000,3064.6000,3064.8000,3065.0000,1,1,1,1,1,1,3,1,1,2
SF,IH2006,2020-01-17 09:34:19.800,3062.0000,8752,-1,128631420.000,1,0,1,双平,S,3061.4000,3061.2000,3060.8000,3060.2000,3060.0000,3064.0000,3064.6000,3064.8000,3065.0000,3065.2000,1,1,1,1,1,3,1,1,2,2
SF,IH2006,2020-01-17 09:34:20.300,3062.0000,8752,0,128631420.000,0,-,-,-,-,3061.6000,3061.4000,3061.2000,3060.8000,3060.2000,3063.8000,3064.0000,3064.6000,3064.8000,3065.0000,1,1,1,1,1,2,3,1,1,2
SF,IH2006,2020-01-17 09:34:20.800,3062.0000,8752,0,128631420.000,0,-,-,-,-,3061.8000,3061.6000,3061.4000,3061.2000,3060.8000,3063.8000,3064.0000,3064.6000,3064.8000,3065.0000,1,1,1,1,1,1,3,1,1,2
SF,IH2006,2020-01-17 09:34:21.300,3062.0000,8752,0,128631420.000,0,-,-,-,-,3062.0000,3061.8000,3061.4000,3061.2000,3060.8000,3064.0000,3064.6000,3064.8000,3065.0000,3065.2000,1,1,1,1,1,3,1,1,2,2
SF,IH2006,2020-01-17 09:34:21.800,3062.0000,8752,0,128631420.000,0,-,-,-,-,3062.2000,3062.0000,3061.8000,3061.4000,3061.2000,3064.0000,3065.0000,3065.4000,3065.6000,3066.0000,1,1,1,1,1,3,2,1,1,1
SF,IH2006,2020-01-17 09:34:22.300,3062.0000,8752,0,128631420.000,0,-,-,-,-,3062.4000,3062.2000,3061.8000,3061.2000,3060.8000,3064.0000,3065.0000,3065.4000,3065.6000,3066.0000,1,1,1,1,1,3,2,1,1,1
SF,IH2006,2020-01-17 09:34:22.800,3062.0000,8752,0,128631420.000,0,-,-,-,-,3062.4000,3062.2000,3061.8000,3061.2000,3060.8000,3064.0000,3065.0000,3065.4000,3065.6000,3066.0000,1,1,1,1,1,3,2,1,1,1
SF,IH2006,2020-01-17 09:34:23.300,3062.0000,8752,0,128631420.000,0,-,-,-,-,3062.4000,3062.2000,3061.8000,3061.2000,3060.0000,3063.8000,3064.0000,3065.0000,3065.4000,3065.6000,1,1,1,1,1,1,3,2,1,1
SF,IH2006,2020-01-17 09:34:23.800,3062.0000,8752,0,128631420.000,0,-,-,-,-,3062.4000,3062.2000,3061.2000,3060.0000,3057.8000,3063.8000,3064.0000,3065.0000,3065.4000,3065.6000,1,1,1,1,1,1,3,2,1,1
SF,IH2006,2020-01-17 09:34:24.300,3062.0000,8752,0,128631420.000,0,-,-,-,-,3062.4000,3061.2000,3060.0000,3057.8000,3056.6000,3063.8000,3064.0000,3065.0000,3065.4000,3065.6000,1,1,1,1,1,1,3,2,1,1
SF,IH2006,2020-01-17 09:34:25.800,3062.0000,8752,0,128631420.000,0,-,-,-,-,3062.4000,3061.2000,3060.0000,3057.8000,3056.6000,3063.8000,3064.0000,3065.0000,3065.4000,3065.6000,1,1,1,1,1,1,3,2,1,1
SF,IH2006,2020-01-17 09:34:26.300,3062.0000,8752,0,128631420.000,0,-,-,-,-,3062.6000,3062.4000,3061.2000,3060.0000,3057.8000,3063.8000,3064.0000,3065.0000,3065.4000,3065.6000,1,1,1,1,1,1,3,2,1,1
SF,IH2006,2020-01-17 09:34:26.800,3062.0000,8752,0,128631420.000,0,-,-,-,-,3062.8000,3061.2000,3060.0000,3057.8000,3056.6000,3063.8000,3064.0000,3065.0000,3065.4000,3065.6000,1,1,1,1,1,1,3,2,1,1
SF,IH2006,2020-01-17 09:34:27.300,3062.0000,8752,0,128631420.000,0,-,-,-,-,3062.8000,3060.0000,3057.8000,3056.6000,3056.0000,3063.8000,3064.0000,3065.0000,3065.4000,3065.6000,1,1,1,1,3,1,3,2,1,1
SF,IH2006,2020-01-17 09:34:27.800,3062.0000,8752,0,128631420.000,0,-,-,-,-,3062.8000,3060.0000,3057.8000,3056.6000,3056.0000,3063.8000,3064.0000,3065.0000,3065.4000,3066.0000,1,1,1,1,3,1,3,1,1,1
SF,IH2006,2020-01-17 09:34:28.300,3062.0000,8752,0,128631420.000,0,-,-,-,-,3062.8000,3060.0000,3057.8000,3056.6000,3056.0000,3063.8000,3064.0000,3065.0000,3065.4000,3066.0000,1,1,1,1,3,1,3,1,1,1
SF,IH2006,2020-01-17 09:34:28.800,3062.0000,8752,0,128631420.000,0,-,-,-,-,3062.8000,3060.0000,3057.8000,3056.6000,3056.0000,3063.8000,3064.0000,3065.0000,3065.4000,3066.0000,1,1,1,1,3,1,3,1,1,1
SF,IH2006,2020-01-17 09:34:29.800,3062.8000,8751,-1,129550260.000,1,0,1,双平,S,3060.0000,3057.8000,3056.6000,3056.0000,3055.2000,3063.8000,3064.0000,3065.0000,3065.4000,3066.0000,1,1,1,3,5,1,3,1,1,1
SF,IH2006,2020-01-17 09:34:30.300,3062.8000,8751,0,129550260.000,0,-,-,-,-,3060.4000,3060.2000,3060.0000,3057.8000,3056.6000,3063.6000,3064.0000,3065.0000,3065.4000,3066.0000,8,4,2,1,1,1,3,1,1,1
SF,IH2006,2020-01-17 09:34:30.800,3062.8000,8751,0,129550260.000,0,-,-,-,-,3060.6000,3060.4000,3060.2000,3060.0000,3057.8000,3063.6000,3064.0000,3065.0000,3065.4000,3066.0000,3,8,1,2,1,1,3,1,1,1
SF,IH2006,2020-01-17 09:34:31.300,3062.8000,8751,0,129550260.000,0,-,-,-,-,3060.8000,3060.6000,3060.4000,3060.0000,3057.8000,3063.6000,3064.0000,3065.0000,3065.4000,3066.0000,1,4,8,2,1,1,3,1,1,1
SF,IH2006,2020-01-17 09:34:31.800,3062.8000,8751,0,129550260.000,0,-,-,-,-,3061.0000,3060.8000,3060.6000,3060.4000,3060.0000,3063.6000,3064.0000,3065.0000,3065.4000,3066.0000,4,1,1,8,2,1,3,1,1,1
SF,IH2006,2020-01-17 09:34:32.300,3062.8000,8751,0,129550260.000,0,-,-,-,-,3061.2000,3061.0000,3060.8000,3060.6000,3060.0000,3063.6000,3064.0000,3065.0000,3065.4000,3066.0000,2,4,1,1,2,1,3,1,1,1
SF,IH2006,2020-01-17 09:34:32.800,3062.8000,8751,0,129550260.000,0,-,-,-,-,3061.4000,3061.2000,3061.0000,3060.6000,3060.0000,3063.6000,3064.0000,3065.0000,3065.4000,3066.0000,3,2,1,1,2,1,3,1,1,1
SF,IH2006,2020-01-17 09:34:33.300,3062.8000,8751,0,129550260.000,0,-,-,-,-,3061.4000,3061.2000,3061.0000,3060.6000,3060.0000,3063.4000,3064.0000,3065.0000,3065.4000,3066.0000,3,1,2,1,2,1,3,1,1,1
SF,IH2006,2020-01-17 09:34:33.800,3062.8000,8751,0,129550260.000,0,-,-,-,-,3061.6000,3061.4000,3061.2000,3061.0000,3060.6000,3063.4000,3064.0000,3065.0000,3065.4000,3066.0000,1,3,1,1,1,1,3,1,1,1
SF,IH2006,2020-01-17 09:34:34.300,3062.8000,8751,0,129550260.000,0,-,-,-,-,3061.8000,3061.6000,3061.2000,3061.0000,3060.6000,3064.0000,3065.0000,3065.4000,3066.0000,3068.0000,4,1,1,1,1,3,1,1,1,1
SF,IH2006,2020-01-17 09:34:34.800,3062.8000,8751,0,129550260.000,0,-,-,-,-,3061.8000,3061.6000,3061.2000,3061.0000,3060.6000,3063.8000,3064.0000,3065.0000,3065.4000,3066.0000,5,1,1,1,1,1,3,1,1,1
SF,IH2006,2020-01-17 09:34:35.300,3062.8000,8751,0,129550260.000,0,-,-,-,-,3061.8000,3061.6000,3061.2000,3061.0000,3060.6000,3064.0000,3065.0000,3065.4000,3066.0000,3068.0000,5,1,1,1,1,3,1,1,1,1
SF,IH2006,2020-01-17 09:34:35.800,3062.8000,8751,0,129550260.000,0,-,-,-,-,3062.0000,3061.8000,3061.0000,3060.6000,3060.0000,3063.8000,3064.0000,3065.0000,3065.4000,3066.0000,2,3,1,1,2,2,3,1,1,1
SF,IH2006,2020-01-17 09:34:36.300,3062.8000,8751,0,129550260.000,0,-,-,-,-,3062.2000,3062.0000,3061.0000,3060.6000,3060.0000,3063.8000,3064.0000,3065.0000,3065.4000,3066.0000,3,2,1,1,2,2,3,1,1,1
SF,IH2006,2020-01-17 09:34:37.300,3062.8000,8751,0,129550260.000,0,-,-,-,-,3062.2000,3062.0000,3061.0000,3060.6000,3060.0000,3063.8000,3064.0000,3065.0000,3065.4000,3066.0000,3,1,1,1,2,2,3,1,1,1
SF,IH2006,2020-01-17 09:34:39.800,3062.8000,8751,0,129550260.000,0,-,-,-,-,3062.4000,3062.2000,3062.0000,3061.0000,3060.6000,3063.8000,3064.0000,3065.0000,3065.4000,3066.0000,1,3,1,1,1,2,3,1,1,1
SF,IH2006,2020-01-17 09:34:40.800,3062.8000,8751,0,129550260.000,0,-,-,-,-,3062.4000,3062.2000,3062.0000,3061.0000,3060.6000,3063.8000,3064.0000,3065.0000,3065.4000,3066.0000,1,3,1,1,1,2,3,1,1,1
SF,IH2006,2020-01-17 09:34:45.300,3062.4000,8751,0,130468980.000,1,0,1,多换,S,3062.2000,3062.0000,3061.0000,3060.6000,3060.0000,3063.8000,3064.0000,3065.0000,3065.4000,3066.0000,3,1,1,1,2,2,3,1,1,1
SF,IH2006,2020-01-17 09:34:46.800,3062.2000,8751,0,131387640.000,1,0,1,多换,S,3062.2000,3062.0000,3061.0000,3060.6000,3060.0000,3063.6000,3063.8000,3064.0000,3065.0000,3065.4000,1,1,1,1,2,1,2,3,1,1
SF,IH2006,2020-01-17 09:34:47.300,3062.2000,8751,0,131387640.000,0,-,-,-,-,3062.0000,3061.0000,3060.6000,3060.0000,3057.8000,3063.4000,3063.6000,3063.8000,3064.0000,3065.0000,1,1,1,2,1,2,1,1,3,1
SF,IH2006,2020-01-17 09:34:47.800,3062.2000,8751,0,131387640.000,0,-,-,-,-,3062.2000,3062.0000,3061.0000,3060.6000,3060.0000,3063.4000,3063.6000,3063.8000,3064.0000,3065.0000,3,1,1,1,2,2,1,1,3,1
SF,IH2006,2020-01-17 09:34:48.800,3062.2000,8751,0,132306300.000,1,0,1,多换,S,3062.2000,3062.0000,3061.0000,3060.6000,3060.0000,3063.4000,3063.6000,3063.8000,3064.0000,3065.0000,2,1,1,1,2,2,1,1,3,1
SF,IH2006,2020-01-17 09:34:50.300,3062.2000,8751,0,132306300.000,0,-,-,-,-,3062.2000,3062.0000,3061.0000,3060.6000,3060.0000,3063.4000,3063.8000,3064.0000,3065.0000,3065.4000,2,1,1,1,2,2,1,3,1,1
SF,IH2006,2020-01-17 09:34:50.800,3062.2000,8751,0,133224960.000,1,0,1,多换,S,3062.2000,3062.0000,3061.0000,3060.6000,3060.0000,3063.4000,3063.8000,3064.0000,3065.0000,3065.4000,1,1,1,1,2,2,1,3,1,1
SF,IH2006,2020-01-17 09:34:51.300,3062.2000,8751,0,133224960.000,0,-,-,-,-,3062.0000,3061.0000,3060.6000,3060.0000,3057.8000,3063.2000,3063.4000,3063.8000,3064.0000,3065.0000,1,1,1,2,1,1,2,1,3,1
SF,IH2006,2020-01-17 09:34:51.800,3062.2000,8751,0,133224960.000,0,-,-,-,-,3062.2000,3062.0000,3061.0000,3060.6000,3060.0000,3063.0000,3063.4000,3063.8000,3064.0000,3065.0000,1,1,1,1,2,1,2,1,3,1
SF,IH2006,2020-01-17 09:34:52.300,3062.2000,8749,-2,135062520.000,2,0,2,双平,S,3062.0000,3061.0000,3060.6000,3060.0000,3057.8000,3063.4000,3063.8000,3064.0000,3065.0000,3065.4000,1,1,1,2,1,2,1,3,1,1
SF,IH2006,2020-01-17 09:34:52.800,3062.2000,8749,0,135062520.000,0,-,-,-,-,3062.2000,3062.0000,3061.8000,3061.0000,3060.6000,3063.4000,3063.8000,3064.0000,3065.0000,3065.4000,1,1,1,1,1,2,1,3,1,1
SF,IH2006,2020-01-17 09:34:53.800,3062.2000,8749,0,135062520.000,0,-,-,-,-,3062.2000,3062.0000,3061.8000,3061.0000,3060.6000,3063.4000,3063.8000,3064.0000,3065.0000,3065.4000,2,1,1,1,1,2,1,3,1,1
SF,IH2006,2020-01-17 09:34:54.300,3062.2000,8749,0,135062520.000,0,-,-,-,-,3062.4000,3062.2000,3062.0000,3061.8000,3061.0000,3063.4000,3063.8000,3064.0000,3065.0000,3065.4000,1,2,1,1,1,2,1,3,1,1
SF,IH2006,2020-01-17 09:34:54.800,3062.2000,8748,-1,135981180.000,1,0,1,双平,S,3062.2000,3062.0000,3061.0000,3060.6000,3060.0000,3063.4000,3063.8000,3064.0000,3065.0000,3065.4000,2,1,1,1,2,2,1,3,1,1
SF,IH2006,2020-01-17 09:34:55.300,3062.2000,8748,0,135981180.000,0,-,-,-,-,3062.2000,3062.0000,3061.0000,3060.6000,3060.0000,3063.4000,3063.8000,3064.0000,3065.0000,3065.4000,1,1,1,1,2,2,1,3,1,1
SF,IH2006,2020-01-17 09:34:55.800,3062.2000,8748,0,135981180.000,0,-,-,-,-,3062.2000,3062.0000,3061.0000,3060.6000,3060.0000,3063.4000,3063.8000,3064.0000,3065.0000,3065.4000,1,1,1,1,2,2,1,3,1,1
SF,IH2006,2020-01-17 09:34:56.300,3062.2000,8748,0,136899840.000,1,0,1,多换,S,3061.0000,3060.6000,3060.0000,3057.8000,3056.6000,3063.4000,3063.8000,3064.0000,3065.0000,3065.4000,1,1,2,1,1,2,1,3,1,1
SF,IH2006,2020-01-17 09:34:56.800,3062.2000,8748,0,136899840.000,0,-,-,-,-,3061.4000,3061.2000,3061.0000,3060.6000,3060.0000,3063.2000,3063.4000,3063.8000,3064.0000,3065.0000,8,2,1,1,2,2,2,1,3,1
SF,IH2006,2020-01-17 09:34:57.300,3062.2000,8748,0,136899840.000,0,-,-,-,-,3061.6000,3060.6000,3060.0000,3057.8000,3056.6000,3063.0000,3063.2000,3063.4000,3063.8000,3064.0000,1,1,2,1,1,1,2,1,1,3
SF,IH2006,2020-01-17 09:34:58.800,3061.6000,8748,0,137818320.000,1,0,1,多换,S,3060.6000,3060.0000,3057.8000,3056.6000,3056.0000,3063.0000,3063.2000,3063.4000,3063.8000,3064.0000,1,2,1,1,3,1,2,1,1,3
SF,IH2006,2020-01-17 09:34:59.300,3061.6000,8748,0,137818320.000,0,-,-,-,-,3060.8000,3060.6000,3060.0000,3057.8000,3056.6000,3062.8000,3063.0000,3063.2000,3063.4000,3063.8000,1,1,2,1,1,1,1,1,1,1
SF,IH2006,2020-01-17 09:34:59.800,3061.6000,8748,0,137818320.000,0,-,-,-,-,3061.0000,3060.8000,3060.6000,3060.0000,3057.8000,3062.6000,3062.8000,3063.2000,3063.4000,3063.8000,9,1,1,2,1,1,1,1,1,1
SF,IH2006,2020-01-17 09:35:00.300,3062.6000,8747,-1,138737100.000,1,0,1,双平,S,3061.0000,3060.8000,3060.6000,3060.0000,3057.8000,3062.8000,3063.2000,3063.4000,3063.8000,3064.0000,1,1,1,2,1,1,1,1,1,3
SF,IH2006,2020-01-17 09:35:00.800,3061.2000,8746,-1,139655460.000,1,0,1,双平,S,3061.2000,3061.0000,3060.6000,3060.0000,3057.8000,3062.8000,3063.2000,3063.4000,3064.0000,3065.0000,2,1,1,2,1,1,1,1,3,1
SF,IH2006,2020-01-17 09:35:01.300,3062.8000,8746,0,140574300.000,1,0,1,多换,S,3061.4000,3061.2000,3061.0000,3060.6000,3060.0000,3064.0000,3065.0000,3065.4000,3066.0000,3068.0000,8,3,1,1,1,3,1,1,1,1
SF,IH2006,2020-01-17 09:35:01.800,3062.8000,8746,0,140574300.000,0,-,-,-,-,3061.6000,3061.2000,3061.0000,3060.6000,3060.0000,3063.8000,3064.0000,3065.0000,3065.4000,3066.0000,3,2,1,1,1,3,3,1,1,1
SF,IH2006,2020-01-17 09:35:02.300,3062.8000,8746,0,140574300.000,0,-,-,-,-,3061.6000,3061.2000,3060.6000,3060.0000,3057.8000,3063.8000,3064.0000,3065.0000,3065.4000,3066.0000,4,1,1,1,1,3,3,1,1,1
SF,IH2006,2020-01-17 09:35:02.800,3062.8000,8746,0,140574300.000,0,-,-,-,-,3061.6000,3061.2000,3060.6000,3060.0000,3057.8000,3063.8000,3064.0000,3065.0000,3065.4000,3066.0000,3,1,1,1,1,3,3,1,1,1
SF,IH2006,2020-01-17 09:35:03.300,3062.8000,8746,0,140574300.000,0,-,-,-,-,3061.6000,3061.2000,3060.6000,3060.0000,3057.8000,3063.8000,3064.0000,3065.0000,3065.4000,3066.0000,3,1,1,1,1,3,3,1,1,1
SF,IH2006,2020-01-17 09:35:03.800,3062.8000,8746,0,140574300.000,0,-,-,-,-,3061.8000,3061.6000,3061.2000,3060.6000,3060.0000,3063.8000,3064.0000,3065.0000,3065.4000,3066.0000,1,3,1,1,1,3,3,1,1,1
SF,IH2006,2020-01-17 09:35:04.300,3062.8000,8746,0,140574300.000,0,-,-,-,-,3062.0000,3061.8000,3061.6000,3061.2000,3060.6000,3063.8000,3064.0000,3065.0000,3065.4000,3066.0000,1,1,2,1,1,3,3,1,1,1
SF,IH2006,2020-01-17 09:35:04.800,3062.8000,8746,0,140574300.000,0,-,-,-,-,3062.2000,3062.0000,3061.8000,3061.6000,3061.2000,3063.8000,3064.0000,3065.0000,3065.4000,3066.0000,1,1,2,1,1,3,3,1,1,1
SF,IH2006,2020-01-17 09:35:05.300,3062.8000,8746,0,140574300.000,0,-,-,-,-,3062.2000,3062.0000,3061.6000,3061.2000,3060.6000,3063.8000,3064.0000,3065.0000,3065.4000,3066.0000,1,1,1,1,1,3,3,1,1,1
SF,IH2006,2020-01-17 09:35:05.800,3062.8000,8746,0,140574300.000,0,-,-,-,-,3062.2000,3062.0000,3061.2000,3060.6000,3060.4000,3063.8000,3064.0000,3065.0000,3065.4000,3066.0000,1,1,1,1,1,3,3,1,1,1
SF,IH2006,2020-01-17 09:35:06.300,3062.8000,8746,0,140574300.000,0,-,-,-,-,3062.4000,3062.2000,3062.0000,3061.2000,3060.6000,3063.8000,3064.0000,3065.0000,3065.4000,3066.0000,1,1,1,1,1,3,3,1,1,1
SF,IH2006,2020-01-17 09:35:06.800,3062.8000,8746,0,140574300.000,0,-,-,-,-,3062.4000,3062.0000,3061.2000,3060.6000,3060.4000,3063.8000,3064.0000,3065.0000,3065.4000,3066.0000,1,1,1,1,1,3,3,1,1,1
SF,IH2006,2020-01-17 09:35:07.300,3062.8000,8746,0,140574300.000,0,-,-,-,-,3062.0000,3061.6000,3061.2000,3060.6000,3060.4000,3063.6000,3063.8000,3064.0000,3065.0000,3065.4000,1,1,1,1,1,1,3,3,1,1
SF,IH2006,2020-01-17 09:35:07.800,3062.8000,8746,0,140574300.000,0,-,-,-,-,3062.2000,3062.0000,3061.6000,3061.2000,3060.6000,3063.4000,3064.0000,3065.0000,3065.4000,3066.0000,2,1,1,1,1,3,3,1,1,1
SF,IH2006,2020-01-17 09:35:08.300,3062.8000,8746,0,140574300.000,0,-,-,-,-,3062.2000,3062.0000,3061.6000,3061.2000,3060.6000,3063.4000,3064.0000,3065.0000,3065.4000,3066.0000,2,1,1,1,1,2,3,1,1,1
SF,IH2006,2020-01-17 09:35:08.800,3063.4000,8747,1,141493320.000,1,1,0,双开,S,3062.2000,3062.0000,3061.6000,3061.2000,3060.6000,3063.4000,3064.0000,3065.0000,3065.4000,3066.0000,2,1,1,1,1,1,3,1,1,1
SF,IH2006,2020-01-17 09:35:09.300,3062.2000,8745,-2,143330640.000,2,0,2,双平,S,3062.0000,3061.6000,3061.2000,3060.6000,3060.4000,3063.4000,3064.0000,3065.0000,3065.4000,3066.0000,1,1,1,1,1,1,3,1,1,1
SF,IH2006,2020-01-17 09:35:09.800,3062.2000,8745,0,143330640.000,0,-,-,-,-,3062.0000,3061.6000,3060.6000,3060.4000,3060.0000,3063.2000,3063.4000,3064.0000,3065.0000,3065.4000,1,1,1,1,1,3,1,3,1,1
SF,IH2006,2020-01-17 09:35:10.300,3062.2000,8745,0,143330640.000,0,-,-,-,-,3061.6000,3060.6000,3060.4000,3060.0000,3057.8000,3063.0000,3063.2000,3064.0000,3065.0000,3065.4000,1,1,1,1,1,1,3,3,1,1
SF,IH2006,2020-01-17 09:35:10.800,3062.8000,8745,0,144249480.000,1,0,1,多换,S,3061.6000,3060.6000,3060.4000,3060.0000,3057.8000,3063.0000,3063.2000,3064.0000,3065.0000,3065.4000,1,1,1,1,1,1,2,3,1,1
SF,IH2006,2020-01-17 09:35:11.300,3062.8000,8745,0,144249480.000,0,-,-,-,-,3061.8000,3061.6000,3060.6000,3060.4000,3060.0000,3062.8000,3063.0000,3063.2000,3064.0000,3065.0000,2,1,1,1,1,1,1,2,3,1
SF,IH2006,2020-01-17 09:35:11.800,3062.8000,8745,0,144249480.000,0,-,-,-,-,3061.6000,3060.6000,3060.4000,3060.0000,3057.8000,3062.8000,3063.0000,3063.2000,3064.0000,3065.0000,1,1,1,1,1,1,1,1,3,1
SF,IH2006,2020-01-17 09:35:12.300,3062.8000,8745,0,144249480.000,0,-,-,-,-,3061.6000,3060.6000,3060.4000,3060.0000,3057.8000,3062.6000,3062.8000,3063.2000,3064.0000,3065.0000,1,1,1,1,1,2,1,1,3,1
SF,IH2006,2020-01-17 09:35:12.800,3062.8000,8745,0,145168320.000,1,0,1,多换,S,3061.6000,3060.6000,3060.4000,3060.0000,3057.8000,3062.6000,3062.8000,3063.2000,3064.0000,3065.0000,1,1,1,1,1,1,1,1,3,1
SF,IH2006,2020-01-17 09:35:13.300,3062.8000,8745,0,145168320.000,0,-,-,-,-,3061.8000,3061.6000,3060.6000,3060.4000,3060.0000,3062.6000,3063.2000,3064.0000,3065.0000,3065.4000,1,1,1,1,1,1,1,3,1,1
SF,IH2006,2020-01-17 09:35:13.800,3062.8000,8745,0,145168320.000,0,-,-,-,-,3061.8000,3061.6000,3060.6000,3060.4000,3060.0000,3062.6000,3062.8000,3063.2000,3064.0000,3065.0000,1,1,1,1,1,1,1,1,3,1
SF,IH2006,2020-01-17 09:35:14.300,3061.8000,8744,-1,146086860.000,1,0,1,双平,S,3061.6000,3060.6000,3060.0000,3057.8000,3056.6000,3062.6000,3062.8000,3063.2000,3064.0000,3065.0000,1,1,1,1,1,1,1,1,3,1
SF,IH2006,2020-01-17 09:35:14.800,3062.4000,8744,0,147005580.000,1,0,1,多换,S,3061.6000,3060.6000,3060.0000,3057.8000,3056.6000,3062.8000,3063.2000,3064.0000,3065.0000,3065.4000,1,1,1,1,1,1,1,3,1,1
SF,IH2006,2020-01-17 09:35:15.300,3062.4000,8744,0,147005580.000,0,-,-,-,-,3061.8000,3061.6000,3060.6000,3060.0000,3057.8000,3062.6000,3062.8000,3064.0000,3065.0000,3065.4000,1,1,1,1,1,3,1,3,1,1
SF,IH2006,2020-01-17 09:35:15.800,3061.8000,8743,-1,147924120.000,1,0,1,双平,S,3061.6000,3060.0000,3057.8000,3056.6000,3056.0000,3062.6000,3062.8000,3064.0000,3065.0000,3065.4000,1,1,1,1,3,3,1,3,1,1
SF,IH2006,2020-01-17 09:35:16.300,3061.6000,8743,0,148842600.000,1,0,1,多换,S,3060.0000,3057.8000,3056.6000,3056.0000,3055.2000,3062.6000,3062.8000,3064.0000,3065.0000,3065.4000,1,1,1,3,5,3,1,3,1,1
SF,IH2006,2020-01-17 09:35:16.800,3062.4000,8743,0,149761320.000,1,0,1,多换,S,3060.2000,3060.0000,3057.8000,3056.6000,3056.0000,3062.6000,3062.8000,3064.0000,3065.0000,3065.4000,3,1,1,1,3,3,1,3,1,1
SF,IH2006,2020-01-17 09:35:17.800,3062.4000,8743,0,149761320.000,0,-,-,-,-,3060.4000,3060.2000,3060.0000,3057.8000,3056.6000,3062.6000,3062.8000,3064.0000,3065.0000,3065.4000,1,3,1,1,1,3,1,3,1,1
SF,IH2006,2020-01-17 09:35:18.300,3062.4000,8743,0,149761320.000,0,-,-,-,-,3060.6000,3060.4000,3060.0000,3057.8000,3056.6000,3062.4000,3062.6000,3062.8000,3065.0000,3065.4000,3,1,1,1,1,1,3,1,1,1
SF,IH2006,2020-01-17 09:35:18.800,3062.4000,8743,0,149761320.000,0,-,-,-,-,3060.6000,3060.0000,3057.8000,3056.6000,3056.0000,3062.2000,3062.4000,3062.8000,3065.0000,3065.4000,3,1,1,1,3,4,1,1,1,1
SF,IH2006,2020-01-17 09:35:19.300,3062.4000,8744,1,150680040.000,1,1,0,双开,S,3060.6000,3060.0000,3057.8000,3056.6000,3056.0000,3062.0000,3062.2000,3062.4000,3062.8000,3065.0000,2,1,1,1,3,1,3,1,1,1
SF,IH2006,2020-01-17 09:35:19.800,3062.4000,8744,0,150680040.000,0,-,-,-,-,3060.6000,3060.0000,3057.8000,3056.6000,3056.0000,3061.8000,3062.0000,3062.2000,3062.4000,3062.8000,1,1,1,1,3,3,1,1,1,1
SF,IH2006,2020-01-17 09:35:20.300,3062.4000,8744,0,150680040.000,0,-,-,-,-,3060.0000,3057.8000,3056.6000,3056.0000,3055.2000,3061.6000,3061.8000,3062.2000,3062.8000,3065.0000,1,1,1,3,5,1,3,1,1,1
SF,IH2006,2020-01-17 09:35:20.800,3062.0000,8745,1,151598640.000,1,1,0,双开,S,3060.2000,3060.0000,3057.8000,3056.6000,3056.0000,3061.4000,3061.6000,3061.8000,3062.8000,3065.0000,1,1,1,1,3,1,1,1,1,1
SF,IH2006,2020-01-17 09:35:21.300,3062.0000,8745,0,151598640.000,0,-,-,-,-,3060.4000,3060.2000,3060.0000,3057.8000,3056.6000,3061.6000,3061.8000,3062.8000,3065.0000,3066.0000,1,1,1,1,1,1,1,1,1,1
SF,IH2006,2020-01-17 09:35:21.800,3062.0000,8745,0,151598640.000,0,-,-,-,-,3060.2000,3060.0000,3057.8000,3056.6000,3056.0000,3061.4000,3061.6000,3061.8000,3062.8000,3065.0000,1,1,1,1,3,1,1,1,1,1
SF,IH2006,2020-01-17 09:35:22.300,3062.0000,8745,0,151598640.000,0,-,-,-,-,3060.0000,3057.8000,3056.6000,3056.0000,3055.2000,3060.2000,3061.2000,3061.4000,3061.6000,3061.8000,1,1,1,3,5,1,1,1,1,1
SF,IH2006,2020-01-17 09:35:22.800,3061.2000,8744,-1,153435060.000,2,0,2,多平,S,3060.0000,3057.8000,3056.6000,3056.0000,3055.2000,3061.4000,3061.6000,3061.8000,3062.8000,3065.0000,1,1,1,3,5,1,1,1,1,1
SF,IH2006,2020-01-17 09:35:23.300,3061.2000,8744,0,153435060.000,0,-,-,-,-,3060.0000,3057.8000,3056.6000,3056.0000,3055.2000,3061.2000,3061.4000,3061.8000,3062.8000,3065.0000,1,1,1,3,5,1,1,1,1,1
SF,IH2006,2020-01-17 09:35:23.800,3061.2000,8744,0,153435060.000,0,-,-,-,-,3060.2000,3060.0000,3057.8000,3056.6000,3056.0000,3061.0000,3061.2000,3061.8000,3062.8000,3065.0000,1,1,1,1,3,1,1,1,1,1
SF,IH2006,2020-01-17 09:35:24.300,3060.2000,8743,-1,154353120.000,1,0,1,双平,S,3060.0000,3057.8000,3056.6000,3056.0000,3055.2000,3060.8000,3061.0000,3061.8000,3062.8000,3065.0000,1,1,1,3,5,1,1,1,1,1
SF,IH2006,2020-01-17 09:35:24.800,3060.2000,8743,0,154353120.000,0,-,-,-,-,3060.0000,3059.2000,3057.8000,3056.6000,3056.0000,3060.8000,3061.0000,3061.8000,3062.8000,3065.0000,1,1,1,1,3,1,1,1,1,1
SF,IH2006,2020-01-17 09:35:25.300,3060.0000,8742,-1,155271120.000,1,0,1,双平,S,3059.2000,3057.8000,3056.6000,3056.0000,3055.2000,3060.8000,3061.0000,3061.8000,3062.8000,3065.0000,1,1,1,3,5,1,1,1,1,1
SF,IH2006,2020-01-17 09:35:25.800,3060.0000,8742,0,155271120.000,0,-,-,-,-,3059.4000,3059.2000,3059.0000,3057.8000,3056.6000,3060.8000,3061.0000,3061.8000,3062.8000,3065.0000,3,1,1,1,1,1,1,1,1,1
SF,IH2006,2020-01-17 09:35:26.300,3060.8000,8743,1,156189360.000,1,1,0,双开,S,3059.4000,3059.2000,3059.0000,3057.8000,3056.6000,3061.0000,3061.8000,3062.8000,3065.0000,3066.0000,2,1,1,1,1,1,1,1,1,1
SF,IH2006,2020-01-17 09:35:26.800,3059.4000,8742,-1,157107180.000,1,0,1,双平,S,3059.4000,3059.2000,3057.8000,3056.6000,3056.0000,3061.0000,3061.8000,3062.8000,3065.0000,3066.0000,1,1,1,1,3,1,1,1,1,1
SF,IH2006,2020-01-17 09:35:27.300,3059.4000,8742,0,157107180.000,0,-,-,-,-,3059.4000,3059.2000,3057.8000,3056.6000,3056.0000,3061.0000,3061.8000,3062.8000,3065.0000,3066.0000,1,1,1,1,3,1,1,1,1,1
SF,IH2006,2020-01-17 09:35:27.800,3059.4000,8742,0,157107180.000,0,-,-,-,-,3059.4000,3059.2000,3057.8000,3056.6000,3056.0000,3061.0000,3062.8000,3065.0000,3066.0000,3068.0000,1,1,1,1,3,1,1,1,1,1
SF,IH2006,2020-01-17 09:35:28.300,3059.4000,8742,0,157107180.000,0,-,-,-,-,3059.4000,3059.2000,3057.8000,3056.6000,3056.0000,3060.8000,3061.0000,3062.8000,3065.0000,3066.0000,1,1,1,1,3,1,1,1,1,1
SF,IH2006,2020-01-17 09:35:28.800,3059.4000,8742,0,157107180.000,0,-,-,-,-,3059.4000,3059.2000,3057.8000,3056.6000,3056.0000,3060.6000,3060.8000,3062.0000,3062.8000,3065.0000,1,1,1,1,3,1,1,3,1,1
SF,IH2006,2020-01-17 09:35:29.300,3060.4000,8742,0,158025300.000,1,0,1,多换,S,3059.2000,3057.8000,3056.6000,3056.0000,3055.0000,3060.4000,3060.6000,3062.0000,3062.8000,3065.0000,1,1,1,3,3,1,2,3,1,1
SF,IH2006,2020-01-17 09:35:29.800,3060.4000,8742,0,158025300.000,0,-,-,-,-,3059.2000,3057.8000,3056.6000,3056.0000,3055.0000,3060.4000,3060.6000,3062.0000,3065.0000,3066.0000,1,1,1,3,3,1,1,3,1,1
SF,IH2006,2020-01-17 09:35:30.300,3060.4000,8742,0,158025300.000,0,-,-,-,-,3059.4000,3059.2000,3057.8000,3056.6000,3056.0000,3060.6000,3060.8000,3062.0000,3065.0000,3066.0000,1,1,1,1,3,1,1,3,1,1
SF,IH2006,2020-01-17 09:35:30.800,3060.4000,8742,0,158025300.000,0,-,-,-,-,3060.4000,3059.4000,3059.2000,3057.8000,3056.6000,3060.6000,3060.8000,3062.0000,3065.0000,3066.0000,1,1,1,1,1,1,1,3,1,1
SF,IH2006,2020-01-17 09:35:31.300,3060.4000,8742,0,158943420.000,1,0,1,多换,S,3059.4000,3059.2000,3057.8000,3056.6000,3056.0000,3060.6000,3060.8000,3062.0000,3065.0000,3066.0000,1,1,1,1,3,1,1,3,1,1
SF,IH2006,2020-01-17 09:35:31.800,3060.4000,8742,0,158943420.000,0,-,-,-,-,3059.4000,3059.2000,3057.8000,3056.6000,3056.0000,3060.8000,3062.0000,3065.0000,3066.0000,3068.0000,1,1,1,1,3,1,3,1,1,1
SF,IH2006,2020-01-17 09:35:33.300,3060.8000,8742,0,159861660.000,1,0,1,多换,S,3059.4000,3059.2000,3057.8000,3056.6000,3056.0000,3062.0000,3065.0000,3066.0000,3068.0000,3069.8000,1,1,1,1,3,3,1,1,1,1
SF,IH2006,2020-01-17 09:35:33.800,3060.8000,8742,0,159861660.000,0,-,-,-,-,3059.6000,3059.4000,3059.2000,3057.8000,3056.6000,3061.8000,3062.0000,3065.0000,3066.0000,3068.0000,3,1,1,1,1,2,3,1,1,1
