市场代码,合约代码,时间,最新,持仓,增仓,成交额,成交量,开仓,平仓,成交类型,方向,买一价,买二价,买三价,买四价,买五价,卖一价,卖二价,卖三价,卖四价,卖五价,买一量,买二量,买三量,买四量,买五量,卖一量,卖二量,卖三量,卖四量,卖五量
SF,IH2003,2019-11-28 09:29:00.300,2937.4000,13411,0,1762440.000,2.000,-,-,-,-,2935.0000,2933.6000,2932.2000,2931.0000,2930.6000,2938.4000,2939.4000,2940.0000,2941.0000,2944.2000,1,1,2,1,2,5,5,5,1,1
SF,IH2003,2019-11-28 09:30:00.300,2937.4000,13411,0,1762440.000,0,-,-,-,-,2935.8000,2935.4000,2935.2000,2935.0000,2933.6000,2938.0000,2938.4000,2938.6000,2939.4000,2939.6000,1,10,3,2,1,6,5,1,5,1
SF,IH2003,2019-11-28 09:30:00.800,2937.4000,13411,0,1762440.000,0,-,-,-,-,2936.0000,2935.4000,2935.2000,2935.0000,2934.4000,2937.8000,2938.0000,2938.2000,2938.4000,2938.6000,4,11,5,2,2,1,6,2,5,1
SF,IH2003,2019-11-28 09:30:01.300,2937.4000,13411,0,1762440.000,0,-,-,-,-,2936.2000,2936.0000,2935.4000,2935.2000,2935.0000,2937.6000,2937.8000,2938.0000,2938.2000,2938.4000,1,4,9,5,1,1,1,6,2,5
SF,IH2003,2019-11-28 09:30:01.800,2937.4000,13411,0,1762440.000,0,-,-,-,-,2936.2000,2935.4000,2935.2000,2935.0000,2934.4000,2937.4000,2937.6000,2938.0000,2938.2000,2938.4000,1,9,5,1,2,1,5,6,2,5
SF,IH2003,2019-11-28 09:30:02.300,2937.4000,13411,0,1762440.000,0,-,-,-,-,2936.2000,2935.4000,2935.2000,2935.0000,2930.6000,2937.4000,2937.6000,2938.0000,2938.2000,2938.4000,1,9,5,1,1,1,1,6,2,5
SF,IH2003,2019-11-28 09:30:02.800,2937.4000,13411,0,1762440.000,0,-,-,-,-,2936.2000,2935.4000,2935.2000,2935.0000,2930.6000,2937.4000,2937.6000,2938.0000,2938.2000,2938.4000,1,9,5,1,1,1,1,6,2,5
SF,IH2003,2019-11-28 09:30:03.300,2937.4000,13411,0,1762440.000,0,-,-,-,-,2936.2000,2935.4000,2935.2000,2930.6000,2928.0000,2937.4000,2937.6000,2938.0000,2938.2000,2938.4000,1,1,5,1,6,1,1,6,2,5
SF,IH2003,2019-11-28 09:30:03.800,2937.4000,13411,0,1762440.000,0,-,-,-,-,2935.4000,2935.2000,2930.6000,2928.0000,2925.0000,2937.2000,2937.4000,2937.6000,2938.0000,2938.2000,1,5,1,6,2,1,1,1,5,2
SF,IH2003,2019-11-28 09:30:04.300,2937.4000,13411,0,1762440.000,0,-,-,-,-,2935.8000,2935.6000,2935.4000,2935.2000,2934.8000,2937.0000,2937.2000,2938.0000,2938.2000,2938.4000,1,2,1,5,2,4,1,5,2,5
SF,IH2003,2019-11-28 09:30:04.800,2937.4000,13411,0,1762440.000,0,-,-,-,-,2935.8000,2935.6000,2935.4000,2935.2000,2934.8000,2937.0000,2937.2000,2938.0000,2938.2000,2938.4000,1,4,1,5,2,5,1,5,2,5
SF,IH2003,2019-11-28 09:30:05.300,2937.4000,13411,0,1762440.000,0,-,-,-,-,2935.8000,2935.6000,2935.4000,2935.2000,2934.8000,2937.0000,2938.0000,2938.2000,2938.4000,2938.6000,1,4,1,5,2,5,5,2,5,1
SF,IH2003,2019-11-28 09:30:05.800,2937.4000,13411,0,1762440.000,0,-,-,-,-,2936.0000,2935.8000,2935.6000,2935.4000,2935.2000,2937.0000,2938.0000,2938.2000,2938.4000,2938.6000,2,1,4,1,3,4,5,2,5,1
SF,IH2003,2019-11-28 09:30:07.300,2937.4000,13411,0,1762440.000,0,-,-,-,-,2935.8000,2935.6000,2935.4000,2935.2000,2934.8000,2937.0000,2938.0000,2938.2000,2938.4000,2938.6000,1,4,1,3,2,4,5,2,5,1
SF,IH2003,2019-11-28 09:30:08.800,2937.4000,13411,0,1762440.000,0,-,-,-,-,2936.0000,2935.8000,2935.6000,2935.4000,2935.2000,2937.0000,2938.0000,2938.2000,2938.4000,2938.6000,2,1,4,1,3,4,5,2,5,1
SF,IH2003,2019-11-28 09:30:09.300,2937.4000,13411,0,2643660.000,1,0,1,多换,S,2936.0000,2935.8000,2935.6000,2935.4000,2935.2000,2937.0000,2938.0000,2938.2000,2938.4000,2938.6000,2,1,4,1,3,3,5,2,5,1
SF,IH2003,2019-11-28 09:30:09.800,2937.4000,13411,0,2643660.000,0,-,-,-,-,2935.8000,2935.6000,2935.4000,2935.2000,2934.8000,2936.8000,2937.0000,2938.0000,2938.2000,2938.4000,1,4,1,3,2,1,3,5,2,5
SF,IH2003,2019-11-28 09:30:10.300,2937.4000,13411,0,2643660.000,0,-,-,-,-,2935.8000,2935.6000,2935.4000,2935.2000,2935.0000,2936.8000,2937.0000,2938.0000,2938.2000,2938.4000,1,4,1,3,1,1,3,5,2,5
SF,IH2003,2019-11-28 09:30:10.800,2937.4000,13411,0,2643660.000,0,-,-,-,-,2935.8000,2935.6000,2935.4000,2935.2000,2935.0000,2936.8000,2937.0000,2938.0000,2938.2000,2938.4000,1,4,1,3,1,1,3,5,2,5
SF,IH2003,2019-11-28 09:30:11.800,2937.0000,13410,-1,4405860.000,2,0,2,多平,S,2936.0000,2935.6000,2935.4000,2935.2000,2935.0000,2937.0000,2938.0000,2938.2000,2938.4000,2938.6000,4,4,1,1,1,2,5,2,5,1
SF,IH2003,2019-11-28 09:30:12.300,2937.0000,13410,0,4405860.000,0,-,-,-,-,2936.0000,2935.6000,2935.4000,2935.2000,2935.0000,2937.0000,2938.0000,2938.2000,2938.4000,2938.6000,2,4,1,1,1,2,5,2,5,1
SF,IH2003,2019-11-28 09:30:12.800,2937.0000,13410,0,4405860.000,0,-,-,-,-,2936.0000,2935.8000,2935.6000,2935.4000,2935.2000,2937.0000,2938.0000,2938.2000,2938.4000,2938.6000,2,2,4,1,1,2,5,2,5,1
SF,IH2003,2019-11-28 09:30:13.300,2937.0000,13410,0,4405860.000,0,-,-,-,-,2936.0000,2935.6000,2935.4000,2935.2000,2935.0000,2937.0000,2938.0000,2938.2000,2938.4000,2938.6000,2,4,1,1,1,2,5,2,5,1
SF,IH2003,2019-11-28 09:30:13.800,2936.0000,13409,-1,5286660.000,1,0,1,双平,S,2936.0000,2935.6000,2935.4000,2935.2000,2935.0000,2937.0000,2938.0000,2938.2000,2938.4000,2938.6000,1,4,3,1,1,2,5,2,5,1
SF,IH2003,2019-11-28 09:30:14.300,2936.0000,13408,-1,6167460.000,1,0,1,双平,S,2935.6000,2935.4000,2935.2000,2935.0000,2931.0000,2937.0000,2938.0000,2938.4000,2938.6000,2939.4000,2,1,1,3,1,2,5,5,1,5
SF,IH2003,2019-11-28 09:30:15.300,2936.0000,13408,0,6167460.000,0,-,-,-,-,2936.2000,2935.8000,2935.6000,2935.4000,2935.2000,2937.0000,2938.0000,2938.4000,2938.6000,2939.4000,1,1,2,1,1,2,5,5,1,5
SF,IH2003,2019-11-28 09:30:15.800,2936.0000,13407,-1,7048260.000,1,0,1,双平,S,2935.6000,2935.4000,2935.2000,2935.0000,2931.0000,2937.0000,2938.0000,2938.4000,2938.6000,2939.4000,2,1,1,1,1,2,5,5,1,5
SF,IH2003,2019-11-28 09:30:16.300,2936.0000,13407,0,7048260.000,0,-,-,-,-,2935.8000,2935.6000,2935.4000,2935.2000,2935.0000,2937.0000,2938.0000,2938.4000,2938.6000,2939.4000,1,2,1,1,1,2,5,5,1,5
SF,IH2003,2019-11-28 09:30:16.800,2936.0000,13407,0,7048260.000,0,-,-,-,-,2935.6000,2935.4000,2935.2000,2935.0000,2931.0000,2937.0000,2938.0000,2938.4000,2938.6000,2939.4000,2,1,1,1,1,2,5,5,1,5
SF,IH2003,2019-11-28 09:30:17.300,2936.0000,13407,0,7048260.000,0,-,-,-,-,2935.6000,2935.4000,2935.2000,2935.0000,2931.0000,2936.8000,2937.0000,2938.0000,2938.4000,2938.6000,2,1,1,1,1,1,2,5,5,1
SF,IH2003,2019-11-28 09:30:17.800,2936.0000,13407,0,7048260.000,0,-,-,-,-,2935.6000,2935.4000,2935.2000,2935.0000,2931.0000,2936.8000,2937.0000,2938.0000,2938.4000,2938.6000,2,1,1,1,1,1,2,5,5,1
SF,IH2003,2019-11-28 09:30:18.300,2936.0000,13407,0,7048260.000,0,-,-,-,-,2935.6000,2935.4000,2935.2000,2935.0000,2932.0000,2936.8000,2937.0000,2938.0000,2938.4000,2938.6000,2,1,1,1,1,1,2,5,5,1
SF,IH2003,2019-11-28 09:30:18.800,2935.6000,13405,-2,8809620.000,2,0,2,双平,S,2935.4000,2935.2000,2935.0000,2932.0000,2931.0000,2936.6000,2936.8000,2937.0000,2938.0000,2938.4000,1,1,1,1,1,1,6,2,5,5
SF,IH2003,2019-11-28 09:30:19.300,2935.6000,13405,0,8809620.000,0,-,-,-,-,2935.4000,2935.2000,2935.0000,2932.0000,2931.0000,2936.6000,2936.8000,2937.0000,2938.0000,2938.4000,1,1,1,1,1,1,6,2,5,5
SF,IH2003,2019-11-28 09:30:19.800,2935.6000,13405,0,8809620.000,0,-,-,-,-,2935.4000,2935.2000,2935.0000,2932.0000,2931.0000,2936.4000,2936.6000,2936.8000,2937.0000,2938.0000,1,1,1,1,1,1,1,5,2,5
SF,IH2003,2019-11-28 09:30:20.300,2935.4000,13404,-1,9690240.000,1,0,1,双平,S,2935.2000,2935.0000,2932.0000,2931.0000,2930.6000,2936.2000,2936.4000,2936.6000,2936.8000,2937.0000,1,1,1,1,1,2,1,1,5,2
SF,IH2003,2019-11-28 09:30:20.800,2935.4000,13404,0,9690240.000,0,-,-,-,-,2935.0000,2932.0000,2931.0000,2930.6000,2928.0000,2936.2000,2936.4000,2936.6000,2936.8000,2937.0000,1,1,1,1,6,7,1,1,5,2
SF,IH2003,2019-11-28 09:30:21.300,2935.4000,13404,0,9690240.000,0,-,-,-,-,2935.0000,2932.0000,2931.0000,2930.6000,2928.0000,2936.2000,2936.4000,2936.6000,2936.8000,2937.0000,1,1,1,1,6,7,1,1,5,2
SF,IH2003,2019-11-28 09:30:21.800,2935.4000,13404,0,9690240.000,0,-,-,-,-,2935.0000,2932.0000,2931.0000,2930.6000,2928.0000,2936.0000,2936.2000,2936.6000,2936.8000,2937.0000,1,1,1,1,6,1,7,1,5,2
SF,IH2003,2019-11-28 09:30:22.300,2935.0000,13403,-1,11451480.000,2,0,2,多平,S,2933.8000,2932.0000,2931.0000,2930.6000,2928.0000,2935.8000,2936.0000,2936.2000,2936.6000,2936.8000,2,1,1,1,6,6,1,5,1,5
SF,IH2003,2019-11-28 09:30:22.800,2935.0000,13403,0,11451480.000,0,-,-,-,-,2934.0000,2933.8000,2932.0000,2931.0000,2930.6000,2935.6000,2935.8000,2936.0000,2936.2000,2936.6000,2,2,1,1,1,2,5,1,5,1
SF,IH2003,2019-11-28 09:30:23.300,2935.0000,13403,0,11451480.000,0,-,-,-,-,2934.0000,2933.4000,2932.0000,2931.0000,2930.6000,2935.6000,2935.8000,2936.0000,2936.2000,2936.8000,2,2,1,1,1,2,4,1,5,5
SF,IH2003,2019-11-28 09:30:23.800,2935.0000,13403,0,11451480.000,0,-,-,-,-,2934.0000,2932.8000,2932.0000,2931.0000,2930.6000,2935.4000,2935.6000,2935.8000,2936.0000,2936.2000,2,2,1,1,1,1,2,4,1,5
SF,IH2003,2019-11-28 09:30:24.300,2935.0000,13403,0,11451480.000,0,-,-,-,-,2935.0000,2934.0000,2932.8000,2932.0000,2931.0000,2935.4000,2935.6000,2935.8000,2936.0000,2936.2000,1,2,2,1,1,1,1,4,2,5
SF,IH2003,2019-11-28 09:30:24.800,2935.0000,13402,-1,12331980.000,1,0,1,双平,S,2934.0000,2932.8000,2932.0000,2931.0000,2930.6000,2934.8000,2935.0000,2935.4000,2935.8000,2936.0000,2,2,1,1,1,2,1,1,4,2
SF,IH2003,2019-11-28 09:30:25.300,2935.0000,13402,0,12331980.000,0,-,-,-,-,2934.0000,2932.8000,2932.0000,2931.0000,2930.6000,2934.8000,2935.0000,2935.4000,2935.8000,2936.0000,2,2,1,1,1,1,1,1,4,2
SF,IH2003,2019-11-28 09:30:25.800,2935.0000,13402,0,12331980.000,0,-,-,-,-,2934.0000,2932.8000,2932.0000,2931.0000,2930.6000,2935.0000,2935.4000,2935.8000,2936.0000,2936.2000,2,2,1,1,1,1,1,4,7,4
SF,IH2003,2019-11-28 09:30:26.300,2935.0000,13402,0,12331980.000,0,-,-,-,-,2934.0000,2932.8000,2932.0000,2931.0000,2930.6000,2934.8000,2935.0000,2935.4000,2935.8000,2936.0000,2,2,1,1,1,1,1,1,4,7
SF,IH2003,2019-11-28 09:30:28.800,2934.8000,13401,-1,13212420.000,1,0,1,双平,S,2934.0000,2932.8000,2932.0000,2931.0000,2930.6000,2935.0000,2935.4000,2935.8000,2936.0000,2936.2000,2,2,1,1,1,1,1,4,7,4
SF,IH2003,2019-11-28 09:30:29.300,2934.0000,13399,-2,14972820.000,2,0,2,双平,S,2934.0000,2932.0000,2931.0000,2930.6000,2928.0000,2934.8000,2935.0000,2935.4000,2935.8000,2936.0000,1,1,1,1,6,2,1,1,4,7
SF,IH2003,2019-11-28 09:30:29.800,2934.0000,13399,0,14972820.000,0,-,-,-,-,2934.0000,2932.0000,2931.0000,2930.6000,2928.0000,2934.8000,2935.0000,2935.8000,2936.0000,2936.2000,1,1,1,1,6,2,1,4,7,4
SF,IH2003,2019-11-28 09:30:30.300,2934.0000,13399,0,14972820.000,0,-,-,-,-,2934.0000,2932.0000,2931.0000,2930.6000,2928.0000,2934.6000,2934.8000,2935.0000,2935.8000,2936.0000,1,1,1,1,6,1,2,1,4,7
SF,IH2003,2019-11-28 09:30:30.800,2934.0000,13399,0,14972820.000,0,-,-,-,-,2934.0000,2932.0000,2931.0000,2930.6000,2928.0000,2934.6000,2934.8000,2935.0000,2935.8000,2936.0000,1,1,1,1,6,1,2,1,4,7
SF,IH2003,2019-11-28 09:30:32.800,2934.0000,13399,0,14972820.000,0,-,-,-,-,2934.0000,2932.0000,2931.0000,2930.6000,2928.0000,2934.6000,2934.8000,2935.0000,2935.8000,2936.0000,1,1,1,1,6,1,2,1,4,6
SF,IH2003,2019-11-28 09:30:33.300,2934.6000,13399,0,15853200.000,1,0,1,多换,S,2934.0000,2932.0000,2931.0000,2930.6000,2928.0000,2934.4000,2934.8000,2935.0000,2935.8000,2936.0000,1,1,1,1,6,1,2,1,4,6
SF,IH2003,2019-11-28 09:30:33.800,2934.6000,13399,0,15853200.000,0,-,-,-,-,2934.0000,2932.0000,2931.0000,2930.6000,2928.0000,2934.4000,2934.8000,2935.0000,2935.8000,2936.0000,1,1,1,1,6,1,2,1,4,6
SF,IH2003,2019-11-28 09:30:34.300,2934.6000,13399,0,15853200.000,0,-,-,-,-,2934.0000,2932.0000,2931.0000,2930.6000,2930.2000,2934.4000,2934.8000,2935.0000,2935.8000,2936.0000,1,1,1,1,1,1,1,1,4,6
SF,IH2003,2019-11-28 09:30:34.800,2934.0000,13398,-1,16733400.000,1,0,1,双平,S,2932.0000,2931.0000,2930.6000,2930.2000,2928.0000,2934.0000,2934.2000,2934.4000,2934.8000,2935.0000,1,1,1,1,6,1,1,1,1,1
SF,IH2003,2019-11-28 09:30:35.300,2933.8000,13397,-1,17613540.000,1,0,1,双平,S,2933.4000,2933.0000,2932.4000,2932.2000,2932.0000,2933.8000,2934.0000,2934.2000,2934.4000,2934.8000,2,4,14,6,1,1,1,1,1,1
SF,IH2003,2019-11-28 09:30:35.800,2933.8000,13394,-3,20253960.000,3,0,3,双平,S,2933.6000,2933.0000,2932.4000,2932.2000,2932.0000,2934.0000,2935.0000,2935.8000,2936.0000,2936.2000,1,1,12,6,1,1,1,4,6,4
SF,IH2003,2019-11-28 09:30:36.300,2933.8000,13394,0,20253960.000,0,-,-,-,-,2933.6000,2933.0000,2932.4000,2932.2000,2932.0000,2933.8000,2934.0000,2935.0000,2935.8000,2936.0000,1,1,12,6,1,3,1,1,4,6
SF,IH2003,2019-11-28 09:30:36.800,2933.8000,13393,-1,21134100.000,1,0,1,双平,S,2933.6000,2933.0000,2932.4000,2932.2000,2932.0000,2933.8000,2934.0000,2935.0000,2935.8000,2936.0000,1,1,12,6,1,2,1,1,4,6
SF,IH2003,2019-11-28 09:30:37.300,2933.8000,13391,-2,22894380.000,2,0,2,双平,S,2933.6000,2933.0000,2932.4000,2932.2000,2932.0000,2933.8000,2934.0000,2935.0000,2935.8000,2936.0000,1,1,12,6,1,2,1,1,4,6
SF,IH2003,2019-11-28 09:30:37.800,2933.8000,13391,0,22894380.000,0,-,-,-,-,2933.6000,2933.0000,2932.4000,2932.2000,2932.0000,2933.8000,2934.0000,2935.0000,2935.8000,2936.0000,1,1,12,6,1,3,1,1,4,6
SF,IH2003,2019-11-28 09:30:38.300,2933.8000,13390,-1,23774520.000,1,0,1,双平,S,2933.6000,2933.0000,2932.4000,2932.2000,2932.0000,2933.8000,2934.0000,2935.0000,2935.8000,2936.0000,1,1,10,6,1,3,1,1,4,6
SF,IH2003,2019-11-28 09:30:38.800,2933.6000,13389,-1,24654600.000,1,0,1,双平,S,2933.0000,2932.4000,2932.2000,2932.0000,2931.0000,2933.8000,2934.0000,2935.0000,2935.8000,2936.0000,1,10,6,1,1,3,1,1,4,6
SF,IH2003,2019-11-28 09:30:39.300,2933.6000,13389,0,24654600.000,0,-,-,-,-,2932.4000,2932.2000,2932.0000,2931.0000,2930.6000,2933.6000,2933.8000,2934.0000,2935.0000,2935.8000,10,4,1,1,1,1,3,1,1,4
SF,IH2003,2019-11-28 09:30:39.800,2933.6000,13388,-1,25534680.000,1,0,1,双平,S,2933.0000,2932.6000,2932.4000,2932.2000,2932.0000,2933.8000,2934.0000,2935.0000,2935.8000,2936.0000,1,4,10,3,1,3,1,1,4,6
SF,IH2003,2019-11-28 09:30:40.300,2933.6000,13388,0,25534680.000,0,-,-,-,-,2933.0000,2932.6000,2932.4000,2932.2000,2932.0000,2933.8000,2934.0000,2935.0000,2935.8000,2936.0000,1,2,7,3,1,3,1,1,4,6
SF,IH2003,2019-11-28 09:30:42.300,2933.6000,13388,0,25534680.000,0,-,-,-,-,2933.0000,2932.6000,2932.4000,2932.2000,2932.0000,2933.4000,2933.8000,2934.0000,2935.0000,2935.8000,1,2,7,3,1,5,3,1,1,4
SF,IH2003,2019-11-28 09:30:42.800,2933.6000,13388,0,25534680.000,0,-,-,-,-,2933.0000,2932.6000,2932.4000,2932.2000,2932.0000,2933.4000,2933.8000,2934.0000,2935.8000,2936.0000,1,2,7,3,1,5,3,1,4,6
SF,IH2003,2019-11-28 09:30:43.300,2933.6000,13388,0,25534680.000,0,-,-,-,-,2932.6000,2932.4000,2932.2000,2932.0000,2931.0000,2933.4000,2933.8000,2934.0000,2935.8000,2936.0000,2,7,3,1,1,5,2,1,4,6
SF,IH2003,2019-11-28 09:30:43.800,2933.4000,13388,0,26414700.000,1,0,1,多换,S,2932.6000,2932.4000,2932.2000,2932.0000,2931.0000,2933.2000,2933.4000,2933.8000,2934.0000,2935.8000,2,7,3,1,1,1,5,2,1,4
SF,IH2003,2019-11-28 09:30:45.300,2933.2000,13387,-1,27294660.000,1,0,1,双平,S,2932.6000,2932.4000,2932.2000,2932.0000,2931.0000,2933.4000,2933.8000,2934.0000,2935.8000,2936.0000,2,7,3,1,1,5,2,1,4,6
SF,IH2003,2019-11-28 09:30:45.800,2933.2000,13387,0,27294660.000,0,-,-,-,-,2932.8000,2932.6000,2932.2000,2932.0000,2931.0000,2933.2000,2933.4000,2933.8000,2934.0000,2935.8000,8,2,3,1,1,1,5,2,1,4
SF,IH2003,2019-11-28 09:30:46.300,2933.4000,13381,-6,32574720.000,6,0,6,双平,S,2933.2000,2933.0000,2932.8000,2932.6000,2932.2000,2934.0000,2935.8000,2936.0000,2936.2000,2936.8000,2,1,11,2,3,1,4,6,4,5
SF,IH2003,2019-11-28 09:30:46.800,2933.4000,13381,0,35214960.000,3,1,2,多换,S,2933.4000,2933.2000,2933.0000,2932.8000,2932.6000,2933.8000,2935.8000,2936.0000,2936.2000,2936.8000,6,2,2,3,2,2,4,6,4,5
SF,IH2003,2019-11-28 09:30:47.300,2933.8000,13379,-2,36975240.000,2,0,2,双平,S,2934.0000,2933.8000,2933.4000,2933.2000,2932.8000,2935.8000,2936.0000,2936.2000,2936.8000,2941.2000,1,1,7,2,3,4,6,4,5,1
SF,IH2003,2019-11-28 09:30:47.800,2935.0000,13379,0,37855740.000,1,0,1,多换,S,2934.2000,2934.0000,2933.8000,2933.4000,2933.2000,2935.4000,2935.6000,2935.8000,2936.0000,2936.2000,1,1,1,7,2,1,4,4,5,4
SF,IH2003,2019-11-28 09:30:48.300,2935.0000,13379,0,37855740.000,0,-,-,-,-,2934.2000,2934.0000,2933.8000,2933.4000,2933.2000,2935.2000,2935.6000,2935.8000,2936.0000,2936.2000,1,1,1,7,2,1,2,4,5,4
SF,IH2003,2019-11-28 09:30:48.800,2935.0000,13379,0,37855740.000,0,-,-,-,-,2933.8000,2933.4000,2933.2000,2933.0000,2932.8000,2935.2000,2935.6000,2935.8000,2936.0000,2936.2000,1,7,2,1,3,1,2,4,5,4
SF,IH2003,2019-11-28 09:30:49.300,2935.0000,13379,0,37855740.000,0,-,-,-,-,2934.0000,2933.8000,2933.4000,2933.2000,2933.0000,2935.2000,2935.6000,2935.8000,2936.0000,2936.2000,1,1,7,2,1,1,2,4,5,4
SF,IH2003,2019-11-28 09:30:49.800,2935.0000,13379,0,37855740.000,0,-,-,-,-,2934.2000,2934.0000,2933.8000,2933.2000,2933.0000,2935.2000,2935.6000,2935.8000,2936.0000,2936.2000,6,2,1,2,1,1,2,4,5,4
SF,IH2003,2019-11-28 09:30:50.300,2935.0000,13379,0,37855740.000,0,-,-,-,-,2934.6000,2934.2000,2934.0000,2933.8000,2933.2000,2935.2000,2935.6000,2935.8000,2936.0000,2936.2000,1,6,2,1,2,1,1,4,5,4
SF,IH2003,2019-11-28 09:30:50.800,2935.0000,13379,0,37855740.000,0,-,-,-,-,2934.2000,2934.0000,2933.8000,2933.2000,2933.0000,2935.0000,2935.2000,2935.6000,2935.8000,2936.0000,6,2,1,2,1,2,1,1,4,5
SF,IH2003,2019-11-28 09:30:51.300,2935.0000,13379,0,37855740.000,0,-,-,-,-,2934.2000,2934.0000,2933.8000,2933.2000,2933.0000,2935.0000,2935.2000,2935.6000,2935.8000,2936.0000,6,1,1,2,1,2,1,1,4,5
SF,IH2003,2019-11-28 09:30:51.800,2935.0000,13379,0,37855740.000,0,-,-,-,-,2934.8000,2934.2000,2934.0000,2933.8000,2933.2000,2935.0000,2935.2000,2935.8000,2936.0000,2936.2000,1,6,1,1,2,2,1,4,5,4
SF,IH2003,2019-11-28 09:30:52.300,2935.0000,13379,0,37855740.000,0,-,-,-,-,2934.4000,2934.2000,2934.0000,2933.8000,2933.2000,2934.8000,2935.0000,2935.2000,2936.0000,2936.2000,1,6,2,1,2,7,3,1,5,4
SF,IH2003,2019-11-28 09:30:52.800,2934.8000,13377,-2,39616680.000,2,0,2,双平,S,2934.6000,2934.4000,2934.0000,2933.8000,2933.2000,2934.8000,2935.0000,2935.2000,2936.0000,2936.2000,6,1,2,1,2,3,3,1,5,4
SF,IH2003,2019-11-28 09:30:53.300,2934.8000,13374,-3,42258000.000,3,0,3,双平,S,2934.6000,2934.4000,2934.0000,2933.8000,2933.2000,2935.0000,2935.2000,2936.0000,2936.2000,2941.2000,6,1,2,1,2,3,1,5,4,1
SF,IH2003,2019-11-28 09:30:53.800,2934.8000,13374,0,42258000.000,0,-,-,-,-,2934.8000,2934.4000,2934.0000,2933.8000,2933.2000,2935.0000,2935.2000,2936.0000,2936.2000,2941.2000,1,1,2,1,2,3,1,5,4,1
SF,IH2003,2019-11-28 09:30:54.300,2934.8000,13374,0,42258000.000,0,-,-,-,-,2934.4000,2934.0000,2933.8000,2933.2000,2933.0000,2935.0000,2935.2000,2936.0000,2936.2000,2941.2000,1,2,1,2,1,3,1,5,4,1
SF,IH2003,2019-11-28 09:30:54.800,2934.8000,13374,0,42258000.000,0,-,-,-,-,2934.4000,2934.0000,2933.8000,2933.2000,2933.0000,2934.8000,2935.0000,2935.2000,2936.0000,2936.2000,1,2,1,2,1,2,3,1,5,4
SF,IH2003,2019-11-28 09:30:55.300,2934.8000,13374,0,43138440.000,1,0,1,多换,S,2934.4000,2934.0000,2933.8000,2933.2000,2933.0000,2934.8000,2935.0000,2935.2000,2936.0000,2936.2000,1,2,1,2,1,1,3,1,5,4
SF,IH2003,2019-11-28 09:30:55.800,2934.8000,13374,0,43138440.000,0,-,-,-,-,2934.4000,2934.0000,2933.8000,2933.2000,2933.0000,2934.8000,2935.0000,2935.2000,2936.2000,2941.2000,1,1,1,2,1,1,3,1,4,1
SF,IH2003,2019-11-28 09:30:56.300,2934.4000,13373,-1,44018760.000,1,0,1,双平,S,2934.0000,2933.8000,2933.2000,2933.0000,2932.8000,2934.8000,2935.0000,2935.2000,2936.2000,2941.2000,1,1,2,1,2,1,3,1,4,1
SF,IH2003,2019-11-28 09:30:56.800,2934.4000,13373,0,44018760.000,0,-,-,-,-,2934.2000,2934.0000,2933.8000,2933.2000,2933.0000,2934.8000,2935.0000,2935.2000,2936.2000,2941.2000,6,1,1,2,1,1,3,1,4,1
SF,IH2003,2019-11-28 09:30:57.300,2934.4000,13373,0,44018760.000,0,-,-,-,-,2933.8000,2933.2000,2933.0000,2932.8000,2932.6000,2934.8000,2935.0000,2935.2000,2936.2000,2941.2000,1,2,1,2,2,1,3,1,4,1
SF,IH2003,2019-11-28 09:30:57.800,2934.4000,13373,0,44018760.000,0,-,-,-,-,2934.2000,2934.0000,2933.2000,2933.0000,2932.8000,2934.8000,2935.0000,2935.2000,2936.2000,2941.2000,6,2,2,1,2,1,3,1,4,1
SF,IH2003,2019-11-28 09:30:58.300,2934.4000,13373,0,44018760.000,0,-,-,-,-,2934.2000,2934.0000,2933.2000,2933.0000,2932.6000,2934.8000,2935.0000,2935.2000,2936.2000,2941.2000,6,3,2,1,2,1,3,1,4,1
SF,IH2003,2019-11-28 09:30:58.800,2934.4000,13373,0,44018760.000,0,-,-,-,-,2934.2000,2934.0000,2933.2000,2933.0000,2932.6000,2934.8000,2935.0000,2935.2000,2936.2000,2941.2000,6,3,2,1,2,1,2,1,4,1
SF,IH2003,2019-11-28 09:30:59.300,2934.4000,13373,0,44018760.000,0,-,-,-,-,2934.2000,2934.0000,2933.2000,2933.0000,2932.6000,2934.8000,2935.0000,2935.2000,2936.2000,2941.2000,6,1,2,1,2,1,2,1,4,1
SF,IH2003,2019-11-28 09:30:59.800,2934.2000,13373,0,44899020.000,1,0,1,多换,S,2934.2000,2934.0000,2933.2000,2933.0000,2932.6000,2935.0000,2935.2000,2936.2000,2941.2000,2944.2000,5,1,2,1,2,2,1,4,1,1
SF,IH2003,2019-11-28 09:31:00.300,2934.2000,13373,0,44899020.000,0,-,-,-,-,2934.2000,2934.0000,2933.2000,2933.0000,2932.6000,2934.8000,2935.0000,2936.2000,2941.2000,2944.2000,5,1,2,1,2,1,2,4,1,1
SF,IH2003,2019-11-28 09:31:00.800,2934.2000,13373,0,45779280.000,1,0,1,多换,S,2933.2000,2932.6000,2932.2000,2932.0000,2931.0000,2934.8000,2935.0000,2936.2000,2941.2000,2944.2000,2,2,3,1,1,1,2,4,1,1
SF,IH2003,2019-11-28 09:31:01.300,2934.2000,13373,0,45779280.000,0,-,-,-,-,2933.6000,2933.4000,2933.2000,2933.0000,2932.6000,2934.2000,2934.8000,2935.0000,2936.2000,2941.2000,4,3,2,1,2,1,1,2,4,1
SF,IH2003,2019-11-28 09:31:01.800,2934.2000,13373,0,45779280.000,0,-,-,-,-,2933.2000,2932.6000,2932.2000,2932.0000,2931.0000,2934.0000,2934.2000,2935.0000,2936.2000,2941.2000,1,1,3,1,1,1,1,2,4,1
SF,IH2003,2019-11-28 09:31:02.300,2934.2000,13373,0,45779280.000,0,-,-,-,-,2933.2000,2932.6000,2932.2000,2932.0000,2931.0000,2934.0000,2934.2000,2935.0000,2936.2000,2941.2000,1,1,3,1,1,1,1,1,4,1
SF,IH2003,2019-11-28 09:31:02.800,2934.2000,13372,-1,46659540.000,1,0,1,双平,S,2933.2000,2932.6000,2932.2000,2932.0000,2931.0000,2934.0000,2934.2000,2934.6000,2936.2000,2941.2000,1,1,3,1,1,1,1,5,4,1
SF,IH2003,2019-11-28 09:31:03.800,2934.2000,13372,0,46659540.000,0,-,-,-,-,2933.4000,2933.2000,2932.6000,2932.2000,2932.0000,2934.0000,2934.2000,2934.6000,2936.2000,2941.2000,4,1,1,3,1,1,1,5,4,1
SF,IH2003,2019-11-28 09:31:04.300,2934.2000,13372,0,46659540.000,0,-,-,-,-,2933.4000,2933.2000,2933.0000,2932.6000,2932.2000,2934.0000,2934.6000,2936.2000,2941.2000,2944.2000,5,1,1,1,3,1,5,4,1,1
SF,IH2003,2019-11-28 09:31:04.800,2934.2000,13372,0,46659540.000,0,-,-,-,-,2933.4000,2933.2000,2932.6000,2932.2000,2932.0000,2934.0000,2934.6000,2936.2000,2941.2000,2944.2000,4,1,1,3,1,1,5,4,1,1
SF,IH2003,2019-11-28 09:31:05.300,2934.0000,13372,0,47539740.000,1,0,1,多换,S,2933.4000,2933.2000,2932.6000,2932.2000,2932.0000,2934.6000,2936.2000,2941.2000,2944.2000,2944.8000,4,1,1,3,1,5,4,1,1,1
SF,IH2003,2019-11-28 09:31:05.800,2934.0000,13372,0,47539740.000,0,-,-,-,-,2933.4000,2933.2000,2932.6000,2932.2000,2932.0000,2934.4000,2934.6000,2936.2000,2941.2000,2944.2000,4,1,1,3,1,1,5,4,1,1
SF,IH2003,2019-11-28 09:31:07.300,2934.0000,13372,0,47539740.000,0,-,-,-,-,2933.4000,2933.2000,2932.6000,2932.2000,2932.0000,2934.4000,2934.6000,2936.2000,2941.2000,2944.2000,4,1,1,3,1,1,5,4,1,1
SF,IH2003,2019-11-28 09:31:10.800,2934.0000,13372,0,47539740.000,0,-,-,-,-,2933.6000,2933.4000,2933.2000,2932.6000,2932.2000,2934.4000,2934.6000,2936.2000,2941.2000,2944.2000,1,4,1,1,3,1,5,4,1,1
SF,IH2003,2019-11-28 09:31:11.300,2934.6000,13370,-2,49300440.000,2,0,2,双平,S,2933.8000,2933.6000,2933.2000,2932.8000,2932.6000,2934.6000,2936.2000,2941.2000,2944.2000,2944.8000,4,2,1,2,1,4,4,1,1,1
SF,IH2003,2019-11-28 09:31:11.800,2934.6000,13368,-2,51061200.000,2,0,2,双平,S,2933.8000,2933.6000,2933.2000,2932.8000,2932.6000,2934.6000,2936.2000,2941.2000,2944.2000,2944.8000,4,2,1,2,1,2,4,1,1,1
SF,IH2003,2019-11-28 09:31:12.300,2934.6000,13366,-2,52821960.000,2,0,2,双平,S,2933.8000,2933.6000,2933.2000,2932.6000,2932.2000,2936.2000,2941.2000,2944.2000,2944.8000,2945.0000,4,1,1,1,3,4,1,1,1,6
SF,IH2003,2019-11-28 09:31:12.800,2934.6000,13366,0,52821960.000,0,-,-,-,-,2934.0000,2933.8000,2933.6000,2933.2000,2932.6000,2935.8000,2936.0000,2936.2000,2941.2000,2944.2000,3,4,1,1,1,3,1,4,1,1
SF,IH2003,2019-11-28 09:31:13.300,2934.6000,13366,0,52821960.000,0,-,-,-,-,2934.0000,2933.8000,2933.6000,2933.2000,2932.6000,2935.6000,2935.8000,2936.2000,2941.2000,2944.2000,2,4,1,1,1,5,3,4,1,1
SF,IH2003,2019-11-28 09:31:13.800,2934.6000,13366,0,52821960.000,0,-,-,-,-,2934.0000,2933.2000,2932.6000,2932.2000,2932.0000,2935.4000,2935.6000,2936.2000,2941.2000,2944.2000,2,1,1,3,1,4,6,4,1,1
SF,IH2003,2019-11-28 09:31:14.300,2934.6000,13366,0,52821960.000,0,-,-,-,-,2934.0000,2933.2000,2932.6000,2932.2000,2932.0000,2935.2000,2935.4000,2935.6000,2941.2000,2944.2000,1,1,1,3,1,5,4,5,1,1
SF,IH2003,2019-11-28 09:31:16.300,2934.6000,13366,0,52821960.000,0,-,-,-,-,2934.0000,2933.2000,2932.6000,2932.2000,2932.0000,2935.2000,2935.4000,2935.6000,2941.2000,2944.2000,1,1,1,3,1,5,4,5,1,1
SF,IH2003,2019-11-28 09:31:16.800,2935.2000,13367,1,57224760.000,5,3,2,空开,S,2935.2000,2934.0000,2933.2000,2932.6000,2932.2000,2935.4000,2935.6000,2941.2000,2944.2000,2944.8000,10,1,1,1,3,4,1,1,1,1
SF,IH2003,2019-11-28 09:31:17.300,2935.2000,13372,5,66030360.000,10,7,3,空开,S,2934.0000,2933.2000,2932.6000,2932.2000,2932.0000,2935.0000,2935.2000,2935.4000,2935.6000,2941.2000,1,1,1,3,2,4,8,4,1,1
SF,IH2003,2019-11-28 09:31:17.800,2935.2000,13372,0,66030360.000,0,-,-,-,-,2933.2000,2932.6000,2932.2000,2932.0000,2931.2000,2935.0000,2935.2000,2935.4000,2935.6000,2941.2000,1,1,3,2,1,3,6,4,1,1
SF,IH2003,2019-11-28 09:31:18.300,2935.2000,13372,0,66030360.000,0,-,-,-,-,2933.4000,2933.2000,2932.6000,2932.2000,2932.0000,2935.0000,2935.2000,2935.4000,2935.6000,2936.0000,11,1,1,3,2,3,6,4,1,1
SF,IH2003,2019-11-28 09:31:18.800,2935.2000,13372,0,66030360.000,0,-,-,-,-,2933.4000,2933.2000,2932.6000,2932.2000,2932.0000,2935.2000,2935.4000,2935.6000,2936.0000,2941.2000,11,1,1,3,2,6,4,1,1,1
SF,IH2003,2019-11-28 09:31:19.300,2935.2000,13372,0,66030360.000,0,-,-,-,-,2933.6000,2933.4000,2933.2000,2932.6000,2932.2000,2935.2000,2935.4000,2935.6000,2936.0000,2941.2000,1,11,1,1,3,6,3,1,1,1
SF,IH2003,2019-11-28 09:31:19.800,2935.2000,13372,0,66030360.000,0,-,-,-,-,2933.8000,2933.4000,2933.2000,2932.6000,2932.2000,2935.0000,2935.2000,2935.4000,2935.6000,2936.0000,3,9,1,1,3,1,6,3,1,1
SF,IH2003,2019-11-28 09:31:20.300,2935.2000,13372,0,66030360.000,0,-,-,-,-,2933.8000,2933.4000,2933.2000,2932.6000,2932.2000,2935.0000,2935.2000,2935.4000,2935.6000,2936.0000,2,9,1,1,3,1,6,3,1,1
SF,IH2003,2019-11-28 09:31:22.300,2935.2000,13372,0,66030360.000,0,-,-,-,-,2934.0000,2933.8000,2933.4000,2933.2000,2932.6000,2935.0000,2935.2000,2936.0000,2941.2000,2944.2000,2,1,9,1,1,1,6,1,1,1
SF,IH2003,2019-11-28 09:31:23.300,2935.2000,13372,0,66030360.000,0,-,-,-,-,2934.2000,2934.0000,2933.8000,2933.4000,2933.2000,2935.0000,2935.2000,2936.0000,2941.2000,2944.2000,1,1,1,9,1,1,6,1,1,1
SF,IH2003,2019-11-28 09:31:23.800,2935.2000,13372,0,66030360.000,0,-,-,-,-,2934.2000,2933.8000,2933.4000,2933.2000,2932.6000,2935.0000,2935.2000,2936.0000,2941.2000,2944.2000,1,1,9,1,1,1,6,1,1,1
SF,IH2003,2019-11-28 09:31:24.800,2935.2000,13372,0,66030360.000,0,-,-,-,-,2934.2000,2933.8000,2933.4000,2933.2000,2932.6000,2935.0000,2935.2000,2936.0000,2941.2000,2944.2000,1,1,9,1,1,1,4,1,1,1
SF,IH2003,2019-11-28 09:31:25.300,2935.2000,13372,0,66030360.000,0,-,-,-,-,2934.2000,2933.8000,2933.4000,2933.2000,2932.6000,2935.2000,2936.0000,2941.2000,2944.2000,2944.8000,1,1,9,1,1,4,1,1,1,1
SF,IH2003,2019-11-28 09:31:26.800,2935.2000,13372,0,66030360.000,0,-,-,-,-,2935.0000,2934.2000,2933.8000,2933.4000,2933.2000,2935.2000,2936.0000,2941.2000,2944.2000,2944.8000,1,1,1,9,1,4,1,1,1,1
SF,IH2003,2019-11-28 09:31:27.300,2935.0000,13371,-1,66910860.000,1,0,1,双平,S,2934.2000,2933.8000,2933.4000,2933.2000,2932.6000,2934.6000,2934.8000,2935.0000,2935.2000,2936.0000,1,1,9,1,1,2,1,5,3,1
SF,IH2003,2019-11-28 09:31:27.800,2935.0000,13371,0,66910860.000,0,-,-,-,-,2934.2000,2933.4000,2933.2000,2932.6000,2932.2000,2934.6000,2935.0000,2935.2000,2936.0000,2941.2000,1,9,1,1,3,2,3,2,1,1
SF,IH2003,2019-11-28 09:31:28.300,2935.0000,13371,0,69552360.000,3,1,2,多换,S,2934.2000,2933.4000,2933.2000,2932.6000,2932.2000,2935.0000,2935.2000,2936.0000,2941.2000,2944.2000,1,9,1,1,3,2,2,1,1,1
SF,IH2003,2019-11-28 09:31:30.300,2935.0000,13371,0,69552360.000,0,-,-,-,-,2934.4000,2933.4000,2933.2000,2932.6000,2932.2000,2935.0000,2935.2000,2936.0000,2941.2000,2944.2000,1,9,1,1,3,2,2,1,1,1
SF,IH2003,2019-11-28 09:31:30.800,2935.0000,13371,0,69552360.000,0,-,-,-,-,2934.4000,2933.4000,2933.2000,2932.6000,2932.2000,2935.0000,2935.2000,2936.0000,2941.2000,2944.2000,1,9,1,1,3,2,2,1,1,1
SF,IH2003,2019-11-28 09:31:31.300,2935.0000,13371,0,69552360.000,0,-,-,-,-,2934.4000,2933.4000,2933.2000,2932.6000,2932.2000,2935.0000,2935.2000,2936.0000,2941.2000,2944.2000,1,9,1,1,3,2,2,1,1,1
SF,IH2003,2019-11-28 09:31:32.300,2935.0000,13371,0,69552360.000,0,-,-,-,-,2934.4000,2933.4000,2933.2000,2932.6000,2932.2000,2935.0000,2935.2000,2936.0000,2939.8000,2941.2000,1,9,1,1,3,2,2,1,1,1
SF,IH2003,2019-11-28 09:31:32.800,2935.0000,13371,0,69552360.000,0,-,-,-,-,2934.6000,2933.4000,2933.2000,2932.6000,2932.2000,2935.0000,2935.2000,2936.0000,2939.8000,2941.2000,1,9,1,1,3,2,2,1,1,1
SF,IH2003,2019-11-28 09:31:34.300,2935.0000,13371,0,69552360.000,0,-,-,-,-,2934.6000,2933.4000,2933.2000,2932.6000,2932.2000,2935.0000,2935.2000,2936.0000,2939.8000,2941.2000,1,9,1,1,3,2,2,1,1,1
SF,IH2003,2019-11-28 09:31:34.800,2935.0000,13371,0,69552360.000,0,-,-,-,-,2934.6000,2933.4000,2933.2000,2932.6000,2932.2000,2935.0000,2935.2000,2936.0000,2939.8000,2941.2000,1,9,1,1,3,1,2,1,1,1
SF,IH2003,2019-11-28 09:31:35.300,2935.0000,13371,0,69552360.000,0,-,-,-,-,2933.4000,2933.2000,2932.6000,2932.2000,2932.0000,2934.6000,2935.0000,2935.2000,2936.0000,2939.8000,9,1,1,3,2,1,1,2,1,1
SF,IH2003,2019-11-28 09:31:35.800,2935.0000,13371,0,69552360.000,0,-,-,-,-,2933.6000,2933.4000,2933.2000,2932.6000,2932.2000,2935.0000,2935.2000,2936.0000,2939.8000,2941.2000,2,9,1,1,3,1,2,1,1,1
SF,IH2003,2019-11-28 09:31:36.300,2935.0000,13371,0,69552360.000,0,-,-,-,-,2933.8000,2933.6000,2933.4000,2933.2000,2932.6000,2935.0000,2935.2000,2936.0000,2939.8000,2941.2000,6,1,8,1,1,1,2,1,1,1
SF,IH2003,2019-11-28 09:31:36.800,2935.0000,13371,0,69552360.000,0,-,-,-,-,2934.0000,2933.8000,2933.4000,2933.2000,2932.6000,2935.0000,2935.2000,2936.0000,2939.8000,2941.2000,2,5,8,1,1,1,2,1,1,1
SF,IH2003,2019-11-28 09:31:37.300,2935.0000,13371,0,69552360.000,0,-,-,-,-,2934.0000,2933.8000,2933.4000,2933.2000,2932.6000,2935.0000,2935.2000,2936.0000,2939.8000,2941.2000,2,5,8,1,1,1,2,1,1,1
SF,IH2003,2019-11-28 09:31:37.800,2935.0000,13371,0,70432860.000,1,0,1,多换,S,2934.0000,2933.8000,2933.4000,2933.2000,2932.6000,2935.2000,2936.0000,2939.8000,2941.2000,2944.2000,2,5,8,1,1,2,1,1,1,1
SF,IH2003,2019-11-28 09:31:38.800,2935.0000,13371,0,70432860.000,0,-,-,-,-,2934.8000,2934.0000,2933.8000,2933.4000,2933.2000,2935.2000,2936.0000,2939.8000,2941.2000,2944.2000,1,2,5,8,1,2,1,1,1,1
SF,IH2003,2019-11-28 09:31:39.300,2934.8000,13370,-1,71313300.000,1,0,1,双平,S,2934.0000,2933.8000,2933.4000,2933.2000,2932.6000,2934.8000,2935.2000,2936.0000,2939.8000,2941.2000,1,5,8,1,1,4,2,1,1,1
SF,IH2003,2019-11-28 09:31:39.800,2934.8000,13370,0,71313300.000,0,-,-,-,-,2934.2000,2933.8000,2933.4000,2933.2000,2932.6000,2934.8000,2935.2000,2936.0000,2939.8000,2941.2000,1,5,8,1,1,3,2,1,1,1
SF,IH2003,2019-11-28 09:31:40.800,2934.8000,13370,0,71313300.000,0,-,-,-,-,2934.2000,2933.8000,2933.4000,2933.2000,2932.6000,2935.2000,2936.0000,2939.8000,2941.2000,2944.2000,1,5,8,1,1,2,1,1,1,1
SF,IH2003,2019-11-28 09:31:41.300,2934.8000,13370,0,71313300.000,0,-,-,-,-,2934.4000,2933.8000,2933.4000,2933.2000,2932.6000,2935.2000,2936.0000,2939.8000,2941.2000,2944.2000,2,5,8,1,1,2,1,1,1,1
SF,IH2003,2019-11-28 09:31:41.800,2934.8000,13370,0,71313300.000,0,-,-,-,-,2934.4000,2933.8000,2933.4000,2933.2000,2932.6000,2935.2000,2936.0000,2939.8000,2941.2000,2944.2000,2,5,8,1,1,2,1,1,1,1
SF,IH2003,2019-11-28 09:31:42.300,2934.8000,13370,0,71313300.000,0,-,-,-,-,2934.4000,2933.8000,2933.4000,2933.2000,2932.6000,2935.2000,2936.0000,2939.8000,2941.2000,2944.2000,2,5,8,1,1,2,1,1,1,1
SF,IH2003,2019-11-28 09:31:42.800,2934.8000,13370,0,71313300.000,0,-,-,-,-,2934.4000,2933.8000,2933.4000,2933.2000,2932.6000,2935.2000,2936.0000,2939.8000,2941.2000,2944.2000,1,5,8,1,1,2,1,1,1,1
SF,IH2003,2019-11-28 09:31:43.300,2934.8000,13370,0,71313300.000,0,-,-,-,-,2934.4000,2933.8000,2933.4000,2933.2000,2932.6000,2935.2000,2936.0000,2939.8000,2941.2000,2944.2000,1,5,8,1,1,2,1,1,1,1
SF,IH2003,2019-11-28 09:31:43.800,2934.8000,13370,0,71313300.000,0,-,-,-,-,2934.4000,2933.8000,2933.4000,2933.2000,2932.6000,2935.2000,2936.0000,2939.8000,2941.2000,2944.2000,1,5,8,1,1,2,1,1,1,1
SF,IH2003,2019-11-28 09:31:44.300,2934.8000,13370,0,71313300.000,0,-,-,-,-,2934.4000,2933.8000,2933.4000,2933.2000,2932.6000,2935.2000,2936.0000,2939.8000,2941.2000,2944.2000,1,5,8,1,1,2,1,1,1,1
SF,IH2003,2019-11-28 09:31:44.800,2935.2000,13368,-2,73074420.000,2,0,2,双平,S,2934.4000,2933.8000,2933.4000,2933.2000,2932.6000,2936.0000,2939.8000,2941.2000,2944.2000,2944.8000,1,5,8,1,1,1,1,1,1,1
SF,IH2003,2019-11-28 09:31:45.300,2935.2000,13368,0,73074420.000,0,-,-,-,-,2935.0000,2934.6000,2933.8000,2933.4000,2933.2000,2936.0000,2939.8000,2941.2000,2944.2000,2944.8000,1,4,4,8,1,1,1,1,1,1
SF,IH2003,2019-11-28 09:31:45.800,2935.2000,13368,0,73074420.000,0,-,-,-,-,2935.0000,2934.6000,2933.8000,2933.4000,2933.2000,2936.0000,2939.8000,2941.2000,2944.2000,2944.8000,1,2,4,8,1,1,1,1,1,1
SF,IH2003,2019-11-28 09:31:46.300,2935.2000,13368,0,73074420.000,0,-,-,-,-,2935.0000,2934.6000,2933.8000,2933.4000,2933.2000,2936.0000,2939.8000,2941.2000,2944.2000,2944.8000,1,2,4,8,1,1,1,1,1,1
SF,IH2003,2019-11-28 09:31:47.300,2935.2000,13368,0,73074420.000,0,-,-,-,-,2935.0000,2934.6000,2933.8000,2933.4000,2933.2000,2936.0000,2939.8000,2941.2000,2944.2000,2944.8000,1,2,4,8,1,1,1,1,1,1
SF,IH2003,2019-11-28 09:31:47.800,2935.2000,13368,0,73074420.000,0,-,-,-,-,2935.0000,2934.6000,2933.8000,2933.4000,2933.2000,2936.0000,2939.8000,2941.2000,2944.2000,2944.8000,1,2,4,8,1,1,1,1,1,1
SF,IH2003,2019-11-28 09:31:48.300,2935.2000,13368,0,73074420.000,0,-,-,-,-,2935.0000,2934.6000,2933.8000,2933.4000,2933.2000,2936.0000,2939.8000,2940.4000,2944.2000,2944.8000,1,2,4,8,1,1,1,1,1,1
SF,IH2003,2019-11-28 09:31:48.800,2935.2000,13368,0,73074420.000,0,-,-,-,-,2935.0000,2934.6000,2933.8000,2933.4000,2933.2000,2936.0000,2939.8000,2940.4000,2944.2000,2944.8000,1,2,4,8,1,1,1,1,1,1
SF,IH2003,2019-11-28 09:31:49.300,2935.2000,13368,0,73074420.000,0,-,-,-,-,2935.0000,2934.6000,2933.8000,2933.4000,2933.2000,2936.0000,2939.8000,2940.4000,2944.2000,2944.8000,1,2,4,8,1,1,1,1,1,1
SF,IH2003,2019-11-28 09:31:50.300,2935.2000,13368,0,73074420.000,0,-,-,-,-,2935.2000,2935.0000,2934.6000,2933.8000,2933.4000,2936.0000,2939.8000,2940.4000,2944.2000,2944.8000,1,1,1,4,8,1,1,1,1,1
SF,IH2003,2019-11-28 09:31:51.300,2935.2000,13367,-1,73954980.000,1,0,1,双平,S,2935.0000,2934.6000,2933.8000,2933.4000,2933.2000,2936.0000,2939.8000,2940.4000,2944.2000,2944.8000,1,1,4,8,1,1,1,1,1,1
SF,IH2003,2019-11-28 09:31:51.800,2935.2000,13367,0,73954980.000,0,-,-,-,-,2935.0000,2934.6000,2933.8000,2933.4000,2933.2000,2936.0000,2939.8000,2940.4000,2944.2000,2944.8000,1,1,4,8,1,1,1,1,1,1
SF,IH2003,2019-11-28 09:31:52.300,2935.2000,13367,0,73954980.000,0,-,-,-,-,2935.0000,2934.6000,2933.8000,2933.4000,2933.2000,2936.0000,2939.8000,2940.4000,2944.2000,2944.8000,1,1,4,8,1,1,1,1,1,1
SF,IH2003,2019-11-28 09:31:52.800,2936.0000,13367,0,74835780.000,1,0,1,多换,S,2935.0000,2934.6000,2933.8000,2933.4000,2933.2000,2938.0000,2939.8000,2940.4000,2944.2000,2944.8000,1,1,4,8,1,1,1,1,1,1
SF,IH2003,2019-11-28 09:31:53.300,2936.0000,13367,0,74835780.000,0,-,-,-,-,2935.2000,2935.0000,2933.8000,2933.4000,2933.2000,2936.6000,2937.2000,2937.6000,2937.8000,2938.0000,3,1,4,8,1,3,1,10,10,1
SF,IH2003,2019-11-28 09:31:53.800,2936.0000,13367,0,74835780.000,0,-,-,-,-,2935.4000,2935.2000,2935.0000,2933.8000,2933.4000,2936.4000,2937.2000,2937.6000,2937.8000,2938.0000,1,1,1,4,8,6,1,7,9,1
SF,IH2003,2019-11-28 09:31:54.300,2935.4000,13367,0,75716400.000,1,0,1,多换,S,2935.2000,2935.0000,2933.8000,2933.4000,2933.2000,2936.2000,2936.4000,2937.2000,2937.6000,2937.8000,1,1,4,8,1,2,8,1,7,9
SF,IH2003,2019-11-28 09:31:54.800,2935.4000,13367,0,75716400.000,0,-,-,-,-,2935.0000,2933.8000,2933.4000,2933.2000,2932.6000,2936.0000,2936.2000,2936.4000,2937.2000,2937.6000,1,4,8,1,1,1,2,8,1,7
SF,IH2003,2019-11-28 09:31:55.300,2935.4000,13367,0,75716400.000,0,-,-,-,-,2935.0000,2933.8000,2933.4000,2933.2000,2932.6000,2936.0000,2936.2000,2936.4000,2937.2000,2937.6000,1,4,8,1,2,1,1,8,1,7
SF,IH2003,2019-11-28 09:31:57.300,2935.4000,13367,0,75716400.000,0,-,-,-,-,2935.0000,2933.8000,2933.4000,2933.2000,2932.6000,2935.8000,2936.0000,2936.2000,2936.4000,2937.2000,1,4,8,1,2,1,1,1,8,1
SF,IH2003,2019-11-28 09:31:57.800,2935.4000,13367,0,75716400.000,0,-,-,-,-,2935.0000,2933.8000,2933.4000,2933.2000,2932.6000,2936.0000,2936.2000,2936.4000,2937.2000,2937.6000,1,4,8,1,2,1,1,8,1,7
SF,IH2003,2019-11-28 09:31:58.300,2935.0000,13366,-1,76596900.000,1,0,1,双平,S,2933.8000,2933.4000,2933.2000,2932.6000,2932.2000,2935.8000,2936.0000,2936.2000,2936.4000,2937.2000,4,8,1,2,1,1,1,1,8,1
SF,IH2003,2019-11-28 09:31:58.800,2935.0000,13366,0,76596900.000,0,-,-,-,-,2934.0000,2933.8000,2933.4000,2933.2000,2932.6000,2935.0000,2935.6000,2936.0000,2936.4000,2937.2000,8,4,4,1,2,1,1,1,8,1
SF,IH2003,2019-11-28 09:31:59.300,2935.0000,13366,0,76596900.000,0,-,-,-,-,2934.0000,2933.8000,2933.4000,2933.2000,2932.6000,2936.0000,2936.4000,2937.2000,2937.6000,2937.8000,2,4,4,1,2,1,8,1,7,8
SF,IH2003,2019-11-28 09:31:59.800,2935.0000,13366,0,76596900.000,0,-,-,-,-,2934.2000,2934.0000,2933.8000,2933.4000,2933.2000,2935.6000,2935.8000,2936.0000,2936.4000,2937.2000,1,2,4,4,1,3,8,1,5,1
SF,IH2003,2019-11-28 09:32:00.300,2935.0000,13366,0,76596900.000,0,-,-,-,-,2934.2000,2934.0000,2933.8000,2933.4000,2933.2000,2935.4000,2935.6000,2935.8000,2936.0000,2936.4000,1,1,4,4,1,2,3,7,1,5
SF,IH2003,2019-11-28 09:32:01.300,2935.0000,13366,0,76596900.000,0,-,-,-,-,2934.2000,2934.0000,2933.8000,2933.4000,2933.2000,2935.2000,2935.4000,2935.8000,2936.0000,2936.4000,1,1,2,4,1,4,2,6,1,5
SF,IH2003,2019-11-28 09:32:01.800,2934.2000,13365,-1,77477160.000,1,0,1,双平,S,2933.4000,2933.2000,2932.6000,2932.2000,2932.0000,2934.2000,2935.0000,2935.2000,2935.4000,2935.8000,4,1,2,1,2,3,3,5,1,5
SF,IH2003,2019-11-28 09:32:02.300,2933.2000,13363,-2,79237080.000,2,0,2,双平,S,2932.6000,2932.2000,2932.0000,2931.2000,2931.0000,2933.2000,2934.2000,2935.0000,2935.2000,2935.4000,2,1,2,1,1,1,2,4,5,1
SF,IH2003,2019-11-28 09:32:02.800,2933.2000,13362,-1,80117040.000,1,0,1,双平,S,2933.2000,2932.8000,2932.6000,2932.2000,2932.0000,2934.2000,2935.0000,2935.2000,2935.4000,2935.8000,6,6,2,1,2,1,4,5,1,5
SF,IH2003,2019-11-28 09:32:03.300,2933.2000,13360,-2,81876960.000,2,0,2,双平,S,2933.2000,2932.8000,2932.6000,2932.2000,2932.0000,2934.2000,2935.0000,2935.2000,2935.4000,2935.8000,4,5,2,1,2,1,4,5,1,5
SF,IH2003,2019-11-28 09:32:03.800,2933.2000,13360,0,81876960.000,0,-,-,-,-,2933.2000,2932.8000,2932.6000,2932.2000,2932.0000,2934.0000,2934.2000,2935.0000,2935.2000,2935.4000,3,1,1,1,2,2,1,4,5,1
SF,IH2003,2019-11-28 09:32:04.800,2933.2000,13360,0,81876960.000,0,-,-,-,-,2933.2000,2932.8000,2932.6000,2932.2000,2932.0000,2934.0000,2934.2000,2935.0000,2935.2000,2935.4000,3,1,1,1,2,1,1,4,5,1
SF,IH2003,2019-11-28 09:32:05.300,2933.2000,13360,0,81876960.000,0,-,-,-,-,2933.2000,2932.8000,2932.6000,2932.2000,2932.0000,2934.0000,2934.2000,2935.0000,2935.2000,2935.4000,2,1,1,1,2,1,1,4,5,1
SF,IH2003,2019-11-28 09:32:07.800,2934.0000,13359,-1,82757160.000,1,0,1,双平,S,2933.2000,2932.8000,2932.6000,2932.2000,2932.0000,2934.2000,2935.0000,2935.2000,2935.4000,2935.8000,2,1,1,1,2,1,4,5,1,5
SF,IH2003,2019-11-28 09:32:08.300,2934.2000,13358,-1,83637420.000,1,0,1,双平,S,2934.0000,2933.4000,2933.2000,2932.6000,2932.2000,2935.0000,2935.2000,2935.4000,2935.8000,2937.6000,1,1,2,1,1,4,5,1,5,6
SF,IH2003,2019-11-28 09:32:08.800,2935.0000,13357,-1,84517920.000,1,0,1,双平,S,2934.2000,2934.0000,2933.4000,2933.2000,2932.6000,2935.2000,2935.4000,2935.8000,2937.6000,2937.8000,1,1,4,2,1,5,1,5,6,3
SF,IH2003,2019-11-28 09:32:09.300,2935.0000,13357,0,84517920.000,0,-,-,-,-,2934.2000,2934.0000,2933.4000,2933.2000,2932.6000,2935.4000,2935.8000,2937.6000,2937.8000,2938.0000,1,1,4,2,1,1,4,6,3,1
SF,IH2003,2019-11-28 09:32:09.800,2935.0000,13357,0,84517920.000,0,-,-,-,-,2934.4000,2934.2000,2934.0000,2933.4000,2933.2000,2935.4000,2935.8000,2937.6000,2937.8000,2938.0000,1,1,1,4,2,1,4,6,3,1
SF,IH2003,2019-11-28 09:32:11.300,2934.2000,13355,-2,86278500.000,2,0,2,双平,S,2934.0000,2933.4000,2933.2000,2932.6000,2932.2000,2935.2000,2935.4000,2935.8000,2937.6000,2937.8000,1,4,2,1,1,3,1,4,6,3
SF,IH2003,2019-11-28 09:32:11.800,2934.2000,13355,0,86278500.000,0,-,-,-,-,2933.4000,2933.2000,2932.6000,2932.2000,2932.0000,2935.0000,2935.2000,2935.4000,2935.8000,2937.6000,4,2,1,1,2,1,5,1,4,6
SF,IH2003,2019-11-28 09:32:12.300,2934.2000,13355,0,86278500.000,0,-,-,-,-,2933.6000,2933.4000,2933.2000,2932.6000,2932.2000,2934.8000,2935.0000,2935.2000,2935.4000,2935.8000,1,2,2,1,1,2,3,4,1,4
SF,IH2003,2019-11-28 09:32:12.800,2934.2000,13355,0,86278500.000,0,-,-,-,-,2933.6000,2933.4000,2933.2000,2932.6000,2932.2000,2934.8000,2935.0000,2935.2000,2935.4000,2935.8000,1,2,2,1,1,2,2,4,1,4
SF,IH2003,2019-11-28 09:32:13.300,2934.2000,13355,0,86278500.000,0,-,-,-,-,2933.6000,2933.4000,2933.2000,2932.6000,2932.2000,2934.8000,2935.2000,2935.4000,2935.8000,2937.6000,1,2,2,1,1,1,4,1,4,6
SF,IH2003,2019-11-28 09:32:13.800,2934.2000,13355,0,86278500.000,0,-,-,-,-,2933.6000,2933.4000,2933.2000,2932.6000,2932.2000,2934.6000,2934.8000,2935.2000,2935.4000,2935.8000,1,2,2,1,1,1,1,4,1,4
SF,IH2003,2019-11-28 09:32:17.800,2934.2000,13355,0,86278500.000,0,-,-,-,-,2933.6000,2933.4000,2933.2000,2932.6000,2932.2000,2934.6000,2934.8000,2935.2000,2935.4000,2935.8000,1,2,2,1,1,1,1,3,1,4
SF,IH2003,2019-11-28 09:32:18.300,2934.6000,13353,-2,88039260.000,2,0,2,双平,S,2933.6000,2933.4000,2933.2000,2932.6000,2932.2000,2934.8000,2935.2000,2935.4000,2935.8000,2937.6000,1,2,2,1,1,1,3,1,4,6
SF,IH2003,2019-11-28 09:32:18.800,2934.6000,13353,0,88039260.000,0,-,-,-,-,2933.6000,2933.4000,2933.2000,2932.6000,2932.2000,2934.6000,2934.8000,2935.2000,2935.4000,2935.8000,1,2,2,1,1,1,1,3,1,4
SF,IH2003,2019-11-28 09:32:19.800,2934.6000,13353,0,88039260.000,0,-,-,-,-,2933.8000,2933.6000,2933.4000,2933.2000,2932.6000,2934.6000,2934.8000,2935.2000,2935.4000,2935.8000,2,1,2,2,1,1,1,3,1,4
SF,IH2003,2019-11-28 09:32:20.300,2934.6000,13353,0,88039260.000,0,-,-,-,-,2933.8000,2933.6000,2933.4000,2933.2000,2932.6000,2934.6000,2935.2000,2935.4000,2935.8000,2937.6000,3,1,2,2,1,1,3,1,4,6
SF,IH2003,2019-11-28 09:32:20.800,2934.6000,13353,0,88039260.000,0,-,-,-,-,2933.8000,2933.6000,2933.4000,2933.2000,2932.6000,2934.6000,2935.2000,2935.4000,2935.8000,2937.6000,3,1,2,2,1,1,3,1,4,6
SF,IH2003,2019-11-28 09:32:21.300,2934.6000,13353,0,88039260.000,0,-,-,-,-,2933.8000,2933.6000,2933.4000,2933.2000,2932.6000,2934.6000,2935.2000,2935.4000,2935.8000,2937.6000,2,1,2,2,1,1,3,1,4,6
SF,IH2003,2019-11-28 09:32:22.300,2934.6000,13353,0,88039260.000,0,-,-,-,-,2933.6000,2933.4000,2933.2000,2932.6000,2932.2000,2934.6000,2935.2000,2935.4000,2935.8000,2937.6000,1,2,2,1,1,1,3,1,4,6
SF,IH2003,2019-11-28 09:32:22.800,2934.6000,13352,-1,88919640.000,1,0,1,双平,S,2934.6000,2933.6000,2933.4000,2933.2000,2932.6000,2935.2000,2935.4000,2935.8000,2937.6000,2937.8000,7,1,2,2,1,3,1,4,6,3
SF,IH2003,2019-11-28 09:32:23.300,2934.6000,13346,-6,95082300.000,7,0,7,多平,S,2933.4000,2933.2000,2932.6000,2932.2000,2932.0000,2934.4000,2934.6000,2935.0000,2935.2000,2935.4000,2,2,1,1,2,2,4,4,3,1
SF,IH2003,2019-11-28 09:32:23.800,2934.4000,13346,0,97722660.000,3,1,2,多换,S,2933.2000,2932.6000,2932.2000,2932.0000,2931.2000,2934.4000,2934.6000,2935.0000,2935.2000,2935.4000,2,1,1,2,1,1,2,3,3,1
SF,IH2003,2019-11-28 09:32:24.300,2934.4000,13346,0,97722660.000,0,-,-,-,-,2933.2000,2932.6000,2932.2000,2932.0000,2931.2000,2934.2000,2934.4000,2934.6000,2935.0000,2935.2000,2,1,1,2,1,1,1,2,3,3
SF,IH2003,2019-11-28 09:32:25.300,2934.4000,13346,0,97722660.000,0,-,-,-,-,2933.4000,2933.2000,2933.0000,2932.6000,2932.2000,2934.6000,2935.0000,2935.2000,2935.4000,2935.8000,3,2,1,1,1,2,3,3,1,2
SF,IH2003,2019-11-28 09:32:25.800,2934.4000,13346,0,97722660.000,0,-,-,-,-,2933.4000,2933.2000,2932.6000,2932.2000,2932.0000,2934.4000,2934.6000,2935.0000,2935.2000,2935.4000,2,2,1,1,2,2,2,2,3,1
SF,IH2003,2019-11-28 09:32:26.300,2934.4000,13346,0,97722660.000,0,-,-,-,-,2933.4000,2933.2000,2932.6000,2932.2000,2932.0000,2934.2000,2934.4000,2934.6000,2935.0000,2935.2000,2,2,1,1,2,1,2,2,2,3
SF,IH2003,2019-11-28 09:32:26.800,2934.4000,13346,0,97722660.000,0,-,-,-,-,2933.4000,2933.2000,2932.6000,2932.2000,2932.0000,2934.2000,2934.6000,2935.0000,2935.2000,2935.4000,2,2,1,1,2,1,2,2,3,1
SF,IH2003,2019-11-28 09:32:27.300,2934.4000,13346,0,97722660.000,0,-,-,-,-,2933.2000,2932.6000,2932.2000,2932.0000,2931.2000,2934.2000,2934.6000,2935.0000,2935.2000,2935.4000,2,1,1,2,1,1,2,2,3,1
SF,IH2003,2019-11-28 09:32:30.300,2934.4000,13346,0,97722660.000,0,-,-,-,-,2933.2000,2932.6000,2932.2000,2932.0000,2931.2000,2934.2000,2935.0000,2935.2000,2935.4000,2935.8000,2,1,1,2,1,1,2,3,1,2
SF,IH2003,2019-11-28 09:32:36.800,2934.4000,13346,0,97722660.000,0,-,-,-,-,2933.4000,2933.2000,2932.6000,2932.2000,2932.0000,2934.2000,2935.0000,2935.2000,2935.4000,2935.8000,1,2,1,1,2,1,2,3,1,2
SF,IH2003,2019-11-28 09:32:38.800,2934.4000,13346,0,98602980.000,1,0,1,多换,S,2933.4000,2933.2000,2932.6000,2932.2000,2932.0000,2935.0000,2935.2000,2935.4000,2935.8000,2937.6000,1,2,1,1,2,2,3,1,2,6
SF,IH2003,2019-11-28 09:32:39.300,2934.4000,13346,0,98602980.000,0,-,-,-,-,2933.4000,2933.2000,2932.6000,2932.2000,2932.0000,2934.8000,2935.0000,2935.2000,2935.4000,2935.8000,1,2,1,1,2,7,2,3,1,2
SF,IH2003,2019-11-28 09:32:39.800,2934.4000,13346,0,98602980.000,0,-,-,-,-,2933.4000,2933.2000,2932.6000,2932.2000,2932.0000,2934.6000,2934.8000,2935.0000,2935.2000,2935.4000,1,2,1,1,2,1,7,1,3,1
SF,IH2003,2019-11-28 09:32:40.300,2934.6000,13346,0,99483360.000,1,0,1,多换,S,2933.4000,2933.2000,2932.6000,2932.2000,2932.0000,2934.8000,2935.0000,2935.2000,2935.4000,2935.8000,1,2,1,1,2,6,1,3,1,2
SF,IH2003,2019-11-28 09:32:40.800,2934.6000,13346,0,99483360.000,0,-,-,-,-,2933.4000,2933.2000,2932.6000,2932.2000,2932.0000,2934.6000,2934.8000,2935.0000,2935.2000,2935.4000,1,2,1,1,2,3,6,1,3,1
SF,IH2003,2019-11-28 09:32:41.800,2934.6000,13346,0,99483360.000,0,-,-,-,-,2933.4000,2933.2000,2932.6000,2932.2000,2932.0000,2934.6000,2934.8000,2935.0000,2935.2000,2935.4000,1,2,1,1,2,2,4,1,3,1
SF,IH2003,2019-11-28 09:32:42.300,2934.6000,13346,0,99483360.000,0,-,-,-,-,2933.6000,2933.4000,2933.2000,2932.6000,2932.2000,2934.6000,2934.8000,2935.0000,2935.4000,2935.8000,8,1,2,1,1,1,1,1,1,2
SF,IH2003,2019-11-28 09:32:42.800,2934.6000,13344,-2,101244120.000,2,0,2,双平,S,2933.6000,2933.4000,2933.2000,2932.6000,2932.2000,2934.8000,2935.0000,2935.4000,2935.8000,2937.6000,8,1,2,1,1,1,1,1,2,6
SF,IH2003,2019-11-28 09:32:43.300,2934.8000,13343,-1,102124560.000,1,0,1,双平,S,2933.6000,2933.4000,2933.2000,2932.6000,2932.2000,2935.0000,2935.4000,2935.8000,2937.6000,2937.8000,8,1,2,1,1,1,1,2,6,3
SF,IH2003,2019-11-28 09:32:43.800,2934.8000,13343,0,102124560.000,0,-,-,-,-,2933.6000,2933.4000,2933.2000,2932.6000,2932.2000,2935.0000,2935.4000,2935.8000,2937.6000,2937.8000,8,1,2,1,1,1,1,2,6,3
SF,IH2003,2019-11-28 09:32:48.800,2934.8000,13343,0,102124560.000,0,-,-,-,-,2933.6000,2933.2000,2932.6000,2932.2000,2932.0000,2935.0000,2935.4000,2935.8000,2937.6000,2937.8000,8,2,1,1,2,1,1,2,6,3
SF,IH2003,2019-11-28 09:32:52.800,2934.8000,13343,0,102124560.000,0,-,-,-,-,2933.6000,2933.2000,2932.6000,2932.2000,2932.0000,2934.8000,2935.0000,2935.4000,2935.8000,2937.6000,1,2,1,1,2,3,1,1,2,6
SF,IH2003,2019-11-28 09:32:53.300,2934.8000,13343,0,102124560.000,0,-,-,-,-,2933.8000,2933.6000,2933.2000,2932.6000,2932.2000,2935.0000,2935.4000,2935.8000,2937.6000,2937.8000,4,1,2,1,1,1,1,2,6,3
SF,IH2003,2019-11-28 09:32:56.800,2934.8000,13343,0,102124560.000,0,-,-,-,-,2934.0000,2933.8000,2933.6000,2933.2000,2932.6000,2935.0000,2935.4000,2935.8000,2937.6000,2937.8000,1,4,1,2,1,1,1,2,6,3
SF,IH2003,2019-11-28 09:32:57.300,2934.8000,13343,0,102124560.000,0,-,-,-,-,2934.0000,2933.6000,2933.2000,2932.6000,2932.2000,2935.0000,2935.4000,2935.8000,2937.6000,2937.8000,1,1,2,1,1,1,1,2,6,3
SF,IH2003,2019-11-28 09:32:59.800,2934.8000,13343,0,102124560.000,0,-,-,-,-,2934.0000,2933.6000,2933.2000,2932.8000,2932.6000,2935.4000,2935.8000,2937.6000,2937.8000,2938.0000,1,1,2,2,1,1,2,6,3,1
SF,IH2003,2019-11-28 09:33:00.800,2934.8000,13343,0,102124560.000,0,-,-,-,-,2934.2000,2934.0000,2933.6000,2933.2000,2932.8000,2937.6000,2937.8000,2938.0000,2939.8000,2940.4000,3,1,1,2,2,6,3,1,1,1
SF,IH2003,2019-11-28 09:33:01.300,2934.8000,13343,0,102124560.000,0,-,-,-,-,2934.2000,2934.0000,2933.2000,2932.6000,2932.2000,2937.0000,2937.2000,2937.4000,2937.6000,2938.0000,2,1,2,1,1,2,7,8,6,1
SF,IH2003,2019-11-28 09:33:01.800,2934.8000,13343,0,102124560.000,0,-,-,-,-,2934.4000,2934.2000,2934.0000,2933.2000,2932.6000,2936.6000,2936.8000,2937.0000,2937.2000,2937.4000,2,2,1,2,1,4,7,1,1,6
SF,IH2003,2019-11-28 09:33:02.300,2934.8000,13343,0,102124560.000,0,-,-,-,-,2934.4000,2934.2000,2934.0000,2933.2000,2932.6000,2936.2000,2936.4000,2936.6000,2936.8000,2937.0000,1,3,1,2,1,1,6,4,6,1
SF,IH2003,2019-11-28 09:33:02.800,2934.8000,13343,0,102124560.000,0,-,-,-,-,2934.4000,2934.2000,2934.0000,2933.2000,2932.6000,2935.8000,2936.0000,2936.2000,2936.4000,2936.6000,1,1,1,2,1,3,6,1,4,1
SF,IH2003,2019-11-28 09:33:03.300,2935.6000,13342,-1,103005240.000,1,0,1,双平,S,2934.2000,2934.0000,2933.2000,2932.6000,2932.2000,2935.6000,2936.0000,2936.2000,2936.4000,2936.6000,1,1,2,1,1,3,5,1,2,1
SF,IH2003,2019-11-28 09:33:03.800,2935.6000,13342,0,103005240.000,0,-,-,-,-,2934.2000,2934.0000,2933.2000,2932.6000,2932.2000,2935.6000,2936.0000,2936.4000,2936.6000,2936.8000,1,1,2,1,1,4,4,2,1,1
SF,IH2003,2019-11-28 09:33:06.800,2935.6000,13342,0,103005240.000,0,-,-,-,-,2934.4000,2934.2000,2934.0000,2933.2000,2932.8000,2935.6000,2936.0000,2936.4000,2936.6000,2936.8000,1,1,1,2,2,2,2,2,1,1
SF,IH2003,2019-11-28 09:33:07.300,2935.6000,13342,0,103005240.000,0,-,-,-,-,2934.6000,2934.2000,2934.0000,2933.2000,2932.8000,2935.6000,2936.0000,2936.4000,2936.6000,2936.8000,1,1,1,2,2,2,2,2,1,1
SF,IH2003,2019-11-28 09:33:07.800,2935.6000,13342,0,103005240.000,0,-,-,-,-,2935.6000,2934.6000,2934.2000,2933.2000,2932.8000,2936.0000,2936.4000,2936.6000,2937.4000,2937.6000,1,1,1,2,2,2,2,1,1,5
SF,IH2003,2019-11-28 09:33:08.300,2935.6000,13342,0,103885920.000,1,0,1,多换,S,2934.6000,2934.2000,2933.2000,2932.8000,2932.6000,2935.6000,2936.0000,2936.4000,2936.6000,2937.4000,1,1,2,2,1,6,2,2,1,1
SF,IH2003,2019-11-28 09:33:08.800,2935.6000,13342,0,103885920.000,0,-,-,-,-,2934.6000,2934.2000,2933.2000,2932.8000,2932.6000,2935.6000,2936.0000,2936.4000,2936.6000,2937.4000,1,1,2,2,1,10,2,2,1,1
SF,IH2003,2019-11-28 09:33:09.300,2935.6000,13342,0,103885920.000,0,-,-,-,-,2934.6000,2934.2000,2933.2000,2932.8000,2932.6000,2935.6000,2936.0000,2936.4000,2936.6000,2937.4000,1,1,2,2,1,7,2,2,1,1
SF,IH2003,2019-11-28 09:33:09.800,2935.6000,13342,0,104766600.000,1,0,1,多换,S,2934.6000,2934.2000,2933.2000,2932.8000,2932.6000,2935.6000,2936.0000,2936.4000,2936.6000,2937.4000,1,1,2,2,1,6,2,2,1,1
SF,IH2003,2019-11-28 09:33:11.800,2935.6000,13342,0,104766600.000,0,-,-,-,-,2935.0000,2934.6000,2934.2000,2933.2000,2932.8000,2935.6000,2936.0000,2936.4000,2936.6000,2937.4000,1,1,1,2,2,5,2,2,1,1
SF,IH2003,2019-11-28 09:33:12.300,2935.6000,13342,0,104766600.000,0,-,-,-,-,2935.0000,2934.6000,2934.2000,2932.8000,2932.6000,2935.6000,2936.0000,2936.4000,2936.6000,2937.4000,1,1,1,2,1,4,2,2,1,1
SF,IH2003,2019-11-28 09:33:14.300,2935.0000,13341,-1,105647100.000,1,0,1,双平,S,2934.6000,2934.2000,2932.8000,2932.6000,2932.2000,2935.6000,2936.0000,2936.4000,2936.6000,2937.4000,1,1,2,1,1,3,2,2,1,1
SF,IH2003,2019-11-28 09:33:15.300,2935.0000,13341,0,105647100.000,0,-,-,-,-,2934.6000,2934.2000,2932.8000,2932.6000,2932.2000,2935.4000,2935.6000,2936.0000,2936.4000,2936.6000,1,1,2,1,1,1,3,2,2,1
SF,IH2003,2019-11-28 09:33:15.800,2935.0000,13341,0,105647100.000,0,-,-,-,-,2934.6000,2934.2000,2932.8000,2932.6000,2932.2000,2935.6000,2936.0000,2936.4000,2936.6000,2937.4000,1,1,2,1,1,3,2,2,1,1
SF,IH2003,2019-11-28 09:33:16.300,2935.0000,13341,0,105647100.000,0,-,-,-,-,2934.6000,2934.2000,2932.8000,2932.6000,2932.2000,2935.4000,2935.6000,2936.0000,2936.4000,2936.6000,1,1,2,1,1,1,3,2,2,1
SF,IH2003,2019-11-28 09:33:16.800,2935.0000,13341,0,105647100.000,0,-,-,-,-,2934.6000,2934.2000,2932.8000,2932.6000,2932.2000,2935.6000,2936.0000,2936.4000,2936.6000,2937.4000,1,1,2,1,1,3,2,2,1,1
SF,IH2003,2019-11-28 09:33:22.800,2935.0000,13341,0,105647100.000,0,-,-,-,-,2934.6000,2934.2000,2932.8000,2932.6000,2932.2000,2935.4000,2935.6000,2936.0000,2936.4000,2936.6000,1,1,2,1,1,3,3,2,2,1
SF,IH2003,2019-11-28 09:33:23.300,2935.0000,13341,0,105647100.000,0,-,-,-,-,2934.2000,2932.6000,2932.2000,2932.0000,2931.2000,2935.4000,2935.6000,2936.0000,2936.4000,2936.6000,1,1,1,2,1,3,3,2,2,1
SF,IH2003,2019-11-28 09:33:24.300,2935.0000,13341,0,105647100.000,0,-,-,-,-,2934.2000,2932.6000,2932.2000,2932.0000,2931.2000,2935.2000,2935.4000,2935.6000,2936.0000,2936.4000,1,1,1,2,1,2,3,3,2,2
SF,IH2003,2019-11-28 09:33:24.800,2935.0000,13341,0,105647100.000,0,-,-,-,-,2934.2000,2932.6000,2932.2000,2932.0000,2931.2000,2935.2000,2935.4000,2935.6000,2936.0000,2936.4000,1,1,1,2,1,2,2,3,2,2
SF,IH2003,2019-11-28 09:33:30.800,2935.0000,13341,0,105647100.000,0,-,-,-,-,2934.2000,2932.6000,2932.2000,2932.0000,2931.2000,2935.6000,2936.0000,2936.4000,2936.6000,2937.4000,1,1,1,2,1,3,2,2,1,1
SF,IH2003,2019-11-28 09:33:31.300,2935.0000,13341,0,105647100.000,0,-,-,-,-,2934.4000,2934.2000,2932.6000,2932.2000,2932.0000,2935.4000,2935.6000,2936.0000,2936.4000,2936.6000,1,1,1,1,2,1,3,2,2,1
SF,IH2003,2019-11-28 09:33:34.800,2935.0000,13341,0,105647100.000,0,-,-,-,-,2934.4000,2934.2000,2932.6000,2932.2000,2932.0000,2935.4000,2935.6000,2936.0000,2936.4000,2936.6000,1,1,1,1,2,1,3,2,2,1
SF,IH2003,2019-11-28 09:33:36.800,2935.0000,13341,0,105647100.000,0,-,-,-,-,2934.4000,2934.2000,2932.6000,2932.2000,2932.0000,2935.4000,2935.6000,2936.0000,2936.4000,2936.6000,1,1,1,1,2,1,3,2,2,1
SF,IH2003,2019-11-28 09:33:37.300,2935.0000,13341,0,105647100.000,0,-,-,-,-,2934.2000,2932.6000,2932.2000,2932.0000,2931.2000,2935.4000,2935.6000,2936.0000,2936.4000,2936.6000,1,1,1,2,1,1,3,2,2,1
SF,IH2003,2019-11-28 09:33:37.800,2935.0000,13341,0,105647100.000,0,-,-,-,-,2934.2000,2932.6000,2932.2000,2932.0000,2931.2000,2935.2000,2935.4000,2935.6000,2936.0000,2936.4000,1,1,1,2,1,2,1,3,2,2
SF,IH2003,2019-11-28 09:33:38.300,2935.0000,13341,0,105647100.000,0,-,-,-,-,2932.6000,2932.2000,2932.0000,2931.2000,2931.0000,2935.2000,2935.6000,2936.0000,2936.4000,2936.6000,1,1,2,1,1,2,3,2,2,1
SF,IH2003,2019-11-28 09:33:38.800,2935.0000,13341,0,105647100.000,0,-,-,-,-,2933.2000,2933.0000,2932.8000,2932.6000,2932.4000,2935.0000,2935.6000,2936.0000,2936.4000,2936.6000,6,10,7,1,2,2,3,2,2,1
SF,IH2003,2019-11-28 09:33:39.300,2935.0000,13341,0,106527600.000,1,0,1,多换,S,2935.2000,2933.6000,2933.4000,2933.2000,2933.0000,2935.6000,2936.0000,2936.4000,2936.6000,2937.4000,1,8,7,6,3,3,2,2,1,1
SF,IH2003,2019-11-28 09:33:39.800,2935.2000,13341,0,107408160.000,1,0,1,多换,S,2933.6000,2933.4000,2933.2000,2933.0000,2932.8000,2935.2000,2935.4000,2936.0000,2936.4000,2936.6000,8,5,6,3,3,2,1,2,2,1
SF,IH2003,2019-11-28 09:33:40.300,2935.2000,13341,0,107408160.000,0,-,-,-,-,2933.8000,2933.6000,2933.4000,2933.2000,2933.0000,2935.2000,2935.4000,2936.0000,2936.4000,2936.6000,5,8,5,6,3,1,1,2,2,1
SF,IH2003,2019-11-28 09:33:40.800,2935.2000,13341,0,107408160.000,0,-,-,-,-,2934.0000,2933.8000,2933.6000,2933.4000,2933.2000,2935.2000,2935.4000,2936.0000,2936.4000,2936.6000,4,5,4,5,6,1,1,2,2,1
SF,IH2003,2019-11-28 09:33:41.300,2935.2000,13341,0,107408160.000,0,-,-,-,-,2934.2000,2934.0000,2933.8000,2933.6000,2933.4000,2935.2000,2935.4000,2936.0000,2936.4000,2936.6000,1,4,4,4,5,1,1,2,2,1
SF,IH2003,2019-11-28 09:33:41.800,2935.2000,13341,0,107408160.000,0,-,-,-,-,2934.0000,2933.8000,2933.6000,2933.4000,2933.2000,2935.2000,2935.4000,2936.0000,2936.4000,2936.6000,4,4,4,5,6,1,1,2,2,1
SF,IH2003,2019-11-28 09:33:42.300,2935.2000,13341,0,107408160.000,0,-,-,-,-,2933.8000,2933.6000,2933.4000,2933.2000,2933.0000,2935.2000,2935.4000,2936.0000,2936.4000,2936.6000,3,2,5,6,3,1,1,2,2,1
SF,IH2003,2019-11-28 09:33:42.800,2935.2000,13341,0,107408160.000,0,-,-,-,-,2934.2000,2934.0000,2933.8000,2933.6000,2933.4000,2935.2000,2935.4000,2936.0000,2936.4000,2936.6000,6,3,3,1,3,1,1,2,2,1
SF,IH2003,2019-11-28 09:33:43.300,2935.2000,13341,0,107408160.000,0,-,-,-,-,2934.0000,2933.8000,2933.6000,2933.4000,2933.2000,2935.2000,2935.4000,2936.0000,2936.4000,2936.6000,1,3,1,3,6,1,1,2,2,1
SF,IH2003,2019-11-28 09:33:43.800,2935.2000,13341,0,107408160.000,0,-,-,-,-,2934.0000,2933.8000,2933.6000,2933.4000,2933.2000,2935.2000,2935.4000,2936.0000,2936.4000,2936.6000,1,3,1,2,6,1,1,2,2,1
SF,IH2003,2019-11-28 09:33:44.800,2935.2000,13341,0,107408160.000,0,-,-,-,-,2934.0000,2933.8000,2933.6000,2933.4000,2933.2000,2935.0000,2935.2000,2935.4000,2936.0000,2936.4000,1,3,1,2,6,1,1,1,2,2
SF,IH2003,2019-11-28 09:33:45.300,2935.2000,13341,0,108288720.000,1,0,1,多换,S,2934.0000,2933.8000,2933.6000,2933.4000,2933.2000,2935.2000,2935.4000,2936.0000,2936.4000,2936.6000,1,3,1,2,6,1,1,2,2,1
SF,IH2003,2019-11-28 09:33:45.800,2935.2000,13341,0,108288720.000,0,-,-,-,-,2934.0000,2933.8000,2933.6000,2933.4000,2933.2000,2935.2000,2936.0000,2936.4000,2936.6000,2937.4000,1,3,1,2,6,1,2,2,1,1
SF,IH2003,2019-11-28 09:33:46.300,2935.2000,13341,0,108288720.000,0,-,-,-,-,2934.2000,2934.0000,2933.8000,2933.6000,2933.4000,2935.0000,2935.2000,2936.0000,2936.4000,2936.6000,1,1,3,1,2,1,1,2,2,1
SF,IH2003,2019-11-28 09:33:46.800,2935.2000,13341,0,109169280.000,1,0,1,多换,S,2934.0000,2933.8000,2933.6000,2933.4000,2933.2000,2934.8000,2935.2000,2936.0000,2936.4000,2936.6000,1,3,1,2,6,1,1,2,2,1
SF,IH2003,2019-11-28 09:33:47.300,2934.8000,13340,-1,110049720.000,1,0,1,双平,S,2934.0000,2933.8000,2933.6000,2933.4000,2933.2000,2935.2000,2936.0000,2936.4000,2936.6000,2937.4000,1,3,1,2,6,1,2,2,1,1
SF,IH2003,2019-11-28 09:33:47.800,2934.8000,13340,0,110049720.000,0,-,-,-,-,2934.2000,2934.0000,2933.8000,2933.6000,2933.4000,2935.0000,2935.2000,2936.0000,2936.4000,2936.6000,8,1,3,1,2,1,1,2,2,1
SF,IH2003,2019-11-28 09:33:48.300,2935.0000,13340,0,110930220.000,1,0,1,多换,S,2934.2000,2934.0000,2933.8000,2933.6000,2933.4000,2935.2000,2936.0000,2936.4000,2936.6000,2937.4000,4,1,3,1,2,1,2,2,1,1
SF,IH2003,2019-11-28 09:33:48.800,2935.0000,13340,0,110930220.000,0,-,-,-,-,2934.2000,2934.0000,2933.8000,2933.6000,2933.4000,2935.0000,2935.2000,2936.0000,2936.4000,2936.6000,1,1,3,1,2,1,1,2,2,1
SF,IH2003,2019-11-28 09:33:51.800,2935.0000,13340,0,110930220.000,0,-,-,-,-,2934.0000,2933.8000,2933.6000,2933.4000,2933.2000,2935.0000,2935.2000,2936.0000,2936.4000,2936.6000,1,3,1,2,6,1,1,2,2,1
SF,IH2003,2019-11-28 09:33:52.300,2935.0000,13340,0,110930220.000,0,-,-,-,-,2934.4000,2934.2000,2934.0000,2933.8000,2933.4000,2935.0000,2935.2000,2936.0000,2936.4000,2936.6000,4,4,1,3,2,1,1,2,2,1
SF,IH2003,2019-11-28 09:33:52.800,2935.0000,13340,0,110930220.000,0,-,-,-,-,2934.2000,2934.0000,2933.8000,2933.4000,2933.0000,2935.0000,2935.2000,2936.0000,2936.4000,2936.6000,2,1,3,2,2,1,1,2,2,1
SF,IH2003,2019-11-28 09:33:55.800,2935.0000,13340,0,110930220.000,0,-,-,-,-,2934.0000,2933.8000,2933.4000,2933.0000,2932.8000,2935.0000,2935.2000,2936.0000,2936.4000,2936.6000,1,3,2,2,1,1,1,2,2,1
SF,IH2003,2019-11-28 09:33:57.300,2935.0000,13340,0,110930220.000,0,-,-,-,-,2934.2000,2934.0000,2933.8000,2933.4000,2933.0000,2935.0000,2935.2000,2936.0000,2936.4000,2936.6000,6,1,3,2,2,1,1,2,2,1
SF,IH2003,2019-11-28 09:33:57.800,2935.0000,13340,0,111810720.000,1,0,1,多换,S,2934.2000,2933.8000,2933.4000,2933.0000,2932.8000,2935.0000,2935.2000,2936.0000,2936.4000,2936.6000,2,3,2,2,1,1,1,2,2,1
SF,IH2003,2019-11-28 09:33:58.300,2935.0000,13340,0,111810720.000,0,-,-,-,-,2933.8000,2933.4000,2933.0000,2932.8000,2932.6000,2934.2000,2935.0000,2935.2000,2936.0000,2936.4000,2,2,2,1,1,2,1,1,2,2
SF,IH2003,2019-11-28 09:33:58.800,2934.4000,13340,0,112691040.000,1,0,1,多换,S,2934.4000,2933.8000,2933.4000,2933.0000,2932.8000,2935.2000,2936.0000,2936.4000,2936.6000,2937.4000,1,2,2,2,1,1,2,2,1,1
SF,IH2003,2019-11-28 09:33:59.300,2934.4000,13340,0,113571360.000,1,0,1,多换,S,2933.8000,2933.4000,2933.0000,2932.8000,2932.6000,2935.0000,2935.2000,2936.0000,2936.4000,2936.6000,2,1,2,1,1,4,1,2,2,1
SF,IH2003,2019-11-28 09:34:01.300,2934.4000,13340,0,113571360.000,0,-,-,-,-,2933.0000,2932.6000,2932.2000,2932.0000,2931.2000,2934.8000,2935.0000,2935.2000,2936.0000,2936.4000,1,1,1,2,1,1,4,1,2,2
SF,IH2003,2019-11-28 09:34:01.800,2934.4000,13340,0,113571360.000,0,-,-,-,-,2933.4000,2933.2000,2933.0000,2932.6000,2932.2000,2934.6000,2934.8000,2935.0000,2935.2000,2936.0000,4,6,2,1,1,1,1,2,1,2
SF,IH2003,2019-11-28 09:34:02.300,2934.4000,13340,0,113571360.000,0,-,-,-,-,2933.2000,2933.0000,2932.6000,2932.2000,2932.0000,2934.4000,2934.6000,2934.8000,2935.0000,2935.2000,4,2,1,1,2,1,1,1,2,1
SF,IH2003,2019-11-28 09:34:02.800,2934.4000,13340,0,113571360.000,0,-,-,-,-,2933.4000,2933.2000,2933.0000,2932.6000,2932.2000,2934.4000,2934.6000,2935.0000,2935.2000,2936.0000,2,4,2,1,1,1,1,2,1,2
SF,IH2003,2019-11-28 09:34:03.300,2934.4000,13340,0,113571360.000,0,-,-,-,-,2933.4000,2933.2000,2933.0000,2932.6000,2932.2000,2934.2000,2934.4000,2935.0000,2935.2000,2936.0000,2,4,2,1,1,1,1,2,1,2
SF,IH2003,2019-11-28 09:34:03.800,2934.4000,13340,0,113571360.000,0,-,-,-,-,2933.6000,2933.4000,2933.2000,2933.0000,2932.6000,2934.2000,2934.4000,2935.0000,2935.2000,2936.0000,1,2,4,2,1,1,1,2,1,2
SF,IH2003,2019-11-28 09:34:04.300,2934.4000,13340,0,113571360.000,0,-,-,-,-,2933.4000,2933.2000,2933.0000,2932.6000,2932.2000,2934.2000,2934.4000,2935.0000,2935.2000,2936.0000,1,4,1,1,1,1,1,2,1,2
SF,IH2003,2019-11-28 09:34:04.800,2934.4000,13340,0,113571360.000,0,-,-,-,-,2933.4000,2933.2000,2933.0000,2932.6000,2932.2000,2934.2000,2934.4000,2935.0000,2935.2000,2936.0000,1,3,1,1,1,1,1,2,1,2
SF,IH2003,2019-11-28 09:34:05.300,2934.4000,13339,-1,114451680.000,1,0,1,双平,S,2933.4000,2933.2000,2933.0000,2932.6000,2932.2000,2934.4000,2935.0000,2935.2000,2936.0000,2936.4000,1,3,1,1,1,1,2,1,2,2
SF,IH2003,2019-11-28 09:34:05.800,2934.4000,13339,0,114451680.000,0,-,-,-,-,2933.6000,2933.4000,2933.2000,2933.0000,2932.6000,2935.0000,2935.2000,2936.0000,2936.4000,2936.6000,1,1,3,1,1,2,1,2,2,1
SF,IH2003,2019-11-28 09:34:06.300,2934.4000,13339,0,114451680.000,0,-,-,-,-,2933.6000,2933.4000,2933.2000,2933.0000,2932.6000,2934.8000,2935.0000,2935.2000,2936.0000,2936.4000,1,1,3,1,1,2,2,1,2,2
SF,IH2003,2019-11-28 09:34:06.800,2934.4000,13339,0,114451680.000,0,-,-,-,-,2933.2000,2933.0000,2932.6000,2932.2000,2932.0000,2934.8000,2935.0000,2935.2000,2936.0000,2936.4000,3,1,1,1,2,2,2,1,2,2
SF,IH2003,2019-11-28 09:34:07.300,2934.4000,13339,0,114451680.000,0,-,-,-,-,2933.4000,2933.2000,2933.0000,2932.6000,2932.2000,2934.6000,2934.8000,2935.0000,2935.2000,2936.0000,5,3,2,1,1,1,1,2,1,2
SF,IH2003,2019-11-28 09:34:07.800,2934.4000,13339,0,114451680.000,0,-,-,-,-,2933.4000,2933.2000,2933.0000,2932.6000,2932.2000,2934.4000,2934.6000,2935.0000,2935.2000,2936.0000,5,3,2,1,1,1,1,2,1,2
SF,IH2003,2019-11-28 09:34:08.300,2934.4000,13339,0,114451680.000,0,-,-,-,-,2933.4000,2933.2000,2933.0000,2932.6000,2932.2000,2934.4000,2934.6000,2935.0000,2935.2000,2936.0000,2,3,2,1,1,1,1,2,1,2
SF,IH2003,2019-11-28 09:34:08.800,2934.4000,13339,0,114451680.000,0,-,-,-,-,2933.2000,2933.0000,2932.6000,2932.2000,2932.0000,2934.4000,2934.6000,2935.0000,2935.2000,2936.0000,3,2,1,1,2,1,1,2,1,2
SF,IH2003,2019-11-28 09:34:09.300,2934.4000,13339,0,114451680.000,0,-,-,-,-,2933.4000,2933.2000,2933.0000,2932.6000,2932.2000,2934.4000,2934.6000,2935.0000,2935.2000,2936.0000,1,3,2,1,1,1,1,2,1,2
SF,IH2003,2019-11-28 09:34:17.300,2934.4000,13339,0,114451680.000,0,-,-,-,-,2933.2000,2933.0000,2932.6000,2932.2000,2932.0000,2934.4000,2934.6000,2935.0000,2935.2000,2936.0000,3,2,1,1,2,1,1,2,1,2
SF,IH2003,2019-11-28 09:34:17.800,2934.4000,13339,0,114451680.000,0,-,-,-,-,2933.2000,2933.0000,2932.6000,2932.2000,2932.0000,2934.4000,2935.0000,2935.2000,2936.0000,2936.4000,3,2,1,1,2,1,2,1,2,2
SF,IH2003,2019-11-28 09:34:22.300,2934.4000,13339,0,114451680.000,0,-,-,-,-,2933.2000,2933.0000,2932.6000,2932.2000,2932.0000,2934.2000,2934.4000,2935.0000,2935.2000,2936.0000,3,2,1,1,2,1,1,2,1,2
SF,IH2003,2019-11-28 09:34:23.300,2934.4000,13339,0,114451680.000,0,-,-,-,-,2933.2000,2933.0000,2932.6000,2932.2000,2932.0000,2934.2000,2934.4000,2935.0000,2935.2000,2936.0000,3,1,1,1,2,1,1,2,1,2
SF,IH2003,2019-11-28 09:34:24.300,2934.4000,13339,0,114451680.000,0,-,-,-,-,2933.2000,2933.0000,2932.6000,2932.2000,2932.0000,2934.2000,2934.4000,2935.0000,2935.2000,2936.0000,3,1,1,1,2,1,1,2,1,2
SF,IH2003,2019-11-28 09:34:26.800,2934.4000,13339,0,114451680.000,0,-,-,-,-,2933.2000,2933.0000,2932.6000,2932.2000,2932.0000,2934.2000,2934.4000,2935.0000,2935.2000,2936.0000,1,1,1,1,2,1,1,2,1,2
SF,IH2003,2019-11-28 09:34:28.800,2934.4000,13339,0,114451680.000,0,-,-,-,-,2933.2000,2933.0000,2932.6000,2932.2000,2932.0000,2934.0000,2934.2000,2934.4000,2935.0000,2935.2000,1,1,1,1,2,6,1,1,2,1
SF,IH2003,2019-11-28 09:34:29.300,2934.4000,13339,0,114451680.000,0,-,-,-,-,2933.0000,2932.6000,2932.2000,2932.0000,2931.2000,2934.0000,2934.4000,2935.0000,2935.2000,2936.4000,1,1,1,2,1,6,1,2,1,2
SF,IH2003,2019-11-28 09:34:30.800,2934.4000,13339,0,114451680.000,0,-,-,-,-,2933.0000,2932.6000,2932.2000,2932.0000,2931.2000,2934.0000,2934.4000,2935.0000,2935.2000,2936.4000,1,1,1,2,1,5,1,2,1,2
SF,IH2003,2019-11-28 09:34:31.300,2934.4000,13339,0,114451680.000,0,-,-,-,-,2933.0000,2932.6000,2932.2000,2932.0000,2931.2000,2934.0000,2935.0000,2935.2000,2936.4000,2936.6000,1,1,1,2,1,5,2,1,2,1
SF,IH2003,2019-11-28 09:34:31.800,2934.4000,13339,0,114451680.000,0,-,-,-,-,2933.0000,2932.6000,2932.2000,2932.0000,2931.2000,2933.8000,2934.0000,2935.0000,2935.2000,2936.4000,1,1,1,2,1,1,2,2,1,2
SF,IH2003,2019-11-28 09:34:32.300,2934.0000,13339,0,115331880.000,1,0,1,多换,S,2933.0000,2932.6000,2932.2000,2932.0000,2931.2000,2935.0000,2935.2000,2936.4000,2936.6000,2937.4000,1,1,1,2,1,2,1,2,1,1
SF,IH2003,2019-11-28 09:34:32.800,2934.0000,13339,0,115331880.000,0,-,-,-,-,2933.2000,2933.0000,2932.6000,2932.2000,2932.0000,2934.6000,2934.8000,2935.0000,2935.2000,2936.4000,2,1,1,1,2,4,7,2,1,2
SF,IH2003,2019-11-28 09:34:33.300,2934.0000,13339,0,115331880.000,0,-,-,-,-,2933.2000,2933.0000,2932.6000,2932.2000,2932.0000,2934.4000,2934.6000,2934.8000,2935.0000,2935.2000,1,1,1,1,2,3,4,5,2,1
SF,IH2003,2019-11-28 09:34:33.800,2934.0000,13339,0,115331880.000,0,-,-,-,-,2933.2000,2933.0000,2932.6000,2932.2000,2932.0000,2934.0000,2934.4000,2934.6000,2934.8000,2935.0000,1,1,1,1,2,3,4,1,4,2
SF,IH2003,2019-11-28 09:34:34.300,2934.0000,13339,0,115331880.000,0,-,-,-,-,2933.2000,2933.0000,2932.6000,2932.2000,2932.0000,2934.4000,2934.6000,2934.8000,2935.0000,2935.2000,1,1,1,1,2,3,1,2,2,1
SF,IH2003,2019-11-28 09:34:34.800,2934.0000,13339,0,115331880.000,0,-,-,-,-,2933.2000,2933.0000,2932.6000,2932.2000,2932.0000,2934.2000,2934.4000,2934.6000,2934.8000,2935.0000,1,1,1,1,2,4,3,1,2,2
SF,IH2003,2019-11-28 09:34:35.300,2934.0000,13339,0,115331880.000,0,-,-,-,-,2933.2000,2933.0000,2932.6000,2932.2000,2932.0000,2934.2000,2934.4000,2934.6000,2934.8000,2935.0000,1,1,1,1,2,3,3,1,2,2
SF,IH2003,2019-11-28 09:34:35.800,2934.0000,13339,0,115331880.000,0,-,-,-,-,2933.4000,2933.2000,2933.0000,2932.6000,2932.2000,2934.2000,2934.4000,2934.6000,2934.8000,2935.0000,1,1,1,1,1,3,3,1,2,2
SF,IH2003,2019-11-28 09:34:36.300,2934.0000,13339,0,115331880.000,0,-,-,-,-,2933.4000,2933.2000,2933.0000,2932.6000,2932.2000,2934.2000,2934.4000,2934.6000,2934.8000,2935.0000,1,1,1,1,1,3,3,1,2,2
SF,IH2003,2019-11-28 09:34:36.800,2933.4000,13338,-1,116211900.000,1,0,1,双平,S,2933.2000,2933.0000,2932.6000,2932.2000,2932.0000,2934.0000,2934.2000,2934.4000,2934.6000,2934.8000,1,1,1,1,2,3,3,3,1,2
SF,IH2003,2019-11-28 09:34:37.300,2933.4000,13338,0,116211900.000,0,-,-,-,-,2933.2000,2933.0000,2932.6000,2932.2000,2932.0000,2934.0000,2934.2000,2934.4000,2934.6000,2934.8000,1,1,1,1,2,2,3,3,1,2
SF,IH2003,2019-11-28 09:34:39.300,2933.4000,13338,0,116211900.000,0,-,-,-,-,2933.2000,2933.0000,2932.6000,2932.2000,2932.0000,2934.0000,2934.2000,2934.4000,2934.6000,2934.8000,1,1,1,1,2,2,3,2,1,2
SF,IH2003,2019-11-28 09:34:40.300,2934.0000,13338,0,117972300.000,2,1,1,多换,S,2933.2000,2933.0000,2932.6000,2932.2000,2932.0000,2935.2000,2936.4000,2937.4000,2937.6000,2938.0000,1,1,1,1,2,1,2,1,4,1
SF,IH2003,2019-11-28 09:34:40.800,2934.0000,13338,0,117972300.000,0,-,-,-,-,2933.4000,2933.2000,2933.0000,2932.6000,2932.2000,2934.8000,2935.0000,2935.2000,2936.4000,2937.4000,2,1,1,1,1,4,4,1,2,1
SF,IH2003,2019-11-28 09:34:41.300,2934.0000,13338,0,117972300.000,0,-,-,-,-,2933.4000,2933.0000,2932.6000,2932.2000,2932.0000,2934.8000,2935.0000,2935.2000,2936.4000,2937.4000,1,1,1,1,2,4,3,1,2,1
SF,IH2003,2019-11-28 09:34:41.800,2934.0000,13338,0,117972300.000,0,-,-,-,-,2933.0000,2932.6000,2932.2000,2932.0000,2931.2000,2934.6000,2934.8000,2935.0000,2935.2000,2936.4000,1,1,1,2,1,1,4,3,1,2
SF,IH2003,2019-11-28 09:34:42.300,2934.0000,13338,0,117972300.000,0,-,-,-,-,2933.6000,2933.4000,2933.2000,2933.0000,2932.6000,2935.0000,2935.2000,2936.4000,2937.4000,2937.6000,1,3,8,1,1,3,1,2,1,4
SF,IH2003,2019-11-28 09:34:42.800,2934.0000,13338,0,117972300.000,0,-,-,-,-,2933.2000,2933.0000,2932.6000,2932.2000,2932.0000,2934.8000,2935.0000,2935.2000,2936.4000,2937.4000,6,1,1,1,2,1,3,1,2,2
SF,IH2003,2019-11-28 09:34:43.300,2934.0000,13338,0,117972300.000,0,-,-,-,-,2933.2000,2933.0000,2932.6000,2932.2000,2932.0000,2934.6000,2935.0000,2935.2000,2936.4000,2937.4000,4,1,1,1,2,1,3,1,2,2
SF,IH2003,2019-11-28 09:34:43.800,2934.0000,13338,0,117972300.000,0,-,-,-,-,2933.6000,2933.4000,2933.2000,2933.0000,2932.6000,2935.0000,2935.2000,2936.4000,2937.4000,2937.6000,3,4,3,1,1,3,1,2,2,4
SF,IH2003,2019-11-28 09:34:44.300,2934.0000,13338,0,117972300.000,0,-,-,-,-,2933.4000,2933.2000,2933.0000,2932.6000,2932.2000,2935.2000,2936.4000,2937.4000,2937.6000,2938.0000,4,2,1,1,1,1,2,2,4,1
SF,IH2003,2019-11-28 09:34:44.800,2934.0000,13338,0,117972300.000,0,-,-,-,-,2933.6000,2933.4000,2933.2000,2933.0000,2932.6000,2935.2000,2936.4000,2937.4000,2937.6000,2938.0000,4,4,2,1,1,1,2,2,4,1
SF,IH2003,2019-11-28 09:34:45.300,2934.0000,13338,0,117972300.000,0,-,-,-,-,2933.8000,2933.6000,2933.4000,2933.2000,2933.0000,2935.2000,2936.4000,2937.4000,2937.6000,2938.0000,1,4,3,2,1,1,2,2,4,1
SF,IH2003,2019-11-28 09:34:45.800,2934.0000,13338,0,117972300.000,0,-,-,-,-,2933.8000,2933.6000,2933.4000,2933.2000,2933.0000,2935.2000,2936.4000,2937.4000,2937.6000,2938.0000,1,2,3,2,1,1,2,2,4,1
SF,IH2003,2019-11-28 09:34:48.300,2934.0000,13338,0,117972300.000,0,-,-,-,-,2933.8000,2933.6000,2933.4000,2933.2000,2933.0000,2935.0000,2935.2000,2936.4000,2937.4000,2937.6000,1,2,3,2,1,1,1,2,2,4
SF,IH2003,2019-11-28 09:34:48.800,2934.0000,13338,0,117972300.000,0,-,-,-,-,2933.8000,2933.6000,2933.4000,2933.2000,2933.0000,2935.2000,2936.4000,2937.4000,2937.6000,2938.0000,1,2,3,2,1,1,2,2,4,1
SF,IH2003,2019-11-28 09:34:49.300,2934.0000,13338,0,117972300.000,0,-,-,-,-,2933.6000,2933.4000,2933.2000,2933.0000,2932.6000,2934.8000,2935.0000,2935.2000,2936.4000,2937.4000,2,2,2,1,1,3,2,1,2,2
SF,IH2003,2019-11-28 09:34:49.800,2934.0000,13338,0,117972300.000,0,-,-,-,-,2933.2000,2933.0000,2932.6000,2932.2000,2932.0000,2934.6000,2934.8000,2935.0000,2935.2000,2936.4000,2,1,1,1,2,1,3,4,1,2
SF,IH2003,2019-11-28 09:34:50.300,2934.0000,13338,0,117972300.000,0,-,-,-,-,2933.4000,2933.2000,2933.0000,2932.6000,2932.2000,2934.8000,2935.0000,2935.2000,2936.4000,2937.4000,2,2,1,1,1,3,4,1,2,2
SF,IH2003,2019-11-28 09:34:50.800,2934.0000,13338,0,117972300.000,0,-,-,-,-,2933.4000,2933.2000,2933.0000,2932.6000,2932.2000,2935.0000,2935.2000,2936.4000,2937.4000,2937.6000,2,2,1,1,1,3,1,2,2,4
SF,IH2003,2019-11-28 09:34:51.300,2934.0000,13338,0,117972300.000,0,-,-,-,-,2933.4000,2933.2000,2933.0000,2932.6000,2932.2000,2934.8000,2935.0000,2935.2000,2936.4000,2937.4000,2,2,1,1,1,1,3,1,2,2
SF,IH2003,2019-11-28 09:34:51.800,2934.0000,13338,0,117972300.000,0,-,-,-,-,2933.4000,2933.2000,2933.0000,2932.6000,2932.2000,2935.0000,2935.2000,2936.4000,2937.4000,2937.6000,2,2,1,1,1,1,1,2,2,4
SF,IH2003,2019-11-28 09:34:52.300,2934.0000,13338,0,117972300.000,0,-,-,-,-,2933.4000,2933.2000,2933.0000,2932.6000,2932.2000,2934.8000,2935.0000,2935.2000,2936.4000,2937.4000,2,2,1,1,1,2,1,1,2,2
SF,IH2003,2019-11-28 09:34:53.800,2934.0000,13338,0,117972300.000,0,-,-,-,-,2933.4000,2933.2000,2933.0000,2932.6000,2932.2000,2934.4000,2934.8000,2935.0000,2935.2000,2936.4000,1,2,1,1,1,3,2,1,1,2
SF,IH2003,2019-11-28 09:34:54.300,2934.0000,13338,0,117972300.000,0,-,-,-,-,2933.4000,2933.0000,2932.6000,2932.2000,2932.0000,2934.6000,2934.8000,2935.2000,2936.4000,2937.4000,1,1,1,1,2,1,1,1,2,2
SF,IH2003,2019-11-28 09:34:54.800,2934.0000,13338,0,117972300.000,0,-,-,-,-,2933.4000,2933.0000,2932.6000,2932.2000,2932.0000,2934.8000,2935.2000,2936.4000,2937.4000,2937.6000,1,1,1,1,2,1,1,2,2,4
SF,IH2003,2019-11-28 09:34:55.300,2934.0000,13338,0,117972300.000,0,-,-,-,-,2933.4000,2933.0000,2932.6000,2932.2000,2932.0000,2934.6000,2934.8000,2935.2000,2936.4000,2937.4000,1,1,1,1,2,1,1,1,2,2
SF,IH2003,2019-11-28 09:34:55.800,2934.0000,13338,0,117972300.000,0,-,-,-,-,2933.4000,2933.0000,2932.6000,2932.2000,2932.0000,2934.8000,2935.2000,2936.4000,2937.4000,2937.6000,1,1,1,1,2,1,1,2,2,4
SF,IH2003,2019-11-28 09:34:56.300,2934.0000,13338,0,117972300.000,0,-,-,-,-,2933.4000,2933.0000,2932.6000,2932.2000,2932.0000,2934.6000,2934.8000,2935.2000,2936.4000,2937.4000,1,1,1,1,2,1,1,1,2,2
SF,IH2003,2019-11-28 09:34:56.800,2934.0000,13338,0,117972300.000,0,-,-,-,-,2933.4000,2933.0000,2932.6000,2932.2000,2932.0000,2935.2000,2936.4000,2937.4000,2937.6000,2938.0000,1,1,1,1,2,1,2,2,4,1
SF,IH2003,2019-11-28 09:34:57.300,2934.0000,13338,0,117972300.000,0,-,-,-,-,2933.6000,2933.4000,2933.0000,2932.6000,2932.2000,2934.8000,2935.0000,2935.2000,2936.4000,2937.4000,1,1,1,1,1,3,3,1,2,2
SF,IH2003,2019-11-28 09:34:57.800,2934.0000,13338,0,117972300.000,0,-,-,-,-,2933.6000,2933.4000,2933.0000,2932.6000,2932.2000,2934.8000,2935.0000,2935.2000,2936.4000,2937.4000,1,1,1,1,1,3,2,1,2,2
SF,IH2003,2019-11-28 09:34:58.300,2934.0000,13338,0,117972300.000,0,-,-,-,-,2933.4000,2933.0000,2932.6000,2932.2000,2932.0000,2934.6000,2934.8000,2935.0000,2935.2000,2936.4000,1,1,1,1,2,1,3,2,1,2
SF,IH2003,2019-11-28 09:34:58.800,2934.0000,13338,0,117972300.000,0,-,-,-,-,2933.4000,2933.0000,2932.6000,2932.2000,2932.0000,2934.6000,2934.8000,2935.0000,2935.2000,2936.4000,1,1,1,1,2,1,3,2,1,2
SF,IH2003,2019-11-28 09:35:01.300,2934.0000,13338,0,117972300.000,0,-,-,-,-,2933.4000,2933.0000,2932.6000,2932.2000,2932.0000,2934.4000,2934.8000,2935.0000,2935.2000,2936.4000,1,1,1,1,2,2,3,2,1,2
SF,IH2003,2019-11-28 09:35:01.800,2934.0000,13338,0,117972300.000,0,-,-,-,-,2933.4000,2933.0000,2932.6000,2932.2000,2932.0000,2934.4000,2935.0000,2935.2000,2936.4000,2937.4000,1,1,1,1,2,5,2,1,2,1
SF,IH2003,2019-11-28 09:35:02.800,2934.0000,13338,0,117972300.000,0,-,-,-,-,2933.4000,2933.0000,2932.6000,2932.2000,2932.0000,2934.4000,2935.0000,2935.2000,2936.4000,2937.4000,1,1,1,1,2,5,2,1,2,1
SF,IH2003,2019-11-28 09:35:03.300,2934.0000,13338,0,117972300.000,0,-,-,-,-,2933.0000,2932.6000,2932.2000,2932.0000,2931.2000,2934.0000,2934.4000,2935.0000,2935.2000,2936.4000,1,1,1,2,1,3,5,1,1,2
SF,IH2003,2019-11-28 09:35:03.800,2934.0000,13338,0,117972300.000,0,-,-,-,-,2933.0000,2932.6000,2932.2000,2932.0000,2931.2000,2934.0000,2934.4000,2935.0000,2935.2000,2936.4000,1,1,1,2,1,3,4,1,1,2
SF,IH2003,2019-11-28 09:35:04.300,2934.0000,13338,0,117972300.000,0,-,-,-,-,2933.2000,2933.0000,2932.6000,2932.2000,2932.0000,2934.0000,2934.4000,2935.0000,2935.2000,2936.4000,1,1,1,1,2,2,4,1,1,2
SF,IH2003,2019-11-28 09:35:04.800,2934.0000,13338,0,117972300.000,0,-,-,-,-,2933.2000,2933.0000,2932.6000,2932.2000,2932.0000,2934.0000,2934.4000,2935.0000,2935.2000,2936.4000,1,1,1,1,2,2,3,1,1,2
SF,IH2003,2019-11-28 09:35:05.300,2934.0000,13338,0,118852500.000,1,0,1,多换,S,2933.2000,2933.0000,2932.6000,2932.2000,2932.0000,2934.0000,2934.4000,2935.0000,2935.2000,2936.4000,1,1,1,1,2,1,3,1,1,2
SF,IH2003,2019-11-28 09:35:11.800,2934.0000,13339,1,119732700.000,1,1,0,双开,S,2933.2000,2933.0000,2932.6000,2932.2000,2932.0000,2934.4000,2935.0000,2935.2000,2936.4000,2937.4000,1,1,1,1,2,3,1,1,2,1
SF,IH2003,2019-11-28 09:35:12.300,2934.4000,13337,-2,121493340.000,2,0,2,双平,S,2933.2000,2933.0000,2932.6000,2932.2000,2932.0000,2934.4000,2935.0000,2935.2000,2936.4000,2937.4000,1,1,1,1,2,1,1,1,2,1
SF,IH2003,2019-11-28 09:35:13.800,2933.2000,13337,0,122373300.000,1,0,1,多换,S,2933.0000,2932.6000,2932.2000,2932.0000,2931.2000,2935.0000,2935.2000,2936.4000,2937.4000,2937.6000,1,1,1,2,1,1,1,2,1,4
SF,IH2003,2019-11-28 09:35:14.300,2933.2000,13337,0,122373300.000,0,-,-,-,-,2933.4000,2933.2000,2933.0000,2932.6000,2932.2000,2934.6000,2934.8000,2935.0000,2935.2000,2936.4000,1,1,1,1,1,2,7,1,1,2
SF,IH2003,2019-11-28 09:35:14.800,2933.2000,13337,0,122373300.000,0,-,-,-,-,2933.4000,2933.0000,2932.6000,2932.2000,2932.0000,2934.4000,2934.6000,2934.8000,2935.0000,2935.2000,1,1,1,1,2,1,2,5,1,1
SF,IH2003,2019-11-28 09:35:15.300,2933.2000,13337,0,122373300.000,0,-,-,-,-,2933.0000,2932.6000,2932.2000,2932.0000,2931.2000,2934.2000,2934.4000,2934.6000,2934.8000,2935.2000,1,1,1,2,1,1,3,2,5,1
SF,IH2003,2019-11-28 09:35:15.800,2933.2000,13337,0,122373300.000,0,-,-,-,-,2933.2000,2933.0000,2932.6000,2932.2000,2932.0000,2934.4000,2934.8000,2935.2000,2936.4000,2937.4000,1,1,1,1,2,1,5,1,2,1
SF,IH2003,2019-11-28 09:35:16.300,2933.2000,13337,0,122373300.000,0,-,-,-,-,2933.4000,2933.0000,2932.6000,2932.2000,2932.0000,2934.4000,2934.8000,2935.2000,2936.4000,2937.4000,1,1,1,1,2,1,4,1,2,1
SF,IH2003,2019-11-28 09:35:17.300,2933.2000,13337,0,122373300.000,0,-,-,-,-,2934.0000,2933.4000,2933.0000,2932.6000,2932.2000,2934.8000,2935.2000,2936.4000,2937.4000,2937.6000,1,1,1,1,1,4,1,2,1,4
SF,IH2003,2019-11-28 09:35:17.800,2933.2000,13337,0,122373300.000,0,-,-,-,-,2934.0000,2933.0000,2932.6000,2932.2000,2932.0000,2934.8000,2935.2000,2936.4000,2937.4000,2937.6000,1,1,1,1,2,4,1,2,1,4
SF,IH2003,2019-11-28 09:35:18.300,2933.2000,13337,0,122373300.000,0,-,-,-,-,2934.0000,2933.0000,2932.6000,2932.2000,2932.0000,2934.6000,2934.8000,2935.2000,2936.4000,2937.4000,1,1,1,1,2,1,2,1,2,1
SF,IH2003,2019-11-28 09:35:18.800,2934.6000,13337,0,123253680.000,1,0,1,多换,S,2934.0000,2933.0000,2932.6000,2932.2000,2932.0000,2935.2000,2936.4000,2937.4000,2937.6000,2938.0000,1,1,1,1,2,1,2,1,4,1
SF,IH2003,2019-11-28 09:35:19.300,2934.6000,13337,0,123253680.000,0,-,-,-,-,2934.0000,2933.0000,2932.6000,2932.2000,2932.0000,2935.0000,2935.2000,2936.4000,2937.4000,2937.6000,1,1,1,1,2,6,1,2,1,4
SF,IH2003,2019-11-28 09:35:19.800,2934.6000,13337,0,123253680.000,0,-,-,-,-,2934.0000,2933.0000,2932.6000,2932.2000,2932.0000,2935.0000,2935.2000,2936.4000,2937.4000,2937.6000,1,1,1,1,2,1,1,2,1,4
SF,IH2003,2019-11-28 09:35:24.800,2934.6000,13337,0,123253680.000,0,-,-,-,-,2934.0000,2933.0000,2932.6000,2932.2000,2932.0000,2934.8000,2935.0000,2935.2000,2936.4000,2937.4000,1,1,1,1,2,2,1,1,2,1
SF,IH2003,2019-11-28 09:35:25.300,2934.6000,13337,0,123253680.000,0,-,-,-,-,2934.0000,2933.0000,2932.6000,2932.2000,2932.0000,2935.2000,2936.4000,2937.4000,2937.6000,2938.0000,1,1,1,1,2,1,2,1,4,1
SF,IH2003,2019-11-28 09:35:26.800,2934.6000,13337,0,123253680.000,0,-,-,-,-,2934.2000,2934.0000,2933.0000,2932.6000,2932.2000,2935.2000,2936.4000,2937.4000,2937.6000,2938.0000,1,1,1,1,1,1,2,1,4,1
SF,IH2003,2019-11-28 09:35:30.300,2934.6000,13337,0,123253680.000,0,-,-,-,-,2934.0000,2933.0000,2932.6000,2932.2000,2932.0000,2935.2000,2936.4000,2937.4000,2937.6000,2938.0000,1,1,1,1,2,1,2,1,4,1
SF,IH2003,2019-11-28 09:35:30.800,2934.6000,13337,0,123253680.000,0,-,-,-,-,2934.2000,2934.0000,2933.0000,2932.6000,2932.2000,2935.2000,2936.4000,2937.4000,2937.6000,2938.0000,2,1,1,1,1,1,2,1,4,1
SF,IH2003,2019-11-28 09:35:31.300,2934.6000,13337,0,123253680.000,0,-,-,-,-,2936.0000,2934.4000,2934.2000,2934.0000,2933.0000,2936.4000,2937.4000,2938.0000,2939.8000,2940.4000,1,8,6,1,1,2,1,1,1,1
SF,IH2003,2019-11-28 09:35:31.800,2935.4000,13337,0,124134300.000,1,0,1,多换,S,2935.2000,2934.2000,2934.0000,2933.0000,2932.6000,2935.6000,2935.8000,2936.0000,2936.2000,2936.4000,1,2,1,1,1,2,1,8,6,2
SF,IH2003,2019-11-28 09:35:32.300,2935.4000,13337,0,124134300.000,0,-,-,-,-,2934.2000,2934.0000,2933.0000,2932.6000,2932.2000,2935.6000,2936.0000,2936.2000,2936.4000,2937.4000,2,1,1,1,1,2,7,2,2,1
SF,IH2003,2019-11-28 09:35:32.800,2935.4000,13337,0,124134300.000,0,-,-,-,-,2934.0000,2933.0000,2932.6000,2932.2000,2932.0000,2935.0000,2935.2000,2935.6000,2936.0000,2936.2000,1,1,1,1,2,1,3,2,4,2
SF,IH2003,2019-11-28 09:35:33.300,2935.4000,13337,0,124134300.000,0,-,-,-,-,2934.0000,2933.0000,2932.6000,2932.2000,2932.0000,2935.0000,2935.2000,2935.6000,2936.0000,2936.2000,1,1,1,1,2,1,2,2,4,2
SF,IH2003,2019-11-28 09:35:38.800,2935.4000,13337,0,124134300.000,0,-,-,-,-,2934.0000,2933.0000,2932.6000,2932.2000,2932.0000,2935.0000,2935.2000,2935.6000,2936.0000,2936.2000,1,1,1,1,2,1,1,2,4,2
SF,IH2003,2019-11-28 09:35:41.800,2935.4000,13337,0,124134300.000,0,-,-,-,-,2934.0000,2933.0000,2932.6000,2932.2000,2932.0000,2935.0000,2935.2000,2935.6000,2936.0000,2936.2000,1,1,1,1,2,1,1,2,3,2
SF,IH2003,2019-11-28 09:35:42.800,2935.4000,13337,0,124134300.000,0,-,-,-,-,2934.0000,2933.0000,2932.6000,2932.2000,2932.0000,2935.2000,2935.6000,2936.0000,2936.2000,2936.4000,1,1,1,1,2,1,2,3,2,2
SF,IH2003,2019-11-28 09:35:43.800,2935.4000,13337,0,124134300.000,0,-,-,-,-,2933.0000,2932.6000,2932.2000,2932.0000,2931.2000,2935.2000,2935.6000,2936.0000,2936.2000,2936.4000,1,1,1,2,1,1,2,3,2,2
SF,IH2003,2019-11-28 09:35:44.300,2935.4000,13337,0,124134300.000,0,-,-,-,-,2933.4000,2933.2000,2933.0000,2932.6000,2932.2000,2935.0000,2935.2000,2935.6000,2936.0000,2936.2000,6,8,2,1,1,1,1,2,3,2
SF,IH2003,2019-11-28 09:35:44.800,2935.4000,13337,0,124134300.000,0,-,-,-,-,2933.6000,2933.4000,2933.2000,2933.0000,2932.6000,2935.0000,2935.2000,2935.6000,2936.0000,2936.2000,7,6,7,2,1,1,1,2,3,2
SF,IH2003,2019-11-28 09:35:45.300,2935.4000,13337,0,124134300.000,0,-,-,-,-,2933.6000,2933.4000,2933.2000,2933.0000,2932.6000,2935.2000,2935.6000,2936.0000,2936.2000,2936.4000,7,6,6,2,1,1,2,3,2,2
SF,IH2003,2019-11-28 09:35:48.800,2935.4000,13337,0,124134300.000,0,-,-,-,-,2933.6000,2933.4000,2933.2000,2933.0000,2932.6000,2935.2000,2935.6000,2936.0000,2936.2000,2936.4000,6,6,6,2,1,1,2,3,2,2
SF,IH2003,2019-11-28 09:35:49.300,2935.4000,13337,0,124134300.000,0,-,-,-,-,2933.6000,2933.4000,2933.2000,2933.0000,2932.6000,2935.0000,2935.2000,2935.6000,2936.0000,2936.2000,6,5,4,2,1,1,1,2,3,2
SF,IH2003,2019-11-28 09:35:49.800,2935.4000,13337,0,124134300.000,0,-,-,-,-,2933.6000,2933.2000,2933.0000,2932.6000,2932.2000,2935.0000,2935.2000,2935.6000,2936.0000,2936.2000,5,4,2,1,1,1,1,2,3,2
SF,IH2003,2019-11-28 09:35:52.300,2935.4000,13337,0,124134300.000,0,-,-,-,-,2933.8000,2933.6000,2933.2000,2933.0000,2932.6000,2935.0000,2935.2000,2935.6000,2936.0000,2936.2000,1,5,4,2,1,1,1,2,3,2
SF,IH2003,2019-11-28 09:35:52.800,2935.4000,13337,0,124134300.000,0,-,-,-,-,2933.8000,2933.6000,2933.2000,2933.0000,2932.6000,2935.0000,2935.2000,2935.6000,2936.0000,2936.2000,1,4,4,2,1,1,1,2,3,2
SF,IH2003,2019-11-28 09:35:54.300,2935.4000,13337,0,124134300.000,0,-,-,-,-,2934.0000,2933.8000,2933.6000,2933.2000,2933.0000,2935.2000,2935.6000,2936.0000,2936.2000,2936.4000,1,1,4,4,2,1,2,3,2,2
SF,IH2003,2019-11-28 09:35:54.800,2935.4000,13337,0,124134300.000,0,-,-,-,-,2933.8000,2933.6000,2933.2000,2933.0000,2932.6000,2935.0000,2935.2000,2935.6000,2936.0000,2936.2000,1,4,4,2,1,1,1,2,3,2
SF,IH2003,2019-11-28 09:35:55.800,2935.4000,13337,0,124134300.000,0,-,-,-,-,2934.0000,2933.8000,2933.6000,2933.2000,2933.0000,2935.2000,2935.6000,2936.0000,2936.2000,2936.4000,1,1,4,4,2,1,2,3,2,2
SF,IH2003,2019-11-28 09:35:56.300,2935.4000,13337,0,124134300.000,0,-,-,-,-,2934.0000,2933.8000,2933.6000,2933.2000,2933.0000,2935.2000,2935.6000,2936.0000,2936.2000,2936.4000,1,1,4,4,2,1,2,3,2,2
SF,IH2003,2019-11-28 09:35:57.300,2935.4000,13337,0,124134300.000,0,-,-,-,-,2933.8000,2933.6000,2933.2000,2933.0000,2932.6000,2935.0000,2935.2000,2935.6000,2936.0000,2936.2000,1,4,4,2,1,1,1,2,3,2
SF,IH2003,2019-11-28 09:35:57.800,2935.4000,13337,0,124134300.000,0,-,-,-,-,2933.6000,2933.2000,2933.0000,2932.6000,2932.2000,2935.0000,2935.2000,2935.6000,2936.0000,2936.2000,4,4,2,1,1,1,1,2,3,2
SF,IH2003,2019-11-28 09:35:58.300,2935.4000,13337,0,124134300.000,0,-,-,-,-,2933.8000,2933.6000,2933.2000,2933.0000,2932.6000,2935.0000,2935.2000,2935.6000,2936.0000,2936.2000,1,4,4,2,1,1,1,2,3,2
SF,IH2003,2019-11-28 09:35:58.800,2935.4000,13337,0,124134300.000,0,-,-,-,-,2933.8000,2933.6000,2933.2000,2933.0000,2932.6000,2935.2000,2935.6000,2936.0000,2936.2000,2936.4000,1,4,4,2,1,1,2,3,2,2
SF,IH2003,2019-11-28 09:36:00.300,2935.4000,13337,0,124134300.000,0,-,-,-,-,2933.6000,2933.2000,2933.0000,2932.6000,2932.2000,2935.0000,2935.2000,2935.6000,2936.0000,2936.2000,4,5,2,1,1,1,1,2,3,2
SF,IH2003,2019-11-28 09:36:00.800,2935.4000,13337,0,124134300.000,0,-,-,-,-,2933.8000,2933.6000,2933.2000,2933.0000,2932.6000,2935.2000,2935.6000,2936.0000,2936.2000,2936.4000,1,4,5,2,1,1,2,3,2,2
SF,IH2003,2019-11-28 09:36:01.300,2935.4000,13337,0,124134300.000,0,-,-,-,-,2933.6000,2933.2000,2933.0000,2932.6000,2932.2000,2935.2000,2935.6000,2936.0000,2936.2000,2936.4000,4,5,2,1,1,1,2,3,2,2
SF,IH2003,2019-11-28 09:36:01.800,2935.4000,13337,0,124134300.000,0,-,-,-,-,2933.6000,2933.2000,2933.0000,2932.6000,2932.2000,2935.0000,2935.2000,2935.6000,2936.0000,2936.2000,4,5,2,1,1,3,1,2,3,2
SF,IH2003,2019-11-28 09:36:02.300,2935.4000,13337,0,124134300.000,0,-,-,-,-,2933.6000,2933.2000,2933.0000,2932.6000,2932.2000,2935.0000,2935.2000,2935.6000,2936.0000,2936.2000,4,5,2,1,1,2,1,2,3,2
SF,IH2003,2019-11-28 09:36:02.800,2935.2000,13337,0,125014860.000,1,0,1,多换,S,2933.6000,2933.2000,2933.0000,2932.6000,2932.2000,2935.0000,2935.2000,2935.6000,2936.0000,2936.2000,4,5,2,1,1,1,1,2,3,2
SF,IH2003,2019-11-28 09:36:03.300,2935.2000,13337,0,125014860.000,0,-,-,-,-,2933.8000,2933.6000,2933.2000,2933.0000,2932.6000,2935.2000,2935.6000,2936.0000,2936.2000,2936.4000,1,4,5,2,1,1,2,3,2,2
SF,IH2003,2019-11-28 09:36:03.800,2935.2000,13337,0,125014860.000,0,-,-,-,-,2933.6000,2933.2000,2933.0000,2932.6000,2932.2000,2935.6000,2936.0000,2936.2000,2936.4000,2937.4000,4,5,2,1,1,2,3,2,2,1
SF,IH2003,2019-11-28 09:36:04.300,2935.2000,13337,0,125014860.000,0,-,-,-,-,2933.8000,2933.6000,2933.2000,2933.0000,2932.6000,2935.4000,2935.6000,2936.0000,2936.2000,2936.4000,3,4,5,2,1,2,2,3,2,2
SF,IH2003,2019-11-28 09:36:04.800,2935.2000,13337,0,125014860.000,0,-,-,-,-,2935.0000,2933.8000,2933.6000,2933.2000,2933.0000,2935.4000,2935.6000,2936.0000,2936.2000,2936.4000,1,4,4,5,2,2,2,3,2,2
SF,IH2003,2019-11-28 09:36:05.300,2935.0000,13337,0,125895360.000,1,0,1,多换,S,2933.8000,2933.6000,2933.2000,2933.0000,2932.6000,2935.0000,2935.4000,2935.6000,2936.0000,2936.2000,1,4,5,2,1,1,1,2,3,2
SF,IH2003,2019-11-28 09:36:05.800,2935.0000,13337,0,125895360.000,0,-,-,-,-,2934.0000,2933.8000,2933.6000,2933.2000,2933.0000,2935.6000,2936.0000,2936.2000,2936.4000,2937.4000,3,1,4,5,2,2,3,2,2,1
SF,IH2003,2019-11-28 09:36:06.300,2935.0000,13337,0,125895360.000,0,-,-,-,-,2934.0000,2933.8000,2933.6000,2933.2000,2933.0000,2935.4000,2935.6000,2936.0000,2936.2000,2936.4000,1,1,4,5,2,1,2,3,2,2
SF,IH2003,2019-11-28 09:36:06.800,2935.0000,13337,0,125895360.000,0,-,-,-,-,2933.6000,2933.2000,2933.0000,2932.6000,2932.2000,2935.2000,2935.4000,2935.6000,2936.0000,2936.2000,4,5,2,1,1,2,6,2,3,2
SF,IH2003,2019-11-28 09:36:07.300,2935.0000,13337,0,125895360.000,0,-,-,-,-,2933.8000,2933.6000,2933.2000,2933.0000,2932.6000,2935.2000,2935.4000,2935.6000,2936.0000,2936.2000,2,4,5,2,1,1,5,2,3,2
SF,IH2003,2019-11-28 09:36:07.800,2935.0000,13337,0,125895360.000,0,-,-,-,-,2933.8000,2933.6000,2933.2000,2933.0000,2932.6000,2935.4000,2935.6000,2936.0000,2936.2000,2936.4000,2,4,5,2,1,5,2,3,2,2
SF,IH2003,2019-11-28 09:36:08.300,2935.0000,13337,0,125895360.000,0,-,-,-,-,2933.6000,2933.2000,2933.0000,2932.6000,2932.2000,2935.0000,2935.2000,2935.4000,2935.6000,2936.0000,4,5,2,1,1,1,1,5,2,3
SF,IH2003,2019-11-28 09:36:08.800,2935.0000,13337,0,125895360.000,0,-,-,-,-,2933.6000,2933.2000,2933.0000,2932.6000,2932.2000,2935.0000,2935.4000,2935.6000,2936.0000,2936.2000,4,5,2,1,1,1,5,2,3,2
SF,IH2003,2019-11-28 09:36:09.300,2935.0000,13337,0,125895360.000,0,-,-,-,-,2933.8000,2933.6000,2933.2000,2933.0000,2932.6000,2935.4000,2935.6000,2936.0000,2936.2000,2936.4000,1,4,5,2,1,5,2,3,2,2
SF,IH2003,2019-11-28 09:36:09.800,2935.0000,13337,0,125895360.000,0,-,-,-,-,2933.6000,2933.2000,2933.0000,2932.6000,2932.2000,2935.2000,2935.4000,2935.6000,2936.0000,2936.2000,4,5,2,1,1,2,5,2,3,2
SF,IH2003,2019-11-28 09:36:10.300,2935.0000,13337,0,125895360.000,0,-,-,-,-,2933.8000,2933.6000,2933.2000,2933.0000,2932.6000,2935.2000,2935.4000,2935.6000,2936.0000,2936.2000,3,4,5,2,1,1,5,2,3,2
SF,IH2003,2019-11-28 09:36:10.800,2935.0000,13337,0,125895360.000,0,-,-,-,-,2933.8000,2933.6000,2933.2000,2933.0000,2932.6000,2935.4000,2935.6000,2936.0000,2936.2000,2936.4000,3,4,5,2,1,5,2,3,2,2
SF,IH2003,2019-11-28 09:36:11.300,2935.0000,13337,0,125895360.000,0,-,-,-,-,2933.8000,2933.6000,2933.2000,2933.0000,2932.6000,2935.2000,2935.4000,2935.6000,2936.0000,2936.2000,3,4,5,2,1,1,5,2,3,2
SF,IH2003,2019-11-28 09:36:11.800,2935.0000,13337,0,125895360.000,0,-,-,-,-,2933.8000,2933.6000,2933.2000,2933.0000,2932.6000,2935.4000,2935.6000,2936.0000,2936.2000,2936.4000,3,4,5,2,1,3,2,3,2,2
SF,IH2003,2019-11-28 09:36:12.800,2935.0000,13337,0,125895360.000,0,-,-,-,-,2933.8000,2933.6000,2933.2000,2933.0000,2932.6000,2935.2000,2935.4000,2935.6000,2936.0000,2936.2000,1,4,5,2,1,2,3,2,3,2
SF,IH2003,2019-11-28 09:36:13.300,2935.0000,13337,0,125895360.000,0,-,-,-,-,2933.6000,2933.2000,2933.0000,2932.6000,2932.2000,2935.2000,2935.4000,2935.6000,2936.0000,2936.2000,4,5,2,1,1,2,3,2,3,2
SF,IH2003,2019-11-28 09:36:13.800,2935.0000,13337,0,125895360.000,0,-,-,-,-,2933.8000,2933.6000,2933.2000,2933.0000,2932.6000,2935.2000,2935.4000,2935.6000,2936.0000,2936.2000,1,4,5,2,1,2,3,2,3,2
SF,IH2003,2019-11-28 09:36:14.300,2935.0000,13337,0,125895360.000,0,-,-,-,-,2933.6000,2933.2000,2933.0000,2932.6000,2932.2000,2935.2000,2935.4000,2935.6000,2936.0000,2936.2000,4,5,2,1,1,2,3,2,3,2
SF,IH2003,2019-11-28 09:36:14.800,2935.0000,13337,0,125895360.000,0,-,-,-,-,2933.2000,2933.0000,2932.6000,2932.2000,2932.0000,2934.8000,2935.0000,2935.2000,2935.4000,2935.6000,5,1,1,1,2,1,3,2,2,2
SF,IH2003,2019-11-28 09:36:15.300,2935.0000,13337,0,125895360.000,0,-,-,-,-,2933.4000,2933.2000,2933.0000,2932.6000,2932.2000,2935.0000,2935.2000,2935.4000,2935.6000,2936.0000,3,5,1,1,1,3,1,2,2,3
SF,IH2003,2019-11-28 09:36:15.800,2935.0000,13337,0,125895360.000,0,-,-,-,-,2933.4000,2933.2000,2933.0000,2932.6000,2932.2000,2934.8000,2935.0000,2935.2000,2935.4000,2935.6000,1,5,1,1,1,1,3,1,2,2
SF,IH2003,2019-11-28 09:36:16.300,2935.0000,13337,0,125895360.000,0,-,-,-,-,2933.2000,2933.0000,2932.6000,2932.2000,2932.0000,2935.0000,2935.2000,2935.4000,2935.6000,2936.0000,5,1,1,1,2,3,1,2,2,3
SF,IH2003,2019-11-28 09:36:16.800,2935.0000,13337,0,125895360.000,0,-,-,-,-,2933.4000,2933.2000,2933.0000,2932.6000,2932.2000,2934.8000,2935.0000,2935.2000,2935.4000,2935.6000,1,5,1,1,1,1,3,1,2,2
SF,IH2003,2019-11-28 09:36:17.300,2935.0000,13337,0,125895360.000,0,-,-,-,-,2933.2000,2933.0000,2932.6000,2932.2000,2932.0000,2935.0000,2935.2000,2935.4000,2935.6000,2936.0000,5,1,1,1,2,3,1,2,2,3
SF,IH2003,2019-11-28 09:36:17.800,2935.0000,13337,0,125895360.000,0,-,-,-,-,2933.4000,2933.2000,2933.0000,2932.6000,2932.2000,2934.8000,2935.0000,2935.2000,2935.4000,2935.6000,1,5,1,1,1,1,3,1,2,2
SF,IH2003,2019-11-28 09:36:18.300,2935.0000,13337,0,125895360.000,0,-,-,-,-,2933.2000,2933.0000,2932.6000,2932.2000,2932.0000,2934.6000,2934.8000,2935.0000,2935.4000,2935.6000,5,1,1,1,2,2,1,3,2,2
SF,IH2003,2019-11-28 09:36:19.800,2935.0000,13337,0,125895360.000,0,-,-,-,-,2933.2000,2933.0000,2932.6000,2932.2000,2932.0000,2934.6000,2934.8000,2935.0000,2935.4000,2935.6000,5,1,1,1,2,2,2,3,2,2
SF,IH2003,2019-11-28 09:36:22.300,2934.6000,13337,0,127656120.000,2,1,1,多换,S,2933.4000,2933.2000,2933.0000,2932.6000,2932.2000,2934.8000,2935.0000,2935.4000,2935.6000,2936.0000,1,5,1,1,1,2,3,2,2,3
SF,IH2003,2019-11-28 09:36:22.800,2934.6000,13337,0,127656120.000,0,-,-,-,-,2933.6000,2933.2000,2933.0000,2932.6000,2932.2000,2934.8000,2935.0000,2935.4000,2935.6000,2936.0000,1,5,1,1,1,2,3,2,2,3
SF,IH2003,2019-11-28 09:36:23.300,2934.8000,13336,-1,128536560.000,1,0,1,双平,S,2933.2000,2933.0000,2932.6000,2932.2000,2932.0000,2934.8000,2935.0000,2935.4000,2935.6000,2936.0000,5,1,1,1,2,1,3,2,2,3
SF,IH2003,2019-11-28 09:36:23.800,2934.8000,13336,0,128536560.000,0,-,-,-,-,2933.4000,2933.2000,2933.0000,2932.6000,2932.2000,2934.8000,2935.0000,2935.4000,2935.6000,2936.0000,1,5,1,1,1,1,3,2,2,3
SF,IH2003,2019-11-28 09:36:24.300,2934.8000,13336,0,128536560.000,0,-,-,-,-,2933.6000,2933.2000,2933.0000,2932.6000,2932.2000,2934.6000,2934.8000,2935.0000,2935.4000,2935.6000,1,5,1,1,1,1,1,3,2,2
SF,IH2003,2019-11-28 09:36:24.800,2934.8000,13336,0,128536560.000,0,-,-,-,-,2933.2000,2933.0000,2932.6000,2932.2000,2932.0000,2934.6000,2934.8000,2935.0000,2935.4000,2935.6000,5,1,1,1,2,1,1,3,2,2
SF,IH2003,2019-11-28 09:36:25.300,2934.8000,13336,0,128536560.000,0,-,-,-,-,2933.4000,2933.2000,2933.0000,2932.6000,2932.2000,2934.6000,2934.8000,2935.0000,2935.4000,2935.6000,1,1,1,1,1,1,1,3,2,2
SF,IH2003,2019-11-28 09:36:25.800,2934.8000,13336,0,128536560.000,0,-,-,-,-,2933.2000,2933.0000,2932.6000,2932.2000,2932.0000,2934.6000,2934.8000,2935.0000,2935.4000,2935.6000,1,1,1,1,2,1,1,3,2,2
SF,IH2003,2019-11-28 09:36:26.300,2934.8000,13336,0,128536560.000,0,-,-,-,-,2933.4000,2933.2000,2933.0000,2932.6000,2932.2000,2934.8000,2935.0000,2935.4000,2935.6000,2936.0000,1,1,1,1,1,1,3,2,2,3
SF,IH2003,2019-11-28 09:36:26.800,2934.8000,13336,0,128536560.000,0,-,-,-,-,2933.2000,2933.0000,2932.6000,2932.2000,2932.0000,2934.6000,2934.8000,2935.0000,2935.6000,2936.0000,1,1,1,1,2,4,1,2,2,3
SF,IH2003,2019-11-28 09:36:27.800,2934.8000,13336,0,128536560.000,0,-,-,-,-,2933.4000,2933.2000,2933.0000,2932.6000,2932.2000,2934.6000,2934.8000,2935.0000,2935.6000,2936.0000,1,1,1,1,1,5,1,2,2,3
SF,IH2003,2019-11-28 09:36:28.300,2934.8000,13336,0,128536560.000,0,-,-,-,-,2933.2000,2933.0000,2932.6000,2932.2000,2932.0000,2934.6000,2934.8000,2935.0000,2935.6000,2936.0000,1,1,1,1,2,5,1,2,2,3
SF,IH2003,2019-11-28 09:36:28.800,2934.8000,13336,0,128536560.000,0,-,-,-,-,2933.4000,2933.2000,2933.0000,2932.6000,2932.2000,2934.6000,2934.8000,2935.0000,2935.6000,2936.0000,1,1,1,1,1,5,1,2,2,3
SF,IH2003,2019-11-28 09:36:29.300,2934.8000,13336,0,128536560.000,0,-,-,-,-,2933.6000,2933.2000,2933.0000,2932.6000,2932.2000,2934.6000,2934.8000,2935.0000,2935.6000,2936.0000,1,1,1,1,1,5,1,2,2,3
SF,IH2003,2019-11-28 09:36:29.800,2934.8000,13336,0,128536560.000,0,-,-,-,-,2933.2000,2933.0000,2932.6000,2932.2000,2932.0000,2934.6000,2934.8000,2935.0000,2935.6000,2936.0000,1,1,1,1,2,5,1,2,2,3
SF,IH2003,2019-11-28 09:36:30.300,2934.8000,13336,0,128536560.000,0,-,-,-,-,2933.4000,2933.2000,2933.0000,2932.6000,2932.2000,2934.6000,2934.8000,2935.0000,2935.6000,2936.0000,1,1,1,1,1,5,1,2,2,3
SF,IH2003,2019-11-28 09:36:30.800,2934.8000,13336,0,128536560.000,0,-,-,-,-,2933.6000,2933.2000,2933.0000,2932.6000,2932.2000,2934.6000,2934.8000,2935.0000,2935.6000,2936.0000,1,1,1,1,1,5,1,2,2,3
SF,IH2003,2019-11-28 09:36:31.300,2934.8000,13336,0,128536560.000,0,-,-,-,-,2933.2000,2933.0000,2932.6000,2932.2000,2932.0000,2934.6000,2934.8000,2935.0000,2935.6000,2936.0000,1,1,1,1,2,5,1,2,2,3
SF,IH2003,2019-11-28 09:36:31.800,2934.8000,13336,0,128536560.000,0,-,-,-,-,2933.4000,2933.2000,2933.0000,2932.6000,2932.2000,2934.6000,2934.8000,2935.0000,2935.6000,2936.0000,1,1,1,1,1,2,1,2,2,3
SF,IH2003,2019-11-28 09:36:32.300,2934.8000,13336,0,128536560.000,0,-,-,-,-,2933.2000,2933.0000,2932.6000,2932.2000,2932.0000,2934.4000,2934.6000,2935.0000,2935.6000,2936.0000,1,1,1,1,2,1,2,2,2,3
SF,IH2003,2019-11-28 09:36:32.800,2934.8000,13336,0,128536560.000,0,-,-,-,-,2933.4000,2933.2000,2933.0000,2932.6000,2932.2000,2934.4000,2934.6000,2935.0000,2935.6000,2936.4000,1,1,1,1,1,1,2,2,2,2
SF,IH2003,2019-11-28 09:36:33.300,2934.8000,13336,0,128536560.000,0,-,-,-,-,2933.6000,2933.2000,2933.0000,2932.6000,2932.2000,2934.4000,2934.6000,2935.0000,2935.6000,2936.4000,1,1,1,1,1,1,2,2,2,2
SF,IH2003,2019-11-28 09:36:33.800,2934.8000,13336,0,128536560.000,0,-,-,-,-,2933.2000,2933.0000,2932.6000,2932.2000,2932.0000,2934.4000,2934.6000,2935.0000,2935.6000,2936.4000,1,1,1,1,2,1,2,2,2,2
SF,IH2003,2019-11-28 09:36:34.300,2934.8000,13336,0,128536560.000,0,-,-,-,-,2933.4000,2933.2000,2933.0000,2932.6000,2932.2000,2934.4000,2934.6000,2935.0000,2935.6000,2936.4000,1,1,1,1,1,1,2,2,2,2
SF,IH2003,2019-11-28 09:36:34.800,2934.8000,13336,0,128536560.000,0,-,-,-,-,2933.2000,2933.0000,2932.6000,2932.2000,2932.0000,2934.4000,2934.6000,2935.0000,2935.6000,2936.4000,1,1,1,1,2,1,2,2,2,2
SF,IH2003,2019-11-28 09:36:35.300,2934.8000,13336,0,128536560.000,0,-,-,-,-,2933.4000,2933.2000,2933.0000,2932.6000,2932.2000,2934.4000,2934.6000,2935.0000,2935.6000,2936.4000,1,1,1,1,1,1,2,2,2,2
SF,IH2003,2019-11-28 09:36:35.800,2934.8000,13336,0,128536560.000,0,-,-,-,-,2933.2000,2933.0000,2932.6000,2932.2000,2932.0000,2934.4000,2934.6000,2935.0000,2935.6000,2936.4000,1,1,1,1,2,1,2,2,2,2
SF,IH2003,2019-11-28 09:36:36.300,2934.8000,13336,0,128536560.000,0,-,-,-,-,2933.4000,2933.2000,2933.0000,2932.6000,2932.2000,2934.4000,2934.6000,2935.0000,2935.6000,2936.4000,1,1,1,1,1,1,2,2,2,2
SF,IH2003,2019-11-28 09:36:36.800,2934.8000,13336,0,128536560.000,0,-,-,-,-,2933.2000,2933.0000,2932.6000,2932.2000,2932.0000,2934.4000,2934.6000,2935.0000,2935.6000,2936.4000,1,1,1,1,2,1,2,2,2,2
SF,IH2003,2019-11-28 09:36:37.300,2934.8000,13336,0,128536560.000,0,-,-,-,-,2933.4000,2933.2000,2933.0000,2932.6000,2932.2000,2934.4000,2934.6000,2935.0000,2935.6000,2936.4000,1,1,1,1,1,1,2,2,2,2
SF,IH2003,2019-11-28 09:36:37.800,2934.8000,13336,0,128536560.000,0,-,-,-,-,2933.6000,2933.2000,2933.0000,2932.6000,2932.2000,2934.4000,2934.6000,2935.0000,2935.6000,2936.4000,1,1,1,1,1,1,2,2,2,2
SF,IH2003,2019-11-28 09:36:38.300,2934.8000,13336,0,128536560.000,0,-,-,-,-,2933.2000,2933.0000,2932.6000,2932.2000,2932.0000,2934.4000,2934.6000,2934.8000,2935.0000,2935.6000,1,1,1,1,2,1,2,1,2,2
SF,IH2003,2019-11-28 09:36:38.800,2934.8000,13336,0,128536560.000,0,-,-,-,-,2933.4000,2933.2000,2933.0000,2932.6000,2932.2000,2934.4000,2934.6000,2934.8000,2935.0000,2935.6000,1,1,1,1,1,1,2,1,2,2
SF,IH2003,2019-11-28 09:36:39.300,2934.8000,13336,0,128536560.000,0,-,-,-,-,2933.6000,2933.2000,2933.0000,2932.6000,2932.2000,2934.4000,2934.6000,2934.8000,2935.0000,2935.6000,1,1,1,1,1,1,2,1,2,2
SF,IH2003,2019-11-28 09:36:39.800,2934.8000,13336,0,128536560.000,0,-,-,-,-,2933.8000,2933.2000,2933.0000,2932.6000,2932.2000,2934.4000,2934.6000,2934.8000,2935.0000,2935.6000,1,1,1,1,1,1,2,1,2,2
SF,IH2003,2019-11-28 09:36:40.300,2934.6000,13336,0,129416940.000,1,0,1,多换,S,2933.0000,2932.6000,2932.2000,2932.0000,2931.2000,2934.6000,2934.8000,2935.0000,2935.6000,2936.4000,1,1,1,2,1,2,1,2,2,2
SF,IH2003,2019-11-28 09:36:40.800,2934.6000,13336,0,129416940.000,0,-,-,-,-,2933.2000,2933.0000,2932.6000,2932.2000,2932.0000,2934.4000,2934.6000,2934.8000,2935.0000,2935.6000,2,1,1,1,2,1,2,1,2,2
SF,IH2003,2019-11-28 09:36:43.800,2934.6000,13336,0,129416940.000,0,-,-,-,-,2933.2000,2933.0000,2932.6000,2932.2000,2932.0000,2934.4000,2934.6000,2934.8000,2935.0000,2935.6000,1,1,1,1,2,1,2,1,2,2
SF,IH2003,2019-11-28 09:36:44.300,2934.6000,13336,0,129416940.000,0,-,-,-,-,2933.4000,2933.0000,2932.6000,2932.2000,2932.0000,2934.4000,2934.6000,2934.8000,2935.0000,2935.6000,1,1,1,1,2,1,2,1,2,2
SF,IH2003,2019-11-28 09:36:44.800,2934.6000,13336,0,129416940.000,0,-,-,-,-,2933.0000,2932.6000,2932.2000,2932.0000,2931.2000,2934.4000,2934.6000,2934.8000,2935.0000,2935.6000,1,1,1,2,1,1,2,1,2,2
