市场代码,合约代码,时间,最新,持仓,增仓,成交额,成交量,开仓,平仓,成交类型,方向,买一价,买二价,买三价,买四价,买五价,卖一价,卖二价,卖三价,卖四价,卖五价,买一量,买二量,买三量,买四量,买五量,卖一量,卖二量,卖三量,卖四量,卖五量
SF,IH2012,2020-09-24 09:29:00.000,3214.2000,32158,0,5785560.000,6.000,-,-,-,-,3213.4000,3212.2000,3210.8000,3210.0000,3208.0000,3214.4000,3215.0000,3215.4000,3215.8000,3216.0000,1,1,1,10,1,1,2,4,1,1
SF,IH2012,2020-09-24 09:30:00.500,3213.8000,32140,-18,37581000.000,33,7,26,多平,S,3206.4000,3206.2000,3205.6000,3205.2000,3205.0000,3214.0000,3214.2000,3214.4000,3215.0000,3215.8000,4,4,1,1,1,7,1,1,2,1
SF,IH2012,2020-09-24 09:30:01.000,3209.4000,32136,-4,42396480.000,5,0,5,多平,S,3209.6000,3208.4000,3207.4000,3207.0000,3206.8000,3212.0000,3213.0000,3213.4000,3213.8000,3214.0000,1,1,3,1,8,1,1,4,3,8
SF,IH2012,2020-09-24 09:30:01.500,3211.6000,32134,-2,47212020.000,5,1,4,多平,S,3208.4000,3208.2000,3208.0000,3207.0000,3206.8000,3211.6000,3211.8000,3212.0000,3213.0000,3213.4000,1,1,1,1,8,2,5,1,1,3
SF,IH2012,2020-09-24 09:30:02.000,3209.8000,32132,-2,49137840.000,2,0,2,双平,S,3208.6000,3208.0000,3207.0000,3206.6000,3206.4000,3209.6000,3211.0000,3211.2000,3211.4000,3211.6000,1,1,1,3,4,2,1,2,4,9
SF,IH2012,2020-09-24 09:30:02.500,3209.8000,32132,0,49137840.000,0,-,-,-,-,3208.0000,3206.4000,3206.2000,3205.6000,3205.2000,3208.4000,3208.6000,3209.0000,3209.2000,3209.4000,1,4,4,1,1,1,2,1,3,8
SF,IH2012,2020-09-24 09:30:03.000,3208.0000,32131,-1,54912240.000,6,2,4,多平,S,3208.0000,3206.4000,3206.2000,3205.6000,3205.2000,3208.6000,3209.0000,3209.4000,3209.6000,3209.8000,1,4,4,1,1,3,1,3,3,1
SF,IH2012,2020-09-24 09:30:03.500,3206.8000,32130,-1,58761480.000,4,1,3,多平,S,3206.4000,3206.2000,3205.6000,3205.2000,3205.0000,3208.0000,3208.2000,3208.6000,3209.0000,3209.4000,4,4,1,1,1,2,2,1,1,3
SF,IH2012,2020-09-24 09:30:04.000,3206.4000,32128,-2,60685380.000,2,0,2,双平,S,3206.4000,3206.2000,3205.6000,3205.2000,3205.0000,3206.6000,3207.4000,3207.6000,3207.8000,3208.0000,3,4,1,1,1,1,1,9,3,1
SF,IH2012,2020-09-24 09:30:04.500,3207.6000,32128,0,61647660.000,1,0,1,多换,S,3206.6000,3206.4000,3206.2000,3205.6000,3205.2000,3207.6000,3207.8000,3208.0000,3208.4000,3209.4000,1,3,4,1,1,3,2,2,1,2
SF,IH2012,2020-09-24 09:30:05.000,3207.4000,32123,-5,66458220.000,5,0,5,双平,S,3206.4000,3206.2000,3205.6000,3205.2000,3205.0000,3207.4000,3207.6000,3207.8000,3208.0000,3208.4000,2,4,1,1,1,1,2,2,2,1
SF,IH2012,2020-09-24 09:30:05.500,3207.4000,32122,-1,68382660.000,2,0,2,多平,S,3206.4000,3206.2000,3205.6000,3205.2000,3205.0000,3207.4000,3207.6000,3207.8000,3208.0000,3209.2000,2,4,1,1,1,1,2,1,2,1
SF,IH2012,2020-09-24 09:30:06.000,3207.6000,32120,-2,70307160.000,2,0,2,双平,S,3206.4000,3206.2000,3205.6000,3205.2000,3205.0000,3207.0000,3207.2000,3207.6000,3207.8000,3208.0000,3,4,1,1,1,7,1,1,1,2
SF,IH2012,2020-09-24 09:30:06.500,3207.0000,32114,-6,77040780.000,7,0,7,多平,S,3206.2000,3205.6000,3205.2000,3205.0000,3202.6000,3206.4000,3206.6000,3207.0000,3207.6000,3207.8000,2,1,1,1,1,2,1,6,1,1
SF,IH2012,2020-09-24 09:30:07.000,3206.2000,32112,-2,78964500.000,2,0,2,双平,S,3205.6000,3205.2000,3205.0000,3202.6000,3202.4000,3206.0000,3206.4000,3206.6000,3207.6000,3207.8000,1,1,1,1,1,6,6,1,1,1
SF,IH2012,2020-09-24 09:30:07.500,3206.0000,32110,-2,81849660.000,3,0,3,多平,S,3205.2000,3205.0000,3202.6000,3202.4000,3202.2000,3206.0000,3206.4000,3206.6000,3207.6000,3207.8000,1,1,1,1,1,6,4,1,1,1
SF,IH2012,2020-09-24 09:30:08.000,3206.0000,32109,-1,86658420.000,5,2,3,多平,S,3205.0000,3202.6000,3202.4000,3202.2000,3202.0000,3206.0000,3206.4000,3206.6000,3207.6000,3208.0000,1,1,1,1,1,3,4,1,1,2
SF,IH2012,2020-09-24 09:30:08.500,3206.0000,32108,-1,88581780.000,2,0,2,多平,S,3205.0000,3202.6000,3202.4000,3202.2000,3202.0000,3205.6000,3206.4000,3206.6000,3207.6000,3208.0000,1,1,1,1,1,1,4,1,1,2
SF,IH2012,2020-09-24 09:30:09.000,3206.0000,32108,0,89543580.000,1,0,1,多换,S,3205.0000,3202.6000,3202.4000,3202.2000,3202.0000,3206.4000,3206.6000,3207.6000,3208.0000,3209.2000,1,1,1,1,1,5,1,1,2,1
SF,IH2012,2020-09-24 09:30:09.500,3205.0000,32108,0,90505080.000,1,0,1,多换,S,3202.6000,3202.4000,3202.2000,3202.0000,3201.4000,3205.8000,3206.0000,3206.2000,3206.4000,3206.6000,1,1,1,1,2,1,1,3,5,1
SF,IH2012,2020-09-24 09:30:10.000,3205.0000,32108,0,90505080.000,0,-,-,-,-,3203.2000,3203.0000,3202.8000,3202.6000,3202.4000,3205.6000,3206.2000,3206.4000,3206.6000,3207.6000,2,1,13,1,1,2,5,5,1,1
SF,IH2012,2020-09-24 09:30:10.500,3205.6000,32108,0,92427900.000,2,1,1,多换,S,3203.4000,3203.2000,3203.0000,3202.8000,3202.6000,3205.6000,3206.2000,3206.4000,3206.6000,3207.6000,2,3,1,12,1,1,4,5,1,1
SF,IH2012,2020-09-24 09:30:11.000,3205.6000,32108,0,92427900.000,0,-,-,-,-,3203.6000,3203.4000,3203.2000,3203.0000,3202.8000,3205.6000,3206.2000,3206.4000,3206.6000,3207.6000,1,2,3,1,12,1,3,5,1,1
SF,IH2012,2020-09-24 09:30:11.500,3205.6000,32108,0,92427900.000,0,-,-,-,-,3203.8000,3203.6000,3203.4000,3203.2000,3203.0000,3205.0000,3205.4000,3205.6000,3206.2000,3206.4000,2,1,1,2,1,1,1,1,3,5
SF,IH2012,2020-09-24 09:30:12.000,3204.0000,32108,0,93389100.000,1,0,1,多换,S,3203.8000,3203.6000,3203.4000,3203.0000,3202.8000,3205.0000,3205.4000,3205.6000,3206.2000,3206.4000,1,1,1,1,1,1,1,1,3,6
SF,IH2012,2020-09-24 09:30:12.500,3203.8000,32107,-1,94350240.000,1,0,1,双平,S,3203.6000,3203.4000,3203.0000,3202.8000,3202.6000,3204.8000,3205.0000,3205.4000,3205.6000,3206.2000,1,1,1,1,1,1,1,1,1,3
SF,IH2012,2020-09-24 09:30:13.000,3203.8000,32106,-1,97233480.000,3,1,2,多平,S,3202.6000,3202.4000,3202.2000,3202.0000,3201.4000,3203.6000,3203.8000,3204.6000,3204.8000,3205.0000,1,1,1,1,2,2,1,4,1,1
SF,IH2012,2020-09-24 09:30:13.500,3202.0000,32108,2,102037020.000,5,3,2,空开,S,3201.4000,3201.2000,3201.0000,3200.2000,3200.0000,3203.0000,3203.4000,3203.6000,3203.8000,3204.4000,2,2,2,3,11,1,2,2,1,1
SF,IH2012,2020-09-24 09:30:14.000,3201.6000,32108,0,103958100.000,2,1,1,多换,S,3201.4000,3201.2000,3201.0000,3200.2000,3200.0000,3203.0000,3203.4000,3203.6000,3203.8000,3204.4000,2,2,2,3,11,1,2,2,2,1
SF,IH2012,2020-09-24 09:30:14.500,3201.6000,32108,0,103958100.000,0,-,-,-,-,3201.4000,3201.2000,3201.0000,3200.2000,3200.0000,3202.6000,3202.8000,3203.0000,3203.4000,3203.6000,2,2,2,3,11,1,1,1,2,2
SF,IH2012,2020-09-24 09:30:15.000,3201.6000,32108,0,103958100.000,0,-,-,-,-,3201.4000,3201.2000,3201.0000,3200.2000,3200.0000,3202.8000,3203.0000,3203.4000,3203.6000,3203.8000,2,2,2,3,11,1,1,2,2,3
SF,IH2012,2020-09-24 09:30:15.500,3201.4000,32108,0,104918520.000,1,0,1,多换,S,3201.4000,3201.2000,3201.0000,3200.2000,3200.0000,3202.8000,3203.0000,3203.4000,3203.6000,3203.8000,1,2,2,3,11,1,1,2,2,3
SF,IH2012,2020-09-24 09:30:16.000,3201.4000,32109,1,105878940.000,1,1,0,双开,S,3201.2000,3201.0000,3200.2000,3200.0000,3197.0000,3201.4000,3203.4000,3203.6000,3203.8000,3204.0000,2,3,3,11,1,6,2,2,3,1
SF,IH2012,2020-09-24 09:30:16.500,3201.4000,32105,-4,112601880.000,7,1,6,多平,S,3201.2000,3201.0000,3200.2000,3200.0000,3197.0000,3203.0000,3203.4000,3203.6000,3203.8000,3204.0000,3,3,3,12,1,1,2,2,3,1
SF,IH2012,2020-09-24 09:30:17.000,3202.8000,32105,0,114523140.000,2,1,1,多换,S,3201.6000,3201.2000,3201.0000,3200.2000,3200.0000,3202.8000,3203.4000,3203.6000,3203.8000,3204.0000,1,2,3,3,12,1,2,2,3,1
SF,IH2012,2020-09-24 09:30:17.500,3201.8000,32102,-3,117405360.000,3,0,3,双平,S,3201.6000,3201.4000,3201.2000,3201.0000,3200.2000,3203.4000,3203.6000,3203.8000,3204.4000,3204.8000,1,1,2,3,3,2,2,3,1,1
SF,IH2012,2020-09-24 09:30:18.000,3203.2000,32100,-2,121247940.000,4,1,3,多平,S,3201.8000,3201.6000,3201.4000,3201.2000,3201.0000,3203.2000,3203.4000,3203.6000,3203.8000,3204.4000,1,1,1,3,3,1,2,2,3,1
SF,IH2012,2020-09-24 09:30:18.500,3203.4000,32095,-5,126053040.000,5,0,5,双平,S,3202.0000,3201.8000,3201.6000,3201.4000,3201.2000,3203.6000,3203.8000,3204.4000,3205.0000,3205.2000,4,2,1,1,3,1,3,1,1,8
SF,IH2012,2020-09-24 09:30:19.000,3203.8000,32093,-2,129897540.000,4,1,3,多平,S,3203.6000,3203.0000,3202.6000,3202.2000,3202.0000,3205.0000,3205.2000,3206.2000,3206.4000,3208.0000,2,1,1,2,3,1,8,2,4,1
SF,IH2012,2020-09-24 09:30:19.500,3205.2000,32093,0,132782160.000,3,1,2,多换,S,3203.6000,3203.0000,3202.8000,3202.6000,3202.4000,3204.0000,3205.2000,3206.2000,3206.4000,3208.0000,2,1,1,1,8,1,6,2,4,1
SF,IH2012,2020-09-24 09:30:20.000,3204.0000,32092,-1,133743360.000,1,0,1,双平,S,3204.4000,3204.0000,3203.6000,3203.4000,3203.0000,3205.2000,3206.2000,3206.4000,3208.0000,3209.0000,1,1,1,1,1,6,2,4,1,1
SF,IH2012,2020-09-24 09:30:20.500,3204.4000,32090,-2,136627740.000,3,0,3,多平,S,3204.0000,3203.6000,3203.4000,3203.2000,3203.0000,3205.2000,3206.2000,3206.4000,3208.0000,3209.0000,1,1,1,1,1,5,2,4,1,1
SF,IH2012,2020-09-24 09:30:21.000,3204.4000,32090,0,136627740.000,0,-,-,-,-,3205.0000,3204.2000,3204.0000,3203.6000,3203.4000,3205.2000,3206.2000,3206.4000,3208.0000,3209.0000,1,4,1,1,1,5,2,4,1,1
SF,IH2012,2020-09-24 09:30:21.500,3205.2000,32090,0,141435540.000,5,2,3,多换,S,3205.2000,3205.0000,3204.2000,3203.4000,3203.2000,3206.2000,3206.4000,3208.0000,3209.0000,3209.6000,1,1,3,1,2,2,3,1,1,2
SF,IH2012,2020-09-24 09:30:22.000,3205.2000,32089,-1,142397100.000,1,0,1,双平,S,3205.2000,3205.0000,3204.2000,3203.4000,3203.2000,3206.2000,3206.4000,3209.0000,3209.6000,3211.0000,1,1,2,1,2,2,3,1,2,6
SF,IH2012,2020-09-24 09:30:22.500,3205.2000,32088,-1,144320460.000,2,0,2,多平,S,3205.0000,3204.2000,3203.6000,3203.4000,3203.2000,3206.2000,3206.4000,3209.0000,3209.6000,3211.0000,1,2,1,1,2,2,3,1,2,6
SF,IH2012,2020-09-24 09:30:23.000,3205.0000,32087,-1,145281960.000,1,0,1,双平,S,3204.2000,3203.6000,3203.4000,3203.2000,3203.0000,3206.2000,3206.4000,3208.2000,3209.0000,3209.6000,1,1,1,2,1,2,3,1,1,2
SF,IH2012,2020-09-24 09:30:23.500,3205.0000,32087,0,145281960.000,0,-,-,-,-,3204.6000,3204.4000,3204.2000,3203.6000,3203.4000,3206.2000,3206.4000,3208.2000,3209.0000,3209.6000,9,4,1,1,1,2,3,1,1,2
SF,IH2012,2020-09-24 09:30:24.000,3206.2000,32087,0,146243820.000,1,0,1,多换,S,3204.8000,3204.6000,3204.4000,3204.2000,3203.6000,3206.4000,3208.2000,3209.0000,3209.6000,3211.0000,2,9,2,2,1,3,1,1,2,6
SF,IH2012,2020-09-24 09:30:24.500,3206.2000,32087,0,146243820.000,0,-,-,-,-,3205.0000,3204.8000,3204.6000,3204.4000,3204.2000,3206.4000,3208.2000,3209.0000,3209.6000,3211.0000,9,1,1,2,2,3,1,1,2,6
SF,IH2012,2020-09-24 09:30:25.000,3206.4000,32087,0,149129580.000,3,1,2,多换,S,3206.4000,3205.6000,3205.4000,3205.2000,3205.0000,3208.2000,3209.0000,3209.6000,3211.0000,3211.6000,7,1,1,2,9,1,1,2,6,2
SF,IH2012,2020-09-24 09:30:25.500,3206.4000,32087,0,149129580.000,0,-,-,-,-,3206.6000,3206.4000,3206.2000,3205.4000,3205.2000,3208.0000,3208.2000,3209.0000,3209.6000,3211.0000,2,7,1,2,1,3,1,1,2,6
SF,IH2012,2020-09-24 09:30:26.000,3206.4000,32087,0,149129580.000,0,-,-,-,-,3206.6000,3206.4000,3206.2000,3205.4000,3205.2000,3208.0000,3208.2000,3209.0000,3209.6000,3211.0000,10,7,1,2,1,2,1,1,2,1
SF,IH2012,2020-09-24 09:30:26.500,3206.4000,32087,0,149129580.000,0,-,-,-,-,3206.6000,3206.4000,3206.2000,3205.4000,3205.2000,3208.0000,3208.2000,3209.0000,3209.6000,3211.0000,10,7,1,2,1,1,1,1,1,1
SF,IH2012,2020-09-24 09:30:27.000,3208.2000,32086,-1,151054440.000,2,0,2,多平,S,3207.4000,3206.8000,3206.6000,3206.4000,3206.2000,3209.0000,3209.6000,3211.0000,3211.6000,3211.8000,1,4,9,8,1,1,1,1,2,1
SF,IH2012,2020-09-24 09:30:27.500,3206.6000,32087,1,153940500.000,3,2,1,空开,S,3206.6000,3206.4000,3206.2000,3205.4000,3205.2000,3208.8000,3209.0000,3209.6000,3211.0000,3211.6000,8,8,1,1,1,2,1,1,1,2
SF,IH2012,2020-09-24 09:30:28.000,3206.6000,32087,0,153940500.000,0,-,-,-,-,3207.8000,3207.0000,3206.8000,3206.4000,3206.2000,3208.8000,3209.0000,3209.6000,3211.0000,3211.6000,8,1,2,8,1,1,1,1,1,2
SF,IH2012,2020-09-24 09:30:28.500,3208.8000,32087,0,155865780.000,2,1,1,多换,S,3208.8000,3206.4000,3206.2000,3206.0000,3205.4000,3209.0000,3209.6000,3211.0000,3211.6000,3211.8000,3,8,1,1,1,1,1,1,2,1
SF,IH2012,2020-09-24 09:30:29.000,3208.8000,32087,0,158753700.000,3,1,2,多换,S,3206.4000,3206.2000,3206.0000,3205.4000,3205.2000,3208.0000,3208.8000,3209.0000,3209.6000,3211.0000,8,1,1,1,1,1,4,2,1,1
SF,IH2012,2020-09-24 09:30:29.500,3208.8000,32085,-2,160678980.000,2,0,2,双平,S,3206.6000,3206.4000,3206.2000,3206.0000,3205.2000,3207.8000,3208.0000,3208.8000,3209.0000,3209.6000,1,8,1,1,1,2,1,2,1,1
SF,IH2012,2020-09-24 09:30:30.000,3208.6000,32086,1,161641560.000,1,1,0,双开,S,3206.8000,3206.4000,3206.2000,3206.0000,3204.6000,3207.6000,3207.8000,3208.0000,3208.8000,3209.0000,1,8,1,1,1,1,1,1,2,1
SF,IH2012,2020-09-24 09:30:30.500,3208.0000,32084,-2,163566000.000,2,0,2,双平,S,3206.4000,3206.2000,3206.0000,3204.6000,3204.2000,3206.8000,3208.8000,3209.0000,3211.0000,3211.6000,8,1,1,1,1,1,2,1,1,1
SF,IH2012,2020-09-24 09:30:31.000,3206.8000,32082,-2,166452720.000,3,0,3,多平,S,3206.4000,3206.2000,3206.0000,3204.6000,3204.2000,3209.0000,3211.0000,3211.6000,3211.8000,3214.0000,8,1,1,1,1,1,1,1,1,1
SF,IH2012,2020-09-24 09:30:31.500,3206.6000,32082,0,167414700.000,1,0,1,多换,S,3206.4000,3206.2000,3206.0000,3204.6000,3204.2000,3207.6000,3208.0000,3208.2000,3208.8000,3209.0000,8,1,1,1,1,3,1,1,2,1
SF,IH2012,2020-09-24 09:30:32.000,3206.4000,32082,0,169338540.000,2,1,1,多换,S,3206.4000,3206.2000,3206.0000,3204.6000,3204.2000,3207.4000,3207.6000,3208.0000,3208.6000,3208.8000,6,1,1,1,1,1,3,1,1,1
SF,IH2012,2020-09-24 09:30:33.500,3206.4000,32081,-1,176071980.000,7,3,4,多平,S,3206.2000,3206.0000,3204.6000,3204.2000,3203.6000,3206.4000,3207.4000,3207.6000,3208.0000,3208.6000,1,1,1,1,1,1,1,3,1,1
SF,IH2012,2020-09-24 09:30:34.000,3206.2000,32077,-4,180881220.000,5,0,5,多平,S,3204.2000,3203.6000,3203.2000,3203.0000,3202.8000,3206.2000,3206.4000,3207.4000,3207.6000,3208.0000,1,1,3,1,3,2,1,1,3,1
SF,IH2012,2020-09-24 09:30:34.500,3206.2000,32077,0,180881220.000,0,-,-,-,-,3204.6000,3204.4000,3204.2000,3203.6000,3203.2000,3206.0000,3206.2000,3206.4000,3207.4000,3207.6000,8,3,1,1,2,1,1,1,1,3
SF,IH2012,2020-09-24 09:30:35.000,3206.2000,32077,0,180881220.000,0,-,-,-,-,3205.2000,3204.8000,3204.6000,3204.4000,3204.2000,3206.0000,3206.2000,3206.4000,3207.4000,3207.6000,1,2,9,3,2,1,1,1,1,3
SF,IH2012,2020-09-24 09:30:35.500,3206.2000,32077,0,180881220.000,0,-,-,-,-,3205.4000,3205.0000,3204.8000,3204.6000,3204.4000,3206.2000,3206.4000,3207.4000,3207.6000,3208.0000,8,2,1,1,1,1,1,1,3,1
SF,IH2012,2020-09-24 09:30:36.000,3206.4000,32075,-2,182805000.000,2,0,2,双平,S,3205.6000,3205.4000,3205.0000,3204.8000,3204.6000,3207.4000,3207.6000,3208.0000,3208.6000,3209.0000,2,9,1,1,1,1,3,1,1,1
SF,IH2012,2020-09-24 09:30:36.500,3206.4000,32075,0,182805000.000,0,-,-,-,-,3205.6000,3205.0000,3204.6000,3204.4000,3204.2000,3206.8000,3207.2000,3207.4000,3207.6000,3208.0000,2,1,1,1,2,1,2,1,3,1
SF,IH2012,2020-09-24 09:30:37.000,3206.4000,32075,0,182805000.000,0,-,-,-,-,3205.8000,3205.6000,3205.0000,3204.6000,3204.4000,3207.2000,3207.4000,3207.6000,3208.0000,3208.6000,8,2,1,1,2,1,1,3,1,1
SF,IH2012,2020-09-24 09:30:37.500,3206.4000,32075,0,182805000.000,0,-,-,-,-,3205.6000,3205.0000,3204.6000,3204.4000,3204.2000,3206.4000,3207.0000,3207.2000,3207.6000,3208.0000,2,1,1,2,2,1,1,1,3,1
SF,IH2012,2020-09-24 09:30:38.000,3206.4000,32075,0,183766920.000,1,0,1,多换,S,3206.2000,3206.0000,3205.6000,3205.4000,3205.0000,3207.2000,3207.6000,3208.0000,3208.6000,3209.0000,1,8,2,1,1,1,3,1,1,1
SF,IH2012,2020-09-24 09:30:38.500,3206.4000,32075,0,183766920.000,0,-,-,-,-,3207.2000,3206.4000,3206.2000,3205.8000,3205.6000,3207.6000,3208.0000,3209.0000,3211.0000,3211.6000,1,8,1,1,2,3,1,1,1,1
SF,IH2012,2020-09-24 09:30:39.000,3207.6000,32072,-3,186653760.000,3,0,3,双平,S,3207.6000,3207.4000,3207.2000,3206.4000,3206.2000,3208.0000,3209.0000,3211.0000,3211.6000,3214.0000,1,1,1,8,1,1,1,1,1,1
SF,IH2012,2020-09-24 09:30:39.500,3207.6000,32072,0,186653760.000,0,-,-,-,-,3207.6000,3207.4000,3207.2000,3206.2000,3205.8000,3208.0000,3209.0000,3211.0000,3211.6000,3214.0000,1,9,1,1,2,2,1,1,1,1
SF,IH2012,2020-09-24 09:30:40.000,3207.6000,32069,-3,189540840.000,3,0,3,双平,S,3207.4000,3207.2000,3206.2000,3205.8000,3205.6000,3209.0000,3211.0000,3211.6000,3214.0000,3214.4000,1,1,1,2,2,1,1,1,1,1
SF,IH2012,2020-09-24 09:30:40.500,3207.6000,32069,0,189540840.000,0,-,-,-,-,3207.4000,3207.2000,3206.2000,3205.8000,3205.6000,3207.6000,3208.2000,3208.8000,3209.0000,3211.0000,1,1,1,2,2,1,1,2,1,1
SF,IH2012,2020-09-24 09:30:41.000,3207.6000,32069,0,190503120.000,1,0,1,多换,S,3207.6000,3207.4000,3207.2000,3206.2000,3205.8000,3208.2000,3208.8000,3209.0000,3211.0000,3211.6000,1,1,1,2,2,1,1,1,1,1
SF,IH2012,2020-09-24 09:30:41.500,3208.2000,32068,-1,191465580.000,1,0,1,双平,S,3208.0000,3207.4000,3207.2000,3206.2000,3205.8000,3208.8000,3209.0000,3211.0000,3211.6000,3214.0000,1,1,1,2,2,1,1,1,1,1
SF,IH2012,2020-09-24 09:30:42.000,3208.2000,32068,0,191465580.000,0,-,-,-,-,3208.0000,3207.6000,3207.4000,3207.2000,3206.2000,3208.8000,3209.0000,3211.0000,3211.6000,3214.0000,1,1,1,1,1,1,1,1,1,1
SF,IH2012,2020-09-24 09:30:42.500,3208.2000,32068,0,191465580.000,0,-,-,-,-,3208.2000,3208.0000,3207.6000,3207.4000,3207.2000,3208.8000,3209.0000,3211.0000,3211.6000,3214.0000,1,1,1,1,1,1,1,1,1,1
SF,IH2012,2020-09-24 09:30:43.000,3208.8000,32067,-1,192428220.000,1,0,1,双平,S,3208.2000,3208.0000,3207.6000,3207.4000,3207.2000,3209.0000,3211.0000,3211.6000,3214.0000,3214.4000,1,1,2,1,1,1,1,1,1,1
SF,IH2012,2020-09-24 09:30:43.500,3208.8000,32067,0,192428220.000,0,-,-,-,-,3208.8000,3208.4000,3208.2000,3208.0000,3207.6000,3209.0000,3211.0000,3211.6000,3214.0000,3214.4000,1,1,1,1,2,1,1,1,1,1
SF,IH2012,2020-09-24 09:30:44.000,3208.8000,32067,0,193390860.000,1,0,1,多换,S,3208.2000,3208.0000,3207.6000,3207.4000,3207.2000,3209.0000,3211.0000,3211.6000,3214.0000,3214.4000,1,1,2,1,1,1,1,1,1,1
SF,IH2012,2020-09-24 09:30:44.500,3208.4000,32066,-1,195316080.000,2,0,2,多平,S,3209.0000,3208.8000,3208.2000,3208.0000,3207.6000,3211.0000,3211.6000,3214.0000,3214.4000,3214.8000,1,1,1,1,2,1,1,1,1,5
SF,IH2012,2020-09-24 09:30:45.000,3208.4000,32066,0,195316080.000,0,-,-,-,-,3209.2000,3209.0000,3208.8000,3208.4000,3208.2000,3210.6000,3210.8000,3211.0000,3211.6000,3214.0000,1,1,1,8,1,1,3,1,1,1
SF,IH2012,2020-09-24 09:30:45.500,3208.4000,32066,0,195316080.000,0,-,-,-,-,3209.2000,3209.0000,3208.8000,3208.4000,3208.2000,3210.4000,3210.6000,3210.8000,3211.0000,3211.6000,1,1,1,8,1,3,1,1,1,1
SF,IH2012,2020-09-24 09:30:46.000,3208.4000,32064,-2,197241120.000,2,0,2,双平,S,3208.4000,3208.2000,3208.0000,3207.6000,3207.4000,3209.2000,3210.2000,3210.4000,3210.6000,3211.0000,8,1,1,2,1,1,1,2,1,1
SF,IH2012,2020-09-24 09:30:46.500,3208.4000,32064,0,197241120.000,0,-,-,-,-,3208.2000,3208.0000,3207.6000,3207.4000,3207.2000,3209.2000,3210.2000,3210.4000,3210.6000,3211.0000,1,1,2,1,1,1,1,2,1,1
SF,IH2012,2020-09-24 09:30:47.500,3208.2000,32064,0,199166340.000,2,1,1,多换,S,3208.0000,3207.6000,3207.4000,3207.2000,3206.2000,3209.0000,3210.2000,3210.4000,3210.6000,3211.0000,1,2,1,1,1,1,1,2,1,1
SF,IH2012,2020-09-24 09:30:48.000,3208.4000,32063,-1,201091260.000,2,0,2,多平,S,3207.6000,3207.4000,3207.2000,3206.2000,3205.8000,3209.0000,3210.2000,3210.4000,3210.6000,3211.0000,2,1,1,1,2,2,1,1,1,1
SF,IH2012,2020-09-24 09:30:48.500,3208.4000,32064,1,202053780.000,1,1,0,双开,S,3207.6000,3207.4000,3207.2000,3206.2000,3205.8000,3208.8000,3209.0000,3210.0000,3210.2000,3210.6000,3,1,1,1,2,1,2,1,1,1
SF,IH2012,2020-09-24 09:30:49.000,3208.8000,32063,-1,203016420.000,1,0,1,双平,S,3207.6000,3207.4000,3207.2000,3206.2000,3205.8000,3209.0000,3210.0000,3210.2000,3210.6000,3211.0000,2,1,1,1,2,2,1,1,1,1
SF,IH2012,2020-09-24 09:30:49.500,3208.8000,32063,0,204941700.000,2,1,1,多换,S,3208.0000,3207.6000,3207.2000,3206.2000,3205.8000,3208.8000,3209.0000,3210.0000,3210.6000,3211.0000,1,2,1,1,2,2,2,1,1,1
SF,IH2012,2020-09-24 09:30:50.000,3208.0000,32062,-1,205904100.000,1,0,1,双平,S,3207.6000,3207.2000,3206.2000,3205.8000,3205.6000,3208.6000,3208.8000,3209.0000,3210.0000,3210.6000,2,1,1,2,1,1,2,1,1,1
SF,IH2012,2020-09-24 09:30:50.500,3208.0000,32062,0,205904100.000,0,-,-,-,-,3207.6000,3207.2000,3206.2000,3205.8000,3205.6000,3208.4000,3208.6000,3208.8000,3209.0000,3210.0000,2,1,1,2,1,1,1,1,1,1
SF,IH2012,2020-09-24 09:30:51.000,3206.2000,32059,-3,209752680.000,4,0,4,多平,S,3205.8000,3205.6000,3205.0000,3204.4000,3203.6000,3206.4000,3207.2000,3207.4000,3207.6000,3207.8000,2,1,2,1,1,2,8,5,8,1
SF,IH2012,2020-09-24 09:30:51.500,3206.4000,32057,-2,211676520.000,2,0,2,双平,S,3206.4000,3206.0000,3205.8000,3205.6000,3205.0000,3208.2000,3209.0000,3210.0000,3210.6000,3211.0000,1,4,1,1,2,1,1,1,1,1
SF,IH2012,2020-09-24 09:30:52.000,3208.2000,32057,0,212638980.000,1,0,1,多换,S,3208.8000,3206.6000,3206.4000,3206.0000,3205.8000,3209.0000,3210.0000,3210.6000,3211.0000,3211.6000,3,4,1,4,1,1,1,1,1,1
SF,IH2012,2020-09-24 09:30:52.500,3208.8000,32057,0,215526900.000,3,1,2,多换,S,3206.6000,3206.4000,3206.0000,3205.8000,3205.6000,3208.6000,3208.8000,3209.0000,3210.0000,3210.6000,1,1,1,1,1,1,4,1,1,1
SF,IH2012,2020-09-24 09:30:53.000,3208.8000,32057,0,215526900.000,0,-,-,-,-,3206.8000,3206.6000,3206.4000,3206.0000,3205.8000,3208.6000,3208.8000,3209.0000,3210.0000,3210.6000,3,1,1,1,1,1,1,1,1,1
SF,IH2012,2020-09-24 09:30:53.500,3208.8000,32057,0,215526900.000,0,-,-,-,-,3207.6000,3207.0000,3206.8000,3206.4000,3206.0000,3208.8000,3209.0000,3210.0000,3210.6000,3211.0000,1,4,2,1,1,1,1,1,1,1
SF,IH2012,2020-09-24 09:30:54.000,3208.8000,32057,0,215526900.000,0,-,-,-,-,3207.8000,3207.6000,3207.0000,3206.8000,3206.4000,3209.0000,3210.0000,3210.6000,3211.0000,3211.6000,1,1,3,1,1,1,1,1,1,1
SF,IH2012,2020-09-24 09:30:54.500,3208.8000,32057,0,215526900.000,0,-,-,-,-,3207.8000,3207.6000,3207.0000,3206.8000,3206.4000,3209.0000,3210.0000,3210.6000,3211.0000,3211.6000,2,1,3,1,1,1,1,1,1,1
SF,IH2012,2020-09-24 09:30:55.000,3208.8000,32057,0,215526900.000,0,-,-,-,-,3208.2000,3207.8000,3207.6000,3207.0000,3206.8000,3209.0000,3210.0000,3210.6000,3211.0000,3211.6000,6,2,1,1,1,2,1,1,1,1
SF,IH2012,2020-09-24 09:30:55.500,3208.2000,32051,-6,221301660.000,6,0,6,双平,S,3207.8000,3207.6000,3207.0000,3206.8000,3206.4000,3209.0000,3210.0000,3210.6000,3211.0000,3211.6000,2,1,1,1,1,2,1,1,1,1
SF,IH2012,2020-09-24 09:30:56.000,3208.2000,32051,0,221301660.000,0,-,-,-,-,3207.8000,3207.6000,3207.0000,3206.8000,3206.4000,3208.8000,3209.0000,3209.2000,3210.0000,3210.6000,1,1,1,1,1,1,3,1,1,1
SF,IH2012,2020-09-24 09:30:56.500,3208.2000,32051,0,221301660.000,0,-,-,-,-,3207.8000,3207.6000,3207.0000,3206.8000,3206.4000,3209.0000,3209.2000,3210.0000,3210.6000,3211.0000,1,1,1,1,1,3,1,1,1,1
SF,IH2012,2020-09-24 09:30:57.000,3208.2000,32051,0,221301660.000,0,-,-,-,-,3208.0000,3207.8000,3207.6000,3207.0000,3206.8000,3209.0000,3209.2000,3210.0000,3210.6000,3211.0000,1,1,1,1,1,3,1,1,1,1
SF,IH2012,2020-09-24 09:30:57.500,3208.2000,32051,0,221301660.000,0,-,-,-,-,3208.0000,3207.8000,3207.6000,3207.0000,3206.8000,3209.0000,3209.2000,3210.0000,3210.6000,3211.0000,1,1,1,1,1,3,1,1,1,1
SF,IH2012,2020-09-24 09:30:58.000,3208.8000,32051,0,222264300.000,1,0,1,多换,S,3208.0000,3207.8000,3207.6000,3207.0000,3206.8000,3209.0000,3209.2000,3210.0000,3210.6000,3211.0000,1,1,1,1,1,3,1,1,1,1
SF,IH2012,2020-09-24 09:30:58.500,3208.8000,32051,0,222264300.000,0,-,-,-,-,3208.0000,3207.8000,3207.6000,3207.0000,3206.8000,3208.8000,3209.0000,3209.2000,3210.0000,3210.6000,1,1,1,1,1,1,3,1,1,1
SF,IH2012,2020-09-24 09:30:59.000,3208.8000,32051,0,222264300.000,0,-,-,-,-,3208.0000,3207.8000,3207.6000,3207.0000,3206.8000,3208.8000,3209.0000,3209.2000,3210.0000,3210.6000,1,2,1,1,1,1,3,1,1,1
SF,IH2012,2020-09-24 09:30:59.500,3208.0000,32050,-1,223226700.000,1,0,1,双平,S,3207.8000,3207.6000,3207.0000,3206.8000,3206.4000,3208.0000,3208.8000,3209.0000,3209.2000,3210.0000,2,1,1,1,1,1,2,3,1,1
SF,IH2012,2020-09-24 09:31:00.000,3208.0000,32049,-1,225151500.000,2,0,2,多平,S,3208.0000,3207.8000,3207.6000,3206.8000,3206.4000,3208.8000,3209.0000,3209.2000,3210.0000,3210.6000,2,3,1,1,1,2,3,1,1,1
SF,IH2012,2020-09-24 09:31:00.500,3208.0000,32048,-1,226113900.000,1,0,1,双平,S,3207.8000,3206.8000,3206.4000,3206.0000,3205.0000,3208.6000,3208.8000,3209.0000,3209.2000,3210.0000,2,1,1,1,2,2,2,2,1,1
SF,IH2012,2020-09-24 09:31:01.000,3206.4000,32044,-4,229962540.000,4,0,4,双平,S,3206.0000,3205.0000,3203.6000,3203.2000,3203.0000,3208.4000,3208.6000,3208.8000,3209.0000,3209.2000,1,2,1,1,1,3,2,1,2,1
SF,IH2012,2020-09-24 09:31:01.500,3207.8000,32043,-1,230924880.000,1,0,1,双平,S,3206.2000,3206.0000,3205.0000,3203.6000,3203.2000,3207.8000,3208.2000,3208.4000,3208.6000,3208.8000,1,1,2,1,1,1,8,8,1,1
SF,IH2012,2020-09-24 09:31:02.000,3207.8000,32043,0,230924880.000,0,-,-,-,-,3206.0000,3205.0000,3203.6000,3203.2000,3203.0000,3207.6000,3207.8000,3208.2000,3208.4000,3208.6000,1,2,1,1,1,3,1,4,3,1
SF,IH2012,2020-09-24 09:31:02.500,3207.8000,32043,0,230924880.000,0,-,-,-,-,3206.2000,3206.0000,3205.0000,3203.6000,3203.2000,3207.6000,3208.2000,3208.4000,3208.6000,3208.8000,1,1,2,1,1,3,4,3,1,2
SF,IH2012,2020-09-24 09:31:03.000,3207.8000,32043,0,230924880.000,0,-,-,-,-,3206.4000,3206.2000,3206.0000,3205.0000,3203.6000,3207.6000,3208.2000,3208.4000,3208.6000,3208.8000,2,1,1,2,1,3,4,1,1,2
SF,IH2012,2020-09-24 09:31:03.500,3206.6000,32042,-1,232849200.000,2,0,2,多平,S,3206.4000,3206.0000,3205.0000,3203.6000,3203.2000,3208.2000,3208.4000,3208.6000,3208.8000,3209.0000,2,1,2,1,1,2,1,1,2,2
SF,IH2012,2020-09-24 09:31:04.000,3206.6000,32042,0,232849200.000,0,-,-,-,-,3206.0000,3205.0000,3203.6000,3203.2000,3203.0000,3206.4000,3207.8000,3208.0000,3208.2000,3208.4000,1,2,1,1,1,1,1,6,2,1
SF,IH2012,2020-09-24 09:31:04.500,3206.6000,32042,0,232849200.000,0,-,-,-,-,3205.0000,3203.6000,3203.2000,3203.0000,3202.8000,3206.4000,3207.8000,3208.0000,3208.2000,3208.6000,2,1,1,1,1,1,1,2,2,1
SF,IH2012,2020-09-24 09:31:05.000,3206.6000,32042,0,232849200.000,0,-,-,-,-,3205.2000,3205.0000,3203.6000,3203.2000,3203.0000,3206.4000,3208.0000,3208.2000,3208.6000,3208.8000,3,2,1,1,1,1,2,2,1,2
SF,IH2012,2020-09-24 09:31:05.500,3206.4000,32041,-1,233811120.000,1,0,1,双平,S,3205.8000,3205.4000,3205.2000,3205.0000,3203.6000,3208.0000,3208.2000,3208.6000,3208.8000,3209.0000,2,6,2,2,1,2,1,1,2,2
SF,IH2012,2020-09-24 09:31:06.000,3206.4000,32041,0,233811120.000,0,-,-,-,-,3206.4000,3206.0000,3205.8000,3205.4000,3205.0000,3207.6000,3207.8000,3208.0000,3208.2000,3208.6000,1,2,1,5,2,1,1,2,1,1
SF,IH2012,2020-09-24 09:31:06.500,3206.4000,32041,0,234773040.000,1,0,1,多换,S,3206.0000,3205.8000,3205.4000,3205.0000,3203.6000,3207.8000,3208.0000,3208.2000,3208.6000,3208.8000,2,1,5,2,1,1,4,1,1,2
SF,IH2012,2020-09-24 09:31:07.000,3206.0000,32041,0,236696700.000,2,1,1,多换,S,3205.8000,3205.4000,3205.0000,3203.6000,3203.2000,3206.4000,3207.4000,3207.6000,3207.8000,3208.0000,1,4,2,1,1,1,1,2,1,3
SF,IH2012,2020-09-24 09:31:07.500,3206.4000,32041,0,237658620.000,1,0,1,多换,S,3206.0000,3205.8000,3205.4000,3205.0000,3203.6000,3207.6000,3207.8000,3208.0000,3208.2000,3208.6000,1,1,4,2,1,1,3,3,1,1
SF,IH2012,2020-09-24 09:31:08.000,3206.4000,32041,0,237658620.000,0,-,-,-,-,3206.0000,3205.8000,3205.4000,3205.0000,3203.6000,3207.6000,3207.8000,3208.0000,3208.6000,3208.8000,1,1,4,2,1,1,1,2,1,2
SF,IH2012,2020-09-24 09:31:08.500,3206.4000,32041,0,237658620.000,0,-,-,-,-,3206.2000,3206.0000,3205.8000,3205.4000,3205.0000,3206.6000,3207.6000,3207.8000,3208.0000,3208.6000,1,1,1,4,3,1,1,1,2,1
SF,IH2012,2020-09-24 09:31:09.000,3206.6000,32041,0,238620600.000,1,0,1,多换,S,3206.6000,3206.4000,3206.2000,3205.8000,3205.4000,3207.6000,3207.8000,3208.0000,3208.6000,3208.8000,1,1,1,1,4,1,1,2,1,2
SF,IH2012,2020-09-24 09:31:09.500,3206.6000,32040,-1,239582580.000,1,0,1,双平,S,3206.2000,3206.0000,3205.8000,3205.4000,3205.0000,3207.8000,3208.0000,3208.6000,3208.8000,3209.0000,1,1,1,4,3,1,2,1,2,2
SF,IH2012,2020-09-24 09:31:10.000,3206.4000,32038,-2,241506480.000,2,0,2,双平,S,3206.4000,3206.2000,3206.0000,3205.8000,3205.4000,3207.8000,3208.0000,3208.6000,3208.8000,3209.0000,2,1,1,1,4,1,2,1,2,2
SF,IH2012,2020-09-24 09:31:10.500,3206.4000,32038,0,241506480.000,0,-,-,-,-,3206.4000,3206.2000,3206.0000,3205.8000,3205.4000,3207.6000,3207.8000,3208.0000,3208.6000,3208.8000,1,1,2,1,4,2,1,2,1,2
SF,IH2012,2020-09-24 09:31:11.000,3206.4000,32038,0,241506480.000,0,-,-,-,-,3206.4000,3206.2000,3206.0000,3205.8000,3205.4000,3207.6000,3207.8000,3208.0000,3208.6000,3208.8000,1,1,2,1,4,2,1,2,1,2
SF,IH2012,2020-09-24 09:31:11.500,3206.4000,32038,0,241506480.000,0,-,-,-,-,3206.4000,3206.2000,3206.0000,3205.8000,3205.4000,3207.4000,3207.6000,3208.0000,3208.6000,3208.8000,1,1,2,1,4,1,2,2,1,2
SF,IH2012,2020-09-24 09:31:12.000,3206.4000,32038,0,241506480.000,0,-,-,-,-,3206.4000,3206.2000,3206.0000,3205.8000,3205.4000,3207.2000,3207.4000,3207.6000,3208.0000,3208.6000,1,1,2,1,4,1,1,1,2,1
SF,IH2012,2020-09-24 09:31:12.500,3206.4000,32038,0,241506480.000,0,-,-,-,-,3206.4000,3206.0000,3205.8000,3205.4000,3205.0000,3207.2000,3207.4000,3207.6000,3208.0000,3208.6000,1,2,1,4,3,1,1,1,2,1
SF,IH2012,2020-09-24 09:31:13.000,3206.4000,32038,0,241506480.000,0,-,-,-,-,3206.4000,3206.0000,3205.8000,3205.4000,3205.0000,3207.2000,3207.4000,3207.6000,3208.0000,3208.6000,2,2,1,4,3,1,1,1,2,1
SF,IH2012,2020-09-24 09:31:13.500,3207.2000,32037,-1,242468640.000,1,0,1,双平,S,3207.2000,3206.6000,3206.4000,3206.0000,3205.8000,3207.4000,3207.6000,3208.0000,3208.6000,3208.8000,1,1,2,2,1,1,1,2,1,2
SF,IH2012,2020-09-24 09:31:14.000,3207.4000,32036,-1,243430860.000,1,0,1,双平,S,3207.4000,3207.2000,3206.6000,3206.4000,3206.0000,3208.0000,3208.6000,3208.8000,3209.0000,3209.2000,1,1,1,2,2,1,1,2,2,1
SF,IH2012,2020-09-24 09:31:14.500,3207.4000,32036,0,243430860.000,0,-,-,-,-,3207.4000,3207.2000,3207.0000,3206.6000,3206.4000,3208.0000,3208.6000,3208.8000,3209.0000,3209.2000,1,1,1,2,2,1,1,2,2,1
SF,IH2012,2020-09-24 09:31:15.000,3207.4000,32036,0,243430860.000,0,-,-,-,-,3207.4000,3207.2000,3207.0000,3206.6000,3206.4000,3208.0000,3208.6000,3208.8000,3209.0000,3209.2000,1,1,1,2,2,1,1,2,2,1
SF,IH2012,2020-09-24 09:31:15.500,3207.4000,32036,0,243430860.000,0,-,-,-,-,3207.4000,3207.2000,3207.0000,3206.6000,3206.4000,3207.8000,3208.0000,3208.6000,3208.8000,3209.0000,1,1,1,2,2,1,1,1,2,2
SF,IH2012,2020-09-24 09:31:16.000,3207.8000,32036,0,244393200.000,1,0,1,多换,S,3207.2000,3207.0000,3206.6000,3206.4000,3206.0000,3208.0000,3208.6000,3208.8000,3209.0000,3209.2000,1,1,2,2,3,1,1,2,2,1
SF,IH2012,2020-09-24 09:31:16.500,3207.8000,32036,0,244393200.000,0,-,-,-,-,3207.2000,3207.0000,3206.6000,3206.4000,3206.0000,3207.8000,3208.0000,3208.6000,3208.8000,3209.0000,2,1,2,2,3,1,2,1,2,2
SF,IH2012,2020-09-24 09:31:17.000,3207.2000,32035,-1,245355360.000,1,0,1,双平,S,3207.0000,3206.6000,3206.4000,3206.0000,3205.8000,3207.8000,3208.0000,3208.6000,3208.8000,3209.0000,1,2,2,3,1,1,2,1,2,2
SF,IH2012,2020-09-24 09:31:17.500,3207.2000,32035,0,245355360.000,0,-,-,-,-,3207.0000,3206.6000,3206.4000,3206.0000,3205.8000,3207.8000,3208.0000,3208.6000,3208.8000,3209.0000,2,2,2,3,1,1,2,1,2,2
SF,IH2012,2020-09-24 09:31:19.500,3207.0000,32035,0,246317460.000,1,0,1,多换,S,3207.0000,3206.6000,3206.4000,3206.0000,3205.8000,3207.8000,3208.0000,3208.6000,3208.8000,3209.0000,1,2,2,3,1,1,2,1,2,2
SF,IH2012,2020-09-24 09:31:20.000,3207.0000,32035,0,246317460.000,0,-,-,-,-,3207.0000,3206.6000,3206.4000,3206.0000,3205.8000,3207.8000,3208.0000,3208.6000,3208.8000,3209.0000,1,2,2,3,1,1,2,1,2,2
SF,IH2012,2020-09-24 09:31:20.500,3207.0000,32035,0,246317460.000,0,-,-,-,-,3207.4000,3206.6000,3206.4000,3206.0000,3205.8000,3207.8000,3208.0000,3208.6000,3208.8000,3209.0000,1,1,2,3,1,1,2,1,2,2
SF,IH2012,2020-09-24 09:31:21.000,3207.4000,32034,-1,247279680.000,1,0,1,双平,S,3206.6000,3206.4000,3206.0000,3205.8000,3205.4000,3207.4000,3207.8000,3208.0000,3208.6000,3208.8000,1,2,3,1,2,1,1,2,1,2
SF,IH2012,2020-09-24 09:31:21.500,3207.4000,32034,0,247279680.000,0,-,-,-,-,3206.8000,3206.6000,3206.4000,3206.0000,3205.8000,3207.8000,3208.0000,3208.4000,3208.6000,3208.8000,1,1,2,3,1,1,2,1,1,2
SF,IH2012,2020-09-24 09:31:22.000,3207.4000,32034,0,247279680.000,0,-,-,-,-,3206.8000,3206.6000,3206.4000,3206.0000,3205.8000,3207.8000,3208.0000,3208.4000,3208.6000,3208.8000,1,1,2,3,1,1,2,1,1,2
SF,IH2012,2020-09-24 09:31:22.500,3207.4000,32034,0,247279680.000,0,-,-,-,-,3207.2000,3206.8000,3206.6000,3206.4000,3206.0000,3207.8000,3208.0000,3208.4000,3208.6000,3208.8000,1,1,1,2,3,1,2,1,1,2
SF,IH2012,2020-09-24 09:31:23.000,3207.4000,32034,0,247279680.000,0,-,-,-,-,3206.8000,3206.6000,3206.4000,3206.0000,3205.8000,3207.8000,3208.0000,3208.4000,3208.6000,3208.8000,2,1,2,3,1,1,2,1,1,2
SF,IH2012,2020-09-24 09:31:23.500,3207.8000,32033,-1,248242020.000,1,0,1,双平,S,3207.0000,3206.8000,3206.6000,3206.4000,3206.0000,3208.0000,3208.4000,3208.6000,3208.8000,3209.0000,1,1,1,2,3,2,1,1,2,2
SF,IH2012,2020-09-24 09:31:24.000,3207.8000,32033,0,248242020.000,0,-,-,-,-,3207.8000,3207.0000,3206.8000,3206.6000,3206.4000,3208.0000,3208.4000,3208.6000,3208.8000,3209.0000,1,1,1,1,2,2,1,1,2,2
SF,IH2012,2020-09-24 09:31:24.500,3207.8000,32033,0,249204360.000,1,0,1,多换,S,3207.0000,3206.8000,3206.6000,3206.4000,3206.0000,3208.0000,3208.4000,3208.6000,3208.8000,3209.0000,1,1,1,2,3,3,1,1,2,2
SF,IH2012,2020-09-24 09:31:25.000,3207.8000,32033,0,249204360.000,0,-,-,-,-,3207.2000,3207.0000,3206.8000,3206.6000,3206.4000,3207.8000,3208.0000,3208.4000,3208.6000,3208.8000,1,1,1,1,2,1,3,1,1,2
SF,IH2012,2020-09-24 09:31:25.500,3207.8000,32033,0,249204360.000,0,-,-,-,-,3207.2000,3207.0000,3206.8000,3206.6000,3206.4000,3207.8000,3208.0000,3208.4000,3208.6000,3208.8000,1,2,1,1,2,1,3,1,1,2
SF,IH2012,2020-09-24 09:31:26.000,3207.8000,32033,0,249204360.000,0,-,-,-,-,3207.4000,3207.0000,3206.8000,3206.6000,3206.4000,3207.8000,3208.0000,3208.4000,3208.6000,3208.8000,1,2,1,1,2,1,3,1,1,2
SF,IH2012,2020-09-24 09:31:26.500,3207.4000,32031,-2,251128920.000,2,0,2,双平,S,3207.0000,3206.8000,3206.6000,3206.4000,3206.2000,3208.0000,3208.4000,3208.6000,3208.8000,3209.0000,2,1,1,2,1,3,1,1,2,2
SF,IH2012,2020-09-24 09:31:27.000,3207.4000,32031,0,251128920.000,0,-,-,-,-,3207.2000,3207.0000,3206.8000,3206.6000,3206.4000,3208.0000,3208.4000,3208.6000,3208.8000,3209.0000,1,2,1,1,2,3,1,1,2,2
SF,IH2012,2020-09-24 09:31:27.500,3207.4000,32031,0,251128920.000,0,-,-,-,-,3207.4000,3207.2000,3207.0000,3206.8000,3206.6000,3208.0000,3208.4000,3208.6000,3208.8000,3209.0000,2,2,2,1,1,3,1,1,2,2
SF,IH2012,2020-09-24 09:31:28.000,3207.4000,32031,0,251128920.000,0,-,-,-,-,3207.4000,3207.2000,3207.0000,3206.8000,3206.6000,3208.0000,3208.4000,3208.6000,3208.8000,3209.0000,2,2,2,1,1,3,1,1,2,2
SF,IH2012,2020-09-24 09:31:28.500,3207.4000,32031,0,251128920.000,0,-,-,-,-,3207.8000,3207.4000,3207.2000,3207.0000,3206.8000,3208.0000,3208.4000,3208.6000,3208.8000,3209.0000,1,2,2,2,1,3,1,1,2,2
SF,IH2012,2020-09-24 09:31:29.000,3207.8000,32030,-1,252091260.000,1,0,1,双平,S,3207.4000,3207.2000,3207.0000,3206.8000,3206.6000,3207.8000,3208.0000,3208.4000,3208.6000,3208.8000,2,2,2,1,1,1,3,1,1,2
SF,IH2012,2020-09-24 09:31:29.500,3207.4000,32028,-2,254015700.000,2,0,2,双平,S,3207.2000,3207.0000,3206.8000,3206.6000,3206.4000,3207.4000,3207.8000,3208.0000,3208.4000,3208.6000,2,2,1,1,1,1,1,4,1,1
SF,IH2012,2020-09-24 09:31:30.000,3207.4000,32027,-1,254977920.000,1,0,1,双平,S,3207.2000,3207.0000,3206.8000,3206.6000,3206.4000,3207.8000,3208.0000,3208.4000,3208.6000,3208.8000,1,2,1,1,1,1,4,1,1,2
SF,IH2012,2020-09-24 09:31:30.500,3207.8000,32027,0,255940260.000,1,0,1,多换,S,3207.2000,3207.0000,3206.8000,3206.6000,3206.4000,3207.4000,3208.0000,3208.4000,3208.6000,3208.8000,1,2,1,1,1,1,4,1,1,2
SF,IH2012,2020-09-24 09:31:31.000,3207.6000,32026,-1,256902540.000,1,0,1,双平,S,3207.4000,3207.2000,3207.0000,3206.8000,3206.6000,3208.0000,3208.4000,3208.6000,3208.8000,3209.0000,3,1,2,1,1,4,1,1,2,2
SF,IH2012,2020-09-24 09:31:31.500,3207.6000,32026,0,256902540.000,0,-,-,-,-,3207.4000,3207.2000,3207.0000,3206.8000,3206.6000,3208.0000,3208.4000,3208.6000,3208.8000,3209.0000,2,1,2,1,1,4,1,1,2,2
SF,IH2012,2020-09-24 09:31:32.000,3208.0000,32025,-1,257864940.000,1,0,1,双平,S,3207.4000,3207.2000,3207.0000,3206.8000,3206.6000,3208.0000,3208.4000,3208.6000,3208.8000,3209.0000,2,1,2,1,1,3,1,1,2,2
SF,IH2012,2020-09-24 09:31:32.500,3208.0000,32023,-2,260752140.000,3,0,3,多平,S,3207.4000,3207.2000,3207.0000,3206.8000,3206.6000,3208.6000,3208.8000,3209.0000,3209.2000,3209.8000,2,1,2,1,1,1,2,2,2,1
SF,IH2012,2020-09-24 09:31:33.000,3208.0000,32023,0,260752140.000,0,-,-,-,-,3207.6000,3207.4000,3207.2000,3207.0000,3206.8000,3208.4000,3208.6000,3208.8000,3209.0000,3209.2000,1,2,1,2,1,1,1,2,2,2
SF,IH2012,2020-09-24 09:31:33.500,3208.4000,32022,-1,261714660.000,1,0,1,双平,S,3208.0000,3207.6000,3207.4000,3207.2000,3207.0000,3208.6000,3208.8000,3209.0000,3209.2000,3209.8000,2,9,2,1,2,1,2,2,2,1
SF,IH2012,2020-09-24 09:31:34.000,3208.0000,32022,0,262677060.000,1,0,1,多换,S,3208.0000,3207.6000,3207.4000,3207.2000,3207.0000,3208.6000,3208.8000,3209.0000,3209.2000,3209.8000,1,9,2,1,2,1,2,2,2,1
SF,IH2012,2020-09-24 09:31:34.500,3208.6000,32021,-1,263639640.000,1,0,1,双平,S,3207.6000,3207.4000,3207.2000,3207.0000,3206.8000,3208.8000,3209.0000,3209.2000,3209.8000,3210.0000,1,2,1,2,1,2,2,2,1,1
SF,IH2012,2020-09-24 09:31:35.000,3208.6000,32021,0,263639640.000,0,-,-,-,-,3207.6000,3207.4000,3207.2000,3207.0000,3206.8000,3208.0000,3208.8000,3209.0000,3209.2000,3209.8000,2,2,1,2,1,1,2,2,2,1
SF,IH2012,2020-09-24 09:31:35.500,3208.0000,32020,-1,264602040.000,1,0,1,双平,S,3208.6000,3207.8000,3207.6000,3207.4000,3207.2000,3208.8000,3209.0000,3209.2000,3209.8000,3210.0000,1,1,2,2,1,2,2,2,1,1
SF,IH2012,2020-09-24 09:31:36.000,3208.6000,32021,1,265564620.000,1,1,0,双开,S,3207.6000,3207.4000,3207.2000,3207.0000,3206.8000,3208.6000,3208.8000,3209.0000,3209.2000,3209.8000,1,2,1,2,1,3,2,2,2,1
SF,IH2012,2020-09-24 09:31:36.500,3208.6000,32021,0,265564620.000,0,-,-,-,-,3207.6000,3207.4000,3207.2000,3207.0000,3206.8000,3208.6000,3208.8000,3209.0000,3209.2000,3209.8000,1,3,1,2,1,2,2,2,2,1
SF,IH2012,2020-09-24 09:31:37.000,3208.6000,32021,0,265564620.000,0,-,-,-,-,3208.0000,3207.8000,3207.4000,3207.2000,3207.0000,3208.6000,3208.8000,3209.0000,3209.2000,3209.8000,1,1,4,1,2,1,2,2,2,1
SF,IH2012,2020-09-24 09:31:39.000,3208.6000,32021,0,265564620.000,0,-,-,-,-,3208.0000,3207.8000,3207.4000,3207.2000,3207.0000,3208.6000,3208.8000,3209.0000,3209.2000,3209.8000,1,1,4,1,2,2,2,2,2,1
SF,IH2012,2020-09-24 09:31:39.500,3208.0000,32021,0,266527020.000,1,0,1,多换,S,3207.4000,3207.2000,3207.0000,3206.6000,3206.4000,3208.6000,3208.8000,3209.0000,3209.2000,3209.8000,4,1,2,1,1,2,2,2,2,1
SF,IH2012,2020-09-24 09:31:40.000,3208.0000,32021,0,266527020.000,0,-,-,-,-,3207.4000,3207.2000,3207.0000,3206.6000,3206.4000,3208.6000,3208.8000,3209.0000,3209.2000,3209.8000,5,1,2,1,1,2,2,2,2,1
SF,IH2012,2020-09-24 09:31:40.500,3207.8000,32021,0,267489360.000,1,0,1,多换,S,3207.8000,3207.6000,3207.4000,3207.2000,3207.0000,3208.6000,3208.8000,3209.0000,3209.2000,3209.8000,7,3,4,1,2,3,2,2,2,1
SF,IH2012,2020-09-24 09:31:41.000,3207.8000,32021,0,267489360.000,0,-,-,-,-,3208.0000,3207.8000,3207.6000,3207.4000,3207.2000,3208.4000,3208.6000,3208.8000,3209.0000,3209.2000,1,7,1,4,1,1,3,2,2,2
SF,IH2012,2020-09-24 09:31:41.500,3208.4000,32020,-1,268451880.000,1,0,1,双平,S,3208.4000,3208.0000,3207.6000,3207.4000,3207.2000,3208.6000,3208.8000,3209.0000,3209.2000,3209.8000,8,1,2,4,1,3,2,2,2,1
SF,IH2012,2020-09-24 09:31:42.000,3208.6000,32017,-3,271339620.000,3,0,3,双平,S,3208.6000,3208.4000,3208.0000,3207.8000,3207.6000,3208.8000,3209.0000,3209.2000,3209.8000,3210.0000,1,8,1,1,2,3,2,2,1,1
SF,IH2012,2020-09-24 09:31:42.500,3209.0000,32014,-3,275190240.000,4,0,4,多平,S,3208.8000,3208.6000,3208.4000,3208.0000,3207.8000,3209.0000,3209.2000,3209.8000,3210.0000,3210.2000,8,1,1,1,1,1,2,1,1,1
SF,IH2012,2020-09-24 09:31:43.000,3208.8000,32013,-1,277115580.000,2,0,2,多平,S,3208.8000,3208.6000,3208.4000,3208.0000,3207.8000,3209.2000,3209.8000,3210.0000,3210.2000,3210.6000,9,1,1,1,1,2,1,1,1,2
SF,IH2012,2020-09-24 09:31:43.500,3208.6000,32010,-3,280966080.000,4,0,4,多平,S,3208.0000,3207.8000,3207.6000,3207.4000,3207.2000,3209.2000,3209.4000,3209.8000,3210.0000,3210.2000,1,1,1,6,1,2,1,1,1,1
SF,IH2012,2020-09-24 09:31:44.000,3208.6000,32010,0,280966080.000,0,-,-,-,-,3208.4000,3208.2000,3208.0000,3207.8000,3207.6000,3209.2000,3209.4000,3209.8000,3210.0000,3210.2000,4,1,1,1,1,2,1,1,1,1
SF,IH2012,2020-09-24 09:31:45.000,3208.6000,32010,0,280966080.000,0,-,-,-,-,3208.4000,3208.2000,3208.0000,3207.6000,3207.4000,3209.2000,3209.4000,3209.8000,3210.0000,3210.2000,4,1,1,1,6,2,1,1,1,1
SF,IH2012,2020-09-24 09:31:47.000,3209.2000,32009,-1,281928840.000,1,0,1,双平,S,3208.2000,3208.0000,3207.6000,3207.4000,3207.2000,3208.4000,3209.2000,3209.4000,3209.8000,3210.0000,1,1,1,6,1,1,1,1,1,1
SF,IH2012,2020-09-24 09:31:47.500,3208.4000,32009,0,282891360.000,1,0,1,多换,S,3208.4000,3208.0000,3207.4000,3207.2000,3207.0000,3209.2000,3209.4000,3209.8000,3210.0000,3210.2000,5,1,6,1,3,1,1,1,1,1
SF,IH2012,2020-09-24 09:31:48.000,3208.4000,32009,0,282891360.000,0,-,-,-,-,3208.4000,3208.0000,3207.4000,3207.2000,3207.0000,3209.2000,3209.4000,3209.8000,3210.0000,3210.2000,1,1,6,1,3,1,1,1,1,1
SF,IH2012,2020-09-24 09:31:48.500,3209.2000,32008,-1,283854120.000,1,0,1,双平,S,3208.4000,3208.0000,3207.4000,3207.2000,3207.0000,3209.4000,3209.8000,3210.0000,3210.2000,3210.6000,1,1,6,1,3,1,1,1,1,2
SF,IH2012,2020-09-24 09:31:49.000,3209.2000,32008,0,283854120.000,0,-,-,-,-,3208.4000,3208.0000,3207.4000,3207.2000,3207.0000,3209.4000,3209.8000,3210.0000,3210.2000,3210.6000,2,1,6,1,3,1,1,1,1,2
SF,IH2012,2020-09-24 09:31:49.500,3209.2000,32008,0,283854120.000,0,-,-,-,-,3208.4000,3208.0000,3207.4000,3207.2000,3207.0000,3209.4000,3209.8000,3210.2000,3210.6000,3211.0000,2,1,6,1,3,1,1,1,2,4
SF,IH2012,2020-09-24 09:31:50.000,3209.2000,32008,0,283854120.000,0,-,-,-,-,3208.4000,3207.4000,3207.2000,3207.0000,3206.4000,3209.2000,3209.4000,3209.8000,3210.2000,3210.6000,1,6,1,3,1,1,2,1,1,2
SF,IH2012,2020-09-24 09:31:50.500,3208.4000,32008,0,284816640.000,1,0,1,多换,S,3208.0000,3207.4000,3207.2000,3207.0000,3206.4000,3209.2000,3209.4000,3209.8000,3210.2000,3210.6000,1,6,1,3,1,1,2,1,1,2
SF,IH2012,2020-09-24 09:31:51.000,3208.4000,32008,0,284816640.000,0,-,-,-,-,3208.4000,3208.0000,3207.4000,3207.2000,3207.0000,3209.0000,3209.2000,3209.4000,3209.8000,3210.2000,1,1,6,1,3,1,1,2,1,1
SF,IH2012,2020-09-24 09:31:51.500,3209.0000,32007,-1,286741860.000,2,0,2,多平,S,3208.0000,3207.4000,3207.2000,3207.0000,3206.4000,3209.2000,3209.4000,3209.8000,3210.2000,3210.6000,1,6,1,3,1,1,2,1,1,2
SF,IH2012,2020-09-24 09:31:52.000,3209.0000,32007,0,286741860.000,0,-,-,-,-,3208.2000,3208.0000,3207.4000,3207.2000,3207.0000,3209.2000,3209.4000,3209.8000,3210.2000,3210.6000,1,1,6,1,3,1,2,1,1,2
SF,IH2012,2020-09-24 09:31:52.500,3209.0000,32007,0,286741860.000,0,-,-,-,-,3208.2000,3208.0000,3207.4000,3207.2000,3207.0000,3209.4000,3209.8000,3210.2000,3210.6000,3211.0000,1,1,6,1,3,2,1,1,2,4
SF,IH2012,2020-09-24 09:31:53.000,3209.0000,32007,0,286741860.000,0,-,-,-,-,3208.4000,3208.2000,3208.0000,3207.4000,3207.2000,3209.0000,3209.4000,3209.8000,3210.2000,3210.6000,1,2,1,6,1,1,1,1,1,2
SF,IH2012,2020-09-24 09:31:53.500,3209.0000,32007,0,287704560.000,1,0,1,多换,S,3208.6000,3208.4000,3208.2000,3208.0000,3207.4000,3209.4000,3209.8000,3210.2000,3210.6000,3211.0000,2,5,1,1,6,1,1,1,2,4
SF,IH2012,2020-09-24 09:31:54.000,3209.0000,32007,0,287704560.000,0,-,-,-,-,3208.8000,3208.6000,3208.4000,3208.2000,3208.0000,3209.4000,3209.8000,3210.2000,3210.6000,3211.0000,4,2,1,1,1,1,1,1,2,4
SF,IH2012,2020-09-24 09:31:54.500,3209.0000,32007,0,287704560.000,0,-,-,-,-,3209.0000,3208.8000,3208.4000,3208.2000,3208.0000,3209.8000,3210.2000,3210.6000,3211.0000,3211.6000,1,5,1,1,1,1,1,2,4,1
SF,IH2012,2020-09-24 09:31:55.000,3209.0000,32007,0,287704560.000,0,-,-,-,-,3209.0000,3208.8000,3208.4000,3208.2000,3208.0000,3209.8000,3210.2000,3210.6000,3211.0000,3211.6000,2,4,1,1,1,1,1,2,4,1
SF,IH2012,2020-09-24 09:31:55.500,3209.0000,32007,0,287704560.000,0,-,-,-,-,3209.4000,3209.0000,3208.8000,3208.4000,3208.2000,3209.8000,3210.2000,3210.6000,3211.0000,3211.6000,1,2,4,1,2,1,1,1,4,1
SF,IH2012,2020-09-24 09:31:56.000,3209.4000,32006,-1,288667380.000,1,0,1,双平,S,3209.0000,3208.8000,3208.4000,3208.2000,3208.0000,3210.2000,3210.6000,3211.0000,3211.6000,3211.8000,2,4,1,2,1,1,1,4,1,1
SF,IH2012,2020-09-24 09:31:56.500,3209.4000,32006,0,288667380.000,0,-,-,-,-,3209.2000,3209.0000,3208.4000,3208.2000,3208.0000,3210.2000,3210.6000,3211.0000,3211.6000,3211.8000,5,1,1,2,1,1,1,4,1,1
SF,IH2012,2020-09-24 09:31:57.000,3209.4000,32005,-1,289630200.000,1,0,1,双平,S,3209.4000,3209.2000,3208.4000,3208.2000,3208.0000,3210.2000,3210.6000,3211.0000,3211.6000,3211.8000,1,4,1,2,1,1,1,4,1,1
SF,IH2012,2020-09-24 09:31:57.500,3209.4000,32005,0,289630200.000,0,-,-,-,-,3209.4000,3209.2000,3208.4000,3208.2000,3208.0000,3210.2000,3210.6000,3211.0000,3211.6000,3211.8000,1,4,1,2,1,1,1,4,1,1
SF,IH2012,2020-09-24 09:31:58.000,3209.4000,32005,0,289630200.000,0,-,-,-,-,3209.6000,3209.2000,3208.4000,3208.2000,3208.0000,3210.2000,3210.6000,3211.0000,3211.6000,3211.8000,1,4,1,2,1,1,1,4,1,1
SF,IH2012,2020-09-24 09:31:58.500,3209.4000,32005,0,289630200.000,0,-,-,-,-,3209.2000,3208.4000,3208.2000,3208.0000,3207.4000,3210.2000,3210.6000,3211.0000,3211.6000,3211.8000,4,1,2,1,7,1,1,4,1,1
SF,IH2012,2020-09-24 09:31:59.000,3209.4000,32005,0,289630200.000,0,-,-,-,-,3209.4000,3208.4000,3208.2000,3208.0000,3207.4000,3210.2000,3210.6000,3211.0000,3211.6000,3211.8000,1,1,2,1,7,1,1,4,1,1
SF,IH2012,2020-09-24 09:32:00.500,3209.4000,32005,0,289630200.000,0,-,-,-,-,3209.4000,3208.4000,3208.2000,3208.0000,3207.4000,3210.2000,3210.6000,3211.0000,3211.6000,3211.8000,1,1,2,1,7,1,1,4,1,1
SF,IH2012,2020-09-24 09:32:01.000,3209.4000,32005,0,289630200.000,0,-,-,-,-,3208.4000,3208.2000,3208.0000,3207.4000,3207.2000,3210.0000,3210.2000,3210.6000,3211.0000,3211.6000,1,2,1,7,1,1,1,1,4,1
SF,IH2012,2020-09-24 09:32:01.500,3209.4000,32005,0,289630200.000,0,-,-,-,-,3208.8000,3208.6000,3208.4000,3208.2000,3208.0000,3210.0000,3210.2000,3210.6000,3211.0000,3211.6000,4,4,1,2,1,1,1,1,4,1
SF,IH2012,2020-09-24 09:32:02.000,3210.0000,32004,-1,290593200.000,1,0,1,双平,S,3209.0000,3208.8000,3208.6000,3208.4000,3208.2000,3210.2000,3210.6000,3211.0000,3211.6000,3211.8000,2,4,1,1,2,1,1,4,1,1
SF,IH2012,2020-09-24 09:32:02.500,3210.0000,32004,0,290593200.000,0,-,-,-,-,3209.0000,3208.8000,3208.6000,3208.4000,3208.2000,3210.0000,3210.2000,3210.6000,3211.0000,3211.6000,3,4,1,1,2,2,1,1,4,1
SF,IH2012,2020-09-24 09:32:03.000,3210.0000,32004,0,290593200.000,0,-,-,-,-,3209.2000,3209.0000,3208.8000,3208.4000,3208.2000,3210.0000,3210.2000,3210.6000,3211.0000,3211.6000,1,2,4,1,2,3,1,1,4,1
SF,IH2012,2020-09-24 09:32:03.500,3210.0000,32004,0,290593200.000,0,-,-,-,-,3209.2000,3209.0000,3208.8000,3208.4000,3208.2000,3210.0000,3210.2000,3210.6000,3211.0000,3211.6000,2,1,4,1,1,2,1,1,4,1
SF,IH2012,2020-09-24 09:32:04.000,3210.0000,32004,0,290593200.000,0,-,-,-,-,3209.2000,3209.0000,3208.8000,3208.4000,3208.2000,3210.0000,3210.2000,3210.6000,3211.0000,3211.6000,1,1,4,1,1,2,1,1,4,1
SF,IH2012,2020-09-24 09:32:04.500,3210.0000,32004,0,290593200.000,0,-,-,-,-,3209.0000,3208.8000,3208.4000,3208.2000,3208.0000,3210.0000,3210.2000,3210.6000,3211.0000,3211.6000,1,4,1,1,1,2,1,1,4,1
SF,IH2012,2020-09-24 09:32:05.000,3210.0000,32003,-1,291556200.000,1,0,1,双平,S,3209.2000,3209.0000,3208.8000,3208.4000,3208.2000,3210.0000,3210.2000,3210.6000,3211.0000,3211.6000,1,1,4,1,1,2,1,1,4,2
SF,IH2012,2020-09-24 09:32:05.500,3210.0000,32003,0,291556200.000,0,-,-,-,-,3209.0000,3208.8000,3208.4000,3208.2000,3208.0000,3210.0000,3210.2000,3210.6000,3211.0000,3211.6000,1,4,1,1,1,2,1,1,4,2
SF,IH2012,2020-09-24 09:32:06.500,3210.0000,32003,0,291556200.000,0,-,-,-,-,3209.0000,3208.4000,3208.2000,3208.0000,3207.4000,3210.0000,3210.2000,3210.6000,3211.0000,3211.6000,1,1,1,1,7,2,1,1,4,2
SF,IH2012,2020-09-24 09:32:07.500,3210.0000,32003,0,291556200.000,0,-,-,-,-,3209.0000,3208.4000,3208.2000,3208.0000,3207.4000,3210.0000,3210.2000,3210.6000,3211.0000,3211.6000,1,1,1,1,7,3,1,1,4,2
SF,IH2012,2020-09-24 09:32:08.000,3210.0000,32003,0,291556200.000,0,-,-,-,-,3209.2000,3209.0000,3208.4000,3208.2000,3208.0000,3210.0000,3210.2000,3210.6000,3211.0000,3211.6000,4,1,1,1,1,3,1,1,4,2
SF,IH2012,2020-09-24 09:32:08.500,3209.0000,32003,0,292518900.000,1,0,1,多换,S,3208.4000,3208.2000,3208.0000,3207.4000,3207.2000,3209.8000,3210.0000,3210.2000,3210.6000,3211.0000,1,1,1,7,1,3,3,1,1,4
SF,IH2012,2020-09-24 09:32:09.000,3209.0000,32003,0,292518900.000,0,-,-,-,-,3208.6000,3208.4000,3208.2000,3208.0000,3207.4000,3209.8000,3210.0000,3210.2000,3210.6000,3211.0000,6,1,1,1,7,1,3,1,1,4
SF,IH2012,2020-09-24 09:32:09.500,3209.0000,32003,0,292518900.000,0,-,-,-,-,3209.2000,3208.8000,3208.6000,3208.4000,3208.2000,3210.0000,3210.2000,3210.6000,3211.0000,3211.6000,1,3,9,2,1,2,1,1,4,2
SF,IH2012,2020-09-24 09:32:10.000,3208.6000,32003,0,295406760.000,3,1,2,多换,S,3208.6000,3208.4000,3208.2000,3208.0000,3207.4000,3210.0000,3210.2000,3210.6000,3211.0000,3211.6000,4,1,1,1,7,2,1,1,4,2
SF,IH2012,2020-09-24 09:32:10.500,3210.0000,32002,-1,296369760.000,1,0,1,双平,S,3209.4000,3209.2000,3209.0000,3208.8000,3208.4000,3210.0000,3210.2000,3210.6000,3211.0000,3211.6000,4,1,1,1,1,1,1,1,4,2
SF,IH2012,2020-09-24 09:32:11.000,3210.0000,32002,0,296369760.000,0,-,-,-,-,3209.4000,3209.2000,3209.0000,3208.8000,3208.4000,3210.0000,3210.2000,3210.6000,3211.0000,3211.6000,4,1,1,2,1,1,1,1,4,2
SF,IH2012,2020-09-24 09:32:11.500,3210.0000,32002,0,296369760.000,0,-,-,-,-,3209.4000,3209.2000,3209.0000,3208.8000,3208.4000,3210.0000,3210.2000,3210.6000,3211.0000,3211.6000,4,1,1,1,1,1,1,1,4,2
SF,IH2012,2020-09-24 09:32:12.000,3210.0000,32001,-1,297332760.000,1,0,1,双平,S,3209.4000,3209.2000,3209.0000,3208.8000,3208.4000,3210.6000,3211.0000,3211.6000,3211.8000,3212.2000,4,1,1,1,1,1,4,2,1,1
SF,IH2012,2020-09-24 09:32:12.500,3210.0000,32001,0,297332760.000,0,-,-,-,-,3209.4000,3209.2000,3209.0000,3208.8000,3208.4000,3210.0000,3210.6000,3211.0000,3211.6000,3211.8000,4,1,1,1,1,1,1,4,2,1
SF,IH2012,2020-09-24 09:32:13.000,3210.0000,32001,0,297332760.000,0,-,-,-,-,3209.4000,3209.0000,3208.8000,3208.4000,3208.2000,3210.0000,3210.6000,3211.0000,3211.6000,3211.8000,4,1,1,1,1,1,1,4,2,1
SF,IH2012,2020-09-24 09:32:13.500,3210.0000,32001,0,297332760.000,0,-,-,-,-,3209.4000,3209.0000,3208.8000,3208.4000,3208.2000,3210.0000,3210.6000,3211.0000,3211.6000,3211.8000,4,1,1,1,1,1,1,4,2,1
SF,IH2012,2020-09-24 09:32:14.000,3210.0000,32001,0,297332760.000,0,-,-,-,-,3209.4000,3209.0000,3208.8000,3208.4000,3208.2000,3210.0000,3210.2000,3210.6000,3211.0000,3211.6000,4,1,1,1,1,1,1,1,4,2
SF,IH2012,2020-09-24 09:32:14.500,3210.0000,32000,-1,298295760.000,1,0,1,双平,S,3210.0000,3209.8000,3209.6000,3209.4000,3209.0000,3210.2000,3210.6000,3211.0000,3211.6000,3211.8000,2,1,4,4,1,1,1,4,2,1
SF,IH2012,2020-09-24 09:32:15.000,3210.2000,32000,0,299258820.000,1,0,1,多换,S,3210.2000,3210.0000,3209.4000,3209.0000,3208.8000,3211.0000,3211.6000,3211.8000,3212.2000,3214.6000,3,2,4,1,1,4,2,1,1,1
SF,IH2012,2020-09-24 09:32:15.500,3211.0000,31999,-1,300222120.000,1,0,1,双平,S,3210.4000,3210.2000,3210.0000,3209.4000,3209.0000,3211.0000,3211.6000,3211.8000,3212.2000,3212.4000,4,5,2,1,1,2,2,1,1,1
SF,IH2012,2020-09-24 09:32:16.000,3211.0000,31999,0,302148720.000,2,1,1,多换,S,3210.4000,3210.2000,3210.0000,3209.4000,3209.0000,3211.6000,3211.8000,3212.2000,3212.4000,3214.6000,4,6,2,1,1,2,1,1,1,1
SF,IH2012,2020-09-24 09:32:16.500,3211.0000,31999,0,302148720.000,0,-,-,-,-,3210.4000,3210.2000,3210.0000,3209.4000,3209.0000,3210.8000,3211.6000,3211.8000,3212.2000,3212.4000,4,4,3,1,1,1,3,1,1,1
SF,IH2012,2020-09-24 09:32:17.000,3210.8000,31998,-1,303111960.000,1,0,1,双平,S,3210.8000,3210.4000,3210.2000,3210.0000,3209.4000,3211.6000,3211.8000,3212.2000,3212.4000,3213.0000,2,4,4,3,1,3,1,1,1,1
SF,IH2012,2020-09-24 09:32:17.500,3211.2000,31997,-1,306002280.000,3,1,2,多平,S,3211.2000,3210.8000,3210.6000,3210.2000,3210.0000,3211.8000,3212.2000,3212.4000,3213.0000,3214.6000,3,5,2,2,4,1,1,1,1,1
SF,IH2012,2020-09-24 09:32:18.000,3212.2000,31997,0,306965940.000,1,0,1,多换,S,3211.2000,3210.8000,3210.6000,3210.2000,3210.0000,3212.4000,3213.0000,3214.6000,3215.0000,3215.6000,3,5,2,2,4,1,1,1,1,1
SF,IH2012,2020-09-24 09:32:18.500,3212.2000,31997,0,306965940.000,0,-,-,-,-,3211.4000,3211.2000,3210.8000,3210.2000,3210.0000,3212.4000,3213.0000,3213.8000,3214.6000,3215.0000,1,3,4,2,4,1,1,1,1,1
SF,IH2012,2020-09-24 09:32:19.000,3212.2000,31997,0,306965940.000,0,-,-,-,-,3211.8000,3211.4000,3210.8000,3210.2000,3210.0000,3212.4000,3213.0000,3213.8000,3214.6000,3215.0000,3,1,4,2,4,1,1,1,1,1
SF,IH2012,2020-09-24 09:32:19.500,3212.2000,31997,0,306965940.000,0,-,-,-,-,3211.8000,3210.8000,3210.2000,3210.0000,3209.0000,3212.4000,3213.0000,3213.8000,3214.6000,3215.0000,3,3,2,4,1,1,1,1,1,1
SF,IH2012,2020-09-24 09:32:20.000,3212.2000,31997,0,306965940.000,0,-,-,-,-,3210.8000,3210.2000,3210.0000,3209.0000,3208.4000,3212.4000,3213.0000,3213.8000,3214.6000,3215.0000,3,2,4,1,1,2,1,1,1,1
SF,IH2012,2020-09-24 09:32:20.500,3212.2000,31997,0,306965940.000,0,-,-,-,-,3211.2000,3211.0000,3210.8000,3210.2000,3210.0000,3212.4000,3213.0000,3213.8000,3214.6000,3215.0000,3,3,3,2,4,2,1,1,1,1
SF,IH2012,2020-09-24 09:32:21.000,3212.4000,31997,0,307929660.000,1,0,1,多换,S,3211.2000,3211.0000,3210.8000,3210.2000,3210.0000,3212.4000,3213.0000,3213.8000,3214.6000,3215.0000,3,1,3,2,4,1,1,1,1,2
SF,IH2012,2020-09-24 09:32:21.500,3211.2000,31994,-3,310819740.000,3,0,3,双平,S,3210.8000,3210.2000,3210.0000,3208.4000,3208.0000,3212.2000,3212.4000,3213.0000,3213.6000,3213.8000,3,2,4,1,2,4,1,1,4,1
SF,IH2012,2020-09-24 09:32:22.000,3212.0000,31994,0,311783340.000,1,0,1,多换,S,3210.2000,3210.0000,3208.4000,3208.0000,3207.4000,3212.0000,3212.2000,3213.0000,3213.6000,3213.8000,2,4,1,2,5,2,4,1,4,1
SF,IH2012,2020-09-24 09:32:22.500,3212.0000,31994,0,311783340.000,0,-,-,-,-,3210.4000,3210.2000,3210.0000,3208.6000,3208.4000,3211.8000,3212.0000,3212.2000,3213.0000,3213.6000,2,1,4,1,1,5,2,2,1,4
SF,IH2012,2020-09-24 09:32:23.000,3210.4000,31994,0,312746460.000,1,0,1,多换,S,3210.2000,3210.0000,3208.6000,3208.4000,3208.0000,3211.2000,3211.6000,3211.8000,3212.2000,3213.0000,1,4,1,1,2,1,3,5,2,1
SF,IH2012,2020-09-24 09:32:23.500,3210.2000,31994,0,313709520.000,1,0,1,多换,S,3210.0000,3208.6000,3208.4000,3208.0000,3207.4000,3210.4000,3211.0000,3211.2000,3211.4000,3211.6000,4,1,1,2,5,1,6,1,1,1
SF,IH2012,2020-09-24 09:32:24.000,3210.2000,31994,0,313709520.000,0,-,-,-,-,3210.0000,3208.6000,3208.4000,3208.0000,3207.4000,3211.0000,3211.2000,3211.4000,3211.6000,3211.8000,4,1,1,2,5,3,1,1,1,2
SF,IH2012,2020-09-24 09:32:24.500,3210.8000,31994,0,314672760.000,1,0,1,多换,S,3210.0000,3208.6000,3208.4000,3208.0000,3207.4000,3211.0000,3211.2000,3211.4000,3211.8000,3212.0000,4,1,1,2,5,3,1,1,2,1
SF,IH2012,2020-09-24 09:32:25.000,3210.0000,31994,0,319487760.000,5,2,3,多换,S,3208.6000,3208.4000,3208.0000,3207.4000,3207.2000,3210.8000,3211.0000,3211.2000,3211.4000,3211.8000,1,1,2,5,1,2,2,1,1,2
SF,IH2012,2020-09-24 09:32:25.500,3210.6000,31994,0,320450940.000,1,0,1,多换,S,3208.8000,3208.6000,3208.4000,3208.0000,3207.4000,3210.6000,3210.8000,3211.0000,3211.2000,3211.4000,4,1,1,2,5,2,2,1,1,1
SF,IH2012,2020-09-24 09:32:26.000,3210.6000,31994,0,320450940.000,0,-,-,-,-,3209.8000,3209.0000,3208.8000,3208.6000,3208.4000,3210.6000,3210.8000,3211.0000,3211.2000,3211.4000,1,2,3,2,1,3,1,1,1,1
SF,IH2012,2020-09-24 09:32:26.500,3210.6000,31993,-1,321414120.000,1,0,1,双平,S,3209.8000,3209.0000,3208.8000,3208.6000,3208.4000,3210.6000,3210.8000,3211.0000,3211.2000,3211.4000,1,1,4,2,1,2,1,1,1,1
SF,IH2012,2020-09-24 09:32:27.000,3210.6000,31994,1,322377300.000,1,1,0,双开,S,3209.8000,3209.0000,3208.8000,3208.6000,3208.4000,3210.6000,3210.8000,3211.0000,3211.2000,3211.4000,1,1,4,2,1,1,1,1,1,1
SF,IH2012,2020-09-24 09:32:27.500,3210.6000,31994,0,323340480.000,1,0,1,多换,S,3209.8000,3209.2000,3209.0000,3208.8000,3208.6000,3210.8000,3211.0000,3211.2000,3211.4000,3212.0000,1,1,1,4,2,1,1,1,1,1
SF,IH2012,2020-09-24 09:32:28.000,3209.8000,31994,0,324303420.000,1,0,1,多换,S,3210.0000,3209.8000,3209.2000,3209.0000,3208.8000,3211.2000,3211.4000,3212.0000,3213.6000,3214.6000,1,1,1,1,1,1,1,2,4,1
SF,IH2012,2020-09-24 09:32:28.500,3209.8000,31994,0,324303420.000,0,-,-,-,-,3210.2000,3209.8000,3209.2000,3209.0000,3208.8000,3211.0000,3211.2000,3211.4000,3211.6000,3212.0000,1,1,1,1,1,4,1,1,4,2
SF,IH2012,2020-09-24 09:32:29.000,3209.8000,31994,0,326229360.000,2,1,1,多换,S,3209.2000,3209.0000,3208.8000,3208.6000,3208.4000,3210.0000,3210.2000,3210.8000,3211.0000,3211.2000,1,1,1,1,1,1,2,3,3,1
SF,IH2012,2020-09-24 09:32:29.500,3209.8000,31994,0,326229360.000,0,-,-,-,-,3209.2000,3209.0000,3208.8000,3208.6000,3208.4000,3210.0000,3210.2000,3210.8000,3211.0000,3211.2000,1,1,1,1,1,1,2,3,2,1
SF,IH2012,2020-09-24 09:32:30.000,3209.8000,31994,0,326229360.000,0,-,-,-,-,3209.2000,3208.6000,3208.4000,3208.0000,3207.4000,3210.0000,3210.2000,3210.8000,3211.0000,3211.2000,1,1,1,2,5,1,2,3,2,1
SF,IH2012,2020-09-24 09:32:30.500,3209.8000,31994,0,326229360.000,0,-,-,-,-,3209.2000,3208.6000,3208.4000,3208.0000,3207.4000,3210.0000,3210.2000,3210.8000,3211.0000,3211.2000,1,1,1,2,5,2,2,3,1,1
SF,IH2012,2020-09-24 09:32:31.000,3210.0000,31993,-1,327192360.000,1,0,1,双平,S,3210.0000,3209.4000,3209.2000,3208.6000,3208.4000,3210.2000,3210.8000,3211.2000,3211.4000,3212.0000,1,2,2,1,1,1,1,1,1,1
SF,IH2012,2020-09-24 09:32:31.500,3210.0000,31994,1,329118360.000,2,1,1,空开,S,3209.4000,3209.2000,3208.6000,3208.4000,3208.0000,3210.2000,3210.8000,3211.2000,3211.4000,3212.0000,1,2,1,1,2,1,1,1,1,1
SF,IH2012,2020-09-24 09:32:32.000,3210.0000,31994,0,329118360.000,0,-,-,-,-,3209.4000,3209.2000,3208.6000,3208.4000,3208.0000,3210.8000,3211.2000,3211.4000,3212.0000,3214.6000,1,2,1,1,2,1,1,1,1,1
SF,IH2012,2020-09-24 09:32:32.500,3209.6000,31994,0,330081240.000,1,0,1,多换,S,3210.2000,3209.4000,3209.2000,3208.6000,3208.4000,3210.8000,3211.2000,3211.4000,3212.0000,3214.6000,1,2,2,1,1,1,1,1,1,1
SF,IH2012,2020-09-24 09:32:33.000,3211.2000,31992,-2,332007840.000,2,0,2,双平,S,3210.2000,3209.4000,3209.2000,3208.6000,3208.4000,3211.4000,3212.0000,3214.6000,3215.0000,3215.6000,1,2,2,1,1,1,1,1,1,1
SF,IH2012,2020-09-24 09:32:33.500,3211.2000,31992,0,332007840.000,0,-,-,-,-,3210.4000,3210.2000,3209.4000,3209.2000,3208.6000,3212.0000,3214.6000,3215.0000,3215.6000,3215.8000,2,1,1,2,1,1,1,1,1,1
SF,IH2012,2020-09-24 09:32:34.000,3211.2000,31992,0,332007840.000,0,-,-,-,-,3211.4000,3210.6000,3210.4000,3210.2000,3209.2000,3211.8000,3212.0000,3213.0000,3214.6000,3215.0000,1,1,3,1,2,2,2,4,1,1
SF,IH2012,2020-09-24 09:32:34.500,3211.4000,31991,-1,332971260.000,1,0,1,双平,S,3210.6000,3210.4000,3210.2000,3209.2000,3208.4000,3211.4000,3211.8000,3212.0000,3213.0000,3214.6000,1,2,1,2,1,2,1,2,4,1
SF,IH2012,2020-09-24 09:32:35.000,3211.4000,31991,0,332971260.000,0,-,-,-,-,3210.8000,3210.6000,3210.4000,3210.2000,3210.0000,3212.0000,3213.0000,3214.6000,3215.0000,3215.6000,1,1,1,1,1,2,4,1,1,1
SF,IH2012,2020-09-24 09:32:35.500,3211.4000,31991,0,332971260.000,0,-,-,-,-,3210.8000,3210.6000,3210.4000,3210.2000,3210.0000,3212.0000,3213.0000,3214.2000,3214.6000,3215.0000,1,1,1,1,1,1,4,1,1,1
SF,IH2012,2020-09-24 09:32:36.000,3211.4000,31991,0,332971260.000,0,-,-,-,-,3211.0000,3210.8000,3210.6000,3210.2000,3210.0000,3211.4000,3212.0000,3213.0000,3214.2000,3214.6000,1,1,1,1,1,1,1,4,1,1
SF,IH2012,2020-09-24 09:32:36.500,3211.4000,31991,0,332971260.000,0,-,-,-,-,3211.0000,3210.8000,3210.6000,3210.2000,3210.0000,3211.4000,3211.8000,3212.0000,3213.0000,3214.2000,1,1,1,1,1,1,1,1,4,1
SF,IH2012,2020-09-24 09:32:37.000,3211.4000,31990,-1,333934680.000,1,0,1,双平,S,3211.0000,3210.8000,3210.6000,3210.2000,3210.0000,3212.0000,3213.0000,3214.2000,3214.6000,3215.0000,1,1,1,1,1,1,4,1,1,1
SF,IH2012,2020-09-24 09:32:37.500,3211.4000,31990,0,333934680.000,0,-,-,-,-,3211.2000,3211.0000,3210.8000,3210.2000,3210.0000,3212.0000,3214.2000,3214.6000,3215.0000,3215.6000,1,1,1,1,1,1,1,1,1,1
SF,IH2012,2020-09-24 09:32:38.000,3212.0000,31989,-1,334898280.000,1,0,1,双平,S,3212.0000,3211.4000,3211.2000,3210.2000,3210.0000,3214.2000,3214.6000,3215.0000,3215.6000,3215.8000,1,2,1,1,1,1,1,1,1,1
SF,IH2012,2020-09-24 09:32:38.500,3212.0000,31989,0,334898280.000,0,-,-,-,-,3212.0000,3211.4000,3211.0000,3210.6000,3210.2000,3213.4000,3213.8000,3214.0000,3214.2000,3214.6000,4,1,1,1,1,2,7,7,2,1
SF,IH2012,2020-09-24 09:32:39.000,3212.0000,31989,0,334898280.000,0,-,-,-,-,3212.2000,3212.0000,3211.4000,3211.0000,3210.6000,3213.4000,3213.8000,3214.0000,3214.2000,3214.6000,1,4,1,1,1,1,3,7,1,1
SF,IH2012,2020-09-24 09:32:39.500,3212.0000,31989,0,334898280.000,0,-,-,-,-,3212.2000,3212.0000,3211.4000,3211.0000,3210.6000,3213.4000,3213.8000,3214.0000,3214.2000,3214.6000,1,4,1,1,1,1,3,6,1,1
SF,IH2012,2020-09-24 09:32:40.000,3212.0000,31989,0,334898280.000,0,-,-,-,-,3212.2000,3212.0000,3211.4000,3211.0000,3210.6000,3213.4000,3213.8000,3214.0000,3214.2000,3214.6000,1,4,1,1,1,2,3,6,1,1
SF,IH2012,2020-09-24 09:32:40.500,3212.0000,31989,0,334898280.000,0,-,-,-,-,3212.2000,3212.0000,3211.4000,3210.6000,3210.2000,3213.4000,3213.8000,3214.0000,3214.2000,3214.6000,1,4,1,1,1,2,3,6,1,1
SF,IH2012,2020-09-24 09:32:41.000,3212.0000,31989,0,334898280.000,0,-,-,-,-,3212.4000,3212.2000,3212.0000,3211.4000,3210.6000,3213.4000,3213.8000,3214.0000,3214.2000,3214.6000,1,1,4,1,1,2,1,6,1,1
SF,IH2012,2020-09-24 09:32:41.500,3212.0000,31989,0,334898280.000,0,-,-,-,-,3212.4000,3212.2000,3212.0000,3211.4000,3210.6000,3213.4000,3213.8000,3214.0000,3214.2000,3214.6000,1,1,5,1,1,2,1,6,1,1
SF,IH2012,2020-09-24 09:32:42.000,3212.0000,31989,0,334898280.000,0,-,-,-,-,3212.6000,3212.4000,3212.0000,3211.4000,3210.6000,3213.4000,3213.8000,3214.0000,3214.2000,3214.6000,1,1,5,1,1,2,1,6,1,1
SF,IH2012,2020-09-24 09:32:42.500,3212.0000,31988,-1,335861880.000,1,0,1,双平,S,3212.0000,3211.4000,3210.6000,3210.2000,3210.0000,3212.4000,3213.4000,3213.8000,3214.0000,3214.2000,5,1,1,1,1,1,2,1,6,1
SF,IH2012,2020-09-24 09:32:43.000,3212.4000,31989,1,336825600.000,1,1,0,双开,S,3212.4000,3212.2000,3212.0000,3211.4000,3210.6000,3213.4000,3214.0000,3214.2000,3214.6000,3215.0000,6,1,4,1,1,2,6,1,1,1
SF,IH2012,2020-09-24 09:32:43.500,3212.4000,31989,0,336825600.000,0,-,-,-,-,3212.4000,3212.0000,3211.4000,3210.6000,3210.2000,3213.2000,3213.4000,3214.0000,3214.2000,3214.6000,2,4,1,1,1,1,2,6,1,1
SF,IH2012,2020-09-24 09:32:44.500,3213.4000,31987,-2,338753580.000,2,0,2,双平,S,3212.4000,3212.0000,3211.4000,3210.6000,3210.0000,3213.4000,3214.0000,3214.2000,3214.4000,3214.6000,2,4,1,1,1,1,2,1,4,1
SF,IH2012,2020-09-24 09:32:45.000,3213.4000,31987,0,339717600.000,1,0,1,多换,S,3212.6000,3212.4000,3212.0000,3210.6000,3210.0000,3214.0000,3214.2000,3214.6000,3215.0000,3215.6000,1,3,4,1,1,2,1,1,1,1
SF,IH2012,2020-09-24 09:32:45.500,3213.4000,31987,0,339717600.000,0,-,-,-,-,3212.8000,3212.6000,3212.4000,3212.0000,3210.6000,3213.2000,3214.0000,3214.2000,3214.6000,3215.0000,1,1,3,3,1,1,2,1,1,1
SF,IH2012,2020-09-24 09:32:46.000,3214.0000,31987,0,341645760.000,2,1,1,多换,S,3213.2000,3212.8000,3212.4000,3212.0000,3210.0000,3214.2000,3214.6000,3215.0000,3215.6000,3215.8000,2,1,3,3,1,1,1,1,1,1
SF,IH2012,2020-09-24 09:32:46.500,3214.2000,31987,0,342610020.000,1,0,1,多换,S,3214.4000,3214.2000,3213.6000,3213.4000,3213.2000,3214.6000,3215.0000,3215.6000,3215.8000,3216.0000,3,2,1,1,3,1,1,1,1,1
SF,IH2012,2020-09-24 09:32:47.000,3215.0000,31986,-1,344538900.000,2,0,2,多平,S,3214.8000,3214.6000,3214.2000,3213.6000,3213.4000,3215.6000,3215.8000,3216.0000,3218.8000,3219.4000,3,1,1,1,2,1,1,1,1,1
SF,IH2012,2020-09-24 09:32:47.500,3215.8000,31982,-4,348397200.000,4,0,4,双平,S,3214.6000,3214.2000,3213.4000,3213.2000,3212.4000,3216.0000,3218.8000,3219.4000,3219.8000,3220.0000,1,1,1,3,1,1,1,1,1,2
SF,IH2012,2020-09-24 09:32:48.000,3215.8000,31982,0,348397200.000,0,-,-,-,-,3214.8000,3214.6000,3214.2000,3213.4000,3213.2000,3216.0000,3216.8000,3218.8000,3219.4000,3219.8000,1,2,2,1,3,1,4,1,1,1
SF,IH2012,2020-09-24 09:32:48.500,3215.8000,31982,0,348397200.000,0,-,-,-,-,3215.0000,3214.8000,3214.6000,3214.2000,3213.2000,3216.0000,3216.8000,3218.8000,3219.4000,3219.8000,2,1,2,2,3,1,4,1,1,1
SF,IH2012,2020-09-24 09:32:49.000,3215.8000,31982,0,348397200.000,0,-,-,-,-,3215.2000,3215.0000,3214.6000,3214.2000,3213.2000,3216.0000,3216.8000,3218.8000,3219.4000,3219.8000,1,1,2,2,3,1,4,1,1,1
SF,IH2012,2020-09-24 09:32:49.500,3215.2000,31981,-1,349361760.000,1,0,1,双平,S,3214.6000,3214.2000,3213.2000,3212.0000,3210.0000,3216.0000,3216.8000,3218.8000,3219.4000,3219.8000,2,2,3,2,2,1,4,1,1,1
SF,IH2012,2020-09-24 09:32:50.000,3215.2000,31981,0,349361760.000,0,-,-,-,-,3214.2000,3213.2000,3212.0000,3210.0000,3208.4000,3215.2000,3215.8000,3216.0000,3216.8000,3218.8000,2,3,2,2,1,1,3,1,4,1
SF,IH2012,2020-09-24 09:32:50.500,3215.2000,31981,0,349361760.000,0,-,-,-,-,3214.2000,3213.2000,3212.0000,3210.0000,3208.4000,3215.2000,3215.8000,3216.0000,3216.8000,3218.8000,1,3,2,2,1,1,3,1,4,1
SF,IH2012,2020-09-24 09:32:51.000,3215.2000,31981,0,349361760.000,0,-,-,-,-,3214.2000,3213.2000,3212.0000,3210.0000,3208.4000,3215.0000,3215.2000,3215.8000,3216.0000,3216.8000,1,3,2,2,1,1,1,2,1,4
SF,IH2012,2020-09-24 09:32:51.500,3214.2000,31980,-1,352255140.000,3,1,2,多平,S,3213.2000,3212.0000,3210.0000,3208.4000,3208.0000,3215.8000,3216.0000,3216.8000,3218.8000,3219.4000,1,2,2,1,1,2,1,4,1,1
SF,IH2012,2020-09-24 09:32:52.000,3214.2000,31980,0,352255140.000,0,-,-,-,-,3213.4000,3213.2000,3212.0000,3210.0000,3208.4000,3215.4000,3215.6000,3215.8000,3216.0000,3216.8000,2,1,2,2,1,1,1,1,1,4
SF,IH2012,2020-09-24 09:32:52.500,3214.2000,31980,0,352255140.000,0,-,-,-,-,3213.6000,3213.4000,3213.2000,3212.0000,3210.0000,3215.2000,3215.4000,3215.6000,3216.0000,3216.8000,1,2,1,2,2,4,1,1,1,4
SF,IH2012,2020-09-24 09:32:53.000,3214.2000,31980,0,352255140.000,0,-,-,-,-,3213.4000,3213.2000,3212.0000,3210.0000,3208.4000,3215.0000,3215.2000,3215.4000,3216.0000,3216.8000,1,1,2,2,1,1,3,1,1,4
SF,IH2012,2020-09-24 09:32:53.500,3214.2000,31980,0,352255140.000,0,-,-,-,-,3213.2000,3212.0000,3210.0000,3208.4000,3208.0000,3214.8000,3215.2000,3215.4000,3216.0000,3216.8000,1,2,2,1,1,1,2,1,1,4
SF,IH2012,2020-09-24 09:32:54.000,3214.2000,31980,0,352255140.000,0,-,-,-,-,3213.4000,3213.2000,3212.0000,3210.0000,3208.4000,3215.2000,3215.4000,3216.0000,3216.8000,3218.8000,3,1,2,2,1,2,1,1,4,1
SF,IH2012,2020-09-24 09:32:54.500,3214.2000,31980,0,352255140.000,0,-,-,-,-,3213.2000,3212.0000,3210.0000,3208.4000,3208.0000,3215.0000,3215.2000,3215.4000,3216.0000,3216.8000,1,2,2,1,1,1,2,1,1,4
SF,IH2012,2020-09-24 09:32:55.000,3214.8000,31980,0,353219580.000,1,0,1,多换,S,3213.2000,3212.0000,3210.0000,3208.4000,3208.0000,3214.8000,3215.4000,3216.0000,3216.8000,3218.8000,1,2,2,1,1,3,1,1,4,1
SF,IH2012,2020-09-24 09:32:55.500,3214.8000,31980,0,353219580.000,0,-,-,-,-,3214.0000,3213.4000,3213.2000,3212.0000,3210.0000,3214.6000,3214.8000,3215.4000,3216.0000,3216.8000,1,1,1,2,2,1,3,1,1,4
SF,IH2012,2020-09-24 09:32:56.000,3213.2000,31979,-1,356111760.000,3,1,2,多平,S,3212.0000,3210.0000,3208.4000,3208.0000,3207.4000,3213.4000,3213.8000,3214.0000,3214.4000,3214.6000,1,3,1,1,5,1,1,3,2,2
SF,IH2012,2020-09-24 09:32:56.500,3213.2000,31979,0,356111760.000,0,-,-,-,-,3213.0000,3212.2000,3212.0000,3210.0000,3208.4000,3213.4000,3214.0000,3214.4000,3214.6000,3214.8000,1,1,1,3,1,1,1,1,1,1
SF,IH2012,2020-09-24 09:32:57.000,3213.0000,31978,-1,357075660.000,1,0,1,双平,S,3212.2000,3212.0000,3210.0000,3208.4000,3208.0000,3214.0000,3214.4000,3214.6000,3214.8000,3215.0000,1,1,3,1,1,1,1,1,1,1
SF,IH2012,2020-09-24 09:32:57.500,3213.0000,31978,0,357075660.000,0,-,-,-,-,3213.4000,3212.4000,3212.2000,3212.0000,3210.0000,3213.8000,3214.0000,3214.4000,3214.6000,3215.0000,1,1,2,1,3,2,1,1,1,1
SF,IH2012,2020-09-24 09:32:58.000,3213.0000,31978,0,357075660.000,0,-,-,-,-,3213.4000,3212.4000,3212.2000,3212.0000,3210.0000,3214.0000,3214.6000,3215.0000,3215.2000,3215.4000,1,1,2,1,3,1,1,1,2,1
SF,IH2012,2020-09-24 09:32:58.500,3213.0000,31978,0,357075660.000,0,-,-,-,-,3213.6000,3213.4000,3212.4000,3212.2000,3212.0000,3214.6000,3215.0000,3215.2000,3215.4000,3216.0000,1,1,1,2,1,1,1,2,1,1
SF,IH2012,2020-09-24 09:32:59.000,3213.0000,31978,0,357075660.000,0,-,-,-,-,3213.8000,3213.6000,3212.2000,3212.0000,3210.0000,3214.6000,3215.0000,3215.2000,3215.4000,3215.6000,8,1,2,1,3,1,1,2,1,4
SF,IH2012,2020-09-24 09:32:59.500,3213.8000,31978,0,359003820.000,2,1,1,多换,S,3213.8000,3213.6000,3212.2000,3212.0000,3210.0000,3214.6000,3215.0000,3215.2000,3215.4000,3215.6000,6,1,2,2,3,1,1,2,1,4
SF,IH2012,2020-09-24 09:33:00.000,3213.8000,31978,0,359003820.000,0,-,-,-,-,3213.8000,3212.2000,3212.0000,3210.0000,3208.4000,3215.0000,3215.2000,3215.4000,3215.6000,3216.0000,6,2,2,3,1,1,2,1,4,2
SF,IH2012,2020-09-24 09:33:00.500,3213.8000,31980,2,364788660.000,6,4,2,空开,S,3212.2000,3212.0000,3210.0000,3208.4000,3208.0000,3214.6000,3214.8000,3215.0000,3215.2000,3215.4000,2,2,3,1,1,1,3,1,2,1
SF,IH2012,2020-09-24 09:33:01.000,3213.8000,31980,0,364788660.000,0,-,-,-,-,3212.4000,3212.2000,3212.0000,3210.0000,3208.4000,3214.4000,3214.6000,3214.8000,3215.0000,3215.2000,1,2,2,3,1,2,3,2,3,2
SF,IH2012,2020-09-24 09:33:01.500,3213.8000,31980,0,364788660.000,0,-,-,-,-,3212.2000,3212.0000,3210.0000,3208.4000,3208.0000,3213.8000,3214.2000,3214.4000,3214.6000,3214.8000,1,2,3,1,1,1,3,2,3,1
SF,IH2012,2020-09-24 09:33:02.000,3213.8000,31980,0,364788660.000,0,-,-,-,-,3212.4000,3212.2000,3212.0000,3210.0000,3208.4000,3213.6000,3213.8000,3214.2000,3214.4000,3214.6000,1,1,2,3,1,2,1,1,1,4
SF,IH2012,2020-09-24 09:33:02.500,3213.8000,31980,0,364788660.000,0,-,-,-,-,3212.2000,3212.0000,3210.0000,3208.4000,3208.0000,3213.4000,3213.6000,3213.8000,3214.2000,3214.4000,1,2,3,1,1,1,1,1,1,1
SF,IH2012,2020-09-24 09:33:03.000,3213.8000,31980,0,364788660.000,0,-,-,-,-,3212.2000,3212.0000,3210.0000,3208.4000,3208.0000,3213.2000,3213.8000,3214.2000,3214.4000,3214.6000,1,2,3,1,1,1,1,1,1,1
SF,IH2012,2020-09-24 09:33:03.500,3212.4000,31978,-2,366716100.000,2,0,2,双平,S,3212.2000,3212.0000,3210.0000,3208.4000,3208.0000,3213.8000,3214.0000,3214.2000,3214.4000,3214.6000,1,2,3,1,1,1,1,1,1,1
SF,IH2012,2020-09-24 09:33:04.000,3212.4000,31978,0,366716100.000,0,-,-,-,-,3212.4000,3212.2000,3212.0000,3210.0000,3208.4000,3213.8000,3214.0000,3214.2000,3214.4000,3214.6000,1,1,2,3,1,1,1,1,1,1
SF,IH2012,2020-09-24 09:33:04.500,3212.4000,31978,0,366716100.000,0,-,-,-,-,3212.0000,3210.0000,3208.4000,3208.0000,3207.4000,3213.6000,3213.8000,3214.0000,3214.2000,3214.4000,2,3,1,1,5,2,1,1,1,1
SF,IH2012,2020-09-24 09:33:05.000,3212.4000,31978,0,366716100.000,0,-,-,-,-,3212.0000,3210.0000,3208.4000,3208.0000,3207.4000,3213.4000,3213.6000,3213.8000,3214.0000,3214.2000,2,3,1,1,5,2,2,1,1,1
SF,IH2012,2020-09-24 09:33:05.500,3212.4000,31978,0,366716100.000,0,-,-,-,-,3212.0000,3210.0000,3208.4000,3208.0000,3207.4000,3213.2000,3213.4000,3213.8000,3214.0000,3214.2000,2,3,1,1,5,1,3,1,1,1
SF,IH2012,2020-09-24 09:33:06.000,3212.4000,31978,0,366716100.000,0,-,-,-,-,3212.0000,3210.0000,3208.4000,3208.0000,3207.4000,3213.2000,3213.4000,3213.8000,3214.0000,3214.2000,2,3,1,1,5,1,2,1,1,1
SF,IH2012,2020-09-24 09:33:06.500,3212.4000,31978,0,366716100.000,0,-,-,-,-,3212.0000,3210.0000,3208.4000,3208.0000,3207.4000,3213.0000,3213.2000,3213.8000,3214.0000,3214.2000,2,3,1,1,5,1,1,1,1,1
SF,IH2012,2020-09-24 09:33:07.000,3212.4000,31978,0,366716100.000,0,-,-,-,-,3212.0000,3210.0000,3208.4000,3208.0000,3207.4000,3213.8000,3214.0000,3214.2000,3214.4000,3215.0000,2,4,1,1,5,1,1,1,1,2
SF,IH2012,2020-09-24 09:33:07.500,3212.4000,31978,0,366716100.000,0,-,-,-,-,3213.0000,3212.2000,3212.0000,3210.0000,3208.4000,3213.6000,3213.8000,3214.0000,3214.2000,3215.0000,1,3,2,4,1,1,1,1,1,2
SF,IH2012,2020-09-24 09:33:08.000,3213.0000,31977,-1,367680000.000,1,0,1,双平,S,3212.2000,3212.0000,3210.0000,3208.4000,3208.0000,3213.8000,3214.0000,3214.2000,3215.0000,3215.2000,2,2,4,1,1,1,1,1,2,2
SF,IH2012,2020-09-24 09:33:08.500,3213.0000,31977,0,367680000.000,0,-,-,-,-,3212.4000,3212.2000,3212.0000,3210.0000,3208.4000,3213.6000,3213.8000,3214.0000,3214.2000,3215.0000,1,2,2,4,1,1,1,1,1,2
SF,IH2012,2020-09-24 09:33:09.000,3213.0000,31977,0,367680000.000,0,-,-,-,-,3212.2000,3212.0000,3210.0000,3208.4000,3208.0000,3213.6000,3213.8000,3214.0000,3214.2000,3215.0000,1,2,3,1,1,3,1,1,1,2
SF,IH2012,2020-09-24 09:33:09.500,3213.0000,31977,0,367680000.000,0,-,-,-,-,3212.2000,3212.0000,3210.0000,3208.4000,3208.0000,3213.4000,3213.6000,3213.8000,3214.0000,3214.2000,1,2,3,1,1,3,1,1,1,1
SF,IH2012,2020-09-24 09:33:10.000,3213.0000,31977,0,367680000.000,0,-,-,-,-,3212.2000,3212.0000,3210.0000,3208.4000,3208.0000,3213.2000,3213.4000,3213.8000,3214.0000,3214.2000,1,2,3,1,1,1,3,1,1,1
SF,IH2012,2020-09-24 09:33:10.500,3213.0000,31977,0,367680000.000,0,-,-,-,-,3212.2000,3212.0000,3210.0000,3208.4000,3208.0000,3213.0000,3213.2000,3213.4000,3213.8000,3214.0000,1,2,3,1,1,1,1,2,1,1
SF,IH2012,2020-09-24 09:33:11.000,3213.0000,31977,0,367680000.000,0,-,-,-,-,3212.2000,3212.0000,3210.0000,3208.4000,3208.0000,3213.0000,3213.2000,3213.4000,3213.6000,3213.8000,1,2,3,1,1,3,1,2,1,1
SF,IH2012,2020-09-24 09:33:11.500,3212.0000,31976,-1,368643600.000,1,0,1,双平,S,3212.0000,3210.0000,3208.4000,3208.0000,3207.4000,3213.0000,3213.2000,3213.4000,3213.6000,3213.8000,1,3,1,1,5,3,1,2,1,1
SF,IH2012,2020-09-24 09:33:12.000,3212.0000,31976,0,368643600.000,0,-,-,-,-,3212.0000,3210.0000,3208.4000,3208.0000,3207.4000,3213.0000,3213.2000,3213.6000,3213.8000,3214.2000,1,3,1,1,5,2,1,1,1,1
SF,IH2012,2020-09-24 09:33:12.500,3213.0000,31975,-1,370571400.000,2,0,2,多平,S,3212.2000,3212.0000,3210.0000,3208.4000,3208.0000,3213.6000,3213.8000,3214.2000,3215.0000,3215.2000,3,1,3,1,1,1,1,1,2,2
SF,IH2012,2020-09-24 09:33:13.000,3212.4000,31974,-1,371535120.000,1,0,1,双平,S,3212.2000,3212.0000,3210.0000,3208.4000,3208.0000,3213.4000,3213.6000,3213.8000,3214.2000,3215.0000,3,1,3,1,1,2,3,1,1,2
SF,IH2012,2020-09-24 09:33:13.500,3213.6000,31972,-2,373463220.000,2,0,2,双平,S,3212.4000,3212.2000,3212.0000,3210.0000,3209.2000,3213.8000,3214.2000,3215.0000,3215.2000,3215.8000,1,3,1,3,1,1,1,2,2,1
SF,IH2012,2020-09-24 09:33:14.000,3213.8000,31971,-1,374427360.000,1,0,1,双平,S,3213.4000,3212.6000,3212.4000,3212.2000,3212.0000,3215.0000,3215.2000,3216.0000,3218.0000,3218.8000,1,3,1,2,2,2,2,1,1,1
SF,IH2012,2020-09-24 09:33:14.500,3213.8000,31971,0,374427360.000,0,-,-,-,-,3212.6000,3212.4000,3212.2000,3212.0000,3210.0000,3214.6000,3214.8000,3215.0000,3215.2000,3216.0000,2,1,2,2,3,2,5,4,2,1
SF,IH2012,2020-09-24 09:33:15.000,3213.8000,31971,0,374427360.000,0,-,-,-,-,3212.8000,3212.6000,3212.4000,3212.2000,3212.0000,3213.4000,3214.4000,3214.6000,3214.8000,3215.0000,1,2,1,1,2,2,6,3,3,4
SF,IH2012,2020-09-24 09:33:15.500,3212.8000,31970,-1,375391200.000,1,0,1,双平,S,3212.2000,3212.0000,3210.2000,3210.0000,3209.2000,3212.6000,3212.8000,3213.4000,3214.2000,3214.4000,1,2,1,3,1,1,1,1,3,10
SF,IH2012,2020-09-24 09:33:16.000,3212.8000,31970,0,375391200.000,0,-,-,-,-,3212.2000,3212.0000,3210.2000,3210.0000,3209.2000,3213.4000,3214.0000,3214.2000,3214.4000,3214.6000,1,2,1,3,1,1,1,3,10,1
SF,IH2012,2020-09-24 09:33:16.500,3212.8000,31970,0,375391200.000,0,-,-,-,-,3212.2000,3212.0000,3210.2000,3210.0000,3209.2000,3213.2000,3213.4000,3214.0000,3214.2000,3214.4000,1,2,1,3,1,2,1,1,3,7
SF,IH2012,2020-09-24 09:33:17.000,3212.8000,31970,0,375391200.000,0,-,-,-,-,3212.4000,3212.2000,3212.0000,3210.2000,3210.0000,3213.2000,3213.4000,3214.0000,3214.2000,3214.4000,2,1,2,1,2,1,1,1,1,2
SF,IH2012,2020-09-24 09:33:17.500,3213.4000,31968,-2,377319180.000,2,0,2,双平,S,3213.4000,3213.2000,3212.4000,3212.2000,3212.0000,3214.4000,3215.0000,3215.2000,3216.0000,3218.0000,1,1,3,1,2,1,2,1,1,1
SF,IH2012,2020-09-24 09:33:18.000,3213.4000,31968,0,377319180.000,0,-,-,-,-,3213.4000,3212.4000,3212.2000,3212.0000,3210.2000,3215.0000,3215.2000,3216.0000,3218.0000,3218.8000,3,3,1,2,1,2,1,1,1,1
SF,IH2012,2020-09-24 09:33:18.500,3213.4000,31968,0,377319180.000,0,-,-,-,-,3213.6000,3213.4000,3212.4000,3212.2000,3212.0000,3214.8000,3215.0000,3215.2000,3216.0000,3218.0000,1,3,2,1,2,4,4,1,1,1
SF,IH2012,2020-09-24 09:33:19.000,3213.4000,31968,0,377319180.000,0,-,-,-,-,3213.8000,3213.6000,3213.4000,3212.4000,3212.2000,3214.6000,3215.0000,3215.2000,3216.0000,3218.0000,1,1,2,1,1,1,4,1,1,1
SF,IH2012,2020-09-24 09:33:19.500,3213.8000,31967,-1,378283320.000,1,0,1,双平,S,3213.4000,3212.4000,3212.2000,3212.0000,3211.2000,3214.4000,3214.6000,3215.0000,3215.2000,3216.0000,2,1,1,2,1,1,1,2,1,1
SF,IH2012,2020-09-24 09:33:20.000,3213.4000,31966,-1,379247340.000,1,0,1,双平,S,3212.2000,3212.0000,3211.2000,3210.2000,3210.0000,3213.0000,3213.4000,3213.6000,3214.0000,3214.2000,1,2,1,1,2,1,1,1,4,5
SF,IH2012,2020-09-24 09:33:20.500,3213.4000,31966,0,379247340.000,0,-,-,-,-,3212.4000,3212.2000,3212.0000,3211.2000,3210.2000,3213.0000,3213.4000,3213.6000,3214.0000,3214.2000,1,1,2,1,1,1,1,1,2,3
SF,IH2012,2020-09-24 09:33:21.000,3213.4000,31966,0,379247340.000,0,-,-,-,-,3212.4000,3212.2000,3212.0000,3211.2000,3210.2000,3213.4000,3214.0000,3214.2000,3214.8000,3215.0000,1,1,2,1,1,1,2,3,1,1
SF,IH2012,2020-09-24 09:33:21.500,3213.4000,31966,0,380211360.000,1,0,1,多换,S,3212.4000,3212.2000,3212.0000,3211.2000,3210.2000,3213.4000,3214.0000,3214.2000,3214.8000,3215.0000,1,1,2,1,1,1,2,3,1,1
SF,IH2012,2020-09-24 09:33:22.000,3212.6000,31965,-1,381175140.000,1,0,1,双平,S,3212.6000,3212.4000,3212.2000,3212.0000,3211.2000,3213.4000,3214.0000,3214.2000,3214.8000,3215.0000,1,1,1,2,1,1,2,2,1,1
SF,IH2012,2020-09-24 09:33:22.500,3212.6000,31965,0,381175140.000,0,-,-,-,-,3212.6000,3212.4000,3212.2000,3212.0000,3211.2000,3213.4000,3214.2000,3214.8000,3215.0000,3215.2000,1,1,1,2,1,1,2,1,1,1
SF,IH2012,2020-09-24 09:33:23.000,3212.6000,31965,0,381175140.000,0,-,-,-,-,3212.6000,3212.4000,3212.2000,3212.0000,3211.2000,3213.4000,3214.2000,3214.8000,3215.0000,3215.2000,1,1,1,2,1,1,2,1,1,1
SF,IH2012,2020-09-24 09:33:24.000,3213.4000,31965,0,382139160.000,1,0,1,多换,S,3212.6000,3212.4000,3212.2000,3212.0000,3211.2000,3214.2000,3214.8000,3215.0000,3215.2000,3216.0000,1,1,1,2,1,2,1,1,1,1
SF,IH2012,2020-09-24 09:33:24.500,3213.4000,31965,0,382139160.000,0,-,-,-,-,3212.4000,3212.2000,3212.0000,3211.2000,3210.2000,3212.6000,3214.0000,3214.2000,3214.8000,3215.0000,1,1,2,1,1,1,3,2,1,1
SF,IH2012,2020-09-24 09:33:25.000,3212.6000,31965,0,384066720.000,2,1,1,多换,S,3212.6000,3212.2000,3212.0000,3211.2000,3210.2000,3214.0000,3214.2000,3214.8000,3215.0000,3215.2000,1,1,2,1,1,1,2,1,1,1
SF,IH2012,2020-09-24 09:33:25.500,3212.6000,31965,0,384066720.000,0,-,-,-,-,3212.6000,3212.2000,3212.0000,3211.2000,3210.2000,3213.8000,3214.2000,3214.8000,3215.0000,3215.2000,1,1,2,1,1,3,1,1,1,1
SF,IH2012,2020-09-24 09:33:26.000,3212.6000,31965,0,384066720.000,0,-,-,-,-,3212.6000,3212.2000,3212.0000,3211.2000,3210.2000,3213.6000,3213.8000,3214.2000,3214.8000,3215.0000,1,1,2,1,1,3,1,1,1,1
SF,IH2012,2020-09-24 09:33:26.500,3212.6000,31965,0,384066720.000,0,-,-,-,-,3212.6000,3212.2000,3212.0000,3211.2000,3210.2000,3213.4000,3213.6000,3213.8000,3214.2000,3214.8000,1,1,2,1,1,2,1,1,1,1
SF,IH2012,2020-09-24 09:33:27.500,3212.6000,31965,0,384066720.000,0,-,-,-,-,3212.6000,3212.2000,3212.0000,3211.2000,3210.2000,3213.4000,3213.8000,3214.2000,3214.8000,3215.0000,1,1,2,1,1,2,1,1,1,1
SF,IH2012,2020-09-24 09:33:28.000,3212.6000,31965,0,384066720.000,0,-,-,-,-,3212.6000,3212.2000,3212.0000,3211.2000,3210.2000,3213.4000,3213.8000,3214.2000,3214.8000,3215.0000,1,1,2,1,1,2,1,1,1,1
SF,IH2012,2020-09-24 09:33:28.500,3212.6000,31965,0,384066720.000,0,-,-,-,-,3212.6000,3212.2000,3212.0000,3211.2000,3210.2000,3213.0000,3214.2000,3214.8000,3215.0000,3215.2000,1,1,2,1,1,1,1,1,1,1
SF,IH2012,2020-09-24 09:33:29.000,3213.0000,31963,-2,385994520.000,2,0,2,双平,S,3212.2000,3212.0000,3211.2000,3210.2000,3210.0000,3214.2000,3214.8000,3215.0000,3215.2000,3216.0000,1,2,1,1,2,1,1,1,1,1
SF,IH2012,2020-09-24 09:33:29.500,3213.0000,31963,0,385994520.000,0,-,-,-,-,3212.4000,3212.2000,3212.0000,3211.2000,3210.2000,3212.6000,3214.0000,3214.2000,3214.8000,3215.0000,2,1,2,1,1,1,3,1,1,1
SF,IH2012,2020-09-24 09:33:30.000,3212.6000,31962,-1,386958300.000,1,0,1,双平,S,3212.8000,3212.6000,3212.4000,3212.2000,3212.0000,3214.0000,3214.2000,3214.8000,3215.0000,3215.2000,1,4,1,1,2,2,1,1,1,1
SF,IH2012,2020-09-24 09:33:30.500,3212.6000,31962,0,386958300.000,0,-,-,-,-,3212.8000,3212.6000,3212.4000,3212.2000,3212.0000,3213.8000,3214.0000,3214.2000,3214.8000,3215.0000,1,2,1,1,2,2,1,1,1,1
SF,IH2012,2020-09-24 09:33:31.000,3212.6000,31962,0,387922080.000,1,0,1,多换,S,3212.8000,3212.6000,3212.4000,3212.2000,3212.0000,3213.6000,3213.8000,3214.0000,3214.2000,3214.8000,1,2,1,1,2,1,1,1,1,1
SF,IH2012,2020-09-24 09:33:31.500,3212.6000,31962,0,387922080.000,0,-,-,-,-,3212.8000,3212.6000,3212.4000,3212.2000,3212.0000,3214.0000,3214.2000,3214.8000,3215.0000,3215.2000,1,2,1,1,2,1,1,1,1,1
SF,IH2012,2020-09-24 09:33:32.000,3212.6000,31962,0,387922080.000,0,-,-,-,-,3213.0000,3212.8000,3212.6000,3212.4000,3212.2000,3214.0000,3214.8000,3215.0000,3215.2000,3216.0000,1,1,1,1,1,1,1,1,1,1
SF,IH2012,2020-09-24 09:33:32.500,3212.6000,31962,0,387922080.000,0,-,-,-,-,3213.0000,3212.6000,3212.4000,3212.2000,3212.0000,3214.8000,3215.0000,3215.2000,3216.0000,3218.0000,1,2,1,1,2,1,1,1,1,2
SF,IH2012,2020-09-24 09:33:33.000,3212.6000,31962,0,387922080.000,0,-,-,-,-,3213.2000,3213.0000,3212.6000,3212.4000,3212.2000,3214.6000,3214.8000,3215.0000,3215.2000,3216.0000,1,1,2,1,1,2,2,1,1,1
SF,IH2012,2020-09-24 09:33:33.500,3213.2000,31962,0,388886040.000,1,0,1,多换,S,3213.2000,3212.6000,3212.4000,3212.0000,3210.2000,3214.4000,3214.6000,3214.8000,3215.0000,3215.2000,3,2,1,2,1,1,2,1,1,1
SF,IH2012,2020-09-24 09:33:34.000,3214.2000,31962,0,389850300.000,1,0,1,多换,S,3213.2000,3212.6000,3212.4000,3212.0000,3210.2000,3214.2000,3214.6000,3214.8000,3215.0000,3215.2000,1,2,1,2,1,1,2,1,1,1
SF,IH2012,2020-09-24 09:33:34.500,3214.2000,31962,0,389850300.000,0,-,-,-,-,3213.2000,3212.6000,3212.4000,3212.0000,3210.2000,3214.6000,3214.8000,3215.0000,3215.2000,3216.0000,1,2,1,2,1,2,1,1,1,1
SF,IH2012,2020-09-24 09:33:35.000,3214.2000,31962,0,389850300.000,0,-,-,-,-,3213.2000,3212.6000,3212.4000,3212.0000,3210.2000,3214.4000,3214.6000,3214.8000,3215.0000,3215.2000,1,2,1,2,1,1,2,1,1,1
SF,IH2012,2020-09-24 09:33:35.500,3214.2000,31962,0,389850300.000,0,-,-,-,-,3213.4000,3213.2000,3212.6000,3212.4000,3212.0000,3214.6000,3214.8000,3215.0000,3215.2000,3216.0000,1,1,2,1,2,2,1,1,1,1
SF,IH2012,2020-09-24 09:33:36.000,3214.2000,31962,0,389850300.000,0,-,-,-,-,3213.4000,3213.2000,3212.6000,3212.4000,3212.0000,3214.6000,3214.8000,3215.0000,3215.2000,3216.0000,1,1,2,1,2,1,1,1,1,1
SF,IH2012,2020-09-24 09:33:36.500,3214.2000,31962,0,389850300.000,0,-,-,-,-,3213.2000,3212.6000,3212.4000,3212.0000,3210.2000,3214.4000,3214.6000,3214.8000,3215.0000,3215.2000,1,2,1,2,1,1,1,1,1,1
SF,IH2012,2020-09-24 09:33:37.000,3214.2000,31962,0,389850300.000,0,-,-,-,-,3213.4000,3213.2000,3212.6000,3212.4000,3212.0000,3214.6000,3214.8000,3215.0000,3215.2000,3216.0000,1,2,2,1,2,1,1,1,1,1
SF,IH2012,2020-09-24 09:33:37.500,3214.2000,31962,0,389850300.000,0,-,-,-,-,3213.4000,3213.2000,3212.6000,3212.4000,3212.0000,3214.2000,3214.4000,3214.8000,3215.0000,3215.2000,1,1,2,1,2,1,1,1,1,1
SF,IH2012,2020-09-24 09:33:38.000,3214.2000,31962,0,391778820.000,2,1,1,多换,S,3213.4000,3213.2000,3212.6000,3212.0000,3210.2000,3214.8000,3215.0000,3215.2000,3216.0000,3218.0000,2,1,2,2,1,1,1,1,1,2
SF,IH2012,2020-09-24 09:33:38.500,3214.2000,31962,0,391778820.000,0,-,-,-,-,3213.6000,3213.4000,3212.6000,3212.0000,3210.2000,3214.8000,3215.0000,3215.2000,3216.0000,3218.0000,3,2,2,2,1,1,1,1,1,2
SF,IH2012,2020-09-24 09:33:39.000,3214.2000,31962,0,391778820.000,0,-,-,-,-,3213.8000,3213.6000,3212.6000,3212.0000,3210.2000,3214.2000,3214.8000,3215.0000,3215.2000,3216.0000,3,2,2,2,1,1,1,1,1,1
SF,IH2012,2020-09-24 09:33:39.500,3214.2000,31961,-1,392743080.000,1,0,1,双平,S,3214.2000,3214.0000,3213.8000,3213.6000,3212.6000,3214.8000,3215.0000,3215.2000,3216.0000,3218.0000,1,1,3,2,2,1,1,1,1,2
SF,IH2012,2020-09-24 09:33:40.000,3214.2000,31961,0,392743080.000,0,-,-,-,-,3214.2000,3214.0000,3213.8000,3213.6000,3212.6000,3214.8000,3215.0000,3215.2000,3216.0000,3218.0000,1,3,2,1,1,1,1,1,1,2
SF,IH2012,2020-09-24 09:33:40.500,3215.0000,31959,-2,394672020.000,2,0,2,双平,S,3214.2000,3214.0000,3213.8000,3213.6000,3212.6000,3215.2000,3216.0000,3218.0000,3218.8000,3219.4000,1,3,2,1,1,1,1,2,1,1
SF,IH2012,2020-09-24 09:33:41.000,3214.2000,31954,-5,400457760.000,6,0,6,多平,S,3214.0000,3213.8000,3212.6000,3212.0000,3210.2000,3214.2000,3215.2000,3216.0000,3218.0000,3218.8000,1,1,1,2,2,3,1,1,2,1
SF,IH2012,2020-09-24 09:33:41.500,3214.2000,31954,0,400457760.000,0,-,-,-,-,3212.6000,3212.0000,3210.2000,3210.0000,3209.2000,3214.2000,3215.2000,3216.0000,3218.0000,3218.8000,1,2,2,2,1,4,1,1,2,1
SF,IH2012,2020-09-24 09:33:42.000,3214.2000,31950,-4,404314800.000,4,0,4,双平,S,3214.2000,3213.6000,3213.4000,3213.2000,3213.0000,3215.2000,3216.0000,3218.0000,3218.8000,3219.4000,2,2,5,2,3,1,1,2,1,1
SF,IH2012,2020-09-24 09:33:42.500,3214.2000,31949,-1,405279060.000,1,0,1,双平,S,3214.2000,3213.4000,3213.2000,3213.0000,3212.8000,3215.2000,3216.0000,3218.0000,3218.8000,3219.4000,1,1,2,3,6,2,1,2,1,1
SF,IH2012,2020-09-24 09:33:43.000,3214.2000,31949,0,405279060.000,0,-,-,-,-,3213.0000,3212.8000,3212.6000,3212.0000,3210.2000,3214.0000,3215.0000,3215.2000,3216.0000,3218.0000,2,3,1,2,2,1,5,2,1,2
SF,IH2012,2020-09-24 09:33:43.500,3213.2000,31948,-1,406243020.000,1,0,1,双平,S,3213.0000,3212.8000,3212.6000,3212.0000,3210.2000,3214.0000,3215.0000,3215.2000,3216.0000,3218.0000,2,1,1,2,2,1,2,2,1,2
SF,IH2012,2020-09-24 09:33:44.000,3214.0000,31947,-1,407207220.000,1,0,1,双平,S,3214.0000,3213.0000,3212.8000,3212.6000,3212.0000,3215.0000,3215.2000,3216.0000,3218.0000,3218.8000,2,2,1,1,2,2,2,1,2,1
SF,IH2012,2020-09-24 09:33:44.500,3214.0000,31944,-3,410099820.000,3,0,3,双平,S,3213.0000,3212.8000,3212.6000,3212.0000,3210.2000,3214.8000,3215.0000,3215.2000,3216.0000,3218.0000,2,1,1,2,2,5,2,1,1,2
SF,IH2012,2020-09-24 09:33:45.000,3214.0000,31944,0,410099820.000,0,-,-,-,-,3213.0000,3212.8000,3212.6000,3212.0000,3210.2000,3214.6000,3214.8000,3215.2000,3216.0000,3218.0000,2,1,1,2,2,4,4,1,1,2
SF,IH2012,2020-09-24 09:33:45.500,3213.0000,31944,0,411063720.000,1,0,1,多换,S,3213.0000,3212.8000,3212.6000,3212.0000,3210.2000,3214.4000,3214.6000,3215.2000,3216.0000,3218.0000,1,1,1,2,2,5,3,1,1,2
SF,IH2012,2020-09-24 09:33:46.000,3213.0000,31944,0,411063720.000,0,-,-,-,-,3213.2000,3213.0000,3212.8000,3212.6000,3212.0000,3214.2000,3214.4000,3214.6000,3215.2000,3216.0000,2,1,1,1,2,2,2,2,1,1
SF,IH2012,2020-09-24 09:33:46.500,3213.0000,31944,0,411063720.000,0,-,-,-,-,3213.2000,3213.0000,3212.6000,3212.0000,3210.2000,3214.2000,3214.4000,3214.6000,3215.2000,3216.0000,4,1,1,2,2,1,1,2,1,1
SF,IH2012,2020-09-24 09:33:47.000,3213.0000,31944,0,411063720.000,0,-,-,-,-,3213.2000,3213.0000,3212.6000,3212.0000,3210.2000,3214.2000,3214.4000,3214.6000,3215.2000,3216.0000,3,1,1,2,2,2,1,1,1,1
SF,IH2012,2020-09-24 09:33:47.500,3213.0000,31944,0,411063720.000,0,-,-,-,-,3213.2000,3213.0000,3212.6000,3212.0000,3210.2000,3214.0000,3214.2000,3214.4000,3214.6000,3215.2000,4,1,1,2,2,1,2,1,1,1
SF,IH2012,2020-09-24 09:33:48.000,3213.0000,31944,0,411063720.000,0,-,-,-,-,3213.2000,3213.0000,3212.6000,3212.0000,3210.2000,3214.2000,3214.4000,3214.6000,3215.2000,3216.0000,3,1,1,2,2,2,1,1,1,1
SF,IH2012,2020-09-24 09:33:48.500,3214.0000,31944,0,412027920.000,1,0,1,多换,S,3213.2000,3213.0000,3212.6000,3212.0000,3210.2000,3214.2000,3214.6000,3215.2000,3216.0000,3218.0000,3,1,1,2,2,2,1,1,1,2
SF,IH2012,2020-09-24 09:33:49.500,3213.2000,31942,-2,413955840.000,2,0,2,双平,S,3213.2000,3213.0000,3212.6000,3212.0000,3210.2000,3213.8000,3214.0000,3214.2000,3214.6000,3215.2000,1,1,1,2,2,1,1,2,1,1
SF,IH2012,2020-09-24 09:33:50.000,3213.2000,31941,-1,414919800.000,1,0,1,双平,S,3213.0000,3212.6000,3212.0000,3210.2000,3210.0000,3213.6000,3213.8000,3214.0000,3214.2000,3214.6000,1,1,2,2,2,2,1,3,1,1
SF,IH2012,2020-09-24 09:33:50.500,3213.2000,31941,0,414919800.000,0,-,-,-,-,3213.0000,3212.6000,3212.0000,3210.2000,3210.0000,3213.4000,3213.6000,3213.8000,3214.0000,3214.6000,1,1,2,2,2,1,2,1,3,1
SF,IH2012,2020-09-24 09:33:51.000,3213.2000,31941,0,414919800.000,0,-,-,-,-,3213.0000,3212.6000,3212.0000,3210.2000,3210.0000,3213.4000,3213.6000,3213.8000,3214.0000,3214.6000,1,1,2,2,2,1,2,1,1,1
SF,IH2012,2020-09-24 09:33:52.000,3213.4000,31941,0,415883820.000,1,0,1,多换,S,3213.0000,3212.6000,3212.0000,3210.2000,3210.0000,3213.6000,3213.8000,3214.0000,3214.6000,3215.2000,1,1,2,2,2,2,1,1,1,1
SF,IH2012,2020-09-24 09:33:52.500,3213.4000,31941,0,415883820.000,0,-,-,-,-,3213.0000,3212.6000,3212.0000,3210.2000,3210.0000,3213.6000,3213.8000,3214.0000,3214.6000,3215.2000,1,1,2,2,2,1,1,1,1,1
SF,IH2012,2020-09-24 09:33:53.500,3213.6000,31940,-1,416847900.000,1,0,1,双平,S,3213.0000,3212.6000,3212.0000,3210.2000,3210.0000,3213.8000,3214.0000,3214.6000,3215.2000,3218.0000,1,1,2,2,2,1,1,1,1,2
SF,IH2012,2020-09-24 09:33:54.000,3213.6000,31940,0,416847900.000,0,-,-,-,-,3213.0000,3212.6000,3212.0000,3210.2000,3210.0000,3213.6000,3213.8000,3214.6000,3215.2000,3218.0000,1,1,2,2,2,3,2,1,1,2
SF,IH2012,2020-09-24 09:33:55.000,3213.6000,31940,0,416847900.000,0,-,-,-,-,3213.0000,3212.6000,3212.0000,3210.2000,3210.0000,3213.6000,3213.8000,3214.6000,3215.2000,3218.0000,1,1,2,2,2,1,2,1,1,2
SF,IH2012,2020-09-24 09:33:55.500,3213.6000,31939,-1,417811980.000,1,0,1,双平,S,3213.6000,3213.2000,3213.0000,3212.6000,3212.0000,3213.8000,3214.6000,3215.2000,3218.0000,3218.8000,1,1,1,1,2,1,1,1,2,1
SF,IH2012,2020-09-24 09:33:56.000,3213.8000,31938,-1,418776120.000,1,0,1,双平,S,3213.8000,3213.6000,3213.2000,3213.0000,3212.6000,3215.2000,3218.0000,3218.8000,3219.4000,3219.8000,1,1,1,1,1,1,2,1,1,1
SF,IH2012,2020-09-24 09:33:56.500,3213.8000,31938,0,418776120.000,0,-,-,-,-,3213.8000,3213.6000,3213.2000,3213.0000,3212.6000,3214.8000,3215.0000,3215.2000,3218.0000,3218.8000,1,1,1,1,1,1,7,1,2,1
SF,IH2012,2020-09-24 09:33:57.000,3213.8000,31938,0,418776120.000,0,-,-,-,-,3213.8000,3213.6000,3213.2000,3213.0000,3212.6000,3214.6000,3214.8000,3215.0000,3215.2000,3218.0000,1,1,1,1,1,2,1,4,1,2
SF,IH2012,2020-09-24 09:33:57.500,3213.8000,31938,0,418776120.000,0,-,-,-,-,3213.6000,3213.2000,3213.0000,3212.6000,3212.0000,3214.4000,3214.6000,3214.8000,3215.0000,3215.2000,1,1,1,1,2,2,1,1,2,1
SF,IH2012,2020-09-24 09:33:58.000,3213.8000,31938,0,418776120.000,0,-,-,-,-,3213.6000,3213.2000,3213.0000,3212.6000,3212.0000,3214.4000,3214.8000,3215.0000,3215.2000,3218.0000,1,1,1,1,2,2,1,2,1,2
SF,IH2012,2020-09-24 09:33:58.500,3213.8000,31938,0,418776120.000,0,-,-,-,-,3213.6000,3213.2000,3213.0000,3212.6000,3212.0000,3214.4000,3214.8000,3215.0000,3215.2000,3218.0000,1,1,1,1,2,2,1,2,1,2
SF,IH2012,2020-09-24 09:33:59.000,3213.8000,31938,0,418776120.000,0,-,-,-,-,3213.6000,3213.2000,3213.0000,3212.6000,3212.0000,3214.2000,3214.4000,3214.8000,3215.0000,3215.2000,1,1,1,1,2,1,1,1,2,1
SF,IH2012,2020-09-24 09:33:59.500,3213.6000,31939,1,419740200.000,1,1,0,双开,S,3213.6000,3213.2000,3213.0000,3212.6000,3212.0000,3214.8000,3215.0000,3215.2000,3218.0000,3218.8000,1,1,1,1,2,1,2,1,2,1
SF,IH2012,2020-09-24 09:34:00.000,3213.6000,31939,0,419740200.000,0,-,-,-,-,3213.6000,3213.2000,3213.0000,3212.6000,3212.0000,3214.6000,3214.8000,3215.0000,3215.2000,3218.0000,1,1,1,1,2,1,1,2,1,2
SF,IH2012,2020-09-24 09:34:00.500,3214.4000,31938,-1,420704520.000,1,0,1,双平,S,3214.2000,3213.8000,3213.6000,3213.2000,3213.0000,3214.8000,3215.0000,3215.2000,3218.0000,3218.8000,1,2,1,1,1,1,2,1,2,1
SF,IH2012,2020-09-24 09:34:01.000,3214.4000,31938,0,420704520.000,0,-,-,-,-,3214.4000,3214.2000,3213.8000,3213.2000,3213.0000,3215.2000,3218.0000,3218.8000,3219.4000,3219.8000,1,1,4,1,1,1,2,1,1,1
SF,IH2012,2020-09-24 09:34:01.500,3214.4000,31938,0,420704520.000,0,-,-,-,-,3214.8000,3214.6000,3214.4000,3214.2000,3213.8000,3215.2000,3218.0000,3218.8000,3219.4000,3219.8000,1,1,1,1,3,1,2,1,1,1
SF,IH2012,2020-09-24 09:34:02.000,3215.2000,31937,-1,421669080.000,1,0,1,双平,S,3215.6000,3214.8000,3214.6000,3214.4000,3214.2000,3218.0000,3218.8000,3219.4000,3219.8000,3220.0000,1,1,1,1,1,2,1,1,1,2
SF,IH2012,2020-09-24 09:34:02.500,3215.2000,31937,0,421669080.000,0,-,-,-,-,3215.6000,3214.8000,3214.6000,3214.4000,3214.2000,3216.8000,3217.4000,3217.6000,3217.8000,3218.0000,2,1,1,1,1,1,2,2,7,4
SF,IH2012,2020-09-24 09:34:03.000,3216.6000,31937,0,422634060.000,1,0,1,多换,S,3215.6000,3214.8000,3214.6000,3214.4000,3214.2000,3216.8000,3217.4000,3217.8000,3218.0000,3218.8000,1,1,1,1,1,2,1,4,2,1
SF,IH2012,2020-09-24 09:34:03.500,3216.6000,31937,0,422634060.000,0,-,-,-,-,3215.8000,3215.6000,3214.8000,3214.6000,3214.4000,3216.8000,3217.8000,3218.0000,3218.8000,3219.4000,3,1,1,1,1,2,3,2,1,1
SF,IH2012,2020-09-24 09:34:04.000,3216.6000,31937,0,422634060.000,0,-,-,-,-,3216.0000,3215.8000,3215.6000,3214.8000,3214.6000,3216.8000,3217.8000,3218.0000,3218.8000,3219.4000,1,2,1,1,1,1,3,2,1,1
SF,IH2012,2020-09-24 09:34:04.500,3216.6000,31937,0,422634060.000,0,-,-,-,-,3215.8000,3215.6000,3214.8000,3214.4000,3214.2000,3216.6000,3216.8000,3217.8000,3218.0000,3218.8000,1,1,1,1,1,1,1,3,2,1
SF,IH2012,2020-09-24 09:34:05.000,3216.6000,31937,0,422634060.000,0,-,-,-,-,3215.6000,3214.8000,3214.4000,3214.2000,3213.8000,3216.6000,3216.8000,3217.0000,3217.8000,3218.0000,1,1,1,1,2,1,1,1,3,2
SF,IH2012,2020-09-24 09:34:05.500,3216.6000,31937,0,422634060.000,0,-,-,-,-,3215.8000,3215.6000,3214.8000,3214.4000,3213.8000,3216.8000,3217.0000,3217.8000,3218.0000,3218.8000,1,1,1,1,2,1,1,3,2,1
SF,IH2012,2020-09-24 09:34:07.000,3216.6000,31937,0,422634060.000,0,-,-,-,-,3215.8000,3215.6000,3214.8000,3214.4000,3213.8000,3216.6000,3216.8000,3217.0000,3217.8000,3218.0000,1,1,1,1,2,2,1,1,2,2
SF,IH2012,2020-09-24 09:34:07.500,3216.6000,31937,0,422634060.000,0,-,-,-,-,3214.8000,3214.4000,3213.8000,3213.0000,3212.6000,3216.6000,3217.0000,3217.8000,3218.0000,3218.8000,1,1,2,1,1,3,1,2,2,1
SF,IH2012,2020-09-24 09:34:08.000,3216.6000,31937,0,423599040.000,1,0,1,多换,S,3215.0000,3214.8000,3214.4000,3213.8000,3213.0000,3216.4000,3216.6000,3217.0000,3217.8000,3218.0000,3,1,1,2,1,1,1,1,1,2
SF,IH2012,2020-09-24 09:34:08.500,3216.6000,31937,0,423599040.000,0,-,-,-,-,3215.2000,3215.0000,3214.8000,3213.8000,3213.0000,3216.2000,3216.4000,3217.0000,3217.8000,3218.0000,1,3,1,2,1,1,1,1,1,2
SF,IH2012,2020-09-24 09:34:09.000,3216.6000,31937,0,423599040.000,0,-,-,-,-,3215.2000,3215.0000,3214.8000,3213.8000,3213.0000,3216.2000,3217.0000,3217.8000,3218.0000,3218.8000,1,2,1,2,1,1,1,1,2,1
SF,IH2012,2020-09-24 09:34:09.500,3215.0000,31936,-1,425528100.000,2,0,2,多平,S,3214.8000,3213.8000,3213.0000,3212.6000,3212.0000,3216.0000,3216.2000,3217.0000,3217.8000,3218.0000,1,2,1,1,2,2,1,1,1,2
SF,IH2012,2020-09-24 09:34:10.000,3215.0000,31936,0,425528100.000,0,-,-,-,-,3214.8000,3213.8000,3213.0000,3212.6000,3212.0000,3215.8000,3216.0000,3216.2000,3217.0000,3217.8000,1,2,1,1,2,3,3,1,1,1
SF,IH2012,2020-09-24 09:34:10.500,3214.8000,31935,-1,426492540.000,1,0,1,双平,S,3213.8000,3213.0000,3212.6000,3212.0000,3210.2000,3215.6000,3215.8000,3216.0000,3216.2000,3217.0000,2,1,1,2,2,1,3,3,1,1
SF,IH2012,2020-09-24 09:34:11.000,3214.8000,31935,0,426492540.000,0,-,-,-,-,3214.0000,3213.8000,3213.0000,3212.6000,3212.0000,3214.8000,3215.4000,3215.6000,3215.8000,3216.0000,2,3,1,1,2,1,3,1,1,2
SF,IH2012,2020-09-24 09:34:11.500,3214.8000,31935,0,426492540.000,0,-,-,-,-,3214.0000,3213.8000,3213.0000,3212.6000,3212.0000,3214.8000,3215.4000,3215.6000,3217.0000,3217.8000,2,3,1,1,2,1,5,1,1,1
SF,IH2012,2020-09-24 09:34:12.000,3214.8000,31935,0,426492540.000,0,-,-,-,-,3214.0000,3213.8000,3213.0000,3212.6000,3212.0000,3215.4000,3215.6000,3217.0000,3217.8000,3218.0000,2,3,1,1,2,4,1,1,1,2
SF,IH2012,2020-09-24 09:34:13.000,3214.8000,31935,0,426492540.000,0,-,-,-,-,3214.2000,3214.0000,3213.8000,3213.0000,3212.6000,3215.4000,3215.6000,3217.0000,3217.8000,3218.0000,2,2,3,1,1,3,1,1,1,2
SF,IH2012,2020-09-24 09:34:13.500,3214.8000,31935,0,426492540.000,0,-,-,-,-,3214.2000,3214.0000,3213.8000,3213.0000,3212.6000,3215.4000,3215.6000,3217.0000,3217.8000,3218.0000,1,2,2,1,1,2,1,1,1,2
SF,IH2012,2020-09-24 09:34:14.000,3214.8000,31935,0,426492540.000,0,-,-,-,-,3214.2000,3214.0000,3213.8000,3213.0000,3212.6000,3215.2000,3215.4000,3215.6000,3217.0000,3217.8000,1,1,2,1,1,2,2,1,1,1
SF,IH2012,2020-09-24 09:34:14.500,3214.8000,31935,0,426492540.000,0,-,-,-,-,3214.0000,3213.8000,3213.0000,3212.6000,3212.0000,3215.0000,3215.2000,3215.4000,3217.0000,3217.8000,1,2,1,1,2,1,3,1,1,1
SF,IH2012,2020-09-24 09:34:15.000,3214.8000,31935,0,426492540.000,0,-,-,-,-,3213.8000,3213.0000,3212.6000,3212.0000,3210.2000,3215.0000,3215.2000,3217.0000,3217.8000,3218.0000,2,1,1,2,2,2,3,1,1,2
SF,IH2012,2020-09-24 09:34:15.500,3214.8000,31935,0,426492540.000,0,-,-,-,-,3213.8000,3213.0000,3212.6000,3212.0000,3210.2000,3215.0000,3215.2000,3217.0000,3217.8000,3218.0000,2,1,1,2,2,2,1,1,1,2
SF,IH2012,2020-09-24 09:34:17.000,3214.8000,31934,-1,427456980.000,1,0,1,双平,S,3213.8000,3213.0000,3212.6000,3212.0000,3210.2000,3214.8000,3215.0000,3215.2000,3217.0000,3217.8000,2,1,1,2,2,1,2,1,1,1
SF,IH2012,2020-09-24 09:34:17.500,3214.8000,31934,0,427456980.000,0,-,-,-,-,3214.0000,3213.8000,3213.0000,3212.6000,3212.0000,3215.0000,3215.2000,3217.0000,3217.8000,3218.0000,1,2,1,1,2,2,1,1,1,2
SF,IH2012,2020-09-24 09:34:18.000,3214.8000,31934,0,427456980.000,0,-,-,-,-,3213.8000,3213.0000,3212.6000,3212.0000,3210.2000,3215.0000,3215.2000,3217.0000,3217.8000,3218.0000,2,1,1,2,2,2,1,1,1,2
SF,IH2012,2020-09-24 09:34:18.500,3214.8000,31934,0,427456980.000,0,-,-,-,-,3213.8000,3213.0000,3212.6000,3212.0000,3210.2000,3214.8000,3215.0000,3215.2000,3217.0000,3217.8000,3,1,1,2,2,1,2,1,1,1
SF,IH2012,2020-09-24 09:34:19.000,3214.8000,31934,0,427456980.000,0,-,-,-,-,3214.0000,3213.8000,3213.0000,3212.6000,3212.0000,3214.6000,3215.0000,3215.2000,3217.0000,3217.8000,1,3,1,1,2,2,1,1,1,1
SF,IH2012,2020-09-24 09:34:19.500,3214.8000,31934,0,427456980.000,0,-,-,-,-,3214.0000,3213.8000,3213.0000,3212.6000,3212.0000,3215.2000,3217.0000,3217.8000,3218.0000,3218.8000,2,3,1,1,2,1,1,1,2,1
SF,IH2012,2020-09-24 09:34:20.000,3214.8000,31934,0,427456980.000,0,-,-,-,-,3214.0000,3213.8000,3213.0000,3212.6000,3212.0000,3215.0000,3215.2000,3217.0000,3217.8000,3218.0000,1,3,1,1,2,2,1,1,1,2
SF,IH2012,2020-09-24 09:34:20.500,3214.8000,31934,0,427456980.000,0,-,-,-,-,3214.0000,3213.8000,3213.0000,3212.6000,3212.0000,3215.0000,3215.2000,3217.0000,3217.8000,3218.0000,1,3,1,1,2,3,1,1,1,2
SF,IH2012,2020-09-24 09:34:21.000,3214.8000,31934,0,427456980.000,0,-,-,-,-,3214.2000,3214.0000,3213.8000,3213.0000,3212.6000,3215.0000,3215.2000,3217.0000,3217.8000,3218.0000,1,1,3,1,1,3,1,1,1,2
SF,IH2012,2020-09-24 09:34:22.000,3214.8000,31934,0,427456980.000,0,-,-,-,-,3214.2000,3214.0000,3213.8000,3213.0000,3212.6000,3215.0000,3215.2000,3217.0000,3217.8000,3218.0000,1,1,3,1,1,4,1,1,1,2
SF,IH2012,2020-09-24 09:34:23.500,3214.8000,31934,0,427456980.000,0,-,-,-,-,3214.2000,3214.0000,3213.8000,3213.0000,3212.6000,3215.0000,3215.2000,3217.0000,3217.8000,3218.0000,1,1,3,1,1,3,1,1,1,2
SF,IH2012,2020-09-24 09:34:24.000,3214.8000,31934,0,427456980.000,0,-,-,-,-,3214.2000,3214.0000,3213.8000,3213.0000,3212.6000,3215.0000,3217.0000,3217.8000,3218.0000,3218.8000,2,1,2,1,1,3,1,1,2,1
SF,IH2012,2020-09-24 09:34:24.500,3214.8000,31934,0,427456980.000,0,-,-,-,-,3214.2000,3214.0000,3213.8000,3213.0000,3212.6000,3215.0000,3217.0000,3217.8000,3218.0000,3218.8000,2,1,2,1,1,3,1,1,2,1
SF,IH2012,2020-09-24 09:34:25.000,3214.8000,31934,0,427456980.000,0,-,-,-,-,3214.2000,3214.0000,3213.8000,3213.0000,3212.6000,3215.0000,3217.0000,3217.8000,3218.0000,3218.8000,2,1,2,1,1,3,1,1,2,1
SF,IH2012,2020-09-24 09:34:25.500,3214.8000,31934,0,427456980.000,0,-,-,-,-,3214.2000,3214.0000,3213.8000,3213.4000,3213.0000,3215.0000,3217.0000,3217.8000,3218.0000,3218.8000,2,1,2,1,1,3,1,1,2,1
SF,IH2012,2020-09-24 09:34:26.000,3214.8000,31934,0,427456980.000,0,-,-,-,-,3214.2000,3214.0000,3213.8000,3213.4000,3213.0000,3215.0000,3217.0000,3217.8000,3218.0000,3218.8000,2,2,2,1,1,3,1,1,2,1
SF,IH2012,2020-09-24 09:34:26.500,3214.8000,31934,0,427456980.000,0,-,-,-,-,3214.8000,3214.2000,3214.0000,3213.8000,3213.4000,3215.0000,3217.0000,3217.8000,3218.0000,3218.8000,1,2,2,2,1,3,1,1,5,1
SF,IH2012,2020-09-24 09:34:27.000,3214.8000,31934,0,428421420.000,1,0,1,多换,S,3214.2000,3214.0000,3213.8000,3213.4000,3213.0000,3214.8000,3215.0000,3215.4000,3217.0000,3217.8000,2,2,2,1,1,1,2,1,1,1
SF,IH2012,2020-09-24 09:34:27.500,3214.8000,31934,0,428421420.000,0,-,-,-,-,3214.2000,3214.0000,3213.8000,3213.4000,3213.0000,3214.8000,3215.0000,3215.4000,3217.0000,3217.8000,1,2,2,1,1,1,2,1,1,1
SF,IH2012,2020-09-24 09:34:29.500,3214.8000,31934,0,429385860.000,1,0,1,多换,S,3214.8000,3214.2000,3214.0000,3213.8000,3213.4000,3215.0000,3215.4000,3217.0000,3217.8000,3218.0000,8,1,2,2,1,2,1,1,1,5
