市场代码,合约代码,时间,最新,持仓,增仓,成交额,成交量,开仓,平仓,成交类型,方向,买一价,买二价,买三价,买四价,买五价,卖一价,卖二价,卖三价,卖四价,卖五价,买一量,买二量,买三量,买四量,买五量,卖一量,卖二量,卖三量,卖四量,卖五量
SF,IH2009,2020-03-10 09:29:00.000,2824.2000,7875,0,7625340.000,9.000,-,-,-,-,2824.0000,2822.4000,2821.0000,2820.0000,2818.0000,2825.0000,2835.0000,2835.2000,2837.0000,2837.4000,1,1,2,2,2,6,2,1,2,1
SF,IH2009,2020-03-10 09:30:00.500,2825.0000,7877,2,13557840.000,7,4,3,空开,S,2828.8000,2827.8000,2826.0000,2825.0000,2824.4000,2835.0000,2835.2000,2837.0000,2838.0000,2842.8000,9,1,2,4,1,2,1,1,1,2
SF,IH2009,2020-03-10 09:30:01.000,2835.0000,7877,0,15258840.000,2,1,1,多换,S,2829.2000,2829.0000,2828.8000,2828.0000,2827.8000,2835.2000,2837.0000,2838.0000,2842.8000,2851.0000,1,5,10,2,1,1,1,1,2,1
SF,IH2009,2020-03-10 09:30:01.500,2838.0000,7875,-2,18662400.000,4,1,3,多平,S,2842.0000,2839.2000,2837.2000,2835.2000,2834.0000,2842.8000,2851.0000,2859.0000,2875.0000,2880.0000,1,1,1,7,1,2,1,1,1,3
SF,IH2009,2020-03-10 09:30:02.000,2835.2000,7872,-3,22071180.000,4,0,4,多平,S,2835.2000,2834.0000,2830.0000,2829.4000,2828.8000,2838.0000,2841.8000,2842.0000,2842.4000,2842.6000,7,1,2,2,9,2,1,2,1,1
SF,IH2009,2020-03-10 09:30:02.500,2838.0000,7871,-1,23773980.000,2,0,2,多平,S,2842.8000,2837.2000,2835.6000,2835.4000,2835.2000,2851.0000,2857.6000,2859.0000,2875.0000,2880.0000,1,1,2,3,7,1,5,1,1,3
SF,IH2009,2020-03-10 09:30:03.000,2838.0000,7871,0,23773980.000,0,-,-,-,-,2842.8000,2838.0000,2837.2000,2835.6000,2835.4000,2844.0000,2848.2000,2849.0000,2849.6000,2850.6000,1,1,1,2,4,1,2,2,1,1
SF,IH2009,2020-03-10 09:30:03.500,2842.6000,7870,-1,25479540.000,2,0,2,多平,S,2844.4000,2843.2000,2843.0000,2838.0000,2837.2000,2850.8000,2851.0000,2857.6000,2859.0000,2875.0000,1,1,1,1,1,1,1,5,1,1
SF,IH2009,2020-03-10 09:30:04.000,2850.6000,7869,-1,27189720.000,2,0,2,多平,S,2844.8000,2844.6000,2844.4000,2843.0000,2838.0000,2850.6000,2850.8000,2851.0000,2857.6000,2859.0000,1,3,1,1,1,1,1,1,5,1
SF,IH2009,2020-03-10 09:30:04.500,2845.0000,7868,-1,28043220.000,1,0,1,双平,S,2845.0000,2844.0000,2838.0000,2837.2000,2835.2000,2850.4000,2850.6000,2851.0000,2857.6000,2859.0000,2,1,1,1,7,1,1,1,5,1
SF,IH2009,2020-03-10 09:30:05.000,2845.0000,7868,0,28043220.000,0,-,-,-,-,2845.0000,2844.0000,2842.2000,2838.0000,2837.2000,2848.2000,2849.0000,2850.2000,2850.4000,2851.0000,1,2,1,1,1,2,2,3,2,1
SF,IH2009,2020-03-10 09:30:05.500,2845.0000,7868,0,28043220.000,0,-,-,-,-,2845.0000,2844.0000,2842.2000,2838.0000,2837.2000,2848.0000,2848.2000,2849.0000,2850.2000,2850.4000,1,2,1,1,1,2,2,2,1,2
SF,IH2009,2020-03-10 09:30:06.000,2848.0000,7869,1,29751120.000,2,1,1,空开,S,2844.0000,2842.2000,2838.0000,2837.2000,2835.2000,2848.0000,2848.2000,2849.0000,2850.4000,2851.0000,2,1,1,1,7,2,2,2,1,1
SF,IH2009,2020-03-10 09:30:06.500,2844.0000,7868,-1,31457520.000,2,0,2,多平,S,2844.2000,2842.2000,2838.0000,2837.2000,2835.2000,2847.8000,2848.0000,2848.2000,2849.0000,2850.4000,1,1,1,1,7,1,2,2,2,1
SF,IH2009,2020-03-10 09:30:07.000,2847.6000,7869,1,33165060.000,2,1,1,空开,S,2838.0000,2837.2000,2835.2000,2830.0000,2828.8000,2847.6000,2847.8000,2848.2000,2849.0000,2850.4000,1,1,7,2,9,2,1,2,2,1
SF,IH2009,2020-03-10 09:30:07.500,2847.6000,7868,-1,34019340.000,1,0,1,双平,S,2848.0000,2847.0000,2845.8000,2845.4000,2845.0000,2851.0000,2859.0000,2861.4000,2875.0000,2880.0000,2,1,1,1,1,1,1,5,1,3
SF,IH2009,2020-03-10 09:30:08.000,2848.2000,7869,1,39145380.000,6,3,3,空开,S,2845.0000,2844.6000,2844.4000,2842.4000,2839.2000,2849.0000,2850.0000,2850.8000,2851.0000,2859.0000,1,1,2,1,1,2,1,2,1,1
SF,IH2009,2020-03-10 09:30:08.500,2848.2000,7869,0,39145380.000,0,-,-,-,-,2848.2000,2845.8000,2845.4000,2845.2000,2845.0000,2848.8000,2851.0000,2859.0000,2861.4000,2875.0000,2,1,2,2,1,1,1,1,5,1
SF,IH2009,2020-03-10 09:30:09.000,2848.2000,7869,0,39145380.000,0,-,-,-,-,2845.2000,2845.0000,2838.0000,2835.2000,2830.0000,2851.0000,2859.0000,2861.4000,2875.0000,2880.0000,2,1,1,7,1,1,1,5,1,3
SF,IH2009,2020-03-10 09:30:09.500,2848.2000,7869,0,39145380.000,0,-,-,-,-,2845.6000,2845.2000,2845.0000,2838.0000,2835.2000,2848.0000,2850.0000,2850.8000,2851.0000,2859.0000,1,2,1,1,7,1,1,1,1,1
SF,IH2009,2020-03-10 09:30:10.000,2845.8000,7869,0,39999120.000,1,0,1,多换,S,2845.8000,2845.6000,2845.4000,2845.0000,2838.0000,2848.0000,2850.0000,2851.0000,2859.0000,2861.4000,4,1,1,1,1,1,1,1,1,5
SF,IH2009,2020-03-10 09:30:10.500,2850.0000,7868,-1,42562920.000,3,1,2,多平,S,2845.8000,2845.6000,2845.0000,2838.0000,2835.2000,2848.2000,2851.0000,2859.0000,2861.4000,2875.0000,3,1,1,1,7,1,1,1,5,1
SF,IH2009,2020-03-10 09:30:11.000,2845.8000,7865,-3,45124200.000,3,0,3,双平,S,2845.8000,2845.0000,2838.0000,2835.2000,2830.0000,2848.2000,2851.0000,2859.0000,2861.4000,2875.0000,1,1,1,7,1,1,1,1,5,1
SF,IH2009,2020-03-10 09:30:11.500,2848.2000,7864,-1,45978660.000,1,0,1,双平,S,2846.0000,2845.8000,2845.0000,2838.0000,2835.2000,2851.0000,2859.0000,2861.4000,2870.0000,2875.0000,2,1,1,1,7,1,1,5,1,1
SF,IH2009,2020-03-10 09:30:12.000,2848.2000,7864,0,45978660.000,0,-,-,-,-,2848.2000,2846.2000,2846.0000,2845.0000,2838.0000,2850.8000,2851.0000,2859.0000,2861.4000,2870.0000,1,1,1,1,1,1,1,1,5,1
SF,IH2009,2020-03-10 09:30:12.500,2850.6000,7862,-2,47689020.000,2,0,2,双平,S,2848.4000,2846.4000,2846.0000,2845.0000,2838.0000,2850.8000,2851.0000,2859.0000,2861.4000,2870.0000,2,1,1,1,1,1,1,1,5,1
SF,IH2009,2020-03-10 09:30:13.000,2850.6000,7862,0,47689020.000,0,-,-,-,-,2848.6000,2848.4000,2846.0000,2845.0000,2844.0000,2851.0000,2859.0000,2861.4000,2870.0000,2875.0000,2,2,1,1,1,1,1,5,1,1
SF,IH2009,2020-03-10 09:30:13.500,2850.6000,7862,0,47689020.000,0,-,-,-,-,2848.8000,2848.6000,2848.4000,2846.0000,2845.0000,2851.0000,2859.0000,2861.4000,2870.0000,2875.0000,1,2,1,1,1,1,1,5,1,1
SF,IH2009,2020-03-10 09:30:14.000,2850.6000,7862,0,47689020.000,0,-,-,-,-,2850.8000,2849.2000,2849.0000,2848.8000,2848.4000,2851.0000,2859.0000,2861.4000,2870.0000,2875.0000,6,1,1,1,1,1,1,5,1,1
SF,IH2009,2020-03-10 09:30:14.500,2850.8000,7859,-3,51110040.000,4,0,4,多平,S,2850.8000,2849.2000,2849.0000,2848.8000,2848.4000,2859.0000,2861.4000,2870.0000,2875.0000,2880.0000,4,1,1,1,1,1,5,1,1,3
SF,IH2009,2020-03-10 09:30:15.000,2850.8000,7859,0,51110040.000,0,-,-,-,-,2851.0000,2850.8000,2849.2000,2848.4000,2845.0000,2856.0000,2857.6000,2858.6000,2858.8000,2859.0000,1,4,1,1,1,4,2,1,3,1
SF,IH2009,2020-03-10 09:30:15.500,2850.8000,7859,0,51110040.000,0,-,-,-,-,2851.0000,2850.8000,2849.2000,2848.4000,2845.0000,2855.8000,2856.0000,2857.6000,2858.6000,2858.8000,2,4,1,1,1,1,4,2,1,1
SF,IH2009,2020-03-10 09:30:16.000,2851.0000,7858,-1,51965340.000,1,0,1,双平,S,2851.0000,2850.8000,2848.4000,2845.0000,2844.0000,2855.6000,2856.0000,2857.6000,2858.8000,2859.0000,2,4,1,1,1,1,4,2,1,1
SF,IH2009,2020-03-10 09:30:16.500,2853.2000,7857,-1,52821300.000,1,0,1,双平,S,2851.2000,2851.0000,2850.8000,2848.4000,2845.0000,2855.4000,2855.6000,2856.0000,2857.6000,2858.8000,1,2,4,1,1,1,1,4,2,1
SF,IH2009,2020-03-10 09:30:17.000,2853.2000,7857,0,52821300.000,0,-,-,-,-,2851.0000,2850.8000,2845.0000,2844.0000,2838.0000,2855.0000,2855.2000,2855.4000,2856.0000,2857.6000,2,4,1,1,1,1,1,1,4,2
SF,IH2009,2020-03-10 09:30:17.500,2853.2000,7857,0,52821300.000,0,-,-,-,-,2851.2000,2851.0000,2850.8000,2845.0000,2844.0000,2854.6000,2854.8000,2855.2000,2856.0000,2857.6000,1,2,4,1,1,1,2,1,2,2
SF,IH2009,2020-03-10 09:30:18.000,2853.2000,7857,0,52821300.000,0,-,-,-,-,2851.4000,2851.0000,2850.8000,2845.0000,2844.0000,2854.4000,2854.6000,2854.8000,2856.0000,2857.6000,1,2,4,1,1,1,1,1,2,2
SF,IH2009,2020-03-10 09:30:18.500,2853.2000,7857,0,52821300.000,0,-,-,-,-,2851.4000,2851.0000,2850.8000,2845.0000,2844.0000,2854.4000,2854.6000,2854.8000,2856.0000,2857.6000,1,2,4,1,1,1,1,1,2,2
SF,IH2009,2020-03-10 09:30:19.000,2853.2000,7857,0,52821300.000,0,-,-,-,-,2851.6000,2851.4000,2851.0000,2850.8000,2845.0000,2854.2000,2854.6000,2854.8000,2856.0000,2857.6000,1,1,2,4,1,1,1,1,2,2
SF,IH2009,2020-03-10 09:30:19.500,2853.2000,7857,0,52821300.000,0,-,-,-,-,2851.8000,2851.6000,2851.0000,2850.8000,2845.0000,2854.2000,2854.6000,2854.8000,2856.0000,2857.6000,1,1,2,4,1,1,1,1,2,2
SF,IH2009,2020-03-10 09:30:20.000,2853.2000,7857,0,52821300.000,0,-,-,-,-,2854.4000,2851.8000,2851.6000,2851.0000,2850.8000,2854.6000,2856.0000,2857.6000,2858.8000,2859.0000,2,1,1,2,4,1,2,2,1,1
SF,IH2009,2020-03-10 09:30:20.500,2854.4000,7857,0,54533940.000,2,1,1,多换,S,2851.8000,2851.6000,2851.0000,2850.8000,2844.6000,2854.6000,2856.0000,2857.6000,2858.8000,2859.0000,1,1,2,4,1,1,2,2,1,1
SF,IH2009,2020-03-10 09:30:21.000,2852.0000,7856,-1,56245920.000,2,0,2,多平,S,2851.8000,2851.0000,2850.8000,2844.6000,2844.0000,2856.0000,2857.6000,2858.8000,2859.0000,2861.4000,1,2,4,1,1,2,2,1,1,5
SF,IH2009,2020-03-10 09:30:21.500,2852.0000,7856,0,56245920.000,0,-,-,-,-,2852.0000,2851.8000,2851.0000,2850.8000,2844.6000,2855.8000,2856.0000,2857.6000,2858.8000,2859.0000,1,1,2,4,1,1,2,2,1,1
SF,IH2009,2020-03-10 09:30:22.000,2852.0000,7856,0,56245920.000,0,-,-,-,-,2852.2000,2852.0000,2851.0000,2850.8000,2844.6000,2855.6000,2855.8000,2856.0000,2859.0000,2861.4000,1,1,2,4,1,1,1,2,1,5
SF,IH2009,2020-03-10 09:30:22.500,2852.0000,7856,0,56245920.000,0,-,-,-,-,2852.2000,2852.0000,2851.0000,2850.8000,2844.6000,2855.6000,2855.8000,2856.0000,2859.0000,2861.4000,1,1,2,4,1,1,1,2,1,5
SF,IH2009,2020-03-10 09:30:23.000,2855.6000,7855,-1,57102600.000,1,0,1,双平,S,2852.4000,2852.2000,2851.0000,2850.8000,2844.6000,2856.0000,2859.0000,2861.4000,2870.0000,2875.0000,1,1,2,4,1,2,1,5,1,1
SF,IH2009,2020-03-10 09:30:23.500,2855.6000,7855,0,57102600.000,0,-,-,-,-,2852.6000,2852.4000,2851.0000,2850.8000,2844.6000,2855.0000,2856.0000,2859.0000,2861.4000,2870.0000,1,1,2,4,1,1,2,1,5,1
SF,IH2009,2020-03-10 09:30:24.000,2855.0000,7854,-1,57959100.000,1,0,1,双平,S,2853.0000,2852.6000,2851.0000,2850.8000,2844.6000,2855.6000,2856.0000,2859.0000,2861.4000,2870.0000,1,2,2,4,1,1,2,1,5,1
SF,IH2009,2020-03-10 09:30:24.500,2855.6000,7853,-1,59672400.000,2,0,2,多平,S,2856.0000,2855.0000,2853.6000,2853.2000,2853.0000,2859.0000,2865.2000,2870.0000,2875.0000,2880.0000,1,2,1,2,2,1,5,1,1,4
SF,IH2009,2020-03-10 09:30:25.000,2855.6000,7853,0,59672400.000,0,-,-,-,-,2856.2000,2856.0000,2855.0000,2853.6000,2853.4000,2858.8000,2859.0000,2865.2000,2870.0000,2875.0000,1,1,2,1,1,1,1,5,1,1
SF,IH2009,2020-03-10 09:30:25.500,2855.6000,7853,0,60529080.000,1,0,1,多换,S,2856.0000,2855.0000,2853.6000,2853.4000,2853.0000,2858.8000,2859.0000,2865.2000,2870.0000,2875.0000,1,2,1,1,2,1,1,5,1,1
SF,IH2009,2020-03-10 09:30:26.000,2855.6000,7852,-1,61385760.000,1,0,1,双平,S,2856.0000,2855.0000,2853.6000,2853.4000,2853.0000,2858.8000,2859.0000,2865.2000,2870.0000,2875.0000,1,2,1,1,2,1,1,5,1,1
SF,IH2009,2020-03-10 09:30:26.500,2856.0000,7851,-1,62242560.000,1,0,1,双平,S,2856.2000,2855.0000,2853.6000,2853.4000,2853.0000,2858.8000,2859.0000,2865.2000,2870.0000,2875.0000,1,2,1,1,1,1,1,5,1,1
SF,IH2009,2020-03-10 09:30:27.000,2856.0000,7851,0,62242560.000,0,-,-,-,-,2856.2000,2855.0000,2853.6000,2853.4000,2853.0000,2858.0000,2858.8000,2859.0000,2865.2000,2870.0000,1,2,1,1,1,1,1,1,5,1
SF,IH2009,2020-03-10 09:30:27.500,2858.0000,7849,-2,63957360.000,2,0,2,双平,S,2858.2000,2856.2000,2855.0000,2853.6000,2853.4000,2859.0000,2865.2000,2870.0000,2875.0000,2880.0000,1,2,2,1,1,1,5,1,1,4
SF,IH2009,2020-03-10 09:30:28.000,2858.0000,7849,0,63957360.000,0,-,-,-,-,2858.8000,2858.2000,2856.2000,2853.6000,2853.4000,2859.0000,2865.2000,2870.0000,2875.0000,2880.0000,1,1,2,1,1,1,5,1,1,4
SF,IH2009,2020-03-10 09:30:28.500,2858.2000,7847,-2,66530160.000,3,0,3,多平,S,2856.2000,2853.6000,2853.4000,2853.0000,2852.6000,2865.2000,2870.0000,2875.0000,2880.0000,2888.8000,2,1,1,1,1,5,1,1,4,1
SF,IH2009,2020-03-10 09:30:29.000,2858.2000,7847,0,66530160.000,0,-,-,-,-,2856.4000,2856.2000,2853.6000,2853.4000,2853.0000,2861.8000,2862.0000,2862.8000,2863.0000,2864.8000,1,2,1,1,1,1,1,1,2,1
SF,IH2009,2020-03-10 09:30:29.500,2856.6000,7847,0,67387140.000,1,0,1,多换,S,2856.4000,2856.2000,2853.6000,2853.4000,2853.0000,2861.4000,2861.6000,2861.8000,2862.0000,2862.8000,1,1,1,1,1,1,3,1,1,1
SF,IH2009,2020-03-10 09:30:30.000,2853.0000,7842,-5,74239860.000,8,1,7,多平,S,2852.6000,2844.6000,2844.0000,2838.0000,2835.2000,2859.0000,2861.0000,2861.2000,2862.8000,2863.0000,1,1,1,1,7,1,1,4,1,2
SF,IH2009,2020-03-10 09:30:30.500,2861.0000,7844,2,76813500.000,3,2,1,空开,S,2854.8000,2853.0000,2852.8000,2852.6000,2844.6000,2861.2000,2862.8000,2863.0000,2865.2000,2870.0000,1,2,2,1,1,3,1,2,6,1
SF,IH2009,2020-03-10 09:30:31.000,2861.0000,7844,0,76813500.000,0,-,-,-,-,2856.6000,2855.2000,2855.0000,2854.8000,2853.0000,2861.2000,2862.8000,2863.0000,2865.2000,2870.0000,1,1,3,1,1,3,1,2,6,1
SF,IH2009,2020-03-10 09:30:31.500,2861.0000,7844,0,76813500.000,0,-,-,-,-,2856.8000,2856.6000,2855.2000,2855.0000,2854.8000,2861.2000,2862.8000,2863.0000,2865.2000,2870.0000,1,1,1,2,1,2,1,2,6,1
SF,IH2009,2020-03-10 09:30:32.000,2861.0000,7844,0,76813500.000,0,-,-,-,-,2857.0000,2856.8000,2856.6000,2855.2000,2855.0000,2861.2000,2863.0000,2865.2000,2870.0000,2875.0000,1,1,1,1,1,2,2,6,1,1
SF,IH2009,2020-03-10 09:30:32.500,2861.0000,7844,0,76813500.000,0,-,-,-,-,2857.2000,2856.6000,2855.0000,2854.8000,2854.0000,2861.2000,2863.0000,2865.2000,2870.0000,2875.0000,1,1,1,1,1,2,2,6,1,1
SF,IH2009,2020-03-10 09:30:33.000,2861.2000,7843,-1,79388580.000,3,1,2,多平,S,2861.2000,2857.4000,2857.2000,2856.6000,2855.0000,2863.0000,2865.2000,2870.0000,2875.0000,2880.0000,1,1,1,1,1,2,6,1,1,4
SF,IH2009,2020-03-10 09:30:33.500,2861.2000,7843,0,79388580.000,0,-,-,-,-,2861.2000,2857.6000,2857.4000,2857.2000,2856.6000,2861.4000,2862.8000,2863.0000,2869.0000,2870.0000,1,3,1,1,1,1,2,2,5,1
SF,IH2009,2020-03-10 09:30:34.000,2861.8000,7841,-2,81963900.000,3,0,3,多平,S,2861.8000,2857.6000,2857.4000,2857.2000,2856.6000,2862.8000,2863.0000,2869.0000,2870.0000,2875.0000,1,2,1,1,1,2,2,5,1,1
SF,IH2009,2020-03-10 09:30:34.500,2861.8000,7840,-1,82822440.000,1,0,1,双平,S,2857.4000,2857.2000,2856.6000,2855.0000,2854.8000,2862.8000,2863.0000,2869.0000,2870.0000,2875.0000,1,1,1,1,1,2,2,5,1,1
SF,IH2009,2020-03-10 09:30:35.000,2861.2000,7840,0,83680800.000,1,0,1,多换,S,2857.6000,2857.4000,2856.6000,2855.0000,2854.8000,2863.0000,2869.0000,2870.0000,2875.0000,2880.0000,3,1,1,1,1,2,5,1,1,4
SF,IH2009,2020-03-10 09:30:35.500,2861.2000,7840,0,83680800.000,0,-,-,-,-,2857.8000,2857.6000,2856.6000,2855.0000,2854.8000,2862.6000,2863.0000,2869.0000,2870.0000,2875.0000,1,5,1,1,1,1,2,5,1,1
SF,IH2009,2020-03-10 09:30:36.000,2861.2000,7840,0,83680800.000,0,-,-,-,-,2858.0000,2857.8000,2857.6000,2856.6000,2855.0000,2862.6000,2863.0000,2869.0000,2870.0000,2875.0000,2,1,3,1,1,1,2,5,1,1
SF,IH2009,2020-03-10 09:30:36.500,2861.2000,7840,0,83680800.000,0,-,-,-,-,2858.2000,2858.0000,2857.6000,2856.6000,2855.0000,2863.0000,2869.0000,2870.0000,2875.0000,2880.0000,2,2,2,1,1,2,5,1,1,4
SF,IH2009,2020-03-10 09:30:37.000,2861.2000,7840,0,84539160.000,1,0,1,多换,S,2858.4000,2858.2000,2857.6000,2856.6000,2855.0000,2863.0000,2869.0000,2870.0000,2880.0000,2888.8000,2,2,2,1,1,2,5,1,4,1
SF,IH2009,2020-03-10 09:30:37.500,2860.0000,7839,-1,85397160.000,1,0,1,双平,S,2859.4000,2859.0000,2858.8000,2858.6000,2858.4000,2862.8000,2869.0000,2870.0000,2880.0000,2888.8000,1,1,1,1,2,2,5,1,4,1
SF,IH2009,2020-03-10 09:30:38.000,2863.0000,7838,-1,87973740.000,3,1,2,多平,S,2859.6000,2858.8000,2857.6000,2856.6000,2855.0000,2863.0000,2869.0000,2870.0000,2880.0000,2888.8000,3,1,2,1,1,1,5,1,4,1
SF,IH2009,2020-03-10 09:30:38.500,2863.0000,7838,0,87973740.000,0,-,-,-,-,2859.6000,2858.8000,2857.6000,2856.6000,2855.0000,2862.8000,2863.0000,2869.0000,2870.0000,2880.0000,3,1,2,1,1,1,1,5,1,4
SF,IH2009,2020-03-10 09:30:39.000,2863.0000,7838,0,87973740.000,0,-,-,-,-,2859.6000,2858.8000,2857.6000,2856.6000,2855.0000,2869.0000,2870.0000,2880.0000,2888.8000,2890.0000,3,1,2,1,1,5,1,4,1,1
SF,IH2009,2020-03-10 09:30:39.500,2863.0000,7838,0,87973740.000,0,-,-,-,-,2859.6000,2857.6000,2856.6000,2855.0000,2854.0000,2865.2000,2867.0000,2868.0000,2868.6000,2868.8000,2,2,1,1,1,1,2,1,1,1
SF,IH2009,2020-03-10 09:30:40.000,2863.0000,7838,0,87973740.000,0,-,-,-,-,2862.8000,2859.8000,2859.6000,2857.6000,2856.6000,2865.2000,2867.0000,2868.0000,2868.6000,2869.0000,2,1,2,2,1,1,2,1,1,5
SF,IH2009,2020-03-10 09:30:40.500,2862.8000,7832,-6,95706240.000,9,1,8,多平,S,2863.0000,2862.8000,2861.8000,2860.4000,2857.6000,2870.0000,2880.0000,2880.4000,2888.8000,2890.0000,1,2,1,1,2,1,4,5,1,1
SF,IH2009,2020-03-10 09:30:41.000,2862.8000,7832,0,95706240.000,0,-,-,-,-,2863.0000,2862.8000,2861.8000,2860.8000,2860.4000,2869.6000,2869.8000,2870.0000,2880.0000,2880.4000,1,2,1,1,1,1,2,4,4,5
SF,IH2009,2020-03-10 09:30:41.500,2862.8000,7832,0,95706240.000,0,-,-,-,-,2863.2000,2863.0000,2862.8000,2861.8000,2860.8000,2869.4000,2869.6000,2870.0000,2872.8000,2880.0000,1,1,2,1,1,1,1,4,5,4
SF,IH2009,2020-03-10 09:30:42.000,2862.8000,7832,0,95706240.000,0,-,-,-,-,2863.4000,2862.8000,2860.8000,2860.4000,2857.6000,2869.0000,2869.2000,2869.4000,2870.0000,2872.8000,1,1,1,1,2,1,1,1,4,5
SF,IH2009,2020-03-10 09:30:42.500,2862.8000,7832,0,95706240.000,0,-,-,-,-,2863.4000,2862.8000,2861.4000,2860.8000,2860.4000,2868.8000,2869.0000,2870.0000,2872.8000,2880.0000,1,1,2,1,1,3,1,4,5,4
SF,IH2009,2020-03-10 09:30:43.000,2862.8000,7832,0,95706240.000,0,-,-,-,-,2863.4000,2862.8000,2861.4000,2860.8000,2860.4000,2868.4000,2868.8000,2870.0000,2872.8000,2880.0000,1,1,2,1,1,1,3,4,5,4
SF,IH2009,2020-03-10 09:30:43.500,2862.8000,7832,0,95706240.000,0,-,-,-,-,2863.6000,2863.4000,2862.8000,2861.4000,2860.8000,2868.2000,2870.0000,2872.8000,2880.0000,2888.8000,1,1,1,2,1,1,4,5,4,1
SF,IH2009,2020-03-10 09:30:44.000,2862.8000,7832,0,95706240.000,0,-,-,-,-,2863.8000,2862.8000,2861.4000,2860.8000,2860.4000,2868.0000,2868.2000,2870.0000,2872.8000,2880.0000,1,1,2,1,1,2,1,4,5,4
SF,IH2009,2020-03-10 09:30:44.500,2862.8000,7832,0,95706240.000,0,-,-,-,-,2863.8000,2862.8000,2861.4000,2860.8000,2860.4000,2867.8000,2868.0000,2870.0000,2872.8000,2880.0000,1,1,2,1,1,2,2,4,5,4
SF,IH2009,2020-03-10 09:30:45.000,2862.8000,7832,0,95706240.000,0,-,-,-,-,2863.8000,2862.8000,2861.4000,2860.8000,2860.4000,2867.4000,2867.6000,2867.8000,2870.0000,2872.8000,1,1,2,1,1,1,1,2,4,5
SF,IH2009,2020-03-10 09:30:45.500,2862.8000,7832,0,95706240.000,0,-,-,-,-,2862.8000,2861.4000,2860.8000,2860.4000,2857.6000,2867.2000,2867.4000,2870.0000,2872.8000,2880.0000,1,2,1,1,2,3,1,4,5,4
SF,IH2009,2020-03-10 09:30:46.000,2866.8000,7833,1,97426320.000,2,1,1,空开,S,2863.0000,2862.8000,2861.4000,2860.8000,2860.4000,2867.2000,2870.0000,2872.8000,2880.0000,2888.8000,1,1,2,1,1,3,4,5,4,1
SF,IH2009,2020-03-10 09:30:46.500,2866.8000,7833,0,97426320.000,0,-,-,-,-,2863.2000,2863.0000,2862.8000,2861.4000,2860.8000,2867.2000,2870.0000,2872.8000,2880.0000,2888.8000,1,1,1,2,1,3,4,5,4,1
SF,IH2009,2020-03-10 09:30:47.000,2866.8000,7833,0,97426320.000,0,-,-,-,-,2863.4000,2863.2000,2862.8000,2861.4000,2860.8000,2867.2000,2867.8000,2870.0000,2872.8000,2880.0000,1,1,1,2,1,3,1,4,5,4
SF,IH2009,2020-03-10 09:30:47.500,2866.8000,7833,0,97426320.000,0,-,-,-,-,2863.4000,2862.8000,2861.4000,2860.8000,2860.4000,2867.2000,2867.8000,2870.0000,2872.8000,2880.0000,1,1,2,1,1,3,1,4,5,4
SF,IH2009,2020-03-10 09:30:48.000,2867.2000,7833,0,98286480.000,1,0,1,多换,S,2863.4000,2862.8000,2861.4000,2860.8000,2860.4000,2867.2000,2867.8000,2870.0000,2872.8000,2880.0000,1,1,2,1,1,2,1,4,5,4
SF,IH2009,2020-03-10 09:30:48.500,2867.2000,7833,0,98286480.000,0,-,-,-,-,2863.6000,2863.4000,2862.8000,2861.4000,2860.8000,2867.2000,2867.8000,2868.4000,2870.0000,2872.8000,1,1,1,2,1,2,1,1,4,5
SF,IH2009,2020-03-10 09:30:49.000,2867.2000,7833,0,98286480.000,0,-,-,-,-,2864.4000,2863.8000,2863.6000,2862.8000,2861.4000,2867.2000,2867.8000,2868.4000,2870.0000,2872.8000,1,1,1,1,2,2,1,1,4,5
SF,IH2009,2020-03-10 09:30:49.500,2864.6000,7832,-1,99145860.000,1,0,1,双平,S,2864.6000,2864.4000,2863.8000,2862.8000,2861.4000,2867.8000,2868.4000,2870.0000,2876.6000,2880.0000,2,1,1,1,2,1,1,4,5,4
SF,IH2009,2020-03-10 09:30:50.000,2864.6000,7832,0,99145860.000,0,-,-,-,-,2867.2000,2864.6000,2864.4000,2862.8000,2861.4000,2867.6000,2867.8000,2868.4000,2870.0000,2876.6000,2,1,1,1,2,2,1,1,4,5
SF,IH2009,2020-03-10 09:30:50.500,2866.6000,7830,-2,100865820.000,2,0,2,双平,S,2864.8000,2864.6000,2864.4000,2862.8000,2861.4000,2866.4000,2867.6000,2867.8000,2868.4000,2870.0000,1,1,1,1,2,2,2,1,1,4
SF,IH2009,2020-03-10 09:30:51.000,2866.4000,7828,-2,102585660.000,2,0,2,双平,S,2864.8000,2864.4000,2862.8000,2861.4000,2860.8000,2866.0000,2867.8000,2868.4000,2870.0000,2876.6000,1,1,1,2,1,1,1,1,4,5
SF,IH2009,2020-03-10 09:30:51.500,2866.0000,7827,-1,103445460.000,1,0,1,双平,S,2864.8000,2864.4000,2862.8000,2861.4000,2860.8000,2867.8000,2868.4000,2870.0000,2876.6000,2880.0000,1,1,1,2,1,1,1,4,5,4
SF,IH2009,2020-03-10 09:30:52.000,2866.0000,7827,0,103445460.000,0,-,-,-,-,2865.0000,2864.8000,2864.4000,2862.8000,2861.4000,2867.6000,2867.8000,2868.4000,2870.0000,2876.6000,1,1,1,1,2,1,1,1,4,5
SF,IH2009,2020-03-10 09:30:52.500,2866.0000,7827,0,103445460.000,0,-,-,-,-,2865.2000,2865.0000,2864.4000,2862.8000,2861.4000,2867.8000,2868.4000,2870.0000,2876.6000,2880.0000,1,2,1,1,2,1,1,4,5,4
SF,IH2009,2020-03-10 09:30:53.000,2866.0000,7827,0,103445460.000,0,-,-,-,-,2865.2000,2864.4000,2862.8000,2861.4000,2860.8000,2867.6000,2867.8000,2868.4000,2870.0000,2876.6000,1,1,1,2,1,1,1,1,4,5
SF,IH2009,2020-03-10 09:30:53.500,2866.0000,7827,0,103445460.000,0,-,-,-,-,2865.2000,2864.4000,2862.8000,2861.4000,2860.8000,2867.6000,2867.8000,2868.4000,2870.0000,2876.6000,1,1,1,2,1,1,1,1,4,5
SF,IH2009,2020-03-10 09:30:54.000,2866.0000,7827,0,103445460.000,0,-,-,-,-,2864.4000,2862.8000,2861.4000,2860.8000,2860.4000,2867.4000,2867.6000,2867.8000,2868.4000,2870.0000,1,1,2,1,1,1,1,1,1,4
SF,IH2009,2020-03-10 09:30:54.500,2866.0000,7827,0,103445460.000,0,-,-,-,-,2864.6000,2864.4000,2862.8000,2861.4000,2860.8000,2867.2000,2867.8000,2868.4000,2870.0000,2876.6000,1,1,1,2,1,1,1,1,4,5
SF,IH2009,2020-03-10 09:30:55.000,2867.0000,7827,0,104305560.000,1,0,1,多换,S,2864.8000,2864.6000,2864.4000,2863.6000,2862.8000,2867.8000,2868.4000,2870.0000,2876.6000,2880.0000,2,1,1,1,1,1,1,4,5,4
SF,IH2009,2020-03-10 09:30:55.500,2865.0000,7826,-1,105165060.000,1,0,1,双平,S,2865.0000,2864.8000,2864.4000,2863.6000,2862.8000,2867.8000,2868.4000,2870.0000,2876.6000,2880.0000,1,3,1,1,1,1,1,4,5,4
SF,IH2009,2020-03-10 09:30:56.000,2865.0000,7826,0,105165060.000,0,-,-,-,-,2865.2000,2865.0000,2864.8000,2864.4000,2863.6000,2867.8000,2868.4000,2870.0000,2876.6000,2880.0000,2,1,1,1,1,1,1,3,5,4
SF,IH2009,2020-03-10 09:30:56.500,2865.0000,7826,0,105165060.000,0,-,-,-,-,2865.4000,2865.2000,2864.4000,2863.6000,2862.8000,2867.6000,2867.8000,2868.4000,2870.0000,2876.6000,1,1,1,1,1,1,1,1,3,5
SF,IH2009,2020-03-10 09:30:57.000,2865.0000,7826,0,105165060.000,0,-,-,-,-,2865.6000,2865.4000,2864.4000,2863.6000,2862.8000,2867.6000,2867.8000,2868.4000,2870.0000,2876.6000,1,1,1,1,1,1,1,1,3,5
SF,IH2009,2020-03-10 09:30:58.000,2865.0000,7826,0,105165060.000,0,-,-,-,-,2865.8000,2865.6000,2864.4000,2863.6000,2862.8000,2867.6000,2867.8000,2868.4000,2870.0000,2876.6000,1,1,1,1,1,1,1,1,3,5
SF,IH2009,2020-03-10 09:30:58.500,2865.0000,7826,0,105165060.000,0,-,-,-,-,2865.6000,2864.4000,2863.6000,2862.8000,2860.4000,2867.6000,2867.8000,2868.4000,2870.0000,2876.6000,1,1,1,1,1,1,1,1,3,5
SF,IH2009,2020-03-10 09:30:59.000,2866.2000,7824,-2,107745540.000,3,0,3,多平,S,2865.8000,2865.6000,2864.4000,2863.6000,2862.8000,2868.4000,2870.0000,2876.6000,2880.0000,2881.0000,2,1,1,1,1,1,3,5,4,1
SF,IH2009,2020-03-10 09:30:59.500,2866.2000,7824,0,107745540.000,0,-,-,-,-,2866.0000,2864.4000,2863.6000,2862.8000,2860.4000,2868.0000,2868.2000,2868.4000,2870.0000,2876.6000,2,1,1,1,1,1,1,1,3,5
SF,IH2009,2020-03-10 09:31:00.000,2867.8000,7826,2,110326020.000,3,2,1,空开,S,2866.2000,2864.4000,2863.6000,2862.8000,2860.4000,2868.0000,2868.2000,2868.4000,2870.0000,2876.6000,1,1,1,1,1,1,1,1,3,5
SF,IH2009,2020-03-10 09:31:00.500,2867.8000,7826,0,110326020.000,0,-,-,-,-,2867.6000,2866.2000,2864.4000,2863.6000,2862.8000,2868.0000,2868.2000,2868.4000,2870.0000,2876.6000,1,1,1,1,1,1,1,1,3,5
SF,IH2009,2020-03-10 09:31:01.000,2867.8000,7824,-2,112906920.000,3,0,3,多平,S,2866.2000,2864.4000,2863.6000,2862.8000,2860.4000,2868.0000,2868.2000,2868.4000,2870.0000,2876.6000,1,1,1,1,1,1,1,1,3,5
SF,IH2009,2020-03-10 09:31:02.000,2867.8000,7824,0,112906920.000,0,-,-,-,-,2866.4000,2866.2000,2864.4000,2863.6000,2862.8000,2867.6000,2867.8000,2868.0000,2868.2000,2868.4000,1,1,1,1,1,1,1,1,1,1
SF,IH2009,2020-03-10 09:31:02.500,2866.6000,7823,-1,113766900.000,1,0,1,双平,S,2864.4000,2863.6000,2862.8000,2860.4000,2857.6000,2867.8000,2868.0000,2868.4000,2870.0000,2876.6000,1,1,1,1,2,1,1,1,3,5
SF,IH2009,2020-03-10 09:31:03.000,2866.6000,7823,0,113766900.000,0,-,-,-,-,2864.6000,2864.4000,2863.6000,2862.8000,2860.4000,2868.0000,2868.4000,2870.0000,2876.6000,2880.0000,3,1,1,1,1,1,1,3,5,4
SF,IH2009,2020-03-10 09:31:03.500,2866.6000,7823,0,113766900.000,0,-,-,-,-,2866.0000,2865.2000,2865.0000,2864.6000,2864.4000,2868.0000,2868.4000,2870.0000,2876.6000,2880.0000,1,1,1,3,1,1,1,3,5,4
SF,IH2009,2020-03-10 09:31:04.000,2866.6000,7823,0,113766900.000,0,-,-,-,-,2866.2000,2866.0000,2865.2000,2864.8000,2864.6000,2868.0000,2868.4000,2870.0000,2876.6000,2880.0000,2,1,1,1,1,1,1,3,5,4
SF,IH2009,2020-03-10 09:31:04.500,2866.4000,7822,-1,114626820.000,1,0,1,双平,S,2866.4000,2866.2000,2866.0000,2864.8000,2864.4000,2868.0000,2868.4000,2870.0000,2876.6000,2880.0000,1,2,1,1,1,1,1,3,5,4
SF,IH2009,2020-03-10 09:31:05.000,2866.6000,7820,-2,116347200.000,2,0,2,双平,S,2866.6000,2866.2000,2866.0000,2864.8000,2864.4000,2868.4000,2870.0000,2876.6000,2880.0000,2881.0000,1,2,1,1,1,1,3,5,4,1
SF,IH2009,2020-03-10 09:31:05.500,2866.6000,7818,-2,118927740.000,3,0,3,多平,S,2866.8000,2866.2000,2866.0000,2864.8000,2864.4000,2870.0000,2876.6000,2880.0000,2881.0000,2888.8000,1,1,1,1,1,1,5,4,1,1
SF,IH2009,2020-03-10 09:31:06.000,2868.2000,7818,0,119788200.000,1,0,1,多换,S,2867.0000,2866.8000,2866.0000,2864.4000,2862.8000,2870.0000,2876.6000,2880.0000,2881.0000,2888.8000,2,1,1,1,1,3,5,4,1,1
SF,IH2009,2020-03-10 09:31:06.500,2868.2000,7818,0,119788200.000,0,-,-,-,-,2867.2000,2867.0000,2866.0000,2864.4000,2862.8000,2869.6000,2869.8000,2870.0000,2876.6000,2880.0000,1,2,1,1,1,1,1,3,5,4
SF,IH2009,2020-03-10 09:31:07.000,2867.2000,7818,0,121508520.000,2,1,1,多换,S,2866.0000,2864.4000,2862.8000,2861.4000,2860.4000,2869.4000,2869.6000,2870.0000,2876.6000,2880.0000,1,1,1,1,1,2,1,3,5,4
SF,IH2009,2020-03-10 09:31:07.500,2869.4000,7817,-1,122369340.000,1,0,1,双平,S,2867.4000,2867.2000,2866.0000,2864.4000,2862.8000,2869.6000,2870.0000,2876.6000,2880.0000,2881.0000,1,1,1,1,1,1,4,5,4,1
SF,IH2009,2020-03-10 09:31:08.000,2867.2000,7815,-2,124089720.000,2,0,2,双平,S,2866.0000,2864.4000,2862.8000,2861.4000,2860.4000,2869.0000,2869.4000,2870.0000,2876.6000,2880.0000,1,1,1,1,1,1,1,4,5,4
SF,IH2009,2020-03-10 09:31:08.500,2867.2000,7815,0,124089720.000,0,-,-,-,-,2866.0000,2864.4000,2862.8000,2861.4000,2860.4000,2868.8000,2869.0000,2870.0000,2876.6000,2880.0000,1,1,1,1,1,4,1,4,5,4
SF,IH2009,2020-03-10 09:31:09.000,2867.2000,7815,0,124089720.000,0,-,-,-,-,2866.0000,2864.4000,2862.8000,2861.4000,2860.4000,2868.4000,2868.8000,2870.0000,2876.6000,2880.0000,1,1,1,1,1,1,4,4,5,4
SF,IH2009,2020-03-10 09:31:09.500,2867.2000,7815,0,124089720.000,0,-,-,-,-,2866.0000,2864.4000,2862.8000,2861.4000,2860.4000,2868.2000,2868.4000,2868.8000,2870.0000,2876.6000,1,1,1,1,1,2,1,2,4,5
SF,IH2009,2020-03-10 09:31:10.000,2867.2000,7815,0,124089720.000,0,-,-,-,-,2866.0000,2864.4000,2862.8000,2861.4000,2860.4000,2867.8000,2868.0000,2868.2000,2870.0000,2876.6000,1,1,1,1,1,1,1,2,4,5
SF,IH2009,2020-03-10 09:31:10.500,2867.2000,7815,0,124089720.000,0,-,-,-,-,2866.0000,2864.4000,2862.8000,2861.4000,2860.4000,2867.6000,2867.8000,2868.0000,2868.2000,2870.0000,1,1,1,1,1,2,1,1,1,4
SF,IH2009,2020-03-10 09:31:11.000,2866.0000,7814,-1,125809800.000,2,0,2,多平,S,2864.4000,2862.8000,2861.4000,2860.4000,2857.6000,2867.8000,2870.0000,2876.6000,2880.0000,2881.0000,1,1,1,1,2,1,4,5,4,1
SF,IH2009,2020-03-10 09:31:11.500,2866.0000,7814,0,125809800.000,0,-,-,-,-,2864.6000,2864.4000,2862.8000,2861.4000,2860.4000,2867.2000,2867.6000,2870.0000,2871.0000,2876.6000,1,1,1,1,1,1,1,4,1,5
SF,IH2009,2020-03-10 09:31:12.000,2866.0000,7814,0,125809800.000,0,-,-,-,-,2864.6000,2864.4000,2862.8000,2861.4000,2860.4000,2867.0000,2867.2000,2870.0000,2871.0000,2876.6000,1,1,1,1,1,2,1,4,1,5
SF,IH2009,2020-03-10 09:31:12.500,2866.0000,7814,0,125809800.000,0,-,-,-,-,2864.6000,2864.4000,2862.8000,2861.4000,2860.4000,2867.0000,2867.2000,2867.6000,2870.0000,2871.0000,1,1,1,1,1,1,1,1,4,1
SF,IH2009,2020-03-10 09:31:13.000,2866.0000,7814,0,125809800.000,0,-,-,-,-,2864.6000,2864.4000,2862.8000,2861.4000,2860.4000,2867.0000,2867.2000,2867.6000,2870.0000,2871.0000,1,1,1,1,1,1,1,1,4,1
SF,IH2009,2020-03-10 09:31:13.500,2866.6000,7815,1,126669780.000,1,1,0,双开,S,2864.6000,2864.4000,2862.8000,2861.4000,2860.4000,2866.8000,2867.0000,2867.6000,2870.0000,2871.0000,1,1,1,1,1,1,1,1,4,1
SF,IH2009,2020-03-10 09:31:14.000,2864.6000,7814,-1,127529160.000,1,0,1,双平,S,2864.4000,2862.8000,2861.4000,2860.4000,2857.6000,2866.6000,2866.8000,2867.6000,2870.0000,2871.0000,1,1,1,1,2,1,1,1,4,1
SF,IH2009,2020-03-10 09:31:14.500,2864.6000,7814,0,127529160.000,0,-,-,-,-,2864.4000,2862.8000,2861.4000,2860.4000,2857.6000,2866.6000,2866.8000,2867.6000,2868.0000,2870.0000,1,1,1,1,2,1,1,1,1,4
SF,IH2009,2020-03-10 09:31:15.000,2864.6000,7814,0,127529160.000,0,-,-,-,-,2864.4000,2862.8000,2861.4000,2860.4000,2857.6000,2866.4000,2866.6000,2867.6000,2868.0000,2870.0000,1,1,1,1,2,2,1,1,1,4
SF,IH2009,2020-03-10 09:31:15.500,2866.2000,7814,0,129248880.000,2,1,1,多换,S,2864.4000,2862.8000,2861.4000,2860.4000,2857.6000,2864.6000,2866.2000,2866.4000,2867.6000,2868.0000,1,1,1,1,2,3,1,2,1,1
SF,IH2009,2020-03-10 09:31:16.000,2866.4000,7816,2,134406720.000,6,4,2,空开,S,2867.0000,2864.4000,2862.8000,2861.4000,2860.4000,2867.6000,2868.0000,2870.0000,2871.0000,2876.6000,17,1,1,1,1,1,1,4,1,5
SF,IH2009,2020-03-10 09:31:16.500,2867.0000,7816,0,147308040.000,15,7,8,多换,S,2867.0000,2864.4000,2862.8000,2861.4000,2860.4000,2867.4000,2867.6000,2868.0000,2870.0000,2871.0000,2,1,1,1,1,1,1,1,4,1
SF,IH2009,2020-03-10 09:31:17.000,2867.0000,7816,0,149028240.000,2,1,1,多换,S,2864.6000,2864.4000,2862.8000,2861.4000,2860.4000,2867.4000,2867.6000,2868.0000,2870.0000,2871.0000,1,1,1,1,1,1,1,1,4,1
SF,IH2009,2020-03-10 09:31:17.500,2867.0000,7816,0,149028240.000,0,-,-,-,-,2864.8000,2864.6000,2864.4000,2862.8000,2861.4000,2867.4000,2867.6000,2868.0000,2870.0000,2871.0000,2,1,1,1,1,1,1,1,4,1
SF,IH2009,2020-03-10 09:31:18.000,2867.0000,7816,0,149028240.000,0,-,-,-,-,2864.8000,2864.6000,2864.4000,2862.8000,2861.4000,2867.4000,2867.6000,2868.0000,2870.0000,2871.0000,2,1,1,1,1,1,1,1,4,1
SF,IH2009,2020-03-10 09:31:18.500,2867.0000,7816,0,149028240.000,0,-,-,-,-,2864.8000,2864.6000,2864.4000,2862.8000,2861.4000,2867.2000,2867.4000,2867.6000,2868.0000,2870.0000,2,1,1,1,1,1,1,1,1,4
SF,IH2009,2020-03-10 09:31:19.000,2867.0000,7816,0,149028240.000,0,-,-,-,-,2864.8000,2864.6000,2864.4000,2862.8000,2861.4000,2866.0000,2867.0000,2867.2000,2867.6000,2868.0000,2,1,1,1,1,1,2,1,1,1
SF,IH2009,2020-03-10 09:31:19.500,2867.0000,7816,0,149028240.000,0,-,-,-,-,2864.8000,2864.6000,2864.4000,2862.8000,2861.4000,2866.0000,2867.0000,2867.6000,2868.0000,2870.0000,1,1,1,1,1,1,2,1,1,4
SF,IH2009,2020-03-10 09:31:20.000,2866.0000,7815,-1,149888040.000,1,0,1,双平,S,2864.6000,2864.4000,2862.8000,2861.4000,2860.4000,2866.8000,2867.0000,2867.6000,2868.0000,2870.0000,1,1,1,1,1,1,2,1,1,4
SF,IH2009,2020-03-10 09:31:20.500,2866.0000,7815,0,149888040.000,0,-,-,-,-,2864.8000,2864.6000,2864.4000,2862.8000,2861.4000,2866.6000,2866.8000,2867.0000,2867.6000,2868.0000,3,1,1,1,1,1,1,1,1,1
SF,IH2009,2020-03-10 09:31:21.500,2866.0000,7815,0,149888040.000,0,-,-,-,-,2864.8000,2864.6000,2864.4000,2862.8000,2861.4000,2866.6000,2866.8000,2867.0000,2867.6000,2868.0000,3,1,1,1,1,1,1,1,1,1
SF,IH2009,2020-03-10 09:31:22.000,2866.0000,7815,0,149888040.000,0,-,-,-,-,2864.8000,2864.6000,2864.4000,2862.8000,2861.4000,2866.6000,2866.8000,2867.0000,2867.6000,2868.0000,2,1,1,1,1,1,1,1,1,1
SF,IH2009,2020-03-10 09:31:23.000,2866.0000,7815,0,149888040.000,0,-,-,-,-,2865.0000,2864.8000,2864.6000,2864.4000,2862.8000,2866.8000,2867.0000,2867.6000,2868.0000,2869.8000,1,2,1,1,1,1,1,1,1,1
SF,IH2009,2020-03-10 09:31:23.500,2866.0000,7815,0,149888040.000,0,-,-,-,-,2865.2000,2865.0000,2864.8000,2864.6000,2864.4000,2866.6000,2866.8000,2867.0000,2867.6000,2868.0000,1,1,1,1,1,1,1,1,1,1
SF,IH2009,2020-03-10 09:31:24.000,2866.0000,7815,0,149888040.000,0,-,-,-,-,2865.2000,2864.8000,2864.6000,2864.4000,2862.8000,2866.8000,2867.0000,2867.6000,2868.0000,2869.8000,1,1,1,1,1,1,1,1,1,1
SF,IH2009,2020-03-10 09:31:24.500,2867.0000,7813,-2,151608180.000,2,0,2,双平,S,2866.6000,2865.2000,2864.8000,2864.6000,2864.4000,2867.6000,2868.0000,2869.8000,2870.0000,2871.0000,1,1,1,1,1,1,1,1,4,1
SF,IH2009,2020-03-10 09:31:25.000,2866.6000,7812,-1,152468160.000,1,0,1,双平,S,2866.8000,2865.4000,2864.8000,2864.6000,2864.4000,2867.6000,2868.0000,2869.8000,2870.0000,2871.0000,1,1,1,2,1,1,1,1,4,1
SF,IH2009,2020-03-10 09:31:25.500,2866.8000,7812,0,153328200.000,1,0,1,多换,S,2865.4000,2864.8000,2864.6000,2864.4000,2862.8000,2867.4000,2867.6000,2868.0000,2869.8000,2870.0000,1,1,2,1,1,1,1,1,1,4
SF,IH2009,2020-03-10 09:31:26.000,2866.8000,7812,0,153328200.000,0,-,-,-,-,2865.6000,2864.6000,2864.4000,2862.8000,2861.4000,2866.8000,2867.6000,2868.0000,2869.8000,2870.0000,2,2,1,1,1,1,1,1,1,4
SF,IH2009,2020-03-10 09:31:26.500,2866.8000,7812,0,154188240.000,1,0,1,多换,S,2865.6000,2864.6000,2864.4000,2862.8000,2861.4000,2867.2000,2867.6000,2868.0000,2868.4000,2869.8000,1,2,1,1,1,1,1,1,1,1
SF,IH2009,2020-03-10 09:31:27.000,2866.8000,7812,0,154188240.000,0,-,-,-,-,2865.6000,2864.6000,2864.4000,2862.8000,2861.4000,2867.0000,2867.6000,2868.0000,2868.4000,2869.8000,1,2,1,1,1,1,1,1,1,1
SF,IH2009,2020-03-10 09:31:27.500,2865.6000,7811,-1,155047920.000,1,0,1,双平,S,2864.6000,2864.4000,2862.8000,2861.4000,2860.4000,2867.0000,2867.6000,2868.0000,2868.4000,2869.8000,2,1,1,1,1,2,1,1,1,1
SF,IH2009,2020-03-10 09:31:28.000,2867.0000,7812,1,155908020.000,1,1,0,双开,S,2864.8000,2864.6000,2864.4000,2862.8000,2861.4000,2867.0000,2867.6000,2868.0000,2868.4000,2869.8000,1,2,1,2,1,1,1,1,1,1
SF,IH2009,2020-03-10 09:31:28.500,2867.0000,7812,0,155908020.000,0,-,-,-,-,2864.8000,2864.6000,2864.4000,2862.8000,2861.4000,2867.0000,2867.6000,2868.0000,2868.4000,2869.8000,1,2,1,2,1,1,1,1,1,1
SF,IH2009,2020-03-10 09:31:29.000,2867.0000,7812,0,155908020.000,0,-,-,-,-,2864.8000,2864.6000,2864.4000,2862.8000,2861.4000,2866.8000,2867.6000,2868.0000,2868.4000,2869.8000,1,2,1,2,1,1,1,1,1,1
SF,IH2009,2020-03-10 09:31:29.500,2867.0000,7812,0,155908020.000,0,-,-,-,-,2864.8000,2864.6000,2864.4000,2862.8000,2861.4000,2867.6000,2868.0000,2868.4000,2869.8000,2870.0000,1,2,1,2,1,1,1,1,1,4
SF,IH2009,2020-03-10 09:31:30.000,2867.0000,7812,0,155908020.000,0,-,-,-,-,2864.8000,2864.6000,2864.4000,2862.8000,2861.4000,2866.6000,2867.4000,2867.6000,2868.0000,2868.4000,1,2,1,2,1,1,1,1,1,1
SF,IH2009,2020-03-10 09:31:30.500,2866.6000,7813,1,156768000.000,1,1,0,双开,S,2864.8000,2864.6000,2864.4000,2862.8000,2861.4000,2867.4000,2867.6000,2868.0000,2868.4000,2869.8000,1,2,1,2,1,1,1,1,1,1
SF,IH2009,2020-03-10 09:31:31.000,2866.6000,7813,0,157627980.000,1,0,1,多换,S,2866.8000,2865.0000,2864.8000,2864.6000,2864.4000,2867.4000,2867.6000,2868.0000,2868.4000,2869.8000,1,1,1,2,1,1,1,1,1,1
SF,IH2009,2020-03-10 09:31:31.500,2866.8000,7813,0,158488020.000,1,0,1,多换,S,2865.0000,2864.8000,2864.6000,2864.4000,2862.8000,2867.4000,2867.6000,2868.0000,2868.4000,2869.8000,1,1,2,1,1,1,1,1,1,1
SF,IH2009,2020-03-10 09:31:32.000,2866.8000,7813,0,158488020.000,0,-,-,-,-,2865.2000,2865.0000,2864.6000,2864.4000,2862.8000,2867.4000,2867.6000,2868.0000,2868.4000,2869.8000,1,1,2,1,1,1,1,1,1,1
SF,IH2009,2020-03-10 09:31:32.500,2865.2000,7813,0,159347580.000,1,0,1,多换,S,2864.6000,2864.4000,2862.8000,2861.4000,2860.4000,2867.4000,2867.6000,2868.0000,2868.4000,2869.8000,2,1,1,1,1,1,2,1,1,1
SF,IH2009,2020-03-10 09:31:33.000,2865.2000,7813,0,159347580.000,0,-,-,-,-,2864.6000,2864.4000,2862.8000,2861.4000,2860.4000,2865.0000,2867.2000,2867.4000,2867.6000,2868.0000,2,1,1,1,1,1,1,1,2,1
SF,IH2009,2020-03-10 09:31:33.500,2865.0000,7812,-1,160207080.000,1,0,1,双平,S,2865.0000,2864.6000,2864.4000,2862.8000,2861.4000,2867.2000,2867.6000,2868.0000,2869.8000,2870.0000,1,2,1,1,1,1,2,1,1,4
SF,IH2009,2020-03-10 09:31:34.000,2865.0000,7812,0,160207080.000,0,-,-,-,-,2865.0000,2864.6000,2864.4000,2862.8000,2861.4000,2867.0000,2867.2000,2867.6000,2868.0000,2869.8000,1,2,1,1,1,1,1,2,1,1
SF,IH2009,2020-03-10 09:31:34.500,2865.0000,7812,0,160207080.000,0,-,-,-,-,2864.6000,2864.4000,2862.8000,2861.4000,2860.4000,2865.0000,2867.0000,2867.2000,2867.6000,2868.0000,2,1,1,1,1,2,1,1,2,1
SF,IH2009,2020-03-10 09:31:35.000,2865.0000,7811,-1,161926080.000,2,0,2,多平,S,2865.0000,2864.6000,2864.4000,2862.8000,2862.6000,2867.0000,2867.2000,2867.6000,2868.0000,2869.8000,1,2,1,1,1,1,1,2,1,1
SF,IH2009,2020-03-10 09:31:35.500,2865.0000,7811,0,161926080.000,0,-,-,-,-,2865.6000,2865.2000,2865.0000,2864.6000,2864.4000,2867.0000,2867.2000,2867.6000,2868.0000,2869.8000,1,2,1,2,1,1,1,2,1,1
SF,IH2009,2020-03-10 09:31:36.000,2865.0000,7811,0,161926080.000,0,-,-,-,-,2865.6000,2865.2000,2865.0000,2864.6000,2864.4000,2867.0000,2867.2000,2867.6000,2868.0000,2869.8000,1,2,1,2,1,1,1,2,1,1
SF,IH2009,2020-03-10 09:31:36.500,2865.0000,7811,0,161926080.000,0,-,-,-,-,2865.8000,2865.6000,2865.2000,2865.0000,2864.6000,2867.0000,2867.2000,2867.6000,2868.0000,2869.8000,1,1,2,1,2,1,1,2,1,1
SF,IH2009,2020-03-10 09:31:37.000,2865.6000,7811,0,162785760.000,1,0,1,多换,S,2865.6000,2865.2000,2865.0000,2864.6000,2864.4000,2867.0000,2867.2000,2867.6000,2868.0000,2870.0000,1,2,1,2,1,1,1,2,1,4
SF,IH2009,2020-03-10 09:31:37.500,2865.6000,7811,0,162785760.000,0,-,-,-,-,2865.2000,2865.0000,2864.6000,2864.4000,2862.8000,2867.0000,2867.2000,2867.6000,2868.0000,2870.0000,2,1,2,1,1,1,1,2,1,4
SF,IH2009,2020-03-10 09:31:38.000,2865.6000,7811,0,162785760.000,0,-,-,-,-,2865.0000,2864.6000,2864.4000,2863.2000,2862.8000,2867.0000,2867.2000,2867.6000,2868.0000,2870.0000,1,2,1,1,1,1,1,2,1,4
SF,IH2009,2020-03-10 09:31:38.500,2865.6000,7811,0,162785760.000,0,-,-,-,-,2865.0000,2864.6000,2864.4000,2863.2000,2862.8000,2866.8000,2867.0000,2867.2000,2867.6000,2868.0000,1,2,1,1,1,1,1,1,2,1
SF,IH2009,2020-03-10 09:31:41.500,2865.6000,7811,0,162785760.000,0,-,-,-,-,2865.0000,2864.6000,2864.4000,2863.2000,2862.8000,2866.8000,2867.0000,2867.2000,2867.6000,2868.0000,1,2,1,1,1,1,3,1,2,1
SF,IH2009,2020-03-10 09:31:42.000,2865.6000,7811,0,162785760.000,0,-,-,-,-,2864.6000,2864.4000,2863.2000,2862.8000,2861.4000,2866.8000,2867.0000,2867.2000,2867.6000,2868.0000,2,1,1,1,1,1,1,1,2,1
SF,IH2009,2020-03-10 09:31:42.500,2865.6000,7811,0,162785760.000,0,-,-,-,-,2864.6000,2864.4000,2863.2000,2862.8000,2861.4000,2866.8000,2867.0000,2867.2000,2867.6000,2868.0000,2,1,1,1,1,1,1,1,2,1
SF,IH2009,2020-03-10 09:31:43.000,2865.6000,7811,0,162785760.000,0,-,-,-,-,2864.6000,2864.4000,2863.2000,2862.8000,2861.4000,2866.8000,2867.0000,2867.2000,2867.6000,2868.0000,2,1,1,1,1,1,1,1,2,1
SF,IH2009,2020-03-10 09:31:43.500,2865.6000,7811,0,162785760.000,0,-,-,-,-,2864.6000,2864.4000,2863.2000,2862.8000,2861.4000,2866.6000,2866.8000,2867.2000,2867.6000,2868.0000,1,1,1,1,1,1,1,1,2,1
SF,IH2009,2020-03-10 09:31:44.000,2865.6000,7811,0,162785760.000,0,-,-,-,-,2864.6000,2864.4000,2863.2000,2862.8000,2861.4000,2866.4000,2866.6000,2867.0000,2867.2000,2867.6000,1,1,1,1,1,1,1,2,1,2
SF,IH2009,2020-03-10 09:31:44.500,2865.6000,7811,0,162785760.000,0,-,-,-,-,2864.6000,2864.4000,2863.2000,2862.8000,2861.4000,2866.4000,2866.6000,2867.2000,2867.6000,2868.0000,1,1,1,1,1,1,1,1,2,1
SF,IH2009,2020-03-10 09:31:45.000,2865.6000,7811,0,162785760.000,0,-,-,-,-,2864.6000,2864.4000,2863.2000,2862.8000,2861.4000,2866.2000,2866.4000,2866.6000,2867.2000,2867.6000,1,1,1,1,1,1,1,1,1,2
SF,IH2009,2020-03-10 09:31:45.500,2865.6000,7811,0,162785760.000,0,-,-,-,-,2864.6000,2864.4000,2863.2000,2862.8000,2861.4000,2866.2000,2866.4000,2866.6000,2867.2000,2867.6000,1,1,1,1,1,1,1,1,1,2
SF,IH2009,2020-03-10 09:31:46.000,2866.2000,7812,1,164505000.000,2,1,1,空开,S,2864.4000,2863.2000,2862.8000,2861.4000,2860.4000,2866.4000,2866.6000,2867.2000,2867.6000,2868.0000,1,1,1,1,1,1,1,1,2,1
SF,IH2009,2020-03-10 09:31:46.500,2866.2000,7812,0,165364860.000,1,0,1,多换,S,2864.4000,2863.2000,2862.8000,2861.4000,2860.4000,2866.4000,2866.6000,2867.2000,2867.6000,2868.0000,1,1,1,1,1,1,1,1,2,1
SF,IH2009,2020-03-10 09:31:47.000,2866.2000,7812,0,166224720.000,1,0,1,多换,S,2864.4000,2863.2000,2862.8000,2861.4000,2860.4000,2866.2000,2866.4000,2867.2000,2867.6000,2868.0000,1,1,1,1,1,3,1,1,2,1
SF,IH2009,2020-03-10 09:31:47.500,2866.2000,7812,0,166224720.000,0,-,-,-,-,2864.4000,2863.2000,2862.8000,2861.4000,2860.4000,2866.2000,2866.4000,2867.2000,2867.6000,2868.0000,1,1,1,1,1,2,1,1,2,1
SF,IH2009,2020-03-10 09:31:48.000,2866.2000,7812,0,166224720.000,0,-,-,-,-,2864.4000,2863.2000,2862.8000,2861.4000,2860.4000,2866.0000,2866.2000,2866.4000,2867.2000,2867.6000,1,1,1,1,1,1,3,1,1,2
SF,IH2009,2020-03-10 09:31:48.500,2866.2000,7812,0,166224720.000,0,-,-,-,-,2864.4000,2863.2000,2862.8000,2861.4000,2860.4000,2866.0000,2866.2000,2867.2000,2867.6000,2868.0000,1,1,1,1,1,1,1,1,2,1
SF,IH2009,2020-03-10 09:31:49.500,2866.2000,7812,0,166224720.000,0,-,-,-,-,2864.4000,2863.2000,2862.8000,2861.4000,2860.4000,2866.0000,2866.2000,2867.2000,2867.6000,2868.0000,1,1,1,1,1,1,1,1,2,1
SF,IH2009,2020-03-10 09:31:50.000,2866.0000,7812,0,168802800.000,3,1,2,多换,S,2862.8000,2862.6000,2861.4000,2860.4000,2857.6000,2865.8000,2866.2000,2867.2000,2867.6000,2868.0000,1,1,1,1,2,1,1,1,2,1
SF,IH2009,2020-03-10 09:31:50.500,2866.0000,7812,0,168802800.000,0,-,-,-,-,2863.0000,2862.8000,2862.6000,2861.4000,2860.4000,2865.8000,2866.2000,2867.2000,2867.6000,2868.0000,1,1,1,1,1,1,1,1,2,1
SF,IH2009,2020-03-10 09:31:51.000,2866.0000,7812,0,168802800.000,0,-,-,-,-,2863.0000,2862.8000,2862.6000,2861.4000,2860.4000,2866.2000,2867.2000,2867.6000,2868.0000,2869.0000,1,1,1,1,1,1,1,2,1,5
SF,IH2009,2020-03-10 09:31:51.500,2866.0000,7812,0,168802800.000,0,-,-,-,-,2863.0000,2862.8000,2862.6000,2861.4000,2860.4000,2866.2000,2867.2000,2867.6000,2868.0000,2869.0000,1,1,1,1,1,1,1,2,1,5
SF,IH2009,2020-03-10 09:31:52.000,2866.0000,7812,0,168802800.000,0,-,-,-,-,2863.0000,2862.8000,2862.6000,2861.4000,2860.4000,2866.0000,2866.2000,2867.2000,2867.6000,2868.0000,1,1,1,1,1,2,2,1,2,1
SF,IH2009,2020-03-10 09:31:53.000,2866.0000,7811,-1,170521500.000,2,0,2,多平,S,2862.8000,2862.6000,2861.4000,2860.4000,2860.0000,2866.0000,2866.2000,2867.2000,2867.6000,2868.0000,1,1,1,1,1,1,2,1,2,1
SF,IH2009,2020-03-10 09:31:53.500,2866.0000,7811,0,170521500.000,0,-,-,-,-,2862.8000,2862.6000,2861.4000,2860.4000,2860.0000,2865.8000,2866.0000,2866.2000,2867.2000,2867.6000,1,1,1,1,1,2,1,1,1,2
SF,IH2009,2020-03-10 09:31:54.000,2866.0000,7811,0,170521500.000,0,-,-,-,-,2862.8000,2862.6000,2861.4000,2860.4000,2860.0000,2865.6000,2865.8000,2866.0000,2866.2000,2867.2000,1,1,1,1,1,1,2,1,1,1
SF,IH2009,2020-03-10 09:31:54.500,2866.0000,7811,0,170521500.000,0,-,-,-,-,2862.8000,2862.6000,2861.4000,2860.4000,2860.0000,2865.4000,2865.6000,2865.8000,2866.2000,2867.2000,1,1,1,1,1,2,1,1,1,1
SF,IH2009,2020-03-10 09:31:55.000,2866.0000,7811,0,170521500.000,0,-,-,-,-,2862.8000,2862.6000,2861.4000,2860.4000,2860.0000,2865.2000,2865.4000,2865.8000,2866.0000,2866.2000,1,1,1,1,1,1,2,1,1,1
SF,IH2009,2020-03-10 09:31:55.500,2866.0000,7811,0,170521500.000,0,-,-,-,-,2862.8000,2862.6000,2861.4000,2860.4000,2860.0000,2865.0000,2865.2000,2865.8000,2866.0000,2866.2000,1,1,1,1,1,1,1,1,1,1
SF,IH2009,2020-03-10 09:31:56.000,2862.8000,7811,0,171380340.000,1,0,1,多换,S,2862.6000,2861.4000,2860.4000,2860.0000,2857.6000,2864.8000,2865.0000,2865.2000,2865.8000,2866.0000,1,1,1,1,2,2,1,1,1,1
SF,IH2009,2020-03-10 09:31:56.500,2862.8000,7811,0,171380340.000,0,-,-,-,-,2862.6000,2861.4000,2860.4000,2860.0000,2858.2000,2864.8000,2865.0000,2865.8000,2866.0000,2866.2000,1,1,1,1,1,2,1,1,1,1
SF,IH2009,2020-03-10 09:31:57.000,2862.8000,7811,0,171380340.000,0,-,-,-,-,2862.6000,2861.4000,2860.4000,2860.0000,2858.2000,2864.8000,2865.0000,2866.0000,2866.2000,2867.2000,1,1,1,1,1,2,1,1,1,1
SF,IH2009,2020-03-10 09:31:57.500,2862.8000,7811,0,171380340.000,0,-,-,-,-,2862.6000,2861.4000,2860.4000,2860.0000,2858.2000,2864.8000,2865.0000,2866.0000,2866.2000,2867.2000,1,1,1,1,1,1,1,1,1,1
SF,IH2009,2020-03-10 09:31:58.000,2862.8000,7811,0,171380340.000,0,-,-,-,-,2862.6000,2861.4000,2860.4000,2860.0000,2858.2000,2864.6000,2864.8000,2866.0000,2866.2000,2867.2000,2,1,1,1,1,1,1,1,1,1
SF,IH2009,2020-03-10 09:31:58.500,2862.6000,7811,0,172239120.000,1,0,1,多换,S,2862.6000,2861.4000,2860.0000,2858.2000,2856.6000,2864.2000,2864.4000,2864.6000,2866.0000,2866.2000,1,1,1,1,1,1,1,1,1,1
SF,IH2009,2020-03-10 09:31:59.000,2862.6000,7810,-1,173097900.000,1,0,1,双平,S,2861.4000,2860.0000,2858.2000,2856.6000,2855.0000,2861.8000,2862.0000,2862.6000,2862.8000,2863.0000,1,1,1,1,1,1,1,1,1,2
SF,IH2009,2020-03-10 09:31:59.500,2862.0000,7810,0,174814920.000,2,1,1,多换,S,2860.0000,2858.2000,2856.6000,2855.0000,2854.0000,2861.0000,2864.0000,2864.2000,2864.4000,2866.0000,1,1,1,1,1,1,1,2,3,1
SF,IH2009,2020-03-10 09:32:00.000,2861.0000,7810,0,175673220.000,1,0,1,多换,S,2861.8000,2861.0000,2860.2000,2860.0000,2858.2000,2864.0000,2864.2000,2864.4000,2866.0000,2867.2000,1,1,1,1,1,1,1,2,1,1
SF,IH2009,2020-03-10 09:32:00.500,2861.8000,7810,0,176531760.000,1,0,1,多换,S,2861.0000,2860.0000,2858.2000,2856.6000,2855.0000,2864.2000,2864.4000,2866.0000,2867.2000,2867.6000,2,1,1,1,1,1,2,1,1,2
SF,IH2009,2020-03-10 09:32:01.000,2861.8000,7810,0,176531760.000,0,-,-,-,-,2861.0000,2860.0000,2858.2000,2856.6000,2855.0000,2862.2000,2864.0000,2864.2000,2864.4000,2866.0000,2,1,1,1,1,1,1,1,2,1
SF,IH2009,2020-03-10 09:32:01.500,2861.8000,7810,0,176531760.000,0,-,-,-,-,2861.2000,2861.0000,2860.0000,2858.2000,2856.6000,2862.2000,2864.2000,2864.4000,2866.0000,2867.2000,2,2,1,1,1,1,1,2,1,1
SF,IH2009,2020-03-10 09:32:02.000,2862.2000,7809,-1,177390420.000,1,0,1,双平,S,2861.2000,2861.0000,2860.0000,2858.2000,2856.6000,2864.2000,2864.4000,2866.0000,2867.2000,2867.6000,1,2,1,1,1,1,1,1,1,2
SF,IH2009,2020-03-10 09:32:02.500,2861.2000,7809,0,178248780.000,1,0,1,多换,S,2861.0000,2860.0000,2859.6000,2858.2000,2856.6000,2864.0000,2864.2000,2866.0000,2867.2000,2867.6000,2,1,1,1,1,2,1,1,1,2
SF,IH2009,2020-03-10 09:32:03.000,2861.2000,7809,0,178248780.000,0,-,-,-,-,2861.0000,2860.0000,2859.6000,2858.2000,2856.6000,2863.2000,2864.0000,2864.2000,2866.0000,2867.2000,2,1,1,1,1,1,2,1,1,1
SF,IH2009,2020-03-10 09:32:03.500,2861.2000,7809,0,178248780.000,0,-,-,-,-,2861.0000,2860.0000,2859.6000,2858.2000,2856.6000,2861.8000,2862.8000,2863.0000,2863.2000,2863.8000,2,1,1,1,1,1,1,4,1,1
SF,IH2009,2020-03-10 09:32:04.000,2861.8000,7809,0,179107320.000,1,0,1,多换,S,2861.0000,2860.0000,2859.6000,2858.2000,2856.6000,2862.8000,2863.0000,2863.2000,2863.6000,2863.8000,2,1,1,1,1,1,4,1,1,1
SF,IH2009,2020-03-10 09:32:04.500,2861.0000,7808,-1,180823920.000,2,0,2,多平,S,2860.0000,2859.6000,2858.2000,2856.6000,2855.0000,2862.6000,2862.8000,2863.0000,2863.2000,2863.6000,1,1,1,1,1,3,1,3,1,1
SF,IH2009,2020-03-10 09:32:05.000,2861.0000,7808,0,180823920.000,0,-,-,-,-,2860.0000,2859.6000,2858.2000,2856.6000,2855.0000,2862.4000,2862.6000,2862.8000,2863.0000,2863.2000,1,1,1,1,1,1,3,1,2,1
SF,IH2009,2020-03-10 09:32:05.500,2861.0000,7808,0,180823920.000,0,-,-,-,-,2860.0000,2859.6000,2858.2000,2856.6000,2855.0000,2862.2000,2862.4000,2862.6000,2862.8000,2863.0000,1,1,1,1,1,1,1,2,1,2
SF,IH2009,2020-03-10 09:32:06.000,2861.0000,7808,0,180823920.000,0,-,-,-,-,2860.0000,2859.6000,2858.2000,2856.6000,2855.0000,2862.0000,2862.6000,2863.2000,2863.8000,2864.2000,1,1,1,1,1,2,1,1,1,1
SF,IH2009,2020-03-10 09:32:06.500,2861.0000,7808,0,180823920.000,0,-,-,-,-,2860.2000,2860.0000,2859.6000,2858.2000,2856.6000,2862.0000,2862.6000,2863.2000,2863.8000,2864.2000,1,1,1,1,1,1,1,1,1,1
SF,IH2009,2020-03-10 09:32:07.000,2861.0000,7808,0,180823920.000,0,-,-,-,-,2860.2000,2860.0000,2859.6000,2858.2000,2856.6000,2862.0000,2862.6000,2863.2000,2864.2000,2866.0000,2,1,1,1,1,1,1,1,1,1
SF,IH2009,2020-03-10 09:32:07.500,2862.0000,7809,1,181682520.000,1,1,0,双开,S,2860.2000,2860.0000,2859.6000,2858.2000,2856.6000,2862.6000,2864.2000,2866.0000,2867.2000,2867.6000,2,1,1,1,1,1,1,1,1,2
SF,IH2009,2020-03-10 09:32:08.000,2862.0000,7809,0,181682520.000,0,-,-,-,-,2860.4000,2860.2000,2860.0000,2859.6000,2858.2000,2862.6000,2864.2000,2866.0000,2867.2000,2867.6000,1,2,1,1,1,1,1,1,1,2
SF,IH2009,2020-03-10 09:32:08.500,2862.0000,7809,0,181682520.000,0,-,-,-,-,2860.4000,2860.0000,2859.6000,2858.2000,2856.6000,2862.2000,2862.6000,2864.2000,2866.0000,2867.2000,1,1,1,1,1,1,1,1,1,1
SF,IH2009,2020-03-10 09:32:09.000,2862.0000,7809,0,181682520.000,0,-,-,-,-,2860.4000,2860.0000,2859.6000,2858.2000,2856.6000,2862.0000,2862.2000,2864.2000,2866.0000,2867.2000,1,1,1,1,1,1,1,1,1,1
SF,IH2009,2020-03-10 09:32:09.500,2860.4000,7810,1,182540640.000,1,1,0,双开,S,2860.0000,2859.6000,2858.2000,2856.6000,2855.0000,2861.8000,2862.0000,2864.2000,2866.0000,2867.2000,1,1,1,1,1,1,2,1,1,1
SF,IH2009,2020-03-10 09:32:10.000,2861.6000,7810,0,183399120.000,1,0,1,多换,S,2860.0000,2859.6000,2858.2000,2856.6000,2855.0000,2861.6000,2861.8000,2862.0000,2864.2000,2866.0000,1,1,1,1,1,1,1,2,1,1
SF,IH2009,2020-03-10 09:32:10.500,2860.0000,7810,0,184257120.000,1,0,1,多换,S,2859.6000,2858.2000,2856.6000,2855.0000,2854.0000,2861.4000,2861.6000,2862.0000,2864.2000,2866.0000,1,1,1,1,1,1,3,2,1,1
SF,IH2009,2020-03-10 09:32:11.000,2860.0000,7810,0,184257120.000,0,-,-,-,-,2859.6000,2858.2000,2857.8000,2856.6000,2855.0000,2861.2000,2861.4000,2861.6000,2862.0000,2864.2000,1,1,1,1,1,1,1,2,2,1
SF,IH2009,2020-03-10 09:32:11.500,2860.0000,7810,0,184257120.000,0,-,-,-,-,2858.2000,2857.8000,2856.6000,2855.0000,2854.0000,2860.8000,2861.0000,2861.2000,2861.6000,2862.0000,1,1,1,1,1,1,1,2,1,2
SF,IH2009,2020-03-10 09:32:12.000,2860.0000,7810,0,184257120.000,0,-,-,-,-,2858.2000,2857.8000,2856.6000,2856.2000,2855.0000,2860.6000,2860.8000,2861.0000,2861.2000,2861.6000,1,1,1,1,1,2,1,1,1,1
SF,IH2009,2020-03-10 09:32:12.500,2860.0000,7810,0,184257120.000,0,-,-,-,-,2858.2000,2857.8000,2856.6000,2856.2000,2855.0000,2860.0000,2860.2000,2860.4000,2860.6000,2861.2000,1,1,1,1,1,1,1,1,3,1
SF,IH2009,2020-03-10 09:32:13.000,2860.0000,7810,0,184257120.000,0,-,-,-,-,2858.2000,2857.8000,2856.6000,2856.2000,2855.0000,2859.4000,2860.0000,2860.2000,2860.4000,2860.6000,1,1,1,1,1,1,1,2,2,3
SF,IH2009,2020-03-10 09:32:13.500,2857.8000,7809,-1,185971920.000,2,0,2,多平,S,2856.6000,2856.2000,2855.0000,2854.6000,2854.0000,2859.2000,2859.4000,2859.8000,2860.0000,2860.4000,1,1,1,1,1,2,1,1,1,2
SF,IH2009,2020-03-10 09:32:14.000,2857.8000,7809,0,185971920.000,0,-,-,-,-,2856.6000,2856.2000,2855.0000,2854.6000,2854.0000,2859.0000,2859.2000,2859.4000,2859.8000,2860.0000,1,1,1,1,1,1,3,1,1,1
SF,IH2009,2020-03-10 09:32:14.500,2857.8000,7809,0,185971920.000,0,-,-,-,-,2856.6000,2856.2000,2855.0000,2854.6000,2854.0000,2858.6000,2858.8000,2859.0000,2859.2000,2859.4000,1,1,1,1,1,1,1,1,2,1
SF,IH2009,2020-03-10 09:32:15.000,2857.8000,7809,0,185971920.000,0,-,-,-,-,2856.8000,2856.6000,2856.2000,2855.0000,2854.6000,2858.4000,2858.8000,2859.2000,2859.4000,2859.8000,1,1,1,1,1,1,1,1,1,1
SF,IH2009,2020-03-10 09:32:15.500,2857.8000,7809,0,185971920.000,0,-,-,-,-,2856.8000,2856.6000,2856.2000,2855.0000,2854.6000,2858.8000,2859.4000,2859.8000,2860.0000,2860.4000,1,1,1,1,1,1,1,1,1,1
SF,IH2009,2020-03-10 09:32:16.000,2857.8000,7809,0,185971920.000,0,-,-,-,-,2857.0000,2856.6000,2856.2000,2855.0000,2854.6000,2858.6000,2860.0000,2860.6000,2861.2000,2864.2000,1,1,1,1,1,1,1,1,1,1
SF,IH2009,2020-03-10 09:32:16.500,2857.8000,7809,0,185971920.000,0,-,-,-,-,2857.0000,2856.6000,2856.2000,2855.0000,2854.0000,2858.6000,2860.0000,2860.6000,2861.2000,2864.2000,1,1,1,1,1,1,1,1,1,1
SF,IH2009,2020-03-10 09:32:17.000,2857.8000,7809,0,185971920.000,0,-,-,-,-,2856.6000,2856.2000,2855.0000,2854.0000,2848.0000,2858.6000,2860.0000,2860.6000,2861.2000,2864.2000,1,1,1,1,1,1,1,1,1,1
SF,IH2009,2020-03-10 09:32:17.500,2857.8000,7809,0,185971920.000,0,-,-,-,-,2856.6000,2856.2000,2855.0000,2854.6000,2854.0000,2858.4000,2860.0000,2860.6000,2861.2000,2864.2000,1,1,1,1,1,2,1,1,1,1
SF,IH2009,2020-03-10 09:32:18.000,2858.4000,7809,0,188544360.000,3,1,2,多换,S,2856.6000,2856.2000,2855.0000,2854.6000,2854.0000,2858.4000,2860.0000,2860.6000,2861.2000,2864.2000,1,1,1,1,1,2,1,1,1,1
SF,IH2009,2020-03-10 09:32:18.500,2858.4000,7809,0,188544360.000,0,-,-,-,-,2856.8000,2856.6000,2856.2000,2855.0000,2854.6000,2858.2000,2858.4000,2860.0000,2860.6000,2861.2000,1,1,1,1,1,1,2,1,1,1
SF,IH2009,2020-03-10 09:32:19.500,2858.4000,7809,0,188544360.000,0,-,-,-,-,2856.8000,2856.6000,2856.2000,2855.0000,2854.6000,2858.4000,2860.0000,2860.6000,2861.2000,2864.2000,1,1,1,1,1,2,1,1,1,1
SF,IH2009,2020-03-10 09:32:20.000,2858.4000,7809,0,188544360.000,0,-,-,-,-,2857.0000,2856.8000,2856.6000,2856.2000,2855.0000,2857.8000,2858.4000,2860.0000,2860.6000,2861.2000,2,1,1,1,1,1,1,1,1,1
SF,IH2009,2020-03-10 09:32:20.500,2858.0000,7808,-1,189401760.000,1,0,1,双平,S,2857.8000,2857.0000,2856.6000,2856.2000,2855.0000,2858.4000,2860.0000,2860.6000,2861.2000,2864.2000,1,3,1,1,1,1,1,1,1,1
SF,IH2009,2020-03-10 09:32:21.000,2857.8000,7807,-1,190259100.000,1,0,1,双平,S,2857.0000,2856.6000,2856.2000,2855.0000,2846.8000,2858.4000,2860.0000,2860.6000,2861.2000,2864.2000,2,1,1,2,5,1,1,1,1,1
SF,IH2009,2020-03-10 09:32:21.500,2858.4000,7806,-1,191116620.000,1,0,1,双平,S,2858.4000,2857.2000,2857.0000,2856.6000,2856.2000,2860.0000,2860.6000,2861.2000,2864.2000,2865.0000,1,1,2,1,1,1,1,1,1,5
SF,IH2009,2020-03-10 09:32:22.000,2858.4000,7806,0,191116620.000,0,-,-,-,-,2858.4000,2858.0000,2857.2000,2857.0000,2856.6000,2859.4000,2859.8000,2860.0000,2860.6000,2861.2000,1,1,1,2,1,1,1,1,1,1
SF,IH2009,2020-03-10 09:32:22.500,2858.4000,7806,0,192831960.000,2,1,1,多换,S,2858.0000,2857.2000,2857.0000,2856.6000,2856.2000,2859.8000,2860.0000,2860.6000,2861.2000,2864.2000,1,1,2,1,1,1,1,1,1,1
SF,IH2009,2020-03-10 09:32:23.000,2858.4000,7806,0,192831960.000,0,-,-,-,-,2858.2000,2858.0000,2857.2000,2857.0000,2856.6000,2860.0000,2860.6000,2861.2000,2864.2000,2865.0000,1,1,1,2,1,1,1,1,1,5
SF,IH2009,2020-03-10 09:32:23.500,2858.4000,7806,0,192831960.000,0,-,-,-,-,2858.2000,2858.0000,2857.2000,2857.0000,2856.6000,2860.0000,2860.6000,2861.2000,2864.2000,2865.0000,1,1,1,2,1,1,1,1,1,5
SF,IH2009,2020-03-10 09:32:24.000,2858.4000,7806,0,192831960.000,0,-,-,-,-,2858.2000,2858.0000,2857.2000,2857.0000,2856.6000,2860.0000,2860.6000,2861.2000,2865.0000,2865.2000,1,1,1,2,1,1,1,1,5,5
SF,IH2009,2020-03-10 09:32:24.500,2858.4000,7806,0,192831960.000,0,-,-,-,-,2858.0000,2857.0000,2856.6000,2856.2000,2855.0000,2858.8000,2859.8000,2860.0000,2860.6000,2861.2000,1,2,1,1,1,1,1,1,1,1
SF,IH2009,2020-03-10 09:32:25.000,2858.0000,7806,0,193689360.000,1,0,1,多换,S,2857.0000,2856.6000,2856.2000,2855.0000,2846.8000,2858.0000,2858.2000,2858.8000,2859.8000,2860.0000,2,1,1,1,5,1,1,1,1,1
SF,IH2009,2020-03-10 09:32:25.500,2857.0000,7806,0,195403620.000,2,1,1,多换,S,2857.0000,2856.6000,2856.2000,2855.0000,2846.8000,2858.0000,2858.2000,2858.8000,2859.8000,2860.0000,1,1,1,1,5,1,1,1,2,1
SF,IH2009,2020-03-10 09:32:26.000,2856.6000,7805,-1,197117700.000,2,0,2,多平,S,2856.2000,2855.0000,2846.8000,2843.2000,2840.0000,2858.0000,2858.2000,2858.8000,2859.8000,2860.0000,1,2,5,1,1,1,1,1,2,1
SF,IH2009,2020-03-10 09:32:26.500,2856.6000,7805,0,197117700.000,0,-,-,-,-,2855.0000,2846.8000,2843.2000,2840.0000,2835.2000,2857.8000,2858.0000,2858.2000,2858.8000,2859.8000,2,5,1,1,1,2,1,1,1,1
SF,IH2009,2020-03-10 09:32:27.000,2856.6000,7805,0,197117700.000,0,-,-,-,-,2855.0000,2853.4000,2846.8000,2843.2000,2840.0000,2857.6000,2857.8000,2858.0000,2858.2000,2858.8000,2,1,5,1,1,3,3,1,1,1
SF,IH2009,2020-03-10 09:32:27.500,2856.6000,7805,0,197117700.000,0,-,-,-,-,2855.0000,2853.4000,2846.8000,2843.2000,2840.0000,2857.6000,2857.8000,2858.0000,2858.2000,2858.8000,2,1,5,1,1,1,2,1,1,1
SF,IH2009,2020-03-10 09:32:28.000,2856.6000,7805,0,197117700.000,0,-,-,-,-,2855.4000,2855.2000,2855.0000,2853.4000,2846.8000,2857.6000,2857.8000,2858.0000,2858.2000,2858.8000,1,1,2,1,5,1,1,1,1,1
SF,IH2009,2020-03-10 09:32:28.500,2855.4000,7805,0,197974320.000,1,0,1,多换,S,2855.2000,2855.0000,2853.4000,2846.8000,2843.2000,2857.6000,2857.8000,2858.0000,2858.8000,2859.8000,1,2,1,5,1,1,1,1,1,1
SF,IH2009,2020-03-10 09:32:29.000,2855.4000,7805,0,197974320.000,0,-,-,-,-,2855.4000,2855.2000,2855.0000,2853.4000,2846.8000,2857.6000,2857.8000,2858.0000,2858.8000,2859.8000,1,1,2,1,5,1,1,1,1,1
SF,IH2009,2020-03-10 09:32:29.500,2855.4000,7805,0,197974320.000,0,-,-,-,-,2855.4000,2855.2000,2855.0000,2853.4000,2846.8000,2857.2000,2857.6000,2857.8000,2858.0000,2858.8000,1,1,2,1,5,1,1,1,1,1
SF,IH2009,2020-03-10 09:32:30.000,2855.4000,7805,0,198830940.000,1,0,1,多换,S,2855.2000,2855.0000,2853.4000,2846.8000,2843.2000,2857.2000,2857.6000,2857.8000,2858.0000,2858.8000,1,2,1,5,1,1,1,1,1,1
SF,IH2009,2020-03-10 09:32:30.500,2855.2000,7804,-1,200544120.000,2,0,2,多平,S,2855.0000,2853.4000,2846.8000,2843.2000,2840.0000,2857.0000,2857.8000,2858.0000,2858.8000,2860.0000,2,1,5,1,1,2,1,1,1,3
SF,IH2009,2020-03-10 09:32:31.000,2855.2000,7804,0,200544120.000,0,-,-,-,-,2855.0000,2853.4000,2846.8000,2843.2000,2840.0000,2856.8000,2857.0000,2858.0000,2858.8000,2860.0000,2,1,5,1,1,1,2,1,1,3
SF,IH2009,2020-03-10 09:32:31.500,2855.2000,7804,0,200544120.000,0,-,-,-,-,2855.0000,2853.4000,2846.8000,2843.2000,2840.0000,2856.8000,2857.0000,2858.0000,2858.8000,2860.0000,2,1,5,1,1,3,1,1,1,3
SF,IH2009,2020-03-10 09:32:32.000,2855.2000,7804,0,200544120.000,0,-,-,-,-,2855.0000,2853.4000,2846.8000,2843.2000,2840.0000,2856.8000,2857.0000,2858.0000,2858.8000,2860.0000,2,1,5,1,1,3,1,1,1,3
SF,IH2009,2020-03-10 09:32:32.500,2855.2000,7804,0,200544120.000,0,-,-,-,-,2855.0000,2853.4000,2846.8000,2843.2000,2840.0000,2856.6000,2856.8000,2857.0000,2858.0000,2858.8000,2,1,5,1,1,2,3,1,1,1
SF,IH2009,2020-03-10 09:32:33.000,2855.2000,7804,0,200544120.000,0,-,-,-,-,2855.0000,2853.4000,2846.8000,2843.2000,2840.0000,2856.4000,2856.6000,2857.0000,2858.0000,2858.8000,2,1,5,1,1,3,2,1,1,1
SF,IH2009,2020-03-10 09:32:33.500,2855.0000,7804,0,201400620.000,1,0,1,多换,S,2853.4000,2846.8000,2843.2000,2840.0000,2835.2000,2856.2000,2856.4000,2856.6000,2857.0000,2858.0000,1,5,1,1,1,2,3,2,1,1
SF,IH2009,2020-03-10 09:32:34.000,2855.0000,7804,0,201400620.000,0,-,-,-,-,2853.4000,2846.8000,2843.2000,2840.0000,2835.2000,2855.0000,2855.8000,2856.0000,2856.2000,2858.0000,1,5,1,1,1,1,2,4,3,1
SF,IH2009,2020-03-10 09:32:34.500,2855.0000,7804,0,202257120.000,1,0,1,多换,S,2853.4000,2846.8000,2843.2000,2840.0000,2835.2000,2854.8000,2855.0000,2856.0000,2858.8000,2860.0000,1,5,1,1,1,1,1,1,1,3
SF,IH2009,2020-03-10 09:32:35.000,2855.0000,7804,0,202257120.000,0,-,-,-,-,2853.4000,2846.8000,2843.2000,2840.0000,2835.2000,2854.8000,2855.0000,2856.0000,2857.6000,2858.8000,1,5,1,1,1,1,1,1,5,1
SF,IH2009,2020-03-10 09:32:35.500,2854.8000,7804,0,203113560.000,1,0,1,多换,S,2853.4000,2846.8000,2843.2000,2840.0000,2835.2000,2854.8000,2855.0000,2856.0000,2856.6000,2857.6000,1,5,1,1,1,1,1,2,1,5
SF,IH2009,2020-03-10 09:32:36.000,2854.8000,7804,0,203113560.000,0,-,-,-,-,2853.4000,2846.8000,2843.2000,2840.0000,2835.2000,2854.8000,2855.0000,2856.0000,2856.6000,2857.6000,1,5,1,1,1,1,1,2,1,5
SF,IH2009,2020-03-10 09:32:36.500,2854.8000,7804,0,203113560.000,0,-,-,-,-,2853.4000,2846.8000,2843.2000,2840.0000,2835.2000,2854.4000,2854.8000,2855.0000,2856.0000,2856.6000,1,5,1,1,1,1,1,1,2,1
SF,IH2009,2020-03-10 09:32:37.000,2854.8000,7804,0,203113560.000,0,-,-,-,-,2853.4000,2846.8000,2843.2000,2840.0000,2835.2000,2854.4000,2854.8000,2855.0000,2856.0000,2856.6000,1,5,1,1,1,1,1,1,2,1
SF,IH2009,2020-03-10 09:32:37.500,2854.8000,7802,-2,204826320.000,2,0,2,双平,S,2855.0000,2854.8000,2854.4000,2853.4000,2846.8000,2856.0000,2856.6000,2857.6000,2858.8000,2860.0000,1,1,1,1,5,1,1,5,1,3
SF,IH2009,2020-03-10 09:32:38.000,2855.0000,7801,-1,205682820.000,1,0,1,双平,S,2854.8000,2854.4000,2853.4000,2846.8000,2843.2000,2856.0000,2856.6000,2858.8000,2860.0000,2861.4000,1,1,1,5,1,1,1,1,3,5
SF,IH2009,2020-03-10 09:32:38.500,2856.0000,7801,0,207396420.000,2,1,1,多换,S,2855.0000,2854.8000,2854.4000,2853.4000,2846.8000,2856.6000,2858.0000,2858.8000,2860.0000,2860.8000,1,1,1,1,5,1,1,1,3,2
SF,IH2009,2020-03-10 09:32:39.000,2856.0000,7801,0,207396420.000,0,-,-,-,-,2856.0000,2855.0000,2854.8000,2854.4000,2853.4000,2856.6000,2858.0000,2858.8000,2860.0000,2860.8000,1,1,1,1,1,1,1,1,3,2
SF,IH2009,2020-03-10 09:32:39.500,2856.0000,7801,0,207396420.000,0,-,-,-,-,2856.0000,2854.8000,2854.4000,2846.8000,2843.2000,2858.0000,2858.8000,2860.0000,2861.4000,2865.0000,1,1,2,5,1,1,1,3,5,5
SF,IH2009,2020-03-10 09:32:40.000,2856.0000,7801,0,207396420.000,0,-,-,-,-,2856.0000,2854.8000,2854.4000,2851.0000,2846.8000,2858.0000,2858.8000,2859.8000,2860.0000,2861.4000,1,1,2,1,5,1,1,1,3,5
SF,IH2009,2020-03-10 09:32:40.500,2856.0000,7801,0,207396420.000,0,-,-,-,-,2856.2000,2856.0000,2854.8000,2854.4000,2851.0000,2857.8000,2858.0000,2858.8000,2859.8000,2860.0000,2,1,1,2,1,1,1,1,1,3
SF,IH2009,2020-03-10 09:32:41.000,2856.0000,7801,0,207396420.000,0,-,-,-,-,2856.2000,2856.0000,2854.8000,2854.4000,2851.0000,2858.0000,2858.8000,2859.8000,2860.0000,2861.4000,2,1,1,2,1,1,1,1,3,5
SF,IH2009,2020-03-10 09:32:41.500,2856.0000,7801,0,207396420.000,0,-,-,-,-,2856.4000,2856.2000,2856.0000,2854.8000,2854.4000,2858.8000,2859.8000,2860.0000,2861.4000,2865.0000,1,1,1,1,2,1,1,3,5,5
SF,IH2009,2020-03-10 09:32:42.000,2856.0000,7801,0,207396420.000,0,-,-,-,-,2856.8000,2856.6000,2856.4000,2856.0000,2854.8000,2858.8000,2859.8000,2860.0000,2861.4000,2865.0000,1,2,1,1,1,1,1,3,5,5
SF,IH2009,2020-03-10 09:32:42.500,2856.0000,7801,0,207396420.000,0,-,-,-,-,2856.6000,2856.4000,2856.0000,2854.8000,2854.4000,2858.4000,2858.8000,2859.8000,2860.0000,2861.4000,2,1,1,1,1,1,1,1,3,5
SF,IH2009,2020-03-10 09:32:43.000,2856.0000,7801,0,207396420.000,0,-,-,-,-,2858.0000,2857.0000,2856.6000,2856.0000,2854.8000,2858.8000,2859.8000,2860.0000,2861.4000,2865.0000,1,1,2,1,1,1,1,3,5,5
SF,IH2009,2020-03-10 09:32:43.500,2858.0000,7801,0,208253820.000,1,0,1,多换,S,2856.6000,2856.0000,2854.4000,2851.0000,2846.8000,2858.0000,2858.8000,2859.8000,2860.0000,2861.4000,1,1,1,1,5,1,1,1,3,5
SF,IH2009,2020-03-10 09:32:44.000,2858.0000,7801,0,208253820.000,0,-,-,-,-,2856.8000,2856.6000,2856.0000,2854.4000,2851.0000,2858.0000,2858.8000,2859.8000,2860.0000,2861.4000,1,1,1,1,1,1,1,1,3,5
SF,IH2009,2020-03-10 09:32:44.500,2858.0000,7801,0,208253820.000,0,-,-,-,-,2857.0000,2856.8000,2856.6000,2856.0000,2854.4000,2858.8000,2859.8000,2860.0000,2865.0000,2865.2000,2,1,1,1,1,1,1,2,5,5
SF,IH2009,2020-03-10 09:32:45.000,2858.0000,7801,0,208253820.000,0,-,-,-,-,2857.0000,2856.6000,2856.0000,2854.4000,2851.0000,2858.8000,2859.8000,2860.0000,2865.0000,2865.2000,2,1,1,1,1,1,1,2,5,5
SF,IH2009,2020-03-10 09:32:45.500,2858.0000,7801,0,208253820.000,0,-,-,-,-,2857.4000,2857.0000,2856.6000,2856.0000,2854.4000,2858.8000,2859.8000,2860.0000,2865.0000,2865.2000,1,2,1,1,1,1,1,2,5,5
SF,IH2009,2020-03-10 09:32:46.500,2858.0000,7801,0,208253820.000,0,-,-,-,-,2857.4000,2857.0000,2856.6000,2856.0000,2854.4000,2858.6000,2858.8000,2859.8000,2860.0000,2865.0000,1,2,1,1,1,1,1,1,2,5
SF,IH2009,2020-03-10 09:32:47.500,2858.0000,7801,0,208253820.000,0,-,-,-,-,2857.4000,2857.0000,2856.6000,2856.0000,2854.4000,2858.8000,2859.8000,2860.0000,2865.0000,2865.2000,1,2,1,1,1,1,1,2,5,5
SF,IH2009,2020-03-10 09:32:48.000,2858.8000,7801,0,209111460.000,1,0,1,多换,S,2857.4000,2857.0000,2856.6000,2856.0000,2854.4000,2859.8000,2860.0000,2865.0000,2865.2000,2866.0000,1,1,2,1,1,1,2,5,5,1
SF,IH2009,2020-03-10 09:32:48.500,2858.8000,7801,0,209111460.000,0,-,-,-,-,2857.8000,2857.6000,2857.4000,2856.6000,2856.0000,2859.8000,2860.0000,2861.2000,2865.0000,2865.2000,1,1,1,2,1,1,2,1,5,5
SF,IH2009,2020-03-10 09:32:49.000,2859.8000,7800,-1,209969400.000,1,0,1,双平,S,2858.0000,2856.6000,2856.0000,2855.0000,2851.0000,2860.0000,2861.2000,2865.0000,2865.2000,2866.0000,2,2,1,1,1,2,1,5,5,1
SF,IH2009,2020-03-10 09:32:49.500,2859.8000,7800,0,209969400.000,0,-,-,-,-,2858.6000,2858.2000,2858.0000,2856.6000,2856.0000,2860.0000,2861.2000,2865.0000,2865.2000,2866.0000,1,1,2,2,1,2,1,5,5,1
SF,IH2009,2020-03-10 09:32:50.000,2859.8000,7800,0,209969400.000,0,-,-,-,-,2858.2000,2858.0000,2856.6000,2856.0000,2855.0000,2858.6000,2859.8000,2860.0000,2861.2000,2865.0000,1,2,2,1,1,1,1,2,1,5
SF,IH2009,2020-03-10 09:32:50.500,2859.8000,7800,0,209969400.000,0,-,-,-,-,2858.6000,2858.4000,2858.2000,2858.0000,2856.6000,2859.8000,2860.0000,2865.0000,2865.2000,2866.0000,1,1,1,2,2,1,2,5,5,1
SF,IH2009,2020-03-10 09:32:51.000,2859.8000,7800,0,209969400.000,0,-,-,-,-,2858.0000,2856.6000,2856.0000,2855.0000,2851.0000,2859.6000,2859.8000,2860.0000,2865.0000,2865.2000,1,2,1,1,1,1,1,2,5,5
SF,IH2009,2020-03-10 09:32:51.500,2859.8000,7800,0,209969400.000,0,-,-,-,-,2858.2000,2858.0000,2856.6000,2856.0000,2855.0000,2859.6000,2860.0000,2865.0000,2865.2000,2866.0000,1,1,2,1,1,1,2,5,5,1
SF,IH2009,2020-03-10 09:32:52.000,2859.8000,7800,0,209969400.000,0,-,-,-,-,2858.4000,2858.2000,2858.0000,2856.6000,2856.0000,2860.0000,2865.0000,2865.2000,2866.0000,2867.2000,1,2,1,2,1,2,5,5,1,1
SF,IH2009,2020-03-10 09:32:52.500,2859.8000,7800,0,209969400.000,0,-,-,-,-,2858.6000,2858.4000,2858.2000,2858.0000,2856.6000,2860.0000,2865.0000,2865.2000,2866.0000,2867.2000,1,1,1,1,2,2,5,5,1,1
SF,IH2009,2020-03-10 09:32:53.000,2860.0000,7798,-2,211685400.000,2,0,2,双平,S,2858.8000,2858.6000,2858.0000,2856.6000,2856.0000,2865.0000,2865.2000,2866.0000,2867.2000,2867.6000,1,1,1,2,1,5,5,1,1,2
SF,IH2009,2020-03-10 09:32:53.500,2859.0000,7797,-1,212543100.000,1,0,1,双平,S,2858.0000,2856.6000,2856.0000,2855.0000,2851.0000,2863.0000,2864.8000,2865.0000,2865.2000,2866.0000,1,2,1,1,1,2,5,5,6,1
SF,IH2009,2020-03-10 09:32:54.000,2859.0000,7797,0,212543100.000,0,-,-,-,-,2858.4000,2858.2000,2858.0000,2856.6000,2856.0000,2861.6000,2862.8000,2863.0000,2864.8000,2865.0000,1,1,1,2,1,1,1,2,4,5
SF,IH2009,2020-03-10 09:32:54.500,2859.0000,7797,0,212543100.000,0,-,-,-,-,2858.6000,2858.4000,2858.0000,2856.6000,2856.0000,2862.8000,2863.0000,2864.8000,2865.0000,2865.2000,1,1,1,2,1,1,2,1,5,6
SF,IH2009,2020-03-10 09:32:55.000,2859.0000,7797,0,212543100.000,0,-,-,-,-,2858.0000,2856.6000,2856.0000,2855.0000,2851.0000,2858.4000,2861.2000,2862.6000,2862.8000,2863.0000,1,2,1,1,1,1,1,1,1,2
SF,IH2009,2020-03-10 09:32:55.500,2858.4000,7797,0,214258140.000,2,1,1,多换,S,2859.0000,2858.0000,2856.6000,2856.0000,2855.0000,2861.2000,2862.8000,2863.0000,2864.8000,2865.0000,1,1,2,1,1,1,1,2,1,5
SF,IH2009,2020-03-10 09:32:56.000,2858.4000,7797,0,214258140.000,0,-,-,-,-,2859.0000,2858.4000,2858.0000,2856.6000,2856.0000,2861.2000,2862.8000,2863.0000,2864.0000,2864.8000,1,1,1,2,1,1,1,2,2,1
SF,IH2009,2020-03-10 09:32:56.500,2858.4000,7797,0,214258140.000,0,-,-,-,-,2859.2000,2859.0000,2858.4000,2858.0000,2856.6000,2861.2000,2862.8000,2863.0000,2864.0000,2864.8000,1,1,1,1,2,1,1,2,2,1
SF,IH2009,2020-03-10 09:32:57.000,2858.4000,7797,0,214258140.000,0,-,-,-,-,2859.0000,2858.0000,2856.6000,2856.0000,2855.0000,2861.0000,2861.2000,2862.8000,2863.0000,2864.0000,1,1,2,1,1,2,1,1,2,2
SF,IH2009,2020-03-10 09:32:57.500,2858.4000,7797,0,214258140.000,0,-,-,-,-,2858.0000,2856.6000,2856.0000,2855.0000,2851.0000,2858.6000,2859.0000,2860.8000,2861.0000,2862.8000,1,2,1,1,1,1,1,1,1,1
SF,IH2009,2020-03-10 09:32:58.000,2858.6000,7797,0,215115720.000,1,0,1,多换,S,2858.2000,2858.0000,2856.6000,2856.0000,2855.0000,2859.0000,2860.8000,2862.8000,2863.0000,2864.0000,1,1,2,1,1,1,1,1,2,2
SF,IH2009,2020-03-10 09:32:58.500,2858.6000,7797,0,215115720.000,0,-,-,-,-,2858.2000,2858.0000,2856.6000,2856.0000,2855.0000,2859.0000,2860.4000,2860.8000,2862.8000,2863.0000,1,1,2,1,1,1,1,1,1,2
SF,IH2009,2020-03-10 09:32:59.000,2858.6000,7797,0,215115720.000,0,-,-,-,-,2858.2000,2858.0000,2856.6000,2856.0000,2855.0000,2859.0000,2860.4000,2861.0000,2862.8000,2863.0000,1,1,2,1,1,1,1,1,1,2
SF,IH2009,2020-03-10 09:33:00.000,2858.2000,7796,-1,215973180.000,1,0,1,双平,S,2858.0000,2856.6000,2855.0000,2851.0000,2850.0000,2859.0000,2860.4000,2861.0000,2862.8000,2863.0000,1,2,1,1,1,1,1,1,1,2
SF,IH2009,2020-03-10 09:33:00.500,2858.2000,7796,0,215973180.000,0,-,-,-,-,2859.0000,2858.0000,2856.6000,2855.0000,2851.0000,2860.4000,2861.0000,2862.8000,2863.0000,2864.8000,1,1,2,1,1,1,1,1,2,1
SF,IH2009,2020-03-10 09:33:01.000,2858.2000,7796,0,215973180.000,0,-,-,-,-,2859.0000,2858.0000,2856.6000,2855.0000,2851.0000,2860.2000,2860.4000,2861.0000,2862.8000,2863.0000,1,1,2,1,1,2,1,1,1,2
SF,IH2009,2020-03-10 09:33:01.500,2860.2000,7795,-1,216831240.000,1,0,1,双平,S,2859.2000,2859.0000,2858.0000,2856.6000,2855.0000,2860.4000,2861.0000,2861.6000,2862.8000,2863.0000,1,1,1,2,1,1,1,1,1,2
SF,IH2009,2020-03-10 09:33:02.000,2860.2000,7795,0,216831240.000,0,-,-,-,-,2860.6000,2859.4000,2859.0000,2858.0000,2856.6000,2861.0000,2861.6000,2862.8000,2863.0000,2864.8000,2,1,1,1,2,1,1,1,2,1
SF,IH2009,2020-03-10 09:33:02.500,2861.0000,7794,-1,217689540.000,1,0,1,双平,S,2861.0000,2860.6000,2859.0000,2858.0000,2856.6000,2861.6000,2862.8000,2863.0000,2864.8000,2865.0000,1,2,1,1,2,1,2,2,1,5
SF,IH2009,2020-03-10 09:33:03.000,2861.0000,7794,0,217689540.000,0,-,-,-,-,2861.2000,2861.0000,2860.6000,2859.0000,2858.0000,2861.6000,2862.8000,2864.8000,2865.0000,2865.2000,2,1,2,1,1,1,1,1,5,5
SF,IH2009,2020-03-10 09:33:03.500,2861.6000,7792,-2,219406320.000,2,0,2,双平,S,2860.6000,2859.0000,2858.0000,2856.6000,2855.0000,2862.8000,2864.8000,2865.0000,2866.0000,2867.2000,2,1,1,2,1,1,1,5,1,1
SF,IH2009,2020-03-10 09:33:04.000,2861.6000,7792,0,219406320.000,0,-,-,-,-,2860.6000,2859.0000,2858.0000,2856.6000,2855.0000,2862.6000,2862.8000,2864.8000,2865.0000,2866.0000,2,1,1,1,1,1,1,1,5,1
SF,IH2009,2020-03-10 09:33:04.500,2860.8000,7791,-1,220264560.000,1,0,1,双平,S,2860.8000,2860.6000,2859.0000,2858.0000,2856.6000,2862.6000,2862.8000,2865.0000,2866.0000,2867.2000,1,2,1,1,1,1,1,5,1,1
SF,IH2009,2020-03-10 09:33:05.000,2860.8000,7791,0,220264560.000,0,-,-,-,-,2861.6000,2861.2000,2860.8000,2860.6000,2859.0000,2862.8000,2865.0000,2866.0000,2867.2000,2867.6000,1,1,1,2,1,1,5,1,1,2
SF,IH2009,2020-03-10 09:33:05.500,2860.8000,7791,0,220264560.000,0,-,-,-,-,2861.8000,2861.6000,2861.2000,2860.6000,2859.0000,2865.0000,2866.0000,2867.2000,2867.6000,2868.0000,1,1,1,2,1,5,1,1,2,2
SF,IH2009,2020-03-10 09:33:06.000,2860.8000,7791,0,220264560.000,0,-,-,-,-,2861.6000,2861.2000,2860.6000,2859.0000,2858.0000,2864.2000,2864.8000,2865.0000,2865.2000,2866.0000,1,1,2,1,1,1,1,5,1,1
SF,IH2009,2020-03-10 09:33:06.500,2860.8000,7791,0,220264560.000,0,-,-,-,-,2862.0000,2861.8000,2861.6000,2861.2000,2860.6000,2865.0000,2865.2000,2866.0000,2867.2000,2867.6000,1,1,1,1,2,5,1,1,1,2
SF,IH2009,2020-03-10 09:33:07.000,2860.8000,7791,0,220264560.000,0,-,-,-,-,2861.6000,2861.2000,2860.6000,2859.0000,2858.0000,2864.8000,2865.0000,2865.2000,2866.0000,2867.2000,1,1,2,1,1,1,5,1,1,1
SF,IH2009,2020-03-10 09:33:07.500,2860.8000,7791,0,220264560.000,0,-,-,-,-,2862.0000,2861.6000,2861.2000,2860.6000,2859.0000,2864.8000,2865.0000,2865.2000,2866.0000,2867.2000,1,1,1,2,1,1,5,1,1,1
SF,IH2009,2020-03-10 09:33:08.000,2860.8000,7791,0,220264560.000,0,-,-,-,-,2861.6000,2861.2000,2860.6000,2859.0000,2858.0000,2864.4000,2864.6000,2864.8000,2865.0000,2865.2000,1,1,2,1,1,1,2,1,5,1
SF,IH2009,2020-03-10 09:33:08.500,2860.8000,7791,0,220264560.000,0,-,-,-,-,2861.6000,2861.2000,2860.6000,2859.0000,2858.0000,2864.2000,2864.4000,2864.6000,2865.0000,2865.2000,2,1,2,1,1,2,1,1,5,1
SF,IH2009,2020-03-10 09:33:09.000,2860.8000,7791,0,220264560.000,0,-,-,-,-,2861.6000,2861.2000,2860.6000,2859.0000,2858.0000,2863.8000,2864.2000,2865.0000,2865.2000,2866.0000,2,1,2,1,1,1,1,5,1,1
SF,IH2009,2020-03-10 09:33:09.500,2860.8000,7791,0,220264560.000,0,-,-,-,-,2861.6000,2861.2000,2860.6000,2859.0000,2856.6000,2864.2000,2865.0000,2865.2000,2866.0000,2867.2000,2,1,2,1,1,1,5,1,1,1
SF,IH2009,2020-03-10 09:33:10.000,2860.8000,7791,0,220264560.000,0,-,-,-,-,2861.6000,2860.6000,2859.0000,2856.6000,2855.2000,2864.2000,2865.0000,2865.2000,2866.0000,2867.2000,2,2,1,1,1,1,5,1,1,1
SF,IH2009,2020-03-10 09:33:10.500,2860.8000,7791,0,220264560.000,0,-,-,-,-,2861.6000,2860.6000,2859.0000,2856.6000,2855.2000,2864.2000,2865.0000,2865.2000,2866.0000,2867.2000,2,2,1,1,1,1,5,1,1,1
SF,IH2009,2020-03-10 09:33:11.000,2860.8000,7791,0,220264560.000,0,-,-,-,-,2862.0000,2861.8000,2861.6000,2860.6000,2859.0000,2864.2000,2865.0000,2865.2000,2866.0000,2867.2000,1,1,2,2,1,1,5,1,1,1
SF,IH2009,2020-03-10 09:33:11.500,2860.8000,7791,0,220264560.000,0,-,-,-,-,2862.0000,2861.8000,2861.6000,2860.6000,2859.0000,2864.2000,2865.0000,2865.2000,2866.0000,2867.2000,1,1,2,2,1,1,5,1,1,1
SF,IH2009,2020-03-10 09:33:12.000,2860.8000,7791,0,220264560.000,0,-,-,-,-,2861.8000,2861.6000,2860.6000,2859.0000,2856.6000,2864.2000,2865.0000,2865.2000,2866.0000,2867.6000,1,2,2,1,1,1,5,1,1,2
SF,IH2009,2020-03-10 09:33:12.500,2860.8000,7791,0,220264560.000,0,-,-,-,-,2862.2000,2862.0000,2861.8000,2861.6000,2860.6000,2865.0000,2865.2000,2866.0000,2867.6000,2868.0000,1,2,1,2,2,5,1,1,2,2
SF,IH2009,2020-03-10 09:33:13.000,2860.8000,7791,0,220264560.000,0,-,-,-,-,2862.6000,2862.2000,2862.0000,2861.8000,2861.6000,2864.8000,2865.0000,2865.2000,2866.0000,2867.6000,1,1,1,1,2,2,5,1,1,2
SF,IH2009,2020-03-10 09:33:13.500,2860.8000,7791,0,220264560.000,0,-,-,-,-,2862.6000,2862.0000,2861.8000,2861.6000,2860.6000,2864.8000,2865.0000,2865.2000,2866.0000,2867.6000,1,1,1,2,2,1,5,1,1,2
SF,IH2009,2020-03-10 09:33:14.000,2860.8000,7791,0,220264560.000,0,-,-,-,-,2862.6000,2862.0000,2861.8000,2861.6000,2860.6000,2864.4000,2864.8000,2865.0000,2865.2000,2866.0000,1,1,1,2,2,1,1,5,1,1
SF,IH2009,2020-03-10 09:33:14.500,2860.8000,7791,0,220264560.000,0,-,-,-,-,2862.6000,2862.0000,2861.8000,2861.6000,2860.6000,2864.8000,2865.0000,2866.0000,2867.6000,2868.0000,1,1,1,2,2,1,5,1,2,2
SF,IH2009,2020-03-10 09:33:15.000,2860.8000,7791,0,220264560.000,0,-,-,-,-,2862.6000,2862.0000,2861.8000,2861.6000,2860.6000,2864.6000,2864.8000,2865.0000,2866.0000,2867.6000,1,2,1,2,2,1,1,5,1,2
SF,IH2009,2020-03-10 09:33:15.500,2860.8000,7791,0,220264560.000,0,-,-,-,-,2862.8000,2862.6000,2862.0000,2861.8000,2861.6000,2864.8000,2865.0000,2866.0000,2867.6000,2868.0000,1,1,2,1,2,1,5,1,2,2
SF,IH2009,2020-03-10 09:33:16.000,2860.8000,7791,0,220264560.000,0,-,-,-,-,2863.0000,2862.6000,2862.0000,2861.8000,2861.6000,2864.8000,2865.0000,2866.0000,2867.6000,2868.0000,1,1,2,1,2,1,5,1,2,2
SF,IH2009,2020-03-10 09:33:16.500,2864.8000,7791,0,221124000.000,1,0,1,多换,S,2863.0000,2862.8000,2862.6000,2862.0000,2861.8000,2865.0000,2866.0000,2867.6000,2868.0000,2869.0000,1,1,1,2,1,7,1,2,2,6
SF,IH2009,2020-03-10 09:33:17.000,2864.8000,7791,0,221124000.000,0,-,-,-,-,2863.2000,2862.8000,2862.6000,2862.0000,2861.6000,2865.0000,2866.0000,2867.6000,2868.0000,2869.0000,2,1,1,2,2,7,1,2,2,6
SF,IH2009,2020-03-10 09:33:18.000,2863.2000,7790,-1,221982960.000,1,0,1,双平,S,2863.2000,2862.6000,2862.0000,2861.6000,2861.4000,2865.0000,2866.0000,2867.6000,2868.0000,2869.0000,1,1,2,2,2,7,1,2,2,6
SF,IH2009,2020-03-10 09:33:18.500,2863.2000,7790,0,221982960.000,0,-,-,-,-,2863.2000,2862.6000,2862.0000,2861.6000,2861.4000,2864.8000,2865.0000,2866.0000,2867.6000,2868.0000,1,1,2,2,2,1,7,1,2,2
SF,IH2009,2020-03-10 09:33:19.000,2863.2000,7790,0,221982960.000,0,-,-,-,-,2863.4000,2862.6000,2862.0000,2861.6000,2861.4000,2864.8000,2865.0000,2866.0000,2867.6000,2868.0000,1,1,2,2,2,1,7,1,2,2
SF,IH2009,2020-03-10 09:33:21.000,2864.8000,7790,0,222842400.000,1,0,1,多换,S,2863.4000,2862.6000,2862.0000,2861.6000,2861.4000,2865.0000,2866.0000,2867.6000,2868.0000,2869.0000,1,1,2,2,2,7,1,2,2,6
SF,IH2009,2020-03-10 09:33:21.500,2863.4000,7789,-1,223701420.000,1,0,1,双平,S,2862.6000,2862.0000,2861.6000,2861.4000,2859.0000,2863.4000,2864.8000,2865.0000,2866.0000,2867.6000,1,2,2,2,1,1,1,7,1,2
SF,IH2009,2020-03-10 09:33:22.000,2863.4000,7788,-1,224560440.000,1,0,1,双平,S,2862.8000,2862.6000,2862.0000,2861.6000,2861.4000,2864.8000,2865.0000,2866.0000,2867.6000,2868.0000,2,1,2,2,2,3,7,1,2,2
SF,IH2009,2020-03-10 09:33:22.500,2863.4000,7788,0,224560440.000,0,-,-,-,-,2862.6000,2862.0000,2861.6000,2861.4000,2859.0000,2864.6000,2865.0000,2866.0000,2867.6000,2868.0000,1,2,2,2,1,4,7,1,2,2
SF,IH2009,2020-03-10 09:33:23.000,2863.4000,7788,0,224560440.000,0,-,-,-,-,2862.8000,2862.6000,2862.0000,2861.6000,2861.4000,2864.6000,2865.0000,2866.0000,2867.6000,2868.0000,1,1,2,2,2,1,7,1,2,2
SF,IH2009,2020-03-10 09:33:23.500,2863.4000,7788,0,224560440.000,0,-,-,-,-,2863.4000,2862.0000,2861.6000,2861.4000,2859.0000,2864.4000,2864.6000,2865.0000,2866.0000,2867.6000,1,2,2,2,1,2,1,7,1,2
SF,IH2009,2020-03-10 09:33:24.000,2863.2000,7786,-2,227137680.000,3,0,3,多平,S,2862.0000,2861.6000,2861.4000,2859.0000,2856.6000,2864.4000,2865.0000,2866.0000,2867.6000,2868.0000,2,2,3,1,1,3,7,1,2,2
SF,IH2009,2020-03-10 09:33:24.500,2863.2000,7786,0,227137680.000,0,-,-,-,-,2862.2000,2862.0000,2861.6000,2861.4000,2859.0000,2864.2000,2864.4000,2865.0000,2866.0000,2867.6000,1,3,2,3,1,1,1,7,1,2
SF,IH2009,2020-03-10 09:33:25.000,2863.2000,7786,0,227137680.000,0,-,-,-,-,2862.2000,2862.0000,2861.6000,2861.4000,2859.0000,2864.2000,2865.0000,2866.0000,2867.6000,2868.0000,1,3,2,3,1,1,7,1,2,2
SF,IH2009,2020-03-10 09:33:25.500,2863.2000,7786,0,227137680.000,0,-,-,-,-,2862.2000,2862.0000,2861.6000,2861.4000,2859.0000,2864.2000,2865.0000,2866.0000,2867.6000,2868.0000,1,3,2,3,1,1,7,1,2,2
SF,IH2009,2020-03-10 09:33:26.000,2864.2000,7787,1,227996940.000,1,1,0,双开,S,2862.4000,2862.2000,2862.0000,2861.6000,2861.4000,2865.0000,2866.0000,2867.6000,2868.0000,2869.0000,1,1,3,2,3,7,1,2,2,6
SF,IH2009,2020-03-10 09:33:26.500,2864.2000,7787,0,227996940.000,0,-,-,-,-,2862.6000,2862.4000,2862.0000,2861.6000,2861.4000,2865.0000,2866.0000,2867.6000,2868.0000,2869.0000,1,1,3,2,3,7,1,2,2,6
SF,IH2009,2020-03-10 09:33:27.000,2864.2000,7787,0,227996940.000,0,-,-,-,-,2862.8000,2862.6000,2862.0000,2861.6000,2861.4000,2865.0000,2866.0000,2867.6000,2868.0000,2869.0000,2,1,3,2,3,7,1,2,2,6
SF,IH2009,2020-03-10 09:33:27.500,2864.2000,7787,0,227996940.000,0,-,-,-,-,2863.0000,2862.8000,2862.0000,2861.6000,2861.4000,2865.0000,2866.0000,2867.6000,2868.0000,2869.0000,2,2,3,2,3,7,1,2,2,6
SF,IH2009,2020-03-10 09:33:28.000,2864.2000,7787,0,227996940.000,0,-,-,-,-,2863.2000,2863.0000,2862.8000,2862.0000,2861.6000,2865.0000,2866.0000,2867.6000,2868.0000,2869.0000,1,2,1,3,2,7,1,2,2,6
SF,IH2009,2020-03-10 09:33:28.500,2864.2000,7787,0,227996940.000,0,-,-,-,-,2863.2000,2863.0000,2862.0000,2861.6000,2861.4000,2865.0000,2866.0000,2867.6000,2868.0000,2869.0000,1,2,3,2,3,7,1,2,2,6
SF,IH2009,2020-03-10 09:33:29.000,2864.2000,7787,0,227996940.000,0,-,-,-,-,2863.2000,2863.0000,2862.0000,2861.6000,2861.4000,2865.0000,2866.0000,2867.6000,2868.0000,2869.0000,1,2,3,2,3,7,1,2,2,6
SF,IH2009,2020-03-10 09:33:30.000,2865.0000,7787,0,228856440.000,1,0,1,多换,S,2863.2000,2863.0000,2862.0000,2861.6000,2861.4000,2865.0000,2866.0000,2867.6000,2868.0000,2869.0000,1,2,3,2,3,6,1,2,2,6
SF,IH2009,2020-03-10 09:33:30.500,2865.0000,7787,0,228856440.000,0,-,-,-,-,2863.2000,2863.0000,2862.0000,2861.6000,2861.4000,2864.8000,2865.0000,2866.0000,2867.6000,2868.0000,1,1,3,2,3,1,6,1,2,2
SF,IH2009,2020-03-10 09:33:31.000,2865.0000,7787,0,228856440.000,0,-,-,-,-,2863.2000,2863.0000,2862.0000,2861.6000,2861.4000,2864.6000,2864.8000,2865.0000,2865.2000,2866.0000,1,2,3,2,3,2,1,6,1,1
SF,IH2009,2020-03-10 09:33:31.500,2865.0000,7787,0,228856440.000,0,-,-,-,-,2863.0000,2862.0000,2861.6000,2861.4000,2856.6000,2864.4000,2864.6000,2864.8000,2865.0000,2865.2000,2,2,2,3,1,2,2,1,6,1
SF,IH2009,2020-03-10 09:33:32.000,2863.0000,7787,0,229715340.000,1,0,1,多换,S,2863.0000,2862.0000,2861.6000,2861.4000,2856.6000,2864.4000,2864.6000,2864.8000,2865.0000,2865.2000,1,2,2,3,1,3,2,1,6,1
SF,IH2009,2020-03-10 09:33:32.500,2863.0000,7786,-1,230574240.000,1,0,1,双平,S,2862.0000,2861.6000,2861.4000,2856.6000,2855.2000,2864.4000,2864.6000,2864.8000,2865.0000,2865.2000,2,2,3,1,1,3,2,1,6,1
SF,IH2009,2020-03-10 09:33:33.000,2863.0000,7786,0,230574240.000,0,-,-,-,-,2862.2000,2862.0000,2861.6000,2861.4000,2856.6000,2864.0000,2864.4000,2864.8000,2865.0000,2865.2000,1,2,2,3,1,2,3,1,6,1
SF,IH2009,2020-03-10 09:33:33.500,2862.0000,7785,-1,233150100.000,3,1,2,多平,S,2861.6000,2861.4000,2856.6000,2855.2000,2855.0000,2863.0000,2863.8000,2864.0000,2864.2000,2864.4000,2,3,1,1,1,2,4,2,4,1
SF,IH2009,2020-03-10 09:33:34.000,2862.0000,7785,0,233150100.000,0,-,-,-,-,2861.6000,2861.4000,2856.6000,2855.2000,2855.0000,2862.8000,2864.2000,2865.0000,2866.0000,2867.6000,2,3,1,1,1,1,1,6,1,2
SF,IH2009,2020-03-10 09:33:34.500,2862.0000,7785,0,233150100.000,0,-,-,-,-,2861.8000,2861.6000,2861.4000,2856.6000,2855.2000,2864.2000,2865.0000,2866.0000,2867.6000,2868.0000,2,2,3,1,1,1,6,1,2,2
SF,IH2009,2020-03-10 09:33:35.000,2862.0000,7785,0,233150100.000,0,-,-,-,-,2861.8000,2861.6000,2861.4000,2856.6000,2855.2000,2863.8000,2864.0000,2864.2000,2865.0000,2866.0000,1,2,3,1,1,2,2,1,6,1
SF,IH2009,2020-03-10 09:33:35.500,2862.0000,7785,0,233150100.000,0,-,-,-,-,2861.8000,2861.6000,2861.4000,2856.6000,2855.2000,2863.6000,2863.8000,2864.0000,2865.0000,2866.0000,1,2,3,1,1,1,2,1,6,1
SF,IH2009,2020-03-10 09:33:36.000,2862.0000,7785,0,233150100.000,0,-,-,-,-,2861.6000,2861.4000,2856.6000,2855.2000,2855.0000,2863.4000,2863.6000,2865.0000,2866.0000,2867.6000,2,3,1,1,1,1,2,6,1,2
SF,IH2009,2020-03-10 09:33:37.000,2862.0000,7785,0,233150100.000,0,-,-,-,-,2861.6000,2861.4000,2856.6000,2855.2000,2855.0000,2863.2000,2863.4000,2863.6000,2864.6000,2865.0000,2,3,1,1,1,1,1,2,1,6
SF,IH2009,2020-03-10 09:33:37.500,2862.0000,7785,0,233150100.000,0,-,-,-,-,2861.6000,2861.4000,2857.4000,2856.6000,2855.2000,2863.2000,2863.4000,2863.6000,2864.6000,2865.0000,2,3,1,1,1,1,1,1,1,6
SF,IH2009,2020-03-10 09:33:38.000,2862.0000,7785,0,233150100.000,0,-,-,-,-,2861.6000,2861.4000,2857.4000,2856.6000,2855.2000,2863.4000,2863.6000,2864.6000,2865.0000,2866.0000,2,3,1,1,1,1,1,1,6,1
SF,IH2009,2020-03-10 09:33:38.500,2862.0000,7785,0,233150100.000,0,-,-,-,-,2861.8000,2861.6000,2861.4000,2857.4000,2856.6000,2863.6000,2864.6000,2865.0000,2866.0000,2867.6000,1,2,3,1,1,1,1,6,1,2
SF,IH2009,2020-03-10 09:33:39.000,2862.0000,7785,0,233150100.000,0,-,-,-,-,2862.0000,2861.8000,2861.6000,2861.4000,2857.4000,2863.6000,2864.6000,2865.0000,2866.0000,2867.6000,1,1,2,3,1,1,1,6,1,2
SF,IH2009,2020-03-10 09:33:39.500,2862.0000,7785,0,233150100.000,0,-,-,-,-,2862.0000,2861.6000,2861.4000,2857.4000,2856.6000,2863.4000,2863.6000,2864.6000,2865.0000,2866.0000,1,2,3,1,1,2,1,1,6,1
SF,IH2009,2020-03-10 09:33:40.000,2862.0000,7785,0,233150100.000,0,-,-,-,-,2861.6000,2861.4000,2857.4000,2856.6000,2855.2000,2863.2000,2863.4000,2863.6000,2864.6000,2865.0000,2,3,1,1,1,3,2,1,1,6
SF,IH2009,2020-03-10 09:33:40.500,2863.2000,7785,0,234009060.000,1,0,1,多换,S,2861.6000,2861.4000,2857.4000,2856.6000,2855.2000,2863.2000,2863.4000,2863.6000,2864.6000,2865.0000,2,3,1,1,1,1,2,1,1,6
SF,IH2009,2020-03-10 09:33:41.000,2863.2000,7785,0,234009060.000,0,-,-,-,-,2861.6000,2861.4000,2857.4000,2856.6000,2855.2000,2863.0000,2863.2000,2863.6000,2864.6000,2865.0000,2,3,1,1,1,2,1,1,1,6
SF,IH2009,2020-03-10 09:33:41.500,2863.0000,7784,-1,236585340.000,3,1,2,多平,S,2861.6000,2861.4000,2857.4000,2856.6000,2855.2000,2863.2000,2863.6000,2864.6000,2865.0000,2866.0000,1,3,1,1,1,1,1,1,6,1
SF,IH2009,2020-03-10 09:33:42.000,2863.0000,7784,0,236585340.000,0,-,-,-,-,2861.6000,2861.4000,2857.4000,2856.6000,2855.2000,2863.2000,2863.6000,2864.6000,2865.0000,2866.0000,2,3,1,1,1,1,1,1,6,1
SF,IH2009,2020-03-10 09:33:42.500,2863.0000,7784,0,236585340.000,0,-,-,-,-,2861.6000,2861.4000,2857.4000,2856.6000,2855.2000,2863.0000,2863.2000,2863.6000,2864.6000,2865.0000,2,3,1,1,1,1,1,1,1,6
SF,IH2009,2020-03-10 09:33:43.000,2863.0000,7784,0,236585340.000,0,-,-,-,-,2861.6000,2861.4000,2857.4000,2856.6000,2855.2000,2863.0000,2863.2000,2863.6000,2864.6000,2865.0000,2,3,1,1,1,1,1,1,1,6
SF,IH2009,2020-03-10 09:33:43.500,2863.0000,7783,-1,237444240.000,1,0,1,双平,S,2861.6000,2861.4000,2857.4000,2856.6000,2855.2000,2862.8000,2863.0000,2863.6000,2864.6000,2865.0000,2,3,1,1,1,1,1,1,1,6
SF,IH2009,2020-03-10 09:33:44.500,2863.0000,7783,0,237444240.000,0,-,-,-,-,2861.6000,2861.4000,2857.4000,2856.6000,2855.2000,2862.8000,2863.0000,2863.6000,2864.6000,2865.0000,2,3,1,1,1,1,3,1,1,6
SF,IH2009,2020-03-10 09:33:45.000,2863.0000,7783,0,237444240.000,0,-,-,-,-,2861.6000,2861.4000,2857.4000,2856.6000,2855.2000,2862.8000,2863.0000,2863.6000,2864.6000,2865.0000,2,3,1,1,1,1,3,1,1,6
SF,IH2009,2020-03-10 09:33:45.500,2863.0000,7783,0,237444240.000,0,-,-,-,-,2861.6000,2861.4000,2857.4000,2856.6000,2855.2000,2862.8000,2863.0000,2864.6000,2865.0000,2866.0000,2,3,1,1,1,1,1,1,6,1
SF,IH2009,2020-03-10 09:33:46.000,2861.6000,7782,-1,239161200.000,2,0,2,多平,S,2861.4000,2857.4000,2856.6000,2855.2000,2855.0000,2862.8000,2863.0000,2864.6000,2865.0000,2866.0000,3,1,1,1,1,1,1,1,6,1
SF,IH2009,2020-03-10 09:33:46.500,2861.4000,7782,0,240878040.000,2,1,1,多换,S,2861.4000,2857.4000,2856.6000,2855.2000,2855.0000,2862.8000,2863.0000,2864.6000,2865.0000,2866.0000,1,1,1,1,1,1,3,1,6,1
SF,IH2009,2020-03-10 09:33:47.000,2861.4000,7782,0,240878040.000,0,-,-,-,-,2861.4000,2857.4000,2856.6000,2855.2000,2855.0000,2862.8000,2863.0000,2864.6000,2865.0000,2866.0000,1,1,1,1,1,1,3,1,6,1
SF,IH2009,2020-03-10 09:33:47.500,2862.6000,7782,0,241736820.000,1,0,1,多换,S,2861.4000,2857.4000,2856.6000,2855.2000,2855.0000,2861.6000,2862.8000,2863.0000,2864.6000,2865.0000,1,1,1,1,1,1,1,3,1,6
SF,IH2009,2020-03-10 09:33:48.000,2861.4000,7782,0,242595240.000,1,0,1,多换,S,2857.4000,2856.6000,2855.2000,2855.0000,2851.0000,2861.6000,2862.8000,2863.0000,2864.6000,2865.0000,1,1,1,1,1,1,1,3,1,6
SF,IH2009,2020-03-10 09:33:48.500,2861.4000,7782,0,242595240.000,0,-,-,-,-,2857.6000,2857.4000,2856.6000,2855.2000,2855.0000,2861.4000,2861.6000,2863.0000,2864.6000,2865.0000,2,1,1,1,1,1,1,2,1,6
SF,IH2009,2020-03-10 09:33:49.000,2861.4000,7782,0,242595240.000,0,-,-,-,-,2857.8000,2857.6000,2857.4000,2856.6000,2855.2000,2861.2000,2861.4000,2861.6000,2863.0000,2864.6000,1,2,1,1,1,1,1,1,2,1
SF,IH2009,2020-03-10 09:33:49.500,2861.4000,7782,0,242595240.000,0,-,-,-,-,2858.0000,2857.8000,2857.4000,2856.6000,2855.2000,2861.0000,2861.6000,2863.0000,2864.6000,2865.0000,2,1,1,1,1,1,1,2,1,6
SF,IH2009,2020-03-10 09:33:50.000,2861.4000,7782,0,242595240.000,0,-,-,-,-,2858.0000,2857.4000,2856.6000,2855.2000,2855.0000,2861.0000,2861.6000,2863.0000,2864.6000,2865.0000,2,1,1,1,1,1,1,2,1,6
SF,IH2009,2020-03-10 09:33:50.500,2861.4000,7782,0,242595240.000,0,-,-,-,-,2859.0000,2858.8000,2858.0000,2857.4000,2856.6000,2861.6000,2863.0000,2864.6000,2865.0000,2866.0000,1,1,2,1,1,1,2,1,6,1
SF,IH2009,2020-03-10 09:33:51.000,2861.4000,7782,0,242595240.000,0,-,-,-,-,2859.4000,2859.2000,2859.0000,2858.8000,2858.4000,2861.6000,2864.6000,2865.0000,2866.0000,2867.6000,1,2,1,1,1,1,1,6,1,2
SF,IH2009,2020-03-10 09:33:51.500,2861.4000,7782,0,242595240.000,0,-,-,-,-,2859.6000,2859.2000,2858.2000,2857.4000,2856.6000,2861.6000,2864.6000,2865.0000,2866.0000,2867.6000,1,1,1,1,1,1,1,6,1,2
SF,IH2009,2020-03-10 09:33:52.000,2861.4000,7782,0,242595240.000,0,-,-,-,-,2859.8000,2859.6000,2859.4000,2859.2000,2858.2000,2861.6000,2864.6000,2865.0000,2866.0000,2867.6000,1,1,2,1,1,1,1,6,1,2
SF,IH2009,2020-03-10 09:33:52.500,2861.6000,7781,-1,243453720.000,1,0,1,双平,S,2860.0000,2859.8000,2859.4000,2859.2000,2858.2000,2864.6000,2865.0000,2866.0000,2867.6000,2868.0000,1,1,2,1,1,1,9,1,2,2
SF,IH2009,2020-03-10 09:33:53.000,2861.6000,7781,0,243453720.000,0,-,-,-,-,2862.0000,2860.0000,2859.8000,2859.4000,2859.2000,2863.2000,2864.4000,2864.6000,2865.0000,2866.0000,1,1,1,1,1,1,2,1,9,1
SF,IH2009,2020-03-10 09:33:53.500,2861.6000,7781,0,243453720.000,0,-,-,-,-,2862.0000,2860.2000,2859.8000,2859.4000,2859.2000,2863.0000,2864.4000,2864.6000,2865.0000,2866.0000,1,1,1,1,1,1,1,1,9,1
SF,IH2009,2020-03-10 09:33:54.000,2862.0000,7781,0,244312320.000,1,0,1,多换,S,2859.8000,2859.4000,2859.2000,2858.2000,2857.4000,2863.0000,2864.4000,2864.6000,2865.0000,2866.0000,1,1,1,1,1,1,1,1,9,1
SF,IH2009,2020-03-10 09:33:54.500,2862.0000,7781,0,244312320.000,0,-,-,-,-,2860.0000,2859.8000,2859.4000,2859.2000,2858.2000,2863.0000,2864.4000,2864.6000,2865.0000,2866.0000,1,1,1,1,1,1,1,1,9,1
SF,IH2009,2020-03-10 09:33:55.000,2862.0000,7781,0,244312320.000,0,-,-,-,-,2860.4000,2860.0000,2859.8000,2859.4000,2859.2000,2864.4000,2864.6000,2865.0000,2866.0000,2867.6000,1,1,1,1,1,1,1,9,1,2
SF,IH2009,2020-03-10 09:33:55.500,2862.0000,7781,0,244312320.000,0,-,-,-,-,2860.4000,2859.8000,2859.2000,2858.2000,2857.4000,2863.0000,2864.2000,2864.4000,2864.6000,2865.0000,1,1,1,1,1,1,1,1,1,9
SF,IH2009,2020-03-10 09:33:56.000,2862.0000,7781,0,244312320.000,0,-,-,-,-,2860.4000,2859.8000,2859.2000,2858.2000,2857.4000,2864.2000,2864.4000,2864.6000,2865.0000,2866.0000,1,1,1,1,1,1,1,1,9,1
SF,IH2009,2020-03-10 09:33:56.500,2862.0000,7781,0,244312320.000,0,-,-,-,-,2860.4000,2859.8000,2859.2000,2858.2000,2857.4000,2863.0000,2864.2000,2864.4000,2864.6000,2865.0000,1,1,1,1,1,1,1,1,1,9
SF,IH2009,2020-03-10 09:33:57.000,2862.0000,7781,0,244312320.000,0,-,-,-,-,2860.4000,2859.8000,2859.2000,2858.2000,2857.4000,2861.6000,2864.2000,2864.4000,2864.6000,2865.0000,1,1,1,1,1,1,1,1,1,9
SF,IH2009,2020-03-10 09:33:57.500,2862.0000,7781,0,244312320.000,0,-,-,-,-,2860.4000,2859.2000,2858.2000,2857.4000,2856.6000,2861.6000,2863.0000,2864.2000,2864.4000,2864.6000,1,1,1,1,1,1,2,1,1,1
SF,IH2009,2020-03-10 09:33:58.500,2862.0000,7781,0,244312320.000,0,-,-,-,-,2859.2000,2858.2000,2857.4000,2856.6000,2855.2000,2861.6000,2863.0000,2864.2000,2864.4000,2864.6000,1,1,1,1,1,1,2,1,1,1
SF,IH2009,2020-03-10 09:33:59.000,2862.0000,7781,0,244312320.000,0,-,-,-,-,2859.4000,2859.2000,2858.2000,2857.4000,2856.6000,2861.4000,2861.6000,2863.0000,2864.2000,2864.4000,1,1,1,1,1,1,1,2,1,1
SF,IH2009,2020-03-10 09:33:59.500,2862.0000,7781,0,244312320.000,0,-,-,-,-,2859.4000,2859.2000,2858.2000,2857.4000,2856.6000,2861.6000,2863.0000,2864.2000,2864.4000,2864.6000,1,1,1,1,1,1,2,1,1,1
SF,IH2009,2020-03-10 09:34:00.000,2861.6000,7781,0,245170800.000,1,0,1,多换,S,2859.8000,2859.6000,2859.4000,2858.2000,2857.4000,2864.2000,2864.4000,2864.6000,2865.0000,2866.0000,1,1,2,1,1,1,1,1,9,1
SF,IH2009,2020-03-10 09:34:00.500,2861.6000,7781,0,245170800.000,0,-,-,-,-,2860.0000,2859.8000,2859.4000,2858.2000,2857.4000,2863.4000,2864.2000,2864.4000,2864.6000,2865.0000,2,1,1,1,1,1,1,1,1,9
SF,IH2009,2020-03-10 09:34:01.000,2861.6000,7781,0,245170800.000,0,-,-,-,-,2860.0000,2859.4000,2858.2000,2857.4000,2856.6000,2864.2000,2864.4000,2864.6000,2865.0000,2866.0000,2,1,1,1,1,1,1,1,9,1
SF,IH2009,2020-03-10 09:34:01.500,2861.6000,7781,0,245170800.000,0,-,-,-,-,2860.4000,2860.0000,2859.4000,2858.2000,2857.4000,2863.6000,2864.2000,2864.4000,2864.6000,2865.0000,1,2,1,1,1,1,1,1,1,9
SF,IH2009,2020-03-10 09:34:02.000,2861.6000,7781,0,245170800.000,0,-,-,-,-,2860.4000,2860.0000,2859.4000,2858.2000,2857.4000,2863.4000,2864.4000,2864.6000,2865.0000,2866.0000,1,2,1,1,1,1,1,1,9,1
SF,IH2009,2020-03-10 09:34:02.500,2861.6000,7781,0,245170800.000,0,-,-,-,-,2860.4000,2860.0000,2859.4000,2858.2000,2857.4000,2863.2000,2863.4000,2864.4000,2864.6000,2865.0000,1,2,1,1,1,1,1,1,1,9
SF,IH2009,2020-03-10 09:34:03.000,2861.6000,7781,0,245170800.000,0,-,-,-,-,2860.4000,2860.0000,2859.4000,2858.2000,2857.4000,2862.0000,2863.4000,2864.4000,2864.6000,2865.0000,1,2,1,1,1,1,1,1,1,9
SF,IH2009,2020-03-10 09:34:03.500,2861.6000,7781,0,245170800.000,0,-,-,-,-,2860.6000,2860.4000,2860.0000,2859.4000,2858.2000,2862.0000,2863.4000,2864.4000,2864.6000,2865.0000,1,1,1,1,1,1,1,1,1,9
SF,IH2009,2020-03-10 09:34:04.000,2861.6000,7781,0,245170800.000,0,-,-,-,-,2860.6000,2860.0000,2859.4000,2858.2000,2857.4000,2862.0000,2863.4000,2864.4000,2864.6000,2865.0000,1,1,1,1,1,1,1,1,1,9
SF,IH2009,2020-03-10 09:34:04.500,2861.6000,7781,0,245170800.000,0,-,-,-,-,2860.0000,2859.4000,2858.2000,2857.4000,2856.6000,2862.0000,2863.4000,2864.4000,2864.6000,2865.0000,1,1,1,1,1,1,1,1,1,9
SF,IH2009,2020-03-10 09:34:05.000,2861.6000,7781,0,245170800.000,0,-,-,-,-,2860.0000,2859.4000,2858.2000,2857.4000,2856.6000,2860.4000,2861.8000,2862.0000,2863.4000,2864.4000,1,1,1,1,1,1,1,1,1,1
SF,IH2009,2020-03-10 09:34:05.500,2860.4000,7781,0,246028920.000,1,0,1,多换,S,2860.0000,2859.4000,2858.2000,2857.4000,2856.6000,2861.8000,2862.0000,2863.0000,2863.4000,2864.4000,1,1,1,1,1,2,1,1,1,1
SF,IH2009,2020-03-10 09:34:06.000,2860.4000,7781,0,246028920.000,0,-,-,-,-,2858.2000,2857.4000,2856.6000,2855.2000,2855.0000,2861.8000,2862.0000,2863.0000,2863.4000,2864.4000,1,1,1,1,1,1,1,1,1,1
SF,IH2009,2020-03-10 09:34:06.500,2860.4000,7781,0,246028920.000,0,-,-,-,-,2859.4000,2859.0000,2858.4000,2858.2000,2857.4000,2861.8000,2862.0000,2863.0000,2863.4000,2864.4000,1,2,1,1,1,1,1,1,1,1
SF,IH2009,2020-03-10 09:34:07.000,2860.4000,7781,0,246028920.000,0,-,-,-,-,2859.0000,2858.4000,2858.2000,2857.4000,2856.6000,2861.4000,2861.8000,2862.0000,2863.0000,2863.4000,2,1,1,1,1,1,1,1,1,1
SF,IH2009,2020-03-10 09:34:07.500,2860.4000,7781,0,246028920.000,0,-,-,-,-,2859.0000,2858.4000,2858.2000,2857.4000,2856.6000,2861.2000,2861.4000,2862.0000,2863.0000,2863.4000,2,1,1,1,1,1,1,1,1,1
SF,IH2009,2020-03-10 09:34:09.000,2860.4000,7781,0,246028920.000,0,-,-,-,-,2859.4000,2859.2000,2859.0000,2858.4000,2858.2000,2861.2000,2861.4000,2862.0000,2863.0000,2863.4000,1,1,2,1,1,1,1,1,1,1
SF,IH2009,2020-03-10 09:34:09.500,2860.4000,7781,0,246028920.000,0,-,-,-,-,2859.2000,2859.0000,2858.4000,2858.2000,2857.4000,2861.4000,2862.0000,2863.0000,2863.4000,2864.4000,1,2,1,1,1,1,1,2,1,1
SF,IH2009,2020-03-10 09:34:10.500,2860.4000,7781,0,246028920.000,0,-,-,-,-,2859.4000,2859.2000,2859.0000,2858.4000,2858.2000,2861.4000,2862.0000,2863.0000,2863.4000,2864.4000,1,1,2,1,1,1,1,2,1,1
SF,IH2009,2020-03-10 09:34:11.000,2860.4000,7781,0,246028920.000,0,-,-,-,-,2859.6000,2859.2000,2859.0000,2858.4000,2858.2000,2862.0000,2863.0000,2863.4000,2864.4000,2864.6000,1,1,1,1,1,1,2,1,1,1
SF,IH2009,2020-03-10 09:34:11.500,2860.4000,7781,0,246028920.000,0,-,-,-,-,2859.8000,2859.6000,2859.4000,2859.0000,2858.4000,2862.0000,2863.0000,2863.4000,2864.4000,2864.6000,1,2,2,1,1,1,2,1,1,1
SF,IH2009,2020-03-10 09:34:12.000,2860.4000,7781,0,246028920.000,0,-,-,-,-,2860.0000,2859.8000,2859.4000,2859.0000,2858.2000,2862.0000,2863.0000,2864.4000,2864.6000,2865.0000,2,1,1,1,1,1,2,1,1,9
SF,IH2009,2020-03-10 09:34:12.500,2860.0000,7781,0,246886920.000,1,0,1,多换,S,2860.0000,2859.8000,2859.4000,2859.0000,2858.2000,2862.0000,2863.0000,2864.4000,2864.6000,2865.0000,1,2,1,1,1,1,2,1,1,9
SF,IH2009,2020-03-10 09:34:13.000,2861.8000,7782,1,247745460.000,1,1,0,双开,S,2860.2000,2860.0000,2859.8000,2859.0000,2858.2000,2862.0000,2863.0000,2864.4000,2864.6000,2865.0000,1,1,1,1,1,1,2,1,1,9
SF,IH2009,2020-03-10 09:34:13.500,2861.8000,7782,0,247745460.000,0,-,-,-,-,2860.2000,2860.0000,2859.8000,2859.0000,2858.2000,2862.0000,2863.0000,2864.4000,2864.6000,2865.0000,2,1,1,1,1,1,2,1,1,9
SF,IH2009,2020-03-10 09:34:14.500,2861.8000,7782,0,247745460.000,0,-,-,-,-,2860.2000,2860.0000,2859.8000,2859.0000,2858.2000,2861.6000,2862.0000,2863.0000,2864.4000,2864.6000,2,1,1,1,1,1,1,2,1,1
SF,IH2009,2020-03-10 09:34:15.000,2861.8000,7782,0,247745460.000,0,-,-,-,-,2859.0000,2858.2000,2857.4000,2856.6000,2855.2000,2861.4000,2861.6000,2862.0000,2863.0000,2864.4000,1,1,1,1,1,1,1,1,2,1
SF,IH2009,2020-03-10 09:34:15.500,2861.8000,7782,0,247745460.000,0,-,-,-,-,2859.2000,2858.2000,2857.4000,2856.6000,2855.2000,2861.2000,2861.4000,2861.6000,2862.0000,2863.0000,1,1,1,1,1,2,1,1,1,2
SF,IH2009,2020-03-10 09:34:16.000,2861.8000,7782,0,247745460.000,0,-,-,-,-,2859.2000,2859.0000,2858.2000,2857.4000,2856.6000,2861.0000,2861.2000,2861.4000,2861.6000,2862.0000,2,1,1,1,1,1,1,1,1,1
SF,IH2009,2020-03-10 09:34:16.500,2861.8000,7782,0,247745460.000,0,-,-,-,-,2859.4000,2859.2000,2858.2000,2857.4000,2856.6000,2861.2000,2861.4000,2861.6000,2862.0000,2863.0000,1,2,1,1,1,1,1,1,1,2
SF,IH2009,2020-03-10 09:34:17.000,2861.8000,7782,0,247745460.000,0,-,-,-,-,2859.4000,2859.2000,2858.2000,2857.4000,2856.6000,2861.2000,2861.4000,2861.6000,2862.0000,2863.0000,1,1,1,1,1,1,1,1,1,2
SF,IH2009,2020-03-10 09:34:19.500,2861.8000,7782,0,247745460.000,0,-,-,-,-,2859.2000,2858.2000,2857.4000,2856.6000,2855.2000,2861.2000,2861.4000,2861.6000,2862.0000,2863.0000,1,1,1,1,1,1,1,1,1,2
SF,IH2009,2020-03-10 09:34:20.000,2861.8000,7782,0,247745460.000,0,-,-,-,-,2859.2000,2858.2000,2857.4000,2856.6000,2855.2000,2861.0000,2861.2000,2861.4000,2861.6000,2862.0000,1,1,1,1,1,1,1,1,1,1
SF,IH2009,2020-03-10 09:34:20.500,2861.8000,7782,0,247745460.000,0,-,-,-,-,2859.2000,2858.2000,2857.4000,2856.6000,2855.2000,2860.8000,2861.0000,2861.4000,2861.6000,2862.0000,1,1,1,1,1,1,1,1,1,1
SF,IH2009,2020-03-10 09:34:21.000,2861.8000,7782,0,247745460.000,0,-,-,-,-,2859.4000,2859.2000,2858.2000,2857.4000,2856.6000,2860.6000,2860.8000,2861.6000,2862.0000,2863.0000,1,1,1,1,1,1,1,1,1,2
SF,IH2009,2020-03-10 09:34:21.500,2861.8000,7782,0,247745460.000,0,-,-,-,-,2859.4000,2858.2000,2857.4000,2856.6000,2855.2000,2860.4000,2861.6000,2862.0000,2863.0000,2864.6000,1,1,1,1,1,3,1,1,2,1
SF,IH2009,2020-03-10 09:34:22.000,2859.4000,7781,-1,248603280.000,1,0,1,双平,S,2858.2000,2857.4000,2856.6000,2855.2000,2855.0000,2860.4000,2861.6000,2862.0000,2863.0000,2864.6000,1,1,1,1,1,3,1,1,2,1
SF,IH2009,2020-03-10 09:34:22.500,2859.4000,7781,0,248603280.000,0,-,-,-,-,2858.4000,2857.4000,2856.6000,2855.2000,2855.0000,2860.0000,2860.4000,2861.6000,2862.0000,2863.0000,1,1,1,1,1,1,3,1,1,2
SF,IH2009,2020-03-10 09:34:23.000,2859.4000,7781,0,248603280.000,0,-,-,-,-,2858.4000,2857.4000,2856.6000,2855.2000,2855.0000,2859.8000,2860.4000,2861.6000,2862.0000,2863.0000,1,1,1,1,1,2,2,1,1,2
SF,IH2009,2020-03-10 09:34:23.500,2859.4000,7781,0,248603280.000,0,-,-,-,-,2857.4000,2856.6000,2855.2000,2855.0000,2854.4000,2859.8000,2860.4000,2861.6000,2862.0000,2863.0000,1,1,1,1,1,2,1,1,1,2
SF,IH2009,2020-03-10 09:34:24.000,2859.4000,7781,0,248603280.000,0,-,-,-,-,2857.6000,2857.4000,2856.6000,2855.2000,2855.0000,2859.6000,2859.8000,2860.4000,2861.6000,2862.0000,2,1,1,1,1,1,2,1,1,1
SF,IH2009,2020-03-10 09:34:24.500,2859.4000,7781,0,248603280.000,0,-,-,-,-,2857.6000,2857.4000,2856.6000,2855.2000,2855.0000,2859.4000,2859.6000,2859.8000,2860.0000,2860.4000,2,1,1,1,1,1,1,1,1,1
SF,IH2009,2020-03-10 09:34:25.000,2859.4000,7781,0,249461100.000,1,0,1,多换,S,2857.6000,2857.4000,2856.6000,2855.2000,2855.0000,2859.4000,2859.6000,2860.4000,2861.6000,2862.0000,2,1,1,1,1,1,1,1,1,1
SF,IH2009,2020-03-10 09:34:25.500,2859.4000,7781,0,250318920.000,1,0,1,多换,S,2859.6000,2857.8000,2857.6000,2857.4000,2856.6000,2861.6000,2862.0000,2863.0000,2864.6000,2865.0000,1,2,2,1,1,1,1,2,1,9
SF,IH2009,2020-03-10 09:34:26.000,2859.4000,7781,0,250318920.000,0,-,-,-,-,2859.8000,2859.6000,2857.8000,2857.6000,2857.4000,2861.0000,2861.4000,2861.6000,2862.0000,2863.0000,1,1,1,1,1,1,2,1,1,2
SF,IH2009,2020-03-10 09:34:26.500,2859.4000,7781,0,250318920.000,0,-,-,-,-,2860.0000,2859.6000,2857.8000,2857.4000,2856.6000,2861.0000,2861.4000,2861.6000,2862.0000,2863.0000,1,1,1,1,1,1,1,1,1,2
SF,IH2009,2020-03-10 09:34:27.000,2859.4000,7781,0,250318920.000,0,-,-,-,-,2860.0000,2859.6000,2857.4000,2856.6000,2855.2000,2861.6000,2862.0000,2863.0000,2864.6000,2865.0000,1,1,1,1,1,1,1,2,1,9
SF,IH2009,2020-03-10 09:34:27.500,2859.4000,7781,0,250318920.000,0,-,-,-,-,2860.0000,2859.6000,2857.4000,2856.6000,2855.2000,2861.2000,2861.4000,2861.6000,2862.0000,2863.0000,1,1,1,1,1,1,3,1,1,2
SF,IH2009,2020-03-10 09:34:28.000,2860.0000,7780,-1,251176920.000,1,0,1,双平,S,2859.6000,2857.4000,2856.6000,2855.2000,2855.0000,2861.0000,2861.2000,2861.4000,2861.6000,2862.0000,1,1,1,1,1,1,1,2,1,1
SF,IH2009,2020-03-10 09:34:28.500,2860.0000,7780,0,251176920.000,0,-,-,-,-,2859.6000,2857.4000,2856.6000,2855.2000,2855.0000,2860.8000,2861.0000,2861.2000,2861.4000,2861.6000,1,1,1,1,1,1,1,1,1,1
SF,IH2009,2020-03-10 09:34:29.000,2859.6000,7779,-1,252034800.000,1,0,1,双平,S,2857.4000,2856.6000,2855.2000,2855.0000,2854.4000,2860.6000,2860.8000,2861.4000,2861.6000,2862.0000,1,1,1,1,1,1,2,1,1,1
