市场代码,合约代码,时间,最新,持仓,增仓,成交额,成交量,开仓,平仓,成交类型,方向,买一价,买二价,买三价,买四价,买五价,卖一价,卖二价,卖三价,卖四价,卖五价,买一量,买二量,买三量,买四量,买五量,卖一量,卖二量,卖三量,卖四量,卖五量
SF,IH2001,2019-11-26 09:29:00.400,2955.4000,856,0,2659860.000,3.000,-,-,-,-,2955.4000,2953.6000,2953.4000,2950.6000,2947.8000,2956.0000,2964.8000,2967.2000,2971.0000,2971.2000,2,1,1,2,1,1,2,2,2,1
SF,IH2001,2019-11-26 09:30:00.400,2956.0000,857,1,3546660.000,1,1,0,双开,S,2953.6000,2953.4000,2950.6000,2944.0000,2940.2000,2964.8000,2967.2000,2971.2000,2971.8000,2987.2000,1,1,2,1,1,2,2,1,1,1
SF,IH2001,2019-11-26 09:30:00.900,2959.2000,857,0,4434420.000,1,0,1,多换,S,2956.8000,2956.0000,2955.6000,2953.8000,2953.6000,2964.6000,2964.8000,2967.2000,2971.2000,2987.2000,1,1,2,2,1,7,2,2,1,1
SF,IH2001,2019-11-26 09:30:01.400,2959.2000,857,0,4434420.000,0,-,-,-,-,2956.8000,2956.0000,2955.6000,2953.8000,2953.4000,2963.6000,2964.0000,2964.6000,2964.8000,2971.2000,1,1,2,1,1,3,5,6,2,1
SF,IH2001,2019-11-26 09:30:01.900,2959.2000,857,0,4434420.000,0,-,-,-,-,2957.0000,2956.8000,2956.0000,2955.6000,2953.8000,2963.4000,2963.6000,2964.0000,2964.6000,2964.8000,1,1,1,2,1,5,3,5,5,2
SF,IH2001,2019-11-26 09:30:03.900,2959.2000,857,0,4434420.000,0,-,-,-,-,2956.8000,2956.0000,2955.6000,2953.8000,2952.6000,2963.2000,2963.4000,2963.6000,2964.0000,2964.6000,1,1,2,1,5,1,5,3,5,5
SF,IH2001,2019-11-26 09:30:04.400,2956.8000,857,0,5321460.000,1,0,1,多换,S,2956.0000,2955.6000,2953.8000,2952.6000,2944.0000,2959.2000,2963.0000,2963.2000,2963.4000,2963.6000,1,2,1,5,1,1,6,1,4,3
SF,IH2001,2019-11-26 09:30:04.900,2956.8000,857,0,5321460.000,0,-,-,-,-,2956.0000,2948.8000,2944.0000,2940.2000,2935.0000,2959.0000,2959.2000,2963.0000,2963.4000,2964.0000,1,5,1,1,1,3,1,5,3,5
SF,IH2001,2019-11-26 09:30:05.400,2956.8000,857,0,5321460.000,0,-,-,-,-,2956.0000,2953.2000,2948.8000,2944.0000,2940.2000,2959.0000,2959.2000,2963.0000,2963.4000,2964.0000,1,5,5,1,1,3,1,5,3,5
SF,IH2001,2019-11-26 09:30:08.900,2956.8000,857,0,5321460.000,0,-,-,-,-,2956.0000,2953.2000,2948.8000,2944.0000,2940.2000,2958.8000,2959.0000,2959.2000,2963.0000,2963.4000,1,5,5,1,1,1,3,1,5,3
SF,IH2001,2019-11-26 09:30:09.400,2956.8000,857,0,5321460.000,0,-,-,-,-,2956.0000,2953.2000,2948.8000,2944.0000,2940.2000,2958.6000,2958.8000,2959.0000,2959.2000,2963.0000,1,5,5,1,1,5,1,2,1,4
SF,IH2001,2019-11-26 09:30:10.400,2956.0000,857,0,6208260.000,1,0,1,多换,S,2953.2000,2948.8000,2944.0000,2940.2000,2935.0000,2958.6000,2958.8000,2959.0000,2959.2000,2963.0000,5,5,1,1,1,5,1,2,1,4
SF,IH2001,2019-11-26 09:30:10.900,2956.0000,857,0,6208260.000,0,-,-,-,-,2954.0000,2953.4000,2953.2000,2948.8000,2944.0000,2958.6000,2958.8000,2959.0000,2959.2000,2963.0000,1,2,5,5,1,5,1,2,1,4
SF,IH2001,2019-11-26 09:30:11.400,2956.0000,857,0,6208260.000,0,-,-,-,-,2954.4000,2954.2000,2954.0000,2953.4000,2953.2000,2958.6000,2958.8000,2959.0000,2959.2000,2963.0000,1,2,1,2,5,5,1,2,1,4
SF,IH2001,2019-11-26 09:30:11.900,2956.0000,857,0,6208260.000,0,-,-,-,-,2954.6000,2954.2000,2954.0000,2953.4000,2953.2000,2958.6000,2958.8000,2959.0000,2959.2000,2963.0000,2,1,1,1,5,5,1,2,1,4
SF,IH2001,2019-11-26 09:30:12.400,2956.0000,857,0,6208260.000,0,-,-,-,-,2954.6000,2954.2000,2954.0000,2953.4000,2953.2000,2956.8000,2958.6000,2958.8000,2959.0000,2963.0000,2,1,1,1,5,1,5,1,2,4
SF,IH2001,2019-11-26 09:30:12.900,2956.0000,857,0,6208260.000,0,-,-,-,-,2954.6000,2954.2000,2954.0000,2953.4000,2953.2000,2956.6000,2958.6000,2958.8000,2959.0000,2963.0000,2,1,1,1,5,2,4,1,1,4
SF,IH2001,2019-11-26 09:30:13.400,2956.0000,857,0,6208260.000,0,-,-,-,-,2954.6000,2954.2000,2954.0000,2953.4000,2953.2000,2956.6000,2958.6000,2958.8000,2959.0000,2963.0000,2,1,1,1,5,1,4,1,1,4
SF,IH2001,2019-11-26 09:30:13.900,2956.0000,857,0,6208260.000,0,-,-,-,-,2954.6000,2954.4000,2954.2000,2954.0000,2953.4000,2958.6000,2958.8000,2959.0000,2963.0000,2963.4000,1,1,1,1,1,4,1,1,4,3
SF,IH2001,2019-11-26 09:30:14.400,2956.0000,857,0,6208260.000,0,-,-,-,-,2954.8000,2954.6000,2954.4000,2954.2000,2954.0000,2958.4000,2958.6000,2959.0000,2963.0000,2963.4000,1,1,1,1,1,4,4,1,4,3
SF,IH2001,2019-11-26 09:30:14.900,2956.0000,857,0,6208260.000,0,-,-,-,-,2954.8000,2954.6000,2954.2000,2954.0000,2953.4000,2958.2000,2958.4000,2958.6000,2959.0000,2963.0000,1,1,1,1,1,1,4,4,1,4
SF,IH2001,2019-11-26 09:30:15.400,2956.0000,857,0,6208260.000,0,-,-,-,-,2954.8000,2954.6000,2954.2000,2954.0000,2953.4000,2958.0000,2958.2000,2958.4000,2958.6000,2959.0000,1,1,1,1,1,5,1,3,4,1
SF,IH2001,2019-11-26 09:30:15.900,2956.0000,857,0,6208260.000,0,-,-,-,-,2954.6000,2954.2000,2954.0000,2953.4000,2953.2000,2956.8000,2957.8000,2958.0000,2958.2000,2958.4000,1,1,1,1,5,1,1,5,1,3
SF,IH2001,2019-11-26 09:30:16.400,2956.0000,857,0,6208260.000,0,-,-,-,-,2954.8000,2954.6000,2954.2000,2954.0000,2953.4000,2956.6000,2956.8000,2957.8000,2958.0000,2958.4000,1,1,1,1,1,5,1,1,5,3
SF,IH2001,2019-11-26 09:30:16.900,2956.0000,857,0,6208260.000,0,-,-,-,-,2954.8000,2954.6000,2954.2000,2954.0000,2953.4000,2956.6000,2957.8000,2958.0000,2958.4000,2958.6000,1,1,1,1,1,5,1,5,3,3
SF,IH2001,2019-11-26 09:30:17.400,2956.0000,857,0,6208260.000,0,-,-,-,-,2954.8000,2954.2000,2954.0000,2953.2000,2948.8000,2956.4000,2956.6000,2957.8000,2958.0000,2958.4000,1,1,1,5,5,1,5,1,4,3
SF,IH2001,2019-11-26 09:30:17.900,2956.0000,857,0,6208260.000,0,-,-,-,-,2954.8000,2954.2000,2954.0000,2953.2000,2948.8000,2956.2000,2956.4000,2956.6000,2958.0000,2958.4000,1,1,1,5,5,1,1,5,4,3
SF,IH2001,2019-11-26 09:30:18.400,2956.0000,857,0,6208260.000,0,-,-,-,-,2954.8000,2954.2000,2954.0000,2953.2000,2948.8000,2956.2000,2956.6000,2958.0000,2958.4000,2958.6000,1,1,1,5,5,1,5,4,3,3
SF,IH2001,2019-11-26 09:30:18.900,2956.0000,857,0,6208260.000,0,-,-,-,-,2954.8000,2954.2000,2954.0000,2953.2000,2952.6000,2956.6000,2958.0000,2958.4000,2958.6000,2959.0000,1,1,1,5,1,5,4,3,3,1
SF,IH2001,2019-11-26 09:30:19.900,2956.0000,857,0,6208260.000,0,-,-,-,-,2954.8000,2954.2000,2954.0000,2953.2000,2952.6000,2956.6000,2958.0000,2958.4000,2958.6000,2959.0000,1,1,1,5,1,1,4,3,3,1
SF,IH2001,2019-11-26 09:30:24.400,2956.0000,857,0,6208260.000,0,-,-,-,-,2954.8000,2954.2000,2954.0000,2953.2000,2952.6000,2956.4000,2956.6000,2956.8000,2958.0000,2958.4000,1,1,1,5,1,1,1,1,4,3
SF,IH2001,2019-11-26 09:30:24.900,2956.0000,857,0,6208260.000,0,-,-,-,-,2954.8000,2954.2000,2954.0000,2953.2000,2952.6000,2956.6000,2958.0000,2958.4000,2958.6000,2959.0000,1,1,1,5,1,1,4,3,3,1
SF,IH2001,2019-11-26 09:30:28.900,2956.0000,857,0,6208260.000,0,-,-,-,-,2954.8000,2954.2000,2954.0000,2953.2000,2952.6000,2956.4000,2956.6000,2956.8000,2958.0000,2958.4000,1,1,1,5,1,2,1,1,4,3
SF,IH2001,2019-11-26 09:30:29.400,2956.0000,857,0,6208260.000,0,-,-,-,-,2954.8000,2954.2000,2954.0000,2953.2000,2952.6000,2956.2000,2956.4000,2956.6000,2956.8000,2958.0000,1,1,1,5,1,1,2,1,1,4
SF,IH2001,2019-11-26 09:30:29.900,2956.0000,857,0,6208260.000,0,-,-,-,-,2954.2000,2954.0000,2953.2000,2952.6000,2948.8000,2956.0000,2956.2000,2956.4000,2956.6000,2956.8000,1,1,5,1,5,1,1,2,1,1
SF,IH2001,2019-11-26 09:30:30.400,2956.0000,857,0,6208260.000,0,-,-,-,-,2954.4000,2954.2000,2954.0000,2953.2000,2952.6000,2956.2000,2956.4000,2956.6000,2956.8000,2958.0000,1,1,1,5,1,1,2,1,1,4
SF,IH2001,2019-11-26 09:30:30.900,2956.0000,857,0,6208260.000,0,-,-,-,-,2954.4000,2954.2000,2954.0000,2953.2000,2952.6000,2956.0000,2956.2000,2956.4000,2956.6000,2956.8000,1,1,1,5,1,1,1,2,1,1
SF,IH2001,2019-11-26 09:30:31.400,2956.0000,857,0,6208260.000,0,-,-,-,-,2954.4000,2954.0000,2953.2000,2952.6000,2948.8000,2955.8000,2956.0000,2956.2000,2956.4000,2956.8000,1,1,5,1,5,1,1,1,2,1
SF,IH2001,2019-11-26 09:30:31.900,2956.0000,857,0,6208260.000,0,-,-,-,-,2954.4000,2954.0000,2953.2000,2952.6000,2948.8000,2955.8000,2956.2000,2956.4000,2956.8000,2958.0000,1,1,5,1,5,1,1,2,1,4
SF,IH2001,2019-11-26 09:30:34.900,2956.0000,857,0,6208260.000,0,-,-,-,-,2954.4000,2954.0000,2953.2000,2952.6000,2948.8000,2955.6000,2955.8000,2956.2000,2956.4000,2956.8000,1,1,5,1,5,1,1,1,2,1
SF,IH2001,2019-11-26 09:30:35.400,2956.0000,857,0,6208260.000,0,-,-,-,-,2954.4000,2954.0000,2953.2000,2952.6000,2948.8000,2955.8000,2956.2000,2956.4000,2956.8000,2958.0000,1,1,5,1,5,1,1,2,1,4
SF,IH2001,2019-11-26 09:30:35.900,2956.0000,857,0,6208260.000,0,-,-,-,-,2954.4000,2954.0000,2953.2000,2952.6000,2948.8000,2955.8000,2956.2000,2956.4000,2956.8000,2958.0000,1,1,5,1,5,1,1,2,1,4
SF,IH2001,2019-11-26 09:30:41.400,2956.0000,857,0,6208260.000,0,-,-,-,-,2954.4000,2954.0000,2952.6000,2948.8000,2944.0000,2955.8000,2956.2000,2956.4000,2956.8000,2958.0000,1,1,1,5,1,1,1,2,1,4
SF,IH2001,2019-11-26 09:30:43.900,2955.8000,856,-1,7095000.000,1,0,1,双平,S,2954.6000,2954.4000,2954.0000,2952.6000,2948.8000,2956.4000,2956.8000,2958.0000,2958.4000,2958.6000,1,1,1,1,5,2,1,4,3,3
SF,IH2001,2019-11-26 09:30:44.400,2955.8000,856,0,7095000.000,0,-,-,-,-,2954.0000,2952.6000,2948.8000,2944.0000,2940.2000,2955.6000,2956.2000,2956.4000,2956.8000,2958.0000,1,1,5,1,1,4,1,2,1,4
SF,IH2001,2019-11-26 09:30:44.900,2955.8000,856,0,7095000.000,0,-,-,-,-,2954.2000,2954.0000,2952.6000,2948.8000,2944.0000,2956.4000,2956.8000,2958.0000,2958.4000,2958.6000,2,1,1,5,1,2,1,4,3,3
SF,IH2001,2019-11-26 09:30:45.400,2955.8000,856,0,7095000.000,0,-,-,-,-,2954.2000,2954.0000,2952.6000,2948.8000,2944.0000,2956.2000,2956.4000,2956.8000,2958.0000,2958.4000,2,1,1,5,1,1,2,1,4,3
SF,IH2001,2019-11-26 09:30:45.900,2955.8000,856,0,7095000.000,0,-,-,-,-,2954.2000,2954.0000,2952.6000,2948.8000,2944.0000,2956.4000,2956.8000,2958.0000,2958.4000,2958.6000,2,1,1,5,1,2,1,4,3,3
SF,IH2001,2019-11-26 09:30:46.400,2955.8000,856,0,7095000.000,0,-,-,-,-,2954.2000,2954.0000,2952.6000,2948.8000,2944.0000,2958.0000,2958.4000,2958.6000,2959.0000,2963.0000,2,1,1,5,1,4,3,3,1,4
SF,IH2001,2019-11-26 09:30:46.900,2955.8000,856,0,7095000.000,0,-,-,-,-,2954.2000,2954.0000,2952.6000,2948.8000,2944.0000,2956.8000,2957.8000,2958.0000,2958.4000,2958.6000,1,1,1,5,1,1,3,4,3,3
SF,IH2001,2019-11-26 09:30:47.400,2955.8000,856,0,7095000.000,0,-,-,-,-,2954.4000,2954.2000,2954.0000,2952.6000,2948.8000,2956.6000,2956.8000,2957.8000,2958.0000,2958.4000,1,1,1,1,5,2,1,2,4,3
SF,IH2001,2019-11-26 09:30:47.900,2955.8000,856,0,7095000.000,0,-,-,-,-,2954.6000,2954.4000,2954.2000,2954.0000,2952.6000,2956.6000,2956.8000,2957.8000,2958.0000,2958.4000,1,1,1,1,1,2,1,2,4,3
SF,IH2001,2019-11-26 09:30:48.400,2955.8000,856,0,7095000.000,0,-,-,-,-,2954.8000,2954.6000,2954.2000,2954.0000,2952.6000,2956.6000,2957.8000,2958.0000,2958.4000,2958.6000,1,1,1,1,1,2,2,4,3,3
SF,IH2001,2019-11-26 09:30:49.900,2955.8000,856,0,7095000.000,0,-,-,-,-,2955.0000,2954.8000,2954.6000,2954.0000,2952.6000,2956.6000,2957.8000,2958.0000,2958.4000,2958.6000,1,1,1,1,1,2,2,4,3,3
SF,IH2001,2019-11-26 09:30:50.400,2955.8000,856,0,7095000.000,0,-,-,-,-,2955.0000,2954.6000,2954.0000,2952.6000,2948.8000,2956.6000,2957.8000,2958.0000,2958.4000,2958.6000,1,1,1,1,5,2,2,4,3,3
SF,IH2001,2019-11-26 09:30:52.900,2955.8000,856,0,7095000.000,0,-,-,-,-,2955.0000,2954.6000,2954.0000,2952.6000,2948.8000,2956.6000,2957.8000,2958.0000,2958.4000,2958.6000,1,1,1,1,5,2,2,4,3,3
SF,IH2001,2019-11-26 09:30:53.900,2955.8000,856,0,7095000.000,0,-,-,-,-,2955.0000,2954.6000,2954.0000,2952.6000,2948.8000,2956.6000,2956.8000,2957.8000,2958.0000,2958.4000,1,1,1,1,5,2,1,2,4,3
SF,IH2001,2019-11-26 09:30:54.400,2955.8000,856,0,7095000.000,0,-,-,-,-,2955.0000,2954.6000,2954.0000,2952.6000,2948.8000,2956.6000,2956.8000,2957.8000,2958.0000,2958.4000,1,1,1,1,5,2,1,2,4,3
SF,IH2001,2019-11-26 09:30:54.900,2955.8000,856,0,7095000.000,0,-,-,-,-,2956.4000,2955.0000,2954.6000,2954.0000,2952.6000,2956.6000,2957.8000,2958.0000,2958.4000,2958.6000,1,1,1,1,1,2,2,4,3,3
SF,IH2001,2019-11-26 09:30:55.400,2956.4000,856,0,7981920.000,1,0,1,多换,S,2955.0000,2954.6000,2954.0000,2952.6000,2948.8000,2956.4000,2956.6000,2956.8000,2957.8000,2958.0000,1,1,1,1,5,1,1,1,2,4
SF,IH2001,2019-11-26 09:30:55.900,2956.4000,856,0,7981920.000,0,-,-,-,-,2955.2000,2955.0000,2954.6000,2954.0000,2952.6000,2956.0000,2956.4000,2956.6000,2956.8000,2957.8000,1,1,1,1,1,1,1,1,1,2
SF,IH2001,2019-11-26 09:30:56.400,2956.4000,856,0,7981920.000,0,-,-,-,-,2955.2000,2955.0000,2954.6000,2954.0000,2952.6000,2956.0000,2956.4000,2956.6000,2956.8000,2957.8000,1,1,1,1,1,1,1,1,1,2
SF,IH2001,2019-11-26 09:30:56.900,2956.4000,856,0,7981920.000,0,-,-,-,-,2955.0000,2954.6000,2954.0000,2952.6000,2948.8000,2956.0000,2956.4000,2956.6000,2956.8000,2957.8000,1,1,1,1,5,1,1,1,1,2
SF,IH2001,2019-11-26 09:30:57.400,2956.4000,856,0,7981920.000,0,-,-,-,-,2955.2000,2955.0000,2954.6000,2954.0000,2952.6000,2956.0000,2956.4000,2956.6000,2956.8000,2957.8000,1,1,1,1,1,1,1,1,1,2
SF,IH2001,2019-11-26 09:31:00.900,2956.4000,856,0,7981920.000,0,-,-,-,-,2955.2000,2955.0000,2954.6000,2954.0000,2952.6000,2956.6000,2957.8000,2958.0000,2958.4000,2958.6000,1,1,1,1,1,1,2,4,3,3
SF,IH2001,2019-11-26 09:31:01.900,2956.4000,856,0,7981920.000,0,-,-,-,-,2955.2000,2955.0000,2954.6000,2954.0000,2952.6000,2957.8000,2958.0000,2958.4000,2958.6000,2959.0000,1,1,1,1,1,2,4,3,3,1
SF,IH2001,2019-11-26 09:31:02.400,2956.4000,856,0,7981920.000,0,-,-,-,-,2955.0000,2954.6000,2954.0000,2952.6000,2948.8000,2957.6000,2957.8000,2958.0000,2958.4000,2958.6000,1,1,1,1,5,2,2,4,3,3
SF,IH2001,2019-11-26 09:31:02.900,2956.4000,856,0,7981920.000,0,-,-,-,-,2955.2000,2955.0000,2954.6000,2954.0000,2952.6000,2957.6000,2957.8000,2958.0000,2958.4000,2958.6000,1,1,1,1,1,2,2,4,3,3
SF,IH2001,2019-11-26 09:31:03.400,2956.4000,856,0,7981920.000,0,-,-,-,-,2955.2000,2955.0000,2954.6000,2954.0000,2952.6000,2957.4000,2957.6000,2957.8000,2958.0000,2958.4000,1,1,1,1,1,1,2,2,4,3
SF,IH2001,2019-11-26 09:31:03.900,2956.4000,856,0,7981920.000,0,-,-,-,-,2955.2000,2955.0000,2954.6000,2954.0000,2952.6000,2957.2000,2957.4000,2957.6000,2957.8000,2958.0000,1,1,1,1,1,5,1,1,2,4
SF,IH2001,2019-11-26 09:31:04.400,2956.4000,856,0,7981920.000,0,-,-,-,-,2955.2000,2955.0000,2954.6000,2954.0000,2952.6000,2957.2000,2957.4000,2957.6000,2957.8000,2958.0000,1,1,1,1,1,4,1,1,2,4
SF,IH2001,2019-11-26 09:31:05.400,2956.4000,856,0,7981920.000,0,-,-,-,-,2955.4000,2955.2000,2955.0000,2954.0000,2952.6000,2957.2000,2957.4000,2957.6000,2957.8000,2958.0000,1,1,1,1,1,4,1,1,2,4
SF,IH2001,2019-11-26 09:31:05.900,2956.4000,856,0,7981920.000,0,-,-,-,-,2955.6000,2955.4000,2955.0000,2954.0000,2952.6000,2957.2000,2957.4000,2957.6000,2957.8000,2958.0000,1,1,1,1,1,4,1,1,2,4
SF,IH2001,2019-11-26 09:31:06.400,2956.4000,856,0,7981920.000,0,-,-,-,-,2955.4000,2955.0000,2954.0000,2952.6000,2948.8000,2957.0000,2957.2000,2957.4000,2957.6000,2957.8000,1,1,1,1,5,1,4,1,1,2
SF,IH2001,2019-11-26 09:31:06.900,2956.4000,856,0,7981920.000,0,-,-,-,-,2955.8000,2955.4000,2954.0000,2952.6000,2948.8000,2957.0000,2957.4000,2957.6000,2957.8000,2958.0000,1,1,1,1,5,1,1,1,2,4
SF,IH2001,2019-11-26 09:31:07.400,2956.4000,856,0,7981920.000,0,-,-,-,-,2955.4000,2954.0000,2952.6000,2948.8000,2944.0000,2957.0000,2957.4000,2957.6000,2957.8000,2958.0000,1,1,1,5,1,1,1,1,2,4
SF,IH2001,2019-11-26 09:31:07.900,2956.4000,856,0,7981920.000,0,-,-,-,-,2955.6000,2955.4000,2954.0000,2952.6000,2948.8000,2957.4000,2957.6000,2957.8000,2958.0000,2958.4000,1,1,1,1,5,1,1,2,4,3
SF,IH2001,2019-11-26 09:31:08.400,2956.4000,856,0,7981920.000,0,-,-,-,-,2955.4000,2954.0000,2952.6000,2948.8000,2944.0000,2956.8000,2957.2000,2957.6000,2957.8000,2958.0000,1,1,1,5,1,1,1,1,2,4
SF,IH2001,2019-11-26 09:31:08.900,2956.4000,856,0,7981920.000,0,-,-,-,-,2955.6000,2955.4000,2954.0000,2952.6000,2948.8000,2957.2000,2957.6000,2957.8000,2958.0000,2958.4000,1,1,1,1,5,1,1,2,4,3
SF,IH2001,2019-11-26 09:31:09.400,2956.4000,856,0,7981920.000,0,-,-,-,-,2955.6000,2955.4000,2954.0000,2952.6000,2948.8000,2957.0000,2957.2000,2957.6000,2957.8000,2958.0000,1,1,1,1,5,3,1,1,2,4
SF,IH2001,2019-11-26 09:31:09.900,2956.4000,856,0,7981920.000,0,-,-,-,-,2955.4000,2954.0000,2952.6000,2948.8000,2944.0000,2957.0000,2957.2000,2957.6000,2957.8000,2958.0000,1,1,1,5,1,3,1,1,2,4
SF,IH2001,2019-11-26 09:31:10.400,2956.4000,856,0,7981920.000,0,-,-,-,-,2956.0000,2955.6000,2955.4000,2954.0000,2952.6000,2957.0000,2957.2000,2957.6000,2957.8000,2958.0000,1,1,1,1,1,3,1,1,2,4
SF,IH2001,2019-11-26 09:31:10.900,2956.4000,856,0,7981920.000,0,-,-,-,-,2955.6000,2955.4000,2954.0000,2952.6000,2948.8000,2956.8000,2957.0000,2957.6000,2957.8000,2958.0000,1,1,1,1,5,1,3,1,2,4
SF,IH2001,2019-11-26 09:31:11.900,2956.4000,856,0,7981920.000,0,-,-,-,-,2955.6000,2955.4000,2954.0000,2952.6000,2948.8000,2956.8000,2957.0000,2957.6000,2957.8000,2958.0000,1,1,1,1,5,1,1,1,2,4
SF,IH2001,2019-11-26 09:31:12.400,2956.4000,856,0,7981920.000,0,-,-,-,-,2955.6000,2955.4000,2954.0000,2952.6000,2948.8000,2957.6000,2957.8000,2958.0000,2958.4000,2958.6000,1,1,1,1,5,1,2,4,3,3
SF,IH2001,2019-11-26 09:31:12.900,2956.4000,856,0,7981920.000,0,-,-,-,-,2955.8000,2955.6000,2955.4000,2954.0000,2952.6000,2957.4000,2957.6000,2957.8000,2958.0000,2958.4000,1,1,1,1,1,2,1,2,4,3
SF,IH2001,2019-11-26 09:31:13.900,2956.4000,856,0,7981920.000,0,-,-,-,-,2955.8000,2955.6000,2955.4000,2954.0000,2952.6000,2957.2000,2957.4000,2957.8000,2958.0000,2958.4000,1,1,1,1,1,1,1,2,4,3
SF,IH2001,2019-11-26 09:31:14.400,2956.4000,856,0,7981920.000,0,-,-,-,-,2956.0000,2955.8000,2955.4000,2954.0000,2952.6000,2957.8000,2958.0000,2958.4000,2958.6000,2959.0000,1,1,1,1,1,2,4,3,3,1
SF,IH2001,2019-11-26 09:31:14.900,2956.4000,856,0,7981920.000,0,-,-,-,-,2955.8000,2955.4000,2954.0000,2952.6000,2948.8000,2957.6000,2957.8000,2958.0000,2958.4000,2958.6000,1,1,1,1,5,2,2,4,3,3
SF,IH2001,2019-11-26 09:31:15.400,2956.4000,856,0,7981920.000,0,-,-,-,-,2956.0000,2955.8000,2955.4000,2954.0000,2952.6000,2957.6000,2957.8000,2958.0000,2958.4000,2958.6000,1,1,1,1,1,2,2,4,3,3
SF,IH2001,2019-11-26 09:31:15.900,2956.4000,856,0,7981920.000,0,-,-,-,-,2955.8000,2955.4000,2954.0000,2952.6000,2948.8000,2957.4000,2957.6000,2957.8000,2958.0000,2958.4000,1,1,1,1,5,1,2,2,4,3
SF,IH2001,2019-11-26 09:31:16.400,2956.4000,856,0,7981920.000,0,-,-,-,-,2956.0000,2955.8000,2955.4000,2954.0000,2952.6000,2957.2000,2957.4000,2957.6000,2957.8000,2958.0000,1,1,1,1,1,1,1,2,2,4
SF,IH2001,2019-11-26 09:31:16.900,2956.4000,856,0,7981920.000,0,-,-,-,-,2956.0000,2955.8000,2955.4000,2954.0000,2952.6000,2957.4000,2957.6000,2957.8000,2958.0000,2958.4000,1,1,1,1,1,1,2,2,4,3
SF,IH2001,2019-11-26 09:31:19.400,2956.4000,856,0,7981920.000,0,-,-,-,-,2956.0000,2955.4000,2954.0000,2952.6000,2948.8000,2957.2000,2957.4000,2957.6000,2957.8000,2958.0000,1,1,1,1,5,2,1,2,2,4
SF,IH2001,2019-11-26 09:31:19.900,2956.4000,856,0,7981920.000,0,-,-,-,-,2956.0000,2955.4000,2954.0000,2952.6000,2948.8000,2957.4000,2957.6000,2957.8000,2958.0000,2958.4000,1,1,1,1,5,1,1,2,4,3
SF,IH2001,2019-11-26 09:31:20.400,2956.4000,856,0,7981920.000,0,-,-,-,-,2956.0000,2955.4000,2954.0000,2952.6000,2948.8000,2957.2000,2957.4000,2957.6000,2957.8000,2958.0000,1,1,1,1,5,1,1,1,2,4
SF,IH2001,2019-11-26 09:31:20.900,2956.4000,856,0,7981920.000,0,-,-,-,-,2956.0000,2955.4000,2954.0000,2952.6000,2948.8000,2957.4000,2957.8000,2958.0000,2958.4000,2958.6000,1,1,1,1,5,1,2,4,3,3
SF,IH2001,2019-11-26 09:31:21.400,2956.4000,856,0,7981920.000,0,-,-,-,-,2956.0000,2955.4000,2954.0000,2952.6000,2948.8000,2957.4000,2957.8000,2958.0000,2958.4000,2958.6000,1,1,1,1,5,1,2,4,3,3
SF,IH2001,2019-11-26 09:31:21.900,2956.4000,856,0,7981920.000,0,-,-,-,-,2956.2000,2956.0000,2955.4000,2954.0000,2952.6000,2957.8000,2958.0000,2958.4000,2958.6000,2959.0000,1,1,1,1,1,2,4,3,3,1
SF,IH2001,2019-11-26 09:31:22.400,2956.4000,856,0,7981920.000,0,-,-,-,-,2956.4000,2956.2000,2955.4000,2954.0000,2952.6000,2957.8000,2958.0000,2958.4000,2958.6000,2959.0000,1,1,1,1,1,2,4,3,3,1
SF,IH2001,2019-11-26 09:31:23.400,2956.4000,856,0,7981920.000,0,-,-,-,-,2956.4000,2955.4000,2954.0000,2952.6000,2948.8000,2957.8000,2958.0000,2958.4000,2958.6000,2959.0000,1,1,1,1,5,2,4,3,3,1
SF,IH2001,2019-11-26 09:31:23.900,2956.4000,856,0,7981920.000,0,-,-,-,-,2955.4000,2954.0000,2952.6000,2948.8000,2944.0000,2957.6000,2957.8000,2958.0000,2958.4000,2958.6000,1,1,1,5,1,2,2,4,3,3
SF,IH2001,2019-11-26 09:31:24.400,2956.4000,856,0,7981920.000,0,-,-,-,-,2955.6000,2955.4000,2954.0000,2952.6000,2948.8000,2957.6000,2957.8000,2958.0000,2958.4000,2958.6000,1,1,1,1,5,1,2,4,3,3
SF,IH2001,2019-11-26 09:31:24.900,2956.4000,856,0,7981920.000,0,-,-,-,-,2955.8000,2955.6000,2955.4000,2954.0000,2952.6000,2957.4000,2957.6000,2957.8000,2958.0000,2958.4000,1,1,1,1,1,1,1,2,4,3
SF,IH2001,2019-11-26 09:31:25.400,2956.4000,856,0,7981920.000,0,-,-,-,-,2956.0000,2955.8000,2955.4000,2954.0000,2952.6000,2957.4000,2957.8000,2958.0000,2958.4000,2958.6000,1,1,1,1,1,1,2,4,3,3
SF,IH2001,2019-11-26 09:31:25.900,2956.4000,856,0,7981920.000,0,-,-,-,-,2956.2000,2956.0000,2955.8000,2954.0000,2952.6000,2957.4000,2957.8000,2958.0000,2958.4000,2958.6000,1,1,1,1,1,1,2,4,3,3
SF,IH2001,2019-11-26 09:31:26.400,2956.4000,856,0,7981920.000,0,-,-,-,-,2956.4000,2956.2000,2955.8000,2954.0000,2952.6000,2957.8000,2958.0000,2958.4000,2958.6000,2959.0000,1,1,1,1,1,2,4,3,3,1
SF,IH2001,2019-11-26 09:31:27.400,2956.4000,856,0,7981920.000,0,-,-,-,-,2956.6000,2956.4000,2956.2000,2954.0000,2952.6000,2958.0000,2958.4000,2958.6000,2959.0000,2959.2000,1,1,1,1,1,4,3,3,1,1
SF,IH2001,2019-11-26 09:31:27.900,2956.4000,856,0,7981920.000,0,-,-,-,-,2956.6000,2956.2000,2954.0000,2952.6000,2948.8000,2957.8000,2958.0000,2958.4000,2958.6000,2959.0000,1,1,1,1,5,1,4,3,3,1
SF,IH2001,2019-11-26 09:31:28.400,2956.4000,856,0,7981920.000,0,-,-,-,-,2956.6000,2956.2000,2954.0000,2952.6000,2948.8000,2957.8000,2958.4000,2958.6000,2959.0000,2959.2000,1,1,1,1,5,1,3,3,1,1
SF,IH2001,2019-11-26 09:31:28.900,2956.4000,856,0,7981920.000,0,-,-,-,-,2956.6000,2956.2000,2954.0000,2952.6000,2948.8000,2958.4000,2958.6000,2959.0000,2959.2000,2963.0000,1,1,1,1,5,3,3,1,1,4
SF,IH2001,2019-11-26 09:31:29.400,2956.4000,856,0,7981920.000,0,-,-,-,-,2956.6000,2956.2000,2954.0000,2952.6000,2948.8000,2958.2000,2958.4000,2958.6000,2959.0000,2959.2000,1,1,1,1,5,3,3,3,1,1
SF,IH2001,2019-11-26 09:31:29.900,2956.4000,856,0,7981920.000,0,-,-,-,-,2956.2000,2954.0000,2952.6000,2948.8000,2944.0000,2958.2000,2958.4000,2958.6000,2959.0000,2959.2000,1,1,1,5,1,3,3,3,1,1
SF,IH2001,2019-11-26 09:31:30.400,2956.4000,856,0,7981920.000,0,-,-,-,-,2956.8000,2956.4000,2956.2000,2954.0000,2952.6000,2958.2000,2958.4000,2958.6000,2959.0000,2959.2000,1,1,1,1,1,3,3,3,1,1
SF,IH2001,2019-11-26 09:31:30.900,2956.4000,856,0,7981920.000,0,-,-,-,-,2956.8000,2956.2000,2954.0000,2952.6000,2948.8000,2958.2000,2958.4000,2958.6000,2959.0000,2959.2000,1,1,1,1,5,3,3,3,1,1
SF,IH2001,2019-11-26 09:31:31.400,2956.8000,856,0,8868960.000,1,0,1,多换,S,2954.0000,2952.6000,2948.8000,2944.0000,2940.2000,2958.0000,2958.2000,2958.4000,2958.6000,2959.0000,1,1,5,1,1,1,3,3,3,1
SF,IH2001,2019-11-26 09:31:31.900,2956.8000,856,0,8868960.000,0,-,-,-,-,2956.0000,2954.4000,2954.2000,2954.0000,2952.6000,2957.8000,2958.0000,2958.2000,2958.4000,2958.6000,1,1,3,1,1,1,1,2,3,3
SF,IH2001,2019-11-26 09:31:32.400,2956.8000,856,0,8868960.000,0,-,-,-,-,2956.2000,2956.0000,2954.4000,2954.2000,2954.0000,2957.6000,2957.8000,2958.0000,2958.2000,2958.4000,1,1,1,2,1,2,1,1,2,3
SF,IH2001,2019-11-26 09:31:32.900,2956.8000,856,0,8868960.000,0,-,-,-,-,2956.0000,2954.4000,2954.2000,2954.0000,2952.6000,2957.6000,2957.8000,2958.0000,2958.2000,2958.4000,1,1,2,1,1,2,1,1,2,3
SF,IH2001,2019-11-26 09:31:33.400,2956.8000,856,0,8868960.000,0,-,-,-,-,2956.2000,2956.0000,2954.4000,2954.2000,2954.0000,2957.6000,2957.8000,2958.0000,2958.2000,2958.4000,1,1,1,2,1,1,1,1,2,3
SF,IH2001,2019-11-26 09:31:33.900,2956.8000,856,0,8868960.000,0,-,-,-,-,2956.2000,2956.0000,2954.4000,2954.2000,2954.0000,2957.6000,2958.0000,2958.2000,2958.4000,2958.6000,1,1,1,2,1,1,1,2,3,3
SF,IH2001,2019-11-26 09:31:34.900,2956.8000,856,0,8868960.000,0,-,-,-,-,2956.2000,2956.0000,2954.4000,2954.2000,2954.0000,2958.0000,2958.2000,2958.4000,2958.6000,2959.0000,1,1,1,2,1,1,2,3,3,1
SF,IH2001,2019-11-26 09:31:35.400,2956.8000,856,0,8868960.000,0,-,-,-,-,2956.0000,2954.4000,2954.2000,2954.0000,2952.6000,2957.8000,2958.0000,2958.2000,2958.4000,2958.6000,1,1,2,1,1,1,1,2,3,3
SF,IH2001,2019-11-26 09:31:35.900,2956.8000,856,0,8868960.000,0,-,-,-,-,2956.2000,2956.0000,2954.4000,2954.2000,2954.0000,2958.0000,2958.4000,2958.6000,2959.0000,2959.2000,2,1,1,2,1,1,3,3,1,1
SF,IH2001,2019-11-26 09:31:36.400,2956.8000,856,0,8868960.000,0,-,-,-,-,2956.2000,2956.0000,2954.4000,2954.2000,2954.0000,2958.4000,2958.6000,2959.0000,2959.2000,2963.0000,2,1,1,2,1,3,3,1,1,4
SF,IH2001,2019-11-26 09:31:36.900,2956.8000,856,0,8868960.000,0,-,-,-,-,2956.2000,2956.0000,2954.4000,2954.2000,2954.0000,2958.2000,2958.4000,2958.6000,2959.0000,2959.2000,2,1,1,2,1,2,3,3,1,1
SF,IH2001,2019-11-26 09:31:37.400,2956.8000,856,0,8868960.000,0,-,-,-,-,2956.2000,2956.0000,2954.4000,2954.2000,2954.0000,2958.2000,2958.4000,2958.6000,2959.0000,2959.2000,1,1,1,2,1,6,3,3,1,1
SF,IH2001,2019-11-26 09:31:37.900,2956.8000,856,0,8868960.000,0,-,-,-,-,2956.2000,2956.0000,2954.4000,2954.2000,2954.0000,2958.2000,2958.4000,2958.6000,2959.0000,2963.0000,1,1,1,2,1,6,3,3,1,4
SF,IH2001,2019-11-26 09:31:39.400,2956.8000,856,0,8868960.000,0,-,-,-,-,2956.2000,2956.0000,2954.4000,2954.2000,2954.0000,2958.2000,2958.4000,2958.6000,2959.0000,2963.0000,1,1,1,2,1,2,3,3,1,4
SF,IH2001,2019-11-26 09:31:40.900,2956.8000,856,0,8868960.000,0,-,-,-,-,2956.2000,2956.0000,2954.4000,2954.2000,2954.0000,2958.0000,2958.2000,2958.4000,2958.6000,2959.0000,1,1,1,2,1,3,2,3,3,1
SF,IH2001,2019-11-26 09:31:41.400,2956.8000,856,0,8868960.000,0,-,-,-,-,2956.0000,2954.4000,2954.2000,2954.0000,2952.6000,2957.8000,2958.0000,2958.2000,2958.4000,2958.6000,1,1,2,1,1,2,3,1,3,3
SF,IH2001,2019-11-26 09:31:41.900,2956.8000,856,0,8868960.000,0,-,-,-,-,2956.0000,2954.4000,2954.2000,2954.0000,2952.6000,2957.8000,2958.0000,2958.2000,2958.4000,2958.6000,1,1,2,1,1,2,3,1,3,3
SF,IH2001,2019-11-26 09:31:42.400,2956.8000,856,0,8868960.000,0,-,-,-,-,2956.0000,2954.4000,2954.2000,2954.0000,2952.6000,2957.6000,2957.8000,2958.0000,2958.2000,2958.4000,1,1,2,1,1,4,2,3,1,3
SF,IH2001,2019-11-26 09:31:42.900,2956.8000,856,0,8868960.000,0,-,-,-,-,2956.0000,2954.4000,2954.2000,2954.0000,2952.6000,2957.4000,2957.6000,2957.8000,2958.0000,2958.4000,1,1,1,1,1,2,4,1,4,3
SF,IH2001,2019-11-26 09:31:43.900,2956.0000,856,0,9755760.000,1,0,1,多换,S,2954.4000,2954.2000,2954.0000,2952.6000,2948.8000,2957.4000,2957.6000,2957.8000,2958.0000,2958.4000,1,1,1,1,5,2,4,1,4,3
SF,IH2001,2019-11-26 09:31:44.400,2956.0000,856,0,9755760.000,0,-,-,-,-,2954.6000,2954.4000,2954.2000,2954.0000,2952.6000,2957.4000,2957.6000,2957.8000,2958.0000,2958.4000,3,1,1,1,1,1,4,1,4,3
SF,IH2001,2019-11-26 09:31:44.900,2956.0000,856,0,9755760.000,0,-,-,-,-,2954.6000,2954.4000,2954.2000,2954.0000,2952.6000,2957.2000,2957.4000,2957.6000,2957.8000,2958.0000,3,1,1,1,1,1,1,4,1,4
SF,IH2001,2019-11-26 09:31:45.400,2956.0000,856,0,9755760.000,0,-,-,-,-,2954.6000,2954.4000,2954.2000,2954.0000,2952.6000,2957.4000,2957.6000,2957.8000,2958.0000,2958.4000,3,1,1,1,1,1,4,1,4,3
SF,IH2001,2019-11-26 09:31:45.900,2956.0000,856,0,9755760.000,0,-,-,-,-,2954.6000,2954.4000,2954.2000,2954.0000,2952.6000,2957.2000,2957.4000,2957.6000,2957.8000,2958.0000,3,1,1,1,1,1,1,4,1,4
SF,IH2001,2019-11-26 09:31:46.400,2956.0000,856,0,9755760.000,0,-,-,-,-,2954.6000,2954.4000,2954.2000,2954.0000,2952.6000,2957.2000,2957.4000,2957.6000,2957.8000,2958.0000,3,1,1,1,1,2,1,4,1,4
SF,IH2001,2019-11-26 09:31:46.900,2956.0000,856,0,9755760.000,0,-,-,-,-,2954.6000,2954.4000,2954.2000,2954.0000,2952.6000,2957.0000,2957.2000,2957.4000,2957.6000,2958.0000,3,1,1,1,1,1,2,1,4,4
SF,IH2001,2019-11-26 09:31:47.400,2956.0000,856,0,9755760.000,0,-,-,-,-,2954.6000,2954.4000,2954.2000,2954.0000,2952.6000,2956.8000,2957.0000,2957.2000,2957.4000,2957.6000,3,1,1,1,1,1,1,1,1,4
SF,IH2001,2019-11-26 09:31:47.900,2956.0000,856,0,9755760.000,0,-,-,-,-,2954.6000,2954.2000,2954.0000,2952.6000,2948.8000,2957.0000,2957.2000,2957.4000,2957.6000,2958.0000,3,1,1,1,5,1,1,1,4,4
SF,IH2001,2019-11-26 09:31:48.400,2956.0000,856,0,9755760.000,0,-,-,-,-,2954.6000,2954.4000,2954.2000,2954.0000,2952.6000,2957.0000,2957.2000,2957.4000,2957.6000,2958.0000,3,1,1,1,1,1,1,1,4,4
SF,IH2001,2019-11-26 09:31:48.900,2956.0000,856,0,9755760.000,0,-,-,-,-,2954.6000,2954.2000,2954.0000,2952.6000,2948.8000,2957.0000,2957.2000,2957.4000,2957.6000,2958.0000,3,1,1,1,5,1,1,1,4,4
SF,IH2001,2019-11-26 09:31:50.400,2956.0000,856,0,9755760.000,0,-,-,-,-,2954.6000,2954.4000,2954.2000,2954.0000,2952.6000,2956.8000,2957.0000,2957.2000,2957.4000,2957.6000,3,1,1,1,1,1,1,1,1,4
SF,IH2001,2019-11-26 09:31:50.900,2956.0000,856,0,9755760.000,0,-,-,-,-,2954.6000,2954.4000,2954.2000,2954.0000,2952.6000,2957.0000,2957.2000,2957.4000,2957.6000,2958.0000,3,1,1,1,1,1,1,1,4,3
SF,IH2001,2019-11-26 09:31:51.400,2956.0000,856,0,9755760.000,0,-,-,-,-,2955.6000,2954.6000,2954.4000,2954.2000,2954.0000,2957.0000,2957.2000,2957.4000,2957.6000,2958.0000,1,3,1,1,1,1,1,1,4,3
SF,IH2001,2019-11-26 09:31:51.900,2956.0000,856,0,9755760.000,0,-,-,-,-,2955.6000,2954.6000,2954.2000,2954.0000,2952.6000,2956.8000,2957.0000,2957.2000,2957.4000,2957.6000,1,3,1,1,1,5,1,1,1,4
SF,IH2001,2019-11-26 09:31:52.400,2956.0000,856,0,9755760.000,0,-,-,-,-,2955.6000,2954.6000,2954.2000,2954.0000,2952.6000,2956.8000,2957.0000,2957.2000,2957.4000,2957.6000,1,3,1,1,1,4,1,1,1,4
SF,IH2001,2019-11-26 09:31:53.400,2956.0000,856,0,9755760.000,0,-,-,-,-,2955.6000,2954.6000,2954.2000,2954.0000,2952.6000,2956.6000,2956.8000,2957.0000,2957.2000,2957.6000,1,3,1,1,1,1,4,1,1,4
SF,IH2001,2019-11-26 09:31:53.900,2956.0000,856,0,9755760.000,0,-,-,-,-,2954.6000,2954.2000,2954.0000,2952.6000,2948.8000,2956.6000,2956.8000,2957.0000,2957.2000,2957.6000,3,1,1,1,5,1,4,1,1,4
SF,IH2001,2019-11-26 09:31:54.400,2956.0000,856,0,9755760.000,0,-,-,-,-,2954.6000,2954.2000,2954.0000,2952.6000,2948.8000,2956.6000,2956.8000,2957.0000,2957.2000,2957.6000,3,1,1,1,5,1,4,1,1,4
SF,IH2001,2019-11-26 09:31:54.900,2956.0000,856,0,9755760.000,0,-,-,-,-,2954.6000,2954.2000,2954.0000,2952.6000,2948.8000,2956.4000,2956.6000,2956.8000,2957.0000,2957.2000,3,1,1,1,5,4,1,5,1,1
SF,IH2001,2019-11-26 09:31:55.400,2956.0000,856,0,9755760.000,0,-,-,-,-,2954.6000,2954.2000,2954.0000,2952.6000,2948.8000,2956.2000,2956.4000,2956.6000,2956.8000,2957.2000,1,1,1,1,5,1,4,1,5,1
SF,IH2001,2019-11-26 09:31:55.900,2956.0000,856,0,9755760.000,0,-,-,-,-,2954.6000,2954.0000,2952.6000,2948.8000,2944.0000,2956.0000,2956.2000,2956.4000,2956.6000,2956.8000,1,1,1,5,1,2,2,4,1,5
SF,IH2001,2019-11-26 09:31:56.400,2956.0000,856,0,9755760.000,0,-,-,-,-,2954.6000,2954.0000,2952.6000,2948.8000,2944.0000,2955.8000,2956.0000,2956.2000,2956.4000,2956.8000,1,1,1,5,1,1,1,2,4,5
SF,IH2001,2019-11-26 09:31:58.400,2956.0000,856,0,9755760.000,0,-,-,-,-,2954.8000,2954.6000,2954.0000,2952.6000,2948.8000,2955.8000,2956.0000,2956.2000,2956.4000,2956.8000,1,1,1,1,5,1,1,2,4,5
SF,IH2001,2019-11-26 09:32:00.400,2954.8000,856,0,10642200.000,1,0,1,多换,S,2954.6000,2952.6000,2948.8000,2944.0000,2940.2000,2955.6000,2955.8000,2956.0000,2956.2000,2956.4000,1,1,5,1,1,2,1,1,2,4
SF,IH2001,2019-11-26 09:32:00.900,2954.8000,856,0,10642200.000,0,-,-,-,-,2952.6000,2948.8000,2944.0000,2940.2000,2935.0000,2954.6000,2955.4000,2955.6000,2955.8000,2956.0000,1,5,1,1,1,1,2,3,1,1
SF,IH2001,2019-11-26 09:32:01.400,2954.8000,856,0,10642200.000,0,-,-,-,-,2952.8000,2952.6000,2948.8000,2944.0000,2940.2000,2954.4000,2955.4000,2955.6000,2955.8000,2956.0000,2,1,5,1,1,1,1,3,1,1
SF,IH2001,2019-11-26 09:32:01.900,2954.8000,856,0,10642200.000,0,-,-,-,-,2952.8000,2952.6000,2948.8000,2944.0000,2940.2000,2954.4000,2955.4000,2955.6000,2956.0000,2956.2000,1,1,5,1,1,3,1,3,1,1
SF,IH2001,2019-11-26 09:32:02.900,2954.8000,856,0,10642200.000,0,-,-,-,-,2952.8000,2952.6000,2948.8000,2944.0000,2940.2000,2954.4000,2955.4000,2955.6000,2956.0000,2956.2000,1,1,5,1,1,2,1,3,1,1
SF,IH2001,2019-11-26 09:32:03.400,2954.8000,856,0,10642200.000,0,-,-,-,-,2952.8000,2952.6000,2948.8000,2944.0000,2940.2000,2954.4000,2955.4000,2955.6000,2956.0000,2956.2000,1,1,5,1,1,1,1,3,1,1
SF,IH2001,2019-11-26 09:32:03.900,2954.4000,856,0,11528520.000,1,0,1,多换,S,2953.0000,2952.6000,2948.8000,2944.0000,2940.2000,2955.6000,2956.0000,2956.2000,2956.4000,2956.8000,1,1,5,1,1,3,1,1,4,5
SF,IH2001,2019-11-26 09:32:04.400,2954.4000,856,0,11528520.000,0,-,-,-,-,2953.2000,2953.0000,2952.6000,2948.8000,2944.0000,2955.4000,2955.6000,2956.0000,2956.2000,2956.4000,1,1,1,5,1,2,3,1,1,4
SF,IH2001,2019-11-26 09:32:04.900,2954.4000,856,0,11528520.000,0,-,-,-,-,2953.4000,2953.0000,2952.6000,2948.8000,2944.0000,2954.8000,2955.4000,2955.6000,2956.0000,2956.2000,1,1,1,5,1,1,2,3,1,1
SF,IH2001,2019-11-26 09:32:05.400,2953.4000,856,0,12414540.000,1,0,1,多换,S,2952.6000,2948.8000,2944.0000,2940.2000,2935.0000,2954.8000,2955.4000,2955.6000,2956.0000,2956.2000,1,5,1,1,1,1,2,3,1,1
SF,IH2001,2019-11-26 09:32:05.900,2952.6000,856,0,13300320.000,1,0,1,多换,S,2948.8000,2944.0000,2940.2000,2935.0000,2930.2000,2954.6000,2954.8000,2955.4000,2955.6000,2956.0000,5,1,1,1,1,4,1,1,3,1
SF,IH2001,2019-11-26 09:32:06.400,2952.6000,856,0,13300320.000,0,-,-,-,-,2951.2000,2949.6000,2949.0000,2948.8000,2945.0000,2954.6000,2954.8000,2955.4000,2955.6000,2956.0000,1,1,3,1,5,4,1,1,3,1
SF,IH2001,2019-11-26 09:32:06.900,2952.6000,856,0,13300320.000,0,-,-,-,-,2951.4000,2951.2000,2949.6000,2949.0000,2948.8000,2954.4000,2954.6000,2955.4000,2955.6000,2956.0000,3,1,1,2,1,1,4,1,3,1
SF,IH2001,2019-11-26 09:32:07.400,2952.6000,856,0,13300320.000,0,-,-,-,-,2951.4000,2951.2000,2949.6000,2949.0000,2948.8000,2954.2000,2954.4000,2954.6000,2955.4000,2955.6000,2,1,1,2,1,6,2,4,1,3
SF,IH2001,2019-11-26 09:32:07.900,2952.6000,856,0,13300320.000,0,-,-,-,-,2951.6000,2951.4000,2951.2000,2949.6000,2949.0000,2954.0000,2954.2000,2954.4000,2954.6000,2955.4000,1,2,1,1,2,1,6,1,4,1
SF,IH2001,2019-11-26 09:32:08.400,2952.6000,856,0,13300320.000,0,-,-,-,-,2951.4000,2951.2000,2949.6000,2949.0000,2945.0000,2953.8000,2954.0000,2954.2000,2954.4000,2954.6000,2,1,1,2,5,6,1,6,1,3
SF,IH2001,2019-11-26 09:32:08.900,2952.6000,856,0,13300320.000,0,-,-,-,-,2951.6000,2951.4000,2951.2000,2949.6000,2949.0000,2953.6000,2953.8000,2954.2000,2954.4000,2954.6000,1,2,1,1,2,1,6,6,1,3
SF,IH2001,2019-11-26 09:32:09.900,2952.6000,856,0,13300320.000,0,-,-,-,-,2951.6000,2949.6000,2949.0000,2945.0000,2944.0000,2953.4000,2953.6000,2953.8000,2954.2000,2954.4000,1,1,2,5,1,5,1,6,5,1
SF,IH2001,2019-11-26 09:32:10.400,2952.6000,856,0,13300320.000,0,-,-,-,-,2949.6000,2949.0000,2945.0000,2944.0000,2940.2000,2953.2000,2953.4000,2953.8000,2954.2000,2954.4000,1,2,5,1,1,1,5,6,5,1
SF,IH2001,2019-11-26 09:32:10.900,2952.6000,856,0,13300320.000,0,-,-,-,-,2950.2000,2949.8000,2949.6000,2949.0000,2945.0000,2953.0000,2953.4000,2953.8000,2954.2000,2954.4000,1,2,1,2,5,1,5,5,5,1
SF,IH2001,2019-11-26 09:32:11.400,2952.6000,856,0,13300320.000,0,-,-,-,-,2950.4000,2950.2000,2949.8000,2949.6000,2949.0000,2953.0000,2953.4000,2953.8000,2954.2000,2954.4000,3,1,1,1,1,1,5,5,5,1
SF,IH2001,2019-11-26 09:32:13.400,2952.6000,856,0,13300320.000,0,-,-,-,-,2950.4000,2950.2000,2949.8000,2949.6000,2949.0000,2953.0000,2953.4000,2953.8000,2954.2000,2954.4000,3,1,1,1,1,1,5,5,5,1
SF,IH2001,2019-11-26 09:32:14.400,2952.6000,856,0,13300320.000,0,-,-,-,-,2950.4000,2950.2000,2949.8000,2949.6000,2949.0000,2953.4000,2953.8000,2954.2000,2954.4000,2954.6000,3,1,1,1,1,5,5,5,1,3
SF,IH2001,2019-11-26 09:32:14.900,2952.6000,856,0,13300320.000,0,-,-,-,-,2950.4000,2950.2000,2949.8000,2949.6000,2949.0000,2953.4000,2953.8000,2954.2000,2954.4000,2954.6000,4,1,1,1,1,5,5,5,1,3
SF,IH2001,2019-11-26 09:32:15.900,2952.6000,856,0,13300320.000,0,-,-,-,-,2950.6000,2950.4000,2950.2000,2949.8000,2949.6000,2953.4000,2953.8000,2954.2000,2954.4000,2954.6000,1,4,1,1,1,5,5,5,1,3
SF,IH2001,2019-11-26 09:32:16.400,2952.6000,856,0,13300320.000,0,-,-,-,-,2950.8000,2950.6000,2950.4000,2950.2000,2949.6000,2953.2000,2953.4000,2953.8000,2954.2000,2954.4000,3,1,3,1,1,1,5,5,5,1
SF,IH2001,2019-11-26 09:32:16.900,2952.6000,856,0,13300320.000,0,-,-,-,-,2950.8000,2950.4000,2950.2000,2949.6000,2949.0000,2953.4000,2953.8000,2954.2000,2954.4000,2954.6000,3,3,1,1,1,5,5,5,1,3
SF,IH2001,2019-11-26 09:32:17.400,2952.6000,856,0,13300320.000,0,-,-,-,-,2950.8000,2950.4000,2950.2000,2949.6000,2949.0000,2953.2000,2953.4000,2953.8000,2954.2000,2954.4000,3,3,1,1,1,1,5,5,5,1
SF,IH2001,2019-11-26 09:32:17.900,2952.6000,856,0,13300320.000,0,-,-,-,-,2950.8000,2950.4000,2950.2000,2949.6000,2949.0000,2953.4000,2953.8000,2954.2000,2954.4000,2954.6000,3,3,1,1,1,5,5,5,1,3
SF,IH2001,2019-11-26 09:32:18.400,2952.6000,856,0,13300320.000,0,-,-,-,-,2950.8000,2950.4000,2950.2000,2949.6000,2949.0000,2953.2000,2953.4000,2953.8000,2954.2000,2954.4000,3,3,1,1,1,1,5,5,5,1
SF,IH2001,2019-11-26 09:32:18.900,2952.6000,856,0,13300320.000,0,-,-,-,-,2950.8000,2950.4000,2950.2000,2949.6000,2949.0000,2953.4000,2953.8000,2954.2000,2954.4000,2954.6000,3,3,1,1,1,5,5,5,1,3
SF,IH2001,2019-11-26 09:32:19.400,2952.6000,856,0,13300320.000,0,-,-,-,-,2950.8000,2950.4000,2950.2000,2949.6000,2949.0000,2953.2000,2953.4000,2953.8000,2954.2000,2954.4000,3,3,1,1,1,1,5,5,5,1
SF,IH2001,2019-11-26 09:32:20.400,2952.6000,856,0,13300320.000,0,-,-,-,-,2950.8000,2950.4000,2950.2000,2949.6000,2949.0000,2953.0000,2953.2000,2953.4000,2953.8000,2954.2000,3,3,1,1,1,4,1,5,5,5
SF,IH2001,2019-11-26 09:32:20.900,2952.6000,856,0,13300320.000,0,-,-,-,-,2950.8000,2950.4000,2950.2000,2949.6000,2949.0000,2952.8000,2953.4000,2953.8000,2954.2000,2954.4000,3,3,1,1,1,1,5,5,5,1
SF,IH2001,2019-11-26 09:32:21.400,2952.6000,856,0,13300320.000,0,-,-,-,-,2950.8000,2950.4000,2950.2000,2949.6000,2949.0000,2953.4000,2953.8000,2954.2000,2954.4000,2954.6000,3,3,1,1,1,1,5,5,1,3
SF,IH2001,2019-11-26 09:32:21.900,2952.6000,856,0,13300320.000,0,-,-,-,-,2950.8000,2950.4000,2950.2000,2949.6000,2949.0000,2954.2000,2954.6000,2955.6000,2964.0000,2964.8000,3,3,1,1,1,5,3,1,5,2
SF,IH2001,2019-11-26 09:32:22.400,2952.6000,856,0,13300320.000,0,-,-,-,-,2950.8000,2950.4000,2950.2000,2949.6000,2949.0000,2954.0000,2954.2000,2954.6000,2955.6000,2964.0000,3,3,1,1,1,2,5,3,1,5
SF,IH2001,2019-11-26 09:32:22.900,2952.6000,856,0,13300320.000,0,-,-,-,-,2951.0000,2950.8000,2950.4000,2950.2000,2949.6000,2954.0000,2954.2000,2954.6000,2955.6000,2964.0000,1,3,2,1,1,5,5,3,1,5
SF,IH2001,2019-11-26 09:32:23.400,2952.6000,856,0,13300320.000,0,-,-,-,-,2951.2000,2951.0000,2950.8000,2950.4000,2950.2000,2954.0000,2954.2000,2954.6000,2955.6000,2964.0000,3,1,2,1,1,2,5,3,1,5
SF,IH2001,2019-11-26 09:32:24.400,2952.6000,856,0,13300320.000,0,-,-,-,-,2951.2000,2951.0000,2950.8000,2950.4000,2950.2000,2953.8000,2954.0000,2954.2000,2954.6000,2955.6000,3,1,2,1,1,2,2,5,3,1
SF,IH2001,2019-11-26 09:32:24.900,2952.6000,856,0,13300320.000,0,-,-,-,-,2951.6000,2951.2000,2951.0000,2950.8000,2950.4000,2953.6000,2954.2000,2954.6000,2955.6000,2964.0000,1,2,1,1,1,1,5,3,1,5
SF,IH2001,2019-11-26 09:32:25.400,2952.6000,856,0,13300320.000,0,-,-,-,-,2951.8000,2951.2000,2951.0000,2950.8000,2950.4000,2953.6000,2954.2000,2954.6000,2955.6000,2964.0000,2,1,1,1,1,1,5,3,1,5
SF,IH2001,2019-11-26 09:32:25.900,2952.6000,856,0,13300320.000,0,-,-,-,-,2952.4000,2951.8000,2951.2000,2951.0000,2950.8000,2953.6000,2954.2000,2954.6000,2955.6000,2964.0000,1,2,1,1,1,1,5,3,1,5
SF,IH2001,2019-11-26 09:32:26.400,2952.6000,856,0,13300320.000,0,-,-,-,-,2952.4000,2951.8000,2951.2000,2951.0000,2950.8000,2953.6000,2954.2000,2954.6000,2955.6000,2964.0000,1,1,1,1,1,1,5,3,1,5
SF,IH2001,2019-11-26 09:32:27.900,2952.6000,856,0,13300320.000,0,-,-,-,-,2952.4000,2951.2000,2951.0000,2950.8000,2950.4000,2953.6000,2954.2000,2954.6000,2955.6000,2964.0000,1,1,1,1,1,1,5,3,1,5
SF,IH2001,2019-11-26 09:32:28.400,2952.6000,856,0,13300320.000,0,-,-,-,-,2951.2000,2951.0000,2950.8000,2950.4000,2950.2000,2953.6000,2954.2000,2954.6000,2955.6000,2964.0000,1,1,1,1,1,1,5,3,1,5
SF,IH2001,2019-11-26 09:32:28.900,2952.6000,856,0,13300320.000,0,-,-,-,-,2951.8000,2951.4000,2951.2000,2951.0000,2950.8000,2953.6000,2954.2000,2954.6000,2955.6000,2964.0000,1,1,1,1,1,1,5,3,1,5
SF,IH2001,2019-11-26 09:32:29.400,2952.6000,856,0,13300320.000,0,-,-,-,-,2951.8000,2951.2000,2951.0000,2950.8000,2950.4000,2953.6000,2954.2000,2954.6000,2955.6000,2964.0000,1,1,1,1,1,1,5,3,1,5
SF,IH2001,2019-11-26 09:32:30.400,2952.6000,856,0,13300320.000,0,-,-,-,-,2951.8000,2951.2000,2951.0000,2950.8000,2950.4000,2953.4000,2953.6000,2954.2000,2954.6000,2955.6000,1,1,1,1,1,1,1,5,3,1
SF,IH2001,2019-11-26 09:32:30.900,2952.6000,856,0,13300320.000,0,-,-,-,-,2951.8000,2951.2000,2951.0000,2950.8000,2950.4000,2953.2000,2953.4000,2954.2000,2954.6000,2955.6000,1,1,1,1,1,1,1,5,3,1
SF,IH2001,2019-11-26 09:32:31.400,2952.6000,856,0,13300320.000,0,-,-,-,-,2951.8000,2951.2000,2951.0000,2950.8000,2950.4000,2953.2000,2954.2000,2954.6000,2955.6000,2964.0000,1,1,1,1,1,1,5,3,1,5
SF,IH2001,2019-11-26 09:32:33.400,2952.6000,856,0,13300320.000,0,-,-,-,-,2951.2000,2950.8000,2950.4000,2950.2000,2949.6000,2953.2000,2954.2000,2954.6000,2955.6000,2964.0000,1,1,1,1,1,1,5,3,1,5
SF,IH2001,2019-11-26 09:32:33.900,2952.6000,856,0,13300320.000,0,-,-,-,-,2951.4000,2951.2000,2950.8000,2950.4000,2950.2000,2954.2000,2954.6000,2955.6000,2964.0000,2964.8000,1,1,1,1,1,5,3,1,5,2
SF,IH2001,2019-11-26 09:32:34.400,2952.6000,856,0,13300320.000,0,-,-,-,-,2951.6000,2951.2000,2950.8000,2950.4000,2950.2000,2954.0000,2954.2000,2954.4000,2954.6000,2955.6000,1,1,1,1,1,3,5,1,3,1
SF,IH2001,2019-11-26 09:32:35.900,2952.6000,856,0,13300320.000,0,-,-,-,-,2951.8000,2951.2000,2950.8000,2950.4000,2950.2000,2954.0000,2954.2000,2954.4000,2954.6000,2955.6000,1,1,1,1,1,3,5,1,3,1
SF,IH2001,2019-11-26 09:32:36.400,2952.6000,856,0,13300320.000,0,-,-,-,-,2952.0000,2951.8000,2951.2000,2950.8000,2950.4000,2954.0000,2954.2000,2954.4000,2954.6000,2955.6000,1,1,1,1,1,3,5,1,3,1
SF,IH2001,2019-11-26 09:32:36.900,2952.6000,856,0,13300320.000,0,-,-,-,-,2951.8000,2951.2000,2950.8000,2950.4000,2950.2000,2954.0000,2954.2000,2954.4000,2954.6000,2955.6000,1,1,1,1,1,3,5,1,3,1
SF,IH2001,2019-11-26 09:32:37.400,2952.6000,856,0,13300320.000,0,-,-,-,-,2952.0000,2951.8000,2951.2000,2950.8000,2950.4000,2954.0000,2954.2000,2954.4000,2954.6000,2955.6000,1,1,1,1,1,3,5,1,3,1
SF,IH2001,2019-11-26 09:32:37.900,2952.6000,856,0,13300320.000,0,-,-,-,-,2952.0000,2951.8000,2951.2000,2950.8000,2950.4000,2954.0000,2954.2000,2954.6000,2955.6000,2964.0000,1,1,1,1,1,1,5,3,1,5
SF,IH2001,2019-11-26 09:32:38.400,2952.6000,856,0,13300320.000,0,-,-,-,-,2952.0000,2951.8000,2951.2000,2950.8000,2950.4000,2953.8000,2954.0000,2954.2000,2954.6000,2955.6000,1,1,1,1,1,1,1,5,3,1
SF,IH2001,2019-11-26 09:32:38.900,2952.6000,856,0,13300320.000,0,-,-,-,-,2952.2000,2952.0000,2951.8000,2951.2000,2950.8000,2953.6000,2954.2000,2954.6000,2955.6000,2964.0000,1,1,1,1,1,1,5,3,1,5
SF,IH2001,2019-11-26 09:32:39.400,2952.6000,856,0,13300320.000,0,-,-,-,-,2952.2000,2952.0000,2951.8000,2951.2000,2950.8000,2954.2000,2954.6000,2955.6000,2964.0000,2964.8000,1,2,1,1,1,5,3,1,5,2
SF,IH2001,2019-11-26 09:32:39.900,2952.6000,856,0,13300320.000,0,-,-,-,-,2952.2000,2952.0000,2951.8000,2951.2000,2950.8000,2954.0000,2954.2000,2954.6000,2955.6000,2964.0000,1,2,1,1,1,1,1,3,1,5
SF,IH2001,2019-11-26 09:32:40.400,2952.6000,856,0,13300320.000,0,-,-,-,-,2952.2000,2952.0000,2951.8000,2951.2000,2950.8000,2954.0000,2954.2000,2954.6000,2955.6000,2964.0000,1,3,1,1,1,1,1,3,1,5
SF,IH2001,2019-11-26 09:32:40.900,2952.6000,856,0,13300320.000,0,-,-,-,-,2952.2000,2952.0000,2951.8000,2951.2000,2950.8000,2954.0000,2954.2000,2954.6000,2955.6000,2964.0000,1,3,1,1,1,1,1,3,1,5
SF,IH2001,2019-11-26 09:32:41.400,2952.6000,856,0,13300320.000,0,-,-,-,-,2952.2000,2952.0000,2951.8000,2951.2000,2950.8000,2954.6000,2955.6000,2964.0000,2964.8000,2965.0000,1,3,1,1,1,3,1,5,2,1
SF,IH2001,2019-11-26 09:32:41.900,2952.6000,856,0,13300320.000,0,-,-,-,-,2952.2000,2952.0000,2951.8000,2951.2000,2950.8000,2954.4000,2954.6000,2955.6000,2964.0000,2964.8000,1,3,1,1,1,1,3,1,5,2
SF,IH2001,2019-11-26 09:32:43.400,2952.6000,856,0,13300320.000,0,-,-,-,-,2952.4000,2952.2000,2952.0000,2951.8000,2951.2000,2954.4000,2954.6000,2955.6000,2964.0000,2964.8000,1,1,3,1,1,1,3,1,5,2
SF,IH2001,2019-11-26 09:32:43.900,2952.6000,856,0,13300320.000,0,-,-,-,-,2952.0000,2951.8000,2951.2000,2950.8000,2950.2000,2954.4000,2954.6000,2955.6000,2964.0000,2964.8000,2,1,1,1,1,1,3,1,5,2
SF,IH2001,2019-11-26 09:32:44.400,2952.6000,856,0,13300320.000,0,-,-,-,-,2952.2000,2952.0000,2951.8000,2951.2000,2950.8000,2954.4000,2954.6000,2955.6000,2964.0000,2964.8000,1,2,1,1,1,1,3,1,5,2
SF,IH2001,2019-11-26 09:32:44.900,2952.6000,856,0,13300320.000,0,-,-,-,-,2952.2000,2952.0000,2951.8000,2951.2000,2950.8000,2954.4000,2954.6000,2955.6000,2964.0000,2964.8000,1,2,1,1,1,1,3,1,5,2
SF,IH2001,2019-11-26 09:32:45.400,2952.6000,856,0,13300320.000,0,-,-,-,-,2952.6000,2952.2000,2952.0000,2951.8000,2951.2000,2954.4000,2954.6000,2955.6000,2964.0000,2964.8000,1,1,3,1,1,1,3,1,5,2
SF,IH2001,2019-11-26 09:32:45.900,2952.6000,856,0,13300320.000,0,-,-,-,-,2952.8000,2952.6000,2952.0000,2951.8000,2951.2000,2954.4000,2954.6000,2955.6000,2964.0000,2964.8000,1,1,2,1,1,1,3,1,5,2
SF,IH2001,2019-11-26 09:32:46.400,2952.6000,856,0,13300320.000,0,-,-,-,-,2952.8000,2952.0000,2951.8000,2951.2000,2950.8000,2954.6000,2955.6000,2964.0000,2964.8000,2965.0000,1,2,1,1,1,1,1,5,2,1
SF,IH2001,2019-11-26 09:32:46.900,2952.6000,856,0,13300320.000,0,-,-,-,-,2952.0000,2951.8000,2951.2000,2950.8000,2950.2000,2954.4000,2955.6000,2964.0000,2964.8000,2965.0000,2,1,1,1,1,1,1,5,2,1
SF,IH2001,2019-11-26 09:32:47.400,2952.6000,856,0,13300320.000,0,-,-,-,-,2952.2000,2952.0000,2951.8000,2951.2000,2950.8000,2955.6000,2964.0000,2964.8000,2965.0000,2971.2000,2,3,1,1,1,1,5,2,1,1
SF,IH2001,2019-11-26 09:32:47.900,2952.6000,856,0,13300320.000,0,-,-,-,-,2952.4000,2952.2000,2952.0000,2951.8000,2951.2000,2955.4000,2955.6000,2964.0000,2964.8000,2965.0000,1,2,3,1,1,3,1,5,2,1
SF,IH2001,2019-11-26 09:32:48.400,2952.6000,856,0,13300320.000,0,-,-,-,-,2952.6000,2952.4000,2952.2000,2952.0000,2951.8000,2955.4000,2955.6000,2964.0000,2964.8000,2965.0000,1,1,1,3,1,3,1,5,2,1
SF,IH2001,2019-11-26 09:32:48.900,2952.6000,856,0,13300320.000,0,-,-,-,-,2952.6000,2952.4000,2952.2000,2952.0000,2951.8000,2955.4000,2955.6000,2964.0000,2964.8000,2965.0000,1,1,1,3,1,3,1,5,2,1
SF,IH2001,2019-11-26 09:32:49.400,2952.6000,856,0,13300320.000,0,-,-,-,-,2952.6000,2952.4000,2952.2000,2952.0000,2951.8000,2955.2000,2955.4000,2955.6000,2964.0000,2964.8000,1,1,1,3,1,1,3,1,5,2
SF,IH2001,2019-11-26 09:32:49.900,2952.6000,856,0,13300320.000,0,-,-,-,-,2952.6000,2952.4000,2952.2000,2952.0000,2951.8000,2955.0000,2955.2000,2955.4000,2955.6000,2964.0000,1,1,1,3,1,2,1,2,1,5
SF,IH2001,2019-11-26 09:32:50.400,2952.6000,856,0,13300320.000,0,-,-,-,-,2952.6000,2952.4000,2952.2000,2952.0000,2951.8000,2955.0000,2955.2000,2955.4000,2955.6000,2964.0000,1,1,1,3,1,2,1,2,1,5
SF,IH2001,2019-11-26 09:32:50.900,2952.6000,856,0,13300320.000,0,-,-,-,-,2952.8000,2952.6000,2952.4000,2952.2000,2952.0000,2955.2000,2955.4000,2955.6000,2964.0000,2964.8000,1,1,1,1,3,1,2,1,5,2
SF,IH2001,2019-11-26 09:32:51.400,2952.6000,856,0,13300320.000,0,-,-,-,-,2953.0000,2952.8000,2952.4000,2952.2000,2952.0000,2955.0000,2955.2000,2955.4000,2955.6000,2964.0000,1,1,1,1,3,2,1,2,1,5
SF,IH2001,2019-11-26 09:32:51.900,2952.6000,856,0,13300320.000,0,-,-,-,-,2953.0000,2952.8000,2952.4000,2952.2000,2952.0000,2955.2000,2955.4000,2955.6000,2964.0000,2964.8000,1,1,1,1,3,1,2,1,5,2
SF,IH2001,2019-11-26 09:32:52.400,2952.6000,856,0,13300320.000,0,-,-,-,-,2952.8000,2952.4000,2952.2000,2952.0000,2951.8000,2955.0000,2955.2000,2955.4000,2955.6000,2964.0000,1,1,1,3,1,5,1,2,1,5
SF,IH2001,2019-11-26 09:32:52.900,2952.6000,856,0,13300320.000,0,-,-,-,-,2953.0000,2952.8000,2952.4000,2952.2000,2952.0000,2955.0000,2955.2000,2955.4000,2955.6000,2964.0000,1,1,1,1,3,5,1,2,1,5
SF,IH2001,2019-11-26 09:32:53.400,2952.6000,856,0,13300320.000,0,-,-,-,-,2952.8000,2952.4000,2952.2000,2952.0000,2951.8000,2955.0000,2955.2000,2955.4000,2955.6000,2964.0000,1,1,1,3,1,5,1,2,1,5
SF,IH2001,2019-11-26 09:32:55.400,2952.6000,856,0,13300320.000,0,-,-,-,-,2952.8000,2952.4000,2952.2000,2952.0000,2951.8000,2955.0000,2955.4000,2955.6000,2964.0000,2964.8000,1,1,1,3,1,5,2,1,5,2
SF,IH2001,2019-11-26 09:32:56.400,2952.6000,856,0,13300320.000,0,-,-,-,-,2953.0000,2952.8000,2952.4000,2952.2000,2952.0000,2954.8000,2955.0000,2955.4000,2955.6000,2964.0000,1,1,1,1,3,1,5,2,1,5
SF,IH2001,2019-11-26 09:32:56.900,2952.6000,856,0,13300320.000,0,-,-,-,-,2953.0000,2952.8000,2952.4000,2952.2000,2952.0000,2954.6000,2954.8000,2955.4000,2955.6000,2964.0000,1,1,1,1,3,1,1,2,1,5
SF,IH2001,2019-11-26 09:32:57.400,2952.6000,856,0,13300320.000,0,-,-,-,-,2953.0000,2952.8000,2952.4000,2952.2000,2952.0000,2954.6000,2955.4000,2955.6000,2964.0000,2964.8000,1,1,1,1,3,1,2,1,5,2
SF,IH2001,2019-11-26 09:32:58.400,2952.6000,856,0,13300320.000,0,-,-,-,-,2953.0000,2952.8000,2952.4000,2952.0000,2951.8000,2954.6000,2955.4000,2955.6000,2964.0000,2964.8000,1,1,1,3,1,1,2,1,5,2
SF,IH2001,2019-11-26 09:32:58.900,2952.6000,856,0,13300320.000,0,-,-,-,-,2952.4000,2952.0000,2951.8000,2951.2000,2950.2000,2954.4000,2954.6000,2955.4000,2955.6000,2964.0000,1,3,1,1,1,5,1,2,1,5
SF,IH2001,2019-11-26 09:32:59.400,2952.6000,856,0,13300320.000,0,-,-,-,-,2952.6000,2952.4000,2952.0000,2951.8000,2951.2000,2954.2000,2954.4000,2955.4000,2955.6000,2964.0000,1,1,3,1,1,1,1,2,1,5
SF,IH2001,2019-11-26 09:32:59.900,2952.6000,856,0,13300320.000,0,-,-,-,-,2952.6000,2952.4000,2952.0000,2951.8000,2951.2000,2954.2000,2955.4000,2955.6000,2964.0000,2964.8000,1,1,3,1,1,1,2,1,5,2
SF,IH2001,2019-11-26 09:33:00.400,2952.6000,856,0,13300320.000,0,-,-,-,-,2952.6000,2952.4000,2952.0000,2951.8000,2951.2000,2954.2000,2955.4000,2955.6000,2964.0000,2964.8000,1,1,3,1,1,1,2,1,5,2
SF,IH2001,2019-11-26 09:33:00.900,2952.6000,856,0,13300320.000,0,-,-,-,-,2952.6000,2952.4000,2952.0000,2951.8000,2951.2000,2954.2000,2955.4000,2955.6000,2964.0000,2964.8000,1,1,3,1,1,1,2,1,5,2
SF,IH2001,2019-11-26 09:33:01.400,2952.6000,856,0,13300320.000,0,-,-,-,-,2952.4000,2952.0000,2951.8000,2951.2000,2950.2000,2954.2000,2955.4000,2955.6000,2964.0000,2964.8000,1,3,1,1,1,1,2,1,5,2
SF,IH2001,2019-11-26 09:33:01.900,2952.6000,856,0,13300320.000,0,-,-,-,-,2952.4000,2952.0000,2951.8000,2951.2000,2950.2000,2954.2000,2955.4000,2955.6000,2964.0000,2964.8000,1,2,1,1,1,1,2,1,5,2
SF,IH2001,2019-11-26 09:33:02.400,2952.6000,856,0,13300320.000,0,-,-,-,-,2952.6000,2952.0000,2951.8000,2951.2000,2950.2000,2954.2000,2955.4000,2955.6000,2964.0000,2964.8000,1,2,1,1,1,1,2,1,5,2
SF,IH2001,2019-11-26 09:33:02.900,2952.6000,856,0,13300320.000,0,-,-,-,-,2952.6000,2952.0000,2951.8000,2951.2000,2950.2000,2955.4000,2955.6000,2964.0000,2964.8000,2965.0000,1,2,1,1,1,2,1,5,2,1
SF,IH2001,2019-11-26 09:33:03.400,2952.6000,856,0,13300320.000,0,-,-,-,-,2952.0000,2951.8000,2951.2000,2950.2000,2945.0000,2954.8000,2955.2000,2955.4000,2955.6000,2964.0000,2,1,1,1,5,1,5,2,1,5
SF,IH2001,2019-11-26 09:33:03.900,2952.6000,856,0,13300320.000,0,-,-,-,-,2952.2000,2952.0000,2951.8000,2951.2000,2950.2000,2954.6000,2954.8000,2955.2000,2955.4000,2955.6000,2,3,1,1,1,7,1,4,2,1
SF,IH2001,2019-11-26 09:33:04.400,2952.6000,856,0,13300320.000,0,-,-,-,-,2952.2000,2952.0000,2951.8000,2951.2000,2950.2000,2954.6000,2955.2000,2955.4000,2955.6000,2958.0000,2,3,1,1,1,7,4,2,1,1
SF,IH2001,2019-11-26 09:33:04.900,2952.6000,856,0,13300320.000,0,-,-,-,-,2952.4000,2952.2000,2952.0000,2951.8000,2951.2000,2954.4000,2954.6000,2955.2000,2955.4000,2955.6000,1,2,3,1,1,1,7,4,2,1
SF,IH2001,2019-11-26 09:33:05.400,2952.6000,856,0,13300320.000,0,-,-,-,-,2952.6000,2952.4000,2952.2000,2952.0000,2951.8000,2954.6000,2955.2000,2955.4000,2955.6000,2958.0000,1,1,1,3,1,6,4,2,1,1
SF,IH2001,2019-11-26 09:33:05.900,2952.6000,856,0,13300320.000,0,-,-,-,-,2952.6000,2952.4000,2952.2000,2952.0000,2951.8000,2954.6000,2955.2000,2955.4000,2955.6000,2958.0000,1,1,1,3,1,2,4,2,1,1
SF,IH2001,2019-11-26 09:33:06.400,2952.6000,856,0,13300320.000,0,-,-,-,-,2952.6000,2952.4000,2952.2000,2952.0000,2951.8000,2954.4000,2954.6000,2955.2000,2955.4000,2955.6000,1,1,1,3,1,1,1,4,2,1
SF,IH2001,2019-11-26 09:33:07.400,2952.6000,856,0,13300320.000,0,-,-,-,-,2952.8000,2952.6000,2952.4000,2952.2000,2952.0000,2954.4000,2954.6000,2955.2000,2955.4000,2955.6000,1,1,1,1,3,1,1,4,2,1
SF,IH2001,2019-11-26 09:33:07.900,2952.6000,856,0,13300320.000,0,-,-,-,-,2953.0000,2952.8000,2952.2000,2952.0000,2951.8000,2954.4000,2954.6000,2955.2000,2955.4000,2955.6000,1,1,1,3,1,1,1,4,2,1
SF,IH2001,2019-11-26 09:33:08.400,2952.6000,856,0,13300320.000,0,-,-,-,-,2953.2000,2953.0000,2952.8000,2952.2000,2952.0000,2955.2000,2955.4000,2955.6000,2958.0000,2964.0000,1,1,1,1,3,4,2,1,1,5
SF,IH2001,2019-11-26 09:33:08.900,2952.6000,856,0,13300320.000,0,-,-,-,-,2953.2000,2952.8000,2952.2000,2952.0000,2951.8000,2955.0000,2955.2000,2955.4000,2955.6000,2958.0000,1,1,1,3,1,2,4,2,1,1
SF,IH2001,2019-11-26 09:33:09.400,2952.6000,856,0,13300320.000,0,-,-,-,-,2952.8000,2952.2000,2952.0000,2951.8000,2951.2000,2955.0000,2955.2000,2955.4000,2955.6000,2958.0000,1,1,3,1,1,1,4,2,1,1
SF,IH2001,2019-11-26 09:33:09.900,2952.6000,856,0,13300320.000,0,-,-,-,-,2953.0000,2952.8000,2952.2000,2952.0000,2951.8000,2955.0000,2955.2000,2955.4000,2955.6000,2958.0000,2,1,1,3,1,1,4,2,1,1
SF,IH2001,2019-11-26 09:33:11.900,2952.6000,856,0,13300320.000,0,-,-,-,-,2953.0000,2952.8000,2952.2000,2952.0000,2951.8000,2955.0000,2955.4000,2955.6000,2958.0000,2964.0000,2,1,1,3,1,1,2,1,1,5
SF,IH2001,2019-11-26 09:33:13.400,2952.6000,856,0,13300320.000,0,-,-,-,-,2953.2000,2953.0000,2952.8000,2952.2000,2952.0000,2955.0000,2955.4000,2955.6000,2958.0000,2964.0000,1,2,1,1,3,1,2,1,1,5
SF,IH2001,2019-11-26 09:33:13.900,2952.6000,856,0,13300320.000,0,-,-,-,-,2953.4000,2953.2000,2953.0000,2952.8000,2952.2000,2955.0000,2955.4000,2955.6000,2958.0000,2964.0000,1,1,1,1,1,1,2,1,1,5
SF,IH2001,2019-11-26 09:33:17.900,2952.6000,856,0,13300320.000,0,-,-,-,-,2953.4000,2953.2000,2953.0000,2952.8000,2952.2000,2955.0000,2955.6000,2958.0000,2964.0000,2964.8000,1,1,1,1,1,1,1,1,5,2
SF,IH2001,2019-11-26 09:33:18.400,2955.0000,855,-1,14186820.000,1,0,1,双平,S,2953.6000,2953.2000,2952.8000,2952.2000,2952.0000,2955.6000,2958.0000,2964.0000,2964.8000,2965.0000,1,1,1,1,3,1,1,5,2,1
SF,IH2001,2019-11-26 09:33:18.900,2955.0000,855,0,14186820.000,0,-,-,-,-,2954.0000,2953.8000,2953.6000,2953.2000,2952.8000,2958.0000,2964.0000,2964.8000,2965.0000,2971.2000,1,1,1,1,1,1,5,2,1,1
SF,IH2001,2019-11-26 09:33:19.400,2955.0000,855,0,14186820.000,0,-,-,-,-,2954.2000,2954.0000,2953.6000,2953.2000,2952.8000,2956.8000,2957.8000,2958.0000,2964.0000,2964.8000,2,1,1,1,1,2,5,1,5,2
SF,IH2001,2019-11-26 09:33:19.900,2955.0000,855,0,14186820.000,0,-,-,-,-,2954.2000,2953.6000,2953.2000,2952.8000,2952.0000,2956.6000,2956.8000,2957.8000,2958.0000,2964.0000,2,1,1,1,3,3,1,4,1,5
SF,IH2001,2019-11-26 09:33:21.900,2955.0000,855,0,14186820.000,0,-,-,-,-,2954.2000,2953.6000,2953.2000,2952.8000,2952.0000,2956.6000,2957.8000,2958.0000,2964.0000,2964.8000,2,1,1,1,3,3,4,1,5,2
SF,IH2001,2019-11-26 09:33:22.400,2955.0000,855,0,14186820.000,0,-,-,-,-,2954.6000,2954.2000,2953.6000,2953.2000,2952.8000,2956.6000,2957.8000,2958.0000,2964.0000,2964.8000,1,2,1,1,1,2,4,1,5,2
SF,IH2001,2019-11-26 09:33:22.900,2955.0000,855,0,14186820.000,0,-,-,-,-,2954.8000,2954.6000,2954.2000,2953.6000,2953.2000,2956.4000,2956.6000,2957.8000,2958.0000,2964.0000,1,1,1,1,1,1,2,4,1,5
SF,IH2001,2019-11-26 09:33:23.900,2955.0000,855,0,14186820.000,0,-,-,-,-,2954.8000,2954.6000,2954.2000,2953.6000,2953.2000,2956.4000,2956.6000,2957.8000,2958.0000,2964.0000,1,1,1,1,1,1,1,4,1,5
SF,IH2001,2019-11-26 09:33:24.400,2955.0000,855,0,14186820.000,0,-,-,-,-,2954.8000,2954.6000,2954.2000,2953.6000,2953.2000,2956.6000,2957.8000,2958.0000,2964.0000,2964.8000,1,1,1,1,1,1,4,1,5,2
SF,IH2001,2019-11-26 09:33:24.900,2955.0000,855,0,14186820.000,0,-,-,-,-,2954.8000,2954.6000,2954.2000,2953.6000,2953.2000,2956.4000,2956.6000,2957.8000,2958.0000,2964.0000,1,1,1,1,1,1,1,4,1,5
SF,IH2001,2019-11-26 09:33:29.900,2955.0000,855,0,14186820.000,0,-,-,-,-,2955.2000,2954.8000,2954.6000,2954.2000,2953.6000,2956.4000,2956.6000,2957.8000,2958.0000,2964.0000,1,1,1,1,1,1,1,4,1,5
SF,IH2001,2019-11-26 09:33:30.400,2955.0000,855,0,14186820.000,0,-,-,-,-,2955.2000,2954.2000,2953.6000,2953.2000,2952.8000,2956.4000,2956.6000,2957.8000,2958.0000,2964.0000,1,1,1,1,1,1,1,4,1,5
SF,IH2001,2019-11-26 09:33:36.900,2955.0000,855,0,14186820.000,0,-,-,-,-,2955.2000,2954.2000,2953.6000,2953.2000,2952.8000,2956.2000,2956.4000,2956.6000,2957.8000,2958.0000,1,1,1,1,1,1,1,1,4,1
SF,IH2001,2019-11-26 09:33:37.900,2955.0000,855,0,14186820.000,0,-,-,-,-,2955.2000,2954.2000,2953.6000,2953.2000,2952.8000,2956.4000,2956.6000,2957.8000,2958.0000,2964.0000,1,1,1,1,1,1,1,4,1,5
SF,IH2001,2019-11-26 09:33:40.400,2955.0000,855,0,14186820.000,0,-,-,-,-,2955.2000,2954.2000,2953.6000,2953.2000,2952.8000,2956.2000,2956.4000,2956.6000,2957.8000,2958.0000,1,1,1,1,1,1,1,1,4,1
SF,IH2001,2019-11-26 09:33:40.900,2955.2000,854,-1,15073380.000,1,0,1,双平,S,2954.2000,2953.6000,2953.2000,2952.8000,2952.0000,2956.6000,2957.8000,2958.0000,2964.0000,2964.8000,1,1,1,1,3,1,4,1,5,2
SF,IH2001,2019-11-26 09:33:41.400,2955.2000,854,0,15073380.000,0,-,-,-,-,2954.4000,2954.2000,2953.6000,2953.2000,2952.8000,2956.4000,2956.6000,2957.8000,2958.0000,2964.0000,1,1,1,1,1,2,1,4,1,5
SF,IH2001,2019-11-26 09:33:41.900,2955.2000,854,0,15073380.000,0,-,-,-,-,2954.4000,2954.2000,2953.6000,2953.2000,2952.8000,2956.4000,2956.6000,2957.8000,2958.0000,2964.0000,1,1,1,1,1,2,1,4,1,5
SF,IH2001,2019-11-26 09:33:42.400,2955.2000,854,0,15073380.000,0,-,-,-,-,2954.4000,2954.2000,2953.6000,2953.2000,2952.8000,2956.2000,2956.4000,2956.6000,2957.8000,2958.0000,1,1,1,1,1,1,2,1,4,1
SF,IH2001,2019-11-26 09:33:42.900,2955.2000,854,0,15073380.000,0,-,-,-,-,2954.4000,2953.6000,2953.2000,2952.8000,2952.0000,2956.2000,2956.4000,2956.6000,2957.8000,2958.0000,1,1,1,1,3,1,2,1,4,1
SF,IH2001,2019-11-26 09:33:43.400,2955.2000,854,0,15073380.000,0,-,-,-,-,2954.4000,2953.6000,2953.2000,2952.8000,2952.0000,2956.0000,2956.2000,2956.4000,2956.6000,2957.8000,1,1,1,1,3,2,1,2,1,4
SF,IH2001,2019-11-26 09:33:44.400,2955.2000,854,0,15073380.000,0,-,-,-,-,2954.4000,2953.6000,2953.2000,2952.8000,2952.0000,2956.2000,2956.4000,2956.6000,2957.8000,2958.0000,1,1,1,1,3,1,2,1,4,1
SF,IH2001,2019-11-26 09:33:44.900,2955.2000,854,0,15073380.000,0,-,-,-,-,2954.4000,2953.6000,2953.2000,2952.8000,2952.0000,2956.2000,2956.4000,2956.6000,2957.8000,2958.0000,1,1,1,1,3,1,2,1,4,1
SF,IH2001,2019-11-26 09:33:45.400,2955.2000,854,0,15073380.000,0,-,-,-,-,2954.4000,2953.6000,2953.2000,2952.8000,2952.0000,2956.2000,2956.4000,2956.6000,2957.8000,2958.0000,1,1,1,1,3,1,1,1,4,1
SF,IH2001,2019-11-26 09:33:45.900,2955.2000,854,0,15073380.000,0,-,-,-,-,2954.4000,2953.6000,2953.2000,2952.8000,2952.0000,2956.2000,2956.4000,2956.6000,2957.8000,2958.0000,1,1,1,1,3,1,1,1,4,1
SF,IH2001,2019-11-26 09:33:46.400,2955.2000,854,0,15073380.000,0,-,-,-,-,2955.4000,2953.6000,2953.2000,2952.8000,2952.0000,2956.0000,2956.2000,2956.4000,2956.6000,2957.8000,1,1,1,1,3,3,1,1,1,4
SF,IH2001,2019-11-26 09:33:46.900,2955.2000,853,-1,15959940.000,1,0,1,双平,S,2953.2000,2952.8000,2952.0000,2950.2000,2945.0000,2955.8000,2956.0000,2956.2000,2956.6000,2957.8000,1,1,3,1,5,1,2,1,1,4
SF,IH2001,2019-11-26 09:33:47.400,2955.2000,853,0,15959940.000,0,-,-,-,-,2953.4000,2952.8000,2952.0000,2950.2000,2945.0000,2955.0000,2955.4000,2955.6000,2955.8000,2956.0000,2,1,3,1,5,1,1,1,1,3
SF,IH2001,2019-11-26 09:33:47.900,2955.0000,852,-1,16846440.000,1,0,1,双平,S,2953.4000,2952.8000,2952.0000,2950.2000,2945.0000,2955.8000,2956.0000,2956.2000,2956.6000,2957.8000,1,1,3,1,5,1,3,1,1,4
SF,IH2001,2019-11-26 09:33:48.400,2955.0000,852,0,16846440.000,0,-,-,-,-,2953.6000,2953.4000,2952.8000,2952.0000,2950.2000,2955.6000,2955.8000,2956.0000,2956.2000,2956.6000,1,1,1,3,1,2,1,3,1,1
SF,IH2001,2019-11-26 09:33:48.900,2955.0000,852,0,16846440.000,0,-,-,-,-,2953.6000,2953.4000,2952.8000,2952.0000,2950.2000,2955.6000,2955.8000,2956.0000,2956.2000,2956.6000,1,1,1,3,1,1,1,3,1,1
SF,IH2001,2019-11-26 09:33:49.400,2955.0000,852,0,16846440.000,0,-,-,-,-,2953.6000,2952.8000,2952.0000,2950.2000,2946.8000,2955.4000,2955.6000,2955.8000,2956.0000,2956.2000,1,1,3,1,1,2,1,1,3,1
SF,IH2001,2019-11-26 09:33:50.900,2955.0000,852,0,16846440.000,0,-,-,-,-,2953.6000,2952.8000,2952.0000,2950.2000,2946.8000,2955.4000,2955.8000,2956.0000,2956.2000,2956.6000,1,1,3,1,1,2,1,3,1,1
SF,IH2001,2019-11-26 09:33:51.400,2955.0000,852,0,16846440.000,0,-,-,-,-,2953.6000,2952.8000,2952.0000,2950.2000,2946.8000,2955.8000,2956.0000,2956.2000,2956.6000,2957.8000,1,1,3,1,1,1,3,1,1,4
SF,IH2001,2019-11-26 09:33:51.900,2955.0000,852,0,16846440.000,0,-,-,-,-,2953.6000,2952.8000,2952.0000,2950.2000,2946.8000,2955.6000,2955.8000,2956.0000,2956.2000,2956.6000,1,1,3,1,1,1,1,3,1,1
SF,IH2001,2019-11-26 09:33:52.400,2955.0000,852,0,16846440.000,0,-,-,-,-,2953.6000,2952.8000,2952.0000,2950.2000,2946.8000,2956.0000,2956.2000,2956.6000,2957.8000,2958.0000,1,1,3,1,1,1,1,1,4,1
SF,IH2001,2019-11-26 09:33:52.900,2955.0000,852,0,16846440.000,0,-,-,-,-,2953.8000,2953.6000,2952.8000,2952.0000,2950.2000,2956.2000,2956.6000,2957.8000,2958.0000,2964.0000,2,1,1,3,1,1,1,4,1,5
SF,IH2001,2019-11-26 09:33:53.400,2955.0000,852,0,16846440.000,0,-,-,-,-,2954.0000,2953.8000,2952.8000,2952.0000,2950.2000,2956.2000,2956.6000,2957.8000,2958.0000,2964.0000,1,2,1,3,1,1,1,4,1,5
SF,IH2001,2019-11-26 09:33:53.900,2955.0000,852,0,16846440.000,0,-,-,-,-,2954.2000,2954.0000,2953.8000,2952.8000,2952.0000,2956.2000,2956.6000,2957.8000,2958.0000,2964.0000,1,1,2,1,3,1,1,4,1,5
SF,IH2001,2019-11-26 09:33:54.400,2955.0000,852,0,16846440.000,0,-,-,-,-,2954.2000,2954.0000,2953.8000,2952.8000,2952.0000,2956.0000,2956.2000,2956.6000,2957.8000,2958.0000,1,1,1,1,3,1,1,1,4,1
SF,IH2001,2019-11-26 09:33:54.900,2955.0000,852,0,16846440.000,0,-,-,-,-,2954.0000,2953.8000,2952.8000,2952.0000,2950.2000,2956.0000,2956.2000,2956.6000,2957.8000,2958.0000,1,1,1,3,1,1,1,1,4,1
SF,IH2001,2019-11-26 09:33:55.400,2955.0000,852,0,16846440.000,0,-,-,-,-,2954.2000,2954.0000,2953.8000,2952.8000,2952.0000,2956.0000,2956.2000,2956.6000,2957.8000,2958.0000,1,1,1,1,3,1,1,1,4,1
SF,IH2001,2019-11-26 09:33:55.900,2955.0000,852,0,16846440.000,0,-,-,-,-,2954.2000,2953.8000,2952.8000,2952.0000,2950.2000,2956.0000,2956.2000,2956.6000,2957.8000,2958.0000,1,1,1,3,1,1,1,1,4,1
SF,IH2001,2019-11-26 09:33:59.900,2955.0000,852,0,16846440.000,0,-,-,-,-,2954.2000,2953.8000,2952.8000,2952.0000,2950.2000,2956.0000,2956.2000,2956.6000,2957.8000,2958.0000,2,1,1,3,1,1,1,1,4,1
SF,IH2001,2019-11-26 09:34:00.400,2955.0000,852,0,16846440.000,0,-,-,-,-,2954.4000,2954.2000,2953.8000,2952.8000,2952.0000,2956.2000,2956.6000,2957.8000,2958.0000,2964.0000,1,2,1,1,3,1,1,4,1,5
SF,IH2001,2019-11-26 09:34:02.400,2955.0000,852,0,16846440.000,0,-,-,-,-,2954.4000,2954.2000,2953.8000,2952.8000,2952.0000,2956.6000,2957.8000,2958.0000,2964.0000,2964.8000,1,2,1,1,3,1,4,1,5,2
SF,IH2001,2019-11-26 09:34:02.900,2956.6000,851,-1,17733420.000,1,0,1,双平,S,2954.2000,2953.8000,2952.8000,2952.0000,2950.2000,2957.8000,2958.0000,2964.0000,2964.8000,2965.0000,2,1,1,3,1,4,1,5,2,1
SF,IH2001,2019-11-26 09:34:03.400,2956.6000,851,0,17733420.000,0,-,-,-,-,2954.6000,2954.4000,2954.2000,2953.8000,2952.8000,2957.6000,2957.8000,2958.0000,2964.0000,2964.8000,1,2,2,1,1,2,4,1,5,2
SF,IH2001,2019-11-26 09:34:03.900,2956.6000,851,0,17733420.000,0,-,-,-,-,2954.8000,2954.6000,2954.4000,2954.2000,2953.8000,2957.4000,2957.6000,2957.8000,2958.0000,2964.0000,1,1,1,1,1,1,1,4,1,5
SF,IH2001,2019-11-26 09:34:04.400,2956.6000,851,0,17733420.000,0,-,-,-,-,2955.2000,2954.8000,2954.6000,2954.4000,2954.2000,2957.4000,2957.6000,2957.8000,2958.0000,2964.0000,1,1,1,1,1,2,1,4,1,5
SF,IH2001,2019-11-26 09:34:04.900,2956.6000,851,0,17733420.000,0,-,-,-,-,2955.2000,2954.6000,2954.4000,2954.2000,2953.8000,2957.4000,2957.6000,2957.8000,2958.0000,2964.0000,1,1,1,1,1,1,1,4,1,5
SF,IH2001,2019-11-26 09:34:05.400,2956.6000,851,0,17733420.000,0,-,-,-,-,2955.4000,2955.2000,2954.6000,2954.4000,2954.2000,2957.4000,2957.6000,2957.8000,2958.0000,2964.0000,1,1,1,1,1,1,1,4,1,5
SF,IH2001,2019-11-26 09:34:06.400,2956.6000,851,0,17733420.000,0,-,-,-,-,2955.4000,2955.2000,2954.6000,2954.4000,2954.2000,2957.4000,2957.6000,2958.0000,2964.0000,2964.8000,1,1,1,1,1,1,1,1,5,2
SF,IH2001,2019-11-26 09:34:06.900,2956.6000,851,0,17733420.000,0,-,-,-,-,2955.4000,2955.2000,2954.6000,2954.4000,2954.2000,2957.6000,2958.0000,2964.0000,2964.8000,2965.0000,1,1,1,1,1,1,1,5,2,1
SF,IH2001,2019-11-26 09:34:07.400,2956.6000,851,0,17733420.000,0,-,-,-,-,2955.6000,2955.4000,2955.2000,2954.6000,2954.4000,2957.4000,2958.0000,2964.0000,2964.8000,2965.0000,1,1,1,1,1,1,1,5,2,1
SF,IH2001,2019-11-26 09:34:07.900,2956.6000,851,0,17733420.000,0,-,-,-,-,2955.8000,2954.6000,2954.4000,2954.2000,2953.8000,2958.0000,2964.0000,2964.8000,2965.0000,2971.2000,1,1,1,1,1,1,5,2,1,1
SF,IH2001,2019-11-26 09:34:08.400,2956.6000,851,0,17733420.000,0,-,-,-,-,2955.8000,2954.6000,2954.4000,2954.2000,2953.8000,2957.8000,2958.0000,2964.0000,2964.8000,2965.0000,1,1,1,1,1,2,1,5,2,1
SF,IH2001,2019-11-26 09:34:08.900,2956.6000,851,0,17733420.000,0,-,-,-,-,2955.8000,2954.6000,2954.4000,2954.2000,2953.8000,2957.8000,2958.0000,2964.0000,2964.8000,2965.0000,1,1,1,1,1,1,1,5,2,1
SF,IH2001,2019-11-26 09:34:09.400,2956.6000,851,0,17733420.000,0,-,-,-,-,2955.8000,2954.6000,2954.4000,2954.2000,2953.8000,2957.8000,2958.0000,2964.0000,2964.8000,2965.0000,1,1,1,1,1,1,1,5,2,1
SF,IH2001,2019-11-26 09:34:09.900,2956.6000,851,0,17733420.000,0,-,-,-,-,2955.8000,2954.6000,2954.4000,2954.2000,2953.8000,2957.8000,2958.0000,2964.0000,2964.8000,2965.0000,1,1,1,1,1,1,1,5,2,1
SF,IH2001,2019-11-26 09:34:10.400,2956.6000,851,0,17733420.000,0,-,-,-,-,2955.8000,2954.6000,2954.4000,2954.2000,2953.8000,2957.8000,2958.0000,2964.0000,2964.8000,2965.0000,1,1,1,1,1,1,1,5,2,1
SF,IH2001,2019-11-26 09:34:14.900,2956.6000,851,0,17733420.000,0,-,-,-,-,2955.8000,2954.6000,2954.4000,2954.2000,2953.8000,2957.8000,2958.0000,2964.0000,2964.8000,2965.0000,1,1,1,1,1,1,1,5,2,1
SF,IH2001,2019-11-26 09:34:15.400,2956.6000,851,0,17733420.000,0,-,-,-,-,2956.0000,2955.8000,2954.6000,2954.4000,2954.2000,2957.8000,2958.0000,2964.0000,2964.8000,2965.0000,2,1,1,1,1,1,1,5,2,1
SF,IH2001,2019-11-26 09:34:15.900,2956.6000,851,0,17733420.000,0,-,-,-,-,2954.6000,2954.4000,2954.2000,2953.8000,2952.8000,2957.8000,2958.0000,2964.0000,2964.8000,2965.0000,1,1,1,1,1,1,1,5,2,1
SF,IH2001,2019-11-26 09:34:16.400,2956.6000,851,0,17733420.000,0,-,-,-,-,2956.2000,2954.8000,2954.6000,2954.4000,2954.2000,2958.0000,2964.0000,2964.8000,2965.0000,2971.2000,1,1,1,1,1,1,5,2,1,1
SF,IH2001,2019-11-26 09:34:16.900,2956.6000,851,0,17733420.000,0,-,-,-,-,2956.2000,2954.8000,2954.6000,2954.4000,2954.2000,2957.8000,2958.0000,2964.0000,2964.8000,2965.0000,1,1,1,1,1,1,1,5,2,1
SF,IH2001,2019-11-26 09:34:17.400,2956.6000,851,0,17733420.000,0,-,-,-,-,2956.4000,2956.2000,2954.8000,2954.6000,2954.4000,2957.8000,2958.0000,2964.0000,2964.8000,2965.0000,1,1,1,1,1,1,1,5,2,1
SF,IH2001,2019-11-26 09:34:17.900,2956.6000,851,0,17733420.000,0,-,-,-,-,2956.2000,2954.8000,2954.6000,2954.4000,2954.2000,2957.8000,2958.0000,2964.0000,2964.8000,2965.0000,1,1,1,1,1,1,1,5,2,1
SF,IH2001,2019-11-26 09:34:18.400,2956.6000,851,0,17733420.000,0,-,-,-,-,2956.4000,2956.2000,2954.8000,2954.6000,2954.4000,2957.8000,2958.0000,2964.0000,2964.8000,2965.0000,1,1,1,1,1,1,1,5,2,1
SF,IH2001,2019-11-26 09:34:18.900,2956.6000,851,0,17733420.000,0,-,-,-,-,2956.2000,2954.8000,2954.6000,2954.4000,2954.2000,2957.8000,2958.0000,2964.0000,2964.8000,2965.0000,1,1,1,1,1,1,1,5,2,1
SF,IH2001,2019-11-26 09:34:19.400,2956.6000,851,0,17733420.000,0,-,-,-,-,2956.4000,2956.2000,2954.8000,2954.6000,2954.4000,2958.0000,2964.0000,2964.8000,2965.0000,2971.2000,2,1,1,1,1,1,5,2,1,1
SF,IH2001,2019-11-26 09:34:19.900,2956.6000,851,0,17733420.000,0,-,-,-,-,2956.4000,2954.8000,2954.6000,2954.4000,2954.2000,2958.0000,2964.0000,2964.8000,2965.0000,2971.2000,2,1,1,1,1,1,5,2,1,1
SF,IH2001,2019-11-26 09:34:20.400,2956.6000,851,0,17733420.000,0,-,-,-,-,2956.6000,2956.4000,2954.8000,2954.6000,2954.4000,2957.8000,2958.0000,2964.0000,2964.8000,2965.0000,1,1,1,1,1,1,1,5,2,1
SF,IH2001,2019-11-26 09:34:20.900,2956.6000,851,0,17733420.000,0,-,-,-,-,2956.6000,2956.0000,2954.8000,2954.6000,2954.4000,2957.8000,2958.0000,2964.0000,2964.8000,2965.0000,1,1,1,1,1,1,1,5,2,1
SF,IH2001,2019-11-26 09:34:21.400,2956.6000,851,0,17733420.000,0,-,-,-,-,2956.0000,2954.8000,2954.6000,2954.4000,2954.2000,2957.8000,2958.0000,2964.0000,2964.8000,2965.0000,1,1,1,1,1,1,1,5,2,1
SF,IH2001,2019-11-26 09:34:21.900,2956.6000,851,0,17733420.000,0,-,-,-,-,2956.2000,2956.0000,2954.8000,2954.6000,2954.4000,2958.0000,2964.0000,2964.8000,2965.0000,2971.2000,2,1,1,1,1,1,5,2,1,1
SF,IH2001,2019-11-26 09:34:22.400,2956.6000,851,0,17733420.000,0,-,-,-,-,2956.2000,2956.0000,2954.8000,2954.6000,2954.4000,2958.0000,2964.0000,2964.8000,2965.0000,2971.2000,1,1,1,1,1,1,5,2,1,1
SF,IH2001,2019-11-26 09:34:22.900,2956.6000,851,0,17733420.000,0,-,-,-,-,2956.2000,2956.0000,2954.8000,2954.6000,2954.4000,2958.0000,2964.0000,2964.8000,2965.0000,2971.2000,1,1,1,1,1,1,5,2,1,1
SF,IH2001,2019-11-26 09:34:23.400,2956.6000,851,0,17733420.000,0,-,-,-,-,2956.2000,2956.0000,2954.8000,2954.6000,2954.4000,2958.0000,2964.0000,2964.8000,2965.0000,2971.2000,1,1,1,1,1,1,5,2,1,1
SF,IH2001,2019-11-26 09:34:23.900,2956.6000,851,0,17733420.000,0,-,-,-,-,2956.2000,2956.0000,2954.8000,2954.6000,2954.4000,2958.0000,2964.0000,2964.8000,2965.0000,2971.2000,1,1,1,1,1,1,5,2,1,1
SF,IH2001,2019-11-26 09:34:24.400,2956.6000,851,0,17733420.000,0,-,-,-,-,2956.4000,2956.2000,2956.0000,2954.8000,2954.6000,2958.0000,2964.0000,2964.8000,2965.0000,2971.2000,1,1,1,1,1,1,5,2,1,1
SF,IH2001,2019-11-26 09:34:24.900,2956.6000,851,0,17733420.000,0,-,-,-,-,2956.6000,2956.4000,2956.0000,2954.8000,2954.6000,2958.0000,2964.0000,2964.8000,2965.0000,2971.2000,1,1,1,1,1,1,5,2,1,1
SF,IH2001,2019-11-26 09:34:25.400,2956.6000,851,0,17733420.000,0,-,-,-,-,2956.6000,2956.4000,2956.0000,2954.8000,2954.6000,2958.0000,2964.0000,2964.8000,2965.0000,2971.2000,1,1,1,1,1,1,5,2,1,1
SF,IH2001,2019-11-26 09:34:25.900,2956.6000,851,0,17733420.000,0,-,-,-,-,2956.6000,2956.4000,2956.0000,2954.8000,2954.6000,2958.0000,2964.0000,2964.8000,2965.0000,2971.2000,1,1,1,1,1,1,5,2,1,1
SF,IH2001,2019-11-26 09:34:26.400,2956.6000,851,0,17733420.000,0,-,-,-,-,2956.6000,2956.4000,2956.0000,2954.8000,2954.6000,2958.0000,2964.0000,2964.8000,2965.0000,2971.2000,1,1,1,1,1,1,5,2,1,1
SF,IH2001,2019-11-26 09:34:26.900,2956.6000,851,0,17733420.000,0,-,-,-,-,2956.6000,2956.4000,2956.0000,2954.8000,2954.6000,2958.0000,2964.0000,2964.8000,2965.0000,2971.2000,1,1,1,1,1,1,5,2,1,1
SF,IH2001,2019-11-26 09:34:27.400,2956.6000,851,0,17733420.000,0,-,-,-,-,2956.6000,2956.0000,2954.8000,2954.6000,2954.4000,2958.0000,2964.0000,2964.8000,2965.0000,2971.2000,1,1,1,1,1,1,5,2,1,1
SF,IH2001,2019-11-26 09:34:27.900,2956.6000,851,0,17733420.000,0,-,-,-,-,2956.6000,2956.0000,2954.8000,2954.6000,2954.4000,2958.0000,2964.0000,2964.8000,2965.0000,2971.2000,1,1,1,1,1,1,5,2,1,1
SF,IH2001,2019-11-26 09:34:28.400,2956.6000,851,0,17733420.000,0,-,-,-,-,2956.6000,2956.0000,2954.8000,2954.6000,2954.4000,2958.0000,2964.0000,2964.8000,2965.0000,2971.2000,1,1,1,1,1,1,5,2,1,1
SF,IH2001,2019-11-26 09:34:28.900,2956.6000,851,0,17733420.000,0,-,-,-,-,2956.6000,2956.0000,2954.8000,2954.6000,2954.4000,2958.0000,2964.0000,2964.8000,2965.0000,2971.2000,1,1,1,1,1,1,5,2,1,1
SF,IH2001,2019-11-26 09:34:29.400,2956.6000,851,0,17733420.000,0,-,-,-,-,2956.6000,2956.0000,2954.8000,2954.6000,2954.4000,2958.0000,2964.0000,2964.8000,2965.0000,2971.2000,1,1,1,1,1,1,5,2,1,1
SF,IH2001,2019-11-26 09:34:29.900,2956.6000,851,0,17733420.000,0,-,-,-,-,2956.6000,2956.0000,2954.8000,2954.6000,2954.4000,2958.0000,2964.0000,2964.8000,2965.0000,2971.2000,1,1,1,1,1,1,5,2,1,1
SF,IH2001,2019-11-26 09:34:30.400,2956.6000,851,0,17733420.000,0,-,-,-,-,2956.8000,2956.6000,2956.0000,2954.8000,2954.6000,2958.0000,2964.0000,2964.8000,2965.0000,2971.2000,1,1,1,1,1,1,5,2,1,1
SF,IH2001,2019-11-26 09:34:30.900,2956.6000,851,0,17733420.000,0,-,-,-,-,2956.8000,2956.0000,2954.8000,2954.6000,2954.4000,2957.8000,2958.0000,2964.0000,2964.8000,2965.0000,1,1,1,1,1,1,1,5,2,1
SF,IH2001,2019-11-26 09:34:32.400,2956.6000,851,0,17733420.000,0,-,-,-,-,2956.8000,2956.0000,2954.8000,2954.6000,2954.4000,2957.6000,2957.8000,2958.0000,2964.0000,2964.8000,1,1,1,1,1,1,1,1,5,2
SF,IH2001,2019-11-26 09:34:32.900,2956.6000,851,0,17733420.000,0,-,-,-,-,2956.8000,2956.0000,2954.8000,2954.6000,2954.4000,2957.4000,2957.6000,2958.0000,2964.0000,2964.8000,1,1,1,1,1,1,1,1,5,2
SF,IH2001,2019-11-26 09:34:34.400,2956.6000,851,0,17733420.000,0,-,-,-,-,2956.8000,2956.0000,2954.8000,2954.6000,2954.4000,2957.4000,2958.0000,2964.0000,2964.8000,2965.0000,1,1,1,1,1,1,1,5,2,1
SF,IH2001,2019-11-26 09:34:37.900,2956.6000,851,0,17733420.000,0,-,-,-,-,2956.8000,2956.0000,2954.6000,2954.4000,2954.2000,2957.4000,2958.0000,2964.0000,2964.8000,2965.0000,1,1,1,1,1,1,1,5,2,1
SF,IH2001,2019-11-26 09:34:38.400,2956.6000,851,0,17733420.000,0,-,-,-,-,2956.8000,2956.0000,2954.6000,2954.4000,2954.2000,2958.0000,2964.0000,2964.8000,2965.0000,2971.2000,1,1,1,1,1,1,5,2,1,1
SF,IH2001,2019-11-26 09:34:38.900,2956.6000,851,0,17733420.000,0,-,-,-,-,2957.0000,2956.8000,2956.0000,2954.6000,2954.4000,2958.0000,2964.0000,2964.8000,2965.0000,2971.2000,1,1,1,1,1,1,5,2,1,1
SF,IH2001,2019-11-26 09:34:39.400,2956.6000,851,0,17733420.000,0,-,-,-,-,2957.0000,2956.8000,2956.0000,2954.6000,2954.4000,2958.0000,2964.0000,2964.8000,2965.0000,2971.2000,1,1,1,1,1,1,5,2,1,1
SF,IH2001,2019-11-26 09:34:41.400,2956.6000,851,0,17733420.000,0,-,-,-,-,2957.0000,2956.8000,2956.0000,2954.6000,2954.4000,2958.0000,2964.0000,2964.8000,2965.0000,2971.2000,1,1,1,1,1,2,5,2,1,1
SF,IH2001,2019-11-26 09:34:41.900,2956.6000,851,0,17733420.000,0,-,-,-,-,2956.8000,2956.0000,2954.6000,2954.4000,2954.2000,2957.8000,2958.0000,2964.0000,2964.8000,2965.0000,1,1,1,1,1,1,2,5,2,1
SF,IH2001,2019-11-26 09:34:42.400,2956.6000,851,0,17733420.000,0,-,-,-,-,2956.8000,2956.0000,2954.6000,2954.4000,2954.2000,2957.8000,2958.0000,2964.0000,2964.8000,2965.0000,1,1,1,1,1,7,2,5,2,1
SF,IH2001,2019-11-26 09:34:42.900,2956.6000,851,0,17733420.000,0,-,-,-,-,2956.8000,2956.0000,2954.6000,2954.4000,2954.2000,2957.8000,2958.0000,2964.0000,2964.8000,2965.0000,1,1,1,1,1,3,2,5,2,1
SF,IH2001,2019-11-26 09:34:43.400,2956.8000,850,-1,18620460.000,1,0,1,双平,S,2956.0000,2954.6000,2954.4000,2954.2000,2953.8000,2957.8000,2958.0000,2964.0000,2964.8000,2965.0000,1,1,1,1,1,3,2,5,2,1
SF,IH2001,2019-11-26 09:34:43.900,2956.8000,850,0,18620460.000,0,-,-,-,-,2956.2000,2956.0000,2954.6000,2954.4000,2954.2000,2957.8000,2958.0000,2964.0000,2964.8000,2965.0000,1,1,1,1,1,2,2,5,2,1
SF,IH2001,2019-11-26 09:34:45.900,2956.8000,850,0,18620460.000,0,-,-,-,-,2956.2000,2956.0000,2954.6000,2954.4000,2954.2000,2957.8000,2958.0000,2964.0000,2964.8000,2965.0000,1,1,1,1,1,2,1,5,2,1
SF,IH2001,2019-11-26 09:34:48.400,2956.8000,850,0,18620460.000,0,-,-,-,-,2956.2000,2956.0000,2954.6000,2954.4000,2954.2000,2957.6000,2957.8000,2958.0000,2964.0000,2964.8000,1,1,1,1,1,1,2,1,5,2
SF,IH2001,2019-11-26 09:34:48.900,2956.8000,850,0,18620460.000,0,-,-,-,-,2956.2000,2956.0000,2954.6000,2954.4000,2954.2000,2957.4000,2957.6000,2957.8000,2958.0000,2964.0000,1,1,1,1,1,1,1,2,1,5
SF,IH2001,2019-11-26 09:34:50.400,2956.8000,850,0,18620460.000,0,-,-,-,-,2956.2000,2956.0000,2954.6000,2954.4000,2954.2000,2957.4000,2957.8000,2958.0000,2964.0000,2964.8000,1,1,1,1,1,1,2,1,5,2
SF,IH2001,2019-11-26 09:34:52.900,2956.8000,850,0,18620460.000,0,-,-,-,-,2956.2000,2956.0000,2954.6000,2954.4000,2954.2000,2957.2000,2957.4000,2957.8000,2958.0000,2964.0000,1,1,1,1,1,1,1,2,1,5
SF,IH2001,2019-11-26 09:34:53.400,2956.8000,850,0,18620460.000,0,-,-,-,-,2956.0000,2954.6000,2954.4000,2954.2000,2953.8000,2957.0000,2957.2000,2957.4000,2957.8000,2958.0000,1,1,1,1,1,1,1,1,1,1
SF,IH2001,2019-11-26 09:34:53.900,2956.8000,850,0,18620460.000,0,-,-,-,-,2956.0000,2954.6000,2954.4000,2954.2000,2953.8000,2957.0000,2957.2000,2957.4000,2957.8000,2958.0000,1,1,1,1,1,2,1,1,1,1
SF,IH2001,2019-11-26 09:34:54.400,2956.8000,849,-1,19507500.000,1,0,1,双平,S,2956.0000,2954.6000,2954.4000,2954.2000,2953.8000,2957.0000,2957.2000,2957.4000,2957.8000,2958.0000,1,1,1,1,1,2,1,1,1,1
SF,IH2001,2019-11-26 09:34:54.900,2956.8000,849,0,19507500.000,0,-,-,-,-,2956.0000,2954.6000,2954.4000,2954.2000,2953.8000,2957.0000,2957.2000,2957.4000,2957.8000,2958.0000,1,1,1,1,1,2,1,1,1,1
SF,IH2001,2019-11-26 09:34:55.400,2956.8000,849,0,19507500.000,0,-,-,-,-,2956.0000,2954.2000,2953.8000,2952.8000,2952.0000,2956.8000,2957.0000,2957.2000,2957.4000,2958.0000,1,1,1,1,2,3,3,1,1,1
SF,IH2001,2019-11-26 09:34:55.900,2956.8000,849,0,19507500.000,0,-,-,-,-,2956.0000,2954.2000,2953.8000,2952.8000,2952.0000,2956.8000,2957.0000,2957.2000,2957.4000,2958.0000,1,1,1,1,2,2,2,1,1,1
SF,IH2001,2019-11-26 09:34:56.400,2956.8000,849,0,19507500.000,0,-,-,-,-,2956.0000,2954.2000,2953.8000,2952.8000,2952.0000,2957.0000,2957.2000,2957.4000,2958.0000,2964.0000,1,1,1,1,2,1,1,1,1,5
SF,IH2001,2019-11-26 09:34:56.900,2956.8000,849,0,19507500.000,0,-,-,-,-,2956.0000,2954.2000,2953.8000,2952.8000,2952.0000,2956.6000,2956.8000,2957.0000,2957.2000,2957.4000,1,1,1,1,2,1,1,1,1,1
SF,IH2001,2019-11-26 09:34:57.400,2956.8000,849,0,19507500.000,0,-,-,-,-,2956.0000,2954.2000,2953.8000,2952.8000,2952.0000,2956.4000,2956.6000,2956.8000,2957.0000,2957.2000,1,1,1,1,2,1,1,2,1,1
SF,IH2001,2019-11-26 09:34:57.900,2956.0000,848,-1,20394300.000,1,0,1,双平,S,2954.2000,2953.8000,2952.8000,2952.0000,2950.2000,2956.2000,2956.4000,2956.6000,2956.8000,2957.0000,1,1,1,2,1,1,1,1,1,1
SF,IH2001,2019-11-26 09:34:58.400,2956.0000,848,0,20394300.000,0,-,-,-,-,2954.4000,2954.2000,2953.8000,2952.8000,2952.0000,2956.4000,2956.6000,2956.8000,2957.0000,2957.2000,2,1,1,1,2,1,1,1,1,1
SF,IH2001,2019-11-26 09:34:59.400,2956.0000,848,0,20394300.000,0,-,-,-,-,2954.4000,2954.2000,2953.8000,2952.8000,2952.0000,2956.2000,2956.4000,2956.6000,2956.8000,2957.0000,1,1,1,1,2,3,1,1,1,1
SF,IH2001,2019-11-26 09:34:59.900,2956.0000,848,0,20394300.000,0,-,-,-,-,2954.4000,2954.2000,2953.8000,2952.8000,2952.0000,2956.0000,2956.2000,2956.4000,2956.8000,2957.0000,1,1,1,1,2,1,3,1,1,1
SF,IH2001,2019-11-26 09:35:00.400,2956.0000,848,0,20394300.000,0,-,-,-,-,2954.4000,2954.2000,2953.8000,2952.8000,2952.0000,2956.0000,2956.2000,2956.4000,2956.8000,2957.0000,1,1,1,1,2,2,3,1,1,1
SF,IH2001,2019-11-26 09:35:00.900,2956.0000,848,0,20394300.000,0,-,-,-,-,2954.4000,2954.2000,2953.8000,2952.8000,2952.0000,2955.8000,2956.0000,2956.2000,2956.4000,2957.0000,1,1,1,1,2,1,2,3,1,1
SF,IH2001,2019-11-26 09:35:02.900,2956.0000,848,0,20394300.000,0,-,-,-,-,2954.4000,2954.2000,2953.8000,2952.8000,2952.0000,2956.0000,2956.2000,2956.4000,2957.0000,2957.2000,1,1,1,1,2,2,2,1,1,1
SF,IH2001,2019-11-26 09:35:03.400,2956.0000,848,0,20394300.000,0,-,-,-,-,2954.6000,2954.2000,2953.8000,2952.8000,2952.0000,2956.4000,2957.0000,2957.2000,2958.0000,2964.0000,6,1,1,1,2,1,1,1,1,5
SF,IH2001,2019-11-26 09:35:03.900,2956.0000,848,0,20394300.000,0,-,-,-,-,2954.8000,2954.6000,2954.2000,2953.8000,2952.8000,2956.8000,2957.2000,2958.0000,2964.0000,2964.8000,2,1,1,1,1,1,1,1,5,2
SF,IH2001,2019-11-26 09:35:04.400,2956.0000,848,0,20394300.000,0,-,-,-,-,2955.0000,2954.8000,2954.6000,2954.2000,2953.8000,2957.0000,2958.0000,2964.0000,2964.8000,2965.0000,1,3,1,1,1,1,1,5,2,1
SF,IH2001,2019-11-26 09:35:04.900,2956.0000,848,0,20394300.000,0,-,-,-,-,2955.0000,2954.8000,2954.6000,2954.2000,2953.8000,2956.8000,2957.8000,2958.0000,2964.0000,2964.8000,1,2,1,1,1,1,1,1,5,2
SF,IH2001,2019-11-26 09:35:05.400,2956.0000,848,0,20394300.000,0,-,-,-,-,2955.0000,2954.8000,2954.6000,2954.2000,2953.8000,2956.8000,2957.8000,2958.0000,2964.0000,2964.8000,1,1,1,1,1,1,1,1,5,2
SF,IH2001,2019-11-26 09:35:08.400,2956.0000,848,0,20394300.000,0,-,-,-,-,2955.2000,2955.0000,2954.8000,2954.6000,2954.2000,2956.8000,2957.8000,2958.0000,2964.0000,2964.8000,1,1,1,1,1,1,1,1,5,2
SF,IH2001,2019-11-26 09:35:08.900,2956.0000,848,0,20394300.000,0,-,-,-,-,2955.4000,2955.2000,2955.0000,2954.2000,2953.8000,2958.0000,2964.0000,2964.8000,2965.0000,2971.2000,2,1,1,1,1,1,5,2,1,1
SF,IH2001,2019-11-26 09:35:09.400,2956.0000,848,0,20394300.000,0,-,-,-,-,2955.6000,2955.4000,2955.2000,2955.0000,2954.2000,2957.8000,2958.0000,2964.0000,2964.8000,2965.0000,1,1,1,1,1,3,1,5,2,1
SF,IH2001,2019-11-26 09:35:11.400,2956.0000,848,0,20394300.000,0,-,-,-,-,2955.8000,2955.6000,2955.4000,2955.2000,2954.2000,2957.8000,2958.0000,2964.0000,2964.8000,2965.0000,1,1,1,1,1,3,1,5,2,1
SF,IH2001,2019-11-26 09:35:11.900,2956.0000,848,0,20394300.000,0,-,-,-,-,2955.8000,2955.6000,2955.4000,2955.2000,2954.2000,2957.8000,2958.0000,2964.0000,2964.8000,2965.0000,1,1,1,1,1,3,1,5,2,1
SF,IH2001,2019-11-26 09:35:12.400,2956.0000,848,0,20394300.000,0,-,-,-,-,2955.8000,2955.6000,2955.4000,2955.2000,2954.2000,2957.8000,2958.0000,2964.0000,2964.8000,2965.0000,1,1,1,1,1,3,1,5,2,1
SF,IH2001,2019-11-26 09:35:12.900,2956.0000,848,0,20394300.000,0,-,-,-,-,2955.4000,2955.2000,2954.2000,2953.8000,2952.8000,2957.6000,2957.8000,2958.0000,2964.0000,2964.8000,1,1,1,1,1,2,3,1,5,2
SF,IH2001,2019-11-26 09:35:13.400,2956.0000,848,0,20394300.000,0,-,-,-,-,2955.2000,2953.8000,2952.8000,2952.0000,2950.2000,2957.4000,2957.6000,2957.8000,2958.0000,2964.0000,1,1,1,2,1,3,2,2,1,5
SF,IH2001,2019-11-26 09:35:13.900,2956.0000,848,0,20394300.000,0,-,-,-,-,2955.2000,2953.8000,2952.8000,2952.0000,2950.2000,2957.4000,2957.6000,2957.8000,2958.0000,2964.0000,1,1,1,2,1,3,1,2,1,5
SF,IH2001,2019-11-26 09:35:14.400,2956.0000,848,0,20394300.000,0,-,-,-,-,2955.4000,2955.2000,2953.8000,2952.8000,2952.0000,2957.2000,2957.4000,2957.6000,2957.8000,2958.0000,1,1,1,1,2,1,3,1,2,1
SF,IH2001,2019-11-26 09:35:14.900,2956.0000,848,0,20394300.000,0,-,-,-,-,2955.2000,2953.8000,2952.8000,2952.0000,2950.2000,2957.0000,2957.2000,2957.4000,2957.6000,2957.8000,1,1,1,2,1,1,1,2,1,2
SF,IH2001,2019-11-26 09:35:15.400,2956.0000,848,0,20394300.000,0,-,-,-,-,2955.4000,2955.2000,2953.8000,2952.8000,2952.0000,2957.0000,2957.4000,2957.6000,2957.8000,2958.0000,2,1,1,1,2,1,1,1,2,1
SF,IH2001,2019-11-26 09:35:17.900,2956.0000,848,0,20394300.000,0,-,-,-,-,2955.8000,2955.4000,2955.2000,2953.8000,2952.8000,2957.0000,2957.4000,2957.6000,2957.8000,2958.0000,1,2,1,1,1,1,1,1,2,1
SF,IH2001,2019-11-26 09:35:18.400,2956.0000,848,0,20394300.000,0,-,-,-,-,2955.8000,2955.4000,2955.2000,2953.8000,2952.8000,2957.0000,2957.4000,2957.6000,2957.8000,2958.0000,1,1,1,1,1,1,1,1,2,1
SF,IH2001,2019-11-26 09:35:18.900,2956.0000,848,0,20394300.000,0,-,-,-,-,2955.8000,2955.2000,2953.8000,2952.8000,2952.0000,2957.0000,2957.4000,2957.6000,2957.8000,2958.0000,1,1,1,1,2,1,1,1,2,1
SF,IH2001,2019-11-26 09:35:19.400,2956.0000,848,0,20394300.000,0,-,-,-,-,2955.8000,2955.2000,2953.8000,2952.8000,2952.0000,2957.0000,2957.4000,2957.6000,2957.8000,2958.0000,1,1,1,1,2,1,1,1,2,1
SF,IH2001,2019-11-26 09:35:19.900,2956.0000,848,0,20394300.000,0,-,-,-,-,2955.8000,2953.8000,2952.8000,2952.0000,2950.2000,2956.8000,2957.0000,2957.4000,2957.6000,2957.8000,1,1,1,2,1,1,1,1,1,1
SF,IH2001,2019-11-26 09:35:20.400,2956.0000,848,0,20394300.000,0,-,-,-,-,2955.8000,2953.8000,2952.8000,2952.0000,2950.2000,2956.6000,2956.8000,2957.4000,2957.6000,2957.8000,1,1,1,2,1,1,1,1,1,1
SF,IH2001,2019-11-26 09:35:20.900,2956.0000,848,0,20394300.000,0,-,-,-,-,2955.8000,2953.8000,2952.8000,2952.0000,2950.2000,2956.6000,2956.8000,2957.4000,2957.6000,2957.8000,1,1,1,2,1,1,1,1,1,1
SF,IH2001,2019-11-26 09:35:25.900,2956.6000,847,-1,21281280.000,1,0,1,双平,S,2955.8000,2953.8000,2952.8000,2952.0000,2950.2000,2957.4000,2957.6000,2957.8000,2958.0000,2964.0000,1,1,1,2,1,1,1,1,1,5
SF,IH2001,2019-11-26 09:35:26.400,2956.6000,847,0,21281280.000,0,-,-,-,-,2956.0000,2955.8000,2953.8000,2952.8000,2952.0000,2957.4000,2957.6000,2957.8000,2958.0000,2964.0000,1,1,1,1,2,1,1,1,1,5
SF,IH2001,2019-11-26 09:35:26.900,2956.6000,847,0,21281280.000,0,-,-,-,-,2956.0000,2955.8000,2953.8000,2952.8000,2952.0000,2957.6000,2958.0000,2964.0000,2964.8000,2965.0000,1,1,1,1,2,1,1,5,2,1
SF,IH2001,2019-11-26 09:35:27.400,2956.6000,847,0,21281280.000,0,-,-,-,-,2956.0000,2955.8000,2953.8000,2952.8000,2952.0000,2957.4000,2957.6000,2958.0000,2964.0000,2964.8000,1,1,1,1,2,1,1,1,5,2
SF,IH2001,2019-11-26 09:35:27.900,2956.6000,847,0,21281280.000,0,-,-,-,-,2956.0000,2955.8000,2953.8000,2952.8000,2952.0000,2957.4000,2957.6000,2958.0000,2964.0000,2964.8000,1,1,1,1,2,3,1,1,5,2
SF,IH2001,2019-11-26 09:35:28.400,2956.6000,847,0,21281280.000,0,-,-,-,-,2955.8000,2953.8000,2952.8000,2952.0000,2950.2000,2957.2000,2957.4000,2957.6000,2958.0000,2964.0000,1,1,1,2,1,3,3,1,1,5
SF,IH2001,2019-11-26 09:35:28.900,2956.6000,847,0,21281280.000,0,-,-,-,-,2956.0000,2955.8000,2953.8000,2952.8000,2952.0000,2957.2000,2957.6000,2958.0000,2964.0000,2964.8000,1,1,1,1,2,1,1,1,5,2
SF,IH2001,2019-11-26 09:35:29.400,2956.6000,847,0,21281280.000,0,-,-,-,-,2956.0000,2955.8000,2953.8000,2952.8000,2952.0000,2957.6000,2958.0000,2964.0000,2964.8000,2965.0000,1,1,1,1,2,1,1,5,2,1
SF,IH2001,2019-11-26 09:35:29.900,2956.6000,847,0,21281280.000,0,-,-,-,-,2955.8000,2953.8000,2952.8000,2952.0000,2950.2000,2957.4000,2957.6000,2958.0000,2964.0000,2964.8000,1,1,1,2,1,3,1,1,5,2
SF,IH2001,2019-11-26 09:35:30.400,2956.6000,847,0,21281280.000,0,-,-,-,-,2956.0000,2955.8000,2953.8000,2952.8000,2952.0000,2957.4000,2957.6000,2958.0000,2964.0000,2964.8000,1,1,1,1,2,2,1,1,5,2
SF,IH2001,2019-11-26 09:35:30.900,2956.6000,847,0,21281280.000,0,-,-,-,-,2956.0000,2955.8000,2953.8000,2952.8000,2952.0000,2957.4000,2957.6000,2958.0000,2964.0000,2964.8000,1,1,1,1,2,1,1,1,5,2
SF,IH2001,2019-11-26 09:35:31.400,2956.6000,847,0,21281280.000,0,-,-,-,-,2955.8000,2953.8000,2952.8000,2952.0000,2950.2000,2957.2000,2957.4000,2957.6000,2958.0000,2964.0000,1,1,1,2,1,1,1,1,1,5
SF,IH2001,2019-11-26 09:35:31.900,2956.6000,847,0,21281280.000,0,-,-,-,-,2955.8000,2953.8000,2952.8000,2952.0000,2950.2000,2957.0000,2957.2000,2957.4000,2957.6000,2958.0000,1,1,1,2,1,1,3,1,1,1
SF,IH2001,2019-11-26 09:35:32.400,2956.6000,847,0,21281280.000,0,-,-,-,-,2955.8000,2953.8000,2952.8000,2952.0000,2950.2000,2956.8000,2957.0000,2957.2000,2957.4000,2957.6000,1,1,1,2,1,1,1,2,1,1
SF,IH2001,2019-11-26 09:35:32.900,2956.6000,847,0,21281280.000,0,-,-,-,-,2955.8000,2953.8000,2952.8000,2952.0000,2950.2000,2956.8000,2957.0000,2957.2000,2957.4000,2957.6000,1,1,1,2,1,1,1,2,1,1
SF,IH2001,2019-11-26 09:35:33.900,2956.6000,847,0,21281280.000,0,-,-,-,-,2955.8000,2953.8000,2952.8000,2952.0000,2950.2000,2956.6000,2956.8000,2957.0000,2957.2000,2957.6000,1,1,1,2,1,5,2,1,2,1
SF,IH2001,2019-11-26 09:35:34.400,2956.6000,847,0,21281280.000,0,-,-,-,-,2955.8000,2953.8000,2952.8000,2952.0000,2950.2000,2956.8000,2957.0000,2957.2000,2957.6000,2958.0000,1,1,1,2,1,1,1,1,1,1
SF,IH2001,2019-11-26 09:35:34.900,2956.6000,847,0,21281280.000,0,-,-,-,-,2955.8000,2953.8000,2952.8000,2952.0000,2950.2000,2956.4000,2956.6000,2956.8000,2957.0000,2957.2000,1,1,1,2,1,3,3,2,1,1
SF,IH2001,2019-11-26 09:35:35.900,2955.8000,846,-1,22168020.000,1,0,1,双平,S,2953.8000,2952.8000,2952.0000,2950.2000,2948.8000,2956.4000,2956.6000,2956.8000,2957.0000,2957.2000,1,1,2,1,5,3,3,2,1,1
SF,IH2001,2019-11-26 09:35:36.400,2955.8000,846,0,22168020.000,0,-,-,-,-,2954.0000,2953.8000,2952.8000,2952.0000,2950.2000,2956.4000,2956.6000,2956.8000,2957.0000,2957.2000,2,1,1,2,1,3,3,1,1,1
SF,IH2001,2019-11-26 09:35:39.900,2955.8000,846,0,22168020.000,0,-,-,-,-,2954.0000,2953.8000,2952.8000,2952.0000,2950.2000,2956.4000,2956.6000,2956.8000,2957.0000,2957.2000,2,1,1,2,1,3,3,1,1,1
SF,IH2001,2019-11-26 09:35:40.400,2955.8000,846,0,22168020.000,0,-,-,-,-,2954.0000,2953.8000,2952.8000,2952.0000,2950.2000,2956.2000,2956.4000,2956.6000,2956.8000,2957.0000,2,1,1,2,1,2,3,2,1,1
SF,IH2001,2019-11-26 09:35:40.900,2955.8000,846,0,22168020.000,0,-,-,-,-,2954.0000,2952.8000,2952.0000,2950.2000,2948.8000,2956.0000,2956.2000,2956.4000,2956.6000,2956.8000,1,1,2,1,5,2,2,3,2,1
SF,IH2001,2019-11-26 09:35:41.400,2955.8000,846,0,22168020.000,0,-,-,-,-,2954.2000,2954.0000,2952.8000,2952.0000,2950.2000,2956.0000,2956.2000,2956.4000,2956.6000,2956.8000,1,1,1,2,1,2,2,3,2,1
SF,IH2001,2019-11-26 09:35:41.900,2955.8000,846,0,22168020.000,0,-,-,-,-,2954.0000,2952.8000,2952.0000,2950.2000,2948.8000,2955.8000,2956.0000,2956.2000,2956.4000,2956.6000,1,1,2,1,5,2,2,1,3,2
SF,IH2001,2019-11-26 09:35:42.400,2955.8000,846,0,22168020.000,0,-,-,-,-,2954.2000,2954.0000,2952.8000,2952.0000,2950.2000,2955.8000,2956.0000,2956.2000,2956.4000,2956.6000,1,1,1,2,1,1,2,1,3,3
SF,IH2001,2019-11-26 09:35:42.900,2955.8000,846,0,22168020.000,0,-,-,-,-,2952.8000,2952.0000,2950.2000,2948.8000,2946.8000,2955.6000,2955.8000,2956.0000,2956.2000,2956.4000,1,2,1,5,1,2,1,2,1,2
SF,IH2001,2019-11-26 09:35:43.400,2955.8000,846,0,22168020.000,0,-,-,-,-,2953.0000,2952.8000,2952.0000,2950.2000,2948.8000,2955.6000,2956.0000,2956.2000,2956.4000,2956.6000,2,1,2,1,5,1,1,1,2,2
SF,IH2001,2019-11-26 09:35:43.900,2955.8000,846,0,22168020.000,0,-,-,-,-,2953.4000,2953.2000,2953.0000,2952.8000,2952.0000,2956.0000,2956.2000,2956.4000,2956.6000,2956.8000,1,1,2,1,2,1,1,2,2,1
SF,IH2001,2019-11-26 09:35:44.400,2955.8000,846,0,22168020.000,0,-,-,-,-,2953.6000,2953.4000,2953.2000,2953.0000,2952.8000,2955.8000,2956.0000,2956.2000,2956.4000,2956.6000,2,1,1,1,1,2,1,1,2,2
SF,IH2001,2019-11-26 09:35:44.900,2955.8000,846,0,22168020.000,0,-,-,-,-,2953.6000,2953.4000,2953.0000,2952.8000,2952.0000,2955.6000,2955.8000,2956.0000,2956.2000,2956.4000,2,1,1,1,2,1,5,1,1,2
SF,IH2001,2019-11-26 09:35:45.400,2955.8000,846,0,22168020.000,0,-,-,-,-,2953.6000,2953.4000,2953.0000,2952.8000,2952.0000,2955.4000,2955.6000,2955.8000,2956.0000,2956.2000,1,1,1,1,2,1,1,4,1,1
SF,IH2001,2019-11-26 09:35:46.900,2955.8000,846,0,22168020.000,0,-,-,-,-,2953.4000,2953.0000,2952.8000,2952.0000,2950.2000,2955.2000,2955.4000,2955.6000,2955.8000,2956.2000,1,1,1,2,1,4,1,1,4,1
SF,IH2001,2019-11-26 09:35:47.400,2955.8000,846,0,22168020.000,0,-,-,-,-,2953.4000,2953.0000,2952.8000,2952.0000,2950.2000,2955.0000,2955.2000,2955.6000,2955.8000,2956.2000,1,1,1,2,1,1,5,1,4,1
SF,IH2001,2019-11-26 09:35:47.900,2955.8000,846,0,22168020.000,0,-,-,-,-,2953.0000,2952.8000,2952.0000,2950.2000,2948.8000,2955.0000,2955.2000,2955.6000,2955.8000,2956.2000,1,1,2,1,5,1,5,1,4,1
SF,IH2001,2019-11-26 09:35:48.400,2955.8000,846,0,22168020.000,0,-,-,-,-,2953.0000,2952.8000,2952.0000,2950.2000,2948.8000,2954.8000,2955.0000,2955.2000,2955.8000,2956.2000,1,1,2,1,5,2,1,5,4,1
SF,IH2001,2019-11-26 09:35:48.900,2955.8000,846,0,22168020.000,0,-,-,-,-,2953.0000,2952.8000,2952.0000,2950.2000,2948.8000,2954.6000,2954.8000,2955.2000,2955.8000,2956.2000,1,1,2,1,5,1,2,5,4,1
SF,IH2001,2019-11-26 09:35:49.400,2955.8000,846,0,22168020.000,0,-,-,-,-,2953.0000,2952.8000,2952.0000,2950.2000,2948.8000,2954.6000,2954.8000,2955.2000,2955.8000,2956.2000,1,1,2,1,5,1,2,5,4,1
SF,IH2001,2019-11-26 09:35:49.900,2955.8000,846,0,22168020.000,0,-,-,-,-,2952.8000,2952.0000,2950.2000,2948.8000,2946.8000,2954.6000,2954.8000,2955.2000,2955.8000,2956.2000,1,2,1,5,1,1,2,5,4,1
SF,IH2001,2019-11-26 09:35:50.400,2955.8000,846,0,22168020.000,0,-,-,-,-,2952.0000,2950.2000,2946.8000,2945.0000,2944.0000,2954.4000,2954.6000,2954.8000,2955.2000,2955.8000,2,1,1,5,1,5,2,2,4,4
SF,IH2001,2019-11-26 09:35:50.900,2955.8000,846,0,22168020.000,0,-,-,-,-,2952.2000,2952.0000,2950.2000,2946.8000,2945.0000,2954.4000,2954.6000,2954.8000,2955.2000,2955.8000,2,2,1,1,5,5,2,2,4,4
SF,IH2001,2019-11-26 09:35:52.900,2955.8000,846,0,22168020.000,0,-,-,-,-,2952.2000,2952.0000,2950.2000,2946.8000,2945.0000,2954.4000,2954.6000,2954.8000,2955.2000,2955.8000,2,2,1,1,5,6,2,2,4,4
SF,IH2001,2019-11-26 09:35:53.400,2955.8000,846,0,22168020.000,0,-,-,-,-,2952.2000,2952.0000,2950.2000,2946.8000,2945.0000,2954.2000,2954.4000,2954.6000,2954.8000,2955.2000,2,2,1,1,5,1,6,1,2,4
SF,IH2001,2019-11-26 09:35:53.900,2955.8000,846,0,22168020.000,0,-,-,-,-,2952.2000,2952.0000,2950.2000,2946.8000,2945.0000,2954.0000,2954.4000,2954.6000,2954.8000,2955.2000,2,2,1,1,5,1,6,1,1,4
SF,IH2001,2019-11-26 09:35:54.400,2955.8000,846,0,22168020.000,0,-,-,-,-,2952.2000,2952.0000,2950.2000,2946.8000,2945.0000,2954.4000,2954.6000,2954.8000,2955.2000,2955.8000,2,3,1,1,5,6,1,1,4,4
SF,IH2001,2019-11-26 09:35:54.900,2955.8000,846,0,22168020.000,0,-,-,-,-,2952.4000,2952.2000,2952.0000,2950.2000,2946.8000,2954.4000,2954.8000,2955.2000,2955.8000,2956.2000,1,2,3,1,1,1,1,4,4,1
SF,IH2001,2019-11-26 09:35:55.400,2954.4000,846,0,23054340.000,1,0,1,多换,S,2952.8000,2952.6000,2952.4000,2952.2000,2952.0000,2955.2000,2955.8000,2956.2000,2956.4000,2956.6000,1,1,1,1,3,4,4,1,2,2
SF,IH2001,2019-11-26 09:35:55.900,2954.4000,846,0,23054340.000,0,-,-,-,-,2953.0000,2952.8000,2952.6000,2952.4000,2952.0000,2955.2000,2955.8000,2956.2000,2956.4000,2956.6000,2,1,1,1,3,1,4,1,2,2
SF,IH2001,2019-11-26 09:35:56.400,2954.4000,846,0,23054340.000,0,-,-,-,-,2953.0000,2952.6000,2952.4000,2952.0000,2950.2000,2955.0000,2955.2000,2955.8000,2956.2000,2956.4000,1,1,1,3,1,2,1,4,1,2
SF,IH2001,2019-11-26 09:35:56.900,2954.4000,846,0,23054340.000,0,-,-,-,-,2953.2000,2953.0000,2952.6000,2952.4000,2952.0000,2955.0000,2955.2000,2955.8000,2956.2000,2956.4000,2,1,1,1,3,2,1,4,1,2
SF,IH2001,2019-11-26 09:35:57.400,2954.4000,846,0,23054340.000,0,-,-,-,-,2953.4000,2953.2000,2953.0000,2952.4000,2952.0000,2955.0000,2955.2000,2955.8000,2956.2000,2956.4000,1,1,1,1,3,1,1,4,1,2
SF,IH2001,2019-11-26 09:35:57.900,2954.4000,846,0,23054340.000,0,-,-,-,-,2953.2000,2953.0000,2952.4000,2952.0000,2950.2000,2954.8000,2955.0000,2955.2000,2955.8000,2956.2000,1,1,1,3,1,3,1,1,4,1
SF,IH2001,2019-11-26 09:35:58.400,2954.4000,846,0,23054340.000,0,-,-,-,-,2952.4000,2952.0000,2950.2000,2946.8000,2945.0000,2954.6000,2954.8000,2955.2000,2955.8000,2956.2000,1,3,1,1,5,1,3,1,4,1
SF,IH2001,2019-11-26 09:35:58.900,2954.4000,846,0,23054340.000,0,-,-,-,-,2952.8000,2952.6000,2952.4000,2952.0000,2950.2000,2954.8000,2955.2000,2955.8000,2956.2000,2956.4000,1,2,1,3,1,1,1,4,1,2
SF,IH2001,2019-11-26 09:35:59.400,2954.4000,846,0,23054340.000,0,-,-,-,-,2953.0000,2952.8000,2952.6000,2952.4000,2952.0000,2954.6000,2955.2000,2955.8000,2956.2000,2956.4000,2,1,1,1,3,1,1,4,1,2
SF,IH2001,2019-11-26 09:35:59.900,2954.4000,846,0,23054340.000,0,-,-,-,-,2953.0000,2952.6000,2952.4000,2952.0000,2950.2000,2955.2000,2955.8000,2956.2000,2956.4000,2956.6000,2,1,1,3,1,1,4,1,2,1
SF,IH2001,2019-11-26 09:36:00.400,2954.4000,846,0,23054340.000,0,-,-,-,-,2953.2000,2953.0000,2952.6000,2952.4000,2952.0000,2955.0000,2955.2000,2955.8000,2956.2000,2956.4000,1,2,1,1,3,1,1,4,1,2
SF,IH2001,2019-11-26 09:36:00.900,2954.4000,846,0,23054340.000,0,-,-,-,-,2953.4000,2953.2000,2953.0000,2952.4000,2952.0000,2955.0000,2955.2000,2955.8000,2956.2000,2956.4000,1,1,2,1,3,1,1,4,1,2
SF,IH2001,2019-11-26 09:36:02.400,2954.4000,846,0,23054340.000,0,-,-,-,-,2953.2000,2953.0000,2952.4000,2952.0000,2950.2000,2955.0000,2955.2000,2955.8000,2956.2000,2956.4000,1,2,1,3,1,1,1,4,1,2
SF,IH2001,2019-11-26 09:36:02.900,2954.4000,846,0,23054340.000,0,-,-,-,-,2953.2000,2953.0000,2952.4000,2952.0000,2950.2000,2955.0000,2955.2000,2955.8000,2956.2000,2956.4000,1,1,1,3,1,1,1,4,1,2
SF,IH2001,2019-11-26 09:36:03.400,2954.4000,846,0,23054340.000,0,-,-,-,-,2953.2000,2953.0000,2952.4000,2952.0000,2950.2000,2954.8000,2955.0000,2955.2000,2955.8000,2956.2000,1,1,1,3,1,1,1,1,4,1
SF,IH2001,2019-11-26 09:36:03.900,2954.4000,846,0,23054340.000,0,-,-,-,-,2952.4000,2952.0000,2950.2000,2946.8000,2945.0000,2954.6000,2954.8000,2955.2000,2955.8000,2956.2000,1,3,1,1,5,1,3,1,4,1
SF,IH2001,2019-11-26 09:36:04.400,2954.4000,846,0,23054340.000,0,-,-,-,-,2952.8000,2952.6000,2952.4000,2952.0000,2950.2000,2954.8000,2955.2000,2955.8000,2956.2000,2956.4000,1,2,1,3,1,2,1,4,1,2
SF,IH2001,2019-11-26 09:36:04.900,2954.4000,846,0,23054340.000,0,-,-,-,-,2953.0000,2952.8000,2952.6000,2952.4000,2952.0000,2954.6000,2954.8000,2955.2000,2955.8000,2956.2000,2,1,1,1,3,1,2,1,4,1
SF,IH2001,2019-11-26 09:36:07.400,2954.4000,846,0,23054340.000,0,-,-,-,-,2953.0000,2952.6000,2952.4000,2952.0000,2950.2000,2954.6000,2954.8000,2955.2000,2955.8000,2956.2000,2,1,1,3,1,1,2,1,4,1
SF,IH2001,2019-11-26 09:36:07.900,2954.4000,846,0,23054340.000,0,-,-,-,-,2953.2000,2953.0000,2952.6000,2952.4000,2952.0000,2954.8000,2955.2000,2955.8000,2956.2000,2956.4000,1,2,1,1,3,2,1,4,1,2
SF,IH2001,2019-11-26 09:36:08.400,2954.4000,846,0,23054340.000,0,-,-,-,-,2953.4000,2953.2000,2953.0000,2952.6000,2952.4000,2955.2000,2955.8000,2956.2000,2956.4000,2956.6000,1,1,1,1,1,1,4,1,2,1
SF,IH2001,2019-11-26 09:36:08.900,2954.4000,846,0,23054340.000,0,-,-,-,-,2953.2000,2953.0000,2952.6000,2952.4000,2952.0000,2955.0000,2955.2000,2955.8000,2956.2000,2956.4000,1,1,1,1,3,3,1,4,1,2
SF,IH2001,2019-11-26 09:36:09.400,2954.4000,846,0,23054340.000,0,-,-,-,-,2953.4000,2953.2000,2953.0000,2952.6000,2952.4000,2955.0000,2955.2000,2955.8000,2956.2000,2956.4000,1,1,1,1,1,2,1,4,1,2
SF,IH2001,2019-11-26 09:36:09.900,2954.4000,846,0,23054340.000,0,-,-,-,-,2953.2000,2953.0000,2952.6000,2952.4000,2952.0000,2955.0000,2955.2000,2955.8000,2956.2000,2956.4000,1,1,1,1,3,2,1,4,1,2
SF,IH2001,2019-11-26 09:36:10.400,2954.4000,846,0,23054340.000,0,-,-,-,-,2953.4000,2953.2000,2953.0000,2952.6000,2952.4000,2955.0000,2955.2000,2955.8000,2956.2000,2956.4000,1,1,1,1,1,2,1,4,1,2
SF,IH2001,2019-11-26 09:36:16.400,2954.4000,846,0,23054340.000,0,-,-,-,-,2953.4000,2953.2000,2953.0000,2952.6000,2952.4000,2955.0000,2955.2000,2955.8000,2956.2000,2956.4000,1,1,1,1,1,1,1,4,1,2
SF,IH2001,2019-11-26 09:36:16.900,2954.4000,846,0,23054340.000,0,-,-,-,-,2953.6000,2953.4000,2953.2000,2953.0000,2952.4000,2956.2000,2956.4000,2956.6000,2956.8000,2958.0000,1,1,1,1,1,1,2,1,1,1
SF,IH2001,2019-11-26 09:36:17.400,2954.4000,846,0,23054340.000,0,-,-,-,-,2953.6000,2953.0000,2952.4000,2952.0000,2950.2000,2956.0000,2956.2000,2956.4000,2956.6000,2956.8000,1,1,1,3,1,4,1,2,1,1
SF,IH2001,2019-11-26 09:36:17.900,2954.4000,846,0,23054340.000,0,-,-,-,-,2954.0000,2953.8000,2953.6000,2953.0000,2952.4000,2956.0000,2956.2000,2956.4000,2956.6000,2956.8000,1,2,1,1,1,1,1,2,1,1
SF,IH2001,2019-11-26 09:36:18.400,2954.4000,846,0,23054340.000,0,-,-,-,-,2954.2000,2954.0000,2953.8000,2953.6000,2952.4000,2956.0000,2956.2000,2956.4000,2956.6000,2956.8000,1,1,1,1,1,1,1,2,1,1
SF,IH2001,2019-11-26 09:36:18.900,2954.4000,846,0,23054340.000,0,-,-,-,-,2954.0000,2953.8000,2953.6000,2952.4000,2952.0000,2955.8000,2956.0000,2956.2000,2956.4000,2956.6000,1,1,1,1,3,2,1,1,2,1
SF,IH2001,2019-11-26 09:36:19.400,2954.4000,846,0,23054340.000,0,-,-,-,-,2954.0000,2953.8000,2953.6000,2952.4000,2952.0000,2955.6000,2955.8000,2956.2000,2956.4000,2956.6000,1,1,1,1,3,1,1,1,2,1
SF,IH2001,2019-11-26 09:36:21.900,2954.4000,846,0,23054340.000,0,-,-,-,-,2954.2000,2954.0000,2953.8000,2953.6000,2952.4000,2955.6000,2956.2000,2956.4000,2956.6000,2956.8000,1,1,1,1,1,1,1,2,1,1
SF,IH2001,2019-11-26 09:36:23.400,2954.4000,846,0,23054340.000,0,-,-,-,-,2954.2000,2954.0000,2953.8000,2953.6000,2952.4000,2955.6000,2956.2000,2956.6000,2958.0000,2960.0000,1,1,1,1,1,1,1,1,1,1
SF,IH2001,2019-11-26 09:36:23.900,2955.6000,845,-1,23941020.000,1,0,1,双平,S,2954.4000,2954.2000,2954.0000,2953.8000,2953.6000,2956.6000,2958.0000,2960.0000,2964.0000,2964.8000,2,1,1,1,1,1,1,1,5,2
SF,IH2001,2019-11-26 09:36:24.400,2955.6000,845,0,23941020.000,0,-,-,-,-,2954.6000,2954.4000,2954.2000,2953.8000,2952.4000,2956.4000,2958.0000,2960.0000,2964.0000,2964.8000,1,2,1,1,1,1,1,1,5,2
SF,IH2001,2019-11-26 09:36:24.900,2955.6000,845,0,23941020.000,0,-,-,-,-,2954.8000,2954.6000,2954.4000,2954.2000,2953.8000,2956.4000,2958.0000,2960.0000,2964.0000,2964.8000,2,1,1,1,1,1,1,1,5,2
SF,IH2001,2019-11-26 09:36:25.400,2955.6000,845,0,23941020.000,0,-,-,-,-,2954.8000,2954.6000,2954.4000,2954.2000,2953.8000,2956.4000,2958.0000,2960.0000,2964.0000,2964.8000,1,1,1,1,1,1,1,1,5,2
SF,IH2001,2019-11-26 09:36:27.400,2955.6000,845,0,23941020.000,0,-,-,-,-,2954.2000,2953.8000,2952.4000,2952.0000,2950.2000,2956.2000,2956.4000,2958.0000,2960.0000,2964.0000,1,1,1,3,1,1,1,1,1,5
SF,IH2001,2019-11-26 09:36:27.900,2955.6000,845,0,23941020.000,0,-,-,-,-,2954.4000,2954.2000,2953.8000,2952.4000,2952.0000,2956.0000,2956.2000,2958.0000,2960.0000,2964.0000,2,1,1,1,3,1,1,1,1,5
