市场代码,合约代码,时间,最新,持仓,增仓,成交额,成交量,开仓,平仓,成交类型,方向,买一价,买二价,买三价,买四价,买五价,卖一价,卖二价,卖三价,卖四价,卖五价,买一量,买二量,买三量,买四量,买五量,卖一量,卖二量,卖三量,卖四量,卖五量
SF,IH2011,2020-09-23 09:29:00.100,3247.4000,721,0,0.000,0.000,-,-,-,-,3240.6000,3238.0000,3235.2000,3234.0000,3233.4000,3246.4000,3249.0000,3249.6000,3251.6000,3253.0000,1,1,1,1,1,1,4,1,1,1
SF,IH2011,2020-09-23 09:30:00.100,3240.6000,721,0,972180.000,1,0,1,多换,S,3238.0000,3235.2000,3234.0000,3233.4000,3232.0000,3249.0000,3251.6000,3253.0000,3254.8000,3272.8000,1,1,1,1,4,4,1,1,1,1
SF,IH2011,2020-09-23 09:30:00.600,3240.6000,721,0,972180.000,0,-,-,-,-,3241.2000,3238.2000,3238.0000,3235.2000,3233.4000,3248.8000,3251.2000,3251.6000,3254.8000,3255.6000,1,3,1,1,1,1,1,1,1,10
SF,IH2011,2020-09-23 09:30:01.100,3248.6000,720,-1,2921340.000,2,0,2,多平,S,3241.4000,3241.2000,3238.0000,3233.4000,3212.6000,3248.8000,3250.6000,3251.2000,3251.6000,3255.6000,3,1,1,1,1,1,1,1,1,10
SF,IH2011,2020-09-23 09:30:01.600,3248.6000,720,0,2921340.000,0,-,-,-,-,3245.2000,3241.6000,3241.4000,3238.0000,3233.4000,3250.6000,3251.6000,3255.6000,3272.8000,3277.0000,1,1,3,1,1,1,1,10,1,1
SF,IH2011,2020-09-23 09:30:02.100,3248.6000,720,0,2921340.000,0,-,-,-,-,3245.4000,3244.2000,3238.0000,3237.6000,3212.6000,3253.6000,3255.6000,3256.6000,3272.8000,3277.0000,3,1,1,5,1,1,10,5,1,1
SF,IH2011,2020-09-23 09:30:02.600,3248.6000,720,0,2921340.000,0,-,-,-,-,3245.4000,3244.2000,3238.0000,3237.6000,3212.6000,3253.4000,3253.6000,3255.6000,3260.4000,3272.8000,3,1,1,5,1,1,1,10,5,1
SF,IH2011,2020-09-23 09:30:03.100,3248.6000,720,0,2921340.000,0,-,-,-,-,3245.4000,3244.2000,3238.0000,3237.6000,3212.6000,3253.4000,3253.6000,3255.6000,3260.4000,3272.8000,3,1,1,5,1,1,1,11,5,1
SF,IH2011,2020-09-23 09:30:03.600,3248.6000,720,0,2921340.000,0,-,-,-,-,3245.4000,3244.2000,3238.0000,3237.6000,3212.6000,3249.4000,3253.4000,3253.6000,3255.6000,3260.4000,3,1,1,5,1,1,1,1,10,5
SF,IH2011,2020-09-23 09:30:04.100,3248.6000,720,0,2921340.000,0,-,-,-,-,3245.4000,3244.2000,3238.0000,3237.6000,3212.6000,3252.6000,3253.6000,3255.6000,3260.4000,3272.8000,2,1,1,5,1,1,1,10,5,1
SF,IH2011,2020-09-23 09:30:04.600,3248.6000,720,0,2921340.000,0,-,-,-,-,3245.6000,3245.4000,3244.2000,3242.6000,3238.0000,3252.4000,3252.6000,3253.6000,3255.6000,3260.4000,1,2,1,1,1,1,1,1,10,5
SF,IH2011,2020-09-23 09:30:05.100,3248.6000,720,0,2921340.000,0,-,-,-,-,3245.8000,3245.6000,3245.4000,3244.2000,3242.6000,3252.4000,3253.6000,3255.6000,3260.4000,3272.8000,2,1,1,1,1,1,1,10,5,1
SF,IH2011,2020-09-23 09:30:05.600,3248.6000,720,0,2921340.000,0,-,-,-,-,3246.0000,3245.8000,3245.4000,3244.2000,3242.6000,3252.4000,3253.6000,3255.6000,3260.4000,3272.8000,1,2,1,1,1,1,1,10,5,1
SF,IH2011,2020-09-23 09:30:06.100,3248.6000,720,0,2921340.000,0,-,-,-,-,3246.2000,3246.0000,3245.8000,3245.4000,3244.2000,3252.4000,3253.6000,3255.6000,3260.4000,3272.8000,3,1,1,1,1,1,1,11,5,1
SF,IH2011,2020-09-23 09:30:06.600,3248.6000,720,0,2921340.000,0,-,-,-,-,3246.4000,3246.2000,3245.8000,3245.4000,3242.6000,3252.4000,3255.6000,3260.4000,3272.8000,3277.0000,1,3,1,1,1,1,11,5,1,1
SF,IH2011,2020-09-23 09:30:07.100,3248.6000,720,0,2921340.000,0,-,-,-,-,3246.6000,3246.4000,3246.2000,3245.8000,3245.4000,3252.4000,3255.6000,3260.4000,3272.8000,3277.0000,1,1,2,1,1,1,11,5,1,1
SF,IH2011,2020-09-23 09:30:07.600,3248.6000,720,0,2921340.000,0,-,-,-,-,3246.8000,3246.6000,3246.2000,3245.8000,3245.4000,3252.4000,3255.6000,3260.4000,3272.8000,3277.0000,1,1,2,1,1,1,11,5,1,1
SF,IH2011,2020-09-23 09:30:08.100,3248.6000,720,0,2921340.000,0,-,-,-,-,3247.0000,3246.8000,3246.2000,3245.8000,3245.4000,3252.4000,3255.6000,3260.4000,3272.8000,3277.0000,1,1,2,1,1,1,11,5,1,1
SF,IH2011,2020-09-23 09:30:08.600,3248.6000,720,0,2921340.000,0,-,-,-,-,3247.2000,3247.0000,3246.2000,3245.8000,3245.4000,3252.2000,3252.4000,3255.6000,3260.4000,3272.8000,1,1,2,1,1,1,1,1,5,1
SF,IH2011,2020-09-23 09:30:09.100,3248.6000,720,0,2921340.000,0,-,-,-,-,3247.4000,3247.2000,3246.2000,3245.8000,3245.4000,3251.8000,3252.0000,3252.4000,3255.6000,3260.4000,1,1,2,1,1,1,1,1,1,5
SF,IH2011,2020-09-23 09:30:09.600,3248.6000,720,0,2921340.000,0,-,-,-,-,3247.6000,3247.4000,3247.2000,3246.2000,3245.8000,3252.4000,3255.6000,3260.4000,3272.8000,3277.0000,1,1,1,2,1,1,1,5,1,1
SF,IH2011,2020-09-23 09:30:10.100,3248.6000,720,0,2921340.000,0,-,-,-,-,3247.8000,3247.6000,3247.2000,3246.2000,3245.8000,3252.4000,3255.6000,3260.4000,3272.8000,3277.0000,1,1,1,2,1,1,1,5,1,1
SF,IH2011,2020-09-23 09:30:10.600,3248.6000,720,0,2921340.000,0,-,-,-,-,3248.0000,3247.8000,3247.6000,3247.2000,3246.2000,3255.6000,3260.4000,3272.8000,3277.0000,3281.0000,1,1,1,1,2,1,5,1,1,10
SF,IH2011,2020-09-23 09:30:11.100,3248.6000,720,0,2921340.000,0,-,-,-,-,3248.2000,3248.0000,3247.6000,3246.2000,3242.6000,3253.6000,3255.4000,3255.6000,3260.4000,3272.8000,2,1,1,2,1,1,1,1,5,1
SF,IH2011,2020-09-23 09:30:11.600,3248.6000,720,0,2921340.000,0,-,-,-,-,3248.4000,3248.2000,3248.0000,3247.6000,3242.6000,3255.4000,3260.4000,3272.8000,3277.0000,3281.0000,2,2,1,1,1,1,5,1,1,10
SF,IH2011,2020-09-23 09:30:12.100,3248.6000,720,0,2921340.000,0,-,-,-,-,3248.6000,3248.4000,3248.0000,3247.6000,3242.6000,3255.2000,3255.4000,3260.4000,3272.8000,3277.0000,2,2,1,1,1,1,1,5,1,1
SF,IH2011,2020-09-23 09:30:12.600,3248.6000,720,0,2921340.000,0,-,-,-,-,3248.6000,3248.4000,3248.0000,3247.6000,3242.6000,3255.2000,3255.4000,3258.2000,3260.4000,3272.8000,2,2,1,1,1,1,1,1,5,1
SF,IH2011,2020-09-23 09:30:13.100,3248.6000,720,0,2921340.000,0,-,-,-,-,3248.6000,3248.4000,3248.0000,3247.6000,3242.6000,3254.6000,3255.2000,3255.4000,3258.2000,3260.4000,2,2,1,1,1,1,1,1,1,5
SF,IH2011,2020-09-23 09:30:13.600,3248.6000,720,0,2921340.000,0,-,-,-,-,3248.6000,3248.4000,3248.0000,3247.6000,3245.2000,3255.4000,3258.2000,3260.4000,3272.8000,3277.0000,2,2,1,1,5,1,1,5,1,1
SF,IH2011,2020-09-23 09:30:14.100,3248.6000,720,0,2921340.000,0,-,-,-,-,3248.6000,3248.4000,3248.0000,3247.6000,3245.2000,3258.2000,3264.2000,3272.8000,3277.0000,3281.0000,2,2,1,1,5,1,5,1,1,10
SF,IH2011,2020-09-23 09:30:14.600,3248.6000,720,0,2921340.000,0,-,-,-,-,3248.6000,3248.4000,3248.0000,3247.6000,3245.2000,3257.2000,3258.0000,3264.2000,3272.8000,3277.0000,2,2,1,1,5,1,1,5,1,1
SF,IH2011,2020-09-23 09:30:15.100,3248.6000,720,0,2921340.000,0,-,-,-,-,3249.6000,3248.8000,3248.6000,3248.4000,3248.0000,3257.0000,3257.2000,3258.0000,3259.8000,3264.2000,1,1,2,2,1,1,1,1,2,5
SF,IH2011,2020-09-23 09:30:15.600,3248.6000,720,0,2921340.000,0,-,-,-,-,3249.8000,3249.6000,3248.8000,3248.4000,3248.0000,3256.8000,3257.0000,3257.2000,3258.0000,3259.8000,2,1,1,2,1,1,2,1,1,2
SF,IH2011,2020-09-23 09:30:16.100,3248.6000,720,0,2921340.000,0,-,-,-,-,3249.8000,3249.6000,3248.8000,3248.4000,3248.0000,3256.6000,3256.8000,3257.0000,3257.2000,3258.0000,2,1,1,2,1,1,1,2,1,1
SF,IH2011,2020-09-23 09:30:16.600,3248.6000,720,0,2921340.000,0,-,-,-,-,3249.8000,3249.6000,3248.8000,3248.4000,3248.0000,3256.4000,3256.6000,3257.0000,3258.0000,3264.2000,2,1,1,2,1,2,1,2,1,5
SF,IH2011,2020-09-23 09:30:17.100,3248.6000,720,0,2921340.000,0,-,-,-,-,3249.8000,3248.8000,3248.4000,3248.0000,3245.2000,3256.4000,3256.6000,3257.0000,3258.0000,3264.2000,2,1,2,1,5,2,1,2,1,5
SF,IH2011,2020-09-23 09:30:17.600,3248.6000,720,0,2921340.000,0,-,-,-,-,3249.8000,3248.8000,3248.4000,3248.0000,3245.2000,3255.8000,3256.4000,3257.0000,3258.0000,3264.2000,2,1,2,1,5,1,2,2,1,5
SF,IH2011,2020-09-23 09:30:18.100,3248.6000,720,0,2921340.000,0,-,-,-,-,3249.8000,3248.8000,3248.4000,3248.0000,3245.2000,3255.6000,3255.8000,3257.0000,3264.2000,3272.8000,2,1,2,1,5,2,1,2,5,1
SF,IH2011,2020-09-23 09:30:18.600,3248.6000,720,0,2921340.000,0,-,-,-,-,3249.8000,3248.8000,3248.4000,3248.0000,3245.2000,3255.4000,3255.6000,3255.8000,3257.0000,3264.2000,2,1,2,1,5,1,2,1,2,5
SF,IH2011,2020-09-23 09:30:19.100,3248.6000,720,0,2921340.000,0,-,-,-,-,3249.8000,3248.8000,3248.4000,3248.0000,3245.2000,3255.2000,3255.4000,3255.6000,3255.8000,3257.0000,2,1,2,1,5,1,1,1,1,2
SF,IH2011,2020-09-23 09:30:19.600,3248.6000,720,0,2921340.000,0,-,-,-,-,3249.8000,3248.8000,3248.4000,3248.0000,3245.2000,3255.0000,3255.2000,3255.4000,3255.6000,3257.0000,2,1,2,1,5,1,1,1,1,2
SF,IH2011,2020-09-23 09:30:20.100,3248.6000,720,0,2921340.000,0,-,-,-,-,3249.8000,3248.8000,3248.4000,3248.0000,3245.2000,3254.8000,3255.0000,3255.4000,3255.6000,3257.0000,2,1,2,1,5,1,1,1,1,1
SF,IH2011,2020-09-23 09:30:20.600,3248.6000,720,0,2921340.000,0,-,-,-,-,3249.8000,3248.8000,3248.4000,3248.0000,3245.2000,3254.8000,3255.0000,3255.4000,3255.6000,3257.0000,2,1,2,1,5,1,1,2,1,1
SF,IH2011,2020-09-23 09:30:22.600,3248.6000,720,0,2921340.000,0,-,-,-,-,3249.8000,3248.4000,3248.0000,3245.2000,3238.0000,3254.8000,3255.0000,3255.4000,3255.6000,3257.0000,2,2,1,5,1,1,1,1,1,1
SF,IH2011,2020-09-23 09:30:23.100,3248.6000,720,0,2921340.000,0,-,-,-,-,3249.8000,3248.4000,3248.0000,3245.2000,3238.0000,3254.6000,3254.8000,3255.0000,3255.4000,3255.6000,2,2,1,5,1,1,1,1,1,1
SF,IH2011,2020-09-23 09:30:23.600,3248.6000,720,0,2921340.000,0,-,-,-,-,3249.8000,3248.4000,3248.0000,3241.4000,3238.0000,3254.2000,3254.6000,3254.8000,3255.4000,3255.6000,1,2,1,5,1,1,1,1,1,1
SF,IH2011,2020-09-23 09:30:24.100,3248.6000,720,0,2921340.000,0,-,-,-,-,3249.8000,3248.4000,3248.0000,3241.4000,3238.0000,3254.2000,3254.6000,3254.8000,3255.4000,3255.6000,1,2,1,5,1,1,1,1,1,1
SF,IH2011,2020-09-23 09:30:24.600,3248.6000,720,0,2921340.000,0,-,-,-,-,3249.8000,3248.4000,3248.0000,3241.4000,3238.0000,3254.2000,3254.6000,3254.8000,3255.4000,3255.6000,1,2,1,5,1,1,1,1,1,1
SF,IH2011,2020-09-23 09:30:25.600,3248.6000,720,0,2921340.000,0,-,-,-,-,3249.8000,3248.4000,3248.0000,3241.4000,3238.0000,3254.0000,3254.2000,3254.6000,3254.8000,3255.4000,1,2,1,5,1,1,1,1,1,1
SF,IH2011,2020-09-23 09:30:26.100,3248.6000,720,0,2921340.000,0,-,-,-,-,3248.4000,3248.0000,3241.4000,3238.0000,3213.2000,3251.6000,3253.8000,3254.0000,3254.2000,3254.6000,2,1,5,1,3,1,1,1,1,1
SF,IH2011,2020-09-23 09:30:26.600,3248.6000,720,0,2921340.000,0,-,-,-,-,3248.6000,3248.4000,3248.0000,3241.4000,3238.0000,3253.8000,3254.0000,3254.2000,3254.8000,3257.0000,1,2,1,5,1,1,1,1,1,1
SF,IH2011,2020-09-23 09:30:27.100,3248.6000,720,0,2921340.000,0,-,-,-,-,3248.6000,3248.4000,3248.0000,3241.4000,3238.0000,3253.6000,3253.8000,3254.2000,3257.0000,3264.2000,1,2,1,5,1,2,1,1,1,5
SF,IH2011,2020-09-23 09:30:30.100,3248.6000,720,0,2921340.000,0,-,-,-,-,3248.6000,3248.4000,3248.0000,3241.4000,3238.0000,3253.0000,3253.6000,3253.8000,3254.2000,3257.0000,1,2,1,5,1,1,2,1,1,1
SF,IH2011,2020-09-23 09:30:30.600,3248.6000,720,0,2921340.000,0,-,-,-,-,3248.0000,3241.4000,3238.0000,3213.2000,3212.6000,3252.8000,3253.0000,3253.6000,3253.8000,3257.0000,1,5,1,3,1,2,1,2,1,1
SF,IH2011,2020-09-23 09:30:31.100,3248.6000,720,0,2921340.000,0,-,-,-,-,3248.2000,3248.0000,3241.4000,3238.0000,3213.2000,3252.8000,3253.0000,3253.6000,3253.8000,3257.0000,1,1,5,1,3,2,1,2,1,1
SF,IH2011,2020-09-23 09:30:31.600,3248.6000,720,0,2921340.000,0,-,-,-,-,3248.2000,3248.0000,3241.4000,3238.0000,3213.2000,3252.8000,3253.6000,3253.8000,3256.6000,3257.0000,1,1,5,1,3,2,2,1,5,1
SF,IH2011,2020-09-23 09:30:32.100,3248.6000,720,0,2921340.000,0,-,-,-,-,3241.4000,3238.0000,3213.2000,3212.6000,3206.0000,3248.2000,3250.6000,3252.2000,3252.8000,3253.6000,5,1,3,1,3,1,1,1,2,2
SF,IH2011,2020-09-23 09:30:32.600,3248.2000,719,-1,3895800.000,1,0,1,双平,S,3245.8000,3241.6000,3238.0000,3237.6000,3213.2000,3248.2000,3252.2000,3252.8000,3253.8000,3256.6000,1,4,1,5,3,1,1,1,1,5
SF,IH2011,2020-09-23 09:30:33.100,3248.2000,718,-1,4870260.000,1,0,1,双平,S,3246.0000,3241.6000,3238.0000,3237.6000,3213.2000,3252.2000,3252.8000,3253.8000,3256.6000,3257.0000,1,1,1,5,3,1,1,1,5,1
SF,IH2011,2020-09-23 09:30:33.600,3248.2000,718,0,4870260.000,0,-,-,-,-,3246.2000,3246.0000,3238.0000,3237.6000,3213.2000,3252.0000,3252.2000,3252.8000,3253.8000,3256.6000,1,1,1,5,3,1,1,1,1,5
SF,IH2011,2020-09-23 09:30:34.100,3248.2000,718,0,4870260.000,0,-,-,-,-,3246.4000,3246.2000,3246.0000,3238.0000,3237.6000,3252.0000,3252.8000,3253.8000,3256.6000,3257.0000,1,1,1,1,5,1,1,1,5,1
SF,IH2011,2020-09-23 09:30:34.600,3248.2000,718,0,4870260.000,0,-,-,-,-,3246.8000,3246.6000,3246.4000,3246.0000,3238.0000,3252.0000,3252.8000,3253.8000,3257.0000,3260.4000,1,1,1,1,1,1,1,1,1,5
SF,IH2011,2020-09-23 09:30:35.100,3248.2000,718,0,4870260.000,0,-,-,-,-,3247.0000,3246.8000,3246.4000,3246.0000,3238.0000,3252.8000,3253.8000,3257.0000,3260.4000,3272.8000,2,1,1,1,1,1,1,1,5,1
SF,IH2011,2020-09-23 09:30:35.600,3248.2000,718,0,4870260.000,0,-,-,-,-,3247.0000,3246.4000,3246.0000,3238.0000,3237.6000,3252.6000,3252.8000,3253.8000,3257.0000,3260.4000,2,1,1,1,5,1,1,1,1,5
SF,IH2011,2020-09-23 09:30:36.100,3248.2000,718,0,4870260.000,0,-,-,-,-,3247.0000,3246.4000,3246.0000,3238.0000,3237.6000,3252.6000,3252.8000,3257.0000,3260.4000,3272.8000,2,1,1,1,5,1,1,1,5,1
SF,IH2011,2020-09-23 09:30:37.100,3248.2000,718,0,4870260.000,0,-,-,-,-,3247.0000,3246.4000,3246.0000,3238.0000,3237.6000,3252.0000,3252.6000,3252.8000,3257.0000,3260.4000,2,1,1,1,5,1,1,1,1,5
SF,IH2011,2020-09-23 09:30:37.600,3248.2000,718,0,4870260.000,0,-,-,-,-,3247.0000,3246.4000,3246.0000,3238.0000,3237.6000,3251.8000,3252.0000,3252.6000,3252.8000,3256.0000,2,1,1,1,5,1,1,1,1,2
SF,IH2011,2020-09-23 09:30:38.100,3248.2000,718,0,4870260.000,0,-,-,-,-,3247.0000,3246.4000,3246.0000,3238.0000,3237.6000,3251.6000,3251.8000,3252.0000,3252.6000,3252.8000,2,1,1,1,5,1,1,1,1,1
SF,IH2011,2020-09-23 09:30:38.600,3248.2000,718,0,4870260.000,0,-,-,-,-,3247.0000,3246.4000,3246.0000,3238.0000,3237.6000,3251.6000,3251.8000,3252.6000,3252.8000,3256.0000,2,1,1,1,5,2,1,1,1,2
SF,IH2011,2020-09-23 09:30:42.100,3248.2000,718,0,4870260.000,0,-,-,-,-,3247.0000,3246.4000,3246.0000,3238.0000,3237.6000,3250.8000,3251.0000,3251.8000,3252.6000,3252.8000,2,1,1,1,5,1,1,1,1,1
SF,IH2011,2020-09-23 09:30:42.600,3248.2000,718,0,4870260.000,0,-,-,-,-,3247.0000,3246.4000,3246.0000,3238.0000,3237.6000,3250.8000,3251.0000,3251.8000,3252.6000,3252.8000,1,1,1,1,5,1,1,1,1,1
SF,IH2011,2020-09-23 09:30:43.100,3248.2000,718,0,4870260.000,0,-,-,-,-,3247.0000,3246.4000,3246.0000,3238.0000,3237.6000,3250.8000,3251.0000,3251.8000,3252.6000,3252.8000,1,1,1,1,5,1,1,1,1,1
SF,IH2011,2020-09-23 09:30:44.600,3248.2000,718,0,4870260.000,0,-,-,-,-,3247.0000,3246.4000,3246.0000,3238.0000,3237.6000,3251.0000,3252.6000,3252.8000,3256.0000,3257.0000,1,1,1,1,5,1,1,1,2,1
SF,IH2011,2020-09-23 09:30:45.100,3248.2000,718,0,4870260.000,0,-,-,-,-,3247.0000,3246.4000,3246.0000,3238.0000,3237.6000,3252.6000,3256.0000,3257.0000,3260.4000,3272.8000,1,1,1,1,5,1,2,1,5,1
SF,IH2011,2020-09-23 09:30:45.600,3248.2000,718,0,4870260.000,0,-,-,-,-,3247.2000,3247.0000,3246.4000,3246.0000,3238.0000,3252.4000,3252.6000,3256.0000,3257.0000,3260.4000,1,1,1,1,1,1,1,2,1,5
SF,IH2011,2020-09-23 09:30:46.100,3248.2000,718,0,4870260.000,0,-,-,-,-,3247.4000,3247.2000,3247.0000,3246.4000,3246.0000,3252.0000,3252.2000,3252.4000,3252.6000,3256.0000,1,1,1,1,1,1,1,1,1,2
SF,IH2011,2020-09-23 09:30:48.100,3248.2000,718,0,4870260.000,0,-,-,-,-,3247.4000,3247.2000,3247.0000,3246.4000,3246.0000,3251.8000,3252.0000,3252.4000,3252.6000,3256.0000,1,1,1,1,1,1,1,1,1,2
SF,IH2011,2020-09-23 09:30:49.600,3248.2000,718,0,4870260.000,0,-,-,-,-,3247.4000,3247.2000,3247.0000,3246.4000,3246.0000,3252.0000,3256.0000,3257.0000,3260.4000,3272.8000,1,1,1,1,1,1,2,1,5,1
SF,IH2011,2020-09-23 09:30:50.100,3248.2000,718,0,4870260.000,0,-,-,-,-,3247.4000,3247.2000,3247.0000,3246.4000,3246.0000,3252.0000,3256.0000,3257.0000,3260.4000,3272.8000,1,1,1,1,1,1,2,1,5,1
SF,IH2011,2020-09-23 09:30:50.600,3248.2000,718,0,4870260.000,0,-,-,-,-,3247.4000,3247.2000,3247.0000,3246.4000,3246.0000,3256.0000,3257.0000,3260.4000,3272.8000,3277.0000,1,1,1,1,1,2,1,5,1,1
SF,IH2011,2020-09-23 09:30:51.100,3248.2000,718,0,4870260.000,0,-,-,-,-,3248.2000,3247.6000,3247.4000,3247.0000,3246.4000,3255.8000,3256.0000,3257.0000,3260.4000,3272.8000,1,1,1,1,1,1,2,1,5,1
SF,IH2011,2020-09-23 09:30:51.600,3248.2000,718,0,4870260.000,0,-,-,-,-,3248.4000,3248.2000,3247.4000,3247.0000,3246.4000,3251.8000,3253.2000,3255.8000,3256.0000,3257.0000,2,1,1,1,1,1,1,1,2,1
SF,IH2011,2020-09-23 09:30:52.100,3248.2000,718,0,4870260.000,0,-,-,-,-,3248.4000,3248.2000,3247.4000,3247.0000,3238.0000,3253.2000,3253.8000,3256.0000,3257.0000,3260.4000,1,1,1,1,1,1,1,2,1,5
SF,IH2011,2020-09-23 09:30:52.600,3248.2000,718,0,4870260.000,0,-,-,-,-,3248.4000,3248.2000,3247.4000,3247.0000,3238.0000,3253.0000,3253.2000,3253.8000,3256.0000,3257.0000,1,1,1,1,1,1,1,1,2,1
SF,IH2011,2020-09-23 09:30:53.100,3248.2000,718,0,4870260.000,0,-,-,-,-,3251.8000,3248.4000,3247.4000,3247.0000,3238.0000,3253.0000,3253.2000,3253.8000,3256.0000,3257.0000,2,1,1,1,1,1,1,1,2,1
SF,IH2011,2020-09-23 09:30:53.600,3251.8000,716,-2,6821340.000,2,0,2,双平,S,3238.0000,3237.6000,3213.2000,3212.6000,3192.6000,3251.8000,3253.0000,3253.2000,3253.8000,3256.0000,1,5,3,1,1,1,1,1,1,2
SF,IH2011,2020-09-23 09:30:54.100,3251.8000,716,0,6821340.000,0,-,-,-,-,3247.4000,3238.2000,3238.0000,3237.6000,3213.2000,3253.0000,3253.2000,3253.8000,3256.0000,3257.0000,1,4,1,5,3,1,1,1,2,1
SF,IH2011,2020-09-23 09:30:54.600,3251.8000,716,0,6821340.000,0,-,-,-,-,3247.6000,3238.2000,3238.0000,3237.6000,3213.2000,3251.6000,3253.0000,3253.8000,3256.0000,3257.0000,2,3,1,5,3,2,1,1,2,1
SF,IH2011,2020-09-23 09:30:55.100,3251.8000,716,0,6821340.000,0,-,-,-,-,3248.0000,3247.6000,3238.2000,3238.0000,3237.6000,3251.6000,3253.0000,3253.8000,3256.0000,3257.0000,2,1,3,1,5,2,1,1,2,1
SF,IH2011,2020-09-23 09:30:55.600,3251.8000,716,0,6821340.000,0,-,-,-,-,3248.2000,3248.0000,3247.6000,3243.8000,3238.2000,3251.4000,3251.6000,3253.0000,3253.8000,3256.0000,3,2,1,1,3,1,2,1,1,2
SF,IH2011,2020-09-23 09:30:57.100,3251.8000,716,0,6821340.000,0,-,-,-,-,3248.2000,3248.0000,3247.6000,3243.8000,3238.2000,3251.4000,3251.6000,3253.0000,3253.8000,3256.0000,3,1,1,1,3,1,2,1,1,2
SF,IH2011,2020-09-23 09:30:58.100,3251.8000,716,0,6821340.000,0,-,-,-,-,3248.2000,3248.0000,3247.6000,3243.8000,3238.2000,3251.4000,3251.6000,3252.8000,3253.0000,3253.8000,3,1,1,1,3,1,2,1,1,1
SF,IH2011,2020-09-23 09:30:59.600,3251.8000,716,0,6821340.000,0,-,-,-,-,3248.2000,3248.0000,3247.6000,3243.8000,3238.2000,3251.4000,3251.6000,3252.8000,3253.8000,3256.0000,3,1,1,1,3,1,2,1,1,2
SF,IH2011,2020-09-23 09:31:00.100,3251.8000,716,0,6821340.000,0,-,-,-,-,3248.2000,3248.0000,3247.6000,3243.8000,3238.2000,3251.6000,3253.8000,3256.0000,3257.0000,3260.4000,3,1,1,1,3,1,1,2,1,5
SF,IH2011,2020-09-23 09:31:00.600,3251.8000,716,0,6821340.000,0,-,-,-,-,3248.4000,3248.2000,3248.0000,3247.6000,3243.8000,3251.6000,3253.8000,3256.0000,3257.0000,3260.4000,1,3,1,1,1,1,1,2,1,5
SF,IH2011,2020-09-23 09:31:01.100,3251.6000,715,-1,7796820.000,1,0,1,双平,S,3248.4000,3248.2000,3248.0000,3247.6000,3243.8000,3253.8000,3256.0000,3257.0000,3260.4000,3277.0000,1,3,1,1,1,1,2,1,5,1
SF,IH2011,2020-09-23 09:31:01.600,3251.6000,715,0,7796820.000,0,-,-,-,-,3249.0000,3248.6000,3248.4000,3248.2000,3247.6000,3253.6000,3253.8000,3256.0000,3257.0000,3260.4000,1,1,1,3,1,1,1,2,1,5
SF,IH2011,2020-09-23 09:31:02.100,3251.6000,715,0,7796820.000,0,-,-,-,-,3249.2000,3249.0000,3248.6000,3248.2000,3247.6000,3253.6000,3253.8000,3256.0000,3257.0000,3260.4000,1,1,1,3,1,1,1,2,1,5
SF,IH2011,2020-09-23 09:31:02.600,3251.6000,715,0,7796820.000,0,-,-,-,-,3249.2000,3249.0000,3248.6000,3248.2000,3247.6000,3253.6000,3253.8000,3256.0000,3257.0000,3260.4000,1,1,1,3,1,1,1,2,1,5
SF,IH2011,2020-09-23 09:31:03.100,3251.6000,715,0,7796820.000,0,-,-,-,-,3249.8000,3249.2000,3249.0000,3248.6000,3248.2000,3253.6000,3256.0000,3257.0000,3260.4000,3277.0000,1,1,1,1,3,1,2,1,5,1
SF,IH2011,2020-09-23 09:31:03.600,3251.6000,715,0,7796820.000,0,-,-,-,-,3250.0000,3249.8000,3249.6000,3249.2000,3249.0000,3253.6000,3256.0000,3257.0000,3260.4000,3277.0000,4,1,1,1,1,1,2,1,5,1
SF,IH2011,2020-09-23 09:31:04.100,3251.6000,715,0,7796820.000,0,-,-,-,-,3250.0000,3249.8000,3249.6000,3249.2000,3249.0000,3253.6000,3256.0000,3257.0000,3260.4000,3277.0000,1,1,1,1,1,1,2,1,5,1
SF,IH2011,2020-09-23 09:31:04.600,3251.6000,715,0,7796820.000,0,-,-,-,-,3250.4000,3250.0000,3249.2000,3249.0000,3248.6000,3253.4000,3253.6000,3256.0000,3257.0000,3260.4000,1,1,1,1,1,2,1,2,1,5
SF,IH2011,2020-09-23 09:31:05.100,3251.6000,715,0,7796820.000,0,-,-,-,-,3250.6000,3250.4000,3250.0000,3249.2000,3249.0000,3253.4000,3253.6000,3256.0000,3257.0000,3260.4000,1,1,1,1,1,2,1,2,1,5
SF,IH2011,2020-09-23 09:31:07.100,3251.6000,715,0,7796820.000,0,-,-,-,-,3250.6000,3250.0000,3249.2000,3248.6000,3243.8000,3253.4000,3253.6000,3256.0000,3257.0000,3260.4000,1,1,1,1,1,3,1,2,1,5
SF,IH2011,2020-09-23 09:31:07.600,3251.6000,715,0,7796820.000,0,-,-,-,-,3250.6000,3250.0000,3249.2000,3248.6000,3243.8000,3253.2000,3253.4000,3256.0000,3257.0000,3260.4000,1,1,1,1,1,2,3,2,1,5
SF,IH2011,2020-09-23 09:31:09.100,3251.6000,715,0,7796820.000,0,-,-,-,-,3250.0000,3249.2000,3248.6000,3243.8000,3241.4000,3253.2000,3253.4000,3256.0000,3257.0000,3260.4000,1,1,1,1,5,2,3,2,1,5
SF,IH2011,2020-09-23 09:31:09.600,3251.6000,715,0,7796820.000,0,-,-,-,-,3250.2000,3250.0000,3248.6000,3243.8000,3241.4000,3252.8000,3253.2000,3253.4000,3256.0000,3257.0000,2,1,1,1,5,1,2,3,2,1
SF,IH2011,2020-09-23 09:31:10.100,3251.6000,715,0,7796820.000,0,-,-,-,-,3250.2000,3250.0000,3243.8000,3241.4000,3238.2000,3252.6000,3252.8000,3253.2000,3253.4000,3256.0000,2,1,1,5,3,1,1,1,3,2
SF,IH2011,2020-09-23 09:31:11.100,3251.6000,715,0,7796820.000,0,-,-,-,-,3250.8000,3250.2000,3250.0000,3243.8000,3241.4000,3252.6000,3253.4000,3256.0000,3257.0000,3260.4000,1,2,1,1,5,1,3,2,1,5
SF,IH2011,2020-09-23 09:31:11.600,3251.6000,715,0,7796820.000,0,-,-,-,-,3250.2000,3250.0000,3243.8000,3241.4000,3238.2000,3252.6000,3253.4000,3256.0000,3257.0000,3260.4000,2,1,1,5,3,1,3,2,1,5
SF,IH2011,2020-09-23 09:31:12.100,3251.6000,715,0,7796820.000,0,-,-,-,-,3250.4000,3250.2000,3250.0000,3243.8000,3241.4000,3252.6000,3253.4000,3256.0000,3257.0000,3260.4000,1,2,1,1,5,1,3,2,1,5
SF,IH2011,2020-09-23 09:31:14.600,3251.6000,715,0,7796820.000,0,-,-,-,-,3250.4000,3250.2000,3250.0000,3243.8000,3241.4000,3252.6000,3253.4000,3256.0000,3257.0000,3260.4000,1,2,1,1,5,1,2,2,1,5
SF,IH2011,2020-09-23 09:31:15.100,3251.6000,715,0,7796820.000,0,-,-,-,-,3250.4000,3250.2000,3250.0000,3243.8000,3241.4000,3253.4000,3256.0000,3257.0000,3260.4000,3277.0000,1,2,1,1,5,1,2,1,5,1
SF,IH2011,2020-09-23 09:31:15.600,3251.6000,715,0,7796820.000,0,-,-,-,-,3250.4000,3250.2000,3250.0000,3243.8000,3241.4000,3253.2000,3253.4000,3256.0000,3257.0000,3260.4000,1,2,1,1,5,1,1,2,1,5
SF,IH2011,2020-09-23 09:31:16.600,3251.6000,715,0,7796820.000,0,-,-,-,-,3250.6000,3250.4000,3250.2000,3250.0000,3243.8000,3253.2000,3253.4000,3256.0000,3257.0000,3260.4000,1,1,2,1,1,1,1,2,1,5
SF,IH2011,2020-09-23 09:31:17.100,3251.6000,715,0,7796820.000,0,-,-,-,-,3250.6000,3250.4000,3250.2000,3250.0000,3243.8000,3253.4000,3256.0000,3257.0000,3260.4000,3277.0000,1,2,2,1,1,1,2,1,5,1
SF,IH2011,2020-09-23 09:31:17.600,3251.6000,715,0,7796820.000,0,-,-,-,-,3250.6000,3250.4000,3250.2000,3250.0000,3243.8000,3253.4000,3256.0000,3257.0000,3260.4000,3277.0000,1,2,2,1,1,1,2,1,5,1
SF,IH2011,2020-09-23 09:31:18.100,3251.6000,715,0,7796820.000,0,-,-,-,-,3251.0000,3250.6000,3250.4000,3250.2000,3250.0000,3253.4000,3256.0000,3257.0000,3260.4000,3277.0000,1,1,1,2,2,1,2,1,5,1
SF,IH2011,2020-09-23 09:31:18.600,3251.6000,715,0,7796820.000,0,-,-,-,-,3251.0000,3250.6000,3250.4000,3250.2000,3250.0000,3253.4000,3257.0000,3260.4000,3277.0000,3281.0000,1,1,1,2,2,1,1,5,1,10
SF,IH2011,2020-09-23 09:31:19.100,3251.6000,715,0,7796820.000,0,-,-,-,-,3250.6000,3250.4000,3250.2000,3250.0000,3243.8000,3253.2000,3253.4000,3257.0000,3260.4000,3277.0000,1,1,2,2,1,1,1,1,5,1
SF,IH2011,2020-09-23 09:31:19.600,3251.6000,715,0,7796820.000,0,-,-,-,-,3250.6000,3250.4000,3250.2000,3250.0000,3243.8000,3253.2000,3253.4000,3257.0000,3259.0000,3260.4000,1,1,2,2,1,1,1,1,2,5
SF,IH2011,2020-09-23 09:31:20.100,3251.6000,715,0,7796820.000,0,-,-,-,-,3250.6000,3250.4000,3250.2000,3250.0000,3243.8000,3253.2000,3253.4000,3256.4000,3257.0000,3259.0000,1,1,2,2,1,1,1,10,1,2
SF,IH2011,2020-09-23 09:31:22.100,3250.6000,714,-1,8772000.000,1,0,1,双平,S,3250.0000,3243.8000,3241.4000,3238.2000,3238.0000,3253.2000,3253.4000,3256.4000,3257.0000,3259.0000,1,1,5,3,1,1,1,10,1,2
SF,IH2011,2020-09-23 09:31:22.600,3250.6000,714,0,8772000.000,0,-,-,-,-,3250.0000,3243.8000,3241.4000,3238.2000,3238.0000,3253.0000,3253.2000,3253.4000,3256.4000,3257.0000,1,1,5,3,1,1,1,1,10,1
SF,IH2011,2020-09-23 09:31:23.100,3250.0000,714,0,9747000.000,1,0,1,多换,S,3243.8000,3241.4000,3238.2000,3238.0000,3213.2000,3253.0000,3253.2000,3253.4000,3256.4000,3257.0000,1,5,3,1,3,1,1,1,10,1
SF,IH2011,2020-09-23 09:31:23.600,3250.0000,714,0,9747000.000,0,-,-,-,-,3244.0000,3243.8000,3241.4000,3238.2000,3238.0000,3253.0000,3253.2000,3253.4000,3256.4000,3257.0000,3,1,5,3,1,1,1,1,10,1
SF,IH2011,2020-09-23 09:31:24.100,3250.0000,714,0,9747000.000,0,-,-,-,-,3244.0000,3243.8000,3241.4000,3238.2000,3238.0000,3252.6000,3252.8000,3253.0000,3253.2000,3253.4000,3,1,5,3,1,1,1,1,1,1
SF,IH2011,2020-09-23 09:31:24.600,3250.0000,714,0,9747000.000,0,-,-,-,-,3245.6000,3244.0000,3243.8000,3241.4000,3238.2000,3252.4000,3252.6000,3252.8000,3253.4000,3256.4000,1,3,1,5,3,2,1,1,1,10
SF,IH2011,2020-09-23 09:31:25.100,3250.0000,714,0,9747000.000,0,-,-,-,-,3245.8000,3245.6000,3244.0000,3243.8000,3241.4000,3250.4000,3252.4000,3252.6000,3252.8000,3253.4000,3,1,1,1,5,1,2,1,1,1
SF,IH2011,2020-09-23 09:31:25.600,3250.0000,714,0,9747000.000,0,-,-,-,-,3245.8000,3245.6000,3244.0000,3243.8000,3241.4000,3250.2000,3250.4000,3252.0000,3252.6000,3256.4000,3,1,1,1,5,1,1,1,1,10
SF,IH2011,2020-09-23 09:31:26.100,3250.0000,714,0,9747000.000,0,-,-,-,-,3246.6000,3245.8000,3244.0000,3243.8000,3241.4000,3250.2000,3250.4000,3251.6000,3252.0000,3256.4000,1,2,1,1,5,1,1,1,1,10
SF,IH2011,2020-09-23 09:31:26.600,3250.0000,714,0,9747000.000,0,-,-,-,-,3246.8000,3246.6000,3246.0000,3245.8000,3243.8000,3250.2000,3250.4000,3251.6000,3252.0000,3256.4000,2,2,1,2,1,1,1,1,1,10
SF,IH2011,2020-09-23 09:31:27.100,3250.0000,714,0,9747000.000,0,-,-,-,-,3247.0000,3246.8000,3246.6000,3245.8000,3243.8000,3250.2000,3250.4000,3251.6000,3252.0000,3256.4000,1,2,2,2,1,1,1,1,1,10
SF,IH2011,2020-09-23 09:31:27.600,3250.0000,714,0,9747000.000,0,-,-,-,-,3247.2000,3247.0000,3246.8000,3246.6000,3245.8000,3250.2000,3250.4000,3251.6000,3252.0000,3256.4000,1,1,2,2,2,1,1,1,1,10
SF,IH2011,2020-09-23 09:31:28.100,3250.0000,714,0,9747000.000,0,-,-,-,-,3247.2000,3247.0000,3246.8000,3246.6000,3245.8000,3250.2000,3250.4000,3251.6000,3256.4000,3257.0000,2,1,2,1,1,1,1,1,10,1
SF,IH2011,2020-09-23 09:31:28.600,3250.0000,714,0,9747000.000,0,-,-,-,-,3247.2000,3246.8000,3245.8000,3243.8000,3238.2000,3250.2000,3250.4000,3251.6000,3256.4000,3257.0000,1,2,1,1,2,1,1,1,10,1
SF,IH2011,2020-09-23 09:31:31.100,3250.0000,714,0,9747000.000,0,-,-,-,-,3247.2000,3246.8000,3245.8000,3243.8000,3238.2000,3250.0000,3250.2000,3250.4000,3251.6000,3256.4000,1,2,1,1,2,1,1,1,1,10
SF,IH2011,2020-09-23 09:31:31.600,3250.0000,714,0,9747000.000,0,-,-,-,-,3247.2000,3246.8000,3245.8000,3243.8000,3238.2000,3249.8000,3250.0000,3250.4000,3251.6000,3256.4000,1,2,1,1,2,1,1,1,1,10
SF,IH2011,2020-09-23 09:31:33.600,3250.0000,714,0,9747000.000,0,-,-,-,-,3246.8000,3245.8000,3243.8000,3238.2000,3238.0000,3249.8000,3250.0000,3250.4000,3251.6000,3256.4000,2,1,1,2,1,1,1,1,1,10
SF,IH2011,2020-09-23 09:31:34.100,3250.0000,714,0,9747000.000,0,-,-,-,-,3246.8000,3245.8000,3243.8000,3238.2000,3238.0000,3249.8000,3250.0000,3250.4000,3251.6000,3256.4000,2,1,1,2,1,1,1,1,1,10
SF,IH2011,2020-09-23 09:31:34.600,3250.0000,714,0,9747000.000,0,-,-,-,-,3247.0000,3246.8000,3245.8000,3243.8000,3238.2000,3249.8000,3250.0000,3250.4000,3251.6000,3256.4000,1,2,1,1,2,1,1,1,1,10
SF,IH2011,2020-09-23 09:31:37.600,3250.0000,714,0,9747000.000,0,-,-,-,-,3246.8000,3245.8000,3243.8000,3238.2000,3238.0000,3249.8000,3250.4000,3251.6000,3256.4000,3257.0000,2,1,1,2,1,1,1,1,10,1
SF,IH2011,2020-09-23 09:31:38.100,3250.0000,714,0,9747000.000,0,-,-,-,-,3246.8000,3245.8000,3243.8000,3238.2000,3238.0000,3249.8000,3250.4000,3251.6000,3256.4000,3257.0000,2,1,1,2,1,1,1,1,10,1
SF,IH2011,2020-09-23 09:31:38.600,3250.0000,714,0,9747000.000,0,-,-,-,-,3247.0000,3246.8000,3245.8000,3243.8000,3238.2000,3249.6000,3249.8000,3250.4000,3257.0000,3259.0000,1,2,1,1,2,1,1,1,1,2
SF,IH2011,2020-09-23 09:31:39.100,3250.0000,714,0,9747000.000,0,-,-,-,-,3246.8000,3245.8000,3243.8000,3238.2000,3238.0000,3249.4000,3249.6000,3250.4000,3257.0000,3259.0000,2,1,1,2,1,1,2,1,1,2
SF,IH2011,2020-09-23 09:31:41.600,3250.0000,714,0,9747000.000,0,-,-,-,-,3245.8000,3243.8000,3238.2000,3238.0000,3237.6000,3249.4000,3249.6000,3250.4000,3257.0000,3259.0000,1,1,2,1,5,1,2,1,1,2
SF,IH2011,2020-09-23 09:31:42.100,3250.0000,714,0,9747000.000,0,-,-,-,-,3246.0000,3245.8000,3243.8000,3238.2000,3238.0000,3249.2000,3249.4000,3249.6000,3250.4000,3257.0000,3,1,1,2,1,1,1,1,1,1
SF,IH2011,2020-09-23 09:31:42.600,3250.0000,714,0,9747000.000,0,-,-,-,-,3246.0000,3245.8000,3243.8000,3238.2000,3238.0000,3249.0000,3249.2000,3249.6000,3257.0000,3259.0000,3,1,1,2,1,1,1,1,1,2
SF,IH2011,2020-09-23 09:31:43.100,3250.0000,714,0,9747000.000,0,-,-,-,-,3246.0000,3245.8000,3243.8000,3238.2000,3238.0000,3248.4000,3249.0000,3249.2000,3249.6000,3257.0000,3,1,1,2,1,1,1,1,1,1
SF,IH2011,2020-09-23 09:31:43.600,3250.0000,714,0,9747000.000,0,-,-,-,-,3246.0000,3245.8000,3243.8000,3238.2000,3238.0000,3248.4000,3249.0000,3249.6000,3257.0000,3259.0000,3,1,1,2,1,1,1,1,1,2
SF,IH2011,2020-09-23 09:31:44.100,3250.0000,714,0,9747000.000,0,-,-,-,-,3246.2000,3246.0000,3245.8000,3243.8000,3238.2000,3248.4000,3249.0000,3257.0000,3259.0000,3260.4000,1,3,1,1,2,1,1,1,2,5
SF,IH2011,2020-09-23 09:31:44.600,3248.4000,713,-1,10721520.000,1,0,1,双平,S,3246.6000,3246.2000,3246.0000,3245.8000,3243.8000,3257.0000,3259.0000,3260.4000,3277.0000,3281.0000,1,1,3,1,1,1,2,5,1,10
SF,IH2011,2020-09-23 09:31:45.100,3248.4000,713,0,10721520.000,0,-,-,-,-,3246.8000,3246.0000,3245.8000,3243.8000,3238.2000,3250.0000,3251.0000,3251.4000,3256.8000,3257.0000,1,3,1,1,2,1,1,2,3,1
SF,IH2011,2020-09-23 09:31:45.600,3248.4000,713,0,10721520.000,0,-,-,-,-,3246.0000,3245.8000,3243.8000,3238.2000,3238.0000,3249.8000,3251.4000,3256.8000,3257.0000,3259.0000,3,1,1,1,1,1,1,1,1,2
SF,IH2011,2020-09-23 09:31:46.100,3248.4000,713,0,10721520.000,0,-,-,-,-,3246.6000,3246.2000,3246.0000,3245.8000,3243.8000,3249.8000,3251.4000,3256.8000,3257.0000,3259.0000,1,1,3,1,1,1,1,1,1,2
SF,IH2011,2020-09-23 09:31:46.600,3248.4000,713,0,10721520.000,0,-,-,-,-,3246.8000,3246.6000,3246.0000,3245.8000,3243.8000,3249.6000,3249.8000,3251.4000,3253.6000,3256.8000,1,1,3,1,1,1,1,1,2,1
SF,IH2011,2020-09-23 09:31:47.100,3248.4000,713,0,10721520.000,0,-,-,-,-,3246.0000,3245.8000,3243.8000,3238.2000,3238.0000,3249.4000,3249.6000,3251.4000,3253.6000,3256.8000,3,1,1,1,1,1,1,1,2,1
SF,IH2011,2020-09-23 09:31:47.600,3248.4000,713,0,10721520.000,0,-,-,-,-,3246.2000,3246.0000,3245.8000,3243.8000,3238.2000,3249.4000,3249.6000,3251.4000,3253.6000,3256.8000,2,3,1,1,1,1,1,1,2,1
SF,IH2011,2020-09-23 09:31:49.100,3248.4000,713,0,10721520.000,0,-,-,-,-,3246.2000,3246.0000,3245.8000,3243.8000,3238.2000,3249.4000,3251.4000,3253.6000,3256.8000,3257.0000,2,3,1,1,1,1,1,2,1,1
SF,IH2011,2020-09-23 09:31:50.600,3248.4000,713,0,10721520.000,0,-,-,-,-,3246.2000,3246.0000,3245.8000,3243.8000,3238.2000,3249.4000,3251.4000,3253.6000,3256.8000,3257.0000,1,3,1,1,1,1,1,2,1,1
SF,IH2011,2020-09-23 09:31:51.100,3248.4000,713,0,10721520.000,0,-,-,-,-,3246.2000,3246.0000,3245.8000,3243.8000,3238.2000,3249.2000,3249.4000,3251.4000,3253.6000,3256.8000,1,3,1,1,1,1,1,1,2,1
SF,IH2011,2020-09-23 09:31:51.600,3248.4000,713,0,10721520.000,0,-,-,-,-,3246.0000,3245.8000,3243.8000,3238.2000,3238.0000,3249.0000,3249.2000,3251.4000,3253.6000,3256.8000,3,1,1,1,1,1,1,1,2,1
SF,IH2011,2020-09-23 09:31:53.100,3248.4000,713,0,10721520.000,0,-,-,-,-,3246.0000,3245.8000,3243.8000,3238.2000,3238.0000,3248.8000,3249.0000,3251.4000,3253.6000,3256.8000,3,1,1,1,1,1,1,1,2,1
SF,IH2011,2020-09-23 09:31:53.600,3248.4000,713,0,10721520.000,0,-,-,-,-,3246.0000,3245.8000,3243.8000,3238.2000,3238.0000,3248.6000,3248.8000,3251.4000,3253.6000,3256.8000,3,1,1,1,1,1,1,1,2,1
SF,IH2011,2020-09-23 09:31:54.600,3248.4000,713,0,10721520.000,0,-,-,-,-,3246.2000,3246.0000,3245.8000,3243.8000,3238.2000,3248.6000,3248.8000,3251.4000,3253.6000,3256.8000,1,3,1,1,1,1,1,1,2,1
SF,IH2011,2020-09-23 09:31:55.600,3248.4000,713,0,10721520.000,0,-,-,-,-,3246.2000,3246.0000,3245.8000,3243.8000,3238.2000,3248.6000,3251.4000,3253.6000,3256.8000,3257.0000,1,3,1,1,1,1,1,2,1,1
SF,IH2011,2020-09-23 09:31:56.100,3248.4000,713,0,10721520.000,0,-,-,-,-,3246.4000,3246.2000,3246.0000,3245.8000,3243.8000,3251.4000,3253.6000,3256.8000,3257.0000,3260.4000,1,1,3,1,1,1,2,1,1,5
SF,IH2011,2020-09-23 09:31:56.600,3248.4000,713,0,10721520.000,0,-,-,-,-,3246.6000,3246.2000,3246.0000,3245.8000,3243.8000,3251.2000,3251.4000,3253.6000,3256.8000,3257.0000,1,1,3,1,1,2,1,2,1,1
SF,IH2011,2020-09-23 09:31:57.100,3248.4000,713,0,10721520.000,0,-,-,-,-,3246.6000,3246.2000,3246.0000,3245.8000,3243.8000,3251.2000,3251.4000,3253.6000,3256.8000,3257.0000,1,1,3,1,1,2,1,2,1,1
SF,IH2011,2020-09-23 09:31:57.600,3248.4000,713,0,10721520.000,0,-,-,-,-,3246.6000,3246.2000,3246.0000,3245.8000,3243.8000,3251.2000,3251.4000,3253.6000,3256.8000,3257.0000,1,1,3,1,1,2,1,2,1,1
SF,IH2011,2020-09-23 09:31:59.600,3248.4000,713,0,10721520.000,0,-,-,-,-,3246.6000,3246.2000,3246.0000,3245.8000,3243.8000,3250.4000,3251.2000,3251.4000,3253.6000,3256.8000,1,1,3,1,1,1,2,1,2,1
SF,IH2011,2020-09-23 09:32:00.100,3248.4000,713,0,10721520.000,0,-,-,-,-,3246.2000,3246.0000,3245.8000,3243.8000,3238.2000,3250.2000,3250.4000,3251.2000,3251.4000,3253.6000,1,3,1,1,1,2,1,1,1,2
SF,IH2011,2020-09-23 09:32:00.600,3248.4000,713,0,10721520.000,0,-,-,-,-,3246.2000,3246.0000,3245.8000,3243.8000,3238.2000,3250.2000,3250.4000,3251.0000,3251.2000,3253.6000,1,3,1,1,1,2,1,1,1,2
SF,IH2011,2020-09-23 09:32:01.100,3248.4000,713,0,10721520.000,0,-,-,-,-,3246.2000,3246.0000,3245.8000,3243.8000,3238.2000,3249.8000,3250.2000,3251.0000,3251.2000,3253.6000,1,3,1,1,1,1,2,1,1,2
SF,IH2011,2020-09-23 09:32:01.600,3248.4000,713,0,10721520.000,0,-,-,-,-,3246.0000,3245.8000,3243.8000,3238.2000,3238.0000,3249.6000,3249.8000,3250.2000,3251.0000,3251.2000,3,1,1,1,1,1,1,1,1,1
SF,IH2011,2020-09-23 09:32:02.100,3248.4000,713,0,10721520.000,0,-,-,-,-,3246.0000,3245.8000,3243.8000,3238.2000,3238.0000,3249.6000,3249.8000,3250.2000,3251.0000,3251.2000,3,1,1,1,1,1,1,1,1,1
SF,IH2011,2020-09-23 09:32:02.600,3248.4000,713,0,10721520.000,0,-,-,-,-,3246.0000,3245.8000,3243.8000,3238.2000,3238.0000,3249.6000,3249.8000,3250.2000,3251.0000,3251.2000,3,1,1,1,1,1,1,1,1,1
SF,IH2011,2020-09-23 09:32:03.100,3248.4000,713,0,10721520.000,0,-,-,-,-,3245.8000,3243.8000,3238.2000,3238.0000,3237.6000,3249.6000,3249.8000,3250.2000,3251.0000,3251.2000,1,1,1,1,5,1,1,1,1,1
SF,IH2011,2020-09-23 09:32:03.600,3248.4000,713,0,10721520.000,0,-,-,-,-,3245.8000,3243.8000,3238.2000,3238.0000,3237.6000,3249.6000,3249.8000,3250.2000,3251.2000,3253.6000,1,1,1,1,5,1,1,1,1,2
SF,IH2011,2020-09-23 09:32:04.100,3245.8000,712,-1,11695260.000,1,0,1,双平,S,3243.8000,3238.2000,3238.0000,3237.6000,3227.6000,3249.6000,3249.8000,3250.2000,3251.2000,3253.6000,1,1,1,5,1,1,1,1,1,2
SF,IH2011,2020-09-23 09:32:04.600,3245.8000,712,0,11695260.000,0,-,-,-,-,3244.8000,3244.0000,3243.8000,3238.2000,3238.0000,3249.2000,3249.6000,3249.8000,3250.2000,3251.2000,1,4,1,1,1,1,1,1,1,1
SF,IH2011,2020-09-23 09:32:05.100,3245.8000,712,0,11695260.000,0,-,-,-,-,3245.0000,3244.8000,3244.0000,3243.8000,3238.2000,3249.0000,3249.2000,3249.8000,3250.2000,3251.2000,2,1,4,1,1,2,1,1,1,1
SF,IH2011,2020-09-23 09:32:05.600,3245.8000,712,0,11695260.000,0,-,-,-,-,3245.2000,3245.0000,3244.8000,3244.0000,3243.8000,3249.0000,3249.2000,3249.8000,3250.2000,3251.2000,1,2,1,3,1,1,1,1,1,1
SF,IH2011,2020-09-23 09:32:06.100,3245.8000,712,0,11695260.000,0,-,-,-,-,3245.4000,3245.2000,3245.0000,3244.8000,3244.0000,3248.8000,3249.0000,3249.2000,3249.8000,3250.2000,1,1,2,1,3,1,1,1,1,1
SF,IH2011,2020-09-23 09:32:06.600,3245.8000,712,0,11695260.000,0,-,-,-,-,3245.4000,3245.2000,3245.0000,3244.0000,3243.8000,3248.6000,3249.2000,3250.2000,3251.2000,3253.6000,1,1,2,3,1,1,1,1,1,2
SF,IH2011,2020-09-23 09:32:07.100,3245.8000,712,0,11695260.000,0,-,-,-,-,3245.4000,3245.0000,3244.0000,3243.8000,3238.2000,3248.2000,3248.6000,3249.2000,3250.2000,3251.2000,1,2,3,1,1,1,1,1,1,1
SF,IH2011,2020-09-23 09:32:07.600,3245.8000,712,0,11695260.000,0,-,-,-,-,3245.4000,3245.0000,3244.0000,3243.8000,3238.2000,3248.2000,3248.6000,3249.2000,3250.2000,3251.2000,1,2,2,1,1,1,1,1,1,1
SF,IH2011,2020-09-23 09:32:08.100,3245.8000,712,0,11695260.000,0,-,-,-,-,3244.0000,3243.8000,3238.2000,3238.0000,3237.6000,3248.0000,3248.2000,3249.2000,3250.2000,3251.2000,2,1,1,1,5,1,1,1,1,1
SF,IH2011,2020-09-23 09:32:08.600,3245.8000,712,0,11695260.000,0,-,-,-,-,3244.4000,3244.2000,3244.0000,3243.8000,3238.2000,3248.0000,3248.2000,3249.2000,3250.2000,3251.2000,1,3,2,1,1,1,1,1,1,1
SF,IH2011,2020-09-23 09:32:09.100,3245.8000,712,0,11695260.000,0,-,-,-,-,3244.6000,3244.4000,3244.2000,3244.0000,3242.2000,3248.0000,3248.2000,3249.2000,3250.2000,3251.2000,3,1,2,2,1,1,1,1,1,1
SF,IH2011,2020-09-23 09:32:11.100,3245.8000,712,0,11695260.000,0,-,-,-,-,3244.6000,3244.4000,3244.2000,3244.0000,3242.2000,3247.8000,3248.0000,3248.2000,3249.2000,3250.2000,1,1,2,2,1,2,1,1,1,1
SF,IH2011,2020-09-23 09:32:11.600,3245.8000,712,0,11695260.000,0,-,-,-,-,3244.8000,3244.6000,3244.4000,3244.2000,3244.0000,3248.0000,3249.2000,3250.2000,3251.2000,3253.6000,3,1,1,2,2,1,1,1,1,2
SF,IH2011,2020-09-23 09:32:12.100,3245.8000,712,0,11695260.000,0,-,-,-,-,3244.2000,3244.0000,3242.2000,3238.0000,3237.6000,3247.6000,3247.8000,3248.0000,3249.2000,3250.2000,2,2,1,1,5,1,2,1,1,1
SF,IH2011,2020-09-23 09:32:12.600,3245.8000,712,0,11695260.000,0,-,-,-,-,3244.6000,3244.4000,3244.2000,3244.0000,3242.2000,3247.4000,3247.6000,3249.2000,3250.2000,3251.2000,1,1,2,2,1,1,1,1,1,1
SF,IH2011,2020-09-23 09:32:13.100,3245.8000,712,0,11695260.000,0,-,-,-,-,3244.6000,3244.2000,3244.0000,3242.2000,3238.0000,3247.4000,3247.6000,3249.2000,3253.6000,3256.8000,1,2,2,1,1,1,1,1,2,1
SF,IH2011,2020-09-23 09:32:13.600,3245.8000,712,0,11695260.000,0,-,-,-,-,3244.6000,3244.2000,3244.0000,3242.2000,3238.0000,3247.4000,3249.2000,3253.6000,3256.8000,3257.0000,1,2,2,1,1,1,1,2,1,1
SF,IH2011,2020-09-23 09:32:16.100,3244.6000,713,1,12668640.000,1,1,0,双开,S,3244.2000,3244.0000,3242.2000,3238.0000,3237.6000,3247.4000,3249.2000,3253.6000,3256.8000,3257.0000,2,2,1,1,5,1,1,2,1,1
SF,IH2011,2020-09-23 09:32:16.600,3244.6000,713,0,12668640.000,0,-,-,-,-,3244.2000,3244.0000,3242.2000,3238.0000,3237.6000,3246.6000,3247.4000,3249.2000,3253.6000,3256.8000,2,2,1,1,5,1,1,1,2,1
SF,IH2011,2020-09-23 09:32:17.600,3244.6000,713,0,12668640.000,0,-,-,-,-,3244.4000,3244.2000,3244.0000,3242.2000,3238.0000,3246.6000,3247.4000,3249.2000,3253.6000,3256.8000,1,2,2,1,1,1,1,1,2,1
SF,IH2011,2020-09-23 09:32:18.100,3244.6000,713,0,12668640.000,0,-,-,-,-,3244.4000,3244.2000,3244.0000,3242.2000,3238.0000,3246.6000,3247.2000,3247.4000,3249.2000,3253.6000,1,2,2,1,1,1,1,1,1,2
SF,IH2011,2020-09-23 09:32:18.600,3244.6000,713,0,12668640.000,0,-,-,-,-,3244.4000,3244.2000,3244.0000,3242.2000,3238.0000,3247.2000,3247.4000,3249.2000,3253.6000,3256.8000,1,2,2,1,1,1,1,1,2,1
SF,IH2011,2020-09-23 09:32:20.600,3247.2000,712,-1,13642800.000,1,0,1,双平,S,3244.4000,3244.2000,3244.0000,3242.2000,3238.0000,3247.4000,3249.2000,3253.6000,3256.8000,3257.0000,1,2,2,1,1,1,1,2,1,1
SF,IH2011,2020-09-23 09:32:21.100,3247.4000,711,-1,14617020.000,1,0,1,双平,S,3244.6000,3244.4000,3244.2000,3244.0000,3242.2000,3249.2000,3253.6000,3256.8000,3257.0000,3260.4000,1,1,2,2,1,1,2,1,1,5
SF,IH2011,2020-09-23 09:32:21.600,3247.4000,711,0,14617020.000,0,-,-,-,-,3244.6000,3244.4000,3244.2000,3244.0000,3242.2000,3248.0000,3249.0000,3249.2000,3253.6000,3256.8000,1,1,2,2,1,1,1,1,2,1
SF,IH2011,2020-09-23 09:32:22.100,3247.4000,711,0,14617020.000,0,-,-,-,-,3244.6000,3244.4000,3244.2000,3244.0000,3242.2000,3249.2000,3253.6000,3256.8000,3257.0000,3260.4000,1,1,2,2,1,1,2,1,1,5
SF,IH2011,2020-09-23 09:32:22.600,3247.4000,711,0,14617020.000,0,-,-,-,-,3245.2000,3244.6000,3244.2000,3244.0000,3242.2000,3248.6000,3249.0000,3253.6000,3256.8000,3257.0000,1,1,2,2,1,1,1,2,1,1
SF,IH2011,2020-09-23 09:32:23.100,3247.4000,711,0,14617020.000,0,-,-,-,-,3245.4000,3245.2000,3244.2000,3244.0000,3242.2000,3248.6000,3253.6000,3256.8000,3257.0000,3260.4000,1,1,2,2,1,1,2,1,1,5
SF,IH2011,2020-09-23 09:32:23.600,3247.4000,711,0,14617020.000,0,-,-,-,-,3245.4000,3245.2000,3244.2000,3244.0000,3242.2000,3248.6000,3253.6000,3256.8000,3257.0000,3260.4000,1,1,2,2,1,1,2,1,1,5
SF,IH2011,2020-09-23 09:32:24.100,3247.4000,711,0,14617020.000,0,-,-,-,-,3245.6000,3245.4000,3244.2000,3244.0000,3242.2000,3248.6000,3253.6000,3256.8000,3257.0000,3260.4000,1,1,2,2,1,1,2,1,1,5
SF,IH2011,2020-09-23 09:32:24.600,3247.4000,711,0,14617020.000,0,-,-,-,-,3245.8000,3245.6000,3244.2000,3244.0000,3242.2000,3248.6000,3253.6000,3256.8000,3257.0000,3260.4000,1,1,2,2,1,1,2,1,1,5
SF,IH2011,2020-09-23 09:32:25.100,3247.4000,711,0,14617020.000,0,-,-,-,-,3245.8000,3245.6000,3244.2000,3244.0000,3242.2000,3248.6000,3253.6000,3256.8000,3257.0000,3260.4000,1,1,2,2,1,1,2,1,1,5
SF,IH2011,2020-09-23 09:32:25.600,3247.4000,711,0,14617020.000,0,-,-,-,-,3245.8000,3244.2000,3244.0000,3242.2000,3238.0000,3248.6000,3253.6000,3256.8000,3257.0000,3260.4000,1,2,2,1,1,1,2,1,1,5
SF,IH2011,2020-09-23 09:32:26.100,3247.4000,711,0,14617020.000,0,-,-,-,-,3246.0000,3245.8000,3244.2000,3244.0000,3242.2000,3248.6000,3253.6000,3256.8000,3257.0000,3260.4000,1,1,2,2,1,1,2,1,1,5
SF,IH2011,2020-09-23 09:32:26.600,3247.4000,711,0,14617020.000,0,-,-,-,-,3246.2000,3246.0000,3244.2000,3242.2000,3238.0000,3248.6000,3253.6000,3256.8000,3257.0000,3260.4000,3,1,2,1,1,1,2,1,1,5
SF,IH2011,2020-09-23 09:32:27.100,3247.4000,711,0,14617020.000,0,-,-,-,-,3246.2000,3246.0000,3242.2000,3238.0000,3237.6000,3248.6000,3253.6000,3256.8000,3257.0000,3260.4000,3,1,1,1,5,1,2,1,1,5
SF,IH2011,2020-09-23 09:32:27.600,3247.4000,711,0,14617020.000,0,-,-,-,-,3246.2000,3246.0000,3242.2000,3238.0000,3237.6000,3248.6000,3253.6000,3256.8000,3257.0000,3260.4000,1,1,1,1,5,1,2,1,1,5
SF,IH2011,2020-09-23 09:32:28.100,3247.4000,711,0,14617020.000,0,-,-,-,-,3242.2000,3238.0000,3237.6000,3227.6000,3213.2000,3248.6000,3253.6000,3256.8000,3257.0000,3260.4000,1,1,5,1,3,1,2,1,1,5
SF,IH2011,2020-09-23 09:32:28.600,3247.4000,711,0,14617020.000,0,-,-,-,-,3242.4000,3242.2000,3238.0000,3237.6000,3227.6000,3248.4000,3248.6000,3253.6000,3256.8000,3257.0000,4,1,1,5,1,1,1,2,1,1
SF,IH2011,2020-09-23 09:32:29.600,3247.4000,711,0,14617020.000,0,-,-,-,-,3242.4000,3242.2000,3238.0000,3237.6000,3227.6000,3248.0000,3248.4000,3248.6000,3253.6000,3256.8000,4,1,1,5,1,1,1,1,2,1
SF,IH2011,2020-09-23 09:32:30.100,3247.4000,711,0,14617020.000,0,-,-,-,-,3242.4000,3242.2000,3238.0000,3237.6000,3227.6000,3247.8000,3248.0000,3248.6000,3253.6000,3256.8000,4,1,1,5,1,1,1,1,2,1
SF,IH2011,2020-09-23 09:32:30.600,3247.4000,711,0,14617020.000,0,-,-,-,-,3243.2000,3242.4000,3242.2000,3238.0000,3237.6000,3247.8000,3248.0000,3248.6000,3253.6000,3256.8000,1,4,1,1,5,1,1,1,2,1
SF,IH2011,2020-09-23 09:32:31.100,3247.4000,711,0,14617020.000,0,-,-,-,-,3243.4000,3243.2000,3242.4000,3242.2000,3238.0000,3247.8000,3248.0000,3248.6000,3253.6000,3256.8000,3,1,3,1,1,1,1,1,2,1
SF,IH2011,2020-09-23 09:32:31.600,3247.4000,711,0,14617020.000,0,-,-,-,-,3244.2000,3243.4000,3243.2000,3242.4000,3242.2000,3248.6000,3253.6000,3256.8000,3257.0000,3260.4000,1,5,1,3,1,1,2,1,1,5
SF,IH2011,2020-09-23 09:32:32.100,3247.4000,711,0,14617020.000,0,-,-,-,-,3244.4000,3244.2000,3243.4000,3243.2000,3242.4000,3248.4000,3248.6000,3253.6000,3256.8000,3257.0000,3,1,4,1,3,1,1,2,1,1
SF,IH2011,2020-09-23 09:32:32.600,3247.4000,711,0,14617020.000,0,-,-,-,-,3244.4000,3244.2000,3243.4000,3242.4000,3242.2000,3248.4000,3248.6000,3253.6000,3256.8000,3257.0000,3,1,4,3,1,1,1,2,1,1
SF,IH2011,2020-09-23 09:32:33.100,3247.4000,711,0,14617020.000,0,-,-,-,-,3245.0000,3244.4000,3243.4000,3242.4000,3242.2000,3248.4000,3248.6000,3253.6000,3256.8000,3257.0000,1,3,4,1,1,1,1,2,1,1
SF,IH2011,2020-09-23 09:32:33.600,3247.4000,711,0,14617020.000,0,-,-,-,-,3245.2000,3245.0000,3244.4000,3243.4000,3242.4000,3248.2000,3248.4000,3248.6000,3253.6000,3256.8000,2,1,2,2,1,1,1,1,2,1
SF,IH2011,2020-09-23 09:32:34.600,3247.4000,711,0,14617020.000,0,-,-,-,-,3245.2000,3244.4000,3243.4000,3242.4000,3242.2000,3248.2000,3248.4000,3248.6000,3253.6000,3256.8000,2,2,2,1,1,1,1,1,2,1
SF,IH2011,2020-09-23 09:32:35.100,3247.4000,711,0,14617020.000,0,-,-,-,-,3245.2000,3244.4000,3243.4000,3242.4000,3242.2000,3248.0000,3248.2000,3248.6000,3253.6000,3256.8000,2,2,2,1,1,1,1,1,2,1
SF,IH2011,2020-09-23 09:32:36.100,3247.4000,711,0,14617020.000,0,-,-,-,-,3245.2000,3244.4000,3243.4000,3242.4000,3242.2000,3247.8000,3248.0000,3248.6000,3253.6000,3256.8000,2,2,2,1,1,1,2,1,2,1
SF,IH2011,2020-09-23 09:32:39.100,3247.4000,711,0,14617020.000,0,-,-,-,-,3245.2000,3244.4000,3243.4000,3242.4000,3242.2000,3247.8000,3248.0000,3248.6000,3253.6000,3256.8000,1,2,2,1,1,1,2,1,2,1
SF,IH2011,2020-09-23 09:32:39.600,3247.4000,711,0,14617020.000,0,-,-,-,-,3244.4000,3243.4000,3242.4000,3242.2000,3238.0000,3247.6000,3247.8000,3248.0000,3248.6000,3253.6000,2,2,1,1,1,1,1,1,1,2
SF,IH2011,2020-09-23 09:32:40.100,3247.4000,711,0,14617020.000,0,-,-,-,-,3244.6000,3244.4000,3243.4000,3242.4000,3242.2000,3246.8000,3247.6000,3247.8000,3248.0000,3253.6000,1,2,2,1,1,1,1,1,1,2
SF,IH2011,2020-09-23 09:32:40.600,3247.4000,711,0,14617020.000,0,-,-,-,-,3244.6000,3244.4000,3243.4000,3242.2000,3238.0000,3246.8000,3247.6000,3247.8000,3248.0000,3253.6000,1,2,2,1,1,1,1,1,1,2
SF,IH2011,2020-09-23 09:32:42.100,3247.4000,711,0,14617020.000,0,-,-,-,-,3244.6000,3244.4000,3243.4000,3242.2000,3238.0000,3246.8000,3247.6000,3248.0000,3253.6000,3256.8000,1,2,2,1,1,1,1,1,2,1
SF,IH2011,2020-09-23 09:32:42.600,3247.4000,711,0,14617020.000,0,-,-,-,-,3244.8000,3244.6000,3244.4000,3243.4000,3242.2000,3246.8000,3248.0000,3253.6000,3256.8000,3257.0000,1,1,2,2,1,1,1,2,1,1
SF,IH2011,2020-09-23 09:32:43.100,3247.4000,711,0,14617020.000,0,-,-,-,-,3245.0000,3244.8000,3244.6000,3244.4000,3243.4000,3246.8000,3248.0000,3253.6000,3256.8000,3257.0000,1,1,1,2,2,1,1,2,1,1
SF,IH2011,2020-09-23 09:32:45.100,3247.4000,711,0,14617020.000,0,-,-,-,-,3245.4000,3245.0000,3244.8000,3244.6000,3244.4000,3246.8000,3248.0000,3253.6000,3256.8000,3257.0000,1,1,1,1,2,1,1,2,1,1
SF,IH2011,2020-09-23 09:32:45.600,3247.4000,711,0,14617020.000,0,-,-,-,-,3245.4000,3245.0000,3244.8000,3244.6000,3244.4000,3246.8000,3248.0000,3253.6000,3256.8000,3257.0000,1,1,1,1,2,1,1,2,1,1
SF,IH2011,2020-09-23 09:32:46.600,3245.4000,710,-1,15590640.000,1,0,1,双平,S,3245.0000,3244.8000,3244.6000,3244.4000,3242.2000,3246.8000,3248.0000,3253.6000,3256.8000,3257.0000,1,1,1,2,1,1,1,2,1,1
SF,IH2011,2020-09-23 09:32:48.100,3245.4000,710,0,15590640.000,0,-,-,-,-,3245.0000,3244.8000,3244.6000,3244.4000,3242.2000,3246.8000,3248.0000,3253.6000,3256.8000,3257.0000,1,1,1,2,1,1,1,2,1,1
SF,IH2011,2020-09-23 09:32:48.600,3245.4000,710,0,15590640.000,0,-,-,-,-,3245.0000,3244.8000,3244.6000,3244.4000,3242.2000,3246.8000,3248.0000,3253.6000,3256.8000,3257.0000,1,1,1,2,1,1,1,2,1,1
SF,IH2011,2020-09-23 09:32:49.100,3245.4000,710,0,15590640.000,0,-,-,-,-,3244.8000,3244.6000,3244.4000,3242.2000,3238.0000,3246.8000,3248.0000,3253.6000,3256.8000,3257.0000,1,1,2,1,1,1,1,2,1,1
SF,IH2011,2020-09-23 09:32:49.600,3245.4000,710,0,15590640.000,0,-,-,-,-,3245.0000,3244.8000,3244.6000,3244.4000,3242.2000,3246.8000,3253.6000,3256.8000,3257.0000,3260.4000,1,1,1,2,1,1,2,1,1,5
SF,IH2011,2020-09-23 09:32:50.100,3245.4000,710,0,15590640.000,0,-,-,-,-,3245.0000,3244.8000,3244.6000,3244.4000,3242.2000,3246.8000,3253.6000,3256.8000,3257.0000,3260.4000,1,1,1,2,1,1,2,1,1,5
SF,IH2011,2020-09-23 09:32:51.100,3245.4000,710,0,15590640.000,0,-,-,-,-,3244.8000,3244.6000,3244.4000,3242.2000,3238.0000,3246.8000,3253.6000,3256.8000,3257.0000,3260.4000,1,1,2,1,1,1,2,1,1,5
SF,IH2011,2020-09-23 09:32:53.100,3245.4000,710,0,15590640.000,0,-,-,-,-,3245.0000,3244.8000,3244.6000,3244.4000,3242.2000,3246.8000,3253.6000,3256.8000,3257.0000,3260.4000,2,1,1,2,1,1,2,1,1,5
SF,IH2011,2020-09-23 09:32:53.600,3245.4000,710,0,15590640.000,0,-,-,-,-,3245.0000,3244.8000,3244.6000,3244.4000,3242.2000,3246.8000,3253.6000,3256.8000,3257.0000,3260.4000,2,1,1,2,1,1,2,1,1,5
SF,IH2011,2020-09-23 09:32:54.100,3245.4000,710,0,15590640.000,0,-,-,-,-,3245.0000,3244.8000,3244.6000,3244.4000,3242.2000,3246.8000,3253.6000,3256.8000,3257.0000,3260.4000,2,1,1,2,1,1,2,1,1,5
SF,IH2011,2020-09-23 09:32:54.600,3245.4000,710,0,15590640.000,0,-,-,-,-,3245.0000,3244.8000,3244.6000,3244.4000,3242.2000,3246.8000,3253.6000,3256.8000,3257.0000,3260.4000,2,1,1,2,1,1,2,1,1,5
SF,IH2011,2020-09-23 09:32:55.100,3246.8000,710,0,16564680.000,1,0,1,多换,S,3245.0000,3244.8000,3244.6000,3244.4000,3242.2000,3253.6000,3256.8000,3257.0000,3260.4000,3267.6000,2,1,1,2,1,2,1,1,5,1
SF,IH2011,2020-09-23 09:32:55.600,3246.8000,710,0,16564680.000,0,-,-,-,-,3245.2000,3245.0000,3244.6000,3244.4000,3242.2000,3248.2000,3249.0000,3249.2000,3253.4000,3253.6000,1,2,1,2,1,1,1,1,2,2
SF,IH2011,2020-09-23 09:32:56.100,3246.8000,710,0,16564680.000,0,-,-,-,-,3245.0000,3244.6000,3244.4000,3242.2000,3238.0000,3249.0000,3253.4000,3253.6000,3256.8000,3257.0000,2,1,2,1,1,1,2,2,1,1
SF,IH2011,2020-09-23 09:32:56.600,3246.8000,710,0,16564680.000,0,-,-,-,-,3245.0000,3244.6000,3244.4000,3242.2000,3238.0000,3248.8000,3249.0000,3253.4000,3253.6000,3256.8000,2,1,2,1,1,3,1,1,2,1
SF,IH2011,2020-09-23 09:32:59.600,3246.8000,710,0,16564680.000,0,-,-,-,-,3244.6000,3244.4000,3242.2000,3238.0000,3237.6000,3248.8000,3249.0000,3253.4000,3253.6000,3256.8000,1,2,1,1,5,3,1,1,2,1
SF,IH2011,2020-09-23 09:33:00.100,3246.8000,710,0,16564680.000,0,-,-,-,-,3244.8000,3244.6000,3244.4000,3242.2000,3238.0000,3248.8000,3249.0000,3253.4000,3253.6000,3256.8000,3,1,2,1,1,3,1,1,2,1
SF,IH2011,2020-09-23 09:33:00.600,3246.8000,710,0,16564680.000,0,-,-,-,-,3244.6000,3244.4000,3242.2000,3238.0000,3237.6000,3248.8000,3249.0000,3253.4000,3253.6000,3256.8000,1,2,1,1,5,3,1,1,2,1
SF,IH2011,2020-09-23 09:33:01.100,3246.8000,710,0,16564680.000,0,-,-,-,-,3244.4000,3242.2000,3238.0000,3237.6000,3227.6000,3248.8000,3249.0000,3252.8000,3253.4000,3253.6000,2,1,1,5,1,3,1,5,1,2
SF,IH2011,2020-09-23 09:33:01.600,3246.8000,710,0,16564680.000,0,-,-,-,-,3244.4000,3242.2000,3238.0000,3237.6000,3227.6000,3247.8000,3248.8000,3249.0000,3252.8000,3253.4000,2,1,1,5,1,1,3,1,5,1
SF,IH2011,2020-09-23 09:33:02.100,3246.8000,710,0,16564680.000,0,-,-,-,-,3244.4000,3242.2000,3238.0000,3237.6000,3227.6000,3247.6000,3247.8000,3248.8000,3252.8000,3253.4000,2,1,1,5,1,1,1,2,5,1
SF,IH2011,2020-09-23 09:33:02.600,3246.8000,710,0,16564680.000,0,-,-,-,-,3244.4000,3242.2000,3238.0000,3237.6000,3227.6000,3247.4000,3247.6000,3247.8000,3248.8000,3252.8000,2,1,1,5,1,1,1,1,2,5
SF,IH2011,2020-09-23 09:33:03.100,3246.8000,710,0,16564680.000,0,-,-,-,-,3244.4000,3242.2000,3238.0000,3237.6000,3227.6000,3247.2000,3247.4000,3247.8000,3248.8000,3252.8000,2,1,1,5,1,1,1,1,2,5
SF,IH2011,2020-09-23 09:33:03.600,3246.8000,710,0,16564680.000,0,-,-,-,-,3244.6000,3244.4000,3242.2000,3238.0000,3237.6000,3247.2000,3247.4000,3247.8000,3248.8000,3252.8000,1,2,1,1,5,1,1,1,2,5
SF,IH2011,2020-09-23 09:33:04.100,3246.8000,710,0,16564680.000,0,-,-,-,-,3244.6000,3244.4000,3240.8000,3238.0000,3237.6000,3247.0000,3247.2000,3247.4000,3248.8000,3252.8000,1,2,1,1,5,1,1,1,2,5
SF,IH2011,2020-09-23 09:33:04.600,3246.8000,710,0,16564680.000,0,-,-,-,-,3244.4000,3240.8000,3238.0000,3237.6000,3227.6000,3247.0000,3247.2000,3247.4000,3248.8000,3252.8000,2,1,1,5,1,1,1,1,2,5
SF,IH2011,2020-09-23 09:33:05.100,3246.8000,710,0,16564680.000,0,-,-,-,-,3240.8000,3238.0000,3237.6000,3227.6000,3213.2000,3246.8000,3247.0000,3247.4000,3248.8000,3252.8000,1,1,5,1,3,1,1,1,2,5
SF,IH2011,2020-09-23 09:33:05.600,3246.8000,710,0,16564680.000,0,-,-,-,-,3242.8000,3241.0000,3240.8000,3238.0000,3233.8000,3246.8000,3247.0000,3247.4000,3252.8000,3253.4000,1,5,1,1,5,1,1,1,5,1
SF,IH2011,2020-09-23 09:33:06.100,3246.8000,710,0,16564680.000,0,-,-,-,-,3242.8000,3241.0000,3240.8000,3238.0000,3233.8000,3246.8000,3247.0000,3247.4000,3252.8000,3253.4000,1,5,1,1,5,1,1,1,5,1
SF,IH2011,2020-09-23 09:33:06.600,3246.8000,710,0,16564680.000,0,-,-,-,-,3242.8000,3241.0000,3240.8000,3238.0000,3233.8000,3246.6000,3246.8000,3247.0000,3247.4000,3252.8000,1,5,1,1,5,2,1,1,1,5
SF,IH2011,2020-09-23 09:33:07.100,3246.8000,710,0,16564680.000,0,-,-,-,-,3242.8000,3241.0000,3240.8000,3238.0000,3233.8000,3246.2000,3246.4000,3246.6000,3252.8000,3253.4000,1,5,1,1,5,1,1,2,5,1
SF,IH2011,2020-09-23 09:33:07.600,3246.8000,710,0,16564680.000,0,-,-,-,-,3242.8000,3241.0000,3240.8000,3238.0000,3233.8000,3246.0000,3246.2000,3246.6000,3252.8000,3253.4000,1,5,1,1,5,2,2,2,5,1
SF,IH2011,2020-09-23 09:33:08.600,3246.8000,710,0,16564680.000,0,-,-,-,-,3242.8000,3241.0000,3240.8000,3238.0000,3233.8000,3246.0000,3246.2000,3246.6000,3252.8000,3253.4000,1,5,1,1,5,2,1,2,5,1
SF,IH2011,2020-09-23 09:33:09.100,3246.8000,710,0,16564680.000,0,-,-,-,-,3243.0000,3242.8000,3241.0000,3240.8000,3238.0000,3245.6000,3246.0000,3246.6000,3252.8000,3253.4000,2,1,4,1,1,1,1,2,5,1
SF,IH2011,2020-09-23 09:33:09.600,3246.8000,710,0,16564680.000,0,-,-,-,-,3243.2000,3243.0000,3242.8000,3241.0000,3240.8000,3245.6000,3252.8000,3253.4000,3253.6000,3256.8000,3,2,1,4,1,1,5,1,2,1
SF,IH2011,2020-09-23 09:33:10.100,3245.6000,709,-1,17538360.000,1,0,1,双平,S,3243.4000,3243.2000,3243.0000,3241.0000,3240.8000,3252.8000,3253.4000,3253.6000,3256.8000,3257.0000,2,3,1,4,1,5,1,2,1,1
SF,IH2011,2020-09-23 09:33:10.600,3245.6000,709,0,17538360.000,0,-,-,-,-,3243.6000,3243.4000,3243.2000,3241.0000,3240.8000,3247.8000,3248.0000,3252.6000,3253.4000,3253.6000,3,1,3,3,1,1,1,3,1,2
SF,IH2011,2020-09-23 09:33:11.100,3245.6000,709,0,17538360.000,0,-,-,-,-,3244.0000,3243.8000,3243.6000,3243.4000,3243.2000,3247.6000,3248.0000,3252.6000,3253.6000,3256.6000,1,1,2,1,3,2,1,2,2,5
SF,IH2011,2020-09-23 09:33:11.600,3245.6000,709,0,17538360.000,0,-,-,-,-,3244.2000,3243.6000,3243.2000,3241.0000,3240.8000,3247.6000,3248.0000,3252.6000,3253.6000,3256.6000,2,2,3,3,1,1,1,2,2,5
SF,IH2011,2020-09-23 09:33:12.100,3245.6000,709,0,17538360.000,0,-,-,-,-,3244.4000,3244.2000,3243.6000,3243.2000,3241.0000,3247.6000,3248.0000,3252.6000,3253.6000,3256.6000,1,2,2,3,3,1,1,2,2,5
SF,IH2011,2020-09-23 09:33:12.600,3245.6000,709,0,17538360.000,0,-,-,-,-,3244.6000,3244.4000,3244.2000,3243.6000,3243.2000,3247.6000,3248.0000,3252.6000,3253.6000,3256.6000,1,1,1,2,3,1,1,2,2,5
SF,IH2011,2020-09-23 09:33:13.100,3245.6000,709,0,17538360.000,0,-,-,-,-,3244.6000,3244.4000,3244.2000,3243.6000,3243.2000,3247.4000,3247.6000,3248.0000,3253.6000,3256.6000,1,1,1,2,3,1,1,1,2,5
SF,IH2011,2020-09-23 09:33:13.600,3245.6000,709,0,17538360.000,0,-,-,-,-,3244.6000,3244.4000,3244.2000,3243.6000,3243.2000,3247.4000,3247.6000,3248.0000,3253.6000,3256.6000,1,1,1,2,3,2,1,1,2,5
SF,IH2011,2020-09-23 09:33:16.600,3245.6000,709,0,17538360.000,0,-,-,-,-,3244.8000,3244.6000,3244.4000,3244.2000,3243.6000,3247.4000,3247.6000,3248.0000,3253.6000,3256.6000,1,1,1,1,2,2,1,1,2,5
SF,IH2011,2020-09-23 09:33:17.100,3245.6000,709,0,17538360.000,0,-,-,-,-,3244.6000,3244.4000,3243.6000,3243.2000,3240.8000,3247.4000,3247.6000,3248.0000,3253.6000,3256.6000,1,1,2,3,1,2,1,1,2,5
SF,IH2011,2020-09-23 09:33:18.100,3245.6000,709,0,17538360.000,0,-,-,-,-,3244.6000,3243.6000,3243.2000,3240.8000,3238.0000,3247.4000,3247.6000,3248.0000,3253.6000,3256.6000,1,2,3,1,1,2,1,1,2,5
SF,IH2011,2020-09-23 09:33:18.600,3245.6000,709,0,17538360.000,0,-,-,-,-,3243.6000,3243.2000,3240.8000,3238.0000,3233.8000,3247.2000,3247.4000,3248.0000,3253.6000,3256.6000,2,3,1,1,5,1,2,1,2,5
SF,IH2011,2020-09-23 09:33:19.100,3245.6000,709,0,17538360.000,0,-,-,-,-,3243.8000,3243.6000,3243.2000,3240.8000,3238.0000,3247.2000,3247.4000,3248.0000,3253.6000,3256.6000,4,2,3,1,1,1,2,1,2,5
SF,IH2011,2020-09-23 09:33:19.600,3245.6000,709,0,17538360.000,0,-,-,-,-,3243.8000,3243.6000,3243.2000,3240.8000,3238.0000,3247.2000,3247.4000,3248.0000,3253.6000,3256.6000,4,2,3,1,1,1,2,1,2,5
SF,IH2011,2020-09-23 09:33:21.100,3245.6000,709,0,17538360.000,0,-,-,-,-,3243.8000,3243.6000,3243.2000,3240.8000,3238.0000,3247.0000,3247.2000,3247.4000,3248.0000,3253.6000,4,2,3,1,1,1,1,1,1,2
SF,IH2011,2020-09-23 09:33:21.600,3245.6000,709,0,17538360.000,0,-,-,-,-,3243.8000,3243.6000,3243.2000,3240.8000,3238.0000,3247.0000,3247.2000,3247.4000,3253.6000,3256.6000,4,2,3,1,1,1,1,1,2,5
SF,IH2011,2020-09-23 09:33:22.100,3245.6000,709,0,17538360.000,0,-,-,-,-,3244.0000,3243.8000,3243.6000,3243.2000,3240.8000,3246.8000,3247.0000,3247.2000,3247.4000,3253.6000,1,4,2,3,1,1,1,1,1,2
SF,IH2011,2020-09-23 09:33:22.600,3245.6000,709,0,17538360.000,0,-,-,-,-,3244.0000,3243.8000,3243.6000,3243.2000,3240.8000,3246.8000,3247.0000,3247.2000,3247.4000,3253.6000,1,4,2,3,1,1,1,1,1,2
SF,IH2011,2020-09-23 09:33:23.100,3245.6000,709,0,17538360.000,0,-,-,-,-,3244.2000,3244.0000,3243.8000,3243.6000,3243.2000,3246.8000,3247.0000,3247.2000,3247.4000,3253.6000,1,1,4,2,3,1,1,1,1,2
SF,IH2011,2020-09-23 09:33:23.600,3245.6000,709,0,17538360.000,0,-,-,-,-,3244.2000,3244.0000,3243.8000,3243.6000,3243.2000,3246.8000,3247.2000,3247.4000,3253.6000,3256.6000,1,1,4,2,3,1,1,1,2,5
SF,IH2011,2020-09-23 09:33:24.100,3245.6000,709,0,17538360.000,0,-,-,-,-,3244.0000,3243.8000,3243.6000,3243.2000,3240.8000,3246.8000,3247.2000,3247.4000,3253.6000,3256.6000,1,4,2,3,1,1,1,1,2,5
SF,IH2011,2020-09-23 09:33:24.600,3245.6000,709,0,17538360.000,0,-,-,-,-,3244.2000,3244.0000,3243.8000,3243.6000,3243.2000,3246.8000,3247.2000,3247.4000,3253.6000,3256.6000,1,1,4,2,3,1,1,1,2,5
SF,IH2011,2020-09-23 09:33:25.100,3245.6000,709,0,17538360.000,0,-,-,-,-,3244.2000,3244.0000,3243.8000,3243.6000,3243.2000,3246.8000,3247.2000,3247.4000,3253.6000,3256.6000,1,1,4,2,3,1,1,1,2,5
SF,IH2011,2020-09-23 09:33:25.600,3245.6000,709,0,17538360.000,0,-,-,-,-,3244.0000,3243.8000,3243.6000,3243.2000,3240.8000,3246.8000,3247.2000,3247.4000,3253.6000,3256.6000,1,2,2,3,1,1,1,1,2,5
SF,IH2011,2020-09-23 09:33:26.100,3245.6000,709,0,17538360.000,0,-,-,-,-,3243.8000,3243.6000,3243.2000,3240.8000,3238.0000,3246.8000,3247.2000,3247.4000,3253.6000,3256.6000,2,2,3,1,1,1,1,1,2,5
SF,IH2011,2020-09-23 09:33:26.600,3245.6000,709,0,17538360.000,0,-,-,-,-,3244.0000,3243.8000,3243.6000,3243.2000,3240.8000,3246.8000,3247.2000,3247.4000,3253.6000,3256.6000,1,2,2,3,1,1,1,1,2,5
SF,IH2011,2020-09-23 09:33:27.100,3245.6000,709,0,17538360.000,0,-,-,-,-,3244.0000,3243.8000,3243.6000,3243.2000,3240.8000,3246.8000,3247.2000,3247.4000,3253.6000,3256.6000,1,2,2,3,1,1,1,1,2,5
SF,IH2011,2020-09-23 09:33:27.600,3245.6000,709,0,17538360.000,0,-,-,-,-,3244.2000,3244.0000,3243.8000,3243.6000,3243.2000,3247.4000,3256.6000,3256.8000,3257.0000,3267.6000,1,1,1,2,3,1,5,1,1,1
SF,IH2011,2020-09-23 09:33:28.100,3245.6000,709,0,17538360.000,0,-,-,-,-,3244.2000,3244.0000,3243.8000,3243.6000,3243.2000,3247.4000,3256.6000,3256.8000,3257.0000,3267.6000,1,1,1,2,3,1,5,1,1,1
SF,IH2011,2020-09-23 09:33:28.600,3245.6000,709,0,17538360.000,0,-,-,-,-,3244.2000,3244.0000,3243.8000,3243.6000,3243.2000,3247.4000,3256.6000,3256.8000,3257.0000,3267.6000,1,1,1,2,3,1,5,1,1,1
SF,IH2011,2020-09-23 09:33:29.100,3245.6000,709,0,17538360.000,0,-,-,-,-,3244.4000,3244.2000,3244.0000,3243.8000,3243.6000,3247.2000,3247.4000,3256.6000,3256.8000,3257.0000,1,1,1,1,2,1,1,5,1,1
SF,IH2011,2020-09-23 09:33:29.600,3245.6000,709,0,17538360.000,0,-,-,-,-,3244.4000,3244.2000,3244.0000,3243.6000,3243.2000,3247.2000,3247.4000,3256.6000,3256.8000,3257.0000,1,1,1,2,3,1,1,5,1,1
SF,IH2011,2020-09-23 09:33:30.100,3245.6000,709,0,17538360.000,0,-,-,-,-,3244.2000,3244.0000,3243.6000,3243.2000,3240.8000,3247.2000,3247.4000,3256.6000,3256.8000,3257.0000,1,1,2,3,1,1,1,5,1,1
SF,IH2011,2020-09-23 09:33:30.600,3245.6000,709,0,17538360.000,0,-,-,-,-,3244.4000,3244.2000,3244.0000,3243.6000,3243.2000,3247.2000,3247.4000,3256.6000,3256.8000,3257.0000,1,1,1,2,3,1,1,5,1,1
SF,IH2011,2020-09-23 09:33:31.100,3245.6000,709,0,17538360.000,0,-,-,-,-,3244.6000,3244.0000,3243.6000,3243.2000,3240.8000,3247.4000,3256.6000,3256.8000,3257.0000,3267.6000,1,1,2,3,1,1,5,1,1,1
SF,IH2011,2020-09-23 09:33:31.600,3245.6000,709,0,17538360.000,0,-,-,-,-,3244.6000,3243.6000,3243.2000,3240.8000,3238.0000,3246.8000,3247.2000,3247.4000,3256.6000,3256.8000,1,2,3,1,1,1,2,1,5,1
SF,IH2011,2020-09-23 09:33:32.100,3245.6000,709,0,17538360.000,0,-,-,-,-,3244.6000,3243.6000,3243.2000,3240.8000,3238.0000,3247.4000,3256.6000,3256.8000,3257.0000,3267.6000,1,2,3,1,1,1,5,1,1,1
SF,IH2011,2020-09-23 09:33:32.600,3245.6000,709,0,17538360.000,0,-,-,-,-,3244.6000,3243.6000,3243.2000,3240.8000,3238.0000,3247.4000,3256.6000,3256.8000,3257.0000,3267.6000,1,2,3,1,1,1,5,1,1,1
SF,IH2011,2020-09-23 09:33:33.100,3245.6000,709,0,17538360.000,0,-,-,-,-,3244.6000,3243.6000,3243.2000,3240.8000,3238.0000,3247.0000,3247.4000,3256.6000,3256.8000,3257.0000,1,2,3,1,1,1,1,5,1,1
SF,IH2011,2020-09-23 09:33:33.600,3245.6000,709,0,17538360.000,0,-,-,-,-,3244.6000,3243.6000,3243.2000,3240.8000,3238.0000,3247.4000,3256.6000,3256.8000,3257.0000,3267.6000,1,2,3,1,1,1,5,1,1,1
SF,IH2011,2020-09-23 09:33:34.100,3245.6000,709,0,17538360.000,0,-,-,-,-,3244.8000,3244.6000,3243.6000,3243.2000,3240.8000,3247.4000,3256.6000,3256.8000,3257.0000,3267.6000,1,1,2,3,1,1,5,1,1,1
SF,IH2011,2020-09-23 09:33:34.600,3245.6000,709,0,17538360.000,0,-,-,-,-,3245.0000,3244.8000,3243.6000,3243.2000,3240.8000,3247.4000,3256.6000,3256.8000,3257.0000,3267.6000,1,1,2,3,1,1,5,1,1,1
SF,IH2011,2020-09-23 09:33:35.100,3245.6000,709,0,17538360.000,0,-,-,-,-,3245.2000,3245.0000,3244.8000,3243.6000,3243.2000,3247.4000,3256.6000,3256.8000,3257.0000,3267.6000,3,1,1,2,3,1,5,1,1,1
SF,IH2011,2020-09-23 09:33:35.600,3245.6000,709,0,17538360.000,0,-,-,-,-,3245.4000,3245.2000,3243.6000,3240.8000,3238.0000,3247.4000,3256.6000,3256.8000,3257.0000,3267.6000,1,3,2,1,1,1,5,1,1,1
SF,IH2011,2020-09-23 09:33:36.100,3245.6000,709,0,17538360.000,0,-,-,-,-,3245.4000,3245.2000,3243.6000,3240.8000,3238.0000,3247.4000,3256.6000,3256.8000,3257.0000,3267.6000,2,3,2,1,1,1,5,1,1,1
SF,IH2011,2020-09-23 09:33:36.600,3245.6000,709,0,17538360.000,0,-,-,-,-,3245.4000,3245.2000,3243.6000,3240.8000,3238.0000,3247.4000,3256.6000,3256.8000,3257.0000,3267.6000,2,2,2,1,1,1,5,1,1,1
SF,IH2011,2020-09-23 09:33:37.100,3245.6000,709,0,17538360.000,0,-,-,-,-,3245.4000,3243.6000,3240.8000,3238.0000,3233.8000,3247.4000,3256.6000,3256.8000,3257.0000,3267.6000,2,2,1,1,5,1,5,1,1,1
SF,IH2011,2020-09-23 09:33:37.600,3245.6000,709,0,17538360.000,0,-,-,-,-,3245.4000,3243.6000,3240.8000,3238.0000,3233.8000,3247.4000,3256.6000,3256.8000,3257.0000,3267.6000,1,2,1,1,5,1,5,1,1,1
SF,IH2011,2020-09-23 09:33:41.600,3245.6000,709,0,17538360.000,0,-,-,-,-,3245.4000,3243.6000,3240.8000,3238.0000,3233.8000,3247.2000,3247.4000,3256.6000,3256.8000,3257.0000,1,2,1,1,5,1,1,5,1,1
SF,IH2011,2020-09-23 09:33:42.100,3245.6000,709,0,17538360.000,0,-,-,-,-,3243.6000,3240.8000,3238.0000,3233.8000,3227.6000,3247.2000,3247.4000,3256.6000,3256.8000,3257.0000,2,1,1,5,1,1,1,5,1,1
SF,IH2011,2020-09-23 09:33:42.600,3245.6000,709,0,17538360.000,0,-,-,-,-,3244.6000,3243.8000,3243.6000,3240.8000,3238.0000,3247.2000,3247.4000,3256.6000,3256.8000,3257.0000,1,4,2,1,1,1,1,5,1,1
SF,IH2011,2020-09-23 09:33:44.600,3245.6000,709,0,17538360.000,0,-,-,-,-,3243.8000,3243.6000,3240.8000,3238.0000,3233.8000,3247.0000,3247.2000,3247.4000,3256.6000,3256.8000,4,2,1,1,5,1,1,1,5,1
SF,IH2011,2020-09-23 09:33:45.100,3245.6000,709,0,17538360.000,0,-,-,-,-,3244.0000,3243.8000,3243.6000,3240.8000,3238.0000,3246.8000,3247.0000,3247.2000,3247.4000,3256.6000,1,1,2,1,1,1,1,1,1,5
SF,IH2011,2020-09-23 09:33:45.600,3245.6000,709,0,17538360.000,0,-,-,-,-,3244.0000,3243.8000,3243.6000,3240.8000,3238.0000,3247.0000,3247.2000,3247.4000,3256.6000,3256.8000,1,1,2,1,1,1,1,1,5,1
SF,IH2011,2020-09-23 09:33:46.100,3245.6000,709,0,17538360.000,0,-,-,-,-,3244.0000,3243.8000,3243.6000,3240.8000,3238.0000,3246.8000,3247.0000,3247.2000,3247.4000,3256.6000,1,1,2,1,1,1,1,1,1,5
SF,IH2011,2020-09-23 09:33:48.100,3245.6000,709,0,17538360.000,0,-,-,-,-,3244.2000,3244.0000,3243.8000,3243.6000,3240.8000,3246.8000,3247.0000,3247.2000,3247.4000,3256.6000,2,1,1,2,1,1,1,1,1,5
SF,IH2011,2020-09-23 09:33:48.600,3245.6000,709,0,17538360.000,0,-,-,-,-,3244.2000,3244.0000,3243.8000,3243.6000,3240.8000,3246.8000,3247.0000,3247.4000,3256.6000,3256.8000,2,1,1,2,1,1,1,1,5,1
SF,IH2011,2020-09-23 09:33:50.100,3245.6000,709,0,17538360.000,0,-,-,-,-,3244.2000,3244.0000,3243.8000,3243.6000,3240.8000,3246.6000,3246.8000,3247.0000,3247.4000,3256.6000,2,1,1,2,1,1,1,1,1,5
SF,IH2011,2020-09-23 09:33:50.600,3245.6000,709,0,17538360.000,0,-,-,-,-,3244.2000,3244.0000,3243.8000,3243.6000,3240.8000,3246.6000,3246.8000,3247.4000,3256.6000,3256.8000,2,1,1,2,1,1,1,1,5,1
SF,IH2011,2020-09-23 09:33:51.100,3245.6000,709,0,17538360.000,0,-,-,-,-,3244.0000,3243.8000,3243.6000,3240.8000,3238.0000,3246.8000,3247.4000,3256.6000,3256.8000,3257.0000,1,1,2,1,1,1,1,5,1,1
SF,IH2011,2020-09-23 09:33:53.600,3245.6000,709,0,17538360.000,0,-,-,-,-,3243.8000,3243.6000,3240.8000,3238.0000,3233.8000,3246.8000,3247.4000,3256.6000,3256.8000,3257.0000,1,2,1,1,5,1,1,5,1,1
SF,IH2011,2020-09-23 09:33:54.100,3245.6000,709,0,17538360.000,0,-,-,-,-,3244.0000,3243.8000,3243.6000,3240.8000,3238.0000,3246.8000,3247.4000,3256.6000,3256.8000,3257.0000,1,1,2,1,1,1,1,5,1,1
SF,IH2011,2020-09-23 09:33:54.600,3245.6000,709,0,17538360.000,0,-,-,-,-,3244.2000,3243.6000,3240.8000,3238.0000,3233.8000,3246.8000,3256.6000,3256.8000,3257.0000,3267.6000,1,2,1,1,5,1,5,1,1,1
SF,IH2011,2020-09-23 09:33:55.100,3245.6000,709,0,17538360.000,0,-,-,-,-,3244.2000,3243.6000,3240.8000,3238.0000,3233.8000,3256.6000,3256.8000,3257.0000,3267.6000,3277.0000,1,2,1,1,5,5,1,1,1,1
SF,IH2011,2020-09-23 09:33:55.600,3245.6000,709,0,17538360.000,0,-,-,-,-,3244.4000,3244.2000,3243.6000,3240.8000,3238.0000,3247.2000,3248.2000,3248.6000,3254.2000,3256.4000,1,1,2,1,1,1,1,1,1,4
SF,IH2011,2020-09-23 09:33:56.100,3245.6000,709,0,17538360.000,0,-,-,-,-,3244.6000,3243.6000,3240.8000,3238.0000,3233.8000,3254.2000,3256.4000,3256.6000,3256.8000,3257.0000,1,2,1,1,5,1,3,5,1,1
SF,IH2011,2020-09-23 09:33:56.600,3245.6000,709,0,17538360.000,0,-,-,-,-,3244.8000,3243.6000,3240.8000,3238.0000,3233.8000,3248.8000,3254.0000,3254.2000,3256.4000,3256.6000,1,2,1,1,5,1,2,1,2,5
SF,IH2011,2020-09-23 09:33:57.100,3245.6000,709,0,17538360.000,0,-,-,-,-,3245.0000,3243.6000,3240.8000,3238.0000,3233.8000,3248.6000,3256.6000,3256.8000,3257.0000,3267.6000,1,2,1,1,5,2,5,1,1,1
SF,IH2011,2020-09-23 09:33:57.600,3245.6000,709,0,17538360.000,0,-,-,-,-,3245.0000,3243.6000,3240.8000,3238.0000,3233.8000,3248.6000,3256.6000,3256.8000,3257.0000,3267.6000,1,2,1,1,5,1,5,1,1,1
SF,IH2011,2020-09-23 09:33:58.100,3245.6000,709,0,17538360.000,0,-,-,-,-,3245.2000,3245.0000,3243.6000,3240.8000,3238.0000,3248.6000,3251.6000,3256.6000,3256.8000,3257.0000,1,1,2,1,1,1,1,5,1,1
SF,IH2011,2020-09-23 09:33:58.600,3245.6000,709,0,17538360.000,0,-,-,-,-,3245.4000,3245.2000,3243.6000,3240.8000,3238.0000,3251.6000,3256.6000,3256.8000,3257.0000,3267.6000,1,1,2,1,1,1,5,1,1,1
SF,IH2011,2020-09-23 09:33:59.100,3245.6000,709,0,17538360.000,0,-,-,-,-,3245.6000,3245.4000,3245.2000,3243.6000,3240.8000,3251.4000,3251.6000,3256.6000,3256.8000,3257.0000,3,1,1,2,1,3,1,5,1,1
SF,IH2011,2020-09-23 09:33:59.600,3245.6000,709,0,17538360.000,0,-,-,-,-,3245.8000,3245.6000,3245.2000,3240.8000,3238.0000,3251.4000,3251.6000,3256.6000,3256.8000,3257.0000,1,3,1,1,1,3,1,5,1,1
SF,IH2011,2020-09-23 09:34:00.100,3245.6000,709,0,17538360.000,0,-,-,-,-,3246.0000,3245.8000,3245.6000,3245.2000,3240.8000,3250.2000,3251.4000,3256.6000,3256.8000,3257.0000,1,1,2,1,1,1,3,5,1,1
SF,IH2011,2020-09-23 09:34:00.600,3245.6000,709,0,17538360.000,0,-,-,-,-,3246.2000,3245.6000,3245.2000,3240.8000,3238.0000,3250.0000,3250.2000,3251.4000,3256.6000,3256.8000,1,2,1,1,1,2,1,2,5,1
SF,IH2011,2020-09-23 09:34:01.100,3245.6000,709,0,17538360.000,0,-,-,-,-,3246.2000,3245.6000,3245.2000,3240.8000,3238.0000,3249.6000,3249.8000,3250.0000,3251.4000,3256.6000,1,2,1,1,1,1,1,2,2,5
SF,IH2011,2020-09-23 09:34:01.600,3245.6000,709,0,17538360.000,0,-,-,-,-,3246.4000,3246.2000,3245.6000,3245.2000,3238.0000,3249.4000,3249.6000,3249.8000,3250.0000,3251.4000,1,1,2,1,1,1,1,1,1,2
SF,IH2011,2020-09-23 09:34:02.100,3245.6000,709,0,17538360.000,0,-,-,-,-,3246.6000,3246.4000,3245.6000,3245.2000,3238.0000,3249.6000,3250.0000,3251.4000,3256.6000,3256.8000,1,1,2,1,1,1,1,2,5,1
SF,IH2011,2020-09-23 09:34:03.600,3245.6000,709,0,17538360.000,0,-,-,-,-,3246.8000,3246.6000,3246.4000,3245.6000,3245.2000,3249.6000,3250.0000,3251.4000,3256.6000,3256.8000,1,1,1,2,1,1,1,2,5,1
SF,IH2011,2020-09-23 09:34:04.100,3245.6000,709,0,17538360.000,0,-,-,-,-,3246.6000,3246.4000,3245.6000,3245.2000,3238.0000,3249.4000,3249.6000,3250.0000,3251.4000,3256.6000,1,1,2,1,1,1,1,1,2,5
SF,IH2011,2020-09-23 09:34:05.100,3245.6000,709,0,17538360.000,0,-,-,-,-,3246.6000,3246.4000,3245.6000,3245.2000,3238.0000,3249.0000,3249.2000,3250.0000,3256.6000,3256.8000,1,1,2,1,1,1,1,1,5,1
SF,IH2011,2020-09-23 09:34:05.600,3245.6000,709,0,17538360.000,0,-,-,-,-,3245.2000,3238.0000,3233.8000,3227.6000,3213.2000,3249.0000,3249.2000,3256.6000,3256.8000,3257.0000,1,1,5,1,3,1,1,5,1,1
SF,IH2011,2020-09-23 09:34:06.100,3245.6000,709,0,17538360.000,0,-,-,-,-,3245.4000,3245.2000,3238.0000,3233.8000,3227.6000,3249.0000,3249.2000,3256.6000,3256.8000,3257.0000,2,1,1,5,1,1,1,5,1,1
SF,IH2011,2020-09-23 09:34:06.600,3245.6000,709,0,17538360.000,0,-,-,-,-,3245.4000,3238.0000,3233.8000,3227.6000,3213.2000,3248.8000,3249.0000,3249.2000,3256.6000,3256.8000,1,1,5,1,3,1,1,1,5,1
SF,IH2011,2020-09-23 09:34:07.100,3245.6000,709,0,17538360.000,0,-,-,-,-,3245.6000,3245.4000,3238.0000,3233.8000,3227.6000,3248.6000,3248.8000,3249.2000,3256.6000,3256.8000,2,1,1,5,1,1,1,1,5,1
SF,IH2011,2020-09-23 09:34:07.600,3245.6000,709,0,17538360.000,0,-,-,-,-,3238.0000,3233.8000,3227.6000,3213.2000,3178.0000,3248.4000,3248.6000,3249.2000,3256.6000,3256.8000,1,5,1,3,1,1,1,1,5,1
SF,IH2011,2020-09-23 09:34:08.100,3245.6000,709,0,17538360.000,0,-,-,-,-,3243.6000,3243.2000,3238.2000,3238.0000,3233.8000,3248.6000,3249.2000,3256.6000,3256.8000,3257.0000,1,1,3,1,5,1,1,5,1,1
SF,IH2011,2020-09-23 09:34:08.600,3245.6000,709,0,17538360.000,0,-,-,-,-,3243.8000,3238.0000,3233.8000,3227.6000,3213.2000,3248.4000,3248.6000,3249.2000,3256.6000,3256.8000,4,1,5,1,3,1,1,1,5,1
SF,IH2011,2020-09-23 09:34:09.100,3245.6000,709,0,17538360.000,0,-,-,-,-,3244.2000,3243.8000,3238.0000,3233.8000,3227.6000,3248.2000,3248.4000,3249.2000,3256.6000,3256.8000,2,4,1,5,1,1,1,1,5,1
SF,IH2011,2020-09-23 09:34:09.600,3245.6000,709,0,17538360.000,0,-,-,-,-,3244.4000,3244.2000,3243.8000,3238.0000,3233.8000,3248.0000,3248.2000,3256.6000,3256.8000,3257.0000,4,2,2,1,5,1,1,5,1,1
SF,IH2011,2020-09-23 09:34:10.600,3245.6000,709,0,17538360.000,0,-,-,-,-,3244.8000,3244.4000,3243.8000,3238.0000,3233.8000,3247.6000,3248.0000,3256.6000,3256.8000,3257.0000,1,4,2,1,5,1,1,5,1,1
SF,IH2011,2020-09-23 09:34:15.600,3245.6000,709,0,17538360.000,0,-,-,-,-,3244.4000,3243.8000,3238.0000,3233.8000,3227.6000,3247.6000,3248.0000,3256.6000,3256.8000,3257.0000,4,2,1,5,1,1,1,5,1,1
SF,IH2011,2020-09-23 09:34:17.100,3245.6000,709,0,17538360.000,0,-,-,-,-,3244.4000,3243.8000,3238.0000,3233.8000,3227.6000,3248.0000,3256.6000,3256.8000,3257.0000,3267.6000,4,2,1,5,1,1,5,1,1,1
SF,IH2011,2020-09-23 09:34:17.600,3245.6000,709,0,17538360.000,0,-,-,-,-,3244.4000,3243.8000,3238.0000,3233.8000,3227.6000,3256.6000,3256.8000,3257.0000,3267.6000,3277.0000,4,2,1,5,1,5,1,1,1,1
SF,IH2011,2020-09-23 09:34:18.100,3245.6000,709,0,17538360.000,0,-,-,-,-,3245.2000,3244.6000,3244.4000,3243.8000,3238.0000,3249.0000,3250.0000,3250.4000,3256.0000,3256.4000,1,1,4,2,1,1,1,1,1,3
SF,IH2011,2020-09-23 09:34:18.600,3245.6000,709,0,17538360.000,0,-,-,-,-,3245.4000,3245.2000,3244.4000,3243.8000,3238.0000,3248.8000,3249.2000,3256.0000,3256.4000,3256.6000,1,1,3,2,1,1,1,1,1,5
SF,IH2011,2020-09-23 09:34:19.100,3245.6000,709,0,17538360.000,0,-,-,-,-,3245.4000,3245.2000,3244.4000,3243.8000,3238.0000,3248.6000,3248.8000,3256.0000,3256.4000,3256.6000,1,1,3,2,1,1,1,1,1,5
SF,IH2011,2020-09-23 09:34:20.100,3245.6000,709,0,17538360.000,0,-,-,-,-,3245.4000,3244.4000,3243.8000,3238.0000,3233.8000,3248.6000,3248.8000,3256.0000,3256.4000,3256.6000,1,3,2,1,5,1,1,1,1,5
SF,IH2011,2020-09-23 09:34:21.100,3245.6000,709,0,17538360.000,0,-,-,-,-,3245.6000,3245.4000,3244.4000,3243.8000,3238.0000,3248.6000,3248.8000,3256.0000,3256.4000,3256.6000,1,1,3,2,1,1,1,1,1,5
SF,IH2011,2020-09-23 09:34:21.600,3245.6000,709,0,17538360.000,0,-,-,-,-,3245.8000,3245.6000,3244.4000,3243.8000,3238.0000,3248.6000,3248.8000,3256.0000,3256.4000,3256.6000,1,1,3,2,1,1,1,1,1,5
SF,IH2011,2020-09-23 09:34:22.100,3245.6000,709,0,17538360.000,0,-,-,-,-,3245.8000,3245.6000,3244.4000,3238.0000,3233.8000,3248.6000,3248.8000,3256.0000,3256.4000,3256.6000,1,1,3,1,5,1,1,1,1,5
SF,IH2011,2020-09-23 09:34:23.100,3245.6000,709,0,17538360.000,0,-,-,-,-,3246.2000,3245.8000,3244.4000,3238.0000,3233.8000,3248.6000,3248.8000,3256.4000,3256.6000,3256.8000,1,1,3,1,5,1,1,1,5,1
SF,IH2011,2020-09-23 09:34:23.600,3245.6000,709,0,17538360.000,0,-,-,-,-,3245.8000,3244.4000,3238.0000,3233.8000,3227.6000,3248.4000,3248.6000,3248.8000,3256.4000,3256.6000,1,3,1,5,1,1,1,1,1,5
SF,IH2011,2020-09-23 09:34:24.600,3245.6000,709,0,17538360.000,0,-,-,-,-,3245.8000,3244.4000,3238.0000,3233.8000,3227.6000,3248.2000,3248.4000,3248.8000,3256.4000,3256.6000,1,3,1,5,1,2,1,1,1,5
SF,IH2011,2020-09-23 09:34:25.100,3245.6000,709,0,17538360.000,0,-,-,-,-,3244.4000,3238.0000,3233.8000,3227.6000,3213.2000,3248.2000,3248.4000,3248.8000,3256.4000,3256.6000,3,1,5,1,3,2,1,1,1,5
SF,IH2011,2020-09-23 09:34:25.600,3245.6000,709,0,17538360.000,0,-,-,-,-,3244.6000,3244.4000,3238.0000,3233.8000,3227.6000,3247.8000,3248.2000,3248.4000,3248.8000,3256.4000,2,3,1,5,1,1,1,1,1,1
SF,IH2011,2020-09-23 09:34:27.600,3245.6000,709,0,17538360.000,0,-,-,-,-,3244.6000,3244.4000,3238.0000,3233.8000,3227.6000,3247.6000,3247.8000,3248.4000,3248.8000,3256.4000,2,3,1,5,1,1,1,1,1,1
SF,IH2011,2020-09-23 09:34:28.100,3245.6000,709,0,17538360.000,0,-,-,-,-,3244.6000,3244.4000,3238.0000,3233.8000,3227.6000,3247.4000,3247.6000,3247.8000,3248.4000,3256.4000,1,3,1,5,1,1,1,1,1,1
SF,IH2011,2020-09-23 09:34:29.100,3245.6000,709,0,17538360.000,0,-,-,-,-,3244.6000,3244.4000,3238.0000,3233.8000,3227.6000,3247.2000,3247.4000,3247.6000,3248.4000,3256.4000,1,3,1,5,1,1,1,1,1,1
SF,IH2011,2020-09-23 09:34:30.100,3245.6000,709,0,17538360.000,0,-,-,-,-,3244.4000,3238.0000,3233.8000,3227.6000,3213.2000,3247.2000,3247.4000,3247.6000,3248.4000,3256.4000,3,1,5,1,3,1,1,1,1,1
SF,IH2011,2020-09-23 09:34:30.600,3245.6000,709,0,17538360.000,0,-,-,-,-,3244.4000,3238.0000,3233.8000,3227.6000,3213.2000,3247.0000,3247.2000,3247.6000,3248.4000,3256.4000,3,1,5,1,3,1,1,1,1,1
SF,IH2011,2020-09-23 09:34:31.100,3245.6000,709,0,17538360.000,0,-,-,-,-,3244.4000,3238.0000,3233.8000,3227.6000,3213.2000,3247.0000,3247.2000,3248.4000,3256.4000,3256.6000,3,1,5,1,3,1,1,1,1,5
SF,IH2011,2020-09-23 09:34:31.600,3245.6000,709,0,17538360.000,0,-,-,-,-,3244.4000,3238.0000,3233.8000,3227.6000,3213.2000,3246.8000,3247.0000,3248.4000,3256.4000,3256.6000,3,1,5,1,3,1,1,1,1,5
SF,IH2011,2020-09-23 09:34:32.100,3245.6000,709,0,17538360.000,0,-,-,-,-,3244.4000,3238.0000,3233.8000,3227.6000,3213.2000,3246.8000,3247.0000,3248.4000,3256.4000,3256.6000,3,1,5,1,3,1,1,1,1,5
SF,IH2011,2020-09-23 09:34:32.600,3245.6000,709,0,17538360.000,0,-,-,-,-,3238.0000,3233.8000,3227.6000,3213.2000,3178.0000,3246.8000,3247.0000,3248.4000,3256.4000,3256.6000,1,5,1,3,1,1,1,1,1,5
SF,IH2011,2020-09-23 09:34:33.100,3245.6000,709,0,17538360.000,0,-,-,-,-,3238.2000,3238.0000,3233.8000,3227.6000,3213.2000,3246.8000,3248.4000,3256.4000,3256.6000,3256.8000,3,1,5,1,3,1,1,1,5,1
SF,IH2011,2020-09-23 09:34:33.600,3245.6000,709,0,17538360.000,0,-,-,-,-,3238.2000,3238.0000,3233.8000,3227.6000,3213.2000,3246.8000,3248.4000,3256.4000,3256.6000,3256.8000,3,1,5,1,3,1,1,1,5,1
SF,IH2011,2020-09-23 09:34:34.100,3245.6000,709,0,17538360.000,0,-,-,-,-,3238.2000,3238.0000,3233.8000,3227.6000,3213.2000,3246.6000,3246.8000,3248.4000,3256.4000,3256.6000,3,1,5,1,3,1,1,1,1,5
SF,IH2011,2020-09-23 09:34:34.600,3245.6000,709,0,17538360.000,0,-,-,-,-,3240.6000,3238.2000,3238.0000,3233.8000,3227.6000,3246.6000,3246.8000,3248.4000,3256.4000,3256.6000,2,3,1,5,1,1,1,1,1,5
SF,IH2011,2020-09-23 09:34:35.100,3245.6000,709,0,17538360.000,0,-,-,-,-,3240.8000,3240.6000,3238.0000,3233.8000,3227.6000,3246.6000,3246.8000,3248.4000,3256.4000,3256.6000,3,2,1,5,1,1,1,1,1,5
SF,IH2011,2020-09-23 09:34:35.600,3245.6000,709,0,17538360.000,0,-,-,-,-,3240.8000,3240.6000,3238.0000,3233.8000,3227.6000,3246.4000,3246.6000,3248.4000,3256.4000,3256.6000,3,2,1,5,1,1,1,1,1,5
SF,IH2011,2020-09-23 09:34:36.100,3245.6000,709,0,17538360.000,0,-,-,-,-,3242.0000,3240.8000,3240.6000,3238.0000,3233.8000,3246.2000,3246.4000,3248.4000,3256.4000,3256.6000,1,3,2,1,5,1,1,1,1,5
SF,IH2011,2020-09-23 09:34:36.600,3245.6000,709,0,17538360.000,0,-,-,-,-,3242.2000,3242.0000,3240.8000,3240.6000,3238.0000,3246.2000,3246.4000,3248.4000,3256.4000,3256.6000,2,1,2,2,1,1,1,1,1,5
SF,IH2011,2020-09-23 09:34:37.100,3245.6000,709,0,17538360.000,0,-,-,-,-,3242.2000,3240.8000,3240.6000,3238.0000,3233.8000,3246.0000,3246.2000,3248.4000,3256.4000,3256.6000,2,2,2,1,5,1,1,1,1,5
SF,IH2011,2020-09-23 09:34:37.600,3245.6000,709,0,17538360.000,0,-,-,-,-,3242.6000,3242.2000,3240.8000,3240.6000,3238.0000,3246.0000,3246.2000,3248.4000,3256.4000,3256.6000,1,2,2,2,1,1,1,1,1,5
SF,IH2011,2020-09-23 09:34:38.100,3245.6000,709,0,17538360.000,0,-,-,-,-,3242.8000,3242.6000,3242.2000,3240.8000,3240.6000,3246.0000,3246.2000,3248.4000,3256.4000,3256.6000,2,1,1,2,2,1,1,1,1,5
SF,IH2011,2020-09-23 09:34:39.100,3245.6000,709,0,17538360.000,0,-,-,-,-,3242.8000,3242.2000,3240.8000,3238.0000,3233.8000,3246.0000,3246.2000,3248.4000,3256.4000,3256.6000,2,1,2,1,5,1,1,1,1,5
SF,IH2011,2020-09-23 09:34:39.600,3245.6000,709,0,17538360.000,0,-,-,-,-,3243.4000,3242.8000,3242.2000,3240.8000,3238.0000,3246.0000,3246.2000,3248.4000,3256.4000,3256.6000,1,2,1,2,1,1,1,1,1,5
SF,IH2011,2020-09-23 09:34:40.100,3245.6000,709,0,17538360.000,0,-,-,-,-,3243.6000,3243.4000,3242.8000,3242.2000,3240.8000,3246.0000,3246.2000,3248.4000,3256.4000,3256.6000,3,1,2,1,2,1,1,1,1,5
SF,IH2011,2020-09-23 09:34:41.600,3245.6000,709,0,17538360.000,0,-,-,-,-,3243.8000,3243.6000,3242.8000,3242.2000,3240.8000,3246.0000,3246.2000,3248.4000,3256.4000,3256.6000,1,3,2,1,2,1,1,1,1,5
SF,IH2011,2020-09-23 09:34:43.600,3245.6000,709,0,17538360.000,0,-,-,-,-,3243.8000,3243.6000,3242.8000,3242.2000,3240.8000,3246.0000,3246.2000,3248.4000,3256.4000,3256.6000,1,3,2,1,1,1,1,1,1,5
SF,IH2011,2020-09-23 09:34:44.100,3245.6000,709,0,17538360.000,0,-,-,-,-,3244.0000,3243.8000,3243.6000,3242.8000,3242.2000,3246.0000,3246.2000,3248.4000,3256.4000,3256.6000,1,1,3,2,1,1,1,1,1,5
SF,IH2011,2020-09-23 09:34:44.600,3245.6000,709,0,17538360.000,0,-,-,-,-,3244.0000,3243.8000,3243.6000,3242.8000,3242.2000,3246.0000,3246.2000,3256.4000,3256.6000,3256.8000,1,1,3,2,1,1,1,1,5,1
SF,IH2011,2020-09-23 09:34:45.100,3245.6000,709,0,17538360.000,0,-,-,-,-,3244.0000,3243.6000,3242.8000,3242.2000,3240.8000,3246.0000,3246.2000,3256.4000,3256.6000,3256.8000,1,3,2,1,1,1,1,1,5,1
SF,IH2011,2020-09-23 09:34:45.600,3245.6000,709,0,17538360.000,0,-,-,-,-,3244.0000,3243.6000,3242.8000,3242.2000,3240.8000,3246.0000,3256.4000,3256.6000,3256.8000,3257.0000,1,3,2,1,1,1,1,5,1,1
SF,IH2011,2020-09-23 09:34:46.600,3245.6000,709,0,17538360.000,0,-,-,-,-,3244.0000,3243.6000,3242.8000,3242.2000,3240.8000,3256.4000,3256.6000,3256.8000,3257.0000,3267.6000,1,3,2,1,1,1,5,1,1,1
SF,IH2011,2020-09-23 09:34:47.100,3245.6000,709,0,17538360.000,0,-,-,-,-,3244.2000,3244.0000,3243.6000,3242.8000,3242.2000,3247.0000,3247.4000,3248.4000,3253.6000,3255.4000,2,1,3,1,1,2,1,1,1,4
SF,IH2011,2020-09-23 09:34:47.600,3245.6000,709,0,17538360.000,0,-,-,-,-,3244.0000,3243.6000,3242.8000,3238.0000,3233.8000,3246.8000,3247.4000,3253.6000,3256.2000,3256.4000,1,3,1,1,5,1,1,1,1,1
SF,IH2011,2020-09-23 09:34:48.100,3245.6000,709,0,17538360.000,0,-,-,-,-,3244.0000,3243.6000,3242.8000,3238.0000,3233.8000,3246.6000,3246.8000,3253.6000,3256.2000,3256.4000,1,3,1,1,5,1,1,1,1,1
SF,IH2011,2020-09-23 09:34:50.100,3245.6000,709,0,17538360.000,0,-,-,-,-,3244.0000,3243.6000,3242.8000,3238.0000,3233.8000,3246.4000,3246.6000,3246.8000,3253.6000,3256.2000,1,3,1,1,5,1,1,1,1,1
SF,IH2011,2020-09-23 09:34:51.100,3245.6000,709,0,17538360.000,0,-,-,-,-,3243.6000,3242.8000,3238.0000,3233.8000,3227.6000,3246.4000,3246.6000,3246.8000,3256.2000,3256.4000,3,1,1,5,1,1,1,1,1,1
SF,IH2011,2020-09-23 09:34:51.600,3245.6000,709,0,17538360.000,0,-,-,-,-,3243.6000,3242.8000,3238.0000,3233.8000,3227.6000,3246.4000,3246.8000,3256.2000,3256.4000,3256.6000,3,1,1,5,1,1,1,1,1,5
SF,IH2011,2020-09-23 09:34:52.100,3245.6000,709,0,17538360.000,0,-,-,-,-,3243.6000,3242.8000,3238.0000,3233.8000,3227.6000,3246.2000,3246.4000,3246.8000,3256.2000,3256.4000,3,1,1,5,1,1,1,1,1,1
SF,IH2011,2020-09-23 09:34:53.100,3245.6000,709,0,17538360.000,0,-,-,-,-,3243.8000,3243.6000,3242.8000,3238.0000,3233.8000,3246.2000,3246.4000,3246.8000,3256.2000,3256.4000,1,3,1,1,5,1,1,1,1,1
SF,IH2011,2020-09-23 09:34:53.600,3245.6000,709,0,17538360.000,0,-,-,-,-,3242.8000,3238.0000,3233.8000,3227.6000,3213.2000,3246.2000,3246.4000,3246.8000,3256.2000,3256.4000,1,1,5,1,3,1,1,1,1,1
SF,IH2011,2020-09-23 09:34:54.100,3245.6000,709,0,17538360.000,0,-,-,-,-,3243.0000,3242.8000,3238.0000,3233.8000,3227.6000,3245.8000,3246.0000,3246.4000,3256.2000,3256.4000,1,1,1,5,1,1,1,1,1,1
SF,IH2011,2020-09-23 09:34:55.100,3245.6000,709,0,17538360.000,0,-,-,-,-,3242.8000,3238.0000,3233.8000,3227.6000,3213.2000,3245.8000,3246.0000,3246.4000,3256.2000,3256.4000,1,1,5,1,3,1,1,1,1,1
SF,IH2011,2020-09-23 09:34:55.600,3245.6000,709,0,17538360.000,0,-,-,-,-,3243.0000,3242.8000,3238.0000,3233.8000,3227.6000,3245.6000,3245.8000,3246.0000,3256.2000,3256.4000,3,1,1,5,1,1,1,1,1,1
SF,IH2011,2020-09-23 09:34:56.600,3245.6000,709,0,17538360.000,0,-,-,-,-,3243.0000,3242.8000,3238.0000,3233.8000,3227.6000,3245.6000,3245.8000,3246.0000,3256.2000,3256.4000,1,1,1,5,1,1,1,1,1,1
SF,IH2011,2020-09-23 09:34:57.100,3245.6000,709,0,17538360.000,0,-,-,-,-,3243.0000,3242.8000,3238.0000,3233.8000,3227.6000,3245.4000,3245.6000,3246.0000,3256.2000,3256.4000,1,1,1,5,1,1,1,1,1,1
SF,IH2011,2020-09-23 09:34:57.600,3245.6000,709,0,17538360.000,0,-,-,-,-,3238.0000,3233.8000,3227.6000,3213.2000,3178.0000,3245.2000,3245.4000,3245.6000,3256.2000,3256.4000,1,5,1,3,1,1,2,1,1,1
SF,IH2011,2020-09-23 09:34:58.100,3245.6000,709,0,17538360.000,0,-,-,-,-,3238.2000,3238.0000,3233.8000,3227.6000,3213.2000,3245.4000,3245.6000,3256.2000,3256.4000,3256.6000,3,1,5,1,3,2,1,1,1,5
SF,IH2011,2020-09-23 09:34:58.600,3245.6000,709,0,17538360.000,0,-,-,-,-,3238.2000,3238.0000,3233.8000,3227.6000,3213.2000,3244.8000,3245.2000,3245.4000,3245.6000,3256.2000,3,1,5,1,3,1,1,1,1,1
SF,IH2011,2020-09-23 09:34:59.100,3245.6000,709,0,17538360.000,0,-,-,-,-,3238.2000,3238.0000,3233.8000,3227.6000,3213.2000,3244.0000,3244.6000,3244.8000,3245.4000,3245.6000,3,1,5,1,3,1,1,1,1,1
SF,IH2011,2020-09-23 09:34:59.600,3245.6000,709,0,17538360.000,0,-,-,-,-,3238.2000,3238.0000,3233.8000,3227.6000,3213.2000,3244.0000,3244.8000,3245.4000,3256.2000,3256.4000,3,1,5,1,3,1,1,1,1,1
SF,IH2011,2020-09-23 09:35:00.100,3245.6000,709,0,17538360.000,0,-,-,-,-,3239.6000,3238.2000,3238.0000,3233.8000,3227.6000,3244.0000,3244.8000,3245.4000,3256.2000,3256.4000,1,3,1,5,1,1,1,1,1,1
SF,IH2011,2020-09-23 09:35:00.600,3245.6000,709,0,17538360.000,0,-,-,-,-,3239.8000,3239.6000,3238.2000,3238.0000,3233.8000,3243.8000,3244.0000,3244.8000,3245.4000,3256.2000,2,1,2,1,5,1,1,1,1,1
SF,IH2011,2020-09-23 09:35:01.100,3245.6000,709,0,17538360.000,0,-,-,-,-,3239.8000,3239.6000,3238.2000,3238.0000,3233.8000,3243.8000,3244.0000,3245.4000,3256.2000,3256.4000,2,1,2,1,5,2,1,1,1,1
SF,IH2011,2020-09-23 09:35:01.600,3245.6000,709,0,17538360.000,0,-,-,-,-,3239.8000,3239.6000,3238.2000,3238.0000,3233.8000,3243.8000,3244.0000,3245.4000,3256.2000,3256.4000,2,1,2,1,5,2,1,1,1,1
SF,IH2011,2020-09-23 09:35:03.100,3245.6000,709,0,17538360.000,0,-,-,-,-,3239.8000,3239.6000,3238.2000,3238.0000,3233.8000,3243.2000,3243.8000,3244.0000,3245.4000,3256.2000,2,1,2,1,5,1,1,1,1,1
SF,IH2011,2020-09-23 09:35:03.600,3245.6000,709,0,17538360.000,0,-,-,-,-,3239.8000,3239.6000,3238.2000,3238.0000,3233.8000,3243.2000,3243.8000,3244.0000,3245.4000,3256.2000,2,1,2,1,5,1,1,1,1,1
SF,IH2011,2020-09-23 09:35:04.100,3245.6000,709,0,17538360.000,0,-,-,-,-,3239.8000,3239.6000,3238.2000,3238.0000,3233.8000,3243.2000,3243.8000,3244.0000,3245.4000,3256.2000,2,1,2,1,5,1,1,1,1,1
SF,IH2011,2020-09-23 09:35:06.100,3245.6000,709,0,17538360.000,0,-,-,-,-,3239.8000,3239.6000,3238.2000,3238.0000,3233.8000,3243.8000,3244.0000,3245.4000,3256.2000,3256.4000,2,1,2,1,5,1,1,1,1,1
SF,IH2011,2020-09-23 09:35:06.600,3245.6000,709,0,17538360.000,0,-,-,-,-,3239.8000,3239.6000,3238.2000,3238.0000,3233.8000,3243.8000,3244.0000,3256.2000,3256.4000,3256.6000,2,1,2,1,5,1,1,1,1,5
SF,IH2011,2020-09-23 09:35:07.100,3245.6000,709,0,17538360.000,0,-,-,-,-,3239.8000,3239.6000,3238.2000,3238.0000,3233.8000,3243.6000,3243.8000,3244.0000,3256.2000,3256.4000,2,1,2,1,5,1,1,1,1,1
SF,IH2011,2020-09-23 09:35:07.600,3245.6000,709,0,17538360.000,0,-,-,-,-,3239.8000,3239.6000,3238.2000,3238.0000,3233.8000,3243.4000,3243.6000,3244.0000,3256.2000,3256.4000,2,1,2,1,5,1,1,1,1,1
SF,IH2011,2020-09-23 09:35:08.600,3245.6000,709,0,17538360.000,0,-,-,-,-,3239.8000,3239.6000,3238.2000,3238.0000,3233.8000,3243.2000,3243.4000,3244.0000,3256.2000,3256.4000,2,1,2,1,5,1,1,1,1,1
SF,IH2011,2020-09-23 09:35:09.100,3245.6000,709,0,17538360.000,0,-,-,-,-,3239.8000,3238.2000,3238.0000,3233.8000,3227.6000,3243.0000,3243.2000,3244.0000,3256.2000,3256.4000,2,2,1,5,1,1,1,1,1,1
SF,IH2011,2020-09-23 09:35:10.600,3245.6000,709,0,17538360.000,0,-,-,-,-,3239.8000,3238.2000,3238.0000,3233.8000,3227.6000,3243.0000,3244.0000,3256.2000,3256.4000,3256.6000,2,2,1,5,1,1,1,1,1,5
SF,IH2011,2020-09-23 09:35:11.100,3245.6000,709,0,17538360.000,0,-,-,-,-,3239.8000,3238.2000,3238.0000,3233.8000,3227.6000,3243.0000,3256.2000,3256.4000,3256.6000,3257.0000,1,2,1,5,1,1,1,1,5,1
SF,IH2011,2020-09-23 09:35:12.600,3245.6000,709,0,17538360.000,0,-,-,-,-,3238.2000,3238.0000,3230.0000,3227.6000,3213.2000,3242.8000,3243.0000,3256.2000,3256.4000,3256.6000,2,1,5,1,3,1,1,1,1,5
SF,IH2011,2020-09-23 09:35:13.100,3245.6000,709,0,17538360.000,0,-,-,-,-,3238.4000,3238.2000,3238.0000,3230.0000,3227.6000,3242.6000,3242.8000,3256.2000,3256.4000,3256.6000,2,2,1,5,1,1,1,1,1,5
SF,IH2011,2020-09-23 09:35:13.600,3245.6000,709,0,17538360.000,0,-,-,-,-,3238.8000,3238.4000,3238.2000,3238.0000,3230.0000,3242.6000,3242.8000,3256.2000,3256.4000,3256.6000,1,2,1,1,5,1,1,1,1,5
SF,IH2011,2020-09-23 09:35:14.100,3245.6000,709,0,17538360.000,0,-,-,-,-,3239.0000,3238.8000,3238.4000,3238.2000,3238.0000,3242.6000,3242.8000,3256.2000,3256.4000,3256.6000,3,1,1,1,1,1,1,1,1,5
SF,IH2011,2020-09-23 09:35:14.600,3245.6000,709,0,17538360.000,0,-,-,-,-,3239.0000,3238.8000,3238.4000,3238.2000,3238.0000,3242.6000,3243.4000,3256.2000,3256.4000,3256.6000,3,1,1,1,1,1,1,1,1,5
SF,IH2011,2020-09-23 09:35:15.100,3245.6000,709,0,17538360.000,0,-,-,-,-,3239.0000,3238.4000,3238.2000,3238.0000,3230.0000,3243.4000,3256.2000,3256.4000,3256.6000,3257.0000,3,1,1,1,5,1,1,1,5,1
SF,IH2011,2020-09-23 09:35:15.600,3245.6000,709,0,17538360.000,0,-,-,-,-,3239.6000,3239.0000,3238.4000,3238.2000,3238.0000,3243.4000,3256.2000,3256.4000,3256.6000,3257.0000,2,3,1,1,1,1,1,1,5,1
SF,IH2011,2020-09-23 09:35:16.100,3245.6000,709,0,17538360.000,0,-,-,-,-,3239.8000,3239.6000,3239.0000,3238.4000,3238.2000,3256.2000,3256.4000,3256.6000,3257.0000,3267.6000,1,2,2,1,1,1,1,5,1,1
SF,IH2011,2020-09-23 09:35:16.600,3245.6000,709,0,17538360.000,0,-,-,-,-,3240.0000,3239.8000,3239.6000,3239.0000,3238.4000,3243.6000,3245.0000,3250.0000,3254.0000,3256.0000,1,1,2,2,1,2,1,1,4,5
SF,IH2011,2020-09-23 09:35:17.100,3245.6000,709,0,17538360.000,0,-,-,-,-,3240.4000,3239.8000,3239.0000,3238.4000,3238.2000,3243.4000,3256.0000,3256.2000,3256.6000,3257.0000,2,1,2,1,1,1,2,1,5,1
SF,IH2011,2020-09-23 09:35:17.600,3245.6000,709,0,17538360.000,0,-,-,-,-,3240.4000,3239.8000,3239.0000,3238.0000,3230.0000,3243.4000,3244.8000,3256.0000,3256.2000,3256.6000,2,1,2,1,5,1,1,2,1,5
SF,IH2011,2020-09-23 09:35:18.600,3245.6000,709,0,17538360.000,0,-,-,-,-,3240.6000,3240.4000,3239.8000,3239.0000,3238.0000,3243.4000,3244.8000,3249.0000,3256.0000,3256.2000,1,2,1,2,1,1,1,10,2,1
SF,IH2011,2020-09-23 09:35:19.100,3245.6000,709,0,17538360.000,0,-,-,-,-,3240.6000,3240.4000,3239.8000,3239.0000,3238.0000,3243.4000,3244.8000,3249.0000,3256.0000,3256.2000,1,2,1,2,1,1,1,10,1,1
SF,IH2011,2020-09-23 09:35:19.600,3245.6000,709,0,17538360.000,0,-,-,-,-,3240.8000,3240.6000,3240.4000,3239.0000,3238.0000,3243.4000,3244.8000,3249.0000,3256.0000,3256.2000,1,1,2,2,1,1,1,10,1,1
SF,IH2011,2020-09-23 09:35:20.100,3245.6000,709,0,17538360.000,0,-,-,-,-,3241.0000,3240.8000,3240.6000,3240.4000,3239.0000,3244.8000,3249.0000,3256.0000,3256.2000,3256.6000,1,1,1,2,2,1,10,1,1,5
SF,IH2011,2020-09-23 09:35:20.600,3245.6000,709,0,17538360.000,0,-,-,-,-,3240.8000,3240.6000,3240.4000,3238.0000,3230.0000,3244.6000,3244.8000,3249.0000,3256.0000,3256.2000,1,1,2,1,5,3,1,10,1,1
SF,IH2011,2020-09-23 09:35:21.100,3245.6000,709,0,17538360.000,0,-,-,-,-,3241.0000,3240.8000,3240.6000,3240.4000,3238.0000,3244.6000,3244.8000,3249.0000,3256.0000,3256.2000,3,1,1,2,1,3,1,10,1,1
SF,IH2011,2020-09-23 09:35:21.600,3245.6000,709,0,17538360.000,0,-,-,-,-,3241.2000,3241.0000,3240.6000,3240.4000,3238.0000,3244.6000,3244.8000,3249.0000,3256.0000,3256.2000,1,3,1,2,1,2,1,10,1,1
SF,IH2011,2020-09-23 09:35:22.100,3245.6000,709,0,17538360.000,0,-,-,-,-,3241.4000,3241.2000,3241.0000,3240.6000,3240.4000,3244.6000,3244.8000,3249.0000,3256.0000,3256.2000,1,1,3,1,2,1,1,10,1,1
SF,IH2011,2020-09-23 09:35:22.600,3245.6000,709,0,17538360.000,0,-,-,-,-,3241.6000,3241.4000,3241.0000,3240.6000,3240.4000,3244.6000,3249.0000,3256.0000,3256.2000,3256.6000,1,1,3,1,2,1,10,1,1,5
SF,IH2011,2020-09-23 09:35:23.100,3245.6000,709,0,17538360.000,0,-,-,-,-,3241.8000,3241.6000,3241.4000,3241.0000,3240.6000,3249.0000,3256.0000,3256.2000,3256.6000,3257.0000,3,1,1,3,1,10,1,1,5,1
SF,IH2011,2020-09-23 09:35:23.600,3245.6000,709,0,17538360.000,0,-,-,-,-,3242.0000,3241.4000,3241.0000,3240.6000,3240.4000,3244.6000,3248.8000,3249.0000,3256.0000,3256.2000,1,1,3,1,2,2,4,10,1,1
SF,IH2011,2020-09-23 09:35:24.100,3245.6000,709,0,17538360.000,0,-,-,-,-,3241.4000,3241.0000,3240.6000,3240.4000,3238.0000,3248.8000,3249.0000,3256.0000,3256.2000,3256.6000,1,3,1,2,1,5,10,1,1,5
SF,IH2011,2020-09-23 09:35:24.600,3245.6000,709,0,17538360.000,0,-,-,-,-,3241.6000,3241.4000,3241.0000,3240.6000,3240.4000,3248.8000,3249.0000,3256.0000,3256.2000,3256.6000,3,1,3,1,2,5,10,1,1,5
SF,IH2011,2020-09-23 09:35:25.100,3245.6000,709,0,17538360.000,0,-,-,-,-,3241.8000,3241.6000,3241.4000,3241.0000,3240.6000,3248.8000,3249.0000,3256.0000,3256.2000,3256.6000,1,3,1,3,1,5,10,1,1,5
SF,IH2011,2020-09-23 09:35:25.600,3245.6000,709,0,17538360.000,0,-,-,-,-,3242.0000,3241.8000,3241.6000,3241.4000,3241.0000,3244.4000,3245.6000,3248.8000,3249.0000,3256.0000,1,1,4,1,3,2,1,5,10,1
SF,IH2011,2020-09-23 09:35:26.100,3245.6000,709,0,17538360.000,0,-,-,-,-,3242.2000,3241.6000,3241.4000,3241.0000,3240.6000,3245.6000,3248.8000,3249.0000,3256.0000,3256.2000,1,2,1,3,1,1,2,10,1,1
SF,IH2011,2020-09-23 09:35:26.600,3245.6000,709,0,17538360.000,0,-,-,-,-,3242.2000,3241.6000,3241.4000,3241.0000,3240.6000,3245.4000,3245.6000,3248.8000,3249.0000,3256.0000,1,2,1,3,1,2,2,1,10,1
SF,IH2011,2020-09-23 09:35:27.100,3245.6000,709,0,17538360.000,0,-,-,-,-,3242.2000,3241.4000,3241.0000,3240.6000,3238.0000,3245.4000,3245.6000,3248.8000,3249.0000,3256.0000,1,1,3,1,1,2,2,1,10,1
SF,IH2011,2020-09-23 09:35:30.100,3245.6000,709,0,17538360.000,0,-,-,-,-,3242.2000,3241.4000,3241.0000,3240.6000,3238.0000,3245.4000,3245.6000,3248.8000,3249.0000,3256.0000,1,1,3,1,1,1,1,1,10,1
SF,IH2011,2020-09-23 09:35:30.600,3245.6000,709,0,17538360.000,0,-,-,-,-,3242.2000,3241.4000,3241.0000,3240.6000,3238.0000,3245.6000,3248.8000,3249.0000,3256.0000,3256.2000,1,1,3,1,1,1,1,10,1,1
SF,IH2011,2020-09-23 09:35:31.100,3245.6000,709,0,17538360.000,0,-,-,-,-,3242.4000,3242.2000,3241.4000,3241.0000,3240.6000,3248.8000,3249.0000,3256.0000,3256.2000,3256.6000,1,1,1,3,1,1,10,1,1,5
SF,IH2011,2020-09-23 09:35:31.600,3245.6000,709,0,17538360.000,0,-,-,-,-,3242.6000,3242.4000,3241.4000,3241.0000,3240.6000,3245.6000,3248.6000,3249.0000,3256.0000,3256.2000,2,1,1,3,1,2,3,10,1,1
SF,IH2011,2020-09-23 09:35:32.100,3245.6000,709,0,17538360.000,0,-,-,-,-,3242.8000,3242.6000,3242.4000,3241.4000,3241.0000,3248.6000,3249.0000,3256.0000,3256.2000,3256.6000,1,1,1,1,3,1,10,1,1,5
SF,IH2011,2020-09-23 09:35:32.600,3245.6000,709,0,17538360.000,0,-,-,-,-,3243.0000,3242.8000,3241.4000,3241.0000,3238.0000,3248.4000,3248.6000,3249.0000,3256.0000,3256.2000,2,3,1,3,1,1,1,10,1,1
SF,IH2011,2020-09-23 09:35:33.100,3245.6000,709,0,17538360.000,0,-,-,-,-,3243.2000,3243.0000,3242.8000,3241.4000,3238.0000,3246.6000,3248.2000,3248.4000,3249.0000,3256.0000,2,2,3,1,1,1,1,1,10,1
SF,IH2011,2020-09-23 09:35:33.600,3245.6000,709,0,17538360.000,0,-,-,-,-,3243.4000,3243.2000,3242.8000,3241.4000,3238.0000,3246.6000,3248.2000,3248.4000,3249.0000,3256.0000,3,2,1,1,1,2,1,1,10,1
SF,IH2011,2020-09-23 09:35:34.100,3245.6000,709,0,17538360.000,0,-,-,-,-,3243.4000,3243.2000,3242.8000,3238.0000,3230.0000,3246.6000,3248.2000,3248.4000,3249.0000,3256.0000,3,2,1,1,5,2,1,1,10,1
SF,IH2011,2020-09-23 09:35:34.600,3245.6000,709,0,17538360.000,0,-,-,-,-,3243.4000,3243.2000,3242.8000,3238.0000,3230.0000,3246.6000,3248.2000,3248.4000,3256.0000,3256.2000,3,2,1,1,5,1,1,1,1,1
SF,IH2011,2020-09-23 09:35:35.100,3245.6000,709,0,17538360.000,0,-,-,-,-,3243.6000,3243.4000,3243.2000,3242.8000,3238.0000,3246.6000,3248.2000,3248.4000,3249.8000,3256.0000,3,1,2,1,1,1,1,1,10,1
SF,IH2011,2020-09-23 09:35:35.600,3245.6000,709,0,17538360.000,0,-,-,-,-,3243.8000,3243.6000,3243.2000,3242.8000,3238.0000,3246.6000,3248.2000,3248.4000,3249.8000,3256.0000,1,3,2,1,1,1,1,1,10,1
SF,IH2011,2020-09-23 09:35:36.100,3245.6000,709,0,17538360.000,0,-,-,-,-,3244.0000,3243.8000,3243.6000,3243.2000,3242.8000,3248.2000,3248.4000,3249.8000,3256.0000,3256.2000,2,1,3,2,1,1,1,10,1,1
SF,IH2011,2020-09-23 09:35:36.600,3245.6000,709,0,17538360.000,0,-,-,-,-,3244.0000,3243.2000,3242.8000,3238.0000,3230.0000,3246.2000,3246.4000,3248.0000,3248.2000,3248.4000,2,2,1,1,5,2,1,1,1,1
SF,IH2011,2020-09-23 09:35:37.100,3245.6000,709,0,17538360.000,0,-,-,-,-,3243.2000,3242.8000,3238.0000,3230.0000,3227.6000,3246.4000,3248.0000,3248.2000,3248.4000,3249.8000,2,1,1,5,1,1,1,1,1,10
SF,IH2011,2020-09-23 09:35:37.600,3245.6000,709,0,17538360.000,0,-,-,-,-,3242.8000,3238.0000,3230.0000,3227.6000,3213.2000,3246.2000,3246.4000,3248.0000,3248.4000,3249.8000,1,1,5,1,3,1,1,1,1,10
SF,IH2011,2020-09-23 09:35:38.100,3245.6000,709,0,17538360.000,0,-,-,-,-,3242.8000,3238.0000,3230.0000,3227.6000,3213.2000,3246.2000,3246.4000,3248.0000,3248.4000,3249.8000,1,1,5,1,3,2,1,1,1,10
SF,IH2011,2020-09-23 09:35:38.600,3245.6000,709,0,17538360.000,0,-,-,-,-,3242.8000,3238.0000,3230.0000,3227.6000,3213.2000,3246.2000,3246.4000,3248.0000,3248.4000,3249.8000,1,1,5,1,3,2,1,1,1,10
SF,IH2011,2020-09-23 09:35:39.100,3245.6000,709,0,17538360.000,0,-,-,-,-,3243.0000,3242.8000,3238.0000,3230.0000,3227.6000,3245.6000,3246.2000,3246.4000,3248.0000,3248.4000,2,1,1,5,1,1,1,1,1,1
SF,IH2011,2020-09-23 09:35:39.600,3245.6000,709,0,17538360.000,0,-,-,-,-,3243.2000,3243.0000,3242.8000,3238.0000,3230.0000,3245.6000,3246.2000,3246.4000,3248.0000,3248.4000,1,2,1,1,5,1,1,1,1,1
SF,IH2011,2020-09-23 09:35:40.100,3245.6000,709,0,17538360.000,0,-,-,-,-,3243.2000,3243.0000,3242.8000,3238.0000,3230.0000,3245.6000,3246.4000,3248.0000,3248.4000,3249.8000,1,2,1,1,5,1,1,1,1,10
SF,IH2011,2020-09-23 09:35:40.600,3245.6000,709,0,17538360.000,0,-,-,-,-,3243.4000,3243.2000,3243.0000,3242.8000,3238.0000,3246.4000,3248.0000,3248.4000,3249.8000,3256.0000,2,1,2,1,1,1,1,1,10,1
SF,IH2011,2020-09-23 09:35:41.100,3245.6000,709,0,17538360.000,0,-,-,-,-,3243.6000,3243.4000,3243.0000,3242.8000,3238.0000,3246.2000,3246.4000,3248.0000,3248.4000,3249.8000,1,2,2,1,1,1,1,1,1,10
SF,IH2011,2020-09-23 09:35:41.600,3245.6000,709,0,17538360.000,0,-,-,-,-,3243.6000,3243.4000,3243.0000,3242.8000,3238.0000,3246.2000,3246.4000,3248.0000,3248.4000,3249.8000,1,2,2,1,1,1,1,1,1,10
SF,IH2011,2020-09-23 09:35:42.100,3245.6000,709,0,17538360.000,0,-,-,-,-,3243.6000,3243.4000,3243.0000,3242.8000,3238.0000,3246.2000,3246.4000,3248.0000,3248.4000,3249.8000,1,2,2,1,1,1,1,1,1,10
SF,IH2011,2020-09-23 09:35:42.600,3245.6000,709,0,17538360.000,0,-,-,-,-,3243.6000,3243.4000,3243.0000,3242.8000,3238.0000,3246.2000,3246.4000,3248.0000,3248.4000,3249.8000,1,2,2,1,1,1,1,1,1,10
SF,IH2011,2020-09-23 09:35:43.100,3245.6000,709,0,17538360.000,0,-,-,-,-,3243.6000,3243.4000,3243.0000,3242.8000,3238.0000,3246.2000,3246.4000,3248.0000,3249.8000,3256.0000,1,2,2,1,1,1,1,1,10,1
SF,IH2011,2020-09-23 09:35:44.600,3245.6000,709,0,17538360.000,0,-,-,-,-,3243.6000,3243.4000,3243.0000,3242.8000,3238.0000,3246.2000,3248.0000,3249.8000,3256.0000,3256.2000,1,2,2,1,1,1,1,10,1,1
SF,IH2011,2020-09-23 09:35:45.100,3245.6000,709,0,17538360.000,0,-,-,-,-,3243.6000,3243.4000,3243.0000,3242.8000,3238.0000,3246.2000,3248.0000,3249.8000,3256.0000,3256.2000,1,2,2,1,1,1,1,10,1,1
SF,IH2011,2020-09-23 09:35:45.600,3245.6000,709,0,17538360.000,0,-,-,-,-,3243.6000,3243.4000,3243.0000,3242.8000,3238.0000,3246.2000,3248.0000,3249.8000,3256.0000,3256.2000,1,2,2,1,1,1,1,10,1,1
SF,IH2011,2020-09-23 09:35:47.100,3245.6000,709,0,17538360.000,0,-,-,-,-,3243.6000,3243.4000,3243.0000,3242.8000,3238.0000,3246.2000,3248.0000,3249.8000,3256.0000,3256.6000,1,2,2,1,1,1,1,10,1,5
SF,IH2011,2020-09-23 09:35:47.600,3245.6000,709,0,17538360.000,0,-,-,-,-,3243.6000,3243.4000,3243.0000,3242.8000,3238.0000,3246.2000,3249.8000,3256.0000,3256.6000,3257.0000,1,2,2,1,1,1,10,1,5,1
SF,IH2011,2020-09-23 09:35:48.100,3245.6000,709,0,17538360.000,0,-,-,-,-,3244.2000,3243.6000,3243.4000,3243.0000,3242.8000,3246.2000,3249.8000,3256.0000,3256.6000,3257.0000,1,1,2,2,1,1,10,1,5,1
SF,IH2011,2020-09-23 09:35:48.600,3245.6000,709,0,17538360.000,0,-,-,-,-,3244.4000,3244.2000,3243.4000,3243.0000,3242.8000,3246.2000,3249.8000,3256.0000,3256.6000,3257.0000,1,1,2,2,1,1,10,1,5,1
SF,IH2011,2020-09-23 09:35:49.100,3245.6000,709,0,17538360.000,0,-,-,-,-,3244.4000,3244.2000,3243.4000,3243.0000,3242.8000,3246.2000,3249.8000,3256.0000,3256.6000,3257.0000,1,1,2,2,1,1,10,1,5,1
SF,IH2011,2020-09-23 09:35:49.600,3245.6000,709,0,17538360.000,0,-,-,-,-,3244.4000,3244.2000,3243.4000,3243.0000,3242.8000,3246.2000,3249.8000,3256.0000,3256.6000,3257.0000,1,1,2,2,1,1,10,1,5,1
SF,IH2011,2020-09-23 09:35:50.100,3245.6000,709,0,17538360.000,0,-,-,-,-,3244.4000,3243.4000,3243.0000,3242.8000,3238.0000,3246.2000,3249.8000,3256.0000,3256.6000,3257.0000,1,2,2,1,1,1,10,1,5,1
SF,IH2011,2020-09-23 09:35:50.600,3245.6000,709,0,17538360.000,0,-,-,-,-,3244.4000,3243.4000,3243.0000,3242.8000,3238.0000,3246.2000,3249.8000,3256.0000,3256.6000,3257.0000,1,2,2,1,1,1,10,1,5,1
SF,IH2011,2020-09-23 09:35:52.100,3245.6000,709,0,17538360.000,0,-,-,-,-,3244.4000,3243.4000,3243.0000,3242.8000,3238.0000,3246.2000,3249.8000,3256.0000,3256.6000,3257.0000,1,2,2,1,1,1,10,1,5,1
SF,IH2011,2020-09-23 09:35:58.600,3245.6000,709,0,17538360.000,0,-,-,-,-,3244.4000,3243.4000,3243.0000,3242.8000,3238.0000,3246.0000,3246.2000,3249.8000,3256.0000,3256.6000,1,2,2,1,1,1,1,10,1,5
