市场代码,合约代码,时间,最新,持仓,增仓,成交额,成交量,开仓,平仓,成交类型,方向,买一价,买二价,买三价,买四价,买五价,卖一价,卖二价,卖三价,卖四价,卖五价,买一量,买二量,买三量,买四量,买五量,卖一量,卖二量,卖三量,卖四量,卖五量
SF,IH2009,2020-04-09 09:29:00.400,2655.2000,10278,0,6372480.000,8.000,-,-,-,-,2655.0000,2654.4000,2653.4000,2653.0000,2651.8000,2656.0000,2657.0000,2658.4000,2658.8000,2659.8000,1,1,1,1,1,1,1,1,1,2
SF,IH2009,2020-04-09 09:30:00.400,2655.0000,10276,-2,10355880.000,5,1,4,多平,S,2654.4000,2653.4000,2653.0000,2651.8000,2651.0000,2655.0000,2658.4000,2658.8000,2659.8000,2660.0000,1,1,1,1,1,1,1,1,2,1
SF,IH2009,2020-04-09 09:30:00.900,2651.0000,10272,-4,14334960.000,5,0,5,多平,S,2651.2000,2650.0000,2649.0000,2646.0000,2645.6000,2655.0000,2658.4000,2658.8000,2659.8000,2660.0000,1,5,1,1,1,8,1,1,2,1
SF,IH2009,2020-04-09 09:30:01.400,2655.0000,10272,0,15131460.000,1,0,1,多换,S,2653.0000,2652.4000,2652.0000,2651.6000,2651.4000,2655.0000,2658.4000,2658.8000,2659.8000,2660.0000,1,6,3,8,4,7,1,1,2,1
SF,IH2009,2020-04-09 09:30:01.900,2655.0000,10273,1,17520960.000,3,2,1,空开,S,2653.2000,2653.0000,2652.4000,2652.0000,2651.6000,2655.0000,2658.4000,2658.8000,2659.8000,2660.0000,3,1,6,3,8,4,1,1,2,1
SF,IH2009,2020-04-09 09:30:02.400,2655.0000,10275,2,20706960.000,4,3,1,空开,S,2655.2000,2653.4000,2653.2000,2653.0000,2652.6000,2658.0000,2658.4000,2658.8000,2659.8000,2660.0000,5,8,3,1,1,1,1,1,2,1
SF,IH2009,2020-04-09 09:30:02.900,2655.0000,10275,0,22299960.000,2,1,1,多换,S,2655.2000,2653.2000,2653.0000,2652.6000,2652.4000,2657.0000,2658.0000,2658.4000,2658.8000,2659.8000,3,3,1,1,1,1,1,1,1,2
SF,IH2009,2020-04-09 09:30:03.400,2655.2000,10274,-1,23893080.000,2,0,2,多平,S,2655.2000,2655.0000,2653.2000,2653.0000,2652.4000,2655.8000,2657.0000,2657.8000,2658.0000,2658.4000,1,1,3,1,1,1,1,2,1,1
SF,IH2009,2020-04-09 09:30:03.900,2655.2000,10273,-1,24689640.000,1,0,1,双平,S,2655.0000,2653.2000,2653.0000,2652.0000,2651.4000,2655.8000,2657.0000,2657.8000,2658.0000,2658.4000,1,2,1,2,1,1,1,2,1,1
SF,IH2009,2020-04-09 09:30:04.400,2655.0000,10274,1,25486140.000,1,1,0,双开,S,2653.2000,2653.0000,2652.0000,2651.4000,2651.2000,2655.0000,2655.8000,2657.8000,2658.0000,2658.4000,2,1,2,1,1,8,1,2,1,1
SF,IH2009,2020-04-09 09:30:04.900,2655.0000,10274,0,25486140.000,0,-,-,-,-,2651.2000,2650.8000,2650.2000,2650.0000,2648.6000,2654.8000,2655.0000,2655.8000,2657.8000,2658.0000,1,1,1,5,5,1,8,1,2,1
SF,IH2009,2020-04-09 09:30:05.400,2655.0000,10274,0,25486140.000,0,-,-,-,-,2653.0000,2652.0000,2651.6000,2651.4000,2651.2000,2654.8000,2655.8000,2657.8000,2658.0000,2658.4000,1,1,8,2,1,1,1,2,1,1
SF,IH2009,2020-04-09 09:30:05.900,2655.0000,10274,0,25486140.000,0,-,-,-,-,2653.0000,2652.0000,2651.8000,2651.6000,2651.4000,2654.8000,2655.2000,2655.8000,2657.8000,2658.0000,1,2,1,8,2,1,1,1,2,1
SF,IH2009,2020-04-09 09:30:06.400,2655.0000,10274,0,25486140.000,0,-,-,-,-,2653.0000,2652.0000,2651.8000,2651.6000,2651.4000,2654.8000,2655.2000,2655.8000,2657.8000,2658.0000,1,2,1,8,2,1,1,1,4,1
SF,IH2009,2020-04-09 09:30:06.900,2654.6000,10271,-3,28670820.000,4,0,4,多平,S,2653.2000,2652.0000,2651.8000,2651.4000,2651.2000,2655.2000,2655.8000,2657.8000,2658.0000,2658.4000,1,1,1,2,1,1,1,4,1,1
SF,IH2009,2020-04-09 09:30:07.400,2654.6000,10271,0,28670820.000,0,-,-,-,-,2653.2000,2651.8000,2651.4000,2651.2000,2650.8000,2654.8000,2655.2000,2655.8000,2657.8000,2658.0000,1,1,2,1,1,1,1,1,4,1
SF,IH2009,2020-04-09 09:30:07.900,2653.2000,10270,-1,29466780.000,1,0,1,双平,S,2651.8000,2651.4000,2651.2000,2650.8000,2650.2000,2653.2000,2654.8000,2655.0000,2655.2000,2655.8000,1,2,1,1,1,1,1,1,1,1
SF,IH2009,2020-04-09 09:30:08.400,2653.2000,10270,0,29466780.000,0,-,-,-,-,2651.4000,2651.2000,2650.8000,2650.2000,2650.0000,2653.0000,2653.2000,2654.8000,2655.0000,2655.2000,2,1,1,1,5,1,1,1,1,1
SF,IH2009,2020-04-09 09:30:08.900,2653.2000,10269,-1,30262740.000,1,0,1,双平,S,2651.4000,2651.2000,2650.8000,2650.2000,2650.0000,2653.2000,2654.8000,2655.2000,2655.8000,2657.8000,2,1,1,1,5,1,1,1,1,4
SF,IH2009,2020-04-09 09:30:09.400,2653.2000,10269,0,30262740.000,0,-,-,-,-,2651.4000,2651.2000,2650.8000,2650.2000,2650.0000,2653.2000,2654.8000,2655.2000,2655.8000,2657.8000,2,1,1,1,5,1,1,1,1,4
SF,IH2009,2020-04-09 09:30:09.900,2653.2000,10269,0,30262740.000,0,-,-,-,-,2651.4000,2651.2000,2650.8000,2650.2000,2650.0000,2653.2000,2654.8000,2655.2000,2655.8000,2657.8000,3,1,1,1,5,1,1,1,1,2
SF,IH2009,2020-04-09 09:30:10.400,2654.8000,10266,-3,32651100.000,3,0,3,双平,S,2653.2000,2651.6000,2651.4000,2651.2000,2650.8000,2655.2000,2655.8000,2656.2000,2657.8000,2658.0000,1,1,3,1,1,1,1,2,2,1
SF,IH2009,2020-04-09 09:30:10.900,2654.8000,10266,0,32651100.000,0,-,-,-,-,2653.4000,2653.2000,2651.4000,2651.2000,2650.8000,2655.2000,2655.8000,2656.2000,2657.8000,2658.0000,1,1,3,1,1,1,1,2,2,1
SF,IH2009,2020-04-09 09:30:11.400,2653.4000,10265,-1,33447120.000,1,0,1,双平,S,2653.2000,2652.8000,2651.4000,2651.2000,2650.8000,2655.0000,2655.2000,2655.8000,2656.2000,2657.8000,1,1,3,1,1,1,1,1,2,2
SF,IH2009,2020-04-09 09:30:11.900,2653.4000,10265,0,33447120.000,0,-,-,-,-,2653.2000,2651.6000,2651.4000,2651.2000,2650.8000,2655.0000,2655.2000,2655.8000,2657.8000,2658.0000,1,1,3,1,1,1,1,1,2,1
SF,IH2009,2020-04-09 09:30:12.400,2653.4000,10265,0,33447120.000,0,-,-,-,-,2653.2000,2651.6000,2651.4000,2651.2000,2650.8000,2655.0000,2655.2000,2655.8000,2657.8000,2658.0000,1,1,3,1,1,1,1,1,2,3
SF,IH2009,2020-04-09 09:30:12.900,2653.4000,10265,0,33447120.000,0,-,-,-,-,2653.2000,2651.6000,2651.4000,2651.2000,2650.8000,2655.0000,2655.2000,2655.8000,2657.8000,2658.0000,1,1,3,1,1,1,1,1,2,3
SF,IH2009,2020-04-09 09:30:13.900,2653.4000,10265,0,34243140.000,1,0,1,多换,S,2653.4000,2653.2000,2651.6000,2651.4000,2651.2000,2655.0000,2655.2000,2655.8000,2657.8000,2658.0000,1,1,2,3,1,1,1,1,2,3
SF,IH2009,2020-04-09 09:30:14.400,2653.4000,10265,0,34243140.000,0,-,-,-,-,2653.4000,2653.2000,2651.6000,2651.4000,2651.2000,2655.2000,2655.8000,2657.8000,2658.0000,2658.4000,1,1,2,3,1,1,1,2,3,1
SF,IH2009,2020-04-09 09:30:14.900,2653.4000,10265,0,34243140.000,0,-,-,-,-,2653.4000,2653.2000,2651.6000,2651.4000,2651.2000,2655.2000,2655.8000,2657.8000,2658.0000,2658.4000,1,1,2,3,1,1,1,2,3,1
SF,IH2009,2020-04-09 09:30:15.400,2653.4000,10265,0,34243140.000,0,-,-,-,-,2653.4000,2653.2000,2651.6000,2651.4000,2651.2000,2655.2000,2655.8000,2657.8000,2658.0000,2658.4000,1,1,2,3,1,1,1,2,3,1
SF,IH2009,2020-04-09 09:30:15.900,2653.4000,10265,0,34243140.000,0,-,-,-,-,2653.4000,2653.2000,2651.6000,2651.4000,2651.2000,2655.2000,2655.8000,2657.8000,2658.0000,2658.4000,1,1,2,3,1,2,1,2,3,1
SF,IH2009,2020-04-09 09:30:16.400,2653.4000,10265,0,34243140.000,0,-,-,-,-,2653.4000,2653.2000,2651.6000,2651.4000,2651.2000,2655.2000,2655.8000,2657.8000,2658.0000,2658.4000,1,1,2,3,1,2,1,2,1,1
SF,IH2009,2020-04-09 09:30:16.900,2653.4000,10265,0,34243140.000,0,-,-,-,-,2653.4000,2653.2000,2651.6000,2651.4000,2651.2000,2655.2000,2655.8000,2656.6000,2657.8000,2658.0000,1,1,2,3,1,2,1,2,2,1
SF,IH2009,2020-04-09 09:30:17.400,2653.4000,10265,0,35039160.000,1,0,1,多换,S,2653.2000,2651.6000,2651.4000,2651.2000,2650.8000,2655.2000,2655.8000,2656.6000,2657.8000,2658.0000,1,2,3,1,1,2,1,2,2,1
SF,IH2009,2020-04-09 09:30:17.900,2653.4000,10265,0,35039160.000,0,-,-,-,-,2653.2000,2651.6000,2651.4000,2651.2000,2650.8000,2655.0000,2655.2000,2655.8000,2656.6000,2657.8000,1,1,3,1,1,1,2,1,2,2
SF,IH2009,2020-04-09 09:30:18.400,2653.4000,10265,0,35039160.000,0,-,-,-,-,2651.6000,2651.4000,2651.2000,2650.8000,2650.2000,2655.0000,2655.2000,2655.8000,2656.6000,2657.8000,1,3,1,1,1,2,1,1,2,2
SF,IH2009,2020-04-09 09:30:18.900,2653.4000,10265,0,35039160.000,0,-,-,-,-,2651.8000,2651.6000,2651.4000,2651.2000,2650.8000,2654.8000,2655.0000,2655.2000,2655.8000,2656.6000,2,1,1,1,1,1,2,1,1,2
SF,IH2009,2020-04-09 09:30:19.400,2654.8000,10265,0,36631980.000,2,1,1,多换,S,2652.0000,2651.6000,2651.4000,2651.2000,2650.8000,2654.8000,2655.2000,2655.8000,2656.6000,2657.8000,2,1,1,1,1,1,1,1,2,1
SF,IH2009,2020-04-09 09:30:19.900,2654.8000,10265,0,36631980.000,0,-,-,-,-,2652.0000,2651.6000,2651.4000,2651.2000,2650.8000,2654.8000,2655.2000,2655.8000,2656.6000,2657.8000,2,1,1,2,1,1,1,1,2,1
SF,IH2009,2020-04-09 09:30:20.900,2654.8000,10265,0,36631980.000,0,-,-,-,-,2652.0000,2651.6000,2651.4000,2651.2000,2650.8000,2654.8000,2655.2000,2655.8000,2656.0000,2656.6000,2,1,1,2,1,1,1,1,1,2
SF,IH2009,2020-04-09 09:30:21.400,2654.8000,10265,0,36631980.000,0,-,-,-,-,2652.0000,2651.6000,2651.4000,2651.2000,2650.8000,2654.6000,2654.8000,2655.2000,2655.8000,2656.0000,2,1,1,2,1,1,1,1,1,2
SF,IH2009,2020-04-09 09:30:21.900,2654.8000,10265,0,36631980.000,0,-,-,-,-,2652.0000,2651.6000,2651.4000,2651.2000,2650.8000,2654.6000,2655.2000,2655.8000,2656.0000,2656.6000,2,1,2,2,1,2,1,1,2,2
SF,IH2009,2020-04-09 09:30:23.900,2654.6000,10263,-2,38224740.000,2,0,2,双平,S,2654.6000,2652.0000,2651.6000,2651.4000,2651.2000,2654.8000,2655.2000,2655.8000,2656.0000,2656.6000,2,3,1,2,2,1,1,1,2,2
SF,IH2009,2020-04-09 09:30:24.400,2654.6000,10261,-2,39817500.000,2,0,2,双平,S,2652.0000,2651.6000,2651.4000,2651.2000,2650.8000,2654.4000,2654.6000,2654.8000,2655.2000,2655.8000,3,1,2,2,1,8,1,1,1,1
SF,IH2009,2020-04-09 09:30:24.900,2652.0000,10260,-1,40613100.000,1,0,1,双平,S,2652.0000,2651.6000,2651.4000,2651.2000,2650.8000,2654.2000,2654.4000,2655.2000,2655.8000,2656.0000,2,1,2,2,1,1,8,1,1,2
SF,IH2009,2020-04-09 09:30:25.400,2652.0000,10260,0,40613100.000,0,-,-,-,-,2652.0000,2651.8000,2651.6000,2651.4000,2651.2000,2654.2000,2654.4000,2655.2000,2655.8000,2656.0000,2,1,1,2,3,1,8,1,1,2
SF,IH2009,2020-04-09 09:30:25.900,2652.0000,10259,-1,41408700.000,1,0,1,双平,S,2652.0000,2651.8000,2651.6000,2651.4000,2651.2000,2654.2000,2654.4000,2655.2000,2655.8000,2656.0000,1,1,1,2,3,1,8,1,1,2
SF,IH2009,2020-04-09 09:30:26.400,2654.2000,10258,-1,42204960.000,1,0,1,双平,S,2652.2000,2652.0000,2651.6000,2651.4000,2651.2000,2654.4000,2655.2000,2655.8000,2656.0000,2656.6000,1,1,1,2,3,8,1,1,2,2
SF,IH2009,2020-04-09 09:30:26.900,2654.2000,10258,0,42204960.000,0,-,-,-,-,2652.2000,2652.0000,2651.6000,2651.4000,2651.2000,2654.4000,2655.2000,2655.8000,2656.0000,2656.6000,1,2,1,1,3,8,1,1,2,2
SF,IH2009,2020-04-09 09:30:27.900,2654.2000,10258,0,42204960.000,0,-,-,-,-,2652.2000,2652.0000,2651.8000,2651.6000,2651.4000,2654.4000,2655.2000,2655.8000,2656.0000,2656.6000,1,2,1,2,1,8,1,1,2,2
SF,IH2009,2020-04-09 09:30:28.400,2654.2000,10258,0,42204960.000,0,-,-,-,-,2652.2000,2652.0000,2651.8000,2651.6000,2651.4000,2654.2000,2654.4000,2655.2000,2655.8000,2656.0000,1,1,1,2,1,1,8,1,1,2
SF,IH2009,2020-04-09 09:30:28.900,2654.2000,10258,0,42204960.000,0,-,-,-,-,2653.0000,2652.4000,2652.2000,2652.0000,2651.8000,2654.0000,2654.2000,2654.4000,2655.2000,2655.8000,1,1,1,1,1,1,1,8,1,1
SF,IH2009,2020-04-09 09:30:29.400,2654.2000,10258,0,42204960.000,0,-,-,-,-,2653.0000,2652.2000,2652.0000,2651.8000,2651.6000,2654.2000,2654.4000,2655.0000,2655.2000,2655.8000,1,1,1,1,2,2,8,1,1,1
SF,IH2009,2020-04-09 09:30:29.900,2654.0000,10258,0,43797060.000,2,1,1,多换,S,2652.2000,2652.0000,2651.8000,2651.6000,2651.4000,2654.0000,2654.2000,2654.4000,2655.0000,2655.2000,1,1,1,2,2,1,2,8,1,1
SF,IH2009,2020-04-09 09:30:30.400,2654.0000,10258,0,43797060.000,0,-,-,-,-,2652.4000,2652.2000,2652.0000,2651.6000,2651.4000,2653.8000,2654.2000,2654.4000,2655.0000,2655.2000,1,1,1,2,2,1,2,8,1,1
SF,IH2009,2020-04-09 09:30:30.900,2654.0000,10258,0,43797060.000,0,-,-,-,-,2652.6000,2652.2000,2652.0000,2651.6000,2651.4000,2654.2000,2654.4000,2655.0000,2655.2000,2655.8000,1,1,1,2,2,1,8,1,1,1
SF,IH2009,2020-04-09 09:30:31.400,2654.0000,10258,0,43797060.000,0,-,-,-,-,2652.8000,2652.2000,2652.0000,2651.6000,2651.4000,2654.2000,2654.4000,2655.0000,2655.2000,2655.8000,1,1,1,2,2,1,8,1,1,1
SF,IH2009,2020-04-09 09:30:31.900,2654.0000,10258,0,43797060.000,0,-,-,-,-,2652.2000,2652.0000,2651.6000,2651.4000,2651.2000,2652.8000,2654.0000,2654.2000,2654.4000,2655.0000,1,1,2,2,2,1,1,1,8,1
SF,IH2009,2020-04-09 09:30:32.400,2654.0000,10258,0,43797060.000,0,-,-,-,-,2652.8000,2652.2000,2652.0000,2651.6000,2651.4000,2653.8000,2654.0000,2654.2000,2655.0000,2655.2000,1,1,1,2,2,1,1,1,1,1
SF,IH2009,2020-04-09 09:30:32.900,2654.0000,10258,0,43797060.000,0,-,-,-,-,2652.8000,2652.0000,2651.6000,2651.4000,2651.2000,2653.6000,2653.8000,2654.0000,2655.0000,2655.2000,1,1,2,2,2,1,1,1,1,1
SF,IH2009,2020-04-09 09:30:33.400,2654.0000,10258,0,43797060.000,0,-,-,-,-,2652.8000,2652.0000,2651.6000,2651.4000,2651.2000,2653.8000,2654.0000,2655.0000,2655.2000,2655.8000,1,1,2,2,2,1,1,1,1,1
SF,IH2009,2020-04-09 09:30:33.900,2654.0000,10258,0,43797060.000,0,-,-,-,-,2652.8000,2652.0000,2651.6000,2651.4000,2651.2000,2653.8000,2654.0000,2655.0000,2655.2000,2655.8000,1,1,2,2,2,1,1,1,1,1
SF,IH2009,2020-04-09 09:30:34.400,2654.0000,10258,0,43797060.000,0,-,-,-,-,2652.8000,2652.0000,2651.6000,2651.4000,2651.2000,2653.6000,2653.8000,2655.0000,2655.2000,2655.8000,1,1,2,2,2,1,1,2,1,1
SF,IH2009,2020-04-09 09:30:34.900,2654.0000,10258,0,43797060.000,0,-,-,-,-,2652.8000,2652.0000,2651.6000,2651.4000,2651.2000,2653.8000,2654.2000,2655.0000,2655.2000,2655.8000,1,1,2,2,2,1,1,2,1,1
SF,IH2009,2020-04-09 09:30:35.900,2654.0000,10258,0,43797060.000,0,-,-,-,-,2652.8000,2652.0000,2651.6000,2651.4000,2651.2000,2653.8000,2655.0000,2655.8000,2656.0000,2657.8000,1,1,2,2,2,1,2,1,2,1
SF,IH2009,2020-04-09 09:30:36.900,2654.0000,10258,0,43797060.000,0,-,-,-,-,2652.8000,2652.0000,2651.6000,2651.4000,2651.2000,2653.8000,2655.0000,2655.4000,2655.8000,2656.0000,1,1,2,2,2,1,2,2,1,2
SF,IH2009,2020-04-09 09:30:37.400,2654.0000,10258,0,43797060.000,0,-,-,-,-,2652.8000,2652.0000,2651.6000,2651.4000,2651.2000,2655.0000,2655.4000,2655.8000,2656.0000,2657.8000,1,1,2,2,2,2,2,1,2,1
SF,IH2009,2020-04-09 09:30:37.900,2654.0000,10258,0,43797060.000,0,-,-,-,-,2652.8000,2652.0000,2651.6000,2651.4000,2651.2000,2655.0000,2655.4000,2655.8000,2656.0000,2657.8000,1,1,2,2,2,2,2,1,2,1
SF,IH2009,2020-04-09 09:30:38.400,2654.0000,10258,0,43797060.000,0,-,-,-,-,2652.8000,2652.0000,2651.6000,2651.4000,2651.2000,2655.0000,2655.4000,2655.8000,2656.0000,2657.8000,1,1,2,2,2,2,2,1,2,1
SF,IH2009,2020-04-09 09:30:38.900,2654.0000,10258,0,43797060.000,0,-,-,-,-,2652.8000,2652.0000,2651.6000,2651.4000,2651.2000,2654.8000,2655.0000,2655.4000,2655.8000,2656.0000,1,1,2,2,2,2,3,2,1,2
SF,IH2009,2020-04-09 09:30:39.400,2654.0000,10258,0,43797060.000,0,-,-,-,-,2653.0000,2652.8000,2652.0000,2651.6000,2651.4000,2654.6000,2654.8000,2655.0000,2655.4000,2655.8000,1,1,2,2,2,1,2,3,2,1
SF,IH2009,2020-04-09 09:30:39.900,2654.0000,10258,0,43797060.000,0,-,-,-,-,2652.8000,2652.0000,2651.6000,2651.4000,2651.2000,2654.4000,2654.8000,2655.0000,2655.4000,2655.8000,1,2,2,2,2,1,1,2,2,1
SF,IH2009,2020-04-09 09:30:40.400,2654.0000,10258,0,43797060.000,0,-,-,-,-,2652.8000,2652.0000,2651.6000,2651.4000,2651.2000,2654.2000,2654.8000,2655.0000,2655.4000,2655.8000,1,2,2,2,2,2,1,2,2,1
SF,IH2009,2020-04-09 09:30:40.900,2654.2000,10257,-1,44593320.000,1,0,1,双平,S,2653.0000,2652.8000,2652.0000,2651.6000,2651.4000,2654.2000,2654.8000,2655.0000,2655.2000,2655.4000,1,1,2,2,2,1,1,2,1,2
SF,IH2009,2020-04-09 09:30:41.400,2654.2000,10257,0,44593320.000,0,-,-,-,-,2653.2000,2652.8000,2652.0000,2651.6000,2651.4000,2654.8000,2655.0000,2655.2000,2655.4000,2655.8000,1,1,2,2,2,1,2,1,2,1
SF,IH2009,2020-04-09 09:30:41.900,2653.4000,10256,-1,45389340.000,1,0,1,双平,S,2652.8000,2652.0000,2651.6000,2651.4000,2651.2000,2654.6000,2654.8000,2655.0000,2655.2000,2655.4000,1,2,2,3,2,1,1,2,1,2
SF,IH2009,2020-04-09 09:30:42.400,2653.4000,10256,0,45389340.000,0,-,-,-,-,2653.0000,2652.8000,2652.0000,2651.6000,2651.4000,2654.8000,2655.0000,2655.2000,2655.4000,2655.8000,1,1,2,2,3,1,2,1,2,1
SF,IH2009,2020-04-09 09:30:42.900,2653.4000,10256,0,45389340.000,0,-,-,-,-,2653.2000,2652.8000,2652.0000,2651.6000,2651.4000,2654.6000,2654.8000,2655.0000,2655.4000,2655.8000,1,1,2,2,3,1,1,2,2,1
SF,IH2009,2020-04-09 09:30:43.400,2653.4000,10256,0,46185360.000,1,0,1,多换,S,2653.4000,2652.8000,2652.0000,2651.6000,2651.4000,2655.0000,2655.4000,2655.8000,2656.0000,2658.0000,1,1,2,2,3,2,2,1,2,2
SF,IH2009,2020-04-09 09:30:43.900,2653.4000,10256,0,46185360.000,0,-,-,-,-,2653.6000,2652.8000,2652.0000,2651.6000,2651.4000,2655.0000,2655.4000,2655.8000,2656.0000,2658.0000,2,1,2,2,3,2,2,1,2,2
SF,IH2009,2020-04-09 09:30:44.400,2653.4000,10256,0,46185360.000,0,-,-,-,-,2653.6000,2652.8000,2652.0000,2651.6000,2651.4000,2655.0000,2655.4000,2655.8000,2656.0000,2656.6000,2,1,2,2,3,2,2,1,2,1
SF,IH2009,2020-04-09 09:30:44.900,2653.4000,10256,0,46185360.000,0,-,-,-,-,2653.6000,2652.8000,2652.0000,2651.6000,2651.4000,2655.0000,2655.4000,2655.8000,2656.0000,2656.6000,2,1,2,2,3,2,2,1,2,1
SF,IH2009,2020-04-09 09:30:45.400,2653.4000,10256,0,46185360.000,0,-,-,-,-,2653.6000,2652.8000,2652.0000,2651.6000,2651.4000,2655.0000,2655.8000,2656.0000,2656.6000,2656.8000,2,1,2,2,3,2,1,2,1,3
SF,IH2009,2020-04-09 09:30:45.900,2655.0000,10257,1,46981860.000,1,1,0,双开,S,2653.6000,2652.8000,2652.0000,2651.6000,2651.4000,2655.0000,2655.8000,2656.0000,2656.6000,2656.8000,2,1,2,2,3,2,1,2,1,3
SF,IH2009,2020-04-09 09:30:46.900,2655.0000,10257,0,46981860.000,0,-,-,-,-,2653.6000,2652.8000,2652.0000,2651.6000,2651.4000,2655.0000,2655.8000,2656.0000,2656.6000,2656.8000,2,1,2,2,3,2,2,2,1,3
SF,IH2009,2020-04-09 09:30:47.400,2655.0000,10257,0,46981860.000,0,-,-,-,-,2653.6000,2652.8000,2652.0000,2651.6000,2651.4000,2654.8000,2655.0000,2655.8000,2656.0000,2656.6000,2,1,2,2,3,1,2,2,2,1
SF,IH2009,2020-04-09 09:30:47.900,2655.0000,10257,0,46981860.000,0,-,-,-,-,2653.6000,2652.8000,2652.0000,2651.6000,2651.4000,2654.8000,2655.0000,2655.8000,2656.0000,2656.6000,2,1,2,2,3,1,2,2,2,1
SF,IH2009,2020-04-09 09:30:48.400,2655.0000,10257,0,46981860.000,0,-,-,-,-,2653.6000,2652.8000,2652.0000,2651.6000,2651.4000,2654.8000,2655.0000,2655.8000,2656.0000,2656.6000,2,1,2,2,2,1,2,2,2,1
SF,IH2009,2020-04-09 09:30:48.900,2655.0000,10255,-2,48574860.000,2,0,2,双平,S,2653.6000,2652.8000,2652.0000,2651.6000,2651.4000,2655.0000,2655.8000,2656.0000,2656.6000,2656.8000,2,1,2,2,2,1,2,2,1,3
SF,IH2009,2020-04-09 09:30:49.400,2655.0000,10255,0,48574860.000,0,-,-,-,-,2653.6000,2652.8000,2652.0000,2651.6000,2651.4000,2655.0000,2655.8000,2656.0000,2656.6000,2656.8000,2,1,2,2,2,3,2,2,1,3
SF,IH2009,2020-04-09 09:30:49.900,2655.0000,10255,0,48574860.000,0,-,-,-,-,2653.6000,2652.8000,2652.0000,2651.6000,2651.4000,2655.0000,2655.8000,2656.0000,2656.6000,2656.8000,2,1,2,2,2,3,1,2,1,3
SF,IH2009,2020-04-09 09:30:50.400,2653.6000,10254,-1,49370940.000,1,0,1,双平,S,2653.6000,2652.8000,2652.0000,2651.6000,2651.4000,2655.0000,2655.8000,2656.0000,2656.6000,2656.8000,1,1,2,2,2,3,1,2,1,3
SF,IH2009,2020-04-09 09:30:50.900,2653.6000,10254,0,49370940.000,0,-,-,-,-,2653.8000,2652.8000,2652.0000,2651.6000,2651.4000,2655.0000,2655.8000,2656.0000,2656.6000,2656.8000,1,1,2,2,2,3,1,2,1,3
SF,IH2009,2020-04-09 09:30:51.400,2653.6000,10254,0,49370940.000,0,-,-,-,-,2652.8000,2652.0000,2651.6000,2651.4000,2651.2000,2655.0000,2655.8000,2656.0000,2656.8000,2658.0000,1,2,2,2,2,3,1,2,3,2
SF,IH2009,2020-04-09 09:30:52.400,2653.6000,10254,0,49370940.000,0,-,-,-,-,2652.8000,2652.0000,2651.6000,2651.4000,2651.2000,2655.0000,2655.8000,2656.0000,2656.8000,2658.0000,1,2,2,2,2,4,1,2,3,2
SF,IH2009,2020-04-09 09:30:52.900,2653.6000,10254,0,49370940.000,0,-,-,-,-,2653.0000,2652.8000,2652.0000,2651.6000,2651.4000,2654.8000,2655.0000,2655.8000,2656.0000,2656.8000,1,1,2,2,2,1,4,1,2,3
SF,IH2009,2020-04-09 09:30:53.400,2653.6000,10254,0,49370940.000,0,-,-,-,-,2653.2000,2653.0000,2652.8000,2652.0000,2651.6000,2654.8000,2655.0000,2655.8000,2656.0000,2656.8000,2,2,1,2,1,1,4,1,2,3
SF,IH2009,2020-04-09 09:30:53.900,2653.6000,10254,0,49370940.000,0,-,-,-,-,2653.2000,2653.0000,2652.8000,2652.0000,2651.6000,2654.8000,2655.0000,2655.8000,2656.0000,2656.8000,2,1,1,2,1,1,4,1,2,3
SF,IH2009,2020-04-09 09:30:54.400,2653.6000,10254,0,49370940.000,0,-,-,-,-,2653.4000,2653.2000,2652.8000,2652.0000,2651.6000,2654.8000,2655.0000,2655.8000,2656.0000,2656.8000,1,2,1,2,1,1,4,1,2,3
SF,IH2009,2020-04-09 09:30:54.900,2653.6000,10252,-2,50963460.000,2,0,2,双平,S,2653.6000,2653.4000,2652.8000,2652.0000,2651.6000,2655.0000,2655.8000,2656.0000,2656.8000,2658.0000,1,1,1,2,1,4,1,2,3,2
SF,IH2009,2020-04-09 09:30:55.400,2653.6000,10252,0,50963460.000,0,-,-,-,-,2653.6000,2653.4000,2652.8000,2652.0000,2651.6000,2655.0000,2655.8000,2656.0000,2656.8000,2658.0000,1,1,1,2,1,4,1,2,3,2
SF,IH2009,2020-04-09 09:30:55.900,2653.6000,10252,0,50963460.000,0,-,-,-,-,2653.6000,2653.4000,2652.8000,2652.0000,2651.6000,2654.8000,2655.0000,2655.8000,2656.0000,2656.8000,1,1,1,2,1,1,4,1,2,3
SF,IH2009,2020-04-09 09:30:56.400,2653.6000,10252,0,50963460.000,0,-,-,-,-,2653.6000,2652.8000,2652.0000,2651.6000,2651.4000,2655.0000,2655.8000,2656.0000,2656.8000,2658.0000,1,1,2,1,1,4,1,2,3,2
SF,IH2009,2020-04-09 09:30:56.900,2653.6000,10252,0,50963460.000,0,-,-,-,-,2652.8000,2652.0000,2651.6000,2651.4000,2651.2000,2654.0000,2655.0000,2655.6000,2655.8000,2656.0000,1,2,1,1,2,1,4,1,1,2
SF,IH2009,2020-04-09 09:30:57.400,2654.0000,10251,-1,51759660.000,1,0,1,双平,S,2654.0000,2652.8000,2652.0000,2651.6000,2651.4000,2655.0000,2655.6000,2655.8000,2656.0000,2656.8000,1,1,2,1,1,4,1,1,2,3
SF,IH2009,2020-04-09 09:30:58.400,2654.0000,10251,0,51759660.000,0,-,-,-,-,2653.2000,2652.8000,2652.0000,2651.6000,2651.4000,2655.0000,2655.6000,2655.8000,2656.0000,2656.8000,1,1,2,1,1,4,1,1,2,3
SF,IH2009,2020-04-09 09:30:58.900,2654.0000,10251,0,51759660.000,0,-,-,-,-,2653.4000,2653.2000,2653.0000,2652.8000,2652.0000,2655.0000,2655.6000,2655.8000,2656.0000,2656.8000,2,1,1,1,2,4,1,1,2,3
SF,IH2009,2020-04-09 09:30:59.400,2654.0000,10251,0,51759660.000,0,-,-,-,-,2653.4000,2653.2000,2653.0000,2652.8000,2652.0000,2654.8000,2655.0000,2655.6000,2655.8000,2656.0000,3,1,1,1,2,1,4,1,1,2
SF,IH2009,2020-04-09 09:30:59.900,2654.0000,10251,0,51759660.000,0,-,-,-,-,2653.4000,2653.2000,2653.0000,2652.8000,2652.0000,2655.0000,2655.6000,2655.8000,2656.0000,2656.8000,3,1,1,1,2,4,1,1,2,3
SF,IH2009,2020-04-09 09:31:00.400,2654.0000,10251,0,51759660.000,0,-,-,-,-,2653.4000,2653.2000,2653.0000,2652.8000,2652.0000,2655.0000,2655.6000,2655.8000,2656.0000,2656.8000,3,1,1,1,2,4,1,1,2,3
SF,IH2009,2020-04-09 09:31:00.900,2654.8000,10251,0,52556100.000,1,0,1,多换,S,2653.6000,2653.4000,2653.2000,2653.0000,2652.8000,2655.0000,2655.6000,2655.8000,2656.0000,2656.8000,3,2,1,1,1,4,1,1,2,3
SF,IH2009,2020-04-09 09:31:01.400,2654.8000,10251,0,52556100.000,0,-,-,-,-,2653.8000,2653.6000,2653.4000,2653.2000,2653.0000,2655.0000,2655.6000,2655.8000,2656.0000,2656.8000,1,4,1,1,1,4,1,1,2,3
SF,IH2009,2020-04-09 09:31:01.900,2654.8000,10251,0,52556100.000,0,-,-,-,-,2653.8000,2653.6000,2653.4000,2653.2000,2653.0000,2655.0000,2655.6000,2655.8000,2656.0000,2656.8000,2,2,1,1,1,4,1,1,2,3
SF,IH2009,2020-04-09 09:31:03.400,2654.8000,10251,0,52556100.000,0,-,-,-,-,2653.8000,2653.6000,2653.4000,2653.2000,2653.0000,2654.8000,2655.0000,2655.6000,2655.8000,2656.0000,1,1,2,1,1,1,4,1,1,2
SF,IH2009,2020-04-09 09:31:03.900,2654.8000,10251,0,52556100.000,0,-,-,-,-,2654.0000,2653.8000,2653.6000,2653.4000,2653.0000,2654.8000,2655.0000,2655.6000,2655.8000,2656.0000,1,1,1,2,1,1,4,1,1,2
SF,IH2009,2020-04-09 09:31:04.400,2654.8000,10251,0,52556100.000,0,-,-,-,-,2653.8000,2653.6000,2653.4000,2653.0000,2652.8000,2654.8000,2655.0000,2655.6000,2655.8000,2656.0000,1,1,2,1,1,1,4,1,1,2
SF,IH2009,2020-04-09 09:31:04.900,2654.8000,10251,0,52556100.000,0,-,-,-,-,2653.8000,2653.6000,2653.4000,2653.0000,2652.8000,2654.8000,2655.0000,2655.6000,2655.8000,2656.0000,1,1,2,2,1,1,4,1,1,2
SF,IH2009,2020-04-09 09:31:05.400,2654.8000,10251,0,52556100.000,0,-,-,-,-,2653.8000,2653.6000,2653.4000,2653.0000,2652.8000,2654.8000,2655.0000,2655.6000,2655.8000,2656.0000,1,1,2,2,1,1,5,1,1,2
SF,IH2009,2020-04-09 09:31:06.400,2654.8000,10251,0,52556100.000,0,-,-,-,-,2653.8000,2653.6000,2653.4000,2653.0000,2652.8000,2654.8000,2655.0000,2655.6000,2655.8000,2656.0000,1,1,2,2,1,1,5,1,1,2
SF,IH2009,2020-04-09 09:31:06.900,2654.8000,10251,0,52556100.000,0,-,-,-,-,2653.8000,2653.6000,2653.4000,2653.0000,2652.8000,2654.8000,2655.0000,2655.6000,2655.8000,2656.0000,1,1,2,2,1,1,5,1,1,2
SF,IH2009,2020-04-09 09:31:08.400,2654.8000,10251,0,52556100.000,0,-,-,-,-,2653.8000,2653.6000,2653.4000,2653.0000,2652.8000,2654.8000,2655.0000,2655.6000,2655.8000,2656.0000,1,1,2,2,1,2,5,1,1,2
SF,IH2009,2020-04-09 09:31:08.900,2654.8000,10251,0,52556100.000,0,-,-,-,-,2653.8000,2653.6000,2653.4000,2653.0000,2652.8000,2654.8000,2655.0000,2655.6000,2655.8000,2656.0000,1,1,2,1,1,2,5,1,1,2
SF,IH2009,2020-04-09 09:31:09.400,2654.8000,10251,0,53352540.000,1,0,1,多换,S,2653.8000,2653.6000,2653.4000,2653.0000,2652.8000,2654.8000,2655.0000,2655.6000,2655.8000,2656.0000,1,1,2,1,1,1,5,1,1,2
SF,IH2009,2020-04-09 09:31:09.900,2654.8000,10251,0,53352540.000,0,-,-,-,-,2654.0000,2653.8000,2653.6000,2653.4000,2653.0000,2654.8000,2655.0000,2655.6000,2655.8000,2656.0000,1,1,1,2,1,1,5,1,1,2
SF,IH2009,2020-04-09 09:31:10.400,2654.8000,10251,0,53352540.000,0,-,-,-,-,2653.8000,2653.6000,2653.4000,2653.0000,2652.8000,2654.8000,2655.0000,2655.6000,2655.8000,2656.0000,1,1,2,1,1,1,6,1,1,2
SF,IH2009,2020-04-09 09:31:10.900,2653.8000,10250,-1,54148680.000,1,0,1,双平,S,2653.6000,2653.4000,2653.0000,2652.8000,2652.0000,2654.8000,2655.0000,2655.6000,2655.8000,2656.0000,1,2,2,1,1,1,6,1,1,2
SF,IH2009,2020-04-09 09:31:11.900,2653.6000,10249,-1,54944760.000,1,0,1,双平,S,2653.8000,2653.4000,2653.0000,2652.8000,2652.0000,2654.8000,2655.0000,2655.6000,2655.8000,2656.0000,1,2,2,1,1,1,6,1,1,2
SF,IH2009,2020-04-09 09:31:12.900,2653.6000,10249,0,54944760.000,0,-,-,-,-,2654.0000,2653.4000,2653.0000,2652.8000,2652.0000,2654.8000,2655.0000,2655.6000,2655.8000,2656.0000,1,2,2,1,1,1,6,1,1,2
SF,IH2009,2020-04-09 09:31:13.400,2653.6000,10249,0,54944760.000,0,-,-,-,-,2653.4000,2653.0000,2652.8000,2652.0000,2651.8000,2654.8000,2655.0000,2655.6000,2655.8000,2656.0000,2,2,1,1,1,1,6,1,1,2
SF,IH2009,2020-04-09 09:31:13.900,2653.6000,10249,0,54944760.000,0,-,-,-,-,2654.2000,2653.6000,2653.4000,2653.0000,2652.8000,2654.8000,2655.0000,2655.6000,2655.8000,2656.0000,1,2,2,2,1,1,6,1,1,2
SF,IH2009,2020-04-09 09:31:14.400,2654.2000,10249,0,55741020.000,1,0,1,多换,S,2653.6000,2653.4000,2653.0000,2652.8000,2652.0000,2654.8000,2655.0000,2655.6000,2655.8000,2656.0000,1,2,2,1,1,1,5,1,1,2
SF,IH2009,2020-04-09 09:31:14.900,2654.2000,10249,0,55741020.000,0,-,-,-,-,2653.8000,2653.6000,2653.4000,2653.0000,2652.8000,2654.8000,2655.0000,2655.6000,2655.8000,2656.0000,1,1,2,2,1,1,5,1,1,2
SF,IH2009,2020-04-09 09:31:15.400,2654.2000,10249,0,55741020.000,0,-,-,-,-,2653.6000,2653.4000,2653.0000,2652.8000,2652.0000,2654.8000,2655.0000,2655.6000,2655.8000,2656.0000,1,2,2,1,1,2,5,1,1,2
SF,IH2009,2020-04-09 09:31:15.900,2654.2000,10249,0,55741020.000,0,-,-,-,-,2654.0000,2653.4000,2653.0000,2652.8000,2652.0000,2654.6000,2654.8000,2655.0000,2655.6000,2655.8000,1,2,2,1,1,1,2,5,1,1
SF,IH2009,2020-04-09 09:31:16.400,2654.0000,10249,0,56537220.000,1,0,1,多换,S,2653.4000,2653.0000,2652.8000,2652.0000,2651.8000,2654.6000,2654.8000,2655.0000,2655.6000,2655.8000,1,2,1,1,1,1,2,5,1,1
SF,IH2009,2020-04-09 09:31:18.900,2654.0000,10249,0,56537220.000,0,-,-,-,-,2653.6000,2653.4000,2653.0000,2652.8000,2652.0000,2654.6000,2654.8000,2655.0000,2655.6000,2655.8000,1,1,2,1,1,1,2,5,1,1
SF,IH2009,2020-04-09 09:31:19.400,2654.0000,10249,0,56537220.000,0,-,-,-,-,2653.4000,2653.0000,2652.8000,2652.0000,2651.8000,2654.8000,2655.0000,2655.6000,2655.8000,2656.0000,1,2,1,1,1,2,5,1,1,2
SF,IH2009,2020-04-09 09:31:19.900,2654.0000,10249,0,56537220.000,0,-,-,-,-,2653.4000,2653.0000,2652.8000,2652.0000,2651.8000,2654.6000,2654.8000,2655.0000,2655.6000,2655.8000,1,2,1,1,1,1,2,5,1,1
SF,IH2009,2020-04-09 09:31:20.400,2654.0000,10249,0,56537220.000,0,-,-,-,-,2653.4000,2653.0000,2652.8000,2652.0000,2651.8000,2654.8000,2655.0000,2655.6000,2655.8000,2656.0000,1,2,1,1,1,2,5,1,1,2
SF,IH2009,2020-04-09 09:31:20.900,2654.6000,10249,0,57333600.000,1,0,1,多换,S,2653.4000,2653.0000,2652.8000,2652.0000,2651.8000,2654.6000,2654.8000,2655.0000,2655.6000,2655.8000,1,2,1,1,1,2,2,5,1,1
SF,IH2009,2020-04-09 09:31:21.400,2654.6000,10249,0,58129980.000,1,0,1,多换,S,2653.4000,2653.0000,2652.8000,2652.0000,2651.8000,2654.6000,2654.8000,2655.0000,2655.6000,2655.8000,1,2,1,1,1,1,2,5,1,1
SF,IH2009,2020-04-09 09:31:21.900,2654.6000,10249,0,58129980.000,0,-,-,-,-,2653.6000,2653.4000,2653.0000,2652.8000,2652.0000,2654.6000,2654.8000,2655.0000,2655.6000,2655.8000,1,1,2,1,1,1,2,5,1,1
SF,IH2009,2020-04-09 09:31:22.400,2654.6000,10249,0,58129980.000,0,-,-,-,-,2653.4000,2653.0000,2652.8000,2652.0000,2651.8000,2653.6000,2654.6000,2654.8000,2655.0000,2655.6000,1,2,1,1,1,1,1,2,5,1
SF,IH2009,2020-04-09 09:31:22.900,2654.6000,10249,0,58129980.000,0,-,-,-,-,2653.4000,2653.0000,2652.8000,2652.0000,2651.8000,2654.6000,2654.8000,2655.0000,2655.6000,2655.8000,1,2,1,1,1,1,3,5,1,1
SF,IH2009,2020-04-09 09:31:23.400,2654.6000,10249,0,58926360.000,1,0,1,多换,S,2654.6000,2653.4000,2653.0000,2652.8000,2652.0000,2654.8000,2655.0000,2655.6000,2655.8000,2656.0000,1,1,2,1,1,3,5,2,1,2
SF,IH2009,2020-04-09 09:31:23.900,2654.6000,10249,0,59722740.000,1,0,1,多换,S,2653.4000,2653.0000,2652.8000,2652.0000,2651.6000,2654.2000,2654.4000,2654.6000,2654.8000,2655.0000,1,2,1,1,1,2,8,1,2,5
SF,IH2009,2020-04-09 09:31:24.400,2654.6000,10247,-2,61315500.000,2,0,2,双平,S,2653.4000,2653.0000,2652.8000,2652.0000,2651.8000,2654.6000,2654.8000,2655.0000,2655.6000,2655.8000,1,2,1,1,1,1,2,5,2,1
SF,IH2009,2020-04-09 09:31:24.900,2654.6000,10247,0,62111880.000,1,0,1,多换,S,2653.4000,2653.0000,2652.8000,2652.0000,2651.8000,2654.8000,2655.0000,2655.6000,2655.8000,2656.0000,1,2,1,1,1,2,5,2,1,2
SF,IH2009,2020-04-09 09:31:25.400,2654.6000,10247,0,62111880.000,0,-,-,-,-,2653.6000,2653.4000,2653.0000,2652.8000,2652.0000,2654.8000,2655.0000,2655.6000,2655.8000,2656.0000,1,1,2,1,1,2,5,2,1,2
SF,IH2009,2020-04-09 09:31:25.900,2653.4000,10247,0,62907900.000,1,0,1,多换,S,2653.0000,2652.8000,2652.0000,2651.8000,2651.6000,2654.8000,2655.0000,2655.6000,2655.8000,2656.0000,2,1,1,1,1,2,5,2,1,2
SF,IH2009,2020-04-09 09:31:26.400,2653.4000,10247,0,62907900.000,0,-,-,-,-,2653.2000,2653.0000,2652.8000,2652.0000,2651.8000,2654.6000,2654.8000,2655.0000,2655.6000,2655.8000,2,2,1,1,1,2,2,5,2,1
SF,IH2009,2020-04-09 09:31:26.900,2653.4000,10247,0,62907900.000,0,-,-,-,-,2653.2000,2653.0000,2652.8000,2652.0000,2651.8000,2654.6000,2654.8000,2655.0000,2655.6000,2655.8000,3,2,1,1,1,1,2,5,2,1
SF,IH2009,2020-04-09 09:31:28.400,2653.4000,10247,0,62907900.000,0,-,-,-,-,2653.2000,2653.0000,2652.8000,2652.0000,2651.8000,2654.6000,2654.8000,2655.0000,2655.6000,2655.8000,3,2,1,1,1,1,2,5,2,1
SF,IH2009,2020-04-09 09:31:29.400,2653.4000,10247,0,62907900.000,0,-,-,-,-,2653.2000,2653.0000,2652.8000,2652.0000,2651.8000,2654.6000,2654.8000,2655.0000,2655.6000,2655.8000,2,2,1,1,1,1,2,5,2,1
SF,IH2009,2020-04-09 09:31:29.900,2653.4000,10247,0,62907900.000,0,-,-,-,-,2653.2000,2653.0000,2652.8000,2652.0000,2651.8000,2654.6000,2654.8000,2655.0000,2655.6000,2655.8000,2,2,1,1,1,2,2,5,2,1
SF,IH2009,2020-04-09 09:31:30.400,2653.4000,10247,0,62907900.000,0,-,-,-,-,2653.4000,2653.2000,2653.0000,2652.8000,2652.0000,2654.6000,2654.8000,2655.0000,2655.6000,2655.8000,1,2,2,1,1,2,2,5,2,1
SF,IH2009,2020-04-09 09:31:30.900,2653.4000,10247,0,62907900.000,0,-,-,-,-,2653.2000,2653.0000,2652.8000,2652.0000,2651.8000,2654.6000,2654.8000,2655.0000,2655.6000,2655.8000,2,2,1,1,1,2,2,5,2,1
SF,IH2009,2020-04-09 09:31:32.400,2653.4000,10247,0,62907900.000,0,-,-,-,-,2653.4000,2653.2000,2653.0000,2652.8000,2652.0000,2654.6000,2654.8000,2655.0000,2655.6000,2655.8000,1,2,2,1,1,2,2,5,2,1
SF,IH2009,2020-04-09 09:31:32.900,2653.4000,10247,0,62907900.000,0,-,-,-,-,2653.2000,2653.0000,2652.8000,2652.0000,2651.8000,2654.6000,2654.8000,2655.0000,2655.6000,2655.8000,2,2,1,1,1,2,2,5,2,1
SF,IH2009,2020-04-09 09:31:33.400,2653.4000,10247,0,62907900.000,0,-,-,-,-,2653.4000,2653.2000,2653.0000,2652.8000,2652.0000,2654.6000,2654.8000,2655.0000,2655.6000,2655.8000,1,2,2,1,1,2,2,5,2,1
SF,IH2009,2020-04-09 09:31:33.900,2653.4000,10247,0,62907900.000,0,-,-,-,-,2653.6000,2653.2000,2653.0000,2652.8000,2652.0000,2654.6000,2654.8000,2655.0000,2655.6000,2655.8000,1,2,2,1,1,2,2,5,2,1
SF,IH2009,2020-04-09 09:31:34.400,2653.4000,10247,0,62907900.000,0,-,-,-,-,2653.2000,2653.0000,2652.8000,2652.0000,2651.8000,2654.6000,2654.8000,2655.0000,2655.6000,2655.8000,2,2,1,1,1,2,2,5,2,1
SF,IH2009,2020-04-09 09:31:34.900,2653.4000,10247,0,62907900.000,0,-,-,-,-,2653.2000,2653.0000,2652.8000,2652.0000,2651.8000,2654.4000,2654.6000,2654.8000,2655.0000,2655.6000,2,2,1,1,1,1,2,2,5,2
SF,IH2009,2020-04-09 09:31:35.400,2653.4000,10247,0,62907900.000,0,-,-,-,-,2653.4000,2653.2000,2653.0000,2652.8000,2652.0000,2654.4000,2654.6000,2654.8000,2655.0000,2655.6000,1,1,2,1,1,1,2,2,5,2
SF,IH2009,2020-04-09 09:31:35.900,2653.4000,10247,0,62907900.000,0,-,-,-,-,2653.2000,2653.0000,2652.8000,2652.0000,2651.8000,2654.6000,2654.8000,2655.0000,2655.6000,2655.8000,1,2,1,1,1,2,2,5,2,1
SF,IH2009,2020-04-09 09:31:36.400,2653.4000,10246,-1,63703920.000,1,0,1,双平,S,2653.2000,2653.0000,2652.8000,2652.0000,2651.8000,2654.4000,2654.6000,2654.8000,2655.0000,2655.6000,1,2,1,1,1,1,2,2,5,2
SF,IH2009,2020-04-09 09:31:36.900,2653.4000,10246,0,63703920.000,0,-,-,-,-,2653.2000,2653.0000,2652.8000,2652.0000,2651.8000,2654.6000,2654.8000,2655.0000,2655.6000,2655.8000,1,2,1,1,1,2,2,5,2,1
SF,IH2009,2020-04-09 09:31:37.400,2653.4000,10246,0,63703920.000,0,-,-,-,-,2653.2000,2653.0000,2652.8000,2652.0000,2651.8000,2653.4000,2654.4000,2654.6000,2654.8000,2655.0000,1,2,1,1,1,1,1,2,2,5
SF,IH2009,2020-04-09 09:31:37.900,2653.4000,10245,-1,64499940.000,1,0,1,双平,S,2653.4000,2653.2000,2653.0000,2652.8000,2652.0000,2654.6000,2654.8000,2655.0000,2655.6000,2655.8000,1,1,2,1,1,2,2,5,2,1
SF,IH2009,2020-04-09 09:31:38.400,2653.4000,10245,0,64499940.000,0,-,-,-,-,2653.6000,2653.4000,2653.0000,2652.8000,2652.0000,2654.4000,2654.6000,2654.8000,2655.0000,2655.6000,1,1,2,1,1,1,2,2,5,2
SF,IH2009,2020-04-09 09:31:38.900,2653.4000,10245,0,64499940.000,0,-,-,-,-,2653.6000,2653.4000,2653.0000,2652.8000,2652.0000,2654.2000,2654.6000,2654.8000,2655.0000,2655.6000,1,1,2,1,1,1,2,2,5,2
SF,IH2009,2020-04-09 09:31:39.400,2653.4000,10245,0,64499940.000,0,-,-,-,-,2653.6000,2653.4000,2653.0000,2652.8000,2652.0000,2654.6000,2654.8000,2655.0000,2655.6000,2655.8000,1,1,2,1,1,2,2,5,2,1
SF,IH2009,2020-04-09 09:31:39.900,2653.4000,10245,0,64499940.000,0,-,-,-,-,2653.6000,2653.4000,2653.0000,2652.8000,2652.0000,2654.6000,2654.8000,2655.0000,2655.6000,2655.8000,1,1,2,1,1,2,2,5,2,1
SF,IH2009,2020-04-09 09:31:40.900,2653.4000,10245,0,64499940.000,0,-,-,-,-,2653.6000,2653.4000,2653.0000,2652.8000,2652.0000,2654.4000,2654.6000,2654.8000,2655.0000,2655.6000,1,1,2,1,1,1,2,2,5,2
SF,IH2009,2020-04-09 09:31:41.400,2653.4000,10245,0,64499940.000,0,-,-,-,-,2653.6000,2653.4000,2653.0000,2652.8000,2652.0000,2654.6000,2654.8000,2655.0000,2655.6000,2655.8000,1,1,2,1,1,2,2,5,2,1
SF,IH2009,2020-04-09 09:31:42.400,2653.6000,10244,-1,65296020.000,1,0,1,双平,S,2653.4000,2653.0000,2652.8000,2652.0000,2651.8000,2654.6000,2654.8000,2655.0000,2655.6000,2655.8000,1,2,1,1,1,2,2,5,2,1
SF,IH2009,2020-04-09 09:31:44.400,2653.6000,10244,0,65296020.000,0,-,-,-,-,2653.4000,2653.0000,2652.8000,2652.0000,2651.8000,2654.4000,2654.6000,2654.8000,2655.0000,2655.6000,1,2,1,1,1,1,2,2,5,2
SF,IH2009,2020-04-09 09:31:44.900,2653.6000,10244,0,65296020.000,0,-,-,-,-,2653.4000,2653.0000,2652.8000,2652.0000,2651.8000,2654.2000,2654.6000,2654.8000,2655.0000,2655.6000,1,2,1,1,1,1,2,2,5,2
SF,IH2009,2020-04-09 09:31:45.400,2653.6000,10244,0,65296020.000,0,-,-,-,-,2653.0000,2652.8000,2652.0000,2651.8000,2651.6000,2654.6000,2654.8000,2655.0000,2655.6000,2655.8000,2,1,1,1,1,2,2,5,2,1
SF,IH2009,2020-04-09 09:31:45.900,2653.6000,10244,0,65296020.000,0,-,-,-,-,2653.0000,2652.8000,2652.0000,2651.8000,2651.6000,2654.4000,2654.6000,2654.8000,2655.0000,2655.6000,2,1,1,1,1,2,2,2,5,2
SF,IH2009,2020-04-09 09:31:46.400,2653.6000,10244,0,65296020.000,0,-,-,-,-,2653.0000,2652.8000,2652.0000,2651.8000,2651.6000,2654.2000,2654.4000,2654.6000,2654.8000,2655.0000,2,1,1,1,1,1,2,1,2,5
SF,IH2009,2020-04-09 09:31:46.900,2653.6000,10244,0,65296020.000,0,-,-,-,-,2653.0000,2652.8000,2652.0000,2651.8000,2651.6000,2654.2000,2654.4000,2654.6000,2654.8000,2655.0000,2,1,1,1,1,1,1,1,2,5
SF,IH2009,2020-04-09 09:31:47.400,2653.6000,10244,0,65296020.000,0,-,-,-,-,2653.0000,2652.8000,2652.0000,2651.8000,2651.6000,2654.2000,2654.4000,2654.6000,2654.8000,2655.0000,2,1,1,1,1,1,1,1,2,7
SF,IH2009,2020-04-09 09:31:48.900,2653.0000,10243,-1,66091920.000,1,0,1,双平,S,2653.0000,2652.8000,2652.0000,2651.8000,2651.6000,2654.2000,2654.4000,2654.6000,2654.8000,2655.0000,1,1,1,1,1,1,1,1,2,7
SF,IH2009,2020-04-09 09:31:49.400,2653.0000,10243,0,66887820.000,1,0,1,多换,S,2652.8000,2652.0000,2651.8000,2651.6000,2651.4000,2654.2000,2654.4000,2654.6000,2654.8000,2655.0000,1,1,1,1,1,1,2,1,2,7
SF,IH2009,2020-04-09 09:31:49.900,2653.0000,10243,0,66887820.000,0,-,-,-,-,2652.8000,2652.0000,2651.8000,2651.6000,2651.4000,2654.0000,2654.2000,2654.4000,2654.6000,2654.8000,1,1,1,1,1,1,1,2,1,2
SF,IH2009,2020-04-09 09:31:50.400,2653.0000,10243,0,66887820.000,0,-,-,-,-,2652.8000,2652.0000,2651.8000,2651.6000,2651.4000,2654.2000,2654.4000,2654.6000,2654.8000,2655.0000,1,1,1,1,1,1,2,1,2,7
SF,IH2009,2020-04-09 09:31:50.900,2653.0000,10243,0,66887820.000,0,-,-,-,-,2652.8000,2652.0000,2651.8000,2651.6000,2651.4000,2654.0000,2654.2000,2654.4000,2654.6000,2654.8000,1,1,1,1,1,1,1,2,1,2
SF,IH2009,2020-04-09 09:31:51.400,2653.0000,10243,0,66887820.000,0,-,-,-,-,2652.8000,2652.0000,2651.8000,2651.6000,2651.4000,2654.2000,2654.4000,2654.6000,2654.8000,2655.0000,1,1,1,1,1,1,2,1,2,7
SF,IH2009,2020-04-09 09:31:51.900,2653.0000,10243,0,66887820.000,0,-,-,-,-,2652.8000,2652.0000,2651.8000,2651.6000,2651.4000,2654.0000,2654.2000,2654.4000,2654.6000,2654.8000,1,1,1,1,1,1,1,2,1,2
SF,IH2009,2020-04-09 09:31:52.400,2653.0000,10243,0,66887820.000,0,-,-,-,-,2652.8000,2652.0000,2651.8000,2651.6000,2651.4000,2654.2000,2654.4000,2654.6000,2654.8000,2655.0000,1,1,1,1,1,1,2,1,2,7
SF,IH2009,2020-04-09 09:31:52.900,2653.0000,10243,0,66887820.000,0,-,-,-,-,2652.8000,2652.0000,2651.8000,2651.6000,2651.4000,2654.0000,2654.2000,2654.4000,2654.6000,2654.8000,1,1,1,1,1,1,1,2,1,2
SF,IH2009,2020-04-09 09:31:53.400,2653.0000,10243,0,66887820.000,0,-,-,-,-,2652.8000,2652.0000,2651.8000,2651.6000,2651.4000,2654.2000,2654.4000,2654.6000,2654.8000,2655.0000,1,1,1,1,1,1,2,1,2,7
SF,IH2009,2020-04-09 09:31:53.900,2653.0000,10243,0,66887820.000,0,-,-,-,-,2652.8000,2652.0000,2651.8000,2651.6000,2651.4000,2654.0000,2654.2000,2654.4000,2654.6000,2654.8000,1,1,1,1,1,2,1,2,1,2
SF,IH2009,2020-04-09 09:31:54.400,2653.0000,10243,0,66887820.000,0,-,-,-,-,2652.8000,2652.0000,2651.8000,2651.6000,2651.4000,2654.0000,2654.2000,2654.4000,2654.6000,2654.8000,2,1,1,1,1,2,1,3,1,2
SF,IH2009,2020-04-09 09:31:56.900,2653.0000,10243,0,66887820.000,0,-,-,-,-,2652.8000,2652.0000,2651.8000,2651.6000,2651.4000,2654.0000,2654.2000,2654.4000,2654.6000,2654.8000,2,1,1,1,1,2,1,3,1,2
SF,IH2009,2020-04-09 09:31:57.900,2653.0000,10243,0,66887820.000,0,-,-,-,-,2652.8000,2652.0000,2651.8000,2651.6000,2651.4000,2654.0000,2654.2000,2654.4000,2654.6000,2654.8000,2,1,1,1,1,2,1,3,1,2
SF,IH2009,2020-04-09 09:31:58.900,2653.0000,10243,0,66887820.000,0,-,-,-,-,2652.8000,2652.0000,2651.8000,2651.6000,2651.4000,2654.0000,2654.2000,2654.4000,2654.6000,2654.8000,3,1,1,1,1,2,1,3,1,2
SF,IH2009,2020-04-09 09:31:59.400,2652.8000,10242,-1,67683660.000,1,0,1,双平,S,2652.8000,2652.0000,2651.8000,2651.6000,2651.4000,2654.0000,2654.2000,2654.4000,2654.6000,2654.8000,2,1,1,1,1,2,1,3,1,2
SF,IH2009,2020-04-09 09:31:59.900,2652.8000,10242,0,67683660.000,0,-,-,-,-,2652.8000,2652.0000,2651.8000,2651.6000,2651.4000,2654.0000,2654.2000,2654.4000,2654.6000,2654.8000,2,1,1,1,1,1,1,3,1,2
SF,IH2009,2020-04-09 09:32:00.900,2652.8000,10242,0,67683660.000,0,-,-,-,-,2653.0000,2652.8000,2652.0000,2651.8000,2651.6000,2654.0000,2654.2000,2654.4000,2654.6000,2654.8000,1,2,1,1,1,1,1,3,1,2
SF,IH2009,2020-04-09 09:32:01.400,2652.8000,10242,0,67683660.000,0,-,-,-,-,2652.8000,2652.0000,2651.8000,2651.6000,2651.4000,2654.0000,2654.2000,2654.4000,2654.6000,2654.8000,2,1,1,1,1,1,1,3,1,2
SF,IH2009,2020-04-09 09:32:04.900,2652.8000,10242,0,67683660.000,0,-,-,-,-,2652.8000,2652.0000,2651.8000,2651.6000,2651.4000,2654.0000,2654.2000,2654.4000,2654.6000,2654.8000,2,1,1,1,1,1,1,3,1,2
SF,IH2009,2020-04-09 09:32:06.900,2652.8000,10242,0,67683660.000,0,-,-,-,-,2652.8000,2652.0000,2651.8000,2651.6000,2651.4000,2654.0000,2654.2000,2654.4000,2654.6000,2654.8000,2,1,1,1,1,1,1,3,1,2
SF,IH2009,2020-04-09 09:32:09.900,2652.8000,10242,0,67683660.000,0,-,-,-,-,2652.8000,2652.0000,2651.8000,2651.6000,2651.4000,2654.0000,2654.2000,2654.4000,2654.6000,2654.8000,2,1,1,1,1,1,1,3,1,2
SF,IH2009,2020-04-09 09:32:13.400,2652.8000,10242,0,67683660.000,0,-,-,-,-,2652.8000,2652.0000,2651.8000,2651.6000,2651.4000,2653.8000,2654.0000,2654.2000,2654.4000,2654.6000,2,1,1,1,1,1,1,1,3,1
SF,IH2009,2020-04-09 09:32:13.900,2652.8000,10242,0,67683660.000,0,-,-,-,-,2652.8000,2652.0000,2651.8000,2651.6000,2651.4000,2653.8000,2654.0000,2654.2000,2654.4000,2654.6000,2,1,1,1,1,1,2,1,3,1
SF,IH2009,2020-04-09 09:32:14.400,2652.8000,10242,0,67683660.000,0,-,-,-,-,2652.8000,2652.0000,2651.8000,2651.6000,2651.4000,2653.8000,2654.0000,2654.2000,2654.4000,2654.6000,2,1,1,1,1,2,2,1,3,1
SF,IH2009,2020-04-09 09:32:14.900,2653.8000,10240,-2,70867620.000,4,1,3,多平,S,2653.0000,2652.0000,2651.8000,2651.6000,2651.4000,2654.0000,2654.2000,2654.4000,2654.6000,2654.8000,1,1,1,1,1,2,1,3,1,1
SF,IH2009,2020-04-09 09:32:15.900,2654.0000,10241,1,71663820.000,1,1,0,双开,S,2653.0000,2652.0000,2651.8000,2651.6000,2651.4000,2654.0000,2654.2000,2654.4000,2654.6000,2654.8000,1,1,1,1,1,1,1,3,1,1
SF,IH2009,2020-04-09 09:32:16.400,2654.0000,10242,1,72460020.000,1,1,0,双开,S,2653.0000,2652.0000,2651.8000,2651.6000,2651.4000,2654.2000,2654.4000,2654.6000,2654.8000,2655.0000,1,1,1,1,1,1,3,1,1,7
SF,IH2009,2020-04-09 09:32:16.900,2654.0000,10242,0,72460020.000,0,-,-,-,-,2653.0000,2652.0000,2651.8000,2651.6000,2651.4000,2654.2000,2654.4000,2654.6000,2654.8000,2655.0000,1,1,1,1,1,1,3,1,1,7
SF,IH2009,2020-04-09 09:32:17.400,2654.0000,10242,0,72460020.000,0,-,-,-,-,2653.0000,2652.0000,2651.8000,2651.6000,2651.4000,2654.0000,2654.2000,2654.4000,2654.6000,2654.8000,1,1,1,1,1,1,1,3,1,1
SF,IH2009,2020-04-09 09:32:17.900,2654.0000,10242,0,72460020.000,0,-,-,-,-,2653.2000,2653.0000,2652.0000,2651.8000,2651.6000,2654.0000,2654.2000,2654.4000,2654.6000,2654.8000,1,1,1,1,1,1,1,3,1,1
SF,IH2009,2020-04-09 09:32:18.400,2654.0000,10242,0,72460020.000,0,-,-,-,-,2653.0000,2652.0000,2651.8000,2651.6000,2651.4000,2654.0000,2654.2000,2654.4000,2654.6000,2654.8000,1,1,1,1,1,1,1,3,1,1
SF,IH2009,2020-04-09 09:32:19.900,2654.0000,10242,0,72460020.000,0,-,-,-,-,2653.0000,2652.0000,2651.8000,2651.6000,2651.4000,2654.0000,2654.2000,2654.4000,2654.6000,2654.8000,1,1,1,1,1,1,1,3,1,1
SF,IH2009,2020-04-09 09:32:20.900,2654.0000,10242,0,72460020.000,0,-,-,-,-,2653.0000,2652.0000,2651.8000,2651.6000,2651.4000,2654.0000,2654.2000,2654.4000,2654.6000,2654.8000,1,1,1,1,1,1,1,3,1,1
SF,IH2009,2020-04-09 09:32:23.400,2654.0000,10242,0,72460020.000,0,-,-,-,-,2653.0000,2652.0000,2651.8000,2651.6000,2651.4000,2654.0000,2654.2000,2654.4000,2654.6000,2654.8000,1,1,1,1,1,1,1,3,1,2
SF,IH2009,2020-04-09 09:32:24.900,2654.0000,10242,0,72460020.000,0,-,-,-,-,2653.0000,2652.0000,2651.8000,2651.6000,2651.4000,2654.2000,2654.4000,2654.6000,2654.8000,2655.0000,1,1,1,1,1,1,3,1,2,7
SF,IH2009,2020-04-09 09:32:25.400,2654.0000,10242,0,72460020.000,0,-,-,-,-,2653.2000,2653.0000,2652.0000,2651.8000,2651.6000,2654.2000,2654.4000,2654.6000,2654.8000,2655.0000,1,1,1,1,1,1,3,1,2,7
SF,IH2009,2020-04-09 09:32:27.900,2654.0000,10242,0,72460020.000,0,-,-,-,-,2653.2000,2653.0000,2652.0000,2651.8000,2651.6000,2654.0000,2654.2000,2654.4000,2654.6000,2654.8000,1,1,1,1,1,1,1,3,1,1
SF,IH2009,2020-04-09 09:32:29.400,2654.0000,10242,0,72460020.000,0,-,-,-,-,2653.2000,2653.0000,2652.0000,2651.8000,2651.6000,2654.0000,2654.2000,2654.4000,2654.6000,2654.8000,1,1,1,1,1,1,1,2,1,1
SF,IH2009,2020-04-09 09:32:30.400,2654.0000,10242,0,72460020.000,0,-,-,-,-,2653.2000,2653.0000,2652.0000,2651.8000,2651.6000,2654.0000,2654.2000,2654.4000,2654.6000,2654.8000,1,1,1,1,1,1,1,2,1,1
SF,IH2009,2020-04-09 09:32:31.900,2654.0000,10241,-1,73256220.000,1,0,1,双平,S,2653.2000,2653.0000,2652.0000,2651.8000,2651.6000,2654.2000,2654.4000,2654.6000,2654.8000,2655.0000,1,1,1,1,1,1,2,1,1,7
SF,IH2009,2020-04-09 09:32:33.400,2654.0000,10241,0,73256220.000,0,-,-,-,-,2653.0000,2652.0000,2651.8000,2651.6000,2651.4000,2654.2000,2654.4000,2654.6000,2654.8000,2655.0000,1,1,1,1,1,1,2,1,1,7
SF,IH2009,2020-04-09 09:32:35.400,2654.0000,10241,0,73256220.000,0,-,-,-,-,2653.0000,2652.0000,2651.8000,2651.6000,2651.4000,2654.0000,2654.2000,2654.4000,2654.6000,2654.8000,1,1,1,1,1,1,1,2,1,1
SF,IH2009,2020-04-09 09:32:35.900,2654.0000,10241,0,73256220.000,0,-,-,-,-,2653.0000,2652.0000,2651.8000,2651.6000,2651.4000,2654.2000,2654.4000,2654.6000,2654.8000,2655.0000,1,1,1,1,1,1,2,1,1,7
SF,IH2009,2020-04-09 09:32:36.400,2654.0000,10241,0,73256220.000,0,-,-,-,-,2653.0000,2652.0000,2651.8000,2651.6000,2651.4000,2654.2000,2654.4000,2654.6000,2654.8000,2655.0000,1,1,1,1,1,1,2,1,1,8
SF,IH2009,2020-04-09 09:32:36.900,2653.0000,10240,-1,74052120.000,1,0,1,双平,S,2652.0000,2651.8000,2651.6000,2651.4000,2651.2000,2654.2000,2654.4000,2654.6000,2654.8000,2655.0000,1,1,1,1,2,1,2,1,1,8
SF,IH2009,2020-04-09 09:32:37.400,2653.0000,10240,0,74052120.000,0,-,-,-,-,2652.2000,2652.0000,2651.8000,2651.6000,2651.4000,2653.8000,2654.2000,2654.4000,2654.6000,2654.8000,3,1,1,1,1,2,1,2,1,1
SF,IH2009,2020-04-09 09:32:37.900,2653.0000,10240,0,74052120.000,0,-,-,-,-,2652.4000,2652.2000,2652.0000,2651.8000,2651.6000,2653.8000,2654.2000,2654.4000,2654.6000,2654.8000,1,3,1,1,1,2,1,2,1,1
SF,IH2009,2020-04-09 09:32:38.400,2653.0000,10240,0,74052120.000,0,-,-,-,-,2652.6000,2652.2000,2652.0000,2651.8000,2651.6000,2653.8000,2654.2000,2654.4000,2654.6000,2654.8000,2,2,1,1,1,2,1,2,1,1
SF,IH2009,2020-04-09 09:32:38.900,2653.0000,10240,0,74052120.000,0,-,-,-,-,2652.6000,2652.2000,2652.0000,2651.8000,2651.6000,2653.8000,2654.2000,2654.4000,2654.6000,2654.8000,3,2,1,1,1,2,1,2,1,1
SF,IH2009,2020-04-09 09:32:39.900,2653.0000,10240,0,74052120.000,0,-,-,-,-,2652.6000,2652.2000,2652.0000,2651.8000,2651.6000,2653.6000,2653.8000,2654.2000,2654.4000,2654.6000,2,2,1,1,1,1,2,1,2,1
SF,IH2009,2020-04-09 09:32:40.400,2653.0000,10240,0,74052120.000,0,-,-,-,-,2652.6000,2652.2000,2652.0000,2651.8000,2651.6000,2653.8000,2654.2000,2654.4000,2654.6000,2654.8000,1,2,1,1,1,2,1,2,1,1
SF,IH2009,2020-04-09 09:32:43.400,2653.0000,10240,0,74052120.000,0,-,-,-,-,2652.6000,2652.2000,2652.0000,2651.8000,2651.6000,2653.8000,2654.2000,2654.4000,2654.6000,2654.8000,1,2,1,1,1,2,1,2,1,1
SF,IH2009,2020-04-09 09:32:45.400,2653.8000,10239,-1,74848260.000,1,0,1,双平,S,2652.6000,2652.2000,2652.0000,2651.8000,2651.6000,2653.8000,2654.2000,2654.4000,2654.6000,2654.8000,1,2,1,1,1,1,1,2,1,1
SF,IH2009,2020-04-09 09:32:45.900,2653.8000,10239,0,74848260.000,0,-,-,-,-,2652.8000,2652.6000,2652.2000,2652.0000,2651.8000,2653.8000,2654.2000,2654.4000,2654.6000,2654.8000,1,1,2,1,1,1,1,2,1,1
SF,IH2009,2020-04-09 09:32:46.400,2653.8000,10239,0,74848260.000,0,-,-,-,-,2652.6000,2652.2000,2652.0000,2651.8000,2651.6000,2653.8000,2654.2000,2654.4000,2654.6000,2654.8000,1,2,1,1,1,1,1,2,1,1
SF,IH2009,2020-04-09 09:32:46.900,2653.8000,10239,0,74848260.000,0,-,-,-,-,2652.8000,2652.6000,2652.2000,2652.0000,2651.8000,2653.8000,2654.2000,2654.4000,2654.6000,2654.8000,1,1,2,1,1,1,1,2,1,1
SF,IH2009,2020-04-09 09:32:47.400,2653.8000,10239,0,74848260.000,0,-,-,-,-,2652.6000,2652.2000,2652.0000,2651.8000,2651.6000,2653.8000,2654.2000,2654.4000,2654.6000,2654.8000,1,2,1,1,1,1,1,2,1,1
SF,IH2009,2020-04-09 09:32:47.900,2653.8000,10239,0,74848260.000,0,-,-,-,-,2652.8000,2652.6000,2652.2000,2652.0000,2651.8000,2653.8000,2654.2000,2654.4000,2654.6000,2654.8000,1,1,2,1,1,1,1,2,1,1
SF,IH2009,2020-04-09 09:32:48.400,2653.8000,10239,0,74848260.000,0,-,-,-,-,2652.6000,2652.2000,2652.0000,2651.8000,2651.6000,2653.8000,2654.2000,2654.4000,2654.6000,2654.8000,1,2,1,1,1,1,1,2,1,1
SF,IH2009,2020-04-09 09:32:48.900,2653.8000,10239,0,74848260.000,0,-,-,-,-,2652.8000,2652.6000,2652.2000,2652.0000,2651.8000,2653.8000,2654.2000,2654.4000,2654.6000,2654.8000,1,1,2,1,1,1,1,2,1,1
SF,IH2009,2020-04-09 09:32:49.400,2653.8000,10239,0,74848260.000,0,-,-,-,-,2652.6000,2652.2000,2652.0000,2651.8000,2651.6000,2653.8000,2654.2000,2654.4000,2654.6000,2654.8000,1,2,1,1,1,1,1,2,1,1
SF,IH2009,2020-04-09 09:32:49.900,2653.8000,10239,0,74848260.000,0,-,-,-,-,2652.8000,2652.6000,2652.2000,2652.0000,2651.8000,2653.8000,2654.2000,2654.4000,2654.6000,2654.8000,1,1,2,1,1,1,1,2,1,1
SF,IH2009,2020-04-09 09:32:50.400,2653.8000,10239,0,74848260.000,0,-,-,-,-,2652.6000,2652.2000,2652.0000,2651.8000,2651.6000,2653.8000,2654.2000,2654.4000,2654.6000,2654.8000,1,2,1,1,1,1,1,2,1,1
SF,IH2009,2020-04-09 09:32:50.900,2653.8000,10239,0,74848260.000,0,-,-,-,-,2653.0000,2652.6000,2652.2000,2652.0000,2651.8000,2653.8000,2654.2000,2654.4000,2654.6000,2654.8000,1,1,2,1,1,1,1,2,1,1
SF,IH2009,2020-04-09 09:32:51.400,2653.8000,10239,0,74848260.000,0,-,-,-,-,2652.6000,2652.2000,2652.0000,2651.8000,2651.6000,2653.8000,2654.2000,2654.4000,2654.6000,2654.8000,1,2,1,1,1,1,1,2,1,1
SF,IH2009,2020-04-09 09:32:51.900,2653.8000,10239,0,74848260.000,0,-,-,-,-,2652.8000,2652.6000,2652.2000,2652.0000,2651.8000,2653.8000,2654.2000,2654.4000,2654.6000,2654.8000,1,1,2,1,1,1,1,2,1,1
SF,IH2009,2020-04-09 09:32:52.400,2653.8000,10239,0,74848260.000,0,-,-,-,-,2652.6000,2652.2000,2652.0000,2651.8000,2651.6000,2653.8000,2654.2000,2654.4000,2654.6000,2654.8000,1,2,1,1,1,1,1,2,1,1
SF,IH2009,2020-04-09 09:32:52.900,2653.8000,10239,0,74848260.000,0,-,-,-,-,2652.8000,2652.6000,2652.2000,2652.0000,2651.8000,2653.8000,2654.2000,2654.4000,2654.6000,2654.8000,1,1,2,1,1,1,1,2,1,1
SF,IH2009,2020-04-09 09:32:53.400,2653.8000,10239,0,74848260.000,0,-,-,-,-,2652.6000,2652.2000,2652.0000,2651.8000,2651.6000,2653.8000,2654.2000,2654.4000,2654.6000,2654.8000,1,2,1,1,1,2,1,2,1,1
SF,IH2009,2020-04-09 09:32:59.400,2653.8000,10239,0,74848260.000,0,-,-,-,-,2652.8000,2652.6000,2652.2000,2652.0000,2651.8000,2653.8000,2654.2000,2654.4000,2654.6000,2654.8000,1,1,2,1,1,2,1,2,1,1
SF,IH2009,2020-04-09 09:32:59.900,2653.8000,10239,0,74848260.000,0,-,-,-,-,2652.6000,2652.2000,2652.0000,2651.8000,2651.6000,2653.8000,2654.2000,2654.4000,2654.6000,2654.8000,2,2,1,1,1,2,1,2,1,1
SF,IH2009,2020-04-09 09:33:00.400,2653.8000,10239,0,74848260.000,0,-,-,-,-,2652.6000,2652.2000,2652.0000,2651.8000,2651.6000,2653.8000,2654.2000,2654.4000,2654.6000,2654.8000,2,2,1,1,1,3,1,2,1,1
SF,IH2009,2020-04-09 09:33:01.400,2653.8000,10239,0,74848260.000,0,-,-,-,-,2652.8000,2652.6000,2652.2000,2652.0000,2651.8000,2653.8000,2654.2000,2654.4000,2654.6000,2654.8000,1,2,2,1,1,3,1,2,1,1
SF,IH2009,2020-04-09 09:33:01.900,2653.8000,10239,0,74848260.000,0,-,-,-,-,2652.6000,2652.2000,2652.0000,2651.8000,2651.6000,2653.8000,2654.2000,2654.4000,2654.6000,2654.8000,1,2,1,1,1,3,1,2,1,1
SF,IH2009,2020-04-09 09:33:02.400,2652.8000,10239,0,75644100.000,1,0,1,多换,S,2652.6000,2652.2000,2652.0000,2651.8000,2651.6000,2653.8000,2654.2000,2654.4000,2654.6000,2654.8000,1,2,1,1,1,3,1,2,1,1
SF,IH2009,2020-04-09 09:33:02.900,2652.8000,10239,0,75644100.000,0,-,-,-,-,2652.8000,2652.6000,2652.2000,2652.0000,2651.8000,2653.8000,2654.2000,2654.4000,2654.6000,2654.8000,1,1,2,1,1,3,1,2,1,1
SF,IH2009,2020-04-09 09:33:03.400,2652.8000,10239,0,75644100.000,0,-,-,-,-,2652.8000,2652.6000,2652.2000,2652.0000,2651.8000,2653.8000,2654.2000,2654.4000,2654.6000,2654.8000,1,1,2,1,1,3,1,3,1,1
SF,IH2009,2020-04-09 09:33:04.900,2652.8000,10236,-3,78032220.000,3,0,3,双平,S,2652.6000,2652.2000,2652.0000,2651.8000,2651.6000,2653.8000,2654.2000,2654.4000,2654.6000,2654.8000,1,2,1,1,1,1,1,3,1,1
SF,IH2009,2020-04-09 09:33:06.400,2652.8000,10236,0,78032220.000,0,-,-,-,-,2652.8000,2652.6000,2652.2000,2652.0000,2651.8000,2653.8000,2654.2000,2654.4000,2654.6000,2654.8000,1,1,2,1,1,1,1,3,1,1
SF,IH2009,2020-04-09 09:33:07.900,2652.8000,10236,0,78032220.000,0,-,-,-,-,2653.0000,2652.8000,2652.6000,2652.2000,2652.0000,2653.8000,2654.2000,2654.4000,2654.6000,2654.8000,1,1,1,2,1,1,1,3,1,1
SF,IH2009,2020-04-09 09:33:08.400,2653.8000,10236,0,78828360.000,1,0,1,多换,S,2653.0000,2652.8000,2652.6000,2652.2000,2652.0000,2654.2000,2654.4000,2654.6000,2654.8000,2655.0000,1,1,1,2,1,1,3,1,1,8
SF,IH2009,2020-04-09 09:33:08.900,2653.8000,10236,0,78828360.000,0,-,-,-,-,2653.0000,2652.8000,2652.6000,2652.2000,2652.0000,2654.0000,2654.2000,2654.4000,2654.6000,2654.8000,1,1,1,2,1,1,1,3,1,1
SF,IH2009,2020-04-09 09:33:09.400,2653.8000,10236,0,78828360.000,0,-,-,-,-,2652.8000,2652.6000,2652.2000,2652.0000,2651.8000,2654.2000,2654.4000,2654.6000,2654.8000,2655.0000,1,1,2,1,1,1,3,1,1,8
SF,IH2009,2020-04-09 09:33:09.900,2653.8000,10236,0,78828360.000,0,-,-,-,-,2653.0000,2652.6000,2652.2000,2652.0000,2651.8000,2654.0000,2654.2000,2654.4000,2654.6000,2654.8000,1,1,2,1,1,1,1,3,1,1
SF,IH2009,2020-04-09 09:33:10.400,2653.8000,10236,0,78828360.000,0,-,-,-,-,2653.0000,2652.6000,2652.2000,2652.0000,2651.8000,2654.2000,2654.4000,2654.6000,2654.8000,2655.0000,1,1,2,1,1,1,3,1,1,8
SF,IH2009,2020-04-09 09:33:10.900,2654.2000,10236,0,79624620.000,1,0,1,多换,S,2653.0000,2652.6000,2652.2000,2652.0000,2651.8000,2654.4000,2654.6000,2654.8000,2655.0000,2655.6000,1,1,2,1,1,3,1,1,8,2
SF,IH2009,2020-04-09 09:33:11.400,2654.2000,10236,0,79624620.000,0,-,-,-,-,2653.2000,2653.0000,2652.6000,2652.2000,2652.0000,2654.2000,2654.4000,2654.6000,2654.8000,2655.0000,1,1,1,2,1,2,3,1,1,8
SF,IH2009,2020-04-09 09:33:11.900,2654.2000,10236,0,79624620.000,0,-,-,-,-,2653.2000,2653.0000,2652.6000,2652.2000,2652.0000,2654.2000,2654.4000,2654.6000,2654.8000,2655.0000,1,1,1,2,1,2,3,1,1,8
SF,IH2009,2020-04-09 09:33:12.900,2654.2000,10236,0,79624620.000,0,-,-,-,-,2653.0000,2652.6000,2652.2000,2652.0000,2651.8000,2654.2000,2654.4000,2654.6000,2654.8000,2655.0000,1,1,2,1,1,2,3,1,1,8
SF,IH2009,2020-04-09 09:33:16.400,2654.2000,10236,0,79624620.000,0,-,-,-,-,2653.0000,2652.6000,2652.2000,2652.0000,2651.8000,2654.2000,2654.4000,2654.6000,2654.8000,2655.0000,1,1,2,1,1,2,3,1,1,8
SF,IH2009,2020-04-09 09:33:16.900,2654.2000,10236,0,79624620.000,0,-,-,-,-,2653.0000,2652.6000,2652.2000,2652.0000,2651.8000,2654.2000,2654.4000,2654.6000,2654.8000,2655.0000,1,1,2,1,1,2,3,1,1,8
SF,IH2009,2020-04-09 09:33:18.900,2654.2000,10236,0,79624620.000,0,-,-,-,-,2652.6000,2652.2000,2652.0000,2651.8000,2651.6000,2654.2000,2654.4000,2654.6000,2654.8000,2655.0000,1,2,1,1,1,2,3,1,1,8
SF,IH2009,2020-04-09 09:33:19.400,2654.2000,10236,0,79624620.000,0,-,-,-,-,2652.6000,2652.2000,2652.0000,2651.8000,2651.6000,2654.2000,2654.4000,2654.6000,2654.8000,2655.0000,1,2,1,1,1,2,3,1,1,8
SF,IH2009,2020-04-09 09:33:19.900,2654.2000,10236,0,79624620.000,0,-,-,-,-,2652.8000,2652.6000,2652.2000,2652.0000,2651.8000,2654.2000,2654.4000,2654.6000,2654.8000,2655.0000,1,1,2,1,1,2,3,1,1,8
SF,IH2009,2020-04-09 09:33:21.900,2654.2000,10236,0,79624620.000,0,-,-,-,-,2652.8000,2652.6000,2652.2000,2652.0000,2651.8000,2654.2000,2654.4000,2654.6000,2654.8000,2655.0000,1,1,2,1,1,2,3,1,1,8
SF,IH2009,2020-04-09 09:33:22.400,2654.2000,10236,0,79624620.000,0,-,-,-,-,2653.0000,2652.8000,2652.2000,2652.0000,2651.8000,2654.2000,2654.4000,2654.6000,2654.8000,2655.0000,1,1,2,1,1,2,3,1,1,8
SF,IH2009,2020-04-09 09:33:22.900,2654.2000,10236,0,79624620.000,0,-,-,-,-,2653.0000,2652.8000,2652.2000,2652.0000,2651.8000,2654.2000,2654.4000,2654.6000,2654.8000,2655.0000,1,1,2,1,1,2,3,1,1,8
SF,IH2009,2020-04-09 09:33:24.400,2654.2000,10236,0,79624620.000,0,-,-,-,-,2653.0000,2652.2000,2652.0000,2651.8000,2651.6000,2654.2000,2654.4000,2654.6000,2654.8000,2655.0000,1,2,1,1,1,2,3,1,1,8
SF,IH2009,2020-04-09 09:33:26.900,2654.2000,10236,0,79624620.000,0,-,-,-,-,2653.0000,2652.2000,2652.0000,2651.8000,2651.6000,2654.2000,2654.4000,2654.6000,2654.8000,2655.0000,1,2,1,1,1,2,2,1,1,8
SF,IH2009,2020-04-09 09:33:27.400,2654.2000,10236,0,79624620.000,0,-,-,-,-,2653.0000,2652.2000,2652.0000,2651.8000,2651.6000,2654.2000,2654.4000,2654.6000,2654.8000,2655.0000,1,2,1,1,1,2,2,2,1,8
SF,IH2009,2020-04-09 09:33:27.900,2654.2000,10236,0,79624620.000,0,-,-,-,-,2653.2000,2653.0000,2652.2000,2652.0000,2651.8000,2654.2000,2654.4000,2654.6000,2654.8000,2655.0000,1,1,2,1,1,2,2,2,1,8
SF,IH2009,2020-04-09 09:33:30.900,2654.2000,10236,0,79624620.000,0,-,-,-,-,2653.2000,2653.0000,2652.2000,2652.0000,2651.8000,2654.2000,2654.4000,2654.6000,2654.8000,2655.0000,1,1,2,1,1,1,2,2,1,8
SF,IH2009,2020-04-09 09:33:31.400,2654.2000,10236,0,79624620.000,0,-,-,-,-,2653.2000,2653.0000,2652.2000,2652.0000,2651.8000,2654.4000,2654.6000,2654.8000,2655.0000,2655.6000,1,1,2,1,1,2,2,1,8,2
SF,IH2009,2020-04-09 09:33:33.400,2653.2000,10235,-1,80420580.000,1,0,1,双平,S,2653.4000,2653.0000,2652.2000,2652.0000,2651.8000,2654.4000,2654.6000,2654.8000,2655.0000,2655.6000,1,1,2,1,1,2,2,1,7,2
SF,IH2009,2020-04-09 09:33:33.900,2653.2000,10235,0,80420580.000,0,-,-,-,-,2653.4000,2653.0000,2652.2000,2652.0000,2651.8000,2654.2000,2654.4000,2654.6000,2654.8000,2655.0000,1,1,2,1,1,1,1,2,1,7
SF,IH2009,2020-04-09 09:33:34.400,2653.2000,10235,0,80420580.000,0,-,-,-,-,2653.4000,2653.0000,2652.2000,2652.0000,2651.8000,2654.4000,2654.6000,2654.8000,2655.0000,2655.6000,1,1,2,1,1,1,2,1,7,2
SF,IH2009,2020-04-09 09:33:34.900,2653.2000,10235,0,80420580.000,0,-,-,-,-,2653.4000,2653.0000,2652.2000,2652.0000,2651.8000,2654.2000,2654.4000,2654.6000,2654.8000,2655.0000,1,1,2,1,1,1,1,2,1,7
SF,IH2009,2020-04-09 09:33:35.400,2653.2000,10235,0,80420580.000,0,-,-,-,-,2653.4000,2653.0000,2652.2000,2652.0000,2651.8000,2654.0000,2654.4000,2654.6000,2654.8000,2655.0000,1,1,2,1,1,1,1,2,1,7
SF,IH2009,2020-04-09 09:33:35.900,2653.2000,10235,0,80420580.000,0,-,-,-,-,2653.4000,2653.0000,2652.2000,2652.0000,2651.8000,2654.4000,2654.6000,2654.8000,2655.0000,2655.6000,1,1,2,1,1,1,2,1,7,2
SF,IH2009,2020-04-09 09:33:36.400,2653.2000,10235,0,80420580.000,0,-,-,-,-,2653.0000,2652.2000,2652.0000,2651.8000,2651.6000,2654.2000,2654.4000,2654.6000,2654.8000,2655.0000,1,2,1,1,1,1,1,2,1,7
SF,IH2009,2020-04-09 09:33:36.900,2653.2000,10235,0,80420580.000,0,-,-,-,-,2653.0000,2652.2000,2652.0000,2651.8000,2651.6000,2654.0000,2654.4000,2654.6000,2654.8000,2655.0000,1,2,1,1,1,1,1,2,1,7
SF,IH2009,2020-04-09 09:33:37.400,2653.2000,10235,0,80420580.000,0,-,-,-,-,2653.2000,2653.0000,2652.2000,2652.0000,2651.8000,2653.8000,2654.4000,2654.6000,2654.8000,2655.0000,1,1,2,1,1,1,1,2,1,7
SF,IH2009,2020-04-09 09:33:37.900,2653.2000,10235,0,80420580.000,0,-,-,-,-,2653.2000,2653.0000,2652.2000,2652.0000,2651.8000,2654.4000,2654.6000,2654.8000,2655.0000,2655.6000,1,1,2,1,1,1,2,1,7,2
SF,IH2009,2020-04-09 09:33:38.400,2653.2000,10235,0,81216540.000,1,0,1,多换,S,2653.0000,2652.2000,2652.0000,2651.8000,2651.6000,2654.2000,2654.4000,2654.6000,2654.8000,2655.0000,1,2,1,1,1,1,1,2,1,7
SF,IH2009,2020-04-09 09:33:38.900,2653.0000,10234,-1,82012440.000,1,0,1,双平,S,2652.2000,2652.0000,2651.8000,2651.6000,2651.4000,2654.0000,2654.4000,2654.6000,2654.8000,2655.0000,2,1,1,1,1,2,1,2,1,7
SF,IH2009,2020-04-09 09:33:39.400,2653.0000,10234,0,82012440.000,0,-,-,-,-,2652.4000,2652.2000,2652.0000,2651.8000,2651.6000,2654.0000,2654.4000,2654.6000,2654.8000,2655.0000,1,2,1,1,1,2,1,2,1,7
SF,IH2009,2020-04-09 09:33:39.900,2653.0000,10234,0,82012440.000,0,-,-,-,-,2652.4000,2652.2000,2652.0000,2651.8000,2651.6000,2654.0000,2654.4000,2654.6000,2654.8000,2655.0000,1,2,1,1,1,2,1,2,1,7
SF,IH2009,2020-04-09 09:33:43.400,2653.0000,10234,0,82012440.000,0,-,-,-,-,2652.6000,2652.4000,2652.2000,2652.0000,2651.8000,2654.0000,2654.4000,2654.6000,2654.8000,2655.0000,1,1,1,1,1,3,1,2,1,7
SF,IH2009,2020-04-09 09:33:43.900,2653.0000,10234,0,82012440.000,0,-,-,-,-,2652.4000,2652.2000,2652.0000,2651.8000,2651.6000,2654.0000,2654.4000,2654.6000,2654.8000,2655.0000,1,1,1,1,1,3,1,2,1,7
SF,IH2009,2020-04-09 09:33:48.900,2654.0000,10234,0,83604840.000,2,1,1,多换,S,2652.4000,2652.2000,2652.0000,2651.8000,2651.6000,2653.8000,2654.0000,2654.4000,2654.6000,2654.8000,1,1,1,1,1,1,1,1,2,1
SF,IH2009,2020-04-09 09:33:49.400,2654.0000,10234,0,83604840.000,0,-,-,-,-,2652.4000,2652.2000,2652.0000,2651.8000,2651.6000,2654.0000,2654.4000,2654.6000,2654.8000,2655.0000,1,1,1,1,1,1,1,2,1,7
SF,IH2009,2020-04-09 09:33:49.900,2654.0000,10234,0,83604840.000,0,-,-,-,-,2652.6000,2652.4000,2652.2000,2652.0000,2651.8000,2653.8000,2654.0000,2654.4000,2654.6000,2654.8000,1,1,1,1,1,2,1,1,2,1
SF,IH2009,2020-04-09 09:33:50.400,2654.0000,10234,0,83604840.000,0,-,-,-,-,2652.6000,2652.4000,2652.2000,2652.0000,2651.8000,2653.8000,2654.0000,2654.4000,2654.6000,2654.8000,1,1,1,1,1,1,1,1,2,1
SF,IH2009,2020-04-09 09:33:54.400,2654.0000,10234,0,83604840.000,0,-,-,-,-,2652.6000,2652.4000,2652.2000,2652.0000,2651.8000,2653.6000,2653.8000,2654.0000,2654.4000,2654.6000,1,1,1,1,1,2,1,1,1,2
SF,IH2009,2020-04-09 09:33:54.900,2654.0000,10234,0,83604840.000,0,-,-,-,-,2652.6000,2652.2000,2652.0000,2651.8000,2651.6000,2653.6000,2653.8000,2654.0000,2654.4000,2654.6000,1,1,1,1,1,2,1,1,1,2
SF,IH2009,2020-04-09 09:33:56.900,2653.6000,10234,0,85197000.000,2,1,1,多换,S,2652.6000,2652.2000,2652.0000,2651.8000,2651.6000,2653.8000,2654.0000,2654.4000,2654.6000,2654.8000,1,1,1,1,1,1,1,1,2,1
SF,IH2009,2020-04-09 09:33:58.400,2653.6000,10234,0,85197000.000,0,-,-,-,-,2652.8000,2652.6000,2652.2000,2652.0000,2651.8000,2653.8000,2654.0000,2654.4000,2654.6000,2654.8000,1,1,1,1,1,1,1,1,2,1
SF,IH2009,2020-04-09 09:33:58.900,2653.6000,10234,0,85197000.000,0,-,-,-,-,2653.0000,2652.6000,2652.2000,2652.0000,2651.8000,2654.0000,2654.4000,2654.6000,2654.8000,2655.0000,1,1,1,1,1,1,1,2,1,7
SF,IH2009,2020-04-09 09:33:59.400,2653.6000,10234,0,85197000.000,0,-,-,-,-,2652.6000,2652.2000,2652.0000,2651.8000,2651.6000,2654.0000,2654.4000,2654.6000,2654.8000,2655.0000,1,1,1,1,1,1,1,2,1,7
SF,IH2009,2020-04-09 09:33:59.900,2653.6000,10234,0,85197000.000,0,-,-,-,-,2652.6000,2652.2000,2652.0000,2651.8000,2651.6000,2653.8000,2654.0000,2654.4000,2654.6000,2654.8000,1,1,1,1,1,1,1,1,2,1
SF,IH2009,2020-04-09 09:34:00.400,2653.6000,10234,0,85197000.000,0,-,-,-,-,2652.8000,2652.6000,2652.2000,2652.0000,2651.8000,2653.8000,2654.0000,2654.4000,2654.6000,2654.8000,1,1,1,1,1,2,1,1,2,1
SF,IH2009,2020-04-09 09:34:00.900,2652.8000,10234,0,85992840.000,1,0,1,多换,S,2652.6000,2652.2000,2652.0000,2651.8000,2651.6000,2652.8000,2653.6000,2653.8000,2654.0000,2654.4000,1,1,1,1,1,1,1,2,1,1
SF,IH2009,2020-04-09 09:34:01.400,2652.6000,10233,-1,86788620.000,1,0,1,双平,S,2652.0000,2651.8000,2651.6000,2651.4000,2651.2000,2653.8000,2654.0000,2654.4000,2654.6000,2654.8000,1,1,1,1,2,2,1,1,2,1
SF,IH2009,2020-04-09 09:34:01.900,2652.6000,10233,0,86788620.000,0,-,-,-,-,2652.2000,2652.0000,2651.8000,2651.6000,2651.4000,2653.6000,2653.8000,2654.0000,2654.4000,2654.6000,1,1,1,1,1,4,1,1,1,2
SF,IH2009,2020-04-09 09:34:02.400,2652.6000,10233,0,86788620.000,0,-,-,-,-,2652.2000,2652.0000,2651.8000,2651.6000,2651.4000,2653.4000,2653.6000,2654.0000,2654.2000,2654.4000,1,1,1,1,1,1,4,1,1,1
SF,IH2009,2020-04-09 09:34:02.900,2652.6000,10233,0,86788620.000,0,-,-,-,-,2652.0000,2651.8000,2651.6000,2651.4000,2651.2000,2653.0000,2653.2000,2653.4000,2653.6000,2654.0000,1,1,1,1,2,1,1,2,2,1
SF,IH2009,2020-04-09 09:34:03.400,2652.6000,10233,0,86788620.000,0,-,-,-,-,2652.0000,2651.8000,2651.6000,2651.4000,2651.2000,2652.8000,2653.0000,2653.4000,2653.6000,2654.0000,1,1,1,1,2,1,1,2,2,1
SF,IH2009,2020-04-09 09:34:03.900,2652.6000,10233,0,86788620.000,0,-,-,-,-,2652.0000,2651.8000,2651.6000,2651.4000,2651.2000,2653.0000,2653.4000,2653.6000,2654.0000,2654.2000,1,1,1,1,2,1,2,2,1,1
SF,IH2009,2020-04-09 09:34:04.400,2652.6000,10233,0,86788620.000,0,-,-,-,-,2652.0000,2651.8000,2651.6000,2651.4000,2651.2000,2653.0000,2653.4000,2653.6000,2654.0000,2654.2000,1,1,1,1,2,1,2,2,1,1
SF,IH2009,2020-04-09 09:34:05.400,2652.6000,10233,0,86788620.000,0,-,-,-,-,2652.0000,2651.8000,2651.6000,2651.4000,2651.2000,2653.4000,2653.6000,2654.0000,2654.2000,2654.4000,1,1,1,1,2,2,2,1,1,1
SF,IH2009,2020-04-09 09:34:05.900,2652.6000,10233,0,86788620.000,0,-,-,-,-,2652.0000,2651.8000,2651.6000,2651.4000,2651.2000,2653.0000,2653.2000,2653.4000,2653.6000,2654.0000,1,1,1,1,2,1,1,2,1,1
SF,IH2009,2020-04-09 09:34:06.400,2652.6000,10233,0,86788620.000,0,-,-,-,-,2652.0000,2651.8000,2651.6000,2651.4000,2651.2000,2652.4000,2652.8000,2653.0000,2653.2000,2653.4000,1,1,1,1,2,1,2,1,1,2
SF,IH2009,2020-04-09 09:34:06.900,2652.6000,10233,0,86788620.000,0,-,-,-,-,2652.0000,2651.8000,2651.6000,2651.4000,2651.2000,2652.8000,2653.0000,2653.2000,2653.4000,2654.0000,1,1,1,1,2,1,1,1,3,1
SF,IH2009,2020-04-09 09:34:07.400,2652.6000,10233,0,86788620.000,0,-,-,-,-,2652.0000,2651.8000,2651.6000,2651.4000,2651.2000,2652.4000,2652.8000,2653.0000,2653.2000,2653.4000,1,1,1,1,2,1,1,1,1,3
SF,IH2009,2020-04-09 09:34:07.900,2652.0000,10232,-1,87584220.000,1,0,1,双平,S,2651.8000,2651.6000,2651.4000,2651.2000,2650.8000,2652.4000,2652.8000,2653.0000,2653.2000,2653.4000,1,1,1,2,2,1,1,1,1,3
SF,IH2009,2020-04-09 09:34:08.400,2652.0000,10232,0,87584220.000,0,-,-,-,-,2651.8000,2651.6000,2651.4000,2651.2000,2650.8000,2652.8000,2653.0000,2653.2000,2653.4000,2654.0000,1,1,1,2,2,1,1,1,3,1
SF,IH2009,2020-04-09 09:34:09.400,2652.0000,10232,0,87584220.000,0,-,-,-,-,2651.8000,2651.6000,2651.4000,2651.2000,2650.8000,2652.8000,2653.0000,2653.2000,2653.4000,2654.0000,1,1,1,2,2,1,1,1,3,1
SF,IH2009,2020-04-09 09:34:10.900,2652.0000,10232,0,87584220.000,0,-,-,-,-,2651.8000,2651.6000,2651.4000,2651.2000,2650.8000,2652.4000,2652.6000,2652.8000,2653.0000,2653.2000,1,1,1,2,2,1,1,1,1,1
SF,IH2009,2020-04-09 09:34:11.400,2652.0000,10232,0,87584220.000,0,-,-,-,-,2651.8000,2651.6000,2651.4000,2651.2000,2650.8000,2652.4000,2652.8000,2653.0000,2653.2000,2653.4000,1,1,1,2,2,1,1,1,1,3
SF,IH2009,2020-04-09 09:34:11.900,2652.0000,10232,0,87584220.000,0,-,-,-,-,2651.8000,2651.6000,2651.4000,2651.2000,2650.8000,2652.4000,2652.8000,2653.0000,2653.2000,2653.4000,1,1,1,2,2,1,1,1,1,3
SF,IH2009,2020-04-09 09:34:12.400,2651.6000,10230,-2,89175240.000,2,0,2,双平,S,2651.6000,2651.4000,2651.2000,2650.8000,2650.2000,2652.4000,2652.8000,2653.0000,2653.2000,2653.4000,1,1,2,2,1,1,1,1,1,3
SF,IH2009,2020-04-09 09:34:12.900,2651.6000,10230,0,89175240.000,0,-,-,-,-,2651.6000,2651.4000,2651.2000,2650.8000,2650.2000,2652.4000,2652.8000,2653.0000,2653.2000,2653.4000,1,1,1,2,1,1,1,1,1,3
SF,IH2009,2020-04-09 09:34:13.400,2651.6000,10230,0,89970720.000,1,0,1,多换,S,2651.4000,2651.2000,2650.8000,2650.2000,2650.0000,2652.2000,2652.4000,2652.8000,2653.0000,2653.2000,1,1,2,1,3,1,1,1,1,1
SF,IH2009,2020-04-09 09:34:13.900,2651.8000,10229,-1,90766260.000,1,0,1,双平,S,2651.4000,2651.2000,2650.8000,2650.2000,2650.0000,2652.4000,2652.8000,2653.0000,2653.2000,2653.4000,1,1,2,1,3,1,1,1,1,3
SF,IH2009,2020-04-09 09:34:14.400,2651.8000,10229,0,90766260.000,0,-,-,-,-,2651.4000,2651.2000,2650.8000,2650.2000,2650.0000,2652.2000,2652.8000,2653.0000,2653.2000,2653.4000,1,1,2,1,3,1,1,1,1,3
SF,IH2009,2020-04-09 09:34:14.900,2651.8000,10229,0,90766260.000,0,-,-,-,-,2651.4000,2651.2000,2650.8000,2650.2000,2650.0000,2652.6000,2653.0000,2653.2000,2653.4000,2654.0000,1,1,2,1,3,1,1,1,3,1
SF,IH2009,2020-04-09 09:34:15.400,2651.8000,10229,0,90766260.000,0,-,-,-,-,2651.4000,2651.2000,2650.8000,2650.2000,2650.0000,2652.8000,2653.2000,2653.4000,2654.0000,2654.2000,1,1,2,1,3,1,1,3,1,1
SF,IH2009,2020-04-09 09:34:15.900,2651.8000,10229,0,90766260.000,0,-,-,-,-,2651.6000,2651.4000,2651.2000,2650.8000,2650.2000,2653.0000,2653.2000,2653.4000,2654.0000,2654.2000,2,1,1,2,1,1,1,3,1,1
SF,IH2009,2020-04-09 09:34:16.400,2651.8000,10229,0,90766260.000,0,-,-,-,-,2651.6000,2651.4000,2651.2000,2650.8000,2650.2000,2653.0000,2653.2000,2653.4000,2654.0000,2654.2000,2,1,1,2,1,1,1,3,1,1
SF,IH2009,2020-04-09 09:34:16.900,2651.8000,10229,0,90766260.000,0,-,-,-,-,2651.6000,2651.4000,2651.2000,2650.8000,2650.2000,2652.8000,2653.0000,2653.2000,2653.4000,2654.2000,2,1,1,2,1,1,2,1,2,1
SF,IH2009,2020-04-09 09:34:17.400,2651.8000,10229,0,90766260.000,0,-,-,-,-,2651.6000,2651.4000,2651.2000,2650.8000,2650.2000,2653.0000,2653.2000,2653.4000,2654.2000,2654.4000,2,1,1,2,1,2,1,2,1,1
SF,IH2009,2020-04-09 09:34:17.900,2651.8000,10229,0,90766260.000,0,-,-,-,-,2651.6000,2651.4000,2651.2000,2650.8000,2650.2000,2652.8000,2653.0000,2653.2000,2653.4000,2654.2000,2,1,1,2,1,1,2,1,1,1
SF,IH2009,2020-04-09 09:34:18.900,2651.8000,10229,0,90766260.000,0,-,-,-,-,2651.6000,2651.4000,2651.2000,2650.8000,2650.2000,2652.4000,2652.8000,2653.0000,2653.2000,2653.4000,1,1,1,2,1,1,1,2,1,1
SF,IH2009,2020-04-09 09:34:19.400,2651.8000,10229,0,90766260.000,0,-,-,-,-,2651.6000,2651.4000,2651.2000,2650.8000,2650.2000,2652.2000,2652.4000,2652.6000,2652.8000,2653.0000,1,1,1,2,1,1,1,1,1,1
SF,IH2009,2020-04-09 09:34:19.900,2651.8000,10229,0,90766260.000,0,-,-,-,-,2651.4000,2651.2000,2650.8000,2650.2000,2650.0000,2652.2000,2652.4000,2652.6000,2652.8000,2653.0000,1,1,2,1,8,1,1,1,1,1
SF,IH2009,2020-04-09 09:34:21.900,2651.8000,10229,0,90766260.000,0,-,-,-,-,2651.4000,2651.2000,2650.8000,2650.2000,2650.0000,2652.2000,2652.6000,2652.8000,2653.0000,2653.2000,1,1,3,1,8,1,1,1,1,1
SF,IH2009,2020-04-09 09:34:22.400,2651.8000,10229,0,90766260.000,0,-,-,-,-,2651.4000,2651.2000,2650.8000,2650.2000,2650.0000,2652.4000,2652.6000,2652.8000,2653.0000,2653.2000,1,1,3,1,8,2,1,1,1,1
SF,IH2009,2020-04-09 09:34:22.900,2651.8000,10229,0,90766260.000,0,-,-,-,-,2651.4000,2651.2000,2650.8000,2650.2000,2650.0000,2652.4000,2652.6000,2652.8000,2653.0000,2653.2000,1,1,3,1,8,1,1,1,1,1
SF,IH2009,2020-04-09 09:34:23.400,2651.8000,10229,0,90766260.000,0,-,-,-,-,2651.4000,2651.2000,2650.8000,2650.2000,2650.0000,2652.4000,2652.6000,2652.8000,2653.0000,2653.2000,1,1,3,1,8,1,1,1,1,1
SF,IH2009,2020-04-09 09:34:23.900,2651.8000,10229,0,90766260.000,0,-,-,-,-,2651.6000,2651.4000,2651.2000,2650.8000,2650.2000,2652.0000,2652.4000,2652.6000,2652.8000,2653.2000,1,1,1,3,1,1,1,1,1,1
SF,IH2009,2020-04-09 09:34:24.400,2652.0000,10228,-1,91561860.000,1,0,1,双平,S,2651.4000,2651.2000,2650.8000,2650.2000,2650.0000,2652.4000,2652.6000,2652.8000,2653.2000,2653.4000,1,1,3,1,8,1,1,1,1,1
SF,IH2009,2020-04-09 09:34:24.900,2652.4000,10227,-1,92357580.000,1,0,1,双平,S,2651.6000,2651.4000,2651.2000,2650.8000,2650.2000,2652.6000,2652.8000,2653.2000,2653.4000,2654.2000,1,1,1,3,1,1,1,1,1,1
SF,IH2009,2020-04-09 09:34:25.400,2652.4000,10227,0,92357580.000,0,-,-,-,-,2651.4000,2651.2000,2650.8000,2650.2000,2650.0000,2652.6000,2652.8000,2653.2000,2653.4000,2654.2000,1,1,3,1,8,1,1,1,1,1
SF,IH2009,2020-04-09 09:34:25.900,2652.4000,10227,0,92357580.000,0,-,-,-,-,2651.6000,2651.4000,2651.2000,2650.8000,2650.2000,2652.6000,2652.8000,2653.2000,2653.4000,2654.2000,1,1,1,3,1,1,1,1,1,1
SF,IH2009,2020-04-09 09:34:26.400,2652.4000,10227,0,92357580.000,0,-,-,-,-,2651.4000,2651.2000,2650.8000,2650.2000,2650.0000,2652.6000,2652.8000,2653.2000,2653.4000,2654.2000,1,1,3,1,8,1,1,1,1,1
SF,IH2009,2020-04-09 09:34:26.900,2652.4000,10227,0,92357580.000,0,-,-,-,-,2651.6000,2651.4000,2651.2000,2650.8000,2650.2000,2652.6000,2652.8000,2653.2000,2653.4000,2654.2000,1,1,1,3,1,1,1,1,1,1
SF,IH2009,2020-04-09 09:34:27.400,2652.4000,10227,0,92357580.000,0,-,-,-,-,2651.4000,2651.2000,2650.8000,2650.2000,2650.0000,2652.6000,2652.8000,2653.2000,2653.4000,2654.2000,1,1,3,1,8,1,1,1,1,1
SF,IH2009,2020-04-09 09:34:27.900,2651.6000,10227,0,93153060.000,1,0,1,多换,S,2651.4000,2651.2000,2650.8000,2650.2000,2650.0000,2652.6000,2652.8000,2653.2000,2653.4000,2654.2000,1,1,3,1,8,1,1,1,1,1
SF,IH2009,2020-04-09 09:34:28.400,2651.6000,10227,0,93153060.000,0,-,-,-,-,2652.0000,2651.4000,2651.2000,2650.8000,2650.2000,2652.4000,2652.6000,2652.8000,2653.2000,2653.4000,1,1,1,3,1,1,2,1,1,1
SF,IH2009,2020-04-09 09:34:28.900,2651.6000,10227,0,93153060.000,0,-,-,-,-,2652.0000,2651.4000,2651.2000,2650.8000,2650.2000,2652.6000,2652.8000,2653.2000,2653.4000,2654.2000,1,1,1,3,1,2,1,1,1,1
SF,IH2009,2020-04-09 09:34:30.900,2651.6000,10227,0,93153060.000,0,-,-,-,-,2652.0000,2651.4000,2651.2000,2650.8000,2650.2000,2652.6000,2652.8000,2653.2000,2653.4000,2654.2000,1,1,1,3,1,2,1,1,1,1
SF,IH2009,2020-04-09 09:34:32.400,2652.0000,10227,0,93948660.000,1,0,1,多换,S,2651.4000,2651.2000,2650.8000,2650.2000,2650.0000,2652.0000,2652.6000,2652.8000,2653.2000,2653.4000,1,1,3,1,8,1,2,1,1,1
SF,IH2009,2020-04-09 09:34:33.400,2652.0000,10226,-1,94744260.000,1,0,1,双平,S,2652.0000,2651.4000,2651.2000,2650.8000,2650.2000,2652.6000,2652.8000,2653.2000,2653.4000,2654.2000,1,1,1,3,1,2,1,1,1,1
SF,IH2009,2020-04-09 09:34:35.400,2652.0000,10226,0,94744260.000,0,-,-,-,-,2651.4000,2651.2000,2650.8000,2650.2000,2650.0000,2652.6000,2652.8000,2653.2000,2653.4000,2654.2000,1,1,3,1,8,2,1,1,1,1
SF,IH2009,2020-04-09 09:34:35.900,2652.0000,10226,0,94744260.000,0,-,-,-,-,2651.4000,2651.2000,2650.8000,2650.2000,2650.0000,2652.4000,2652.6000,2652.8000,2653.2000,2653.4000,1,1,3,1,8,2,2,1,1,1
SF,IH2009,2020-04-09 09:34:36.400,2652.0000,10226,0,94744260.000,0,-,-,-,-,2651.4000,2651.2000,2650.8000,2650.2000,2650.0000,2652.4000,2652.6000,2652.8000,2653.2000,2653.4000,1,1,3,1,8,1,2,1,1,1
SF,IH2009,2020-04-09 09:34:36.900,2652.0000,10226,0,94744260.000,0,-,-,-,-,2651.4000,2651.2000,2650.8000,2650.2000,2650.0000,2652.2000,2652.6000,2652.8000,2653.2000,2653.4000,1,1,3,1,8,1,2,1,1,1
SF,IH2009,2020-04-09 09:34:37.400,2652.0000,10226,0,94744260.000,0,-,-,-,-,2651.4000,2651.2000,2650.8000,2650.2000,2650.0000,2652.6000,2652.8000,2653.2000,2653.4000,2654.2000,1,1,3,1,8,2,1,1,1,1
SF,IH2009,2020-04-09 09:34:37.900,2652.0000,10226,0,94744260.000,0,-,-,-,-,2651.4000,2651.2000,2650.8000,2650.2000,2650.0000,2652.4000,2652.6000,2652.8000,2653.2000,2653.4000,1,1,3,1,8,1,2,1,1,1
SF,IH2009,2020-04-09 09:34:38.400,2652.0000,10226,0,94744260.000,0,-,-,-,-,2651.4000,2651.2000,2650.8000,2650.2000,2650.0000,2652.2000,2652.6000,2652.8000,2653.2000,2653.4000,1,1,3,1,8,1,2,1,1,1
SF,IH2009,2020-04-09 09:34:38.900,2652.0000,10226,0,94744260.000,0,-,-,-,-,2651.4000,2651.2000,2650.8000,2650.2000,2650.0000,2652.6000,2652.8000,2653.2000,2653.4000,2654.2000,1,1,3,1,8,2,1,1,1,1
SF,IH2009,2020-04-09 09:34:39.400,2652.0000,10226,0,94744260.000,0,-,-,-,-,2651.4000,2651.2000,2650.8000,2650.2000,2650.0000,2652.4000,2652.6000,2652.8000,2653.2000,2653.4000,1,1,3,1,8,1,2,1,1,1
SF,IH2009,2020-04-09 09:34:39.900,2652.0000,10226,0,94744260.000,0,-,-,-,-,2651.4000,2651.2000,2650.8000,2650.2000,2650.0000,2652.6000,2652.8000,2653.2000,2653.4000,2654.2000,1,1,3,1,8,2,1,1,1,1
SF,IH2009,2020-04-09 09:34:40.400,2652.0000,10226,0,94744260.000,0,-,-,-,-,2651.4000,2651.2000,2650.8000,2650.2000,2650.0000,2652.4000,2652.6000,2652.8000,2653.2000,2653.4000,1,1,3,1,8,2,2,1,1,1
SF,IH2009,2020-04-09 09:34:40.900,2652.0000,10226,0,94744260.000,0,-,-,-,-,2651.4000,2651.2000,2650.8000,2650.2000,2650.0000,2652.4000,2652.6000,2652.8000,2653.2000,2653.4000,1,1,3,1,8,1,2,1,1,1
SF,IH2009,2020-04-09 09:34:41.400,2652.0000,10226,0,94744260.000,0,-,-,-,-,2651.4000,2651.2000,2650.8000,2650.2000,2650.0000,2652.2000,2652.6000,2652.8000,2653.2000,2653.4000,1,1,3,1,8,1,2,1,1,1
SF,IH2009,2020-04-09 09:34:41.900,2652.0000,10226,0,94744260.000,0,-,-,-,-,2651.4000,2651.2000,2650.8000,2650.2000,2650.0000,2652.0000,2652.4000,2652.6000,2652.8000,2653.2000,1,1,3,1,8,1,1,2,1,1
SF,IH2009,2020-04-09 09:34:42.400,2652.0000,10226,0,94744260.000,0,-,-,-,-,2651.4000,2651.2000,2650.8000,2650.2000,2650.0000,2652.4000,2652.6000,2652.8000,2653.2000,2653.4000,1,1,3,1,8,1,2,1,1,1
SF,IH2009,2020-04-09 09:34:42.900,2652.0000,10226,0,94744260.000,0,-,-,-,-,2651.4000,2651.2000,2650.8000,2650.2000,2650.0000,2652.6000,2652.8000,2653.2000,2653.4000,2653.8000,1,1,3,1,8,2,1,1,1,1
SF,IH2009,2020-04-09 09:34:43.400,2652.0000,10226,0,94744260.000,0,-,-,-,-,2651.4000,2651.2000,2650.8000,2650.2000,2650.0000,2652.4000,2652.6000,2653.2000,2653.4000,2653.8000,1,1,3,1,8,3,2,1,1,1
SF,IH2009,2020-04-09 09:34:43.900,2652.0000,10226,0,94744260.000,0,-,-,-,-,2651.4000,2651.2000,2650.8000,2650.2000,2650.0000,2652.4000,2652.6000,2653.2000,2653.4000,2653.8000,1,1,3,1,8,2,2,1,1,1
SF,IH2009,2020-04-09 09:34:44.400,2652.0000,10226,0,94744260.000,0,-,-,-,-,2651.4000,2651.2000,2650.8000,2650.2000,2650.0000,2652.4000,2652.6000,2653.2000,2653.4000,2653.8000,1,1,3,1,8,3,2,1,1,1
SF,IH2009,2020-04-09 09:34:47.900,2652.0000,10226,0,94744260.000,0,-,-,-,-,2651.4000,2651.2000,2650.8000,2650.2000,2650.0000,2652.4000,2652.6000,2653.2000,2653.4000,2653.8000,1,1,3,1,9,3,2,1,1,1
SF,IH2009,2020-04-09 09:34:48.400,2652.0000,10226,0,94744260.000,0,-,-,-,-,2651.4000,2651.2000,2650.8000,2650.2000,2650.0000,2652.4000,2652.6000,2653.2000,2653.4000,2653.8000,1,1,3,1,9,3,2,1,1,1
SF,IH2009,2020-04-09 09:34:48.900,2651.4000,10225,-1,95539680.000,1,0,1,双平,S,2651.2000,2650.8000,2650.2000,2650.0000,2649.4000,2652.4000,2652.6000,2653.2000,2653.4000,2653.8000,1,3,1,9,1,3,2,1,1,1
SF,IH2009,2020-04-09 09:34:49.400,2652.4000,10225,0,96335400.000,1,0,1,多换,S,2651.2000,2650.8000,2650.2000,2650.0000,2649.4000,2652.4000,2652.6000,2653.2000,2653.4000,2653.8000,1,3,1,9,1,2,2,1,1,1
SF,IH2009,2020-04-09 09:34:50.900,2652.4000,10225,0,96335400.000,0,-,-,-,-,2651.2000,2650.8000,2650.2000,2650.0000,2649.4000,2652.2000,2652.4000,2652.6000,2653.2000,2653.4000,1,3,1,9,1,1,2,2,1,1
SF,IH2009,2020-04-09 09:34:51.400,2652.4000,10225,0,96335400.000,0,-,-,-,-,2651.2000,2650.8000,2650.2000,2650.0000,2649.4000,2652.2000,2652.4000,2652.6000,2653.2000,2653.4000,1,3,1,9,1,1,1,2,1,1
SF,IH2009,2020-04-09 09:34:51.900,2652.4000,10225,0,96335400.000,0,-,-,-,-,2651.2000,2650.8000,2650.2000,2650.0000,2649.4000,2652.0000,2652.4000,2652.6000,2653.2000,2653.4000,1,3,1,9,1,1,1,2,1,1
SF,IH2009,2020-04-09 09:34:52.400,2652.4000,10225,0,96335400.000,0,-,-,-,-,2651.2000,2650.8000,2650.2000,2650.0000,2649.4000,2652.4000,2652.6000,2653.2000,2653.4000,2653.8000,1,3,1,9,1,1,2,1,1,1
SF,IH2009,2020-04-09 09:34:52.900,2652.4000,10225,0,96335400.000,0,-,-,-,-,2651.2000,2650.8000,2650.2000,2650.0000,2649.4000,2652.2000,2652.4000,2652.6000,2653.2000,2653.4000,1,3,1,9,1,1,1,2,1,1
SF,IH2009,2020-04-09 09:34:53.400,2652.4000,10225,0,96335400.000,0,-,-,-,-,2651.2000,2650.8000,2650.2000,2650.0000,2649.4000,2652.0000,2652.4000,2652.6000,2653.2000,2653.4000,1,3,1,9,1,1,1,2,1,1
SF,IH2009,2020-04-09 09:34:53.900,2652.4000,10225,0,96335400.000,0,-,-,-,-,2651.2000,2650.8000,2650.2000,2650.0000,2649.4000,2652.4000,2652.6000,2653.2000,2653.4000,2653.8000,1,3,1,9,1,1,2,1,1,1
SF,IH2009,2020-04-09 09:34:54.400,2652.4000,10225,0,96335400.000,0,-,-,-,-,2651.2000,2650.8000,2650.2000,2650.0000,2649.4000,2652.2000,2652.4000,2652.6000,2653.2000,2653.4000,1,3,1,9,1,1,1,2,1,1
SF,IH2009,2020-04-09 09:34:54.900,2652.4000,10225,0,96335400.000,0,-,-,-,-,2651.2000,2650.8000,2650.2000,2650.0000,2649.4000,2652.0000,2652.4000,2652.6000,2653.2000,2653.4000,1,3,1,9,1,1,1,2,1,1
SF,IH2009,2020-04-09 09:34:55.400,2652.4000,10225,0,96335400.000,0,-,-,-,-,2651.2000,2650.8000,2650.2000,2650.0000,2649.4000,2652.4000,2652.6000,2653.2000,2653.4000,2653.8000,1,3,1,9,1,1,2,1,1,1
SF,IH2009,2020-04-09 09:34:55.900,2652.4000,10225,0,96335400.000,0,-,-,-,-,2651.2000,2650.8000,2650.2000,2650.0000,2649.4000,2652.2000,2652.4000,2652.6000,2653.2000,2653.4000,1,2,1,9,1,3,1,2,1,1
SF,IH2009,2020-04-09 09:34:56.400,2652.4000,10225,0,96335400.000,0,-,-,-,-,2651.2000,2650.8000,2650.2000,2650.0000,2649.4000,2652.2000,2652.4000,2652.6000,2653.2000,2653.4000,1,2,1,9,1,2,1,2,1,1
SF,IH2009,2020-04-09 09:34:58.400,2652.2000,10226,1,97131060.000,1,1,0,双开,S,2651.2000,2650.8000,2650.2000,2650.0000,2649.4000,2652.2000,2652.4000,2652.6000,2653.2000,2653.4000,1,2,1,9,1,1,1,2,1,1
SF,IH2009,2020-04-09 09:34:59.900,2652.2000,10226,0,97131060.000,0,-,-,-,-,2651.2000,2650.8000,2650.2000,2650.0000,2649.4000,2652.2000,2652.4000,2652.6000,2653.2000,2653.4000,1,2,1,4,1,1,1,2,1,1
SF,IH2009,2020-04-09 09:35:00.400,2652.2000,10226,0,97131060.000,0,-,-,-,-,2651.2000,2650.8000,2650.2000,2650.0000,2649.4000,2652.2000,2652.4000,2652.6000,2653.2000,2653.4000,1,2,1,4,1,1,1,2,1,1
SF,IH2009,2020-04-09 09:35:01.400,2652.2000,10226,0,97131060.000,0,-,-,-,-,2651.4000,2651.2000,2650.8000,2650.2000,2650.0000,2652.2000,2652.4000,2652.6000,2653.2000,2653.4000,1,1,2,1,4,1,1,2,1,1
SF,IH2009,2020-04-09 09:35:01.900,2652.2000,10226,0,97926720.000,1,0,1,多换,S,2652.4000,2651.6000,2651.2000,2650.8000,2650.2000,2652.6000,2653.2000,2653.4000,2653.8000,2654.2000,2,2,1,2,1,2,1,1,1,1
SF,IH2009,2020-04-09 09:35:02.400,2652.2000,10222,-4,101109480.000,4,0,4,双平,S,2651.2000,2650.8000,2650.2000,2650.0000,2649.2000,2652.2000,2652.4000,2652.6000,2653.2000,2653.4000,1,2,1,3,1,7,3,2,1,1
SF,IH2009,2020-04-09 09:35:02.900,2652.2000,10222,0,101109480.000,0,-,-,-,-,2651.2000,2650.8000,2650.2000,2650.0000,2649.8000,2652.4000,2652.6000,2653.2000,2653.4000,2653.8000,2,2,1,3,1,3,2,1,2,1
SF,IH2009,2020-04-09 09:35:03.400,2652.2000,10222,0,101109480.000,0,-,-,-,-,2651.4000,2651.2000,2650.8000,2650.2000,2650.0000,2652.4000,2652.6000,2653.2000,2653.4000,2653.8000,1,2,2,1,3,3,2,1,2,1
SF,IH2009,2020-04-09 09:35:03.900,2652.2000,10222,0,101109480.000,0,-,-,-,-,2651.6000,2651.2000,2650.8000,2650.2000,2650.0000,2652.4000,2652.6000,2653.2000,2653.4000,2653.8000,2,2,2,1,3,2,2,1,2,1
SF,IH2009,2020-04-09 09:35:04.400,2652.2000,10222,0,101109480.000,0,-,-,-,-,2651.8000,2651.2000,2650.8000,2650.2000,2650.0000,2652.4000,2652.6000,2653.2000,2653.4000,2653.8000,1,1,2,1,3,2,2,1,2,1
SF,IH2009,2020-04-09 09:35:05.400,2652.2000,10222,0,101109480.000,0,-,-,-,-,2652.2000,2651.2000,2650.8000,2650.2000,2650.0000,2652.4000,2652.6000,2653.2000,2653.4000,2653.8000,1,1,2,1,3,3,2,1,2,1
SF,IH2009,2020-04-09 09:35:05.900,2652.2000,10222,0,101905140.000,1,0,1,多换,S,2651.2000,2650.8000,2650.2000,2650.0000,2649.2000,2652.4000,2652.6000,2653.2000,2653.4000,2653.8000,1,2,1,3,1,2,2,1,2,1
SF,IH2009,2020-04-09 09:35:06.400,2652.2000,10222,0,101905140.000,0,-,-,-,-,2651.4000,2651.2000,2650.8000,2650.2000,2650.0000,2652.4000,2652.6000,2653.2000,2653.4000,2653.8000,3,1,2,1,4,2,2,1,2,1
SF,IH2009,2020-04-09 09:35:06.900,2652.2000,10222,0,101905140.000,0,-,-,-,-,2651.6000,2651.4000,2651.2000,2650.8000,2650.2000,2652.6000,2653.2000,2653.4000,2653.8000,2654.2000,1,2,1,2,1,2,1,2,1,1
SF,IH2009,2020-04-09 09:35:07.400,2652.2000,10222,0,101905140.000,0,-,-,-,-,2651.8000,2651.4000,2651.2000,2650.8000,2650.2000,2652.6000,2653.2000,2653.4000,2653.8000,2654.2000,1,1,1,2,1,2,1,2,1,1
SF,IH2009,2020-04-09 09:35:08.900,2652.2000,10222,0,101905140.000,0,-,-,-,-,2651.8000,2651.4000,2651.2000,2650.8000,2650.2000,2652.4000,2652.6000,2653.2000,2653.4000,2653.8000,1,1,1,2,1,1,2,1,2,1
SF,IH2009,2020-04-09 09:35:09.400,2652.6000,10220,-2,103496700.000,2,0,2,双平,S,2652.0000,2651.4000,2651.2000,2650.8000,2650.2000,2653.2000,2653.4000,2653.8000,2654.2000,2654.4000,1,1,1,2,1,1,2,1,1,2
SF,IH2009,2020-04-09 09:35:09.900,2652.6000,10220,0,103496700.000,0,-,-,-,-,2652.2000,2651.4000,2651.2000,2650.8000,2650.2000,2653.0000,2653.4000,2653.8000,2654.2000,2654.4000,1,1,1,2,1,1,2,1,1,2
SF,IH2009,2020-04-09 09:35:10.400,2652.6000,10220,0,103496700.000,0,-,-,-,-,2652.4000,2651.4000,2651.2000,2650.8000,2650.2000,2653.4000,2653.8000,2654.2000,2654.4000,2654.6000,1,1,1,2,1,2,1,1,2,2
SF,IH2009,2020-04-09 09:35:10.900,2652.6000,10220,0,103496700.000,0,-,-,-,-,2652.4000,2651.4000,2651.2000,2650.8000,2650.2000,2653.4000,2653.8000,2654.2000,2654.4000,2654.6000,1,1,1,2,1,2,1,1,2,2
SF,IH2009,2020-04-09 09:35:12.400,2652.4000,10219,-1,104292420.000,1,0,1,双平,S,2651.4000,2651.2000,2650.8000,2650.2000,2650.0000,2653.4000,2653.8000,2654.2000,2654.4000,2654.6000,1,1,2,1,3,2,1,1,2,2
SF,IH2009,2020-04-09 09:35:12.900,2652.4000,10219,0,104292420.000,0,-,-,-,-,2651.6000,2651.4000,2651.2000,2650.8000,2650.2000,2653.2000,2653.4000,2653.8000,2654.2000,2654.4000,2,1,1,2,1,2,2,1,1,2
SF,IH2009,2020-04-09 09:35:13.900,2652.4000,10219,0,104292420.000,0,-,-,-,-,2651.6000,2651.4000,2651.2000,2650.8000,2650.2000,2653.0000,2653.2000,2653.4000,2653.8000,2654.2000,2,1,1,2,1,1,2,2,1,1
SF,IH2009,2020-04-09 09:35:14.400,2652.4000,10219,0,104292420.000,0,-,-,-,-,2651.6000,2651.4000,2651.2000,2650.8000,2650.2000,2653.0000,2653.2000,2653.4000,2653.8000,2654.2000,2,1,1,2,1,1,1,2,1,1
SF,IH2009,2020-04-09 09:35:14.900,2652.4000,10219,0,104292420.000,0,-,-,-,-,2651.6000,2651.4000,2651.2000,2650.8000,2650.2000,2653.0000,2653.2000,2653.4000,2653.8000,2654.2000,2,1,1,2,1,1,1,2,1,1
SF,IH2009,2020-04-09 09:35:15.400,2652.4000,10219,0,104292420.000,0,-,-,-,-,2651.8000,2651.6000,2651.2000,2650.8000,2650.2000,2653.0000,2653.2000,2653.4000,2653.8000,2654.2000,1,2,1,2,1,1,1,2,1,1
SF,IH2009,2020-04-09 09:35:15.900,2652.4000,10219,0,104292420.000,0,-,-,-,-,2651.8000,2651.6000,2651.2000,2650.8000,2650.2000,2653.0000,2653.2000,2653.4000,2653.8000,2654.2000,1,1,1,2,1,1,1,2,1,1
SF,IH2009,2020-04-09 09:35:16.400,2652.4000,10219,0,104292420.000,0,-,-,-,-,2652.0000,2651.8000,2651.6000,2651.2000,2650.8000,2653.2000,2653.4000,2653.8000,2654.2000,2654.4000,1,1,1,1,2,1,2,1,1,2
SF,IH2009,2020-04-09 09:35:16.900,2652.4000,10219,0,104292420.000,0,-,-,-,-,2651.8000,2651.6000,2651.2000,2650.8000,2650.2000,2653.2000,2653.4000,2653.8000,2654.2000,2654.4000,1,1,1,2,1,1,2,1,1,2
SF,IH2009,2020-04-09 09:35:17.900,2652.4000,10219,0,104292420.000,0,-,-,-,-,2651.8000,2651.6000,2651.2000,2650.8000,2650.2000,2653.0000,2653.2000,2653.4000,2653.8000,2654.2000,1,1,1,2,1,3,1,2,1,1
SF,IH2009,2020-04-09 09:35:20.400,2653.2000,10217,-2,105884280.000,2,0,2,双平,S,2653.0000,2652.0000,2651.8000,2651.6000,2651.2000,2653.4000,2653.8000,2654.2000,2654.4000,2654.6000,1,1,1,1,1,2,1,1,2,2
SF,IH2009,2020-04-09 09:35:20.900,2653.4000,10214,-3,108272340.000,3,0,3,双平,S,2653.4000,2653.0000,2651.8000,2651.6000,2651.2000,2653.8000,2654.2000,2654.4000,2654.6000,2654.8000,1,1,1,1,1,1,1,2,2,1
SF,IH2009,2020-04-09 09:35:21.400,2653.8000,10212,-2,109864500.000,2,0,2,双平,S,2653.6000,2653.0000,2652.2000,2651.8000,2651.6000,2654.2000,2654.4000,2654.6000,2654.8000,2655.0000,1,1,1,1,1,1,2,2,1,7
SF,IH2009,2020-04-09 09:35:21.900,2653.6000,10211,-1,110660580.000,1,0,1,双平,S,2653.0000,2652.2000,2651.8000,2651.6000,2651.2000,2653.6000,2654.2000,2654.4000,2654.6000,2654.8000,1,1,1,1,1,1,1,2,2,1
SF,IH2009,2020-04-09 09:35:22.400,2653.6000,10211,0,110660580.000,0,-,-,-,-,2653.0000,2652.2000,2651.8000,2651.6000,2651.2000,2653.6000,2654.2000,2654.4000,2654.6000,2654.8000,1,1,1,1,1,1,1,2,2,1
SF,IH2009,2020-04-09 09:35:22.900,2653.0000,10210,-1,111456480.000,1,0,1,双平,S,2652.2000,2651.8000,2651.6000,2651.4000,2651.2000,2653.6000,2654.2000,2654.4000,2654.6000,2654.8000,1,1,1,1,1,1,1,2,2,1
SF,IH2009,2020-04-09 09:35:23.400,2653.0000,10210,0,111456480.000,0,-,-,-,-,2652.4000,2652.2000,2651.8000,2651.6000,2651.4000,2653.6000,2654.2000,2654.4000,2654.6000,2654.8000,1,1,1,1,1,1,1,2,2,1
SF,IH2009,2020-04-09 09:35:23.900,2653.0000,10210,0,111456480.000,0,-,-,-,-,2652.2000,2651.8000,2651.6000,2651.4000,2651.2000,2653.6000,2654.2000,2654.4000,2654.6000,2654.8000,1,1,1,1,1,1,1,2,2,1
SF,IH2009,2020-04-09 09:35:24.400,2653.0000,10210,0,111456480.000,0,-,-,-,-,2652.4000,2652.2000,2651.6000,2651.4000,2651.2000,2653.0000,2653.6000,2654.2000,2654.4000,2654.6000,2,1,1,1,1,1,1,1,2,2
SF,IH2009,2020-04-09 09:35:24.900,2653.0000,10209,-1,112252380.000,1,0,1,双平,S,2652.4000,2652.2000,2651.6000,2651.4000,2651.2000,2653.6000,2654.2000,2654.4000,2654.6000,2654.8000,2,1,1,1,1,1,1,2,2,1
SF,IH2009,2020-04-09 09:35:25.400,2653.0000,10209,0,112252380.000,0,-,-,-,-,2652.4000,2652.2000,2651.6000,2651.4000,2651.2000,2653.6000,2654.2000,2654.4000,2654.6000,2654.8000,2,1,1,1,1,1,1,2,2,1
SF,IH2009,2020-04-09 09:35:25.900,2653.0000,10209,0,112252380.000,0,-,-,-,-,2652.4000,2652.2000,2651.6000,2651.4000,2651.2000,2653.6000,2654.2000,2654.4000,2654.6000,2654.8000,2,1,1,1,1,1,1,2,2,1
SF,IH2009,2020-04-09 09:35:27.400,2653.0000,10209,0,112252380.000,0,-,-,-,-,2652.4000,2652.2000,2651.6000,2651.4000,2651.2000,2653.6000,2654.2000,2654.4000,2654.6000,2654.8000,1,1,1,1,1,1,1,2,2,1
SF,IH2009,2020-04-09 09:35:27.900,2653.0000,10209,0,112252380.000,0,-,-,-,-,2652.4000,2652.2000,2651.6000,2651.4000,2651.2000,2653.6000,2654.2000,2654.4000,2654.6000,2654.8000,1,2,1,1,1,1,1,2,2,1
SF,IH2009,2020-04-09 09:35:31.400,2652.4000,10208,-1,113048100.000,1,0,1,双平,S,2652.2000,2651.6000,2651.4000,2651.2000,2650.8000,2653.6000,2654.2000,2654.4000,2654.6000,2654.8000,1,1,1,1,1,1,1,2,2,1
SF,IH2009,2020-04-09 09:35:31.900,2652.4000,10208,0,113048100.000,0,-,-,-,-,2652.2000,2651.6000,2651.4000,2651.2000,2650.8000,2653.4000,2653.6000,2654.2000,2654.4000,2654.6000,1,1,1,1,1,1,1,1,2,2
SF,IH2009,2020-04-09 09:35:32.400,2652.4000,10208,0,113048100.000,0,-,-,-,-,2652.2000,2651.6000,2651.4000,2651.2000,2650.8000,2653.4000,2653.6000,2654.2000,2654.4000,2654.6000,1,1,1,1,1,1,2,1,2,2
SF,IH2009,2020-04-09 09:35:32.900,2652.4000,10208,0,113048100.000,0,-,-,-,-,2652.2000,2651.6000,2651.4000,2650.8000,2650.4000,2653.4000,2653.6000,2654.2000,2654.4000,2654.6000,1,1,1,1,1,1,1,1,2,2
SF,IH2009,2020-04-09 09:35:36.900,2652.4000,10208,0,113048100.000,0,-,-,-,-,2652.2000,2652.0000,2651.6000,2651.4000,2650.8000,2653.4000,2653.6000,2654.2000,2654.4000,2654.6000,1,1,1,1,1,1,1,1,2,2
SF,IH2009,2020-04-09 09:35:37.400,2652.4000,10208,0,113048100.000,0,-,-,-,-,2652.2000,2652.0000,2651.6000,2651.4000,2650.8000,2653.6000,2654.2000,2654.4000,2654.6000,2654.8000,1,1,1,1,1,1,1,2,2,1
SF,IH2009,2020-04-09 09:35:41.400,2652.4000,10208,0,113048100.000,0,-,-,-,-,2652.4000,2652.2000,2652.0000,2651.6000,2651.4000,2653.6000,2654.2000,2654.4000,2654.6000,2654.8000,1,1,1,1,1,1,1,2,2,1
SF,IH2009,2020-04-09 09:35:41.900,2652.4000,10208,0,113048100.000,0,-,-,-,-,2652.2000,2652.0000,2651.6000,2651.4000,2650.8000,2653.6000,2654.2000,2654.4000,2654.6000,2654.8000,1,1,1,1,1,1,1,2,2,1
SF,IH2009,2020-04-09 09:35:42.400,2652.4000,10208,0,113048100.000,0,-,-,-,-,2652.2000,2652.0000,2651.6000,2651.4000,2650.8000,2653.6000,2654.2000,2654.4000,2654.6000,2654.8000,1,1,1,1,1,1,1,2,2,1
SF,IH2009,2020-04-09 09:35:42.900,2652.4000,10208,0,113048100.000,0,-,-,-,-,2652.4000,2652.2000,2652.0000,2651.6000,2651.4000,2653.6000,2654.2000,2654.4000,2654.6000,2654.8000,2,1,1,1,1,1,1,2,2,1
SF,IH2009,2020-04-09 09:35:43.400,2652.4000,10208,0,113048100.000,0,-,-,-,-,2652.4000,2652.2000,2652.0000,2651.6000,2651.4000,2653.6000,2654.2000,2654.4000,2654.6000,2654.8000,2,1,1,1,1,1,1,2,2,1
SF,IH2009,2020-04-09 09:35:44.400,2652.4000,10208,0,113048100.000,0,-,-,-,-,2652.4000,2652.2000,2652.0000,2651.6000,2651.4000,2653.6000,2654.2000,2654.4000,2654.6000,2654.8000,2,1,1,1,1,1,1,2,2,1
SF,IH2009,2020-04-09 09:35:46.900,2652.4000,10207,-1,113843820.000,1,0,1,双平,S,2652.4000,2652.2000,2652.0000,2651.6000,2651.4000,2653.6000,2654.2000,2654.4000,2654.6000,2654.8000,1,1,1,1,1,1,1,2,2,1
SF,IH2009,2020-04-09 09:35:47.400,2652.4000,10207,0,114639540.000,1,0,1,多换,S,2652.2000,2652.0000,2651.6000,2651.4000,2650.8000,2653.4000,2653.6000,2654.2000,2654.4000,2654.6000,1,1,1,1,1,2,1,1,2,2
SF,IH2009,2020-04-09 09:35:47.900,2653.4000,10207,0,115435560.000,1,0,1,多换,S,2652.2000,2652.0000,2651.6000,2651.4000,2650.8000,2653.4000,2653.6000,2654.2000,2654.4000,2654.6000,1,1,1,1,1,1,1,1,2,2
SF,IH2009,2020-04-09 09:35:48.900,2653.4000,10207,0,115435560.000,0,-,-,-,-,2652.4000,2652.2000,2652.0000,2651.6000,2651.4000,2653.4000,2653.6000,2654.2000,2654.4000,2654.6000,1,1,1,1,1,1,1,1,2,2
SF,IH2009,2020-04-09 09:35:49.400,2653.4000,10207,0,115435560.000,0,-,-,-,-,2652.6000,2652.2000,2652.0000,2651.6000,2651.4000,2653.4000,2653.6000,2654.2000,2654.4000,2654.6000,1,1,1,1,1,1,1,1,2,2
SF,IH2009,2020-04-09 09:35:49.900,2653.4000,10207,0,115435560.000,0,-,-,-,-,2652.2000,2652.0000,2651.6000,2651.4000,2650.8000,2653.4000,2653.6000,2654.2000,2654.4000,2654.6000,1,1,1,1,1,1,1,1,2,2
SF,IH2009,2020-04-09 09:35:50.400,2653.4000,10207,0,115435560.000,0,-,-,-,-,2652.4000,2652.2000,2652.0000,2651.6000,2651.4000,2653.4000,2653.6000,2654.2000,2654.4000,2654.6000,1,1,1,1,1,1,1,1,2,2
SF,IH2009,2020-04-09 09:35:50.900,2653.4000,10207,0,115435560.000,0,-,-,-,-,2652.2000,2652.0000,2651.6000,2651.4000,2650.8000,2653.4000,2653.6000,2654.2000,2654.4000,2654.6000,1,1,1,1,1,1,1,1,1,2
SF,IH2009,2020-04-09 09:35:51.400,2653.4000,10207,0,115435560.000,0,-,-,-,-,2652.4000,2652.2000,2652.0000,2651.6000,2651.4000,2653.4000,2653.6000,2654.2000,2654.4000,2654.6000,1,1,1,1,1,1,1,1,1,2
SF,IH2009,2020-04-09 09:35:51.900,2653.4000,10207,0,115435560.000,0,-,-,-,-,2652.2000,2652.0000,2651.6000,2651.4000,2650.8000,2653.4000,2653.6000,2654.2000,2654.4000,2654.6000,1,1,1,1,1,1,1,1,1,2
SF,IH2009,2020-04-09 09:35:52.400,2652.4000,10207,0,116231280.000,1,0,1,多换,S,2652.2000,2652.0000,2651.6000,2651.4000,2650.8000,2653.4000,2653.6000,2654.2000,2654.4000,2654.6000,1,1,1,1,1,1,1,1,1,2
SF,IH2009,2020-04-09 09:35:53.400,2652.4000,10207,0,116231280.000,0,-,-,-,-,2652.2000,2652.0000,2651.6000,2651.4000,2650.8000,2653.2000,2653.4000,2653.6000,2654.2000,2654.4000,1,1,1,1,1,1,1,1,1,1
SF,IH2009,2020-04-09 09:35:53.900,2652.4000,10207,0,116231280.000,0,-,-,-,-,2652.2000,2652.0000,2651.6000,2651.4000,2650.8000,2653.4000,2653.6000,2654.2000,2654.4000,2654.6000,1,1,1,1,1,1,1,1,1,2
SF,IH2009,2020-04-09 09:35:54.400,2652.4000,10207,0,116231280.000,0,-,-,-,-,2652.2000,2652.0000,2651.6000,2651.4000,2650.8000,2653.2000,2653.4000,2653.6000,2654.2000,2654.4000,1,1,1,1,1,1,1,1,1,1
SF,IH2009,2020-04-09 09:35:54.900,2652.4000,10207,0,116231280.000,0,-,-,-,-,2652.2000,2652.0000,2651.6000,2651.4000,2650.8000,2653.4000,2653.6000,2654.2000,2654.4000,2654.6000,1,1,1,1,1,1,1,1,1,2
SF,IH2009,2020-04-09 09:35:56.900,2652.4000,10207,0,116231280.000,0,-,-,-,-,2652.2000,2652.0000,2651.6000,2651.4000,2650.8000,2653.2000,2653.4000,2653.6000,2654.2000,2654.4000,1,1,1,1,1,1,2,1,1,1
SF,IH2009,2020-04-09 09:35:57.400,2652.4000,10207,0,116231280.000,0,-,-,-,-,2652.2000,2652.0000,2651.6000,2651.4000,2650.8000,2653.4000,2653.6000,2654.2000,2654.4000,2654.6000,1,1,1,1,1,2,1,1,1,2
SF,IH2009,2020-04-09 09:35:57.900,2652.4000,10207,0,116231280.000,0,-,-,-,-,2652.2000,2652.0000,2651.6000,2651.4000,2650.8000,2653.0000,2653.2000,2653.4000,2653.6000,2654.2000,1,1,1,1,1,2,1,2,1,1
SF,IH2009,2020-04-09 09:35:58.400,2652.4000,10207,0,116231280.000,0,-,-,-,-,2652.2000,2652.0000,2651.6000,2651.4000,2650.8000,2653.0000,2653.4000,2653.6000,2654.2000,2654.4000,1,1,1,1,1,2,2,1,1,1
SF,IH2009,2020-04-09 09:35:58.900,2653.0000,10205,-2,117823080.000,2,0,2,双平,S,2652.2000,2652.0000,2651.6000,2651.4000,2650.8000,2653.4000,2653.6000,2654.2000,2654.4000,2654.6000,1,1,1,1,1,2,1,1,1,2
SF,IH2009,2020-04-09 09:36:00.400,2653.0000,10205,0,117823080.000,0,-,-,-,-,2652.2000,2652.0000,2651.6000,2651.4000,2650.8000,2653.4000,2653.6000,2654.2000,2654.4000,2654.6000,1,2,1,1,1,2,1,1,1,2
SF,IH2009,2020-04-09 09:36:01.900,2653.0000,10205,0,117823080.000,0,-,-,-,-,2652.2000,2652.0000,2651.6000,2651.4000,2650.8000,2653.0000,2653.2000,2653.4000,2653.6000,2654.2000,1,2,1,1,1,1,1,2,1,1
SF,IH2009,2020-04-09 09:36:02.400,2653.0000,10205,0,117823080.000,0,-,-,-,-,2652.2000,2652.0000,2651.6000,2651.4000,2650.8000,2653.0000,2653.4000,2653.6000,2654.2000,2654.4000,1,2,1,1,1,1,2,1,1,1
SF,IH2009,2020-04-09 09:36:02.900,2652.2000,10204,-1,118618740.000,1,0,1,双平,S,2652.0000,2651.6000,2651.4000,2650.8000,2650.4000,2653.0000,2653.4000,2653.6000,2654.2000,2654.4000,2,1,1,1,1,1,2,1,1,1
SF,IH2009,2020-04-09 09:36:03.400,2652.2000,10204,0,118618740.000,0,-,-,-,-,2652.0000,2651.6000,2651.4000,2650.8000,2650.4000,2652.2000,2652.8000,2653.0000,2653.4000,2653.6000,2,1,1,1,1,1,1,1,2,1
SF,IH2009,2020-04-09 09:36:03.900,2653.0000,10201,-3,121006020.000,3,0,3,双平,S,2652.0000,2651.4000,2650.8000,2650.4000,2650.2000,2653.4000,2653.6000,2654.2000,2654.4000,2654.6000,2,1,1,1,1,2,1,1,1,2
SF,IH2009,2020-04-09 09:36:04.400,2653.0000,10201,0,121006020.000,0,-,-,-,-,2652.0000,2651.4000,2650.8000,2650.4000,2650.2000,2653.2000,2653.4000,2653.6000,2654.2000,2654.4000,2,1,1,1,1,2,2,1,1,1
SF,IH2009,2020-04-09 09:36:04.900,2653.0000,10201,0,121006020.000,0,-,-,-,-,2652.0000,2651.4000,2650.8000,2650.4000,2650.2000,2653.2000,2653.4000,2653.6000,2654.2000,2654.4000,2,1,1,1,1,1,3,1,1,1
SF,IH2009,2020-04-09 09:36:05.400,2653.0000,10201,0,121006020.000,0,-,-,-,-,2652.0000,2651.4000,2650.8000,2650.4000,2650.2000,2653.4000,2653.6000,2654.2000,2654.4000,2654.6000,2,1,1,1,1,3,1,1,1,2
SF,IH2009,2020-04-09 09:36:05.900,2653.0000,10201,0,121006020.000,0,-,-,-,-,2652.2000,2652.0000,2651.4000,2650.8000,2650.4000,2653.4000,2653.6000,2654.2000,2654.4000,2654.6000,2,2,1,1,1,3,1,1,1,2
SF,IH2009,2020-04-09 09:36:06.900,2653.4000,10200,-1,121802040.000,1,0,1,双平,S,2652.2000,2652.0000,2651.4000,2650.8000,2650.4000,2653.4000,2653.6000,2654.2000,2654.4000,2654.6000,2,2,1,1,1,2,1,1,1,2
SF,IH2009,2020-04-09 09:36:07.900,2653.4000,10200,0,121802040.000,0,-,-,-,-,2652.2000,2652.0000,2651.4000,2650.8000,2650.4000,2653.4000,2653.6000,2654.2000,2654.4000,2654.6000,1,2,1,1,1,2,1,1,1,2
SF,IH2009,2020-04-09 09:36:10.900,2653.4000,10200,0,121802040.000,0,-,-,-,-,2652.4000,2652.2000,2652.0000,2651.4000,2650.8000,2653.4000,2653.6000,2654.2000,2654.4000,2654.6000,1,1,2,1,1,2,1,1,1,2
SF,IH2009,2020-04-09 09:36:11.400,2653.4000,10200,0,121802040.000,0,-,-,-,-,2652.6000,2652.2000,2652.0000,2651.4000,2650.8000,2653.4000,2653.6000,2654.2000,2654.4000,2654.6000,1,1,2,1,1,2,1,1,1,2
SF,IH2009,2020-04-09 09:36:11.900,2653.4000,10200,0,121802040.000,0,-,-,-,-,2652.2000,2652.0000,2651.4000,2650.8000,2650.4000,2653.4000,2653.6000,2654.2000,2654.4000,2654.6000,1,2,1,1,1,2,1,1,1,2
SF,IH2009,2020-04-09 09:36:13.400,2653.4000,10200,0,121802040.000,0,-,-,-,-,2652.2000,2652.0000,2651.4000,2650.8000,2650.4000,2653.0000,2653.4000,2653.6000,2654.2000,2654.4000,1,2,1,1,1,1,2,1,1,1
SF,IH2009,2020-04-09 09:36:13.900,2653.0000,10199,-1,122597940.000,1,0,1,双平,S,2652.2000,2652.0000,2651.4000,2650.8000,2650.4000,2653.4000,2653.6000,2654.2000,2654.4000,2654.6000,1,2,1,1,1,1,1,1,1,2
SF,IH2009,2020-04-09 09:36:14.900,2653.0000,10199,0,122597940.000,0,-,-,-,-,2652.4000,2652.2000,2652.0000,2651.4000,2650.8000,2653.4000,2653.6000,2654.2000,2654.4000,2654.6000,1,1,2,1,1,1,1,1,1,2
SF,IH2009,2020-04-09 09:36:15.400,2653.0000,10199,0,122597940.000,0,-,-,-,-,2652.2000,2652.0000,2651.4000,2650.8000,2650.4000,2653.4000,2653.6000,2654.2000,2654.4000,2654.6000,1,2,1,1,1,1,1,1,1,2
SF,IH2009,2020-04-09 09:36:15.900,2653.0000,10199,0,122597940.000,0,-,-,-,-,2652.4000,2652.2000,2652.0000,2651.4000,2650.8000,2653.4000,2653.6000,2654.2000,2654.4000,2654.6000,1,2,2,1,1,1,1,1,1,2
SF,IH2009,2020-04-09 09:36:16.400,2653.0000,10199,0,122597940.000,0,-,-,-,-,2652.2000,2652.0000,2651.4000,2650.8000,2650.4000,2653.4000,2653.6000,2654.2000,2654.4000,2654.6000,2,2,1,1,1,1,1,1,1,2
SF,IH2009,2020-04-09 09:36:16.900,2653.0000,10199,0,122597940.000,0,-,-,-,-,2652.2000,2652.0000,2651.4000,2650.8000,2650.4000,2653.4000,2653.6000,2654.2000,2654.4000,2654.6000,2,2,1,1,1,1,1,1,1,2
SF,IH2009,2020-04-09 09:36:19.400,2653.0000,10199,0,122597940.000,0,-,-,-,-,2652.2000,2652.0000,2651.4000,2650.8000,2650.4000,2653.4000,2653.6000,2654.2000,2654.4000,2654.6000,2,2,1,1,1,1,1,1,1,2
SF,IH2009,2020-04-09 09:36:22.900,2653.0000,10199,0,122597940.000,0,-,-,-,-,2652.2000,2652.0000,2651.4000,2650.8000,2650.4000,2653.4000,2653.6000,2654.2000,2654.4000,2654.6000,2,3,1,1,1,1,1,1,1,2
SF,IH2009,2020-04-09 09:36:23.900,2653.0000,10199,0,122597940.000,0,-,-,-,-,2652.2000,2652.0000,2651.4000,2650.8000,2650.4000,2653.4000,2653.6000,2654.2000,2654.4000,2654.6000,2,3,1,1,1,1,1,1,1,2
SF,IH2009,2020-04-09 09:36:24.900,2653.0000,10199,0,122597940.000,0,-,-,-,-,2652.2000,2652.0000,2651.4000,2650.8000,2650.4000,2653.4000,2653.6000,2654.2000,2654.4000,2654.6000,2,3,1,1,1,2,1,1,1,2
SF,IH2009,2020-04-09 09:36:28.900,2653.0000,10199,0,122597940.000,0,-,-,-,-,2652.2000,2652.0000,2651.4000,2650.8000,2650.4000,2653.4000,2653.6000,2654.2000,2654.4000,2654.6000,2,3,1,1,1,2,1,1,1,2
SF,IH2009,2020-04-09 09:36:30.900,2653.0000,10199,0,122597940.000,0,-,-,-,-,2652.2000,2652.0000,2651.4000,2650.8000,2650.4000,2653.4000,2653.6000,2654.2000,2654.4000,2654.6000,2,3,1,1,1,1,1,1,1,2
SF,IH2009,2020-04-09 09:36:31.400,2653.0000,10199,0,122597940.000,0,-,-,-,-,2652.2000,2652.0000,2651.4000,2650.8000,2650.4000,2653.2000,2653.4000,2653.6000,2654.2000,2654.4000,1,3,1,1,1,1,1,1,1,1
