市场代码,合约代码,时间,最新,持仓,增仓,成交额,成交量,开仓,平仓,成交类型,方向,买一价,买二价,买三价,买四价,买五价,卖一价,卖二价,卖三价,卖四价,卖五价,买一量,买二量,买三量,买四量,买五量,卖一量,卖二量,卖三量,卖四量,卖五量
SF,IH2009,2020-05-29 09:29:00.000,2674.6000,15781,0,5616660.000,7.000,-,-,-,-,2673.0000,2672.2000,2672.0000,2671.6000,2671.4000,2674.8000,2682.0000,2682.2000,2683.2000,2683.6000,1,1,1,1,1,2,5,1,1,1
SF,IH2009,2020-05-29 09:30:00.500,2674.8000,15779,-2,7221540.000,2,0,2,双平,S,2675.2000,2674.8000,2674.0000,2673.2000,2673.0000,2682.0000,2683.2000,2683.6000,2683.8000,2684.0000,2,1,1,3,2,1,1,1,1,2
SF,IH2009,2020-05-29 09:30:01.000,2675.2000,15776,-3,12839640.000,7,2,5,多平,S,2674.8000,2674.6000,2674.0000,2673.0000,2672.2000,2675.8000,2676.8000,2678.2000,2679.2000,2679.6000,6,1,1,2,1,2,1,1,1,1
SF,IH2009,2020-05-29 09:30:01.500,2675.6000,15775,-1,13642320.000,1,0,1,双平,S,2675.4000,2675.2000,2674.8000,2674.6000,2674.0000,2679.8000,2680.2000,2681.6000,2681.8000,2682.0000,7,1,7,1,1,1,1,7,2,1
SF,IH2009,2020-05-29 09:30:02.000,2678.4000,15774,-1,14445840.000,1,0,1,双平,S,2675.8000,2675.6000,2675.0000,2674.8000,2674.0000,2679.0000,2679.2000,2679.4000,2679.6000,2679.8000,1,4,2,7,1,1,2,6,2,1
SF,IH2009,2020-05-29 09:30:02.500,2678.8000,15773,-1,15249480.000,1,0,1,双平,S,2676.0000,2675.8000,2675.6000,2675.0000,2674.8000,2678.8000,2679.0000,2679.4000,2679.8000,2681.8000,1,3,2,2,7,1,1,7,1,1
SF,IH2009,2020-05-29 09:30:03.000,2678.8000,15773,0,15249480.000,0,-,-,-,-,2676.2000,2676.0000,2675.8000,2675.6000,2675.0000,2678.8000,2679.8000,2681.8000,2682.0000,2683.2000,1,3,1,2,2,1,1,1,1,1
SF,IH2009,2020-05-29 09:30:03.500,2678.8000,15773,0,15249480.000,0,-,-,-,-,2676.4000,2676.2000,2676.0000,2675.8000,2675.6000,2678.8000,2679.8000,2681.8000,2682.0000,2683.2000,1,3,1,1,1,1,1,1,1,1
SF,IH2009,2020-05-29 09:30:04.000,2678.8000,15772,-1,16053120.000,1,0,1,双平,S,2676.6000,2676.4000,2676.2000,2676.0000,2675.8000,2679.8000,2681.8000,2682.0000,2683.2000,2683.6000,2,2,2,1,1,1,1,1,1,1
SF,IH2009,2020-05-29 09:30:04.500,2678.8000,15772,0,16053120.000,0,-,-,-,-,2679.0000,2676.8000,2676.6000,2676.2000,2676.0000,2679.8000,2681.8000,2682.0000,2683.2000,2683.6000,1,1,3,2,1,1,1,1,1,1
SF,IH2009,2020-05-29 09:30:05.000,2678.8000,15772,0,16053120.000,0,-,-,-,-,2679.0000,2676.8000,2676.6000,2676.2000,2676.0000,2679.8000,2681.8000,2682.0000,2683.2000,2683.6000,2,1,2,1,1,1,1,1,1,1
SF,IH2009,2020-05-29 09:30:05.500,2679.8000,15772,0,17660700.000,2,1,1,多换,S,2679.0000,2676.8000,2676.6000,2676.2000,2676.0000,2681.8000,2682.0000,2683.2000,2683.6000,2683.8000,1,1,2,1,1,1,1,1,1,1
SF,IH2009,2020-05-29 09:30:06.000,2679.8000,15772,0,17660700.000,0,-,-,-,-,2679.2000,2679.0000,2676.6000,2676.2000,2676.0000,2680.2000,2681.4000,2681.8000,2682.0000,2683.2000,2,1,1,1,1,1,7,1,1,1
SF,IH2009,2020-05-29 09:30:06.500,2679.8000,15772,0,17660700.000,0,-,-,-,-,2679.2000,2679.0000,2678.8000,2676.6000,2676.2000,2681.0000,2681.4000,2681.6000,2681.8000,2682.0000,1,1,1,1,1,1,7,3,1,1
SF,IH2009,2020-05-29 09:30:07.000,2680.8000,15768,-4,20876220.000,4,0,4,双平,S,2679.0000,2678.8000,2676.6000,2676.2000,2676.0000,2680.8000,2681.0000,2681.4000,2681.6000,2682.0000,1,1,1,1,1,1,2,7,3,1
SF,IH2009,2020-05-29 09:30:07.500,2680.8000,15768,0,20876220.000,0,-,-,-,-,2678.8000,2676.6000,2676.2000,2676.0000,2675.8000,2679.8000,2680.8000,2681.0000,2681.4000,2681.6000,1,1,1,1,1,1,1,2,7,2
SF,IH2009,2020-05-29 09:30:08.000,2680.8000,15768,0,20876220.000,0,-,-,-,-,2678.8000,2676.6000,2676.2000,2676.0000,2675.8000,2681.0000,2681.4000,2681.6000,2682.0000,2683.2000,1,1,1,1,1,1,7,2,1,1
SF,IH2009,2020-05-29 09:30:08.500,2680.8000,15768,0,20876220.000,0,-,-,-,-,2678.8000,2676.6000,2676.2000,2676.0000,2675.8000,2679.6000,2680.6000,2680.8000,2681.0000,2681.6000,2,1,1,1,1,1,7,1,2,2
SF,IH2009,2020-05-29 09:30:09.000,2679.6000,15767,-1,21680100.000,1,0,1,双平,S,2678.8000,2676.6000,2676.2000,2676.0000,2675.8000,2680.6000,2680.8000,2681.0000,2681.6000,2682.0000,2,1,1,1,1,7,1,1,2,1
SF,IH2009,2020-05-29 09:30:09.500,2679.6000,15767,0,21680100.000,0,-,-,-,-,2679.8000,2678.8000,2676.6000,2676.2000,2676.0000,2680.4000,2680.6000,2681.0000,2681.6000,2682.0000,2,3,1,1,1,2,7,1,2,1
SF,IH2009,2020-05-29 09:30:10.000,2678.8000,15767,0,24091620.000,3,1,2,多换,S,2678.8000,2676.6000,2676.2000,2676.0000,2675.8000,2679.8000,2680.0000,2680.2000,2680.4000,2680.6000,2,1,1,1,1,1,1,1,1,7
SF,IH2009,2020-05-29 09:30:10.500,2678.8000,15767,0,24091620.000,0,-,-,-,-,2678.8000,2676.6000,2676.2000,2676.0000,2675.8000,2679.8000,2680.2000,2680.6000,2681.0000,2681.6000,1,1,1,1,1,1,1,7,1,2
SF,IH2009,2020-05-29 09:30:11.000,2678.8000,15767,0,24091620.000,0,-,-,-,-,2678.8000,2676.6000,2676.2000,2676.0000,2675.8000,2679.6000,2679.8000,2680.2000,2680.6000,2681.0000,2,1,1,1,1,2,1,1,7,1
SF,IH2009,2020-05-29 09:30:11.500,2679.6000,15765,-2,25699140.000,2,0,2,双平,S,2678.8000,2676.2000,2676.0000,2675.8000,2675.6000,2679.6000,2679.8000,2680.2000,2680.6000,2681.0000,1,1,1,1,1,1,2,1,7,1
SF,IH2009,2020-05-29 09:30:12.000,2679.6000,15764,-1,26503020.000,1,0,1,双平,S,2678.8000,2676.2000,2676.0000,2675.8000,2675.6000,2679.8000,2680.2000,2680.6000,2681.0000,2681.6000,1,1,1,1,1,2,1,7,1,2
SF,IH2009,2020-05-29 09:30:12.500,2679.6000,15764,0,27306900.000,1,0,1,多换,S,2678.8000,2676.2000,2676.0000,2675.8000,2675.6000,2679.8000,2680.2000,2680.6000,2681.0000,2681.6000,1,1,1,1,1,2,1,7,1,2
SF,IH2009,2020-05-29 09:30:13.000,2679.6000,15764,0,27306900.000,0,-,-,-,-,2676.2000,2676.0000,2675.8000,2675.6000,2675.2000,2679.6000,2679.8000,2680.2000,2680.6000,2681.6000,1,1,1,1,2,2,2,1,7,2
SF,IH2009,2020-05-29 09:30:13.500,2679.6000,15764,0,27306900.000,0,-,-,-,-,2676.4000,2676.2000,2676.0000,2675.8000,2675.6000,2679.2000,2679.4000,2679.6000,2679.8000,2680.2000,4,2,1,1,1,1,1,3,2,1
SF,IH2009,2020-05-29 09:30:14.000,2679.6000,15764,0,27306900.000,0,-,-,-,-,2676.4000,2676.2000,2676.0000,2675.8000,2675.6000,2679.4000,2679.8000,2680.6000,2681.6000,2683.6000,4,2,1,1,1,1,2,7,2,1
SF,IH2009,2020-05-29 09:30:14.500,2676.6000,15763,-1,28109880.000,1,0,1,双平,S,2676.4000,2676.2000,2676.0000,2675.8000,2675.6000,2679.4000,2679.8000,2680.6000,2681.6000,2683.6000,4,2,1,1,1,1,2,7,2,1
SF,IH2009,2020-05-29 09:30:15.000,2676.6000,15763,0,28109880.000,0,-,-,-,-,2676.6000,2676.4000,2676.2000,2676.0000,2675.8000,2679.2000,2679.4000,2679.8000,2680.6000,2681.6000,1,4,1,1,1,1,1,2,7,2
SF,IH2009,2020-05-29 09:30:15.500,2676.6000,15763,0,28109880.000,0,-,-,-,-,2677.8000,2676.8000,2676.6000,2676.4000,2676.2000,2679.2000,2679.4000,2679.8000,2680.6000,2681.6000,1,3,1,4,1,1,1,2,7,2
SF,IH2009,2020-05-29 09:30:16.000,2676.6000,15763,0,28109880.000,0,-,-,-,-,2678.0000,2676.8000,2676.6000,2676.4000,2676.2000,2679.8000,2680.0000,2680.6000,2681.6000,2683.6000,1,3,2,3,1,2,5,7,2,1
SF,IH2009,2020-05-29 09:30:16.500,2676.6000,15763,0,28109880.000,0,-,-,-,-,2678.2000,2678.0000,2676.8000,2676.6000,2676.4000,2679.6000,2679.8000,2680.0000,2680.6000,2681.0000,1,1,3,1,3,1,2,5,7,1
SF,IH2009,2020-05-29 09:30:17.000,2676.6000,15763,0,28109880.000,0,-,-,-,-,2678.4000,2678.2000,2676.8000,2676.6000,2676.4000,2679.6000,2679.8000,2680.0000,2680.6000,2681.0000,1,1,3,1,3,1,2,5,7,1
SF,IH2009,2020-05-29 09:30:17.500,2676.6000,15763,0,28109880.000,0,-,-,-,-,2678.6000,2678.4000,2676.8000,2676.6000,2676.4000,2679.6000,2679.8000,2680.0000,2680.6000,2681.0000,1,2,3,1,3,1,2,5,7,1
SF,IH2009,2020-05-29 09:30:18.000,2676.6000,15763,0,28109880.000,0,-,-,-,-,2678.6000,2678.4000,2678.0000,2676.8000,2676.6000,2679.6000,2679.8000,2680.0000,2680.6000,2681.0000,1,1,1,3,1,1,2,5,7,1
SF,IH2009,2020-05-29 09:30:18.500,2676.6000,15763,0,28109880.000,0,-,-,-,-,2678.6000,2678.0000,2676.8000,2676.6000,2676.4000,2679.6000,2679.8000,2680.0000,2680.6000,2681.0000,1,1,3,1,3,1,1,5,7,1
SF,IH2009,2020-05-29 09:30:19.000,2676.6000,15763,0,28109880.000,0,-,-,-,-,2678.6000,2678.4000,2678.0000,2677.2000,2676.8000,2679.8000,2680.0000,2680.6000,2681.0000,2681.6000,1,1,1,1,3,1,5,7,1,2
SF,IH2009,2020-05-29 09:30:19.500,2676.6000,15763,0,28109880.000,0,-,-,-,-,2678.4000,2678.0000,2677.2000,2676.8000,2676.6000,2679.8000,2680.0000,2680.6000,2681.0000,2681.6000,1,1,1,3,2,1,5,7,1,2
SF,IH2009,2020-05-29 09:30:20.000,2676.6000,15763,0,28109880.000,0,-,-,-,-,2678.6000,2678.4000,2678.0000,2677.2000,2676.8000,2679.8000,2680.0000,2681.0000,2681.6000,2683.8000,1,2,1,1,3,1,5,1,2,1
SF,IH2009,2020-05-29 09:30:20.500,2680.0000,15754,-9,35344080.000,9,0,9,双平,S,2678.6000,2678.4000,2678.0000,2677.2000,2676.8000,2678.8000,2680.0000,2681.0000,2681.6000,2683.8000,1,1,1,1,3,1,1,1,2,1
SF,IH2009,2020-05-29 09:30:21.000,2680.0000,15753,-1,36952020.000,2,0,2,多平,S,2678.6000,2678.4000,2678.0000,2677.2000,2676.8000,2681.0000,2681.6000,2683.8000,2684.0000,2685.0000,1,1,1,1,3,1,2,1,2,2
SF,IH2009,2020-05-29 09:30:21.500,2678.8000,15753,0,37755660.000,1,0,1,多换,S,2678.6000,2678.4000,2678.0000,2677.2000,2676.8000,2681.0000,2681.6000,2683.8000,2684.0000,2685.0000,1,1,1,1,3,1,2,1,2,2
SF,IH2009,2020-05-29 09:30:22.000,2678.8000,15753,0,37755660.000,0,-,-,-,-,2679.6000,2678.6000,2678.4000,2678.0000,2677.2000,2680.8000,2681.0000,2681.6000,2683.8000,2684.0000,1,1,1,1,1,1,1,2,1,2
SF,IH2009,2020-05-29 09:30:22.500,2678.8000,15753,0,37755660.000,0,-,-,-,-,2679.6000,2678.4000,2678.0000,2677.2000,2676.8000,2680.6000,2680.8000,2681.0000,2681.6000,2683.8000,1,1,1,1,4,1,2,1,2,1
SF,IH2009,2020-05-29 09:30:23.000,2680.8000,15752,-1,38559900.000,1,0,1,双平,S,2679.6000,2678.4000,2678.0000,2677.2000,2676.8000,2680.8000,2681.0000,2681.6000,2683.8000,2684.0000,1,1,1,1,4,1,1,2,1,2
SF,IH2009,2020-05-29 09:30:23.500,2680.8000,15752,0,38559900.000,0,-,-,-,-,2679.6000,2678.4000,2677.2000,2676.8000,2676.6000,2680.4000,2680.8000,2681.0000,2681.6000,2683.8000,1,1,1,3,2,1,1,1,2,1
SF,IH2009,2020-05-29 09:30:24.000,2680.4000,15751,-1,39364020.000,1,0,1,双平,S,2679.6000,2678.4000,2677.2000,2676.8000,2676.6000,2680.8000,2681.0000,2681.6000,2683.8000,2684.0000,1,1,1,3,2,1,1,2,1,2
SF,IH2009,2020-05-29 09:30:24.500,2680.4000,15751,0,39364020.000,0,-,-,-,-,2679.6000,2678.4000,2677.2000,2676.8000,2676.6000,2680.6000,2680.8000,2681.0000,2681.6000,2683.8000,1,1,1,3,2,1,1,1,2,1
SF,IH2009,2020-05-29 09:30:25.000,2680.8000,15749,-2,40972440.000,2,0,2,双平,S,2679.8000,2679.6000,2678.4000,2677.2000,2676.8000,2681.0000,2681.6000,2683.8000,2684.0000,2685.0000,1,1,1,1,3,1,1,1,2,2
SF,IH2009,2020-05-29 09:30:25.500,2680.8000,15749,0,40972440.000,0,-,-,-,-,2679.6000,2678.4000,2677.2000,2676.8000,2676.6000,2681.0000,2681.6000,2683.8000,2684.0000,2685.0000,1,1,1,3,2,1,1,1,2,2
SF,IH2009,2020-05-29 09:30:26.000,2680.8000,15749,0,40972440.000,0,-,-,-,-,2680.0000,2679.8000,2679.6000,2678.4000,2677.2000,2681.0000,2681.6000,2683.8000,2684.0000,2685.0000,1,2,1,1,1,1,1,1,2,2
SF,IH2009,2020-05-29 09:30:26.500,2680.8000,15749,0,40972440.000,0,-,-,-,-,2680.2000,2680.0000,2679.8000,2679.6000,2678.4000,2680.8000,2681.0000,2681.6000,2683.8000,2684.0000,1,1,1,1,1,1,1,1,1,2
SF,IH2009,2020-05-29 09:30:27.000,2680.8000,15749,0,41776680.000,1,0,1,多换,S,2680.0000,2679.8000,2679.6000,2678.4000,2677.2000,2680.8000,2681.0000,2681.6000,2683.8000,2684.0000,1,1,1,1,1,1,1,1,1,2
SF,IH2009,2020-05-29 09:30:27.500,2680.8000,15749,0,42580920.000,1,0,1,多换,S,2680.2000,2680.0000,2679.8000,2679.6000,2678.4000,2681.0000,2681.6000,2683.8000,2684.0000,2685.0000,1,1,1,1,1,1,1,1,2,2
SF,IH2009,2020-05-29 09:30:28.000,2680.8000,15749,0,42580920.000,0,-,-,-,-,2680.0000,2679.8000,2679.6000,2679.4000,2678.4000,2681.0000,2681.6000,2683.8000,2684.0000,2685.0000,1,1,1,1,1,1,1,1,2,2
SF,IH2009,2020-05-29 09:30:28.500,2680.8000,15749,0,42580920.000,0,-,-,-,-,2680.0000,2679.8000,2679.6000,2679.4000,2678.4000,2680.2000,2681.0000,2681.6000,2683.8000,2684.0000,1,1,1,1,1,1,1,1,1,2
SF,IH2009,2020-05-29 09:30:29.000,2680.2000,15749,0,43384980.000,1,0,1,多换,S,2680.2000,2680.0000,2679.8000,2679.6000,2679.4000,2681.0000,2681.6000,2683.8000,2684.0000,2685.0000,1,1,1,1,1,1,2,1,2,2
SF,IH2009,2020-05-29 09:30:29.500,2680.2000,15749,0,43384980.000,0,-,-,-,-,2680.0000,2679.8000,2679.6000,2679.4000,2678.4000,2681.0000,2681.6000,2683.8000,2684.0000,2685.0000,2,1,1,1,1,1,2,1,2,2
SF,IH2009,2020-05-29 09:30:30.000,2680.0000,15748,-1,44188980.000,1,0,1,双平,S,2680.0000,2679.8000,2679.6000,2679.4000,2678.4000,2681.0000,2681.6000,2683.8000,2684.0000,2685.0000,2,1,1,1,1,1,2,1,2,2
SF,IH2009,2020-05-29 09:30:30.500,2680.0000,15748,0,44992980.000,1,0,1,多换,S,2680.0000,2679.8000,2679.6000,2679.4000,2678.4000,2681.0000,2681.6000,2683.8000,2684.0000,2685.0000,1,1,1,1,1,1,2,1,2,2
SF,IH2009,2020-05-29 09:30:31.000,2680.0000,15748,0,45796980.000,1,0,1,多换,S,2679.8000,2679.6000,2679.4000,2678.4000,2677.2000,2681.0000,2681.6000,2683.8000,2684.0000,2685.0000,1,1,1,1,1,1,2,1,2,2
SF,IH2009,2020-05-29 09:30:31.500,2680.0000,15748,0,45796980.000,0,-,-,-,-,2679.8000,2679.6000,2679.4000,2678.4000,2677.2000,2681.0000,2681.6000,2683.8000,2684.0000,2685.0000,1,1,1,1,1,1,2,1,2,2
SF,IH2009,2020-05-29 09:30:32.000,2680.0000,15748,0,45796980.000,0,-,-,-,-,2679.8000,2679.6000,2679.4000,2678.4000,2677.2000,2681.0000,2681.6000,2683.8000,2684.0000,2685.0000,2,1,1,1,1,1,2,1,2,2
SF,IH2009,2020-05-29 09:30:32.500,2679.8000,15746,-2,47404920.000,2,0,2,双平,S,2680.0000,2679.6000,2679.4000,2678.4000,2677.2000,2681.0000,2681.6000,2683.8000,2684.0000,2685.0000,1,1,1,1,1,1,2,1,2,2
SF,IH2009,2020-05-29 09:30:33.500,2679.8000,15746,0,47404920.000,0,-,-,-,-,2680.0000,2679.6000,2679.4000,2678.8000,2678.4000,2680.8000,2681.0000,2681.6000,2683.8000,2684.0000,1,1,1,1,1,1,1,2,1,2
SF,IH2009,2020-05-29 09:30:34.000,2681.0000,15747,1,48209220.000,1,1,0,双开,S,2680.0000,2679.6000,2679.4000,2678.8000,2678.4000,2681.6000,2683.8000,2684.0000,2685.0000,2686.6000,2,1,1,1,1,2,1,2,2,5
SF,IH2009,2020-05-29 09:30:34.500,2681.0000,15747,0,48209220.000,0,-,-,-,-,2680.0000,2679.6000,2679.4000,2678.8000,2678.4000,2681.4000,2681.6000,2683.8000,2684.0000,2685.0000,2,1,1,1,1,1,1,1,2,2
SF,IH2009,2020-05-29 09:30:35.000,2681.0000,15747,0,48209220.000,0,-,-,-,-,2680.2000,2680.0000,2679.6000,2679.4000,2678.8000,2681.6000,2683.8000,2684.0000,2685.0000,2686.6000,1,2,1,1,1,1,1,2,2,5
SF,IH2009,2020-05-29 09:30:35.500,2681.0000,15747,0,48209220.000,0,-,-,-,-,2680.0000,2679.6000,2679.4000,2678.8000,2678.4000,2681.2000,2681.4000,2681.6000,2683.8000,2684.0000,2,1,1,1,1,1,2,1,1,2
SF,IH2009,2020-05-29 09:30:36.000,2681.0000,15746,-1,49817820.000,2,0,2,多平,S,2681.4000,2680.0000,2679.6000,2679.4000,2678.8000,2681.6000,2683.8000,2684.0000,2685.0000,2686.6000,3,2,1,1,1,1,1,2,2,5
SF,IH2009,2020-05-29 09:30:36.500,2681.0000,15741,-5,54643020.000,6,0,6,多平,S,2679.6000,2679.4000,2678.8000,2678.4000,2677.2000,2681.0000,2681.2000,2681.4000,2681.6000,2683.8000,1,1,1,1,1,1,8,15,2,1
SF,IH2009,2020-05-29 09:30:37.000,2681.0000,15741,0,54643020.000,0,-,-,-,-,2679.6000,2679.4000,2678.8000,2678.4000,2677.2000,2680.4000,2680.8000,2681.0000,2681.4000,2683.8000,1,1,1,1,1,1,3,1,13,1
SF,IH2009,2020-05-29 09:30:37.500,2681.0000,15741,0,54643020.000,0,-,-,-,-,2680.0000,2679.6000,2679.4000,2678.8000,2678.4000,2680.8000,2681.0000,2681.4000,2683.8000,2684.0000,1,1,1,1,1,2,1,12,1,2
SF,IH2009,2020-05-29 09:30:38.000,2679.6000,15737,-4,57858600.000,4,0,4,双平,S,2678.8000,2678.4000,2677.2000,2676.8000,2676.4000,2680.2000,2680.6000,2680.8000,2681.4000,2683.8000,1,1,1,3,5,1,9,2,5,1
SF,IH2009,2020-05-29 09:30:38.500,2679.6000,15737,0,57858600.000,0,-,-,-,-,2678.8000,2677.2000,2676.8000,2676.4000,2676.2000,2679.6000,2680.0000,2680.6000,2680.8000,2681.4000,1,1,3,5,1,3,2,9,1,5
SF,IH2009,2020-05-29 09:30:39.000,2679.6000,15737,0,57858600.000,0,-,-,-,-,2679.0000,2678.8000,2677.2000,2676.8000,2676.4000,2679.6000,2680.0000,2680.4000,2680.6000,2680.8000,1,1,1,3,5,2,1,1,9,1
SF,IH2009,2020-05-29 09:30:39.500,2679.6000,15737,0,57858600.000,0,-,-,-,-,2678.8000,2677.2000,2676.8000,2676.4000,2676.2000,2679.6000,2680.0000,2680.4000,2680.6000,2680.8000,1,1,3,5,1,2,1,1,9,1
SF,IH2009,2020-05-29 09:30:40.000,2678.8000,15737,0,58662240.000,1,0,1,多换,S,2677.2000,2676.8000,2676.4000,2676.2000,2676.0000,2679.6000,2680.0000,2680.4000,2680.6000,2680.8000,1,3,5,1,2,2,1,1,9,1
SF,IH2009,2020-05-29 09:30:40.500,2678.8000,15737,0,58662240.000,0,-,-,-,-,2677.4000,2677.2000,2676.8000,2676.4000,2676.2000,2679.4000,2679.6000,2680.4000,2680.6000,2680.8000,2,1,3,5,1,3,2,1,9,1
SF,IH2009,2020-05-29 09:30:41.000,2678.8000,15737,0,58662240.000,0,-,-,-,-,2677.6000,2677.4000,2677.2000,2676.4000,2676.2000,2679.2000,2679.4000,2679.6000,2680.6000,2680.8000,1,2,1,3,1,7,3,2,2,1
SF,IH2009,2020-05-29 09:30:41.500,2678.8000,15737,0,58662240.000,0,-,-,-,-,2677.8000,2677.6000,2677.4000,2677.2000,2676.6000,2679.4000,2679.6000,2680.6000,2680.8000,2681.4000,1,1,1,1,2,2,2,2,1,3
SF,IH2009,2020-05-29 09:30:42.000,2678.0000,15736,-1,59465640.000,1,0,1,双平,S,2677.4000,2677.2000,2676.6000,2676.4000,2676.2000,2679.2000,2679.4000,2679.6000,2680.6000,2680.8000,1,1,2,3,1,1,2,2,2,1
SF,IH2009,2020-05-29 09:30:42.500,2679.0000,15735,-1,60269340.000,1,0,1,双平,S,2677.6000,2677.4000,2677.2000,2676.6000,2676.4000,2679.0000,2679.2000,2679.6000,2680.6000,2680.8000,1,1,1,2,3,2,2,3,2,1
SF,IH2009,2020-05-29 09:30:43.000,2677.4000,15734,-1,61072560.000,1,0,1,双平,S,2677.2000,2676.6000,2676.4000,2676.2000,2676.0000,2679.0000,2679.2000,2679.6000,2680.6000,2680.8000,1,2,3,1,2,2,1,3,2,1
SF,IH2009,2020-05-29 09:30:43.500,2677.4000,15734,0,61072560.000,0,-,-,-,-,2677.4000,2677.2000,2676.6000,2676.4000,2676.2000,2679.0000,2679.2000,2679.6000,2680.6000,2680.8000,2,1,2,3,1,2,1,3,2,1
SF,IH2009,2020-05-29 09:30:44.000,2677.4000,15734,0,61072560.000,0,-,-,-,-,2677.4000,2677.2000,2676.6000,2676.4000,2676.2000,2678.8000,2679.0000,2679.2000,2679.6000,2680.6000,1,1,2,3,1,1,2,1,3,2
SF,IH2009,2020-05-29 09:30:44.500,2677.4000,15734,0,61072560.000,0,-,-,-,-,2677.6000,2677.4000,2677.2000,2676.6000,2676.4000,2678.8000,2679.0000,2679.6000,2680.6000,2680.8000,1,1,1,2,3,1,1,2,2,1
SF,IH2009,2020-05-29 09:30:45.000,2677.4000,15734,0,61072560.000,0,-,-,-,-,2677.4000,2677.2000,2676.6000,2676.0000,2675.8000,2678.6000,2678.8000,2679.0000,2679.6000,2680.6000,1,1,2,2,1,2,1,1,2,2
SF,IH2009,2020-05-29 09:30:45.500,2677.4000,15733,-1,61875780.000,1,0,1,双平,S,2677.4000,2677.2000,2676.0000,2675.8000,2675.6000,2678.6000,2678.8000,2679.0000,2679.6000,2680.6000,2,1,2,1,1,1,1,1,2,1
SF,IH2009,2020-05-29 09:30:46.000,2677.4000,15733,0,61875780.000,0,-,-,-,-,2677.4000,2677.2000,2676.8000,2676.0000,2675.8000,2678.8000,2679.0000,2679.6000,2680.6000,2681.4000,2,1,2,2,1,1,1,2,1,3
SF,IH2009,2020-05-29 09:30:46.500,2678.4000,15732,-1,62679300.000,1,0,1,双平,S,2677.4000,2677.2000,2676.8000,2676.0000,2675.8000,2678.6000,2678.8000,2679.6000,2680.6000,2681.4000,2,1,2,2,1,1,1,2,1,2
SF,IH2009,2020-05-29 09:30:47.000,2678.4000,15732,0,62679300.000,0,-,-,-,-,2677.4000,2677.2000,2677.0000,2676.8000,2676.0000,2678.8000,2679.6000,2680.6000,2681.4000,2683.8000,2,1,1,2,2,1,2,1,2,1
SF,IH2009,2020-05-29 09:30:47.500,2678.4000,15732,0,62679300.000,0,-,-,-,-,2677.4000,2677.2000,2677.0000,2676.8000,2676.0000,2678.8000,2679.6000,2680.6000,2681.4000,2683.8000,1,1,1,2,2,1,2,1,2,1
SF,IH2009,2020-05-29 09:30:48.000,2678.4000,15732,0,62679300.000,0,-,-,-,-,2677.4000,2677.2000,2677.0000,2676.8000,2676.0000,2678.6000,2678.8000,2679.6000,2680.6000,2681.4000,2,1,1,2,2,1,1,2,1,2
SF,IH2009,2020-05-29 09:30:48.500,2678.4000,15732,0,62679300.000,0,-,-,-,-,2677.4000,2677.2000,2677.0000,2676.8000,2676.0000,2678.8000,2680.6000,2681.4000,2683.8000,2684.0000,1,1,1,2,2,1,1,2,1,1
SF,IH2009,2020-05-29 09:30:49.000,2678.4000,15732,0,62679300.000,0,-,-,-,-,2677.4000,2677.2000,2677.0000,2676.8000,2676.0000,2678.6000,2678.8000,2680.6000,2681.4000,2683.8000,1,1,1,2,2,2,1,1,2,1
SF,IH2009,2020-05-29 09:30:49.500,2678.4000,15732,0,62679300.000,0,-,-,-,-,2677.4000,2677.2000,2677.0000,2676.8000,2676.0000,2678.6000,2678.8000,2680.6000,2681.4000,2683.8000,1,1,1,2,2,4,1,1,2,1
SF,IH2009,2020-05-29 09:30:50.000,2678.4000,15732,0,62679300.000,0,-,-,-,-,2677.4000,2677.2000,2677.0000,2676.0000,2675.8000,2678.6000,2678.8000,2680.6000,2681.4000,2683.8000,1,1,1,2,1,3,1,1,2,1
SF,IH2009,2020-05-29 09:30:50.500,2678.4000,15732,0,62679300.000,0,-,-,-,-,2677.2000,2677.0000,2676.0000,2675.8000,2675.6000,2678.6000,2678.8000,2680.6000,2681.4000,2683.8000,1,3,2,1,1,3,1,1,2,1
SF,IH2009,2020-05-29 09:30:51.000,2678.4000,15732,0,62679300.000,0,-,-,-,-,2677.4000,2677.2000,2677.0000,2676.0000,2675.8000,2678.6000,2678.8000,2680.6000,2681.4000,2683.8000,1,2,3,2,1,3,1,1,2,1
SF,IH2009,2020-05-29 09:30:51.500,2678.4000,15732,0,62679300.000,0,-,-,-,-,2677.4000,2677.2000,2677.0000,2676.0000,2675.8000,2678.6000,2678.8000,2680.0000,2680.6000,2681.4000,2,1,3,2,1,3,1,1,1,2
SF,IH2009,2020-05-29 09:30:52.000,2678.4000,15732,0,62679300.000,0,-,-,-,-,2677.4000,2677.2000,2677.0000,2676.0000,2675.8000,2678.6000,2678.8000,2680.0000,2680.6000,2681.4000,2,1,3,2,1,1,1,1,1,2
SF,IH2009,2020-05-29 09:30:52.500,2678.4000,15732,0,62679300.000,0,-,-,-,-,2677.4000,2677.2000,2677.0000,2676.0000,2675.8000,2678.6000,2678.8000,2680.0000,2680.6000,2681.4000,1,1,3,2,1,1,1,1,1,2
SF,IH2009,2020-05-29 09:30:53.000,2678.4000,15732,0,62679300.000,0,-,-,-,-,2677.4000,2677.2000,2677.0000,2676.0000,2675.8000,2678.8000,2680.0000,2680.6000,2681.4000,2683.8000,2,1,3,2,1,1,1,1,2,1
SF,IH2009,2020-05-29 09:30:53.500,2678.4000,15732,0,62679300.000,0,-,-,-,-,2677.4000,2677.2000,2677.0000,2676.0000,2675.8000,2678.8000,2680.0000,2680.6000,2681.4000,2683.8000,2,1,3,2,1,1,1,1,2,1
SF,IH2009,2020-05-29 09:30:54.500,2678.4000,15732,0,62679300.000,0,-,-,-,-,2677.4000,2677.2000,2677.0000,2676.0000,2675.8000,2678.6000,2678.8000,2680.0000,2680.6000,2681.4000,2,1,1,2,1,2,1,1,1,2
SF,IH2009,2020-05-29 09:30:55.000,2678.4000,15732,0,62679300.000,0,-,-,-,-,2677.4000,2677.2000,2677.0000,2676.0000,2675.8000,2678.4000,2678.6000,2678.8000,2680.0000,2680.6000,2,3,1,2,1,1,2,1,1,1
SF,IH2009,2020-05-29 09:30:55.500,2678.4000,15732,0,62679300.000,0,-,-,-,-,2677.4000,2677.2000,2677.0000,2676.0000,2675.8000,2678.4000,2678.8000,2680.0000,2680.6000,2681.4000,2,3,1,2,1,1,1,1,1,2
SF,IH2009,2020-05-29 09:30:56.000,2678.4000,15732,0,62679300.000,0,-,-,-,-,2677.4000,2677.2000,2677.0000,2676.0000,2675.6000,2678.2000,2678.4000,2678.8000,2680.0000,2680.6000,2,3,1,2,1,2,1,1,1,1
SF,IH2009,2020-05-29 09:30:56.500,2678.4000,15732,0,62679300.000,0,-,-,-,-,2677.4000,2677.2000,2677.0000,2676.0000,2675.6000,2678.2000,2678.4000,2678.8000,2680.0000,2680.6000,2,3,1,2,1,3,1,1,1,1
SF,IH2009,2020-05-29 09:30:57.000,2678.4000,15732,0,63482820.000,1,0,1,多换,S,2677.4000,2677.2000,2677.0000,2676.0000,2675.6000,2678.2000,2678.4000,2678.8000,2680.0000,2680.6000,2,3,1,2,1,2,1,1,1,1
SF,IH2009,2020-05-29 09:30:57.500,2678.4000,15732,0,63482820.000,0,-,-,-,-,2677.6000,2677.4000,2677.2000,2677.0000,2676.0000,2678.2000,2678.4000,2678.8000,2680.0000,2680.6000,1,2,3,1,2,2,1,1,1,1
SF,IH2009,2020-05-29 09:30:58.000,2677.6000,15730,-2,65089440.000,2,0,2,双平,S,2677.4000,2677.2000,2677.0000,2676.0000,2675.6000,2678.0000,2678.2000,2678.4000,2678.8000,2680.0000,1,3,1,2,1,1,2,1,1,1
SF,IH2009,2020-05-29 09:30:58.500,2677.6000,15730,0,65089440.000,0,-,-,-,-,2677.4000,2677.2000,2677.0000,2676.0000,2675.6000,2678.4000,2678.8000,2680.0000,2680.6000,2681.4000,1,3,1,2,1,1,1,1,1,1
SF,IH2009,2020-05-29 09:30:59.000,2677.6000,15730,0,65089440.000,0,-,-,-,-,2677.4000,2677.2000,2677.0000,2676.0000,2675.6000,2678.8000,2680.0000,2680.6000,2681.4000,2683.8000,1,1,1,2,1,1,1,1,1,1
SF,IH2009,2020-05-29 09:30:59.500,2677.6000,15730,0,65089440.000,0,-,-,-,-,2677.4000,2677.2000,2677.0000,2676.0000,2675.6000,2678.2000,2678.6000,2678.8000,2680.0000,2680.6000,3,1,1,2,1,1,1,1,1,1
SF,IH2009,2020-05-29 09:31:00.000,2677.6000,15730,0,65089440.000,0,-,-,-,-,2677.4000,2677.2000,2677.0000,2676.0000,2675.6000,2678.2000,2678.6000,2678.8000,2680.0000,2680.6000,3,1,1,2,1,1,1,1,1,1
SF,IH2009,2020-05-29 09:31:00.500,2678.2000,15729,-1,65892900.000,1,0,1,双平,S,2677.4000,2677.2000,2677.0000,2676.0000,2675.6000,2678.8000,2680.0000,2680.6000,2681.4000,2683.8000,3,1,1,2,1,1,1,1,1,1
SF,IH2009,2020-05-29 09:31:01.000,2678.2000,15729,0,65892900.000,0,-,-,-,-,2677.6000,2677.4000,2677.2000,2677.0000,2676.0000,2678.8000,2680.0000,2680.6000,2681.4000,2683.8000,1,3,1,1,2,2,1,1,1,1
SF,IH2009,2020-05-29 09:31:01.500,2678.2000,15729,0,65892900.000,0,-,-,-,-,2677.6000,2677.4000,2677.2000,2677.0000,2676.0000,2678.0000,2678.4000,2678.6000,2678.8000,2680.0000,1,3,2,1,2,1,7,6,1,1
SF,IH2009,2020-05-29 09:31:02.000,2677.6000,15729,0,66696180.000,1,0,1,多换,S,2677.4000,2677.2000,2677.0000,2676.0000,2675.0000,2678.0000,2678.4000,2678.6000,2678.8000,2680.0000,3,2,1,2,2,1,1,2,1,1
SF,IH2009,2020-05-29 09:31:02.500,2677.6000,15729,0,66696180.000,0,-,-,-,-,2677.4000,2677.2000,2677.0000,2676.0000,2675.0000,2677.6000,2678.8000,2680.0000,2680.6000,2681.4000,3,2,1,2,2,3,1,1,1,1
SF,IH2009,2020-05-29 09:31:03.000,2677.6000,15726,-3,69106020.000,3,0,3,双平,S,2677.4000,2677.2000,2677.0000,2676.0000,2675.0000,2678.4000,2678.8000,2680.0000,2680.6000,2681.4000,3,2,1,2,2,1,1,1,1,1
SF,IH2009,2020-05-29 09:31:03.500,2677.4000,15725,-1,69909240.000,1,0,1,双平,S,2677.2000,2677.0000,2676.0000,2675.0000,2674.8000,2678.4000,2678.8000,2679.0000,2680.0000,2680.6000,2,1,2,2,2,1,1,1,1,1
SF,IH2009,2020-05-29 09:31:04.000,2677.4000,15725,0,69909240.000,0,-,-,-,-,2677.6000,2677.2000,2677.0000,2676.0000,2675.0000,2678.2000,2678.4000,2678.8000,2679.0000,2679.6000,3,2,1,2,2,1,1,1,1,1
SF,IH2009,2020-05-29 09:31:04.500,2677.6000,15724,-1,73122360.000,4,1,3,多平,S,2677.2000,2677.0000,2676.0000,2675.0000,2674.8000,2677.8000,2678.0000,2678.2000,2678.4000,2678.8000,2,1,2,2,2,1,1,2,2,1
SF,IH2009,2020-05-29 09:31:05.000,2677.2000,15723,-1,74728680.000,2,0,2,多平,S,2677.0000,2676.0000,2675.0000,2674.8000,2673.2000,2677.6000,2677.8000,2678.0000,2678.2000,2678.4000,1,2,2,2,1,1,1,1,1,1
SF,IH2009,2020-05-29 09:31:05.500,2677.2000,15723,0,74728680.000,0,-,-,-,-,2677.0000,2676.0000,2675.0000,2674.8000,2673.2000,2677.8000,2678.0000,2678.2000,2678.4000,2678.8000,1,2,2,2,1,1,1,1,1,1
SF,IH2009,2020-05-29 09:31:06.000,2677.0000,15723,0,75531780.000,1,0,1,多换,S,2676.0000,2675.0000,2674.8000,2673.2000,2673.0000,2677.4000,2677.6000,2677.8000,2678.0000,2678.4000,2,2,2,1,2,1,1,1,1,1
SF,IH2009,2020-05-29 09:31:06.500,2677.0000,15723,0,75531780.000,0,-,-,-,-,2676.2000,2676.0000,2675.0000,2674.8000,2673.2000,2677.8000,2678.0000,2678.4000,2678.8000,2679.0000,1,2,1,2,1,1,1,1,1,1
SF,IH2009,2020-05-29 09:31:07.000,2677.0000,15723,0,75531780.000,0,-,-,-,-,2676.2000,2676.0000,2675.0000,2674.8000,2673.2000,2677.6000,2677.8000,2678.0000,2678.4000,2678.8000,1,2,1,2,1,1,1,1,1,1
SF,IH2009,2020-05-29 09:31:07.500,2677.0000,15723,0,75531780.000,0,-,-,-,-,2676.2000,2676.0000,2675.0000,2674.8000,2673.2000,2677.4000,2677.6000,2677.8000,2678.0000,2678.4000,1,2,1,2,1,2,1,2,1,1
SF,IH2009,2020-05-29 09:31:08.000,2677.4000,15722,-1,76335000.000,1,0,1,双平,S,2676.4000,2676.2000,2676.0000,2675.0000,2674.8000,2677.8000,2678.0000,2678.4000,2678.8000,2679.0000,1,1,2,1,2,2,1,1,1,1
SF,IH2009,2020-05-29 09:31:08.500,2677.4000,15722,0,76335000.000,0,-,-,-,-,2677.2000,2676.4000,2676.0000,2675.0000,2674.8000,2677.6000,2677.8000,2678.0000,2678.4000,2678.8000,1,1,2,1,2,2,2,1,1,1
SF,IH2009,2020-05-29 09:31:09.000,2677.2000,15721,-1,77138160.000,1,0,1,双平,S,2676.4000,2676.0000,2675.0000,2674.8000,2673.2000,2677.2000,2677.6000,2677.8000,2678.0000,2678.4000,1,2,1,2,1,1,3,2,1,1
SF,IH2009,2020-05-29 09:31:09.500,2677.2000,15721,0,77138160.000,0,-,-,-,-,2676.4000,2676.0000,2675.0000,2674.8000,2673.2000,2677.2000,2677.4000,2677.6000,2677.8000,2678.0000,1,2,1,2,1,2,1,1,1,1
SF,IH2009,2020-05-29 09:31:10.000,2677.2000,15721,0,77138160.000,0,-,-,-,-,2676.4000,2676.0000,2675.0000,2674.8000,2673.2000,2676.6000,2677.2000,2677.4000,2677.6000,2677.8000,1,2,1,2,1,2,2,1,1,1
SF,IH2009,2020-05-29 09:31:10.500,2676.6000,15720,-1,77941140.000,1,0,1,双平,S,2676.8000,2676.4000,2676.0000,2675.0000,2674.8000,2677.2000,2677.8000,2678.0000,2678.4000,2678.8000,3,1,2,1,2,1,1,1,1,1
SF,IH2009,2020-05-29 09:31:11.000,2676.6000,15720,0,77941140.000,0,-,-,-,-,2676.0000,2675.0000,2674.8000,2673.2000,2673.0000,2677.2000,2677.8000,2678.0000,2678.4000,2678.8000,2,1,2,1,2,1,1,1,1,1
SF,IH2009,2020-05-29 09:31:11.500,2676.6000,15720,0,77941140.000,0,-,-,-,-,2676.2000,2676.0000,2675.0000,2674.8000,2673.2000,2677.2000,2677.8000,2678.0000,2678.4000,2678.8000,3,2,1,2,1,1,1,1,1,1
SF,IH2009,2020-05-29 09:31:12.500,2676.6000,15720,0,77941140.000,0,-,-,-,-,2676.2000,2676.0000,2675.0000,2674.8000,2673.2000,2676.8000,2677.2000,2677.8000,2678.0000,2678.4000,2,2,1,2,1,1,1,1,1,1
SF,IH2009,2020-05-29 09:31:13.000,2676.6000,15720,0,77941140.000,0,-,-,-,-,2676.2000,2676.0000,2675.0000,2674.8000,2673.2000,2676.8000,2677.2000,2677.8000,2678.0000,2678.4000,1,2,1,2,1,1,1,1,1,1
SF,IH2009,2020-05-29 09:31:13.500,2676.6000,15720,0,77941140.000,0,-,-,-,-,2676.2000,2676.0000,2675.0000,2674.8000,2673.2000,2676.4000,2676.6000,2676.8000,2677.2000,2677.8000,1,2,1,2,1,2,1,1,1,1
SF,IH2009,2020-05-29 09:31:14.000,2676.2000,15719,-1,78744000.000,1,0,1,双平,S,2676.0000,2675.0000,2674.8000,2673.2000,2673.0000,2676.2000,2676.8000,2677.2000,2677.8000,2678.0000,2,1,2,1,2,2,1,1,1,1
SF,IH2009,2020-05-29 09:31:14.500,2676.2000,15719,0,78744000.000,0,-,-,-,-,2676.0000,2675.0000,2674.8000,2673.2000,2673.0000,2676.2000,2676.8000,2677.2000,2677.8000,2678.0000,2,1,2,1,2,2,1,1,2,1
SF,IH2009,2020-05-29 09:31:15.000,2676.2000,15718,-1,80349720.000,2,0,2,多平,S,2676.0000,2675.0000,2674.8000,2673.2000,2673.0000,2676.8000,2677.2000,2677.8000,2678.0000,2678.4000,2,1,2,1,2,1,1,2,1,1
SF,IH2009,2020-05-29 09:31:15.500,2676.2000,15718,0,80349720.000,0,-,-,-,-,2676.0000,2675.0000,2674.8000,2673.2000,2673.0000,2676.8000,2677.2000,2677.8000,2678.0000,2678.4000,2,1,2,1,1,2,1,2,1,1
SF,IH2009,2020-05-29 09:31:16.000,2676.2000,15718,0,80349720.000,0,-,-,-,-,2676.0000,2675.0000,2674.8000,2673.2000,2673.0000,2676.8000,2677.2000,2677.8000,2678.0000,2678.4000,2,1,2,1,1,2,1,2,1,1
SF,IH2009,2020-05-29 09:31:16.500,2676.2000,15718,0,80349720.000,0,-,-,-,-,2676.0000,2675.0000,2674.8000,2673.2000,2673.0000,2676.8000,2677.2000,2677.8000,2678.0000,2678.4000,2,1,2,1,1,2,1,2,1,1
SF,IH2009,2020-05-29 09:31:20.000,2676.8000,15718,0,81152760.000,1,0,1,多换,S,2676.0000,2675.0000,2674.8000,2673.2000,2673.0000,2676.8000,2677.2000,2677.4000,2677.8000,2678.0000,2,1,2,1,1,1,1,1,2,1
SF,IH2009,2020-05-29 09:31:21.000,2676.0000,15719,1,81955560.000,1,1,0,双开,S,2676.0000,2675.0000,2674.8000,2673.2000,2673.0000,2676.8000,2677.2000,2677.4000,2677.8000,2678.0000,1,1,2,1,1,1,1,1,2,1
SF,IH2009,2020-05-29 09:31:21.500,2676.0000,15719,0,81955560.000,0,-,-,-,-,2676.0000,2675.0000,2674.8000,2673.2000,2673.0000,2677.2000,2677.4000,2677.8000,2678.0000,2678.4000,1,1,2,1,1,1,1,2,1,1
SF,IH2009,2020-05-29 09:31:22.000,2676.0000,15719,0,81955560.000,0,-,-,-,-,2676.0000,2675.6000,2675.0000,2674.8000,2673.2000,2677.2000,2677.4000,2677.8000,2678.0000,2678.4000,1,1,1,2,1,1,1,2,1,1
SF,IH2009,2020-05-29 09:31:24.000,2676.0000,15719,0,81955560.000,0,-,-,-,-,2676.0000,2675.6000,2675.0000,2674.8000,2673.2000,2677.2000,2677.4000,2677.8000,2678.0000,2678.4000,1,1,1,2,1,1,1,2,1,1
SF,IH2009,2020-05-29 09:31:27.000,2676.0000,15719,0,81955560.000,0,-,-,-,-,2676.2000,2676.0000,2675.6000,2675.0000,2674.8000,2677.2000,2677.4000,2677.8000,2678.0000,2678.4000,1,1,1,1,2,1,1,2,1,1
SF,IH2009,2020-05-29 09:31:27.500,2676.0000,15719,0,81955560.000,0,-,-,-,-,2676.0000,2675.6000,2675.0000,2674.8000,2673.2000,2677.2000,2677.4000,2677.8000,2678.0000,2678.4000,1,1,1,2,1,1,1,2,1,1
SF,IH2009,2020-05-29 09:31:29.000,2676.0000,15719,0,81955560.000,0,-,-,-,-,2676.0000,2675.6000,2675.0000,2674.8000,2673.2000,2677.2000,2677.4000,2677.8000,2678.0000,2678.4000,2,1,1,2,1,1,1,2,1,1
SF,IH2009,2020-05-29 09:31:29.500,2677.4000,15718,-1,82758780.000,1,0,1,双平,S,2676.2000,2676.0000,2675.6000,2675.0000,2674.8000,2677.8000,2678.0000,2678.4000,2678.8000,2679.2000,1,2,1,1,2,2,1,1,1,1
SF,IH2009,2020-05-29 09:31:30.000,2677.4000,15718,0,82758780.000,0,-,-,-,-,2676.4000,2676.2000,2676.0000,2675.6000,2675.0000,2677.8000,2678.0000,2678.4000,2678.8000,2679.2000,2,1,2,1,1,2,1,1,1,1
SF,IH2009,2020-05-29 09:31:30.500,2677.4000,15718,0,82758780.000,0,-,-,-,-,2676.4000,2676.2000,2676.0000,2675.6000,2675.0000,2677.8000,2678.0000,2678.4000,2678.8000,2679.2000,2,1,2,1,1,1,1,1,1,1
SF,IH2009,2020-05-29 09:31:31.000,2677.4000,15718,0,82758780.000,0,-,-,-,-,2677.2000,2676.6000,2676.4000,2676.2000,2676.0000,2677.8000,2678.0000,2678.4000,2678.8000,2679.2000,1,2,2,1,2,1,1,1,1,1
SF,IH2009,2020-05-29 09:31:31.500,2677.4000,15718,0,82758780.000,0,-,-,-,-,2677.2000,2676.6000,2676.4000,2676.2000,2676.0000,2677.8000,2678.0000,2678.4000,2678.8000,2679.2000,1,2,1,1,2,1,1,1,1,1
SF,IH2009,2020-05-29 09:31:32.000,2678.0000,15717,-1,83562180.000,1,0,1,双平,S,2677.8000,2677.2000,2676.6000,2676.4000,2676.2000,2678.4000,2678.8000,2679.2000,2680.0000,2681.4000,1,1,2,1,1,1,1,1,1,2
SF,IH2009,2020-05-29 09:31:32.500,2678.0000,15717,0,83562180.000,0,-,-,-,-,2677.8000,2677.2000,2676.8000,2676.6000,2676.4000,2678.8000,2679.2000,2680.0000,2680.2000,2681.4000,1,1,1,2,1,1,1,1,1,2
SF,IH2009,2020-05-29 09:31:33.000,2678.0000,15717,0,83562180.000,0,-,-,-,-,2677.8000,2677.2000,2676.8000,2676.6000,2676.4000,2678.2000,2678.6000,2678.8000,2679.2000,2680.0000,1,1,1,2,1,2,1,1,1,1
SF,IH2009,2020-05-29 09:31:33.500,2678.0000,15717,0,83562180.000,0,-,-,-,-,2678.2000,2677.8000,2677.2000,2676.8000,2676.6000,2678.8000,2679.2000,2680.0000,2680.2000,2681.4000,1,1,1,1,2,1,1,1,1,2
SF,IH2009,2020-05-29 09:31:34.000,2678.0000,15717,0,83562180.000,0,-,-,-,-,2678.2000,2677.8000,2677.2000,2676.8000,2676.6000,2678.8000,2679.2000,2680.0000,2680.2000,2681.4000,2,1,1,1,2,1,1,1,1,2
SF,IH2009,2020-05-29 09:31:34.500,2678.0000,15717,0,83562180.000,0,-,-,-,-,2678.2000,2677.8000,2677.2000,2676.8000,2676.4000,2679.2000,2680.0000,2680.2000,2681.4000,2683.8000,3,1,1,1,1,1,1,1,2,1
SF,IH2009,2020-05-29 09:31:35.000,2678.0000,15717,0,83562180.000,0,-,-,-,-,2678.2000,2677.8000,2677.2000,2676.8000,2676.4000,2679.2000,2680.0000,2680.2000,2680.8000,2681.4000,3,1,1,1,1,2,1,1,1,2
SF,IH2009,2020-05-29 09:31:36.000,2678.0000,15717,0,83562180.000,0,-,-,-,-,2678.2000,2677.8000,2677.2000,2676.8000,2676.4000,2679.2000,2680.0000,2680.2000,2680.8000,2681.4000,3,1,1,1,1,2,1,1,1,2
SF,IH2009,2020-05-29 09:31:36.500,2678.0000,15717,0,83562180.000,0,-,-,-,-,2678.2000,2677.8000,2677.2000,2676.8000,2676.4000,2678.8000,2679.2000,2680.0000,2680.2000,2680.8000,3,1,1,1,1,2,4,1,1,1
SF,IH2009,2020-05-29 09:31:37.000,2678.0000,15717,0,83562180.000,0,-,-,-,-,2678.2000,2677.8000,2677.2000,2676.8000,2676.4000,2678.8000,2679.2000,2680.0000,2680.2000,2680.8000,3,1,1,1,1,2,2,1,1,1
SF,IH2009,2020-05-29 09:31:38.500,2678.0000,15717,0,83562180.000,0,-,-,-,-,2678.2000,2677.8000,2677.2000,2676.8000,2676.4000,2679.2000,2680.0000,2680.2000,2680.8000,2681.4000,3,1,1,1,1,2,1,1,1,2
SF,IH2009,2020-05-29 09:31:39.000,2678.0000,15717,0,83562180.000,0,-,-,-,-,2678.2000,2677.8000,2677.2000,2676.8000,2676.4000,2679.2000,2680.0000,2680.2000,2680.8000,2681.4000,3,1,1,1,1,1,1,1,1,2
SF,IH2009,2020-05-29 09:31:39.500,2678.0000,15717,0,83562180.000,0,-,-,-,-,2678.2000,2677.8000,2677.2000,2676.8000,2676.4000,2679.2000,2680.0000,2680.2000,2680.8000,2681.4000,3,1,1,1,1,1,1,1,1,2
SF,IH2009,2020-05-29 09:31:40.000,2679.2000,15716,-1,84365940.000,1,0,1,双平,S,2678.4000,2678.2000,2677.8000,2677.2000,2676.8000,2680.0000,2680.2000,2680.8000,2681.4000,2683.8000,1,3,1,1,1,1,1,1,1,1
SF,IH2009,2020-05-29 09:31:40.500,2679.2000,15716,0,84365940.000,0,-,-,-,-,2678.4000,2678.2000,2677.8000,2677.2000,2676.8000,2680.0000,2680.2000,2680.8000,2681.4000,2683.8000,1,4,1,1,1,2,1,1,1,1
SF,IH2009,2020-05-29 09:31:41.000,2679.2000,15716,0,84365940.000,0,-,-,-,-,2678.4000,2678.2000,2677.8000,2677.2000,2676.8000,2679.8000,2680.0000,2680.2000,2680.8000,2681.4000,1,4,1,1,1,1,2,1,1,1
SF,IH2009,2020-05-29 09:31:41.500,2679.2000,15716,0,84365940.000,0,-,-,-,-,2678.4000,2678.2000,2677.8000,2677.2000,2676.8000,2679.8000,2680.0000,2680.2000,2680.8000,2681.4000,1,3,1,1,1,2,1,1,1,1
SF,IH2009,2020-05-29 09:31:42.000,2679.2000,15716,0,84365940.000,0,-,-,-,-,2678.6000,2678.4000,2678.2000,2677.8000,2677.2000,2679.8000,2680.0000,2680.2000,2680.8000,2681.4000,1,1,3,1,1,2,1,1,1,1
SF,IH2009,2020-05-29 09:31:42.500,2679.2000,15716,0,84365940.000,0,-,-,-,-,2678.4000,2678.2000,2677.8000,2677.2000,2676.8000,2679.8000,2680.0000,2680.2000,2680.8000,2681.4000,1,4,1,2,1,2,1,1,1,1
SF,IH2009,2020-05-29 09:31:43.000,2679.2000,15716,0,84365940.000,0,-,-,-,-,2678.4000,2678.2000,2677.8000,2677.2000,2676.8000,2679.6000,2679.8000,2680.0000,2680.2000,2680.8000,1,3,1,2,1,5,3,1,1,1
SF,IH2009,2020-05-29 09:31:43.500,2679.2000,15716,0,84365940.000,0,-,-,-,-,2678.6000,2678.4000,2678.2000,2677.8000,2677.2000,2679.8000,2680.0000,2680.2000,2680.8000,2681.4000,1,2,3,1,2,2,1,1,1,1
SF,IH2009,2020-05-29 09:31:44.000,2679.2000,15716,0,84365940.000,0,-,-,-,-,2678.8000,2678.4000,2678.2000,2677.8000,2677.2000,2679.8000,2680.0000,2680.2000,2680.8000,2681.4000,1,2,3,1,2,2,1,1,1,1
SF,IH2009,2020-05-29 09:31:44.500,2679.2000,15716,0,84365940.000,0,-,-,-,-,2678.4000,2678.2000,2677.8000,2677.2000,2676.8000,2679.8000,2680.0000,2680.2000,2680.8000,2681.4000,1,2,1,2,1,2,1,1,1,1
SF,IH2009,2020-05-29 09:31:45.000,2679.2000,15716,0,84365940.000,0,-,-,-,-,2678.6000,2678.4000,2678.2000,2677.8000,2677.2000,2679.6000,2679.8000,2680.0000,2680.2000,2680.8000,1,1,2,1,2,1,2,1,1,1
SF,IH2009,2020-05-29 09:31:45.500,2679.2000,15716,0,84365940.000,0,-,-,-,-,2678.4000,2678.2000,2677.8000,2677.2000,2676.8000,2679.8000,2680.0000,2680.2000,2680.8000,2681.4000,1,2,1,2,1,2,1,1,1,1
SF,IH2009,2020-05-29 09:31:46.000,2679.2000,15716,0,84365940.000,0,-,-,-,-,2678.4000,2678.2000,2677.8000,2677.2000,2676.8000,2679.6000,2679.8000,2680.0000,2680.2000,2680.8000,1,3,1,2,1,1,2,1,1,1
SF,IH2009,2020-05-29 09:31:46.500,2679.2000,15716,0,84365940.000,0,-,-,-,-,2678.6000,2678.4000,2678.2000,2677.8000,2677.2000,2679.6000,2679.8000,2680.0000,2680.2000,2680.8000,1,1,3,1,2,1,2,1,1,1
SF,IH2009,2020-05-29 09:31:47.000,2679.2000,15716,0,84365940.000,0,-,-,-,-,2678.4000,2678.2000,2677.8000,2677.2000,2676.8000,2679.6000,2679.8000,2680.0000,2680.2000,2680.8000,1,3,1,2,1,1,2,1,1,1
SF,IH2009,2020-05-29 09:31:47.500,2679.2000,15716,0,84365940.000,0,-,-,-,-,2678.6000,2678.4000,2678.2000,2677.8000,2677.2000,2679.6000,2679.8000,2680.0000,2680.2000,2680.8000,1,2,3,1,2,1,1,1,1,1
SF,IH2009,2020-05-29 09:31:48.000,2679.6000,15716,0,85169820.000,1,0,1,多换,S,2678.8000,2678.4000,2678.2000,2677.8000,2677.2000,2679.8000,2680.0000,2680.2000,2680.8000,2681.4000,1,2,3,2,2,1,2,1,1,1
SF,IH2009,2020-05-29 09:31:48.500,2679.8000,15715,-1,85973760.000,1,0,1,双平,S,2679.6000,2679.0000,2678.4000,2678.2000,2677.8000,2680.0000,2680.2000,2680.8000,2681.4000,2681.8000,1,1,2,3,2,2,1,1,1,1
SF,IH2009,2020-05-29 09:31:49.000,2679.6000,15714,-1,86777640.000,1,0,1,双平,S,2678.4000,2678.2000,2677.8000,2677.2000,2676.0000,2680.0000,2680.2000,2680.8000,2681.4000,2681.8000,2,3,2,2,2,2,1,1,1,1
SF,IH2009,2020-05-29 09:31:49.500,2679.6000,15714,0,86777640.000,0,-,-,-,-,2679.0000,2678.6000,2678.4000,2678.2000,2677.8000,2680.0000,2680.2000,2680.8000,2681.4000,2681.8000,1,2,2,3,2,2,1,1,1,1
SF,IH2009,2020-05-29 09:31:50.000,2679.6000,15714,0,86777640.000,0,-,-,-,-,2679.2000,2679.0000,2678.6000,2678.4000,2678.2000,2680.0000,2680.2000,2680.8000,2681.4000,2681.8000,2,1,1,1,3,2,1,1,1,1
SF,IH2009,2020-05-29 09:31:50.500,2679.6000,15714,0,86777640.000,0,-,-,-,-,2679.2000,2679.0000,2678.6000,2678.4000,2678.2000,2680.0000,2680.2000,2680.8000,2681.4000,2681.8000,2,1,1,1,3,2,1,1,1,1
SF,IH2009,2020-05-29 09:31:51.000,2680.0000,15713,-1,88385640.000,2,0,2,多平,S,2680.0000,2679.2000,2679.0000,2678.6000,2678.4000,2680.8000,2681.4000,2681.8000,2685.0000,2686.6000,1,2,1,1,1,1,1,1,1,5
SF,IH2009,2020-05-29 09:31:51.500,2680.0000,15713,0,88385640.000,0,-,-,-,-,2680.0000,2679.2000,2679.0000,2678.6000,2678.4000,2680.8000,2681.4000,2681.8000,2682.8000,2685.0000,2,1,1,1,1,1,1,1,1,1
SF,IH2009,2020-05-29 09:31:52.000,2680.0000,15713,0,88385640.000,0,-,-,-,-,2680.2000,2680.0000,2679.2000,2679.0000,2678.4000,2681.4000,2681.8000,2682.8000,2685.0000,2686.6000,1,2,1,1,1,1,1,1,1,5
SF,IH2009,2020-05-29 09:31:52.500,2680.0000,15713,0,88385640.000,0,-,-,-,-,2680.0000,2679.2000,2679.0000,2678.4000,2678.2000,2681.4000,2681.8000,2682.8000,2685.0000,2686.6000,2,1,1,1,2,1,1,1,1,5
SF,IH2009,2020-05-29 09:31:53.000,2680.0000,15713,0,88385640.000,0,-,-,-,-,2680.2000,2680.0000,2679.0000,2678.4000,2678.2000,2681.4000,2681.8000,2682.8000,2685.0000,2686.6000,2,2,1,1,2,1,1,1,1,5
SF,IH2009,2020-05-29 09:31:54.500,2680.0000,15713,0,88385640.000,0,-,-,-,-,2680.2000,2680.0000,2679.0000,2678.4000,2678.2000,2681.4000,2681.8000,2682.8000,2685.0000,2686.6000,2,2,1,1,2,1,1,1,1,5
SF,IH2009,2020-05-29 09:31:55.500,2680.0000,15713,0,88385640.000,0,-,-,-,-,2680.2000,2680.0000,2679.6000,2679.0000,2678.4000,2681.2000,2681.4000,2681.8000,2682.8000,2685.0000,1,2,1,1,1,2,1,1,1,1
SF,IH2009,2020-05-29 09:31:56.000,2680.0000,15713,0,88385640.000,0,-,-,-,-,2680.2000,2680.0000,2679.6000,2679.0000,2678.4000,2681.4000,2681.8000,2682.8000,2685.0000,2686.6000,1,2,1,1,1,1,1,1,1,5
SF,IH2009,2020-05-29 09:31:56.500,2680.0000,15713,0,88385640.000,0,-,-,-,-,2680.2000,2680.0000,2679.6000,2679.0000,2678.4000,2681.4000,2681.8000,2682.8000,2685.0000,2686.6000,1,2,1,1,1,1,1,1,1,5
SF,IH2009,2020-05-29 09:31:57.000,2680.0000,15713,0,88385640.000,0,-,-,-,-,2680.2000,2680.0000,2679.6000,2679.0000,2678.4000,2681.2000,2681.4000,2681.8000,2682.8000,2685.0000,1,2,1,1,1,1,1,1,1,1
SF,IH2009,2020-05-29 09:31:57.500,2681.2000,15712,-1,89190000.000,1,0,1,双平,S,2680.0000,2679.6000,2679.0000,2678.4000,2678.2000,2681.4000,2681.8000,2682.8000,2685.0000,2686.6000,2,1,1,1,2,1,1,1,1,5
SF,IH2009,2020-05-29 09:31:58.000,2681.2000,15712,0,89190000.000,0,-,-,-,-,2680.0000,2679.6000,2679.0000,2678.4000,2678.2000,2681.2000,2681.4000,2681.8000,2682.8000,2685.0000,3,1,1,1,2,2,1,1,1,1
SF,IH2009,2020-05-29 09:31:58.500,2681.2000,15712,0,89190000.000,0,-,-,-,-,2680.2000,2680.0000,2679.6000,2679.0000,2678.4000,2681.2000,2681.4000,2681.8000,2682.8000,2685.0000,1,3,1,1,1,2,1,1,1,1
SF,IH2009,2020-05-29 09:31:59.000,2681.2000,15712,0,89190000.000,0,-,-,-,-,2680.2000,2680.0000,2679.6000,2679.0000,2678.4000,2681.2000,2681.4000,2681.8000,2682.8000,2685.0000,1,3,1,1,1,2,1,1,1,1
SF,IH2009,2020-05-29 09:31:59.500,2681.2000,15712,0,89190000.000,0,-,-,-,-,2680.0000,2679.6000,2679.0000,2678.4000,2678.2000,2681.2000,2681.4000,2681.8000,2682.8000,2685.0000,3,1,1,1,2,2,1,1,1,1
SF,IH2009,2020-05-29 09:32:00.000,2681.2000,15712,0,89190000.000,0,-,-,-,-,2680.2000,2680.0000,2679.6000,2679.0000,2678.4000,2681.0000,2681.2000,2681.4000,2681.8000,2682.8000,3,3,1,1,1,1,2,1,1,1
SF,IH2009,2020-05-29 09:32:00.500,2681.0000,15711,-1,89994300.000,1,0,1,双平,S,2680.2000,2680.0000,2679.6000,2679.0000,2678.4000,2681.2000,2681.4000,2681.8000,2682.8000,2685.0000,4,3,1,1,1,2,1,1,1,1
SF,IH2009,2020-05-29 09:32:01.000,2681.0000,15711,0,89994300.000,0,-,-,-,-,2680.2000,2680.0000,2679.6000,2679.0000,2678.4000,2681.2000,2681.4000,2681.8000,2682.8000,2685.0000,4,3,1,1,1,2,1,1,1,1
SF,IH2009,2020-05-29 09:32:01.500,2681.0000,15711,0,89994300.000,0,-,-,-,-,2680.2000,2680.0000,2679.6000,2679.0000,2678.4000,2681.0000,2681.2000,2681.4000,2681.8000,2682.8000,4,3,1,1,1,1,2,1,1,1
SF,IH2009,2020-05-29 09:32:02.000,2681.0000,15711,0,89994300.000,0,-,-,-,-,2680.2000,2680.0000,2679.6000,2679.0000,2678.4000,2681.2000,2681.4000,2681.8000,2682.8000,2685.0000,3,3,1,1,1,2,1,1,1,1
SF,IH2009,2020-05-29 09:32:02.500,2681.0000,15711,0,89994300.000,0,-,-,-,-,2680.2000,2680.0000,2679.6000,2679.0000,2678.4000,2681.0000,2681.2000,2681.4000,2681.8000,2682.8000,3,3,1,1,1,1,2,1,1,1
SF,IH2009,2020-05-29 09:32:03.000,2680.2000,15710,-1,91602420.000,2,0,2,多平,S,2680.0000,2679.6000,2679.0000,2678.4000,2678.2000,2681.0000,2681.2000,2681.4000,2681.8000,2682.8000,3,1,1,1,2,2,2,1,1,1
SF,IH2009,2020-05-29 09:32:03.500,2680.0000,15709,-1,94014420.000,3,1,2,多平,S,2679.6000,2679.0000,2678.4000,2678.2000,2678.0000,2680.8000,2681.0000,2681.2000,2681.4000,2681.8000,1,1,1,2,1,2,2,2,1,1
SF,IH2009,2020-05-29 09:32:04.000,2679.6000,15708,-1,94818300.000,1,0,1,双平,S,2679.0000,2678.4000,2678.2000,2678.0000,2677.8000,2680.6000,2680.8000,2681.2000,2681.4000,2681.8000,1,1,2,1,1,1,2,2,1,1
SF,IH2009,2020-05-29 09:32:04.500,2679.6000,15708,0,94818300.000,0,-,-,-,-,2679.0000,2678.4000,2678.2000,2678.0000,2677.8000,2680.4000,2681.2000,2681.4000,2681.8000,2682.8000,1,1,2,1,1,3,2,1,1,1
SF,IH2009,2020-05-29 09:32:05.000,2679.6000,15708,0,94818300.000,0,-,-,-,-,2679.0000,2678.4000,2678.2000,2678.0000,2677.8000,2680.4000,2681.2000,2681.4000,2681.8000,2685.0000,1,1,2,1,1,3,2,1,1,1
SF,IH2009,2020-05-29 09:32:05.500,2679.6000,15708,0,94818300.000,0,-,-,-,-,2679.0000,2678.2000,2678.0000,2677.8000,2677.2000,2680.2000,2680.4000,2681.2000,2681.4000,2681.8000,1,2,1,1,3,9,2,2,1,1
SF,IH2009,2020-05-29 09:32:06.000,2679.6000,15708,0,94818300.000,0,-,-,-,-,2679.0000,2678.2000,2678.0000,2677.8000,2677.2000,2680.0000,2680.2000,2680.4000,2681.2000,2681.4000,1,2,1,1,3,2,1,1,2,1
SF,IH2009,2020-05-29 09:32:06.500,2679.6000,15708,0,94818300.000,0,-,-,-,-,2679.0000,2678.2000,2678.0000,2677.8000,2677.2000,2680.0000,2680.4000,2681.2000,2681.4000,2681.8000,1,2,1,1,3,2,1,2,1,1
SF,IH2009,2020-05-29 09:32:07.000,2679.6000,15708,0,94818300.000,0,-,-,-,-,2679.0000,2678.2000,2678.0000,2677.8000,2677.2000,2680.0000,2680.4000,2681.2000,2681.4000,2681.8000,1,2,1,1,3,1,1,2,1,1
SF,IH2009,2020-05-29 09:32:08.500,2679.6000,15708,0,94818300.000,0,-,-,-,-,2679.2000,2679.0000,2678.2000,2678.0000,2677.8000,2680.4000,2681.2000,2681.4000,2681.8000,2685.0000,1,1,2,1,1,1,2,1,1,1
SF,IH2009,2020-05-29 09:32:09.000,2679.6000,15708,0,94818300.000,0,-,-,-,-,2679.2000,2679.0000,2678.2000,2678.0000,2677.8000,2680.2000,2680.4000,2681.2000,2681.4000,2681.8000,1,1,2,1,1,2,1,2,1,1
SF,IH2009,2020-05-29 09:32:09.500,2679.6000,15708,0,94818300.000,0,-,-,-,-,2680.2000,2679.0000,2678.2000,2678.0000,2677.8000,2680.4000,2681.2000,2681.4000,2681.8000,2685.0000,1,1,2,1,1,1,2,1,1,1
SF,IH2009,2020-05-29 09:32:10.000,2680.2000,15707,-1,95622360.000,1,0,1,双平,S,2679.0000,2678.2000,2678.0000,2677.8000,2677.2000,2680.4000,2681.2000,2681.4000,2681.8000,2685.0000,1,2,1,1,2,1,2,1,1,1
SF,IH2009,2020-05-29 09:32:10.500,2680.4000,15706,-1,96426480.000,1,0,1,双平,S,2679.6000,2679.2000,2679.0000,2678.2000,2678.0000,2681.2000,2681.4000,2681.8000,2685.0000,2686.6000,1,4,2,2,1,2,1,1,1,5
SF,IH2009,2020-05-29 09:32:11.000,2680.4000,15706,0,96426480.000,0,-,-,-,-,2679.8000,2679.6000,2679.2000,2679.0000,2678.2000,2681.0000,2681.2000,2681.4000,2681.8000,2682.8000,2,1,1,1,2,1,2,1,1,1
SF,IH2009,2020-05-29 09:32:11.500,2680.4000,15706,0,96426480.000,0,-,-,-,-,2680.0000,2679.8000,2679.6000,2679.2000,2679.0000,2681.2000,2681.4000,2681.8000,2682.8000,2685.0000,1,2,1,1,1,2,1,1,1,1
SF,IH2009,2020-05-29 09:32:12.000,2680.4000,15706,0,96426480.000,0,-,-,-,-,2679.8000,2679.6000,2679.0000,2678.2000,2678.0000,2681.0000,2681.2000,2681.4000,2681.8000,2682.8000,1,1,1,1,1,1,2,1,1,1
SF,IH2009,2020-05-29 09:32:12.500,2680.4000,15706,0,96426480.000,0,-,-,-,-,2679.8000,2679.6000,2679.0000,2678.2000,2678.0000,2681.0000,2681.2000,2681.4000,2681.8000,2682.8000,1,1,2,1,1,2,2,1,1,1
SF,IH2009,2020-05-29 09:32:13.000,2680.4000,15706,0,96426480.000,0,-,-,-,-,2679.8000,2679.6000,2679.0000,2678.2000,2678.0000,2680.8000,2681.0000,2681.2000,2681.4000,2681.8000,1,1,2,1,1,1,1,2,1,1
SF,IH2009,2020-05-29 09:32:13.500,2680.4000,15706,0,96426480.000,0,-,-,-,-,2679.8000,2679.0000,2678.2000,2678.0000,2677.8000,2680.8000,2681.2000,2681.4000,2681.8000,2682.8000,1,2,1,1,1,1,2,1,1,1
SF,IH2009,2020-05-29 09:32:15.000,2680.4000,15706,0,96426480.000,0,-,-,-,-,2679.8000,2679.0000,2678.2000,2678.0000,2677.8000,2680.8000,2681.2000,2681.4000,2681.8000,2682.8000,1,1,1,1,1,1,2,1,1,1
SF,IH2009,2020-05-29 09:32:15.500,2680.4000,15706,0,96426480.000,0,-,-,-,-,2680.0000,2679.8000,2679.0000,2678.2000,2678.0000,2680.8000,2681.2000,2681.4000,2681.8000,2682.8000,1,1,1,1,1,1,2,1,1,1
SF,IH2009,2020-05-29 09:32:17.500,2680.4000,15706,0,96426480.000,0,-,-,-,-,2680.0000,2679.8000,2679.0000,2678.2000,2678.0000,2681.2000,2681.4000,2681.8000,2682.8000,2685.0000,1,2,1,1,1,2,1,1,1,1
SF,IH2009,2020-05-29 09:32:18.000,2680.4000,15706,0,96426480.000,0,-,-,-,-,2680.0000,2679.8000,2679.0000,2678.2000,2678.0000,2680.2000,2681.2000,2681.4000,2681.8000,2682.8000,1,2,1,1,1,1,2,1,1,1
SF,IH2009,2020-05-29 09:32:18.500,2680.2000,15705,-1,97230540.000,1,0,1,双平,S,2680.2000,2680.0000,2679.8000,2679.0000,2678.2000,2681.2000,2681.4000,2681.8000,2685.0000,2686.6000,3,1,1,1,1,2,1,1,1,5
SF,IH2009,2020-05-29 09:32:19.000,2680.2000,15705,0,97230540.000,0,-,-,-,-,2680.2000,2680.0000,2679.8000,2679.0000,2678.2000,2681.2000,2681.4000,2681.8000,2682.8000,2685.0000,3,1,1,1,1,2,1,1,1,1
SF,IH2009,2020-05-29 09:32:20.000,2680.2000,15705,0,97230540.000,0,-,-,-,-,2680.2000,2680.0000,2679.8000,2679.0000,2678.2000,2681.0000,2681.2000,2681.4000,2681.8000,2682.8000,3,1,1,1,1,1,2,1,1,1
SF,IH2009,2020-05-29 09:32:20.500,2680.2000,15705,0,97230540.000,0,-,-,-,-,2680.2000,2680.0000,2679.8000,2679.0000,2678.2000,2681.0000,2681.2000,2681.4000,2681.8000,2682.8000,2,1,1,1,1,1,2,1,1,1
SF,IH2009,2020-05-29 09:32:22.000,2680.2000,15704,-1,98034600.000,1,0,1,双平,S,2680.2000,2680.0000,2679.8000,2679.0000,2678.2000,2681.0000,2681.2000,2681.4000,2681.8000,2682.8000,1,1,1,1,1,1,2,1,1,1
SF,IH2009,2020-05-29 09:32:22.500,2680.2000,15704,0,98034600.000,0,-,-,-,-,2680.2000,2680.0000,2679.8000,2679.0000,2678.2000,2681.0000,2681.2000,2681.4000,2681.8000,2682.8000,1,1,1,1,1,1,2,1,1,1
SF,IH2009,2020-05-29 09:32:23.000,2680.2000,15704,0,98034600.000,0,-,-,-,-,2680.0000,2679.8000,2679.0000,2678.2000,2678.0000,2681.0000,2681.2000,2681.4000,2681.8000,2682.8000,1,1,1,1,1,1,2,1,1,1
SF,IH2009,2020-05-29 09:32:23.500,2680.2000,15704,0,98034600.000,0,-,-,-,-,2680.0000,2679.8000,2679.0000,2678.2000,2678.0000,2680.8000,2681.0000,2681.2000,2681.4000,2681.8000,1,1,1,1,1,1,1,2,1,1
SF,IH2009,2020-05-29 09:32:24.000,2680.2000,15704,0,98034600.000,0,-,-,-,-,2680.0000,2679.8000,2679.0000,2678.2000,2678.0000,2681.0000,2681.2000,2681.4000,2681.8000,2682.8000,1,1,1,1,1,1,2,1,1,1
SF,IH2009,2020-05-29 09:32:24.500,2680.2000,15704,0,98034600.000,0,-,-,-,-,2680.0000,2679.8000,2679.0000,2678.2000,2678.0000,2681.0000,2681.2000,2681.4000,2681.8000,2682.8000,2,1,1,1,1,1,2,1,1,1
SF,IH2009,2020-05-29 09:32:25.000,2680.2000,15704,0,98034600.000,0,-,-,-,-,2680.2000,2680.0000,2679.8000,2679.0000,2678.2000,2681.0000,2681.2000,2681.4000,2681.8000,2682.8000,1,2,1,1,1,1,2,1,1,1
SF,IH2009,2020-05-29 09:32:26.500,2681.0000,15703,-1,98838900.000,1,0,1,双平,S,2680.2000,2680.0000,2679.8000,2679.0000,2678.2000,2681.2000,2681.4000,2681.8000,2682.8000,2685.0000,2,2,1,1,1,2,1,1,1,1
SF,IH2009,2020-05-29 09:32:27.000,2681.4000,15701,-2,101252040.000,3,0,3,多平,S,2681.4000,2680.4000,2680.2000,2680.0000,2679.8000,2681.8000,2682.8000,2685.0000,2686.6000,2688.0000,1,4,2,1,1,1,1,1,5,2
SF,IH2009,2020-05-29 09:32:27.500,2681.8000,15700,-1,102056580.000,1,0,1,双平,S,2681.8000,2681.2000,2680.4000,2680.2000,2680.0000,2682.8000,2685.0000,2686.6000,2688.0000,2690.0000,1,1,4,2,1,1,1,5,2,1
SF,IH2009,2020-05-29 09:32:28.000,2681.8000,15700,0,102056580.000,0,-,-,-,-,2681.8000,2681.2000,2680.4000,2680.2000,2680.0000,2682.6000,2682.8000,2684.0000,2685.0000,2686.6000,2,1,3,2,2,1,1,1,1,5
SF,IH2009,2020-05-29 09:32:28.500,2681.8000,15700,0,102056580.000,0,-,-,-,-,2681.8000,2681.2000,2680.4000,2680.2000,2680.0000,2682.6000,2682.8000,2684.0000,2685.0000,2688.0000,2,1,3,2,2,1,1,1,1,2
SF,IH2009,2020-05-29 09:32:29.000,2681.8000,15700,0,102056580.000,0,-,-,-,-,2682.6000,2681.8000,2681.2000,2680.4000,2680.2000,2682.8000,2684.0000,2685.0000,2688.0000,2690.0000,1,1,1,3,2,1,1,1,2,1
SF,IH2009,2020-05-29 09:32:29.500,2682.8000,15699,-1,102861420.000,1,0,1,双平,S,2681.8000,2681.2000,2680.4000,2680.2000,2680.0000,2684.0000,2685.0000,2688.0000,2690.0000,2690.4000,1,1,3,2,2,1,2,2,1,5
SF,IH2009,2020-05-29 09:32:30.000,2682.8000,15699,0,102861420.000,0,-,-,-,-,2682.0000,2681.8000,2681.2000,2680.4000,2680.2000,2683.8000,2684.0000,2685.0000,2686.0000,2688.0000,1,1,2,3,2,2,1,2,1,2
SF,IH2009,2020-05-29 09:32:30.500,2682.8000,15699,0,102861420.000,0,-,-,-,-,2682.0000,2681.2000,2680.4000,2680.2000,2680.0000,2683.0000,2683.2000,2683.6000,2683.8000,2684.0000,1,2,3,2,2,3,2,1,3,1
SF,IH2009,2020-05-29 09:32:31.000,2682.8000,15699,0,102861420.000,0,-,-,-,-,2682.0000,2681.2000,2680.4000,2680.2000,2680.0000,2683.0000,2683.2000,2683.6000,2683.8000,2684.0000,1,2,3,2,2,3,2,1,2,1
SF,IH2009,2020-05-29 09:32:31.500,2682.8000,15699,0,102861420.000,0,-,-,-,-,2682.0000,2681.2000,2680.4000,2680.2000,2680.0000,2683.8000,2684.0000,2685.0000,2688.0000,2690.0000,1,2,3,2,2,2,1,2,2,1
SF,IH2009,2020-05-29 09:32:32.000,2682.8000,15699,0,102861420.000,0,-,-,-,-,2682.0000,2681.2000,2680.4000,2680.2000,2680.0000,2683.6000,2683.8000,2684.0000,2685.0000,2688.0000,2,2,3,2,2,2,2,1,2,2
SF,IH2009,2020-05-29 09:32:32.500,2682.8000,15699,0,102861420.000,0,-,-,-,-,2682.0000,2681.2000,2680.4000,2680.2000,2680.0000,2683.2000,2683.6000,2683.8000,2684.0000,2685.0000,2,2,3,2,2,2,3,2,1,2
SF,IH2009,2020-05-29 09:32:33.000,2682.8000,15699,0,102861420.000,0,-,-,-,-,2682.2000,2682.0000,2681.2000,2680.4000,2680.2000,2683.0000,2683.2000,2683.8000,2684.0000,2685.0000,1,2,2,3,2,1,2,2,1,2
SF,IH2009,2020-05-29 09:32:33.500,2683.0000,15699,0,103666320.000,1,0,1,多换,S,2682.0000,2681.2000,2680.4000,2680.2000,2680.0000,2683.2000,2683.8000,2684.0000,2685.0000,2688.0000,2,2,3,2,2,2,2,1,2,2
SF,IH2009,2020-05-29 09:32:34.000,2683.0000,15699,0,103666320.000,0,-,-,-,-,2683.0000,2682.2000,2682.0000,2681.2000,2680.4000,2683.8000,2684.0000,2685.0000,2688.0000,2690.0000,3,1,2,2,3,1,1,2,2,1
SF,IH2009,2020-05-29 09:32:34.500,2683.0000,15699,0,103666320.000,0,-,-,-,-,2683.0000,2682.4000,2682.2000,2682.0000,2681.2000,2684.0000,2685.0000,2688.0000,2690.0000,2690.4000,2,1,2,3,2,1,2,2,1,5
SF,IH2009,2020-05-29 09:32:35.000,2683.0000,15699,0,103666320.000,0,-,-,-,-,2683.0000,2682.4000,2682.2000,2682.0000,2681.2000,2685.0000,2686.0000,2688.0000,2690.0000,2690.4000,2,1,2,3,2,2,1,2,1,5
SF,IH2009,2020-05-29 09:32:35.500,2683.0000,15699,0,103666320.000,0,-,-,-,-,2684.0000,2683.2000,2683.0000,2682.4000,2682.2000,2684.8000,2685.0000,2686.0000,2687.0000,2688.0000,1,2,3,1,2,2,2,1,1,2
SF,IH2009,2020-05-29 09:32:36.000,2683.0000,15699,0,103666320.000,0,-,-,-,-,2684.0000,2683.2000,2683.0000,2682.4000,2682.2000,2684.8000,2685.0000,2686.0000,2687.0000,2688.0000,1,3,3,1,2,3,2,1,1,2
SF,IH2009,2020-05-29 09:32:36.500,2683.0000,15699,0,103666320.000,0,-,-,-,-,2684.0000,2683.2000,2683.0000,2682.4000,2682.2000,2684.8000,2685.0000,2686.0000,2687.0000,2688.0000,1,3,3,1,2,1,2,1,1,2
SF,IH2009,2020-05-29 09:32:37.000,2683.0000,15699,0,103666320.000,0,-,-,-,-,2684.0000,2683.2000,2683.0000,2682.4000,2682.2000,2685.0000,2686.0000,2687.0000,2688.0000,2690.0000,1,3,3,1,2,2,1,1,2,1
SF,IH2009,2020-05-29 09:32:37.500,2684.6000,15699,0,104471700.000,1,0,1,多换,S,2684.0000,2683.2000,2683.0000,2682.4000,2682.2000,2684.6000,2685.0000,2686.0000,2687.0000,2688.0000,2,3,3,1,2,1,2,1,1,2
SF,IH2009,2020-05-29 09:32:38.000,2684.6000,15698,-1,105277080.000,1,0,1,双平,S,2684.6000,2684.2000,2684.0000,2683.2000,2683.0000,2685.0000,2686.0000,2688.0000,2690.4000,2698.4000,3,1,1,3,3,2,1,2,5,1
SF,IH2009,2020-05-29 09:32:38.500,2685.0000,15697,-1,106888080.000,2,0,2,多平,S,2685.0000,2684.8000,2684.6000,2684.2000,2684.0000,2686.0000,2687.0000,2688.0000,2690.4000,2698.4000,2,1,2,1,1,1,1,2,5,1
SF,IH2009,2020-05-29 09:32:39.000,2685.0000,15697,0,106888080.000,0,-,-,-,-,2685.2000,2685.0000,2684.8000,2684.6000,2684.2000,2686.0000,2687.0000,2688.0000,2690.4000,2698.4000,1,2,1,2,1,2,1,3,5,1
SF,IH2009,2020-05-29 09:32:39.500,2685.0000,15697,0,106888080.000,0,-,-,-,-,2685.2000,2685.0000,2684.8000,2684.6000,2684.2000,2685.6000,2685.8000,2686.0000,2687.0000,2688.0000,1,2,1,2,1,1,1,2,1,3
SF,IH2009,2020-05-29 09:32:40.000,2685.8000,15695,-2,108499500.000,2,0,2,双平,S,2685.2000,2685.0000,2684.8000,2684.6000,2684.2000,2687.0000,2688.0000,2690.4000,2698.4000,2700.0000,1,2,1,2,1,1,2,5,1,1
SF,IH2009,2020-05-29 09:32:40.500,2685.8000,15695,0,108499500.000,0,-,-,-,-,2685.4000,2685.0000,2684.8000,2684.6000,2684.2000,2687.0000,2687.8000,2688.0000,2694.2000,2698.4000,2,2,1,2,1,1,1,2,5,1
SF,IH2009,2020-05-29 09:32:41.000,2685.8000,15695,0,108499500.000,0,-,-,-,-,2685.4000,2685.0000,2684.8000,2684.6000,2684.2000,2686.8000,2687.0000,2687.8000,2688.0000,2694.2000,2,2,1,2,1,4,2,1,2,5
SF,IH2009,2020-05-29 09:32:41.500,2685.8000,15695,0,108499500.000,0,-,-,-,-,2685.6000,2685.4000,2685.2000,2685.0000,2684.8000,2687.0000,2687.8000,2688.0000,2694.2000,2698.4000,1,2,1,2,1,1,1,2,5,1
SF,IH2009,2020-05-29 09:32:42.000,2686.6000,15695,0,109305480.000,1,0,1,多换,S,2685.4000,2685.0000,2684.8000,2684.6000,2683.0000,2686.8000,2687.0000,2687.8000,2688.0000,2694.2000,1,2,1,2,1,3,1,1,2,5
SF,IH2009,2020-05-29 09:32:42.500,2686.6000,15695,0,109305480.000,0,-,-,-,-,2686.0000,2685.6000,2685.4000,2685.2000,2685.0000,2686.8000,2687.0000,2687.8000,2688.0000,2694.2000,1,1,1,1,2,1,1,1,2,5
SF,IH2009,2020-05-29 09:32:43.000,2686.6000,15695,0,109305480.000,0,-,-,-,-,2686.0000,2685.4000,2685.2000,2685.0000,2684.8000,2687.0000,2687.8000,2688.0000,2694.2000,2698.4000,1,1,1,2,1,1,1,2,5,1
SF,IH2009,2020-05-29 09:32:43.500,2686.6000,15695,0,109305480.000,0,-,-,-,-,2686.0000,2685.4000,2685.0000,2684.8000,2684.6000,2687.0000,2687.8000,2688.0000,2689.0000,2694.2000,1,1,2,1,2,1,1,2,1,5
SF,IH2009,2020-05-29 09:32:44.000,2686.0000,15694,-1,110111280.000,1,0,1,双平,S,2685.4000,2685.0000,2684.8000,2684.6000,2683.0000,2686.8000,2687.0000,2687.8000,2688.0000,2689.0000,1,2,1,2,1,1,2,1,2,1
SF,IH2009,2020-05-29 09:32:44.500,2686.0000,15694,0,110111280.000,0,-,-,-,-,2685.6000,2685.4000,2685.2000,2685.0000,2684.8000,2687.0000,2687.8000,2688.0000,2689.0000,2694.2000,1,1,1,2,1,1,1,2,1,5
SF,IH2009,2020-05-29 09:32:45.000,2686.0000,15694,0,110111280.000,0,-,-,-,-,2685.8000,2685.2000,2685.0000,2684.8000,2684.6000,2687.0000,2687.8000,2688.0000,2689.0000,2694.2000,2,1,2,1,2,2,1,2,1,5
SF,IH2009,2020-05-29 09:32:45.500,2687.0000,15693,-1,110917380.000,1,0,1,双平,S,2685.8000,2685.2000,2685.0000,2684.8000,2684.6000,2687.8000,2688.0000,2689.0000,2694.2000,2698.4000,2,1,2,1,2,1,2,1,5,1
SF,IH2009,2020-05-29 09:32:46.000,2687.0000,15693,0,110917380.000,0,-,-,-,-,2687.0000,2686.0000,2685.8000,2685.2000,2685.0000,2687.4000,2687.6000,2687.8000,2688.0000,2689.0000,1,1,2,1,2,7,5,1,3,1
SF,IH2009,2020-05-29 09:32:46.500,2687.0000,15693,0,111723480.000,1,0,1,多换,S,2685.8000,2685.2000,2685.0000,2684.8000,2683.0000,2687.0000,2687.4000,2687.6000,2687.8000,2688.0000,1,1,1,1,1,9,7,3,1,3
SF,IH2009,2020-05-29 09:32:47.000,2687.0000,15693,0,111723480.000,0,-,-,-,-,2686.0000,2685.8000,2685.6000,2685.2000,2685.0000,2686.8000,2687.0000,2687.6000,2687.8000,2688.0000,2,2,1,1,1,3,4,1,1,3
SF,IH2009,2020-05-29 09:32:47.500,2686.8000,15690,-3,114141660.000,3,0,3,双平,S,2686.2000,2686.0000,2685.8000,2685.6000,2685.2000,2687.8000,2688.0000,2689.0000,2690.8000,2694.2000,1,2,1,1,1,1,2,1,1,5
SF,IH2009,2020-05-29 09:32:48.000,2686.8000,15690,0,114141660.000,0,-,-,-,-,2686.4000,2686.2000,2686.0000,2685.6000,2685.2000,2687.4000,2687.8000,2688.0000,2689.0000,2690.8000,2,2,2,1,1,1,2,2,1,1
SF,IH2009,2020-05-29 09:32:48.500,2686.8000,15690,0,114141660.000,0,-,-,-,-,2686.8000,2686.6000,2686.4000,2686.2000,2686.0000,2687.4000,2687.8000,2688.0000,2689.0000,2690.8000,1,2,1,1,2,1,1,2,1,1
SF,IH2009,2020-05-29 09:32:49.000,2686.8000,15690,0,114141660.000,0,-,-,-,-,2686.8000,2686.6000,2686.2000,2686.0000,2685.6000,2687.4000,2687.8000,2688.0000,2689.0000,2690.8000,1,1,1,2,1,1,1,2,1,1
SF,IH2009,2020-05-29 09:32:49.500,2686.8000,15690,0,114141660.000,0,-,-,-,-,2686.8000,2686.6000,2686.2000,2686.0000,2685.6000,2687.8000,2688.0000,2689.0000,2690.8000,2694.2000,1,1,1,2,1,1,2,1,1,5
SF,IH2009,2020-05-29 09:32:50.000,2686.8000,15690,0,114141660.000,0,-,-,-,-,2687.0000,2686.8000,2686.6000,2686.2000,2686.0000,2688.0000,2689.0000,2690.8000,2694.2000,2698.4000,2,1,1,1,2,2,1,1,5,1
SF,IH2009,2020-05-29 09:32:50.500,2688.0000,15688,-2,115754460.000,2,0,2,双平,S,2688.0000,2687.2000,2687.0000,2686.8000,2686.6000,2689.0000,2690.0000,2690.8000,2694.2000,2698.4000,2,3,1,1,1,1,1,1,5,1
SF,IH2009,2020-05-29 09:32:51.000,2688.0000,15688,0,115754460.000,0,-,-,-,-,2688.2000,2688.0000,2687.2000,2686.8000,2686.6000,2689.0000,2690.0000,2690.8000,2694.2000,2698.4000,1,1,2,2,1,1,1,1,5,1
SF,IH2009,2020-05-29 09:32:51.500,2688.0000,15688,0,115754460.000,0,-,-,-,-,2688.2000,2688.0000,2687.2000,2686.8000,2686.6000,2689.0000,2690.0000,2690.8000,2694.2000,2698.4000,1,1,2,2,1,1,1,1,5,1
SF,IH2009,2020-05-29 09:32:52.000,2688.0000,15688,0,115754460.000,0,-,-,-,-,2688.2000,2688.0000,2687.2000,2686.8000,2686.6000,2689.0000,2690.0000,2690.8000,2694.2000,2698.4000,1,1,2,2,1,1,1,1,5,1
SF,IH2009,2020-05-29 09:32:52.500,2688.0000,15688,0,115754460.000,0,-,-,-,-,2688.2000,2688.0000,2687.2000,2686.8000,2686.6000,2689.0000,2690.0000,2690.8000,2694.2000,2698.4000,1,1,2,2,1,1,1,1,5,1
SF,IH2009,2020-05-29 09:32:53.000,2688.0000,15688,0,115754460.000,0,-,-,-,-,2688.2000,2688.0000,2687.2000,2686.8000,2686.0000,2690.0000,2690.8000,2694.2000,2700.0000,2705.0000,1,2,2,2,2,1,1,5,1,2
SF,IH2009,2020-05-29 09:32:53.500,2688.0000,15688,0,115754460.000,0,-,-,-,-,2688.4000,2688.0000,2687.2000,2686.8000,2686.0000,2689.8000,2690.0000,2690.8000,2694.2000,2700.0000,2,2,2,2,2,1,2,2,5,1
SF,IH2009,2020-05-29 09:32:54.000,2688.0000,15688,0,115754460.000,0,-,-,-,-,2688.6000,2688.4000,2688.0000,2687.2000,2686.8000,2690.0000,2690.8000,2694.2000,2700.0000,2705.0000,1,2,2,2,2,1,2,5,1,2
SF,IH2009,2020-05-29 09:32:54.500,2688.2000,15687,-1,116560920.000,1,0,1,双平,S,2688.6000,2688.4000,2688.0000,2687.2000,2686.8000,2690.0000,2690.8000,2694.2000,2700.0000,2705.0000,1,1,2,2,2,1,2,5,1,2
SF,IH2009,2020-05-29 09:32:55.000,2688.2000,15687,0,116560920.000,0,-,-,-,-,2688.8000,2688.4000,2688.0000,2687.2000,2686.8000,2690.0000,2690.8000,2694.2000,2700.0000,2705.0000,1,1,2,2,2,1,2,5,1,2
SF,IH2009,2020-05-29 09:32:55.500,2688.2000,15687,0,116560920.000,0,-,-,-,-,2688.4000,2688.0000,2687.2000,2686.8000,2686.0000,2689.8000,2690.0000,2690.8000,2694.2000,2700.0000,1,2,2,2,2,1,2,2,5,1
SF,IH2009,2020-05-29 09:32:56.000,2688.2000,15687,0,116560920.000,0,-,-,-,-,2688.0000,2687.2000,2686.8000,2686.0000,2685.6000,2688.4000,2689.6000,2689.8000,2690.0000,2690.8000,1,2,2,2,1,1,2,1,1,2
SF,IH2009,2020-05-29 09:32:56.500,2688.4000,15686,-1,117367440.000,1,0,1,双平,S,2687.2000,2686.8000,2686.0000,2685.6000,2683.0000,2689.6000,2690.0000,2690.8000,2694.2000,2700.0000,2,2,2,1,1,2,1,1,5,1
SF,IH2009,2020-05-29 09:32:57.000,2688.4000,15686,0,117367440.000,0,-,-,-,-,2687.4000,2687.2000,2686.8000,2686.0000,2685.8000,2688.0000,2689.0000,2689.4000,2689.6000,2689.8000,2,1,2,2,1,1,1,5,1,1
SF,IH2009,2020-05-29 09:32:57.500,2688.4000,15686,0,117367440.000,0,-,-,-,-,2687.4000,2687.2000,2686.8000,2686.0000,2685.8000,2688.0000,2689.0000,2689.4000,2689.6000,2689.8000,1,1,2,2,1,1,1,2,1,1
SF,IH2009,2020-05-29 09:32:58.000,2688.4000,15686,0,117367440.000,0,-,-,-,-,2687.4000,2687.2000,2686.8000,2686.0000,2685.8000,2688.0000,2689.4000,2689.6000,2689.8000,2690.0000,1,1,2,2,1,1,2,1,1,1
SF,IH2009,2020-05-29 09:32:58.500,2688.4000,15686,0,117367440.000,0,-,-,-,-,2687.2000,2686.8000,2686.0000,2685.8000,2685.6000,2688.0000,2689.4000,2689.6000,2689.8000,2690.0000,1,2,2,1,1,1,2,1,1,1
SF,IH2009,2020-05-29 09:32:59.000,2688.4000,15686,0,117367440.000,0,-,-,-,-,2687.2000,2686.8000,2686.0000,2685.8000,2685.6000,2688.0000,2689.4000,2689.6000,2689.8000,2690.0000,1,2,2,1,1,1,1,1,1,1
SF,IH2009,2020-05-29 09:32:59.500,2688.4000,15686,0,117367440.000,0,-,-,-,-,2687.4000,2687.2000,2686.8000,2686.0000,2685.8000,2689.4000,2689.6000,2689.8000,2690.0000,2690.8000,1,1,1,2,1,1,1,1,1,1
SF,IH2009,2020-05-29 09:33:00.000,2688.4000,15686,0,117367440.000,0,-,-,-,-,2687.2000,2686.8000,2686.0000,2685.8000,2685.6000,2689.0000,2689.2000,2689.4000,2689.8000,2690.0000,1,1,2,1,1,8,5,2,1,1
SF,IH2009,2020-05-29 09:33:00.500,2688.4000,15686,0,117367440.000,0,-,-,-,-,2687.4000,2687.2000,2686.8000,2686.0000,2685.8000,2688.8000,2689.0000,2689.2000,2689.8000,2690.0000,1,1,1,2,1,3,1,2,1,1
SF,IH2009,2020-05-29 09:33:01.000,2688.4000,15686,0,117367440.000,0,-,-,-,-,2687.2000,2686.8000,2686.0000,2685.8000,2685.6000,2688.8000,2689.2000,2689.8000,2690.0000,2690.8000,1,1,2,1,1,3,1,1,1,1
SF,IH2009,2020-05-29 09:33:01.500,2688.4000,15686,0,117367440.000,0,-,-,-,-,2687.4000,2687.2000,2686.8000,2686.0000,2685.8000,2688.8000,2689.8000,2690.0000,2690.8000,2694.2000,2,1,1,2,1,1,1,1,1,5
SF,IH2009,2020-05-29 09:33:02.000,2688.4000,15686,0,117367440.000,0,-,-,-,-,2687.4000,2687.2000,2686.8000,2686.0000,2685.8000,2688.0000,2688.6000,2688.8000,2689.8000,2690.0000,1,1,1,2,1,1,1,1,1,1
SF,IH2009,2020-05-29 09:33:02.500,2688.4000,15686,0,117367440.000,0,-,-,-,-,2687.4000,2687.2000,2686.8000,2686.0000,2685.8000,2688.0000,2688.8000,2689.8000,2690.0000,2694.2000,1,1,1,2,1,1,1,1,1,5
SF,IH2009,2020-05-29 09:33:03.500,2688.0000,15685,-1,118173840.000,1,0,1,双平,S,2687.4000,2687.2000,2686.8000,2686.0000,2685.8000,2688.8000,2689.8000,2690.0000,2694.2000,2700.0000,1,1,1,2,1,1,1,1,5,1
SF,IH2009,2020-05-29 09:33:04.000,2688.0000,15685,0,118173840.000,0,-,-,-,-,2687.2000,2686.8000,2686.0000,2685.8000,2685.6000,2688.6000,2688.8000,2689.8000,2690.0000,2690.8000,2,1,2,1,1,1,1,1,1,1
SF,IH2009,2020-05-29 09:33:04.500,2688.0000,15685,0,118173840.000,0,-,-,-,-,2687.2000,2686.8000,2686.0000,2685.8000,2685.6000,2688.4000,2688.6000,2689.8000,2690.0000,2690.8000,1,1,2,1,1,3,3,1,1,1
SF,IH2009,2020-05-29 09:33:05.000,2688.0000,15685,0,118980240.000,1,0,1,多换,S,2687.2000,2686.8000,2686.0000,2685.8000,2685.6000,2688.2000,2688.4000,2688.6000,2689.8000,2690.0000,1,1,2,1,1,1,4,1,1,1
SF,IH2009,2020-05-29 09:33:05.500,2688.0000,15685,0,118980240.000,0,-,-,-,-,2687.2000,2686.8000,2686.0000,2685.8000,2685.6000,2688.2000,2688.4000,2688.6000,2689.8000,2690.0000,1,1,2,1,1,1,2,1,1,1
SF,IH2009,2020-05-29 09:33:06.000,2687.2000,15685,0,119786400.000,1,0,1,多换,S,2686.0000,2685.8000,2685.6000,2683.0000,2681.2000,2687.2000,2687.8000,2688.0000,2688.2000,2688.4000,2,1,1,1,1,1,7,4,2,1
SF,IH2009,2020-05-29 09:33:06.500,2687.2000,15685,0,119786400.000,0,-,-,-,-,2686.2000,2686.0000,2685.8000,2685.6000,2683.0000,2687.2000,2688.0000,2688.2000,2688.4000,2689.8000,2,2,1,1,1,1,3,1,1,1
SF,IH2009,2020-05-29 09:33:07.000,2687.2000,15685,0,119786400.000,0,-,-,-,-,2686.2000,2686.0000,2685.8000,2685.6000,2684.6000,2687.2000,2688.0000,2688.4000,2689.8000,2694.2000,1,2,1,1,1,2,2,2,1,5
SF,IH2009,2020-05-29 09:33:07.500,2687.2000,15685,0,119786400.000,0,-,-,-,-,2686.4000,2686.2000,2686.0000,2685.8000,2685.6000,2687.2000,2688.0000,2688.4000,2689.8000,2694.2000,1,1,2,1,1,1,2,2,1,5
SF,IH2009,2020-05-29 09:33:09.000,2687.2000,15685,0,119786400.000,0,-,-,-,-,2686.4000,2686.2000,2686.0000,2685.8000,2685.6000,2687.2000,2688.0000,2688.4000,2689.8000,2692.8000,1,1,2,1,1,1,2,2,1,1
SF,IH2009,2020-05-29 09:33:10.000,2687.2000,15684,-1,120592560.000,1,0,1,双平,S,2686.4000,2686.2000,2686.0000,2685.8000,2685.6000,2688.0000,2688.4000,2689.2000,2689.8000,2692.8000,1,1,2,1,1,2,2,1,1,1
SF,IH2009,2020-05-29 09:33:10.500,2687.2000,15684,0,120592560.000,0,-,-,-,-,2686.6000,2686.4000,2686.0000,2685.8000,2685.6000,2687.8000,2688.0000,2688.4000,2689.2000,2689.8000,4,1,2,1,1,1,1,2,1,1
SF,IH2009,2020-05-29 09:33:11.000,2687.2000,15684,0,120592560.000,0,-,-,-,-,2686.6000,2686.0000,2685.8000,2685.6000,2684.6000,2687.8000,2688.0000,2688.4000,2689.2000,2689.8000,2,2,1,1,1,2,1,2,1,1
SF,IH2009,2020-05-29 09:33:11.500,2687.2000,15684,0,120592560.000,0,-,-,-,-,2687.2000,2686.6000,2686.0000,2685.8000,2685.6000,2687.8000,2688.0000,2688.4000,2689.2000,2689.8000,1,2,2,1,1,1,1,2,1,1
SF,IH2009,2020-05-29 09:33:12.000,2687.6000,15684,0,122205000.000,2,1,1,多换,S,2686.6000,2686.0000,2685.8000,2685.6000,2684.6000,2687.8000,2688.0000,2688.4000,2689.2000,2689.8000,2,2,1,1,1,1,1,2,1,1
SF,IH2009,2020-05-29 09:33:12.500,2687.6000,15684,0,122205000.000,0,-,-,-,-,2686.6000,2686.0000,2685.8000,2685.6000,2684.6000,2687.6000,2687.8000,2688.4000,2689.2000,2689.8000,1,2,1,1,1,4,1,2,1,1
SF,IH2009,2020-05-29 09:33:13.000,2686.6000,15684,0,123817260.000,2,1,1,多换,S,2686.0000,2685.8000,2685.6000,2684.6000,2683.0000,2687.6000,2688.0000,2688.4000,2689.2000,2689.8000,2,1,1,1,1,2,1,2,1,1
SF,IH2009,2020-05-29 09:33:13.500,2686.6000,15684,0,124623240.000,1,0,1,多换,S,2686.0000,2685.8000,2685.6000,2684.6000,2684.4000,2687.2000,2687.4000,2687.6000,2688.0000,2688.4000,2,1,1,1,3,7,2,2,1,2
SF,IH2009,2020-05-29 09:33:14.000,2686.6000,15684,0,124623240.000,0,-,-,-,-,2686.0000,2685.8000,2684.6000,2684.4000,2683.0000,2687.0000,2687.2000,2687.4000,2687.6000,2688.0000,2,1,1,3,1,1,8,2,1,1
SF,IH2009,2020-05-29 09:33:14.500,2686.6000,15684,0,124623240.000,0,-,-,-,-,2686.0000,2685.8000,2684.6000,2684.4000,2683.0000,2686.8000,2687.0000,2687.2000,2687.4000,2687.6000,2,1,1,3,1,2,1,1,1,1
SF,IH2009,2020-05-29 09:33:15.000,2686.0000,15682,-2,126234840.000,2,0,2,双平,S,2685.8000,2684.6000,2684.4000,2683.0000,2681.2000,2686.6000,2686.8000,2687.0000,2687.2000,2687.4000,1,1,3,1,1,7,2,1,1,1
SF,IH2009,2020-05-29 09:33:15.500,2685.8000,15681,-1,127040580.000,1,0,1,双平,S,2684.6000,2684.4000,2683.0000,2681.2000,2680.6000,2686.0000,2686.6000,2686.8000,2687.0000,2687.2000,1,3,1,1,1,1,8,1,1,1
SF,IH2009,2020-05-29 09:33:16.000,2685.8000,15681,0,127040580.000,0,-,-,-,-,2684.8000,2684.6000,2684.4000,2683.0000,2681.2000,2685.6000,2686.0000,2686.8000,2687.0000,2687.2000,1,1,3,1,1,7,1,1,1,1
SF,IH2009,2020-05-29 09:33:16.500,2685.8000,15681,0,127040580.000,0,-,-,-,-,2684.6000,2684.4000,2683.0000,2681.2000,2680.6000,2686.0000,2686.8000,2687.0000,2687.2000,2687.6000,1,3,1,1,1,1,1,1,1,1
SF,IH2009,2020-05-29 09:33:17.000,2685.8000,15681,0,127040580.000,0,-,-,-,-,2684.8000,2684.6000,2684.4000,2683.0000,2681.2000,2686.0000,2686.8000,2687.0000,2687.2000,2687.6000,2,1,3,1,1,1,1,1,1,1
SF,IH2009,2020-05-29 09:33:18.500,2684.8000,15680,-1,127846020.000,1,0,1,双平,S,2684.6000,2684.4000,2683.0000,2681.2000,2680.6000,2684.8000,2685.6000,2686.0000,2686.8000,2687.0000,1,3,1,1,1,1,7,2,1,1
SF,IH2009,2020-05-29 09:33:19.000,2684.8000,15679,-1,128651460.000,1,0,1,双平,S,2684.8000,2684.6000,2684.4000,2683.0000,2681.2000,2685.8000,2686.0000,2686.8000,2687.0000,2687.2000,1,1,3,1,1,1,3,1,1,1
SF,IH2009,2020-05-29 09:33:19.500,2686.0000,15675,-4,131874600.000,4,0,4,双平,S,2684.8000,2684.6000,2684.4000,2683.0000,2681.2000,2685.8000,2687.0000,2687.2000,2687.6000,2688.0000,2,1,3,1,1,1,1,1,1,1
SF,IH2009,2020-05-29 09:33:20.000,2687.0000,15673,-2,133486500.000,2,0,2,双平,S,2685.8000,2685.0000,2684.8000,2684.6000,2684.4000,2687.2000,2687.6000,2688.0000,2688.4000,2690.0000,1,2,1,1,3,1,1,1,1,1
SF,IH2009,2020-05-29 09:33:20.500,2687.0000,15673,0,133486500.000,0,-,-,-,-,2685.8000,2685.0000,2684.6000,2684.4000,2683.0000,2687.0000,2687.2000,2687.6000,2688.0000,2688.4000,2,1,1,3,1,1,1,1,1,1
SF,IH2009,2020-05-29 09:33:21.000,2687.0000,15673,0,133486500.000,0,-,-,-,-,2686.0000,2685.8000,2685.6000,2685.0000,2684.6000,2687.0000,2687.6000,2688.0000,2688.4000,2690.0000,1,2,1,1,1,1,1,1,1,1
SF,IH2009,2020-05-29 09:33:21.500,2687.0000,15673,0,133486500.000,0,-,-,-,-,2686.0000,2685.8000,2684.6000,2684.4000,2683.0000,2687.0000,2687.6000,2688.0000,2688.4000,2690.0000,1,1,1,3,1,1,1,1,1,1
SF,IH2009,2020-05-29 09:33:22.000,2687.0000,15673,0,133486500.000,0,-,-,-,-,2686.0000,2685.8000,2684.6000,2684.4000,2683.0000,2687.0000,2687.6000,2688.0000,2688.4000,2690.0000,1,1,1,3,1,1,1,2,1,1
SF,IH2009,2020-05-29 09:33:22.500,2687.0000,15673,0,133486500.000,0,-,-,-,-,2686.0000,2685.8000,2684.6000,2684.4000,2683.0000,2687.6000,2688.0000,2688.4000,2690.0000,2692.8000,1,1,1,3,1,1,2,1,1,1
SF,IH2009,2020-05-29 09:33:23.000,2686.2000,15672,-1,134292360.000,1,0,1,双平,S,2686.0000,2685.8000,2684.6000,2684.4000,2683.0000,2687.4000,2687.6000,2688.0000,2688.4000,2690.0000,1,1,1,3,1,3,1,2,1,1
SF,IH2009,2020-05-29 09:33:23.500,2686.2000,15672,0,134292360.000,0,-,-,-,-,2686.0000,2685.8000,2684.6000,2684.4000,2683.0000,2687.4000,2687.6000,2688.0000,2688.4000,2690.0000,1,1,1,3,1,3,1,2,1,1
SF,IH2009,2020-05-29 09:33:24.000,2686.2000,15672,0,134292360.000,0,-,-,-,-,2685.8000,2684.6000,2684.4000,2683.0000,2681.2000,2687.4000,2687.6000,2688.0000,2688.4000,2690.0000,1,1,3,1,1,3,1,2,1,1
SF,IH2009,2020-05-29 09:33:24.500,2685.8000,15671,-1,135098100.000,1,0,1,双平,S,2684.6000,2684.4000,2683.0000,2681.2000,2680.6000,2687.4000,2687.6000,2688.0000,2688.4000,2690.0000,1,3,1,1,1,3,1,2,1,1
SF,IH2009,2020-05-29 09:33:25.000,2685.8000,15671,0,135098100.000,0,-,-,-,-,2684.8000,2684.6000,2684.4000,2683.0000,2681.2000,2687.2000,2687.4000,2687.6000,2688.0000,2688.4000,2,2,3,1,1,1,2,1,2,1
SF,IH2009,2020-05-29 09:33:25.500,2685.8000,15671,0,135098100.000,0,-,-,-,-,2686.0000,2684.8000,2684.6000,2684.4000,2683.0000,2687.0000,2687.2000,2687.6000,2688.0000,2688.4000,1,2,2,3,1,9,1,1,2,1
SF,IH2009,2020-05-29 09:33:26.000,2686.0000,15670,-1,135903900.000,1,0,1,双平,S,2684.8000,2684.6000,2684.4000,2683.0000,2681.2000,2687.0000,2687.6000,2688.0000,2688.4000,2690.0000,1,2,3,1,1,9,1,2,1,1
SF,IH2009,2020-05-29 09:33:26.500,2686.0000,15670,0,135903900.000,0,-,-,-,-,2685.0000,2684.8000,2684.6000,2684.4000,2683.0000,2686.0000,2687.0000,2687.6000,2688.0000,2688.4000,1,1,2,3,1,1,2,1,2,1
SF,IH2009,2020-05-29 09:33:27.000,2686.0000,15670,0,135903900.000,0,-,-,-,-,2684.8000,2684.6000,2684.4000,2683.0000,2681.2000,2686.0000,2687.0000,2687.6000,2688.0000,2688.4000,2,1,3,1,1,1,2,1,2,1
SF,IH2009,2020-05-29 09:33:28.500,2686.0000,15670,0,135903900.000,0,-,-,-,-,2684.8000,2684.6000,2684.4000,2683.0000,2681.2000,2685.6000,2686.0000,2687.0000,2687.6000,2688.0000,2,1,3,1,1,7,1,1,1,2
SF,IH2009,2020-05-29 09:33:29.000,2686.0000,15670,0,135903900.000,0,-,-,-,-,2684.8000,2684.6000,2684.4000,2683.0000,2681.2000,2685.6000,2685.8000,2686.0000,2687.0000,2687.6000,1,1,3,1,1,7,1,1,1,1
SF,IH2009,2020-05-29 09:33:29.500,2686.0000,15670,0,135903900.000,0,-,-,-,-,2684.8000,2684.6000,2684.4000,2683.0000,2681.2000,2685.4000,2685.6000,2685.8000,2686.0000,2687.0000,1,1,3,1,1,1,7,1,1,1
SF,IH2009,2020-05-29 09:33:30.000,2684.8000,15670,0,136709340.000,1,0,1,多换,S,2684.6000,2684.4000,2683.0000,2681.2000,2680.6000,2685.8000,2686.0000,2687.0000,2687.6000,2688.0000,1,3,1,1,1,1,1,1,1,2
SF,IH2009,2020-05-29 09:33:30.500,2684.8000,15670,0,136709340.000,0,-,-,-,-,2685.2000,2684.6000,2684.4000,2683.0000,2681.2000,2685.8000,2686.0000,2687.0000,2687.6000,2688.0000,1,1,3,1,1,1,1,1,1,2
SF,IH2009,2020-05-29 09:33:31.000,2684.8000,15670,0,136709340.000,0,-,-,-,-,2685.2000,2684.6000,2684.4000,2683.0000,2681.2000,2685.6000,2685.8000,2686.0000,2687.0000,2687.6000,1,1,3,1,1,1,1,1,1,1
SF,IH2009,2020-05-29 09:33:31.500,2684.8000,15670,0,136709340.000,0,-,-,-,-,2685.2000,2684.6000,2684.4000,2683.0000,2681.2000,2686.0000,2687.0000,2687.6000,2688.0000,2688.4000,1,1,3,1,1,1,1,1,2,1
SF,IH2009,2020-05-29 09:33:32.500,2684.8000,15670,0,136709340.000,0,-,-,-,-,2685.2000,2684.6000,2684.4000,2683.0000,2681.2000,2686.0000,2687.0000,2687.6000,2688.0000,2688.4000,1,1,3,1,1,1,1,1,2,1
SF,IH2009,2020-05-29 09:33:33.000,2684.8000,15670,0,136709340.000,0,-,-,-,-,2685.2000,2684.6000,2684.4000,2683.0000,2681.2000,2685.8000,2687.0000,2687.6000,2688.0000,2688.4000,1,1,3,1,1,1,1,1,2,1
SF,IH2009,2020-05-29 09:33:33.500,2684.8000,15670,0,136709340.000,0,-,-,-,-,2685.2000,2684.6000,2684.4000,2683.0000,2681.2000,2685.6000,2687.0000,2687.6000,2688.0000,2688.4000,1,1,3,1,1,1,1,1,2,1
SF,IH2009,2020-05-29 09:33:34.000,2685.6000,15669,-1,137515020.000,1,0,1,双平,S,2685.2000,2684.6000,2684.4000,2684.2000,2683.0000,2687.0000,2687.6000,2688.0000,2688.4000,2690.0000,1,1,3,1,1,1,1,2,1,1
SF,IH2009,2020-05-29 09:33:34.500,2685.6000,15669,0,137515020.000,0,-,-,-,-,2685.2000,2684.6000,2684.4000,2684.2000,2683.0000,2686.6000,2686.8000,2687.0000,2687.6000,2688.0000,2,1,3,1,1,1,4,1,1,2
SF,IH2009,2020-05-29 09:33:35.000,2685.6000,15669,0,137515020.000,0,-,-,-,-,2685.2000,2684.6000,2684.4000,2684.2000,2683.0000,2686.4000,2686.6000,2686.8000,2687.0000,2688.0000,1,1,3,1,1,3,1,2,1,2
SF,IH2009,2020-05-29 09:33:35.500,2685.6000,15669,0,137515020.000,0,-,-,-,-,2685.2000,2684.6000,2684.4000,2684.2000,2683.0000,2686.4000,2686.6000,2686.8000,2687.0000,2688.0000,1,1,3,1,1,2,1,2,1,2
SF,IH2009,2020-05-29 09:33:36.000,2685.6000,15669,0,137515020.000,0,-,-,-,-,2685.2000,2684.6000,2684.4000,2684.2000,2683.0000,2686.2000,2686.4000,2686.8000,2687.0000,2688.0000,1,1,3,1,1,1,2,2,1,2
SF,IH2009,2020-05-29 09:33:36.500,2685.6000,15669,0,137515020.000,0,-,-,-,-,2685.2000,2684.6000,2684.4000,2684.2000,2683.0000,2686.2000,2686.4000,2686.8000,2687.0000,2688.0000,1,1,3,1,1,1,1,2,1,2
SF,IH2009,2020-05-29 09:33:37.000,2686.2000,15669,0,138320880.000,1,0,1,多换,S,2685.2000,2684.6000,2684.4000,2684.2000,2683.0000,2686.4000,2686.8000,2687.0000,2688.0000,2688.4000,1,1,3,1,1,1,2,1,2,1
SF,IH2009,2020-05-29 09:33:37.500,2686.2000,15669,0,138320880.000,0,-,-,-,-,2685.2000,2684.6000,2684.4000,2684.2000,2683.0000,2686.2000,2686.4000,2686.8000,2687.0000,2688.0000,1,1,3,1,1,1,1,2,1,2
SF,IH2009,2020-05-29 09:33:38.500,2686.2000,15669,0,138320880.000,0,-,-,-,-,2685.2000,2684.6000,2684.4000,2684.2000,2683.0000,2686.2000,2686.4000,2686.8000,2687.0000,2688.0000,2,1,3,1,1,1,1,2,1,2
SF,IH2009,2020-05-29 09:33:39.000,2686.2000,15668,-1,139126740.000,1,0,1,双平,S,2685.4000,2685.2000,2684.6000,2684.4000,2684.2000,2686.4000,2686.8000,2687.0000,2688.0000,2688.4000,1,2,1,3,1,1,2,1,2,1
SF,IH2009,2020-05-29 09:33:39.500,2686.2000,15668,0,139126740.000,0,-,-,-,-,2685.4000,2685.2000,2684.6000,2684.4000,2684.2000,2686.2000,2686.8000,2687.0000,2688.0000,2688.4000,1,2,1,3,1,1,1,1,2,1
SF,IH2009,2020-05-29 09:33:40.000,2686.2000,15668,0,139126740.000,0,-,-,-,-,2685.6000,2685.4000,2685.2000,2684.6000,2684.4000,2686.8000,2687.0000,2688.0000,2688.4000,2690.0000,1,1,2,1,3,1,1,2,1,1
SF,IH2009,2020-05-29 09:33:40.500,2686.2000,15668,0,139126740.000,0,-,-,-,-,2685.6000,2685.4000,2685.2000,2684.6000,2684.4000,2686.6000,2686.8000,2687.0000,2688.0000,2688.4000,1,1,2,1,3,1,1,1,2,1
SF,IH2009,2020-05-29 09:33:42.500,2686.2000,15668,0,139126740.000,0,-,-,-,-,2685.6000,2685.4000,2685.2000,2684.6000,2684.4000,2686.6000,2687.0000,2688.0000,2688.4000,2690.0000,1,1,2,1,3,1,1,2,1,1
SF,IH2009,2020-05-29 09:33:43.000,2686.2000,15668,0,139126740.000,0,-,-,-,-,2685.6000,2685.2000,2684.6000,2684.4000,2684.2000,2686.6000,2687.0000,2688.0000,2688.4000,2690.0000,1,2,1,3,1,1,1,2,1,1
SF,IH2009,2020-05-29 09:33:43.500,2686.2000,15668,0,139126740.000,0,-,-,-,-,2685.6000,2685.2000,2684.6000,2684.4000,2684.2000,2686.4000,2687.0000,2688.0000,2688.4000,2690.0000,1,2,1,3,1,1,1,2,1,1
SF,IH2009,2020-05-29 09:33:44.500,2686.2000,15668,0,139126740.000,0,-,-,-,-,2685.8000,2685.6000,2685.2000,2684.6000,2684.4000,2686.4000,2687.0000,2688.0000,2688.4000,2690.0000,1,1,2,1,3,1,1,2,1,1
SF,IH2009,2020-05-29 09:33:46.500,2685.8000,15667,-1,139932480.000,1,0,1,双平,S,2685.6000,2685.2000,2684.6000,2684.4000,2684.2000,2686.4000,2687.0000,2688.0000,2688.4000,2690.0000,1,2,1,3,1,1,1,2,1,1
SF,IH2009,2020-05-29 09:33:47.000,2685.8000,15666,-1,140738220.000,1,0,1,双平,S,2685.6000,2685.2000,2684.6000,2684.4000,2684.2000,2686.4000,2687.0000,2688.0000,2688.4000,2690.0000,1,2,1,3,1,1,1,2,1,1
SF,IH2009,2020-05-29 09:33:48.000,2685.6000,15665,-1,141543900.000,1,0,1,双平,S,2685.2000,2684.6000,2684.4000,2684.2000,2683.0000,2686.2000,2686.4000,2687.0000,2688.0000,2688.4000,2,1,3,1,1,1,1,1,2,1
SF,IH2009,2020-05-29 09:33:48.500,2685.6000,15665,0,141543900.000,0,-,-,-,-,2685.2000,2684.6000,2684.4000,2684.2000,2683.0000,2685.6000,2686.2000,2686.4000,2687.0000,2688.0000,2,1,3,1,1,1,1,1,1,2
SF,IH2009,2020-05-29 09:33:49.000,2685.2000,15663,-2,143155020.000,2,0,2,双平,S,2684.6000,2684.4000,2684.2000,2683.0000,2681.2000,2685.6000,2686.2000,2686.4000,2687.0000,2688.0000,1,3,1,1,2,1,2,1,1,2
SF,IH2009,2020-05-29 09:33:50.500,2685.2000,15663,0,143155020.000,0,-,-,-,-,2684.6000,2684.4000,2684.2000,2683.0000,2681.2000,2685.4000,2685.6000,2686.2000,2687.0000,2688.0000,1,3,1,1,2,1,1,2,1,2
SF,IH2009,2020-05-29 09:33:51.000,2685.2000,15663,0,143155020.000,0,-,-,-,-,2684.8000,2684.6000,2684.4000,2684.2000,2683.0000,2685.4000,2685.6000,2686.2000,2687.0000,2688.0000,1,1,3,1,1,1,1,2,1,2
SF,IH2009,2020-05-29 09:33:53.000,2685.2000,15663,0,143155020.000,0,-,-,-,-,2684.8000,2684.6000,2684.4000,2684.2000,2683.0000,2685.6000,2686.2000,2687.0000,2688.0000,2688.4000,1,1,3,1,1,1,2,1,2,1
SF,IH2009,2020-05-29 09:33:53.500,2685.2000,15663,0,143155020.000,0,-,-,-,-,2684.8000,2684.6000,2684.4000,2684.2000,2683.0000,2685.6000,2686.2000,2687.0000,2688.0000,2688.4000,1,1,3,1,1,1,1,1,2,1
SF,IH2009,2020-05-29 09:33:54.000,2684.8000,15662,-1,143960460.000,1,0,1,双平,S,2684.6000,2684.4000,2684.2000,2683.0000,2681.2000,2685.4000,2685.6000,2687.0000,2688.0000,2688.4000,1,3,1,1,2,2,2,1,2,1
SF,IH2009,2020-05-29 09:33:54.500,2684.8000,15662,0,143960460.000,0,-,-,-,-,2684.6000,2684.4000,2684.2000,2683.0000,2681.2000,2685.4000,2685.6000,2687.0000,2688.0000,2688.4000,1,3,1,1,2,2,2,1,2,1
SF,IH2009,2020-05-29 09:33:55.000,2684.8000,15662,0,143960460.000,0,-,-,-,-,2684.8000,2684.6000,2684.4000,2684.2000,2683.0000,2685.2000,2685.4000,2685.6000,2687.0000,2688.0000,1,1,3,1,1,1,2,2,1,2
SF,IH2009,2020-05-29 09:33:56.000,2684.8000,15661,-1,144765900.000,1,0,1,双平,S,2684.6000,2684.4000,2684.2000,2683.0000,2681.2000,2685.2000,2685.4000,2685.6000,2687.0000,2688.0000,1,3,1,1,2,1,2,2,1,2
SF,IH2009,2020-05-29 09:33:57.000,2684.8000,15661,0,144765900.000,0,-,-,-,-,2684.4000,2684.2000,2683.0000,2681.2000,2681.0000,2685.2000,2685.4000,2685.6000,2687.0000,2688.0000,3,1,1,2,2,1,2,2,1,2
SF,IH2009,2020-05-29 09:33:57.500,2684.8000,15661,0,144765900.000,0,-,-,-,-,2684.4000,2684.2000,2683.0000,2681.2000,2681.0000,2685.2000,2685.4000,2685.6000,2687.0000,2688.0000,3,1,1,2,2,1,2,2,1,2
SF,IH2009,2020-05-29 09:33:58.000,2684.4000,15661,0,147181860.000,3,1,2,多换,S,2684.2000,2683.0000,2681.2000,2681.0000,2680.6000,2684.4000,2685.0000,2685.2000,2685.4000,2685.6000,1,1,2,2,1,2,2,1,1,2
SF,IH2009,2020-05-29 09:33:58.500,2684.2000,15660,-1,147987120.000,1,0,1,双平,S,2683.0000,2681.2000,2681.0000,2680.6000,2680.2000,2684.2000,2684.4000,2685.0000,2685.2000,2685.4000,1,2,2,1,1,1,2,2,2,1
SF,IH2009,2020-05-29 09:33:59.000,2684.2000,15660,0,147987120.000,0,-,-,-,-,2683.0000,2681.2000,2681.0000,2680.6000,2680.2000,2684.2000,2685.0000,2685.2000,2685.4000,2685.6000,1,2,2,1,1,1,2,2,1,1
SF,IH2009,2020-05-29 09:33:59.500,2684.2000,15660,0,147987120.000,0,-,-,-,-,2683.0000,2681.2000,2681.0000,2680.6000,2680.2000,2684.2000,2685.0000,2685.2000,2685.4000,2685.6000,2,2,2,1,1,1,2,2,1,1
SF,IH2009,2020-05-29 09:34:00.000,2684.2000,15660,0,147987120.000,0,-,-,-,-,2683.0000,2681.2000,2681.0000,2680.6000,2680.2000,2684.0000,2684.2000,2685.0000,2685.2000,2685.4000,2,2,2,1,1,1,1,2,2,1
SF,IH2009,2020-05-29 09:34:00.500,2684.2000,15660,0,147987120.000,0,-,-,-,-,2683.0000,2681.2000,2681.0000,2680.6000,2680.2000,2684.0000,2684.2000,2685.0000,2685.2000,2685.4000,1,2,2,1,1,1,1,2,2,1
SF,IH2009,2020-05-29 09:34:01.000,2684.2000,15660,0,147987120.000,0,-,-,-,-,2683.0000,2681.2000,2681.0000,2680.6000,2680.2000,2684.0000,2684.2000,2685.0000,2685.2000,2685.4000,1,2,2,1,1,2,1,1,2,1
SF,IH2009,2020-05-29 09:34:01.500,2683.0000,15659,-1,148792020.000,1,0,1,双平,S,2681.2000,2681.0000,2680.6000,2680.2000,2680.0000,2683.8000,2684.0000,2684.2000,2685.0000,2685.2000,2,2,1,1,3,1,2,1,1,2
SF,IH2009,2020-05-29 09:34:02.000,2683.0000,15659,0,148792020.000,0,-,-,-,-,2681.4000,2681.2000,2681.0000,2680.6000,2680.2000,2683.6000,2683.8000,2684.0000,2684.2000,2685.0000,2,2,3,1,1,3,5,2,1,1
SF,IH2009,2020-05-29 09:34:02.500,2683.0000,15659,0,148792020.000,0,-,-,-,-,2681.4000,2681.2000,2681.0000,2680.6000,2680.2000,2683.4000,2683.6000,2683.8000,2684.0000,2684.2000,2,2,3,1,1,3,3,4,1,1
SF,IH2009,2020-05-29 09:34:03.000,2683.0000,15659,0,148792020.000,0,-,-,-,-,2681.6000,2681.4000,2681.2000,2681.0000,2680.6000,2683.2000,2683.4000,2683.6000,2683.8000,2684.0000,1,2,2,3,1,3,4,2,3,1
SF,IH2009,2020-05-29 09:34:03.500,2683.0000,15659,0,148792020.000,0,-,-,-,-,2681.4000,2681.2000,2681.0000,2680.6000,2680.2000,2683.0000,2683.2000,2683.4000,2683.6000,2683.8000,1,2,3,1,1,1,3,2,1,2
SF,IH2009,2020-05-29 09:34:04.000,2683.0000,15659,0,148792020.000,0,-,-,-,-,2681.6000,2681.4000,2681.2000,2681.0000,2680.6000,2683.0000,2683.2000,2683.4000,2683.6000,2683.8000,1,1,2,3,1,1,2,2,1,2
SF,IH2009,2020-05-29 09:34:04.500,2683.0000,15658,-1,149596920.000,1,0,1,双平,S,2681.8000,2681.2000,2681.0000,2680.6000,2680.2000,2683.2000,2683.4000,2683.6000,2683.8000,2684.0000,2,2,3,1,1,1,2,1,2,1
SF,IH2009,2020-05-29 09:34:05.000,2682.0000,15658,0,150401520.000,1,0,1,多换,S,2682.0000,2681.8000,2681.2000,2681.0000,2680.6000,2683.2000,2683.4000,2683.6000,2683.8000,2684.0000,1,2,2,3,1,1,2,1,1,1
SF,IH2009,2020-05-29 09:34:05.500,2682.0000,15658,0,150401520.000,0,-,-,-,-,2682.2000,2682.0000,2681.2000,2681.0000,2680.6000,2683.4000,2684.0000,2684.2000,2685.2000,2685.6000,1,2,2,3,1,1,1,1,2,1
SF,IH2009,2020-05-29 09:34:06.000,2682.0000,15658,0,150401520.000,0,-,-,-,-,2682.2000,2682.0000,2681.2000,2681.0000,2680.6000,2683.8000,2684.0000,2684.2000,2685.2000,2685.6000,1,2,3,3,1,1,1,1,2,1
SF,IH2009,2020-05-29 09:34:06.500,2682.0000,15658,0,150401520.000,0,-,-,-,-,2682.2000,2682.0000,2681.2000,2681.0000,2680.6000,2683.6000,2683.8000,2684.0000,2684.2000,2685.2000,1,1,3,3,1,1,1,1,1,1
SF,IH2009,2020-05-29 09:34:07.000,2682.0000,15658,0,150401520.000,0,-,-,-,-,2682.6000,2682.4000,2682.2000,2682.0000,2681.2000,2683.8000,2684.0000,2684.2000,2685.2000,2685.6000,1,2,2,1,3,1,1,1,1,1
SF,IH2009,2020-05-29 09:34:07.500,2682.0000,15658,0,150401520.000,0,-,-,-,-,2682.2000,2682.0000,2681.2000,2681.0000,2680.6000,2683.6000,2683.8000,2684.0000,2684.2000,2685.2000,1,1,3,2,1,2,1,1,1,1
SF,IH2009,2020-05-29 09:34:08.000,2682.0000,15658,0,150401520.000,0,-,-,-,-,2682.4000,2682.2000,2682.0000,2681.2000,2681.0000,2682.6000,2683.6000,2683.8000,2684.0000,2684.2000,1,2,1,3,2,1,1,1,1,1
SF,IH2009,2020-05-29 09:34:08.500,2682.6000,15657,-1,152011080.000,2,0,2,多平,S,2682.6000,2682.4000,2682.2000,2682.0000,2681.2000,2683.6000,2683.8000,2684.0000,2685.2000,2685.6000,6,1,1,1,3,1,1,1,1,1
SF,IH2009,2020-05-29 09:34:09.000,2682.6000,15657,0,152011080.000,0,-,-,-,-,2682.8000,2682.6000,2682.4000,2682.0000,2681.2000,2683.8000,2684.0000,2685.6000,2688.0000,2688.4000,1,5,2,1,3,1,1,1,1,1
SF,IH2009,2020-05-29 09:34:09.500,2682.6000,15657,0,152011080.000,0,-,-,-,-,2682.8000,2682.6000,2682.4000,2682.0000,2681.2000,2683.8000,2684.0000,2685.6000,2688.0000,2688.4000,1,4,2,1,3,1,1,1,1,1
SF,IH2009,2020-05-29 09:34:10.000,2683.8000,15656,-1,152816220.000,1,0,1,双平,S,2683.0000,2682.8000,2682.6000,2682.4000,2682.0000,2685.6000,2688.0000,2688.4000,2690.0000,2691.0000,1,1,4,1,1,1,1,1,1,1
SF,IH2009,2020-05-29 09:34:10.500,2683.8000,15656,0,152816220.000,0,-,-,-,-,2683.2000,2682.6000,2682.4000,2682.0000,2681.2000,2685.0000,2685.4000,2685.6000,2688.0000,2688.4000,2,4,1,1,3,1,2,2,1,1
SF,IH2009,2020-05-29 09:34:11.000,2683.8000,15656,0,152816220.000,0,-,-,-,-,2682.6000,2682.4000,2682.0000,2681.2000,2681.0000,2684.6000,2684.8000,2685.0000,2685.4000,2685.6000,4,1,1,3,2,1,4,2,4,1
SF,IH2009,2020-05-29 09:34:11.500,2683.8000,15656,0,152816220.000,0,-,-,-,-,2684.0000,2682.8000,2682.6000,2682.4000,2682.0000,2684.4000,2684.6000,2684.8000,2685.0000,2685.4000,1,2,4,1,1,1,1,2,2,4
SF,IH2009,2020-05-29 09:34:12.000,2684.0000,15656,0,153621420.000,1,0,1,多换,S,2682.8000,2682.6000,2682.4000,2682.0000,2681.2000,2684.0000,2684.2000,2684.6000,2684.8000,2685.0000,1,3,1,1,3,3,1,2,2,1
SF,IH2009,2020-05-29 09:34:12.500,2684.0000,15656,0,153621420.000,0,-,-,-,-,2682.8000,2682.6000,2682.4000,2682.0000,2681.2000,2684.0000,2684.6000,2684.8000,2685.0000,2685.4000,1,3,1,1,3,2,1,2,1,4
SF,IH2009,2020-05-29 09:34:13.000,2684.0000,15656,0,153621420.000,0,-,-,-,-,2683.0000,2682.8000,2682.6000,2682.4000,2682.0000,2684.0000,2684.6000,2684.8000,2685.0000,2685.4000,2,2,3,1,1,1,1,1,1,4
SF,IH2009,2020-05-29 09:34:13.500,2684.0000,15656,0,153621420.000,0,-,-,-,-,2683.2000,2683.0000,2682.6000,2682.4000,2682.0000,2684.8000,2685.0000,2685.4000,2685.6000,2688.0000,2,3,3,1,1,1,1,4,1,1
SF,IH2009,2020-05-29 09:34:14.000,2684.0000,15656,0,153621420.000,0,-,-,-,-,2684.0000,2683.4000,2683.2000,2683.0000,2682.6000,2684.6000,2684.8000,2685.0000,2685.4000,2685.6000,1,1,3,1,3,1,1,1,3,1
SF,IH2009,2020-05-29 09:34:14.500,2684.0000,15656,0,153621420.000,0,-,-,-,-,2684.0000,2683.4000,2683.2000,2683.0000,2682.6000,2684.6000,2685.6000,2688.0000,2688.4000,2690.0000,1,1,3,1,2,1,1,1,1,1
SF,IH2009,2020-05-29 09:34:15.000,2684.0000,15655,-1,154426620.000,1,0,1,双平,S,2683.2000,2683.0000,2682.6000,2682.4000,2682.0000,2684.6000,2685.6000,2688.0000,2688.4000,2690.0000,3,1,2,1,1,1,1,1,1,1
SF,IH2009,2020-05-29 09:34:15.500,2684.0000,15655,0,154426620.000,0,-,-,-,-,2683.4000,2683.2000,2683.0000,2682.6000,2682.4000,2684.6000,2685.6000,2688.0000,2688.4000,2690.0000,3,3,1,2,1,1,1,1,1,1
SF,IH2009,2020-05-29 09:34:16.000,2684.0000,15655,0,154426620.000,0,-,-,-,-,2683.6000,2683.4000,2683.0000,2682.6000,2682.4000,2684.6000,2685.6000,2688.0000,2688.4000,2690.0000,2,2,1,2,1,1,1,1,1,1
SF,IH2009,2020-05-29 09:34:16.500,2684.0000,15655,0,154426620.000,0,-,-,-,-,2683.6000,2683.4000,2683.0000,2682.6000,2682.4000,2685.6000,2688.0000,2688.4000,2690.0000,2691.0000,2,1,1,2,1,1,1,1,1,1
SF,IH2009,2020-05-29 09:34:17.000,2684.0000,15655,0,154426620.000,0,-,-,-,-,2683.6000,2683.4000,2683.0000,2682.6000,2682.4000,2685.4000,2685.6000,2688.0000,2688.4000,2690.0000,1,1,1,2,1,6,1,1,1,1
SF,IH2009,2020-05-29 09:34:17.500,2684.0000,15655,0,154426620.000,0,-,-,-,-,2683.8000,2683.6000,2683.0000,2682.6000,2682.4000,2685.0000,2685.4000,2685.6000,2688.0000,2688.4000,1,2,1,2,1,1,4,2,1,1
SF,IH2009,2020-05-29 09:34:18.000,2684.0000,15655,0,154426620.000,0,-,-,-,-,2684.0000,2683.8000,2683.6000,2682.6000,2682.4000,2684.8000,2685.0000,2685.4000,2685.6000,2688.0000,1,2,1,2,1,1,1,4,2,1
SF,IH2009,2020-05-29 09:34:18.500,2684.0000,15655,0,154426620.000,0,-,-,-,-,2684.0000,2683.8000,2683.6000,2682.6000,2682.4000,2684.8000,2685.0000,2685.4000,2685.6000,2685.8000,1,1,1,1,1,1,1,4,2,1
SF,IH2009,2020-05-29 09:34:19.000,2684.0000,15655,0,154426620.000,0,-,-,-,-,2684.0000,2683.8000,2683.6000,2682.8000,2682.6000,2684.8000,2685.0000,2685.4000,2685.6000,2685.8000,1,1,1,2,1,1,1,4,2,1
SF,IH2009,2020-05-29 09:34:20.000,2684.0000,15655,0,154426620.000,0,-,-,-,-,2684.0000,2683.8000,2683.6000,2682.8000,2682.6000,2685.0000,2685.4000,2685.6000,2685.8000,2688.0000,1,1,1,2,1,1,4,2,1,1
SF,IH2009,2020-05-29 09:34:20.500,2683.6000,15652,-3,156842040.000,3,0,3,双平,S,2682.8000,2682.6000,2682.4000,2682.0000,2681.2000,2683.0000,2685.0000,2685.4000,2685.6000,2685.8000,2,1,1,1,3,9,1,4,2,1
SF,IH2009,2020-05-29 09:34:21.000,2683.0000,15643,-9,164086140.000,9,0,9,双平,S,2683.2000,2683.0000,2682.8000,2682.6000,2682.4000,2685.0000,2685.4000,2685.6000,2685.8000,2688.0000,1,4,2,1,1,1,4,2,1,1
SF,IH2009,2020-05-29 09:34:21.500,2683.0000,15643,0,164086140.000,0,-,-,-,-,2683.2000,2683.0000,2682.8000,2682.6000,2682.4000,2684.8000,2685.0000,2685.4000,2685.6000,2685.8000,2,2,2,1,1,3,1,3,2,1
SF,IH2009,2020-05-29 09:34:22.000,2683.0000,15643,0,164086140.000,0,-,-,-,-,2683.2000,2683.0000,2682.8000,2682.6000,2682.4000,2684.6000,2684.8000,2685.0000,2685.4000,2685.6000,2,2,2,1,1,2,2,1,3,2
SF,IH2009,2020-05-29 09:34:22.500,2683.0000,15643,0,164086140.000,0,-,-,-,-,2683.4000,2683.2000,2683.0000,2682.8000,2682.6000,2684.8000,2685.0000,2685.4000,2685.6000,2685.8000,1,2,2,2,1,1,1,3,2,1
SF,IH2009,2020-05-29 09:34:23.000,2683.0000,15643,0,164086140.000,0,-,-,-,-,2683.4000,2683.2000,2683.0000,2682.8000,2682.6000,2684.8000,2685.0000,2685.4000,2685.6000,2685.8000,1,1,2,2,1,1,1,3,2,1
SF,IH2009,2020-05-29 09:34:23.500,2683.0000,15643,0,164086140.000,0,-,-,-,-,2683.6000,2683.4000,2683.2000,2683.0000,2682.8000,2684.6000,2685.0000,2685.4000,2685.6000,2685.8000,2,1,1,2,2,1,1,2,2,1
SF,IH2009,2020-05-29 09:34:24.000,2684.6000,15640,-3,166502280.000,3,0,3,双平,S,2684.8000,2683.8000,2683.6000,2683.2000,2683.0000,2685.0000,2685.4000,2685.6000,2685.8000,2688.0000,1,1,3,1,2,1,2,2,1,1
SF,IH2009,2020-05-29 09:34:24.500,2684.8000,15639,-1,167307720.000,1,0,1,双平,S,2683.8000,2683.6000,2683.2000,2683.0000,2682.8000,2685.0000,2685.4000,2685.6000,2685.8000,2688.0000,1,2,1,1,2,1,1,1,1,1
SF,IH2009,2020-05-29 09:34:25.000,2684.8000,15639,0,167307720.000,0,-,-,-,-,2684.0000,2683.8000,2683.6000,2683.2000,2683.0000,2685.0000,2685.4000,2685.6000,2685.8000,2688.0000,1,2,2,1,1,1,1,1,1,1
SF,IH2009,2020-05-29 09:34:25.500,2684.8000,15639,0,167307720.000,0,-,-,-,-,2684.0000,2683.8000,2683.6000,2683.2000,2683.0000,2685.0000,2685.4000,2685.6000,2685.8000,2688.0000,2,1,2,2,1,2,1,1,1,1
SF,IH2009,2020-05-29 09:34:26.000,2685.0000,15637,-2,168918720.000,2,0,2,双平,S,2684.0000,2683.8000,2683.6000,2683.2000,2683.0000,2685.4000,2685.6000,2685.8000,2688.0000,2688.4000,2,1,2,2,1,1,1,1,1,1
SF,IH2009,2020-05-29 09:34:27.000,2685.0000,15637,0,168918720.000,0,-,-,-,-,2684.2000,2684.0000,2683.8000,2683.6000,2683.2000,2685.4000,2685.6000,2685.8000,2688.0000,2688.4000,1,2,1,2,2,1,1,1,1,1
SF,IH2009,2020-05-29 09:34:27.500,2685.0000,15637,0,168918720.000,0,-,-,-,-,2684.2000,2684.0000,2683.8000,2683.6000,2683.2000,2685.4000,2685.6000,2685.8000,2688.0000,2688.4000,1,1,1,2,2,1,1,1,1,1
SF,IH2009,2020-05-29 09:34:28.500,2685.0000,15637,0,168918720.000,0,-,-,-,-,2684.2000,2684.0000,2683.8000,2683.6000,2683.2000,2685.2000,2685.6000,2685.8000,2688.0000,2688.4000,1,1,1,2,2,2,1,1,1,1
SF,IH2009,2020-05-29 09:34:29.000,2685.0000,15637,0,168918720.000,0,-,-,-,-,2684.0000,2683.8000,2683.6000,2683.2000,2683.0000,2685.2000,2685.6000,2685.8000,2688.0000,2688.4000,1,1,1,2,1,2,1,1,1,1
SF,IH2009,2020-05-29 09:34:29.500,2685.0000,15637,0,168918720.000,0,-,-,-,-,2683.8000,2683.6000,2683.2000,2683.0000,2682.8000,2685.0000,2685.6000,2685.8000,2688.0000,2688.4000,1,1,2,1,2,2,1,1,1,1
SF,IH2009,2020-05-29 09:34:30.000,2685.0000,15637,0,168918720.000,0,-,-,-,-,2683.6000,2683.2000,2683.0000,2682.8000,2682.6000,2685.0000,2685.6000,2685.8000,2688.0000,2688.4000,1,2,1,2,1,2,1,1,1,1
SF,IH2009,2020-05-29 09:34:30.500,2685.0000,15637,0,168918720.000,0,-,-,-,-,2683.8000,2683.6000,2683.2000,2683.0000,2682.8000,2684.0000,2685.6000,2685.8000,2688.0000,2688.4000,1,1,2,1,2,7,1,1,1,1
SF,IH2009,2020-05-29 09:34:31.000,2685.0000,15637,0,168918720.000,0,-,-,-,-,2683.6000,2683.2000,2682.8000,2682.6000,2682.0000,2684.0000,2684.8000,2685.0000,2685.6000,2685.8000,1,1,2,1,1,7,1,1,1,1
SF,IH2009,2020-05-29 09:34:31.500,2684.0000,15634,-3,171334320.000,3,0,3,双平,S,2682.8000,2682.6000,2682.0000,2681.2000,2681.0000,2684.0000,2685.0000,2685.6000,2685.8000,2688.0000,2,1,1,3,2,4,1,1,1,1
SF,IH2009,2020-05-29 09:34:32.000,2684.0000,15634,0,171334320.000,0,-,-,-,-,2683.0000,2682.8000,2682.6000,2682.0000,2681.2000,2684.0000,2685.0000,2685.6000,2685.8000,2688.0000,3,2,1,1,3,4,1,1,1,1
SF,IH2009,2020-05-29 09:34:32.500,2684.0000,15634,0,171334320.000,0,-,-,-,-,2683.0000,2682.8000,2682.6000,2682.0000,2681.2000,2684.0000,2685.0000,2685.6000,2685.8000,2688.0000,5,2,1,1,3,4,1,1,1,1
SF,IH2009,2020-05-29 09:34:33.000,2684.0000,15634,0,171334320.000,0,-,-,-,-,2683.2000,2683.0000,2682.8000,2682.6000,2682.0000,2684.0000,2685.0000,2685.6000,2685.8000,2688.0000,1,4,2,1,1,4,1,1,1,1
SF,IH2009,2020-05-29 09:34:34.500,2684.0000,15634,0,171334320.000,0,-,-,-,-,2683.2000,2683.0000,2682.8000,2682.6000,2682.0000,2684.0000,2685.0000,2685.6000,2685.8000,2688.0000,1,5,2,1,1,4,1,1,1,1
SF,IH2009,2020-05-29 09:34:37.500,2684.0000,15633,-1,172139520.000,1,0,1,双平,S,2683.2000,2683.0000,2682.8000,2682.6000,2682.4000,2684.0000,2685.0000,2685.6000,2685.8000,2688.0000,1,5,2,1,1,3,1,1,1,1
SF,IH2009,2020-05-29 09:34:38.000,2684.0000,15632,-1,172944720.000,1,0,1,双平,S,2683.2000,2683.0000,2682.8000,2682.6000,2682.4000,2684.0000,2685.0000,2685.6000,2685.8000,2688.0000,1,5,2,1,1,2,1,1,1,1
SF,IH2009,2020-05-29 09:34:38.500,2684.0000,15632,0,172944720.000,0,-,-,-,-,2683.4000,2683.2000,2683.0000,2682.8000,2682.6000,2684.0000,2685.0000,2685.6000,2685.8000,2688.0000,2,1,5,2,2,2,1,1,1,1
SF,IH2009,2020-05-29 09:34:39.000,2684.0000,15632,0,172944720.000,0,-,-,-,-,2683.4000,2683.0000,2682.8000,2682.6000,2682.4000,2684.0000,2685.0000,2685.6000,2685.8000,2688.0000,2,5,2,2,1,2,1,1,1,1
SF,IH2009,2020-05-29 09:34:40.000,2684.0000,15631,-1,173749920.000,1,0,1,双平,S,2683.4000,2683.0000,2682.8000,2682.6000,2682.4000,2684.0000,2685.0000,2685.6000,2685.8000,2688.0000,2,6,2,2,1,1,1,1,1,1
SF,IH2009,2020-05-29 09:34:40.500,2684.0000,15631,0,173749920.000,0,-,-,-,-,2683.4000,2683.0000,2682.8000,2682.6000,2682.4000,2685.0000,2685.6000,2685.8000,2688.0000,2688.4000,2,6,2,2,1,1,1,1,1,1
SF,IH2009,2020-05-29 09:34:41.000,2684.0000,15631,0,173749920.000,0,-,-,-,-,2683.4000,2683.0000,2682.8000,2682.6000,2682.4000,2684.8000,2685.0000,2685.6000,2685.8000,2688.0000,2,3,2,2,1,9,1,1,1,1
SF,IH2009,2020-05-29 09:34:41.500,2684.0000,15631,0,173749920.000,0,-,-,-,-,2683.0000,2682.8000,2682.6000,2682.4000,2682.0000,2684.6000,2684.8000,2685.0000,2685.6000,2685.8000,2,2,1,1,2,3,8,1,1,1
SF,IH2009,2020-05-29 09:34:42.000,2684.0000,15631,0,173749920.000,0,-,-,-,-,2683.2000,2683.0000,2682.8000,2682.6000,2682.4000,2684.4000,2684.6000,2684.8000,2685.0000,2685.6000,1,2,2,1,1,6,1,4,1,1
SF,IH2009,2020-05-29 09:34:42.500,2683.2000,15630,-1,174554880.000,1,0,1,双平,S,2683.0000,2682.8000,2682.6000,2682.4000,2682.0000,2684.2000,2684.4000,2684.8000,2685.0000,2685.6000,2,2,1,1,2,3,5,4,1,1
SF,IH2009,2020-05-29 09:34:43.000,2683.0000,15628,-2,176164680.000,2,0,2,双平,S,2682.8000,2682.6000,2682.4000,2682.0000,2681.4000,2684.0000,2684.2000,2684.4000,2684.8000,2685.0000,2,1,1,2,1,8,2,2,4,1
SF,IH2009,2020-05-29 09:34:43.500,2682.8000,15627,-1,178579260.000,3,1,2,多平,S,2682.6000,2682.4000,2682.0000,2681.4000,2681.2000,2683.8000,2684.0000,2684.4000,2684.8000,2685.0000,1,1,1,1,3,6,5,2,4,1
SF,IH2009,2020-05-29 09:34:44.000,2682.6000,15627,0,179384040.000,1,0,1,多换,S,2682.4000,2682.0000,2681.4000,2681.2000,2681.0000,2682.6000,2683.6000,2683.8000,2684.0000,2684.4000,1,1,1,3,2,1,5,6,3,2
SF,IH2009,2020-05-29 09:34:44.500,2682.4000,15626,-1,180188760.000,1,0,1,双平,S,2682.0000,2681.2000,2681.0000,2680.6000,2680.2000,2682.2000,2682.4000,2683.6000,2683.8000,2684.0000,1,3,2,1,1,1,1,4,4,3
SF,IH2009,2020-05-29 09:34:45.000,2682.2000,15623,-3,182602800.000,3,0,3,双平,S,2682.0000,2681.2000,2681.0000,2680.6000,2680.2000,2683.6000,2683.8000,2684.0000,2684.4000,2684.8000,1,3,2,1,1,4,1,3,2,4
SF,IH2009,2020-05-29 09:34:45.500,2682.0000,15622,-1,183407400.000,1,0,1,双平,S,2681.2000,2681.0000,2680.6000,2680.2000,2680.0000,2681.8000,2683.4000,2683.6000,2683.8000,2684.4000,3,2,1,1,2,2,4,3,1,1
SF,IH2009,2020-05-29 09:34:46.000,2681.8000,15620,-2,185016480.000,2,0,2,双平,S,2681.2000,2681.0000,2680.6000,2680.2000,2680.0000,2683.0000,2683.2000,2683.4000,2683.6000,2683.8000,3,2,1,1,2,1,7,6,2,1
SF,IH2009,2020-05-29 09:34:46.500,2681.8000,15620,0,185016480.000,0,-,-,-,-,2681.2000,2681.0000,2680.6000,2680.2000,2680.0000,2682.8000,2683.0000,2683.2000,2683.4000,2683.8000,3,2,1,1,2,3,1,7,5,1
SF,IH2009,2020-05-29 09:34:47.000,2681.8000,15620,0,185016480.000,0,-,-,-,-,2681.2000,2681.0000,2680.6000,2680.2000,2680.0000,2682.6000,2682.8000,2683.0000,2683.4000,2683.8000,3,2,1,1,2,2,3,1,4,1
SF,IH2009,2020-05-29 09:34:47.500,2681.8000,15620,0,185016480.000,0,-,-,-,-,2681.2000,2681.0000,2680.6000,2680.0000,2679.0000,2682.4000,2682.6000,2682.8000,2683.0000,2683.4000,3,2,1,2,1,1,1,2,1,4
SF,IH2009,2020-05-29 09:34:48.000,2681.2000,15619,-1,185820840.000,1,0,1,双平,S,2681.2000,2681.0000,2680.6000,2680.0000,2679.0000,2682.2000,2682.4000,2682.6000,2682.8000,2683.0000,2,2,1,2,1,3,5,2,2,1
SF,IH2009,2020-05-29 09:34:48.500,2681.2000,15618,-1,187429560.000,2,0,2,多平,S,2681.0000,2680.6000,2680.0000,2679.0000,2678.0000,2682.0000,2682.2000,2682.4000,2682.8000,2683.4000,2,1,2,1,1,2,3,3,2,1
SF,IH2009,2020-05-29 09:34:49.000,2681.2000,15618,0,187429560.000,0,-,-,-,-,2681.0000,2680.6000,2680.0000,2679.0000,2678.0000,2681.8000,2682.0000,2682.2000,2682.4000,2682.8000,2,1,2,1,1,2,2,4,2,1
SF,IH2009,2020-05-29 09:34:49.500,2681.2000,15618,0,187429560.000,0,-,-,-,-,2681.0000,2680.6000,2680.0000,2679.0000,2678.0000,2681.6000,2681.8000,2682.2000,2682.4000,2682.8000,2,1,2,1,1,2,2,4,2,1
