市场代码,合约代码,时间,最新,持仓,增仓,成交额,成交量,开仓,平仓,成交类型,方向,买一价,买二价,买三价,买四价,买五价,卖一价,卖二价,卖三价,卖四价,卖五价,买一量,买二量,买三量,买四量,买五量,卖一量,卖二量,卖三量,卖四量,卖五量
SF,IH2001,2019-11-21 09:29:00.100,2966.8000,440,0,0.000,0.000,-,-,-,-,2949.2000,2945.8000,2945.4000,2943.8000,2943.4000,2950.0000,2957.0000,2957.6000,2959.0000,2959.4000,1,1,1,1,1,2,1,1,1,1
SF,IH2001,2019-11-21 09:30:00.100,2951.0000,441,1,1770600.000,2,1,1,空开,S,2951.0000,2950.4000,2950.0000,2949.2000,2945.8000,2957.0000,2957.6000,2961.4000,2966.2000,2967.0000,1,1,5,1,1,1,1,1,1,1
SF,IH2001,2019-11-21 09:30:00.600,2951.0000,441,0,1770600.000,0,-,-,-,-,2951.2000,2951.0000,2950.4000,2950.0000,2949.4000,2955.8000,2956.8000,2961.4000,2966.2000,2967.0000,4,1,1,5,1,2,7,1,1,1
SF,IH2001,2019-11-21 09:30:01.100,2951.0000,441,0,1770600.000,0,-,-,-,-,2951.2000,2951.0000,2950.0000,2949.4000,2943.8000,2955.6000,2955.8000,2956.8000,2961.4000,2966.2000,2,1,4,1,1,4,2,5,1,1
SF,IH2001,2019-11-21 09:30:01.600,2951.0000,441,0,1770600.000,0,-,-,-,-,2951.4000,2951.2000,2951.0000,2950.0000,2949.4000,2955.6000,2955.8000,2956.8000,2960.2000,2966.2000,1,2,1,4,1,3,2,5,5,1
SF,IH2001,2019-11-21 09:30:02.100,2951.0000,441,0,1770600.000,0,-,-,-,-,2951.6000,2951.4000,2951.2000,2951.0000,2950.0000,2955.6000,2955.8000,2956.8000,2960.2000,2966.2000,1,1,2,1,4,3,2,5,5,1
SF,IH2001,2019-11-21 09:30:02.600,2951.0000,441,0,1770600.000,0,-,-,-,-,2951.6000,2951.2000,2951.0000,2950.0000,2945.0000,2955.6000,2955.8000,2956.8000,2960.2000,2966.2000,1,2,1,4,5,3,2,5,5,1
SF,IH2001,2019-11-21 09:30:03.600,2951.0000,441,0,1770600.000,0,-,-,-,-,2951.6000,2951.2000,2951.0000,2950.0000,2945.0000,2955.6000,2955.8000,2956.8000,2960.2000,2967.0000,1,2,1,2,5,3,2,5,5,1
SF,IH2001,2019-11-21 09:30:04.600,2951.0000,441,0,1770600.000,0,-,-,-,-,2951.6000,2951.2000,2951.0000,2950.0000,2945.0000,2955.4000,2955.6000,2955.8000,2956.8000,2960.2000,1,2,1,2,5,1,3,2,5,5
SF,IH2001,2019-11-21 09:30:05.100,2951.0000,441,0,1770600.000,0,-,-,-,-,2951.6000,2951.2000,2951.0000,2950.0000,2945.0000,2955.2000,2955.6000,2955.8000,2956.8000,2960.2000,1,1,1,2,5,3,1,2,4,5
SF,IH2001,2019-11-21 09:30:06.100,2951.0000,441,0,1770600.000,0,-,-,-,-,2951.6000,2951.2000,2951.0000,2950.0000,2945.0000,2955.0000,2955.2000,2955.6000,2955.8000,2956.8000,1,1,1,2,5,2,3,1,2,4
SF,IH2001,2019-11-21 09:30:06.600,2951.0000,441,0,1770600.000,0,-,-,-,-,2951.6000,2951.2000,2951.0000,2950.0000,2945.0000,2954.8000,2955.0000,2955.2000,2955.8000,2956.8000,1,1,1,2,5,2,2,1,2,4
SF,IH2001,2019-11-21 09:30:07.100,2951.0000,441,0,1770600.000,0,-,-,-,-,2951.6000,2951.2000,2951.0000,2950.0000,2945.0000,2954.8000,2955.2000,2955.8000,2956.8000,2960.2000,1,1,2,2,5,2,1,2,4,5
SF,IH2001,2019-11-21 09:30:08.600,2951.0000,441,0,1770600.000,0,-,-,-,-,2951.6000,2951.2000,2951.0000,2945.0000,2903.6000,2954.6000,2954.8000,2955.2000,2955.8000,2956.8000,1,1,2,5,5,1,2,1,2,4
SF,IH2001,2019-11-21 09:30:09.100,2951.0000,441,0,1770600.000,0,-,-,-,-,2951.6000,2951.2000,2951.0000,2945.0000,2903.6000,2954.4000,2954.6000,2954.8000,2955.8000,2956.8000,1,1,2,5,5,3,1,1,2,4
SF,IH2001,2019-11-21 09:30:09.600,2951.0000,441,0,1770600.000,0,-,-,-,-,2951.6000,2951.2000,2951.0000,2945.0000,2903.6000,2954.2000,2954.4000,2954.8000,2955.8000,2956.8000,1,1,2,5,5,1,1,1,2,4
SF,IH2001,2019-11-21 09:30:11.100,2951.0000,441,0,1770600.000,0,-,-,-,-,2951.6000,2951.2000,2951.0000,2945.0000,2903.6000,2954.0000,2954.2000,2954.4000,2955.8000,2956.8000,1,1,2,5,5,1,1,1,2,4
SF,IH2001,2019-11-21 09:30:11.600,2951.0000,441,0,1770600.000,0,-,-,-,-,2951.6000,2951.2000,2951.0000,2945.0000,2903.6000,2953.8000,2954.0000,2954.4000,2955.8000,2956.8000,1,1,2,5,5,3,1,1,2,4
SF,IH2001,2019-11-21 09:30:12.100,2951.0000,441,0,1770600.000,0,-,-,-,-,2951.6000,2951.2000,2951.0000,2945.0000,2903.6000,2953.6000,2953.8000,2954.4000,2955.8000,2956.8000,1,1,2,5,5,2,1,1,2,4
SF,IH2001,2019-11-21 09:30:12.600,2951.0000,441,0,1770600.000,0,-,-,-,-,2951.6000,2951.2000,2951.0000,2945.0000,2903.6000,2953.4000,2954.4000,2955.8000,2956.8000,2960.2000,1,1,2,5,5,2,1,2,4,5
SF,IH2001,2019-11-21 09:30:13.100,2951.0000,441,0,1770600.000,0,-,-,-,-,2951.6000,2951.2000,2951.0000,2945.0000,2903.6000,2953.2000,2954.4000,2955.8000,2956.8000,2960.2000,1,1,2,5,5,2,1,2,4,5
SF,IH2001,2019-11-21 09:30:13.600,2951.0000,441,0,1770600.000,0,-,-,-,-,2951.6000,2951.2000,2951.0000,2945.0000,2903.6000,2953.0000,2954.4000,2955.8000,2956.8000,2960.2000,1,1,2,5,5,2,1,2,4,5
SF,IH2001,2019-11-21 09:30:14.100,2951.0000,441,0,1770600.000,0,-,-,-,-,2951.6000,2951.2000,2951.0000,2945.0000,2903.6000,2952.8000,2954.4000,2955.8000,2956.8000,2960.2000,1,1,2,5,5,2,1,2,4,5
SF,IH2001,2019-11-21 09:30:14.600,2951.0000,441,0,1770600.000,0,-,-,-,-,2951.6000,2951.2000,2951.0000,2945.0000,2903.6000,2952.6000,2954.4000,2955.8000,2956.8000,2960.2000,1,1,2,5,5,2,1,2,4,5
SF,IH2001,2019-11-21 09:30:15.100,2951.0000,441,0,1770600.000,0,-,-,-,-,2951.6000,2951.2000,2951.0000,2945.0000,2903.6000,2952.4000,2954.4000,2955.8000,2956.8000,2960.2000,1,1,2,5,5,2,1,2,4,5
SF,IH2001,2019-11-21 09:30:15.600,2951.0000,441,0,1770600.000,0,-,-,-,-,2951.6000,2951.2000,2951.0000,2945.0000,2903.6000,2952.2000,2954.4000,2955.8000,2956.8000,2960.2000,1,1,2,5,5,2,1,2,4,5
SF,IH2001,2019-11-21 09:30:16.100,2951.0000,441,0,1770600.000,0,-,-,-,-,2951.6000,2951.2000,2951.0000,2945.0000,2903.6000,2952.0000,2954.4000,2955.8000,2956.8000,2960.2000,1,1,2,5,5,2,1,2,4,5
SF,IH2001,2019-11-21 09:30:16.600,2952.0000,439,-2,3541800.000,2,0,2,双平,S,2951.6000,2951.2000,2951.0000,2945.0000,2903.6000,2954.4000,2955.8000,2956.8000,2960.2000,2967.0000,1,1,2,5,5,1,2,4,5,1
SF,IH2001,2019-11-21 09:30:17.100,2952.0000,439,0,3541800.000,0,-,-,-,-,2952.0000,2951.6000,2951.2000,2951.0000,2945.0000,2954.2000,2954.4000,2955.8000,2956.8000,2960.2000,1,1,1,2,5,1,1,2,4,5
SF,IH2001,2019-11-21 09:30:17.600,2952.0000,439,0,3541800.000,0,-,-,-,-,2951.6000,2951.2000,2951.0000,2945.0000,2903.6000,2954.0000,2954.2000,2954.4000,2955.8000,2956.8000,1,1,2,5,5,1,1,1,2,4
SF,IH2001,2019-11-21 09:30:18.100,2952.0000,439,0,3541800.000,0,-,-,-,-,2951.6000,2951.2000,2951.0000,2945.0000,2903.6000,2953.8000,2954.0000,2954.4000,2955.8000,2956.8000,1,1,2,5,5,1,1,1,2,4
SF,IH2001,2019-11-21 09:30:18.600,2952.0000,439,0,3541800.000,0,-,-,-,-,2951.6000,2951.2000,2951.0000,2945.0000,2903.6000,2953.6000,2953.8000,2954.0000,2955.8000,2956.8000,1,1,2,5,5,1,1,1,2,4
SF,IH2001,2019-11-21 09:30:19.100,2952.0000,439,0,3541800.000,0,-,-,-,-,2951.6000,2951.2000,2951.0000,2945.0000,2903.6000,2953.6000,2954.0000,2955.8000,2956.8000,2960.2000,1,1,2,5,5,1,1,2,4,5
SF,IH2001,2019-11-21 09:30:20.100,2952.0000,439,0,3541800.000,0,-,-,-,-,2951.6000,2951.2000,2951.0000,2945.0000,2903.6000,2954.0000,2955.8000,2956.8000,2960.2000,2967.0000,1,1,2,5,5,1,2,4,5,1
SF,IH2001,2019-11-21 09:30:20.600,2952.0000,439,0,3541800.000,0,-,-,-,-,2951.6000,2951.2000,2951.0000,2945.0000,2903.6000,2953.8000,2954.0000,2955.8000,2956.8000,2960.2000,1,1,2,5,5,1,1,2,4,5
SF,IH2001,2019-11-21 09:30:21.100,2952.0000,439,0,3541800.000,0,-,-,-,-,2951.6000,2951.2000,2951.0000,2945.0000,2903.6000,2953.8000,2955.8000,2956.8000,2960.2000,2967.0000,1,1,2,5,5,1,2,4,5,1
SF,IH2001,2019-11-21 09:30:23.600,2952.0000,439,0,3541800.000,0,-,-,-,-,2951.8000,2951.6000,2951.2000,2951.0000,2945.0000,2953.8000,2955.8000,2956.8000,2960.2000,2967.0000,1,1,1,2,5,1,2,4,5,1
SF,IH2001,2019-11-21 09:30:24.100,2952.0000,439,0,3541800.000,0,-,-,-,-,2952.0000,2951.8000,2951.6000,2951.0000,2945.0000,2955.8000,2956.8000,2960.2000,2967.0000,2979.2000,1,1,1,2,5,2,4,5,1,1
SF,IH2001,2019-11-21 09:30:24.600,2952.0000,439,0,3541800.000,0,-,-,-,-,2952.0000,2951.6000,2951.0000,2945.0000,2903.6000,2955.6000,2955.8000,2956.8000,2960.2000,2967.0000,1,1,2,5,5,4,2,4,5,1
SF,IH2001,2019-11-21 09:30:25.100,2952.0000,439,0,3541800.000,0,-,-,-,-,2952.4000,2952.0000,2951.6000,2951.0000,2945.0000,2955.6000,2955.8000,2956.8000,2960.2000,2967.0000,1,1,1,2,5,4,2,4,5,1
SF,IH2001,2019-11-21 09:30:27.600,2952.0000,439,0,3541800.000,0,-,-,-,-,2952.6000,2952.4000,2952.0000,2951.6000,2951.0000,2955.6000,2955.8000,2956.8000,2960.2000,2967.0000,1,1,1,1,2,4,2,4,5,1
SF,IH2001,2019-11-21 09:30:31.600,2952.0000,439,0,3541800.000,0,-,-,-,-,2952.4000,2952.0000,2951.6000,2951.0000,2945.0000,2955.6000,2955.8000,2956.8000,2960.2000,2967.0000,1,1,1,2,5,4,2,4,5,1
SF,IH2001,2019-11-21 09:30:32.600,2952.0000,439,0,3541800.000,0,-,-,-,-,2952.4000,2952.0000,2951.6000,2951.0000,2945.0000,2955.4000,2955.6000,2955.8000,2956.8000,2960.2000,1,1,1,2,5,1,4,2,4,5
SF,IH2001,2019-11-21 09:30:33.100,2952.0000,439,0,3541800.000,0,-,-,-,-,2952.6000,2952.4000,2952.0000,2951.0000,2945.0000,2955.2000,2955.4000,2955.6000,2955.8000,2956.8000,1,1,1,2,5,2,1,2,2,4
SF,IH2001,2019-11-21 09:30:33.600,2952.0000,439,0,3541800.000,0,-,-,-,-,2952.6000,2952.4000,2952.0000,2951.0000,2945.0000,2955.2000,2955.4000,2955.6000,2955.8000,2956.8000,1,1,1,2,5,3,1,2,2,4
SF,IH2001,2019-11-21 09:30:34.100,2952.6000,438,-1,4427580.000,1,0,1,双平,S,2952.4000,2951.0000,2945.0000,2943.6000,2903.6000,2955.0000,2955.2000,2955.4000,2955.6000,2955.8000,1,2,5,1,5,1,1,1,1,2
SF,IH2001,2019-11-21 09:30:34.600,2952.6000,438,0,4427580.000,0,-,-,-,-,2952.4000,2951.0000,2945.0000,2943.6000,2903.6000,2954.8000,2955.0000,2955.4000,2955.6000,2955.8000,1,2,5,1,5,1,1,1,1,2
SF,IH2001,2019-11-21 09:30:35.100,2952.6000,438,0,4427580.000,0,-,-,-,-,2952.4000,2951.0000,2945.0000,2943.6000,2903.6000,2954.6000,2954.8000,2955.0000,2955.4000,2955.6000,1,2,5,1,5,1,1,1,1,1
SF,IH2001,2019-11-21 09:30:35.600,2952.6000,438,0,4427580.000,0,-,-,-,-,2952.4000,2951.0000,2945.0000,2943.6000,2903.6000,2954.6000,2955.0000,2955.4000,2955.6000,2955.8000,1,2,5,1,5,1,1,1,1,2
SF,IH2001,2019-11-21 09:30:37.100,2952.6000,438,0,4427580.000,0,-,-,-,-,2952.4000,2951.0000,2945.0000,2943.6000,2903.6000,2954.6000,2955.0000,2955.6000,2955.8000,2956.8000,1,2,5,1,5,1,1,1,2,4
SF,IH2001,2019-11-21 09:30:38.600,2952.6000,438,0,4427580.000,0,-,-,-,-,2952.4000,2951.0000,2945.0000,2943.6000,2903.6000,2954.6000,2955.0000,2955.8000,2956.8000,2960.2000,1,2,5,1,5,1,1,2,4,5
SF,IH2001,2019-11-21 09:30:40.600,2952.6000,438,0,4427580.000,0,-,-,-,-,2952.6000,2952.4000,2951.0000,2945.0000,2943.6000,2954.6000,2955.0000,2955.8000,2956.8000,2960.2000,1,1,2,5,1,1,1,2,4,5
SF,IH2001,2019-11-21 09:30:44.600,2952.6000,438,0,4427580.000,0,-,-,-,-,2952.6000,2951.0000,2945.0000,2943.6000,2903.6000,2954.6000,2955.0000,2955.8000,2956.8000,2960.2000,1,2,5,1,5,1,1,2,4,5
SF,IH2001,2019-11-21 09:30:45.100,2952.6000,438,0,4427580.000,0,-,-,-,-,2953.0000,2952.6000,2951.0000,2945.0000,2943.6000,2954.6000,2955.0000,2955.8000,2956.8000,2960.2000,1,1,2,5,1,1,1,2,4,5
SF,IH2001,2019-11-21 09:30:47.100,2952.6000,438,0,4427580.000,0,-,-,-,-,2953.0000,2951.0000,2945.0000,2943.6000,2903.6000,2954.6000,2955.0000,2955.8000,2956.8000,2960.2000,1,2,5,1,5,1,1,2,4,5
SF,IH2001,2019-11-21 09:30:47.600,2952.6000,438,0,4427580.000,0,-,-,-,-,2953.2000,2953.0000,2951.0000,2945.0000,2943.6000,2954.6000,2955.0000,2955.8000,2956.8000,2960.2000,1,1,2,5,1,1,1,2,4,5
SF,IH2001,2019-11-21 09:30:48.600,2953.0000,438,0,5313480.000,1,0,1,多换,S,2953.0000,2951.0000,2945.0000,2943.6000,2903.6000,2954.6000,2955.0000,2955.8000,2956.8000,2960.2000,1,2,5,1,5,1,1,2,4,5
SF,IH2001,2019-11-21 09:30:50.100,2953.0000,438,0,5313480.000,0,-,-,-,-,2951.0000,2945.0000,2943.6000,2903.6000,2890.0000,2954.6000,2955.0000,2955.8000,2956.8000,2960.2000,2,5,1,5,1,1,1,2,4,5
SF,IH2001,2019-11-21 09:30:50.600,2953.0000,438,0,5313480.000,0,-,-,-,-,2951.4000,2951.0000,2945.0000,2943.6000,2903.6000,2954.6000,2955.0000,2955.8000,2956.8000,2960.2000,3,2,5,1,5,1,1,2,4,5
SF,IH2001,2019-11-21 09:30:51.100,2953.0000,438,0,5313480.000,0,-,-,-,-,2951.6000,2951.4000,2951.0000,2945.0000,2943.6000,2955.0000,2955.8000,2956.8000,2960.2000,2967.0000,1,3,2,5,1,1,2,4,5,1
SF,IH2001,2019-11-21 09:30:51.600,2953.0000,438,0,5313480.000,0,-,-,-,-,2952.0000,2951.8000,2951.6000,2951.0000,2945.0000,2955.8000,2956.8000,2960.2000,2967.0000,2979.2000,1,2,1,2,5,2,4,5,1,1
SF,IH2001,2019-11-21 09:30:52.100,2953.0000,438,0,5313480.000,0,-,-,-,-,2952.2000,2952.0000,2951.8000,2951.6000,2951.0000,2955.6000,2955.8000,2956.8000,2960.2000,2967.0000,2,1,1,1,2,2,2,4,5,1
SF,IH2001,2019-11-21 09:30:52.600,2953.0000,438,0,5313480.000,0,-,-,-,-,2952.2000,2952.0000,2951.8000,2951.0000,2945.0000,2955.6000,2955.8000,2956.8000,2960.2000,2967.0000,2,1,1,2,5,2,2,4,5,1
SF,IH2001,2019-11-21 09:30:53.100,2953.0000,438,0,5313480.000,0,-,-,-,-,2952.6000,2952.4000,2952.2000,2951.0000,2945.0000,2955.6000,2955.8000,2956.8000,2960.2000,2967.0000,1,1,2,2,5,2,2,4,5,1
SF,IH2001,2019-11-21 09:30:53.600,2953.0000,438,0,5313480.000,0,-,-,-,-,2952.8000,2952.6000,2952.4000,2951.0000,2945.0000,2955.6000,2955.8000,2956.8000,2960.2000,2967.0000,1,1,1,2,5,2,2,4,5,1
SF,IH2001,2019-11-21 09:30:54.600,2953.0000,438,0,5313480.000,0,-,-,-,-,2953.0000,2952.8000,2952.6000,2952.4000,2951.0000,2955.6000,2955.8000,2956.8000,2960.2000,2967.0000,1,1,1,1,2,2,2,4,5,1
SF,IH2001,2019-11-21 09:30:55.100,2953.0000,438,0,5313480.000,0,-,-,-,-,2953.0000,2952.6000,2952.4000,2951.0000,2945.0000,2955.6000,2955.8000,2956.8000,2960.2000,2967.0000,1,1,1,2,5,2,2,4,5,1
SF,IH2001,2019-11-21 09:30:56.600,2953.0000,438,0,5313480.000,0,-,-,-,-,2953.0000,2952.6000,2951.0000,2945.0000,2943.6000,2955.6000,2955.8000,2956.8000,2960.2000,2967.0000,1,1,2,5,1,2,2,4,5,1
SF,IH2001,2019-11-21 09:30:57.100,2953.0000,438,0,5313480.000,0,-,-,-,-,2953.2000,2953.0000,2952.6000,2951.0000,2945.0000,2955.6000,2955.8000,2956.8000,2960.2000,2967.0000,1,1,1,2,5,2,2,4,5,1
SF,IH2001,2019-11-21 09:30:58.100,2953.0000,438,0,5313480.000,0,-,-,-,-,2953.4000,2953.2000,2952.6000,2951.0000,2945.0000,2955.6000,2955.8000,2956.8000,2960.2000,2967.0000,2,1,1,2,5,2,2,4,5,1
SF,IH2001,2019-11-21 09:30:58.600,2953.0000,438,0,5313480.000,0,-,-,-,-,2953.4000,2953.2000,2952.6000,2951.0000,2945.0000,2955.6000,2955.8000,2956.8000,2960.2000,2967.0000,3,1,1,2,5,2,2,4,5,1
SF,IH2001,2019-11-21 09:31:00.100,2953.0000,438,0,5313480.000,0,-,-,-,-,2953.4000,2952.6000,2951.0000,2950.6000,2945.0000,2955.6000,2955.8000,2956.8000,2960.2000,2967.0000,2,1,2,1,5,2,2,4,5,1
SF,IH2001,2019-11-21 09:31:00.600,2953.0000,438,0,5313480.000,0,-,-,-,-,2953.4000,2952.6000,2951.0000,2950.6000,2945.0000,2955.6000,2955.8000,2956.8000,2960.2000,2967.0000,1,1,2,1,5,2,2,4,5,1
SF,IH2001,2019-11-21 09:31:02.100,2953.0000,438,0,5313480.000,0,-,-,-,-,2952.6000,2951.0000,2950.6000,2945.0000,2943.6000,2955.6000,2955.8000,2956.8000,2960.2000,2967.0000,1,2,1,5,1,2,2,4,5,1
SF,IH2001,2019-11-21 09:31:03.100,2953.0000,438,0,5313480.000,0,-,-,-,-,2951.0000,2950.6000,2945.0000,2943.6000,2903.6000,2955.4000,2955.6000,2955.8000,2956.8000,2960.2000,2,1,5,1,5,2,2,2,4,5
SF,IH2001,2019-11-21 09:31:03.600,2953.0000,438,0,5313480.000,0,-,-,-,-,2951.2000,2951.0000,2950.6000,2945.0000,2943.6000,2955.2000,2955.4000,2955.6000,2955.8000,2956.8000,2,2,1,5,1,2,2,1,2,4
SF,IH2001,2019-11-21 09:31:04.100,2953.0000,438,0,5313480.000,0,-,-,-,-,2951.2000,2951.0000,2950.6000,2945.0000,2943.6000,2955.2000,2955.6000,2955.8000,2956.8000,2960.2000,2,2,1,5,1,2,1,2,4,5
SF,IH2001,2019-11-21 09:31:04.600,2953.0000,438,0,5313480.000,0,-,-,-,-,2951.8000,2951.2000,2951.0000,2950.6000,2945.0000,2955.2000,2955.6000,2955.8000,2956.8000,2960.2000,1,2,2,1,5,2,1,2,4,5
SF,IH2001,2019-11-21 09:31:05.100,2953.0000,438,0,5313480.000,0,-,-,-,-,2952.0000,2951.8000,2951.0000,2950.6000,2945.0000,2955.2000,2955.6000,2955.8000,2956.8000,2960.2000,2,1,2,1,5,2,1,2,4,5
SF,IH2001,2019-11-21 09:31:06.600,2953.0000,438,0,5313480.000,0,-,-,-,-,2952.2000,2952.0000,2951.0000,2950.6000,2945.0000,2955.2000,2955.6000,2955.8000,2956.8000,2960.2000,1,2,2,1,5,2,1,2,4,5
SF,IH2001,2019-11-21 09:31:07.100,2953.0000,438,0,5313480.000,0,-,-,-,-,2952.2000,2952.0000,2951.0000,2950.6000,2945.0000,2955.2000,2955.6000,2955.8000,2956.8000,2960.2000,1,1,2,1,5,2,1,2,4,5
SF,IH2001,2019-11-21 09:31:08.600,2953.0000,438,0,5313480.000,0,-,-,-,-,2952.2000,2952.0000,2951.0000,2950.6000,2945.0000,2955.0000,2955.2000,2955.6000,2955.8000,2956.8000,1,1,2,1,5,1,2,1,2,4
SF,IH2001,2019-11-21 09:31:09.100,2953.0000,438,0,5313480.000,0,-,-,-,-,2952.0000,2951.0000,2950.6000,2945.0000,2943.6000,2954.8000,2955.0000,2955.2000,2955.8000,2956.8000,1,2,1,5,1,2,1,1,2,4
SF,IH2001,2019-11-21 09:31:09.600,2953.0000,438,0,5313480.000,0,-,-,-,-,2951.0000,2950.6000,2945.0000,2943.6000,2903.6000,2954.8000,2955.2000,2955.8000,2956.8000,2960.2000,2,1,5,1,5,2,1,2,4,5
SF,IH2001,2019-11-21 09:31:10.100,2953.0000,438,0,5313480.000,0,-,-,-,-,2951.2000,2951.0000,2950.6000,2945.0000,2943.6000,2954.8000,2955.2000,2955.8000,2956.8000,2960.2000,2,2,1,5,1,2,1,2,4,5
SF,IH2001,2019-11-21 09:31:11.100,2953.0000,438,0,5313480.000,0,-,-,-,-,2951.4000,2951.2000,2951.0000,2950.6000,2945.0000,2954.8000,2955.2000,2955.8000,2956.8000,2960.2000,1,2,2,1,5,2,1,2,4,5
SF,IH2001,2019-11-21 09:31:11.600,2953.0000,438,0,5313480.000,0,-,-,-,-,2951.4000,2951.0000,2950.6000,2945.0000,2943.6000,2954.8000,2955.2000,2955.8000,2956.8000,2960.2000,1,2,1,5,1,2,1,2,4,5
SF,IH2001,2019-11-21 09:31:12.100,2953.0000,438,0,5313480.000,0,-,-,-,-,2951.4000,2951.0000,2950.6000,2945.0000,2943.6000,2954.6000,2954.8000,2955.2000,2955.8000,2956.8000,1,2,1,5,1,1,2,1,2,4
SF,IH2001,2019-11-21 09:31:12.600,2953.0000,438,0,5313480.000,0,-,-,-,-,2951.4000,2951.0000,2950.6000,2945.0000,2943.6000,2954.4000,2954.8000,2955.8000,2956.8000,2960.2000,1,2,1,5,1,3,1,2,4,5
SF,IH2001,2019-11-21 09:31:13.600,2954.4000,437,-1,6199800.000,1,0,1,双平,S,2951.4000,2951.0000,2950.6000,2945.0000,2943.6000,2954.4000,2954.8000,2955.8000,2956.8000,2960.2000,1,2,1,5,1,2,1,2,4,5
SF,IH2001,2019-11-21 09:31:14.100,2954.4000,437,0,6199800.000,0,-,-,-,-,2951.6000,2951.4000,2951.0000,2950.6000,2945.0000,2954.4000,2954.8000,2955.8000,2956.8000,2960.2000,1,1,2,1,5,1,1,2,4,5
SF,IH2001,2019-11-21 09:31:15.100,2954.4000,437,0,6199800.000,0,-,-,-,-,2951.6000,2951.4000,2951.0000,2950.6000,2945.0000,2953.8000,2954.0000,2954.4000,2954.8000,2955.8000,1,1,2,1,5,1,1,1,1,2
SF,IH2001,2019-11-21 09:31:15.600,2954.4000,437,0,6199800.000,0,-,-,-,-,2951.6000,2951.0000,2950.6000,2945.0000,2943.6000,2953.6000,2953.8000,2954.0000,2954.2000,2954.4000,1,2,1,5,1,1,1,1,1,1
SF,IH2001,2019-11-21 09:31:16.100,2954.4000,437,0,6199800.000,0,-,-,-,-,2951.8000,2951.6000,2951.0000,2950.6000,2945.0000,2953.6000,2953.8000,2954.0000,2954.4000,2955.8000,1,1,2,1,5,1,1,1,1,2
SF,IH2001,2019-11-21 09:31:16.600,2954.4000,437,0,6199800.000,0,-,-,-,-,2951.8000,2951.0000,2950.6000,2945.0000,2943.6000,2953.6000,2953.8000,2954.0000,2954.4000,2955.8000,1,2,1,5,1,1,1,1,1,2
SF,IH2001,2019-11-21 09:31:17.100,2954.4000,437,0,6199800.000,0,-,-,-,-,2951.8000,2951.0000,2950.6000,2945.0000,2943.6000,2953.6000,2954.0000,2954.4000,2955.8000,2956.8000,1,2,1,5,1,1,1,1,2,4
SF,IH2001,2019-11-21 09:31:17.600,2954.4000,437,0,6199800.000,0,-,-,-,-,2951.0000,2950.6000,2945.0000,2943.6000,2903.6000,2953.6000,2954.0000,2954.4000,2955.8000,2956.8000,2,1,5,1,5,1,1,1,2,4
SF,IH2001,2019-11-21 09:31:18.100,2954.4000,437,0,6199800.000,0,-,-,-,-,2951.2000,2951.0000,2950.6000,2945.0000,2943.6000,2953.6000,2954.4000,2955.8000,2956.8000,2960.2000,1,2,1,5,1,1,1,2,4,5
SF,IH2001,2019-11-21 09:31:19.100,2954.4000,437,0,6199800.000,0,-,-,-,-,2951.4000,2951.2000,2951.0000,2950.6000,2945.0000,2953.6000,2954.4000,2955.8000,2956.8000,2960.2000,1,1,2,1,5,1,1,2,4,5
SF,IH2001,2019-11-21 09:31:19.600,2954.4000,437,0,6199800.000,0,-,-,-,-,2951.6000,2951.4000,2951.0000,2950.6000,2945.0000,2953.6000,2954.4000,2955.8000,2956.8000,2960.2000,1,2,2,1,5,1,1,2,4,5
SF,IH2001,2019-11-21 09:31:21.100,2953.6000,437,0,7085880.000,1,0,1,多换,S,2951.6000,2951.4000,2951.0000,2950.6000,2945.0000,2953.4000,2955.8000,2956.8000,2960.2000,2967.0000,1,1,2,1,5,1,2,4,5,1
SF,IH2001,2019-11-21 09:31:23.600,2953.6000,437,0,7085880.000,0,-,-,-,-,2951.6000,2951.0000,2950.6000,2945.0000,2943.6000,2953.4000,2955.8000,2956.8000,2960.2000,2967.0000,1,2,1,5,1,1,2,4,5,1
SF,IH2001,2019-11-21 09:31:24.600,2953.6000,437,0,7085880.000,0,-,-,-,-,2951.6000,2951.0000,2950.6000,2945.0000,2943.6000,2953.2000,2953.4000,2955.8000,2956.8000,2960.2000,1,2,1,5,1,1,1,2,4,5
SF,IH2001,2019-11-21 09:31:25.100,2953.6000,437,0,7085880.000,0,-,-,-,-,2951.6000,2951.0000,2950.6000,2945.0000,2943.6000,2953.0000,2953.4000,2955.8000,2956.8000,2960.2000,1,2,1,5,1,1,1,2,4,5
SF,IH2001,2019-11-21 09:31:25.600,2951.6000,436,-1,7971360.000,1,0,1,双平,S,2951.0000,2950.6000,2945.0000,2943.6000,2903.6000,2953.0000,2953.4000,2953.8000,2956.8000,2960.2000,2,1,5,1,5,2,1,1,4,5
SF,IH2001,2019-11-21 09:31:26.100,2951.6000,436,0,7971360.000,0,-,-,-,-,2951.0000,2950.6000,2945.0000,2943.6000,2903.6000,2953.0000,2953.4000,2956.8000,2960.2000,2967.0000,2,1,5,1,5,1,1,4,5,1
SF,IH2001,2019-11-21 09:31:27.100,2951.6000,436,0,7971360.000,0,-,-,-,-,2951.0000,2950.6000,2945.0000,2943.6000,2903.6000,2952.4000,2952.8000,2953.0000,2953.4000,2956.8000,2,1,5,1,5,2,4,1,1,4
SF,IH2001,2019-11-21 09:31:27.600,2951.6000,436,0,7971360.000,0,-,-,-,-,2951.0000,2950.6000,2945.0000,2943.6000,2903.6000,2952.2000,2952.4000,2952.8000,2953.0000,2956.8000,2,1,5,1,5,1,2,4,1,4
SF,IH2001,2019-11-21 09:31:30.100,2951.0000,436,0,8856660.000,1,0,1,多换,S,2951.0000,2950.6000,2945.0000,2943.6000,2903.6000,2952.2000,2952.4000,2952.8000,2953.0000,2956.8000,1,1,5,1,5,1,2,4,1,4
SF,IH2001,2019-11-21 09:31:31.100,2951.0000,435,-1,9741960.000,1,0,1,双平,S,2950.6000,2945.0000,2943.6000,2903.6000,2890.0000,2952.2000,2952.4000,2953.0000,2956.8000,2960.2000,1,5,1,5,1,1,2,1,4,5
SF,IH2001,2019-11-21 09:31:32.600,2951.0000,435,0,9741960.000,0,-,-,-,-,2950.8000,2950.6000,2945.0000,2943.6000,2903.6000,2952.4000,2953.0000,2956.8000,2960.2000,2967.0000,1,1,5,1,5,2,1,4,5,1
SF,IH2001,2019-11-21 09:31:33.600,2951.0000,435,0,9741960.000,0,-,-,-,-,2950.6000,2945.0000,2943.6000,2903.6000,2890.0000,2952.4000,2953.0000,2956.8000,2960.2000,2967.0000,1,5,1,5,1,2,1,4,5,1
SF,IH2001,2019-11-21 09:31:35.100,2951.0000,435,0,9741960.000,0,-,-,-,-,2950.6000,2945.0000,2943.6000,2903.6000,2890.0000,2952.2000,2952.4000,2953.0000,2956.8000,2960.2000,1,5,1,5,1,1,2,1,4,5
SF,IH2001,2019-11-21 09:31:38.600,2951.0000,435,0,9741960.000,0,-,-,-,-,2950.6000,2945.0000,2943.6000,2903.6000,2890.0000,2952.4000,2953.0000,2956.8000,2960.2000,2967.0000,1,5,1,5,1,2,1,4,5,1
SF,IH2001,2019-11-21 09:31:39.100,2951.0000,435,0,9741960.000,0,-,-,-,-,2950.6000,2945.0000,2943.6000,2903.6000,2890.0000,2952.2000,2952.4000,2953.0000,2956.8000,2960.2000,1,5,1,5,1,1,2,1,4,5
SF,IH2001,2019-11-21 09:31:39.600,2951.0000,435,0,9741960.000,0,-,-,-,-,2950.6000,2945.0000,2943.6000,2903.6000,2890.0000,2952.4000,2953.0000,2956.8000,2960.2000,2967.0000,1,5,1,5,1,2,1,4,5,1
SF,IH2001,2019-11-21 09:31:40.600,2951.0000,435,0,9741960.000,0,-,-,-,-,2950.8000,2950.6000,2945.0000,2943.6000,2903.6000,2952.4000,2953.0000,2956.8000,2960.2000,2967.0000,1,1,5,1,5,2,1,4,5,1
SF,IH2001,2019-11-21 09:31:41.100,2951.0000,435,0,9741960.000,0,-,-,-,-,2950.6000,2945.0000,2943.6000,2903.6000,2890.0000,2952.2000,2952.4000,2953.0000,2956.8000,2960.2000,1,5,1,5,1,1,2,1,4,5
SF,IH2001,2019-11-21 09:31:43.100,2951.0000,435,0,9741960.000,0,-,-,-,-,2950.6000,2945.0000,2943.6000,2903.6000,2890.0000,2952.4000,2953.0000,2956.8000,2960.2000,2967.0000,1,5,1,5,1,2,1,4,5,1
SF,IH2001,2019-11-21 09:31:43.600,2951.0000,435,0,9741960.000,0,-,-,-,-,2950.6000,2945.0000,2943.6000,2903.6000,2890.0000,2952.2000,2952.4000,2953.0000,2956.8000,2960.2000,1,5,1,5,1,1,2,1,4,5
SF,IH2001,2019-11-21 09:31:47.100,2951.0000,435,0,9741960.000,0,-,-,-,-,2950.8000,2950.6000,2945.0000,2943.6000,2903.6000,2952.2000,2952.4000,2953.0000,2956.8000,2960.2000,2,1,5,1,5,1,2,1,4,5
SF,IH2001,2019-11-21 09:31:47.600,2951.0000,435,0,9741960.000,0,-,-,-,-,2950.8000,2950.6000,2945.0000,2943.6000,2903.6000,2952.4000,2953.0000,2956.8000,2960.2000,2967.0000,2,1,5,1,5,2,1,4,5,1
SF,IH2001,2019-11-21 09:31:49.600,2951.0000,435,0,9741960.000,0,-,-,-,-,2950.6000,2945.0000,2943.6000,2903.6000,2890.0000,2952.4000,2953.0000,2956.8000,2960.2000,2967.0000,1,5,1,5,1,2,1,4,5,1
SF,IH2001,2019-11-21 09:31:50.100,2951.0000,435,0,9741960.000,0,-,-,-,-,2950.6000,2945.0000,2943.6000,2903.6000,2890.0000,2952.2000,2952.4000,2953.0000,2956.8000,2960.2000,1,5,1,5,1,2,2,1,4,5
SF,IH2001,2019-11-21 09:31:50.600,2951.0000,435,0,9741960.000,0,-,-,-,-,2950.8000,2950.6000,2945.0000,2943.6000,2903.6000,2952.2000,2952.4000,2953.0000,2956.8000,2960.2000,1,1,5,1,5,1,2,1,4,5
SF,IH2001,2019-11-21 09:31:51.100,2951.0000,435,0,9741960.000,0,-,-,-,-,2951.0000,2950.8000,2950.6000,2945.0000,2943.6000,2952.2000,2952.4000,2953.0000,2956.8000,2960.2000,1,1,1,5,1,1,2,1,4,5
SF,IH2001,2019-11-21 09:31:52.600,2951.0000,435,0,9741960.000,0,-,-,-,-,2951.0000,2950.6000,2945.0000,2943.6000,2903.6000,2952.2000,2952.4000,2953.0000,2956.8000,2960.2000,1,1,5,1,5,1,2,1,4,5
SF,IH2001,2019-11-21 09:31:53.600,2951.0000,435,0,9741960.000,0,-,-,-,-,2950.6000,2945.0000,2943.6000,2903.6000,2890.0000,2952.2000,2952.4000,2953.0000,2956.8000,2960.2000,1,5,1,5,1,1,2,1,4,5
SF,IH2001,2019-11-21 09:31:54.600,2951.0000,435,0,9741960.000,0,-,-,-,-,2950.8000,2950.6000,2945.0000,2943.6000,2903.6000,2952.2000,2952.4000,2953.0000,2956.8000,2960.2000,2,1,5,1,5,1,2,1,4,5
SF,IH2001,2019-11-21 09:31:57.100,2951.0000,435,0,9741960.000,0,-,-,-,-,2950.8000,2950.6000,2945.0000,2943.6000,2903.6000,2952.2000,2952.4000,2953.0000,2956.8000,2960.2000,1,1,5,1,5,1,2,1,4,5
SF,IH2001,2019-11-21 09:31:58.600,2951.0000,435,0,9741960.000,0,-,-,-,-,2951.0000,2950.8000,2950.6000,2945.0000,2943.6000,2952.2000,2952.4000,2953.0000,2956.8000,2960.2000,1,1,1,5,1,1,2,1,4,5
SF,IH2001,2019-11-21 09:31:59.100,2951.0000,435,0,9741960.000,0,-,-,-,-,2951.0000,2950.8000,2950.6000,2945.0000,2943.6000,2952.2000,2952.4000,2953.0000,2956.8000,2960.2000,2,1,1,5,1,1,2,1,4,5
SF,IH2001,2019-11-21 09:32:00.100,2951.0000,435,0,9741960.000,0,-,-,-,-,2951.0000,2950.8000,2950.6000,2945.0000,2943.6000,2952.2000,2953.0000,2956.8000,2960.2000,2967.0000,2,1,1,5,1,1,1,4,5,1
SF,IH2001,2019-11-21 09:32:01.100,2951.0000,435,0,9741960.000,0,-,-,-,-,2951.0000,2950.8000,2950.6000,2945.0000,2943.6000,2952.2000,2953.0000,2956.8000,2960.2000,2967.0000,1,1,1,5,1,1,1,4,5,1
SF,IH2001,2019-11-21 09:32:01.600,2951.0000,435,0,9741960.000,0,-,-,-,-,2951.0000,2950.6000,2945.0000,2943.6000,2903.6000,2952.2000,2953.0000,2956.8000,2960.2000,2967.0000,1,1,5,1,5,1,1,4,5,1
SF,IH2001,2019-11-21 09:32:02.100,2951.0000,434,-1,10627260.000,1,0,1,双平,S,2950.6000,2945.0000,2943.6000,2903.6000,2890.0000,2952.0000,2952.2000,2953.0000,2956.8000,2960.2000,1,5,1,5,1,1,1,1,4,5
SF,IH2001,2019-11-21 09:32:02.600,2951.0000,434,0,10627260.000,0,-,-,-,-,2950.6000,2945.0000,2943.6000,2903.6000,2890.0000,2951.8000,2952.0000,2953.0000,2956.8000,2960.2000,1,5,1,5,1,1,1,1,4,5
SF,IH2001,2019-11-21 09:32:03.100,2951.0000,434,0,10627260.000,0,-,-,-,-,2950.6000,2945.0000,2943.6000,2903.6000,2890.0000,2951.6000,2951.8000,2952.0000,2956.8000,2960.2000,1,5,1,5,1,1,1,1,4,5
SF,IH2001,2019-11-21 09:32:03.600,2950.6000,434,0,11512440.000,1,0,1,多换,S,2945.0000,2943.6000,2903.6000,2890.0000,2758.0000,2951.4000,2951.6000,2952.0000,2956.8000,2960.2000,5,1,5,1,3,1,1,1,4,5
SF,IH2001,2019-11-21 09:32:04.100,2950.6000,434,0,11512440.000,0,-,-,-,-,2948.0000,2946.6000,2945.8000,2945.2000,2945.0000,2951.2000,2951.4000,2951.6000,2956.8000,2960.2000,2,1,1,2,5,1,1,1,4,5
SF,IH2001,2019-11-21 09:32:04.600,2950.6000,434,0,11512440.000,0,-,-,-,-,2948.2000,2948.0000,2946.6000,2945.8000,2945.2000,2951.6000,2956.8000,2960.2000,2967.0000,3012.2000,2,2,1,1,2,1,4,5,1,1
SF,IH2001,2019-11-21 09:32:05.100,2950.6000,434,0,11512440.000,0,-,-,-,-,2948.2000,2946.6000,2945.8000,2945.2000,2945.0000,2951.6000,2956.8000,2960.2000,2967.0000,3012.2000,2,1,1,2,5,1,4,5,1,1
SF,IH2001,2019-11-21 09:32:05.600,2950.6000,434,0,11512440.000,0,-,-,-,-,2948.4000,2948.2000,2946.6000,2945.8000,2945.2000,2951.6000,2956.8000,2960.2000,2967.0000,3012.2000,2,2,1,1,2,1,4,5,1,1
SF,IH2001,2019-11-21 09:32:06.100,2950.6000,434,0,11512440.000,0,-,-,-,-,2949.0000,2948.6000,2948.4000,2948.2000,2946.6000,2951.6000,2956.8000,2960.2000,2967.0000,3012.2000,1,2,2,2,1,1,4,5,1,1
SF,IH2001,2019-11-21 09:32:06.600,2950.6000,434,0,11512440.000,0,-,-,-,-,2949.2000,2949.0000,2948.6000,2948.2000,2946.6000,2951.6000,2956.8000,2960.2000,2967.0000,3012.2000,1,1,2,1,1,1,4,5,1,1
SF,IH2001,2019-11-21 09:32:07.100,2950.6000,434,0,11512440.000,0,-,-,-,-,2949.2000,2949.0000,2948.6000,2948.2000,2946.6000,2951.4000,2951.6000,2956.8000,2960.2000,2967.0000,1,1,2,1,1,1,1,4,5,1
SF,IH2001,2019-11-21 09:32:07.600,2950.6000,434,0,11512440.000,0,-,-,-,-,2949.4000,2949.2000,2948.6000,2948.2000,2946.6000,2951.4000,2951.6000,2956.8000,2960.2000,2967.0000,1,1,2,1,1,1,1,4,5,1
SF,IH2001,2019-11-21 09:32:08.100,2950.6000,434,0,11512440.000,0,-,-,-,-,2949.6000,2949.4000,2949.2000,2948.6000,2948.2000,2951.4000,2951.6000,2956.8000,2960.2000,2967.0000,1,1,1,1,1,1,1,4,5,1
SF,IH2001,2019-11-21 09:32:08.600,2950.6000,434,0,11512440.000,0,-,-,-,-,2949.6000,2949.2000,2948.6000,2948.2000,2946.6000,2951.4000,2951.6000,2956.8000,2960.2000,2967.0000,1,1,1,1,1,1,1,4,5,1
SF,IH2001,2019-11-21 09:32:09.600,2950.6000,434,0,11512440.000,0,-,-,-,-,2949.6000,2949.2000,2948.6000,2948.2000,2946.6000,2951.4000,2956.8000,2960.2000,2967.0000,3012.2000,1,1,1,1,1,1,4,5,1,1
SF,IH2001,2019-11-21 09:32:10.100,2950.6000,434,0,11512440.000,0,-,-,-,-,2949.8000,2949.6000,2949.2000,2948.6000,2948.2000,2956.8000,2960.2000,2967.0000,3012.2000,3013.0000,2,1,1,1,1,4,5,1,1,4
SF,IH2001,2019-11-21 09:32:10.600,2950.6000,434,0,11512440.000,0,-,-,-,-,2950.0000,2949.8000,2949.6000,2948.6000,2948.2000,2952.6000,2953.2000,2956.6000,2956.8000,2960.2000,1,2,1,1,1,2,2,5,4,5
SF,IH2001,2019-11-21 09:32:11.100,2950.6000,434,0,11512440.000,0,-,-,-,-,2950.0000,2949.8000,2949.6000,2948.6000,2948.2000,2952.4000,2952.6000,2956.6000,2956.8000,2960.2000,1,1,1,1,1,1,2,5,4,5
SF,IH2001,2019-11-21 09:32:11.600,2950.6000,434,0,11512440.000,0,-,-,-,-,2950.0000,2949.8000,2949.6000,2948.6000,2948.2000,2952.2000,2952.4000,2952.6000,2956.6000,2956.8000,1,1,1,1,1,1,1,2,5,4
SF,IH2001,2019-11-21 09:32:12.100,2950.6000,434,0,11512440.000,0,-,-,-,-,2950.0000,2949.6000,2948.6000,2948.2000,2945.0000,2952.0000,2952.2000,2952.4000,2952.6000,2956.6000,1,1,1,1,5,1,1,1,2,4
SF,IH2001,2019-11-21 09:32:12.600,2950.6000,434,0,11512440.000,0,-,-,-,-,2949.6000,2948.6000,2948.2000,2945.0000,2943.6000,2951.8000,2952.0000,2952.4000,2952.6000,2956.6000,1,1,1,5,1,1,1,1,2,4
SF,IH2001,2019-11-21 09:32:13.100,2950.6000,434,0,11512440.000,0,-,-,-,-,2950.2000,2949.6000,2948.6000,2948.2000,2945.0000,2951.8000,2952.0000,2952.4000,2952.6000,2956.6000,1,1,1,1,5,1,1,1,2,4
SF,IH2001,2019-11-21 09:32:13.600,2950.6000,434,0,11512440.000,0,-,-,-,-,2950.4000,2950.2000,2949.8000,2949.6000,2948.6000,2951.8000,2952.6000,2956.6000,2956.8000,2960.2000,1,1,1,1,1,1,2,4,4,5
SF,IH2001,2019-11-21 09:32:14.100,2950.6000,434,0,11512440.000,0,-,-,-,-,2950.6000,2950.4000,2949.8000,2949.6000,2948.6000,2952.6000,2956.6000,2956.8000,2960.2000,2967.0000,1,1,1,1,1,2,4,4,5,1
SF,IH2001,2019-11-21 09:32:14.600,2950.6000,434,0,11512440.000,0,-,-,-,-,2950.8000,2950.6000,2950.4000,2949.8000,2948.6000,2952.6000,2956.6000,2956.8000,2960.2000,2967.0000,1,1,1,1,1,2,4,4,5,1
SF,IH2001,2019-11-21 09:32:15.100,2950.6000,434,0,11512440.000,0,-,-,-,-,2950.6000,2949.8000,2948.6000,2948.2000,2945.0000,2952.4000,2952.6000,2956.6000,2956.8000,2960.2000,1,1,1,1,5,3,2,4,4,5
SF,IH2001,2019-11-21 09:32:15.600,2950.6000,434,0,11512440.000,0,-,-,-,-,2951.0000,2950.6000,2949.8000,2948.6000,2948.2000,2952.4000,2952.6000,2956.6000,2956.8000,2960.2000,1,1,1,1,1,1,2,4,4,5
SF,IH2001,2019-11-21 09:32:16.100,2950.6000,434,0,11512440.000,0,-,-,-,-,2950.8000,2950.6000,2949.8000,2948.6000,2948.2000,2952.4000,2952.6000,2956.6000,2956.8000,2960.2000,1,1,1,1,1,1,2,4,4,5
SF,IH2001,2019-11-21 09:32:16.600,2950.6000,434,0,11512440.000,0,-,-,-,-,2951.2000,2950.8000,2950.6000,2949.8000,2948.6000,2952.4000,2956.6000,2956.8000,2960.2000,2967.0000,1,1,1,1,1,1,4,4,5,1
SF,IH2001,2019-11-21 09:32:17.600,2950.6000,434,0,11512440.000,0,-,-,-,-,2951.2000,2950.8000,2949.8000,2948.6000,2948.2000,2952.4000,2956.6000,2956.8000,2960.2000,2967.0000,1,1,1,1,1,1,4,4,5,1
SF,IH2001,2019-11-21 09:32:18.100,2952.4000,433,-1,12398160.000,1,0,1,双平,S,2951.4000,2951.2000,2950.8000,2949.8000,2948.6000,2956.6000,2956.8000,2960.2000,2967.0000,3012.2000,1,1,2,1,1,4,4,5,1,1
SF,IH2001,2019-11-21 09:32:18.600,2952.4000,433,0,12398160.000,0,-,-,-,-,2951.6000,2951.4000,2951.2000,2949.8000,2948.6000,2954.0000,2956.4000,2956.6000,2956.8000,2960.2000,2,1,1,1,1,2,3,4,4,5
SF,IH2001,2019-11-21 09:32:19.100,2952.4000,433,0,12398160.000,0,-,-,-,-,2951.6000,2951.4000,2951.2000,2949.8000,2948.6000,2953.8000,2954.0000,2956.4000,2956.6000,2956.8000,3,1,1,1,1,2,2,3,4,4
SF,IH2001,2019-11-21 09:32:19.600,2952.4000,433,0,12398160.000,0,-,-,-,-,2951.6000,2951.4000,2951.2000,2949.8000,2948.6000,2953.8000,2954.0000,2955.0000,2956.4000,2956.6000,3,1,1,1,1,2,2,1,3,4
SF,IH2001,2019-11-21 09:32:20.100,2952.4000,433,0,12398160.000,0,-,-,-,-,2951.6000,2951.2000,2949.8000,2948.6000,2948.2000,2953.8000,2954.0000,2956.4000,2956.6000,2956.8000,3,1,1,1,1,2,2,3,4,4
SF,IH2001,2019-11-21 09:32:20.600,2952.4000,433,0,12398160.000,0,-,-,-,-,2951.8000,2951.6000,2951.2000,2949.8000,2948.6000,2953.8000,2954.0000,2956.4000,2956.6000,2956.8000,2,2,1,1,1,1,2,3,4,4
SF,IH2001,2019-11-21 09:32:21.100,2952.4000,433,0,12398160.000,0,-,-,-,-,2952.0000,2951.8000,2951.6000,2951.2000,2949.8000,2953.8000,2954.0000,2956.4000,2956.6000,2956.8000,1,2,1,1,1,1,2,3,4,4
SF,IH2001,2019-11-21 09:32:21.600,2952.4000,433,0,12398160.000,0,-,-,-,-,2952.0000,2951.8000,2951.6000,2949.8000,2948.6000,2956.4000,2956.6000,2956.8000,2960.2000,2967.0000,2,2,1,1,1,3,4,4,5,1
SF,IH2001,2019-11-21 09:32:22.100,2952.4000,433,0,12398160.000,0,-,-,-,-,2952.2000,2952.0000,2951.8000,2951.6000,2949.8000,2954.8000,2955.4000,2956.4000,2956.6000,2956.8000,1,2,2,1,1,2,1,3,4,4
SF,IH2001,2019-11-21 09:32:22.600,2952.4000,433,0,12398160.000,0,-,-,-,-,2952.4000,2952.2000,2952.0000,2951.8000,2949.8000,2954.6000,2954.8000,2956.4000,2956.6000,2956.8000,2,1,1,1,1,1,2,3,4,4
SF,IH2001,2019-11-21 09:32:23.100,2952.4000,433,0,12398160.000,0,-,-,-,-,2952.4000,2952.2000,2952.0000,2951.8000,2949.8000,2954.4000,2954.6000,2954.8000,2956.4000,2956.6000,2,1,1,1,1,1,1,2,3,4
SF,IH2001,2019-11-21 09:32:23.600,2952.4000,433,0,12398160.000,0,-,-,-,-,2952.4000,2952.0000,2951.8000,2949.8000,2948.6000,2954.2000,2954.4000,2954.6000,2954.8000,2956.4000,2,1,1,1,1,1,1,1,2,2
SF,IH2001,2019-11-21 09:32:24.100,2952.4000,433,0,12398160.000,0,-,-,-,-,2952.4000,2951.8000,2949.8000,2948.6000,2948.2000,2954.2000,2954.6000,2954.8000,2956.4000,2956.6000,1,1,1,1,1,1,1,2,2,4
SF,IH2001,2019-11-21 09:32:24.600,2952.4000,433,0,12398160.000,0,-,-,-,-,2952.4000,2949.8000,2948.6000,2948.2000,2947.0000,2954.2000,2954.6000,2954.8000,2956.4000,2956.6000,1,1,1,1,1,1,1,2,2,4
SF,IH2001,2019-11-21 09:32:26.100,2952.4000,432,-1,13283880.000,1,0,1,双平,S,2949.8000,2948.6000,2948.2000,2947.0000,2945.0000,2954.2000,2954.6000,2954.8000,2956.4000,2956.6000,1,1,1,1,5,1,1,2,2,4
SF,IH2001,2019-11-21 09:32:26.600,2952.4000,432,0,13283880.000,0,-,-,-,-,2950.4000,2950.0000,2949.8000,2948.6000,2948.2000,2954.2000,2954.6000,2954.8000,2956.4000,2956.6000,1,1,1,1,1,1,1,2,2,4
SF,IH2001,2019-11-21 09:32:27.100,2952.4000,432,0,13283880.000,0,-,-,-,-,2950.6000,2950.4000,2950.0000,2949.8000,2948.6000,2954.0000,2954.2000,2954.6000,2954.8000,2956.4000,2,1,1,1,1,2,1,1,2,2
SF,IH2001,2019-11-21 09:32:27.600,2952.4000,432,0,13283880.000,0,-,-,-,-,2950.6000,2950.0000,2949.8000,2948.6000,2948.2000,2953.8000,2954.0000,2954.2000,2954.8000,2956.4000,2,1,1,1,1,1,1,1,2,2
SF,IH2001,2019-11-21 09:32:28.100,2952.4000,432,0,13283880.000,0,-,-,-,-,2951.0000,2950.8000,2950.6000,2950.0000,2949.8000,2953.8000,2954.2000,2954.8000,2956.4000,2956.6000,1,1,2,1,1,1,1,2,2,4
SF,IH2001,2019-11-21 09:32:28.600,2952.4000,432,0,13283880.000,0,-,-,-,-,2951.2000,2951.0000,2950.6000,2949.8000,2948.6000,2953.8000,2954.2000,2954.8000,2956.4000,2956.6000,1,1,2,1,1,1,1,2,2,4
SF,IH2001,2019-11-21 09:32:29.100,2952.4000,432,0,13283880.000,0,-,-,-,-,2951.4000,2951.2000,2951.0000,2950.6000,2949.8000,2953.8000,2954.2000,2954.8000,2956.4000,2956.6000,1,1,1,2,1,1,1,2,2,4
SF,IH2001,2019-11-21 09:32:30.100,2952.4000,432,0,13283880.000,0,-,-,-,-,2951.6000,2951.4000,2951.2000,2951.0000,2950.6000,2953.8000,2954.2000,2954.8000,2956.4000,2956.6000,1,1,1,1,2,1,1,2,2,4
SF,IH2001,2019-11-21 09:32:30.600,2952.4000,432,0,13283880.000,0,-,-,-,-,2951.6000,2951.2000,2951.0000,2950.6000,2949.8000,2953.8000,2954.2000,2954.8000,2956.4000,2956.6000,1,1,1,2,1,1,1,2,2,4
SF,IH2001,2019-11-21 09:32:31.100,2952.4000,432,0,13283880.000,0,-,-,-,-,2951.6000,2951.2000,2950.6000,2949.8000,2948.6000,2953.8000,2954.2000,2954.8000,2956.4000,2956.6000,1,1,2,1,1,1,1,2,2,4
SF,IH2001,2019-11-21 09:32:32.100,2952.4000,432,0,13283880.000,0,-,-,-,-,2951.8000,2951.6000,2951.2000,2950.6000,2949.8000,2953.8000,2954.2000,2954.8000,2956.4000,2956.6000,1,1,1,1,1,1,1,2,2,4
SF,IH2001,2019-11-21 09:32:32.600,2952.4000,432,0,13283880.000,0,-,-,-,-,2951.6000,2951.2000,2950.6000,2949.8000,2948.6000,2953.8000,2954.2000,2954.8000,2956.4000,2956.6000,1,1,1,1,1,1,1,2,2,4
SF,IH2001,2019-11-21 09:32:33.100,2952.4000,432,0,13283880.000,0,-,-,-,-,2951.2000,2950.6000,2949.8000,2948.6000,2947.0000,2953.8000,2954.2000,2954.8000,2956.4000,2956.6000,1,1,1,1,1,1,1,2,2,4
SF,IH2001,2019-11-21 09:32:33.600,2952.4000,432,0,13283880.000,0,-,-,-,-,2951.4000,2951.2000,2950.6000,2949.8000,2948.6000,2953.8000,2954.2000,2954.8000,2956.4000,2956.6000,1,1,1,1,1,1,1,2,2,4
SF,IH2001,2019-11-21 09:32:34.100,2952.4000,432,0,13283880.000,0,-,-,-,-,2951.4000,2951.2000,2950.6000,2949.8000,2948.6000,2953.6000,2953.8000,2954.2000,2954.8000,2956.4000,1,1,1,1,1,1,1,1,2,2
SF,IH2001,2019-11-21 09:32:34.600,2952.4000,432,0,13283880.000,0,-,-,-,-,2951.4000,2951.2000,2950.6000,2949.8000,2948.6000,2953.4000,2953.6000,2953.8000,2954.8000,2956.4000,1,1,1,1,1,1,1,1,2,2
SF,IH2001,2019-11-21 09:32:35.100,2952.4000,432,0,13283880.000,0,-,-,-,-,2951.4000,2951.2000,2950.6000,2949.8000,2948.6000,2953.4000,2953.8000,2954.8000,2956.4000,2956.6000,2,1,1,1,1,1,1,2,2,4
SF,IH2001,2019-11-21 09:32:35.600,2952.4000,432,0,13283880.000,0,-,-,-,-,2951.4000,2951.0000,2950.6000,2949.8000,2948.6000,2953.4000,2953.8000,2954.8000,2956.4000,2956.6000,1,1,1,1,1,1,1,2,2,4
SF,IH2001,2019-11-21 09:32:36.100,2952.4000,432,0,13283880.000,0,-,-,-,-,2951.4000,2951.0000,2950.6000,2949.8000,2948.6000,2953.2000,2953.4000,2953.8000,2954.8000,2956.4000,1,1,1,1,1,1,1,1,2,2
SF,IH2001,2019-11-21 09:32:36.600,2952.4000,432,0,13283880.000,0,-,-,-,-,2951.4000,2951.0000,2950.6000,2949.8000,2948.6000,2953.0000,2953.2000,2953.4000,2954.8000,2956.4000,1,1,1,1,1,1,1,1,2,2
SF,IH2001,2019-11-21 09:32:37.100,2952.4000,432,0,13283880.000,0,-,-,-,-,2951.4000,2951.0000,2950.6000,2949.8000,2948.6000,2953.0000,2953.4000,2954.8000,2956.4000,2956.6000,1,1,1,1,1,1,1,2,2,4
SF,IH2001,2019-11-21 09:32:43.600,2951.4000,431,-1,14169300.000,1,0,1,双平,S,2951.0000,2950.6000,2949.8000,2948.6000,2947.0000,2953.0000,2953.4000,2954.8000,2956.4000,2956.6000,1,1,1,1,1,1,1,2,2,4
SF,IH2001,2019-11-21 09:32:44.100,2951.4000,431,0,14169300.000,0,-,-,-,-,2951.8000,2951.0000,2950.6000,2949.8000,2948.6000,2952.8000,2953.0000,2953.4000,2954.8000,2956.4000,1,1,1,1,1,1,1,1,2,2
SF,IH2001,2019-11-21 09:32:44.600,2951.4000,431,0,14169300.000,0,-,-,-,-,2951.8000,2951.2000,2951.0000,2950.6000,2949.8000,2952.8000,2953.0000,2953.4000,2954.8000,2956.4000,1,1,1,1,1,1,1,1,2,2
SF,IH2001,2019-11-21 09:32:45.600,2951.4000,431,0,14169300.000,0,-,-,-,-,2951.8000,2951.0000,2950.6000,2949.8000,2948.6000,2952.8000,2953.0000,2953.4000,2954.8000,2956.4000,1,1,1,1,1,1,1,1,2,2
SF,IH2001,2019-11-21 09:32:46.600,2951.4000,431,0,14169300.000,0,-,-,-,-,2951.8000,2951.0000,2950.6000,2949.8000,2948.6000,2952.8000,2953.4000,2954.8000,2956.4000,2956.6000,1,1,1,1,1,1,1,2,2,4
SF,IH2001,2019-11-21 09:32:56.600,2952.8000,430,-1,15055140.000,1,0,1,双平,S,2951.8000,2951.0000,2950.6000,2949.8000,2948.6000,2953.4000,2954.8000,2956.4000,2956.6000,2956.8000,1,1,1,1,1,1,2,2,4,4
SF,IH2001,2019-11-21 09:32:57.100,2952.8000,430,0,15055140.000,0,-,-,-,-,2953.2000,2952.0000,2951.0000,2950.6000,2949.8000,2954.8000,2956.4000,2956.6000,2956.8000,2960.2000,1,1,1,1,1,2,2,4,4,5
SF,IH2001,2019-11-21 09:32:57.600,2953.2000,430,0,15941100.000,1,0,1,多换,S,2951.0000,2950.6000,2949.8000,2948.6000,2947.0000,2953.2000,2954.6000,2956.4000,2956.6000,2956.8000,1,1,1,1,1,1,1,2,4,4
SF,IH2001,2019-11-21 09:32:58.100,2953.2000,430,0,15941100.000,0,-,-,-,-,2951.2000,2951.0000,2950.6000,2949.8000,2948.6000,2953.2000,2954.6000,2956.4000,2956.6000,2956.8000,1,1,1,1,1,1,1,2,4,4
SF,IH2001,2019-11-21 09:32:58.600,2953.2000,430,0,15941100.000,0,-,-,-,-,2951.2000,2951.0000,2950.6000,2949.8000,2948.6000,2954.6000,2956.4000,2956.6000,2956.8000,2960.2000,1,1,1,1,1,1,2,4,4,5
SF,IH2001,2019-11-21 09:32:59.100,2953.2000,430,0,15941100.000,0,-,-,-,-,2951.2000,2951.0000,2950.6000,2949.8000,2948.6000,2954.2000,2954.4000,2954.6000,2956.4000,2956.6000,1,1,1,1,1,2,1,1,2,4
SF,IH2001,2019-11-21 09:32:59.600,2953.2000,430,0,15941100.000,0,-,-,-,-,2951.2000,2951.0000,2950.6000,2949.8000,2948.6000,2954.0000,2954.2000,2954.4000,2954.6000,2956.4000,1,1,1,1,1,1,2,1,1,2
SF,IH2001,2019-11-21 09:33:00.600,2953.2000,430,0,15941100.000,0,-,-,-,-,2951.0000,2950.6000,2949.8000,2948.6000,2947.0000,2953.8000,2954.0000,2954.2000,2954.4000,2954.6000,1,1,1,1,1,4,1,2,1,1
SF,IH2001,2019-11-21 09:33:01.100,2953.2000,430,0,15941100.000,0,-,-,-,-,2951.4000,2951.0000,2950.6000,2949.8000,2948.6000,2953.6000,2953.8000,2954.0000,2954.2000,2954.6000,1,1,1,1,1,1,1,1,2,1
SF,IH2001,2019-11-21 09:33:01.600,2953.2000,430,0,15941100.000,0,-,-,-,-,2951.2000,2951.0000,2950.6000,2949.8000,2948.6000,2953.6000,2953.8000,2954.0000,2954.2000,2954.6000,1,1,1,1,1,1,1,1,2,1
SF,IH2001,2019-11-21 09:33:03.600,2953.2000,430,0,15941100.000,0,-,-,-,-,2951.4000,2951.2000,2951.0000,2950.6000,2949.8000,2953.6000,2954.0000,2954.2000,2954.6000,2956.4000,1,1,1,1,1,1,1,2,1,2
SF,IH2001,2019-11-21 09:33:04.100,2953.2000,430,0,15941100.000,0,-,-,-,-,2951.6000,2951.4000,2951.2000,2951.0000,2950.6000,2953.6000,2954.0000,2954.2000,2954.6000,2956.4000,2,1,1,1,1,1,1,2,1,2
SF,IH2001,2019-11-21 09:33:04.600,2953.2000,430,0,15941100.000,0,-,-,-,-,2951.6000,2951.4000,2951.2000,2951.0000,2950.6000,2953.6000,2954.0000,2954.2000,2954.6000,2956.4000,1,1,1,1,1,1,1,2,1,2
SF,IH2001,2019-11-21 09:33:07.100,2953.2000,430,0,15941100.000,0,-,-,-,-,2951.6000,2951.2000,2951.0000,2950.6000,2949.8000,2953.6000,2954.0000,2954.2000,2954.6000,2956.4000,1,1,1,1,1,1,1,2,1,2
SF,IH2001,2019-11-21 09:33:09.100,2953.2000,430,0,15941100.000,0,-,-,-,-,2951.6000,2951.0000,2950.6000,2949.8000,2948.6000,2953.6000,2954.0000,2954.2000,2954.6000,2956.4000,1,1,1,1,1,1,1,2,1,2
SF,IH2001,2019-11-21 09:33:09.600,2953.2000,430,0,15941100.000,0,-,-,-,-,2951.6000,2951.0000,2950.6000,2949.8000,2948.6000,2953.4000,2953.6000,2954.0000,2954.2000,2954.6000,1,1,1,1,1,4,1,1,2,1
SF,IH2001,2019-11-21 09:33:10.100,2953.2000,430,0,15941100.000,0,-,-,-,-,2951.6000,2951.0000,2950.6000,2949.8000,2948.6000,2953.2000,2953.4000,2953.6000,2954.2000,2954.6000,1,1,1,1,1,1,5,1,2,1
SF,IH2001,2019-11-21 09:33:11.100,2951.6000,429,-1,16826580.000,1,0,1,双平,S,2951.0000,2949.8000,2948.6000,2947.0000,2945.0000,2953.0000,2953.2000,2953.4000,2953.6000,2954.6000,1,1,1,1,5,1,1,5,1,1
SF,IH2001,2019-11-21 09:33:11.600,2951.6000,429,0,16826580.000,0,-,-,-,-,2951.0000,2949.8000,2948.6000,2947.0000,2945.0000,2952.8000,2953.2000,2953.4000,2954.6000,2956.4000,1,1,1,1,5,1,1,5,1,2
SF,IH2001,2019-11-21 09:33:13.100,2951.6000,429,0,16826580.000,0,-,-,-,-,2951.0000,2949.8000,2948.6000,2947.0000,2945.0000,2952.8000,2953.2000,2954.6000,2956.4000,2956.6000,1,1,1,1,5,1,1,1,2,4
SF,IH2001,2019-11-21 09:33:16.100,2951.6000,429,0,16826580.000,0,-,-,-,-,2951.2000,2951.0000,2949.8000,2948.6000,2947.0000,2953.2000,2954.6000,2956.4000,2956.6000,2956.8000,1,1,1,1,1,1,1,2,4,4
SF,IH2001,2019-11-21 09:33:16.600,2951.6000,429,0,16826580.000,0,-,-,-,-,2951.0000,2949.8000,2948.6000,2947.0000,2945.0000,2953.2000,2954.6000,2956.4000,2956.6000,2956.8000,1,1,1,1,5,1,1,2,4,4
SF,IH2001,2019-11-21 09:33:18.100,2951.6000,429,0,16826580.000,0,-,-,-,-,2951.2000,2951.0000,2949.8000,2948.6000,2947.0000,2953.2000,2954.6000,2956.4000,2956.6000,2956.8000,1,1,1,1,1,1,1,2,4,4
SF,IH2001,2019-11-21 09:33:19.600,2951.6000,429,0,16826580.000,0,-,-,-,-,2951.0000,2949.8000,2948.6000,2947.0000,2945.0000,2953.2000,2954.6000,2956.4000,2956.6000,2956.8000,1,1,1,1,5,1,1,2,4,4
SF,IH2001,2019-11-21 09:33:24.600,2951.6000,429,0,16826580.000,0,-,-,-,-,2951.0000,2949.8000,2948.6000,2947.0000,2945.0000,2952.8000,2953.2000,2954.6000,2956.4000,2956.6000,1,1,1,1,5,1,1,1,2,4
SF,IH2001,2019-11-21 09:33:28.600,2951.6000,429,0,16826580.000,0,-,-,-,-,2951.2000,2951.0000,2949.8000,2948.6000,2947.0000,2952.8000,2953.2000,2954.6000,2956.4000,2956.6000,1,1,1,1,1,1,1,1,2,4
SF,IH2001,2019-11-21 09:33:29.100,2951.6000,429,0,16826580.000,0,-,-,-,-,2951.0000,2949.8000,2948.6000,2947.0000,2945.0000,2952.8000,2953.2000,2954.6000,2956.4000,2956.6000,1,1,1,1,5,1,1,1,2,4
SF,IH2001,2019-11-21 09:33:32.600,2951.6000,429,0,16826580.000,0,-,-,-,-,2951.0000,2949.8000,2948.6000,2947.0000,2945.0000,2952.6000,2952.8000,2953.2000,2954.6000,2956.4000,1,1,1,1,5,1,1,1,1,2
SF,IH2001,2019-11-21 09:33:33.100,2951.6000,429,0,16826580.000,0,-,-,-,-,2951.0000,2949.8000,2948.6000,2947.0000,2945.0000,2952.8000,2953.2000,2954.6000,2956.4000,2956.6000,1,1,1,1,5,1,1,1,2,4
SF,IH2001,2019-11-21 09:33:34.100,2951.6000,429,0,16826580.000,0,-,-,-,-,2951.0000,2949.8000,2948.6000,2947.0000,2945.0000,2952.6000,2952.8000,2953.2000,2954.6000,2956.4000,1,1,1,1,5,1,1,1,1,2
SF,IH2001,2019-11-21 09:33:37.600,2951.6000,429,0,16826580.000,0,-,-,-,-,2951.0000,2949.8000,2948.6000,2947.0000,2945.0000,2952.8000,2953.2000,2954.6000,2956.4000,2956.6000,1,1,1,1,5,1,1,1,2,4
SF,IH2001,2019-11-21 09:33:38.100,2951.6000,429,0,16826580.000,0,-,-,-,-,2951.0000,2949.8000,2948.6000,2947.0000,2945.0000,2952.6000,2952.8000,2953.2000,2954.6000,2956.4000,1,1,1,1,5,1,1,1,1,2
SF,IH2001,2019-11-21 09:33:41.100,2951.6000,429,0,16826580.000,0,-,-,-,-,2951.2000,2951.0000,2949.8000,2948.6000,2947.0000,2952.8000,2953.2000,2954.6000,2956.4000,2956.6000,1,1,1,1,1,1,1,1,2,4
SF,IH2001,2019-11-21 09:33:43.100,2951.6000,429,0,16826580.000,0,-,-,-,-,2951.0000,2949.8000,2948.6000,2947.0000,2945.0000,2952.8000,2953.2000,2954.6000,2956.4000,2956.6000,1,1,1,1,5,1,1,1,2,4
SF,IH2001,2019-11-21 09:33:43.600,2951.6000,429,0,16826580.000,0,-,-,-,-,2951.4000,2951.0000,2949.8000,2948.6000,2947.0000,2952.8000,2953.2000,2954.6000,2956.4000,2956.6000,1,1,1,1,1,1,1,1,2,4
SF,IH2001,2019-11-21 09:33:44.100,2951.6000,429,0,16826580.000,0,-,-,-,-,2951.0000,2949.8000,2948.6000,2947.0000,2945.0000,2952.8000,2953.2000,2954.6000,2956.4000,2956.6000,1,1,1,1,5,1,1,1,2,4
SF,IH2001,2019-11-21 09:33:48.600,2951.6000,429,0,16826580.000,0,-,-,-,-,2951.2000,2951.0000,2949.8000,2948.6000,2947.0000,2952.8000,2953.2000,2954.6000,2956.4000,2956.6000,1,1,1,1,1,1,1,1,2,4
SF,IH2001,2019-11-21 09:33:49.100,2951.6000,429,0,16826580.000,0,-,-,-,-,2951.0000,2949.8000,2948.6000,2947.0000,2945.0000,2952.6000,2952.8000,2953.2000,2954.6000,2956.4000,1,1,1,1,5,1,1,1,1,2
SF,IH2001,2019-11-21 09:33:51.600,2951.6000,429,0,16826580.000,0,-,-,-,-,2951.2000,2951.0000,2949.8000,2948.6000,2947.0000,2952.6000,2952.8000,2953.2000,2954.6000,2956.4000,1,1,1,1,1,1,1,1,1,2
SF,IH2001,2019-11-21 09:33:58.100,2951.6000,429,0,16826580.000,0,-,-,-,-,2951.2000,2951.0000,2949.8000,2948.6000,2947.0000,2952.8000,2953.2000,2954.6000,2956.4000,2956.6000,1,1,1,1,1,1,1,1,2,4
SF,IH2001,2019-11-21 09:34:01.600,2951.6000,429,0,16826580.000,0,-,-,-,-,2951.2000,2951.0000,2949.8000,2948.6000,2947.0000,2952.6000,2952.8000,2953.2000,2954.6000,2956.4000,1,1,1,1,1,1,1,1,1,2
SF,IH2001,2019-11-21 09:34:02.100,2951.6000,429,0,16826580.000,0,-,-,-,-,2951.0000,2949.8000,2948.6000,2947.0000,2945.0000,2952.6000,2952.8000,2953.2000,2954.6000,2956.4000,1,1,1,1,5,1,1,1,1,2
SF,IH2001,2019-11-21 09:34:07.600,2951.6000,429,0,16826580.000,0,-,-,-,-,2951.2000,2951.0000,2949.8000,2948.6000,2947.0000,2952.8000,2953.2000,2954.6000,2956.4000,2956.6000,1,1,1,1,1,1,1,1,2,4
SF,IH2001,2019-11-21 09:34:10.600,2952.8000,429,0,17712420.000,1,0,1,多换,S,2951.2000,2951.0000,2949.8000,2948.6000,2947.0000,2953.2000,2954.6000,2956.4000,2956.6000,2956.8000,1,1,1,1,1,1,1,2,4,4
SF,IH2001,2019-11-21 09:34:12.100,2952.8000,429,0,17712420.000,0,-,-,-,-,2951.2000,2951.0000,2949.8000,2948.6000,2947.0000,2953.2000,2953.4000,2954.6000,2956.4000,2956.6000,1,1,1,1,1,1,1,1,2,4
SF,IH2001,2019-11-21 09:34:12.600,2952.8000,429,0,17712420.000,0,-,-,-,-,2951.4000,2951.2000,2951.0000,2949.8000,2948.6000,2953.2000,2953.4000,2954.6000,2956.4000,2956.6000,1,1,1,1,1,1,1,1,2,4
SF,IH2001,2019-11-21 09:34:13.600,2952.8000,429,0,17712420.000,0,-,-,-,-,2951.4000,2951.2000,2951.0000,2949.8000,2948.6000,2953.4000,2954.6000,2956.4000,2956.6000,2956.8000,1,1,1,1,1,1,1,2,4,4
SF,IH2001,2019-11-21 09:34:16.100,2952.8000,429,0,17712420.000,0,-,-,-,-,2951.6000,2951.4000,2951.2000,2951.0000,2949.8000,2953.4000,2956.4000,2956.6000,2956.8000,2960.2000,1,1,1,1,1,1,2,4,4,5
SF,IH2001,2019-11-21 09:34:16.600,2953.4000,428,-1,18598440.000,1,0,1,双平,S,2951.8000,2951.6000,2951.4000,2951.2000,2951.0000,2956.4000,2956.6000,2956.8000,2960.2000,2967.0000,1,1,1,1,1,2,4,4,5,1
SF,IH2001,2019-11-21 09:34:17.100,2953.4000,428,0,18598440.000,0,-,-,-,-,2952.8000,2951.8000,2951.6000,2951.4000,2951.2000,2956.2000,2956.4000,2956.6000,2956.8000,2960.2000,1,1,1,1,1,2,2,4,4,5
SF,IH2001,2019-11-21 09:34:17.600,2953.4000,428,0,18598440.000,0,-,-,-,-,2952.8000,2952.0000,2951.8000,2951.6000,2951.4000,2956.0000,2956.2000,2956.4000,2956.6000,2956.8000,1,1,1,1,1,1,2,2,4,4
SF,IH2001,2019-11-21 09:34:18.100,2953.4000,428,0,18598440.000,0,-,-,-,-,2953.6000,2952.0000,2951.8000,2951.6000,2951.4000,2955.8000,2956.0000,2956.2000,2956.4000,2956.6000,1,1,1,1,1,5,1,2,2,4
SF,IH2001,2019-11-21 09:34:18.600,2953.4000,428,0,18598440.000,0,-,-,-,-,2952.6000,2951.8000,2951.6000,2951.4000,2951.2000,2955.6000,2955.8000,2956.0000,2956.2000,2956.4000,1,1,1,1,1,1,5,1,2,2
SF,IH2001,2019-11-21 09:34:19.100,2953.4000,428,0,18598440.000,0,-,-,-,-,2952.6000,2951.8000,2951.6000,2951.4000,2951.2000,2955.4000,2955.6000,2955.8000,2956.0000,2956.2000,1,1,1,1,1,3,1,5,1,1
SF,IH2001,2019-11-21 09:34:19.600,2953.4000,428,0,18598440.000,0,-,-,-,-,2952.6000,2951.8000,2951.6000,2951.4000,2951.2000,2955.2000,2955.4000,2955.6000,2955.8000,2956.0000,1,1,1,1,1,1,3,1,5,1
SF,IH2001,2019-11-21 09:34:20.100,2953.4000,428,0,18598440.000,0,-,-,-,-,2952.6000,2951.8000,2951.6000,2951.4000,2951.2000,2955.0000,2955.2000,2955.4000,2955.6000,2955.8000,1,1,1,1,1,3,1,3,1,4
SF,IH2001,2019-11-21 09:34:21.100,2953.4000,428,0,18598440.000,0,-,-,-,-,2952.6000,2951.6000,2951.4000,2951.2000,2951.0000,2954.8000,2955.0000,2955.2000,2955.4000,2955.6000,1,1,1,1,1,1,3,1,3,1
SF,IH2001,2019-11-21 09:34:21.600,2953.4000,428,0,18598440.000,0,-,-,-,-,2952.0000,2951.4000,2951.2000,2951.0000,2949.8000,2954.4000,2954.6000,2954.8000,2955.0000,2955.2000,1,1,1,1,1,1,3,1,3,1
SF,IH2001,2019-11-21 09:34:22.100,2953.4000,428,0,18598440.000,0,-,-,-,-,2953.2000,2952.2000,2951.4000,2951.2000,2951.0000,2954.2000,2954.4000,2954.6000,2954.8000,2955.0000,1,1,1,1,1,1,1,1,1,2
SF,IH2001,2019-11-21 09:34:22.600,2953.2000,428,0,19484400.000,1,0,1,多换,S,2951.4000,2951.2000,2951.0000,2949.8000,2947.0000,2954.2000,2954.4000,2954.6000,2954.8000,2955.0000,1,1,1,1,1,3,1,1,1,2
SF,IH2001,2019-11-21 09:34:24.600,2953.2000,428,0,19484400.000,0,-,-,-,-,2951.4000,2951.2000,2951.0000,2949.8000,2947.0000,2954.2000,2954.4000,2954.6000,2954.8000,2955.0000,1,1,1,1,1,2,1,1,1,2
SF,IH2001,2019-11-21 09:34:26.100,2953.2000,428,0,19484400.000,0,-,-,-,-,2951.4000,2951.2000,2951.0000,2949.8000,2947.0000,2954.2000,2954.4000,2954.6000,2954.8000,2955.0000,1,1,2,1,1,1,1,1,1,2
SF,IH2001,2019-11-21 09:34:27.100,2953.2000,428,0,19484400.000,0,-,-,-,-,2951.6000,2951.4000,2951.2000,2951.0000,2949.8000,2954.2000,2954.4000,2954.6000,2954.8000,2955.0000,1,1,1,2,1,1,1,1,1,2
SF,IH2001,2019-11-21 09:34:27.600,2953.2000,428,0,19484400.000,0,-,-,-,-,2951.6000,2951.4000,2951.2000,2951.0000,2949.8000,2954.2000,2954.6000,2954.8000,2955.0000,2955.2000,1,1,1,2,1,1,1,1,2,1
SF,IH2001,2019-11-21 09:34:28.100,2953.2000,428,0,19484400.000,0,-,-,-,-,2951.6000,2951.4000,2951.2000,2951.0000,2949.8000,2954.2000,2954.6000,2954.8000,2955.0000,2955.2000,1,1,1,2,1,1,1,1,2,1
SF,IH2001,2019-11-21 09:34:29.100,2953.2000,428,0,19484400.000,0,-,-,-,-,2951.8000,2951.6000,2951.4000,2951.2000,2951.0000,2954.0000,2954.2000,2954.6000,2954.8000,2955.0000,1,1,1,1,2,1,1,1,1,2
SF,IH2001,2019-11-21 09:34:29.600,2953.2000,428,0,19484400.000,0,-,-,-,-,2951.6000,2951.4000,2951.2000,2951.0000,2949.8000,2953.8000,2954.0000,2954.2000,2954.8000,2955.0000,1,1,1,2,1,1,1,1,1,2
SF,IH2001,2019-11-21 09:34:30.100,2953.2000,428,0,19484400.000,0,-,-,-,-,2951.8000,2951.6000,2951.4000,2951.2000,2951.0000,2953.8000,2954.0000,2954.2000,2954.8000,2955.0000,2,1,1,1,2,1,1,1,1,2
SF,IH2001,2019-11-21 09:34:31.600,2953.2000,428,0,19484400.000,0,-,-,-,-,2951.8000,2951.6000,2951.4000,2951.2000,2951.0000,2954.0000,2954.2000,2954.8000,2955.0000,2955.2000,2,1,1,1,2,1,1,1,2,1
SF,IH2001,2019-11-21 09:34:32.600,2953.2000,428,0,19484400.000,0,-,-,-,-,2951.8000,2951.6000,2951.4000,2951.2000,2951.0000,2954.2000,2954.8000,2955.0000,2955.2000,2955.4000,2,1,1,1,2,1,1,2,1,2
SF,IH2001,2019-11-21 09:34:34.100,2953.2000,428,0,19484400.000,0,-,-,-,-,2952.0000,2951.8000,2951.6000,2951.4000,2951.2000,2954.2000,2954.8000,2955.0000,2955.2000,2955.4000,1,2,1,1,1,1,1,2,1,2
SF,IH2001,2019-11-21 09:34:34.600,2953.2000,428,0,19484400.000,0,-,-,-,-,2952.2000,2952.0000,2951.8000,2951.6000,2951.2000,2954.2000,2954.8000,2955.0000,2955.2000,2955.4000,1,1,2,1,1,1,1,2,1,2
SF,IH2001,2019-11-21 09:34:35.100,2953.2000,428,0,19484400.000,0,-,-,-,-,2952.0000,2951.8000,2951.6000,2951.2000,2951.0000,2954.2000,2954.8000,2955.0000,2955.2000,2955.4000,1,1,1,1,2,1,1,2,1,2
SF,IH2001,2019-11-21 09:34:35.600,2953.2000,428,0,19484400.000,0,-,-,-,-,2952.2000,2952.0000,2951.8000,2951.6000,2951.2000,2954.2000,2954.8000,2955.0000,2955.2000,2955.4000,1,1,1,1,1,1,1,2,1,2
SF,IH2001,2019-11-21 09:34:41.100,2953.2000,428,0,19484400.000,0,-,-,-,-,2952.2000,2952.0000,2951.6000,2951.2000,2951.0000,2954.0000,2954.2000,2954.8000,2955.0000,2955.2000,1,1,1,1,2,1,1,1,2,1
SF,IH2001,2019-11-21 09:34:41.600,2953.2000,428,0,19484400.000,0,-,-,-,-,2952.0000,2951.6000,2951.2000,2951.0000,2949.8000,2953.8000,2954.2000,2954.8000,2955.0000,2955.2000,1,1,1,2,1,1,1,1,2,1
SF,IH2001,2019-11-21 09:34:45.100,2953.2000,428,0,19484400.000,0,-,-,-,-,2952.0000,2951.6000,2951.2000,2951.0000,2949.8000,2953.8000,2954.2000,2954.8000,2955.0000,2955.2000,1,1,1,2,1,1,1,1,2,1
SF,IH2001,2019-11-21 09:34:48.600,2953.2000,428,0,19484400.000,0,-,-,-,-,2952.0000,2951.6000,2951.2000,2951.0000,2949.8000,2953.8000,2954.2000,2954.8000,2955.0000,2955.2000,1,1,1,2,1,1,1,1,2,1
SF,IH2001,2019-11-21 09:34:50.100,2952.0000,429,1,20370000.000,1,1,0,双开,S,2951.6000,2951.2000,2951.0000,2949.8000,2947.0000,2953.8000,2954.2000,2954.8000,2955.0000,2955.2000,1,1,2,1,1,1,1,1,2,1
SF,IH2001,2019-11-21 09:34:50.600,2952.0000,429,0,20370000.000,0,-,-,-,-,2951.8000,2951.6000,2951.2000,2951.0000,2949.8000,2953.8000,2954.2000,2954.8000,2955.0000,2955.2000,1,1,1,2,1,1,1,1,2,1
SF,IH2001,2019-11-21 09:34:52.600,2952.0000,429,0,20370000.000,0,-,-,-,-,2951.8000,2951.6000,2951.2000,2951.0000,2949.8000,2952.2000,2953.8000,2954.2000,2954.8000,2955.0000,1,1,1,2,1,1,1,1,1,2
SF,IH2001,2019-11-21 09:34:53.100,2952.2000,429,0,21255660.000,1,0,1,多换,S,2952.0000,2951.8000,2951.6000,2951.2000,2951.0000,2953.8000,2954.2000,2954.8000,2955.0000,2955.2000,1,1,1,1,2,1,1,1,2,1
SF,IH2001,2019-11-21 09:34:53.600,2952.2000,429,0,21255660.000,0,-,-,-,-,2952.2000,2952.0000,2951.8000,2951.6000,2951.2000,2953.8000,2954.2000,2954.8000,2955.0000,2955.2000,1,1,1,1,1,1,1,1,2,1
SF,IH2001,2019-11-21 09:34:54.600,2952.2000,429,0,21255660.000,0,-,-,-,-,2952.0000,2951.8000,2951.6000,2951.2000,2951.0000,2953.8000,2954.2000,2954.8000,2955.0000,2955.2000,1,1,1,1,2,1,1,1,2,1
SF,IH2001,2019-11-21 09:34:55.600,2952.2000,429,0,21255660.000,0,-,-,-,-,2952.0000,2951.8000,2951.6000,2951.2000,2951.0000,2952.2000,2953.8000,2954.2000,2954.8000,2955.0000,1,1,1,1,2,1,1,1,1,2
SF,IH2001,2019-11-21 09:34:56.100,2952.2000,429,0,22141320.000,1,0,1,多换,S,2952.0000,2951.8000,2951.6000,2951.2000,2951.0000,2953.8000,2954.2000,2954.8000,2955.0000,2955.2000,1,1,1,1,2,1,1,1,2,1
SF,IH2001,2019-11-21 09:34:56.600,2952.2000,429,0,22141320.000,0,-,-,-,-,2952.8000,2952.0000,2951.8000,2951.6000,2951.2000,2953.8000,2954.2000,2954.8000,2955.0000,2955.2000,1,1,1,1,1,1,1,1,2,1
SF,IH2001,2019-11-21 09:34:58.100,2952.4000,430,1,23027040.000,1,1,0,双开,S,2952.0000,2951.8000,2951.6000,2951.2000,2951.0000,2954.2000,2954.8000,2955.0000,2955.2000,2955.4000,1,1,1,1,2,1,1,2,1,2
SF,IH2001,2019-11-21 09:34:58.600,2952.4000,430,0,23027040.000,0,-,-,-,-,2951.8000,2951.6000,2951.2000,2951.0000,2949.8000,2954.2000,2954.8000,2955.0000,2955.2000,2955.4000,1,1,1,2,1,1,1,2,1,2
SF,IH2001,2019-11-21 09:34:59.100,2952.4000,430,0,23912760.000,1,0,1,多换,S,2952.2000,2952.0000,2951.8000,2951.6000,2951.2000,2953.8000,2954.0000,2954.2000,2954.8000,2955.0000,2,1,1,1,1,1,1,1,1,2
SF,IH2001,2019-11-21 09:34:59.600,2952.4000,430,0,23912760.000,0,-,-,-,-,2952.4000,2952.2000,2951.8000,2951.6000,2951.2000,2953.8000,2954.0000,2954.2000,2954.8000,2955.0000,1,3,1,1,1,1,1,1,1,2
SF,IH2001,2019-11-21 09:35:00.600,2952.4000,430,0,23912760.000,0,-,-,-,-,2952.4000,2952.2000,2951.8000,2951.6000,2951.2000,2953.8000,2954.0000,2954.2000,2954.8000,2955.0000,1,2,1,1,1,1,1,1,1,2
SF,IH2001,2019-11-21 09:35:01.600,2952.4000,430,0,23912760.000,0,-,-,-,-,2952.4000,2952.2000,2951.8000,2951.6000,2951.2000,2952.6000,2953.8000,2954.0000,2954.2000,2954.8000,1,2,1,1,1,1,1,1,1,1
SF,IH2001,2019-11-21 09:35:02.100,2952.6000,430,0,24798540.000,1,0,1,多换,S,2952.4000,2952.2000,2951.8000,2951.6000,2951.2000,2953.8000,2954.2000,2954.8000,2955.0000,2955.2000,1,2,1,1,1,1,1,1,2,1
SF,IH2001,2019-11-21 09:35:02.600,2952.6000,430,0,24798540.000,0,-,-,-,-,2952.8000,2952.4000,2952.2000,2951.8000,2951.6000,2953.6000,2953.8000,2954.2000,2954.8000,2955.0000,1,1,1,1,1,1,1,1,1,2
SF,IH2001,2019-11-21 09:35:03.100,2952.8000,430,0,25684380.000,1,0,1,多换,S,2952.4000,2951.8000,2951.6000,2951.2000,2951.0000,2953.6000,2953.8000,2954.2000,2954.8000,2955.0000,1,1,1,1,2,2,1,1,1,2
SF,IH2001,2019-11-21 09:35:03.600,2952.8000,430,0,25684380.000,0,-,-,-,-,2951.6000,2951.2000,2951.0000,2949.8000,2947.0000,2953.6000,2954.2000,2954.8000,2955.0000,2955.2000,1,1,2,1,1,2,1,1,2,1
SF,IH2001,2019-11-21 09:35:04.100,2952.8000,430,0,25684380.000,0,-,-,-,-,2951.6000,2951.2000,2951.0000,2949.8000,2947.0000,2952.8000,2953.6000,2954.2000,2954.8000,2955.0000,1,1,2,1,1,1,2,1,1,2
SF,IH2001,2019-11-21 09:35:04.600,2952.8000,430,0,25684380.000,0,-,-,-,-,2951.8000,2951.6000,2951.2000,2951.0000,2949.8000,2952.8000,2953.6000,2954.2000,2954.8000,2955.0000,1,1,1,2,1,1,1,1,1,2
SF,IH2001,2019-11-21 09:35:05.100,2952.8000,430,0,25684380.000,0,-,-,-,-,2951.8000,2951.6000,2951.2000,2951.0000,2949.8000,2953.6000,2954.2000,2954.8000,2955.0000,2955.2000,2,1,1,2,1,1,1,1,2,1
SF,IH2001,2019-11-21 09:35:05.600,2952.8000,430,0,25684380.000,0,-,-,-,-,2952.0000,2951.8000,2951.6000,2951.2000,2951.0000,2953.0000,2953.6000,2954.2000,2954.8000,2955.0000,1,2,1,1,2,1,1,1,1,2
SF,IH2001,2019-11-21 09:35:06.100,2952.8000,430,0,25684380.000,0,-,-,-,-,2952.2000,2952.0000,2951.8000,2951.6000,2951.2000,2953.0000,2953.6000,2954.2000,2954.8000,2955.0000,1,1,1,1,1,1,1,1,1,2
SF,IH2001,2019-11-21 09:35:06.600,2952.8000,430,0,25684380.000,0,-,-,-,-,2952.2000,2952.0000,2951.8000,2951.6000,2951.2000,2953.6000,2954.2000,2954.8000,2955.0000,2955.2000,1,1,1,1,1,1,1,1,2,1
SF,IH2001,2019-11-21 09:35:07.100,2952.8000,430,0,25684380.000,0,-,-,-,-,2952.2000,2952.0000,2951.8000,2951.6000,2951.2000,2953.0000,2953.6000,2954.2000,2954.8000,2955.0000,1,1,1,1,1,1,1,1,1,2
SF,IH2001,2019-11-21 09:35:08.100,2952.8000,430,0,25684380.000,0,-,-,-,-,2952.2000,2952.0000,2951.8000,2951.6000,2951.2000,2952.6000,2953.0000,2953.6000,2954.2000,2954.8000,1,1,1,1,1,1,1,1,1,1
SF,IH2001,2019-11-21 09:35:08.600,2952.6000,430,0,26570160.000,1,0,1,多换,S,2952.2000,2952.0000,2951.8000,2951.6000,2951.2000,2953.0000,2954.2000,2954.8000,2955.0000,2955.2000,1,1,1,1,1,1,1,1,2,1
SF,IH2001,2019-11-21 09:35:09.600,2952.6000,430,0,26570160.000,0,-,-,-,-,2952.2000,2952.0000,2951.8000,2951.6000,2951.2000,2952.6000,2953.0000,2954.2000,2954.8000,2955.0000,1,1,1,1,1,1,1,1,1,2
SF,IH2001,2019-11-21 09:35:10.100,2952.6000,430,0,27455940.000,1,0,1,多换,S,2952.2000,2951.8000,2951.6000,2951.2000,2951.0000,2954.2000,2954.8000,2955.0000,2955.2000,2955.4000,1,1,1,1,2,1,1,2,1,2
SF,IH2001,2019-11-21 09:35:10.600,2952.6000,430,0,27455940.000,0,-,-,-,-,2952.2000,2951.8000,2951.6000,2951.2000,2951.0000,2953.4000,2954.0000,2954.2000,2954.8000,2955.0000,1,1,1,1,2,1,1,1,1,2
SF,IH2001,2019-11-21 09:35:11.100,2952.6000,430,0,27455940.000,0,-,-,-,-,2952.2000,2951.8000,2951.6000,2951.2000,2951.0000,2953.4000,2954.2000,2954.8000,2955.0000,2955.2000,1,1,1,1,2,1,1,1,2,1
SF,IH2001,2019-11-21 09:35:11.600,2952.6000,430,0,27455940.000,0,-,-,-,-,2952.2000,2951.8000,2951.6000,2951.2000,2951.0000,2952.6000,2953.4000,2954.2000,2954.8000,2955.0000,1,1,1,1,2,1,1,1,1,2
SF,IH2001,2019-11-21 09:35:12.100,2952.6000,430,0,27455940.000,0,-,-,-,-,2952.2000,2951.6000,2951.2000,2951.0000,2949.8000,2952.6000,2953.4000,2954.2000,2954.8000,2955.0000,1,1,1,2,1,1,1,1,1,2
SF,IH2001,2019-11-21 09:35:12.600,2952.6000,430,0,27455940.000,0,-,-,-,-,2951.6000,2951.2000,2951.0000,2949.8000,2947.0000,2952.6000,2953.4000,2954.2000,2954.8000,2955.0000,1,1,2,1,1,1,1,1,1,2
SF,IH2001,2019-11-21 09:35:13.100,2952.6000,430,0,27455940.000,0,-,-,-,-,2951.8000,2951.6000,2951.2000,2951.0000,2949.8000,2952.6000,2953.4000,2954.2000,2954.8000,2955.0000,1,1,1,2,1,1,1,1,1,2
SF,IH2001,2019-11-21 09:35:13.600,2952.6000,430,0,27455940.000,0,-,-,-,-,2951.6000,2951.2000,2951.0000,2949.8000,2947.0000,2952.6000,2953.4000,2954.2000,2954.8000,2955.0000,1,1,2,1,1,1,1,1,1,2
SF,IH2001,2019-11-21 09:35:16.100,2952.6000,430,0,27455940.000,0,-,-,-,-,2951.8000,2951.6000,2951.2000,2951.0000,2949.8000,2952.6000,2953.4000,2954.2000,2954.8000,2955.0000,1,1,1,2,1,1,1,1,1,2
SF,IH2001,2019-11-21 09:35:17.100,2952.6000,431,1,28341720.000,1,1,0,双开,S,2952.0000,2951.8000,2951.6000,2951.2000,2951.0000,2953.4000,2954.2000,2954.8000,2955.0000,2955.2000,1,1,1,1,2,1,1,1,2,1
SF,IH2001,2019-11-21 09:35:18.600,2952.6000,431,0,28341720.000,0,-,-,-,-,2952.0000,2951.8000,2951.6000,2951.2000,2951.0000,2953.4000,2954.2000,2954.8000,2955.0000,2955.2000,1,1,1,1,2,1,1,1,2,1
SF,IH2001,2019-11-21 09:35:19.100,2952.6000,431,0,28341720.000,0,-,-,-,-,2952.0000,2951.6000,2951.2000,2951.0000,2949.8000,2953.4000,2954.2000,2954.8000,2955.0000,2955.2000,1,1,1,2,1,1,1,1,2,1
SF,IH2001,2019-11-21 09:35:19.600,2952.6000,431,0,28341720.000,0,-,-,-,-,2952.2000,2952.0000,2951.6000,2951.2000,2951.0000,2953.4000,2954.2000,2954.8000,2955.0000,2955.2000,1,1,1,1,2,1,1,1,2,1
SF,IH2001,2019-11-21 09:35:20.600,2952.6000,431,0,28341720.000,0,-,-,-,-,2952.2000,2952.0000,2951.6000,2951.2000,2951.0000,2952.6000,2953.4000,2954.2000,2954.8000,2955.0000,1,1,1,1,2,1,1,1,1,2
SF,IH2001,2019-11-21 09:35:21.100,2952.6000,431,0,29227500.000,1,0,1,多换,S,2952.2000,2952.0000,2951.6000,2951.2000,2951.0000,2953.4000,2954.2000,2954.8000,2955.0000,2955.2000,1,1,1,1,2,1,1,1,2,1
SF,IH2001,2019-11-21 09:35:21.600,2952.6000,431,0,29227500.000,0,-,-,-,-,2953.2000,2952.2000,2952.0000,2951.6000,2951.2000,2953.4000,2954.2000,2954.8000,2955.0000,2955.2000,1,1,1,1,1,1,1,1,2,1
SF,IH2001,2019-11-21 09:35:22.100,2953.2000,431,0,30113460.000,1,0,1,多换,S,2952.2000,2952.0000,2951.6000,2951.2000,2951.0000,2953.4000,2954.2000,2954.8000,2955.0000,2955.2000,1,1,1,1,2,1,1,1,2,1
SF,IH2001,2019-11-21 09:35:24.100,2952.2000,430,-1,30999120.000,1,0,1,双平,S,2952.0000,2951.6000,2951.2000,2951.0000,2949.8000,2953.4000,2954.2000,2954.8000,2955.0000,2955.2000,1,1,1,2,1,1,1,1,2,1
SF,IH2001,2019-11-21 09:35:24.600,2952.2000,430,0,30999120.000,0,-,-,-,-,2952.2000,2952.0000,2951.6000,2951.2000,2951.0000,2953.4000,2954.2000,2954.8000,2955.0000,2955.2000,1,1,1,1,2,1,1,1,2,1
SF,IH2001,2019-11-21 09:35:25.100,2952.2000,430,0,30999120.000,0,-,-,-,-,2952.0000,2951.6000,2951.2000,2951.0000,2949.8000,2953.4000,2954.2000,2954.8000,2955.0000,2955.2000,1,1,1,2,1,1,1,1,2,1
SF,IH2001,2019-11-21 09:35:26.100,2952.2000,430,0,30999120.000,0,-,-,-,-,2952.4000,2952.0000,2951.6000,2951.2000,2951.0000,2953.4000,2954.2000,2954.8000,2955.0000,2955.2000,1,1,1,1,2,1,1,1,2,1
SF,IH2001,2019-11-21 09:35:33.600,2952.2000,430,0,30999120.000,0,-,-,-,-,2952.6000,2952.4000,2952.0000,2951.6000,2951.2000,2953.4000,2955.2000,2955.4000,2955.6000,2955.8000,1,1,1,1,1,1,1,2,1,4
SF,IH2001,2019-11-21 09:35:34.100,2952.2000,430,0,30999120.000,0,-,-,-,-,2952.6000,2952.4000,2952.0000,2951.6000,2951.2000,2955.2000,2955.4000,2955.6000,2955.8000,2956.0000,1,1,1,1,1,1,2,1,4,1
SF,IH2001,2019-11-21 09:35:34.600,2952.2000,430,0,30999120.000,0,-,-,-,-,2952.6000,2952.4000,2952.0000,2951.6000,2951.2000,2954.4000,2955.0000,2955.2000,2955.4000,2955.6000,1,1,1,1,1,1,2,1,2,1
SF,IH2001,2019-11-21 09:35:35.100,2952.2000,430,0,30999120.000,0,-,-,-,-,2952.6000,2952.4000,2952.0000,2951.6000,2951.2000,2954.4000,2955.0000,2955.6000,2955.8000,2956.0000,1,1,1,1,1,1,1,1,4,1
SF,IH2001,2019-11-21 09:35:36.100,2952.2000,430,0,30999120.000,0,-,-,-,-,2952.6000,2952.0000,2951.6000,2951.2000,2951.0000,2954.4000,2955.0000,2955.6000,2955.8000,2956.0000,1,1,1,1,2,1,1,1,4,1
SF,IH2001,2019-11-21 09:35:37.100,2952.2000,430,0,30999120.000,0,-,-,-,-,2952.0000,2951.6000,2951.2000,2951.0000,2949.8000,2954.2000,2954.4000,2955.0000,2955.6000,2955.8000,1,1,1,2,1,1,1,1,1,4
SF,IH2001,2019-11-21 09:35:37.600,2952.2000,430,0,30999120.000,0,-,-,-,-,2952.2000,2952.0000,2951.6000,2951.2000,2951.0000,2954.4000,2955.0000,2955.6000,2955.8000,2956.0000,2,1,1,1,2,1,1,1,4,1
SF,IH2001,2019-11-21 09:35:38.100,2952.2000,430,0,30999120.000,0,-,-,-,-,2952.4000,2952.2000,2952.0000,2951.6000,2951.2000,2954.4000,2955.0000,2955.6000,2955.8000,2956.0000,1,3,1,1,1,1,1,1,4,1
SF,IH2001,2019-11-21 09:35:38.600,2952.2000,430,0,30999120.000,0,-,-,-,-,2952.4000,2952.2000,2952.0000,2951.6000,2951.2000,2954.2000,2954.4000,2955.0000,2955.6000,2955.8000,1,2,1,1,1,2,1,1,1,4
SF,IH2001,2019-11-21 09:35:39.100,2952.2000,430,0,30999120.000,0,-,-,-,-,2952.4000,2952.2000,2952.0000,2951.6000,2951.2000,2954.2000,2955.0000,2955.6000,2955.8000,2956.0000,1,1,1,1,1,2,1,1,4,1
SF,IH2001,2019-11-21 09:35:39.600,2952.2000,430,0,30999120.000,0,-,-,-,-,2952.4000,2952.2000,2952.0000,2951.6000,2951.2000,2953.6000,2954.0000,2954.2000,2955.0000,2955.6000,1,1,1,1,1,1,1,2,1,1
SF,IH2001,2019-11-21 09:35:40.100,2952.2000,430,0,30999120.000,0,-,-,-,-,2952.4000,2952.2000,2952.0000,2951.6000,2951.2000,2953.6000,2954.0000,2954.2000,2955.0000,2955.6000,1,1,1,1,1,1,1,1,1,1
SF,IH2001,2019-11-21 09:35:40.600,2952.2000,430,0,30999120.000,0,-,-,-,-,2952.2000,2952.0000,2951.6000,2951.2000,2951.0000,2953.6000,2954.0000,2954.2000,2955.0000,2955.6000,1,1,1,1,1,1,1,1,1,1
SF,IH2001,2019-11-21 09:35:41.100,2952.2000,430,0,30999120.000,0,-,-,-,-,2952.2000,2952.0000,2951.6000,2951.2000,2951.0000,2953.6000,2954.2000,2955.0000,2955.6000,2955.8000,1,1,1,1,1,1,1,1,1,4
SF,IH2001,2019-11-21 09:35:42.100,2952.2000,430,0,30999120.000,0,-,-,-,-,2952.0000,2951.6000,2951.2000,2951.0000,2949.8000,2953.6000,2954.2000,2955.0000,2955.6000,2955.8000,1,1,1,1,1,1,1,1,1,4
SF,IH2001,2019-11-21 09:35:49.600,2952.2000,430,0,30999120.000,0,-,-,-,-,2952.6000,2952.2000,2952.0000,2951.6000,2951.2000,2953.6000,2954.2000,2955.0000,2955.6000,2955.8000,1,1,1,1,1,1,1,1,1,4
SF,IH2001,2019-11-21 09:35:50.100,2952.2000,430,0,30999120.000,0,-,-,-,-,2952.6000,2952.2000,2952.0000,2951.6000,2951.2000,2953.6000,2954.2000,2955.0000,2955.6000,2955.8000,1,1,2,1,1,1,1,1,1,4
SF,IH2001,2019-11-21 09:35:50.600,2952.2000,430,0,30999120.000,0,-,-,-,-,2952.6000,2952.2000,2952.0000,2951.6000,2951.2000,2955.0000,2955.6000,2955.8000,2956.0000,2956.2000,1,1,2,1,1,1,1,4,1,1
SF,IH2001,2019-11-21 09:35:51.100,2952.2000,430,0,30999120.000,0,-,-,-,-,2952.6000,2952.2000,2952.0000,2951.6000,2951.2000,2954.0000,2954.8000,2955.0000,2955.6000,2955.8000,1,1,2,1,1,1,1,1,1,4
SF,IH2001,2019-11-21 09:35:51.600,2952.2000,430,0,30999120.000,0,-,-,-,-,2952.6000,2952.2000,2952.0000,2951.6000,2951.2000,2954.0000,2955.0000,2955.6000,2955.8000,2956.0000,1,1,2,1,1,1,1,1,4,1
SF,IH2001,2019-11-21 09:35:53.100,2952.2000,430,0,30999120.000,0,-,-,-,-,2952.6000,2952.2000,2952.0000,2951.6000,2951.2000,2954.0000,2955.0000,2955.6000,2955.8000,2956.0000,1,1,2,1,1,1,1,1,4,1
SF,IH2001,2019-11-21 09:35:54.100,2952.2000,430,0,30999120.000,0,-,-,-,-,2952.6000,2952.2000,2952.0000,2951.6000,2951.2000,2954.0000,2955.0000,2955.6000,2955.8000,2956.0000,1,1,2,1,1,1,1,1,4,1
SF,IH2001,2019-11-21 09:36:01.600,2952.2000,430,0,30999120.000,0,-,-,-,-,2952.6000,2952.0000,2951.6000,2951.2000,2950.8000,2953.8000,2954.0000,2955.0000,2955.6000,2955.8000,1,2,1,1,1,1,1,1,1,4
SF,IH2001,2019-11-21 09:36:02.100,2952.6000,430,0,31884900.000,1,0,1,多换,S,2952.0000,2951.6000,2951.2000,2950.8000,2949.8000,2953.6000,2953.8000,2954.0000,2955.0000,2955.6000,2,1,1,1,1,2,1,1,1,1
SF,IH2001,2019-11-21 09:36:02.600,2952.6000,430,0,31884900.000,0,-,-,-,-,2952.0000,2951.6000,2951.2000,2950.8000,2949.8000,2953.4000,2953.6000,2953.8000,2955.6000,2955.8000,2,1,1,1,1,1,2,1,1,4
SF,IH2001,2019-11-21 09:36:03.100,2952.6000,430,0,31884900.000,0,-,-,-,-,2952.0000,2951.6000,2951.2000,2950.8000,2949.8000,2952.8000,2953.4000,2953.8000,2955.6000,2955.8000,2,1,1,1,1,1,1,1,1,4
SF,IH2001,2019-11-21 09:36:07.100,2952.6000,430,0,31884900.000,0,-,-,-,-,2952.0000,2951.6000,2951.2000,2950.8000,2949.8000,2952.8000,2953.8000,2955.6000,2955.8000,2956.0000,2,1,1,1,1,1,1,1,4,1
SF,IH2001,2019-11-21 09:36:08.600,2952.6000,430,0,31884900.000,0,-,-,-,-,2952.0000,2951.6000,2951.2000,2950.8000,2949.8000,2952.8000,2953.8000,2955.6000,2955.8000,2956.0000,1,1,1,1,1,1,1,1,4,1
SF,IH2001,2019-11-21 09:36:10.600,2952.0000,430,0,32770500.000,1,0,1,多换,S,2951.6000,2951.2000,2950.8000,2949.8000,2947.0000,2952.8000,2953.8000,2955.6000,2955.8000,2956.0000,1,1,1,1,1,1,1,1,4,1
SF,IH2001,2019-11-21 09:36:15.100,2952.0000,430,0,32770500.000,0,-,-,-,-,2951.6000,2951.2000,2950.8000,2949.8000,2947.0000,2952.6000,2952.8000,2953.8000,2955.6000,2955.8000,1,1,1,1,1,1,1,1,1,4
SF,IH2001,2019-11-21 09:36:15.600,2951.6000,429,-1,33655980.000,1,0,1,双平,S,2951.2000,2950.8000,2949.8000,2947.0000,2945.0000,2952.6000,2952.8000,2953.8000,2955.6000,2955.8000,1,1,1,1,5,1,1,1,1,4
SF,IH2001,2019-11-21 09:36:16.100,2951.6000,429,0,33655980.000,0,-,-,-,-,2951.6000,2951.2000,2950.8000,2949.8000,2947.0000,2952.6000,2952.8000,2953.8000,2955.6000,2955.8000,1,1,1,1,1,1,1,1,1,4
SF,IH2001,2019-11-21 09:36:17.100,2951.6000,429,0,34541460.000,1,0,1,多换,S,2951.2000,2950.8000,2949.8000,2947.0000,2945.0000,2952.6000,2952.8000,2953.8000,2955.6000,2955.8000,1,1,1,1,5,1,1,1,1,4
SF,IH2001,2019-11-21 09:36:26.100,2951.2000,429,0,35426820.000,1,0,1,多换,S,2950.8000,2949.8000,2947.0000,2945.0000,2943.6000,2952.4000,2952.6000,2952.8000,2953.8000,2955.6000,1,1,1,5,1,4,1,1,1,1
SF,IH2001,2019-11-21 09:36:26.600,2951.2000,429,0,35426820.000,0,-,-,-,-,2950.8000,2949.8000,2947.0000,2945.0000,2943.6000,2952.2000,2952.4000,2952.6000,2955.6000,2955.8000,1,1,1,5,1,2,5,1,1,4
SF,IH2001,2019-11-21 09:36:27.100,2951.2000,429,0,35426820.000,0,-,-,-,-,2950.8000,2949.8000,2947.0000,2945.0000,2943.6000,2951.2000,2952.2000,2952.4000,2952.6000,2955.6000,1,1,1,5,1,1,2,5,1,1
SF,IH2001,2019-11-21 09:36:27.600,2951.2000,429,0,35426820.000,0,-,-,-,-,2950.8000,2949.8000,2947.0000,2945.0000,2943.6000,2951.2000,2952.2000,2952.4000,2952.6000,2955.6000,1,1,1,5,1,1,1,5,1,1
SF,IH2001,2019-11-21 09:36:28.100,2951.2000,429,0,35426820.000,0,-,-,-,-,2950.8000,2949.8000,2947.0000,2945.0000,2943.6000,2951.2000,2952.2000,2952.4000,2952.6000,2955.6000,1,1,1,5,1,1,1,1,1,1
SF,IH2001,2019-11-21 09:36:34.100,2951.2000,428,-1,36312180.000,1,0,1,双平,S,2950.8000,2949.8000,2947.0000,2945.0000,2943.6000,2952.2000,2952.6000,2955.6000,2955.8000,2956.0000,1,1,1,5,1,1,1,1,4,1
SF,IH2001,2019-11-21 09:36:34.600,2951.2000,428,0,36312180.000,0,-,-,-,-,2951.0000,2950.8000,2949.8000,2947.0000,2945.0000,2951.6000,2952.2000,2952.6000,2955.6000,2955.8000,1,1,1,1,5,1,1,1,1,4
SF,IH2001,2019-11-21 09:36:35.100,2951.6000,427,-1,37197660.000,1,0,1,双平,S,2951.0000,2950.8000,2949.8000,2947.0000,2945.0000,2952.6000,2955.6000,2955.8000,2956.0000,2956.2000,1,1,1,1,5,1,1,4,1,1
SF,IH2001,2019-11-21 09:36:35.600,2951.6000,427,0,37197660.000,0,-,-,-,-,2951.2000,2951.0000,2950.8000,2949.8000,2947.0000,2952.4000,2952.6000,2955.6000,2955.8000,2956.0000,1,1,1,1,1,1,1,1,4,1
SF,IH2001,2019-11-21 09:36:36.100,2951.6000,427,0,37197660.000,0,-,-,-,-,2951.2000,2951.0000,2950.8000,2949.8000,2947.0000,2952.2000,2952.4000,2952.6000,2955.6000,2955.8000,1,1,1,1,1,1,1,1,1,4
SF,IH2001,2019-11-21 09:36:36.600,2951.6000,427,0,37197660.000,0,-,-,-,-,2951.2000,2951.0000,2950.8000,2949.8000,2947.0000,2952.4000,2952.6000,2955.6000,2955.8000,2956.0000,1,1,1,1,1,1,1,1,4,1
SF,IH2001,2019-11-21 09:36:37.100,2951.6000,427,0,37197660.000,0,-,-,-,-,2951.2000,2951.0000,2950.8000,2949.8000,2947.0000,2952.4000,2955.6000,2955.8000,2956.0000,2956.2000,1,2,1,1,1,1,1,4,1,1
SF,IH2001,2019-11-21 09:36:37.600,2951.6000,427,0,37197660.000,0,-,-,-,-,2951.2000,2951.0000,2950.8000,2949.8000,2947.0000,2955.4000,2955.6000,2955.8000,2956.0000,2956.2000,1,2,1,1,1,1,1,4,1,1
SF,IH2001,2019-11-21 09:36:38.100,2951.6000,427,0,37197660.000,0,-,-,-,-,2951.2000,2951.0000,2950.8000,2949.8000,2947.0000,2953.4000,2955.2000,2955.4000,2955.6000,2955.8000,1,2,1,1,1,3,6,1,1,4
SF,IH2001,2019-11-21 09:36:38.600,2951.6000,427,0,37197660.000,0,-,-,-,-,2951.2000,2951.0000,2950.8000,2949.8000,2947.0000,2953.2000,2953.4000,2955.2000,2955.4000,2955.6000,1,2,1,1,1,5,3,6,1,1
SF,IH2001,2019-11-21 09:36:39.100,2951.6000,427,0,37197660.000,0,-,-,-,-,2951.0000,2950.8000,2950.6000,2949.8000,2947.0000,2953.0000,2953.2000,2955.2000,2955.6000,2955.8000,1,1,1,1,1,2,5,6,1,4
SF,IH2001,2019-11-21 09:36:39.600,2951.6000,427,0,37197660.000,0,-,-,-,-,2950.8000,2950.6000,2949.8000,2947.0000,2945.0000,2952.8000,2953.0000,2953.2000,2955.2000,2955.6000,1,1,1,1,5,3,2,5,5,1
SF,IH2001,2019-11-21 09:36:40.100,2951.6000,427,0,37197660.000,0,-,-,-,-,2951.0000,2950.8000,2950.6000,2949.8000,2947.0000,2952.6000,2952.8000,2953.0000,2953.2000,2955.2000,1,1,1,1,1,1,3,1,5,5
SF,IH2001,2019-11-21 09:36:40.600,2951.6000,427,0,37197660.000,0,-,-,-,-,2950.8000,2950.6000,2949.8000,2947.0000,2945.0000,2952.4000,2952.6000,2952.8000,2953.0000,2953.2000,1,1,1,1,5,1,1,3,1,4
SF,IH2001,2019-11-21 09:36:41.100,2951.6000,427,0,37197660.000,0,-,-,-,-,2951.0000,2950.8000,2950.6000,2949.8000,2947.0000,2952.4000,2952.8000,2953.0000,2953.2000,2955.2000,1,1,1,1,1,1,3,1,4,4
SF,IH2001,2019-11-21 09:36:41.600,2951.6000,427,0,37197660.000,0,-,-,-,-,2950.8000,2950.6000,2949.8000,2947.0000,2945.0000,2952.4000,2952.8000,2953.0000,2953.2000,2955.2000,1,1,1,1,5,1,3,1,4,4
SF,IH2001,2019-11-21 09:36:42.100,2951.6000,427,0,37197660.000,0,-,-,-,-,2950.8000,2950.6000,2947.0000,2945.0000,2943.6000,2951.8000,2952.2000,2952.4000,2952.8000,2953.0000,1,1,1,5,1,1,6,1,3,1
SF,IH2001,2019-11-21 09:36:42.600,2951.6000,427,0,37197660.000,0,-,-,-,-,2950.8000,2950.6000,2947.0000,2945.0000,2943.6000,2951.8000,2952.4000,2952.8000,2953.2000,2955.2000,1,1,1,5,1,1,1,3,4,4
SF,IH2001,2019-11-21 09:36:43.100,2951.6000,427,0,37197660.000,0,-,-,-,-,2951.0000,2950.8000,2950.6000,2947.0000,2945.0000,2951.8000,2952.4000,2952.8000,2953.2000,2955.2000,1,1,1,1,5,1,1,1,4,4
SF,IH2001,2019-11-21 09:36:45.100,2951.6000,427,0,37197660.000,0,-,-,-,-,2951.0000,2950.8000,2950.6000,2947.0000,2945.0000,2951.6000,2951.8000,2952.4000,2952.8000,2953.2000,1,1,1,1,5,1,1,1,1,4
SF,IH2001,2019-11-21 09:36:45.600,2951.6000,427,0,37197660.000,0,-,-,-,-,2950.8000,2950.6000,2947.0000,2945.0000,2943.6000,2951.6000,2951.8000,2952.4000,2952.8000,2953.2000,1,1,1,5,1,1,1,1,1,4
SF,IH2001,2019-11-21 09:36:46.100,2951.6000,427,0,37197660.000,0,-,-,-,-,2951.0000,2950.8000,2950.6000,2947.0000,2945.0000,2951.6000,2952.4000,2952.8000,2953.2000,2955.2000,1,1,1,1,5,1,1,1,4,4
SF,IH2001,2019-11-21 09:36:47.600,2951.6000,427,0,38083140.000,1,0,1,多换,S,2951.0000,2950.8000,2950.6000,2947.0000,2945.0000,2952.4000,2952.8000,2953.2000,2955.2000,2955.8000,1,1,1,1,5,1,1,4,4,4
SF,IH2001,2019-11-21 09:36:48.100,2951.6000,427,0,38083140.000,0,-,-,-,-,2951.6000,2951.0000,2950.8000,2947.0000,2945.0000,2952.8000,2955.2000,2955.8000,2956.2000,2956.4000,1,1,1,1,5,1,4,4,1,1
SF,IH2001,2019-11-21 09:36:52.100,2951.6000,427,0,38083140.000,0,-,-,-,-,2951.0000,2950.8000,2947.0000,2945.0000,2943.6000,2952.8000,2955.2000,2955.8000,2956.2000,2956.4000,2,1,1,5,1,1,4,4,1,1
SF,IH2001,2019-11-21 09:36:59.600,2951.6000,427,0,38083140.000,0,-,-,-,-,2951.0000,2950.8000,2947.0000,2945.0000,2943.6000,2952.8000,2955.2000,2955.8000,2956.2000,2956.4000,2,1,1,5,1,2,4,4,1,1
SF,IH2001,2019-11-21 09:37:02.600,2951.6000,427,0,38083140.000,0,-,-,-,-,2951.0000,2950.8000,2947.0000,2945.0000,2943.6000,2952.6000,2952.8000,2955.2000,2955.8000,2956.2000,2,1,1,5,1,2,2,4,4,1
SF,IH2001,2019-11-21 09:37:03.100,2951.6000,427,0,38083140.000,0,-,-,-,-,2951.0000,2950.8000,2947.0000,2945.0000,2943.6000,2952.4000,2952.6000,2952.8000,2955.2000,2955.8000,1,1,1,5,1,1,2,1,4,4
SF,IH2001,2019-11-21 09:37:03.600,2951.6000,427,0,38083140.000,0,-,-,-,-,2951.2000,2951.0000,2950.8000,2947.0000,2945.0000,2952.4000,2952.6000,2952.8000,2955.2000,2955.8000,1,1,1,1,5,1,1,1,4,4
SF,IH2001,2019-11-21 09:37:04.100,2951.6000,427,0,38083140.000,0,-,-,-,-,2951.0000,2950.8000,2947.0000,2945.0000,2943.6000,2952.4000,2952.6000,2952.8000,2955.2000,2955.8000,1,1,1,5,1,1,1,1,4,4
SF,IH2001,2019-11-21 09:37:04.600,2951.6000,427,0,38083140.000,0,-,-,-,-,2951.2000,2951.0000,2950.8000,2947.0000,2945.0000,2952.4000,2952.8000,2955.2000,2955.8000,2956.2000,2,1,1,1,5,1,1,4,4,1
SF,IH2001,2019-11-21 09:37:05.100,2951.6000,427,0,38083140.000,0,-,-,-,-,2951.2000,2951.0000,2950.8000,2947.0000,2945.0000,2952.4000,2952.8000,2955.2000,2955.8000,2956.2000,1,1,1,1,5,1,1,4,4,1
SF,IH2001,2019-11-21 09:37:05.600,2951.6000,427,0,38083140.000,0,-,-,-,-,2951.4000,2951.2000,2951.0000,2950.8000,2947.0000,2952.4000,2952.8000,2955.2000,2955.8000,2956.2000,1,1,1,1,1,1,1,4,4,1
SF,IH2001,2019-11-21 09:37:07.100,2951.6000,427,0,38083140.000,0,-,-,-,-,2951.4000,2951.2000,2951.0000,2950.8000,2947.0000,2952.8000,2955.2000,2955.8000,2956.2000,2956.4000,1,1,1,1,1,1,4,4,1,1
SF,IH2001,2019-11-21 09:37:08.100,2951.6000,427,0,38083140.000,0,-,-,-,-,2951.8000,2951.4000,2951.2000,2950.8000,2947.0000,2952.8000,2955.2000,2955.8000,2956.2000,2956.4000,1,1,1,1,1,1,4,4,1,1
SF,IH2001,2019-11-21 09:37:08.600,2951.6000,427,0,38083140.000,0,-,-,-,-,2951.8000,2951.4000,2951.2000,2950.8000,2947.0000,2955.2000,2955.8000,2956.2000,2956.4000,2956.6000,1,1,1,1,1,4,4,1,1,4
SF,IH2001,2019-11-21 09:37:09.100,2951.6000,427,0,38083140.000,0,-,-,-,-,2952.6000,2952.0000,2951.4000,2951.2000,2950.8000,2955.0000,2955.2000,2955.8000,2956.2000,2956.4000,1,2,1,1,1,5,4,4,1,1
SF,IH2001,2019-11-21 09:37:09.600,2951.6000,427,0,38083140.000,0,-,-,-,-,2952.6000,2951.2000,2950.8000,2947.0000,2945.0000,2954.8000,2955.0000,2955.2000,2955.8000,2956.2000,1,1,1,1,5,1,5,4,4,1
SF,IH2001,2019-11-21 09:37:10.100,2951.6000,427,0,38083140.000,0,-,-,-,-,2952.8000,2952.6000,2951.2000,2950.8000,2947.0000,2954.6000,2954.8000,2955.0000,2955.2000,2955.8000,1,1,1,1,1,3,1,3,4,4
SF,IH2001,2019-11-21 09:37:10.600,2951.6000,427,0,38083140.000,0,-,-,-,-,2952.8000,2952.6000,2951.2000,2950.8000,2947.0000,2954.6000,2954.8000,2955.0000,2955.2000,2955.8000,1,1,1,1,1,2,1,3,4,4
SF,IH2001,2019-11-21 09:37:11.100,2951.6000,427,0,38083140.000,0,-,-,-,-,2952.8000,2952.6000,2951.2000,2950.8000,2947.0000,2954.4000,2954.6000,2954.8000,2955.0000,2955.2000,1,1,1,1,1,2,2,1,3,4
SF,IH2001,2019-11-21 09:37:11.600,2951.6000,427,0,38083140.000,0,-,-,-,-,2952.6000,2951.2000,2950.8000,2947.0000,2945.0000,2954.2000,2954.4000,2954.6000,2954.8000,2955.0000,1,1,1,1,5,2,2,1,1,2
SF,IH2001,2019-11-21 09:37:12.100,2951.6000,427,0,38083140.000,0,-,-,-,-,2952.8000,2952.6000,2951.2000,2950.8000,2947.0000,2954.2000,2954.6000,2954.8000,2955.0000,2955.2000,1,1,1,1,1,2,1,1,2,4
SF,IH2001,2019-11-21 09:37:13.600,2951.6000,427,0,38083140.000,0,-,-,-,-,2952.8000,2952.6000,2951.2000,2950.8000,2947.0000,2954.0000,2954.2000,2954.6000,2954.8000,2955.0000,1,1,1,1,1,1,2,1,1,2
SF,IH2001,2019-11-21 09:37:14.100,2951.6000,427,0,38083140.000,0,-,-,-,-,2952.6000,2951.2000,2950.8000,2947.0000,2945.0000,2953.8000,2954.2000,2954.8000,2955.0000,2955.2000,1,1,1,1,5,1,1,1,2,4
SF,IH2001,2019-11-21 09:37:19.600,2951.6000,427,0,38083140.000,0,-,-,-,-,2951.8000,2951.2000,2950.8000,2947.0000,2945.0000,2953.8000,2954.2000,2954.8000,2955.0000,2955.2000,1,1,1,1,5,1,1,1,2,4
SF,IH2001,2019-11-21 09:37:20.100,2951.6000,427,0,38083140.000,0,-,-,-,-,2952.0000,2951.8000,2951.2000,2950.8000,2947.0000,2953.8000,2954.2000,2954.8000,2955.0000,2955.2000,2,1,1,1,1,1,1,1,2,4
SF,IH2001,2019-11-21 09:37:21.100,2951.6000,427,0,38083140.000,0,-,-,-,-,2952.0000,2951.8000,2951.2000,2950.8000,2947.0000,2953.6000,2953.8000,2954.2000,2954.8000,2955.0000,2,1,1,1,1,1,1,1,1,2
SF,IH2001,2019-11-21 09:37:21.600,2951.6000,427,0,38083140.000,0,-,-,-,-,2952.0000,2951.8000,2951.2000,2950.8000,2947.0000,2953.4000,2953.8000,2954.8000,2955.0000,2955.2000,2,1,1,1,1,1,1,1,2,4
SF,IH2001,2019-11-21 09:37:22.600,2951.6000,427,0,38083140.000,0,-,-,-,-,2952.0000,2951.8000,2951.2000,2950.8000,2947.0000,2953.4000,2953.8000,2954.8000,2955.0000,2955.2000,2,1,1,1,1,1,1,1,3,4
SF,IH2001,2019-11-21 09:37:27.100,2951.6000,427,0,38083140.000,0,-,-,-,-,2952.0000,2951.8000,2951.2000,2950.8000,2947.0000,2953.8000,2954.8000,2955.0000,2955.2000,2955.8000,2,1,1,1,1,1,1,3,4,4
SF,IH2001,2019-11-21 09:37:28.100,2951.6000,427,0,38083140.000,0,-,-,-,-,2952.6000,2952.0000,2951.2000,2950.8000,2947.0000,2953.8000,2954.8000,2955.0000,2955.2000,2955.8000,1,2,1,1,1,1,1,3,4,4
SF,IH2001,2019-11-21 09:37:28.600,2951.6000,427,0,38083140.000,0,-,-,-,-,2952.6000,2952.0000,2951.2000,2950.8000,2947.0000,2953.8000,2954.8000,2955.0000,2955.2000,2955.8000,1,1,1,1,1,1,1,3,4,4
SF,IH2001,2019-11-21 09:37:30.100,2951.6000,427,0,38083140.000,0,-,-,-,-,2952.6000,2952.0000,2951.6000,2951.2000,2950.8000,2953.8000,2954.8000,2955.0000,2955.2000,2955.8000,1,1,1,1,1,1,1,3,4,4
SF,IH2001,2019-11-21 09:37:35.600,2952.6000,427,0,38968920.000,1,0,1,多换,S,2952.0000,2951.6000,2951.2000,2950.8000,2947.0000,2953.8000,2954.8000,2955.0000,2955.2000,2955.8000,1,1,1,1,1,1,1,3,4,4
SF,IH2001,2019-11-21 09:37:37.100,2952.6000,427,0,38968920.000,0,-,-,-,-,2952.0000,2951.6000,2951.2000,2950.8000,2947.0000,2953.6000,2953.8000,2954.8000,2955.0000,2955.2000,1,1,1,1,1,1,1,1,3,4
SF,IH2001,2019-11-21 09:37:37.600,2952.6000,427,0,38968920.000,0,-,-,-,-,2952.0000,2951.6000,2951.2000,2950.8000,2947.0000,2953.4000,2953.6000,2953.8000,2954.8000,2955.0000,1,1,1,1,1,1,1,1,1,3
SF,IH2001,2019-11-21 09:37:38.100,2952.6000,427,0,38968920.000,0,-,-,-,-,2952.0000,2951.6000,2951.2000,2950.8000,2947.0000,2953.6000,2953.8000,2954.8000,2955.0000,2955.2000,1,1,1,1,1,1,1,1,3,4
SF,IH2001,2019-11-21 09:37:39.100,2952.6000,427,0,38968920.000,0,-,-,-,-,2952.0000,2951.6000,2951.2000,2950.8000,2947.0000,2953.4000,2953.6000,2953.8000,2954.8000,2955.0000,1,1,1,1,1,1,1,1,1,3
SF,IH2001,2019-11-21 09:37:41.100,2952.6000,427,0,38968920.000,0,-,-,-,-,2952.0000,2951.6000,2951.2000,2950.8000,2947.0000,2953.6000,2953.8000,2954.8000,2955.0000,2955.2000,1,1,1,1,1,1,1,1,3,4
SF,IH2001,2019-11-21 09:37:41.600,2952.6000,427,0,38968920.000,0,-,-,-,-,2952.0000,2951.6000,2951.2000,2950.8000,2947.0000,2953.4000,2953.6000,2953.8000,2954.8000,2955.0000,1,1,1,1,1,1,1,1,1,3
SF,IH2001,2019-11-21 09:37:43.100,2952.6000,427,0,38968920.000,0,-,-,-,-,2952.0000,2951.6000,2951.2000,2950.8000,2947.0000,2953.4000,2953.8000,2954.8000,2955.0000,2955.2000,1,1,1,1,1,1,1,1,3,4
SF,IH2001,2019-11-21 09:37:43.600,2952.6000,427,0,38968920.000,0,-,-,-,-,2952.0000,2951.6000,2951.2000,2950.8000,2947.0000,2953.8000,2954.8000,2955.0000,2955.2000,2955.8000,1,1,1,1,1,1,1,3,4,4
SF,IH2001,2019-11-21 09:37:46.600,2952.6000,427,0,38968920.000,0,-,-,-,-,2952.2000,2952.0000,2951.6000,2951.2000,2950.8000,2954.8000,2955.0000,2955.2000,2955.8000,2956.2000,1,1,1,1,1,1,3,4,4,1
SF,IH2001,2019-11-21 09:37:47.100,2952.6000,427,0,38968920.000,0,-,-,-,-,2952.0000,2951.6000,2951.2000,2950.8000,2947.0000,2954.6000,2954.8000,2955.0000,2955.2000,2955.8000,1,1,1,1,1,3,1,3,4,4
SF,IH2001,2019-11-21 09:37:47.600,2952.6000,427,0,38968920.000,0,-,-,-,-,2952.0000,2951.6000,2951.2000,2950.8000,2947.0000,2954.4000,2954.6000,2954.8000,2955.0000,2955.2000,1,1,1,1,1,1,3,1,3,4
SF,IH2001,2019-11-21 09:37:48.100,2952.6000,427,0,38968920.000,0,-,-,-,-,2952.0000,2951.6000,2951.2000,2950.8000,2947.0000,2954.2000,2954.4000,2954.6000,2954.8000,2955.0000,1,1,1,1,1,3,1,2,1,3
SF,IH2001,2019-11-21 09:37:51.100,2952.6000,427,0,38968920.000,0,-,-,-,-,2952.0000,2951.6000,2951.2000,2950.8000,2947.0000,2954.2000,2954.4000,2954.6000,2954.8000,2955.0000,1,1,1,1,1,2,1,2,1,3
SF,IH2001,2019-11-21 09:37:52.600,2952.6000,427,0,38968920.000,0,-,-,-,-,2952.2000,2952.0000,2951.6000,2951.2000,2950.8000,2954.2000,2954.4000,2954.6000,2954.8000,2955.0000,1,1,1,1,1,2,1,2,1,3
SF,IH2001,2019-11-21 09:37:56.100,2952.6000,427,0,38968920.000,0,-,-,-,-,2952.2000,2952.0000,2951.6000,2951.2000,2950.8000,2954.0000,2954.2000,2954.4000,2954.6000,2954.8000,1,1,1,1,1,1,2,1,2,1
SF,IH2001,2019-11-21 09:37:56.600,2952.6000,427,0,38968920.000,0,-,-,-,-,2952.2000,2952.0000,2951.6000,2951.2000,2950.8000,2953.8000,2954.0000,2954.2000,2954.4000,2954.6000,1,1,1,1,1,1,1,2,1,1
SF,IH2001,2019-11-21 09:37:57.100,2952.6000,427,0,38968920.000,0,-,-,-,-,2952.2000,2952.0000,2951.6000,2951.2000,2950.8000,2953.8000,2954.0000,2954.2000,2954.4000,2954.6000,1,1,1,1,1,1,1,1,1,1
SF,IH2001,2019-11-21 09:37:59.100,2952.6000,427,0,38968920.000,0,-,-,-,-,2952.2000,2952.0000,2951.6000,2951.2000,2950.8000,2953.8000,2954.2000,2954.4000,2954.6000,2954.8000,1,1,1,1,1,1,1,1,1,1
SF,IH2001,2019-11-21 09:38:03.100,2952.6000,427,0,38968920.000,0,-,-,-,-,2952.2000,2952.0000,2951.6000,2951.2000,2950.8000,2954.2000,2954.4000,2954.6000,2954.8000,2955.0000,1,1,1,1,1,1,1,1,1,3
SF,IH2001,2019-11-21 09:38:03.600,2952.6000,427,0,38968920.000,0,-,-,-,-,2952.2000,2952.0000,2951.6000,2951.2000,2950.8000,2953.6000,2954.0000,2954.2000,2954.4000,2954.6000,1,1,1,1,1,1,2,1,1,1
SF,IH2001,2019-11-21 09:38:04.100,2952.6000,427,0,38968920.000,0,-,-,-,-,2952.2000,2952.0000,2951.6000,2951.2000,2950.8000,2953.6000,2954.2000,2954.4000,2954.6000,2954.8000,1,1,1,1,1,1,1,1,1,1
SF,IH2001,2019-11-21 09:38:04.600,2952.6000,427,0,38968920.000,0,-,-,-,-,2952.2000,2952.0000,2951.6000,2951.2000,2950.8000,2953.6000,2954.2000,2954.4000,2954.6000,2954.8000,1,1,1,1,1,1,1,1,1,1
SF,IH2001,2019-11-21 09:38:05.600,2952.6000,427,0,38968920.000,0,-,-,-,-,2952.0000,2951.6000,2951.2000,2950.8000,2950.2000,2953.4000,2953.6000,2954.2000,2954.4000,2954.6000,1,1,1,1,1,1,1,1,1,1
SF,IH2001,2019-11-21 09:38:06.100,2952.6000,427,0,38968920.000,0,-,-,-,-,2952.0000,2951.6000,2951.2000,2950.8000,2950.2000,2953.2000,2953.6000,2954.4000,2954.6000,2954.8000,1,1,1,1,1,1,1,1,1,1
SF,IH2001,2019-11-21 09:38:12.600,2952.6000,427,0,38968920.000,0,-,-,-,-,2952.0000,2951.6000,2951.2000,2950.8000,2950.2000,2952.6000,2953.2000,2953.6000,2954.4000,2954.6000,1,1,1,1,1,1,1,1,1,1
SF,IH2001,2019-11-21 09:38:14.600,2952.6000,426,-1,39854700.000,1,0,1,双平,S,2952.0000,2951.6000,2951.2000,2950.8000,2950.2000,2953.6000,2954.4000,2954.6000,2954.8000,2955.0000,1,1,1,1,1,1,1,1,1,3
SF,IH2001,2019-11-21 09:38:15.100,2952.6000,426,0,39854700.000,0,-,-,-,-,2952.6000,2952.0000,2951.6000,2951.2000,2950.8000,2953.6000,2954.4000,2954.6000,2954.8000,2955.0000,1,1,1,1,1,1,1,1,1,3
SF,IH2001,2019-11-21 09:38:26.100,2952.6000,426,0,39854700.000,0,-,-,-,-,2952.6000,2952.0000,2951.6000,2951.2000,2950.8000,2953.0000,2953.6000,2954.4000,2954.6000,2954.8000,1,1,1,1,1,1,1,1,1,1
SF,IH2001,2019-11-21 09:38:27.100,2952.6000,426,0,40740480.000,1,0,1,多换,S,2952.0000,2951.6000,2951.2000,2950.8000,2950.2000,2953.0000,2953.6000,2954.4000,2954.6000,2954.8000,1,1,1,1,1,1,1,1,1,1
SF,IH2001,2019-11-21 09:38:34.100,2952.6000,426,0,40740480.000,0,-,-,-,-,2952.0000,2951.6000,2951.2000,2950.8000,2950.2000,2952.8000,2953.0000,2953.6000,2954.4000,2954.6000,1,1,1,1,1,1,1,1,1,1
SF,IH2001,2019-11-21 09:38:34.600,2952.6000,426,0,40740480.000,0,-,-,-,-,2951.6000,2951.2000,2950.8000,2950.2000,2947.0000,2952.8000,2953.0000,2953.6000,2954.4000,2954.6000,1,1,1,1,1,1,1,1,1,1
SF,IH2001,2019-11-21 09:38:35.100,2952.6000,426,0,40740480.000,0,-,-,-,-,2951.8000,2951.6000,2951.2000,2950.8000,2950.2000,2952.8000,2953.0000,2953.6000,2954.4000,2954.6000,1,1,1,1,1,1,1,1,1,1
SF,IH2001,2019-11-21 09:38:35.600,2952.6000,426,0,40740480.000,0,-,-,-,-,2951.8000,2951.6000,2951.2000,2950.8000,2950.2000,2952.0000,2952.8000,2953.0000,2953.6000,2954.4000,1,1,1,1,1,1,1,1,1,1
SF,IH2001,2019-11-21 09:38:38.600,2952.0000,426,0,41626080.000,1,0,1,多换,S,2951.8000,2951.6000,2951.2000,2950.8000,2950.2000,2952.8000,2953.0000,2953.6000,2954.4000,2954.6000,1,1,1,1,1,1,1,1,1,1
SF,IH2001,2019-11-21 09:38:42.600,2952.0000,426,0,41626080.000,0,-,-,-,-,2951.8000,2951.6000,2951.2000,2950.8000,2950.2000,2952.6000,2952.8000,2953.0000,2953.6000,2954.4000,1,1,1,1,1,1,1,1,1,1
SF,IH2001,2019-11-21 09:38:43.600,2952.0000,426,0,41626080.000,0,-,-,-,-,2951.8000,2951.6000,2951.2000,2950.8000,2950.2000,2952.6000,2953.0000,2953.6000,2954.4000,2954.6000,1,1,1,1,1,1,1,1,1,1
SF,IH2001,2019-11-21 09:38:44.600,2952.0000,426,0,41626080.000,0,-,-,-,-,2951.8000,2951.6000,2951.2000,2950.8000,2950.2000,2953.0000,2953.6000,2954.4000,2954.6000,2954.8000,1,1,1,1,1,1,1,1,1,1
SF,IH2001,2019-11-21 09:38:56.600,2952.0000,426,0,41626080.000,0,-,-,-,-,2951.8000,2951.6000,2951.2000,2950.8000,2950.2000,2952.8000,2953.0000,2953.6000,2954.4000,2954.6000,1,1,1,1,1,1,1,1,1,1
SF,IH2001,2019-11-21 09:38:57.100,2952.0000,426,0,41626080.000,0,-,-,-,-,2951.8000,2951.6000,2951.2000,2950.8000,2950.2000,2953.0000,2953.6000,2954.4000,2954.6000,2954.8000,1,1,1,1,1,1,1,1,1,1
SF,IH2001,2019-11-21 09:38:57.600,2952.0000,426,0,41626080.000,0,-,-,-,-,2951.8000,2951.6000,2951.2000,2950.8000,2950.2000,2952.8000,2953.0000,2953.6000,2954.4000,2954.6000,1,1,1,1,1,1,1,1,1,1
SF,IH2001,2019-11-21 09:38:59.100,2952.0000,426,0,41626080.000,0,-,-,-,-,2951.8000,2951.6000,2951.2000,2950.8000,2950.2000,2953.0000,2953.6000,2954.4000,2954.6000,2954.8000,1,1,1,1,1,1,1,1,1,1
SF,IH2001,2019-11-21 09:39:00.100,2952.0000,426,0,41626080.000,0,-,-,-,-,2951.8000,2951.6000,2951.2000,2950.8000,2950.2000,2952.8000,2953.0000,2953.6000,2954.4000,2954.6000,1,1,1,1,1,1,1,1,1,1
SF,IH2001,2019-11-21 09:39:01.600,2951.8000,425,-1,42511620.000,1,0,1,双平,S,2951.6000,2951.2000,2950.8000,2950.2000,2947.0000,2952.8000,2953.0000,2953.6000,2954.4000,2954.6000,1,1,1,1,1,1,1,1,1,1
SF,IH2001,2019-11-21 09:39:02.100,2951.8000,425,0,42511620.000,0,-,-,-,-,2951.6000,2951.2000,2950.8000,2950.2000,2947.0000,2952.4000,2952.6000,2952.8000,2953.0000,2953.6000,1,1,1,1,1,1,1,1,1,1
SF,IH2001,2019-11-21 09:39:02.600,2951.6000,424,-1,43397100.000,1,0,1,双平,S,2951.2000,2950.8000,2950.2000,2947.0000,2945.0000,2952.4000,2952.8000,2953.0000,2953.6000,2954.4000,1,1,1,1,5,1,1,1,1,1
SF,IH2001,2019-11-21 09:39:07.100,2951.6000,424,0,43397100.000,0,-,-,-,-,2951.2000,2950.8000,2950.2000,2947.0000,2945.0000,2952.2000,2952.4000,2952.8000,2953.0000,2954.4000,1,1,1,1,5,1,1,1,1,1
SF,IH2001,2019-11-21 09:39:07.600,2951.6000,424,0,43397100.000,0,-,-,-,-,2951.2000,2950.8000,2950.2000,2947.0000,2945.0000,2952.4000,2952.8000,2953.0000,2954.4000,2954.6000,1,1,1,1,5,1,1,1,1,1
SF,IH2001,2019-11-21 09:39:09.100,2951.6000,424,0,43397100.000,0,-,-,-,-,2951.2000,2950.8000,2950.2000,2947.0000,2945.0000,2952.2000,2952.4000,2952.8000,2953.0000,2954.4000,1,1,1,1,5,1,1,1,1,1
SF,IH2001,2019-11-21 09:39:13.100,2951.6000,424,0,43397100.000,0,-,-,-,-,2951.2000,2950.8000,2950.2000,2947.0000,2945.0000,2952.0000,2952.2000,2952.4000,2952.8000,2953.0000,1,1,1,1,5,1,1,1,1,1
SF,IH2001,2019-11-21 09:39:13.600,2951.6000,424,0,43397100.000,0,-,-,-,-,2951.2000,2950.8000,2950.2000,2947.0000,2945.0000,2951.8000,2952.0000,2952.2000,2953.0000,2954.4000,1,1,1,1,5,2,1,1,1,1
SF,IH2001,2019-11-21 09:39:14.100,2951.6000,424,0,43397100.000,0,-,-,-,-,2951.2000,2950.8000,2950.2000,2947.0000,2945.0000,2951.4000,2951.8000,2952.0000,2952.2000,2953.0000,1,1,1,1,5,1,2,1,1,1
SF,IH2001,2019-11-21 09:39:14.600,2951.2000,424,0,44282460.000,1,0,1,多换,S,2950.8000,2950.2000,2947.0000,2945.0000,2943.6000,2951.4000,2951.6000,2951.8000,2952.0000,2952.2000,1,1,1,5,1,1,1,1,1,1
SF,IH2001,2019-11-21 09:39:15.100,2951.2000,424,0,44282460.000,0,-,-,-,-,2950.8000,2950.2000,2947.0000,2945.0000,2943.6000,2951.4000,2951.6000,2951.8000,2952.0000,2952.2000,1,1,1,5,1,1,1,1,1,1
SF,IH2001,2019-11-21 09:39:15.600,2951.2000,424,0,44282460.000,0,-,-,-,-,2950.8000,2950.2000,2947.0000,2945.0000,2943.6000,2951.2000,2951.4000,2951.6000,2951.8000,2952.0000,1,1,1,5,1,1,1,1,1,1
SF,IH2001,2019-11-21 09:39:16.100,2951.2000,424,0,44282460.000,0,-,-,-,-,2950.8000,2950.2000,2947.0000,2945.0000,2943.6000,2951.4000,2951.6000,2951.8000,2952.0000,2953.0000,1,1,1,5,1,1,1,1,1,1
SF,IH2001,2019-11-21 09:39:16.600,2950.8000,423,-1,45167700.000,1,0,1,双平,S,2950.2000,2947.0000,2945.0000,2943.6000,2903.6000,2951.4000,2951.6000,2951.8000,2952.0000,2953.0000,1,1,5,1,5,1,1,1,1,1
SF,IH2001,2019-11-21 09:39:17.100,2950.8000,423,0,45167700.000,0,-,-,-,-,2950.2000,2947.0000,2943.6000,2941.2000,2903.6000,2951.4000,2951.6000,2951.8000,2952.0000,2953.0000,1,1,1,5,5,1,1,1,1,1
SF,IH2001,2019-11-21 09:39:18.100,2950.8000,423,0,45167700.000,0,-,-,-,-,2950.2000,2947.0000,2943.6000,2941.2000,2903.6000,2951.2000,2951.4000,2951.6000,2951.8000,2952.0000,1,1,1,5,5,1,1,1,1,1
SF,IH2001,2019-11-21 09:39:19.600,2950.8000,423,0,45167700.000,0,-,-,-,-,2950.2000,2947.0000,2943.6000,2941.2000,2903.6000,2951.0000,2951.2000,2951.4000,2951.6000,2951.8000,1,1,1,5,5,4,1,1,1,1
SF,IH2001,2019-11-21 09:39:20.100,2950.8000,423,0,45167700.000,0,-,-,-,-,2950.2000,2947.0000,2943.6000,2941.2000,2903.6000,2950.8000,2951.0000,2951.2000,2951.6000,2952.0000,1,1,1,5,5,1,4,1,1,1
SF,IH2001,2019-11-21 09:39:20.600,2950.8000,423,0,45167700.000,0,-,-,-,-,2950.2000,2947.0000,2943.6000,2941.2000,2903.6000,2950.4000,2950.8000,2951.2000,2951.6000,2952.0000,1,1,1,5,5,1,1,1,1,1
SF,IH2001,2019-11-21 09:39:21.100,2950.2000,423,0,46052760.000,1,0,1,多换,S,2947.0000,2943.6000,2941.2000,2903.6000,2890.0000,2950.4000,2950.8000,2951.2000,2951.6000,2952.0000,1,1,5,5,1,1,1,1,1,1
SF,IH2001,2019-11-21 09:39:21.600,2950.2000,423,0,46052760.000,0,-,-,-,-,2948.6000,2947.2000,2947.0000,2943.6000,2941.2000,2950.4000,2950.8000,2951.2000,2951.6000,2952.0000,3,2,1,1,5,1,1,1,1,1
SF,IH2001,2019-11-21 09:39:22.100,2950.2000,423,0,46052760.000,0,-,-,-,-,2948.8000,2948.6000,2947.2000,2947.0000,2943.6000,2950.4000,2950.8000,2951.2000,2951.6000,2952.0000,1,3,2,1,1,1,1,1,1,1
SF,IH2001,2019-11-21 09:39:22.600,2950.2000,423,0,46052760.000,0,-,-,-,-,2949.0000,2948.8000,2947.2000,2947.0000,2943.6000,2950.4000,2950.8000,2951.2000,2951.6000,2952.0000,1,1,2,1,1,1,1,1,1,1
SF,IH2001,2019-11-21 09:39:23.100,2950.2000,423,0,46052760.000,0,-,-,-,-,2949.0000,2948.8000,2947.2000,2947.0000,2943.6000,2950.4000,2950.8000,2951.2000,2952.0000,2953.0000,1,1,2,1,1,1,1,1,1,1
SF,IH2001,2019-11-21 09:39:31.100,2950.2000,423,0,46052760.000,0,-,-,-,-,2949.0000,2947.2000,2947.0000,2943.6000,2941.2000,2950.4000,2950.8000,2951.2000,2952.0000,2953.0000,1,2,1,1,5,1,1,1,1,1
SF,IH2001,2019-11-21 09:39:31.600,2950.2000,423,0,46052760.000,0,-,-,-,-,2947.2000,2947.0000,2943.6000,2941.2000,2903.6000,2950.2000,2950.4000,2950.8000,2951.2000,2952.0000,2,1,1,5,5,1,1,1,1,1
SF,IH2001,2019-11-21 09:39:32.100,2950.2000,423,0,46052760.000,0,-,-,-,-,2947.6000,2947.2000,2947.0000,2943.6000,2941.2000,2950.2000,2950.4000,2950.8000,2951.2000,2952.0000,3,2,1,1,5,1,1,1,1,1
SF,IH2001,2019-11-21 09:39:32.600,2950.2000,423,0,46052760.000,0,-,-,-,-,2947.8000,2947.6000,2947.2000,2947.0000,2943.6000,2950.2000,2950.4000,2950.8000,2951.2000,2952.0000,2,3,2,1,1,1,1,1,1,1
SF,IH2001,2019-11-21 09:39:33.100,2950.2000,423,0,46052760.000,0,-,-,-,-,2947.8000,2947.2000,2947.0000,2943.6000,2941.2000,2950.2000,2950.4000,2950.8000,2951.2000,2952.0000,2,2,1,1,5,1,1,1,1,1
SF,IH2001,2019-11-21 09:39:33.600,2950.2000,423,0,46052760.000,0,-,-,-,-,2948.0000,2947.8000,2947.2000,2947.0000,2943.6000,2950.2000,2950.4000,2950.8000,2951.2000,2952.0000,2,2,2,1,1,1,1,1,1,1
SF,IH2001,2019-11-21 09:39:34.100,2950.2000,423,0,46052760.000,0,-,-,-,-,2948.2000,2948.0000,2947.8000,2947.2000,2947.0000,2950.2000,2950.4000,2950.8000,2951.2000,2952.0000,2,2,2,1,1,1,1,1,1,1
SF,IH2001,2019-11-21 09:39:34.600,2950.2000,423,0,46052760.000,0,-,-,-,-,2948.2000,2947.8000,2947.2000,2947.0000,2943.6000,2950.2000,2950.4000,2950.8000,2951.2000,2952.0000,2,2,1,1,1,1,1,1,1,1
SF,IH2001,2019-11-21 09:39:41.600,2950.2000,423,0,46052760.000,0,-,-,-,-,2948.2000,2947.8000,2947.2000,2947.0000,2943.6000,2950.2000,2950.4000,2950.8000,2951.2000,2952.0000,1,2,1,1,1,1,1,1,1,1
SF,IH2001,2019-11-21 09:39:42.600,2948.2000,422,-1,46937220.000,1,0,1,双平,S,2947.8000,2947.2000,2947.0000,2943.6000,2941.2000,2948.2000,2950.0000,2950.2000,2950.4000,2952.0000,1,1,1,1,5,6,1,1,1,1
SF,IH2001,2019-11-21 09:39:43.100,2948.2000,419,-3,52243980.000,6,1,5,多平,S,2948.0000,2947.8000,2947.2000,2947.0000,2943.6000,2950.0000,2950.4000,2952.0000,2953.0000,2954.6000,2,1,1,1,1,1,1,1,1,1
SF,IH2001,2019-11-21 09:39:43.600,2948.2000,419,0,52243980.000,0,-,-,-,-,2948.0000,2947.8000,2947.2000,2947.0000,2943.6000,2949.8000,2950.0000,2950.4000,2952.0000,2953.0000,1,1,1,1,1,2,1,1,1,1
SF,IH2001,2019-11-21 09:39:44.100,2948.2000,419,0,52243980.000,0,-,-,-,-,2948.8000,2947.8000,2947.2000,2947.0000,2943.6000,2949.6000,2949.8000,2950.0000,2952.0000,2953.0000,1,1,1,1,1,1,2,1,1,1
SF,IH2001,2019-11-21 09:39:44.600,2948.8000,420,1,53128620.000,1,1,0,双开,S,2949.0000,2948.2000,2947.8000,2947.2000,2947.0000,2949.4000,2949.6000,2950.0000,2952.0000,2953.0000,1,1,1,1,1,2,1,1,1,1
SF,IH2001,2019-11-21 09:39:45.100,2949.0000,419,-1,54013320.000,1,0,1,双平,S,2948.4000,2948.2000,2947.2000,2947.0000,2943.6000,2949.2000,2949.4000,2949.6000,2952.0000,2953.0000,1,1,1,1,1,1,1,1,1,1
SF,IH2001,2019-11-21 09:39:45.600,2949.0000,419,0,54013320.000,0,-,-,-,-,2948.4000,2948.2000,2947.2000,2947.0000,2943.6000,2949.6000,2952.0000,2953.0000,2954.6000,2955.0000,1,1,1,1,1,1,1,1,1,3
SF,IH2001,2019-11-21 09:39:46.100,2949.0000,419,0,54013320.000,0,-,-,-,-,2948.4000,2948.2000,2947.2000,2947.0000,2943.6000,2949.4000,2949.6000,2952.0000,2953.0000,2954.6000,1,1,1,1,1,1,1,1,1,1
SF,IH2001,2019-11-21 09:39:47.100,2949.0000,419,0,54013320.000,0,-,-,-,-,2947.8000,2947.0000,2943.6000,2941.2000,2903.6000,2949.2000,2949.4000,2949.6000,2952.0000,2953.0000,1,1,1,5,5,1,1,1,1,1
SF,IH2001,2019-11-21 09:39:47.600,2949.0000,419,0,54013320.000,0,-,-,-,-,2948.0000,2947.8000,2947.0000,2943.6000,2941.2000,2949.2000,2949.4000,2949.6000,2952.0000,2953.0000,1,1,1,1,5,1,1,1,1,1
SF,IH2001,2019-11-21 09:39:48.100,2949.0000,419,0,54013320.000,0,-,-,-,-,2948.6000,2948.0000,2947.0000,2943.6000,2941.2000,2949.2000,2949.4000,2949.6000,2952.0000,2953.0000,1,1,1,1,5,1,1,1,1,1
SF,IH2001,2019-11-21 09:39:48.600,2949.0000,419,0,54013320.000,0,-,-,-,-,2948.6000,2947.0000,2943.6000,2941.2000,2903.6000,2949.2000,2949.4000,2949.6000,2952.0000,2953.0000,1,1,1,5,5,1,1,1,1,1
SF,IH2001,2019-11-21 09:39:49.100,2948.6000,420,1,54897900.000,1,1,0,双开,S,2947.0000,2943.6000,2941.2000,2903.6000,2890.0000,2949.2000,2949.4000,2949.6000,2952.0000,2953.0000,1,1,5,5,1,1,1,1,1,1
SF,IH2001,2019-11-21 09:39:49.600,2948.6000,420,0,54897900.000,0,-,-,-,-,2948.4000,2947.2000,2947.0000,2943.6000,2941.2000,2949.2000,2949.4000,2949.6000,2952.0000,2953.0000,1,4,1,1,5,1,1,1,1,1
