市场代码,合约代码,时间,最新,持仓,增仓,成交额,成交量,开仓,平仓,成交类型,方向,买一价,买二价,买三价,买四价,买五价,卖一价,卖二价,卖三价,卖四价,卖五价,买一量,买二量,买三量,买四量,买五量,卖一量,卖二量,卖三量,卖四量,卖五量
SF,IH2005,2020-04-16 09:29:00.300,2721.8000,11726,0,16330800.000,20.000,-,-,-,-,2721.8000,2721.4000,2721.2000,2721.0000,2720.8000,2724.2000,2724.6000,2725.0000,2725.6000,2725.8000,1,1,2,2,2,1,1,1,1,1
SF,IH2005,2020-04-16 09:30:00.300,2724.0000,11724,-2,23684100.000,9,3,6,多平,S,2721.4000,2721.2000,2721.0000,2720.8000,2720.6000,2724.0000,2724.2000,2724.6000,2725.0000,2725.6000,1,2,2,2,1,4,1,1,1,1
SF,IH2005,2020-04-16 09:30:00.800,2724.2000,11722,-2,26952540.000,4,1,3,多平,S,2724.4000,2724.0000,2722.4000,2722.2000,2722.0000,2724.6000,2725.0000,2725.6000,2726.2000,2728.8000,2,1,1,3,8,1,1,1,1,1
SF,IH2005,2020-04-16 09:30:01.300,2724.6000,11716,-6,35124360.000,10,2,8,多平,S,2724.8000,2722.2000,2722.0000,2721.8000,2721.6000,2725.0000,2725.6000,2726.2000,2728.8000,2729.6000,1,3,8,2,6,1,1,1,1,1
SF,IH2005,2020-04-16 09:30:01.800,2725.0000,11713,-3,37576740.000,3,0,3,双平,S,2725.4000,2724.6000,2724.0000,2722.2000,2722.0000,2725.6000,2726.2000,2728.8000,2730.0000,2737.6000,1,2,2,3,8,1,1,1,2,1
SF,IH2005,2020-04-16 09:30:02.300,2724.6000,11712,-1,39211620.000,2,0,2,多平,S,2724.6000,2724.0000,2722.2000,2722.0000,2721.8000,2725.4000,2726.2000,2728.8000,2730.0000,2732.2000,2,2,2,8,2,3,1,1,2,5
SF,IH2005,2020-04-16 09:30:02.800,2725.4000,11710,-2,44934720.000,7,2,5,多平,S,2724.8000,2724.6000,2724.0000,2722.2000,2722.0000,2726.2000,2728.8000,2730.0000,2732.2000,2737.6000,4,1,2,2,6,1,1,2,5,1
SF,IH2005,2020-04-16 09:30:03.300,2725.4000,11709,-1,45752340.000,1,0,1,双平,S,2725.6000,2725.4000,2724.8000,2724.6000,2724.2000,2725.8000,2726.0000,2726.2000,2728.8000,2730.0000,1,5,1,1,1,1,2,1,1,2
SF,IH2005,2020-04-16 09:30:03.800,2725.8000,11706,-3,49840800.000,5,1,4,多平,S,2725.4000,2725.0000,2724.6000,2724.2000,2724.0000,2726.0000,2726.2000,2728.8000,2730.0000,2732.2000,5,1,1,1,2,1,1,1,2,5
SF,IH2005,2020-04-16 09:30:04.300,2726.0000,11705,-1,53111880.000,4,1,3,多平,S,2726.0000,2725.8000,2725.4000,2725.0000,2724.6000,2728.8000,2730.0000,2732.2000,2737.6000,2740.0000,3,1,5,1,1,1,2,5,1,1
SF,IH2005,2020-04-16 09:30:04.800,2726.2000,11708,3,65377380.000,15,9,6,空开,S,2724.2000,2724.0000,2723.0000,2722.2000,2722.0000,2725.2000,2727.4000,2727.8000,2728.0000,2728.6000,1,2,1,2,6,1,1,1,1,8
SF,IH2005,2020-04-16 09:30:05.300,2726.0000,11707,-1,67012920.000,2,0,2,多平,S,2725.4000,2724.2000,2724.0000,2723.0000,2722.2000,2727.4000,2727.8000,2728.0000,2728.6000,2728.8000,1,1,2,1,2,1,1,2,4,1
SF,IH2005,2020-04-16 09:30:05.800,2726.0000,11707,0,67012920.000,0,-,-,-,-,2725.4000,2724.2000,2724.0000,2723.0000,2722.2000,2726.2000,2726.4000,2727.2000,2727.4000,2727.8000,1,1,2,2,2,2,2,3,1,1
SF,IH2005,2020-04-16 09:30:06.300,2725.4000,11707,0,67830540.000,1,0,1,多换,S,2724.2000,2724.0000,2723.0000,2722.2000,2722.0000,2725.2000,2726.2000,2726.4000,2727.2000,2727.4000,1,2,2,2,6,1,3,2,3,2
SF,IH2005,2020-04-16 09:30:06.800,2725.2000,11707,0,68648100.000,1,0,1,多换,S,2725.2000,2724.2000,2724.0000,2723.0000,2722.2000,2726.2000,2726.4000,2727.2000,2727.4000,2727.8000,1,1,2,2,2,3,2,2,2,1
SF,IH2005,2020-04-16 09:30:07.300,2727.2000,11702,-5,74373840.000,7,1,6,多平,S,2725.2000,2724.2000,2724.0000,2723.0000,2722.2000,2727.4000,2727.8000,2728.0000,2728.6000,2728.8000,1,1,2,2,2,2,1,1,2,1
SF,IH2005,2020-04-16 09:30:07.800,2727.2000,11702,0,74373840.000,0,-,-,-,-,2725.6000,2725.2000,2724.2000,2724.0000,2723.0000,2727.0000,2727.4000,2727.8000,2728.0000,2728.6000,1,1,1,2,2,1,2,1,1,2
SF,IH2005,2020-04-16 09:30:08.300,2726.0000,11702,0,75191640.000,1,0,1,多换,S,2725.6000,2724.2000,2724.0000,2723.0000,2722.2000,2727.0000,2727.2000,2727.4000,2727.8000,2728.0000,1,1,2,2,2,1,3,2,1,1
SF,IH2005,2020-04-16 09:30:08.800,2726.0000,11702,0,75191640.000,0,-,-,-,-,2726.2000,2724.2000,2724.0000,2723.0000,2722.2000,2726.8000,2727.0000,2727.2000,2727.4000,2727.8000,1,1,2,2,2,1,1,3,1,1
SF,IH2005,2020-04-16 09:30:09.300,2726.0000,11700,-2,76827240.000,2,0,2,双平,S,2725.2000,2724.2000,2724.0000,2723.0000,2722.2000,2726.2000,2726.8000,2727.0000,2727.2000,2727.4000,1,1,2,2,2,1,1,3,3,1
SF,IH2005,2020-04-16 09:30:09.800,2726.4000,11702,2,79280940.000,3,2,1,空开,S,2725.2000,2724.2000,2724.0000,2723.0000,2722.2000,2726.8000,2727.0000,2727.2000,2727.4000,2727.8000,1,1,2,2,2,1,3,3,1,1
SF,IH2005,2020-04-16 09:30:10.300,2725.4000,11700,-2,81734460.000,3,0,3,多平,S,2725.2000,2724.2000,2724.0000,2723.0000,2722.2000,2727.0000,2727.2000,2727.4000,2727.8000,2728.0000,1,1,2,2,2,6,4,1,1,2
SF,IH2005,2020-04-16 09:30:10.800,2726.8000,11700,0,83370120.000,2,1,1,多换,S,2725.4000,2725.2000,2724.2000,2724.0000,2723.0000,2726.6000,2727.0000,2727.2000,2727.4000,2727.8000,3,1,1,2,2,1,6,6,1,1
SF,IH2005,2020-04-16 09:30:11.300,2725.4000,11694,-6,89094000.000,7,0,7,多平,S,2725.2000,2724.2000,2724.0000,2723.0000,2722.2000,2726.8000,2727.0000,2727.2000,2727.4000,2727.8000,1,1,2,2,2,6,6,6,1,1
SF,IH2005,2020-04-16 09:30:11.800,2726.6000,11694,0,89911980.000,1,0,1,多换,S,2725.6000,2725.4000,2725.2000,2724.2000,2724.0000,2726.6000,2726.8000,2727.0000,2727.2000,2727.8000,1,4,1,1,2,3,7,6,6,1
SF,IH2005,2020-04-16 09:30:12.300,2726.6000,11691,-3,94819860.000,6,1,5,多平,S,2726.0000,2725.8000,2725.6000,2725.4000,2725.2000,2726.8000,2727.0000,2727.2000,2728.0000,2728.8000,1,6,3,4,1,6,11,6,2,1
SF,IH2005,2020-04-16 09:30:12.800,2726.2000,11688,-3,98909880.000,5,1,4,多平,S,2725.8000,2725.6000,2725.4000,2725.2000,2724.2000,2726.8000,2727.0000,2727.2000,2728.0000,2728.8000,6,2,1,1,1,5,11,6,2,1
SF,IH2005,2020-04-16 09:30:13.300,2726.4000,11687,-1,101363160.000,3,1,2,多平,S,2725.4000,2725.2000,2724.2000,2723.0000,2722.0000,2725.8000,2726.4000,2726.8000,2727.0000,2727.2000,1,1,1,2,2,2,1,5,11,6
SF,IH2005,2020-04-16 09:30:13.800,2725.8000,11687,0,102998640.000,2,1,1,多换,S,2725.8000,2725.6000,2725.4000,2725.2000,2724.2000,2726.4000,2726.8000,2727.0000,2727.2000,2727.8000,1,6,3,1,1,1,5,11,6,1
SF,IH2005,2020-04-16 09:30:14.300,2725.8000,11686,-1,103816380.000,1,0,1,双平,S,2725.4000,2725.2000,2724.2000,2723.0000,2722.0000,2726.0000,2726.4000,2726.6000,2726.8000,2727.0000,3,1,1,3,2,1,1,5,5,11
SF,IH2005,2020-04-16 09:30:14.800,2725.4000,11686,0,107087040.000,4,2,2,多换,S,2725.2000,2724.2000,2723.0000,2722.0000,2721.6000,2726.2000,2726.4000,2726.6000,2726.8000,2727.0000,1,1,3,2,2,3,1,5,5,11
SF,IH2005,2020-04-16 09:30:15.300,2726.2000,11687,1,107904900.000,1,1,0,双开,S,2725.8000,2725.6000,2725.2000,2724.2000,2723.0000,2726.0000,2726.2000,2726.4000,2726.6000,2726.8000,1,1,1,1,3,1,2,1,5,5
SF,IH2005,2020-04-16 09:30:15.800,2726.2000,11680,-7,116900280.000,11,2,9,多平,S,2725.2000,2724.2000,2723.0000,2722.0000,2721.6000,2726.4000,2726.6000,2726.8000,2727.0000,2727.2000,1,1,3,2,2,1,5,5,11,6
SF,IH2005,2020-04-16 09:30:16.300,2726.2000,11680,0,117718140.000,1,0,1,多换,S,2725.4000,2725.2000,2724.2000,2723.0000,2722.0000,2726.4000,2726.6000,2726.8000,2727.0000,2727.2000,1,1,1,3,2,1,5,5,11,6
SF,IH2005,2020-04-16 09:30:16.800,2726.2000,11680,0,117718140.000,0,-,-,-,-,2726.0000,2725.4000,2725.2000,2724.4000,2724.2000,2726.4000,2726.6000,2726.8000,2727.0000,2727.2000,1,1,1,1,1,1,5,5,11,6
SF,IH2005,2020-04-16 09:30:17.300,2725.4000,11680,0,119353560.000,2,1,1,多换,S,2725.2000,2724.4000,2723.0000,2722.0000,2721.6000,2725.6000,2726.0000,2726.4000,2726.6000,2726.8000,1,1,3,2,2,2,2,2,8,5
SF,IH2005,2020-04-16 09:30:17.800,2725.8000,11679,-1,120988980.000,2,0,2,多平,S,2725.2000,2724.4000,2723.0000,2722.0000,2721.6000,2725.8000,2726.0000,2726.4000,2726.6000,2726.8000,1,1,3,2,2,2,1,2,8,5
SF,IH2005,2020-04-16 09:30:18.300,2724.4000,11678,-1,122623860.000,2,0,2,多平,S,2723.0000,2722.0000,2721.6000,2721.4000,2721.2000,2724.4000,2725.8000,2726.0000,2726.4000,2726.6000,3,2,2,2,2,1,2,1,2,8
SF,IH2005,2020-04-16 09:30:18.800,2724.6000,11678,0,125076300.000,3,1,2,多换,S,2725.2000,2724.4000,2724.2000,2723.8000,2723.6000,2725.8000,2726.0000,2726.4000,2726.6000,2726.8000,1,3,1,2,1,1,1,1,8,5
SF,IH2005,2020-04-16 09:30:19.300,2725.2000,11676,-2,127529400.000,3,0,3,多平,S,2723.6000,2723.4000,2723.2000,2723.0000,2722.0000,2726.4000,2726.6000,2726.8000,2727.0000,2727.2000,1,2,10,3,2,1,8,5,11,6
SF,IH2005,2020-04-16 09:30:19.800,2725.2000,11676,0,127529400.000,0,-,-,-,-,2724.4000,2724.0000,2723.8000,2723.6000,2723.4000,2725.8000,2726.0000,2726.2000,2726.4000,2726.6000,1,1,10,3,2,1,1,2,1,8
SF,IH2005,2020-04-16 09:30:20.300,2725.8000,11676,0,128347140.000,1,0,1,多换,S,2724.6000,2724.4000,2724.0000,2723.8000,2723.6000,2726.0000,2726.2000,2726.4000,2726.6000,2726.8000,9,1,1,1,3,4,2,1,8,6
SF,IH2005,2020-04-16 09:30:20.800,2724.6000,11676,0,129164520.000,1,0,1,多换,S,2724.6000,2724.0000,2723.8000,2723.6000,2723.4000,2725.6000,2726.0000,2726.2000,2726.4000,2726.6000,7,1,1,3,2,1,3,5,1,8
SF,IH2005,2020-04-16 09:30:21.300,2724.6000,11676,0,129981900.000,1,0,1,多换,S,2724.6000,2724.0000,2723.8000,2723.6000,2723.4000,2725.6000,2726.0000,2726.2000,2726.4000,2726.6000,7,1,1,3,2,1,3,5,1,8
SF,IH2005,2020-04-16 09:30:21.800,2725.6000,11675,-1,130799580.000,1,0,1,双平,S,2724.6000,2724.0000,2723.8000,2723.6000,2723.4000,2725.2000,2726.0000,2726.2000,2726.4000,2726.6000,7,1,1,3,2,1,3,5,1,8
SF,IH2005,2020-04-16 09:30:22.300,2726.2000,11677,2,135706020.000,6,4,2,空开,S,2725.2000,2724.8000,2724.6000,2724.4000,2723.6000,2726.2000,2726.4000,2726.6000,2726.8000,2727.0000,2,1,7,1,3,4,1,8,6,11
SF,IH2005,2020-04-16 09:30:22.800,2726.0000,11677,0,140612940.000,6,3,3,多换,S,2725.4000,2725.2000,2724.6000,2724.4000,2723.6000,2726.4000,2726.6000,2726.8000,2727.0000,2727.2000,2,3,5,2,3,1,8,6,11,6
SF,IH2005,2020-04-16 09:30:23.300,2726.0000,11677,0,140612940.000,0,-,-,-,-,2725.4000,2725.2000,2724.6000,2724.4000,2723.6000,2725.6000,2726.4000,2726.6000,2726.8000,2727.0000,2,7,5,1,3,1,1,11,6,11
SF,IH2005,2020-04-16 09:30:23.800,2725.4000,11675,-2,142248240.000,2,0,2,双平,S,2725.6000,2725.4000,2725.2000,2724.6000,2724.4000,2725.8000,2726.4000,2726.6000,2726.8000,2727.0000,1,1,7,5,1,3,1,11,6,11
SF,IH2005,2020-04-16 09:30:24.300,2725.8000,11675,0,143883660.000,2,1,1,多换,S,2725.6000,2725.2000,2724.6000,2724.4000,2723.6000,2725.8000,2726.4000,2726.6000,2726.8000,2727.0000,1,7,5,1,3,2,1,11,6,11
SF,IH2005,2020-04-16 09:30:24.800,2725.6000,11675,0,145519080.000,2,1,1,多换,S,2725.2000,2724.6000,2724.4000,2723.6000,2723.4000,2725.8000,2726.4000,2726.6000,2726.8000,2727.0000,7,5,1,3,2,1,1,11,6,11
SF,IH2005,2020-04-16 09:30:25.300,2725.8000,11675,0,146336820.000,1,0,1,多换,S,2725.2000,2724.6000,2724.4000,2723.6000,2723.4000,2726.4000,2726.6000,2726.8000,2727.0000,2727.2000,7,5,1,3,2,1,11,6,11,6
SF,IH2005,2020-04-16 09:30:25.800,2726.6000,11675,0,148790280.000,3,1,2,多换,S,2726.4000,2725.2000,2724.6000,2724.4000,2723.6000,2726.6000,2726.8000,2727.0000,2727.2000,2727.8000,1,6,6,1,3,10,6,11,6,2
SF,IH2005,2020-04-16 09:30:26.300,2726.4000,11674,-1,150426120.000,2,0,2,多平,S,2725.4000,2725.2000,2724.6000,2724.4000,2723.6000,2726.4000,2726.6000,2726.8000,2727.0000,2727.2000,1,5,6,1,3,3,10,11,11,6
SF,IH2005,2020-04-16 09:30:26.800,2726.4000,11674,0,150426120.000,0,-,-,-,-,2725.4000,2725.2000,2725.0000,2724.6000,2724.4000,2726.4000,2726.6000,2726.8000,2727.0000,2727.2000,1,4,1,6,1,2,10,11,11,6
SF,IH2005,2020-04-16 09:30:27.300,2726.6000,11675,1,152879640.000,3,2,1,空开,S,2726.4000,2725.2000,2725.0000,2724.6000,2724.4000,2726.6000,2726.8000,2727.0000,2727.2000,2727.8000,2,4,1,6,1,9,11,11,6,2
SF,IH2005,2020-04-16 09:30:27.800,2726.4000,11675,0,155333400.000,3,1,2,多换,S,2725.2000,2725.0000,2724.6000,2724.4000,2723.6000,2726.4000,2726.6000,2726.8000,2727.0000,2727.2000,4,1,6,1,3,1,9,11,11,5
SF,IH2005,2020-04-16 09:30:28.300,2726.4000,11675,0,155333400.000,0,-,-,-,-,2725.2000,2725.0000,2724.6000,2724.4000,2723.6000,2726.2000,2726.4000,2726.6000,2726.8000,2727.0000,3,1,6,1,3,2,1,9,11,11
SF,IH2005,2020-04-16 09:30:28.800,2726.2000,11673,-2,156968820.000,2,0,2,双平,S,2725.2000,2725.0000,2724.6000,2724.4000,2723.6000,2726.2000,2726.4000,2726.6000,2726.8000,2727.0000,2,1,6,1,3,1,2,9,11,11
SF,IH2005,2020-04-16 09:30:29.300,2726.2000,11673,0,156968820.000,0,-,-,-,-,2726.2000,2725.4000,2725.2000,2725.0000,2724.6000,2726.4000,2726.6000,2726.8000,2727.0000,2727.2000,2,2,2,1,6,5,9,11,11,5
SF,IH2005,2020-04-16 09:30:29.800,2726.2000,11671,-2,158604540.000,2,0,2,双平,S,2725.4000,2725.2000,2725.0000,2724.6000,2724.4000,2726.0000,2726.2000,2726.4000,2726.6000,2726.8000,1,1,1,6,1,1,1,5,9,11
SF,IH2005,2020-04-16 09:30:30.300,2726.2000,11671,0,158604540.000,0,-,-,-,-,2725.6000,2725.4000,2725.2000,2725.0000,2724.6000,2726.2000,2726.4000,2726.6000,2726.8000,2727.0000,1,1,1,1,6,1,5,12,11,11
SF,IH2005,2020-04-16 09:30:30.800,2726.2000,11671,0,159422400.000,1,0,1,多换,S,2725.6000,2725.4000,2725.2000,2725.0000,2724.6000,2726.4000,2726.6000,2726.8000,2727.0000,2727.2000,6,1,1,1,1,5,12,11,11,6
SF,IH2005,2020-04-16 09:30:31.300,2726.2000,11671,0,159422400.000,0,-,-,-,-,2725.4000,2725.2000,2725.0000,2724.6000,2724.4000,2726.4000,2726.6000,2726.8000,2727.0000,2727.2000,1,1,1,1,1,5,12,11,11,6
SF,IH2005,2020-04-16 09:30:31.800,2726.4000,11670,-1,160240320.000,1,0,1,双平,S,2726.2000,2725.8000,2725.4000,2725.2000,2725.0000,2726.4000,2726.6000,2726.8000,2727.0000,2727.2000,1,5,1,1,1,4,12,11,11,6
SF,IH2005,2020-04-16 09:30:32.300,2726.2000,11670,0,161058180.000,1,0,1,多换,S,2725.8000,2725.4000,2725.2000,2725.0000,2724.6000,2726.4000,2726.6000,2726.8000,2727.0000,2727.2000,5,1,1,1,1,4,12,11,11,6
SF,IH2005,2020-04-16 09:30:32.800,2726.4000,11669,-1,162694020.000,2,0,2,多平,S,2725.8000,2725.4000,2725.0000,2724.6000,2724.4000,2726.4000,2726.6000,2726.8000,2727.0000,2727.2000,1,1,1,1,1,2,12,11,11,6
SF,IH2005,2020-04-16 09:30:33.300,2726.4000,11669,0,164329860.000,2,1,1,多换,S,2726.0000,2725.4000,2725.0000,2724.6000,2724.4000,2726.6000,2726.8000,2727.0000,2727.2000,2727.8000,3,1,1,1,1,12,11,11,6,2
SF,IH2005,2020-04-16 09:30:33.800,2726.4000,11669,0,164329860.000,0,-,-,-,-,2726.2000,2726.0000,2725.8000,2725.4000,2725.0000,2726.6000,2726.8000,2727.0000,2727.2000,2727.8000,1,3,1,1,1,12,11,11,6,2
SF,IH2005,2020-04-16 09:30:34.300,2726.6000,11670,1,165965820.000,2,1,1,空开,S,2726.2000,2726.0000,2725.8000,2725.4000,2725.0000,2726.6000,2726.8000,2727.0000,2727.2000,2727.8000,1,3,1,1,1,10,11,11,6,2
SF,IH2005,2020-04-16 09:30:34.800,2726.6000,11670,0,167601780.000,2,1,1,多换,S,2726.2000,2726.0000,2725.4000,2725.0000,2724.6000,2726.6000,2726.8000,2727.0000,2727.2000,2727.8000,1,3,1,1,1,8,11,11,6,2
SF,IH2005,2020-04-16 09:30:35.300,2726.8000,11672,2,176599740.000,11,6,5,空开,S,2726.6000,2726.2000,2726.0000,2725.4000,2725.0000,2726.8000,2727.0000,2727.2000,2727.8000,2728.0000,1,1,3,1,1,8,11,6,2,3
SF,IH2005,2020-04-16 09:30:35.800,2726.8000,11672,0,183144060.000,8,4,4,多换,S,2726.6000,2726.2000,2726.0000,2725.4000,2725.0000,2727.0000,2727.2000,2727.8000,2728.0000,2728.8000,4,1,3,1,1,11,6,2,2,1
SF,IH2005,2020-04-16 09:30:36.300,2726.6000,11671,-1,187233960.000,5,2,3,多平,S,2726.4000,2726.2000,2726.0000,2725.4000,2725.0000,2727.0000,2727.2000,2727.8000,2728.0000,2728.8000,1,1,3,1,1,11,6,2,2,1
SF,IH2005,2020-04-16 09:30:36.800,2726.6000,11671,0,187233960.000,0,-,-,-,-,2726.2000,2726.0000,2725.4000,2725.0000,2724.6000,2726.6000,2727.0000,2727.2000,2727.8000,2728.0000,1,3,1,1,1,1,11,6,2,2
SF,IH2005,2020-04-16 09:30:37.800,2726.2000,11671,0,188051820.000,1,0,1,多换,S,2726.0000,2725.4000,2725.0000,2724.6000,2724.4000,2726.2000,2726.6000,2727.0000,2727.2000,2727.8000,3,1,1,1,1,1,1,11,6,2
SF,IH2005,2020-04-16 09:30:38.300,2726.6000,11670,-1,191323260.000,4,1,3,多平,S,2726.6000,2726.2000,2725.4000,2725.0000,2724.6000,2727.0000,2727.2000,2727.8000,2728.0000,2728.8000,4,1,1,1,1,11,6,2,2,1
SF,IH2005,2020-04-16 09:30:38.800,2726.6000,11670,0,191323260.000,0,-,-,-,-,2726.6000,2726.2000,2725.4000,2725.0000,2724.6000,2727.0000,2727.2000,2727.8000,2728.0000,2728.8000,12,1,1,1,1,11,6,2,2,1
SF,IH2005,2020-04-16 09:30:39.300,2726.6000,11670,0,191323260.000,0,-,-,-,-,2726.6000,2726.2000,2725.4000,2725.0000,2724.4000,2727.0000,2727.2000,2727.8000,2728.0000,2728.8000,12,1,1,1,1,11,6,2,2,1
SF,IH2005,2020-04-16 09:30:39.800,2726.6000,11670,0,191323260.000,0,-,-,-,-,2726.6000,2726.2000,2725.4000,2725.0000,2724.4000,2727.0000,2727.2000,2727.8000,2728.0000,2728.8000,12,1,1,1,1,11,6,2,2,1
SF,IH2005,2020-04-16 09:30:40.300,2727.0000,11670,0,192959340.000,2,1,1,多换,S,2726.6000,2726.2000,2725.4000,2725.0000,2724.4000,2726.8000,2727.0000,2727.2000,2727.8000,2728.0000,11,1,1,1,1,1,10,6,2,2
SF,IH2005,2020-04-16 09:30:40.800,2727.0000,11669,-1,193777440.000,1,0,1,双平,S,2726.6000,2726.2000,2725.4000,2725.0000,2724.4000,2727.0000,2727.2000,2727.8000,2728.0000,2728.8000,11,1,1,1,1,10,6,2,2,1
SF,IH2005,2020-04-16 09:30:41.800,2727.0000,11670,1,199504140.000,7,4,3,空开,S,2726.6000,2726.2000,2725.4000,2725.0000,2724.4000,2727.0000,2727.2000,2727.8000,2728.0000,2728.8000,11,1,1,1,1,3,6,2,2,1
SF,IH2005,2020-04-16 09:30:42.300,2726.6000,11669,-1,200322120.000,1,0,1,双平,S,2726.6000,2726.2000,2725.4000,2725.0000,2724.4000,2727.0000,2727.2000,2727.8000,2728.0000,2728.8000,10,1,1,1,1,3,6,2,2,1
SF,IH2005,2020-04-16 09:30:43.300,2727.0000,11669,0,202776420.000,3,1,2,多换,S,2726.6000,2726.2000,2725.4000,2725.0000,2724.4000,2727.2000,2727.8000,2728.0000,2728.8000,2730.0000,10,1,1,1,1,6,2,2,1,1
SF,IH2005,2020-04-16 09:30:43.800,2727.0000,11669,0,202776420.000,0,-,-,-,-,2727.0000,2726.6000,2726.2000,2725.4000,2725.0000,2727.2000,2727.8000,2728.0000,2728.8000,2729.4000,1,10,1,1,1,6,2,2,1,1
SF,IH2005,2020-04-16 09:30:44.300,2727.0000,11669,0,203594520.000,1,0,1,多换,S,2726.6000,2726.2000,2725.4000,2725.0000,2724.4000,2727.0000,2727.2000,2727.8000,2728.0000,2728.8000,10,1,1,1,1,1,7,2,2,1
SF,IH2005,2020-04-16 09:30:44.800,2727.0000,11669,0,203594520.000,0,-,-,-,-,2726.6000,2726.2000,2725.4000,2725.0000,2724.4000,2727.0000,2727.2000,2727.8000,2728.0000,2728.8000,10,1,1,1,1,1,6,2,2,1
SF,IH2005,2020-04-16 09:30:45.300,2727.0000,11669,0,204412620.000,1,0,1,多换,S,2726.6000,2726.2000,2725.4000,2725.0000,2724.4000,2727.2000,2727.8000,2728.0000,2728.8000,2729.4000,10,1,1,1,1,6,2,2,1,1
SF,IH2005,2020-04-16 09:30:45.800,2727.0000,11669,0,204412620.000,0,-,-,-,-,2726.8000,2726.6000,2726.2000,2725.4000,2725.0000,2727.0000,2727.2000,2727.8000,2728.0000,2728.8000,1,10,1,1,1,1,6,2,2,1
SF,IH2005,2020-04-16 09:30:46.300,2727.2000,11668,-1,206867040.000,3,1,2,多平,S,2727.0000,2726.8000,2726.6000,2726.2000,2725.4000,2727.2000,2727.8000,2728.0000,2728.8000,2729.4000,2,1,11,1,1,4,2,2,1,1
SF,IH2005,2020-04-16 09:30:46.800,2727.2000,11669,1,210139680.000,4,2,2,空开,S,2727.2000,2727.0000,2726.6000,2726.2000,2725.4000,2727.8000,2728.0000,2728.8000,2729.4000,2730.0000,1,3,11,1,1,2,2,1,1,2
SF,IH2005,2020-04-16 09:30:47.300,2727.2000,11668,-1,210957840.000,1,0,1,双平,S,2727.4000,2727.0000,2726.6000,2726.2000,2725.4000,2727.6000,2727.8000,2728.0000,2728.8000,2729.4000,1,2,11,1,1,2,2,2,1,1
SF,IH2005,2020-04-16 09:30:47.800,2727.4000,11668,0,211776060.000,1,0,1,多换,S,2726.6000,2726.2000,2725.4000,2725.0000,2724.4000,2727.6000,2727.8000,2728.0000,2728.8000,2729.4000,11,1,1,1,1,1,2,2,1,1
SF,IH2005,2020-04-16 09:30:48.300,2727.6000,11667,-1,212594340.000,1,0,1,双平,S,2726.8000,2726.6000,2726.2000,2725.4000,2725.0000,2727.8000,2728.0000,2728.8000,2729.4000,2730.0000,5,9,1,1,1,6,2,1,1,2
SF,IH2005,2020-04-16 09:30:48.800,2727.4000,11665,-2,215049120.000,3,0,3,多平,S,2726.6000,2726.2000,2725.4000,2725.0000,2724.4000,2726.8000,2727.8000,2728.0000,2728.8000,2729.4000,9,1,1,1,1,2,4,2,1,1
SF,IH2005,2020-04-16 09:30:49.300,2727.4000,11665,0,215049120.000,0,-,-,-,-,2726.6000,2726.2000,2725.4000,2725.0000,2724.4000,2726.8000,2727.0000,2727.8000,2728.0000,2728.8000,9,1,1,1,1,2,3,4,2,1
SF,IH2005,2020-04-16 09:30:49.800,2727.4000,11665,0,215867340.000,1,0,1,多换,S,2726.6000,2726.2000,2725.4000,2725.0000,2724.4000,2726.8000,2727.0000,2727.8000,2728.0000,2728.8000,8,1,1,1,1,1,3,4,2,1
SF,IH2005,2020-04-16 09:30:50.300,2727.0000,11664,-1,216685440.000,1,0,1,双平,S,2726.6000,2726.2000,2725.4000,2725.0000,2724.4000,2727.0000,2727.8000,2728.0000,2728.8000,2729.4000,8,1,1,1,1,3,4,2,1,1
SF,IH2005,2020-04-16 09:30:50.800,2727.0000,11664,0,218321520.000,2,1,1,多换,S,2726.6000,2726.2000,2725.4000,2725.0000,2724.4000,2727.0000,2727.2000,2727.8000,2728.0000,2728.8000,6,1,1,1,1,2,3,4,2,1
SF,IH2005,2020-04-16 09:30:51.300,2727.0000,11664,0,218321520.000,0,-,-,-,-,2726.6000,2726.2000,2725.4000,2725.0000,2724.4000,2727.0000,2727.2000,2727.8000,2728.0000,2728.8000,6,1,1,1,1,2,5,4,2,1
SF,IH2005,2020-04-16 09:30:51.800,2727.0000,11664,0,218321520.000,0,-,-,-,-,2726.8000,2726.6000,2726.4000,2726.2000,2725.4000,2727.0000,2727.2000,2727.8000,2728.0000,2728.8000,6,6,1,1,1,2,5,4,2,1
SF,IH2005,2020-04-16 09:30:52.800,2726.8000,11664,0,219957660.000,2,1,1,多换,S,2726.8000,2726.6000,2726.4000,2726.2000,2725.4000,2727.0000,2727.2000,2727.8000,2728.0000,2728.8000,5,6,1,1,1,1,5,4,2,1
SF,IH2005,2020-04-16 09:30:53.300,2727.0000,11664,0,220775760.000,1,0,1,多换,S,2726.8000,2726.6000,2726.4000,2726.2000,2725.4000,2727.2000,2727.8000,2728.0000,2728.8000,2729.4000,5,6,1,1,1,5,4,2,1,1
SF,IH2005,2020-04-16 09:30:53.800,2727.0000,11664,0,220775760.000,0,-,-,-,-,2726.8000,2726.6000,2726.4000,2726.2000,2725.4000,2727.2000,2727.4000,2727.8000,2728.0000,2728.8000,5,6,1,1,1,5,4,4,2,1
SF,IH2005,2020-04-16 09:30:54.300,2727.0000,11664,0,220775760.000,0,-,-,-,-,2726.8000,2726.6000,2726.4000,2726.2000,2725.4000,2727.0000,2727.2000,2727.4000,2727.8000,2728.0000,5,6,1,1,1,5,5,9,4,2
SF,IH2005,2020-04-16 09:30:54.800,2727.0000,11663,-1,223229940.000,3,1,2,多平,S,2726.8000,2726.6000,2726.4000,2726.2000,2725.4000,2727.0000,2727.2000,2727.4000,2727.8000,2728.0000,3,5,1,1,1,4,10,9,4,2
SF,IH2005,2020-04-16 09:30:55.300,2726.4000,11665,2,234682440.000,14,8,6,空开,S,2726.2000,2725.4000,2725.0000,2724.4000,2724.0000,2727.2000,2727.4000,2727.8000,2728.0000,2728.8000,1,1,1,1,7,9,9,4,2,1
SF,IH2005,2020-04-16 09:30:55.800,2726.4000,11665,0,234682440.000,0,-,-,-,-,2726.4000,2726.2000,2725.4000,2725.0000,2724.4000,2727.2000,2727.4000,2727.8000,2728.0000,2728.8000,1,1,1,1,1,9,9,4,2,1
SF,IH2005,2020-04-16 09:30:56.300,2727.2000,11665,0,236318760.000,2,1,1,多换,S,2726.8000,2726.4000,2726.2000,2726.0000,2725.4000,2727.2000,2727.4000,2727.8000,2728.0000,2728.8000,1,3,1,1,1,7,9,4,2,1
SF,IH2005,2020-04-16 09:30:56.800,2727.2000,11665,0,236318760.000,0,-,-,-,-,2726.2000,2726.0000,2725.4000,2725.0000,2724.4000,2727.2000,2727.4000,2727.8000,2728.0000,2728.8000,1,1,1,1,1,7,9,4,2,1
SF,IH2005,2020-04-16 09:30:57.300,2727.2000,11665,0,236318760.000,0,-,-,-,-,2726.2000,2726.0000,2725.4000,2725.0000,2724.4000,2726.8000,2727.2000,2727.4000,2727.8000,2728.0000,1,1,1,1,1,1,7,10,4,2
SF,IH2005,2020-04-16 09:30:57.800,2726.8000,11664,-1,237136800.000,1,0,1,双平,S,2726.8000,2726.4000,2726.2000,2726.0000,2725.4000,2727.0000,2727.2000,2727.4000,2727.8000,2728.0000,1,1,1,1,1,2,7,10,4,2
SF,IH2005,2020-04-16 09:30:58.300,2726.8000,11663,-1,238772880.000,2,0,2,多平,S,2726.2000,2726.0000,2725.4000,2725.0000,2724.4000,2726.8000,2727.0000,2727.2000,2727.4000,2727.8000,1,1,1,1,1,1,2,7,10,4
SF,IH2005,2020-04-16 09:30:58.800,2726.2000,11663,0,239590740.000,1,0,1,多换,S,2726.0000,2725.4000,2725.0000,2724.4000,2724.0000,2727.0000,2727.2000,2727.4000,2727.8000,2728.0000,1,1,1,1,7,2,7,10,4,2
SF,IH2005,2020-04-16 09:30:59.300,2726.0000,11663,0,240408540.000,1,0,1,多换,S,2725.4000,2725.0000,2724.4000,2724.2000,2724.0000,2727.0000,2727.2000,2727.4000,2727.8000,2728.0000,1,1,1,1,7,2,7,10,4,2
SF,IH2005,2020-04-16 09:30:59.800,2726.0000,11663,0,240408540.000,0,-,-,-,-,2725.8000,2725.6000,2725.0000,2724.4000,2724.2000,2727.0000,2727.2000,2727.4000,2727.8000,2728.0000,1,1,1,1,1,2,7,10,4,2
SF,IH2005,2020-04-16 09:31:00.300,2725.0000,11661,-2,242043780.000,2,0,2,双平,S,2724.4000,2724.2000,2724.0000,2723.6000,2723.4000,2725.6000,2727.0000,2727.2000,2727.4000,2727.8000,1,1,7,3,2,1,2,9,10,4
SF,IH2005,2020-04-16 09:31:00.800,2725.0000,11661,0,242861280.000,1,0,1,多换,S,2725.6000,2725.4000,2724.6000,2724.2000,2724.0000,2725.8000,2727.0000,2727.2000,2727.4000,2727.8000,5,1,6,1,8,2,2,9,10,4
SF,IH2005,2020-04-16 09:31:01.300,2725.8000,11662,1,247767480.000,6,3,3,空开,S,2725.8000,2725.6000,2724.6000,2724.2000,2724.0000,2727.0000,2727.2000,2727.4000,2727.8000,2728.0000,4,1,5,1,8,2,9,10,4,2
SF,IH2005,2020-04-16 09:31:01.800,2725.8000,11657,-5,251856300.000,5,0,5,双平,S,2724.6000,2724.0000,2723.2000,2723.0000,2722.0000,2727.0000,2727.2000,2727.4000,2727.8000,2728.0000,5,8,2,5,2,2,9,10,4,2
SF,IH2005,2020-04-16 09:31:02.300,2725.8000,11657,0,251856300.000,0,-,-,-,-,2724.8000,2724.6000,2724.0000,2723.2000,2723.0000,2726.0000,2726.4000,2726.8000,2727.0000,2727.2000,3,3,8,2,5,1,1,2,2,9
SF,IH2005,2020-04-16 09:31:02.800,2725.8000,11657,0,251856300.000,0,-,-,-,-,2725.2000,2724.8000,2724.6000,2724.0000,2723.2000,2726.0000,2726.8000,2727.0000,2727.2000,2727.4000,1,1,3,8,2,1,2,5,9,10
SF,IH2005,2020-04-16 09:31:03.300,2726.0000,11656,-1,252674100.000,1,0,1,双平,S,2726.0000,2725.4000,2725.2000,2724.0000,2723.2000,2726.2000,2726.8000,2727.0000,2727.2000,2727.4000,2,1,1,1,2,3,2,5,9,10
SF,IH2005,2020-04-16 09:31:03.800,2726.0000,11654,-2,254309700.000,2,0,2,双平,S,2725.2000,2724.0000,2723.2000,2723.0000,2722.0000,2726.0000,2726.2000,2726.4000,2727.0000,2727.2000,1,1,2,12,2,7,3,3,5,9
SF,IH2005,2020-04-16 09:31:04.300,2725.8000,11653,-1,255945000.000,2,0,2,多平,S,2725.4000,2724.0000,2723.2000,2723.0000,2722.0000,2725.8000,2726.0000,2726.2000,2726.4000,2727.0000,1,1,2,12,2,2,5,3,3,5
SF,IH2005,2020-04-16 09:31:04.800,2726.0000,11650,-3,259215900.000,4,0,4,多平,S,2725.0000,2724.0000,2723.2000,2723.0000,2722.0000,2726.0000,2726.2000,2726.4000,2727.0000,2727.2000,1,1,2,12,2,3,3,3,5,9
SF,IH2005,2020-04-16 09:31:05.800,2725.0000,11649,-1,260033400.000,1,0,1,双平,S,2724.0000,2723.2000,2723.0000,2722.0000,2721.6000,2725.0000,2726.0000,2726.2000,2726.4000,2727.0000,1,2,12,2,1,3,2,3,3,5
SF,IH2005,2020-04-16 09:31:06.300,2726.0000,11647,-2,264121260.000,5,1,4,多平,S,2725.2000,2725.0000,2724.8000,2724.6000,2724.4000,2726.0000,2726.2000,2726.4000,2727.0000,2727.2000,7,5,2,1,2,1,3,3,5,9
SF,IH2005,2020-04-16 09:31:06.800,2726.0000,11641,-6,269028060.000,6,0,6,双平,S,2725.2000,2725.0000,2724.2000,2724.0000,2723.2000,2725.8000,2726.0000,2726.2000,2726.4000,2727.0000,6,2,6,2,2,2,1,3,3,5
SF,IH2005,2020-04-16 09:31:07.300,2725.2000,11640,-1,270663180.000,2,0,2,多平,S,2725.2000,2725.0000,2724.2000,2724.0000,2723.2000,2725.8000,2726.0000,2726.2000,2726.4000,2727.0000,3,2,4,2,2,2,1,3,3,5
SF,IH2005,2020-04-16 09:31:07.800,2725.2000,11640,0,270663180.000,0,-,-,-,-,2725.2000,2725.0000,2724.2000,2724.0000,2723.2000,2725.8000,2726.0000,2726.2000,2726.4000,2727.0000,3,2,4,2,3,2,1,3,3,5
SF,IH2005,2020-04-16 09:31:08.300,2725.2000,11640,0,270663180.000,0,-,-,-,-,2725.2000,2724.2000,2724.0000,2723.2000,2723.0000,2725.8000,2726.0000,2726.2000,2726.4000,2727.0000,3,4,2,3,12,2,1,3,3,5
SF,IH2005,2020-04-16 09:31:08.800,2725.2000,11640,0,270663180.000,0,-,-,-,-,2725.2000,2724.2000,2724.0000,2723.2000,2723.0000,2725.4000,2725.8000,2726.0000,2726.2000,2726.4000,3,4,2,3,12,2,2,1,3,3
SF,IH2005,2020-04-16 09:31:09.300,2725.6000,11637,-3,275568780.000,6,1,5,多平,S,2724.2000,2724.0000,2723.2000,2723.0000,2722.8000,2725.2000,2725.6000,2725.8000,2726.0000,2726.2000,4,2,3,12,1,1,2,2,1,3
SF,IH2005,2020-04-16 09:31:09.800,2725.4000,11636,-1,277204020.000,2,0,2,多平,S,2724.6000,2724.2000,2724.0000,2723.2000,2723.0000,2725.4000,2725.6000,2725.8000,2726.0000,2726.2000,1,4,2,3,12,3,2,2,1,3
SF,IH2005,2020-04-16 09:31:10.300,2725.6000,11638,2,280474560.000,4,3,1,空开,S,2724.6000,2724.0000,2723.2000,2723.0000,2722.8000,2725.6000,2725.8000,2726.0000,2726.2000,2726.4000,1,2,4,5,1,1,2,1,3,3
SF,IH2005,2020-04-16 09:31:10.800,2725.6000,11638,0,280474560.000,0,-,-,-,-,2724.6000,2724.4000,2724.0000,2723.2000,2723.0000,2725.4000,2725.6000,2725.8000,2726.0000,2726.2000,1,1,2,4,5,1,1,2,1,3
SF,IH2005,2020-04-16 09:31:11.300,2725.4000,11638,0,281292180.000,1,0,1,多换,S,2724.6000,2724.4000,2724.0000,2723.2000,2723.0000,2725.6000,2725.8000,2726.0000,2726.2000,2726.4000,1,1,2,4,5,1,2,1,3,3
SF,IH2005,2020-04-16 09:31:11.800,2725.4000,11638,0,281292180.000,0,-,-,-,-,2724.6000,2724.4000,2724.0000,2723.2000,2723.0000,2725.6000,2725.8000,2726.0000,2726.2000,2726.4000,1,1,2,4,5,1,2,2,3,3
SF,IH2005,2020-04-16 09:31:12.300,2725.4000,11638,0,281292180.000,0,-,-,-,-,2724.4000,2724.0000,2723.2000,2723.0000,2722.8000,2725.4000,2725.6000,2725.8000,2726.0000,2726.2000,1,2,4,5,1,2,1,2,2,3
SF,IH2005,2020-04-16 09:31:12.800,2725.4000,11638,0,281292180.000,0,-,-,-,-,2724.4000,2724.0000,2723.2000,2723.0000,2722.8000,2725.4000,2725.6000,2725.8000,2726.0000,2726.2000,1,2,4,5,1,2,1,2,2,3
SF,IH2005,2020-04-16 09:31:13.300,2725.4000,11638,0,282109800.000,1,0,1,多换,S,2724.4000,2724.0000,2723.2000,2723.0000,2722.8000,2725.4000,2725.6000,2725.8000,2726.0000,2726.2000,1,2,4,5,1,1,1,2,2,3
SF,IH2005,2020-04-16 09:31:13.800,2725.4000,11638,0,282109800.000,0,-,-,-,-,2724.6000,2724.4000,2724.2000,2724.0000,2723.2000,2725.4000,2725.6000,2725.8000,2726.0000,2726.2000,1,1,1,2,4,1,1,2,2,3
SF,IH2005,2020-04-16 09:31:14.300,2725.6000,11637,-1,283745100.000,2,0,2,多平,S,2725.6000,2724.6000,2724.4000,2724.2000,2724.0000,2725.8000,2726.0000,2726.2000,2726.4000,2727.0000,1,1,2,1,2,2,2,3,3,4
SF,IH2005,2020-04-16 09:31:14.800,2725.4000,11635,-2,285380400.000,2,0,2,双平,S,2724.4000,2724.2000,2724.0000,2723.2000,2723.0000,2725.6000,2725.8000,2726.0000,2726.2000,2726.4000,2,1,2,3,5,1,2,1,3,3
SF,IH2005,2020-04-16 09:31:15.300,2725.4000,11635,0,285380400.000,0,-,-,-,-,2725.4000,2724.4000,2724.0000,2723.4000,2723.2000,2725.6000,2725.8000,2726.0000,2726.2000,2726.4000,1,2,2,1,3,1,2,1,3,3
SF,IH2005,2020-04-16 09:31:15.800,2725.4000,11634,-1,286198020.000,1,0,1,双平,S,2724.4000,2724.0000,2723.4000,2723.2000,2723.0000,2725.4000,2725.6000,2725.8000,2726.0000,2726.2000,2,2,1,2,5,2,1,2,1,3
SF,IH2005,2020-04-16 09:31:16.300,2725.4000,11633,-1,287015640.000,1,0,1,双平,S,2724.6000,2724.4000,2724.0000,2723.4000,2723.2000,2725.6000,2725.8000,2726.0000,2726.2000,2726.4000,1,2,2,1,2,1,2,1,3,3
SF,IH2005,2020-04-16 09:31:17.800,2725.4000,11633,0,287015640.000,0,-,-,-,-,2724.6000,2724.4000,2724.0000,2723.4000,2723.2000,2725.6000,2725.8000,2726.0000,2726.2000,2726.4000,1,2,2,1,2,1,3,1,3,3
SF,IH2005,2020-04-16 09:31:19.800,2725.6000,11633,0,287833320.000,1,0,1,多换,S,2724.6000,2724.4000,2724.0000,2723.4000,2723.2000,2725.8000,2726.0000,2726.2000,2726.4000,2727.0000,1,2,2,1,2,4,1,3,3,4
SF,IH2005,2020-04-16 09:31:20.300,2725.6000,11633,0,287833320.000,0,-,-,-,-,2725.0000,2724.6000,2724.4000,2724.0000,2723.4000,2725.6000,2725.8000,2726.0000,2726.2000,2726.4000,2,1,2,3,1,2,4,1,3,3
SF,IH2005,2020-04-16 09:31:20.800,2725.6000,11633,0,287833320.000,0,-,-,-,-,2725.2000,2725.0000,2724.4000,2724.0000,2723.4000,2725.6000,2725.8000,2726.0000,2726.2000,2726.4000,1,2,2,3,1,2,4,1,3,3
SF,IH2005,2020-04-16 09:31:21.300,2725.2000,11634,1,288650880.000,1,1,0,双开,S,2725.0000,2724.4000,2724.0000,2723.4000,2723.2000,2725.2000,2725.6000,2725.8000,2726.0000,2726.2000,2,2,3,1,2,1,2,4,1,3
SF,IH2005,2020-04-16 09:31:21.800,2725.0000,11635,1,290285880.000,2,1,1,空开,S,2724.4000,2724.0000,2723.4000,2723.2000,2723.0000,2725.0000,2725.2000,2725.6000,2725.8000,2726.0000,2,3,1,2,5,1,2,2,4,1
SF,IH2005,2020-04-16 09:31:22.300,2725.0000,11635,0,291103380.000,1,0,1,多换,S,2724.4000,2724.0000,2723.4000,2723.2000,2723.0000,2725.6000,2725.8000,2726.0000,2726.2000,2726.4000,2,3,1,2,5,2,4,1,3,3
SF,IH2005,2020-04-16 09:31:22.800,2725.0000,11635,0,291103380.000,0,-,-,-,-,2724.4000,2724.0000,2723.4000,2723.2000,2723.0000,2725.4000,2725.6000,2725.8000,2726.0000,2726.2000,3,3,1,2,5,1,4,4,1,3
SF,IH2005,2020-04-16 09:31:23.300,2725.0000,11635,0,291103380.000,0,-,-,-,-,2724.4000,2724.0000,2723.8000,2723.4000,2723.2000,2725.2000,2725.4000,2725.6000,2725.8000,2726.0000,3,3,1,1,2,2,1,2,4,1
SF,IH2005,2020-04-16 09:31:23.800,2725.0000,11635,0,291103380.000,0,-,-,-,-,2724.4000,2724.0000,2723.8000,2723.4000,2723.2000,2725.2000,2725.4000,2725.6000,2725.8000,2726.0000,4,3,1,1,2,2,2,1,4,1
SF,IH2005,2020-04-16 09:31:24.300,2725.0000,11635,0,291103380.000,0,-,-,-,-,2724.4000,2724.0000,2723.8000,2723.4000,2723.2000,2725.2000,2725.4000,2725.6000,2725.8000,2726.0000,4,3,1,1,2,2,2,1,4,2
SF,IH2005,2020-04-16 09:31:25.300,2725.2000,11635,0,291920940.000,1,0,1,多换,S,2724.6000,2724.4000,2724.0000,2723.8000,2723.4000,2725.2000,2725.4000,2725.6000,2725.8000,2726.0000,1,4,3,1,1,1,2,1,4,2
SF,IH2005,2020-04-16 09:31:25.800,2725.2000,11635,0,291920940.000,0,-,-,-,-,2724.6000,2724.4000,2724.0000,2723.8000,2723.4000,2725.4000,2725.6000,2725.8000,2726.0000,2726.2000,1,4,3,1,1,2,1,4,2,3
SF,IH2005,2020-04-16 09:31:26.300,2725.2000,11635,0,291920940.000,0,-,-,-,-,2725.2000,2724.8000,2724.4000,2724.0000,2723.8000,2725.4000,2725.6000,2725.8000,2726.0000,2726.2000,1,1,4,3,1,1,1,4,2,3
SF,IH2005,2020-04-16 09:31:26.800,2725.2000,11635,0,293556120.000,2,1,1,多换,S,2724.8000,2724.6000,2724.4000,2724.0000,2723.8000,2725.6000,2725.8000,2726.0000,2726.2000,2726.4000,2,1,4,3,1,1,4,2,3,3
SF,IH2005,2020-04-16 09:31:27.300,2725.2000,11635,0,293556120.000,0,-,-,-,-,2724.6000,2724.4000,2724.0000,2723.8000,2723.4000,2725.6000,2725.8000,2726.0000,2726.2000,2726.4000,2,4,3,1,1,1,4,2,3,3
SF,IH2005,2020-04-16 09:31:27.800,2725.2000,11635,0,293556120.000,0,-,-,-,-,2724.8000,2724.6000,2724.4000,2724.0000,2723.8000,2725.6000,2725.8000,2726.0000,2726.2000,2726.4000,1,2,4,3,1,1,4,2,3,3
SF,IH2005,2020-04-16 09:31:28.300,2725.0000,11635,0,294373620.000,1,0,1,多换,S,2725.0000,2724.6000,2724.4000,2724.0000,2723.8000,2725.6000,2725.8000,2726.0000,2726.2000,2726.4000,2,2,3,3,1,1,7,2,3,3
SF,IH2005,2020-04-16 09:31:29.300,2725.0000,11635,0,294373620.000,0,-,-,-,-,2725.0000,2724.6000,2724.4000,2724.0000,2723.8000,2725.6000,2725.8000,2726.0000,2726.2000,2726.4000,2,2,2,3,1,1,7,2,3,3
SF,IH2005,2020-04-16 09:31:29.800,2725.0000,11635,0,294373620.000,0,-,-,-,-,2725.0000,2724.6000,2724.4000,2724.0000,2723.8000,2725.4000,2725.6000,2725.8000,2726.0000,2726.2000,2,2,2,3,1,1,2,7,2,3
SF,IH2005,2020-04-16 09:31:30.300,2725.8000,11630,-5,305003940.000,13,4,9,多平,S,2725.8000,2725.0000,2724.6000,2724.4000,2724.0000,2726.0000,2726.2000,2726.4000,2727.0000,2727.2000,5,2,2,2,3,2,3,3,2,9
SF,IH2005,2020-04-16 09:31:30.800,2725.8000,11625,-5,309092640.000,5,0,5,双平,S,2724.6000,2724.4000,2724.0000,2723.8000,2723.2000,2725.8000,2726.0000,2726.2000,2726.4000,2727.0000,2,2,3,1,2,4,2,6,3,2
SF,IH2005,2020-04-16 09:31:31.300,2724.6000,11622,-3,313180320.000,5,1,4,多平,S,2724.4000,2724.0000,2723.8000,2723.2000,2723.0000,2724.6000,2725.8000,2726.0000,2726.2000,2726.4000,2,3,1,3,5,3,2,2,8,3
SF,IH2005,2020-04-16 09:31:31.800,2724.6000,11619,-3,315632460.000,3,0,3,双平,S,2724.8000,2724.6000,2724.4000,2724.0000,2723.8000,2725.6000,2725.8000,2726.0000,2726.2000,2726.4000,1,5,5,3,1,1,1,2,8,3
SF,IH2005,2020-04-16 09:31:32.300,2725.4000,11618,-1,316450080.000,1,0,1,双平,S,2725.0000,2724.8000,2724.6000,2724.4000,2724.0000,2725.4000,2725.6000,2726.0000,2726.2000,2726.4000,2,1,3,3,3,2,2,2,8,4
SF,IH2005,2020-04-16 09:31:32.800,2725.0000,11617,-1,318085080.000,2,0,2,多平,S,2724.8000,2724.6000,2724.4000,2724.0000,2723.8000,2725.4000,2725.6000,2726.0000,2726.2000,2726.4000,1,3,3,3,1,2,2,2,8,4
SF,IH2005,2020-04-16 09:31:33.300,2724.8000,11616,-1,318902520.000,1,0,1,双平,S,2724.6000,2724.4000,2724.0000,2723.8000,2723.2000,2725.4000,2725.6000,2726.0000,2726.2000,2726.4000,3,3,3,1,3,2,2,2,8,4
SF,IH2005,2020-04-16 09:31:33.800,2724.8000,11616,0,318902520.000,0,-,-,-,-,2724.8000,2724.6000,2724.4000,2724.0000,2723.8000,2725.4000,2725.6000,2726.0000,2726.2000,2726.4000,1,4,2,3,1,2,5,2,8,4
SF,IH2005,2020-04-16 09:31:34.300,2724.8000,11617,1,319719960.000,1,1,0,双开,S,2724.8000,2724.6000,2724.4000,2724.0000,2723.8000,2725.4000,2725.6000,2726.0000,2726.2000,2726.4000,1,4,2,3,1,2,8,2,8,4
SF,IH2005,2020-04-16 09:31:34.800,2724.8000,11617,0,319719960.000,0,-,-,-,-,2724.8000,2724.6000,2724.4000,2724.0000,2723.8000,2725.4000,2725.6000,2726.0000,2726.2000,2726.4000,1,4,2,3,1,2,8,1,8,4
SF,IH2005,2020-04-16 09:31:35.300,2724.8000,11616,-1,320537400.000,1,0,1,双平,S,2724.8000,2724.6000,2724.4000,2724.0000,2723.8000,2725.4000,2725.6000,2726.0000,2726.2000,2726.4000,1,4,2,3,1,2,8,1,8,4
SF,IH2005,2020-04-16 09:31:35.800,2724.8000,11616,0,320537400.000,0,-,-,-,-,2725.0000,2724.8000,2724.6000,2724.4000,2724.0000,2725.4000,2725.6000,2725.8000,2726.0000,2726.2000,1,1,4,2,3,2,8,1,1,8
SF,IH2005,2020-04-16 09:31:36.300,2725.0000,11616,0,321354900.000,1,0,1,多换,S,2724.8000,2724.6000,2724.4000,2724.0000,2723.8000,2725.4000,2725.6000,2725.8000,2726.0000,2726.2000,1,4,2,3,1,2,8,1,1,8
SF,IH2005,2020-04-16 09:31:36.800,2725.0000,11616,0,321354900.000,0,-,-,-,-,2724.8000,2724.6000,2724.4000,2724.0000,2723.8000,2725.2000,2725.4000,2725.6000,2725.8000,2726.0000,1,4,2,3,1,1,2,8,1,1
SF,IH2005,2020-04-16 09:31:37.300,2725.0000,11616,0,321354900.000,0,-,-,-,-,2724.8000,2724.6000,2724.4000,2724.0000,2723.8000,2725.0000,2725.4000,2725.6000,2725.8000,2726.0000,1,4,2,3,1,1,4,8,1,1
SF,IH2005,2020-04-16 09:31:37.800,2725.0000,11616,0,322989840.000,2,1,1,多换,S,2724.6000,2724.4000,2724.0000,2723.8000,2723.2000,2725.2000,2725.4000,2725.6000,2725.8000,2726.0000,1,2,3,1,3,2,4,8,1,1
SF,IH2005,2020-04-16 09:31:38.300,2725.0000,11616,0,323807340.000,1,0,1,多换,S,2724.6000,2724.4000,2724.0000,2723.8000,2723.6000,2725.2000,2725.4000,2725.6000,2725.8000,2726.0000,1,2,3,1,1,2,4,8,1,1
SF,IH2005,2020-04-16 09:31:38.800,2725.0000,11616,0,323807340.000,0,-,-,-,-,2724.6000,2724.4000,2724.0000,2723.8000,2723.6000,2725.0000,2725.2000,2725.4000,2725.6000,2725.8000,1,2,3,1,1,1,2,4,7,1
SF,IH2005,2020-04-16 09:31:39.300,2725.0000,11615,-1,324624840.000,1,0,1,双平,S,2724.6000,2724.4000,2724.0000,2723.8000,2723.6000,2725.2000,2725.4000,2725.6000,2725.8000,2726.0000,1,2,3,1,1,2,4,7,1,1
SF,IH2005,2020-04-16 09:31:39.800,2725.0000,11615,0,324624840.000,0,-,-,-,-,2724.6000,2724.4000,2724.0000,2723.8000,2723.6000,2725.2000,2725.4000,2725.6000,2725.8000,2726.0000,1,2,3,1,1,2,4,7,1,1
SF,IH2005,2020-04-16 09:31:40.300,2725.0000,11615,0,324624840.000,0,-,-,-,-,2724.6000,2724.4000,2724.0000,2723.8000,2723.6000,2725.2000,2725.4000,2725.6000,2725.8000,2726.0000,1,2,3,1,1,2,6,7,1,1
SF,IH2005,2020-04-16 09:31:40.800,2725.0000,11615,0,324624840.000,0,-,-,-,-,2724.6000,2724.4000,2724.0000,2723.8000,2723.6000,2724.8000,2725.2000,2725.4000,2725.6000,2725.8000,1,2,3,1,1,1,2,6,7,1
SF,IH2005,2020-04-16 09:31:41.300,2724.6000,11614,-1,326259720.000,2,0,2,多平,S,2724.4000,2724.0000,2723.8000,2723.6000,2723.2000,2725.2000,2725.4000,2725.6000,2725.8000,2726.0000,2,3,1,1,3,2,6,7,1,1
SF,IH2005,2020-04-16 09:31:41.800,2724.6000,11614,0,326259720.000,0,-,-,-,-,2724.4000,2724.0000,2723.8000,2723.6000,2723.2000,2724.8000,2725.2000,2725.4000,2725.6000,2725.8000,2,3,1,1,3,1,2,6,7,1
SF,IH2005,2020-04-16 09:31:42.300,2724.8000,11613,-1,327077160.000,1,0,1,双平,S,2724.4000,2724.0000,2723.8000,2723.6000,2723.2000,2725.2000,2725.4000,2725.6000,2725.8000,2726.0000,2,3,1,1,3,2,6,7,1,1
SF,IH2005,2020-04-16 09:31:42.800,2724.4000,11612,-1,328711800.000,2,0,2,多平,S,2724.0000,2723.8000,2723.6000,2723.2000,2723.0000,2725.0000,2725.2000,2725.4000,2725.6000,2725.8000,3,1,1,3,5,1,2,6,7,1
SF,IH2005,2020-04-16 09:31:43.300,2724.4000,11612,0,329529120.000,1,0,1,多换,S,2724.2000,2724.0000,2723.8000,2723.6000,2723.2000,2725.0000,2725.2000,2725.4000,2725.6000,2725.8000,1,3,1,1,3,1,5,6,7,1
SF,IH2005,2020-04-16 09:31:43.800,2724.4000,11612,0,329529120.000,0,-,-,-,-,2724.2000,2724.0000,2723.8000,2723.6000,2723.2000,2725.0000,2725.2000,2725.4000,2725.6000,2725.8000,1,3,1,1,2,1,5,6,7,1
SF,IH2005,2020-04-16 09:31:44.800,2724.4000,11612,0,329529120.000,0,-,-,-,-,2724.6000,2724.2000,2724.0000,2723.8000,2723.6000,2725.0000,2725.2000,2725.4000,2725.6000,2725.8000,1,1,3,1,1,1,5,6,7,1
SF,IH2005,2020-04-16 09:31:46.300,2724.4000,11612,0,329529120.000,0,-,-,-,-,2724.6000,2724.2000,2724.0000,2723.8000,2723.6000,2725.0000,2725.2000,2725.4000,2725.6000,2725.8000,1,1,3,1,1,2,5,6,7,1
SF,IH2005,2020-04-16 09:31:46.800,2724.6000,11612,0,330346500.000,1,0,1,多换,S,2724.2000,2724.0000,2723.8000,2723.6000,2723.2000,2724.6000,2725.0000,2725.2000,2725.4000,2725.6000,1,3,1,1,2,2,2,6,6,7
SF,IH2005,2020-04-16 09:31:47.300,2724.6000,11609,-3,332798520.000,3,0,3,双平,S,2724.0000,2723.8000,2723.6000,2723.2000,2723.0000,2724.8000,2725.0000,2725.2000,2725.4000,2725.6000,3,1,1,2,5,3,1,6,6,7
SF,IH2005,2020-04-16 09:31:47.800,2724.6000,11609,0,332798520.000,0,-,-,-,-,2724.0000,2723.8000,2723.6000,2723.2000,2723.0000,2724.4000,2724.8000,2725.0000,2725.2000,2725.4000,3,1,1,2,5,1,3,1,6,6
SF,IH2005,2020-04-16 09:31:48.300,2724.4000,11609,0,333615840.000,1,0,1,多换,S,2724.6000,2724.4000,2724.2000,2724.0000,2723.8000,2724.8000,2725.0000,2725.2000,2725.4000,2725.6000,1,1,1,3,1,3,1,6,6,7
SF,IH2005,2020-04-16 09:31:48.800,2724.8000,11608,-1,335250660.000,2,0,2,多平,S,2724.4000,2724.2000,2724.0000,2723.8000,2723.6000,2724.8000,2725.0000,2725.2000,2725.4000,2725.6000,1,1,3,1,1,2,1,6,6,7
SF,IH2005,2020-04-16 09:31:49.300,2724.8000,11610,2,336885540.000,2,2,0,双开,S,2724.6000,2724.4000,2724.2000,2724.0000,2723.8000,2725.0000,2725.2000,2725.4000,2725.6000,2725.8000,1,1,1,3,1,4,6,6,7,1
SF,IH2005,2020-04-16 09:31:49.800,2724.4000,11609,-1,338520240.000,2,0,2,多平,S,2724.2000,2724.0000,2723.8000,2723.6000,2723.2000,2725.0000,2725.2000,2725.4000,2725.6000,2725.8000,1,3,1,1,2,4,10,6,7,1
SF,IH2005,2020-04-16 09:31:50.300,2724.4000,11609,0,338520240.000,0,-,-,-,-,2724.2000,2724.0000,2723.8000,2723.6000,2723.2000,2725.0000,2725.2000,2725.4000,2725.6000,2725.8000,1,3,1,1,2,4,10,6,6,1
SF,IH2005,2020-04-16 09:31:50.800,2724.4000,11609,0,338520240.000,0,-,-,-,-,2724.0000,2723.8000,2723.6000,2723.2000,2723.0000,2725.0000,2725.2000,2725.4000,2725.6000,2725.8000,3,1,1,2,5,4,10,6,6,1
SF,IH2005,2020-04-16 09:31:51.800,2725.0000,11608,-1,339337740.000,1,0,1,双平,S,2724.0000,2723.8000,2723.6000,2723.2000,2723.0000,2725.0000,2725.2000,2725.4000,2725.6000,2725.8000,3,1,1,2,5,3,10,6,6,1
SF,IH2005,2020-04-16 09:31:52.300,2725.0000,11608,0,340155240.000,1,0,1,多换,S,2724.0000,2723.8000,2723.6000,2723.2000,2723.0000,2725.0000,2725.2000,2725.4000,2725.6000,2725.8000,3,1,1,2,5,2,10,6,6,1
SF,IH2005,2020-04-16 09:31:52.800,2725.0000,11608,0,340155240.000,0,-,-,-,-,2724.2000,2724.0000,2723.8000,2723.6000,2723.2000,2725.0000,2725.2000,2725.4000,2725.6000,2725.8000,1,3,1,1,2,2,10,6,6,1
SF,IH2005,2020-04-16 09:31:53.300,2725.0000,11608,0,340155240.000,0,-,-,-,-,2724.2000,2724.0000,2723.8000,2723.6000,2723.2000,2725.0000,2725.2000,2725.4000,2725.6000,2725.8000,1,3,1,1,2,4,10,6,6,1
SF,IH2005,2020-04-16 09:31:53.800,2725.0000,11607,-1,342607740.000,3,1,2,多平,S,2724.0000,2723.8000,2723.6000,2723.2000,2723.0000,2725.0000,2725.2000,2725.4000,2725.6000,2725.8000,3,1,1,2,5,1,10,6,6,1
SF,IH2005,2020-04-16 09:31:54.300,2725.0000,11607,0,342607740.000,0,-,-,-,-,2724.0000,2723.8000,2723.6000,2723.2000,2723.0000,2724.2000,2725.0000,2725.2000,2725.4000,2725.6000,3,1,1,2,5,1,1,10,6,6
SF,IH2005,2020-04-16 09:31:54.800,2725.0000,11607,0,342607740.000,0,-,-,-,-,2724.4000,2724.0000,2723.8000,2723.6000,2723.2000,2725.0000,2725.2000,2725.4000,2725.6000,2725.8000,2,3,1,1,2,1,10,6,6,1
SF,IH2005,2020-04-16 09:31:55.300,2724.4000,11606,-1,343425060.000,1,0,1,双平,S,2724.0000,2723.8000,2723.6000,2723.2000,2723.0000,2725.0000,2725.2000,2725.4000,2725.6000,2725.8000,3,1,1,2,5,1,10,6,6,1
SF,IH2005,2020-04-16 09:31:56.800,2725.0000,11605,-1,344242560.000,1,0,1,双平,S,2725.0000,2724.2000,2724.0000,2723.8000,2723.6000,2725.2000,2725.4000,2725.6000,2725.8000,2726.0000,5,1,3,1,1,10,6,6,1,1
SF,IH2005,2020-04-16 09:31:57.300,2725.0000,11600,-5,348330060.000,5,0,5,双平,S,2724.2000,2724.0000,2723.8000,2723.6000,2723.2000,2725.0000,2725.2000,2725.4000,2725.6000,2725.8000,1,3,1,1,2,2,10,6,6,1
SF,IH2005,2020-04-16 09:31:57.800,2725.2000,11603,3,354052560.000,7,5,2,空开,S,2724.0000,2723.8000,2723.6000,2723.2000,2723.0000,2725.2000,2725.4000,2725.6000,2725.8000,2726.0000,3,1,1,2,5,6,6,6,2,1
SF,IH2005,2020-04-16 09:31:58.300,2725.2000,11603,0,354052560.000,0,-,-,-,-,2724.4000,2724.0000,2723.8000,2723.6000,2723.2000,2725.0000,2725.2000,2725.4000,2725.6000,2725.8000,3,3,1,1,2,2,6,6,6,2
SF,IH2005,2020-04-16 09:31:58.800,2725.4000,11601,-2,365498760.000,14,6,8,多平,S,2725.4000,2724.0000,2723.8000,2723.6000,2723.2000,2725.6000,2725.8000,2726.0000,2726.2000,2726.4000,3,3,1,1,2,6,2,1,5,1
SF,IH2005,2020-04-16 09:31:59.300,2725.2000,11597,-4,372039420.000,8,2,6,多平,S,2725.0000,2724.6000,2724.0000,2723.8000,2723.6000,2725.2000,2725.4000,2725.6000,2725.8000,2726.0000,1,1,3,1,1,1,7,6,3,1
SF,IH2005,2020-04-16 09:31:59.800,2725.0000,11597,0,373674420.000,2,1,1,多换,S,2724.0000,2723.8000,2723.6000,2723.4000,2723.2000,2725.2000,2725.4000,2725.6000,2725.8000,2726.0000,3,1,1,1,2,1,4,6,4,1
SF,IH2005,2020-04-16 09:32:00.300,2724.0000,11596,-1,374491620.000,1,0,1,双平,S,2724.0000,2723.8000,2723.6000,2723.4000,2723.2000,2725.2000,2725.4000,2725.6000,2725.8000,2726.0000,2,1,1,1,2,1,4,6,4,1
SF,IH2005,2020-04-16 09:32:00.800,2724.0000,11596,0,374491620.000,0,-,-,-,-,2724.6000,2724.2000,2724.0000,2723.8000,2723.6000,2725.2000,2725.4000,2725.6000,2725.8000,2726.0000,4,3,2,1,1,1,4,6,4,1
SF,IH2005,2020-04-16 09:32:01.300,2724.0000,11596,0,374491620.000,0,-,-,-,-,2724.6000,2724.2000,2724.0000,2723.8000,2723.6000,2725.0000,2725.2000,2725.4000,2725.6000,2725.8000,4,3,2,1,1,2,3,2,6,4
SF,IH2005,2020-04-16 09:32:01.800,2724.6000,11597,1,376943880.000,3,2,1,空开,S,2724.6000,2724.2000,2724.0000,2723.8000,2723.6000,2725.0000,2725.2000,2725.4000,2725.6000,2725.8000,2,3,2,1,1,1,4,2,6,4
SF,IH2005,2020-04-16 09:32:02.300,2724.6000,11598,1,377761260.000,1,1,0,双开,S,2724.6000,2724.2000,2724.0000,2723.8000,2723.6000,2725.0000,2725.2000,2725.4000,2725.6000,2725.8000,1,2,2,1,1,1,4,2,6,4
SF,IH2005,2020-04-16 09:32:02.800,2724.8000,11598,0,378578700.000,1,0,1,多换,S,2724.6000,2724.2000,2724.0000,2723.8000,2723.6000,2725.0000,2725.2000,2725.4000,2725.6000,2725.8000,1,2,2,1,1,1,4,2,6,4
SF,IH2005,2020-04-16 09:32:03.300,2724.6000,11599,1,379396080.000,1,1,0,双开,S,2724.2000,2724.0000,2723.8000,2723.6000,2723.4000,2725.0000,2725.2000,2725.4000,2725.6000,2725.8000,2,2,1,1,1,2,3,2,6,4
SF,IH2005,2020-04-16 09:32:03.800,2724.6000,11599,0,379396080.000,0,-,-,-,-,2724.2000,2724.0000,2723.8000,2723.6000,2723.4000,2724.8000,2725.0000,2725.2000,2725.4000,2725.6000,2,2,1,1,1,2,2,3,1,6
SF,IH2005,2020-04-16 09:32:04.300,2724.6000,11599,0,379396080.000,0,-,-,-,-,2724.0000,2723.8000,2723.6000,2723.4000,2723.2000,2724.6000,2724.8000,2725.0000,2725.2000,2725.4000,2,1,1,1,2,1,2,2,3,1
SF,IH2005,2020-04-16 09:32:04.800,2724.6000,11599,0,379396080.000,0,-,-,-,-,2724.0000,2723.8000,2723.6000,2723.4000,2723.2000,2724.6000,2724.8000,2725.0000,2725.2000,2725.4000,2,1,1,1,2,1,2,2,3,1
SF,IH2005,2020-04-16 09:32:05.300,2724.0000,11599,0,380213280.000,1,0,1,多换,S,2724.0000,2723.8000,2723.6000,2723.4000,2723.2000,2724.6000,2724.8000,2725.0000,2725.2000,2725.4000,1,1,1,1,2,2,3,1,2,1
SF,IH2005,2020-04-16 09:32:05.800,2724.0000,11599,0,380213280.000,0,-,-,-,-,2724.0000,2723.8000,2723.6000,2723.4000,2723.2000,2724.6000,2724.8000,2725.0000,2725.2000,2725.4000,1,1,1,1,2,2,3,1,2,1
SF,IH2005,2020-04-16 09:32:06.300,2724.0000,11600,1,381847800.000,2,1,1,空开,S,2723.8000,2723.6000,2723.4000,2723.2000,2723.0000,2724.4000,2724.6000,2724.8000,2725.2000,2725.4000,1,1,1,2,4,3,2,2,2,1
SF,IH2005,2020-04-16 09:32:06.800,2724.0000,11600,0,381847800.000,0,-,-,-,-,2723.8000,2723.6000,2723.4000,2723.2000,2723.0000,2724.0000,2724.4000,2724.6000,2724.8000,2725.2000,1,1,1,2,4,1,2,2,1,2
SF,IH2005,2020-04-16 09:32:07.300,2723.6000,11600,0,383482020.000,2,1,1,多换,S,2723.4000,2723.2000,2723.0000,2722.8000,2722.4000,2724.0000,2724.4000,2724.6000,2724.8000,2725.2000,1,2,4,1,1,1,2,1,1,2
SF,IH2005,2020-04-16 09:32:07.800,2723.6000,11601,1,385116300.000,2,1,1,空开,S,2723.6000,2723.4000,2723.2000,2723.0000,2722.8000,2724.4000,2724.6000,2724.8000,2725.2000,2725.4000,1,1,2,4,1,2,1,2,1,1
SF,IH2005,2020-04-16 09:32:08.300,2723.6000,11601,0,385116300.000,0,-,-,-,-,2724.0000,2723.6000,2723.4000,2723.2000,2723.0000,2724.4000,2724.6000,2724.8000,2725.2000,2725.4000,1,1,1,2,4,2,1,1,1,1
SF,IH2005,2020-04-16 09:32:08.800,2723.6000,11601,0,386750580.000,2,1,1,多换,S,2723.4000,2723.2000,2723.0000,2722.8000,2722.4000,2724.6000,2724.8000,2725.2000,2725.4000,2725.6000,1,2,4,1,1,4,1,1,1,6
SF,IH2005,2020-04-16 09:32:09.300,2723.6000,11601,0,386750580.000,0,-,-,-,-,2723.4000,2723.2000,2723.0000,2722.8000,2722.4000,2724.2000,2724.6000,2724.8000,2725.2000,2725.4000,1,2,4,1,1,1,4,1,1,1
SF,IH2005,2020-04-16 09:32:09.800,2723.6000,11601,0,386750580.000,0,-,-,-,-,2723.4000,2723.2000,2723.0000,2722.8000,2722.4000,2723.8000,2724.2000,2724.6000,2724.8000,2725.2000,1,2,4,1,1,1,1,4,1,1
SF,IH2005,2020-04-16 09:32:10.300,2723.4000,11601,0,387567600.000,1,0,1,多换,S,2723.2000,2723.0000,2722.8000,2722.4000,2722.2000,2723.8000,2724.2000,2724.6000,2724.8000,2725.2000,2,4,1,1,1,1,1,4,1,1
SF,IH2005,2020-04-16 09:32:10.800,2723.8000,11603,2,389201760.000,2,2,0,双开,S,2723.2000,2723.0000,2722.8000,2722.4000,2722.2000,2724.0000,2724.2000,2724.6000,2724.8000,2725.2000,2,4,1,1,1,3,1,4,1,1
SF,IH2005,2020-04-16 09:32:11.300,2723.8000,11603,0,389201760.000,0,-,-,-,-,2723.4000,2723.2000,2723.0000,2722.8000,2722.4000,2724.0000,2724.2000,2724.6000,2724.8000,2725.2000,1,2,4,1,1,3,6,4,1,1
SF,IH2005,2020-04-16 09:32:11.800,2723.4000,11604,1,390018780.000,1,1,0,双开,S,2723.2000,2723.0000,2722.8000,2722.4000,2722.2000,2724.0000,2724.2000,2724.6000,2725.2000,2725.4000,2,4,1,1,1,3,6,4,1,1
SF,IH2005,2020-04-16 09:32:12.300,2723.4000,11604,0,390018780.000,0,-,-,-,-,2723.2000,2723.0000,2722.8000,2722.4000,2722.2000,2724.0000,2724.2000,2724.6000,2725.2000,2725.4000,2,4,1,1,1,3,5,4,1,1
SF,IH2005,2020-04-16 09:32:12.800,2723.4000,11604,0,390835800.000,1,0,1,多换,S,2723.2000,2723.0000,2722.8000,2722.4000,2722.2000,2723.8000,2724.0000,2724.2000,2724.6000,2725.2000,2,4,1,1,1,1,4,5,4,1
SF,IH2005,2020-04-16 09:32:13.300,2723.4000,11604,0,390835800.000,0,-,-,-,-,2723.4000,2723.2000,2723.0000,2722.8000,2722.4000,2724.0000,2724.2000,2724.6000,2725.2000,2725.4000,1,2,5,1,1,4,5,4,1,1
SF,IH2005,2020-04-16 09:32:13.800,2723.4000,11604,0,391652820.000,1,0,1,多换,S,2723.2000,2723.0000,2722.8000,2722.4000,2722.2000,2724.0000,2724.2000,2724.6000,2725.2000,2725.4000,2,6,1,1,1,4,6,4,1,1
SF,IH2005,2020-04-16 09:32:14.300,2723.4000,11604,0,391652820.000,0,-,-,-,-,2723.2000,2723.0000,2722.8000,2722.4000,2722.2000,2724.0000,2724.2000,2724.6000,2725.2000,2725.4000,2,6,1,1,1,4,10,4,1,1
SF,IH2005,2020-04-16 09:32:14.800,2723.2000,11604,0,392469780.000,1,0,1,多换,S,2723.2000,2723.0000,2722.8000,2722.4000,2722.2000,2724.0000,2724.2000,2724.6000,2725.2000,2725.4000,1,6,1,1,1,4,10,4,1,1
SF,IH2005,2020-04-16 09:32:15.300,2723.2000,11604,0,393286740.000,1,0,1,多换,S,2723.0000,2722.8000,2722.4000,2722.2000,2722.0000,2724.0000,2724.2000,2724.6000,2725.2000,2725.4000,6,1,1,1,2,4,10,4,1,1
SF,IH2005,2020-04-16 09:32:15.800,2723.0000,11602,-2,395737440.000,3,0,3,多平,S,2723.0000,2722.8000,2722.4000,2722.2000,2722.0000,2723.8000,2724.0000,2724.2000,2724.6000,2725.2000,3,1,1,1,2,1,4,10,4,1
SF,IH2005,2020-04-16 09:32:16.300,2723.8000,11603,1,396554580.000,1,1,0,双开,S,2723.0000,2722.8000,2722.4000,2722.2000,2722.0000,2724.0000,2724.2000,2724.6000,2725.2000,2725.4000,3,1,1,1,2,3,10,4,1,1
SF,IH2005,2020-04-16 09:32:16.800,2723.0000,11603,0,397371480.000,1,0,1,多换,S,2723.0000,2722.8000,2722.4000,2722.2000,2722.0000,2724.0000,2724.2000,2724.6000,2725.2000,2725.4000,2,1,1,1,2,3,10,4,1,1
SF,IH2005,2020-04-16 09:32:17.300,2723.0000,11603,0,397371480.000,0,-,-,-,-,2723.0000,2722.8000,2722.4000,2722.2000,2722.0000,2723.8000,2724.0000,2724.2000,2724.6000,2725.2000,2,1,1,1,2,1,3,10,4,1
SF,IH2005,2020-04-16 09:32:17.800,2723.0000,11604,1,399005280.000,2,1,1,空开,S,2722.8000,2722.4000,2722.2000,2722.0000,2721.8000,2723.8000,2724.0000,2724.2000,2724.6000,2725.2000,1,1,1,2,1,1,6,10,4,1
SF,IH2005,2020-04-16 09:32:18.300,2722.8000,11604,0,400639260.000,2,1,1,多换,S,2722.4000,2722.2000,2722.0000,2721.8000,2721.6000,2724.0000,2724.2000,2724.6000,2725.2000,2725.4000,1,1,2,1,1,7,10,4,1,1
SF,IH2005,2020-04-16 09:32:18.800,2722.4000,11604,0,401455980.000,1,0,1,多换,S,2722.6000,2722.2000,2722.0000,2721.8000,2721.6000,2724.0000,2724.2000,2724.6000,2725.2000,2725.4000,1,2,2,1,1,7,10,4,1,1
SF,IH2005,2020-04-16 09:32:19.800,2722.4000,11605,1,402272700.000,1,1,0,双开,S,2722.6000,2722.2000,2722.0000,2721.8000,2721.6000,2724.0000,2724.2000,2724.4000,2724.6000,2725.2000,1,2,2,1,1,7,10,1,4,1
SF,IH2005,2020-04-16 09:32:20.300,2722.4000,11605,0,403089420.000,1,0,1,多换,S,2722.2000,2722.0000,2721.8000,2721.6000,2721.4000,2723.8000,2724.0000,2724.2000,2724.4000,2724.6000,2,2,1,1,1,1,7,11,1,4
SF,IH2005,2020-04-16 09:32:20.800,2722.4000,11605,0,403089420.000,0,-,-,-,-,2722.2000,2722.0000,2721.8000,2721.6000,2721.4000,2723.8000,2724.0000,2724.2000,2724.4000,2724.6000,1,2,1,1,1,3,7,11,1,4
SF,IH2005,2020-04-16 09:32:21.300,2722.4000,11605,0,403089420.000,0,-,-,-,-,2722.2000,2722.0000,2721.8000,2721.6000,2721.4000,2723.6000,2723.8000,2724.0000,2724.2000,2724.4000,1,2,1,1,1,1,2,7,11,1
SF,IH2005,2020-04-16 09:32:21.800,2722.2000,11605,0,403906080.000,1,0,1,多换,S,2722.0000,2721.8000,2721.6000,2721.4000,2721.2000,2723.6000,2723.8000,2724.0000,2724.2000,2724.4000,2,1,1,1,4,1,3,7,11,1
SF,IH2005,2020-04-16 09:32:22.800,2722.2000,11605,0,403906080.000,0,-,-,-,-,2722.0000,2721.8000,2721.6000,2721.4000,2721.2000,2723.4000,2723.8000,2724.0000,2724.2000,2724.4000,2,1,1,1,4,1,3,7,11,1
SF,IH2005,2020-04-16 09:32:23.300,2722.2000,11605,0,403906080.000,0,-,-,-,-,2722.0000,2721.8000,2721.6000,2721.4000,2721.2000,2722.4000,2723.4000,2723.6000,2723.8000,2724.0000,2,1,1,1,4,1,1,1,3,7
SF,IH2005,2020-04-16 09:32:23.800,2722.4000,11604,-1,405539520.000,2,0,2,多平,S,2722.0000,2721.8000,2721.6000,2721.4000,2721.2000,2723.4000,2723.6000,2723.8000,2724.0000,2724.2000,2,1,1,1,4,1,1,3,7,11
SF,IH2005,2020-04-16 09:32:24.300,2722.4000,11604,0,405539520.000,0,-,-,-,-,2722.2000,2722.0000,2721.8000,2721.6000,2721.4000,2723.4000,2723.6000,2723.8000,2724.0000,2724.2000,1,2,1,1,1,1,1,3,7,11
SF,IH2005,2020-04-16 09:32:24.800,2722.4000,11604,0,405539520.000,0,-,-,-,-,2722.0000,2721.8000,2721.6000,2721.4000,2721.2000,2723.4000,2723.6000,2723.8000,2724.0000,2724.2000,2,1,1,1,4,1,1,3,8,11
SF,IH2005,2020-04-16 09:32:26.300,2722.0000,11604,0,406356120.000,1,0,1,多换,S,2722.0000,2721.8000,2721.6000,2721.4000,2721.2000,2723.0000,2723.4000,2723.6000,2723.8000,2724.0000,1,1,1,1,4,3,1,1,3,8
SF,IH2005,2020-04-16 09:32:26.800,2722.0000,11604,0,406356120.000,0,-,-,-,-,2722.0000,2721.8000,2721.6000,2721.4000,2721.2000,2723.0000,2723.4000,2723.6000,2723.8000,2724.0000,1,2,1,1,4,3,1,1,3,8
SF,IH2005,2020-04-16 09:32:27.300,2722.0000,11604,0,406356120.000,0,-,-,-,-,2722.2000,2722.0000,2721.8000,2721.6000,2721.4000,2723.0000,2723.6000,2723.8000,2724.0000,2724.2000,2,1,2,1,1,4,1,3,8,11
SF,IH2005,2020-04-16 09:32:27.800,2722.2000,11603,-1,407172780.000,1,0,1,双平,S,2722.2000,2722.0000,2721.8000,2721.6000,2721.4000,2722.8000,2723.0000,2723.2000,2723.6000,2723.8000,1,1,2,1,1,1,3,1,1,3
SF,IH2005,2020-04-16 09:32:28.300,2722.2000,11603,0,407172780.000,0,-,-,-,-,2722.4000,2722.2000,2722.0000,2721.8000,2721.6000,2722.8000,2723.0000,2723.2000,2723.8000,2724.0000,2,1,1,2,1,1,3,1,2,8
SF,IH2005,2020-04-16 09:32:28.800,2722.2000,11603,0,409622880.000,3,1,2,多换,S,2722.4000,2722.0000,2721.8000,2721.6000,2721.4000,2722.8000,2723.0000,2723.2000,2723.8000,2724.0000,1,1,2,1,1,1,3,1,2,8
SF,IH2005,2020-04-16 09:32:29.300,2722.2000,11603,0,409622880.000,0,-,-,-,-,2722.4000,2722.0000,2721.8000,2721.6000,2721.4000,2723.0000,2723.2000,2723.8000,2724.0000,2724.2000,1,1,2,1,1,3,1,2,8,11
SF,IH2005,2020-04-16 09:32:29.800,2722.2000,11603,0,409622880.000,0,-,-,-,-,2722.4000,2722.0000,2721.8000,2721.6000,2721.4000,2723.0000,2723.2000,2723.8000,2724.0000,2724.2000,1,1,2,1,1,3,4,2,8,11
SF,IH2005,2020-04-16 09:32:30.300,2722.2000,11603,0,410439540.000,1,0,1,多换,S,2722.0000,2721.8000,2721.6000,2721.4000,2721.2000,2722.2000,2723.0000,2723.2000,2723.8000,2724.0000,1,2,1,1,4,1,3,4,2,8
SF,IH2005,2020-04-16 09:32:30.800,2723.0000,11605,2,414523260.000,5,3,2,空开,S,2722.2000,2722.0000,2721.8000,2721.6000,2721.4000,2723.0000,2723.2000,2723.8000,2724.0000,2724.2000,4,1,2,1,1,2,4,2,7,11
SF,IH2005,2020-04-16 09:32:31.300,2723.0000,11605,0,414523260.000,0,-,-,-,-,2722.2000,2722.0000,2721.8000,2721.6000,2721.4000,2723.0000,2723.2000,2723.8000,2724.0000,2724.2000,2,1,2,1,1,2,4,3,7,11
SF,IH2005,2020-04-16 09:32:31.800,2722.2000,11604,-1,415339920.000,1,0,1,双平,S,2722.2000,2722.0000,2721.8000,2721.6000,2721.4000,2723.0000,2723.2000,2723.8000,2724.0000,2724.2000,1,1,2,1,1,2,4,3,7,11
SF,IH2005,2020-04-16 09:32:32.800,2722.2000,11604,0,415339920.000,0,-,-,-,-,2722.2000,2722.0000,2721.8000,2721.6000,2721.4000,2723.0000,2723.2000,2723.8000,2724.0000,2724.2000,1,1,3,1,1,2,4,3,6,11
SF,IH2005,2020-04-16 09:32:33.300,2722.2000,11604,0,415339920.000,0,-,-,-,-,2722.2000,2722.0000,2721.8000,2721.6000,2721.4000,2723.0000,2723.2000,2723.8000,2724.0000,2724.2000,1,2,3,1,1,2,4,3,6,11
SF,IH2005,2020-04-16 09:32:34.300,2722.2000,11604,0,415339920.000,0,-,-,-,-,2722.4000,2722.2000,2722.0000,2721.8000,2721.6000,2723.0000,2723.2000,2723.8000,2724.0000,2724.2000,1,1,2,3,1,2,4,3,6,11
SF,IH2005,2020-04-16 09:32:35.300,2722.4000,11605,1,416156640.000,1,1,0,双开,S,2722.2000,2722.0000,2721.8000,2721.6000,2721.4000,2723.0000,2723.2000,2723.8000,2724.0000,2724.2000,1,2,3,1,1,2,4,3,6,11
SF,IH2005,2020-04-16 09:32:35.800,2723.0000,11605,0,416973540.000,1,0,1,多换,S,2722.2000,2722.0000,2721.8000,2721.6000,2721.4000,2723.0000,2723.2000,2723.8000,2724.0000,2724.2000,1,2,3,1,1,1,4,4,6,11
SF,IH2005,2020-04-16 09:32:36.300,2723.0000,11605,0,416973540.000,0,-,-,-,-,2722.0000,2721.8000,2721.6000,2721.4000,2721.2000,2723.0000,2723.2000,2723.8000,2724.0000,2724.2000,2,3,1,1,4,1,4,4,6,11
SF,IH2005,2020-04-16 09:32:37.800,2723.0000,11606,1,417790440.000,1,1,0,双开,S,2722.0000,2721.8000,2721.6000,2721.4000,2721.2000,2723.0000,2723.2000,2723.8000,2724.0000,2724.2000,2,3,1,1,4,1,4,4,6,11
SF,IH2005,2020-04-16 09:32:38.300,2723.0000,11606,0,417790440.000,0,-,-,-,-,2722.0000,2721.8000,2721.6000,2721.4000,2721.2000,2723.0000,2723.2000,2723.8000,2724.0000,2724.2000,2,3,1,1,4,1,4,4,6,10
SF,IH2005,2020-04-16 09:32:38.800,2723.0000,11606,0,417790440.000,0,-,-,-,-,2722.0000,2721.8000,2721.6000,2721.4000,2721.2000,2723.0000,2723.2000,2723.8000,2724.0000,2724.2000,3,3,1,1,4,1,4,4,6,10
SF,IH2005,2020-04-16 09:32:39.300,2723.0000,11606,0,417790440.000,0,-,-,-,-,2722.2000,2722.0000,2721.8000,2721.6000,2721.4000,2723.0000,2723.2000,2723.8000,2724.0000,2724.2000,1,3,3,1,1,1,4,4,6,10
SF,IH2005,2020-04-16 09:32:40.300,2723.0000,11606,0,418607340.000,1,0,1,多换,S,2722.2000,2722.0000,2721.8000,2721.6000,2721.4000,2723.2000,2723.8000,2724.0000,2724.2000,2724.4000,1,3,2,1,1,4,4,6,10,2
SF,IH2005,2020-04-16 09:32:40.800,2723.0000,11606,0,418607340.000,0,-,-,-,-,2722.4000,2722.0000,2721.8000,2721.6000,2721.4000,2723.2000,2723.8000,2724.0000,2724.2000,2724.4000,1,3,2,1,1,4,4,6,10,2
SF,IH2005,2020-04-16 09:32:42.300,2723.2000,11607,1,419424300.000,1,1,0,双开,S,2722.4000,2722.0000,2721.8000,2721.6000,2721.4000,2723.2000,2723.8000,2724.0000,2724.2000,2724.4000,1,3,2,1,1,3,4,6,10,2
SF,IH2005,2020-04-16 09:32:42.800,2723.2000,11607,0,420241260.000,1,0,1,多换,S,2722.4000,2722.0000,2721.8000,2721.6000,2721.4000,2723.2000,2723.8000,2724.0000,2724.2000,2724.4000,1,3,2,1,1,2,4,6,10,2
SF,IH2005,2020-04-16 09:32:43.300,2723.2000,11607,0,420241260.000,0,-,-,-,-,2722.4000,2722.0000,2721.8000,2721.6000,2721.4000,2723.2000,2723.8000,2724.0000,2724.2000,2724.4000,1,3,2,1,1,2,4,6,10,2
SF,IH2005,2020-04-16 09:32:43.800,2723.8000,11609,2,423509460.000,4,3,1,空开,S,2722.4000,2722.0000,2721.8000,2721.6000,2721.4000,2723.8000,2724.0000,2724.2000,2724.4000,2724.6000,1,3,2,1,1,2,6,10,2,4
SF,IH2005,2020-04-16 09:32:44.300,2722.4000,11608,-1,424326180.000,1,0,1,双平,S,2722.6000,2722.0000,2721.8000,2721.6000,2721.4000,2723.2000,2723.6000,2723.8000,2724.0000,2724.2000,1,3,2,1,1,1,5,2,7,10
SF,IH2005,2020-04-16 09:32:44.800,2722.4000,11608,0,424326180.000,0,-,-,-,-,2722.6000,2722.2000,2722.0000,2721.8000,2721.6000,2723.2000,2723.6000,2723.8000,2724.0000,2724.2000,2,1,3,2,1,1,5,2,7,10
SF,IH2005,2020-04-16 09:32:45.300,2722.4000,11608,0,424326180.000,0,-,-,-,-,2722.6000,2722.2000,2722.0000,2721.8000,2721.6000,2723.2000,2723.6000,2723.8000,2724.0000,2724.2000,2,1,3,2,1,1,5,2,7,10
SF,IH2005,2020-04-16 09:32:45.800,2722.4000,11608,0,424326180.000,0,-,-,-,-,2722.6000,2722.2000,2722.0000,2721.8000,2721.6000,2723.2000,2723.6000,2723.8000,2724.0000,2724.2000,2,2,3,2,1,1,5,2,7,10
SF,IH2005,2020-04-16 09:32:47.300,2722.4000,11608,0,424326180.000,0,-,-,-,-,2722.8000,2722.6000,2722.2000,2722.0000,2721.8000,2723.2000,2723.6000,2723.8000,2724.0000,2724.2000,1,2,2,3,2,1,5,2,7,10
SF,IH2005,2020-04-16 09:32:47.800,2723.2000,11608,0,425143140.000,1,0,1,多换,S,2722.8000,2722.6000,2722.2000,2722.0000,2721.8000,2723.6000,2723.8000,2724.0000,2724.2000,2724.4000,1,2,2,4,2,5,2,7,10,2
SF,IH2005,2020-04-16 09:32:48.800,2723.2000,11608,0,425143140.000,0,-,-,-,-,2722.8000,2722.6000,2722.2000,2722.0000,2721.8000,2723.6000,2723.8000,2724.0000,2724.2000,2724.4000,1,2,2,4,2,5,7,7,10,2
SF,IH2005,2020-04-16 09:32:49.800,2722.8000,11609,1,426777060.000,2,1,1,空开,S,2722.8000,2722.6000,2722.2000,2722.0000,2721.8000,2723.6000,2723.8000,2724.0000,2724.2000,2724.4000,1,2,2,4,2,4,8,7,10,2
SF,IH2005,2020-04-16 09:32:50.800,2722.8000,11609,0,426777060.000,0,-,-,-,-,2722.8000,2722.6000,2722.2000,2722.0000,2721.8000,2723.6000,2723.8000,2724.0000,2724.2000,2724.4000,1,2,2,4,2,4,8,4,10,2
SF,IH2005,2020-04-16 09:32:51.300,2722.8000,11609,0,426777060.000,0,-,-,-,-,2722.8000,2722.6000,2722.2000,2722.0000,2721.8000,2723.6000,2723.8000,2724.0000,2724.2000,2724.4000,1,2,2,5,2,4,10,4,5,2
SF,IH2005,2020-04-16 09:32:51.800,2722.8000,11609,0,427593900.000,1,0,1,多换,S,2723.2000,2722.6000,2722.2000,2722.0000,2721.8000,2723.6000,2723.8000,2724.0000,2724.2000,2724.4000,1,2,2,5,2,1,10,4,5,2
SF,IH2005,2020-04-16 09:32:52.300,2723.2000,11609,0,428410860.000,1,0,1,多换,S,2722.6000,2722.2000,2722.0000,2721.8000,2721.6000,2723.6000,2723.8000,2724.0000,2724.2000,2724.4000,2,2,5,2,1,1,10,4,5,2
SF,IH2005,2020-04-16 09:32:52.800,2723.2000,11609,0,428410860.000,0,-,-,-,-,2722.6000,2722.2000,2722.0000,2721.8000,2721.6000,2723.6000,2723.8000,2724.0000,2724.2000,2724.4000,2,2,5,2,1,1,10,4,5,2
SF,IH2005,2020-04-16 09:32:53.300,2722.6000,11611,2,430044420.000,2,2,0,双开,S,2722.2000,2722.0000,2721.8000,2721.6000,2721.4000,2723.6000,2723.8000,2724.0000,2724.2000,2724.4000,2,5,2,1,1,1,10,4,5,2
SF,IH2005,2020-04-16 09:32:53.800,2722.6000,11611,0,430861200.000,1,0,1,多换,S,2722.2000,2722.0000,2721.8000,2721.6000,2721.4000,2723.6000,2723.8000,2724.0000,2724.2000,2724.4000,2,5,2,1,1,1,10,4,4,2
SF,IH2005,2020-04-16 09:32:54.300,2723.6000,11611,0,431678280.000,1,0,1,多换,S,2722.6000,2722.2000,2722.0000,2721.8000,2721.6000,2723.8000,2724.0000,2724.4000,2724.6000,2725.0000,1,2,5,2,1,13,4,2,1,1
SF,IH2005,2020-04-16 09:32:54.800,2723.6000,11611,0,431678280.000,0,-,-,-,-,2722.6000,2722.4000,2722.2000,2722.0000,2721.8000,2723.8000,2724.0000,2724.4000,2724.6000,2725.0000,1,1,2,5,2,13,9,2,1,1
SF,IH2005,2020-04-16 09:32:55.300,2722.6000,11611,0,432495060.000,1,0,1,多换,S,2722.4000,2722.2000,2722.0000,2721.8000,2721.6000,2723.6000,2723.8000,2724.0000,2724.4000,2724.6000,1,2,5,2,1,1,13,9,2,1
SF,IH2005,2020-04-16 09:32:56.300,2722.6000,11611,0,432495060.000,0,-,-,-,-,2722.4000,2722.2000,2722.0000,2721.8000,2721.6000,2723.6000,2723.8000,2724.0000,2724.4000,2724.6000,1,2,5,2,1,2,13,9,2,1
SF,IH2005,2020-04-16 09:32:56.800,2722.6000,11611,0,432495060.000,0,-,-,-,-,2722.4000,2722.2000,2722.0000,2721.8000,2721.6000,2723.6000,2723.8000,2724.0000,2724.4000,2724.6000,1,2,5,2,1,2,13,9,2,1
SF,IH2005,2020-04-16 09:32:57.800,2722.6000,11611,0,432495060.000,0,-,-,-,-,2722.2000,2722.0000,2721.8000,2721.6000,2721.4000,2723.6000,2723.8000,2724.0000,2724.4000,2724.6000,2,5,2,1,1,2,13,6,2,1
SF,IH2005,2020-04-16 09:32:58.300,2723.6000,11611,0,433312140.000,1,0,1,多换,S,2722.4000,2722.2000,2722.0000,2721.8000,2721.6000,2723.4000,2723.6000,2723.8000,2724.0000,2724.4000,2,2,5,2,1,2,1,13,6,2
SF,IH2005,2020-04-16 09:32:58.800,2723.4000,11609,-2,434946180.000,2,0,2,双平,S,2722.8000,2722.4000,2722.2000,2722.0000,2721.8000,2723.6000,2723.8000,2724.0000,2724.4000,2724.6000,2,2,2,5,2,7,13,6,2,1
SF,IH2005,2020-04-16 09:32:59.300,2723.4000,11609,0,434946180.000,0,-,-,-,-,2722.4000,2722.2000,2722.0000,2721.8000,2721.6000,2723.6000,2723.8000,2724.0000,2724.4000,2724.6000,2,2,6,2,1,7,13,6,2,1
SF,IH2005,2020-04-16 09:32:59.800,2723.6000,11610,1,436580340.000,2,1,1,空开,S,2722.4000,2722.2000,2722.0000,2721.8000,2721.6000,2723.6000,2723.8000,2724.0000,2724.4000,2724.6000,2,2,6,2,1,5,13,6,2,1
SF,IH2005,2020-04-16 09:33:00.300,2723.6000,11611,1,438214500.000,2,1,1,空开,S,2722.6000,2722.4000,2722.2000,2722.0000,2721.8000,2723.6000,2723.8000,2724.0000,2724.4000,2724.6000,3,2,3,6,2,3,13,6,2,1
SF,IH2005,2020-04-16 09:33:00.800,2723.8000,11613,2,443117160.000,6,4,2,空开,S,2723.6000,2722.6000,2722.4000,2722.2000,2722.0000,2723.8000,2724.0000,2724.4000,2724.6000,2725.0000,1,3,2,3,5,10,6,2,1,1
SF,IH2005,2020-04-16 09:33:01.300,2723.8000,11620,7,456191460.000,16,11,5,空开,S,2723.8000,2723.6000,2722.6000,2722.4000,2722.2000,2724.0000,2724.4000,2724.6000,2725.0000,2725.2000,3,1,3,3,3,5,2,1,1,1
SF,IH2005,2020-04-16 09:33:01.800,2724.0000,11623,3,461911740.000,7,5,2,空开,S,2724.0000,2723.8000,2723.6000,2722.8000,2722.6000,2724.2000,2724.4000,2724.6000,2725.0000,2725.2000,1,1,1,1,3,4,2,1,1,1
SF,IH2005,2020-04-16 09:33:02.300,2724.0000,11622,-1,463546200.000,2,0,2,多平,S,2723.6000,2723.0000,2722.8000,2722.6000,2722.4000,2724.2000,2724.4000,2724.6000,2725.0000,2725.2000,1,2,1,4,2,3,2,1,1,2
SF,IH2005,2020-04-16 09:33:02.800,2724.0000,11622,0,463546200.000,0,-,-,-,-,2723.8000,2723.0000,2722.8000,2722.6000,2722.4000,2724.2000,2724.4000,2724.6000,2725.0000,2725.2000,2,2,1,4,2,3,2,1,1,2
SF,IH2005,2020-04-16 09:33:03.300,2724.4000,11625,3,466815300.000,4,3,1,空开,S,2723.8000,2723.0000,2722.8000,2722.6000,2722.4000,2724.4000,2724.6000,2725.0000,2725.2000,2725.8000,2,2,1,4,2,1,1,1,2,1
SF,IH2005,2020-04-16 09:33:03.800,2724.4000,11625,0,466815300.000,0,-,-,-,-,2723.8000,2723.0000,2722.8000,2722.6000,2722.4000,2724.0000,2724.2000,2724.4000,2724.6000,2725.0000,2,2,1,4,2,1,2,1,1,1
SF,IH2005,2020-04-16 09:33:04.300,2724.4000,11624,-1,467632620.000,1,0,1,双平,S,2724.4000,2724.0000,2723.8000,2723.6000,2723.4000,2724.6000,2725.0000,2725.2000,2725.8000,2726.0000,2,3,2,1,1,1,1,2,1,1
SF,IH2005,2020-04-16 09:33:04.800,2724.6000,11624,0,468450000.000,1,0,1,多换,S,2724.4000,2724.0000,2723.8000,2723.6000,2723.4000,2725.0000,2725.2000,2725.8000,2726.0000,2726.4000,2,2,2,1,2,1,2,1,1,1
SF,IH2005,2020-04-16 09:33:05.300,2724.0000,11622,-2,470901840.000,3,0,3,多平,S,2723.8000,2723.6000,2723.4000,2722.8000,2722.6000,2724.4000,2724.8000,2725.0000,2725.2000,2725.8000,2,1,2,3,4,1,4,1,2,1
SF,IH2005,2020-04-16 09:33:05.800,2724.8000,11620,-2,472536600.000,2,0,2,双平,S,2724.2000,2724.0000,2723.8000,2723.4000,2722.8000,2724.8000,2725.0000,2725.2000,2725.6000,2725.8000,1,1,2,2,3,1,2,2,1,1
SF,IH2005,2020-04-16 09:33:06.300,2724.2000,11620,0,473353860.000,1,0,1,多换,S,2723.8000,2723.4000,2722.8000,2722.6000,2722.4000,2724.2000,2724.8000,2725.0000,2725.2000,2725.6000,2,2,3,4,2,1,1,2,2,1
SF,IH2005,2020-04-16 09:33:06.800,2724.2000,11620,0,474171120.000,1,0,1,多换,S,2724.2000,2723.8000,2723.4000,2722.8000,2722.6000,2724.8000,2725.0000,2725.2000,2725.6000,2725.8000,1,2,2,3,3,1,2,2,1,1
SF,IH2005,2020-04-16 09:33:07.300,2724.8000,11620,0,474988560.000,1,0,1,多换,S,2724.2000,2723.8000,2723.4000,2722.8000,2722.6000,2724.6000,2725.0000,2725.2000,2725.6000,2725.8000,1,2,2,3,3,1,2,2,1,1
SF,IH2005,2020-04-16 09:33:07.800,2723.8000,11621,1,475805700.000,1,1,0,双开,S,2723.8000,2723.4000,2722.8000,2722.6000,2722.4000,2724.6000,2725.0000,2725.2000,2725.6000,2725.8000,1,2,3,3,2,2,2,2,1,1
SF,IH2005,2020-04-16 09:33:08.300,2723.8000,11621,0,475805700.000,0,-,-,-,-,2723.8000,2723.4000,2722.8000,2722.6000,2722.4000,2724.2000,2724.6000,2725.0000,2725.2000,2725.6000,1,2,3,3,2,1,1,2,2,1
SF,IH2005,2020-04-16 09:33:08.800,2724.2000,11621,0,476622960.000,1,0,1,多换,S,2724.0000,2723.8000,2723.4000,2722.8000,2722.6000,2724.6000,2725.0000,2725.2000,2725.6000,2725.8000,1,1,2,2,3,1,2,2,1,1
SF,IH2005,2020-04-16 09:33:09.300,2724.2000,11621,0,476622960.000,0,-,-,-,-,2724.2000,2724.0000,2723.8000,2723.4000,2722.8000,2725.0000,2725.2000,2725.6000,2725.8000,2726.0000,1,1,1,2,2,2,2,1,1,1
SF,IH2005,2020-04-16 09:33:09.800,2724.2000,11621,0,476622960.000,0,-,-,-,-,2724.0000,2723.8000,2723.6000,2723.4000,2722.8000,2724.8000,2725.0000,2725.2000,2725.6000,2725.8000,1,1,1,2,2,2,2,6,1,1
SF,IH2005,2020-04-16 09:33:10.300,2724.2000,11621,0,476622960.000,0,-,-,-,-,2724.0000,2723.8000,2723.6000,2723.4000,2723.0000,2724.8000,2725.0000,2725.2000,2725.6000,2725.8000,1,1,1,2,1,1,2,6,1,1
SF,IH2005,2020-04-16 09:33:10.800,2724.2000,11621,0,476622960.000,0,-,-,-,-,2724.0000,2723.8000,2723.6000,2723.4000,2723.0000,2724.8000,2725.0000,2725.2000,2725.6000,2725.8000,1,1,1,2,1,1,5,6,1,1
SF,IH2005,2020-04-16 09:33:11.300,2724.2000,11621,0,476622960.000,0,-,-,-,-,2724.0000,2723.8000,2723.6000,2723.4000,2723.0000,2724.8000,2725.0000,2725.2000,2725.6000,2725.8000,1,1,1,2,1,2,5,6,1,1
SF,IH2005,2020-04-16 09:33:11.800,2724.0000,11620,-1,479892600.000,4,1,3,多平,S,2723.8000,2723.6000,2723.4000,2723.0000,2722.8000,2725.0000,2725.2000,2725.6000,2725.8000,2726.0000,1,1,2,1,2,3,6,1,1,1
SF,IH2005,2020-04-16 09:33:12.300,2725.0000,11620,0,481527600.000,2,1,1,多换,S,2723.8000,2723.6000,2723.4000,2723.0000,2722.8000,2725.0000,2725.2000,2725.6000,2725.8000,2726.0000,1,1,2,1,2,1,6,1,1,1
SF,IH2005,2020-04-16 09:33:12.800,2724.4000,11619,-1,482344920.000,1,0,1,双平,S,2723.8000,2723.6000,2723.4000,2723.0000,2722.8000,2725.0000,2725.2000,2725.6000,2725.8000,2726.0000,1,1,2,1,2,1,4,1,1,1
SF,IH2005,2020-04-16 09:33:13.300,2724.4000,11619,0,482344920.000,0,-,-,-,-,2724.4000,2723.8000,2723.6000,2723.4000,2723.0000,2725.0000,2725.2000,2725.6000,2725.8000,2726.0000,1,1,1,2,1,1,4,1,1,1
SF,IH2005,2020-04-16 09:33:13.800,2724.4000,11619,0,483162240.000,1,0,1,多换,S,2724.0000,2723.8000,2723.6000,2723.4000,2723.0000,2725.0000,2725.2000,2725.6000,2725.8000,2726.0000,1,1,1,2,1,1,4,1,1,1
SF,IH2005,2020-04-16 09:33:14.800,2724.0000,11619,0,483979440.000,1,0,1,多换,S,2723.8000,2723.6000,2723.4000,2723.0000,2722.6000,2725.0000,2725.2000,2725.6000,2725.8000,2726.0000,1,1,2,1,3,1,4,1,1,1
SF,IH2005,2020-04-16 09:33:15.300,2724.0000,11619,0,483979440.000,0,-,-,-,-,2723.8000,2723.6000,2723.4000,2723.2000,2723.0000,2725.0000,2725.2000,2725.6000,2725.8000,2726.0000,1,1,2,1,1,1,4,1,1,1
SF,IH2005,2020-04-16 09:33:16.300,2724.0000,11619,0,483979440.000,0,-,-,-,-,2723.8000,2723.6000,2723.4000,2723.2000,2723.0000,2724.8000,2725.0000,2725.2000,2725.6000,2725.8000,1,1,2,1,1,3,1,4,1,1
SF,IH2005,2020-04-16 09:33:16.800,2724.0000,11619,0,483979440.000,0,-,-,-,-,2723.8000,2723.6000,2723.4000,2723.2000,2723.0000,2724.8000,2725.0000,2725.2000,2725.6000,2725.8000,1,1,2,1,1,2,1,4,1,1
SF,IH2005,2020-04-16 09:33:17.800,2724.8000,11617,-2,485614260.000,2,0,2,双平,S,2724.8000,2723.8000,2723.6000,2723.4000,2723.2000,2725.0000,2725.2000,2725.6000,2725.8000,2726.0000,4,1,1,2,1,1,4,1,1,1
SF,IH2005,2020-04-16 09:33:18.300,2724.8000,11615,-2,488066580.000,3,0,3,多平,S,2724.8000,2723.6000,2723.4000,2723.2000,2723.0000,2725.0000,2725.2000,2725.6000,2725.8000,2726.0000,1,1,2,1,2,1,4,1,1,1
SF,IH2005,2020-04-16 09:33:18.800,2724.8000,11615,0,488884020.000,1,0,1,多换,S,2723.6000,2723.4000,2723.2000,2723.0000,2722.6000,2725.0000,2725.2000,2725.6000,2725.8000,2726.0000,1,2,1,2,3,1,4,1,1,1
SF,IH2005,2020-04-16 09:33:19.300,2724.8000,11615,0,488884020.000,0,-,-,-,-,2723.8000,2723.6000,2723.4000,2723.2000,2723.0000,2725.0000,2725.2000,2725.6000,2725.8000,2726.0000,2,1,2,1,2,1,4,1,1,1
SF,IH2005,2020-04-16 09:33:19.800,2724.8000,11615,0,488884020.000,0,-,-,-,-,2723.8000,2723.6000,2723.4000,2723.2000,2723.0000,2725.0000,2725.2000,2725.6000,2725.8000,2726.0000,2,1,2,1,2,2,4,1,1,1
SF,IH2005,2020-04-16 09:33:20.300,2724.8000,11615,0,488884020.000,0,-,-,-,-,2723.8000,2723.6000,2723.4000,2723.2000,2723.0000,2725.0000,2725.2000,2725.6000,2725.8000,2726.0000,2,1,2,1,2,3,4,1,1,1
SF,IH2005,2020-04-16 09:33:20.800,2724.0000,11614,-1,492153720.000,4,1,3,多平,S,2723.8000,2723.6000,2723.4000,2723.2000,2723.0000,2724.8000,2725.2000,2725.6000,2725.8000,2726.0000,1,1,2,1,2,1,4,1,1,1
SF,IH2005,2020-04-16 09:33:21.300,2724.0000,11614,0,492153720.000,0,-,-,-,-,2724.4000,2724.0000,2723.8000,2723.6000,2723.4000,2724.6000,2724.8000,2725.2000,2725.4000,2725.6000,2,1,1,1,2,1,1,4,1,1
SF,IH2005,2020-04-16 09:33:21.800,2724.8000,11614,0,493788540.000,2,1,1,多换,S,2725.0000,2724.4000,2724.2000,2724.0000,2723.8000,2725.2000,2725.4000,2725.6000,2725.8000,2726.0000,1,3,1,2,1,4,1,1,1,1
SF,IH2005,2020-04-16 09:33:22.300,2725.0000,11613,-1,494606040.000,1,0,1,双平,S,2724.4000,2724.2000,2724.0000,2723.6000,2723.4000,2725.2000,2725.4000,2725.6000,2725.8000,2726.0000,1,1,3,1,2,4,1,1,1,1
SF,IH2005,2020-04-16 09:33:22.800,2725.2000,11614,1,496241160.000,2,1,1,空开,S,2725.0000,2724.6000,2724.4000,2724.2000,2724.0000,2725.2000,2725.4000,2725.6000,2725.8000,2726.0000,2,2,2,1,4,2,1,1,1,1
SF,IH2005,2020-04-16 09:33:23.300,2725.2000,11615,1,497058720.000,1,1,0,双开,S,2725.0000,2724.6000,2724.4000,2724.2000,2724.0000,2725.2000,2725.4000,2725.6000,2725.8000,2726.0000,2,2,2,1,4,1,1,1,1,1
SF,IH2005,2020-04-16 09:33:23.800,2725.4000,11615,0,498693900.000,2,1,1,多换,S,2725.4000,2725.2000,2725.0000,2724.6000,2724.4000,2725.6000,2725.8000,2726.0000,2726.2000,2726.4000,1,2,2,2,2,1,1,1,1,1
SF,IH2005,2020-04-16 09:33:24.300,2726.4000,11610,-5,502782900.000,5,0,5,双平,S,2725.6000,2725.4000,2725.2000,2725.0000,2724.6000,2726.8000,2727.4000,2727.6000,2727.8000,2728.0000,3,1,2,2,2,2,2,1,1,3
SF,IH2005,2020-04-16 09:33:24.800,2725.4000,11613,3,507689040.000,6,4,2,空开,S,2725.2000,2725.0000,2724.6000,2724.4000,2724.2000,2726.6000,2726.8000,2727.0000,2727.4000,2727.6000,1,2,3,1,1,5,2,1,2,1
SF,IH2005,2020-04-16 09:33:25.300,2725.6000,11612,-1,508506720.000,1,0,1,双平,S,2725.2000,2725.0000,2724.6000,2724.4000,2724.2000,2726.4000,2726.6000,2726.8000,2727.0000,2727.4000,1,2,3,2,1,1,6,2,1,2
SF,IH2005,2020-04-16 09:33:25.800,2726.4000,11611,-1,509324640.000,1,0,1,双平,S,2725.8000,2725.4000,2725.2000,2725.0000,2724.6000,2726.6000,2726.8000,2727.0000,2727.4000,2727.6000,1,1,1,2,3,4,2,1,2,1
SF,IH2005,2020-04-16 09:33:26.300,2726.4000,11611,0,509324640.000,0,-,-,-,-,2725.8000,2725.4000,2725.2000,2725.0000,2724.6000,2726.4000,2726.6000,2726.8000,2727.0000,2727.4000,1,1,1,2,5,1,4,2,1,2
SF,IH2005,2020-04-16 09:33:26.800,2726.4000,11611,0,510142560.000,1,0,1,多换,S,2725.8000,2725.4000,2725.2000,2725.0000,2724.6000,2726.6000,2726.8000,2727.0000,2727.4000,2727.6000,1,1,1,2,3,2,2,1,2,1
SF,IH2005,2020-04-16 09:33:27.300,2726.4000,11611,0,510142560.000,0,-,-,-,-,2725.8000,2725.2000,2725.0000,2724.6000,2724.4000,2726.6000,2726.8000,2727.0000,2727.4000,2727.6000,1,1,2,3,2,2,2,1,2,1
SF,IH2005,2020-04-16 09:33:27.800,2726.4000,11611,0,510142560.000,0,-,-,-,-,2725.8000,2725.2000,2725.0000,2724.6000,2724.4000,2726.6000,2726.8000,2727.0000,2727.4000,2727.6000,1,1,2,3,2,2,2,1,2,1
SF,IH2005,2020-04-16 09:33:28.300,2726.6000,11612,1,511778520.000,2,1,1,空开,S,2725.8000,2725.2000,2725.0000,2724.6000,2724.4000,2726.8000,2727.0000,2727.4000,2727.6000,2727.8000,1,1,2,3,2,2,1,2,1,1
SF,IH2005,2020-04-16 09:33:28.800,2726.0000,11613,1,512596320.000,1,1,0,双开,S,2725.8000,2725.2000,2725.0000,2724.6000,2724.4000,2726.8000,2727.0000,2727.4000,2727.6000,2727.8000,1,1,2,3,2,2,1,2,1,1
SF,IH2005,2020-04-16 09:33:29.300,2726.0000,11613,0,512596320.000,0,-,-,-,-,2725.8000,2725.2000,2725.0000,2724.6000,2724.4000,2726.8000,2727.0000,2727.4000,2727.6000,2727.8000,1,1,2,3,2,2,4,2,1,1
SF,IH2005,2020-04-16 09:33:29.800,2726.0000,11613,0,512596320.000,0,-,-,-,-,2726.6000,2725.8000,2725.2000,2725.0000,2724.6000,2726.8000,2727.0000,2727.4000,2727.6000,2727.8000,1,1,1,2,3,2,4,2,1,1
SF,IH2005,2020-04-16 09:33:30.300,2726.6000,11613,0,514232280.000,2,1,1,多换,S,2725.8000,2725.2000,2725.0000,2724.6000,2724.4000,2726.6000,2726.8000,2727.0000,2727.4000,2727.8000,1,1,2,3,2,2,2,4,2,1
SF,IH2005,2020-04-16 09:33:30.800,2726.6000,11614,1,515050260.000,1,1,0,双开,S,2725.8000,2725.2000,2725.0000,2724.6000,2724.4000,2726.6000,2726.8000,2727.0000,2727.4000,2727.8000,1,1,2,3,2,2,2,4,2,1
SF,IH2005,2020-04-16 09:33:31.300,2725.8000,11613,-1,515868000.000,1,0,1,双平,S,2725.2000,2725.0000,2724.6000,2724.4000,2724.2000,2726.6000,2726.8000,2727.0000,2727.4000,2727.8000,1,2,3,2,1,2,2,4,2,1
SF,IH2005,2020-04-16 09:33:31.800,2725.8000,11612,-1,516685740.000,1,0,1,双平,S,2725.4000,2725.2000,2725.0000,2724.6000,2724.4000,2726.6000,2726.8000,2727.0000,2727.4000,2727.8000,1,1,2,3,2,2,2,4,2,1
SF,IH2005,2020-04-16 09:33:32.300,2726.8000,11610,-2,519139740.000,3,0,3,多平,S,2725.8000,2725.6000,2725.4000,2725.2000,2725.0000,2726.8000,2727.0000,2727.4000,2727.8000,2728.0000,1,3,1,1,2,1,4,2,1,4
SF,IH2005,2020-04-16 09:33:32.800,2726.8000,11610,0,519139740.000,0,-,-,-,-,2726.0000,2725.8000,2725.6000,2725.4000,2725.2000,2726.8000,2727.0000,2727.4000,2727.8000,2728.0000,1,1,3,1,1,1,4,2,1,3
SF,IH2005,2020-04-16 09:33:33.800,2726.8000,11610,0,519139740.000,0,-,-,-,-,2726.0000,2725.8000,2725.6000,2725.4000,2725.2000,2727.0000,2727.4000,2727.8000,2728.0000,2728.4000,1,1,2,1,1,4,2,1,3,1
SF,IH2005,2020-04-16 09:33:34.300,2726.8000,11610,0,519139740.000,0,-,-,-,-,2726.0000,2725.8000,2725.6000,2725.4000,2725.2000,2726.4000,2727.0000,2727.4000,2727.8000,2728.0000,1,1,2,1,1,1,4,2,1,3
SF,IH2005,2020-04-16 09:33:34.800,2726.4000,11609,-1,519957660.000,1,0,1,双平,S,2726.4000,2726.0000,2725.8000,2725.6000,2725.4000,2726.6000,2727.0000,2727.4000,2727.8000,2728.0000,2,1,1,1,1,3,4,2,1,3
SF,IH2005,2020-04-16 09:33:35.300,2726.6000,11610,1,522411600.000,3,2,1,空开,S,2726.4000,2726.0000,2725.8000,2725.6000,2725.4000,2726.8000,2727.0000,2727.4000,2727.8000,2728.0000,2,1,1,1,1,3,4,2,1,3
SF,IH2005,2020-04-16 09:33:35.800,2726.6000,11610,0,522411600.000,0,-,-,-,-,2725.8000,2725.6000,2725.2000,2725.0000,2724.6000,2726.8000,2727.0000,2727.4000,2727.8000,2728.0000,1,1,1,2,3,4,4,2,1,3
SF,IH2005,2020-04-16 09:33:36.300,2726.6000,11610,0,523229580.000,1,0,1,多换,S,2726.6000,2726.0000,2725.8000,2725.6000,2725.2000,2726.8000,2727.0000,2727.4000,2727.8000,2728.0000,2,2,1,1,1,3,4,2,1,3
SF,IH2005,2020-04-16 09:33:36.800,2726.6000,11608,-2,524865540.000,2,0,2,双平,S,2726.0000,2725.8000,2725.2000,2725.0000,2724.6000,2726.8000,2727.0000,2727.4000,2727.8000,2728.0000,2,1,1,2,3,3,4,2,1,3
SF,IH2005,2020-04-16 09:33:37.300,2726.6000,11608,0,524865540.000,0,-,-,-,-,2726.0000,2725.8000,2725.2000,2725.0000,2724.6000,2726.8000,2727.0000,2727.4000,2727.8000,2728.0000,2,1,1,2,3,3,4,2,1,3
SF,IH2005,2020-04-16 09:33:37.800,2726.6000,11608,0,524865540.000,0,-,-,-,-,2726.0000,2725.8000,2725.2000,2725.0000,2724.6000,2726.4000,2726.8000,2727.0000,2727.4000,2727.8000,2,1,1,2,3,1,3,4,2,1
SF,IH2005,2020-04-16 09:33:38.800,2726.4000,11608,0,525683460.000,1,0,1,多换,S,2726.0000,2725.8000,2725.2000,2725.0000,2724.6000,2726.8000,2727.0000,2727.4000,2727.8000,2728.0000,2,1,1,2,3,3,4,2,1,3
SF,IH2005,2020-04-16 09:33:39.300,2726.4000,11608,0,525683460.000,0,-,-,-,-,2726.4000,2725.8000,2725.2000,2725.0000,2724.6000,2726.8000,2727.0000,2727.4000,2727.8000,2728.0000,1,1,1,2,3,3,6,2,1,3
SF,IH2005,2020-04-16 09:33:39.800,2726.8000,11608,0,528137580.000,3,1,2,多换,S,2726.4000,2725.8000,2725.2000,2725.0000,2724.6000,2726.8000,2727.0000,2727.4000,2727.8000,2728.0000,1,1,1,2,3,1,6,2,1,3
SF,IH2005,2020-04-16 09:33:40.300,2726.4000,11609,1,528955500.000,1,1,0,双开,S,2725.8000,2725.2000,2725.0000,2724.6000,2724.4000,2726.0000,2726.8000,2727.0000,2727.4000,2727.8000,1,1,2,3,1,1,1,6,2,1
SF,IH2005,2020-04-16 09:33:40.800,2726.0000,11609,0,530591100.000,2,1,1,多换,S,2726.0000,2725.8000,2725.2000,2725.0000,2724.6000,2726.8000,2727.0000,2727.4000,2727.8000,2728.0000,3,1,1,2,3,1,6,2,1,3
SF,IH2005,2020-04-16 09:33:41.300,2726.0000,11609,0,530591100.000,0,-,-,-,-,2726.0000,2725.8000,2725.2000,2725.0000,2724.6000,2726.6000,2726.8000,2727.0000,2727.4000,2727.8000,1,1,1,2,3,1,1,6,2,1
SF,IH2005,2020-04-16 09:33:42.300,2726.0000,11609,0,530591100.000,0,-,-,-,-,2725.8000,2725.2000,2725.0000,2724.6000,2724.4000,2726.6000,2726.8000,2727.0000,2727.4000,2727.8000,1,1,2,3,1,1,1,6,2,1
SF,IH2005,2020-04-16 09:33:42.800,2726.6000,11609,0,531409080.000,1,0,1,多换,S,2726.0000,2725.8000,2725.2000,2725.0000,2724.6000,2726.6000,2726.8000,2727.0000,2727.4000,2727.8000,1,1,1,2,3,1,1,6,2,1
SF,IH2005,2020-04-16 09:33:43.800,2726.0000,11609,0,532226880.000,1,0,1,多换,S,2725.8000,2725.2000,2725.0000,2724.6000,2724.4000,2726.6000,2726.8000,2727.0000,2727.4000,2727.8000,1,1,2,3,1,1,1,6,2,1
SF,IH2005,2020-04-16 09:33:44.800,2726.0000,11609,0,532226880.000,0,-,-,-,-,2725.8000,2725.2000,2725.0000,2724.6000,2724.4000,2726.0000,2726.6000,2726.8000,2727.0000,2727.4000,1,1,2,3,1,1,1,1,6,2
SF,IH2005,2020-04-16 09:33:45.300,2726.6000,11612,3,536316480.000,5,4,1,空开,S,2726.6000,2726.0000,2725.2000,2725.0000,2724.6000,2726.8000,2727.0000,2727.4000,2727.8000,2728.0000,1,1,1,2,3,1,6,2,1,3
SF,IH2005,2020-04-16 09:33:45.800,2726.6000,11612,0,537134460.000,1,0,1,多换,S,2726.0000,2725.2000,2725.0000,2724.6000,2724.4000,2726.8000,2727.0000,2727.4000,2727.8000,2728.0000,2,1,2,3,1,1,6,2,1,3
SF,IH2005,2020-04-16 09:33:46.800,2726.6000,11612,0,537134460.000,0,-,-,-,-,2726.0000,2725.2000,2725.0000,2724.6000,2724.4000,2726.6000,2726.8000,2727.0000,2727.4000,2727.8000,2,1,2,3,1,1,1,6,2,1
SF,IH2005,2020-04-16 09:33:47.300,2726.6000,11612,0,537134460.000,0,-,-,-,-,2726.0000,2725.2000,2725.0000,2724.6000,2724.4000,2726.6000,2726.8000,2727.0000,2727.4000,2727.8000,1,1,2,3,1,2,1,6,2,1
SF,IH2005,2020-04-16 09:33:47.800,2726.6000,11612,0,537134460.000,0,-,-,-,-,2726.0000,2725.2000,2725.0000,2724.6000,2724.4000,2726.6000,2726.8000,2727.0000,2727.4000,2727.8000,2,1,2,3,1,2,2,6,1,1
SF,IH2005,2020-04-16 09:33:48.300,2726.6000,11612,0,537134460.000,0,-,-,-,-,2726.0000,2725.2000,2725.0000,2724.6000,2724.4000,2726.4000,2726.6000,2726.8000,2727.0000,2727.4000,2,1,2,3,1,4,2,2,6,1
SF,IH2005,2020-04-16 09:33:48.800,2726.0000,11613,1,539588040.000,3,2,1,空开,S,2725.2000,2725.0000,2724.6000,2724.4000,2724.2000,2726.4000,2726.6000,2726.8000,2727.0000,2727.4000,1,2,3,1,1,3,2,2,6,1
SF,IH2005,2020-04-16 09:33:49.300,2726.2000,11612,-1,540405900.000,1,0,1,双平,S,2725.2000,2725.0000,2724.6000,2724.4000,2724.2000,2726.4000,2726.6000,2726.8000,2727.0000,2727.4000,1,2,3,1,1,4,2,2,6,1
SF,IH2005,2020-04-16 09:33:49.800,2726.2000,11612,0,540405900.000,0,-,-,-,-,2725.0000,2724.6000,2724.4000,2724.2000,2724.0000,2726.4000,2726.6000,2726.8000,2727.0000,2727.4000,2,3,1,1,3,5,6,1,6,1
SF,IH2005,2020-04-16 09:33:50.300,2726.2000,11611,-1,542041620.000,2,0,2,多平,S,2725.0000,2724.6000,2724.4000,2724.2000,2724.0000,2726.4000,2726.6000,2726.8000,2727.0000,2727.4000,2,3,1,1,3,5,6,1,6,1
SF,IH2005,2020-04-16 09:33:50.800,2726.2000,11611,0,542041620.000,0,-,-,-,-,2725.0000,2724.6000,2724.4000,2724.2000,2724.0000,2726.2000,2726.4000,2726.6000,2726.8000,2727.0000,3,3,1,1,3,1,5,7,1,6
SF,IH2005,2020-04-16 09:33:51.300,2726.2000,11611,0,542041620.000,0,-,-,-,-,2725.0000,2724.6000,2724.4000,2724.2000,2724.0000,2726.0000,2726.2000,2726.4000,2726.6000,2726.8000,3,3,1,1,3,1,2,5,7,1
SF,IH2005,2020-04-16 09:33:52.300,2726.2000,11611,0,543677280.000,2,1,1,多换,S,2726.0000,2725.0000,2724.6000,2724.4000,2724.2000,2726.2000,2726.4000,2726.6000,2726.8000,2727.0000,1,3,3,1,1,1,5,7,1,5
SF,IH2005,2020-04-16 09:33:52.800,2726.0000,11610,-1,544495080.000,1,0,1,双平,S,2725.0000,2724.6000,2724.4000,2724.2000,2724.0000,2726.0000,2726.2000,2726.4000,2726.6000,2726.8000,1,3,1,1,3,4,1,3,7,1
SF,IH2005,2020-04-16 09:33:53.300,2726.0000,11610,0,546948180.000,3,1,2,多换,S,2724.6000,2724.4000,2724.2000,2724.0000,2723.6000,2726.0000,2726.2000,2726.4000,2726.6000,2727.0000,3,1,1,3,2,2,1,1,7,5
SF,IH2005,2020-04-16 09:33:53.800,2726.0000,11610,0,546948180.000,0,-,-,-,-,2725.0000,2724.8000,2724.6000,2724.4000,2724.2000,2726.0000,2726.2000,2726.4000,2726.6000,2727.0000,1,1,3,1,1,2,1,1,7,5
SF,IH2005,2020-04-16 09:33:54.300,2726.0000,11610,0,547765980.000,1,0,1,多换,S,2725.0000,2724.8000,2724.6000,2724.4000,2724.2000,2726.0000,2726.2000,2726.4000,2726.6000,2727.0000,1,1,3,1,1,1,1,1,7,5
SF,IH2005,2020-04-16 09:33:54.800,2726.0000,11610,0,547765980.000,0,-,-,-,-,2725.0000,2724.8000,2724.6000,2724.4000,2724.2000,2726.0000,2726.2000,2726.4000,2726.6000,2727.0000,1,1,3,1,1,1,1,2,7,5
SF,IH2005,2020-04-16 09:33:56.300,2726.0000,11610,0,547765980.000,0,-,-,-,-,2725.0000,2724.8000,2724.6000,2724.4000,2724.2000,2726.2000,2726.4000,2726.6000,2727.0000,2727.4000,1,1,3,1,1,1,2,7,5,1
SF,IH2005,2020-04-16 09:33:56.800,2726.0000,11610,0,548583780.000,1,0,1,多换,S,2725.0000,2724.8000,2724.6000,2724.4000,2724.2000,2726.2000,2726.4000,2726.6000,2727.0000,2727.4000,1,1,3,1,1,1,2,7,5,1
SF,IH2005,2020-04-16 09:33:58.300,2726.0000,11610,0,548583780.000,0,-,-,-,-,2725.8000,2725.0000,2724.8000,2724.6000,2724.4000,2726.2000,2726.4000,2726.6000,2727.0000,2727.4000,1,2,1,3,1,1,2,7,5,1
SF,IH2005,2020-04-16 09:33:58.800,2725.8000,11610,0,549401520.000,1,0,1,多换,S,2725.0000,2724.8000,2724.6000,2724.4000,2724.2000,2725.8000,2726.2000,2726.4000,2726.6000,2727.0000,2,1,3,1,1,1,1,2,7,5
SF,IH2005,2020-04-16 09:33:59.300,2725.8000,11610,0,549401520.000,0,-,-,-,-,2725.0000,2724.6000,2724.4000,2724.2000,2724.0000,2725.8000,2726.2000,2726.4000,2726.6000,2727.0000,1,3,1,1,3,2,1,1,7,5
SF,IH2005,2020-04-16 09:33:59.800,2725.8000,11610,0,549401520.000,0,-,-,-,-,2725.2000,2725.0000,2724.6000,2724.4000,2724.2000,2725.8000,2726.2000,2726.4000,2726.6000,2727.0000,1,1,4,1,1,2,1,1,7,5
SF,IH2005,2020-04-16 09:34:00.300,2726.2000,11611,1,552672720.000,4,2,2,空开,S,2725.4000,2725.2000,2725.0000,2724.6000,2724.4000,2726.4000,2726.6000,2727.0000,2727.4000,2727.8000,1,1,1,4,1,1,7,5,1,1
SF,IH2005,2020-04-16 09:34:00.800,2726.2000,11611,0,552672720.000,0,-,-,-,-,2725.4000,2725.2000,2725.0000,2724.6000,2724.4000,2726.2000,2726.4000,2726.6000,2727.0000,2727.4000,1,1,1,4,1,1,1,7,5,1
SF,IH2005,2020-04-16 09:34:01.300,2726.2000,11611,0,552672720.000,0,-,-,-,-,2725.4000,2725.2000,2725.0000,2724.6000,2724.4000,2726.4000,2726.6000,2727.0000,2727.4000,2727.8000,1,1,1,4,1,1,7,5,1,1
SF,IH2005,2020-04-16 09:34:01.800,2726.2000,11611,0,552672720.000,0,-,-,-,-,2725.4000,2725.2000,2725.0000,2724.6000,2724.4000,2726.2000,2726.4000,2726.6000,2727.0000,2727.4000,1,1,1,4,1,1,1,7,5,1
SF,IH2005,2020-04-16 09:34:02.300,2726.2000,11611,0,553490580.000,1,0,1,多换,S,2725.4000,2725.2000,2725.0000,2724.6000,2724.4000,2726.2000,2726.4000,2726.6000,2727.0000,2727.4000,1,1,1,4,1,1,1,7,5,1
SF,IH2005,2020-04-16 09:34:03.300,2726.2000,11611,0,553490580.000,0,-,-,-,-,2725.4000,2725.2000,2725.0000,2724.6000,2724.4000,2726.2000,2726.4000,2726.6000,2727.0000,2727.4000,1,1,1,3,1,1,1,7,5,1
SF,IH2005,2020-04-16 09:34:03.800,2726.2000,11611,0,553490580.000,0,-,-,-,-,2725.4000,2725.2000,2725.0000,2724.6000,2724.4000,2726.4000,2726.6000,2727.0000,2727.4000,2727.8000,1,1,1,3,1,1,7,5,1,1
SF,IH2005,2020-04-16 09:34:04.300,2726.2000,11611,0,553490580.000,0,-,-,-,-,2725.4000,2725.2000,2725.0000,2724.6000,2724.4000,2726.2000,2726.4000,2726.6000,2727.0000,2727.4000,1,1,1,3,1,1,1,7,5,1
SF,IH2005,2020-04-16 09:34:04.800,2726.2000,11611,0,553490580.000,0,-,-,-,-,2725.4000,2725.2000,2725.0000,2724.6000,2724.4000,2726.2000,2726.4000,2726.6000,2727.0000,2727.4000,1,1,1,3,1,1,2,7,5,1
SF,IH2005,2020-04-16 09:34:05.800,2726.2000,11611,0,554308440.000,1,0,1,多换,S,2725.4000,2725.2000,2725.0000,2724.6000,2724.4000,2726.4000,2726.6000,2727.0000,2727.4000,2727.8000,1,1,1,3,1,2,7,5,1,1
SF,IH2005,2020-04-16 09:34:07.300,2726.2000,11611,0,554308440.000,0,-,-,-,-,2725.4000,2725.2000,2725.0000,2724.6000,2724.4000,2726.4000,2726.6000,2727.0000,2727.4000,2727.8000,1,1,1,3,1,2,8,5,1,1
SF,IH2005,2020-04-16 09:34:07.800,2726.2000,11611,0,554308440.000,0,-,-,-,-,2726.0000,2725.4000,2725.2000,2725.0000,2724.6000,2726.4000,2726.6000,2727.0000,2727.4000,2727.8000,1,1,1,1,3,2,8,5,1,1
SF,IH2005,2020-04-16 09:34:08.300,2726.4000,11612,1,556761960.000,3,2,1,空开,S,2725.4000,2725.2000,2725.0000,2724.6000,2724.2000,2726.4000,2726.6000,2727.0000,2727.4000,2727.8000,1,1,1,3,1,1,8,5,1,1
SF,IH2005,2020-04-16 09:34:08.800,2726.4000,11612,0,556761960.000,0,-,-,-,-,2725.4000,2725.2000,2725.0000,2724.6000,2724.2000,2725.6000,2726.4000,2726.6000,2727.0000,2727.4000,1,1,1,3,1,1,1,8,5,1
SF,IH2005,2020-04-16 09:34:09.300,2725.6000,11611,-1,558397320.000,2,0,2,多平,S,2725.6000,2725.4000,2725.2000,2725.0000,2724.6000,2725.8000,2726.4000,2726.6000,2727.0000,2727.4000,3,1,1,1,3,2,1,8,2,1
SF,IH2005,2020-04-16 09:34:09.800,2725.8000,11611,0,560032800.000,2,1,1,多换,S,2725.6000,2725.4000,2725.2000,2725.0000,2724.6000,2726.4000,2726.6000,2727.0000,2727.4000,2727.8000,2,1,1,1,3,1,8,2,1,1
SF,IH2005,2020-04-16 09:34:10.300,2726.2000,11610,-1,561668340.000,2,0,2,多平,S,2725.8000,2725.2000,2725.0000,2724.6000,2724.2000,2726.4000,2726.6000,2727.0000,2727.4000,2727.8000,1,1,1,3,1,1,8,2,1,1
SF,IH2005,2020-04-16 09:34:10.800,2726.2000,11610,0,561668340.000,0,-,-,-,-,2725.4000,2725.2000,2725.0000,2724.6000,2724.2000,2726.4000,2726.6000,2727.0000,2727.4000,2727.8000,1,1,1,3,1,1,8,2,1,1
SF,IH2005,2020-04-16 09:34:11.800,2726.2000,11610,0,561668340.000,0,-,-,-,-,2725.4000,2725.2000,2725.0000,2724.6000,2724.2000,2726.2000,2726.4000,2726.6000,2727.0000,2727.4000,1,1,1,3,1,1,1,8,2,1
SF,IH2005,2020-04-16 09:34:12.300,2725.4000,11609,-1,562485960.000,1,0,1,双平,S,2725.2000,2725.0000,2724.6000,2724.2000,2724.0000,2726.2000,2726.4000,2726.6000,2727.0000,2727.4000,1,1,3,1,3,1,1,8,2,1
SF,IH2005,2020-04-16 09:34:12.800,2725.0000,11607,-2,564121020.000,2,0,2,双平,S,2724.6000,2724.2000,2724.0000,2723.6000,2723.4000,2726.0000,2726.2000,2726.4000,2726.6000,2727.0000,3,1,3,1,2,2,1,1,8,2
SF,IH2005,2020-04-16 09:34:13.300,2725.0000,11607,0,564121020.000,0,-,-,-,-,2724.6000,2724.2000,2724.0000,2723.6000,2723.4000,2725.8000,2726.0000,2726.2000,2726.4000,2726.6000,3,1,3,1,2,5,2,1,1,8
SF,IH2005,2020-04-16 09:34:13.800,2725.0000,11607,0,564121020.000,0,-,-,-,-,2724.6000,2724.2000,2724.0000,2723.6000,2723.4000,2725.6000,2725.8000,2726.0000,2726.2000,2726.4000,3,1,3,1,2,1,5,2,1,1
SF,IH2005,2020-04-16 09:34:14.300,2725.0000,11607,0,564121020.000,0,-,-,-,-,2724.6000,2724.2000,2724.0000,2723.6000,2723.4000,2725.8000,2726.2000,2726.4000,2726.6000,2727.0000,3,1,2,1,2,4,1,1,8,2
SF,IH2005,2020-04-16 09:34:14.800,2724.6000,11607,0,564938400.000,1,0,1,多换,S,2724.6000,2724.2000,2724.0000,2723.6000,2723.4000,2725.2000,2725.4000,2725.8000,2726.0000,2726.2000,2,1,2,1,2,1,1,4,1,1
SF,IH2005,2020-04-16 09:34:15.300,2724.6000,11607,0,564938400.000,0,-,-,-,-,2724.6000,2724.2000,2724.0000,2723.6000,2723.4000,2725.2000,2725.4000,2725.8000,2726.0000,2726.2000,3,1,2,1,2,1,1,4,1,1
SF,IH2005,2020-04-16 09:34:15.800,2725.2000,11608,1,565755960.000,1,1,0,双开,S,2724.6000,2724.2000,2724.0000,2723.6000,2723.4000,2725.4000,2725.8000,2726.0000,2726.4000,2726.6000,3,1,2,1,2,1,2,1,1,8
SF,IH2005,2020-04-16 09:34:16.300,2725.0000,11606,-2,567391080.000,2,0,2,双平,S,2724.8000,2724.6000,2724.2000,2724.0000,2723.6000,2725.8000,2726.0000,2726.4000,2726.6000,2727.0000,1,3,1,2,1,1,1,1,8,2
SF,IH2005,2020-04-16 09:34:16.800,2725.0000,11606,0,567391080.000,0,-,-,-,-,2724.8000,2724.6000,2724.2000,2724.0000,2723.6000,2725.8000,2726.0000,2726.4000,2726.6000,2727.0000,1,3,1,2,1,2,1,1,8,2
SF,IH2005,2020-04-16 09:34:17.300,2725.0000,11606,0,567391080.000,0,-,-,-,-,2724.8000,2724.6000,2724.2000,2724.0000,2723.6000,2725.8000,2726.0000,2726.4000,2726.6000,2727.0000,1,3,1,2,1,2,1,1,8,2
SF,IH2005,2020-04-16 09:34:17.800,2725.0000,11606,0,567391080.000,0,-,-,-,-,2724.8000,2724.6000,2724.2000,2724.0000,2723.6000,2725.8000,2726.0000,2726.4000,2726.6000,2727.0000,1,3,1,2,1,1,1,1,8,2
SF,IH2005,2020-04-16 09:34:18.300,2725.0000,11606,0,567391080.000,0,-,-,-,-,2724.8000,2724.6000,2724.2000,2724.0000,2723.6000,2725.6000,2725.8000,2726.0000,2726.4000,2726.6000,1,3,2,2,1,1,1,1,1,8
SF,IH2005,2020-04-16 09:34:18.800,2725.0000,11606,0,567391080.000,0,-,-,-,-,2724.8000,2724.6000,2724.2000,2724.0000,2723.6000,2725.8000,2726.0000,2726.4000,2726.6000,2727.0000,1,3,2,2,1,1,1,1,8,2
SF,IH2005,2020-04-16 09:34:19.300,2725.0000,11606,0,567391080.000,0,-,-,-,-,2724.8000,2724.6000,2724.2000,2724.0000,2723.6000,2725.8000,2726.0000,2726.4000,2726.6000,2727.4000,1,3,2,2,1,3,1,1,8,1
SF,IH2005,2020-04-16 09:34:19.800,2725.6000,11604,-2,569026200.000,2,0,2,双平,S,2724.6000,2724.2000,2724.0000,2723.6000,2723.4000,2725.6000,2725.8000,2726.0000,2726.4000,2726.6000,3,2,2,1,2,3,3,1,1,7
SF,IH2005,2020-04-16 09:34:20.300,2725.6000,11604,0,569026200.000,0,-,-,-,-,2724.6000,2724.2000,2724.0000,2723.6000,2723.4000,2725.6000,2725.8000,2726.0000,2726.4000,2726.6000,3,2,2,1,2,3,4,1,1,7
SF,IH2005,2020-04-16 09:34:20.800,2724.6000,11606,2,571478340.000,3,2,1,空开,S,2724.6000,2724.2000,2724.0000,2723.6000,2723.4000,2725.4000,2725.6000,2725.8000,2726.0000,2726.4000,2,2,2,1,2,2,3,4,1,1
SF,IH2005,2020-04-16 09:34:21.300,2724.6000,11606,0,571478340.000,0,-,-,-,-,2724.6000,2724.2000,2724.0000,2723.6000,2723.4000,2724.8000,2725.4000,2725.6000,2725.8000,2726.0000,2,2,2,1,2,1,2,3,4,1
SF,IH2005,2020-04-16 09:34:21.800,2724.6000,11606,0,571478340.000,0,-,-,-,-,2724.2000,2724.0000,2723.6000,2723.4000,2723.2000,2724.8000,2725.4000,2725.6000,2725.8000,2726.0000,2,2,1,2,1,1,2,3,3,1
SF,IH2005,2020-04-16 09:34:22.300,2724.6000,11606,0,571478340.000,0,-,-,-,-,2724.2000,2724.0000,2723.6000,2723.4000,2723.2000,2724.8000,2725.6000,2725.8000,2726.0000,2726.4000,3,2,1,2,1,1,1,3,1,1
SF,IH2005,2020-04-16 09:34:23.300,2724.8000,11605,-1,572295780.000,1,0,1,双平,S,2724.2000,2724.0000,2723.6000,2723.4000,2723.2000,2725.6000,2725.8000,2726.0000,2726.4000,2726.6000,3,2,1,2,1,1,3,1,1,7
SF,IH2005,2020-04-16 09:34:23.800,2724.8000,11605,0,572295780.000,0,-,-,-,-,2724.2000,2724.0000,2723.6000,2723.4000,2723.2000,2724.8000,2725.2000,2725.4000,2725.6000,2725.8000,3,2,1,2,1,1,1,1,1,3
SF,IH2005,2020-04-16 09:34:25.800,2724.8000,11605,0,572295780.000,0,-,-,-,-,2724.2000,2724.0000,2723.6000,2723.4000,2723.2000,2724.8000,2725.2000,2725.4000,2725.6000,2725.8000,3,2,1,2,1,1,1,1,1,3
SF,IH2005,2020-04-16 09:34:26.300,2724.8000,11605,0,572295780.000,0,-,-,-,-,2724.2000,2724.0000,2723.6000,2723.4000,2723.2000,2724.8000,2725.2000,2725.4000,2725.6000,2725.8000,3,2,1,2,1,1,1,1,1,3
SF,IH2005,2020-04-16 09:34:26.800,2724.8000,11605,0,572295780.000,0,-,-,-,-,2724.2000,2724.0000,2723.6000,2723.4000,2723.2000,2724.8000,2725.2000,2725.4000,2725.6000,2725.8000,3,2,1,2,1,1,1,1,1,2
SF,IH2005,2020-04-16 09:34:27.300,2724.8000,11605,0,573930660.000,2,1,1,多换,S,2724.2000,2724.0000,2723.6000,2723.4000,2723.2000,2725.2000,2725.4000,2725.6000,2725.8000,2726.0000,3,2,1,2,1,1,1,1,2,1
SF,IH2005,2020-04-16 09:34:27.800,2725.2000,11604,-1,574748220.000,1,0,1,双平,S,2724.2000,2724.0000,2723.6000,2723.4000,2723.2000,2725.4000,2725.6000,2725.8000,2726.0000,2726.6000,3,2,1,2,1,1,1,2,1,7
SF,IH2005,2020-04-16 09:34:28.800,2725.2000,11604,0,574748220.000,0,-,-,-,-,2724.2000,2724.0000,2723.6000,2723.4000,2723.2000,2724.8000,2725.4000,2725.6000,2725.8000,2726.0000,3,2,1,2,1,1,1,1,2,1
SF,IH2005,2020-04-16 09:34:29.800,2725.2000,11604,0,574748220.000,0,-,-,-,-,2724.2000,2724.0000,2723.6000,2723.4000,2723.2000,2724.8000,2725.0000,2725.4000,2725.6000,2725.8000,3,2,1,2,1,1,3,1,1,2
SF,IH2005,2020-04-16 09:34:30.800,2725.2000,11604,0,574748220.000,0,-,-,-,-,2724.6000,2724.2000,2724.0000,2723.6000,2723.4000,2724.8000,2725.0000,2725.4000,2725.6000,2725.8000,1,3,2,1,2,1,3,1,1,2
SF,IH2005,2020-04-16 09:34:31.300,2724.6000,11604,0,575565600.000,1,0,1,多换,S,2724.2000,2724.0000,2723.6000,2723.4000,2723.2000,2724.8000,2725.0000,2725.4000,2725.6000,2725.8000,3,2,1,2,1,1,3,1,1,2
SF,IH2005,2020-04-16 09:34:31.800,2724.8000,11604,0,576383040.000,1,0,1,多换,S,2724.2000,2724.0000,2723.6000,2723.4000,2723.2000,2725.0000,2725.4000,2725.6000,2725.8000,2726.0000,3,2,1,2,1,3,1,1,2,1
SF,IH2005,2020-04-16 09:34:32.300,2724.8000,11604,0,576383040.000,0,-,-,-,-,2724.8000,2724.2000,2724.0000,2723.6000,2723.4000,2725.0000,2725.2000,2725.4000,2725.6000,2725.8000,1,3,2,1,2,3,3,1,1,2
SF,IH2005,2020-04-16 09:34:32.800,2724.8000,11603,-1,577200480.000,1,0,1,双平,S,2724.2000,2724.0000,2723.6000,2723.4000,2723.2000,2725.0000,2725.2000,2725.4000,2725.6000,2725.8000,3,2,1,2,1,3,3,1,1,2
SF,IH2005,2020-04-16 09:34:33.300,2724.8000,11603,0,577200480.000,0,-,-,-,-,2724.2000,2724.0000,2723.4000,2723.2000,2723.0000,2724.6000,2725.0000,2725.2000,2725.4000,2725.6000,3,2,2,1,5,1,3,3,1,1
SF,IH2005,2020-04-16 09:34:33.800,2724.6000,11603,0,578017860.000,1,0,1,多换,S,2724.2000,2724.0000,2723.4000,2723.2000,2723.0000,2725.0000,2725.2000,2725.4000,2725.6000,2725.8000,3,2,2,1,5,3,3,1,1,2
SF,IH2005,2020-04-16 09:34:34.300,2724.6000,11603,0,578017860.000,0,-,-,-,-,2724.2000,2724.0000,2723.4000,2723.2000,2723.0000,2724.6000,2725.0000,2725.2000,2725.4000,2725.6000,3,2,2,1,5,1,3,3,1,1
SF,IH2005,2020-04-16 09:34:34.800,2724.6000,11603,0,578835240.000,1,0,1,多换,S,2724.2000,2724.0000,2723.4000,2723.2000,2723.0000,2725.0000,2725.2000,2725.4000,2725.6000,2725.8000,3,2,2,1,5,3,3,1,1,2
SF,IH2005,2020-04-16 09:34:35.300,2724.6000,11603,0,578835240.000,0,-,-,-,-,2724.2000,2724.0000,2723.4000,2723.2000,2723.0000,2725.0000,2725.2000,2725.4000,2725.6000,2725.8000,3,2,2,1,5,3,3,1,1,2
SF,IH2005,2020-04-16 09:34:35.800,2725.0000,11604,1,579652740.000,1,1,0,双开,S,2724.2000,2724.0000,2723.4000,2723.2000,2723.0000,2724.8000,2725.0000,2725.2000,2725.4000,2725.6000,3,2,2,1,5,1,2,3,1,1
SF,IH2005,2020-04-16 09:34:36.300,2725.0000,11604,0,579652740.000,0,-,-,-,-,2724.2000,2724.0000,2723.4000,2723.2000,2723.0000,2724.6000,2724.8000,2725.0000,2725.2000,2725.4000,3,2,2,1,5,3,1,2,3,1
SF,IH2005,2020-04-16 09:34:36.800,2725.0000,11604,0,579652740.000,0,-,-,-,-,2724.4000,2724.2000,2724.0000,2723.4000,2723.2000,2724.6000,2724.8000,2725.0000,2725.2000,2725.4000,1,3,2,2,1,3,1,2,3,1
SF,IH2005,2020-04-16 09:34:37.300,2725.0000,11604,0,579652740.000,0,-,-,-,-,2724.4000,2724.2000,2724.0000,2723.4000,2723.2000,2724.6000,2724.8000,2725.0000,2725.2000,2725.4000,1,3,3,2,1,3,1,2,3,1
SF,IH2005,2020-04-16 09:34:38.300,2724.4000,11604,0,581287440.000,2,1,1,多换,S,2724.2000,2724.0000,2723.4000,2723.2000,2723.0000,2724.6000,2725.0000,2725.2000,2725.4000,2725.6000,3,3,2,1,5,2,2,3,1,2
SF,IH2005,2020-04-16 09:34:39.300,2724.2000,11607,3,583739220.000,3,3,0,双开,S,2724.0000,2723.4000,2723.2000,2723.0000,2722.6000,2724.4000,2724.6000,2725.0000,2725.2000,2725.4000,3,2,2,5,1,1,2,2,3,1
SF,IH2005,2020-04-16 09:34:39.800,2724.2000,11607,0,583739220.000,0,-,-,-,-,2724.0000,2723.4000,2723.2000,2723.0000,2722.6000,2724.2000,2724.4000,2724.6000,2725.0000,2725.2000,4,2,2,5,1,1,1,2,2,3
SF,IH2005,2020-04-16 09:34:40.300,2724.2000,11607,0,584556480.000,1,0,1,多换,S,2724.2000,2724.0000,2723.4000,2723.2000,2723.0000,2724.4000,2724.6000,2725.0000,2725.2000,2725.4000,3,3,2,2,5,1,2,2,3,1
SF,IH2005,2020-04-16 09:34:40.800,2724.4000,11608,1,585373800.000,1,1,0,双开,S,2724.2000,2724.0000,2723.4000,2723.2000,2723.0000,2724.6000,2725.0000,2725.2000,2725.4000,2725.6000,2,3,2,2,5,2,2,3,1,2
SF,IH2005,2020-04-16 09:34:41.800,2724.4000,11608,0,585373800.000,0,-,-,-,-,2724.2000,2724.0000,2723.4000,2723.2000,2723.0000,2724.6000,2725.0000,2725.2000,2725.4000,2725.6000,2,4,2,1,5,2,2,3,1,2
SF,IH2005,2020-04-16 09:34:42.300,2724.4000,11610,2,587008440.000,2,2,0,双开,S,2724.2000,2724.0000,2723.8000,2723.4000,2723.2000,2724.4000,2725.0000,2725.2000,2725.4000,2725.6000,2,4,1,2,1,1,2,3,1,2
SF,IH2005,2020-04-16 09:34:42.800,2724.4000,11611,1,588643080.000,2,1,1,空开,S,2724.4000,2724.0000,2723.8000,2723.4000,2723.2000,2725.0000,2725.2000,2725.4000,2725.6000,2725.8000,2,4,1,2,1,2,3,1,2,2
SF,IH2005,2020-04-16 09:34:43.300,2724.4000,11611,0,588643080.000,0,-,-,-,-,2724.4000,2724.0000,2723.8000,2723.4000,2723.2000,2725.0000,2725.2000,2725.4000,2725.6000,2725.8000,2,4,1,2,1,2,3,1,2,2
SF,IH2005,2020-04-16 09:34:43.800,2724.4000,11612,1,590277720.000,2,1,1,空开,S,2724.0000,2723.8000,2723.4000,2723.2000,2723.0000,2725.0000,2725.2000,2725.4000,2725.6000,2725.8000,4,1,2,1,5,2,3,1,2,2
