市场代码,合约代码,时间,最新,持仓,增仓,成交额,成交量,开仓,平仓,成交类型,方向,买一价,买二价,买三价,买四价,买五价,卖一价,卖二价,卖三价,卖四价,卖五价,买一量,买二量,买三量,买四量,买五量,卖一量,卖二量,卖三量,卖四量,卖五量
SF,IH2012,2020-06-29 09:29:00.200,2852.0000,7339,0,2566800.000,3.000,-,-,-,-,2850.2000,2850.0000,2847.0000,2845.2000,2843.0000,2852.0000,2852.4000,2853.6000,2855.0000,2855.4000,1,2,1,1,1,8,1,2,1,1
SF,IH2012,2020-06-29 09:30:00.200,2850.2000,7339,0,3421860.000,1,0,1,多换,S,2850.0000,2847.0000,2845.2000,2843.0000,2840.8000,2850.2000,2852.0000,2852.4000,2855.0000,2855.4000,2,1,1,1,1,5,8,1,1,1
SF,IH2012,2020-06-29 09:30:00.700,2850.2000,7338,-1,4276920.000,1,0,1,双平,S,2850.0000,2847.0000,2845.2000,2843.0000,2840.8000,2850.2000,2852.0000,2858.0000,2866.0000,2867.0000,2,1,1,1,1,4,8,2,1,1
SF,IH2012,2020-06-29 09:30:01.200,2850.0000,7334,-4,8552160.000,5,0,5,多平,S,2850.2000,2850.0000,2847.0000,2845.2000,2843.0000,2852.0000,2858.0000,2866.0000,2867.0000,2868.0000,1,1,1,1,1,8,2,1,1,1
SF,IH2012,2020-06-29 09:30:01.700,2850.2000,7333,-1,9407220.000,1,0,1,双平,S,2850.4000,2850.0000,2847.0000,2845.2000,2843.0000,2851.8000,2852.0000,2858.0000,2866.0000,2867.0000,2,1,1,1,1,1,8,2,1,1
SF,IH2012,2020-06-29 09:30:02.200,2850.2000,7331,-2,11117340.000,2,0,2,双平,S,2850.0000,2847.0000,2845.2000,2843.0000,2842.4000,2851.8000,2852.0000,2858.0000,2866.0000,2867.0000,1,1,1,1,5,1,8,2,1,1
SF,IH2012,2020-06-29 09:30:02.700,2850.0000,7332,1,11972340.000,1,1,0,双开,S,2845.2000,2843.0000,2842.4000,2840.8000,2840.0000,2850.2000,2851.8000,2852.0000,2858.0000,2866.0000,1,1,5,1,1,4,1,8,2,1
SF,IH2012,2020-06-29 09:30:03.200,2850.2000,7329,-3,15392520.000,4,0,4,多平,S,2846.6000,2845.4000,2845.2000,2843.0000,2842.4000,2850.2000,2852.0000,2858.0000,2866.0000,2867.0000,4,2,1,1,5,1,8,2,1,1
SF,IH2012,2020-06-29 09:30:03.700,2850.2000,7328,-1,16247580.000,1,0,1,双平,S,2846.8000,2846.6000,2845.4000,2845.2000,2843.0000,2852.0000,2855.0000,2858.0000,2866.0000,2867.0000,3,4,1,1,1,8,1,2,1,1
SF,IH2012,2020-06-29 09:30:04.200,2850.2000,7328,0,16247580.000,0,-,-,-,-,2846.8000,2846.6000,2845.4000,2845.2000,2843.0000,2852.0000,2855.0000,2858.0000,2866.0000,2867.0000,3,4,1,1,1,8,1,2,1,1
SF,IH2012,2020-06-29 09:30:04.700,2850.2000,7328,0,16247580.000,0,-,-,-,-,2846.8000,2846.6000,2845.4000,2845.2000,2843.0000,2852.0000,2855.0000,2858.0000,2866.0000,2867.0000,3,4,1,1,1,8,1,2,1,1
SF,IH2012,2020-06-29 09:30:05.200,2850.2000,7328,0,16247580.000,0,-,-,-,-,2846.8000,2846.6000,2845.4000,2845.2000,2843.0000,2852.0000,2855.0000,2858.0000,2866.0000,2867.0000,3,4,1,1,1,27,1,2,1,1
SF,IH2012,2020-06-29 09:30:05.700,2852.0000,7328,0,17103180.000,1,0,1,多换,S,2846.8000,2846.6000,2845.4000,2845.2000,2843.0000,2852.0000,2855.0000,2858.0000,2866.0000,2867.0000,3,4,1,1,1,26,1,2,1,1
SF,IH2012,2020-06-29 09:30:06.200,2852.0000,7328,0,17103180.000,0,-,-,-,-,2846.8000,2846.6000,2845.4000,2845.2000,2843.0000,2852.0000,2855.0000,2858.0000,2866.0000,2867.0000,3,4,1,1,1,26,1,2,1,1
SF,IH2012,2020-06-29 09:30:06.700,2852.0000,7328,0,17103180.000,0,-,-,-,-,2846.8000,2846.6000,2845.4000,2845.2000,2843.0000,2852.0000,2855.0000,2858.0000,2866.0000,2867.0000,3,4,1,1,1,26,1,2,1,1
SF,IH2012,2020-06-29 09:30:07.200,2852.0000,7328,0,17958780.000,1,0,1,多换,S,2847.0000,2846.8000,2846.6000,2845.4000,2845.2000,2852.0000,2855.0000,2858.0000,2866.0000,2867.0000,1,3,4,1,1,25,1,2,1,1
SF,IH2012,2020-06-29 09:30:07.700,2852.0000,7328,0,17958780.000,0,-,-,-,-,2847.2000,2847.0000,2846.8000,2846.6000,2845.4000,2852.0000,2855.0000,2858.0000,2866.0000,2867.0000,3,1,2,4,1,25,1,2,2,1
SF,IH2012,2020-06-29 09:30:08.700,2847.2000,7325,-3,20521260.000,3,0,3,双平,S,2847.0000,2846.8000,2846.6000,2845.4000,2845.2000,2851.8000,2852.0000,2855.0000,2858.0000,2866.0000,1,2,4,1,1,1,25,1,2,2
SF,IH2012,2020-06-29 09:30:09.200,2847.2000,7325,0,20521260.000,0,-,-,-,-,2847.2000,2847.0000,2846.8000,2846.6000,2845.4000,2851.8000,2852.0000,2855.0000,2858.0000,2866.0000,2,1,2,4,1,1,25,1,2,2
SF,IH2012,2020-06-29 09:30:10.200,2847.2000,7325,0,20521260.000,0,-,-,-,-,2847.0000,2846.8000,2846.6000,2845.4000,2845.2000,2851.0000,2851.8000,2852.0000,2855.0000,2858.0000,1,2,4,1,1,1,1,25,1,2
SF,IH2012,2020-06-29 09:30:10.700,2847.2000,7325,0,20521260.000,0,-,-,-,-,2847.2000,2847.0000,2846.8000,2846.6000,2845.4000,2850.8000,2851.0000,2852.0000,2855.0000,2858.0000,1,1,2,4,1,2,1,25,1,2
SF,IH2012,2020-06-29 09:30:11.200,2847.2000,7325,0,20521260.000,0,-,-,-,-,2847.2000,2847.0000,2846.8000,2846.6000,2845.4000,2850.8000,2851.0000,2852.0000,2855.0000,2858.0000,1,1,2,4,1,2,1,25,1,2
SF,IH2012,2020-06-29 09:30:11.700,2847.2000,7324,-1,21375420.000,1,0,1,双平,S,2847.0000,2846.8000,2846.6000,2845.4000,2845.2000,2850.8000,2851.0000,2852.0000,2855.0000,2858.0000,1,2,4,1,1,2,1,25,1,2
SF,IH2012,2020-06-29 09:30:12.200,2847.2000,7324,0,21375420.000,0,-,-,-,-,2847.2000,2847.0000,2846.8000,2846.6000,2845.4000,2850.8000,2851.0000,2852.0000,2855.0000,2858.0000,1,1,2,4,1,2,1,25,1,2
SF,IH2012,2020-06-29 09:30:12.700,2847.2000,7324,0,21375420.000,0,-,-,-,-,2848.0000,2847.4000,2847.0000,2846.8000,2846.6000,2850.8000,2851.0000,2852.0000,2855.0000,2858.0000,1,1,1,2,4,1,1,25,1,2
SF,IH2012,2020-06-29 09:30:13.700,2847.2000,7324,0,21375420.000,0,-,-,-,-,2848.0000,2847.4000,2847.0000,2846.8000,2846.6000,2850.8000,2851.0000,2852.0000,2855.0000,2858.0000,1,1,1,2,4,1,1,25,1,2
SF,IH2012,2020-06-29 09:30:14.200,2847.2000,7324,0,21375420.000,0,-,-,-,-,2848.2000,2848.0000,2847.4000,2847.0000,2846.8000,2850.8000,2851.0000,2852.0000,2855.0000,2858.0000,1,1,1,1,2,1,1,25,1,2
SF,IH2012,2020-06-29 09:30:14.700,2847.2000,7324,0,21375420.000,0,-,-,-,-,2848.2000,2848.0000,2847.4000,2847.0000,2846.8000,2850.8000,2852.0000,2855.0000,2858.0000,2866.0000,1,1,1,1,2,1,25,1,2,2
SF,IH2012,2020-06-29 09:30:15.200,2850.8000,7324,0,22230660.000,1,0,1,多换,S,2848.4000,2848.2000,2848.0000,2847.4000,2847.0000,2852.0000,2855.0000,2858.0000,2866.0000,2867.0000,1,1,1,1,1,25,1,2,2,1
SF,IH2012,2020-06-29 09:30:15.700,2850.8000,7324,0,22230660.000,0,-,-,-,-,2848.4000,2848.2000,2848.0000,2847.4000,2847.0000,2851.8000,2852.0000,2855.0000,2858.0000,2866.0000,1,1,1,1,1,2,25,1,2,2
SF,IH2012,2020-06-29 09:30:16.200,2850.8000,7324,0,22230660.000,0,-,-,-,-,2848.4000,2848.2000,2848.0000,2847.4000,2847.0000,2852.0000,2855.0000,2858.0000,2866.0000,2867.0000,1,1,1,1,1,25,1,2,2,1
SF,IH2012,2020-06-29 09:30:16.700,2850.8000,7324,0,22230660.000,0,-,-,-,-,2848.4000,2848.2000,2848.0000,2847.4000,2847.0000,2852.0000,2855.0000,2858.0000,2866.0000,2867.0000,1,1,1,1,1,25,1,2,2,1
SF,IH2012,2020-06-29 09:30:17.200,2850.8000,7324,0,22230660.000,0,-,-,-,-,2848.4000,2848.2000,2848.0000,2847.4000,2847.0000,2851.8000,2852.0000,2855.0000,2858.0000,2866.0000,1,1,1,1,1,2,25,1,2,2
SF,IH2012,2020-06-29 09:30:17.700,2851.8000,7324,0,23086200.000,1,0,1,多换,S,2848.4000,2848.2000,2848.0000,2847.0000,2846.8000,2852.0000,2855.0000,2858.0000,2866.0000,2867.0000,1,1,1,1,2,25,1,2,2,1
SF,IH2012,2020-06-29 09:30:18.200,2851.8000,7324,0,23086200.000,0,-,-,-,-,2848.4000,2848.2000,2848.0000,2847.2000,2847.0000,2852.0000,2855.0000,2858.0000,2866.0000,2867.0000,1,1,1,1,1,25,1,2,2,1
SF,IH2012,2020-06-29 09:30:18.700,2851.8000,7324,0,23086200.000,0,-,-,-,-,2848.4000,2848.2000,2848.0000,2847.2000,2847.0000,2851.8000,2852.0000,2855.0000,2858.0000,2866.0000,1,1,1,1,1,1,25,1,2,2
SF,IH2012,2020-06-29 09:30:19.200,2851.8000,7324,0,23086200.000,0,-,-,-,-,2848.4000,2848.0000,2847.2000,2847.0000,2846.8000,2852.0000,2855.0000,2858.0000,2866.0000,2867.0000,1,1,1,1,2,25,1,2,2,1
SF,IH2012,2020-06-29 09:30:19.700,2851.8000,7324,0,23086200.000,0,-,-,-,-,2848.4000,2848.0000,2847.2000,2847.0000,2846.8000,2852.0000,2855.0000,2858.0000,2866.0000,2867.0000,2,1,1,1,2,25,1,2,2,1
SF,IH2012,2020-06-29 09:30:20.200,2851.8000,7324,0,23086200.000,0,-,-,-,-,2848.6000,2848.4000,2848.0000,2847.2000,2847.0000,2851.8000,2852.0000,2855.0000,2858.0000,2866.0000,1,2,1,1,1,1,25,1,2,2
SF,IH2012,2020-06-29 09:30:20.700,2851.8000,7324,0,23086200.000,0,-,-,-,-,2848.8000,2848.6000,2848.0000,2847.2000,2847.0000,2851.8000,2852.0000,2855.0000,2858.0000,2866.0000,1,1,1,1,1,1,25,1,2,2
SF,IH2012,2020-06-29 09:30:21.200,2851.8000,7324,0,23086200.000,0,-,-,-,-,2848.8000,2848.6000,2848.0000,2847.2000,2847.0000,2851.8000,2852.0000,2855.0000,2858.0000,2866.0000,1,1,1,1,1,1,25,1,2,2
SF,IH2012,2020-06-29 09:30:22.200,2851.8000,7324,0,23086200.000,0,-,-,-,-,2849.0000,2848.8000,2848.6000,2848.0000,2847.2000,2851.8000,2852.0000,2855.0000,2858.0000,2866.0000,1,1,1,1,1,1,25,1,2,2
SF,IH2012,2020-06-29 09:30:22.700,2851.8000,7324,0,23086200.000,0,-,-,-,-,2849.2000,2849.0000,2848.6000,2848.0000,2847.2000,2851.4000,2851.8000,2852.0000,2855.0000,2858.0000,2,1,1,1,1,1,1,25,1,2
SF,IH2012,2020-06-29 09:30:23.200,2851.8000,7324,0,23086200.000,0,-,-,-,-,2849.2000,2848.6000,2848.0000,2847.2000,2847.0000,2851.4000,2851.8000,2852.0000,2855.0000,2858.0000,2,1,1,1,1,1,1,25,1,2
SF,IH2012,2020-06-29 09:30:23.700,2851.8000,7324,0,23086200.000,0,-,-,-,-,2849.2000,2848.6000,2848.0000,2847.2000,2847.0000,2851.8000,2852.0000,2855.0000,2858.0000,2866.0000,1,1,1,1,1,1,25,1,2,2
SF,IH2012,2020-06-29 09:30:24.200,2851.8000,7324,0,23086200.000,0,-,-,-,-,2849.2000,2848.6000,2848.0000,2847.2000,2847.0000,2852.0000,2855.0000,2858.0000,2866.0000,2867.0000,1,1,1,1,1,25,1,2,2,1
SF,IH2012,2020-06-29 09:30:24.700,2851.8000,7324,0,23086200.000,0,-,-,-,-,2849.2000,2849.0000,2848.6000,2848.0000,2847.2000,2852.0000,2855.0000,2858.0000,2866.0000,2867.0000,2,1,1,1,1,25,1,2,2,1
SF,IH2012,2020-06-29 09:30:25.200,2851.8000,7324,0,23086200.000,0,-,-,-,-,2849.2000,2849.0000,2848.6000,2848.0000,2847.2000,2852.0000,2855.0000,2858.0000,2866.0000,2867.0000,2,1,1,1,1,25,1,2,2,1
SF,IH2012,2020-06-29 09:30:25.700,2851.8000,7324,0,23086200.000,0,-,-,-,-,2849.4000,2849.2000,2849.0000,2848.6000,2848.0000,2852.0000,2855.0000,2858.0000,2866.0000,2867.0000,1,2,1,1,1,25,1,2,2,1
SF,IH2012,2020-06-29 09:30:26.200,2851.8000,7324,0,23086200.000,0,-,-,-,-,2849.6000,2849.2000,2849.0000,2848.6000,2848.0000,2852.0000,2855.0000,2858.0000,2866.0000,2867.0000,3,1,1,1,1,25,1,2,2,1
SF,IH2012,2020-06-29 09:30:26.700,2852.0000,7323,-1,23941800.000,1,0,1,双平,S,2849.6000,2849.2000,2849.0000,2848.6000,2848.0000,2852.0000,2855.0000,2858.0000,2866.0000,2867.0000,3,1,1,1,1,24,1,2,2,1
SF,IH2012,2020-06-29 09:30:27.200,2852.0000,7323,0,23941800.000,0,-,-,-,-,2849.6000,2849.2000,2849.0000,2848.6000,2848.0000,2852.0000,2855.0000,2858.0000,2866.0000,2867.0000,3,1,2,1,1,24,1,2,2,1
SF,IH2012,2020-06-29 09:30:27.700,2852.0000,7323,0,23941800.000,0,-,-,-,-,2849.6000,2849.2000,2849.0000,2848.6000,2848.0000,2852.0000,2855.0000,2858.0000,2866.0000,2867.0000,3,1,2,1,1,24,1,2,2,1
SF,IH2012,2020-06-29 09:30:28.200,2852.0000,7323,0,23941800.000,0,-,-,-,-,2849.8000,2849.6000,2849.2000,2849.0000,2848.6000,2852.0000,2855.0000,2858.0000,2866.0000,2867.0000,2,3,1,2,1,24,1,2,2,1
SF,IH2012,2020-06-29 09:30:28.700,2852.0000,7323,0,23941800.000,0,-,-,-,-,2850.0000,2849.8000,2849.6000,2849.2000,2849.0000,2852.0000,2855.0000,2858.0000,2866.0000,2867.0000,1,2,2,1,2,24,1,2,2,1
SF,IH2012,2020-06-29 09:30:29.200,2852.0000,7323,0,23941800.000,0,-,-,-,-,2850.2000,2850.0000,2849.8000,2849.6000,2849.2000,2850.4000,2852.0000,2855.0000,2858.0000,2866.0000,1,1,2,2,1,1,24,1,2,2
SF,IH2012,2020-06-29 09:30:29.700,2850.4000,7323,0,24796920.000,1,0,1,多换,S,2851.2000,2850.4000,2850.2000,2849.8000,2849.6000,2852.0000,2855.0000,2858.0000,2866.0000,2867.0000,2,1,1,2,2,24,1,2,2,1
SF,IH2012,2020-06-29 09:30:30.200,2850.4000,7323,0,24796920.000,0,-,-,-,-,2850.4000,2850.2000,2849.8000,2849.6000,2849.2000,2851.2000,2852.0000,2855.0000,2858.0000,2866.0000,1,1,2,2,1,1,24,1,2,2
SF,IH2012,2020-06-29 09:30:30.700,2851.2000,7322,-1,25652280.000,1,0,1,双平,S,2851.2000,2850.6000,2850.4000,2850.2000,2849.8000,2852.0000,2855.0000,2858.0000,2866.0000,2867.0000,1,1,1,1,2,24,1,2,2,1
SF,IH2012,2020-06-29 09:30:31.200,2851.2000,7322,0,25652280.000,0,-,-,-,-,2850.4000,2849.8000,2849.6000,2849.0000,2848.6000,2852.0000,2855.0000,2858.0000,2866.0000,2867.0000,1,2,2,2,1,24,1,2,2,1
SF,IH2012,2020-06-29 09:30:31.700,2851.2000,7322,0,25652280.000,0,-,-,-,-,2849.8000,2849.6000,2849.0000,2848.6000,2848.0000,2852.0000,2855.0000,2858.0000,2866.0000,2867.0000,2,2,2,1,1,24,1,2,2,1
SF,IH2012,2020-06-29 09:30:32.200,2851.2000,7322,0,25652280.000,0,-,-,-,-,2850.0000,2849.6000,2849.0000,2848.6000,2848.0000,2852.0000,2855.0000,2858.0000,2866.0000,2867.0000,1,2,2,1,1,24,1,2,2,1
SF,IH2012,2020-06-29 09:30:33.200,2851.2000,7322,0,25652280.000,0,-,-,-,-,2850.0000,2849.6000,2849.0000,2848.6000,2848.0000,2852.0000,2855.0000,2858.0000,2866.0000,2867.0000,1,2,2,1,1,24,1,2,2,1
SF,IH2012,2020-06-29 09:30:33.700,2851.2000,7322,0,25652280.000,0,-,-,-,-,2850.0000,2849.6000,2849.0000,2848.6000,2848.0000,2851.8000,2852.0000,2855.0000,2858.0000,2866.0000,1,2,2,1,1,1,24,1,2,2
SF,IH2012,2020-06-29 09:30:34.200,2851.2000,7322,0,25652280.000,0,-,-,-,-,2850.0000,2849.6000,2849.0000,2848.6000,2848.0000,2851.8000,2852.0000,2855.0000,2858.0000,2866.0000,1,2,2,1,1,1,24,1,2,2
SF,IH2012,2020-06-29 09:30:34.700,2851.2000,7322,0,25652280.000,0,-,-,-,-,2850.0000,2849.6000,2849.0000,2848.6000,2848.0000,2851.8000,2852.0000,2855.0000,2858.0000,2866.0000,1,2,2,1,1,1,24,1,2,2
SF,IH2012,2020-06-29 09:30:35.700,2851.2000,7322,0,25652280.000,0,-,-,-,-,2850.0000,2849.6000,2849.0000,2848.6000,2848.0000,2851.8000,2852.0000,2858.0000,2866.0000,2867.0000,1,2,2,1,1,1,24,2,2,11
SF,IH2012,2020-06-29 09:30:37.700,2851.2000,7322,0,25652280.000,0,-,-,-,-,2850.2000,2850.0000,2849.6000,2849.0000,2848.6000,2851.8000,2852.0000,2858.0000,2866.0000,2867.0000,1,1,2,2,1,1,24,2,2,11
SF,IH2012,2020-06-29 09:30:38.200,2851.2000,7322,0,25652280.000,0,-,-,-,-,2850.2000,2850.0000,2849.6000,2849.0000,2848.6000,2851.8000,2852.0000,2858.0000,2866.0000,2867.0000,1,1,2,1,1,1,24,2,2,11
SF,IH2012,2020-06-29 09:30:38.700,2851.2000,7322,0,25652280.000,0,-,-,-,-,2850.2000,2850.0000,2849.6000,2849.0000,2848.6000,2852.0000,2858.0000,2866.0000,2867.0000,2868.0000,1,1,2,1,1,24,2,2,11,1
SF,IH2012,2020-06-29 09:30:39.200,2851.2000,7322,0,25652280.000,0,-,-,-,-,2850.4000,2850.2000,2849.6000,2849.0000,2848.6000,2851.6000,2852.0000,2858.0000,2866.0000,2867.0000,1,1,2,1,1,1,24,2,2,11
SF,IH2012,2020-06-29 09:30:39.700,2851.6000,7321,-1,26507760.000,1,0,1,双平,S,2850.2000,2849.6000,2849.0000,2848.6000,2848.0000,2852.0000,2858.0000,2866.0000,2867.0000,2868.0000,1,2,1,1,1,24,2,2,11,1
SF,IH2012,2020-06-29 09:30:40.200,2851.6000,7321,0,26507760.000,0,-,-,-,-,2850.4000,2850.2000,2849.6000,2849.0000,2848.6000,2852.0000,2858.0000,2866.0000,2867.0000,2868.0000,1,1,2,1,1,24,2,2,11,1
SF,IH2012,2020-06-29 09:30:41.200,2851.6000,7321,0,26507760.000,0,-,-,-,-,2850.4000,2849.6000,2849.0000,2848.6000,2848.0000,2852.0000,2858.0000,2866.0000,2867.0000,2868.0000,1,2,1,1,1,24,2,2,11,1
SF,IH2012,2020-06-29 09:30:41.700,2851.6000,7321,0,26507760.000,0,-,-,-,-,2850.6000,2850.4000,2849.6000,2849.0000,2848.6000,2852.0000,2858.0000,2866.0000,2867.0000,2868.0000,1,1,2,1,1,24,2,2,11,1
SF,IH2012,2020-06-29 09:30:42.700,2851.6000,7321,0,26507760.000,0,-,-,-,-,2850.6000,2850.4000,2849.6000,2849.0000,2848.6000,2852.0000,2858.0000,2866.0000,2867.0000,2868.0000,1,1,2,1,1,24,2,2,11,1
SF,IH2012,2020-06-29 09:30:43.200,2852.0000,7312,-9,34208160.000,9,0,9,双平,S,2850.6000,2850.4000,2849.6000,2849.0000,2848.6000,2852.0000,2858.0000,2866.0000,2867.0000,2868.0000,1,1,2,1,1,15,2,2,11,1
SF,IH2012,2020-06-29 09:30:43.700,2852.0000,7309,-3,36774960.000,3,0,3,双平,S,2850.4000,2849.6000,2849.0000,2848.0000,2847.2000,2852.0000,2858.0000,2866.0000,2867.0000,2868.0000,1,2,1,1,1,12,2,2,11,1
SF,IH2012,2020-06-29 09:30:44.200,2852.0000,7308,-1,37630560.000,1,0,1,双平,S,2850.4000,2849.6000,2849.0000,2848.0000,2847.2000,2852.0000,2858.0000,2866.0000,2867.0000,2868.0000,1,2,1,1,1,11,2,2,11,1
SF,IH2012,2020-06-29 09:30:44.700,2850.6000,7308,0,38485740.000,1,0,1,多换,S,2850.4000,2849.6000,2849.0000,2848.0000,2847.2000,2852.0000,2858.0000,2866.0000,2867.0000,2868.0000,1,2,1,1,1,11,2,2,11,1
SF,IH2012,2020-06-29 09:30:45.200,2850.6000,7308,0,38485740.000,0,-,-,-,-,2850.4000,2849.6000,2849.0000,2848.0000,2847.2000,2852.0000,2858.0000,2866.0000,2867.0000,2868.0000,2,2,1,1,1,11,2,2,11,1
SF,IH2012,2020-06-29 09:30:51.200,2850.6000,7308,0,38485740.000,0,-,-,-,-,2850.4000,2849.6000,2849.0000,2848.0000,2847.2000,2850.6000,2852.0000,2858.0000,2866.0000,2867.0000,2,2,1,1,1,1,11,2,2,11
SF,IH2012,2020-06-29 09:30:51.700,2850.6000,7306,-2,41051160.000,3,0,3,多平,S,2850.8000,2849.6000,2849.0000,2848.0000,2847.2000,2852.0000,2858.0000,2866.0000,2867.0000,2868.0000,2,2,1,1,1,11,2,2,11,1
SF,IH2012,2020-06-29 09:30:52.200,2850.6000,7306,0,41051160.000,0,-,-,-,-,2850.8000,2849.6000,2849.0000,2848.0000,2847.2000,2852.0000,2858.0000,2866.0000,2867.0000,2868.0000,1,2,1,1,1,11,2,2,11,1
SF,IH2012,2020-06-29 09:30:53.700,2850.6000,7306,0,41051160.000,0,-,-,-,-,2850.8000,2850.4000,2849.6000,2849.0000,2848.0000,2852.0000,2858.0000,2866.0000,2867.0000,2868.0000,1,1,2,1,1,11,2,2,11,1
SF,IH2012,2020-06-29 09:30:54.200,2850.8000,7305,-1,42761640.000,2,0,2,多平,S,2850.4000,2849.6000,2849.0000,2848.0000,2847.2000,2852.0000,2858.0000,2866.0000,2867.0000,2868.0000,1,2,1,1,1,11,2,2,11,1
SF,IH2012,2020-06-29 09:30:54.700,2850.8000,7305,0,42761640.000,0,-,-,-,-,2850.4000,2849.6000,2849.0000,2848.0000,2847.2000,2850.8000,2852.0000,2858.0000,2866.0000,2867.0000,1,2,1,1,1,1,11,2,2,11
SF,IH2012,2020-06-29 09:30:55.200,2850.8000,7304,-1,43616880.000,1,0,1,双平,S,2850.4000,2849.6000,2849.0000,2848.0000,2847.2000,2852.0000,2858.0000,2866.0000,2867.0000,2868.0000,1,2,1,1,1,11,2,2,11,1
SF,IH2012,2020-06-29 09:30:57.200,2850.4000,7301,-3,46183200.000,3,0,3,双平,S,2849.6000,2849.0000,2848.0000,2847.2000,2846.6000,2850.4000,2852.0000,2858.0000,2866.0000,2867.0000,2,1,1,1,4,1,9,2,2,11
SF,IH2012,2020-06-29 09:30:57.700,2850.4000,7300,-1,47038320.000,1,0,1,双平,S,2850.4000,2849.6000,2849.0000,2848.0000,2847.2000,2852.0000,2858.0000,2866.0000,2867.0000,2868.0000,1,2,1,1,1,9,2,2,11,1
SF,IH2012,2020-06-29 09:30:58.200,2850.4000,7299,-1,47893440.000,1,0,1,双平,S,2849.0000,2848.0000,2847.2000,2846.6000,2845.0000,2850.4000,2852.0000,2858.0000,2866.0000,2867.0000,1,1,1,4,2,1,9,2,2,11
SF,IH2012,2020-06-29 09:31:00.200,2850.4000,7299,0,47893440.000,0,-,-,-,-,2849.0000,2848.0000,2847.2000,2846.6000,2845.0000,2850.4000,2852.0000,2858.0000,2866.0000,2867.0000,1,1,1,4,2,1,9,2,2,11
SF,IH2012,2020-06-29 09:31:00.700,2850.4000,7299,0,47893440.000,0,-,-,-,-,2849.0000,2848.0000,2847.2000,2846.6000,2845.0000,2850.2000,2850.4000,2852.0000,2858.0000,2866.0000,1,1,1,4,2,1,1,9,2,2
SF,IH2012,2020-06-29 09:31:01.200,2850.2000,7298,-1,48748500.000,1,0,1,双平,S,2849.2000,2849.0000,2848.0000,2847.2000,2846.6000,2850.4000,2852.0000,2858.0000,2866.0000,2867.0000,1,1,1,1,4,1,9,2,2,11
SF,IH2012,2020-06-29 09:31:01.700,2849.2000,7298,0,49603260.000,1,0,1,多换,S,2849.0000,2848.0000,2847.2000,2846.6000,2845.0000,2852.0000,2858.0000,2866.0000,2867.0000,2868.0000,1,1,1,4,2,9,2,2,11,1
SF,IH2012,2020-06-29 09:31:02.200,2849.2000,7298,0,49603260.000,0,-,-,-,-,2849.2000,2849.0000,2848.0000,2847.2000,2846.6000,2852.0000,2858.0000,2866.0000,2867.0000,2868.0000,1,2,1,1,4,9,2,2,11,1
SF,IH2012,2020-06-29 09:31:03.200,2849.2000,7298,0,49603260.000,0,-,-,-,-,2849.4000,2849.2000,2849.0000,2848.0000,2847.2000,2852.0000,2858.0000,2866.0000,2867.0000,2868.0000,1,1,2,1,1,9,2,2,11,1
SF,IH2012,2020-06-29 09:31:03.700,2849.2000,7298,0,49603260.000,0,-,-,-,-,2849.6000,2849.4000,2849.0000,2848.0000,2847.2000,2852.0000,2858.0000,2866.0000,2867.0000,2868.0000,1,2,2,1,1,9,2,2,11,1
SF,IH2012,2020-06-29 09:31:04.200,2849.2000,7298,0,49603260.000,0,-,-,-,-,2849.8000,2849.4000,2849.0000,2848.0000,2847.2000,2851.8000,2852.0000,2858.0000,2866.0000,2867.0000,1,2,2,1,1,1,9,2,2,11
SF,IH2012,2020-06-29 09:31:04.700,2849.2000,7298,0,49603260.000,0,-,-,-,-,2850.4000,2849.4000,2849.0000,2848.0000,2847.2000,2851.8000,2852.0000,2858.0000,2866.0000,2867.0000,1,2,2,1,1,1,9,2,2,11
SF,IH2012,2020-06-29 09:31:05.200,2849.2000,7298,0,49603260.000,0,-,-,-,-,2850.4000,2849.4000,2849.0000,2848.0000,2847.2000,2851.8000,2852.0000,2858.0000,2866.0000,2867.0000,1,1,2,1,1,1,9,2,2,11
SF,IH2012,2020-06-29 09:31:05.700,2851.8000,7297,-1,50458800.000,1,0,1,双平,S,2850.4000,2849.4000,2849.0000,2848.0000,2847.2000,2852.0000,2858.0000,2866.0000,2867.0000,2868.0000,1,1,2,1,1,9,2,2,11,1
SF,IH2012,2020-06-29 09:31:06.200,2850.4000,7298,1,51313920.000,1,1,0,双开,S,2849.4000,2849.0000,2848.0000,2847.2000,2846.6000,2852.0000,2858.0000,2866.0000,2867.0000,2868.0000,1,2,1,1,4,9,2,2,11,1
SF,IH2012,2020-06-29 09:31:06.700,2850.4000,7298,0,51313920.000,0,-,-,-,-,2849.6000,2849.4000,2849.0000,2848.0000,2847.2000,2852.0000,2858.0000,2866.0000,2867.0000,2868.0000,1,1,2,1,1,9,2,2,11,1
SF,IH2012,2020-06-29 09:31:07.200,2850.4000,7298,0,51313920.000,0,-,-,-,-,2850.6000,2849.6000,2849.0000,2848.0000,2847.2000,2852.0000,2858.0000,2866.0000,2867.0000,2868.0000,1,1,2,1,1,9,2,2,11,1
SF,IH2012,2020-06-29 09:31:07.700,2850.4000,7298,0,51313920.000,0,-,-,-,-,2850.6000,2849.8000,2849.6000,2849.0000,2848.0000,2852.0000,2858.0000,2866.0000,2867.0000,2868.0000,1,1,1,2,1,9,2,2,11,1
SF,IH2012,2020-06-29 09:31:08.700,2850.4000,7298,0,51313920.000,0,-,-,-,-,2850.6000,2849.8000,2849.6000,2849.0000,2848.0000,2851.8000,2852.0000,2858.0000,2866.0000,2867.0000,1,1,1,2,1,1,9,2,2,11
SF,IH2012,2020-06-29 09:31:09.200,2850.4000,7298,0,52169040.000,1,0,1,多换,S,2849.6000,2849.0000,2848.0000,2847.2000,2846.6000,2851.8000,2852.0000,2858.0000,2866.0000,2867.0000,1,2,1,1,4,1,9,2,2,11
SF,IH2012,2020-06-29 09:31:09.700,2850.4000,7298,0,52169040.000,0,-,-,-,-,2849.8000,2849.6000,2849.0000,2848.0000,2847.2000,2851.8000,2852.0000,2858.0000,2866.0000,2867.0000,1,1,2,1,1,1,9,2,2,11
SF,IH2012,2020-06-29 09:31:10.200,2851.8000,7297,-1,53024580.000,1,0,1,双平,S,2850.0000,2849.8000,2849.0000,2848.0000,2847.2000,2852.0000,2858.0000,2866.0000,2867.0000,2868.0000,5,1,2,1,1,9,2,2,11,1
SF,IH2012,2020-06-29 09:31:10.700,2851.8000,7297,0,53024580.000,0,-,-,-,-,2851.8000,2850.4000,2850.0000,2849.8000,2849.0000,2852.0000,2858.0000,2866.0000,2867.0000,2868.0000,1,1,1,1,2,9,2,2,11,1
SF,IH2012,2020-06-29 09:31:11.200,2851.8000,7297,0,53880120.000,1,0,1,多换,S,2850.4000,2850.0000,2849.8000,2849.0000,2848.0000,2851.6000,2851.8000,2852.0000,2858.0000,2866.0000,1,1,1,1,1,1,2,9,2,2
SF,IH2012,2020-06-29 09:31:11.700,2851.8000,7296,-1,54735660.000,1,0,1,双平,S,2850.4000,2850.0000,2849.8000,2849.0000,2848.0000,2851.8000,2852.0000,2852.8000,2858.0000,2866.0000,1,1,1,1,1,2,9,1,2,2
SF,IH2012,2020-06-29 09:31:12.200,2851.8000,7296,0,54735660.000,0,-,-,-,-,2851.6000,2850.4000,2850.0000,2849.8000,2849.0000,2851.8000,2852.0000,2852.8000,2854.0000,2858.0000,1,1,2,1,1,2,9,1,1,2
SF,IH2012,2020-06-29 09:31:12.700,2851.6000,7296,0,55591140.000,1,0,1,多换,S,2850.4000,2850.0000,2849.0000,2848.0000,2847.2000,2851.6000,2851.8000,2852.0000,2852.8000,2854.0000,1,2,1,1,1,1,2,9,1,1
SF,IH2012,2020-06-29 09:31:13.200,2850.0000,7294,-2,58156260.000,3,0,3,多平,S,2849.0000,2848.0000,2847.2000,2846.6000,2845.0000,2851.6000,2851.8000,2852.0000,2852.8000,2858.0000,1,1,1,4,2,1,2,9,1,2
SF,IH2012,2020-06-29 09:31:13.700,2850.0000,7294,0,58156260.000,0,-,-,-,-,2849.0000,2848.0000,2847.2000,2846.6000,2845.0000,2851.4000,2851.6000,2851.8000,2852.0000,2852.8000,1,1,1,4,2,1,1,2,9,1
SF,IH2012,2020-06-29 09:31:14.200,2851.4000,7294,0,59011680.000,1,0,1,多换,S,2849.2000,2849.0000,2848.0000,2847.2000,2846.6000,2851.6000,2851.8000,2852.0000,2852.8000,2858.0000,1,1,1,1,4,1,2,9,1,2
SF,IH2012,2020-06-29 09:31:14.700,2851.4000,7294,0,59011680.000,0,-,-,-,-,2849.4000,2849.2000,2849.0000,2848.0000,2847.2000,2851.6000,2851.8000,2852.0000,2852.8000,2858.0000,1,1,1,1,1,1,2,9,1,2
SF,IH2012,2020-06-29 09:31:15.200,2851.4000,7294,0,59011680.000,0,-,-,-,-,2849.6000,2849.4000,2849.0000,2848.0000,2847.2000,2851.6000,2851.8000,2852.0000,2852.8000,2858.0000,1,1,1,1,1,1,2,9,1,2
SF,IH2012,2020-06-29 09:31:15.700,2851.4000,7294,0,59011680.000,0,-,-,-,-,2849.6000,2849.4000,2849.0000,2848.0000,2847.2000,2851.6000,2851.8000,2852.0000,2852.8000,2858.0000,1,1,1,1,1,2,2,9,1,2
SF,IH2012,2020-06-29 09:31:16.200,2851.4000,7294,0,59011680.000,0,-,-,-,-,2849.6000,2849.4000,2849.0000,2848.0000,2847.2000,2851.6000,2851.8000,2852.0000,2852.8000,2858.0000,1,1,1,1,1,1,2,9,1,2
SF,IH2012,2020-06-29 09:31:16.700,2851.4000,7294,0,59011680.000,0,-,-,-,-,2849.8000,2849.6000,2849.4000,2849.0000,2848.0000,2851.4000,2851.6000,2851.8000,2852.0000,2852.8000,1,1,1,1,1,1,1,2,9,1
SF,IH2012,2020-06-29 09:31:17.200,2851.4000,7294,0,59011680.000,0,-,-,-,-,2849.8000,2849.6000,2849.4000,2849.0000,2848.0000,2851.6000,2851.8000,2852.0000,2852.8000,2858.0000,1,1,1,1,1,1,2,9,1,2
SF,IH2012,2020-06-29 09:31:17.700,2851.4000,7294,0,59011680.000,0,-,-,-,-,2850.0000,2849.8000,2849.4000,2849.0000,2848.0000,2851.8000,2852.0000,2852.8000,2858.0000,2866.0000,1,1,1,1,1,2,9,1,2,2
SF,IH2012,2020-06-29 09:31:19.700,2851.4000,7294,0,59011680.000,0,-,-,-,-,2850.0000,2849.8000,2849.4000,2849.0000,2848.0000,2851.8000,2852.0000,2852.8000,2858.0000,2866.0000,1,1,1,1,1,2,9,1,2,2
SF,IH2012,2020-06-29 09:31:20.200,2851.4000,7294,0,59011680.000,0,-,-,-,-,2850.4000,2850.0000,2849.8000,2849.0000,2848.0000,2851.8000,2852.0000,2852.8000,2858.0000,2866.0000,1,1,1,1,1,2,9,1,2,2
SF,IH2012,2020-06-29 09:31:20.700,2851.4000,7294,0,59011680.000,0,-,-,-,-,2850.4000,2850.0000,2849.0000,2848.0000,2847.2000,2851.8000,2852.0000,2852.8000,2858.0000,2866.0000,1,1,1,1,1,2,9,1,2,2
SF,IH2012,2020-06-29 09:31:21.700,2850.4000,7294,0,59866800.000,1,0,1,多换,S,2850.0000,2849.6000,2849.0000,2848.0000,2847.2000,2851.8000,2852.0000,2852.8000,2858.0000,2866.0000,1,1,1,1,1,2,9,1,2,2
SF,IH2012,2020-06-29 09:31:22.200,2850.4000,7294,0,59866800.000,0,-,-,-,-,2850.0000,2849.6000,2849.0000,2848.0000,2847.2000,2851.6000,2851.8000,2852.0000,2852.8000,2858.0000,1,1,1,1,1,1,2,9,1,2
SF,IH2012,2020-06-29 09:31:23.200,2850.0000,7293,-1,60721800.000,1,0,1,双平,S,2849.6000,2849.0000,2848.0000,2847.2000,2846.6000,2851.6000,2851.8000,2852.0000,2852.8000,2858.0000,1,1,1,1,4,1,2,9,1,2
SF,IH2012,2020-06-29 09:31:23.700,2850.0000,7293,0,60721800.000,0,-,-,-,-,2849.8000,2849.6000,2849.0000,2848.0000,2847.2000,2851.6000,2851.8000,2852.0000,2852.8000,2858.0000,1,1,1,1,1,1,2,9,1,2
SF,IH2012,2020-06-29 09:31:24.200,2849.8000,7292,-1,61576740.000,1,0,1,双平,S,2849.6000,2849.0000,2848.0000,2847.2000,2846.6000,2851.4000,2851.6000,2851.8000,2852.0000,2852.8000,1,1,1,1,4,1,1,2,9,1
SF,IH2012,2020-06-29 09:31:24.700,2849.6000,7292,0,62431620.000,1,0,1,多换,S,2849.0000,2848.0000,2847.2000,2846.6000,2845.0000,2849.6000,2851.2000,2851.4000,2851.6000,2851.8000,1,1,1,4,2,2,1,2,1,2
SF,IH2012,2020-06-29 09:31:25.200,2849.0000,7292,0,63286320.000,1,0,1,多换,S,2848.0000,2847.2000,2846.6000,2845.0000,2843.0000,2849.6000,2851.2000,2851.4000,2851.8000,2852.0000,1,1,4,2,1,2,1,2,2,9
SF,IH2012,2020-06-29 09:31:25.700,2849.0000,7292,0,63286320.000,0,-,-,-,-,2848.2000,2848.0000,2847.2000,2846.6000,2845.0000,2849.6000,2851.4000,2851.8000,2852.0000,2858.0000,1,1,1,4,2,2,2,2,9,2
SF,IH2012,2020-06-29 09:31:26.200,2849.0000,7292,0,63286320.000,0,-,-,-,-,2848.2000,2848.0000,2847.2000,2846.6000,2845.0000,2849.4000,2849.6000,2851.4000,2851.8000,2852.0000,1,1,1,4,2,1,2,1,2,9
SF,IH2012,2020-06-29 09:31:26.700,2849.0000,7292,0,63286320.000,0,-,-,-,-,2848.0000,2847.2000,2846.6000,2845.0000,2843.0000,2849.4000,2849.6000,2851.4000,2852.0000,2858.0000,1,1,4,2,1,1,2,1,9,2
SF,IH2012,2020-06-29 09:31:27.200,2849.0000,7292,0,63286320.000,0,-,-,-,-,2848.2000,2848.0000,2847.2000,2846.6000,2845.0000,2849.4000,2849.6000,2851.0000,2851.4000,2852.0000,1,1,1,4,2,1,2,1,1,9
SF,IH2012,2020-06-29 09:31:28.200,2849.0000,7292,0,63286320.000,0,-,-,-,-,2848.0000,2847.2000,2846.6000,2845.0000,2843.0000,2849.4000,2849.6000,2851.0000,2851.4000,2851.6000,1,1,4,2,1,1,2,1,1,1
SF,IH2012,2020-06-29 09:31:29.200,2849.0000,7292,0,63286320.000,0,-,-,-,-,2848.0000,2847.2000,2846.6000,2845.0000,2843.0000,2849.2000,2849.4000,2849.6000,2851.0000,2851.4000,1,1,4,2,1,1,1,2,1,1
SF,IH2012,2020-06-29 09:31:29.700,2849.0000,7292,0,63286320.000,0,-,-,-,-,2848.0000,2847.2000,2846.6000,2845.0000,2843.0000,2849.2000,2849.4000,2849.6000,2851.0000,2851.4000,1,1,4,2,1,1,1,2,1,1
SF,IH2012,2020-06-29 09:31:30.200,2848.0000,7291,-1,64140720.000,1,0,1,双平,S,2847.2000,2846.6000,2845.0000,2843.0000,2842.4000,2849.2000,2849.4000,2849.6000,2851.0000,2851.4000,1,4,2,1,5,1,1,2,1,1
SF,IH2012,2020-06-29 09:31:30.700,2848.0000,7291,0,64140720.000,0,-,-,-,-,2847.2000,2846.6000,2845.0000,2843.0000,2842.4000,2849.0000,2849.4000,2849.6000,2851.0000,2851.6000,1,4,2,1,5,1,1,2,1,1
SF,IH2012,2020-06-29 09:31:31.200,2848.0000,7291,0,64140720.000,0,-,-,-,-,2847.2000,2846.6000,2845.0000,2843.0000,2842.4000,2849.0000,2849.6000,2851.0000,2851.6000,2852.0000,1,4,2,1,5,2,2,1,1,9
SF,IH2012,2020-06-29 09:31:33.200,2848.0000,7291,0,64140720.000,0,-,-,-,-,2847.2000,2846.6000,2845.0000,2843.0000,2842.4000,2849.0000,2849.6000,2851.0000,2851.6000,2852.0000,1,4,2,1,5,1,2,1,1,9
SF,IH2012,2020-06-29 09:31:33.700,2848.0000,7291,0,64140720.000,0,-,-,-,-,2847.6000,2847.4000,2847.2000,2846.6000,2845.0000,2849.0000,2849.6000,2851.0000,2851.6000,2852.0000,4,1,1,4,2,1,2,1,1,9
SF,IH2012,2020-06-29 09:31:34.200,2848.0000,7291,0,64140720.000,0,-,-,-,-,2847.4000,2847.2000,2846.6000,2845.0000,2843.0000,2849.0000,2849.6000,2851.0000,2851.6000,2852.0000,1,1,4,2,1,1,2,1,1,9
SF,IH2012,2020-06-29 09:31:34.700,2848.0000,7291,0,64140720.000,0,-,-,-,-,2847.6000,2847.4000,2847.2000,2846.6000,2845.0000,2849.0000,2849.6000,2851.0000,2851.6000,2852.0000,1,1,1,4,2,1,2,1,1,9
SF,IH2012,2020-06-29 09:31:37.200,2849.0000,7290,-1,64995420.000,1,0,1,双平,S,2847.6000,2847.4000,2847.2000,2846.6000,2845.0000,2849.6000,2851.0000,2851.6000,2852.0000,2858.0000,1,1,1,4,2,2,1,1,9,2
SF,IH2012,2020-06-29 09:31:37.700,2849.0000,7290,0,64995420.000,0,-,-,-,-,2847.6000,2847.2000,2846.6000,2845.0000,2843.0000,2849.4000,2849.6000,2851.0000,2851.6000,2852.0000,1,1,4,2,1,1,2,1,1,9
SF,IH2012,2020-06-29 09:31:38.200,2849.0000,7290,0,64995420.000,0,-,-,-,-,2847.2000,2846.6000,2845.0000,2843.0000,2842.4000,2849.4000,2849.6000,2851.0000,2851.6000,2852.0000,1,4,2,1,5,1,2,1,1,9
SF,IH2012,2020-06-29 09:31:38.700,2849.0000,7290,0,64995420.000,0,-,-,-,-,2847.4000,2847.2000,2846.6000,2845.0000,2843.0000,2849.4000,2849.6000,2851.0000,2851.6000,2852.0000,1,1,4,2,1,1,2,1,1,9
SF,IH2012,2020-06-29 09:31:39.700,2849.0000,7290,0,64995420.000,0,-,-,-,-,2847.2000,2846.6000,2845.0000,2843.0000,2842.4000,2849.4000,2849.6000,2851.0000,2851.6000,2852.0000,1,4,2,1,5,1,2,1,1,9
SF,IH2012,2020-06-29 09:31:40.200,2849.0000,7290,0,64995420.000,0,-,-,-,-,2847.6000,2847.2000,2846.6000,2845.0000,2843.0000,2849.4000,2849.6000,2851.0000,2851.6000,2852.0000,4,1,4,2,1,1,2,1,1,9
SF,IH2012,2020-06-29 09:31:40.700,2849.0000,7290,0,64995420.000,0,-,-,-,-,2847.8000,2847.2000,2846.6000,2845.0000,2843.0000,2849.6000,2851.0000,2851.6000,2852.0000,2858.0000,1,1,4,2,1,2,1,1,9,2
SF,IH2012,2020-06-29 09:31:41.200,2849.0000,7290,0,64995420.000,0,-,-,-,-,2848.0000,2847.8000,2847.2000,2846.6000,2845.0000,2849.6000,2851.0000,2851.6000,2852.0000,2858.0000,1,1,1,4,2,2,1,1,9,2
SF,IH2012,2020-06-29 09:31:42.700,2849.0000,7290,0,64995420.000,0,-,-,-,-,2848.0000,2847.8000,2847.2000,2846.6000,2845.0000,2849.6000,2851.0000,2851.6000,2852.0000,2858.0000,1,1,1,4,2,2,1,1,9,2
SF,IH2012,2020-06-29 09:31:43.700,2849.0000,7290,0,64995420.000,0,-,-,-,-,2847.8000,2847.2000,2846.6000,2845.0000,2842.4000,2849.6000,2851.0000,2851.6000,2852.0000,2858.0000,1,1,4,2,5,2,1,1,9,2
SF,IH2012,2020-06-29 09:31:45.200,2847.8000,7289,-1,65849760.000,1,0,1,双平,S,2847.2000,2846.6000,2845.0000,2842.4000,2840.8000,2849.4000,2849.6000,2851.0000,2851.6000,2852.0000,1,4,2,5,1,1,2,1,1,9
SF,IH2012,2020-06-29 09:31:45.700,2847.2000,7288,-1,66703920.000,1,0,1,双平,S,2846.6000,2845.0000,2842.4000,2840.8000,2840.0000,2849.4000,2849.6000,2851.0000,2851.6000,2852.0000,4,2,5,1,1,1,2,1,1,9
SF,IH2012,2020-06-29 09:31:46.200,2847.2000,7288,0,66703920.000,0,-,-,-,-,2846.6000,2845.0000,2842.4000,2840.8000,2840.0000,2849.2000,2849.4000,2849.6000,2851.0000,2851.6000,4,2,5,1,1,2,1,2,1,1
SF,IH2012,2020-06-29 09:31:46.700,2847.2000,7288,0,66703920.000,0,-,-,-,-,2845.0000,2842.4000,2840.8000,2840.0000,2836.8000,2849.0000,2849.2000,2849.6000,2851.0000,2851.6000,2,5,1,1,4,1,2,2,1,1
SF,IH2012,2020-06-29 09:31:47.200,2847.2000,7288,0,66703920.000,0,-,-,-,-,2845.8000,2845.2000,2845.0000,2842.4000,2840.8000,2849.0000,2849.6000,2851.0000,2851.6000,2852.0000,4,4,2,5,1,1,2,1,1,9
SF,IH2012,2020-06-29 09:31:47.700,2847.2000,7288,0,66703920.000,0,-,-,-,-,2845.8000,2845.0000,2842.4000,2840.8000,2840.0000,2849.0000,2849.6000,2851.0000,2851.6000,2852.0000,4,2,5,1,1,1,2,1,1,9
SF,IH2012,2020-06-29 09:31:48.200,2847.2000,7288,0,66703920.000,0,-,-,-,-,2845.8000,2845.0000,2842.4000,2840.8000,2840.0000,2848.8000,2849.0000,2849.6000,2851.0000,2851.6000,4,2,5,1,1,2,1,2,1,1
SF,IH2012,2020-06-29 09:31:48.700,2847.2000,7288,0,66703920.000,0,-,-,-,-,2845.8000,2845.0000,2842.4000,2840.8000,2840.0000,2848.6000,2848.8000,2849.6000,2851.0000,2852.0000,4,2,5,1,1,1,2,2,1,9
SF,IH2012,2020-06-29 09:31:49.200,2847.2000,7288,0,66703920.000,0,-,-,-,-,2845.8000,2845.0000,2842.4000,2840.8000,2840.0000,2848.6000,2848.8000,2849.6000,2852.0000,2858.0000,4,2,5,1,1,1,2,2,9,2
SF,IH2012,2020-06-29 09:31:49.700,2847.2000,7288,0,66703920.000,0,-,-,-,-,2846.0000,2845.8000,2845.0000,2842.4000,2840.8000,2848.6000,2848.8000,2849.6000,2852.0000,2858.0000,1,4,2,5,1,2,2,2,9,2
SF,IH2012,2020-06-29 09:31:50.200,2847.2000,7288,0,66703920.000,0,-,-,-,-,2846.0000,2845.0000,2842.4000,2840.8000,2840.0000,2848.6000,2849.6000,2852.0000,2858.0000,2866.0000,1,2,5,1,1,2,2,9,2,2
SF,IH2012,2020-06-29 09:31:50.700,2847.2000,7288,0,66703920.000,0,-,-,-,-,2845.0000,2842.4000,2840.8000,2840.0000,2836.8000,2848.6000,2849.6000,2852.0000,2858.0000,2866.0000,2,5,1,1,4,1,2,9,2,2
SF,IH2012,2020-06-29 09:31:51.200,2847.2000,7288,0,66703920.000,0,-,-,-,-,2845.2000,2845.0000,2842.4000,2840.8000,2840.0000,2848.4000,2848.6000,2849.6000,2852.0000,2858.0000,5,2,5,1,1,1,1,2,9,2
SF,IH2012,2020-06-29 09:31:51.700,2845.0000,7287,-1,72678720.000,7,3,4,多平,S,2842.4000,2840.8000,2840.0000,2836.8000,2835.8000,2845.0000,2848.2000,2848.4000,2849.6000,2852.0000,5,1,1,4,1,13,1,1,2,9
SF,IH2012,2020-06-29 09:31:52.200,2845.0000,7282,-5,77799720.000,6,0,6,多平,S,2843.4000,2842.8000,2840.8000,2840.0000,2838.6000,2845.0000,2848.4000,2852.0000,2858.0000,2866.0000,4,4,1,1,5,8,1,9,2,2
SF,IH2012,2020-06-29 09:31:52.700,2845.0000,7282,0,77799720.000,0,-,-,-,-,2843.4000,2842.8000,2840.8000,2840.0000,2838.6000,2844.8000,2845.0000,2848.4000,2852.0000,2858.0000,4,4,1,1,5,3,8,1,9,2
SF,IH2012,2020-06-29 09:31:53.200,2845.0000,7282,0,77799720.000,0,-,-,-,-,2843.4000,2842.8000,2840.8000,2840.0000,2838.6000,2844.8000,2845.0000,2848.4000,2852.0000,2858.0000,4,4,1,1,5,3,8,1,9,2
SF,IH2012,2020-06-29 09:31:53.700,2845.0000,7282,0,77799720.000,0,-,-,-,-,2843.4000,2842.8000,2842.0000,2840.8000,2840.0000,2845.0000,2848.4000,2852.0000,2858.0000,2866.0000,4,4,1,1,1,8,1,9,2,2
SF,IH2012,2020-06-29 09:31:54.200,2845.0000,7282,0,77799720.000,0,-,-,-,-,2844.8000,2843.6000,2843.4000,2842.8000,2842.6000,2845.0000,2848.4000,2852.0000,2858.0000,2866.0000,1,1,4,4,1,8,1,9,2,2
SF,IH2012,2020-06-29 09:31:54.700,2845.0000,7280,-2,80360100.000,3,0,3,多平,S,2843.6000,2843.4000,2842.8000,2842.6000,2842.0000,2845.0000,2848.4000,2852.0000,2858.0000,2866.0000,1,4,5,1,1,7,1,9,2,2
SF,IH2012,2020-06-29 09:31:55.200,2845.0000,7280,0,80360100.000,0,-,-,-,-,2843.6000,2843.4000,2842.8000,2842.0000,2840.8000,2845.0000,2848.4000,2852.0000,2858.0000,2866.0000,1,4,5,1,1,7,1,9,2,2
SF,IH2012,2020-06-29 09:31:55.700,2843.6000,7280,0,81213180.000,1,0,1,多换,S,2842.8000,2842.0000,2840.8000,2840.0000,2838.6000,2845.0000,2848.4000,2852.0000,2858.0000,2866.0000,5,1,1,1,5,7,1,9,2,2
SF,IH2012,2020-06-29 09:31:56.200,2843.0000,7280,0,83772420.000,3,1,2,多换,S,2843.0000,2842.8000,2842.0000,2840.8000,2840.0000,2845.0000,2848.4000,2852.0000,2858.0000,2866.0000,4,5,1,1,1,7,1,9,2,2
SF,IH2012,2020-06-29 09:31:57.200,2843.0000,7280,0,83772420.000,0,-,-,-,-,2843.0000,2842.8000,2842.0000,2840.8000,2840.0000,2844.8000,2845.0000,2848.4000,2852.0000,2858.0000,5,4,1,1,1,3,7,1,9,2
SF,IH2012,2020-06-29 09:31:57.700,2843.0000,7280,0,83772420.000,0,-,-,-,-,2843.0000,2842.8000,2840.8000,2840.0000,2838.6000,2844.8000,2845.0000,2848.4000,2852.0000,2858.0000,4,4,1,1,5,3,7,1,9,2
SF,IH2012,2020-06-29 09:31:58.200,2843.0000,7280,0,83772420.000,0,-,-,-,-,2843.0000,2842.8000,2840.8000,2840.0000,2838.6000,2843.6000,2844.8000,2845.0000,2848.4000,2852.0000,4,4,1,1,5,2,3,7,1,9
SF,IH2012,2020-06-29 09:31:58.700,2843.6000,7280,0,84625500.000,1,0,1,多换,S,2843.0000,2842.8000,2840.8000,2840.0000,2838.6000,2843.6000,2845.0000,2848.4000,2852.0000,2858.0000,3,4,1,1,5,1,7,1,9,2
SF,IH2012,2020-06-29 09:31:59.200,2843.0000,7279,-1,85478400.000,1,0,1,双平,S,2842.8000,2840.8000,2840.0000,2838.6000,2836.8000,2843.6000,2845.0000,2848.4000,2852.0000,2858.0000,4,1,1,5,4,1,7,1,9,2
SF,IH2012,2020-06-29 09:32:01.200,2843.0000,7279,0,85478400.000,0,-,-,-,-,2842.8000,2840.8000,2840.0000,2838.6000,2836.8000,2843.6000,2845.0000,2848.4000,2852.0000,2858.0000,4,1,1,5,4,1,7,1,9,2
SF,IH2012,2020-06-29 09:32:01.700,2843.0000,7279,0,85478400.000,0,-,-,-,-,2840.8000,2840.0000,2838.6000,2836.8000,2835.8000,2843.6000,2845.0000,2848.4000,2852.0000,2858.0000,1,1,5,4,1,1,7,1,9,2
SF,IH2012,2020-06-29 09:32:02.200,2843.0000,7279,0,85478400.000,0,-,-,-,-,2841.0000,2840.8000,2840.0000,2838.6000,2836.8000,2843.4000,2843.6000,2845.0000,2848.4000,2852.0000,1,1,1,5,4,1,1,7,1,9
SF,IH2012,2020-06-29 09:32:03.200,2843.0000,7279,0,85478400.000,0,-,-,-,-,2841.0000,2840.8000,2840.0000,2838.6000,2838.4000,2843.6000,2845.0000,2848.4000,2852.0000,2858.0000,1,1,1,5,1,1,7,1,9,2
SF,IH2012,2020-06-29 09:32:05.700,2843.0000,7279,0,85478400.000,0,-,-,-,-,2841.2000,2841.0000,2840.8000,2840.0000,2838.6000,2843.6000,2845.0000,2848.4000,2852.0000,2858.0000,1,2,1,1,5,1,7,1,9,2
SF,IH2012,2020-06-29 09:32:06.200,2843.0000,7279,0,85478400.000,0,-,-,-,-,2841.4000,2841.2000,2841.0000,2840.8000,2840.0000,2843.6000,2845.0000,2848.4000,2852.0000,2858.0000,1,1,1,1,1,1,7,1,9,2
SF,IH2012,2020-06-29 09:32:06.700,2843.0000,7279,0,85478400.000,0,-,-,-,-,2841.4000,2841.2000,2841.0000,2840.8000,2840.2000,2843.6000,2845.0000,2848.4000,2852.0000,2858.0000,1,1,1,1,1,1,7,1,9,2
SF,IH2012,2020-06-29 09:32:07.200,2843.0000,7279,0,85478400.000,0,-,-,-,-,2841.6000,2841.4000,2841.2000,2841.0000,2840.8000,2843.6000,2845.0000,2848.4000,2852.0000,2858.0000,1,1,1,1,1,1,7,1,9,2
SF,IH2012,2020-06-29 09:32:07.700,2843.6000,7279,0,86331480.000,1,0,1,多换,S,2841.8000,2841.6000,2841.0000,2840.8000,2840.2000,2845.0000,2848.4000,2852.0000,2858.0000,2866.0000,1,1,1,1,1,7,1,9,2,2
SF,IH2012,2020-06-29 09:32:08.200,2843.6000,7279,0,86331480.000,0,-,-,-,-,2842.0000,2841.8000,2841.6000,2841.0000,2840.8000,2845.0000,2848.4000,2852.0000,2858.0000,2860.4000,1,2,1,1,1,7,1,9,2,1
SF,IH2012,2020-06-29 09:32:08.700,2843.6000,7279,0,86331480.000,0,-,-,-,-,2842.2000,2841.8000,2841.6000,2841.0000,2840.8000,2845.0000,2848.4000,2852.0000,2858.0000,2860.4000,1,1,1,1,1,7,1,9,2,1
SF,IH2012,2020-06-29 09:32:09.200,2843.6000,7279,0,86331480.000,0,-,-,-,-,2843.4000,2842.2000,2841.8000,2841.6000,2841.0000,2845.0000,2848.4000,2852.0000,2858.0000,2860.4000,1,1,1,1,1,7,1,9,2,1
SF,IH2012,2020-06-29 09:32:09.700,2843.6000,7279,0,86331480.000,0,-,-,-,-,2843.4000,2842.2000,2841.8000,2841.0000,2840.8000,2845.0000,2848.4000,2852.0000,2858.0000,2860.4000,1,1,1,1,1,7,1,9,2,1
SF,IH2012,2020-06-29 09:32:10.200,2843.6000,7279,0,86331480.000,0,-,-,-,-,2843.4000,2842.2000,2841.0000,2840.8000,2840.2000,2844.8000,2845.0000,2848.4000,2852.0000,2858.0000,1,1,1,1,1,3,7,1,9,2
SF,IH2012,2020-06-29 09:32:11.200,2843.4000,7278,-1,87184500.000,1,0,1,双平,S,2842.2000,2841.0000,2840.8000,2840.2000,2840.0000,2843.4000,2844.8000,2845.0000,2848.4000,2852.0000,1,1,1,1,1,1,3,7,1,9
SF,IH2012,2020-06-29 09:32:11.700,2843.4000,7277,-1,88037520.000,1,0,1,双平,S,2841.0000,2840.8000,2840.0000,2838.6000,2838.4000,2843.4000,2845.0000,2848.4000,2852.0000,2858.0000,1,1,1,5,1,2,7,1,9,2
SF,IH2012,2020-06-29 09:32:12.200,2843.4000,7277,0,88037520.000,0,-,-,-,-,2841.2000,2841.0000,2840.8000,2840.0000,2838.6000,2843.4000,2845.0000,2848.4000,2852.0000,2858.0000,2,5,1,1,5,2,7,1,9,2
SF,IH2012,2020-06-29 09:32:12.700,2843.4000,7277,0,88037520.000,0,-,-,-,-,2841.2000,2841.0000,2840.8000,2840.0000,2838.6000,2843.4000,2845.0000,2848.4000,2852.0000,2858.0000,2,5,1,1,5,2,7,1,9,2
SF,IH2012,2020-06-29 09:32:13.200,2843.4000,7277,0,88037520.000,0,-,-,-,-,2841.4000,2841.2000,2841.0000,2840.8000,2840.0000,2843.4000,2845.0000,2848.4000,2852.0000,2858.0000,1,2,5,1,1,2,7,1,9,2
SF,IH2012,2020-06-29 09:32:13.700,2843.4000,7277,0,88037520.000,0,-,-,-,-,2841.6000,2841.4000,2841.2000,2841.0000,2840.8000,2843.4000,2845.0000,2848.4000,2852.0000,2858.0000,1,1,1,5,1,2,7,1,9,2
SF,IH2012,2020-06-29 09:32:14.200,2843.4000,7277,0,88037520.000,0,-,-,-,-,2841.8000,2841.6000,2841.4000,2841.0000,2840.8000,2843.2000,2843.4000,2845.0000,2848.4000,2852.0000,1,1,1,6,1,1,2,7,1,9
SF,IH2012,2020-06-29 09:32:14.700,2841.8000,7276,-1,88890060.000,1,0,1,双平,S,2841.6000,2841.0000,2840.8000,2840.0000,2838.6000,2843.2000,2843.4000,2845.0000,2848.4000,2852.0000,1,6,1,1,5,1,2,7,1,9
SF,IH2012,2020-06-29 09:32:15.200,2841.6000,7276,0,89742540.000,1,0,1,多换,S,2841.0000,2840.8000,2840.0000,2838.6000,2838.4000,2841.4000,2843.2000,2843.4000,2845.0000,2848.4000,6,1,1,5,1,1,1,2,7,1
SF,IH2012,2020-06-29 09:32:15.700,2841.6000,7276,0,89742540.000,0,-,-,-,-,2841.0000,2840.8000,2840.0000,2838.4000,2836.8000,2843.2000,2843.4000,2845.0000,2848.4000,2852.0000,2,1,1,1,4,1,2,7,1,9
SF,IH2012,2020-06-29 09:32:16.200,2841.0000,7275,-1,91447140.000,2,0,2,多平,S,2840.8000,2840.0000,2836.8000,2835.8000,2834.8000,2843.0000,2843.2000,2843.4000,2845.0000,2848.4000,1,1,4,1,5,1,1,2,7,1
SF,IH2012,2020-06-29 09:32:16.700,2841.0000,7275,0,91447140.000,0,-,-,-,-,2840.8000,2840.0000,2836.8000,2835.8000,2834.8000,2842.8000,2843.0000,2843.2000,2843.4000,2845.0000,1,1,4,1,5,1,1,1,2,7
SF,IH2012,2020-06-29 09:32:17.200,2841.0000,7275,0,91447140.000,0,-,-,-,-,2840.8000,2840.0000,2836.8000,2835.8000,2834.8000,2842.6000,2842.8000,2843.2000,2843.4000,2845.0000,1,1,4,1,5,1,1,1,2,7
SF,IH2012,2020-06-29 09:32:17.700,2841.0000,7275,0,91447140.000,0,-,-,-,-,2840.8000,2840.0000,2836.8000,2835.8000,2834.8000,2842.4000,2842.6000,2842.8000,2843.2000,2843.4000,1,1,4,1,5,1,1,1,1,2
SF,IH2012,2020-06-29 09:32:18.200,2840.8000,7275,0,92299380.000,1,0,1,多换,S,2840.0000,2836.8000,2835.8000,2834.8000,2831.2000,2842.4000,2842.6000,2842.8000,2843.2000,2843.4000,1,4,1,5,1,1,1,1,1,2
SF,IH2012,2020-06-29 09:32:18.700,2840.8000,7275,0,92299380.000,0,-,-,-,-,2840.0000,2836.8000,2835.8000,2834.8000,2831.2000,2842.2000,2842.4000,2842.8000,2843.4000,2845.0000,1,4,1,5,1,1,1,1,2,7
SF,IH2012,2020-06-29 09:32:19.200,2840.8000,7275,0,92299380.000,0,-,-,-,-,2840.0000,2836.8000,2835.8000,2834.8000,2831.2000,2842.2000,2843.4000,2845.0000,2852.0000,2858.0000,2,4,1,5,1,1,2,7,9,2
SF,IH2012,2020-06-29 09:32:19.700,2840.0000,7274,-1,94003380.000,2,0,2,多平,S,2836.8000,2835.8000,2834.8000,2831.2000,2831.0000,2840.0000,2842.2000,2843.4000,2845.0000,2852.0000,4,1,5,1,1,7,1,2,7,9
SF,IH2012,2020-06-29 09:32:20.200,2840.0000,7269,-5,99967380.000,7,1,6,多平,S,2837.6000,2837.2000,2837.0000,2836.8000,2835.8000,2840.0000,2842.0000,2843.4000,2845.0000,2852.0000,4,4,2,4,1,1,1,2,7,9
SF,IH2012,2020-06-29 09:32:20.700,2840.0000,7268,-1,100819380.000,1,0,1,双平,S,2837.8000,2837.6000,2837.2000,2837.0000,2836.8000,2842.0000,2843.4000,2845.0000,2852.0000,2858.0000,1,4,4,1,4,1,2,7,9,2
SF,IH2012,2020-06-29 09:32:21.200,2840.0000,7268,0,100819380.000,0,-,-,-,-,2838.2000,2837.8000,2837.6000,2837.2000,2836.8000,2841.8000,2842.0000,2843.4000,2845.0000,2852.0000,1,1,4,4,4,1,1,2,7,9
SF,IH2012,2020-06-29 09:32:21.700,2840.0000,7268,0,100819380.000,0,-,-,-,-,2838.4000,2838.2000,2838.0000,2837.6000,2837.2000,2841.8000,2842.0000,2843.4000,2845.0000,2852.0000,1,1,1,4,4,1,1,2,7,9
SF,IH2012,2020-06-29 09:32:22.200,2840.0000,7268,0,100819380.000,0,-,-,-,-,2838.4000,2838.2000,2838.0000,2837.6000,2837.2000,2842.0000,2843.4000,2845.0000,2852.0000,2858.0000,1,1,1,4,4,1,2,7,9,2
SF,IH2012,2020-06-29 09:32:22.700,2840.0000,7268,0,100819380.000,0,-,-,-,-,2838.4000,2838.2000,2838.0000,2837.6000,2837.2000,2841.6000,2842.0000,2845.0000,2852.0000,2858.0000,1,1,1,4,4,1,1,7,9,2
SF,IH2012,2020-06-29 09:32:23.200,2840.0000,7268,0,100819380.000,0,-,-,-,-,2838.4000,2838.2000,2837.6000,2837.2000,2836.8000,2841.6000,2842.0000,2845.0000,2852.0000,2858.0000,1,1,4,4,4,1,1,7,9,2
SF,IH2012,2020-06-29 09:32:23.700,2840.0000,7268,0,100819380.000,0,-,-,-,-,2838.4000,2838.2000,2837.6000,2837.2000,2836.8000,2841.4000,2841.6000,2842.0000,2845.0000,2852.0000,1,1,4,4,4,1,1,1,7,9
SF,IH2012,2020-06-29 09:32:24.200,2838.4000,7268,0,101670900.000,1,0,1,多换,S,2838.2000,2837.6000,2837.2000,2836.8000,2835.8000,2838.4000,2841.2000,2841.4000,2841.6000,2842.0000,1,4,4,4,1,8,1,1,1,1
SF,IH2012,2020-06-29 09:32:24.700,2838.4000,7260,-8,108483060.000,8,0,8,双平,S,2838.4000,2837.6000,2837.2000,2836.8000,2835.8000,2841.2000,2841.6000,2842.2000,2845.0000,2852.0000,1,4,4,4,1,1,1,1,7,9
SF,IH2012,2020-06-29 09:32:25.200,2838.4000,7260,0,108483060.000,0,-,-,-,-,2838.4000,2837.6000,2837.2000,2836.8000,2835.8000,2841.0000,2841.2000,2841.6000,2842.2000,2845.0000,1,4,4,4,1,1,1,1,1,7
SF,IH2012,2020-06-29 09:32:25.700,2838.4000,7260,0,108483060.000,0,-,-,-,-,2838.6000,2838.4000,2837.6000,2837.2000,2836.8000,2840.8000,2841.0000,2841.6000,2842.2000,2845.0000,1,2,4,4,4,2,1,1,1,7
SF,IH2012,2020-06-29 09:32:26.200,2838.4000,7260,0,108483060.000,0,-,-,-,-,2838.6000,2838.4000,2837.6000,2837.2000,2836.8000,2840.6000,2840.8000,2841.0000,2842.2000,2845.0000,1,2,4,4,4,2,3,1,1,7
SF,IH2012,2020-06-29 09:32:26.700,2838.4000,7260,0,108483060.000,0,-,-,-,-,2838.6000,2838.4000,2837.6000,2837.2000,2836.8000,2840.4000,2840.6000,2840.8000,2841.0000,2842.2000,1,1,4,4,4,2,2,2,1,1
SF,IH2012,2020-06-29 09:32:27.200,2838.4000,7260,0,108483060.000,0,-,-,-,-,2838.8000,2838.6000,2838.4000,2837.6000,2837.2000,2840.2000,2840.4000,2840.8000,2842.2000,2845.0000,1,1,1,4,4,2,1,2,1,7
SF,IH2012,2020-06-29 09:32:27.700,2838.4000,7260,0,108483060.000,0,-,-,-,-,2838.8000,2838.6000,2838.4000,2837.6000,2837.2000,2840.2000,2840.4000,2840.8000,2842.2000,2845.0000,1,1,1,4,4,2,1,1,1,7
SF,IH2012,2020-06-29 09:32:28.200,2838.4000,7260,0,108483060.000,0,-,-,-,-,2838.8000,2838.4000,2837.6000,2837.2000,2836.8000,2840.2000,2840.4000,2840.8000,2842.2000,2845.0000,1,1,4,4,4,2,1,1,1,7
SF,IH2012,2020-06-29 09:32:28.700,2838.8000,7260,0,109334700.000,1,0,1,多换,S,2838.4000,2837.6000,2837.2000,2836.8000,2835.8000,2838.8000,2840.2000,2840.4000,2842.2000,2845.0000,1,4,4,4,1,1,2,1,1,7
SF,IH2012,2020-06-29 09:32:29.200,2838.8000,7260,0,109334700.000,0,-,-,-,-,2838.4000,2837.6000,2837.2000,2836.8000,2835.8000,2838.8000,2840.2000,2842.2000,2845.0000,2852.0000,1,4,4,4,1,1,2,1,7,9
SF,IH2012,2020-06-29 09:32:29.700,2838.4000,7259,-1,110186220.000,1,0,1,双平,S,2837.6000,2837.2000,2836.8000,2835.8000,2834.8000,2838.8000,2840.2000,2842.2000,2845.0000,2852.0000,4,4,4,1,5,1,2,1,7,9
SF,IH2012,2020-06-29 09:32:30.200,2838.4000,7259,0,110186220.000,0,-,-,-,-,2836.8000,2835.8000,2831.2000,2831.0000,2830.2000,2838.6000,2838.8000,2842.2000,2845.0000,2852.0000,4,1,1,6,1,2,1,1,7,9
SF,IH2012,2020-06-29 09:32:30.700,2838.4000,7259,0,110186220.000,0,-,-,-,-,2836.8000,2835.8000,2834.0000,2831.2000,2831.0000,2838.4000,2838.6000,2838.8000,2842.2000,2845.0000,4,1,1,1,6,1,2,1,1,7
SF,IH2012,2020-06-29 09:32:31.200,2838.4000,7259,0,110186220.000,0,-,-,-,-,2836.8000,2836.0000,2835.8000,2834.0000,2831.2000,2838.2000,2838.4000,2838.8000,2842.2000,2845.0000,4,1,1,1,1,2,1,1,1,7
SF,IH2012,2020-06-29 09:32:31.700,2838.4000,7259,0,110186220.000,0,-,-,-,-,2836.8000,2836.0000,2835.8000,2834.0000,2831.2000,2838.4000,2838.8000,2842.2000,2845.0000,2852.0000,5,1,1,1,1,1,1,1,7,9
SF,IH2012,2020-06-29 09:32:32.200,2838.4000,7259,0,110186220.000,0,-,-,-,-,2836.8000,2836.0000,2835.8000,2834.0000,2831.2000,2838.0000,2838.2000,2838.4000,2838.8000,2842.2000,5,1,1,1,1,1,2,1,1,1
SF,IH2012,2020-06-29 09:32:32.700,2838.4000,7259,0,110186220.000,0,-,-,-,-,2836.8000,2836.0000,2835.8000,2834.0000,2831.2000,2838.0000,2838.2000,2838.4000,2838.8000,2842.2000,4,1,1,1,1,1,2,1,1,1
SF,IH2012,2020-06-29 09:32:33.200,2838.4000,7259,0,110186220.000,0,-,-,-,-,2836.8000,2836.0000,2835.8000,2834.0000,2831.2000,2838.0000,2838.2000,2838.4000,2842.2000,2845.0000,4,1,1,1,1,1,2,1,1,7
SF,IH2012,2020-06-29 09:32:33.700,2838.4000,7259,0,110186220.000,0,-,-,-,-,2836.8000,2836.0000,2835.8000,2834.0000,2831.2000,2838.0000,2838.2000,2838.4000,2842.2000,2845.0000,4,1,1,1,1,1,2,1,1,7
SF,IH2012,2020-06-29 09:32:35.700,2838.4000,7259,0,110186220.000,0,-,-,-,-,2836.8000,2836.0000,2835.8000,2834.0000,2831.2000,2838.2000,2838.4000,2842.2000,2845.0000,2852.0000,4,1,1,1,1,2,1,1,7,9
SF,IH2012,2020-06-29 09:32:36.200,2836.8000,7259,0,111888300.000,2,1,1,多换,S,2836.8000,2836.0000,2835.8000,2834.0000,2831.2000,2838.4000,2842.2000,2845.0000,2852.0000,2858.0000,2,1,1,1,1,1,1,7,9,1
SF,IH2012,2020-06-29 09:32:36.700,2836.8000,7259,0,112739340.000,1,0,1,多换,S,2838.0000,2836.8000,2836.2000,2836.0000,2835.8000,2838.4000,2842.2000,2845.0000,2852.0000,2858.0000,1,1,1,1,1,1,1,7,9,1
SF,IH2012,2020-06-29 09:32:37.200,2838.0000,7259,0,113590740.000,1,0,1,多换,S,2836.8000,2836.2000,2836.0000,2835.8000,2834.0000,2842.2000,2843.0000,2845.0000,2852.0000,2858.0000,1,1,1,1,1,1,1,7,9,1
SF,IH2012,2020-06-29 09:32:37.700,2838.0000,7259,0,113590740.000,0,-,-,-,-,2837.0000,2836.8000,2836.2000,2836.0000,2835.8000,2842.0000,2842.2000,2843.0000,2845.0000,2852.0000,1,1,1,1,1,1,1,1,7,9
SF,IH2012,2020-06-29 09:32:38.200,2838.0000,7259,0,113590740.000,0,-,-,-,-,2837.0000,2836.8000,2836.2000,2836.0000,2835.8000,2841.8000,2842.0000,2842.2000,2843.0000,2845.0000,1,1,1,1,1,1,1,1,1,7
SF,IH2012,2020-06-29 09:32:38.700,2838.0000,7259,0,113590740.000,0,-,-,-,-,2837.6000,2837.0000,2836.8000,2836.2000,2836.0000,2841.6000,2842.2000,2843.0000,2845.0000,2852.0000,1,1,1,1,1,1,1,1,7,9
SF,IH2012,2020-06-29 09:32:39.200,2838.0000,7259,0,113590740.000,0,-,-,-,-,2837.6000,2837.0000,2836.8000,2836.2000,2836.0000,2841.6000,2842.2000,2843.0000,2845.0000,2852.0000,1,1,1,1,1,2,1,1,7,9
SF,IH2012,2020-06-29 09:32:39.700,2838.0000,7259,0,113590740.000,0,-,-,-,-,2837.6000,2836.8000,2836.2000,2836.0000,2835.8000,2841.4000,2841.6000,2842.2000,2843.0000,2845.0000,1,1,1,1,1,2,1,1,1,7
SF,IH2012,2020-06-29 09:32:40.200,2838.0000,7259,0,113590740.000,0,-,-,-,-,2838.6000,2837.6000,2837.0000,2836.8000,2836.2000,2841.2000,2841.4000,2842.2000,2843.0000,2845.0000,1,1,1,1,1,1,2,1,1,7
SF,IH2012,2020-06-29 09:32:40.700,2838.0000,7259,0,113590740.000,0,-,-,-,-,2838.6000,2837.6000,2837.0000,2836.8000,2836.2000,2841.2000,2841.4000,2842.2000,2843.0000,2845.0000,1,1,1,1,1,1,2,1,1,7
SF,IH2012,2020-06-29 09:32:41.200,2838.6000,7259,0,114442320.000,1,0,1,多换,S,2838.0000,2837.6000,2837.0000,2836.8000,2836.2000,2841.2000,2841.4000,2842.2000,2843.0000,2845.0000,1,1,1,1,1,1,2,1,1,7
SF,IH2012,2020-06-29 09:32:41.700,2838.6000,7259,0,114442320.000,0,-,-,-,-,2838.0000,2837.6000,2837.0000,2836.8000,2836.2000,2841.0000,2841.2000,2841.4000,2842.2000,2843.0000,1,1,1,1,1,1,1,1,1,1
SF,IH2012,2020-06-29 09:32:42.200,2838.6000,7259,0,114442320.000,0,-,-,-,-,2838.4000,2838.0000,2837.0000,2836.8000,2836.2000,2840.8000,2841.0000,2841.4000,2842.2000,2843.0000,1,1,1,1,1,1,1,1,1,1
SF,IH2012,2020-06-29 09:32:42.700,2838.6000,7259,0,114442320.000,0,-,-,-,-,2838.0000,2837.0000,2836.8000,2836.2000,2836.0000,2840.6000,2840.8000,2841.0000,2841.4000,2842.2000,1,1,1,1,1,1,1,1,1,1
SF,IH2012,2020-06-29 09:32:43.200,2838.6000,7259,0,114442320.000,0,-,-,-,-,2838.2000,2838.0000,2837.0000,2836.8000,2836.2000,2840.4000,2840.6000,2842.2000,2843.0000,2845.0000,1,1,1,1,1,1,2,1,1,7
SF,IH2012,2020-06-29 09:32:43.700,2838.6000,7259,0,114442320.000,0,-,-,-,-,2838.2000,2838.0000,2837.0000,2836.8000,2836.2000,2840.4000,2840.6000,2842.2000,2843.0000,2845.0000,1,1,1,1,1,1,1,1,1,7
SF,IH2012,2020-06-29 09:32:44.200,2838.6000,7259,0,114442320.000,0,-,-,-,-,2838.2000,2838.0000,2837.0000,2836.8000,2836.2000,2840.2000,2840.4000,2842.2000,2843.0000,2845.0000,1,1,1,1,1,1,1,1,1,7
SF,IH2012,2020-06-29 09:32:44.700,2838.6000,7259,0,114442320.000,0,-,-,-,-,2838.2000,2838.0000,2837.0000,2836.8000,2836.2000,2840.0000,2840.2000,2842.2000,2843.0000,2845.0000,1,1,1,1,1,1,1,1,1,7
SF,IH2012,2020-06-29 09:32:45.200,2838.6000,7259,0,114442320.000,0,-,-,-,-,2838.2000,2838.0000,2837.0000,2836.8000,2836.2000,2839.8000,2840.0000,2840.2000,2842.2000,2843.0000,1,1,1,1,1,1,1,1,1,1
SF,IH2012,2020-06-29 09:32:45.700,2838.0000,7257,-2,116145180.000,2,0,2,双平,S,2837.0000,2836.8000,2836.2000,2836.0000,2835.8000,2838.2000,2839.8000,2840.0000,2842.2000,2843.0000,1,1,1,1,1,2,1,1,1,1
SF,IH2012,2020-06-29 09:32:46.200,2838.0000,7257,0,116145180.000,0,-,-,-,-,2837.0000,2836.8000,2836.2000,2836.0000,2835.8000,2838.2000,2840.0000,2840.2000,2842.2000,2843.0000,1,1,1,1,1,2,1,1,1,1
SF,IH2012,2020-06-29 09:32:47.700,2838.0000,7257,0,116145180.000,0,-,-,-,-,2837.0000,2836.8000,2836.2000,2836.0000,2835.8000,2838.2000,2840.0000,2840.2000,2842.2000,2843.0000,1,1,1,1,1,2,1,1,1,1
SF,IH2012,2020-06-29 09:32:48.700,2838.0000,7257,0,116145180.000,0,-,-,-,-,2837.0000,2836.8000,2836.2000,2836.0000,2835.8000,2840.0000,2840.2000,2842.2000,2843.0000,2845.0000,1,1,1,1,1,1,1,1,1,7
SF,IH2012,2020-06-29 09:32:49.200,2838.0000,7257,0,116145180.000,0,-,-,-,-,2837.0000,2836.8000,2836.2000,2836.0000,2835.8000,2839.8000,2840.0000,2840.2000,2841.4000,2842.2000,1,1,1,1,1,1,1,1,1,1
SF,IH2012,2020-06-29 09:32:49.700,2838.0000,7257,0,116145180.000,0,-,-,-,-,2837.0000,2836.8000,2836.2000,2836.0000,2835.8000,2839.6000,2839.8000,2840.2000,2841.4000,2842.2000,1,1,1,1,1,1,1,1,1,1
SF,IH2012,2020-06-29 09:32:50.200,2838.0000,7257,0,116145180.000,0,-,-,-,-,2837.0000,2836.8000,2836.2000,2836.0000,2835.8000,2839.6000,2840.2000,2841.4000,2842.2000,2843.0000,1,1,1,1,1,1,1,1,1,1
SF,IH2012,2020-06-29 09:32:50.700,2838.0000,7257,0,116145180.000,0,-,-,-,-,2837.2000,2837.0000,2836.8000,2836.2000,2836.0000,2839.6000,2840.2000,2841.4000,2842.2000,2843.0000,1,1,1,1,1,1,1,1,1,1
SF,IH2012,2020-06-29 09:32:52.200,2838.0000,7257,0,116145180.000,0,-,-,-,-,2837.0000,2836.8000,2836.2000,2836.0000,2835.8000,2839.4000,2839.6000,2840.2000,2841.4000,2842.2000,2,1,1,1,1,1,1,1,1,1
SF,IH2012,2020-06-29 09:32:52.700,2838.0000,7257,0,116145180.000,0,-,-,-,-,2837.0000,2836.8000,2836.6000,2836.2000,2836.0000,2839.2000,2839.4000,2840.2000,2841.4000,2842.2000,2,1,1,1,1,1,1,1,1,1
SF,IH2012,2020-06-29 09:32:53.700,2838.0000,7257,0,116145180.000,0,-,-,-,-,2837.0000,2836.8000,2836.2000,2836.0000,2835.8000,2839.2000,2839.4000,2840.2000,2841.4000,2842.2000,2,1,1,1,1,1,1,1,1,1
SF,IH2012,2020-06-29 09:32:54.700,2839.0000,7257,0,116996880.000,1,0,1,多换,S,2837.0000,2836.8000,2836.2000,2836.0000,2835.8000,2839.2000,2839.4000,2840.2000,2841.4000,2842.2000,2,1,1,1,1,1,1,1,1,1
SF,IH2012,2020-06-29 09:32:55.200,2839.0000,7257,0,116996880.000,0,-,-,-,-,2837.0000,2836.8000,2836.2000,2836.0000,2835.8000,2839.2000,2839.4000,2840.2000,2841.4000,2842.2000,2,1,1,1,1,1,1,1,1,1
SF,IH2012,2020-06-29 09:32:55.700,2839.0000,7257,0,116996880.000,0,-,-,-,-,2837.0000,2836.8000,2836.2000,2836.0000,2835.8000,2839.2000,2839.4000,2840.2000,2841.4000,2842.2000,2,1,1,1,1,1,1,1,1,1
SF,IH2012,2020-06-29 09:32:56.200,2839.0000,7257,0,116996880.000,0,-,-,-,-,2837.0000,2836.8000,2836.2000,2836.0000,2835.8000,2839.0000,2839.2000,2840.2000,2841.4000,2842.2000,2,1,1,1,1,1,1,1,1,1
SF,IH2012,2020-06-29 09:32:56.700,2839.0000,7257,0,116996880.000,0,-,-,-,-,2837.0000,2836.8000,2836.2000,2836.0000,2835.8000,2838.8000,2839.0000,2840.2000,2842.2000,2843.0000,2,1,1,1,1,1,2,1,1,1
SF,IH2012,2020-06-29 09:32:57.700,2839.0000,7257,0,116996880.000,0,-,-,-,-,2837.0000,2836.8000,2836.2000,2836.0000,2835.8000,2838.6000,2838.8000,2839.0000,2840.2000,2842.2000,2,1,1,1,1,1,1,1,1,1
SF,IH2012,2020-06-29 09:32:58.200,2839.0000,7257,0,117848580.000,1,0,1,多换,S,2837.0000,2836.8000,2836.2000,2836.0000,2835.8000,2838.8000,2839.0000,2840.2000,2842.2000,2843.0000,2,1,1,1,1,1,1,1,1,1
SF,IH2012,2020-06-29 09:32:58.700,2839.0000,7257,0,117848580.000,0,-,-,-,-,2837.0000,2836.8000,2836.2000,2836.0000,2835.8000,2838.8000,2840.2000,2842.2000,2843.0000,2845.0000,2,1,1,1,1,1,1,1,1,7
SF,IH2012,2020-06-29 09:32:59.700,2839.0000,7257,0,117848580.000,0,-,-,-,-,2837.0000,2836.8000,2836.2000,2836.0000,2835.8000,2838.6000,2838.8000,2840.2000,2842.2000,2843.0000,2,1,1,1,1,1,1,1,1,1
SF,IH2012,2020-06-29 09:33:00.200,2839.0000,7257,0,117848580.000,0,-,-,-,-,2837.0000,2836.8000,2836.2000,2836.0000,2835.8000,2838.6000,2838.8000,2840.2000,2842.2000,2843.0000,2,1,1,1,1,1,1,1,1,1
SF,IH2012,2020-06-29 09:33:00.700,2839.0000,7257,0,117848580.000,0,-,-,-,-,2837.0000,2836.8000,2836.2000,2836.0000,2835.8000,2838.8000,2840.2000,2842.2000,2843.0000,2845.0000,2,1,1,1,1,1,1,1,1,7
SF,IH2012,2020-06-29 09:33:01.200,2839.0000,7257,0,117848580.000,0,-,-,-,-,2837.0000,2836.8000,2836.2000,2836.0000,2835.8000,2838.6000,2838.8000,2840.2000,2842.2000,2843.0000,2,1,1,1,1,1,1,1,1,1
SF,IH2012,2020-06-29 09:33:01.700,2837.0000,7257,0,118699680.000,1,0,1,多换,S,2837.0000,2836.8000,2836.2000,2836.0000,2835.8000,2838.6000,2838.8000,2840.2000,2842.2000,2843.0000,1,1,1,1,1,1,1,1,1,1
SF,IH2012,2020-06-29 09:33:02.200,2837.0000,7257,0,118699680.000,0,-,-,-,-,2837.0000,2836.8000,2836.2000,2836.0000,2835.8000,2838.6000,2838.8000,2840.2000,2842.2000,2843.0000,1,1,1,1,1,1,1,1,1,1
SF,IH2012,2020-06-29 09:33:02.700,2838.4000,7257,0,119551200.000,1,0,1,多换,S,2837.0000,2836.8000,2836.2000,2836.0000,2835.8000,2838.6000,2838.8000,2840.2000,2842.2000,2843.0000,1,1,1,1,1,1,1,1,1,1
SF,IH2012,2020-06-29 09:33:03.200,2838.4000,7257,0,119551200.000,0,-,-,-,-,2837.0000,2836.8000,2836.2000,2836.0000,2835.8000,2838.6000,2838.8000,2840.2000,2842.2000,2843.0000,1,1,1,1,1,1,1,1,1,1
SF,IH2012,2020-06-29 09:33:03.700,2838.4000,7257,0,119551200.000,0,-,-,-,-,2837.0000,2836.8000,2836.2000,2836.0000,2835.8000,2838.6000,2838.8000,2840.2000,2842.2000,2843.0000,1,1,1,1,1,1,1,1,1,1
SF,IH2012,2020-06-29 09:33:04.700,2837.0000,7258,1,120402300.000,1,1,0,双开,S,2836.8000,2836.2000,2836.0000,2835.8000,2834.8000,2838.6000,2838.8000,2840.2000,2842.2000,2843.0000,1,1,1,1,1,1,1,1,1,1
SF,IH2012,2020-06-29 09:33:05.200,2837.0000,7258,0,120402300.000,0,-,-,-,-,2836.8000,2836.2000,2836.0000,2835.8000,2834.8000,2838.4000,2838.6000,2840.2000,2842.2000,2843.0000,1,1,1,1,1,1,1,1,1,1
SF,IH2012,2020-06-29 09:33:05.700,2837.0000,7258,0,120402300.000,0,-,-,-,-,2836.8000,2836.2000,2836.0000,2835.8000,2834.8000,2838.2000,2838.4000,2838.6000,2840.2000,2842.2000,1,1,1,1,1,1,1,1,1,1
SF,IH2012,2020-06-29 09:33:06.200,2836.8000,7258,0,121253340.000,1,0,1,多换,S,2836.2000,2836.0000,2835.8000,2834.8000,2833.4000,2838.2000,2838.4000,2838.6000,2840.2000,2842.2000,1,1,1,1,1,1,1,1,1,1
SF,IH2012,2020-06-29 09:33:06.700,2836.2000,7258,0,122104200.000,1,0,1,多换,S,2836.0000,2835.8000,2834.8000,2833.4000,2831.6000,2838.0000,2838.2000,2838.6000,2840.2000,2842.2000,1,1,1,1,1,1,1,1,1,1
SF,IH2012,2020-06-29 09:33:07.200,2835.8000,7257,-1,123805740.000,2,0,2,多平,S,2834.8000,2833.4000,2831.6000,2831.2000,2831.0000,2837.4000,2837.8000,2838.0000,2838.2000,2838.6000,1,1,1,1,1,1,1,1,1,1
SF,IH2012,2020-06-29 09:33:07.700,2835.8000,7257,0,123805740.000,0,-,-,-,-,2834.8000,2833.4000,2831.6000,2831.2000,2831.0000,2836.0000,2837.2000,2837.8000,2838.2000,2838.6000,1,1,1,1,1,1,1,1,1,1
SF,IH2012,2020-06-29 09:33:08.200,2835.8000,7257,0,123805740.000,0,-,-,-,-,2834.8000,2833.4000,2831.6000,2831.2000,2831.0000,2837.2000,2837.8000,2838.0000,2838.2000,2838.6000,1,1,1,1,1,1,1,1,1,1
SF,IH2012,2020-06-29 09:33:09.700,2834.8000,7257,0,124656180.000,1,0,1,多换,S,2833.4000,2831.6000,2831.2000,2831.0000,2830.6000,2834.8000,2837.2000,2837.8000,2838.0000,2838.2000,1,1,1,1,1,1,1,1,1,1
SF,IH2012,2020-06-29 09:33:10.200,2834.8000,7256,-1,125506620.000,1,0,1,双平,S,2834.8000,2833.6000,2833.4000,2831.6000,2831.2000,2837.2000,2837.8000,2838.2000,2842.2000,2843.0000,1,1,1,1,1,1,1,1,1,1
SF,IH2012,2020-06-29 09:33:10.700,2834.8000,7256,0,125506620.000,0,-,-,-,-,2835.6000,2833.6000,2833.4000,2831.6000,2831.2000,2837.2000,2837.8000,2842.2000,2843.0000,2845.0000,1,1,1,1,1,1,1,1,1,7
SF,IH2012,2020-06-29 09:33:11.700,2834.8000,7256,0,125506620.000,0,-,-,-,-,2833.6000,2833.4000,2831.6000,2831.2000,2831.0000,2837.2000,2837.8000,2842.2000,2843.0000,2845.0000,1,1,1,1,1,1,1,1,1,7
SF,IH2012,2020-06-29 09:33:12.200,2834.8000,7256,0,125506620.000,0,-,-,-,-,2833.6000,2833.4000,2831.6000,2831.2000,2831.0000,2837.0000,2837.2000,2842.2000,2843.0000,2845.0000,1,1,1,1,1,1,1,1,1,7
SF,IH2012,2020-06-29 09:33:12.700,2834.8000,7256,0,125506620.000,0,-,-,-,-,2834.0000,2833.8000,2833.4000,2831.6000,2831.2000,2836.8000,2837.0000,2842.2000,2843.0000,2845.0000,1,1,1,1,1,2,1,1,1,7
SF,IH2012,2020-06-29 09:33:13.200,2834.0000,7256,0,126356820.000,1,0,1,多换,S,2833.8000,2833.4000,2833.0000,2831.6000,2831.2000,2836.6000,2836.8000,2842.2000,2843.0000,2845.0000,1,1,1,1,1,1,2,1,1,7
SF,IH2012,2020-06-29 09:33:13.700,2834.0000,7256,0,126356820.000,0,-,-,-,-,2833.8000,2833.4000,2833.0000,2831.6000,2831.2000,2836.4000,2836.6000,2842.2000,2843.0000,2845.0000,1,2,1,1,1,2,1,1,1,7
SF,IH2012,2020-06-29 09:33:14.200,2834.0000,7256,0,126356820.000,0,-,-,-,-,2833.8000,2833.4000,2833.0000,2831.6000,2831.2000,2836.2000,2836.4000,2842.2000,2843.0000,2845.0000,1,2,1,1,1,1,2,1,1,7
SF,IH2012,2020-06-29 09:33:14.700,2834.0000,7256,0,126356820.000,0,-,-,-,-,2833.8000,2833.4000,2831.6000,2831.2000,2831.0000,2836.0000,2836.2000,2836.4000,2842.2000,2843.0000,1,2,1,1,1,2,1,1,1,1
SF,IH2012,2020-06-29 09:33:15.200,2834.0000,7256,0,126356820.000,0,-,-,-,-,2833.4000,2831.6000,2831.2000,2831.0000,2830.2000,2836.0000,2836.2000,2842.2000,2843.0000,2845.0000,2,1,1,1,1,2,1,1,1,7
SF,IH2012,2020-06-29 09:33:15.700,2834.0000,7256,0,126356820.000,0,-,-,-,-,2833.6000,2833.4000,2831.6000,2831.2000,2831.0000,2836.0000,2836.2000,2842.2000,2843.0000,2845.0000,2,2,1,1,1,2,1,1,1,7
SF,IH2012,2020-06-29 09:33:17.200,2833.6000,7256,0,127206900.000,1,0,1,多换,S,2833.6000,2833.4000,2831.6000,2831.2000,2831.0000,2836.0000,2836.2000,2842.2000,2843.0000,2845.0000,1,2,1,1,1,2,1,1,1,7
SF,IH2012,2020-06-29 09:33:18.700,2833.6000,7256,0,127206900.000,0,-,-,-,-,2833.6000,2833.4000,2831.6000,2831.2000,2831.0000,2836.0000,2836.2000,2842.2000,2843.0000,2845.0000,1,2,1,1,1,1,1,1,1,7
SF,IH2012,2020-06-29 09:33:19.200,2836.2000,7255,-1,128908560.000,2,0,2,多平,S,2833.8000,2833.6000,2833.4000,2831.6000,2831.2000,2842.2000,2843.0000,2845.0000,2850.0000,2852.0000,1,1,2,1,1,1,1,7,1,9
SF,IH2012,2020-06-29 09:33:19.700,2836.2000,7255,0,128908560.000,0,-,-,-,-,2834.0000,2833.8000,2833.6000,2833.4000,2831.6000,2838.6000,2842.2000,2843.0000,2845.0000,2850.0000,1,1,1,2,1,1,1,1,7,1
SF,IH2012,2020-06-29 09:33:20.200,2836.2000,7255,0,128908560.000,0,-,-,-,-,2834.2000,2834.0000,2833.6000,2833.4000,2831.6000,2842.2000,2843.0000,2845.0000,2850.0000,2852.0000,1,2,1,2,1,1,1,7,1,9
SF,IH2012,2020-06-29 09:33:20.700,2836.2000,7255,0,128908560.000,0,-,-,-,-,2834.2000,2834.0000,2833.4000,2831.6000,2831.2000,2839.8000,2842.2000,2843.0000,2845.0000,2850.0000,1,2,2,1,1,2,1,1,7,1
SF,IH2012,2020-06-29 09:33:21.200,2836.2000,7255,0,128908560.000,0,-,-,-,-,2834.4000,2834.2000,2834.0000,2833.4000,2831.6000,2839.8000,2840.6000,2842.2000,2843.0000,2845.0000,1,1,2,2,1,2,1,1,1,7
SF,IH2012,2020-06-29 09:33:21.700,2836.2000,7255,0,128908560.000,0,-,-,-,-,2834.6000,2834.4000,2834.0000,2833.4000,2831.6000,2839.8000,2840.6000,2842.2000,2843.0000,2845.0000,1,1,1,2,1,2,1,1,1,7
SF,IH2012,2020-06-29 09:33:22.200,2836.2000,7255,0,128908560.000,0,-,-,-,-,2834.6000,2834.0000,2833.4000,2831.6000,2831.2000,2839.6000,2839.8000,2840.6000,2842.2000,2843.0000,1,1,2,1,1,1,1,1,1,1
SF,IH2012,2020-06-29 09:33:23.200,2836.2000,7255,0,128908560.000,0,-,-,-,-,2834.6000,2834.4000,2834.0000,2833.4000,2831.6000,2839.4000,2839.6000,2840.6000,2842.2000,2843.0000,1,1,1,2,1,1,1,1,1,1
SF,IH2012,2020-06-29 09:33:23.700,2836.2000,7255,0,128908560.000,0,-,-,-,-,2834.6000,2834.4000,2834.0000,2833.4000,2831.6000,2839.2000,2839.4000,2839.6000,2840.6000,2842.2000,1,1,1,2,1,1,1,1,1,1
SF,IH2012,2020-06-29 09:33:25.200,2836.2000,7255,0,128908560.000,0,-,-,-,-,2834.6000,2834.0000,2833.4000,2831.6000,2831.2000,2839.2000,2839.4000,2839.6000,2840.6000,2842.2000,1,1,2,1,1,1,1,1,1,1
SF,IH2012,2020-06-29 09:33:25.700,2836.2000,7255,0,128908560.000,0,-,-,-,-,2835.2000,2835.0000,2834.8000,2834.6000,2834.0000,2839.2000,2839.4000,2840.6000,2842.2000,2843.0000,1,1,1,1,1,1,1,1,1,1
SF,IH2012,2020-06-29 09:33:26.200,2836.2000,7255,0,128908560.000,0,-,-,-,-,2835.4000,2835.2000,2835.0000,2834.8000,2834.0000,2839.2000,2839.4000,2840.6000,2842.2000,2843.0000,1,1,1,1,1,1,1,1,1,1
SF,IH2012,2020-06-29 09:33:26.700,2836.2000,7255,0,128908560.000,0,-,-,-,-,2835.8000,2835.6000,2835.4000,2835.2000,2834.8000,2840.6000,2842.2000,2843.0000,2845.0000,2850.0000,1,4,1,1,1,1,1,1,7,1
SF,IH2012,2020-06-29 09:33:27.200,2836.2000,7255,0,128908560.000,0,-,-,-,-,2836.0000,2835.8000,2835.6000,2834.0000,2833.4000,2840.4000,2842.2000,2843.0000,2845.0000,2850.0000,1,2,4,1,2,1,1,1,7,1
SF,IH2012,2020-06-29 09:33:27.700,2836.2000,7255,0,128908560.000,0,-,-,-,-,2836.6000,2836.2000,2836.0000,2835.8000,2835.6000,2840.2000,2840.4000,2842.2000,2843.0000,2845.0000,1,1,1,1,4,1,1,1,1,7
SF,IH2012,2020-06-29 09:33:28.200,2836.2000,7255,0,128908560.000,0,-,-,-,-,2836.8000,2836.6000,2835.6000,2834.0000,2833.4000,2840.0000,2840.2000,2840.4000,2842.2000,2843.0000,1,1,4,1,2,2,1,1,1,1
SF,IH2012,2020-06-29 09:33:28.700,2836.2000,7255,0,128908560.000,0,-,-,-,-,2836.8000,2836.6000,2835.6000,2834.0000,2833.4000,2839.8000,2840.0000,2840.4000,2842.2000,2843.0000,2,1,4,1,2,1,2,1,1,1
SF,IH2012,2020-06-29 09:33:29.200,2836.2000,7255,0,128908560.000,0,-,-,-,-,2836.8000,2836.6000,2835.6000,2834.0000,2833.4000,2839.6000,2839.8000,2840.0000,2840.4000,2842.2000,1,1,4,1,2,2,1,1,1,1
SF,IH2012,2020-06-29 09:33:29.700,2836.2000,7255,0,128908560.000,0,-,-,-,-,2836.8000,2836.6000,2835.6000,2834.0000,2833.4000,2839.4000,2839.6000,2840.0000,2840.4000,2842.2000,1,1,4,1,2,1,2,1,1,1
SF,IH2012,2020-06-29 09:33:30.200,2836.2000,7255,0,128908560.000,0,-,-,-,-,2836.8000,2836.6000,2835.6000,2834.0000,2833.4000,2839.2000,2839.4000,2839.6000,2840.0000,2840.4000,1,1,4,1,2,1,1,1,1,1
SF,IH2012,2020-06-29 09:33:30.700,2836.2000,7255,0,128908560.000,0,-,-,-,-,2837.0000,2836.8000,2836.6000,2835.6000,2834.0000,2839.0000,2839.2000,2839.6000,2840.0000,2840.4000,1,1,1,4,1,1,1,1,1,1
SF,IH2012,2020-06-29 09:33:31.200,2836.2000,7255,0,128908560.000,0,-,-,-,-,2837.2000,2837.0000,2836.6000,2835.6000,2834.0000,2838.8000,2839.0000,2839.6000,2840.0000,2840.4000,1,1,1,4,1,1,1,1,1,1
SF,IH2012,2020-06-29 09:33:32.200,2836.2000,7255,0,128908560.000,0,-,-,-,-,2837.2000,2837.0000,2836.6000,2835.6000,2834.0000,2838.8000,2839.0000,2839.6000,2840.0000,2842.2000,1,1,1,4,1,1,1,1,1,1
SF,IH2012,2020-06-29 09:33:32.700,2838.8000,7255,0,129760200.000,1,0,1,多换,S,2837.2000,2837.0000,2835.6000,2834.0000,2833.4000,2839.6000,2842.2000,2843.0000,2845.0000,2850.0000,1,1,4,1,2,1,1,1,7,1
SF,IH2012,2020-06-29 09:33:33.200,2838.8000,7255,0,129760200.000,0,-,-,-,-,2837.4000,2837.2000,2835.6000,2834.0000,2833.4000,2839.4000,2839.6000,2842.2000,2843.0000,2845.0000,1,1,4,1,2,2,1,1,1,7
SF,IH2012,2020-06-29 09:33:33.700,2838.8000,7255,0,129760200.000,0,-,-,-,-,2837.6000,2837.4000,2837.2000,2835.6000,2834.0000,2839.4000,2839.6000,2842.2000,2843.0000,2845.0000,1,1,1,4,1,1,1,1,1,7
SF,IH2012,2020-06-29 09:33:34.200,2838.8000,7255,0,129760200.000,0,-,-,-,-,2838.8000,2837.8000,2837.6000,2837.2000,2835.6000,2839.2000,2839.6000,2842.2000,2843.0000,2845.0000,1,1,1,1,4,1,1,1,1,7
SF,IH2012,2020-06-29 09:33:34.700,2838.8000,7254,-1,130611840.000,1,0,1,双平,S,2837.8000,2837.6000,2837.2000,2835.6000,2834.0000,2839.2000,2839.6000,2842.2000,2843.0000,2845.0000,1,1,1,4,1,1,1,1,1,7
SF,IH2012,2020-06-29 09:33:35.200,2838.8000,7254,0,130611840.000,0,-,-,-,-,2838.0000,2837.8000,2835.6000,2834.0000,2833.4000,2839.2000,2842.2000,2843.0000,2845.0000,2850.0000,1,1,4,1,2,1,1,1,7,1
SF,IH2012,2020-06-29 09:33:35.700,2838.8000,7254,0,130611840.000,0,-,-,-,-,2838.0000,2837.8000,2835.6000,2834.0000,2833.4000,2842.2000,2843.0000,2845.0000,2850.0000,2852.0000,1,1,4,1,2,1,1,7,1,9
SF,IH2012,2020-06-29 09:33:36.200,2838.8000,7254,0,130611840.000,0,-,-,-,-,2838.2000,2838.0000,2835.6000,2834.0000,2833.4000,2842.0000,2842.2000,2843.0000,2845.0000,2850.0000,1,2,4,1,2,2,1,1,7,1
SF,IH2012,2020-06-29 09:33:36.700,2838.8000,7254,0,130611840.000,0,-,-,-,-,2838.2000,2835.6000,2834.0000,2833.4000,2831.6000,2842.0000,2842.2000,2843.0000,2845.0000,2850.0000,1,4,1,2,2,2,1,1,7,1
SF,IH2012,2020-06-29 09:33:37.200,2838.8000,7254,0,130611840.000,0,-,-,-,-,2838.2000,2835.6000,2834.0000,2833.4000,2831.6000,2842.0000,2842.2000,2843.0000,2845.0000,2850.0000,1,4,1,2,2,2,1,1,7,1
SF,IH2012,2020-06-29 09:33:37.700,2838.2000,7253,-1,132314760.000,2,0,2,多平,S,2835.6000,2834.0000,2833.4000,2831.6000,2831.2000,2841.6000,2841.8000,2842.0000,2842.2000,2843.0000,4,1,2,2,1,1,1,2,1,1
SF,IH2012,2020-06-29 09:33:38.200,2835.6000,7255,2,134866860.000,3,2,1,空开,S,2835.6000,2834.0000,2833.4000,2831.6000,2831.2000,2841.4000,2841.6000,2842.0000,2842.2000,2843.0000,2,1,2,2,1,4,1,1,1,1
SF,IH2012,2020-06-29 09:33:38.700,2835.6000,7255,0,134866860.000,0,-,-,-,-,2836.4000,2835.8000,2835.6000,2834.0000,2833.4000,2841.4000,2841.6000,2842.0000,2842.2000,2843.0000,1,1,2,1,2,4,1,1,1,1
SF,IH2012,2020-06-29 09:33:39.200,2835.6000,7255,0,134866860.000,0,-,-,-,-,2836.4000,2835.6000,2834.0000,2833.4000,2831.6000,2840.4000,2841.4000,2842.0000,2842.2000,2843.0000,1,2,1,2,2,1,4,1,1,1
SF,IH2012,2020-06-29 09:33:39.700,2835.6000,7255,0,134866860.000,0,-,-,-,-,2836.6000,2836.4000,2836.0000,2835.6000,2834.0000,2840.2000,2840.4000,2841.4000,2842.0000,2842.2000,2,1,1,2,1,1,1,2,1,1
SF,IH2012,2020-06-29 09:33:40.700,2835.6000,7255,0,134866860.000,0,-,-,-,-,2836.6000,2836.4000,2836.0000,2835.6000,2834.0000,2840.0000,2840.2000,2840.4000,2841.4000,2842.0000,2,1,1,2,1,1,1,1,2,1
SF,IH2012,2020-06-29 09:33:41.200,2835.6000,7255,0,134866860.000,0,-,-,-,-,2837.0000,2836.8000,2836.6000,2836.0000,2835.6000,2839.8000,2840.0000,2840.4000,2841.4000,2842.0000,1,1,2,1,2,1,1,1,2,1
SF,IH2012,2020-06-29 09:33:41.700,2840.0000,7256,1,136570800.000,2,1,1,空开,S,2840.2000,2837.2000,2837.0000,2836.8000,2836.0000,2840.4000,2841.4000,2842.0000,2842.2000,2843.0000,4,1,1,1,1,1,2,1,1,1
SF,IH2012,2020-06-29 09:33:42.200,2840.2000,7260,4,139979040.000,4,4,0,双开,S,2837.2000,2837.0000,2836.8000,2836.0000,2835.6000,2840.0000,2840.4000,2841.4000,2842.0000,2842.2000,1,1,1,1,2,1,1,2,1,1
SF,IH2012,2020-06-29 09:33:42.700,2840.2000,7260,0,139979040.000,0,-,-,-,-,2837.4000,2837.0000,2836.8000,2835.6000,2834.0000,2839.8000,2840.0000,2840.4000,2841.4000,2842.0000,1,1,1,2,1,2,1,1,2,1
SF,IH2012,2020-06-29 09:33:43.200,2840.4000,7261,1,144239400.000,5,3,2,空开,S,2840.4000,2837.6000,2837.4000,2837.0000,2836.8000,2841.4000,2842.0000,2842.2000,2843.0000,2845.0000,1,1,1,2,1,2,1,1,1,7
SF,IH2012,2020-06-29 09:33:43.700,2840.4000,7261,0,145091520.000,1,0,1,多换,S,2837.6000,2837.0000,2835.6000,2834.0000,2833.4000,2839.6000,2840.4000,2841.4000,2842.0000,2842.2000,1,2,2,1,2,1,1,2,1,1
SF,IH2012,2020-06-29 09:33:44.200,2840.4000,7261,0,145091520.000,0,-,-,-,-,2837.8000,2837.6000,2837.0000,2835.6000,2834.0000,2839.6000,2840.4000,2841.4000,2842.0000,2842.2000,1,1,2,2,1,1,1,2,1,1
SF,IH2012,2020-06-29 09:33:44.700,2840.4000,7261,0,145091520.000,0,-,-,-,-,2838.0000,2837.8000,2837.0000,2835.6000,2834.0000,2839.6000,2840.2000,2840.4000,2841.4000,2842.0000,1,1,2,2,1,1,3,1,2,1
SF,IH2012,2020-06-29 09:33:45.200,2840.4000,7261,0,145091520.000,0,-,-,-,-,2838.0000,2837.8000,2837.0000,2835.6000,2834.0000,2839.4000,2839.6000,2840.2000,2840.4000,2841.4000,1,1,2,2,1,2,1,4,1,2
SF,IH2012,2020-06-29 09:33:45.700,2838.0000,7261,0,145942920.000,1,0,1,多换,S,2837.0000,2836.4000,2835.6000,2834.0000,2833.4000,2839.4000,2839.6000,2840.0000,2840.2000,2840.4000,2,1,2,1,2,2,1,1,4,1
SF,IH2012,2020-06-29 09:33:46.200,2838.0000,7261,0,145942920.000,0,-,-,-,-,2837.2000,2837.0000,2836.4000,2835.6000,2834.0000,2839.2000,2839.4000,2840.0000,2840.2000,2840.4000,1,1,1,2,1,1,2,1,4,2
SF,IH2012,2020-06-29 09:33:46.700,2836.4000,7262,1,148496100.000,3,2,1,空开,S,2834.0000,2833.4000,2831.6000,2831.2000,2831.0000,2839.0000,2839.2000,2839.4000,2840.0000,2840.2000,1,2,2,1,1,1,2,2,1,3
SF,IH2012,2020-06-29 09:33:47.200,2836.4000,7262,0,148496100.000,0,-,-,-,-,2834.0000,2833.4000,2831.6000,2831.2000,2831.0000,2838.8000,2839.0000,2839.2000,2839.4000,2840.0000,1,2,2,1,1,2,1,1,2,1
SF,IH2012,2020-06-29 09:33:47.700,2839.4000,7265,3,153606360.000,6,4,2,空开,S,2834.2000,2834.0000,2833.4000,2831.6000,2831.2000,2839.4000,2840.0000,2840.2000,2840.4000,2841.0000,1,1,2,2,1,1,1,4,1,1
SF,IH2012,2020-06-29 09:33:48.200,2839.4000,7265,0,153606360.000,0,-,-,-,-,2834.4000,2834.2000,2834.0000,2833.4000,2831.6000,2839.4000,2840.0000,2840.2000,2840.4000,2841.0000,1,1,1,2,2,1,1,4,1,1
SF,IH2012,2020-06-29 09:33:48.700,2839.4000,7265,0,153606360.000,0,-,-,-,-,2835.6000,2834.6000,2834.4000,2834.0000,2833.4000,2839.4000,2840.0000,2840.2000,2840.4000,2841.4000,1,2,1,1,2,2,1,3,1,2
SF,IH2012,2020-06-29 09:33:49.200,2839.4000,7265,0,153606360.000,0,-,-,-,-,2835.8000,2835.6000,2834.6000,2834.4000,2834.0000,2839.0000,2839.2000,2839.4000,2840.0000,2840.2000,1,1,1,1,1,2,2,2,1,1
SF,IH2012,2020-06-29 09:33:49.700,2839.4000,7265,0,153606360.000,0,-,-,-,-,2837.6000,2835.8000,2835.6000,2834.6000,2834.4000,2839.0000,2839.2000,2839.4000,2840.0000,2840.2000,1,1,1,1,1,2,1,2,1,1
SF,IH2012,2020-06-29 09:33:50.200,2839.4000,7265,0,153606360.000,0,-,-,-,-,2837.6000,2835.8000,2835.6000,2834.6000,2834.4000,2839.0000,2839.4000,2840.0000,2840.2000,2840.4000,1,1,1,1,1,2,2,1,1,1
SF,IH2012,2020-06-29 09:33:50.700,2839.4000,7265,0,153606360.000,0,-,-,-,-,2837.6000,2835.8000,2835.6000,2834.6000,2834.4000,2839.0000,2840.0000,2840.2000,2840.4000,2840.6000,1,1,1,1,1,1,1,1,1,1
SF,IH2012,2020-06-29 09:33:51.200,2839.4000,7265,0,153606360.000,0,-,-,-,-,2837.6000,2836.6000,2835.8000,2835.6000,2834.6000,2840.0000,2840.2000,2840.4000,2841.0000,2841.4000,1,1,1,1,1,1,1,1,1,2
SF,IH2012,2020-06-29 09:33:51.700,2839.4000,7265,0,153606360.000,0,-,-,-,-,2837.8000,2837.6000,2836.6000,2835.6000,2834.6000,2840.0000,2840.2000,2840.4000,2841.0000,2841.4000,1,1,1,1,1,1,1,1,2,2
SF,IH2012,2020-06-29 09:33:52.200,2839.4000,7265,0,153606360.000,0,-,-,-,-,2837.8000,2837.6000,2836.6000,2835.6000,2834.6000,2840.0000,2840.4000,2841.0000,2841.4000,2842.2000,1,1,1,1,1,1,1,2,2,1
SF,IH2012,2020-06-29 09:33:52.700,2839.4000,7265,0,153606360.000,0,-,-,-,-,2837.8000,2837.6000,2836.6000,2835.6000,2834.6000,2840.0000,2840.4000,2841.0000,2841.4000,2842.2000,1,1,1,1,1,1,1,2,2,1
SF,IH2012,2020-06-29 09:33:53.200,2839.4000,7265,0,153606360.000,0,-,-,-,-,2837.8000,2837.6000,2836.8000,2835.6000,2834.6000,2839.8000,2840.0000,2840.4000,2841.0000,2841.4000,1,1,2,1,1,1,1,1,2,2
SF,IH2012,2020-06-29 09:33:53.700,2839.4000,7265,0,153606360.000,0,-,-,-,-,2837.8000,2837.6000,2836.8000,2835.6000,2834.6000,2839.8000,2840.0000,2840.4000,2841.0000,2841.4000,1,1,2,1,1,1,1,1,2,2
SF,IH2012,2020-06-29 09:33:54.200,2839.4000,7265,0,153606360.000,0,-,-,-,-,2837.8000,2837.6000,2836.8000,2835.6000,2834.6000,2839.8000,2840.0000,2840.4000,2841.0000,2841.4000,1,1,2,1,1,1,1,1,2,2
SF,IH2012,2020-06-29 09:33:54.700,2839.4000,7265,0,153606360.000,0,-,-,-,-,2837.8000,2837.6000,2836.8000,2835.6000,2834.6000,2840.0000,2840.4000,2840.8000,2841.0000,2841.4000,1,1,2,1,1,1,1,1,2,2
SF,IH2012,2020-06-29 09:33:56.200,2839.4000,7265,0,153606360.000,0,-,-,-,-,2837.8000,2837.6000,2836.8000,2835.6000,2834.6000,2840.0000,2840.4000,2840.8000,2841.0000,2841.4000,1,1,2,1,1,1,1,1,1,2
SF,IH2012,2020-06-29 09:33:56.700,2839.4000,7265,0,153606360.000,0,-,-,-,-,2837.8000,2837.6000,2836.8000,2835.6000,2834.6000,2840.0000,2840.4000,2840.8000,2841.0000,2841.4000,1,1,2,1,1,1,1,1,1,2
SF,IH2012,2020-06-29 09:33:57.200,2839.4000,7265,0,153606360.000,0,-,-,-,-,2837.8000,2837.6000,2836.8000,2835.6000,2834.6000,2840.0000,2840.4000,2840.8000,2841.0000,2841.4000,1,1,2,1,1,1,1,1,1,2
SF,IH2012,2020-06-29 09:33:58.200,2839.4000,7265,0,153606360.000,0,-,-,-,-,2837.8000,2837.6000,2836.8000,2835.6000,2834.6000,2839.8000,2840.0000,2840.4000,2841.0000,2841.4000,1,1,2,1,1,1,1,1,1,2
SF,IH2012,2020-06-29 09:33:59.200,2839.4000,7265,0,153606360.000,0,-,-,-,-,2837.8000,2837.6000,2836.8000,2835.6000,2835.0000,2839.8000,2840.0000,2840.4000,2841.0000,2841.4000,1,1,2,1,1,1,1,1,1,2
SF,IH2012,2020-06-29 09:34:00.200,2839.4000,7265,0,153606360.000,0,-,-,-,-,2837.8000,2837.6000,2836.8000,2835.6000,2835.0000,2839.8000,2840.0000,2840.4000,2841.0000,2841.4000,1,1,2,1,1,1,1,1,1,2
SF,IH2012,2020-06-29 09:34:00.700,2839.4000,7265,0,153606360.000,0,-,-,-,-,2838.0000,2837.8000,2837.6000,2836.8000,2835.6000,2839.8000,2840.4000,2841.0000,2841.4000,2842.2000,1,1,1,2,1,1,1,1,2,1
SF,IH2012,2020-06-29 09:34:01.200,2838.0000,7265,0,155309220.000,2,1,1,多换,S,2837.6000,2836.8000,2835.6000,2835.0000,2834.6000,2839.8000,2840.4000,2841.0000,2841.4000,2842.2000,1,2,1,1,1,1,1,1,2,1
SF,IH2012,2020-06-29 09:34:01.700,2838.0000,7265,0,155309220.000,0,-,-,-,-,2837.8000,2837.6000,2836.8000,2835.6000,2835.0000,2839.8000,2840.4000,2841.0000,2841.4000,2842.2000,1,1,2,1,1,1,2,1,2,1
SF,IH2012,2020-06-29 09:34:02.200,2838.0000,7265,0,155309220.000,0,-,-,-,-,2837.8000,2837.6000,2836.8000,2835.6000,2835.0000,2839.8000,2840.4000,2841.0000,2841.4000,2842.2000,1,1,2,1,1,1,2,1,2,1
SF,IH2012,2020-06-29 09:34:02.700,2838.0000,7265,0,155309220.000,0,-,-,-,-,2838.0000,2837.8000,2837.6000,2836.8000,2835.6000,2839.8000,2840.4000,2841.0000,2841.4000,2842.2000,1,1,1,2,1,1,2,1,2,1
SF,IH2012,2020-06-29 09:34:03.200,2838.0000,7265,0,155309220.000,0,-,-,-,-,2838.2000,2838.0000,2837.6000,2836.8000,2835.0000,2839.8000,2840.4000,2841.0000,2841.4000,2842.2000,1,2,1,2,1,1,2,1,2,1
SF,IH2012,2020-06-29 09:34:03.700,2838.0000,7265,0,155309220.000,0,-,-,-,-,2838.2000,2838.0000,2837.6000,2836.8000,2835.0000,2839.8000,2840.4000,2841.0000,2841.4000,2842.2000,1,2,1,2,1,1,2,1,2,1
SF,IH2012,2020-06-29 09:34:04.200,2838.0000,7265,0,155309220.000,0,-,-,-,-,2838.2000,2838.0000,2837.6000,2836.8000,2835.0000,2839.8000,2840.4000,2841.0000,2841.4000,2842.2000,1,2,1,2,1,1,1,1,2,1
SF,IH2012,2020-06-29 09:34:04.700,2838.0000,7265,0,155309220.000,0,-,-,-,-,2838.2000,2838.0000,2837.6000,2836.8000,2835.0000,2839.8000,2840.4000,2841.0000,2841.2000,2841.4000,1,2,1,2,1,1,2,1,1,2
SF,IH2012,2020-06-29 09:34:05.200,2838.0000,7265,0,155309220.000,0,-,-,-,-,2838.4000,2838.0000,2837.6000,2836.8000,2835.0000,2839.8000,2840.4000,2841.0000,2841.2000,2841.4000,1,1,1,2,1,1,2,1,1,2
SF,IH2012,2020-06-29 09:34:09.200,2838.0000,7265,0,155309220.000,0,-,-,-,-,2838.4000,2838.0000,2837.6000,2836.8000,2835.0000,2839.8000,2840.4000,2841.0000,2841.2000,2841.4000,1,1,1,2,1,1,2,1,1,2
SF,IH2012,2020-06-29 09:34:12.200,2838.0000,7265,0,155309220.000,0,-,-,-,-,2838.4000,2838.0000,2837.6000,2836.8000,2835.0000,2839.8000,2840.4000,2841.0000,2841.2000,2841.4000,1,1,1,2,1,1,1,1,1,2
SF,IH2012,2020-06-29 09:34:13.200,2838.0000,7265,0,155309220.000,0,-,-,-,-,2838.4000,2838.0000,2837.6000,2836.8000,2835.0000,2839.6000,2839.8000,2840.4000,2841.0000,2841.4000,1,1,1,2,1,1,1,1,1,2
SF,IH2012,2020-06-29 09:34:13.700,2839.8000,7266,1,157864980.000,3,2,1,空开,S,2838.0000,2837.6000,2837.0000,2836.8000,2835.0000,2840.4000,2841.0000,2841.4000,2842.2000,2843.0000,1,1,1,2,1,1,1,2,1,1
SF,IH2012,2020-06-29 09:34:14.200,2839.8000,7266,0,157864980.000,0,-,-,-,-,2839.8000,2838.0000,2837.6000,2837.0000,2836.8000,2840.2000,2840.4000,2841.0000,2841.4000,2842.2000,1,1,1,1,2,1,1,1,2,1
SF,IH2012,2020-06-29 09:34:14.700,2839.8000,7265,-1,158716920.000,1,0,1,双平,S,2838.0000,2837.6000,2837.0000,2836.8000,2835.0000,2839.8000,2840.4000,2841.0000,2841.4000,2842.2000,1,1,1,2,1,1,1,1,2,1
SF,IH2012,2020-06-29 09:34:15.200,2839.8000,7265,0,158716920.000,0,-,-,-,-,2838.2000,2838.0000,2837.6000,2837.0000,2836.8000,2839.8000,2840.4000,2841.0000,2841.4000,2842.2000,1,1,1,1,2,1,1,1,2,1
SF,IH2012,2020-06-29 09:34:15.700,2839.8000,7265,0,160420800.000,2,1,1,多换,S,2840.2000,2838.4000,2838.2000,2838.0000,2837.6000,2840.4000,2841.0000,2841.4000,2842.2000,2843.0000,1,1,1,1,1,1,1,2,1,1
SF,IH2012,2020-06-29 09:34:16.200,2840.2000,7265,0,161272860.000,1,0,1,多换,S,2838.6000,2838.4000,2838.2000,2838.0000,2837.6000,2841.0000,2841.4000,2842.2000,2843.0000,2843.6000,1,1,1,1,1,1,2,1,1,1
SF,IH2012,2020-06-29 09:34:16.700,2840.2000,7265,0,161272860.000,0,-,-,-,-,2838.8000,2838.6000,2838.4000,2838.0000,2837.6000,2841.0000,2841.4000,2842.2000,2843.0000,2843.6000,1,1,1,1,1,1,2,1,1,1
SF,IH2012,2020-06-29 09:34:17.200,2840.2000,7265,0,161272860.000,0,-,-,-,-,2839.0000,2838.8000,2838.6000,2838.0000,2837.6000,2841.0000,2841.4000,2842.2000,2843.0000,2843.6000,1,1,1,1,1,1,2,1,1,1
SF,IH2012,2020-06-29 09:34:17.700,2840.2000,7265,0,161272860.000,0,-,-,-,-,2839.2000,2838.6000,2838.0000,2837.6000,2836.8000,2841.0000,2841.4000,2842.2000,2843.0000,2843.6000,1,1,1,1,2,1,2,1,1,1
SF,IH2012,2020-06-29 09:34:18.200,2839.2000,7265,0,162124620.000,1,0,1,多换,S,2838.6000,2838.0000,2837.6000,2836.8000,2835.0000,2840.8000,2841.0000,2841.4000,2842.2000,2843.0000,1,1,1,2,1,2,1,2,1,1
SF,IH2012,2020-06-29 09:34:18.700,2839.2000,7265,0,162124620.000,0,-,-,-,-,2838.6000,2838.0000,2837.6000,2836.8000,2835.0000,2840.8000,2841.0000,2841.4000,2842.2000,2843.0000,1,1,1,2,1,2,1,2,1,1
SF,IH2012,2020-06-29 09:34:19.200,2840.0000,7265,0,162976620.000,1,0,1,多换,S,2838.8000,2838.6000,2838.0000,2837.6000,2836.8000,2840.8000,2841.0000,2841.4000,2842.2000,2843.0000,1,1,1,1,2,2,1,2,1,1
SF,IH2012,2020-06-29 09:34:19.700,2840.0000,7265,0,162976620.000,0,-,-,-,-,2838.8000,2838.6000,2838.0000,2837.6000,2836.8000,2840.8000,2841.4000,2842.2000,2843.0000,2843.6000,1,1,1,1,2,2,2,1,1,1
SF,IH2012,2020-06-29 09:34:21.200,2840.8000,7265,0,164681100.000,2,1,1,多换,S,2839.0000,2838.8000,2838.6000,2838.0000,2837.6000,2841.4000,2842.2000,2843.0000,2843.6000,2845.0000,1,1,1,1,1,2,1,1,1,7
SF,IH2012,2020-06-29 09:34:21.700,2841.4000,7265,0,165533520.000,1,0,1,多换,S,2839.2000,2839.0000,2838.6000,2838.0000,2837.6000,2841.4000,2842.2000,2842.4000,2843.0000,2843.6000,1,2,1,1,1,1,1,1,1,1
SF,IH2012,2020-06-29 09:34:22.200,2841.4000,7265,0,165533520.000,0,-,-,-,-,2839.4000,2839.2000,2839.0000,2838.0000,2837.6000,2842.2000,2842.4000,2843.0000,2843.6000,2845.0000,2,1,1,1,1,1,1,1,1,7
SF,IH2012,2020-06-29 09:34:22.700,2841.4000,7265,0,165533520.000,0,-,-,-,-,2839.6000,2839.4000,2839.0000,2838.0000,2837.6000,2842.0000,2842.2000,2843.0000,2843.6000,2845.0000,1,2,1,1,3,1,1,1,1,7
SF,IH2012,2020-06-29 09:34:23.200,2841.4000,7265,0,165533520.000,0,-,-,-,-,2839.8000,2839.6000,2839.4000,2839.0000,2838.0000,2842.0000,2842.2000,2843.0000,2843.6000,2845.0000,1,1,1,1,1,1,1,1,1,7
SF,IH2012,2020-06-29 09:34:23.700,2841.4000,7265,0,165533520.000,0,-,-,-,-,2840.0000,2839.8000,2839.4000,2839.0000,2838.0000,2842.0000,2842.2000,2843.0000,2843.6000,2845.0000,1,1,1,1,1,1,1,1,1,7
SF,IH2012,2020-06-29 09:34:24.200,2841.4000,7265,0,165533520.000,0,-,-,-,-,2840.2000,2840.0000,2839.4000,2839.0000,2838.0000,2842.0000,2842.2000,2843.0000,2843.6000,2845.0000,1,1,1,1,1,1,1,1,1,7
SF,IH2012,2020-06-29 09:34:24.700,2841.4000,7265,0,165533520.000,0,-,-,-,-,2840.2000,2839.4000,2839.0000,2838.0000,2837.6000,2842.0000,2842.2000,2843.0000,2843.6000,2845.0000,1,1,1,1,3,1,1,1,1,7
SF,IH2012,2020-06-29 09:34:25.200,2841.4000,7265,0,165533520.000,0,-,-,-,-,2840.2000,2839.0000,2838.0000,2837.6000,2835.0000,2842.0000,2842.2000,2843.0000,2843.6000,2845.0000,1,1,1,3,1,1,1,1,1,7
SF,IH2012,2020-06-29 09:34:25.700,2840.2000,7265,0,166385580.000,1,0,1,多换,S,2839.0000,2838.0000,2837.6000,2835.0000,2833.4000,2841.8000,2842.0000,2842.2000,2843.0000,2843.6000,1,1,3,1,2,1,1,1,1,1
SF,IH2012,2020-06-29 09:34:26.200,2840.2000,7265,0,166385580.000,0,-,-,-,-,2839.2000,2839.0000,2838.2000,2838.0000,2837.6000,2841.8000,2842.0000,2842.2000,2843.0000,2843.6000,1,1,1,1,3,1,1,1,1,1
SF,IH2012,2020-06-29 09:34:26.700,2840.2000,7265,0,166385580.000,0,-,-,-,-,2839.2000,2839.0000,2838.2000,2838.0000,2837.6000,2841.8000,2842.0000,2842.2000,2843.0000,2843.6000,1,1,1,1,3,1,1,1,1,1
SF,IH2012,2020-06-29 09:34:28.200,2840.2000,7265,0,166385580.000,0,-,-,-,-,2839.2000,2839.0000,2838.2000,2838.0000,2837.6000,2841.8000,2842.0000,2842.2000,2843.0000,2843.6000,1,2,1,1,3,1,1,1,1,1
SF,IH2012,2020-06-29 09:34:29.700,2840.2000,7265,0,166385580.000,0,-,-,-,-,2839.0000,2838.2000,2838.0000,2837.6000,2836.8000,2841.8000,2842.0000,2842.2000,2843.0000,2843.6000,1,1,1,3,1,1,1,1,1,1
SF,IH2012,2020-06-29 09:34:30.200,2840.2000,7265,0,166385580.000,0,-,-,-,-,2839.0000,2838.2000,2838.0000,2837.6000,2836.8000,2841.8000,2842.0000,2842.2000,2843.0000,2843.6000,1,1,1,3,1,1,1,1,1,1
SF,IH2012,2020-06-29 09:34:30.700,2840.2000,7265,0,166385580.000,0,-,-,-,-,2839.2000,2839.0000,2838.2000,2838.0000,2837.6000,2841.8000,2842.0000,2842.2000,2843.0000,2843.6000,1,1,1,1,3,1,1,1,1,1
SF,IH2012,2020-06-29 09:34:31.200,2841.6000,7266,1,168942240.000,3,2,1,空开,S,2838.2000,2838.0000,2837.6000,2836.8000,2835.0000,2841.8000,2842.0000,2842.2000,2843.0000,2843.6000,1,1,3,1,1,5,1,1,1,1
SF,IH2012,2020-06-29 09:34:31.700,2841.6000,7266,0,168942240.000,0,-,-,-,-,2838.4000,2838.2000,2838.0000,2837.6000,2836.8000,2841.8000,2842.0000,2842.2000,2843.0000,2843.6000,1,1,1,1,1,5,1,1,1,1
SF,IH2012,2020-06-29 09:34:32.200,2841.6000,7266,0,168942240.000,0,-,-,-,-,2838.4000,2838.2000,2838.0000,2837.6000,2836.8000,2841.6000,2841.8000,2842.0000,2842.2000,2843.0000,1,1,1,1,1,3,5,1,1,1
SF,IH2012,2020-06-29 09:34:32.700,2841.6000,7266,0,168942240.000,0,-,-,-,-,2838.2000,2838.0000,2837.6000,2836.8000,2836.4000,2841.4000,2841.6000,2841.8000,2842.0000,2842.2000,1,1,1,1,3,1,3,4,1,1
SF,IH2012,2020-06-29 09:34:33.200,2841.6000,7266,0,168942240.000,0,-,-,-,-,2838.2000,2838.0000,2837.6000,2836.8000,2836.4000,2841.0000,2841.2000,2841.4000,2841.8000,2842.0000,1,1,1,1,2,3,1,1,4,1
SF,IH2012,2020-06-29 09:34:33.700,2841.6000,7266,0,168942240.000,0,-,-,-,-,2838.2000,2838.0000,2837.6000,2836.8000,2836.4000,2840.8000,2841.0000,2841.2000,2841.8000,2842.0000,1,1,1,1,2,3,3,1,4,1
SF,IH2012,2020-06-29 09:34:34.200,2841.6000,7266,0,168942240.000,0,-,-,-,-,2838.2000,2838.0000,2837.6000,2836.8000,2836.4000,2840.8000,2841.0000,2841.8000,2842.0000,2842.2000,1,1,1,1,2,3,3,4,1,1
SF,IH2012,2020-06-29 09:34:34.700,2838.0000,7266,0,170645100.000,2,1,1,多换,S,2837.6000,2836.8000,2836.4000,2835.0000,2834.2000,2840.4000,2840.8000,2841.8000,2842.0000,2842.2000,1,1,2,1,1,4,3,4,1,1
SF,IH2012,2020-06-29 09:34:35.200,2838.0000,7266,0,170645100.000,0,-,-,-,-,2837.6000,2836.8000,2836.4000,2835.0000,2834.2000,2840.2000,2840.4000,2840.8000,2841.8000,2842.0000,1,1,2,1,1,7,4,2,5,1
SF,IH2012,2020-06-29 09:34:35.700,2838.0000,7266,0,170645100.000,0,-,-,-,-,2837.6000,2836.8000,2836.4000,2835.0000,2834.2000,2839.6000,2839.8000,2840.2000,2840.4000,2840.8000,1,1,2,1,1,1,3,1,1,1
SF,IH2012,2020-06-29 09:34:36.200,2838.0000,7266,0,170645100.000,0,-,-,-,-,2838.0000,2837.6000,2836.8000,2835.0000,2834.2000,2839.4000,2839.6000,2840.4000,2840.8000,2841.8000,1,1,1,1,3,1,1,1,1,5
SF,IH2012,2020-06-29 09:34:37.700,2838.0000,7266,0,170645100.000,0,-,-,-,-,2838.0000,2837.6000,2836.8000,2835.0000,2834.2000,2839.4000,2839.6000,2840.4000,2841.8000,2842.0000,1,1,1,1,3,1,1,1,5,1
SF,IH2012,2020-06-29 09:34:38.200,2838.0000,7266,0,170645100.000,0,-,-,-,-,2838.0000,2837.6000,2836.8000,2835.0000,2834.2000,2839.4000,2840.4000,2841.8000,2842.0000,2842.2000,1,1,1,1,3,1,1,5,1,1
SF,IH2012,2020-06-29 09:34:39.700,2838.0000,7266,0,170645100.000,0,-,-,-,-,2838.0000,2837.6000,2836.8000,2835.0000,2834.2000,2839.4000,2841.8000,2842.0000,2842.2000,2843.0000,1,1,1,1,1,1,5,1,1,1
SF,IH2012,2020-06-29 09:34:40.200,2838.0000,7266,0,170645100.000,0,-,-,-,-,2838.0000,2837.6000,2836.8000,2835.0000,2834.2000,2839.4000,2841.8000,2842.0000,2842.2000,2843.0000,1,1,1,1,1,1,4,1,1,1
SF,IH2012,2020-06-29 09:34:40.700,2838.0000,7266,0,170645100.000,0,-,-,-,-,2838.2000,2838.0000,2837.6000,2836.8000,2835.0000,2839.4000,2841.8000,2842.0000,2842.2000,2843.0000,1,1,1,1,1,1,4,1,1,1
SF,IH2012,2020-06-29 09:34:41.200,2838.0000,7266,0,170645100.000,0,-,-,-,-,2838.2000,2838.0000,2837.6000,2836.8000,2835.0000,2841.8000,2842.0000,2842.2000,2843.0000,2843.6000,1,1,1,1,1,4,1,1,1,1
SF,IH2012,2020-06-29 09:34:41.700,2838.0000,7266,0,170645100.000,0,-,-,-,-,2838.2000,2838.0000,2837.6000,2836.8000,2835.0000,2841.4000,2841.6000,2841.8000,2842.0000,2842.2000,1,1,1,1,1,3,1,4,1,1
SF,IH2012,2020-06-29 09:34:42.200,2838.0000,7266,0,170645100.000,0,-,-,-,-,2838.2000,2838.0000,2837.6000,2836.8000,2835.0000,2841.2000,2841.4000,2841.8000,2842.0000,2842.2000,1,1,1,1,1,1,3,4,1,1
SF,IH2012,2020-06-29 09:34:42.700,2838.0000,7266,0,170645100.000,0,-,-,-,-,2838.2000,2838.0000,2837.6000,2836.8000,2835.0000,2841.2000,2841.8000,2842.0000,2842.2000,2842.6000,1,1,1,1,1,1,4,1,1,1
SF,IH2012,2020-06-29 09:34:43.200,2838.0000,7266,0,170645100.000,0,-,-,-,-,2838.4000,2838.2000,2838.0000,2837.6000,2836.8000,2841.2000,2842.0000,2842.2000,2842.6000,2843.0000,1,1,2,1,1,1,1,1,1,1
SF,IH2012,2020-06-29 09:34:43.700,2838.0000,7266,0,173199300.000,3,1,2,多换,S,2838.0000,2837.6000,2836.8000,2835.0000,2834.8000,2841.2000,2842.0000,2842.2000,2842.6000,2843.0000,1,1,1,1,2,1,1,1,1,1
SF,IH2012,2020-06-29 09:34:44.700,2838.0000,7266,0,173199300.000,0,-,-,-,-,2838.0000,2837.6000,2836.8000,2835.0000,2834.8000,2838.4000,2841.2000,2842.0000,2842.2000,2842.6000,1,1,1,1,2,1,1,1,1,1
SF,IH2012,2020-06-29 09:34:45.200,2838.4000,7265,-1,174050820.000,1,0,1,双平,S,2838.4000,2837.6000,2836.8000,2835.0000,2834.8000,2841.2000,2842.2000,2842.6000,2843.0000,2843.6000,1,1,1,1,2,1,1,1,1,1
SF,IH2012,2020-06-29 09:34:46.200,2838.4000,7265,0,174050820.000,0,-,-,-,-,2838.4000,2838.0000,2837.6000,2836.8000,2835.0000,2841.0000,2841.2000,2842.2000,2842.6000,2843.0000,1,1,1,1,1,1,1,1,1,1
SF,IH2012,2020-06-29 09:34:46.700,2838.4000,7265,0,174050820.000,0,-,-,-,-,2838.6000,2838.4000,2838.0000,2837.6000,2836.8000,2840.8000,2841.0000,2842.2000,2842.6000,2843.0000,1,1,1,1,1,1,1,1,1,1
SF,IH2012,2020-06-29 09:34:49.700,2838.4000,7265,0,174050820.000,0,-,-,-,-,2838.4000,2838.0000,2837.6000,2836.8000,2835.0000,2840.8000,2841.0000,2842.2000,2842.6000,2843.0000,1,1,1,1,1,1,1,1,1,1
SF,IH2012,2020-06-29 09:34:50.200,2838.4000,7265,0,174050820.000,0,-,-,-,-,2838.4000,2838.0000,2837.6000,2836.8000,2835.0000,2840.6000,2840.8000,2841.0000,2842.2000,2842.6000,1,1,1,1,1,1,1,1,1,1
SF,IH2012,2020-06-29 09:34:50.700,2838.4000,7264,-1,174902340.000,1,0,1,双平,S,2837.6000,2836.8000,2835.0000,2834.8000,2833.4000,2840.4000,2840.6000,2841.0000,2842.2000,2842.6000,1,1,1,2,2,1,1,1,1,1
SF,IH2012,2020-06-29 09:34:51.700,2838.4000,7264,0,174902340.000,0,-,-,-,-,2837.6000,2836.8000,2835.0000,2834.8000,2833.4000,2840.0000,2840.4000,2840.6000,2841.0000,2842.2000,1,1,1,2,2,3,5,1,1,1
SF,IH2012,2020-06-29 09:34:52.200,2838.4000,7264,0,174902340.000,0,-,-,-,-,2837.6000,2836.8000,2835.0000,2834.8000,2833.4000,2839.8000,2840.0000,2840.4000,2840.6000,2841.0000,1,1,1,2,2,1,3,4,1,1
SF,IH2012,2020-06-29 09:34:52.700,2838.4000,7264,0,174902340.000,0,-,-,-,-,2837.6000,2836.8000,2835.0000,2834.8000,2833.4000,2839.4000,2839.8000,2840.4000,2840.6000,2841.0000,1,1,1,2,2,3,1,4,1,1
SF,IH2012,2020-06-29 09:34:53.200,2837.6000,7264,0,175753620.000,1,0,1,多换,S,2836.8000,2835.0000,2834.8000,2833.4000,2833.0000,2837.6000,2839.2000,2839.4000,2840.4000,2840.6000,1,1,2,2,1,1,1,3,4,1
SF,IH2012,2020-06-29 09:34:54.200,2836.8000,7264,0,176604660.000,1,0,1,多换,S,2835.0000,2834.8000,2833.4000,2833.0000,2832.2000,2836.8000,2837.6000,2839.2000,2839.4000,2839.6000,1,2,2,1,1,1,1,1,3,1
SF,IH2012,2020-06-29 09:34:54.700,2836.8000,7264,0,176604660.000,0,-,-,-,-,2835.0000,2834.8000,2833.4000,2833.0000,2832.2000,2836.6000,2837.6000,2839.4000,2839.6000,2840.4000,1,2,2,1,1,1,1,3,1,4
SF,IH2012,2020-06-29 09:34:55.200,2835.2000,7263,-1,177455220.000,1,0,1,双平,S,2835.0000,2833.4000,2833.0000,2832.2000,2831.8000,2836.6000,2837.6000,2839.4000,2839.6000,2840.4000,1,2,1,1,2,1,1,3,1,4
SF,IH2012,2020-06-29 09:34:55.700,2835.2000,7263,0,177455220.000,0,-,-,-,-,2835.0000,2833.4000,2833.0000,2832.2000,2831.8000,2836.4000,2836.6000,2837.6000,2839.4000,2839.6000,1,2,1,1,2,1,1,1,3,1
SF,IH2012,2020-06-29 09:34:56.200,2835.2000,7263,0,177455220.000,0,-,-,-,-,2835.0000,2833.4000,2833.0000,2832.2000,2831.8000,2836.4000,2836.6000,2837.6000,2839.4000,2839.6000,1,2,1,1,2,1,1,1,3,1
SF,IH2012,2020-06-29 09:34:56.700,2835.0000,7263,0,178305720.000,1,0,1,多换,S,2833.4000,2833.0000,2832.2000,2831.8000,2831.6000,2836.4000,2836.6000,2837.6000,2839.4000,2839.6000,2,1,1,2,2,1,1,1,3,1
SF,IH2012,2020-06-29 09:34:57.200,2835.0000,7263,0,178305720.000,0,-,-,-,-,2833.4000,2833.0000,2832.2000,2831.8000,2831.6000,2836.2000,2837.6000,2839.4000,2839.6000,2840.4000,2,1,1,2,2,1,1,3,1,4
SF,IH2012,2020-06-29 09:34:57.700,2835.0000,7263,0,178305720.000,0,-,-,-,-,2833.6000,2833.4000,2833.0000,2832.2000,2831.8000,2836.0000,2836.2000,2837.6000,2839.4000,2839.6000,1,2,1,1,2,1,1,1,3,1
SF,IH2012,2020-06-29 09:34:58.200,2835.0000,7263,0,178305720.000,0,-,-,-,-,2833.4000,2833.0000,2832.2000,2831.8000,2831.6000,2835.8000,2836.0000,2837.6000,2839.4000,2839.6000,2,1,1,2,2,1,1,1,3,1
SF,IH2012,2020-06-29 09:34:58.700,2835.0000,7263,0,178305720.000,0,-,-,-,-,2833.4000,2833.0000,2832.2000,2831.8000,2831.6000,2835.8000,2837.6000,2839.4000,2839.6000,2840.4000,2,1,1,2,2,1,1,3,1,4
SF,IH2012,2020-06-29 09:34:59.200,2835.0000,7263,0,178305720.000,0,-,-,-,-,2833.4000,2833.0000,2832.2000,2831.8000,2831.6000,2835.8000,2837.6000,2839.4000,2840.4000,2840.6000,2,1,1,2,2,1,1,3,4,1
SF,IH2012,2020-06-29 09:34:59.700,2835.0000,7263,0,178305720.000,0,-,-,-,-,2833.4000,2833.0000,2832.2000,2831.8000,2831.6000,2835.8000,2837.6000,2839.4000,2840.4000,2840.6000,2,1,1,2,2,1,1,3,4,1
SF,IH2012,2020-06-29 09:35:00.200,2835.8000,7263,0,180007140.000,2,1,1,多换,S,2833.4000,2833.0000,2832.2000,2831.8000,2831.6000,2837.6000,2839.4000,2840.4000,2840.6000,2842.2000,2,1,1,2,2,1,3,4,1,1
SF,IH2012,2020-06-29 09:35:00.700,2835.8000,7263,0,180007140.000,0,-,-,-,-,2833.4000,2833.0000,2832.2000,2831.8000,2831.6000,2837.4000,2837.6000,2839.4000,2840.4000,2840.6000,2,1,1,2,2,1,1,3,4,1
SF,IH2012,2020-06-29 09:35:01.200,2835.8000,7263,0,180007140.000,0,-,-,-,-,2833.4000,2833.0000,2832.2000,2831.8000,2831.6000,2837.4000,2837.6000,2839.4000,2840.4000,2840.6000,2,1,1,2,2,1,1,3,4,1
SF,IH2012,2020-06-29 09:35:01.700,2835.8000,7263,0,180007140.000,0,-,-,-,-,2833.4000,2833.0000,2832.2000,2831.8000,2831.6000,2837.4000,2837.6000,2839.4000,2840.4000,2840.6000,2,1,1,2,2,1,1,3,4,1
SF,IH2012,2020-06-29 09:35:02.200,2833.4000,7265,2,181707180.000,2,2,0,双开,S,2833.0000,2832.2000,2831.8000,2831.6000,2831.2000,2837.4000,2837.6000,2839.4000,2840.4000,2840.6000,1,1,2,2,1,1,1,3,4,1
SF,IH2012,2020-06-29 09:35:02.700,2833.4000,7265,0,181707180.000,0,-,-,-,-,2833.2000,2833.0000,2832.2000,2831.8000,2831.6000,2837.6000,2839.4000,2840.4000,2840.6000,2842.2000,1,1,1,2,2,1,3,4,1,1
SF,IH2012,2020-06-29 09:35:03.200,2833.4000,7265,0,181707180.000,0,-,-,-,-,2833.2000,2833.0000,2832.2000,2831.8000,2831.6000,2837.2000,2837.6000,2840.4000,2840.6000,2842.2000,1,1,1,2,2,3,1,4,1,1
SF,IH2012,2020-06-29 09:35:03.700,2833.4000,7265,0,181707180.000,0,-,-,-,-,2833.0000,2832.2000,2831.8000,2831.6000,2831.2000,2837.0000,2837.6000,2840.4000,2840.6000,2842.2000,1,1,2,2,1,1,1,4,1,1
SF,IH2012,2020-06-29 09:35:04.200,2833.4000,7265,0,181707180.000,0,-,-,-,-,2833.0000,2832.2000,2831.8000,2831.6000,2831.2000,2836.6000,2837.0000,2837.6000,2840.4000,2840.6000,1,1,2,2,1,1,1,1,4,1
SF,IH2012,2020-06-29 09:35:04.700,2833.4000,7265,0,181707180.000,0,-,-,-,-,2833.0000,2832.2000,2831.8000,2831.6000,2831.2000,2836.4000,2836.6000,2837.6000,2840.4000,2840.6000,1,1,2,2,1,1,1,1,4,1
SF,IH2012,2020-06-29 09:35:05.700,2833.4000,7265,0,181707180.000,0,-,-,-,-,2833.0000,2832.2000,2831.8000,2831.6000,2831.2000,2835.8000,2836.4000,2837.6000,2840.4000,2840.6000,1,1,2,2,1,1,1,1,4,1
SF,IH2012,2020-06-29 09:35:06.200,2833.4000,7265,0,181707180.000,0,-,-,-,-,2833.0000,2832.2000,2831.8000,2831.6000,2831.2000,2835.6000,2835.8000,2837.6000,2840.4000,2840.6000,2,1,2,2,1,1,1,1,4,1
SF,IH2012,2020-06-29 09:35:06.700,2833.4000,7265,0,181707180.000,0,-,-,-,-,2833.0000,2832.2000,2831.8000,2831.6000,2831.2000,2835.2000,2835.4000,2835.6000,2837.6000,2840.4000,2,1,2,2,1,3,1,1,1,4
SF,IH2012,2020-06-29 09:35:07.200,2833.4000,7265,0,181707180.000,0,-,-,-,-,2833.0000,2832.2000,2831.8000,2831.6000,2831.2000,2835.0000,2835.2000,2835.4000,2840.4000,2840.6000,2,1,2,2,1,1,3,1,4,1
SF,IH2012,2020-06-29 09:35:07.700,2833.4000,7265,0,181707180.000,0,-,-,-,-,2833.0000,2832.2000,2831.6000,2831.2000,2831.0000,2835.0000,2835.2000,2835.4000,2840.4000,2840.6000,2,1,2,1,1,1,3,1,4,1
SF,IH2012,2020-06-29 09:35:08.200,2833.4000,7265,0,181707180.000,0,-,-,-,-,2833.0000,2832.2000,2831.6000,2831.2000,2831.0000,2835.0000,2835.2000,2835.4000,2840.4000,2840.6000,2,1,2,1,1,1,3,1,4,1
SF,IH2012,2020-06-29 09:35:08.700,2833.4000,7265,0,181707180.000,0,-,-,-,-,2833.0000,2832.2000,2831.6000,2831.2000,2831.0000,2834.6000,2835.0000,2835.4000,2840.4000,2840.6000,2,1,2,1,1,3,1,1,4,1
SF,IH2012,2020-06-29 09:35:09.200,2833.4000,7265,0,181707180.000,0,-,-,-,-,2833.0000,2832.2000,2831.6000,2831.2000,2831.0000,2834.8000,2835.0000,2840.4000,2840.6000,2842.2000,2,1,2,1,1,1,1,4,1,1
SF,IH2012,2020-06-29 09:35:09.700,2833.4000,7265,0,181707180.000,0,-,-,-,-,2833.0000,2832.2000,2831.6000,2831.2000,2831.0000,2834.6000,2834.8000,2840.4000,2840.6000,2842.2000,2,1,2,1,1,4,1,4,1,1
SF,IH2012,2020-06-29 09:35:10.700,2833.4000,7265,0,181707180.000,0,-,-,-,-,2833.0000,2832.2000,2831.6000,2831.2000,2831.0000,2834.6000,2834.8000,2840.4000,2840.6000,2842.2000,2,1,2,1,1,1,1,4,1,1
SF,IH2012,2020-06-29 09:35:11.200,2834.6000,7265,0,182557560.000,1,0,1,多换,S,2833.0000,2832.2000,2831.6000,2831.2000,2831.0000,2840.4000,2840.6000,2842.2000,2842.6000,2843.0000,2,1,2,1,1,4,1,1,1,1
SF,IH2012,2020-06-29 09:35:11.700,2834.6000,7265,0,182557560.000,0,-,-,-,-,2833.2000,2833.0000,2832.2000,2831.6000,2831.2000,2840.0000,2840.2000,2840.4000,2840.6000,2842.2000,1,2,1,2,1,3,1,4,1,1
SF,IH2012,2020-06-29 09:35:12.200,2834.6000,7265,0,182557560.000,0,-,-,-,-,2833.2000,2833.0000,2832.2000,2831.6000,2831.2000,2838.4000,2839.8000,2840.0000,2840.2000,2840.4000,1,2,1,2,1,2,1,3,1,4
SF,IH2012,2020-06-29 09:35:12.700,2833.2000,7265,0,183407520.000,1,0,1,多换,S,2833.0000,2832.2000,2831.6000,2831.2000,2831.0000,2838.0000,2838.2000,2838.4000,2839.8000,2840.2000,2,1,2,1,1,3,2,2,1,1
SF,IH2012,2020-06-29 09:35:13.200,2833.2000,7265,0,183407520.000,0,-,-,-,-,2833.2000,2833.0000,2832.2000,2831.6000,2831.2000,2837.2000,2837.8000,2838.0000,2838.2000,2839.8000,1,2,1,2,1,2,2,3,2,1
SF,IH2012,2020-06-29 09:35:13.700,2833.2000,7265,0,183407520.000,0,-,-,-,-,2833.0000,2832.2000,2831.6000,2831.2000,2831.0000,2836.8000,2837.0000,2837.2000,2837.8000,2838.2000,2,1,2,1,1,3,1,2,2,2
SF,IH2012,2020-06-29 09:35:14.200,2833.2000,7265,0,183407520.000,0,-,-,-,-,2833.0000,2832.2000,2831.6000,2831.2000,2831.0000,2836.6000,2836.8000,2837.2000,2837.8000,2838.2000,2,1,2,1,1,1,3,2,2,2
SF,IH2012,2020-06-29 09:35:14.700,2833.2000,7265,0,183407520.000,0,-,-,-,-,2833.0000,2832.2000,2831.6000,2831.2000,2831.0000,2836.2000,2836.6000,2837.2000,2837.8000,2838.2000,2,1,2,1,1,3,1,2,2,2
SF,IH2012,2020-06-29 09:35:15.200,2833.2000,7265,0,183407520.000,0,-,-,-,-,2833.0000,2832.2000,2831.6000,2831.2000,2831.0000,2836.0000,2836.2000,2837.2000,2837.8000,2838.2000,2,1,2,1,1,1,3,2,2,2
SF,IH2012,2020-06-29 09:35:15.700,2833.2000,7265,0,183407520.000,0,-,-,-,-,2833.0000,2832.2000,2831.6000,2831.2000,2831.0000,2835.6000,2836.0000,2837.2000,2837.8000,2838.2000,2,1,2,1,1,3,1,2,2,2
SF,IH2012,2020-06-29 09:35:16.200,2833.2000,7265,0,183407520.000,0,-,-,-,-,2833.0000,2832.2000,2831.6000,2831.2000,2831.0000,2835.4000,2837.2000,2837.8000,2838.2000,2839.8000,2,1,2,1,1,1,2,2,2,1
SF,IH2012,2020-06-29 09:35:16.700,2833.0000,7263,-2,186807240.000,4,1,3,多平,S,2833.0000,2832.2000,2831.6000,2831.2000,2831.0000,2835.0000,2835.4000,2837.8000,2838.2000,2839.8000,1,1,2,1,1,3,1,2,2,1
