市场代码,合约代码,时间,最新,持仓,增仓,成交额,成交量,开仓,平仓,成交类型,方向,买一价,买二价,买三价,买四价,买五价,卖一价,卖二价,卖三价,卖四价,卖五价,买一量,买二量,买三量,买四量,买五量,卖一量,卖二量,卖三量,卖四量,卖五量
SF,IH2006,2019-11-12 09:29:00.300,2967.2000,1309,0,9791760.000,11.000,-,-,-,-,2967.0000,2964.8000,2963.8000,2963.6000,2958.0000,2969.0000,2970.0000,2973.0000,2975.8000,2977.0000,1,1,1,1,1,1,1,1,2,1
SF,IH2006,2019-11-12 09:30:00.300,2969.0000,1309,0,10682460.000,1,0,1,多换,S,2969.8000,2968.4000,2968.0000,2963.8000,2963.6000,2973.0000,2977.0000,2979.8000,2983.0000,2985.0000,1,1,2,1,1,1,1,1,1,1
SF,IH2006,2019-11-12 09:30:00.800,2969.8000,1308,-1,11573400.000,1,0,1,双平,S,2970.0000,2968.4000,2968.0000,2963.8000,2963.6000,2973.0000,2977.0000,2979.8000,2983.0000,2985.0000,2,1,2,1,1,1,1,1,1,1
SF,IH2006,2019-11-12 09:30:01.300,2969.8000,1308,0,11573400.000,0,-,-,-,-,2964.0000,2958.0000,2956.6000,2953.0000,2950.8000,2972.8000,2973.0000,2977.0000,2979.2000,2979.8000,5,1,2,1,1,1,1,1,5,1
SF,IH2006,2019-11-12 09:30:01.800,2969.8000,1308,0,11573400.000,0,-,-,-,-,2965.4000,2965.0000,2964.0000,2958.0000,2956.6000,2972.8000,2973.0000,2977.0000,2979.2000,2979.8000,3,3,5,1,2,1,1,1,5,1
SF,IH2006,2019-11-12 09:30:02.300,2969.8000,1308,0,11573400.000,0,-,-,-,-,2965.6000,2965.4000,2965.0000,2964.0000,2958.0000,2972.8000,2973.0000,2977.0000,2979.2000,2979.8000,1,3,3,5,1,1,1,1,5,1
SF,IH2006,2019-11-12 09:30:02.800,2969.8000,1308,0,11573400.000,0,-,-,-,-,2966.0000,2965.6000,2965.0000,2964.0000,2958.0000,2972.8000,2973.0000,2977.0000,2979.2000,2979.8000,3,1,3,5,1,1,1,1,5,1
SF,IH2006,2019-11-12 09:30:03.300,2969.8000,1308,0,11573400.000,0,-,-,-,-,2966.2000,2965.6000,2964.0000,2958.0000,2956.6000,2972.8000,2973.0000,2977.0000,2979.2000,2979.8000,3,1,5,1,2,1,1,1,5,1
SF,IH2006,2019-11-12 09:30:03.800,2969.8000,1308,0,11573400.000,0,-,-,-,-,2966.2000,2965.6000,2964.0000,2958.0000,2956.6000,2970.4000,2972.6000,2972.8000,2973.0000,2977.0000,3,1,5,1,2,1,1,1,1,1
SF,IH2006,2019-11-12 09:30:04.300,2969.8000,1308,0,11573400.000,0,-,-,-,-,2966.2000,2965.6000,2964.0000,2958.0000,2956.6000,2970.4000,2973.0000,2977.0000,2979.2000,2979.8000,3,1,5,1,2,1,1,1,5,1
SF,IH2006,2019-11-12 09:30:07.300,2969.8000,1308,0,11573400.000,0,-,-,-,-,2966.2000,2965.6000,2964.0000,2958.0000,2953.0000,2970.4000,2973.0000,2977.0000,2979.2000,2979.8000,3,1,5,1,1,1,1,1,5,1
SF,IH2006,2019-11-12 09:30:07.800,2969.8000,1308,0,11573400.000,0,-,-,-,-,2966.2000,2965.6000,2958.0000,2953.0000,2950.8000,2970.4000,2973.0000,2977.0000,2979.2000,2979.8000,3,1,1,1,1,1,1,1,5,1
SF,IH2006,2019-11-12 09:30:08.800,2969.8000,1308,0,11573400.000,0,-,-,-,-,2966.2000,2965.6000,2958.0000,2953.0000,2950.8000,2970.0000,2970.4000,2973.0000,2977.0000,2979.2000,3,1,1,1,1,1,1,1,1,5
SF,IH2006,2019-11-12 09:30:10.300,2969.8000,1308,0,11573400.000,0,-,-,-,-,2966.2000,2965.6000,2960.2000,2958.0000,2953.0000,2970.0000,2970.4000,2973.0000,2977.0000,2979.2000,3,1,6,1,1,1,1,1,1,5
SF,IH2006,2019-11-12 09:30:10.800,2969.8000,1308,0,11573400.000,0,-,-,-,-,2966.2000,2965.6000,2960.2000,2958.0000,2953.0000,2969.8000,2970.0000,2970.4000,2973.0000,2977.0000,1,1,6,1,1,1,1,1,1,1
SF,IH2006,2019-11-12 09:30:15.800,2969.8000,1308,0,11573400.000,0,-,-,-,-,2966.2000,2965.6000,2960.2000,2958.0000,2953.0000,2969.8000,2970.4000,2973.0000,2977.0000,2979.2000,1,1,6,1,1,1,1,1,1,5
SF,IH2006,2019-11-12 09:30:16.300,2969.8000,1308,0,11573400.000,0,-,-,-,-,2966.4000,2966.2000,2965.6000,2960.2000,2958.0000,2970.4000,2973.0000,2977.0000,2979.2000,2979.8000,1,1,1,6,1,1,1,1,5,1
SF,IH2006,2019-11-12 09:30:16.800,2969.8000,1308,0,11573400.000,0,-,-,-,-,2966.6000,2966.4000,2966.2000,2965.6000,2960.2000,2970.2000,2970.4000,2973.0000,2977.0000,2979.2000,1,1,1,1,6,1,1,1,1,5
SF,IH2006,2019-11-12 09:30:17.300,2969.8000,1308,0,11573400.000,0,-,-,-,-,2966.8000,2966.6000,2966.2000,2965.6000,2960.2000,2970.2000,2970.4000,2973.0000,2977.0000,2979.2000,1,1,1,1,6,1,1,1,1,5
SF,IH2006,2019-11-12 09:30:17.800,2969.8000,1308,0,11573400.000,0,-,-,-,-,2967.0000,2966.8000,2966.6000,2966.2000,2965.6000,2970.2000,2970.4000,2973.0000,2977.0000,2979.2000,1,1,1,1,1,1,1,1,1,5
SF,IH2006,2019-11-12 09:30:18.300,2969.8000,1308,0,11573400.000,0,-,-,-,-,2967.2000,2967.0000,2966.6000,2966.2000,2965.6000,2970.2000,2970.4000,2973.0000,2977.0000,2979.2000,1,1,1,1,1,1,1,1,1,5
SF,IH2006,2019-11-12 09:30:18.800,2969.8000,1308,0,11573400.000,0,-,-,-,-,2967.4000,2967.2000,2967.0000,2966.6000,2966.2000,2970.2000,2970.4000,2973.0000,2977.0000,2979.2000,1,1,1,1,1,1,1,1,1,5
SF,IH2006,2019-11-12 09:30:19.300,2969.8000,1308,0,11573400.000,0,-,-,-,-,2967.4000,2967.0000,2966.6000,2966.2000,2965.6000,2970.0000,2970.2000,2970.4000,2973.0000,2977.0000,1,1,1,1,1,1,1,1,1,1
SF,IH2006,2019-11-12 09:30:19.800,2969.8000,1308,0,12464340.000,1,0,1,多换,S,2967.4000,2967.2000,2967.0000,2966.6000,2966.2000,2970.0000,2970.4000,2971.8000,2973.0000,2977.0000,1,1,1,1,1,1,1,1,1,1
SF,IH2006,2019-11-12 09:30:20.300,2969.8000,1308,0,12464340.000,0,-,-,-,-,2967.6000,2967.4000,2967.0000,2966.6000,2966.2000,2970.0000,2970.4000,2973.0000,2977.0000,2979.2000,1,1,1,1,1,1,1,1,1,5
SF,IH2006,2019-11-12 09:30:22.300,2969.8000,1308,0,12464340.000,0,-,-,-,-,2967.6000,2967.0000,2966.6000,2966.2000,2965.6000,2969.8000,2970.0000,2970.4000,2973.0000,2977.0000,1,1,1,1,1,2,1,1,1,1
SF,IH2006,2019-11-12 09:30:22.800,2969.8000,1308,0,12464340.000,0,-,-,-,-,2967.6000,2967.0000,2966.6000,2966.2000,2965.6000,2970.0000,2970.4000,2973.0000,2977.0000,2979.2000,1,1,1,1,1,1,1,1,1,5
SF,IH2006,2019-11-12 09:30:23.300,2969.8000,1308,0,12464340.000,0,-,-,-,-,2967.6000,2967.0000,2966.6000,2966.2000,2965.6000,2970.0000,2970.4000,2973.0000,2977.0000,2979.2000,1,1,1,1,1,1,1,1,1,5
SF,IH2006,2019-11-12 09:30:23.800,2969.8000,1308,0,12464340.000,0,-,-,-,-,2967.6000,2967.0000,2966.6000,2966.2000,2965.6000,2969.8000,2970.0000,2970.4000,2973.0000,2977.0000,1,1,1,1,1,2,1,1,1,1
SF,IH2006,2019-11-12 09:30:24.800,2969.8000,1308,0,12464340.000,0,-,-,-,-,2967.6000,2966.6000,2966.2000,2965.6000,2960.2000,2969.8000,2970.0000,2970.4000,2973.0000,2977.0000,1,1,1,1,6,2,1,1,1,1
SF,IH2006,2019-11-12 09:30:25.300,2969.8000,1308,0,12464340.000,0,-,-,-,-,2966.6000,2966.2000,2965.6000,2960.2000,2958.0000,2969.6000,2969.8000,2970.0000,2970.4000,2973.0000,1,1,1,6,1,1,2,1,1,1
SF,IH2006,2019-11-12 09:30:25.800,2969.8000,1308,0,12464340.000,0,-,-,-,-,2966.8000,2966.2000,2965.6000,2960.2000,2958.0000,2969.6000,2969.8000,2970.0000,2970.4000,2973.0000,1,1,1,6,1,1,2,1,1,1
SF,IH2006,2019-11-12 09:30:28.800,2969.8000,1308,0,12464340.000,0,-,-,-,-,2966.8000,2966.2000,2965.6000,2960.2000,2958.0000,2969.6000,2969.8000,2970.4000,2973.0000,2977.0000,1,1,1,6,1,1,2,1,1,1
SF,IH2006,2019-11-12 09:30:29.300,2969.8000,1308,0,12464340.000,0,-,-,-,-,2966.8000,2966.2000,2965.6000,2960.2000,2958.0000,2969.8000,2970.4000,2973.0000,2977.0000,2979.2000,1,1,1,6,1,2,1,1,1,5
SF,IH2006,2019-11-12 09:30:29.800,2969.8000,1308,0,12464340.000,0,-,-,-,-,2967.0000,2966.8000,2966.2000,2965.6000,2960.2000,2969.8000,2970.4000,2973.0000,2977.0000,2979.2000,1,1,1,1,6,2,1,1,1,5
SF,IH2006,2019-11-12 09:30:30.300,2969.8000,1308,0,12464340.000,0,-,-,-,-,2967.2000,2966.2000,2965.6000,2960.2000,2958.0000,2969.8000,2970.4000,2973.0000,2977.0000,2979.2000,1,1,1,6,1,2,1,1,1,5
SF,IH2006,2019-11-12 09:30:31.800,2969.8000,1308,0,12464340.000,0,-,-,-,-,2967.2000,2966.2000,2965.6000,2960.2000,2958.0000,2969.8000,2970.4000,2973.0000,2977.0000,2979.2000,1,1,1,6,1,2,1,1,1,5
SF,IH2006,2019-11-12 09:30:32.800,2969.8000,1308,0,12464340.000,0,-,-,-,-,2967.2000,2966.2000,2965.6000,2960.2000,2958.0000,2970.4000,2973.0000,2977.0000,2979.2000,2979.8000,1,1,1,6,1,1,1,1,5,1
SF,IH2006,2019-11-12 09:30:33.300,2969.8000,1308,0,12464340.000,0,-,-,-,-,2967.2000,2966.2000,2965.6000,2960.2000,2958.0000,2970.2000,2970.4000,2973.0000,2977.0000,2979.2000,1,1,1,6,1,3,1,1,1,5
SF,IH2006,2019-11-12 09:30:33.800,2969.8000,1308,0,12464340.000,0,-,-,-,-,2967.2000,2966.2000,2965.6000,2960.2000,2958.0000,2970.0000,2970.2000,2970.4000,2973.0000,2977.0000,1,1,1,6,1,1,3,1,1,1
SF,IH2006,2019-11-12 09:30:34.300,2969.8000,1308,0,12464340.000,0,-,-,-,-,2967.2000,2966.2000,2965.6000,2960.2000,2958.0000,2970.0000,2970.2000,2970.4000,2973.0000,2977.0000,1,1,1,6,1,1,2,1,1,1
SF,IH2006,2019-11-12 09:30:38.300,2969.8000,1308,0,12464340.000,0,-,-,-,-,2967.2000,2966.2000,2965.6000,2960.2000,2958.0000,2970.2000,2970.4000,2973.0000,2977.0000,2979.2000,1,1,1,6,1,2,1,1,1,5
SF,IH2006,2019-11-12 09:30:42.300,2969.8000,1308,0,12464340.000,0,-,-,-,-,2967.2000,2966.2000,2965.6000,2960.2000,2958.0000,2970.0000,2970.2000,2970.4000,2973.0000,2977.0000,1,1,1,6,1,1,2,1,1,1
SF,IH2006,2019-11-12 09:30:42.800,2967.2000,1308,0,13354500.000,1,0,1,多换,S,2966.4000,2966.2000,2965.6000,2960.2000,2958.0000,2970.0000,2970.2000,2970.4000,2970.8000,2973.0000,1,1,1,6,1,1,2,1,1,1
SF,IH2006,2019-11-12 09:30:43.300,2967.2000,1308,0,13354500.000,0,-,-,-,-,2966.6000,2966.2000,2965.6000,2960.2000,2958.0000,2969.8000,2970.0000,2970.2000,2970.4000,2973.0000,2,1,1,6,1,1,1,2,1,1
SF,IH2006,2019-11-12 09:30:48.800,2967.2000,1308,0,13354500.000,0,-,-,-,-,2966.6000,2966.2000,2965.6000,2960.2000,2958.0000,2969.8000,2970.0000,2970.2000,2970.4000,2973.0000,1,1,1,6,1,1,1,2,1,1
SF,IH2006,2019-11-12 09:30:49.300,2967.2000,1308,0,13354500.000,0,-,-,-,-,2966.6000,2966.2000,2965.6000,2960.2000,2958.0000,2969.8000,2970.2000,2970.4000,2973.0000,2977.0000,1,1,1,6,1,1,2,1,1,1
SF,IH2006,2019-11-12 09:30:49.800,2967.2000,1308,0,13354500.000,0,-,-,-,-,2966.2000,2965.6000,2960.2000,2958.0000,2953.0000,2967.6000,2969.8000,2970.2000,2970.4000,2973.0000,1,1,6,1,1,1,1,2,1,1
SF,IH2006,2019-11-12 09:30:50.300,2967.2000,1308,0,13354500.000,0,-,-,-,-,2965.6000,2960.2000,2958.0000,2953.0000,2950.8000,2967.6000,2970.4000,2973.0000,2977.0000,2979.2000,1,6,1,1,1,1,1,1,1,5
SF,IH2006,2019-11-12 09:30:50.800,2967.2000,1308,0,13354500.000,0,-,-,-,-,2965.8000,2965.6000,2960.2000,2958.0000,2953.0000,2967.6000,2970.4000,2971.6000,2973.0000,2977.0000,1,1,6,1,1,1,1,5,1,1
SF,IH2006,2019-11-12 09:30:51.300,2967.2000,1308,0,13354500.000,0,-,-,-,-,2966.0000,2965.8000,2965.6000,2960.2000,2958.0000,2967.6000,2970.4000,2971.6000,2973.0000,2977.0000,1,1,1,6,1,1,1,5,1,1
SF,IH2006,2019-11-12 09:30:51.800,2967.2000,1308,0,13354500.000,0,-,-,-,-,2960.2000,2958.0000,2953.0000,2950.8000,2949.8000,2967.6000,2970.4000,2971.6000,2973.0000,2977.0000,6,1,1,1,1,1,1,5,1,1
SF,IH2006,2019-11-12 09:30:52.300,2967.2000,1308,0,13354500.000,0,-,-,-,-,2963.6000,2961.0000,2960.2000,2958.0000,2953.0000,2967.6000,2970.4000,2971.6000,2973.0000,2977.0000,3,2,7,1,1,1,1,5,1,1
SF,IH2006,2019-11-12 09:30:52.800,2967.2000,1308,0,13354500.000,0,-,-,-,-,2963.8000,2963.6000,2961.0000,2960.2000,2958.0000,2966.8000,2970.4000,2971.6000,2973.0000,2977.0000,1,3,2,7,1,1,1,5,1,1
SF,IH2006,2019-11-12 09:30:53.300,2967.2000,1308,0,13354500.000,0,-,-,-,-,2964.0000,2963.8000,2961.0000,2960.2000,2958.0000,2966.8000,2970.4000,2971.6000,2973.0000,2977.0000,2,1,2,7,1,1,1,5,1,1
SF,IH2006,2019-11-12 09:30:53.800,2967.2000,1308,0,13354500.000,0,-,-,-,-,2964.2000,2964.0000,2963.8000,2961.0000,2960.2000,2966.8000,2970.4000,2971.6000,2973.0000,2977.0000,1,2,1,2,7,1,1,5,1,1
SF,IH2006,2019-11-12 09:30:54.300,2967.2000,1308,0,13354500.000,0,-,-,-,-,2964.4000,2964.2000,2963.8000,2961.0000,2960.2000,2966.8000,2970.4000,2971.6000,2973.0000,2977.0000,1,1,1,2,1,1,1,5,1,1
SF,IH2006,2019-11-12 09:30:55.300,2967.2000,1308,0,13354500.000,0,-,-,-,-,2964.4000,2964.2000,2963.8000,2961.0000,2960.2000,2965.8000,2970.4000,2971.6000,2973.0000,2977.0000,1,1,1,2,1,1,1,5,1,1
SF,IH2006,2019-11-12 09:30:57.300,2967.2000,1308,0,13354500.000,0,-,-,-,-,2964.4000,2961.0000,2960.2000,2958.0000,2956.4000,2965.0000,2970.4000,2971.6000,2973.0000,2977.0000,1,2,1,1,6,1,1,5,1,1
SF,IH2006,2019-11-12 09:30:58.800,2964.4000,1307,-1,14243820.000,1,0,1,双平,S,2961.8000,2961.0000,2960.2000,2958.0000,2956.4000,2965.0000,2966.2000,2970.4000,2971.6000,2973.0000,1,2,1,1,6,1,1,1,5,1
SF,IH2006,2019-11-12 09:30:59.300,2964.4000,1307,0,14243820.000,0,-,-,-,-,2962.0000,2961.8000,2961.0000,2960.2000,2958.0000,2965.0000,2970.4000,2971.6000,2973.0000,2977.0000,1,1,2,1,1,1,1,5,1,1
SF,IH2006,2019-11-12 09:30:59.800,2964.4000,1307,0,14243820.000,0,-,-,-,-,2962.2000,2962.0000,2961.0000,2960.2000,2958.0000,2965.0000,2970.4000,2971.6000,2973.0000,2977.0000,1,1,2,1,1,1,1,5,1,1
SF,IH2006,2019-11-12 09:31:00.300,2964.4000,1307,0,14243820.000,0,-,-,-,-,2962.4000,2962.2000,2962.0000,2961.0000,2960.2000,2965.6000,2970.4000,2971.6000,2973.0000,2977.0000,1,1,1,2,1,1,1,5,1,1
SF,IH2006,2019-11-12 09:31:00.800,2964.4000,1307,0,14243820.000,0,-,-,-,-,2962.6000,2962.4000,2962.0000,2961.0000,2960.2000,2966.2000,2970.4000,2971.6000,2973.0000,2977.0000,2,1,1,2,1,1,1,5,1,1
SF,IH2006,2019-11-12 09:31:01.300,2964.4000,1307,0,14243820.000,0,-,-,-,-,2962.8000,2962.6000,2962.4000,2962.0000,2961.0000,2966.2000,2970.4000,2971.6000,2973.0000,2977.0000,1,2,1,1,2,1,1,5,1,1
SF,IH2006,2019-11-12 09:31:01.800,2964.4000,1307,0,14243820.000,0,-,-,-,-,2963.0000,2962.8000,2962.4000,2962.0000,2961.0000,2966.2000,2970.4000,2971.6000,2973.0000,2977.0000,2,1,1,1,2,1,1,5,1,1
SF,IH2006,2019-11-12 09:31:02.300,2964.4000,1307,0,14243820.000,0,-,-,-,-,2963.2000,2963.0000,2962.8000,2962.4000,2962.0000,2967.0000,2970.4000,2971.6000,2973.0000,2977.0000,1,2,1,1,1,1,1,5,1,1
SF,IH2006,2019-11-12 09:31:02.800,2964.4000,1307,0,14243820.000,0,-,-,-,-,2963.4000,2963.2000,2962.8000,2962.4000,2962.0000,2967.0000,2970.4000,2971.6000,2973.0000,2977.0000,2,1,1,1,1,1,1,5,1,1
SF,IH2006,2019-11-12 09:31:03.300,2964.4000,1307,0,14243820.000,0,-,-,-,-,2963.6000,2963.4000,2963.2000,2962.8000,2962.4000,2967.0000,2970.4000,2971.6000,2973.0000,2977.0000,1,2,1,1,1,1,1,5,1,1
SF,IH2006,2019-11-12 09:31:03.800,2964.4000,1307,0,14243820.000,0,-,-,-,-,2963.8000,2963.6000,2963.2000,2962.8000,2962.4000,2966.8000,2967.0000,2970.4000,2971.6000,2973.0000,1,1,1,1,1,1,1,1,5,1
SF,IH2006,2019-11-12 09:31:04.300,2964.4000,1307,0,14243820.000,0,-,-,-,-,2964.0000,2963.8000,2963.6000,2963.2000,2962.8000,2966.2000,2966.8000,2970.4000,2971.6000,2973.0000,1,1,1,1,1,1,1,1,5,1
SF,IH2006,2019-11-12 09:31:04.800,2964.4000,1307,0,14243820.000,0,-,-,-,-,2964.2000,2964.0000,2963.6000,2963.2000,2962.8000,2966.2000,2970.4000,2971.6000,2973.0000,2977.0000,1,1,1,1,1,1,1,5,1,1
SF,IH2006,2019-11-12 09:31:05.300,2964.4000,1307,0,14243820.000,0,-,-,-,-,2964.4000,2964.2000,2964.0000,2963.6000,2963.2000,2966.2000,2970.4000,2971.6000,2973.0000,2977.0000,1,1,1,1,1,1,1,5,1,1
SF,IH2006,2019-11-12 09:31:05.800,2964.4000,1307,0,14243820.000,0,-,-,-,-,2964.4000,2964.0000,2963.6000,2963.2000,2962.8000,2966.2000,2970.4000,2971.6000,2973.0000,2977.0000,1,1,1,1,1,1,1,5,1,1
SF,IH2006,2019-11-12 09:31:06.800,2964.4000,1307,0,14243820.000,0,-,-,-,-,2964.4000,2964.0000,2963.6000,2963.2000,2962.8000,2966.8000,2970.4000,2971.6000,2973.0000,2977.0000,1,1,1,1,1,1,1,5,1,1
SF,IH2006,2019-11-12 09:31:11.300,2964.4000,1307,0,14243820.000,0,-,-,-,-,2964.0000,2963.6000,2963.2000,2962.8000,2961.0000,2966.8000,2970.4000,2971.6000,2973.0000,2977.0000,1,1,1,1,2,1,1,5,1,1
SF,IH2006,2019-11-12 09:31:11.800,2964.4000,1307,0,14243820.000,0,-,-,-,-,2964.0000,2963.6000,2963.2000,2962.8000,2961.0000,2965.4000,2966.6000,2970.4000,2971.6000,2973.0000,1,1,1,1,2,1,2,1,5,1
SF,IH2006,2019-11-12 09:31:12.300,2964.4000,1307,0,14243820.000,0,-,-,-,-,2964.0000,2963.6000,2963.2000,2962.8000,2961.0000,2966.4000,2970.4000,2971.6000,2973.0000,2977.0000,1,1,1,1,2,1,1,5,1,1
SF,IH2006,2019-11-12 09:31:12.800,2964.4000,1307,0,14243820.000,0,-,-,-,-,2964.0000,2963.6000,2963.2000,2962.8000,2961.0000,2965.6000,2966.2000,2970.4000,2971.6000,2973.0000,1,1,1,1,2,1,1,1,5,1
SF,IH2006,2019-11-12 09:31:13.300,2964.4000,1307,0,14243820.000,0,-,-,-,-,2964.0000,2963.6000,2963.2000,2962.8000,2961.0000,2965.4000,2965.6000,2970.4000,2971.6000,2973.0000,1,1,1,1,2,1,1,1,5,1
SF,IH2006,2019-11-12 09:31:13.800,2964.4000,1307,0,14243820.000,0,-,-,-,-,2964.0000,2963.6000,2963.2000,2962.8000,2961.0000,2965.4000,2966.2000,2970.4000,2971.6000,2973.0000,1,1,1,1,2,1,1,1,5,1
SF,IH2006,2019-11-12 09:31:15.300,2964.4000,1307,0,14243820.000,0,-,-,-,-,2963.6000,2963.2000,2962.8000,2961.0000,2960.2000,2965.4000,2966.2000,2970.4000,2971.6000,2973.0000,1,1,1,2,1,1,1,1,5,1
SF,IH2006,2019-11-12 09:31:16.300,2964.4000,1307,0,14243820.000,0,-,-,-,-,2963.6000,2963.2000,2962.8000,2961.0000,2960.2000,2965.4000,2970.4000,2971.6000,2973.0000,2977.0000,1,1,1,2,1,2,1,5,1,1
SF,IH2006,2019-11-12 09:31:20.300,2964.4000,1307,0,14243820.000,0,-,-,-,-,2963.6000,2963.2000,2962.8000,2961.0000,2960.2000,2965.4000,2965.8000,2970.4000,2971.6000,2973.0000,1,1,1,2,1,1,1,1,5,1
SF,IH2006,2019-11-12 09:31:20.800,2964.4000,1307,0,14243820.000,0,-,-,-,-,2963.6000,2963.2000,2962.8000,2961.0000,2960.2000,2965.8000,2970.4000,2971.6000,2973.0000,2977.0000,1,1,1,2,1,1,1,5,1,1
SF,IH2006,2019-11-12 09:31:25.800,2964.4000,1307,0,14243820.000,0,-,-,-,-,2963.6000,2963.2000,2962.8000,2961.0000,2960.2000,2965.0000,2970.4000,2971.6000,2973.0000,2977.0000,1,1,1,2,1,1,1,5,1,1
SF,IH2006,2019-11-12 09:31:26.300,2964.4000,1307,0,14243820.000,0,-,-,-,-,2963.6000,2963.2000,2962.8000,2961.0000,2960.2000,2966.0000,2970.4000,2971.6000,2973.0000,2977.0000,1,1,1,2,1,1,1,5,1,1
SF,IH2006,2019-11-12 09:31:26.800,2964.4000,1307,0,14243820.000,0,-,-,-,-,2963.6000,2963.2000,2962.8000,2961.0000,2960.2000,2965.8000,2966.0000,2970.4000,2971.6000,2973.0000,1,1,1,2,1,1,1,1,5,1
SF,IH2006,2019-11-12 09:31:31.800,2964.4000,1307,0,14243820.000,0,-,-,-,-,2963.6000,2963.2000,2962.8000,2961.0000,2960.2000,2964.8000,2965.8000,2970.4000,2971.6000,2973.0000,1,1,1,2,1,1,1,1,5,1
SF,IH2006,2019-11-12 09:31:32.300,2964.4000,1307,0,14243820.000,0,-,-,-,-,2963.2000,2962.8000,2961.0000,2960.2000,2958.0000,2964.6000,2965.6000,2970.4000,2971.6000,2973.0000,1,1,2,1,1,1,1,1,5,1
SF,IH2006,2019-11-12 09:31:34.800,2964.4000,1307,0,14243820.000,0,-,-,-,-,2963.2000,2962.8000,2961.0000,2960.2000,2958.0000,2964.6000,2964.8000,2970.4000,2971.6000,2973.0000,1,1,2,1,1,1,1,1,5,1
SF,IH2006,2019-11-12 09:31:35.300,2964.4000,1307,0,14243820.000,0,-,-,-,-,2963.2000,2962.8000,2961.0000,2960.2000,2958.0000,2964.6000,2966.0000,2970.4000,2971.6000,2973.0000,1,1,2,1,1,1,1,1,5,1
SF,IH2006,2019-11-12 09:31:35.800,2964.4000,1307,0,14243820.000,0,-,-,-,-,2963.2000,2962.8000,2961.0000,2960.2000,2958.0000,2964.6000,2965.2000,2970.4000,2971.6000,2973.0000,1,1,2,1,1,1,1,1,5,1
SF,IH2006,2019-11-12 09:31:52.300,2964.4000,1307,0,14243820.000,0,-,-,-,-,2963.2000,2962.8000,2961.0000,2960.2000,2958.0000,2964.4000,2964.6000,2970.4000,2971.6000,2973.0000,1,1,2,1,1,1,1,1,5,1
SF,IH2006,2019-11-12 09:31:52.800,2964.4000,1307,0,14243820.000,0,-,-,-,-,2963.2000,2962.8000,2961.0000,2960.2000,2958.0000,2964.2000,2964.4000,2970.4000,2971.6000,2973.0000,1,1,2,1,1,1,1,1,5,1
SF,IH2006,2019-11-12 09:31:53.300,2963.2000,1306,-1,15132780.000,1,0,1,双平,S,2960.2000,2958.0000,2956.4000,2953.0000,2950.8000,2964.2000,2964.4000,2970.4000,2971.6000,2973.0000,1,1,6,1,1,1,1,1,5,1
SF,IH2006,2019-11-12 09:31:53.800,2963.2000,1306,0,15132780.000,0,-,-,-,-,2960.4000,2960.2000,2958.0000,2956.4000,2953.0000,2964.0000,2964.2000,2964.4000,2970.4000,2971.6000,3,1,1,6,1,1,1,1,1,5
SF,IH2006,2019-11-12 09:31:54.300,2963.2000,1306,0,15132780.000,0,-,-,-,-,2960.4000,2960.2000,2958.0000,2956.4000,2953.0000,2964.4000,2970.4000,2971.6000,2973.0000,2977.0000,3,1,1,6,1,1,1,5,1,1
SF,IH2006,2019-11-12 09:31:54.800,2963.2000,1306,0,15132780.000,0,-,-,-,-,2963.0000,2961.0000,2960.4000,2960.2000,2958.0000,2964.2000,2964.4000,2970.4000,2971.6000,2973.0000,1,3,3,1,1,1,1,1,5,1
SF,IH2006,2019-11-12 09:31:55.300,2963.2000,1306,0,15132780.000,0,-,-,-,-,2963.0000,2961.0000,2960.4000,2960.2000,2958.0000,2964.2000,2964.4000,2970.4000,2971.6000,2973.0000,1,1,1,1,1,1,1,1,5,1
SF,IH2006,2019-11-12 09:31:55.800,2963.2000,1306,0,15132780.000,0,-,-,-,-,2963.0000,2961.0000,2960.4000,2960.2000,2958.0000,2964.4000,2970.4000,2971.6000,2973.0000,2977.0000,1,1,1,1,1,1,1,5,1,1
SF,IH2006,2019-11-12 09:31:56.300,2963.2000,1306,0,15132780.000,0,-,-,-,-,2963.0000,2961.0000,2960.4000,2960.2000,2958.0000,2964.2000,2964.4000,2970.4000,2971.6000,2973.0000,1,1,1,1,1,1,1,1,5,1
SF,IH2006,2019-11-12 09:31:56.800,2963.2000,1306,0,15132780.000,0,-,-,-,-,2963.0000,2961.0000,2960.4000,2960.2000,2958.0000,2964.4000,2970.4000,2971.6000,2973.0000,2977.0000,1,1,1,1,1,1,1,5,1,1
SF,IH2006,2019-11-12 09:32:03.300,2963.0000,1306,0,16021680.000,1,0,1,多换,S,2961.0000,2960.4000,2960.2000,2958.0000,2956.4000,2963.0000,2964.4000,2970.4000,2971.6000,2973.0000,1,1,1,1,6,2,1,1,5,1
SF,IH2006,2019-11-12 09:32:03.800,2963.0000,1305,-1,16910580.000,1,0,1,双平,S,2961.2000,2961.0000,2960.4000,2960.2000,2958.0000,2963.0000,2964.4000,2970.4000,2971.6000,2973.0000,3,1,1,1,1,1,1,1,5,1
SF,IH2006,2019-11-12 09:32:04.300,2963.0000,1304,-1,17799480.000,1,0,1,双平,S,2961.2000,2961.0000,2960.4000,2960.2000,2958.0000,2964.4000,2970.4000,2971.6000,2973.0000,2977.0000,3,3,1,1,1,1,1,5,1,1
SF,IH2006,2019-11-12 09:32:05.300,2963.0000,1304,0,17799480.000,0,-,-,-,-,2961.2000,2961.0000,2960.4000,2960.2000,2958.0000,2964.4000,2970.4000,2971.6000,2973.0000,2977.0000,3,2,1,1,1,1,1,5,1,1
SF,IH2006,2019-11-12 09:32:06.300,2963.0000,1304,0,17799480.000,0,-,-,-,-,2961.2000,2960.4000,2960.2000,2958.0000,2956.4000,2964.4000,2970.4000,2971.6000,2973.0000,2977.0000,3,1,1,1,6,1,1,5,1,1
SF,IH2006,2019-11-12 09:32:06.800,2963.0000,1304,0,17799480.000,0,-,-,-,-,2961.2000,2961.0000,2960.4000,2960.2000,2958.0000,2964.4000,2970.4000,2971.6000,2973.0000,2977.0000,3,2,1,1,1,1,1,5,1,1
SF,IH2006,2019-11-12 09:32:08.800,2963.0000,1304,0,17799480.000,0,-,-,-,-,2961.2000,2960.4000,2960.2000,2958.0000,2956.4000,2963.6000,2970.4000,2971.6000,2973.0000,2977.0000,3,1,1,1,6,1,1,5,1,1
SF,IH2006,2019-11-12 09:32:09.300,2963.0000,1304,0,17799480.000,0,-,-,-,-,2961.2000,2960.4000,2960.2000,2958.0000,2956.4000,2964.6000,2970.4000,2971.6000,2973.0000,2977.0000,3,1,1,1,6,1,1,5,1,1
SF,IH2006,2019-11-12 09:32:09.800,2963.0000,1304,0,17799480.000,0,-,-,-,-,2961.2000,2960.4000,2960.2000,2958.0000,2956.4000,2964.4000,2964.6000,2970.4000,2971.6000,2973.0000,3,1,1,1,6,1,1,1,5,1
SF,IH2006,2019-11-12 09:32:10.800,2963.0000,1304,0,17799480.000,0,-,-,-,-,2961.2000,2961.0000,2960.4000,2960.2000,2958.0000,2964.4000,2964.6000,2970.4000,2971.6000,2973.0000,3,2,1,1,1,1,1,1,5,1
SF,IH2006,2019-11-12 09:32:11.300,2963.0000,1304,0,17799480.000,0,-,-,-,-,2961.2000,2960.4000,2960.2000,2958.0000,2956.4000,2964.4000,2964.6000,2970.4000,2971.6000,2973.0000,3,1,1,1,6,1,1,1,5,1
SF,IH2006,2019-11-12 09:32:11.800,2963.0000,1304,0,17799480.000,0,-,-,-,-,2961.2000,2961.0000,2960.4000,2960.2000,2958.0000,2964.6000,2970.4000,2971.6000,2973.0000,2977.0000,3,2,1,1,1,1,1,5,1,1
SF,IH2006,2019-11-12 09:32:13.300,2963.0000,1304,0,17799480.000,0,-,-,-,-,2961.4000,2961.2000,2961.0000,2960.4000,2960.2000,2965.0000,2970.4000,2971.6000,2973.0000,2977.0000,1,3,2,1,1,1,1,5,1,1
SF,IH2006,2019-11-12 09:32:13.800,2963.0000,1304,0,17799480.000,0,-,-,-,-,2961.6000,2961.4000,2961.2000,2961.0000,2960.4000,2965.0000,2970.4000,2971.6000,2973.0000,2977.0000,3,1,1,2,1,1,1,5,1,1
SF,IH2006,2019-11-12 09:32:14.800,2963.0000,1304,0,17799480.000,0,-,-,-,-,2961.8000,2961.6000,2961.2000,2961.0000,2960.4000,2965.0000,2970.4000,2971.6000,2973.0000,2977.0000,2,3,1,2,1,1,1,5,1,1
SF,IH2006,2019-11-12 09:32:15.300,2963.0000,1304,0,17799480.000,0,-,-,-,-,2962.0000,2961.8000,2961.6000,2961.2000,2961.0000,2965.0000,2970.4000,2971.6000,2973.0000,2977.0000,3,2,1,1,2,1,1,5,1,1
SF,IH2006,2019-11-12 09:32:15.800,2963.0000,1304,0,17799480.000,0,-,-,-,-,2962.0000,2961.8000,2961.6000,2961.2000,2960.4000,2964.8000,2965.0000,2970.4000,2971.6000,2973.0000,3,2,1,1,1,1,1,1,5,1
SF,IH2006,2019-11-12 09:32:16.300,2963.0000,1304,0,17799480.000,0,-,-,-,-,2962.0000,2961.8000,2961.6000,2961.2000,2960.4000,2964.8000,2965.0000,2970.4000,2971.6000,2973.0000,3,1,1,1,1,1,1,1,5,1
SF,IH2006,2019-11-12 09:32:16.800,2963.0000,1304,0,17799480.000,0,-,-,-,-,2962.0000,2961.6000,2961.2000,2960.4000,2960.2000,2964.8000,2965.0000,2970.4000,2971.6000,2973.0000,3,1,1,1,1,1,1,1,5,1
SF,IH2006,2019-11-12 09:32:19.300,2963.0000,1304,0,17799480.000,0,-,-,-,-,2962.0000,2961.6000,2961.2000,2960.4000,2960.2000,2964.8000,2965.8000,2970.4000,2971.6000,2973.0000,3,1,1,1,1,1,1,1,5,1
SF,IH2006,2019-11-12 09:32:19.800,2964.8000,1303,-1,18688920.000,1,0,1,双平,S,2962.0000,2961.6000,2961.2000,2960.4000,2960.2000,2965.8000,2968.0000,2970.4000,2971.6000,2973.0000,3,1,1,1,1,1,1,1,5,1
SF,IH2006,2019-11-12 09:32:20.300,2964.8000,1303,0,18688920.000,0,-,-,-,-,2962.0000,2961.6000,2961.2000,2960.4000,2960.2000,2966.2000,2970.4000,2971.6000,2973.0000,2977.0000,3,1,1,1,1,1,1,5,1,1
SF,IH2006,2019-11-12 09:32:20.800,2964.8000,1303,0,18688920.000,0,-,-,-,-,2962.0000,2961.6000,2961.2000,2960.4000,2960.2000,2966.6000,2970.4000,2971.6000,2973.0000,2977.0000,3,1,1,1,1,1,1,5,1,1
SF,IH2006,2019-11-12 09:32:21.300,2964.8000,1303,0,18688920.000,0,-,-,-,-,2962.0000,2961.6000,2961.2000,2960.4000,2960.2000,2966.6000,2970.4000,2971.6000,2973.0000,2977.0000,6,1,1,1,1,1,1,5,1,1
SF,IH2006,2019-11-12 09:32:21.800,2964.8000,1303,0,18688920.000,0,-,-,-,-,2963.0000,2962.0000,2961.6000,2961.2000,2960.4000,2966.6000,2970.4000,2971.6000,2973.0000,2977.0000,1,6,1,1,1,1,1,5,1,1
SF,IH2006,2019-11-12 09:32:22.300,2964.8000,1303,0,18688920.000,0,-,-,-,-,2963.8000,2963.2000,2963.0000,2962.0000,2961.6000,2966.6000,2970.4000,2971.6000,2973.0000,2977.0000,3,1,1,1,1,1,1,5,1,1
SF,IH2006,2019-11-12 09:32:22.800,2964.8000,1303,0,18688920.000,0,-,-,-,-,2964.0000,2963.8000,2963.2000,2963.0000,2962.0000,2966.6000,2970.4000,2971.6000,2973.0000,2977.0000,1,3,1,1,1,1,1,5,1,1
SF,IH2006,2019-11-12 09:32:23.300,2964.2000,1302,-1,19578180.000,1,0,1,双平,S,2964.2000,2964.0000,2963.2000,2963.0000,2962.0000,2966.6000,2970.4000,2971.6000,2973.0000,2977.0000,1,1,1,1,1,1,1,5,1,1
SF,IH2006,2019-11-12 09:32:23.800,2964.2000,1302,0,19578180.000,0,-,-,-,-,2964.4000,2964.0000,2963.2000,2963.0000,2962.0000,2966.6000,2970.4000,2971.6000,2973.0000,2977.0000,1,1,1,1,1,1,1,5,1,1
SF,IH2006,2019-11-12 09:32:28.300,2964.2000,1302,0,19578180.000,0,-,-,-,-,2964.4000,2964.0000,2963.2000,2963.0000,2962.0000,2966.6000,2970.4000,2971.6000,2973.0000,2977.0000,1,1,1,1,1,1,1,5,1,1
SF,IH2006,2019-11-12 09:32:28.800,2964.2000,1302,0,19578180.000,0,-,-,-,-,2964.4000,2964.0000,2963.2000,2963.0000,2962.0000,2966.6000,2970.4000,2971.6000,2973.0000,2977.0000,1,1,1,1,1,1,1,5,1,1
SF,IH2006,2019-11-12 09:32:29.800,2964.2000,1302,0,19578180.000,0,-,-,-,-,2964.4000,2964.0000,2963.2000,2962.0000,2961.6000,2966.6000,2970.4000,2971.6000,2973.0000,2977.0000,1,1,1,1,1,1,1,5,1,1
SF,IH2006,2019-11-12 09:32:34.800,2964.2000,1302,0,19578180.000,0,-,-,-,-,2964.4000,2963.2000,2962.0000,2961.6000,2960.2000,2966.4000,2966.6000,2970.4000,2971.6000,2973.0000,1,1,1,1,1,1,1,1,5,1
SF,IH2006,2019-11-12 09:32:35.300,2964.4000,1301,-1,20467500.000,1,0,1,双平,S,2962.0000,2961.6000,2960.2000,2958.0000,2956.4000,2966.2000,2966.4000,2966.6000,2970.4000,2971.6000,1,2,1,1,6,2,1,1,1,5
SF,IH2006,2019-11-12 09:32:35.800,2964.4000,1301,0,20467500.000,0,-,-,-,-,2962.2000,2962.0000,2961.6000,2960.2000,2958.0000,2965.8000,2966.0000,2966.2000,2966.4000,2970.4000,1,1,1,1,1,1,1,2,1,1
SF,IH2006,2019-11-12 09:32:36.300,2964.4000,1301,0,20467500.000,0,-,-,-,-,2962.4000,2962.2000,2962.0000,2961.6000,2960.2000,2965.6000,2965.8000,2966.0000,2966.4000,2970.4000,1,1,1,1,1,2,1,1,1,1
SF,IH2006,2019-11-12 09:32:36.800,2964.4000,1301,0,20467500.000,0,-,-,-,-,2962.6000,2962.4000,2962.0000,2961.6000,2960.2000,2965.6000,2965.8000,2966.4000,2970.4000,2971.6000,1,1,1,1,1,2,1,1,1,5
SF,IH2006,2019-11-12 09:32:37.300,2964.4000,1301,0,20467500.000,0,-,-,-,-,2962.8000,2962.6000,2962.4000,2962.0000,2961.6000,2965.6000,2965.8000,2966.4000,2970.4000,2971.6000,1,1,1,1,1,2,1,1,1,5
SF,IH2006,2019-11-12 09:32:37.800,2964.4000,1301,0,20467500.000,0,-,-,-,-,2963.0000,2962.8000,2962.4000,2962.0000,2961.6000,2965.4000,2965.8000,2970.4000,2971.6000,2973.0000,1,1,1,1,1,1,1,1,5,1
SF,IH2006,2019-11-12 09:32:38.300,2964.4000,1301,0,20467500.000,0,-,-,-,-,2963.2000,2963.0000,2962.8000,2962.4000,2962.0000,2965.4000,2965.8000,2970.4000,2971.6000,2973.0000,1,1,1,1,1,1,1,1,5,1
SF,IH2006,2019-11-12 09:32:38.800,2964.4000,1301,0,20467500.000,0,-,-,-,-,2963.2000,2962.8000,2962.4000,2962.0000,2960.2000,2965.4000,2965.8000,2970.4000,2971.6000,2973.0000,1,1,1,1,1,1,1,1,5,1
SF,IH2006,2019-11-12 09:32:39.300,2964.4000,1301,0,20467500.000,0,-,-,-,-,2963.2000,2962.8000,2962.4000,2962.0000,2960.2000,2965.4000,2966.8000,2970.4000,2971.6000,2973.0000,1,1,1,1,1,1,1,1,5,1
SF,IH2006,2019-11-12 09:32:43.800,2964.4000,1301,0,20467500.000,0,-,-,-,-,2962.0000,2960.2000,2958.0000,2956.4000,2953.0000,2965.4000,2966.0000,2970.4000,2971.6000,2973.0000,1,1,1,6,1,1,1,1,5,1
SF,IH2006,2019-11-12 09:32:44.300,2964.4000,1301,0,20467500.000,0,-,-,-,-,2962.2000,2962.0000,2960.2000,2958.0000,2956.4000,2965.4000,2966.0000,2970.4000,2971.6000,2973.0000,1,1,1,1,6,1,1,1,5,1
SF,IH2006,2019-11-12 09:32:44.800,2964.4000,1301,0,20467500.000,0,-,-,-,-,2962.4000,2962.0000,2960.2000,2958.0000,2956.4000,2965.4000,2966.0000,2970.4000,2971.6000,2973.0000,1,1,1,1,6,1,1,1,5,1
SF,IH2006,2019-11-12 09:32:45.300,2964.4000,1301,0,20467500.000,0,-,-,-,-,2962.0000,2960.2000,2958.0000,2956.4000,2953.0000,2965.4000,2966.0000,2970.4000,2971.6000,2973.0000,1,1,1,6,1,1,1,1,5,1
SF,IH2006,2019-11-12 09:32:45.800,2964.4000,1301,0,20467500.000,0,-,-,-,-,2962.0000,2960.2000,2958.0000,2956.4000,2953.0000,2965.2000,2965.4000,2970.4000,2971.6000,2973.0000,1,1,1,6,1,1,1,1,5,1
SF,IH2006,2019-11-12 09:32:46.300,2964.4000,1301,0,20467500.000,0,-,-,-,-,2962.0000,2960.2000,2958.0000,2956.4000,2953.0000,2965.0000,2965.2000,2970.0000,2970.4000,2971.6000,1,1,1,6,1,2,1,1,1,5
SF,IH2006,2019-11-12 09:32:48.800,2964.4000,1301,0,20467500.000,0,-,-,-,-,2962.2000,2962.0000,2960.2000,2958.0000,2956.4000,2965.0000,2965.2000,2970.0000,2970.4000,2971.6000,1,1,1,1,6,2,1,1,1,5
SF,IH2006,2019-11-12 09:32:49.300,2964.4000,1301,0,20467500.000,0,-,-,-,-,2962.4000,2962.2000,2962.0000,2960.2000,2958.0000,2965.0000,2965.2000,2970.0000,2970.4000,2971.6000,1,1,1,1,1,2,1,1,1,5
SF,IH2006,2019-11-12 09:32:49.800,2964.4000,1301,0,20467500.000,0,-,-,-,-,2962.0000,2960.2000,2958.0000,2956.4000,2953.0000,2965.0000,2965.2000,2970.0000,2970.4000,2971.6000,1,1,1,6,1,2,1,1,1,5
SF,IH2006,2019-11-12 09:32:53.300,2964.4000,1301,0,20467500.000,0,-,-,-,-,2962.0000,2960.2000,2958.0000,2956.4000,2953.0000,2964.8000,2965.0000,2965.2000,2970.0000,2970.4000,1,1,1,6,1,1,2,1,1,1
SF,IH2006,2019-11-12 09:32:53.800,2964.4000,1301,0,20467500.000,0,-,-,-,-,2962.0000,2960.2000,2958.0000,2956.4000,2953.0000,2964.6000,2964.8000,2965.2000,2970.0000,2970.4000,1,1,1,6,1,2,1,1,1,1
SF,IH2006,2019-11-12 09:32:55.800,2964.4000,1301,0,20467500.000,0,-,-,-,-,2962.0000,2960.2000,2958.0000,2956.4000,2953.0000,2964.6000,2964.8000,2965.6000,2970.0000,2970.4000,1,1,1,6,1,2,1,1,1,1
SF,IH2006,2019-11-12 09:32:56.300,2964.4000,1301,0,20467500.000,0,-,-,-,-,2962.2000,2962.0000,2960.2000,2956.4000,2953.0000,2964.8000,2970.0000,2970.4000,2971.6000,2973.0000,1,1,1,6,1,1,1,1,5,1
SF,IH2006,2019-11-12 09:32:56.800,2964.4000,1301,0,20467500.000,0,-,-,-,-,2962.4000,2962.2000,2962.0000,2960.2000,2956.4000,2964.6000,2964.8000,2966.2000,2970.0000,2970.4000,1,1,1,1,6,1,1,1,1,1
SF,IH2006,2019-11-12 09:32:57.300,2964.4000,1301,0,20467500.000,0,-,-,-,-,2962.6000,2962.4000,2962.0000,2960.2000,2956.4000,2964.6000,2966.2000,2970.0000,2970.4000,2971.6000,1,1,1,1,6,1,1,1,1,5
SF,IH2006,2019-11-12 09:32:57.800,2964.4000,1301,0,20467500.000,0,-,-,-,-,2962.8000,2962.6000,2962.4000,2962.0000,2960.2000,2964.6000,2966.2000,2970.0000,2970.4000,2971.6000,1,1,1,1,1,1,1,1,1,5
SF,IH2006,2019-11-12 09:32:58.300,2964.4000,1301,0,20467500.000,0,-,-,-,-,2962.8000,2962.4000,2962.0000,2960.2000,2956.4000,2964.6000,2966.2000,2970.0000,2970.4000,2971.6000,1,1,1,1,6,1,1,1,1,5
SF,IH2006,2019-11-12 09:33:00.800,2964.4000,1301,0,20467500.000,0,-,-,-,-,2962.4000,2962.0000,2960.2000,2956.4000,2953.0000,2964.6000,2966.2000,2970.0000,2970.4000,2971.6000,1,1,1,6,1,1,1,1,1,5
SF,IH2006,2019-11-12 09:33:01.300,2964.4000,1301,0,20467500.000,0,-,-,-,-,2962.4000,2962.0000,2960.2000,2956.4000,2953.0000,2964.6000,2966.6000,2970.0000,2970.4000,2971.6000,1,1,1,6,1,1,1,1,1,5
SF,IH2006,2019-11-12 09:33:03.300,2964.4000,1301,0,20467500.000,0,-,-,-,-,2962.4000,2962.0000,2960.2000,2956.4000,2953.0000,2964.6000,2965.2000,2970.0000,2970.4000,2971.6000,1,1,1,6,1,1,1,1,1,5
SF,IH2006,2019-11-12 09:33:04.300,2964.4000,1301,0,20467500.000,0,-,-,-,-,2962.0000,2960.2000,2956.4000,2953.0000,2950.8000,2964.6000,2965.2000,2970.0000,2970.4000,2971.6000,1,1,6,1,1,1,1,1,1,5
SF,IH2006,2019-11-12 09:33:04.800,2964.4000,1301,0,20467500.000,0,-,-,-,-,2962.0000,2960.2000,2956.4000,2953.0000,2950.8000,2964.4000,2964.6000,2970.0000,2970.4000,2971.6000,1,1,6,1,1,1,1,1,1,5
SF,IH2006,2019-11-12 09:33:05.300,2964.4000,1301,0,20467500.000,0,-,-,-,-,2962.0000,2960.2000,2956.4000,2953.0000,2950.8000,2964.2000,2964.4000,2970.0000,2970.4000,2971.6000,1,1,6,1,1,2,1,1,1,5
SF,IH2006,2019-11-12 09:33:05.800,2964.4000,1301,0,20467500.000,0,-,-,-,-,2962.0000,2960.2000,2956.4000,2953.0000,2950.8000,2964.2000,2965.0000,2970.0000,2970.4000,2971.6000,1,1,6,1,1,2,1,1,1,5
SF,IH2006,2019-11-12 09:33:07.800,2964.4000,1301,0,20467500.000,0,-,-,-,-,2962.0000,2960.2000,2956.4000,2953.0000,2950.8000,2964.2000,2965.8000,2970.0000,2970.4000,2971.6000,1,1,6,1,1,2,1,1,1,5
SF,IH2006,2019-11-12 09:33:08.300,2964.4000,1301,0,20467500.000,0,-,-,-,-,2962.0000,2960.2000,2956.4000,2953.0000,2950.8000,2964.0000,2965.0000,2970.0000,2970.4000,2971.6000,1,1,6,1,1,1,1,1,1,5
SF,IH2006,2019-11-12 09:33:08.800,2964.4000,1301,0,20467500.000,0,-,-,-,-,2962.0000,2960.2000,2956.4000,2953.0000,2950.8000,2964.0000,2965.6000,2970.0000,2970.4000,2971.6000,1,1,6,1,1,1,1,1,1,5
SF,IH2006,2019-11-12 09:33:10.300,2964.4000,1301,0,20467500.000,0,-,-,-,-,2962.0000,2960.2000,2956.4000,2953.0000,2950.8000,2964.0000,2965.6000,2970.0000,2970.4000,2971.6000,1,1,6,1,1,1,1,1,1,5
SF,IH2006,2019-11-12 09:33:14.300,2964.4000,1301,0,20467500.000,0,-,-,-,-,2962.0000,2960.2000,2956.4000,2953.0000,2950.8000,2964.0000,2964.8000,2970.0000,2970.4000,2971.6000,1,1,6,1,1,1,1,1,1,5
SF,IH2006,2019-11-12 09:33:18.300,2964.4000,1301,0,20467500.000,0,-,-,-,-,2962.0000,2960.2000,2956.4000,2953.0000,2950.8000,2964.0000,2964.8000,2970.0000,2970.4000,2971.6000,1,1,6,1,1,1,1,1,1,5
SF,IH2006,2019-11-12 09:33:28.300,2964.4000,1301,0,20467500.000,0,-,-,-,-,2962.0000,2960.2000,2956.4000,2953.0000,2950.8000,2964.0000,2964.8000,2970.0000,2970.4000,2971.6000,2,1,6,1,1,1,1,1,1,5
SF,IH2006,2019-11-12 09:33:33.800,2964.4000,1301,0,20467500.000,0,-,-,-,-,2962.0000,2960.2000,2956.4000,2953.0000,2950.8000,2964.0000,2964.8000,2970.0000,2970.4000,2971.6000,1,1,6,1,1,1,1,1,1,5
SF,IH2006,2019-11-12 09:33:36.300,2964.4000,1301,0,20467500.000,0,-,-,-,-,2962.0000,2960.2000,2956.4000,2953.0000,2950.8000,2964.0000,2970.0000,2970.4000,2971.6000,2973.0000,1,1,6,1,1,1,1,1,5,1
SF,IH2006,2019-11-12 09:33:36.800,2964.4000,1301,0,20467500.000,0,-,-,-,-,2962.0000,2960.2000,2956.4000,2953.0000,2950.8000,2964.0000,2966.0000,2970.0000,2970.4000,2971.6000,1,1,6,1,1,1,1,1,1,5
SF,IH2006,2019-11-12 09:33:39.300,2964.4000,1301,0,20467500.000,0,-,-,-,-,2962.0000,2960.2000,2956.4000,2953.0000,2950.8000,2964.0000,2966.0000,2970.0000,2970.4000,2971.6000,1,1,6,1,1,1,1,1,1,5
SF,IH2006,2019-11-12 09:33:45.300,2964.4000,1301,0,20467500.000,0,-,-,-,-,2962.2000,2962.0000,2960.2000,2956.4000,2953.0000,2964.0000,2966.0000,2970.0000,2970.4000,2971.6000,1,1,1,6,1,1,1,1,1,5
SF,IH2006,2019-11-12 09:33:45.800,2964.4000,1301,0,20467500.000,0,-,-,-,-,2962.4000,2962.2000,2962.0000,2960.2000,2956.4000,2964.0000,2966.0000,2970.0000,2970.4000,2971.6000,1,1,1,1,6,1,1,1,1,5
SF,IH2006,2019-11-12 09:33:46.800,2964.4000,1301,0,20467500.000,0,-,-,-,-,2962.4000,2962.0000,2960.2000,2956.4000,2953.0000,2964.0000,2966.0000,2970.0000,2970.4000,2971.6000,1,1,1,6,1,1,1,1,1,5
SF,IH2006,2019-11-12 09:33:47.300,2964.4000,1301,0,20467500.000,0,-,-,-,-,2962.4000,2962.0000,2960.2000,2956.4000,2953.0000,2964.0000,2965.2000,2970.0000,2970.4000,2971.6000,1,1,1,6,1,1,1,1,1,5
SF,IH2006,2019-11-12 09:33:49.800,2964.4000,1301,0,20467500.000,0,-,-,-,-,2962.4000,2962.0000,2960.2000,2956.4000,2953.0000,2964.0000,2964.4000,2970.0000,2970.4000,2971.6000,1,1,1,6,1,1,1,1,1,5
SF,IH2006,2019-11-12 09:33:51.800,2964.4000,1301,0,20467500.000,0,-,-,-,-,2962.0000,2960.2000,2956.4000,2953.0000,2950.8000,2964.0000,2964.4000,2970.0000,2970.4000,2971.6000,1,1,6,1,1,1,1,1,1,5
SF,IH2006,2019-11-12 09:33:52.300,2964.4000,1301,0,20467500.000,0,-,-,-,-,2960.2000,2956.4000,2953.0000,2950.8000,2950.0000,2964.0000,2964.4000,2970.0000,2970.4000,2971.6000,1,6,1,1,1,1,1,1,1,5
SF,IH2006,2019-11-12 09:33:52.800,2964.4000,1301,0,20467500.000,0,-,-,-,-,2960.4000,2960.2000,2956.4000,2953.0000,2950.8000,2964.0000,2964.4000,2970.0000,2970.4000,2971.6000,1,1,6,1,1,1,1,1,1,5
SF,IH2006,2019-11-12 09:33:53.300,2964.4000,1301,0,20467500.000,0,-,-,-,-,2960.6000,2960.4000,2960.2000,2956.4000,2953.0000,2964.0000,2964.4000,2970.0000,2970.4000,2971.6000,1,1,1,6,1,1,1,1,1,5
SF,IH2006,2019-11-12 09:33:53.800,2964.4000,1301,0,20467500.000,0,-,-,-,-,2960.8000,2960.6000,2960.2000,2956.4000,2953.0000,2964.0000,2964.4000,2970.0000,2970.4000,2971.6000,1,1,1,6,1,1,1,1,1,5
SF,IH2006,2019-11-12 09:33:54.300,2964.4000,1301,0,20467500.000,0,-,-,-,-,2961.0000,2960.8000,2960.6000,2960.2000,2956.4000,2964.0000,2964.4000,2970.0000,2970.4000,2971.6000,4,1,1,1,6,1,1,1,1,5
SF,IH2006,2019-11-12 09:33:54.800,2964.4000,1301,0,20467500.000,0,-,-,-,-,2961.2000,2961.0000,2960.6000,2960.2000,2956.4000,2964.0000,2965.2000,2970.0000,2970.4000,2971.6000,1,4,1,1,6,1,1,1,1,5
SF,IH2006,2019-11-12 09:33:55.300,2964.4000,1301,0,20467500.000,0,-,-,-,-,2961.4000,2961.2000,2961.0000,2960.6000,2960.2000,2964.0000,2965.2000,2970.0000,2970.4000,2971.6000,1,1,4,1,1,1,1,1,1,5
SF,IH2006,2019-11-12 09:33:55.800,2964.4000,1301,0,20467500.000,0,-,-,-,-,2961.6000,2961.4000,2961.0000,2960.6000,2960.2000,2964.0000,2966.0000,2970.0000,2970.4000,2971.6000,1,1,4,1,1,1,1,1,1,5
SF,IH2006,2019-11-12 09:33:56.300,2964.4000,1301,0,20467500.000,0,-,-,-,-,2961.8000,2961.6000,2961.4000,2961.0000,2960.6000,2964.0000,2966.0000,2970.0000,2970.4000,2971.6000,1,1,1,3,1,1,1,1,1,5
SF,IH2006,2019-11-12 09:33:56.800,2964.4000,1301,0,20467500.000,0,-,-,-,-,2961.8000,2961.4000,2961.0000,2960.6000,2960.2000,2964.0000,2966.0000,2970.0000,2970.4000,2971.6000,1,1,3,1,1,1,1,1,1,5
SF,IH2006,2019-11-12 09:34:00.300,2964.4000,1301,0,20467500.000,0,-,-,-,-,2962.0000,2961.8000,2961.4000,2961.0000,2960.6000,2964.0000,2966.0000,2970.0000,2970.4000,2971.6000,1,1,1,3,1,1,1,1,1,5
SF,IH2006,2019-11-12 09:34:00.800,2964.4000,1301,0,20467500.000,0,-,-,-,-,2962.2000,2962.0000,2961.8000,2961.4000,2961.0000,2963.8000,2964.0000,2965.2000,2970.0000,2970.4000,1,1,1,1,3,1,1,1,1,1
SF,IH2006,2019-11-12 09:34:01.300,2964.4000,1301,0,20467500.000,0,-,-,-,-,2962.2000,2961.8000,2961.4000,2961.0000,2960.2000,2963.6000,2963.8000,2965.6000,2970.0000,2970.4000,1,1,1,3,1,1,1,1,1,1
SF,IH2006,2019-11-12 09:34:01.800,2964.4000,1301,0,20467500.000,0,-,-,-,-,2962.2000,2961.8000,2961.4000,2961.0000,2960.2000,2965.6000,2970.0000,2970.4000,2971.6000,2973.0000,1,1,1,3,1,1,1,1,5,1
SF,IH2006,2019-11-12 09:34:02.300,2964.4000,1301,0,20467500.000,0,-,-,-,-,2962.2000,2961.8000,2961.4000,2961.0000,2960.2000,2965.4000,2965.6000,2970.0000,2970.4000,2971.6000,1,1,1,3,1,2,1,1,1,5
SF,IH2006,2019-11-12 09:34:04.300,2964.4000,1301,0,20467500.000,0,-,-,-,-,2964.4000,2962.4000,2962.2000,2961.8000,2961.4000,2965.4000,2965.6000,2970.0000,2970.4000,2971.6000,2,1,1,1,1,2,1,1,1,5
SF,IH2006,2019-11-12 09:34:04.800,2964.4000,1301,0,21356820.000,1,0,1,多换,S,2964.4000,2962.4000,2962.2000,2961.8000,2961.4000,2965.4000,2965.6000,2970.0000,2970.4000,2971.6000,1,1,1,1,1,2,1,1,1,5
SF,IH2006,2019-11-12 09:34:05.300,2964.4000,1301,0,22246140.000,1,0,1,多换,S,2962.4000,2962.2000,2961.8000,2961.4000,2961.0000,2965.2000,2965.6000,2970.0000,2970.4000,2971.6000,1,1,1,1,3,2,1,1,1,5
SF,IH2006,2019-11-12 09:34:05.800,2964.4000,1301,0,22246140.000,0,-,-,-,-,2962.6000,2962.4000,2962.2000,2961.8000,2961.4000,2965.2000,2965.6000,2970.0000,2970.4000,2971.6000,1,1,1,1,1,2,1,1,1,5
SF,IH2006,2019-11-12 09:34:06.300,2964.4000,1301,0,22246140.000,0,-,-,-,-,2962.8000,2962.6000,2962.4000,2962.2000,2961.8000,2965.2000,2965.6000,2970.0000,2970.4000,2971.6000,1,1,1,1,1,2,1,1,1,5
SF,IH2006,2019-11-12 09:34:06.800,2964.4000,1301,0,22246140.000,0,-,-,-,-,2963.0000,2962.8000,2962.6000,2962.4000,2962.2000,2965.2000,2965.6000,2970.0000,2970.4000,2971.6000,1,1,1,1,1,2,1,1,1,5
SF,IH2006,2019-11-12 09:34:07.300,2964.4000,1301,0,22246140.000,0,-,-,-,-,2963.0000,2962.8000,2962.6000,2962.4000,2962.2000,2965.2000,2970.0000,2970.4000,2971.6000,2973.0000,1,1,1,1,1,2,1,1,5,1
SF,IH2006,2019-11-12 09:34:07.800,2964.4000,1301,0,22246140.000,0,-,-,-,-,2963.0000,2962.6000,2962.4000,2962.2000,2961.8000,2965.2000,2970.0000,2970.4000,2971.6000,2973.0000,1,1,1,1,1,2,1,1,5,1
SF,IH2006,2019-11-12 09:34:09.300,2964.4000,1301,0,22246140.000,0,-,-,-,-,2963.2000,2963.0000,2962.6000,2962.4000,2962.2000,2965.2000,2970.0000,2970.4000,2971.6000,2973.0000,1,1,1,1,1,2,1,1,5,1
SF,IH2006,2019-11-12 09:34:09.800,2964.4000,1301,0,22246140.000,0,-,-,-,-,2963.4000,2963.2000,2963.0000,2962.6000,2962.4000,2965.2000,2970.0000,2970.4000,2971.6000,2973.0000,1,1,1,1,1,1,1,1,5,1
SF,IH2006,2019-11-12 09:34:11.800,2964.4000,1301,0,22246140.000,0,-,-,-,-,2963.2000,2962.6000,2962.4000,2962.2000,2961.0000,2965.2000,2970.0000,2970.4000,2971.6000,2973.0000,1,1,1,1,2,1,1,1,5,1
SF,IH2006,2019-11-12 09:34:12.300,2964.4000,1301,0,22246140.000,0,-,-,-,-,2962.6000,2962.4000,2962.2000,2961.0000,2960.2000,2965.2000,2970.0000,2970.4000,2971.6000,2973.0000,1,1,1,2,1,1,1,1,5,1
SF,IH2006,2019-11-12 09:34:15.800,2964.4000,1301,0,22246140.000,0,-,-,-,-,2962.4000,2962.2000,2961.0000,2960.2000,2956.4000,2965.2000,2970.0000,2970.4000,2971.6000,2973.0000,1,1,2,1,6,1,1,1,5,1
SF,IH2006,2019-11-12 09:34:16.300,2964.4000,1301,0,22246140.000,0,-,-,-,-,2962.6000,2962.2000,2961.0000,2960.2000,2956.4000,2965.2000,2970.0000,2970.4000,2971.6000,2973.0000,1,1,2,1,6,1,1,1,5,1
SF,IH2006,2019-11-12 09:34:18.800,2964.4000,1301,0,22246140.000,0,-,-,-,-,2960.2000,2956.4000,2950.8000,2950.0000,2949.8000,2965.0000,2965.2000,2970.0000,2970.4000,2971.6000,1,6,1,1,1,1,1,1,1,5
SF,IH2006,2019-11-12 09:34:19.300,2964.4000,1301,0,22246140.000,0,-,-,-,-,2960.4000,2960.2000,2956.4000,2950.8000,2950.0000,2964.8000,2970.0000,2970.4000,2971.6000,2973.0000,2,1,6,1,1,2,1,1,5,1
SF,IH2006,2019-11-12 09:34:19.800,2964.4000,1301,0,22246140.000,0,-,-,-,-,2961.0000,2960.6000,2960.4000,2960.2000,2956.4000,2964.8000,2970.0000,2970.4000,2971.6000,2973.0000,2,1,2,1,6,2,1,1,5,1
SF,IH2006,2019-11-12 09:34:20.300,2964.4000,1301,0,22246140.000,0,-,-,-,-,2961.2000,2961.0000,2960.6000,2960.2000,2956.4000,2964.6000,2964.8000,2970.0000,2970.4000,2971.6000,2,2,1,1,6,1,2,1,1,5
SF,IH2006,2019-11-12 09:34:20.800,2964.4000,1301,0,22246140.000,0,-,-,-,-,2961.4000,2961.2000,2961.0000,2960.6000,2960.2000,2964.4000,2964.6000,2970.0000,2970.4000,2971.6000,1,2,2,1,1,1,1,1,1,5
SF,IH2006,2019-11-12 09:34:21.300,2964.4000,1301,0,22246140.000,0,-,-,-,-,2961.6000,2961.4000,2961.2000,2961.0000,2960.6000,2964.4000,2964.6000,2970.0000,2970.4000,2971.6000,2,1,1,2,1,1,1,1,1,5
SF,IH2006,2019-11-12 09:34:21.800,2964.4000,1301,0,22246140.000,0,-,-,-,-,2961.6000,2961.4000,2961.2000,2961.0000,2960.6000,2964.4000,2970.0000,2970.4000,2971.6000,2973.0000,2,1,1,2,1,1,1,1,5,1
SF,IH2006,2019-11-12 09:34:22.300,2964.4000,1301,0,22246140.000,0,-,-,-,-,2961.6000,2961.4000,2961.2000,2961.0000,2960.6000,2964.2000,2964.4000,2970.0000,2970.4000,2971.6000,2,1,1,2,1,1,1,1,1,5
SF,IH2006,2019-11-12 09:34:22.800,2964.4000,1301,0,22246140.000,0,-,-,-,-,2961.6000,2961.4000,2961.2000,2961.0000,2960.6000,2964.0000,2964.2000,2970.0000,2970.4000,2971.6000,2,1,1,2,1,1,1,1,1,5
SF,IH2006,2019-11-12 09:34:23.300,2964.4000,1301,0,22246140.000,0,-,-,-,-,2961.8000,2961.6000,2961.2000,2961.0000,2960.6000,2964.0000,2964.2000,2970.0000,2970.4000,2971.6000,1,2,1,2,1,1,1,1,1,5
SF,IH2006,2019-11-12 09:34:23.800,2964.4000,1301,0,22246140.000,0,-,-,-,-,2962.0000,2961.8000,2961.6000,2961.2000,2961.0000,2963.8000,2964.0000,2970.0000,2970.4000,2971.6000,1,1,2,1,2,1,1,1,1,5
SF,IH2006,2019-11-12 09:34:24.300,2964.4000,1301,0,22246140.000,0,-,-,-,-,2962.0000,2961.8000,2961.6000,2961.2000,2961.0000,2963.8000,2970.0000,2970.4000,2971.6000,2973.0000,1,1,1,1,2,1,1,1,5,1
SF,IH2006,2019-11-12 09:34:24.800,2964.4000,1301,0,22246140.000,0,-,-,-,-,2962.0000,2961.8000,2961.6000,2961.2000,2960.6000,2969.8000,2970.0000,2970.4000,2971.6000,2973.0000,1,1,1,1,1,1,1,1,5,1
SF,IH2006,2019-11-12 09:34:25.300,2964.4000,1301,0,22246140.000,0,-,-,-,-,2962.0000,2961.6000,2961.2000,2960.6000,2960.2000,2965.6000,2968.0000,2968.4000,2968.6000,2969.6000,1,1,1,1,1,3,2,1,3,3
SF,IH2006,2019-11-12 09:34:25.800,2964.4000,1301,0,22246140.000,0,-,-,-,-,2962.0000,2961.6000,2961.2000,2960.6000,2960.2000,2965.4000,2965.6000,2968.0000,2968.4000,2969.6000,1,1,1,1,1,1,3,2,1,1
SF,IH2006,2019-11-12 09:34:26.300,2964.4000,1301,0,22246140.000,0,-,-,-,-,2962.0000,2961.6000,2961.2000,2960.6000,2960.2000,2965.2000,2965.4000,2968.0000,2968.4000,2969.6000,1,1,1,1,1,2,1,2,1,1
SF,IH2006,2019-11-12 09:34:26.800,2964.4000,1301,0,22246140.000,0,-,-,-,-,2962.2000,2962.0000,2961.6000,2961.2000,2960.6000,2965.0000,2968.0000,2968.4000,2969.6000,2969.8000,1,1,1,1,1,1,2,1,1,1
SF,IH2006,2019-11-12 09:34:27.300,2964.4000,1301,0,22246140.000,0,-,-,-,-,2962.4000,2962.2000,2962.0000,2961.6000,2961.2000,2965.0000,2968.0000,2968.4000,2969.8000,2970.0000,1,1,1,1,1,1,2,1,1,1
SF,IH2006,2019-11-12 09:34:27.800,2964.4000,1301,0,22246140.000,0,-,-,-,-,2962.4000,2962.0000,2961.6000,2961.2000,2960.2000,2965.0000,2968.0000,2968.4000,2970.0000,2970.4000,1,1,1,1,1,1,2,1,1,1
SF,IH2006,2019-11-12 09:34:28.300,2964.4000,1301,0,22246140.000,0,-,-,-,-,2962.0000,2961.6000,2961.2000,2960.2000,2956.4000,2965.0000,2968.0000,2968.4000,2970.0000,2970.4000,1,1,1,1,6,1,2,1,1,1
SF,IH2006,2019-11-12 09:34:28.800,2964.4000,1301,0,22246140.000,0,-,-,-,-,2962.2000,2962.0000,2961.6000,2961.2000,2960.2000,2965.0000,2968.0000,2968.4000,2970.0000,2970.4000,1,1,1,1,1,1,2,1,1,1
SF,IH2006,2019-11-12 09:34:29.300,2964.4000,1301,0,22246140.000,0,-,-,-,-,2962.4000,2962.2000,2962.0000,2961.6000,2961.2000,2965.0000,2968.0000,2968.4000,2970.0000,2970.4000,1,1,1,1,1,1,2,1,1,1
SF,IH2006,2019-11-12 09:34:29.800,2964.4000,1301,0,22246140.000,0,-,-,-,-,2962.4000,2962.0000,2961.6000,2961.2000,2960.2000,2965.0000,2968.0000,2968.4000,2970.0000,2970.4000,1,1,1,1,1,1,2,1,1,1
SF,IH2006,2019-11-12 09:34:31.300,2964.4000,1301,0,22246140.000,0,-,-,-,-,2962.0000,2961.6000,2961.2000,2960.2000,2956.4000,2965.0000,2968.0000,2968.4000,2970.0000,2970.4000,1,1,1,1,6,1,2,1,1,1
SF,IH2006,2019-11-12 09:34:35.800,2964.4000,1301,0,22246140.000,0,-,-,-,-,2961.2000,2960.2000,2956.4000,2950.8000,2950.0000,2964.8000,2965.0000,2968.0000,2968.4000,2970.0000,1,1,6,1,1,1,1,2,1,1
SF,IH2006,2019-11-12 09:34:36.300,2964.4000,1301,0,22246140.000,0,-,-,-,-,2961.2000,2960.2000,2956.4000,2950.8000,2950.0000,2964.6000,2964.8000,2968.0000,2968.4000,2970.0000,1,1,6,1,1,2,1,2,1,1
SF,IH2006,2019-11-12 09:34:36.800,2964.4000,1301,0,22246140.000,0,-,-,-,-,2961.2000,2960.2000,2956.4000,2950.8000,2950.0000,2964.4000,2964.6000,2964.8000,2968.0000,2968.4000,1,1,6,1,1,1,2,1,2,1
SF,IH2006,2019-11-12 09:34:37.300,2964.4000,1301,0,22246140.000,0,-,-,-,-,2961.2000,2960.2000,2956.4000,2950.8000,2950.0000,2964.2000,2964.4000,2964.8000,2968.0000,2968.4000,1,1,6,1,1,2,1,1,2,1
SF,IH2006,2019-11-12 09:34:38.300,2964.4000,1301,0,22246140.000,0,-,-,-,-,2961.2000,2960.2000,2956.4000,2950.8000,2950.0000,2964.2000,2964.4000,2964.8000,2968.0000,2968.4000,1,1,6,1,1,2,1,1,2,1
SF,IH2006,2019-11-12 09:34:38.800,2964.4000,1301,0,22246140.000,0,-,-,-,-,2960.2000,2956.4000,2950.8000,2950.0000,2949.8000,2964.2000,2964.4000,2964.8000,2968.0000,2968.4000,1,6,1,1,1,2,1,1,2,1
SF,IH2006,2019-11-12 09:34:39.300,2964.4000,1301,0,22246140.000,0,-,-,-,-,2960.4000,2960.2000,2956.4000,2950.8000,2950.0000,2964.2000,2964.4000,2964.8000,2968.0000,2968.4000,1,1,6,1,1,2,1,1,2,1
SF,IH2006,2019-11-12 09:34:39.800,2964.4000,1301,0,22246140.000,0,-,-,-,-,2960.6000,2960.4000,2960.2000,2956.4000,2950.8000,2964.0000,2964.2000,2964.4000,2964.8000,2968.0000,1,1,1,6,1,1,2,1,1,2
SF,IH2006,2019-11-12 09:34:40.300,2964.4000,1301,0,22246140.000,0,-,-,-,-,2960.8000,2960.6000,2960.2000,2956.4000,2950.8000,2963.8000,2964.0000,2964.4000,2964.8000,2968.0000,1,1,1,6,1,1,1,1,1,2
SF,IH2006,2019-11-12 09:34:40.800,2964.4000,1301,0,22246140.000,0,-,-,-,-,2960.8000,2960.6000,2960.2000,2956.4000,2950.8000,2963.8000,2964.4000,2964.8000,2968.0000,2968.4000,1,1,1,6,1,1,1,1,2,1
SF,IH2006,2019-11-12 09:34:41.300,2964.4000,1301,0,22246140.000,0,-,-,-,-,2961.0000,2960.8000,2960.6000,2960.2000,2956.4000,2963.8000,2964.4000,2964.8000,2968.0000,2968.4000,1,1,1,1,6,1,1,1,2,1
SF,IH2006,2019-11-12 09:34:41.800,2964.4000,1301,0,22246140.000,0,-,-,-,-,2961.2000,2961.0000,2960.6000,2960.2000,2956.4000,2963.8000,2964.4000,2964.8000,2968.0000,2968.4000,1,1,1,1,6,1,1,1,2,1
SF,IH2006,2019-11-12 09:34:42.300,2964.4000,1301,0,22246140.000,0,-,-,-,-,2961.2000,2961.0000,2960.6000,2960.2000,2956.4000,2963.8000,2964.8000,2968.0000,2968.4000,2970.0000,1,2,1,1,6,1,1,2,1,1
SF,IH2006,2019-11-12 09:34:43.300,2964.4000,1301,0,22246140.000,0,-,-,-,-,2961.4000,2961.2000,2961.0000,2960.6000,2960.2000,2963.8000,2964.8000,2968.0000,2968.4000,2970.0000,1,1,1,1,1,1,1,2,1,1
SF,IH2006,2019-11-12 09:34:43.800,2964.4000,1301,0,22246140.000,0,-,-,-,-,2961.4000,2961.0000,2960.6000,2960.2000,2956.4000,2963.8000,2964.8000,2968.0000,2968.4000,2970.0000,1,1,1,1,6,1,1,2,1,1
SF,IH2006,2019-11-12 09:34:44.300,2964.4000,1301,0,22246140.000,0,-,-,-,-,2961.6000,2961.4000,2961.0000,2960.6000,2960.2000,2963.8000,2964.8000,2968.0000,2968.4000,2970.0000,1,1,1,1,1,1,1,2,1,1
SF,IH2006,2019-11-12 09:34:45.300,2964.4000,1301,0,22246140.000,0,-,-,-,-,2961.6000,2961.0000,2960.6000,2960.2000,2956.4000,2963.8000,2964.8000,2968.0000,2968.4000,2970.0000,1,1,1,1,6,1,1,2,1,1
SF,IH2006,2019-11-12 09:34:45.800,2964.4000,1301,0,22246140.000,0,-,-,-,-,2961.0000,2960.6000,2960.2000,2956.4000,2950.8000,2963.6000,2963.8000,2964.8000,2968.0000,2968.4000,1,1,1,6,1,2,1,1,2,1
SF,IH2006,2019-11-12 09:34:46.300,2964.4000,1301,0,22246140.000,0,-,-,-,-,2961.2000,2961.0000,2960.6000,2960.2000,2956.4000,2963.6000,2964.8000,2968.0000,2968.4000,2970.0000,1,1,1,1,6,2,1,2,1,1
SF,IH2006,2019-11-12 09:34:47.300,2964.4000,1301,0,22246140.000,0,-,-,-,-,2961.4000,2961.2000,2961.0000,2960.6000,2960.2000,2963.6000,2964.8000,2968.0000,2968.4000,2970.0000,1,1,1,1,1,2,1,2,1,1
SF,IH2006,2019-11-12 09:34:47.800,2964.4000,1301,0,22246140.000,0,-,-,-,-,2961.4000,2961.0000,2960.6000,2960.2000,2956.4000,2963.4000,2963.6000,2964.8000,2968.0000,2968.4000,1,1,1,1,6,1,2,1,2,1
SF,IH2006,2019-11-12 09:34:50.300,2964.4000,1301,0,22246140.000,0,-,-,-,-,2961.0000,2960.6000,2960.2000,2956.4000,2950.8000,2963.4000,2963.6000,2964.8000,2968.0000,2968.4000,1,1,1,6,1,1,2,1,2,1
SF,IH2006,2019-11-12 09:34:50.800,2964.4000,1301,0,22246140.000,0,-,-,-,-,2961.2000,2961.0000,2960.6000,2960.2000,2956.4000,2963.6000,2964.8000,2968.0000,2968.4000,2970.0000,1,1,1,1,6,2,1,2,1,1
SF,IH2006,2019-11-12 09:34:51.300,2964.4000,1301,0,22246140.000,0,-,-,-,-,2961.4000,2961.2000,2961.0000,2960.6000,2960.2000,2963.6000,2964.8000,2968.0000,2968.4000,2970.0000,1,1,1,1,1,2,1,2,1,1
SF,IH2006,2019-11-12 09:34:51.800,2964.4000,1301,0,22246140.000,0,-,-,-,-,2961.6000,2961.4000,2961.0000,2960.6000,2960.2000,2963.6000,2964.8000,2968.0000,2968.4000,2970.0000,1,1,1,1,1,1,1,2,1,1
SF,IH2006,2019-11-12 09:34:52.300,2964.4000,1301,0,22246140.000,0,-,-,-,-,2961.6000,2961.4000,2961.0000,2960.6000,2960.2000,2964.6000,2964.8000,2968.0000,2968.4000,2970.0000,1,1,1,1,1,1,1,2,1,1
SF,IH2006,2019-11-12 09:34:52.800,2964.4000,1301,0,22246140.000,0,-,-,-,-,2961.6000,2961.0000,2960.6000,2960.2000,2956.4000,2964.4000,2964.6000,2964.8000,2968.0000,2968.4000,1,1,1,1,6,2,1,1,2,1
SF,IH2006,2019-11-12 09:34:58.800,2964.4000,1301,0,22246140.000,0,-,-,-,-,2961.6000,2961.0000,2960.6000,2960.2000,2956.4000,2964.2000,2964.4000,2964.6000,2964.8000,2968.0000,1,1,1,1,6,1,2,1,1,2
SF,IH2006,2019-11-12 09:34:59.300,2964.4000,1301,0,22246140.000,0,-,-,-,-,2961.6000,2961.0000,2960.6000,2960.2000,2956.4000,2964.0000,2964.2000,2964.6000,2964.8000,2968.0000,1,1,1,1,6,1,1,1,1,2
SF,IH2006,2019-11-12 09:35:02.300,2964.4000,1301,0,22246140.000,0,-,-,-,-,2961.8000,2961.6000,2961.0000,2960.6000,2960.2000,2964.0000,2964.2000,2964.6000,2964.8000,2968.0000,1,1,1,1,1,1,1,1,1,2
SF,IH2006,2019-11-12 09:35:02.800,2964.4000,1301,0,22246140.000,0,-,-,-,-,2962.0000,2961.8000,2961.0000,2960.6000,2960.2000,2964.2000,2964.6000,2968.0000,2968.4000,2970.0000,1,1,1,1,1,1,1,2,1,1
SF,IH2006,2019-11-12 09:35:03.300,2964.4000,1301,0,22246140.000,0,-,-,-,-,2962.2000,2962.0000,2961.8000,2961.0000,2960.6000,2964.2000,2964.6000,2968.0000,2968.4000,2970.0000,1,1,1,1,1,1,1,2,1,1
SF,IH2006,2019-11-12 09:35:03.800,2964.4000,1301,0,22246140.000,0,-,-,-,-,2962.4000,2962.2000,2961.8000,2961.0000,2960.6000,2968.0000,2968.4000,2970.0000,2970.4000,2971.6000,1,1,1,1,1,2,1,1,1,5
SF,IH2006,2019-11-12 09:35:04.300,2964.4000,1301,0,22246140.000,0,-,-,-,-,2962.4000,2962.2000,2961.8000,2961.0000,2960.6000,2966.2000,2967.8000,2968.0000,2968.4000,2970.0000,1,1,1,1,1,3,2,2,1,1
SF,IH2006,2019-11-12 09:35:04.800,2964.4000,1301,0,22246140.000,0,-,-,-,-,2962.2000,2961.8000,2961.0000,2960.6000,2960.2000,2966.0000,2966.2000,2967.8000,2968.0000,2968.4000,1,1,1,1,1,1,3,2,2,1
SF,IH2006,2019-11-12 09:35:05.300,2964.4000,1301,0,22246140.000,0,-,-,-,-,2961.0000,2960.6000,2960.2000,2956.4000,2950.8000,2965.6000,2966.0000,2967.8000,2968.0000,2968.4000,1,1,1,6,1,3,1,2,2,1
SF,IH2006,2019-11-12 09:35:05.800,2964.4000,1301,0,22246140.000,0,-,-,-,-,2961.2000,2961.0000,2960.6000,2960.2000,2956.4000,2965.4000,2965.6000,2966.0000,2968.0000,2968.4000,1,1,1,1,6,1,3,1,2,1
SF,IH2006,2019-11-12 09:35:06.300,2964.4000,1301,0,22246140.000,0,-,-,-,-,2961.4000,2961.2000,2961.0000,2960.6000,2960.2000,2965.2000,2965.4000,2966.0000,2968.0000,2968.4000,1,1,3,1,1,2,1,1,2,1
SF,IH2006,2019-11-12 09:35:06.800,2964.4000,1301,0,22246140.000,0,-,-,-,-,2961.6000,2961.4000,2961.0000,2960.6000,2960.2000,2965.2000,2965.4000,2966.0000,2968.0000,2968.4000,1,1,3,1,1,2,1,1,2,1
SF,IH2006,2019-11-12 09:35:07.300,2964.4000,1301,0,22246140.000,0,-,-,-,-,2961.8000,2961.6000,2961.4000,2961.0000,2960.6000,2965.0000,2966.0000,2968.0000,2968.4000,2970.0000,1,1,1,3,1,1,1,2,1,1
SF,IH2006,2019-11-12 09:35:07.800,2964.4000,1301,0,22246140.000,0,-,-,-,-,2962.0000,2961.8000,2961.4000,2961.0000,2960.6000,2965.0000,2966.0000,2968.0000,2968.4000,2970.0000,2,1,1,3,1,1,1,2,1,1
SF,IH2006,2019-11-12 09:35:08.300,2964.4000,1301,0,22246140.000,0,-,-,-,-,2962.2000,2962.0000,2961.8000,2961.4000,2961.0000,2965.0000,2966.0000,2968.0000,2968.4000,2970.0000,1,2,1,1,3,1,1,2,1,1
SF,IH2006,2019-11-12 09:35:08.800,2964.4000,1301,0,22246140.000,0,-,-,-,-,2962.4000,2962.2000,2962.0000,2961.8000,2961.4000,2965.0000,2966.0000,2968.0000,2968.4000,2970.0000,1,1,1,1,1,1,1,2,1,1
SF,IH2006,2019-11-12 09:35:12.800,2964.4000,1301,0,22246140.000,0,-,-,-,-,2962.6000,2962.4000,2962.2000,2962.0000,2961.8000,2965.0000,2966.0000,2968.0000,2968.4000,2970.0000,1,1,1,1,1,1,1,2,1,1
SF,IH2006,2019-11-12 09:35:13.300,2964.4000,1301,0,22246140.000,0,-,-,-,-,2962.6000,2962.2000,2962.0000,2961.8000,2961.4000,2965.0000,2966.0000,2968.0000,2968.4000,2970.0000,1,1,1,1,1,1,1,2,1,1
SF,IH2006,2019-11-12 09:35:17.300,2964.4000,1301,0,22246140.000,0,-,-,-,-,2962.0000,2961.4000,2960.2000,2956.4000,2950.8000,2965.0000,2966.0000,2968.0000,2968.4000,2970.0000,1,1,1,6,1,1,1,2,1,1
SF,IH2006,2019-11-12 09:35:18.800,2964.4000,1301,0,22246140.000,0,-,-,-,-,2962.2000,2962.0000,2961.4000,2960.2000,2956.4000,2965.0000,2966.0000,2968.0000,2968.4000,2970.0000,1,1,1,1,6,1,1,2,1,1
SF,IH2006,2019-11-12 09:35:20.800,2964.4000,1301,0,22246140.000,0,-,-,-,-,2962.0000,2961.4000,2960.2000,2956.4000,2950.8000,2965.0000,2966.0000,2968.0000,2968.4000,2970.0000,1,1,1,6,1,1,1,2,1,1
SF,IH2006,2019-11-12 09:35:29.300,2964.4000,1301,0,22246140.000,0,-,-,-,-,2962.0000,2961.4000,2960.2000,2956.4000,2950.8000,2965.0000,2966.0000,2968.0000,2968.4000,2970.4000,1,1,1,6,1,1,1,2,1,1
SF,IH2006,2019-11-12 09:35:29.800,2964.4000,1301,0,22246140.000,0,-,-,-,-,2962.2000,2962.0000,2961.4000,2960.2000,2956.4000,2965.0000,2966.0000,2968.0000,2968.4000,2969.0000,2,1,1,1,6,1,1,2,1,1
SF,IH2006,2019-11-12 09:35:37.800,2964.4000,1301,0,22246140.000,0,-,-,-,-,2962.2000,2962.0000,2961.4000,2960.2000,2956.4000,2965.0000,2966.0000,2968.0000,2968.4000,2970.4000,2,1,1,1,6,1,1,2,1,1
SF,IH2006,2019-11-12 09:35:38.300,2964.4000,1301,0,22246140.000,0,-,-,-,-,2962.2000,2962.0000,2961.4000,2960.2000,2956.4000,2964.0000,2965.0000,2966.0000,2968.0000,2968.4000,2,1,1,1,6,1,1,1,2,1
SF,IH2006,2019-11-12 09:35:47.300,2964.0000,1301,0,23135340.000,1,0,1,多换,S,2962.2000,2962.0000,2961.4000,2960.2000,2956.4000,2965.0000,2966.0000,2968.0000,2968.4000,2970.4000,2,1,1,1,6,1,1,2,1,1
SF,IH2006,2019-11-12 09:35:49.800,2964.0000,1301,0,23135340.000,0,-,-,-,-,2962.4000,2962.2000,2962.0000,2961.4000,2960.2000,2965.0000,2966.0000,2968.0000,2968.4000,2970.4000,1,2,1,1,1,1,1,2,1,1
SF,IH2006,2019-11-12 09:35:50.300,2964.0000,1301,0,23135340.000,0,-,-,-,-,2962.6000,2962.4000,2962.2000,2962.0000,2961.4000,2965.0000,2966.0000,2968.0000,2968.4000,2970.4000,2,1,1,1,1,1,1,2,1,1
SF,IH2006,2019-11-12 09:35:50.800,2962.6000,1300,-1,24024120.000,1,0,1,双平,S,2962.6000,2962.4000,2962.2000,2962.0000,2961.4000,2965.0000,2966.0000,2968.0000,2968.4000,2970.4000,1,1,1,1,1,1,1,2,1,1
SF,IH2006,2019-11-12 09:35:51.300,2962.6000,1300,0,24912900.000,1,0,1,多换,S,2962.6000,2962.4000,2962.2000,2962.0000,2961.4000,2964.8000,2968.0000,2968.4000,2970.4000,2971.6000,1,1,1,1,1,1,2,1,1,5
SF,IH2006,2019-11-12 09:35:51.800,2962.6000,1300,0,24912900.000,0,-,-,-,-,2962.8000,2962.6000,2962.4000,2962.2000,2962.0000,2964.8000,2968.0000,2968.4000,2970.4000,2971.6000,1,1,1,1,1,1,2,1,1,5
SF,IH2006,2019-11-12 09:35:52.300,2962.6000,1300,0,24912900.000,0,-,-,-,-,2963.2000,2963.0000,2962.8000,2962.4000,2962.2000,2964.8000,2968.0000,2968.4000,2970.4000,2971.6000,1,1,2,1,1,1,2,1,1,5
SF,IH2006,2019-11-12 09:35:52.800,2964.8000,1299,-1,25802340.000,1,0,1,双平,S,2963.4000,2963.2000,2962.8000,2962.4000,2962.0000,2968.4000,2970.4000,2971.6000,2973.0000,2977.0000,2,1,1,1,1,1,1,5,1,2
SF,IH2006,2019-11-12 09:35:53.300,2964.8000,1299,0,25802340.000,0,-,-,-,-,2963.8000,2963.4000,2962.8000,2962.4000,2962.0000,2967.8000,2968.2000,2968.4000,2970.4000,2971.6000,1,3,1,1,1,3,3,1,1,5
SF,IH2006,2019-11-12 09:35:53.800,2964.8000,1299,0,25802340.000,0,-,-,-,-,2964.0000,2963.8000,2963.4000,2962.8000,2962.4000,2967.6000,2967.8000,2968.2000,2968.4000,2970.4000,1,1,1,1,1,1,3,3,1,1
SF,IH2006,2019-11-12 09:35:54.300,2964.8000,1299,0,25802340.000,0,-,-,-,-,2964.0000,2963.8000,2963.4000,2962.8000,2962.4000,2967.4000,2967.6000,2968.2000,2968.4000,2970.4000,1,1,1,1,1,2,1,3,1,1
SF,IH2006,2019-11-12 09:35:54.800,2964.8000,1299,0,25802340.000,0,-,-,-,-,2964.2000,2964.0000,2963.8000,2963.4000,2962.8000,2967.4000,2967.6000,2968.2000,2968.4000,2970.4000,1,1,1,1,1,2,1,1,1,1
SF,IH2006,2019-11-12 09:35:55.300,2964.8000,1299,0,25802340.000,0,-,-,-,-,2964.4000,2964.2000,2963.4000,2962.8000,2962.4000,2967.4000,2967.6000,2968.2000,2968.4000,2970.4000,1,2,1,1,1,2,1,1,1,1
SF,IH2006,2019-11-12 09:35:56.800,2964.8000,1299,0,25802340.000,0,-,-,-,-,2964.4000,2964.2000,2963.4000,2962.8000,2962.4000,2967.2000,2967.4000,2967.6000,2968.2000,2968.4000,1,2,1,1,1,1,2,1,1,1
SF,IH2006,2019-11-12 09:35:57.300,2964.8000,1299,0,25802340.000,0,-,-,-,-,2964.4000,2964.2000,2963.4000,2962.8000,2962.4000,2967.0000,2967.2000,2967.6000,2968.2000,2968.4000,1,2,1,1,1,1,1,1,1,1
SF,IH2006,2019-11-12 09:35:57.800,2964.8000,1299,0,25802340.000,0,-,-,-,-,2964.4000,2964.2000,2963.4000,2962.8000,2962.4000,2967.0000,2967.2000,2967.6000,2968.2000,2968.4000,1,1,1,1,1,1,1,1,1,1
SF,IH2006,2019-11-12 09:35:58.800,2964.8000,1299,0,25802340.000,0,-,-,-,-,2964.4000,2964.2000,2963.4000,2962.8000,2962.4000,2967.0000,2967.6000,2968.2000,2968.4000,2970.4000,1,1,1,1,1,1,1,1,1,1
SF,IH2006,2019-11-12 09:35:59.800,2964.8000,1299,0,25802340.000,0,-,-,-,-,2964.6000,2964.4000,2964.2000,2963.4000,2962.4000,2967.0000,2968.2000,2970.4000,2971.6000,2973.0000,1,1,1,1,1,1,1,1,5,1
SF,IH2006,2019-11-12 09:36:00.300,2964.8000,1299,0,25802340.000,0,-,-,-,-,2964.6000,2964.2000,2963.4000,2962.4000,2962.0000,2967.0000,2968.2000,2970.4000,2971.6000,2973.0000,1,1,1,1,1,1,1,1,5,1
SF,IH2006,2019-11-12 09:36:00.800,2964.8000,1299,0,25802340.000,0,-,-,-,-,2964.8000,2964.6000,2964.2000,2963.4000,2962.4000,2967.0000,2968.2000,2970.4000,2971.6000,2973.0000,1,1,1,1,1,1,1,1,5,1
SF,IH2006,2019-11-12 09:36:02.300,2964.8000,1299,0,25802340.000,0,-,-,-,-,2965.0000,2964.8000,2964.6000,2964.2000,2962.4000,2967.0000,2968.2000,2970.4000,2971.6000,2973.0000,1,1,1,1,1,1,1,1,5,1
SF,IH2006,2019-11-12 09:36:02.800,2964.8000,1299,0,25802340.000,0,-,-,-,-,2965.2000,2965.0000,2964.6000,2964.2000,2962.4000,2968.2000,2970.4000,2971.6000,2973.0000,2977.0000,1,1,1,1,1,1,1,5,1,2
SF,IH2006,2019-11-12 09:36:03.300,2964.8000,1299,0,25802340.000,0,-,-,-,-,2965.2000,2965.0000,2964.6000,2964.2000,2962.4000,2968.0000,2968.2000,2970.4000,2971.6000,2973.0000,1,1,1,1,1,1,1,1,5,1
SF,IH2006,2019-11-12 09:36:06.300,2964.8000,1299,0,25802340.000,0,-,-,-,-,2965.2000,2964.6000,2964.2000,2962.4000,2962.0000,2967.8000,2968.0000,2968.2000,2970.4000,2971.6000,1,1,1,1,1,1,1,1,1,5
SF,IH2006,2019-11-12 09:36:06.800,2964.8000,1299,0,25802340.000,0,-,-,-,-,2965.2000,2964.6000,2964.2000,2962.4000,2962.0000,2967.6000,2967.8000,2968.2000,2970.4000,2971.6000,1,1,1,1,1,1,1,1,1,5
SF,IH2006,2019-11-12 09:36:14.300,2964.8000,1299,0,25802340.000,0,-,-,-,-,2965.2000,2964.6000,2964.2000,2962.4000,2962.0000,2967.6000,2968.2000,2970.4000,2971.6000,2973.0000,1,1,1,1,1,1,1,1,5,1
SF,IH2006,2019-11-12 09:36:14.800,2964.8000,1299,0,25802340.000,0,-,-,-,-,2965.2000,2964.6000,2964.2000,2962.4000,2962.0000,2967.6000,2968.2000,2970.4000,2970.6000,2971.6000,1,1,1,1,1,1,1,1,1,5
SF,IH2006,2019-11-12 09:36:17.300,2964.8000,1299,0,25802340.000,0,-,-,-,-,2965.2000,2964.6000,2964.2000,2962.4000,2962.0000,2967.4000,2967.6000,2968.2000,2970.4000,2970.6000,1,1,1,1,1,1,1,1,1,1
SF,IH2006,2019-11-12 09:36:17.800,2964.8000,1299,0,25802340.000,0,-,-,-,-,2965.2000,2964.6000,2964.2000,2962.4000,2962.0000,2967.4000,2968.2000,2970.4000,2970.6000,2971.6000,1,1,1,1,1,1,1,1,1,5
SF,IH2006,2019-11-12 09:36:18.300,2964.8000,1299,0,25802340.000,0,-,-,-,-,2965.2000,2964.6000,2964.2000,2962.4000,2962.0000,2967.4000,2968.2000,2970.4000,2970.6000,2973.0000,1,1,1,1,1,1,1,1,1,1
SF,IH2006,2019-11-12 09:36:23.800,2964.8000,1299,0,25802340.000,0,-,-,-,-,2965.2000,2964.6000,2964.2000,2962.4000,2962.0000,2967.4000,2970.4000,2970.6000,2973.0000,2975.4000,1,1,1,1,1,1,1,1,1,5
SF,IH2006,2019-11-12 09:36:27.300,2964.8000,1299,0,25802340.000,0,-,-,-,-,2965.4000,2965.2000,2964.6000,2964.2000,2962.4000,2967.4000,2970.4000,2970.6000,2973.0000,2975.4000,1,1,1,1,1,1,1,1,1,5
SF,IH2006,2019-11-12 09:36:27.800,2964.8000,1299,0,25802340.000,0,-,-,-,-,2965.6000,2965.4000,2964.6000,2964.2000,2962.4000,2970.4000,2970.6000,2973.0000,2975.4000,2977.0000,1,1,1,1,1,1,1,1,5,2
SF,IH2006,2019-11-12 09:36:28.300,2964.8000,1299,0,25802340.000,0,-,-,-,-,2965.6000,2965.4000,2964.6000,2964.2000,2962.4000,2969.4000,2970.2000,2970.4000,2970.6000,2973.0000,1,1,1,1,1,3,2,1,1,1
SF,IH2006,2019-11-12 09:36:28.800,2964.8000,1299,0,25802340.000,0,-,-,-,-,2965.6000,2965.4000,2964.6000,2964.2000,2962.4000,2969.2000,2969.4000,2970.2000,2970.4000,2970.6000,1,1,1,1,1,1,3,2,1,1
SF,IH2006,2019-11-12 09:36:29.300,2964.8000,1299,0,25802340.000,0,-,-,-,-,2965.6000,2965.4000,2964.6000,2964.2000,2962.4000,2969.0000,2969.2000,2970.2000,2970.4000,2970.6000,1,1,1,1,1,2,1,2,1,1
SF,IH2006,2019-11-12 09:36:29.800,2964.8000,1299,0,25802340.000,0,-,-,-,-,2965.6000,2965.4000,2964.6000,2964.2000,2962.4000,2968.8000,2969.0000,2969.2000,2970.2000,2970.4000,1,1,1,1,1,1,2,1,2,1
SF,IH2006,2019-11-12 09:36:30.300,2964.8000,1299,0,25802340.000,0,-,-,-,-,2965.6000,2965.4000,2964.6000,2964.2000,2962.4000,2968.6000,2968.8000,2969.2000,2970.2000,2970.4000,1,1,1,1,1,2,1,1,2,1
SF,IH2006,2019-11-12 09:36:35.300,2964.8000,1299,0,25802340.000,0,-,-,-,-,2965.8000,2965.6000,2965.4000,2964.6000,2962.4000,2968.6000,2968.8000,2969.2000,2970.2000,2970.4000,1,1,1,1,1,2,1,1,2,1
SF,IH2006,2019-11-12 09:36:35.800,2964.8000,1299,0,25802340.000,0,-,-,-,-,2965.8000,2965.4000,2964.6000,2962.4000,2962.0000,2968.6000,2968.8000,2969.2000,2970.2000,2970.4000,1,1,1,1,1,2,1,1,2,1
SF,IH2006,2019-11-12 09:36:38.300,2964.8000,1299,0,25802340.000,0,-,-,-,-,2965.8000,2965.4000,2964.6000,2963.8000,2962.4000,2968.6000,2968.8000,2969.2000,2970.2000,2970.4000,1,1,1,1,1,2,1,1,2,1
SF,IH2006,2019-11-12 09:36:38.800,2964.8000,1299,0,25802340.000,0,-,-,-,-,2965.8000,2965.4000,2964.6000,2963.8000,2962.4000,2968.4000,2968.6000,2968.8000,2969.2000,2970.2000,1,1,1,1,1,1,2,1,1,2
SF,IH2006,2019-11-12 09:36:39.300,2964.8000,1299,0,25802340.000,0,-,-,-,-,2965.8000,2965.4000,2964.6000,2963.8000,2962.4000,2968.2000,2968.4000,2968.8000,2969.2000,2970.2000,1,1,1,1,1,1,1,1,1,2
SF,IH2006,2019-11-12 09:36:39.800,2964.8000,1299,0,25802340.000,0,-,-,-,-,2965.4000,2964.6000,2963.8000,2962.4000,2962.0000,2968.2000,2968.4000,2968.8000,2969.2000,2970.4000,1,1,1,1,1,1,1,1,1,1
SF,IH2006,2019-11-12 09:36:40.300,2964.8000,1299,0,25802340.000,0,-,-,-,-,2964.6000,2963.8000,2962.4000,2962.0000,2960.2000,2968.0000,2968.2000,2968.4000,2968.8000,2969.2000,1,1,1,1,1,1,1,1,1,1
SF,IH2006,2019-11-12 09:36:40.800,2964.8000,1299,0,25802340.000,0,-,-,-,-,2964.8000,2964.6000,2963.8000,2962.4000,2962.0000,2967.8000,2968.0000,2968.4000,2968.8000,2969.2000,1,1,1,1,1,2,1,1,1,1
SF,IH2006,2019-11-12 09:36:41.300,2964.8000,1299,0,25802340.000,0,-,-,-,-,2964.8000,2964.6000,2963.8000,2962.4000,2962.0000,2967.6000,2967.8000,2968.0000,2968.4000,2968.8000,1,1,1,1,1,1,2,1,1,1
SF,IH2006,2019-11-12 09:36:41.800,2964.8000,1299,0,25802340.000,0,-,-,-,-,2964.8000,2964.6000,2963.8000,2962.4000,2962.0000,2967.4000,2967.6000,2968.0000,2968.4000,2968.8000,1,1,1,1,1,1,1,1,1,1
SF,IH2006,2019-11-12 09:36:43.800,2964.8000,1299,0,25802340.000,0,-,-,-,-,2964.8000,2963.8000,2962.4000,2962.0000,2960.2000,2967.4000,2967.6000,2968.0000,2968.4000,2968.8000,1,1,1,1,1,1,1,1,1,1
SF,IH2006,2019-11-12 09:36:46.300,2964.8000,1299,0,25802340.000,0,-,-,-,-,2964.8000,2963.8000,2962.4000,2962.0000,2960.2000,2967.2000,2967.4000,2967.6000,2968.0000,2968.4000,1,1,1,1,1,1,1,1,1,1
SF,IH2006,2019-11-12 09:36:46.800,2964.8000,1299,0,25802340.000,0,-,-,-,-,2963.8000,2962.4000,2962.0000,2960.2000,2956.4000,2967.0000,2967.2000,2967.6000,2968.0000,2968.4000,1,1,1,1,6,1,1,1,1,1
SF,IH2006,2019-11-12 09:36:47.300,2964.8000,1299,0,25802340.000,0,-,-,-,-,2964.0000,2963.8000,2962.4000,2962.0000,2960.2000,2967.0000,2967.2000,2967.6000,2968.0000,2968.4000,1,1,1,1,1,1,1,1,1,1
SF,IH2006,2019-11-12 09:36:51.300,2964.8000,1299,0,25802340.000,0,-,-,-,-,2964.2000,2964.0000,2963.8000,2962.4000,2962.0000,2967.0000,2967.2000,2967.6000,2968.0000,2968.4000,1,1,1,1,1,1,1,1,1,1
SF,IH2006,2019-11-12 09:36:51.800,2964.8000,1299,0,25802340.000,0,-,-,-,-,2964.4000,2964.2000,2963.8000,2962.4000,2962.0000,2967.0000,2967.2000,2967.6000,2968.0000,2968.4000,1,1,1,1,1,1,1,1,1,1
SF,IH2006,2019-11-12 09:36:52.300,2964.8000,1299,0,25802340.000,0,-,-,-,-,2964.6000,2964.4000,2964.2000,2963.8000,2962.4000,2967.6000,2968.0000,2968.4000,2968.8000,2970.4000,1,1,1,1,1,1,1,1,1,1
SF,IH2006,2019-11-12 09:36:52.800,2964.8000,1299,0,25802340.000,0,-,-,-,-,2964.8000,2964.6000,2964.2000,2963.8000,2962.4000,2967.4000,2967.6000,2968.0000,2968.4000,2968.8000,1,1,1,1,1,1,1,1,1,1
SF,IH2006,2019-11-12 09:36:53.300,2964.8000,1299,0,25802340.000,0,-,-,-,-,2964.8000,2964.6000,2964.2000,2963.8000,2962.4000,2967.4000,2968.0000,2968.4000,2968.8000,2970.4000,1,1,1,1,1,1,1,1,1,1
SF,IH2006,2019-11-12 09:36:55.800,2964.8000,1299,0,25802340.000,0,-,-,-,-,2965.0000,2964.8000,2964.6000,2964.2000,2963.8000,2967.4000,2968.0000,2968.4000,2968.8000,2970.4000,1,1,1,1,1,1,1,1,1,1
SF,IH2006,2019-11-12 09:36:56.300,2964.8000,1299,0,25802340.000,0,-,-,-,-,2964.2000,2963.8000,2962.4000,2962.0000,2960.2000,2967.2000,2967.4000,2968.0000,2968.4000,2968.8000,1,1,1,1,1,1,1,1,1,1
SF,IH2006,2019-11-12 09:36:56.800,2964.8000,1299,0,25802340.000,0,-,-,-,-,2964.4000,2964.2000,2963.8000,2962.4000,2962.0000,2968.4000,2968.8000,2970.4000,2970.6000,2973.0000,2,1,1,1,1,1,1,1,1,1
SF,IH2006,2019-11-12 09:36:57.300,2964.8000,1299,0,25802340.000,0,-,-,-,-,2964.6000,2964.2000,2963.8000,2962.4000,2962.0000,2968.2000,2968.4000,2968.8000,2970.4000,2970.6000,2,1,1,1,1,2,2,1,1,1
SF,IH2006,2019-11-12 09:36:57.800,2964.8000,1299,0,25802340.000,0,-,-,-,-,2964.6000,2964.2000,2963.8000,2962.4000,2962.0000,2968.0000,2968.2000,2968.4000,2968.8000,2970.4000,2,1,1,1,1,1,2,1,1,1
SF,IH2006,2019-11-12 09:36:58.300,2964.8000,1299,0,25802340.000,0,-,-,-,-,2964.6000,2964.2000,2963.8000,2962.4000,2962.0000,2967.8000,2968.0000,2968.4000,2968.8000,2970.4000,2,1,1,1,1,2,1,1,1,1
SF,IH2006,2019-11-12 09:36:58.800,2964.8000,1299,0,25802340.000,0,-,-,-,-,2964.6000,2964.2000,2963.8000,2962.4000,2962.0000,2967.6000,2968.0000,2968.4000,2968.8000,2970.4000,2,1,1,1,1,1,1,1,1,1
SF,IH2006,2019-11-12 09:36:59.300,2964.8000,1299,0,25802340.000,0,-,-,-,-,2964.6000,2964.2000,2963.8000,2962.4000,2962.0000,2967.6000,2968.4000,2968.8000,2970.4000,2970.6000,2,1,1,1,1,1,1,1,1,1
SF,IH2006,2019-11-12 09:37:02.800,2964.8000,1299,0,25802340.000,0,-,-,-,-,2965.0000,2964.6000,2964.2000,2963.8000,2962.4000,2967.6000,2968.8000,2970.4000,2970.6000,2973.0000,1,2,1,1,1,1,1,1,1,1
SF,IH2006,2019-11-12 09:37:03.300,2964.8000,1299,0,25802340.000,0,-,-,-,-,2965.2000,2965.0000,2964.8000,2964.6000,2964.2000,2968.8000,2970.4000,2970.6000,2973.0000,2975.4000,3,1,1,1,1,1,1,1,1,5
SF,IH2006,2019-11-12 09:37:03.800,2964.8000,1299,0,25802340.000,0,-,-,-,-,2965.2000,2965.0000,2964.8000,2964.6000,2964.2000,2968.6000,2968.8000,2970.4000,2970.6000,2973.0000,3,1,1,1,1,1,1,1,1,1
SF,IH2006,2019-11-12 09:37:04.300,2964.8000,1299,0,25802340.000,0,-,-,-,-,2965.4000,2965.2000,2964.8000,2964.6000,2964.2000,2968.6000,2968.8000,2970.4000,2970.6000,2973.0000,1,3,1,1,1,1,1,1,1,1
SF,IH2006,2019-11-12 09:37:04.800,2964.8000,1299,0,25802340.000,0,-,-,-,-,2965.6000,2965.4000,2965.2000,2964.8000,2964.6000,2968.6000,2968.8000,2970.4000,2970.6000,2973.0000,1,1,1,1,1,1,1,1,1,1
SF,IH2006,2019-11-12 09:37:06.300,2964.8000,1299,0,25802340.000,0,-,-,-,-,2965.6000,2965.2000,2964.8000,2964.6000,2964.2000,2968.6000,2968.8000,2970.4000,2970.6000,2973.0000,1,1,1,1,1,1,1,1,1,1
SF,IH2006,2019-11-12 09:37:06.800,2964.8000,1299,0,25802340.000,0,-,-,-,-,2965.8000,2965.6000,2965.2000,2964.6000,2963.8000,2968.6000,2968.8000,2970.4000,2970.6000,2973.0000,1,1,1,1,1,1,1,1,1,1
SF,IH2006,2019-11-12 09:37:07.300,2964.8000,1299,0,25802340.000,0,-,-,-,-,2966.0000,2965.8000,2965.2000,2964.6000,2963.8000,2968.6000,2968.8000,2970.4000,2970.6000,2973.0000,1,1,1,1,1,1,1,1,1,1
SF,IH2006,2019-11-12 09:37:08.300,2964.8000,1299,0,25802340.000,0,-,-,-,-,2966.2000,2966.0000,2965.8000,2965.2000,2963.8000,2968.6000,2970.4000,2970.6000,2973.0000,2975.4000,1,1,1,1,1,1,1,1,1,5
SF,IH2006,2019-11-12 09:37:08.800,2964.8000,1299,0,25802340.000,0,-,-,-,-,2966.4000,2966.2000,2965.8000,2965.2000,2963.8000,2970.4000,2970.6000,2973.0000,2975.4000,2977.0000,1,1,1,1,1,1,1,1,5,2
SF,IH2006,2019-11-12 09:37:09.300,2964.8000,1299,0,25802340.000,0,-,-,-,-,2966.4000,2966.2000,2965.8000,2965.2000,2963.8000,2970.2000,2970.4000,2970.6000,2973.0000,2975.4000,1,1,1,1,1,2,1,1,1,5
SF,IH2006,2019-11-12 09:37:09.800,2964.8000,1299,0,25802340.000,0,-,-,-,-,2966.4000,2966.2000,2965.8000,2965.2000,2963.8000,2970.0000,2970.2000,2970.4000,2970.6000,2973.0000,1,1,1,1,1,1,2,1,1,1
SF,IH2006,2019-11-12 09:37:10.300,2964.8000,1299,0,25802340.000,0,-,-,-,-,2966.4000,2966.2000,2965.8000,2965.2000,2963.8000,2969.8000,2970.0000,2970.4000,2970.6000,2973.0000,1,1,1,1,1,2,1,1,1,1
SF,IH2006,2019-11-12 09:37:12.300,2964.8000,1299,0,25802340.000,0,-,-,-,-,2966.4000,2966.2000,2965.8000,2965.2000,2963.8000,2969.6000,2969.8000,2970.0000,2970.4000,2970.6000,1,1,1,1,1,1,2,1,1,1
SF,IH2006,2019-11-12 09:37:12.800,2964.8000,1299,0,25802340.000,0,-,-,-,-,2966.4000,2966.2000,2965.8000,2965.2000,2963.8000,2969.4000,2969.6000,2970.0000,2970.4000,2970.6000,1,1,1,1,1,2,1,1,1,1
SF,IH2006,2019-11-12 09:37:13.300,2964.8000,1299,0,25802340.000,0,-,-,-,-,2966.4000,2966.2000,2965.8000,2965.2000,2963.8000,2969.2000,2969.4000,2969.6000,2970.0000,2970.4000,1,1,1,1,1,1,2,1,1,1
SF,IH2006,2019-11-12 09:37:13.800,2964.8000,1299,0,25802340.000,0,-,-,-,-,2966.4000,2966.2000,2965.8000,2965.2000,2963.8000,2969.0000,2969.6000,2970.0000,2970.4000,2970.6000,1,1,1,1,1,1,1,1,1,1
SF,IH2006,2019-11-12 09:37:19.300,2964.8000,1299,0,25802340.000,0,-,-,-,-,2966.4000,2966.2000,2965.8000,2965.2000,2963.8000,2968.8000,2969.0000,2969.6000,2970.0000,2970.4000,1,1,1,1,1,1,1,1,1,1
SF,IH2006,2019-11-12 09:37:19.800,2964.8000,1299,0,25802340.000,0,-,-,-,-,2966.2000,2965.8000,2965.2000,2963.8000,2962.4000,2968.6000,2968.8000,2969.6000,2970.0000,2970.4000,1,1,1,1,1,1,1,1,1,1
SF,IH2006,2019-11-12 09:37:20.300,2964.8000,1299,0,25802340.000,0,-,-,-,-,2965.2000,2963.8000,2962.4000,2962.0000,2960.2000,2968.6000,2968.8000,2969.6000,2970.0000,2970.4000,1,1,1,1,1,1,1,1,1,1
SF,IH2006,2019-11-12 09:37:20.800,2964.8000,1299,0,25802340.000,0,-,-,-,-,2965.4000,2965.2000,2963.8000,2962.4000,2962.0000,2968.6000,2968.8000,2969.6000,2970.0000,2970.4000,1,1,1,1,1,1,1,1,1,1
SF,IH2006,2019-11-12 09:37:21.300,2964.8000,1299,0,25802340.000,0,-,-,-,-,2965.6000,2965.4000,2965.2000,2963.8000,2962.4000,2968.6000,2968.8000,2969.6000,2970.0000,2970.4000,1,1,1,1,1,1,1,1,1,1
SF,IH2006,2019-11-12 09:37:21.800,2964.8000,1299,0,25802340.000,0,-,-,-,-,2965.8000,2965.6000,2965.2000,2963.8000,2962.4000,2968.6000,2968.8000,2969.6000,2970.0000,2970.4000,1,1,1,1,1,1,1,1,1,1
SF,IH2006,2019-11-12 09:37:25.300,2964.8000,1299,0,25802340.000,0,-,-,-,-,2966.0000,2965.8000,2965.6000,2965.2000,2963.8000,2968.6000,2968.8000,2969.6000,2970.0000,2970.4000,1,1,1,1,1,1,1,1,1,1
SF,IH2006,2019-11-12 09:37:25.800,2964.8000,1299,0,25802340.000,0,-,-,-,-,2965.6000,2965.2000,2963.8000,2962.4000,2962.0000,2968.6000,2968.8000,2969.6000,2970.0000,2970.4000,1,1,1,1,1,1,1,1,1,1
SF,IH2006,2019-11-12 09:37:26.300,2964.8000,1299,0,25802340.000,0,-,-,-,-,2965.8000,2965.6000,2965.2000,2963.8000,2962.4000,2968.6000,2968.8000,2969.6000,2970.0000,2970.4000,1,1,1,1,1,1,1,1,1,1
SF,IH2006,2019-11-12 09:37:32.300,2964.8000,1299,0,25802340.000,0,-,-,-,-,2966.0000,2965.8000,2965.6000,2965.2000,2963.8000,2968.6000,2969.6000,2970.0000,2970.4000,2970.6000,1,1,1,1,1,1,1,1,1,1
SF,IH2006,2019-11-12 09:37:32.800,2964.8000,1299,0,25802340.000,0,-,-,-,-,2966.2000,2966.0000,2965.6000,2965.2000,2963.8000,2968.6000,2969.6000,2970.0000,2970.4000,2970.6000,1,1,1,1,1,1,1,1,1,1
SF,IH2006,2019-11-12 09:37:34.800,2964.8000,1299,0,25802340.000,0,-,-,-,-,2966.4000,2966.2000,2966.0000,2965.6000,2963.8000,2968.6000,2969.6000,2970.0000,2970.4000,2970.6000,1,1,1,1,1,1,1,1,1,1
SF,IH2006,2019-11-12 09:37:35.300,2964.8000,1299,0,25802340.000,0,-,-,-,-,2966.6000,2966.4000,2966.0000,2965.6000,2963.8000,2968.6000,2969.6000,2970.0000,2970.4000,2970.6000,1,1,1,1,1,1,1,1,1,1
SF,IH2006,2019-11-12 09:37:35.800,2964.8000,1299,0,25802340.000,0,-,-,-,-,2966.6000,2966.4000,2966.0000,2965.6000,2963.8000,2969.6000,2970.0000,2970.4000,2970.6000,2973.0000,1,1,1,1,1,1,1,1,1,1
SF,IH2006,2019-11-12 09:37:36.300,2964.8000,1299,0,25802340.000,0,-,-,-,-,2966.6000,2966.4000,2966.0000,2965.6000,2963.8000,2969.4000,2969.6000,2970.0000,2970.4000,2970.6000,1,1,1,1,1,1,1,1,1,1
SF,IH2006,2019-11-12 09:37:38.800,2964.8000,1299,0,25802340.000,0,-,-,-,-,2966.8000,2966.6000,2966.4000,2966.0000,2963.8000,2969.4000,2969.6000,2970.0000,2970.4000,2970.6000,1,1,1,1,1,1,1,1,1,1
SF,IH2006,2019-11-12 09:37:39.300,2964.8000,1299,0,25802340.000,0,-,-,-,-,2967.0000,2966.8000,2966.4000,2966.0000,2963.8000,2969.4000,2969.6000,2970.0000,2970.4000,2970.6000,1,1,1,1,1,1,1,1,1,1
SF,IH2006,2019-11-12 09:37:39.800,2964.8000,1299,0,25802340.000,0,-,-,-,-,2967.2000,2967.0000,2966.8000,2966.4000,2963.8000,2969.4000,2970.0000,2970.4000,2970.6000,2973.0000,1,1,1,1,1,1,1,1,1,1
SF,IH2006,2019-11-12 09:37:40.300,2964.8000,1299,0,25802340.000,0,-,-,-,-,2967.4000,2967.2000,2966.8000,2966.4000,2963.8000,2970.0000,2970.4000,2970.6000,2973.0000,2975.4000,1,1,1,1,1,1,1,1,1,5
SF,IH2006,2019-11-12 09:37:40.800,2964.8000,1299,0,25802340.000,0,-,-,-,-,2967.4000,2967.2000,2966.8000,2966.4000,2963.8000,2969.8000,2970.0000,2970.4000,2970.6000,2973.0000,1,1,1,1,1,1,1,1,1,1
SF,IH2006,2019-11-12 09:37:41.300,2964.8000,1299,0,25802340.000,0,-,-,-,-,2967.4000,2966.8000,2966.4000,2963.8000,2962.4000,2969.8000,2970.0000,2970.4000,2970.6000,2973.0000,1,1,1,1,1,1,1,1,1,1
SF,IH2006,2019-11-12 09:37:41.800,2964.8000,1299,0,25802340.000,0,-,-,-,-,2967.4000,2966.8000,2966.4000,2963.8000,2962.4000,2969.8000,2970.4000,2970.6000,2973.0000,2975.4000,1,1,1,1,1,1,1,1,1,5
SF,IH2006,2019-11-12 09:37:42.300,2964.8000,1299,0,25802340.000,0,-,-,-,-,2967.4000,2966.8000,2966.4000,2963.8000,2962.4000,2969.8000,2970.4000,2970.6000,2973.0000,2975.4000,1,1,1,1,1,1,1,1,1,5
SF,IH2006,2019-11-12 09:37:42.800,2964.8000,1299,0,25802340.000,0,-,-,-,-,2967.4000,2966.8000,2966.4000,2964.0000,2963.8000,2969.8000,2970.4000,2970.6000,2973.0000,2975.4000,1,1,1,6,1,1,1,1,1,5
SF,IH2006,2019-11-12 09:37:43.300,2964.8000,1299,0,25802340.000,0,-,-,-,-,2967.6000,2967.4000,2966.8000,2966.4000,2964.0000,2970.4000,2970.6000,2973.0000,2975.4000,2977.0000,1,1,1,1,6,1,1,1,5,2
SF,IH2006,2019-11-12 09:37:43.800,2964.8000,1299,0,25802340.000,0,-,-,-,-,2967.8000,2967.6000,2966.8000,2966.4000,2964.0000,2970.4000,2970.6000,2973.0000,2975.4000,2977.0000,1,1,1,1,6,1,1,1,5,2
SF,IH2006,2019-11-12 09:37:44.800,2964.8000,1299,0,25802340.000,0,-,-,-,-,2968.0000,2967.8000,2967.6000,2966.8000,2964.0000,2970.4000,2970.6000,2973.0000,2975.4000,2977.0000,1,1,1,1,6,1,1,1,5,2
SF,IH2006,2019-11-12 09:37:45.300,2964.8000,1299,0,25802340.000,0,-,-,-,-,2968.2000,2968.0000,2967.6000,2966.8000,2964.0000,2970.4000,2970.6000,2973.0000,2975.4000,2977.0000,1,1,1,1,6,1,1,1,5,2
SF,IH2006,2019-11-12 09:37:45.800,2964.8000,1299,0,25802340.000,0,-,-,-,-,2968.4000,2968.2000,2968.0000,2967.6000,2964.0000,2970.4000,2970.6000,2973.0000,2975.4000,2977.0000,1,1,1,1,6,1,1,1,5,2
SF,IH2006,2019-11-12 09:37:46.300,2964.8000,1299,0,25802340.000,0,-,-,-,-,2968.6000,2968.4000,2968.0000,2967.6000,2964.0000,2970.4000,2970.6000,2973.0000,2975.4000,2977.0000,1,1,1,1,6,1,1,1,5,2
SF,IH2006,2019-11-12 09:37:47.300,2964.8000,1299,0,25802340.000,0,-,-,-,-,2968.6000,2968.0000,2967.6000,2964.0000,2963.8000,2970.4000,2970.6000,2973.0000,2975.4000,2977.0000,1,1,1,6,1,1,1,1,5,2
SF,IH2006,2019-11-12 09:37:47.800,2964.8000,1299,0,25802340.000,0,-,-,-,-,2968.0000,2967.6000,2964.0000,2963.8000,2962.4000,2970.4000,2970.6000,2973.0000,2975.4000,2977.0000,1,1,6,1,1,1,1,1,5,2
SF,IH2006,2019-11-12 09:37:48.300,2964.8000,1299,0,25802340.000,0,-,-,-,-,2968.2000,2968.0000,2967.6000,2964.0000,2963.8000,2970.4000,2970.6000,2973.0000,2975.4000,2977.0000,1,1,1,6,1,1,1,1,5,2
SF,IH2006,2019-11-12 09:37:48.800,2964.8000,1299,0,25802340.000,0,-,-,-,-,2968.4000,2968.2000,2968.0000,2967.6000,2964.0000,2970.4000,2970.6000,2973.0000,2975.4000,2977.0000,1,1,1,1,6,1,1,1,5,2
SF,IH2006,2019-11-12 09:37:49.300,2964.8000,1299,0,25802340.000,0,-,-,-,-,2968.0000,2967.6000,2964.0000,2963.8000,2962.4000,2970.4000,2970.6000,2973.0000,2975.4000,2977.0000,1,1,6,1,1,1,1,1,5,2
SF,IH2006,2019-11-12 09:37:49.800,2964.8000,1299,0,25802340.000,0,-,-,-,-,2968.2000,2967.6000,2964.0000,2963.8000,2962.4000,2970.4000,2970.6000,2973.0000,2975.4000,2977.0000,1,1,6,1,1,1,1,1,5,2
SF,IH2006,2019-11-12 09:37:50.300,2964.8000,1299,0,25802340.000,0,-,-,-,-,2968.4000,2968.2000,2967.6000,2964.0000,2963.8000,2970.4000,2970.6000,2973.0000,2975.4000,2977.0000,1,1,1,6,1,1,1,1,5,2
SF,IH2006,2019-11-12 09:37:50.800,2964.8000,1299,0,25802340.000,0,-,-,-,-,2967.6000,2964.0000,2963.8000,2962.4000,2962.0000,2970.4000,2970.6000,2975.4000,2977.0000,2979.8000,1,6,1,1,1,1,1,5,2,1
SF,IH2006,2019-11-12 09:37:51.300,2964.8000,1299,0,25802340.000,0,-,-,-,-,2967.8000,2967.6000,2964.0000,2963.8000,2962.4000,2970.4000,2970.6000,2975.4000,2977.0000,2979.8000,1,1,6,1,1,1,1,5,2,1
SF,IH2006,2019-11-12 09:37:51.800,2964.8000,1299,0,25802340.000,0,-,-,-,-,2968.0000,2967.8000,2967.6000,2964.0000,2963.8000,2970.4000,2970.6000,2975.4000,2977.0000,2979.8000,1,1,1,6,1,1,1,5,2,1
SF,IH2006,2019-11-12 09:37:52.300,2964.8000,1299,0,25802340.000,0,-,-,-,-,2968.2000,2967.6000,2964.0000,2963.8000,2962.4000,2970.4000,2970.6000,2975.4000,2977.0000,2979.8000,1,1,6,1,1,1,1,5,2,1
SF,IH2006,2019-11-12 09:37:55.300,2964.8000,1299,0,25802340.000,0,-,-,-,-,2968.4000,2968.2000,2967.6000,2964.0000,2963.8000,2970.4000,2970.6000,2975.4000,2977.0000,2979.8000,1,1,1,6,1,1,1,5,2,1
SF,IH2006,2019-11-12 09:37:55.800,2964.8000,1299,0,25802340.000,0,-,-,-,-,2967.6000,2964.0000,2963.8000,2962.4000,2962.0000,2970.2000,2970.4000,2970.6000,2975.4000,2977.0000,1,6,1,1,1,1,1,1,5,2
SF,IH2006,2019-11-12 09:37:56.300,2964.8000,1299,0,25802340.000,0,-,-,-,-,2967.8000,2967.6000,2964.0000,2963.8000,2962.4000,2970.2000,2970.4000,2970.6000,2975.4000,2977.0000,1,1,6,1,1,1,1,1,5,2
SF,IH2006,2019-11-12 09:37:57.800,2964.8000,1299,0,25802340.000,0,-,-,-,-,2967.8000,2967.6000,2963.8000,2962.4000,2962.0000,2970.2000,2970.4000,2970.6000,2975.4000,2977.0000,1,1,1,1,1,1,1,1,5,2
SF,IH2006,2019-11-12 09:37:58.300,2964.8000,1299,0,25802340.000,0,-,-,-,-,2963.8000,2962.4000,2962.0000,2960.2000,2950.0000,2970.2000,2970.4000,2970.6000,2975.4000,2977.0000,1,1,1,7,1,2,1,1,5,2
SF,IH2006,2019-11-12 09:37:58.800,2964.8000,1299,0,25802340.000,0,-,-,-,-,2966.2000,2964.0000,2963.8000,2962.4000,2962.0000,2970.2000,2970.4000,2970.6000,2975.4000,2977.0000,3,5,1,1,1,2,1,1,5,2
SF,IH2006,2019-11-12 09:37:59.300,2964.8000,1299,0,25802340.000,0,-,-,-,-,2966.4000,2966.2000,2964.0000,2963.8000,2962.4000,2970.2000,2970.4000,2970.6000,2975.4000,2977.0000,1,3,2,1,1,2,1,1,5,2
SF,IH2006,2019-11-12 09:37:59.800,2964.8000,1299,0,25802340.000,0,-,-,-,-,2966.6000,2966.4000,2964.0000,2963.8000,2962.4000,2970.2000,2970.4000,2970.6000,2975.4000,2977.0000,2,1,2,1,1,2,1,1,5,2
SF,IH2006,2019-11-12 09:38:00.300,2964.8000,1299,0,25802340.000,0,-,-,-,-,2966.8000,2966.6000,2966.4000,2964.0000,2963.8000,2970.2000,2970.4000,2970.6000,2975.4000,2977.0000,1,2,1,2,1,2,1,1,5,2
SF,IH2006,2019-11-12 09:38:00.800,2964.8000,1299,0,25802340.000,0,-,-,-,-,2967.0000,2966.8000,2966.4000,2964.0000,2963.8000,2970.2000,2970.4000,2970.6000,2975.4000,2977.0000,2,1,1,2,1,2,1,1,5,2
SF,IH2006,2019-11-12 09:38:01.300,2964.8000,1299,0,25802340.000,0,-,-,-,-,2967.2000,2967.0000,2966.8000,2966.4000,2964.0000,2970.2000,2970.4000,2970.6000,2975.4000,2977.0000,1,2,1,1,2,2,1,1,5,2
SF,IH2006,2019-11-12 09:38:01.800,2964.8000,1299,0,25802340.000,0,-,-,-,-,2967.4000,2967.2000,2966.8000,2966.4000,2963.8000,2970.2000,2970.4000,2970.6000,2975.4000,2977.0000,1,1,1,1,1,2,1,1,5,2
SF,IH2006,2019-11-12 09:38:02.300,2964.8000,1299,0,25802340.000,0,-,-,-,-,2967.6000,2967.4000,2967.2000,2966.8000,2963.8000,2970.2000,2970.4000,2970.6000,2975.4000,2977.0000,1,1,1,1,1,2,1,1,5,2
SF,IH2006,2019-11-12 09:38:02.800,2964.8000,1299,0,25802340.000,0,-,-,-,-,2967.8000,2967.6000,2967.2000,2966.8000,2963.8000,2970.2000,2970.4000,2970.6000,2975.4000,2977.0000,1,1,1,1,1,2,1,1,5,2
SF,IH2006,2019-11-12 09:38:09.300,2964.8000,1299,0,25802340.000,0,-,-,-,-,2967.8000,2967.2000,2966.8000,2963.8000,2962.4000,2970.2000,2970.4000,2970.6000,2975.4000,2977.0000,1,1,1,1,1,2,1,1,5,2
SF,IH2006,2019-11-12 09:38:09.800,2964.8000,1299,0,25802340.000,0,-,-,-,-,2967.2000,2966.8000,2963.8000,2962.4000,2962.0000,2970.2000,2970.4000,2970.6000,2975.4000,2977.0000,1,1,1,1,1,2,1,1,5,2
SF,IH2006,2019-11-12 09:38:10.300,2964.8000,1299,0,25802340.000,0,-,-,-,-,2966.8000,2963.8000,2962.4000,2962.0000,2960.2000,2970.0000,2970.2000,2970.4000,2970.6000,2975.4000,1,1,1,1,7,1,2,1,1,5
SF,IH2006,2019-11-12 09:38:10.800,2964.8000,1299,0,25802340.000,0,-,-,-,-,2967.0000,2966.8000,2963.8000,2962.4000,2962.0000,2969.8000,2970.2000,2970.4000,2970.6000,2975.4000,1,1,1,1,1,1,1,1,1,5
SF,IH2006,2019-11-12 09:38:11.800,2964.8000,1299,0,25802340.000,0,-,-,-,-,2967.2000,2967.0000,2966.8000,2963.8000,2962.4000,2969.8000,2970.2000,2970.4000,2970.6000,2975.4000,1,1,1,1,1,1,1,1,1,5
SF,IH2006,2019-11-12 09:38:12.300,2964.8000,1299,0,25802340.000,0,-,-,-,-,2967.4000,2967.2000,2966.8000,2963.8000,2962.4000,2969.8000,2970.2000,2970.4000,2970.6000,2975.4000,1,1,1,1,1,1,1,1,1,5
SF,IH2006,2019-11-12 09:38:13.800,2964.8000,1299,0,25802340.000,0,-,-,-,-,2967.4000,2966.8000,2963.8000,2962.4000,2962.0000,2969.8000,2970.2000,2970.4000,2970.6000,2975.4000,1,1,1,1,1,1,1,1,1,5
SF,IH2006,2019-11-12 09:38:21.800,2964.8000,1299,0,25802340.000,0,-,-,-,-,2967.4000,2966.8000,2962.4000,2962.0000,2960.2000,2969.8000,2970.2000,2970.4000,2970.6000,2975.4000,1,1,1,1,7,1,1,1,1,5
SF,IH2006,2019-11-12 09:38:26.800,2969.8000,1299,0,26693280.000,1,0,1,多换,S,2967.4000,2966.8000,2962.4000,2962.0000,2960.2000,2970.2000,2970.4000,2970.6000,2971.6000,2975.4000,1,1,1,1,7,1,1,1,1,5
SF,IH2006,2019-11-12 09:38:27.300,2969.8000,1299,0,26693280.000,0,-,-,-,-,2967.4000,2966.8000,2962.4000,2962.0000,2960.2000,2969.8000,2970.2000,2970.4000,2970.6000,2975.4000,1,1,1,1,7,1,1,1,1,5
SF,IH2006,2019-11-12 09:38:29.800,2969.8000,1299,0,26693280.000,0,-,-,-,-,2967.6000,2967.4000,2966.8000,2962.4000,2962.0000,2969.8000,2970.2000,2970.4000,2970.6000,2975.4000,2,1,1,1,1,1,1,1,1,5
SF,IH2006,2019-11-12 09:38:30.300,2969.8000,1299,0,26693280.000,0,-,-,-,-,2967.8000,2967.6000,2966.8000,2962.0000,2960.2000,2969.8000,2970.2000,2970.4000,2970.6000,2975.4000,2,2,1,1,7,1,1,1,1,5
SF,IH2006,2019-11-12 09:38:30.800,2969.8000,1299,0,26693280.000,0,-,-,-,-,2968.0000,2967.8000,2967.6000,2966.8000,2962.0000,2969.8000,2970.2000,2970.4000,2970.6000,2975.4000,1,2,2,1,1,1,1,1,1,5
SF,IH2006,2019-11-12 09:38:31.300,2969.8000,1299,0,26693280.000,0,-,-,-,-,2968.2000,2968.0000,2967.6000,2966.8000,2962.0000,2969.8000,2970.2000,2970.4000,2970.6000,2975.4000,1,1,2,1,1,1,1,1,1,5
SF,IH2006,2019-11-12 09:38:31.800,2969.8000,1299,0,26693280.000,0,-,-,-,-,2968.2000,2968.0000,2967.6000,2966.8000,2962.0000,2969.8000,2970.2000,2970.4000,2970.6000,2975.4000,1,1,1,1,1,1,1,1,1,5
SF,IH2006,2019-11-12 09:38:35.800,2969.8000,1299,0,26693280.000,0,-,-,-,-,2968.2000,2967.6000,2966.8000,2962.0000,2960.2000,2969.8000,2970.2000,2970.4000,2970.6000,2975.4000,1,1,1,1,7,1,1,1,1,5
SF,IH2006,2019-11-12 09:38:36.800,2969.8000,1299,0,26693280.000,0,-,-,-,-,2968.2000,2966.8000,2962.0000,2960.2000,2950.0000,2969.8000,2970.2000,2970.4000,2970.6000,2975.4000,1,1,1,7,1,1,1,1,1,5
SF,IH2006,2019-11-12 09:38:38.800,2969.8000,1299,0,26693280.000,0,-,-,-,-,2968.2000,2966.8000,2962.0000,2960.2000,2950.0000,2969.6000,2969.8000,2970.2000,2970.4000,2970.6000,1,1,1,7,1,1,1,1,1,1
SF,IH2006,2019-11-12 09:38:39.300,2969.8000,1299,0,26693280.000,0,-,-,-,-,2966.8000,2962.0000,2960.2000,2950.0000,2949.8000,2969.6000,2969.8000,2970.2000,2970.4000,2970.6000,1,1,7,1,1,1,1,1,1,1
SF,IH2006,2019-11-12 09:38:39.800,2969.8000,1299,0,26693280.000,0,-,-,-,-,2967.0000,2966.8000,2962.0000,2960.2000,2950.0000,2969.6000,2969.8000,2970.2000,2970.4000,2970.6000,2,1,1,7,1,1,1,1,1,1
SF,IH2006,2019-11-12 09:38:44.300,2969.8000,1299,0,26693280.000,0,-,-,-,-,2967.2000,2967.0000,2966.8000,2962.0000,2960.2000,2969.6000,2969.8000,2970.2000,2970.4000,2970.6000,1,2,1,1,7,1,1,1,1,1
SF,IH2006,2019-11-12 09:38:44.800,2969.8000,1299,0,26693280.000,0,-,-,-,-,2967.4000,2967.2000,2966.8000,2962.0000,2960.2000,2969.6000,2969.8000,2970.2000,2970.4000,2970.6000,2,1,1,1,7,1,1,1,1,1
SF,IH2006,2019-11-12 09:38:46.300,2969.8000,1299,0,26693280.000,0,-,-,-,-,2968.2000,2967.4000,2967.2000,2966.8000,2962.0000,2969.6000,2969.8000,2970.2000,2970.4000,2970.6000,1,2,1,1,1,1,1,1,1,1
SF,IH2006,2019-11-12 09:38:46.800,2969.8000,1299,0,26693280.000,0,-,-,-,-,2968.4000,2968.2000,2967.2000,2966.8000,2962.0000,2969.6000,2969.8000,2970.2000,2970.4000,2970.6000,1,1,1,1,1,1,1,1,1,1
SF,IH2006,2019-11-12 09:38:48.300,2969.8000,1299,0,26693280.000,0,-,-,-,-,2968.4000,2968.2000,2967.2000,2966.8000,2962.0000,2969.8000,2970.2000,2970.4000,2970.6000,2975.4000,1,1,1,1,1,1,1,1,1,5
SF,IH2006,2019-11-12 09:39:05.800,2968.4000,1299,0,27583800.000,1,0,1,多换,S,2968.2000,2967.2000,2966.8000,2966.6000,2962.0000,2969.8000,2970.2000,2970.4000,2970.6000,2975.4000,1,1,1,1,1,1,2,1,1,5
SF,IH2006,2019-11-12 09:39:06.300,2968.4000,1299,0,27583800.000,0,-,-,-,-,2968.2000,2966.8000,2962.0000,2960.2000,2950.0000,2969.6000,2969.8000,2970.2000,2970.4000,2970.6000,1,1,1,7,1,1,1,1,1,1
SF,IH2006,2019-11-12 09:39:09.800,2968.4000,1299,0,27583800.000,0,-,-,-,-,2966.8000,2962.0000,2960.2000,2950.0000,2949.8000,2969.6000,2969.8000,2970.2000,2970.4000,2970.6000,1,1,7,1,1,1,1,1,1,1
SF,IH2006,2019-11-12 09:39:10.300,2968.4000,1299,0,27583800.000,0,-,-,-,-,2967.0000,2966.8000,2962.0000,2960.2000,2950.0000,2969.6000,2969.8000,2970.2000,2970.4000,2970.6000,1,1,1,7,1,1,1,1,1,1
SF,IH2006,2019-11-12 09:39:10.800,2968.4000,1299,0,27583800.000,0,-,-,-,-,2967.0000,2966.8000,2962.0000,2960.2000,2950.0000,2969.8000,2970.2000,2970.4000,2970.6000,2975.4000,1,1,1,7,1,1,1,1,1,5
SF,IH2006,2019-11-12 09:39:11.800,2968.4000,1299,0,27583800.000,0,-,-,-,-,2967.2000,2967.0000,2966.8000,2962.0000,2960.2000,2969.8000,2970.2000,2970.4000,2970.6000,2975.4000,1,1,1,1,7,1,1,1,1,5
SF,IH2006,2019-11-12 09:39:12.300,2968.4000,1299,0,27583800.000,0,-,-,-,-,2967.4000,2967.2000,2966.8000,2962.0000,2960.2000,2969.8000,2970.2000,2970.4000,2970.6000,2975.4000,2,1,1,1,7,1,1,1,1,5
SF,IH2006,2019-11-12 09:39:12.800,2968.4000,1299,0,27583800.000,0,-,-,-,-,2967.6000,2967.2000,2966.8000,2962.0000,2960.2000,2969.8000,2970.2000,2970.4000,2970.6000,2975.4000,2,1,1,1,7,1,1,1,1,5
SF,IH2006,2019-11-12 09:39:13.800,2968.4000,1299,0,27583800.000,0,-,-,-,-,2967.6000,2967.2000,2966.8000,2962.0000,2960.2000,2969.8000,2970.2000,2970.4000,2970.6000,2975.4000,1,1,1,1,7,1,1,1,1,5
SF,IH2006,2019-11-12 09:39:14.800,2968.4000,1299,0,27583800.000,0,-,-,-,-,2967.8000,2967.6000,2967.2000,2966.8000,2962.0000,2969.8000,2970.2000,2970.4000,2970.6000,2975.4000,1,1,1,1,1,1,1,1,1,5
SF,IH2006,2019-11-12 09:39:15.300,2968.4000,1299,0,27583800.000,0,-,-,-,-,2968.0000,2967.8000,2967.2000,2966.8000,2962.0000,2969.8000,2970.2000,2970.4000,2970.6000,2975.4000,1,1,1,1,1,1,1,1,1,5
SF,IH2006,2019-11-12 09:39:15.800,2969.8000,1299,0,28474740.000,1,0,1,多换,S,2968.2000,2968.0000,2967.8000,2967.2000,2962.0000,2970.2000,2970.4000,2970.6000,2975.4000,2977.0000,1,1,1,1,1,1,1,1,5,2
SF,IH2006,2019-11-12 09:39:16.300,2970.2000,1298,-1,29365800.000,1,0,1,双平,S,2968.4000,2968.2000,2967.8000,2967.2000,2962.0000,2970.4000,2970.6000,2975.4000,2977.0000,2979.8000,2,1,1,1,1,1,1,5,2,1
SF,IH2006,2019-11-12 09:39:16.800,2970.2000,1298,0,29365800.000,0,-,-,-,-,2968.6000,2968.4000,2968.2000,2967.8000,2962.0000,2970.4000,2970.6000,2975.4000,2977.0000,2979.8000,1,2,1,1,1,1,1,5,2,1
SF,IH2006,2019-11-12 09:39:17.300,2970.2000,1298,0,29365800.000,0,-,-,-,-,2968.8000,2968.6000,2968.2000,2967.8000,2962.0000,2970.4000,2970.6000,2975.4000,2977.0000,2979.8000,1,1,1,1,1,1,1,5,2,1
SF,IH2006,2019-11-12 09:39:17.800,2970.4000,1298,0,30256920.000,1,0,1,多换,S,2969.0000,2968.8000,2968.6000,2968.2000,2962.0000,2970.6000,2975.4000,2977.0000,2979.8000,2981.8000,1,1,1,1,1,1,5,2,1,1
SF,IH2006,2019-11-12 09:39:18.300,2970.4000,1298,0,30256920.000,0,-,-,-,-,2969.2000,2969.0000,2968.6000,2968.2000,2962.0000,2970.6000,2975.4000,2977.0000,2979.8000,2981.8000,1,1,1,1,1,1,5,2,1,1
SF,IH2006,2019-11-12 09:39:20.300,2970.4000,1298,0,30256920.000,0,-,-,-,-,2969.4000,2969.2000,2969.0000,2968.6000,2962.0000,2970.6000,2977.0000,2979.2000,2979.8000,2981.8000,1,1,1,1,1,1,2,5,1,1
SF,IH2006,2019-11-12 09:39:20.800,2970.4000,1298,0,30256920.000,0,-,-,-,-,2969.6000,2969.4000,2969.0000,2968.6000,2962.0000,2970.6000,2977.0000,2979.2000,2979.8000,2981.8000,1,1,1,1,1,1,2,5,1,1
SF,IH2006,2019-11-12 09:39:21.300,2970.4000,1298,0,30256920.000,0,-,-,-,-,2969.8000,2969.6000,2969.4000,2969.0000,2962.0000,2970.6000,2977.0000,2979.2000,2979.8000,2981.8000,1,1,1,1,1,1,2,5,1,1
SF,IH2006,2019-11-12 09:39:21.800,2970.6000,1298,0,31148100.000,1,0,1,多换,S,2970.0000,2969.8000,2969.4000,2969.0000,2962.0000,2977.0000,2979.2000,2979.8000,2981.8000,2983.0000,1,1,1,1,1,2,5,1,1,1
SF,IH2006,2019-11-12 09:39:22.300,2970.6000,1298,0,31148100.000,0,-,-,-,-,2970.0000,2969.8000,2969.4000,2969.0000,2962.0000,2973.8000,2975.0000,2975.8000,2976.6000,2976.8000,1,1,1,1,1,3,2,3,1,4
SF,IH2006,2019-11-12 09:39:22.800,2970.6000,1298,0,31148100.000,0,-,-,-,-,2970.0000,2969.8000,2969.4000,2969.0000,2962.0000,2973.6000,2973.8000,2975.0000,2975.8000,2976.6000,1,1,1,1,1,2,3,2,3,1
SF,IH2006,2019-11-12 09:39:23.300,2970.6000,1298,0,31148100.000,0,-,-,-,-,2970.0000,2969.4000,2969.0000,2962.0000,2960.2000,2973.4000,2973.6000,2975.0000,2975.8000,2976.6000,1,1,1,1,6,2,2,2,3,1
SF,IH2006,2019-11-12 09:39:23.800,2970.6000,1298,0,31148100.000,0,-,-,-,-,2969.0000,2962.0000,2960.2000,2950.0000,2949.8000,2973.2000,2973.4000,2973.6000,2975.0000,2975.8000,1,1,6,1,1,2,2,2,2,3
SF,IH2006,2019-11-12 09:39:24.300,2970.6000,1298,0,31148100.000,0,-,-,-,-,2969.2000,2969.0000,2962.0000,2960.2000,2950.0000,2973.0000,2973.2000,2973.6000,2975.0000,2975.8000,1,1,1,6,1,2,2,2,2,3
SF,IH2006,2019-11-12 09:39:24.800,2970.6000,1298,0,31148100.000,0,-,-,-,-,2969.4000,2969.2000,2969.0000,2962.0000,2960.2000,2972.8000,2973.0000,2973.2000,2973.6000,2975.0000,1,1,1,1,6,1,2,2,2,2
SF,IH2006,2019-11-12 09:39:25.300,2970.6000,1298,0,31148100.000,0,-,-,-,-,2969.6000,2969.4000,2969.0000,2962.0000,2960.2000,2972.6000,2972.8000,2973.2000,2973.6000,2975.0000,1,1,1,1,6,1,1,2,2,2
SF,IH2006,2019-11-12 09:39:26.300,2970.6000,1298,0,31148100.000,0,-,-,-,-,2969.8000,2969.6000,2969.4000,2969.0000,2962.0000,2972.6000,2972.8000,2973.2000,2973.6000,2975.0000,1,1,1,1,1,1,1,1,2,2
SF,IH2006,2019-11-12 09:39:26.800,2970.6000,1298,0,31148100.000,0,-,-,-,-,2969.0000,2962.0000,2960.2000,2950.0000,2949.8000,2972.6000,2972.8000,2973.2000,2973.6000,2975.0000,1,1,6,1,1,1,1,1,2,2
SF,IH2006,2019-11-12 09:39:27.300,2970.6000,1298,0,31148100.000,0,-,-,-,-,2969.2000,2969.0000,2962.0000,2960.2000,2950.0000,2972.6000,2972.8000,2973.2000,2973.6000,2975.0000,2,1,1,6,1,1,1,1,2,2
SF,IH2006,2019-11-12 09:39:27.800,2970.6000,1298,0,31148100.000,0,-,-,-,-,2969.4000,2969.2000,2969.0000,2962.0000,2960.2000,2972.6000,2972.8000,2973.2000,2973.6000,2975.0000,1,2,1,1,6,1,1,1,2,2
SF,IH2006,2019-11-12 09:39:28.300,2970.6000,1298,0,31148100.000,0,-,-,-,-,2969.6000,2969.4000,2969.0000,2962.0000,2960.2000,2972.6000,2972.8000,2973.2000,2973.6000,2975.0000,1,1,1,1,6,1,1,1,2,2
SF,IH2006,2019-11-12 09:39:28.800,2970.6000,1298,0,31148100.000,0,-,-,-,-,2969.8000,2969.6000,2969.4000,2969.0000,2962.0000,2972.6000,2972.8000,2973.2000,2973.6000,2975.0000,1,1,1,1,1,1,1,1,2,2
SF,IH2006,2019-11-12 09:39:29.300,2970.6000,1298,0,31148100.000,0,-,-,-,-,2970.0000,2969.4000,2969.0000,2962.0000,2960.2000,2972.6000,2972.8000,2973.2000,2973.6000,2975.0000,1,1,1,1,6,1,1,1,2,2
SF,IH2006,2019-11-12 09:39:31.300,2970.6000,1298,0,31148100.000,0,-,-,-,-,2970.2000,2970.0000,2969.4000,2969.0000,2962.0000,2972.6000,2972.8000,2973.2000,2973.6000,2975.0000,1,1,1,1,1,1,1,1,1,2
SF,IH2006,2019-11-12 09:39:31.800,2970.6000,1298,0,31148100.000,0,-,-,-,-,2970.4000,2970.2000,2969.4000,2969.0000,2962.0000,2972.6000,2972.8000,2973.2000,2973.6000,2975.0000,1,1,1,1,1,1,1,1,1,2
SF,IH2006,2019-11-12 09:39:32.800,2970.6000,1298,0,31148100.000,0,-,-,-,-,2970.4000,2969.4000,2969.0000,2962.0000,2960.2000,2972.6000,2972.8000,2973.2000,2973.6000,2975.0000,1,1,1,1,6,1,1,1,1,2
SF,IH2006,2019-11-12 09:39:33.300,2970.6000,1298,0,31148100.000,0,-,-,-,-,2970.4000,2969.4000,2969.0000,2962.0000,2960.2000,2973.2000,2973.6000,2975.0000,2976.6000,2976.8000,1,1,1,1,6,1,1,2,1,1
SF,IH2006,2019-11-12 09:39:33.800,2970.6000,1298,0,31148100.000,0,-,-,-,-,2970.4000,2969.4000,2969.0000,2962.0000,2960.2000,2973.0000,2973.2000,2973.6000,2975.0000,2976.6000,1,1,1,1,6,1,1,1,2,1
SF,IH2006,2019-11-12 09:39:39.300,2970.6000,1298,0,31148100.000,0,-,-,-,-,2970.4000,2969.4000,2969.0000,2962.0000,2960.2000,2973.0000,2973.6000,2975.0000,2976.6000,2976.8000,1,1,1,1,6,1,1,2,1,1
SF,IH2006,2019-11-12 09:39:39.800,2970.6000,1298,0,31148100.000,0,-,-,-,-,2970.4000,2969.4000,2969.0000,2962.0000,2960.2000,2973.6000,2975.0000,2976.6000,2976.8000,2977.0000,1,1,1,1,6,1,2,1,1,2
SF,IH2006,2019-11-12 09:39:40.300,2970.6000,1298,0,31148100.000,0,-,-,-,-,2970.4000,2969.4000,2969.0000,2962.0000,2960.2000,2973.4000,2973.6000,2975.0000,2976.6000,2976.8000,1,1,1,1,6,1,1,2,1,1
SF,IH2006,2019-11-12 09:39:40.800,2970.6000,1298,0,31148100.000,0,-,-,-,-,2970.6000,2970.4000,2969.4000,2969.0000,2962.0000,2973.4000,2973.6000,2975.0000,2976.6000,2976.8000,1,1,1,1,1,1,1,2,1,1
SF,IH2006,2019-11-12 09:39:41.300,2970.6000,1298,0,31148100.000,0,-,-,-,-,2970.8000,2970.6000,2969.4000,2969.0000,2962.0000,2973.4000,2973.6000,2975.0000,2976.6000,2976.8000,1,1,1,1,1,1,1,2,1,1
SF,IH2006,2019-11-12 09:39:42.800,2970.6000,1298,0,31148100.000,0,-,-,-,-,2970.8000,2969.4000,2969.0000,2962.0000,2960.2000,2973.4000,2973.6000,2975.0000,2976.6000,2976.8000,1,1,1,1,6,1,1,2,1,1
SF,IH2006,2019-11-12 09:39:43.300,2970.6000,1298,0,31148100.000,0,-,-,-,-,2969.4000,2969.0000,2962.0000,2960.2000,2950.0000,2973.4000,2973.6000,2975.0000,2976.6000,2976.8000,1,1,1,6,1,1,1,2,1,1
SF,IH2006,2019-11-12 09:39:43.800,2970.6000,1298,0,31148100.000,0,-,-,-,-,2969.6000,2969.4000,2969.0000,2962.0000,2960.2000,2973.4000,2973.6000,2975.0000,2976.6000,2976.8000,2,1,1,1,6,1,1,2,1,1
SF,IH2006,2019-11-12 09:39:44.300,2970.6000,1298,0,31148100.000,0,-,-,-,-,2969.8000,2969.6000,2969.4000,2969.0000,2962.0000,2973.4000,2973.6000,2975.0000,2976.6000,2976.8000,1,2,1,1,1,1,1,2,1,1
SF,IH2006,2019-11-12 09:39:44.800,2970.6000,1298,0,31148100.000,0,-,-,-,-,2970.0000,2969.8000,2969.4000,2969.0000,2962.0000,2973.4000,2973.6000,2975.0000,2976.6000,2976.8000,2,1,1,1,1,1,1,2,1,1
SF,IH2006,2019-11-12 09:39:45.300,2970.6000,1298,0,31148100.000,0,-,-,-,-,2970.0000,2969.8000,2969.4000,2969.0000,2962.0000,2973.2000,2973.4000,2973.6000,2975.0000,2976.6000,2,1,1,1,1,1,1,1,2,1
SF,IH2006,2019-11-12 09:39:45.800,2970.6000,1298,0,31148100.000,0,-,-,-,-,2970.0000,2969.8000,2969.4000,2969.0000,2962.0000,2973.0000,2973.2000,2973.6000,2975.0000,2976.6000,2,1,1,1,1,1,1,1,2,1
SF,IH2006,2019-11-12 09:39:46.300,2970.6000,1298,0,31148100.000,0,-,-,-,-,2970.2000,2970.0000,2969.8000,2969.4000,2962.0000,2973.0000,2973.6000,2975.0000,2976.6000,2976.8000,1,2,1,1,1,1,1,2,1,1
SF,IH2006,2019-11-12 09:39:46.800,2970.6000,1298,0,31148100.000,0,-,-,-,-,2970.4000,2970.2000,2969.8000,2969.4000,2962.0000,2973.0000,2973.6000,2975.0000,2976.6000,2976.8000,1,1,1,1,1,1,1,2,1,1
SF,IH2006,2019-11-12 09:39:47.300,2970.6000,1298,0,31148100.000,0,-,-,-,-,2970.6000,2970.4000,2970.2000,2969.8000,2962.0000,2973.6000,2975.0000,2976.6000,2976.8000,2977.0000,1,1,1,1,1,1,2,1,1,2
SF,IH2006,2019-11-12 09:39:47.800,2970.6000,1298,0,31148100.000,0,-,-,-,-,2970.8000,2970.6000,2970.2000,2969.8000,2962.0000,2973.4000,2973.6000,2975.0000,2976.6000,2976.8000,1,1,1,1,1,1,1,2,1,1
SF,IH2006,2019-11-12 09:39:51.300,2970.6000,1298,0,31148100.000,0,-,-,-,-,2970.8000,2970.2000,2969.8000,2962.0000,2960.2000,2973.2000,2973.4000,2973.6000,2975.0000,2976.6000,1,1,1,1,6,1,1,1,2,1
SF,IH2006,2019-11-12 09:39:51.800,2970.6000,1298,0,31148100.000,0,-,-,-,-,2970.2000,2969.8000,2962.0000,2960.2000,2950.0000,2973.0000,2973.2000,2973.6000,2975.0000,2976.6000,1,1,1,6,1,1,1,1,2,1
