市场代码,合约代码,时间,最新,持仓,增仓,成交额,成交量,开仓,平仓,成交类型,方向,买一价,买二价,买三价,买四价,买五价,卖一价,卖二价,卖三价,卖四价,卖五价,买一量,买二量,买三量,买四量,买五量,卖一量,卖二量,卖三量,卖四量,卖五量
SF,IH2006,2019-11-06 09:29:00.100,3033.4000,915,0,910020.000,1.000,-,-,-,-,3033.2000,3028.8000,3027.0000,3024.6000,3018.2000,3035.0000,3038.4000,3041.8000,3043.0000,3045.0000,1,1,5,1,1,1,1,1,2,3
SF,IH2006,2019-11-06 09:30:00.100,3033.4000,915,0,910020.000,0,-,-,-,-,3033.2000,3028.8000,3027.0000,3024.6000,3015.0000,3035.0000,3037.0000,3038.0000,3038.4000,3039.0000,1,1,1,1,1,1,1,2,1,2
SF,IH2006,2019-11-06 09:30:00.600,3033.2000,915,0,1819980.000,1,0,1,多换,S,3027.0000,3015.0000,3011.8000,3005.6000,2973.6000,3034.8000,3035.0000,3037.0000,3038.0000,3039.0000,1,1,1,4,6,1,1,1,2,2
SF,IH2006,2019-11-06 09:30:01.100,3033.2000,915,0,1819980.000,0,-,-,-,-,3027.2000,3027.0000,3015.0000,3011.8000,3005.6000,3033.2000,3034.6000,3034.8000,3035.0000,3037.0000,3,1,1,1,4,1,1,1,1,1
SF,IH2006,2019-11-06 09:30:01.600,3033.2000,915,0,1819980.000,0,-,-,-,-,3027.2000,3021.0000,3015.0000,3011.8000,3005.6000,3034.6000,3035.0000,3036.2000,3037.0000,3038.0000,1,5,1,1,4,1,1,5,1,2
SF,IH2006,2019-11-06 09:30:02.100,3033.2000,915,0,1819980.000,0,-,-,-,-,3027.2000,3021.0000,3015.0000,3011.8000,3005.6000,3034.4000,3034.6000,3035.0000,3036.2000,3037.0000,1,5,1,1,4,1,4,1,5,1
SF,IH2006,2019-11-06 09:30:02.600,3033.2000,915,0,1819980.000,0,-,-,-,-,3027.2000,3021.0000,3015.0000,3011.8000,3005.6000,3034.2000,3034.4000,3034.6000,3035.0000,3036.2000,1,5,1,1,4,1,1,4,1,5
SF,IH2006,2019-11-06 09:30:03.100,3033.2000,915,0,1819980.000,0,-,-,-,-,3027.2000,3021.0000,3015.0000,3011.8000,3005.6000,3034.0000,3034.2000,3034.6000,3035.0000,3036.2000,1,5,1,1,4,1,1,1,1,5
SF,IH2006,2019-11-06 09:30:03.600,3033.2000,915,0,1819980.000,0,-,-,-,-,3027.4000,3027.2000,3021.0000,3015.0000,3011.8000,3033.8000,3034.0000,3034.2000,3034.6000,3035.0000,1,1,5,1,1,1,1,1,1,1
SF,IH2006,2019-11-06 09:30:04.100,3033.2000,915,0,1819980.000,0,-,-,-,-,3027.6000,3027.4000,3021.0000,3015.0000,3011.8000,3033.8000,3034.2000,3034.6000,3035.0000,3036.2000,1,1,5,1,1,1,1,1,1,5
SF,IH2006,2019-11-06 09:30:06.100,3033.2000,915,0,1819980.000,0,-,-,-,-,3027.8000,3027.6000,3027.4000,3021.0000,3015.0000,3033.8000,3034.2000,3034.6000,3035.0000,3036.2000,1,1,1,5,1,1,1,1,1,5
SF,IH2006,2019-11-06 09:30:06.600,3033.2000,915,0,1819980.000,0,-,-,-,-,3028.0000,3027.8000,3027.4000,3021.0000,3015.0000,3033.8000,3034.2000,3034.6000,3035.0000,3036.2000,1,1,1,5,1,1,1,1,1,5
SF,IH2006,2019-11-06 09:30:08.600,3033.2000,915,0,1819980.000,0,-,-,-,-,3028.0000,3027.8000,3027.4000,3021.0000,3015.0000,3033.4000,3033.8000,3034.2000,3034.6000,3035.0000,1,1,1,5,1,1,1,1,1,1
SF,IH2006,2019-11-06 09:30:09.100,3033.2000,915,0,1819980.000,0,-,-,-,-,3028.0000,3027.8000,3027.4000,3021.0000,3015.0000,3033.2000,3033.4000,3033.8000,3034.2000,3034.6000,1,1,1,5,1,1,1,1,1,1
SF,IH2006,2019-11-06 09:30:10.100,3033.2000,915,0,1819980.000,0,-,-,-,-,3028.2000,3028.0000,3027.8000,3027.4000,3021.0000,3033.2000,3033.8000,3034.2000,3034.6000,3035.0000,1,1,1,1,5,1,1,1,1,1
SF,IH2006,2019-11-06 09:30:10.600,3033.2000,915,0,1819980.000,0,-,-,-,-,3033.0000,3028.4000,3028.2000,3027.8000,3027.4000,3033.2000,3033.8000,3034.2000,3034.6000,3035.0000,1,1,1,1,1,1,1,1,1,1
SF,IH2006,2019-11-06 09:30:11.100,3033.0000,915,0,2729880.000,1,0,1,多换,S,3027.8000,3027.4000,3021.0000,3015.0000,3011.8000,3033.2000,3033.8000,3034.2000,3034.6000,3035.0000,1,1,5,1,1,1,1,1,1,1
SF,IH2006,2019-11-06 09:30:11.600,3033.0000,915,0,2729880.000,0,-,-,-,-,3028.0000,3027.8000,3027.4000,3021.0000,3015.0000,3033.0000,3033.2000,3033.8000,3034.2000,3034.6000,4,1,1,5,1,3,1,1,1,1
SF,IH2006,2019-11-06 09:30:12.100,3033.0000,915,0,2729880.000,0,-,-,-,-,3028.0000,3027.8000,3027.4000,3021.0000,3015.0000,3032.8000,3033.0000,3033.2000,3033.8000,3034.2000,4,1,1,5,1,1,2,1,1,1
SF,IH2006,2019-11-06 09:30:13.100,3033.0000,915,0,2729880.000,0,-,-,-,-,3028.0000,3027.8000,3027.4000,3021.0000,3015.0000,3032.8000,3033.0000,3033.2000,3033.8000,3034.2000,4,1,1,5,1,2,1,1,1,1
SF,IH2006,2019-11-06 09:30:13.600,3033.0000,915,0,2729880.000,0,-,-,-,-,3028.0000,3027.8000,3027.4000,3021.0000,3015.0000,3032.6000,3032.8000,3033.0000,3033.2000,3033.8000,4,1,1,5,1,1,1,1,1,1
SF,IH2006,2019-11-06 09:30:15.100,3033.0000,915,0,2729880.000,0,-,-,-,-,3028.0000,3027.8000,3027.4000,3021.0000,3015.0000,3032.6000,3033.0000,3033.2000,3033.8000,3034.2000,4,1,1,5,1,1,1,1,1,1
SF,IH2006,2019-11-06 09:30:16.600,3033.0000,915,0,2729880.000,0,-,-,-,-,3028.0000,3027.8000,3027.4000,3021.0000,3015.0000,3032.6000,3033.0000,3033.2000,3033.8000,3034.2000,4,1,1,5,1,1,1,1,1,1
SF,IH2006,2019-11-06 09:30:18.100,3033.0000,915,0,2729880.000,0,-,-,-,-,3028.0000,3027.8000,3027.4000,3021.0000,3015.0000,3033.0000,3033.2000,3033.8000,3034.2000,3035.0000,4,1,1,5,1,1,1,1,1,1
SF,IH2006,2019-11-06 09:30:19.600,3033.0000,915,0,2729880.000,0,-,-,-,-,3028.2000,3028.0000,3027.8000,3027.4000,3021.0000,3033.0000,3033.2000,3033.8000,3034.2000,3035.0000,1,4,1,1,5,1,1,1,1,1
SF,IH2006,2019-11-06 09:30:20.100,3033.0000,915,0,2729880.000,0,-,-,-,-,3028.4000,3028.2000,3028.0000,3027.8000,3027.4000,3033.0000,3033.2000,3033.8000,3034.2000,3035.0000,4,1,2,1,1,1,1,1,1,1
SF,IH2006,2019-11-06 09:30:21.100,3033.0000,915,0,2729880.000,0,-,-,-,-,3029.0000,3028.4000,3028.0000,3027.8000,3027.4000,3033.0000,3033.2000,3033.8000,3034.2000,3035.0000,1,4,2,1,1,1,1,1,1,1
SF,IH2006,2019-11-06 09:30:21.600,3033.0000,915,0,2729880.000,0,-,-,-,-,3029.2000,3029.0000,3028.0000,3027.8000,3027.4000,3032.8000,3033.0000,3033.2000,3033.8000,3034.2000,1,1,2,1,1,1,1,1,1,1
SF,IH2006,2019-11-06 09:30:22.100,3033.0000,915,0,2729880.000,0,-,-,-,-,3029.2000,3028.0000,3027.8000,3027.4000,3021.0000,3032.8000,3033.0000,3033.2000,3033.8000,3034.2000,1,2,1,1,5,1,1,1,1,1
SF,IH2006,2019-11-06 09:30:22.600,3033.0000,915,0,2729880.000,0,-,-,-,-,3029.2000,3028.0000,3027.8000,3027.4000,3021.0000,3032.6000,3032.8000,3033.0000,3033.2000,3033.8000,1,2,1,1,5,1,1,1,1,1
SF,IH2006,2019-11-06 09:30:24.600,3033.0000,915,0,2729880.000,0,-,-,-,-,3029.2000,3027.8000,3027.4000,3021.0000,3015.0000,3032.6000,3032.8000,3033.0000,3033.2000,3033.8000,1,1,1,5,1,1,1,1,1,1
SF,IH2006,2019-11-06 09:30:25.600,3033.0000,915,0,2729880.000,0,-,-,-,-,3029.2000,3021.0000,3015.0000,3011.8000,3005.6000,3032.4000,3032.6000,3032.8000,3033.0000,3033.2000,1,5,1,1,4,1,1,1,1,1
SF,IH2006,2019-11-06 09:30:26.100,3033.0000,915,0,2729880.000,0,-,-,-,-,3029.2000,3021.0000,3015.0000,3011.8000,3005.6000,3032.2000,3032.4000,3032.8000,3033.0000,3033.2000,1,5,1,1,4,1,1,1,1,1
SF,IH2006,2019-11-06 09:30:26.600,3033.0000,915,0,2729880.000,0,-,-,-,-,3029.2000,3021.0000,3015.0000,3011.8000,3005.6000,3032.0000,3032.2000,3032.4000,3032.8000,3033.0000,1,5,1,1,4,1,1,1,1,1
SF,IH2006,2019-11-06 09:30:27.100,3033.0000,915,0,2729880.000,0,-,-,-,-,3029.2000,3021.0000,3015.0000,3011.8000,3005.6000,3031.8000,3032.0000,3032.4000,3032.8000,3033.0000,1,5,1,1,4,1,1,1,1,1
SF,IH2006,2019-11-06 09:30:27.600,3033.0000,915,0,2729880.000,0,-,-,-,-,3029.2000,3021.0000,3015.0000,3011.8000,3005.6000,3031.6000,3031.8000,3032.0000,3032.4000,3032.8000,1,5,1,1,4,1,1,1,1,1
SF,IH2006,2019-11-06 09:30:28.100,3033.0000,915,0,2729880.000,0,-,-,-,-,3029.2000,3021.0000,3015.0000,3011.8000,2989.0000,3031.4000,3031.6000,3032.0000,3032.4000,3032.8000,1,5,1,1,1,1,1,1,1,1
SF,IH2006,2019-11-06 09:30:28.600,3033.0000,915,0,2729880.000,0,-,-,-,-,3021.0000,3015.0000,3011.8000,2989.0000,2973.6000,3031.2000,3031.4000,3031.6000,3032.0000,3032.4000,5,1,1,1,6,1,1,1,1,1
SF,IH2006,2019-11-06 09:30:29.100,3033.0000,915,0,2729880.000,0,-,-,-,-,3027.0000,3024.0000,3021.2000,3021.0000,3015.0000,3031.2000,3031.6000,3032.0000,3032.4000,3035.0000,3,1,3,5,1,1,1,1,1,1
SF,IH2006,2019-11-06 09:30:29.600,3033.0000,915,0,2729880.000,0,-,-,-,-,3027.0000,3024.0000,3021.2000,3021.0000,3015.0000,3031.0000,3031.2000,3031.6000,3032.0000,3032.4000,3,1,3,5,1,1,1,1,1,1
SF,IH2006,2019-11-06 09:30:31.600,3033.0000,915,0,2729880.000,0,-,-,-,-,3027.0000,3024.0000,3021.2000,3021.0000,3015.0000,3031.0000,3031.6000,3032.0000,3032.4000,3035.0000,3,1,3,5,1,1,1,1,1,1
SF,IH2006,2019-11-06 09:30:34.100,3033.0000,915,0,2729880.000,0,-,-,-,-,3027.0000,3024.0000,3021.2000,3021.0000,3015.0000,3030.8000,3031.0000,3031.6000,3032.0000,3032.4000,3,1,3,5,1,1,1,1,1,1
SF,IH2006,2019-11-06 09:30:34.600,3033.0000,915,0,2729880.000,0,-,-,-,-,3027.0000,3024.0000,3021.2000,3021.0000,3015.0000,3031.6000,3032.0000,3032.4000,3035.0000,3036.2000,3,1,3,5,1,1,1,1,1,5
SF,IH2006,2019-11-06 09:30:35.100,3033.0000,915,0,2729880.000,0,-,-,-,-,3027.0000,3024.0000,3021.2000,3021.0000,3015.0000,3031.4000,3031.6000,3032.0000,3032.4000,3035.0000,3,1,3,5,1,1,1,1,1,1
SF,IH2006,2019-11-06 09:30:35.600,3033.0000,915,0,2729880.000,0,-,-,-,-,3027.0000,3024.0000,3021.2000,3021.0000,3015.0000,3031.2000,3031.4000,3031.6000,3032.0000,3032.4000,3,1,3,5,1,1,1,1,1,1
SF,IH2006,2019-11-06 09:30:36.100,3033.0000,915,0,2729880.000,0,-,-,-,-,3027.0000,3024.0000,3021.2000,3021.0000,3015.0000,3031.2000,3031.6000,3032.0000,3032.4000,3035.0000,3,1,3,5,1,1,1,1,1,1
SF,IH2006,2019-11-06 09:30:40.100,3033.0000,915,0,2729880.000,0,-,-,-,-,3027.2000,3027.0000,3024.0000,3021.2000,3021.0000,3031.6000,3032.0000,3032.4000,3035.0000,3036.2000,1,3,1,3,5,1,1,1,1,5
SF,IH2006,2019-11-06 09:30:40.600,3033.0000,915,0,2729880.000,0,-,-,-,-,3027.4000,3024.0000,3021.2000,3021.0000,3015.0000,3031.6000,3032.0000,3032.4000,3035.0000,3036.2000,3,1,3,5,1,1,1,1,1,5
SF,IH2006,2019-11-06 09:30:41.100,3033.0000,915,0,2729880.000,0,-,-,-,-,3027.4000,3024.0000,3021.2000,3021.0000,3015.0000,3032.4000,3035.0000,3036.2000,3037.0000,3038.0000,3,1,3,5,1,1,1,5,1,2
SF,IH2006,2019-11-06 09:30:41.600,3033.0000,915,0,2729880.000,0,-,-,-,-,3027.4000,3024.0000,3021.2000,3021.0000,3015.0000,3032.2000,3032.4000,3035.0000,3036.2000,3037.0000,3,1,3,5,1,1,1,1,5,1
SF,IH2006,2019-11-06 09:30:42.100,3033.0000,915,0,2729880.000,0,-,-,-,-,3027.4000,3024.0000,3021.2000,3021.0000,3015.0000,3032.2000,3035.0000,3036.2000,3037.0000,3038.0000,3,1,3,5,1,1,1,5,1,2
SF,IH2006,2019-11-06 09:30:42.600,3033.0000,915,0,2729880.000,0,-,-,-,-,3027.6000,3027.4000,3024.0000,3021.2000,3021.0000,3032.2000,3035.0000,3036.2000,3037.0000,3038.0000,1,3,1,3,5,1,1,5,1,2
SF,IH2006,2019-11-06 09:30:43.100,3033.0000,915,0,2729880.000,0,-,-,-,-,3028.0000,3027.6000,3024.0000,3021.2000,3021.0000,3032.2000,3035.0000,3036.2000,3037.0000,3038.0000,3,1,1,3,5,1,1,5,1,2
SF,IH2006,2019-11-06 09:30:45.600,3033.0000,915,0,2729880.000,0,-,-,-,-,3028.0000,3024.0000,3021.2000,3021.0000,3015.0000,3032.2000,3035.0000,3036.2000,3037.0000,3038.0000,3,1,3,5,1,1,1,5,1,2
SF,IH2006,2019-11-06 09:30:48.100,3033.0000,915,0,2729880.000,0,-,-,-,-,3028.0000,3024.0000,3021.2000,3021.0000,3015.0000,3032.0000,3032.2000,3035.0000,3036.2000,3037.0000,3,1,3,5,1,1,1,1,5,1
SF,IH2006,2019-11-06 09:30:48.600,3033.0000,915,0,2729880.000,0,-,-,-,-,3028.2000,3024.0000,3021.2000,3021.0000,3015.0000,3031.8000,3032.0000,3035.0000,3036.2000,3037.0000,2,1,3,5,1,1,1,1,5,1
SF,IH2006,2019-11-06 09:30:49.100,3033.0000,915,0,2729880.000,0,-,-,-,-,3028.2000,3024.0000,3021.2000,3021.0000,3018.4000,3031.6000,3031.8000,3032.0000,3035.0000,3036.2000,2,1,3,5,1,1,1,1,1,5
SF,IH2006,2019-11-06 09:30:49.600,3033.0000,915,0,2729880.000,0,-,-,-,-,3028.2000,3024.0000,3021.2000,3021.0000,3018.4000,3032.0000,3035.0000,3036.2000,3037.0000,3038.0000,2,1,3,5,1,1,1,5,1,2
SF,IH2006,2019-11-06 09:30:51.100,3033.0000,915,0,2729880.000,0,-,-,-,-,3028.2000,3024.0000,3021.2000,3021.0000,3018.4000,3035.0000,3036.2000,3037.0000,3038.0000,3039.0000,2,1,3,5,1,1,5,1,2,2
SF,IH2006,2019-11-06 09:30:51.600,3033.0000,915,0,2729880.000,0,-,-,-,-,3028.2000,3024.0000,3021.2000,3021.0000,3018.4000,3033.6000,3035.0000,3036.2000,3037.0000,3038.0000,2,1,3,5,1,3,1,5,1,2
SF,IH2006,2019-11-06 09:30:52.100,3033.0000,915,0,2729880.000,0,-,-,-,-,3028.2000,3024.0000,3021.2000,3021.0000,3018.4000,3033.4000,3033.6000,3035.0000,3036.2000,3037.0000,2,1,3,5,1,1,3,1,5,1
SF,IH2006,2019-11-06 09:30:52.600,3033.0000,915,0,2729880.000,0,-,-,-,-,3028.2000,3024.0000,3021.2000,3021.0000,3018.4000,3032.4000,3033.2000,3033.4000,3035.0000,3036.2000,2,1,3,5,1,1,2,1,1,5
SF,IH2006,2019-11-06 09:30:53.100,3033.0000,915,0,2729880.000,0,-,-,-,-,3028.2000,3024.0000,3021.2000,3021.0000,3018.4000,3032.2000,3032.4000,3033.4000,3035.0000,3036.2000,2,1,3,5,1,1,1,1,1,5
SF,IH2006,2019-11-06 09:30:53.600,3033.0000,915,0,2729880.000,0,-,-,-,-,3028.2000,3024.0000,3021.2000,3021.0000,3018.4000,3033.4000,3035.0000,3036.2000,3037.0000,3038.0000,2,1,3,5,1,1,1,5,1,2
SF,IH2006,2019-11-06 09:30:54.100,3033.0000,915,0,2729880.000,0,-,-,-,-,3028.2000,3024.0000,3021.2000,3021.0000,3018.4000,3033.2000,3033.4000,3035.0000,3036.2000,3037.0000,2,1,3,5,1,1,1,1,5,1
SF,IH2006,2019-11-06 09:30:54.600,3033.0000,915,0,2729880.000,0,-,-,-,-,3028.2000,3024.0000,3021.2000,3021.0000,3018.4000,3032.6000,3033.0000,3033.2000,3033.4000,3035.0000,2,1,3,5,1,1,1,1,1,1
SF,IH2006,2019-11-06 09:30:55.100,3033.0000,915,0,2729880.000,0,-,-,-,-,3028.4000,3028.2000,3024.0000,3021.2000,3021.0000,3032.6000,3033.0000,3033.4000,3035.0000,3036.2000,1,2,1,3,5,1,1,1,1,5
SF,IH2006,2019-11-06 09:30:55.600,3033.0000,915,0,2729880.000,0,-,-,-,-,3029.2000,3028.4000,3024.0000,3021.2000,3021.0000,3033.4000,3035.0000,3036.2000,3037.0000,3038.0000,3,1,1,3,5,1,1,5,1,2
SF,IH2006,2019-11-06 09:31:00.600,3033.0000,915,0,2729880.000,0,-,-,-,-,3029.4000,3029.2000,3028.4000,3024.0000,3021.2000,3035.0000,3037.0000,3038.0000,3039.0000,3040.0000,2,3,1,1,3,1,1,2,2,5
SF,IH2006,2019-11-06 09:31:01.100,3033.0000,915,0,2729880.000,0,-,-,-,-,3030.6000,3029.4000,3028.4000,3024.0000,3021.2000,3034.8000,3035.0000,3037.0000,3038.0000,3039.0000,3,2,1,1,3,1,1,1,2,2
SF,IH2006,2019-11-06 09:31:01.600,3033.0000,915,0,2729880.000,0,-,-,-,-,3030.6000,3029.4000,3028.4000,3024.0000,3021.2000,3034.6000,3034.8000,3035.0000,3037.0000,3038.0000,3,2,1,1,3,1,1,1,1,2
SF,IH2006,2019-11-06 09:31:02.100,3033.0000,915,0,2729880.000,0,-,-,-,-,3030.6000,3029.4000,3028.4000,3024.0000,3021.2000,3034.6000,3035.0000,3037.0000,3038.0000,3039.0000,3,2,1,1,3,1,1,1,2,2
SF,IH2006,2019-11-06 09:31:02.600,3033.0000,915,0,2729880.000,0,-,-,-,-,3030.6000,3029.4000,3028.4000,3024.0000,3021.2000,3035.0000,3037.0000,3038.0000,3039.0000,3040.0000,3,2,1,1,3,1,1,2,2,5
SF,IH2006,2019-11-06 09:31:03.100,3033.0000,915,0,2729880.000,0,-,-,-,-,3031.0000,3030.8000,3030.6000,3029.4000,3028.4000,3035.0000,3037.0000,3038.0000,3039.0000,3040.0000,1,1,3,2,1,1,1,2,2,5
SF,IH2006,2019-11-06 09:31:03.600,3033.0000,915,0,2729880.000,0,-,-,-,-,3031.2000,3031.0000,3030.8000,3029.4000,3028.4000,3035.0000,3037.0000,3038.0000,3039.0000,3040.0000,2,1,1,2,1,1,1,2,2,5
SF,IH2006,2019-11-06 09:31:04.600,3033.0000,915,0,2729880.000,0,-,-,-,-,3031.2000,3031.0000,3030.8000,3029.4000,3028.4000,3035.0000,3037.0000,3038.0000,3039.0000,3040.0000,2,1,1,2,1,1,1,2,2,5
SF,IH2006,2019-11-06 09:31:06.600,3033.0000,915,0,2729880.000,0,-,-,-,-,3031.4000,3031.2000,3031.0000,3029.4000,3028.4000,3035.0000,3037.0000,3038.0000,3039.0000,3040.0000,1,2,1,2,1,1,1,2,2,5
SF,IH2006,2019-11-06 09:31:07.100,3033.0000,915,0,2729880.000,0,-,-,-,-,3031.6000,3031.4000,3031.0000,3029.4000,3028.4000,3035.0000,3037.0000,3038.0000,3039.0000,3040.0000,3,1,1,2,1,1,1,2,2,5
SF,IH2006,2019-11-06 09:31:07.600,3033.0000,915,0,2729880.000,0,-,-,-,-,3031.8000,3031.6000,3031.4000,3031.0000,3029.4000,3035.0000,3037.0000,3038.0000,3039.0000,3040.0000,1,3,1,1,2,1,1,2,2,5
SF,IH2006,2019-11-06 09:31:08.100,3033.0000,915,0,2729880.000,0,-,-,-,-,3032.0000,3031.8000,3031.4000,3031.0000,3029.4000,3035.0000,3037.0000,3038.0000,3039.0000,3040.0000,2,1,1,1,2,1,1,2,2,5
SF,IH2006,2019-11-06 09:31:10.100,3035.0000,914,-1,3640380.000,1,0,1,双平,S,3032.2000,3032.0000,3031.8000,3031.0000,3029.4000,3037.0000,3038.0000,3039.0000,3043.0000,3043.8000,2,2,1,1,2,1,2,2,1,5
SF,IH2006,2019-11-06 09:31:10.600,3035.0000,914,0,3640380.000,0,-,-,-,-,3032.6000,3032.2000,3031.8000,3031.0000,3029.4000,3036.8000,3037.0000,3038.0000,3039.0000,3043.0000,3,1,1,1,2,1,1,2,2,1
SF,IH2006,2019-11-06 09:31:11.100,3035.0000,914,0,3640380.000,0,-,-,-,-,3032.6000,3032.2000,3031.0000,3029.4000,3028.4000,3036.8000,3037.0000,3038.0000,3039.0000,3043.0000,3,1,1,2,1,1,1,2,2,1
SF,IH2006,2019-11-06 09:31:11.600,3035.0000,914,0,3640380.000,0,-,-,-,-,3032.6000,3032.2000,3031.0000,3029.4000,3028.4000,3036.6000,3036.8000,3037.0000,3038.0000,3039.0000,3,1,1,2,1,2,1,1,2,2
SF,IH2006,2019-11-06 09:31:12.100,3035.0000,914,0,3640380.000,0,-,-,-,-,3032.6000,3032.2000,3031.0000,3029.4000,3028.4000,3036.6000,3037.0000,3038.0000,3039.0000,3043.0000,3,1,1,2,1,1,1,2,2,1
SF,IH2006,2019-11-06 09:31:12.600,3035.0000,914,0,3640380.000,0,-,-,-,-,3032.6000,3032.2000,3031.0000,3029.4000,3028.6000,3036.6000,3037.0000,3038.0000,3039.0000,3043.0000,3,1,1,2,5,1,1,2,2,1
SF,IH2006,2019-11-06 09:31:13.600,3035.0000,914,0,3640380.000,0,-,-,-,-,3032.6000,3031.0000,3029.4000,3028.6000,3028.4000,3036.6000,3037.0000,3038.0000,3039.0000,3043.0000,3,1,2,5,1,1,1,2,2,1
SF,IH2006,2019-11-06 09:31:14.600,3035.0000,914,0,3640380.000,0,-,-,-,-,3032.6000,3031.0000,3029.4000,3028.4000,3025.6000,3036.6000,3037.0000,3038.0000,3039.0000,3043.0000,3,1,2,1,1,1,1,2,2,1
SF,IH2006,2019-11-06 09:31:15.600,3035.0000,914,0,3640380.000,0,-,-,-,-,3032.6000,3031.0000,3029.4000,3028.4000,3025.6000,3036.6000,3037.0000,3038.0000,3039.0000,3043.0000,3,1,2,1,1,1,1,2,2,1
SF,IH2006,2019-11-06 09:31:16.600,3035.0000,914,0,3640380.000,0,-,-,-,-,3032.6000,3031.0000,3029.4000,3028.4000,3025.6000,3037.0000,3038.0000,3039.0000,3043.0000,3043.8000,3,1,2,1,1,1,2,2,1,5
SF,IH2006,2019-11-06 09:31:17.100,3035.0000,914,0,3640380.000,0,-,-,-,-,3032.6000,3031.0000,3029.4000,3028.4000,3025.6000,3036.8000,3037.0000,3038.0000,3039.0000,3043.0000,3,1,2,1,1,2,1,2,2,1
SF,IH2006,2019-11-06 09:31:17.600,3035.0000,914,0,3640380.000,0,-,-,-,-,3032.6000,3031.0000,3029.4000,3028.4000,3025.6000,3036.8000,3037.0000,3038.0000,3039.0000,3043.0000,3,1,2,1,1,1,1,2,2,1
SF,IH2006,2019-11-06 09:31:20.100,3035.0000,914,0,3640380.000,0,-,-,-,-,3032.8000,3032.6000,3031.0000,3029.4000,3028.4000,3036.8000,3037.0000,3038.0000,3039.0000,3043.0000,2,3,1,2,1,1,1,2,2,1
SF,IH2006,2019-11-06 09:31:20.600,3035.0000,914,0,3640380.000,0,-,-,-,-,3033.0000,3032.8000,3031.0000,3029.4000,3028.4000,3036.8000,3037.0000,3038.0000,3039.0000,3043.0000,2,1,1,2,1,1,1,2,2,1
SF,IH2006,2019-11-06 09:31:22.600,3035.0000,914,0,3640380.000,0,-,-,-,-,3033.0000,3032.8000,3031.0000,3029.4000,3028.4000,3036.6000,3036.8000,3037.0000,3038.0000,3039.0000,2,1,1,2,1,1,1,1,2,2
SF,IH2006,2019-11-06 09:31:23.100,3035.0000,914,0,3640380.000,0,-,-,-,-,3033.2000,3032.8000,3031.0000,3029.4000,3028.4000,3036.4000,3036.6000,3037.0000,3038.0000,3039.0000,1,1,1,2,1,1,1,1,2,2
SF,IH2006,2019-11-06 09:31:23.600,3035.0000,914,0,3640380.000,0,-,-,-,-,3033.2000,3031.0000,3029.4000,3028.4000,3025.6000,3036.2000,3036.4000,3036.6000,3037.0000,3038.0000,1,1,2,1,1,1,1,1,1,2
SF,IH2006,2019-11-06 09:31:24.100,3035.0000,914,0,3640380.000,0,-,-,-,-,3029.4000,3028.4000,3025.6000,3024.8000,3021.2000,3036.0000,3036.2000,3036.6000,3037.0000,3038.0000,2,1,1,5,3,2,1,1,1,2
SF,IH2006,2019-11-06 09:31:24.600,3035.0000,914,0,3640380.000,0,-,-,-,-,3031.0000,3030.8000,3029.6000,3029.4000,3028.4000,3035.8000,3036.0000,3036.2000,3036.6000,3037.0000,1,3,1,2,1,1,2,1,1,1
SF,IH2006,2019-11-06 09:31:25.100,3035.0000,914,0,3640380.000,0,-,-,-,-,3031.2000,3029.6000,3029.4000,3028.4000,3025.6000,3035.6000,3035.8000,3036.2000,3036.6000,3037.0000,2,1,2,1,1,2,1,1,1,1
SF,IH2006,2019-11-06 09:31:25.600,3035.0000,914,0,3640380.000,0,-,-,-,-,3031.2000,3029.6000,3029.4000,3028.4000,3025.6000,3035.4000,3035.6000,3035.8000,3036.2000,3036.6000,2,1,2,1,1,1,2,1,1,1
SF,IH2006,2019-11-06 09:31:26.100,3035.0000,914,0,3640380.000,0,-,-,-,-,3031.2000,3029.6000,3029.4000,3028.4000,3025.6000,3035.0000,3035.2000,3035.4000,3035.8000,3036.2000,2,1,2,1,1,1,1,1,1,1
SF,IH2006,2019-11-06 09:31:26.600,3035.0000,914,0,3640380.000,0,-,-,-,-,3031.2000,3029.6000,3029.4000,3028.4000,3025.6000,3034.8000,3035.0000,3035.4000,3035.8000,3036.2000,2,1,2,1,1,2,1,1,1,1
SF,IH2006,2019-11-06 09:31:27.100,3035.0000,914,0,3640380.000,0,-,-,-,-,3031.2000,3028.4000,3025.6000,3024.8000,3021.2000,3034.8000,3035.0000,3035.4000,3035.8000,3036.2000,2,1,1,5,3,2,1,1,1,1
SF,IH2006,2019-11-06 09:31:27.600,3035.0000,914,0,3640380.000,0,-,-,-,-,3031.2000,3028.4000,3025.6000,3024.8000,3021.2000,3034.8000,3035.4000,3035.8000,3036.2000,3037.0000,2,1,1,5,3,2,1,1,1,1
SF,IH2006,2019-11-06 09:31:28.100,3035.0000,914,0,3640380.000,0,-,-,-,-,3031.2000,3028.4000,3025.6000,3024.8000,3021.2000,3034.6000,3034.8000,3035.4000,3035.8000,3036.2000,2,1,1,5,3,1,2,1,1,1
SF,IH2006,2019-11-06 09:31:28.600,3035.0000,914,0,3640380.000,0,-,-,-,-,3031.2000,3028.4000,3025.6000,3024.8000,3021.2000,3034.6000,3034.8000,3035.4000,3035.8000,3036.2000,2,1,1,5,3,1,1,1,1,1
SF,IH2006,2019-11-06 09:31:29.100,3035.0000,914,0,3640380.000,0,-,-,-,-,3031.2000,3028.4000,3025.6000,3024.8000,3021.2000,3035.4000,3035.8000,3036.2000,3037.0000,3038.0000,2,1,1,5,3,1,1,1,1,2
SF,IH2006,2019-11-06 09:31:29.600,3035.0000,914,0,3640380.000,0,-,-,-,-,3031.2000,3028.4000,3025.6000,3024.8000,3021.2000,3035.2000,3035.4000,3035.8000,3036.2000,3037.0000,2,1,1,5,3,1,1,1,1,1
SF,IH2006,2019-11-06 09:31:34.100,3035.0000,914,0,3640380.000,0,-,-,-,-,3031.2000,3028.4000,3025.6000,3024.8000,3021.2000,3035.2000,3035.8000,3036.2000,3037.0000,3038.0000,2,1,1,5,3,1,1,1,1,2
SF,IH2006,2019-11-06 09:31:34.600,3035.0000,914,0,3640380.000,0,-,-,-,-,3031.2000,3028.4000,3025.6000,3024.8000,3021.2000,3035.2000,3036.2000,3037.0000,3038.0000,3039.0000,2,1,1,5,3,1,1,1,2,2
SF,IH2006,2019-11-06 09:31:35.100,3035.0000,914,0,3640380.000,0,-,-,-,-,3031.4000,3031.2000,3028.4000,3025.6000,3024.8000,3036.2000,3037.0000,3038.0000,3039.0000,3043.0000,2,2,1,1,5,1,1,2,2,1
SF,IH2006,2019-11-06 09:31:35.600,3035.0000,914,0,3640380.000,0,-,-,-,-,3031.6000,3028.4000,3025.6000,3024.8000,3021.2000,3036.0000,3036.2000,3037.0000,3038.0000,3039.0000,2,1,1,5,3,1,1,1,2,2
SF,IH2006,2019-11-06 09:31:36.100,3035.0000,914,0,3640380.000,0,-,-,-,-,3031.6000,3028.4000,3025.6000,3024.8000,3021.2000,3035.8000,3036.0000,3036.2000,3037.0000,3038.0000,2,1,1,5,3,1,1,1,1,2
SF,IH2006,2019-11-06 09:31:36.600,3035.0000,914,0,3640380.000,0,-,-,-,-,3031.6000,3028.4000,3025.6000,3024.8000,3021.2000,3035.6000,3035.8000,3036.2000,3037.0000,3038.0000,2,1,1,5,3,1,1,1,1,2
SF,IH2006,2019-11-06 09:31:37.100,3035.0000,914,0,3640380.000,0,-,-,-,-,3031.6000,3028.4000,3025.6000,3024.8000,3021.2000,3035.4000,3035.6000,3037.0000,3038.0000,3039.0000,2,1,1,5,3,1,1,1,2,2
SF,IH2006,2019-11-06 09:31:37.600,3035.0000,914,0,3640380.000,0,-,-,-,-,3031.6000,3028.4000,3025.6000,3024.8000,3021.2000,3035.4000,3037.0000,3038.0000,3039.0000,3043.0000,2,1,1,5,3,1,1,2,2,1
SF,IH2006,2019-11-06 09:31:40.600,3035.0000,914,0,3640380.000,0,-,-,-,-,3031.8000,3031.6000,3028.4000,3025.6000,3024.8000,3035.4000,3037.0000,3038.0000,3039.0000,3043.0000,1,2,1,1,5,1,1,2,2,1
SF,IH2006,2019-11-06 09:31:41.100,3035.0000,914,0,3640380.000,0,-,-,-,-,3032.0000,3031.8000,3028.4000,3025.6000,3024.8000,3035.4000,3037.0000,3038.0000,3039.0000,3043.0000,3,1,1,1,5,1,1,2,2,1
SF,IH2006,2019-11-06 09:31:43.600,3035.4000,915,1,4551000.000,1,1,0,双开,S,3032.0000,3031.8000,3028.4000,3025.6000,3024.8000,3037.0000,3038.0000,3039.0000,3043.0000,3043.8000,3,1,1,1,5,1,2,2,1,5
SF,IH2006,2019-11-06 09:31:44.100,3035.4000,915,0,4551000.000,0,-,-,-,-,3032.2000,3032.0000,3031.8000,3028.4000,3025.6000,3036.8000,3037.0000,3038.0000,3039.0000,3043.0000,1,3,1,1,1,2,1,2,2,1
SF,IH2006,2019-11-06 09:31:44.600,3035.4000,915,0,4551000.000,0,-,-,-,-,3032.4000,3032.2000,3031.8000,3028.4000,3025.6000,3036.8000,3037.0000,3038.0000,3039.0000,3043.0000,2,1,1,1,1,2,1,2,2,1
SF,IH2006,2019-11-06 09:31:45.100,3035.4000,915,0,4551000.000,0,-,-,-,-,3032.6000,3032.4000,3032.2000,3031.8000,3028.4000,3036.8000,3037.0000,3038.0000,3039.0000,3043.0000,1,2,1,1,1,1,1,2,2,1
SF,IH2006,2019-11-06 09:31:45.600,3035.4000,915,0,4551000.000,0,-,-,-,-,3032.8000,3032.6000,3032.2000,3028.4000,3025.6000,3036.6000,3036.8000,3037.0000,3038.0000,3039.0000,2,1,1,1,1,1,1,1,2,2
SF,IH2006,2019-11-06 09:31:46.100,3035.4000,915,0,4551000.000,0,-,-,-,-,3032.8000,3032.6000,3032.2000,3028.4000,3025.6000,3036.4000,3036.6000,3037.0000,3038.0000,3039.0000,2,1,1,1,1,1,1,1,2,2
SF,IH2006,2019-11-06 09:31:46.600,3035.4000,915,0,4551000.000,0,-,-,-,-,3033.0000,3032.8000,3032.6000,3032.2000,3028.4000,3036.2000,3036.4000,3036.6000,3037.0000,3038.0000,1,2,1,1,1,1,1,1,1,2
SF,IH2006,2019-11-06 09:31:47.100,3035.4000,915,0,4551000.000,0,-,-,-,-,3033.2000,3033.0000,3032.6000,3032.2000,3028.4000,3036.2000,3036.6000,3037.0000,3038.0000,3039.0000,2,1,1,1,1,1,1,1,2,2
SF,IH2006,2019-11-06 09:31:48.100,3035.4000,915,0,4551000.000,0,-,-,-,-,3033.2000,3032.6000,3032.2000,3028.4000,3025.6000,3036.2000,3036.6000,3037.0000,3038.0000,3039.0000,2,1,1,1,1,1,1,1,2,2
SF,IH2006,2019-11-06 09:31:49.600,3035.4000,915,0,4551000.000,0,-,-,-,-,3033.2000,3032.2000,3028.4000,3025.6000,3024.8000,3036.2000,3036.6000,3037.0000,3038.0000,3039.0000,2,1,1,1,5,1,1,1,2,2
SF,IH2006,2019-11-06 09:31:50.100,3035.4000,915,0,4551000.000,0,-,-,-,-,3032.2000,3028.4000,3025.6000,3024.8000,3021.2000,3036.0000,3036.2000,3036.6000,3037.0000,3038.0000,1,1,1,5,3,1,1,1,1,2
SF,IH2006,2019-11-06 09:31:50.600,3035.4000,915,0,4551000.000,0,-,-,-,-,3032.4000,3032.2000,3028.4000,3025.6000,3024.8000,3035.8000,3036.0000,3036.2000,3036.6000,3037.0000,1,1,1,1,5,1,1,1,1,1
SF,IH2006,2019-11-06 09:31:51.100,3035.4000,915,0,4551000.000,0,-,-,-,-,3032.4000,3028.4000,3025.6000,3024.8000,3021.2000,3035.6000,3035.8000,3036.2000,3036.6000,3037.0000,1,1,1,5,3,1,1,1,1,1
SF,IH2006,2019-11-06 09:31:51.600,3035.4000,915,0,4551000.000,0,-,-,-,-,3032.4000,3028.4000,3025.6000,3024.8000,3021.2000,3035.4000,3035.6000,3035.8000,3036.2000,3037.0000,1,1,1,5,3,1,1,1,1,1
SF,IH2006,2019-11-06 09:31:52.100,3035.4000,915,0,4551000.000,0,-,-,-,-,3032.4000,3028.4000,3025.6000,3024.8000,3021.2000,3035.4000,3035.8000,3036.2000,3037.0000,3038.0000,1,1,1,5,3,1,1,1,1,2
SF,IH2006,2019-11-06 09:31:58.100,3035.4000,915,0,4551000.000,0,-,-,-,-,3033.0000,3032.4000,3028.4000,3025.6000,3024.8000,3035.4000,3035.8000,3036.2000,3037.0000,3038.0000,1,1,1,1,5,1,1,1,1,2
SF,IH2006,2019-11-06 09:31:58.600,3035.4000,915,0,4551000.000,0,-,-,-,-,3033.2000,3033.0000,3028.4000,3025.6000,3024.8000,3035.4000,3035.8000,3036.2000,3037.0000,3038.0000,1,1,1,1,5,1,1,1,1,2
SF,IH2006,2019-11-06 09:32:13.100,3035.4000,915,0,4551000.000,0,-,-,-,-,3034.2000,3033.2000,3033.0000,3028.4000,3025.6000,3035.4000,3035.8000,3036.2000,3037.0000,3038.0000,1,1,1,1,1,1,1,1,1,2
SF,IH2006,2019-11-06 09:32:13.600,3035.4000,915,0,4551000.000,0,-,-,-,-,3034.6000,3034.2000,3033.0000,3028.4000,3025.6000,3035.4000,3035.8000,3036.2000,3037.0000,3038.0000,1,1,1,1,1,1,1,1,1,2
SF,IH2006,2019-11-06 09:32:14.100,3035.4000,915,0,4551000.000,0,-,-,-,-,3034.6000,3034.2000,3033.0000,3028.4000,3025.6000,3035.4000,3035.8000,3036.2000,3036.6000,3037.0000,1,1,1,1,1,1,1,1,1,1
SF,IH2006,2019-11-06 09:32:14.600,3035.4000,915,0,5461620.000,1,0,1,多换,S,3034.6000,3034.2000,3033.0000,3028.4000,3025.6000,3036.2000,3036.6000,3037.0000,3038.0000,3039.0000,1,1,1,1,1,1,1,1,2,2
SF,IH2006,2019-11-06 09:32:31.100,3034.2000,914,-1,7282260.000,2,0,2,多平,S,3033.0000,3028.4000,3025.6000,3024.8000,3021.2000,3034.6000,3036.2000,3036.6000,3037.0000,3038.0000,1,1,1,5,3,2,1,1,1,2
SF,IH2006,2019-11-06 09:32:32.100,3034.2000,914,0,7282260.000,0,-,-,-,-,3033.0000,3028.4000,3025.6000,3024.8000,3021.2000,3034.6000,3036.2000,3036.6000,3037.0000,3038.0000,1,1,1,5,3,1,1,1,1,2
SF,IH2006,2019-11-06 09:32:33.100,3034.2000,914,0,7282260.000,0,-,-,-,-,3033.0000,3028.4000,3025.6000,3024.8000,3021.2000,3036.2000,3036.6000,3037.0000,3038.0000,3039.0000,1,1,1,5,3,1,1,1,2,2
SF,IH2006,2019-11-06 09:32:40.100,3034.2000,914,0,7282260.000,0,-,-,-,-,3033.0000,3028.4000,3025.6000,3024.8000,3021.2000,3036.0000,3036.2000,3036.6000,3037.0000,3038.0000,1,1,1,5,3,1,1,1,1,2
SF,IH2006,2019-11-06 09:32:40.600,3034.2000,914,0,7282260.000,0,-,-,-,-,3033.0000,3028.4000,3025.6000,3024.8000,3021.2000,3035.8000,3036.0000,3036.2000,3036.6000,3037.0000,1,1,1,5,3,1,1,1,1,1
SF,IH2006,2019-11-06 09:32:41.600,3034.2000,914,0,7282260.000,0,-,-,-,-,3033.0000,3028.4000,3025.6000,3024.8000,3021.2000,3036.2000,3036.6000,3037.0000,3038.0000,3039.0000,1,1,1,5,3,1,1,1,2,2
SF,IH2006,2019-11-06 09:32:45.100,3034.2000,914,0,7282260.000,0,-,-,-,-,3033.2000,3033.0000,3028.4000,3025.6000,3024.8000,3036.2000,3036.6000,3037.0000,3038.0000,3039.0000,1,1,1,1,5,1,1,1,2,2
SF,IH2006,2019-11-06 09:32:45.600,3034.2000,914,0,7282260.000,0,-,-,-,-,3033.4000,3033.2000,3033.0000,3028.4000,3025.6000,3036.2000,3036.6000,3037.0000,3038.0000,3039.0000,1,1,1,1,1,1,1,1,2,2
SF,IH2006,2019-11-06 09:32:48.600,3034.2000,914,0,7282260.000,0,-,-,-,-,3033.4000,3033.0000,3028.4000,3025.6000,3024.8000,3036.2000,3036.6000,3037.0000,3038.0000,3039.0000,1,1,1,1,5,1,1,1,2,2
SF,IH2006,2019-11-06 09:32:57.100,3033.4000,913,-1,8192280.000,1,0,1,双平,S,3033.0000,3030.4000,3028.4000,3025.6000,3024.8000,3033.4000,3034.6000,3036.2000,3036.6000,3037.0000,1,1,1,1,5,1,1,1,1,1
SF,IH2006,2019-11-06 09:32:57.600,3033.4000,913,0,9102300.000,1,0,1,多换,S,3033.0000,3028.4000,3025.6000,3024.8000,3021.2000,3036.2000,3036.6000,3037.0000,3038.0000,3039.0000,1,1,1,5,3,1,1,1,2,2
SF,IH2006,2019-11-06 09:32:58.100,3033.4000,913,0,9102300.000,0,-,-,-,-,3033.0000,3028.4000,3025.6000,3024.8000,3021.2000,3035.2000,3036.2000,3036.6000,3037.0000,3038.0000,1,1,1,5,3,3,1,1,1,2
SF,IH2006,2019-11-06 09:32:58.600,3033.4000,913,0,9102300.000,0,-,-,-,-,3033.0000,3028.4000,3025.6000,3024.8000,3021.2000,3035.0000,3035.2000,3036.2000,3036.6000,3037.0000,1,1,1,5,3,1,3,1,1,1
SF,IH2006,2019-11-06 09:32:59.100,3033.4000,913,0,9102300.000,0,-,-,-,-,3033.0000,3028.4000,3025.6000,3024.8000,3021.2000,3034.8000,3035.0000,3036.2000,3036.6000,3037.0000,1,1,1,5,3,2,2,1,1,1
SF,IH2006,2019-11-06 09:32:59.600,3033.4000,913,0,9102300.000,0,-,-,-,-,3033.0000,3028.4000,3025.6000,3024.8000,3021.2000,3034.6000,3034.8000,3035.0000,3036.6000,3037.0000,1,1,1,5,3,1,2,1,1,1
SF,IH2006,2019-11-06 09:33:00.100,3033.0000,914,1,10012200.000,1,1,0,双开,S,3028.4000,3025.6000,3024.8000,3021.2000,3018.4000,3034.4000,3034.6000,3035.0000,3036.6000,3037.0000,1,1,5,3,1,1,1,1,1,1
SF,IH2006,2019-11-06 09:33:00.600,3033.0000,914,0,10012200.000,0,-,-,-,-,3028.8000,3028.6000,3028.4000,3025.6000,3024.8000,3034.2000,3034.4000,3034.6000,3036.6000,3037.0000,3,2,1,1,5,1,1,1,1,1
SF,IH2006,2019-11-06 09:33:01.100,3033.0000,914,0,10012200.000,0,-,-,-,-,3030.0000,3029.0000,3028.8000,3028.6000,3028.4000,3034.2000,3034.6000,3036.6000,3037.0000,3038.0000,3,2,3,2,1,1,1,1,1,2
SF,IH2006,2019-11-06 09:33:01.600,3033.0000,914,0,10012200.000,0,-,-,-,-,3030.2000,3030.0000,3029.0000,3028.6000,3028.4000,3034.0000,3034.2000,3034.6000,3036.6000,3037.0000,1,3,2,2,1,1,1,1,1,1
SF,IH2006,2019-11-06 09:33:02.100,3033.0000,914,0,10012200.000,0,-,-,-,-,3030.4000,3030.2000,3029.0000,3028.6000,3028.4000,3033.8000,3034.0000,3034.2000,3036.2000,3036.6000,1,1,2,2,1,1,1,1,5,1
SF,IH2006,2019-11-06 09:33:02.600,3033.0000,914,0,10012200.000,0,-,-,-,-,3030.6000,3030.4000,3030.2000,3029.0000,3028.6000,3033.6000,3033.8000,3034.2000,3036.2000,3036.6000,1,1,1,2,2,1,1,1,5,1
SF,IH2006,2019-11-06 09:33:03.100,3033.0000,914,0,10012200.000,0,-,-,-,-,3030.8000,3030.6000,3030.2000,3029.0000,3028.6000,3033.6000,3033.8000,3034.2000,3036.2000,3036.6000,1,1,1,2,2,1,1,1,5,1
SF,IH2006,2019-11-06 09:33:03.600,3033.0000,914,0,10012200.000,0,-,-,-,-,3030.8000,3030.2000,3029.0000,3028.6000,3028.4000,3033.4000,3033.6000,3033.8000,3036.2000,3036.6000,1,1,2,2,1,1,1,1,5,1
SF,IH2006,2019-11-06 09:33:04.100,3033.0000,914,0,10012200.000,0,-,-,-,-,3030.8000,3030.2000,3029.0000,3028.6000,3028.4000,3033.2000,3033.4000,3033.8000,3036.2000,3036.6000,1,1,2,2,1,1,1,1,5,1
SF,IH2006,2019-11-06 09:33:05.600,3033.0000,914,0,10012200.000,0,-,-,-,-,3030.8000,3029.0000,3028.6000,3028.4000,3025.6000,3033.2000,3033.4000,3033.8000,3036.2000,3036.6000,1,1,2,1,1,1,1,1,5,1
SF,IH2006,2019-11-06 09:33:06.100,3033.0000,914,0,10012200.000,0,-,-,-,-,3029.0000,3028.6000,3028.4000,3025.6000,3024.8000,3033.0000,3033.2000,3033.4000,3036.2000,3036.6000,1,2,1,1,5,1,1,1,5,1
SF,IH2006,2019-11-06 09:33:06.600,3033.0000,914,0,10012200.000,0,-,-,-,-,3029.2000,3029.0000,3028.6000,3028.4000,3025.6000,3032.8000,3033.0000,3033.4000,3036.2000,3036.6000,2,1,2,1,1,1,1,1,5,1
SF,IH2006,2019-11-06 09:33:07.100,3033.0000,914,0,10012200.000,0,-,-,-,-,3029.4000,3029.2000,3029.0000,3028.6000,3028.4000,3032.8000,3033.0000,3033.4000,3036.2000,3036.6000,1,2,1,2,1,1,1,1,5,1
SF,IH2006,2019-11-06 09:33:07.600,3033.0000,914,0,10012200.000,0,-,-,-,-,3029.6000,3029.4000,3029.0000,3028.6000,3028.4000,3032.8000,3033.0000,3033.4000,3036.2000,3036.6000,1,1,1,2,1,1,1,1,5,1
SF,IH2006,2019-11-06 09:33:08.100,3033.0000,914,0,10012200.000,0,-,-,-,-,3029.8000,3029.6000,3029.4000,3029.0000,3028.6000,3032.8000,3033.0000,3033.4000,3036.2000,3036.6000,1,1,1,1,2,1,1,1,5,1
SF,IH2006,2019-11-06 09:33:08.600,3033.0000,914,0,10012200.000,0,-,-,-,-,3030.0000,3029.8000,3029.4000,3029.0000,3028.6000,3032.8000,3033.0000,3033.4000,3036.2000,3036.6000,1,1,1,1,2,1,1,1,5,1
SF,IH2006,2019-11-06 09:33:09.100,3033.0000,914,0,10012200.000,0,-,-,-,-,3030.0000,3029.4000,3029.0000,3028.6000,3028.4000,3032.8000,3033.0000,3033.4000,3036.2000,3036.6000,1,1,1,1,1,1,1,1,5,1
SF,IH2006,2019-11-06 09:33:12.100,3033.0000,914,0,10012200.000,0,-,-,-,-,3030.2000,3030.0000,3029.4000,3029.0000,3028.6000,3032.8000,3033.0000,3033.4000,3036.2000,3036.6000,1,1,1,1,1,1,1,1,5,1
SF,IH2006,2019-11-06 09:33:12.600,3033.0000,914,0,10012200.000,0,-,-,-,-,3029.4000,3029.0000,3028.6000,3028.4000,3025.6000,3032.8000,3033.0000,3033.4000,3036.2000,3036.6000,1,1,1,1,1,1,1,1,5,1
SF,IH2006,2019-11-06 09:33:13.100,3033.0000,914,0,10012200.000,0,-,-,-,-,3029.6000,3029.4000,3029.0000,3028.6000,3028.4000,3032.8000,3033.0000,3033.4000,3036.2000,3036.6000,1,1,1,1,1,1,1,1,5,1
SF,IH2006,2019-11-06 09:33:13.600,3033.0000,914,0,10012200.000,0,-,-,-,-,3029.8000,3029.6000,3029.4000,3029.0000,3028.6000,3032.8000,3033.0000,3033.4000,3036.2000,3036.6000,1,1,1,1,1,1,1,1,5,1
SF,IH2006,2019-11-06 09:33:14.100,3033.0000,914,0,10012200.000,0,-,-,-,-,3030.0000,3029.8000,3029.4000,3029.0000,3028.6000,3032.8000,3033.0000,3033.4000,3036.2000,3036.6000,1,1,1,1,1,1,1,1,5,1
SF,IH2006,2019-11-06 09:33:14.600,3033.0000,914,0,10012200.000,0,-,-,-,-,3030.0000,3029.8000,3029.4000,3029.0000,3028.6000,3032.6000,3032.8000,3033.0000,3036.2000,3036.6000,1,1,1,1,1,1,1,1,5,1
SF,IH2006,2019-11-06 09:33:15.100,3033.0000,914,0,10012200.000,0,-,-,-,-,3029.4000,3029.0000,3028.6000,3028.4000,3025.6000,3032.4000,3032.6000,3033.0000,3036.2000,3036.6000,1,1,1,1,1,1,1,1,5,1
SF,IH2006,2019-11-06 09:33:15.600,3033.0000,914,0,10012200.000,0,-,-,-,-,3029.6000,3029.4000,3029.0000,3028.6000,3028.4000,3032.4000,3032.6000,3033.0000,3036.2000,3036.6000,1,1,1,1,1,1,1,1,5,1
SF,IH2006,2019-11-06 09:33:16.100,3033.0000,914,0,10012200.000,0,-,-,-,-,3029.8000,3029.6000,3029.4000,3029.0000,3028.6000,3032.4000,3032.6000,3033.0000,3036.2000,3036.6000,1,1,1,1,1,1,1,1,5,1
SF,IH2006,2019-11-06 09:33:16.600,3033.0000,914,0,10012200.000,0,-,-,-,-,3030.0000,3029.8000,3029.4000,3029.0000,3028.6000,3032.4000,3032.6000,3033.0000,3036.2000,3036.6000,2,1,1,1,1,1,1,1,5,1
SF,IH2006,2019-11-06 09:33:17.100,3033.0000,914,0,10012200.000,0,-,-,-,-,3030.2000,3030.0000,3029.8000,3029.4000,3029.0000,3032.6000,3033.0000,3036.2000,3036.6000,3037.0000,1,2,1,1,1,1,1,5,1,1
SF,IH2006,2019-11-06 09:33:17.600,3033.0000,914,0,10922100.000,1,0,1,多换,S,3032.6000,3030.4000,3030.2000,3029.8000,3029.4000,3036.2000,3036.6000,3037.0000,3038.0000,3039.0000,1,2,1,1,1,5,1,1,2,2
SF,IH2006,2019-11-06 09:33:18.100,3033.0000,914,0,10922100.000,0,-,-,-,-,3032.6000,3030.2000,3029.8000,3029.4000,3029.0000,3035.2000,3036.0000,3036.6000,3037.0000,3038.0000,1,1,1,1,1,3,1,1,1,2
SF,IH2006,2019-11-06 09:33:18.600,3033.0000,914,0,10922100.000,0,-,-,-,-,3032.6000,3030.2000,3029.8000,3029.4000,3029.0000,3035.0000,3035.2000,3036.6000,3037.0000,3038.0000,1,1,1,1,1,1,3,1,1,2
SF,IH2006,2019-11-06 09:33:19.100,3033.0000,914,0,10922100.000,0,-,-,-,-,3032.8000,3032.6000,3030.2000,3029.8000,3029.4000,3034.8000,3035.0000,3036.6000,3037.0000,3038.0000,1,1,1,1,1,2,1,1,1,2
SF,IH2006,2019-11-06 09:33:19.600,3033.0000,914,0,10922100.000,0,-,-,-,-,3032.8000,3032.6000,3030.2000,3029.8000,3029.4000,3034.6000,3034.8000,3036.6000,3037.0000,3038.0000,1,1,1,1,1,1,2,1,1,2
SF,IH2006,2019-11-06 09:33:20.100,3033.0000,914,0,10922100.000,0,-,-,-,-,3032.8000,3032.6000,3030.2000,3029.8000,3029.4000,3034.4000,3034.6000,3036.6000,3037.0000,3038.0000,1,1,1,1,1,1,1,1,1,2
SF,IH2006,2019-11-06 09:33:21.100,3033.0000,914,0,10922100.000,0,-,-,-,-,3032.8000,3032.6000,3030.2000,3029.8000,3029.4000,3034.2000,3034.4000,3036.6000,3037.0000,3038.0000,1,1,1,1,1,1,1,1,1,2
SF,IH2006,2019-11-06 09:33:21.600,3033.0000,914,0,10922100.000,0,-,-,-,-,3032.8000,3032.6000,3030.2000,3029.8000,3029.4000,3034.0000,3034.2000,3036.6000,3037.0000,3038.0000,1,1,1,1,1,1,1,1,1,2
SF,IH2006,2019-11-06 09:33:23.600,3033.0000,914,0,10922100.000,0,-,-,-,-,3033.0000,3032.8000,3032.6000,3030.2000,3029.8000,3034.0000,3034.2000,3036.6000,3037.0000,3038.0000,1,1,1,1,1,1,1,1,1,2
SF,IH2006,2019-11-06 09:33:24.100,3033.0000,914,0,10922100.000,0,-,-,-,-,3033.2000,3033.0000,3032.6000,3030.2000,3029.8000,3036.6000,3037.0000,3038.0000,3039.0000,3040.0000,1,1,1,1,1,1,1,2,2,5
SF,IH2006,2019-11-06 09:33:24.600,3033.0000,914,0,10922100.000,0,-,-,-,-,3033.2000,3033.0000,3032.6000,3030.2000,3029.8000,3035.0000,3036.6000,3037.0000,3038.0000,3039.0000,1,1,1,1,1,3,1,1,2,2
SF,IH2006,2019-11-06 09:33:25.100,3033.0000,914,0,10922100.000,0,-,-,-,-,3033.2000,3033.0000,3032.6000,3030.2000,3029.8000,3034.8000,3035.0000,3036.6000,3037.0000,3038.0000,1,1,1,1,1,1,3,1,1,2
SF,IH2006,2019-11-06 09:33:25.600,3033.0000,914,0,10922100.000,0,-,-,-,-,3033.2000,3033.0000,3032.6000,3030.2000,3029.8000,3034.6000,3034.8000,3036.6000,3037.0000,3038.0000,1,1,1,1,1,2,1,1,1,2
SF,IH2006,2019-11-06 09:33:26.600,3033.0000,914,0,10922100.000,0,-,-,-,-,3033.2000,3032.6000,3030.2000,3029.8000,3029.4000,3034.6000,3034.8000,3036.6000,3037.0000,3038.0000,1,1,1,1,1,2,1,1,1,2
SF,IH2006,2019-11-06 09:33:30.600,3033.0000,914,0,10922100.000,0,-,-,-,-,3032.6000,3030.2000,3029.8000,3029.4000,3029.0000,3034.4000,3034.6000,3036.6000,3037.0000,3038.0000,1,1,1,1,1,1,2,1,1,2
SF,IH2006,2019-11-06 09:33:31.100,3033.0000,914,0,10922100.000,0,-,-,-,-,3032.8000,3030.2000,3029.8000,3029.4000,3029.0000,3034.2000,3034.4000,3036.6000,3037.0000,3038.0000,1,1,1,1,1,1,1,1,1,2
SF,IH2006,2019-11-06 09:33:31.600,3033.0000,914,0,10922100.000,0,-,-,-,-,3033.0000,3032.8000,3030.2000,3029.8000,3029.4000,3034.2000,3034.4000,3036.6000,3037.0000,3038.0000,1,1,1,1,1,1,1,1,1,2
SF,IH2006,2019-11-06 09:33:32.100,3033.0000,914,0,10922100.000,0,-,-,-,-,3033.0000,3032.8000,3030.2000,3029.8000,3029.4000,3034.2000,3036.6000,3037.0000,3038.0000,3039.0000,1,1,1,1,1,1,1,1,2,2
SF,IH2006,2019-11-06 09:33:33.100,3034.2000,913,-1,11832360.000,1,0,1,双平,S,3033.0000,3032.8000,3032.4000,3030.2000,3029.8000,3035.8000,3036.6000,3037.0000,3038.0000,3039.0000,1,1,1,1,1,1,1,1,2,2
SF,IH2006,2019-11-06 09:33:33.600,3034.2000,913,0,11832360.000,0,-,-,-,-,3033.0000,3032.8000,3030.2000,3029.8000,3029.4000,3035.6000,3035.8000,3036.6000,3037.0000,3038.0000,1,1,1,1,1,1,1,1,1,2
SF,IH2006,2019-11-06 09:33:34.100,3034.2000,913,0,11832360.000,0,-,-,-,-,3033.0000,3030.2000,3029.8000,3029.4000,3029.0000,3035.4000,3035.6000,3036.6000,3037.0000,3038.0000,1,1,1,1,1,1,1,1,1,2
SF,IH2006,2019-11-06 09:33:35.100,3034.2000,913,0,11832360.000,0,-,-,-,-,3033.0000,3030.2000,3029.8000,3029.4000,3029.0000,3035.2000,3035.4000,3036.6000,3037.0000,3038.0000,1,1,1,1,1,1,1,1,1,2
SF,IH2006,2019-11-06 09:33:35.600,3034.2000,913,0,11832360.000,0,-,-,-,-,3033.2000,3033.0000,3030.2000,3029.8000,3029.4000,3035.2000,3036.6000,3037.0000,3038.0000,3039.0000,1,1,1,1,1,1,1,1,2,2
SF,IH2006,2019-11-06 09:33:36.100,3034.2000,913,0,11832360.000,0,-,-,-,-,3033.2000,3030.2000,3029.8000,3029.4000,3029.0000,3035.2000,3036.6000,3037.0000,3038.0000,3039.0000,1,1,1,1,1,1,1,1,2,2
SF,IH2006,2019-11-06 09:33:41.100,3034.2000,913,0,11832360.000,0,-,-,-,-,3033.4000,3033.2000,3030.2000,3029.8000,3029.4000,3035.2000,3036.6000,3037.0000,3038.0000,3039.0000,1,1,1,1,1,1,1,1,2,2
SF,IH2006,2019-11-06 09:33:41.600,3034.2000,913,0,11832360.000,0,-,-,-,-,3033.4000,3030.2000,3029.8000,3029.4000,3029.0000,3035.2000,3036.6000,3037.0000,3038.0000,3039.0000,1,1,1,1,1,1,1,1,2,2
SF,IH2006,2019-11-06 09:33:42.100,3034.2000,913,0,11832360.000,0,-,-,-,-,3033.4000,3030.2000,3029.8000,3029.4000,3029.0000,3035.0000,3035.2000,3036.6000,3037.0000,3038.0000,1,1,1,1,1,1,1,1,1,2
SF,IH2006,2019-11-06 09:33:42.600,3034.2000,913,0,11832360.000,0,-,-,-,-,3034.2000,3033.4000,3030.2000,3029.8000,3029.4000,3034.8000,3035.0000,3036.6000,3037.0000,3038.0000,1,1,1,1,1,1,1,1,1,2
SF,IH2006,2019-11-06 09:33:43.100,3034.2000,913,0,11832360.000,0,-,-,-,-,3034.2000,3033.4000,3030.2000,3029.8000,3029.4000,3034.8000,3036.6000,3037.0000,3038.0000,3039.0000,1,1,1,1,1,1,1,1,2,2
SF,IH2006,2019-11-06 09:33:43.600,3034.2000,913,0,11832360.000,0,-,-,-,-,3034.2000,3033.4000,3030.2000,3029.8000,3029.4000,3036.6000,3037.0000,3038.0000,3039.0000,3040.0000,1,1,1,1,1,1,1,2,2,5
SF,IH2006,2019-11-06 09:33:44.100,3034.2000,913,0,11832360.000,0,-,-,-,-,3034.2000,3030.2000,3029.8000,3029.4000,3029.0000,3036.4000,3036.6000,3037.0000,3038.0000,3039.0000,1,1,1,1,1,3,1,1,2,2
SF,IH2006,2019-11-06 09:33:44.600,3034.2000,913,0,11832360.000,0,-,-,-,-,3034.2000,3030.2000,3029.8000,3029.4000,3029.0000,3036.2000,3036.4000,3036.6000,3037.0000,3038.0000,1,1,1,1,1,1,3,1,1,2
SF,IH2006,2019-11-06 09:33:45.100,3034.2000,913,0,11832360.000,0,-,-,-,-,3034.2000,3030.2000,3029.8000,3029.4000,3029.0000,3036.0000,3036.2000,3036.6000,3037.0000,3038.0000,1,1,1,1,1,2,1,1,1,2
SF,IH2006,2019-11-06 09:33:45.600,3034.2000,913,0,11832360.000,0,-,-,-,-,3034.2000,3030.2000,3029.8000,3029.4000,3029.0000,3035.8000,3036.0000,3036.6000,3037.0000,3038.0000,1,1,1,1,1,1,2,1,1,2
SF,IH2006,2019-11-06 09:33:46.100,3034.2000,913,0,11832360.000,0,-,-,-,-,3034.2000,3030.2000,3029.8000,3029.4000,3029.0000,3035.6000,3035.8000,3036.6000,3037.0000,3038.0000,1,1,1,1,1,1,1,1,1,2
SF,IH2006,2019-11-06 09:33:46.600,3034.2000,913,0,11832360.000,0,-,-,-,-,3034.2000,3030.2000,3029.8000,3029.4000,3029.0000,3035.4000,3035.6000,3036.6000,3037.0000,3038.0000,1,1,1,1,1,1,1,1,1,2
SF,IH2006,2019-11-06 09:33:47.100,3034.2000,913,0,12742620.000,1,0,1,多换,S,3030.2000,3029.8000,3029.4000,3029.0000,3028.6000,3035.2000,3035.4000,3036.6000,3037.0000,3038.0000,1,1,1,1,1,1,1,1,1,2
SF,IH2006,2019-11-06 09:33:47.600,3034.2000,913,0,12742620.000,0,-,-,-,-,3031.2000,3031.0000,3030.4000,3030.2000,3029.8000,3035.0000,3035.2000,3036.6000,3037.0000,3038.0000,3,1,2,1,1,1,1,1,1,2
SF,IH2006,2019-11-06 09:33:48.100,3034.2000,913,0,12742620.000,0,-,-,-,-,3031.4000,3031.2000,3031.0000,3030.4000,3030.2000,3034.8000,3035.0000,3036.6000,3037.0000,3038.0000,1,3,1,2,1,2,1,1,1,2
SF,IH2006,2019-11-06 09:33:48.600,3034.2000,913,0,12742620.000,0,-,-,-,-,3031.6000,3030.2000,3029.8000,3029.4000,3029.0000,3034.6000,3034.8000,3036.6000,3037.0000,3038.0000,1,1,1,1,1,1,2,1,1,2
SF,IH2006,2019-11-06 09:33:49.100,3034.2000,913,0,12742620.000,0,-,-,-,-,3031.6000,3030.2000,3029.8000,3029.4000,3029.0000,3034.4000,3034.6000,3036.6000,3037.0000,3038.0000,1,1,1,1,1,2,1,1,1,2
SF,IH2006,2019-11-06 09:33:49.600,3034.2000,913,0,12742620.000,0,-,-,-,-,3031.6000,3030.2000,3029.8000,3029.4000,3029.0000,3034.2000,3034.4000,3036.6000,3037.0000,3038.0000,1,1,1,1,1,1,2,1,1,2
SF,IH2006,2019-11-06 09:33:50.100,3034.2000,913,0,12742620.000,0,-,-,-,-,3030.2000,3029.8000,3029.4000,3029.0000,3028.4000,3034.0000,3034.2000,3036.6000,3037.0000,3038.0000,1,1,1,1,1,2,1,1,1,2
SF,IH2006,2019-11-06 09:33:50.600,3034.2000,913,0,12742620.000,0,-,-,-,-,3030.4000,3030.2000,3029.8000,3029.4000,3029.0000,3033.8000,3034.0000,3036.6000,3037.0000,3038.0000,3,1,1,1,1,1,2,1,1,2
SF,IH2006,2019-11-06 09:33:51.100,3034.2000,913,0,12742620.000,0,-,-,-,-,3030.6000,3030.4000,3030.2000,3029.8000,3029.4000,3033.8000,3036.6000,3037.0000,3038.0000,3039.0000,1,3,1,1,1,1,1,1,2,2
SF,IH2006,2019-11-06 09:33:51.600,3034.2000,913,0,12742620.000,0,-,-,-,-,3030.8000,3030.2000,3029.8000,3029.4000,3029.0000,3033.8000,3036.6000,3037.0000,3038.0000,3039.0000,2,1,1,1,1,1,1,1,2,2
SF,IH2006,2019-11-06 09:33:52.100,3034.2000,913,0,12742620.000,0,-,-,-,-,3030.8000,3030.2000,3029.8000,3029.4000,3029.0000,3033.6000,3033.8000,3036.6000,3037.0000,3038.0000,2,1,1,1,1,1,1,1,1,2
SF,IH2006,2019-11-06 09:33:55.600,3034.2000,913,0,12742620.000,0,-,-,-,-,3030.8000,3030.2000,3029.8000,3029.4000,3029.0000,3033.6000,3033.8000,3036.6000,3037.0000,3038.0000,2,1,1,1,1,2,1,1,1,2
SF,IH2006,2019-11-06 09:33:58.100,3034.2000,913,0,12742620.000,0,-,-,-,-,3031.0000,3030.8000,3030.2000,3029.8000,3029.4000,3033.6000,3033.8000,3036.6000,3037.0000,3038.0000,1,2,1,1,1,2,1,1,1,2
SF,IH2006,2019-11-06 09:33:58.600,3034.2000,913,0,12742620.000,0,-,-,-,-,3031.2000,3031.0000,3030.2000,3029.8000,3029.4000,3036.6000,3037.0000,3038.0000,3039.0000,3040.0000,2,1,1,1,1,1,1,2,2,5
SF,IH2006,2019-11-06 09:33:59.100,3034.2000,913,0,12742620.000,0,-,-,-,-,3031.2000,3030.2000,3029.8000,3029.4000,3029.0000,3035.4000,3036.6000,3037.0000,3038.0000,3039.0000,2,1,1,1,1,3,1,1,2,2
SF,IH2006,2019-11-06 09:33:59.600,3034.2000,913,0,12742620.000,0,-,-,-,-,3031.4000,3031.2000,3030.2000,3029.8000,3029.4000,3035.2000,3035.4000,3036.6000,3037.0000,3038.0000,1,2,1,1,1,1,3,1,1,2
SF,IH2006,2019-11-06 09:34:00.100,3034.2000,913,0,12742620.000,0,-,-,-,-,3031.6000,3030.2000,3029.8000,3029.4000,3029.0000,3035.0000,3035.2000,3036.6000,3037.0000,3038.0000,1,1,1,1,1,2,1,1,1,2
SF,IH2006,2019-11-06 09:34:00.600,3034.2000,913,0,12742620.000,0,-,-,-,-,3031.6000,3030.2000,3029.8000,3029.4000,3029.0000,3034.8000,3035.0000,3036.6000,3037.0000,3038.0000,1,1,1,1,1,1,2,1,1,2
SF,IH2006,2019-11-06 09:34:01.100,3034.2000,913,0,12742620.000,0,-,-,-,-,3031.6000,3030.2000,3029.8000,3029.4000,3029.0000,3034.6000,3036.6000,3037.0000,3038.0000,3039.0000,1,1,1,1,1,2,1,1,2,2
SF,IH2006,2019-11-06 09:34:01.600,3034.2000,913,0,12742620.000,0,-,-,-,-,3031.6000,3030.2000,3029.8000,3029.4000,3029.0000,3034.4000,3034.6000,3036.6000,3037.0000,3038.0000,1,1,1,1,1,1,2,1,1,2
SF,IH2006,2019-11-06 09:34:02.100,3034.2000,913,0,12742620.000,0,-,-,-,-,3031.6000,3030.2000,3029.8000,3029.4000,3029.0000,3034.2000,3034.4000,3036.6000,3037.0000,3038.0000,1,1,1,1,1,1,1,1,1,2
SF,IH2006,2019-11-06 09:34:03.600,3034.2000,913,0,12742620.000,0,-,-,-,-,3031.6000,3030.2000,3029.8000,3029.4000,3029.0000,3034.0000,3034.2000,3036.6000,3037.0000,3038.0000,1,1,1,1,1,1,1,1,1,2
SF,IH2006,2019-11-06 09:34:04.100,3034.2000,913,0,12742620.000,0,-,-,-,-,3031.6000,3030.2000,3029.8000,3029.4000,3029.0000,3033.8000,3034.0000,3036.6000,3037.0000,3038.0000,1,1,1,1,1,1,1,1,1,2
SF,IH2006,2019-11-06 09:34:13.100,3034.2000,913,0,12742620.000,0,-,-,-,-,3031.6000,3030.8000,3030.2000,3029.8000,3029.4000,3033.6000,3033.8000,3036.6000,3037.0000,3038.0000,1,1,1,1,1,1,1,1,1,2
SF,IH2006,2019-11-06 09:34:13.600,3034.2000,913,0,12742620.000,0,-,-,-,-,3031.6000,3030.8000,3030.2000,3029.8000,3029.4000,3033.4000,3033.6000,3036.6000,3037.0000,3038.0000,1,1,1,1,1,1,1,1,1,2
SF,IH2006,2019-11-06 09:34:16.600,3034.2000,913,0,12742620.000,0,-,-,-,-,3031.6000,3030.8000,3030.2000,3029.8000,3029.4000,3033.2000,3033.4000,3033.6000,3036.6000,3037.0000,1,1,1,1,1,1,1,1,1,1
SF,IH2006,2019-11-06 09:34:17.100,3034.2000,913,0,12742620.000,0,-,-,-,-,3031.6000,3030.8000,3030.2000,3029.8000,3029.4000,3033.2000,3033.6000,3036.6000,3037.0000,3038.0000,1,1,1,1,1,1,1,1,1,2
SF,IH2006,2019-11-06 09:34:17.600,3034.2000,913,0,12742620.000,0,-,-,-,-,3031.6000,3030.8000,3030.2000,3029.8000,3029.4000,3033.2000,3033.6000,3036.6000,3037.0000,3038.0000,1,1,1,1,1,1,1,1,1,2
SF,IH2006,2019-11-06 09:34:20.600,3034.2000,913,0,12742620.000,0,-,-,-,-,3031.6000,3030.8000,3029.8000,3029.4000,3029.0000,3033.0000,3033.2000,3036.6000,3037.0000,3038.0000,1,1,1,1,1,1,1,1,1,2
SF,IH2006,2019-11-06 09:34:21.100,3034.2000,913,0,12742620.000,0,-,-,-,-,3030.8000,3029.8000,3029.4000,3029.0000,3028.4000,3032.8000,3033.0000,3033.2000,3036.6000,3037.0000,1,1,1,1,1,1,1,1,1,1
SF,IH2006,2019-11-06 09:34:21.600,3034.2000,913,0,12742620.000,0,-,-,-,-,3030.8000,3029.8000,3029.4000,3029.0000,3028.4000,3031.6000,3032.8000,3033.0000,3033.2000,3036.6000,1,1,1,1,1,1,1,1,1,1
SF,IH2006,2019-11-06 09:34:22.100,3034.2000,913,0,12742620.000,0,-,-,-,-,3030.8000,3029.4000,3029.0000,3028.4000,3025.6000,3031.6000,3033.0000,3033.2000,3036.6000,3037.0000,1,1,1,1,1,1,1,1,1,1
SF,IH2006,2019-11-06 09:34:22.600,3034.2000,913,0,12742620.000,0,-,-,-,-,3030.8000,3029.4000,3029.0000,3028.4000,3025.6000,3033.0000,3033.2000,3036.6000,3037.0000,3038.0000,1,1,1,1,1,1,1,1,1,2
SF,IH2006,2019-11-06 09:34:23.100,3034.2000,913,0,12742620.000,0,-,-,-,-,3030.8000,3029.4000,3029.0000,3028.4000,3025.6000,3032.8000,3033.0000,3033.2000,3036.6000,3037.0000,1,1,1,1,1,1,1,1,1,1
SF,IH2006,2019-11-06 09:34:23.600,3034.2000,913,0,12742620.000,0,-,-,-,-,3030.8000,3029.4000,3029.0000,3028.4000,3025.6000,3032.6000,3032.8000,3033.2000,3036.6000,3037.0000,1,1,1,1,1,1,1,1,1,1
SF,IH2006,2019-11-06 09:34:26.100,3034.2000,913,0,12742620.000,0,-,-,-,-,3030.8000,3029.4000,3029.0000,3028.4000,3025.6000,3032.6000,3032.8000,3036.6000,3037.0000,3038.0000,1,1,1,1,1,1,1,1,1,2
SF,IH2006,2019-11-06 09:34:26.600,3034.2000,913,0,12742620.000,0,-,-,-,-,3030.8000,3029.4000,3029.0000,3028.4000,3025.6000,3032.6000,3036.6000,3037.0000,3038.0000,3039.0000,1,1,1,1,1,1,1,1,2,2
SF,IH2006,2019-11-06 09:34:37.100,3034.2000,913,0,12742620.000,0,-,-,-,-,3030.8000,3029.4000,3029.0000,3025.6000,3024.8000,3032.6000,3036.6000,3037.0000,3038.0000,3039.0000,1,1,1,1,5,1,1,1,2,2
SF,IH2006,2019-11-06 09:34:37.600,3034.2000,913,0,12742620.000,0,-,-,-,-,3030.8000,3029.4000,3029.0000,3025.6000,3024.8000,3032.4000,3032.6000,3036.6000,3037.0000,3038.0000,1,1,1,1,5,1,1,1,1,2
SF,IH2006,2019-11-06 09:34:38.100,3034.2000,913,0,12742620.000,0,-,-,-,-,3030.8000,3029.4000,3029.0000,3025.6000,3024.8000,3032.2000,3032.4000,3036.6000,3037.0000,3038.0000,1,1,1,1,5,1,1,1,1,2
SF,IH2006,2019-11-06 09:34:38.600,3034.2000,913,0,12742620.000,0,-,-,-,-,3030.8000,3029.4000,3029.0000,3025.6000,3024.8000,3032.0000,3032.2000,3036.6000,3037.0000,3038.0000,1,1,1,1,5,1,1,1,1,2
SF,IH2006,2019-11-06 09:34:40.600,3034.2000,913,0,12742620.000,0,-,-,-,-,3030.8000,3029.0000,3025.6000,3024.8000,3021.2000,3032.0000,3032.2000,3036.6000,3037.0000,3038.0000,1,1,1,5,2,1,1,1,1,2
SF,IH2006,2019-11-06 09:34:42.100,3034.2000,913,0,12742620.000,0,-,-,-,-,3030.8000,3029.0000,3025.6000,3024.8000,3021.2000,3031.8000,3032.0000,3036.6000,3037.0000,3038.0000,1,1,1,5,2,1,1,1,1,2
SF,IH2006,2019-11-06 09:34:42.600,3034.2000,913,0,12742620.000,0,-,-,-,-,3030.8000,3029.0000,3025.6000,3024.8000,3021.2000,3031.8000,3036.6000,3037.0000,3038.0000,3039.0000,1,1,1,5,2,1,1,1,2,2
SF,IH2006,2019-11-06 09:34:44.600,3034.2000,913,0,12742620.000,0,-,-,-,-,3030.8000,3029.0000,3025.6000,3021.2000,3021.0000,3031.8000,3036.6000,3037.0000,3038.0000,3039.0000,1,1,1,2,5,1,1,1,2,2
SF,IH2006,2019-11-06 09:34:46.100,3034.2000,913,0,12742620.000,0,-,-,-,-,3030.8000,3030.2000,3029.0000,3025.6000,3021.2000,3031.8000,3036.6000,3037.0000,3038.0000,3039.0000,1,1,1,1,2,1,1,1,2,2
SF,IH2006,2019-11-06 09:34:49.100,3030.8000,913,0,13651860.000,1,0,1,多换,S,3030.2000,3025.6000,3021.2000,3021.0000,3020.0000,3031.8000,3036.6000,3037.0000,3038.0000,3039.0000,1,1,2,5,1,1,1,1,2,2
SF,IH2006,2019-11-06 09:34:49.600,3030.8000,913,0,13651860.000,0,-,-,-,-,3030.2000,3025.6000,3021.2000,3021.0000,3020.0000,3031.6000,3031.8000,3036.6000,3037.0000,3038.0000,1,1,2,5,1,1,1,1,1,2
SF,IH2006,2019-11-06 09:34:52.600,3030.8000,913,0,13651860.000,0,-,-,-,-,3030.2000,3025.6000,3021.2000,3021.0000,3020.0000,3031.4000,3031.6000,3036.6000,3037.0000,3038.0000,1,1,2,5,1,1,1,1,1,2
SF,IH2006,2019-11-06 09:34:53.100,3030.2000,913,0,14560920.000,1,0,1,多换,S,3025.6000,3021.2000,3021.0000,3020.0000,3018.4000,3031.2000,3031.4000,3036.6000,3037.0000,3038.0000,1,2,5,1,1,1,1,1,1,2
SF,IH2006,2019-11-06 09:34:53.600,3030.2000,913,0,14560920.000,0,-,-,-,-,3027.4000,3025.8000,3025.6000,3021.2000,3021.0000,3031.0000,3031.2000,3036.6000,3037.0000,3038.0000,3,3,1,2,5,1,1,1,1,2
SF,IH2006,2019-11-06 09:34:54.100,3030.2000,913,0,14560920.000,0,-,-,-,-,3027.6000,3027.4000,3025.8000,3025.6000,3021.2000,3030.8000,3031.0000,3036.6000,3037.0000,3038.0000,1,3,3,1,2,1,1,1,1,2
SF,IH2006,2019-11-06 09:34:54.600,3030.2000,913,0,14560920.000,0,-,-,-,-,3027.8000,3027.6000,3025.8000,3025.6000,3021.2000,3030.6000,3030.8000,3036.6000,3037.0000,3038.0000,2,1,3,1,2,1,1,1,1,2
SF,IH2006,2019-11-06 09:34:55.100,3030.2000,913,0,14560920.000,0,-,-,-,-,3027.8000,3025.8000,3025.6000,3021.2000,3021.0000,3030.4000,3030.6000,3036.6000,3037.0000,3038.0000,2,3,1,2,5,1,1,1,1,2
SF,IH2006,2019-11-06 09:34:57.100,3030.2000,913,0,14560920.000,0,-,-,-,-,3027.8000,3025.8000,3025.6000,3021.2000,3021.0000,3030.2000,3030.4000,3036.6000,3037.0000,3038.0000,2,3,1,2,5,1,1,1,1,2
SF,IH2006,2019-11-06 09:34:57.600,3030.2000,913,0,14560920.000,0,-,-,-,-,3027.8000,3025.8000,3025.6000,3021.2000,3021.0000,3036.6000,3037.0000,3038.0000,3039.0000,3040.0000,2,3,1,2,5,1,1,2,2,5
SF,IH2006,2019-11-06 09:34:58.100,3030.2000,913,0,14560920.000,0,-,-,-,-,3027.8000,3025.8000,3025.6000,3021.2000,3021.0000,3031.8000,3035.4000,3036.4000,3036.6000,3037.0000,2,3,1,2,5,3,3,1,1,1
SF,IH2006,2019-11-06 09:34:58.600,3030.2000,913,0,14560920.000,0,-,-,-,-,3027.8000,3025.8000,3025.6000,3021.2000,3021.0000,3031.6000,3031.8000,3036.4000,3036.6000,3037.0000,2,3,1,2,5,1,3,1,1,1
SF,IH2006,2019-11-06 09:34:59.100,3030.2000,913,0,14560920.000,0,-,-,-,-,3027.8000,3025.8000,3025.6000,3021.2000,3021.0000,3031.4000,3031.6000,3036.4000,3036.6000,3037.0000,2,3,1,2,5,2,1,1,1,1
SF,IH2006,2019-11-06 09:34:59.600,3030.2000,913,0,14560920.000,0,-,-,-,-,3027.8000,3025.8000,3025.6000,3021.2000,3021.0000,3031.2000,3031.4000,3036.4000,3036.6000,3037.0000,2,3,1,2,5,1,2,1,1,1
SF,IH2006,2019-11-06 09:35:00.100,3030.2000,913,0,14560920.000,0,-,-,-,-,3027.8000,3025.8000,3025.6000,3021.2000,3021.0000,3031.0000,3031.2000,3036.4000,3036.6000,3037.0000,2,3,1,2,5,1,1,1,1,1
SF,IH2006,2019-11-06 09:35:00.600,3030.2000,913,0,14560920.000,0,-,-,-,-,3028.0000,3027.8000,3025.8000,3025.6000,3021.2000,3030.8000,3031.0000,3036.4000,3036.6000,3037.0000,1,2,3,1,2,1,1,1,1,1
SF,IH2006,2019-11-06 09:35:01.100,3030.2000,913,0,14560920.000,0,-,-,-,-,3028.2000,3028.0000,3025.8000,3025.6000,3021.2000,3030.8000,3036.4000,3036.6000,3037.0000,3038.0000,2,1,3,1,2,1,1,1,1,2
SF,IH2006,2019-11-06 09:35:01.600,3030.2000,913,0,14560920.000,0,-,-,-,-,3028.4000,3028.2000,3028.0000,3025.8000,3025.6000,3030.8000,3036.4000,3036.6000,3037.0000,3038.0000,1,2,1,3,1,1,1,1,1,2
SF,IH2006,2019-11-06 09:35:02.100,3030.2000,913,0,14560920.000,0,-,-,-,-,3028.6000,3028.4000,3028.0000,3025.8000,3025.6000,3030.8000,3036.4000,3036.6000,3037.0000,3038.0000,2,1,1,3,1,1,1,1,1,2
SF,IH2006,2019-11-06 09:35:02.600,3030.2000,913,0,14560920.000,0,-,-,-,-,3028.6000,3028.4000,3028.0000,3025.8000,3025.6000,3036.6000,3037.0000,3038.0000,3039.0000,3040.0000,2,1,1,3,1,1,1,2,2,5
SF,IH2006,2019-11-06 09:35:03.100,3030.2000,913,0,14560920.000,0,-,-,-,-,3028.6000,3028.4000,3028.0000,3025.8000,3025.6000,3033.0000,3036.6000,3037.0000,3038.0000,3039.0000,2,1,1,3,1,3,1,1,2,2
SF,IH2006,2019-11-06 09:35:03.600,3030.2000,913,0,14560920.000,0,-,-,-,-,3028.6000,3028.4000,3028.0000,3025.8000,3025.6000,3032.8000,3033.0000,3036.6000,3037.0000,3038.0000,2,1,1,3,1,1,3,1,1,2
SF,IH2006,2019-11-06 09:35:04.100,3030.2000,913,0,14560920.000,0,-,-,-,-,3028.6000,3028.4000,3028.0000,3025.8000,3025.6000,3032.6000,3032.8000,3036.6000,3037.0000,3038.0000,2,1,1,3,1,2,1,1,1,2
SF,IH2006,2019-11-06 09:35:04.600,3030.2000,913,0,14560920.000,0,-,-,-,-,3028.6000,3028.4000,3028.0000,3025.8000,3025.6000,3032.4000,3032.6000,3036.6000,3037.0000,3038.0000,2,1,1,3,1,1,3,1,1,2
SF,IH2006,2019-11-06 09:35:05.100,3030.2000,913,0,14560920.000,0,-,-,-,-,3028.6000,3028.4000,3028.0000,3025.8000,3025.6000,3032.2000,3032.4000,3032.6000,3036.6000,3037.0000,2,1,1,3,1,1,1,1,1,1
SF,IH2006,2019-11-06 09:35:05.600,3030.2000,913,0,14560920.000,0,-,-,-,-,3028.6000,3028.4000,3028.0000,3025.8000,3025.6000,3032.0000,3032.2000,3032.6000,3036.6000,3037.0000,2,1,1,3,1,1,1,1,1,1
SF,IH2006,2019-11-06 09:35:06.100,3030.2000,913,0,14560920.000,0,-,-,-,-,3028.6000,3028.4000,3028.0000,3025.8000,3025.6000,3031.8000,3032.0000,3032.6000,3036.6000,3037.0000,2,1,1,3,1,1,2,1,1,1
SF,IH2006,2019-11-06 09:35:06.600,3030.2000,913,0,14560920.000,0,-,-,-,-,3028.8000,3028.6000,3028.4000,3028.0000,3025.8000,3031.8000,3032.0000,3032.6000,3036.6000,3037.0000,2,2,1,1,3,1,2,1,1,1
SF,IH2006,2019-11-06 09:35:07.100,3030.2000,913,0,14560920.000,0,-,-,-,-,3029.0000,3028.8000,3028.4000,3028.0000,3025.8000,3031.8000,3032.0000,3036.6000,3037.0000,3038.0000,2,2,1,1,3,1,1,1,1,2
SF,IH2006,2019-11-06 09:35:09.600,3030.2000,913,0,14560920.000,0,-,-,-,-,3029.2000,3029.0000,3028.8000,3028.4000,3028.0000,3031.8000,3032.0000,3036.6000,3037.0000,3038.0000,1,2,1,1,1,1,1,1,1,2
SF,IH2006,2019-11-06 09:35:10.100,3030.2000,913,0,14560920.000,0,-,-,-,-,3029.4000,3029.2000,3028.8000,3028.4000,3028.0000,3031.8000,3032.0000,3036.6000,3037.0000,3038.0000,2,1,1,1,1,1,1,1,1,2
SF,IH2006,2019-11-06 09:35:11.100,3030.2000,913,0,14560920.000,0,-,-,-,-,3029.6000,3029.4000,3029.2000,3028.8000,3028.4000,3031.8000,3032.0000,3036.6000,3037.0000,3038.0000,1,2,1,1,1,1,1,1,1,2
SF,IH2006,2019-11-06 09:35:11.600,3030.2000,913,0,14560920.000,0,-,-,-,-,3029.8000,3029.6000,3029.2000,3028.8000,3028.4000,3031.8000,3032.0000,3036.6000,3037.0000,3038.0000,1,1,1,1,1,1,1,1,1,2
SF,IH2006,2019-11-06 09:35:13.600,3030.2000,913,0,14560920.000,0,-,-,-,-,3030.0000,3029.8000,3029.6000,3028.8000,3028.4000,3031.8000,3032.0000,3036.6000,3037.0000,3038.0000,1,1,1,1,1,1,1,1,1,2
SF,IH2006,2019-11-06 09:35:14.100,3030.2000,913,0,14560920.000,0,-,-,-,-,3030.0000,3029.6000,3028.8000,3028.4000,3028.0000,3031.8000,3032.0000,3036.6000,3037.0000,3038.0000,1,1,1,1,1,1,1,1,1,2
SF,IH2006,2019-11-06 09:35:15.600,3030.2000,913,0,14560920.000,0,-,-,-,-,3030.0000,3029.6000,3028.4000,3028.0000,3025.8000,3031.6000,3031.8000,3036.6000,3037.0000,3038.0000,1,1,1,1,2,1,1,1,1,2
SF,IH2006,2019-11-06 09:35:16.100,3030.2000,913,0,14560920.000,0,-,-,-,-,3030.0000,3029.6000,3028.4000,3028.0000,3025.8000,3031.6000,3036.6000,3037.0000,3038.0000,3039.0000,1,1,1,1,2,1,1,1,2,2
SF,IH2006,2019-11-06 09:35:16.600,3031.6000,912,-1,15470400.000,1,0,1,双平,S,3030.2000,3030.0000,3028.4000,3028.0000,3025.8000,3036.6000,3037.0000,3038.0000,3039.0000,3040.0000,3,1,1,1,2,1,1,2,2,5
SF,IH2006,2019-11-06 09:35:17.100,3031.6000,912,0,15470400.000,0,-,-,-,-,3030.4000,3030.2000,3028.4000,3028.0000,3025.8000,3034.8000,3036.6000,3037.0000,3038.0000,3039.0000,1,3,1,1,2,3,1,1,2,2
SF,IH2006,2019-11-06 09:35:17.600,3031.6000,912,0,15470400.000,0,-,-,-,-,3031.0000,3030.4000,3030.2000,3028.4000,3028.0000,3034.6000,3036.6000,3037.0000,3038.0000,3039.0000,3,1,1,1,1,1,1,1,2,2
SF,IH2006,2019-11-06 09:35:19.600,3031.6000,912,0,15470400.000,0,-,-,-,-,3031.2000,3031.0000,3030.4000,3030.2000,3028.4000,3034.6000,3036.6000,3037.0000,3038.0000,3039.0000,1,4,1,1,1,1,1,1,2,2
SF,IH2006,2019-11-06 09:35:20.100,3031.6000,912,0,15470400.000,0,-,-,-,-,3031.4000,3031.2000,3030.4000,3028.4000,3028.0000,3034.6000,3036.6000,3037.0000,3038.0000,3039.0000,3,1,1,1,1,1,1,1,2,2
SF,IH2006,2019-11-06 09:35:20.600,3031.6000,912,0,15470400.000,0,-,-,-,-,3031.6000,3031.4000,3028.4000,3028.0000,3025.8000,3034.6000,3036.6000,3037.0000,3038.0000,3039.0000,1,3,1,1,2,1,1,1,2,2
SF,IH2006,2019-11-06 09:35:21.100,3031.6000,912,0,15470400.000,0,-,-,-,-,3031.8000,3031.6000,3031.4000,3028.4000,3028.0000,3034.6000,3036.6000,3037.0000,3038.0000,3039.0000,2,1,1,1,1,1,1,1,2,2
SF,IH2006,2019-11-06 09:35:23.600,3031.6000,912,0,15470400.000,0,-,-,-,-,3032.0000,3031.8000,3031.6000,3028.4000,3028.0000,3034.6000,3036.6000,3037.0000,3038.0000,3039.0000,1,2,1,1,1,1,1,1,2,2
SF,IH2006,2019-11-06 09:35:24.100,3031.6000,912,0,15470400.000,0,-,-,-,-,3032.2000,3032.0000,3028.4000,3028.0000,3025.8000,3034.6000,3036.6000,3037.0000,3038.0000,3039.0000,2,1,1,1,2,1,1,1,2,2
SF,IH2006,2019-11-06 09:35:27.100,3031.6000,912,0,15470400.000,0,-,-,-,-,3032.2000,3028.4000,3028.0000,3025.8000,3025.6000,3034.6000,3036.6000,3037.0000,3038.0000,3039.0000,2,1,1,2,1,1,1,1,2,2
SF,IH2006,2019-11-06 09:35:27.600,3032.2000,910,-2,17289720.000,2,0,2,双平,S,3029.4000,3028.4000,3028.0000,3025.8000,3025.6000,3032.2000,3034.6000,3036.6000,3037.0000,3038.0000,1,1,1,2,1,1,1,1,1,2
SF,IH2006,2019-11-06 09:35:28.100,3032.2000,910,0,17289720.000,0,-,-,-,-,3029.4000,3028.4000,3028.0000,3025.8000,3025.6000,3032.2000,3036.6000,3037.0000,3038.0000,3039.0000,1,1,1,2,1,1,1,1,2,2
SF,IH2006,2019-11-06 09:35:28.600,3032.2000,910,0,17289720.000,0,-,-,-,-,3029.4000,3028.4000,3028.0000,3025.8000,3025.6000,3032.0000,3036.6000,3037.0000,3038.0000,3039.0000,1,1,1,2,1,1,1,1,2,2
SF,IH2006,2019-11-06 09:35:30.100,3032.0000,909,-1,18199320.000,1,0,1,双平,S,3029.6000,3029.4000,3028.4000,3028.0000,3025.8000,3034.0000,3036.6000,3037.0000,3038.0000,3039.0000,1,1,1,1,2,1,1,1,2,2
SF,IH2006,2019-11-06 09:35:30.600,3032.0000,909,0,18199320.000,0,-,-,-,-,3029.8000,3029.6000,3028.4000,3028.0000,3025.8000,3033.8000,3036.6000,3037.0000,3038.0000,3039.0000,3,1,1,1,2,2,1,1,2,2
SF,IH2006,2019-11-06 09:35:31.600,3032.0000,909,0,18199320.000,0,-,-,-,-,3029.8000,3029.6000,3028.4000,3028.0000,3025.8000,3033.8000,3036.6000,3037.0000,3038.0000,3039.0000,3,1,1,1,2,2,1,1,2,2
SF,IH2006,2019-11-06 09:35:32.100,3032.0000,909,0,18199320.000,0,-,-,-,-,3030.0000,3029.8000,3029.6000,3028.4000,3028.0000,3033.8000,3036.6000,3037.0000,3038.0000,3039.0000,1,3,1,1,1,2,1,1,2,2
SF,IH2006,2019-11-06 09:35:32.600,3032.0000,909,0,18199320.000,0,-,-,-,-,3030.2000,3030.0000,3029.6000,3028.4000,3028.0000,3033.8000,3036.6000,3037.0000,3038.0000,3039.0000,3,1,1,1,1,2,1,1,2,2
SF,IH2006,2019-11-06 09:35:34.100,3032.0000,909,0,18199320.000,0,-,-,-,-,3030.2000,3028.4000,3028.0000,3025.8000,3025.6000,3033.8000,3036.6000,3037.0000,3038.0000,3039.0000,3,1,1,2,1,2,1,1,2,2
SF,IH2006,2019-11-06 09:35:34.600,3032.0000,909,0,18199320.000,0,-,-,-,-,3030.4000,3028.4000,3028.0000,3025.8000,3025.6000,3033.8000,3036.6000,3037.0000,3038.0000,3039.0000,1,1,1,2,1,2,1,1,2,2
SF,IH2006,2019-11-06 09:35:36.100,3032.0000,909,0,18199320.000,0,-,-,-,-,3030.4000,3028.4000,3028.0000,3025.8000,3025.6000,3033.6000,3033.8000,3036.6000,3037.0000,3038.0000,1,1,1,2,1,1,2,1,1,2
SF,IH2006,2019-11-06 09:35:36.600,3032.0000,909,0,18199320.000,0,-,-,-,-,3030.4000,3028.4000,3028.0000,3025.8000,3025.6000,3033.4000,3033.6000,3036.6000,3037.0000,3038.0000,1,1,1,2,1,2,1,1,1,2
SF,IH2006,2019-11-06 09:35:38.100,3032.0000,909,0,18199320.000,0,-,-,-,-,3030.4000,3028.4000,3028.0000,3025.8000,3025.6000,3033.2000,3033.4000,3036.6000,3037.0000,3038.0000,1,1,1,2,1,1,2,1,1,2
SF,IH2006,2019-11-06 09:35:38.600,3032.0000,909,0,18199320.000,0,-,-,-,-,3030.4000,3028.4000,3028.0000,3025.8000,3025.6000,3033.0000,3033.2000,3036.6000,3037.0000,3038.0000,1,1,1,2,1,1,1,1,1,2
SF,IH2006,2019-11-06 09:35:39.600,3032.0000,909,0,18199320.000,0,-,-,-,-,3030.4000,3028.4000,3028.0000,3025.8000,3025.6000,3033.0000,3033.2000,3036.6000,3037.0000,3038.0000,1,1,1,2,1,1,1,1,2,2
SF,IH2006,2019-11-06 09:35:41.100,3032.0000,909,0,18199320.000,0,-,-,-,-,3030.4000,3028.4000,3028.0000,3025.8000,3025.6000,3033.0000,3036.6000,3037.0000,3038.0000,3039.0000,1,1,1,2,1,1,1,2,2,2
SF,IH2006,2019-11-06 09:36:01.100,3032.0000,909,0,18199320.000,0,-,-,-,-,3030.4000,3028.0000,3025.8000,3025.6000,3021.2000,3033.0000,3036.6000,3037.0000,3038.0000,3039.0000,1,1,2,1,2,1,1,2,2,2
SF,IH2006,2019-11-06 09:36:01.600,3032.0000,909,0,18199320.000,0,-,-,-,-,3028.0000,3025.8000,3025.6000,3021.2000,3021.0000,3033.0000,3036.6000,3037.0000,3038.0000,3039.0000,1,2,1,2,5,1,1,2,2,2
SF,IH2006,2019-11-06 09:36:02.100,3032.0000,909,0,18199320.000,0,-,-,-,-,3028.2000,3028.0000,3025.8000,3025.6000,3021.2000,3033.0000,3036.6000,3037.0000,3038.0000,3039.0000,2,1,2,1,2,1,1,2,2,2
SF,IH2006,2019-11-06 09:36:02.600,3032.0000,909,0,18199320.000,0,-,-,-,-,3030.0000,3028.2000,3028.0000,3025.8000,3025.6000,3033.0000,3036.6000,3037.0000,3038.0000,3039.0000,1,2,1,2,1,1,1,2,2,2
SF,IH2006,2019-11-06 09:36:03.100,3032.0000,909,0,18199320.000,0,-,-,-,-,3030.0000,3028.0000,3025.8000,3025.6000,3021.2000,3032.4000,3033.0000,3036.6000,3037.0000,3038.0000,1,1,2,1,2,1,1,1,2,2
SF,IH2006,2019-11-06 09:36:03.600,3030.0000,910,1,19108320.000,1,1,0,双开,S,3028.0000,3025.8000,3025.6000,3021.2000,3021.0000,3032.2000,3032.4000,3036.6000,3037.0000,3038.0000,1,2,1,2,5,2,1,1,2,2
SF,IH2006,2019-11-06 09:36:04.100,3030.0000,910,0,19108320.000,0,-,-,-,-,3028.2000,3028.0000,3025.8000,3025.6000,3021.2000,3032.2000,3032.4000,3036.6000,3037.0000,3038.0000,2,1,2,1,2,2,1,1,2,2
SF,IH2006,2019-11-06 09:36:04.600,3030.0000,910,0,19108320.000,0,-,-,-,-,3028.2000,3028.0000,3025.8000,3025.6000,3021.2000,3032.0000,3032.2000,3036.6000,3037.0000,3038.0000,2,1,2,1,2,1,2,1,2,2
SF,IH2006,2019-11-06 09:36:05.100,3030.0000,910,0,19108320.000,0,-,-,-,-,3028.2000,3028.0000,3025.8000,3025.6000,3021.2000,3031.8000,3032.0000,3036.6000,3037.0000,3038.0000,2,1,2,1,2,2,1,1,2,2
SF,IH2006,2019-11-06 09:36:06.600,3030.0000,910,0,19108320.000,0,-,-,-,-,3028.2000,3028.0000,3025.8000,3025.6000,3021.2000,3031.6000,3031.8000,3032.0000,3036.6000,3037.0000,2,1,2,1,2,1,2,1,1,2
SF,IH2006,2019-11-06 09:36:07.100,3030.0000,910,0,19108320.000,0,-,-,-,-,3028.2000,3028.0000,3025.8000,3025.6000,3021.2000,3031.6000,3032.0000,3036.6000,3037.0000,3038.0000,2,1,2,1,2,1,1,1,2,2
SF,IH2006,2019-11-06 09:36:07.600,3030.0000,910,0,19108320.000,0,-,-,-,-,3028.4000,3028.2000,3028.0000,3025.8000,3025.6000,3031.6000,3032.0000,3036.6000,3037.0000,3038.0000,1,2,1,2,1,1,1,1,2,2
SF,IH2006,2019-11-06 09:36:08.100,3030.0000,910,0,19108320.000,0,-,-,-,-,3029.4000,3028.6000,3028.4000,3028.0000,3025.8000,3036.6000,3037.0000,3038.0000,3039.0000,3040.0000,3,1,1,1,2,1,2,2,2,5
SF,IH2006,2019-11-06 09:36:08.600,3030.0000,910,0,19108320.000,0,-,-,-,-,3029.4000,3028.6000,3028.4000,3028.0000,3025.8000,3034.0000,3036.6000,3037.0000,3038.0000,3039.0000,3,1,1,1,2,3,1,2,2,2
SF,IH2006,2019-11-06 09:36:09.600,3030.0000,910,0,19108320.000,0,-,-,-,-,3030.0000,3029.4000,3028.6000,3028.4000,3028.0000,3034.0000,3036.6000,3037.0000,3038.0000,3039.0000,1,3,1,1,1,3,1,2,2,2
SF,IH2006,2019-11-06 09:36:10.100,3030.0000,910,0,19108320.000,0,-,-,-,-,3030.0000,3028.6000,3028.4000,3028.0000,3025.8000,3033.2000,3034.0000,3036.6000,3037.0000,3038.0000,1,1,1,1,2,1,3,1,2,2
SF,IH2006,2019-11-06 09:36:10.600,3030.0000,910,0,19108320.000,0,-,-,-,-,3030.0000,3028.6000,3028.4000,3028.0000,3025.8000,3033.0000,3036.6000,3037.0000,3038.0000,3039.0000,1,1,1,1,2,2,1,2,2,2
SF,IH2006,2019-11-06 09:36:11.600,3030.0000,910,0,19108320.000,0,-,-,-,-,3030.0000,3028.4000,3028.0000,3025.8000,3025.6000,3033.0000,3036.6000,3037.0000,3038.0000,3039.0000,1,1,1,2,1,2,1,2,2,2
SF,IH2006,2019-11-06 09:36:12.100,3030.0000,910,0,19108320.000,0,-,-,-,-,3030.2000,3030.0000,3028.4000,3028.0000,3025.8000,3033.0000,3036.6000,3037.0000,3038.0000,3039.0000,1,1,1,1,2,2,1,2,2,2
SF,IH2006,2019-11-06 09:36:13.100,3030.0000,910,0,19108320.000,0,-,-,-,-,3030.2000,3030.0000,3028.4000,3028.0000,3025.8000,3033.0000,3036.6000,3037.0000,3038.0000,3039.0000,2,1,1,1,2,2,1,2,2,2
SF,IH2006,2019-11-06 09:36:16.600,3030.0000,910,0,19108320.000,0,-,-,-,-,3030.2000,3030.0000,3028.4000,3028.0000,3025.8000,3033.0000,3036.6000,3037.0000,3038.0000,3039.0000,1,1,1,1,2,2,1,2,2,2
SF,IH2006,2019-11-06 09:36:20.100,3030.0000,910,0,19108320.000,0,-,-,-,-,3030.2000,3030.0000,3028.0000,3025.8000,3025.6000,3033.0000,3036.6000,3037.0000,3038.0000,3039.0000,1,1,1,2,1,2,1,2,2,2
SF,IH2006,2019-11-06 09:36:20.600,3030.0000,910,0,19108320.000,0,-,-,-,-,3030.0000,3028.0000,3025.8000,3025.6000,3021.2000,3033.0000,3036.6000,3037.0000,3038.0000,3039.0000,1,1,2,1,2,2,1,2,2,2
SF,IH2006,2019-11-06 09:36:22.100,3030.0000,910,0,19108320.000,0,-,-,-,-,3030.0000,3028.0000,3025.8000,3025.6000,3021.2000,3032.8000,3033.0000,3036.6000,3037.0000,3038.0000,1,1,2,1,2,1,2,1,2,2
SF,IH2006,2019-11-06 09:36:22.600,3030.0000,910,0,19108320.000,0,-,-,-,-,3030.0000,3028.0000,3025.8000,3025.6000,3021.2000,3032.6000,3032.8000,3036.6000,3037.0000,3038.0000,1,1,2,1,2,2,1,1,2,2
SF,IH2006,2019-11-06 09:36:24.100,3030.0000,910,0,19108320.000,0,-,-,-,-,3030.0000,3028.0000,3025.8000,3025.6000,3021.2000,3032.6000,3036.6000,3037.0000,3038.0000,3039.0000,1,1,2,1,2,2,1,2,2,2
SF,IH2006,2019-11-06 09:36:30.600,3030.0000,910,0,19108320.000,0,-,-,-,-,3030.0000,3028.0000,3025.8000,3025.6000,3021.2000,3032.6000,3036.6000,3037.0000,3038.0000,3039.0000,1,1,2,1,3,2,1,2,2,2
SF,IH2006,2019-11-06 09:36:31.100,3030.0000,910,0,19108320.000,0,-,-,-,-,3030.0000,3028.0000,3025.8000,3025.6000,3021.2000,3032.4000,3032.6000,3036.6000,3037.0000,3038.0000,1,1,2,1,3,1,2,1,2,2
SF,IH2006,2019-11-06 09:36:31.600,3030.0000,910,0,19108320.000,0,-,-,-,-,3030.0000,3025.8000,3025.6000,3021.2000,3021.0000,3032.2000,3032.4000,3036.6000,3037.0000,3038.0000,1,2,1,3,5,2,1,1,2,2
SF,IH2006,2019-11-06 09:36:34.100,3030.0000,910,0,19108320.000,0,-,-,-,-,3030.0000,3025.8000,3025.6000,3021.2000,3021.0000,3032.2000,3032.4000,3036.6000,3037.0000,3038.0000,1,2,1,3,5,3,1,1,2,2
SF,IH2006,2019-11-06 09:36:34.600,3030.0000,910,0,19108320.000,0,-,-,-,-,3030.0000,3025.8000,3025.6000,3021.2000,3021.0000,3032.2000,3036.6000,3037.0000,3038.0000,3039.0000,1,2,1,3,5,3,1,2,2,2
SF,IH2006,2019-11-06 09:36:35.100,3030.0000,910,0,19108320.000,0,-,-,-,-,3030.0000,3025.8000,3025.6000,3021.2000,3021.0000,3032.2000,3036.6000,3037.0000,3038.0000,3039.0000,1,2,1,3,5,2,1,2,2,2
SF,IH2006,2019-11-06 09:36:49.100,3030.0000,910,0,19108320.000,0,-,-,-,-,3030.0000,3025.8000,3025.6000,3021.2000,3021.0000,3032.0000,3032.2000,3036.6000,3037.0000,3038.0000,1,2,1,3,5,1,2,1,2,2
SF,IH2006,2019-11-06 09:36:49.600,3030.0000,910,0,19108320.000,0,-,-,-,-,3030.0000,3025.8000,3025.6000,3021.2000,3021.0000,3031.8000,3032.0000,3036.6000,3037.0000,3038.0000,1,2,1,3,5,1,1,1,2,2
SF,IH2006,2019-11-06 09:36:50.100,3030.0000,910,0,19108320.000,0,-,-,-,-,3025.8000,3025.6000,3021.2000,3021.0000,3020.0000,3031.8000,3032.0000,3036.6000,3037.0000,3038.0000,2,1,3,5,1,1,1,1,2,2
SF,IH2006,2019-11-06 09:36:50.600,3030.0000,910,0,19108320.000,0,-,-,-,-,3029.6000,3028.0000,3025.8000,3025.6000,3021.2000,3031.8000,3036.6000,3037.0000,3038.0000,3039.0000,1,3,2,1,3,1,1,2,2,2
SF,IH2006,2019-11-06 09:36:51.100,3030.0000,910,0,19108320.000,0,-,-,-,-,3029.6000,3025.8000,3025.6000,3021.2000,3021.0000,3031.8000,3036.6000,3037.0000,3038.0000,3039.0000,1,2,1,3,5,1,1,2,2,2
SF,IH2006,2019-11-06 09:36:53.100,3029.6000,911,1,20017200.000,1,1,0,双开,S,3025.8000,3025.6000,3021.2000,3021.0000,3020.0000,3031.8000,3036.6000,3037.0000,3038.0000,3039.0000,2,1,3,5,1,1,1,2,2,2
SF,IH2006,2019-11-06 09:36:53.600,3029.6000,911,0,20017200.000,0,-,-,-,-,3026.0000,3025.8000,3025.6000,3021.2000,3021.0000,3031.8000,3036.6000,3037.0000,3038.0000,3039.0000,1,2,1,3,5,1,1,2,2,2
SF,IH2006,2019-11-06 09:36:54.100,3029.6000,911,0,20017200.000,0,-,-,-,-,3027.8000,3026.2000,3026.0000,3025.8000,3025.6000,3031.8000,3036.6000,3037.0000,3038.0000,3039.0000,3,2,1,2,1,1,1,2,2,2
SF,IH2006,2019-11-06 09:36:56.600,3029.6000,911,0,20017200.000,0,-,-,-,-,3027.8000,3026.2000,3026.0000,3025.8000,3025.6000,3031.8000,3036.6000,3037.0000,3038.0000,3039.0000,3,2,1,2,1,1,1,1,2,2
SF,IH2006,2019-11-06 09:36:57.600,3029.6000,911,0,20017200.000,0,-,-,-,-,3027.8000,3026.2000,3026.0000,3025.8000,3025.6000,3031.6000,3031.8000,3036.6000,3037.0000,3038.0000,3,2,1,2,1,1,1,1,1,2
SF,IH2006,2019-11-06 09:36:58.100,3029.6000,911,0,20017200.000,0,-,-,-,-,3027.8000,3026.2000,3026.0000,3025.8000,3025.6000,3031.4000,3031.6000,3036.6000,3037.0000,3038.0000,3,2,1,2,1,1,1,1,1,2
SF,IH2006,2019-11-06 09:36:58.600,3029.6000,911,0,20017200.000,0,-,-,-,-,3027.8000,3026.2000,3026.0000,3025.8000,3025.6000,3031.4000,3031.6000,3036.6000,3037.0000,3038.0000,3,2,1,2,1,2,1,1,1,2
SF,IH2006,2019-11-06 09:36:59.600,3029.6000,911,0,20017200.000,0,-,-,-,-,3027.8000,3026.0000,3025.8000,3025.6000,3021.2000,3031.2000,3031.4000,3032.4000,3036.6000,3037.0000,3,1,2,1,3,1,2,5,1,1
SF,IH2006,2019-11-06 09:37:00.100,3029.6000,911,0,20017200.000,0,-,-,-,-,3027.8000,3026.0000,3025.8000,3025.6000,3021.2000,3031.0000,3031.2000,3031.4000,3032.4000,3036.6000,3,1,2,1,3,1,1,1,5,1
SF,IH2006,2019-11-06 09:37:01.600,3029.6000,911,0,20017200.000,0,-,-,-,-,3027.8000,3026.0000,3025.8000,3025.6000,3021.2000,3030.8000,3031.0000,3031.4000,3032.4000,3036.6000,3,1,2,1,3,1,1,1,5,1
SF,IH2006,2019-11-06 09:37:02.100,3029.6000,911,0,20017200.000,0,-,-,-,-,3028.0000,3026.0000,3025.6000,3021.2000,3021.0000,3030.6000,3030.8000,3031.4000,3032.4000,3036.6000,1,1,1,3,5,1,1,1,5,1
SF,IH2006,2019-11-06 09:37:03.100,3029.6000,911,0,20017200.000,0,-,-,-,-,3028.0000,3026.0000,3025.6000,3021.2000,3021.0000,3030.6000,3032.4000,3036.6000,3037.0000,3038.0000,1,1,1,3,5,1,5,1,1,2
SF,IH2006,2019-11-06 09:37:05.600,3028.0000,911,0,20925600.000,1,0,1,多换,S,3026.6000,3026.0000,3025.6000,3021.2000,3021.0000,3030.6000,3032.4000,3036.6000,3037.0000,3038.0000,1,1,1,3,5,1,5,1,1,2
SF,IH2006,2019-11-06 09:37:09.100,3028.0000,911,0,20925600.000,0,-,-,-,-,3026.8000,3026.6000,3026.0000,3025.6000,3021.2000,3030.6000,3032.4000,3036.6000,3037.0000,3038.0000,1,1,1,1,3,1,5,1,1,2
SF,IH2006,2019-11-06 09:37:09.600,3028.0000,911,0,20925600.000,0,-,-,-,-,3027.4000,3027.0000,3026.8000,3026.0000,3025.6000,3030.6000,3036.2000,3036.6000,3037.0000,3038.0000,3,1,1,1,1,1,5,1,1,2
SF,IH2006,2019-11-06 09:37:12.100,3028.0000,911,0,20925600.000,0,-,-,-,-,3028.0000,3027.4000,3027.0000,3026.8000,3026.0000,3030.6000,3036.2000,3036.6000,3037.0000,3038.0000,1,3,1,1,1,1,5,1,1,2
SF,IH2006,2019-11-06 09:37:12.600,3028.0000,911,0,20925600.000,0,-,-,-,-,3028.0000,3026.8000,3026.0000,3025.6000,3021.2000,3030.6000,3036.2000,3036.6000,3037.0000,3038.0000,1,1,1,1,3,1,5,1,1,2
SF,IH2006,2019-11-06 09:37:13.600,3028.0000,911,0,20925600.000,0,-,-,-,-,3028.0000,3026.0000,3025.6000,3021.2000,3021.0000,3030.6000,3036.2000,3036.6000,3037.0000,3038.0000,1,1,1,3,5,1,5,1,1,2
SF,IH2006,2019-11-06 09:37:18.600,3028.0000,912,1,21834000.000,1,1,0,双开,S,3026.0000,3025.6000,3021.2000,3021.0000,3020.0000,3030.6000,3036.2000,3036.6000,3037.0000,3038.0000,1,1,3,5,1,1,5,1,1,2
SF,IH2006,2019-11-06 09:37:19.100,3028.0000,912,0,21834000.000,0,-,-,-,-,3026.2000,3026.0000,3025.6000,3021.2000,3021.0000,3030.6000,3036.2000,3036.6000,3037.0000,3038.0000,2,1,1,3,5,1,5,1,1,2
SF,IH2006,2019-11-06 09:37:19.600,3028.0000,912,0,21834000.000,0,-,-,-,-,3026.2000,3026.0000,3025.6000,3021.2000,3021.0000,3030.4000,3030.6000,3036.2000,3036.6000,3037.0000,2,1,1,3,5,1,1,5,1,1
SF,IH2006,2019-11-06 09:37:20.100,3028.0000,912,0,21834000.000,0,-,-,-,-,3026.2000,3026.0000,3025.6000,3021.2000,3021.0000,3030.2000,3030.4000,3036.2000,3036.6000,3037.0000,2,1,1,3,5,2,1,5,1,1
SF,IH2006,2019-11-06 09:37:21.100,3028.0000,912,0,21834000.000,0,-,-,-,-,3026.2000,3026.0000,3025.6000,3021.2000,3021.0000,3030.2000,3036.2000,3036.6000,3037.0000,3038.0000,2,1,1,3,5,2,5,1,1,2
SF,IH2006,2019-11-06 09:37:23.100,3028.0000,912,0,21834000.000,0,-,-,-,-,3026.2000,3026.0000,3025.6000,3021.2000,3021.0000,3030.0000,3030.2000,3036.2000,3036.6000,3037.0000,2,1,1,3,5,1,2,5,1,1
SF,IH2006,2019-11-06 09:37:24.100,3028.0000,912,0,21834000.000,0,-,-,-,-,3026.2000,3025.6000,3021.2000,3021.0000,3020.0000,3030.0000,3030.2000,3036.2000,3036.6000,3037.0000,2,1,3,5,1,1,2,5,1,1
SF,IH2006,2019-11-06 09:37:24.600,3028.0000,912,0,21834000.000,0,-,-,-,-,3026.2000,3025.6000,3021.2000,3021.0000,3020.0000,3029.8000,3030.0000,3036.2000,3036.6000,3037.0000,2,1,3,5,1,2,1,5,1,1
SF,IH2006,2019-11-06 09:37:27.600,3028.0000,912,0,21834000.000,0,-,-,-,-,3026.4000,3026.2000,3025.6000,3021.2000,3021.0000,3029.8000,3036.2000,3036.6000,3037.0000,3038.0000,1,2,1,3,5,2,5,1,1,2
SF,IH2006,2019-11-06 09:37:28.100,3028.0000,912,0,21834000.000,0,-,-,-,-,3026.6000,3025.6000,3021.2000,3021.0000,3020.0000,3029.8000,3036.2000,3036.6000,3037.0000,3038.0000,2,1,3,5,1,2,5,1,1,2
SF,IH2006,2019-11-06 09:37:30.100,3028.0000,912,0,21834000.000,0,-,-,-,-,3026.8000,3026.6000,3025.6000,3021.2000,3021.0000,3029.8000,3036.2000,3036.6000,3037.0000,3038.0000,1,2,1,3,5,2,5,1,1,2
SF,IH2006,2019-11-06 09:37:30.600,3028.0000,912,0,21834000.000,0,-,-,-,-,3027.0000,3025.6000,3021.2000,3021.0000,3020.0000,3029.8000,3036.2000,3036.6000,3037.0000,3038.0000,1,1,2,5,1,2,5,1,1,2
SF,IH2006,2019-11-06 09:37:59.600,3028.0000,912,0,21834000.000,0,-,-,-,-,3028.0000,3027.2000,3027.0000,3025.6000,3021.2000,3029.8000,3036.2000,3036.6000,3037.0000,3038.0000,1,1,1,1,2,2,5,1,1,2
SF,IH2006,2019-11-06 09:38:00.100,3028.0000,912,0,21834000.000,0,-,-,-,-,3028.0000,3027.2000,3025.6000,3021.2000,3021.0000,3029.8000,3036.2000,3036.6000,3037.0000,3038.0000,1,1,1,2,5,2,5,1,1,2
SF,IH2006,2019-11-06 09:38:07.100,3028.0000,912,0,21834000.000,0,-,-,-,-,3027.2000,3025.6000,3021.2000,3021.0000,3020.0000,3029.8000,3036.2000,3036.6000,3037.0000,3038.0000,1,1,2,5,1,2,5,1,1,2
SF,IH2006,2019-11-06 09:38:07.600,3028.0000,912,0,21834000.000,0,-,-,-,-,3027.2000,3027.0000,3025.6000,3021.2000,3021.0000,3029.8000,3036.2000,3036.6000,3037.0000,3038.0000,1,1,1,2,5,2,5,1,1,2
SF,IH2006,2019-11-06 09:38:08.100,3028.0000,912,0,21834000.000,0,-,-,-,-,3028.0000,3027.2000,3027.0000,3025.6000,3021.2000,3029.8000,3036.2000,3036.6000,3037.0000,3038.0000,2,1,1,1,2,2,5,1,1,2
SF,IH2006,2019-11-06 09:38:08.600,3028.0000,912,0,22742400.000,1,0,1,多换,S,3028.0000,3027.2000,3027.0000,3025.6000,3021.2000,3029.8000,3036.2000,3036.6000,3037.0000,3038.0000,1,1,1,1,2,2,5,1,1,2
SF,IH2006,2019-11-06 09:38:09.600,3028.0000,912,0,22742400.000,0,-,-,-,-,3028.0000,3027.0000,3025.6000,3021.2000,3021.0000,3029.8000,3036.2000,3036.6000,3037.0000,3038.0000,1,1,1,2,5,2,5,1,1,2
SF,IH2006,2019-11-06 09:38:10.100,3028.0000,912,0,22742400.000,0,-,-,-,-,3028.0000,3027.0000,3025.6000,3021.2000,3021.0000,3036.2000,3036.6000,3037.0000,3038.0000,3039.0000,1,1,1,2,5,5,1,1,2,2
SF,IH2006,2019-11-06 09:38:10.600,3028.0000,912,0,22742400.000,0,-,-,-,-,3028.0000,3027.0000,3025.6000,3021.2000,3021.0000,3031.4000,3036.0000,3036.2000,3036.6000,3037.0000,1,1,1,2,5,3,1,5,1,1
SF,IH2006,2019-11-06 09:38:11.100,3028.0000,912,0,22742400.000,0,-,-,-,-,3028.0000,3027.0000,3025.6000,3021.2000,3021.0000,3031.4000,3036.0000,3036.2000,3036.6000,3037.0000,2,1,1,2,5,3,1,5,1,1
SF,IH2006,2019-11-06 09:38:13.100,3028.0000,912,0,22742400.000,0,-,-,-,-,3028.0000,3027.0000,3025.6000,3021.2000,3021.0000,3030.8000,3031.4000,3036.0000,3036.2000,3036.6000,2,1,1,2,5,1,3,1,5,1
SF,IH2006,2019-11-06 09:38:13.600,3028.0000,912,0,22742400.000,0,-,-,-,-,3028.0000,3027.0000,3025.6000,3021.2000,3021.0000,3030.6000,3030.8000,3036.0000,3036.2000,3036.6000,2,1,1,2,5,3,1,1,5,1
SF,IH2006,2019-11-06 09:38:14.100,3028.0000,913,1,23650800.000,1,1,0,双开,S,3027.0000,3025.6000,3021.2000,3021.0000,3020.0000,3030.6000,3030.8000,3036.0000,3036.2000,3036.6000,1,1,2,5,1,3,1,1,5,1
SF,IH2006,2019-11-06 09:38:14.600,3028.0000,913,0,23650800.000,0,-,-,-,-,3027.0000,3025.6000,3021.2000,3021.0000,3020.0000,3030.0000,3030.6000,3036.0000,3036.2000,3036.6000,1,1,2,5,1,1,3,1,5,1
SF,IH2006,2019-11-06 09:38:15.100,3028.0000,913,0,23650800.000,0,-,-,-,-,3027.0000,3025.6000,3021.2000,3021.0000,3020.0000,3029.8000,3030.0000,3036.0000,3036.2000,3036.6000,1,1,2,5,1,2,1,1,5,1
SF,IH2006,2019-11-06 09:38:20.100,3028.0000,913,0,23650800.000,0,-,-,-,-,3027.0000,3025.6000,3021.2000,3021.0000,3020.0000,3029.6000,3029.8000,3036.0000,3036.2000,3036.6000,1,1,2,5,1,1,2,1,5,1
SF,IH2006,2019-11-06 09:38:20.600,3028.0000,913,0,23650800.000,0,-,-,-,-,3027.0000,3025.6000,3021.2000,3021.0000,3020.0000,3029.4000,3029.6000,3036.0000,3036.2000,3036.6000,1,1,2,5,1,1,1,1,5,1
SF,IH2006,2019-11-06 09:38:21.600,3028.0000,913,0,23650800.000,0,-,-,-,-,3027.0000,3025.6000,3021.2000,3021.0000,3020.0000,3029.4000,3036.0000,3036.2000,3036.6000,3037.0000,1,1,2,5,1,1,1,5,1,1
SF,IH2006,2019-11-06 09:38:24.100,3028.0000,913,0,23650800.000,0,-,-,-,-,3028.0000,3027.0000,3025.6000,3021.2000,3021.0000,3029.4000,3036.0000,3036.2000,3036.6000,3037.0000,1,1,1,2,5,1,1,5,1,1
SF,IH2006,2019-11-06 09:38:47.100,3029.4000,912,-1,24559620.000,1,0,1,双平,S,3028.0000,3027.6000,3027.0000,3025.6000,3021.2000,3031.8000,3036.0000,3036.2000,3036.6000,3037.0000,1,1,1,1,2,1,1,5,1,1
SF,IH2006,2019-11-06 09:38:47.600,3029.4000,912,0,24559620.000,0,-,-,-,-,3028.2000,3027.0000,3025.6000,3021.2000,3021.0000,3031.8000,3036.0000,3036.2000,3036.6000,3037.0000,1,1,1,2,5,1,1,5,1,1
SF,IH2006,2019-11-06 09:38:49.600,3029.4000,912,0,24559620.000,0,-,-,-,-,3028.2000,3027.0000,3025.6000,3021.2000,3021.0000,3031.4000,3031.8000,3036.0000,3036.2000,3036.6000,1,1,1,2,5,1,1,1,5,1
SF,IH2006,2019-11-06 09:38:50.100,3029.4000,912,0,24559620.000,0,-,-,-,-,3028.2000,3027.0000,3025.6000,3021.2000,3021.0000,3031.4000,3036.0000,3036.2000,3036.6000,3037.0000,1,1,1,2,5,1,1,5,1,1
SF,IH2006,2019-11-06 09:38:51.100,3029.4000,912,0,24559620.000,0,-,-,-,-,3028.2000,3027.0000,3025.6000,3021.2000,3021.0000,3031.4000,3036.2000,3036.6000,3037.0000,3038.0000,1,1,1,2,5,1,5,1,1,2
SF,IH2006,2019-11-06 09:38:57.100,3029.4000,912,0,24559620.000,0,-,-,-,-,3029.0000,3028.2000,3027.0000,3025.6000,3021.2000,3031.4000,3036.2000,3036.6000,3037.0000,3038.0000,1,1,1,1,2,1,5,1,1,2
SF,IH2006,2019-11-06 09:39:01.100,3029.4000,912,0,24559620.000,0,-,-,-,-,3029.0000,3028.2000,3027.0000,3025.6000,3021.2000,3031.2000,3031.4000,3036.2000,3036.6000,3037.0000,1,1,1,1,2,1,1,5,1,1
SF,IH2006,2019-11-06 09:39:01.600,3029.4000,912,0,24559620.000,0,-,-,-,-,3029.0000,3027.0000,3025.6000,3021.2000,3021.0000,3031.0000,3031.2000,3031.4000,3036.2000,3036.6000,1,1,1,2,5,1,1,1,5,1
SF,IH2006,2019-11-06 09:39:02.600,3029.4000,912,0,24559620.000,0,-,-,-,-,3029.2000,3029.0000,3025.6000,3021.2000,3021.0000,3031.0000,3031.2000,3031.4000,3036.2000,3036.6000,1,1,1,2,5,1,1,1,5,1
SF,IH2006,2019-11-06 09:39:03.100,3029.4000,912,0,24559620.000,0,-,-,-,-,3029.2000,3029.0000,3025.6000,3021.2000,3021.0000,3030.8000,3031.0000,3031.2000,3036.2000,3036.6000,1,1,1,2,5,1,1,1,5,1
SF,IH2006,2019-11-06 09:39:03.600,3029.4000,912,0,24559620.000,0,-,-,-,-,3029.2000,3029.0000,3025.6000,3021.2000,3021.0000,3030.6000,3030.8000,3031.2000,3036.2000,3036.6000,1,1,1,2,5,1,1,1,5,1
SF,IH2006,2019-11-06 09:39:04.100,3029.2000,912,0,25468380.000,1,0,1,多换,S,3029.0000,3025.6000,3021.2000,3021.0000,3020.0000,3030.6000,3030.8000,3036.2000,3036.6000,3037.0000,1,1,2,5,1,1,1,5,1,1
SF,IH2006,2019-11-06 09:39:04.600,3029.2000,912,0,25468380.000,0,-,-,-,-,3029.0000,3025.6000,3021.2000,3021.0000,3020.0000,3029.2000,3030.4000,3030.6000,3030.8000,3036.2000,1,1,2,5,1,1,1,1,1,5
SF,IH2006,2019-11-06 09:39:05.100,3029.2000,912,0,25468380.000,0,-,-,-,-,3029.0000,3025.6000,3021.2000,3021.0000,3020.0000,3030.4000,3030.8000,3036.2000,3036.6000,3037.0000,1,1,2,5,1,1,1,5,1,1
SF,IH2006,2019-11-06 09:39:05.600,3029.2000,912,0,25468380.000,0,-,-,-,-,3029.0000,3025.6000,3021.2000,3021.0000,3020.0000,3030.8000,3036.2000,3036.6000,3037.0000,3038.0000,1,1,2,5,1,1,5,1,1,2
SF,IH2006,2019-11-06 09:39:06.600,3029.2000,912,0,25468380.000,0,-,-,-,-,3029.0000,3021.2000,3021.0000,3020.0000,3018.4000,3030.8000,3036.2000,3036.6000,3037.0000,3038.0000,1,2,5,1,1,1,5,1,1,2
SF,IH2006,2019-11-06 09:39:07.100,3029.2000,912,0,25468380.000,0,-,-,-,-,3029.0000,3026.6000,3021.2000,3021.0000,3020.0000,3030.8000,3036.2000,3036.6000,3037.0000,3038.0000,1,1,2,5,1,1,5,1,1,2
SF,IH2006,2019-11-06 09:39:08.100,3029.2000,912,0,25468380.000,0,-,-,-,-,3029.0000,3026.6000,3021.2000,3021.0000,3020.0000,3030.6000,3030.8000,3036.2000,3036.6000,3037.0000,1,1,2,5,1,1,1,5,1,1
SF,IH2006,2019-11-06 09:39:08.600,3029.2000,912,0,25468380.000,0,-,-,-,-,3029.0000,3026.6000,3021.2000,3021.0000,3020.0000,3030.8000,3036.2000,3036.6000,3037.0000,3038.0000,1,1,2,5,1,1,5,1,1,2
SF,IH2006,2019-11-06 09:39:10.100,3029.2000,912,0,25468380.000,0,-,-,-,-,3029.0000,3026.6000,3021.2000,3021.0000,3020.0000,3036.2000,3036.6000,3037.0000,3038.0000,3039.0000,1,1,2,5,1,5,1,1,2,2
SF,IH2006,2019-11-06 09:39:10.600,3029.2000,912,0,25468380.000,0,-,-,-,-,3029.0000,3026.6000,3021.2000,3021.0000,3020.0000,3033.0000,3034.8000,3036.2000,3036.6000,3037.0000,1,1,2,5,1,3,3,5,1,1
SF,IH2006,2019-11-06 09:39:11.100,3029.2000,912,0,25468380.000,0,-,-,-,-,3029.0000,3026.6000,3021.2000,3021.0000,3020.0000,3031.4000,3033.0000,3034.8000,3036.2000,3036.6000,1,1,2,5,1,1,3,3,5,1
SF,IH2006,2019-11-06 09:39:11.600,3029.2000,912,0,25468380.000,0,-,-,-,-,3029.0000,3026.6000,3021.2000,3021.0000,3020.0000,3031.4000,3032.2000,3036.2000,3036.6000,3037.0000,1,1,2,5,1,1,1,5,1,1
SF,IH2006,2019-11-06 09:39:12.100,3029.2000,912,0,25468380.000,0,-,-,-,-,3029.2000,3029.0000,3026.6000,3021.2000,3021.0000,3031.4000,3032.2000,3036.2000,3036.6000,3037.0000,1,1,1,2,5,1,1,5,1,1
SF,IH2006,2019-11-06 09:39:13.100,3029.2000,912,0,26377140.000,1,0,1,多换,S,3029.0000,3027.8000,3026.6000,3021.2000,3021.0000,3031.4000,3032.0000,3032.2000,3036.2000,3036.6000,1,1,1,2,5,1,1,1,5,1
SF,IH2006,2019-11-06 09:39:13.600,3029.2000,912,0,26377140.000,0,-,-,-,-,3029.0000,3026.6000,3021.2000,3021.0000,3020.0000,3032.2000,3036.2000,3036.6000,3037.0000,3038.0000,1,1,2,5,1,1,5,1,1,2
SF,IH2006,2019-11-06 09:39:14.100,3029.2000,912,0,26377140.000,0,-,-,-,-,3029.0000,3026.6000,3021.2000,3021.0000,3020.0000,3032.0000,3036.2000,3036.6000,3037.0000,3038.0000,1,1,2,5,1,2,5,1,1,2
SF,IH2006,2019-11-06 09:39:15.100,3029.2000,912,0,26377140.000,0,-,-,-,-,3029.0000,3026.6000,3021.2000,3021.0000,3020.0000,3031.6000,3032.0000,3036.2000,3036.6000,3037.0000,1,1,2,5,1,1,2,5,1,1
SF,IH2006,2019-11-06 09:39:15.600,3029.2000,912,0,26377140.000,0,-,-,-,-,3029.0000,3026.6000,3021.2000,3021.0000,3020.0000,3031.4000,3031.6000,3031.8000,3036.2000,3036.6000,1,1,2,5,1,1,1,1,5,1
SF,IH2006,2019-11-06 09:39:17.600,3029.2000,912,0,26377140.000,0,-,-,-,-,3029.0000,3026.6000,3021.2000,3021.0000,3020.0000,3031.4000,3031.8000,3036.2000,3036.6000,3037.0000,1,1,2,5,1,1,1,5,1,1
SF,IH2006,2019-11-06 09:39:20.600,3029.2000,912,0,26377140.000,0,-,-,-,-,3029.0000,3026.6000,3021.2000,3021.0000,3020.0000,3031.2000,3031.4000,3031.8000,3036.2000,3036.6000,1,1,2,5,1,1,1,1,5,1
SF,IH2006,2019-11-06 09:39:21.100,3029.2000,912,0,26377140.000,0,-,-,-,-,3029.0000,3026.6000,3021.2000,3021.0000,3020.0000,3031.2000,3031.8000,3036.2000,3036.6000,3037.0000,1,1,2,5,1,1,1,5,1,1
SF,IH2006,2019-11-06 09:39:25.100,3029.2000,912,0,26377140.000,0,-,-,-,-,3029.0000,3026.6000,3021.2000,3021.0000,3020.0000,3031.8000,3036.2000,3036.6000,3037.0000,3038.0000,1,1,2,5,1,1,5,1,1,2
SF,IH2006,2019-11-06 09:39:25.600,3029.2000,912,0,26377140.000,0,-,-,-,-,3029.0000,3026.6000,3021.2000,3021.0000,3020.0000,3031.6000,3031.8000,3036.2000,3036.6000,3037.0000,1,1,2,5,1,1,1,5,1,1
SF,IH2006,2019-11-06 09:39:27.600,3029.2000,912,0,26377140.000,0,-,-,-,-,3029.0000,3026.6000,3021.2000,3021.0000,3020.0000,3031.4000,3031.6000,3031.8000,3036.2000,3036.6000,1,1,2,5,1,1,1,1,5,1
SF,IH2006,2019-11-06 09:39:28.100,3029.2000,912,0,26377140.000,0,-,-,-,-,3029.2000,3029.0000,3026.6000,3021.2000,3021.0000,3031.4000,3031.8000,3036.2000,3036.6000,3037.0000,1,1,1,2,5,1,1,5,1,1
SF,IH2006,2019-11-06 09:39:30.100,3029.2000,912,0,26377140.000,0,-,-,-,-,3029.2000,3029.0000,3026.6000,3021.2000,3021.0000,3036.2000,3036.6000,3037.0000,3038.0000,3039.0000,1,1,1,2,5,5,1,1,2,2
SF,IH2006,2019-11-06 09:39:30.600,3029.2000,912,0,26377140.000,0,-,-,-,-,3029.2000,3029.0000,3026.6000,3021.2000,3021.0000,3033.4000,3036.2000,3036.6000,3037.0000,3038.0000,1,1,1,2,5,3,5,1,1,2
SF,IH2006,2019-11-06 09:39:31.100,3029.2000,912,0,26377140.000,0,-,-,-,-,3029.2000,3029.0000,3026.6000,3021.2000,3021.0000,3032.6000,3033.4000,3036.2000,3036.6000,3037.0000,1,1,1,2,5,1,3,5,1,1
SF,IH2006,2019-11-06 09:39:31.600,3029.2000,912,0,26377140.000,0,-,-,-,-,3029.2000,3029.0000,3026.6000,3021.2000,3021.0000,3032.4000,3032.6000,3036.2000,3036.6000,3037.0000,1,1,1,2,5,1,1,5,1,1
SF,IH2006,2019-11-06 09:39:39.100,3029.2000,912,0,26377140.000,0,-,-,-,-,3029.2000,3029.0000,3026.6000,3021.2000,3021.0000,3032.2000,3032.4000,3036.2000,3036.6000,3037.0000,1,1,1,2,5,2,1,5,1,1
SF,IH2006,2019-11-06 09:39:39.600,3029.2000,912,0,26377140.000,0,-,-,-,-,3029.2000,3029.0000,3026.6000,3021.2000,3021.0000,3032.0000,3032.2000,3036.2000,3036.6000,3037.0000,1,1,1,2,5,1,2,5,1,1
SF,IH2006,2019-11-06 09:39:41.100,3029.2000,912,0,26377140.000,0,-,-,-,-,3029.2000,3029.0000,3026.6000,3021.2000,3021.0000,3031.8000,3032.0000,3036.2000,3036.6000,3037.0000,1,1,1,2,5,2,1,5,1,1
SF,IH2006,2019-11-06 09:39:41.600,3029.2000,912,0,26377140.000,0,-,-,-,-,3029.2000,3029.0000,3026.6000,3021.2000,3021.0000,3031.8000,3036.2000,3036.6000,3037.0000,3038.0000,1,1,1,2,5,2,5,1,1,2
SF,IH2006,2019-11-06 09:39:43.600,3029.2000,912,0,26377140.000,0,-,-,-,-,3029.4000,3029.2000,3029.0000,3026.6000,3021.2000,3031.8000,3036.2000,3036.6000,3037.0000,3038.0000,1,1,1,1,2,2,5,1,1,2
SF,IH2006,2019-11-06 09:39:44.100,3029.2000,912,0,26377140.000,0,-,-,-,-,3029.4000,3029.0000,3026.6000,3021.2000,3021.0000,3031.8000,3036.2000,3036.6000,3037.0000,3038.0000,1,1,1,2,5,2,5,1,1,2
SF,IH2006,2019-11-06 09:39:44.600,3029.2000,912,0,26377140.000,0,-,-,-,-,3029.4000,3029.0000,3026.6000,3021.2000,3021.0000,3031.6000,3031.8000,3036.2000,3036.6000,3037.0000,1,1,1,2,5,1,2,5,1,1
SF,IH2006,2019-11-06 09:39:50.100,3029.2000,912,0,26377140.000,0,-,-,-,-,3029.4000,3029.0000,3026.6000,3021.2000,3021.0000,3031.6000,3031.8000,3036.2000,3036.6000,3037.0000,1,1,1,2,5,1,1,5,1,1
SF,IH2006,2019-11-06 09:39:50.600,3029.2000,912,0,26377140.000,0,-,-,-,-,3029.4000,3029.0000,3026.6000,3021.2000,3021.0000,3031.6000,3036.2000,3036.6000,3037.0000,3038.0000,1,1,1,2,5,1,5,1,1,2
SF,IH2006,2019-11-06 09:40:08.100,3029.2000,912,0,26377140.000,0,-,-,-,-,3030.0000,3029.4000,3029.0000,3026.6000,3021.2000,3031.6000,3036.2000,3036.6000,3037.0000,3038.0000,1,1,1,1,2,1,5,1,1,2
SF,IH2006,2019-11-06 09:40:08.600,3029.2000,912,0,26377140.000,0,-,-,-,-,3030.0000,3029.4000,3029.0000,3026.6000,3021.2000,3031.6000,3036.2000,3036.6000,3037.0000,3038.0000,1,1,2,1,2,1,5,1,1,2
SF,IH2006,2019-11-06 09:40:09.100,3030.0000,912,0,27286140.000,1,0,1,多换,S,3029.4000,3029.0000,3026.6000,3021.2000,3021.0000,3031.6000,3036.2000,3036.6000,3037.0000,3038.0000,1,2,1,2,5,1,5,1,1,2
SF,IH2006,2019-11-06 09:40:16.100,3031.6000,912,0,28195620.000,1,0,1,多换,S,3029.4000,3029.0000,3026.6000,3021.2000,3021.0000,3033.6000,3036.2000,3036.6000,3037.0000,3038.0000,2,2,1,2,5,1,5,1,1,2
SF,IH2006,2019-11-06 09:40:17.100,3031.6000,912,0,28195620.000,0,-,-,-,-,3029.4000,3029.0000,3026.6000,3021.2000,3021.0000,3032.2000,3033.6000,3036.2000,3036.6000,3037.0000,2,2,1,2,5,1,1,5,1,1
SF,IH2006,2019-11-06 09:40:17.600,3031.6000,912,0,28195620.000,0,-,-,-,-,3029.4000,3029.0000,3026.6000,3021.2000,3021.0000,3032.2000,3036.2000,3036.6000,3037.0000,3038.0000,2,2,1,2,5,1,5,1,1,2
SF,IH2006,2019-11-06 09:40:21.100,3029.4000,913,1,29104440.000,1,1,0,双开,S,3029.4000,3029.0000,3026.6000,3021.2000,3021.0000,3036.2000,3036.6000,3037.0000,3038.0000,3039.0000,1,2,1,2,5,5,1,1,2,2
SF,IH2006,2019-11-06 09:40:21.600,3029.4000,913,0,29104440.000,0,-,-,-,-,3029.4000,3029.0000,3026.6000,3021.2000,3021.0000,3032.8000,3034.8000,3036.2000,3036.6000,3037.0000,1,2,1,2,5,1,3,5,1,1
SF,IH2006,2019-11-06 09:40:22.100,3029.4000,913,0,29104440.000,0,-,-,-,-,3029.4000,3029.0000,3026.6000,3021.2000,3021.0000,3032.8000,3036.2000,3036.6000,3037.0000,3038.0000,1,2,1,2,5,1,5,1,1,2
SF,IH2006,2019-11-06 09:40:26.100,3029.4000,913,0,29104440.000,0,-,-,-,-,3029.4000,3029.0000,3021.2000,3021.0000,3020.0000,3032.8000,3036.2000,3036.6000,3037.0000,3038.0000,1,2,2,5,1,1,5,1,1,2
SF,IH2006,2019-11-06 09:40:26.600,3029.4000,913,0,29104440.000,0,-,-,-,-,3029.6000,3029.4000,3029.0000,3021.2000,3021.0000,3032.6000,3032.8000,3036.2000,3036.6000,3037.0000,1,1,2,2,5,1,1,5,1,1
SF,IH2006,2019-11-06 09:40:27.100,3029.4000,913,0,29104440.000,0,-,-,-,-,3029.8000,3029.6000,3029.0000,3021.2000,3021.0000,3032.6000,3032.8000,3036.2000,3036.6000,3037.0000,1,1,2,2,5,1,1,5,1,1
SF,IH2006,2019-11-06 09:40:27.600,3029.4000,913,0,29104440.000,0,-,-,-,-,3029.8000,3029.6000,3029.0000,3021.2000,3021.0000,3032.4000,3032.6000,3036.2000,3036.6000,3037.0000,1,1,2,2,5,1,1,5,1,1
SF,IH2006,2019-11-06 09:40:28.100,3029.4000,913,0,29104440.000,0,-,-,-,-,3029.8000,3029.6000,3029.0000,3021.2000,3021.0000,3032.4000,3036.2000,3036.6000,3037.0000,3038.0000,1,1,2,2,5,1,5,1,1,2
SF,IH2006,2019-11-06 09:40:31.600,3029.8000,913,0,30013380.000,1,0,1,多换,S,3029.6000,3029.0000,3028.2000,3021.2000,3021.0000,3032.2000,3032.4000,3036.2000,3036.6000,3037.0000,1,2,1,2,5,1,2,5,1,1
SF,IH2006,2019-11-06 09:40:32.100,3029.8000,913,0,30013380.000,0,-,-,-,-,3029.6000,3029.0000,3021.2000,3021.0000,3020.0000,3032.0000,3032.2000,3032.4000,3036.2000,3036.6000,1,2,2,5,1,1,1,1,5,1
SF,IH2006,2019-11-06 09:40:32.600,3029.8000,913,0,30013380.000,0,-,-,-,-,3029.6000,3029.0000,3021.2000,3021.0000,3020.0000,3032.0000,3032.2000,3036.2000,3036.6000,3037.0000,1,2,2,5,1,2,1,5,1,1
SF,IH2006,2019-11-06 09:40:33.100,3029.8000,913,0,30013380.000,0,-,-,-,-,3029.6000,3029.0000,3021.2000,3021.0000,3020.0000,3031.8000,3032.0000,3036.2000,3036.6000,3037.0000,1,2,2,5,1,1,1,5,1,1
SF,IH2006,2019-11-06 09:40:33.600,3029.8000,913,0,30013380.000,0,-,-,-,-,3029.6000,3029.0000,3021.2000,3021.0000,3020.0000,3031.8000,3036.2000,3036.6000,3037.0000,3038.0000,1,2,2,5,1,1,5,1,1,2
SF,IH2006,2019-11-06 09:40:54.100,3029.6000,913,0,30922260.000,1,0,1,多换,S,3029.0000,3021.2000,3021.0000,3020.0000,3015.8000,3031.8000,3036.2000,3036.6000,3037.0000,3038.0000,2,2,5,1,1,1,5,1,1,2
SF,IH2006,2019-11-06 09:40:54.600,3029.6000,913,0,30922260.000,0,-,-,-,-,3029.2000,3029.0000,3021.2000,3021.0000,3020.0000,3031.8000,3036.2000,3036.6000,3037.0000,3038.0000,1,2,2,5,1,1,5,1,1,2
SF,IH2006,2019-11-06 09:40:55.100,3029.6000,913,0,30922260.000,0,-,-,-,-,3029.2000,3029.0000,3021.2000,3021.0000,3020.0000,3031.6000,3031.8000,3036.2000,3036.6000,3037.0000,1,2,2,5,1,1,1,5,1,1
SF,IH2006,2019-11-06 09:40:57.100,3029.6000,913,0,30922260.000,0,-,-,-,-,3029.2000,3029.0000,3021.2000,3021.0000,3020.0000,3031.6000,3036.2000,3036.6000,3037.0000,3038.0000,1,2,2,5,1,1,5,1,1,2
SF,IH2006,2019-11-06 09:40:58.100,3029.6000,913,0,30922260.000,0,-,-,-,-,3029.2000,3029.0000,3021.2000,3021.0000,3020.0000,3031.4000,3031.6000,3036.2000,3036.6000,3037.0000,1,2,2,5,1,1,1,5,1,1
SF,IH2006,2019-11-06 09:40:59.100,3029.6000,913,0,30922260.000,0,-,-,-,-,3029.2000,3029.0000,3021.2000,3021.0000,3020.0000,3031.6000,3036.2000,3036.6000,3037.0000,3038.0000,1,2,2,5,1,1,5,1,1,2
SF,IH2006,2019-11-06 09:40:59.600,3029.6000,913,0,30922260.000,0,-,-,-,-,3029.2000,3029.0000,3021.2000,3021.0000,3020.0000,3036.2000,3036.6000,3037.0000,3038.0000,3039.0000,1,2,2,5,1,5,1,1,2,2
SF,IH2006,2019-11-06 09:41:00.100,3029.6000,913,0,30922260.000,0,-,-,-,-,3029.2000,3029.0000,3021.2000,3021.0000,3020.0000,3033.6000,3035.0000,3036.2000,3036.6000,3037.0000,1,2,2,5,1,3,3,5,1,1
SF,IH2006,2019-11-06 09:41:01.100,3029.6000,913,0,30922260.000,0,-,-,-,-,3029.2000,3029.0000,3021.2000,3021.0000,3020.0000,3032.0000,3033.6000,3035.0000,3036.2000,3036.6000,1,2,2,5,1,1,3,3,5,1
SF,IH2006,2019-11-06 09:41:01.600,3029.6000,913,0,30922260.000,0,-,-,-,-,3029.2000,3029.0000,3021.2000,3021.0000,3020.0000,3032.0000,3035.0000,3036.2000,3036.6000,3037.0000,1,2,2,5,1,1,3,5,1,1
SF,IH2006,2019-11-06 09:41:03.100,3029.6000,913,0,30922260.000,0,-,-,-,-,3029.2000,3029.0000,3021.2000,3021.0000,3020.0000,3031.8000,3032.0000,3035.0000,3036.2000,3036.6000,1,2,2,5,1,1,1,3,5,1
SF,IH2006,2019-11-06 09:41:03.600,3029.6000,913,0,30922260.000,0,-,-,-,-,3029.2000,3029.0000,3021.2000,3021.0000,3020.0000,3031.6000,3031.8000,3032.0000,3036.2000,3036.6000,1,2,2,5,1,1,1,1,5,1
SF,IH2006,2019-11-06 09:41:04.100,3029.6000,913,0,30922260.000,0,-,-,-,-,3029.2000,3029.0000,3021.2000,3021.0000,3020.0000,3031.4000,3031.6000,3031.8000,3036.2000,3036.6000,1,2,2,5,1,1,1,1,5,1
SF,IH2006,2019-11-06 09:41:04.600,3029.6000,913,0,30922260.000,0,-,-,-,-,3029.2000,3029.0000,3021.2000,3021.0000,3020.0000,3031.4000,3031.8000,3036.2000,3036.6000,3037.0000,1,2,2,5,1,1,1,5,1,1
SF,IH2006,2019-11-06 09:41:05.100,3029.6000,913,0,30922260.000,0,-,-,-,-,3029.2000,3029.0000,3021.2000,3021.0000,3020.0000,3031.4000,3036.2000,3036.6000,3037.0000,3038.0000,1,2,2,5,1,1,5,1,1,2
SF,IH2006,2019-11-06 09:41:08.600,3029.6000,913,0,30922260.000,0,-,-,-,-,3029.2000,3029.0000,3021.2000,3021.0000,3020.0000,3036.2000,3036.6000,3037.0000,3038.0000,3039.0000,1,2,2,5,1,5,1,1,2,2
SF,IH2006,2019-11-06 09:41:09.100,3029.6000,913,0,30922260.000,0,-,-,-,-,3029.2000,3029.0000,3021.2000,3021.0000,3020.0000,3033.4000,3036.2000,3036.6000,3037.0000,3038.0000,1,2,2,5,1,3,5,1,1,2
SF,IH2006,2019-11-06 09:41:10.100,3029.6000,913,0,30922260.000,0,-,-,-,-,3029.2000,3029.0000,3021.2000,3021.0000,3020.0000,3032.4000,3033.4000,3036.2000,3036.6000,3037.0000,1,2,2,5,1,1,3,5,1,1
SF,IH2006,2019-11-06 09:41:10.600,3029.6000,913,0,30922260.000,0,-,-,-,-,3029.2000,3029.0000,3021.2000,3021.0000,3020.0000,3032.2000,3032.4000,3036.2000,3036.6000,3037.0000,1,2,2,5,1,1,1,5,1,1
SF,IH2006,2019-11-06 09:41:11.100,3029.6000,913,0,30922260.000,0,-,-,-,-,3029.2000,3029.0000,3021.2000,3021.0000,3020.0000,3032.2000,3032.4000,3036.2000,3036.6000,3037.0000,1,2,2,5,1,1,1,5,1,1
SF,IH2006,2019-11-06 09:41:11.600,3029.6000,913,0,30922260.000,0,-,-,-,-,3029.2000,3029.0000,3021.2000,3021.0000,3020.0000,3031.8000,3032.2000,3036.2000,3036.6000,3037.0000,1,2,2,5,1,1,1,5,1,1
SF,IH2006,2019-11-06 09:41:12.100,3029.6000,913,0,30922260.000,0,-,-,-,-,3029.2000,3029.0000,3021.2000,3021.0000,3020.0000,3031.8000,3036.2000,3036.6000,3037.0000,3038.0000,1,2,2,5,1,1,5,1,1,2
SF,IH2006,2019-11-06 09:41:13.600,3029.6000,913,0,30922260.000,0,-,-,-,-,3029.2000,3029.0000,3021.2000,3021.0000,3020.0000,3031.6000,3031.8000,3036.2000,3036.6000,3037.0000,1,2,2,5,1,1,1,5,1,1
SF,IH2006,2019-11-06 09:41:16.600,3029.6000,913,0,30922260.000,0,-,-,-,-,3029.2000,3029.0000,3021.2000,3021.0000,3020.0000,3031.6000,3036.2000,3036.6000,3037.0000,3038.0000,1,2,2,5,1,1,5,1,1,2
SF,IH2006,2019-11-06 09:41:27.600,3029.6000,913,0,30922260.000,0,-,-,-,-,3029.2000,3029.0000,3021.2000,3021.0000,3020.0000,3031.6000,3036.2000,3036.6000,3037.0000,3038.0000,1,2,2,5,1,1,5,1,1,2
SF,IH2006,2019-11-06 09:41:28.100,3029.6000,913,0,30922260.000,0,-,-,-,-,3029.2000,3029.0000,3021.2000,3021.0000,3020.0000,3031.4000,3031.6000,3036.2000,3036.6000,3037.0000,1,2,2,5,1,1,1,5,1,1
SF,IH2006,2019-11-06 09:41:30.100,3029.6000,913,0,30922260.000,0,-,-,-,-,3029.2000,3029.0000,3021.2000,3021.0000,3020.0000,3031.4000,3036.2000,3036.6000,3037.0000,3038.0000,1,2,2,5,1,1,5,1,1,2
SF,IH2006,2019-11-06 09:41:30.600,3029.6000,913,0,30922260.000,0,-,-,-,-,3029.2000,3029.0000,3021.2000,3021.0000,3020.0000,3031.2000,3031.4000,3036.2000,3036.6000,3037.0000,1,2,2,5,1,1,1,5,1,1
SF,IH2006,2019-11-06 09:41:31.100,3029.6000,913,0,30922260.000,0,-,-,-,-,3029.2000,3029.0000,3021.2000,3021.0000,3020.0000,3031.2000,3031.4000,3036.2000,3036.6000,3037.0000,1,2,2,5,1,2,1,5,1,1
SF,IH2006,2019-11-06 09:41:31.600,3029.6000,913,0,30922260.000,0,-,-,-,-,3029.0000,3021.2000,3021.0000,3020.0000,3015.8000,3031.2000,3031.4000,3036.2000,3036.6000,3037.0000,2,2,5,1,1,2,1,5,1,1
SF,IH2006,2019-11-06 09:41:32.100,3029.6000,913,0,30922260.000,0,-,-,-,-,3029.0000,3021.2000,3021.0000,3020.0000,3015.8000,3031.0000,3031.2000,3036.2000,3036.6000,3037.0000,2,2,5,1,1,1,2,5,1,1
SF,IH2006,2019-11-06 09:41:32.600,3029.6000,913,0,30922260.000,0,-,-,-,-,3029.0000,3021.2000,3021.0000,3020.0000,3015.8000,3031.0000,3031.2000,3036.2000,3036.6000,3037.0000,2,2,5,1,1,1,1,5,1,1
SF,IH2006,2019-11-06 09:41:33.600,3029.6000,913,0,30922260.000,0,-,-,-,-,3029.0000,3021.2000,3021.0000,3020.0000,3015.8000,3031.0000,3036.2000,3036.6000,3037.0000,3038.0000,2,2,5,1,1,1,5,1,1,2
