市场代码,合约代码,时间,最新,持仓,增仓,成交额,成交量,开仓,平仓,成交类型,方向,买一价,买二价,买三价,买四价,买五价,卖一价,卖二价,卖三价,卖四价,卖五价,买一量,买二量,买三量,买四量,买五量,卖一量,卖二量,卖三量,卖四量,卖五量
SF,IH2007,2020-05-25 09:29:00.000,2711.4000,4573,0,1626840.000,2.000,-,-,-,-,2711.2000,2709.6000,2708.4000,2706.6000,2706.4000,2717.0000,2719.8000,2721.8000,2722.4000,2722.8000,1,1,4,1,1,1,4,1,1,1
SF,IH2007,2020-05-25 09:30:00.500,2711.4000,4573,0,1626840.000,0,-,-,-,-,2711.4000,2711.2000,2709.6000,2707.4000,2705.4000,2716.8000,2717.0000,2721.8000,2723.0000,2724.8000,1,1,1,2,1,1,1,1,2,2
SF,IH2007,2020-05-25 09:30:01.000,2711.4000,4573,0,1626840.000,0,-,-,-,-,2711.6000,2711.4000,2711.2000,2707.4000,2700.4000,2714.6000,2716.6000,2716.8000,2721.8000,2723.0000,2,1,1,2,3,1,1,1,1,2
SF,IH2007,2020-05-25 09:30:01.500,2711.4000,4573,0,1626840.000,0,-,-,-,-,2711.8000,2711.6000,2711.2000,2707.4000,2700.4000,2716.8000,2721.8000,2723.0000,2724.8000,2725.0000,2,3,1,2,3,1,1,2,2,1
SF,IH2007,2020-05-25 09:30:02.000,2711.4000,4573,0,1626840.000,0,-,-,-,-,2712.0000,2711.8000,2711.6000,2711.2000,2707.4000,2715.4000,2716.6000,2721.8000,2723.0000,2724.8000,2,3,2,1,2,1,2,1,2,2
SF,IH2007,2020-05-25 09:30:02.500,2711.4000,4573,0,1626840.000,0,-,-,-,-,2712.2000,2712.0000,2711.8000,2711.6000,2711.2000,2715.2000,2716.6000,2721.8000,2723.0000,2724.8000,2,1,1,2,1,2,2,1,2,2
SF,IH2007,2020-05-25 09:30:03.000,2711.4000,4573,0,1626840.000,0,-,-,-,-,2712.4000,2712.2000,2711.2000,2704.0000,2700.4000,2716.6000,2721.8000,2723.0000,2724.8000,2725.0000,4,2,1,1,3,2,1,2,2,1
SF,IH2007,2020-05-25 09:30:03.500,2711.4000,4573,0,1626840.000,0,-,-,-,-,2712.6000,2712.4000,2711.2000,2704.0000,2700.4000,2716.4000,2716.6000,2721.8000,2723.0000,2724.8000,2,4,1,1,3,3,1,1,2,2
SF,IH2007,2020-05-25 09:30:04.000,2711.4000,4573,0,1626840.000,0,-,-,-,-,2712.8000,2712.6000,2712.4000,2704.0000,2700.4000,2716.2000,2716.4000,2716.6000,2723.0000,2724.8000,2,2,3,1,1,1,3,1,2,2
SF,IH2007,2020-05-25 09:30:04.500,2711.4000,4573,0,1626840.000,0,-,-,-,-,2713.0000,2712.8000,2712.4000,2704.0000,2700.4000,2716.0000,2716.2000,2716.4000,2716.6000,2723.0000,2,2,3,1,1,3,1,1,1,2
SF,IH2007,2020-05-25 09:30:05.000,2711.4000,4573,0,1626840.000,0,-,-,-,-,2713.2000,2713.0000,2712.8000,2712.4000,2704.0000,2716.0000,2716.4000,2716.6000,2723.0000,2724.8000,2,2,1,3,1,3,1,1,2,2
SF,IH2007,2020-05-25 09:30:05.500,2711.4000,4573,0,1626840.000,0,-,-,-,-,2713.4000,2713.2000,2712.8000,2712.4000,2704.0000,2723.0000,2724.8000,2725.0000,2726.8000,2730.0000,4,2,1,1,1,2,2,1,4,1
SF,IH2007,2020-05-25 09:30:06.000,2711.4000,4573,0,1626840.000,0,-,-,-,-,2713.6000,2713.4000,2713.2000,2712.8000,2712.4000,2717.6000,2718.2000,2722.8000,2723.0000,2724.8000,2,4,1,1,1,1,1,3,3,2
SF,IH2007,2020-05-25 09:30:06.500,2711.4000,4573,0,1626840.000,0,-,-,-,-,2713.8000,2713.6000,2713.4000,2713.2000,2712.8000,2717.4000,2722.8000,2723.0000,2724.8000,2725.0000,2,1,2,1,1,3,1,3,2,1
SF,IH2007,2020-05-25 09:30:07.000,2711.4000,4573,0,1626840.000,0,-,-,-,-,2713.8000,2713.4000,2713.2000,2712.8000,2712.4000,2717.2000,2717.4000,2722.8000,2723.0000,2724.8000,2,2,1,1,1,1,2,1,3,2
SF,IH2007,2020-05-25 09:30:07.500,2711.4000,4573,0,1626840.000,0,-,-,-,-,2713.8000,2713.4000,2704.0000,2700.4000,2700.2000,2716.2000,2717.0000,2717.2000,2717.4000,2722.8000,2,2,1,1,2,1,2,1,1,1
SF,IH2007,2020-05-25 09:30:08.000,2711.4000,4573,0,1626840.000,0,-,-,-,-,2713.8000,2713.4000,2704.0000,2700.4000,2700.2000,2716.0000,2716.2000,2717.0000,2717.4000,2722.8000,1,2,1,1,2,3,1,1,1,1
SF,IH2007,2020-05-25 09:30:08.500,2711.4000,4573,0,1626840.000,0,-,-,-,-,2713.8000,2713.4000,2704.0000,2700.4000,2700.2000,2716.0000,2717.0000,2717.4000,2722.8000,2723.0000,1,2,1,1,2,3,1,1,1,3
SF,IH2007,2020-05-25 09:30:09.000,2711.4000,4573,0,1626840.000,0,-,-,-,-,2704.0000,2700.4000,2700.2000,2700.0000,2653.2000,2715.0000,2715.8000,2716.0000,2717.0000,2717.4000,1,1,2,3,1,1,1,3,1,1
SF,IH2007,2020-05-25 09:30:09.500,2711.4000,4573,0,1626840.000,0,-,-,-,-,2710.6000,2706.2000,2705.6000,2704.2000,2704.0000,2714.8000,2716.0000,2717.0000,2717.4000,2722.8000,1,4,1,6,1,3,1,1,1,1
SF,IH2007,2020-05-25 09:30:10.000,2711.4000,4573,0,1626840.000,0,-,-,-,-,2710.8000,2706.2000,2704.2000,2704.0000,2700.4000,2713.8000,2714.8000,2716.0000,2717.0000,2717.4000,4,4,3,1,1,1,3,1,1,1
SF,IH2007,2020-05-25 09:30:10.500,2710.8000,4572,-1,2440080.000,1,0,1,双平,S,2710.8000,2704.2000,2704.0000,2700.4000,2700.2000,2713.6000,2714.8000,2716.0000,2717.0000,2717.4000,2,3,1,1,2,4,1,1,1,1
SF,IH2007,2020-05-25 09:30:11.000,2710.8000,4572,0,2440080.000,0,-,-,-,-,2704.2000,2704.0000,2700.4000,2700.2000,2700.0000,2712.8000,2713.4000,2713.6000,2714.8000,2716.0000,3,1,1,2,3,1,2,4,1,1
SF,IH2007,2020-05-25 09:30:11.500,2710.8000,4572,0,2440080.000,0,-,-,-,-,2708.8000,2705.0000,2704.4000,2704.2000,2704.0000,2712.6000,2712.8000,2713.4000,2713.6000,2714.8000,1,4,4,3,1,2,1,2,1,1
SF,IH2007,2020-05-25 09:30:12.000,2710.8000,4572,0,2440080.000,0,-,-,-,-,2710.2000,2709.0000,2705.0000,2704.4000,2704.2000,2712.6000,2712.8000,2713.4000,2713.6000,2714.8000,1,6,4,1,3,2,1,2,1,1
SF,IH2007,2020-05-25 09:30:12.500,2710.8000,4572,0,2440080.000,0,-,-,-,-,2710.4000,2710.2000,2709.0000,2705.0000,2704.4000,2712.6000,2713.6000,2714.8000,2716.0000,2717.0000,6,1,3,4,1,1,1,1,1,1
SF,IH2007,2020-05-25 09:30:13.000,2710.8000,4572,0,2440080.000,0,-,-,-,-,2710.6000,2710.4000,2710.2000,2709.0000,2705.0000,2712.4000,2713.6000,2714.8000,2716.0000,2717.0000,1,3,1,3,4,1,1,1,1,1
SF,IH2007,2020-05-25 09:30:13.500,2710.8000,4572,0,2440080.000,0,-,-,-,-,2710.8000,2710.6000,2710.2000,2709.0000,2705.0000,2712.2000,2713.6000,2714.8000,2716.0000,2717.0000,2,1,1,3,4,1,1,1,1,1
SF,IH2007,2020-05-25 09:30:14.000,2710.8000,4571,-1,3253320.000,1,0,1,双平,S,2710.8000,2710.6000,2710.2000,2709.0000,2705.0000,2712.2000,2713.6000,2714.8000,2716.0000,2717.0000,1,1,1,3,4,1,1,1,1,1
SF,IH2007,2020-05-25 09:30:14.500,2712.2000,4570,-1,4066980.000,1,0,1,双平,S,2710.8000,2710.6000,2710.2000,2709.0000,2705.0000,2713.6000,2714.8000,2716.0000,2717.0000,2717.4000,1,1,1,3,4,1,1,1,1,1
SF,IH2007,2020-05-25 09:30:15.000,2712.2000,4570,0,4066980.000,0,-,-,-,-,2711.0000,2710.8000,2710.6000,2710.2000,2709.0000,2713.4000,2713.6000,2714.8000,2716.0000,2717.0000,2,1,1,1,3,2,1,1,1,1
SF,IH2007,2020-05-25 09:30:15.500,2711.0000,4568,-2,5693640.000,2,0,2,双平,S,2710.6000,2710.2000,2709.0000,2705.0000,2704.4000,2712.8000,2713.2000,2713.4000,2713.6000,2714.8000,1,1,3,4,1,1,3,1,1,1
SF,IH2007,2020-05-25 09:30:16.000,2711.0000,4568,0,5693640.000,0,-,-,-,-,2710.6000,2710.2000,2709.0000,2705.0000,2704.4000,2712.6000,2712.8000,2713.4000,2713.6000,2714.8000,1,1,2,4,1,4,2,1,1,1
SF,IH2007,2020-05-25 09:30:16.500,2711.0000,4568,0,5693640.000,0,-,-,-,-,2710.6000,2710.2000,2709.0000,2705.0000,2704.4000,2712.4000,2712.6000,2713.4000,2713.6000,2714.8000,1,1,2,4,1,2,5,1,1,1
SF,IH2007,2020-05-25 09:30:17.000,2711.0000,4568,0,5693640.000,0,-,-,-,-,2710.6000,2710.2000,2709.0000,2705.0000,2704.4000,2712.2000,2712.4000,2712.6000,2713.4000,2713.6000,1,1,2,4,1,4,3,1,1,1
SF,IH2007,2020-05-25 09:30:17.500,2711.0000,4568,0,5693640.000,0,-,-,-,-,2710.6000,2710.2000,2709.0000,2705.0000,2704.4000,2712.2000,2712.4000,2712.6000,2713.4000,2713.6000,1,1,2,4,1,5,2,1,1,1
SF,IH2007,2020-05-25 09:30:18.000,2710.6000,4567,-1,6506820.000,1,0,1,双平,S,2710.2000,2710.0000,2709.0000,2705.0000,2704.4000,2712.2000,2712.6000,2713.4000,2713.6000,2714.8000,1,1,2,4,1,4,1,1,1,1
SF,IH2007,2020-05-25 09:30:18.500,2710.6000,4567,0,6506820.000,0,-,-,-,-,2710.2000,2710.0000,2709.0000,2705.0000,2704.4000,2712.0000,2712.2000,2712.6000,2713.4000,2713.6000,1,1,2,4,1,2,4,1,1,1
SF,IH2007,2020-05-25 09:30:19.000,2710.6000,4567,0,6506820.000,0,-,-,-,-,2710.2000,2710.0000,2709.0000,2705.0000,2704.4000,2711.8000,2712.0000,2712.6000,2713.4000,2713.6000,1,1,2,4,1,3,3,1,1,1
SF,IH2007,2020-05-25 09:30:19.500,2710.6000,4567,0,6506820.000,0,-,-,-,-,2710.2000,2710.0000,2709.0000,2705.0000,2704.4000,2711.8000,2712.0000,2712.6000,2713.4000,2713.6000,1,1,2,4,1,4,2,1,1,1
SF,IH2007,2020-05-25 09:30:20.000,2710.6000,4567,0,6506820.000,0,-,-,-,-,2710.2000,2710.0000,2709.0000,2705.0000,2704.4000,2711.8000,2712.6000,2713.4000,2713.6000,2714.8000,1,1,2,4,1,4,1,1,1,1
SF,IH2007,2020-05-25 09:30:21.500,2710.6000,4567,0,6506820.000,0,-,-,-,-,2710.2000,2710.0000,2709.0000,2705.0000,2704.0000,2711.8000,2712.6000,2713.4000,2713.6000,2722.8000,1,1,2,4,1,4,1,1,1,1
SF,IH2007,2020-05-25 09:30:22.000,2711.6000,4566,-1,7320300.000,1,0,1,双平,S,2710.2000,2710.0000,2709.0000,2705.0000,2704.0000,2711.6000,2711.8000,2712.6000,2713.4000,2713.6000,1,1,2,4,1,1,3,1,1,1
SF,IH2007,2020-05-25 09:30:22.500,2711.6000,4566,0,7320300.000,0,-,-,-,-,2710.2000,2710.0000,2709.0000,2705.0000,2704.0000,2711.4000,2711.6000,2711.8000,2712.6000,2713.4000,1,1,2,4,1,1,2,1,1,1
SF,IH2007,2020-05-25 09:30:23.000,2711.6000,4566,0,7320300.000,0,-,-,-,-,2710.2000,2710.0000,2709.0000,2705.0000,2704.0000,2711.2000,2711.4000,2711.8000,2712.6000,2722.8000,1,1,2,4,1,1,2,1,1,1
SF,IH2007,2020-05-25 09:30:23.500,2710.2000,4565,-1,8133360.000,1,0,1,双平,S,2710.0000,2709.0000,2705.0000,2704.0000,2700.4000,2711.0000,2711.2000,2711.8000,2712.6000,2722.8000,1,2,4,1,1,1,1,1,1,1
SF,IH2007,2020-05-25 09:30:24.000,2710.0000,4565,0,8946360.000,1,0,1,多换,S,2709.0000,2705.0000,2704.0000,2700.4000,2700.2000,2710.8000,2711.0000,2711.8000,2712.6000,2722.8000,2,4,1,1,2,1,2,1,1,1
SF,IH2007,2020-05-25 09:30:24.500,2710.8000,4564,-1,9759600.000,1,0,1,双平,S,2709.2000,2709.0000,2705.0000,2704.0000,2700.4000,2710.8000,2711.0000,2712.6000,2722.8000,2723.0000,2,2,4,1,1,1,1,1,1,2
SF,IH2007,2020-05-25 09:30:25.000,2709.4000,4563,-1,10572420.000,1,0,1,双平,S,2709.4000,2709.2000,2709.0000,2705.0000,2704.0000,2710.8000,2712.6000,2722.8000,2723.0000,2724.0000,1,1,2,4,1,1,1,1,2,3
SF,IH2007,2020-05-25 09:30:29.500,2709.4000,4563,0,10572420.000,0,-,-,-,-,2709.4000,2709.2000,2704.0000,2700.4000,2700.2000,2710.8000,2712.6000,2722.8000,2723.0000,2724.0000,1,1,1,1,2,1,1,1,2,3
SF,IH2007,2020-05-25 09:30:30.000,2709.4000,4563,0,10572420.000,0,-,-,-,-,2709.6000,2704.0000,2700.4000,2700.2000,2700.0000,2710.6000,2710.8000,2712.6000,2722.8000,2723.0000,1,1,1,2,3,1,1,1,1,2
SF,IH2007,2020-05-25 09:30:30.500,2709.6000,4562,-1,11385300.000,1,0,1,双平,S,2704.0000,2700.4000,2700.2000,2700.0000,2653.2000,2710.4000,2710.6000,2712.6000,2722.8000,2723.0000,1,1,2,3,1,1,2,1,1,2
SF,IH2007,2020-05-25 09:30:31.000,2709.6000,4562,0,11385300.000,0,-,-,-,-,2708.6000,2707.4000,2704.6000,2704.2000,2704.0000,2710.4000,2712.6000,2722.8000,2723.0000,2724.0000,1,1,4,4,1,2,1,1,2,3
SF,IH2007,2020-05-25 09:30:31.500,2709.6000,4562,0,11385300.000,0,-,-,-,-,2708.6000,2704.6000,2704.2000,2704.0000,2700.4000,2710.2000,2710.4000,2712.6000,2722.8000,2723.0000,1,4,4,1,1,1,1,1,1,2
SF,IH2007,2020-05-25 09:30:32.000,2709.6000,4562,0,11385300.000,0,-,-,-,-,2708.8000,2708.6000,2704.6000,2704.2000,2704.0000,2710.2000,2712.6000,2722.8000,2723.0000,2724.0000,2,1,4,4,1,2,1,1,2,3
SF,IH2007,2020-05-25 09:30:33.000,2709.6000,4562,0,11385300.000,0,-,-,-,-,2708.6000,2704.2000,2704.0000,2700.4000,2700.2000,2710.2000,2712.6000,2722.8000,2723.0000,2724.0000,1,4,1,1,2,2,1,1,2,3
SF,IH2007,2020-05-25 09:30:33.500,2709.6000,4562,0,11385300.000,0,-,-,-,-,2704.2000,2704.0000,2700.4000,2700.2000,2700.0000,2710.2000,2712.6000,2722.8000,2723.0000,2724.0000,3,1,1,2,3,2,1,1,2,3
SF,IH2007,2020-05-25 09:30:34.000,2709.6000,4562,0,11385300.000,0,-,-,-,-,2707.6000,2704.4000,2704.2000,2704.0000,2700.4000,2710.0000,2710.2000,2712.6000,2722.8000,2723.0000,1,3,3,1,1,1,2,1,1,2
SF,IH2007,2020-05-25 09:30:34.500,2709.6000,4562,0,11385300.000,0,-,-,-,-,2707.8000,2707.6000,2704.4000,2704.2000,2704.0000,2709.8000,2710.0000,2712.6000,2722.8000,2723.0000,2,1,3,3,1,3,2,1,1,2
SF,IH2007,2020-05-25 09:30:35.000,2709.6000,4562,0,11385300.000,0,-,-,-,-,2707.6000,2704.4000,2704.2000,2704.0000,2700.4000,2709.6000,2709.8000,2712.6000,2722.8000,2723.0000,1,3,3,1,1,1,4,1,1,2
SF,IH2007,2020-05-25 09:30:35.500,2709.6000,4562,0,11385300.000,0,-,-,-,-,2704.4000,2704.2000,2704.0000,2700.4000,2700.2000,2709.4000,2709.6000,2709.8000,2712.6000,2722.8000,3,3,1,1,2,3,2,1,1,1
SF,IH2007,2020-05-25 09:30:36.000,2709.6000,4562,0,11385300.000,0,-,-,-,-,2706.6000,2704.6000,2704.4000,2704.2000,2704.0000,2709.2000,2709.4000,2709.8000,2712.6000,2722.8000,1,2,3,2,1,1,4,1,1,1
SF,IH2007,2020-05-25 09:30:36.500,2709.6000,4562,0,11385300.000,0,-,-,-,-,2706.8000,2706.6000,2704.6000,2704.4000,2704.2000,2709.0000,2709.2000,2709.4000,2709.8000,2712.6000,1,1,2,3,2,4,2,1,1,1
SF,IH2007,2020-05-25 09:30:37.000,2709.6000,4562,0,11385300.000,0,-,-,-,-,2704.6000,2704.4000,2704.2000,2704.0000,2700.4000,2708.8000,2709.0000,2709.4000,2709.8000,2712.6000,2,3,2,1,1,1,5,1,1,1
SF,IH2007,2020-05-25 09:30:37.500,2709.6000,4562,0,11385300.000,0,-,-,-,-,2706.0000,2704.8000,2704.6000,2704.4000,2704.2000,2708.6000,2708.8000,2709.0000,2709.4000,2712.6000,1,1,2,3,2,2,2,2,1,1
SF,IH2007,2020-05-25 09:30:38.000,2709.6000,4562,0,11385300.000,0,-,-,-,-,2706.2000,2706.0000,2704.8000,2704.6000,2704.4000,2708.4000,2708.6000,2709.4000,2712.6000,2722.8000,2,1,1,1,3,1,3,1,1,1
SF,IH2007,2020-05-25 09:30:38.500,2709.6000,4562,0,11385300.000,0,-,-,-,-,2706.8000,2706.2000,2704.8000,2704.6000,2704.4000,2708.2000,2708.4000,2709.4000,2712.6000,2722.8000,1,2,1,1,3,3,1,1,1,1
SF,IH2007,2020-05-25 09:30:39.000,2709.6000,4562,0,11385300.000,0,-,-,-,-,2707.0000,2706.2000,2704.8000,2704.6000,2704.4000,2708.2000,2712.6000,2722.8000,2723.0000,2724.0000,3,2,1,1,3,3,1,1,2,3
SF,IH2007,2020-05-25 09:30:39.500,2708.4000,4561,-1,13010340.000,2,0,2,多平,S,2708.2000,2707.0000,2706.2000,2704.8000,2704.6000,2712.6000,2722.8000,2723.0000,2724.0000,2724.8000,1,1,2,1,1,1,1,2,3,2
SF,IH2007,2020-05-25 09:30:40.000,2708.4000,4561,0,13010340.000,0,-,-,-,-,2708.2000,2706.2000,2704.8000,2704.6000,2704.4000,2712.4000,2712.6000,2722.8000,2723.0000,2724.0000,1,1,1,1,3,6,2,1,2,3
SF,IH2007,2020-05-25 09:30:40.500,2708.4000,4561,0,13010340.000,0,-,-,-,-,2708.2000,2706.2000,2704.8000,2704.6000,2704.4000,2712.4000,2712.6000,2722.8000,2723.0000,2724.0000,1,1,1,1,3,7,1,1,2,3
SF,IH2007,2020-05-25 09:30:41.000,2708.4000,4561,0,13010340.000,0,-,-,-,-,2708.4000,2708.2000,2706.2000,2704.8000,2704.6000,2712.4000,2712.6000,2722.8000,2723.0000,2724.0000,1,1,1,1,1,6,1,1,2,3
SF,IH2007,2020-05-25 09:30:42.000,2708.4000,4561,0,13010340.000,0,-,-,-,-,2708.4000,2708.2000,2706.2000,2704.8000,2704.6000,2711.2000,2712.4000,2712.6000,2722.8000,2723.0000,1,1,1,1,1,1,6,1,1,2
SF,IH2007,2020-05-25 09:30:42.500,2708.4000,4561,0,13010340.000,0,-,-,-,-,2708.6000,2708.4000,2708.2000,2706.2000,2704.8000,2711.0000,2711.2000,2712.4000,2712.6000,2722.8000,1,1,1,1,1,4,1,3,1,1
SF,IH2007,2020-05-25 09:30:43.000,2708.4000,4561,0,13010340.000,0,-,-,-,-,2708.8000,2708.2000,2706.2000,2704.8000,2704.6000,2711.0000,2711.2000,2712.4000,2712.6000,2722.8000,1,1,1,1,1,4,1,3,1,1
SF,IH2007,2020-05-25 09:30:43.500,2708.4000,4561,0,13010340.000,0,-,-,-,-,2708.2000,2706.2000,2704.8000,2704.6000,2704.4000,2711.0000,2711.2000,2712.4000,2712.6000,2722.8000,1,1,1,1,3,4,1,3,1,1
SF,IH2007,2020-05-25 09:30:44.000,2708.4000,4561,0,13010340.000,0,-,-,-,-,2708.4000,2708.2000,2706.2000,2704.8000,2704.6000,2711.0000,2711.2000,2712.4000,2712.6000,2722.8000,1,1,1,1,1,4,1,3,1,1
SF,IH2007,2020-05-25 09:30:44.500,2708.4000,4561,0,13010340.000,0,-,-,-,-,2708.2000,2706.2000,2704.8000,2704.6000,2704.4000,2711.0000,2711.2000,2712.4000,2712.6000,2722.8000,1,1,1,1,3,4,1,3,1,1
SF,IH2007,2020-05-25 09:30:45.500,2708.4000,4561,0,13010340.000,0,-,-,-,-,2708.2000,2706.2000,2704.8000,2704.6000,2704.4000,2711.0000,2711.2000,2712.4000,2712.6000,2722.8000,1,1,1,1,3,4,1,3,1,1
SF,IH2007,2020-05-25 09:30:46.000,2708.4000,4561,0,13010340.000,0,-,-,-,-,2706.2000,2704.8000,2704.6000,2704.4000,2704.2000,2710.8000,2711.0000,2711.2000,2712.4000,2712.6000,1,1,1,3,2,1,4,1,3,1
SF,IH2007,2020-05-25 09:30:46.500,2708.4000,4561,0,13010340.000,0,-,-,-,-,2706.4000,2706.2000,2704.8000,2704.6000,2704.4000,2710.6000,2710.8000,2711.0000,2711.2000,2712.4000,3,1,1,1,3,4,1,2,1,3
SF,IH2007,2020-05-25 09:30:47.000,2708.4000,4561,0,13010340.000,0,-,-,-,-,2706.4000,2706.2000,2704.8000,2704.6000,2704.4000,2710.4000,2710.6000,2711.0000,2711.2000,2712.4000,3,1,1,1,3,1,4,2,1,3
SF,IH2007,2020-05-25 09:30:47.500,2708.4000,4561,0,13010340.000,0,-,-,-,-,2706.4000,2706.2000,2704.8000,2704.6000,2704.4000,2710.2000,2710.4000,2710.6000,2711.0000,2711.2000,2,1,1,1,3,3,1,3,2,1
SF,IH2007,2020-05-25 09:30:48.000,2708.4000,4561,0,13010340.000,0,-,-,-,-,2706.4000,2706.2000,2704.8000,2704.6000,2704.4000,2710.0000,2710.2000,2710.6000,2711.0000,2711.2000,2,1,1,1,3,1,3,3,2,1
SF,IH2007,2020-05-25 09:30:48.500,2708.4000,4561,0,13010340.000,0,-,-,-,-,2704.8000,2704.6000,2704.4000,2704.2000,2704.0000,2709.8000,2710.0000,2710.2000,2710.6000,2711.0000,1,1,3,2,1,3,1,2,3,2
SF,IH2007,2020-05-25 09:30:49.000,2708.4000,4561,0,13010340.000,0,-,-,-,-,2705.0000,2704.8000,2704.6000,2704.4000,2704.2000,2709.8000,2710.2000,2710.6000,2711.0000,2711.2000,3,1,1,3,2,3,2,3,2,1
SF,IH2007,2020-05-25 09:30:49.500,2708.4000,4561,0,13010340.000,0,-,-,-,-,2705.0000,2704.6000,2704.4000,2704.2000,2704.0000,2709.6000,2709.8000,2710.2000,2710.6000,2711.0000,1,1,2,1,1,1,4,2,3,2
SF,IH2007,2020-05-25 09:30:50.000,2708.4000,4561,0,13010340.000,0,-,-,-,-,2705.0000,2704.6000,2704.4000,2704.2000,2704.0000,2709.4000,2709.6000,2709.8000,2710.2000,2710.6000,1,1,2,1,1,4,1,1,2,3
SF,IH2007,2020-05-25 09:30:50.500,2708.4000,4561,0,13010340.000,0,-,-,-,-,2705.2000,2705.0000,2704.6000,2704.4000,2704.2000,2709.2000,2709.4000,2709.8000,2710.2000,2710.6000,3,1,1,2,1,1,4,1,2,3
SF,IH2007,2020-05-25 09:30:51.000,2708.4000,4561,0,13010340.000,0,-,-,-,-,2705.4000,2705.2000,2704.6000,2704.4000,2704.2000,2709.0000,2709.2000,2709.4000,2709.8000,2710.2000,1,3,1,2,1,4,1,2,1,2
SF,IH2007,2020-05-25 09:30:51.500,2708.4000,4561,0,13010340.000,0,-,-,-,-,2705.6000,2705.4000,2705.2000,2704.6000,2704.4000,2708.8000,2709.0000,2709.4000,2709.8000,2710.2000,1,1,3,1,2,1,4,2,1,2
SF,IH2007,2020-05-25 09:30:52.000,2708.4000,4561,0,13010340.000,0,-,-,-,-,2705.8000,2705.6000,2705.2000,2704.6000,2704.4000,2708.6000,2708.8000,2709.0000,2709.4000,2709.8000,1,1,3,1,2,3,1,2,2,1
SF,IH2007,2020-05-25 09:30:52.500,2708.4000,4561,0,13010340.000,0,-,-,-,-,2705.6000,2705.2000,2704.6000,2704.4000,2704.2000,2708.4000,2708.6000,2709.0000,2709.4000,2709.8000,1,3,1,2,1,1,3,2,2,1
SF,IH2007,2020-05-25 09:30:53.000,2708.4000,4561,0,13010340.000,0,-,-,-,-,2705.8000,2705.6000,2705.2000,2704.6000,2704.4000,2708.2000,2708.4000,2708.6000,2709.0000,2709.4000,3,1,3,1,2,2,1,1,2,2
SF,IH2007,2020-05-25 09:30:53.500,2708.4000,4561,0,13010340.000,0,-,-,-,-,2705.8000,2705.6000,2705.2000,2704.6000,2704.4000,2708.0000,2708.2000,2708.6000,2709.0000,2709.4000,3,1,3,1,2,1,2,1,2,2
SF,IH2007,2020-05-25 09:30:54.000,2708.4000,4561,0,13010340.000,0,-,-,-,-,2705.8000,2705.6000,2705.2000,2704.6000,2704.4000,2707.8000,2708.0000,2708.6000,2709.0000,2709.4000,3,1,3,1,2,2,1,1,2,2
SF,IH2007,2020-05-25 09:30:54.500,2708.4000,4561,0,13010340.000,0,-,-,-,-,2705.6000,2705.2000,2704.6000,2704.4000,2704.2000,2707.6000,2707.8000,2708.6000,2709.0000,2709.4000,1,3,1,2,1,1,2,1,2,2
SF,IH2007,2020-05-25 09:30:55.000,2708.4000,4561,0,13010340.000,0,-,-,-,-,2705.2000,2704.6000,2704.4000,2704.2000,2704.0000,2707.4000,2707.6000,2708.6000,2709.0000,2709.4000,3,1,2,1,1,2,1,1,2,2
SF,IH2007,2020-05-25 09:30:55.500,2708.4000,4561,0,13010340.000,0,-,-,-,-,2705.4000,2705.2000,2704.6000,2704.4000,2704.2000,2707.4000,2707.6000,2708.6000,2709.0000,2709.4000,2,3,1,2,1,2,1,1,2,2
SF,IH2007,2020-05-25 09:30:56.500,2707.4000,4561,0,14634780.000,2,1,1,多换,S,2705.6000,2705.4000,2705.2000,2704.6000,2704.4000,2707.6000,2708.6000,2709.0000,2709.4000,2709.8000,2,2,3,1,2,1,1,2,2,1
SF,IH2007,2020-05-25 09:30:57.000,2707.4000,4561,0,14634780.000,0,-,-,-,-,2707.6000,2705.8000,2705.6000,2705.4000,2705.2000,2708.6000,2709.0000,2709.4000,2709.8000,2710.2000,1,1,2,1,3,1,2,2,1,2
SF,IH2007,2020-05-25 09:30:57.500,2707.6000,4561,0,15447060.000,1,0,1,多换,S,2705.6000,2705.4000,2705.2000,2704.6000,2704.4000,2708.4000,2708.6000,2709.0000,2709.4000,2709.8000,2,1,3,1,2,2,1,2,2,1
SF,IH2007,2020-05-25 09:30:58.000,2707.6000,4561,0,15447060.000,0,-,-,-,-,2705.6000,2705.4000,2705.2000,2704.6000,2704.4000,2707.6000,2708.2000,2708.4000,2708.6000,2709.0000,2,1,3,1,2,1,1,2,1,2
SF,IH2007,2020-05-25 09:30:58.500,2707.6000,4561,0,15447060.000,0,-,-,-,-,2705.6000,2705.4000,2705.2000,2704.6000,2704.4000,2707.4000,2707.6000,2708.4000,2708.6000,2709.0000,2,1,3,1,2,2,1,1,1,2
SF,IH2007,2020-05-25 09:30:59.000,2707.6000,4561,0,15447060.000,0,-,-,-,-,2705.8000,2705.6000,2705.4000,2705.2000,2704.6000,2707.4000,2707.6000,2708.4000,2708.6000,2709.0000,3,2,1,3,1,1,1,1,1,2
SF,IH2007,2020-05-25 09:30:59.500,2707.6000,4561,0,15447060.000,0,-,-,-,-,2706.0000,2705.8000,2705.6000,2705.4000,2705.2000,2707.2000,2707.4000,2707.6000,2708.4000,2708.6000,1,1,1,1,3,1,1,1,1,1
SF,IH2007,2020-05-25 09:31:00.000,2707.2000,4561,0,16259220.000,1,0,1,多换,S,2706.0000,2705.6000,2705.2000,2704.6000,2704.4000,2707.2000,2707.6000,2708.4000,2708.6000,2709.0000,1,1,3,1,2,1,1,1,1,2
SF,IH2007,2020-05-25 09:31:00.500,2707.2000,4561,0,16259220.000,0,-,-,-,-,2706.0000,2705.6000,2705.2000,2704.6000,2704.4000,2707.2000,2707.6000,2708.4000,2708.6000,2709.0000,1,1,3,1,2,1,1,1,1,2
SF,IH2007,2020-05-25 09:31:01.000,2705.6000,4561,0,17070900.000,1,0,1,多换,S,2704.6000,2704.4000,2704.2000,2704.0000,2700.4000,2707.0000,2707.2000,2707.6000,2708.4000,2708.6000,1,2,1,1,1,1,1,1,1,1
SF,IH2007,2020-05-25 09:31:01.500,2705.6000,4561,0,17070900.000,0,-,-,-,-,2704.8000,2704.6000,2704.4000,2704.2000,2704.0000,2706.8000,2707.0000,2707.2000,2707.6000,2708.4000,3,1,2,1,1,2,1,1,1,1
SF,IH2007,2020-05-25 09:31:02.000,2705.6000,4561,0,17070900.000,0,-,-,-,-,2704.8000,2704.6000,2704.4000,2704.2000,2704.0000,2706.6000,2706.8000,2707.2000,2707.6000,2708.4000,3,1,2,1,1,1,2,1,1,1
SF,IH2007,2020-05-25 09:31:02.500,2705.6000,4561,0,17070900.000,0,-,-,-,-,2704.8000,2704.4000,2704.2000,2704.0000,2700.4000,2706.4000,2706.6000,2706.8000,2707.6000,2708.4000,1,2,1,1,1,1,1,1,1,1
SF,IH2007,2020-05-25 09:31:03.000,2705.6000,4561,0,17070900.000,0,-,-,-,-,2705.0000,2704.0000,2700.4000,2700.2000,2700.0000,2706.2000,2706.4000,2707.6000,2710.6000,2711.2000,1,1,1,2,3,2,1,1,1,1
SF,IH2007,2020-05-25 09:31:03.500,2705.6000,4561,0,17070900.000,0,-,-,-,-,2704.0000,2700.4000,2700.2000,2700.0000,2699.4000,2706.2000,2706.4000,2707.6000,2710.6000,2711.2000,1,1,2,3,4,1,1,1,1,1
SF,IH2007,2020-05-25 09:31:04.000,2705.6000,4561,0,17070900.000,0,-,-,-,-,2704.2000,2704.0000,2700.4000,2700.2000,2700.0000,2706.0000,2707.6000,2710.6000,2711.2000,2722.8000,5,1,1,2,3,2,1,1,1,1
SF,IH2007,2020-05-25 09:31:04.500,2706.0000,4560,-1,17882700.000,1,0,1,双平,S,2706.0000,2704.4000,2704.2000,2704.0000,2700.2000,2707.6000,2710.6000,2711.2000,2722.8000,2723.0000,2,1,5,1,2,1,1,1,1,2
SF,IH2007,2020-05-25 09:31:05.000,2706.0000,4560,0,18694500.000,1,0,1,多换,S,2706.2000,2706.0000,2704.4000,2704.2000,2704.0000,2707.4000,2707.6000,2710.6000,2711.2000,2722.8000,1,1,1,4,1,3,1,1,1,1
SF,IH2007,2020-05-25 09:31:05.500,2706.0000,4559,-1,20318160.000,2,0,2,多平,S,2704.4000,2704.0000,2700.2000,2700.0000,2696.2000,2706.0000,2706.2000,2707.2000,2707.4000,2707.6000,1,1,2,3,4,2,1,3,2,1
SF,IH2007,2020-05-25 09:31:06.000,2706.0000,4559,0,21941760.000,2,1,1,多换,S,2704.6000,2704.4000,2704.0000,2700.2000,2700.0000,2705.8000,2707.2000,2707.4000,2707.6000,2710.6000,1,1,1,2,3,1,2,2,2,1
SF,IH2007,2020-05-25 09:31:06.500,2705.8000,4558,-1,22753500.000,1,0,1,双平,S,2705.8000,2704.6000,2704.4000,2704.0000,2700.2000,2707.4000,2707.6000,2710.6000,2711.2000,2722.8000,1,1,1,1,2,2,2,1,1,1
SF,IH2007,2020-05-25 09:31:07.000,2705.8000,4558,0,23565240.000,1,0,1,多换,S,2704.6000,2704.4000,2704.0000,2700.2000,2700.0000,2707.2000,2707.4000,2707.6000,2709.4000,2710.6000,1,1,1,2,3,3,2,2,1,1
SF,IH2007,2020-05-25 09:31:07.500,2705.8000,4558,0,23565240.000,0,-,-,-,-,2704.8000,2704.6000,2704.0000,2700.2000,2700.0000,2707.2000,2707.4000,2707.6000,2709.4000,2710.6000,2,1,1,2,3,3,2,2,1,1
SF,IH2007,2020-05-25 09:31:08.000,2705.8000,4558,0,23565240.000,0,-,-,-,-,2705.0000,2704.8000,2704.0000,2700.2000,2700.0000,2707.2000,2707.4000,2707.6000,2709.4000,2710.6000,2,1,1,2,3,3,2,2,1,1
SF,IH2007,2020-05-25 09:31:08.500,2705.8000,4558,0,23565240.000,0,-,-,-,-,2705.2000,2705.0000,2704.0000,2700.2000,2700.0000,2707.2000,2707.4000,2707.6000,2709.4000,2710.6000,1,1,1,2,3,3,2,2,1,1
SF,IH2007,2020-05-25 09:31:09.000,2705.2000,4557,-1,24376800.000,1,0,1,双平,S,2704.0000,2700.2000,2700.0000,2696.2000,2653.2000,2705.0000,2707.2000,2707.4000,2707.6000,2709.4000,1,2,3,4,1,1,3,2,2,1
SF,IH2007,2020-05-25 09:31:09.500,2705.0000,4557,0,25188300.000,1,0,1,多换,S,2704.0000,2700.2000,2700.0000,2696.2000,2653.2000,2705.0000,2707.2000,2707.4000,2707.6000,2710.6000,1,2,3,4,1,1,3,2,1,1
SF,IH2007,2020-05-25 09:31:10.000,2705.0000,4556,-1,26811300.000,2,0,2,多平,S,2704.0000,2700.2000,2700.0000,2696.2000,2653.2000,2705.0000,2706.6000,2707.2000,2707.4000,2707.6000,1,2,3,4,1,1,1,3,2,1
SF,IH2007,2020-05-25 09:31:10.500,2704.0000,4556,0,27622500.000,1,0,1,多换,S,2700.2000,2700.0000,2696.2000,2653.2000,2650.0000,2704.8000,2705.0000,2706.6000,2707.2000,2707.4000,2,3,4,1,2,2,1,1,1,2
SF,IH2007,2020-05-25 09:31:11.000,2704.0000,4556,0,27622500.000,0,-,-,-,-,2700.4000,2700.2000,2700.0000,2696.2000,2653.2000,2704.6000,2704.8000,2705.0000,2706.6000,2707.2000,7,2,3,4,1,1,1,1,1,1
SF,IH2007,2020-05-25 09:31:11.500,2704.0000,4556,0,27622500.000,0,-,-,-,-,2700.4000,2700.2000,2700.0000,2696.2000,2653.2000,2704.4000,2704.6000,2705.0000,2706.6000,2707.2000,7,2,3,4,1,2,1,1,1,1
SF,IH2007,2020-05-25 09:31:12.000,2704.0000,4556,0,27622500.000,0,-,-,-,-,2700.4000,2700.2000,2700.0000,2696.2000,2653.2000,2704.2000,2704.4000,2705.0000,2706.6000,2707.2000,7,2,3,4,1,1,2,1,1,1
SF,IH2007,2020-05-25 09:31:12.500,2704.0000,4556,0,27622500.000,0,-,-,-,-,2701.4000,2700.4000,2700.2000,2700.0000,2696.2000,2704.0000,2704.2000,2705.0000,2707.2000,2707.4000,1,5,2,3,4,2,1,1,1,2
SF,IH2007,2020-05-25 09:31:13.000,2704.0000,4556,0,29244900.000,2,1,1,多换,S,2701.6000,2701.4000,2700.4000,2700.2000,2700.0000,2704.0000,2705.0000,2707.2000,2707.4000,2707.6000,6,1,3,2,3,1,1,1,2,1
SF,IH2007,2020-05-25 09:31:13.500,2704.0000,4556,0,30056100.000,1,0,1,多换,S,2701.6000,2701.4000,2700.4000,2700.2000,2700.0000,2705.0000,2707.2000,2707.4000,2707.6000,2711.2000,6,1,3,2,3,1,1,2,1,1
SF,IH2007,2020-05-25 09:31:14.000,2704.0000,4556,0,30056100.000,0,-,-,-,-,2701.6000,2701.4000,2700.4000,2700.2000,2700.0000,2704.8000,2705.0000,2707.2000,2707.4000,2707.6000,6,1,3,2,3,4,1,1,2,1
SF,IH2007,2020-05-25 09:31:15.000,2704.0000,4556,0,30056100.000,0,-,-,-,-,2701.6000,2701.4000,2700.4000,2700.2000,2700.0000,2704.8000,2705.0000,2707.2000,2707.4000,2707.6000,3,1,3,2,3,1,1,1,2,1
SF,IH2007,2020-05-25 09:31:15.500,2704.0000,4556,0,30056100.000,0,-,-,-,-,2701.6000,2700.4000,2700.2000,2700.0000,2696.2000,2704.6000,2704.8000,2705.0000,2707.2000,2707.4000,3,3,2,3,4,1,1,1,1,2
SF,IH2007,2020-05-25 09:31:16.000,2704.0000,4556,0,30056100.000,0,-,-,-,-,2701.6000,2700.4000,2700.2000,2700.0000,2696.2000,2704.4000,2704.6000,2705.0000,2707.2000,2707.4000,3,3,2,3,4,1,1,1,1,2
SF,IH2007,2020-05-25 09:31:16.500,2704.0000,4556,0,30056100.000,0,-,-,-,-,2701.8000,2701.6000,2700.4000,2700.2000,2700.0000,2704.2000,2704.4000,2704.6000,2705.0000,2707.2000,2,3,3,2,3,2,1,1,1,1
SF,IH2007,2020-05-25 09:31:17.000,2704.0000,4556,0,30056100.000,0,-,-,-,-,2702.0000,2701.8000,2700.4000,2700.2000,2700.0000,2705.0000,2707.2000,2707.4000,2707.6000,2711.2000,5,2,3,2,3,1,1,2,1,1
SF,IH2007,2020-05-25 09:31:17.500,2704.0000,4556,0,30056100.000,0,-,-,-,-,2702.0000,2701.8000,2700.4000,2700.2000,2700.0000,2704.8000,2705.0000,2707.2000,2707.4000,2707.6000,5,2,3,2,3,3,1,1,2,1
SF,IH2007,2020-05-25 09:31:21.000,2704.0000,4556,0,30056100.000,0,-,-,-,-,2702.0000,2701.8000,2700.4000,2700.2000,2700.0000,2704.8000,2705.0000,2707.2000,2707.4000,2707.6000,5,2,3,2,3,1,1,1,2,1
SF,IH2007,2020-05-25 09:31:21.500,2704.0000,4556,0,30056100.000,0,-,-,-,-,2702.0000,2701.8000,2700.4000,2700.2000,2700.0000,2705.0000,2707.2000,2707.4000,2707.6000,2711.2000,5,2,3,2,3,1,1,2,1,1
SF,IH2007,2020-05-25 09:31:22.000,2704.0000,4556,0,30056100.000,0,-,-,-,-,2702.0000,2701.8000,2700.4000,2700.2000,2700.0000,2704.8000,2705.0000,2707.2000,2707.4000,2707.6000,5,2,3,2,3,1,1,1,2,1
SF,IH2007,2020-05-25 09:31:22.500,2704.0000,4556,0,30056100.000,0,-,-,-,-,2702.0000,2701.8000,2700.4000,2700.2000,2700.0000,2705.0000,2707.2000,2707.4000,2707.6000,2711.2000,5,2,3,2,3,1,1,2,1,1
SF,IH2007,2020-05-25 09:31:26.500,2704.0000,4556,0,30056100.000,0,-,-,-,-,2702.0000,2701.8000,2700.4000,2700.2000,2700.0000,2704.8000,2705.0000,2707.2000,2707.4000,2707.6000,5,2,3,2,3,2,1,1,2,1
SF,IH2007,2020-05-25 09:31:27.000,2704.0000,4556,0,30056100.000,0,-,-,-,-,2702.0000,2700.4000,2700.2000,2700.0000,2697.8000,2704.6000,2704.8000,2705.0000,2707.2000,2707.4000,5,3,2,3,2,1,2,1,1,2
SF,IH2007,2020-05-25 09:31:27.500,2704.0000,4556,0,30056100.000,0,-,-,-,-,2702.0000,2700.4000,2700.2000,2700.0000,2697.8000,2704.4000,2704.6000,2704.8000,2705.0000,2707.2000,3,3,2,3,2,2,1,2,1,1
SF,IH2007,2020-05-25 09:31:28.000,2704.0000,4556,0,30056100.000,0,-,-,-,-,2702.2000,2702.0000,2700.4000,2700.2000,2700.0000,2705.0000,2707.2000,2707.4000,2707.6000,2711.2000,1,3,3,2,3,1,1,2,1,1
SF,IH2007,2020-05-25 09:31:28.500,2704.0000,4556,0,30056100.000,0,-,-,-,-,2702.4000,2700.4000,2700.2000,2700.0000,2696.2000,2704.8000,2705.0000,2707.2000,2707.4000,2707.6000,3,3,2,3,4,2,1,1,2,1
SF,IH2007,2020-05-25 09:31:29.000,2704.0000,4556,0,30056100.000,0,-,-,-,-,2702.4000,2700.4000,2700.2000,2700.0000,2696.2000,2704.6000,2704.8000,2705.0000,2707.2000,2707.4000,3,3,2,3,4,1,2,1,1,2
SF,IH2007,2020-05-25 09:31:29.500,2704.0000,4556,0,30056100.000,0,-,-,-,-,2702.4000,2700.4000,2700.2000,2700.0000,2696.2000,2704.4000,2704.6000,2704.8000,2705.0000,2707.2000,3,3,2,3,4,1,1,2,1,1
SF,IH2007,2020-05-25 09:31:30.000,2704.0000,4556,0,30056100.000,0,-,-,-,-,2702.6000,2702.4000,2700.4000,2700.2000,2700.0000,2704.4000,2704.6000,2704.8000,2705.0000,2707.2000,1,2,3,2,3,1,1,2,1,1
SF,IH2007,2020-05-25 09:31:30.500,2704.0000,4556,0,30056100.000,0,-,-,-,-,2702.8000,2702.6000,2700.4000,2700.2000,2700.0000,2704.4000,2704.6000,2704.8000,2705.0000,2707.2000,2,1,3,2,3,1,1,2,1,1
SF,IH2007,2020-05-25 09:31:31.000,2704.0000,4556,0,30056100.000,0,-,-,-,-,2703.0000,2702.8000,2700.4000,2700.2000,2700.0000,2704.4000,2704.6000,2704.8000,2705.0000,2707.2000,1,2,3,2,3,1,1,2,1,1
SF,IH2007,2020-05-25 09:31:31.500,2704.0000,4556,0,30056100.000,0,-,-,-,-,2703.2000,2702.8000,2700.4000,2700.2000,2700.0000,2704.8000,2705.0000,2707.2000,2707.4000,2707.6000,1,1,3,2,3,2,1,1,2,1
SF,IH2007,2020-05-25 09:31:32.000,2704.0000,4556,0,30056100.000,0,-,-,-,-,2703.4000,2703.2000,2702.8000,2700.4000,2700.2000,2704.6000,2704.8000,2705.0000,2707.2000,2707.4000,1,1,1,3,2,2,2,1,1,2
SF,IH2007,2020-05-25 09:31:32.500,2704.0000,4556,0,30056100.000,0,-,-,-,-,2702.8000,2702.0000,2700.4000,2700.2000,2700.0000,2704.6000,2704.8000,2705.0000,2707.2000,2707.4000,1,1,3,2,9,2,2,1,1,2
SF,IH2007,2020-05-25 09:31:35.000,2704.0000,4556,0,30056100.000,0,-,-,-,-,2702.8000,2702.0000,2700.4000,2700.2000,2700.0000,2704.6000,2704.8000,2705.0000,2707.2000,2707.4000,1,1,3,2,9,2,2,1,1,2
SF,IH2007,2020-05-25 09:31:35.500,2704.0000,4556,0,30056100.000,0,-,-,-,-,2702.8000,2702.0000,2700.4000,2700.2000,2700.0000,2704.4000,2704.6000,2704.8000,2705.0000,2707.2000,1,1,3,2,9,1,2,2,1,1
SF,IH2007,2020-05-25 09:31:36.000,2704.0000,4556,0,30056100.000,0,-,-,-,-,2702.8000,2702.0000,2700.4000,2700.2000,2700.0000,2704.2000,2704.4000,2704.6000,2704.8000,2705.0000,1,1,3,2,9,2,1,2,2,1
SF,IH2007,2020-05-25 09:31:38.500,2704.0000,4556,0,30056100.000,0,-,-,-,-,2702.8000,2702.0000,2700.4000,2700.2000,2700.0000,2704.2000,2704.4000,2704.6000,2704.8000,2705.0000,1,1,3,2,8,2,1,2,2,1
SF,IH2007,2020-05-25 09:31:39.000,2704.0000,4556,0,30056100.000,0,-,-,-,-,2702.8000,2702.0000,2700.4000,2700.2000,2700.0000,2704.0000,2704.2000,2704.6000,2704.8000,2705.0000,1,1,3,2,8,1,2,2,2,1
SF,IH2007,2020-05-25 09:31:39.500,2704.0000,4556,0,30056100.000,0,-,-,-,-,2702.0000,2700.4000,2700.2000,2700.0000,2696.2000,2704.0000,2704.2000,2704.6000,2704.8000,2705.0000,1,3,2,8,4,1,2,2,2,1
SF,IH2007,2020-05-25 09:31:40.000,2704.0000,4556,0,30056100.000,0,-,-,-,-,2702.2000,2702.0000,2700.4000,2700.2000,2700.0000,2704.2000,2704.6000,2704.8000,2705.0000,2707.2000,3,1,3,2,8,2,2,2,1,1
SF,IH2007,2020-05-25 09:31:45.000,2704.0000,4556,0,30056100.000,0,-,-,-,-,2702.2000,2702.0000,2700.4000,2700.2000,2700.0000,2704.6000,2704.8000,2705.0000,2707.2000,2707.4000,3,1,3,2,8,2,2,1,1,2
SF,IH2007,2020-05-25 09:31:45.500,2704.0000,4556,0,30056100.000,0,-,-,-,-,2702.2000,2702.0000,2700.4000,2700.2000,2700.0000,2704.4000,2704.6000,2704.8000,2705.0000,2707.2000,3,1,3,2,8,2,2,2,1,1
SF,IH2007,2020-05-25 09:31:46.000,2704.0000,4556,0,30056100.000,0,-,-,-,-,2702.2000,2702.0000,2700.4000,2700.2000,2700.0000,2704.6000,2704.8000,2705.0000,2707.2000,2707.4000,3,1,3,2,8,2,2,1,1,2
SF,IH2007,2020-05-25 09:31:47.500,2704.0000,4556,0,30056100.000,0,-,-,-,-,2702.2000,2702.0000,2700.4000,2700.2000,2700.0000,2704.6000,2704.8000,2705.0000,2707.2000,2707.4000,3,1,3,2,8,2,2,1,1,2
SF,IH2007,2020-05-25 09:31:48.500,2704.0000,4556,0,30056100.000,0,-,-,-,-,2702.2000,2702.0000,2700.4000,2700.2000,2700.0000,2704.6000,2704.8000,2705.0000,2707.2000,2707.4000,3,2,3,2,8,2,2,1,1,2
SF,IH2007,2020-05-25 09:31:51.000,2704.0000,4556,0,30056100.000,0,-,-,-,-,2702.4000,2702.2000,2702.0000,2700.4000,2700.2000,2704.8000,2705.0000,2707.2000,2707.4000,2707.6000,3,3,2,3,2,2,1,1,2,1
SF,IH2007,2020-05-25 09:31:51.500,2704.0000,4556,0,30056100.000,0,-,-,-,-,2702.6000,2702.4000,2702.0000,2700.4000,2700.2000,2704.8000,2705.0000,2707.2000,2707.4000,2707.6000,3,3,2,3,2,2,1,1,2,1
SF,IH2007,2020-05-25 09:31:52.000,2704.0000,4556,0,30056100.000,0,-,-,-,-,2702.8000,2702.6000,2702.4000,2702.0000,2700.4000,2705.0000,2707.2000,2707.4000,2707.6000,2709.4000,2,3,3,2,3,1,1,2,1,5
SF,IH2007,2020-05-25 09:31:52.500,2704.0000,4556,0,30056100.000,0,-,-,-,-,2703.0000,2702.4000,2702.0000,2700.4000,2700.2000,2704.8000,2705.0000,2707.2000,2707.4000,2707.6000,3,3,2,3,2,1,1,1,2,1
SF,IH2007,2020-05-25 09:31:53.000,2704.0000,4556,0,30056100.000,0,-,-,-,-,2703.0000,2702.4000,2702.0000,2700.4000,2700.2000,2705.0000,2707.2000,2707.4000,2707.6000,2709.4000,3,3,2,3,2,1,1,2,1,5
SF,IH2007,2020-05-25 09:31:53.500,2704.0000,4556,0,30056100.000,0,-,-,-,-,2703.0000,2702.4000,2702.0000,2700.4000,2700.2000,2705.0000,2707.2000,2707.4000,2707.6000,2709.4000,3,3,2,3,2,1,1,2,1,5
SF,IH2007,2020-05-25 09:31:54.500,2704.0000,4556,0,30056100.000,0,-,-,-,-,2704.0000,2703.2000,2703.0000,2702.4000,2702.0000,2705.0000,2707.2000,2707.4000,2707.6000,2709.4000,1,3,3,3,2,1,1,2,1,5
SF,IH2007,2020-05-25 09:31:55.000,2704.0000,4556,0,30056100.000,0,-,-,-,-,2704.2000,2704.0000,2703.0000,2702.4000,2702.0000,2707.2000,2707.4000,2707.6000,2709.4000,2711.2000,1,1,2,3,2,1,2,1,5,1
SF,IH2007,2020-05-25 09:31:55.500,2704.0000,4556,0,30056100.000,0,-,-,-,-,2704.4000,2704.2000,2704.0000,2703.0000,2702.4000,2707.0000,2707.2000,2707.4000,2707.6000,2709.4000,1,1,1,1,3,3,1,2,1,5
SF,IH2007,2020-05-25 09:31:56.000,2704.0000,4556,0,30056100.000,0,-,-,-,-,2704.6000,2704.4000,2704.0000,2703.0000,2702.4000,2707.0000,2707.2000,2707.4000,2707.6000,2709.4000,1,1,1,1,3,3,1,2,1,5
SF,IH2007,2020-05-25 09:31:56.500,2704.6000,4555,-1,30867480.000,1,0,1,双平,S,2704.6000,2704.0000,2703.0000,2702.4000,2702.0000,2707.0000,2707.2000,2707.4000,2707.6000,2709.4000,1,1,1,3,2,3,1,2,1,5
SF,IH2007,2020-05-25 09:31:57.000,2704.6000,4555,0,30867480.000,0,-,-,-,-,2704.0000,2702.4000,2702.0000,2700.4000,2700.2000,2707.0000,2707.2000,2707.4000,2707.6000,2709.4000,1,3,2,3,2,3,1,2,1,5
SF,IH2007,2020-05-25 09:31:57.500,2704.6000,4555,0,30867480.000,0,-,-,-,-,2704.2000,2704.0000,2702.4000,2702.0000,2700.4000,2707.0000,2707.2000,2707.4000,2707.6000,2709.4000,1,1,3,2,3,3,1,2,1,5
SF,IH2007,2020-05-25 09:31:58.000,2704.4000,4555,0,31678800.000,1,0,1,多换,S,2704.0000,2702.4000,2702.0000,2700.4000,2700.2000,2706.8000,2707.0000,2707.2000,2707.4000,2707.6000,1,3,2,3,2,1,3,1,2,1
SF,IH2007,2020-05-25 09:31:58.500,2704.4000,4555,0,31678800.000,0,-,-,-,-,2704.2000,2704.0000,2702.4000,2702.0000,2700.4000,2706.6000,2706.8000,2707.0000,2707.2000,2707.4000,1,1,3,2,3,2,1,2,1,2
SF,IH2007,2020-05-25 09:31:59.000,2704.4000,4555,0,31678800.000,0,-,-,-,-,2704.0000,2702.0000,2700.4000,2700.2000,2700.0000,2706.4000,2706.6000,2707.0000,2707.2000,2707.4000,1,2,3,2,8,2,2,2,1,2
SF,IH2007,2020-05-25 09:31:59.500,2704.0000,4555,0,32490000.000,1,0,1,多换,S,2702.0000,2700.4000,2700.2000,2700.0000,2696.2000,2706.4000,2706.6000,2707.0000,2707.2000,2707.4000,2,3,2,8,4,3,2,2,1,2
SF,IH2007,2020-05-25 09:32:00.000,2704.0000,4555,0,32490000.000,0,-,-,-,-,2702.2000,2702.0000,2700.4000,2700.2000,2700.0000,2706.2000,2706.4000,2706.6000,2707.0000,2707.2000,2,2,3,2,8,2,3,2,2,1
SF,IH2007,2020-05-25 09:32:00.500,2704.0000,4555,0,32490000.000,0,-,-,-,-,2702.2000,2702.0000,2700.4000,2700.2000,2700.0000,2706.0000,2706.2000,2706.6000,2707.0000,2707.2000,2,2,3,2,8,2,3,2,2,1
SF,IH2007,2020-05-25 09:32:01.000,2705.8000,4555,0,33301740.000,1,0,1,多换,S,2702.4000,2702.2000,2702.0000,2700.4000,2700.2000,2705.8000,2706.0000,2706.2000,2706.6000,2707.0000,1,2,2,3,2,1,2,2,2,2
SF,IH2007,2020-05-25 09:32:01.500,2705.8000,4555,0,33301740.000,0,-,-,-,-,2702.6000,2702.4000,2702.0000,2700.4000,2700.2000,2705.6000,2705.8000,2706.2000,2706.6000,2707.0000,2,1,2,3,2,1,1,2,2,1
SF,IH2007,2020-05-25 09:32:02.000,2705.8000,4555,0,33301740.000,0,-,-,-,-,2702.8000,2702.6000,2702.0000,2700.4000,2700.2000,2705.4000,2705.6000,2705.8000,2706.2000,2706.6000,1,2,2,3,2,3,1,1,2,2
SF,IH2007,2020-05-25 09:32:02.500,2705.8000,4555,0,33301740.000,0,-,-,-,-,2702.8000,2702.6000,2702.0000,2700.4000,2700.2000,2705.2000,2705.4000,2705.8000,2706.2000,2706.6000,1,2,2,3,2,2,2,1,2,2
SF,IH2007,2020-05-25 09:32:03.000,2705.8000,4555,0,33301740.000,0,-,-,-,-,2702.8000,2702.6000,2702.0000,2700.4000,2700.2000,2704.8000,2705.0000,2705.2000,2705.4000,2705.8000,1,2,2,3,2,1,2,2,1,1
SF,IH2007,2020-05-25 09:32:03.500,2705.8000,4555,0,33301740.000,0,-,-,-,-,2703.0000,2702.8000,2702.6000,2702.0000,2700.4000,2704.6000,2704.8000,2705.0000,2705.2000,2705.4000,1,1,1,2,3,2,1,2,1,1
SF,IH2007,2020-05-25 09:32:04.000,2705.8000,4555,0,33301740.000,0,-,-,-,-,2703.0000,2702.8000,2702.6000,2702.0000,2700.4000,2704.6000,2704.8000,2705.0000,2705.4000,2705.8000,1,1,1,2,3,2,1,2,1,1
SF,IH2007,2020-05-25 09:32:04.500,2705.8000,4555,0,33301740.000,0,-,-,-,-,2703.0000,2702.8000,2702.6000,2702.0000,2700.4000,2704.2000,2704.6000,2705.0000,2705.4000,2705.8000,1,1,1,2,3,1,2,1,1,1
SF,IH2007,2020-05-25 09:32:05.000,2705.8000,4555,0,33301740.000,0,-,-,-,-,2703.0000,2702.8000,2702.6000,2702.0000,2700.4000,2704.0000,2704.6000,2705.0000,2705.4000,2705.8000,1,1,1,2,3,1,2,1,1,1
SF,IH2007,2020-05-25 09:32:05.500,2705.8000,4555,0,33301740.000,0,-,-,-,-,2703.0000,2702.6000,2702.0000,2700.4000,2700.2000,2704.0000,2704.6000,2705.0000,2705.4000,2705.8000,1,1,2,3,2,1,2,1,1,1
SF,IH2007,2020-05-25 09:32:06.000,2705.8000,4555,0,33301740.000,0,-,-,-,-,2702.6000,2702.0000,2700.4000,2700.2000,2700.0000,2703.0000,2703.8000,2704.0000,2704.6000,2705.0000,1,2,2,2,8,1,2,1,1,1
SF,IH2007,2020-05-25 09:32:06.500,2702.6000,4553,-2,34923300.000,2,0,2,双平,S,2702.0000,2700.4000,2700.2000,2700.0000,2696.2000,2702.4000,2702.6000,2704.0000,2704.4000,2704.6000,2,2,2,8,4,1,1,1,1,1
SF,IH2007,2020-05-25 09:32:07.000,2702.0000,4552,-1,37355100.000,3,1,2,多平,S,2700.4000,2700.2000,2700.0000,2696.2000,2694.2000,2702.6000,2704.0000,2704.4000,2704.6000,2705.0000,1,2,8,4,5,1,1,1,1,1
SF,IH2007,2020-05-25 09:32:07.500,2702.4000,4553,1,38165820.000,1,1,0,双开,S,2700.6000,2700.4000,2700.2000,2700.0000,2696.2000,2702.4000,2702.6000,2704.4000,2706.2000,2709.4000,3,1,2,8,4,1,1,1,1,5
SF,IH2007,2020-05-25 09:32:08.000,2702.4000,4553,0,38976540.000,1,0,1,多换,S,2700.6000,2700.2000,2700.0000,2696.2000,2694.2000,2702.6000,2704.4000,2706.2000,2709.4000,2711.2000,2,2,8,4,5,1,1,1,5,1
SF,IH2007,2020-05-25 09:32:08.500,2702.4000,4553,0,38976540.000,0,-,-,-,-,2700.6000,2700.2000,2700.0000,2694.2000,2692.6000,2702.6000,2704.4000,2706.2000,2709.4000,2711.2000,2,2,8,5,4,1,1,1,5,1
SF,IH2007,2020-05-25 09:32:09.000,2702.4000,4553,0,38976540.000,0,-,-,-,-,2700.6000,2700.2000,2700.0000,2694.2000,2692.6000,2702.4000,2702.6000,2704.4000,2706.2000,2709.4000,2,2,8,5,4,1,1,1,1,5
SF,IH2007,2020-05-25 09:32:09.500,2702.4000,4553,0,38976540.000,0,-,-,-,-,2700.6000,2700.2000,2700.0000,2694.2000,2692.6000,2702.2000,2702.4000,2702.6000,2704.4000,2706.2000,2,2,8,5,4,1,1,1,1,1
SF,IH2007,2020-05-25 09:32:10.000,2702.4000,4553,0,38976540.000,0,-,-,-,-,2700.6000,2700.2000,2700.0000,2694.2000,2692.6000,2702.0000,2702.2000,2702.6000,2704.4000,2706.2000,2,2,8,5,4,1,1,1,1,1
SF,IH2007,2020-05-25 09:32:10.500,2702.4000,4553,0,38976540.000,0,-,-,-,-,2700.6000,2700.2000,2700.0000,2694.2000,2692.6000,2702.0000,2702.2000,2702.6000,2706.2000,2709.4000,2,2,8,5,4,1,1,1,1,5
SF,IH2007,2020-05-25 09:32:13.000,2700.6000,4553,0,39786720.000,1,0,1,多换,S,2700.6000,2700.2000,2700.0000,2694.2000,2692.6000,2702.0000,2702.2000,2702.6000,2706.2000,2709.4000,1,2,8,5,4,1,1,1,1,5
SF,IH2007,2020-05-25 09:32:13.500,2700.6000,4553,0,39786720.000,0,-,-,-,-,2701.0000,2700.6000,2700.2000,2700.0000,2694.2000,2702.0000,2702.2000,2702.6000,2706.2000,2709.4000,5,1,2,8,5,1,1,1,1,5
SF,IH2007,2020-05-25 09:32:14.000,2700.6000,4553,0,39786720.000,0,-,-,-,-,2701.0000,2700.6000,2700.2000,2700.0000,2694.2000,2702.2000,2702.6000,2706.2000,2709.4000,2711.2000,5,1,2,8,5,1,1,1,5,1
SF,IH2007,2020-05-25 09:32:14.500,2700.6000,4553,0,39786720.000,0,-,-,-,-,2701.2000,2701.0000,2700.2000,2700.0000,2694.2000,2702.2000,2702.6000,2704.0000,2706.2000,2709.4000,1,5,2,8,5,1,1,1,1,5
SF,IH2007,2020-05-25 09:32:17.000,2701.0000,4553,0,41407380.000,2,1,1,多换,S,2701.0000,2700.2000,2700.0000,2694.2000,2692.6000,2702.2000,2702.6000,2704.0000,2706.2000,2709.4000,4,2,8,5,4,1,1,1,1,5
SF,IH2007,2020-05-25 09:32:17.500,2701.0000,4553,0,41407380.000,0,-,-,-,-,2701.0000,2700.2000,2700.0000,2694.2000,2692.6000,2702.0000,2702.2000,2702.6000,2704.0000,2706.2000,4,2,8,5,4,2,1,1,1,1
SF,IH2007,2020-05-25 09:32:18.000,2701.0000,4557,4,44648580.000,4,4,0,双开,S,2700.2000,2700.0000,2694.2000,2692.6000,2653.2000,2702.0000,2702.2000,2702.6000,2704.0000,2706.2000,2,8,5,4,1,2,1,1,1,1
SF,IH2007,2020-05-25 09:32:18.500,2701.0000,4557,0,44648580.000,0,-,-,-,-,2700.2000,2700.0000,2694.2000,2692.6000,2653.2000,2701.0000,2701.8000,2702.0000,2702.2000,2702.6000,2,8,5,4,1,1,2,2,1,1
SF,IH2007,2020-05-25 09:32:19.000,2701.0000,4557,0,46269180.000,2,1,1,多换,S,2700.2000,2700.0000,2694.2000,2692.6000,2653.2000,2701.8000,2702.0000,2702.2000,2702.6000,2706.2000,2,8,5,4,1,1,1,1,1,1
SF,IH2007,2020-05-25 09:32:19.500,2701.0000,4557,0,46269180.000,0,-,-,-,-,2700.2000,2700.0000,2694.2000,2692.6000,2653.2000,2701.6000,2701.8000,2702.2000,2702.6000,2703.8000,2,9,5,4,1,3,1,1,1,1
SF,IH2007,2020-05-25 09:32:21.000,2701.0000,4557,0,46269180.000,0,-,-,-,-,2700.2000,2700.0000,2694.2000,2692.6000,2653.2000,2701.6000,2701.8000,2702.2000,2702.6000,2703.8000,2,9,5,4,1,3,1,1,1,1
SF,IH2007,2020-05-25 09:32:23.000,2701.0000,4557,0,46269180.000,0,-,-,-,-,2700.2000,2700.0000,2694.2000,2692.6000,2653.2000,2701.6000,2701.8000,2702.2000,2702.6000,2703.8000,3,9,5,4,1,3,1,1,1,1
SF,IH2007,2020-05-25 09:32:24.500,2701.0000,4557,0,46269180.000,0,-,-,-,-,2700.2000,2700.0000,2694.2000,2692.6000,2653.2000,2701.6000,2701.8000,2702.2000,2702.6000,2703.8000,4,9,5,4,1,3,2,1,1,1
SF,IH2007,2020-05-25 09:32:25.500,2701.0000,4557,0,46269180.000,0,-,-,-,-,2700.2000,2700.0000,2694.2000,2692.6000,2653.2000,2701.6000,2701.8000,2702.2000,2702.6000,2703.8000,4,9,5,4,1,3,1,1,1,1
SF,IH2007,2020-05-25 09:32:26.000,2700.2000,4556,-1,48699360.000,3,1,2,多平,S,2700.2000,2700.0000,2694.2000,2692.6000,2653.2000,2701.0000,2701.6000,2701.8000,2702.2000,2702.6000,1,9,5,4,1,1,3,1,1,1
SF,IH2007,2020-05-25 09:32:26.500,2700.2000,4555,-1,50319480.000,2,0,2,多平,S,2700.0000,2694.2000,2692.6000,2653.2000,2650.0000,2700.2000,2700.8000,2701.6000,2701.8000,2702.2000,9,5,4,1,2,1,1,2,1,1
SF,IH2007,2020-05-25 09:32:27.000,2700.0000,4554,-1,54369540.000,5,2,3,多平,S,2700.0000,2694.2000,2692.6000,2653.2000,2650.0000,2701.6000,2701.8000,2702.2000,2706.2000,2709.4000,5,5,4,1,2,2,1,1,1,5
SF,IH2007,2020-05-25 09:32:27.500,2700.0000,4554,0,55179540.000,1,0,1,多换,S,2700.0000,2692.6000,2690.4000,2653.2000,2650.0000,2701.4000,2701.6000,2701.8000,2702.2000,2706.2000,4,4,5,1,2,1,1,1,1,1
SF,IH2007,2020-05-25 09:32:28.000,2700.0000,4554,0,56799540.000,2,1,1,多换,S,2700.0000,2692.6000,2690.4000,2653.2000,2650.0000,2701.2000,2701.4000,2701.6000,2701.8000,2702.2000,3,4,5,1,2,1,1,1,1,1
SF,IH2007,2020-05-25 09:32:29.000,2700.0000,4554,0,59229540.000,3,1,2,多换,S,2692.6000,2690.4000,2653.2000,2650.0000,2633.6000,2700.0000,2701.2000,2701.4000,2701.6000,2701.8000,4,5,1,2,4,1,1,1,1,1
SF,IH2007,2020-05-25 09:32:29.500,2700.0000,4554,0,59229540.000,0,-,-,-,-,2692.8000,2692.6000,2690.4000,2653.2000,2650.0000,2699.8000,2700.0000,2701.4000,2702.2000,2709.4000,10,4,5,1,2,1,2,1,1,5
SF,IH2007,2020-05-25 09:32:30.000,2700.0000,4554,0,59229540.000,0,-,-,-,-,2696.4000,2692.8000,2692.6000,2690.4000,2653.2000,2699.8000,2700.0000,2701.4000,2702.2000,2709.4000,1,10,4,5,1,1,1,1,1,5
SF,IH2007,2020-05-25 09:32:30.500,2699.8000,4554,0,60039480.000,1,0,1,多换,S,2696.6000,2693.4000,2692.8000,2692.6000,2690.4000,2700.0000,2701.4000,2702.2000,2709.4000,2711.2000,8,1,6,5,5,1,1,1,5,1
SF,IH2007,2020-05-25 09:32:31.000,2700.0000,4555,1,60849480.000,1,1,0,双开,S,2697.0000,2696.6000,2693.4000,2692.8000,2692.6000,2701.4000,2702.2000,2709.4000,2711.2000,2722.8000,2,8,1,6,5,1,1,5,1,1
SF,IH2007,2020-05-25 09:32:31.500,2700.0000,4555,0,60849480.000,0,-,-,-,-,2697.2000,2697.0000,2696.6000,2693.4000,2692.8000,2701.4000,2702.2000,2709.4000,2711.2000,2722.8000,6,2,5,1,6,1,1,5,1,1
SF,IH2007,2020-05-25 09:32:32.000,2700.0000,4555,0,60849480.000,0,-,-,-,-,2697.8000,2697.2000,2697.0000,2696.6000,2693.4000,2701.2000,2701.4000,2702.2000,2709.4000,2711.2000,1,6,2,5,1,3,1,1,5,1
SF,IH2007,2020-05-25 09:32:32.500,2700.0000,4555,0,60849480.000,0,-,-,-,-,2698.0000,2697.8000,2697.2000,2697.0000,2696.6000,2701.2000,2701.4000,2702.2000,2709.4000,2711.2000,3,1,3,2,5,3,1,1,5,1
SF,IH2007,2020-05-25 09:32:33.000,2700.0000,4555,0,60849480.000,0,-,-,-,-,2698.0000,2697.8000,2697.2000,2696.6000,2694.2000,2701.2000,2701.4000,2702.2000,2709.4000,2711.2000,5,1,3,5,3,3,1,1,5,1
SF,IH2007,2020-05-25 09:32:33.500,2700.0000,4555,0,60849480.000,0,-,-,-,-,2698.0000,2697.2000,2696.6000,2694.2000,2692.8000,2701.2000,2701.4000,2702.2000,2709.4000,2711.2000,5,3,5,3,5,3,1,1,5,1
SF,IH2007,2020-05-25 09:32:34.000,2700.0000,4555,0,60849480.000,0,-,-,-,-,2698.0000,2697.2000,2696.6000,2694.2000,2692.8000,2701.2000,2701.4000,2702.2000,2703.8000,2709.4000,5,3,5,3,5,3,1,1,1,5
SF,IH2007,2020-05-25 09:32:34.500,2700.0000,4555,0,60849480.000,0,-,-,-,-,2698.2000,2698.0000,2697.2000,2696.6000,2694.2000,2701.2000,2701.4000,2702.2000,2703.8000,2709.4000,1,5,3,5,3,3,1,1,1,5
SF,IH2007,2020-05-25 09:32:35.000,2700.0000,4555,0,60849480.000,0,-,-,-,-,2698.4000,2698.2000,2698.0000,2697.2000,2696.6000,2701.2000,2701.4000,2702.2000,2703.8000,2709.4000,3,1,2,3,5,3,1,1,1,5
SF,IH2007,2020-05-25 09:32:36.500,2700.0000,4555,0,60849480.000,0,-,-,-,-,2698.4000,2698.2000,2698.0000,2697.2000,2696.6000,2701.0000,2701.2000,2701.4000,2702.2000,2703.8000,3,1,2,3,5,1,3,1,1,1
SF,IH2007,2020-05-25 09:32:37.000,2700.0000,4555,0,60849480.000,0,-,-,-,-,2698.4000,2698.0000,2697.2000,2696.6000,2694.2000,2700.8000,2701.0000,2701.2000,2701.4000,2702.2000,3,2,3,5,3,1,1,2,1,1
SF,IH2007,2020-05-25 09:32:37.500,2700.0000,4555,0,60849480.000,0,-,-,-,-,2698.4000,2697.2000,2696.6000,2695.4000,2694.2000,2701.0000,2701.2000,2701.4000,2702.2000,2703.8000,3,3,5,2,3,1,2,1,1,1
SF,IH2007,2020-05-25 09:32:39.000,2700.0000,4555,0,60849480.000,0,-,-,-,-,2698.6000,2698.4000,2697.2000,2696.6000,2695.4000,2701.0000,2701.4000,2702.2000,2703.8000,2709.4000,1,3,3,5,2,1,1,1,1,5
SF,IH2007,2020-05-25 09:32:39.500,2700.0000,4555,0,60849480.000,0,-,-,-,-,2698.8000,2697.2000,2696.6000,2695.4000,2694.2000,2701.0000,2701.4000,2702.2000,2703.8000,2709.4000,3,3,3,2,3,1,1,1,1,5
SF,IH2007,2020-05-25 09:32:40.000,2700.0000,4555,0,60849480.000,0,-,-,-,-,2699.0000,2698.8000,2697.2000,2696.6000,2695.4000,2700.8000,2701.0000,2701.4000,2702.2000,2703.8000,1,2,3,3,2,1,1,1,1,1
SF,IH2007,2020-05-25 09:32:40.500,2700.0000,4555,0,60849480.000,0,-,-,-,-,2699.2000,2697.2000,2696.6000,2695.4000,2694.2000,2700.8000,2701.0000,2701.4000,2702.2000,2703.8000,2,3,3,2,3,1,1,1,1,1
SF,IH2007,2020-05-25 09:32:41.000,2700.0000,4555,0,60849480.000,0,-,-,-,-,2699.2000,2697.2000,2696.6000,2695.4000,2694.2000,2701.0000,2701.4000,2702.2000,2703.8000,2709.4000,2,3,3,2,3,1,1,1,1,5
SF,IH2007,2020-05-25 09:32:41.500,2700.0000,4555,0,60849480.000,0,-,-,-,-,2699.2000,2697.2000,2696.6000,2695.4000,2694.2000,2700.8000,2701.0000,2701.4000,2702.2000,2703.8000,1,3,3,2,3,1,1,1,1,1
SF,IH2007,2020-05-25 09:32:43.000,2700.0000,4555,0,60849480.000,0,-,-,-,-,2699.2000,2696.6000,2695.4000,2694.2000,2692.8000,2700.8000,2701.0000,2701.4000,2702.2000,2703.8000,1,3,2,3,5,1,1,1,1,1
SF,IH2007,2020-05-25 09:32:43.500,2699.2000,4554,-1,61659240.000,1,0,1,双平,S,2696.6000,2695.4000,2694.2000,2692.8000,2692.6000,2700.8000,2701.0000,2701.4000,2702.2000,2703.8000,3,2,3,5,5,1,1,1,1,1
SF,IH2007,2020-05-25 09:32:44.000,2699.2000,4554,0,61659240.000,0,-,-,-,-,2696.8000,2696.6000,2695.4000,2694.2000,2692.8000,2700.6000,2700.8000,2701.0000,2701.4000,2702.2000,4,3,2,3,5,1,1,1,1,1
SF,IH2007,2020-05-25 09:32:44.500,2699.2000,4554,0,61659240.000,0,-,-,-,-,2696.8000,2696.6000,2695.4000,2694.2000,2692.8000,2700.4000,2700.6000,2701.0000,2701.4000,2702.2000,4,3,2,3,5,1,1,1,1,1
SF,IH2007,2020-05-25 09:32:45.000,2699.2000,4554,0,61659240.000,0,-,-,-,-,2696.8000,2696.6000,2695.4000,2694.2000,2692.8000,2700.2000,2700.4000,2701.0000,2701.4000,2702.2000,5,3,2,3,5,1,1,1,1,1
SF,IH2007,2020-05-25 09:32:45.500,2699.2000,4554,0,61659240.000,0,-,-,-,-,2696.8000,2696.6000,2695.4000,2694.2000,2692.8000,2700.0000,2700.2000,2701.0000,2701.4000,2701.8000,5,3,2,3,5,1,1,1,1,5
SF,IH2007,2020-05-25 09:32:46.000,2699.2000,4554,0,61659240.000,0,-,-,-,-,2697.0000,2696.8000,2696.6000,2694.2000,2692.8000,2699.8000,2700.0000,2701.0000,2701.4000,2702.2000,1,5,3,3,5,1,1,1,1,1
SF,IH2007,2020-05-25 09:32:46.500,2699.2000,4554,0,61659240.000,0,-,-,-,-,2697.2000,2697.0000,2696.8000,2694.2000,2692.8000,2699.8000,2701.0000,2701.4000,2702.2000,2703.8000,3,1,3,3,5,1,1,1,1,1
SF,IH2007,2020-05-25 09:32:47.500,2699.2000,4554,0,61659240.000,0,-,-,-,-,2697.2000,2696.8000,2694.2000,2692.8000,2690.4000,2699.8000,2701.0000,2701.4000,2702.2000,2705.6000,2,3,3,5,5,1,1,1,1,5
SF,IH2007,2020-05-25 09:32:48.000,2699.2000,4554,0,61659240.000,0,-,-,-,-,2697.4000,2697.2000,2696.8000,2694.2000,2692.8000,2699.8000,2701.0000,2701.4000,2702.2000,2705.6000,2,2,3,3,5,1,1,1,1,5
SF,IH2007,2020-05-25 09:32:48.500,2699.2000,4554,0,61659240.000,0,-,-,-,-,2697.6000,2697.4000,2697.2000,2696.8000,2694.4000,2699.8000,2701.0000,2701.4000,2702.2000,2705.6000,2,2,1,2,2,1,1,1,1,5
SF,IH2007,2020-05-25 09:32:49.500,2699.2000,4554,0,61659240.000,0,-,-,-,-,2697.8000,2697.6000,2697.2000,2696.8000,2694.2000,2699.8000,2701.0000,2701.4000,2702.2000,2705.6000,1,2,1,2,3,1,1,1,1,5
SF,IH2007,2020-05-25 09:32:50.000,2699.2000,4554,0,61659240.000,0,-,-,-,-,2698.0000,2697.8000,2697.2000,2696.8000,2694.2000,2699.8000,2701.0000,2701.4000,2702.2000,2705.6000,2,1,1,2,3,1,1,1,1,5
SF,IH2007,2020-05-25 09:32:50.500,2699.2000,4554,0,61659240.000,0,-,-,-,-,2698.0000,2697.8000,2697.2000,2696.8000,2693.2000,2699.8000,2701.0000,2701.4000,2702.2000,2705.6000,2,1,1,2,3,1,1,1,1,5
SF,IH2007,2020-05-25 09:32:51.000,2699.2000,4554,0,61659240.000,0,-,-,-,-,2698.0000,2697.8000,2696.8000,2693.2000,2692.8000,2699.8000,2701.0000,2701.4000,2702.2000,2705.6000,3,1,2,3,5,1,1,1,1,5
SF,IH2007,2020-05-25 09:32:51.500,2699.2000,4554,0,61659240.000,0,-,-,-,-,2698.2000,2698.0000,2697.8000,2696.8000,2693.2000,2699.8000,2701.0000,2701.4000,2702.2000,2705.6000,1,2,1,2,3,1,1,1,1,5
SF,IH2007,2020-05-25 09:32:52.000,2699.2000,4554,0,61659240.000,0,-,-,-,-,2698.4000,2698.2000,2698.0000,2697.8000,2696.8000,2701.0000,2701.4000,2702.2000,2705.6000,2711.2000,1,1,2,1,2,1,1,1,5,1
SF,IH2007,2020-05-25 09:32:52.500,2699.2000,4554,0,61659240.000,0,-,-,-,-,2698.6000,2698.4000,2698.0000,2697.8000,2696.8000,2699.8000,2700.8000,2701.0000,2701.4000,2702.2000,1,1,2,1,2,1,1,2,1,1
SF,IH2007,2020-05-25 09:32:53.000,2699.2000,4554,0,61659240.000,0,-,-,-,-,2699.8000,2698.8000,2698.6000,2698.4000,2698.0000,2701.0000,2701.4000,2702.2000,2705.6000,2711.2000,1,1,1,1,1,2,1,1,5,1
SF,IH2007,2020-05-25 09:32:53.500,2699.8000,4554,0,62469180.000,1,0,1,多换,S,2698.6000,2698.4000,2698.0000,2697.8000,2696.8000,2700.8000,2701.0000,2701.4000,2702.2000,2705.6000,1,1,1,2,2,1,2,1,1,5
SF,IH2007,2020-05-25 09:32:54.000,2699.8000,4554,0,62469180.000,0,-,-,-,-,2698.8000,2698.6000,2698.4000,2698.0000,2697.8000,2701.4000,2702.2000,2705.6000,2711.2000,2722.8000,4,1,1,1,2,1,1,5,1,1
SF,IH2007,2020-05-25 09:32:54.500,2699.8000,4554,0,62469180.000,0,-,-,-,-,2699.0000,2698.8000,2698.4000,2698.0000,2697.8000,2701.4000,2702.2000,2705.6000,2711.2000,2722.8000,1,2,1,1,2,1,1,5,1,1
SF,IH2007,2020-05-25 09:32:55.000,2699.8000,4554,0,62469180.000,0,-,-,-,-,2699.2000,2699.0000,2698.8000,2698.4000,2698.0000,2701.4000,2702.2000,2705.6000,2711.2000,2722.8000,2,1,1,1,1,1,1,5,1,1
SF,IH2007,2020-05-25 09:32:55.500,2699.8000,4554,0,62469180.000,0,-,-,-,-,2699.4000,2699.2000,2698.8000,2698.4000,2698.0000,2701.4000,2702.2000,2705.6000,2711.2000,2722.8000,1,2,1,1,1,1,1,5,1,1
SF,IH2007,2020-05-25 09:32:56.000,2699.8000,4554,0,62469180.000,0,-,-,-,-,2699.6000,2699.4000,2699.2000,2698.8000,2698.4000,2701.4000,2702.2000,2705.6000,2711.2000,2722.8000,1,1,1,1,1,1,1,5,1,1
SF,IH2007,2020-05-25 09:32:56.500,2701.4000,4554,0,63279600.000,1,0,1,多换,S,2699.8000,2699.6000,2698.8000,2698.4000,2697.8000,2702.2000,2705.6000,2711.2000,2722.8000,2723.0000,1,1,1,1,2,1,5,1,1,2
SF,IH2007,2020-05-25 09:32:57.000,2701.4000,4554,0,63279600.000,0,-,-,-,-,2700.0000,2699.8000,2698.8000,2698.4000,2697.8000,2702.0000,2702.2000,2705.6000,2711.2000,2722.8000,1,1,1,1,2,1,1,5,1,1
SF,IH2007,2020-05-25 09:32:57.500,2701.4000,4554,0,63279600.000,0,-,-,-,-,2700.2000,2700.0000,2698.8000,2698.4000,2697.8000,2702.0000,2702.2000,2705.6000,2711.2000,2722.8000,1,2,1,1,2,1,1,5,1,1
SF,IH2007,2020-05-25 09:32:58.000,2701.4000,4554,0,63279600.000,0,-,-,-,-,2700.4000,2700.2000,2698.8000,2698.4000,2697.8000,2701.2000,2702.0000,2702.2000,2705.6000,2711.2000,1,1,1,1,1,1,1,1,5,1
SF,IH2007,2020-05-25 09:32:58.500,2700.4000,4554,0,64089720.000,1,0,1,多换,S,2700.2000,2698.8000,2698.4000,2697.8000,2696.8000,2702.0000,2702.2000,2705.6000,2711.2000,2722.8000,1,1,1,1,2,1,1,5,1,1
SF,IH2007,2020-05-25 09:32:59.000,2700.4000,4554,0,64089720.000,0,-,-,-,-,2700.4000,2698.8000,2698.4000,2697.8000,2693.2000,2702.0000,2702.2000,2705.6000,2711.2000,2722.8000,1,1,1,1,3,1,1,5,1,1
SF,IH2007,2020-05-25 09:32:59.500,2700.4000,4554,0,64089720.000,0,-,-,-,-,2698.8000,2698.4000,2693.2000,2692.8000,2690.4000,2702.0000,2702.2000,2705.6000,2711.2000,2722.8000,1,1,3,5,5,1,1,5,1,1
SF,IH2007,2020-05-25 09:33:00.000,2700.4000,4554,0,64089720.000,0,-,-,-,-,2699.0000,2698.8000,2698.4000,2693.2000,2692.8000,2702.0000,2702.2000,2705.6000,2711.2000,2722.8000,2,1,1,3,5,1,1,5,1,1
SF,IH2007,2020-05-25 09:33:00.500,2700.4000,4554,0,64089720.000,0,-,-,-,-,2699.2000,2699.0000,2698.8000,2698.4000,2693.2000,2701.8000,2702.0000,2702.2000,2705.6000,2711.2000,3,2,1,1,3,1,1,1,5,1
SF,IH2007,2020-05-25 09:33:01.000,2700.4000,4554,0,64089720.000,0,-,-,-,-,2699.4000,2699.2000,2698.8000,2698.4000,2693.2000,2701.8000,2702.0000,2702.2000,2705.6000,2711.2000,2,1,1,1,3,1,1,1,5,1
SF,IH2007,2020-05-25 09:33:01.500,2700.4000,4554,0,64089720.000,0,-,-,-,-,2699.4000,2699.2000,2698.8000,2698.4000,2693.2000,2701.8000,2702.0000,2702.2000,2705.6000,2711.2000,1,1,1,1,3,1,1,1,5,1
SF,IH2007,2020-05-25 09:33:02.000,2700.4000,4554,0,64089720.000,0,-,-,-,-,2699.6000,2699.4000,2699.2000,2698.8000,2698.4000,2701.6000,2701.8000,2702.0000,2702.2000,2705.6000,1,1,1,1,1,1,1,1,1,5
SF,IH2007,2020-05-25 09:33:02.500,2700.4000,4554,0,64089720.000,0,-,-,-,-,2699.8000,2699.6000,2699.2000,2698.8000,2698.4000,2701.4000,2701.6000,2702.0000,2702.2000,2705.6000,1,1,1,1,1,1,1,1,1,5
SF,IH2007,2020-05-25 09:33:03.000,2700.4000,4554,0,64089720.000,0,-,-,-,-,2699.2000,2698.8000,2698.4000,2693.2000,2692.8000,2701.4000,2701.6000,2702.0000,2702.2000,2705.6000,1,1,1,3,5,1,1,1,1,5
SF,IH2007,2020-05-25 09:33:03.500,2700.4000,4554,0,64089720.000,0,-,-,-,-,2699.4000,2699.2000,2698.8000,2698.4000,2693.2000,2701.2000,2701.4000,2702.0000,2702.2000,2705.6000,3,1,1,1,3,1,1,1,1,5
SF,IH2007,2020-05-25 09:33:04.000,2700.4000,4554,0,64089720.000,0,-,-,-,-,2699.6000,2699.4000,2699.2000,2698.8000,2698.4000,2701.2000,2702.0000,2702.2000,2705.6000,2711.2000,1,1,1,1,1,1,1,1,5,1
SF,IH2007,2020-05-25 09:33:04.500,2700.4000,4554,0,64089720.000,0,-,-,-,-,2699.6000,2699.4000,2699.2000,2698.8000,2698.4000,2701.0000,2701.2000,2702.0000,2702.2000,2705.6000,1,1,1,1,1,1,1,1,1,5
SF,IH2007,2020-05-25 09:33:05.000,2700.4000,4554,0,64089720.000,0,-,-,-,-,2698.8000,2698.4000,2693.2000,2692.8000,2690.4000,2701.0000,2701.2000,2702.0000,2702.2000,2705.6000,1,1,3,5,5,1,1,1,1,5
SF,IH2007,2020-05-25 09:33:05.500,2700.4000,4554,0,64089720.000,0,-,-,-,-,2700.0000,2699.0000,2698.8000,2693.2000,2692.8000,2700.8000,2701.0000,2702.0000,2702.2000,2705.6000,1,1,1,3,5,1,1,1,1,5
SF,IH2007,2020-05-25 09:33:06.000,2700.0000,4554,0,64899720.000,1,0,1,多换,S,2693.2000,2692.8000,2690.4000,2690.0000,2687.2000,2700.6000,2702.0000,2702.2000,2705.6000,2711.2000,3,5,5,4,1,1,1,1,5,1
SF,IH2007,2020-05-25 09:33:06.500,2700.0000,4554,0,64899720.000,0,-,-,-,-,2693.4000,2693.2000,2692.8000,2690.4000,2690.0000,2700.0000,2700.4000,2702.0000,2702.2000,2705.6000,6,3,5,5,4,1,1,1,1,5
SF,IH2007,2020-05-25 09:33:07.000,2700.0000,4554,0,64899720.000,0,-,-,-,-,2693.4000,2693.2000,2692.8000,2690.4000,2690.0000,2699.8000,2702.0000,2702.2000,2705.6000,2711.2000,6,3,5,5,4,1,1,1,5,1
SF,IH2007,2020-05-25 09:33:07.500,2700.0000,4554,0,64899720.000,0,-,-,-,-,2693.4000,2693.2000,2692.8000,2690.4000,2690.0000,2699.6000,2699.8000,2702.0000,2702.2000,2705.6000,6,3,5,5,4,1,1,1,1,5
SF,IH2007,2020-05-25 09:33:08.000,2700.0000,4554,0,64899720.000,0,-,-,-,-,2693.4000,2693.2000,2692.8000,2690.4000,2690.0000,2699.4000,2699.6000,2702.0000,2702.2000,2705.6000,5,3,5,5,4,1,1,1,1,5
SF,IH2007,2020-05-25 09:33:08.500,2700.0000,4554,0,64899720.000,0,-,-,-,-,2695.2000,2694.2000,2693.4000,2692.8000,2690.4000,2699.2000,2699.4000,2702.0000,2702.2000,2705.6000,1,1,5,5,5,1,1,1,1,5
SF,IH2007,2020-05-25 09:33:09.000,2699.6000,4554,0,65709600.000,1,0,1,多换,S,2695.4000,2695.2000,2694.2000,2693.4000,2692.8000,2699.2000,2702.0000,2702.2000,2705.6000,2711.2000,5,1,1,1,5,1,1,1,5,1
SF,IH2007,2020-05-25 09:33:09.500,2699.6000,4554,0,65709600.000,0,-,-,-,-,2695.6000,2695.4000,2695.2000,2694.2000,2693.4000,2699.2000,2699.4000,2702.0000,2702.2000,2705.6000,1,5,1,1,1,1,1,1,1,5
SF,IH2007,2020-05-25 09:33:10.000,2699.6000,4554,0,65709600.000,0,-,-,-,-,2695.8000,2695.4000,2695.2000,2694.2000,2693.4000,2699.2000,2699.4000,2702.0000,2702.2000,2705.6000,5,2,1,1,1,1,1,1,1,5
SF,IH2007,2020-05-25 09:33:13.000,2699.6000,4554,0,65709600.000,0,-,-,-,-,2695.8000,2695.4000,2695.2000,2694.2000,2693.4000,2699.0000,2699.2000,2702.0000,2702.2000,2705.6000,5,2,1,1,1,1,1,1,1,5
SF,IH2007,2020-05-25 09:33:13.500,2699.6000,4554,0,65709600.000,0,-,-,-,-,2695.8000,2695.4000,2695.2000,2694.2000,2693.4000,2698.8000,2699.0000,2702.0000,2702.2000,2705.6000,5,2,1,1,1,1,1,1,1,5
SF,IH2007,2020-05-25 09:33:14.500,2699.6000,4554,0,65709600.000,0,-,-,-,-,2695.8000,2695.4000,2695.2000,2693.4000,2692.8000,2698.8000,2699.0000,2702.0000,2702.2000,2705.6000,3,2,1,1,5,1,1,1,1,5
SF,IH2007,2020-05-25 09:33:15.000,2699.6000,4554,0,65709600.000,0,-,-,-,-,2696.0000,2695.8000,2695.4000,2695.2000,2693.4000,2698.8000,2699.0000,2702.0000,2702.2000,2705.6000,3,3,2,1,1,1,1,1,1,5
SF,IH2007,2020-05-25 09:33:15.500,2699.6000,4554,0,65709600.000,0,-,-,-,-,2696.2000,2696.0000,2695.4000,2695.2000,2693.4000,2698.8000,2699.0000,2702.0000,2702.2000,2705.6000,3,3,2,1,1,1,1,1,1,5
SF,IH2007,2020-05-25 09:33:16.000,2699.6000,4554,0,65709600.000,0,-,-,-,-,2696.2000,2695.4000,2695.2000,2693.4000,2692.8000,2698.8000,2699.0000,2702.0000,2702.2000,2705.6000,3,2,1,1,5,1,1,1,1,5
SF,IH2007,2020-05-25 09:33:16.500,2699.6000,4554,0,65709600.000,0,-,-,-,-,2696.2000,2695.4000,2693.4000,2692.8000,2690.4000,2698.8000,2699.0000,2702.0000,2702.2000,2705.6000,3,2,1,5,5,1,1,1,1,5
SF,IH2007,2020-05-25 09:33:17.500,2699.6000,4554,0,65709600.000,0,-,-,-,-,2696.2000,2693.4000,2692.8000,2690.4000,2690.0000,2698.8000,2702.0000,2702.2000,2705.6000,2711.2000,3,1,5,5,4,1,1,1,5,1
SF,IH2007,2020-05-25 09:33:18.500,2698.8000,4553,-1,66519240.000,1,0,1,双平,S,2696.4000,2696.2000,2693.4000,2692.8000,2690.4000,2702.0000,2702.2000,2705.6000,2711.2000,2722.8000,1,3,1,5,5,1,1,5,1,1
SF,IH2007,2020-05-25 09:33:19.000,2698.8000,4553,0,66519240.000,0,-,-,-,-,2696.6000,2693.4000,2692.8000,2690.4000,2690.0000,2699.0000,2701.8000,2702.0000,2702.2000,2705.6000,3,1,5,5,4,1,1,2,1,5
SF,IH2007,2020-05-25 09:33:19.500,2698.8000,4553,0,66519240.000,0,-,-,-,-,2696.8000,2696.6000,2693.4000,2692.8000,2690.4000,2701.8000,2702.0000,2702.2000,2705.6000,2711.2000,1,2,1,5,5,1,2,1,5,1
SF,IH2007,2020-05-25 09:33:20.000,2698.8000,4553,0,66519240.000,0,-,-,-,-,2697.0000,2696.8000,2693.4000,2692.8000,2690.4000,2701.8000,2702.0000,2702.2000,2705.6000,2711.2000,2,1,1,5,5,2,1,1,5,1
SF,IH2007,2020-05-25 09:33:20.500,2698.8000,4553,0,66519240.000,0,-,-,-,-,2697.2000,2697.0000,2693.4000,2692.8000,2690.4000,2701.6000,2701.8000,2702.0000,2702.2000,2705.6000,1,2,1,5,5,1,2,1,1,5
SF,IH2007,2020-05-25 09:33:21.000,2698.8000,4553,0,66519240.000,0,-,-,-,-,2697.4000,2697.2000,2693.4000,2692.8000,2690.4000,2701.6000,2701.8000,2702.0000,2702.2000,2705.6000,2,1,1,5,5,2,1,1,1,5
SF,IH2007,2020-05-25 09:33:21.500,2698.8000,4553,0,66519240.000,0,-,-,-,-,2697.6000,2697.4000,2693.4000,2692.8000,2690.4000,2701.4000,2701.6000,2701.8000,2702.0000,2702.2000,1,2,1,5,5,2,2,1,1,1
SF,IH2007,2020-05-25 09:33:22.000,2698.8000,4553,0,66519240.000,0,-,-,-,-,2697.8000,2697.6000,2693.4000,2692.8000,2690.4000,2701.4000,2701.8000,2702.0000,2702.2000,2705.6000,2,1,1,5,5,3,1,1,1,5
SF,IH2007,2020-05-25 09:33:22.500,2698.8000,4553,0,66519240.000,0,-,-,-,-,2698.0000,2697.8000,2693.4000,2692.8000,2690.4000,2701.2000,2701.4000,2701.8000,2702.0000,2702.2000,1,2,1,5,5,1,3,1,1,1
SF,IH2007,2020-05-25 09:33:23.000,2698.8000,4553,0,66519240.000,0,-,-,-,-,2698.2000,2693.4000,2692.8000,2690.4000,2690.0000,2701.2000,2701.4000,2701.8000,2702.0000,2702.2000,2,1,5,5,4,2,2,1,1,1
SF,IH2007,2020-05-25 09:33:28.000,2698.8000,4553,0,66519240.000,0,-,-,-,-,2698.2000,2693.4000,2692.8000,2690.4000,2690.0000,2701.0000,2701.2000,2701.4000,2701.8000,2702.0000,2,1,5,5,4,1,2,2,1,1
SF,IH2007,2020-05-25 09:33:28.500,2698.8000,4553,0,66519240.000,0,-,-,-,-,2698.2000,2693.4000,2692.8000,2690.4000,2690.0000,2700.8000,2701.0000,2701.4000,2701.8000,2702.0000,2,1,5,5,4,1,2,2,1,1
SF,IH2007,2020-05-25 09:33:29.000,2698.8000,4553,0,66519240.000,0,-,-,-,-,2698.2000,2693.4000,2692.8000,2690.4000,2690.0000,2701.0000,2701.4000,2701.8000,2702.0000,2702.2000,2,1,5,5,4,2,2,1,1,1
SF,IH2007,2020-05-25 09:33:29.500,2698.8000,4553,0,66519240.000,0,-,-,-,-,2698.2000,2693.4000,2692.8000,2690.4000,2690.0000,2700.6000,2700.8000,2701.0000,2701.4000,2701.8000,2,1,5,5,4,1,1,2,2,1
SF,IH2007,2020-05-25 09:33:30.000,2698.8000,4553,0,66519240.000,0,-,-,-,-,2698.2000,2693.4000,2692.8000,2690.4000,2690.0000,2700.4000,2700.6000,2701.0000,2701.4000,2701.8000,2,1,5,5,4,1,1,2,2,1
SF,IH2007,2020-05-25 09:33:30.500,2698.8000,4553,0,66519240.000,0,-,-,-,-,2698.2000,2693.4000,2692.8000,2690.4000,2690.0000,2700.6000,2701.0000,2701.4000,2701.8000,2702.0000,2,1,5,5,4,1,2,2,1,1
SF,IH2007,2020-05-25 09:33:32.000,2698.8000,4553,0,66519240.000,0,-,-,-,-,2698.2000,2696.0000,2693.4000,2692.8000,2690.4000,2700.6000,2701.0000,2701.4000,2701.8000,2702.0000,2,1,1,5,5,1,2,2,1,1
SF,IH2007,2020-05-25 09:33:33.000,2700.6000,4552,-1,67329420.000,1,0,1,双平,S,2698.2000,2696.0000,2693.4000,2692.8000,2690.4000,2701.0000,2701.4000,2701.8000,2702.0000,2702.2000,2,1,1,5,5,2,2,1,1,1
SF,IH2007,2020-05-25 09:33:33.500,2700.6000,4552,0,67329420.000,0,-,-,-,-,2698.2000,2696.0000,2693.4000,2692.8000,2690.4000,2700.8000,2701.0000,2701.4000,2701.8000,2702.0000,2,1,1,5,5,1,2,2,1,1
SF,IH2007,2020-05-25 09:33:34.000,2700.6000,4552,0,67329420.000,0,-,-,-,-,2698.2000,2696.0000,2693.4000,2692.8000,2690.4000,2701.0000,2701.4000,2701.8000,2702.0000,2702.2000,3,1,1,5,5,2,2,1,1,1
SF,IH2007,2020-05-25 09:33:34.500,2700.6000,4552,0,67329420.000,0,-,-,-,-,2698.2000,2696.0000,2693.4000,2692.8000,2690.4000,2700.8000,2701.0000,2701.4000,2701.8000,2702.0000,3,1,1,5,5,1,2,2,1,1
SF,IH2007,2020-05-25 09:33:35.500,2700.6000,4552,0,67329420.000,0,-,-,-,-,2698.4000,2698.2000,2696.0000,2693.4000,2692.8000,2700.8000,2701.0000,2701.4000,2701.8000,2702.0000,1,3,1,1,5,1,2,2,1,1
SF,IH2007,2020-05-25 09:33:36.000,2700.6000,4552,0,67329420.000,0,-,-,-,-,2698.6000,2698.4000,2698.2000,2696.0000,2693.4000,2700.8000,2701.0000,2701.4000,2701.8000,2702.0000,2,1,1,1,1,1,2,2,1,1
SF,IH2007,2020-05-25 09:33:37.000,2700.6000,4552,0,67329420.000,0,-,-,-,-,2698.6000,2698.4000,2698.2000,2696.0000,2693.4000,2700.8000,2701.0000,2701.4000,2701.8000,2702.0000,3,1,1,1,1,1,2,2,1,1
SF,IH2007,2020-05-25 09:33:37.500,2700.6000,4552,0,67329420.000,0,-,-,-,-,2698.6000,2698.4000,2698.2000,2698.0000,2696.0000,2701.0000,2701.4000,2701.8000,2702.0000,2702.2000,3,1,1,1,1,2,2,1,1,1
SF,IH2007,2020-05-25 09:33:38.000,2700.6000,4552,0,67329420.000,0,-,-,-,-,2698.8000,2698.6000,2698.4000,2698.2000,2698.0000,2701.0000,2701.4000,2701.8000,2702.0000,2702.2000,1,3,1,1,1,2,2,1,1,1
SF,IH2007,2020-05-25 09:33:38.500,2700.6000,4552,0,67329420.000,0,-,-,-,-,2699.0000,2698.8000,2698.6000,2698.2000,2698.0000,2701.0000,2701.4000,2701.8000,2702.0000,2702.2000,2,1,1,1,1,2,2,1,1,1
SF,IH2007,2020-05-25 09:33:39.000,2700.6000,4552,0,67329420.000,0,-,-,-,-,2699.0000,2698.8000,2698.6000,2698.2000,2698.0000,2700.8000,2701.0000,2701.4000,2701.8000,2702.0000,2,1,1,1,1,1,2,2,1,1
SF,IH2007,2020-05-25 09:33:39.500,2699.0000,4553,1,68139120.000,1,1,0,双开,S,2699.0000,2698.8000,2698.6000,2698.2000,2698.0000,2700.0000,2700.6000,2700.8000,2701.0000,2701.4000,1,1,1,1,1,1,2,1,2,2
SF,IH2007,2020-05-25 09:33:40.000,2699.0000,4553,0,68139120.000,0,-,-,-,-,2699.2000,2699.0000,2698.8000,2698.6000,2698.2000,2700.6000,2700.8000,2701.0000,2701.4000,2701.8000,1,1,1,1,1,2,1,2,2,1
SF,IH2007,2020-05-25 09:33:40.500,2699.0000,4553,0,68139120.000,0,-,-,-,-,2699.4000,2698.8000,2698.6000,2698.2000,2698.0000,2700.6000,2700.8000,2701.0000,2701.4000,2701.8000,1,1,1,1,1,1,1,2,2,1
SF,IH2007,2020-05-25 09:33:41.000,2698.8000,4552,-1,69758580.000,2,0,2,多平,S,2698.6000,2698.2000,2698.0000,2696.0000,2693.4000,2700.0000,2700.4000,2700.8000,2701.0000,2701.4000,1,1,1,1,1,1,1,1,2,2
SF,IH2007,2020-05-25 09:33:41.500,2698.8000,4552,0,69758580.000,0,-,-,-,-,2698.8000,2698.6000,2698.2000,2698.0000,2696.0000,2699.2000,2699.8000,2700.8000,2701.0000,2701.4000,1,1,1,1,1,1,1,1,2,2
SF,IH2007,2020-05-25 09:33:42.000,2698.8000,4552,0,69758580.000,0,-,-,-,-,2698.8000,2698.6000,2698.2000,2698.0000,2696.0000,2699.8000,2701.0000,2701.4000,2702.0000,2702.2000,1,2,1,1,1,1,2,2,1,1
SF,IH2007,2020-05-25 09:33:42.500,2698.8000,4552,0,70568220.000,1,0,1,多换,S,2698.6000,2698.0000,2696.0000,2693.4000,2692.8000,2701.0000,2702.0000,2702.2000,2705.6000,2711.2000,2,1,1,1,5,2,1,1,5,1
SF,IH2007,2020-05-25 09:33:43.000,2698.8000,4552,0,70568220.000,0,-,-,-,-,2698.6000,2698.0000,2696.0000,2693.4000,2692.8000,2699.8000,2700.8000,2701.0000,2702.0000,2702.2000,1,1,1,1,5,1,3,2,1,1
SF,IH2007,2020-05-25 09:33:43.500,2698.8000,4552,0,70568220.000,0,-,-,-,-,2698.6000,2698.0000,2696.0000,2693.4000,2692.8000,2699.6000,2700.8000,2701.0000,2702.0000,2702.2000,1,1,1,1,5,1,2,2,1,1
SF,IH2007,2020-05-25 09:33:44.500,2698.6000,4553,1,71377800.000,1,1,0,双开,S,2698.0000,2696.0000,2693.4000,2692.8000,2690.4000,2699.6000,2700.8000,2701.0000,2702.0000,2702.2000,1,1,1,5,5,1,2,2,1,1
SF,IH2007,2020-05-25 09:33:45.000,2698.6000,4553,0,71377800.000,0,-,-,-,-,2698.0000,2696.0000,2693.4000,2692.8000,2690.4000,2699.4000,2699.6000,2700.8000,2701.0000,2702.0000,1,1,1,5,5,1,1,1,2,1
SF,IH2007,2020-05-25 09:33:45.500,2698.6000,4553,0,71377800.000,0,-,-,-,-,2698.0000,2696.0000,2693.4000,2692.8000,2690.4000,2699.2000,2700.8000,2701.0000,2702.0000,2702.2000,1,1,1,5,5,1,1,2,1,1
SF,IH2007,2020-05-25 09:33:46.000,2698.6000,4553,0,71377800.000,0,-,-,-,-,2698.6000,2698.0000,2696.0000,2693.4000,2692.8000,2699.2000,2700.8000,2701.0000,2702.0000,2702.2000,1,1,1,1,5,1,1,2,1,1
SF,IH2007,2020-05-25 09:33:46.500,2698.6000,4553,0,71377800.000,0,-,-,-,-,2698.6000,2698.0000,2696.0000,2693.4000,2692.8000,2700.8000,2701.0000,2702.0000,2702.2000,2705.6000,1,1,1,1,5,1,2,1,1,5
SF,IH2007,2020-05-25 09:33:47.000,2698.6000,4554,1,72187380.000,1,1,0,双开,S,2698.0000,2696.0000,2693.4000,2692.8000,2690.4000,2699.2000,2700.6000,2700.8000,2701.0000,2702.0000,1,1,1,5,5,1,4,2,1,1
SF,IH2007,2020-05-25 09:33:47.500,2698.6000,4554,0,72187380.000,0,-,-,-,-,2698.0000,2696.0000,2693.4000,2692.8000,2690.4000,2699.0000,2700.6000,2700.8000,2701.0000,2702.0000,1,1,1,5,5,1,2,2,1,1
SF,IH2007,2020-05-25 09:33:48.000,2698.6000,4554,0,72187380.000,0,-,-,-,-,2698.0000,2696.0000,2693.4000,2692.8000,2690.4000,2699.0000,2700.6000,2700.8000,2702.0000,2702.2000,1,1,1,5,5,1,3,2,1,1
SF,IH2007,2020-05-25 09:33:50.000,2698.0000,4554,0,72996780.000,1,0,1,多换,S,2696.0000,2693.4000,2692.8000,2690.4000,2690.0000,2699.0000,2700.6000,2700.8000,2702.0000,2702.2000,1,1,5,5,4,1,3,2,1,1
SF,IH2007,2020-05-25 09:33:50.500,2698.0000,4554,0,72996780.000,0,-,-,-,-,2696.2000,2696.0000,2693.4000,2692.8000,2690.4000,2698.8000,2699.0000,2700.6000,2700.8000,2702.0000,4,1,1,5,5,1,1,2,1,1
SF,IH2007,2020-05-25 09:33:51.000,2698.0000,4554,0,72996780.000,0,-,-,-,-,2696.8000,2696.4000,2696.2000,2696.0000,2693.4000,2698.6000,2698.8000,2700.6000,2700.8000,2702.0000,1,1,3,1,1,1,1,1,1,1
SF,IH2007,2020-05-25 09:33:51.500,2698.0000,4554,0,72996780.000,0,-,-,-,-,2697.0000,2696.8000,2696.2000,2696.0000,2693.4000,2698.4000,2700.6000,2700.8000,2702.2000,2705.6000,3,1,1,1,1,1,1,1,1,5
SF,IH2007,2020-05-25 09:33:52.000,2698.4000,4554,0,73806300.000,1,0,1,多换,S,2698.6000,2698.4000,2697.2000,2697.0000,2696.2000,2700.6000,2700.8000,2702.2000,2705.6000,2711.2000,2,2,1,2,1,1,1,1,5,1
SF,IH2007,2020-05-25 09:33:52.500,2698.6000,4555,1,74615880.000,1,1,0,双开,S,2698.6000,2698.4000,2697.2000,2697.0000,2696.0000,2699.4000,2700.4000,2700.6000,2702.2000,2705.6000,2,2,1,1,1,1,2,3,1,5
SF,IH2007,2020-05-25 09:33:53.000,2698.6000,4555,0,76235040.000,2,1,1,多换,S,2698.4000,2697.2000,2697.0000,2696.6000,2696.0000,2699.2000,2700.4000,2700.6000,2702.2000,2705.6000,2,1,1,1,1,1,2,1,1,5
SF,IH2007,2020-05-25 09:33:54.500,2699.2000,4555,0,77044800.000,1,0,1,多换,S,2698.4000,2697.2000,2697.0000,2696.6000,2696.0000,2700.4000,2700.6000,2702.2000,2705.6000,2711.2000,2,1,1,1,1,2,1,1,5,1
SF,IH2007,2020-05-25 09:33:55.000,2699.2000,4555,0,77044800.000,0,-,-,-,-,2698.4000,2697.0000,2696.6000,2696.0000,2693.4000,2700.2000,2700.4000,2700.6000,2702.2000,2705.6000,2,1,1,1,1,1,2,1,1,5
SF,IH2007,2020-05-25 09:33:55.500,2699.2000,4555,0,77044800.000,0,-,-,-,-,2698.4000,2697.0000,2696.6000,2696.0000,2693.4000,2699.4000,2700.0000,2700.2000,2700.6000,2702.2000,2,1,1,1,1,1,3,1,1,1
SF,IH2007,2020-05-25 09:33:56.000,2699.2000,4555,0,77044800.000,0,-,-,-,-,2698.4000,2697.0000,2696.6000,2696.0000,2693.4000,2699.2000,2700.0000,2700.2000,2700.6000,2702.2000,2,1,1,1,1,1,1,1,1,1
SF,IH2007,2020-05-25 09:33:58.000,2699.2000,4554,-1,77854560.000,1,0,1,双平,S,2698.4000,2696.6000,2696.0000,2693.4000,2692.8000,2700.0000,2700.2000,2700.6000,2702.2000,2705.6000,1,1,1,1,5,1,1,1,1,5
SF,IH2007,2020-05-25 09:33:59.500,2698.4000,4553,-1,78664080.000,1,0,1,双平,S,2696.6000,2696.0000,2695.2000,2693.4000,2692.8000,2700.0000,2700.2000,2700.6000,2702.2000,2705.6000,1,1,1,1,5,1,1,1,1,5
SF,IH2007,2020-05-25 09:34:00.000,2698.4000,4553,0,78664080.000,0,-,-,-,-,2696.8000,2696.6000,2696.0000,2695.2000,2693.4000,2698.4000,2700.6000,2702.2000,2705.6000,2711.2000,3,1,1,1,1,1,1,1,5,1
SF,IH2007,2020-05-25 09:34:00.500,2698.4000,4554,1,79473600.000,1,1,0,双开,S,2698.8000,2696.8000,2696.6000,2696.0000,2695.2000,2700.6000,2702.2000,2705.6000,2711.2000,2723.0000,2,3,1,1,1,1,1,5,1,2
SF,IH2007,2020-05-25 09:34:01.000,2698.4000,4554,0,79473600.000,0,-,-,-,-,2698.8000,2696.8000,2696.6000,2696.0000,2693.4000,2700.4000,2700.6000,2702.2000,2705.6000,2711.2000,2,2,1,1,1,2,1,1,5,1
SF,IH2007,2020-05-25 09:34:02.000,2698.4000,4554,0,79473600.000,0,-,-,-,-,2696.8000,2696.6000,2696.0000,2693.4000,2692.8000,2700.4000,2700.6000,2702.2000,2705.6000,2711.2000,1,1,1,1,5,2,1,1,5,1
SF,IH2007,2020-05-25 09:34:02.500,2698.4000,4554,0,79473600.000,0,-,-,-,-,2697.0000,2696.8000,2696.6000,2696.0000,2693.4000,2700.4000,2702.2000,2705.6000,2711.2000,2723.0000,2,1,1,1,1,2,1,5,1,2
SF,IH2007,2020-05-25 09:34:03.000,2698.4000,4554,0,79473600.000,0,-,-,-,-,2697.2000,2697.0000,2696.6000,2696.0000,2693.4000,2700.2000,2700.4000,2702.2000,2705.6000,2711.2000,1,2,1,1,1,1,2,1,5,1
SF,IH2007,2020-05-25 09:34:03.500,2698.4000,4554,0,79473600.000,0,-,-,-,-,2697.4000,2697.2000,2697.0000,2696.6000,2696.0000,2700.0000,2700.2000,2702.2000,2705.6000,2711.2000,1,1,1,1,1,1,1,1,5,1
SF,IH2007,2020-05-25 09:34:04.000,2698.4000,4554,0,79473600.000,0,-,-,-,-,2697.6000,2697.4000,2697.0000,2696.6000,2696.0000,2702.2000,2705.6000,2711.2000,2723.0000,2723.6000,2,1,1,1,1,1,5,1,2,2
SF,IH2007,2020-05-25 09:34:04.500,2698.4000,4554,0,79473600.000,0,-,-,-,-,2697.8000,2697.6000,2697.0000,2696.6000,2696.0000,2702.0000,2702.2000,2705.6000,2711.2000,2723.0000,1,2,1,1,1,1,2,5,1,2
SF,IH2007,2020-05-25 09:34:05.000,2698.4000,4554,0,79473600.000,0,-,-,-,-,2698.0000,2697.8000,2697.6000,2697.0000,2696.6000,2701.8000,2702.0000,2702.2000,2705.6000,2711.2000,1,1,1,1,1,1,2,1,5,1
SF,IH2007,2020-05-25 09:34:05.500,2698.4000,4554,0,79473600.000,0,-,-,-,-,2698.2000,2698.0000,2697.6000,2697.0000,2696.6000,2701.8000,2702.0000,2702.2000,2705.6000,2711.2000,1,1,1,1,1,2,1,1,5,1
SF,IH2007,2020-05-25 09:34:06.000,2698.4000,4554,0,79473600.000,0,-,-,-,-,2698.4000,2698.2000,2697.6000,2697.0000,2696.6000,2700.8000,2701.8000,2702.2000,2705.6000,2711.2000,1,2,1,1,1,1,2,1,5,1
SF,IH2007,2020-05-25 09:34:06.500,2698.4000,4554,0,79473600.000,0,-,-,-,-,2698.6000,2698.4000,2698.2000,2697.6000,2697.0000,2700.8000,2701.8000,2702.2000,2705.6000,2711.2000,2,1,1,1,1,1,1,1,5,1
SF,IH2007,2020-05-25 09:34:07.000,2698.4000,4554,0,79473600.000,0,-,-,-,-,2698.8000,2698.6000,2697.6000,2697.0000,2696.6000,2700.8000,2701.8000,2702.2000,2705.6000,2711.2000,1,2,1,1,1,1,1,1,5,1
SF,IH2007,2020-05-25 09:34:07.500,2698.4000,4554,0,79473600.000,0,-,-,-,-,2699.0000,2698.8000,2698.6000,2697.6000,2697.0000,2700.8000,2701.8000,2702.2000,2705.6000,2711.2000,1,1,1,1,1,1,1,1,5,1
SF,IH2007,2020-05-25 09:34:08.000,2698.4000,4554,0,79473600.000,0,-,-,-,-,2699.2000,2699.0000,2698.6000,2697.6000,2697.0000,2700.8000,2701.8000,2702.2000,2705.6000,2711.2000,2,1,1,1,1,1,1,1,5,1
SF,IH2007,2020-05-25 09:34:08.500,2698.4000,4554,0,79473600.000,0,-,-,-,-,2699.4000,2699.2000,2698.6000,2697.6000,2697.0000,2700.8000,2701.8000,2702.2000,2705.6000,2711.2000,1,2,1,1,1,1,1,1,5,1
SF,IH2007,2020-05-25 09:34:09.000,2698.4000,4554,0,79473600.000,0,-,-,-,-,2699.4000,2699.2000,2698.6000,2697.6000,2697.0000,2701.8000,2702.2000,2705.6000,2711.2000,2723.0000,1,1,1,1,1,1,1,5,1,2
SF,IH2007,2020-05-25 09:34:09.500,2698.4000,4554,0,79473600.000,0,-,-,-,-,2699.6000,2699.4000,2698.6000,2697.6000,2696.0000,2701.8000,2702.2000,2705.6000,2711.2000,2723.0000,1,1,1,1,1,1,1,5,1,2
SF,IH2007,2020-05-25 09:34:10.000,2698.4000,4554,0,79473600.000,0,-,-,-,-,2699.8000,2699.6000,2698.6000,2696.0000,2693.4000,2701.4000,2701.6000,2701.8000,2702.2000,2705.6000,1,1,1,1,1,1,1,1,1,5
SF,IH2007,2020-05-25 09:34:10.500,2699.8000,4553,-1,80283540.000,1,0,1,双平,S,2699.6000,2698.6000,2696.0000,2693.4000,2692.8000,2699.8000,2701.2000,2701.4000,2701.8000,2702.2000,1,1,1,1,5,1,1,2,1,1
SF,IH2007,2020-05-25 09:34:11.000,2699.8000,4553,0,80283540.000,0,-,-,-,-,2698.6000,2696.0000,2693.4000,2692.8000,2690.4000,2699.8000,2701.2000,2701.4000,2701.8000,2702.2000,1,1,1,5,5,1,1,1,2,1
SF,IH2007,2020-05-25 09:34:11.500,2699.8000,4553,0,80283540.000,0,-,-,-,-,2698.8000,2698.6000,2696.0000,2693.4000,2692.8000,2699.8000,2701.4000,2701.8000,2702.2000,2705.6000,1,2,1,1,5,1,1,3,1,5
SF,IH2007,2020-05-25 09:34:12.000,2699.8000,4553,0,80283540.000,0,-,-,-,-,2699.0000,2698.8000,2698.6000,2696.0000,2693.4000,2701.4000,2701.8000,2702.2000,2705.6000,2711.2000,1,1,1,1,1,1,3,1,5,1
SF,IH2007,2020-05-25 09:34:12.500,2699.8000,4553,0,80283540.000,0,-,-,-,-,2699.2000,2698.6000,2696.0000,2693.4000,2692.8000,2701.4000,2701.8000,2702.2000,2703.2000,2705.6000,2,1,1,1,5,1,3,1,1,5
SF,IH2007,2020-05-25 09:34:13.000,2699.8000,4553,0,80283540.000,0,-,-,-,-,2699.2000,2698.6000,2696.0000,2693.4000,2692.8000,2701.2000,2701.4000,2701.8000,2702.2000,2703.2000,1,1,1,1,5,1,1,3,1,1
SF,IH2007,2020-05-25 09:34:13.500,2699.8000,4553,0,80283540.000,0,-,-,-,-,2698.6000,2696.0000,2693.4000,2692.8000,2690.4000,2701.2000,2701.4000,2701.8000,2702.2000,2703.2000,1,1,1,5,5,1,1,3,1,1
SF,IH2007,2020-05-25 09:34:14.000,2699.8000,4553,0,80283540.000,0,-,-,-,-,2698.6000,2696.0000,2693.4000,2692.8000,2690.4000,2701.0000,2701.2000,2701.4000,2701.8000,2702.2000,1,1,1,5,5,1,1,1,3,1
SF,IH2007,2020-05-25 09:34:14.500,2699.8000,4553,0,80283540.000,0,-,-,-,-,2698.8000,2698.6000,2696.0000,2693.4000,2692.8000,2701.0000,2701.4000,2701.8000,2702.2000,2703.2000,1,1,1,1,5,1,1,3,1,1
SF,IH2007,2020-05-25 09:34:15.500,2699.8000,4553,0,80283540.000,0,-,-,-,-,2699.0000,2698.8000,2698.6000,2696.0000,2693.4000,2701.0000,2701.4000,2701.8000,2702.2000,2703.2000,1,1,1,1,1,1,1,3,1,1
SF,IH2007,2020-05-25 09:34:16.000,2699.8000,4553,0,80283540.000,0,-,-,-,-,2699.2000,2699.0000,2698.6000,2696.0000,2693.4000,2701.0000,2701.4000,2701.8000,2702.2000,2703.2000,2,1,1,1,1,1,1,3,1,1
SF,IH2007,2020-05-25 09:34:16.500,2699.8000,4553,0,80283540.000,0,-,-,-,-,2699.4000,2699.2000,2698.6000,2696.0000,2693.4000,2701.0000,2701.4000,2701.8000,2702.2000,2703.2000,1,1,1,1,1,1,1,3,1,1
SF,IH2007,2020-05-25 09:34:17.000,2699.8000,4553,0,80283540.000,0,-,-,-,-,2699.6000,2699.4000,2698.6000,2696.0000,2693.4000,2701.0000,2701.4000,2701.8000,2702.2000,2703.2000,1,1,1,1,1,1,1,3,1,1
SF,IH2007,2020-05-25 09:34:17.500,2699.8000,4553,0,80283540.000,0,-,-,-,-,2699.4000,2698.6000,2696.0000,2693.4000,2692.8000,2701.0000,2701.4000,2701.8000,2702.2000,2703.2000,1,1,1,1,5,1,1,3,1,1
SF,IH2007,2020-05-25 09:34:18.000,2699.8000,4553,0,80283540.000,0,-,-,-,-,2699.6000,2699.4000,2698.6000,2696.0000,2693.4000,2701.0000,2701.4000,2701.8000,2702.2000,2703.2000,1,1,1,1,1,1,1,3,1,1
SF,IH2007,2020-05-25 09:34:18.500,2699.8000,4553,0,80283540.000,0,-,-,-,-,2699.6000,2698.6000,2696.0000,2693.4000,2692.8000,2701.0000,2701.4000,2701.8000,2702.2000,2703.2000,1,1,1,1,5,1,1,3,1,1
SF,IH2007,2020-05-25 09:34:19.000,2699.8000,4553,0,80283540.000,0,-,-,-,-,2699.8000,2699.6000,2698.6000,2696.0000,2693.4000,2701.0000,2701.4000,2701.8000,2702.2000,2703.2000,1,1,1,1,1,1,1,3,1,1
SF,IH2007,2020-05-25 09:34:19.500,2699.8000,4553,0,80283540.000,0,-,-,-,-,2700.0000,2699.8000,2698.6000,2696.0000,2693.4000,2701.4000,2701.8000,2702.2000,2703.2000,2705.6000,1,1,1,1,1,1,2,1,1,5
SF,IH2007,2020-05-25 09:34:20.000,2699.8000,4553,0,80283540.000,0,-,-,-,-,2700.2000,2700.0000,2698.6000,2696.0000,2693.4000,2701.8000,2702.2000,2703.2000,2705.6000,2711.2000,1,1,1,1,1,2,1,1,5,1
SF,IH2007,2020-05-25 09:34:20.500,2699.8000,4553,0,80283540.000,0,-,-,-,-,2700.2000,2698.6000,2696.0000,2693.4000,2692.8000,2701.6000,2701.8000,2702.2000,2703.2000,2705.6000,1,1,1,1,5,1,2,1,1,5
SF,IH2007,2020-05-25 09:34:21.000,2699.8000,4553,0,80283540.000,0,-,-,-,-,2698.6000,2696.0000,2693.4000,2692.8000,2690.4000,2701.6000,2701.8000,2702.2000,2703.2000,2705.6000,1,1,1,5,5,1,2,1,1,5
SF,IH2007,2020-05-25 09:34:21.500,2699.8000,4553,0,80283540.000,0,-,-,-,-,2699.4000,2698.8000,2698.6000,2696.0000,2693.4000,2701.8000,2702.2000,2703.2000,2705.6000,2723.0000,1,2,1,1,1,2,1,1,5,2
SF,IH2007,2020-05-25 09:34:22.000,2699.8000,4553,0,80283540.000,0,-,-,-,-,2699.6000,2699.4000,2698.6000,2696.0000,2693.4000,2701.8000,2702.2000,2703.2000,2705.6000,2723.0000,2,1,1,1,1,2,1,1,5,2
SF,IH2007,2020-05-25 09:34:22.500,2699.8000,4553,0,80283540.000,0,-,-,-,-,2699.8000,2699.6000,2699.4000,2698.6000,2696.0000,2701.6000,2701.8000,2702.2000,2703.2000,2705.6000,2,1,1,1,1,1,2,1,1,5
SF,IH2007,2020-05-25 09:34:23.000,2699.8000,4553,0,80283540.000,0,-,-,-,-,2700.0000,2699.8000,2699.4000,2698.6000,2696.0000,2701.8000,2702.2000,2703.2000,2705.6000,2723.0000,2,1,1,1,1,2,1,1,5,2
SF,IH2007,2020-05-25 09:34:23.500,2699.8000,4553,0,80283540.000,0,-,-,-,-,2700.2000,2700.0000,2699.4000,2698.6000,2696.0000,2701.8000,2702.2000,2703.2000,2705.6000,2723.0000,1,2,1,1,1,2,1,1,5,2
SF,IH2007,2020-05-25 09:34:24.000,2699.8000,4553,0,80283540.000,0,-,-,-,-,2700.4000,2700.0000,2699.4000,2698.6000,2696.0000,2701.8000,2702.2000,2703.2000,2705.6000,2723.0000,1,2,1,1,1,2,1,1,5,2
SF,IH2007,2020-05-25 09:34:24.500,2699.8000,4553,0,80283540.000,0,-,-,-,-,2700.6000,2700.0000,2699.4000,2698.6000,2696.0000,2701.8000,2702.2000,2703.2000,2705.6000,2723.0000,1,1,1,1,1,2,1,1,5,2
SF,IH2007,2020-05-25 09:34:25.000,2699.8000,4553,0,80283540.000,0,-,-,-,-,2700.6000,2699.4000,2698.8000,2698.6000,2696.0000,2701.8000,2702.2000,2703.2000,2705.6000,2723.0000,1,1,1,1,1,2,1,1,5,2
SF,IH2007,2020-05-25 09:34:25.500,2699.8000,4553,0,80283540.000,0,-,-,-,-,2700.6000,2699.4000,2698.8000,2698.6000,2696.0000,2701.8000,2702.2000,2703.2000,2705.6000,2723.0000,1,1,1,1,1,2,1,1,5,2
SF,IH2007,2020-05-25 09:34:26.000,2699.8000,4553,0,80283540.000,0,-,-,-,-,2700.6000,2699.4000,2698.8000,2698.6000,2696.0000,2701.8000,2702.2000,2703.2000,2705.6000,2723.0000,1,1,1,1,1,2,1,1,5,2
SF,IH2007,2020-05-25 09:34:26.500,2699.8000,4553,0,80283540.000,0,-,-,-,-,2700.6000,2699.4000,2698.8000,2698.6000,2696.0000,2701.8000,2702.2000,2703.2000,2705.6000,2723.0000,1,1,1,1,1,2,1,1,5,2
SF,IH2007,2020-05-25 09:34:27.000,2699.8000,4553,0,80283540.000,0,-,-,-,-,2700.6000,2699.4000,2698.8000,2698.6000,2696.0000,2701.8000,2702.2000,2703.2000,2705.6000,2723.0000,1,1,1,1,1,2,1,1,5,2
SF,IH2007,2020-05-25 09:34:27.500,2699.8000,4553,0,80283540.000,0,-,-,-,-,2700.6000,2699.4000,2698.8000,2698.6000,2696.0000,2701.8000,2702.2000,2703.2000,2705.6000,2723.0000,1,1,1,1,1,2,1,1,5,2
SF,IH2007,2020-05-25 09:34:28.000,2699.8000,4553,0,80283540.000,0,-,-,-,-,2700.6000,2699.4000,2698.8000,2698.6000,2696.0000,2701.8000,2702.2000,2703.2000,2705.6000,2723.0000,1,1,1,1,1,2,1,1,5,2
SF,IH2007,2020-05-25 09:34:28.500,2699.8000,4553,0,80283540.000,0,-,-,-,-,2699.4000,2698.8000,2698.6000,2696.0000,2693.4000,2701.8000,2702.2000,2703.2000,2705.6000,2723.0000,1,1,1,1,1,2,1,1,5,2
SF,IH2007,2020-05-25 09:34:29.000,2699.8000,4553,0,80283540.000,0,-,-,-,-,2699.6000,2699.4000,2698.8000,2698.6000,2696.0000,2701.8000,2702.2000,2703.2000,2705.6000,2723.0000,2,1,1,1,1,2,1,1,5,2
SF,IH2007,2020-05-25 09:34:29.500,2699.8000,4553,0,80283540.000,0,-,-,-,-,2699.8000,2699.6000,2699.4000,2698.8000,2698.6000,2701.8000,2702.2000,2703.2000,2705.6000,2723.0000,1,2,1,1,1,2,1,1,5,2
SF,IH2007,2020-05-25 09:34:30.000,2699.8000,4553,0,80283540.000,0,-,-,-,-,2700.0000,2699.8000,2699.4000,2698.8000,2698.6000,2701.8000,2702.2000,2703.2000,2705.6000,2723.0000,2,1,1,1,1,2,1,1,5,2
SF,IH2007,2020-05-25 09:34:30.500,2699.8000,4553,0,80283540.000,0,-,-,-,-,2700.0000,2699.4000,2698.8000,2698.6000,2696.0000,2701.8000,2702.2000,2703.2000,2705.6000,2723.0000,2,1,1,1,1,2,1,1,5,2
SF,IH2007,2020-05-25 09:34:31.000,2699.8000,4553,0,80283540.000,0,-,-,-,-,2700.2000,2700.0000,2699.4000,2698.8000,2698.6000,2701.6000,2701.8000,2702.2000,2703.2000,2705.6000,1,1,1,1,1,1,2,1,1,5
SF,IH2007,2020-05-25 09:34:31.500,2699.8000,4553,0,80283540.000,0,-,-,-,-,2700.0000,2699.4000,2698.8000,2698.6000,2696.0000,2700.2000,2701.4000,2701.8000,2702.2000,2703.2000,1,1,1,1,1,1,1,2,1,1
SF,IH2007,2020-05-25 09:34:32.000,2700.0000,4551,-2,81903600.000,2,0,2,双平,S,2699.4000,2698.8000,2698.6000,2696.0000,2693.4000,2701.8000,2702.2000,2705.6000,2723.0000,2723.6000,1,1,1,1,1,2,1,5,2,2
SF,IH2007,2020-05-25 09:34:32.500,2700.0000,4551,0,81903600.000,0,-,-,-,-,2699.6000,2699.4000,2698.8000,2698.6000,2696.0000,2701.6000,2701.8000,2702.2000,2703.4000,2705.6000,1,1,1,1,1,3,2,1,1,5
SF,IH2007,2020-05-25 09:34:33.000,2700.0000,4551,0,81903600.000,0,-,-,-,-,2699.4000,2698.8000,2698.6000,2696.0000,2693.4000,2701.6000,2701.8000,2702.2000,2703.4000,2705.6000,1,1,1,1,1,4,2,1,1,5
SF,IH2007,2020-05-25 09:34:33.500,2700.0000,4551,0,81903600.000,0,-,-,-,-,2699.4000,2698.8000,2698.6000,2696.0000,2693.4000,2701.4000,2701.6000,2701.8000,2702.2000,2703.4000,1,1,1,1,1,1,3,2,1,1
SF,IH2007,2020-05-25 09:34:34.000,2700.0000,4551,0,81903600.000,0,-,-,-,-,2699.4000,2698.8000,2698.6000,2696.0000,2693.4000,2701.2000,2701.4000,2701.6000,2701.8000,2702.2000,1,1,1,1,1,2,1,1,2,1
SF,IH2007,2020-05-25 09:34:34.500,2700.0000,4551,0,81903600.000,0,-,-,-,-,2699.4000,2698.8000,2698.6000,2696.0000,2693.4000,2701.0000,2701.2000,2701.6000,2701.8000,2702.2000,1,1,1,1,1,1,2,1,2,1
SF,IH2007,2020-05-25 09:34:35.000,2700.0000,4551,0,81903600.000,0,-,-,-,-,2699.4000,2698.8000,2698.6000,2696.0000,2693.4000,2700.8000,2701.0000,2701.2000,2701.6000,2701.8000,1,1,1,1,1,1,1,1,1,2
SF,IH2007,2020-05-25 09:34:36.500,2700.0000,4551,0,81903600.000,0,-,-,-,-,2699.4000,2698.8000,2698.6000,2693.4000,2692.8000,2700.6000,2700.8000,2701.2000,2701.6000,2701.8000,1,1,1,1,5,1,1,1,1,2
SF,IH2007,2020-05-25 09:34:37.000,2699.4000,4551,0,82713420.000,1,0,1,多换,S,2698.8000,2698.6000,2693.4000,2692.8000,2690.4000,2700.4000,2700.6000,2701.2000,2701.6000,2701.8000,1,1,1,5,5,1,1,1,1,2
SF,IH2007,2020-05-25 09:34:37.500,2700.6000,4550,-1,84333720.000,2,0,2,多平,S,2698.8000,2698.6000,2693.4000,2692.8000,2690.4000,2701.2000,2701.8000,2702.2000,2705.6000,2723.0000,1,1,1,5,5,1,2,1,5,2
SF,IH2007,2020-05-25 09:34:38.000,2700.6000,4550,0,84333720.000,0,-,-,-,-,2699.8000,2698.8000,2698.6000,2693.4000,2692.8000,2701.0000,2701.2000,2701.8000,2702.2000,2703.2000,1,1,1,1,5,1,2,2,1,1
SF,IH2007,2020-05-25 09:34:38.500,2699.8000,4550,0,85143660.000,1,0,1,多换,S,2698.8000,2693.4000,2692.8000,2690.4000,2690.0000,2701.0000,2701.2000,2701.8000,2702.2000,2703.2000,1,1,5,5,4,1,2,2,1,1
SF,IH2007,2020-05-25 09:34:39.000,2699.8000,4550,0,85143660.000,0,-,-,-,-,2699.0000,2698.8000,2693.4000,2692.8000,2690.4000,2700.8000,2701.0000,2701.2000,2701.8000,2702.2000,1,1,1,5,5,1,1,1,2,1
SF,IH2007,2020-05-25 09:34:39.500,2699.8000,4550,0,85143660.000,0,-,-,-,-,2698.8000,2693.4000,2692.8000,2690.4000,2690.0000,2700.6000,2700.8000,2701.2000,2701.8000,2702.2000,1,1,5,5,4,1,1,1,2,1
SF,IH2007,2020-05-25 09:34:40.000,2700.4000,4551,1,85953780.000,1,1,0,双开,S,2699.0000,2698.8000,2693.4000,2692.8000,2690.4000,2700.6000,2701.2000,2701.8000,2702.2000,2705.6000,1,1,1,5,5,1,1,2,1,5
SF,IH2007,2020-05-25 09:34:40.500,2699.0000,4551,0,86763480.000,1,0,1,多换,S,2698.8000,2693.4000,2692.8000,2690.4000,2690.0000,2700.6000,2701.2000,2701.8000,2702.2000,2705.6000,1,1,5,5,4,1,1,2,1,5
SF,IH2007,2020-05-25 09:34:41.000,2699.0000,4551,0,86763480.000,0,-,-,-,-,2698.8000,2693.4000,2692.8000,2690.4000,2690.0000,2700.4000,2700.6000,2701.2000,2701.8000,2702.2000,1,1,5,5,4,1,1,1,2,1
SF,IH2007,2020-05-25 09:34:41.500,2699.0000,4551,0,86763480.000,0,-,-,-,-,2698.8000,2693.4000,2692.8000,2690.4000,2690.0000,2700.2000,2700.4000,2701.2000,2701.8000,2702.2000,1,1,5,5,4,1,1,1,2,1
SF,IH2007,2020-05-25 09:34:42.000,2699.0000,4551,0,86763480.000,0,-,-,-,-,2698.8000,2693.4000,2692.8000,2690.4000,2690.0000,2700.0000,2700.2000,2700.4000,2701.2000,2701.8000,1,1,5,5,4,1,1,1,1,1
SF,IH2007,2020-05-25 09:34:42.500,2699.0000,4551,0,86763480.000,0,-,-,-,-,2698.8000,2693.4000,2692.8000,2692.4000,2690.4000,2700.0000,2700.2000,2700.4000,2701.2000,2701.8000,1,1,5,1,5,1,1,1,1,1
SF,IH2007,2020-05-25 09:34:43.000,2699.0000,4551,0,86763480.000,0,-,-,-,-,2698.8000,2693.4000,2692.8000,2692.4000,2690.4000,2699.8000,2700.0000,2700.4000,2701.2000,2701.8000,1,1,5,1,5,1,1,1,1,1
SF,IH2007,2020-05-25 09:34:44.000,2698.8000,4551,0,87573120.000,1,0,1,多换,S,2699.6000,2693.4000,2692.8000,2692.4000,2690.4000,2699.8000,2700.0000,2700.4000,2701.2000,2701.8000,1,1,5,1,5,1,1,1,1,1
SF,IH2007,2020-05-25 09:34:44.500,2699.6000,4551,0,88383000.000,1,0,1,多换,S,2693.4000,2692.8000,2692.4000,2690.4000,2690.0000,2699.2000,2699.4000,2699.6000,2699.8000,2701.2000,1,5,1,5,4,2,1,4,1,1
SF,IH2007,2020-05-25 09:34:45.000,2693.6000,4551,0,89191080.000,1,0,1,多换,S,2693.6000,2693.4000,2692.8000,2692.4000,2690.4000,2699.2000,2699.4000,2699.6000,2699.8000,2702.2000,5,1,5,1,5,2,1,3,1,1
SF,IH2007,2020-05-25 09:34:45.500,2693.6000,4551,0,89191080.000,0,-,-,-,-,2693.8000,2693.6000,2693.4000,2692.8000,2692.4000,2698.6000,2699.2000,2699.4000,2699.6000,2699.8000,4,6,1,5,1,1,2,1,2,1
SF,IH2007,2020-05-25 09:34:46.000,2693.6000,4551,0,89191080.000,0,-,-,-,-,2695.4000,2694.0000,2693.8000,2693.6000,2693.4000,2698.6000,2699.2000,2699.4000,2699.6000,2699.8000,1,4,4,4,1,1,2,1,2,1
SF,IH2007,2020-05-25 09:34:46.500,2693.6000,4551,0,89191080.000,0,-,-,-,-,2695.6000,2695.4000,2695.2000,2694.6000,2694.2000,2698.6000,2699.2000,2699.4000,2699.6000,2699.8000,6,1,1,1,1,1,2,1,2,1
SF,IH2007,2020-05-25 09:34:47.000,2698.6000,4551,0,90000660.000,1,0,1,多换,S,2696.2000,2695.8000,2695.6000,2695.2000,2694.6000,2699.2000,2699.4000,2699.6000,2699.8000,2701.0000,1,5,5,1,2,2,1,2,1,1
SF,IH2007,2020-05-25 09:34:47.500,2698.6000,4551,0,90000660.000,0,-,-,-,-,2696.4000,2696.2000,2695.8000,2695.6000,2695.2000,2699.2000,2699.6000,2701.0000,2702.2000,2705.6000,5,1,3,3,1,2,1,1,1,5
SF,IH2007,2020-05-25 09:34:48.000,2698.6000,4551,0,90000660.000,0,-,-,-,-,2696.6000,2696.4000,2696.2000,2695.6000,2695.2000,2699.2000,2699.6000,2701.0000,2702.2000,2705.6000,2,5,1,3,1,2,1,1,1,5
SF,IH2007,2020-05-25 09:34:48.500,2698.6000,4551,0,90000660.000,0,-,-,-,-,2696.8000,2696.6000,2696.4000,2695.6000,2695.2000,2699.2000,2699.6000,2701.0000,2702.2000,2705.6000,7,2,1,3,1,2,1,1,1,5
SF,IH2007,2020-05-25 09:34:49.000,2698.6000,4551,0,90000660.000,0,-,-,-,-,2697.0000,2696.8000,2696.6000,2696.4000,2695.6000,2699.2000,2699.6000,2701.0000,2702.2000,2705.6000,1,6,2,1,3,2,1,1,1,5
SF,IH2007,2020-05-25 09:34:49.500,2698.6000,4551,0,90000660.000,0,-,-,-,-,2697.2000,2696.8000,2696.6000,2696.4000,2695.6000,2699.2000,2699.6000,2701.0000,2702.2000,2705.6000,5,2,2,1,3,2,1,1,1,5
SF,IH2007,2020-05-25 09:34:50.000,2698.6000,4551,0,90000660.000,0,-,-,-,-,2697.2000,2696.6000,2696.4000,2695.6000,2695.2000,2699.0000,2699.2000,2699.6000,2701.0000,2702.2000,2,2,1,3,1,1,2,1,1,1
SF,IH2007,2020-05-25 09:34:50.500,2698.6000,4551,0,90000660.000,0,-,-,-,-,2697.2000,2696.6000,2696.4000,2695.6000,2695.2000,2698.8000,2699.0000,2699.2000,2699.6000,2701.0000,1,2,1,3,1,1,1,2,1,1
SF,IH2007,2020-05-25 09:34:51.000,2698.6000,4551,0,90000660.000,0,-,-,-,-,2697.2000,2696.6000,2696.4000,2695.6000,2695.0000,2698.6000,2698.8000,2699.2000,2699.6000,2701.0000,1,2,1,3,6,1,1,2,1,1
SF,IH2007,2020-05-25 09:34:51.500,2698.6000,4551,0,90000660.000,0,-,-,-,-,2697.2000,2696.6000,2695.6000,2695.0000,2694.8000,2698.6000,2698.8000,2699.2000,2699.6000,2701.0000,1,1,3,6,1,1,1,2,1,1
SF,IH2007,2020-05-25 09:34:52.000,2698.6000,4551,0,90000660.000,0,-,-,-,-,2696.6000,2695.6000,2695.0000,2694.8000,2694.6000,2698.6000,2698.8000,2699.2000,2699.6000,2701.0000,1,3,6,1,1,1,1,2,1,1
SF,IH2007,2020-05-25 09:34:52.500,2698.6000,4551,0,90000660.000,0,-,-,-,-,2696.8000,2696.6000,2695.0000,2694.6000,2694.4000,2698.4000,2698.6000,2699.2000,2699.6000,2701.0000,3,2,6,1,2,1,1,2,1,1
SF,IH2007,2020-05-25 09:34:53.000,2698.6000,4551,0,90000660.000,0,-,-,-,-,2696.8000,2696.6000,2695.0000,2694.6000,2694.4000,2698.2000,2698.4000,2699.2000,2699.6000,2701.0000,1,1,6,1,2,1,1,2,1,1
SF,IH2007,2020-05-25 09:34:53.500,2698.6000,4551,0,90000660.000,0,-,-,-,-,2697.0000,2695.0000,2694.6000,2694.4000,2694.0000,2698.4000,2699.2000,2699.6000,2701.0000,2702.2000,1,5,1,2,1,1,2,1,1,1
SF,IH2007,2020-05-25 09:34:54.000,2698.6000,4551,0,90000660.000,0,-,-,-,-,2697.0000,2695.0000,2694.6000,2694.4000,2694.0000,2698.4000,2699.2000,2699.6000,2701.0000,2702.2000,1,4,1,2,1,1,2,1,1,1
SF,IH2007,2020-05-25 09:34:54.500,2698.6000,4551,0,90000660.000,0,-,-,-,-,2695.0000,2694.6000,2694.4000,2694.0000,2693.8000,2698.2000,2698.4000,2699.2000,2699.6000,2701.0000,4,1,2,1,2,2,1,2,1,1
SF,IH2007,2020-05-25 09:34:55.000,2698.6000,4551,0,90000660.000,0,-,-,-,-,2695.2000,2695.0000,2694.6000,2694.4000,2694.0000,2698.0000,2698.2000,2699.2000,2699.6000,2701.0000,3,3,1,2,1,1,1,2,1,1
SF,IH2007,2020-05-25 09:34:55.500,2698.6000,4551,0,90000660.000,0,-,-,-,-,2695.4000,2695.2000,2695.0000,2694.6000,2694.4000,2698.0000,2699.2000,2699.6000,2701.0000,2702.2000,3,2,3,1,2,1,2,1,1,1
SF,IH2007,2020-05-25 09:34:56.000,2698.6000,4551,0,90000660.000,0,-,-,-,-,2695.6000,2695.0000,2694.6000,2694.4000,2694.0000,2698.0000,2699.2000,2699.6000,2701.0000,2702.2000,3,3,1,2,1,1,2,1,1,1
SF,IH2007,2020-05-25 09:34:56.500,2698.6000,4551,0,90000660.000,0,-,-,-,-,2695.8000,2695.6000,2695.0000,2694.6000,2694.4000,2698.0000,2699.2000,2699.6000,2701.0000,2702.2000,2,2,4,1,2,1,2,1,1,1
SF,IH2007,2020-05-25 09:34:57.000,2698.6000,4551,0,90000660.000,0,-,-,-,-,2696.0000,2695.0000,2694.6000,2694.4000,2694.0000,2698.0000,2699.2000,2699.6000,2701.0000,2702.2000,3,4,1,2,1,1,2,1,1,1
SF,IH2007,2020-05-25 09:34:57.500,2698.6000,4551,0,90000660.000,0,-,-,-,-,2696.2000,2696.0000,2695.0000,2694.6000,2694.4000,2697.8000,2698.0000,2699.2000,2699.6000,2701.0000,1,2,4,1,2,1,1,2,1,1
SF,IH2007,2020-05-25 09:34:58.000,2698.6000,4551,0,90000660.000,0,-,-,-,-,2696.4000,2696.2000,2695.0000,2694.6000,2694.4000,2698.0000,2699.2000,2699.6000,2701.0000,2702.2000,2,1,2,1,2,1,2,1,1,1
SF,IH2007,2020-05-25 09:34:58.500,2698.6000,4551,0,90000660.000,0,-,-,-,-,2696.4000,2695.0000,2694.6000,2694.4000,2694.0000,2698.0000,2699.2000,2699.6000,2701.0000,2702.2000,2,2,1,3,1,1,2,1,1,1
SF,IH2007,2020-05-25 09:34:59.000,2698.6000,4551,0,90000660.000,0,-,-,-,-,2696.6000,2696.4000,2695.0000,2694.6000,2694.4000,2698.0000,2699.2000,2699.6000,2701.0000,2702.2000,1,2,2,1,3,1,2,1,1,1
SF,IH2007,2020-05-25 09:34:59.500,2698.6000,4551,0,90000660.000,0,-,-,-,-,2696.8000,2696.6000,2696.4000,2695.0000,2694.4000,2698.0000,2699.2000,2699.6000,2701.0000,2702.2000,1,1,1,2,3,1,2,1,1,1
SF,IH2007,2020-05-25 09:35:00.000,2698.6000,4551,0,90000660.000,0,-,-,-,-,2696.8000,2696.6000,2696.4000,2695.0000,2694.4000,2699.2000,2699.6000,2701.0000,2702.2000,2705.6000,1,1,1,2,3,2,1,1,1,5
SF,IH2007,2020-05-25 09:35:00.500,2698.6000,4551,0,90000660.000,0,-,-,-,-,2696.8000,2696.6000,2695.0000,2694.4000,2694.0000,2699.0000,2699.2000,2699.6000,2701.0000,2702.2000,1,1,2,3,1,2,2,1,1,1
SF,IH2007,2020-05-25 09:35:01.000,2698.6000,4551,0,90000660.000,0,-,-,-,-,2696.8000,2696.6000,2695.0000,2694.4000,2694.0000,2698.8000,2699.0000,2699.2000,2699.6000,2701.0000,1,1,2,3,1,1,2,2,1,1
SF,IH2007,2020-05-25 09:35:01.500,2698.6000,4551,0,90000660.000,0,-,-,-,-,2696.6000,2695.0000,2694.4000,2694.0000,2693.8000,2698.6000,2698.8000,2699.2000,2699.6000,2701.0000,1,2,2,1,2,2,1,2,1,1
SF,IH2007,2020-05-25 09:35:02.000,2698.6000,4551,0,90000660.000,0,-,-,-,-,2695.0000,2694.4000,2694.0000,2693.8000,2693.6000,2698.4000,2698.6000,2698.8000,2699.2000,2699.6000,1,2,1,2,4,1,3,1,2,1
SF,IH2007,2020-05-25 09:35:02.500,2698.6000,4551,0,90000660.000,0,-,-,-,-,2695.2000,2694.4000,2694.0000,2693.8000,2693.6000,2698.2000,2698.4000,2698.6000,2698.8000,2699.2000,3,2,1,2,4,1,1,1,1,2
SF,IH2007,2020-05-25 09:35:03.000,2698.6000,4551,0,90000660.000,0,-,-,-,-,2695.4000,2695.2000,2694.4000,2694.0000,2693.8000,2698.0000,2698.2000,2698.4000,2698.6000,2698.8000,1,2,2,1,2,1,1,1,1,1
SF,IH2007,2020-05-25 09:35:03.500,2698.6000,4551,0,90000660.000,0,-,-,-,-,2695.6000,2694.4000,2694.0000,2693.8000,2693.6000,2697.6000,2697.8000,2698.0000,2698.4000,2698.6000,3,2,1,2,4,1,1,1,1,1
SF,IH2007,2020-05-25 09:35:04.000,2698.6000,4551,0,90000660.000,0,-,-,-,-,2695.8000,2695.6000,2694.4000,2693.8000,2693.6000,2697.4000,2697.6000,2698.4000,2698.6000,2698.8000,1,1,2,2,4,2,1,1,1,1
SF,IH2007,2020-05-25 09:35:05.000,2698.6000,4551,0,90000660.000,0,-,-,-,-,2696.0000,2695.6000,2694.4000,2694.0000,2693.8000,2697.4000,2698.4000,2698.6000,2698.8000,2699.2000,1,1,2,1,2,2,1,1,1,2
SF,IH2007,2020-05-25 09:35:05.500,2698.6000,4551,0,90000660.000,0,-,-,-,-,2694.4000,2694.0000,2693.8000,2693.6000,2693.4000,2695.6000,2697.4000,2698.4000,2698.8000,2699.2000,2,1,2,4,1,1,2,1,1,2
SF,IH2007,2020-05-25 09:35:06.000,2695.6000,4551,0,90809340.000,1,0,1,多换,S,2694.6000,2694.4000,2694.0000,2693.8000,2693.6000,2697.4000,2698.4000,2698.8000,2699.6000,2701.0000,2,4,1,2,4,1,1,1,1,1
SF,IH2007,2020-05-25 09:35:06.500,2695.6000,4551,0,90809340.000,0,-,-,-,-,2694.8000,2694.6000,2694.4000,2694.0000,2693.6000,2697.4000,2698.4000,2698.8000,2699.6000,2701.0000,2,1,4,1,4,1,1,1,1,1
SF,IH2007,2020-05-25 09:35:07.000,2695.6000,4551,0,90809340.000,0,-,-,-,-,2695.0000,2694.8000,2694.4000,2694.0000,2693.6000,2697.2000,2697.4000,2698.4000,2698.8000,2699.6000,2,1,2,1,4,1,1,1,1,1
SF,IH2007,2020-05-25 09:35:07.500,2695.6000,4551,0,90809340.000,0,-,-,-,-,2695.2000,2695.0000,2694.4000,2694.0000,2693.6000,2697.0000,2697.2000,2698.4000,2698.8000,2699.6000,1,1,2,1,4,1,1,1,1,1
SF,IH2007,2020-05-25 09:35:08.000,2695.6000,4551,0,90809340.000,0,-,-,-,-,2695.4000,2694.4000,2694.0000,2693.6000,2693.4000,2696.8000,2697.0000,2698.4000,2698.8000,2699.6000,1,2,1,1,1,1,1,1,1,1
SF,IH2007,2020-05-25 09:35:08.500,2695.4000,4550,-1,91617960.000,1,0,1,双平,S,2694.4000,2694.0000,2693.6000,2692.8000,2692.4000,2696.6000,2696.8000,2697.0000,2698.4000,2698.8000,2,1,1,5,1,1,1,1,1,1
SF,IH2007,2020-05-25 09:35:09.000,2695.4000,4550,0,91617960.000,0,-,-,-,-,2694.6000,2694.4000,2693.6000,2692.8000,2692.4000,2696.4000,2696.6000,2698.4000,2698.8000,2699.6000,2,1,1,5,1,1,1,1,1,1
SF,IH2007,2020-05-25 09:35:09.500,2695.4000,4550,0,91617960.000,0,-,-,-,-,2694.6000,2694.4000,2693.8000,2693.6000,2692.8000,2696.2000,2696.4000,2698.4000,2698.8000,2699.6000,1,1,1,1,5,2,1,1,1,1
SF,IH2007,2020-05-25 09:35:10.000,2695.4000,4550,0,91617960.000,0,-,-,-,-,2694.8000,2694.6000,2694.4000,2693.8000,2693.6000,2696.0000,2696.4000,2698.4000,2698.8000,2699.6000,1,1,1,1,1,1,1,1,1,1
SF,IH2007,2020-05-25 09:35:10.500,2695.4000,4550,0,91617960.000,0,-,-,-,-,2694.6000,2694.4000,2693.8000,2693.6000,2692.8000,2695.8000,2696.4000,2698.4000,2698.8000,2699.6000,1,1,1,1,4,1,1,1,1,1
SF,IH2007,2020-05-25 09:35:11.000,2695.4000,4550,0,91617960.000,0,-,-,-,-,2694.4000,2693.8000,2693.6000,2692.8000,2692.4000,2695.8000,2696.4000,2698.4000,2698.8000,2699.6000,1,1,1,4,1,1,1,1,1,1
SF,IH2007,2020-05-25 09:35:11.500,2695.4000,4550,0,91617960.000,0,-,-,-,-,2694.4000,2693.8000,2693.6000,2692.4000,2691.6000,2695.6000,2695.8000,2696.4000,2698.0000,2698.4000,1,1,1,1,2,1,1,1,5,1
SF,IH2007,2020-05-25 09:35:12.000,2695.4000,4550,0,91617960.000,0,-,-,-,-,2694.4000,2693.8000,2693.6000,2692.4000,2691.6000,2695.4000,2695.6000,2695.8000,2696.4000,2698.0000,1,1,1,1,2,1,1,1,1,5
SF,IH2007,2020-05-25 09:35:13.000,2695.4000,4549,-1,92426580.000,1,0,1,双平,S,2694.6000,2694.4000,2693.8000,2693.6000,2692.4000,2695.6000,2695.8000,2696.4000,2698.0000,2698.4000,1,1,1,1,1,1,1,1,5,1
SF,IH2007,2020-05-25 09:35:13.500,2695.4000,4549,0,92426580.000,0,-,-,-,-,2694.4000,2693.8000,2693.6000,2692.4000,2691.6000,2695.8000,2696.4000,2698.0000,2698.4000,2699.6000,1,1,1,1,2,1,1,5,1,1
SF,IH2007,2020-05-25 09:35:14.000,2695.4000,4549,0,92426580.000,0,-,-,-,-,2694.4000,2693.8000,2693.6000,2692.4000,2691.6000,2695.8000,2698.0000,2699.6000,2701.0000,2723.0000,1,1,1,1,2,1,5,1,1,2
