市场代码,合约代码,时间,最新,持仓,增仓,成交额,成交量,开仓,平仓,成交类型,方向,买一价,买二价,买三价,买四价,买五价,卖一价,卖二价,卖三价,卖四价,卖五价,买一量,买二量,买三量,买四量,买五量,卖一量,卖二量,卖三量,卖四量,卖五量
SF,IH2012,2020-09-14 09:29:00.100,3247.0000,25178,0,17533800.000,18.000,-,-,-,-,3243.4000,3242.2000,3242.0000,3241.6000,3241.4000,3247.0000,3249.0000,3250.0000,3251.0000,3251.2000,1,3,3,3,3,1,2,1,2,4
SF,IH2012,2020-09-14 09:30:00.100,3243.4000,25175,-3,22401600.000,5,1,4,多平,S,3243.4000,3242.2000,3242.0000,3240.6000,3240.0000,3246.0000,3246.6000,3246.8000,3247.0000,3249.0000,1,3,3,1,14,12,1,1,7,2
SF,IH2012,2020-09-14 09:30:00.600,3242.2000,25155,-20,44792580.000,23,1,22,多平,S,3242.2000,3242.0000,3240.6000,3240.0000,3235.0000,3243.4000,3246.0000,3246.2000,3246.4000,3246.6000,1,3,1,14,1,1,1,2,1,1
SF,IH2012,2020-09-14 09:30:01.100,3243.4000,25153,-2,46738620.000,2,0,2,双平,S,3243.2000,3243.0000,3242.8000,3242.6000,3242.4000,3246.0000,3246.6000,3246.8000,3247.0000,3249.0000,1,2,3,4,2,1,1,5,8,3
SF,IH2012,2020-09-14 09:30:01.600,3243.4000,25153,0,46738620.000,0,-,-,-,-,3243.8000,3243.4000,3242.6000,3242.4000,3242.2000,3246.0000,3246.6000,3246.8000,3247.0000,3249.0000,1,2,4,2,1,1,1,4,8,3
SF,IH2012,2020-09-14 09:30:02.100,3243.4000,25153,0,47711640.000,1,0,1,多换,S,3243.8000,3243.6000,3243.4000,3242.6000,3242.4000,3245.8000,3246.0000,3246.6000,3246.8000,3247.0000,1,1,4,1,2,1,1,1,4,8
SF,IH2012,2020-09-14 09:30:02.600,3243.4000,25153,0,47711640.000,0,-,-,-,-,3244.0000,3243.8000,3243.6000,3243.4000,3242.6000,3245.8000,3246.0000,3246.6000,3246.8000,3247.0000,1,1,1,5,1,1,1,1,4,8
SF,IH2012,2020-09-14 09:30:03.100,3243.8000,25153,0,48684780.000,1,0,1,多换,S,3243.6000,3243.4000,3242.6000,3242.4000,3242.2000,3245.8000,3246.0000,3246.6000,3246.8000,3247.0000,1,1,1,2,1,1,1,1,4,8
SF,IH2012,2020-09-14 09:30:03.600,3243.8000,25153,0,48684780.000,0,-,-,-,-,3243.6000,3243.4000,3242.6000,3242.4000,3242.2000,3243.8000,3245.8000,3246.0000,3246.6000,3246.8000,1,1,1,2,1,2,1,1,1,4
SF,IH2012,2020-09-14 09:30:04.100,3245.6000,25151,-2,51604740.000,3,0,3,多平,S,3244.2000,3243.8000,3243.6000,3243.4000,3242.4000,3245.8000,3246.0000,3246.6000,3246.8000,3247.0000,1,1,1,1,2,1,1,1,4,8
SF,IH2012,2020-09-14 09:30:04.600,3245.8000,25150,-1,53552220.000,2,0,2,多平,S,3245.8000,3244.2000,3243.8000,3243.6000,3243.4000,3246.0000,3246.6000,3246.8000,3247.0000,3247.2000,8,1,1,1,1,1,1,4,8,3
SF,IH2012,2020-09-14 09:30:05.100,3245.8000,25142,-8,62315880.000,9,0,9,多平,S,3244.2000,3243.8000,3243.6000,3243.4000,3242.4000,3245.4000,3245.8000,3246.0000,3246.2000,3246.6000,1,1,1,1,2,1,3,1,1,1
SF,IH2012,2020-09-14 09:30:05.600,3244.2000,25141,-1,63289140.000,1,0,1,双平,S,3243.8000,3243.6000,3243.4000,3242.4000,3242.2000,3245.8000,3246.0000,3246.2000,3246.6000,3246.8000,1,1,1,2,1,3,2,1,1,3
SF,IH2012,2020-09-14 09:30:06.100,3244.2000,25141,0,63289140.000,0,-,-,-,-,3245.2000,3244.0000,3243.8000,3243.4000,3242.4000,3245.8000,3246.0000,3246.2000,3246.6000,3246.8000,1,1,1,1,2,3,2,1,1,3
SF,IH2012,2020-09-14 09:30:06.600,3245.2000,25140,-1,64262700.000,1,0,1,双平,S,3244.0000,3243.8000,3243.4000,3242.4000,3242.2000,3245.8000,3246.0000,3246.2000,3246.6000,3246.8000,2,1,1,2,1,4,2,1,1,3
SF,IH2012,2020-09-14 09:30:07.100,3245.2000,25140,0,64262700.000,0,-,-,-,-,3243.8000,3243.4000,3242.4000,3242.2000,3242.0000,3245.2000,3245.6000,3245.8000,3246.0000,3246.2000,1,1,1,1,3,2,1,4,2,1
SF,IH2012,2020-09-14 09:30:07.600,3244.0000,25138,-2,66209160.000,2,0,2,双平,S,3243.8000,3243.4000,3242.2000,3242.0000,3240.8000,3244.0000,3245.2000,3245.6000,3245.8000,3246.0000,1,1,1,3,1,1,2,1,3,2
SF,IH2012,2020-09-14 09:30:08.100,3245.2000,25137,-1,70102680.000,4,1,3,多平,S,3244.0000,3243.8000,3243.4000,3242.2000,3240.8000,3245.6000,3245.8000,3246.0000,3246.2000,3246.6000,4,1,1,1,1,1,3,2,1,1
SF,IH2012,2020-09-14 09:30:08.600,3245.2000,25137,0,71076240.000,1,0,1,多换,S,3244.6000,3244.0000,3243.8000,3243.4000,3242.2000,3245.4000,3245.6000,3245.8000,3246.0000,3246.2000,3,2,1,1,1,1,1,3,1,1
SF,IH2012,2020-09-14 09:30:09.100,3244.0000,25134,-3,74969580.000,4,0,4,多平,S,3244.0000,3243.8000,3243.4000,3242.2000,3240.8000,3244.2000,3244.6000,3245.8000,3246.0000,3246.2000,1,1,1,1,1,1,1,3,1,1
SF,IH2012,2020-09-14 09:30:09.600,3244.0000,25134,0,74969580.000,0,-,-,-,-,3244.0000,3243.8000,3243.4000,3242.2000,3240.8000,3244.2000,3244.6000,3245.4000,3245.8000,3246.0000,1,1,1,1,1,1,1,1,3,1
SF,IH2012,2020-09-14 09:30:10.100,3244.0000,25134,0,75942780.000,1,0,1,多换,S,3243.8000,3243.4000,3242.2000,3240.8000,3240.6000,3244.2000,3244.6000,3245.4000,3245.8000,3246.0000,1,1,1,1,1,1,1,1,3,1
SF,IH2012,2020-09-14 09:30:10.600,3244.0000,25134,0,75942780.000,0,-,-,-,-,3243.8000,3243.4000,3242.2000,3241.0000,3240.8000,3244.2000,3244.6000,3245.4000,3245.8000,3246.0000,1,1,1,1,1,1,1,1,3,1
SF,IH2012,2020-09-14 09:30:11.100,3243.8000,25134,0,76915920.000,1,0,1,多换,S,3243.4000,3242.2000,3241.0000,3240.8000,3240.6000,3244.2000,3244.6000,3245.4000,3245.8000,3246.0000,1,1,1,1,1,1,1,1,3,1
SF,IH2012,2020-09-14 09:30:11.600,3244.2000,25133,-1,77889180.000,1,0,1,双平,S,3243.4000,3241.0000,3240.8000,3240.6000,3240.0000,3244.6000,3245.4000,3245.8000,3246.0000,3246.2000,1,1,1,1,15,1,1,3,1,1
SF,IH2012,2020-09-14 09:30:12.100,3244.2000,25133,0,77889180.000,0,-,-,-,-,3243.4000,3241.0000,3240.8000,3240.6000,3240.0000,3245.4000,3245.8000,3246.0000,3246.2000,3246.6000,1,1,1,1,15,1,3,1,1,1
SF,IH2012,2020-09-14 09:30:12.600,3244.2000,25133,0,77889180.000,0,-,-,-,-,3243.4000,3241.0000,3240.8000,3240.6000,3240.0000,3244.2000,3244.8000,3245.0000,3245.2000,3245.8000,1,1,1,1,15,1,1,1,5,3
SF,IH2012,2020-09-14 09:30:13.100,3243.4000,25132,-1,78862200.000,1,0,1,双平,S,3241.0000,3240.8000,3240.6000,3240.0000,3237.6000,3244.2000,3244.8000,3245.0000,3245.2000,3245.8000,1,1,1,15,5,1,2,4,4,3
SF,IH2012,2020-09-14 09:30:13.600,3243.4000,25132,0,78862200.000,0,-,-,-,-,3241.2000,3241.0000,3240.8000,3240.6000,3240.0000,3244.0000,3244.2000,3244.8000,3245.0000,3245.2000,1,1,1,1,15,1,1,2,5,3
SF,IH2012,2020-09-14 09:30:14.100,3243.4000,25132,0,78862200.000,0,-,-,-,-,3241.4000,3241.2000,3241.0000,3240.8000,3240.6000,3243.8000,3244.0000,3244.2000,3244.8000,3245.0000,1,1,1,1,1,1,1,1,2,1
SF,IH2012,2020-09-14 09:30:14.600,3243.4000,25132,0,78862200.000,0,-,-,-,-,3241.4000,3241.2000,3241.0000,3240.8000,3240.6000,3243.6000,3243.8000,3244.2000,3244.8000,3245.0000,1,1,1,1,1,1,1,1,2,1
SF,IH2012,2020-09-14 09:30:15.100,3243.6000,25131,-1,80808300.000,2,0,2,多平,S,3241.6000,3241.0000,3240.8000,3240.6000,3240.0000,3243.6000,3244.8000,3245.0000,3245.2000,3245.8000,1,1,1,1,15,1,2,2,2,3
SF,IH2012,2020-09-14 09:30:15.600,3241.6000,25129,-2,82753320.000,2,0,2,双平,S,3241.0000,3240.8000,3240.6000,3240.0000,3234.4000,3242.4000,3243.2000,3243.4000,3243.6000,3243.8000,1,1,1,16,1,1,3,3,1,2
SF,IH2012,2020-09-14 09:30:16.100,3241.6000,25129,0,82753320.000,0,-,-,-,-,3241.0000,3240.8000,3240.6000,3240.0000,3234.4000,3242.4000,3243.2000,3243.4000,3243.6000,3243.8000,1,1,1,16,1,1,4,2,1,2
SF,IH2012,2020-09-14 09:30:16.600,3241.6000,25129,0,82753320.000,0,-,-,-,-,3241.2000,3241.0000,3240.8000,3240.6000,3240.0000,3242.4000,3243.2000,3243.4000,3243.6000,3243.8000,1,1,1,1,16,1,4,1,1,2
SF,IH2012,2020-09-14 09:30:17.100,3241.6000,25129,0,82753320.000,0,-,-,-,-,3241.2000,3241.0000,3240.8000,3240.6000,3240.0000,3242.4000,3243.2000,3243.4000,3243.6000,3243.8000,1,1,1,1,16,1,4,1,1,2
SF,IH2012,2020-09-14 09:30:17.600,3241.2000,25129,0,83725680.000,1,0,1,多换,S,3241.0000,3240.8000,3240.6000,3240.0000,3234.4000,3242.4000,3243.2000,3243.4000,3243.6000,3243.8000,1,1,1,16,1,1,4,1,1,2
SF,IH2012,2020-09-14 09:30:18.100,3241.8000,25129,0,84698220.000,1,0,1,多换,S,3241.0000,3240.8000,3240.6000,3240.0000,3234.4000,3242.2000,3243.2000,3243.4000,3243.6000,3243.8000,1,1,1,16,1,2,4,1,1,2
SF,IH2012,2020-09-14 09:30:18.600,3241.8000,25129,0,84698220.000,0,-,-,-,-,3241.0000,3240.8000,3240.6000,3240.0000,3234.4000,3241.4000,3242.2000,3242.4000,3243.4000,3243.6000,1,1,1,16,1,1,2,1,1,1
SF,IH2012,2020-09-14 09:30:19.100,3242.2000,25129,0,86643180.000,2,1,1,多换,S,3241.0000,3240.8000,3240.6000,3240.0000,3234.4000,3243.4000,3243.6000,3243.8000,3245.0000,3245.2000,5,1,1,16,1,1,1,2,1,2
SF,IH2012,2020-09-14 09:30:19.600,3242.2000,25129,0,86643180.000,0,-,-,-,-,3241.2000,3241.0000,3240.8000,3240.6000,3240.0000,3241.8000,3242.2000,3242.8000,3243.2000,3243.4000,1,5,1,1,16,1,2,1,3,2
SF,IH2012,2020-09-14 09:30:20.100,3242.2000,25129,0,86643180.000,0,-,-,-,-,3241.0000,3240.8000,3240.6000,3240.0000,3234.4000,3241.6000,3241.8000,3242.2000,3242.8000,3243.2000,5,1,1,15,1,2,5,1,1,4
SF,IH2012,2020-09-14 09:30:20.600,3240.8000,25128,-1,92476920.000,6,2,4,多平,S,3240.6000,3240.0000,3235.0000,3234.4000,3234.0000,3241.0000,3241.6000,3241.8000,3242.2000,3242.8000,1,15,1,1,1,1,2,5,1,1
SF,IH2012,2020-09-14 09:30:21.100,3240.6000,25128,0,93449100.000,1,0,1,多换,S,3240.0000,3235.0000,3234.4000,3234.0000,3231.6000,3240.8000,3241.0000,3241.6000,3241.8000,3242.2000,15,1,1,1,2,1,2,2,5,1
SF,IH2012,2020-09-14 09:30:21.600,3240.0000,25128,0,96365100.000,3,1,2,多换,S,3240.0000,3235.0000,3234.4000,3234.0000,3231.6000,3240.6000,3241.0000,3241.6000,3241.8000,3242.2000,12,1,1,1,2,1,3,2,1,1
SF,IH2012,2020-09-14 09:30:22.100,3240.0000,25128,0,97337100.000,1,0,1,多换,S,3240.0000,3235.0000,3234.4000,3234.0000,3231.6000,3240.6000,3241.0000,3241.6000,3241.8000,3242.2000,11,1,1,1,2,1,3,2,1,1
SF,IH2012,2020-09-14 09:30:22.600,3240.0000,25128,0,97337100.000,0,-,-,-,-,3240.0000,3235.0000,3234.4000,3234.0000,3231.6000,3240.6000,3241.0000,3241.6000,3241.8000,3242.2000,11,1,1,1,2,1,3,2,1,1
SF,IH2012,2020-09-14 09:30:23.100,3240.6000,25127,-1,98309280.000,1,0,1,双平,S,3240.6000,3240.0000,3235.0000,3234.4000,3234.0000,3241.0000,3241.6000,3241.8000,3242.8000,3243.2000,2,11,1,1,1,3,2,1,1,2
SF,IH2012,2020-09-14 09:30:23.600,3241.0000,25125,-2,101226180.000,3,0,3,多平,S,3240.8000,3240.6000,3240.0000,3235.0000,3234.4000,3241.6000,3241.8000,3242.8000,3243.2000,3243.4000,1,2,11,1,1,2,1,1,2,2
SF,IH2012,2020-09-14 09:30:24.100,3241.0000,25125,0,101226180.000,0,-,-,-,-,3240.8000,3240.6000,3240.0000,3235.0000,3234.4000,3241.4000,3241.8000,3242.8000,3243.2000,3243.4000,1,3,11,1,1,1,1,1,2,2
SF,IH2012,2020-09-14 09:30:24.600,3241.0000,25124,-1,102198480.000,1,0,1,双平,S,3240.8000,3240.6000,3240.0000,3235.0000,3234.4000,3241.8000,3242.8000,3243.2000,3243.4000,3243.6000,1,3,11,1,1,1,1,2,2,1
SF,IH2012,2020-09-14 09:30:25.100,3241.0000,25124,0,102198480.000,0,-,-,-,-,3240.8000,3240.6000,3240.0000,3235.0000,3234.4000,3242.8000,3243.2000,3243.4000,3243.6000,3243.8000,1,3,11,1,1,1,2,2,1,2
SF,IH2012,2020-09-14 09:30:25.600,3241.0000,25123,-1,103170780.000,1,0,1,双平,S,3240.8000,3240.6000,3240.0000,3235.0000,3234.4000,3242.6000,3242.8000,3243.2000,3243.4000,3243.6000,1,3,11,1,1,4,1,2,1,1
SF,IH2012,2020-09-14 09:30:26.100,3241.0000,25123,0,103170780.000,0,-,-,-,-,3241.4000,3240.8000,3240.6000,3240.0000,3235.0000,3242.6000,3242.8000,3243.2000,3243.4000,3243.6000,1,1,3,11,1,8,2,2,1,1
SF,IH2012,2020-09-14 09:30:26.600,3240.8000,25121,-2,105115440.000,2,0,2,双平,S,3240.6000,3240.0000,3235.0000,3234.4000,3234.0000,3240.8000,3241.2000,3241.4000,3241.6000,3241.8000,3,11,1,1,1,1,1,1,1,1
SF,IH2012,2020-09-14 09:30:27.100,3240.8000,25120,-1,106087680.000,1,0,1,双平,S,3241.0000,3240.8000,3240.6000,3240.0000,3235.0000,3242.4000,3242.8000,3243.2000,3243.4000,3243.6000,1,1,3,12,1,1,1,1,1,1
SF,IH2012,2020-09-14 09:30:27.600,3240.8000,25119,-1,107059920.000,1,0,1,双平,S,3240.8000,3240.6000,3240.0000,3237.0000,3235.0000,3241.8000,3242.0000,3242.4000,3242.8000,3243.2000,1,3,12,1,1,1,1,1,1,1
SF,IH2012,2020-09-14 09:30:28.100,3241.6000,25118,-1,108032400.000,1,0,1,双平,S,3240.8000,3240.6000,3240.0000,3237.0000,3235.0000,3241.8000,3242.0000,3242.4000,3242.8000,3243.2000,1,3,12,1,1,5,1,1,1,1
SF,IH2012,2020-09-14 09:30:28.600,3240.8000,25117,-1,109004640.000,1,0,1,双平,S,3240.6000,3240.0000,3237.0000,3235.0000,3234.4000,3240.8000,3241.2000,3241.4000,3241.6000,3241.8000,3,13,1,1,1,1,1,1,2,5
SF,IH2012,2020-09-14 09:30:29.100,3240.8000,25117,0,109004640.000,0,-,-,-,-,3240.6000,3240.0000,3237.0000,3235.0000,3234.4000,3241.6000,3241.8000,3242.4000,3242.8000,3243.2000,2,13,1,1,1,2,1,1,1,1
SF,IH2012,2020-09-14 09:30:29.600,3240.8000,25117,0,109004640.000,0,-,-,-,-,3240.6000,3240.0000,3237.0000,3235.0000,3234.4000,3241.6000,3241.8000,3242.4000,3242.8000,3243.2000,2,13,1,1,1,2,1,1,1,1
SF,IH2012,2020-09-14 09:30:30.100,3240.6000,25116,-1,109976820.000,1,0,1,双平,S,3240.6000,3240.0000,3237.0000,3235.0000,3234.4000,3241.4000,3241.6000,3241.8000,3242.4000,3242.8000,1,13,1,1,1,4,3,1,1,1
SF,IH2012,2020-09-14 09:30:30.600,3240.6000,25116,0,109976820.000,0,-,-,-,-,3240.6000,3240.0000,3237.0000,3235.0000,3234.4000,3241.4000,3241.6000,3241.8000,3242.4000,3242.8000,1,13,1,1,1,4,2,1,1,1
SF,IH2012,2020-09-14 09:30:31.100,3240.6000,25116,0,109976820.000,0,-,-,-,-,3240.6000,3240.0000,3237.0000,3235.0000,3234.4000,3241.4000,3241.8000,3242.4000,3242.8000,3243.2000,1,13,1,1,1,4,1,1,1,1
SF,IH2012,2020-09-14 09:30:31.600,3240.6000,25116,0,109976820.000,0,-,-,-,-,3240.6000,3240.0000,3237.0000,3235.0000,3234.4000,3241.4000,3242.4000,3242.8000,3243.2000,3243.4000,1,13,1,1,1,3,1,1,1,1
SF,IH2012,2020-09-14 09:30:32.100,3241.2000,25115,-1,110949180.000,1,0,1,双平,S,3240.6000,3240.0000,3237.8000,3237.0000,3235.0000,3241.4000,3242.4000,3242.8000,3243.2000,3243.4000,1,13,1,1,1,2,1,1,1,1
SF,IH2012,2020-09-14 09:30:32.600,3241.2000,25115,0,112893720.000,2,1,1,多换,S,3240.0000,3237.8000,3237.0000,3235.0000,3234.4000,3241.4000,3242.4000,3242.8000,3243.2000,3243.4000,13,1,1,1,1,2,1,1,1,1
SF,IH2012,2020-09-14 09:30:33.100,3241.2000,25115,0,112893720.000,0,-,-,-,-,3240.0000,3237.8000,3237.0000,3235.0000,3234.4000,3241.2000,3241.4000,3242.4000,3242.8000,3243.2000,13,1,1,1,1,2,2,1,1,1
SF,IH2012,2020-09-14 09:30:33.600,3241.4000,25114,-1,115810920.000,3,1,2,多平,S,3240.0000,3237.8000,3237.0000,3235.0000,3234.4000,3242.4000,3242.8000,3243.2000,3243.4000,3243.6000,13,1,1,1,1,1,1,1,1,1
SF,IH2012,2020-09-14 09:30:34.100,3241.4000,25114,0,115810920.000,0,-,-,-,-,3240.0000,3237.8000,3237.0000,3235.0000,3234.4000,3241.6000,3241.8000,3242.2000,3242.4000,3242.8000,13,1,1,1,1,1,1,3,1,1
SF,IH2012,2020-09-14 09:30:34.600,3241.4000,25114,0,115810920.000,0,-,-,-,-,3240.0000,3237.8000,3237.0000,3235.0000,3234.4000,3241.4000,3241.6000,3241.8000,3242.2000,3242.4000,13,1,1,1,1,1,3,1,3,1
SF,IH2012,2020-09-14 09:30:35.100,3241.4000,25114,0,115810920.000,0,-,-,-,-,3240.4000,3240.0000,3237.8000,3237.0000,3235.0000,3241.4000,3241.6000,3241.8000,3242.2000,3242.4000,1,13,1,1,1,1,3,1,3,1
SF,IH2012,2020-09-14 09:30:36.100,3241.4000,25114,0,115810920.000,0,-,-,-,-,3240.4000,3240.0000,3237.8000,3237.0000,3235.0000,3241.4000,3241.6000,3241.8000,3242.2000,3242.4000,1,13,1,1,1,1,3,1,2,1
SF,IH2012,2020-09-14 09:30:37.100,3241.4000,25114,0,115810920.000,0,-,-,-,-,3240.4000,3240.0000,3237.8000,3237.0000,3235.0000,3241.4000,3241.6000,3241.8000,3242.2000,3242.4000,1,13,1,1,1,1,3,1,2,1
SF,IH2012,2020-09-14 09:30:37.600,3241.4000,25114,0,115810920.000,0,-,-,-,-,3240.4000,3240.0000,3237.8000,3237.0000,3235.0000,3241.4000,3241.6000,3241.8000,3242.2000,3242.4000,1,13,1,1,1,1,3,1,2,1
SF,IH2012,2020-09-14 09:30:38.100,3241.4000,25114,0,115810920.000,0,-,-,-,-,3240.4000,3240.0000,3237.8000,3237.0000,3235.0000,3241.4000,3241.6000,3241.8000,3242.2000,3242.4000,2,13,1,1,1,1,3,1,2,1
SF,IH2012,2020-09-14 09:30:38.600,3241.4000,25114,0,115810920.000,0,-,-,-,-,3240.4000,3240.0000,3237.8000,3237.0000,3235.0000,3241.4000,3241.6000,3241.8000,3242.2000,3242.4000,2,13,1,1,1,1,3,1,2,1
SF,IH2012,2020-09-14 09:30:39.100,3241.4000,25114,0,116783340.000,1,0,1,多换,S,3240.4000,3240.0000,3237.8000,3237.0000,3235.0000,3241.4000,3241.6000,3241.8000,3242.2000,3242.4000,2,13,1,1,1,1,3,1,2,1
SF,IH2012,2020-09-14 09:30:39.600,3241.4000,25114,0,116783340.000,0,-,-,-,-,3240.4000,3240.0000,3237.8000,3237.0000,3235.0000,3241.4000,3241.6000,3241.8000,3242.2000,3242.4000,2,13,1,1,1,1,3,1,2,1
SF,IH2012,2020-09-14 09:30:40.600,3241.4000,25114,0,116783340.000,0,-,-,-,-,3240.4000,3240.0000,3237.8000,3237.0000,3235.0000,3241.0000,3241.4000,3241.6000,3241.8000,3242.2000,2,13,1,1,1,1,1,3,1,2
SF,IH2012,2020-09-14 09:30:41.100,3241.4000,25114,0,116783340.000,0,-,-,-,-,3240.4000,3240.0000,3237.8000,3237.0000,3235.0000,3241.0000,3241.4000,3241.6000,3242.2000,3242.4000,2,13,1,1,1,1,1,3,2,1
SF,IH2012,2020-09-14 09:30:41.600,3241.4000,25114,0,116783340.000,0,-,-,-,-,3240.4000,3240.0000,3237.8000,3237.0000,3235.0000,3241.0000,3241.4000,3241.6000,3242.2000,3242.4000,2,13,1,1,1,1,1,3,2,1
SF,IH2012,2020-09-14 09:30:42.100,3240.4000,25115,1,118727580.000,2,1,1,空开,S,3240.0000,3237.8000,3237.0000,3236.8000,3235.0000,3240.6000,3240.8000,3241.0000,3241.6000,3242.2000,13,1,1,1,1,2,1,1,2,1
SF,IH2012,2020-09-14 09:30:42.600,3240.4000,25115,0,118727580.000,0,-,-,-,-,3240.0000,3237.8000,3237.0000,3236.8000,3235.0000,3240.6000,3241.0000,3242.2000,3243.6000,3245.0000,13,1,1,1,1,2,1,1,2,2
SF,IH2012,2020-09-14 09:30:43.100,3240.4000,25115,0,118727580.000,0,-,-,-,-,3240.2000,3240.0000,3237.8000,3237.0000,3236.8000,3240.4000,3240.6000,3240.8000,3241.0000,3242.2000,4,13,1,1,1,4,2,1,1,1
SF,IH2012,2020-09-14 09:30:43.600,3240.4000,25111,-4,122616060.000,4,0,4,双平,S,3240.4000,3240.2000,3240.0000,3237.8000,3237.0000,3240.6000,3240.8000,3241.0000,3242.2000,3243.6000,1,4,13,1,1,2,1,1,1,2
SF,IH2012,2020-09-14 09:30:44.100,3240.4000,25110,-1,123588180.000,1,0,1,双平,S,3240.6000,3240.2000,3240.0000,3237.8000,3237.0000,3241.0000,3241.8000,3242.2000,3243.6000,3245.0000,1,4,13,1,1,1,1,1,2,3
SF,IH2012,2020-09-14 09:30:45.100,3240.4000,25110,0,123588180.000,0,-,-,-,-,3240.6000,3240.2000,3240.0000,3237.8000,3237.0000,3241.0000,3241.8000,3242.2000,3243.6000,3245.0000,1,4,13,1,1,2,1,1,2,3
SF,IH2012,2020-09-14 09:30:46.100,3240.4000,25110,0,124560300.000,1,0,1,多换,S,3240.2000,3240.0000,3237.8000,3237.0000,3236.8000,3241.0000,3241.8000,3242.2000,3243.6000,3245.0000,4,13,1,1,1,2,1,1,2,3
SF,IH2012,2020-09-14 09:30:46.600,3240.4000,25110,0,124560300.000,0,-,-,-,-,3240.4000,3240.2000,3240.0000,3237.8000,3237.0000,3241.0000,3241.8000,3242.2000,3243.6000,3245.0000,1,4,13,1,1,2,1,1,2,3
SF,IH2012,2020-09-14 09:30:47.100,3241.0000,25109,-1,126504900.000,2,0,2,多平,S,3240.6000,3240.4000,3240.2000,3240.0000,3237.8000,3241.8000,3242.2000,3243.6000,3245.0000,3245.8000,1,1,4,13,1,1,1,2,3,3
SF,IH2012,2020-09-14 09:30:47.600,3241.0000,25109,0,126504900.000,0,-,-,-,-,3240.8000,3240.6000,3240.2000,3240.0000,3237.8000,3241.4000,3241.6000,3241.8000,3242.2000,3243.6000,1,1,4,13,1,1,2,1,1,2
SF,IH2012,2020-09-14 09:30:48.100,3241.0000,25109,0,126504900.000,0,-,-,-,-,3241.0000,3240.8000,3240.2000,3240.0000,3237.8000,3241.4000,3241.6000,3241.8000,3242.2000,3243.6000,2,1,4,13,1,1,2,1,1,2
SF,IH2012,2020-09-14 09:30:48.600,3241.4000,25107,-2,128449740.000,2,0,2,双平,S,3241.0000,3240.2000,3240.0000,3237.8000,3237.0000,3241.8000,3243.6000,3245.0000,3245.8000,3246.2000,1,4,13,1,1,1,2,3,3,1
SF,IH2012,2020-09-14 09:30:49.100,3241.4000,25107,0,128449740.000,0,-,-,-,-,3241.2000,3241.0000,3240.2000,3240.0000,3237.8000,3241.8000,3243.6000,3245.0000,3245.8000,3246.2000,1,1,4,13,1,1,2,3,3,1
SF,IH2012,2020-09-14 09:30:49.600,3241.8000,25106,-1,129422280.000,1,0,1,双平,S,3241.4000,3241.2000,3241.0000,3240.2000,3240.0000,3243.6000,3245.0000,3245.8000,3246.2000,3246.6000,2,1,1,4,13,2,3,3,1,1
SF,IH2012,2020-09-14 09:30:50.100,3241.8000,25106,0,129422280.000,0,-,-,-,-,3241.6000,3241.4000,3241.0000,3240.2000,3240.0000,3242.6000,3242.8000,3243.4000,3243.6000,3245.0000,1,2,1,4,13,1,2,3,2,3
SF,IH2012,2020-09-14 09:30:50.600,3241.8000,25106,0,129422280.000,0,-,-,-,-,3241.6000,3241.4000,3241.0000,3240.2000,3240.0000,3242.8000,3243.4000,3243.6000,3245.0000,3245.8000,1,2,1,4,13,2,3,2,3,3
SF,IH2012,2020-09-14 09:30:51.600,3241.8000,25106,0,129422280.000,0,-,-,-,-,3241.6000,3241.4000,3241.0000,3240.2000,3240.0000,3242.8000,3243.4000,3243.6000,3245.0000,3245.8000,1,2,1,4,14,2,3,2,3,3
SF,IH2012,2020-09-14 09:30:52.100,3242.8000,25106,0,130395120.000,1,0,1,多换,S,3241.6000,3241.4000,3241.0000,3240.2000,3240.0000,3242.8000,3243.4000,3243.6000,3245.0000,3245.8000,1,2,1,4,14,1,2,2,3,3
SF,IH2012,2020-09-14 09:30:52.600,3242.8000,25106,0,131367960.000,1,0,1,多换,S,3241.8000,3241.6000,3241.4000,3241.0000,3240.2000,3243.4000,3243.6000,3245.0000,3245.8000,3246.2000,1,1,1,1,4,1,2,3,3,1
SF,IH2012,2020-09-14 09:30:53.100,3242.8000,25106,0,131367960.000,0,-,-,-,-,3242.0000,3241.8000,3241.4000,3241.0000,3240.2000,3243.4000,3243.6000,3245.0000,3245.8000,3246.2000,1,1,1,1,3,1,2,3,3,1
SF,IH2012,2020-09-14 09:30:53.600,3242.8000,25106,0,131367960.000,0,-,-,-,-,3242.2000,3242.0000,3241.4000,3241.0000,3240.2000,3243.4000,3243.6000,3245.0000,3245.8000,3246.2000,1,1,1,1,3,1,2,3,3,1
SF,IH2012,2020-09-14 09:30:54.100,3242.8000,25106,0,131367960.000,0,-,-,-,-,3242.4000,3242.2000,3241.4000,3241.0000,3240.2000,3243.6000,3245.0000,3245.8000,3246.2000,3246.6000,1,1,1,1,3,2,3,3,1,1
SF,IH2012,2020-09-14 09:30:54.600,3242.8000,25106,0,131367960.000,0,-,-,-,-,3242.8000,3242.4000,3242.2000,3241.4000,3241.0000,3243.4000,3243.6000,3245.0000,3245.8000,3246.2000,1,1,1,1,1,1,2,3,3,1
SF,IH2012,2020-09-14 09:30:55.100,3242.8000,25106,0,131367960.000,0,-,-,-,-,3242.8000,3242.4000,3242.2000,3241.4000,3241.0000,3243.4000,3243.6000,3245.0000,3245.8000,3246.2000,1,1,1,1,1,1,2,3,3,1
SF,IH2012,2020-09-14 09:30:55.600,3243.4000,25105,-1,132340980.000,1,0,1,双平,S,3243.0000,3242.8000,3242.4000,3241.4000,3241.0000,3243.6000,3245.0000,3245.8000,3246.2000,3246.6000,1,1,1,1,1,2,3,3,1,1
SF,IH2012,2020-09-14 09:30:56.100,3242.4000,25104,-1,134286540.000,2,0,2,多平,S,3241.4000,3241.0000,3240.8000,3240.2000,3240.0000,3243.6000,3245.0000,3245.8000,3246.2000,3246.6000,1,1,1,3,14,1,3,3,1,1
SF,IH2012,2020-09-14 09:30:56.600,3241.6000,25104,0,136231860.000,2,1,1,多换,S,3241.4000,3241.0000,3240.8000,3240.2000,3240.0000,3242.8000,3243.4000,3243.6000,3245.0000,3245.8000,1,1,1,3,14,1,2,1,3,3
SF,IH2012,2020-09-14 09:30:57.100,3241.6000,25104,0,136231860.000,0,-,-,-,-,3241.4000,3241.0000,3240.8000,3240.2000,3240.0000,3242.8000,3243.4000,3243.6000,3245.0000,3245.8000,1,1,1,3,14,1,2,1,3,3
SF,IH2012,2020-09-14 09:30:57.600,3241.6000,25104,0,136231860.000,0,-,-,-,-,3241.4000,3241.0000,3240.8000,3240.2000,3240.0000,3242.8000,3243.4000,3243.6000,3245.0000,3245.8000,1,1,1,3,14,1,2,1,3,3
SF,IH2012,2020-09-14 09:30:58.100,3241.6000,25104,0,136231860.000,0,-,-,-,-,3241.4000,3241.0000,3240.8000,3240.2000,3240.0000,3243.4000,3243.6000,3245.0000,3245.8000,3246.2000,1,1,1,3,14,2,1,3,3,1
SF,IH2012,2020-09-14 09:30:58.600,3241.4000,25104,0,137204280.000,1,0,1,多换,S,3241.0000,3240.8000,3240.2000,3240.0000,3237.8000,3241.4000,3243.4000,3243.6000,3245.0000,3245.8000,1,1,3,15,1,1,2,1,3,3
SF,IH2012,2020-09-14 09:30:59.100,3241.4000,25103,-1,138176700.000,1,0,1,双平,S,3241.6000,3241.4000,3241.0000,3240.8000,3240.2000,3243.4000,3243.6000,3245.0000,3245.8000,3246.2000,4,3,1,1,3,1,1,3,3,1
SF,IH2012,2020-09-14 09:30:59.600,3241.4000,25103,0,138176700.000,0,-,-,-,-,3241.4000,3241.2000,3241.0000,3240.8000,3240.2000,3243.4000,3243.6000,3245.0000,3245.8000,3246.2000,2,1,2,1,3,2,1,3,3,1
SF,IH2012,2020-09-14 09:31:00.100,3241.4000,25103,0,138176700.000,0,-,-,-,-,3241.4000,3241.2000,3241.0000,3240.8000,3240.2000,3243.4000,3243.6000,3245.0000,3245.8000,3246.2000,2,1,2,1,3,2,1,3,3,1
SF,IH2012,2020-09-14 09:31:00.600,3241.4000,25102,-1,139149120.000,1,0,1,双平,S,3241.4000,3241.0000,3240.8000,3240.2000,3240.0000,3243.4000,3243.6000,3245.0000,3245.8000,3246.2000,1,2,1,3,14,3,1,3,3,1
SF,IH2012,2020-09-14 09:31:01.100,3241.4000,25102,0,139149120.000,0,-,-,-,-,3241.6000,3241.4000,3241.0000,3240.8000,3240.2000,3243.4000,3243.6000,3245.0000,3245.8000,3246.2000,4,1,2,1,3,3,1,3,3,1
SF,IH2012,2020-09-14 09:31:01.600,3241.4000,25102,0,139149120.000,0,-,-,-,-,3241.8000,3241.4000,3241.0000,3240.8000,3240.2000,3243.2000,3243.4000,3243.6000,3245.0000,3245.8000,1,1,3,1,3,4,3,1,3,3
SF,IH2012,2020-09-14 09:31:02.600,3241.4000,25102,0,139149120.000,0,-,-,-,-,3241.8000,3241.4000,3241.2000,3241.0000,3240.8000,3243.2000,3243.4000,3243.6000,3245.0000,3245.8000,1,1,1,3,1,4,3,1,3,3
SF,IH2012,2020-09-14 09:31:03.100,3241.4000,25102,0,139149120.000,0,-,-,-,-,3241.4000,3241.2000,3241.0000,3240.8000,3240.2000,3243.2000,3243.4000,3243.6000,3245.0000,3245.8000,1,1,3,1,3,2,3,1,3,3
SF,IH2012,2020-09-14 09:31:03.600,3243.0000,25102,0,140122020.000,1,0,1,多换,S,3241.6000,3241.4000,3241.0000,3240.8000,3240.2000,3243.2000,3243.4000,3243.6000,3245.0000,3245.8000,1,1,3,1,3,2,2,1,3,3
SF,IH2012,2020-09-14 09:31:04.100,3243.0000,25102,0,140122020.000,0,-,-,-,-,3242.8000,3242.0000,3241.8000,3241.6000,3241.4000,3243.4000,3243.6000,3245.0000,3245.8000,3246.2000,2,1,3,3,1,2,1,3,3,1
SF,IH2012,2020-09-14 09:31:04.600,3243.0000,25102,0,140122020.000,0,-,-,-,-,3241.6000,3241.4000,3241.0000,3240.8000,3240.2000,3243.4000,3243.6000,3245.0000,3245.8000,3246.2000,2,1,3,2,3,1,1,3,3,1
SF,IH2012,2020-09-14 09:31:05.100,3245.0000,25101,-1,143041620.000,3,1,2,多平,S,3243.0000,3242.8000,3242.6000,3242.4000,3242.0000,3245.0000,3245.8000,3246.2000,3246.6000,3246.8000,1,2,3,2,3,2,3,1,1,1
SF,IH2012,2020-09-14 09:31:05.600,3243.4000,25101,0,144014640.000,1,0,1,多换,S,3243.2000,3242.8000,3241.8000,3241.6000,3241.0000,3244.8000,3245.0000,3245.8000,3246.2000,3246.6000,2,1,1,1,3,3,2,3,1,1
SF,IH2012,2020-09-14 09:31:06.100,3243.4000,25101,0,144014640.000,0,-,-,-,-,3243.2000,3241.8000,3241.6000,3241.0000,3240.8000,3244.6000,3244.8000,3245.0000,3245.8000,3246.2000,2,1,1,3,2,1,3,2,3,1
SF,IH2012,2020-09-14 09:31:06.600,3243.4000,25101,0,144014640.000,0,-,-,-,-,3243.2000,3242.6000,3241.8000,3241.0000,3240.8000,3244.4000,3244.6000,3244.8000,3245.0000,3245.8000,2,1,1,3,2,1,1,1,2,3
SF,IH2012,2020-09-14 09:31:07.100,3244.4000,25101,0,144987960.000,1,0,1,多换,S,3244.4000,3243.2000,3242.6000,3241.8000,3241.0000,3244.6000,3245.0000,3245.8000,3246.2000,3246.6000,1,1,1,1,3,1,2,3,1,1
SF,IH2012,2020-09-14 09:31:07.600,3245.0000,25098,-3,148881660.000,4,0,4,多平,S,3243.4000,3243.2000,3243.0000,3242.6000,3241.8000,3245.8000,3246.2000,3246.6000,3246.8000,3247.0000,1,1,1,1,1,3,1,1,1,7
SF,IH2012,2020-09-14 09:31:08.100,3245.0000,25098,0,148881660.000,0,-,-,-,-,3243.8000,3243.6000,3243.4000,3243.0000,3241.8000,3245.6000,3245.8000,3246.2000,3246.6000,3246.8000,3,3,1,1,1,1,3,1,1,1
SF,IH2012,2020-09-14 09:31:08.600,3245.0000,25098,0,148881660.000,0,-,-,-,-,3244.6000,3244.0000,3243.8000,3243.6000,3243.4000,3245.4000,3245.6000,3245.8000,3246.2000,3246.6000,1,4,3,1,1,1,1,3,1,1
SF,IH2012,2020-09-14 09:31:09.100,3245.0000,25098,0,148881660.000,0,-,-,-,-,3244.8000,3244.0000,3243.8000,3243.6000,3243.4000,3245.4000,3245.6000,3245.8000,3246.2000,3246.6000,1,3,3,2,1,1,1,3,1,1
SF,IH2012,2020-09-14 09:31:09.600,3245.0000,25098,0,148881660.000,0,-,-,-,-,3244.8000,3244.0000,3243.8000,3243.6000,3243.4000,3245.4000,3245.6000,3245.8000,3246.2000,3246.6000,1,3,3,2,1,1,1,3,1,1
SF,IH2012,2020-09-14 09:31:10.100,3245.0000,25098,0,148881660.000,0,-,-,-,-,3244.8000,3244.0000,3243.8000,3243.6000,3243.4000,3245.4000,3245.6000,3245.8000,3246.2000,3246.6000,1,1,3,2,1,1,1,3,1,1
SF,IH2012,2020-09-14 09:31:10.600,3245.4000,25097,-1,149855280.000,1,0,1,双平,S,3244.8000,3244.0000,3243.8000,3243.6000,3243.4000,3245.6000,3245.8000,3246.2000,3246.6000,3246.8000,3,1,3,2,1,1,3,1,1,1
SF,IH2012,2020-09-14 09:31:11.100,3245.4000,25097,0,149855280.000,0,-,-,-,-,3245.4000,3244.8000,3244.0000,3243.8000,3243.6000,3245.6000,3245.8000,3246.2000,3246.6000,3246.8000,2,3,1,3,2,1,3,1,1,1
SF,IH2012,2020-09-14 09:31:11.600,3245.4000,25097,0,151802520.000,2,1,1,多换,S,3244.8000,3244.0000,3243.8000,3243.6000,3243.4000,3245.6000,3245.8000,3246.2000,3246.6000,3246.8000,3,1,3,2,1,1,3,1,1,1
SF,IH2012,2020-09-14 09:31:12.100,3245.8000,25096,-1,155697240.000,4,1,3,多平,S,3245.8000,3245.6000,3245.4000,3244.8000,3244.0000,3246.2000,3246.6000,3246.8000,3247.0000,3247.2000,2,1,1,3,1,1,1,1,7,4
SF,IH2012,2020-09-14 09:31:12.600,3245.8000,25095,-1,156670980.000,1,0,1,双平,S,3245.8000,3245.6000,3245.4000,3244.8000,3244.6000,3246.2000,3246.6000,3246.8000,3247.0000,3247.2000,1,3,11,3,1,1,1,1,7,4
SF,IH2012,2020-09-14 09:31:13.100,3245.8000,25094,-1,157644720.000,1,0,1,双平,S,3245.6000,3245.4000,3244.8000,3244.6000,3244.0000,3245.8000,3246.0000,3246.2000,3246.6000,3246.8000,3,11,3,1,1,3,1,1,1,1
SF,IH2012,2020-09-14 09:31:13.600,3245.8000,25096,2,161539560.000,4,3,1,空开,S,3245.6000,3245.4000,3244.8000,3244.6000,3244.0000,3246.0000,3246.2000,3246.6000,3246.8000,3247.0000,1,11,3,1,2,1,1,1,1,7
SF,IH2012,2020-09-14 09:31:14.100,3245.8000,25096,0,162513300.000,1,0,1,多换,S,3245.6000,3245.4000,3244.8000,3244.6000,3244.0000,3246.0000,3246.2000,3246.6000,3246.8000,3247.0000,1,12,3,1,2,1,1,1,1,7
SF,IH2012,2020-09-14 09:31:14.600,3245.4000,25095,-1,165434280.000,3,1,2,多平,S,3245.4000,3244.8000,3244.6000,3244.0000,3243.8000,3246.0000,3246.2000,3246.6000,3246.8000,3247.0000,11,3,1,2,3,1,1,1,1,7
SF,IH2012,2020-09-14 09:31:15.100,3246.0000,25094,-1,171276180.000,6,2,4,多平,S,3245.4000,3244.8000,3244.6000,3244.0000,3243.8000,3245.8000,3246.2000,3246.6000,3246.8000,3247.0000,6,2,1,2,3,1,1,1,1,7
SF,IH2012,2020-09-14 09:31:15.600,3245.8000,25094,0,177118020.000,6,3,3,多换,S,3245.4000,3244.6000,3244.0000,3243.8000,3243.6000,3246.2000,3246.6000,3246.8000,3247.0000,3247.2000,1,1,2,3,1,1,1,1,7,4
SF,IH2012,2020-09-14 09:31:16.100,3245.8000,25094,0,177118020.000,0,-,-,-,-,3245.4000,3245.0000,3244.6000,3244.0000,3243.6000,3246.0000,3246.2000,3246.6000,3246.8000,3247.0000,1,1,1,2,1,1,1,1,1,7
SF,IH2012,2020-09-14 09:31:16.600,3245.8000,25094,0,177118020.000,0,-,-,-,-,3245.4000,3245.0000,3244.6000,3244.0000,3243.6000,3246.0000,3246.2000,3246.6000,3246.8000,3247.0000,1,3,1,2,1,2,1,1,1,7
SF,IH2012,2020-09-14 09:31:17.100,3245.4000,25095,1,178091640.000,1,1,0,双开,S,3245.0000,3244.6000,3244.0000,3243.6000,3243.4000,3246.0000,3246.2000,3246.6000,3246.8000,3247.0000,3,1,2,1,1,2,1,1,1,7
SF,IH2012,2020-09-14 09:31:17.600,3245.4000,25095,0,178091640.000,0,-,-,-,-,3245.0000,3244.6000,3244.0000,3243.6000,3243.4000,3246.0000,3246.2000,3246.6000,3246.8000,3247.0000,3,1,2,1,1,1,1,1,1,7
SF,IH2012,2020-09-14 09:31:18.100,3246.0000,25094,-1,179065440.000,1,0,1,双平,S,3245.0000,3244.6000,3244.0000,3243.6000,3243.4000,3246.2000,3246.6000,3246.8000,3247.0000,3247.2000,4,1,2,1,1,1,1,1,7,4
SF,IH2012,2020-09-14 09:31:18.600,3246.0000,25094,0,179065440.000,0,-,-,-,-,3245.2000,3245.0000,3244.6000,3244.0000,3243.6000,3246.2000,3246.6000,3246.8000,3247.0000,3247.2000,2,4,1,2,1,1,1,1,7,4
SF,IH2012,2020-09-14 09:31:19.100,3245.4000,25093,-1,181012920.000,2,0,2,多平,S,3245.2000,3245.0000,3244.6000,3244.0000,3243.6000,3246.6000,3246.8000,3247.0000,3247.2000,3247.4000,2,3,1,2,1,1,1,7,4,2
SF,IH2012,2020-09-14 09:31:19.600,3245.4000,25093,0,181012920.000,0,-,-,-,-,3245.2000,3245.0000,3244.6000,3244.0000,3243.6000,3246.6000,3246.8000,3247.0000,3247.2000,3247.4000,2,3,1,2,1,2,2,7,4,2
SF,IH2012,2020-09-14 09:31:20.100,3245.4000,25093,0,181986540.000,1,0,1,多换,S,3245.2000,3245.0000,3244.6000,3244.0000,3243.6000,3246.6000,3246.8000,3247.0000,3247.2000,3247.4000,2,3,1,2,1,2,2,7,4,2
SF,IH2012,2020-09-14 09:31:20.600,3248.0000,25075,-18,202443660.000,21,1,20,多平,S,3245.4000,3245.2000,3245.0000,3244.6000,3244.0000,3248.8000,3249.0000,3249.8000,3250.0000,3250.8000,3,3,3,1,2,2,3,1,6,1
SF,IH2012,2020-09-14 09:31:21.100,3248.0000,25075,0,202443660.000,0,-,-,-,-,3246.0000,3245.6000,3245.4000,3245.2000,3245.0000,3247.4000,3248.6000,3248.8000,3249.0000,3249.8000,1,3,1,2,3,1,3,2,3,1
SF,IH2012,2020-09-14 09:31:21.600,3247.4000,25075,0,203417880.000,1,0,1,多换,S,3246.2000,3246.0000,3245.6000,3245.4000,3245.2000,3247.4000,3248.6000,3248.8000,3249.0000,3249.8000,2,2,1,1,2,1,4,2,3,1
SF,IH2012,2020-09-14 09:31:22.100,3247.4000,25074,-1,204392100.000,1,0,1,双平,S,3246.4000,3246.2000,3246.0000,3245.6000,3245.4000,3248.6000,3248.8000,3249.0000,3249.8000,3250.0000,1,2,2,1,1,3,2,3,1,6
SF,IH2012,2020-09-14 09:31:22.600,3247.4000,25074,0,204392100.000,0,-,-,-,-,3246.6000,3246.4000,3246.2000,3246.0000,3245.4000,3248.6000,3248.8000,3249.0000,3249.8000,3250.0000,3,1,1,1,1,3,3,3,1,6
SF,IH2012,2020-09-14 09:31:23.100,3247.4000,25074,0,204392100.000,0,-,-,-,-,3246.6000,3246.4000,3246.0000,3245.0000,3244.6000,3248.4000,3248.6000,3248.8000,3249.0000,3249.8000,2,1,1,3,1,3,3,3,3,1
SF,IH2012,2020-09-14 09:31:23.600,3246.8000,25073,-1,205366140.000,1,0,1,双平,S,3246.6000,3246.0000,3245.0000,3244.6000,3244.0000,3248.2000,3248.4000,3248.6000,3248.8000,3249.0000,2,1,3,1,1,1,3,1,3,3
SF,IH2012,2020-09-14 09:31:24.100,3246.8000,25073,0,205366140.000,0,-,-,-,-,3246.6000,3246.0000,3245.0000,3244.6000,3244.0000,3248.0000,3248.2000,3248.4000,3248.6000,3248.8000,2,1,3,1,1,1,1,4,1,3
SF,IH2012,2020-09-14 09:31:24.600,3246.8000,25073,0,205366140.000,0,-,-,-,-,3246.6000,3246.0000,3245.0000,3244.6000,3244.0000,3248.0000,3248.2000,3248.4000,3248.6000,3248.8000,2,1,3,1,1,1,2,1,1,3
SF,IH2012,2020-09-14 09:31:25.100,3246.8000,25073,0,205366140.000,0,-,-,-,-,3246.6000,3246.0000,3245.0000,3244.6000,3244.0000,3247.8000,3248.2000,3248.4000,3248.6000,3248.8000,2,1,3,1,1,1,2,1,1,3
SF,IH2012,2020-09-14 09:31:25.600,3246.8000,25073,0,205366140.000,0,-,-,-,-,3246.6000,3246.0000,3245.0000,3244.6000,3244.0000,3247.8000,3248.2000,3248.4000,3248.6000,3248.8000,1,1,3,1,1,1,2,1,1,3
SF,IH2012,2020-09-14 09:31:27.100,3248.2000,25072,-1,207314940.000,2,0,2,多平,S,3246.6000,3246.0000,3245.0000,3244.6000,3244.0000,3248.2000,3248.4000,3248.6000,3248.8000,3249.0000,1,1,3,1,1,1,1,1,3,2
SF,IH2012,2020-09-14 09:31:27.600,3248.2000,25072,0,207314940.000,0,-,-,-,-,3246.8000,3246.6000,3246.0000,3245.0000,3244.6000,3247.8000,3248.2000,3248.4000,3248.6000,3248.8000,2,1,1,3,1,2,1,2,1,3
SF,IH2012,2020-09-14 09:31:28.100,3248.2000,25072,0,207314940.000,0,-,-,-,-,3246.8000,3246.6000,3246.0000,3245.0000,3244.6000,3247.8000,3248.2000,3248.4000,3248.6000,3248.8000,2,1,2,3,1,2,1,2,1,3
SF,IH2012,2020-09-14 09:31:28.600,3248.2000,25072,0,207314940.000,0,-,-,-,-,3247.0000,3246.8000,3246.0000,3245.0000,3244.6000,3247.8000,3248.2000,3248.4000,3248.6000,3248.8000,1,2,2,3,1,2,1,2,1,3
SF,IH2012,2020-09-14 09:31:29.100,3248.2000,25072,0,207314940.000,0,-,-,-,-,3247.2000,3247.0000,3246.8000,3246.6000,3246.0000,3247.8000,3248.0000,3248.2000,3248.4000,3248.6000,1,1,2,1,1,2,1,2,2,1
SF,IH2012,2020-09-14 09:31:29.600,3247.8000,25072,0,208289280.000,1,0,1,多换,S,3247.2000,3247.0000,3246.8000,3246.6000,3246.0000,3247.8000,3248.0000,3248.2000,3248.4000,3248.6000,1,1,1,1,1,1,2,2,2,1
SF,IH2012,2020-09-14 09:31:30.100,3247.8000,25072,0,208289280.000,0,-,-,-,-,3247.4000,3247.2000,3247.0000,3246.6000,3246.0000,3247.8000,3248.0000,3248.2000,3248.4000,3248.6000,1,1,1,1,1,1,2,2,2,1
SF,IH2012,2020-09-14 09:31:30.600,3247.8000,25071,-1,209263620.000,1,0,1,双平,S,3247.4000,3247.2000,3246.8000,3246.6000,3246.0000,3248.0000,3248.2000,3248.4000,3248.6000,3248.8000,2,1,1,1,1,2,2,2,1,3
SF,IH2012,2020-09-14 09:31:31.100,3248.0000,25071,0,210238020.000,1,0,1,多换,S,3247.4000,3247.2000,3247.0000,3246.8000,3246.6000,3248.0000,3248.2000,3248.4000,3248.6000,3248.8000,2,1,1,1,1,1,2,2,1,3
SF,IH2012,2020-09-14 09:31:31.600,3248.0000,25071,0,210238020.000,0,-,-,-,-,3247.8000,3247.6000,3247.4000,3247.0000,3246.8000,3248.0000,3248.2000,3248.4000,3248.6000,3248.8000,1,2,2,1,1,1,2,2,1,3
SF,IH2012,2020-09-14 09:31:32.100,3248.0000,25071,0,212186760.000,2,1,1,多换,S,3247.6000,3247.4000,3247.0000,3246.8000,3246.6000,3248.2000,3248.4000,3248.6000,3248.8000,3249.0000,2,2,1,1,1,2,2,1,3,3
SF,IH2012,2020-09-14 09:31:32.600,3248.0000,25071,0,212186760.000,0,-,-,-,-,3248.0000,3247.6000,3247.4000,3247.0000,3246.8000,3248.2000,3248.4000,3248.6000,3248.8000,3249.0000,4,2,2,3,2,2,3,1,3,2
SF,IH2012,2020-09-14 09:31:33.100,3248.0000,25072,1,217058760.000,5,3,2,空开,S,3247.6000,3247.4000,3247.0000,3246.8000,3246.6000,3248.0000,3248.2000,3248.4000,3248.6000,3248.8000,1,2,3,2,1,1,2,3,1,1
SF,IH2012,2020-09-14 09:31:33.600,3248.0000,25072,0,217058760.000,0,-,-,-,-,3247.6000,3247.4000,3247.0000,3246.8000,3246.6000,3248.0000,3248.2000,3248.4000,3248.6000,3248.8000,1,1,14,2,1,2,2,3,1,1
SF,IH2012,2020-09-14 09:31:34.100,3248.0000,25071,-1,218033160.000,1,0,1,双平,S,3247.6000,3247.4000,3247.0000,3246.8000,3246.6000,3248.0000,3248.2000,3248.4000,3248.6000,3248.8000,1,1,15,2,1,1,2,3,1,1
SF,IH2012,2020-09-14 09:31:34.600,3248.0000,25071,0,219007560.000,1,0,1,多换,S,3247.4000,3247.0000,3246.8000,3246.6000,3245.0000,3248.0000,3248.2000,3248.4000,3248.6000,3248.8000,1,15,2,1,2,2,3,3,1,1
SF,IH2012,2020-09-14 09:31:35.100,3247.4000,25070,-1,219981780.000,1,0,1,双平,S,3247.0000,3246.8000,3246.6000,3245.0000,3243.4000,3248.0000,3248.2000,3248.4000,3248.6000,3248.8000,15,2,1,2,1,2,3,3,1,1
SF,IH2012,2020-09-14 09:31:35.600,3247.4000,25070,0,219981780.000,0,-,-,-,-,3247.0000,3246.8000,3246.6000,3245.0000,3243.4000,3247.6000,3248.0000,3248.2000,3248.4000,3248.6000,16,2,1,2,1,1,2,3,3,1
SF,IH2012,2020-09-14 09:31:36.100,3247.6000,25070,0,220956060.000,1,0,1,多换,S,3247.6000,3247.2000,3247.0000,3246.8000,3246.6000,3248.0000,3248.2000,3248.4000,3248.6000,3248.8000,1,1,16,2,1,2,3,3,1,2
SF,IH2012,2020-09-14 09:31:36.600,3247.6000,25070,0,220956060.000,0,-,-,-,-,3247.6000,3247.0000,3246.8000,3246.6000,3245.0000,3248.0000,3248.2000,3248.4000,3248.6000,3248.8000,1,16,3,1,2,2,3,3,1,2
SF,IH2012,2020-09-14 09:31:37.100,3248.0000,25069,-1,222904860.000,2,0,2,多平,S,3247.6000,3247.0000,3246.8000,3246.6000,3246.0000,3248.2000,3248.4000,3248.6000,3248.8000,3249.0000,1,26,3,1,1,3,3,1,2,2
SF,IH2012,2020-09-14 09:31:37.600,3248.2000,25068,-1,224853600.000,2,0,2,多平,S,3247.6000,3247.0000,3246.8000,3246.6000,3246.0000,3247.8000,3248.2000,3248.4000,3248.8000,3249.0000,1,26,3,1,1,1,2,4,2,2
SF,IH2012,2020-09-14 09:31:38.100,3247.8000,25068,0,225827940.000,1,0,1,多换,S,3247.6000,3247.0000,3246.8000,3246.6000,3246.0000,3248.2000,3248.4000,3248.8000,3249.0000,3249.8000,1,31,3,1,1,2,4,2,2,1
SF,IH2012,2020-09-14 09:31:38.600,3248.2000,25067,-1,226802400.000,1,0,1,双平,S,3248.0000,3247.8000,3247.6000,3247.0000,3246.8000,3248.2000,3248.4000,3248.8000,3249.0000,3249.8000,2,2,1,30,2,1,4,2,2,1
SF,IH2012,2020-09-14 09:31:39.100,3248.2000,25066,-1,227776860.000,1,0,1,双平,S,3248.2000,3248.0000,3247.8000,3247.6000,3247.2000,3248.4000,3248.8000,3249.0000,3249.8000,3250.0000,1,2,2,1,1,4,2,2,1,8
SF,IH2012,2020-09-14 09:31:39.600,3248.0000,25066,0,230700120.000,3,1,2,多换,S,3247.8000,3247.6000,3247.0000,3246.8000,3246.6000,3248.0000,3248.2000,3248.4000,3248.6000,3248.8000,1,1,30,2,1,1,1,4,1,2
SF,IH2012,2020-09-14 09:31:40.100,3248.0000,25065,-1,231674520.000,1,0,1,双平,S,3248.0000,3247.8000,3247.6000,3247.0000,3246.8000,3248.4000,3248.6000,3248.8000,3249.0000,3249.8000,1,1,1,30,2,4,1,3,2,1
SF,IH2012,2020-09-14 09:31:40.600,3248.0000,25065,0,231674520.000,0,-,-,-,-,3247.8000,3247.6000,3247.0000,3246.8000,3246.6000,3248.0000,3248.2000,3248.4000,3248.6000,3248.8000,1,1,30,2,1,1,1,4,1,3
SF,IH2012,2020-09-14 09:31:41.100,3247.8000,25064,-1,232648860.000,1,0,1,双平,S,3247.8000,3247.6000,3247.0000,3246.8000,3246.6000,3248.2000,3248.4000,3248.6000,3248.8000,3249.0000,1,2,30,2,1,1,4,1,3,2
SF,IH2012,2020-09-14 09:31:41.600,3248.2000,25063,-1,235572240.000,3,1,2,多平,S,3247.6000,3247.0000,3246.8000,3246.6000,3246.4000,3247.8000,3248.4000,3248.6000,3248.8000,3249.0000,2,30,2,1,1,2,4,1,3,2
SF,IH2012,2020-09-14 09:31:42.100,3247.8000,25061,-2,237520920.000,2,0,2,双平,S,3247.8000,3247.6000,3247.0000,3246.8000,3246.6000,3248.4000,3248.6000,3248.8000,3249.0000,3249.2000,1,2,30,2,1,4,1,3,2,1
SF,IH2012,2020-09-14 09:31:42.600,3247.8000,25060,-1,238495260.000,1,0,1,双平,S,3247.8000,3247.6000,3247.0000,3246.8000,3246.6000,3248.0000,3248.4000,3248.6000,3248.8000,3249.0000,1,2,30,2,1,1,4,2,3,2
SF,IH2012,2020-09-14 09:31:43.100,3248.0000,25059,-1,239469660.000,1,0,1,双平,S,3248.2000,3247.6000,3247.0000,3246.8000,3246.6000,3248.4000,3248.6000,3248.8000,3249.0000,3249.2000,1,1,30,2,1,4,2,3,2,1
SF,IH2012,2020-09-14 09:31:43.600,3248.0000,25059,0,241418520.000,2,1,1,多换,S,3247.6000,3247.0000,3246.8000,3246.6000,3246.4000,3248.4000,3248.6000,3248.8000,3249.0000,3249.2000,1,30,2,1,1,4,2,3,3,1
SF,IH2012,2020-09-14 09:31:44.100,3248.0000,25059,0,241418520.000,0,-,-,-,-,3247.6000,3247.0000,3246.8000,3246.6000,3246.4000,3248.4000,3248.6000,3248.8000,3249.0000,3249.2000,2,30,2,1,1,4,2,3,3,1
SF,IH2012,2020-09-14 09:31:44.600,3248.0000,25059,0,241418520.000,0,-,-,-,-,3247.6000,3247.0000,3246.8000,3246.6000,3246.4000,3248.4000,3248.6000,3248.8000,3249.0000,3249.2000,2,30,2,1,1,4,3,3,3,1
SF,IH2012,2020-09-14 09:31:45.100,3248.0000,25059,0,241418520.000,0,-,-,-,-,3247.6000,3247.0000,3246.8000,3246.6000,3246.4000,3248.4000,3248.6000,3248.8000,3249.0000,3249.2000,2,30,2,1,1,4,3,3,3,1
SF,IH2012,2020-09-14 09:31:46.100,3248.0000,25059,0,241418520.000,0,-,-,-,-,3247.6000,3247.0000,3246.8000,3246.6000,3246.4000,3248.4000,3248.6000,3248.8000,3249.0000,3249.2000,2,30,2,1,1,4,3,3,3,1
SF,IH2012,2020-09-14 09:31:46.600,3248.0000,25059,0,241418520.000,0,-,-,-,-,3247.6000,3247.0000,3246.8000,3246.6000,3246.4000,3248.4000,3248.6000,3248.8000,3249.0000,3249.2000,1,30,2,1,1,4,3,3,3,1
SF,IH2012,2020-09-14 09:31:47.100,3248.0000,25059,0,241418520.000,0,-,-,-,-,3247.6000,3247.0000,3246.8000,3246.6000,3246.4000,3248.4000,3248.6000,3248.8000,3249.0000,3249.2000,1,30,2,1,1,6,3,3,3,1
SF,IH2012,2020-09-14 09:31:47.600,3248.0000,25059,0,241418520.000,0,-,-,-,-,3247.6000,3247.0000,3246.8000,3246.6000,3246.4000,3248.4000,3248.6000,3248.8000,3249.0000,3249.2000,1,30,2,1,1,3,2,2,3,1
SF,IH2012,2020-09-14 09:31:48.100,3248.0000,25059,0,241418520.000,0,-,-,-,-,3247.6000,3247.4000,3247.0000,3246.8000,3246.6000,3248.4000,3248.6000,3248.8000,3249.0000,3249.2000,1,1,30,2,1,6,2,2,3,1
SF,IH2012,2020-09-14 09:31:48.600,3247.8000,25058,-1,242392860.000,1,0,1,双平,S,3247.8000,3247.6000,3247.4000,3247.0000,3246.8000,3248.4000,3248.6000,3248.8000,3249.0000,3249.2000,2,1,1,30,2,6,2,2,4,1
SF,IH2012,2020-09-14 09:31:49.100,3247.8000,25058,0,242392860.000,0,-,-,-,-,3247.8000,3247.6000,3247.4000,3247.0000,3246.8000,3248.4000,3248.6000,3248.8000,3249.0000,3249.2000,2,1,1,30,2,6,2,2,4,1
SF,IH2012,2020-09-14 09:31:49.600,3247.8000,25058,0,242392860.000,0,-,-,-,-,3248.0000,3247.8000,3247.6000,3247.0000,3246.8000,3248.4000,3248.8000,3249.0000,3249.2000,3249.8000,1,2,1,30,2,5,2,4,1,1
SF,IH2012,2020-09-14 09:31:50.100,3248.4000,25057,-1,247265460.000,5,2,3,多平,S,3248.0000,3247.8000,3247.6000,3247.0000,3246.8000,3248.4000,3248.8000,3249.0000,3249.2000,3249.8000,1,3,1,30,2,2,2,4,1,1
SF,IH2012,2020-09-14 09:31:50.600,3248.4000,25057,0,247265460.000,0,-,-,-,-,3248.2000,3248.0000,3247.8000,3247.6000,3247.0000,3248.4000,3248.8000,3249.0000,3249.2000,3249.8000,1,1,3,1,30,2,2,4,1,1
SF,IH2012,2020-09-14 09:31:51.100,3248.4000,25057,0,247265460.000,0,-,-,-,-,3248.2000,3248.0000,3247.8000,3247.6000,3247.0000,3248.4000,3248.8000,3249.0000,3249.2000,3249.8000,1,1,3,1,30,2,2,4,1,1
SF,IH2012,2020-09-14 09:31:51.600,3248.4000,25056,-1,248239980.000,1,0,1,双平,S,3248.2000,3248.0000,3247.8000,3247.6000,3247.0000,3248.4000,3248.8000,3249.0000,3249.2000,3249.8000,1,1,3,1,30,1,1,4,1,1
SF,IH2012,2020-09-14 09:31:52.100,3248.4000,25056,0,248239980.000,0,-,-,-,-,3248.2000,3248.0000,3247.8000,3247.6000,3247.0000,3248.4000,3248.8000,3249.0000,3249.2000,3249.8000,1,1,3,1,30,1,1,4,1,1
SF,IH2012,2020-09-14 09:31:52.600,3248.4000,25054,-2,250188960.000,2,0,2,双平,S,3248.0000,3247.8000,3247.6000,3247.0000,3246.8000,3248.8000,3249.0000,3249.2000,3249.8000,3250.0000,1,2,1,30,2,1,4,1,1,8
SF,IH2012,2020-09-14 09:31:53.100,3248.4000,25054,0,250188960.000,0,-,-,-,-,3248.0000,3247.8000,3247.6000,3247.0000,3246.8000,3248.8000,3249.0000,3249.2000,3249.4000,3249.8000,1,2,1,30,2,4,4,1,1,1
SF,IH2012,2020-09-14 09:31:54.100,3248.4000,25054,0,250188960.000,0,-,-,-,-,3248.0000,3247.8000,3247.6000,3247.4000,3247.0000,3248.8000,3249.0000,3249.2000,3249.4000,3249.8000,1,2,1,1,30,4,4,1,1,1
SF,IH2012,2020-09-14 09:31:54.600,3248.4000,25054,0,250188960.000,0,-,-,-,-,3248.2000,3248.0000,3247.8000,3247.6000,3247.4000,3248.8000,3249.0000,3249.2000,3249.4000,3249.8000,1,1,2,1,1,4,4,1,1,1
SF,IH2012,2020-09-14 09:31:55.100,3248.4000,25054,0,250188960.000,0,-,-,-,-,3248.4000,3248.2000,3248.0000,3247.6000,3247.4000,3248.8000,3249.0000,3249.2000,3249.4000,3249.8000,1,1,1,1,1,4,4,1,1,1
SF,IH2012,2020-09-14 09:31:55.600,3248.4000,25054,0,250188960.000,0,-,-,-,-,3248.4000,3248.2000,3248.0000,3247.6000,3247.4000,3248.8000,3249.0000,3249.2000,3249.4000,3249.8000,1,1,1,1,1,3,4,1,1,1
SF,IH2012,2020-09-14 09:31:56.600,3248.2000,25054,0,252137940.000,2,1,1,多换,S,3248.4000,3248.0000,3247.6000,3247.4000,3247.0000,3248.8000,3249.0000,3249.2000,3249.4000,3249.8000,1,1,1,1,30,3,4,1,1,1
SF,IH2012,2020-09-14 09:31:57.100,3248.2000,25054,0,252137940.000,0,-,-,-,-,3248.4000,3248.0000,3247.6000,3247.4000,3247.0000,3248.8000,3249.0000,3249.2000,3249.4000,3249.8000,1,1,1,1,30,3,4,1,1,1
SF,IH2012,2020-09-14 09:31:57.600,3248.2000,25053,-1,253112400.000,1,0,1,双平,S,3248.0000,3247.6000,3247.4000,3247.0000,3246.8000,3248.8000,3249.0000,3249.2000,3249.4000,3249.8000,1,1,1,30,2,3,4,1,1,1
SF,IH2012,2020-09-14 09:31:58.100,3248.2000,25053,0,253112400.000,0,-,-,-,-,3248.0000,3247.6000,3247.4000,3247.0000,3246.8000,3248.6000,3248.8000,3249.0000,3249.2000,3249.4000,1,1,1,30,2,1,1,4,1,1
SF,IH2012,2020-09-14 09:31:58.600,3248.8000,25052,-1,254087040.000,1,0,1,双平,S,3248.0000,3247.6000,3247.4000,3247.0000,3246.8000,3248.6000,3249.0000,3249.2000,3249.4000,3249.8000,2,1,1,30,2,2,4,1,1,1
SF,IH2012,2020-09-14 09:31:59.100,3248.0000,25051,-1,257010720.000,3,1,2,多平,S,3248.0000,3247.6000,3247.4000,3247.0000,3246.8000,3249.0000,3249.2000,3249.4000,3249.8000,3250.0000,1,1,1,30,2,4,1,1,1,8
SF,IH2012,2020-09-14 09:31:59.600,3248.0000,25051,0,257010720.000,0,-,-,-,-,3248.6000,3248.0000,3247.6000,3247.4000,3247.0000,3249.0000,3249.2000,3249.4000,3249.8000,3250.0000,1,1,1,1,30,4,1,1,1,8
SF,IH2012,2020-09-14 09:32:00.100,3248.4000,25051,0,257985240.000,1,0,1,多换,S,3248.0000,3247.6000,3247.4000,3247.0000,3246.8000,3248.4000,3249.0000,3249.2000,3249.4000,3249.8000,1,1,1,30,2,1,4,1,1,1
SF,IH2012,2020-09-14 09:32:00.600,3248.4000,25052,1,258959760.000,1,1,0,双开,S,3248.4000,3247.6000,3247.4000,3247.0000,3246.8000,3249.0000,3249.2000,3249.4000,3249.8000,3250.0000,2,1,1,29,2,4,1,1,1,8
SF,IH2012,2020-09-14 09:32:01.100,3248.4000,25052,0,258959760.000,0,-,-,-,-,3248.4000,3248.2000,3247.6000,3247.4000,3247.0000,3249.0000,3249.2000,3249.4000,3249.8000,3250.0000,3,1,1,1,29,4,1,1,1,8
SF,IH2012,2020-09-14 09:32:01.600,3248.4000,25052,0,258959760.000,0,-,-,-,-,3247.6000,3247.4000,3247.0000,3246.8000,3246.4000,3249.0000,3249.2000,3249.4000,3249.8000,3250.0000,1,1,29,2,1,4,1,1,1,8
SF,IH2012,2020-09-14 09:32:02.100,3249.0000,25051,-1,259934460.000,1,0,1,双平,S,3247.8000,3247.6000,3247.4000,3247.0000,3246.8000,3249.0000,3249.2000,3249.4000,3249.8000,3250.0000,1,1,1,29,2,4,1,1,1,8
SF,IH2012,2020-09-14 09:32:02.600,3249.0000,25050,-1,261883560.000,2,0,2,多平,S,3247.8000,3247.6000,3247.4000,3247.0000,3246.8000,3249.0000,3249.2000,3249.4000,3249.8000,3250.0000,1,1,1,29,2,3,1,1,1,8
SF,IH2012,2020-09-14 09:32:03.100,3249.0000,25050,0,261883560.000,0,-,-,-,-,3248.0000,3247.6000,3247.4000,3247.0000,3246.8000,3249.0000,3249.2000,3249.4000,3249.8000,3250.0000,2,1,1,29,2,3,1,1,1,8
SF,IH2012,2020-09-14 09:32:03.600,3249.0000,25050,0,261883560.000,0,-,-,-,-,3248.0000,3247.6000,3247.4000,3247.0000,3246.8000,3249.0000,3249.2000,3249.4000,3249.8000,3250.0000,1,1,1,29,2,4,1,1,1,8
SF,IH2012,2020-09-14 09:32:04.100,3249.0000,25050,0,261883560.000,0,-,-,-,-,3247.6000,3247.4000,3247.0000,3246.8000,3246.4000,3248.8000,3249.0000,3249.2000,3249.4000,3249.8000,1,1,29,2,1,2,4,1,1,2
SF,IH2012,2020-09-14 09:32:04.600,3249.0000,25050,0,261883560.000,0,-,-,-,-,3247.8000,3247.6000,3247.4000,3247.0000,3246.8000,3248.6000,3248.8000,3249.0000,3249.2000,3249.4000,1,1,1,29,2,1,2,4,1,1
SF,IH2012,2020-09-14 09:32:05.100,3249.0000,25050,0,262858260.000,1,0,1,多换,S,3247.8000,3247.6000,3247.4000,3247.0000,3246.8000,3248.8000,3249.0000,3249.2000,3249.4000,3249.8000,1,1,1,29,2,2,4,1,1,2
SF,IH2012,2020-09-14 09:32:05.600,3249.0000,25050,0,262858260.000,0,-,-,-,-,3247.8000,3247.6000,3247.0000,3246.8000,3246.4000,3249.0000,3249.2000,3249.4000,3249.8000,3250.0000,1,1,29,2,1,4,1,1,2,9
SF,IH2012,2020-09-14 09:32:06.100,3249.0000,25050,0,262858260.000,0,-,-,-,-,3247.8000,3247.6000,3247.0000,3246.8000,3246.4000,3249.0000,3249.2000,3249.4000,3249.8000,3250.0000,2,1,29,2,1,4,1,1,2,10
SF,IH2012,2020-09-14 09:32:06.600,3249.0000,25050,0,262858260.000,0,-,-,-,-,3248.0000,3247.8000,3247.6000,3247.0000,3246.8000,3248.6000,3249.0000,3249.2000,3249.4000,3249.8000,1,1,1,29,2,3,4,1,1,2
SF,IH2012,2020-09-14 09:32:07.100,3248.6000,25050,0,263832840.000,1,0,1,多换,S,3248.0000,3247.6000,3247.0000,3246.8000,3246.4000,3248.6000,3249.0000,3249.2000,3249.4000,3249.8000,2,1,29,2,1,2,4,1,1,2
SF,IH2012,2020-09-14 09:32:07.600,3248.6000,25050,0,263832840.000,0,-,-,-,-,3248.0000,3247.6000,3247.0000,3246.8000,3246.4000,3248.6000,3249.0000,3249.2000,3249.4000,3249.8000,1,1,29,2,1,2,4,1,1,2
SF,IH2012,2020-09-14 09:32:08.600,3248.6000,25050,0,263832840.000,0,-,-,-,-,3248.0000,3247.6000,3247.0000,3246.8000,3246.4000,3248.6000,3248.8000,3249.0000,3249.2000,3249.4000,1,1,29,2,1,2,1,4,1,1
SF,IH2012,2020-09-14 09:32:09.100,3248.6000,25050,0,264807420.000,1,0,1,多换,S,3248.0000,3247.6000,3247.0000,3246.8000,3246.4000,3248.6000,3248.8000,3249.0000,3249.2000,3249.4000,1,1,29,2,1,1,1,4,1,1
SF,IH2012,2020-09-14 09:32:09.600,3248.6000,25050,0,264807420.000,0,-,-,-,-,3247.6000,3247.0000,3246.8000,3246.4000,3245.0000,3248.6000,3248.8000,3249.0000,3249.2000,3249.4000,1,29,2,1,4,1,1,4,1,1
SF,IH2012,2020-09-14 09:32:10.100,3248.6000,25050,0,264807420.000,0,-,-,-,-,3247.6000,3247.0000,3246.8000,3246.4000,3245.4000,3248.6000,3248.8000,3249.0000,3249.2000,3249.4000,1,29,2,1,1,1,1,4,1,1
SF,IH2012,2020-09-14 09:32:10.600,3248.6000,25050,0,264807420.000,0,-,-,-,-,3247.6000,3247.0000,3246.8000,3246.4000,3245.4000,3248.6000,3248.8000,3249.0000,3249.2000,3249.4000,1,29,2,1,1,2,1,4,1,1
SF,IH2012,2020-09-14 09:32:11.100,3248.6000,25050,0,264807420.000,0,-,-,-,-,3247.6000,3247.0000,3246.8000,3246.4000,3245.4000,3248.4000,3248.6000,3248.8000,3249.0000,3249.2000,1,29,2,1,1,2,2,1,4,1
SF,IH2012,2020-09-14 09:32:11.600,3248.6000,25050,0,264807420.000,0,-,-,-,-,3248.0000,3247.6000,3247.0000,3246.8000,3246.4000,3248.4000,3248.6000,3248.8000,3249.0000,3249.2000,2,2,29,2,1,1,1,1,4,2
SF,IH2012,2020-09-14 09:32:12.100,3248.0000,25051,1,266756220.000,2,1,1,空开,S,3247.6000,3247.0000,3246.8000,3246.4000,3245.4000,3248.0000,3248.4000,3248.6000,3248.8000,3249.0000,1,29,2,1,1,2,2,1,1,4
SF,IH2012,2020-09-14 09:32:12.600,3248.0000,25051,0,266756220.000,0,-,-,-,-,3247.6000,3247.0000,3246.8000,3246.4000,3245.4000,3248.0000,3248.4000,3248.6000,3248.8000,3249.0000,1,29,2,1,1,2,1,1,1,4
SF,IH2012,2020-09-14 09:32:13.100,3248.0000,25049,-2,268705020.000,2,0,2,双平,S,3247.6000,3247.0000,3246.8000,3246.4000,3245.4000,3248.4000,3248.6000,3248.8000,3249.0000,3249.2000,1,29,2,1,1,1,1,1,4,2
SF,IH2012,2020-09-14 09:32:13.600,3247.6000,25049,0,269679300.000,1,0,1,多换,S,3247.0000,3246.8000,3246.4000,3245.4000,3245.0000,3248.4000,3248.8000,3249.0000,3249.2000,3249.4000,29,2,1,1,4,2,1,4,2,1
SF,IH2012,2020-09-14 09:32:14.100,3247.6000,25049,0,269679300.000,0,-,-,-,-,3247.0000,3246.8000,3246.4000,3245.4000,3245.0000,3248.2000,3248.4000,3248.8000,3249.0000,3249.2000,29,2,1,1,4,1,2,1,4,2
SF,IH2012,2020-09-14 09:32:14.600,3247.6000,25049,0,269679300.000,0,-,-,-,-,3247.0000,3246.8000,3246.4000,3245.4000,3245.0000,3248.0000,3248.2000,3248.4000,3248.8000,3249.0000,29,2,1,1,4,1,1,2,1,4
SF,IH2012,2020-09-14 09:32:15.100,3247.6000,25049,0,269679300.000,0,-,-,-,-,3247.2000,3247.0000,3246.8000,3246.4000,3245.4000,3247.8000,3248.0000,3248.2000,3248.4000,3248.8000,1,29,2,1,1,6,2,1,1,1
SF,IH2012,2020-09-14 09:32:15.600,3247.2000,25048,-1,270653460.000,1,0,1,双平,S,3247.0000,3246.8000,3246.4000,3245.4000,3245.0000,3247.8000,3248.0000,3248.2000,3248.4000,3248.8000,29,2,1,1,4,6,2,1,1,1
SF,IH2012,2020-09-14 09:32:16.100,3247.0000,25027,-21,295005960.000,25,2,23,多平,S,3247.0000,3246.8000,3246.4000,3245.4000,3245.0000,3247.6000,3247.8000,3248.2000,3248.4000,3248.8000,4,1,1,1,4,1,6,1,1,1
SF,IH2012,2020-09-14 09:32:16.600,3246.8000,25027,0,299876400.000,5,2,3,多换,S,3246.4000,3245.6000,3245.4000,3245.0000,3244.6000,3246.8000,3247.0000,3247.4000,3247.6000,3247.8000,1,1,1,3,1,1,1,4,1,5
SF,IH2012,2020-09-14 09:32:17.100,3246.4000,25026,-1,300850320.000,1,0,1,双平,S,3245.6000,3245.4000,3245.0000,3244.8000,3244.6000,3246.8000,3247.0000,3247.4000,3247.6000,3247.8000,1,1,3,1,1,2,1,4,1,5
SF,IH2012,2020-09-14 09:32:17.600,3245.6000,25026,0,301824000.000,1,0,1,多换,S,3245.4000,3245.0000,3244.8000,3244.6000,3244.0000,3246.4000,3246.6000,3246.8000,3247.0000,3247.4000,1,3,1,1,2,1,3,2,1,4
SF,IH2012,2020-09-14 09:32:18.100,3245.6000,25026,0,301824000.000,0,-,-,-,-,3245.6000,3245.4000,3245.0000,3244.8000,3244.6000,3246.4000,3246.6000,3247.0000,3247.4000,3248.2000,1,1,3,1,1,1,1,1,2,1
SF,IH2012,2020-09-14 09:32:18.600,3246.4000,25026,0,302797920.000,1,0,1,多换,S,3245.8000,3245.6000,3245.4000,3245.0000,3244.8000,3246.6000,3247.0000,3247.4000,3248.2000,3248.4000,1,1,1,3,1,1,1,2,1,1
SF,IH2012,2020-09-14 09:32:19.100,3246.4000,25026,0,302797920.000,0,-,-,-,-,3245.8000,3245.6000,3245.4000,3245.0000,3244.8000,3247.0000,3247.4000,3248.2000,3248.4000,3248.8000,1,1,1,3,1,1,2,1,1,1
SF,IH2012,2020-09-14 09:32:19.600,3246.4000,25026,0,302797920.000,0,-,-,-,-,3245.8000,3245.6000,3245.4000,3245.0000,3244.8000,3247.0000,3247.4000,3248.2000,3248.8000,3249.0000,1,1,1,3,1,2,2,1,1,4
SF,IH2012,2020-09-14 09:32:20.100,3246.4000,25026,0,302797920.000,0,-,-,-,-,3245.6000,3245.4000,3245.0000,3244.8000,3244.6000,3246.8000,3247.0000,3247.4000,3248.2000,3248.8000,1,1,3,1,1,2,2,2,1,1
SF,IH2012,2020-09-14 09:32:20.600,3246.4000,25026,0,302797920.000,0,-,-,-,-,3245.6000,3245.4000,3245.0000,3244.8000,3244.6000,3246.6000,3246.8000,3247.0000,3247.4000,3248.2000,1,1,3,1,1,3,3,2,1,1
SF,IH2012,2020-09-14 09:32:21.100,3245.6000,25026,0,303771600.000,1,0,1,多换,S,3245.4000,3245.0000,3244.8000,3244.6000,3244.0000,3246.4000,3246.6000,3246.8000,3247.0000,3247.4000,1,3,1,1,2,1,3,1,1,1
SF,IH2012,2020-09-14 09:32:21.600,3245.6000,25026,0,303771600.000,0,-,-,-,-,3245.4000,3245.0000,3244.8000,3244.6000,3244.0000,3246.2000,3246.4000,3246.6000,3247.0000,3247.4000,1,4,1,1,2,2,2,1,1,1
SF,IH2012,2020-09-14 09:32:22.100,3245.4000,25025,-1,304745220.000,1,0,1,双平,S,3245.0000,3244.8000,3244.6000,3244.0000,3243.4000,3245.8000,3246.2000,3246.4000,3246.6000,3247.0000,4,1,1,2,1,1,3,1,1,1
SF,IH2012,2020-09-14 09:32:22.600,3245.4000,25025,0,304745220.000,0,-,-,-,-,3245.0000,3244.8000,3244.6000,3244.0000,3243.4000,3246.2000,3246.4000,3246.6000,3247.0000,3247.4000,4,1,1,2,1,1,1,1,1,1
SF,IH2012,2020-09-14 09:32:23.100,3246.2000,25024,-1,305719080.000,1,0,1,双平,S,3246.2000,3245.2000,3245.0000,3244.8000,3244.6000,3246.4000,3247.0000,3247.4000,3248.2000,3248.8000,1,1,5,1,1,1,1,1,1,2
SF,IH2012,2020-09-14 09:32:23.600,3246.2000,25024,0,306692940.000,1,0,1,多换,S,3245.2000,3245.0000,3244.8000,3244.6000,3244.0000,3247.0000,3247.4000,3248.2000,3248.8000,3249.0000,1,5,1,1,2,1,1,1,2,4
SF,IH2012,2020-09-14 09:32:24.100,3246.2000,25024,0,306692940.000,0,-,-,-,-,3245.4000,3245.2000,3245.0000,3244.8000,3244.6000,3246.8000,3247.0000,3247.4000,3248.2000,3248.8000,1,1,5,1,1,3,2,1,1,1
SF,IH2012,2020-09-14 09:32:24.600,3246.2000,25024,0,306692940.000,0,-,-,-,-,3245.6000,3245.4000,3245.2000,3245.0000,3244.8000,3246.8000,3247.0000,3247.4000,3248.2000,3248.8000,1,1,1,4,1,3,1,1,1,1
SF,IH2012,2020-09-14 09:32:25.100,3246.2000,25024,0,306692940.000,0,-,-,-,-,3245.6000,3245.4000,3245.2000,3245.0000,3244.8000,3246.8000,3247.0000,3247.4000,3248.2000,3248.8000,1,1,1,4,1,2,1,1,1,1
SF,IH2012,2020-09-14 09:32:25.600,3247.0000,25024,0,309615120.000,3,1,2,多换,S,3247.0000,3245.6000,3245.4000,3245.2000,3245.0000,3247.4000,3248.2000,3248.8000,3249.0000,3249.2000,6,1,1,1,4,1,1,1,4,1
SF,IH2012,2020-09-14 09:32:26.100,3247.0000,25026,2,313511520.000,4,3,1,空开,S,3247.0000,3245.6000,3245.4000,3245.2000,3245.0000,3247.4000,3248.2000,3248.8000,3249.0000,3249.2000,2,1,1,1,4,1,1,1,4,1
SF,IH2012,2020-09-14 09:32:26.600,3247.4000,25026,0,315459840.000,2,1,1,多换,S,3247.0000,3245.6000,3245.4000,3245.2000,3245.0000,3248.2000,3248.8000,3249.0000,3249.2000,3249.6000,1,1,1,1,4,1,1,4,1,1
SF,IH2012,2020-09-14 09:32:27.100,3247.0000,25026,0,316433940.000,1,0,1,多换,S,3245.6000,3245.4000,3245.2000,3245.0000,3244.8000,3246.4000,3248.0000,3248.2000,3248.8000,3249.0000,1,1,1,4,1,1,5,1,1,4
SF,IH2012,2020-09-14 09:32:27.600,3248.0000,25024,-2,318382260.000,2,0,2,双平,S,3246.6000,3246.4000,3245.8000,3245.6000,3245.0000,3248.0000,3248.2000,3248.8000,3249.0000,3249.2000,2,2,1,1,4,2,1,1,4,1
SF,IH2012,2020-09-14 09:32:28.100,3248.0000,25024,0,318382260.000,0,-,-,-,-,3246.6000,3245.8000,3245.6000,3245.0000,3244.8000,3247.8000,3248.0000,3248.2000,3248.8000,3249.0000,2,1,1,4,1,3,2,1,1,4
SF,IH2012,2020-09-14 09:32:28.600,3248.0000,25024,0,318382260.000,0,-,-,-,-,3245.8000,3245.6000,3245.0000,3244.8000,3244.6000,3247.6000,3247.8000,3248.0000,3248.2000,3248.8000,1,1,4,1,1,2,2,2,1,1
SF,IH2012,2020-09-14 09:32:29.100,3248.0000,25024,0,318382260.000,0,-,-,-,-,3246.0000,3245.8000,3245.0000,3244.8000,3244.6000,3247.4000,3247.6000,3247.8000,3248.0000,3248.2000,3,1,4,1,1,1,2,1,2,1
SF,IH2012,2020-09-14 09:32:29.600,3248.0000,25024,0,318382260.000,0,-,-,-,-,3246.2000,3246.0000,3245.0000,3244.8000,3244.6000,3247.6000,3247.8000,3248.0000,3248.2000,3248.8000,1,3,4,1,1,2,1,1,1,1
SF,IH2012,2020-09-14 09:32:30.100,3248.0000,25024,0,318382260.000,0,-,-,-,-,3246.4000,3246.2000,3246.0000,3245.0000,3244.8000,3247.6000,3247.8000,3248.0000,3248.2000,3248.8000,3,1,2,4,1,2,1,1,1,1
SF,IH2012,2020-09-14 09:32:30.600,3248.0000,25024,0,318382260.000,0,-,-,-,-,3246.4000,3246.2000,3246.0000,3245.0000,3244.8000,3247.4000,3247.8000,3248.0000,3248.2000,3248.8000,3,1,2,4,1,2,1,1,1,1
SF,IH2012,2020-09-14 09:32:31.600,3246.4000,25024,0,319356180.000,1,0,1,多换,S,3246.4000,3246.2000,3246.0000,3245.0000,3244.8000,3247.2000,3247.8000,3248.0000,3248.2000,3248.8000,2,1,2,4,1,2,1,1,1,1
SF,IH2012,2020-09-14 09:32:32.100,3247.2000,25023,-1,320330340.000,1,0,1,双平,S,3246.4000,3246.2000,3246.0000,3245.0000,3244.8000,3247.2000,3247.8000,3248.0000,3248.2000,3248.8000,2,1,1,4,1,1,1,1,1,1
SF,IH2012,2020-09-14 09:32:32.600,3247.2000,25023,0,320330340.000,0,-,-,-,-,3246.4000,3246.2000,3246.0000,3245.0000,3244.8000,3247.2000,3247.6000,3247.8000,3248.0000,3248.2000,2,1,1,4,1,1,1,1,1,1
SF,IH2012,2020-09-14 09:32:33.100,3247.2000,25023,0,320330340.000,0,-,-,-,-,3246.4000,3246.2000,3246.0000,3245.0000,3244.8000,3247.6000,3247.8000,3248.0000,3248.2000,3248.8000,2,1,1,4,1,1,1,1,1,1
SF,IH2012,2020-09-14 09:32:33.600,3247.2000,25023,0,320330340.000,0,-,-,-,-,3246.4000,3246.2000,3246.0000,3245.0000,3244.8000,3247.4000,3247.8000,3248.0000,3248.2000,3248.8000,2,1,1,4,1,1,1,1,1,1
SF,IH2012,2020-09-14 09:32:34.100,3247.2000,25023,0,320330340.000,0,-,-,-,-,3246.4000,3246.2000,3245.0000,3244.8000,3244.6000,3247.4000,3248.2000,3248.8000,3249.0000,3249.2000,3,1,4,1,1,1,1,1,4,1
SF,IH2012,2020-09-14 09:32:34.600,3247.2000,25023,0,320330340.000,0,-,-,-,-,3246.4000,3246.2000,3245.0000,3244.8000,3244.6000,3248.0000,3248.2000,3248.8000,3249.0000,3249.2000,3,1,4,1,1,1,1,1,4,1
SF,IH2012,2020-09-14 09:32:35.100,3247.2000,25023,0,320330340.000,0,-,-,-,-,3246.4000,3246.2000,3245.0000,3244.8000,3244.6000,3247.8000,3248.0000,3248.2000,3248.8000,3249.0000,3,1,4,1,1,4,1,1,1,4
SF,IH2012,2020-09-14 09:32:35.600,3247.2000,25023,0,320330340.000,0,-,-,-,-,3247.4000,3246.4000,3246.2000,3245.0000,3244.8000,3247.8000,3248.0000,3248.2000,3248.8000,3249.0000,1,3,2,4,1,4,1,1,1,3
SF,IH2012,2020-09-14 09:32:36.100,3247.4000,25023,0,321304560.000,1,0,1,多换,S,3246.4000,3246.2000,3245.0000,3244.6000,3244.0000,3247.8000,3248.0000,3248.2000,3248.8000,3249.0000,3,2,4,1,1,4,1,1,1,3
SF,IH2012,2020-09-14 09:32:36.600,3247.4000,25023,0,321304560.000,0,-,-,-,-,3246.6000,3246.4000,3246.2000,3245.0000,3244.6000,3247.8000,3248.0000,3248.2000,3248.8000,3249.0000,2,3,1,4,1,3,1,1,1,3
SF,IH2012,2020-09-14 09:32:37.100,3247.4000,25023,0,321304560.000,0,-,-,-,-,3246.8000,3246.6000,3246.4000,3246.2000,3245.0000,3247.0000,3247.6000,3247.8000,3248.0000,3248.2000,2,2,2,1,7,1,1,2,1,1
SF,IH2012,2020-09-14 09:32:37.600,3247.0000,25023,0,322278660.000,1,0,1,多换,S,3247.2000,3247.0000,3246.8000,3246.6000,3246.4000,3247.6000,3247.8000,3248.0000,3248.2000,3248.8000,1,4,1,2,2,2,2,1,1,1
SF,IH2012,2020-09-14 09:32:38.100,3247.6000,25022,-1,323252940.000,1,0,1,双平,S,3247.2000,3247.0000,3246.8000,3246.6000,3246.4000,3247.8000,3248.0000,3248.2000,3248.8000,3249.0000,1,3,1,2,2,2,1,1,1,3
SF,IH2012,2020-09-14 09:32:38.600,3247.8000,25020,-2,325201620.000,2,0,2,双平,S,3247.4000,3247.2000,3247.0000,3246.8000,3246.6000,3248.0000,3248.2000,3248.8000,3249.0000,3249.2000,1,1,3,1,1,1,1,1,3,1
SF,IH2012,2020-09-14 09:32:39.100,3248.0000,25019,-1,326176020.000,1,0,1,双平,S,3247.4000,3247.2000,3247.0000,3246.8000,3246.6000,3248.2000,3248.8000,3249.0000,3249.2000,3249.6000,1,1,3,1,1,1,1,3,1,1
SF,IH2012,2020-09-14 09:32:39.600,3248.0000,25019,0,326176020.000,0,-,-,-,-,3247.4000,3247.2000,3247.0000,3246.8000,3246.6000,3248.2000,3248.8000,3249.0000,3249.2000,3249.6000,1,1,3,1,1,1,1,3,1,1
SF,IH2012,2020-09-14 09:32:40.100,3248.0000,25019,0,326176020.000,0,-,-,-,-,3247.6000,3247.4000,3247.2000,3247.0000,3246.6000,3248.2000,3248.8000,3249.0000,3249.2000,3249.6000,1,1,1,3,1,1,1,3,1,1
SF,IH2012,2020-09-14 09:32:40.600,3248.0000,25019,0,326176020.000,0,-,-,-,-,3247.6000,3247.4000,3247.2000,3247.0000,3246.6000,3248.0000,3248.2000,3248.8000,3249.0000,3249.2000,1,1,1,3,1,2,1,1,3,1
SF,IH2012,2020-09-14 09:32:41.100,3248.0000,25018,-1,328124820.000,2,0,2,多平,S,3247.4000,3247.2000,3247.0000,3246.6000,3246.4000,3248.2000,3248.8000,3249.0000,3249.2000,3249.6000,1,1,3,1,2,1,1,3,1,1
SF,IH2012,2020-09-14 09:32:42.100,3247.4000,25017,-1,329099040.000,1,0,1,双平,S,3247.2000,3247.0000,3246.6000,3246.4000,3246.2000,3248.2000,3248.8000,3249.0000,3249.2000,3249.6000,1,2,1,2,2,1,1,3,1,1
SF,IH2012,2020-09-14 09:32:42.600,3247.4000,25017,0,329099040.000,0,-,-,-,-,3247.2000,3247.0000,3246.4000,3246.2000,3245.4000,3247.8000,3248.0000,3248.2000,3248.8000,3249.0000,1,2,2,2,1,1,5,1,1,3
SF,IH2012,2020-09-14 09:32:43.100,3247.4000,25017,0,329099040.000,0,-,-,-,-,3247.2000,3247.0000,3246.4000,3246.2000,3245.4000,3248.0000,3248.2000,3248.8000,3249.0000,3249.2000,1,2,2,2,1,3,1,1,3,1
SF,IH2012,2020-09-14 09:32:43.600,3247.0000,25016,-1,330073140.000,1,0,1,双平,S,3247.0000,3246.4000,3246.2000,3245.4000,3245.0000,3248.0000,3248.2000,3248.8000,3249.0000,3249.2000,1,2,2,1,7,3,1,1,3,1
SF,IH2012,2020-09-14 09:32:44.100,3247.0000,25016,0,330073140.000,0,-,-,-,-,3247.0000,3246.4000,3246.2000,3245.4000,3245.0000,3248.0000,3248.2000,3248.8000,3249.0000,3249.2000,1,2,2,1,7,2,1,1,3,1
SF,IH2012,2020-09-14 09:32:44.600,3247.0000,25016,0,330073140.000,0,-,-,-,-,3247.0000,3246.4000,3246.2000,3245.4000,3245.0000,3248.0000,3248.2000,3248.8000,3249.0000,3249.2000,1,2,2,1,7,1,1,2,3,1
SF,IH2012,2020-09-14 09:32:45.600,3247.0000,25016,0,330073140.000,0,-,-,-,-,3247.0000,3246.4000,3246.2000,3245.4000,3245.0000,3248.0000,3248.2000,3248.4000,3248.8000,3249.0000,1,2,2,1,7,1,1,1,2,3
SF,IH2012,2020-09-14 09:32:46.100,3247.0000,25016,0,330073140.000,0,-,-,-,-,3247.2000,3247.0000,3246.4000,3246.2000,3245.4000,3248.0000,3248.2000,3248.4000,3248.8000,3249.0000,1,1,2,2,1,1,1,1,2,3
SF,IH2012,2020-09-14 09:32:46.600,3247.0000,25016,0,330073140.000,0,-,-,-,-,3247.2000,3247.0000,3246.4000,3246.2000,3245.4000,3248.0000,3248.2000,3248.4000,3248.8000,3249.0000,2,1,2,2,1,1,1,1,2,3
SF,IH2012,2020-09-14 09:32:47.100,3248.0000,25015,-1,331047540.000,1,0,1,双平,S,3247.2000,3247.0000,3246.4000,3246.2000,3245.4000,3248.2000,3248.4000,3248.8000,3249.0000,3249.2000,2,1,2,2,1,1,1,2,3,1
SF,IH2012,2020-09-14 09:32:47.600,3248.2000,25014,-1,332022000.000,1,0,1,双平,S,3248.2000,3247.4000,3247.2000,3247.0000,3246.4000,3248.4000,3248.8000,3249.0000,3249.2000,3249.6000,1,2,1,1,2,1,2,3,1,1
SF,IH2012,2020-09-14 09:32:48.100,3248.2000,25014,0,332022000.000,0,-,-,-,-,3247.4000,3247.2000,3247.0000,3246.4000,3246.2000,3248.4000,3248.8000,3249.0000,3249.2000,3249.6000,1,1,1,2,2,1,2,3,1,1
SF,IH2012,2020-09-14 09:32:48.600,3247.8000,25014,0,332996340.000,1,0,1,多换,S,3247.4000,3247.2000,3247.0000,3246.4000,3246.2000,3248.4000,3248.8000,3249.0000,3249.2000,3249.6000,2,1,1,2,2,1,2,3,1,1
SF,IH2012,2020-09-14 09:32:49.600,3247.8000,25014,0,332996340.000,0,-,-,-,-,3247.4000,3247.2000,3247.0000,3246.4000,3246.2000,3248.4000,3248.8000,3249.0000,3249.2000,3249.6000,2,1,1,2,2,2,2,3,1,1
SF,IH2012,2020-09-14 09:32:50.600,3248.4000,25012,-2,334945380.000,2,0,2,双平,S,3247.6000,3247.4000,3247.2000,3247.0000,3246.4000,3248.8000,3249.0000,3249.2000,3249.6000,3249.8000,1,2,1,1,2,2,3,1,1,1
SF,IH2012,2020-09-14 09:32:51.100,3248.4000,25012,0,334945380.000,0,-,-,-,-,3247.6000,3247.4000,3247.0000,3246.4000,3246.2000,3248.8000,3249.0000,3249.2000,3249.6000,3249.8000,2,2,1,2,2,2,3,1,1,1
SF,IH2012,2020-09-14 09:32:51.600,3248.4000,25012,0,334945380.000,0,-,-,-,-,3247.8000,3247.6000,3247.4000,3247.0000,3246.4000,3248.8000,3249.0000,3249.2000,3249.6000,3249.8000,2,1,1,1,2,2,3,1,1,1
SF,IH2012,2020-09-14 09:32:52.100,3248.4000,25012,0,334945380.000,0,-,-,-,-,3247.8000,3247.6000,3247.0000,3246.4000,3246.2000,3248.8000,3249.0000,3249.2000,3249.6000,3249.8000,3,1,1,2,2,2,3,1,1,1
SF,IH2012,2020-09-14 09:32:52.600,3248.4000,25012,0,334945380.000,0,-,-,-,-,3248.0000,3247.8000,3247.6000,3247.0000,3246.4000,3248.8000,3249.0000,3249.2000,3249.6000,3249.8000,1,2,1,1,2,2,3,1,1,1
SF,IH2012,2020-09-14 09:32:53.100,3248.4000,25012,0,334945380.000,0,-,-,-,-,3248.0000,3247.8000,3247.0000,3246.4000,3246.2000,3248.8000,3249.0000,3249.2000,3249.6000,3249.8000,2,2,1,2,2,2,3,1,1,1
SF,IH2012,2020-09-14 09:32:54.100,3248.4000,25012,0,334945380.000,0,-,-,-,-,3248.0000,3247.8000,3247.0000,3246.4000,3246.2000,3248.8000,3249.0000,3249.2000,3249.6000,3249.8000,2,2,1,2,2,2,4,1,1,1
SF,IH2012,2020-09-14 09:32:55.100,3248.4000,25012,0,334945380.000,0,-,-,-,-,3248.0000,3247.8000,3247.0000,3246.4000,3246.2000,3248.8000,3249.0000,3249.2000,3249.6000,3249.8000,1,2,1,2,2,2,4,1,1,1
SF,IH2012,2020-09-14 09:32:55.600,3248.4000,25012,0,334945380.000,0,-,-,-,-,3248.0000,3247.8000,3247.0000,3246.2000,3245.0000,3248.8000,3249.0000,3249.2000,3249.6000,3249.8000,1,2,1,2,7,2,4,1,1,1
SF,IH2012,2020-09-14 09:32:56.100,3248.4000,25012,0,334945380.000,0,-,-,-,-,3248.0000,3247.8000,3247.0000,3246.2000,3245.0000,3248.8000,3249.0000,3249.2000,3249.6000,3249.8000,1,2,1,2,7,3,4,1,1,1
SF,IH2012,2020-09-14 09:32:57.100,3248.0000,25012,0,335919780.000,1,0,1,多换,S,3247.8000,3247.0000,3246.2000,3245.0000,3244.6000,3248.8000,3249.0000,3249.2000,3249.6000,3249.8000,2,1,2,7,1,3,4,1,1,1
SF,IH2012,2020-09-14 09:32:57.600,3248.0000,25012,0,335919780.000,0,-,-,-,-,3247.8000,3247.0000,3246.2000,3245.0000,3244.6000,3248.6000,3248.8000,3249.0000,3249.2000,3249.6000,2,1,1,7,1,1,3,4,1,1
SF,IH2012,2020-09-14 09:32:58.100,3248.0000,25012,0,335919780.000,0,-,-,-,-,3248.0000,3247.8000,3247.0000,3246.2000,3245.0000,3248.6000,3248.8000,3249.0000,3249.2000,3249.6000,1,1,1,1,7,2,4,4,1,1
SF,IH2012,2020-09-14 09:32:58.600,3248.0000,25011,-1,336894180.000,1,0,1,双平,S,3247.0000,3246.2000,3245.0000,3244.6000,3244.0000,3248.0000,3248.6000,3248.8000,3249.0000,3249.2000,1,1,7,1,1,1,2,4,4,1
SF,IH2012,2020-09-14 09:32:59.100,3248.0000,25011,0,336894180.000,0,-,-,-,-,3248.0000,3247.2000,3247.0000,3246.2000,3245.4000,3248.6000,3248.8000,3249.0000,3249.2000,3249.6000,1,6,2,1,1,2,4,4,1,1
SF,IH2012,2020-09-14 09:32:59.600,3248.0000,25011,0,336894180.000,0,-,-,-,-,3247.2000,3247.0000,3246.2000,3245.0000,3244.6000,3248.0000,3248.6000,3248.8000,3249.0000,3249.2000,2,2,1,7,1,1,2,4,4,1
SF,IH2012,2020-09-14 09:33:00.100,3248.0000,25011,0,336894180.000,0,-,-,-,-,3247.2000,3247.0000,3246.2000,3245.2000,3245.0000,3248.0000,3248.6000,3248.8000,3249.0000,3249.2000,3,2,1,1,7,1,2,4,5,1
SF,IH2012,2020-09-14 09:33:00.600,3248.0000,25011,0,336894180.000,0,-,-,-,-,3247.2000,3247.0000,3246.2000,3245.2000,3245.0000,3248.0000,3248.6000,3248.8000,3249.0000,3249.2000,3,2,1,1,7,1,2,4,5,1
SF,IH2012,2020-09-14 09:33:01.100,3248.0000,25010,-1,337868580.000,1,0,1,双平,S,3247.2000,3247.0000,3246.2000,3245.2000,3245.0000,3248.0000,3248.6000,3248.8000,3249.0000,3249.2000,3,2,1,1,7,1,1,4,5,1
SF,IH2012,2020-09-14 09:33:01.600,3247.4000,25004,-6,343714560.000,6,0,6,双平,S,3247.2000,3247.0000,3246.2000,3245.2000,3245.0000,3248.6000,3248.8000,3249.0000,3249.2000,3249.6000,3,2,1,1,7,1,4,5,1,1
SF,IH2012,2020-09-14 09:33:02.100,3247.4000,25004,0,343714560.000,0,-,-,-,-,3247.4000,3247.2000,3247.0000,3246.2000,3245.2000,3248.0000,3248.6000,3248.8000,3249.0000,3249.2000,2,3,2,1,1,1,1,4,5,1
SF,IH2012,2020-09-14 09:33:02.600,3247.4000,25004,0,343714560.000,0,-,-,-,-,3247.4000,3247.2000,3247.0000,3246.2000,3245.2000,3248.0000,3248.6000,3248.8000,3249.0000,3249.2000,1,3,2,1,1,1,1,4,5,1
SF,IH2012,2020-09-14 09:33:03.100,3248.0000,25002,-2,345663360.000,2,0,2,双平,S,3248.0000,3247.4000,3247.2000,3247.0000,3246.8000,3248.6000,3248.8000,3249.0000,3249.2000,3249.6000,1,1,3,1,1,1,4,5,1,1
SF,IH2012,2020-09-14 09:33:03.600,3248.0000,25002,0,345663360.000,0,-,-,-,-,3247.4000,3247.2000,3247.0000,3246.8000,3246.2000,3248.4000,3248.6000,3248.8000,3249.0000,3249.2000,1,3,1,1,1,1,1,4,5,1
SF,IH2012,2020-09-14 09:33:04.100,3248.4000,25001,-1,346637880.000,1,0,1,双平,S,3247.4000,3247.2000,3247.0000,3246.8000,3246.2000,3248.6000,3248.8000,3249.0000,3249.2000,3249.6000,1,3,1,1,1,1,4,5,1,1
SF,IH2012,2020-09-14 09:33:04.600,3248.4000,25001,0,346637880.000,0,-,-,-,-,3247.6000,3247.4000,3247.2000,3247.0000,3246.8000,3248.6000,3248.8000,3249.0000,3249.2000,3249.6000,1,1,2,1,1,1,4,5,1,1
SF,IH2012,2020-09-14 09:33:05.100,3248.4000,25001,0,346637880.000,0,-,-,-,-,3247.6000,3247.4000,3247.2000,3247.0000,3246.8000,3248.6000,3248.8000,3249.0000,3249.2000,3249.6000,1,1,2,1,1,1,4,5,1,1
SF,IH2012,2020-09-14 09:33:05.600,3248.4000,25001,0,346637880.000,0,-,-,-,-,3247.6000,3247.4000,3247.2000,3247.0000,3246.8000,3248.6000,3248.8000,3249.0000,3249.2000,3249.6000,2,1,1,1,1,1,4,5,1,1
SF,IH2012,2020-09-14 09:33:07.100,3247.6000,24999,-2,348586440.000,2,0,2,双平,S,3247.4000,3247.2000,3247.0000,3246.8000,3246.2000,3248.6000,3248.8000,3249.0000,3249.2000,3249.6000,1,1,1,1,1,1,4,5,1,1
SF,IH2012,2020-09-14 09:33:07.600,3247.6000,24999,0,348586440.000,0,-,-,-,-,3247.2000,3247.0000,3246.8000,3246.2000,3245.0000,3248.4000,3248.6000,3248.8000,3249.0000,3249.2000,1,1,1,1,7,1,2,4,5,1
SF,IH2012,2020-09-14 09:33:08.100,3247.6000,24999,0,348586440.000,0,-,-,-,-,3247.4000,3247.2000,3247.0000,3246.8000,3246.2000,3248.4000,3248.6000,3248.8000,3249.0000,3249.2000,1,1,1,1,1,2,2,4,5,1
SF,IH2012,2020-09-14 09:33:09.100,3247.6000,24999,0,348586440.000,0,-,-,-,-,3247.4000,3247.2000,3247.0000,3246.8000,3246.2000,3248.4000,3248.6000,3248.8000,3249.0000,3249.2000,1,1,1,1,1,2,2,4,5,1
SF,IH2012,2020-09-14 09:33:09.600,3247.4000,24998,-1,349560660.000,1,0,1,双平,S,3247.2000,3247.0000,3246.8000,3246.2000,3245.2000,3248.4000,3248.6000,3248.8000,3249.0000,3249.2000,1,1,1,1,1,2,2,4,5,1
SF,IH2012,2020-09-14 09:33:10.100,3247.4000,24998,0,349560660.000,0,-,-,-,-,3247.2000,3247.0000,3246.8000,3246.2000,3245.2000,3248.2000,3248.4000,3248.6000,3248.8000,3249.0000,1,1,1,1,1,3,2,2,4,5
SF,IH2012,2020-09-14 09:33:10.600,3247.4000,24998,0,349560660.000,0,-,-,-,-,3247.2000,3247.0000,3246.8000,3246.2000,3245.2000,3247.4000,3248.0000,3248.2000,3248.4000,3248.6000,1,1,1,1,1,1,1,2,1,1
SF,IH2012,2020-09-14 09:33:11.100,3247.4000,24998,0,350534880.000,1,0,1,多换,S,3247.2000,3247.0000,3246.8000,3246.2000,3245.2000,3248.0000,3248.2000,3248.4000,3248.6000,3248.8000,1,1,1,1,1,1,2,1,1,4
SF,IH2012,2020-09-14 09:33:11.600,3247.0000,24997,-1,352483140.000,2,0,2,多平,S,3246.8000,3246.2000,3245.2000,3245.0000,3244.8000,3247.8000,3248.0000,3248.2000,3248.6000,3248.8000,1,1,1,7,1,1,2,2,1,4
SF,IH2012,2020-09-14 09:33:12.100,3246.8000,24997,0,353457180.000,1,0,1,多换,S,3246.2000,3245.2000,3245.0000,3244.8000,3244.6000,3247.6000,3247.8000,3248.0000,3248.2000,3248.6000,1,1,7,1,1,1,2,2,1,1
SF,IH2012,2020-09-14 09:33:12.600,3246.8000,24997,0,353457180.000,0,-,-,-,-,3246.2000,3245.2000,3245.0000,3244.8000,3244.6000,3247.6000,3247.8000,3248.0000,3248.2000,3248.6000,1,1,7,1,1,3,2,1,1,1
SF,IH2012,2020-09-14 09:33:13.100,3246.8000,24997,0,353457180.000,0,-,-,-,-,3246.2000,3245.2000,3245.0000,3244.8000,3244.6000,3247.6000,3247.8000,3248.0000,3248.2000,3248.6000,1,1,7,1,1,3,2,1,1,1
SF,IH2012,2020-09-14 09:33:13.600,3246.8000,24997,0,353457180.000,0,-,-,-,-,3246.2000,3245.2000,3245.0000,3244.8000,3244.6000,3247.4000,3247.6000,3247.8000,3248.0000,3248.2000,1,1,7,1,1,1,3,2,1,1
SF,IH2012,2020-09-14 09:33:14.100,3246.8000,24997,0,353457180.000,0,-,-,-,-,3246.2000,3245.2000,3245.0000,3244.8000,3244.6000,3247.2000,3247.4000,3247.6000,3247.8000,3248.0000,1,1,7,1,1,1,2,2,1,1
SF,IH2012,2020-09-14 09:33:14.600,3247.2000,24996,-1,354431340.000,1,0,1,双平,S,3246.2000,3245.2000,3245.0000,3244.8000,3244.6000,3247.4000,3247.6000,3248.0000,3248.6000,3248.8000,1,1,7,1,1,2,1,1,1,4
SF,IH2012,2020-09-14 09:33:15.100,3247.2000,24996,0,354431340.000,0,-,-,-,-,3246.4000,3246.2000,3245.2000,3245.0000,3244.8000,3247.4000,3247.6000,3248.0000,3248.6000,3248.8000,1,1,1,7,1,2,1,1,1,4
SF,IH2012,2020-09-14 09:33:16.100,3247.2000,24996,0,354431340.000,0,-,-,-,-,3246.4000,3246.2000,3245.2000,3245.0000,3244.8000,3247.2000,3247.4000,3247.6000,3248.0000,3248.6000,1,1,1,7,1,1,2,1,1,1
SF,IH2012,2020-09-14 09:33:16.600,3247.2000,24996,0,354431340.000,0,-,-,-,-,3246.4000,3246.2000,3245.2000,3245.0000,3244.8000,3247.2000,3247.4000,3247.6000,3248.0000,3248.6000,1,1,1,7,1,1,2,1,1,1
SF,IH2012,2020-09-14 09:33:17.100,3246.4000,24995,-1,355405260.000,1,0,1,双平,S,3246.2000,3245.2000,3245.0000,3244.8000,3244.6000,3247.4000,3247.6000,3248.0000,3248.6000,3248.8000,1,1,7,1,1,2,1,1,1,4
SF,IH2012,2020-09-14 09:33:17.600,3246.4000,24995,0,355405260.000,0,-,-,-,-,3246.2000,3245.2000,3245.0000,3244.8000,3244.6000,3247.0000,3247.4000,3247.6000,3248.0000,3248.6000,1,1,7,1,1,1,1,1,1,1
SF,IH2012,2020-09-14 09:33:18.100,3246.4000,24995,0,355405260.000,0,-,-,-,-,3246.2000,3245.2000,3245.0000,3244.8000,3244.6000,3247.0000,3247.4000,3247.6000,3248.0000,3248.6000,1,1,7,1,1,1,1,1,1,1
SF,IH2012,2020-09-14 09:33:19.600,3246.4000,24995,0,355405260.000,0,-,-,-,-,3246.2000,3245.2000,3245.0000,3244.8000,3244.6000,3247.0000,3247.4000,3247.6000,3248.0000,3248.6000,1,1,7,1,1,1,1,1,1,1
SF,IH2012,2020-09-14 09:33:20.100,3246.4000,24995,0,355405260.000,0,-,-,-,-,3246.2000,3245.2000,3245.0000,3244.8000,3244.6000,3247.0000,3247.4000,3248.0000,3248.6000,3248.8000,1,1,7,1,1,2,1,1,1,4
SF,IH2012,2020-09-14 09:33:20.600,3246.2000,24994,-1,356379120.000,1,0,1,双平,S,3245.2000,3245.0000,3244.8000,3244.6000,3244.2000,3246.2000,3247.0000,3247.4000,3248.0000,3248.6000,1,7,1,1,1,2,2,1,1,1
SF,IH2012,2020-09-14 09:33:21.100,3246.2000,24994,0,356379120.000,0,-,-,-,-,3245.4000,3245.2000,3245.0000,3244.8000,3244.6000,3246.2000,3246.4000,3247.0000,3247.4000,3248.0000,3,2,7,1,1,2,1,2,1,1
SF,IH2012,2020-09-14 09:33:21.600,3246.2000,24994,0,356379120.000,0,-,-,-,-,3245.4000,3245.2000,3245.0000,3244.8000,3244.6000,3246.2000,3246.4000,3247.0000,3247.4000,3248.0000,1,1,7,1,1,2,1,2,1,1
SF,IH2012,2020-09-14 09:33:22.100,3246.2000,24994,0,356379120.000,0,-,-,-,-,3245.2000,3245.0000,3244.8000,3244.6000,3244.2000,3246.2000,3246.4000,3247.0000,3247.4000,3248.0000,1,7,1,1,1,2,1,2,1,1
SF,IH2012,2020-09-14 09:33:23.100,3246.2000,24994,0,356379120.000,0,-,-,-,-,3245.2000,3245.0000,3244.8000,3244.6000,3244.2000,3246.0000,3246.2000,3246.4000,3247.0000,3247.4000,1,7,1,1,1,1,2,1,1,1
SF,IH2012,2020-09-14 09:33:24.600,3245.0000,24994,0,357352620.000,1,0,1,多换,S,3245.0000,3244.8000,3244.6000,3244.2000,3244.0000,3246.0000,3246.2000,3246.4000,3247.0000,3247.4000,6,1,1,1,1,1,2,1,1,1
SF,IH2012,2020-09-14 09:33:25.100,3245.0000,24993,-1,359299620.000,2,0,2,多平,S,3245.0000,3244.8000,3244.6000,3244.2000,3244.0000,3245.8000,3246.0000,3246.2000,3246.4000,3247.0000,4,2,1,1,1,4,2,2,1,1
SF,IH2012,2020-09-14 09:33:25.600,3245.0000,24993,0,363193620.000,4,2,2,多换,S,3244.8000,3244.6000,3244.2000,3244.0000,3243.4000,3245.0000,3245.6000,3245.8000,3246.0000,3246.2000,2,1,1,1,1,1,1,6,2,2
SF,IH2012,2020-09-14 09:33:26.100,3244.8000,24993,0,366113940.000,3,1,2,多换,S,3244.6000,3244.2000,3244.0000,3243.4000,3243.2000,3244.8000,3245.2000,3245.6000,3245.8000,3246.0000,1,1,1,1,1,1,1,1,4,2
SF,IH2012,2020-09-14 09:33:26.600,3245.0000,24990,-3,369034440.000,3,0,3,双平,S,3244.8000,3244.6000,3244.2000,3244.0000,3243.4000,3245.6000,3245.8000,3246.0000,3246.2000,3246.4000,1,1,1,1,1,1,1,1,2,1
SF,IH2012,2020-09-14 09:33:27.100,3245.0000,24990,0,369034440.000,0,-,-,-,-,3245.6000,3245.2000,3245.0000,3244.8000,3244.6000,3245.8000,3246.0000,3246.2000,3246.4000,3246.6000,1,1,1,1,1,1,1,2,1,1
SF,IH2012,2020-09-14 09:33:27.600,3245.8000,24990,0,370008180.000,1,0,1,多换,S,3245.2000,3245.0000,3244.6000,3244.2000,3244.0000,3246.0000,3246.2000,3246.4000,3246.6000,3248.0000,1,1,1,1,1,1,1,1,1,1
SF,IH2012,2020-09-14 09:33:28.100,3245.6000,24990,0,370981860.000,1,0,1,多换,S,3246.0000,3245.6000,3245.4000,3245.2000,3244.6000,3246.2000,3246.4000,3246.6000,3248.0000,3248.6000,1,2,1,1,1,1,1,1,1,1
SF,IH2012,2020-09-14 09:33:28.600,3246.2000,24989,-1,372929460.000,2,0,2,多平,S,3245.4000,3245.2000,3244.6000,3244.2000,3244.0000,3246.4000,3246.6000,3248.0000,3248.6000,3248.8000,1,1,1,1,1,1,1,1,1,4
SF,IH2012,2020-09-14 09:33:29.100,3246.2000,24989,0,372929460.000,0,-,-,-,-,3245.4000,3245.2000,3244.6000,3244.2000,3243.4000,3246.4000,3246.6000,3248.0000,3248.6000,3248.8000,1,1,1,1,1,2,1,1,1,4
SF,IH2012,2020-09-14 09:33:29.600,3246.2000,24989,0,372929460.000,0,-,-,-,-,3245.2000,3245.0000,3244.6000,3244.2000,3243.4000,3246.4000,3246.6000,3248.0000,3248.6000,3248.8000,1,1,1,1,1,2,1,1,1,4
SF,IH2012,2020-09-14 09:33:30.100,3246.2000,24989,0,372929460.000,0,-,-,-,-,3245.4000,3245.2000,3245.0000,3244.6000,3244.2000,3246.4000,3246.6000,3248.0000,3248.6000,3248.8000,1,1,1,1,1,2,1,1,1,4
SF,IH2012,2020-09-14 09:33:30.600,3246.2000,24989,0,372929460.000,0,-,-,-,-,3245.2000,3245.0000,3244.6000,3244.2000,3243.4000,3246.2000,3246.4000,3246.6000,3248.0000,3248.6000,1,1,1,1,1,2,2,1,1,1
SF,IH2012,2020-09-14 09:33:31.100,3246.2000,24987,-2,374877180.000,2,0,2,双平,S,3245.4000,3245.2000,3245.0000,3244.6000,3244.2000,3246.4000,3246.6000,3248.0000,3248.6000,3248.8000,2,1,1,1,1,2,1,1,1,4
SF,IH2012,2020-09-14 09:33:31.600,3246.4000,24987,0,375851100.000,1,0,1,多换,S,3245.6000,3245.4000,3245.2000,3245.0000,3244.6000,3246.6000,3248.0000,3248.6000,3248.8000,3249.0000,2,3,1,1,1,1,1,1,4,5
SF,IH2012,2020-09-14 09:33:32.100,3246.4000,24987,0,375851100.000,0,-,-,-,-,3245.6000,3245.2000,3245.0000,3244.6000,3244.2000,3246.6000,3248.0000,3248.6000,3248.8000,3249.0000,2,1,1,1,1,1,1,1,4,5
SF,IH2012,2020-09-14 09:33:32.600,3246.4000,24987,0,375851100.000,0,-,-,-,-,3245.6000,3245.2000,3245.0000,3244.6000,3244.2000,3246.6000,3248.0000,3248.6000,3248.8000,3249.0000,1,1,1,1,1,2,1,1,4,5
SF,IH2012,2020-09-14 09:33:33.100,3246.4000,24987,0,375851100.000,0,-,-,-,-,3245.2000,3245.0000,3244.2000,3243.4000,3241.8000,3245.6000,3246.6000,3248.0000,3248.6000,3248.8000,1,1,1,1,1,1,2,1,1,4
SF,IH2012,2020-09-14 09:33:33.600,3246.4000,24987,0,375851100.000,0,-,-,-,-,3245.0000,3244.2000,3243.4000,3241.8000,3241.0000,3245.6000,3246.6000,3248.0000,3248.6000,3248.8000,1,1,1,1,1,1,2,1,1,4
SF,IH2012,2020-09-14 09:33:34.100,3246.4000,24987,0,375851100.000,0,-,-,-,-,3245.0000,3244.2000,3243.4000,3243.2000,3241.8000,3245.6000,3246.6000,3246.8000,3248.0000,3248.6000,1,1,1,1,1,1,2,1,1,1
SF,IH2012,2020-09-14 09:33:34.600,3245.0000,24986,-1,376824600.000,1,0,1,双平,S,3244.2000,3243.4000,3243.2000,3241.8000,3241.0000,3245.4000,3245.6000,3246.6000,3246.8000,3248.0000,1,1,1,1,1,1,2,2,1,1
SF,IH2012,2020-09-14 09:33:35.100,3245.0000,24986,0,376824600.000,0,-,-,-,-,3244.2000,3243.4000,3243.2000,3241.8000,3241.0000,3245.4000,3245.6000,3246.6000,3246.8000,3248.0000,1,1,1,1,1,2,2,1,1,1
SF,IH2012,2020-09-14 09:33:35.600,3245.0000,24986,0,376824600.000,0,-,-,-,-,3244.2000,3243.4000,3243.2000,3241.8000,3241.0000,3245.2000,3245.4000,3245.6000,3246.6000,3246.8000,1,1,1,1,1,1,2,2,1,1
SF,IH2012,2020-09-14 09:33:36.100,3245.0000,24986,0,376824600.000,0,-,-,-,-,3244.2000,3243.4000,3243.2000,3241.8000,3241.0000,3245.4000,3245.6000,3246.6000,3246.8000,3248.0000,1,1,1,1,1,2,2,1,1,1
SF,IH2012,2020-09-14 09:33:36.600,3245.0000,24986,0,376824600.000,0,-,-,-,-,3244.4000,3244.2000,3243.4000,3243.2000,3241.8000,3245.4000,3245.6000,3246.6000,3246.8000,3248.0000,2,1,1,1,1,2,2,1,1,2
SF,IH2012,2020-09-14 09:33:37.100,3245.0000,24986,0,376824600.000,0,-,-,-,-,3244.4000,3244.2000,3243.4000,3243.2000,3241.8000,3245.4000,3245.6000,3246.6000,3246.8000,3248.0000,2,1,1,1,1,1,2,1,1,2
SF,IH2012,2020-09-14 09:33:37.600,3245.0000,24986,0,376824600.000,0,-,-,-,-,3245.2000,3244.2000,3243.4000,3243.2000,3241.8000,3245.4000,3245.6000,3246.6000,3246.8000,3248.0000,1,1,1,1,1,1,2,1,1,2
SF,IH2012,2020-09-14 09:33:38.100,3245.2000,24986,0,377798160.000,1,0,1,多换,S,3244.2000,3243.4000,3243.2000,3241.8000,3241.0000,3245.2000,3245.4000,3245.6000,3246.6000,3246.8000,1,1,1,1,1,1,1,1,1,1
SF,IH2012,2020-09-14 09:33:38.600,3244.4000,24986,0,379744800.000,2,1,1,多换,S,3244.2000,3243.4000,3243.2000,3241.8000,3241.0000,3245.2000,3245.4000,3245.6000,3246.6000,3246.8000,1,1,1,1,1,1,1,1,1,1
SF,IH2012,2020-09-14 09:33:39.100,3244.4000,24986,0,379744800.000,0,-,-,-,-,3244.2000,3243.4000,3243.2000,3241.8000,3241.0000,3245.2000,3245.4000,3245.6000,3246.6000,3246.8000,1,1,1,1,1,2,1,1,1,1
SF,IH2012,2020-09-14 09:33:39.600,3244.4000,24986,0,380718120.000,1,0,1,多换,S,3243.4000,3243.2000,3241.8000,3241.0000,3240.4000,3245.2000,3245.4000,3245.6000,3246.6000,3246.8000,1,1,1,1,1,2,1,1,1,1
SF,IH2012,2020-09-14 09:33:40.100,3243.6000,24985,-1,381691200.000,1,0,1,双平,S,3243.6000,3243.4000,3243.2000,3241.8000,3241.0000,3245.0000,3245.2000,3245.4000,3245.6000,3246.6000,2,1,1,1,1,3,2,1,1,1
SF,IH2012,2020-09-14 09:33:40.600,3245.0000,24981,-4,386558640.000,5,0,5,多平,S,3245.0000,3243.4000,3243.2000,3241.8000,3241.0000,3245.2000,3245.4000,3245.8000,3246.6000,3246.8000,5,1,1,1,1,2,1,1,1,1
SF,IH2012,2020-09-14 09:33:41.100,3245.0000,24976,-5,391426140.000,5,0,5,双平,S,3243.4000,3243.2000,3241.8000,3241.0000,3240.4000,3245.0000,3245.2000,3245.4000,3245.8000,3246.6000,1,1,1,1,1,4,1,1,1,1
SF,IH2012,2020-09-14 09:33:41.600,3245.0000,24976,0,391426140.000,0,-,-,-,-,3243.4000,3243.2000,3241.8000,3241.0000,3240.4000,3244.8000,3245.0000,3245.4000,3245.8000,3246.6000,1,1,1,1,1,1,2,1,1,1
SF,IH2012,2020-09-14 09:33:42.100,3245.0000,24976,0,391426140.000,0,-,-,-,-,3243.6000,3243.4000,3243.2000,3241.8000,3241.0000,3244.8000,3245.0000,3245.4000,3245.8000,3246.6000,2,1,1,1,1,1,2,1,1,1
SF,IH2012,2020-09-14 09:33:42.600,3245.0000,24976,0,391426140.000,0,-,-,-,-,3243.8000,3243.6000,3243.4000,3243.2000,3241.8000,3245.4000,3245.8000,3246.6000,3246.8000,3247.0000,2,4,1,1,1,1,1,1,1,1
SF,IH2012,2020-09-14 09:33:43.100,3245.0000,24976,0,391426140.000,0,-,-,-,-,3244.0000,3243.8000,3243.4000,3243.2000,3241.8000,3245.4000,3245.8000,3246.6000,3246.8000,3247.0000,1,3,1,1,1,1,1,1,1,1
SF,IH2012,2020-09-14 09:33:43.600,3245.0000,24976,0,391426140.000,0,-,-,-,-,3244.0000,3243.8000,3243.4000,3243.2000,3241.8000,3245.2000,3245.4000,3245.8000,3246.6000,3246.8000,3,1,1,1,1,1,1,1,1,1
SF,IH2012,2020-09-14 09:33:44.100,3245.0000,24976,0,391426140.000,0,-,-,-,-,3244.0000,3243.8000,3243.4000,3243.2000,3241.8000,3245.2000,3245.4000,3245.8000,3246.6000,3246.8000,1,1,1,1,1,1,1,1,1,1
SF,IH2012,2020-09-14 09:33:44.600,3245.0000,24976,0,391426140.000,0,-,-,-,-,3244.0000,3243.8000,3243.4000,3243.2000,3241.8000,3244.8000,3245.2000,3245.4000,3245.8000,3246.6000,1,1,1,1,1,1,1,1,1,1
SF,IH2012,2020-09-14 09:33:45.100,3245.0000,24976,0,391426140.000,0,-,-,-,-,3243.4000,3243.2000,3241.8000,3241.0000,3240.4000,3244.8000,3245.2000,3245.4000,3245.8000,3246.6000,1,1,1,1,1,1,1,1,1,1
SF,IH2012,2020-09-14 09:33:45.600,3245.0000,24976,0,391426140.000,0,-,-,-,-,3243.4000,3243.2000,3241.8000,3241.0000,3240.4000,3244.6000,3244.8000,3245.4000,3245.8000,3246.6000,1,1,1,1,1,2,2,1,1,1
SF,IH2012,2020-09-14 09:33:47.100,3245.0000,24976,0,391426140.000,0,-,-,-,-,3243.6000,3243.4000,3243.2000,3241.8000,3241.0000,3244.6000,3244.8000,3245.4000,3245.8000,3246.6000,2,1,1,1,1,2,2,1,1,1
SF,IH2012,2020-09-14 09:33:47.600,3245.0000,24976,0,391426140.000,0,-,-,-,-,3243.6000,3243.4000,3243.2000,3241.8000,3241.0000,3244.8000,3245.4000,3245.8000,3246.6000,3246.8000,2,1,1,1,1,1,1,1,1,1
SF,IH2012,2020-09-14 09:33:48.100,3245.0000,24976,0,391426140.000,0,-,-,-,-,3243.6000,3243.4000,3243.2000,3241.8000,3241.0000,3244.8000,3245.4000,3245.8000,3246.6000,3246.8000,1,1,1,1,1,1,1,1,1,1
SF,IH2012,2020-09-14 09:33:48.600,3245.0000,24976,0,391426140.000,0,-,-,-,-,3243.8000,3243.6000,3243.4000,3243.2000,3241.8000,3244.8000,3245.4000,3245.8000,3246.6000,3246.8000,1,1,1,1,1,1,1,1,1,1
SF,IH2012,2020-09-14 09:33:49.100,3245.0000,24976,0,391426140.000,0,-,-,-,-,3243.8000,3243.6000,3243.4000,3243.2000,3241.8000,3244.8000,3245.4000,3245.8000,3246.6000,3246.8000,2,1,1,1,1,1,1,1,1,1
SF,IH2012,2020-09-14 09:33:50.100,3243.8000,24975,-1,392399280.000,1,0,1,双平,S,3243.8000,3243.6000,3243.4000,3243.2000,3241.8000,3244.8000,3245.4000,3245.8000,3246.6000,3246.8000,1,1,1,1,1,1,1,1,1,1
SF,IH2012,2020-09-14 09:33:50.600,3243.8000,24975,0,392399280.000,0,-,-,-,-,3243.6000,3243.4000,3243.2000,3241.8000,3241.0000,3244.6000,3244.8000,3245.4000,3245.8000,3246.6000,1,1,1,1,1,1,2,1,1,1
SF,IH2012,2020-09-14 09:33:51.100,3243.8000,24975,0,392399280.000,0,-,-,-,-,3243.6000,3243.4000,3243.2000,3243.0000,3241.8000,3244.6000,3244.8000,3245.4000,3245.8000,3246.6000,1,1,1,1,1,1,2,1,1,1
SF,IH2012,2020-09-14 09:33:51.600,3243.6000,24975,0,393372360.000,1,0,1,多换,S,3243.4000,3243.2000,3243.0000,3241.8000,3241.0000,3244.6000,3244.8000,3245.4000,3245.8000,3246.6000,1,1,1,1,1,1,2,1,1,1
SF,IH2012,2020-09-14 09:33:52.100,3243.6000,24975,0,393372360.000,0,-,-,-,-,3243.4000,3243.2000,3243.0000,3241.8000,3241.0000,3244.6000,3244.8000,3245.4000,3245.8000,3246.6000,1,1,1,1,1,2,2,1,1,1
SF,IH2012,2020-09-14 09:33:52.600,3243.6000,24975,0,393372360.000,0,-,-,-,-,3243.4000,3243.2000,3243.0000,3241.8000,3241.0000,3244.6000,3244.8000,3245.4000,3245.8000,3246.6000,2,1,1,1,1,2,2,1,1,1
SF,IH2012,2020-09-14 09:33:53.600,3243.4000,24975,0,394345380.000,1,0,1,多换,S,3243.4000,3243.2000,3243.0000,3241.8000,3241.0000,3244.6000,3244.8000,3245.4000,3245.8000,3246.6000,1,1,1,1,1,2,2,1,1,1
SF,IH2012,2020-09-14 09:33:54.600,3243.4000,24975,0,394345380.000,0,-,-,-,-,3243.6000,3243.4000,3243.2000,3243.0000,3241.8000,3244.6000,3244.8000,3245.4000,3245.8000,3246.6000,1,1,1,1,1,2,2,1,1,1
SF,IH2012,2020-09-14 09:33:55.100,3243.4000,24975,0,394345380.000,0,-,-,-,-,3243.6000,3243.4000,3243.2000,3243.0000,3241.8000,3244.6000,3244.8000,3245.4000,3245.8000,3246.6000,1,1,1,1,1,1,2,2,1,1
SF,IH2012,2020-09-14 09:33:55.600,3243.6000,24974,-1,397264860.000,3,1,2,多平,S,3243.4000,3243.2000,3243.0000,3242.0000,3241.8000,3244.8000,3245.4000,3245.8000,3246.0000,3246.6000,1,1,1,1,1,2,2,1,1,1
SF,IH2012,2020-09-14 09:33:56.100,3243.6000,24974,0,397264860.000,0,-,-,-,-,3243.4000,3243.2000,3243.0000,3242.0000,3241.8000,3244.6000,3244.8000,3245.4000,3245.8000,3246.0000,1,1,1,1,1,1,2,2,1,1
SF,IH2012,2020-09-14 09:33:56.600,3243.6000,24974,0,397264860.000,0,-,-,-,-,3243.4000,3243.2000,3243.0000,3242.0000,3241.8000,3244.6000,3244.8000,3245.0000,3245.4000,3245.8000,1,1,1,1,1,1,2,1,2,1
SF,IH2012,2020-09-14 09:33:57.100,3243.6000,24974,0,397264860.000,0,-,-,-,-,3243.4000,3243.2000,3243.0000,3242.0000,3241.8000,3244.6000,3244.8000,3245.0000,3245.4000,3245.8000,1,1,1,1,1,2,2,1,2,1
SF,IH2012,2020-09-14 09:33:57.600,3243.6000,24974,0,397264860.000,0,-,-,-,-,3243.4000,3243.2000,3243.0000,3242.0000,3241.8000,3244.6000,3244.8000,3245.0000,3245.4000,3246.0000,1,1,1,1,1,2,2,1,2,1
SF,IH2012,2020-09-14 09:33:58.100,3243.6000,24974,0,397264860.000,0,-,-,-,-,3243.2000,3243.0000,3242.0000,3241.8000,3241.0000,3244.6000,3244.8000,3245.0000,3245.4000,3246.0000,1,1,1,1,1,2,2,1,2,1
SF,IH2012,2020-09-14 09:33:58.600,3243.6000,24974,0,397264860.000,0,-,-,-,-,3243.2000,3243.0000,3242.0000,3241.8000,3241.0000,3244.6000,3244.8000,3245.0000,3245.4000,3246.0000,1,2,1,1,1,2,2,1,2,1
SF,IH2012,2020-09-14 09:33:59.100,3243.6000,24974,0,397264860.000,0,-,-,-,-,3243.2000,3243.0000,3242.0000,3241.0000,3240.4000,3243.4000,3244.2000,3244.6000,3244.8000,3245.0000,2,2,1,1,1,1,2,2,2,1
SF,IH2012,2020-09-14 09:33:59.600,3243.2000,24974,0,398237820.000,1,0,1,多换,S,3243.0000,3242.0000,3241.0000,3240.4000,3240.2000,3243.4000,3244.2000,3244.6000,3244.8000,3245.0000,2,1,1,1,1,1,1,2,2,1
SF,IH2012,2020-09-14 09:34:00.100,3243.4000,24973,-1,399210840.000,1,0,1,双平,S,3243.0000,3242.0000,3241.0000,3240.4000,3240.2000,3244.2000,3244.6000,3244.8000,3245.0000,3245.4000,2,1,1,1,1,1,2,2,1,2
SF,IH2012,2020-09-14 09:34:00.600,3243.0000,24972,-1,400183740.000,1,0,1,双平,S,3243.0000,3242.0000,3241.0000,3240.4000,3240.2000,3244.0000,3244.2000,3244.6000,3244.8000,3245.0000,1,1,1,1,1,2,2,1,1,1
SF,IH2012,2020-09-14 09:34:01.100,3243.0000,24972,0,400183740.000,0,-,-,-,-,3243.0000,3242.0000,3241.0000,3240.4000,3240.2000,3244.0000,3244.2000,3244.8000,3245.0000,3245.4000,1,1,1,1,1,3,2,1,1,2
SF,IH2012,2020-09-14 09:34:01.600,3243.0000,24971,-1,401156640.000,1,0,1,双平,S,3242.6000,3242.0000,3241.0000,3240.4000,3240.2000,3244.0000,3244.2000,3244.8000,3245.0000,3245.4000,1,1,1,1,1,3,2,1,1,2
SF,IH2012,2020-09-14 09:34:02.100,3243.0000,24971,0,401156640.000,0,-,-,-,-,3242.8000,3242.6000,3242.0000,3241.0000,3240.4000,3244.0000,3244.2000,3244.8000,3245.0000,3245.4000,2,2,1,1,1,1,1,1,1,2
SF,IH2012,2020-09-14 09:34:02.600,3244.0000,24970,-1,402129840.000,1,0,1,双平,S,3243.0000,3242.8000,3242.6000,3242.0000,3241.0000,3244.8000,3245.0000,3245.4000,3246.0000,3246.6000,1,3,1,1,1,1,1,2,1,1
SF,IH2012,2020-09-14 09:34:03.100,3244.0000,24970,0,402129840.000,0,-,-,-,-,3243.2000,3243.0000,3242.6000,3242.0000,3241.0000,3244.6000,3244.8000,3245.0000,3245.4000,3246.0000,6,2,1,1,1,1,1,1,2,1
SF,IH2012,2020-09-14 09:34:03.600,3244.0000,24970,0,402129840.000,0,-,-,-,-,3243.4000,3243.2000,3243.0000,3242.6000,3242.0000,3244.8000,3245.0000,3245.2000,3245.4000,3246.0000,2,5,1,1,1,1,1,1,2,1
SF,IH2012,2020-09-14 09:34:04.100,3245.0000,24968,-2,404076780.000,2,0,2,双平,S,3243.8000,3243.6000,3243.4000,3243.2000,3243.0000,3245.2000,3245.4000,3246.0000,3246.6000,3246.8000,2,3,1,1,1,1,2,1,1,1
SF,IH2012,2020-09-14 09:34:04.600,3245.2000,24967,-1,405050340.000,1,0,1,双平,S,3244.0000,3243.8000,3243.2000,3243.0000,3242.8000,3245.4000,3246.0000,3246.6000,3246.8000,3247.0000,3,3,1,1,1,2,1,1,1,1
SF,IH2012,2020-09-14 09:34:05.100,3245.2000,24967,0,405050340.000,0,-,-,-,-,3244.2000,3244.0000,3243.2000,3243.0000,3242.8000,3245.4000,3246.0000,3246.6000,3246.8000,3247.0000,4,4,1,1,1,2,1,1,1,1
SF,IH2012,2020-09-14 09:34:05.600,3244.4000,24966,-1,406023660.000,1,0,1,双平,S,3244.4000,3244.2000,3243.2000,3243.0000,3242.8000,3245.0000,3245.4000,3246.0000,3246.6000,3246.8000,3,4,1,1,1,1,2,1,1,1
SF,IH2012,2020-09-14 09:34:06.100,3245.0000,24966,0,406997160.000,1,0,1,多换,S,3244.4000,3244.2000,3243.2000,3243.0000,3242.8000,3245.4000,3246.0000,3246.6000,3246.8000,3247.0000,4,2,1,1,1,2,1,1,1,1
SF,IH2012,2020-09-14 09:34:06.600,3245.4000,24964,-2,408944400.000,2,0,2,双平,S,3244.4000,3244.2000,3243.2000,3243.0000,3242.8000,3246.0000,3246.6000,3246.8000,3247.0000,3248.0000,2,2,1,1,1,1,1,1,1,4
SF,IH2012,2020-09-14 09:34:07.100,3245.4000,24964,0,408944400.000,0,-,-,-,-,3244.6000,3244.4000,3244.2000,3243.2000,3243.0000,3246.0000,3246.6000,3246.8000,3247.0000,3248.0000,1,2,2,1,1,2,1,1,1,4
SF,IH2012,2020-09-14 09:34:07.600,3245.4000,24964,0,408944400.000,0,-,-,-,-,3244.8000,3244.6000,3244.4000,3244.2000,3243.2000,3246.0000,3246.6000,3246.8000,3247.0000,3248.0000,1,1,1,2,1,2,1,1,1,4
SF,IH2012,2020-09-14 09:34:08.600,3245.4000,24964,0,408944400.000,0,-,-,-,-,3244.8000,3244.4000,3244.2000,3243.2000,3242.8000,3246.0000,3246.6000,3246.8000,3247.0000,3248.0000,1,1,2,1,1,2,1,1,1,4
SF,IH2012,2020-09-14 09:34:09.100,3245.4000,24964,0,408944400.000,0,-,-,-,-,3244.8000,3244.4000,3244.2000,3244.0000,3243.2000,3246.0000,3246.6000,3246.8000,3247.0000,3248.0000,1,1,2,1,1,2,1,1,1,4
SF,IH2012,2020-09-14 09:34:09.600,3245.4000,24964,0,408944400.000,0,-,-,-,-,3244.8000,3244.4000,3244.2000,3244.0000,3243.2000,3246.0000,3246.6000,3246.8000,3247.0000,3248.0000,1,1,2,1,1,2,1,1,1,4
SF,IH2012,2020-09-14 09:34:10.600,3245.4000,24964,0,408944400.000,0,-,-,-,-,3245.0000,3244.8000,3244.4000,3244.2000,3244.0000,3246.0000,3246.6000,3246.8000,3247.0000,3248.0000,2,1,1,2,1,2,1,1,1,4
SF,IH2012,2020-09-14 09:34:11.100,3246.0000,24962,-2,411865500.000,3,0,3,多平,S,3246.0000,3244.8000,3244.4000,3244.2000,3244.0000,3246.6000,3246.8000,3247.0000,3248.0000,3248.8000,1,1,1,2,1,1,1,1,4,4
SF,IH2012,2020-09-14 09:34:11.600,3246.0000,24961,-1,412839300.000,1,0,1,双平,S,3244.4000,3244.0000,3243.2000,3242.8000,3242.6000,3245.8000,3246.0000,3246.4000,3246.6000,3246.8000,1,1,1,1,1,1,2,1,2,1
SF,IH2012,2020-09-14 09:34:12.100,3246.0000,24961,0,412839300.000,0,-,-,-,-,3244.6000,3244.4000,3244.0000,3243.2000,3242.8000,3245.0000,3246.0000,3246.6000,3246.8000,3247.0000,3,1,1,1,1,1,1,2,1,1
SF,IH2012,2020-09-14 09:34:12.600,3245.0000,24960,-1,413812800.000,1,0,1,双平,S,3245.0000,3244.6000,3244.4000,3244.0000,3243.2000,3246.0000,3246.6000,3246.8000,3247.0000,3248.0000,1,1,1,1,1,1,2,1,1,4
SF,IH2012,2020-09-14 09:34:13.100,3245.0000,24960,0,413812800.000,0,-,-,-,-,3246.0000,3244.6000,3244.4000,3244.0000,3243.2000,3246.6000,3246.8000,3247.0000,3248.0000,3248.8000,2,1,1,1,1,3,1,1,4,4
SF,IH2012,2020-09-14 09:34:13.600,3246.0000,24958,-2,415760400.000,2,0,2,双平,S,3244.4000,3244.0000,3243.2000,3242.8000,3242.6000,3246.6000,3246.8000,3247.0000,3248.0000,3248.8000,1,1,1,1,1,3,1,1,4,4
SF,IH2012,2020-09-14 09:34:14.100,3246.0000,24958,0,415760400.000,0,-,-,-,-,3244.6000,3244.4000,3244.0000,3242.8000,3242.6000,3246.4000,3246.6000,3246.8000,3247.0000,3248.0000,5,1,1,1,1,1,3,1,1,4
SF,IH2012,2020-09-14 09:34:14.600,3246.0000,24958,0,415760400.000,0,-,-,-,-,3244.6000,3244.4000,3244.2000,3244.0000,3242.8000,3246.4000,3246.6000,3246.8000,3247.0000,3248.0000,5,1,1,1,1,2,3,1,1,4
SF,IH2012,2020-09-14 09:34:15.100,3246.0000,24958,0,415760400.000,0,-,-,-,-,3244.6000,3244.4000,3244.0000,3242.8000,3242.6000,3246.4000,3246.6000,3246.8000,3247.0000,3248.0000,5,1,1,1,1,2,3,1,1,4
SF,IH2012,2020-09-14 09:34:15.600,3246.4000,24957,-1,417708240.000,2,0,2,多平,S,3244.6000,3244.4000,3244.0000,3243.8000,3242.6000,3246.2000,3246.6000,3246.8000,3247.0000,3248.0000,5,1,1,1,1,1,3,1,1,4
SF,IH2012,2020-09-14 09:34:16.100,3246.4000,24957,0,417708240.000,0,-,-,-,-,3244.6000,3244.4000,3244.0000,3243.8000,3242.6000,3246.2000,3246.6000,3246.8000,3247.0000,3248.0000,5,1,1,1,1,1,3,1,1,4
SF,IH2012,2020-09-14 09:34:16.600,3246.4000,24957,0,417708240.000,0,-,-,-,-,3244.6000,3244.4000,3244.0000,3243.8000,3242.6000,3246.0000,3246.2000,3246.6000,3246.8000,3247.0000,5,1,1,1,1,1,1,3,1,1
SF,IH2012,2020-09-14 09:34:17.600,3246.4000,24957,0,420630000.000,3,1,2,多换,S,3246.4000,3244.6000,3244.4000,3244.0000,3243.8000,3246.6000,3246.8000,3247.0000,3248.0000,3248.8000,2,5,1,1,1,3,1,1,5,4
SF,IH2012,2020-09-14 09:34:18.100,3246.4000,24957,0,422577840.000,2,1,1,多换,S,3244.8000,3244.6000,3244.0000,3243.8000,3242.6000,3246.4000,3246.6000,3246.8000,3247.0000,3248.0000,1,3,2,1,1,2,3,1,1,5
SF,IH2012,2020-09-14 09:34:18.600,3246.4000,24957,0,422577840.000,0,-,-,-,-,3245.0000,3244.8000,3244.6000,3244.0000,3243.8000,3246.6000,3246.8000,3247.0000,3248.0000,3248.8000,2,1,2,2,1,3,1,1,5,4
SF,IH2012,2020-09-14 09:34:19.100,3246.4000,24957,0,422577840.000,0,-,-,-,-,3245.0000,3244.8000,3244.6000,3244.0000,3243.8000,3246.6000,3246.8000,3247.0000,3248.0000,3248.8000,3,1,1,2,1,3,1,1,5,4
SF,IH2012,2020-09-14 09:34:19.600,3246.4000,24957,0,422577840.000,0,-,-,-,-,3245.0000,3244.8000,3244.6000,3244.0000,3243.8000,3246.4000,3246.6000,3246.8000,3247.0000,3248.0000,3,1,1,2,1,1,3,1,1,5
SF,IH2012,2020-09-14 09:34:20.100,3246.4000,24957,0,422577840.000,0,-,-,-,-,3245.0000,3244.8000,3244.6000,3244.0000,3243.8000,3246.4000,3246.6000,3246.8000,3247.0000,3248.0000,4,1,1,2,1,1,3,1,1,5
SF,IH2012,2020-09-14 09:34:20.600,3246.4000,24957,0,422577840.000,0,-,-,-,-,3245.0000,3244.8000,3244.6000,3244.0000,3243.8000,3246.4000,3246.6000,3246.8000,3247.0000,3248.0000,4,1,1,2,1,2,2,1,1,5
SF,IH2012,2020-09-14 09:34:21.600,3245.0000,24955,-2,424524840.000,2,0,2,双平,S,3245.0000,3244.8000,3244.6000,3244.0000,3243.8000,3246.4000,3246.6000,3246.8000,3247.0000,3248.0000,2,1,1,2,1,2,2,1,1,5
SF,IH2012,2020-09-14 09:34:22.100,3245.0000,24955,0,424524840.000,0,-,-,-,-,3245.0000,3244.8000,3244.6000,3244.0000,3243.8000,3245.8000,3246.2000,3246.4000,3246.6000,3246.8000,1,1,1,2,1,1,1,2,2,1
SF,IH2012,2020-09-14 09:34:22.600,3245.0000,24955,0,424524840.000,0,-,-,-,-,3245.0000,3244.8000,3244.0000,3243.8000,3242.6000,3245.8000,3246.0000,3246.2000,3246.4000,3246.6000,1,1,2,1,1,1,1,1,2,2
SF,IH2012,2020-09-14 09:34:23.100,3245.0000,24955,0,424524840.000,0,-,-,-,-,3245.0000,3244.8000,3244.0000,3243.8000,3242.6000,3245.6000,3245.8000,3246.2000,3246.4000,3246.6000,1,1,2,1,1,3,1,1,2,2
SF,IH2012,2020-09-14 09:34:23.600,3245.6000,24953,-2,426472200.000,2,0,2,双平,S,3245.2000,3245.0000,3244.8000,3244.0000,3243.8000,3245.8000,3246.2000,3246.4000,3246.6000,3246.8000,2,1,1,2,1,2,1,2,2,1
SF,IH2012,2020-09-14 09:34:24.100,3245.6000,24953,0,426472200.000,0,-,-,-,-,3245.2000,3245.0000,3244.8000,3244.0000,3243.8000,3245.8000,3246.4000,3246.6000,3246.8000,3247.0000,2,1,1,2,1,1,2,2,1,1
SF,IH2012,2020-09-14 09:34:24.600,3245.6000,24953,0,426472200.000,0,-,-,-,-,3245.2000,3245.0000,3244.8000,3244.0000,3243.8000,3245.8000,3246.4000,3246.6000,3246.8000,3247.0000,2,1,1,2,1,1,1,2,1,1
SF,IH2012,2020-09-14 09:34:25.100,3245.2000,24952,-1,427445760.000,1,0,1,双平,S,3245.2000,3245.0000,3244.8000,3244.0000,3243.8000,3245.8000,3246.4000,3246.6000,3246.8000,3247.0000,1,1,1,2,1,1,1,2,1,1
SF,IH2012,2020-09-14 09:34:26.100,3245.8000,24952,0,428419500.000,1,0,1,多换,S,3245.2000,3245.0000,3244.8000,3244.0000,3242.6000,3246.4000,3246.6000,3246.8000,3247.0000,3248.0000,1,2,1,2,1,1,2,1,1,6
SF,IH2012,2020-09-14 09:34:26.600,3248.8000,24945,-7,443034480.000,15,4,11,多平,S,3245.4000,3245.2000,3245.0000,3244.8000,3244.0000,3249.0000,3249.2000,3249.8000,3250.0000,3250.8000,1,1,2,1,2,4,1,1,7,1
SF,IH2012,2020-09-14 09:34:27.100,3245.6000,24944,-1,444008160.000,1,0,1,双平,S,3245.6000,3245.4000,3245.2000,3245.0000,3244.8000,3247.0000,3247.2000,3248.6000,3248.8000,3249.0000,1,3,1,2,1,1,2,1,11,6
SF,IH2012,2020-09-14 09:34:27.600,3245.6000,24944,0,444008160.000,0,-,-,-,-,3245.6000,3245.4000,3245.2000,3245.0000,3244.8000,3246.8000,3247.2000,3248.6000,3248.8000,3249.0000,1,2,1,2,1,4,1,1,6,6
SF,IH2012,2020-09-14 09:34:28.100,3245.6000,24944,0,444008160.000,0,-,-,-,-,3245.4000,3245.0000,3244.8000,3244.0000,3242.6000,3246.8000,3247.0000,3247.2000,3248.6000,3248.8000,2,2,1,2,1,6,1,1,1,6
SF,IH2012,2020-09-14 09:34:28.600,3245.6000,24944,0,444008160.000,0,-,-,-,-,3245.6000,3245.0000,3244.8000,3244.0000,3242.6000,3246.8000,3247.0000,3247.2000,3248.4000,3248.6000,1,2,1,2,1,6,1,1,2,1
SF,IH2012,2020-09-14 09:34:29.100,3245.6000,24944,0,444008160.000,0,-,-,-,-,3245.6000,3245.0000,3244.8000,3244.0000,3242.6000,3246.8000,3247.0000,3247.2000,3248.4000,3248.6000,1,2,1,2,1,6,1,1,2,1
SF,IH2012,2020-09-14 09:34:29.600,3245.6000,24944,0,444008160.000,0,-,-,-,-,3245.0000,3244.8000,3244.0000,3242.6000,3241.0000,3246.8000,3247.0000,3247.2000,3248.4000,3248.6000,2,1,2,1,1,6,1,1,2,2
SF,IH2012,2020-09-14 09:34:30.100,3245.6000,24944,0,444008160.000,0,-,-,-,-,3245.2000,3245.0000,3244.8000,3244.0000,3242.6000,3246.8000,3247.0000,3247.2000,3248.4000,3248.6000,1,3,1,2,1,6,1,1,2,2
SF,IH2012,2020-09-14 09:34:30.600,3245.6000,24944,0,444008160.000,0,-,-,-,-,3245.2000,3245.0000,3244.8000,3244.0000,3242.6000,3246.8000,3247.0000,3247.2000,3248.4000,3248.6000,1,3,1,2,1,6,1,1,3,1
SF,IH2012,2020-09-14 09:34:31.100,3245.6000,24944,0,444008160.000,0,-,-,-,-,3245.2000,3245.0000,3244.8000,3244.0000,3242.6000,3246.4000,3246.6000,3246.8000,3247.0000,3247.2000,1,3,1,1,1,1,2,6,1,1
