市场代码,合约代码,时间,最新,持仓,增仓,成交额,成交量,开仓,平仓,成交类型,方向,买一价,买二价,买三价,买四价,买五价,卖一价,卖二价,卖三价,卖四价,卖五价,买一量,买二量,买三量,买四量,买五量,卖一量,卖二量,卖三量,卖四量,卖五量
SF,IH2008,2020-07-03 09:29:00.100,3077.0000,2977,0,923100.000,1.000,-,-,-,-,3077.0000,3076.0000,3075.2000,3075.0000,3072.8000,3078.0000,3078.6000,3085.8000,3087.0000,3087.8000,2,4,3,5,4,1,1,5,1,2
SF,IH2008,2020-07-03 09:30:00.100,3078.6000,2978,1,2770080.000,2,1,1,空开,S,3079.2000,3078.6000,3078.4000,3078.2000,3078.0000,3085.8000,3087.8000,3088.2000,3097.4000,3098.0000,1,3,2,4,2,5,2,1,2,4
SF,IH2008,2020-07-03 09:30:00.600,3085.8000,2979,1,3695820.000,1,1,0,双开,S,3080.4000,3079.4000,3079.2000,3078.6000,3078.4000,3087.8000,3088.2000,3119.8000,3122.0000,3130.0000,4,6,1,3,2,2,1,1,1,8
SF,IH2008,2020-07-03 09:30:01.100,3085.8000,2979,0,3695820.000,0,-,-,-,-,3087.8000,3080.6000,3080.4000,3079.4000,3079.2000,3088.2000,3119.8000,3122.0000,3130.0000,3139.8000,1,1,5,5,1,1,1,1,8,1
SF,IH2008,2020-07-03 09:30:01.600,3087.8000,2980,1,5548620.000,2,1,1,空开,S,3080.6000,3080.4000,3079.4000,3079.2000,3079.0000,3119.8000,3122.0000,3130.0000,3139.8000,3146.0000,1,5,5,2,2,1,1,8,1,2
SF,IH2008,2020-07-03 09:30:02.100,3087.8000,2980,0,5548620.000,0,-,-,-,-,3080.6000,3080.4000,3079.4000,3079.2000,3079.0000,3088.0000,3091.2000,3105.0000,3109.8000,3118.4000,2,4,5,2,2,1,2,4,24,1
SF,IH2008,2020-07-03 09:30:02.600,3088.0000,2980,0,7401420.000,2,1,1,多换,S,3080.6000,3080.4000,3079.4000,3079.2000,3079.0000,3087.8000,3091.2000,3109.8000,3118.4000,3119.6000,2,4,4,2,2,1,2,24,1,2
SF,IH2008,2020-07-03 09:30:03.100,3087.8000,2980,0,8327760.000,1,0,1,多换,S,3080.8000,3080.6000,3080.4000,3079.4000,3079.2000,3087.8000,3097.2000,3109.8000,3118.4000,3119.6000,1,2,4,4,2,1,1,24,1,2
SF,IH2008,2020-07-03 09:30:03.600,3087.8000,2980,0,8327760.000,0,-,-,-,-,3082.4000,3081.0000,3080.8000,3080.4000,3079.4000,3087.8000,3097.2000,3109.8000,3118.4000,3119.6000,1,2,1,4,4,1,1,24,1,2
SF,IH2008,2020-07-03 09:30:04.100,3082.6000,2980,0,9252540.000,1,0,1,多换,S,3082.6000,3082.4000,3080.4000,3079.2000,3078.6000,3087.8000,3097.2000,3109.8000,3118.4000,3119.6000,1,2,4,1,3,1,1,24,1,2
SF,IH2008,2020-07-03 09:30:04.600,3082.6000,2980,0,9252540.000,0,-,-,-,-,3082.8000,3082.6000,3082.4000,3080.4000,3079.2000,3087.6000,3087.8000,3097.2000,3109.8000,3118.4000,2,3,1,4,1,2,1,1,24,1
SF,IH2008,2020-07-03 09:30:05.100,3087.6000,2979,-1,12031380.000,3,1,2,多平,S,3087.6000,3083.8000,3083.0000,3082.8000,3082.6000,3097.2000,3109.8000,3118.4000,3119.6000,3119.8000,1,1,2,3,1,1,24,1,2,1
SF,IH2008,2020-07-03 09:30:05.600,3087.6000,2979,0,12031380.000,0,-,-,-,-,3087.8000,3087.6000,3083.8000,3082.8000,3082.6000,3094.6000,3095.4000,3096.0000,3097.2000,3109.8000,2,1,2,3,1,4,1,1,1,24
SF,IH2008,2020-07-03 09:30:06.100,3087.6000,2979,0,12031380.000,0,-,-,-,-,3087.8000,3087.6000,3083.8000,3082.8000,3082.6000,3094.4000,3094.6000,3095.4000,3096.0000,3097.2000,1,1,2,3,1,1,4,1,1,1
SF,IH2008,2020-07-03 09:30:06.600,3087.8000,2979,0,13884060.000,2,1,1,多换,S,3087.6000,3083.8000,3082.8000,3082.6000,3080.4000,3094.2000,3094.4000,3094.6000,3095.4000,3096.0000,1,2,3,1,4,1,1,4,1,1
SF,IH2008,2020-07-03 09:30:07.100,3087.8000,2979,0,13884060.000,0,-,-,-,-,3087.8000,3087.6000,3083.8000,3082.8000,3082.6000,3094.2000,3094.6000,3095.4000,3096.0000,3109.8000,1,1,2,3,1,1,4,1,1,24
SF,IH2008,2020-07-03 09:30:07.600,3087.8000,2979,0,13884060.000,0,-,-,-,-,3087.8000,3087.6000,3083.8000,3082.8000,3080.4000,3094.0000,3094.2000,3094.6000,3095.4000,3096.0000,1,1,2,1,4,1,1,4,1,1
SF,IH2008,2020-07-03 09:30:08.100,3087.8000,2979,0,14810400.000,1,0,1,多换,S,3087.6000,3083.8000,3082.8000,3080.4000,3079.2000,3093.2000,3093.8000,3094.0000,3094.6000,3095.4000,1,2,1,4,1,1,1,1,4,1
SF,IH2008,2020-07-03 09:30:08.600,3087.8000,2979,0,15736740.000,1,0,1,多换,S,3087.6000,3083.8000,3082.8000,3080.4000,3079.2000,3087.8000,3093.0000,3093.2000,3094.6000,3095.4000,1,2,1,4,1,1,1,1,4,1
SF,IH2008,2020-07-03 09:30:09.100,3087.8000,2979,0,16663080.000,1,0,1,多换,S,3088.2000,3087.6000,3083.8000,3082.8000,3080.4000,3093.0000,3093.2000,3094.6000,3095.4000,3096.0000,2,1,2,1,4,1,1,4,1,1
SF,IH2008,2020-07-03 09:30:09.600,3087.8000,2979,0,16663080.000,0,-,-,-,-,3088.4000,3088.2000,3087.6000,3083.8000,3082.8000,3093.0000,3094.6000,3095.4000,3096.0000,3109.8000,1,2,1,2,1,1,4,1,1,24
SF,IH2008,2020-07-03 09:30:10.100,3088.2000,2979,0,17589540.000,1,0,1,多换,S,3088.2000,3087.6000,3083.8000,3082.8000,3079.2000,3092.8000,3093.0000,3094.6000,3095.4000,3096.0000,2,1,2,1,1,2,1,4,1,1
SF,IH2008,2020-07-03 09:30:10.600,3088.2000,2979,0,17589540.000,0,-,-,-,-,3088.2000,3087.6000,3082.8000,3079.2000,3078.6000,3088.4000,3092.6000,3092.8000,3094.6000,3095.4000,2,1,1,1,3,1,1,2,4,1
SF,IH2008,2020-07-03 09:30:11.100,3088.4000,2978,-1,20369100.000,3,1,2,多平,S,3087.6000,3082.8000,3079.2000,3078.6000,3078.4000,3092.6000,3092.8000,3094.6000,3095.4000,3096.0000,1,1,1,3,2,1,1,4,1,1
SF,IH2008,2020-07-03 09:30:11.600,3087.6000,2978,0,21295380.000,1,0,1,多换,S,3082.8000,3079.2000,3078.6000,3078.4000,3077.0000,3087.4000,3092.4000,3092.6000,3094.6000,3095.4000,1,1,3,2,2,1,2,1,4,1
SF,IH2008,2020-07-03 09:30:12.100,3087.4000,2977,-1,23147820.000,2,0,2,多平,S,3087.4000,3084.0000,3083.0000,3082.8000,3079.2000,3092.4000,3094.6000,3095.4000,3096.0000,3109.8000,4,4,3,1,1,2,4,1,1,24
SF,IH2008,2020-07-03 09:30:12.600,3092.2000,2976,-1,24075480.000,1,0,1,双平,S,3087.6000,3087.4000,3084.0000,3083.0000,3082.8000,3092.4000,3094.6000,3095.4000,3096.0000,3109.8000,3,2,4,1,1,1,4,1,1,24
SF,IH2008,2020-07-03 09:30:13.100,3092.2000,2976,0,24075480.000,0,-,-,-,-,3087.6000,3087.4000,3085.4000,3084.0000,3083.0000,3092.0000,3092.2000,3092.4000,3094.6000,3095.4000,3,1,1,4,1,1,2,1,4,1
SF,IH2008,2020-07-03 09:30:13.600,3092.2000,2976,0,24075480.000,0,-,-,-,-,3087.6000,3087.4000,3085.4000,3084.0000,3083.0000,3091.8000,3092.0000,3092.2000,3094.6000,3095.4000,3,2,1,4,1,1,1,2,4,1
SF,IH2008,2020-07-03 09:30:14.100,3092.2000,2975,-1,25003140.000,1,0,1,双平,S,3087.6000,3087.4000,3085.4000,3084.0000,3083.0000,3091.8000,3092.2000,3094.6000,3095.4000,3096.0000,1,2,1,4,1,1,2,4,1,1
SF,IH2008,2020-07-03 09:30:14.600,3092.2000,2974,-1,25930800.000,1,0,1,双平,S,3087.6000,3087.4000,3084.0000,3083.0000,3082.8000,3092.2000,3094.6000,3095.4000,3096.0000,3109.8000,1,2,4,1,1,2,4,1,1,24
SF,IH2008,2020-07-03 09:30:15.100,3092.2000,2974,0,25930800.000,0,-,-,-,-,3091.8000,3087.6000,3087.4000,3084.0000,3082.8000,3092.0000,3092.2000,3094.6000,3095.4000,3096.0000,4,2,2,4,1,2,2,4,1,1
SF,IH2008,2020-07-03 09:30:15.600,3092.2000,2971,-3,33351360.000,8,2,6,多平,S,3087.6000,3087.4000,3082.8000,3079.2000,3077.0000,3091.8000,3092.2000,3093.0000,3094.6000,3095.4000,2,2,1,1,2,2,1,1,4,1
SF,IH2008,2020-07-03 09:30:16.100,3092.2000,2971,0,33351360.000,0,-,-,-,-,3087.6000,3087.4000,3082.8000,3079.2000,3077.0000,3093.0000,3094.6000,3095.4000,3096.0000,3109.8000,2,2,1,1,2,1,4,1,1,24
SF,IH2008,2020-07-03 09:30:16.600,3092.2000,2971,0,33351360.000,0,-,-,-,-,3087.6000,3087.4000,3082.8000,3079.2000,3077.0000,3092.8000,3094.6000,3095.4000,3096.0000,3109.8000,2,2,1,1,2,1,4,1,1,24
SF,IH2008,2020-07-03 09:30:17.100,3092.2000,2971,0,33351360.000,0,-,-,-,-,3087.6000,3087.4000,3082.8000,3079.2000,3077.0000,3090.0000,3092.8000,3094.6000,3095.4000,3096.0000,1,2,1,1,2,1,1,4,1,1
SF,IH2008,2020-07-03 09:30:17.600,3090.0000,2971,0,34278360.000,1,0,1,多换,S,3088.4000,3087.8000,3087.6000,3087.4000,3082.8000,3094.6000,3095.4000,3096.0000,3109.8000,3118.4000,1,1,1,2,1,4,1,1,24,1
SF,IH2008,2020-07-03 09:30:18.100,3090.0000,2971,0,34278360.000,0,-,-,-,-,3088.6000,3088.4000,3087.8000,3087.4000,3082.8000,3094.4000,3094.6000,3095.4000,3096.0000,3109.8000,1,1,1,2,1,1,4,1,1,24
SF,IH2008,2020-07-03 09:30:18.600,3090.0000,2971,0,34278360.000,0,-,-,-,-,3088.6000,3087.4000,3082.8000,3079.2000,3077.0000,3093.6000,3094.4000,3094.6000,3095.4000,3096.0000,1,2,1,1,2,1,1,4,1,1
SF,IH2008,2020-07-03 09:30:19.100,3090.0000,2971,0,34278360.000,0,-,-,-,-,3088.6000,3087.4000,3082.8000,3079.2000,3077.0000,3093.6000,3094.6000,3095.4000,3096.0000,3109.8000,1,2,1,1,2,1,4,1,1,24
SF,IH2008,2020-07-03 09:30:19.600,3090.0000,2971,0,34278360.000,0,-,-,-,-,3089.2000,3089.0000,3088.6000,3087.4000,3082.8000,3093.4000,3094.6000,3095.4000,3096.0000,3109.8000,1,1,1,2,1,2,4,1,1,24
SF,IH2008,2020-07-03 09:30:20.100,3090.0000,2971,0,34278360.000,0,-,-,-,-,3089.4000,3089.2000,3089.0000,3087.4000,3082.8000,3093.4000,3094.6000,3096.0000,3109.8000,3118.4000,1,1,1,2,1,2,4,1,24,1
SF,IH2008,2020-07-03 09:30:20.600,3090.0000,2971,0,34278360.000,0,-,-,-,-,3089.4000,3087.4000,3082.8000,3079.2000,3077.0000,3093.4000,3094.6000,3096.0000,3109.8000,3118.4000,1,2,1,1,2,2,4,1,24,1
SF,IH2008,2020-07-03 09:30:21.100,3090.0000,2971,0,34278360.000,0,-,-,-,-,3089.8000,3089.6000,3089.4000,3087.4000,3082.8000,3093.4000,3094.6000,3096.0000,3109.8000,3118.4000,2,1,1,2,1,2,4,1,24,1
SF,IH2008,2020-07-03 09:30:21.600,3090.0000,2971,0,34278360.000,0,-,-,-,-,3090.0000,3089.8000,3089.6000,3087.4000,3082.8000,3096.0000,3109.8000,3118.4000,3119.6000,3119.8000,2,2,1,2,1,1,24,1,1,1
SF,IH2008,2020-07-03 09:30:22.100,3090.0000,2971,0,34278360.000,0,-,-,-,-,3090.0000,3089.8000,3089.6000,3087.4000,3082.8000,3095.4000,3095.8000,3096.0000,3109.8000,3118.4000,2,2,1,2,1,4,1,1,24,1
SF,IH2008,2020-07-03 09:30:22.600,3090.0000,2971,0,34278360.000,0,-,-,-,-,3090.4000,3090.2000,3090.0000,3089.6000,3087.4000,3095.4000,3095.6000,3096.0000,3109.8000,3118.4000,1,1,2,1,2,4,1,1,24,1
SF,IH2008,2020-07-03 09:30:23.100,3090.0000,2971,0,34278360.000,0,-,-,-,-,3090.6000,3090.4000,3090.2000,3090.0000,3087.4000,3095.2000,3095.6000,3109.8000,3118.4000,3119.6000,1,1,2,1,2,1,1,24,1,1
SF,IH2008,2020-07-03 09:30:23.600,3090.0000,2971,0,34278360.000,0,-,-,-,-,3090.6000,3090.4000,3090.2000,3090.0000,3087.4000,3095.2000,3109.8000,3118.4000,3119.6000,3119.8000,1,1,2,1,2,1,24,1,1,1
SF,IH2008,2020-07-03 09:30:24.100,3090.0000,2971,0,34278360.000,0,-,-,-,-,3091.2000,3090.8000,3090.6000,3090.2000,3090.0000,3109.8000,3118.4000,3119.6000,3119.8000,3122.0000,1,2,1,1,1,24,1,1,1,1
SF,IH2008,2020-07-03 09:30:24.600,3090.0000,2971,0,34278360.000,0,-,-,-,-,3091.4000,3091.2000,3090.8000,3090.2000,3090.0000,3100.8000,3103.0000,3108.0000,3109.2000,3109.6000,1,1,2,1,1,1,4,2,1,3
SF,IH2008,2020-07-03 09:30:25.100,3090.0000,2971,0,34278360.000,0,-,-,-,-,3091.6000,3091.4000,3091.2000,3090.8000,3090.2000,3100.8000,3103.0000,3108.0000,3109.2000,3109.6000,2,1,1,1,1,1,4,2,1,1
SF,IH2008,2020-07-03 09:30:25.600,3090.0000,2971,0,34278360.000,0,-,-,-,-,3092.6000,3091.8000,3091.6000,3091.2000,3090.8000,3098.8000,3100.6000,3100.8000,3103.0000,3108.0000,1,1,2,1,1,1,1,1,4,2
SF,IH2008,2020-07-03 09:30:26.100,3090.0000,2971,0,34278360.000,0,-,-,-,-,3092.8000,3092.6000,3091.6000,3091.2000,3090.8000,3098.8000,3100.8000,3103.0000,3109.2000,3109.6000,1,1,2,1,1,1,1,4,1,1
SF,IH2008,2020-07-03 09:30:26.600,3090.0000,2971,0,34278360.000,0,-,-,-,-,3092.8000,3092.6000,3091.6000,3090.8000,3090.2000,3098.6000,3098.8000,3100.8000,3103.0000,3109.2000,1,1,2,1,1,1,1,1,4,1
SF,IH2008,2020-07-03 09:30:27.100,3090.0000,2971,0,34278360.000,0,-,-,-,-,3092.8000,3091.6000,3090.8000,3090.2000,3087.4000,3098.6000,3098.8000,3100.8000,3103.0000,3106.8000,1,2,1,1,2,1,1,1,4,1
SF,IH2008,2020-07-03 09:30:27.600,3090.0000,2971,0,34278360.000,0,-,-,-,-,3094.0000,3092.8000,3091.6000,3090.2000,3087.4000,3098.6000,3098.8000,3100.8000,3103.0000,3106.8000,1,1,2,1,2,1,1,1,4,1
SF,IH2008,2020-07-03 09:30:28.100,3090.0000,2971,0,34278360.000,0,-,-,-,-,3094.2000,3094.0000,3092.8000,3091.6000,3087.4000,3098.6000,3098.8000,3100.8000,3103.0000,3106.8000,1,1,1,2,2,1,1,1,4,1
SF,IH2008,2020-07-03 09:30:28.600,3090.0000,2971,0,34278360.000,0,-,-,-,-,3094.2000,3092.8000,3087.4000,3082.8000,3079.2000,3098.6000,3100.8000,3103.0000,3106.8000,3108.8000,1,1,2,1,1,1,1,4,1,1
SF,IH2008,2020-07-03 09:30:29.100,3090.0000,2971,0,34278360.000,0,-,-,-,-,3094.6000,3094.2000,3092.8000,3087.4000,3082.8000,3098.6000,3100.8000,3103.0000,3106.8000,3108.8000,1,1,1,2,1,1,1,4,1,1
SF,IH2008,2020-07-03 09:30:29.600,3090.0000,2971,0,34278360.000,0,-,-,-,-,3094.8000,3094.6000,3092.8000,3087.4000,3082.8000,3098.4000,3098.6000,3100.8000,3103.0000,3106.8000,1,1,1,2,1,1,1,1,4,1
SF,IH2008,2020-07-03 09:30:30.100,3094.8000,2969,-2,37063680.000,3,0,3,多平,S,3094.8000,3094.6000,3092.8000,3087.4000,3082.8000,3098.4000,3100.8000,3103.0000,3106.8000,3108.8000,1,1,1,2,1,1,1,4,1,1
SF,IH2008,2020-07-03 09:30:30.600,3094.8000,2969,0,37992120.000,1,0,1,多换,S,3092.8000,3087.4000,3082.8000,3079.2000,3077.0000,3098.2000,3098.4000,3100.8000,3103.0000,3106.8000,1,2,1,1,2,2,1,1,4,1
SF,IH2008,2020-07-03 09:30:31.100,3094.8000,2969,0,37992120.000,0,-,-,-,-,3095.0000,3092.8000,3087.4000,3082.8000,3079.2000,3098.2000,3098.4000,3100.8000,3103.0000,3106.8000,1,1,2,1,1,2,1,1,4,1
SF,IH2008,2020-07-03 09:30:31.600,3094.8000,2969,0,37992120.000,0,-,-,-,-,3095.0000,3094.8000,3092.8000,3087.4000,3082.8000,3098.2000,3098.4000,3100.8000,3103.0000,3106.8000,1,1,1,2,1,2,1,1,4,1
SF,IH2008,2020-07-03 09:30:32.100,3095.0000,2969,0,38920620.000,1,0,1,多换,S,3095.0000,3094.8000,3092.8000,3087.4000,3082.8000,3098.2000,3098.4000,3100.8000,3103.0000,3106.8000,1,1,1,2,1,2,1,1,4,1
SF,IH2008,2020-07-03 09:30:32.600,3095.0000,2969,0,38920620.000,0,-,-,-,-,3095.2000,3095.0000,3094.8000,3092.8000,3087.4000,3098.2000,3098.4000,3100.8000,3103.0000,3106.8000,1,1,1,1,2,1,1,1,4,1
SF,IH2008,2020-07-03 09:30:33.100,3095.0000,2969,0,38920620.000,0,-,-,-,-,3095.4000,3095.2000,3094.8000,3087.4000,3082.8000,3103.0000,3106.8000,3108.8000,3109.6000,3119.6000,2,1,1,2,1,4,1,1,1,1
SF,IH2008,2020-07-03 09:30:33.600,3095.0000,2969,0,38920620.000,0,-,-,-,-,3096.2000,3095.6000,3095.4000,3094.8000,3087.4000,3102.8000,3103.0000,3106.8000,3108.8000,3109.6000,1,1,2,1,2,1,4,1,1,1
SF,IH2008,2020-07-03 09:30:34.100,3095.0000,2969,0,38920620.000,0,-,-,-,-,3096.4000,3096.2000,3095.4000,3094.8000,3087.4000,3101.6000,3102.6000,3102.8000,3103.0000,3108.8000,1,1,1,1,2,1,1,1,4,1
SF,IH2008,2020-07-03 09:30:34.600,3095.0000,2969,0,38920620.000,0,-,-,-,-,3097.4000,3096.4000,3095.4000,3094.8000,3087.4000,3101.6000,3102.6000,3103.0000,3108.8000,3109.6000,1,1,1,1,2,1,1,4,1,1
SF,IH2008,2020-07-03 09:30:35.100,3096.4000,2969,0,40778460.000,2,1,1,多换,S,3095.4000,3094.8000,3087.4000,3082.8000,3079.2000,3096.4000,3101.4000,3101.6000,3102.6000,3103.0000,1,1,2,1,1,4,2,1,1,4
SF,IH2008,2020-07-03 09:30:35.600,3096.4000,2965,-4,44494140.000,4,0,4,双平,S,3097.2000,3096.4000,3095.6000,3095.4000,3094.8000,3097.4000,3101.4000,3101.6000,3103.0000,3108.8000,2,5,1,1,1,1,1,1,4,1
SF,IH2008,2020-07-03 09:30:36.100,3097.4000,2965,0,45423360.000,1,0,1,多换,S,3097.6000,3097.4000,3096.4000,3095.6000,3095.4000,3101.4000,3101.6000,3103.0000,3108.8000,3109.6000,1,5,3,1,1,1,1,4,1,1
SF,IH2008,2020-07-03 09:30:36.600,3097.4000,2963,-2,49141440.000,4,1,3,多平,S,3097.4000,3096.4000,3095.6000,3094.8000,3087.4000,3101.2000,3101.4000,3101.6000,3103.0000,3108.8000,1,1,1,1,2,1,1,1,4,1
SF,IH2008,2020-07-03 09:30:37.100,3097.4000,2962,-1,50070660.000,1,0,1,双平,S,3096.4000,3094.8000,3087.4000,3082.8000,3079.2000,3101.0000,3101.2000,3101.6000,3103.0000,3108.8000,1,1,2,1,1,2,1,1,4,1
SF,IH2008,2020-07-03 09:30:37.600,3097.4000,2962,0,50070660.000,0,-,-,-,-,3096.4000,3094.8000,3087.4000,3082.8000,3079.2000,3097.6000,3100.8000,3101.0000,3101.6000,3103.0000,1,1,2,1,1,2,1,2,1,4
SF,IH2008,2020-07-03 09:30:38.100,3096.6000,2959,-3,59364240.000,10,3,7,多平,S,3097.6000,3096.6000,3096.4000,3087.4000,3082.8000,3101.6000,3103.0000,3108.8000,3109.6000,3119.6000,2,1,1,2,1,1,4,1,1,1
SF,IH2008,2020-07-03 09:30:38.600,3096.6000,2959,0,59364240.000,0,-,-,-,-,3097.8000,3097.6000,3096.6000,3096.4000,3087.4000,3101.4000,3103.0000,3108.8000,3109.6000,3119.6000,1,2,1,1,2,1,4,1,1,1
SF,IH2008,2020-07-03 09:30:39.100,3097.6000,2959,0,60293520.000,1,0,1,多换,S,3097.6000,3096.6000,3096.4000,3087.4000,3082.8000,3098.6000,3101.2000,3101.4000,3103.0000,3108.8000,1,1,1,2,1,1,1,1,4,1
SF,IH2008,2020-07-03 09:30:39.600,3097.8000,2957,-2,63081780.000,3,0,3,多平,S,3098.6000,3097.6000,3096.6000,3096.4000,3095.0000,3101.2000,3101.4000,3103.0000,3108.8000,3109.6000,1,1,1,1,1,1,1,4,1,1
SF,IH2008,2020-07-03 09:30:40.100,3097.8000,2957,0,63081780.000,0,-,-,-,-,3097.6000,3096.4000,3095.0000,3087.4000,3082.8000,3101.0000,3101.2000,3103.0000,3108.8000,3109.6000,1,1,1,2,1,1,1,4,1,1
SF,IH2008,2020-07-03 09:30:40.600,3097.8000,2957,0,63081780.000,0,-,-,-,-,3097.6000,3096.4000,3095.0000,3087.4000,3082.8000,3100.8000,3101.0000,3103.0000,3109.6000,3119.6000,1,1,1,2,1,2,1,4,1,1
SF,IH2008,2020-07-03 09:30:41.100,3097.8000,2957,0,63081780.000,0,-,-,-,-,3097.6000,3096.4000,3095.0000,3087.4000,3082.8000,3098.6000,3100.6000,3100.8000,3101.0000,3103.0000,1,1,1,2,1,1,1,2,1,4
SF,IH2008,2020-07-03 09:30:41.600,3097.8000,2955,-2,65870280.000,3,0,3,多平,S,3098.6000,3097.6000,3096.4000,3095.0000,3087.4000,3100.6000,3100.8000,3103.0000,3109.6000,3119.6000,1,1,1,1,2,1,2,4,1,1
SF,IH2008,2020-07-03 09:30:42.100,3097.6000,2954,-1,67729140.000,2,0,2,多平,S,3096.4000,3095.0000,3087.4000,3082.8000,3079.2000,3097.6000,3100.6000,3103.0000,3109.6000,3119.6000,1,1,2,1,1,3,1,4,1,1
SF,IH2008,2020-07-03 09:30:42.600,3097.6000,2951,-3,70516980.000,3,0,3,双平,S,3097.6000,3096.6000,3096.4000,3095.0000,3087.4000,3103.0000,3109.6000,3119.6000,3119.8000,3122.0000,3,1,1,1,2,4,1,1,1,1
SF,IH2008,2020-07-03 09:30:43.100,3102.8000,2951,0,71447820.000,1,0,1,多换,S,3097.8000,3097.6000,3096.6000,3096.4000,3095.0000,3102.8000,3103.0000,3109.6000,3119.6000,3119.8000,1,2,1,1,1,2,4,1,1,1
SF,IH2008,2020-07-03 09:30:43.600,3102.8000,2951,0,71447820.000,0,-,-,-,-,3097.8000,3096.4000,3095.0000,3087.4000,3082.8000,3102.6000,3102.8000,3109.6000,3119.6000,3119.8000,1,1,1,2,1,1,2,1,1,1
SF,IH2008,2020-07-03 09:30:44.100,3102.8000,2952,1,72378660.000,1,1,0,双开,S,3098.4000,3098.2000,3098.0000,3097.8000,3096.4000,3102.4000,3102.6000,3109.6000,3119.6000,3119.8000,1,1,1,1,1,1,1,1,1,1
SF,IH2008,2020-07-03 09:30:44.600,3102.8000,2952,0,72378660.000,0,-,-,-,-,3098.6000,3098.4000,3098.2000,3097.8000,3096.4000,3100.0000,3102.2000,3102.4000,3102.6000,3109.6000,1,1,1,1,1,1,1,1,1,1
SF,IH2008,2020-07-03 09:30:45.100,3100.2000,2952,0,73308720.000,1,0,1,多换,S,3100.0000,3098.4000,3098.2000,3097.8000,3096.4000,3102.2000,3102.4000,3102.6000,3109.6000,3119.6000,2,1,1,1,1,2,1,1,1,1
SF,IH2008,2020-07-03 09:30:45.600,3100.0000,2950,-2,75169320.000,2,0,2,双平,S,3100.2000,3098.2000,3097.8000,3096.4000,3095.0000,3102.0000,3102.2000,3102.4000,3102.6000,3109.6000,1,1,1,1,1,1,1,1,1,1
SF,IH2008,2020-07-03 09:30:46.100,3100.2000,2948,-2,77029440.000,2,0,2,双平,S,3098.2000,3096.4000,3095.0000,3087.4000,3082.8000,3102.0000,3102.6000,3109.6000,3119.8000,3122.0000,1,1,1,2,1,1,1,1,1,1
SF,IH2008,2020-07-03 09:30:46.600,3100.2000,2948,0,77029440.000,0,-,-,-,-,3098.4000,3098.2000,3096.4000,3095.0000,3087.4000,3101.8000,3102.0000,3102.6000,3109.6000,3119.8000,1,1,1,1,2,1,1,1,1,1
SF,IH2008,2020-07-03 09:30:47.100,3101.6000,2949,1,79819920.000,3,2,1,空开,S,3098.2000,3096.4000,3095.0000,3087.4000,3082.8000,3101.8000,3102.0000,3102.6000,3109.6000,3119.8000,1,1,1,2,1,1,1,1,1,1
SF,IH2008,2020-07-03 09:30:47.600,3101.6000,2949,0,79819920.000,0,-,-,-,-,3096.4000,3095.0000,3087.4000,3082.8000,3079.2000,3101.6000,3101.8000,3102.0000,3102.6000,3109.6000,1,1,2,1,1,1,1,1,1,1
SF,IH2008,2020-07-03 09:30:48.100,3101.6000,2949,0,79819920.000,0,-,-,-,-,3096.4000,3095.0000,3087.4000,3082.8000,3079.2000,3101.4000,3101.6000,3102.0000,3102.6000,3109.6000,1,1,2,1,1,1,1,1,1,1
SF,IH2008,2020-07-03 09:30:48.600,3101.6000,2949,0,79819920.000,0,-,-,-,-,3096.4000,3095.0000,3087.4000,3082.8000,3079.2000,3101.0000,3101.2000,3101.4000,3102.0000,3102.6000,1,1,2,1,1,1,2,1,1,1
SF,IH2008,2020-07-03 09:30:49.100,3096.4000,2947,-2,81677760.000,2,0,2,双平,S,3095.0000,3087.4000,3082.8000,3079.2000,3077.0000,3096.4000,3100.8000,3101.0000,3101.4000,3102.0000,1,2,1,1,2,3,1,1,1,1
SF,IH2008,2020-07-03 09:30:49.600,3096.4000,2944,-3,84464520.000,3,0,3,双平,S,3096.6000,3096.4000,3095.0000,3087.4000,3082.8000,3100.8000,3101.0000,3101.4000,3102.0000,3102.6000,1,2,1,2,1,1,1,1,1,1
SF,IH2008,2020-07-03 09:30:50.100,3096.4000,2944,0,84464520.000,0,-,-,-,-,3096.4000,3095.0000,3087.4000,3082.8000,3079.2000,3100.2000,3100.6000,3100.8000,3101.0000,3101.4000,1,1,2,1,1,1,1,1,1,1
SF,IH2008,2020-07-03 09:30:50.600,3100.0000,2945,1,88184520.000,4,2,2,空开,S,3095.0000,3087.4000,3082.8000,3079.2000,3077.0000,3100.0000,3100.2000,3101.0000,3101.4000,3102.0000,1,2,1,1,2,1,1,1,1,1
SF,IH2008,2020-07-03 09:30:51.100,3100.0000,2945,0,88184520.000,0,-,-,-,-,3095.2000,3095.0000,3087.4000,3082.8000,3079.2000,3099.8000,3100.0000,3100.2000,3101.0000,3101.4000,1,1,2,1,1,1,1,1,1,1
SF,IH2008,2020-07-03 09:30:51.600,3100.0000,2945,0,88184520.000,0,-,-,-,-,3095.2000,3095.0000,3087.4000,3082.8000,3079.2000,3099.0000,3099.6000,3099.8000,3100.2000,3101.0000,1,1,2,1,1,1,1,1,1,1
SF,IH2008,2020-07-03 09:30:52.100,3095.2000,2942,-3,92828520.000,5,1,4,多平,S,3095.0000,3087.4000,3082.8000,3079.2000,3077.0000,3095.2000,3098.8000,3099.0000,3100.2000,3101.0000,1,2,1,1,2,2,1,1,1,1
SF,IH2008,2020-07-03 09:30:52.600,3095.2000,2940,-2,94685640.000,2,0,2,双平,S,3095.2000,3095.0000,3087.4000,3082.8000,3079.2000,3098.8000,3099.0000,3100.2000,3101.0000,3102.6000,4,1,2,1,1,1,1,1,1,1
SF,IH2008,2020-07-03 09:30:53.100,3098.6000,2939,-1,96544800.000,2,0,2,多平,S,3095.2000,3095.0000,3087.4000,3082.8000,3079.2000,3098.6000,3098.8000,3099.0000,3100.2000,3101.0000,2,1,2,1,1,2,1,1,1,1
SF,IH2008,2020-07-03 09:30:53.600,3098.6000,2940,1,97474380.000,1,1,0,双开,S,3095.4000,3095.2000,3095.0000,3087.4000,3082.8000,3098.6000,3099.0000,3100.2000,3101.0000,3102.6000,1,2,1,2,1,2,1,1,1,1
SF,IH2008,2020-07-03 09:30:54.100,3098.6000,2940,0,97474380.000,0,-,-,-,-,3095.6000,3095.4000,3095.2000,3095.0000,3087.4000,3098.2000,3098.6000,3099.0000,3100.2000,3101.0000,1,1,2,1,2,1,1,1,1,1
SF,IH2008,2020-07-03 09:30:54.600,3098.2000,2939,-1,98403840.000,1,0,1,双平,S,3098.2000,3095.6000,3095.4000,3095.2000,3095.0000,3099.0000,3100.2000,3101.0000,3109.6000,3116.6000,1,1,1,2,1,1,1,1,1,1
SF,IH2008,2020-07-03 09:30:55.100,3098.2000,2938,-1,99333300.000,1,0,1,双平,S,3096.8000,3095.4000,3095.2000,3095.0000,3087.4000,3098.0000,3098.2000,3098.8000,3099.0000,3100.2000,1,1,2,1,2,1,2,2,1,1
SF,IH2008,2020-07-03 09:30:55.600,3098.0000,2937,-1,100262700.000,1,0,1,双平,S,3096.8000,3095.4000,3095.2000,3095.0000,3087.4000,3098.2000,3098.8000,3099.0000,3100.2000,3101.0000,1,1,1,1,2,1,2,1,1,1
SF,IH2008,2020-07-03 09:30:56.100,3097.0000,2936,-1,102121200.000,2,0,2,多平,S,3095.4000,3095.2000,3095.0000,3087.4000,3082.8000,3098.2000,3098.8000,3109.6000,3116.6000,3119.8000,1,1,1,2,1,1,1,1,1,1
SF,IH2008,2020-07-03 09:30:56.600,3098.2000,2935,-1,103050660.000,1,0,1,双平,S,3097.4000,3095.4000,3095.2000,3095.0000,3087.4000,3109.6000,3116.6000,3119.8000,3122.0000,3130.0000,1,1,1,1,2,1,1,1,1,8
SF,IH2008,2020-07-03 09:30:57.100,3097.6000,2936,1,103979940.000,1,1,0,双开,S,3097.4000,3095.2000,3095.0000,3087.4000,3082.8000,3103.8000,3105.6000,3109.2000,3109.4000,3109.6000,1,1,1,2,1,1,1,1,4,7
SF,IH2008,2020-07-03 09:30:57.600,3097.4000,2936,0,104909160.000,1,0,1,多换,S,3095.2000,3095.0000,3087.4000,3082.8000,3079.2000,3103.6000,3103.8000,3105.6000,3109.2000,3109.4000,1,1,2,1,1,1,1,1,1,2
SF,IH2008,2020-07-03 09:30:58.100,3097.4000,2936,0,104909160.000,0,-,-,-,-,3098.2000,3095.4000,3095.2000,3095.0000,3087.4000,3103.2000,3103.4000,3103.6000,3103.8000,3105.6000,2,1,1,1,2,1,1,1,1,1
SF,IH2008,2020-07-03 09:30:58.600,3097.4000,2936,0,104909160.000,0,-,-,-,-,3098.2000,3096.4000,3095.4000,3095.2000,3095.0000,3100.6000,3102.2000,3103.0000,3103.2000,3103.8000,2,1,1,1,1,1,1,1,1,1
SF,IH2008,2020-07-03 09:30:59.100,3098.2000,2937,1,105838620.000,1,1,0,双开,S,3098.2000,3096.4000,3095.4000,3095.2000,3095.0000,3100.4000,3100.6000,3102.2000,3103.0000,3103.2000,1,1,1,1,1,1,1,1,1,1
SF,IH2008,2020-07-03 09:30:59.600,3098.2000,2936,-1,106768080.000,1,0,1,双平,S,3098.2000,3096.4000,3095.4000,3095.2000,3095.0000,3100.4000,3103.2000,3103.8000,3105.6000,3109.2000,1,1,1,1,1,1,1,1,1,1
SF,IH2008,2020-07-03 09:31:00.100,3098.2000,2936,0,107697540.000,1,0,1,多换,S,3096.4000,3095.4000,3095.2000,3095.0000,3087.4000,3100.4000,3103.2000,3103.8000,3105.6000,3109.2000,1,1,1,1,2,1,1,1,1,1
SF,IH2008,2020-07-03 09:31:00.600,3098.2000,2936,0,107697540.000,0,-,-,-,-,3096.4000,3095.2000,3095.0000,3087.4000,3082.8000,3098.2000,3100.2000,3100.4000,3103.8000,3105.6000,1,1,1,2,1,1,2,1,1,1
SF,IH2008,2020-07-03 09:31:01.100,3098.2000,2936,0,108627000.000,1,0,1,多换,S,3098.2000,3096.4000,3095.2000,3095.0000,3087.4000,3100.2000,3100.4000,3103.8000,3105.6000,3109.2000,1,1,1,1,2,2,1,1,1,1
SF,IH2008,2020-07-03 09:31:01.600,3098.2000,2936,0,108627000.000,0,-,-,-,-,3098.2000,3096.4000,3095.2000,3095.0000,3087.4000,3100.2000,3100.4000,3101.6000,3101.8000,3103.8000,1,1,1,1,2,1,1,1,1,1
SF,IH2008,2020-07-03 09:31:02.100,3098.2000,2936,0,108627000.000,0,-,-,-,-,3098.2000,3096.4000,3095.2000,3095.0000,3087.4000,3100.2000,3101.6000,3101.8000,3103.8000,3105.6000,1,1,1,1,2,1,1,1,1,1
SF,IH2008,2020-07-03 09:31:02.600,3100.2000,2935,-1,109557060.000,1,0,1,双平,S,3098.2000,3096.4000,3095.2000,3095.0000,3087.4000,3101.6000,3101.8000,3103.8000,3105.6000,3109.2000,1,1,1,1,2,1,1,1,1,1
SF,IH2008,2020-07-03 09:31:03.100,3100.2000,2935,0,109557060.000,0,-,-,-,-,3098.4000,3098.2000,3096.4000,3095.2000,3095.0000,3101.4000,3101.6000,3103.8000,3105.6000,3109.2000,1,1,1,1,1,1,1,1,1,1
SF,IH2008,2020-07-03 09:31:03.600,3098.4000,2935,0,110486580.000,1,0,1,多换,S,3098.2000,3096.4000,3095.2000,3095.0000,3087.4000,3101.2000,3101.4000,3103.8000,3105.6000,3109.2000,1,1,1,1,2,1,1,1,1,1
SF,IH2008,2020-07-03 09:31:04.100,3098.4000,2935,0,110486580.000,0,-,-,-,-,3098.2000,3096.4000,3095.2000,3095.0000,3087.4000,3101.2000,3103.8000,3105.6000,3109.2000,3109.4000,1,1,1,1,2,1,1,1,1,1
SF,IH2008,2020-07-03 09:31:04.600,3098.4000,2935,0,110486580.000,0,-,-,-,-,3100.2000,3098.2000,3096.4000,3095.2000,3095.0000,3101.0000,3101.2000,3103.8000,3105.6000,3109.2000,1,1,1,1,1,1,1,1,1,1
SF,IH2008,2020-07-03 09:31:05.100,3100.2000,2935,0,111416640.000,1,0,1,多换,S,3098.2000,3096.4000,3095.2000,3095.0000,3087.4000,3100.0000,3100.2000,3101.0000,3103.8000,3105.6000,1,1,1,1,2,2,2,1,1,1
SF,IH2008,2020-07-03 09:31:05.600,3100.0000,2933,-2,113276100.000,2,0,2,双平,S,3096.4000,3095.2000,3095.0000,3087.4000,3082.8000,3100.0000,3100.2000,3101.0000,3103.8000,3105.6000,1,1,1,2,1,1,3,1,1,1
SF,IH2008,2020-07-03 09:31:06.100,3100.0000,2933,0,113276100.000,0,-,-,-,-,3096.4000,3095.2000,3095.0000,3087.4000,3082.8000,3099.8000,3100.0000,3100.2000,3101.0000,3103.8000,1,1,1,2,1,1,1,1,1,1
SF,IH2008,2020-07-03 09:31:06.600,3100.0000,2933,0,113276100.000,0,-,-,-,-,3096.4000,3095.2000,3095.0000,3087.4000,3082.8000,3099.8000,3100.0000,3100.2000,3101.0000,3103.8000,1,1,1,2,1,1,1,1,1,1
SF,IH2008,2020-07-03 09:31:07.100,3099.8000,2933,0,114206040.000,1,0,1,多换,S,3096.6000,3096.4000,3095.2000,3095.0000,3087.4000,3100.0000,3100.2000,3101.0000,3103.8000,3105.6000,2,1,1,1,2,1,1,1,1,1
SF,IH2008,2020-07-03 09:31:08.100,3099.8000,2933,0,114206040.000,0,-,-,-,-,3097.0000,3096.6000,3095.2000,3095.0000,3087.4000,3100.0000,3100.2000,3101.0000,3103.8000,3105.6000,1,2,1,1,2,1,1,1,1,1
SF,IH2008,2020-07-03 09:31:08.600,3099.8000,2933,0,114206040.000,0,-,-,-,-,3097.2000,3097.0000,3096.6000,3095.2000,3095.0000,3100.0000,3100.2000,3101.0000,3103.8000,3105.6000,1,1,1,1,1,1,1,1,1,1
SF,IH2008,2020-07-03 09:31:09.100,3100.0000,2933,0,115136040.000,1,0,1,多换,S,3097.2000,3097.0000,3096.6000,3095.2000,3095.0000,3100.2000,3101.0000,3103.8000,3105.6000,3109.2000,1,1,1,1,1,1,1,1,1,1
SF,IH2008,2020-07-03 09:31:09.600,3100.0000,2933,0,115136040.000,0,-,-,-,-,3097.6000,3097.2000,3096.6000,3095.2000,3095.0000,3100.2000,3101.0000,3103.8000,3105.6000,3109.2000,1,1,1,1,1,1,1,1,1,1
SF,IH2008,2020-07-03 09:31:10.600,3100.2000,2933,0,116066100.000,1,0,1,多换,S,3098.6000,3097.6000,3097.2000,3096.6000,3095.2000,3101.0000,3103.8000,3105.6000,3109.2000,3116.6000,1,1,1,1,1,1,1,1,1,1
SF,IH2008,2020-07-03 09:31:11.100,3098.6000,2933,0,116995680.000,1,0,1,多换,S,3097.6000,3097.2000,3095.2000,3095.0000,3087.4000,3103.8000,3105.6000,3109.2000,3116.6000,3119.8000,1,1,1,1,2,1,1,1,1,1
SF,IH2008,2020-07-03 09:31:11.600,3098.6000,2933,0,116995680.000,0,-,-,-,-,3097.8000,3097.6000,3095.2000,3095.0000,3087.4000,3103.6000,3103.8000,3105.6000,3109.2000,3116.6000,1,1,1,1,2,1,1,1,1,1
SF,IH2008,2020-07-03 09:31:12.100,3098.6000,2933,0,116995680.000,0,-,-,-,-,3097.8000,3095.2000,3095.0000,3087.4000,3082.8000,3103.4000,3103.6000,3105.6000,3109.2000,3116.6000,1,1,1,2,1,1,1,1,1,1
SF,IH2008,2020-07-03 09:31:12.600,3098.6000,2933,0,116995680.000,0,-,-,-,-,3098.4000,3097.8000,3095.2000,3095.0000,3087.4000,3103.4000,3105.6000,3109.2000,3116.6000,3119.8000,1,1,1,1,2,1,1,1,1,1
SF,IH2008,2020-07-03 09:31:13.100,3098.6000,2933,0,116995680.000,0,-,-,-,-,3098.6000,3098.4000,3095.2000,3095.0000,3087.4000,3103.2000,3103.4000,3103.8000,3105.6000,3109.2000,1,1,1,1,2,1,1,1,1,1
SF,IH2008,2020-07-03 09:31:13.600,3098.6000,2933,0,116995680.000,0,-,-,-,-,3098.6000,3098.4000,3095.2000,3095.0000,3087.4000,3103.2000,3103.4000,3105.6000,3109.2000,3115.6000,1,1,1,1,2,1,1,1,1,10
SF,IH2008,2020-07-03 09:31:14.100,3098.6000,2933,0,116995680.000,0,-,-,-,-,3098.6000,3098.4000,3095.2000,3095.0000,3087.4000,3103.2000,3103.4000,3103.8000,3105.6000,3109.2000,1,1,1,1,2,1,1,1,1,1
SF,IH2008,2020-07-03 09:31:14.600,3098.6000,2933,0,116995680.000,0,-,-,-,-,3098.6000,3095.2000,3095.0000,3087.4000,3082.8000,3103.2000,3103.4000,3103.8000,3105.6000,3109.2000,1,1,1,2,1,1,1,1,1,1
SF,IH2008,2020-07-03 09:31:15.100,3098.6000,2933,0,116995680.000,0,-,-,-,-,3098.6000,3095.2000,3095.0000,3087.4000,3082.8000,3103.2000,3103.4000,3103.8000,3105.6000,3109.2000,1,1,1,2,1,1,1,1,1,1
SF,IH2008,2020-07-03 09:31:15.600,3098.6000,2933,0,116995680.000,0,-,-,-,-,3095.2000,3095.0000,3087.4000,3082.8000,3079.2000,3103.0000,3103.2000,3103.4000,3103.8000,3105.6000,1,1,2,1,1,1,1,1,1,1
SF,IH2008,2020-07-03 09:31:16.100,3098.6000,2933,0,116995680.000,0,-,-,-,-,3095.2000,3095.0000,3087.4000,3082.8000,3079.2000,3103.0000,3103.8000,3105.6000,3109.2000,3115.6000,2,1,2,1,1,1,1,1,1,10
SF,IH2008,2020-07-03 09:31:16.600,3098.6000,2933,0,116995680.000,0,-,-,-,-,3095.4000,3095.2000,3095.0000,3087.4000,3082.8000,3102.8000,3103.0000,3103.8000,3105.6000,3109.2000,1,2,1,2,1,1,1,1,1,1
SF,IH2008,2020-07-03 09:31:17.100,3098.6000,2933,0,116995680.000,0,-,-,-,-,3095.4000,3095.2000,3095.0000,3087.4000,3082.8000,3102.6000,3102.8000,3103.8000,3105.6000,3109.2000,1,1,1,2,1,1,1,1,1,1
SF,IH2008,2020-07-03 09:31:17.600,3095.4000,2932,-1,117924300.000,1,0,1,双平,S,3095.2000,3095.0000,3087.4000,3082.8000,3079.2000,3095.4000,3102.6000,3103.8000,3105.6000,3109.2000,1,1,2,1,1,8,1,1,1,1
SF,IH2008,2020-07-03 09:31:18.100,3095.0000,2929,-3,127210320.000,10,3,7,多平,S,3095.6000,3095.4000,3087.4000,3082.8000,3079.2000,3102.6000,3103.8000,3105.6000,3109.2000,3115.6000,3,1,2,1,1,1,1,1,1,10
SF,IH2008,2020-07-03 09:31:18.600,3095.0000,2929,0,127210320.000,0,-,-,-,-,3095.6000,3095.4000,3087.4000,3082.8000,3079.2000,3097.6000,3102.4000,3102.6000,3103.8000,3105.6000,3,1,2,1,1,5,1,1,1,1
SF,IH2008,2020-07-03 09:31:19.100,3097.6000,2929,0,131856720.000,5,2,3,多换,S,3097.6000,3096.4000,3095.8000,3095.6000,3095.4000,3102.4000,3102.6000,3103.8000,3105.6000,3109.2000,1,1,1,3,2,1,1,1,1,1
SF,IH2008,2020-07-03 09:31:19.600,3097.6000,2929,0,131856720.000,0,-,-,-,-,3097.6000,3096.4000,3095.8000,3095.6000,3095.4000,3102.2000,3102.4000,3103.8000,3105.6000,3109.2000,1,1,1,3,2,1,1,1,1,1
SF,IH2008,2020-07-03 09:31:20.100,3097.6000,2928,-1,132786000.000,1,0,1,双平,S,3096.4000,3095.8000,3095.6000,3095.4000,3087.4000,3097.6000,3098.6000,3102.2000,3103.8000,3105.6000,1,1,4,2,2,4,1,1,1,1
SF,IH2008,2020-07-03 09:31:20.600,3097.6000,2923,-5,137432400.000,5,0,5,双平,S,3096.4000,3095.8000,3095.6000,3095.4000,3087.4000,3098.6000,3102.2000,3103.8000,3105.6000,3109.2000,1,1,4,2,1,1,1,1,1,1
SF,IH2008,2020-07-03 09:31:21.100,3097.6000,2923,0,137432400.000,0,-,-,-,-,3096.4000,3095.8000,3095.6000,3095.4000,3087.4000,3098.6000,3100.6000,3102.2000,3103.8000,3105.6000,1,1,4,2,1,1,1,1,1,1
SF,IH2008,2020-07-03 09:31:21.600,3098.6000,2922,-1,138361980.000,1,0,1,双平,S,3096.4000,3095.8000,3095.6000,3095.4000,3087.4000,3100.6000,3102.2000,3103.8000,3105.6000,3109.2000,1,1,4,1,1,1,1,1,1,1
SF,IH2008,2020-07-03 09:31:22.100,3100.4000,2923,1,140222220.000,2,1,1,空开,S,3100.6000,3096.6000,3096.4000,3095.8000,3095.6000,3103.8000,3105.6000,3109.2000,3115.6000,3119.8000,8,1,1,1,3,1,1,1,10,1
SF,IH2008,2020-07-03 09:31:22.600,3096.4000,2922,-1,149522520.000,10,4,6,多平,S,3095.6000,3095.4000,3087.4000,3082.8000,3079.2000,3096.4000,3100.4000,3100.6000,3103.6000,3103.8000,3,1,1,1,1,4,1,1,1,1
SF,IH2008,2020-07-03 09:31:23.100,3096.4000,2919,-3,153238200.000,4,0,4,多平,S,3096.4000,3095.6000,3095.4000,3087.4000,3082.8000,3100.4000,3100.6000,3103.6000,3103.8000,3105.6000,1,3,1,1,1,1,1,1,1,1
SF,IH2008,2020-07-03 09:31:23.600,3096.4000,2919,0,153238200.000,0,-,-,-,-,3096.6000,3096.4000,3095.6000,3095.4000,3094.6000,3100.2000,3100.4000,3103.8000,3105.6000,3109.2000,1,1,3,1,1,1,1,1,1,1
SF,IH2008,2020-07-03 09:31:24.100,3096.4000,2919,0,153238200.000,0,-,-,-,-,3096.6000,3096.4000,3095.6000,3094.6000,3087.4000,3100.2000,3100.4000,3103.8000,3105.6000,3109.2000,1,1,3,1,1,1,1,1,1,1
SF,IH2008,2020-07-03 09:31:24.600,3096.4000,2919,0,153238200.000,0,-,-,-,-,3096.4000,3096.0000,3095.6000,3094.6000,3087.4000,3100.2000,3100.4000,3103.8000,3105.6000,3109.2000,1,1,3,1,1,1,1,1,1,1
SF,IH2008,2020-07-03 09:31:25.600,3096.4000,2919,0,153238200.000,0,-,-,-,-,3096.4000,3096.0000,3095.6000,3094.6000,3087.4000,3096.6000,3100.2000,3100.4000,3103.8000,3105.6000,2,1,3,1,1,5,1,1,1,1
SF,IH2008,2020-07-03 09:31:26.100,3096.6000,2914,-5,157883100.000,5,0,5,双平,S,3096.6000,3096.4000,3096.0000,3095.6000,3094.6000,3100.2000,3100.4000,3103.8000,3105.6000,3109.2000,1,2,1,3,1,1,1,1,1,1
SF,IH2008,2020-07-03 09:31:27.100,3096.6000,2912,-2,159741060.000,2,0,2,双平,S,3096.4000,3095.6000,3094.6000,3087.4000,3082.8000,3096.6000,3100.2000,3100.4000,3103.8000,3105.6000,2,3,1,1,1,3,1,1,1,1
SF,IH2008,2020-07-03 09:31:27.600,3100.2000,2909,-3,164386980.000,5,1,4,多平,S,3096.8000,3096.6000,3096.4000,3087.4000,3082.8000,3098.0000,3100.4000,3103.8000,3105.6000,3109.2000,3,1,1,1,1,1,1,1,1,1
SF,IH2008,2020-07-03 09:31:28.100,3098.0000,2908,-1,165316380.000,1,0,1,双平,S,3098.0000,3096.8000,3096.6000,3096.4000,3087.4000,3100.4000,3103.8000,3105.6000,3109.2000,3115.6000,1,3,1,1,1,1,1,1,1,10
SF,IH2008,2020-07-03 09:31:28.600,3098.0000,2908,0,165316380.000,0,-,-,-,-,3098.0000,3096.8000,3096.6000,3096.4000,3087.4000,3100.2000,3100.4000,3103.8000,3105.6000,3109.2000,1,3,1,1,1,1,1,1,1,1
SF,IH2008,2020-07-03 09:31:29.100,3100.0000,2907,-1,166246380.000,1,0,1,双平,S,3098.0000,3096.8000,3096.4000,3087.4000,3082.8000,3100.2000,3100.4000,3103.8000,3105.6000,3109.2000,1,3,1,1,1,1,1,1,1,1
SF,IH2008,2020-07-03 09:31:29.600,3100.0000,2907,0,166246380.000,0,-,-,-,-,3098.0000,3096.8000,3096.4000,3095.0000,3087.4000,3100.2000,3100.4000,3103.8000,3105.6000,3109.2000,1,3,1,1,1,1,1,1,1,1
SF,IH2008,2020-07-03 09:31:30.100,3100.0000,2907,0,166246380.000,0,-,-,-,-,3098.0000,3096.8000,3096.4000,3095.0000,3087.4000,3100.2000,3100.4000,3103.8000,3105.6000,3109.2000,2,3,1,1,1,1,1,1,1,1
SF,IH2008,2020-07-03 09:31:31.600,3100.0000,2907,0,166246380.000,0,-,-,-,-,3098.0000,3096.8000,3096.4000,3096.0000,3087.4000,3100.2000,3100.4000,3103.8000,3105.6000,3109.2000,2,3,1,1,1,1,1,1,1,1
SF,IH2008,2020-07-03 09:31:34.100,3100.0000,2907,0,166246380.000,0,-,-,-,-,3098.0000,3096.8000,3096.4000,3096.0000,3087.4000,3100.2000,3103.8000,3105.6000,3109.2000,3119.8000,2,3,1,1,1,1,1,1,1,1
SF,IH2008,2020-07-03 09:31:34.600,3100.0000,2907,0,166246380.000,0,-,-,-,-,3098.0000,3096.8000,3096.4000,3096.0000,3087.4000,3105.6000,3109.2000,3119.8000,3122.0000,3130.0000,2,3,1,1,1,1,1,1,1,8
SF,IH2008,2020-07-03 09:31:35.100,3098.2000,2907,0,167175840.000,1,0,1,多换,S,3098.0000,3096.8000,3096.4000,3096.0000,3087.4000,3105.4000,3105.6000,3109.2000,3119.8000,3122.0000,2,3,1,1,1,1,1,1,1,1
SF,IH2008,2020-07-03 09:31:35.600,3098.2000,2907,0,167175840.000,0,-,-,-,-,3098.2000,3098.0000,3096.8000,3096.4000,3087.4000,3103.8000,3105.4000,3105.6000,3109.2000,3119.8000,2,2,3,1,1,1,1,1,1,1
SF,IH2008,2020-07-03 09:31:36.100,3098.2000,2907,0,167175840.000,0,-,-,-,-,3098.2000,3098.0000,3096.8000,3096.4000,3087.4000,3103.8000,3105.4000,3105.6000,3109.2000,3119.8000,1,2,3,1,1,1,1,1,1,1
SF,IH2008,2020-07-03 09:31:36.600,3098.2000,2907,0,167175840.000,0,-,-,-,-,3098.2000,3098.0000,3096.8000,3096.4000,3087.4000,3103.4000,3103.6000,3103.8000,3105.4000,3105.6000,1,2,3,1,1,1,1,1,1,1
SF,IH2008,2020-07-03 09:31:37.100,3098.2000,2907,0,167175840.000,0,-,-,-,-,3098.2000,3098.0000,3096.8000,3096.4000,3087.4000,3103.2000,3103.4000,3103.8000,3105.4000,3105.6000,1,2,3,2,1,1,1,1,1,1
SF,IH2008,2020-07-03 09:31:38.100,3098.2000,2907,0,167175840.000,0,-,-,-,-,3098.2000,3098.0000,3096.8000,3096.4000,3087.4000,3102.8000,3103.2000,3105.4000,3105.6000,3109.2000,1,2,3,2,1,1,1,1,1,1
SF,IH2008,2020-07-03 09:31:38.600,3098.2000,2907,0,167175840.000,0,-,-,-,-,3098.4000,3098.2000,3098.0000,3096.8000,3096.4000,3102.8000,3103.8000,3105.4000,3105.6000,3109.2000,1,1,2,3,2,1,1,1,1,1
SF,IH2008,2020-07-03 09:31:39.100,3098.2000,2907,0,167175840.000,0,-,-,-,-,3098.4000,3098.2000,3098.0000,3096.8000,3096.4000,3102.8000,3105.4000,3105.6000,3109.2000,3119.8000,1,1,2,3,2,1,1,1,1,1
SF,IH2008,2020-07-03 09:31:39.600,3098.2000,2907,0,168105300.000,1,0,1,多换,S,3098.0000,3096.8000,3096.4000,3087.4000,3082.8000,3102.6000,3103.8000,3105.4000,3105.6000,3109.2000,2,3,2,1,1,1,1,1,1,1
SF,IH2008,2020-07-03 09:31:40.600,3098.2000,2907,0,168105300.000,0,-,-,-,-,3098.6000,3098.0000,3096.8000,3096.4000,3087.4000,3102.6000,3105.4000,3105.6000,3109.2000,3119.8000,1,2,3,2,1,1,1,1,1,1
SF,IH2008,2020-07-03 09:31:41.100,3098.4000,2908,1,169034820.000,1,1,0,双开,S,3098.6000,3098.0000,3096.8000,3096.4000,3087.4000,3102.4000,3105.4000,3105.6000,3109.2000,3119.8000,1,2,3,2,1,1,1,1,1,1
SF,IH2008,2020-07-03 09:31:42.600,3098.4000,2908,0,169034820.000,0,-,-,-,-,3098.8000,3098.6000,3098.0000,3096.8000,3096.4000,3102.4000,3105.4000,3105.6000,3109.2000,3119.8000,1,1,2,3,2,1,1,1,1,1
SF,IH2008,2020-07-03 09:31:43.100,3098.4000,2908,0,169034820.000,0,-,-,-,-,3098.8000,3098.6000,3098.0000,3096.8000,3096.4000,3102.2000,3102.4000,3105.4000,3105.6000,3109.2000,1,1,2,3,2,1,1,1,1,1
SF,IH2008,2020-07-03 09:31:43.600,3102.2000,2909,1,170896080.000,2,1,1,空开,S,3102.6000,3099.0000,3098.8000,3098.6000,3098.0000,3105.4000,3105.6000,3109.2000,3119.8000,3122.0000,3,1,1,1,2,1,1,1,1,1
SF,IH2008,2020-07-03 09:31:44.100,3102.6000,2909,0,174618840.000,4,2,2,多换,S,3098.8000,3098.6000,3098.0000,3096.8000,3096.4000,3102.6000,3105.2000,3105.4000,3105.6000,3109.2000,1,1,2,3,2,1,1,1,1,1
SF,IH2008,2020-07-03 09:31:44.600,3102.6000,2909,0,174618840.000,0,-,-,-,-,3098.8000,3098.6000,3098.0000,3096.8000,3096.4000,3102.4000,3102.6000,3105.4000,3105.6000,3109.2000,1,1,2,3,2,2,2,1,1,1
SF,IH2008,2020-07-03 09:31:45.100,3098.8000,2909,0,175548480.000,1,0,1,多换,S,3098.0000,3096.8000,3096.4000,3087.4000,3082.8000,3102.4000,3102.6000,3103.0000,3105.6000,3109.2000,2,3,2,1,1,2,1,1,1,1
SF,IH2008,2020-07-03 09:31:45.600,3098.8000,2909,0,175548480.000,0,-,-,-,-,3098.2000,3098.0000,3096.8000,3096.4000,3087.4000,3101.4000,3102.2000,3102.4000,3102.6000,3103.0000,1,2,3,2,1,1,1,1,1,1
SF,IH2008,2020-07-03 09:31:46.100,3101.2000,2909,0,176478840.000,1,0,1,多换,S,3098.2000,3098.0000,3096.8000,3096.4000,3087.4000,3101.4000,3102.2000,3102.6000,3103.0000,3105.6000,1,2,3,2,1,1,1,1,1,1
SF,IH2008,2020-07-03 09:31:46.600,3101.2000,2909,0,176478840.000,0,-,-,-,-,3098.2000,3098.0000,3096.8000,3096.4000,3087.4000,3101.2000,3101.4000,3102.2000,3102.6000,3103.0000,1,2,3,2,1,1,1,1,1,1
SF,IH2008,2020-07-03 09:31:47.100,3101.2000,2909,0,176478840.000,0,-,-,-,-,3099.0000,3098.2000,3098.0000,3096.8000,3096.4000,3101.0000,3101.2000,3101.4000,3102.2000,3103.0000,1,1,2,3,1,1,1,1,1,1
SF,IH2008,2020-07-03 09:31:47.600,3101.0000,2908,-1,177409140.000,1,0,1,双平,S,3099.0000,3098.2000,3098.0000,3096.8000,3096.4000,3101.4000,3102.2000,3103.0000,3105.6000,3109.2000,1,1,2,3,1,1,1,1,1,1
SF,IH2008,2020-07-03 09:31:48.100,3099.0000,2908,0,178338840.000,1,0,1,多换,S,3098.2000,3098.0000,3096.8000,3096.4000,3087.4000,3101.4000,3102.2000,3103.0000,3105.6000,3109.2000,1,2,3,1,1,1,1,1,1,1
SF,IH2008,2020-07-03 09:31:48.600,3099.0000,2908,0,178338840.000,0,-,-,-,-,3098.2000,3098.0000,3096.8000,3096.4000,3087.4000,3101.2000,3102.2000,3102.8000,3103.0000,3105.6000,1,2,3,1,1,1,1,1,1,1
SF,IH2008,2020-07-03 09:31:49.100,3099.0000,2908,0,178338840.000,0,-,-,-,-,3098.2000,3098.0000,3096.8000,3096.4000,3087.4000,3101.2000,3102.2000,3102.8000,3103.0000,3105.6000,1,1,3,1,1,1,1,1,1,1
SF,IH2008,2020-07-03 09:31:49.600,3099.0000,2908,0,178338840.000,0,-,-,-,-,3098.0000,3096.8000,3096.4000,3087.4000,3082.8000,3101.2000,3102.2000,3102.8000,3103.0000,3105.6000,1,3,1,1,1,1,1,1,1,1
SF,IH2008,2020-07-03 09:31:50.100,3099.0000,2908,0,178338840.000,0,-,-,-,-,3098.2000,3098.0000,3096.8000,3096.4000,3087.4000,3101.2000,3102.2000,3102.8000,3103.0000,3105.6000,1,1,3,1,1,1,1,1,1,1
SF,IH2008,2020-07-03 09:31:52.100,3099.0000,2908,0,178338840.000,0,-,-,-,-,3098.6000,3098.2000,3098.0000,3096.8000,3096.4000,3101.2000,3102.2000,3102.8000,3103.0000,3105.6000,1,1,1,3,1,1,1,1,1,1
SF,IH2008,2020-07-03 09:31:52.600,3098.2000,2908,0,180197880.000,2,1,1,多换,S,3098.0000,3096.8000,3096.4000,3095.4000,3087.4000,3101.2000,3102.2000,3102.8000,3103.0000,3105.6000,1,3,1,1,1,1,1,1,1,1
SF,IH2008,2020-07-03 09:31:53.100,3101.0000,2908,0,181128180.000,1,0,1,多换,S,3098.0000,3096.8000,3096.4000,3095.4000,3087.4000,3101.2000,3102.2000,3102.8000,3103.0000,3105.6000,1,3,1,1,1,1,1,1,1,1
SF,IH2008,2020-07-03 09:31:53.600,3098.0000,2908,0,182057580.000,1,0,1,多换,S,3096.8000,3096.4000,3095.4000,3087.4000,3082.8000,3101.0000,3101.2000,3102.2000,3102.8000,3103.0000,3,1,1,1,1,1,1,1,1,1
SF,IH2008,2020-07-03 09:31:54.100,3100.8000,2908,0,182987820.000,1,0,1,多换,S,3097.0000,3096.8000,3096.4000,3095.4000,3087.4000,3101.0000,3102.8000,3103.0000,3105.6000,3109.2000,1,3,1,1,1,1,1,1,1,1
SF,IH2008,2020-07-03 09:31:54.600,3100.8000,2908,0,182987820.000,0,-,-,-,-,3097.0000,3096.8000,3096.4000,3095.4000,3087.4000,3101.0000,3102.8000,3105.6000,3109.2000,3119.8000,1,3,1,1,1,1,1,1,1,1
SF,IH2008,2020-07-03 09:31:55.100,3101.0000,2907,-1,183918120.000,1,0,1,双平,S,3097.2000,3097.0000,3096.8000,3096.4000,3095.4000,3102.8000,3105.6000,3109.2000,3119.8000,3122.0000,1,1,3,1,1,1,1,1,1,1
SF,IH2008,2020-07-03 09:31:55.600,3101.0000,2907,0,183918120.000,0,-,-,-,-,3097.4000,3097.2000,3096.8000,3096.4000,3095.4000,3102.8000,3105.6000,3109.2000,3119.8000,3122.0000,1,1,3,1,1,1,1,1,1,1
SF,IH2008,2020-07-03 09:31:56.100,3101.0000,2907,0,183918120.000,0,-,-,-,-,3099.0000,3097.4000,3096.8000,3096.4000,3095.4000,3102.8000,3105.6000,3109.2000,3119.8000,3122.0000,1,1,3,1,1,1,1,1,1,1
SF,IH2008,2020-07-03 09:31:56.600,3099.0000,2907,0,185777580.000,2,1,1,多换,S,3096.8000,3096.4000,3095.4000,3087.4000,3082.8000,3102.6000,3102.8000,3105.6000,3109.2000,3119.8000,3,1,1,1,1,1,1,1,1,1
SF,IH2008,2020-07-03 09:31:57.100,3096.8000,2907,0,187635660.000,2,1,1,多换,S,3096.8000,3096.4000,3095.4000,3087.4000,3082.8000,3102.4000,3102.6000,3102.8000,3105.6000,3109.2000,1,1,1,1,1,2,1,1,1,1
SF,IH2008,2020-07-03 09:31:57.600,3102.2000,2907,0,188566320.000,1,0,1,多换,S,3096.8000,3096.4000,3094.0000,3087.4000,3082.8000,3102.2000,3102.4000,3102.8000,3105.6000,3119.8000,1,1,1,1,1,1,2,1,1,1
SF,IH2008,2020-07-03 09:31:58.100,3102.2000,2907,0,188566320.000,0,-,-,-,-,3096.8000,3096.4000,3094.0000,3087.4000,3082.8000,3102.0000,3102.2000,3102.4000,3102.8000,3105.6000,1,1,1,1,1,1,1,2,1,1
SF,IH2008,2020-07-03 09:31:58.600,3102.2000,2907,0,188566320.000,0,-,-,-,-,3096.8000,3096.4000,3095.0000,3094.0000,3087.4000,3100.8000,3101.8000,3102.0000,3102.4000,3102.8000,1,1,2,1,1,1,1,1,2,1
SF,IH2008,2020-07-03 09:31:59.100,3100.8000,2907,0,189496560.000,1,0,1,多换,S,3096.8000,3096.4000,3095.0000,3094.0000,3087.4000,3100.6000,3100.8000,3101.6000,3102.0000,3102.4000,1,1,2,1,1,1,1,1,1,1
SF,IH2008,2020-07-03 09:31:59.600,3096.8000,2907,0,190425600.000,1,0,1,多换,S,3096.4000,3095.0000,3094.0000,3087.4000,3082.8000,3100.6000,3100.8000,3101.6000,3102.0000,3102.4000,1,2,1,1,1,1,1,1,1,1
SF,IH2008,2020-07-03 09:32:00.600,3102.0000,2908,1,194147100.000,4,2,2,空开,S,3100.6000,3096.6000,3096.4000,3095.0000,3094.0000,3102.4000,3102.8000,3105.6000,3107.8000,3119.8000,1,1,1,2,1,1,1,1,3,1
SF,IH2008,2020-07-03 09:32:01.100,3100.6000,2907,-1,195077280.000,1,0,1,双平,S,3097.0000,3096.6000,3096.4000,3095.0000,3094.0000,3100.6000,3102.4000,3102.8000,3105.6000,3107.8000,1,1,1,2,1,2,1,1,1,3
SF,IH2008,2020-07-03 09:32:01.600,3100.6000,2906,-1,196007460.000,1,0,1,双平,S,3097.2000,3097.0000,3096.4000,3095.0000,3094.0000,3102.4000,3102.8000,3105.6000,3107.8000,3119.8000,1,1,1,2,1,1,1,1,3,1
SF,IH2008,2020-07-03 09:32:02.100,3100.6000,2906,0,196007460.000,0,-,-,-,-,3097.6000,3097.2000,3096.4000,3095.0000,3094.0000,3102.4000,3102.8000,3105.6000,3107.8000,3119.8000,1,1,1,2,1,1,1,1,3,1
SF,IH2008,2020-07-03 09:32:02.600,3097.8000,2907,1,196936800.000,1,1,0,双开,S,3097.6000,3096.4000,3095.0000,3094.0000,3087.4000,3102.4000,3102.8000,3105.6000,3107.8000,3111.2000,1,1,2,1,1,1,1,1,3,10
SF,IH2008,2020-07-03 09:32:03.100,3097.8000,2907,0,196936800.000,0,-,-,-,-,3097.8000,3097.6000,3096.4000,3095.0000,3094.0000,3102.4000,3102.8000,3105.6000,3107.8000,3111.2000,1,1,1,2,1,1,1,1,3,10
SF,IH2008,2020-07-03 09:32:03.600,3097.8000,2906,-1,198795480.000,2,0,2,多平,S,3097.6000,3096.4000,3095.0000,3094.0000,3087.4000,3102.2000,3102.4000,3102.8000,3105.6000,3107.8000,1,1,2,1,1,1,1,1,1,3
SF,IH2008,2020-07-03 09:32:04.100,3097.8000,2906,0,198795480.000,0,-,-,-,-,3098.0000,3096.4000,3095.0000,3094.0000,3087.4000,3102.2000,3102.4000,3102.8000,3105.6000,3107.8000,2,1,2,1,1,1,1,1,1,3
SF,IH2008,2020-07-03 09:32:04.600,3102.0000,2906,0,200655420.000,2,1,1,多换,S,3098.0000,3096.4000,3095.0000,3094.0000,3087.4000,3102.2000,3102.4000,3102.8000,3105.6000,3107.8000,1,1,2,1,1,1,1,1,1,3
SF,IH2008,2020-07-03 09:32:05.100,3098.0000,2905,-1,201584820.000,1,0,1,双平,S,3096.4000,3095.0000,3094.0000,3087.4000,3082.8000,3098.0000,3102.2000,3102.4000,3102.8000,3105.6000,1,2,1,1,1,1,1,1,1,1
SF,IH2008,2020-07-03 09:32:05.600,3098.0000,2905,0,202514220.000,1,0,1,多换,S,3098.0000,3096.4000,3095.0000,3094.0000,3087.4000,3102.2000,3102.4000,3102.8000,3107.8000,3108.8000,1,1,2,1,1,1,1,1,3,10
SF,IH2008,2020-07-03 09:32:06.100,3098.0000,2904,-1,203443620.000,1,0,1,双平,S,3097.2000,3096.4000,3095.0000,3087.4000,3082.8000,3098.0000,3099.6000,3100.8000,3101.8000,3102.0000,1,1,2,1,1,2,1,1,1,1
SF,IH2008,2020-07-03 09:32:06.600,3097.2000,2903,-1,205301940.000,2,0,2,多平,S,3096.4000,3095.0000,3087.4000,3082.8000,3079.2000,3097.2000,3099.6000,3100.8000,3101.8000,3102.0000,1,2,1,1,1,1,1,1,1,1
SF,IH2008,2020-07-03 09:32:07.100,3097.2000,2900,-3,208089180.000,3,0,3,双平,S,3095.0000,3087.4000,3082.8000,3079.2000,3077.0000,3099.6000,3100.8000,3101.8000,3102.0000,3102.2000,2,1,1,1,2,1,1,1,2,1
SF,IH2008,2020-07-03 09:32:07.600,3097.2000,2900,0,208089180.000,0,-,-,-,-,3095.8000,3095.0000,3087.4000,3082.8000,3079.2000,3099.4000,3100.8000,3101.8000,3102.0000,3102.4000,1,2,1,1,1,1,1,1,2,1
SF,IH2008,2020-07-03 09:32:08.100,3099.2000,2900,0,209018940.000,1,0,1,多换,S,3095.8000,3095.0000,3092.2000,3087.4000,3082.8000,3099.4000,3099.6000,3100.8000,3101.8000,3102.0000,1,2,1,1,1,1,1,1,1,2
SF,IH2008,2020-07-03 09:32:08.600,3096.0000,2901,1,209947740.000,1,1,0,双开,S,3095.8000,3095.0000,3092.2000,3087.4000,3082.8000,3099.4000,3100.8000,3101.8000,3102.0000,3102.4000,1,2,1,1,1,1,1,1,2,1
SF,IH2008,2020-07-03 09:32:09.100,3096.0000,2901,0,209947740.000,0,-,-,-,-,3096.4000,3095.0000,3094.0000,3092.2000,3087.4000,3099.4000,3100.8000,3101.8000,3102.0000,3102.8000,1,2,1,1,1,1,1,1,2,1
SF,IH2008,2020-07-03 09:32:09.600,3099.4000,2901,0,210877560.000,1,0,1,多换,S,3096.6000,3096.4000,3095.0000,3094.0000,3092.2000,3100.8000,3101.8000,3102.0000,3102.8000,3108.8000,1,1,2,1,1,1,1,2,1,10
SF,IH2008,2020-07-03 09:32:10.100,3099.4000,2901,0,210877560.000,0,-,-,-,-,3096.6000,3096.4000,3095.0000,3092.2000,3087.4000,3100.6000,3101.8000,3102.0000,3102.8000,3108.8000,1,1,2,1,1,1,1,1,1,10
SF,IH2008,2020-07-03 09:32:10.600,3096.6000,2900,-1,212736720.000,2,0,2,多平,S,3097.0000,3095.0000,3092.2000,3087.4000,3082.8000,3100.4000,3101.8000,3102.8000,3108.8000,3119.8000,1,2,1,1,1,1,1,1,10,1
SF,IH2008,2020-07-03 09:32:11.100,3100.4000,2900,0,213666840.000,1,0,1,多换,S,3097.2000,3097.0000,3095.0000,3092.2000,3087.4000,3101.8000,3102.8000,3105.6000,3108.8000,3119.8000,2,1,2,1,1,1,1,3,10,1
SF,IH2008,2020-07-03 09:32:11.600,3097.2000,2900,0,214596000.000,1,0,1,多换,S,3097.2000,3097.0000,3095.0000,3092.2000,3087.4000,3101.8000,3102.8000,3105.6000,3108.8000,3119.8000,1,1,2,1,1,1,1,3,10,1
SF,IH2008,2020-07-03 09:32:12.100,3097.2000,2900,0,214596000.000,0,-,-,-,-,3097.8000,3097.2000,3095.0000,3092.2000,3087.4000,3101.8000,3102.8000,3105.6000,3108.8000,3119.8000,1,1,2,1,1,1,1,3,10,1
SF,IH2008,2020-07-03 09:32:12.600,3097.6000,2901,1,215525280.000,1,1,0,双开,S,3097.8000,3097.2000,3095.0000,3092.2000,3087.4000,3100.8000,3101.6000,3101.8000,3102.8000,3105.6000,1,1,2,1,1,1,1,1,1,3
SF,IH2008,2020-07-03 09:32:13.100,3097.8000,2902,1,216454620.000,1,1,0,双开,S,3097.2000,3095.0000,3092.2000,3087.4000,3082.8000,3100.6000,3101.8000,3102.8000,3105.6000,3108.8000,1,2,1,1,1,1,1,1,3,10
SF,IH2008,2020-07-03 09:32:13.600,3100.8000,2906,4,220175280.000,4,4,0,双开,S,3100.8000,3097.4000,3095.0000,3092.2000,3087.4000,3101.8000,3102.8000,3105.6000,3108.8000,3119.8000,3,1,2,1,1,1,1,3,10,1
SF,IH2008,2020-07-03 09:32:14.100,3097.8000,2907,1,223895340.000,4,2,2,空开,S,3097.4000,3095.0000,3092.2000,3087.4000,3082.8000,3101.8000,3102.8000,3105.6000,3108.8000,3119.8000,1,2,1,1,1,1,1,3,10,1
SF,IH2008,2020-07-03 09:32:15.100,3101.8000,2907,0,224825880.000,1,0,1,多换,S,3097.4000,3095.0000,3092.2000,3087.4000,3082.8000,3102.8000,3105.6000,3108.8000,3119.8000,3120.0000,1,2,1,1,1,1,3,10,1,10
SF,IH2008,2020-07-03 09:32:15.600,3101.8000,2907,0,224825880.000,0,-,-,-,-,3102.0000,3097.4000,3095.0000,3092.2000,3087.4000,3102.8000,3105.6000,3108.8000,3119.8000,3120.0000,2,1,2,1,1,1,3,10,1,10
SF,IH2008,2020-07-03 09:32:16.100,3097.4000,2909,2,227616300.000,3,2,1,空开,S,3095.0000,3092.2000,3087.4000,3082.8000,3079.2000,3101.8000,3102.0000,3102.8000,3105.6000,3108.8000,2,1,1,1,1,2,1,1,3,10
SF,IH2008,2020-07-03 09:32:16.600,3097.4000,2909,0,227616300.000,0,-,-,-,-,3097.6000,3095.0000,3092.2000,3087.4000,3082.8000,3101.6000,3102.0000,3102.8000,3105.6000,3108.8000,1,2,1,1,1,1,1,1,3,10
SF,IH2008,2020-07-03 09:32:17.100,3097.4000,2909,0,227616300.000,0,-,-,-,-,3097.6000,3095.0000,3092.2000,3087.4000,3082.8000,3101.6000,3102.8000,3105.6000,3108.8000,3119.8000,1,2,1,1,1,1,1,3,10,1
SF,IH2008,2020-07-03 09:32:17.600,3097.4000,2909,0,227616300.000,0,-,-,-,-,3095.0000,3092.2000,3087.4000,3082.8000,3079.2000,3101.2000,3101.6000,3102.8000,3105.6000,3108.8000,2,1,1,1,1,1,1,1,3,10
SF,IH2008,2020-07-03 09:32:18.100,3097.4000,2909,0,227616300.000,0,-,-,-,-,3095.0000,3092.2000,3087.4000,3082.8000,3079.2000,3097.6000,3101.0000,3101.2000,3102.8000,3105.6000,2,1,1,1,1,1,1,1,1,3
SF,IH2008,2020-07-03 09:32:18.600,3097.6000,2909,0,228545580.000,1,0,1,多换,S,3097.6000,3096.4000,3095.8000,3095.2000,3095.0000,3101.0000,3101.2000,3102.8000,3105.6000,3108.8000,1,1,1,1,2,1,1,1,3,10
SF,IH2008,2020-07-03 09:32:19.100,3097.6000,2909,0,228545580.000,0,-,-,-,-,3097.6000,3096.6000,3096.4000,3095.8000,3095.6000,3101.0000,3102.8000,3105.6000,3108.8000,3119.8000,1,4,1,1,1,1,1,3,10,1
SF,IH2008,2020-07-03 09:32:19.600,3097.6000,2909,0,228545580.000,0,-,-,-,-,3096.6000,3096.4000,3095.8000,3095.6000,3095.2000,3101.0000,3102.8000,3105.6000,3108.8000,3119.8000,4,1,1,1,1,1,1,3,10,1
SF,IH2008,2020-07-03 09:32:20.100,3097.6000,2909,0,228545580.000,0,-,-,-,-,3096.6000,3096.4000,3095.6000,3095.2000,3095.0000,3101.0000,3102.8000,3105.6000,3108.8000,3119.8000,4,1,1,1,2,1,1,3,10,1
SF,IH2008,2020-07-03 09:32:20.600,3096.8000,2909,0,231333960.000,3,1,2,多换,S,3101.0000,3097.0000,3096.8000,3096.6000,3095.6000,3102.8000,3105.6000,3108.8000,3119.8000,3120.0000,1,2,1,4,1,1,3,10,1,10
SF,IH2008,2020-07-03 09:32:21.100,3097.0000,2908,-1,233193360.000,2,0,2,多平,S,3097.0000,3096.8000,3096.6000,3095.6000,3095.0000,3102.8000,3105.6000,3108.8000,3119.8000,3120.0000,1,1,4,1,2,1,3,10,1,10
SF,IH2008,2020-07-03 09:32:21.600,3097.0000,2908,0,233193360.000,0,-,-,-,-,3097.2000,3096.6000,3095.0000,3087.4000,3082.8000,3102.8000,3105.6000,3108.8000,3119.8000,3120.0000,1,4,2,1,1,1,3,10,1,10
SF,IH2008,2020-07-03 09:32:22.600,3097.0000,2908,0,233193360.000,0,-,-,-,-,3097.4000,3097.2000,3096.6000,3095.0000,3087.4000,3102.8000,3119.8000,3120.0000,3122.0000,3130.0000,1,1,4,2,1,1,1,10,1,8
SF,IH2008,2020-07-03 09:32:23.100,3097.0000,2908,0,233193360.000,0,-,-,-,-,3097.6000,3097.4000,3096.6000,3095.0000,3087.4000,3102.6000,3102.8000,3109.4000,3119.8000,3120.0000,1,1,4,2,1,1,1,3,1,10
SF,IH2008,2020-07-03 09:32:23.600,3097.0000,2908,0,233193360.000,0,-,-,-,-,3097.6000,3097.4000,3096.6000,3095.0000,3087.4000,3102.6000,3102.8000,3109.4000,3119.8000,3120.0000,1,1,4,2,1,1,1,3,1,10
SF,IH2008,2020-07-03 09:32:24.100,3097.0000,2908,0,233193360.000,0,-,-,-,-,3097.6000,3097.4000,3096.6000,3095.0000,3087.4000,3102.6000,3102.8000,3109.4000,3119.8000,3120.0000,1,2,4,3,1,1,1,3,1,10
SF,IH2008,2020-07-03 09:32:24.600,3102.6000,2907,-1,234124140.000,1,0,1,双平,S,3097.8000,3097.6000,3097.4000,3096.6000,3095.0000,3102.8000,3109.4000,3119.8000,3120.0000,3122.0000,1,1,2,4,3,1,3,1,10,1
SF,IH2008,2020-07-03 09:32:25.100,3102.8000,2907,0,235054980.000,1,0,1,多换,S,3098.0000,3097.8000,3097.4000,3096.6000,3095.0000,3109.4000,3119.8000,3120.0000,3122.0000,3130.0000,2,1,1,4,3,3,1,10,1,8
SF,IH2008,2020-07-03 09:32:25.600,3102.8000,2907,0,235054980.000,0,-,-,-,-,3098.0000,3097.8000,3097.4000,3096.6000,3095.0000,3103.8000,3109.2000,3109.4000,3119.8000,3120.0000,3,1,1,4,3,1,1,3,1,10
SF,IH2008,2020-07-03 09:32:26.100,3102.8000,2907,0,235054980.000,0,-,-,-,-,3098.6000,3098.2000,3098.0000,3097.8000,3096.6000,3103.8000,3109.2000,3109.4000,3119.8000,3120.0000,1,1,2,1,4,1,1,3,1,10
SF,IH2008,2020-07-03 09:32:26.600,3102.8000,2907,0,235054980.000,0,-,-,-,-,3098.8000,3098.6000,3098.2000,3098.0000,3096.6000,3103.8000,3109.2000,3109.4000,3119.8000,3120.0000,1,1,2,1,4,1,1,3,1,10
SF,IH2008,2020-07-03 09:32:27.100,3099.0000,2908,1,235984680.000,1,1,0,双开,S,3099.0000,3098.8000,3098.6000,3098.2000,3098.0000,3108.0000,3109.2000,3109.4000,3119.8000,3120.0000,1,1,1,2,1,1,1,3,1,10
SF,IH2008,2020-07-03 09:32:27.600,3099.0000,2908,0,235984680.000,0,-,-,-,-,3099.8000,3099.2000,3099.0000,3098.6000,3098.2000,3108.0000,3109.4000,3119.8000,3120.0000,3122.0000,1,1,1,1,1,1,3,1,10,1
SF,IH2008,2020-07-03 09:32:28.100,3099.0000,2908,0,236914380.000,1,0,1,多换,S,3099.8000,3099.4000,3098.6000,3098.2000,3098.0000,3107.8000,3108.0000,3109.4000,3119.8000,3120.0000,1,1,1,1,1,1,2,3,1,10
SF,IH2008,2020-07-03 09:32:28.600,3099.0000,2908,0,236914380.000,0,-,-,-,-,3100.0000,3099.8000,3098.6000,3098.0000,3096.6000,3107.6000,3107.8000,3108.0000,3109.4000,3119.8000,1,1,1,1,4,1,1,1,3,1
SF,IH2008,2020-07-03 09:32:29.100,3099.0000,2908,0,236914380.000,0,-,-,-,-,3100.4000,3100.0000,3099.8000,3099.4000,3098.6000,3107.4000,3107.6000,3108.0000,3119.8000,3122.0000,2,2,1,1,1,1,1,1,1,1
SF,IH2008,2020-07-03 09:32:29.600,3100.2000,2908,0,237844440.000,1,0,1,多换,S,3100.4000,3100.0000,3099.8000,3099.4000,3098.6000,3107.4000,3107.6000,3108.0000,3119.8000,3122.0000,2,2,1,1,1,1,1,1,1,1
SF,IH2008,2020-07-03 09:32:30.100,3100.2000,2908,0,237844440.000,0,-,-,-,-,3100.4000,3100.0000,3099.8000,3099.4000,3098.6000,3107.4000,3108.0000,3119.8000,3122.0000,3130.0000,2,1,1,1,1,1,1,1,1,8
SF,IH2008,2020-07-03 09:32:30.600,3100.2000,2908,0,237844440.000,0,-,-,-,-,3101.0000,3100.6000,3100.4000,3099.8000,3098.6000,3107.4000,3108.0000,3119.8000,3122.0000,3130.0000,1,1,1,1,1,1,1,1,1,8
SF,IH2008,2020-07-03 09:32:31.100,3100.4000,2908,0,238774560.000,1,0,1,多换,S,3101.0000,3100.6000,3100.4000,3099.8000,3098.6000,3107.4000,3108.0000,3119.8000,3122.0000,3130.0000,1,2,1,1,1,1,1,1,1,8
SF,IH2008,2020-07-03 09:32:31.600,3100.4000,2908,0,238774560.000,0,-,-,-,-,3101.2000,3101.0000,3100.6000,3099.8000,3098.6000,3107.4000,3108.0000,3119.8000,3122.0000,3130.0000,1,1,2,1,1,1,1,1,1,8
SF,IH2008,2020-07-03 09:32:32.100,3101.2000,2908,0,239704920.000,1,0,1,多换,S,3101.8000,3101.4000,3101.2000,3100.6000,3096.6000,3107.4000,3108.0000,3119.8000,3122.0000,3130.0000,1,1,1,2,4,2,1,1,1,8
SF,IH2008,2020-07-03 09:32:32.600,3101.6000,2908,0,240635400.000,1,0,1,多换,S,3101.8000,3101.4000,3101.2000,3096.6000,3095.0000,3107.4000,3108.0000,3119.8000,3122.0000,3130.0000,1,1,1,4,3,2,1,1,1,8
SF,IH2008,2020-07-03 09:32:33.100,3101.6000,2908,0,240635400.000,0,-,-,-,-,3101.8000,3101.6000,3101.4000,3096.6000,3095.0000,3107.4000,3108.0000,3118.0000,3119.8000,3122.0000,1,1,1,4,3,2,1,10,1,1
SF,IH2008,2020-07-03 09:32:33.600,3101.6000,2908,0,240635400.000,0,-,-,-,-,3102.2000,3101.6000,3101.4000,3096.6000,3095.0000,3107.4000,3108.0000,3118.0000,3119.8000,3122.0000,1,1,1,4,3,2,1,10,1,1
SF,IH2008,2020-07-03 09:32:34.100,3101.6000,2908,0,240635400.000,0,-,-,-,-,3102.2000,3096.6000,3095.0000,3087.4000,3082.8000,3107.4000,3108.0000,3118.0000,3119.8000,3122.0000,1,4,3,1,1,2,1,10,1,1
SF,IH2008,2020-07-03 09:32:34.600,3101.6000,2908,0,240635400.000,0,-,-,-,-,3102.4000,3102.2000,3096.6000,3095.0000,3087.4000,3107.4000,3108.0000,3118.0000,3119.8000,3122.0000,1,1,4,3,1,2,1,10,1,1
SF,IH2008,2020-07-03 09:32:35.100,3107.4000,2909,1,242499840.000,2,1,1,空开,S,3102.6000,3102.4000,3102.2000,3096.6000,3095.0000,3108.0000,3118.0000,3119.8000,3122.0000,3130.0000,1,1,1,4,3,1,10,1,1,8
SF,IH2008,2020-07-03 09:32:35.600,3102.8000,2909,0,243430680.000,1,0,1,多换,S,3102.6000,3102.4000,3102.2000,3096.6000,3095.0000,3118.0000,3119.8000,3122.0000,3130.0000,3139.8000,1,1,1,4,3,10,1,1,8,1
SF,IH2008,2020-07-03 09:32:36.100,3102.8000,2909,0,243430680.000,0,-,-,-,-,3102.6000,3102.4000,3102.2000,3096.6000,3095.0000,3112.2000,3117.6000,3117.8000,3118.0000,3119.8000,1,1,1,4,3,1,1,1,10,1
SF,IH2008,2020-07-03 09:32:36.600,3102.8000,2909,0,243430680.000,0,-,-,-,-,3102.8000,3102.6000,3102.2000,3096.6000,3095.0000,3108.0000,3117.6000,3118.0000,3119.8000,3122.0000,3,1,1,4,3,1,1,10,1,1
SF,IH2008,2020-07-03 09:32:37.100,3102.8000,2909,0,243430680.000,0,-,-,-,-,3103.2000,3103.0000,3102.8000,3102.2000,3096.6000,3112.2000,3117.6000,3118.0000,3119.8000,3122.0000,1,1,3,1,4,1,1,10,1,1
SF,IH2008,2020-07-03 09:32:37.600,3102.8000,2909,0,243430680.000,0,-,-,-,-,3103.4000,3103.2000,3102.8000,3096.6000,3095.0000,3112.0000,3112.2000,3117.6000,3118.0000,3119.8000,1,1,2,4,3,2,1,1,10,1
SF,IH2008,2020-07-03 09:32:38.100,3102.8000,2909,0,243430680.000,0,-,-,-,-,3104.0000,3103.4000,3102.8000,3096.6000,3095.0000,3112.0000,3112.2000,3117.6000,3118.0000,3119.8000,1,1,1,4,3,2,1,1,10,1
SF,IH2008,2020-07-03 09:32:38.600,3102.8000,2909,0,243430680.000,0,-,-,-,-,3104.2000,3104.0000,3103.6000,3096.6000,3095.0000,3112.0000,3112.2000,3117.6000,3118.0000,3119.8000,1,1,1,4,3,2,1,1,10,1
SF,IH2008,2020-07-03 09:32:39.100,3102.8000,2909,0,243430680.000,0,-,-,-,-,3104.4000,3104.2000,3104.0000,3103.6000,3096.6000,3112.0000,3112.2000,3117.6000,3118.0000,3119.8000,1,2,1,1,4,2,1,1,10,1
SF,IH2008,2020-07-03 09:32:39.600,3102.8000,2909,0,243430680.000,0,-,-,-,-,3104.6000,3104.4000,3104.2000,3104.0000,3096.6000,3112.2000,3117.6000,3118.0000,3119.8000,3122.0000,1,1,1,1,4,1,1,10,1,1
SF,IH2008,2020-07-03 09:32:40.100,3102.8000,2909,0,243430680.000,0,-,-,-,-,3105.2000,3104.8000,3104.6000,3104.4000,3104.2000,3112.2000,3117.6000,3118.0000,3119.8000,3122.0000,1,1,1,1,1,1,1,10,1,1
SF,IH2008,2020-07-03 09:32:40.600,3102.8000,2909,0,243430680.000,0,-,-,-,-,3105.4000,3105.2000,3104.8000,3104.4000,3104.2000,3112.2000,3117.6000,3118.0000,3119.8000,3122.0000,1,1,1,1,1,1,1,10,1,1
SF,IH2008,2020-07-03 09:32:41.100,3102.8000,2909,0,243430680.000,0,-,-,-,-,3105.4000,3105.2000,3104.8000,3104.4000,3096.6000,3112.2000,3117.6000,3118.0000,3119.8000,3122.0000,1,1,1,1,4,1,1,10,1,1
SF,IH2008,2020-07-03 09:32:41.600,3102.8000,2909,0,243430680.000,0,-,-,-,-,3105.4000,3105.2000,3104.8000,3104.4000,3096.6000,3112.2000,3117.6000,3118.0000,3119.8000,3122.0000,2,1,1,1,4,1,1,10,1,1
SF,IH2008,2020-07-03 09:32:42.100,3102.8000,2909,0,243430680.000,0,-,-,-,-,3105.4000,3104.8000,3104.4000,3096.6000,3095.0000,3112.2000,3117.6000,3118.0000,3119.8000,3122.0000,2,1,1,4,3,1,1,10,1,1
SF,IH2008,2020-07-03 09:32:42.600,3102.8000,2909,0,243430680.000,0,-,-,-,-,3106.0000,3105.6000,3105.4000,3104.8000,3096.6000,3112.2000,3117.6000,3118.0000,3119.8000,3122.0000,1,1,2,1,4,1,1,10,1,1
SF,IH2008,2020-07-03 09:32:43.100,3102.8000,2909,0,243430680.000,0,-,-,-,-,3105.6000,3105.4000,3104.8000,3096.6000,3095.0000,3112.2000,3117.6000,3118.0000,3119.8000,3122.0000,1,1,1,4,3,1,1,10,1,1
SF,IH2008,2020-07-03 09:32:43.600,3102.8000,2909,0,243430680.000,0,-,-,-,-,3105.8000,3105.6000,3105.4000,3104.8000,3096.6000,3112.2000,3117.6000,3118.0000,3119.8000,3122.0000,2,1,1,1,4,1,1,10,1,1
SF,IH2008,2020-07-03 09:32:44.100,3102.8000,2909,0,243430680.000,0,-,-,-,-,3105.8000,3105.6000,3105.4000,3096.6000,3095.0000,3112.2000,3117.6000,3118.0000,3119.8000,3122.0000,2,1,1,4,3,1,1,10,1,1
SF,IH2008,2020-07-03 09:32:46.100,3112.2000,2910,1,244364340.000,1,1,0,双开,S,3106.0000,3105.8000,3105.6000,3105.4000,3103.8000,3117.6000,3118.0000,3119.8000,3122.0000,3130.0000,1,2,1,1,1,1,10,1,1,8
SF,IH2008,2020-07-03 09:32:46.600,3112.2000,2910,0,244364340.000,0,-,-,-,-,3106.2000,3106.0000,3105.8000,3105.6000,3105.4000,3112.2000,3117.4000,3118.0000,3119.8000,3122.0000,2,1,1,1,1,1,1,10,1,1
SF,IH2008,2020-07-03 09:32:47.100,3112.2000,2910,0,245298000.000,1,0,1,多换,S,3106.2000,3106.0000,3105.8000,3105.4000,3103.8000,3117.4000,3118.0000,3119.8000,3122.0000,3130.0000,3,1,1,1,1,1,10,1,1,8
SF,IH2008,2020-07-03 09:32:47.600,3112.2000,2910,0,245298000.000,0,-,-,-,-,3106.2000,3106.0000,3105.8000,3105.4000,3103.8000,3117.4000,3119.8000,3122.0000,3130.0000,3139.8000,3,1,1,1,1,1,1,1,8,1
SF,IH2008,2020-07-03 09:32:48.100,3112.2000,2910,0,245298000.000,0,-,-,-,-,3106.2000,3106.0000,3105.8000,3105.4000,3103.8000,3113.2000,3117.4000,3119.8000,3122.0000,3124.0000,2,1,1,1,1,1,1,1,1,10
SF,IH2008,2020-07-03 09:32:48.600,3112.2000,2910,0,245298000.000,0,-,-,-,-,3106.8000,3106.2000,3106.0000,3105.8000,3105.4000,3113.2000,3117.4000,3119.8000,3122.0000,3124.0000,1,2,1,1,1,1,1,1,1,10
SF,IH2008,2020-07-03 09:32:49.100,3112.2000,2910,0,245298000.000,0,-,-,-,-,3106.8000,3106.4000,3106.2000,3105.8000,3105.4000,3113.2000,3117.4000,3119.8000,3122.0000,3124.0000,1,1,1,1,1,1,1,1,1,10
SF,IH2008,2020-07-03 09:32:49.600,3112.2000,2910,0,245298000.000,0,-,-,-,-,3106.8000,3106.4000,3106.2000,3105.8000,3105.4000,3113.2000,3117.4000,3119.8000,3122.0000,3124.0000,1,1,1,1,1,1,1,1,1,10
SF,IH2008,2020-07-03 09:32:50.100,3112.2000,2910,0,245298000.000,0,-,-,-,-,3106.8000,3106.4000,3106.2000,3105.8000,3105.4000,3113.2000,3117.4000,3119.8000,3122.0000,3124.0000,1,1,1,1,1,1,1,1,1,10
SF,IH2008,2020-07-03 09:32:50.600,3112.2000,2910,0,245298000.000,0,-,-,-,-,3106.8000,3106.4000,3106.2000,3105.8000,3105.4000,3113.2000,3117.4000,3119.8000,3122.0000,3124.0000,1,1,1,1,1,1,1,1,1,10
SF,IH2008,2020-07-03 09:32:51.100,3112.2000,2910,0,245298000.000,0,-,-,-,-,3106.8000,3106.4000,3106.2000,3105.8000,3105.4000,3113.2000,3117.4000,3119.8000,3122.0000,3124.0000,1,1,1,1,1,1,1,1,1,10
SF,IH2008,2020-07-03 09:32:52.100,3113.2000,2910,0,246231960.000,1,0,1,多换,S,3106.8000,3106.4000,3106.2000,3105.8000,3105.4000,3117.4000,3119.8000,3122.0000,3124.0000,3130.0000,1,1,1,1,1,1,1,1,10,8
SF,IH2008,2020-07-03 09:32:52.600,3113.2000,2910,0,246231960.000,0,-,-,-,-,3107.0000,3106.8000,3106.4000,3106.2000,3105.8000,3117.4000,3119.8000,3122.0000,3124.0000,3130.0000,1,1,1,1,1,1,1,1,10,8
SF,IH2008,2020-07-03 09:32:53.100,3113.2000,2910,0,246231960.000,0,-,-,-,-,3107.0000,3106.8000,3106.4000,3106.2000,3105.8000,3117.4000,3119.8000,3122.0000,3124.0000,3130.0000,1,1,1,1,1,1,1,1,10,8
SF,IH2008,2020-07-03 09:32:53.600,3113.2000,2910,0,246231960.000,0,-,-,-,-,3107.4000,3107.0000,3106.4000,3106.2000,3105.8000,3117.4000,3119.8000,3122.0000,3124.0000,3130.0000,1,1,1,1,1,1,1,1,10,8
SF,IH2008,2020-07-03 09:32:54.100,3113.2000,2910,0,246231960.000,0,-,-,-,-,3107.6000,3107.4000,3106.4000,3106.2000,3105.8000,3117.4000,3119.8000,3122.0000,3124.0000,3130.0000,1,1,1,1,1,1,1,1,10,8
SF,IH2008,2020-07-03 09:32:54.600,3113.2000,2910,0,246231960.000,0,-,-,-,-,3107.8000,3107.6000,3107.4000,3106.4000,3106.2000,3117.4000,3119.8000,3122.0000,3124.0000,3130.0000,1,1,1,1,1,1,1,1,10,8
SF,IH2008,2020-07-03 09:32:55.100,3113.2000,2910,0,246231960.000,0,-,-,-,-,3108.0000,3107.8000,3107.4000,3106.4000,3106.2000,3117.4000,3119.8000,3122.0000,3124.0000,3130.0000,1,1,1,1,1,1,1,1,10,8
SF,IH2008,2020-07-03 09:32:55.600,3117.4000,2910,0,247167180.000,1,0,1,多换,S,3108.2000,3108.0000,3107.8000,3106.4000,3106.2000,3119.8000,3122.0000,3124.0000,3130.0000,3139.8000,1,2,1,1,1,1,1,10,8,1
SF,IH2008,2020-07-03 09:32:56.100,3117.4000,2910,0,247167180.000,0,-,-,-,-,3108.2000,3108.0000,3107.8000,3106.2000,3105.8000,3119.8000,3122.0000,3124.0000,3130.0000,3139.8000,1,1,3,1,1,1,1,10,8,1
SF,IH2008,2020-07-03 09:32:56.600,3117.4000,2910,0,247167180.000,0,-,-,-,-,3108.2000,3108.0000,3107.8000,3106.2000,3105.8000,3119.6000,3119.8000,3122.0000,3124.0000,3130.0000,1,1,3,1,1,1,1,1,10,8
SF,IH2008,2020-07-03 09:32:57.100,3117.4000,2910,0,247167180.000,0,-,-,-,-,3108.2000,3108.0000,3107.8000,3106.2000,3105.8000,3119.8000,3122.0000,3124.0000,3130.0000,3139.8000,1,1,3,1,1,1,1,10,8,1
SF,IH2008,2020-07-03 09:32:57.600,3117.4000,2910,0,247167180.000,0,-,-,-,-,3109.0000,3108.2000,3107.8000,3106.2000,3105.8000,3119.8000,3122.0000,3124.0000,3130.0000,3139.8000,1,1,3,1,1,1,1,10,8,1
SF,IH2008,2020-07-03 09:32:58.100,3117.4000,2910,0,247167180.000,0,-,-,-,-,3109.0000,3108.2000,3108.0000,3107.8000,3106.2000,3118.6000,3119.6000,3119.8000,3122.0000,3124.0000,1,1,1,2,1,1,1,1,1,10
SF,IH2008,2020-07-03 09:32:58.600,3117.4000,2910,0,247167180.000,0,-,-,-,-,3109.6000,3109.0000,3108.0000,3107.8000,3106.2000,3118.6000,3119.8000,3122.0000,3124.0000,3130.0000,1,1,1,2,1,1,1,1,10,8
SF,IH2008,2020-07-03 09:32:59.100,3117.4000,2910,0,247167180.000,0,-,-,-,-,3109.6000,3108.0000,3107.8000,3106.2000,3105.8000,3118.6000,3119.8000,3122.0000,3124.0000,3130.0000,1,1,2,1,1,2,1,1,10,8
SF,IH2008,2020-07-03 09:32:59.600,3117.4000,2910,0,247167180.000,0,-,-,-,-,3109.6000,3108.0000,3107.8000,3106.2000,3105.8000,3118.4000,3118.6000,3119.8000,3122.0000,3124.0000,1,1,2,1,1,1,1,1,1,10
SF,IH2008,2020-07-03 09:33:01.100,3117.4000,2910,0,247167180.000,0,-,-,-,-,3109.6000,3108.0000,3107.8000,3106.2000,3105.8000,3118.6000,3119.8000,3122.0000,3124.0000,3130.0000,1,1,2,1,1,1,1,1,10,8
SF,IH2008,2020-07-03 09:33:01.600,3117.4000,2910,0,247167180.000,0,-,-,-,-,3109.6000,3108.0000,3107.8000,3106.2000,3105.8000,3118.6000,3119.8000,3122.0000,3124.0000,3130.0000,1,1,2,1,1,1,1,1,10,8
SF,IH2008,2020-07-03 09:33:02.100,3117.4000,2910,0,247167180.000,0,-,-,-,-,3109.8000,3109.6000,3108.0000,3107.8000,3106.2000,3119.8000,3122.0000,3124.0000,3130.0000,3146.0000,1,1,1,2,1,1,1,10,8,2
SF,IH2008,2020-07-03 09:33:02.600,3117.4000,2910,0,247167180.000,0,-,-,-,-,3109.8000,3109.6000,3108.0000,3106.2000,3105.8000,3119.8000,3122.0000,3124.0000,3130.0000,3146.0000,1,1,1,1,1,1,1,10,8,2
SF,IH2008,2020-07-03 09:33:03.100,3117.4000,2910,0,247167180.000,0,-,-,-,-,3110.4000,3109.8000,3108.0000,3106.2000,3105.8000,3119.6000,3119.8000,3122.0000,3124.0000,3130.0000,2,1,1,1,1,1,1,1,10,8
SF,IH2008,2020-07-03 09:33:03.600,3117.4000,2910,0,247167180.000,0,-,-,-,-,3110.4000,3109.8000,3108.0000,3106.2000,3105.8000,3119.8000,3122.0000,3124.0000,3130.0000,3146.0000,2,1,1,1,1,1,1,10,8,2
SF,IH2008,2020-07-03 09:33:04.100,3117.4000,2910,0,247167180.000,0,-,-,-,-,3112.2000,3110.4000,3109.8000,3106.2000,3105.8000,3119.8000,3122.0000,3124.0000,3130.0000,3146.0000,1,2,1,1,1,1,1,10,8,2
SF,IH2008,2020-07-03 09:33:04.600,3119.6000,2911,1,248103060.000,1,1,0,双开,S,3110.4000,3108.0000,3106.2000,3095.0000,3087.4000,3119.8000,3122.0000,3124.0000,3130.0000,3146.0000,4,1,1,3,1,1,1,10,8,2
SF,IH2008,2020-07-03 09:33:05.100,3119.6000,2911,0,248103060.000,0,-,-,-,-,3112.2000,3110.6000,3110.4000,3106.2000,3095.0000,3119.6000,3119.8000,3122.0000,3124.0000,3130.0000,1,3,3,1,3,1,1,1,10,8
SF,IH2008,2020-07-03 09:33:05.600,3119.6000,2911,0,248103060.000,0,-,-,-,-,3112.4000,3112.2000,3110.6000,3110.4000,3106.2000,3119.2000,3119.6000,3119.8000,3122.0000,3124.0000,1,1,2,3,1,1,1,1,1,10
SF,IH2008,2020-07-03 09:33:06.100,3119.6000,2911,0,248103060.000,0,-,-,-,-,3112.6000,3112.4000,3112.2000,3110.6000,3110.4000,3119.0000,3119.8000,3122.0000,3124.0000,3130.0000,1,1,1,2,3,1,1,1,10,8
SF,IH2008,2020-07-03 09:33:06.600,3119.0000,2910,-1,249038760.000,1,0,1,双平,S,3112.8000,3112.6000,3112.2000,3110.6000,3110.4000,3119.8000,3122.0000,3124.0000,3130.0000,3146.0000,1,1,1,2,3,1,1,10,8,2
SF,IH2008,2020-07-03 09:33:07.600,3119.0000,2910,0,249038760.000,0,-,-,-,-,3113.0000,3112.8000,3112.6000,3112.2000,3110.6000,3119.8000,3122.0000,3124.0000,3130.0000,3146.0000,1,1,1,1,2,1,1,10,8,2
SF,IH2008,2020-07-03 09:33:08.100,3119.8000,2909,-1,249974700.000,1,0,1,双平,S,3113.2000,3113.0000,3112.6000,3112.2000,3110.6000,3122.0000,3124.0000,3130.0000,3146.0000,3157.8000,1,1,1,1,2,1,10,8,2,10
SF,IH2008,2020-07-03 09:33:09.100,3119.8000,2909,0,249974700.000,0,-,-,-,-,3113.0000,3110.6000,3110.4000,3106.2000,3095.0000,3122.0000,3124.0000,3130.0000,3146.0000,3157.8000,1,2,2,1,3,2,10,8,2,10
SF,IH2008,2020-07-03 09:33:09.600,3119.8000,2909,0,249974700.000,0,-,-,-,-,3113.2000,3113.0000,3110.6000,3110.4000,3106.2000,3122.0000,3124.0000,3130.0000,3146.0000,3156.6000,1,1,2,2,1,1,10,8,2,4
SF,IH2008,2020-07-03 09:33:10.100,3119.8000,2909,0,249974700.000,0,-,-,-,-,3113.4000,3113.2000,3113.0000,3110.6000,3106.2000,3122.0000,3124.0000,3130.0000,3146.0000,3156.6000,1,1,1,2,1,1,10,8,2,4
SF,IH2008,2020-07-03 09:33:10.600,3119.8000,2909,0,249974700.000,0,-,-,-,-,3113.4000,3113.0000,3110.6000,3106.2000,3095.0000,3122.0000,3124.0000,3130.0000,3146.0000,3151.4000,1,1,2,1,3,2,10,8,2,4
SF,IH2008,2020-07-03 09:33:11.100,3119.8000,2909,0,249974700.000,0,-,-,-,-,3113.4000,3107.0000,3106.2000,3095.0000,3087.4000,3118.0000,3122.0000,3124.0000,3130.0000,3146.0000,1,1,1,3,1,1,2,10,8,2
SF,IH2008,2020-07-03 09:33:11.600,3119.8000,2910,1,250910640.000,1,1,0,双开,S,3113.8000,3113.6000,3113.4000,3107.0000,3095.0000,3118.0000,3122.0000,3124.0000,3130.0000,3146.0000,1,1,1,1,3,1,2,10,8,2
SF,IH2008,2020-07-03 09:33:12.100,3118.0000,2909,-1,251846040.000,1,0,1,双平,S,3113.8000,3113.6000,3107.0000,3095.0000,3087.4000,3119.6000,3122.0000,3124.0000,3130.0000,3146.0000,1,1,1,3,1,1,2,10,8,2
SF,IH2008,2020-07-03 09:33:12.600,3118.0000,2909,0,251846040.000,0,-,-,-,-,3113.8000,3113.6000,3107.0000,3095.0000,3087.4000,3119.6000,3122.0000,3124.0000,3130.0000,3146.0000,1,1,1,3,1,1,2,10,8,2
SF,IH2008,2020-07-03 09:33:13.100,3118.0000,2909,0,251846040.000,0,-,-,-,-,3114.0000,3113.8000,3113.6000,3107.0000,3095.0000,3119.6000,3122.0000,3124.0000,3130.0000,3146.0000,1,1,1,1,3,1,2,10,8,2
SF,IH2008,2020-07-03 09:33:13.600,3118.0000,2909,0,251846040.000,0,-,-,-,-,3114.0000,3113.6000,3107.0000,3095.0000,3087.4000,3119.6000,3122.0000,3124.0000,3130.0000,3146.0000,1,1,1,3,1,1,2,10,8,2
SF,IH2008,2020-07-03 09:33:14.100,3114.0000,2910,1,252780240.000,1,1,0,双开,S,3113.6000,3107.0000,3095.0000,3087.4000,3082.8000,3119.6000,3122.0000,3124.0000,3130.0000,3146.0000,1,1,3,1,1,1,2,10,8,2
SF,IH2008,2020-07-03 09:33:14.600,3114.0000,2910,0,252780240.000,0,-,-,-,-,3113.6000,3107.0000,3095.0000,3087.4000,3082.8000,3119.6000,3122.0000,3124.0000,3130.0000,3146.0000,1,1,3,1,1,1,2,10,8,2
SF,IH2008,2020-07-03 09:33:15.100,3114.0000,2910,0,252780240.000,0,-,-,-,-,3113.6000,3107.0000,3095.0000,3087.4000,3082.8000,3119.6000,3122.0000,3124.0000,3130.0000,3146.0000,1,1,3,1,1,1,2,10,8,2
SF,IH2008,2020-07-03 09:33:15.600,3114.0000,2910,0,252780240.000,0,-,-,-,-,3113.6000,3107.0000,3095.0000,3087.4000,3082.8000,3122.0000,3124.0000,3130.0000,3146.0000,3151.4000,1,1,3,1,1,2,10,8,2,4
SF,IH2008,2020-07-03 09:33:16.100,3114.0000,2910,0,252780240.000,0,-,-,-,-,3113.8000,3113.6000,3107.0000,3095.0000,3087.4000,3120.6000,3122.0000,3124.0000,3130.0000,3146.0000,1,1,1,3,1,1,2,10,8,2
SF,IH2008,2020-07-03 09:33:16.600,3114.0000,2910,0,253714440.000,1,0,1,多换,S,3113.8000,3113.6000,3107.0000,3095.0000,3087.4000,3120.6000,3122.0000,3124.0000,3130.0000,3146.0000,1,1,1,3,1,1,1,10,8,2
SF,IH2008,2020-07-03 09:33:17.100,3114.0000,2910,0,253714440.000,0,-,-,-,-,3113.8000,3113.6000,3107.0000,3095.0000,3087.4000,3120.6000,3122.0000,3124.0000,3130.0000,3146.0000,1,1,1,3,1,2,1,10,8,2
SF,IH2008,2020-07-03 09:33:17.600,3120.4000,2910,0,254650560.000,1,0,1,多换,S,3113.6000,3107.0000,3095.0000,3087.4000,3082.8000,3120.6000,3122.0000,3124.0000,3130.0000,3146.0000,1,1,3,1,1,2,1,10,8,2
SF,IH2008,2020-07-03 09:33:18.100,3120.6000,2909,-1,255586740.000,1,0,1,双平,S,3114.0000,3113.6000,3107.0000,3095.0000,3087.4000,3120.6000,3122.0000,3124.0000,3130.0000,3146.0000,1,1,1,3,1,1,1,10,8,2
SF,IH2008,2020-07-03 09:33:18.600,3120.6000,2909,0,255586740.000,0,-,-,-,-,3114.0000,3113.6000,3107.0000,3095.0000,3087.4000,3120.6000,3122.0000,3124.0000,3130.0000,3146.0000,1,1,1,3,1,1,1,10,8,2
SF,IH2008,2020-07-03 09:33:19.100,3113.6000,2910,1,257455020.000,2,1,1,空开,S,3107.0000,3095.0000,3087.4000,3082.8000,3077.0000,3114.0000,3120.6000,3122.0000,3124.0000,3130.0000,1,3,1,1,2,1,1,1,10,8
SF,IH2008,2020-07-03 09:33:19.600,3113.6000,2910,0,257455020.000,0,-,-,-,-,3108.0000,3107.2000,3107.0000,3095.0000,3087.4000,3122.0000,3124.0000,3130.0000,3146.0000,3151.4000,1,4,1,3,1,1,10,8,2,4
SF,IH2008,2020-07-03 09:33:20.100,3113.6000,2910,0,257455020.000,0,-,-,-,-,3108.2000,3108.0000,3107.0000,3095.0000,3087.4000,3122.0000,3124.0000,3130.0000,3146.0000,3151.4000,1,1,1,3,1,1,10,8,2,4
SF,IH2008,2020-07-03 09:33:20.600,3113.6000,2910,0,257455020.000,0,-,-,-,-,3108.2000,3108.0000,3107.0000,3095.0000,3087.4000,3119.6000,3122.0000,3124.0000,3130.0000,3146.0000,1,1,1,3,1,1,1,10,8,2
SF,IH2008,2020-07-03 09:33:22.100,3113.6000,2910,0,257455020.000,0,-,-,-,-,3108.4000,3108.2000,3107.0000,3095.0000,3087.4000,3119.6000,3122.0000,3124.0000,3130.0000,3146.0000,1,1,1,3,1,1,1,10,8,2
SF,IH2008,2020-07-03 09:33:22.600,3113.6000,2910,0,257455020.000,0,-,-,-,-,3108.4000,3108.0000,3107.0000,3095.0000,3087.4000,3119.6000,3122.0000,3124.0000,3130.0000,3146.0000,1,1,1,3,1,1,1,10,8,2
SF,IH2008,2020-07-03 09:33:23.100,3113.6000,2910,0,257455020.000,0,-,-,-,-,3108.6000,3108.4000,3108.0000,3107.0000,3095.0000,3117.0000,3119.6000,3122.0000,3124.0000,3130.0000,1,1,1,1,3,1,1,1,10,8
SF,IH2008,2020-07-03 09:33:23.600,3113.6000,2910,0,257455020.000,0,-,-,-,-,3108.6000,3108.4000,3108.0000,3107.0000,3095.0000,3117.0000,3119.6000,3122.0000,3124.0000,3130.0000,1,1,1,1,3,1,1,1,10,8
SF,IH2008,2020-07-03 09:33:24.100,3117.0000,2909,-1,258390120.000,1,0,1,双平,S,3109.2000,3108.6000,3108.4000,3108.0000,3107.0000,3119.6000,3122.0000,3124.0000,3130.0000,3146.0000,1,1,1,1,1,1,1,10,8,2
SF,IH2008,2020-07-03 09:33:24.600,3117.0000,2909,0,258390120.000,0,-,-,-,-,3109.4000,3109.2000,3108.4000,3108.0000,3107.0000,3119.4000,3119.6000,3122.0000,3124.0000,3130.0000,1,1,1,1,1,1,1,1,10,8
SF,IH2008,2020-07-03 09:33:25.100,3117.0000,2909,0,258390120.000,0,-,-,-,-,3109.4000,3108.4000,3108.0000,3107.0000,3095.0000,3119.4000,3119.6000,3122.0000,3130.0000,3146.0000,1,1,1,1,3,1,1,1,8,2
SF,IH2008,2020-07-03 09:33:25.600,3117.0000,2909,0,258390120.000,0,-,-,-,-,3109.4000,3108.4000,3108.0000,3107.0000,3095.0000,3119.4000,3119.6000,3122.0000,3130.0000,3146.0000,1,1,1,1,3,1,1,1,18,2
SF,IH2008,2020-07-03 09:33:26.100,3117.0000,2909,0,258390120.000,0,-,-,-,-,3109.4000,3108.0000,3107.0000,3095.0000,3087.4000,3119.0000,3119.4000,3122.0000,3130.0000,3146.0000,1,1,1,3,1,1,1,1,18,2
SF,IH2008,2020-07-03 09:33:26.600,3117.0000,2909,0,258390120.000,0,-,-,-,-,3109.4000,3108.0000,3107.0000,3095.0000,3087.4000,3118.8000,3119.0000,3122.0000,3130.0000,3146.0000,1,1,1,3,1,1,1,1,18,2
SF,IH2008,2020-07-03 09:33:27.100,3118.8000,2908,-1,259325760.000,1,0,1,双平,S,3109.6000,3109.4000,3108.0000,3107.0000,3095.0000,3119.0000,3122.0000,3130.0000,3146.0000,3151.4000,2,1,1,1,3,1,1,18,2,4
SF,IH2008,2020-07-03 09:33:27.600,3118.8000,2908,0,259325760.000,0,-,-,-,-,3109.6000,3108.0000,3107.0000,3095.0000,3087.4000,3118.6000,3119.0000,3122.0000,3130.0000,3146.0000,2,1,1,3,1,1,1,1,18,2
SF,IH2008,2020-07-03 09:33:28.100,3118.8000,2908,0,259325760.000,0,-,-,-,-,3109.6000,3108.0000,3107.0000,3095.0000,3087.4000,3118.6000,3122.0000,3130.0000,3146.0000,3151.4000,3,1,1,3,1,1,1,18,2,4
SF,IH2008,2020-07-03 09:33:28.600,3118.8000,2908,0,259325760.000,0,-,-,-,-,3109.6000,3108.0000,3107.0000,3095.0000,3087.4000,3118.6000,3122.0000,3130.0000,3146.0000,3151.4000,3,1,1,3,1,2,1,18,2,4
SF,IH2008,2020-07-03 09:33:29.100,3118.8000,2908,0,259325760.000,0,-,-,-,-,3109.6000,3108.0000,3107.0000,3095.0000,3087.4000,3118.6000,3122.0000,3130.0000,3146.0000,3151.4000,1,1,1,3,1,2,1,18,2,4
SF,IH2008,2020-07-03 09:33:29.600,3118.8000,2908,0,259325760.000,0,-,-,-,-,3109.6000,3108.0000,3107.0000,3095.0000,3087.4000,3118.4000,3118.6000,3122.0000,3130.0000,3146.0000,1,1,1,3,1,1,2,1,18,2
SF,IH2008,2020-07-03 09:33:30.100,3118.8000,2908,0,259325760.000,0,-,-,-,-,3109.8000,3109.6000,3108.0000,3107.0000,3095.0000,3118.4000,3118.6000,3122.0000,3130.0000,3146.0000,1,1,1,1,3,2,1,1,18,2
SF,IH2008,2020-07-03 09:33:30.600,3118.8000,2908,0,259325760.000,0,-,-,-,-,3109.8000,3109.6000,3107.0000,3095.0000,3087.4000,3117.6000,3118.4000,3120.0000,3122.0000,3130.0000,1,1,1,3,1,1,2,1,1,18
SF,IH2008,2020-07-03 09:33:31.100,3118.8000,2908,0,259325760.000,0,-,-,-,-,3109.8000,3109.6000,3107.0000,3095.0000,3087.4000,3117.4000,3117.6000,3120.0000,3122.0000,3130.0000,1,1,1,3,1,1,2,1,1,18
SF,IH2008,2020-07-03 09:33:31.600,3118.8000,2908,0,259325760.000,0,-,-,-,-,3110.4000,3109.8000,3109.6000,3107.0000,3095.0000,3117.4000,3117.6000,3120.0000,3122.0000,3130.0000,1,1,1,1,3,2,1,1,1,18
SF,IH2008,2020-07-03 09:33:32.600,3110.4000,2908,0,260258880.000,1,0,1,多换,S,3109.8000,3109.6000,3107.0000,3095.0000,3087.4000,3110.4000,3117.4000,3117.6000,3120.0000,3122.0000,1,1,1,3,1,1,2,1,1,1
SF,IH2008,2020-07-03 09:33:33.100,3110.4000,2907,-1,261192000.000,1,0,1,双平,S,3110.4000,3109.8000,3109.6000,3107.0000,3095.0000,3117.0000,3120.0000,3122.0000,3130.0000,3146.0000,1,1,1,1,3,1,1,1,18,2
SF,IH2008,2020-07-03 09:33:33.600,3117.0000,2906,-1,262127100.000,1,0,1,双平,S,3110.4000,3110.2000,3109.6000,3107.0000,3095.0000,3120.0000,3122.0000,3130.0000,3146.0000,3151.4000,1,1,1,1,3,1,1,18,2,4
SF,IH2008,2020-07-03 09:33:34.100,3117.0000,2906,0,262127100.000,0,-,-,-,-,3110.8000,3110.6000,3110.4000,3109.6000,3107.0000,3120.0000,3122.0000,3130.0000,3146.0000,3151.4000,1,2,1,1,1,1,1,18,2,4
SF,IH2008,2020-07-03 09:33:34.600,3117.0000,2906,0,262127100.000,0,-,-,-,-,3111.8000,3110.8000,3110.6000,3110.4000,3107.0000,3117.2000,3120.0000,3122.0000,3130.0000,3146.0000,1,1,2,1,1,1,1,1,18,2
SF,IH2008,2020-07-03 09:33:35.100,3117.0000,2906,0,262127100.000,0,-,-,-,-,3111.8000,3110.8000,3110.6000,3110.4000,3107.0000,3117.2000,3120.0000,3122.0000,3130.0000,3146.0000,1,1,2,1,1,1,1,1,18,2
SF,IH2008,2020-07-03 09:33:35.600,3112.0000,2906,0,263060700.000,1,0,1,多换,S,3111.8000,3110.8000,3110.6000,3110.4000,3107.0000,3117.2000,3120.0000,3122.0000,3130.0000,3146.0000,1,1,2,1,1,1,1,1,18,2
SF,IH2008,2020-07-03 09:33:36.100,3112.0000,2906,0,263060700.000,0,-,-,-,-,3112.0000,3110.8000,3110.4000,3107.0000,3095.0000,3117.2000,3120.0000,3122.0000,3130.0000,3146.0000,1,1,1,1,3,1,1,1,18,2
SF,IH2008,2020-07-03 09:33:36.600,3112.0000,2907,1,263994300.000,1,1,0,双开,S,3112.0000,3110.4000,3107.0000,3095.0000,3087.4000,3117.2000,3120.0000,3122.0000,3130.0000,3146.0000,1,1,1,3,1,1,1,1,18,2
SF,IH2008,2020-07-03 09:33:37.100,3112.0000,2907,0,263994300.000,0,-,-,-,-,3110.4000,3107.0000,3095.0000,3087.4000,3082.8000,3117.0000,3117.2000,3120.0000,3122.0000,3130.0000,1,1,3,1,1,1,2,1,1,18
SF,IH2008,2020-07-03 09:33:37.600,3112.0000,2907,0,263994300.000,0,-,-,-,-,3110.4000,3107.0000,3095.0000,3087.4000,3082.8000,3112.0000,3115.4000,3117.0000,3117.2000,3120.0000,1,1,3,1,1,1,1,2,1,1
SF,IH2008,2020-07-03 09:33:38.100,3112.0000,2907,0,264927900.000,1,0,1,多换,S,3112.4000,3110.4000,3107.0000,3095.0000,3087.4000,3115.4000,3117.0000,3117.2000,3120.0000,3120.6000,2,1,1,3,1,1,1,1,1,1
SF,IH2008,2020-07-03 09:33:38.600,3110.4000,2907,0,267728460.000,3,1,2,多换,S,3108.2000,3107.0000,3095.0000,3087.4000,3082.8000,3117.0000,3117.2000,3120.0000,3120.6000,3122.0000,1,1,3,1,1,1,1,1,1,1
SF,IH2008,2020-07-03 09:33:39.100,3110.4000,2907,0,267728460.000,0,-,-,-,-,3108.4000,3108.2000,3108.0000,3107.0000,3095.0000,3117.2000,3120.0000,3120.6000,3122.0000,3130.0000,1,1,1,1,3,1,1,1,1,18
SF,IH2008,2020-07-03 09:33:39.600,3110.4000,2907,0,267728460.000,0,-,-,-,-,3109.4000,3109.2000,3108.6000,3108.4000,3108.0000,3117.2000,3120.0000,3120.6000,3122.0000,3130.0000,1,1,1,1,1,1,1,1,1,18
SF,IH2008,2020-07-03 09:33:40.100,3110.4000,2907,0,267728460.000,0,-,-,-,-,3109.6000,3109.4000,3109.2000,3108.6000,3108.0000,3117.2000,3120.0000,3120.6000,3122.0000,3130.0000,1,1,1,1,1,1,1,1,1,18
SF,IH2008,2020-07-03 09:33:40.600,3110.4000,2907,0,267728460.000,0,-,-,-,-,3109.4000,3109.2000,3108.6000,3108.0000,3107.0000,3117.2000,3120.0000,3120.6000,3122.0000,3130.0000,1,1,1,1,1,2,1,1,1,18
SF,IH2008,2020-07-03 09:33:41.100,3110.4000,2907,0,267728460.000,0,-,-,-,-,3110.0000,3109.4000,3108.6000,3108.0000,3107.0000,3116.2000,3117.2000,3120.0000,3120.6000,3122.0000,1,1,1,1,1,1,2,1,1,1
SF,IH2008,2020-07-03 09:33:42.100,3110.4000,2907,0,267728460.000,0,-,-,-,-,3109.4000,3108.6000,3108.0000,3107.0000,3095.0000,3116.2000,3117.2000,3120.0000,3120.6000,3122.0000,1,1,1,1,3,1,2,1,1,1
SF,IH2008,2020-07-03 09:33:43.100,3110.4000,2907,0,267728460.000,0,-,-,-,-,3109.6000,3109.4000,3108.6000,3108.0000,3107.0000,3116.2000,3117.2000,3120.0000,3120.6000,3122.0000,1,1,1,1,1,2,1,1,1,1
SF,IH2008,2020-07-03 09:33:43.600,3110.4000,2907,0,267728460.000,0,-,-,-,-,3109.6000,3109.4000,3108.6000,3107.0000,3095.0000,3116.2000,3117.2000,3120.0000,3120.6000,3122.0000,1,1,1,1,3,2,1,1,1,1
SF,IH2008,2020-07-03 09:33:44.100,3110.4000,2907,0,267728460.000,0,-,-,-,-,3109.4000,3108.6000,3107.0000,3095.0000,3087.4000,3116.2000,3117.2000,3120.0000,3120.6000,3122.0000,1,1,1,3,1,2,1,1,1,1
SF,IH2008,2020-07-03 09:33:44.600,3110.4000,2907,0,267728460.000,0,-,-,-,-,3109.4000,3108.6000,3107.0000,3095.0000,3087.4000,3116.2000,3117.2000,3120.0000,3120.6000,3122.0000,1,1,1,3,1,2,1,1,1,1
SF,IH2008,2020-07-03 09:33:45.100,3110.4000,2907,0,267728460.000,0,-,-,-,-,3109.4000,3108.6000,3108.0000,3107.0000,3095.0000,3116.2000,3117.2000,3120.0000,3120.6000,3130.0000,1,1,1,1,3,2,1,1,1,18
SF,IH2008,2020-07-03 09:33:45.600,3109.4000,2908,1,268661280.000,1,1,0,双开,S,3108.6000,3108.0000,3107.0000,3095.0000,3087.4000,3116.2000,3117.2000,3120.0000,3120.6000,3121.8000,1,1,1,3,1,2,1,1,1,1
SF,IH2008,2020-07-03 09:33:46.100,3109.4000,2908,0,268661280.000,0,-,-,-,-,3108.8000,3108.6000,3108.0000,3107.0000,3095.0000,3116.0000,3116.2000,3117.2000,3120.0000,3120.6000,1,1,1,1,3,1,2,1,1,1
SF,IH2008,2020-07-03 09:33:46.600,3109.4000,2908,0,268661280.000,0,-,-,-,-,3109.0000,3108.8000,3108.6000,3108.0000,3107.0000,3116.0000,3116.2000,3117.2000,3120.0000,3120.6000,1,1,1,1,1,2,1,1,1,1
SF,IH2008,2020-07-03 09:33:47.100,3109.4000,2908,0,268661280.000,0,-,-,-,-,3109.2000,3109.0000,3108.6000,3108.0000,3107.0000,3115.6000,3116.0000,3117.2000,3120.0000,3120.6000,2,1,1,1,1,1,2,1,1,1
SF,IH2008,2020-07-03 09:33:47.600,3109.4000,2908,0,268661280.000,0,-,-,-,-,3109.6000,3109.4000,3109.2000,3108.6000,3108.0000,3115.4000,3115.6000,3116.0000,3117.2000,3120.0000,1,1,2,1,1,1,1,1,1,1
SF,IH2008,2020-07-03 09:33:48.100,3109.4000,2908,0,268661280.000,0,-,-,-,-,3109.8000,3109.6000,3109.4000,3109.2000,3108.6000,3115.4000,3115.6000,3116.0000,3117.2000,3120.0000,1,1,1,1,1,1,1,1,1,1
SF,IH2008,2020-07-03 09:33:48.600,3109.4000,2908,0,268661280.000,0,-,-,-,-,3110.2000,3109.8000,3109.6000,3109.4000,3109.2000,3115.4000,3115.6000,3117.2000,3120.0000,3120.6000,1,1,1,1,1,2,1,1,1,1
SF,IH2008,2020-07-03 09:33:49.100,3109.4000,2908,0,268661280.000,0,-,-,-,-,3110.4000,3110.2000,3109.6000,3109.4000,3108.6000,3115.4000,3115.6000,3117.2000,3120.0000,3120.6000,1,1,1,1,1,2,1,1,1,1
SF,IH2008,2020-07-03 09:33:49.600,3109.8000,2908,0,269594220.000,1,0,1,多换,S,3110.2000,3109.6000,3109.4000,3108.6000,3107.0000,3115.0000,3115.4000,3117.2000,3120.0000,3120.6000,1,1,1,1,1,1,2,1,1,1
SF,IH2008,2020-07-03 09:33:50.100,3110.4000,2908,0,270527340.000,1,0,1,多换,S,3110.2000,3109.6000,3109.4000,3108.6000,3107.0000,3114.8000,3115.0000,3117.2000,3120.0000,3120.6000,1,1,1,1,1,1,1,1,1,1
SF,IH2008,2020-07-03 09:33:50.600,3110.4000,2908,0,270527340.000,0,-,-,-,-,3110.2000,3109.6000,3108.6000,3107.0000,3095.0000,3114.8000,3115.0000,3117.2000,3120.0000,3120.6000,1,1,1,1,3,1,1,1,1,1
SF,IH2008,2020-07-03 09:33:51.100,3110.2000,2908,0,271460400.000,1,0,1,多换,S,3109.6000,3107.0000,3095.0000,3087.4000,3082.8000,3114.8000,3115.0000,3120.0000,3120.6000,3121.8000,1,1,3,1,1,2,1,1,1,1
SF,IH2008,2020-07-03 09:33:51.600,3110.2000,2908,0,271460400.000,0,-,-,-,-,3109.8000,3109.6000,3107.0000,3095.0000,3087.4000,3114.2000,3114.8000,3115.0000,3120.0000,3120.6000,1,1,1,3,1,1,2,1,1,1
SF,IH2008,2020-07-03 09:33:52.100,3110.0000,2908,0,272393400.000,1,0,1,多换,S,3109.8000,3109.6000,3107.0000,3095.0000,3087.4000,3114.0000,3114.2000,3115.0000,3120.0000,3120.6000,1,1,1,3,1,1,1,1,1,1
SF,IH2008,2020-07-03 09:33:52.600,3114.0000,2907,-1,273327600.000,1,0,1,双平,S,3110.0000,3109.8000,3109.6000,3107.0000,3095.0000,3114.2000,3120.0000,3120.6000,3121.8000,3130.0000,1,1,1,1,3,1,1,1,1,18
SF,IH2008,2020-07-03 09:33:53.100,3110.0000,2906,-1,275194800.000,2,0,2,多平,S,3110.0000,3109.8000,3107.0000,3095.0000,3087.4000,3114.2000,3120.0000,3120.6000,3121.8000,3130.0000,1,1,1,3,1,1,1,1,1,18
SF,IH2008,2020-07-03 09:33:53.600,3110.0000,2907,1,276127800.000,1,1,0,双开,S,3110.2000,3109.8000,3107.0000,3095.0000,3087.4000,3114.0000,3114.2000,3120.0000,3120.6000,3121.8000,2,1,1,3,1,1,1,1,1,1
SF,IH2008,2020-07-03 09:33:54.100,3110.0000,2907,0,276127800.000,0,-,-,-,-,3110.2000,3109.8000,3107.0000,3095.0000,3087.4000,3113.2000,3113.8000,3114.0000,3114.2000,3120.0000,2,1,1,3,1,1,1,2,1,1
SF,IH2008,2020-07-03 09:33:55.100,3113.2000,2906,-1,277061760.000,1,0,1,双平,S,3110.2000,3110.0000,3109.8000,3107.0000,3095.0000,3113.0000,3114.0000,3114.2000,3120.0000,3120.6000,2,1,1,1,3,1,2,1,1,1
SF,IH2008,2020-07-03 09:33:55.600,3113.0000,2905,-1,277995660.000,1,0,1,双平,S,3110.4000,3110.2000,3110.0000,3109.8000,3107.0000,3114.0000,3114.2000,3120.0000,3120.6000,3121.8000,1,2,1,1,1,2,1,1,1,1
SF,IH2008,2020-07-03 09:33:56.100,3114.0000,2904,-1,278929860.000,1,0,1,双平,S,3110.6000,3110.4000,3110.2000,3110.0000,3107.0000,3114.2000,3120.0000,3120.6000,3121.8000,3130.0000,1,1,1,1,1,1,1,1,1,18
SF,IH2008,2020-07-03 09:33:56.600,3110.6000,2904,0,279863040.000,1,0,1,多换,S,3110.6000,3110.4000,3110.0000,3107.0000,3095.0000,3114.0000,3114.2000,3120.0000,3120.6000,3121.8000,1,1,1,1,3,2,1,1,1,1
SF,IH2008,2020-07-03 09:33:57.100,3110.6000,2905,1,280796220.000,1,1,0,双开,S,3110.4000,3110.0000,3107.0000,3095.0000,3087.4000,3114.0000,3114.2000,3120.0000,3120.6000,3121.8000,1,1,1,3,1,3,1,1,1,1
SF,IH2008,2020-07-03 09:33:57.600,3110.6000,2905,0,280796220.000,0,-,-,-,-,3110.6000,3110.0000,3107.0000,3095.0000,3087.4000,3114.0000,3114.2000,3120.0000,3121.8000,3130.0000,1,1,1,3,1,3,1,1,1,18
SF,IH2008,2020-07-03 09:33:58.100,3110.6000,2905,0,280796220.000,0,-,-,-,-,3110.6000,3110.0000,3107.0000,3095.0000,3087.4000,3114.0000,3114.2000,3120.0000,3121.8000,3130.0000,1,1,1,3,1,2,1,1,1,18
SF,IH2008,2020-07-03 09:33:58.600,3110.6000,2905,0,280796220.000,0,-,-,-,-,3110.6000,3110.0000,3107.0000,3095.0000,3087.4000,3113.8000,3114.0000,3114.2000,3120.0000,3121.8000,1,1,1,3,1,1,2,1,1,1
SF,IH2008,2020-07-03 09:33:59.100,3110.6000,2906,1,281729400.000,1,1,0,双开,S,3110.0000,3107.0000,3095.0000,3087.4000,3082.8000,3113.6000,3113.8000,3114.0000,3114.2000,3120.0000,1,1,3,1,1,2,1,1,1,1
SF,IH2008,2020-07-03 09:33:59.600,3110.0000,2907,1,282662400.000,1,1,0,双开,S,3107.0000,3095.0000,3087.4000,3082.8000,3077.0000,3113.6000,3113.8000,3114.0000,3114.2000,3120.0000,1,3,1,1,2,2,1,1,1,1
SF,IH2008,2020-07-03 09:34:00.100,3110.0000,2907,0,282662400.000,0,-,-,-,-,3108.0000,3107.2000,3107.0000,3095.0000,3087.4000,3113.6000,3113.8000,3120.0000,3121.8000,3130.0000,1,1,1,3,1,2,1,1,1,18
SF,IH2008,2020-07-03 09:34:00.600,3110.0000,2907,0,282662400.000,0,-,-,-,-,3108.2000,3108.0000,3107.0000,3095.0000,3087.4000,3113.6000,3120.0000,3121.8000,3130.0000,3135.4000,1,1,1,3,1,2,1,1,18,1
SF,IH2008,2020-07-03 09:34:01.100,3113.4000,2908,1,283596420.000,1,1,0,双开,S,3108.4000,3108.2000,3107.0000,3095.0000,3087.4000,3113.2000,3113.6000,3120.0000,3121.8000,3130.0000,2,1,1,3,1,1,1,1,1,18
SF,IH2008,2020-07-03 09:34:01.600,3113.4000,2908,0,283596420.000,0,-,-,-,-,3109.2000,3108.6000,3108.4000,3107.0000,3095.0000,3113.0000,3113.2000,3120.0000,3121.8000,3130.0000,1,1,2,1,3,1,1,1,1,18
SF,IH2008,2020-07-03 09:34:02.100,3113.4000,2908,0,283596420.000,0,-,-,-,-,3109.4000,3109.2000,3108.4000,3107.0000,3095.0000,3113.0000,3113.2000,3120.0000,3121.8000,3130.0000,3,1,2,1,3,1,1,1,1,18
SF,IH2008,2020-07-03 09:34:02.600,3109.4000,2910,2,286394880.000,3,2,1,空开,S,3109.2000,3108.4000,3107.0000,3095.0000,3087.4000,3112.6000,3113.0000,3120.0000,3121.8000,3130.0000,1,2,1,3,1,1,1,1,1,18
SF,IH2008,2020-07-03 09:34:03.100,3112.4000,2909,-1,287328600.000,1,0,1,双平,S,3109.4000,3108.4000,3107.0000,3095.0000,3087.4000,3112.6000,3120.0000,3121.8000,3130.0000,3135.4000,1,2,1,3,1,1,1,1,18,1
SF,IH2008,2020-07-03 09:34:03.600,3112.4000,2908,-1,288262320.000,1,0,1,双平,S,3109.4000,3108.4000,3107.0000,3095.0000,3087.4000,3112.6000,3120.0000,3121.8000,3130.0000,3135.4000,1,1,1,3,1,1,1,1,18,1
SF,IH2008,2020-07-03 09:34:04.100,3112.4000,2908,0,288262320.000,0,-,-,-,-,3109.4000,3108.4000,3107.0000,3095.0000,3087.4000,3112.4000,3112.6000,3120.0000,3121.8000,3130.0000,1,1,1,3,1,1,1,1,1,18
SF,IH2008,2020-07-03 09:34:05.100,3112.4000,2908,0,288262320.000,0,-,-,-,-,3109.4000,3108.4000,3107.0000,3095.0000,3087.4000,3112.2000,3112.4000,3120.0000,3121.8000,3130.0000,1,1,1,3,1,1,1,1,1,18
SF,IH2008,2020-07-03 09:34:05.600,3109.4000,2907,-1,290128800.000,2,0,2,多平,S,3108.4000,3107.0000,3095.0000,3087.4000,3082.8000,3112.2000,3120.0000,3121.8000,3130.0000,3135.4000,1,1,3,1,1,1,1,1,18,1
SF,IH2008,2020-07-03 09:34:06.100,3112.0000,2906,-1,291062400.000,1,0,1,双平,S,3108.6000,3108.4000,3107.0000,3095.0000,3087.4000,3112.2000,3120.0000,3121.8000,3130.0000,3135.4000,1,1,1,3,1,1,1,1,18,1
SF,IH2008,2020-07-03 09:34:06.600,3112.0000,2906,0,291062400.000,0,-,-,-,-,3108.8000,3108.6000,3095.0000,3087.4000,3082.8000,3112.0000,3112.2000,3120.0000,3121.8000,3130.0000,2,2,3,1,1,2,1,1,1,18
SF,IH2008,2020-07-03 09:34:07.100,3112.0000,2906,0,291062400.000,0,-,-,-,-,3109.0000,3108.8000,3108.6000,3095.0000,3087.4000,3112.0000,3112.2000,3120.0000,3121.8000,3130.0000,1,2,1,3,1,2,1,1,1,18
SF,IH2008,2020-07-03 09:34:07.600,3112.0000,2906,0,291062400.000,0,-,-,-,-,3109.2000,3109.0000,3108.8000,3108.6000,3095.0000,3111.8000,3112.0000,3120.0000,3121.8000,3130.0000,1,1,1,1,3,1,2,1,1,18
SF,IH2008,2020-07-03 09:34:08.100,3109.4000,2907,1,292928760.000,2,1,1,空开,S,3109.2000,3108.8000,3108.6000,3095.0000,3087.4000,3112.0000,3120.0000,3121.8000,3130.0000,3135.4000,1,1,1,3,1,1,1,1,18,1
SF,IH2008,2020-07-03 09:34:08.600,3109.4000,2907,0,292928760.000,0,-,-,-,-,3109.4000,3109.2000,3108.8000,3108.6000,3095.0000,3112.0000,3120.0000,3121.8000,3130.0000,3135.4000,1,1,1,1,3,1,1,1,18,1
SF,IH2008,2020-07-03 09:34:09.100,3109.4000,2907,0,292928760.000,0,-,-,-,-,3109.6000,3109.4000,3108.8000,3108.6000,3095.0000,3112.0000,3120.0000,3121.8000,3130.0000,3135.4000,1,1,1,1,3,1,1,1,18,1
SF,IH2008,2020-07-03 09:34:09.600,3111.8000,2908,1,293862300.000,1,1,0,双开,S,3109.8000,3109.6000,3108.8000,3108.6000,3095.0000,3120.0000,3121.8000,3130.0000,3135.4000,3146.0000,1,1,1,1,3,1,1,18,1,2
SF,IH2008,2020-07-03 09:34:10.100,3111.8000,2908,0,293862300.000,0,-,-,-,-,3110.0000,3109.8000,3108.8000,3108.6000,3095.0000,3119.6000,3119.8000,3120.0000,3121.8000,3130.0000,1,1,1,1,3,1,1,2,1,18
SF,IH2008,2020-07-03 09:34:10.600,3111.8000,2908,0,293862300.000,0,-,-,-,-,3110.2000,3110.0000,3108.8000,3108.6000,3095.0000,3119.4000,3119.6000,3120.0000,3121.8000,3130.0000,1,1,1,1,3,1,2,1,1,18
SF,IH2008,2020-07-03 09:34:11.100,3110.2000,2908,0,294795360.000,1,0,1,多换,S,3110.4000,3108.8000,3108.6000,3095.0000,3087.4000,3119.4000,3119.6000,3120.0000,3121.8000,3130.0000,1,1,1,3,1,2,1,1,1,18
SF,IH2008,2020-07-03 09:34:11.600,3110.2000,2908,0,294795360.000,0,-,-,-,-,3110.6000,3110.4000,3108.8000,3108.6000,3095.0000,3119.0000,3119.4000,3120.0000,3121.8000,3130.0000,1,1,1,1,3,1,2,1,1,18
SF,IH2008,2020-07-03 09:34:12.100,3110.2000,2908,0,294795360.000,0,-,-,-,-,3110.8000,3110.6000,3108.8000,3108.6000,3095.0000,3118.8000,3119.0000,3120.0000,3121.8000,3130.0000,1,1,1,1,3,1,2,1,1,18
SF,IH2008,2020-07-03 09:34:12.600,3110.2000,2908,0,294795360.000,0,-,-,-,-,3111.0000,3110.8000,3108.8000,3108.6000,3095.0000,3118.8000,3119.0000,3120.0000,3121.8000,3130.0000,1,1,1,1,3,2,1,1,1,18
SF,IH2008,2020-07-03 09:34:13.100,3110.2000,2908,0,294795360.000,0,-,-,-,-,3111.2000,3111.0000,3108.8000,3108.6000,3095.0000,3118.8000,3119.0000,3120.0000,3121.8000,3130.0000,1,1,1,1,3,2,1,1,1,18
SF,IH2008,2020-07-03 09:34:13.600,3110.2000,2908,0,294795360.000,0,-,-,-,-,3111.4000,3111.2000,3108.8000,3108.6000,3095.0000,3118.8000,3120.0000,3121.8000,3130.0000,3135.4000,1,1,1,1,3,2,1,1,8,1
SF,IH2008,2020-07-03 09:34:14.100,3111.0000,2908,0,295728660.000,1,0,1,多换,S,3111.6000,3108.8000,3108.6000,3095.0000,3087.4000,3118.8000,3120.0000,3121.8000,3130.0000,3135.4000,2,1,1,3,1,2,2,1,8,1
SF,IH2008,2020-07-03 09:34:14.600,3111.0000,2908,0,295728660.000,0,-,-,-,-,3112.0000,3111.6000,3108.8000,3108.6000,3095.0000,3118.8000,3120.0000,3121.8000,3130.0000,3130.6000,3,2,1,1,3,2,2,1,8,10
SF,IH2008,2020-07-03 09:34:15.100,3118.8000,2907,-1,296664300.000,1,0,1,双平,S,3112.2000,3112.0000,3110.0000,3108.8000,3108.6000,3118.8000,3120.0000,3121.8000,3130.0000,3130.6000,2,3,1,1,1,1,2,1,8,10
SF,IH2008,2020-07-03 09:34:15.600,3118.8000,2907,0,296664300.000,0,-,-,-,-,3112.2000,3112.0000,3110.0000,3108.8000,3108.6000,3118.6000,3118.8000,3120.0000,3121.8000,3130.0000,2,3,1,1,1,1,1,2,1,8
SF,IH2008,2020-07-03 09:34:16.100,3118.8000,2907,0,296664300.000,0,-,-,-,-,3112.2000,3112.0000,3110.0000,3108.8000,3108.6000,3118.6000,3120.0000,3121.8000,3130.0000,3130.6000,2,3,1,1,1,2,2,1,8,10
SF,IH2008,2020-07-03 09:34:16.600,3118.8000,2907,0,296664300.000,0,-,-,-,-,3112.2000,3112.0000,3110.0000,3108.8000,3108.6000,3118.6000,3120.0000,3121.8000,3130.0000,3130.6000,1,3,1,1,1,2,2,1,8,10
SF,IH2008,2020-07-03 09:34:17.100,3112.0000,2908,1,298531560.000,2,1,1,空开,S,3112.0000,3110.0000,3108.8000,3108.6000,3095.0000,3112.2000,3118.6000,3120.0000,3121.8000,3130.0000,2,1,1,1,3,1,2,2,1,8
SF,IH2008,2020-07-03 09:34:17.600,3112.2000,2908,0,299465220.000,1,0,1,多换,S,3113.2000,3112.0000,3110.0000,3109.8000,3108.8000,3118.6000,3120.0000,3121.8000,3130.0000,3130.6000,2,2,1,1,1,2,2,1,8,10
SF,IH2008,2020-07-03 09:34:18.100,3112.2000,2908,0,300398880.000,1,0,1,多换,S,3113.2000,3112.0000,3110.0000,3109.8000,3108.8000,3118.6000,3120.0000,3121.8000,3130.0000,3130.6000,1,2,1,1,1,2,2,1,8,10
SF,IH2008,2020-07-03 09:34:18.600,3112.2000,2908,0,300398880.000,0,-,-,-,-,3113.2000,3112.0000,3110.0000,3109.8000,3108.8000,3118.4000,3118.6000,3120.0000,3121.8000,3130.0000,1,2,1,1,1,1,2,2,1,8
SF,IH2008,2020-07-03 09:34:19.100,3113.2000,2907,-1,301332840.000,1,0,1,双平,S,3112.0000,3110.0000,3109.8000,3108.8000,3108.6000,3113.2000,3118.2000,3118.4000,3120.0000,3121.8000,2,1,1,1,1,1,1,2,2,1
SF,IH2008,2020-07-03 09:34:19.600,3113.2000,2907,0,302266800.000,1,0,1,多换,S,3113.2000,3112.0000,3110.0000,3109.8000,3108.8000,3118.2000,3118.4000,3120.0000,3121.8000,3130.0000,1,2,1,1,1,1,2,2,1,8
SF,IH2008,2020-07-03 09:34:20.100,3112.0000,2909,2,305067960.000,3,2,1,空开,S,3110.0000,3109.8000,3108.8000,3108.6000,3095.0000,3118.2000,3118.4000,3120.0000,3121.8000,3130.0000,1,1,1,1,3,2,1,2,1,8
SF,IH2008,2020-07-03 09:34:20.600,3112.0000,2909,0,305067960.000,0,-,-,-,-,3110.2000,3110.0000,3109.8000,3108.8000,3108.6000,3117.8000,3118.2000,3118.4000,3120.0000,3120.2000,2,1,1,1,1,1,2,1,2,1
SF,IH2008,2020-07-03 09:34:21.100,3112.0000,2909,0,305067960.000,0,-,-,-,-,3110.2000,3110.0000,3109.8000,3108.8000,3108.6000,3117.6000,3117.8000,3118.4000,3120.0000,3120.2000,2,1,1,1,1,1,2,1,2,1
SF,IH2008,2020-07-03 09:34:21.600,3112.0000,2909,0,305067960.000,0,-,-,-,-,3110.2000,3110.0000,3109.8000,3108.8000,3108.6000,3117.6000,3118.4000,3120.0000,3120.2000,3121.8000,2,1,1,1,1,2,1,2,1,1
SF,IH2008,2020-07-03 09:34:22.100,3112.0000,2909,0,305067960.000,0,-,-,-,-,3110.2000,3110.0000,3109.8000,3108.8000,3108.6000,3117.2000,3117.6000,3118.4000,3120.0000,3120.2000,2,1,1,1,1,1,2,1,2,1
SF,IH2008,2020-07-03 09:34:22.600,3112.0000,2909,0,305067960.000,0,-,-,-,-,3110.2000,3110.0000,3109.8000,3108.8000,3108.6000,3117.0000,3117.2000,3118.4000,3120.0000,3120.2000,2,1,1,1,1,1,2,1,2,1
SF,IH2008,2020-07-03 09:34:23.100,3110.2000,2909,0,306934080.000,2,1,1,多换,S,3110.0000,3109.8000,3108.8000,3108.6000,3095.0000,3117.0000,3117.2000,3118.4000,3120.0000,3120.2000,1,1,1,1,3,2,1,1,2,1
SF,IH2008,2020-07-03 09:34:23.600,3110.2000,2909,0,306934080.000,0,-,-,-,-,3110.0000,3109.8000,3108.8000,3108.6000,3095.0000,3116.8000,3117.0000,3117.2000,3118.4000,3120.0000,1,1,1,1,3,1,2,1,1,2
SF,IH2008,2020-07-03 09:34:24.100,3110.2000,2909,0,306934080.000,0,-,-,-,-,3110.0000,3109.8000,3108.8000,3108.6000,3095.0000,3116.4000,3116.6000,3116.8000,3118.4000,3120.0000,1,1,1,1,3,1,1,2,1,2
SF,IH2008,2020-07-03 09:34:24.600,3110.2000,2909,0,306934080.000,0,-,-,-,-,3110.0000,3109.8000,3108.8000,3108.6000,3095.0000,3116.2000,3116.4000,3118.4000,3120.0000,3120.2000,1,1,1,1,3,2,2,1,2,1
SF,IH2008,2020-07-03 09:34:25.100,3110.2000,2909,0,306934080.000,0,-,-,-,-,3110.0000,3109.8000,3108.8000,3108.6000,3095.0000,3116.2000,3116.4000,3120.0000,3120.2000,3121.8000,1,1,1,1,3,3,1,2,1,1
SF,IH2008,2020-07-03 09:34:25.600,3110.0000,2909,0,308801940.000,2,1,1,多换,S,3109.8000,3108.8000,3108.6000,3095.0000,3087.4000,3116.4000,3120.0000,3120.2000,3121.8000,3123.4000,1,1,1,3,1,1,2,1,1,2
SF,IH2008,2020-07-03 09:34:26.100,3110.0000,2909,0,308801940.000,0,-,-,-,-,3110.0000,3109.8000,3108.8000,3108.6000,3095.0000,3115.8000,3116.2000,3120.0000,3120.2000,3121.8000,7,1,1,1,3,1,1,2,1,1
SF,IH2008,2020-07-03 09:34:26.600,3110.0000,2909,0,308801940.000,0,-,-,-,-,3110.0000,3109.8000,3108.8000,3108.6000,3095.0000,3115.6000,3115.8000,3120.0000,3120.2000,3121.8000,7,1,1,1,3,1,1,2,1,1
SF,IH2008,2020-07-03 09:34:27.600,3110.0000,2909,0,308801940.000,0,-,-,-,-,3110.2000,3110.0000,3109.8000,3108.8000,3108.6000,3115.6000,3120.0000,3120.2000,3121.8000,3123.4000,1,7,1,1,1,1,2,1,1,2
SF,IH2008,2020-07-03 09:34:28.100,3110.0000,2909,0,308801940.000,0,-,-,-,-,3110.4000,3110.2000,3110.0000,3109.8000,3108.8000,3115.6000,3120.0000,3120.2000,3121.8000,3123.4000,2,1,5,1,1,1,2,1,1,2
SF,IH2008,2020-07-03 09:34:28.600,3110.0000,2909,0,309734940.000,1,0,1,多换,S,3110.4000,3110.2000,3110.0000,3109.8000,3108.8000,3115.6000,3120.0000,3120.2000,3121.8000,3123.4000,1,1,5,1,1,1,2,1,1,2
SF,IH2008,2020-07-03 09:34:29.100,3110.2000,2910,1,311601060.000,2,1,1,空开,S,3110.0000,3109.8000,3108.8000,3108.6000,3095.0000,3115.4000,3115.6000,3120.0000,3120.2000,3121.8000,5,1,1,1,3,1,1,2,1,1
SF,IH2008,2020-07-03 09:34:29.600,3110.2000,2910,0,311601060.000,0,-,-,-,-,3110.0000,3109.8000,3108.8000,3108.6000,3095.0000,3115.2000,3115.4000,3120.0000,3120.2000,3121.8000,5,1,1,1,3,1,1,2,1,1
SF,IH2008,2020-07-03 09:34:30.100,3110.2000,2910,0,311601060.000,0,-,-,-,-,3110.0000,3109.8000,3108.8000,3108.6000,3095.0000,3115.0000,3115.2000,3120.0000,3120.2000,3121.8000,5,1,1,1,3,1,2,2,1,1
SF,IH2008,2020-07-03 09:34:30.600,3110.2000,2910,0,311601060.000,0,-,-,-,-,3110.0000,3109.8000,3108.8000,3108.6000,3095.0000,3114.8000,3115.0000,3115.2000,3120.0000,3120.2000,5,1,3,1,3,1,1,1,2,1
