市场代码,合约代码,时间,最新,持仓,增仓,成交额,成交量,开仓,平仓,成交类型,方向,买一价,买二价,买三价,买四价,买五价,卖一价,卖二价,卖三价,卖四价,卖五价,买一量,买二量,买三量,买四量,买五量,卖一量,卖二量,卖三量,卖四量,卖五量
SF,IH2009,2020-04-16 09:29:00.300,2620.0000,11322,0,7860000.000,10.000,-,-,-,-,2620.0000,2619.4000,2618.0000,2616.0000,2610.2000,2624.0000,2624.6000,2628.0000,2629.0000,2630.0000,4,1,1,1,2,1,1,2,1,1
SF,IH2009,2020-04-16 09:30:00.300,2623.8000,11323,1,8647140.000,1,1,0,双开,S,2621.0000,2620.4000,2620.2000,2620.0000,2619.4000,2625.2000,2628.0000,2629.0000,2630.0000,2633.0000,2,9,3,10,1,1,2,1,2,2
SF,IH2009,2020-04-16 09:30:00.800,2622.0000,11322,-1,11006940.000,3,1,2,多平,S,2622.0000,2621.4000,2621.2000,2621.0000,2620.8000,2625.2000,2628.0000,2630.0000,2633.0000,2634.4000,1,9,6,17,1,1,2,2,2,1
SF,IH2009,2020-04-16 09:30:01.300,2622.6000,11322,0,12580920.000,2,1,1,多换,S,2622.6000,2622.4000,2622.2000,2622.0000,2621.2000,2625.2000,2628.0000,2630.0000,2633.0000,2634.4000,3,9,4,1,3,1,2,2,2,1
SF,IH2009,2020-04-16 09:30:01.800,2625.2000,11321,-1,13368480.000,1,0,1,双平,S,2622.8000,2622.6000,2622.4000,2622.2000,2622.0000,2628.0000,2630.0000,2633.0000,2634.4000,2635.0000,3,3,9,1,16,1,2,2,1,1
SF,IH2009,2020-04-16 09:30:02.300,2625.2000,11321,0,13368480.000,0,-,-,-,-,2625.2000,2622.8000,2622.6000,2622.4000,2622.2000,2628.0000,2630.0000,2633.0000,2633.4000,2634.4000,1,3,3,9,1,3,2,2,5,1
SF,IH2009,2020-04-16 09:30:02.800,2625.2000,11320,-1,14943600.000,2,0,2,多平,S,2625.2000,2622.8000,2622.6000,2622.2000,2622.0000,2627.8000,2628.0000,2630.0000,2632.4000,2633.0000,5,12,3,1,1,2,3,2,1,2
SF,IH2009,2020-04-16 09:30:03.300,2627.6000,11319,-1,16519440.000,2,0,2,多平,S,2625.2000,2622.8000,2622.6000,2622.2000,2622.0000,2627.8000,2628.0000,2630.0000,2632.4000,2633.0000,4,1,3,1,1,1,2,2,1,2
SF,IH2009,2020-04-16 09:30:03.800,2625.2000,11319,0,17307000.000,1,0,1,多换,S,2625.2000,2622.8000,2622.6000,2622.4000,2622.2000,2627.6000,2627.8000,2628.0000,2630.0000,2632.4000,13,1,3,1,1,1,1,2,2,1
SF,IH2009,2020-04-16 09:30:04.300,2627.4000,11319,0,18882780.000,2,1,1,多换,S,2625.2000,2622.6000,2622.4000,2622.2000,2622.0000,2627.6000,2628.0000,2630.0000,2632.4000,2633.0000,12,3,1,1,1,1,2,2,1,2
SF,IH2009,2020-04-16 09:30:04.800,2625.2000,11319,0,19670340.000,1,0,1,多换,S,2625.2000,2623.0000,2622.6000,2622.4000,2622.2000,2627.6000,2628.0000,2630.0000,2632.4000,2633.0000,11,1,3,1,1,1,2,2,1,2
SF,IH2009,2020-04-16 09:30:05.300,2625.2000,11319,0,19670340.000,0,-,-,-,-,2625.2000,2623.0000,2622.6000,2622.2000,2622.0000,2627.6000,2628.0000,2630.0000,2632.4000,2633.0000,11,1,3,1,1,1,2,2,1,2
SF,IH2009,2020-04-16 09:30:05.800,2627.6000,11318,-1,20458620.000,1,0,1,双平,S,2625.2000,2623.0000,2622.6000,2622.2000,2622.0000,2628.0000,2630.0000,2632.4000,2633.0000,2633.4000,11,1,3,1,1,2,2,1,2,5
SF,IH2009,2020-04-16 09:30:06.300,2627.6000,11318,0,20458620.000,0,-,-,-,-,2625.2000,2623.0000,2622.6000,2622.2000,2622.0000,2628.0000,2630.0000,2632.4000,2633.0000,2633.4000,11,1,3,1,1,2,2,1,2,5
SF,IH2009,2020-04-16 09:30:06.800,2627.6000,11318,0,20458620.000,0,-,-,-,-,2625.4000,2625.2000,2623.0000,2622.6000,2622.2000,2628.0000,2630.0000,2632.4000,2633.0000,2633.4000,1,11,1,3,1,2,2,1,2,5
SF,IH2009,2020-04-16 09:30:07.300,2627.6000,11318,0,20458620.000,0,-,-,-,-,2625.6000,2625.4000,2625.2000,2623.0000,2622.6000,2627.6000,2628.0000,2630.0000,2632.4000,2633.0000,1,1,11,1,3,1,2,2,1,2
SF,IH2009,2020-04-16 09:30:07.800,2627.6000,11318,0,20458620.000,0,-,-,-,-,2625.8000,2625.6000,2625.2000,2623.0000,2622.6000,2627.6000,2628.0000,2630.0000,2632.4000,2633.0000,2,2,11,1,3,1,2,2,1,2
SF,IH2009,2020-04-16 09:30:08.300,2627.6000,11318,0,21246900.000,1,0,1,多换,S,2626.0000,2625.8000,2623.0000,2622.6000,2622.2000,2628.0000,2630.0000,2632.4000,2633.0000,2633.4000,2,2,1,3,1,2,2,1,2,5
SF,IH2009,2020-04-16 09:30:08.800,2627.6000,11318,0,21246900.000,0,-,-,-,-,2626.2000,2626.0000,2623.0000,2622.6000,2622.2000,2628.0000,2630.0000,2632.4000,2633.0000,2633.4000,3,11,1,3,1,1,2,1,2,5
SF,IH2009,2020-04-16 09:30:09.300,2627.6000,11318,0,21246900.000,0,-,-,-,-,2626.2000,2626.0000,2624.0000,2623.0000,2622.6000,2628.0000,2630.0000,2632.4000,2633.0000,2633.4000,2,11,1,1,3,2,2,1,2,5
SF,IH2009,2020-04-16 09:30:09.800,2627.6000,11318,0,21246900.000,0,-,-,-,-,2626.4000,2626.2000,2626.0000,2624.0000,2623.0000,2628.0000,2630.0000,2632.4000,2633.0000,2633.4000,2,2,11,1,1,1,2,1,2,5
SF,IH2009,2020-04-16 09:30:10.300,2627.6000,11318,0,21246900.000,0,-,-,-,-,2626.6000,2626.4000,2626.2000,2626.0000,2624.0000,2628.0000,2630.0000,2632.4000,2633.0000,2633.4000,1,2,1,11,1,1,2,1,2,5
SF,IH2009,2020-04-16 09:30:10.800,2628.0000,11318,0,22035300.000,1,0,1,多换,S,2626.8000,2626.6000,2626.2000,2626.0000,2624.0000,2628.0000,2630.0000,2632.4000,2633.0000,2633.4000,3,1,1,11,1,1,2,1,2,5
SF,IH2009,2020-04-16 09:30:11.300,2628.0000,11319,1,22823700.000,1,1,0,双开,S,2627.0000,2626.8000,2626.2000,2624.0000,2623.0000,2630.0000,2632.4000,2633.0000,2633.4000,2634.4000,1,1,1,1,1,2,1,2,5,1
SF,IH2009,2020-04-16 09:30:11.800,2628.0000,11319,0,22823700.000,0,-,-,-,-,2627.2000,2627.0000,2626.8000,2624.0000,2623.0000,2629.6000,2630.0000,2632.4000,2633.0000,2633.4000,1,1,12,1,1,1,2,1,2,5
SF,IH2009,2020-04-16 09:30:12.300,2628.0000,11319,0,22823700.000,0,-,-,-,-,2627.4000,2627.2000,2626.8000,2624.0000,2623.0000,2629.6000,2630.0000,2632.4000,2633.0000,2633.4000,1,3,12,1,1,1,2,1,2,5
SF,IH2009,2020-04-16 09:30:12.800,2628.0000,11319,0,22823700.000,0,-,-,-,-,2627.6000,2627.4000,2626.8000,2624.0000,2623.0000,2629.6000,2630.0000,2632.4000,2633.0000,2633.4000,3,1,11,1,1,1,2,1,2,5
SF,IH2009,2020-04-16 09:30:13.300,2627.8000,11319,0,23612040.000,1,0,1,多换,S,2627.6000,2624.0000,2623.0000,2622.6000,2622.2000,2629.6000,2630.0000,2632.4000,2633.0000,2633.4000,1,1,1,3,1,1,2,1,2,5
SF,IH2009,2020-04-16 09:30:13.800,2627.8000,11319,0,23612040.000,0,-,-,-,-,2627.6000,2624.0000,2623.0000,2622.6000,2622.2000,2629.6000,2630.0000,2632.4000,2633.0000,2633.4000,11,1,1,3,1,1,2,1,2,5
SF,IH2009,2020-04-16 09:30:14.300,2627.6000,11319,0,24400320.000,1,0,1,多换,S,2627.6000,2624.0000,2623.0000,2622.6000,2622.2000,2629.4000,2629.6000,2630.0000,2632.4000,2633.0000,11,1,1,3,1,1,1,2,1,1
SF,IH2009,2020-04-16 09:30:14.800,2627.6000,11319,0,24400320.000,0,-,-,-,-,2627.6000,2624.0000,2623.0000,2622.6000,2622.2000,2629.4000,2629.6000,2630.0000,2632.4000,2633.0000,11,1,1,3,1,2,1,2,1,1
SF,IH2009,2020-04-16 09:30:15.300,2627.6000,11319,0,24400320.000,0,-,-,-,-,2627.6000,2624.0000,2623.0000,2622.6000,2622.2000,2629.4000,2629.6000,2630.0000,2632.4000,2633.0000,11,1,1,3,1,2,1,2,1,1
SF,IH2009,2020-04-16 09:30:15.800,2627.6000,11319,0,24400320.000,0,-,-,-,-,2628.0000,2627.6000,2624.0000,2623.0000,2622.6000,2629.4000,2629.6000,2630.0000,2632.4000,2633.0000,1,11,1,1,3,1,1,2,1,1
SF,IH2009,2020-04-16 09:30:16.300,2629.2000,11318,-1,25189080.000,1,0,1,双平,S,2628.0000,2627.6000,2624.0000,2623.0000,2622.6000,2629.4000,2629.6000,2630.0000,2632.4000,2633.0000,1,11,1,1,3,2,1,2,1,1
SF,IH2009,2020-04-16 09:30:16.800,2629.2000,11318,0,25189080.000,0,-,-,-,-,2628.0000,2627.6000,2624.0000,2623.0000,2622.6000,2629.4000,2629.6000,2630.0000,2632.4000,2633.0000,1,11,1,1,3,2,1,2,1,1
SF,IH2009,2020-04-16 09:30:17.300,2629.2000,11318,0,25189080.000,0,-,-,-,-,2628.0000,2627.6000,2624.0000,2623.0000,2622.6000,2629.4000,2629.6000,2630.0000,2632.4000,2633.0000,1,11,1,1,3,2,1,2,1,1
SF,IH2009,2020-04-16 09:30:17.800,2629.2000,11318,0,25189080.000,0,-,-,-,-,2628.0000,2627.6000,2624.0000,2623.0000,2622.6000,2629.4000,2629.6000,2630.0000,2632.4000,2633.0000,1,11,1,1,3,2,1,2,1,1
SF,IH2009,2020-04-16 09:30:18.800,2629.2000,11318,0,25189080.000,0,-,-,-,-,2628.0000,2627.6000,2624.0000,2623.0000,2622.2000,2629.4000,2629.6000,2630.0000,2632.4000,2633.0000,1,11,1,1,1,2,1,2,1,1
SF,IH2009,2020-04-16 09:30:19.300,2629.4000,11318,0,25977900.000,1,0,1,多换,S,2628.2000,2628.0000,2627.6000,2624.0000,2623.0000,2629.4000,2629.6000,2632.4000,2633.0000,2633.4000,1,1,11,1,1,1,1,1,1,5
SF,IH2009,2020-04-16 09:30:19.800,2629.4000,11318,0,25977900.000,0,-,-,-,-,2628.2000,2628.0000,2627.6000,2624.0000,2623.0000,2629.2000,2629.4000,2629.6000,2632.4000,2633.0000,1,1,11,1,1,1,1,1,1,1
SF,IH2009,2020-04-16 09:30:20.300,2628.0000,11318,0,26766300.000,1,0,1,多换,S,2627.6000,2624.0000,2623.0000,2622.2000,2621.0000,2629.0000,2629.2000,2629.6000,2632.4000,2633.0000,11,1,1,1,2,1,1,1,1,1
SF,IH2009,2020-04-16 09:30:20.800,2628.0000,11318,0,26766300.000,0,-,-,-,-,2627.6000,2624.0000,2623.2000,2623.0000,2622.2000,2628.8000,2629.0000,2629.6000,2632.4000,2633.0000,11,1,1,1,1,1,1,1,1,1
SF,IH2009,2020-04-16 09:30:21.300,2628.8000,11319,1,27554940.000,1,1,0,双开,S,2627.6000,2624.0000,2623.2000,2623.0000,2622.2000,2629.6000,2632.4000,2633.0000,2633.4000,2634.4000,11,1,1,1,1,1,1,1,5,1
SF,IH2009,2020-04-16 09:30:21.800,2628.8000,11319,0,27554940.000,0,-,-,-,-,2628.0000,2627.8000,2627.6000,2624.0000,2623.2000,2629.4000,2629.6000,2632.4000,2633.0000,2633.4000,1,1,11,1,1,1,2,1,1,5
SF,IH2009,2020-04-16 09:30:22.300,2628.8000,11319,0,27554940.000,0,-,-,-,-,2628.2000,2628.0000,2627.6000,2624.0000,2623.2000,2629.2000,2629.6000,2632.4000,2633.0000,2633.4000,1,1,11,1,1,1,2,1,1,5
SF,IH2009,2020-04-16 09:30:22.800,2628.8000,11319,0,27554940.000,0,-,-,-,-,2628.4000,2628.2000,2628.0000,2627.6000,2624.0000,2629.6000,2632.4000,2633.0000,2633.4000,2634.4000,1,1,1,11,1,1,1,1,5,1
SF,IH2009,2020-04-16 09:30:23.300,2628.8000,11319,0,27554940.000,0,-,-,-,-,2628.4000,2628.2000,2628.0000,2624.0000,2623.2000,2629.4000,2629.6000,2632.4000,2633.0000,2633.4000,12,1,1,1,1,1,1,1,1,5
SF,IH2009,2020-04-16 09:30:23.800,2628.8000,11319,0,27554940.000,0,-,-,-,-,2628.4000,2628.2000,2628.0000,2624.0000,2623.2000,2629.2000,2629.6000,2632.4000,2633.0000,2633.4000,12,1,1,1,1,1,1,1,1,5
SF,IH2009,2020-04-16 09:30:24.300,2629.2000,11318,-1,28343700.000,1,0,1,双平,S,2628.4000,2628.2000,2628.0000,2624.0000,2623.2000,2629.6000,2632.4000,2633.0000,2633.4000,2634.4000,12,1,1,1,1,1,1,1,5,1
SF,IH2009,2020-04-16 09:30:24.800,2629.2000,11318,0,28343700.000,0,-,-,-,-,2628.6000,2628.4000,2628.0000,2624.0000,2623.2000,2629.6000,2632.4000,2633.0000,2633.4000,2634.4000,1,12,1,1,1,1,1,1,5,1
SF,IH2009,2020-04-16 09:30:25.300,2629.2000,11318,0,28343700.000,0,-,-,-,-,2628.6000,2628.4000,2628.0000,2624.0000,2623.2000,2629.6000,2632.4000,2633.0000,2633.4000,2634.4000,1,12,2,1,1,1,1,1,5,1
SF,IH2009,2020-04-16 09:30:27.800,2629.2000,11318,0,28343700.000,0,-,-,-,-,2628.6000,2628.4000,2628.0000,2625.0000,2624.0000,2629.2000,2629.6000,2632.4000,2633.0000,2633.4000,1,12,2,1,1,1,1,1,1,5
SF,IH2009,2020-04-16 09:30:29.300,2629.2000,11318,0,29132460.000,1,0,1,多换,S,2628.6000,2628.4000,2628.0000,2625.0000,2624.0000,2629.6000,2632.4000,2633.0000,2633.4000,2634.4000,1,12,2,1,1,1,1,1,5,1
SF,IH2009,2020-04-16 09:30:30.300,2629.2000,11318,0,29132460.000,0,-,-,-,-,2628.8000,2628.6000,2628.4000,2628.0000,2625.0000,2629.6000,2632.4000,2633.0000,2633.4000,2634.4000,1,1,12,2,1,1,1,1,5,1
SF,IH2009,2020-04-16 09:30:30.800,2629.2000,11318,0,29132460.000,0,-,-,-,-,2629.0000,2628.4000,2628.0000,2625.0000,2624.0000,2629.6000,2632.4000,2633.0000,2633.4000,2634.4000,1,12,2,1,1,1,1,1,5,1
SF,IH2009,2020-04-16 09:30:31.300,2629.2000,11318,0,29132460.000,0,-,-,-,-,2629.0000,2628.4000,2628.0000,2625.0000,2624.0000,2629.2000,2629.6000,2632.4000,2633.0000,2633.4000,1,12,2,1,1,1,1,1,1,5
SF,IH2009,2020-04-16 09:30:31.800,2629.2000,11317,-1,29921220.000,1,0,1,双平,S,2629.0000,2628.4000,2628.0000,2625.0000,2624.0000,2629.6000,2632.4000,2633.0000,2633.4000,2634.4000,1,12,2,1,1,1,1,1,5,1
SF,IH2009,2020-04-16 09:30:32.800,2629.2000,11317,0,29921220.000,0,-,-,-,-,2629.0000,2628.4000,2628.0000,2625.0000,2624.0000,2629.6000,2632.4000,2633.0000,2633.4000,2634.4000,1,12,2,1,1,1,1,1,5,1
SF,IH2009,2020-04-16 09:30:33.300,2629.2000,11317,0,29921220.000,0,-,-,-,-,2629.0000,2628.4000,2628.0000,2625.0000,2624.0000,2629.6000,2632.4000,2633.0000,2633.4000,2634.4000,1,12,2,1,1,1,1,1,5,1
SF,IH2009,2020-04-16 09:30:33.800,2629.2000,11317,0,29921220.000,0,-,-,-,-,2629.0000,2628.4000,2628.0000,2625.0000,2624.0000,2629.6000,2632.4000,2633.0000,2633.4000,2634.4000,1,12,2,1,1,1,1,1,5,1
SF,IH2009,2020-04-16 09:30:34.300,2629.2000,11317,0,29921220.000,0,-,-,-,-,2629.2000,2629.0000,2628.4000,2628.0000,2625.0000,2629.6000,2632.4000,2633.0000,2633.4000,2634.4000,1,1,12,2,1,1,1,1,5,1
SF,IH2009,2020-04-16 09:30:34.800,2629.6000,11315,-2,31498980.000,2,0,2,双平,S,2629.2000,2629.0000,2628.4000,2628.0000,2625.0000,2632.4000,2633.0000,2633.4000,2634.4000,2635.0000,11,1,1,2,1,1,1,5,1,1
SF,IH2009,2020-04-16 09:30:35.300,2629.6000,11315,0,31498980.000,0,-,-,-,-,2629.4000,2629.2000,2628.0000,2625.0000,2624.0000,2631.0000,2632.0000,2632.2000,2632.4000,2633.0000,2,11,2,1,1,2,10,4,1,1
SF,IH2009,2020-04-16 09:30:35.800,2629.6000,11315,0,31498980.000,0,-,-,-,-,2629.6000,2629.4000,2629.2000,2628.0000,2625.0000,2631.0000,2632.0000,2632.2000,2632.4000,2633.0000,2,2,11,2,1,1,1,4,1,1
SF,IH2009,2020-04-16 09:30:36.300,2629.6000,11315,0,31498980.000,0,-,-,-,-,2629.8000,2629.6000,2629.4000,2629.2000,2629.0000,2632.0000,2632.4000,2633.0000,2633.4000,2634.4000,1,2,1,11,1,1,1,1,5,1
SF,IH2009,2020-04-16 09:30:36.800,2629.6000,11315,0,31498980.000,0,-,-,-,-,2630.0000,2629.8000,2629.6000,2629.0000,2628.0000,2631.0000,2632.0000,2632.4000,2633.0000,2633.4000,1,12,1,1,2,2,1,1,1,5
SF,IH2009,2020-04-16 09:30:37.300,2630.0000,11316,1,32287980.000,1,1,0,双开,S,2629.8000,2629.6000,2629.0000,2628.0000,2625.0000,2631.0000,2632.0000,2632.4000,2633.0000,2633.4000,11,1,1,2,1,2,1,1,1,5
SF,IH2009,2020-04-16 09:30:38.800,2630.0000,11316,0,32287980.000,0,-,-,-,-,2629.8000,2629.6000,2629.0000,2628.0000,2625.0000,2631.0000,2632.0000,2632.4000,2633.0000,2633.4000,11,1,1,2,1,2,1,1,1,5
SF,IH2009,2020-04-16 09:30:39.300,2630.0000,11316,0,32287980.000,0,-,-,-,-,2629.8000,2629.0000,2628.0000,2625.0000,2624.0000,2631.0000,2632.0000,2632.4000,2633.0000,2633.4000,11,1,2,1,1,2,1,1,1,5
SF,IH2009,2020-04-16 09:30:41.300,2630.0000,11316,0,32287980.000,0,-,-,-,-,2629.8000,2629.0000,2628.0000,2625.0000,2624.0000,2631.0000,2631.2000,2632.0000,2632.4000,2633.0000,11,1,2,1,1,2,1,1,1,1
SF,IH2009,2020-04-16 09:30:41.800,2630.0000,11316,0,33076980.000,1,0,1,多换,S,2629.8000,2629.0000,2628.0000,2625.0000,2624.0000,2631.0000,2631.2000,2632.0000,2632.4000,2633.0000,11,1,2,1,1,1,1,1,1,1
SF,IH2009,2020-04-16 09:30:42.300,2630.0000,11316,0,33076980.000,0,-,-,-,-,2630.2000,2630.0000,2629.8000,2629.0000,2628.0000,2631.0000,2631.2000,2632.0000,2632.4000,2633.0000,1,1,11,1,2,1,1,1,1,1
SF,IH2009,2020-04-16 09:30:44.300,2630.0000,11316,0,33076980.000,0,-,-,-,-,2630.2000,2630.0000,2629.8000,2629.0000,2628.0000,2630.8000,2631.0000,2631.2000,2632.0000,2632.4000,1,1,11,1,2,1,1,1,1,1
SF,IH2009,2020-04-16 09:30:44.800,2630.0000,11316,0,33076980.000,0,-,-,-,-,2630.2000,2629.8000,2629.0000,2628.0000,2625.0000,2630.6000,2631.0000,2631.2000,2632.0000,2632.4000,1,11,1,2,1,1,2,1,1,1
SF,IH2009,2020-04-16 09:30:45.300,2630.2000,11316,0,33866040.000,1,0,1,多换,S,2629.8000,2629.0000,2628.0000,2625.0000,2624.0000,2631.0000,2631.2000,2632.0000,2632.4000,2633.0000,11,1,2,1,1,1,1,1,1,1
SF,IH2009,2020-04-16 09:30:45.800,2630.2000,11316,0,33866040.000,0,-,-,-,-,2630.0000,2629.8000,2629.0000,2628.0000,2625.0000,2630.8000,2631.0000,2631.2000,2632.0000,2632.4000,1,11,1,2,1,1,2,1,1,1
SF,IH2009,2020-04-16 09:30:46.300,2630.2000,11316,0,33866040.000,0,-,-,-,-,2630.0000,2629.8000,2629.0000,2628.0000,2625.0000,2631.0000,2631.2000,2632.0000,2632.4000,2633.0000,1,11,1,2,1,1,1,1,1,1
SF,IH2009,2020-04-16 09:30:46.800,2630.0000,11315,-1,34655040.000,1,0,1,双平,S,2629.8000,2629.0000,2628.0000,2625.0000,2624.0000,2631.0000,2631.2000,2632.0000,2632.4000,2633.0000,11,1,2,1,1,1,1,1,1,1
SF,IH2009,2020-04-16 09:30:47.800,2630.0000,11315,0,34655040.000,0,-,-,-,-,2629.8000,2629.0000,2628.0000,2625.0000,2624.0000,2631.0000,2631.2000,2632.0000,2632.4000,2633.0000,11,1,1,1,1,1,1,1,1,1
SF,IH2009,2020-04-16 09:30:48.300,2630.0000,11315,0,34655040.000,0,-,-,-,-,2630.0000,2629.8000,2629.0000,2628.0000,2625.0000,2631.2000,2632.0000,2632.4000,2633.0000,2633.4000,2,11,1,2,1,1,1,1,1,5
SF,IH2009,2020-04-16 09:30:48.800,2630.0000,11315,0,34655040.000,0,-,-,-,-,2630.2000,2630.0000,2629.8000,2629.0000,2628.0000,2631.0000,2631.2000,2632.0000,2632.4000,2633.0000,1,1,11,1,2,1,1,1,1,1
SF,IH2009,2020-04-16 09:30:49.300,2630.0000,11315,0,34655040.000,0,-,-,-,-,2630.0000,2629.8000,2629.0000,2628.0000,2625.0000,2631.0000,2631.2000,2632.0000,2632.4000,2633.0000,1,11,1,2,1,1,1,1,1,1
SF,IH2009,2020-04-16 09:30:49.800,2630.0000,11315,0,34655040.000,0,-,-,-,-,2630.0000,2629.8000,2629.0000,2628.0000,2625.0000,2631.0000,2631.2000,2632.0000,2632.4000,2633.0000,1,11,1,2,1,1,1,1,1,1
SF,IH2009,2020-04-16 09:30:51.800,2631.0000,11315,0,35444340.000,1,0,1,多换,S,2630.0000,2629.8000,2629.0000,2628.0000,2625.0000,2631.2000,2632.0000,2632.4000,2633.0000,2633.4000,1,11,1,2,1,1,1,1,1,5
SF,IH2009,2020-04-16 09:30:52.300,2631.0000,11315,0,35444340.000,0,-,-,-,-,2630.0000,2629.8000,2629.0000,2628.0000,2625.0000,2631.2000,2632.0000,2632.4000,2633.0000,2633.4000,1,11,1,2,1,1,1,1,1,5
SF,IH2009,2020-04-16 09:30:52.800,2631.0000,11315,0,35444340.000,0,-,-,-,-,2630.2000,2630.0000,2629.8000,2629.0000,2628.0000,2631.2000,2632.0000,2632.4000,2633.0000,2633.4000,1,1,11,1,2,1,1,1,1,5
SF,IH2009,2020-04-16 09:30:53.300,2631.0000,11315,0,35444340.000,0,-,-,-,-,2630.0000,2629.8000,2629.0000,2628.0000,2625.0000,2631.2000,2632.0000,2632.4000,2633.0000,2633.4000,1,11,1,2,1,1,1,1,1,5
SF,IH2009,2020-04-16 09:30:53.800,2631.0000,11315,0,35444340.000,0,-,-,-,-,2630.2000,2630.0000,2629.8000,2629.0000,2628.0000,2631.2000,2632.0000,2632.4000,2633.0000,2633.8000,1,1,11,1,2,1,1,1,1,1
SF,IH2009,2020-04-16 09:30:54.300,2631.0000,11315,0,35444340.000,0,-,-,-,-,2630.0000,2629.8000,2629.0000,2628.0000,2625.0000,2631.2000,2632.0000,2632.4000,2633.0000,2633.8000,1,11,1,2,1,1,1,1,1,1
SF,IH2009,2020-04-16 09:30:54.800,2631.0000,11315,0,35444340.000,0,-,-,-,-,2630.2000,2630.0000,2629.8000,2629.0000,2628.0000,2631.2000,2632.0000,2632.4000,2633.0000,2633.8000,1,1,11,1,2,1,1,1,1,1
SF,IH2009,2020-04-16 09:30:55.300,2631.0000,11315,0,35444340.000,0,-,-,-,-,2630.0000,2629.8000,2629.0000,2628.0000,2625.0000,2631.2000,2632.0000,2632.4000,2633.0000,2633.8000,1,11,1,2,1,1,1,1,2,1
SF,IH2009,2020-04-16 09:30:56.300,2631.0000,11315,0,35444340.000,0,-,-,-,-,2630.2000,2630.0000,2629.8000,2629.0000,2628.0000,2631.2000,2632.0000,2632.4000,2633.0000,2633.8000,1,1,11,1,2,1,1,1,2,1
SF,IH2009,2020-04-16 09:30:56.800,2631.2000,11315,0,36233700.000,1,0,1,多换,S,2630.0000,2629.8000,2629.0000,2628.0000,2625.0000,2632.0000,2632.4000,2633.0000,2633.8000,2634.4000,1,11,1,2,1,1,1,2,1,1
SF,IH2009,2020-04-16 09:30:57.300,2631.2000,11315,0,36233700.000,0,-,-,-,-,2630.0000,2629.8000,2629.0000,2628.0000,2625.0000,2631.8000,2632.0000,2632.4000,2633.0000,2633.8000,1,11,1,2,1,3,1,1,2,1
SF,IH2009,2020-04-16 09:30:57.800,2630.0000,11315,0,37022700.000,1,0,1,多换,S,2629.8000,2629.0000,2628.0000,2625.0000,2624.0000,2631.8000,2632.0000,2632.4000,2633.0000,2633.8000,11,1,2,1,1,3,1,1,2,1
SF,IH2009,2020-04-16 09:30:58.300,2630.0000,11315,0,37022700.000,0,-,-,-,-,2630.0000,2629.8000,2629.0000,2628.0000,2625.0000,2631.8000,2632.0000,2632.4000,2633.0000,2633.8000,1,11,1,2,1,2,1,1,2,1
SF,IH2009,2020-04-16 09:30:58.800,2630.0000,11315,0,37022700.000,0,-,-,-,-,2629.8000,2629.0000,2628.0000,2625.0000,2624.0000,2631.8000,2632.0000,2632.4000,2633.0000,2633.8000,11,1,2,1,1,2,1,1,2,1
SF,IH2009,2020-04-16 09:30:59.300,2630.0000,11315,0,37022700.000,0,-,-,-,-,2629.8000,2629.0000,2628.0000,2625.0000,2624.0000,2631.8000,2632.0000,2632.4000,2633.0000,2633.8000,11,1,2,1,1,2,1,1,2,1
SF,IH2009,2020-04-16 09:30:59.800,2630.0000,11315,0,37022700.000,0,-,-,-,-,2629.8000,2629.0000,2628.0000,2625.0000,2624.0000,2631.8000,2632.0000,2632.4000,2633.0000,2633.8000,11,1,2,1,1,2,1,1,2,1
SF,IH2009,2020-04-16 09:31:00.300,2630.0000,11315,0,37022700.000,0,-,-,-,-,2630.0000,2629.8000,2629.0000,2628.0000,2625.0000,2631.6000,2631.8000,2632.0000,2632.4000,2633.0000,1,11,1,2,1,1,2,1,1,2
SF,IH2009,2020-04-16 09:31:00.800,2630.0000,11315,0,37022700.000,0,-,-,-,-,2629.8000,2629.0000,2628.0000,2625.0000,2623.2000,2631.4000,2631.6000,2631.8000,2632.0000,2632.4000,11,1,2,1,1,5,1,1,1,1
SF,IH2009,2020-04-16 09:31:01.300,2630.0000,11315,0,37022700.000,0,-,-,-,-,2629.8000,2629.0000,2628.0000,2625.4000,2625.0000,2631.0000,2631.2000,2631.4000,2631.8000,2632.0000,11,1,2,1,1,1,1,5,1,1
SF,IH2009,2020-04-16 09:31:01.800,2630.0000,11315,0,37022700.000,0,-,-,-,-,2629.8000,2629.0000,2628.0000,2625.4000,2625.0000,2630.8000,2631.0000,2631.8000,2632.0000,2632.4000,11,1,2,1,1,2,1,1,1,1
SF,IH2009,2020-04-16 09:31:02.800,2629.8000,11315,0,41756340.000,6,3,3,多换,S,2629.8000,2629.0000,2628.0000,2625.4000,2625.0000,2630.8000,2631.0000,2631.8000,2632.0000,2632.4000,5,1,2,1,1,2,1,1,1,1
SF,IH2009,2020-04-16 09:31:03.300,2629.8000,11315,0,41756340.000,0,-,-,-,-,2629.8000,2629.0000,2628.0000,2625.4000,2625.0000,2630.6000,2630.8000,2631.0000,2631.8000,2632.0000,5,1,2,1,1,2,2,1,1,1
SF,IH2009,2020-04-16 09:31:03.800,2629.8000,11315,0,41756340.000,0,-,-,-,-,2629.8000,2629.0000,2628.0000,2625.4000,2625.0000,2630.4000,2630.6000,2630.8000,2631.0000,2631.8000,5,1,2,1,1,1,2,1,1,1
SF,IH2009,2020-04-16 09:31:04.300,2629.8000,11313,-2,44123160.000,3,0,3,多平,S,2629.8000,2629.0000,2628.0000,2625.4000,2625.0000,2630.2000,2630.6000,2630.8000,2631.0000,2631.8000,2,1,2,1,1,2,2,1,1,1
SF,IH2009,2020-04-16 09:31:04.800,2629.8000,11311,-2,45701040.000,2,0,2,双平,S,2629.0000,2628.0000,2625.4000,2625.0000,2623.2000,2630.2000,2630.6000,2630.8000,2631.0000,2631.8000,1,2,1,1,1,2,2,1,1,1
SF,IH2009,2020-04-16 09:31:05.300,2629.8000,11311,0,45701040.000,0,-,-,-,-,2629.0000,2628.0000,2625.4000,2625.0000,2623.2000,2630.0000,2630.2000,2631.0000,2631.8000,2632.0000,1,2,1,1,1,1,2,1,1,1
SF,IH2009,2020-04-16 09:31:05.800,2629.8000,11311,0,45701040.000,0,-,-,-,-,2629.2000,2629.0000,2628.0000,2625.4000,2625.0000,2630.2000,2631.0000,2631.8000,2632.0000,2632.4000,1,1,2,1,1,2,1,1,1,1
SF,IH2009,2020-04-16 09:31:06.300,2629.8000,11311,0,45701040.000,0,-,-,-,-,2629.2000,2629.0000,2628.0000,2625.4000,2625.0000,2629.8000,2630.2000,2631.0000,2631.8000,2632.0000,1,1,2,1,1,1,2,1,1,1
SF,IH2009,2020-04-16 09:31:06.800,2629.8000,11311,0,45701040.000,0,-,-,-,-,2629.2000,2629.0000,2628.0000,2625.4000,2625.0000,2629.6000,2629.8000,2630.2000,2631.0000,2631.8000,1,1,2,1,1,1,1,2,1,1
SF,IH2009,2020-04-16 09:31:07.300,2629.8000,11311,0,45701040.000,0,-,-,-,-,2629.0000,2628.0000,2625.4000,2625.0000,2623.2000,2629.6000,2629.8000,2630.2000,2631.0000,2631.8000,1,2,1,1,1,1,1,2,1,1
SF,IH2009,2020-04-16 09:31:08.300,2629.8000,11311,0,45701040.000,0,-,-,-,-,2629.2000,2629.0000,2628.0000,2625.4000,2625.0000,2629.6000,2629.8000,2630.2000,2631.0000,2631.8000,1,1,2,1,1,1,1,2,1,1
SF,IH2009,2020-04-16 09:31:09.800,2629.2000,11311,0,46489800.000,1,0,1,多换,S,2629.0000,2628.0000,2625.4000,2625.0000,2623.2000,2629.6000,2629.8000,2630.2000,2631.0000,2631.8000,1,2,1,1,1,1,1,2,1,1
SF,IH2009,2020-04-16 09:31:10.300,2629.2000,11311,0,46489800.000,0,-,-,-,-,2629.0000,2628.0000,2625.4000,2625.0000,2623.2000,2629.2000,2629.4000,2629.6000,2629.8000,2630.2000,1,2,1,1,1,1,1,1,1,2
SF,IH2009,2020-04-16 09:31:10.800,2629.0000,11310,-1,47278500.000,1,0,1,双平,S,2628.0000,2625.4000,2625.0000,2623.2000,2623.0000,2629.2000,2629.4000,2629.6000,2629.8000,2630.2000,2,1,1,1,1,1,1,1,1,2
SF,IH2009,2020-04-16 09:31:11.300,2629.0000,11310,0,47278500.000,0,-,-,-,-,2628.2000,2628.0000,2625.4000,2625.0000,2623.2000,2629.0000,2629.2000,2629.8000,2630.2000,2631.0000,1,2,1,1,1,1,1,1,2,1
SF,IH2009,2020-04-16 09:31:14.300,2629.2000,11310,0,48855960.000,2,1,1,多换,S,2628.2000,2628.0000,2625.4000,2625.0000,2623.2000,2629.8000,2630.2000,2631.0000,2631.8000,2632.0000,1,2,1,1,1,1,2,1,1,1
SF,IH2009,2020-04-16 09:31:14.800,2629.2000,11310,0,48855960.000,0,-,-,-,-,2628.2000,2628.0000,2625.4000,2625.0000,2623.2000,2629.6000,2629.8000,2630.2000,2631.0000,2631.8000,1,2,1,1,1,2,1,2,1,1
SF,IH2009,2020-04-16 09:31:15.300,2629.2000,11310,0,48855960.000,0,-,-,-,-,2628.2000,2628.0000,2625.4000,2625.0000,2623.2000,2629.6000,2629.8000,2630.2000,2631.0000,2631.8000,1,2,1,1,1,2,1,2,1,1
SF,IH2009,2020-04-16 09:31:16.300,2629.2000,11310,0,48855960.000,0,-,-,-,-,2628.2000,2628.0000,2625.4000,2625.0000,2623.2000,2629.6000,2629.8000,2630.2000,2631.0000,2631.8000,1,2,1,1,1,3,1,2,1,1
SF,IH2009,2020-04-16 09:31:16.800,2629.2000,11310,0,48855960.000,0,-,-,-,-,2628.2000,2628.0000,2625.4000,2625.0000,2623.2000,2629.6000,2629.8000,2630.2000,2631.0000,2631.8000,1,2,1,1,1,2,1,2,1,1
SF,IH2009,2020-04-16 09:31:17.800,2629.2000,11310,0,48855960.000,0,-,-,-,-,2628.2000,2628.0000,2625.4000,2625.0000,2623.2000,2629.6000,2630.2000,2631.0000,2631.8000,2632.0000,1,2,1,1,1,2,2,1,1,1
SF,IH2009,2020-04-16 09:31:19.300,2629.2000,11310,0,48855960.000,0,-,-,-,-,2628.2000,2628.0000,2625.4000,2625.0000,2623.2000,2629.6000,2630.2000,2631.0000,2631.8000,2632.0000,1,1,1,1,1,2,2,1,1,1
SF,IH2009,2020-04-16 09:31:19.800,2629.2000,11310,0,48855960.000,0,-,-,-,-,2628.2000,2628.0000,2625.4000,2625.0000,2623.2000,2629.6000,2630.2000,2631.0000,2631.8000,2632.0000,1,1,1,1,1,3,2,1,1,1
SF,IH2009,2020-04-16 09:31:21.300,2629.2000,11310,0,48855960.000,0,-,-,-,-,2628.2000,2628.0000,2625.4000,2625.0000,2623.2000,2629.6000,2630.2000,2631.0000,2631.8000,2632.0000,1,1,1,1,1,4,2,1,1,1
SF,IH2009,2020-04-16 09:31:21.800,2629.2000,11310,0,48855960.000,0,-,-,-,-,2628.0000,2625.4000,2625.0000,2623.2000,2623.0000,2629.6000,2630.2000,2631.0000,2631.8000,2632.0000,1,1,1,1,1,4,2,1,1,1
SF,IH2009,2020-04-16 09:31:23.800,2629.2000,11310,0,48855960.000,0,-,-,-,-,2628.0000,2625.4000,2625.0000,2623.2000,2623.0000,2629.6000,2630.0000,2630.2000,2631.0000,2631.8000,1,1,1,1,1,4,1,2,1,1
SF,IH2009,2020-04-16 09:31:24.300,2629.2000,11310,0,48855960.000,0,-,-,-,-,2628.2000,2628.0000,2625.4000,2625.0000,2623.2000,2629.6000,2630.0000,2630.2000,2631.0000,2631.8000,1,1,1,1,1,4,1,2,1,1
SF,IH2009,2020-04-16 09:31:26.800,2629.2000,11310,0,48855960.000,0,-,-,-,-,2628.4000,2628.2000,2628.0000,2625.4000,2625.0000,2629.6000,2630.0000,2630.2000,2631.0000,2631.8000,1,1,1,1,1,2,1,2,1,1
SF,IH2009,2020-04-16 09:31:27.300,2629.2000,11310,0,48855960.000,0,-,-,-,-,2628.6000,2628.0000,2625.4000,2625.0000,2623.2000,2629.4000,2629.6000,2630.0000,2630.2000,2631.0000,1,1,1,1,1,1,3,1,2,1
SF,IH2009,2020-04-16 09:31:27.800,2629.2000,11310,0,48855960.000,0,-,-,-,-,2628.6000,2628.0000,2625.4000,2625.0000,2623.2000,2629.6000,2630.0000,2630.2000,2631.0000,2631.8000,1,1,1,1,1,2,1,2,1,1
SF,IH2009,2020-04-16 09:31:28.300,2629.2000,11310,0,48855960.000,0,-,-,-,-,2628.6000,2628.0000,2625.4000,2625.0000,2623.2000,2629.4000,2629.6000,2630.0000,2630.2000,2631.0000,1,1,1,1,1,1,3,1,2,1
SF,IH2009,2020-04-16 09:31:28.800,2629.2000,11310,0,48855960.000,0,-,-,-,-,2628.6000,2628.0000,2625.4000,2625.0000,2623.2000,2629.6000,2630.0000,2630.2000,2631.0000,2631.8000,2,1,1,1,1,3,1,2,1,1
SF,IH2009,2020-04-16 09:31:29.300,2629.2000,11310,0,48855960.000,0,-,-,-,-,2628.6000,2628.0000,2625.4000,2625.0000,2623.2000,2629.6000,2630.0000,2630.2000,2631.0000,2631.8000,2,1,1,1,1,2,1,2,1,1
SF,IH2009,2020-04-16 09:31:29.800,2629.2000,11310,0,48855960.000,0,-,-,-,-,2628.6000,2628.0000,2625.4000,2625.0000,2623.2000,2629.6000,2630.0000,2630.2000,2631.0000,2631.8000,1,1,1,1,1,3,1,2,1,1
SF,IH2009,2020-04-16 09:31:30.300,2629.2000,11310,0,48855960.000,0,-,-,-,-,2628.6000,2628.0000,2625.4000,2625.0000,2623.2000,2629.6000,2630.0000,2630.2000,2631.0000,2631.8000,1,1,1,1,1,2,1,2,1,1
SF,IH2009,2020-04-16 09:31:30.800,2629.2000,11310,0,48855960.000,0,-,-,-,-,2628.6000,2628.0000,2625.4000,2625.0000,2623.2000,2629.6000,2630.0000,2630.2000,2631.0000,2631.8000,1,1,1,1,1,3,1,2,1,1
SF,IH2009,2020-04-16 09:31:31.300,2629.2000,11310,0,48855960.000,0,-,-,-,-,2628.6000,2628.0000,2625.4000,2625.0000,2623.2000,2629.6000,2630.0000,2630.2000,2631.0000,2631.8000,1,1,1,1,1,2,1,2,1,1
SF,IH2009,2020-04-16 09:31:31.800,2629.2000,11310,0,48855960.000,0,-,-,-,-,2628.6000,2628.0000,2625.4000,2625.0000,2623.2000,2629.4000,2629.6000,2630.0000,2630.2000,2631.0000,1,1,1,1,1,1,3,1,2,1
SF,IH2009,2020-04-16 09:31:32.300,2629.2000,11310,0,48855960.000,0,-,-,-,-,2628.6000,2628.0000,2625.4000,2625.0000,2623.2000,2629.0000,2629.6000,2630.0000,2630.2000,2631.0000,1,1,1,1,1,1,2,1,2,1
SF,IH2009,2020-04-16 09:31:32.800,2628.6000,11310,0,49644540.000,1,0,1,多换,S,2628.0000,2625.4000,2625.0000,2623.2000,2623.0000,2629.0000,2629.6000,2630.0000,2630.2000,2631.0000,1,1,1,1,1,1,2,1,2,1
SF,IH2009,2020-04-16 09:31:33.300,2628.6000,11310,0,49644540.000,0,-,-,-,-,2628.0000,2625.4000,2625.0000,2623.2000,2623.0000,2629.0000,2629.6000,2630.0000,2631.0000,2631.8000,1,1,1,1,1,1,2,1,1,1
SF,IH2009,2020-04-16 09:31:33.800,2628.6000,11310,0,49644540.000,0,-,-,-,-,2628.0000,2625.4000,2625.0000,2623.2000,2623.0000,2628.6000,2629.6000,2630.0000,2631.0000,2631.8000,1,1,1,1,1,1,3,1,1,1
SF,IH2009,2020-04-16 09:31:35.800,2628.0000,11310,0,50432940.000,1,0,1,多换,S,2625.4000,2625.0000,2623.2000,2623.0000,2621.0000,2628.6000,2629.6000,2630.0000,2631.0000,2631.8000,1,1,1,1,2,1,3,1,1,1
SF,IH2009,2020-04-16 09:31:36.300,2628.4000,11309,-1,51221460.000,1,0,1,双平,S,2626.8000,2625.6000,2625.4000,2625.0000,2623.2000,2628.4000,2629.6000,2630.0000,2631.0000,2632.0000,1,3,1,1,1,1,2,1,1,1
SF,IH2009,2020-04-16 09:31:36.800,2627.0000,11308,-1,52009560.000,1,0,1,双平,S,2627.0000,2626.8000,2625.6000,2625.4000,2625.0000,2628.4000,2629.6000,2630.0000,2631.0000,2632.0000,2,1,2,1,1,1,2,1,1,1
SF,IH2009,2020-04-16 09:31:37.800,2628.4000,11309,1,52798080.000,1,1,0,双开,S,2627.0000,2626.8000,2625.6000,2625.4000,2625.0000,2629.6000,2630.0000,2631.0000,2632.0000,2632.4000,2,1,2,1,1,2,1,1,1,1
SF,IH2009,2020-04-16 09:31:38.300,2628.4000,11309,0,52798080.000,0,-,-,-,-,2627.0000,2626.8000,2625.6000,2625.4000,2625.0000,2629.4000,2629.6000,2630.0000,2631.0000,2632.0000,1,1,2,1,1,1,3,1,1,1
SF,IH2009,2020-04-16 09:31:39.300,2628.4000,11309,0,52798080.000,0,-,-,-,-,2627.0000,2626.8000,2625.6000,2625.4000,2625.0000,2629.4000,2629.6000,2630.0000,2631.0000,2632.0000,1,1,2,1,1,2,3,1,1,1
SF,IH2009,2020-04-16 09:31:39.800,2628.4000,11309,0,52798080.000,0,-,-,-,-,2627.0000,2626.8000,2625.6000,2625.4000,2625.0000,2629.4000,2629.6000,2630.0000,2631.0000,2632.0000,1,1,2,1,1,2,3,1,1,1
SF,IH2009,2020-04-16 09:31:40.300,2627.0000,11308,-1,53586180.000,1,0,1,双平,S,2626.8000,2625.6000,2625.4000,2625.0000,2623.2000,2629.4000,2629.6000,2630.0000,2631.0000,2632.0000,1,2,1,1,1,2,3,1,1,1
SF,IH2009,2020-04-16 09:31:40.800,2627.0000,11308,0,53586180.000,0,-,-,-,-,2627.2000,2627.0000,2626.8000,2625.6000,2625.4000,2629.4000,2629.6000,2630.0000,2631.0000,2632.0000,1,2,1,2,1,2,4,1,1,1
SF,IH2009,2020-04-16 09:31:41.300,2627.0000,11308,0,53586180.000,0,-,-,-,-,2627.4000,2627.2000,2626.8000,2625.6000,2625.4000,2629.4000,2629.6000,2630.0000,2631.0000,2632.0000,2,1,1,2,1,2,4,1,1,1
SF,IH2009,2020-04-16 09:31:41.800,2627.2000,11307,-1,54374340.000,1,0,1,双平,S,2627.4000,2627.2000,2626.8000,2625.6000,2625.4000,2629.2000,2629.4000,2629.6000,2630.0000,2631.0000,1,1,1,2,1,1,3,4,1,1
SF,IH2009,2020-04-16 09:31:42.300,2627.2000,11307,0,54374340.000,0,-,-,-,-,2627.4000,2627.2000,2626.8000,2625.6000,2625.4000,2629.0000,2629.4000,2629.6000,2630.0000,2631.0000,1,1,1,2,1,1,3,4,1,1
SF,IH2009,2020-04-16 09:31:42.800,2627.2000,11307,0,54374340.000,0,-,-,-,-,2627.6000,2627.4000,2627.2000,2626.8000,2625.6000,2628.8000,2629.4000,2629.6000,2630.0000,2631.0000,1,1,1,1,2,2,2,4,1,1
SF,IH2009,2020-04-16 09:31:43.300,2627.2000,11307,0,54374340.000,0,-,-,-,-,2627.6000,2627.4000,2627.2000,2626.8000,2625.6000,2628.8000,2629.4000,2629.6000,2630.0000,2631.0000,1,1,1,1,2,2,2,4,1,1
SF,IH2009,2020-04-16 09:31:43.800,2627.4000,11306,-1,55162560.000,1,0,1,双平,S,2627.4000,2627.2000,2626.8000,2625.6000,2625.4000,2628.8000,2629.4000,2629.6000,2630.0000,2631.0000,1,1,1,2,1,2,1,4,1,1
SF,IH2009,2020-04-16 09:31:44.300,2627.4000,11306,0,55162560.000,0,-,-,-,-,2627.6000,2627.4000,2627.2000,2626.8000,2625.6000,2628.8000,2629.4000,2629.6000,2630.0000,2631.0000,1,1,1,1,2,2,1,4,1,1
SF,IH2009,2020-04-16 09:31:45.300,2627.4000,11306,0,55162560.000,0,-,-,-,-,2627.6000,2627.4000,2627.2000,2626.8000,2625.6000,2628.8000,2629.4000,2629.6000,2630.0000,2631.0000,1,1,1,1,2,2,1,4,1,1
SF,IH2009,2020-04-16 09:31:45.800,2627.4000,11306,0,55162560.000,0,-,-,-,-,2627.8000,2627.6000,2627.4000,2627.2000,2626.8000,2629.4000,2629.6000,2630.0000,2631.0000,2632.0000,1,1,1,1,1,1,4,1,1,1
SF,IH2009,2020-04-16 09:31:46.300,2627.4000,11306,0,55162560.000,0,-,-,-,-,2628.0000,2627.4000,2627.2000,2626.8000,2625.6000,2629.2000,2629.4000,2629.6000,2630.0000,2631.0000,2,1,1,1,2,2,1,4,1,1
SF,IH2009,2020-04-16 09:31:46.800,2627.4000,11306,0,55162560.000,0,-,-,-,-,2628.0000,2627.4000,2627.2000,2626.8000,2625.6000,2629.2000,2629.4000,2629.6000,2630.0000,2631.0000,1,1,1,1,2,2,1,4,1,1
SF,IH2009,2020-04-16 09:31:47.800,2627.4000,11306,0,55162560.000,0,-,-,-,-,2628.0000,2627.4000,2627.2000,2626.8000,2625.6000,2629.2000,2629.4000,2629.6000,2630.0000,2630.8000,1,1,1,1,2,2,1,4,1,1
SF,IH2009,2020-04-16 09:31:50.300,2629.2000,11306,0,55951320.000,1,0,1,多换,S,2628.0000,2627.4000,2627.2000,2626.8000,2625.6000,2629.2000,2629.4000,2629.6000,2630.0000,2630.8000,1,1,1,1,2,1,1,4,1,1
SF,IH2009,2020-04-16 09:31:50.800,2629.2000,11306,0,55951320.000,0,-,-,-,-,2628.0000,2627.4000,2627.2000,2626.8000,2625.6000,2629.4000,2629.6000,2630.0000,2630.8000,2631.0000,1,1,1,1,2,1,4,1,1,1
SF,IH2009,2020-04-16 09:31:51.300,2629.2000,11306,0,56740080.000,1,0,1,多换,S,2628.2000,2628.0000,2627.4000,2627.2000,2626.8000,2629.4000,2629.6000,2630.0000,2630.8000,2631.0000,1,1,1,1,1,1,4,1,1,1
SF,IH2009,2020-04-16 09:31:51.800,2629.2000,11306,0,56740080.000,0,-,-,-,-,2628.0000,2627.4000,2627.2000,2626.8000,2625.6000,2629.2000,2629.4000,2629.6000,2630.0000,2630.8000,1,1,1,1,2,1,1,4,1,1
SF,IH2009,2020-04-16 09:31:54.300,2628.0000,11306,0,57528480.000,1,0,1,多换,S,2627.4000,2627.2000,2626.8000,2625.6000,2625.4000,2629.2000,2629.4000,2629.6000,2630.0000,2630.8000,1,1,1,2,1,1,1,4,1,1
SF,IH2009,2020-04-16 09:31:54.800,2628.0000,11306,0,57528480.000,0,-,-,-,-,2627.6000,2627.4000,2627.2000,2626.8000,2625.6000,2628.0000,2629.0000,2629.2000,2629.4000,2629.6000,2,1,1,1,2,1,1,1,1,4
SF,IH2009,2020-04-16 09:31:55.300,2628.0000,11305,-1,58316880.000,1,0,1,双平,S,2627.6000,2627.2000,2626.8000,2625.6000,2625.4000,2629.2000,2629.4000,2629.6000,2630.0000,2630.8000,2,1,1,2,1,1,1,4,1,1
SF,IH2009,2020-04-16 09:31:55.800,2628.0000,11305,0,58316880.000,0,-,-,-,-,2627.6000,2627.2000,2626.8000,2625.6000,2625.4000,2629.0000,2629.2000,2629.4000,2629.6000,2630.0000,2,1,1,2,1,1,1,1,4,1
SF,IH2009,2020-04-16 09:31:56.300,2628.0000,11305,0,58316880.000,0,-,-,-,-,2627.6000,2627.2000,2626.8000,2625.6000,2625.4000,2628.8000,2629.4000,2629.6000,2630.0000,2630.8000,2,1,1,2,1,1,1,4,1,1
SF,IH2009,2020-04-16 09:31:56.800,2628.8000,11304,-1,59105520.000,1,0,1,双平,S,2627.6000,2627.2000,2626.8000,2625.6000,2625.4000,2629.4000,2629.6000,2630.0000,2630.8000,2631.0000,2,1,1,2,1,1,4,1,1,1
SF,IH2009,2020-04-16 09:31:57.300,2628.8000,11304,0,59105520.000,0,-,-,-,-,2627.8000,2627.6000,2627.2000,2627.0000,2626.8000,2629.2000,2629.4000,2629.6000,2630.0000,2630.8000,1,2,1,1,1,2,1,4,1,1
SF,IH2009,2020-04-16 09:31:57.800,2628.8000,11304,0,59105520.000,0,-,-,-,-,2628.0000,2627.8000,2627.0000,2626.8000,2625.6000,2629.2000,2629.4000,2629.6000,2630.0000,2630.8000,1,1,1,1,2,2,1,4,1,1
SF,IH2009,2020-04-16 09:31:58.800,2628.8000,11304,0,59105520.000,0,-,-,-,-,2628.0000,2627.8000,2627.2000,2627.0000,2626.8000,2629.2000,2629.4000,2629.6000,2630.0000,2630.8000,1,1,1,1,1,2,1,4,1,1
SF,IH2009,2020-04-16 09:31:59.300,2628.8000,11304,0,59105520.000,0,-,-,-,-,2628.0000,2627.8000,2627.2000,2627.0000,2626.8000,2629.0000,2629.2000,2629.4000,2629.6000,2630.0000,1,1,1,1,1,1,2,1,4,1
SF,IH2009,2020-04-16 09:31:59.800,2628.8000,11304,0,59105520.000,0,-,-,-,-,2628.0000,2627.2000,2627.0000,2626.8000,2625.6000,2629.0000,2629.2000,2629.4000,2629.6000,2630.0000,1,1,1,1,2,1,1,1,4,1
SF,IH2009,2020-04-16 09:32:00.300,2628.8000,11304,0,59105520.000,0,-,-,-,-,2628.0000,2627.2000,2627.0000,2626.8000,2626.0000,2628.8000,2629.0000,2629.4000,2629.6000,2630.0000,1,1,1,1,1,1,1,1,4,1
SF,IH2009,2020-04-16 09:32:01.300,2628.8000,11304,0,59105520.000,0,-,-,-,-,2628.0000,2627.2000,2627.0000,2626.0000,2625.6000,2628.8000,2629.0000,2629.4000,2629.6000,2630.0000,1,1,1,1,2,1,1,1,4,1
SF,IH2009,2020-04-16 09:32:01.800,2628.8000,11304,0,59105520.000,0,-,-,-,-,2627.2000,2627.0000,2626.0000,2625.6000,2625.4000,2628.8000,2629.0000,2629.4000,2629.6000,2630.0000,1,1,1,2,1,1,1,1,4,1
SF,IH2009,2020-04-16 09:32:02.300,2628.8000,11304,0,59105520.000,0,-,-,-,-,2627.4000,2627.2000,2627.0000,2626.0000,2625.6000,2628.8000,2629.0000,2629.4000,2629.6000,2630.0000,2,1,1,1,2,1,1,1,4,1
SF,IH2009,2020-04-16 09:32:04.300,2628.8000,11304,0,59105520.000,0,-,-,-,-,2627.4000,2627.2000,2627.0000,2626.0000,2625.6000,2628.6000,2628.8000,2629.0000,2629.4000,2629.6000,1,1,1,1,2,1,1,1,1,4
SF,IH2009,2020-04-16 09:32:04.800,2628.8000,11304,0,59105520.000,0,-,-,-,-,2627.4000,2627.2000,2627.0000,2626.0000,2625.6000,2628.4000,2629.0000,2629.4000,2629.6000,2630.0000,1,1,1,1,2,1,1,1,4,1
SF,IH2009,2020-04-16 09:32:05.300,2628.8000,11304,0,59105520.000,0,-,-,-,-,2628.2000,2627.4000,2627.2000,2627.0000,2626.0000,2628.4000,2629.0000,2629.4000,2629.6000,2630.0000,1,1,1,1,1,1,1,1,4,1
SF,IH2009,2020-04-16 09:32:05.800,2628.2000,11303,-1,59893980.000,1,0,1,双平,S,2627.4000,2627.2000,2627.0000,2626.0000,2625.6000,2628.4000,2629.0000,2629.4000,2629.6000,2630.0000,1,1,1,1,2,1,1,1,4,1
SF,IH2009,2020-04-16 09:32:06.300,2628.2000,11303,0,59893980.000,0,-,-,-,-,2627.4000,2627.2000,2627.0000,2626.0000,2625.6000,2628.2000,2628.4000,2629.0000,2629.4000,2629.6000,1,1,1,1,2,1,1,1,1,4
SF,IH2009,2020-04-16 09:32:06.800,2628.2000,11303,0,59893980.000,0,-,-,-,-,2627.4000,2627.2000,2627.0000,2626.0000,2625.6000,2628.4000,2629.4000,2629.6000,2630.0000,2630.8000,1,1,1,1,2,1,1,4,1,1
SF,IH2009,2020-04-16 09:32:09.300,2628.2000,11303,0,59893980.000,0,-,-,-,-,2627.4000,2627.2000,2627.0000,2626.0000,2625.6000,2628.2000,2628.4000,2629.4000,2629.6000,2630.0000,1,1,1,1,2,1,1,1,4,1
SF,IH2009,2020-04-16 09:32:09.800,2628.2000,11303,0,59893980.000,0,-,-,-,-,2627.2000,2627.0000,2626.0000,2625.6000,2625.4000,2628.0000,2628.2000,2629.4000,2629.6000,2630.0000,1,1,1,2,1,2,1,1,4,1
SF,IH2009,2020-04-16 09:32:10.300,2628.2000,11303,0,59893980.000,0,-,-,-,-,2627.2000,2627.0000,2626.0000,2625.6000,2625.4000,2628.0000,2628.2000,2629.4000,2629.6000,2630.0000,1,1,1,2,1,2,1,1,4,1
SF,IH2009,2020-04-16 09:32:10.800,2628.2000,11303,0,59893980.000,0,-,-,-,-,2627.2000,2627.0000,2626.0000,2625.6000,2625.4000,2628.0000,2628.2000,2629.4000,2629.6000,2630.0000,1,1,1,2,1,2,1,1,9,1
SF,IH2009,2020-04-16 09:32:11.300,2628.2000,11303,0,59893980.000,0,-,-,-,-,2627.2000,2627.0000,2626.0000,2625.6000,2625.4000,2628.0000,2628.2000,2629.4000,2629.6000,2630.0000,1,1,1,2,1,2,1,1,4,1
SF,IH2009,2020-04-16 09:32:11.800,2628.2000,11303,0,59893980.000,0,-,-,-,-,2627.2000,2627.0000,2626.0000,2625.6000,2625.4000,2628.0000,2628.2000,2629.4000,2629.6000,2630.0000,1,1,1,2,1,1,1,1,4,1
SF,IH2009,2020-04-16 09:32:12.300,2628.2000,11303,0,59893980.000,0,-,-,-,-,2627.2000,2627.0000,2626.0000,2625.6000,2625.4000,2628.0000,2628.2000,2629.4000,2629.6000,2630.0000,1,1,1,2,1,1,1,1,3,1
SF,IH2009,2020-04-16 09:32:12.800,2627.2000,11302,-1,60682140.000,1,0,1,双平,S,2627.0000,2626.0000,2625.6000,2625.4000,2625.0000,2628.0000,2628.2000,2629.4000,2629.6000,2630.0000,1,1,2,1,1,1,1,1,3,1
SF,IH2009,2020-04-16 09:32:13.300,2627.2000,11302,0,60682140.000,0,-,-,-,-,2627.2000,2627.0000,2626.0000,2625.6000,2625.4000,2628.0000,2628.2000,2629.4000,2629.6000,2630.0000,1,1,1,2,1,1,1,1,3,1
SF,IH2009,2020-04-16 09:32:19.300,2627.2000,11302,0,60682140.000,0,-,-,-,-,2627.2000,2627.0000,2626.0000,2625.6000,2625.4000,2628.0000,2628.2000,2629.4000,2629.6000,2630.0000,1,1,1,2,1,2,1,1,3,1
SF,IH2009,2020-04-16 09:32:19.800,2627.0000,11301,-1,61470240.000,1,0,1,双平,S,2626.0000,2625.6000,2625.4000,2625.0000,2623.2000,2628.0000,2628.2000,2629.4000,2629.6000,2630.0000,1,2,1,1,1,2,1,1,3,1
SF,IH2009,2020-04-16 09:32:20.300,2627.0000,11301,0,61470240.000,0,-,-,-,-,2626.2000,2626.0000,2625.6000,2625.4000,2625.0000,2627.8000,2628.0000,2628.2000,2629.4000,2629.6000,3,1,2,1,1,1,2,1,1,3
SF,IH2009,2020-04-16 09:32:20.800,2627.0000,11301,0,61470240.000,0,-,-,-,-,2626.2000,2626.0000,2625.6000,2625.4000,2625.0000,2627.6000,2628.0000,2628.2000,2629.4000,2629.6000,3,1,2,1,1,1,1,1,1,3
SF,IH2009,2020-04-16 09:32:21.300,2627.0000,11301,0,61470240.000,0,-,-,-,-,2626.2000,2626.0000,2625.6000,2625.4000,2625.0000,2627.6000,2628.0000,2628.2000,2629.4000,2629.6000,3,1,2,1,1,1,1,1,1,3
SF,IH2009,2020-04-16 09:32:24.800,2627.0000,11301,0,61470240.000,0,-,-,-,-,2626.2000,2626.0000,2625.6000,2625.4000,2625.0000,2627.6000,2628.0000,2628.2000,2629.4000,2629.6000,3,1,2,1,1,1,1,1,1,3
SF,IH2009,2020-04-16 09:32:25.300,2627.0000,11301,0,61470240.000,0,-,-,-,-,2626.2000,2626.0000,2625.6000,2625.4000,2625.0000,2627.6000,2628.0000,2629.4000,2629.6000,2630.0000,3,1,2,1,1,1,1,1,3,1
SF,IH2009,2020-04-16 09:32:26.300,2627.0000,11301,0,61470240.000,0,-,-,-,-,2626.4000,2626.2000,2626.0000,2625.6000,2625.4000,2627.4000,2627.6000,2628.0000,2629.4000,2629.6000,1,3,1,2,1,1,1,1,1,3
SF,IH2009,2020-04-16 09:32:26.800,2627.0000,11301,0,61470240.000,0,-,-,-,-,2626.4000,2626.2000,2626.0000,2625.6000,2625.4000,2627.4000,2627.6000,2628.0000,2629.4000,2629.6000,1,1,1,2,1,1,1,1,1,3
SF,IH2009,2020-04-16 09:32:28.800,2627.0000,11301,0,61470240.000,0,-,-,-,-,2626.4000,2626.2000,2626.0000,2625.6000,2625.4000,2627.4000,2627.6000,2628.0000,2629.4000,2629.6000,1,1,1,2,1,1,1,1,1,2
SF,IH2009,2020-04-16 09:32:31.300,2627.0000,11301,0,61470240.000,0,-,-,-,-,2626.6000,2626.4000,2626.2000,2626.0000,2625.6000,2627.4000,2627.6000,2628.0000,2629.4000,2629.6000,1,1,1,1,2,1,1,1,1,2
SF,IH2009,2020-04-16 09:32:36.800,2626.6000,11302,1,62258220.000,1,1,0,双开,S,2626.4000,2626.2000,2626.0000,2625.6000,2625.4000,2627.4000,2627.6000,2628.0000,2629.4000,2629.6000,1,1,1,2,1,1,1,1,1,2
SF,IH2009,2020-04-16 09:32:37.300,2626.6000,11302,0,62258220.000,0,-,-,-,-,2626.4000,2626.2000,2626.0000,2625.6000,2625.4000,2627.2000,2627.4000,2628.0000,2629.4000,2629.6000,1,1,1,2,1,1,1,1,1,2
SF,IH2009,2020-04-16 09:32:37.800,2626.4000,11301,-1,63046140.000,1,0,1,双平,S,2626.2000,2626.0000,2625.6000,2625.4000,2625.0000,2627.2000,2627.4000,2628.0000,2629.4000,2629.6000,1,1,2,1,1,1,1,1,1,2
SF,IH2009,2020-04-16 09:32:38.800,2626.4000,11301,0,63046140.000,0,-,-,-,-,2626.2000,2626.0000,2625.6000,2625.4000,2625.0000,2627.2000,2627.4000,2628.0000,2629.4000,2629.6000,1,1,2,1,1,1,1,1,1,2
SF,IH2009,2020-04-16 09:32:40.800,2626.4000,11301,0,63046140.000,0,-,-,-,-,2626.2000,2626.0000,2625.6000,2625.4000,2625.0000,2627.2000,2627.4000,2628.0000,2629.4000,2629.6000,1,1,2,1,1,1,1,1,1,2
SF,IH2009,2020-04-16 09:32:41.300,2626.4000,11301,0,63046140.000,0,-,-,-,-,2626.2000,2626.0000,2625.6000,2625.4000,2625.0000,2627.2000,2627.4000,2628.0000,2629.4000,2629.6000,1,1,2,1,1,1,1,1,1,2
SF,IH2009,2020-04-16 09:32:41.800,2626.4000,11301,0,63046140.000,0,-,-,-,-,2626.2000,2626.0000,2625.6000,2625.4000,2625.0000,2627.2000,2627.4000,2628.0000,2629.4000,2629.6000,1,1,2,1,1,1,1,1,1,2
SF,IH2009,2020-04-16 09:32:42.800,2626.2000,11300,-1,63834000.000,1,0,1,双平,S,2626.0000,2625.6000,2625.4000,2625.0000,2623.2000,2627.2000,2627.4000,2628.0000,2629.4000,2629.6000,1,2,1,1,1,1,1,1,1,2
SF,IH2009,2020-04-16 09:32:45.800,2626.2000,11300,0,63834000.000,0,-,-,-,-,2626.2000,2626.0000,2625.6000,2625.4000,2625.0000,2627.2000,2627.4000,2628.0000,2629.4000,2629.6000,1,1,2,1,1,1,1,1,1,2
SF,IH2009,2020-04-16 09:32:46.300,2626.2000,11300,0,63834000.000,0,-,-,-,-,2626.4000,2626.0000,2625.6000,2625.4000,2625.0000,2627.2000,2627.4000,2628.0000,2629.4000,2629.6000,1,1,2,1,1,2,1,1,1,2
SF,IH2009,2020-04-16 09:32:47.300,2626.2000,11300,0,63834000.000,0,-,-,-,-,2626.4000,2626.0000,2625.6000,2625.4000,2625.0000,2627.2000,2627.4000,2628.0000,2629.4000,2629.6000,1,1,2,1,1,2,1,1,1,2
SF,IH2009,2020-04-16 09:32:48.800,2626.2000,11300,0,63834000.000,0,-,-,-,-,2626.4000,2626.0000,2625.6000,2625.4000,2625.0000,2627.2000,2627.4000,2629.4000,2629.6000,2629.8000,1,1,2,1,1,2,1,1,2,1
SF,IH2009,2020-04-16 09:32:49.300,2626.2000,11300,0,63834000.000,0,-,-,-,-,2626.4000,2626.0000,2625.6000,2625.4000,2625.0000,2627.2000,2627.4000,2629.4000,2629.6000,2629.8000,1,1,2,1,1,2,1,1,2,1
SF,IH2009,2020-04-16 09:32:49.800,2626.2000,11300,0,63834000.000,0,-,-,-,-,2626.4000,2626.0000,2625.6000,2625.4000,2625.0000,2627.2000,2627.4000,2629.4000,2629.6000,2629.8000,1,1,2,1,1,2,1,1,2,1
SF,IH2009,2020-04-16 09:32:50.300,2626.2000,11300,0,63834000.000,0,-,-,-,-,2626.4000,2626.0000,2625.6000,2625.4000,2625.0000,2627.2000,2627.4000,2629.4000,2629.6000,2629.8000,1,1,2,1,1,1,1,1,2,1
SF,IH2009,2020-04-16 09:32:50.800,2626.2000,11300,0,63834000.000,0,-,-,-,-,2626.4000,2626.0000,2625.6000,2625.4000,2625.0000,2627.2000,2627.4000,2629.4000,2629.6000,2629.8000,1,1,2,1,1,1,1,1,2,1
SF,IH2009,2020-04-16 09:32:52.800,2627.4000,11301,1,65410380.000,2,1,1,空开,S,2626.4000,2626.0000,2625.6000,2625.4000,2625.0000,2629.4000,2629.6000,2629.8000,2630.0000,2630.8000,1,2,2,1,1,1,2,1,1,1
SF,IH2009,2020-04-16 09:32:53.300,2627.4000,11301,0,65410380.000,0,-,-,-,-,2626.6000,2626.4000,2626.0000,2625.6000,2625.4000,2629.0000,2629.2000,2629.4000,2629.6000,2629.8000,1,1,2,2,1,7,1,1,2,1
SF,IH2009,2020-04-16 09:32:53.800,2627.4000,11301,0,65410380.000,0,-,-,-,-,2626.8000,2626.6000,2626.0000,2625.6000,2625.4000,2628.0000,2628.6000,2628.8000,2629.0000,2629.4000,1,1,2,2,1,1,3,1,7,1
SF,IH2009,2020-04-16 09:32:54.300,2627.4000,11301,0,65410380.000,0,-,-,-,-,2626.8000,2626.6000,2626.0000,2625.6000,2625.4000,2627.8000,2628.6000,2629.4000,2629.6000,2630.0000,1,1,2,2,1,1,3,1,2,1
SF,IH2009,2020-04-16 09:32:54.800,2627.4000,11301,0,65410380.000,0,-,-,-,-,2626.8000,2626.0000,2625.6000,2625.4000,2625.0000,2627.8000,2628.0000,2629.4000,2629.6000,2630.0000,1,2,2,1,1,1,1,1,2,1
SF,IH2009,2020-04-16 09:32:55.300,2627.4000,11301,0,65410380.000,0,-,-,-,-,2626.0000,2625.6000,2625.4000,2625.0000,2623.2000,2626.6000,2627.8000,2628.0000,2629.4000,2629.6000,2,2,1,1,1,1,1,1,1,2
SF,IH2009,2020-04-16 09:32:55.800,2626.6000,11300,-1,66198360.000,1,0,1,双平,S,2626.2000,2626.0000,2625.6000,2625.4000,2625.0000,2627.8000,2628.0000,2629.4000,2629.6000,2630.0000,2,2,2,1,1,1,1,1,2,1
SF,IH2009,2020-04-16 09:32:56.300,2626.6000,11300,0,66198360.000,0,-,-,-,-,2626.2000,2626.0000,2625.6000,2625.4000,2625.0000,2627.6000,2627.8000,2628.0000,2629.4000,2629.6000,2,2,2,1,1,1,1,1,1,2
SF,IH2009,2020-04-16 09:32:56.800,2626.6000,11300,0,66198360.000,0,-,-,-,-,2626.2000,2626.0000,2625.6000,2625.4000,2625.0000,2627.4000,2628.0000,2629.4000,2629.6000,2630.0000,2,2,2,1,1,2,1,1,2,1
SF,IH2009,2020-04-16 09:32:57.300,2626.6000,11300,0,66198360.000,0,-,-,-,-,2626.2000,2626.0000,2625.6000,2625.4000,2625.0000,2627.4000,2628.0000,2629.4000,2629.6000,2630.0000,1,2,2,1,1,2,1,1,2,1
SF,IH2009,2020-04-16 09:33:00.300,2627.4000,11299,-1,66986580.000,1,0,1,双平,S,2626.2000,2626.0000,2625.6000,2625.4000,2625.0000,2629.4000,2629.6000,2630.0000,2630.8000,2632.0000,1,2,2,1,1,1,2,1,1,1
SF,IH2009,2020-04-16 09:33:00.800,2627.4000,11299,0,66986580.000,0,-,-,-,-,2626.4000,2626.2000,2626.0000,2625.6000,2625.4000,2629.2000,2629.4000,2629.6000,2630.0000,2630.8000,1,1,2,2,1,8,1,2,1,1
SF,IH2009,2020-04-16 09:33:01.300,2627.4000,11299,0,66986580.000,0,-,-,-,-,2626.6000,2626.4000,2626.0000,2625.6000,2625.4000,2629.2000,2629.4000,2629.6000,2630.0000,2630.8000,1,1,2,2,1,1,1,2,1,1
SF,IH2009,2020-04-16 09:33:01.800,2627.4000,11299,0,66986580.000,0,-,-,-,-,2626.8000,2626.6000,2626.0000,2625.6000,2625.4000,2629.2000,2629.4000,2629.6000,2630.0000,2630.8000,1,1,2,2,1,1,1,2,1,1
SF,IH2009,2020-04-16 09:33:02.300,2627.4000,11299,0,66986580.000,0,-,-,-,-,2627.0000,2626.8000,2626.0000,2625.6000,2625.4000,2629.2000,2629.4000,2629.6000,2630.0000,2630.8000,1,1,2,2,1,1,1,2,1,1
SF,IH2009,2020-04-16 09:33:02.800,2627.4000,11299,0,66986580.000,0,-,-,-,-,2627.2000,2627.0000,2626.2000,2626.0000,2625.6000,2629.2000,2629.4000,2629.6000,2630.0000,2630.8000,1,1,1,2,2,1,1,2,1,1
SF,IH2009,2020-04-16 09:33:03.300,2627.4000,11299,0,66986580.000,0,-,-,-,-,2627.4000,2627.2000,2626.2000,2626.0000,2625.6000,2629.0000,2629.2000,2629.4000,2629.6000,2630.0000,1,1,1,2,2,1,1,1,2,1
SF,IH2009,2020-04-16 09:33:03.800,2627.4000,11299,0,66986580.000,0,-,-,-,-,2627.4000,2627.2000,2626.2000,2626.0000,2625.6000,2628.8000,2629.4000,2629.6000,2630.0000,2630.8000,1,1,1,2,2,2,1,2,1,1
SF,IH2009,2020-04-16 09:33:04.300,2627.4000,11299,0,66986580.000,0,-,-,-,-,2627.4000,2627.2000,2626.2000,2626.0000,2625.6000,2628.8000,2629.4000,2629.6000,2630.0000,2630.8000,1,1,1,2,2,2,1,2,1,1
SF,IH2009,2020-04-16 09:33:09.300,2628.8000,11299,0,67775220.000,1,0,1,多换,S,2627.4000,2627.2000,2626.2000,2626.0000,2625.6000,2628.8000,2629.4000,2629.6000,2630.0000,2630.8000,1,1,1,2,2,1,1,2,1,1
SF,IH2009,2020-04-16 09:33:09.800,2628.8000,11299,0,67775220.000,0,-,-,-,-,2627.6000,2627.4000,2627.2000,2626.2000,2626.0000,2629.4000,2629.6000,2630.0000,2630.8000,2632.0000,1,1,1,1,2,1,2,1,1,1
SF,IH2009,2020-04-16 09:33:10.300,2628.8000,11299,0,67775220.000,0,-,-,-,-,2627.8000,2626.2000,2626.0000,2625.6000,2625.4000,2629.2000,2629.4000,2629.6000,2630.0000,2630.8000,2,1,2,2,2,2,1,2,1,1
SF,IH2009,2020-04-16 09:33:10.800,2628.8000,11299,0,67775220.000,0,-,-,-,-,2628.8000,2627.8000,2626.0000,2625.6000,2625.4000,2629.2000,2629.4000,2629.6000,2630.0000,2630.8000,1,2,2,2,2,2,1,2,1,1
SF,IH2009,2020-04-16 09:33:11.300,2628.8000,11298,-1,68563860.000,1,0,1,双平,S,2627.8000,2626.0000,2625.6000,2625.4000,2623.2000,2629.2000,2629.4000,2629.6000,2630.0000,2630.8000,2,2,2,2,1,2,1,2,1,1
SF,IH2009,2020-04-16 09:33:11.800,2627.8000,11297,-1,69352200.000,1,0,1,双平,S,2627.8000,2626.0000,2625.6000,2625.4000,2623.2000,2628.6000,2629.2000,2629.4000,2629.6000,2630.0000,1,2,2,2,1,1,2,1,2,1
SF,IH2009,2020-04-16 09:33:12.300,2628.6000,11297,0,70140780.000,1,0,1,多换,S,2628.0000,2626.0000,2625.6000,2625.4000,2623.2000,2629.2000,2629.4000,2629.6000,2630.0000,2630.8000,1,2,2,2,1,1,1,2,1,1
SF,IH2009,2020-04-16 09:33:12.800,2628.6000,11297,0,70140780.000,0,-,-,-,-,2628.2000,2628.0000,2626.0000,2625.6000,2625.4000,2629.4000,2629.6000,2630.0000,2630.8000,2632.0000,1,1,2,2,2,1,2,1,1,1
SF,IH2009,2020-04-16 09:33:13.300,2628.6000,11297,0,70140780.000,0,-,-,-,-,2628.4000,2626.0000,2625.6000,2625.4000,2623.2000,2629.2000,2629.4000,2629.6000,2630.0000,2630.8000,1,2,2,2,1,1,1,2,1,1
SF,IH2009,2020-04-16 09:33:13.800,2628.6000,11297,0,70140780.000,0,-,-,-,-,2626.0000,2625.6000,2625.4000,2623.2000,2623.0000,2629.2000,2629.4000,2629.6000,2630.0000,2630.8000,2,2,2,1,1,1,1,2,1,1
SF,IH2009,2020-04-16 09:33:14.300,2628.6000,11297,0,70140780.000,0,-,-,-,-,2627.0000,2626.2000,2626.0000,2625.6000,2625.4000,2629.2000,2629.4000,2629.6000,2630.0000,2630.8000,1,3,2,2,2,1,1,2,1,1
SF,IH2009,2020-04-16 09:33:14.800,2628.6000,11297,0,70140780.000,0,-,-,-,-,2627.2000,2627.0000,2626.2000,2626.0000,2625.6000,2629.2000,2629.4000,2629.6000,2630.0000,2630.8000,2,1,1,2,2,1,1,2,1,1
SF,IH2009,2020-04-16 09:33:15.300,2628.6000,11297,0,70140780.000,0,-,-,-,-,2628.0000,2627.4000,2627.2000,2627.0000,2626.2000,2629.2000,2629.4000,2629.6000,2630.0000,2630.8000,1,1,2,1,1,1,1,2,1,1
SF,IH2009,2020-04-16 09:33:15.800,2628.6000,11297,0,70140780.000,0,-,-,-,-,2628.2000,2628.0000,2627.2000,2626.2000,2626.0000,2629.2000,2629.4000,2629.6000,2630.0000,2630.8000,1,1,1,1,2,1,1,2,1,1
SF,IH2009,2020-04-16 09:33:18.300,2628.6000,11297,0,70140780.000,0,-,-,-,-,2628.2000,2628.0000,2627.2000,2626.2000,2626.0000,2629.2000,2629.4000,2629.6000,2630.0000,2630.8000,1,1,1,1,1,1,1,2,1,1
SF,IH2009,2020-04-16 09:33:24.300,2629.2000,11297,0,70929540.000,1,0,1,多换,S,2628.4000,2628.2000,2628.0000,2627.2000,2626.2000,2629.4000,2629.6000,2630.0000,2630.8000,2632.0000,1,1,1,1,1,1,1,1,1,1
SF,IH2009,2020-04-16 09:33:24.800,2629.4000,11297,0,71718360.000,1,0,1,多换,S,2628.6000,2628.4000,2628.0000,2627.2000,2626.2000,2629.6000,2630.0000,2630.8000,2632.0000,2632.4000,2,1,1,1,1,1,1,1,1,1
SF,IH2009,2020-04-16 09:33:25.300,2629.4000,11297,0,71718360.000,0,-,-,-,-,2628.6000,2628.4000,2628.0000,2627.2000,2626.2000,2629.6000,2630.0000,2630.8000,2632.0000,2632.4000,2,1,2,1,1,1,1,1,1,1
SF,IH2009,2020-04-16 09:33:25.800,2629.4000,11297,0,71718360.000,0,-,-,-,-,2628.8000,2628.6000,2628.4000,2628.0000,2627.2000,2629.6000,2630.0000,2630.8000,2632.0000,2632.4000,1,2,1,2,1,1,1,1,1,1
SF,IH2009,2020-04-16 09:33:26.300,2629.4000,11297,0,71718360.000,0,-,-,-,-,2629.0000,2628.8000,2628.4000,2628.0000,2627.2000,2629.6000,2630.0000,2630.8000,2632.0000,2632.4000,1,1,1,2,1,1,1,1,1,1
SF,IH2009,2020-04-16 09:33:28.800,2629.4000,11297,0,71718360.000,0,-,-,-,-,2629.2000,2629.0000,2628.8000,2628.0000,2627.2000,2629.6000,2630.0000,2630.8000,2632.0000,2632.4000,1,1,1,2,1,1,1,1,1,1
SF,IH2009,2020-04-16 09:33:29.300,2629.4000,11297,0,71718360.000,0,-,-,-,-,2629.0000,2628.8000,2628.0000,2627.2000,2626.2000,2629.6000,2630.0000,2630.8000,2632.0000,2632.4000,1,1,2,1,1,1,1,1,1,1
SF,IH2009,2020-04-16 09:33:29.800,2629.6000,11296,-1,72507240.000,1,0,1,双平,S,2629.2000,2629.0000,2628.8000,2628.0000,2627.2000,2630.0000,2630.8000,2632.0000,2632.4000,2633.0000,2,1,1,2,1,1,1,1,1,2
SF,IH2009,2020-04-16 09:33:30.300,2629.6000,11296,0,72507240.000,0,-,-,-,-,2629.4000,2629.2000,2628.8000,2628.0000,2627.2000,2630.0000,2630.8000,2632.0000,2632.4000,2633.0000,1,2,1,2,1,1,1,1,1,2
SF,IH2009,2020-04-16 09:33:30.800,2629.6000,11296,0,72507240.000,0,-,-,-,-,2629.4000,2629.2000,2628.8000,2628.0000,2627.2000,2630.0000,2630.8000,2632.0000,2632.4000,2633.0000,1,1,1,2,1,1,1,1,1,2
SF,IH2009,2020-04-16 09:33:31.300,2629.6000,11296,0,72507240.000,0,-,-,-,-,2629.4000,2629.2000,2628.8000,2628.0000,2627.2000,2630.8000,2632.0000,2632.4000,2633.0000,2633.4000,1,1,1,2,1,1,1,1,2,5
SF,IH2009,2020-04-16 09:33:31.800,2629.6000,11296,0,72507240.000,0,-,-,-,-,2629.4000,2629.2000,2628.8000,2628.0000,2627.2000,2630.6000,2630.8000,2632.0000,2632.4000,2633.0000,1,1,1,2,1,1,1,1,1,2
SF,IH2009,2020-04-16 09:33:34.300,2629.6000,11296,0,72507240.000,0,-,-,-,-,2629.6000,2629.4000,2629.2000,2628.8000,2628.0000,2630.6000,2630.8000,2632.0000,2632.4000,2633.0000,1,1,1,1,2,1,1,1,1,2
SF,IH2009,2020-04-16 09:33:34.800,2629.6000,11296,0,72507240.000,0,-,-,-,-,2629.8000,2628.8000,2628.0000,2627.2000,2626.2000,2630.8000,2632.0000,2632.4000,2633.0000,2633.4000,2,1,2,1,1,1,1,1,2,5
SF,IH2009,2020-04-16 09:33:35.300,2629.6000,11296,0,72507240.000,0,-,-,-,-,2629.8000,2628.8000,2628.0000,2627.2000,2626.2000,2630.8000,2632.0000,2632.4000,2633.0000,2633.4000,2,1,2,1,1,1,1,1,2,5
SF,IH2009,2020-04-16 09:33:36.300,2629.6000,11296,0,72507240.000,0,-,-,-,-,2629.8000,2628.8000,2628.0000,2627.2000,2626.2000,2630.8000,2632.0000,2632.4000,2633.0000,2633.4000,1,1,2,1,1,1,1,1,2,5
SF,IH2009,2020-04-16 09:33:36.800,2629.6000,11296,0,72507240.000,0,-,-,-,-,2628.8000,2628.0000,2626.2000,2626.0000,2625.6000,2630.6000,2630.8000,2632.0000,2632.4000,2633.0000,1,2,1,1,2,1,1,1,1,2
SF,IH2009,2020-04-16 09:33:37.300,2629.6000,11296,0,72507240.000,0,-,-,-,-,2629.2000,2629.0000,2628.8000,2628.0000,2626.2000,2630.6000,2630.8000,2632.0000,2632.4000,2633.0000,1,2,1,2,1,1,1,1,1,2
SF,IH2009,2020-04-16 09:33:37.800,2630.6000,11296,0,73296420.000,1,0,1,多换,S,2629.4000,2629.2000,2628.8000,2628.0000,2626.2000,2630.8000,2632.0000,2632.4000,2633.0000,2633.4000,2,1,1,2,1,1,1,1,2,5
SF,IH2009,2020-04-16 09:33:38.300,2630.6000,11296,0,73296420.000,0,-,-,-,-,2629.4000,2629.2000,2628.8000,2628.0000,2626.2000,2630.6000,2630.8000,2632.0000,2632.4000,2633.0000,1,1,1,2,1,1,1,1,1,2
SF,IH2009,2020-04-16 09:33:38.800,2630.6000,11296,0,73296420.000,0,-,-,-,-,2629.6000,2629.4000,2629.2000,2628.8000,2628.0000,2630.8000,2632.0000,2632.4000,2633.0000,2633.4000,1,1,1,1,2,1,1,1,2,5
SF,IH2009,2020-04-16 09:33:39.300,2630.6000,11296,0,73296420.000,0,-,-,-,-,2629.8000,2629.2000,2628.8000,2628.0000,2626.2000,2630.8000,2632.0000,2632.4000,2633.0000,2633.4000,1,1,1,2,1,1,1,1,2,5
SF,IH2009,2020-04-16 09:33:41.300,2630.8000,11296,0,74085660.000,1,0,1,多换,S,2629.8000,2629.2000,2628.8000,2628.0000,2626.2000,2632.0000,2632.4000,2633.0000,2633.4000,2633.8000,1,1,1,2,1,1,1,2,5,1
SF,IH2009,2020-04-16 09:33:41.800,2630.8000,11296,0,74085660.000,0,-,-,-,-,2629.8000,2629.2000,2628.0000,2626.2000,2625.6000,2631.8000,2632.0000,2632.4000,2633.0000,2633.4000,1,1,2,1,2,1,1,1,2,5
SF,IH2009,2020-04-16 09:33:42.300,2630.8000,11296,0,74085660.000,0,-,-,-,-,2629.8000,2629.2000,2628.0000,2626.2000,2625.6000,2631.6000,2631.8000,2632.0000,2632.4000,2633.0000,1,1,2,1,2,1,1,1,1,2
SF,IH2009,2020-04-16 09:33:42.800,2630.8000,11296,0,74085660.000,0,-,-,-,-,2629.8000,2629.2000,2628.0000,2626.2000,2625.6000,2631.4000,2632.0000,2632.4000,2633.0000,2633.4000,1,1,2,1,2,2,1,1,2,5
SF,IH2009,2020-04-16 09:33:45.300,2630.8000,11296,0,74085660.000,0,-,-,-,-,2629.8000,2629.2000,2628.0000,2626.2000,2625.6000,2631.0000,2631.4000,2632.0000,2632.4000,2633.0000,1,1,2,1,2,1,2,1,1,2
SF,IH2009,2020-04-16 09:33:45.800,2630.8000,11296,0,74085660.000,0,-,-,-,-,2629.8000,2628.0000,2626.2000,2625.6000,2625.4000,2630.8000,2632.0000,2632.4000,2633.0000,2633.4000,1,2,1,2,2,1,1,1,2,5
SF,IH2009,2020-04-16 09:33:46.300,2630.8000,11296,0,74085660.000,0,-,-,-,-,2629.8000,2628.0000,2626.2000,2625.6000,2625.4000,2630.8000,2632.0000,2632.4000,2633.0000,2633.4000,1,2,1,2,2,1,1,1,2,5
SF,IH2009,2020-04-16 09:33:48.800,2629.8000,11296,0,74874600.000,1,0,1,多换,S,2630.0000,2628.0000,2626.2000,2625.6000,2625.4000,2630.8000,2632.0000,2632.4000,2633.0000,2633.4000,1,2,1,2,2,1,1,1,2,5
SF,IH2009,2020-04-16 09:33:49.300,2630.0000,11296,0,75663600.000,1,0,1,多换,S,2628.0000,2626.2000,2625.6000,2625.4000,2623.2000,2630.0000,2630.6000,2630.8000,2632.0000,2632.4000,2,1,2,2,1,1,1,1,1,1
SF,IH2009,2020-04-16 09:33:49.800,2630.0000,11296,0,75663600.000,0,-,-,-,-,2628.6000,2628.2000,2628.0000,2626.2000,2625.6000,2629.8000,2630.0000,2632.0000,2632.4000,2633.0000,1,2,2,1,2,1,1,1,1,2
SF,IH2009,2020-04-16 09:33:50.300,2628.8000,11295,-1,76452240.000,1,0,1,双平,S,2628.0000,2626.2000,2625.6000,2625.4000,2623.2000,2629.8000,2630.0000,2632.0000,2632.4000,2633.0000,2,1,2,2,1,1,1,1,1,2
SF,IH2009,2020-04-16 09:33:50.800,2628.8000,11295,0,76452240.000,0,-,-,-,-,2628.2000,2628.0000,2626.2000,2625.6000,2625.4000,2629.6000,2629.8000,2630.0000,2632.0000,2632.4000,3,2,1,2,2,1,1,1,1,1
SF,IH2009,2020-04-16 09:33:51.300,2628.8000,11295,0,76452240.000,0,-,-,-,-,2628.2000,2628.0000,2626.2000,2625.6000,2625.4000,2629.4000,2629.8000,2630.0000,2632.0000,2632.4000,2,1,1,2,2,1,1,1,1,1
SF,IH2009,2020-04-16 09:33:51.800,2628.8000,11295,0,76452240.000,0,-,-,-,-,2628.2000,2628.0000,2626.2000,2625.6000,2625.4000,2629.8000,2630.0000,2632.0000,2632.4000,2633.0000,2,1,3,2,2,1,1,1,1,2
SF,IH2009,2020-04-16 09:33:52.300,2628.8000,11295,0,76452240.000,0,-,-,-,-,2628.2000,2628.0000,2626.2000,2625.6000,2625.4000,2629.6000,2629.8000,2630.0000,2632.0000,2632.4000,2,1,3,2,2,1,1,1,1,1
SF,IH2009,2020-04-16 09:33:52.800,2628.8000,11295,0,76452240.000,0,-,-,-,-,2629.0000,2628.2000,2628.0000,2626.2000,2625.6000,2629.4000,2630.0000,2632.0000,2632.4000,2633.0000,1,2,1,3,2,1,1,1,1,2
SF,IH2009,2020-04-16 09:33:53.300,2629.0000,11295,0,77240940.000,1,0,1,多换,S,2628.2000,2628.0000,2626.2000,2625.6000,2625.4000,2630.0000,2632.0000,2632.4000,2633.0000,2633.4000,1,1,3,2,2,1,1,1,2,5
SF,IH2009,2020-04-16 09:33:53.800,2629.0000,11295,0,77240940.000,0,-,-,-,-,2628.4000,2628.2000,2628.0000,2626.2000,2625.6000,2629.8000,2630.0000,2632.0000,2632.4000,2633.0000,3,1,1,3,2,2,1,1,1,2
SF,IH2009,2020-04-16 09:33:54.300,2629.0000,11295,0,77240940.000,0,-,-,-,-,2628.6000,2628.4000,2628.0000,2626.2000,2625.6000,2629.8000,2630.0000,2632.0000,2632.4000,2633.0000,1,5,1,1,2,2,1,1,1,2
SF,IH2009,2020-04-16 09:33:54.800,2629.0000,11295,0,77240940.000,0,-,-,-,-,2628.6000,2628.4000,2628.0000,2626.2000,2625.6000,2629.8000,2630.0000,2632.0000,2632.4000,2633.0000,1,4,1,1,2,2,1,1,1,2
SF,IH2009,2020-04-16 09:33:55.300,2629.0000,11295,0,77240940.000,0,-,-,-,-,2628.6000,2628.4000,2628.0000,2626.2000,2625.6000,2629.8000,2630.0000,2632.0000,2632.4000,2633.0000,1,2,1,1,2,2,1,1,1,2
SF,IH2009,2020-04-16 09:33:59.800,2629.0000,11295,0,77240940.000,0,-,-,-,-,2628.6000,2628.4000,2628.0000,2626.2000,2625.6000,2629.8000,2630.0000,2632.0000,2632.4000,2633.0000,1,3,1,1,2,2,1,1,1,2
SF,IH2009,2020-04-16 09:34:00.300,2629.0000,11295,0,77240940.000,0,-,-,-,-,2628.8000,2628.6000,2628.4000,2628.0000,2626.2000,2629.6000,2629.8000,2630.0000,2632.0000,2632.4000,1,1,3,1,1,1,2,1,1,1
SF,IH2009,2020-04-16 09:34:00.800,2629.0000,11295,0,77240940.000,0,-,-,-,-,2628.8000,2628.6000,2628.4000,2628.0000,2626.2000,2629.6000,2629.8000,2630.0000,2632.0000,2632.4000,1,1,2,1,1,1,1,1,1,1
SF,IH2009,2020-04-16 09:34:01.300,2629.0000,11295,0,77240940.000,0,-,-,-,-,2628.8000,2628.6000,2628.4000,2628.0000,2626.2000,2629.8000,2630.0000,2632.0000,2632.4000,2633.0000,1,1,2,1,1,1,1,1,1,2
SF,IH2009,2020-04-16 09:34:02.300,2629.0000,11295,0,77240940.000,0,-,-,-,-,2628.8000,2628.6000,2628.4000,2628.0000,2626.2000,2629.6000,2629.8000,2630.0000,2632.0000,2632.4000,1,1,2,1,1,1,1,1,1,1
SF,IH2009,2020-04-16 09:34:02.800,2629.0000,11295,0,77240940.000,0,-,-,-,-,2628.8000,2628.6000,2628.4000,2628.0000,2626.2000,2629.8000,2630.0000,2632.0000,2632.4000,2633.0000,1,1,1,1,1,1,1,1,1,2
SF,IH2009,2020-04-16 09:34:05.800,2629.0000,11295,0,77240940.000,0,-,-,-,-,2628.8000,2628.6000,2628.4000,2628.0000,2626.2000,2629.8000,2630.0000,2632.0000,2632.4000,2633.0000,1,1,1,1,1,1,1,1,1,2
SF,IH2009,2020-04-16 09:34:10.800,2629.0000,11295,0,77240940.000,0,-,-,-,-,2628.8000,2628.6000,2628.4000,2628.0000,2626.2000,2629.8000,2630.0000,2632.0000,2632.4000,2633.0000,1,1,1,2,1,1,1,1,1,2
SF,IH2009,2020-04-16 09:34:12.300,2628.6000,11295,0,78818160.000,2,1,1,多换,S,2628.4000,2628.0000,2626.2000,2625.6000,2625.4000,2629.6000,2629.8000,2630.0000,2632.0000,2632.4000,1,2,1,2,2,1,1,1,1,1
SF,IH2009,2020-04-16 09:34:12.800,2628.6000,11295,0,78818160.000,0,-,-,-,-,2628.4000,2628.0000,2626.2000,2625.6000,2625.4000,2629.4000,2629.6000,2630.0000,2632.0000,2632.4000,1,2,1,2,2,2,1,1,1,1
SF,IH2009,2020-04-16 09:34:13.800,2628.6000,11295,0,78818160.000,0,-,-,-,-,2628.4000,2628.0000,2626.2000,2625.6000,2625.4000,2629.4000,2629.6000,2630.0000,2632.0000,2632.4000,1,2,1,2,2,2,2,1,1,1
SF,IH2009,2020-04-16 09:34:14.300,2628.6000,11295,0,78818160.000,0,-,-,-,-,2628.4000,2628.0000,2626.2000,2625.6000,2625.4000,2629.4000,2629.6000,2630.0000,2632.0000,2632.4000,1,2,1,2,2,2,1,1,1,1
SF,IH2009,2020-04-16 09:34:14.800,2628.6000,11295,0,78818160.000,0,-,-,-,-,2628.4000,2628.0000,2626.2000,2625.6000,2625.4000,2629.4000,2629.6000,2630.0000,2632.0000,2632.4000,1,2,1,2,2,2,2,1,1,1
SF,IH2009,2020-04-16 09:34:15.300,2628.6000,11295,0,78818160.000,0,-,-,-,-,2628.4000,2628.0000,2626.2000,2625.6000,2625.4000,2629.4000,2629.6000,2630.0000,2632.0000,2632.4000,1,2,1,2,2,2,2,1,1,1
SF,IH2009,2020-04-16 09:34:15.800,2629.4000,11294,-1,79606980.000,1,0,1,双平,S,2628.4000,2628.0000,2626.2000,2625.6000,2625.4000,2629.4000,2629.6000,2630.0000,2632.0000,2632.4000,1,2,1,2,2,1,2,1,1,1
SF,IH2009,2020-04-16 09:34:16.300,2628.6000,11293,-1,80395560.000,1,0,1,双平,S,2628.4000,2628.0000,2626.2000,2625.6000,2625.4000,2629.6000,2630.0000,2632.0000,2632.4000,2633.0000,1,2,1,2,2,1,1,1,1,2
SF,IH2009,2020-04-16 09:34:16.800,2629.4000,11292,-1,81184380.000,1,0,1,双平,S,2628.6000,2628.4000,2628.0000,2626.2000,2625.6000,2629.6000,2630.0000,2632.0000,2632.4000,2633.0000,1,1,2,1,2,1,1,1,1,2
SF,IH2009,2020-04-16 09:34:17.300,2629.4000,11292,0,81184380.000,0,-,-,-,-,2628.6000,2628.4000,2628.0000,2626.2000,2625.6000,2629.6000,2630.0000,2632.0000,2632.4000,2633.0000,1,1,2,1,2,1,1,1,1,2
SF,IH2009,2020-04-16 09:34:17.800,2629.4000,11292,0,81184380.000,0,-,-,-,-,2628.6000,2628.4000,2628.0000,2626.2000,2625.6000,2629.6000,2630.0000,2632.0000,2632.4000,2633.0000,1,1,2,1,2,1,1,1,1,2
SF,IH2009,2020-04-16 09:34:18.300,2629.4000,11292,0,81184380.000,0,-,-,-,-,2628.6000,2628.4000,2628.0000,2626.2000,2625.6000,2629.4000,2629.6000,2630.0000,2632.0000,2632.4000,1,1,3,1,2,1,2,1,1,1
SF,IH2009,2020-04-16 09:34:18.800,2629.4000,11292,0,81184380.000,0,-,-,-,-,2628.6000,2628.4000,2628.0000,2626.2000,2625.6000,2630.0000,2632.0000,2632.4000,2633.0000,2633.4000,1,1,3,1,2,1,1,1,2,5
SF,IH2009,2020-04-16 09:34:19.300,2629.4000,11292,0,81184380.000,0,-,-,-,-,2629.0000,2628.6000,2628.4000,2628.0000,2626.2000,2629.8000,2630.0000,2632.0000,2632.4000,2633.0000,1,1,1,3,1,2,1,1,1,2
SF,IH2009,2020-04-16 09:34:19.800,2629.0000,11291,-1,81973080.000,1,0,1,双平,S,2628.6000,2628.4000,2628.0000,2626.2000,2625.6000,2629.6000,2629.8000,2630.0000,2632.0000,2632.4000,1,1,3,1,2,2,2,1,1,1
SF,IH2009,2020-04-16 09:34:20.300,2629.0000,11291,0,81973080.000,0,-,-,-,-,2628.4000,2628.0000,2626.2000,2625.6000,2625.4000,2628.6000,2629.4000,2629.6000,2630.0000,2632.0000,1,3,1,2,2,1,2,2,1,1
SF,IH2009,2020-04-16 09:34:20.800,2628.4000,11291,0,82761600.000,1,0,1,多换,S,2628.0000,2626.2000,2625.6000,2625.4000,2623.2000,2628.6000,2629.4000,2629.6000,2630.0000,2632.0000,3,1,2,2,1,1,1,2,1,1
SF,IH2009,2020-04-16 09:34:23.800,2628.4000,11291,0,82761600.000,0,-,-,-,-,2628.0000,2626.2000,2625.6000,2625.4000,2623.2000,2628.6000,2629.4000,2629.6000,2630.0000,2632.0000,3,1,2,2,1,1,1,1,1,1
SF,IH2009,2020-04-16 09:34:24.300,2628.4000,11291,0,82761600.000,0,-,-,-,-,2628.0000,2626.2000,2626.0000,2625.6000,2625.4000,2628.6000,2629.4000,2629.6000,2630.0000,2632.0000,3,1,1,2,2,1,1,1,1,1
SF,IH2009,2020-04-16 09:34:28.300,2628.4000,11291,0,82761600.000,0,-,-,-,-,2628.2000,2628.0000,2626.2000,2626.0000,2625.6000,2628.6000,2629.4000,2629.6000,2630.0000,2632.0000,1,3,1,1,2,1,1,1,1,1
SF,IH2009,2020-04-16 09:34:28.800,2628.2000,11291,0,83550060.000,1,0,1,多换,S,2628.0000,2626.2000,2626.0000,2625.6000,2625.4000,2628.6000,2629.4000,2629.6000,2630.0000,2632.0000,3,1,1,2,2,1,1,1,1,1
SF,IH2009,2020-04-16 09:34:29.300,2628.2000,11291,0,83550060.000,0,-,-,-,-,2628.0000,2626.2000,2626.0000,2625.6000,2625.4000,2628.6000,2629.4000,2629.6000,2630.0000,2632.0000,3,1,1,2,2,1,1,1,1,1
SF,IH2009,2020-04-16 09:34:31.300,2628.2000,11291,0,83550060.000,0,-,-,-,-,2628.0000,2626.2000,2626.0000,2625.6000,2625.4000,2628.6000,2629.4000,2629.6000,2630.0000,2632.0000,3,1,1,2,2,1,1,1,1,1
SF,IH2009,2020-04-16 09:34:32.300,2628.2000,11291,0,83550060.000,0,-,-,-,-,2628.0000,2626.2000,2626.0000,2625.6000,2625.4000,2628.6000,2629.4000,2630.0000,2632.0000,2632.4000,3,1,1,2,2,1,1,1,1,1
SF,IH2009,2020-04-16 09:34:32.800,2628.2000,11291,0,83550060.000,0,-,-,-,-,2628.0000,2626.2000,2626.0000,2625.6000,2625.4000,2628.6000,2629.4000,2630.0000,2632.0000,2632.4000,3,1,1,2,2,1,1,1,1,1
SF,IH2009,2020-04-16 09:34:37.800,2628.2000,11291,0,83550060.000,0,-,-,-,-,2628.0000,2626.2000,2626.0000,2625.6000,2625.4000,2628.6000,2629.4000,2630.0000,2632.0000,2632.4000,3,1,1,2,2,1,1,1,1,1
SF,IH2009,2020-04-16 09:34:40.800,2628.2000,11291,0,83550060.000,0,-,-,-,-,2628.0000,2626.2000,2626.0000,2625.6000,2625.4000,2628.6000,2629.4000,2630.0000,2632.0000,2632.4000,3,1,1,2,2,1,1,1,1,1
SF,IH2009,2020-04-16 09:34:43.800,2628.6000,11292,1,84338640.000,1,1,0,双开,S,2628.0000,2626.2000,2626.0000,2625.6000,2625.4000,2628.4000,2629.4000,2630.0000,2632.0000,2632.4000,3,1,1,2,2,1,1,1,1,1
SF,IH2009,2020-04-16 09:34:44.300,2628.4000,11291,-1,85127160.000,1,0,1,双平,S,2628.0000,2626.2000,2626.0000,2625.6000,2625.4000,2629.4000,2630.0000,2632.0000,2632.4000,2633.0000,3,1,1,2,2,1,1,1,1,2
SF,IH2009,2020-04-16 09:34:44.800,2628.4000,11291,0,85127160.000,0,-,-,-,-,2628.0000,2626.2000,2626.0000,2625.6000,2625.4000,2629.2000,2629.4000,2629.6000,2630.0000,2632.0000,3,1,1,2,2,1,1,1,1,1
SF,IH2009,2020-04-16 09:34:45.300,2628.4000,11291,0,85127160.000,0,-,-,-,-,2628.0000,2626.2000,2626.0000,2625.6000,2625.4000,2629.0000,2629.6000,2630.0000,2632.0000,2632.4000,3,1,1,2,2,1,1,1,1,1
SF,IH2009,2020-04-16 09:34:48.800,2628.4000,11291,0,85127160.000,0,-,-,-,-,2628.0000,2626.2000,2626.0000,2625.6000,2625.4000,2629.0000,2629.6000,2630.0000,2632.0000,2632.4000,3,1,1,2,2,1,1,2,1,1
SF,IH2009,2020-04-16 09:34:54.300,2629.0000,11291,0,85915860.000,1,0,1,多换,S,2628.2000,2628.0000,2626.2000,2626.0000,2625.6000,2629.6000,2630.0000,2632.0000,2632.4000,2633.0000,1,3,1,1,2,1,2,1,1,2
SF,IH2009,2020-04-16 09:34:54.800,2629.0000,11291,0,85915860.000,0,-,-,-,-,2628.4000,2628.0000,2626.2000,2626.0000,2625.6000,2629.4000,2630.0000,2632.0000,2632.4000,2633.0000,3,3,1,1,2,1,2,1,1,2
SF,IH2009,2020-04-16 09:34:55.300,2628.4000,11290,-1,86704380.000,1,0,1,双平,S,2628.4000,2628.0000,2626.2000,2626.0000,2625.6000,2629.4000,2630.0000,2632.0000,2632.4000,2633.0000,2,3,1,1,2,1,2,1,1,2
SF,IH2009,2020-04-16 09:34:55.800,2629.4000,11290,0,87493200.000,1,0,1,多换,S,2628.4000,2628.0000,2626.2000,2626.0000,2625.6000,2629.6000,2630.0000,2632.0000,2632.4000,2633.0000,1,3,1,1,2,1,2,1,1,2
SF,IH2009,2020-04-16 09:34:56.300,2629.4000,11290,0,87493200.000,0,-,-,-,-,2628.6000,2628.4000,2628.0000,2626.2000,2626.0000,2630.0000,2632.0000,2632.4000,2633.0000,2633.4000,2,1,3,1,1,2,1,1,2,5
SF,IH2009,2020-04-16 09:34:56.800,2629.4000,11290,0,87493200.000,0,-,-,-,-,2628.6000,2628.4000,2628.0000,2626.2000,2626.0000,2629.8000,2630.0000,2632.0000,2632.4000,2633.0000,1,1,3,1,1,2,2,1,1,2
SF,IH2009,2020-04-16 09:34:57.300,2629.4000,11290,0,87493200.000,0,-,-,-,-,2628.8000,2628.6000,2628.4000,2628.0000,2626.2000,2629.8000,2630.0000,2632.0000,2632.4000,2633.0000,1,1,1,3,1,1,2,1,1,2
SF,IH2009,2020-04-16 09:34:57.800,2629.0000,11289,-1,88281900.000,1,0,1,双平,S,2629.0000,2628.4000,2628.0000,2626.2000,2626.0000,2629.8000,2630.0000,2632.0000,2632.4000,2633.0000,1,1,3,1,1,1,2,1,1,2
SF,IH2009,2020-04-16 09:34:58.300,2629.0000,11289,0,88281900.000,0,-,-,-,-,2628.4000,2628.0000,2626.2000,2626.0000,2625.6000,2629.8000,2630.0000,2632.0000,2632.4000,2633.0000,1,3,1,1,2,1,2,1,1,2
SF,IH2009,2020-04-16 09:34:58.800,2629.0000,11289,0,88281900.000,0,-,-,-,-,2628.6000,2628.4000,2628.0000,2626.2000,2626.0000,2629.8000,2630.0000,2632.0000,2632.4000,2633.0000,2,1,3,1,1,1,2,1,1,2
SF,IH2009,2020-04-16 09:34:59.300,2629.0000,11289,0,88281900.000,0,-,-,-,-,2628.8000,2628.6000,2628.4000,2628.0000,2626.2000,2629.8000,2630.0000,2632.0000,2632.4000,2633.0000,1,2,1,3,1,1,2,1,1,2
SF,IH2009,2020-04-16 09:34:59.800,2629.0000,11289,0,88281900.000,0,-,-,-,-,2628.8000,2628.6000,2628.4000,2628.0000,2626.2000,2629.8000,2630.0000,2632.0000,2632.4000,2633.0000,1,1,1,3,1,1,2,1,1,2
SF,IH2009,2020-04-16 09:35:01.800,2629.0000,11289,0,88281900.000,0,-,-,-,-,2629.0000,2628.8000,2628.6000,2628.4000,2628.0000,2629.8000,2630.0000,2632.0000,2632.4000,2633.0000,1,1,1,1,3,1,2,1,1,2
SF,IH2009,2020-04-16 09:35:02.300,2630.0000,11287,-2,90648840.000,3,0,3,多平,S,2629.2000,2628.8000,2628.4000,2628.0000,2626.2000,2632.0000,2632.4000,2633.0000,2633.4000,2633.8000,1,1,1,3,1,1,1,2,5,1
SF,IH2009,2020-04-16 09:35:02.800,2630.0000,11287,0,90648840.000,0,-,-,-,-,2629.4000,2629.2000,2628.8000,2628.4000,2628.0000,2631.8000,2632.0000,2632.4000,2633.0000,2633.4000,1,1,1,1,3,1,1,1,2,5
SF,IH2009,2020-04-16 09:35:03.300,2630.0000,11287,0,90648840.000,0,-,-,-,-,2629.6000,2629.4000,2628.8000,2628.4000,2628.0000,2631.8000,2632.0000,2632.4000,2633.0000,2633.4000,1,1,1,1,3,1,1,1,2,5
SF,IH2009,2020-04-16 09:35:03.800,2630.0000,11287,0,90648840.000,0,-,-,-,-,2629.8000,2629.6000,2628.8000,2628.4000,2628.0000,2631.8000,2632.0000,2632.4000,2633.0000,2633.4000,1,1,1,1,3,1,1,1,2,5
SF,IH2009,2020-04-16 09:35:04.300,2630.0000,11287,0,90648840.000,0,-,-,-,-,2630.0000,2629.8000,2628.8000,2628.4000,2628.0000,2631.4000,2631.6000,2631.8000,2632.0000,2632.4000,1,1,1,1,3,4,1,1,1,1
SF,IH2009,2020-04-16 09:35:04.800,2630.0000,11287,0,90648840.000,0,-,-,-,-,2629.8000,2628.8000,2628.4000,2628.0000,2626.2000,2631.0000,2631.2000,2631.4000,2632.0000,2632.4000,1,1,1,3,1,1,2,4,1,1
SF,IH2009,2020-04-16 09:35:05.300,2630.0000,11287,0,90648840.000,0,-,-,-,-,2628.8000,2628.4000,2628.0000,2626.2000,2626.0000,2630.8000,2631.0000,2632.0000,2632.4000,2633.0000,1,1,3,1,2,1,1,1,1,2
SF,IH2009,2020-04-16 09:35:05.800,2630.0000,11287,0,90648840.000,0,-,-,-,-,2629.0000,2628.8000,2628.4000,2628.0000,2626.2000,2630.8000,2631.0000,2632.0000,2632.4000,2633.0000,2,1,1,3,1,1,1,1,1,2
SF,IH2009,2020-04-16 09:35:06.300,2630.0000,11287,0,90648840.000,0,-,-,-,-,2629.2000,2629.0000,2628.8000,2628.4000,2628.0000,2630.8000,2632.0000,2632.4000,2633.0000,2633.4000,1,2,1,1,3,1,1,1,2,5
SF,IH2009,2020-04-16 09:35:06.800,2630.0000,11287,0,90648840.000,0,-,-,-,-,2629.4000,2629.2000,2629.0000,2628.8000,2628.4000,2630.6000,2630.8000,2632.0000,2632.4000,2633.0000,1,1,1,1,1,1,1,1,1,2
SF,IH2009,2020-04-16 09:35:07.300,2630.0000,11287,0,90648840.000,0,-,-,-,-,2629.6000,2629.0000,2628.8000,2628.4000,2628.0000,2630.6000,2630.8000,2632.0000,2632.4000,2633.0000,2,1,1,1,3,1,1,1,1,2
SF,IH2009,2020-04-16 09:35:07.800,2630.0000,11287,0,90648840.000,0,-,-,-,-,2629.6000,2629.0000,2628.8000,2628.4000,2628.0000,2630.8000,2632.0000,2632.4000,2633.0000,2633.4000,1,1,1,1,3,1,1,1,2,5
SF,IH2009,2020-04-16 09:35:10.300,2630.0000,11287,0,90648840.000,0,-,-,-,-,2629.6000,2629.0000,2628.8000,2628.4000,2628.0000,2630.6000,2630.8000,2632.0000,2632.4000,2633.0000,1,1,1,1,3,1,1,1,1,2
SF,IH2009,2020-04-16 09:35:10.800,2630.0000,11287,0,90648840.000,0,-,-,-,-,2629.6000,2629.0000,2628.8000,2628.4000,2628.0000,2630.8000,2632.0000,2632.4000,2633.0000,2633.4000,1,1,1,1,3,1,1,1,2,5
SF,IH2009,2020-04-16 09:35:12.300,2630.0000,11287,0,90648840.000,0,-,-,-,-,2629.6000,2629.4000,2629.0000,2628.8000,2628.4000,2630.8000,2632.0000,2632.4000,2633.0000,2633.4000,1,1,1,1,1,1,1,1,2,5
SF,IH2009,2020-04-16 09:35:12.800,2630.0000,11287,0,90648840.000,0,-,-,-,-,2629.6000,2629.4000,2629.0000,2628.8000,2628.4000,2632.0000,2632.4000,2633.0000,2633.4000,2633.8000,1,1,1,1,1,1,1,2,5,1
SF,IH2009,2020-04-16 09:35:13.300,2630.0000,11287,0,90648840.000,0,-,-,-,-,2629.8000,2629.6000,2629.4000,2628.8000,2628.4000,2631.8000,2632.0000,2632.4000,2633.0000,2633.4000,1,1,1,1,1,1,1,1,2,5
SF,IH2009,2020-04-16 09:35:13.800,2630.0000,11287,0,90648840.000,0,-,-,-,-,2630.0000,2629.8000,2629.4000,2628.8000,2628.4000,2631.6000,2631.8000,2632.0000,2632.4000,2633.0000,2,1,1,1,1,1,1,1,1,2
SF,IH2009,2020-04-16 09:35:14.300,2630.0000,11287,0,90648840.000,0,-,-,-,-,2630.0000,2629.8000,2629.4000,2628.8000,2628.4000,2631.4000,2632.0000,2632.4000,2633.0000,2633.4000,1,1,1,1,1,2,1,1,2,5
SF,IH2009,2020-04-16 09:35:18.800,2630.0000,11287,0,90648840.000,0,-,-,-,-,2630.0000,2629.8000,2629.4000,2628.8000,2628.4000,2631.4000,2632.0000,2632.4000,2633.0000,2633.4000,1,1,1,1,1,2,1,1,2,5
SF,IH2009,2020-04-16 09:35:19.300,2630.0000,11287,0,90648840.000,0,-,-,-,-,2630.0000,2629.4000,2628.8000,2628.4000,2628.0000,2631.4000,2632.0000,2632.4000,2633.0000,2633.4000,1,1,1,1,3,2,1,1,2,5
SF,IH2009,2020-04-16 09:35:20.300,2630.0000,11287,0,90648840.000,0,-,-,-,-,2630.2000,2630.0000,2629.4000,2628.8000,2628.4000,2631.4000,2632.0000,2632.4000,2633.0000,2633.4000,1,1,1,1,1,2,1,1,2,5
SF,IH2009,2020-04-16 09:35:21.300,2630.2000,11287,0,91437900.000,1,0,1,多换,S,2630.0000,2629.4000,2628.8000,2628.4000,2628.0000,2631.4000,2632.0000,2632.4000,2633.0000,2633.4000,2,1,1,1,3,2,1,1,2,5
SF,IH2009,2020-04-16 09:35:22.300,2630.2000,11287,0,91437900.000,0,-,-,-,-,2630.0000,2629.4000,2628.8000,2628.4000,2628.0000,2631.4000,2632.0000,2632.4000,2633.0000,2633.4000,2,1,1,1,3,2,1,1,2,5
SF,IH2009,2020-04-16 09:35:22.800,2630.2000,11287,0,91437900.000,0,-,-,-,-,2630.0000,2629.4000,2628.8000,2628.4000,2628.0000,2631.4000,2632.0000,2632.4000,2633.0000,2633.4000,2,1,1,1,3,2,1,1,2,5
SF,IH2009,2020-04-16 09:35:23.300,2630.2000,11287,0,91437900.000,0,-,-,-,-,2630.0000,2629.4000,2628.8000,2628.4000,2628.0000,2631.4000,2632.0000,2632.4000,2633.0000,2633.4000,2,1,1,1,3,2,1,1,2,5
SF,IH2009,2020-04-16 09:35:23.800,2630.2000,11287,0,91437900.000,0,-,-,-,-,2630.0000,2629.4000,2628.8000,2628.4000,2628.0000,2631.4000,2632.0000,2632.4000,2633.0000,2633.4000,2,1,1,1,4,2,1,1,2,5
SF,IH2009,2020-04-16 09:35:25.800,2630.2000,11287,0,91437900.000,0,-,-,-,-,2630.2000,2630.0000,2629.4000,2628.8000,2628.4000,2631.4000,2632.0000,2632.4000,2633.0000,2633.4000,1,2,1,1,1,1,1,1,2,5
SF,IH2009,2020-04-16 09:35:26.300,2630.2000,11287,0,91437900.000,0,-,-,-,-,2630.4000,2630.0000,2629.4000,2628.8000,2628.4000,2631.4000,2632.0000,2632.4000,2633.0000,2633.4000,1,1,1,1,1,1,1,1,2,5
SF,IH2009,2020-04-16 09:35:26.800,2630.2000,11286,-1,92226960.000,1,0,1,双平,S,2630.0000,2629.4000,2628.8000,2628.4000,2628.0000,2632.0000,2632.4000,2633.0000,2633.4000,2633.8000,1,1,1,1,4,1,1,2,5,1
SF,IH2009,2020-04-16 09:35:27.300,2630.2000,11286,0,92226960.000,0,-,-,-,-,2630.2000,2630.0000,2629.4000,2628.8000,2628.4000,2631.6000,2631.8000,2632.0000,2632.4000,2633.0000,2,1,1,1,1,3,1,1,1,2
SF,IH2009,2020-04-16 09:35:27.800,2630.2000,11286,0,92226960.000,0,-,-,-,-,2630.2000,2630.0000,2629.4000,2628.8000,2628.4000,2631.8000,2632.0000,2632.4000,2633.0000,2633.4000,2,1,1,1,1,1,1,1,2,5
SF,IH2009,2020-04-16 09:35:28.800,2630.2000,11286,0,92226960.000,0,-,-,-,-,2630.2000,2630.0000,2629.4000,2628.8000,2628.4000,2631.8000,2632.0000,2632.4000,2633.0000,2633.8000,2,1,1,1,1,1,1,1,2,1
SF,IH2009,2020-04-16 09:35:29.300,2630.2000,11286,0,92226960.000,0,-,-,-,-,2630.2000,2630.0000,2629.4000,2628.8000,2628.4000,2631.8000,2632.0000,2632.4000,2633.0000,2633.8000,2,1,1,1,1,1,1,1,2,1
SF,IH2009,2020-04-16 09:35:29.800,2630.2000,11286,0,92226960.000,0,-,-,-,-,2630.2000,2630.0000,2629.4000,2628.8000,2628.4000,2631.8000,2632.0000,2632.4000,2633.0000,2633.8000,2,1,1,1,1,1,1,1,2,1
SF,IH2009,2020-04-16 09:35:30.300,2630.2000,11286,0,92226960.000,0,-,-,-,-,2630.4000,2630.2000,2630.0000,2629.4000,2628.8000,2631.8000,2632.0000,2632.4000,2633.0000,2633.8000,1,2,1,1,1,1,1,1,2,1
SF,IH2009,2020-04-16 09:35:30.800,2630.2000,11286,0,92226960.000,0,-,-,-,-,2630.6000,2630.4000,2630.2000,2630.0000,2629.4000,2631.8000,2632.0000,2632.4000,2633.0000,2633.8000,1,1,1,1,1,1,1,1,2,1
SF,IH2009,2020-04-16 09:35:31.800,2630.2000,11286,0,92226960.000,0,-,-,-,-,2630.6000,2630.4000,2630.2000,2630.0000,2629.4000,2631.8000,2632.4000,2633.0000,2633.8000,2634.8000,1,1,1,1,1,1,1,2,1,1
SF,IH2009,2020-04-16 09:35:32.300,2630.2000,11286,0,92226960.000,0,-,-,-,-,2630.6000,2630.4000,2630.2000,2630.0000,2629.4000,2631.8000,2632.4000,2633.0000,2633.8000,2634.8000,1,1,1,1,1,1,1,2,1,1
SF,IH2009,2020-04-16 09:35:32.800,2630.2000,11286,0,92226960.000,0,-,-,-,-,2630.6000,2630.4000,2630.2000,2630.0000,2629.4000,2632.4000,2633.0000,2633.8000,2634.8000,2635.0000,1,1,1,1,1,1,2,1,1,2
SF,IH2009,2020-04-16 09:35:33.300,2630.2000,11286,0,92226960.000,0,-,-,-,-,2630.8000,2630.6000,2630.4000,2630.0000,2629.4000,2632.2000,2632.4000,2633.0000,2633.8000,2634.8000,1,1,1,1,1,1,1,2,1,1
SF,IH2009,2020-04-16 09:35:33.800,2630.2000,11286,0,92226960.000,0,-,-,-,-,2631.0000,2630.8000,2630.4000,2630.0000,2629.4000,2632.2000,2632.4000,2633.0000,2633.8000,2634.8000,1,1,1,1,1,1,1,2,1,1
SF,IH2009,2020-04-16 09:35:34.300,2631.0000,11285,-1,93016260.000,1,0,1,双平,S,2630.8000,2630.4000,2630.0000,2629.4000,2628.8000,2632.0000,2632.2000,2632.4000,2633.0000,2633.8000,1,1,1,1,1,1,1,1,2,1
SF,IH2009,2020-04-16 09:35:34.800,2631.0000,11285,0,93016260.000,0,-,-,-,-,2630.4000,2630.0000,2629.4000,2628.8000,2628.4000,2631.8000,2632.0000,2632.4000,2633.0000,2633.8000,1,1,1,1,1,1,1,1,2,1
SF,IH2009,2020-04-16 09:35:35.300,2631.0000,11285,0,93016260.000,0,-,-,-,-,2630.0000,2629.4000,2628.8000,2628.4000,2628.0000,2631.8000,2632.0000,2632.4000,2633.0000,2633.8000,1,1,1,1,4,1,1,1,2,1
SF,IH2009,2020-04-16 09:35:35.800,2631.0000,11285,0,93016260.000,0,-,-,-,-,2630.2000,2630.0000,2629.4000,2628.8000,2628.4000,2631.8000,2632.0000,2632.4000,2633.0000,2633.8000,2,1,1,1,1,1,1,1,2,1
SF,IH2009,2020-04-16 09:35:37.300,2631.0000,11285,0,93016260.000,0,-,-,-,-,2630.4000,2630.2000,2630.0000,2629.4000,2628.8000,2631.8000,2632.0000,2632.4000,2633.0000,2633.8000,1,2,1,1,1,1,1,1,2,1
SF,IH2009,2020-04-16 09:35:37.800,2631.0000,11285,0,93016260.000,0,-,-,-,-,2630.6000,2630.4000,2630.2000,2630.0000,2629.4000,2631.8000,2632.0000,2632.4000,2633.0000,2633.8000,1,1,1,1,1,1,1,1,2,1
SF,IH2009,2020-04-16 09:35:40.800,2631.0000,11285,0,93016260.000,0,-,-,-,-,2631.0000,2630.6000,2630.4000,2630.2000,2630.0000,2631.8000,2632.0000,2632.4000,2633.0000,2633.8000,1,1,1,1,1,1,1,1,2,1
SF,IH2009,2020-04-16 09:35:41.300,2630.4000,11284,-1,95383860.000,3,1,2,多平,S,2630.2000,2630.0000,2629.4000,2628.8000,2628.0000,2631.8000,2632.0000,2632.4000,2633.0000,2633.8000,1,1,1,1,4,1,1,1,2,1
SF,IH2009,2020-04-16 09:35:41.800,2630.4000,11284,0,95383860.000,0,-,-,-,-,2630.4000,2630.2000,2630.0000,2629.4000,2628.0000,2630.6000,2631.0000,2631.8000,2632.0000,2632.4000,1,1,1,1,4,2,1,1,1,1
SF,IH2009,2020-04-16 09:35:42.300,2630.4000,11282,-2,97751340.000,3,0,3,多平,S,2630.0000,2629.4000,2628.0000,2626.2000,2626.0000,2630.8000,2631.8000,2632.0000,2632.4000,2633.0000,1,1,4,1,2,1,1,1,1,2
SF,IH2009,2020-04-16 09:35:42.800,2630.4000,11282,0,97751340.000,0,-,-,-,-,2630.2000,2630.0000,2629.4000,2628.0000,2626.2000,2630.8000,2631.8000,2632.0000,2632.2000,2632.4000,1,1,1,4,1,1,1,1,1,1
SF,IH2009,2020-04-16 09:35:43.300,2630.8000,11281,-1,98540580.000,1,0,1,双平,S,2630.2000,2630.0000,2629.4000,2628.0000,2626.2000,2631.8000,2632.0000,2632.2000,2632.4000,2633.0000,1,1,1,4,1,1,1,1,1,2
SF,IH2009,2020-04-16 09:35:43.800,2630.8000,11281,0,98540580.000,0,-,-,-,-,2630.2000,2629.4000,2628.0000,2626.2000,2626.0000,2631.8000,2632.0000,2632.2000,2632.4000,2633.0000,1,1,4,1,2,1,1,1,1,2
SF,IH2009,2020-04-16 09:35:44.300,2630.8000,11281,0,98540580.000,0,-,-,-,-,2629.4000,2628.0000,2626.2000,2626.0000,2625.6000,2631.8000,2632.0000,2632.2000,2632.4000,2633.0000,1,4,1,2,2,1,1,1,1,2
SF,IH2009,2020-04-16 09:35:44.800,2630.8000,11281,0,98540580.000,0,-,-,-,-,2629.8000,2629.6000,2629.4000,2628.0000,2626.2000,2631.8000,2632.0000,2632.2000,2632.4000,2633.0000,1,1,1,4,1,1,1,1,1,2
SF,IH2009,2020-04-16 09:35:45.300,2630.8000,11281,0,98540580.000,0,-,-,-,-,2630.0000,2629.8000,2629.4000,2628.0000,2626.2000,2631.8000,2632.0000,2632.2000,2632.4000,2633.0000,1,1,1,4,1,1,1,1,1,2
SF,IH2009,2020-04-16 09:35:46.300,2630.8000,11281,0,98540580.000,0,-,-,-,-,2630.2000,2630.0000,2629.8000,2629.4000,2628.0000,2631.8000,2632.0000,2632.2000,2632.4000,2633.0000,1,1,1,1,4,1,1,1,1,2
SF,IH2009,2020-04-16 09:35:47.300,2630.8000,11281,0,98540580.000,0,-,-,-,-,2630.6000,2630.2000,2630.0000,2629.8000,2629.4000,2631.8000,2632.0000,2632.2000,2632.4000,2633.0000,1,1,1,1,1,1,1,1,1,2
SF,IH2009,2020-04-16 09:35:47.800,2630.6000,11280,-1,99329760.000,1,0,1,双平,S,2630.2000,2630.0000,2629.4000,2628.0000,2626.2000,2631.8000,2632.0000,2632.2000,2632.4000,2633.0000,1,1,1,4,1,1,1,1,1,2
SF,IH2009,2020-04-16 09:35:48.300,2630.6000,11280,0,99329760.000,0,-,-,-,-,2630.2000,2630.0000,2629.4000,2628.0000,2626.2000,2631.8000,2632.0000,2632.2000,2632.4000,2633.0000,1,1,1,4,1,1,1,1,1,2
SF,IH2009,2020-04-16 09:35:48.800,2630.6000,11280,0,99329760.000,0,-,-,-,-,2630.2000,2630.0000,2629.8000,2629.4000,2628.0000,2631.8000,2632.0000,2632.2000,2632.4000,2633.0000,1,1,1,1,4,1,1,1,1,2
SF,IH2009,2020-04-16 09:35:50.300,2630.6000,11280,0,99329760.000,0,-,-,-,-,2630.2000,2630.0000,2629.8000,2629.4000,2628.0000,2631.8000,2632.0000,2632.4000,2633.0000,2633.8000,1,1,1,1,4,1,2,1,2,2
SF,IH2009,2020-04-16 09:35:52.300,2630.2000,11280,0,100118820.000,1,0,1,多换,S,2630.0000,2629.8000,2629.4000,2628.0000,2626.2000,2631.8000,2632.0000,2632.4000,2633.0000,2633.8000,1,1,1,4,1,1,2,1,2,2
SF,IH2009,2020-04-16 09:35:53.800,2630.2000,11280,0,100118820.000,0,-,-,-,-,2630.2000,2630.0000,2629.8000,2629.4000,2628.0000,2631.8000,2632.0000,2632.4000,2633.0000,2633.8000,1,1,1,1,4,1,2,1,2,2
SF,IH2009,2020-04-16 09:35:54.300,2630.2000,11280,0,100118820.000,0,-,-,-,-,2630.2000,2630.0000,2629.8000,2629.4000,2628.0000,2631.8000,2632.0000,2632.4000,2633.0000,2633.8000,1,2,1,1,4,1,2,1,2,2
SF,IH2009,2020-04-16 09:35:54.800,2630.2000,11280,0,100118820.000,0,-,-,-,-,2630.2000,2630.0000,2629.8000,2629.4000,2628.0000,2631.8000,2632.0000,2632.4000,2633.0000,2633.8000,1,2,1,1,4,1,2,1,2,2
SF,IH2009,2020-04-16 09:35:55.300,2630.2000,11280,0,100118820.000,0,-,-,-,-,2630.2000,2630.0000,2629.8000,2629.4000,2628.0000,2631.8000,2632.0000,2632.4000,2633.0000,2633.8000,1,2,1,1,4,1,2,1,2,2
SF,IH2009,2020-04-16 09:35:55.800,2630.2000,11280,0,100118820.000,0,-,-,-,-,2630.2000,2630.0000,2629.8000,2629.4000,2628.0000,2631.6000,2631.8000,2632.0000,2632.4000,2633.0000,1,1,1,1,4,1,1,2,1,2
SF,IH2009,2020-04-16 09:35:56.300,2630.2000,11280,0,100118820.000,0,-,-,-,-,2630.2000,2630.0000,2629.8000,2629.4000,2628.0000,2631.4000,2631.6000,2632.0000,2632.4000,2633.0000,1,1,1,1,4,1,3,2,1,2
SF,IH2009,2020-04-16 09:35:56.800,2630.2000,11280,0,100118820.000,0,-,-,-,-,2630.2000,2630.0000,2629.8000,2629.4000,2628.0000,2631.2000,2631.4000,2631.6000,2632.0000,2632.4000,1,1,1,1,4,1,1,3,2,1
SF,IH2009,2020-04-16 09:35:57.300,2630.2000,11280,0,100118820.000,0,-,-,-,-,2630.2000,2630.0000,2629.8000,2629.4000,2628.0000,2631.0000,2631.2000,2631.6000,2632.0000,2632.4000,1,1,1,1,4,1,1,3,2,1
SF,IH2009,2020-04-16 09:35:57.800,2630.2000,11280,0,100118820.000,0,-,-,-,-,2630.2000,2630.0000,2629.8000,2629.4000,2628.0000,2630.8000,2631.0000,2631.2000,2631.6000,2632.0000,1,1,1,1,4,2,1,1,3,2
SF,IH2009,2020-04-16 09:35:59.300,2630.0000,11280,0,101696880.000,2,1,1,多换,S,2629.8000,2629.4000,2628.0000,2626.2000,2626.0000,2630.8000,2631.0000,2631.2000,2631.6000,2632.0000,1,1,4,1,2,2,1,1,3,2
SF,IH2009,2020-04-16 09:35:59.800,2629.8000,11279,-1,102485820.000,1,0,1,双平,S,2629.4000,2628.0000,2626.2000,2626.0000,2625.6000,2630.8000,2631.0000,2631.2000,2631.6000,2632.0000,1,4,1,2,2,2,1,1,3,2
SF,IH2009,2020-04-16 09:36:00.300,2629.8000,11279,0,102485820.000,0,-,-,-,-,2629.4000,2628.0000,2626.2000,2626.0000,2625.6000,2630.6000,2630.8000,2631.2000,2631.6000,2632.0000,1,4,1,2,2,1,2,1,3,2
SF,IH2009,2020-04-16 09:36:00.800,2629.8000,11279,0,102485820.000,0,-,-,-,-,2629.4000,2628.0000,2626.2000,2626.0000,2625.6000,2630.4000,2630.6000,2630.8000,2631.2000,2631.6000,1,4,1,2,2,1,1,2,1,3
SF,IH2009,2020-04-16 09:36:01.300,2629.8000,11279,0,102485820.000,0,-,-,-,-,2629.4000,2628.0000,2626.2000,2626.0000,2625.6000,2630.2000,2630.4000,2630.6000,2630.8000,2631.2000,1,4,1,2,2,1,1,1,1,1
SF,IH2009,2020-04-16 09:36:01.800,2629.4000,11279,0,103274640.000,1,0,1,多换,S,2628.0000,2626.2000,2626.0000,2625.6000,2625.4000,2630.2000,2630.4000,2630.6000,2630.8000,2631.2000,4,1,2,2,2,1,1,1,1,1
SF,IH2009,2020-04-16 09:36:02.300,2629.4000,11279,0,103274640.000,0,-,-,-,-,2628.2000,2628.0000,2626.0000,2625.6000,2625.4000,2630.0000,2630.2000,2630.4000,2630.8000,2631.2000,1,4,2,2,2,1,1,1,1,1
SF,IH2009,2020-04-16 09:36:02.800,2629.4000,11279,0,103274640.000,0,-,-,-,-,2628.2000,2628.0000,2626.0000,2625.6000,2625.4000,2630.0000,2630.2000,2630.4000,2630.8000,2631.2000,1,5,2,2,2,1,1,1,1,1
SF,IH2009,2020-04-16 09:36:03.800,2629.4000,11279,0,103274640.000,0,-,-,-,-,2628.2000,2628.0000,2626.0000,2625.6000,2625.4000,2630.0000,2630.2000,2630.4000,2630.8000,2631.2000,2,4,2,2,2,1,1,1,1,1
SF,IH2009,2020-04-16 09:36:04.300,2629.4000,11279,0,103274640.000,0,-,-,-,-,2628.2000,2628.0000,2626.0000,2625.6000,2625.4000,2630.0000,2630.2000,2630.4000,2630.8000,2631.6000,2,4,2,2,2,1,1,1,1,2
SF,IH2009,2020-04-16 09:36:04.800,2629.4000,11279,0,103274640.000,0,-,-,-,-,2628.4000,2628.2000,2628.0000,2626.0000,2625.6000,2630.0000,2630.2000,2630.4000,2631.6000,2632.0000,2,2,4,2,2,1,1,1,2,2
SF,IH2009,2020-04-16 09:36:05.800,2629.4000,11279,0,103274640.000,0,-,-,-,-,2628.4000,2628.2000,2628.0000,2626.0000,2625.6000,2630.0000,2630.2000,2630.4000,2631.6000,2632.0000,2,1,4,2,2,1,1,1,2,2
SF,IH2009,2020-04-16 09:36:06.300,2629.4000,11279,0,103274640.000,0,-,-,-,-,2628.4000,2628.2000,2628.0000,2626.0000,2625.6000,2630.0000,2630.4000,2631.6000,2632.0000,2632.4000,3,1,4,2,2,1,1,2,2,1
SF,IH2009,2020-04-16 09:36:07.300,2629.4000,11279,0,103274640.000,0,-,-,-,-,2628.6000,2628.4000,2628.2000,2628.0000,2626.0000,2630.0000,2630.4000,2631.6000,2632.0000,2632.4000,1,3,1,4,2,1,1,2,2,1
SF,IH2009,2020-04-16 09:36:07.800,2629.4000,11279,0,103274640.000,0,-,-,-,-,2628.6000,2628.4000,2628.2000,2628.0000,2626.0000,2630.0000,2630.4000,2631.6000,2632.0000,2632.4000,1,3,1,4,2,1,1,2,2,1
SF,IH2009,2020-04-16 09:36:08.300,2629.4000,11279,0,103274640.000,0,-,-,-,-,2628.6000,2628.4000,2628.2000,2628.0000,2626.0000,2630.0000,2630.4000,2631.6000,2632.0000,2632.4000,1,3,1,4,2,1,1,2,2,1
SF,IH2009,2020-04-16 09:36:08.800,2629.4000,11279,0,103274640.000,0,-,-,-,-,2628.6000,2628.2000,2628.0000,2626.0000,2625.6000,2630.0000,2630.4000,2631.6000,2632.0000,2632.4000,1,1,4,2,2,1,1,2,2,1
SF,IH2009,2020-04-16 09:36:09.300,2629.4000,11279,0,103274640.000,0,-,-,-,-,2628.6000,2628.2000,2628.0000,2626.0000,2625.6000,2630.0000,2630.4000,2631.6000,2632.0000,2632.4000,1,1,4,2,2,1,1,2,2,1
SF,IH2009,2020-04-16 09:36:09.800,2629.4000,11279,0,103274640.000,0,-,-,-,-,2628.6000,2628.0000,2626.0000,2625.6000,2625.4000,2630.0000,2630.4000,2631.6000,2632.0000,2632.4000,1,4,2,2,2,1,1,2,2,1
SF,IH2009,2020-04-16 09:36:11.800,2629.4000,11279,0,103274640.000,0,-,-,-,-,2628.6000,2628.0000,2626.0000,2625.6000,2625.4000,2629.6000,2630.0000,2630.4000,2631.6000,2632.0000,1,4,2,2,2,1,1,1,2,2
SF,IH2009,2020-04-16 09:36:12.300,2629.4000,11279,0,103274640.000,0,-,-,-,-,2628.6000,2628.0000,2626.0000,2625.6000,2625.4000,2629.4000,2629.6000,2630.4000,2631.6000,2632.0000,1,4,2,2,2,1,1,1,2,2
SF,IH2009,2020-04-16 09:36:15.300,2629.4000,11279,0,103274640.000,0,-,-,-,-,2628.6000,2628.0000,2626.0000,2625.6000,2625.4000,2629.4000,2629.6000,2630.4000,2631.6000,2631.8000,1,4,2,2,2,1,1,1,2,1
SF,IH2009,2020-04-16 09:36:16.800,2629.4000,11279,0,103274640.000,0,-,-,-,-,2628.6000,2628.0000,2626.0000,2625.6000,2625.4000,2629.4000,2629.6000,2630.4000,2631.6000,2631.8000,1,4,2,2,2,1,1,1,2,1
SF,IH2009,2020-04-16 09:36:17.300,2629.4000,11279,0,103274640.000,0,-,-,-,-,2628.6000,2628.0000,2626.0000,2625.6000,2625.4000,2629.4000,2629.6000,2631.6000,2631.8000,2632.0000,1,4,2,2,2,1,1,2,1,2
SF,IH2009,2020-04-16 09:36:17.800,2629.4000,11279,0,103274640.000,0,-,-,-,-,2628.6000,2628.0000,2626.0000,2625.6000,2625.4000,2629.4000,2631.6000,2631.8000,2632.0000,2632.4000,1,4,2,2,2,1,2,1,2,1
SF,IH2009,2020-04-16 09:36:18.300,2629.4000,11279,0,103274640.000,0,-,-,-,-,2628.6000,2628.0000,2626.0000,2625.6000,2625.4000,2629.4000,2631.6000,2631.8000,2632.0000,2632.4000,1,4,2,2,2,1,2,1,2,1
SF,IH2009,2020-04-16 09:36:18.800,2629.4000,11279,0,103274640.000,0,-,-,-,-,2628.6000,2628.0000,2626.0000,2625.6000,2625.4000,2629.4000,2631.6000,2631.8000,2632.0000,2632.4000,1,4,2,2,2,1,2,1,2,1
SF,IH2009,2020-04-16 09:36:20.300,2629.4000,11279,0,103274640.000,0,-,-,-,-,2628.6000,2628.0000,2626.0000,2625.6000,2625.4000,2629.4000,2629.6000,2631.6000,2631.8000,2632.0000,1,4,2,2,2,1,1,2,1,2
SF,IH2009,2020-04-16 09:36:20.800,2629.4000,11279,0,103274640.000,0,-,-,-,-,2628.6000,2628.0000,2626.0000,2625.6000,2625.4000,2629.4000,2631.6000,2631.8000,2632.0000,2632.4000,1,4,2,2,2,1,2,1,2,1
SF,IH2009,2020-04-16 09:36:21.300,2629.4000,11279,0,103274640.000,0,-,-,-,-,2628.6000,2628.0000,2626.0000,2625.6000,2625.4000,2631.6000,2631.8000,2632.0000,2632.4000,2633.0000,1,4,2,2,2,2,1,2,1,2
SF,IH2009,2020-04-16 09:36:21.800,2629.4000,11279,0,103274640.000,0,-,-,-,-,2628.6000,2628.0000,2626.0000,2625.6000,2625.4000,2631.0000,2631.2000,2631.4000,2631.6000,2631.8000,1,4,2,2,2,1,2,1,2,1
SF,IH2009,2020-04-16 09:36:22.300,2629.4000,11279,0,103274640.000,0,-,-,-,-,2628.6000,2628.0000,2626.0000,2625.6000,2625.4000,2630.8000,2631.0000,2631.2000,2631.4000,2631.6000,1,4,2,2,2,2,1,2,1,2
SF,IH2009,2020-04-16 09:36:23.800,2629.4000,11279,0,103274640.000,0,-,-,-,-,2628.6000,2628.0000,2626.0000,2625.6000,2625.4000,2630.8000,2631.0000,2631.2000,2631.4000,2631.6000,1,4,2,2,2,2,1,1,1,2
SF,IH2009,2020-04-16 09:36:24.800,2629.4000,11279,0,103274640.000,0,-,-,-,-,2628.6000,2628.0000,2626.0000,2625.6000,2625.4000,2630.8000,2631.4000,2631.6000,2631.8000,2632.0000,1,4,2,2,2,1,1,2,1,2
SF,IH2009,2020-04-16 09:36:25.300,2629.4000,11279,0,103274640.000,0,-,-,-,-,2628.8000,2628.6000,2628.0000,2626.0000,2625.6000,2630.8000,2631.4000,2631.6000,2631.8000,2632.0000,3,2,4,2,2,1,1,2,1,2
SF,IH2009,2020-04-16 09:36:25.800,2629.4000,11279,0,103274640.000,0,-,-,-,-,2628.8000,2628.6000,2628.0000,2626.0000,2625.6000,2630.8000,2631.4000,2631.6000,2631.8000,2632.0000,3,2,4,2,2,1,1,2,1,2
SF,IH2009,2020-04-16 09:36:28.300,2629.4000,11279,0,103274640.000,0,-,-,-,-,2628.8000,2628.6000,2628.0000,2626.0000,2625.6000,2630.8000,2631.0000,2631.4000,2631.6000,2631.8000,4,2,4,2,2,1,1,1,2,1
SF,IH2009,2020-04-16 09:36:28.800,2629.4000,11279,0,103274640.000,0,-,-,-,-,2628.8000,2628.6000,2628.0000,2626.0000,2625.6000,2630.8000,2631.0000,2631.4000,2631.6000,2631.8000,4,2,4,2,2,1,1,1,2,1
SF,IH2009,2020-04-16 09:36:29.300,2629.4000,11279,0,103274640.000,0,-,-,-,-,2628.8000,2628.6000,2628.0000,2626.0000,2625.6000,2630.8000,2631.0000,2631.4000,2631.6000,2631.8000,4,1,4,2,2,1,1,1,2,1
SF,IH2009,2020-04-16 09:36:29.800,2629.4000,11279,0,103274640.000,0,-,-,-,-,2629.0000,2628.8000,2628.6000,2628.0000,2627.0000,2630.8000,2631.0000,2631.4000,2631.6000,2631.8000,1,4,1,4,1,1,1,1,2,1
SF,IH2009,2020-04-16 09:36:30.300,2629.4000,11279,0,103274640.000,0,-,-,-,-,2629.2000,2629.0000,2628.8000,2628.6000,2628.0000,2630.8000,2631.0000,2631.4000,2631.6000,2631.8000,1,3,3,1,4,1,1,1,2,1
SF,IH2009,2020-04-16 09:36:30.800,2629.4000,11279,0,103274640.000,0,-,-,-,-,2629.2000,2629.0000,2628.8000,2628.6000,2628.0000,2630.8000,2631.0000,2631.4000,2631.6000,2631.8000,1,3,1,1,4,1,1,1,2,1
SF,IH2009,2020-04-16 09:36:31.300,2629.4000,11279,0,103274640.000,0,-,-,-,-,2629.2000,2629.0000,2628.8000,2628.6000,2628.0000,2630.8000,2631.0000,2631.4000,2631.6000,2631.8000,2,3,1,1,4,1,1,1,2,1
SF,IH2009,2020-04-16 09:36:31.800,2629.4000,11279,0,103274640.000,0,-,-,-,-,2629.2000,2629.0000,2628.8000,2628.6000,2628.0000,2630.8000,2631.0000,2631.4000,2631.6000,2631.8000,2,1,1,1,4,1,1,1,2,1
SF,IH2009,2020-04-16 09:36:32.300,2629.4000,11279,0,103274640.000,0,-,-,-,-,2629.2000,2629.0000,2628.8000,2628.6000,2628.0000,2630.8000,2631.0000,2631.4000,2631.6000,2631.8000,1,1,1,1,4,1,1,1,2,1
SF,IH2009,2020-04-16 09:36:35.300,2629.4000,11279,0,103274640.000,0,-,-,-,-,2629.4000,2629.2000,2628.8000,2628.6000,2628.0000,2630.8000,2631.0000,2631.4000,2631.6000,2631.8000,3,1,1,1,4,1,1,1,2,1
SF,IH2009,2020-04-16 09:36:35.800,2629.4000,11279,0,103274640.000,0,-,-,-,-,2629.4000,2629.2000,2628.8000,2628.6000,2628.0000,2630.8000,2631.0000,2631.4000,2631.6000,2631.8000,4,1,1,1,4,1,1,1,2,1
SF,IH2009,2020-04-16 09:36:36.300,2629.4000,11279,0,103274640.000,0,-,-,-,-,2629.4000,2629.2000,2628.8000,2628.6000,2628.0000,2630.8000,2631.0000,2631.8000,2632.0000,2632.4000,4,1,1,1,4,1,1,1,1,1
SF,IH2009,2020-04-16 09:36:36.800,2629.4000,11279,0,103274640.000,0,-,-,-,-,2629.4000,2629.2000,2628.8000,2628.6000,2628.0000,2630.8000,2631.0000,2631.8000,2632.0000,2632.4000,5,1,1,1,4,1,1,1,1,1
SF,IH2009,2020-04-16 09:36:37.300,2629.4000,11279,0,103274640.000,0,-,-,-,-,2629.4000,2629.2000,2628.8000,2628.6000,2628.0000,2630.8000,2631.0000,2631.8000,2632.0000,2632.4000,6,1,1,1,4,1,1,1,1,1
SF,IH2009,2020-04-16 09:36:37.800,2629.4000,11279,0,103274640.000,0,-,-,-,-,2629.4000,2629.2000,2628.8000,2628.6000,2628.0000,2630.8000,2631.0000,2631.8000,2632.0000,2632.4000,6,1,1,1,4,1,1,1,1,1
SF,IH2009,2020-04-16 09:36:38.300,2629.4000,11279,0,103274640.000,0,-,-,-,-,2629.4000,2629.2000,2628.8000,2628.6000,2628.0000,2630.8000,2631.0000,2631.8000,2632.0000,2632.4000,5,1,1,1,4,1,1,1,1,1
SF,IH2009,2020-04-16 09:36:38.800,2629.4000,11279,0,103274640.000,0,-,-,-,-,2629.6000,2629.4000,2629.2000,2628.8000,2628.6000,2630.8000,2631.0000,2631.8000,2632.0000,2632.4000,1,4,1,1,1,1,1,1,1,1
SF,IH2009,2020-04-16 09:36:39.300,2629.4000,11279,0,103274640.000,0,-,-,-,-,2629.6000,2629.4000,2629.2000,2628.8000,2628.6000,2630.8000,2631.0000,2631.8000,2632.0000,2632.4000,1,1,1,1,1,1,1,1,1,1
SF,IH2009,2020-04-16 09:36:39.800,2629.4000,11279,0,103274640.000,0,-,-,-,-,2629.4000,2629.2000,2628.8000,2628.6000,2628.0000,2630.8000,2631.0000,2631.8000,2632.0000,2632.4000,1,1,1,1,4,1,1,1,1,1
SF,IH2009,2020-04-16 09:36:40.300,2629.4000,11279,0,103274640.000,0,-,-,-,-,2630.0000,2629.4000,2629.2000,2628.8000,2628.6000,2630.8000,2631.0000,2631.8000,2632.0000,2632.4000,1,1,1,1,1,1,1,1,1,1
SF,IH2009,2020-04-16 09:36:40.800,2629.4000,11279,0,103274640.000,0,-,-,-,-,2629.4000,2629.2000,2628.8000,2628.6000,2628.0000,2630.8000,2631.0000,2631.8000,2632.0000,2632.4000,2,1,1,1,4,1,1,1,1,1
SF,IH2009,2020-04-16 09:36:41.300,2629.4000,11279,0,103274640.000,0,-,-,-,-,2629.4000,2629.2000,2628.8000,2628.6000,2628.0000,2630.8000,2631.0000,2631.8000,2632.0000,2632.4000,2,1,1,1,4,1,1,1,1,1
SF,IH2009,2020-04-16 09:36:41.800,2629.4000,11279,0,103274640.000,0,-,-,-,-,2629.4000,2628.8000,2628.6000,2628.0000,2627.0000,2630.8000,2631.0000,2631.8000,2632.0000,2632.4000,2,1,1,4,1,1,1,1,1,1
SF,IH2009,2020-04-16 09:36:42.300,2629.4000,11279,0,103274640.000,0,-,-,-,-,2629.6000,2629.4000,2628.8000,2628.6000,2628.0000,2630.8000,2631.0000,2631.8000,2632.0000,2632.4000,1,2,1,1,4,1,1,1,1,1
SF,IH2009,2020-04-16 09:36:42.800,2629.4000,11279,0,103274640.000,0,-,-,-,-,2629.6000,2629.4000,2628.8000,2628.6000,2628.0000,2631.0000,2631.8000,2632.0000,2632.4000,2633.0000,4,1,1,1,4,1,1,1,1,2
SF,IH2009,2020-04-16 09:36:43.300,2629.4000,11279,0,103274640.000,0,-,-,-,-,2630.2000,2629.6000,2629.4000,2628.8000,2628.6000,2630.8000,2631.0000,2631.8000,2632.0000,2632.4000,1,5,1,1,1,1,1,1,1,1
SF,IH2009,2020-04-16 09:36:43.800,2630.8000,11279,0,104063880.000,1,0,1,多换,S,2630.2000,2629.6000,2628.8000,2628.6000,2628.0000,2631.0000,2631.8000,2632.4000,2633.0000,2633.8000,1,5,1,1,4,1,1,1,2,2
SF,IH2009,2020-04-16 09:36:44.300,2630.8000,11279,0,104063880.000,0,-,-,-,-,2630.4000,2630.2000,2629.6000,2628.8000,2628.6000,2631.0000,2631.8000,2632.4000,2633.0000,2633.8000,1,1,4,1,1,1,1,1,2,2
SF,IH2009,2020-04-16 09:36:44.800,2631.0000,11280,1,104853180.000,1,1,0,双开,S,2630.4000,2630.2000,2629.6000,2628.8000,2628.6000,2631.8000,2632.4000,2633.0000,2633.8000,2634.8000,1,1,4,1,1,1,1,2,2,1
SF,IH2009,2020-04-16 09:36:45.300,2631.0000,11280,0,104853180.000,0,-,-,-,-,2630.8000,2630.6000,2630.4000,2629.6000,2628.8000,2631.6000,2631.8000,2632.4000,2633.0000,2633.8000,1,1,1,4,1,1,1,1,2,2
SF,IH2009,2020-04-16 09:36:45.800,2631.0000,11280,0,104853180.000,0,-,-,-,-,2630.6000,2630.4000,2629.6000,2628.8000,2628.6000,2631.6000,2631.8000,2632.4000,2633.0000,2633.8000,1,2,4,1,1,1,1,1,2,2
SF,IH2009,2020-04-16 09:36:46.300,2631.0000,11280,0,104853180.000,0,-,-,-,-,2630.6000,2630.4000,2629.6000,2628.8000,2628.6000,2631.8000,2632.4000,2633.0000,2633.8000,2634.8000,1,1,4,1,1,1,1,2,2,1
SF,IH2009,2020-04-16 09:36:46.800,2631.8000,11278,-2,106432020.000,2,0,2,双平,S,2631.8000,2631.0000,2630.6000,2629.6000,2628.8000,2632.4000,2633.0000,2633.8000,2634.8000,2635.0000,1,1,1,4,1,1,2,2,1,12
SF,IH2009,2020-04-16 09:36:47.300,2631.8000,11278,0,106432020.000,0,-,-,-,-,2631.8000,2631.0000,2630.8000,2630.6000,2629.6000,2632.4000,2633.0000,2633.8000,2634.8000,2635.0000,1,1,1,1,4,1,2,2,1,12
SF,IH2009,2020-04-16 09:36:48.300,2631.8000,11278,0,106432020.000,0,-,-,-,-,2631.8000,2630.8000,2630.6000,2629.6000,2628.8000,2632.4000,2633.0000,2633.8000,2634.8000,2635.0000,1,1,1,4,1,1,2,2,1,12
SF,IH2009,2020-04-16 09:36:49.300,2631.8000,11278,0,106432020.000,0,-,-,-,-,2632.0000,2631.8000,2630.8000,2630.6000,2629.6000,2632.4000,2633.0000,2633.8000,2634.8000,2635.0000,1,1,1,1,4,1,2,2,1,12
SF,IH2009,2020-04-16 09:36:50.300,2631.8000,11278,0,106432020.000,0,-,-,-,-,2632.0000,2631.8000,2631.0000,2630.8000,2630.6000,2632.4000,2633.0000,2633.8000,2634.8000,2635.0000,1,1,1,1,1,1,2,2,1,12
SF,IH2009,2020-04-16 09:36:50.800,2631.8000,11278,0,106432020.000,0,-,-,-,-,2631.8000,2631.0000,2630.8000,2630.6000,2629.6000,2632.4000,2633.0000,2633.8000,2634.8000,2635.0000,1,1,1,1,4,1,2,2,1,12
SF,IH2009,2020-04-16 09:36:52.300,2631.8000,11279,1,108011100.000,2,1,1,空开,S,2631.0000,2630.8000,2630.6000,2629.6000,2628.8000,2632.4000,2633.0000,2633.8000,2634.8000,2635.0000,1,1,1,4,1,1,2,2,1,12
SF,IH2009,2020-04-16 09:36:52.800,2631.8000,11279,0,108011100.000,0,-,-,-,-,2631.2000,2631.0000,2630.8000,2629.6000,2628.8000,2632.2000,2632.4000,2633.0000,2633.8000,2634.8000,1,1,1,4,1,1,1,2,2,1
