市场代码,合约代码,时间,最新,持仓,增仓,成交额,成交量,开仓,平仓,成交类型,方向,买一价,买二价,买三价,买四价,买五价,卖一价,卖二价,卖三价,卖四价,卖五价,买一量,买二量,买三量,买四量,买五量,卖一量,卖二量,卖三量,卖四量,卖五量
SF,IH2003,2019-12-20 09:29:00.400,3037.2000,22151,0,911160.000,1.000,-,-,-,-,3037.0000,3036.0000,3035.0000,3034.4000,3034.0000,3038.4000,3038.8000,3039.0000,3039.4000,3039.6000,1,1,1,4,1,1,1,1,3,1
SF,IH2003,2019-12-20 09:30:00.400,3038.0000,22153,2,4556460.000,4,3,1,空开,S,3036.0000,3035.0000,3034.4000,3034.0000,3033.6000,3038.0000,3038.2000,3038.4000,3038.8000,3039.0000,1,1,4,1,1,6,1,1,1,2
SF,IH2003,2019-12-20 09:30:00.900,3036.0000,22151,-2,7288980.000,3,0,3,多平,S,3035.0000,3034.6000,3034.4000,3034.0000,3033.4000,3037.8000,3038.0000,3038.8000,3039.0000,3040.0000,1,1,4,1,1,5,5,1,2,8
SF,IH2003,2019-12-20 09:30:01.400,3036.0000,22150,-1,8199780.000,1,0,1,双平,S,3035.4000,3035.2000,3035.0000,3034.8000,3034.6000,3037.8000,3038.0000,3038.2000,3038.8000,3039.0000,14,9,1,2,1,3,1,1,1,2
SF,IH2003,2019-12-20 09:30:01.900,3037.8000,22150,0,9111120.000,1,0,1,多换,S,3035.6000,3035.4000,3035.2000,3035.0000,3034.8000,3037.8000,3038.0000,3038.2000,3038.8000,3039.0000,10,14,7,1,2,2,1,1,1,2
SF,IH2003,2019-12-20 09:30:02.400,3036.0000,22149,-1,10021920.000,1,0,1,双平,S,3036.0000,3035.8000,3035.6000,3035.2000,3035.0000,3037.8000,3038.0000,3038.2000,3038.8000,3039.0000,10,1,11,7,2,2,1,1,1,2
SF,IH2003,2019-12-20 09:30:02.900,3036.0000,22149,0,10021920.000,0,-,-,-,-,3037.2000,3036.2000,3036.0000,3035.6000,3035.2000,3037.6000,3037.8000,3038.0000,3038.2000,3038.8000,1,11,7,7,3,1,2,1,1,1
SF,IH2003,2019-12-20 09:30:03.400,3037.8000,22150,1,12755580.000,3,2,1,空开,S,3036.2000,3036.0000,3035.6000,3035.2000,3035.0000,3037.8000,3038.0000,3038.2000,3038.8000,3039.0000,3,2,7,3,2,1,1,1,1,2
SF,IH2003,2019-12-20 09:30:03.900,3037.8000,22150,0,12755580.000,0,-,-,-,-,3036.2000,3036.0000,3035.6000,3035.2000,3035.0000,3037.6000,3037.8000,3038.0000,3038.2000,3038.8000,3,2,7,3,2,1,1,1,1,1
SF,IH2003,2019-12-20 09:30:04.400,3037.8000,22150,0,14577900.000,2,1,1,多换,S,3036.6000,3036.4000,3036.2000,3035.6000,3035.2000,3038.0000,3038.2000,3038.8000,3039.0000,3039.4000,1,2,3,7,3,1,1,1,2,1
SF,IH2003,2019-12-20 09:30:04.900,3037.8000,22150,0,14577900.000,0,-,-,-,-,3036.6000,3036.4000,3036.2000,3035.6000,3035.2000,3037.8000,3038.0000,3038.2000,3038.8000,3039.0000,1,2,3,7,3,1,1,1,1,2
SF,IH2003,2019-12-20 09:30:05.400,3038.0000,22149,-1,16400640.000,2,0,2,多平,S,3036.8000,3036.6000,3036.4000,3036.2000,3035.6000,3038.2000,3038.8000,3039.0000,3039.4000,3040.0000,4,1,1,3,5,1,1,2,1,8
SF,IH2003,2019-12-20 09:30:05.900,3038.0000,22149,0,16400640.000,0,-,-,-,-,3036.4000,3036.2000,3035.6000,3035.2000,3035.0000,3038.0000,3038.2000,3038.8000,3039.0000,3039.4000,1,3,5,3,2,5,1,1,2,1
SF,IH2003,2019-12-20 09:30:06.900,3036.6000,22148,-1,17311620.000,1,0,1,双平,S,3036.4000,3036.2000,3035.6000,3035.2000,3035.0000,3038.0000,3038.2000,3038.8000,3039.0000,3039.4000,1,3,5,3,3,5,1,1,2,1
SF,IH2003,2019-12-20 09:30:07.400,3036.6000,22148,0,17311620.000,0,-,-,-,-,3036.6000,3036.4000,3036.2000,3035.6000,3035.2000,3036.8000,3038.2000,3038.8000,3039.0000,3039.4000,3,1,3,5,3,1,1,1,2,1
SF,IH2003,2019-12-20 09:30:07.900,3036.8000,22147,-1,18222660.000,1,0,1,双平,S,3038.0000,3037.6000,3037.0000,3036.8000,3036.6000,3038.2000,3038.8000,3039.0000,3039.4000,3040.0000,1,3,1,1,2,1,1,2,1,8
SF,IH2003,2019-12-20 09:30:08.400,3038.0000,22147,0,19134060.000,1,0,1,多换,S,3037.6000,3036.6000,3036.4000,3036.2000,3035.6000,3037.8000,3038.2000,3038.8000,3039.0000,3039.4000,1,3,2,2,5,1,1,1,2,1
SF,IH2003,2019-12-20 09:30:08.900,3038.0000,22147,0,19134060.000,0,-,-,-,-,3038.0000,3037.8000,3037.6000,3036.6000,3036.4000,3038.2000,3038.8000,3039.0000,3039.4000,3040.0000,1,1,1,3,3,1,1,2,1,8
SF,IH2003,2019-12-20 09:30:09.400,3038.0000,22147,0,19134060.000,0,-,-,-,-,3037.8000,3037.6000,3036.6000,3036.4000,3036.2000,3038.2000,3038.8000,3039.0000,3039.4000,3040.0000,1,1,3,3,2,1,1,2,1,8
SF,IH2003,2019-12-20 09:30:09.900,3038.2000,22146,-1,20045520.000,1,0,1,双平,S,3037.6000,3036.6000,3036.4000,3036.2000,3035.6000,3038.8000,3039.0000,3039.4000,3040.0000,3042.2000,1,3,2,2,5,1,2,1,8,1
SF,IH2003,2019-12-20 09:30:10.400,3038.2000,22146,0,20045520.000,0,-,-,-,-,3037.8000,3037.6000,3036.6000,3036.4000,3036.2000,3038.6000,3038.8000,3039.0000,3039.4000,3040.0000,1,2,3,2,2,6,1,2,1,8
SF,IH2003,2019-12-20 09:30:10.900,3038.2000,22146,0,20045520.000,0,-,-,-,-,3037.8000,3037.6000,3036.6000,3036.4000,3036.2000,3038.6000,3038.8000,3039.0000,3039.4000,3040.0000,1,2,3,2,2,2,1,2,1,8
SF,IH2003,2019-12-20 09:30:11.400,3038.2000,22146,0,20045520.000,0,-,-,-,-,3037.8000,3037.6000,3036.6000,3036.4000,3036.2000,3038.6000,3038.8000,3039.0000,3039.4000,3040.0000,1,2,3,2,2,1,1,2,1,8
SF,IH2003,2019-12-20 09:30:11.900,3038.6000,22145,-1,20957100.000,1,0,1,双平,S,3037.8000,3037.6000,3036.6000,3036.4000,3036.2000,3038.8000,3039.0000,3039.4000,3040.0000,3042.2000,1,2,3,2,2,1,2,1,8,1
SF,IH2003,2019-12-20 09:30:12.400,3038.0000,22145,0,21868500.000,1,0,1,多换,S,3038.0000,3037.8000,3037.6000,3036.6000,3036.4000,3038.6000,3038.8000,3039.0000,3039.4000,3040.0000,1,1,2,3,2,1,1,2,1,8
SF,IH2003,2019-12-20 09:30:12.900,3038.8000,22143,-2,23691720.000,2,0,2,双平,S,3038.6000,3037.8000,3037.6000,3036.6000,3036.4000,3039.0000,3039.4000,3040.0000,3042.2000,3042.4000,1,1,2,3,2,2,1,8,1,1
SF,IH2003,2019-12-20 09:30:13.900,3038.8000,22143,0,23691720.000,0,-,-,-,-,3037.8000,3037.6000,3036.6000,3036.4000,3036.2000,3039.0000,3039.4000,3040.0000,3042.2000,3042.4000,1,2,3,2,2,2,1,8,1,1
SF,IH2003,2019-12-20 09:30:14.400,3038.8000,22143,0,23691720.000,0,-,-,-,-,3038.0000,3037.8000,3037.6000,3036.6000,3036.4000,3038.2000,3039.0000,3039.4000,3040.0000,3042.2000,3,1,2,3,2,1,2,1,8,1
SF,IH2003,2019-12-20 09:30:14.900,3038.2000,22142,-1,24603180.000,1,0,1,双平,S,3038.2000,3038.0000,3037.8000,3037.6000,3036.6000,3039.0000,3039.4000,3040.0000,3042.2000,3042.4000,1,2,1,2,3,2,1,8,1,1
SF,IH2003,2019-12-20 09:30:15.400,3038.2000,22142,0,24603180.000,0,-,-,-,-,3037.8000,3037.6000,3036.6000,3036.4000,3036.2000,3039.0000,3039.4000,3040.0000,3042.2000,3042.4000,1,2,3,2,2,2,1,8,1,1
SF,IH2003,2019-12-20 09:30:15.900,3038.0000,22139,-3,27337380.000,3,0,3,双平,S,3038.0000,3037.8000,3037.6000,3036.6000,3036.4000,3039.0000,3039.4000,3040.0000,3042.2000,3042.4000,3,1,2,1,2,2,1,8,1,1
SF,IH2003,2019-12-20 09:30:16.400,3038.0000,22139,0,27337380.000,0,-,-,-,-,3038.0000,3037.8000,3037.6000,3036.6000,3036.4000,3039.0000,3039.4000,3040.0000,3042.2000,3042.4000,2,1,2,1,2,2,1,8,1,1
SF,IH2003,2019-12-20 09:30:16.900,3038.0000,22139,0,27337380.000,0,-,-,-,-,3038.0000,3037.8000,3037.6000,3036.6000,3036.4000,3039.0000,3039.4000,3040.0000,3042.2000,3042.4000,1,1,2,1,2,3,1,8,1,1
SF,IH2003,2019-12-20 09:30:17.400,3038.0000,22139,0,27337380.000,0,-,-,-,-,3038.2000,3037.8000,3037.6000,3036.6000,3036.4000,3039.0000,3039.4000,3040.0000,3042.2000,3042.4000,1,1,2,1,2,3,1,8,1,1
SF,IH2003,2019-12-20 09:30:17.900,3038.2000,22138,-1,28248840.000,1,0,1,双平,S,3037.8000,3037.6000,3036.6000,3036.4000,3036.0000,3038.0000,3039.0000,3039.4000,3040.0000,3042.2000,1,2,1,2,1,3,3,1,8,1
SF,IH2003,2019-12-20 09:30:18.400,3038.0000,22135,-3,30983040.000,3,0,3,双平,S,3037.8000,3037.6000,3036.6000,3036.4000,3036.0000,3039.0000,3039.4000,3040.0000,3042.2000,3042.4000,2,2,1,2,1,2,1,8,1,1
SF,IH2003,2019-12-20 09:30:18.900,3038.8000,22135,0,31894680.000,1,0,1,多换,S,3038.0000,3037.8000,3037.6000,3036.6000,3036.4000,3038.8000,3039.0000,3039.4000,3040.0000,3042.2000,2,2,2,1,2,4,2,1,8,1
SF,IH2003,2019-12-20 09:30:19.400,3038.8000,22135,0,31894680.000,0,-,-,-,-,3038.2000,3038.0000,3037.8000,3037.6000,3036.6000,3038.8000,3039.0000,3039.4000,3040.0000,3042.2000,1,1,2,3,1,4,2,1,8,1
SF,IH2003,2019-12-20 09:30:19.900,3038.2000,22134,-1,32806140.000,1,0,1,双平,S,3038.0000,3037.8000,3037.6000,3036.6000,3036.4000,3038.8000,3039.0000,3039.4000,3040.0000,3042.2000,1,1,3,1,2,4,2,1,8,1
SF,IH2003,2019-12-20 09:30:20.400,3038.2000,22133,-1,33717600.000,1,0,1,双平,S,3038.0000,3037.8000,3037.6000,3036.6000,3036.4000,3038.8000,3039.0000,3039.4000,3040.0000,3042.2000,2,1,3,1,2,4,2,1,8,1
SF,IH2003,2019-12-20 09:30:21.400,3038.2000,22133,0,33717600.000,0,-,-,-,-,3038.0000,3037.8000,3037.6000,3036.6000,3036.4000,3038.2000,3038.8000,3039.0000,3039.4000,3040.0000,2,1,3,1,2,3,4,2,1,8
SF,IH2003,2019-12-20 09:30:21.900,3038.2000,22130,-3,36451980.000,3,0,3,双平,S,3038.0000,3037.8000,3037.6000,3036.6000,3036.4000,3038.8000,3039.0000,3039.4000,3040.0000,3042.2000,2,1,3,1,2,2,2,1,8,1
SF,IH2003,2019-12-20 09:30:22.400,3038.2000,22130,0,36451980.000,0,-,-,-,-,3038.0000,3037.8000,3037.6000,3036.6000,3036.4000,3039.0000,3039.4000,3040.0000,3042.2000,3042.4000,2,1,3,1,2,2,1,8,1,1
SF,IH2003,2019-12-20 09:30:23.400,3038.2000,22130,0,36451980.000,0,-,-,-,-,3038.2000,3038.0000,3037.8000,3037.6000,3036.6000,3039.0000,3039.4000,3040.0000,3042.2000,3042.4000,1,2,1,3,1,2,1,8,1,1
SF,IH2003,2019-12-20 09:30:23.900,3038.2000,22130,0,37363440.000,1,0,1,多换,S,3038.0000,3037.8000,3037.6000,3036.6000,3036.4000,3038.8000,3039.0000,3039.4000,3040.0000,3042.2000,2,1,3,1,2,4,2,1,8,1
SF,IH2003,2019-12-20 09:30:24.900,3038.0000,22130,0,38274840.000,1,0,1,多换,S,3038.0000,3037.8000,3037.6000,3036.6000,3036.4000,3038.8000,3039.0000,3039.4000,3040.0000,3042.2000,1,1,3,1,2,4,2,1,8,1
SF,IH2003,2019-12-20 09:30:25.400,3038.0000,22129,-1,39186240.000,1,0,1,双平,S,3037.8000,3037.6000,3036.6000,3036.4000,3036.0000,3038.0000,3038.8000,3039.0000,3039.4000,3040.0000,1,3,1,2,1,1,4,2,1,8
SF,IH2003,2019-12-20 09:30:25.900,3037.8000,22128,-1,41008980.000,2,0,2,多平,S,3038.0000,3037.6000,3036.6000,3036.4000,3036.0000,3038.8000,3039.0000,3039.4000,3040.0000,3042.2000,2,3,1,2,1,3,2,1,8,1
SF,IH2003,2019-12-20 09:30:26.400,3037.8000,22126,-2,43743120.000,3,0,3,多平,S,3037.6000,3036.4000,3036.0000,3035.6000,3035.2000,3038.0000,3038.6000,3038.8000,3039.0000,3039.4000,3,2,1,6,3,2,6,3,2,1
SF,IH2003,2019-12-20 09:30:26.900,3038.0000,22125,-1,44654520.000,1,0,1,双平,S,3037.6000,3036.4000,3036.0000,3035.6000,3035.2000,3038.6000,3038.8000,3039.0000,3039.4000,3039.6000,3,2,1,6,3,5,3,2,1,1
SF,IH2003,2019-12-20 09:30:27.400,3038.0000,22125,0,44654520.000,0,-,-,-,-,3037.6000,3036.4000,3036.0000,3035.6000,3035.2000,3038.4000,3038.6000,3038.8000,3039.0000,3039.4000,3,2,1,6,3,5,5,4,2,1
SF,IH2003,2019-12-20 09:30:27.900,3038.0000,22125,0,44654520.000,0,-,-,-,-,3037.6000,3036.4000,3036.0000,3035.6000,3035.2000,3038.4000,3038.6000,3038.8000,3039.0000,3039.4000,3,2,1,6,3,5,3,4,2,1
SF,IH2003,2019-12-20 09:30:30.900,3038.4000,22125,0,50123640.000,6,3,3,多换,S,3038.4000,3037.6000,3036.4000,3036.0000,3035.6000,3038.6000,3038.8000,3039.0000,3039.4000,3039.6000,5,7,2,1,6,3,2,2,1,1
SF,IH2003,2019-12-20 09:30:31.400,3038.2000,22124,-1,56503980.000,7,3,4,多平,S,3037.6000,3036.4000,3036.0000,3035.6000,3035.2000,3038.2000,3038.4000,3038.6000,3038.8000,3039.0000,6,2,1,6,3,7,10,3,2,2
SF,IH2003,2019-12-20 09:30:31.900,3038.2000,22124,0,56503980.000,0,-,-,-,-,3037.6000,3036.4000,3036.0000,3035.6000,3035.2000,3038.2000,3038.4000,3038.6000,3038.8000,3039.0000,6,2,1,6,3,2,4,3,2,2
SF,IH2003,2019-12-20 09:30:32.900,3038.2000,22124,0,56503980.000,0,-,-,-,-,3037.6000,3036.4000,3036.0000,3035.6000,3035.2000,3038.2000,3038.4000,3038.6000,3038.8000,3039.0000,6,2,1,6,3,2,2,3,2,2
SF,IH2003,2019-12-20 09:30:33.400,3038.2000,22124,0,56503980.000,0,-,-,-,-,3037.6000,3036.4000,3036.0000,3035.6000,3035.2000,3038.4000,3038.6000,3038.8000,3039.0000,3039.4000,6,2,1,6,3,2,3,2,2,1
SF,IH2003,2019-12-20 09:30:33.900,3038.2000,22124,0,56503980.000,0,-,-,-,-,3038.2000,3037.6000,3036.4000,3036.0000,3035.6000,3038.4000,3038.6000,3038.8000,3039.0000,3039.4000,1,6,2,1,6,2,3,2,2,1
SF,IH2003,2019-12-20 09:30:34.400,3038.4000,22123,-1,58326960.000,2,0,2,多平,S,3037.6000,3036.4000,3036.0000,3035.6000,3035.2000,3038.4000,3038.6000,3038.8000,3039.0000,3039.4000,6,2,1,6,3,1,3,2,2,1
SF,IH2003,2019-12-20 09:30:34.900,3038.4000,22123,0,58326960.000,0,-,-,-,-,3037.6000,3036.4000,3036.0000,3035.6000,3035.2000,3038.4000,3038.6000,3038.8000,3039.0000,3039.4000,6,2,1,6,3,1,3,2,2,1
SF,IH2003,2019-12-20 09:30:35.400,3037.8000,22122,-1,59238300.000,1,0,1,双平,S,3037.8000,3037.6000,3036.4000,3036.0000,3035.6000,3038.4000,3038.6000,3038.8000,3039.0000,3039.4000,1,6,2,1,6,1,3,2,2,1
SF,IH2003,2019-12-20 09:30:35.900,3037.8000,22122,0,59238300.000,0,-,-,-,-,3038.4000,3037.8000,3037.6000,3036.4000,3036.0000,3038.6000,3038.8000,3039.0000,3039.4000,3039.6000,1,1,6,2,1,3,2,2,1,1
SF,IH2003,2019-12-20 09:30:36.400,3038.4000,22121,-1,60149820.000,1,0,1,双平,S,3038.0000,3037.8000,3037.6000,3036.4000,3036.0000,3038.2000,3038.6000,3038.8000,3039.0000,3039.4000,1,1,6,2,1,1,3,2,2,1
SF,IH2003,2019-12-20 09:30:36.900,3038.2000,22120,-1,61061280.000,1,0,1,双平,S,3038.2000,3038.0000,3037.8000,3037.6000,3036.4000,3038.6000,3038.8000,3039.0000,3039.4000,3039.6000,2,1,1,6,2,3,2,2,1,1
SF,IH2003,2019-12-20 09:30:37.900,3038.0000,22118,-2,62884140.000,2,0,2,双平,S,3037.8000,3037.6000,3036.4000,3036.0000,3035.6000,3038.0000,3038.2000,3038.4000,3038.6000,3038.8000,1,6,2,1,6,1,1,3,3,2
SF,IH2003,2019-12-20 09:30:38.400,3038.2000,22117,-1,64707000.000,2,0,2,多平,S,3038.0000,3037.8000,3037.6000,3036.4000,3036.0000,3038.4000,3038.6000,3038.8000,3039.0000,3039.4000,1,1,6,2,1,1,3,2,2,1
SF,IH2003,2019-12-20 09:30:38.900,3038.2000,22117,0,64707000.000,0,-,-,-,-,3038.2000,3037.6000,3036.4000,3036.0000,3035.6000,3038.4000,3038.6000,3038.8000,3039.0000,3039.4000,1,6,2,1,6,1,3,2,2,1
SF,IH2003,2019-12-20 09:30:39.400,3038.2000,22116,-1,65618460.000,1,0,1,双平,S,3037.6000,3036.4000,3036.0000,3035.6000,3035.2000,3038.0000,3038.2000,3038.4000,3038.6000,3038.8000,6,2,1,6,3,2,2,1,3,2
SF,IH2003,2019-12-20 09:30:39.900,3038.0000,22116,0,66529860.000,1,0,1,多换,S,3037.6000,3036.4000,3036.0000,3035.6000,3035.2000,3037.8000,3038.0000,3038.2000,3038.4000,3038.6000,6,2,1,6,3,1,2,2,1,3
SF,IH2003,2019-12-20 09:30:40.400,3038.0000,22113,-3,69264000.000,3,0,3,双平,S,3038.0000,3037.8000,3037.6000,3037.0000,3036.4000,3038.2000,3038.4000,3038.6000,3038.8000,3039.0000,1,1,6,1,2,1,1,3,2,2
SF,IH2003,2019-12-20 09:30:40.900,3038.2000,22111,-2,71086860.000,2,0,2,双平,S,3037.8000,3037.6000,3037.0000,3036.4000,3035.6000,3038.6000,3038.8000,3039.0000,3039.4000,3039.6000,1,6,1,2,6,3,2,2,1,1
SF,IH2003,2019-12-20 09:30:41.400,3038.2000,22111,0,71086860.000,0,-,-,-,-,3037.8000,3037.6000,3037.0000,3036.4000,3035.6000,3038.4000,3038.6000,3038.8000,3039.0000,3039.4000,1,6,1,2,6,3,3,2,2,1
SF,IH2003,2019-12-20 09:30:42.400,3038.2000,22111,0,71086860.000,0,-,-,-,-,3037.8000,3037.6000,3037.0000,3036.4000,3035.6000,3038.0000,3038.4000,3038.6000,3038.8000,3039.0000,1,6,1,2,6,5,3,3,2,2
SF,IH2003,2019-12-20 09:30:44.400,3038.2000,22111,0,71998320.000,1,0,1,多换,S,3037.8000,3037.6000,3037.0000,3036.4000,3035.6000,3038.0000,3038.4000,3038.6000,3038.8000,3039.0000,1,6,1,2,6,4,3,3,2,2
SF,IH2003,2019-12-20 09:30:44.900,3038.4000,22108,-3,76555440.000,5,1,4,多平,S,3038.2000,3037.8000,3037.6000,3037.0000,3036.4000,3038.4000,3038.6000,3038.8000,3039.0000,3039.4000,3,1,6,1,2,2,3,2,2,1
SF,IH2003,2019-12-20 09:30:45.400,3038.2000,22107,-1,77466900.000,1,0,1,双平,S,3038.2000,3037.6000,3037.0000,3036.4000,3035.6000,3038.4000,3038.6000,3038.8000,3039.0000,3039.4000,2,6,1,2,6,2,3,2,2,1
SF,IH2003,2019-12-20 09:30:45.900,3038.2000,22106,-1,79289820.000,2,0,2,多平,S,3037.6000,3037.0000,3036.4000,3035.6000,3035.2000,3038.2000,3038.4000,3038.6000,3038.8000,3039.0000,6,3,2,6,3,1,2,3,2,2
SF,IH2003,2019-12-20 09:30:46.400,3038.2000,22106,0,79289820.000,0,-,-,-,-,3037.6000,3037.0000,3036.4000,3035.6000,3035.2000,3038.4000,3038.6000,3038.8000,3039.0000,3039.4000,6,3,2,6,3,2,3,2,2,1
SF,IH2003,2019-12-20 09:30:47.400,3038.2000,22106,0,79289820.000,0,-,-,-,-,3037.6000,3037.0000,3036.4000,3035.6000,3035.2000,3038.2000,3038.4000,3038.6000,3038.8000,3039.0000,6,3,2,6,3,1,2,3,2,2
SF,IH2003,2019-12-20 09:30:48.400,3038.2000,22106,0,79289820.000,0,-,-,-,-,3037.6000,3037.0000,3036.4000,3035.6000,3035.2000,3038.2000,3038.4000,3038.6000,3038.8000,3039.0000,6,3,2,6,3,2,2,3,2,2
SF,IH2003,2019-12-20 09:30:48.900,3038.2000,22106,0,79289820.000,0,-,-,-,-,3037.6000,3037.0000,3036.4000,3035.6000,3035.2000,3038.2000,3038.4000,3038.6000,3038.8000,3039.0000,6,3,2,6,3,2,2,4,2,2
SF,IH2003,2019-12-20 09:30:49.900,3038.2000,22106,0,79289820.000,0,-,-,-,-,3037.6000,3037.0000,3036.4000,3035.6000,3035.2000,3038.2000,3038.4000,3038.6000,3038.8000,3039.0000,6,3,2,6,3,2,2,4,2,2
SF,IH2003,2019-12-20 09:30:51.900,3037.6000,22108,2,81112380.000,2,2,0,双开,S,3037.6000,3037.0000,3036.4000,3035.6000,3035.2000,3038.2000,3038.4000,3038.6000,3038.8000,3039.0000,4,3,2,6,3,2,2,4,2,2
SF,IH2003,2019-12-20 09:30:52.900,3037.6000,22106,-2,82934940.000,2,0,2,双平,S,3037.6000,3037.0000,3036.4000,3035.6000,3035.2000,3038.2000,3038.4000,3038.6000,3038.8000,3039.0000,2,3,2,6,3,2,2,4,2,2
SF,IH2003,2019-12-20 09:30:53.900,3037.6000,22104,-2,84757500.000,2,0,2,双平,S,3037.0000,3036.4000,3035.6000,3035.2000,3035.0000,3038.2000,3038.4000,3038.6000,3038.8000,3039.0000,3,2,6,3,2,2,2,4,2,2
SF,IH2003,2019-12-20 09:30:54.400,3037.6000,22104,0,84757500.000,0,-,-,-,-,3037.2000,3037.0000,3036.4000,3035.6000,3035.2000,3038.2000,3038.4000,3038.6000,3038.8000,3039.0000,1,3,2,6,3,2,2,4,2,2
SF,IH2003,2019-12-20 09:30:54.900,3037.6000,22104,0,84757500.000,0,-,-,-,-,3037.2000,3037.0000,3036.4000,3035.6000,3035.2000,3038.2000,3038.4000,3038.6000,3038.8000,3039.0000,1,3,2,6,3,2,2,4,2,2
SF,IH2003,2019-12-20 09:30:55.400,3037.6000,22104,0,84757500.000,0,-,-,-,-,3037.2000,3037.0000,3036.4000,3035.6000,3035.2000,3038.0000,3038.2000,3038.4000,3038.6000,3038.8000,1,3,2,6,3,2,2,2,4,2
SF,IH2003,2019-12-20 09:30:56.900,3038.0000,22104,0,86580300.000,2,1,1,多换,S,3037.2000,3037.0000,3036.4000,3035.6000,3035.2000,3038.2000,3038.6000,3038.8000,3039.0000,3039.4000,1,3,2,4,3,2,4,2,2,1
SF,IH2003,2019-12-20 09:31:01.400,3037.0000,22105,1,89314020.000,3,2,1,空开,S,3037.0000,3036.4000,3035.6000,3035.2000,3035.0000,3038.2000,3038.6000,3038.8000,3039.0000,3039.4000,2,2,4,3,2,1,4,2,2,1
SF,IH2003,2019-12-20 09:31:03.400,3037.0000,22105,0,89314020.000,0,-,-,-,-,3037.0000,3036.4000,3035.6000,3035.2000,3035.0000,3038.2000,3038.6000,3038.8000,3039.0000,3039.4000,2,2,4,3,2,1,4,2,2,1
SF,IH2003,2019-12-20 09:31:03.900,3037.0000,22104,-1,90225120.000,1,0,1,双平,S,3037.0000,3036.4000,3035.6000,3035.2000,3035.0000,3038.2000,3038.6000,3038.8000,3039.0000,3039.4000,1,2,4,3,2,1,4,2,2,1
SF,IH2003,2019-12-20 09:31:04.400,3038.0000,22104,0,92047920.000,2,1,1,多换,S,3037.0000,3036.4000,3035.6000,3035.2000,3035.0000,3038.2000,3038.6000,3038.8000,3039.0000,3039.4000,1,2,4,3,2,1,4,2,2,1
SF,IH2003,2019-12-20 09:31:05.900,3038.0000,22104,0,92047920.000,0,-,-,-,-,3037.0000,3036.4000,3035.6000,3035.2000,3035.0000,3038.2000,3038.6000,3039.0000,3039.4000,3039.6000,1,2,4,3,2,1,4,2,1,1
SF,IH2003,2019-12-20 09:31:07.400,3038.0000,22104,0,92047920.000,0,-,-,-,-,3037.2000,3037.0000,3036.4000,3035.6000,3035.2000,3038.0000,3038.2000,3038.6000,3039.0000,3039.4000,1,1,2,4,3,6,1,4,2,1
SF,IH2003,2019-12-20 09:31:07.900,3038.0000,22104,0,92047920.000,0,-,-,-,-,3037.2000,3037.0000,3036.4000,3035.6000,3035.2000,3038.6000,3039.0000,3039.4000,3039.6000,3040.0000,1,1,2,4,3,4,2,1,1,7
SF,IH2003,2019-12-20 09:31:08.400,3038.0000,22104,0,92047920.000,0,-,-,-,-,3037.4000,3037.2000,3037.0000,3036.4000,3035.6000,3038.6000,3039.0000,3039.4000,3039.6000,3040.0000,1,1,1,2,4,4,2,1,1,7
SF,IH2003,2019-12-20 09:31:08.900,3038.0000,22104,0,92047920.000,0,-,-,-,-,3037.4000,3037.0000,3036.4000,3035.6000,3035.2000,3038.4000,3038.6000,3039.0000,3039.4000,3039.6000,1,1,2,4,3,1,4,2,1,1
SF,IH2003,2019-12-20 09:31:09.400,3038.0000,22104,0,92047920.000,0,-,-,-,-,3037.0000,3036.4000,3035.6000,3035.2000,3035.0000,3038.4000,3038.6000,3039.0000,3039.4000,3039.6000,1,2,4,3,2,1,4,2,1,1
SF,IH2003,2019-12-20 09:31:09.900,3038.0000,22104,0,92047920.000,0,-,-,-,-,3037.2000,3037.0000,3036.4000,3035.6000,3035.2000,3038.6000,3039.0000,3039.4000,3039.6000,3040.0000,3,1,2,4,3,4,2,1,1,7
SF,IH2003,2019-12-20 09:31:10.400,3038.0000,22104,0,92047920.000,0,-,-,-,-,3037.2000,3037.0000,3036.4000,3035.6000,3035.2000,3038.4000,3038.6000,3039.0000,3039.4000,3039.6000,3,1,2,4,3,7,4,2,1,1
SF,IH2003,2019-12-20 09:31:10.900,3038.0000,22104,0,92047920.000,0,-,-,-,-,3037.2000,3037.0000,3036.4000,3035.6000,3035.2000,3038.2000,3038.4000,3038.6000,3039.0000,3039.4000,2,1,2,4,3,1,7,4,2,1
SF,IH2003,2019-12-20 09:31:11.900,3038.0000,22104,0,92047920.000,0,-,-,-,-,3037.2000,3037.0000,3036.4000,3035.6000,3035.2000,3038.2000,3038.4000,3038.6000,3039.0000,3039.4000,3,2,2,4,3,1,7,4,2,1
SF,IH2003,2019-12-20 09:31:12.900,3038.0000,22104,0,92047920.000,0,-,-,-,-,3037.2000,3037.0000,3036.4000,3035.6000,3035.2000,3037.8000,3038.0000,3038.2000,3038.4000,3038.6000,2,2,2,1,3,5,1,1,2,4
SF,IH2003,2019-12-20 09:31:13.400,3038.0000,22104,0,92047920.000,0,-,-,-,-,3037.2000,3037.0000,3036.4000,3035.6000,3035.2000,3037.8000,3038.0000,3038.2000,3038.4000,3038.6000,1,2,2,1,3,5,1,1,2,4
SF,IH2003,2019-12-20 09:31:13.900,3037.2000,22104,0,92959080.000,1,0,1,多换,S,3037.0000,3036.4000,3035.6000,3035.0000,3034.8000,3037.2000,3037.4000,3037.6000,3037.8000,3038.2000,2,2,1,2,1,4,3,3,5,1
SF,IH2003,2019-12-20 09:31:14.400,3037.0000,22104,0,94781280.000,2,1,1,多换,S,3036.4000,3035.6000,3035.0000,3034.8000,3034.4000,3037.2000,3037.6000,3038.4000,3038.6000,3039.0000,2,1,2,1,4,3,1,1,4,2
SF,IH2003,2019-12-20 09:31:14.900,3037.2000,22104,0,97514760.000,3,1,2,多换,S,3036.6000,3036.4000,3035.6000,3035.0000,3034.8000,3038.4000,3038.6000,3039.0000,3039.4000,3039.6000,1,3,1,2,1,1,4,2,1,1
SF,IH2003,2019-12-20 09:31:15.400,3037.2000,22104,0,97514760.000,0,-,-,-,-,3036.8000,3036.6000,3036.4000,3035.6000,3035.0000,3038.2000,3038.4000,3038.6000,3039.0000,3039.4000,1,1,3,1,2,3,1,4,2,1
SF,IH2003,2019-12-20 09:31:15.900,3037.2000,22104,0,97514760.000,0,-,-,-,-,3037.0000,3036.8000,3036.4000,3035.6000,3035.0000,3037.8000,3038.0000,3038.2000,3038.4000,3038.6000,3,1,3,1,2,5,1,2,1,4
SF,IH2003,2019-12-20 09:31:16.400,3037.0000,22104,0,98425860.000,1,0,1,多换,S,3037.0000,3036.4000,3035.6000,3035.0000,3034.8000,3037.6000,3037.8000,3038.2000,3038.4000,3038.6000,2,3,1,2,1,3,5,1,1,4
SF,IH2003,2019-12-20 09:31:16.900,3037.0000,22104,0,98425860.000,0,-,-,-,-,3037.0000,3036.4000,3035.6000,3035.0000,3034.8000,3037.8000,3038.2000,3038.4000,3038.6000,3039.0000,2,2,1,2,1,5,1,1,4,2
SF,IH2003,2019-12-20 09:31:17.400,3037.0000,22104,0,98425860.000,0,-,-,-,-,3036.4000,3035.6000,3035.0000,3034.8000,3034.4000,3038.2000,3038.4000,3038.6000,3039.0000,3039.4000,2,1,2,1,4,1,1,4,2,1
SF,IH2003,2019-12-20 09:31:17.900,3037.0000,22104,0,98425860.000,0,-,-,-,-,3036.6000,3036.4000,3035.6000,3035.0000,3034.8000,3037.8000,3038.0000,3038.2000,3038.4000,3038.6000,4,2,1,2,1,5,2,1,1,4
SF,IH2003,2019-12-20 09:31:18.400,3037.0000,22104,0,98425860.000,0,-,-,-,-,3036.6000,3036.4000,3035.6000,3035.0000,3034.8000,3037.8000,3038.0000,3038.2000,3038.4000,3038.6000,3,2,1,2,1,5,2,1,1,4
SF,IH2003,2019-12-20 09:31:18.900,3037.0000,22104,0,98425860.000,0,-,-,-,-,3036.6000,3036.4000,3035.6000,3035.0000,3034.8000,3038.0000,3038.4000,3038.6000,3039.0000,3039.4000,3,2,1,2,1,2,1,4,2,1
SF,IH2003,2019-12-20 09:31:19.400,3037.0000,22104,0,98425860.000,0,-,-,-,-,3036.6000,3036.4000,3035.6000,3035.0000,3034.8000,3037.0000,3038.0000,3038.4000,3038.6000,3039.0000,3,2,1,2,1,3,2,1,4,2
SF,IH2003,2019-12-20 09:31:19.900,3037.0000,22103,-1,101159160.000,3,1,2,多平,S,3037.4000,3037.2000,3037.0000,3036.8000,3036.6000,3038.0000,3038.4000,3038.6000,3039.0000,3039.4000,1,4,1,1,3,2,1,4,2,1
SF,IH2003,2019-12-20 09:31:20.400,3037.4000,22102,-1,102070380.000,1,0,1,双平,S,3037.2000,3037.0000,3036.8000,3036.6000,3036.4000,3038.0000,3038.4000,3038.6000,3039.0000,3039.4000,4,1,1,2,2,2,1,4,2,1
SF,IH2003,2019-12-20 09:31:20.900,3037.2000,22099,-3,104803860.000,3,0,3,双平,S,3037.0000,3036.8000,3036.6000,3036.4000,3035.6000,3038.0000,3038.4000,3038.6000,3039.0000,3039.4000,1,1,1,2,1,2,1,4,2,1
SF,IH2003,2019-12-20 09:31:21.400,3037.2000,22099,0,104803860.000,0,-,-,-,-,3036.8000,3036.6000,3036.4000,3035.6000,3035.0000,3037.8000,3038.0000,3038.4000,3038.6000,3039.0000,1,1,3,1,1,6,2,1,4,2
SF,IH2003,2019-12-20 09:31:21.900,3036.8000,22098,-1,105714900.000,1,0,1,双平,S,3036.6000,3036.4000,3036.0000,3035.6000,3035.0000,3037.8000,3038.0000,3038.4000,3038.6000,3039.0000,1,3,1,1,1,6,2,1,4,2
SF,IH2003,2019-12-20 09:31:22.400,3036.8000,22098,0,105714900.000,0,-,-,-,-,3036.8000,3036.6000,3036.4000,3036.0000,3035.6000,3037.8000,3038.0000,3038.4000,3038.6000,3039.0000,1,1,3,1,1,1,2,1,4,2
SF,IH2003,2019-12-20 09:31:23.400,3036.8000,22097,-1,106625940.000,1,0,1,双平,S,3036.6000,3036.4000,3036.0000,3035.6000,3035.0000,3037.8000,3038.0000,3038.4000,3038.6000,3039.0000,1,3,1,1,1,1,2,1,4,2
SF,IH2003,2019-12-20 09:31:24.900,3036.8000,22097,0,106625940.000,0,-,-,-,-,3036.8000,3036.6000,3036.4000,3036.0000,3035.6000,3038.0000,3038.4000,3038.6000,3039.0000,3039.4000,1,1,3,1,1,3,1,4,2,1
SF,IH2003,2019-12-20 09:31:25.400,3036.8000,22097,0,106625940.000,0,-,-,-,-,3036.8000,3036.4000,3036.0000,3035.6000,3035.0000,3038.0000,3038.4000,3038.6000,3039.0000,3039.4000,1,3,1,1,3,3,1,4,2,1
SF,IH2003,2019-12-20 09:31:25.900,3036.8000,22097,0,106625940.000,0,-,-,-,-,3036.4000,3036.0000,3035.6000,3035.0000,3034.8000,3036.6000,3037.8000,3038.0000,3038.4000,3038.6000,3,1,1,3,1,1,2,3,1,4
SF,IH2003,2019-12-20 09:31:26.400,3036.6000,22096,-1,107536920.000,1,0,1,双平,S,3036.6000,3036.4000,3036.0000,3035.6000,3035.0000,3036.8000,3037.8000,3038.0000,3038.4000,3038.6000,8,3,1,1,3,1,2,3,1,4
SF,IH2003,2019-12-20 09:31:26.900,3036.8000,22096,0,108447960.000,1,0,1,多换,S,3037.0000,3036.8000,3036.6000,3036.4000,3036.0000,3038.0000,3038.4000,3038.6000,3039.0000,3039.4000,1,4,3,3,1,2,1,4,2,1
SF,IH2003,2019-12-20 09:31:27.400,3036.8000,22096,0,108447960.000,0,-,-,-,-,3037.0000,3036.8000,3036.6000,3036.4000,3036.0000,3038.0000,3038.4000,3038.6000,3039.0000,3039.4000,2,4,3,3,1,2,1,4,2,1
SF,IH2003,2019-12-20 09:31:27.900,3037.0000,22096,0,109359060.000,1,0,1,多换,S,3037.0000,3036.8000,3036.6000,3036.4000,3036.0000,3038.0000,3038.4000,3038.6000,3039.0000,3039.4000,1,4,3,3,1,3,1,4,2,1
SF,IH2003,2019-12-20 09:31:28.400,3037.0000,22096,0,109359060.000,0,-,-,-,-,3037.0000,3036.8000,3036.6000,3036.4000,3036.0000,3037.8000,3038.0000,3038.4000,3038.6000,3039.0000,1,4,3,3,1,1,3,1,4,2
SF,IH2003,2019-12-20 09:31:28.900,3037.0000,22095,-1,110270160.000,1,0,1,双平,S,3036.8000,3036.6000,3036.4000,3036.0000,3035.6000,3037.0000,3037.8000,3038.0000,3038.4000,3038.6000,4,3,3,1,1,2,1,3,1,4
SF,IH2003,2019-12-20 09:31:29.400,3037.0000,22093,-2,112092360.000,2,0,2,双平,S,3037.0000,3036.8000,3036.6000,3036.4000,3036.0000,3038.0000,3038.4000,3038.6000,3039.0000,3039.4000,3,1,3,3,1,3,1,4,2,1
SF,IH2003,2019-12-20 09:31:30.400,3037.0000,22093,0,112092360.000,0,-,-,-,-,3037.0000,3036.8000,3036.6000,3036.4000,3036.0000,3038.0000,3038.4000,3038.6000,3039.0000,3039.4000,4,1,3,3,1,3,1,4,2,1
SF,IH2003,2019-12-20 09:31:31.400,3037.0000,22092,-1,113003460.000,1,0,1,双平,S,3037.0000,3036.8000,3036.6000,3036.4000,3036.0000,3038.0000,3038.4000,3038.6000,3039.0000,3039.4000,3,1,3,3,1,3,1,4,2,1
SF,IH2003,2019-12-20 09:31:31.900,3037.0000,22089,-3,115736760.000,3,0,3,双平,S,3036.8000,3036.6000,3036.4000,3035.6000,3035.0000,3037.8000,3038.0000,3038.4000,3038.6000,3039.0000,1,3,3,1,3,1,3,1,4,2
SF,IH2003,2019-12-20 09:31:32.400,3037.0000,22089,0,115736760.000,0,-,-,-,-,3036.6000,3036.4000,3035.6000,3035.0000,3034.8000,3037.8000,3038.0000,3038.4000,3038.6000,3039.0000,3,3,1,3,1,1,3,1,4,2
SF,IH2003,2019-12-20 09:31:32.900,3037.0000,22089,0,115736760.000,0,-,-,-,-,3036.8000,3036.4000,3035.6000,3035.0000,3034.8000,3037.8000,3038.0000,3038.2000,3038.4000,3038.6000,3,3,1,3,1,1,3,1,1,4
SF,IH2003,2019-12-20 09:31:34.400,3036.8000,22088,-1,116647800.000,1,0,1,双平,S,3036.8000,3036.4000,3035.6000,3035.0000,3034.8000,3037.8000,3038.0000,3038.2000,3038.4000,3038.6000,2,3,1,3,1,1,3,1,1,4
SF,IH2003,2019-12-20 09:31:34.900,3036.8000,22088,0,116647800.000,0,-,-,-,-,3036.8000,3036.4000,3035.6000,3035.0000,3034.8000,3037.8000,3038.0000,3038.2000,3038.4000,3038.6000,3,3,1,3,1,1,3,1,1,4
SF,IH2003,2019-12-20 09:31:35.900,3036.8000,22088,0,116647800.000,0,-,-,-,-,3037.0000,3036.8000,3036.4000,3035.6000,3035.0000,3037.8000,3038.0000,3038.2000,3038.4000,3038.6000,2,1,3,1,3,1,3,1,1,4
SF,IH2003,2019-12-20 09:31:36.400,3036.8000,22086,-2,119380920.000,3,0,3,多平,S,3036.4000,3035.6000,3035.0000,3034.8000,3034.4000,3037.8000,3038.0000,3038.2000,3038.4000,3038.6000,3,1,3,1,4,1,3,1,1,4
SF,IH2003,2019-12-20 09:31:36.900,3036.8000,22086,0,119380920.000,0,-,-,-,-,3036.6000,3036.4000,3035.6000,3035.0000,3034.8000,3037.0000,3037.8000,3038.0000,3038.2000,3038.4000,7,3,1,3,1,5,1,3,1,1
SF,IH2003,2019-12-20 09:31:37.400,3037.8000,22085,-1,124847760.000,6,2,4,多平,S,3037.0000,3036.6000,3036.4000,3035.6000,3035.0000,3038.0000,3038.2000,3038.4000,3038.6000,3039.0000,1,7,2,1,3,3,1,1,4,2
SF,IH2003,2019-12-20 09:31:37.900,3037.8000,22085,0,124847760.000,0,-,-,-,-,3037.0000,3036.6000,3036.4000,3035.6000,3035.0000,3037.8000,3038.0000,3038.2000,3038.4000,3038.6000,1,6,2,1,3,1,3,1,1,4
SF,IH2003,2019-12-20 09:31:38.900,3037.8000,22085,0,124847760.000,0,-,-,-,-,3037.0000,3036.6000,3036.4000,3035.6000,3035.0000,3037.8000,3038.0000,3038.2000,3038.4000,3038.6000,1,6,2,1,3,1,3,1,1,4
SF,IH2003,2019-12-20 09:31:39.900,3037.8000,22085,0,124847760.000,0,-,-,-,-,3037.0000,3036.6000,3036.4000,3035.6000,3035.0000,3037.8000,3038.0000,3038.2000,3038.4000,3038.6000,1,2,2,1,3,1,3,1,1,4
SF,IH2003,2019-12-20 09:31:40.900,3037.8000,22085,0,124847760.000,0,-,-,-,-,3037.0000,3036.6000,3036.4000,3036.0000,3035.6000,3037.8000,3038.0000,3038.2000,3038.4000,3038.6000,1,2,2,1,1,1,3,1,1,4
SF,IH2003,2019-12-20 09:31:41.400,3037.0000,22085,0,125758860.000,1,0,1,多换,S,3036.6000,3036.4000,3036.0000,3035.6000,3035.0000,3037.0000,3037.8000,3038.0000,3038.2000,3038.4000,2,2,1,1,2,2,1,3,1,1
SF,IH2003,2019-12-20 09:31:41.900,3037.0000,22085,0,126669960.000,1,0,1,多换,S,3036.6000,3036.4000,3036.0000,3035.6000,3035.0000,3037.0000,3037.8000,3038.0000,3038.2000,3038.4000,2,2,1,1,2,1,1,3,1,1
SF,IH2003,2019-12-20 09:31:42.400,3037.0000,22085,0,126669960.000,0,-,-,-,-,3036.4000,3036.0000,3035.6000,3035.0000,3034.8000,3037.0000,3037.8000,3038.0000,3038.2000,3038.6000,2,1,1,2,1,1,1,3,1,4
SF,IH2003,2019-12-20 09:31:42.900,3037.0000,22085,0,126669960.000,0,-,-,-,-,3036.4000,3036.0000,3035.6000,3035.0000,3034.8000,3037.0000,3037.6000,3037.8000,3038.0000,3038.2000,2,1,1,2,1,1,1,1,3,1
SF,IH2003,2019-12-20 09:31:44.900,3037.0000,22085,0,126669960.000,0,-,-,-,-,3036.6000,3036.4000,3036.0000,3035.6000,3035.0000,3037.0000,3037.6000,3037.8000,3038.0000,3038.2000,2,2,1,1,2,1,1,1,3,1
SF,IH2003,2019-12-20 09:31:45.400,3037.0000,22085,0,126669960.000,0,-,-,-,-,3036.6000,3036.4000,3036.0000,3035.6000,3035.0000,3037.0000,3037.6000,3037.8000,3038.0000,3038.2000,2,2,1,1,2,1,1,1,3,1
SF,IH2003,2019-12-20 09:31:45.900,3037.0000,22085,0,126669960.000,0,-,-,-,-,3036.6000,3036.4000,3036.0000,3035.6000,3035.0000,3037.0000,3037.8000,3038.0000,3038.2000,3038.4000,2,2,1,1,2,1,1,3,1,2
SF,IH2003,2019-12-20 09:31:46.400,3037.0000,22085,0,126669960.000,0,-,-,-,-,3036.6000,3036.4000,3036.0000,3035.6000,3035.0000,3036.8000,3037.0000,3037.8000,3038.0000,3038.2000,2,2,1,1,2,1,1,1,3,1
SF,IH2003,2019-12-20 09:31:46.900,3037.0000,22085,0,126669960.000,0,-,-,-,-,3036.4000,3036.0000,3035.6000,3035.0000,3034.8000,3036.8000,3037.0000,3037.8000,3038.0000,3038.2000,2,1,1,2,1,1,1,1,3,1
SF,IH2003,2019-12-20 09:31:47.400,3037.0000,22085,0,126669960.000,0,-,-,-,-,3036.6000,3036.4000,3036.0000,3035.6000,3035.0000,3036.8000,3037.0000,3037.8000,3038.0000,3038.2000,4,2,1,1,2,1,1,1,3,1
SF,IH2003,2019-12-20 09:31:47.900,3036.8000,22084,-1,129403140.000,3,1,2,多平,S,3036.4000,3036.0000,3035.6000,3035.0000,3034.8000,3037.6000,3037.8000,3038.0000,3038.2000,3038.4000,2,1,1,2,1,1,1,3,1,2
SF,IH2003,2019-12-20 09:31:48.900,3036.6000,22083,-1,130314120.000,1,0,1,双平,S,3036.6000,3036.4000,3036.0000,3035.6000,3035.0000,3037.4000,3037.6000,3037.8000,3038.0000,3038.2000,3,2,1,1,2,1,1,1,3,1
SF,IH2003,2019-12-20 09:31:49.900,3036.6000,22083,0,130314120.000,0,-,-,-,-,3036.6000,3036.4000,3036.0000,3035.6000,3035.0000,3037.6000,3037.8000,3038.0000,3038.2000,3038.4000,3,2,1,1,2,1,1,3,1,2
SF,IH2003,2019-12-20 09:31:50.900,3036.6000,22083,0,130314120.000,0,-,-,-,-,3036.8000,3036.6000,3036.4000,3036.0000,3035.6000,3037.6000,3037.8000,3038.0000,3038.2000,3038.4000,1,3,2,1,1,1,1,3,1,2
SF,IH2003,2019-12-20 09:31:51.900,3036.6000,22083,0,130314120.000,0,-,-,-,-,3036.6000,3036.4000,3036.0000,3035.6000,3035.0000,3037.6000,3037.8000,3038.0000,3038.2000,3038.4000,3,2,3,1,2,1,1,3,1,2
SF,IH2003,2019-12-20 09:31:52.400,3036.6000,22083,0,130314120.000,0,-,-,-,-,3036.8000,3036.6000,3036.4000,3036.0000,3035.6000,3037.6000,3037.8000,3038.0000,3038.2000,3038.4000,1,3,2,3,1,1,1,3,1,2
SF,IH2003,2019-12-20 09:31:52.900,3036.6000,22083,0,130314120.000,0,-,-,-,-,3036.8000,3036.6000,3036.4000,3036.0000,3035.6000,3037.6000,3037.8000,3038.0000,3038.2000,3038.4000,1,3,2,3,1,1,1,3,1,1
SF,IH2003,2019-12-20 09:31:53.400,3036.6000,22083,0,130314120.000,0,-,-,-,-,3036.6000,3036.4000,3036.0000,3035.6000,3035.0000,3037.6000,3037.8000,3038.0000,3038.2000,3038.4000,3,2,3,1,2,1,1,3,1,1
SF,IH2003,2019-12-20 09:31:53.900,3036.6000,22083,0,130314120.000,0,-,-,-,-,3036.8000,3036.6000,3036.4000,3036.0000,3035.6000,3037.6000,3037.8000,3038.0000,3038.2000,3038.4000,1,3,2,3,1,1,1,3,1,1
SF,IH2003,2019-12-20 09:31:54.400,3036.6000,22083,0,130314120.000,0,-,-,-,-,3036.8000,3036.6000,3036.4000,3036.0000,3035.6000,3037.6000,3037.8000,3038.0000,3038.2000,3038.4000,1,2,2,3,1,1,1,3,1,1
SF,IH2003,2019-12-20 09:31:54.900,3036.6000,22083,0,130314120.000,0,-,-,-,-,3036.4000,3036.0000,3035.6000,3035.0000,3034.8000,3037.6000,3037.8000,3038.0000,3038.2000,3038.4000,2,3,1,2,1,1,1,3,1,1
SF,IH2003,2019-12-20 09:31:55.400,3036.6000,22083,0,130314120.000,0,-,-,-,-,3036.4000,3036.0000,3035.6000,3035.0000,3034.8000,3037.4000,3037.6000,3038.0000,3038.2000,3038.4000,2,3,1,2,1,1,1,3,1,1
SF,IH2003,2019-12-20 09:31:56.400,3036.6000,22083,0,130314120.000,0,-,-,-,-,3036.6000,3036.4000,3036.0000,3035.6000,3035.0000,3037.6000,3038.0000,3038.2000,3038.4000,3038.6000,1,2,3,1,2,1,3,1,1,4
SF,IH2003,2019-12-20 09:31:56.900,3036.6000,22083,0,130314120.000,0,-,-,-,-,3037.4000,3036.6000,3036.4000,3036.0000,3035.6000,3037.6000,3038.0000,3038.2000,3038.4000,3038.6000,2,1,2,3,1,1,3,1,1,4
SF,IH2003,2019-12-20 09:31:57.400,3037.4000,22083,0,132136560.000,2,1,1,多换,S,3036.4000,3036.0000,3035.6000,3035.0000,3034.8000,3037.4000,3037.6000,3038.0000,3038.2000,3038.4000,2,3,1,2,1,6,1,3,1,1
SF,IH2003,2019-12-20 09:31:57.900,3037.4000,22083,0,132136560.000,0,-,-,-,-,3036.4000,3036.0000,3035.6000,3035.0000,3034.8000,3037.4000,3037.6000,3038.0000,3038.2000,3038.4000,2,3,1,2,1,3,1,3,1,1
SF,IH2003,2019-12-20 09:31:58.900,3037.4000,22083,0,132136560.000,0,-,-,-,-,3036.6000,3036.4000,3036.0000,3035.6000,3035.0000,3037.4000,3037.6000,3038.0000,3038.2000,3038.4000,3,2,3,1,2,3,1,3,1,1
SF,IH2003,2019-12-20 09:31:59.900,3037.4000,22083,0,132136560.000,0,-,-,-,-,3036.4000,3036.0000,3035.6000,3035.0000,3034.8000,3037.4000,3037.6000,3038.0000,3038.2000,3038.4000,2,3,1,2,1,3,1,3,1,1
SF,IH2003,2019-12-20 09:32:00.900,3037.4000,22083,0,132136560.000,0,-,-,-,-,3036.4000,3036.0000,3035.6000,3035.0000,3034.8000,3037.2000,3037.4000,3037.6000,3038.0000,3038.2000,2,3,1,2,1,2,3,1,3,1
SF,IH2003,2019-12-20 09:32:01.400,3037.4000,22083,0,132136560.000,0,-,-,-,-,3036.6000,3036.4000,3036.0000,3035.6000,3035.0000,3037.2000,3037.4000,3037.6000,3038.0000,3038.2000,3,2,3,1,2,2,3,1,4,1
SF,IH2003,2019-12-20 09:32:01.900,3037.4000,22083,0,132136560.000,0,-,-,-,-,3036.6000,3036.4000,3036.0000,3035.6000,3035.0000,3037.4000,3037.6000,3038.0000,3038.2000,3038.4000,3,3,3,1,2,4,1,4,1,1
SF,IH2003,2019-12-20 09:32:03.900,3036.6000,22082,-1,133047540.000,1,0,1,双平,S,3036.6000,3036.4000,3036.0000,3035.6000,3035.0000,3037.4000,3037.6000,3038.0000,3038.2000,3038.4000,2,3,3,1,2,4,1,4,1,1
SF,IH2003,2019-12-20 09:32:04.400,3036.6000,22082,0,133047540.000,0,-,-,-,-,3036.6000,3036.4000,3036.0000,3035.6000,3035.0000,3037.2000,3037.4000,3037.6000,3038.0000,3038.2000,2,3,3,1,2,1,4,1,4,1
SF,IH2003,2019-12-20 09:32:04.900,3037.4000,22080,-2,134869920.000,2,0,2,双平,S,3036.6000,3036.4000,3036.0000,3035.6000,3035.0000,3037.4000,3037.6000,3038.0000,3038.2000,3038.4000,2,3,3,1,2,4,1,4,1,1
SF,IH2003,2019-12-20 09:32:05.400,3036.6000,22079,-1,135780900.000,1,0,1,双平,S,3036.6000,3036.4000,3036.0000,3035.6000,3035.0000,3037.4000,3037.6000,3038.0000,3038.2000,3038.4000,1,3,3,1,2,4,1,4,1,1
SF,IH2003,2019-12-20 09:32:05.900,3037.2000,22079,0,137603220.000,2,1,1,多换,S,3036.6000,3036.4000,3036.0000,3035.6000,3035.0000,3037.4000,3037.6000,3038.0000,3038.2000,3038.4000,1,3,3,1,2,3,1,4,1,1
SF,IH2003,2019-12-20 09:32:07.900,3036.6000,22079,0,138514200.000,1,0,1,多换,S,3036.4000,3036.0000,3035.6000,3035.0000,3034.8000,3036.6000,3037.4000,3037.6000,3038.0000,3038.2000,3,3,1,2,1,1,3,1,4,1
SF,IH2003,2019-12-20 09:32:08.400,3036.6000,22079,0,139425180.000,1,0,1,多换,S,3036.6000,3036.4000,3036.0000,3035.6000,3035.0000,3037.4000,3037.6000,3038.0000,3038.2000,3038.4000,1,3,3,1,2,3,1,4,1,1
SF,IH2003,2019-12-20 09:32:08.900,3036.6000,22079,0,139425180.000,0,-,-,-,-,3036.4000,3036.0000,3035.6000,3035.0000,3034.8000,3037.4000,3037.6000,3038.0000,3038.2000,3038.4000,3,3,1,2,1,3,1,4,1,1
SF,IH2003,2019-12-20 09:32:12.400,3036.6000,22079,0,139425180.000,0,-,-,-,-,3036.4000,3036.0000,3035.6000,3035.0000,3034.8000,3037.0000,3037.4000,3037.6000,3038.0000,3038.2000,3,3,1,2,1,1,3,1,4,1
SF,IH2003,2019-12-20 09:32:13.400,3037.4000,22079,0,141247500.000,2,1,1,多换,S,3036.4000,3036.0000,3035.6000,3035.0000,3034.8000,3037.4000,3037.6000,3038.0000,3038.2000,3038.4000,3,3,1,2,1,2,1,4,1,1
SF,IH2003,2019-12-20 09:32:13.900,3037.4000,22079,0,141247500.000,0,-,-,-,-,3036.6000,3036.4000,3036.0000,3035.6000,3035.0000,3037.4000,3037.6000,3038.0000,3038.4000,3038.6000,1,3,3,1,2,2,1,4,1,4
SF,IH2003,2019-12-20 09:32:14.400,3037.4000,22079,0,141247500.000,0,-,-,-,-,3036.6000,3036.4000,3036.0000,3035.6000,3035.0000,3037.4000,3037.6000,3038.0000,3038.4000,3038.6000,1,3,3,1,2,2,1,4,1,4
SF,IH2003,2019-12-20 09:32:14.900,3037.4000,22079,0,141247500.000,0,-,-,-,-,3036.4000,3036.0000,3035.6000,3035.0000,3034.8000,3037.4000,3037.6000,3038.0000,3038.4000,3038.6000,3,3,1,2,1,2,1,4,1,4
SF,IH2003,2019-12-20 09:32:15.400,3037.4000,22079,0,141247500.000,0,-,-,-,-,3036.6000,3036.4000,3036.0000,3035.6000,3035.0000,3037.4000,3037.6000,3038.0000,3038.4000,3038.6000,1,3,3,1,2,2,1,4,1,4
SF,IH2003,2019-12-20 09:32:16.400,3037.4000,22079,0,141247500.000,0,-,-,-,-,3036.4000,3036.0000,3035.6000,3035.0000,3034.8000,3037.4000,3037.6000,3038.0000,3038.4000,3038.6000,3,3,1,2,1,2,1,4,1,4
SF,IH2003,2019-12-20 09:32:16.900,3037.4000,22079,0,141247500.000,0,-,-,-,-,3036.6000,3036.4000,3036.0000,3035.6000,3035.0000,3037.4000,3037.6000,3038.0000,3038.4000,3038.6000,1,3,3,1,2,2,1,4,1,4
SF,IH2003,2019-12-20 09:32:17.900,3037.4000,22079,0,141247500.000,0,-,-,-,-,3036.4000,3036.0000,3035.6000,3035.0000,3034.8000,3037.4000,3037.6000,3038.0000,3038.4000,3038.6000,3,3,1,2,1,2,1,4,1,4
SF,IH2003,2019-12-20 09:32:18.900,3037.4000,22079,0,141247500.000,0,-,-,-,-,3036.6000,3036.4000,3036.0000,3035.6000,3035.0000,3037.4000,3037.6000,3038.0000,3038.4000,3038.6000,1,3,3,1,2,2,1,4,1,4
SF,IH2003,2019-12-20 09:32:19.900,3037.4000,22080,1,142158720.000,1,1,0,双开,S,3036.4000,3036.0000,3035.6000,3035.0000,3034.8000,3037.4000,3037.6000,3038.0000,3038.4000,3038.6000,3,3,1,2,1,2,1,4,1,4
SF,IH2003,2019-12-20 09:32:21.400,3037.4000,22080,0,142158720.000,0,-,-,-,-,3036.6000,3036.4000,3036.0000,3035.6000,3035.0000,3037.4000,3037.6000,3038.0000,3038.4000,3038.6000,1,3,3,1,2,2,1,4,1,4
SF,IH2003,2019-12-20 09:32:21.900,3036.6000,22079,-1,143069700.000,1,0,1,双平,S,3036.4000,3036.0000,3035.6000,3035.0000,3034.8000,3037.4000,3037.6000,3038.0000,3038.4000,3038.6000,3,3,1,2,1,2,1,4,1,4
SF,IH2003,2019-12-20 09:32:24.900,3036.6000,22079,0,143069700.000,0,-,-,-,-,3036.4000,3036.0000,3035.6000,3035.0000,3034.8000,3037.4000,3037.6000,3038.0000,3038.4000,3038.6000,3,3,1,2,1,2,1,4,1,4
SF,IH2003,2019-12-20 09:32:26.400,3036.6000,22079,0,143069700.000,0,-,-,-,-,3036.4000,3036.0000,3035.6000,3035.0000,3034.8000,3037.4000,3037.6000,3038.0000,3038.4000,3038.6000,3,3,1,2,1,3,1,4,1,4
SF,IH2003,2019-12-20 09:32:26.900,3037.4000,22078,-1,143980920.000,1,0,1,双平,S,3036.4000,3036.0000,3035.6000,3035.0000,3034.8000,3037.4000,3037.6000,3038.0000,3038.4000,3038.6000,4,3,1,2,1,2,1,4,1,4
SF,IH2003,2019-12-20 09:32:31.400,3037.4000,22078,0,143980920.000,0,-,-,-,-,3036.4000,3036.0000,3035.6000,3035.0000,3034.8000,3037.4000,3037.6000,3038.0000,3038.4000,3038.6000,4,3,1,2,1,2,1,4,1,4
SF,IH2003,2019-12-20 09:32:33.400,3036.4000,22079,1,144891840.000,1,1,0,双开,S,3036.4000,3036.0000,3035.6000,3035.0000,3034.8000,3037.4000,3037.6000,3038.0000,3038.4000,3038.6000,3,3,1,2,1,2,1,4,1,4
SF,IH2003,2019-12-20 09:32:33.900,3036.4000,22081,2,147624600.000,3,2,1,空开,S,3036.0000,3035.6000,3035.0000,3034.8000,3034.4000,3036.4000,3037.4000,3037.6000,3038.0000,3038.4000,3,1,2,1,4,1,3,1,4,1
SF,IH2003,2019-12-20 09:32:34.400,3036.4000,22081,0,148535520.000,1,0,1,多换,S,3036.0000,3035.6000,3035.0000,3034.8000,3034.4000,3037.4000,3037.6000,3038.0000,3038.4000,3038.6000,3,1,2,1,4,3,1,4,1,4
SF,IH2003,2019-12-20 09:32:34.900,3036.4000,22081,0,148535520.000,0,-,-,-,-,3036.0000,3035.6000,3035.0000,3034.8000,3034.4000,3037.4000,3037.6000,3038.0000,3038.4000,3038.6000,3,1,2,1,4,3,1,4,1,4
SF,IH2003,2019-12-20 09:32:35.400,3036.4000,22081,0,148535520.000,0,-,-,-,-,3036.0000,3035.6000,3035.0000,3034.8000,3034.4000,3037.2000,3037.4000,3037.6000,3038.0000,3038.4000,3,1,2,1,4,2,3,1,4,1
SF,IH2003,2019-12-20 09:32:35.900,3036.4000,22081,0,148535520.000,0,-,-,-,-,3036.0000,3035.6000,3035.0000,3034.8000,3034.4000,3037.0000,3037.2000,3037.4000,3037.6000,3038.0000,3,1,2,1,4,4,2,2,1,4
SF,IH2003,2019-12-20 09:32:36.400,3036.0000,22081,0,149446320.000,1,0,1,多换,S,3036.0000,3035.6000,3035.0000,3034.8000,3034.4000,3036.8000,3037.0000,3037.2000,3037.4000,3037.6000,2,1,2,1,4,2,4,2,2,1
SF,IH2003,2019-12-20 09:32:36.900,3036.0000,22081,0,149446320.000,0,-,-,-,-,3036.0000,3035.6000,3035.0000,3034.8000,3034.4000,3037.2000,3037.4000,3037.6000,3038.0000,3038.4000,2,1,2,1,4,2,1,1,4,1
SF,IH2003,2019-12-20 09:32:37.400,3036.0000,22081,0,149446320.000,0,-,-,-,-,3036.0000,3035.6000,3035.0000,3034.8000,3034.4000,3037.0000,3037.2000,3037.4000,3037.6000,3038.0000,2,1,2,1,4,3,2,1,1,4
SF,IH2003,2019-12-20 09:32:37.900,3036.0000,22081,0,149446320.000,0,-,-,-,-,3036.0000,3035.6000,3035.0000,3034.8000,3034.4000,3037.0000,3037.2000,3037.4000,3037.6000,3038.0000,2,1,2,1,4,3,2,1,1,4
SF,IH2003,2019-12-20 09:32:38.400,3036.0000,22079,-2,151267920.000,2,0,2,双平,S,3035.6000,3035.0000,3034.8000,3034.4000,3034.0000,3036.8000,3037.0000,3037.2000,3037.4000,3037.6000,1,2,1,4,1,1,2,2,1,1
SF,IH2003,2019-12-20 09:32:38.900,3036.0000,22079,0,151267920.000,0,-,-,-,-,3035.6000,3035.0000,3034.8000,3034.4000,3034.0000,3036.6000,3036.8000,3037.0000,3037.2000,3037.4000,1,2,1,4,1,2,1,2,2,1
SF,IH2003,2019-12-20 09:32:39.400,3036.0000,22079,0,151267920.000,0,-,-,-,-,3035.6000,3035.0000,3034.8000,3034.4000,3034.0000,3036.6000,3036.8000,3037.2000,3037.4000,3037.6000,1,2,1,4,1,2,1,2,1,1
SF,IH2003,2019-12-20 09:32:40.900,3036.0000,22079,0,151267920.000,0,-,-,-,-,3035.6000,3035.0000,3034.8000,3034.4000,3034.0000,3036.6000,3036.8000,3037.2000,3037.4000,3037.6000,1,2,1,4,1,2,1,2,1,1
SF,IH2003,2019-12-20 09:32:41.900,3036.6000,22077,-2,153089880.000,2,0,2,双平,S,3035.6000,3035.0000,3034.8000,3034.4000,3034.0000,3036.4000,3036.8000,3037.2000,3037.4000,3037.6000,1,12,1,4,1,1,1,2,1,1
SF,IH2003,2019-12-20 09:32:42.400,3036.6000,22077,0,154000860.000,1,0,1,多换,S,3035.6000,3035.0000,3034.8000,3034.4000,3034.0000,3036.8000,3037.2000,3037.4000,3037.6000,3038.0000,1,12,1,4,1,1,2,1,1,4
SF,IH2003,2019-12-20 09:32:42.900,3036.6000,22077,0,154000860.000,0,-,-,-,-,3035.6000,3035.0000,3034.8000,3034.4000,3034.0000,3036.6000,3036.8000,3037.2000,3037.4000,3037.6000,1,12,1,4,1,1,1,2,1,1
SF,IH2003,2019-12-20 09:32:43.900,3036.6000,22077,0,154000860.000,0,-,-,-,-,3036.0000,3035.8000,3035.6000,3035.0000,3034.8000,3036.6000,3036.8000,3037.2000,3037.4000,3037.6000,1,2,1,12,1,1,1,2,1,1
SF,IH2003,2019-12-20 09:32:44.400,3036.6000,22077,0,154000860.000,0,-,-,-,-,3036.0000,3035.8000,3035.6000,3035.0000,3034.8000,3036.8000,3037.4000,3037.6000,3038.0000,3038.4000,1,1,2,12,1,1,1,1,4,1
SF,IH2003,2019-12-20 09:32:44.900,3036.6000,22077,0,154000860.000,0,-,-,-,-,3036.0000,3035.6000,3035.0000,3034.8000,3034.4000,3036.8000,3037.4000,3037.6000,3038.0000,3038.4000,1,2,12,1,4,1,1,1,4,1
SF,IH2003,2019-12-20 09:32:50.900,3036.6000,22077,0,154000860.000,0,-,-,-,-,3036.0000,3035.6000,3035.0000,3034.8000,3034.4000,3036.8000,3037.4000,3037.6000,3038.0000,3038.4000,1,2,12,1,4,1,1,1,4,1
SF,IH2003,2019-12-20 09:32:51.400,3036.6000,22077,0,154000860.000,0,-,-,-,-,3036.0000,3035.6000,3035.0000,3034.8000,3034.4000,3036.8000,3037.4000,3037.6000,3038.0000,3038.4000,2,2,12,1,4,1,1,1,4,1
SF,IH2003,2019-12-20 09:32:53.400,3036.6000,22077,0,154000860.000,0,-,-,-,-,3036.0000,3035.6000,3035.0000,3034.8000,3034.4000,3036.8000,3037.4000,3037.6000,3038.0000,3038.4000,2,2,12,1,4,1,1,1,4,1
SF,IH2003,2019-12-20 09:32:53.900,3036.6000,22077,0,154000860.000,0,-,-,-,-,3036.0000,3035.6000,3035.0000,3034.8000,3034.4000,3036.8000,3037.4000,3037.6000,3038.0000,3038.4000,2,2,12,1,4,1,1,1,4,1
SF,IH2003,2019-12-20 09:32:55.900,3036.6000,22077,0,154000860.000,0,-,-,-,-,3036.0000,3035.6000,3035.0000,3034.8000,3034.4000,3036.8000,3037.4000,3037.6000,3038.0000,3038.4000,2,2,12,1,4,1,1,1,5,1
SF,IH2003,2019-12-20 09:32:57.400,3036.6000,22077,0,154000860.000,0,-,-,-,-,3036.0000,3035.6000,3035.0000,3034.8000,3034.4000,3036.8000,3037.4000,3037.6000,3038.0000,3038.4000,2,2,12,1,4,1,1,1,5,1
SF,IH2003,2019-12-20 09:32:59.900,3036.6000,22077,0,154000860.000,0,-,-,-,-,3036.0000,3035.6000,3035.0000,3034.8000,3034.4000,3036.8000,3037.4000,3037.6000,3038.0000,3038.4000,3,2,12,1,4,1,1,1,5,1
SF,IH2003,2019-12-20 09:33:00.900,3036.8000,22077,0,154911900.000,1,0,1,多换,S,3036.0000,3035.6000,3035.0000,3034.8000,3034.4000,3037.4000,3037.6000,3038.0000,3038.4000,3038.6000,3,2,12,1,4,1,1,5,1,4
SF,IH2003,2019-12-20 09:33:01.400,3036.8000,22077,0,154911900.000,0,-,-,-,-,3036.0000,3035.6000,3035.0000,3034.8000,3034.4000,3037.2000,3037.4000,3037.6000,3038.0000,3038.4000,3,2,12,1,4,14,1,1,5,4
SF,IH2003,2019-12-20 09:33:01.900,3036.8000,22077,0,154911900.000,0,-,-,-,-,3036.2000,3036.0000,3035.6000,3035.0000,3034.8000,3037.2000,3037.4000,3037.6000,3038.0000,3038.4000,1,3,2,12,1,13,1,1,5,4
SF,IH2003,2019-12-20 09:33:04.400,3036.2000,22076,-1,155822760.000,1,0,1,双平,S,3036.0000,3035.6000,3035.0000,3034.8000,3034.4000,3037.2000,3037.4000,3037.6000,3038.0000,3038.4000,3,2,12,1,4,13,1,1,5,4
SF,IH2003,2019-12-20 09:33:05.400,3036.2000,22076,0,155822760.000,0,-,-,-,-,3036.0000,3035.6000,3035.0000,3034.8000,3034.4000,3037.0000,3037.2000,3037.4000,3037.6000,3038.0000,3,2,12,1,4,1,13,1,1,5
SF,IH2003,2019-12-20 09:33:05.900,3036.0000,22075,-1,158555160.000,3,1,2,多平,S,3035.6000,3035.0000,3034.8000,3034.4000,3034.0000,3037.0000,3037.2000,3037.4000,3037.6000,3038.0000,2,12,1,4,1,2,12,1,1,5
SF,IH2003,2019-12-20 09:33:06.400,3036.8000,22074,-1,160377240.000,2,0,2,多平,S,3035.6000,3035.0000,3034.8000,3034.4000,3034.0000,3036.8000,3037.0000,3037.2000,3037.4000,3037.6000,2,12,1,4,1,2,2,12,1,1
SF,IH2003,2019-12-20 09:33:06.900,3036.8000,22074,0,160377240.000,0,-,-,-,-,3035.8000,3035.6000,3035.0000,3034.8000,3034.4000,3036.8000,3037.0000,3037.2000,3037.4000,3037.6000,3,2,12,1,4,1,1,4,1,1
SF,IH2003,2019-12-20 09:33:07.400,3036.8000,22074,0,160377240.000,0,-,-,-,-,3035.8000,3035.6000,3035.0000,3034.8000,3034.4000,3036.8000,3037.0000,3037.2000,3037.4000,3037.6000,3,2,12,1,4,1,1,4,1,1
SF,IH2003,2019-12-20 09:33:07.900,3036.8000,22074,0,160377240.000,0,-,-,-,-,3035.8000,3035.6000,3035.0000,3034.8000,3034.4000,3036.6000,3037.0000,3037.2000,3037.4000,3037.6000,2,2,12,1,4,1,1,4,1,1
SF,IH2003,2019-12-20 09:33:08.400,3036.8000,22074,0,160377240.000,0,-,-,-,-,3035.8000,3035.6000,3035.0000,3034.8000,3034.4000,3036.6000,3037.0000,3037.2000,3037.4000,3037.6000,2,2,12,1,4,1,1,4,1,1
SF,IH2003,2019-12-20 09:33:10.400,3036.8000,22074,0,160377240.000,0,-,-,-,-,3035.8000,3035.6000,3035.0000,3034.8000,3034.4000,3036.6000,3037.2000,3037.4000,3037.6000,3038.0000,2,2,12,1,4,1,4,1,1,5
SF,IH2003,2019-12-20 09:33:10.900,3036.8000,22074,0,160377240.000,0,-,-,-,-,3035.6000,3035.0000,3034.8000,3034.4000,3034.0000,3036.6000,3037.2000,3037.4000,3037.6000,3038.0000,2,12,1,4,1,1,4,1,1,5
SF,IH2003,2019-12-20 09:33:13.900,3036.6000,22073,-1,161288220.000,1,0,1,双平,S,3035.6000,3035.0000,3034.8000,3034.4000,3034.0000,3037.2000,3037.4000,3037.6000,3038.0000,3038.4000,2,12,1,4,1,4,1,1,5,1
SF,IH2003,2019-12-20 09:33:14.400,3036.6000,22073,0,161288220.000,0,-,-,-,-,3035.6000,3035.0000,3034.8000,3034.4000,3034.0000,3036.8000,3037.0000,3037.2000,3037.4000,3037.6000,2,12,1,4,1,5,6,4,1,1
SF,IH2003,2019-12-20 09:33:14.900,3036.6000,22073,0,161288220.000,0,-,-,-,-,3035.6000,3035.0000,3034.8000,3034.4000,3034.0000,3036.8000,3037.0000,3037.2000,3037.4000,3037.6000,2,12,1,4,1,5,4,4,1,1
SF,IH2003,2019-12-20 09:33:15.400,3036.6000,22073,0,161288220.000,0,-,-,-,-,3035.6000,3035.0000,3034.8000,3034.4000,3034.0000,3036.6000,3036.8000,3037.0000,3037.2000,3037.4000,2,12,1,4,1,3,5,4,4,1
SF,IH2003,2019-12-20 09:33:15.900,3035.6000,22073,0,162198900.000,1,0,1,多换,S,3035.6000,3035.0000,3034.8000,3034.4000,3034.0000,3036.6000,3036.8000,3037.0000,3037.2000,3037.4000,1,12,1,4,1,3,5,4,4,1
SF,IH2003,2019-12-20 09:33:16.400,3035.6000,22073,0,163109580.000,1,0,1,多换,S,3035.0000,3034.8000,3034.4000,3034.0000,3032.0000,3036.6000,3036.8000,3037.0000,3037.2000,3037.4000,12,1,4,1,1,3,5,4,4,1
SF,IH2003,2019-12-20 09:33:16.900,3035.6000,22073,0,163109580.000,0,-,-,-,-,3035.2000,3035.0000,3034.8000,3034.4000,3034.0000,3036.6000,3036.8000,3037.0000,3037.2000,3037.4000,1,12,1,4,1,3,5,4,4,1
SF,IH2003,2019-12-20 09:33:17.400,3035.6000,22073,0,163109580.000,0,-,-,-,-,3035.0000,3034.8000,3034.4000,3034.0000,3032.0000,3036.6000,3036.8000,3037.0000,3037.2000,3037.4000,12,1,4,1,1,3,5,4,4,1
SF,IH2003,2019-12-20 09:33:17.900,3036.6000,22073,0,164020560.000,1,0,1,多换,S,3035.2000,3035.0000,3034.8000,3034.4000,3034.0000,3036.6000,3037.0000,3037.2000,3037.4000,3037.6000,5,12,1,4,1,2,4,4,1,1
SF,IH2003,2019-12-20 09:33:18.400,3036.6000,22073,0,164020560.000,0,-,-,-,-,3035.4000,3035.2000,3035.0000,3034.8000,3034.4000,3037.0000,3037.2000,3037.4000,3037.6000,3038.0000,1,5,12,1,4,1,4,1,1,5
SF,IH2003,2019-12-20 09:33:18.900,3036.6000,22073,0,164020560.000,0,-,-,-,-,3035.6000,3035.4000,3035.2000,3035.0000,3034.8000,3036.8000,3037.0000,3037.2000,3037.4000,3037.6000,1,1,4,12,1,1,1,4,1,1
SF,IH2003,2019-12-20 09:33:19.400,3036.6000,22073,0,164020560.000,0,-,-,-,-,3035.6000,3035.2000,3035.0000,3034.8000,3034.4000,3036.6000,3036.8000,3037.0000,3037.2000,3037.4000,1,4,12,1,4,1,1,1,4,1
SF,IH2003,2019-12-20 09:33:19.900,3036.6000,22073,0,164020560.000,0,-,-,-,-,3035.6000,3035.2000,3035.0000,3034.8000,3034.4000,3036.6000,3036.8000,3037.0000,3037.2000,3037.4000,1,4,12,1,4,1,1,1,4,1
SF,IH2003,2019-12-20 09:33:21.400,3036.6000,22073,0,164020560.000,0,-,-,-,-,3035.6000,3035.2000,3035.0000,3034.8000,3034.4000,3036.6000,3036.8000,3037.2000,3037.4000,3037.6000,1,4,12,1,4,1,1,4,1,1
SF,IH2003,2019-12-20 09:33:23.900,3036.6000,22073,0,164931540.000,1,0,1,多换,S,3035.6000,3035.2000,3035.0000,3034.8000,3034.4000,3036.8000,3037.2000,3037.4000,3037.6000,3038.0000,1,4,12,1,2,1,4,1,1,5
SF,IH2003,2019-12-20 09:33:24.400,3036.6000,22073,0,164931540.000,0,-,-,-,-,3035.2000,3035.0000,3034.8000,3034.4000,3034.0000,3036.0000,3036.6000,3036.8000,3037.2000,3037.4000,4,12,1,2,1,1,1,1,4,1
SF,IH2003,2019-12-20 09:33:24.900,3036.0000,22072,-1,165842340.000,1,0,1,双平,S,3035.4000,3035.2000,3035.0000,3034.8000,3034.4000,3036.6000,3036.8000,3037.2000,3037.4000,3037.6000,2,4,12,1,2,1,1,4,1,1
SF,IH2003,2019-12-20 09:33:25.400,3036.0000,22072,0,165842340.000,0,-,-,-,-,3035.6000,3035.4000,3035.2000,3035.0000,3034.8000,3036.8000,3037.2000,3037.4000,3037.6000,3038.0000,1,2,4,12,1,1,4,1,1,5
SF,IH2003,2019-12-20 09:33:25.900,3036.0000,22072,0,165842340.000,0,-,-,-,-,3035.8000,3035.6000,3035.4000,3035.2000,3035.0000,3036.8000,3037.2000,3037.4000,3037.6000,3038.0000,1,2,1,4,12,1,4,1,1,5
SF,IH2003,2019-12-20 09:33:26.400,3036.0000,22072,0,165842340.000,0,-,-,-,-,3035.8000,3035.6000,3035.4000,3035.2000,3035.0000,3036.8000,3037.2000,3037.4000,3037.6000,3038.0000,1,1,1,4,12,1,4,1,1,5
SF,IH2003,2019-12-20 09:33:29.900,3036.0000,22072,0,165842340.000,0,-,-,-,-,3036.0000,3035.8000,3035.6000,3035.4000,3035.2000,3036.8000,3037.2000,3037.4000,3037.6000,3038.0000,1,1,1,1,4,1,4,1,1,5
SF,IH2003,2019-12-20 09:33:30.400,3036.0000,22072,0,165842340.000,0,-,-,-,-,3036.0000,3035.8000,3035.4000,3035.2000,3035.0000,3036.8000,3037.2000,3037.4000,3037.6000,3038.0000,1,1,1,4,12,1,4,1,1,5
SF,IH2003,2019-12-20 09:33:31.900,3036.0000,22072,0,165842340.000,0,-,-,-,-,3036.0000,3035.8000,3035.4000,3035.2000,3035.0000,3036.8000,3037.2000,3037.4000,3037.6000,3038.0000,1,1,1,4,12,1,4,1,1,5
SF,IH2003,2019-12-20 09:33:32.900,3036.0000,22072,0,165842340.000,0,-,-,-,-,3036.0000,3035.8000,3035.4000,3035.2000,3035.0000,3036.8000,3037.2000,3037.4000,3037.6000,3038.0000,1,1,1,4,12,1,4,1,1,5
SF,IH2003,2019-12-20 09:33:33.400,3036.8000,22073,1,166753380.000,1,1,0,双开,S,3036.8000,3036.0000,3035.8000,3035.4000,3035.2000,3037.2000,3037.4000,3037.6000,3038.0000,3038.4000,1,1,1,1,4,2,1,1,5,1
SF,IH2003,2019-12-20 09:33:33.900,3036.0000,22072,-1,168575220.000,2,0,2,多平,S,3035.8000,3035.4000,3035.2000,3035.0000,3034.8000,3036.0000,3036.6000,3036.8000,3037.2000,3037.4000,1,1,4,12,1,2,1,6,2,1
SF,IH2003,2019-12-20 09:33:34.400,3036.0000,22070,-2,170396820.000,2,0,2,双平,S,3036.2000,3036.0000,3035.8000,3035.4000,3035.2000,3036.6000,3036.8000,3037.2000,3037.4000,3037.6000,2,3,1,1,4,1,2,2,1,1
SF,IH2003,2019-12-20 09:33:34.900,3036.6000,22070,0,171307800.000,1,0,1,多换,S,3036.2000,3036.0000,3035.8000,3035.4000,3035.2000,3036.8000,3037.2000,3037.4000,3037.6000,3038.0000,2,2,1,1,4,2,2,1,1,5
SF,IH2003,2019-12-20 09:33:35.400,3036.6000,22070,0,171307800.000,0,-,-,-,-,3036.2000,3036.0000,3035.8000,3035.4000,3035.2000,3036.8000,3037.2000,3037.4000,3037.6000,3038.0000,2,2,1,1,4,1,2,1,1,5
SF,IH2003,2019-12-20 09:33:35.900,3036.6000,22070,0,171307800.000,0,-,-,-,-,3036.2000,3036.0000,3035.8000,3035.4000,3035.2000,3036.8000,3037.2000,3037.4000,3037.6000,3038.0000,2,2,1,1,4,1,2,1,1,5
SF,IH2003,2019-12-20 09:33:36.400,3036.6000,22070,0,171307800.000,0,-,-,-,-,3036.2000,3036.0000,3035.8000,3035.4000,3035.2000,3036.8000,3037.2000,3037.4000,3037.6000,3038.0000,2,2,1,1,4,1,2,1,1,5
SF,IH2003,2019-12-20 09:33:36.900,3037.2000,22070,0,173130120.000,2,1,1,多换,S,3036.8000,3036.4000,3036.2000,3036.0000,3035.8000,3037.4000,3037.6000,3038.0000,3038.4000,3038.6000,2,1,2,2,1,1,1,5,1,4
SF,IH2003,2019-12-20 09:33:37.400,3037.0000,22069,-1,174952440.000,2,0,2,多平,S,3036.8000,3036.4000,3036.2000,3036.0000,3035.4000,3037.6000,3038.0000,3038.4000,3038.6000,3039.0000,1,1,2,4,1,1,5,1,4,1
SF,IH2003,2019-12-20 09:33:37.900,3037.0000,22069,0,174952440.000,0,-,-,-,-,3037.0000,3036.8000,3036.2000,3036.0000,3035.4000,3037.6000,3038.0000,3038.4000,3038.6000,3039.0000,1,1,2,4,1,1,5,1,4,1
SF,IH2003,2019-12-20 09:33:38.900,3037.0000,22069,0,174952440.000,0,-,-,-,-,3037.0000,3036.8000,3036.2000,3036.0000,3035.4000,3037.6000,3038.0000,3038.4000,3038.6000,3039.0000,1,1,2,4,1,1,7,1,4,1
SF,IH2003,2019-12-20 09:33:39.400,3037.0000,22069,0,174952440.000,0,-,-,-,-,3037.0000,3036.8000,3036.2000,3036.0000,3035.4000,3037.6000,3038.0000,3038.4000,3038.6000,3039.0000,1,1,2,4,1,1,7,1,4,1
SF,IH2003,2019-12-20 09:33:40.400,3037.0000,22069,0,174952440.000,0,-,-,-,-,3037.0000,3036.8000,3036.2000,3036.0000,3035.4000,3037.6000,3038.0000,3038.4000,3038.6000,3039.0000,1,1,2,4,1,1,7,1,4,1
SF,IH2003,2019-12-20 09:33:40.900,3037.0000,22069,0,174952440.000,0,-,-,-,-,3037.0000,3036.8000,3036.2000,3036.0000,3035.4000,3037.6000,3038.0000,3038.4000,3038.6000,3039.0000,1,1,2,4,1,1,7,1,4,1
SF,IH2003,2019-12-20 09:33:42.400,3037.0000,22069,0,175863540.000,1,0,1,多换,S,3036.8000,3036.2000,3036.0000,3035.4000,3035.2000,3037.6000,3038.0000,3038.4000,3038.6000,3039.0000,1,2,4,1,4,1,7,1,4,1
SF,IH2003,2019-12-20 09:33:42.900,3037.0000,22069,0,175863540.000,0,-,-,-,-,3036.8000,3036.2000,3036.0000,3035.4000,3035.2000,3037.0000,3037.6000,3038.0000,3038.4000,3038.6000,1,2,4,1,4,3,1,7,1,4
SF,IH2003,2019-12-20 09:33:43.400,3037.0000,22067,-2,178596840.000,3,0,3,多平,S,3036.8000,3036.2000,3036.0000,3035.4000,3035.2000,3037.6000,3038.0000,3038.4000,3038.6000,3039.0000,1,2,4,1,4,1,7,1,4,1
SF,IH2003,2019-12-20 09:33:43.900,3037.0000,22067,0,178596840.000,0,-,-,-,-,3036.2000,3036.0000,3035.4000,3035.2000,3035.0000,3037.6000,3038.0000,3038.4000,3038.6000,3039.0000,2,4,1,4,2,1,7,1,4,1
SF,IH2003,2019-12-20 09:33:44.400,3037.0000,22067,0,178596840.000,0,-,-,-,-,3036.6000,3036.4000,3036.2000,3036.0000,3035.2000,3037.4000,3037.6000,3038.0000,3038.4000,3038.6000,1,6,2,4,4,1,1,7,1,4
SF,IH2003,2019-12-20 09:33:44.900,3037.0000,22067,0,178596840.000,0,-,-,-,-,3036.6000,3036.4000,3036.2000,3036.0000,3035.2000,3037.4000,3037.6000,3038.0000,3038.4000,3038.6000,1,5,2,4,4,1,1,7,1,4
SF,IH2003,2019-12-20 09:33:45.900,3037.0000,22067,0,178596840.000,0,-,-,-,-,3036.4000,3036.2000,3036.0000,3035.2000,3035.0000,3037.4000,3037.6000,3038.0000,3038.4000,3038.6000,5,2,4,4,2,1,1,8,1,4
SF,IH2003,2019-12-20 09:33:46.400,3037.0000,22067,0,178596840.000,0,-,-,-,-,3036.6000,3036.4000,3036.2000,3036.0000,3035.2000,3037.4000,3037.6000,3038.0000,3038.4000,3038.6000,1,5,2,4,4,1,1,8,1,4
SF,IH2003,2019-12-20 09:33:46.900,3037.0000,22067,0,178596840.000,0,-,-,-,-,3036.6000,3036.4000,3036.2000,3036.0000,3035.2000,3037.6000,3038.0000,3038.4000,3038.6000,3039.0000,1,5,2,4,4,1,8,1,4,1
SF,IH2003,2019-12-20 09:33:47.400,3037.0000,22067,0,178596840.000,0,-,-,-,-,3036.6000,3036.4000,3036.2000,3036.0000,3035.2000,3037.6000,3038.0000,3038.4000,3038.6000,3039.0000,1,5,2,4,4,1,8,1,4,1
SF,IH2003,2019-12-20 09:33:49.900,3037.0000,22067,0,178596840.000,0,-,-,-,-,3036.6000,3036.4000,3036.2000,3036.0000,3035.2000,3037.6000,3038.0000,3038.4000,3038.6000,3039.0000,1,5,2,4,4,1,8,1,4,1
SF,IH2003,2019-12-20 09:33:50.900,3037.0000,22067,0,178596840.000,0,-,-,-,-,3036.6000,3036.4000,3036.2000,3036.0000,3035.2000,3037.6000,3038.0000,3038.4000,3038.6000,3039.0000,2,5,2,4,4,1,8,1,4,1
SF,IH2003,2019-12-20 09:33:51.400,3037.0000,22067,0,178596840.000,0,-,-,-,-,3036.6000,3036.4000,3036.2000,3036.0000,3035.2000,3037.6000,3038.0000,3038.4000,3038.6000,3039.0000,1,4,2,4,4,1,8,1,4,1
SF,IH2003,2019-12-20 09:33:51.900,3037.0000,22067,0,178596840.000,0,-,-,-,-,3036.8000,3036.6000,3036.4000,3036.2000,3036.0000,3037.6000,3038.0000,3038.4000,3038.6000,3039.0000,1,1,4,2,4,1,8,1,4,1
SF,IH2003,2019-12-20 09:33:52.400,3037.0000,22067,0,178596840.000,0,-,-,-,-,3036.6000,3036.4000,3036.2000,3036.0000,3035.2000,3037.6000,3038.0000,3038.4000,3038.6000,3039.0000,1,4,2,4,4,1,8,1,4,1
SF,IH2003,2019-12-20 09:33:53.400,3037.0000,22067,0,178596840.000,0,-,-,-,-,3036.6000,3036.4000,3036.2000,3036.0000,3035.2000,3037.6000,3038.0000,3038.4000,3038.6000,3039.0000,1,4,2,4,4,1,8,1,4,3
SF,IH2003,2019-12-20 09:33:53.900,3037.0000,22067,0,178596840.000,0,-,-,-,-,3036.6000,3036.4000,3036.2000,3036.0000,3035.2000,3037.4000,3037.6000,3038.0000,3038.4000,3038.6000,1,4,2,4,4,1,1,8,1,4
SF,IH2003,2019-12-20 09:33:56.400,3037.0000,22067,0,178596840.000,0,-,-,-,-,3036.6000,3036.4000,3036.2000,3036.0000,3035.2000,3037.4000,3037.6000,3038.0000,3038.4000,3038.6000,1,4,2,4,4,1,1,8,1,4
SF,IH2003,2019-12-20 09:33:56.900,3037.0000,22067,0,178596840.000,0,-,-,-,-,3036.8000,3036.6000,3036.4000,3036.2000,3036.0000,3037.4000,3037.6000,3038.0000,3038.4000,3038.6000,1,1,4,2,4,1,1,8,1,4
SF,IH2003,2019-12-20 09:33:57.900,3037.0000,22067,0,178596840.000,0,-,-,-,-,3036.8000,3036.6000,3036.4000,3036.2000,3036.0000,3037.4000,3037.6000,3038.0000,3038.4000,3038.6000,1,1,4,2,4,1,1,8,1,4
SF,IH2003,2019-12-20 09:33:58.400,3037.0000,22067,0,178596840.000,0,-,-,-,-,3036.8000,3036.6000,3036.4000,3036.2000,3036.0000,3037.4000,3037.6000,3038.0000,3038.4000,3038.6000,1,1,4,2,4,1,1,8,1,4
SF,IH2003,2019-12-20 09:33:58.900,3037.0000,22067,0,178596840.000,0,-,-,-,-,3036.8000,3036.6000,3036.4000,3036.2000,3036.0000,3037.2000,3037.4000,3037.6000,3038.0000,3038.4000,1,1,4,2,4,1,1,1,8,1
SF,IH2003,2019-12-20 09:33:59.400,3037.2000,22066,-1,179508000.000,1,0,1,双平,S,3036.8000,3036.6000,3036.4000,3036.2000,3036.0000,3037.4000,3037.6000,3038.0000,3038.4000,3038.6000,1,1,4,2,2,1,1,8,1,4
SF,IH2003,2019-12-20 09:34:01.900,3037.2000,22066,0,179508000.000,0,-,-,-,-,3036.6000,3036.4000,3036.2000,3036.0000,3035.2000,3037.4000,3037.6000,3038.0000,3038.4000,3038.6000,1,4,2,2,4,1,1,8,1,4
SF,IH2003,2019-12-20 09:34:02.400,3037.2000,22066,0,179508000.000,0,-,-,-,-,3036.8000,3036.6000,3036.4000,3036.2000,3036.0000,3037.4000,3037.6000,3038.0000,3038.4000,3038.6000,1,1,4,2,2,1,1,8,1,4
SF,IH2003,2019-12-20 09:34:03.900,3037.2000,22066,0,179508000.000,0,-,-,-,-,3036.6000,3036.4000,3036.2000,3036.0000,3035.2000,3037.4000,3037.6000,3038.0000,3038.4000,3038.6000,1,4,2,2,4,1,1,8,1,4
SF,IH2003,2019-12-20 09:34:06.900,3037.2000,22066,0,179508000.000,0,-,-,-,-,3036.8000,3036.6000,3036.4000,3036.2000,3036.0000,3037.4000,3037.6000,3038.0000,3038.4000,3038.6000,1,1,4,2,2,1,1,8,1,4
SF,IH2003,2019-12-20 09:34:07.400,3037.2000,22066,0,179508000.000,0,-,-,-,-,3036.6000,3036.4000,3036.2000,3036.0000,3035.2000,3037.4000,3037.6000,3038.0000,3038.4000,3038.6000,1,4,2,2,4,1,1,8,1,4
SF,IH2003,2019-12-20 09:34:08.900,3037.2000,22066,0,179508000.000,0,-,-,-,-,3036.8000,3036.6000,3036.4000,3036.2000,3036.0000,3037.4000,3037.6000,3038.0000,3038.4000,3038.6000,1,1,4,2,2,1,1,8,1,4
SF,IH2003,2019-12-20 09:34:09.400,3037.2000,22066,0,179508000.000,0,-,-,-,-,3036.6000,3036.4000,3036.2000,3036.0000,3035.2000,3037.4000,3037.6000,3038.0000,3038.4000,3038.6000,1,4,2,2,4,1,1,8,1,4
SF,IH2003,2019-12-20 09:34:09.900,3037.2000,22066,0,179508000.000,0,-,-,-,-,3036.6000,3036.4000,3036.2000,3036.0000,3035.2000,3037.0000,3037.4000,3037.6000,3038.0000,3038.4000,1,4,2,2,4,1,1,1,8,1
SF,IH2003,2019-12-20 09:34:10.400,3037.0000,22065,-1,180419100.000,1,0,1,双平,S,3037.0000,3036.8000,3036.6000,3036.4000,3036.2000,3037.4000,3037.6000,3038.0000,3038.4000,3038.6000,2,1,1,4,2,1,1,8,1,4
SF,IH2003,2019-12-20 09:34:10.900,3037.0000,22065,0,180419100.000,0,-,-,-,-,3037.0000,3036.6000,3036.4000,3036.2000,3036.0000,3037.4000,3037.6000,3038.0000,3038.4000,3038.6000,2,1,4,2,2,1,1,8,1,4
SF,IH2003,2019-12-20 09:34:11.400,3037.0000,22065,0,180419100.000,0,-,-,-,-,3037.0000,3036.6000,3036.4000,3036.2000,3036.0000,3037.4000,3037.6000,3038.0000,3038.4000,3038.6000,2,1,4,2,2,1,1,8,1,4
SF,IH2003,2019-12-20 09:34:11.900,3037.0000,22065,0,181330200.000,1,0,1,多换,S,3037.0000,3036.6000,3036.4000,3036.2000,3036.0000,3037.4000,3037.6000,3038.0000,3038.4000,3038.6000,1,1,4,2,2,1,1,9,1,4
SF,IH2003,2019-12-20 09:34:13.400,3037.0000,22064,-1,182241300.000,1,0,1,双平,S,3036.6000,3036.4000,3036.2000,3036.0000,3035.2000,3037.4000,3037.6000,3038.0000,3038.4000,3038.6000,1,4,2,2,4,1,1,9,1,4
SF,IH2003,2019-12-20 09:34:13.900,3037.0000,22064,0,182241300.000,0,-,-,-,-,3036.8000,3036.6000,3036.4000,3036.2000,3036.0000,3037.4000,3037.6000,3038.0000,3038.4000,3038.6000,1,1,4,2,2,1,1,19,1,4
SF,IH2003,2019-12-20 09:34:15.400,3037.0000,22064,0,182241300.000,0,-,-,-,-,3036.6000,3036.4000,3036.2000,3036.0000,3035.2000,3036.8000,3037.4000,3037.6000,3038.0000,3038.4000,1,4,2,2,4,1,1,1,19,1
SF,IH2003,2019-12-20 09:34:15.900,3037.0000,22064,0,182241300.000,0,-,-,-,-,3036.8000,3036.6000,3036.4000,3036.2000,3036.0000,3037.0000,3037.4000,3037.6000,3038.0000,3038.4000,1,1,4,2,2,1,1,1,19,1
SF,IH2003,2019-12-20 09:34:16.400,3036.8000,22063,-1,184063380.000,2,0,2,多平,S,3036.6000,3036.4000,3036.2000,3036.0000,3035.2000,3037.0000,3037.4000,3037.6000,3038.0000,3038.4000,1,4,2,2,4,1,1,1,19,1
SF,IH2003,2019-12-20 09:34:16.900,3036.8000,22063,0,184063380.000,0,-,-,-,-,3036.6000,3036.4000,3036.2000,3036.0000,3035.2000,3036.8000,3037.0000,3037.4000,3037.6000,3038.0000,1,4,2,2,4,1,2,1,1,19
SF,IH2003,2019-12-20 09:34:17.400,3036.8000,22064,1,184974420.000,1,1,0,双开,S,3036.6000,3036.4000,3036.2000,3036.0000,3035.2000,3037.0000,3037.4000,3037.6000,3038.0000,3038.4000,1,4,2,2,4,2,1,1,19,1
SF,IH2003,2019-12-20 09:34:17.900,3036.8000,22064,0,184974420.000,0,-,-,-,-,3036.6000,3036.4000,3036.2000,3036.0000,3035.2000,3037.0000,3037.4000,3037.6000,3038.0000,3038.4000,1,4,2,2,4,2,1,2,19,1
SF,IH2003,2019-12-20 09:34:19.400,3037.0000,22063,-1,185885520.000,1,0,1,双平,S,3036.6000,3036.4000,3036.2000,3036.0000,3035.2000,3037.0000,3037.4000,3037.6000,3038.0000,3038.4000,1,4,2,2,4,1,1,2,19,1
SF,IH2003,2019-12-20 09:34:19.900,3037.0000,22063,0,185885520.000,0,-,-,-,-,3036.6000,3036.4000,3036.2000,3036.0000,3035.2000,3037.2000,3037.4000,3037.6000,3038.0000,3038.4000,1,4,2,2,4,1,1,2,19,1
SF,IH2003,2019-12-20 09:34:21.400,3037.0000,22062,-1,186796620.000,1,0,1,双平,S,3036.6000,3036.4000,3036.2000,3036.0000,3035.2000,3037.2000,3037.4000,3037.6000,3038.0000,3038.4000,1,4,2,2,4,1,1,2,19,1
SF,IH2003,2019-12-20 09:34:21.900,3037.0000,22062,0,186796620.000,0,-,-,-,-,3036.6000,3036.4000,3036.2000,3036.0000,3035.2000,3037.4000,3037.6000,3038.0000,3038.4000,3038.6000,1,4,2,2,4,1,2,19,1,4
SF,IH2003,2019-12-20 09:34:22.400,3037.0000,22062,0,186796620.000,0,-,-,-,-,3036.6000,3036.4000,3036.2000,3036.0000,3035.2000,3037.2000,3037.4000,3037.6000,3038.0000,3038.4000,1,4,2,2,4,1,1,2,19,1
SF,IH2003,2019-12-20 09:34:24.900,3037.0000,22062,0,186796620.000,0,-,-,-,-,3036.6000,3036.4000,3036.2000,3036.0000,3035.2000,3037.0000,3037.2000,3037.4000,3037.6000,3038.0000,1,4,2,2,4,1,1,1,2,19
SF,IH2003,2019-12-20 09:34:27.900,3037.0000,22062,0,186796620.000,0,-,-,-,-,3036.8000,3036.6000,3036.4000,3036.2000,3036.0000,3037.0000,3037.2000,3037.4000,3037.6000,3038.0000,2,1,4,2,2,1,1,1,3,19
SF,IH2003,2019-12-20 09:34:28.400,3036.8000,22063,1,187707660.000,1,1,0,双开,S,3036.8000,3036.6000,3036.4000,3036.2000,3036.0000,3037.0000,3037.2000,3037.4000,3037.6000,3038.0000,1,1,4,2,2,1,1,1,3,19
SF,IH2003,2019-12-20 09:34:28.900,3036.8000,22063,0,187707660.000,0,-,-,-,-,3036.8000,3036.6000,3036.4000,3036.2000,3036.0000,3037.0000,3037.2000,3037.4000,3037.6000,3038.0000,1,1,4,2,2,2,1,1,3,18
SF,IH2003,2019-12-20 09:34:29.400,3036.6000,22064,1,188618640.000,1,1,0,双开,S,3036.4000,3036.2000,3036.0000,3035.2000,3035.0000,3037.0000,3037.2000,3037.4000,3037.6000,3038.0000,4,2,2,2,2,2,1,1,3,18
SF,IH2003,2019-12-20 09:34:29.900,3036.6000,22064,0,188618640.000,0,-,-,-,-,3036.4000,3036.2000,3036.0000,3035.2000,3035.0000,3037.0000,3037.2000,3037.4000,3037.6000,3038.0000,4,2,2,2,2,3,1,1,3,18
SF,IH2003,2019-12-20 09:34:31.400,3036.6000,22064,0,188618640.000,0,-,-,-,-,3036.4000,3036.2000,3036.0000,3035.2000,3035.0000,3036.6000,3037.0000,3037.2000,3037.4000,3037.6000,4,2,2,2,2,1,3,1,1,3
SF,IH2003,2019-12-20 09:34:31.900,3036.6000,22063,-1,189529620.000,1,0,1,双平,S,3036.6000,3036.4000,3036.2000,3036.0000,3035.2000,3037.0000,3037.2000,3037.4000,3037.6000,3038.0000,2,4,2,2,2,3,1,1,3,18
SF,IH2003,2019-12-20 09:34:33.900,3036.6000,22063,0,189529620.000,0,-,-,-,-,3036.6000,3036.4000,3036.2000,3036.0000,3035.2000,3037.0000,3037.2000,3037.4000,3037.6000,3037.8000,2,4,2,2,2,3,1,1,3,1
SF,IH2003,2019-12-20 09:34:37.900,3037.0000,22063,0,190440720.000,1,0,1,多换,S,3036.6000,3036.4000,3036.2000,3036.0000,3035.2000,3037.0000,3037.2000,3037.4000,3037.6000,3037.8000,2,4,2,2,2,2,1,1,3,1
SF,IH2003,2019-12-20 09:34:38.400,3037.0000,22063,0,190440720.000,0,-,-,-,-,3036.8000,3036.6000,3036.4000,3036.2000,3036.0000,3037.0000,3037.2000,3037.4000,3037.6000,3037.8000,3,2,4,2,2,3,1,1,3,1
SF,IH2003,2019-12-20 09:34:38.900,3037.0000,22062,-1,192262920.000,2,0,2,多平,S,3036.8000,3036.6000,3036.4000,3036.2000,3036.0000,3037.0000,3037.2000,3037.4000,3037.6000,3037.8000,3,2,4,2,2,1,1,1,3,1
SF,IH2003,2019-12-20 09:34:39.900,3037.0000,22062,0,192262920.000,0,-,-,-,-,3036.8000,3036.6000,3036.4000,3036.2000,3036.0000,3037.0000,3037.2000,3037.4000,3037.6000,3037.8000,3,2,4,2,2,1,1,1,3,1
SF,IH2003,2019-12-20 09:34:40.400,3037.0000,22062,0,193174020.000,1,0,1,多换,S,3036.8000,3036.6000,3036.4000,3036.2000,3036.0000,3037.2000,3037.4000,3037.6000,3037.8000,3038.0000,3,2,4,2,2,1,1,3,1,17
SF,IH2003,2019-12-20 09:34:40.900,3037.0000,22062,0,193174020.000,0,-,-,-,-,3036.8000,3036.6000,3036.4000,3036.2000,3036.0000,3037.2000,3037.4000,3037.6000,3037.8000,3038.0000,4,2,4,2,2,1,1,3,1,17
SF,IH2003,2019-12-20 09:34:42.900,3037.2000,22062,0,194085180.000,1,0,1,多换,S,3036.8000,3036.6000,3036.4000,3036.2000,3036.0000,3037.4000,3037.6000,3037.8000,3038.0000,3038.4000,4,2,4,2,2,1,3,1,17,1
SF,IH2003,2019-12-20 09:34:43.400,3037.2000,22062,0,194996340.000,1,0,1,多换,S,3036.8000,3036.6000,3036.4000,3036.2000,3036.0000,3037.4000,3037.6000,3037.8000,3038.0000,3038.4000,4,2,4,2,2,1,3,1,17,1
SF,IH2003,2019-12-20 09:34:49.400,3036.8000,22062,0,196818420.000,2,1,1,多换,S,3036.8000,3036.6000,3036.4000,3036.2000,3036.0000,3037.4000,3037.6000,3037.8000,3038.0000,3038.4000,2,2,2,2,2,1,3,1,17,1
SF,IH2003,2019-12-20 09:34:51.400,3036.8000,22061,-1,198640500.000,2,0,2,多平,S,3036.6000,3036.4000,3036.2000,3036.0000,3035.0000,3037.4000,3037.6000,3037.8000,3038.0000,3038.4000,2,2,2,2,2,1,3,1,17,1
SF,IH2003,2019-12-20 09:34:51.900,3036.8000,22061,0,198640500.000,0,-,-,-,-,3036.8000,3036.6000,3036.4000,3036.2000,3036.0000,3037.4000,3037.6000,3037.8000,3038.0000,3038.4000,2,1,2,2,2,1,3,1,17,1
SF,IH2003,2019-12-20 09:34:53.900,3036.8000,22059,-2,200462580.000,2,0,2,双平,S,3036.6000,3036.2000,3036.0000,3035.0000,3034.8000,3037.4000,3037.6000,3037.8000,3038.0000,3038.4000,1,2,2,2,1,1,3,1,17,1
SF,IH2003,2019-12-20 09:34:54.400,3036.8000,22059,0,200462580.000,0,-,-,-,-,3036.6000,3036.2000,3036.0000,3035.0000,3034.8000,3036.8000,3037.4000,3037.6000,3037.8000,3038.0000,1,2,2,2,1,1,1,3,1,17
SF,IH2003,2019-12-20 09:34:54.900,3036.8000,22058,-1,201373620.000,1,0,1,双平,S,3036.8000,3036.2000,3036.0000,3035.0000,3034.8000,3037.4000,3037.6000,3037.8000,3038.0000,3038.4000,1,2,2,2,1,1,3,1,17,1
SF,IH2003,2019-12-20 09:34:55.900,3036.8000,22058,0,202284660.000,1,0,1,多换,S,3036.2000,3036.0000,3035.0000,3034.8000,3034.4000,3037.4000,3037.6000,3037.8000,3038.0000,3038.4000,2,2,2,1,2,1,3,1,17,1
SF,IH2003,2019-12-20 09:34:56.400,3036.8000,22058,0,202284660.000,0,-,-,-,-,3036.4000,3036.2000,3036.0000,3035.0000,3034.8000,3037.2000,3037.4000,3037.6000,3037.8000,3038.0000,7,3,2,2,1,1,1,3,1,17
SF,IH2003,2019-12-20 09:34:56.900,3036.8000,22058,0,202284660.000,0,-,-,-,-,3036.4000,3036.2000,3036.0000,3035.0000,3034.8000,3037.2000,3037.4000,3037.6000,3037.8000,3038.0000,8,2,2,2,1,1,1,3,1,17
SF,IH2003,2019-12-20 09:34:57.400,3036.8000,22058,0,202284660.000,0,-,-,-,-,3036.6000,3036.4000,3036.2000,3036.0000,3035.0000,3037.2000,3037.4000,3037.6000,3037.8000,3038.0000,1,9,2,2,2,1,1,3,1,16
SF,IH2003,2019-12-20 09:34:57.900,3036.4000,22058,0,205928400.000,4,2,2,多换,S,3036.4000,3036.2000,3036.0000,3035.0000,3034.8000,3037.2000,3037.4000,3037.6000,3037.8000,3038.0000,6,2,2,2,1,1,2,3,1,16
SF,IH2003,2019-12-20 09:34:58.400,3036.4000,22058,0,205928400.000,0,-,-,-,-,3036.4000,3036.2000,3036.0000,3035.0000,3034.8000,3037.0000,3037.2000,3037.4000,3037.6000,3037.8000,1,2,2,2,1,1,1,1,3,1
SF,IH2003,2019-12-20 09:34:58.900,3036.4000,22058,0,205928400.000,0,-,-,-,-,3036.0000,3035.0000,3034.8000,3034.4000,3034.2000,3036.4000,3037.0000,3037.2000,3037.4000,3037.6000,2,2,1,2,1,1,1,2,1,3
SF,IH2003,2019-12-20 09:34:59.400,3036.4000,22058,0,205928400.000,0,-,-,-,-,3036.0000,3035.0000,3034.8000,3034.4000,3034.2000,3037.0000,3037.2000,3037.4000,3037.6000,3037.8000,3,2,1,2,1,1,1,1,3,1
SF,IH2003,2019-12-20 09:34:59.900,3036.4000,22058,0,205928400.000,0,-,-,-,-,3036.0000,3035.0000,3034.8000,3034.4000,3034.2000,3037.0000,3037.2000,3037.4000,3037.6000,3037.8000,3,2,1,2,1,2,1,1,3,1
SF,IH2003,2019-12-20 09:35:00.900,3036.4000,22058,0,205928400.000,0,-,-,-,-,3036.0000,3035.0000,3034.8000,3034.4000,3034.2000,3037.0000,3037.2000,3037.4000,3037.6000,3037.8000,2,2,1,2,1,3,1,1,3,1
SF,IH2003,2019-12-20 09:35:01.400,3036.4000,22058,0,205928400.000,0,-,-,-,-,3036.0000,3035.0000,3034.8000,3034.4000,3034.2000,3037.0000,3037.2000,3037.4000,3037.6000,3037.8000,2,2,1,2,1,3,1,1,3,1
SF,IH2003,2019-12-20 09:35:01.900,3036.4000,22058,0,205928400.000,0,-,-,-,-,3036.0000,3035.0000,3034.8000,3034.4000,3034.2000,3036.8000,3037.0000,3037.2000,3037.4000,3037.6000,3,2,1,2,1,2,3,1,1,3
SF,IH2003,2019-12-20 09:35:02.400,3036.4000,22058,0,205928400.000,0,-,-,-,-,3036.0000,3035.0000,3034.8000,3034.4000,3034.2000,3036.6000,3036.8000,3037.0000,3037.2000,3037.4000,3,2,1,2,1,1,2,2,1,1
SF,IH2003,2019-12-20 09:35:02.900,3036.0000,22060,2,208660800.000,3,2,1,空开,S,3035.0000,3034.8000,3034.4000,3034.2000,3034.0000,3036.4000,3036.6000,3036.8000,3037.0000,3037.2000,2,1,2,1,1,1,2,2,2,1
SF,IH2003,2019-12-20 09:35:03.400,3036.0000,22060,0,208660800.000,0,-,-,-,-,3035.0000,3034.8000,3034.4000,3034.2000,3034.0000,3036.2000,3036.4000,3036.6000,3036.8000,3037.0000,3,1,2,1,1,1,1,1,2,1
SF,IH2003,2019-12-20 09:35:03.900,3036.0000,22060,0,208660800.000,0,-,-,-,-,3035.4000,3035.2000,3035.0000,3034.8000,3034.4000,3036.0000,3036.2000,3036.4000,3036.8000,3037.0000,1,1,2,1,2,4,1,1,2,1
SF,IH2003,2019-12-20 09:35:04.400,3036.0000,22060,0,208660800.000,0,-,-,-,-,3035.2000,3035.0000,3034.8000,3034.4000,3034.2000,3036.0000,3036.2000,3036.4000,3036.8000,3037.0000,1,2,1,2,1,2,1,1,2,1
SF,IH2003,2019-12-20 09:35:04.900,3036.0000,22060,0,208660800.000,0,-,-,-,-,3035.2000,3035.0000,3034.8000,3034.4000,3034.2000,3036.2000,3036.4000,3036.8000,3037.0000,3037.2000,1,2,1,2,1,1,1,2,1,1
SF,IH2003,2019-12-20 09:35:05.400,3036.0000,22060,0,208660800.000,0,-,-,-,-,3035.0000,3034.8000,3034.4000,3034.2000,3034.0000,3036.2000,3036.4000,3036.8000,3037.0000,3037.2000,2,1,2,1,1,1,1,2,1,1
SF,IH2003,2019-12-20 09:35:05.900,3036.0000,22060,0,208660800.000,0,-,-,-,-,3035.0000,3034.8000,3034.4000,3034.2000,3034.0000,3036.0000,3036.2000,3036.4000,3036.8000,3037.0000,2,1,2,1,1,1,1,1,2,1
SF,IH2003,2019-12-20 09:35:06.900,3036.0000,22059,-1,209571600.000,1,0,1,双平,S,3035.0000,3034.8000,3034.4000,3034.2000,3034.0000,3036.2000,3036.4000,3036.8000,3037.0000,3037.2000,2,1,2,1,1,1,1,2,1,1
SF,IH2003,2019-12-20 09:35:07.400,3036.0000,22058,-1,210482400.000,1,0,1,双平,S,3035.0000,3034.8000,3034.4000,3034.2000,3034.0000,3036.0000,3036.2000,3036.4000,3036.8000,3037.0000,2,1,2,1,1,4,1,1,2,1
SF,IH2003,2019-12-20 09:35:07.900,3036.0000,22058,0,210482400.000,0,-,-,-,-,3035.0000,3034.8000,3034.4000,3034.2000,3034.0000,3035.8000,3036.0000,3036.4000,3036.8000,3037.0000,2,1,2,1,1,1,4,1,2,1
SF,IH2003,2019-12-20 09:35:08.900,3036.0000,22058,0,210482400.000,0,-,-,-,-,3035.0000,3034.8000,3034.4000,3034.2000,3034.0000,3035.6000,3035.8000,3036.0000,3036.4000,3037.0000,2,1,2,1,1,2,1,2,1,1
SF,IH2003,2019-12-20 09:35:13.400,3034.8000,22057,-1,213213840.000,3,1,2,多平,S,3034.4000,3034.2000,3034.0000,3033.4000,3032.0000,3035.6000,3035.8000,3036.0000,3036.4000,3037.0000,2,1,1,2,2,2,1,2,1,1
SF,IH2003,2019-12-20 09:35:13.900,3034.8000,22057,0,213213840.000,0,-,-,-,-,3035.2000,3034.4000,3034.2000,3034.0000,3033.4000,3035.4000,3035.6000,3036.0000,3036.4000,3037.0000,1,2,1,1,2,3,2,2,1,1
SF,IH2003,2019-12-20 09:35:14.400,3035.2000,22056,-1,214124400.000,1,0,1,双平,S,3034.4000,3034.2000,3034.0000,3033.4000,3032.0000,3035.2000,3035.4000,3035.6000,3036.0000,3037.0000,2,1,1,2,2,8,2,2,2,1
SF,IH2003,2019-12-20 09:35:14.900,3035.2000,22056,0,214124400.000,0,-,-,-,-,3034.4000,3034.2000,3034.0000,3033.4000,3032.0000,3035.2000,3035.4000,3035.6000,3035.8000,3036.0000,2,1,1,2,2,6,1,2,1,2
SF,IH2003,2019-12-20 09:35:16.400,3035.2000,22056,0,214124400.000,0,-,-,-,-,3034.4000,3034.2000,3034.0000,3033.4000,3032.0000,3035.0000,3035.2000,3035.6000,3035.8000,3037.0000,2,1,1,2,2,3,6,2,1,1
SF,IH2003,2019-12-20 09:35:16.900,3034.4000,22054,-2,215945040.000,2,0,2,双平,S,3034.2000,3034.0000,3033.4000,3032.0000,3030.6000,3035.0000,3035.2000,3035.6000,3035.8000,3037.0000,1,1,2,2,1,3,6,2,1,1
SF,IH2003,2019-12-20 09:35:18.900,3034.4000,22054,0,215945040.000,0,-,-,-,-,3034.4000,3034.2000,3034.0000,3033.4000,3032.0000,3035.0000,3035.2000,3035.6000,3035.8000,3037.0000,1,1,1,2,2,3,6,2,1,1
SF,IH2003,2019-12-20 09:35:19.400,3034.4000,22053,-1,216855360.000,1,0,1,双平,S,3034.2000,3034.0000,3033.4000,3032.0000,3030.6000,3034.8000,3035.0000,3035.2000,3035.6000,3035.8000,1,1,2,2,1,1,3,6,2,1
SF,IH2003,2019-12-20 09:35:19.900,3034.2000,22054,1,217765620.000,1,1,0,双开,S,3034.0000,3033.4000,3032.0000,3030.6000,3030.0000,3034.6000,3034.8000,3035.0000,3035.2000,3035.8000,1,2,2,1,2,3,1,3,6,1
SF,IH2003,2019-12-20 09:35:20.400,3034.2000,22054,0,217765620.000,0,-,-,-,-,3034.0000,3033.4000,3032.0000,3030.6000,3030.0000,3034.6000,3034.8000,3035.0000,3035.2000,3035.8000,1,2,2,1,2,3,1,3,6,1
SF,IH2003,2019-12-20 09:35:20.900,3034.0000,22054,0,218675820.000,1,0,1,多换,S,3033.4000,3032.0000,3030.6000,3030.0000,3029.0000,3034.6000,3034.8000,3035.0000,3035.2000,3035.8000,2,2,1,2,1,3,1,3,6,1
SF,IH2003,2019-12-20 09:35:21.400,3034.0000,22054,0,218675820.000,0,-,-,-,-,3033.4000,3032.0000,3030.6000,3030.0000,3029.0000,3034.4000,3034.6000,3034.8000,3035.0000,3035.2000,3,2,1,2,1,1,3,1,3,5
SF,IH2003,2019-12-20 09:35:22.400,3034.0000,22054,0,218675820.000,0,-,-,-,-,3033.4000,3032.0000,3030.6000,3030.0000,3029.0000,3034.4000,3034.6000,3034.8000,3035.0000,3035.2000,3,2,1,2,1,1,3,1,3,4
SF,IH2003,2019-12-20 09:35:22.900,3033.4000,22054,0,219585840.000,1,0,1,多换,S,3033.4000,3032.0000,3030.6000,3030.0000,3029.0000,3034.4000,3034.6000,3034.8000,3035.0000,3035.2000,2,2,1,2,1,1,3,1,3,4
SF,IH2003,2019-12-20 09:35:23.400,3033.4000,22054,0,219585840.000,0,-,-,-,-,3033.4000,3032.0000,3030.6000,3030.0000,3029.0000,3034.2000,3034.4000,3034.6000,3034.8000,3035.0000,2,2,1,2,1,3,1,2,1,1
SF,IH2003,2019-12-20 09:35:23.900,3033.4000,22054,0,219585840.000,0,-,-,-,-,3033.4000,3032.0000,3030.6000,3030.0000,3029.0000,3034.2000,3034.4000,3034.6000,3034.8000,3035.0000,1,2,1,2,1,3,1,2,1,1
SF,IH2003,2019-12-20 09:35:24.400,3033.4000,22054,0,220495860.000,1,0,1,多换,S,3032.0000,3030.6000,3030.0000,3029.0000,3028.4000,3033.4000,3033.6000,3034.2000,3034.4000,3034.6000,2,1,2,1,3,2,1,3,1,2
SF,IH2003,2019-12-20 09:35:24.900,3033.4000,22053,-1,221405880.000,1,0,1,双平,S,3032.2000,3032.0000,3030.6000,3030.0000,3029.0000,3033.6000,3034.2000,3034.6000,3034.8000,3035.0000,3,3,1,2,1,1,3,2,1,1
SF,IH2003,2019-12-20 09:35:25.400,3033.6000,22052,-1,222315960.000,1,0,1,双平,S,3034.0000,3032.4000,3032.2000,3032.0000,3030.6000,3034.2000,3034.6000,3034.8000,3035.0000,3035.2000,1,1,3,3,1,3,2,1,1,1
SF,IH2003,2019-12-20 09:35:25.900,3034.0000,22051,-1,223226160.000,1,0,1,双平,S,3032.4000,3032.2000,3032.0000,3030.6000,3030.0000,3033.6000,3033.8000,3034.0000,3034.2000,3034.6000,1,1,3,1,2,3,2,11,2,2
SF,IH2003,2019-12-20 09:35:26.400,3034.0000,22051,0,223226160.000,0,-,-,-,-,3032.4000,3032.2000,3032.0000,3030.6000,3030.0000,3033.6000,3033.8000,3034.0000,3034.2000,3034.6000,1,1,3,1,2,1,1,9,2,2
SF,IH2003,2019-12-20 09:35:26.900,3034.0000,22051,0,223226160.000,0,-,-,-,-,3032.4000,3032.0000,3030.6000,3030.0000,3029.0000,3033.4000,3033.6000,3033.8000,3034.0000,3034.2000,1,2,1,2,1,5,1,1,9,2
SF,IH2003,2019-12-20 09:35:27.400,3034.0000,22051,0,223226160.000,0,-,-,-,-,3032.0000,3030.6000,3030.0000,3029.0000,3028.4000,3033.4000,3033.6000,3034.0000,3034.2000,3034.8000,2,1,2,1,3,5,1,9,2,1
SF,IH2003,2019-12-20 09:35:27.900,3034.0000,22051,0,223226160.000,0,-,-,-,-,3032.2000,3032.0000,3030.6000,3030.0000,3029.0000,3033.4000,3033.6000,3034.0000,3034.2000,3034.8000,3,4,1,2,1,4,1,9,2,1
SF,IH2003,2019-12-20 09:35:28.400,3034.0000,22051,0,223226160.000,0,-,-,-,-,3032.4000,3032.2000,3032.0000,3030.6000,3030.0000,3033.4000,3033.6000,3034.0000,3034.2000,3034.8000,1,3,4,1,2,2,1,9,2,1
SF,IH2003,2019-12-20 09:35:28.900,3034.0000,22051,0,223226160.000,0,-,-,-,-,3032.4000,3032.2000,3032.0000,3030.6000,3030.0000,3033.2000,3033.4000,3033.6000,3034.0000,3034.2000,1,1,4,1,2,1,2,1,9,2
SF,IH2003,2019-12-20 09:35:29.400,3034.0000,22051,0,223226160.000,0,-,-,-,-,3032.0000,3030.6000,3030.0000,3029.0000,3028.4000,3033.0000,3033.2000,3033.4000,3033.6000,3034.0000,4,1,2,1,3,1,1,2,1,9
SF,IH2003,2019-12-20 09:35:29.900,3034.0000,22051,0,223226160.000,0,-,-,-,-,3032.0000,3030.6000,3030.0000,3029.0000,3028.4000,3033.0000,3033.2000,3033.4000,3033.6000,3034.0000,3,1,2,1,3,1,1,2,1,9
SF,IH2003,2019-12-20 09:35:30.400,3034.0000,22051,0,223226160.000,0,-,-,-,-,3033.2000,3032.2000,3032.0000,3030.6000,3030.0000,3033.4000,3033.6000,3034.0000,3034.2000,3035.0000,1,1,3,1,2,2,1,9,2,1
SF,IH2003,2019-12-20 09:35:30.900,3033.2000,22050,-1,224136120.000,1,0,1,双平,S,3032.2000,3032.0000,3030.6000,3030.0000,3029.0000,3033.0000,3033.2000,3033.4000,3033.6000,3034.0000,1,3,1,2,1,1,6,2,1,4
SF,IH2003,2019-12-20 09:35:31.400,3033.2000,22050,0,224136120.000,0,-,-,-,-,3032.2000,3032.0000,3030.6000,3030.0000,3029.0000,3033.2000,3033.4000,3033.6000,3034.0000,3034.2000,1,3,1,2,1,5,2,1,4,2
SF,IH2003,2019-12-20 09:35:31.900,3033.2000,22050,0,224136120.000,0,-,-,-,-,3032.0000,3030.6000,3030.0000,3029.0000,3028.4000,3033.0000,3033.2000,3033.4000,3033.6000,3034.0000,3,1,2,1,3,1,5,2,1,4
SF,IH2003,2019-12-20 09:35:32.400,3033.2000,22050,0,224136120.000,0,-,-,-,-,3032.0000,3030.6000,3030.0000,3029.0000,3028.4000,3033.0000,3033.2000,3033.4000,3033.6000,3034.0000,4,1,2,1,3,1,5,2,1,4
SF,IH2003,2019-12-20 09:35:32.900,3033.2000,22050,0,224136120.000,0,-,-,-,-,3032.2000,3032.0000,3030.6000,3030.0000,3029.0000,3033.2000,3033.4000,3033.6000,3034.0000,3034.2000,1,4,1,2,1,5,2,1,4,2
SF,IH2003,2019-12-20 09:35:33.400,3033.2000,22053,3,228685920.000,5,4,1,空开,S,3033.2000,3032.2000,3032.0000,3030.6000,3030.0000,3033.4000,3033.6000,3034.0000,3034.2000,3035.0000,1,1,4,1,2,2,1,4,2,1
SF,IH2003,2019-12-20 09:35:33.900,3033.6000,22052,-1,232326000.000,4,1,3,多平,S,3033.0000,3032.2000,3032.0000,3030.6000,3030.0000,3034.0000,3035.0000,3035.2000,3035.8000,3037.0000,1,1,4,1,2,3,1,1,1,1
SF,IH2003,2019-12-20 09:35:34.400,3033.6000,22052,0,232326000.000,0,-,-,-,-,3033.0000,3032.2000,3032.0000,3030.6000,3030.0000,3034.0000,3035.0000,3035.2000,3035.8000,3037.0000,2,1,4,1,3,3,1,1,1,1
SF,IH2003,2019-12-20 09:35:34.900,3033.6000,22052,0,232326000.000,0,-,-,-,-,3033.0000,3032.2000,3032.0000,3030.6000,3030.0000,3033.4000,3033.8000,3034.0000,3035.0000,3035.2000,2,1,5,1,3,1,1,1,1,1
SF,IH2003,2019-12-20 09:35:35.400,3033.4000,22051,-1,233236020.000,1,0,1,双平,S,3033.6000,3033.2000,3033.0000,3032.2000,3032.0000,3033.8000,3034.0000,3035.0000,3035.2000,3035.8000,1,1,2,1,5,1,1,1,1,1
SF,IH2003,2019-12-20 09:35:35.900,3033.6000,22051,0,234146100.000,1,0,1,多换,S,3033.2000,3033.0000,3032.0000,3030.6000,3030.0000,3035.0000,3035.2000,3035.8000,3037.0000,3037.2000,1,1,5,1,3,1,1,1,1,1
SF,IH2003,2019-12-20 09:35:36.400,3033.4000,22052,1,235056120.000,1,1,0,双开,S,3033.0000,3032.0000,3030.6000,3030.0000,3029.0000,3033.6000,3034.6000,3034.8000,3035.0000,3035.2000,1,5,1,3,1,2,6,12,4,1
SF,IH2003,2019-12-20 09:35:36.900,3033.4000,22052,0,235056120.000,0,-,-,-,-,3033.0000,3032.0000,3030.6000,3030.0000,3029.0000,3033.6000,3034.6000,3034.8000,3035.0000,3035.2000,1,5,1,3,1,2,6,10,4,1
SF,IH2003,2019-12-20 09:35:37.400,3033.4000,22052,0,235056120.000,0,-,-,-,-,3033.0000,3032.0000,3030.6000,3030.0000,3029.0000,3033.6000,3034.6000,3034.8000,3035.0000,3035.2000,1,5,1,3,1,2,6,9,4,1
SF,IH2003,2019-12-20 09:35:37.900,3033.0000,22051,-1,235966020.000,1,0,1,双平,S,3032.0000,3030.6000,3030.0000,3029.0000,3028.4000,3033.4000,3033.6000,3034.6000,3034.8000,3035.0000,5,1,3,1,3,1,2,6,8,4
SF,IH2003,2019-12-20 09:35:38.400,3033.4000,22051,0,236876040.000,1,0,1,多换,S,3032.2000,3032.0000,3030.6000,3030.0000,3029.0000,3033.6000,3034.6000,3034.8000,3035.0000,3035.2000,4,5,1,3,1,2,6,8,4,1
SF,IH2003,2019-12-20 09:35:38.900,3033.6000,22051,0,237786120.000,1,0,1,多换,S,3032.4000,3032.2000,3032.0000,3030.6000,3030.0000,3034.6000,3034.8000,3035.0000,3035.2000,3035.8000,1,5,4,1,3,6,8,4,1,1
SF,IH2003,2019-12-20 09:35:39.400,3033.6000,22051,0,237786120.000,0,-,-,-,-,3032.6000,3032.4000,3032.2000,3032.0000,3030.6000,3034.2000,3034.4000,3034.8000,3035.0000,3035.2000,6,1,4,4,1,1,4,7,4,1
SF,IH2003,2019-12-20 09:35:39.900,3033.6000,22051,0,237786120.000,0,-,-,-,-,3033.2000,3032.8000,3032.6000,3032.2000,3032.0000,3034.0000,3034.2000,3034.4000,3034.8000,3035.0000,1,2,6,3,4,1,1,3,7,4
SF,IH2003,2019-12-20 09:35:40.400,3033.6000,22051,0,237786120.000,0,-,-,-,-,3033.6000,3033.2000,3033.0000,3032.6000,3032.2000,3034.0000,3034.4000,3034.8000,3035.0000,3035.2000,1,1,1,4,3,1,2,7,4,1
SF,IH2003,2019-12-20 09:35:40.900,3033.6000,22050,-1,238696200.000,1,0,1,双平,S,3033.2000,3033.0000,3032.6000,3032.2000,3032.0000,3033.4000,3034.0000,3034.4000,3034.8000,3035.0000,1,1,4,3,4,2,1,2,7,4
SF,IH2003,2019-12-20 09:35:41.400,3033.6000,22050,0,238696200.000,0,-,-,-,-,3033.2000,3033.0000,3032.6000,3032.2000,3032.0000,3033.4000,3034.0000,3034.4000,3034.8000,3035.0000,1,1,2,3,4,2,1,2,7,4
SF,IH2003,2019-12-20 09:35:41.900,3033.2000,22050,0,239606160.000,1,0,1,多换,S,3033.0000,3032.6000,3032.2000,3032.0000,3030.6000,3034.0000,3034.4000,3034.8000,3035.0000,3035.2000,1,2,3,4,1,1,2,7,4,1
SF,IH2003,2019-12-20 09:35:42.400,3033.2000,22050,0,239606160.000,0,-,-,-,-,3033.0000,3032.6000,3032.2000,3032.0000,3030.6000,3034.0000,3034.4000,3034.8000,3035.0000,3035.2000,1,2,3,4,1,1,2,7,4,1
SF,IH2003,2019-12-20 09:35:44.400,3033.2000,22050,0,239606160.000,0,-,-,-,-,3033.0000,3032.6000,3032.2000,3032.0000,3030.6000,3034.0000,3034.4000,3034.8000,3035.0000,3035.2000,1,2,3,4,1,1,2,6,4,1
SF,IH2003,2019-12-20 09:35:45.400,3033.2000,22050,0,239606160.000,0,-,-,-,-,3033.0000,3032.6000,3032.2000,3032.0000,3030.6000,3034.0000,3034.4000,3034.8000,3035.0000,3035.2000,1,2,3,3,1,1,2,6,4,1
SF,IH2003,2019-12-20 09:35:45.900,3033.2000,22050,0,239606160.000,0,-,-,-,-,3033.0000,3032.6000,3032.2000,3032.0000,3030.6000,3034.4000,3034.8000,3035.0000,3035.2000,3035.8000,1,2,3,3,1,2,6,4,1,1
SF,IH2003,2019-12-20 09:35:46.400,3033.2000,22050,0,239606160.000,0,-,-,-,-,3033.0000,3032.6000,3032.2000,3032.0000,3030.6000,3034.2000,3034.4000,3034.8000,3035.0000,3035.2000,1,2,3,3,1,3,2,6,4,1
SF,IH2003,2019-12-20 09:35:46.900,3033.0000,22051,1,240516060.000,1,1,0,双开,S,3032.6000,3032.2000,3032.0000,3030.6000,3030.0000,3034.0000,3034.2000,3034.4000,3034.8000,3035.0000,2,3,3,1,3,1,3,2,6,4
SF,IH2003,2019-12-20 09:35:47.400,3033.0000,22051,0,240516060.000,0,-,-,-,-,3032.6000,3032.2000,3032.0000,3030.6000,3030.0000,3033.8000,3034.0000,3034.2000,3034.4000,3034.8000,3,2,3,1,3,5,1,1,2,4
SF,IH2003,2019-12-20 09:35:47.900,3033.0000,22051,0,240516060.000,0,-,-,-,-,3032.6000,3032.2000,3032.0000,3030.6000,3030.0000,3033.6000,3033.8000,3034.2000,3034.4000,3034.8000,1,2,3,1,5,1,5,1,2,4
SF,IH2003,2019-12-20 09:35:48.400,3033.0000,22051,0,240516060.000,0,-,-,-,-,3032.6000,3032.2000,3032.0000,3030.6000,3030.0000,3033.6000,3033.8000,3034.4000,3034.8000,3035.0000,1,2,3,1,5,1,3,2,4,4
SF,IH2003,2019-12-20 09:35:48.900,3033.0000,22051,0,240516060.000,0,-,-,-,-,3032.2000,3032.0000,3030.6000,3030.0000,3029.0000,3033.6000,3033.8000,3034.4000,3034.8000,3035.0000,2,3,1,5,1,1,3,2,4,4
SF,IH2003,2019-12-20 09:35:49.400,3033.0000,22051,0,240516060.000,0,-,-,-,-,3032.4000,3032.2000,3032.0000,3030.6000,3030.0000,3033.6000,3033.8000,3034.4000,3034.8000,3035.0000,3,2,3,1,5,1,3,2,4,4
SF,IH2003,2019-12-20 09:35:50.400,3033.0000,22051,0,240516060.000,0,-,-,-,-,3032.4000,3032.2000,3032.0000,3030.6000,3030.0000,3033.4000,3033.6000,3033.8000,3034.4000,3034.8000,1,2,3,1,5,2,1,3,2,4
SF,IH2003,2019-12-20 09:35:50.900,3033.2000,22051,0,241426020.000,1,0,1,多换,S,3032.2000,3032.0000,3030.6000,3030.0000,3029.0000,3033.4000,3033.8000,3034.4000,3034.8000,3035.0000,2,3,1,5,1,2,3,2,4,7
SF,IH2003,2019-12-20 09:35:51.400,3033.2000,22051,0,241426020.000,0,-,-,-,-,3032.4000,3032.0000,3030.6000,3030.0000,3029.0000,3033.2000,3033.8000,3034.8000,3035.0000,3035.2000,2,3,1,5,1,7,2,7,4,1
SF,IH2003,2019-12-20 09:35:51.900,3033.2000,22051,0,241426020.000,0,-,-,-,-,3032.4000,3032.0000,3030.6000,3030.0000,3029.0000,3033.2000,3033.8000,3034.8000,3035.0000,3035.2000,2,3,1,5,1,4,2,7,4,1
SF,IH2003,2019-12-20 09:35:52.400,3033.2000,22050,-1,242335980.000,1,0,1,双平,S,3032.0000,3030.6000,3030.0000,3029.0000,3028.4000,3033.2000,3033.8000,3034.8000,3035.0000,3035.2000,3,1,5,1,3,3,2,4,4,1
SF,IH2003,2019-12-20 09:35:52.900,3033.2000,22050,0,242335980.000,0,-,-,-,-,3032.2000,3032.0000,3030.6000,3030.0000,3029.0000,3033.2000,3033.8000,3034.8000,3035.0000,3035.2000,2,3,1,5,1,3,2,4,4,1
SF,IH2003,2019-12-20 09:35:53.900,3033.2000,22050,0,242335980.000,0,-,-,-,-,3032.2000,3032.0000,3030.6000,3030.0000,3029.0000,3033.0000,3033.2000,3033.8000,3034.8000,3035.0000,2,3,1,5,1,2,3,2,4,4
SF,IH2003,2019-12-20 09:35:56.400,3032.2000,22049,-1,243245640.000,1,0,1,双平,S,3032.2000,3032.0000,3030.6000,3030.0000,3029.0000,3033.0000,3033.2000,3033.8000,3034.8000,3035.0000,1,3,1,5,1,2,3,2,4,4
SF,IH2003,2019-12-20 09:35:56.900,3032.2000,22049,0,243245640.000,0,-,-,-,-,3032.0000,3030.6000,3030.0000,3029.0000,3028.4000,3033.0000,3033.2000,3033.8000,3034.8000,3035.0000,3,1,5,1,3,2,3,3,4,4
SF,IH2003,2019-12-20 09:35:57.400,3032.2000,22049,0,243245640.000,0,-,-,-,-,3032.0000,3030.6000,3030.0000,3029.0000,3028.4000,3033.0000,3033.2000,3033.8000,3034.2000,3034.8000,3,1,5,1,3,2,3,3,3,4
SF,IH2003,2019-12-20 09:35:57.900,3032.2000,22049,0,243245640.000,0,-,-,-,-,3032.0000,3030.6000,3030.0000,3029.0000,3028.4000,3033.0000,3033.2000,3033.8000,3034.8000,3035.0000,3,1,5,1,3,2,3,3,4,4
SF,IH2003,2019-12-20 09:35:58.900,3032.2000,22049,0,243245640.000,0,-,-,-,-,3032.0000,3030.6000,3030.0000,3029.0000,3028.4000,3033.0000,3033.2000,3033.8000,3034.8000,3035.0000,3,1,5,1,3,2,3,3,4,4
SF,IH2003,2019-12-20 09:35:59.400,3032.2000,22049,0,243245640.000,0,-,-,-,-,3032.2000,3032.0000,3030.6000,3030.0000,3029.0000,3033.0000,3033.2000,3033.8000,3034.8000,3035.0000,1,3,1,5,1,2,3,3,4,4
SF,IH2003,2019-12-20 09:35:59.900,3032.2000,22049,0,243245640.000,0,-,-,-,-,3032.2000,3032.0000,3030.6000,3030.0000,3029.0000,3033.2000,3033.8000,3034.8000,3035.0000,3035.2000,1,3,1,5,1,3,3,4,4,1
SF,IH2003,2019-12-20 09:36:00.400,3032.2000,22049,0,243245640.000,0,-,-,-,-,3032.2000,3032.0000,3031.0000,3030.6000,3030.0000,3033.2000,3033.8000,3034.8000,3035.0000,3035.2000,1,3,1,1,5,3,3,4,4,1
SF,IH2003,2019-12-20 09:36:00.900,3032.2000,22049,0,243245640.000,0,-,-,-,-,3032.0000,3031.0000,3030.6000,3030.0000,3029.0000,3033.0000,3033.2000,3033.8000,3034.8000,3035.0000,3,1,1,5,1,1,3,3,4,4
SF,IH2003,2019-12-20 09:36:01.900,3032.2000,22049,0,243245640.000,0,-,-,-,-,3032.2000,3032.0000,3031.0000,3030.6000,3030.0000,3033.2000,3033.8000,3034.8000,3035.0000,3035.2000,1,3,1,1,5,3,3,4,4,1
SF,IH2003,2019-12-20 09:36:02.400,3032.2000,22049,0,243245640.000,0,-,-,-,-,3032.2000,3032.0000,3031.0000,3030.6000,3030.0000,3033.0000,3033.2000,3033.8000,3034.8000,3035.0000,1,3,1,1,5,2,3,3,4,4
SF,IH2003,2019-12-20 09:36:02.900,3032.2000,22049,0,243245640.000,0,-,-,-,-,3032.2000,3032.0000,3031.0000,3030.6000,3030.0000,3033.2000,3033.8000,3034.8000,3035.0000,3035.2000,1,3,1,1,5,3,3,4,4,1
SF,IH2003,2019-12-20 09:36:03.900,3032.2000,22049,0,243245640.000,0,-,-,-,-,3032.2000,3032.0000,3031.0000,3030.6000,3030.0000,3033.2000,3033.8000,3034.8000,3035.0000,3035.2000,1,3,1,1,5,3,3,4,4,1
SF,IH2003,2019-12-20 09:36:04.400,3032.2000,22049,0,243245640.000,0,-,-,-,-,3032.2000,3032.0000,3031.0000,3030.6000,3030.0000,3033.0000,3033.2000,3033.8000,3034.8000,3035.0000,1,3,1,1,5,1,3,3,4,4
SF,IH2003,2019-12-20 09:36:04.900,3032.2000,22049,0,243245640.000,0,-,-,-,-,3032.2000,3032.0000,3031.0000,3030.6000,3030.0000,3033.2000,3033.8000,3034.8000,3035.0000,3035.2000,2,3,1,1,5,3,3,4,4,1
SF,IH2003,2019-12-20 09:36:05.400,3032.2000,22049,0,243245640.000,0,-,-,-,-,3032.2000,3032.0000,3031.0000,3030.6000,3030.0000,3033.0000,3033.2000,3033.8000,3034.2000,3034.8000,1,3,1,1,5,3,3,3,3,4
SF,IH2003,2019-12-20 09:36:05.900,3032.2000,22049,0,243245640.000,0,-,-,-,-,3032.2000,3032.0000,3031.0000,3030.6000,3030.0000,3033.2000,3033.8000,3034.2000,3034.8000,3035.0000,1,3,1,1,5,2,3,3,4,4
SF,IH2003,2019-12-20 09:36:06.400,3032.2000,22049,0,243245640.000,0,-,-,-,-,3032.0000,3031.0000,3030.6000,3030.0000,3029.0000,3032.2000,3033.0000,3033.2000,3033.8000,3034.2000,3,1,1,5,1,1,1,2,3,3
SF,IH2003,2019-12-20 09:36:06.900,3032.2000,22048,-1,244155300.000,1,0,1,双平,S,3032.4000,3032.2000,3032.0000,3031.0000,3030.6000,3033.0000,3033.2000,3033.8000,3034.2000,3034.8000,2,8,3,1,1,1,2,3,3,4
SF,IH2003,2019-12-20 09:36:07.400,3032.2000,22048,0,244155300.000,0,-,-,-,-,3032.2000,3032.0000,3031.0000,3030.6000,3030.0000,3033.2000,3033.8000,3034.8000,3035.0000,3035.8000,5,3,1,1,5,2,3,4,4,1
SF,IH2003,2019-12-20 09:36:07.900,3032.2000,22048,0,244155300.000,0,-,-,-,-,3032.4000,3032.2000,3032.0000,3031.0000,3030.6000,3033.2000,3033.8000,3034.0000,3034.8000,3035.0000,1,5,3,1,1,2,3,3,4,4
SF,IH2003,2019-12-20 09:36:08.400,3032.2000,22048,0,244155300.000,0,-,-,-,-,3032.4000,3032.2000,3032.0000,3031.0000,3030.6000,3033.2000,3033.4000,3033.8000,3034.0000,3034.8000,1,5,3,1,1,2,1,3,3,4
SF,IH2003,2019-12-20 09:36:08.900,3032.2000,22048,0,244155300.000,0,-,-,-,-,3032.2000,3032.0000,3031.0000,3030.6000,3030.0000,3033.2000,3033.4000,3033.8000,3034.0000,3034.8000,5,3,1,1,5,2,1,3,3,4
SF,IH2003,2019-12-20 09:36:09.400,3032.2000,22048,0,244155300.000,0,-,-,-,-,3032.4000,3032.2000,3032.0000,3031.0000,3030.6000,3033.2000,3033.4000,3033.8000,3034.0000,3034.8000,1,5,3,1,1,2,1,3,3,4
SF,IH2003,2019-12-20 09:36:09.900,3032.2000,22048,0,244155300.000,0,-,-,-,-,3032.4000,3032.2000,3032.0000,3031.0000,3030.6000,3033.2000,3033.4000,3033.8000,3034.2000,3034.8000,1,5,3,1,1,3,1,3,3,4
SF,IH2003,2019-12-20 09:36:10.400,3032.2000,22048,0,244155300.000,0,-,-,-,-,3032.4000,3032.2000,3032.0000,3031.0000,3030.6000,3033.2000,3033.4000,3033.8000,3034.8000,3035.0000,1,5,3,1,1,3,1,3,4,4
SF,IH2003,2019-12-20 09:36:10.900,3032.2000,22048,0,244155300.000,0,-,-,-,-,3032.4000,3032.2000,3032.0000,3031.0000,3030.6000,3033.0000,3033.2000,3033.4000,3033.8000,3034.8000,1,5,3,1,1,1,1,1,3,4
SF,IH2003,2019-12-20 09:36:12.900,3033.2000,22047,-1,245975160.000,2,0,2,多平,S,3033.2000,3033.0000,3032.4000,3032.2000,3032.0000,3033.4000,3033.8000,3034.8000,3035.0000,3035.8000,2,1,1,2,3,1,3,4,4,1
SF,IH2003,2019-12-20 09:36:13.400,3033.4000,22046,-1,246885180.000,1,0,1,双平,S,3033.2000,3033.0000,3032.2000,3032.0000,3031.0000,3033.8000,3034.8000,3035.0000,3035.8000,3036.0000,1,1,2,3,1,1,4,4,1,1
SF,IH2003,2019-12-20 09:36:14.900,3033.4000,22046,0,246885180.000,0,-,-,-,-,3033.2000,3033.0000,3032.2000,3032.0000,3031.0000,3033.8000,3034.8000,3035.0000,3035.8000,3036.0000,1,1,1,3,1,1,4,4,1,1
SF,IH2003,2019-12-20 09:36:15.900,3033.4000,22046,0,246885180.000,0,-,-,-,-,3033.0000,3032.2000,3032.0000,3031.0000,3030.6000,3033.8000,3034.8000,3035.0000,3035.8000,3036.0000,1,1,3,1,1,1,4,4,1,1
SF,IH2003,2019-12-20 09:36:16.400,3033.4000,22046,0,246885180.000,0,-,-,-,-,3032.2000,3032.0000,3031.0000,3030.6000,3030.0000,3033.8000,3034.8000,3035.0000,3035.8000,3036.0000,1,3,1,1,5,2,4,4,1,1
SF,IH2003,2019-12-20 09:36:16.900,3033.4000,22046,0,246885180.000,0,-,-,-,-,3032.4000,3032.2000,3032.0000,3031.0000,3030.6000,3033.8000,3034.8000,3035.0000,3035.8000,3036.0000,6,2,3,1,1,2,4,4,1,1
SF,IH2003,2019-12-20 09:36:17.400,3033.4000,22046,0,246885180.000,0,-,-,-,-,3032.4000,3032.2000,3032.0000,3031.0000,3030.6000,3033.6000,3033.8000,3034.8000,3035.0000,3035.8000,6,2,3,1,1,1,3,4,4,1
SF,IH2003,2019-12-20 09:36:17.900,3033.4000,22046,0,246885180.000,0,-,-,-,-,3032.4000,3032.2000,3032.0000,3031.0000,3030.6000,3033.4000,3033.6000,3033.8000,3034.8000,3035.0000,5,2,3,1,1,1,1,3,4,4
SF,IH2003,2019-12-20 09:36:18.400,3033.4000,22046,0,246885180.000,0,-,-,-,-,3033.0000,3032.4000,3032.2000,3032.0000,3031.0000,3033.4000,3033.6000,3033.8000,3034.8000,3035.0000,1,5,2,3,1,1,1,3,4,4
SF,IH2003,2019-12-20 09:36:18.900,3033.4000,22046,0,246885180.000,0,-,-,-,-,3033.0000,3032.4000,3032.2000,3032.0000,3031.0000,3033.4000,3033.8000,3034.8000,3035.0000,3035.8000,1,2,2,3,1,1,3,4,4,1
SF,IH2003,2019-12-20 09:36:20.400,3033.0000,22046,0,247795080.000,1,0,1,多换,S,3032.4000,3032.2000,3032.0000,3031.0000,3030.6000,3033.4000,3033.8000,3034.8000,3035.0000,3035.8000,2,2,3,1,1,1,3,4,4,1
SF,IH2003,2019-12-20 09:36:20.900,3033.0000,22046,0,247795080.000,0,-,-,-,-,3032.6000,3032.4000,3032.2000,3032.0000,3031.0000,3033.4000,3033.8000,3034.8000,3035.0000,3035.8000,1,2,2,3,1,1,3,4,4,1
SF,IH2003,2019-12-20 09:36:21.400,3033.0000,22046,0,247795080.000,0,-,-,-,-,3032.6000,3032.2000,3032.0000,3031.0000,3030.6000,3033.4000,3033.8000,3034.8000,3035.0000,3035.8000,1,2,3,1,1,1,3,4,4,1
SF,IH2003,2019-12-20 09:36:21.900,3033.0000,22046,0,247795080.000,0,-,-,-,-,3032.2000,3032.0000,3031.0000,3030.6000,3030.0000,3033.4000,3033.8000,3034.8000,3035.0000,3035.8000,2,3,1,1,6,1,3,4,4,1
SF,IH2003,2019-12-20 09:36:22.400,3033.0000,22046,0,247795080.000,0,-,-,-,-,3032.4000,3032.2000,3032.0000,3031.0000,3030.6000,3033.8000,3034.8000,3035.0000,3035.8000,3036.0000,3,2,3,1,1,3,4,4,1,1
SF,IH2003,2019-12-20 09:36:22.900,3033.0000,22046,0,247795080.000,0,-,-,-,-,3032.4000,3032.2000,3032.0000,3031.0000,3030.6000,3033.6000,3033.8000,3034.8000,3035.0000,3035.8000,1,2,3,1,1,4,3,4,4,1
SF,IH2003,2019-12-20 09:36:23.400,3033.0000,22046,0,247795080.000,0,-,-,-,-,3032.2000,3032.0000,3031.0000,3030.6000,3030.0000,3033.4000,3033.6000,3033.8000,3034.8000,3035.0000,2,4,1,1,5,1,4,3,4,4
SF,IH2003,2019-12-20 09:36:23.900,3033.4000,22045,-1,248705100.000,1,0,1,双平,S,3032.2000,3032.0000,3031.0000,3030.6000,3030.0000,3033.6000,3033.8000,3034.8000,3035.0000,3035.8000,2,4,1,1,5,3,3,4,4,1
SF,IH2003,2019-12-20 09:36:24.400,3033.4000,22045,0,248705100.000,0,-,-,-,-,3032.4000,3032.2000,3032.0000,3031.0000,3030.6000,3033.6000,3033.8000,3034.8000,3035.0000,3035.8000,2,2,4,1,1,3,3,4,4,1
SF,IH2003,2019-12-20 09:36:24.900,3033.4000,22045,0,248705100.000,0,-,-,-,-,3032.4000,3032.2000,3032.0000,3031.0000,3030.6000,3033.6000,3033.8000,3034.8000,3035.0000,3035.8000,2,3,4,1,1,3,3,4,4,1
SF,IH2003,2019-12-20 09:36:25.400,3033.4000,22045,0,248705100.000,0,-,-,-,-,3032.4000,3032.2000,3032.0000,3031.0000,3030.6000,3033.6000,3033.8000,3034.8000,3035.0000,3035.8000,2,3,4,1,1,3,4,4,4,1
SF,IH2003,2019-12-20 09:36:26.400,3033.4000,22045,0,248705100.000,0,-,-,-,-,3032.4000,3032.2000,3032.0000,3031.0000,3030.6000,3033.6000,3033.8000,3034.8000,3035.0000,3035.8000,2,3,4,1,1,4,4,4,4,1
SF,IH2003,2019-12-20 09:36:26.900,3033.4000,22045,0,248705100.000,0,-,-,-,-,3032.6000,3032.4000,3032.2000,3032.0000,3031.0000,3033.6000,3033.8000,3034.8000,3035.0000,3035.8000,1,2,3,4,1,4,4,4,4,1
SF,IH2003,2019-12-20 09:36:29.400,3033.4000,22045,0,248705100.000,0,-,-,-,-,3033.0000,3032.6000,3032.4000,3032.2000,3032.0000,3033.6000,3033.8000,3034.8000,3035.0000,3035.8000,10,1,2,3,4,4,4,4,4,1
SF,IH2003,2019-12-20 09:36:30.400,3033.4000,22045,0,248705100.000,0,-,-,-,-,3033.0000,3032.6000,3032.4000,3032.2000,3032.0000,3033.6000,3033.8000,3034.8000,3035.0000,3035.8000,10,1,1,3,4,4,4,4,4,1
SF,IH2003,2019-12-20 09:36:30.900,3033.6000,22047,2,251435340.000,3,2,1,空开,S,3033.0000,3032.6000,3032.4000,3032.2000,3032.0000,3033.8000,3034.8000,3035.0000,3035.8000,3036.0000,10,1,1,3,4,4,4,4,1,1
SF,IH2003,2019-12-20 09:36:31.400,3033.6000,22047,0,251435340.000,0,-,-,-,-,3033.0000,3032.4000,3032.2000,3032.0000,3031.0000,3033.8000,3034.8000,3035.0000,3035.8000,3036.0000,10,1,2,4,1,4,4,4,1,1
SF,IH2003,2019-12-20 09:36:33.400,3033.6000,22047,0,251435340.000,0,-,-,-,-,3033.0000,3032.4000,3032.2000,3032.0000,3031.0000,3033.8000,3034.8000,3035.0000,3035.8000,3036.0000,10,1,2,4,1,4,4,4,1,1
SF,IH2003,2019-12-20 09:36:34.400,3033.6000,22047,0,251435340.000,0,-,-,-,-,3033.0000,3032.4000,3032.2000,3032.0000,3031.0000,3033.8000,3034.8000,3035.0000,3035.8000,3036.0000,10,1,1,4,1,4,4,4,1,1
SF,IH2003,2019-12-20 09:36:35.400,3033.8000,22049,2,255075900.000,4,3,1,空开,S,3033.8000,3033.0000,3032.4000,3032.2000,3032.0000,3034.8000,3035.0000,3035.8000,3036.0000,3037.0000,1,10,1,1,4,4,4,1,1,1
