市场代码,合约代码,时间,最新,持仓,增仓,成交额,成交量,开仓,平仓,成交类型,方向,买一价,买二价,买三价,买四价,买五价,卖一价,卖二价,卖三价,卖四价,卖五价,买一量,买二量,买三量,买四量,买五量,卖一量,卖二量,卖三量,卖四量,卖五量
SF,IH2003,2020-02-13 09:29:00.300,2878.0000,24352,0,10360800.000,12.000,-,-,-,-,2877.6000,2877.0000,2876.2000,2876.0000,2875.0000,2878.0000,2878.2000,2880.2000,2882.0000,2882.6000,1,2,3,6,2,1,2,1,3,1
SF,IH2003,2020-02-13 09:30:00.300,2877.0000,24354,2,15539820.000,6,4,2,空开,S,2876.2000,2876.0000,2875.0000,2874.4000,2874.0000,2876.6000,2877.6000,2877.8000,2880.2000,2882.0000,3,6,2,1,1,5,1,1,1,3
SF,IH2003,2020-02-13 09:30:00.800,2876.2000,24353,-1,23306760.000,9,4,5,多平,S,2876.2000,2876.0000,2875.2000,2875.0000,2874.0000,2876.6000,2877.6000,2877.8000,2878.0000,2880.2000,1,5,1,3,1,1,1,5,1,1
SF,IH2003,2020-02-13 09:30:01.300,2876.2000,24352,-1,26758260.000,4,1,3,多平,S,2876.0000,2875.2000,2875.0000,2874.0000,2873.6000,2876.2000,2877.6000,2877.8000,2880.2000,2882.0000,4,1,3,1,2,2,2,5,1,3
SF,IH2003,2020-02-13 09:30:01.800,2876.2000,24350,-2,28483980.000,2,0,2,双平,S,2876.0000,2875.2000,2875.0000,2874.0000,2873.6000,2876.2000,2877.6000,2877.8000,2880.2000,2881.0000,4,1,3,1,2,2,1,5,1,1
SF,IH2003,2020-02-13 09:30:02.300,2876.2000,24346,-4,31935420.000,4,0,4,双平,S,2876.0000,2875.2000,2875.0000,2874.0000,2873.6000,2876.2000,2877.6000,2877.8000,2879.6000,2880.2000,4,1,3,1,2,1,1,5,1,1
SF,IH2003,2020-02-13 09:30:02.800,2876.2000,24342,-4,36249720.000,5,0,5,多平,S,2876.0000,2875.4000,2875.2000,2875.0000,2874.0000,2877.6000,2877.8000,2879.6000,2880.2000,2881.0000,5,1,1,3,1,1,5,1,1,1
SF,IH2003,2020-02-13 09:30:03.300,2876.2000,24341,-1,37975440.000,2,0,2,多平,S,2876.0000,2875.4000,2875.2000,2875.0000,2874.0000,2877.4000,2877.6000,2877.8000,2878.2000,2879.6000,5,1,1,3,1,2,1,5,2,1
SF,IH2003,2020-02-13 09:30:03.800,2876.0000,24339,-2,39701100.000,2,0,2,双平,S,2876.0000,2875.4000,2875.2000,2875.0000,2874.0000,2876.2000,2877.4000,2877.6000,2877.8000,2879.6000,4,1,1,3,1,3,2,1,3,1
SF,IH2003,2020-02-13 09:30:04.300,2876.0000,24333,-6,45741420.000,7,0,7,多平,S,2876.0000,2875.4000,2875.2000,2875.0000,2874.0000,2877.4000,2877.6000,2877.8000,2879.6000,2880.2000,5,1,1,3,1,1,1,3,1,1
SF,IH2003,2020-02-13 09:30:04.800,2877.2000,24329,-4,50918580.000,6,1,5,多平,S,2876.0000,2875.4000,2875.2000,2875.0000,2874.0000,2877.6000,2877.8000,2879.6000,2880.2000,2881.0000,4,1,1,2,1,1,3,1,1,1
SF,IH2003,2020-02-13 09:30:05.300,2877.2000,24329,0,51781740.000,1,0,1,多换,S,2876.2000,2876.0000,2875.4000,2875.2000,2875.0000,2877.4000,2877.6000,2877.8000,2879.6000,2880.2000,1,4,1,1,2,1,1,3,1,1
SF,IH2003,2020-02-13 09:30:05.800,2877.2000,24329,0,51781740.000,0,-,-,-,-,2876.2000,2876.0000,2875.4000,2875.2000,2875.0000,2877.2000,2877.6000,2877.8000,2879.6000,2880.2000,5,4,1,1,2,5,1,3,1,1
SF,IH2003,2020-02-13 09:30:06.300,2877.2000,24325,-4,56097540.000,5,0,5,多平,S,2877.4000,2877.2000,2877.0000,2876.8000,2876.6000,2877.8000,2879.6000,2880.2000,2881.0000,2882.0000,1,2,2,3,3,3,1,1,1,3
SF,IH2003,2020-02-13 09:30:06.800,2877.2000,24321,-4,61277040.000,6,1,5,多平,S,2877.0000,2876.8000,2876.6000,2876.4000,2876.2000,2877.2000,2879.6000,2880.2000,2881.0000,2882.0000,1,2,3,5,5,3,1,1,1,3
SF,IH2003,2020-02-13 09:30:07.300,2877.2000,24319,-2,64729680.000,4,1,3,多平,S,2877.0000,2876.8000,2876.6000,2876.4000,2876.2000,2879.6000,2880.2000,2881.0000,2882.0000,2885.0000,1,2,3,5,4,1,1,1,3,1
SF,IH2003,2020-02-13 09:30:07.800,2877.2000,24319,0,64729680.000,0,-,-,-,-,2877.2000,2876.4000,2876.2000,2876.0000,2875.4000,2879.4000,2879.6000,2879.8000,2880.0000,2880.2000,3,1,1,4,1,7,2,1,2,1
SF,IH2003,2020-02-13 09:30:08.300,2877.2000,24316,-3,67319160.000,3,0,3,双平,S,2876.4000,2876.2000,2876.0000,2875.4000,2875.2000,2877.2000,2879.2000,2879.4000,2879.6000,2879.8000,1,1,4,1,1,2,1,7,1,4
SF,IH2003,2020-02-13 09:30:08.800,2877.2000,24316,0,68182320.000,1,0,1,多换,S,2877.0000,2876.6000,2876.4000,2876.0000,2875.4000,2877.2000,2879.2000,2879.4000,2879.6000,2879.8000,1,1,1,4,1,1,1,7,1,4
SF,IH2003,2020-02-13 09:30:09.300,2877.2000,24315,-1,69045480.000,1,0,1,双平,S,2877.0000,2876.6000,2876.4000,2876.0000,2875.4000,2877.2000,2879.2000,2879.4000,2879.6000,2879.8000,1,2,4,4,1,5,1,7,1,1
SF,IH2003,2020-02-13 09:30:09.800,2877.2000,24311,-4,74224440.000,6,1,5,多平,S,2877.0000,2876.6000,2876.4000,2876.0000,2875.4000,2879.2000,2879.4000,2879.6000,2879.8000,2880.2000,1,2,4,4,1,1,7,1,1,1
SF,IH2003,2020-02-13 09:30:10.300,2877.0000,24310,-1,75087540.000,1,0,1,双平,S,2876.6000,2876.4000,2876.0000,2875.4000,2875.2000,2877.0000,2877.2000,2879.0000,2879.2000,2879.4000,2,1,4,1,1,1,5,8,2,1
SF,IH2003,2020-02-13 09:30:10.800,2877.2000,24305,-5,80266440.000,6,0,6,多平,S,2876.8000,2876.6000,2876.4000,2876.0000,2875.4000,2879.0000,2879.2000,2879.6000,2879.8000,2880.2000,1,2,1,4,1,6,2,1,1,3
SF,IH2003,2020-02-13 09:30:11.300,2877.2000,24305,0,80266440.000,0,-,-,-,-,2876.8000,2876.0000,2875.4000,2875.2000,2875.0000,2877.0000,2877.2000,2878.8000,2879.0000,2879.2000,1,4,1,1,2,3,2,3,7,2
SF,IH2003,2020-02-13 09:30:11.800,2877.2000,24298,-7,86308020.000,7,0,7,双平,S,2876.0000,2875.4000,2875.2000,2875.0000,2874.0000,2877.2000,2878.8000,2879.0000,2879.2000,2879.6000,4,1,1,4,2,1,2,7,2,1
SF,IH2003,2020-02-13 09:30:12.300,2877.2000,24298,0,86308020.000,0,-,-,-,-,2876.2000,2876.0000,2875.4000,2875.2000,2875.0000,2877.2000,2878.8000,2879.0000,2879.2000,2879.6000,3,4,1,1,4,6,1,6,1,1
SF,IH2003,2020-02-13 09:30:12.800,2877.2000,24298,0,87171180.000,1,0,1,多换,S,2876.2000,2876.0000,2875.4000,2875.2000,2875.0000,2877.2000,2878.8000,2879.0000,2879.2000,2879.6000,8,8,1,1,4,5,1,6,1,1
SF,IH2003,2020-02-13 09:30:13.300,2877.2000,24298,0,87171180.000,0,-,-,-,-,2876.2000,2876.0000,2875.4000,2875.2000,2875.0000,2877.0000,2877.2000,2878.8000,2879.0000,2879.2000,1,4,1,1,4,1,5,1,5,1
SF,IH2003,2020-02-13 09:30:13.800,2877.2000,24297,-1,88897500.000,2,0,2,多平,S,2876.2000,2876.0000,2875.4000,2875.2000,2875.0000,2877.2000,2878.8000,2879.0000,2879.2000,2879.6000,1,4,1,1,4,9,1,5,1,1
SF,IH2003,2020-02-13 09:30:14.300,2876.4000,24296,-1,90623580.000,2,0,2,多平,S,2876.2000,2876.0000,2875.4000,2875.2000,2875.0000,2877.2000,2878.8000,2879.0000,2879.2000,2879.6000,1,4,1,1,4,8,1,5,1,1
SF,IH2003,2020-02-13 09:30:14.800,2876.4000,24296,0,91486500.000,1,0,1,多换,S,2876.4000,2876.2000,2876.0000,2875.4000,2875.2000,2876.8000,2877.2000,2878.8000,2879.0000,2879.2000,4,1,4,1,1,1,12,1,4,1
SF,IH2003,2020-02-13 09:30:15.300,2876.8000,24297,1,92349540.000,1,1,0,双开,S,2876.4000,2876.2000,2876.0000,2875.4000,2875.2000,2877.2000,2878.8000,2879.0000,2879.2000,2879.6000,1,1,4,1,1,12,1,4,1,2
SF,IH2003,2020-02-13 09:30:15.800,2876.4000,24294,-3,95801460.000,4,0,4,多平,S,2876.2000,2876.0000,2875.4000,2875.2000,2875.0000,2876.8000,2877.2000,2878.6000,2878.8000,2879.0000,1,4,1,1,4,1,12,1,1,3
SF,IH2003,2020-02-13 09:30:16.300,2876.4000,24294,0,95801460.000,0,-,-,-,-,2876.6000,2876.4000,2876.2000,2876.0000,2875.4000,2876.8000,2877.2000,2878.6000,2878.8000,2879.0000,1,1,2,4,1,1,12,1,1,3
SF,IH2003,2020-02-13 09:30:16.800,2876.8000,24293,-1,96664500.000,1,0,1,双平,S,2876.8000,2876.0000,2875.4000,2875.2000,2875.0000,2877.2000,2878.6000,2878.8000,2879.0000,2879.2000,1,4,1,1,4,6,1,1,3,1
SF,IH2003,2020-02-13 09:30:17.300,2876.8000,24292,-1,97527540.000,1,0,1,双平,S,2876.0000,2875.4000,2875.2000,2875.0000,2874.0000,2877.2000,2878.6000,2878.8000,2879.0000,2879.2000,4,1,1,4,2,6,1,1,3,1
SF,IH2003,2020-02-13 09:30:17.800,2876.8000,24292,0,97527540.000,0,-,-,-,-,2876.2000,2876.0000,2875.4000,2875.2000,2875.0000,2877.2000,2878.6000,2878.8000,2879.2000,2879.6000,3,4,1,1,4,6,1,1,1,2
SF,IH2003,2020-02-13 09:30:18.300,2877.2000,24288,-4,100980180.000,4,0,4,双平,S,2876.0000,2875.4000,2875.2000,2875.0000,2874.0000,2878.6000,2878.8000,2879.2000,2879.6000,2879.8000,4,1,1,4,2,1,1,1,2,1
SF,IH2003,2020-02-13 09:30:18.800,2877.2000,24288,0,100980180.000,0,-,-,-,-,2876.4000,2876.2000,2876.0000,2875.4000,2875.2000,2876.6000,2878.2000,2878.4000,2878.6000,2879.2000,1,5,5,1,1,1,1,4,1,1
SF,IH2003,2020-02-13 09:30:19.300,2876.6000,24287,-1,101843160.000,1,0,1,双平,S,2876.6000,2876.4000,2876.2000,2876.0000,2875.4000,2876.8000,2878.2000,2878.4000,2878.6000,2879.2000,6,1,8,8,1,1,1,4,1,1
SF,IH2003,2020-02-13 09:30:19.800,2876.8000,24287,0,102706200.000,1,0,1,多换,S,2876.6000,2876.4000,2876.2000,2876.0000,2875.4000,2878.4000,2878.6000,2879.2000,2879.6000,2879.8000,5,1,5,8,1,4,1,1,4,1
SF,IH2003,2020-02-13 09:30:20.300,2876.8000,24287,0,102706200.000,0,-,-,-,-,2876.8000,2876.6000,2876.2000,2876.0000,2875.4000,2878.4000,2878.6000,2879.2000,2879.6000,2879.8000,1,4,5,8,1,4,1,1,4,1
SF,IH2003,2020-02-13 09:30:20.800,2876.8000,24287,0,102706200.000,0,-,-,-,-,2876.6000,2876.4000,2876.2000,2876.0000,2875.4000,2878.4000,2878.6000,2879.2000,2879.6000,2879.8000,4,1,5,8,1,4,1,1,4,1
SF,IH2003,2020-02-13 09:30:21.300,2876.8000,24286,-1,103569240.000,1,0,1,双平,S,2876.6000,2876.2000,2876.0000,2875.4000,2875.2000,2878.2000,2878.4000,2878.6000,2879.2000,2879.6000,4,2,4,1,1,1,4,1,1,4
SF,IH2003,2020-02-13 09:30:21.800,2876.8000,24286,0,103569240.000,0,-,-,-,-,2877.0000,2876.8000,2876.6000,2876.2000,2876.0000,2878.0000,2878.2000,2878.4000,2878.6000,2879.2000,1,2,3,2,4,3,1,1,1,1
SF,IH2003,2020-02-13 09:30:22.300,2876.8000,24286,0,103569240.000,0,-,-,-,-,2877.0000,2876.8000,2876.6000,2876.2000,2876.0000,2877.8000,2878.0000,2878.4000,2878.6000,2879.2000,1,2,2,2,4,1,3,1,1,1
SF,IH2003,2020-02-13 09:30:22.800,2876.8000,24286,0,103569240.000,0,-,-,-,-,2877.0000,2876.8000,2876.6000,2876.2000,2876.0000,2877.8000,2878.4000,2878.6000,2879.2000,2879.6000,1,2,2,2,4,1,1,1,1,4
SF,IH2003,2020-02-13 09:30:23.300,2877.0000,24286,0,104432340.000,1,0,1,多换,S,2876.8000,2876.6000,2876.2000,2876.0000,2875.4000,2877.8000,2878.4000,2878.6000,2879.2000,2879.6000,3,2,2,4,1,1,1,1,1,4
SF,IH2003,2020-02-13 09:30:23.800,2877.0000,24285,-1,105295440.000,1,0,1,双平,S,2877.0000,2876.8000,2876.6000,2876.2000,2876.0000,2877.8000,2878.4000,2878.6000,2879.2000,2879.6000,4,2,2,2,4,1,1,1,1,2
SF,IH2003,2020-02-13 09:30:24.800,2877.8000,24284,-1,106158780.000,1,0,1,双平,S,2877.8000,2877.0000,2876.8000,2876.6000,2876.2000,2878.4000,2878.6000,2879.2000,2879.6000,2880.2000,1,4,2,2,2,1,1,1,2,1
SF,IH2003,2020-02-13 09:30:25.300,2877.8000,24283,-1,107022120.000,1,0,1,双平,S,2877.6000,2877.2000,2877.0000,2876.8000,2876.6000,2878.4000,2878.6000,2879.2000,2879.6000,2880.2000,1,1,4,2,2,1,1,1,2,1
SF,IH2003,2020-02-13 09:30:25.800,2877.8000,24283,0,107022120.000,0,-,-,-,-,2877.8000,2877.6000,2877.2000,2877.0000,2876.8000,2878.4000,2878.6000,2879.2000,2879.6000,2880.2000,1,1,1,3,1,1,1,1,2,1
SF,IH2003,2020-02-13 09:30:26.300,2877.8000,24283,0,107022120.000,0,-,-,-,-,2877.8000,2877.6000,2877.2000,2877.0000,2876.8000,2878.4000,2878.6000,2879.2000,2879.6000,2880.2000,1,1,1,3,1,1,1,1,2,1
SF,IH2003,2020-02-13 09:30:26.800,2877.6000,24281,-2,108748740.000,2,0,2,双平,S,2877.2000,2877.0000,2876.8000,2876.6000,2876.2000,2878.4000,2878.6000,2879.2000,2879.6000,2880.2000,1,3,1,2,1,1,1,1,2,1
SF,IH2003,2020-02-13 09:30:27.300,2877.6000,24281,0,108748740.000,0,-,-,-,-,2877.4000,2877.2000,2876.8000,2876.6000,2876.0000,2878.4000,2878.6000,2879.2000,2879.6000,2880.2000,6,4,1,2,4,1,1,1,2,1
SF,IH2003,2020-02-13 09:30:27.800,2878.4000,24281,0,109612260.000,1,0,1,多换,S,2877.4000,2877.2000,2876.8000,2876.6000,2876.0000,2878.6000,2879.2000,2879.6000,2880.2000,2881.0000,4,2,1,2,4,1,1,2,1,1
SF,IH2003,2020-02-13 09:30:28.300,2878.6000,24280,-1,111339420.000,2,0,2,多平,S,2878.8000,2877.4000,2877.2000,2876.8000,2876.6000,2879.2000,2879.6000,2880.2000,2881.0000,2882.0000,1,4,2,1,2,1,2,1,1,3
SF,IH2003,2020-02-13 09:30:28.800,2878.8000,24279,-1,112203060.000,1,0,1,双平,S,2877.4000,2877.2000,2876.8000,2876.6000,2876.0000,2878.8000,2879.0000,2879.2000,2879.6000,2880.2000,4,2,1,2,4,1,4,1,2,1
SF,IH2003,2020-02-13 09:30:29.300,2878.6000,24277,-2,115656540.000,4,1,3,多平,S,2878.8000,2877.6000,2877.4000,2877.2000,2876.8000,2879.0000,2879.2000,2879.6000,2880.2000,2881.0000,8,1,3,3,1,2,1,2,1,1
SF,IH2003,2020-02-13 09:30:29.800,2878.8000,24269,-8,122565660.000,8,0,8,双平,S,2877.6000,2877.4000,2877.2000,2877.0000,2876.8000,2878.8000,2879.0000,2879.2000,2879.6000,2880.2000,1,2,3,2,1,1,2,1,2,1
SF,IH2003,2020-02-13 09:30:30.300,2878.6000,24268,-1,126019920.000,4,1,3,多平,S,2877.6000,2877.2000,2877.0000,2876.8000,2876.6000,2878.6000,2878.8000,2879.0000,2879.2000,2879.6000,1,3,2,1,2,2,1,2,1,2
SF,IH2003,2020-02-13 09:30:30.800,2878.8000,24268,0,130337880.000,5,2,3,多换,S,2879.0000,2877.6000,2877.2000,2877.0000,2876.8000,2879.2000,2879.6000,2880.2000,2881.0000,2882.0000,7,2,3,2,1,1,3,1,1,3
SF,IH2003,2020-02-13 09:30:31.300,2879.0000,24268,0,137247480.000,8,4,4,多换,S,2877.6000,2877.2000,2877.0000,2876.8000,2876.6000,2879.0000,2879.2000,2879.6000,2880.2000,2881.0000,2,3,2,1,2,1,2,3,1,1
SF,IH2003,2020-02-13 09:30:31.800,2879.0000,24268,0,137247480.000,0,-,-,-,-,2879.0000,2877.8000,2877.6000,2877.2000,2877.0000,2879.2000,2879.6000,2880.2000,2881.0000,2882.0000,1,1,2,3,2,1,3,1,1,3
SF,IH2003,2020-02-13 09:30:32.300,2879.0000,24268,0,138974880.000,2,1,1,多换,S,2877.8000,2877.6000,2877.2000,2877.0000,2876.8000,2879.2000,2879.6000,2880.2000,2880.6000,2881.0000,1,3,3,2,1,1,3,1,1,1
SF,IH2003,2020-02-13 09:30:32.800,2879.0000,24268,0,138974880.000,0,-,-,-,-,2878.0000,2877.8000,2877.6000,2877.2000,2877.0000,2879.2000,2879.6000,2880.2000,2880.6000,2881.0000,2,2,1,3,2,1,3,1,1,1
SF,IH2003,2020-02-13 09:30:33.300,2879.2000,24267,-1,139838640.000,1,0,1,双平,S,2879.2000,2879.0000,2878.0000,2877.8000,2877.6000,2879.6000,2880.2000,2880.6000,2881.0000,2882.0000,6,1,2,2,1,3,1,1,1,3
SF,IH2003,2020-02-13 09:30:33.800,2879.4000,24266,-1,140702460.000,1,0,1,双平,S,2879.2000,2879.0000,2878.0000,2877.8000,2877.6000,2879.4000,2879.6000,2880.2000,2880.6000,2881.0000,16,1,2,1,1,2,3,1,1,1
SF,IH2003,2020-02-13 09:30:34.300,2879.4000,24265,-1,141566280.000,1,0,1,双平,S,2879.4000,2879.2000,2879.0000,2878.0000,2877.8000,2879.6000,2880.2000,2880.6000,2881.0000,2882.0000,2,16,1,2,1,3,1,1,1,3
SF,IH2003,2020-02-13 09:30:34.800,2879.6000,24264,-1,144157920.000,3,1,2,多平,S,2879.6000,2879.4000,2879.2000,2879.0000,2878.0000,2880.2000,2880.6000,2881.0000,2881.8000,2882.0000,2,2,16,1,2,1,1,1,1,3
SF,IH2003,2020-02-13 09:30:35.300,2879.6000,24264,0,144157920.000,0,-,-,-,-,2879.6000,2879.2000,2879.0000,2878.0000,2877.8000,2880.0000,2880.2000,2880.6000,2881.0000,2881.8000,3,16,1,2,1,1,1,1,1,1
SF,IH2003,2020-02-13 09:30:35.800,2880.0000,24265,1,145885800.000,2,1,1,空开,S,2879.6000,2879.4000,2879.2000,2879.0000,2878.0000,2880.2000,2880.6000,2881.0000,2881.8000,2882.0000,1,1,16,1,1,1,1,1,1,3
SF,IH2003,2020-02-13 09:30:36.300,2880.0000,24264,-1,148477500.000,3,1,2,多平,S,2879.6000,2879.2000,2879.0000,2878.8000,2878.0000,2880.0000,2880.2000,2880.6000,2881.0000,2881.8000,10,16,1,1,1,1,1,1,3,1
SF,IH2003,2020-02-13 09:30:36.800,2880.0000,24264,0,152797260.000,5,2,3,多换,S,2880.0000,2879.6000,2879.2000,2879.0000,2878.8000,2880.2000,2880.6000,2881.0000,2881.8000,2882.0000,8,8,16,1,1,1,1,3,1,3
SF,IH2003,2020-02-13 09:30:37.300,2880.0000,24256,-8,159709260.000,8,0,8,双平,S,2879.6000,2879.2000,2879.0000,2878.8000,2878.0000,2879.8000,2880.2000,2880.6000,2881.0000,2881.8000,8,16,1,1,1,4,1,1,3,1
SF,IH2003,2020-02-13 09:30:37.800,2879.8000,24257,1,161437080.000,2,1,1,空开,S,2879.6000,2879.2000,2879.0000,2878.8000,2878.0000,2879.8000,2880.0000,2880.2000,2880.4000,2880.6000,7,16,1,1,1,3,1,1,1,1
SF,IH2003,2020-02-13 09:30:38.300,2879.6000,24257,0,162300960.000,1,0,1,多换,S,2879.6000,2879.2000,2879.0000,2878.8000,2878.0000,2880.2000,2880.4000,2880.6000,2881.0000,2881.8000,6,16,1,1,1,1,1,1,3,1
SF,IH2003,2020-02-13 09:30:38.800,2879.6000,24257,0,163164840.000,1,0,1,多换,S,2879.6000,2879.2000,2879.0000,2878.8000,2878.0000,2880.2000,2880.4000,2880.6000,2881.0000,2881.8000,5,16,1,1,1,1,1,1,3,1
SF,IH2003,2020-02-13 09:30:39.300,2879.6000,24256,-1,164892600.000,2,0,2,多平,S,2879.8000,2879.6000,2879.2000,2879.0000,2878.8000,2880.0000,2880.2000,2880.4000,2880.6000,2881.0000,3,6,16,1,1,1,1,1,1,3
SF,IH2003,2020-02-13 09:30:39.800,2879.6000,24256,0,164892600.000,0,-,-,-,-,2879.8000,2879.6000,2879.2000,2879.0000,2878.8000,2880.0000,2880.2000,2880.4000,2880.6000,2881.0000,4,6,16,1,1,1,1,1,1,3
SF,IH2003,2020-02-13 09:30:40.300,2880.0000,24257,1,166620600.000,2,1,1,空开,S,2879.8000,2879.6000,2879.2000,2879.0000,2878.8000,2880.2000,2880.4000,2880.6000,2881.0000,2881.8000,4,6,16,1,1,1,1,1,1,1
SF,IH2003,2020-02-13 09:30:40.800,2880.2000,24256,-1,167484660.000,1,0,1,双平,S,2880.2000,2880.0000,2879.8000,2879.6000,2879.2000,2880.4000,2880.6000,2881.0000,2881.8000,2882.0000,1,2,4,6,16,1,1,1,1,3
SF,IH2003,2020-02-13 09:30:41.300,2880.0000,24255,-1,169212720.000,2,0,2,多平,S,2880.0000,2879.8000,2879.6000,2879.2000,2879.0000,2880.4000,2880.6000,2881.0000,2881.8000,2882.0000,1,6,6,16,1,1,1,1,1,3
SF,IH2003,2020-02-13 09:30:41.800,2880.0000,24255,0,169212720.000,0,-,-,-,-,2880.0000,2879.8000,2879.6000,2879.2000,2879.0000,2880.2000,2880.4000,2880.6000,2881.0000,2881.8000,1,6,6,16,1,1,1,1,1,1
SF,IH2003,2020-02-13 09:30:42.800,2880.0000,24254,-1,170076720.000,1,0,1,双平,S,2879.8000,2879.6000,2879.2000,2879.0000,2878.8000,2880.2000,2880.4000,2880.6000,2881.0000,2881.8000,6,6,16,1,1,1,1,1,1,1
SF,IH2003,2020-02-13 09:30:43.300,2880.0000,24254,0,170076720.000,0,-,-,-,-,2879.8000,2879.6000,2879.2000,2879.0000,2878.8000,2880.4000,2880.6000,2881.0000,2881.8000,2882.0000,6,6,16,1,1,1,1,1,1,3
SF,IH2003,2020-02-13 09:30:43.800,2879.8000,24253,-1,170940660.000,1,0,1,双平,S,2879.8000,2879.6000,2879.2000,2879.0000,2878.8000,2880.4000,2880.6000,2881.0000,2881.8000,2882.0000,5,6,16,1,1,1,1,1,1,3
SF,IH2003,2020-02-13 09:30:44.300,2879.8000,24253,0,170940660.000,0,-,-,-,-,2879.8000,2879.6000,2879.2000,2879.0000,2878.8000,2880.0000,2880.4000,2880.6000,2881.0000,2881.8000,5,6,16,1,1,1,1,1,1,1
SF,IH2003,2020-02-13 09:30:45.300,2880.0000,24251,-2,172668660.000,2,0,2,双平,S,2879.8000,2879.6000,2879.2000,2879.0000,2878.8000,2880.2000,2880.4000,2880.6000,2881.0000,2881.8000,5,6,16,1,1,1,1,1,1,1
SF,IH2003,2020-02-13 09:30:46.800,2880.0000,24251,0,172668660.000,0,-,-,-,-,2880.0000,2879.8000,2879.6000,2879.2000,2879.0000,2880.2000,2880.4000,2880.6000,2881.0000,2881.8000,1,5,6,16,1,1,1,1,1,1
SF,IH2003,2020-02-13 09:30:47.300,2880.2000,24251,0,175260660.000,3,1,2,多换,S,2879.8000,2879.6000,2879.2000,2879.0000,2878.8000,2880.4000,2880.6000,2881.0000,2881.8000,2882.0000,4,6,16,1,1,1,1,1,1,3
SF,IH2003,2020-02-13 09:30:47.800,2880.2000,24251,0,175260660.000,0,-,-,-,-,2879.8000,2879.6000,2879.2000,2879.0000,2878.8000,2880.0000,2880.2000,2880.4000,2880.6000,2881.0000,4,6,16,1,1,2,1,1,1,1
SF,IH2003,2020-02-13 09:30:48.300,2879.8000,24251,0,177852480.000,3,1,2,多换,S,2879.8000,2879.6000,2879.2000,2879.0000,2878.8000,2880.0000,2880.2000,2880.4000,2880.6000,2881.0000,1,6,16,1,1,1,1,1,1,1
SF,IH2003,2020-02-13 09:30:48.800,2879.8000,24251,0,178716420.000,1,0,1,多换,S,2879.6000,2879.2000,2878.8000,2878.0000,2877.6000,2879.8000,2880.0000,2880.2000,2880.4000,2880.6000,6,16,1,2,1,4,4,1,1,1
SF,IH2003,2020-02-13 09:30:49.300,2880.2000,24247,-4,185628240.000,8,2,6,多平,S,2880.0000,2879.8000,2879.6000,2879.2000,2878.8000,2880.4000,2880.6000,2881.0000,2881.8000,2882.0000,1,2,6,16,1,1,1,3,1,3
SF,IH2003,2020-02-13 09:30:49.800,2879.6000,24248,1,189947760.000,5,3,2,空开,S,2879.8000,2879.6000,2879.2000,2878.8000,2878.0000,2880.0000,2880.4000,2880.6000,2881.0000,2881.8000,1,2,16,1,2,3,2,1,3,1
SF,IH2003,2020-02-13 09:30:50.300,2879.8000,24248,0,190811700.000,1,0,1,多换,S,2879.6000,2879.2000,2878.8000,2878.0000,2877.6000,2879.8000,2880.0000,2880.4000,2880.6000,2881.0000,2,16,1,2,1,1,3,1,1,4
SF,IH2003,2020-02-13 09:30:50.800,2879.8000,24248,0,190811700.000,0,-,-,-,-,2879.8000,2879.6000,2879.2000,2878.8000,2878.0000,2880.4000,2880.6000,2881.0000,2881.8000,2882.0000,1,2,16,1,2,1,1,4,1,3
SF,IH2003,2020-02-13 09:30:51.300,2879.8000,24248,0,190811700.000,0,-,-,-,-,2879.6000,2879.2000,2878.8000,2878.0000,2877.6000,2879.8000,2880.4000,2880.6000,2881.0000,2881.8000,2,16,1,2,1,1,1,1,4,1
SF,IH2003,2020-02-13 09:30:51.800,2879.8000,24249,1,191675640.000,1,1,0,双开,S,2879.6000,2879.2000,2878.8000,2878.0000,2877.6000,2880.4000,2880.6000,2881.0000,2881.8000,2882.0000,2,16,1,2,1,1,1,4,1,3
SF,IH2003,2020-02-13 09:30:52.300,2879.6000,24249,0,194267280.000,3,1,2,多换,S,2879.2000,2878.8000,2878.0000,2877.6000,2877.2000,2879.6000,2880.4000,2880.6000,2881.0000,2881.8000,16,1,2,1,1,1,1,1,4,1
SF,IH2003,2020-02-13 09:30:52.800,2879.8000,24248,-1,195995100.000,2,0,2,多平,S,2879.2000,2878.8000,2878.0000,2877.6000,2877.2000,2879.8000,2880.4000,2880.6000,2881.0000,2881.8000,16,1,2,1,1,1,1,1,5,1
SF,IH2003,2020-02-13 09:30:53.300,2879.8000,24248,0,195995100.000,0,-,-,-,-,2879.6000,2879.2000,2878.8000,2878.0000,2877.6000,2879.8000,2880.4000,2880.6000,2881.0000,2881.8000,1,16,1,2,1,1,2,1,5,1
SF,IH2003,2020-02-13 09:30:53.800,2879.8000,24248,0,195995100.000,0,-,-,-,-,2879.6000,2879.2000,2878.8000,2878.0000,2877.6000,2879.8000,2880.4000,2880.6000,2881.0000,2881.8000,11,16,1,2,1,1,2,1,5,1
SF,IH2003,2020-02-13 09:30:54.300,2879.8000,24249,1,201178440.000,6,3,3,空开,S,2879.6000,2879.2000,2878.8000,2878.0000,2877.6000,2880.0000,2880.4000,2880.6000,2881.0000,2881.8000,6,16,1,2,1,1,2,1,5,1
SF,IH2003,2020-02-13 09:30:54.800,2879.6000,24250,1,202042320.000,1,1,0,双开,S,2879.6000,2879.2000,2878.8000,2878.0000,2877.6000,2880.4000,2880.6000,2881.0000,2881.8000,2882.0000,5,16,1,2,1,2,1,5,1,3
SF,IH2003,2020-02-13 09:30:55.300,2879.6000,24250,0,202042320.000,0,-,-,-,-,2879.6000,2879.2000,2878.8000,2878.0000,2877.6000,2880.2000,2880.4000,2880.6000,2881.0000,2881.8000,5,16,1,2,1,3,2,1,5,1
SF,IH2003,2020-02-13 09:30:56.800,2879.6000,24250,0,202042320.000,0,-,-,-,-,2879.6000,2879.2000,2878.8000,2878.0000,2877.6000,2880.4000,2880.6000,2881.0000,2881.8000,2882.0000,5,16,1,2,1,2,1,5,1,3
SF,IH2003,2020-02-13 09:30:57.300,2880.0000,24251,1,202906320.000,1,1,0,双开,S,2880.2000,2879.6000,2879.2000,2878.8000,2878.0000,2880.4000,2880.6000,2881.0000,2881.8000,2882.0000,9,5,16,1,2,2,1,5,1,3
SF,IH2003,2020-02-13 09:30:57.800,2880.2000,24257,6,210682860.000,9,7,2,空开,S,2879.6000,2879.2000,2878.8000,2878.0000,2877.6000,2879.8000,2880.0000,2880.4000,2880.6000,2881.0000,5,16,1,2,1,1,1,3,1,5
SF,IH2003,2020-02-13 09:30:58.300,2879.8000,24256,-1,211546800.000,1,0,1,双平,S,2879.6000,2879.2000,2878.8000,2878.0000,2877.6000,2880.2000,2880.4000,2880.6000,2881.0000,2881.8000,5,14,1,2,1,1,2,1,5,1
SF,IH2003,2020-02-13 09:30:58.800,2879.6000,24256,0,215002320.000,4,2,2,多换,S,2879.6000,2879.2000,2878.8000,2878.0000,2877.6000,2880.2000,2880.4000,2880.6000,2881.0000,2881.8000,1,14,1,2,1,1,2,1,5,1
SF,IH2003,2020-02-13 09:30:59.300,2879.6000,24256,0,215866200.000,1,0,1,多换,S,2879.2000,2878.8000,2878.0000,2877.6000,2877.2000,2880.2000,2880.4000,2880.6000,2881.0000,2881.8000,14,1,2,1,1,1,2,1,5,1
SF,IH2003,2020-02-13 09:30:59.800,2879.6000,24256,0,215866200.000,0,-,-,-,-,2879.2000,2878.8000,2878.0000,2877.6000,2877.2000,2880.2000,2880.4000,2880.6000,2881.0000,2881.8000,14,1,2,1,1,1,2,1,5,1
SF,IH2003,2020-02-13 09:31:00.300,2879.6000,24256,0,215866200.000,0,-,-,-,-,2879.2000,2878.8000,2878.0000,2877.6000,2877.2000,2880.0000,2880.2000,2880.4000,2880.6000,2881.0000,14,1,2,1,1,1,2,2,1,5
SF,IH2003,2020-02-13 09:31:00.800,2879.2000,24255,-1,216729960.000,1,0,1,双平,S,2879.2000,2878.8000,2878.0000,2877.6000,2877.2000,2880.0000,2880.2000,2880.4000,2880.6000,2881.0000,13,1,2,1,1,4,2,2,1,5
SF,IH2003,2020-02-13 09:31:01.300,2879.2000,24255,0,216729960.000,0,-,-,-,-,2879.2000,2878.8000,2878.0000,2877.6000,2877.2000,2879.6000,2880.0000,2880.2000,2880.4000,2880.6000,13,1,2,1,1,1,6,2,2,1
SF,IH2003,2020-02-13 09:31:01.800,2879.6000,24254,-1,217593840.000,1,0,1,双平,S,2879.6000,2879.2000,2878.8000,2878.0000,2877.6000,2880.0000,2880.2000,2880.4000,2880.6000,2881.0000,1,13,1,2,1,4,1,2,1,5
SF,IH2003,2020-02-13 09:31:02.300,2879.6000,24254,0,217593840.000,0,-,-,-,-,2879.6000,2879.2000,2878.8000,2878.0000,2877.6000,2880.0000,2880.2000,2880.4000,2880.6000,2881.0000,1,13,1,2,1,1,1,2,1,5
SF,IH2003,2020-02-13 09:31:02.800,2879.6000,24254,0,217593840.000,0,-,-,-,-,2879.2000,2878.8000,2878.0000,2877.6000,2877.2000,2880.0000,2880.2000,2880.4000,2880.6000,2881.0000,13,1,2,1,1,1,1,2,1,5
SF,IH2003,2020-02-13 09:31:03.300,2879.2000,24253,-1,218457600.000,1,0,1,双平,S,2879.2000,2878.8000,2878.0000,2877.6000,2877.2000,2880.4000,2880.6000,2881.0000,2881.8000,2882.0000,12,1,2,1,1,2,1,5,1,3
SF,IH2003,2020-02-13 09:31:03.800,2879.2000,24252,-1,220185300.000,2,0,2,多平,S,2879.2000,2879.0000,2878.8000,2878.0000,2877.6000,2879.8000,2880.2000,2880.4000,2880.6000,2881.0000,11,1,1,2,1,3,3,2,1,5
SF,IH2003,2020-02-13 09:31:04.300,2879.2000,24252,0,221049060.000,1,0,1,多换,S,2879.2000,2879.0000,2878.8000,2878.0000,2877.6000,2879.8000,2880.0000,2880.2000,2880.4000,2880.6000,10,1,1,2,1,3,4,3,2,1
SF,IH2003,2020-02-13 09:31:04.800,2879.6000,24251,-1,222776700.000,2,0,2,多平,S,2879.2000,2879.0000,2878.8000,2878.0000,2877.6000,2879.8000,2880.0000,2880.2000,2880.4000,2880.6000,9,1,1,2,1,3,5,1,2,1
SF,IH2003,2020-02-13 09:31:05.300,2879.2000,24254,3,226231740.000,4,3,1,空开,S,2879.2000,2879.0000,2878.8000,2878.0000,2877.6000,2879.6000,2879.8000,2880.0000,2880.2000,2880.4000,5,1,1,2,1,2,3,5,1,2
SF,IH2003,2020-02-13 09:31:05.800,2879.2000,24254,0,227095500.000,1,0,1,多换,S,2879.2000,2879.0000,2878.8000,2878.0000,2877.6000,2879.4000,2879.6000,2880.0000,2880.2000,2880.4000,4,1,1,2,1,2,3,5,1,2
SF,IH2003,2020-02-13 09:31:06.300,2879.0000,24257,3,231414240.000,5,4,1,空开,S,2878.8000,2878.0000,2877.6000,2877.2000,2877.0000,2879.2000,2879.4000,2879.6000,2879.8000,2880.0000,1,2,1,1,3,4,2,2,1,5
SF,IH2003,2020-02-13 09:31:06.800,2879.0000,24257,0,231414240.000,0,-,-,-,-,2878.8000,2878.0000,2877.6000,2877.2000,2877.0000,2879.0000,2879.2000,2879.8000,2880.0000,2880.4000,1,2,1,1,3,2,2,1,5,2
SF,IH2003,2020-02-13 09:31:07.300,2878.8000,24256,-1,232277880.000,1,0,1,双平,S,2878.0000,2877.6000,2877.2000,2877.0000,2876.2000,2878.8000,2879.0000,2879.2000,2879.8000,2880.0000,2,1,1,3,1,2,2,2,1,5
SF,IH2003,2020-02-13 09:31:07.800,2878.8000,24256,0,232277880.000,0,-,-,-,-,2878.0000,2877.6000,2877.2000,2877.0000,2876.2000,2878.6000,2878.8000,2879.2000,2879.8000,2880.0000,2,1,1,3,1,2,2,2,1,5
SF,IH2003,2020-02-13 09:31:08.300,2878.0000,24256,0,233141280.000,1,0,1,多换,S,2878.0000,2877.0000,2876.2000,2876.0000,2875.4000,2878.6000,2878.8000,2879.2000,2879.8000,2880.0000,1,3,1,3,1,2,1,2,1,5
SF,IH2003,2020-02-13 09:31:08.800,2878.2000,24255,-1,234868320.000,2,0,2,多平,S,2878.0000,2877.0000,2876.2000,2876.0000,2875.4000,2878.4000,2878.6000,2878.8000,2879.2000,2879.8000,1,3,1,3,1,2,1,1,2,1
SF,IH2003,2020-02-13 09:31:09.300,2878.6000,24252,-3,237458940.000,3,0,3,双平,S,2878.6000,2878.4000,2878.0000,2877.0000,2876.2000,2878.8000,2879.2000,2880.0000,2880.2000,2880.4000,3,4,1,3,1,1,2,5,1,2
SF,IH2003,2020-02-13 09:31:09.800,2878.8000,24252,0,239186220.000,2,1,1,多换,S,2878.8000,2878.6000,2878.4000,2878.0000,2877.0000,2879.2000,2880.0000,2880.2000,2880.4000,2880.6000,1,3,3,1,3,2,5,1,2,2
SF,IH2003,2020-02-13 09:31:10.300,2878.8000,24253,1,240913620.000,2,1,1,空开,S,2878.6000,2878.4000,2878.0000,2877.0000,2876.2000,2879.2000,2880.0000,2880.2000,2880.4000,2880.6000,3,3,1,3,1,1,5,1,2,2
SF,IH2003,2020-02-13 09:31:10.800,2878.8000,24253,0,240913620.000,0,-,-,-,-,2878.8000,2878.6000,2878.4000,2878.0000,2877.0000,2879.2000,2880.0000,2880.2000,2880.4000,2880.6000,1,1,1,1,3,1,5,1,2,2
SF,IH2003,2020-02-13 09:31:11.300,2878.8000,24253,0,240913620.000,0,-,-,-,-,2878.6000,2878.4000,2878.0000,2877.0000,2876.2000,2878.8000,2879.2000,2880.0000,2880.2000,2880.4000,1,1,1,3,1,1,2,5,1,2
SF,IH2003,2020-02-13 09:31:11.800,2878.6000,24252,-1,242640780.000,2,0,2,多平,S,2878.0000,2877.0000,2876.2000,2876.0000,2875.4000,2879.2000,2880.0000,2880.2000,2880.4000,2880.6000,1,3,1,3,1,2,5,1,2,2
SF,IH2003,2020-02-13 09:31:12.300,2878.6000,24252,0,242640780.000,0,-,-,-,-,2878.2000,2878.0000,2877.8000,2877.0000,2876.2000,2878.6000,2879.2000,2880.0000,2880.2000,2880.4000,1,2,1,3,1,1,2,5,1,2
SF,IH2003,2020-02-13 09:31:12.800,2878.6000,24252,0,243504360.000,1,0,1,多换,S,2878.8000,2878.6000,2878.4000,2878.0000,2877.8000,2879.2000,2880.0000,2880.2000,2880.4000,2880.6000,8,2,1,2,1,2,5,1,2,2
SF,IH2003,2020-02-13 09:31:13.300,2879.2000,24252,0,244368120.000,1,0,1,多换,S,2878.8000,2878.6000,2878.0000,2877.8000,2877.0000,2879.2000,2880.0000,2880.2000,2880.4000,2880.6000,8,2,2,1,3,1,5,1,2,2
SF,IH2003,2020-02-13 09:31:13.800,2878.8000,24252,0,245231760.000,1,0,1,多换,S,2878.8000,2878.6000,2878.0000,2877.8000,2877.0000,2879.2000,2879.6000,2880.0000,2880.2000,2880.4000,7,1,2,1,3,1,1,5,1,2
SF,IH2003,2020-02-13 09:31:14.300,2878.8000,24254,2,246959040.000,2,2,0,双开,S,2878.8000,2878.6000,2878.0000,2877.8000,2877.0000,2879.2000,2879.6000,2880.0000,2880.2000,2880.4000,5,1,2,1,3,1,1,5,1,2
SF,IH2003,2020-02-13 09:31:14.800,2878.8000,24254,0,246959040.000,0,-,-,-,-,2878.8000,2878.6000,2878.0000,2877.8000,2877.0000,2879.2000,2879.6000,2880.0000,2880.2000,2880.4000,5,1,2,2,3,1,1,5,1,2
SF,IH2003,2020-02-13 09:31:15.300,2878.8000,24254,0,248686440.000,2,1,1,多换,S,2878.8000,2878.6000,2878.0000,2877.8000,2877.0000,2879.6000,2880.0000,2880.2000,2880.4000,2880.6000,4,1,1,2,3,1,5,1,2,2
SF,IH2003,2020-02-13 09:31:15.800,2878.8000,24254,0,249550080.000,1,0,1,多换,S,2878.8000,2878.6000,2878.0000,2877.8000,2877.0000,2879.2000,2879.4000,2879.6000,2879.8000,2880.0000,3,1,1,2,3,1,2,1,1,5
SF,IH2003,2020-02-13 09:31:16.300,2878.8000,24255,1,251277360.000,2,1,1,空开,S,2878.8000,2878.6000,2878.0000,2877.8000,2877.0000,2879.0000,2879.2000,2879.4000,2879.6000,2879.8000,1,1,1,2,3,1,1,2,1,1
SF,IH2003,2020-02-13 09:31:16.800,2878.6000,24254,-1,253004580.000,2,0,2,多平,S,2878.0000,2877.8000,2877.0000,2876.2000,2876.0000,2879.0000,2879.2000,2879.4000,2879.6000,2879.8000,1,2,3,1,3,1,2,1,1,1
SF,IH2003,2020-02-13 09:31:17.300,2878.6000,24254,0,253004580.000,0,-,-,-,-,2878.2000,2878.0000,2877.8000,2877.0000,2876.2000,2878.8000,2879.0000,2879.2000,2879.4000,2879.6000,1,1,2,3,1,1,1,3,1,1
SF,IH2003,2020-02-13 09:31:17.800,2878.6000,24254,0,253004580.000,0,-,-,-,-,2878.0000,2877.8000,2877.0000,2876.2000,2876.0000,2879.0000,2879.2000,2879.4000,2879.6000,2879.8000,1,2,3,1,3,1,3,1,1,1
SF,IH2003,2020-02-13 09:31:18.300,2878.6000,24254,0,253004580.000,0,-,-,-,-,2878.0000,2877.8000,2877.0000,2876.2000,2876.0000,2879.0000,2879.2000,2879.4000,2879.6000,2879.8000,2,2,3,1,3,1,3,1,1,1
SF,IH2003,2020-02-13 09:31:18.800,2878.0000,24254,0,253867980.000,1,0,1,多换,S,2878.0000,2877.8000,2877.0000,2876.2000,2876.0000,2878.2000,2879.0000,2879.2000,2879.4000,2879.6000,1,2,3,1,3,1,2,3,1,1
SF,IH2003,2020-02-13 09:31:19.300,2879.0000,24253,-1,255595140.000,2,0,2,多平,S,2878.2000,2878.0000,2877.8000,2877.0000,2876.2000,2878.4000,2879.0000,2879.2000,2879.4000,2879.6000,3,1,2,3,1,1,1,3,1,1
SF,IH2003,2020-02-13 09:31:19.800,2878.4000,24252,-1,257322180.000,2,0,2,多平,S,2878.2000,2878.0000,2877.8000,2877.0000,2876.2000,2878.6000,2879.0000,2879.2000,2879.4000,2879.6000,2,2,2,3,1,1,1,3,1,1
SF,IH2003,2020-02-13 09:31:20.300,2878.4000,24252,0,257322180.000,0,-,-,-,-,2878.2000,2878.0000,2877.8000,2877.0000,2876.2000,2878.6000,2879.0000,2879.2000,2879.4000,2879.6000,2,3,2,3,1,1,1,3,1,1
SF,IH2003,2020-02-13 09:31:20.800,2878.2000,24252,0,258185640.000,1,0,1,多换,S,2878.0000,2877.8000,2877.0000,2876.2000,2876.0000,2878.6000,2879.0000,2879.2000,2879.4000,2879.6000,3,2,3,1,3,1,1,4,1,1
SF,IH2003,2020-02-13 09:31:21.300,2878.2000,24252,0,258185640.000,0,-,-,-,-,2878.0000,2877.8000,2877.0000,2876.2000,2876.0000,2878.6000,2879.0000,2879.2000,2879.4000,2879.6000,2,2,3,1,3,1,1,4,1,1
SF,IH2003,2020-02-13 09:31:21.800,2878.2000,24252,0,258185640.000,0,-,-,-,-,2878.4000,2878.2000,2878.0000,2877.8000,2877.0000,2878.6000,2878.8000,2879.0000,2879.2000,2879.4000,2,1,2,2,3,1,1,1,4,1
SF,IH2003,2020-02-13 09:31:22.300,2878.2000,24252,0,258185640.000,0,-,-,-,-,2878.4000,2878.0000,2877.8000,2877.0000,2876.2000,2878.6000,2878.8000,2879.0000,2879.2000,2879.4000,2,2,2,3,2,1,2,1,4,1
SF,IH2003,2020-02-13 09:31:22.800,2878.4000,24252,0,259049160.000,1,0,1,多换,S,2878.4000,2878.0000,2877.8000,2877.0000,2876.2000,2878.6000,2878.8000,2879.0000,2879.2000,2879.4000,1,2,2,3,2,1,3,1,3,1
SF,IH2003,2020-02-13 09:31:23.300,2879.6000,24249,-3,266822580.000,9,3,6,多平,S,2878.6000,2878.4000,2878.0000,2877.8000,2877.0000,2879.8000,2880.0000,2880.2000,2880.4000,2880.6000,1,1,2,2,3,1,2,1,2,1
SF,IH2003,2020-02-13 09:31:23.800,2879.6000,24249,0,266822580.000,0,-,-,-,-,2878.8000,2878.6000,2878.4000,2878.0000,2877.8000,2880.0000,2880.2000,2880.4000,2880.6000,2881.0000,3,1,1,2,2,2,1,2,1,5
SF,IH2003,2020-02-13 09:31:24.300,2879.6000,24249,0,266822580.000,0,-,-,-,-,2879.0000,2878.8000,2878.4000,2878.0000,2877.8000,2880.0000,2880.2000,2880.4000,2880.6000,2881.0000,1,3,1,2,2,2,2,2,1,5
SF,IH2003,2020-02-13 09:31:24.800,2879.6000,24249,0,266822580.000,0,-,-,-,-,2879.2000,2879.0000,2878.8000,2878.6000,2878.4000,2880.0000,2880.2000,2880.4000,2880.6000,2881.0000,1,1,2,1,1,1,3,2,1,5
SF,IH2003,2020-02-13 09:31:25.300,2880.0000,24249,0,267686580.000,1,0,1,多换,S,2880.0000,2879.8000,2879.4000,2879.0000,2878.8000,2880.2000,2880.4000,2880.6000,2881.0000,2881.8000,1,1,1,1,2,3,2,1,5,1
SF,IH2003,2020-02-13 09:31:25.800,2879.0000,24249,0,270278220.000,3,1,2,多换,S,2878.6000,2878.4000,2878.0000,2877.8000,2877.0000,2880.0000,2880.2000,2880.4000,2880.6000,2881.0000,1,1,2,2,3,1,3,2,1,5
SF,IH2003,2020-02-13 09:31:26.300,2879.0000,24249,0,270278220.000,0,-,-,-,-,2878.8000,2878.6000,2878.4000,2878.0000,2877.8000,2880.0000,2880.2000,2880.4000,2880.6000,2881.0000,1,1,1,2,2,1,3,2,1,5
SF,IH2003,2020-02-13 09:31:26.800,2880.0000,24248,-1,271142220.000,1,0,1,双平,S,2880.0000,2879.0000,2878.6000,2878.4000,2878.0000,2880.2000,2880.4000,2880.6000,2881.0000,2881.8000,1,1,1,1,2,3,2,1,5,1
SF,IH2003,2020-02-13 09:31:27.300,2880.0000,24248,0,272006220.000,1,0,1,多换,S,2878.6000,2878.4000,2878.0000,2877.8000,2877.0000,2880.0000,2880.2000,2880.4000,2880.6000,2881.0000,1,1,2,2,3,1,3,2,1,5
SF,IH2003,2020-02-13 09:31:27.800,2878.8000,24247,-1,272869860.000,1,0,1,双平,S,2878.8000,2878.6000,2878.4000,2878.0000,2877.8000,2880.0000,2880.2000,2880.4000,2880.6000,2881.0000,1,1,1,2,2,2,3,2,1,5
SF,IH2003,2020-02-13 09:31:28.300,2878.8000,24247,0,272869860.000,0,-,-,-,-,2878.6000,2878.4000,2878.0000,2877.8000,2877.0000,2880.0000,2880.2000,2880.4000,2880.6000,2881.0000,1,1,2,2,3,2,4,2,1,5
SF,IH2003,2020-02-13 09:31:28.800,2878.8000,24247,0,272869860.000,0,-,-,-,-,2878.6000,2878.4000,2878.0000,2877.8000,2877.0000,2880.0000,2880.2000,2880.4000,2881.0000,2881.8000,1,1,2,2,3,1,4,2,4,1
SF,IH2003,2020-02-13 09:31:29.300,2878.8000,24247,0,272869860.000,0,-,-,-,-,2878.6000,2878.4000,2878.0000,2877.8000,2877.0000,2878.8000,2880.0000,2880.2000,2880.4000,2881.0000,1,1,2,2,3,1,1,4,2,4
SF,IH2003,2020-02-13 09:31:29.800,2878.8000,24246,-1,273733500.000,1,0,1,双平,S,2879.0000,2878.8000,2878.6000,2878.4000,2878.0000,2880.0000,2880.2000,2880.4000,2881.0000,2881.8000,2,3,1,1,6,1,4,2,4,1
SF,IH2003,2020-02-13 09:31:30.300,2878.8000,24246,0,273733500.000,0,-,-,-,-,2879.0000,2878.8000,2878.6000,2878.4000,2878.0000,2880.0000,2880.2000,2880.4000,2881.0000,2881.8000,1,1,1,1,6,3,4,2,4,1
SF,IH2003,2020-02-13 09:31:30.800,2878.8000,24246,0,273733500.000,0,-,-,-,-,2878.8000,2878.6000,2878.4000,2878.0000,2877.8000,2879.0000,2880.0000,2880.2000,2880.4000,2881.0000,1,1,1,5,2,1,1,4,2,4
SF,IH2003,2020-02-13 09:31:31.300,2879.0000,24246,0,274597200.000,1,0,1,多换,S,2879.2000,2879.0000,2878.6000,2878.4000,2878.0000,2880.0000,2880.2000,2880.4000,2881.0000,2881.8000,2,4,1,1,5,1,4,2,4,1
SF,IH2003,2020-02-13 09:31:31.800,2879.0000,24246,0,274597200.000,0,-,-,-,-,2879.2000,2879.0000,2878.6000,2878.4000,2878.0000,2880.0000,2880.2000,2880.4000,2881.0000,2881.8000,1,2,1,1,5,1,4,2,4,1
SF,IH2003,2020-02-13 09:31:32.300,2879.0000,24246,0,274597200.000,0,-,-,-,-,2879.0000,2878.6000,2878.4000,2878.0000,2877.8000,2880.0000,2880.2000,2880.4000,2881.0000,2881.8000,2,1,1,5,2,1,4,2,4,1
SF,IH2003,2020-02-13 09:31:34.800,2880.0000,24245,-1,275461200.000,1,0,1,双平,S,2879.0000,2878.6000,2878.4000,2878.0000,2877.8000,2880.2000,2880.4000,2881.0000,2881.8000,2882.0000,2,1,1,5,2,4,2,4,1,3
SF,IH2003,2020-02-13 09:31:35.300,2880.0000,24245,0,275461200.000,0,-,-,-,-,2879.0000,2878.6000,2878.4000,2878.0000,2877.8000,2880.2000,2880.4000,2881.0000,2881.8000,2882.0000,4,1,1,5,2,4,2,4,1,3
SF,IH2003,2020-02-13 09:31:36.300,2880.2000,24244,-1,276325260.000,1,0,1,双平,S,2879.2000,2879.0000,2878.6000,2878.4000,2878.0000,2880.2000,2880.4000,2881.0000,2881.8000,2882.0000,3,5,1,1,5,3,2,3,1,3
SF,IH2003,2020-02-13 09:31:36.800,2881.0000,24240,-4,281509980.000,6,1,5,多平,S,2879.2000,2879.0000,2878.6000,2878.4000,2878.0000,2881.0000,2881.8000,2882.0000,2883.0000,2884.8000,3,5,1,1,5,2,1,3,1,1
SF,IH2003,2020-02-13 09:31:37.300,2879.0000,24235,-5,287557260.000,7,1,6,多平,S,2879.0000,2878.6000,2878.4000,2878.0000,2877.8000,2880.2000,2880.6000,2881.0000,2881.8000,2882.0000,2,1,1,5,2,1,1,1,1,3
SF,IH2003,2020-02-13 09:31:37.800,2879.0000,24235,0,287557260.000,0,-,-,-,-,2879.6000,2879.2000,2879.0000,2878.6000,2878.4000,2880.0000,2880.2000,2880.6000,2881.0000,2881.8000,1,1,1,1,1,1,1,1,1,1
SF,IH2003,2020-02-13 09:31:38.300,2880.0000,24234,-1,288421260.000,1,0,1,双平,S,2879.6000,2879.2000,2879.0000,2878.6000,2878.4000,2880.2000,2880.6000,2881.0000,2881.8000,2882.0000,1,1,1,1,1,1,1,1,1,3
SF,IH2003,2020-02-13 09:31:38.800,2880.2000,24233,-1,289285320.000,1,0,1,双平,S,2879.6000,2879.2000,2879.0000,2878.6000,2878.4000,2880.6000,2881.0000,2881.8000,2882.0000,2883.0000,1,1,1,1,1,1,1,1,3,1
SF,IH2003,2020-02-13 09:31:39.300,2880.2000,24233,0,289285320.000,0,-,-,-,-,2880.4000,2879.6000,2879.2000,2879.0000,2878.6000,2880.6000,2881.0000,2881.8000,2882.0000,2883.0000,1,1,1,1,1,1,1,1,3,1
SF,IH2003,2020-02-13 09:31:39.800,2880.4000,24232,-1,290149440.000,1,0,1,双平,S,2879.6000,2879.2000,2878.6000,2878.4000,2878.0000,2880.4000,2880.6000,2881.0000,2881.8000,2882.0000,1,1,1,1,5,1,1,1,1,3
SF,IH2003,2020-02-13 09:31:40.300,2880.4000,24232,0,291013560.000,1,0,1,多换,S,2879.6000,2879.2000,2878.6000,2878.4000,2878.0000,2880.6000,2881.0000,2881.8000,2882.0000,2883.0000,1,1,1,1,5,1,1,1,3,1
SF,IH2003,2020-02-13 09:31:40.800,2880.6000,24232,0,291877740.000,1,0,1,多换,S,2879.6000,2878.6000,2878.4000,2878.0000,2877.8000,2880.0000,2881.0000,2881.8000,2882.0000,2883.0000,2,1,1,5,2,2,1,1,3,1
SF,IH2003,2020-02-13 09:31:41.300,2880.0000,24230,-2,293605740.000,2,0,2,双平,S,2880.4000,2880.2000,2880.0000,2879.8000,2879.6000,2881.0000,2881.2000,2881.8000,2882.0000,2883.0000,1,1,5,1,2,1,1,1,3,1
SF,IH2003,2020-02-13 09:31:41.800,2881.2000,24229,-1,296198760.000,3,1,2,多平,S,2881.0000,2880.6000,2880.4000,2880.2000,2880.0000,2882.0000,2883.0000,2884.8000,2885.0000,2885.8000,1,4,2,2,4,3,1,1,3,5
SF,IH2003,2020-02-13 09:31:42.300,2882.0000,24227,-2,299656740.000,4,1,3,多平,S,2881.0000,2880.6000,2880.4000,2880.2000,2880.0000,2883.0000,2884.8000,2885.0000,2885.8000,2886.0000,1,3,1,2,3,1,1,3,5,1
SF,IH2003,2020-02-13 09:31:42.800,2885.0000,24226,-1,302252580.000,3,1,2,多平,S,2882.0000,2881.2000,2881.0000,2880.6000,2880.4000,2885.0000,2885.8000,2886.0000,2886.6000,2887.0000,1,1,3,3,1,2,5,1,1,1
SF,IH2003,2020-02-13 09:31:43.300,2882.2000,24220,-6,308308500.000,7,0,7,多平,S,2882.2000,2882.0000,2881.2000,2881.0000,2880.6000,2884.8000,2885.0000,2885.8000,2886.0000,2886.6000,3,3,3,1,3,1,3,5,3,1
SF,IH2003,2020-02-13 09:31:43.800,2882.2000,24220,0,308308500.000,0,-,-,-,-,2882.6000,2882.4000,2882.2000,2882.0000,2881.2000,2883.6000,2884.2000,2884.4000,2884.6000,2884.8000,1,1,4,1,1,3,1,1,1,9
SF,IH2003,2020-02-13 09:31:44.300,2882.6000,24219,-1,310038060.000,2,0,2,多平,S,2883.0000,2882.2000,2881.2000,2881.0000,2880.6000,2883.4000,2884.2000,2884.8000,2885.0000,2885.2000,1,3,1,1,3,2,1,2,3,2
SF,IH2003,2020-02-13 09:31:44.800,2882.6000,24219,0,314361600.000,5,2,3,多换,S,2881.2000,2881.0000,2880.6000,2880.4000,2880.0000,2883.0000,2883.4000,2884.2000,2884.4000,2884.8000,1,1,3,1,4,4,2,1,2,2
SF,IH2003,2020-02-13 09:31:45.300,2882.8000,24219,0,315226440.000,1,0,1,多换,S,2881.0000,2880.6000,2880.4000,2880.0000,2879.8000,2882.8000,2883.0000,2883.2000,2884.4000,2884.8000,1,3,1,4,3,2,3,4,2,2
SF,IH2003,2020-02-13 09:31:45.800,2882.8000,24219,0,315226440.000,0,-,-,-,-,2881.0000,2880.6000,2880.4000,2880.0000,2879.8000,2882.0000,2882.8000,2883.0000,2883.2000,2883.6000,1,3,1,3,4,1,1,7,1,1
SF,IH2003,2020-02-13 09:31:46.300,2882.8000,24219,0,315226440.000,0,-,-,-,-,2881.0000,2880.6000,2880.4000,2880.0000,2879.8000,2881.8000,2882.0000,2883.0000,2883.2000,2884.4000,1,3,1,3,1,5,1,6,2,2
SF,IH2003,2020-02-13 09:31:46.800,2881.0000,24218,-1,316090740.000,1,0,1,双平,S,2880.6000,2880.4000,2880.0000,2879.8000,2879.6000,2881.8000,2882.0000,2883.0000,2883.2000,2884.4000,3,1,3,1,1,4,1,6,2,2
SF,IH2003,2020-02-13 09:31:47.300,2881.6000,24218,0,316955220.000,1,0,1,多换,S,2880.6000,2880.4000,2880.0000,2879.8000,2879.6000,2881.0000,2881.8000,2882.6000,2883.0000,2883.2000,3,1,3,1,1,1,4,1,6,1
SF,IH2003,2020-02-13 09:31:47.800,2881.6000,24218,0,316955220.000,0,-,-,-,-,2880.6000,2880.4000,2880.0000,2879.8000,2879.6000,2881.0000,2881.8000,2882.6000,2883.0000,2883.2000,3,1,3,1,1,1,4,2,4,1
SF,IH2003,2020-02-13 09:31:48.300,2880.6000,24216,-2,318683580.000,2,0,2,双平,S,2880.6000,2880.4000,2880.0000,2879.8000,2879.6000,2881.0000,2881.8000,2882.6000,2883.0000,2884.4000,1,1,3,1,1,1,4,2,4,2
SF,IH2003,2020-02-13 09:31:48.800,2880.4000,24214,-2,320411880.000,2,0,2,双平,S,2880.0000,2879.8000,2879.6000,2879.0000,2878.6000,2881.0000,2881.8000,2882.6000,2883.0000,2884.4000,3,1,1,2,1,1,4,2,4,2
SF,IH2003,2020-02-13 09:31:49.300,2880.4000,24214,0,320411880.000,0,-,-,-,-,2880.0000,2879.8000,2879.6000,2879.0000,2878.6000,2881.0000,2881.8000,2882.6000,2883.0000,2884.4000,2,1,1,2,1,2,4,1,4,2
SF,IH2003,2020-02-13 09:31:49.800,2880.0000,24214,0,322140180.000,2,1,1,多换,S,2880.0000,2879.8000,2879.6000,2879.0000,2878.6000,2881.0000,2881.8000,2882.6000,2883.0000,2884.4000,1,1,1,2,1,1,4,1,4,2
SF,IH2003,2020-02-13 09:31:50.300,2880.0000,24214,0,322140180.000,0,-,-,-,-,2880.0000,2879.8000,2879.6000,2879.0000,2878.6000,2881.0000,2881.8000,2882.6000,2883.0000,2884.4000,1,1,1,2,1,1,4,1,3,2
SF,IH2003,2020-02-13 09:31:50.800,2881.0000,24213,-1,323004480.000,1,0,1,双平,S,2880.0000,2879.8000,2879.6000,2879.0000,2878.6000,2881.8000,2882.6000,2883.0000,2884.4000,2885.0000,1,1,1,2,1,4,1,3,2,4
SF,IH2003,2020-02-13 09:31:51.300,2881.0000,24213,0,323004480.000,0,-,-,-,-,2880.0000,2879.8000,2879.0000,2878.6000,2878.4000,2881.2000,2881.8000,2882.0000,2882.6000,2883.0000,1,1,2,1,1,1,3,1,1,3
SF,IH2003,2020-02-13 09:31:51.800,2880.2000,24211,-2,325596960.000,3,0,3,多平,S,2880.0000,2879.8000,2879.0000,2878.8000,2878.6000,2881.8000,2882.0000,2882.6000,2883.0000,2884.4000,2,1,2,3,1,3,1,1,3,2
SF,IH2003,2020-02-13 09:31:52.300,2880.8000,24210,-1,326461200.000,1,0,1,双平,S,2880.8000,2880.2000,2880.0000,2879.8000,2879.0000,2881.8000,2882.6000,2883.0000,2885.0000,2885.8000,1,3,2,1,2,3,1,3,4,5
SF,IH2003,2020-02-13 09:31:52.800,2880.8000,24210,0,326461200.000,0,-,-,-,-,2881.0000,2880.8000,2880.0000,2879.0000,2878.8000,2885.0000,2885.8000,2886.0000,2886.6000,2887.0000,2,1,2,2,3,4,5,1,1,1
SF,IH2003,2020-02-13 09:31:53.300,2880.8000,24209,-1,327325440.000,1,0,1,双平,S,2881.2000,2881.0000,2880.8000,2880.0000,2879.0000,2884.0000,2884.2000,2884.4000,2884.6000,2884.8000,4,1,1,2,2,1,2,2,1,8
SF,IH2003,2020-02-13 09:31:53.800,2880.8000,24209,0,327325440.000,0,-,-,-,-,2881.4000,2881.2000,2880.8000,2880.0000,2879.0000,2883.2000,2883.8000,2884.0000,2884.2000,2884.4000,2,4,1,2,2,4,1,1,1,1
SF,IH2003,2020-02-13 09:31:54.300,2881.4000,24209,0,328189860.000,1,0,1,多换,S,2881.2000,2880.8000,2880.0000,2879.0000,2878.6000,2882.0000,2883.0000,2883.2000,2884.0000,2884.2000,1,1,2,2,1,1,1,4,1,1
SF,IH2003,2020-02-13 09:31:54.800,2882.0000,24209,0,329054460.000,1,0,1,多换,S,2881.2000,2880.8000,2880.0000,2879.0000,2878.6000,2883.0000,2883.2000,2884.0000,2884.2000,2884.4000,1,1,2,2,1,1,4,1,1,1
SF,IH2003,2020-02-13 09:31:55.300,2880.8000,24210,1,330783060.000,2,1,1,空开,S,2880.0000,2879.0000,2878.6000,2878.4000,2878.2000,2882.8000,2883.0000,2883.2000,2884.0000,2884.2000,2,2,1,1,1,1,1,4,1,1
SF,IH2003,2020-02-13 09:31:55.800,2880.8000,24210,0,330783060.000,0,-,-,-,-,2880.0000,2879.0000,2878.6000,2878.4000,2878.2000,2881.2000,2882.6000,2882.8000,2883.2000,2884.0000,2,2,1,1,1,1,1,2,4,1
SF,IH2003,2020-02-13 09:31:56.300,2880.8000,24210,0,330783060.000,0,-,-,-,-,2880.0000,2879.0000,2878.6000,2878.4000,2878.2000,2881.2000,2882.6000,2882.8000,2883.2000,2884.2000,2,2,1,2,1,1,1,2,2,1
SF,IH2003,2020-02-13 09:31:56.800,2880.8000,24210,0,330783060.000,0,-,-,-,-,2880.2000,2880.0000,2879.0000,2878.6000,2878.4000,2882.6000,2882.8000,2883.2000,2884.2000,2884.4000,2,2,2,1,2,1,1,2,1,1
SF,IH2003,2020-02-13 09:31:57.300,2880.8000,24210,0,330783060.000,0,-,-,-,-,2880.4000,2880.2000,2880.0000,2879.0000,2878.6000,2882.2000,2882.6000,2882.8000,2883.2000,2884.2000,1,1,2,2,1,1,2,1,2,1
SF,IH2003,2020-02-13 09:31:57.800,2880.8000,24210,0,330783060.000,0,-,-,-,-,2880.4000,2880.2000,2880.0000,2879.0000,2878.6000,2882.0000,2882.2000,2882.4000,2882.6000,2882.8000,2,1,2,2,1,2,1,1,2,1
SF,IH2003,2020-02-13 09:31:58.300,2880.4000,24209,-1,331647180.000,1,0,1,双平,S,2880.4000,2880.2000,2880.0000,2879.6000,2879.0000,2881.8000,2882.0000,2882.4000,2882.6000,2884.2000,1,1,2,3,2,1,3,1,1,1
SF,IH2003,2020-02-13 09:31:58.800,2882.0000,24209,0,333376320.000,2,1,1,多换,S,2880.2000,2880.0000,2879.0000,2878.6000,2878.4000,2882.0000,2882.4000,2882.6000,2883.0000,2884.2000,1,2,2,1,2,2,1,1,1,1
SF,IH2003,2020-02-13 09:31:59.300,2882.0000,24209,0,333376320.000,0,-,-,-,-,2880.2000,2880.0000,2879.0000,2878.6000,2878.4000,2882.0000,2882.4000,2882.6000,2883.0000,2884.2000,2,4,2,1,2,1,1,1,1,1
SF,IH2003,2020-02-13 09:31:59.800,2882.0000,24209,0,333376320.000,0,-,-,-,-,2880.2000,2880.0000,2879.0000,2878.6000,2878.4000,2882.0000,2882.4000,2882.6000,2883.0000,2884.2000,1,2,2,1,2,1,1,1,1,1
SF,IH2003,2020-02-13 09:32:00.300,2882.0000,24209,0,333376320.000,0,-,-,-,-,2880.2000,2880.0000,2879.0000,2878.6000,2878.4000,2881.0000,2882.0000,2882.4000,2882.6000,2883.0000,1,2,2,1,2,1,1,1,1,1
SF,IH2003,2020-02-13 09:32:00.800,2882.0000,24209,0,333376320.000,0,-,-,-,-,2880.4000,2880.2000,2880.0000,2879.0000,2878.6000,2881.0000,2882.6000,2883.0000,2884.2000,2884.4000,1,1,2,2,1,2,1,1,1,1
SF,IH2003,2020-02-13 09:32:01.300,2882.0000,24209,0,333376320.000,0,-,-,-,-,2880.0000,2879.0000,2878.6000,2878.4000,2878.2000,2881.0000,2882.6000,2883.0000,2884.2000,2884.4000,2,2,1,2,1,2,1,1,1,1
SF,IH2003,2020-02-13 09:32:01.800,2881.0000,24210,1,335969220.000,3,2,1,空开,S,2881.0000,2880.0000,2879.0000,2878.6000,2878.4000,2882.6000,2883.0000,2884.2000,2884.4000,2884.6000,7,2,2,4,2,1,1,1,1,1
SF,IH2003,2020-02-13 09:32:02.300,2881.0000,24210,0,343747920.000,9,4,5,多换,S,2881.0000,2880.6000,2880.0000,2879.0000,2878.6000,2881.4000,2881.6000,2882.0000,2882.4000,2882.6000,1,2,2,2,4,2,1,1,2,4
SF,IH2003,2020-02-13 09:32:02.800,2881.0000,24207,-3,346340700.000,3,0,3,双平,S,2880.6000,2880.0000,2879.0000,2878.6000,2878.4000,2881.0000,2881.4000,2881.8000,2882.4000,2882.6000,1,2,2,1,2,2,2,2,1,1
SF,IH2003,2020-02-13 09:32:03.300,2880.6000,24206,-1,347204880.000,1,0,1,双平,S,2880.0000,2879.0000,2878.6000,2878.4000,2878.2000,2881.0000,2881.4000,2881.8000,2882.4000,2882.6000,2,2,1,2,1,3,2,2,1,1
SF,IH2003,2020-02-13 09:32:03.800,2880.0000,24206,0,348068880.000,1,0,1,多换,S,2880.0000,2879.0000,2878.6000,2878.4000,2878.2000,2880.4000,2881.0000,2881.4000,2881.8000,2882.4000,1,2,1,2,1,1,3,2,2,1
SF,IH2003,2020-02-13 09:32:04.300,2880.0000,24205,-1,349796880.000,2,0,2,多平,S,2879.0000,2878.6000,2878.4000,2878.2000,2878.0000,2880.0000,2880.4000,2880.8000,2881.0000,2881.8000,2,1,2,1,6,1,1,1,2,2
SF,IH2003,2020-02-13 09:32:04.800,2880.0000,24205,0,350660880.000,1,0,1,多换,S,2880.4000,2879.0000,2878.6000,2878.4000,2878.2000,2880.8000,2881.0000,2881.8000,2882.4000,2883.0000,11,2,1,2,1,1,2,2,1,1
SF,IH2003,2020-02-13 09:32:05.300,2879.0000,24203,-2,361029900.000,12,5,7,多平,S,2879.0000,2878.6000,2878.4000,2878.2000,2878.0000,2880.8000,2881.0000,2881.8000,2883.0000,2883.6000,1,1,2,1,6,1,2,2,1,2
SF,IH2003,2020-02-13 09:32:05.800,2879.0000,24203,0,361029900.000,0,-,-,-,-,2879.2000,2879.0000,2878.6000,2878.4000,2878.2000,2880.6000,2880.8000,2881.0000,2881.8000,2883.0000,1,2,1,2,1,1,1,2,2,1
SF,IH2003,2020-02-13 09:32:06.300,2879.0000,24203,0,361029900.000,0,-,-,-,-,2880.0000,2879.2000,2879.0000,2878.6000,2878.4000,2880.6000,2880.8000,2881.0000,2881.6000,2881.8000,1,1,2,1,2,1,1,2,1,2
SF,IH2003,2020-02-13 09:32:06.800,2880.4000,24203,0,361894020.000,1,0,1,多换,S,2880.0000,2879.0000,2878.6000,2878.4000,2878.2000,2880.4000,2881.0000,2881.6000,2881.8000,2883.0000,4,2,1,2,1,1,2,1,2,1
SF,IH2003,2020-02-13 09:32:07.300,2880.4000,24202,-1,362758140.000,1,0,1,双平,S,2880.0000,2879.0000,2878.6000,2878.4000,2878.2000,2881.0000,2881.6000,2881.8000,2883.0000,2883.6000,4,3,1,2,1,2,1,2,1,2
SF,IH2003,2020-02-13 09:32:07.800,2880.4000,24202,0,362758140.000,0,-,-,-,-,2880.0000,2879.0000,2878.6000,2878.4000,2878.2000,2880.8000,2881.0000,2881.6000,2881.8000,2883.0000,4,3,1,2,1,1,2,1,2,1
SF,IH2003,2020-02-13 09:32:08.300,2880.4000,24202,0,362758140.000,0,-,-,-,-,2880.0000,2879.0000,2878.6000,2878.4000,2878.2000,2880.6000,2880.8000,2881.0000,2881.6000,2881.8000,4,3,1,2,1,2,1,1,1,2
SF,IH2003,2020-02-13 09:32:08.800,2880.4000,24202,0,362758140.000,0,-,-,-,-,2880.0000,2879.0000,2878.6000,2878.4000,2878.2000,2880.6000,2881.0000,2881.6000,2881.8000,2883.0000,4,3,1,2,1,2,1,1,2,1
SF,IH2003,2020-02-13 09:32:09.300,2880.4000,24202,0,363622260.000,1,0,1,多换,S,2880.0000,2879.0000,2878.6000,2878.4000,2878.2000,2880.6000,2881.0000,2881.6000,2881.8000,2883.0000,4,3,1,2,1,2,1,1,2,1
SF,IH2003,2020-02-13 09:32:09.800,2880.0000,24202,0,364486260.000,1,0,1,多换,S,2880.0000,2879.0000,2878.6000,2878.4000,2878.2000,2880.6000,2881.0000,2881.6000,2881.8000,2883.0000,3,3,1,2,1,2,1,1,2,1
SF,IH2003,2020-02-13 09:32:10.300,2880.0000,24202,0,365350260.000,1,0,1,多换,S,2880.0000,2879.0000,2878.6000,2878.4000,2878.2000,2880.6000,2881.0000,2881.6000,2881.8000,2883.0000,2,4,1,2,1,2,1,1,2,1
SF,IH2003,2020-02-13 09:32:10.800,2880.0000,24202,0,365350260.000,0,-,-,-,-,2880.0000,2879.0000,2878.6000,2878.4000,2878.2000,2880.6000,2881.0000,2881.6000,2881.8000,2883.0000,2,4,1,2,1,2,1,1,2,1
SF,IH2003,2020-02-13 09:32:11.300,2880.0000,24203,1,367078260.000,2,1,1,空开,S,2879.0000,2878.6000,2878.4000,2878.2000,2878.0000,2880.0000,2880.6000,2881.0000,2881.6000,2881.8000,4,1,2,1,6,3,2,1,1,2
SF,IH2003,2020-02-13 09:32:11.800,2880.0000,24203,0,367078260.000,0,-,-,-,-,2879.0000,2878.6000,2878.4000,2878.2000,2878.0000,2880.0000,2881.0000,2881.6000,2881.8000,2883.0000,4,1,2,1,6,4,1,1,2,1
SF,IH2003,2020-02-13 09:32:12.300,2880.0000,24203,0,367078260.000,0,-,-,-,-,2879.2000,2879.0000,2878.4000,2878.2000,2878.0000,2880.0000,2881.0000,2881.6000,2881.8000,2883.0000,1,4,2,1,6,4,1,1,2,1
SF,IH2003,2020-02-13 09:32:14.800,2880.0000,24203,0,367078260.000,0,-,-,-,-,2879.2000,2879.0000,2878.4000,2878.2000,2878.0000,2880.0000,2881.0000,2881.6000,2881.8000,2883.0000,1,4,2,1,2,4,1,1,2,1
SF,IH2003,2020-02-13 09:32:15.300,2880.0000,24203,0,367078260.000,0,-,-,-,-,2879.6000,2879.2000,2879.0000,2878.4000,2878.2000,2880.0000,2881.0000,2881.6000,2881.8000,2883.0000,1,1,4,2,1,4,1,1,2,1
SF,IH2003,2020-02-13 09:32:15.800,2880.0000,24203,0,367078260.000,0,-,-,-,-,2879.6000,2879.2000,2879.0000,2878.4000,2878.2000,2880.0000,2881.0000,2881.6000,2881.8000,2883.0000,1,1,4,2,1,4,1,1,2,1
SF,IH2003,2020-02-13 09:32:16.300,2880.0000,24203,0,367078260.000,0,-,-,-,-,2879.6000,2879.0000,2878.4000,2878.2000,2878.0000,2880.0000,2881.0000,2881.6000,2881.8000,2883.0000,2,4,2,1,2,4,1,1,2,1
SF,IH2003,2020-02-13 09:32:17.300,2879.6000,24204,1,367942140.000,1,1,0,双开,S,2879.6000,2879.0000,2878.4000,2878.2000,2878.0000,2880.0000,2881.0000,2881.6000,2881.8000,2883.0000,1,4,2,1,2,4,1,1,2,1
SF,IH2003,2020-02-13 09:32:17.800,2879.6000,24204,0,367942140.000,0,-,-,-,-,2879.6000,2879.0000,2878.4000,2878.2000,2878.0000,2880.0000,2881.0000,2881.6000,2881.8000,2883.0000,2,5,2,1,2,4,1,1,2,1
SF,IH2003,2020-02-13 09:32:18.300,2879.6000,24204,0,367942140.000,0,-,-,-,-,2879.6000,2879.0000,2878.4000,2878.2000,2878.0000,2880.0000,2881.0000,2881.6000,2881.8000,2883.0000,2,4,2,1,2,4,1,1,2,1
SF,IH2003,2020-02-13 09:32:18.800,2880.0000,24203,-1,368806140.000,1,0,1,双平,S,2879.6000,2879.0000,2878.4000,2878.2000,2878.0000,2880.0000,2881.0000,2881.6000,2881.8000,2883.0000,2,4,2,1,2,3,1,1,2,1
SF,IH2003,2020-02-13 09:32:19.300,2880.0000,24203,0,368806140.000,0,-,-,-,-,2879.6000,2879.0000,2878.4000,2878.2000,2878.0000,2880.0000,2881.0000,2881.6000,2881.8000,2883.0000,2,4,2,1,2,3,1,1,2,1
SF,IH2003,2020-02-13 09:32:19.800,2880.0000,24203,0,368806140.000,0,-,-,-,-,2879.8000,2879.6000,2879.0000,2878.4000,2878.2000,2880.0000,2881.0000,2881.6000,2881.8000,2883.0000,1,1,4,2,1,2,1,1,2,1
SF,IH2003,2020-02-13 09:32:20.300,2880.0000,24201,-2,370534140.000,2,0,2,双平,S,2880.0000,2879.8000,2879.6000,2879.0000,2878.4000,2881.0000,2881.6000,2881.8000,2883.0000,2883.6000,8,1,1,4,2,1,1,2,1,2
SF,IH2003,2020-02-13 09:32:22.300,2881.0000,24201,0,371398440.000,1,0,1,多换,S,2880.0000,2879.8000,2879.6000,2879.0000,2878.4000,2881.6000,2881.8000,2883.6000,2883.8000,2884.4000,8,1,1,4,2,1,2,2,1,2
SF,IH2003,2020-02-13 09:32:22.800,2881.0000,24201,0,371398440.000,0,-,-,-,-,2881.0000,2880.2000,2880.0000,2879.8000,2879.6000,2881.4000,2881.6000,2881.8000,2883.6000,2883.8000,2,1,8,1,1,1,1,2,2,1
SF,IH2003,2020-02-13 09:32:23.300,2881.0000,24201,0,372262740.000,1,0,1,多换,S,2881.0000,2880.0000,2879.8000,2879.6000,2879.0000,2881.4000,2881.6000,2881.8000,2883.6000,2883.8000,1,8,1,1,4,2,1,2,2,1
SF,IH2003,2020-02-13 09:32:23.800,2881.0000,24201,0,373127040.000,1,0,1,多换,S,2880.0000,2879.8000,2879.6000,2879.0000,2878.4000,2881.4000,2881.6000,2881.8000,2883.6000,2883.8000,8,1,1,4,2,2,1,2,2,1
SF,IH2003,2020-02-13 09:32:24.300,2881.0000,24201,0,373127040.000,0,-,-,-,-,2879.0000,2878.4000,2878.2000,2878.0000,2877.2000,2881.0000,2881.4000,2881.6000,2881.8000,2883.6000,4,2,1,2,1,1,1,1,2,2
SF,IH2003,2020-02-13 09:32:24.800,2881.0000,24201,0,373127040.000,0,-,-,-,-,2879.2000,2879.0000,2878.4000,2878.2000,2878.0000,2881.0000,2881.6000,2881.8000,2883.6000,2883.8000,3,4,2,1,2,1,1,2,2,1
SF,IH2003,2020-02-13 09:32:25.300,2881.0000,24201,0,373127040.000,0,-,-,-,-,2879.2000,2879.0000,2878.4000,2878.2000,2878.0000,2881.0000,2881.6000,2881.8000,2883.6000,2884.4000,3,4,2,1,2,1,1,2,2,2
SF,IH2003,2020-02-13 09:32:25.800,2881.0000,24201,0,373127040.000,0,-,-,-,-,2879.2000,2879.0000,2878.4000,2878.2000,2878.0000,2881.0000,2881.6000,2881.8000,2883.6000,2884.4000,3,4,2,1,2,6,1,2,2,2
SF,IH2003,2020-02-13 09:32:27.300,2881.0000,24200,-1,379177140.000,7,3,4,多平,S,2881.0000,2879.2000,2879.0000,2878.4000,2878.2000,2881.6000,2881.8000,2883.6000,2884.4000,2884.8000,1,5,4,2,1,1,2,2,2,5
SF,IH2003,2020-02-13 09:32:27.800,2881.0000,24199,-1,380041440.000,1,0,1,双平,S,2879.2000,2879.0000,2878.4000,2878.2000,2878.0000,2880.8000,2881.0000,2881.6000,2881.8000,2883.6000,4,4,2,1,2,1,2,2,2,2
SF,IH2003,2020-02-13 09:32:28.300,2881.0000,24199,0,380041440.000,0,-,-,-,-,2879.6000,2879.4000,2879.2000,2879.0000,2878.4000,2880.8000,2881.0000,2881.6000,2881.8000,2883.6000,2,2,2,4,2,1,2,1,2,2
SF,IH2003,2020-02-13 09:32:30.300,2880.8000,24199,0,380905680.000,1,0,1,多换,S,2880.8000,2879.6000,2879.4000,2879.0000,2878.4000,2881.0000,2881.6000,2881.8000,2883.6000,2884.4000,14,2,2,4,2,2,1,2,2,2
SF,IH2003,2020-02-13 09:32:30.800,2880.8000,24199,0,380905680.000,0,-,-,-,-,2880.8000,2879.6000,2879.0000,2878.4000,2878.2000,2881.0000,2881.6000,2881.8000,2883.6000,2884.4000,14,2,4,2,1,2,1,2,2,2
SF,IH2003,2020-02-13 09:32:31.300,2880.8000,24200,1,381769920.000,1,1,0,双开,S,2880.8000,2879.6000,2879.0000,2878.4000,2878.2000,2881.0000,2881.6000,2881.8000,2883.6000,2884.4000,13,2,4,2,1,2,1,2,2,2
SF,IH2003,2020-02-13 09:32:31.800,2880.8000,24200,0,381769920.000,0,-,-,-,-,2881.0000,2880.8000,2879.6000,2879.0000,2878.4000,2881.6000,2881.8000,2884.4000,2884.8000,2885.0000,3,13,2,4,2,1,2,2,5,6
SF,IH2003,2020-02-13 09:32:32.300,2880.8000,24200,0,381769920.000,0,-,-,-,-,2881.2000,2881.0000,2880.8000,2879.6000,2879.0000,2881.6000,2881.8000,2884.4000,2884.8000,2885.0000,4,3,13,2,4,2,2,2,5,6
SF,IH2003,2020-02-13 09:32:32.800,2880.8000,24199,-1,382634160.000,1,0,1,双平,S,2881.6000,2881.2000,2881.0000,2880.8000,2879.6000,2881.8000,2884.4000,2884.8000,2885.0000,2885.8000,1,3,3,13,2,2,2,5,6,5
SF,IH2003,2020-02-13 09:32:33.300,2881.8000,24197,-2,385227780.000,3,0,3,多平,S,2881.8000,2881.6000,2881.2000,2881.0000,2880.8000,2884.4000,2884.8000,2885.0000,2885.8000,2886.0000,3,1,3,3,13,2,5,6,5,1
SF,IH2003,2020-02-13 09:32:33.800,2881.8000,24197,0,385227780.000,0,-,-,-,-,2882.0000,2881.8000,2881.6000,2881.2000,2881.0000,2883.8000,2884.2000,2884.4000,2884.8000,2885.0000,2,2,1,1,3,1,3,2,7,6
SF,IH2003,2020-02-13 09:32:34.300,2881.8000,24198,1,386092320.000,1,1,0,双开,S,2882.0000,2881.8000,2881.6000,2881.2000,2881.0000,2883.0000,2883.8000,2884.2000,2884.4000,2884.8000,1,2,1,1,3,1,1,3,2,7
SF,IH2003,2020-02-13 09:32:34.800,2881.6000,24195,-3,388685880.000,3,0,3,双平,S,2881.2000,2881.0000,2880.8000,2879.6000,2879.0000,2883.8000,2884.2000,2884.4000,2884.8000,2885.0000,1,3,13,2,4,1,3,2,7,6
SF,IH2003,2020-02-13 09:32:35.300,2881.6000,24195,0,388685880.000,0,-,-,-,-,2881.2000,2881.0000,2880.8000,2879.6000,2879.0000,2883.6000,2883.8000,2884.2000,2884.4000,2884.8000,1,3,13,2,4,1,1,2,2,7
SF,IH2003,2020-02-13 09:32:35.800,2881.6000,24195,0,388685880.000,0,-,-,-,-,2881.2000,2881.0000,2880.8000,2879.6000,2879.0000,2883.4000,2883.6000,2883.8000,2884.2000,2884.4000,1,3,13,2,4,1,1,1,2,2
SF,IH2003,2020-02-13 09:32:36.300,2881.6000,24195,0,388685880.000,0,-,-,-,-,2881.2000,2881.0000,2880.8000,2879.6000,2879.0000,2883.4000,2883.6000,2883.8000,2884.2000,2884.4000,1,3,13,2,4,2,1,1,2,2
SF,IH2003,2020-02-13 09:32:36.800,2881.6000,24195,0,388685880.000,0,-,-,-,-,2881.2000,2881.0000,2880.8000,2879.6000,2879.0000,2883.4000,2883.6000,2883.8000,2884.2000,2884.4000,2,3,13,2,4,2,1,1,2,2
SF,IH2003,2020-02-13 09:32:37.300,2881.6000,24195,0,388685880.000,0,-,-,-,-,2881.2000,2881.0000,2880.8000,2880.0000,2879.6000,2883.4000,2883.6000,2883.8000,2884.2000,2884.4000,1,3,13,1,2,2,1,1,2,2
SF,IH2003,2020-02-13 09:32:37.800,2881.6000,24195,0,388685880.000,0,-,-,-,-,2881.2000,2881.0000,2880.8000,2880.0000,2879.6000,2882.2000,2883.2000,2883.4000,2883.6000,2883.8000,1,3,13,1,2,1,1,5,1,1
SF,IH2003,2020-02-13 09:32:38.300,2881.6000,24195,0,388685880.000,0,-,-,-,-,2881.2000,2881.0000,2880.8000,2880.0000,2879.6000,2882.0000,2883.4000,2883.8000,2884.2000,2884.4000,2,3,13,1,2,1,1,1,2,4
SF,IH2003,2020-02-13 09:32:38.800,2882.0000,24195,0,389550480.000,1,0,1,多换,S,2882.0000,2881.2000,2881.0000,2880.8000,2880.0000,2883.2000,2883.4000,2883.8000,2884.2000,2884.4000,1,2,3,13,1,1,1,1,2,4
SF,IH2003,2020-02-13 09:32:39.300,2882.0000,24194,-1,390415080.000,1,0,1,双平,S,2881.2000,2881.0000,2880.8000,2880.0000,2879.6000,2882.8000,2883.0000,2883.2000,2883.4000,2883.8000,2,3,13,1,2,2,2,1,1,1
SF,IH2003,2020-02-13 09:32:39.800,2882.0000,24194,0,390415080.000,0,-,-,-,-,2881.4000,2881.2000,2881.0000,2880.8000,2880.0000,2882.0000,2882.6000,2882.8000,2883.4000,2883.8000,2,2,3,13,1,2,1,2,1,1
SF,IH2003,2020-02-13 09:32:40.300,2882.0000,24194,0,390415080.000,0,-,-,-,-,2881.4000,2881.2000,2881.0000,2880.8000,2880.0000,2882.0000,2883.4000,2883.8000,2884.2000,2884.4000,1,2,3,13,1,2,1,1,2,4
SF,IH2003,2020-02-13 09:32:40.800,2881.4000,24193,-1,391279500.000,1,0,1,双平,S,2881.2000,2881.0000,2880.8000,2880.0000,2879.6000,2882.0000,2883.4000,2883.8000,2884.2000,2884.4000,2,3,13,2,2,2,1,1,2,4
SF,IH2003,2020-02-13 09:32:41.300,2881.4000,24193,0,391279500.000,0,-,-,-,-,2881.0000,2880.8000,2880.0000,2879.6000,2879.0000,2882.0000,2883.4000,2883.8000,2884.2000,2884.4000,3,13,2,2,4,2,1,1,2,4
SF,IH2003,2020-02-13 09:32:41.800,2881.4000,24193,0,391279500.000,0,-,-,-,-,2881.2000,2881.0000,2880.8000,2880.0000,2879.6000,2882.0000,2883.4000,2883.8000,2884.2000,2884.4000,1,3,13,2,2,3,1,1,2,4
SF,IH2003,2020-02-13 09:32:42.300,2881.2000,24193,0,392143860.000,1,0,1,多换,S,2881.0000,2880.8000,2880.0000,2879.6000,2879.0000,2881.8000,2882.0000,2883.4000,2883.8000,2884.2000,3,13,2,2,4,1,2,1,1,2
SF,IH2003,2020-02-13 09:32:42.800,2881.0000,24191,-2,393872460.000,2,0,2,双平,S,2880.8000,2880.0000,2879.6000,2879.0000,2878.4000,2881.0000,2881.8000,2882.0000,2883.4000,2883.8000,13,2,2,4,2,1,1,3,1,1
SF,IH2003,2020-02-13 09:32:43.300,2881.0000,24189,-2,395601060.000,2,0,2,双平,S,2881.6000,2881.2000,2881.0000,2880.8000,2880.0000,2882.0000,2883.4000,2884.2000,2884.4000,2884.8000,1,2,3,13,2,2,1,1,4,5
SF,IH2003,2020-02-13 09:32:43.800,2881.6000,24188,-1,396465540.000,1,0,1,双平,S,2881.2000,2881.0000,2880.8000,2880.0000,2879.6000,2881.6000,2882.0000,2883.4000,2884.2000,2884.4000,1,2,13,2,2,1,2,1,1,4
SF,IH2003,2020-02-13 09:32:44.300,2881.6000,24188,0,396465540.000,0,-,-,-,-,2881.0000,2880.8000,2880.0000,2879.6000,2879.0000,2881.6000,2882.0000,2883.4000,2884.2000,2884.4000,2,13,2,2,4,3,1,1,1,4
SF,IH2003,2020-02-13 09:32:44.800,2881.6000,24188,0,396465540.000,0,-,-,-,-,2880.8000,2880.0000,2879.6000,2879.0000,2878.4000,2881.6000,2882.0000,2883.4000,2884.2000,2884.4000,13,2,2,4,2,3,1,1,1,4
SF,IH2003,2020-02-13 09:32:45.300,2880.8000,24187,-1,398194260.000,2,0,2,多平,S,2880.8000,2880.0000,2879.6000,2879.0000,2878.4000,2881.2000,2881.6000,2882.0000,2884.2000,2884.4000,12,2,2,4,2,1,2,1,1,4
SF,IH2003,2020-02-13 09:32:45.800,2880.8000,24188,1,399058500.000,1,1,0,双开,S,2880.8000,2880.0000,2879.6000,2879.0000,2878.4000,2881.2000,2881.6000,2882.0000,2884.2000,2884.4000,11,2,2,4,2,1,2,1,1,4
SF,IH2003,2020-02-13 09:32:46.300,2880.8000,24188,0,399058500.000,0,-,-,-,-,2880.8000,2880.0000,2879.6000,2879.0000,2878.4000,2881.2000,2881.6000,2882.0000,2883.0000,2884.2000,11,2,2,4,2,1,2,4,1,1
SF,IH2003,2020-02-13 09:32:46.800,2880.8000,24188,0,399922740.000,1,0,1,多换,S,2880.8000,2880.0000,2879.6000,2879.0000,2878.4000,2881.2000,2881.6000,2882.0000,2883.0000,2884.2000,10,3,2,4,2,1,2,5,1,1
SF,IH2003,2020-02-13 09:32:47.300,2880.8000,24189,1,401651220.000,2,1,1,空开,S,2880.8000,2880.0000,2879.6000,2879.0000,2878.4000,2881.2000,2881.6000,2882.0000,2883.0000,2884.2000,8,3,2,4,2,1,2,5,1,1
SF,IH2003,2020-02-13 09:32:47.800,2880.8000,24190,1,405972420.000,5,3,2,空开,S,2880.8000,2880.0000,2879.6000,2879.0000,2878.4000,2881.2000,2882.0000,2883.0000,2884.2000,2884.4000,3,3,2,4,2,1,5,1,1,4
SF,IH2003,2020-02-13 09:32:48.300,2880.8000,24190,0,407700900.000,2,1,1,多换,S,2880.8000,2880.0000,2879.6000,2879.0000,2878.4000,2881.0000,2881.2000,2882.0000,2883.0000,2884.2000,1,3,2,4,2,2,1,5,1,1
SF,IH2003,2020-02-13 09:32:48.800,2880.8000,24190,0,408565140.000,1,0,1,多换,S,2880.0000,2879.6000,2879.0000,2878.4000,2878.2000,2880.6000,2880.8000,2881.0000,2881.2000,2882.0000,3,2,4,2,1,1,2,2,1,5
SF,IH2003,2020-02-13 09:32:49.300,2880.0000,24188,-2,410293140.000,2,0,2,双平,S,2880.0000,2879.6000,2879.0000,2878.4000,2878.2000,2880.6000,2880.8000,2881.0000,2881.2000,2882.0000,1,2,4,2,1,2,4,2,1,5
SF,IH2003,2020-02-13 09:32:49.800,2880.0000,24188,0,411157140.000,1,0,1,多换,S,2879.6000,2879.0000,2878.4000,2878.2000,2878.0000,2880.8000,2881.0000,2881.2000,2882.0000,2883.0000,2,4,2,1,2,4,2,1,5,1
SF,IH2003,2020-02-13 09:32:50.300,2880.0000,24188,0,411157140.000,0,-,-,-,-,2879.6000,2879.0000,2878.4000,2878.2000,2878.0000,2880.6000,2880.8000,2881.0000,2881.2000,2882.0000,2,4,2,1,2,3,3,2,1,5
SF,IH2003,2020-02-13 09:32:50.800,2879.6000,24187,-1,412021020.000,1,0,1,双平,S,2879.6000,2879.0000,2878.4000,2878.2000,2878.0000,2880.8000,2881.0000,2881.2000,2881.4000,2882.0000,1,4,2,1,2,3,2,1,1,5
SF,IH2003,2020-02-13 09:32:51.300,2879.6000,24187,0,412021020.000,0,-,-,-,-,2879.6000,2879.0000,2878.4000,2878.2000,2878.0000,2880.6000,2880.8000,2881.0000,2881.2000,2881.4000,1,4,2,1,2,1,3,2,1,1
SF,IH2003,2020-02-13 09:32:51.800,2879.6000,24187,0,412021020.000,0,-,-,-,-,2879.6000,2879.0000,2878.4000,2878.2000,2878.0000,2880.0000,2880.6000,2880.8000,2881.0000,2881.2000,1,4,2,1,2,1,2,3,2,1
SF,IH2003,2020-02-13 09:32:52.300,2879.6000,24187,0,412021020.000,0,-,-,-,-,2879.6000,2879.0000,2878.4000,2878.2000,2878.0000,2880.0000,2880.8000,2881.0000,2881.2000,2881.4000,1,4,2,1,2,1,3,2,2,1
SF,IH2003,2020-02-13 09:32:52.800,2880.0000,24187,0,412885020.000,1,0,1,多换,S,2879.6000,2879.0000,2878.4000,2878.2000,2878.0000,2880.8000,2881.0000,2881.2000,2881.4000,2882.0000,1,4,2,1,2,3,2,2,1,5
SF,IH2003,2020-02-13 09:32:53.300,2880.0000,24187,0,412885020.000,0,-,-,-,-,2879.6000,2879.0000,2878.4000,2878.2000,2878.0000,2880.0000,2880.6000,2880.8000,2881.0000,2881.2000,1,4,2,1,2,1,3,3,2,2
SF,IH2003,2020-02-13 09:32:53.800,2880.0000,24187,0,412885020.000,0,-,-,-,-,2879.6000,2879.0000,2878.4000,2878.2000,2878.0000,2880.0000,2880.6000,2880.8000,2881.0000,2881.2000,1,4,2,1,2,1,1,3,2,2
SF,IH2003,2020-02-13 09:32:54.300,2880.0000,24187,0,412885020.000,0,-,-,-,-,2879.6000,2879.0000,2878.4000,2878.2000,2878.0000,2880.0000,2880.6000,2880.8000,2881.0000,2881.2000,1,4,2,1,2,1,1,2,2,2
SF,IH2003,2020-02-13 09:32:54.800,2880.0000,24187,0,413749020.000,1,0,1,多换,S,2879.6000,2879.0000,2878.4000,2878.2000,2878.0000,2880.6000,2880.8000,2881.0000,2881.2000,2881.4000,1,4,2,1,2,1,2,2,2,1
SF,IH2003,2020-02-13 09:32:55.300,2880.0000,24187,0,413749020.000,0,-,-,-,-,2879.6000,2879.0000,2878.4000,2878.2000,2878.0000,2880.6000,2880.8000,2881.0000,2881.2000,2881.4000,1,4,2,1,2,1,2,2,2,1
SF,IH2003,2020-02-13 09:32:55.800,2879.6000,24186,-1,414612900.000,1,0,1,双平,S,2879.0000,2878.4000,2878.2000,2878.0000,2877.2000,2880.6000,2880.8000,2881.0000,2881.2000,2881.4000,4,2,1,2,2,1,2,2,2,1
SF,IH2003,2020-02-13 09:32:56.300,2879.6000,24186,0,414612900.000,0,-,-,-,-,2879.0000,2878.4000,2878.2000,2878.0000,2877.2000,2879.4000,2879.6000,2880.0000,2880.4000,2880.8000,4,2,1,2,2,1,1,2,2,3
SF,IH2003,2020-02-13 09:32:56.800,2879.0000,24186,0,415476600.000,1,0,1,多换,S,2879.0000,2878.4000,2878.2000,2878.0000,2877.2000,2879.6000,2880.0000,2880.8000,2881.0000,2881.2000,3,2,1,2,2,1,2,3,2,2
SF,IH2003,2020-02-13 09:32:57.300,2879.0000,24186,0,415476600.000,0,-,-,-,-,2879.0000,2878.4000,2878.2000,2878.0000,2877.2000,2879.6000,2880.0000,2880.8000,2881.0000,2881.2000,3,2,1,2,2,1,2,3,2,2
SF,IH2003,2020-02-13 09:32:57.800,2879.0000,24186,0,417204000.000,2,1,1,多换,S,2879.0000,2878.4000,2878.2000,2878.0000,2877.2000,2879.6000,2879.8000,2880.0000,2880.8000,2881.0000,1,2,1,2,2,1,1,2,3,2
SF,IH2003,2020-02-13 09:32:58.300,2879.6000,24187,1,419795520.000,3,2,1,空开,S,2879.6000,2879.0000,2878.4000,2878.2000,2878.0000,2880.0000,2880.8000,2881.0000,2881.2000,2881.4000,7,1,2,1,2,2,3,2,2,1
SF,IH2003,2020-02-13 09:32:58.800,2879.4000,24186,-1,427570380.000,9,4,5,多平,S,2879.0000,2878.4000,2878.2000,2878.0000,2877.2000,2879.4000,2879.6000,2880.0000,2880.8000,2881.0000,1,2,1,2,2,1,7,2,3,2
SF,IH2003,2020-02-13 09:32:59.300,2879.4000,24186,0,427570380.000,0,-,-,-,-,2879.0000,2878.4000,2878.2000,2878.0000,2877.2000,2879.6000,2880.0000,2880.8000,2881.0000,2881.2000,1,2,1,2,2,2,2,3,2,2
SF,IH2003,2020-02-13 09:32:59.800,2879.6000,24185,-1,428434260.000,1,0,1,双平,S,2879.4000,2879.2000,2879.0000,2878.8000,2878.4000,2880.0000,2880.8000,2881.0000,2881.2000,2881.4000,1,1,1,1,2,2,3,2,2,1
SF,IH2003,2020-02-13 09:33:00.300,2879.4000,24185,0,429298080.000,1,0,1,多换,S,2879.8000,2879.0000,2878.8000,2878.4000,2878.2000,2880.0000,2880.8000,2881.0000,2881.2000,2881.4000,2,1,1,2,1,1,3,2,2,1
SF,IH2003,2020-02-13 09:33:00.800,2879.8000,24183,-2,431025960.000,2,0,2,双平,S,2879.0000,2878.8000,2878.4000,2878.2000,2878.0000,2880.0000,2880.8000,2881.0000,2881.2000,2881.4000,1,1,2,1,2,1,2,2,2,1
SF,IH2003,2020-02-13 09:33:01.300,2880.0000,24182,-1,431889960.000,1,0,1,双平,S,2879.2000,2879.0000,2878.8000,2878.4000,2878.2000,2880.8000,2881.0000,2881.2000,2881.4000,2882.0000,1,1,1,2,1,2,2,2,1,5
SF,IH2003,2020-02-13 09:33:01.800,2880.0000,24182,0,431889960.000,0,-,-,-,-,2879.4000,2879.0000,2878.8000,2878.4000,2878.2000,2880.6000,2880.8000,2881.0000,2881.2000,2881.4000,2,1,1,2,1,4,2,2,2,1
SF,IH2003,2020-02-13 09:33:02.300,2879.4000,24182,0,432753780.000,1,0,1,多换,S,2879.4000,2879.0000,2878.8000,2878.4000,2878.2000,2880.4000,2880.6000,2880.8000,2881.0000,2881.2000,1,1,1,2,1,2,2,3,2,2
SF,IH2003,2020-02-13 09:33:02.800,2879.4000,24182,0,432753780.000,0,-,-,-,-,2879.0000,2878.8000,2878.4000,2878.2000,2878.0000,2880.4000,2880.6000,2880.8000,2881.0000,2881.2000,1,1,2,1,2,2,1,3,2,2
SF,IH2003,2020-02-13 09:33:03.300,2879.4000,24182,0,432753780.000,0,-,-,-,-,2879.0000,2878.8000,2878.4000,2878.2000,2878.0000,2880.2000,2880.8000,2881.0000,2881.2000,2881.4000,1,1,2,1,2,1,2,2,2,3
SF,IH2003,2020-02-13 09:33:03.800,2879.4000,24182,0,432753780.000,0,-,-,-,-,2879.0000,2878.8000,2878.4000,2878.2000,2878.0000,2880.8000,2881.0000,2881.2000,2881.4000,2882.0000,1,1,2,1,2,2,2,2,3,5
SF,IH2003,2020-02-13 09:33:04.300,2879.4000,24182,0,432753780.000,0,-,-,-,-,2879.0000,2878.8000,2878.4000,2878.2000,2878.0000,2879.6000,2880.6000,2880.8000,2881.0000,2881.2000,1,1,2,1,2,1,1,2,2,2
SF,IH2003,2020-02-13 09:33:04.800,2879.0000,24181,-1,434481300.000,2,0,2,多平,S,2878.8000,2878.4000,2878.2000,2878.0000,2877.2000,2880.0000,2880.8000,2881.0000,2881.2000,2881.4000,1,2,1,2,2,1,3,2,2,1
SF,IH2003,2020-02-13 09:33:05.300,2879.0000,24181,0,434481300.000,0,-,-,-,-,2878.8000,2878.4000,2878.2000,2878.0000,2877.2000,2880.8000,2881.0000,2881.2000,2881.4000,2881.6000,2,2,1,2,2,2,2,2,1,2
SF,IH2003,2020-02-13 09:33:05.800,2879.0000,24181,0,434481300.000,0,-,-,-,-,2878.8000,2878.4000,2878.2000,2878.0000,2877.2000,2879.2000,2880.6000,2880.8000,2881.0000,2881.2000,2,2,1,2,2,1,3,2,2,2
SF,IH2003,2020-02-13 09:33:06.300,2879.0000,24181,0,434481300.000,0,-,-,-,-,2879.2000,2878.8000,2878.4000,2878.2000,2878.0000,2880.0000,2880.8000,2881.0000,2881.2000,2881.4000,1,2,2,1,2,3,2,2,2,1
SF,IH2003,2020-02-13 09:33:06.800,2879.4000,24180,-1,435345120.000,1,0,1,双平,S,2879.2000,2878.8000,2878.4000,2878.2000,2878.0000,2880.0000,2880.8000,2881.0000,2881.2000,2881.4000,1,2,2,1,2,3,2,2,2,1
SF,IH2003,2020-02-13 09:33:07.300,2879.4000,24180,0,435345120.000,0,-,-,-,-,2879.2000,2878.8000,2878.4000,2878.2000,2878.0000,2880.0000,2880.8000,2881.0000,2881.2000,2881.4000,1,2,2,1,2,3,2,2,2,1
SF,IH2003,2020-02-13 09:33:08.300,2879.2000,24178,-2,437072640.000,2,0,2,双平,S,2878.8000,2878.4000,2878.2000,2878.0000,2877.2000,2880.0000,2880.8000,2881.0000,2881.2000,2881.4000,2,2,1,2,2,3,2,2,2,1
SF,IH2003,2020-02-13 09:33:08.800,2880.0000,24177,-1,437936640.000,1,0,1,双平,S,2879.0000,2878.8000,2878.6000,2878.4000,2878.2000,2880.0000,2880.8000,2881.0000,2881.2000,2881.4000,1,1,1,2,1,2,2,2,2,1
SF,IH2003,2020-02-13 09:33:09.300,2879.0000,24176,-1,438800340.000,1,0,1,双平,S,2879.0000,2878.8000,2878.6000,2878.4000,2878.2000,2880.0000,2880.8000,2881.0000,2881.2000,2881.4000,3,3,1,2,1,2,2,2,2,1
SF,IH2003,2020-02-13 09:33:09.800,2879.0000,24176,0,438800340.000,0,-,-,-,-,2879.2000,2878.8000,2878.6000,2878.4000,2878.2000,2880.0000,2880.8000,2881.0000,2881.2000,2881.4000,1,3,1,2,1,2,2,2,2,1
SF,IH2003,2020-02-13 09:33:10.300,2879.0000,24176,0,438800340.000,0,-,-,-,-,2879.4000,2879.2000,2879.0000,2878.8000,2878.6000,2880.0000,2880.8000,2881.0000,2881.2000,2881.4000,1,1,1,3,1,2,2,2,2,1
SF,IH2003,2020-02-13 09:33:10.800,2879.0000,24176,0,438800340.000,0,-,-,-,-,2879.4000,2879.2000,2879.0000,2878.8000,2878.6000,2880.0000,2880.8000,2881.0000,2881.2000,2881.4000,1,2,1,3,1,2,2,2,2,1
SF,IH2003,2020-02-13 09:33:11.300,2879.0000,24176,0,438800340.000,0,-,-,-,-,2879.4000,2879.2000,2879.0000,2878.8000,2878.6000,2880.0000,2880.8000,2881.0000,2881.2000,2881.4000,8,2,1,3,1,2,2,2,2,1
SF,IH2003,2020-02-13 09:33:12.300,2879.0000,24176,0,439664040.000,1,0,1,多换,S,2879.4000,2879.2000,2879.0000,2878.8000,2878.6000,2880.0000,2880.8000,2881.0000,2881.2000,2881.4000,7,2,1,3,1,4,2,2,2,1
SF,IH2003,2020-02-13 09:33:13.300,2879.0000,24176,0,439664040.000,0,-,-,-,-,2879.4000,2879.2000,2879.0000,2878.8000,2878.6000,2880.0000,2880.2000,2880.8000,2881.0000,2881.2000,7,2,1,3,1,4,1,2,2,2
SF,IH2003,2020-02-13 09:33:13.800,2879.0000,24176,0,439664040.000,0,-,-,-,-,2879.4000,2879.2000,2879.0000,2878.8000,2878.6000,2880.0000,2880.2000,2880.8000,2881.0000,2881.2000,7,2,1,3,1,4,1,1,2,2
SF,IH2003,2020-02-13 09:33:14.300,2879.4000,24171,-5,443983140.000,5,0,5,双平,S,2879.4000,2879.2000,2879.0000,2878.8000,2878.6000,2880.0000,2880.2000,2880.8000,2881.0000,2881.2000,2,3,1,3,1,4,1,1,2,2
SF,IH2003,2020-02-13 09:33:14.800,2879.4000,24171,0,443983140.000,0,-,-,-,-,2879.4000,2879.2000,2879.0000,2878.8000,2878.6000,2880.0000,2880.2000,2880.8000,2881.0000,2881.2000,2,4,1,3,1,4,1,1,2,2
SF,IH2003,2020-02-13 09:33:15.300,2879.4000,24170,-1,444846960.000,1,0,1,双平,S,2879.4000,2879.2000,2879.0000,2878.8000,2878.6000,2880.0000,2880.2000,2880.8000,2881.0000,2881.2000,1,5,1,3,1,4,1,1,2,2
SF,IH2003,2020-02-13 09:33:15.800,2879.4000,24169,-1,445710780.000,1,0,1,双平,S,2879.2000,2879.0000,2878.8000,2878.6000,2878.4000,2880.0000,2880.2000,2880.8000,2881.0000,2881.2000,6,1,3,1,2,4,1,1,2,2
SF,IH2003,2020-02-13 09:33:18.300,2879.4000,24169,0,445710780.000,0,-,-,-,-,2879.2000,2879.0000,2878.8000,2878.6000,2878.4000,2880.0000,2880.2000,2880.8000,2881.0000,2881.2000,6,1,3,1,2,4,1,1,1,2
SF,IH2003,2020-02-13 09:33:18.800,2879.4000,24169,0,445710780.000,0,-,-,-,-,2879.2000,2879.0000,2878.8000,2878.6000,2878.4000,2880.0000,2880.2000,2880.8000,2881.0000,2881.2000,6,2,3,1,2,4,1,1,1,2
SF,IH2003,2020-02-13 09:33:19.300,2879.4000,24169,0,445710780.000,0,-,-,-,-,2879.2000,2879.0000,2878.8000,2878.6000,2878.4000,2880.0000,2880.2000,2880.8000,2881.0000,2881.2000,6,2,3,1,2,4,1,1,1,2
SF,IH2003,2020-02-13 09:33:19.800,2879.2000,24169,0,447438540.000,2,1,1,多换,S,2879.2000,2879.0000,2878.8000,2878.6000,2878.4000,2880.0000,2880.2000,2880.8000,2881.0000,2881.2000,5,4,3,1,2,3,1,1,1,2
SF,IH2003,2020-02-13 09:33:20.300,2880.0000,24169,0,450030540.000,3,1,2,多换,S,2879.2000,2879.0000,2878.8000,2878.6000,2878.4000,2880.2000,2880.8000,2881.0000,2881.2000,2881.4000,5,4,3,1,1,1,1,1,2,1
SF,IH2003,2020-02-13 09:33:20.800,2879.2000,24167,-2,452621820.000,3,0,3,多平,S,2879.2000,2879.0000,2878.8000,2878.6000,2878.4000,2880.2000,2880.8000,2881.0000,2881.2000,2881.4000,2,5,3,1,1,1,1,1,2,1
SF,IH2003,2020-02-13 09:33:21.300,2879.2000,24167,0,452621820.000,0,-,-,-,-,2879.2000,2879.0000,2878.8000,2878.6000,2878.4000,2879.4000,2880.2000,2880.8000,2881.0000,2881.2000,2,6,3,1,1,1,1,1,1,2
SF,IH2003,2020-02-13 09:33:21.800,2879.4000,24166,-1,454349460.000,2,0,2,多平,S,2879.4000,2879.2000,2879.0000,2878.8000,2878.6000,2880.2000,2880.8000,2881.0000,2881.2000,2881.4000,2,2,6,3,1,1,1,1,2,1
SF,IH2003,2020-02-13 09:33:22.300,2879.2000,24164,-2,456076980.000,2,0,2,双平,S,2879.0000,2878.8000,2878.6000,2878.4000,2878.2000,2880.0000,2880.2000,2880.8000,2881.0000,2881.2000,6,3,1,1,1,1,1,1,1,2
SF,IH2003,2020-02-13 09:33:22.800,2879.0000,24162,-2,457804380.000,2,0,2,双平,S,2879.0000,2878.8000,2878.6000,2878.4000,2878.2000,2880.2000,2880.8000,2881.0000,2881.2000,2881.4000,4,3,1,1,1,1,1,1,2,1
SF,IH2003,2020-02-13 09:33:23.300,2879.0000,24162,0,457804380.000,0,-,-,-,-,2879.0000,2878.8000,2878.6000,2878.4000,2878.2000,2879.8000,2880.0000,2880.2000,2880.8000,2881.0000,4,3,1,1,1,1,4,2,1,3
SF,IH2003,2020-02-13 09:33:23.800,2879.0000,24162,0,459531780.000,2,1,1,多换,S,2879.0000,2878.8000,2878.6000,2878.4000,2878.2000,2879.6000,2879.8000,2880.0000,2880.2000,2880.8000,2,3,1,1,1,1,1,2,2,1
SF,IH2003,2020-02-13 09:33:24.300,2879.6000,24161,-1,461259360.000,2,0,2,多平,S,2879.0000,2878.8000,2878.6000,2878.4000,2878.2000,2879.8000,2880.0000,2880.2000,2880.8000,2881.0000,1,4,2,1,1,1,7,2,1,3
SF,IH2003,2020-02-13 09:33:24.800,2879.0000,24161,0,462123060.000,1,0,1,多换,S,2878.8000,2878.6000,2878.4000,2878.2000,2878.0000,2879.8000,2880.0000,2880.2000,2880.8000,2881.0000,4,1,1,1,3,1,7,2,1,3
SF,IH2003,2020-02-13 09:33:25.300,2878.8000,24159,-2,463850340.000,2,0,2,双平,S,2878.8000,2878.6000,2878.4000,2878.2000,2878.0000,2879.8000,2880.0000,2880.2000,2880.8000,2881.0000,2,1,1,1,3,1,7,1,1,3
SF,IH2003,2020-02-13 09:33:25.800,2879.8000,24159,0,464714280.000,1,0,1,多换,S,2879.0000,2878.8000,2878.6000,2878.4000,2878.2000,2880.0000,2880.2000,2880.8000,2881.0000,2881.2000,2,2,2,1,1,6,1,1,3,2
SF,IH2003,2020-02-13 09:33:26.300,2879.0000,24159,0,466441680.000,2,1,1,多换,S,2879.0000,2878.8000,2878.6000,2878.4000,2878.2000,2880.0000,2880.2000,2880.8000,2881.0000,2881.2000,1,2,2,1,1,6,1,1,3,2
SF,IH2003,2020-02-13 09:33:27.300,2879.0000,24159,0,466441680.000,0,-,-,-,-,2879.0000,2878.8000,2878.6000,2878.4000,2878.2000,2880.0000,2880.2000,2880.8000,2881.0000,2881.2000,2,2,2,1,1,6,1,1,1,2
SF,IH2003,2020-02-13 09:33:27.800,2879.0000,24159,0,466441680.000,0,-,-,-,-,2879.6000,2879.2000,2879.0000,2878.8000,2878.6000,2880.0000,2880.2000,2880.8000,2881.0000,2881.2000,1,1,2,2,2,6,1,1,1,2
SF,IH2003,2020-02-13 09:33:28.300,2880.0000,24152,-7,474217800.000,9,1,8,多平,S,2879.6000,2879.2000,2879.0000,2878.8000,2878.6000,2880.8000,2881.0000,2881.2000,2881.4000,2882.0000,1,1,2,2,2,1,1,2,1,3
SF,IH2003,2020-02-13 09:33:28.800,2880.0000,24152,0,474217800.000,0,-,-,-,-,2879.8000,2879.6000,2879.4000,2879.0000,2878.8000,2880.0000,2880.8000,2881.0000,2881.2000,2881.4000,1,1,1,2,2,2,1,1,2,1
SF,IH2003,2020-02-13 09:33:29.300,2880.0000,24149,-3,476809800.000,3,0,3,双平,S,2880.0000,2879.8000,2879.6000,2879.4000,2879.0000,2880.8000,2881.0000,2881.2000,2881.4000,2882.0000,3,1,1,1,2,1,1,2,1,3
SF,IH2003,2020-02-13 09:33:29.800,2880.0000,24149,0,477673800.000,1,0,1,多换,S,2880.2000,2880.0000,2879.8000,2879.6000,2879.4000,2880.8000,2881.0000,2881.2000,2881.4000,2882.0000,1,4,1,1,1,1,1,2,1,3
SF,IH2003,2020-02-13 09:33:30.300,2880.2000,24149,0,478537860.000,1,0,1,多换,S,2880.0000,2879.8000,2879.6000,2879.4000,2879.0000,2880.8000,2881.0000,2881.2000,2881.4000,2881.8000,2,1,1,1,2,1,1,2,1,2
SF,IH2003,2020-02-13 09:33:30.800,2880.2000,24149,0,478537860.000,0,-,-,-,-,2879.8000,2879.6000,2879.4000,2879.0000,2878.8000,2880.8000,2881.0000,2881.2000,2881.4000,2881.8000,1,1,1,2,2,1,1,2,1,2
SF,IH2003,2020-02-13 09:33:31.300,2880.2000,24149,0,478537860.000,0,-,-,-,-,2879.8000,2879.6000,2879.4000,2879.0000,2878.8000,2880.8000,2881.0000,2881.2000,2881.8000,2882.0000,1,1,1,2,2,1,1,2,2,3
SF,IH2003,2020-02-13 09:33:31.800,2879.8000,24149,0,479401800.000,1,0,1,多换,S,2879.6000,2879.4000,2879.0000,2878.8000,2878.6000,2880.8000,2881.0000,2881.2000,2881.8000,2882.0000,1,1,2,2,2,1,1,2,2,3
SF,IH2003,2020-02-13 09:33:32.300,2879.8000,24149,0,479401800.000,0,-,-,-,-,2879.6000,2879.4000,2879.0000,2878.8000,2878.6000,2880.6000,2880.8000,2881.0000,2881.2000,2881.8000,1,1,2,2,2,1,1,1,2,2
SF,IH2003,2020-02-13 09:33:32.800,2879.8000,24149,0,479401800.000,0,-,-,-,-,2879.6000,2879.4000,2879.0000,2878.8000,2878.6000,2880.6000,2880.8000,2881.0000,2881.2000,2881.8000,1,1,2,2,2,3,1,1,2,2
SF,IH2003,2020-02-13 09:33:33.300,2879.4000,24148,-1,481129500.000,2,0,2,多平,S,2879.0000,2878.8000,2878.6000,2878.4000,2878.2000,2879.6000,2880.6000,2880.8000,2881.0000,2881.2000,2,2,2,1,1,1,3,1,1,2
SF,IH2003,2020-02-13 09:33:33.800,2879.0000,24146,-2,482856900.000,2,0,2,双平,S,2878.8000,2878.6000,2878.4000,2878.2000,2878.0000,2879.6000,2880.2000,2880.6000,2880.8000,2881.0000,2,2,1,1,4,2,1,1,1,1
SF,IH2003,2020-02-13 09:33:34.300,2878.8000,24145,-1,484584180.000,2,0,2,多平,S,2878.8000,2878.6000,2878.4000,2878.2000,2878.0000,2879.0000,2879.6000,2880.6000,2880.8000,2881.0000,2,2,1,1,4,1,2,1,1,1
SF,IH2003,2020-02-13 09:33:34.800,2878.6000,24143,-2,489766140.000,6,2,4,多平,S,2878.6000,2878.4000,2878.2000,2878.0000,2877.2000,2879.2000,2879.6000,2880.0000,2880.6000,2880.8000,1,1,1,4,2,1,1,2,1,2
SF,IH2003,2020-02-13 09:33:35.300,2878.4000,24141,-2,492356760.000,3,0,3,多平,S,2879.0000,2878.2000,2878.0000,2877.8000,2877.2000,2879.6000,2880.0000,2880.6000,2880.8000,2881.0000,1,1,4,3,2,1,1,1,2,1
SF,IH2003,2020-02-13 09:33:35.800,2878.4000,24140,-1,493220280.000,1,0,1,双平,S,2878.2000,2878.0000,2877.2000,2877.0000,2876.2000,2878.8000,2879.4000,2879.6000,2880.0000,2880.6000,1,5,2,1,1,1,1,1,1,1
SF,IH2003,2020-02-13 09:33:36.300,2878.8000,24140,0,494083920.000,1,0,1,多换,S,2878.8000,2878.2000,2878.0000,2877.2000,2877.0000,2879.4000,2879.6000,2880.0000,2880.6000,2880.8000,2,1,5,2,1,1,1,1,1,2
SF,IH2003,2020-02-13 09:33:36.800,2878.8000,24140,0,494083920.000,0,-,-,-,-,2878.2000,2878.0000,2877.2000,2877.0000,2876.2000,2879.4000,2879.6000,2880.0000,2880.6000,2880.8000,1,5,2,1,1,1,1,1,1,2
SF,IH2003,2020-02-13 09:33:37.800,2878.8000,24140,0,494083920.000,0,-,-,-,-,2878.2000,2878.0000,2877.2000,2877.0000,2876.2000,2879.2000,2879.4000,2880.0000,2880.6000,2880.8000,1,5,2,1,1,1,1,1,1,2
SF,IH2003,2020-02-13 09:33:38.800,2878.8000,24140,0,494083920.000,0,-,-,-,-,2878.2000,2878.0000,2877.2000,2877.0000,2876.2000,2879.2000,2880.0000,2880.6000,2880.8000,2881.0000,1,5,2,1,1,1,1,1,2,1
SF,IH2003,2020-02-13 09:33:39.300,2878.8000,24140,0,494083920.000,0,-,-,-,-,2878.2000,2878.0000,2877.2000,2877.0000,2876.2000,2879.2000,2880.0000,2880.6000,2880.8000,2881.0000,1,5,2,2,1,1,1,1,2,1
SF,IH2003,2020-02-13 09:33:39.800,2879.2000,24141,1,495811440.000,2,1,1,空开,S,2878.2000,2878.0000,2877.2000,2877.0000,2876.2000,2880.0000,2880.6000,2880.8000,2881.0000,2881.2000,1,5,2,2,1,1,1,2,1,1
SF,IH2003,2020-02-13 09:33:40.300,2879.2000,24141,0,495811440.000,0,-,-,-,-,2878.4000,2878.2000,2878.0000,2877.2000,2877.0000,2880.0000,2880.6000,2880.8000,2881.0000,2881.2000,1,1,6,2,2,4,1,2,3,1
SF,IH2003,2020-02-13 09:33:40.800,2879.2000,24141,0,495811440.000,0,-,-,-,-,2878.4000,2878.2000,2878.0000,2877.2000,2877.0000,2879.4000,2879.8000,2880.0000,2880.6000,2880.8000,1,1,6,2,2,1,1,5,1,2
SF,IH2003,2020-02-13 09:33:41.300,2879.2000,24141,0,495811440.000,0,-,-,-,-,2878.2000,2878.0000,2877.2000,2877.0000,2876.2000,2878.4000,2879.4000,2879.8000,2880.0000,2880.6000,1,6,2,2,1,1,1,1,4,3
SF,IH2003,2020-02-13 09:33:41.800,2878.4000,24141,0,496674960.000,1,0,1,多换,S,2878.6000,2878.4000,2878.2000,2878.0000,2877.2000,2880.0000,2880.6000,2880.8000,2881.0000,2881.2000,4,1,1,6,2,2,3,1,1,1
SF,IH2003,2020-02-13 09:33:42.300,2878.4000,24141,0,496674960.000,0,-,-,-,-,2878.2000,2878.0000,2877.2000,2877.0000,2876.2000,2879.8000,2880.0000,2880.6000,2880.8000,2881.0000,1,6,2,2,1,1,4,3,1,1
SF,IH2003,2020-02-13 09:33:42.800,2878.4000,24141,0,496674960.000,0,-,-,-,-,2878.4000,2878.2000,2878.0000,2877.2000,2877.0000,2879.2000,2879.6000,2879.8000,2880.0000,2880.6000,1,1,6,2,2,1,1,2,6,3
SF,IH2003,2020-02-13 09:33:43.300,2878.4000,24141,0,497538480.000,1,0,1,多换,S,2878.4000,2878.2000,2878.0000,2877.2000,2877.0000,2879.8000,2880.0000,2880.6000,2880.8000,2881.0000,2,1,6,2,2,1,5,3,1,1
SF,IH2003,2020-02-13 09:33:43.800,2878.4000,24141,0,498402000.000,1,0,1,多换,S,2878.4000,2878.2000,2878.0000,2877.2000,2877.0000,2879.8000,2880.0000,2880.6000,2880.8000,2881.0000,2,1,6,2,2,1,4,3,1,1
SF,IH2003,2020-02-13 09:33:44.300,2878.4000,24141,0,499265520.000,1,0,1,多换,S,2878.4000,2878.2000,2878.0000,2877.2000,2877.0000,2879.8000,2880.0000,2880.6000,2880.8000,2881.0000,1,2,6,2,2,2,4,3,1,1
SF,IH2003,2020-02-13 09:33:44.800,2878.4000,24141,0,499265520.000,0,-,-,-,-,2878.4000,2878.2000,2878.0000,2877.2000,2877.0000,2879.8000,2880.0000,2880.6000,2880.8000,2881.0000,2,2,6,2,2,2,4,3,1,1
SF,IH2003,2020-02-13 09:33:45.300,2878.4000,24141,0,499265520.000,0,-,-,-,-,2878.4000,2878.2000,2878.0000,2877.2000,2877.0000,2879.8000,2880.0000,2880.6000,2880.8000,2881.0000,2,2,6,2,2,1,4,3,1,1
SF,IH2003,2020-02-13 09:33:45.800,2878.4000,24142,1,500992560.000,2,1,1,空开,S,2878.2000,2878.0000,2877.2000,2877.0000,2876.2000,2879.8000,2880.0000,2880.6000,2880.8000,2881.0000,2,6,2,2,1,2,4,3,1,1
SF,IH2003,2020-02-13 09:33:46.300,2878.4000,24142,0,500992560.000,0,-,-,-,-,2878.4000,2878.2000,2878.0000,2877.2000,2877.0000,2879.6000,2879.8000,2880.0000,2880.6000,2880.8000,1,2,6,2,2,2,2,4,3,1
SF,IH2003,2020-02-13 09:33:46.800,2878.4000,24142,0,500992560.000,0,-,-,-,-,2878.4000,2878.2000,2878.0000,2877.2000,2877.0000,2879.6000,2879.8000,2880.0000,2880.6000,2880.8000,1,2,6,2,2,2,1,4,3,1
SF,IH2003,2020-02-13 09:33:47.300,2878.4000,24142,0,500992560.000,0,-,-,-,-,2878.4000,2878.2000,2878.0000,2877.2000,2877.0000,2879.4000,2879.6000,2879.8000,2880.0000,2880.6000,1,2,6,2,2,2,2,1,4,3
SF,IH2003,2020-02-13 09:33:47.800,2878.4000,24142,0,500992560.000,0,-,-,-,-,2878.2000,2878.0000,2877.2000,2877.0000,2876.2000,2879.4000,2879.6000,2879.8000,2880.0000,2880.6000,2,6,2,2,1,2,1,1,4,3
SF,IH2003,2020-02-13 09:33:48.300,2878.4000,24142,0,500992560.000,0,-,-,-,-,2878.2000,2878.0000,2877.2000,2877.0000,2876.2000,2879.4000,2879.6000,2879.8000,2880.0000,2880.6000,2,6,2,2,1,1,1,1,4,3
SF,IH2003,2020-02-13 09:33:49.300,2878.4000,24142,0,500992560.000,0,-,-,-,-,2878.2000,2878.0000,2877.2000,2877.0000,2876.2000,2879.4000,2879.8000,2880.0000,2880.6000,2880.8000,2,6,2,2,1,1,1,4,3,1
SF,IH2003,2020-02-13 09:33:50.300,2878.4000,24142,0,500992560.000,0,-,-,-,-,2878.2000,2878.0000,2877.2000,2877.0000,2876.2000,2878.4000,2879.4000,2879.8000,2880.0000,2880.6000,2,7,2,2,1,2,1,1,4,3
SF,IH2003,2020-02-13 09:33:50.800,2878.4000,24142,0,502719600.000,2,1,1,多换,S,2878.4000,2878.2000,2878.0000,2877.2000,2877.0000,2879.4000,2880.0000,2880.6000,2880.8000,2881.0000,2,4,7,2,2,1,3,3,1,1
SF,IH2003,2020-02-13 09:33:51.300,2878.4000,24142,0,502719600.000,0,-,-,-,-,2878.4000,2878.2000,2878.0000,2877.2000,2877.0000,2880.0000,2880.6000,2880.8000,2881.0000,2881.2000,1,4,7,2,2,3,3,1,1,1
SF,IH2003,2020-02-13 09:33:51.800,2878.4000,24142,0,502719600.000,0,-,-,-,-,2878.4000,2878.2000,2878.0000,2877.2000,2877.0000,2879.8000,2880.0000,2880.6000,2880.8000,2881.0000,1,4,7,2,2,4,4,3,1,1
SF,IH2003,2020-02-13 09:33:52.300,2878.4000,24142,0,502719600.000,0,-,-,-,-,2878.6000,2878.4000,2878.2000,2878.0000,2877.2000,2879.2000,2879.6000,2879.8000,2880.0000,2880.6000,1,1,4,7,2,1,2,4,4,3
SF,IH2003,2020-02-13 09:33:52.800,2878.4000,24142,0,502719600.000,0,-,-,-,-,2878.6000,2878.4000,2878.2000,2878.0000,2877.8000,2879.2000,2879.6000,2879.8000,2880.0000,2880.6000,1,1,4,7,1,2,2,3,4,3
SF,IH2003,2020-02-13 09:33:53.300,2878.4000,24142,0,502719600.000,0,-,-,-,-,2878.6000,2878.4000,2878.2000,2878.0000,2877.8000,2879.2000,2879.6000,2879.8000,2880.0000,2880.6000,1,1,4,7,1,2,2,3,4,3
SF,IH2003,2020-02-13 09:33:53.800,2878.6000,24141,-1,503583180.000,1,0,1,双平,S,2878.4000,2878.2000,2878.0000,2877.8000,2877.2000,2879.0000,2879.2000,2879.6000,2879.8000,2880.0000,1,4,7,1,2,1,1,1,3,4
SF,IH2003,2020-02-13 09:33:54.300,2878.6000,24141,0,503583180.000,0,-,-,-,-,2878.2000,2878.0000,2877.8000,2877.2000,2877.0000,2878.6000,2879.0000,2879.2000,2879.6000,2879.8000,4,7,1,2,2,2,1,1,1,3
SF,IH2003,2020-02-13 09:33:54.800,2878.6000,24141,0,503583180.000,0,-,-,-,-,2878.2000,2878.0000,2877.8000,2877.2000,2877.0000,2878.6000,2879.0000,2879.2000,2879.6000,2879.8000,4,7,1,2,2,1,1,1,1,3
SF,IH2003,2020-02-13 09:33:55.300,2878.2000,24141,0,504446640.000,1,0,1,多换,S,2878.2000,2878.0000,2877.8000,2877.2000,2877.0000,2878.6000,2879.2000,2879.8000,2880.0000,2880.6000,3,7,1,2,2,2,1,3,6,1
SF,IH2003,2020-02-13 09:33:55.800,2878.0000,24142,1,507900420.000,4,2,2,空开,S,2878.0000,2877.8000,2877.2000,2877.0000,2876.2000,2878.4000,2878.6000,2879.2000,2879.8000,2880.0000,5,1,2,2,1,1,1,1,3,6
SF,IH2003,2020-02-13 09:33:56.300,2878.4000,24144,2,513080940.000,6,4,2,空开,S,2878.0000,2877.8000,2877.2000,2877.0000,2876.2000,2878.6000,2879.2000,2879.8000,2880.0000,2880.6000,1,1,2,2,1,1,1,3,6,1
SF,IH2003,2020-02-13 09:33:56.800,2878.4000,24144,0,513080940.000,0,-,-,-,-,2878.0000,2877.8000,2877.2000,2877.0000,2876.2000,2878.6000,2879.2000,2879.8000,2880.0000,2880.6000,1,1,2,2,1,1,1,3,6,1
SF,IH2003,2020-02-13 09:33:57.300,2878.0000,24145,1,513944340.000,1,1,0,双开,S,2877.8000,2877.2000,2877.0000,2876.2000,2876.0000,2878.6000,2879.2000,2879.8000,2880.0000,2880.6000,1,2,2,1,7,1,1,3,6,1
SF,IH2003,2020-02-13 09:33:57.800,2877.8000,24144,-1,514807680.000,1,0,1,双平,S,2877.2000,2877.0000,2876.2000,2876.0000,2875.6000,2878.4000,2878.6000,2879.2000,2879.8000,2880.0000,2,2,1,7,1,1,1,1,3,4
SF,IH2003,2020-02-13 09:33:58.300,2877.8000,24144,0,514807680.000,0,-,-,-,-,2877.2000,2877.0000,2876.2000,2876.0000,2875.6000,2877.6000,2878.2000,2878.4000,2878.6000,2879.2000,2,2,1,7,1,2,3,2,1,3
SF,IH2003,2020-02-13 09:33:58.800,2877.8000,24144,0,514807680.000,0,-,-,-,-,2877.2000,2877.0000,2876.2000,2876.0000,2875.6000,2877.6000,2878.4000,2879.2000,2879.8000,2880.0000,2,2,1,7,1,1,2,3,2,4
SF,IH2003,2020-02-13 09:33:59.800,2877.2000,24144,0,515670840.000,1,0,1,多换,S,2877.2000,2877.0000,2876.2000,2876.0000,2875.6000,2877.6000,2878.4000,2879.2000,2879.8000,2880.0000,1,2,1,7,1,1,2,3,2,4
SF,IH2003,2020-02-13 09:34:00.300,2877.2000,24144,0,516534000.000,1,0,1,多换,S,2877.0000,2876.2000,2876.0000,2875.6000,2875.4000,2877.6000,2878.4000,2879.2000,2879.8000,2880.0000,2,1,6,1,1,2,2,3,2,4
SF,IH2003,2020-02-13 09:34:00.800,2877.0000,24142,-2,521713200.000,6,2,4,多平,S,2876.2000,2876.0000,2875.6000,2875.4000,2875.0000,2877.6000,2878.4000,2879.2000,2879.8000,2880.0000,1,6,1,1,5,1,1,3,2,3
SF,IH2003,2020-02-13 09:34:01.300,2877.0000,24142,0,521713200.000,0,-,-,-,-,2876.0000,2875.6000,2875.4000,2875.0000,2874.0000,2877.4000,2877.6000,2878.4000,2879.2000,2879.8000,6,1,1,5,1,1,1,1,3,2
SF,IH2003,2020-02-13 09:34:01.800,2877.0000,24142,0,521713200.000,0,-,-,-,-,2876.2000,2876.0000,2875.6000,2875.4000,2875.0000,2877.4000,2877.6000,2879.2000,2879.8000,2880.0000,2,8,1,1,5,1,1,3,2,3
SF,IH2003,2020-02-13 09:34:02.300,2877.0000,24142,0,521713200.000,0,-,-,-,-,2876.2000,2876.0000,2875.6000,2875.4000,2875.0000,2877.2000,2877.4000,2877.6000,2878.2000,2879.2000,2,8,1,1,5,2,1,1,2,1
SF,IH2003,2020-02-13 09:34:02.800,2876.0000,24142,0,522576000.000,1,0,1,多换,S,2876.0000,2875.6000,2875.4000,2875.0000,2874.0000,2877.0000,2877.2000,2877.4000,2877.6000,2878.2000,7,1,1,5,1,1,2,1,1,2
SF,IH2003,2020-02-13 09:34:03.300,2876.0000,24141,-1,524301600.000,2,0,2,多平,S,2876.0000,2875.6000,2875.4000,2875.0000,2874.0000,2876.8000,2877.0000,2877.4000,2878.2000,2879.2000,5,1,1,5,1,3,1,1,2,1
SF,IH2003,2020-02-13 09:34:03.800,2876.0000,24141,0,528615600.000,5,2,3,多换,S,2875.6000,2875.4000,2875.0000,2874.0000,2873.8000,2876.2000,2876.8000,2877.0000,2877.4000,2878.0000,1,1,5,1,1,1,4,1,1,2
SF,IH2003,2020-02-13 09:34:04.300,2876.0000,24141,0,528615600.000,0,-,-,-,-,2875.6000,2875.4000,2875.0000,2874.0000,2873.8000,2875.8000,2876.0000,2876.8000,2877.0000,2877.4000,1,1,5,1,1,1,1,2,1,1
SF,IH2003,2020-02-13 09:34:04.800,2875.6000,24141,0,529478280.000,1,0,1,多换,S,2875.4000,2875.0000,2874.0000,2873.8000,2873.0000,2875.8000,2876.2000,2876.8000,2877.0000,2877.4000,1,5,1,1,1,1,1,2,1,1
SF,IH2003,2020-02-13 09:34:05.300,2875.4000,24141,0,531203520.000,2,1,1,多换,S,2875.0000,2874.0000,2873.8000,2873.0000,2872.8000,2875.4000,2875.8000,2876.8000,2877.0000,2878.0000,5,1,1,1,1,1,2,2,1,4
SF,IH2003,2020-02-13 09:34:05.800,2875.0000,24142,1,532066020.000,1,1,0,双开,S,2875.0000,2874.0000,2873.8000,2873.0000,2872.8000,2875.4000,2875.6000,2875.8000,2876.8000,2878.0000,4,1,1,1,1,3,2,2,2,4
SF,IH2003,2020-02-13 09:34:06.300,2875.0000,24142,0,532066020.000,0,-,-,-,-,2875.0000,2874.0000,2873.8000,2873.0000,2872.8000,2875.4000,2875.6000,2875.8000,2876.8000,2878.0000,4,1,1,1,1,2,3,2,1,4
SF,IH2003,2020-02-13 09:34:06.800,2875.0000,24142,0,534653520.000,3,1,2,多换,S,2875.0000,2874.0000,2873.8000,2873.0000,2872.8000,2875.4000,2875.6000,2875.8000,2876.8000,2878.0000,2,1,1,1,1,2,3,2,1,4
SF,IH2003,2020-02-13 09:34:07.300,2875.0000,24141,-1,535516020.000,1,0,1,双平,S,2875.0000,2874.0000,2873.8000,2873.0000,2872.8000,2875.4000,2875.6000,2875.8000,2876.8000,2878.0000,4,1,1,1,1,2,3,2,1,4
SF,IH2003,2020-02-13 09:34:07.800,2875.4000,24139,-2,537241260.000,2,0,2,双平,S,2875.0000,2874.0000,2873.8000,2873.0000,2872.8000,2875.6000,2875.8000,2876.8000,2878.0000,2879.8000,4,1,1,1,1,3,2,1,4,1
SF,IH2003,2020-02-13 09:34:08.300,2875.6000,24138,-1,538966620.000,2,0,2,多平,S,2875.4000,2875.0000,2874.0000,2873.8000,2873.0000,2875.6000,2875.8000,2876.8000,2878.0000,2879.8000,1,4,1,1,1,1,2,1,4,1
SF,IH2003,2020-02-13 09:34:08.800,2875.8000,24134,-4,545005740.000,7,1,6,多平,S,2875.6000,2875.4000,2875.2000,2875.0000,2874.0000,2876.8000,2878.0000,2879.8000,2880.0000,2880.8000,3,1,1,4,1,1,2,1,4,2
SF,IH2003,2020-02-13 09:34:09.300,2876.8000,24134,0,545868780.000,1,0,1,多换,S,2875.8000,2875.6000,2875.4000,2875.2000,2875.0000,2878.0000,2879.8000,2880.0000,2880.8000,2881.0000,3,3,1,1,6,2,1,4,2,1
SF,IH2003,2020-02-13 09:34:09.800,2876.8000,24134,0,545868780.000,0,-,-,-,-,2876.0000,2875.8000,2875.6000,2875.4000,2875.2000,2877.8000,2878.0000,2879.8000,2880.0000,2880.8000,1,1,3,1,1,1,2,1,4,2
SF,IH2003,2020-02-13 09:34:10.300,2877.6000,24135,1,546732060.000,1,1,0,双开,S,2876.0000,2875.6000,2875.4000,2875.2000,2875.0000,2877.8000,2878.0000,2879.8000,2880.0000,2880.8000,4,3,1,1,6,1,2,1,4,2
SF,IH2003,2020-02-13 09:34:11.800,2877.6000,24135,0,546732060.000,0,-,-,-,-,2876.0000,2875.6000,2875.4000,2875.2000,2875.0000,2877.8000,2878.0000,2879.8000,2880.0000,2880.8000,4,3,1,1,6,1,2,1,4,2
SF,IH2003,2020-02-13 09:34:12.300,2877.6000,24135,0,546732060.000,0,-,-,-,-,2876.0000,2875.6000,2875.4000,2875.2000,2875.0000,2877.8000,2878.0000,2879.8000,2880.0000,2880.8000,4,2,1,1,3,1,2,1,4,2
SF,IH2003,2020-02-13 09:34:12.800,2876.0000,24135,0,547594860.000,1,0,1,多换,S,2876.0000,2875.6000,2875.4000,2875.2000,2875.0000,2877.8000,2878.0000,2879.8000,2880.0000,2880.8000,6,2,1,1,3,1,2,1,4,2
SF,IH2003,2020-02-13 09:34:13.300,2876.0000,24135,0,547594860.000,0,-,-,-,-,2876.2000,2876.0000,2875.6000,2875.4000,2875.2000,2877.6000,2877.8000,2878.0000,2879.2000,2879.8000,1,4,2,1,1,1,1,2,2,1
SF,IH2003,2020-02-13 09:34:13.800,2876.0000,24135,0,547594860.000,0,-,-,-,-,2876.2000,2876.0000,2875.6000,2875.4000,2875.2000,2877.6000,2877.8000,2878.0000,2879.2000,2879.8000,4,3,2,1,1,1,1,2,2,1
SF,IH2003,2020-02-13 09:34:14.300,2876.0000,24135,0,547594860.000,0,-,-,-,-,2876.2000,2876.0000,2875.6000,2875.4000,2875.2000,2877.6000,2877.8000,2878.0000,2879.2000,2879.8000,2,3,2,1,1,1,1,2,2,1
SF,IH2003,2020-02-13 09:34:14.800,2876.0000,24135,0,547594860.000,0,-,-,-,-,2876.4000,2876.2000,2876.0000,2875.6000,2875.4000,2877.4000,2877.6000,2877.8000,2878.0000,2879.2000,1,2,3,2,1,1,1,1,2,2
SF,IH2003,2020-02-13 09:34:15.300,2876.0000,24135,0,547594860.000,0,-,-,-,-,2876.4000,2876.2000,2876.0000,2875.6000,2875.4000,2877.4000,2877.6000,2877.8000,2878.0000,2879.2000,1,1,3,2,1,2,1,1,2,2
SF,IH2003,2020-02-13 09:34:16.300,2876.4000,24135,0,548457780.000,1,0,1,多换,S,2876.2000,2876.0000,2875.6000,2875.4000,2875.2000,2877.4000,2877.6000,2877.8000,2878.0000,2879.2000,1,3,2,1,1,2,1,1,2,2
SF,IH2003,2020-02-13 09:34:16.800,2876.4000,24135,0,548457780.000,0,-,-,-,-,2876.2000,2876.0000,2875.6000,2875.4000,2875.2000,2877.4000,2877.6000,2877.8000,2878.0000,2879.2000,1,3,2,1,1,2,1,1,2,2
SF,IH2003,2020-02-13 09:34:17.300,2877.4000,24133,-2,550184220.000,2,0,2,双平,S,2877.0000,2876.4000,2876.0000,2875.6000,2875.4000,2877.6000,2877.8000,2878.0000,2879.8000,2880.0000,2,1,4,2,1,1,1,2,1,2
SF,IH2003,2020-02-13 09:34:17.800,2877.6000,24132,-1,551910780.000,2,0,2,多平,S,2877.6000,2877.4000,2876.2000,2876.0000,2875.6000,2878.0000,2879.8000,2880.0000,2880.8000,2881.0000,1,1,1,1,2,2,1,2,2,1
SF,IH2003,2020-02-13 09:34:18.300,2878.0000,24130,-2,553637580.000,2,0,2,双平,S,2878.0000,2877.8000,2877.6000,2877.4000,2877.2000,2879.8000,2880.0000,2880.8000,2881.0000,2881.2000,2,2,4,1,2,1,2,2,1,1
SF,IH2003,2020-02-13 09:34:18.800,2878.0000,24130,0,553637580.000,0,-,-,-,-,2878.2000,2878.0000,2877.6000,2877.4000,2876.0000,2879.2000,2879.6000,2879.8000,2880.0000,2880.6000,1,1,4,1,1,1,2,3,2,2
SF,IH2003,2020-02-13 09:34:19.300,2878.0000,24130,0,553637580.000,0,-,-,-,-,2878.0000,2877.6000,2877.4000,2876.0000,2875.8000,2879.2000,2879.6000,2879.8000,2880.0000,2880.6000,1,4,1,1,1,1,1,3,2,2
SF,IH2003,2020-02-13 09:34:19.800,2878.0000,24130,0,553637580.000,0,-,-,-,-,2878.0000,2877.6000,2877.4000,2876.0000,2875.8000,2878.8000,2879.6000,2879.8000,2880.0000,2880.6000,1,4,1,1,1,1,1,3,2,2
SF,IH2003,2020-02-13 09:34:20.300,2878.0000,24130,0,553637580.000,0,-,-,-,-,2878.0000,2877.6000,2877.4000,2876.0000,2875.8000,2878.2000,2878.8000,2879.6000,2879.8000,2880.0000,1,4,1,1,1,1,1,1,3,4
SF,IH2003,2020-02-13 09:34:20.800,2878.2000,24127,-3,556227960.000,3,0,3,双平,S,2877.6000,2877.4000,2876.0000,2875.8000,2875.0000,2878.8000,2879.6000,2879.8000,2880.0000,2880.8000,4,1,1,1,8,1,1,3,4,2
SF,IH2003,2020-02-13 09:34:21.300,2878.2000,24127,0,556227960.000,0,-,-,-,-,2877.6000,2877.4000,2876.0000,2875.8000,2875.0000,2877.8000,2878.0000,2878.6000,2879.4000,2879.6000,4,1,1,1,8,1,2,2,2,1
SF,IH2003,2020-02-13 09:34:21.800,2877.6000,24127,0,559681080.000,4,2,2,多换,S,2876.0000,2875.8000,2875.0000,2874.0000,2873.8000,2877.4000,2877.8000,2878.0000,2878.6000,2879.4000,1,1,8,1,1,1,1,2,1,2
SF,IH2003,2020-02-13 09:34:22.300,2877.6000,24127,0,559681080.000,0,-,-,-,-,2876.8000,2876.0000,2875.8000,2875.0000,2874.0000,2877.4000,2877.6000,2877.8000,2878.0000,2879.4000,1,2,1,8,1,3,1,1,2,2
SF,IH2003,2020-02-13 09:34:22.800,2877.6000,24127,0,559681080.000,0,-,-,-,-,2876.4000,2876.0000,2875.8000,2875.0000,2874.0000,2876.8000,2877.4000,2877.8000,2878.0000,2878.4000,1,2,1,8,1,3,2,1,2,2
SF,IH2003,2020-02-13 09:34:23.300,2876.4000,24126,-1,560544000.000,1,0,1,双平,S,2876.0000,2875.8000,2875.0000,2874.0000,2873.8000,2876.2000,2876.6000,2876.8000,2877.4000,2877.6000,2,1,5,1,1,2,3,4,2,1
SF,IH2003,2020-02-13 09:34:23.800,2876.2000,24123,-3,564858240.000,5,1,4,多平,S,2875.8000,2875.0000,2874.0000,2873.8000,2872.8000,2876.4000,2876.6000,2876.8000,2877.4000,2877.8000,1,5,1,1,1,1,2,1,2,1
SF,IH2003,2020-02-13 09:34:24.300,2876.2000,24123,0,564858240.000,0,-,-,-,-,2876.2000,2876.0000,2875.8000,2875.0000,2874.0000,2876.4000,2876.6000,2876.8000,2877.4000,2877.8000,3,1,1,8,1,1,2,1,2,1
SF,IH2003,2020-02-13 09:34:24.800,2876.4000,24123,0,565721160.000,1,0,1,多换,S,2876.2000,2876.0000,2875.8000,2875.6000,2875.4000,2876.6000,2876.8000,2877.4000,2877.8000,2878.0000,3,1,2,2,1,2,1,2,1,2
SF,IH2003,2020-02-13 09:34:25.300,2876.4000,24123,0,565721160.000,0,-,-,-,-,2876.2000,2876.0000,2875.8000,2875.6000,2875.4000,2876.4000,2876.6000,2876.8000,2877.4000,2877.8000,3,1,2,2,1,1,2,1,2,1
SF,IH2003,2020-02-13 09:34:25.800,2876.4000,24124,1,567447000.000,2,1,1,空开,S,2876.2000,2876.0000,2875.8000,2875.0000,2874.0000,2876.6000,2876.8000,2877.4000,2877.8000,2878.0000,3,1,1,5,1,2,1,2,1,2
SF,IH2003,2020-02-13 09:34:26.300,2876.4000,24124,0,568309920.000,1,0,1,多换,S,2876.2000,2876.0000,2875.8000,2875.0000,2874.0000,2876.8000,2877.4000,2877.8000,2878.0000,2878.4000,3,1,1,5,1,1,2,1,2,2
SF,IH2003,2020-02-13 09:34:26.800,2876.8000,24123,-1,569172960.000,1,0,1,双平,S,2876.4000,2876.2000,2876.0000,2875.8000,2875.0000,2877.4000,2877.8000,2878.0000,2878.4000,2879.8000,2,3,1,1,5,2,1,2,2,2
SF,IH2003,2020-02-13 09:34:27.300,2876.8000,24123,0,569172960.000,0,-,-,-,-,2876.4000,2876.2000,2875.8000,2875.0000,2874.0000,2877.4000,2877.8000,2878.0000,2878.4000,2879.8000,2,3,1,5,1,2,1,2,2,2
SF,IH2003,2020-02-13 09:34:27.800,2876.8000,24123,0,569172960.000,0,-,-,-,-,2876.4000,2876.2000,2875.8000,2875.0000,2874.0000,2877.2000,2877.4000,2877.6000,2877.8000,2878.0000,2,3,1,5,1,1,2,1,1,2
SF,IH2003,2020-02-13 09:34:28.300,2876.4000,24123,0,570035880.000,1,0,1,多换,S,2876.4000,2876.2000,2875.8000,2875.0000,2874.0000,2877.0000,2877.4000,2877.6000,2877.8000,2878.0000,1,3,1,5,1,2,2,1,1,2
SF,IH2003,2020-02-13 09:34:28.800,2877.0000,24122,-1,570898980.000,1,0,1,双平,S,2877.0000,2876.4000,2876.0000,2875.8000,2875.0000,2877.4000,2877.8000,2878.0000,2878.4000,2879.8000,1,1,4,1,5,2,1,2,2,2
SF,IH2003,2020-02-13 09:34:29.300,2877.2000,24123,1,574351440.000,4,2,2,空开,S,2876.4000,2876.0000,2875.8000,2875.0000,2874.0000,2877.4000,2877.8000,2878.0000,2878.4000,2879.8000,1,4,1,5,1,2,1,2,2,2
SF,IH2003,2020-02-13 09:34:30.300,2877.2000,24123,0,574351440.000,0,-,-,-,-,2876.6000,2876.4000,2876.0000,2875.8000,2875.0000,2877.4000,2877.8000,2878.0000,2878.4000,2879.8000,1,1,4,1,5,2,1,2,2,2
SF,IH2003,2020-02-13 09:34:30.800,2877.2000,24123,0,574351440.000,0,-,-,-,-,2877.0000,2876.4000,2876.0000,2875.8000,2875.0000,2877.2000,2877.4000,2877.8000,2878.0000,2878.4000,1,1,4,1,5,1,2,1,2,2
SF,IH2003,2020-02-13 09:34:31.300,2876.4000,24123,0,576077460.000,2,1,1,多换,S,2876.0000,2875.8000,2875.0000,2874.0000,2873.8000,2876.6000,2876.8000,2877.0000,2877.2000,2877.4000,4,1,5,1,1,1,1,2,1,2
SF,IH2003,2020-02-13 09:34:31.800,2876.8000,24122,-1,577803480.000,2,0,2,多平,S,2876.6000,2876.0000,2875.8000,2875.0000,2874.0000,2877.0000,2877.2000,2877.4000,2877.8000,2878.0000,1,4,1,5,1,2,1,2,1,2
SF,IH2003,2020-02-13 09:34:32.300,2876.8000,24122,0,577803480.000,0,-,-,-,-,2876.2000,2876.0000,2875.8000,2875.0000,2874.0000,2877.0000,2877.2000,2877.4000,2877.8000,2878.0000,1,4,1,5,1,2,1,2,1,2
