市场代码,合约代码,时间,最新,持仓,增仓,成交额,成交量,开仓,平仓,成交类型,方向,买一价,买二价,买三价,买四价,买五价,卖一价,卖二价,卖三价,卖四价,卖五价,买一量,买二量,买三量,买四量,买五量,卖一量,卖二量,卖三量,卖四量,卖五量
SF,IH2003,2020-02-04 09:29:00.100,2678.8000,27275,0,20091000.000,25.000,-,-,-,-,2675.2000,2673.6000,2670.8000,2670.0000,2669.0000,2679.0000,2680.0000,2682.0000,2685.0000,2690.0000,1,1,1,4,1,1,2,1,1,1
SF,IH2003,2020-02-04 09:30:00.100,2683.8000,27270,-5,27334080.000,9,2,7,多平,S,2683.8000,2682.2000,2681.8000,2681.2000,2681.0000,2690.0000,2691.0000,2693.0000,2693.6000,2694.8000,1,1,1,2,1,1,1,1,1,1
SF,IH2003,2020-02-04 09:30:00.600,2694.8000,27257,-13,42663060.000,19,3,16,多平,S,2690.0000,2684.6000,2684.2000,2684.0000,2683.8000,2698.0000,2698.6000,2699.0000,2699.4000,2700.0000,2,3,5,6,1,1,1,20,1,7
SF,IH2003,2020-02-04 09:30:01.100,2697.0000,27252,-5,48324180.000,7,1,6,多平,S,2691.6000,2691.0000,2690.4000,2690.2000,2690.0000,2697.0000,2699.0000,2699.4000,2700.0000,2705.6000,2,9,5,7,5,3,20,1,7,2
SF,IH2003,2020-02-04 09:30:01.600,2697.0000,27248,-4,53987520.000,7,1,6,多平,S,2692.8000,2692.4000,2692.0000,2691.8000,2691.6000,2697.0000,2699.0000,2699.4000,2700.0000,2705.6000,5,1,5,4,2,3,20,1,7,2
SF,IH2003,2020-02-04 09:30:02.100,2697.0000,27242,-6,59649720.000,7,0,7,多平,S,2696.6000,2694.4000,2693.2000,2693.0000,2692.8000,2697.0000,2699.0000,2699.4000,2700.0000,2705.6000,10,2,11,5,2,3,20,1,7,2
SF,IH2003,2020-02-04 09:30:02.600,2697.0000,27237,-5,64504200.000,6,0,6,多平,S,2697.2000,2697.0000,2696.8000,2696.6000,2694.4000,2699.0000,2699.4000,2700.0000,2705.6000,2706.4000,4,12,3,15,2,20,1,7,2,1
SF,IH2003,2020-02-04 09:30:03.100,2697.6000,27237,0,69360540.000,6,3,3,多换,S,2697.6000,2697.4000,2697.2000,2697.0000,2696.6000,2698.0000,2699.0000,2699.4000,2700.0000,2705.6000,7,5,6,13,10,1,18,1,6,2
SF,IH2003,2020-02-04 09:30:03.600,2699.0000,27232,-5,77456880.000,10,2,8,多平,S,2698.0000,2697.8000,2697.6000,2697.4000,2697.2000,2699.0000,2699.4000,2700.0000,2705.6000,2706.4000,7,5,7,2,6,10,1,5,2,1
SF,IH2003,2020-02-04 09:30:04.100,2699.0000,27219,-13,87981900.000,13,0,13,双平,S,2698.4000,2698.2000,2698.0000,2697.8000,2697.2000,2699.0000,2699.4000,2700.0000,2700.6000,2705.6000,7,5,7,4,6,3,1,5,1,2
SF,IH2003,2020-02-04 09:30:04.600,2699.2000,27214,-5,94460580.000,8,1,7,多平,S,2699.2000,2699.0000,2698.8000,2698.6000,2698.4000,2700.0000,2700.6000,2705.6000,2706.4000,2709.8000,1,4,4,1,6,2,1,2,1,1
SF,IH2003,2020-02-04 09:30:05.100,2700.0000,27212,-2,96080580.000,2,0,2,双平,S,2700.2000,2700.0000,2699.6000,2699.4000,2699.2000,2705.6000,2706.4000,2709.8000,2710.0000,2713.0000,2,2,6,3,3,2,1,1,2,1
SF,IH2003,2020-02-04 09:30:05.600,2704.0000,27210,-2,99322860.000,4,1,3,多平,S,2700.6000,2700.4000,2700.2000,2700.0000,2699.4000,2704.8000,2705.4000,2705.6000,2706.4000,2709.8000,5,5,4,2,1,1,2,2,1,1
SF,IH2003,2020-02-04 09:30:06.100,2701.8000,27204,-6,106619160.000,9,1,8,多平,S,2701.8000,2701.2000,2701.0000,2700.8000,2700.6000,2705.6000,2706.0000,2706.4000,2709.8000,2710.0000,4,1,3,4,6,2,1,1,1,2
SF,IH2003,2020-02-04 09:30:06.600,2705.6000,27195,-9,114726840.000,10,0,10,多平,S,2705.6000,2702.0000,2701.8000,2701.2000,2701.0000,2706.0000,2706.4000,2709.8000,2710.0000,2713.0000,3,5,1,2,3,1,1,1,2,1
SF,IH2003,2020-02-04 09:30:07.100,2705.6000,27192,-3,117161880.000,3,0,3,双平,S,2706.2000,2706.0000,2705.8000,2705.6000,2704.6000,2706.4000,2709.8000,2710.0000,2713.0000,2714.4000,2,1,2,4,4,1,1,2,1,1
SF,IH2003,2020-02-04 09:30:07.600,2706.2000,27188,-4,121221240.000,5,0,5,多平,S,2706.4000,2706.2000,2706.0000,2705.6000,2704.8000,2708.6000,2709.8000,2710.0000,2713.0000,2714.4000,3,2,4,7,1,1,1,2,1,1
SF,IH2003,2020-02-04 09:30:08.100,2708.4000,27186,-2,124470840.000,4,1,3,多平,S,2707.0000,2706.6000,2706.4000,2706.2000,2706.0000,2709.8000,2710.0000,2713.0000,2714.4000,2717.0000,1,3,3,4,6,1,3,1,1,1
SF,IH2003,2020-02-04 09:30:08.600,2709.6000,27184,-2,126908760.000,3,0,3,多平,S,2709.6000,2707.6000,2707.2000,2707.0000,2706.8000,2709.8000,2710.0000,2713.0000,2714.4000,2717.0000,1,4,3,2,1,1,3,1,1,1
SF,IH2003,2020-02-04 09:30:09.100,2710.0000,27179,-5,133412220.000,8,1,7,多平,S,2710.2000,2709.8000,2708.6000,2707.6000,2707.2000,2713.0000,2714.4000,2717.0000,2718.0000,2722.8000,1,6,7,4,2,1,1,1,5,10
SF,IH2003,2020-02-04 09:30:09.600,2711.0000,27176,-3,135852660.000,3,0,3,双平,S,2711.0000,2710.4000,2710.2000,2709.8000,2709.6000,2712.8000,2713.0000,2714.4000,2717.0000,2718.0000,2,4,2,6,1,1,1,1,1,5
SF,IH2003,2020-02-04 09:30:10.100,2711.6000,27175,-1,143176740.000,9,4,5,多平,S,2713.2000,2711.2000,2711.0000,2710.2000,2710.0000,2714.4000,2717.0000,2718.0000,2722.8000,2726.0000,1,4,3,4,5,1,1,5,10,1
SF,IH2003,2020-02-04 09:30:10.600,2714.4000,27175,0,145618380.000,3,1,2,多换,S,2713.2000,2713.0000,2712.8000,2711.8000,2711.2000,2714.4000,2717.0000,2718.0000,2722.8000,2726.0000,1,1,4,4,3,1,1,5,10,1
SF,IH2003,2020-02-04 09:30:11.100,2713.8000,27174,-1,148060860.000,3,1,2,多平,S,2713.8000,2713.4000,2713.2000,2713.0000,2712.8000,2717.0000,2718.0000,2722.8000,2726.0000,2728.8000,3,2,1,2,5,2,5,10,1,10
SF,IH2003,2020-02-04 09:30:11.600,2713.8000,27169,-5,152945700.000,6,0,6,多平,S,2714.0000,2713.8000,2713.2000,2713.0000,2712.8000,2716.4000,2716.8000,2717.0000,2718.0000,2722.8000,4,3,3,11,6,2,4,3,5,10
SF,IH2003,2020-02-04 09:30:12.100,2714.0000,27168,-1,155388180.000,3,1,2,多平,S,2714.4000,2714.2000,2714.0000,2713.8000,2713.2000,2716.2000,2716.4000,2716.8000,2717.0000,2718.0000,1,1,4,3,3,3,3,2,2,5
SF,IH2003,2020-02-04 09:30:12.600,2716.4000,27168,0,163536960.000,10,5,5,多换,S,2716.2000,2714.6000,2714.4000,2714.2000,2714.0000,2718.0000,2722.8000,2726.0000,2728.8000,2730.0000,3,2,5,3,3,5,10,1,10,4
SF,IH2003,2020-02-04 09:30:13.100,2716.4000,27167,-1,166797060.000,4,1,3,多平,S,2716.4000,2716.2000,2715.4000,2714.6000,2714.4000,2718.0000,2719.0000,2722.8000,2726.0000,2728.8000,1,5,4,1,6,5,1,10,1,10
SF,IH2003,2020-02-04 09:30:13.600,2716.4000,27167,0,168426900.000,2,1,1,多换,S,2717.0000,2716.8000,2716.6000,2716.4000,2716.2000,2718.0000,2719.0000,2722.8000,2726.0000,2728.8000,3,1,1,8,10,5,1,10,1,10
SF,IH2003,2020-02-04 09:30:14.100,2718.0000,27163,-4,171687900.000,4,0,4,双平,S,2717.2000,2717.0000,2716.8000,2716.4000,2716.2000,2718.0000,2719.0000,2722.8000,2726.0000,2728.8000,1,2,1,8,10,3,1,10,1,10
SF,IH2003,2020-02-04 09:30:14.600,2716.8000,27158,-5,176579100.000,6,0,6,多平,S,2716.6000,2716.4000,2716.2000,2715.0000,2714.6000,2717.2000,2718.0000,2719.0000,2722.8000,2726.0000,4,6,9,1,2,1,1,1,10,1
SF,IH2003,2020-02-04 09:30:15.100,2718.0000,27157,-1,178209660.000,2,0,2,多平,S,2718.0000,2717.4000,2717.2000,2716.4000,2716.2000,2719.0000,2722.8000,2726.0000,2728.8000,2730.0000,5,1,1,6,9,2,10,1,10,4
SF,IH2003,2020-02-04 09:30:15.600,2719.0000,27156,-1,183102660.000,6,2,4,多平,S,2718.0000,2717.8000,2717.4000,2717.2000,2716.4000,2720.4000,2722.8000,2726.0000,2728.8000,2730.0000,5,4,1,4,6,1,10,1,10,4
SF,IH2003,2020-02-04 09:30:16.100,2720.0000,27155,-1,185549820.000,3,1,2,多平,S,2718.2000,2718.0000,2717.8000,2717.4000,2717.2000,2720.2000,2720.4000,2722.8000,2726.0000,2728.8000,1,8,4,1,4,1,1,10,1,10
SF,IH2003,2020-02-04 09:30:16.600,2720.0000,27154,-1,187996860.000,3,1,2,多平,S,2718.0000,2717.8000,2717.2000,2716.4000,2716.2000,2720.0000,2720.2000,2720.4000,2722.8000,2726.0000,8,4,5,7,6,6,1,1,10,1
SF,IH2003,2020-02-04 09:30:17.100,2720.0000,27150,-4,192892560.000,6,1,5,多平,S,2718.2000,2718.0000,2717.8000,2717.2000,2717.0000,2720.0000,2720.4000,2722.8000,2726.0000,2728.8000,3,8,4,7,1,4,1,10,1,10
SF,IH2003,2020-02-04 09:30:17.600,2720.0000,27146,-4,196156560.000,4,0,4,双平,S,2720.0000,2718.4000,2718.2000,2718.0000,2717.8000,2720.4000,2722.8000,2726.0000,2728.8000,2730.0000,1,1,2,9,4,1,10,1,10,4
SF,IH2003,2020-02-04 09:30:18.100,2720.2000,27146,0,198604860.000,3,1,2,多换,S,2720.2000,2720.0000,2719.0000,2718.4000,2718.2000,2722.4000,2722.8000,2726.0000,2728.8000,2730.0000,5,4,4,2,3,1,10,1,10,4
SF,IH2003,2020-02-04 09:30:18.600,2720.2000,27145,-1,200236980.000,2,0,2,多平,S,2720.4000,2720.2000,2720.0000,2718.4000,2718.2000,2722.2000,2722.4000,2722.8000,2726.0000,2728.8000,4,5,6,1,2,5,1,10,1,10
SF,IH2003,2020-02-04 09:30:19.100,2722.0000,27141,-4,205133880.000,6,1,5,多平,S,2720.4000,2720.2000,2720.0000,2719.0000,2718.4000,2722.0000,2722.2000,2722.4000,2722.8000,2726.0000,4,5,6,1,1,1,5,1,10,1
SF,IH2003,2020-02-04 09:30:19.600,2722.0000,27138,-3,208400280.000,4,0,4,多平,S,2720.8000,2720.4000,2720.2000,2720.0000,2719.0000,2722.2000,2722.4000,2722.8000,2726.0000,2728.8000,4,4,5,7,1,4,1,10,1,10
SF,IH2003,2020-02-04 09:30:20.100,2722.0000,27138,0,210850140.000,3,1,2,多换,S,2722.4000,2722.0000,2721.0000,2720.8000,2720.4000,2722.8000,2726.0000,2728.0000,2728.8000,2730.0000,1,2,2,4,5,10,1,1,10,3
SF,IH2003,2020-02-04 09:30:20.600,2722.8000,27135,-3,213300360.000,3,0,3,双平,S,2722.0000,2721.0000,2720.8000,2720.4000,2720.2000,2722.8000,2726.0000,2728.0000,2728.8000,2730.0000,2,2,4,5,6,9,1,1,10,3
SF,IH2003,2020-02-04 09:30:21.100,2722.8000,27130,-5,218201040.000,6,0,6,多平,S,2722.0000,2721.0000,2720.8000,2720.4000,2720.2000,2722.8000,2726.0000,2728.0000,2728.8000,2730.0000,10,1,4,5,6,5,1,1,10,3
SF,IH2003,2020-02-04 09:30:21.600,2722.8000,27124,-6,224735640.000,8,1,7,多平,S,2722.2000,2722.0000,2720.4000,2720.2000,2720.0000,2722.8000,2726.0000,2728.0000,2728.8000,2730.0000,6,9,5,6,7,3,1,1,10,3
SF,IH2003,2020-02-04 09:30:22.100,2722.8000,27120,-4,228819840.000,5,0,5,多平,S,2723.0000,2722.8000,2722.4000,2722.0000,2720.4000,2726.0000,2728.0000,2728.8000,2730.0000,2730.6000,1,1,1,7,5,1,1,10,3,2
SF,IH2003,2020-02-04 09:30:22.600,2722.8000,27120,0,231270360.000,3,1,2,多换,S,2723.0000,2722.8000,2722.0000,2720.4000,2720.2000,2725.4000,2725.6000,2725.8000,2726.0000,2728.0000,1,2,11,5,6,1,2,4,1,1
SF,IH2003,2020-02-04 09:30:23.100,2725.2000,27122,2,233721600.000,3,2,1,空开,S,2722.8000,2722.0000,2720.4000,2720.2000,2720.0000,2725.2000,2725.4000,2725.6000,2725.8000,2726.0000,8,11,5,1,8,3,1,2,1,1
SF,IH2003,2020-02-04 09:30:23.600,2725.2000,27122,0,235356720.000,2,1,1,多换,S,2723.6000,2723.0000,2722.8000,2722.0000,2721.0000,2725.2000,2725.4000,2725.6000,2725.8000,2726.0000,4,2,10,8,3,2,1,2,1,1
SF,IH2003,2020-02-04 09:30:24.100,2723.6000,27115,-7,243531060.000,10,1,9,多平,S,2723.6000,2723.0000,2722.8000,2722.0000,2721.0000,2725.6000,2725.8000,2726.0000,2728.0000,2728.8000,2,2,10,8,3,1,1,1,1,10
SF,IH2003,2020-02-04 09:30:24.600,2725.6000,27114,-1,245983860.000,3,1,2,多平,S,2725.4000,2725.2000,2723.8000,2723.6000,2723.0000,2725.8000,2726.0000,2728.0000,2728.8000,2730.0000,1,1,2,1,2,1,1,1,10,3
SF,IH2003,2020-02-04 09:30:25.100,2725.2000,27112,-2,249254220.000,4,1,3,多平,S,2724.6000,2723.8000,2723.6000,2723.0000,2722.8000,2725.8000,2726.0000,2728.0000,2728.8000,2730.0000,2,1,1,1,10,1,1,1,10,3
SF,IH2003,2020-02-04 09:30:25.600,2725.6000,27110,-2,250889580.000,2,0,2,双平,S,2724.6000,2723.8000,2723.6000,2723.0000,2722.8000,2726.0000,2728.0000,2728.8000,2730.0000,2730.6000,2,1,1,1,4,1,1,10,3,2
SF,IH2003,2020-02-04 09:30:26.100,2728.0000,27109,-1,252525780.000,2,0,2,多平,S,2726.0000,2725.8000,2724.8000,2724.6000,2724.2000,2728.8000,2730.0000,2730.6000,2731.0000,2733.8000,1,1,2,2,1,10,3,2,1,10
SF,IH2003,2020-02-04 09:30:26.600,2725.8000,27104,-5,264796380.000,15,5,10,多平,S,2725.8000,2724.8000,2724.2000,2723.0000,2722.8000,2728.0000,2728.4000,2728.6000,2728.8000,2730.0000,1,1,1,1,5,3,3,4,10,3
SF,IH2003,2020-02-04 09:30:27.100,2727.6000,27104,0,265614660.000,1,0,1,多换,S,2726.0000,2725.8000,2725.0000,2723.0000,2722.8000,2727.6000,2727.8000,2728.0000,2728.6000,2728.8000,5,3,6,1,6,2,1,3,3,10
SF,IH2003,2020-02-04 09:30:27.600,2726.4000,27102,-2,269704440.000,5,1,4,多平,S,2726.4000,2726.0000,2725.8000,2725.0000,2723.0000,2727.4000,2727.6000,2727.8000,2728.0000,2728.8000,3,4,5,1,1,1,2,2,4,10
SF,IH2003,2020-02-04 09:30:28.100,2727.4000,27095,-7,275430540.000,7,0,7,双平,S,2727.4000,2726.6000,2726.0000,2725.8000,2725.6000,2727.8000,2728.0000,2728.8000,2730.0000,2730.6000,2,1,4,5,4,1,3,10,3,2
SF,IH2003,2020-02-04 09:30:28.600,2726.0000,27094,-1,279520560.000,5,2,3,多平,S,2726.0000,2725.8000,2725.6000,2723.8000,2723.0000,2727.0000,2727.4000,2728.0000,2728.8000,2730.0000,2,5,4,1,1,1,1,3,10,2
SF,IH2003,2020-02-04 09:30:29.100,2727.0000,27091,-3,281974800.000,3,0,3,双平,S,2727.6000,2726.2000,2726.0000,2725.8000,2725.2000,2728.0000,2728.8000,2730.0000,2730.6000,2731.0000,4,2,2,5,3,3,10,2,2,1
SF,IH2003,2020-02-04 09:30:29.600,2727.8000,27087,-4,286884600.000,6,1,5,多平,S,2727.4000,2727.0000,2726.2000,2726.0000,2725.8000,2727.6000,2727.8000,2728.0000,2728.8000,2730.0000,7,3,1,2,5,1,1,3,10,2
SF,IH2003,2020-02-04 09:30:30.100,2727.8000,27079,-8,294249000.000,9,0,9,多平,S,2727.4000,2727.0000,2726.2000,2726.0000,2725.8000,2728.0000,2728.8000,2730.0000,2730.6000,2731.0000,2,4,1,2,4,4,10,2,2,1
SF,IH2003,2020-02-04 09:30:30.600,2727.8000,27075,-4,298340400.000,5,0,5,多平,S,2727.0000,2726.2000,2726.0000,2725.8000,2723.8000,2728.0000,2728.8000,2730.0000,2730.6000,2731.0000,4,1,2,4,1,2,10,2,2,1
SF,IH2003,2020-02-04 09:30:31.100,2727.6000,27074,-1,304888200.000,8,3,5,多平,S,2727.2000,2727.0000,2726.0000,2725.8000,2723.8000,2728.8000,2730.0000,2730.6000,2731.0000,2733.8000,5,4,2,4,1,6,2,2,1,10
SF,IH2003,2020-02-04 09:30:31.600,2727.6000,27070,-4,309798180.000,6,1,5,多平,S,2727.0000,2726.0000,2725.8000,2725.0000,2723.8000,2727.6000,2728.6000,2728.8000,2730.0000,2730.6000,8,2,4,1,1,1,7,6,2,2
SF,IH2003,2020-02-04 09:30:32.100,2727.6000,27069,-1,310616460.000,1,0,1,双平,S,2728.4000,2728.0000,2727.6000,2727.4000,2727.2000,2728.6000,2728.8000,2730.0000,2730.6000,2731.0000,1,3,1,5,6,5,6,2,2,1
SF,IH2003,2020-02-04 09:30:32.600,2728.4000,27069,0,312253500.000,2,1,1,多换,S,2728.0000,2727.4000,2727.2000,2727.0000,2726.0000,2728.4000,2728.6000,2728.8000,2730.0000,2730.6000,6,6,6,3,3,1,5,6,2,2
SF,IH2003,2020-02-04 09:30:33.100,2728.6000,27059,-10,322893720.000,13,1,12,多平,S,2728.0000,2727.6000,2727.4000,2727.2000,2727.0000,2728.6000,2728.8000,2730.0000,2730.6000,2731.0000,3,1,6,1,3,3,6,2,2,1
SF,IH2003,2020-02-04 09:30:33.600,2728.6000,27058,-1,324530880.000,2,0,2,多平,S,2728.4000,2728.2000,2728.0000,2727.6000,2727.4000,2728.6000,2728.8000,2730.0000,2730.6000,2731.0000,6,1,3,1,2,1,6,2,2,1
SF,IH2003,2020-02-04 09:30:34.100,2728.0000,27047,-11,333534420.000,11,0,11,双平,S,2728.0000,2727.6000,2727.4000,2727.2000,2727.0000,2728.4000,2728.8000,2730.0000,2730.6000,2731.0000,2,1,2,1,3,1,6,2,2,1
SF,IH2003,2020-02-04 09:30:34.600,2728.6000,27042,-5,337627080.000,5,0,5,双平,S,2728.0000,2727.6000,2727.4000,2727.2000,2727.0000,2728.8000,2730.0000,2730.6000,2731.0000,2733.8000,2,1,7,1,3,5,2,2,1,10
SF,IH2003,2020-02-04 09:30:35.100,2730.6000,27025,-17,353999400.000,20,1,19,多平,S,2730.6000,2728.8000,2728.6000,2727.4000,2727.2000,2731.0000,2733.8000,2738.8000,2744.8000,2748.4000,1,2,3,6,1,1,10,10,10,2
SF,IH2003,2020-02-04 09:30:35.600,2730.0000,27023,-2,356456220.000,3,0,3,多平,S,2729.0000,2728.8000,2728.6000,2728.0000,2727.4000,2730.2000,2730.6000,2730.8000,2731.0000,2731.2000,1,1,10,2,6,1,2,2,1,1
SF,IH2003,2020-02-04 09:30:36.100,2729.0000,27023,0,358912620.000,3,1,2,多换,S,2729.0000,2728.8000,2728.6000,2728.4000,2728.0000,2730.0000,2730.6000,2730.8000,2731.0000,2731.2000,4,1,10,1,2,1,1,1,1,1
SF,IH2003,2020-02-04 09:30:36.600,2729.2000,27022,-1,360550380.000,2,0,2,多平,S,2728.8000,2728.6000,2728.4000,2728.0000,2727.4000,2729.0000,2730.0000,2730.6000,2730.8000,2731.0000,1,10,1,2,1,4,1,1,1,1
SF,IH2003,2020-02-04 09:30:37.100,2730.0000,27018,-4,365463360.000,6,1,5,多平,S,2730.2000,2729.2000,2729.0000,2728.8000,2728.6000,2730.6000,2731.0000,2731.2000,2733.8000,2738.8000,1,4,3,1,10,1,1,1,10,10
SF,IH2003,2020-02-04 09:30:37.600,2730.4000,27015,-3,369558180.000,5,1,4,多平,S,2729.6000,2729.2000,2729.0000,2728.8000,2728.6000,2730.6000,2731.0000,2731.2000,2733.8000,2738.8000,3,3,3,1,10,1,1,1,10,10
SF,IH2003,2020-02-04 09:30:38.100,2731.0000,27015,0,372015780.000,3,1,2,多换,S,2731.2000,2730.6000,2729.8000,2729.0000,2728.8000,2733.8000,2738.8000,2742.0000,2744.8000,2748.0000,2,1,1,4,1,10,10,5,10,1
SF,IH2003,2020-02-04 09:30:38.600,2732.6000,27014,-1,374475720.000,3,1,2,多平,S,2731.4000,2731.2000,2730.6000,2730.4000,2730.0000,2733.4000,2733.6000,2733.8000,2738.8000,2742.0000,4,1,1,3,1,1,1,10,10,5
SF,IH2003,2020-02-04 09:30:39.100,2733.2000,27007,-7,381034860.000,8,0,8,多平,S,2731.6000,2731.4000,2730.4000,2730.0000,2729.0000,2733.2000,2733.4000,2733.6000,2733.8000,2738.8000,1,1,3,1,2,2,2,1,10,10
SF,IH2003,2020-02-04 09:30:39.600,2733.2000,27007,0,381034860.000,0,-,-,-,-,2731.6000,2731.4000,2730.0000,2729.0000,2728.8000,2733.0000,2733.2000,2733.6000,2733.8000,2738.8000,1,4,1,2,2,1,2,1,10,10
SF,IH2003,2020-02-04 09:30:40.100,2729.0000,27002,-5,388406400.000,9,2,7,多平,S,2731.0000,2728.8000,2728.6000,2728.4000,2727.0000,2732.8000,2733.0000,2733.6000,2733.8000,2738.8000,4,2,10,1,3,2,2,1,10,10
SF,IH2003,2020-02-04 09:30:40.600,2732.8000,27001,-1,393324780.000,6,2,4,多平,S,2731.0000,2730.6000,2728.8000,2728.6000,2728.4000,2733.0000,2733.8000,2738.8000,2742.0000,2744.8000,3,2,2,10,1,1,10,10,5,10
SF,IH2003,2020-02-04 09:30:41.100,2732.8000,27001,0,393324780.000,0,-,-,-,-,2731.6000,2731.2000,2731.0000,2730.6000,2728.8000,2733.8000,2738.8000,2742.0000,2744.8000,2748.0000,1,2,3,2,2,10,10,5,10,1
SF,IH2003,2020-02-04 09:30:41.600,2732.8000,27001,0,395784300.000,3,1,2,多换,S,2731.8000,2731.6000,2731.4000,2731.2000,2731.0000,2732.8000,2733.8000,2738.8000,2742.0000,2744.8000,3,1,2,2,3,2,9,10,5,10
SF,IH2003,2020-02-04 09:30:42.100,2733.6000,26997,-4,399063900.000,4,0,4,双平,S,2732.8000,2731.8000,2731.6000,2731.0000,2730.6000,2733.8000,2738.8000,2742.0000,2744.8000,2748.0000,5,3,1,3,2,9,10,5,10,1
SF,IH2003,2020-02-04 09:30:42.600,2733.0000,26995,-2,401523840.000,3,0,3,多平,S,2732.8000,2731.8000,2731.6000,2731.0000,2730.6000,2733.8000,2738.8000,2742.0000,2744.8000,2748.0000,5,2,2,3,2,8,10,5,10,1
SF,IH2003,2020-02-04 09:30:43.100,2733.0000,26992,-3,403983540.000,3,0,3,双平,S,2733.0000,2732.8000,2731.6000,2731.0000,2730.6000,2733.8000,2734.0000,2735.0000,2738.8000,2742.0000,1,6,2,3,2,8,1,10,10,5
SF,IH2003,2020-02-04 09:30:43.600,2733.8000,26988,-4,407264100.000,4,0,4,双平,S,2733.2000,2733.0000,2732.8000,2731.6000,2731.0000,2733.8000,2734.0000,2735.0000,2738.8000,2742.0000,3,4,7,2,3,4,1,10,10,5
SF,IH2003,2020-02-04 09:30:44.100,2734.0000,26983,-5,412184880.000,6,0,6,多平,S,2733.8000,2733.4000,2733.2000,2733.0000,2732.8000,2735.0000,2738.8000,2742.0000,2744.8000,2748.0000,2,3,3,2,7,10,10,5,10,1
SF,IH2003,2020-02-04 09:30:44.600,2734.0000,26982,-1,413005080.000,1,0,1,双平,S,2734.0000,2733.8000,2733.4000,2733.2000,2732.8000,2735.0000,2738.8000,2742.0000,2744.8000,2748.0000,2,3,1,3,12,11,10,5,10,1
SF,IH2003,2020-02-04 09:30:45.100,2734.0000,26980,-2,414645780.000,2,0,2,双平,S,2734.0000,2733.8000,2733.4000,2733.2000,2733.0000,2735.0000,2738.8000,2742.0000,2744.8000,2748.0000,1,4,1,3,1,10,10,5,10,1
SF,IH2003,2020-02-04 09:30:45.600,2735.0000,26978,-2,417927540.000,4,1,3,多平,S,2734.2000,2734.0000,2733.8000,2733.4000,2733.2000,2735.0000,2738.8000,2742.0000,2744.8000,2748.0000,1,1,10,1,3,7,10,5,10,1
SF,IH2003,2020-02-04 09:30:46.100,2735.0000,26978,0,417927540.000,0,-,-,-,-,2734.4000,2734.2000,2733.8000,2733.2000,2733.0000,2735.0000,2738.8000,2742.0000,2744.8000,2748.0000,2,1,10,3,1,7,10,5,10,1
SF,IH2003,2020-02-04 09:30:46.600,2735.0000,26969,-9,426132540.000,10,0,10,多平,S,2735.0000,2734.4000,2734.2000,2733.8000,2733.2000,2738.8000,2742.0000,2744.8000,2748.0000,2748.4000,4,1,1,11,3,10,5,10,1,2
SF,IH2003,2020-02-04 09:30:47.100,2735.0000,26969,0,426132540.000,0,-,-,-,-,2735.2000,2735.0000,2734.6000,2734.4000,2734.2000,2736.0000,2737.6000,2737.8000,2738.2000,2738.6000,1,9,1,2,1,1,2,2,3,4
SF,IH2003,2020-02-04 09:30:47.600,2735.0000,26968,-1,426953040.000,1,0,1,双平,S,2735.0000,2734.6000,2734.4000,2734.2000,2733.8000,2736.0000,2737.6000,2737.8000,2738.2000,2738.6000,16,1,2,2,12,1,1,2,4,4
SF,IH2003,2020-02-04 09:30:48.100,2735.0000,26967,-1,427773540.000,1,0,1,双平,S,2735.0000,2734.6000,2734.2000,2733.8000,2733.2000,2735.8000,2736.0000,2737.6000,2737.8000,2738.2000,15,1,2,12,3,1,2,1,2,3
SF,IH2003,2020-02-04 09:30:48.600,2735.0000,26965,-2,431877720.000,5,1,4,多平,S,2735.0000,2734.6000,2734.2000,2733.8000,2733.2000,2737.8000,2738.2000,2738.6000,2738.8000,2742.0000,14,1,2,12,3,2,3,3,10,5
SF,IH2003,2020-02-04 09:30:49.100,2735.0000,26965,0,431877720.000,0,-,-,-,-,2736.0000,2735.8000,2735.2000,2735.0000,2734.8000,2737.6000,2737.8000,2738.2000,2738.6000,2738.8000,4,1,4,15,1,1,1,3,1,10
SF,IH2003,2020-02-04 09:30:49.600,2735.0000,26964,-1,433518720.000,2,0,2,多平,S,2736.0000,2735.8000,2735.2000,2735.0000,2734.8000,2737.6000,2737.8000,2738.2000,2738.8000,2742.0000,2,1,2,15,1,2,1,3,10,5
SF,IH2003,2020-02-04 09:30:50.100,2737.6000,26962,-2,435161280.000,2,0,2,双平,S,2736.0000,2735.8000,2735.2000,2735.0000,2734.8000,2737.4000,2737.6000,2737.8000,2738.2000,2738.8000,2,1,2,15,1,2,1,1,3,10
SF,IH2003,2020-02-04 09:30:50.600,2736.0000,26961,-1,435982080.000,1,0,1,双平,S,2736.2000,2736.0000,2735.8000,2735.2000,2735.0000,2736.8000,2737.0000,2737.2000,2737.4000,2737.8000,2,1,1,1,14,1,2,1,4,2
SF,IH2003,2020-02-04 09:30:51.100,2736.0000,26958,-3,438444480.000,3,0,3,双平,S,2735.8000,2735.2000,2735.0000,2734.8000,2734.2000,2736.2000,2736.6000,2737.2000,2737.4000,2738.2000,1,1,17,1,1,1,1,1,2,3
SF,IH2003,2020-02-04 09:30:51.600,2737.4000,26953,-5,442548960.000,5,0,5,双平,S,2737.6000,2735.8000,2735.0000,2734.8000,2734.2000,2738.2000,2738.8000,2742.0000,2744.8000,2748.0000,1,1,17,2,1,3,10,5,10,1
SF,IH2003,2020-02-04 09:30:52.100,2737.6000,26952,-1,443370240.000,1,0,1,双平,S,2735.8000,2735.0000,2734.8000,2734.2000,2733.8000,2736.0000,2737.8000,2738.0000,2738.8000,2742.0000,1,17,2,1,12,1,3,2,10,5
SF,IH2003,2020-02-04 09:30:52.600,2737.6000,26949,-3,447474420.000,5,1,4,多平,S,2736.0000,2735.0000,2734.8000,2734.2000,2733.8000,2737.8000,2738.0000,2738.8000,2742.0000,2744.8000,1,9,2,1,12,1,1,10,5,10
SF,IH2003,2020-02-04 09:30:53.100,2736.0000,26948,-1,451578540.000,5,2,3,多平,S,2735.0000,2734.8000,2734.2000,2733.8000,2733.4000,2736.0000,2737.6000,2737.8000,2738.8000,2742.0000,10,2,1,10,1,8,4,2,10,5
SF,IH2003,2020-02-04 09:30:53.600,2736.0000,26947,-1,456503340.000,6,2,4,多平,S,2735.0000,2734.8000,2734.2000,2733.8000,2733.4000,2736.0000,2736.2000,2737.6000,2737.8000,2738.0000,10,1,1,10,1,2,2,3,2,1
SF,IH2003,2020-02-04 09:30:54.100,2736.0000,26945,-2,458144940.000,2,0,2,双平,S,2735.2000,2735.0000,2734.8000,2734.2000,2733.8000,2736.0000,2736.2000,2737.6000,2737.8000,2738.0000,1,9,2,1,9,4,2,3,1,1
SF,IH2003,2020-02-04 09:30:54.600,2736.2000,26945,0,463069860.000,6,3,3,多换,S,2735.2000,2735.0000,2734.8000,2734.2000,2733.8000,2737.6000,2737.8000,2738.0000,2738.8000,2742.0000,1,10,1,1,9,2,1,1,10,5
SF,IH2003,2020-02-04 09:30:55.100,2737.4000,26946,1,464712300.000,2,1,1,空开,S,2736.0000,2735.4000,2735.2000,2735.0000,2734.8000,2737.6000,2737.8000,2738.0000,2738.8000,2742.0000,11,1,1,10,1,1,1,2,10,5
SF,IH2003,2020-02-04 09:30:55.600,2736.0000,26945,-1,465533100.000,1,0,1,双平,S,2736.2000,2736.0000,2735.6000,2735.2000,2735.0000,2737.6000,2737.8000,2738.0000,2738.8000,2742.0000,1,13,1,1,12,1,1,2,10,5
SF,IH2003,2020-02-04 09:30:56.100,2737.4000,26944,-1,467996400.000,3,1,2,多平,S,2737.4000,2736.4000,2736.0000,2735.6000,2735.2000,2737.8000,2738.0000,2738.8000,2742.0000,2744.0000,4,1,13,1,1,1,2,10,5,1
SF,IH2003,2020-02-04 09:30:56.600,2737.6000,26912,-32,495919140.000,34,1,33,多平,S,2736.0000,2735.6000,2735.0000,2733.8000,2733.4000,2737.0000,2738.0000,2738.8000,2742.0000,2744.0000,13,1,13,9,1,4,2,10,5,1
SF,IH2003,2020-02-04 09:30:57.100,2738.0000,26901,-11,506595540.000,13,1,12,多平,S,2737.0000,2736.2000,2736.0000,2735.6000,2735.0000,2738.8000,2742.0000,2744.0000,2744.8000,2748.0000,1,2,13,1,14,10,5,1,10,1
SF,IH2003,2020-02-04 09:30:57.600,2737.8000,26901,0,507416880.000,1,0,1,多换,S,2737.2000,2737.0000,2736.8000,2736.2000,2736.0000,2738.0000,2738.6000,2738.8000,2739.0000,2742.0000,1,1,1,2,14,1,3,10,1,5
SF,IH2003,2020-02-04 09:30:58.100,2736.8000,26895,-6,512343660.000,6,0,6,双平,S,2736.2000,2736.0000,2735.0000,2733.8000,2733.4000,2737.8000,2738.0000,2738.6000,2738.8000,2739.0000,2,14,14,8,1,1,1,2,10,1
SF,IH2003,2020-02-04 09:30:58.600,2737.8000,26893,-2,514807680.000,3,0,3,多平,S,2737.4000,2736.2000,2736.0000,2735.0000,2733.8000,2738.0000,2738.6000,2738.8000,2739.0000,2741.2000,1,2,14,12,8,1,2,10,1,1
SF,IH2003,2020-02-04 09:30:59.100,2738.0000,26892,-1,517271520.000,3,1,2,多平,S,2738.0000,2736.4000,2736.2000,2736.0000,2735.0000,2738.6000,2738.8000,2739.0000,2741.2000,2742.0000,5,1,2,14,12,2,10,1,1,5
SF,IH2003,2020-02-04 09:30:59.600,2738.0000,26886,-6,523021320.000,7,0,7,多平,S,2736.4000,2736.0000,2735.0000,2733.8000,2733.4000,2738.0000,2738.6000,2738.8000,2739.0000,2741.2000,1,14,12,8,1,1,1,10,1,1
SF,IH2003,2020-02-04 09:31:00.100,2738.0000,26886,0,523021320.000,0,-,-,-,-,2736.4000,2736.0000,2735.4000,2735.0000,2733.8000,2737.8000,2738.0000,2738.4000,2738.8000,2739.0000,1,19,3,12,8,5,10,1,10,1
SF,IH2003,2020-02-04 09:31:00.600,2737.8000,26886,0,526306080.000,4,2,2,多换,S,2736.0000,2735.0000,2733.8000,2733.4000,2733.2000,2737.6000,2737.8000,2738.0000,2738.4000,2738.8000,18,12,8,1,2,2,3,11,1,10
SF,IH2003,2020-02-04 09:31:01.100,2736.4000,26881,-5,531233220.000,6,0,6,多平,S,2736.0000,2735.0000,2733.8000,2733.4000,2733.2000,2737.4000,2737.8000,2738.0000,2738.4000,2738.8000,21,12,8,1,2,2,2,11,1,10
SF,IH2003,2020-02-04 09:31:01.600,2736.4000,26878,-3,534517440.000,4,0,4,多平,S,2736.0000,2735.0000,2733.8000,2733.4000,2733.2000,2736.4000,2737.4000,2737.8000,2738.0000,2738.4000,21,12,8,1,2,1,1,2,11,1
SF,IH2003,2020-02-04 09:31:02.100,2736.4000,26877,-1,535338360.000,1,0,1,双平,S,2736.8000,2736.6000,2736.4000,2736.0000,2735.0000,2737.4000,2737.8000,2738.0000,2738.4000,2738.8000,2,1,1,21,12,1,2,11,1,10
SF,IH2003,2020-02-04 09:31:02.600,2736.4000,26875,-2,538622340.000,4,1,3,多平,S,2736.0000,2735.0000,2733.8000,2733.4000,2733.2000,2736.4000,2736.8000,2737.0000,2737.4000,2737.8000,20,12,8,1,2,1,2,1,6,1
SF,IH2003,2020-02-04 09:31:03.100,2736.6000,26870,-5,543548160.000,6,0,6,多平,S,2736.4000,2736.0000,2735.0000,2733.8000,2733.4000,2736.8000,2737.2000,2737.4000,2738.0000,2738.4000,2,20,12,8,1,1,1,6,11,1
SF,IH2003,2020-02-04 09:31:03.600,2737.0000,26868,-2,549296340.000,7,2,5,多平,S,2737.0000,2736.8000,2736.4000,2736.2000,2736.0000,2737.4000,2738.0000,2738.4000,2738.8000,2740.0000,1,2,3,1,20,2,11,1,10,10
SF,IH2003,2020-02-04 09:31:04.100,2737.4000,26866,-2,551760000.000,3,0,3,多平,S,2737.8000,2737.4000,2737.0000,2736.8000,2736.4000,2738.0000,2738.4000,2738.8000,2740.0000,2740.6000,1,1,2,2,3,11,1,10,10,1
SF,IH2003,2020-02-04 09:31:04.600,2737.4000,26856,-10,559973640.000,10,0,10,双平,S,2737.2000,2737.0000,2736.8000,2736.4000,2736.0000,2738.0000,2738.8000,2740.0000,2740.6000,2741.2000,2,2,2,2,20,6,10,10,1,1
SF,IH2003,2020-02-04 09:31:05.100,2737.2000,26856,0,561615960.000,2,1,1,多换,S,2737.2000,2737.0000,2736.8000,2736.4000,2736.0000,2737.8000,2738.0000,2738.8000,2740.0000,2740.6000,1,1,3,2,20,2,6,10,10,1
SF,IH2003,2020-02-04 09:31:05.600,2738.0000,26847,-9,569829720.000,10,0,10,多平,S,2738.0000,2737.8000,2737.2000,2737.0000,2736.8000,2738.8000,2740.0000,2740.6000,2741.2000,2742.0000,1,2,4,1,3,10,10,1,1,5
SF,IH2003,2020-02-04 09:31:06.100,2738.0000,26846,-1,570651120.000,1,0,1,双平,S,2738.0000,2737.8000,2737.4000,2737.2000,2737.0000,2738.8000,2740.0000,2740.6000,2741.2000,2742.0000,1,2,1,3,1,10,10,1,1,5
SF,IH2003,2020-02-04 09:31:06.600,2738.0000,26843,-3,573936960.000,4,0,4,多平,S,2738.0000,2737.8000,2737.6000,2737.4000,2737.2000,2738.8000,2740.0000,2740.6000,2741.2000,2742.0000,4,2,1,1,1,9,10,1,1,5
SF,IH2003,2020-02-04 09:31:07.100,2737.8000,26834,-9,583793280.000,12,1,11,多平,S,2737.0000,2736.8000,2736.4000,2736.0000,2735.0000,2738.8000,2740.0000,2740.6000,2741.2000,2742.0000,2,2,2,19,12,8,10,1,1,5
SF,IH2003,2020-02-04 09:31:07.600,2738.6000,26833,-1,584614860.000,1,0,1,双平,S,2737.8000,2737.2000,2737.0000,2736.8000,2736.4000,2738.6000,2738.8000,2740.0000,2740.6000,2741.2000,3,1,1,2,5,1,8,10,1,1
SF,IH2003,2020-02-04 09:31:08.100,2738.0000,26831,-2,590365800.000,7,2,5,多平,S,2737.2000,2737.0000,2736.8000,2736.4000,2736.0000,2738.0000,2738.8000,2740.0000,2740.6000,2741.2000,1,1,2,5,19,2,4,10,1,1
SF,IH2003,2020-02-04 09:31:08.600,2738.8000,26825,-6,595294980.000,6,0,6,双平,S,2738.2000,2737.4000,2737.0000,2736.8000,2736.4000,2738.8000,2740.0000,2740.6000,2741.2000,2742.0000,1,2,4,2,5,1,10,1,1,5
SF,IH2003,2020-02-04 09:31:09.100,2738.2000,26824,-1,596116440.000,1,0,1,双平,S,2737.4000,2737.0000,2736.8000,2736.4000,2736.0000,2738.8000,2740.0000,2740.6000,2741.2000,2742.0000,3,1,1,5,19,1,10,1,1,5
SF,IH2003,2020-02-04 09:31:09.600,2738.8000,26822,-2,597759720.000,2,0,2,双平,S,2738.0000,2737.8000,2737.6000,2737.4000,2737.0000,2740.0000,2740.6000,2741.2000,2742.0000,2743.0000,1,3,3,3,1,10,1,1,5,1
SF,IH2003,2020-02-04 09:31:10.100,2739.8000,26822,0,602690100.000,6,3,3,多换,S,2738.2000,2737.8000,2737.6000,2737.4000,2737.0000,2740.0000,2740.2000,2740.6000,2741.2000,2742.0000,1,3,3,3,3,9,1,1,1,5
SF,IH2003,2020-02-04 09:31:10.600,2740.0000,26820,-2,604333620.000,2,0,2,双平,S,2738.2000,2737.6000,2737.4000,2737.2000,2737.0000,2740.0000,2740.2000,2740.6000,2741.2000,2742.0000,5,3,1,2,3,8,4,1,1,5
SF,IH2003,2020-02-04 09:31:11.100,2738.8000,26817,-3,607621260.000,4,0,4,多平,S,2738.8000,2738.2000,2737.6000,2737.4000,2737.2000,2740.0000,2740.2000,2740.6000,2741.2000,2742.0000,24,5,6,1,2,5,5,1,1,5
SF,IH2003,2020-02-04 09:31:11.600,2739.8000,26817,0,608443200.000,1,0,1,多换,S,2739.0000,2738.8000,2738.2000,2737.6000,2737.0000,2739.8000,2740.0000,2740.2000,2740.6000,2741.2000,3,27,1,2,3,2,5,5,1,1
SF,IH2003,2020-02-04 09:31:12.100,2740.0000,26816,-1,618306720.000,12,5,7,多平,S,2740.0000,2739.0000,2738.8000,2738.2000,2737.6000,2740.2000,2740.6000,2741.2000,2742.0000,2743.0000,6,2,27,1,3,5,1,1,5,1
SF,IH2003,2020-02-04 09:31:12.600,2740.2000,26814,-2,625704840.000,9,3,6,多平,S,2740.0000,2738.8000,2738.2000,2737.6000,2737.0000,2740.2000,2740.6000,2741.2000,2742.0000,2743.0000,3,27,1,2,3,4,1,1,5,1
SF,IH2003,2020-02-04 09:31:13.100,2740.0000,26814,0,626526840.000,1,0,1,多换,S,2740.0000,2738.8000,2738.2000,2737.6000,2737.0000,2740.2000,2740.6000,2741.2000,2742.0000,2743.0000,3,24,1,2,3,3,1,1,5,1
SF,IH2003,2020-02-04 09:31:13.600,2740.2000,26809,-5,632280900.000,7,1,6,多平,S,2740.0000,2739.8000,2738.8000,2738.2000,2738.0000,2740.2000,2740.4000,2740.6000,2741.2000,2742.0000,1,2,24,1,1,1,1,1,1,5
SF,IH2003,2020-02-04 09:31:14.100,2738.8000,26807,-2,635568660.000,4,1,3,多平,S,2738.8000,2738.2000,2738.0000,2737.6000,2737.0000,2740.0000,2740.2000,2740.4000,2740.6000,2741.2000,23,1,1,2,3,1,1,1,1,1
SF,IH2003,2020-02-04 09:31:14.600,2740.4000,26804,-3,638034840.000,3,0,3,双平,S,2740.4000,2740.2000,2739.0000,2738.8000,2738.2000,2740.6000,2741.2000,2742.0000,2743.0000,2744.0000,1,20,3,23,1,1,1,5,1,1
SF,IH2003,2020-02-04 09:31:15.100,2740.6000,26803,-1,638857020.000,1,0,1,双平,S,2740.4000,2740.2000,2740.0000,2739.0000,2738.8000,2740.8000,2741.2000,2742.0000,2742.8000,2743.0000,1,20,1,7,23,1,1,5,2,1
SF,IH2003,2020-02-04 09:31:15.600,2740.8000,26803,0,641323620.000,3,1,2,多换,S,2740.8000,2740.2000,2740.0000,2739.0000,2738.8000,2741.0000,2741.2000,2742.0000,2742.8000,2743.0000,1,22,7,5,23,3,1,5,2,1
SF,IH2003,2020-02-04 09:31:16.100,2740.2000,26802,-1,642967920.000,2,0,2,多平,S,2740.2000,2740.0000,2739.8000,2739.6000,2739.0000,2740.4000,2741.0000,2741.2000,2742.0000,2742.8000,21,9,2,3,2,2,3,2,5,2
SF,IH2003,2020-02-04 09:31:16.600,2740.2000,26799,-3,646256340.000,4,0,4,多平,S,2740.2000,2740.0000,2739.8000,2739.0000,2738.8000,2741.0000,2741.2000,2742.0000,2742.8000,2743.0000,20,9,2,2,23,3,2,5,2,11
SF,IH2003,2020-02-04 09:31:17.100,2740.4000,26797,-2,647900760.000,2,0,2,双平,S,2740.4000,2740.2000,2740.0000,2739.8000,2739.0000,2741.0000,2741.2000,2742.0000,2742.8000,2743.0000,1,19,11,1,2,2,2,5,2,11
SF,IH2003,2020-02-04 09:31:17.600,2740.4000,26794,-3,650367480.000,3,0,3,双平,S,2740.4000,2740.2000,2740.0000,2739.0000,2738.8000,2741.0000,2741.2000,2742.0000,2742.8000,2743.0000,2,20,9,2,23,1,2,5,2,11
SF,IH2003,2020-02-04 09:31:18.100,2740.4000,26794,0,650367480.000,0,-,-,-,-,2740.6000,2740.2000,2740.0000,2738.8000,2738.2000,2741.0000,2741.2000,2742.0000,2742.8000,2743.0000,2,20,6,23,1,1,2,6,2,11
SF,IH2003,2020-02-04 09:31:18.600,2740.4000,26794,0,650367480.000,0,-,-,-,-,2740.8000,2740.6000,2740.4000,2740.2000,2740.0000,2741.0000,2741.2000,2742.0000,2742.8000,2743.0000,4,2,3,20,6,1,3,6,2,11
SF,IH2003,2020-02-04 09:31:19.100,2740.8000,26789,-5,654478620.000,5,0,5,双平,S,2740.8000,2740.6000,2740.4000,2740.2000,2740.0000,2741.2000,2742.0000,2742.8000,2743.0000,2744.0000,3,4,3,20,1,3,6,2,11,1
SF,IH2003,2020-02-04 09:31:19.600,2740.8000,26788,-1,656123220.000,2,0,2,多平,S,2740.8000,2740.6000,2740.4000,2740.2000,2740.0000,2741.2000,2742.0000,2742.8000,2743.0000,2744.0000,2,6,6,19,1,2,6,2,11,1
SF,IH2003,2020-02-04 09:31:20.100,2740.8000,26778,-10,665989740.000,12,1,11,多平,S,2740.4000,2740.2000,2740.0000,2738.8000,2738.2000,2741.2000,2741.4000,2742.0000,2742.8000,2743.0000,6,19,1,24,1,2,1,6,2,11
SF,IH2003,2020-02-04 09:31:20.600,2740.8000,26778,0,665989740.000,0,-,-,-,-,2741.0000,2740.6000,2740.4000,2740.2000,2740.0000,2741.2000,2741.4000,2742.0000,2742.8000,2743.0000,1,1,9,20,1,2,4,6,2,11
SF,IH2003,2020-02-04 09:31:21.100,2740.4000,26767,-11,678322020.000,15,2,13,多平,S,2740.4000,2740.2000,2740.0000,2738.8000,2738.2000,2741.2000,2741.4000,2742.0000,2742.8000,2743.0000,2,18,3,24,1,2,5,6,2,11
SF,IH2003,2020-02-04 09:31:21.600,2741.2000,26762,-5,682433820.000,5,0,5,双平,S,2741.2000,2740.4000,2740.2000,2740.0000,2738.8000,2741.4000,2742.0000,2742.8000,2743.0000,2744.0000,2,2,17,3,24,5,6,2,11,1
SF,IH2003,2020-02-04 09:31:22.100,2741.4000,26757,-5,689835360.000,9,2,7,多平,S,2741.4000,2741.2000,2740.2000,2740.0000,2738.8000,2742.0000,2742.8000,2743.0000,2744.0000,2744.8000,1,6,17,3,24,6,2,11,1,11
SF,IH2003,2020-02-04 09:31:22.600,2742.0000,26738,-19,707107620.000,21,1,20,多平,S,2742.0000,2741.2000,2740.8000,2740.0000,2738.8000,2742.8000,2743.0000,2744.0000,2744.8000,2745.0000,3,4,1,3,24,2,11,1,11,10
SF,IH2003,2020-02-04 09:31:23.100,2742.0000,26735,-3,709575420.000,3,0,3,双平,S,2742.2000,2741.2000,2741.0000,2740.8000,2740.0000,2742.8000,2743.0000,2744.0000,2744.8000,2745.0000,1,9,1,1,3,4,11,1,11,10
SF,IH2003,2020-02-04 09:31:23.600,2742.0000,26734,-1,710398020.000,1,0,1,双平,S,2741.4000,2741.2000,2741.0000,2740.8000,2740.0000,2742.8000,2743.0000,2744.0000,2744.8000,2745.0000,1,9,6,1,3,4,12,1,11,10
SF,IH2003,2020-02-04 09:31:24.100,2741.2000,26729,-5,714510300.000,5,0,5,双平,S,2741.2000,2741.0000,2740.8000,2740.0000,2738.8000,2742.6000,2742.8000,2743.0000,2744.0000,2744.8000,6,6,1,3,24,2,3,12,2,11
SF,IH2003,2020-02-04 09:31:24.600,2742.0000,26728,-1,715332900.000,1,0,1,双平,S,2741.4000,2741.2000,2741.0000,2740.8000,2740.0000,2742.0000,2742.4000,2742.6000,2742.8000,2743.0000,2,6,6,1,3,10,2,2,2,12
SF,IH2003,2020-02-04 09:31:25.100,2741.2000,26724,-4,718622460.000,4,0,4,双平,S,2741.2000,2741.0000,2740.8000,2740.0000,2738.8000,2741.4000,2742.0000,2742.2000,2742.4000,2742.6000,4,6,1,3,24,1,10,1,2,1
SF,IH2003,2020-02-04 09:31:25.600,2742.0000,26724,0,727670220.000,11,5,6,多换,S,2741.4000,2741.2000,2741.0000,2740.8000,2740.0000,2742.0000,2742.2000,2742.6000,2742.8000,2743.0000,1,3,6,1,3,5,1,1,2,13
SF,IH2003,2020-02-04 09:31:26.100,2742.0000,26723,-1,730138020.000,3,1,2,多平,S,2741.6000,2741.4000,2741.2000,2741.0000,2740.8000,2742.0000,2742.2000,2742.6000,2742.8000,2743.0000,2,1,3,6,1,2,2,1,2,13
SF,IH2003,2020-02-04 09:31:26.600,2741.0000,26717,-6,736717440.000,8,1,7,多平,S,2742.0000,2741.4000,2741.0000,2740.8000,2740.0000,2742.2000,2742.6000,2742.8000,2743.0000,2744.0000,1,2,4,1,3,3,1,2,13,2
SF,IH2003,2020-02-04 09:31:27.100,2742.0000,26713,-4,740830620.000,5,0,5,多平,S,2742.2000,2741.4000,2741.0000,2740.8000,2740.0000,2742.8000,2743.0000,2744.0000,2744.8000,2745.0000,2,2,4,1,3,2,13,2,11,11
SF,IH2003,2020-02-04 09:31:27.600,2742.2000,26711,-2,742475940.000,2,0,2,双平,S,2742.0000,2741.4000,2741.0000,2740.8000,2740.0000,2742.2000,2742.6000,2742.8000,2743.0000,2744.0000,1,2,4,1,3,3,2,2,13,2
SF,IH2003,2020-02-04 09:31:28.100,2742.0000,26710,-1,744121140.000,2,0,2,多平,S,2742.0000,2741.4000,2741.0000,2740.8000,2740.0000,2742.6000,2742.8000,2743.0000,2744.0000,2744.8000,1,2,4,1,1,1,2,13,2,11
SF,IH2003,2020-02-04 09:31:28.600,2742.0000,26709,-1,744943740.000,1,0,1,双平,S,2741.4000,2741.0000,2740.8000,2740.0000,2738.8000,2742.4000,2742.8000,2743.0000,2744.0000,2744.8000,2,4,1,1,24,1,3,13,2,11
SF,IH2003,2020-02-04 09:31:29.100,2742.2000,26706,-3,748234500.000,4,0,4,多平,S,2742.2000,2741.4000,2741.0000,2740.8000,2740.0000,2742.8000,2743.0000,2744.0000,2744.8000,2745.0000,4,2,4,1,1,3,13,2,11,11
SF,IH2003,2020-02-04 09:31:29.600,2742.8000,26703,-3,750703020.000,3,0,3,双平,S,2742.8000,2742.6000,2742.4000,2742.2000,2741.4000,2743.0000,2744.0000,2744.8000,2745.0000,2747.8000,2,1,1,4,3,13,2,11,11,1
SF,IH2003,2020-02-04 09:31:30.100,2742.6000,26700,-3,753994380.000,4,0,4,多平,S,2742.2000,2741.4000,2741.0000,2740.8000,2740.0000,2743.0000,2743.2000,2744.0000,2744.8000,2745.0000,4,2,4,1,1,12,1,2,11,11
SF,IH2003,2020-02-04 09:31:30.600,2742.6000,26700,0,753994380.000,0,-,-,-,-,2742.8000,2742.4000,2742.2000,2741.4000,2741.0000,2743.0000,2743.2000,2744.0000,2744.8000,2745.0000,1,1,4,2,4,12,5,2,11,11
SF,IH2003,2020-02-04 09:31:31.100,2743.0000,26699,-1,754817280.000,1,0,1,双平,S,2742.8000,2742.6000,2742.2000,2741.4000,2741.0000,2743.0000,2743.2000,2744.0000,2744.8000,2745.0000,1,2,4,2,4,11,6,2,13,11
SF,IH2003,2020-02-04 09:31:31.600,2742.8000,26699,0,755640120.000,1,0,1,多换,S,2742.6000,2742.2000,2741.4000,2741.0000,2740.8000,2743.0000,2743.2000,2744.0000,2744.8000,2745.0000,2,4,2,4,1,11,6,2,13,11
SF,IH2003,2020-02-04 09:31:32.100,2742.6000,26693,-6,760577400.000,6,0,6,双平,S,2742.6000,2741.4000,2741.0000,2740.8000,2740.0000,2742.8000,2743.0000,2743.2000,2744.0000,2744.8000,1,2,4,1,1,1,6,6,2,13
SF,IH2003,2020-02-04 09:31:32.600,2743.0000,26685,-8,767983260.000,9,0,9,多平,S,2743.0000,2742.8000,2741.4000,2741.0000,2740.8000,2743.2000,2744.0000,2744.8000,2745.0000,2747.8000,2,1,2,4,1,6,2,13,11,1
SF,IH2003,2020-02-04 09:31:33.100,2743.2000,26684,-1,771274860.000,4,1,3,多平,S,2741.4000,2741.0000,2740.8000,2740.0000,2738.8000,2743.2000,2744.0000,2744.8000,2745.0000,2747.8000,2,4,1,1,24,5,2,13,11,1
SF,IH2003,2020-02-04 09:31:33.600,2741.6000,26680,-4,774566040.000,4,0,4,双平,S,2741.6000,2741.4000,2741.0000,2740.8000,2740.0000,2743.2000,2743.4000,2744.0000,2744.8000,2745.0000,1,2,4,1,2,5,1,2,13,11
SF,IH2003,2020-02-04 09:31:34.100,2743.0000,26677,-3,777034800.000,3,0,3,双平,S,2741.6000,2741.0000,2740.8000,2740.6000,2740.0000,2743.0000,2743.2000,2743.4000,2744.0000,2744.8000,3,4,1,2,2,2,4,1,2,13
SF,IH2003,2020-02-04 09:31:34.600,2743.0000,26675,-2,778680600.000,2,0,2,双平,S,2743.0000,2741.6000,2741.0000,2740.8000,2740.6000,2743.2000,2743.4000,2744.0000,2744.8000,2745.0000,6,1,4,1,2,4,1,2,13,11
SF,IH2003,2020-02-04 09:31:35.100,2743.2000,26674,-1,781972260.000,4,1,3,多平,S,2743.0000,2741.8000,2741.6000,2741.0000,2740.8000,2743.2000,2743.4000,2744.0000,2744.8000,2745.0000,3,3,1,4,1,3,2,2,13,11
SF,IH2003,2020-02-04 09:31:35.600,2743.2000,26667,-7,790201560.000,10,1,9,多平,S,2743.2000,2743.0000,2741.8000,2741.0000,2740.8000,2743.4000,2744.0000,2744.8000,2745.0000,2747.8000,14,1,2,4,1,4,2,13,11,1
SF,IH2003,2020-02-04 09:31:36.100,2743.2000,26661,-6,795139320.000,6,0,6,双平,S,2743.2000,2743.0000,2741.0000,2740.8000,2740.6000,2743.4000,2743.6000,2744.0000,2744.8000,2745.0000,8,1,4,1,2,4,1,2,13,11
SF,IH2003,2020-02-04 09:31:36.600,2743.2000,26653,-8,801723000.000,8,0,8,双平,S,2743.0000,2741.0000,2740.8000,2740.6000,2740.0000,2743.2000,2743.4000,2743.6000,2744.0000,2744.8000,1,4,1,2,2,1,4,1,2,13
SF,IH2003,2020-02-04 09:31:37.100,2743.4000,26651,-2,804192000.000,3,0,3,多平,S,2743.0000,2741.0000,2740.8000,2740.6000,2740.0000,2743.4000,2743.6000,2744.0000,2744.6000,2744.8000,1,4,1,2,2,2,1,2,1,13
SF,IH2003,2020-02-04 09:31:37.600,2743.4000,26650,-1,805015020.000,1,0,1,双平,S,2743.2000,2743.0000,2741.0000,2740.8000,2740.6000,2743.4000,2743.6000,2744.0000,2744.6000,2744.8000,2,1,4,1,2,1,1,2,1,13
SF,IH2003,2020-02-04 09:31:38.100,2743.0000,26648,-2,807484020.000,3,0,3,多平,S,2741.0000,2740.8000,2740.6000,2740.0000,2738.8000,2743.0000,2744.0000,2744.6000,2744.8000,2745.0000,4,1,2,2,6,1,2,1,13,11
SF,IH2003,2020-02-04 09:31:38.600,2743.0000,26646,-2,810775680.000,4,1,3,多平,S,2741.2000,2741.0000,2740.8000,2740.6000,2740.0000,2744.0000,2744.6000,2744.8000,2745.0000,2745.6000,5,5,1,2,2,2,1,13,11,1
SF,IH2003,2020-02-04 09:31:39.100,2743.0000,26646,0,811598580.000,1,0,1,多换,S,2743.2000,2741.6000,2741.4000,2741.2000,2741.0000,2743.6000,2743.8000,2744.0000,2744.6000,2744.8000,1,1,2,5,5,1,3,2,1,13
SF,IH2003,2020-02-04 09:31:39.600,2743.2000,26646,0,813244500.000,2,1,1,多换,S,2741.6000,2741.4000,2741.2000,2741.0000,2740.8000,2743.2000,2743.8000,2744.0000,2744.4000,2744.6000,1,2,2,5,1,2,1,2,1,1
SF,IH2003,2020-02-04 09:31:40.100,2743.4000,26644,-2,815713440.000,3,0,3,多平,S,2741.8000,2741.6000,2741.2000,2741.0000,2740.8000,2743.8000,2744.0000,2744.6000,2744.8000,2745.0000,3,1,1,5,1,1,2,1,13,12
SF,IH2003,2020-02-04 09:31:40.600,2743.4000,26644,0,815713440.000,0,-,-,-,-,2741.8000,2741.0000,2740.8000,2740.6000,2740.0000,2743.6000,2743.8000,2744.0000,2744.4000,2744.6000,2,4,1,2,2,2,1,3,1,1
SF,IH2003,2020-02-04 09:31:41.100,2741.8000,26643,-1,816535980.000,1,0,1,双平,S,2742.0000,2741.0000,2740.8000,2740.6000,2740.4000,2743.6000,2743.8000,2744.0000,2744.6000,2744.8000,2,4,1,2,1,2,2,3,1,13
SF,IH2003,2020-02-04 09:31:41.600,2743.6000,26642,-1,819004740.000,3,1,2,多平,S,2743.6000,2742.0000,2741.0000,2740.8000,2740.6000,2743.8000,2744.0000,2744.6000,2744.8000,2745.0000,10,1,4,1,2,2,3,1,13,12
SF,IH2003,2020-02-04 09:31:42.100,2743.6000,26632,-10,827235600.000,10,0,10,双平,S,2743.6000,2742.2000,2741.0000,2740.8000,2740.6000,2743.8000,2744.0000,2744.6000,2744.8000,2745.0000,1,1,4,1,2,1,3,1,13,12
SF,IH2003,2020-02-04 09:31:42.600,2743.6000,26631,-1,828058680.000,1,0,1,双平,S,2742.2000,2741.0000,2740.8000,2740.6000,2740.4000,2743.6000,2743.8000,2744.0000,2744.6000,2744.8000,1,4,1,2,1,1,1,3,1,13
SF,IH2003,2020-02-04 09:31:43.100,2743.6000,26630,-1,829704840.000,2,0,2,多平,S,2741.0000,2740.8000,2740.6000,2740.4000,2740.0000,2743.4000,2743.6000,2743.8000,2744.0000,2744.6000,4,1,2,1,2,1,2,1,3,1
SF,IH2003,2020-02-04 09:31:43.600,2743.8000,26626,-4,834643380.000,6,1,5,多平,S,2743.8000,2743.6000,2741.2000,2741.0000,2740.8000,2744.0000,2744.6000,2744.8000,2745.0000,2745.6000,12,1,3,4,1,3,1,13,12,2
SF,IH2003,2020-02-04 09:31:44.100,2743.6000,26613,-13,845344140.000,13,0,13,双平,S,2741.2000,2741.0000,2740.8000,2740.6000,2740.4000,2742.8000,2743.4000,2744.0000,2744.6000,2744.8000,3,4,1,2,1,1,1,3,1,13
SF,IH2003,2020-02-04 09:31:44.600,2743.0000,26612,-1,846990060.000,2,0,2,多平,S,2741.4000,2741.2000,2741.0000,2740.8000,2740.6000,2743.6000,2744.0000,2744.6000,2744.8000,2745.0000,2,1,4,1,2,1,3,1,13,12
SF,IH2003,2020-02-04 09:31:45.100,2743.2000,26612,0,847813020.000,1,0,1,多换,S,2741.4000,2741.0000,2740.8000,2740.6000,2740.4000,2743.2000,2743.4000,2743.6000,2743.8000,2744.0000,2,4,1,2,1,1,1,1,1,3
SF,IH2003,2020-02-04 09:31:45.600,2743.2000,26612,0,847813020.000,0,-,-,-,-,2741.6000,2741.4000,2741.0000,2740.8000,2740.6000,2743.0000,2743.4000,2743.6000,2743.8000,2744.0000,1,1,4,1,2,2,2,1,1,3
SF,IH2003,2020-02-04 09:31:46.100,2743.0000,26612,0,850281780.000,3,1,2,多换,S,2741.8000,2741.6000,2741.0000,2740.8000,2740.6000,2743.0000,2743.2000,2743.4000,2743.6000,2743.8000,1,2,4,1,2,9,1,1,2,1
SF,IH2003,2020-02-04 09:31:46.600,2743.0000,26612,0,850281780.000,0,-,-,-,-,2741.6000,2741.0000,2740.8000,2740.6000,2740.4000,2741.8000,2742.6000,2742.8000,2743.0000,2743.2000,1,4,1,2,2,1,2,2,9,1
SF,IH2003,2020-02-04 09:31:47.100,2741.8000,26610,-2,852749340.000,3,0,3,多平,S,2741.0000,2740.8000,2740.6000,2740.4000,2740.0000,2742.6000,2742.8000,2743.0000,2743.2000,2743.4000,4,1,2,2,2,2,1,9,1,1
SF,IH2003,2020-02-04 09:31:47.600,2742.4000,26610,0,853572060.000,1,0,1,多换,S,2741.0000,2740.8000,2740.6000,2740.4000,2740.0000,2742.4000,2742.6000,2742.8000,2743.0000,2743.2000,4,1,2,2,2,1,3,1,9,1
SF,IH2003,2020-02-04 09:31:48.100,2742.4000,26610,0,853572060.000,0,-,-,-,-,2741.0000,2740.8000,2740.6000,2740.4000,2740.0000,2742.0000,2742.2000,2742.4000,2742.8000,2743.0000,4,1,2,2,2,10,3,1,1,9
SF,IH2003,2020-02-04 09:31:48.600,2742.0000,26610,0,855217380.000,2,1,1,多换,S,2741.0000,2740.8000,2740.6000,2740.4000,2740.0000,2742.0000,2742.2000,2742.4000,2742.8000,2743.0000,4,1,2,2,2,10,2,1,1,9
SF,IH2003,2020-02-04 09:31:49.100,2741.4000,26609,-1,859329000.000,5,2,3,多平,S,2740.8000,2740.6000,2740.4000,2740.0000,2738.8000,2741.4000,2742.0000,2742.4000,2742.8000,2743.0000,1,2,2,2,6,1,10,1,1,9
SF,IH2003,2020-02-04 09:31:49.600,2741.4000,26608,-1,860151420.000,1,0,1,双平,S,2740.8000,2740.6000,2740.4000,2740.0000,2738.8000,2742.0000,2742.4000,2742.8000,2743.0000,2743.2000,1,2,2,2,6,10,1,1,9,1
SF,IH2003,2020-02-04 09:31:50.100,2740.6000,26608,0,862618020.000,3,1,2,多换,S,2740.4000,2740.0000,2738.8000,2737.6000,2736.4000,2740.8000,2741.0000,2741.2000,2741.8000,2742.0000,2,2,6,2,2,1,11,2,3,10
SF,IH2003,2020-02-04 09:31:50.600,2740.4000,26607,-1,863440140.000,1,0,1,双平,S,2740.4000,2740.0000,2738.8000,2737.6000,2736.4000,2740.8000,2741.0000,2741.2000,2741.8000,2742.0000,1,2,6,2,2,2,11,1,2,10
SF,IH2003,2020-02-04 09:31:51.100,2740.0000,26606,-1,865084260.000,2,0,2,多平,S,2740.0000,2738.8000,2737.6000,2736.4000,2736.0000,2740.8000,2741.0000,2741.2000,2741.6000,2741.8000,1,7,2,2,3,2,11,1,1,2
SF,IH2003,2020-02-04 09:31:51.600,2741.0000,26605,-1,868373340.000,4,1,3,多平,S,2740.0000,2738.8000,2737.6000,2736.4000,2736.0000,2741.0000,2741.2000,2741.8000,2742.0000,2742.4000,1,7,2,2,3,9,1,2,10,1
SF,IH2003,2020-02-04 09:31:52.100,2741.0000,26605,0,868373340.000,0,-,-,-,-,2740.0000,2738.8000,2737.6000,2736.4000,2736.0000,2740.8000,2741.0000,2741.2000,2741.8000,2742.0000,5,7,2,2,3,2,9,1,2,10
SF,IH2003,2020-02-04 09:31:52.600,2740.0000,26602,-3,872483640.000,5,1,4,多平,S,2738.8000,2737.6000,2736.4000,2736.0000,2735.0000,2740.0000,2740.4000,2740.8000,2741.0000,2741.2000,7,2,2,3,6,10,2,2,9,1
SF,IH2003,2020-02-04 09:31:53.100,2740.0000,26597,-5,877415280.000,6,0,6,多平,S,2738.8000,2737.6000,2736.4000,2736.0000,2735.0000,2740.0000,2740.4000,2740.8000,2741.0000,2741.8000,6,2,2,3,6,18,2,1,9,1
SF,IH2003,2020-02-04 09:31:53.600,2739.8000,26595,-2,879880800.000,3,0,3,多平,S,2738.8000,2737.6000,2736.4000,2736.0000,2735.0000,2739.8000,2740.0000,2740.4000,2740.8000,2741.0000,5,2,2,1,6,1,18,8,1,9
SF,IH2003,2020-02-04 09:31:54.100,2738.8000,26594,-1,882346320.000,3,1,2,多平,S,2738.8000,2737.6000,2736.4000,2736.0000,2735.0000,2740.0000,2740.4000,2740.8000,2741.0000,2741.4000,4,2,2,1,6,19,8,1,9,1
SF,IH2003,2020-02-04 09:31:54.600,2739.0000,26591,-3,887276220.000,6,1,5,多平,S,2738.8000,2737.6000,2736.4000,2736.0000,2735.0000,2739.0000,2739.4000,2739.6000,2739.8000,2740.0000,4,2,2,1,6,1,3,1,1,20
SF,IH2003,2020-02-04 09:31:55.100,2739.0000,26588,-3,889741320.000,3,0,3,双平,S,2739.0000,2738.8000,2737.6000,2736.4000,2736.0000,2739.4000,2739.6000,2739.8000,2740.0000,2740.4000,1,4,2,2,1,3,1,1,20,8
SF,IH2003,2020-02-04 09:31:55.600,2740.0000,26585,-3,892207140.000,3,0,3,双平,S,2737.6000,2736.4000,2736.0000,2735.0000,2733.8000,2740.0000,2740.4000,2740.8000,2741.0000,2741.4000,2,2,1,6,6,18,8,1,9,1
SF,IH2003,2020-02-04 09:31:56.100,2739.0000,26585,0,893850180.000,2,1,1,多换,S,2737.8000,2737.6000,2736.4000,2736.0000,2735.0000,2740.0000,2740.4000,2740.8000,2741.0000,2741.4000,5,2,2,1,6,19,8,1,9,1
SF,IH2003,2020-02-04 09:31:56.600,2738.0000,26584,-1,894671580.000,1,0,1,双平,S,2739.4000,2738.0000,2737.8000,2737.6000,2736.4000,2740.0000,2740.4000,2740.8000,2741.0000,2741.4000,1,2,5,2,2,19,8,1,9,1
SF,IH2003,2020-02-04 09:31:57.100,2740.0000,26581,-3,897959400.000,4,0,4,多平,S,2738.0000,2737.8000,2737.6000,2736.4000,2736.0000,2740.0000,2740.4000,2740.8000,2741.0000,2741.4000,1,1,2,2,1,16,8,1,9,1
SF,IH2003,2020-02-04 09:31:57.600,2738.2000,26570,-11,908642340.000,13,1,12,多平,S,2738.2000,2738.0000,2737.6000,2736.4000,2736.0000,2740.0000,2740.4000,2740.8000,2741.0000,2741.4000,5,1,2,2,1,9,8,1,9,1
SF,IH2003,2020-02-04 09:31:58.100,2740.0000,26572,2,916040340.000,9,5,4,空开,S,2740.0000,2738.4000,2738.2000,2737.6000,2736.4000,2740.4000,2740.8000,2741.0000,2741.4000,2742.0000,4,1,4,2,2,8,1,9,1,10
SF,IH2003,2020-02-04 09:31:58.600,2740.0000,26571,-1,919328700.000,4,1,3,多平,S,2740.0000,2738.4000,2738.2000,2737.6000,2736.4000,2740.4000,2740.8000,2741.0000,2741.4000,2742.0000,4,1,3,2,2,5,1,9,1,10
SF,IH2003,2020-02-04 09:31:59.100,2740.0000,26569,-2,922616700.000,4,1,3,多平,S,2738.4000,2738.2000,2737.6000,2736.4000,2736.0000,2739.4000,2739.8000,2740.2000,2740.4000,2740.8000,1,3,1,2,1,1,4,1,5,1
SF,IH2003,2020-02-04 09:31:59.600,2739.0000,26567,-2,925903740.000,4,1,3,多平,S,2739.0000,2738.6000,2738.4000,2737.6000,2736.4000,2739.8000,2740.0000,2740.2000,2740.4000,2740.8000,2,3,1,1,2,3,1,1,5,1
SF,IH2003,2020-02-04 09:32:00.100,2740.0000,26566,-1,935765880.000,12,5,7,多平,S,2738.6000,2737.6000,2736.4000,2736.0000,2735.0000,2739.6000,2740.2000,2740.4000,2740.8000,2741.0000,1,1,2,1,5,1,1,5,1,9
SF,IH2003,2020-02-04 09:32:00.600,2738.6000,26566,0,936587460.000,1,0,1,多换,S,2737.6000,2736.4000,2736.0000,2735.0000,2733.8000,2738.6000,2739.0000,2739.6000,2739.8000,2740.0000,1,2,1,5,6,1,4,1,1,1
SF,IH2003,2020-02-04 09:32:01.100,2738.6000,26565,-1,937409040.000,1,0,1,双平,S,2737.6000,2736.4000,2736.0000,2735.0000,2733.8000,2738.6000,2739.0000,2739.8000,2740.0000,2740.2000,2,2,1,5,6,1,4,1,1,1
SF,IH2003,2020-02-04 09:32:01.600,2738.6000,26565,0,937409040.000,0,-,-,-,-,2737.8000,2737.6000,2736.4000,2736.0000,2735.0000,2738.6000,2739.0000,2739.8000,2740.0000,2740.2000,1,3,2,1,5,1,4,1,11,1
SF,IH2003,2020-02-04 09:32:02.100,2738.6000,26565,0,938230620.000,1,0,1,多换,S,2737.8000,2737.6000,2736.4000,2736.0000,2735.0000,2739.0000,2739.8000,2740.0000,2740.2000,2740.4000,1,1,2,1,5,5,1,11,1,5
SF,IH2003,2020-02-04 09:32:02.600,2737.8000,26563,-2,939873300.000,2,0,2,双平,S,2737.6000,2736.4000,2736.0000,2735.0000,2733.8000,2737.8000,2738.8000,2739.0000,2739.8000,2740.0000,1,2,1,5,6,1,2,5,1,11
SF,IH2003,2020-02-04 09:32:03.100,2737.8000,26562,-1,941515980.000,2,0,2,多平,S,2738.6000,2737.8000,2737.6000,2736.4000,2736.0000,2738.8000,2739.0000,2739.8000,2740.0000,2740.2000,8,1,1,2,1,1,5,1,11,1
SF,IH2003,2020-02-04 09:32:03.600,2738.6000,26562,0,943159140.000,2,1,1,多换,S,2738.6000,2738.0000,2737.8000,2737.6000,2736.4000,2738.8000,2739.0000,2739.8000,2740.0000,2740.2000,6,1,1,1,2,1,5,1,12,1
SF,IH2003,2020-02-04 09:32:04.100,2738.6000,26562,0,948088620.000,6,3,3,多换,S,2738.0000,2737.8000,2737.6000,2736.4000,2736.0000,2738.6000,2738.8000,2739.0000,2739.8000,2740.0000,1,1,1,2,1,1,1,5,1,12
SF,IH2003,2020-02-04 09:32:04.600,2738.0000,26560,-2,949731600.000,2,0,2,双平,S,2737.8000,2737.6000,2736.4000,2736.0000,2735.0000,2738.8000,2739.0000,2739.8000,2740.0000,2740.2000,3,1,1,1,5,1,5,1,12,1
SF,IH2003,2020-02-04 09:32:05.100,2738.8000,26561,1,951374880.000,2,1,1,空开,S,2738.8000,2737.8000,2737.6000,2736.4000,2736.0000,2739.0000,2739.8000,2740.0000,2740.2000,2740.8000,9,3,1,1,1,5,1,12,1,1
SF,IH2003,2020-02-04 09:32:05.600,2738.6000,26559,-2,960412800.000,11,4,7,多平,S,2737.8000,2737.6000,2736.4000,2736.0000,2735.0000,2738.0000,2739.0000,2739.8000,2740.0000,2740.2000,3,1,1,1,5,3,5,1,12,1
SF,IH2003,2020-02-04 09:32:06.100,2738.4000,26554,-5,964520520.000,5,0,5,双平,S,2738.6000,2738.2000,2738.0000,2737.8000,2737.6000,2739.0000,2739.8000,2740.0000,2740.2000,2740.8000,1,3,11,2,1,5,1,12,1,1
SF,IH2003,2020-02-04 09:32:06.600,2738.6000,26550,-4,970271040.000,7,1,6,多平,S,2738.0000,2737.8000,2737.6000,2736.4000,2736.0000,2739.0000,2739.8000,2740.0000,2740.2000,2740.8000,2,2,1,1,1,5,1,12,1,1
SF,IH2003,2020-02-04 09:32:07.100,2738.4000,26548,-2,971913960.000,2,0,2,双平,S,2738.6000,2737.8000,2737.6000,2736.4000,2736.0000,2738.8000,2739.0000,2739.8000,2740.0000,2740.2000,1,2,1,1,1,1,5,1,12,1
SF,IH2003,2020-02-04 09:32:07.600,2738.4000,26547,-1,972735480.000,1,0,1,双平,S,2737.8000,2737.6000,2736.4000,2736.0000,2735.0000,2738.4000,2738.6000,2739.0000,2739.8000,2740.0000,2,1,1,1,5,1,4,6,1,12
SF,IH2003,2020-02-04 09:32:08.100,2738.6000,26546,-1,973557060.000,1,0,1,双平,S,2737.8000,2737.6000,2736.4000,2736.0000,2735.0000,2738.0000,2738.6000,2739.0000,2739.8000,2740.0000,2,1,1,1,5,10,3,6,1,13
SF,IH2003,2020-02-04 09:32:08.600,2738.6000,26546,0,973557060.000,0,-,-,-,-,2737.8000,2737.6000,2736.4000,2736.0000,2735.0000,2738.0000,2738.6000,2739.0000,2739.8000,2740.0000,2,1,1,1,5,10,3,6,1,14
SF,IH2003,2020-02-04 09:32:09.100,2738.0000,26543,-3,976842600.000,4,0,4,多平,S,2737.8000,2737.6000,2736.4000,2736.0000,2735.0000,2738.0000,2738.6000,2739.0000,2739.8000,2740.0000,1,1,1,1,5,7,4,6,1,15
SF,IH2003,2020-02-04 09:32:09.600,2737.6000,26541,-2,978485220.000,2,0,2,双平,S,2736.4000,2736.0000,2735.0000,2733.8000,2732.8000,2737.6000,2737.8000,2738.0000,2738.6000,2739.0000,1,1,5,6,4,1,1,7,4,6
SF,IH2003,2020-02-04 09:32:10.100,2736.4000,26542,1,979306140.000,1,1,0,双开,S,2736.0000,2735.0000,2733.8000,2732.8000,2731.2000,2736.2000,2737.4000,2737.6000,2737.8000,2738.0000,1,5,6,4,1,1,1,1,2,7
SF,IH2003,2020-02-04 09:32:10.600,2738.0000,26542,0,987519540.000,10,5,5,多换,S,2738.0000,2736.6000,2736.4000,2736.2000,2736.0000,2738.6000,2739.0000,2739.8000,2740.0000,2740.8000,1,2,2,7,1,3,6,1,15,1
SF,IH2003,2020-02-04 09:32:11.100,2738.0000,26542,0,989162340.000,2,1,1,多换,S,2736.6000,2736.4000,2736.0000,2735.8000,2735.0000,2738.4000,2738.6000,2739.0000,2739.8000,2740.0000,2,1,1,1,5,1,4,6,1,15
SF,IH2003,2020-02-04 09:32:11.600,2737.0000,26541,-1,990804480.000,2,0,2,多平,S,2736.6000,2736.0000,2735.8000,2735.0000,2733.8000,2737.0000,2737.8000,2738.0000,2738.2000,2738.4000,2,1,1,5,6,9,1,1,2,1
SF,IH2003,2020-02-04 09:32:12.100,2737.0000,26539,-2,992446680.000,2,0,2,双平,S,2736.0000,2735.8000,2735.0000,2733.8000,2732.8000,2737.0000,2737.8000,2738.0000,2738.2000,2738.4000,1,1,5,6,4,7,1,1,3,1
SF,IH2003,2020-02-04 09:32:12.600,2737.0000,26539,0,992446680.000,0,-,-,-,-,2736.0000,2735.8000,2735.0000,2733.8000,2732.8000,2736.4000,2737.0000,2737.8000,2738.0000,2738.2000,1,1,5,6,4,1,7,1,1,1
SF,IH2003,2020-02-04 09:32:13.100,2737.0000,26539,0,992446680.000,0,-,-,-,-,2736.0000,2735.8000,2735.0000,2733.8000,2732.8000,2736.4000,2737.0000,2738.0000,2738.2000,2738.4000,1,1,5,6,4,1,7,1,1,1
SF,IH2003,2020-02-04 09:32:13.600,2737.0000,26537,-2,994909500.000,3,0,3,多平,S,2735.8000,2735.0000,2733.8000,2732.8000,2731.2000,2737.0000,2738.0000,2738.2000,2738.4000,2738.6000,1,5,6,4,1,6,2,1,1,3
SF,IH2003,2020-02-04 09:32:14.100,2735.8000,26536,-1,995730240.000,1,0,1,双平,S,2735.0000,2733.8000,2732.8000,2731.2000,2731.0000,2736.0000,2736.8000,2737.0000,2738.0000,2738.2000,5,6,4,1,3,1,3,16,3,1
SF,IH2003,2020-02-04 09:32:14.600,2735.0000,26535,-1,996550740.000,1,0,1,双平,S,2735.0000,2733.8000,2732.8000,2731.2000,2731.0000,2736.0000,2736.8000,2737.0000,2738.0000,2738.2000,4,6,4,1,3,1,1,16,3,1
SF,IH2003,2020-02-04 09:32:15.100,2735.0000,26532,-3,999832740.000,4,0,4,多平,S,2733.8000,2732.8000,2731.2000,2731.0000,2729.6000,2736.0000,2736.8000,2737.0000,2738.0000,2738.2000,6,4,1,3,3,2,1,16,3,1
SF,IH2003,2020-02-04 09:32:15.600,2733.8000,26529,-3,1002294240.000,3,0,3,双平,S,2733.8000,2732.8000,2731.2000,2731.0000,2729.6000,2735.0000,2735.6000,2735.8000,2736.0000,2736.8000,5,4,1,3,3,10,2,1,5,1
SF,IH2003,2020-02-04 09:32:16.100,2734.8000,26528,-1,1003114680.000,1,0,1,双平,S,2733.8000,2732.8000,2731.2000,2731.0000,2729.6000,2734.8000,2735.0000,2736.0000,2736.4000,2736.6000,5,4,1,3,3,1,10,5,1,1
SF,IH2003,2020-02-04 09:32:16.600,2735.0000,26528,0,1012139760.000,11,5,6,多换,S,2733.8000,2732.8000,2731.2000,2731.0000,2729.6000,2735.0000,2736.0000,2736.4000,2736.6000,2737.0000,4,4,1,3,3,1,5,1,1,16
SF,IH2003,2020-02-04 09:32:17.100,2735.0000,26528,0,1012139760.000,0,-,-,-,-,2734.8000,2734.0000,2733.8000,2732.8000,2731.2000,2735.0000,2736.0000,2736.4000,2737.0000,2737.8000,1,2,4,4,1,1,4,1,16,1
SF,IH2003,2020-02-04 09:32:17.600,2734.8000,26527,-1,1012960200.000,1,0,1,双平,S,2734.0000,2733.8000,2732.8000,2731.2000,2731.0000,2735.0000,2736.0000,2736.4000,2737.0000,2737.8000,2,4,4,1,3,1,4,1,16,1
SF,IH2003,2020-02-04 09:32:18.100,2734.8000,26527,0,1012960200.000,0,-,-,-,-,2734.0000,2733.8000,2732.8000,2731.2000,2731.0000,2735.0000,2736.0000,2736.2000,2736.4000,2737.0000,2,4,4,1,3,2,4,1,1,16
SF,IH2003,2020-02-04 09:32:18.600,2735.0000,26526,-1,1015421700.000,3,1,2,多平,S,2734.0000,2733.8000,2732.8000,2731.2000,2731.0000,2735.0000,2736.0000,2736.4000,2737.0000,2737.8000,3,4,4,1,3,9,4,1,16,1
SF,IH2003,2020-02-04 09:32:19.100,2734.2000,26525,-1,1017062460.000,2,0,2,多平,S,2733.8000,2732.8000,2731.2000,2731.0000,2729.6000,2735.0000,2736.0000,2736.4000,2737.0000,2737.8000,4,4,1,3,3,8,4,1,16,1
SF,IH2003,2020-02-04 09:32:19.600,2733.8000,26525,0,1017882600.000,1,0,1,多换,S,2733.8000,2732.8000,2731.2000,2731.0000,2729.6000,2735.0000,2736.0000,2736.4000,2737.0000,2737.8000,3,4,1,3,3,8,4,1,16,1
SF,IH2003,2020-02-04 09:32:20.100,2733.8000,26525,0,1018702740.000,1,0,1,多换,S,2733.8000,2733.0000,2732.8000,2731.2000,2731.0000,2734.0000,2735.0000,2736.0000,2736.4000,2737.0000,2,1,4,1,3,1,8,4,1,16
SF,IH2003,2020-02-04 09:32:20.600,2734.0000,26525,0,1019522940.000,1,0,1,多换,S,2734.2000,2733.8000,2733.0000,2732.8000,2731.2000,2735.0000,2736.0000,2737.0000,2737.8000,2738.0000,1,2,1,4,1,8,3,16,1,4
SF,IH2003,2020-02-04 09:32:21.100,2734.0000,26525,0,1020343140.000,1,0,1,多换,S,2733.8000,2733.0000,2732.8000,2731.2000,2731.0000,2735.0000,2736.0000,2737.0000,2737.8000,2738.0000,2,1,4,1,3,8,3,16,1,3
SF,IH2003,2020-02-04 09:32:21.600,2733.8000,26521,-4,1023623700.000,4,0,4,双平,S,2733.8000,2733.0000,2732.8000,2731.2000,2731.0000,2734.8000,2735.0000,2736.0000,2737.0000,2737.8000,2,1,4,1,3,1,8,3,16,1
SF,IH2003,2020-02-04 09:32:22.100,2733.8000,26521,0,1026084420.000,3,1,2,多换,S,2733.0000,2732.8000,2731.2000,2731.0000,2729.6000,2733.8000,2734.2000,2735.0000,2736.0000,2737.0000,1,4,1,3,3,3,1,8,3,16
SF,IH2003,2020-02-04 09:32:22.600,2735.0000,26520,-1,1031006100.000,6,2,4,多平,S,2734.4000,2733.8000,2733.2000,2733.0000,2732.8000,2735.0000,2736.0000,2737.0000,2737.8000,2738.0000,2,6,1,2,4,6,2,16,1,3
SF,IH2003,2020-02-04 09:32:23.100,2733.8000,26517,-3,1034287200.000,4,0,4,多平,S,2733.8000,2733.2000,2733.0000,2732.8000,2731.2000,2735.0000,2736.0000,2737.0000,2737.8000,2738.0000,3,1,2,4,1,6,2,16,1,3
SF,IH2003,2020-02-04 09:32:23.600,2735.0000,26517,0,1035107700.000,1,0,1,多换,S,2734.2000,2734.0000,2733.8000,2733.2000,2733.0000,2735.0000,2736.0000,2737.0000,2737.8000,2738.0000,2,1,3,1,1,5,2,16,1,3
SF,IH2003,2020-02-04 09:32:24.100,2734.2000,26515,-2,1036748220.000,2,0,2,双平,S,2734.4000,2734.2000,2733.8000,2733.0000,2732.8000,2735.0000,2736.0000,2737.0000,2737.8000,2738.0000,1,1,3,1,4,5,2,16,1,3
SF,IH2003,2020-02-04 09:32:24.600,2734.4000,26513,-2,1039209180.000,3,0,3,多平,S,2733.8000,2733.0000,2732.8000,2731.2000,2731.0000,2734.4000,2735.0000,2736.0000,2737.0000,2737.8000,3,1,4,1,3,3,5,2,16,1
SF,IH2003,2020-02-04 09:32:25.100,2734.4000,26514,1,1043310780.000,5,3,2,空开,S,2733.0000,2732.8000,2731.2000,2731.0000,2729.6000,2734.0000,2734.2000,2735.0000,2736.0000,2737.0000,1,4,1,3,3,1,2,5,2,16
SF,IH2003,2020-02-04 09:32:25.600,2733.2000,26514,0,1044130740.000,1,0,1,多换,S,2733.0000,2732.8000,2731.2000,2731.0000,2729.6000,2733.8000,2734.0000,2734.2000,2735.0000,2736.0000,2,4,1,3,3,1,1,2,7,2
SF,IH2003,2020-02-04 09:32:26.100,2734.0000,26514,0,1045771080.000,2,1,1,多换,S,2733.8000,2733.0000,2732.8000,2731.2000,2731.0000,2734.2000,2735.0000,2736.0000,2737.0000,2737.8000,1,2,4,1,3,2,7,2,16,1
SF,IH2003,2020-02-04 09:32:26.600,2734.0000,26514,0,1045771080.000,0,-,-,-,-,2733.2000,2733.0000,2732.8000,2731.2000,2731.0000,2733.6000,2734.2000,2735.0000,2736.0000,2737.0000,1,2,4,1,3,1,2,7,2,16
SF,IH2003,2020-02-04 09:32:27.100,2733.0000,26512,-2,1047411060.000,2,0,2,双平,S,2733.0000,2732.8000,2731.2000,2731.0000,2730.0000,2734.2000,2735.0000,2736.0000,2737.0000,2737.8000,1,4,1,3,1,2,7,2,17,1
SF,IH2003,2020-02-04 09:32:27.600,2733.0000,26512,0,1047411060.000,0,-,-,-,-,2733.4000,2733.0000,2732.8000,2731.2000,2731.0000,2734.2000,2735.0000,2736.0000,2737.0000,2737.8000,1,1,4,1,3,2,7,2,17,1
SF,IH2003,2020-02-04 09:32:28.100,2734.2000,26509,-3,1051512360.000,5,1,4,多平,S,2733.4000,2733.0000,2732.8000,2731.2000,2731.0000,2735.0000,2736.0000,2737.0000,2737.8000,2738.0000,1,1,4,1,3,5,2,17,1,3
SF,IH2003,2020-02-04 09:32:28.600,2733.4000,26509,0,1052332380.000,1,0,1,多换,S,2732.8000,2731.2000,2731.0000,2730.0000,2729.6000,2733.4000,2734.8000,2735.0000,2736.0000,2737.0000,4,1,3,2,3,1,3,5,2,17
SF,IH2003,2020-02-04 09:32:29.100,2733.4000,26509,0,1053152400.000,1,0,1,多换,S,2733.0000,2732.8000,2731.2000,2731.0000,2730.0000,2734.8000,2735.0000,2736.0000,2737.0000,2738.0000,1,4,1,3,2,3,5,2,17,3
SF,IH2003,2020-02-04 09:32:29.600,2733.4000,26509,0,1053152400.000,0,-,-,-,-,2733.0000,2732.8000,2731.2000,2731.0000,2730.0000,2734.6000,2734.8000,2735.0000,2736.0000,2737.0000,2,4,1,3,2,1,3,5,2,17
SF,IH2003,2020-02-04 09:32:30.100,2733.0000,26509,0,1053972300.000,1,0,1,多换,S,2732.8000,2731.2000,2731.0000,2730.0000,2729.6000,2733.0000,2734.4000,2734.6000,2734.8000,2735.0000,4,1,3,2,3,1,2,1,2,5
SF,IH2003,2020-02-04 09:32:30.600,2734.4000,26508,-1,1055612520.000,2,0,2,多平,S,2733.0000,2732.8000,2731.2000,2731.0000,2730.0000,2734.4000,2734.6000,2734.8000,2735.0000,2736.0000,1,4,1,3,2,1,1,2,10,2
SF,IH2003,2020-02-04 09:32:31.100,2733.0000,26507,-1,1056432420.000,1,0,1,双平,S,2733.4000,2733.0000,2732.8000,2731.2000,2731.0000,2734.2000,2734.4000,2734.8000,2735.0000,2736.0000,1,2,5,1,3,3,1,2,10,2
SF,IH2003,2020-02-04 09:32:31.600,2733.0000,26507,0,1056432420.000,0,-,-,-,-,2733.4000,2733.0000,2732.8000,2731.2000,2731.0000,2734.0000,2734.2000,2734.8000,2735.0000,2736.0000,1,2,5,1,3,1,3,2,10,2
SF,IH2003,2020-02-04 09:32:32.100,2733.0000,26506,-1,1058072220.000,2,0,2,多平,S,2732.8000,2731.2000,2731.0000,2730.0000,2729.6000,2733.0000,2733.4000,2734.2000,2735.0000,2736.0000,5,1,3,2,3,1,2,2,10,2
SF,IH2003,2020-02-04 09:32:32.600,2733.0000,26506,0,1058892120.000,1,0,1,多换,S,2732.8000,2731.2000,2731.0000,2730.0000,2729.6000,2733.4000,2734.2000,2735.0000,2736.0000,2737.0000,5,1,3,2,3,2,1,10,2,17
SF,IH2003,2020-02-04 09:32:33.100,2732.8000,26507,1,1060531800.000,2,1,1,空开,S,2732.8000,2731.2000,2731.0000,2730.0000,2729.6000,2733.4000,2734.2000,2735.0000,2736.0000,2737.0000,3,1,3,2,3,4,1,10,2,17
SF,IH2003,2020-02-04 09:32:33.600,2732.8000,26506,-1,1062171480.000,2,0,2,多平,S,2731.2000,2731.0000,2730.0000,2729.6000,2728.6000,2732.8000,2733.2000,2733.4000,2734.2000,2735.0000,1,3,2,3,2,4,1,4,1,11
SF,IH2003,2020-02-04 09:32:34.100,2732.8000,26506,0,1064630520.000,3,1,2,多换,S,2731.4000,2731.2000,2731.0000,2730.0000,2729.6000,2732.8000,2733.2000,2733.4000,2735.0000,2736.0000,2,1,3,2,3,3,2,2,11,2
SF,IH2003,2020-02-04 09:32:34.600,2732.8000,26506,0,1064630520.000,0,-,-,-,-,2731.4000,2731.2000,2731.0000,2730.0000,2729.6000,2732.6000,2732.8000,2733.2000,2733.4000,2735.0000,2,1,3,2,3,2,3,1,2,11
SF,IH2003,2020-02-04 09:32:35.100,2731.6000,26505,-1,1065450000.000,1,0,1,双平,S,2731.2000,2731.0000,2730.0000,2729.6000,2728.6000,2732.4000,2732.6000,2732.8000,2733.2000,2733.4000,1,3,2,3,2,1,2,3,1,2
SF,IH2003,2020-02-04 09:32:35.600,2732.4000,26504,-1,1066269720.000,1,0,1,双平,S,2731.2000,2731.0000,2730.0000,2729.6000,2728.6000,2732.4000,2732.6000,2732.8000,2733.2000,2733.4000,1,3,2,3,2,1,1,3,1,2
SF,IH2003,2020-02-04 09:32:36.100,2732.4000,26504,0,1066269720.000,0,-,-,-,-,2731.2000,2731.0000,2730.0000,2729.6000,2728.6000,2732.4000,2732.6000,2732.8000,2733.2000,2733.4000,1,3,2,3,2,1,1,3,1,2
SF,IH2003,2020-02-04 09:32:36.600,2732.6000,26505,1,1067909220.000,2,1,1,空开,S,2731.4000,2731.2000,2731.0000,2730.0000,2729.6000,2732.8000,2733.2000,2733.4000,2735.0000,2736.0000,2,2,3,2,3,3,1,2,11,2
SF,IH2003,2020-02-04 09:32:37.100,2732.6000,26505,0,1068729000.000,1,0,1,多换,S,2731.4000,2731.2000,2731.0000,2730.0000,2729.6000,2732.8000,2733.4000,2735.0000,2736.0000,2737.0000,1,1,3,2,3,3,2,11,2,17
SF,IH2003,2020-02-04 09:32:37.600,2731.4000,26505,0,1070368140.000,2,1,1,多换,S,2731.2000,2731.0000,2730.0000,2729.6000,2728.6000,2732.6000,2733.4000,2735.0000,2736.0000,2737.0000,1,3,2,3,2,1,2,11,2,17
SF,IH2003,2020-02-04 09:32:38.100,2732.6000,26505,0,1071187920.000,1,0,1,多换,S,2732.4000,2731.6000,2731.4000,2731.2000,2731.0000,2733.4000,2735.0000,2736.0000,2737.0000,2738.0000,1,2,2,2,3,1,11,2,17,2
SF,IH2003,2020-02-04 09:32:38.600,2732.4000,26504,-1,1072007640.000,1,0,1,双平,S,2731.6000,2731.4000,2731.2000,2731.0000,2730.0000,2732.4000,2733.2000,2733.4000,2735.0000,2736.0000,2,2,1,3,2,1,1,1,11,2
SF,IH2003,2020-02-04 09:32:39.100,2732.4000,26504,0,1072007640.000,0,-,-,-,-,2731.6000,2731.0000,2730.0000,2729.6000,2728.6000,2732.4000,2733.0000,2733.2000,2733.4000,2735.0000,2,3,2,3,2,1,1,1,1,11
SF,IH2003,2020-02-04 09:32:39.600,2731.6000,26503,-1,1072827120.000,1,0,1,双平,S,2731.6000,2731.0000,2730.0000,2729.6000,2728.6000,2732.4000,2733.0000,2733.4000,2735.0000,2736.0000,1,3,2,3,2,1,1,1,11,2
SF,IH2003,2020-02-04 09:32:40.100,2731.6000,26503,0,1073646600.000,1,0,1,多换,S,2731.0000,2730.0000,2729.6000,2728.6000,2728.4000,2731.6000,2732.2000,2732.4000,2733.0000,2733.4000,3,2,3,2,2,1,1,1,1,1
SF,IH2003,2020-02-04 09:32:40.600,2731.6000,26502,-1,1075285560.000,2,0,2,多平,S,2731.2000,2731.0000,2730.0000,2729.6000,2728.6000,2731.4000,2732.2000,2732.4000,2733.0000,2733.4000,1,3,2,3,2,10,1,1,1,1
SF,IH2003,2020-02-04 09:32:41.100,2731.0000,26500,-2,1076924220.000,2,0,2,双平,S,2731.0000,2730.0000,2729.6000,2728.6000,2728.4000,2731.2000,2731.4000,2732.4000,2733.0000,2733.4000,2,2,3,2,2,3,11,2,1,1
SF,IH2003,2020-02-04 09:32:41.600,2731.0000,26497,-3,1080201480.000,4,0,4,多平,S,2730.2000,2730.0000,2729.6000,2728.6000,2728.4000,2731.2000,2731.4000,2731.6000,2732.4000,2733.0000,2,2,3,2,2,1,11,3,2,1
SF,IH2003,2020-02-04 09:32:42.100,2731.2000,26496,-1,1081020840.000,1,0,1,双平,S,2730.0000,2729.6000,2728.6000,2728.4000,2728.0000,2730.6000,2731.4000,2731.6000,2732.4000,2733.0000,2,3,2,2,2,1,11,3,2,1
SF,IH2003,2020-02-04 09:32:42.600,2730.6000,26494,-2,1082659200.000,2,0,2,双平,S,2730.6000,2730.4000,2730.0000,2729.6000,2728.6000,2731.0000,2731.4000,2731.6000,2732.4000,2733.0000,6,1,3,3,2,1,10,3,2,1
SF,IH2003,2020-02-04 09:32:43.100,2731.0000,26494,0,1084297680.000,2,1,1,多换,S,2730.6000,2730.0000,2729.6000,2728.6000,2728.4000,2731.4000,2731.6000,2732.4000,2733.0000,2733.4000,4,3,3,2,2,10,3,2,1,1
SF,IH2003,2020-02-04 09:32:43.600,2731.0000,26494,0,1084297680.000,0,-,-,-,-,2730.6000,2730.0000,2729.6000,2728.6000,2728.4000,2731.4000,2731.6000,2732.4000,2733.0000,2733.4000,4,2,3,2,2,10,3,2,1,1
SF,IH2003,2020-02-04 09:32:44.100,2731.0000,26494,0,1084297680.000,0,-,-,-,-,2730.6000,2730.0000,2729.6000,2728.6000,2728.4000,2731.2000,2731.4000,2731.6000,2732.4000,2733.0000,4,2,3,2,2,1,10,3,2,1
SF,IH2003,2020-02-04 09:32:44.600,2731.0000,26494,0,1084297680.000,0,-,-,-,-,2730.6000,2730.0000,2729.6000,2728.6000,2728.4000,2731.0000,2731.2000,2731.4000,2731.6000,2732.4000,4,2,3,2,2,1,2,10,3,2
SF,IH2003,2020-02-04 09:32:45.100,2730.6000,26494,0,1087574400.000,4,2,2,多换,S,2730.0000,2729.6000,2728.6000,2728.4000,2728.0000,2730.6000,2731.2000,2731.4000,2731.6000,2732.4000,2,3,2,2,2,6,2,10,3,2
SF,IH2003,2020-02-04 09:32:45.600,2730.0000,26494,0,1095766440.000,10,5,5,多换,S,2730.0000,2729.6000,2728.6000,2728.4000,2728.0000,2731.4000,2731.6000,2732.4000,2732.8000,2733.0000,1,3,2,2,2,10,3,2,1,1
SF,IH2003,2020-02-04 09:32:46.100,2730.0000,26492,-2,1103139480.000,9,3,6,多平,S,2729.6000,2728.6000,2728.4000,2728.0000,2727.0000,2731.4000,2731.6000,2732.4000,2732.8000,2733.0000,3,2,2,2,1,6,3,2,1,1
SF,IH2003,2020-02-04 09:32:46.600,2729.8000,26492,0,1103958420.000,1,0,1,多换,S,2729.6000,2728.6000,2728.4000,2728.0000,2727.0000,2730.6000,2731.0000,2731.2000,2731.4000,2731.6000,3,2,2,2,1,5,1,1,6,3
SF,IH2003,2020-02-04 09:32:47.100,2729.8000,26492,0,1103958420.000,0,-,-,-,-,2729.6000,2728.6000,2728.4000,2728.0000,2727.0000,2730.6000,2731.0000,2731.4000,2731.6000,2732.4000,3,2,2,2,1,5,2,6,3,2
SF,IH2003,2020-02-04 09:32:47.600,2729.8000,26492,0,1103958420.000,0,-,-,-,-,2729.6000,2728.6000,2728.4000,2728.0000,2727.0000,2730.0000,2730.4000,2730.6000,2731.0000,2731.4000,3,2,2,2,1,1,1,5,2,6
SF,IH2003,2020-02-04 09:32:48.100,2729.6000,26492,0,1107233940.000,4,2,2,多换,S,2728.6000,2728.4000,2728.0000,2727.0000,2726.0000,2729.6000,2730.0000,2730.6000,2731.0000,2731.4000,2,2,2,1,1,1,1,5,2,6
SF,IH2003,2020-02-04 09:32:48.600,2729.6000,26492,0,1108052820.000,1,0,1,多换,S,2728.6000,2728.4000,2728.0000,2727.0000,2726.0000,2729.6000,2730.0000,2730.6000,2731.0000,2731.4000,3,2,2,1,1,1,1,5,2,6
SF,IH2003,2020-02-04 09:32:49.100,2729.6000,26492,0,1108052820.000,0,-,-,-,-,2728.6000,2728.4000,2728.0000,2727.0000,2726.0000,2729.0000,2729.6000,2730.0000,2730.6000,2731.0000,2,2,2,1,1,1,1,1,5,2
SF,IH2003,2020-02-04 09:32:49.600,2729.6000,26491,-1,1108871700.000,1,0,1,双平,S,2728.6000,2728.4000,2728.0000,2727.0000,2726.0000,2729.6000,2730.0000,2730.6000,2731.0000,2731.4000,2,2,2,1,1,1,2,5,2,6
SF,IH2003,2020-02-04 09:32:50.100,2729.6000,26491,0,1109690580.000,1,0,1,多换,S,2728.6000,2728.4000,2728.0000,2727.0000,2726.0000,2729.4000,2730.0000,2730.6000,2731.0000,2731.4000,3,2,2,1,1,1,2,5,2,6
SF,IH2003,2020-02-04 09:32:50.600,2729.6000,26491,0,1109690580.000,0,-,-,-,-,2728.8000,2728.6000,2728.4000,2728.0000,2727.0000,2730.0000,2730.6000,2731.0000,2731.4000,2731.6000,1,2,2,2,1,3,5,2,6,3
SF,IH2003,2020-02-04 09:32:51.100,2729.6000,26491,0,1109690580.000,0,-,-,-,-,2728.8000,2728.6000,2728.4000,2728.0000,2727.0000,2729.6000,2729.8000,2730.0000,2730.6000,2731.0000,2,2,2,2,1,1,1,3,5,2
SF,IH2003,2020-02-04 09:32:51.600,2729.0000,26490,-1,1110509280.000,1,0,1,双平,S,2728.8000,2728.6000,2728.4000,2728.0000,2727.0000,2729.6000,2729.8000,2730.0000,2730.6000,2731.0000,2,2,2,2,1,1,1,3,6,2
SF,IH2003,2020-02-04 09:32:52.100,2728.8000,26491,1,1111327920.000,1,1,0,双开,S,2728.8000,2728.6000,2728.4000,2728.0000,2727.0000,2729.6000,2730.0000,2730.6000,2731.0000,2731.4000,1,2,2,2,1,1,3,6,2,6
SF,IH2003,2020-02-04 09:32:52.600,2728.8000,26491,0,1111327920.000,0,-,-,-,-,2728.8000,2728.6000,2728.4000,2728.0000,2727.0000,2729.6000,2730.0000,2730.6000,2731.0000,2731.4000,2,2,2,2,1,2,3,6,2,6
SF,IH2003,2020-02-04 09:32:53.100,2728.8000,26491,0,1111327920.000,0,-,-,-,-,2728.8000,2728.6000,2728.4000,2728.0000,2727.0000,2729.6000,2730.0000,2730.6000,2731.0000,2731.4000,1,2,2,2,2,1,3,6,2,6
SF,IH2003,2020-02-04 09:32:53.600,2728.8000,26490,-1,1112146560.000,1,0,1,双平,S,2728.6000,2728.4000,2728.0000,2727.0000,2726.0000,2729.6000,2730.0000,2730.6000,2731.0000,2731.4000,2,2,2,2,1,1,3,16,2,6
SF,IH2003,2020-02-04 09:32:54.100,2728.6000,26489,-1,1113783720.000,2,0,2,多平,S,2728.6000,2728.4000,2728.0000,2727.0000,2726.0000,2728.8000,2729.6000,2730.0000,2730.6000,2731.0000,1,2,2,2,1,1,3,3,16,2
SF,IH2003,2020-02-04 09:32:54.600,2728.8000,26490,1,1115420940.000,2,1,1,空开,S,2728.8000,2728.4000,2728.0000,2727.0000,2726.0000,2729.6000,2730.0000,2730.6000,2731.0000,2731.4000,1,2,2,2,1,3,3,16,2,6
SF,IH2003,2020-02-04 09:32:55.100,2728.8000,26490,0,1115420940.000,0,-,-,-,-,2728.4000,2728.0000,2727.0000,2726.0000,2725.6000,2729.4000,2729.6000,2730.0000,2730.6000,2731.0000,2,2,2,1,2,1,4,3,16,2
SF,IH2003,2020-02-04 09:32:55.600,2729.6000,26489,-1,1117877520.000,3,1,2,多平,S,2729.4000,2728.8000,2728.4000,2728.0000,2727.0000,2729.6000,2730.0000,2730.6000,2731.0000,2731.4000,1,1,2,2,2,2,3,16,2,6
SF,IH2003,2020-02-04 09:32:56.100,2729.6000,26489,0,1124428560.000,8,4,4,多换,S,2729.4000,2728.8000,2728.4000,2728.0000,2727.0000,2730.0000,2730.6000,2731.0000,2731.4000,2731.6000,1,2,2,2,2,3,16,2,6,2
SF,IH2003,2020-02-04 09:32:56.600,2730.0000,26489,0,1126885560.000,3,1,2,多换,S,2730.0000,2729.8000,2729.4000,2728.8000,2728.4000,2730.6000,2731.0000,2731.4000,2731.6000,2732.4000,3,1,1,1,2,16,2,6,2,1
SF,IH2003,2020-02-04 09:32:57.100,2729.8000,26486,-3,1132618380.000,7,2,5,多平,S,2729.4000,2728.8000,2728.4000,2728.0000,2727.0000,2730.0000,2730.6000,2731.0000,2731.4000,2731.6000,1,1,3,2,2,4,16,2,6,2
SF,IH2003,2020-02-04 09:32:57.600,2729.8000,26486,0,1132618380.000,0,-,-,-,-,2729.4000,2728.8000,2728.4000,2728.0000,2727.0000,2730.0000,2730.6000,2731.0000,2731.4000,2731.6000,1,1,3,2,2,4,16,2,6,2
SF,IH2003,2020-02-04 09:32:58.100,2730.0000,26485,-1,1133437380.000,1,0,1,双平,S,2729.4000,2728.8000,2728.4000,2728.0000,2727.0000,2730.0000,2730.6000,2731.0000,2731.4000,2731.6000,1,1,3,2,2,5,16,2,6,2
SF,IH2003,2020-02-04 09:32:58.600,2730.0000,26481,-4,1137532380.000,5,0,5,多平,S,2729.4000,2729.2000,2728.8000,2728.4000,2728.0000,2730.6000,2731.0000,2731.4000,2731.6000,2732.4000,3,4,1,3,2,16,2,6,2,1
SF,IH2003,2020-02-04 09:32:59.100,2729.4000,26481,0,1138351200.000,1,0,1,多换,S,2729.4000,2729.2000,2728.8000,2728.4000,2728.0000,2730.6000,2731.0000,2731.4000,2731.6000,2732.4000,2,4,1,3,2,16,2,6,2,1
SF,IH2003,2020-02-04 09:32:59.600,2729.4000,26481,0,1138351200.000,0,-,-,-,-,2729.6000,2729.2000,2728.8000,2728.4000,2728.0000,2730.4000,2730.6000,2731.0000,2731.4000,2731.6000,3,4,1,2,2,2,16,2,6,2
SF,IH2003,2020-02-04 09:33:00.100,2729.4000,26481,0,1138351200.000,0,-,-,-,-,2729.6000,2729.2000,2728.8000,2728.4000,2728.0000,2730.2000,2730.4000,2730.6000,2731.0000,2731.4000,5,4,1,2,2,1,2,16,2,6
SF,IH2003,2020-02-04 09:33:00.600,2729.6000,26481,0,1139988960.000,2,1,1,多换,S,2729.6000,2729.2000,2728.8000,2728.4000,2728.0000,2730.2000,2730.4000,2730.6000,2731.0000,2731.4000,1,4,1,2,2,3,2,16,2,6
SF,IH2003,2020-02-04 09:33:01.100,2730.6000,26469,-12,1149816540.000,12,0,12,双平,S,2730.4000,2729.2000,2728.8000,2728.4000,2728.0000,2730.6000,2731.0000,2731.4000,2731.6000,2732.4000,1,1,1,2,2,15,2,6,2,1
SF,IH2003,2020-02-04 09:33:01.600,2729.6000,26468,-1,1152273300.000,3,1,2,多平,S,2728.8000,2728.4000,2728.0000,2727.0000,2726.0000,2730.0000,2730.4000,2730.6000,2731.0000,2731.4000,1,2,2,2,1,3,1,15,2,6
SF,IH2003,2020-02-04 09:33:02.100,2729.6000,26468,0,1152273300.000,0,-,-,-,-,2728.8000,2728.4000,2728.0000,2727.0000,2726.0000,2729.4000,2729.8000,2730.0000,2730.4000,2730.6000,2,2,2,2,1,1,1,2,2,15
SF,IH2003,2020-02-04 09:33:02.600,2729.4000,26467,-1,1153911000.000,2,0,2,多平,S,2728.8000,2728.4000,2728.0000,2727.0000,2726.0000,2729.8000,2730.4000,2730.6000,2731.0000,2731.4000,2,2,2,2,1,1,1,15,2,6
SF,IH2003,2020-02-04 09:33:03.100,2728.8000,26466,-1,1154729640.000,1,0,1,双平,S,2728.8000,2728.4000,2728.0000,2727.0000,2726.0000,2729.8000,2730.4000,2730.6000,2731.0000,2731.4000,1,2,2,2,1,1,1,15,2,6
SF,IH2003,2020-02-04 09:33:03.600,2728.8000,26464,-2,1156366920.000,2,0,2,双平,S,2728.4000,2728.0000,2727.0000,2726.0000,2725.6000,2729.8000,2730.0000,2730.4000,2730.6000,2731.0000,2,2,2,1,2,1,1,1,15,2
SF,IH2003,2020-02-04 09:33:04.100,2728.6000,26463,-1,1157185500.000,1,0,1,双平,S,2728.4000,2728.0000,2727.0000,2726.0000,2725.6000,2730.0000,2730.4000,2730.6000,2731.0000,2731.4000,2,2,2,1,2,1,1,15,2,6
SF,IH2003,2020-02-04 09:33:04.600,2728.6000,26463,0,1157185500.000,0,-,-,-,-,2728.6000,2728.4000,2728.0000,2727.0000,2726.0000,2729.6000,2730.0000,2730.4000,2730.6000,2731.0000,2,2,2,2,1,1,1,1,15,2
SF,IH2003,2020-02-04 09:33:05.100,2729.6000,26462,-1,1158004380.000,1,0,1,双平,S,2728.6000,2728.4000,2728.0000,2727.0000,2726.0000,2730.0000,2730.4000,2730.6000,2731.0000,2731.4000,2,2,2,2,1,2,1,15,2,6
SF,IH2003,2020-02-04 09:33:05.600,2729.6000,26460,-2,1160461260.000,3,0,3,多平,S,2729.6000,2728.8000,2728.6000,2728.4000,2728.0000,2730.4000,2730.6000,2731.0000,2731.4000,2731.6000,1,3,1,2,2,1,15,2,6,2
SF,IH2003,2020-02-04 09:33:06.100,2729.6000,26460,0,1160461260.000,0,-,-,-,-,2729.8000,2729.6000,2728.4000,2728.2000,2728.0000,2730.4000,2730.6000,2731.0000,2731.4000,2731.6000,2,1,2,1,2,1,15,2,6,2
SF,IH2003,2020-02-04 09:33:06.600,2730.6000,26451,-9,1168652940.000,10,0,10,多平,S,2729.8000,2729.6000,2728.4000,2728.2000,2728.0000,2730.6000,2731.0000,2731.4000,2731.6000,2732.4000,2,1,2,1,2,7,2,6,2,1
SF,IH2003,2020-02-04 09:33:07.100,2730.0000,26449,-2,1171929420.000,4,1,3,多平,S,2729.8000,2729.6000,2728.4000,2728.2000,2728.0000,2730.6000,2731.0000,2731.4000,2731.6000,2732.4000,4,1,2,1,2,5,2,6,2,1
SF,IH2003,2020-02-04 09:33:07.600,2730.6000,26448,-1,1173567780.000,2,0,2,多平,S,2730.4000,2730.0000,2729.8000,2729.6000,2728.4000,2730.6000,2731.0000,2731.4000,2731.6000,2732.4000,1,3,4,1,2,3,2,6,2,1
SF,IH2003,2020-02-04 09:33:08.100,2730.6000,26439,-9,1181759820.000,10,0,10,多平,S,2730.8000,2730.6000,2730.4000,2730.0000,2729.8000,2731.4000,2731.6000,2732.4000,2733.4000,2734.6000,2,5,1,3,6,6,2,1,1,2
SF,IH2003,2020-02-04 09:33:08.600,2730.6000,26437,-2,1183398180.000,2,0,2,双平,S,2730.8000,2730.6000,2730.4000,2730.0000,2729.8000,2731.4000,2731.6000,2732.4000,2733.4000,2734.6000,2,5,1,3,5,6,3,1,1,2
SF,IH2003,2020-02-04 09:33:09.100,2730.8000,26433,-4,1186675680.000,4,0,4,双平,S,2730.6000,2730.4000,2730.0000,2729.8000,2729.6000,2731.4000,2731.6000,2732.4000,2733.4000,2734.6000,5,1,3,5,1,3,3,1,1,2
SF,IH2003,2020-02-04 09:33:09.600,2731.4000,26431,-2,1188314520.000,2,0,2,双平,S,2730.8000,2730.6000,2730.4000,2730.0000,2729.8000,2731.4000,2731.6000,2732.4000,2733.4000,2734.6000,1,7,1,3,5,1,3,1,1,2
SF,IH2003,2020-02-04 09:33:10.100,2731.4000,26430,-1,1189133940.000,1,0,1,双平,S,2730.8000,2730.6000,2730.4000,2730.0000,2729.8000,2731.6000,2732.4000,2733.4000,2734.6000,2735.0000,2,7,1,3,5,5,1,1,2,6
SF,IH2003,2020-02-04 09:33:10.600,2731.6000,26427,-3,1191592380.000,3,0,3,双平,S,2731.4000,2731.0000,2730.8000,2730.6000,2730.4000,2731.6000,2731.8000,2732.4000,2733.4000,2734.6000,1,3,2,7,1,2,1,1,1,2
SF,IH2003,2020-02-04 09:33:11.100,2731.8000,26423,-4,1194870420.000,4,0,4,双平,S,2731.8000,2731.6000,2731.4000,2731.0000,2730.8000,2732.4000,2733.4000,2734.6000,2735.0000,2736.0000,3,6,1,3,2,1,1,2,6,2
SF,IH2003,2020-02-04 09:33:11.600,2732.4000,26421,-2,1199788380.000,6,2,4,多平,S,2732.4000,2731.6000,2731.4000,2731.0000,2730.8000,2733.4000,2734.6000,2735.0000,2736.0000,2737.0000,1,4,1,3,1,1,2,6,2,17
SF,IH2003,2020-02-04 09:33:12.100,2732.4000,26418,-3,1203066780.000,4,0,4,多平,S,2731.6000,2731.4000,2731.0000,2730.6000,2730.4000,2732.2000,2732.4000,2733.2000,2733.4000,2734.6000,2,1,3,2,1,2,1,2,1,2
SF,IH2003,2020-02-04 09:33:12.600,2732.2000,26415,-3,1205525760.000,3,0,3,双平,S,2731.6000,2731.4000,2731.0000,2730.4000,2729.8000,2732.4000,2733.2000,2733.4000,2734.6000,2735.0000,2,1,3,1,5,10,3,1,2,6
SF,IH2003,2020-02-04 09:33:13.100,2732.2000,26415,0,1205525760.000,0,-,-,-,-,2731.6000,2731.4000,2731.0000,2730.4000,2729.8000,2732.4000,2733.4000,2734.6000,2735.0000,2736.0000,3,1,3,1,5,10,1,2,6,2
SF,IH2003,2020-02-04 09:33:13.600,2731.6000,26412,-3,1208803680.000,4,0,4,多平,S,2731.4000,2729.8000,2728.4000,2728.2000,2728.0000,2732.2000,2732.4000,2732.6000,2733.4000,2734.6000,1,5,3,1,2,1,10,1,1,2
SF,IH2003,2020-02-04 09:33:14.100,2731.6000,26410,-2,1210442820.000,2,0,2,双平,S,2731.4000,2729.8000,2728.4000,2728.2000,2728.0000,2732.4000,2732.6000,2733.4000,2734.6000,2735.0000,1,5,3,1,2,10,1,1,2,6
SF,IH2003,2020-02-04 09:33:14.600,2732.4000,26409,-1,1211262540.000,1,0,1,双平,S,2731.4000,2729.8000,2728.4000,2728.2000,2728.0000,2732.4000,2732.6000,2733.4000,2734.6000,2735.0000,1,5,3,1,2,9,1,1,2,6
SF,IH2003,2020-02-04 09:33:15.100,2732.4000,26409,0,1211262540.000,0,-,-,-,-,2731.6000,2731.4000,2729.8000,2728.4000,2728.2000,2732.4000,2732.6000,2733.4000,2734.6000,2735.0000,1,1,5,3,1,9,3,1,2,6
SF,IH2003,2020-02-04 09:33:15.600,2732.4000,26403,-6,1216180860.000,6,0,6,双平,S,2731.4000,2729.8000,2728.4000,2728.2000,2728.0000,2732.4000,2732.6000,2733.4000,2734.6000,2735.0000,1,5,3,1,2,4,4,1,2,6
SF,IH2003,2020-02-04 09:33:16.100,2732.4000,26403,0,1216180860.000,0,-,-,-,-,2732.0000,2731.6000,2731.4000,2730.2000,2729.8000,2732.4000,2732.6000,2733.4000,2734.6000,2735.0000,2,1,1,1,5,4,5,1,2,6
SF,IH2003,2020-02-04 09:33:16.600,2732.0000,26399,-4,1220279340.000,5,0,5,多平,S,2732.0000,2731.4000,2730.2000,2729.8000,2728.4000,2732.6000,2733.4000,2734.6000,2735.0000,2736.0000,1,1,1,5,3,5,1,2,6,2
SF,IH2003,2020-02-04 09:33:17.100,2732.0000,26399,0,1220279340.000,0,-,-,-,-,2732.4000,2732.2000,2732.0000,2731.4000,2730.2000,2732.6000,2733.4000,2734.6000,2735.0000,2736.0000,5,1,1,1,1,5,1,2,6,2
SF,IH2003,2020-02-04 09:33:17.600,2732.6000,26394,-5,1224378240.000,5,0,5,双平,S,2732.6000,2732.4000,2732.2000,2732.0000,2731.4000,2733.4000,2734.6000,2735.0000,2736.0000,2736.6000,3,7,1,1,1,1,2,6,2,1
SF,IH2003,2020-02-04 09:33:18.100,2732.6000,26394,0,1224378240.000,0,-,-,-,-,2732.6000,2732.4000,2732.2000,2732.0000,2731.4000,2733.4000,2734.6000,2735.0000,2736.0000,2736.6000,2,7,1,1,1,1,2,6,2,1
SF,IH2003,2020-02-04 09:33:18.600,2732.6000,26394,0,1224378240.000,0,-,-,-,-,2732.6000,2732.4000,2732.2000,2732.0000,2731.4000,2733.4000,2733.6000,2734.6000,2735.0000,2736.0000,4,7,1,1,1,1,1,2,6,2
SF,IH2003,2020-02-04 09:33:19.100,2732.6000,26394,0,1225198020.000,1,0,1,多换,S,2732.6000,2732.4000,2732.2000,2732.0000,2731.4000,2733.0000,2733.4000,2733.6000,2734.6000,2735.0000,3,7,1,1,1,1,1,1,2,6
SF,IH2003,2020-02-04 09:33:19.600,2733.0000,26393,-1,1226017920.000,1,0,1,双平,S,2733.2000,2732.6000,2732.4000,2732.2000,2732.0000,2733.4000,2733.6000,2734.6000,2735.0000,2736.0000,1,3,7,1,1,1,1,2,6,2
SF,IH2003,2020-02-04 09:33:20.100,2733.4000,26391,-2,1228477860.000,3,0,3,多平,S,2732.6000,2732.4000,2732.0000,2731.4000,2731.2000,2733.6000,2734.6000,2735.0000,2736.0000,2736.6000,3,7,1,1,1,3,2,6,2,1
SF,IH2003,2020-02-04 09:33:20.600,2732.8000,26391,0,1229297700.000,1,0,1,多换,S,2732.8000,2732.6000,2732.4000,2732.0000,2731.4000,2733.6000,2733.8000,2734.6000,2735.0000,2736.0000,1,13,7,1,1,3,1,2,6,2
SF,IH2003,2020-02-04 09:33:21.100,2732.6000,26390,-1,1231757160.000,3,1,2,多平,S,2732.6000,2732.4000,2732.0000,2731.4000,2731.2000,2733.6000,2733.8000,2734.6000,2735.0000,2736.0000,11,7,1,1,1,3,2,2,6,2
SF,IH2003,2020-02-04 09:33:21.600,2733.4000,26389,-1,1233397260.000,2,0,2,多平,S,2732.6000,2732.4000,2732.0000,2731.4000,2731.2000,2733.6000,2733.8000,2734.6000,2735.0000,2736.0000,11,7,1,1,1,2,2,2,6,2
SF,IH2003,2020-02-04 09:33:22.100,2733.6000,26386,-3,1239956400.000,8,2,6,多平,S,2733.6000,2732.6000,2732.4000,2732.0000,2731.4000,2733.8000,2734.6000,2735.0000,2736.0000,2736.6000,3,6,7,1,1,2,2,6,2,1
SF,IH2003,2020-02-04 09:33:22.600,2733.6000,26383,-3,1242416640.000,3,0,3,双平,S,2732.6000,2732.4000,2732.0000,2731.4000,2731.2000,2733.2000,2733.6000,2733.8000,2734.6000,2735.0000,6,7,1,1,1,1,6,2,2,6
SF,IH2003,2020-02-04 09:33:23.100,2733.6000,26383,0,1242416640.000,0,-,-,-,-,2732.6000,2732.4000,2732.0000,2731.4000,2731.2000,2733.6000,2733.8000,2734.6000,2735.0000,2736.0000,6,7,1,1,1,2,2,2,6,2
SF,IH2003,2020-02-04 09:33:23.600,2733.6000,26383,0,1244056800.000,2,1,1,多换,S,2733.6000,2733.2000,2732.6000,2732.4000,2732.0000,2733.8000,2734.6000,2735.0000,2736.0000,2736.6000,3,1,6,7,1,3,2,6,2,1
SF,IH2003,2020-02-04 09:33:24.100,2733.6000,26383,0,1246517040.000,3,1,2,多换,S,2733.2000,2732.6000,2732.4000,2732.0000,2731.2000,2733.8000,2734.6000,2735.0000,2736.0000,2736.6000,1,6,5,1,1,3,2,6,2,1
SF,IH2003,2020-02-04 09:33:24.600,2733.6000,26383,0,1246517040.000,0,-,-,-,-,2733.2000,2732.6000,2732.4000,2732.0000,2731.2000,2733.4000,2733.6000,2733.8000,2734.6000,2735.0000,1,6,5,1,1,2,11,3,2,6
SF,IH2003,2020-02-04 09:33:25.100,2733.2000,26383,0,1247337000.000,1,0,1,多换,S,2732.6000,2732.4000,2732.0000,2731.2000,2730.2000,2733.2000,2733.6000,2733.8000,2734.6000,2735.0000,6,1,1,1,1,2,13,3,2,6
SF,IH2003,2020-02-04 09:33:25.600,2733.2000,26382,-1,1250616300.000,4,1,3,多平,S,2732.6000,2732.4000,2732.0000,2731.2000,2730.2000,2733.2000,2733.4000,2733.6000,2733.8000,2734.6000,3,1,1,1,1,2,2,13,3,2
SF,IH2003,2020-02-04 09:33:26.100,2732.6000,26382,0,1253075640.000,3,1,2,多换,S,2732.4000,2732.0000,2731.2000,2730.2000,2729.8000,2733.0000,2733.2000,2733.4000,2733.6000,2733.8000,1,1,1,1,3,3,3,3,13,3
SF,IH2003,2020-02-04 09:33:26.600,2733.0000,26382,0,1253895540.000,1,0,1,多换,S,2732.8000,2732.4000,2732.0000,2731.2000,2730.2000,2733.0000,2733.2000,2733.4000,2733.6000,2733.8000,1,1,1,1,1,2,3,3,13,3
SF,IH2003,2020-02-04 09:33:27.100,2733.0000,26378,-4,1257174960.000,4,0,4,双平,S,2732.4000,2732.0000,2731.8000,2731.2000,2730.2000,2733.2000,2733.4000,2733.6000,2733.8000,2734.6000,1,1,2,1,1,3,3,13,3,2
SF,IH2003,2020-02-04 09:33:27.600,2733.0000,26377,-1,1257994860.000,1,0,1,双平,S,2732.4000,2732.0000,2731.2000,2730.2000,2730.0000,2733.2000,2733.4000,2733.6000,2733.8000,2734.6000,1,1,1,1,1,2,3,13,3,2
SF,IH2003,2020-02-04 09:33:28.100,2733.4000,26372,-5,1262094840.000,5,0,5,双平,S,2733.2000,2733.0000,2732.4000,2732.0000,2731.2000,2733.6000,2733.8000,2734.6000,2735.0000,2736.0000,3,1,2,1,1,13,3,2,6,2
SF,IH2003,2020-02-04 09:33:28.600,2733.4000,26372,0,1262094840.000,0,-,-,-,-,2733.2000,2733.0000,2732.4000,2732.0000,2731.6000,2733.6000,2733.8000,2734.6000,2735.0000,2736.0000,3,1,2,1,2,12,4,2,6,2
SF,IH2003,2020-02-04 09:33:29.100,2733.2000,26371,-1,1262914800.000,1,0,1,双平,S,2733.2000,2733.0000,2732.4000,2732.0000,2731.2000,2733.6000,2733.8000,2734.6000,2735.0000,2736.0000,1,1,1,1,1,12,4,2,6,2
SF,IH2003,2020-02-04 09:33:29.600,2733.2000,26370,-1,1263734760.000,1,0,1,双平,S,2733.0000,2732.4000,2732.0000,2731.2000,2730.2000,2733.6000,2733.8000,2734.6000,2735.0000,2736.0000,1,1,1,1,1,12,4,2,6,2
SF,IH2003,2020-02-04 09:33:30.100,2733.4000,26368,-2,1266194700.000,3,0,3,多平,S,2732.4000,2732.0000,2731.2000,2730.2000,2730.0000,2733.4000,2733.6000,2733.8000,2734.0000,2734.6000,1,1,1,1,1,1,12,6,2,2
SF,IH2003,2020-02-04 09:33:30.600,2733.4000,26368,0,1266194700.000,0,-,-,-,-,2732.4000,2732.0000,2731.2000,2730.2000,2730.0000,2733.4000,2733.6000,2733.8000,2734.0000,2734.6000,1,1,1,1,1,2,13,6,2,2
SF,IH2003,2020-02-04 09:33:31.100,2733.4000,26367,-1,1267834740.000,2,0,2,多平,S,2732.4000,2732.0000,2731.4000,2731.2000,2730.2000,2733.2000,2733.6000,2733.8000,2734.0000,2734.6000,1,1,2,1,1,1,14,6,2,2
SF,IH2003,2020-02-04 09:33:31.600,2733.4000,26367,0,1267834740.000,0,-,-,-,-,2732.4000,2732.0000,2731.2000,2730.2000,2730.0000,2733.2000,2733.6000,2733.8000,2734.0000,2734.6000,1,1,1,1,1,1,14,6,2,2
SF,IH2003,2020-02-04 09:33:32.100,2733.4000,26366,-1,1268654760.000,1,0,1,双平,S,2733.4000,2732.4000,2732.0000,2731.2000,2730.2000,2733.6000,2733.8000,2734.0000,2734.6000,2735.0000,3,1,3,1,1,14,6,2,2,6
SF,IH2003,2020-02-04 09:33:32.600,2732.4000,26363,-3,1271934540.000,4,0,4,多平,S,2732.0000,2731.2000,2730.2000,2730.0000,2729.8000,2732.8000,2733.0000,2733.2000,2733.4000,2733.6000,1,1,1,1,3,1,1,1,8,16
SF,IH2003,2020-02-04 09:33:33.100,2732.0000,26363,0,1272754140.000,1,0,1,多换,S,2731.2000,2731.0000,2730.2000,2730.0000,2729.8000,2732.8000,2733.4000,2733.6000,2733.8000,2734.0000,1,2,1,1,3,2,2,14,6,2
SF,IH2003,2020-02-04 09:33:33.600,2732.8000,26362,-1,1273573980.000,1,0,1,双平,S,2731.2000,2731.0000,2730.2000,2730.0000,2729.8000,2732.8000,2733.4000,2733.6000,2733.8000,2734.0000,1,2,1,1,3,1,2,14,6,2
SF,IH2003,2020-02-04 09:33:34.100,2732.8000,26362,0,1273573980.000,0,-,-,-,-,2731.4000,2731.2000,2731.0000,2730.0000,2729.8000,2732.6000,2732.8000,2733.4000,2733.6000,2733.8000,1,1,2,1,3,2,1,2,14,6
SF,IH2003,2020-02-04 09:33:34.600,2731.4000,26361,-1,1274393400.000,1,0,1,双平,S,2731.2000,2730.0000,2729.8000,2728.4000,2728.2000,2732.4000,2732.6000,2733.4000,2733.6000,2733.8000,1,1,3,2,1,1,2,2,14,6
SF,IH2003,2020-02-04 09:33:35.100,2731.4000,26361,0,1274393400.000,0,-,-,-,-,2731.2000,2730.2000,2730.0000,2729.8000,2728.4000,2732.4000,2732.6000,2733.4000,2733.6000,2733.8000,1,2,1,3,2,2,3,2,14,6
SF,IH2003,2020-02-04 09:33:35.600,2730.0000,26357,-4,1277669880.000,4,0,4,双平,S,2729.8000,2728.4000,2728.2000,2728.0000,2727.0000,2730.0000,2732.4000,2732.6000,2733.4000,2733.6000,3,2,1,1,2,1,1,3,2,14
SF,IH2003,2020-02-04 09:33:36.100,2730.0000,26356,-1,1278488880.000,1,0,1,双平,S,2732.4000,2731.2000,2731.0000,2730.4000,2730.2000,2732.6000,2733.4000,2733.6000,2733.8000,2734.0000,1,2,2,1,2,3,2,14,6,2
SF,IH2003,2020-02-04 09:33:36.600,2732.4000,26356,0,1279308600.000,1,0,1,多换,S,2731.2000,2731.0000,2730.2000,2730.0000,2729.8000,2732.0000,2732.2000,2732.4000,2732.6000,2733.6000,2,2,1,2,4,1,3,6,2,14
SF,IH2003,2020-02-04 09:33:37.100,2732.4000,26354,-2,1280948040.000,2,0,2,双平,S,2732.2000,2732.0000,2731.2000,2731.0000,2730.2000,2732.6000,2733.6000,2733.8000,2734.0000,2734.6000,1,2,3,2,1,2,14,6,2,2
SF,IH2003,2020-02-04 09:33:37.600,2732.6000,26353,-1,1282587600.000,2,0,2,多平,S,2732.8000,2732.6000,2732.4000,2732.2000,2732.0000,2733.6000,2733.8000,2734.0000,2734.6000,2735.0000,1,1,1,1,2,14,6,2,2,5
SF,IH2003,2020-02-04 09:33:38.100,2732.6000,26351,-2,1284227220.000,2,0,2,双平,S,2732.4000,2732.0000,2731.2000,2731.0000,2730.0000,2733.6000,2733.8000,2734.0000,2734.6000,2735.0000,1,2,2,2,2,14,6,2,2,5
SF,IH2003,2020-02-04 09:33:39.100,2733.6000,26351,0,1285047300.000,1,0,1,多换,S,2732.6000,2732.0000,2731.2000,2731.0000,2730.0000,2733.6000,2733.8000,2734.0000,2734.6000,2735.0000,1,2,2,2,2,13,6,2,2,5
SF,IH2003,2020-02-04 09:33:39.600,2733.6000,26351,0,1285047300.000,0,-,-,-,-,2732.6000,2732.0000,2731.2000,2731.0000,2730.0000,2733.4000,2733.6000,2733.8000,2734.0000,2734.6000,1,2,2,2,2,1,13,6,2,2
SF,IH2003,2020-02-04 09:33:40.100,2733.6000,26351,0,1285867380.000,1,0,1,多换,S,2732.0000,2731.2000,2731.0000,2730.0000,2729.8000,2732.8000,2733.6000,2733.8000,2734.0000,2734.6000,2,2,2,2,4,1,13,6,2,2
SF,IH2003,2020-02-04 09:33:40.600,2732.8000,26351,0,1286687220.000,1,0,1,多换,S,2733.2000,2733.0000,2732.8000,2732.2000,2732.0000,2733.6000,2733.8000,2734.0000,2734.6000,2735.0000,2,1,4,3,3,13,6,2,2,5
SF,IH2003,2020-02-04 09:33:41.100,2733.2000,26350,-1,1287507180.000,1,0,1,双平,S,2733.0000,2732.8000,2732.2000,2732.0000,2731.2000,2733.2000,2733.6000,2733.8000,2734.0000,2734.6000,1,3,3,3,2,1,13,6,2,2
SF,IH2003,2020-02-04 09:33:41.600,2733.2000,26349,-1,1289147100.000,2,0,2,多平,S,2733.2000,2732.8000,2732.2000,2732.0000,2731.2000,2733.6000,2733.8000,2734.0000,2734.6000,2735.0000,3,3,3,3,2,13,6,2,2,5
SF,IH2003,2020-02-04 09:33:42.100,2733.6000,26348,-1,1289967180.000,1,0,1,双平,S,2733.2000,2732.8000,2732.2000,2732.0000,2731.2000,2733.6000,2733.8000,2734.0000,2734.6000,2735.0000,2,3,3,1,2,12,6,2,2,5
SF,IH2003,2020-02-04 09:33:42.600,2733.6000,26347,-1,1290787260.000,1,0,1,双平,S,2733.2000,2732.8000,2732.2000,2732.0000,2731.2000,2733.6000,2733.8000,2734.6000,2735.0000,2736.0000,2,3,3,1,2,11,6,2,5,1
SF,IH2003,2020-02-04 09:33:43.100,2733.6000,26338,-9,1300628220.000,12,1,11,多平,S,2733.2000,2732.8000,2732.2000,2732.0000,2731.2000,2733.8000,2734.6000,2735.0000,2736.0000,2736.6000,1,3,3,1,2,6,2,5,1,1
SF,IH2003,2020-02-04 09:33:43.600,2733.8000,26333,-5,1305549060.000,6,0,6,多平,S,2733.4000,2733.2000,2732.8000,2732.2000,2731.2000,2734.6000,2735.0000,2736.0000,2736.6000,2737.0000,2,4,3,1,2,2,5,1,1,17
SF,IH2003,2020-02-04 09:33:44.100,2733.8000,26333,0,1305549060.000,0,-,-,-,-,2733.6000,2733.4000,2733.2000,2732.8000,2732.4000,2734.6000,2735.0000,2736.0000,2736.6000,2737.0000,1,3,3,3,3,2,5,1,1,17
SF,IH2003,2020-02-04 09:33:44.600,2733.8000,26332,-1,1306369200.000,1,0,1,双平,S,2733.6000,2733.4000,2733.2000,2732.8000,2732.2000,2734.6000,2735.0000,2736.0000,2736.6000,2737.0000,2,2,1,3,1,2,5,1,1,17
SF,IH2003,2020-02-04 09:33:45.100,2734.6000,26332,0,1308009960.000,2,1,1,多换,S,2733.6000,2733.4000,2733.2000,2732.8000,2732.2000,2735.0000,2736.0000,2736.6000,2737.0000,2738.0000,3,2,1,3,1,5,1,1,17,1
SF,IH2003,2020-02-04 09:33:45.600,2735.0000,26331,-1,1308830460.000,1,0,1,双平,S,2733.8000,2733.6000,2733.4000,2733.2000,2732.8000,2735.0000,2736.0000,2736.6000,2737.0000,2738.0000,1,2,2,1,1,4,1,1,17,1
SF,IH2003,2020-02-04 09:33:46.100,2735.0000,26331,0,1308830460.000,0,-,-,-,-,2734.0000,2733.8000,2733.6000,2733.4000,2733.2000,2735.0000,2736.0000,2736.6000,2737.0000,2738.0000,2,1,2,2,1,4,1,1,17,1
SF,IH2003,2020-02-04 09:33:46.600,2735.0000,26331,0,1308830460.000,0,-,-,-,-,2734.2000,2734.0000,2733.6000,2733.2000,2732.8000,2735.0000,2736.0000,2736.6000,2737.0000,2738.0000,2,3,2,1,1,4,1,1,17,1
SF,IH2003,2020-02-04 09:33:47.100,2735.0000,26331,0,1312112460.000,4,2,2,多换,S,2735.0000,2734.2000,2733.6000,2733.2000,2732.8000,2736.0000,2736.6000,2737.0000,2738.0000,2738.8000,10,3,2,1,1,1,1,17,1,1
SF,IH2003,2020-02-04 09:33:47.600,2735.0000,26331,0,1312112460.000,0,-,-,-,-,2735.2000,2735.0000,2734.2000,2733.6000,2733.2000,2735.6000,2736.0000,2736.6000,2737.0000,2738.0000,1,10,2,2,1,2,1,1,17,1
SF,IH2003,2020-02-04 09:33:48.100,2735.6000,26330,-1,1313753700.000,2,0,2,多平,S,2735.0000,2734.2000,2733.6000,2733.2000,2732.8000,2735.6000,2736.0000,2736.6000,2737.0000,2738.0000,10,2,2,1,1,1,1,1,17,1
SF,IH2003,2020-02-04 09:33:48.600,2735.6000,26330,0,1315394880.000,2,1,1,多换,S,2735.6000,2735.0000,2734.2000,2733.6000,2733.2000,2736.0000,2736.6000,2737.0000,2738.0000,2738.8000,6,9,2,2,1,1,1,17,1,1
SF,IH2003,2020-02-04 09:33:49.100,2735.6000,26330,0,1320318960.000,6,3,3,多换,S,2735.0000,2734.2000,2733.6000,2733.2000,2732.8000,2736.0000,2736.6000,2737.0000,2738.0000,2738.8000,9,2,2,1,1,1,1,17,1,1
SF,IH2003,2020-02-04 09:33:49.600,2735.6000,26330,0,1320318960.000,0,-,-,-,-,2735.2000,2735.0000,2733.6000,2733.2000,2732.8000,2736.0000,2736.6000,2737.0000,2738.0000,2738.8000,3,9,2,1,1,1,1,17,1,1
SF,IH2003,2020-02-04 09:33:50.100,2736.0000,26329,-1,1321139760.000,1,0,1,双平,S,2736.2000,2735.4000,2735.2000,2735.0000,2733.6000,2736.6000,2737.0000,2738.0000,2738.8000,2739.0000,1,2,2,11,2,1,17,1,1,2
SF,IH2003,2020-02-04 09:33:50.600,2735.4000,26328,-1,1322781240.000,2,0,2,多平,S,2735.0000,2733.6000,2733.2000,2732.8000,2731.8000,2736.2000,2736.6000,2737.0000,2738.0000,2738.8000,11,2,1,1,1,3,1,17,1,1
SF,IH2003,2020-02-04 09:33:51.100,2735.4000,26328,0,1322781240.000,0,-,-,-,-,2735.2000,2735.0000,2733.6000,2733.2000,2732.8000,2735.6000,2736.2000,2736.6000,2737.0000,2738.0000,5,11,2,1,1,1,3,1,17,1
SF,IH2003,2020-02-04 09:33:51.600,2736.2000,26326,-2,1324422780.000,2,0,2,双平,S,2736.0000,2735.6000,2735.2000,2735.0000,2733.6000,2736.6000,2737.0000,2738.0000,2738.8000,2739.0000,1,4,9,10,2,1,17,1,1,2
SF,IH2003,2020-02-04 09:33:52.100,2736.6000,26325,-1,1325243760.000,1,0,1,双平,S,2735.6000,2735.2000,2735.0000,2733.6000,2733.2000,2737.0000,2738.0000,2738.8000,2739.0000,2739.8000,4,2,10,2,1,17,1,1,2,3
SF,IH2003,2020-02-04 09:33:52.600,2737.0000,26325,0,1329349260.000,5,2,3,多换,S,2735.6000,2735.2000,2735.0000,2733.6000,2733.2000,2737.0000,2738.0000,2738.8000,2739.0000,2739.8000,4,2,10,2,1,12,1,1,2,3
SF,IH2003,2020-02-04 09:33:53.100,2737.0000,26325,0,1329349260.000,0,-,-,-,-,2735.8000,2735.6000,2735.2000,2735.0000,2733.6000,2737.0000,2738.0000,2738.8000,2739.0000,2739.8000,2,5,2,11,2,12,1,1,2,3
SF,IH2003,2020-02-04 09:33:53.600,2737.0000,26324,-1,1330170360.000,1,0,1,双平,S,2735.8000,2735.6000,2735.2000,2735.0000,2733.6000,2736.0000,2737.0000,2738.0000,2738.8000,2739.0000,2,6,2,11,2,1,12,1,1,2
SF,IH2003,2020-02-04 09:33:54.100,2737.0000,26322,-2,1333454460.000,4,1,3,多平,S,2736.0000,2735.8000,2735.6000,2735.2000,2735.0000,2737.0000,2738.0000,2738.8000,2739.0000,2739.8000,5,2,3,2,11,9,1,1,2,3
SF,IH2003,2020-02-04 09:33:54.600,2737.0000,26322,0,1333454460.000,0,-,-,-,-,2736.2000,2736.0000,2735.6000,2735.0000,2733.6000,2737.0000,2738.0000,2738.8000,2739.0000,2739.8000,3,6,3,11,2,9,1,1,2,3
SF,IH2003,2020-02-04 09:33:55.100,2737.0000,26322,0,1333454460.000,0,-,-,-,-,2736.4000,2736.2000,2736.0000,2735.6000,2735.0000,2737.0000,2738.0000,2738.8000,2739.0000,2739.8000,1,2,9,3,11,9,1,1,2,3
SF,IH2003,2020-02-04 09:33:55.600,2737.0000,26322,0,1334275560.000,1,0,1,多换,S,2736.4000,2736.2000,2736.0000,2735.6000,2735.0000,2737.0000,2738.0000,2738.8000,2739.0000,2739.8000,1,2,9,3,11,8,1,1,2,3
SF,IH2003,2020-02-04 09:33:56.100,2737.0000,26320,-2,1335917760.000,2,0,2,双平,S,2736.4000,2736.2000,2736.0000,2735.6000,2735.0000,2737.0000,2738.0000,2738.8000,2739.0000,2739.8000,1,2,9,3,11,6,1,1,2,3
SF,IH2003,2020-02-04 09:33:56.600,2736.4000,26319,-1,1336738680.000,1,0,1,双平,S,2736.2000,2736.0000,2735.6000,2735.0000,2733.6000,2737.0000,2738.0000,2738.8000,2739.0000,2739.8000,2,6,3,11,2,6,1,1,2,3
SF,IH2003,2020-02-04 09:33:57.100,2736.4000,26319,0,1336738680.000,0,-,-,-,-,2736.4000,2736.2000,2736.0000,2735.8000,2735.6000,2737.0000,2738.0000,2738.8000,2739.0000,2739.8000,1,2,6,3,3,6,1,1,2,3
SF,IH2003,2020-02-04 09:33:57.600,2736.4000,26319,0,1336738680.000,0,-,-,-,-,2736.6000,2736.4000,2736.0000,2735.8000,2735.6000,2737.0000,2738.0000,2738.8000,2739.0000,2739.8000,2,2,6,3,3,6,1,1,2,3
SF,IH2003,2020-02-04 09:33:58.100,2737.0000,26318,-1,1339201980.000,3,1,2,多平,S,2736.6000,2736.4000,2736.0000,2735.8000,2735.6000,2737.0000,2738.0000,2738.8000,2739.0000,2739.8000,2,2,6,3,3,3,1,1,2,3
SF,IH2003,2020-02-04 09:33:58.600,2737.0000,26315,-3,1341665280.000,3,0,3,双平,S,2737.0000,2736.8000,2736.6000,2736.4000,2736.0000,2738.0000,2738.8000,2739.0000,2739.8000,2740.0000,4,1,2,1,10,1,1,2,3,22
SF,IH2003,2020-02-04 09:33:59.100,2737.0000,26315,0,1341665280.000,0,-,-,-,-,2737.0000,2736.8000,2736.6000,2736.4000,2736.0000,2738.0000,2738.8000,2739.0000,2739.8000,2740.0000,5,3,2,1,10,1,1,2,3,22
SF,IH2003,2020-02-04 09:33:59.600,2737.0000,26315,0,1341665280.000,0,-,-,-,-,2737.0000,2736.8000,2736.6000,2736.4000,2736.0000,2738.0000,2738.8000,2739.0000,2739.8000,2740.0000,5,3,2,1,10,1,1,2,3,22
SF,IH2003,2020-02-04 09:34:00.100,2737.0000,26315,0,1341665280.000,0,-,-,-,-,2737.0000,2736.8000,2736.6000,2736.4000,2736.0000,2738.0000,2738.8000,2739.0000,2739.8000,2740.0000,5,3,2,1,10,1,1,2,3,22
SF,IH2003,2020-02-04 09:34:00.600,2737.0000,26315,0,1341665280.000,0,-,-,-,-,2737.2000,2737.0000,2736.8000,2736.4000,2736.0000,2738.0000,2738.8000,2739.0000,2739.8000,2740.0000,2,5,6,1,10,1,1,2,3,22
SF,IH2003,2020-02-04 09:34:01.100,2738.0000,26314,-1,1342486680.000,1,0,1,双平,S,2738.0000,2737.2000,2737.0000,2736.8000,2736.4000,2738.8000,2739.0000,2739.8000,2740.0000,2740.6000,2,2,4,2,1,1,2,3,22,1
SF,IH2003,2020-02-04 09:34:01.600,2738.0000,26314,0,1342486680.000,0,-,-,-,-,2738.0000,2737.4000,2737.2000,2737.0000,2736.8000,2738.8000,2739.0000,2739.8000,2740.0000,2740.6000,4,1,3,7,2,2,2,3,22,1
SF,IH2003,2020-02-04 09:34:02.100,2738.0000,26314,0,1342486680.000,0,-,-,-,-,2738.0000,2737.8000,2737.4000,2737.2000,2737.0000,2738.8000,2739.0000,2739.8000,2740.0000,2740.6000,10,3,1,3,4,1,2,3,22,1
SF,IH2003,2020-02-04 09:34:02.600,2738.8000,26315,1,1343308320.000,1,1,0,双开,S,2738.0000,2737.8000,2737.4000,2737.2000,2737.0000,2739.0000,2739.8000,2740.0000,2740.6000,2740.8000,10,3,1,3,4,2,3,22,1,1
SF,IH2003,2020-02-04 09:34:03.100,2738.8000,26315,0,1343308320.000,0,-,-,-,-,2738.8000,2738.0000,2737.8000,2737.2000,2737.0000,2739.0000,2739.8000,2740.0000,2740.6000,2740.8000,1,9,3,3,4,2,3,22,1,1
SF,IH2003,2020-02-04 09:34:03.600,2738.0000,26312,-3,1346594700.000,4,0,4,多平,S,2738.0000,2737.2000,2737.0000,2736.8000,2736.4000,2739.0000,2739.8000,2740.0000,2740.6000,2740.8000,7,1,2,2,1,1,3,22,1,1
SF,IH2003,2020-02-04 09:34:04.100,2739.0000,26311,-1,1347416400.000,1,0,1,双平,S,2739.0000,2738.8000,2738.0000,2737.2000,2737.0000,2739.8000,2740.0000,2740.6000,2740.8000,2741.0000,6,1,7,1,2,3,22,1,1,9
SF,IH2003,2020-02-04 09:34:04.600,2739.0000,26311,0,1349881500.000,3,1,2,多换,S,2739.0000,2738.8000,2738.0000,2737.2000,2737.0000,2739.8000,2740.0000,2740.6000,2740.8000,2741.0000,4,2,7,1,2,3,22,1,1,9
SF,IH2003,2020-02-04 09:34:05.100,2739.0000,26311,0,1349881500.000,0,-,-,-,-,2739.0000,2738.8000,2738.0000,2737.2000,2737.0000,2739.8000,2740.0000,2740.6000,2740.8000,2741.0000,8,2,7,1,2,3,22,1,1,9
SF,IH2003,2020-02-04 09:34:05.600,2739.8000,26308,-3,1352347320.000,3,0,3,双平,S,2739.8000,2739.0000,2738.8000,2738.0000,2737.2000,2740.0000,2740.6000,2740.8000,2741.0000,2742.0000,4,9,2,6,1,22,1,1,9,10
SF,IH2003,2020-02-04 09:34:06.100,2739.8000,26304,-4,1359743820.000,9,2,7,多平,S,2739.0000,2738.8000,2738.0000,2737.2000,2737.0000,2739.8000,2740.0000,2740.6000,2740.8000,2741.0000,5,3,6,1,2,3,22,1,1,9
SF,IH2003,2020-02-04 09:34:06.600,2739.2000,26303,-1,1361387520.000,2,0,2,多平,S,2739.0000,2738.8000,2738.0000,2737.2000,2737.0000,2740.0000,2740.6000,2740.8000,2741.0000,2742.0000,5,3,6,1,2,22,1,1,9,10
SF,IH2003,2020-02-04 09:34:07.100,2740.0000,26296,-7,1368785520.000,9,1,8,多平,S,2739.8000,2739.2000,2739.0000,2738.8000,2738.0000,2740.0000,2740.6000,2740.8000,2741.0000,2742.0000,2,1,13,3,6,13,1,1,9,10
SF,IH2003,2020-02-04 09:34:07.600,2740.0000,26284,-12,1378649520.000,12,0,12,双平,S,2739.8000,2739.2000,2739.0000,2738.8000,2738.0000,2740.0000,2740.6000,2740.8000,2741.0000,2742.0000,1,5,10,3,6,1,1,1,9,10
SF,IH2003,2020-02-04 09:34:08.100,2740.0000,26283,-1,1379471520.000,1,0,1,双平,S,2740.0000,2739.8000,2739.2000,2739.0000,2738.8000,2740.6000,2740.8000,2741.0000,2742.0000,2743.0000,1,1,5,5,3,1,1,9,10,9
SF,IH2003,2020-02-04 09:34:08.600,2740.0000,26283,0,1381115520.000,2,1,1,多换,S,2739.8000,2739.2000,2739.0000,2738.8000,2738.0000,2740.6000,2740.8000,2741.0000,2742.0000,2743.0000,1,5,5,3,1,1,1,9,10,9
