市场代码,合约代码,时间,最新,持仓,增仓,成交额,成交量,开仓,平仓,成交类型,方向,买一价,买二价,买三价,买四价,买五价,卖一价,卖二价,卖三价,卖四价,卖五价,买一量,买二量,买三量,买四量,买五量,卖一量,卖二量,卖三量,卖四量,卖五量
SF,IH2009,2020-01-20 09:29:00.300,3062.6000,0,0,0.000,0.000,-,-,-,-,3076.2000,3067.8000,3052.4000,3030.0000,2848.2000,3092.2000,3277.0000,3294.4000,3368.8000,0.0000,1,1,1,1,1,1,2,1,1,0
SF,IH2009,2020-01-20 09:30:00.300,3062.6000,0,0,0.000,0,-,-,-,-,3076.2000,3067.8000,3052.4000,3030.0000,2848.2000,3089.8000,3090.8000,3092.0000,3092.2000,3277.0000,1,1,1,1,1,1,1,2,1,2
SF,IH2009,2020-01-20 09:30:00.800,3062.6000,0,0,0.000,0,-,-,-,-,3076.2000,3067.8000,3052.4000,3030.0000,2848.2000,3089.8000,3090.8000,3091.2000,3092.0000,3092.2000,1,1,1,1,1,1,1,1,2,1
SF,IH2009,2020-01-20 09:30:01.300,3062.6000,0,0,0.000,0,-,-,-,-,3076.2000,3067.8000,3052.4000,3030.0000,2848.2000,3090.8000,3091.2000,3092.0000,3092.2000,3277.0000,1,1,1,1,1,1,1,2,1,2
SF,IH2009,2020-01-20 09:30:02.300,3062.6000,0,0,0.000,0,-,-,-,-,3076.2000,3067.8000,3052.4000,3030.0000,2848.2000,3090.8000,3091.2000,3092.2000,3277.0000,3294.4000,1,1,1,1,1,1,1,1,2,1
SF,IH2009,2020-01-20 09:30:02.800,3062.6000,0,0,0.000,0,-,-,-,-,3076.2000,3067.8000,3052.4000,3030.0000,2848.2000,3090.6000,3090.8000,3091.2000,3092.2000,3277.0000,1,1,1,1,1,2,1,1,1,2
SF,IH2009,2020-01-20 09:30:03.300,3062.6000,0,0,0.000,0,-,-,-,-,3076.2000,3067.8000,3052.4000,3030.0000,2848.2000,3090.8000,3091.2000,3092.2000,3277.0000,3294.4000,1,1,1,1,1,1,1,1,2,1
SF,IH2009,2020-01-20 09:30:04.300,3062.6000,0,0,0.000,0,-,-,-,-,3076.2000,3067.8000,3052.4000,3030.0000,2848.2000,3090.0000,3090.6000,3090.8000,3092.2000,3277.0000,1,1,1,1,1,1,2,1,1,2
SF,IH2009,2020-01-20 09:30:05.300,3062.6000,0,0,0.000,0,-,-,-,-,3052.4000,3030.0000,2848.2000,2764.2000,2756.4000,3090.0000,3090.6000,3090.8000,3277.0000,3294.4000,1,1,1,1,1,1,2,1,2,1
SF,IH2009,2020-01-20 09:30:08.800,3062.6000,0,0,0.000,0,-,-,-,-,3062.8000,3052.4000,3030.0000,2848.2000,2764.2000,3090.0000,3090.6000,3090.8000,3277.0000,3294.4000,1,1,1,1,1,1,2,1,2,1
SF,IH2009,2020-01-20 09:30:09.300,3062.6000,0,0,0.000,0,-,-,-,-,3062.8000,3052.4000,3030.0000,2848.2000,2764.2000,3089.8000,3090.0000,3090.6000,3090.8000,3277.0000,1,1,1,1,1,2,1,2,1,2
SF,IH2009,2020-01-20 09:30:09.800,3062.6000,0,0,0.000,0,-,-,-,-,3064.4000,3062.8000,3052.4000,3030.0000,2848.2000,3089.8000,3090.0000,3090.6000,3090.8000,3277.0000,1,1,1,1,1,2,1,2,1,2
SF,IH2009,2020-01-20 09:30:10.800,3062.6000,0,0,0.000,0,-,-,-,-,3064.4000,3062.8000,3052.4000,3030.0000,2848.2000,3089.2000,3089.8000,3090.6000,3090.8000,3277.0000,1,1,1,1,1,1,2,2,1,2
SF,IH2009,2020-01-20 09:30:11.800,3062.6000,0,0,0.000,0,-,-,-,-,3064.4000,3062.8000,3052.4000,3030.0000,2848.2000,3087.0000,3089.2000,3090.6000,3277.0000,3368.8000,1,1,1,1,1,1,1,2,2,1
SF,IH2009,2020-01-20 09:30:12.300,3062.6000,0,0,0.000,0,-,-,-,-,3064.8000,3064.4000,3052.4000,3030.0000,2848.2000,3087.0000,3089.2000,3090.6000,3277.0000,3368.8000,1,1,1,1,1,1,1,2,2,1
SF,IH2009,2020-01-20 09:30:12.800,3062.6000,0,0,0.000,0,-,-,-,-,3065.6000,3064.8000,3064.4000,3052.4000,3030.0000,3087.0000,3089.2000,3090.6000,3277.0000,3368.8000,1,1,1,1,1,1,1,2,2,1
SF,IH2009,2020-01-20 09:30:13.300,3062.6000,0,0,0.000,0,-,-,-,-,3065.6000,3064.8000,3064.4000,3052.4000,3030.0000,3086.6000,3087.0000,3090.6000,3277.0000,3368.8000,1,1,1,1,1,1,1,2,2,1
SF,IH2009,2020-01-20 09:30:13.800,3062.6000,0,0,0.000,0,-,-,-,-,3065.6000,3064.8000,3064.4000,3052.4000,3030.0000,3085.0000,3086.6000,3277.0000,3368.8000,0.0000,1,1,1,1,1,1,1,2,1,0
SF,IH2009,2020-01-20 09:30:14.300,3062.6000,0,0,0.000,0,-,-,-,-,3067.4000,3065.6000,3064.8000,3064.4000,3052.4000,3085.0000,3086.6000,3277.0000,3368.8000,0.0000,1,1,1,1,1,1,1,2,1,0
SF,IH2009,2020-01-20 09:30:15.300,3062.6000,0,0,0.000,0,-,-,-,-,3067.4000,3065.6000,3064.4000,3052.4000,3030.0000,3085.0000,3086.6000,3277.0000,3368.8000,0.0000,1,1,1,1,1,1,1,2,1,0
SF,IH2009,2020-01-20 09:30:16.300,3062.6000,0,0,0.000,0,-,-,-,-,3068.8000,3067.4000,3064.4000,3052.4000,3030.0000,3085.0000,3086.6000,3277.0000,3368.8000,0.0000,1,1,1,1,1,1,1,2,1,0
SF,IH2009,2020-01-20 09:30:17.800,3062.6000,0,0,0.000,0,-,-,-,-,3068.8000,3067.4000,3064.4000,3052.4000,3030.0000,3084.6000,3085.0000,3086.6000,3277.0000,3368.8000,1,1,1,1,1,1,1,1,2,1
SF,IH2009,2020-01-20 09:30:18.300,3062.6000,0,0,0.000,0,-,-,-,-,3068.8000,3067.4000,3064.4000,3052.4000,3030.0000,3084.2000,3084.6000,3085.0000,3277.0000,3368.8000,1,1,1,1,1,1,1,1,2,1
SF,IH2009,2020-01-20 09:30:19.300,3062.6000,0,0,0.000,0,-,-,-,-,3068.8000,3067.4000,3064.4000,3052.4000,3030.0000,3084.2000,3085.0000,3277.0000,3368.8000,0.0000,1,1,1,1,1,1,1,2,1,0
SF,IH2009,2020-01-20 09:30:20.300,3084.2000,1,1,925260.000,1,1,0,双开,S,3069.4000,3068.8000,3064.4000,3052.4000,3030.0000,3085.0000,3277.0000,3368.8000,0.0000,0.0000,1,1,1,1,1,1,2,1,0,0
SF,IH2009,2020-01-20 09:30:22.800,3084.2000,1,0,925260.000,0,-,-,-,-,3069.4000,3068.8000,3064.4000,3052.4000,3030.0000,3084.2000,3085.0000,3277.0000,3368.8000,0.0000,1,1,1,1,1,1,1,2,1,0
SF,IH2009,2020-01-20 09:30:23.300,3084.2000,1,0,925260.000,0,-,-,-,-,3069.4000,3064.4000,3052.4000,3030.0000,2848.2000,3084.0000,3084.2000,3085.0000,3277.0000,3368.8000,1,1,1,1,1,2,1,1,2,1
SF,IH2009,2020-01-20 09:30:24.300,3084.2000,1,0,925260.000,0,-,-,-,-,3069.8000,3069.4000,3064.4000,3052.4000,3030.0000,3082.8000,3083.2000,3084.0000,3084.2000,3277.0000,1,1,1,1,1,1,1,2,1,2
SF,IH2009,2020-01-20 09:30:25.300,3084.2000,1,0,925260.000,0,-,-,-,-,3070.6000,3069.8000,3064.4000,3052.4000,3030.0000,3082.2000,3082.8000,3084.0000,3084.2000,3277.0000,1,1,1,1,1,1,1,2,1,2
SF,IH2009,2020-01-20 09:30:25.800,3084.2000,1,0,925260.000,0,-,-,-,-,3070.6000,3070.2000,3069.8000,3064.4000,3052.4000,3082.2000,3082.8000,3084.0000,3084.2000,3277.0000,1,1,1,1,1,1,1,2,1,2
SF,IH2009,2020-01-20 09:30:26.800,3084.2000,1,0,925260.000,0,-,-,-,-,3070.6000,3070.2000,3064.4000,3052.4000,3030.0000,3082.2000,3082.8000,3084.0000,3084.2000,3277.0000,1,1,1,1,1,1,1,2,1,2
SF,IH2009,2020-01-20 09:30:27.300,3084.2000,1,0,925260.000,0,-,-,-,-,3070.6000,3070.2000,3064.4000,3052.4000,3030.0000,3082.2000,3082.8000,3084.0000,3277.0000,3368.8000,1,1,1,1,1,1,1,2,2,1
SF,IH2009,2020-01-20 09:30:28.300,3084.2000,1,0,925260.000,0,-,-,-,-,3070.6000,3070.2000,3064.4000,3052.4000,3030.0000,3082.0000,3082.2000,3082.8000,3084.0000,3277.0000,1,1,1,1,1,1,1,1,2,2
SF,IH2009,2020-01-20 09:30:29.300,3084.2000,1,0,925260.000,0,-,-,-,-,3070.6000,3064.4000,3052.4000,3030.0000,2848.2000,3081.4000,3081.8000,3082.0000,3082.8000,3277.0000,1,1,1,1,1,1,1,1,1,2
SF,IH2009,2020-01-20 09:30:29.800,3084.2000,1,0,925260.000,0,-,-,-,-,3070.6000,3064.4000,3052.4000,3030.0000,2848.2000,3081.4000,3081.8000,3082.8000,3277.0000,3368.8000,1,1,1,1,1,1,1,1,2,1
SF,IH2009,2020-01-20 09:30:30.300,3084.2000,1,0,925260.000,0,-,-,-,-,3070.6000,3064.4000,3052.4000,3030.0000,2848.2000,3081.4000,3082.8000,3277.0000,3368.8000,0.0000,1,1,1,1,1,1,1,2,1,0
SF,IH2009,2020-01-20 09:30:30.800,3084.2000,1,0,925260.000,0,-,-,-,-,3070.6000,3064.4000,3052.4000,3030.0000,2848.2000,3081.0000,3081.4000,3082.8000,3277.0000,3368.8000,1,1,1,1,1,1,1,1,2,1
SF,IH2009,2020-01-20 09:30:32.300,3084.2000,1,0,925260.000,0,-,-,-,-,3070.6000,3064.4000,3052.4000,3030.0000,2848.2000,3081.0000,3082.8000,3277.0000,3368.8000,0.0000,1,1,1,1,1,1,1,2,1,0
SF,IH2009,2020-01-20 09:30:34.300,3084.2000,1,0,925260.000,0,-,-,-,-,3070.8000,3070.6000,3064.4000,3052.4000,3030.0000,3081.0000,3082.8000,3277.0000,3368.8000,0.0000,1,1,1,1,1,1,1,2,1,0
SF,IH2009,2020-01-20 09:30:36.800,3084.2000,1,0,925260.000,0,-,-,-,-,3071.4000,3070.8000,3064.4000,3052.4000,3030.0000,3082.8000,3277.0000,3368.8000,0.0000,0.0000,1,1,1,1,1,1,2,1,0,0
SF,IH2009,2020-01-20 09:30:37.800,3084.2000,1,0,925260.000,0,-,-,-,-,3071.4000,3070.8000,3064.4000,3052.4000,3030.0000,3080.2000,3082.8000,3277.0000,3368.8000,0.0000,1,1,1,1,1,2,1,2,1,0
SF,IH2009,2020-01-20 09:30:49.300,3084.2000,1,0,925260.000,0,-,-,-,-,3071.6000,3071.4000,3070.8000,3064.4000,3052.4000,3080.2000,3082.8000,3277.0000,3368.8000,0.0000,1,1,1,1,1,2,1,2,1,0
SF,IH2009,2020-01-20 09:30:50.800,3084.2000,1,0,925260.000,0,-,-,-,-,3072.0000,3071.6000,3070.8000,3064.4000,3052.4000,3080.2000,3082.8000,3277.0000,3368.8000,0.0000,1,1,1,1,1,2,1,2,1,0
SF,IH2009,2020-01-20 09:30:51.800,3084.2000,1,0,925260.000,0,-,-,-,-,3072.0000,3071.6000,3070.8000,3064.4000,3052.4000,3079.8000,3080.2000,3082.8000,3277.0000,3368.8000,1,1,1,1,1,1,2,1,2,1
SF,IH2009,2020-01-20 09:30:52.800,3084.2000,1,0,925260.000,0,-,-,-,-,3072.0000,3070.8000,3064.4000,3052.4000,3030.0000,3079.8000,3080.2000,3082.8000,3277.0000,3368.8000,1,1,1,1,1,1,2,1,2,1
SF,IH2009,2020-01-20 09:30:53.800,3084.2000,1,0,925260.000,0,-,-,-,-,3072.0000,3070.8000,3060.4000,3052.4000,3030.0000,3079.8000,3080.2000,3082.8000,3277.0000,3368.8000,1,1,1,1,1,1,2,1,2,1
SF,IH2009,2020-01-20 09:30:54.300,3084.2000,1,0,925260.000,0,-,-,-,-,3070.8000,3060.4000,3052.4000,3030.0000,2848.2000,3079.8000,3080.2000,3082.8000,3277.0000,3368.8000,1,1,1,1,1,1,2,1,2,1
SF,IH2009,2020-01-20 09:30:55.800,3084.2000,1,0,925260.000,0,-,-,-,-,3071.2000,3070.8000,3060.4000,3052.4000,3030.0000,3079.8000,3080.2000,3082.8000,3277.0000,3368.8000,1,1,1,1,1,1,2,1,2,1
SF,IH2009,2020-01-20 09:30:58.300,3084.2000,1,0,925260.000,0,-,-,-,-,3071.2000,3070.8000,3060.4000,3052.4000,3030.0000,3079.6000,3079.8000,3080.2000,3082.8000,3277.0000,1,1,1,1,1,1,1,2,1,2
SF,IH2009,2020-01-20 09:30:59.800,3084.2000,1,0,925260.000,0,-,-,-,-,3071.2000,3060.4000,3052.4000,3030.0000,2848.2000,3079.6000,3079.8000,3080.2000,3082.8000,3277.0000,1,1,1,1,1,1,1,2,1,2
SF,IH2009,2020-01-20 09:31:00.800,3084.2000,1,0,925260.000,0,-,-,-,-,3060.4000,3052.4000,3030.0000,2848.2000,2756.4000,3079.2000,3079.6000,3080.2000,3082.8000,3277.0000,1,1,1,1,1,1,1,2,1,2
SF,IH2009,2020-01-20 09:31:01.300,3084.2000,1,0,925260.000,0,-,-,-,-,3062.0000,3060.4000,3052.4000,3030.0000,2848.2000,3079.2000,3079.6000,3080.2000,3082.8000,3277.0000,1,1,1,1,1,1,1,2,1,2
SF,IH2009,2020-01-20 09:31:02.300,3084.2000,1,0,925260.000,0,-,-,-,-,3066.2000,3062.0000,3060.4000,3052.4000,3030.0000,3079.0000,3079.2000,3080.2000,3082.8000,3277.0000,1,1,1,1,1,1,1,2,1,2
SF,IH2009,2020-01-20 09:31:03.800,3084.2000,1,0,925260.000,0,-,-,-,-,3066.6000,3066.2000,3062.0000,3060.4000,3052.4000,3079.0000,3079.2000,3080.2000,3082.8000,3277.0000,1,1,1,1,1,1,1,2,1,2
SF,IH2009,2020-01-20 09:31:04.800,3084.2000,1,0,925260.000,0,-,-,-,-,3066.6000,3066.2000,3062.0000,3060.4000,3052.4000,3078.6000,3079.0000,3080.2000,3082.8000,3277.0000,1,1,1,1,1,1,1,2,1,2
SF,IH2009,2020-01-20 09:31:05.300,3084.2000,1,0,925260.000,0,-,-,-,-,3067.0000,3066.6000,3066.2000,3062.0000,3060.4000,3078.6000,3079.0000,3080.2000,3082.8000,3277.0000,1,1,1,1,1,1,1,2,1,2
SF,IH2009,2020-01-20 09:31:05.800,3084.2000,1,0,925260.000,0,-,-,-,-,3067.8000,3067.0000,3066.6000,3062.0000,3060.4000,3078.6000,3080.2000,3082.8000,3277.0000,3368.8000,1,1,1,1,1,1,2,1,2,1
SF,IH2009,2020-01-20 09:31:06.300,3084.2000,1,0,925260.000,0,-,-,-,-,3067.8000,3067.0000,3066.6000,3060.4000,3052.4000,3078.6000,3080.2000,3082.8000,3277.0000,3368.8000,1,1,1,1,1,1,2,1,2,1
SF,IH2009,2020-01-20 09:31:06.800,3084.2000,1,0,925260.000,0,-,-,-,-,3067.8000,3067.0000,3060.4000,3052.4000,3030.0000,3078.6000,3080.2000,3082.8000,3277.0000,3368.8000,1,1,1,1,1,1,2,1,2,1
SF,IH2009,2020-01-20 09:31:07.300,3084.2000,1,0,925260.000,0,-,-,-,-,3068.4000,3068.0000,3067.8000,3060.4000,3052.4000,3080.2000,3082.8000,3277.0000,3368.8000,0.0000,1,1,1,1,1,2,1,2,1,0
SF,IH2009,2020-01-20 09:31:08.300,3084.2000,1,0,925260.000,0,-,-,-,-,3068.8000,3068.4000,3068.0000,3067.8000,3060.4000,3080.2000,3082.8000,3277.0000,3368.8000,0.0000,1,1,1,1,1,2,1,2,1,0
SF,IH2009,2020-01-20 09:31:09.800,3084.2000,1,0,925260.000,0,-,-,-,-,3069.4000,3068.8000,3068.0000,3060.4000,3052.4000,3080.2000,3082.8000,3277.0000,3368.8000,0.0000,1,1,1,1,1,2,1,2,1,0
SF,IH2009,2020-01-20 09:31:10.800,3084.2000,1,0,925260.000,0,-,-,-,-,3069.4000,3068.0000,3060.4000,3052.4000,3030.0000,3080.2000,3082.8000,3277.0000,3368.8000,0.0000,1,1,1,1,1,2,1,2,1,0
SF,IH2009,2020-01-20 09:31:15.300,3084.2000,1,0,925260.000,0,-,-,-,-,3070.2000,3069.4000,3068.0000,3060.4000,3052.4000,3080.2000,3082.8000,3277.0000,3368.8000,0.0000,2,1,1,1,1,2,1,2,1,0
SF,IH2009,2020-01-20 09:31:19.300,3084.2000,1,0,925260.000,0,-,-,-,-,3070.6000,3070.2000,3069.4000,3068.0000,3060.4000,3080.2000,3082.8000,3277.0000,3368.8000,0.0000,1,2,1,1,1,2,1,2,1,0
SF,IH2009,2020-01-20 09:31:20.800,3084.2000,1,0,925260.000,0,-,-,-,-,3070.6000,3070.2000,3069.4000,3068.0000,3060.4000,3080.0000,3080.2000,3082.8000,3277.0000,3368.8000,1,2,1,1,1,1,2,1,2,1
SF,IH2009,2020-01-20 09:31:21.800,3084.2000,1,0,925260.000,0,-,-,-,-,3071.2000,3070.6000,3068.0000,3060.4000,3052.4000,3080.0000,3080.2000,3082.8000,3277.0000,3368.8000,1,1,1,1,1,1,2,1,2,1
SF,IH2009,2020-01-20 09:31:22.800,3084.2000,1,0,925260.000,0,-,-,-,-,3071.2000,3068.0000,3060.4000,3052.4000,3030.0000,3080.0000,3080.2000,3082.8000,3277.0000,3368.8000,1,1,1,1,1,1,2,1,2,1
SF,IH2009,2020-01-20 09:31:23.300,3084.2000,1,0,925260.000,0,-,-,-,-,3071.2000,3068.0000,3060.4000,3052.4000,3030.0000,3080.2000,3082.8000,3277.0000,3368.8000,0.0000,1,1,1,1,1,2,1,2,1,0
SF,IH2009,2020-01-20 09:31:25.300,3084.2000,1,0,925260.000,0,-,-,-,-,3071.8000,3071.2000,3068.0000,3060.4000,3052.4000,3080.2000,3082.8000,3277.0000,3368.8000,0.0000,1,1,1,1,1,2,1,2,1,0
SF,IH2009,2020-01-20 09:31:28.300,3084.2000,1,0,925260.000,0,-,-,-,-,3072.2000,3071.8000,3068.0000,3060.4000,3052.4000,3080.2000,3082.8000,3277.0000,3368.8000,0.0000,1,1,1,1,1,2,1,2,1,0
SF,IH2009,2020-01-20 09:31:29.300,3084.2000,1,0,925260.000,0,-,-,-,-,3073.2000,3072.2000,3068.0000,3060.4000,3052.4000,3080.2000,3082.8000,3277.0000,3368.8000,0.0000,1,1,1,1,1,2,1,2,1,0
SF,IH2009,2020-01-20 09:31:29.800,3084.2000,1,0,925260.000,0,-,-,-,-,3073.2000,3072.2000,3068.0000,3060.4000,3052.4000,3080.2000,3088.6000,3277.0000,3368.8000,0.0000,1,1,1,1,1,2,1,2,1,0
SF,IH2009,2020-01-20 09:31:30.300,3084.2000,1,0,925260.000,0,-,-,-,-,3073.2000,3072.2000,3068.0000,3060.4000,3052.4000,3080.2000,3088.6000,3277.0000,3368.8000,0.0000,1,1,1,1,1,2,1,2,1,0
SF,IH2009,2020-01-20 09:31:30.800,3084.2000,1,0,925260.000,0,-,-,-,-,3073.2000,3072.2000,3068.0000,3060.4000,3052.4000,3078.4000,3080.2000,3088.6000,3277.0000,3368.8000,1,1,1,1,1,2,2,1,2,1
SF,IH2009,2020-01-20 09:31:31.300,3084.2000,1,0,925260.000,0,-,-,-,-,3073.6000,3073.2000,3068.0000,3060.4000,3052.4000,3078.4000,3080.2000,3088.6000,3277.0000,3368.8000,1,1,1,1,1,2,2,1,2,1
SF,IH2009,2020-01-20 09:31:32.300,3084.2000,1,0,925260.000,0,-,-,-,-,3073.6000,3068.0000,3060.4000,3052.4000,3030.0000,3078.4000,3080.2000,3088.6000,3277.0000,3368.8000,1,1,1,1,1,2,2,1,2,1
SF,IH2009,2020-01-20 09:31:34.800,3084.2000,1,0,925260.000,0,-,-,-,-,3073.6000,3068.0000,3060.4000,3052.4000,3030.0000,3078.4000,3080.2000,3088.6000,3143.6000,3277.0000,1,1,1,1,1,2,2,1,1,2
SF,IH2009,2020-01-20 09:31:40.300,3084.2000,1,0,925260.000,0,-,-,-,-,3074.0000,3073.6000,3068.0000,3060.4000,3052.4000,3078.4000,3080.2000,3088.6000,3143.6000,3277.0000,1,1,1,1,1,2,2,1,1,2
SF,IH2009,2020-01-20 09:31:44.300,3084.2000,1,0,925260.000,0,-,-,-,-,3074.2000,3074.0000,3068.0000,3060.4000,3052.4000,3078.4000,3080.2000,3088.6000,3143.6000,3277.0000,1,1,1,1,1,2,2,1,1,2
SF,IH2009,2020-01-20 09:31:45.800,3084.2000,1,0,925260.000,0,-,-,-,-,3074.2000,3068.0000,3060.4000,3052.4000,3030.0000,3078.4000,3080.2000,3088.6000,3143.6000,3277.0000,1,1,1,1,1,2,2,1,1,2
SF,IH2009,2020-01-20 09:31:47.300,3084.2000,1,0,925260.000,0,-,-,-,-,3074.4000,3074.2000,3068.0000,3060.4000,3052.4000,3078.4000,3080.2000,3088.6000,3143.6000,3277.0000,1,1,1,1,1,2,2,1,1,2
SF,IH2009,2020-01-20 09:31:48.800,3084.2000,1,0,925260.000,0,-,-,-,-,3074.6000,3074.4000,3068.0000,3060.4000,3052.4000,3078.4000,3080.2000,3088.6000,3143.6000,3277.0000,1,1,1,1,1,2,2,1,1,2
SF,IH2009,2020-01-20 09:31:49.300,3084.2000,1,0,925260.000,0,-,-,-,-,3074.6000,3068.0000,3060.4000,3052.4000,3030.0000,3078.4000,3080.2000,3088.6000,3143.6000,3277.0000,1,1,1,1,1,2,2,1,1,2
SF,IH2009,2020-01-20 09:31:50.300,3084.2000,1,0,925260.000,0,-,-,-,-,3068.0000,3060.4000,3052.4000,3030.0000,3015.6000,3078.4000,3080.2000,3088.6000,3143.6000,3277.0000,1,1,1,1,1,2,2,1,1,2
SF,IH2009,2020-01-20 09:31:50.800,3084.2000,1,0,925260.000,0,-,-,-,-,3068.2000,3068.0000,3060.4000,3052.4000,3030.0000,3078.4000,3080.2000,3088.6000,3143.6000,3277.0000,1,1,1,1,1,2,2,1,1,2
SF,IH2009,2020-01-20 09:31:51.800,3084.2000,1,0,925260.000,0,-,-,-,-,3069.4000,3068.2000,3068.0000,3060.4000,3052.4000,3078.4000,3080.2000,3088.6000,3143.6000,3277.0000,1,1,1,1,1,2,2,1,1,2
SF,IH2009,2020-01-20 09:31:55.800,3084.2000,1,0,925260.000,0,-,-,-,-,3069.6000,3069.4000,3068.0000,3060.4000,3052.4000,3078.4000,3080.2000,3088.6000,3143.6000,3277.0000,1,1,1,1,1,2,2,1,1,2
SF,IH2009,2020-01-20 09:31:56.800,3084.2000,1,0,925260.000,0,-,-,-,-,3069.8000,3069.6000,3069.4000,3068.0000,3060.4000,3078.4000,3080.2000,3088.6000,3143.6000,3277.0000,1,1,1,1,1,2,2,1,1,2
SF,IH2009,2020-01-20 09:31:57.300,3084.2000,1,0,925260.000,0,-,-,-,-,3070.0000,3069.8000,3069.6000,3068.0000,3060.4000,3078.4000,3080.2000,3088.6000,3143.6000,3277.0000,1,1,1,1,1,2,2,1,1,2
SF,IH2009,2020-01-20 09:31:58.300,3084.2000,1,0,925260.000,0,-,-,-,-,3071.0000,3070.0000,3069.8000,3069.6000,3068.0000,3078.4000,3080.2000,3088.6000,3143.6000,3277.0000,2,1,1,1,1,2,2,1,1,2
SF,IH2009,2020-01-20 09:31:58.800,3084.2000,1,0,925260.000,0,-,-,-,-,3071.0000,3070.0000,3068.0000,3060.4000,3052.4000,3078.4000,3080.2000,3088.6000,3143.6000,3277.0000,2,1,1,1,1,2,2,1,1,2
SF,IH2009,2020-01-20 09:31:59.300,3084.2000,1,0,925260.000,0,-,-,-,-,3071.4000,3071.0000,3070.0000,3068.0000,3060.4000,3078.4000,3080.2000,3088.6000,3143.6000,3277.0000,1,2,1,1,1,2,2,1,1,2
SF,IH2009,2020-01-20 09:32:00.300,3084.2000,1,0,925260.000,0,-,-,-,-,3071.4000,3070.0000,3068.0000,3060.4000,3052.4000,3078.4000,3080.2000,3088.6000,3143.6000,3277.0000,1,1,1,1,1,2,2,1,1,2
SF,IH2009,2020-01-20 09:32:00.800,3084.2000,1,0,925260.000,0,-,-,-,-,3072.0000,3071.4000,3068.0000,3060.4000,3052.4000,3078.4000,3080.2000,3088.6000,3143.6000,3277.0000,1,1,1,1,1,2,2,1,1,2
SF,IH2009,2020-01-20 09:32:01.800,3084.2000,1,0,925260.000,0,-,-,-,-,3072.0000,3068.0000,3060.4000,3052.4000,3030.0000,3078.4000,3080.2000,3088.6000,3143.6000,3277.0000,1,1,1,1,1,2,2,1,1,2
SF,IH2009,2020-01-20 09:32:02.300,3084.2000,1,0,925260.000,0,-,-,-,-,3072.4000,3072.0000,3068.0000,3060.4000,3052.4000,3078.4000,3080.2000,3088.6000,3143.6000,3277.0000,1,1,1,1,1,2,2,1,1,2
SF,IH2009,2020-01-20 09:32:03.300,3084.2000,1,0,925260.000,0,-,-,-,-,3072.4000,3072.0000,3068.0000,3060.4000,3052.4000,3077.6000,3078.4000,3080.2000,3088.6000,3143.6000,1,1,1,1,1,1,2,2,1,1
SF,IH2009,2020-01-20 09:32:05.300,3084.2000,1,0,925260.000,0,-,-,-,-,3072.4000,3072.0000,3068.0000,3060.4000,3052.4000,3076.6000,3077.6000,3078.4000,3080.2000,3088.6000,1,1,1,1,1,1,1,2,2,1
SF,IH2009,2020-01-20 09:32:06.300,3084.2000,1,0,925260.000,0,-,-,-,-,3068.0000,3060.4000,3052.4000,3030.0000,3015.6000,3076.6000,3077.6000,3078.4000,3080.2000,3088.6000,1,1,1,1,1,1,1,2,2,1
SF,IH2009,2020-01-20 09:32:07.800,3084.2000,1,0,925260.000,0,-,-,-,-,3068.4000,3068.0000,3060.4000,3052.4000,3030.0000,3076.6000,3077.6000,3078.4000,3080.2000,3088.6000,1,1,1,1,1,1,1,2,2,1
SF,IH2009,2020-01-20 09:32:08.300,3084.2000,1,0,925260.000,0,-,-,-,-,3068.4000,3060.4000,3052.4000,3030.0000,3015.6000,3076.6000,3077.6000,3078.4000,3080.2000,3088.6000,1,1,1,1,1,1,1,2,2,1
SF,IH2009,2020-01-20 09:32:08.800,3084.2000,1,0,925260.000,0,-,-,-,-,3068.4000,3060.4000,3052.4000,3030.0000,3015.6000,3076.6000,3078.4000,3080.2000,3088.6000,3143.6000,1,1,1,1,1,1,2,2,1,1
SF,IH2009,2020-01-20 09:32:09.300,3084.2000,1,0,925260.000,0,-,-,-,-,3068.6000,3068.4000,3060.4000,3052.4000,3030.0000,3076.6000,3078.4000,3080.2000,3088.6000,3143.6000,1,1,1,1,1,1,2,2,1,1
SF,IH2009,2020-01-20 09:32:12.300,3084.2000,1,0,925260.000,0,-,-,-,-,3069.4000,3068.6000,3060.4000,3052.4000,3030.0000,3076.6000,3078.4000,3080.2000,3088.6000,3143.6000,1,1,1,1,1,1,2,2,1,1
SF,IH2009,2020-01-20 09:32:13.300,3084.2000,1,0,925260.000,0,-,-,-,-,3069.4000,3060.4000,3052.4000,3030.0000,3015.6000,3076.6000,3078.4000,3080.2000,3088.6000,3143.6000,1,1,1,1,1,1,2,2,1,1
SF,IH2009,2020-01-20 09:32:15.300,3084.2000,1,0,925260.000,0,-,-,-,-,3070.0000,3069.4000,3060.4000,3052.4000,3030.0000,3076.6000,3078.4000,3080.2000,3088.6000,3143.6000,1,1,1,1,1,1,2,2,1,1
SF,IH2009,2020-01-20 09:32:16.800,3084.2000,1,0,925260.000,0,-,-,-,-,3070.0000,3069.4000,3060.4000,3052.4000,3030.0000,3078.4000,3080.2000,3082.6000,3088.6000,3143.6000,1,1,1,1,1,2,2,1,1,1
SF,IH2009,2020-01-20 09:32:17.300,3084.2000,1,0,925260.000,0,-,-,-,-,3070.0000,3069.4000,3060.4000,3052.4000,3030.0000,3076.0000,3078.4000,3080.2000,3082.6000,3088.6000,1,1,1,1,1,2,2,2,1,1
SF,IH2009,2020-01-20 09:32:18.300,3084.2000,1,0,925260.000,0,-,-,-,-,3070.6000,3070.0000,3060.4000,3052.4000,3030.0000,3076.0000,3078.4000,3080.2000,3082.6000,3088.6000,1,1,1,1,1,2,2,2,1,1
SF,IH2009,2020-01-20 09:32:19.300,3084.2000,1,0,925260.000,0,-,-,-,-,3070.6000,3060.4000,3052.4000,3030.0000,3015.6000,3076.0000,3078.4000,3080.2000,3082.6000,3088.6000,1,1,1,1,1,2,2,2,1,1
SF,IH2009,2020-01-20 09:32:19.800,3084.2000,1,0,925260.000,0,-,-,-,-,3070.8000,3070.6000,3060.4000,3052.4000,3030.0000,3076.0000,3078.4000,3080.2000,3082.6000,3088.6000,1,1,1,1,1,2,2,2,1,1
SF,IH2009,2020-01-20 09:32:20.300,3084.2000,1,0,925260.000,0,-,-,-,-,3071.2000,3070.8000,3060.4000,3052.4000,3030.0000,3076.0000,3078.4000,3080.2000,3082.6000,3088.6000,1,1,1,1,1,2,2,2,1,1
SF,IH2009,2020-01-20 09:32:21.300,3084.2000,1,0,925260.000,0,-,-,-,-,3071.2000,3060.4000,3052.4000,3030.0000,3015.6000,3076.0000,3078.4000,3080.2000,3082.6000,3088.6000,1,1,1,1,1,2,2,2,1,1
SF,IH2009,2020-01-20 09:32:22.800,3071.2000,1,0,1846620.000,1,0,1,多换,S,3060.4000,3052.4000,3030.0000,3015.6000,2848.2000,3076.0000,3078.4000,3080.2000,3082.6000,3088.6000,1,1,1,1,1,2,2,2,1,1
SF,IH2009,2020-01-20 09:32:23.300,3071.2000,1,0,1846620.000,0,-,-,-,-,3062.4000,3060.6000,3060.4000,3052.4000,3030.0000,3076.0000,3078.4000,3080.2000,3082.6000,3088.6000,1,2,1,1,1,2,2,2,1,1
SF,IH2009,2020-01-20 09:32:23.800,3071.2000,1,0,1846620.000,0,-,-,-,-,3062.6000,3062.4000,3060.6000,3060.4000,3052.4000,3076.0000,3078.4000,3080.2000,3082.6000,3088.6000,1,1,2,1,1,2,2,2,1,1
SF,IH2009,2020-01-20 09:32:24.800,3071.2000,1,0,1846620.000,0,-,-,-,-,3067.8000,3064.2000,3062.6000,3062.4000,3060.6000,3076.0000,3078.4000,3080.2000,3082.6000,3088.6000,1,1,1,1,2,2,2,2,1,1
SF,IH2009,2020-01-20 09:32:25.300,3071.2000,1,0,1846620.000,0,-,-,-,-,3067.8000,3064.2000,3062.6000,3062.4000,3060.6000,3076.0000,3078.4000,3080.2000,3082.6000,3088.6000,1,2,1,1,2,2,2,2,1,1
SF,IH2009,2020-01-20 09:32:25.800,3071.2000,1,0,1846620.000,0,-,-,-,-,3068.6000,3067.8000,3064.2000,3062.6000,3062.4000,3076.0000,3078.4000,3080.2000,3082.6000,3088.6000,1,1,2,1,1,2,2,2,1,1
SF,IH2009,2020-01-20 09:32:26.300,3071.2000,1,0,1846620.000,0,-,-,-,-,3068.6000,3067.8000,3064.2000,3062.6000,3060.6000,3076.0000,3078.4000,3080.2000,3082.6000,3088.6000,1,1,2,1,2,2,2,2,1,1
SF,IH2009,2020-01-20 09:32:26.800,3071.2000,1,0,1846620.000,0,-,-,-,-,3068.6000,3067.8000,3064.2000,3062.6000,3060.6000,3075.6000,3076.0000,3078.4000,3088.6000,3143.6000,1,1,2,1,2,1,2,2,1,1
SF,IH2009,2020-01-20 09:32:27.300,3071.2000,1,0,1846620.000,0,-,-,-,-,3068.6000,3064.2000,3062.6000,3060.6000,3052.4000,3075.6000,3076.0000,3078.4000,3088.6000,3143.6000,1,2,1,2,1,1,2,2,1,1
SF,IH2009,2020-01-20 09:32:27.800,3071.2000,1,0,1846620.000,0,-,-,-,-,3069.2000,3068.6000,3064.2000,3062.6000,3060.6000,3075.6000,3076.0000,3078.4000,3088.6000,3143.6000,1,1,2,1,2,1,2,2,1,1
SF,IH2009,2020-01-20 09:32:28.800,3071.2000,1,0,1846620.000,0,-,-,-,-,3070.2000,3069.2000,3064.2000,3062.6000,3060.6000,3075.6000,3076.0000,3078.4000,3088.6000,3143.6000,1,1,2,1,2,1,2,2,1,1
SF,IH2009,2020-01-20 09:32:29.800,3071.2000,1,0,1846620.000,0,-,-,-,-,3070.2000,3064.2000,3062.6000,3060.6000,3052.4000,3075.6000,3076.0000,3078.4000,3088.6000,3143.6000,1,2,1,2,1,1,2,2,1,1
SF,IH2009,2020-01-20 09:32:30.300,3071.2000,1,0,1846620.000,0,-,-,-,-,3070.6000,3070.2000,3064.2000,3062.6000,3060.6000,3075.6000,3076.0000,3078.4000,3088.6000,3143.6000,1,1,2,1,2,1,2,2,1,1
SF,IH2009,2020-01-20 09:32:31.300,3071.2000,1,0,1846620.000,0,-,-,-,-,3071.0000,3070.6000,3064.2000,3062.6000,3060.6000,3075.6000,3076.0000,3078.4000,3088.6000,3143.6000,1,1,1,1,2,1,2,2,1,1
SF,IH2009,2020-01-20 09:32:31.800,3071.2000,1,0,1846620.000,0,-,-,-,-,3071.0000,3070.8000,3070.6000,3064.2000,3062.6000,3075.6000,3076.0000,3078.4000,3088.6000,3143.6000,1,1,1,1,1,1,2,2,1,1
SF,IH2009,2020-01-20 09:32:32.300,3071.2000,1,0,1846620.000,0,-,-,-,-,3071.4000,3071.0000,3064.2000,3062.6000,3060.6000,3075.6000,3076.0000,3078.4000,3088.6000,3143.6000,1,1,1,1,2,1,2,2,1,1
SF,IH2009,2020-01-20 09:32:32.800,3071.2000,1,0,1846620.000,0,-,-,-,-,3071.4000,3071.0000,3064.2000,3062.6000,3060.6000,3075.6000,3076.0000,3078.4000,3088.6000,3143.6000,2,1,1,1,2,1,2,2,1,1
SF,IH2009,2020-01-20 09:32:33.300,3071.2000,1,0,1846620.000,0,-,-,-,-,3071.4000,3064.2000,3062.6000,3060.6000,3052.4000,3075.6000,3076.0000,3078.4000,3088.6000,3143.6000,2,1,1,2,1,1,2,2,1,1
SF,IH2009,2020-01-20 09:32:33.800,3071.2000,1,0,1846620.000,0,-,-,-,-,3071.8000,3071.4000,3064.2000,3062.6000,3060.6000,3075.6000,3076.0000,3078.4000,3088.6000,3143.6000,1,2,1,1,2,1,2,2,1,1
SF,IH2009,2020-01-20 09:32:34.300,3071.2000,1,0,1846620.000,0,-,-,-,-,3071.8000,3071.4000,3064.2000,3062.6000,3060.6000,3075.6000,3076.0000,3078.4000,3088.6000,3143.6000,2,2,1,1,2,1,2,2,1,1
SF,IH2009,2020-01-20 09:32:34.800,3071.2000,1,0,1846620.000,0,-,-,-,-,3071.8000,3071.4000,3064.2000,3062.6000,3060.6000,3075.6000,3076.0000,3078.4000,3088.6000,3143.6000,2,1,1,1,2,1,2,2,1,1
SF,IH2009,2020-01-20 09:32:35.800,3071.2000,1,0,1846620.000,0,-,-,-,-,3072.2000,3071.8000,3071.4000,3064.2000,3062.6000,3075.6000,3076.0000,3078.4000,3088.6000,3143.6000,1,1,1,1,1,1,2,2,1,1
SF,IH2009,2020-01-20 09:32:37.300,3071.2000,1,0,1846620.000,0,-,-,-,-,3072.2000,3071.8000,3071.4000,3064.2000,3062.6000,3075.6000,3076.0000,3088.6000,3143.6000,3277.0000,1,1,1,1,1,1,2,1,1,2
SF,IH2009,2020-01-20 09:32:37.800,3071.2000,1,0,1846620.000,0,-,-,-,-,3072.2000,3071.4000,3064.2000,3062.6000,3060.6000,3076.0000,3088.6000,3143.6000,3277.0000,3368.8000,1,1,1,1,2,2,1,1,2,1
SF,IH2009,2020-01-20 09:32:43.800,3071.2000,1,0,1846620.000,0,-,-,-,-,3072.2000,3064.2000,3062.6000,3060.6000,3052.4000,3076.0000,3088.6000,3143.6000,3277.0000,3368.8000,1,1,1,2,1,2,1,1,2,1
SF,IH2009,2020-01-20 09:32:44.800,3071.2000,1,0,1846620.000,0,-,-,-,-,3073.0000,3072.2000,3064.2000,3062.6000,3060.6000,3076.0000,3088.6000,3143.6000,3277.0000,3368.8000,1,1,1,1,2,2,1,1,2,1
SF,IH2009,2020-01-20 09:32:51.300,3073.0000,2,1,2768520.000,1,1,0,双开,S,3072.2000,3064.2000,3062.6000,3060.6000,3052.4000,3076.0000,3088.6000,3143.6000,3277.0000,3368.8000,1,1,1,2,1,2,1,1,2,1
SF,IH2009,2020-01-20 09:32:52.800,3073.0000,2,0,2768520.000,0,-,-,-,-,3064.2000,3062.6000,3060.6000,3052.4000,3030.0000,3074.0000,3076.0000,3088.6000,3143.6000,3277.0000,1,1,2,1,1,2,2,1,1,2
SF,IH2009,2020-01-20 09:32:54.300,3073.0000,2,0,2768520.000,0,-,-,-,-,3066.4000,3064.2000,3062.6000,3060.6000,3052.4000,3074.0000,3075.4000,3076.0000,3088.6000,3143.6000,1,1,1,2,1,2,1,2,1,1
SF,IH2009,2020-01-20 09:32:54.800,3073.0000,2,0,2768520.000,0,-,-,-,-,3066.4000,3065.8000,3064.2000,3062.6000,3060.6000,3074.0000,3075.4000,3076.0000,3088.6000,3143.6000,1,1,1,1,2,2,1,2,1,1
SF,IH2009,2020-01-20 09:32:55.300,3073.0000,2,0,2768520.000,0,-,-,-,-,3068.8000,3068.0000,3067.2000,3066.4000,3064.2000,3074.0000,3075.4000,3076.0000,3088.6000,3143.6000,1,1,1,1,1,2,1,2,1,1
SF,IH2009,2020-01-20 09:32:55.800,3073.0000,2,0,2768520.000,0,-,-,-,-,3068.8000,3068.0000,3067.2000,3066.4000,3064.2000,3074.0000,3075.4000,3088.6000,3143.6000,3277.0000,1,1,1,1,1,2,1,1,1,2
SF,IH2009,2020-01-20 09:32:58.300,3073.0000,2,0,2768520.000,0,-,-,-,-,3069.2000,3068.8000,3068.0000,3067.2000,3066.4000,3074.0000,3075.4000,3088.6000,3143.6000,3277.0000,1,1,1,1,1,2,1,1,1,2
SF,IH2009,2020-01-20 09:32:58.800,3073.0000,2,0,2768520.000,0,-,-,-,-,3069.2000,3068.8000,3068.0000,3067.2000,3066.4000,3074.0000,3075.4000,3088.6000,3143.6000,3277.0000,1,1,1,1,1,2,1,1,1,2
SF,IH2009,2020-01-20 09:33:00.300,3073.0000,2,0,2768520.000,0,-,-,-,-,3069.4000,3069.2000,3068.0000,3067.2000,3066.4000,3074.0000,3075.4000,3088.6000,3143.6000,3277.0000,1,1,1,1,1,2,1,1,1,2
SF,IH2009,2020-01-20 09:33:01.300,3073.0000,2,0,2768520.000,0,-,-,-,-,3069.4000,3068.0000,3067.2000,3066.4000,3064.2000,3074.0000,3075.4000,3088.6000,3143.6000,3277.0000,1,1,1,1,1,2,1,1,1,2
SF,IH2009,2020-01-20 09:33:08.800,3073.0000,2,0,2768520.000,0,-,-,-,-,3069.8000,3069.4000,3068.0000,3066.4000,3064.2000,3074.0000,3075.4000,3088.6000,3143.6000,3277.0000,1,1,1,1,1,2,1,1,1,2
SF,IH2009,2020-01-20 09:33:10.800,3073.0000,2,0,2768520.000,0,-,-,-,-,3069.8000,3069.4000,3068.0000,3066.4000,3064.2000,3073.8000,3074.0000,3075.4000,3088.6000,3143.6000,1,1,1,1,1,1,2,1,1,1
SF,IH2009,2020-01-20 09:33:15.800,3073.0000,2,0,2768520.000,0,-,-,-,-,3069.8000,3068.0000,3066.4000,3064.2000,3060.6000,3073.8000,3074.0000,3075.4000,3088.6000,3143.6000,1,1,1,1,1,1,2,1,1,1
SF,IH2009,2020-01-20 09:33:16.800,3073.0000,2,0,2768520.000,0,-,-,-,-,3069.8000,3066.4000,3064.2000,3060.6000,3052.4000,3073.8000,3074.0000,3075.4000,3088.6000,3143.6000,1,1,1,1,1,1,2,1,1,1
SF,IH2009,2020-01-20 09:33:26.300,3073.8000,3,1,3690660.000,1,1,0,双开,S,3069.8000,3066.4000,3064.2000,3060.6000,3052.4000,3074.0000,3075.4000,3088.6000,3143.6000,3277.0000,1,1,1,1,1,2,1,1,1,2
SF,IH2009,2020-01-20 09:33:28.800,3073.8000,3,0,3690660.000,0,-,-,-,-,3070.0000,3069.8000,3066.4000,3064.2000,3060.6000,3074.0000,3075.4000,3088.6000,3143.6000,3277.0000,1,1,1,1,1,2,1,1,1,2
SF,IH2009,2020-01-20 09:33:31.800,3073.8000,3,0,3690660.000,0,-,-,-,-,3070.0000,3069.8000,3066.4000,3064.2000,3060.6000,3073.8000,3074.0000,3075.4000,3088.6000,3143.6000,1,1,1,1,1,1,2,1,1,1
SF,IH2009,2020-01-20 09:33:32.300,3073.8000,3,0,3690660.000,0,-,-,-,-,3070.0000,3069.8000,3066.4000,3064.2000,3060.6000,3073.8000,3074.0000,3075.4000,3143.6000,3277.0000,1,1,1,1,1,2,2,1,1,2
SF,IH2009,2020-01-20 09:33:33.300,3073.8000,3,0,3690660.000,0,-,-,-,-,3070.0000,3069.8000,3066.4000,3064.2000,3060.6000,3073.6000,3073.8000,3074.0000,3075.4000,3143.6000,1,1,1,1,1,1,1,2,1,1
SF,IH2009,2020-01-20 09:33:35.300,3073.8000,3,0,3690660.000,0,-,-,-,-,3070.0000,3066.4000,3064.2000,3060.6000,3052.4000,3073.4000,3073.6000,3074.0000,3075.4000,3143.6000,1,1,1,1,1,1,1,2,1,1
SF,IH2009,2020-01-20 09:33:36.800,3073.8000,3,0,3690660.000,0,-,-,-,-,3070.0000,3066.4000,3064.2000,3060.6000,3052.4000,3073.4000,3074.0000,3075.4000,3082.4000,3143.6000,1,1,1,1,1,1,2,1,1,1
SF,IH2009,2020-01-20 09:33:37.800,3073.8000,3,0,3690660.000,0,-,-,-,-,3066.4000,3064.2000,3060.6000,3052.4000,3030.0000,3073.4000,3074.0000,3075.4000,3082.4000,3143.6000,1,1,1,1,1,1,2,1,1,1
SF,IH2009,2020-01-20 09:33:39.300,3073.4000,4,1,4612680.000,1,1,0,双开,S,3066.6000,3066.4000,3064.2000,3060.6000,3052.4000,3074.0000,3075.4000,3082.4000,3143.6000,3277.0000,1,1,1,1,1,2,1,1,1,2
SF,IH2009,2020-01-20 09:33:40.800,3073.4000,4,0,4612680.000,0,-,-,-,-,3067.8000,3066.6000,3066.4000,3064.2000,3060.6000,3074.0000,3075.4000,3082.4000,3143.6000,3277.0000,1,1,1,1,1,2,1,1,1,2
SF,IH2009,2020-01-20 09:33:41.300,3073.4000,4,0,4612680.000,0,-,-,-,-,3067.8000,3066.6000,3066.4000,3060.6000,3058.0000,3074.0000,3075.4000,3082.4000,3143.6000,3277.0000,1,1,1,1,1,2,1,1,1,2
SF,IH2009,2020-01-20 09:33:41.800,3073.4000,4,0,4612680.000,0,-,-,-,-,3069.6000,3067.8000,3066.4000,3060.6000,3058.0000,3074.0000,3075.4000,3082.4000,3143.6000,3277.0000,1,1,1,1,1,2,1,1,1,2
SF,IH2009,2020-01-20 09:33:42.300,3073.4000,4,0,4612680.000,0,-,-,-,-,3069.6000,3067.8000,3066.4000,3060.6000,3058.0000,3073.8000,3074.0000,3075.4000,3082.4000,3143.6000,1,1,1,1,1,1,2,1,1,1
SF,IH2009,2020-01-20 09:33:43.800,3073.4000,4,0,4612680.000,0,-,-,-,-,3069.6000,3066.4000,3060.6000,3058.0000,3052.4000,3073.8000,3074.0000,3075.4000,3082.4000,3143.6000,1,1,1,1,1,1,2,1,1,1
SF,IH2009,2020-01-20 09:33:47.300,3073.4000,4,0,4612680.000,0,-,-,-,-,3069.6000,3066.4000,3060.6000,3058.0000,3052.4000,3073.6000,3073.8000,3074.0000,3075.4000,3082.4000,1,1,1,1,1,1,1,2,1,1
SF,IH2009,2020-01-20 09:33:48.300,3073.4000,4,0,4612680.000,0,-,-,-,-,3069.6000,3066.4000,3060.6000,3058.0000,3052.4000,3073.6000,3074.0000,3075.4000,3082.4000,3143.6000,1,1,1,1,1,1,2,1,1,1
SF,IH2009,2020-01-20 09:33:51.300,3073.4000,4,0,4612680.000,0,-,-,-,-,3069.8000,3066.4000,3060.6000,3058.0000,3052.4000,3073.6000,3074.0000,3075.4000,3082.4000,3143.6000,1,1,1,1,1,1,2,1,1,1
SF,IH2009,2020-01-20 09:33:51.800,3073.4000,4,0,4612680.000,0,-,-,-,-,3070.0000,3069.8000,3066.4000,3060.6000,3058.0000,3072.4000,3073.6000,3074.0000,3075.4000,3082.4000,1,1,1,1,1,4,1,2,1,1
SF,IH2009,2020-01-20 09:33:52.300,3073.4000,4,0,4612680.000,0,-,-,-,-,3070.0000,3069.8000,3066.4000,3060.6000,3058.0000,3072.4000,3073.0000,3073.6000,3074.0000,3075.4000,1,1,1,1,1,4,2,1,2,1
SF,IH2009,2020-01-20 09:33:54.800,3073.4000,4,0,4612680.000,0,-,-,-,-,3070.0000,3066.4000,3060.6000,3058.0000,3052.4000,3072.4000,3073.0000,3073.6000,3074.0000,3075.4000,1,1,1,1,1,4,2,1,2,1
SF,IH2009,2020-01-20 09:33:57.300,3073.4000,4,0,4612680.000,0,-,-,-,-,3070.0000,3066.4000,3060.6000,3058.0000,3052.4000,3072.4000,3073.0000,3073.6000,3074.0000,3075.4000,1,1,1,1,1,4,2,1,2,1
SF,IH2009,2020-01-20 09:33:58.300,3073.4000,4,0,4612680.000,0,-,-,-,-,3070.0000,3066.4000,3060.6000,3058.0000,3052.4000,3072.2000,3072.4000,3073.0000,3074.0000,3075.4000,1,1,1,1,1,1,4,2,2,1
SF,IH2009,2020-01-20 09:34:01.300,3070.0000,5,1,5533680.000,1,1,0,双开,S,3066.4000,3060.6000,3058.0000,3052.4000,3030.0000,3070.0000,3072.2000,3072.4000,3073.0000,3074.0000,1,1,1,1,1,1,1,4,2,2
SF,IH2009,2020-01-20 09:34:01.800,3070.0000,6,1,6454680.000,1,1,0,双开,S,3066.4000,3060.6000,3058.0000,3052.4000,3030.0000,3072.2000,3072.4000,3073.0000,3074.0000,3075.4000,1,1,1,1,1,1,4,2,2,1
SF,IH2009,2020-01-20 09:34:02.800,3070.0000,6,0,6454680.000,0,-,-,-,-,3067.6000,3066.4000,3060.6000,3058.0000,3052.4000,3072.2000,3072.4000,3073.0000,3074.0000,3075.4000,1,1,1,1,1,1,4,2,2,1
SF,IH2009,2020-01-20 09:34:04.800,3070.0000,6,0,6454680.000,0,-,-,-,-,3068.2000,3068.0000,3067.6000,3066.4000,3060.6000,3072.2000,3072.4000,3073.0000,3074.0000,3075.4000,1,1,1,1,1,1,4,2,2,1
SF,IH2009,2020-01-20 09:34:05.800,3070.0000,6,0,6454680.000,0,-,-,-,-,3069.4000,3068.8000,3068.2000,3060.6000,3058.0000,3072.2000,3072.4000,3073.0000,3074.0000,3075.4000,1,1,1,1,1,1,4,2,2,1
SF,IH2009,2020-01-20 09:34:06.800,3070.0000,6,0,6454680.000,0,-,-,-,-,3070.0000,3069.6000,3069.4000,3060.6000,3058.0000,3072.4000,3073.0000,3074.0000,3075.4000,3082.4000,2,1,1,1,1,4,2,2,1,1
SF,IH2009,2020-01-20 09:34:07.300,3070.0000,6,0,6454680.000,0,-,-,-,-,3070.0000,3069.6000,3069.4000,3060.6000,3058.0000,3072.4000,3073.0000,3074.0000,3075.4000,3082.4000,3,1,1,1,1,4,2,2,1,1
SF,IH2009,2020-01-20 09:34:07.800,3070.0000,6,0,6454680.000,0,-,-,-,-,3070.0000,3069.4000,3060.6000,3058.0000,3052.4000,3072.4000,3073.0000,3075.4000,3082.4000,3143.6000,3,1,1,1,1,4,2,1,1,1
SF,IH2009,2020-01-20 09:34:08.300,3070.0000,6,0,6454680.000,0,-,-,-,-,3070.2000,3070.0000,3060.6000,3058.0000,3052.4000,3072.4000,3073.0000,3075.4000,3082.4000,3143.6000,1,3,1,1,1,4,2,1,1,1
SF,IH2009,2020-01-20 09:34:08.800,3070.0000,6,0,6454680.000,0,-,-,-,-,3070.2000,3070.0000,3060.6000,3058.0000,3052.4000,3072.4000,3073.0000,3075.4000,3082.4000,3143.6000,1,2,1,1,1,4,2,1,1,1
SF,IH2009,2020-01-20 09:34:09.800,3070.0000,6,0,6454680.000,0,-,-,-,-,3070.0000,3060.6000,3058.0000,3052.4000,3030.0000,3072.4000,3073.0000,3075.4000,3082.4000,3143.6000,2,1,1,1,1,4,2,1,1,1
SF,IH2009,2020-01-20 09:34:12.300,3070.0000,6,0,6454680.000,0,-,-,-,-,3070.0000,3060.6000,3058.0000,3052.4000,3030.0000,3072.2000,3072.4000,3073.0000,3075.4000,3082.4000,2,1,1,1,1,1,4,2,1,1
SF,IH2009,2020-01-20 09:34:13.800,3070.0000,6,0,6454680.000,0,-,-,-,-,3070.0000,3060.6000,3058.0000,3052.4000,3030.0000,3072.2000,3072.4000,3073.0000,3075.4000,3082.4000,1,1,1,1,1,1,4,2,1,1
SF,IH2009,2020-01-20 09:34:14.800,3070.0000,7,1,7375680.000,1,1,0,双开,S,3060.6000,3058.0000,3052.4000,3030.0000,3015.6000,3072.2000,3072.4000,3073.0000,3075.4000,3082.4000,1,1,1,1,1,1,4,2,1,1
SF,IH2009,2020-01-20 09:34:15.300,3070.0000,7,0,7375680.000,0,-,-,-,-,3063.4000,3060.8000,3060.6000,3058.0000,3052.4000,3072.2000,3072.4000,3073.0000,3075.4000,3082.4000,3,2,1,1,1,1,4,2,1,1
SF,IH2009,2020-01-20 09:34:15.800,3070.0000,7,0,7375680.000,0,-,-,-,-,3063.6000,3063.4000,3060.8000,3060.6000,3058.0000,3072.4000,3073.0000,3075.4000,3082.4000,3143.6000,1,3,2,1,1,4,2,1,1,1
SF,IH2009,2020-01-20 09:34:16.300,3070.0000,7,0,7375680.000,0,-,-,-,-,3067.8000,3063.6000,3063.4000,3060.8000,3060.6000,3072.4000,3073.0000,3075.4000,3082.4000,3143.6000,1,1,3,1,1,4,2,1,1,1
SF,IH2009,2020-01-20 09:34:16.800,3070.0000,7,0,7375680.000,0,-,-,-,-,3067.8000,3066.4000,3065.2000,3064.4000,3063.6000,3072.4000,3073.0000,3075.4000,3082.4000,3143.6000,1,1,2,1,1,4,2,1,1,1
SF,IH2009,2020-01-20 09:34:17.300,3070.0000,7,0,7375680.000,0,-,-,-,-,3068.6000,3068.2000,3067.8000,3063.6000,3063.4000,3072.4000,3073.0000,3075.4000,3082.4000,3143.6000,1,3,1,1,3,4,2,1,1,1
SF,IH2009,2020-01-20 09:34:17.800,3070.0000,7,0,7375680.000,0,-,-,-,-,3068.6000,3068.4000,3068.2000,3067.8000,3063.6000,3072.4000,3073.0000,3075.4000,3082.4000,3143.6000,3,1,3,1,1,4,2,1,1,1
SF,IH2009,2020-01-20 09:34:18.300,3070.0000,7,0,7375680.000,0,-,-,-,-,3069.0000,3068.6000,3068.4000,3068.2000,3067.8000,3072.4000,3073.0000,3075.4000,3082.4000,3143.6000,2,3,1,2,1,4,2,1,1,1
SF,IH2009,2020-01-20 09:34:18.800,3070.0000,7,0,7375680.000,0,-,-,-,-,3069.4000,3069.0000,3068.6000,3068.4000,3068.2000,3072.4000,3073.0000,3075.4000,3082.4000,3143.6000,1,2,2,1,2,4,2,1,1,1
SF,IH2009,2020-01-20 09:34:19.300,3070.0000,7,0,7375680.000,0,-,-,-,-,3069.8000,3069.4000,3069.0000,3068.4000,3068.2000,3072.4000,3073.0000,3075.4000,3082.4000,3143.6000,1,1,2,1,2,4,2,1,1,1
SF,IH2009,2020-01-20 09:34:19.800,3070.0000,7,0,7375680.000,0,-,-,-,-,3069.8000,3069.4000,3069.0000,3068.4000,3068.2000,3072.4000,3073.0000,3075.4000,3082.4000,3143.6000,1,1,2,1,1,4,2,1,1,1
SF,IH2009,2020-01-20 09:34:20.300,3070.0000,7,0,7375680.000,0,-,-,-,-,3070.2000,3069.8000,3069.0000,3068.4000,3067.8000,3072.4000,3073.0000,3075.4000,3082.4000,3143.6000,1,2,2,1,1,4,2,1,1,1
SF,IH2009,2020-01-20 09:34:20.800,3070.0000,7,0,7375680.000,0,-,-,-,-,3070.2000,3070.0000,3069.8000,3069.0000,3068.4000,3072.4000,3073.0000,3075.4000,3082.4000,3143.6000,1,1,1,2,1,4,2,1,1,1
SF,IH2009,2020-01-20 09:34:21.300,3070.0000,7,0,7375680.000,0,-,-,-,-,3070.4000,3070.2000,3070.0000,3069.0000,3068.4000,3072.4000,3073.0000,3075.4000,3082.4000,3143.6000,1,1,1,1,1,4,2,1,1,1
SF,IH2009,2020-01-20 09:34:21.800,3070.0000,7,0,7375680.000,0,-,-,-,-,3070.6000,3070.4000,3070.2000,3070.0000,3069.0000,3072.4000,3073.0000,3075.4000,3082.4000,3143.6000,1,1,1,1,1,4,2,1,1,1
SF,IH2009,2020-01-20 09:34:22.300,3070.0000,7,0,7375680.000,0,-,-,-,-,3070.6000,3070.4000,3070.2000,3069.0000,3068.4000,3072.4000,3073.0000,3075.4000,3082.4000,3143.6000,1,1,1,1,1,4,2,1,1,1
SF,IH2009,2020-01-20 09:34:22.800,3070.2000,8,1,8296740.000,1,1,0,双开,S,3070.4000,3070.2000,3069.0000,3068.4000,3067.8000,3072.4000,3073.0000,3075.4000,3082.4000,3143.6000,1,1,1,1,1,4,2,1,1,1
SF,IH2009,2020-01-20 09:34:23.300,3070.2000,8,0,8296740.000,0,-,-,-,-,3070.4000,3069.0000,3068.4000,3067.8000,3066.6000,3072.4000,3073.0000,3075.4000,3082.4000,3143.6000,1,1,1,1,1,4,2,1,1,1
SF,IH2009,2020-01-20 09:34:23.800,3070.2000,8,0,8296740.000,0,-,-,-,-,3070.4000,3069.0000,3068.4000,3067.8000,3066.6000,3072.4000,3073.0000,3075.4000,3082.4000,3143.6000,2,1,1,1,1,4,2,1,1,1
SF,IH2009,2020-01-20 09:34:24.300,3070.2000,9,1,9217800.000,1,1,0,双开,S,3070.4000,3066.6000,3063.4000,3060.6000,3052.4000,3071.8000,3072.4000,3073.0000,3075.4000,3082.4000,2,1,3,1,1,1,4,2,1,1
SF,IH2009,2020-01-20 09:34:25.300,3070.2000,10,1,10138860.000,1,1,0,双开,S,3070.4000,3066.6000,3063.4000,3060.6000,3052.4000,3071.8000,3072.4000,3073.0000,3075.4000,3082.4000,1,1,3,1,1,1,4,2,1,1
SF,IH2009,2020-01-20 09:34:26.800,3070.2000,11,1,11059920.000,1,1,0,双开,S,3066.6000,3063.4000,3060.6000,3052.4000,3030.0000,3071.8000,3072.4000,3073.0000,3075.4000,3082.4000,1,3,1,1,1,1,4,2,1,1
SF,IH2009,2020-01-20 09:34:28.300,3070.2000,11,0,11059920.000,0,-,-,-,-,3067.8000,3067.6000,3063.4000,3060.6000,3052.4000,3071.8000,3072.4000,3073.0000,3075.4000,3082.4000,1,1,3,1,1,1,4,2,1,1
SF,IH2009,2020-01-20 09:34:28.800,3070.2000,11,0,11059920.000,0,-,-,-,-,3067.8000,3067.6000,3067.2000,3067.0000,3066.8000,3070.4000,3071.8000,3072.4000,3073.0000,3075.4000,1,1,1,1,1,2,1,4,2,1
SF,IH2009,2020-01-20 09:34:29.300,3070.2000,11,0,11059920.000,0,-,-,-,-,3068.0000,3067.8000,3067.6000,3067.0000,3066.8000,3070.4000,3071.8000,3072.4000,3073.0000,3075.4000,1,1,1,1,1,2,1,4,2,1
SF,IH2009,2020-01-20 09:34:29.800,3070.2000,11,0,11059920.000,0,-,-,-,-,3068.0000,3067.8000,3066.8000,3063.4000,3060.6000,3070.4000,3071.8000,3072.4000,3073.0000,3075.4000,2,1,1,3,1,2,1,4,2,1
SF,IH2009,2020-01-20 09:34:30.300,3070.2000,11,0,11059920.000,0,-,-,-,-,3068.4000,3068.0000,3066.8000,3063.4000,3060.6000,3070.4000,3071.8000,3072.4000,3073.0000,3075.4000,1,2,1,3,1,2,1,4,2,1
SF,IH2009,2020-01-20 09:34:30.800,3070.2000,11,0,11059920.000,0,-,-,-,-,3068.4000,3068.0000,3066.8000,3063.4000,3060.6000,3070.4000,3072.4000,3073.0000,3075.4000,3082.4000,1,2,1,3,1,2,4,2,1,1
SF,IH2009,2020-01-20 09:34:31.800,3070.2000,11,0,11059920.000,0,-,-,-,-,3068.4000,3066.8000,3063.4000,3060.6000,3052.4000,3070.4000,3072.4000,3073.0000,3075.4000,3082.4000,1,1,3,1,1,2,4,2,1,1
SF,IH2009,2020-01-20 09:34:32.300,3070.2000,11,0,11059920.000,0,-,-,-,-,3068.4000,3066.8000,3063.4000,3060.6000,3052.4000,3070.4000,3072.4000,3075.4000,3082.4000,3143.6000,1,1,3,1,1,2,4,1,1,1
SF,IH2009,2020-01-20 09:34:32.800,3070.2000,11,0,11059920.000,0,-,-,-,-,3066.8000,3065.6000,3063.4000,3060.6000,3052.4000,3070.4000,3072.4000,3075.4000,3082.4000,3143.6000,1,1,3,1,1,2,4,1,1,1
SF,IH2009,2020-01-20 09:34:33.300,3070.2000,11,0,11059920.000,0,-,-,-,-,3065.6000,3063.4000,3060.6000,3052.4000,3030.0000,3070.4000,3072.4000,3075.4000,3082.4000,3143.6000,1,3,1,1,1,2,4,1,1,1
SF,IH2009,2020-01-20 09:34:33.800,3070.2000,11,0,11059920.000,0,-,-,-,-,3067.6000,3063.4000,3060.6000,3052.4000,3030.0000,3070.4000,3072.4000,3075.4000,3082.4000,3143.6000,1,3,1,1,1,2,4,1,1,1
SF,IH2009,2020-01-20 09:34:35.300,3070.2000,11,0,11059920.000,0,-,-,-,-,3067.8000,3067.6000,3063.4000,3060.6000,3052.4000,3070.4000,3072.4000,3075.4000,3082.4000,3143.6000,1,1,3,1,1,2,4,1,1,1
SF,IH2009,2020-01-20 09:34:36.300,3070.2000,11,0,11059920.000,0,-,-,-,-,3067.8000,3063.4000,3060.6000,3052.4000,3030.0000,3070.4000,3072.4000,3075.4000,3082.4000,3143.6000,1,3,1,1,1,2,4,1,1,1
SF,IH2009,2020-01-20 09:34:36.800,3070.2000,11,0,11059920.000,0,-,-,-,-,3067.8000,3065.6000,3063.4000,3060.6000,3052.4000,3070.4000,3072.4000,3073.6000,3075.4000,3082.4000,1,1,3,1,1,2,4,1,1,1
SF,IH2009,2020-01-20 09:34:37.300,3067.8000,12,1,11980260.000,1,1,0,双开,S,3065.6000,3063.4000,3060.6000,3052.4000,3030.0000,3070.4000,3072.4000,3073.6000,3075.4000,3082.4000,1,3,1,1,1,2,4,1,1,1
SF,IH2009,2020-01-20 09:34:37.800,3067.8000,12,0,11980260.000,0,-,-,-,-,3065.6000,3063.4000,3060.6000,3052.4000,3030.0000,3067.4000,3070.4000,3072.4000,3073.6000,3075.4000,1,3,1,1,1,1,2,4,1,1
SF,IH2009,2020-01-20 09:34:38.300,3067.8000,12,0,11980260.000,0,-,-,-,-,3065.6000,3052.4000,3030.0000,3015.6000,2848.2000,3067.4000,3069.8000,3070.4000,3072.4000,3075.4000,1,1,1,1,1,1,1,2,4,1
SF,IH2009,2020-01-20 09:34:39.300,3067.8000,12,0,11980260.000,0,-,-,-,-,3065.6000,3060.2000,3052.4000,3030.0000,3015.6000,3067.4000,3069.8000,3070.4000,3072.4000,3075.4000,1,1,1,1,1,1,1,2,4,1
SF,IH2009,2020-01-20 09:34:40.300,3067.8000,12,0,11980260.000,0,-,-,-,-,3065.6000,3060.6000,3060.2000,3052.4000,3030.0000,3067.4000,3069.8000,3070.4000,3072.4000,3075.4000,1,1,1,1,1,1,1,2,4,1
SF,IH2009,2020-01-20 09:34:40.800,3067.8000,12,0,11980260.000,0,-,-,-,-,3062.8000,3060.6000,3060.2000,3052.4000,3030.0000,3067.4000,3069.8000,3070.4000,3072.4000,3075.4000,1,1,1,1,1,1,1,2,4,1
SF,IH2009,2020-01-20 09:34:41.300,3067.8000,12,0,11980260.000,0,-,-,-,-,3062.8000,3060.6000,3060.2000,3052.4000,3030.0000,3067.4000,3069.8000,3070.4000,3072.4000,3075.4000,4,1,1,1,1,1,1,2,4,1
SF,IH2009,2020-01-20 09:34:41.800,3067.8000,12,0,11980260.000,0,-,-,-,-,3063.4000,3063.2000,3062.8000,3060.6000,3052.4000,3067.4000,3069.8000,3070.4000,3072.4000,3075.4000,1,1,4,1,1,1,1,2,4,1
SF,IH2009,2020-01-20 09:34:42.300,3067.8000,12,0,11980260.000,0,-,-,-,-,3064.2000,3063.8000,3063.4000,3063.2000,3062.8000,3067.4000,3069.8000,3070.4000,3072.4000,3075.4000,1,1,1,1,3,1,1,2,4,1
SF,IH2009,2020-01-20 09:34:42.800,3067.8000,12,0,11980260.000,0,-,-,-,-,3064.2000,3063.8000,3063.4000,3062.8000,3060.6000,3067.4000,3069.8000,3070.4000,3072.4000,3075.4000,1,2,1,3,1,1,1,2,4,1
SF,IH2009,2020-01-20 09:34:43.300,3067.8000,12,0,11980260.000,0,-,-,-,-,3064.8000,3064.6000,3064.2000,3063.8000,3063.4000,3067.4000,3069.8000,3070.4000,3072.4000,3075.4000,1,1,1,1,1,1,1,2,4,1
SF,IH2009,2020-01-20 09:34:43.800,3067.8000,12,0,11980260.000,0,-,-,-,-,3065.2000,3064.8000,3064.6000,3064.2000,3063.4000,3067.4000,3069.8000,3070.4000,3072.4000,3075.4000,1,1,1,1,1,1,1,2,4,1
SF,IH2009,2020-01-20 09:34:44.300,3067.8000,12,0,11980260.000,0,-,-,-,-,3065.4000,3065.2000,3064.8000,3064.2000,3063.4000,3067.4000,3069.8000,3070.4000,3072.4000,3075.4000,1,2,1,1,1,1,1,2,4,1
SF,IH2009,2020-01-20 09:34:44.800,3067.8000,12,0,11980260.000,0,-,-,-,-,3065.6000,3065.4000,3065.2000,3064.2000,3063.4000,3067.4000,3069.8000,3070.4000,3072.4000,3075.4000,1,1,1,1,1,1,1,2,4,1
SF,IH2009,2020-01-20 09:34:45.300,3067.8000,12,0,11980260.000,0,-,-,-,-,3065.6000,3065.4000,3065.2000,3064.2000,3060.6000,3067.4000,3069.8000,3070.4000,3072.4000,3075.4000,1,1,1,1,1,1,1,2,4,1
SF,IH2009,2020-01-20 09:34:45.800,3067.8000,12,0,11980260.000,0,-,-,-,-,3065.4000,3065.2000,3064.2000,3060.6000,3052.4000,3067.4000,3069.8000,3070.4000,3072.4000,3075.4000,1,1,1,1,1,1,1,2,4,1
SF,IH2009,2020-01-20 09:34:46.300,3067.8000,12,0,11980260.000,0,-,-,-,-,3065.8000,3065.4000,3064.2000,3060.6000,3052.4000,3067.4000,3069.8000,3070.4000,3072.4000,3075.4000,1,1,1,1,1,1,1,2,4,1
SF,IH2009,2020-01-20 09:34:46.800,3067.8000,12,0,11980260.000,0,-,-,-,-,3065.8000,3065.4000,3060.6000,3052.4000,3030.0000,3067.4000,3069.8000,3070.4000,3072.4000,3075.4000,1,2,1,1,1,1,1,2,4,1
SF,IH2009,2020-01-20 09:34:47.800,3067.8000,12,0,11980260.000,0,-,-,-,-,3065.8000,3065.4000,3060.6000,3052.4000,3030.0000,3067.4000,3069.8000,3070.4000,3072.4000,3075.4000,1,1,1,1,1,1,1,2,4,1
SF,IH2009,2020-01-20 09:34:48.800,3065.8000,13,1,12900000.000,1,1,0,双开,S,3065.4000,3060.6000,3052.4000,3030.0000,3015.6000,3067.4000,3069.8000,3070.4000,3072.4000,3075.4000,1,1,1,1,1,1,1,2,4,1
SF,IH2009,2020-01-20 09:34:49.300,3065.8000,13,0,12900000.000,0,-,-,-,-,3065.4000,3060.6000,3052.4000,3030.0000,3015.6000,3067.4000,3069.8000,3070.4000,3072.4000,3075.4000,1,1,1,1,1,1,1,2,4,1
SF,IH2009,2020-01-20 09:34:53.300,3065.8000,13,0,12900000.000,0,-,-,-,-,3066.0000,3065.4000,3060.6000,3052.4000,3030.0000,3067.4000,3069.8000,3070.4000,3072.4000,3075.4000,1,1,1,1,1,1,1,2,4,1
SF,IH2009,2020-01-20 09:34:53.800,3065.8000,13,0,12900000.000,0,-,-,-,-,3066.0000,3065.8000,3065.4000,3060.6000,3052.4000,3067.4000,3069.8000,3070.4000,3072.4000,3075.4000,1,1,1,1,1,1,1,2,4,1
SF,IH2009,2020-01-20 09:34:54.300,3065.8000,13,0,12900000.000,0,-,-,-,-,3066.2000,3066.0000,3060.6000,3052.4000,3030.0000,3067.4000,3069.8000,3070.4000,3072.4000,3075.4000,1,1,1,1,1,1,1,2,4,1
SF,IH2009,2020-01-20 09:34:55.800,3065.8000,13,0,12900000.000,0,-,-,-,-,3066.2000,3066.0000,3060.6000,3052.4000,3030.0000,3067.4000,3069.8000,3070.4000,3072.4000,3074.2000,1,1,1,1,1,1,1,2,4,5
SF,IH2009,2020-01-20 09:34:56.300,3065.8000,13,0,12900000.000,0,-,-,-,-,3066.0000,3060.6000,3052.4000,3030.0000,3015.6000,3067.4000,3069.8000,3070.4000,3072.4000,3074.2000,1,1,1,1,1,1,1,2,4,5
SF,IH2009,2020-01-20 09:34:59.300,3065.8000,13,0,12900000.000,0,-,-,-,-,3060.6000,3052.4000,3030.0000,3015.6000,2848.2000,3067.4000,3069.8000,3070.4000,3072.4000,3074.2000,1,1,1,1,1,1,1,2,4,5
SF,IH2009,2020-01-20 09:34:59.800,3065.8000,13,0,12900000.000,0,-,-,-,-,3060.8000,3060.6000,3052.4000,3030.0000,3015.6000,3067.4000,3069.8000,3070.4000,3072.4000,3074.2000,3,1,1,1,1,1,1,2,4,5
SF,IH2009,2020-01-20 09:35:00.300,3065.8000,13,0,12900000.000,0,-,-,-,-,3062.8000,3060.8000,3060.6000,3052.4000,3030.0000,3067.4000,3069.8000,3070.4000,3072.4000,3074.2000,1,3,1,1,1,1,1,2,4,5
SF,IH2009,2020-01-20 09:35:00.800,3065.8000,13,0,12900000.000,0,-,-,-,-,3062.8000,3062.0000,3060.8000,3060.6000,3052.4000,3067.4000,3069.8000,3070.4000,3072.4000,3074.2000,1,1,3,1,1,1,1,2,4,5
SF,IH2009,2020-01-20 09:35:01.300,3065.8000,13,0,12900000.000,0,-,-,-,-,3063.4000,3062.8000,3060.8000,3060.6000,3052.4000,3067.4000,3069.8000,3070.4000,3072.4000,3074.2000,1,1,3,1,1,1,1,2,4,5
SF,IH2009,2020-01-20 09:35:03.300,3065.8000,13,0,12900000.000,0,-,-,-,-,3063.4000,3062.8000,3060.6000,3052.4000,3030.0000,3067.4000,3069.8000,3070.4000,3072.4000,3074.2000,1,1,1,1,1,1,1,2,4,5
SF,IH2009,2020-01-20 09:35:06.300,3067.4000,14,1,13820220.000,1,1,0,双开,S,3063.4000,3062.8000,3060.6000,3052.4000,3030.0000,3069.8000,3070.4000,3072.4000,3074.2000,3075.4000,1,1,1,1,1,1,2,4,5,1
SF,IH2009,2020-01-20 09:35:07.800,3067.4000,14,0,13820220.000,0,-,-,-,-,3063.4000,3062.8000,3060.6000,3052.4000,3030.0000,3069.0000,3069.6000,3069.8000,3070.4000,3072.4000,1,1,1,1,1,1,1,1,2,4
SF,IH2009,2020-01-20 09:35:08.300,3067.4000,14,0,13820220.000,0,-,-,-,-,3063.4000,3062.8000,3060.6000,3052.4000,3030.0000,3068.4000,3069.0000,3069.6000,3070.4000,3072.4000,1,1,1,1,1,1,1,1,2,4
SF,IH2009,2020-01-20 09:35:08.800,3067.4000,14,0,13820220.000,0,-,-,-,-,3063.4000,3062.8000,3060.6000,3052.4000,3030.0000,3068.0000,3068.4000,3068.6000,3070.4000,3072.4000,1,1,1,1,1,1,1,1,2,4
SF,IH2009,2020-01-20 09:35:09.300,3067.4000,14,0,13820220.000,0,-,-,-,-,3063.4000,3062.8000,3060.6000,3052.4000,3030.0000,3068.0000,3068.4000,3070.4000,3072.4000,3074.2000,1,1,1,1,1,2,1,2,4,5
SF,IH2009,2020-01-20 09:35:09.800,3067.4000,14,0,13820220.000,0,-,-,-,-,3063.4000,3060.6000,3052.4000,3030.0000,3015.6000,3068.0000,3068.4000,3070.4000,3072.4000,3074.2000,1,1,1,1,1,2,1,2,4,5
SF,IH2009,2020-01-20 09:35:10.300,3067.4000,14,0,13820220.000,0,-,-,-,-,3063.4000,3060.6000,3052.4000,3030.0000,3015.6000,3067.4000,3068.0000,3070.4000,3072.4000,3074.2000,1,1,1,1,1,1,1,2,4,5
SF,IH2009,2020-01-20 09:35:10.800,3067.4000,14,0,13820220.000,0,-,-,-,-,3063.4000,3060.6000,3052.4000,3030.0000,3015.6000,3067.4000,3067.6000,3068.0000,3070.4000,3072.4000,1,1,1,1,1,1,1,1,2,4
SF,IH2009,2020-01-20 09:35:11.300,3067.4000,14,0,13820220.000,0,-,-,-,-,3063.6000,3060.6000,3052.4000,3030.0000,3015.6000,3067.4000,3067.6000,3070.4000,3072.4000,3074.2000,1,1,1,1,1,1,1,2,4,5
SF,IH2009,2020-01-20 09:35:11.800,3067.4000,14,0,13820220.000,0,-,-,-,-,3060.6000,3052.4000,3030.0000,3015.6000,2848.2000,3067.4000,3067.6000,3070.4000,3072.4000,3074.2000,1,1,1,1,1,1,1,2,4,5
SF,IH2009,2020-01-20 09:35:12.800,3067.4000,14,0,13820220.000,0,-,-,-,-,3060.6000,3052.4000,3030.0000,3015.6000,2848.2000,3066.8000,3067.4000,3067.6000,3070.4000,3072.4000,1,1,1,1,1,1,1,1,2,4
SF,IH2009,2020-01-20 09:35:13.300,3067.4000,14,0,13820220.000,0,-,-,-,-,3061.4000,3061.2000,3061.0000,3060.6000,3052.4000,3066.8000,3067.4000,3067.6000,3070.4000,3072.4000,1,1,1,1,1,1,1,1,2,4
SF,IH2009,2020-01-20 09:35:13.800,3067.4000,14,0,13820220.000,0,-,-,-,-,3061.4000,3061.2000,3061.0000,3060.6000,3052.4000,3066.6000,3066.8000,3067.6000,3070.4000,3072.4000,2,2,1,1,1,1,1,1,2,4
SF,IH2009,2020-01-20 09:35:14.800,3067.4000,14,0,13820220.000,0,-,-,-,-,3061.6000,3061.4000,3060.6000,3052.4000,3030.0000,3066.4000,3066.6000,3067.6000,3070.4000,3072.4000,1,2,1,1,1,1,1,1,2,4
SF,IH2009,2020-01-20 09:35:15.300,3067.4000,14,0,13820220.000,0,-,-,-,-,3061.6000,3061.4000,3060.6000,3052.4000,3030.0000,3066.2000,3066.4000,3070.4000,3072.4000,3074.2000,1,1,1,1,1,2,1,2,4,5
SF,IH2009,2020-01-20 09:35:15.800,3067.4000,14,0,13820220.000,0,-,-,-,-,3062.0000,3061.6000,3061.4000,3060.6000,3052.4000,3066.2000,3066.4000,3070.4000,3072.4000,3074.2000,1,1,1,1,1,2,1,2,4,5
SF,IH2009,2020-01-20 09:35:16.300,3067.4000,14,0,13820220.000,0,-,-,-,-,3062.0000,3061.6000,3061.4000,3060.6000,3052.4000,3066.2000,3070.4000,3072.4000,3074.2000,3075.4000,1,1,1,1,1,2,2,4,5,1
SF,IH2009,2020-01-20 09:35:18.300,3067.4000,14,0,13820220.000,0,-,-,-,-,3062.4000,3062.0000,3061.6000,3061.4000,3060.6000,3070.4000,3072.4000,3074.2000,3075.4000,3143.6000,1,1,1,1,1,2,4,5,1,1
SF,IH2009,2020-01-20 09:35:19.300,3067.4000,14,0,13820220.000,0,-,-,-,-,3062.4000,3062.0000,3061.6000,3060.6000,3052.4000,3066.6000,3070.4000,3072.4000,3074.2000,3075.4000,1,1,1,1,1,1,2,4,5,1
SF,IH2009,2020-01-20 09:35:19.800,3067.4000,14,0,13820220.000,0,-,-,-,-,3063.4000,3062.4000,3062.0000,3060.6000,3052.4000,3066.6000,3068.4000,3070.4000,3072.4000,3074.2000,1,1,1,1,1,1,1,2,4,5
SF,IH2009,2020-01-20 09:35:20.800,3067.4000,14,0,13820220.000,0,-,-,-,-,3063.4000,3062.0000,3060.6000,3052.4000,3030.0000,3066.6000,3068.4000,3070.4000,3072.4000,3074.2000,1,1,1,1,1,1,1,2,4,5
SF,IH2009,2020-01-20 09:35:22.300,3067.4000,14,0,13820220.000,0,-,-,-,-,3063.4000,3062.0000,3060.6000,3052.4000,3030.0000,3068.4000,3070.4000,3072.4000,3074.2000,3075.4000,1,1,1,1,1,1,2,4,5,1
SF,IH2009,2020-01-20 09:35:24.800,3067.4000,14,0,13820220.000,0,-,-,-,-,3063.6000,3063.4000,3062.0000,3060.6000,3052.4000,3068.4000,3070.4000,3072.4000,3074.2000,3075.4000,1,1,1,1,1,1,2,4,5,1
SF,IH2009,2020-01-20 09:35:25.800,3067.4000,14,0,13820220.000,0,-,-,-,-,3063.6000,3062.0000,3060.6000,3052.4000,3030.0000,3067.0000,3068.4000,3070.4000,3072.4000,3074.2000,1,1,1,1,1,2,1,2,4,5
SF,IH2009,2020-01-20 09:35:27.800,3067.4000,14,0,13820220.000,0,-,-,-,-,3062.0000,3060.6000,3052.4000,3030.0000,3015.6000,3067.0000,3068.4000,3070.4000,3072.4000,3074.2000,1,1,1,1,1,2,1,2,4,5
SF,IH2009,2020-01-20 09:35:30.300,3067.4000,14,0,13820220.000,0,-,-,-,-,3062.0000,3060.6000,3055.2000,3052.4000,3030.0000,3067.0000,3068.4000,3070.4000,3072.4000,3074.2000,1,1,5,1,1,2,1,2,4,5
SF,IH2009,2020-01-20 09:35:30.800,3067.4000,14,0,13820220.000,0,-,-,-,-,3062.2000,3062.0000,3060.6000,3055.2000,3052.4000,3067.0000,3068.4000,3070.4000,3072.4000,3074.2000,1,1,1,5,1,2,1,2,4,5
SF,IH2009,2020-01-20 09:35:31.300,3067.4000,14,0,13820220.000,0,-,-,-,-,3062.2000,3062.0000,3060.6000,3055.2000,3052.4000,3066.6000,3067.0000,3068.4000,3072.4000,3074.2000,1,1,1,5,1,1,2,1,4,5
SF,IH2009,2020-01-20 09:35:33.300,3067.4000,14,0,13820220.000,0,-,-,-,-,3062.4000,3062.2000,3062.0000,3060.6000,3055.2000,3066.6000,3067.0000,3068.4000,3072.4000,3074.2000,1,1,1,1,5,1,2,1,4,5
SF,IH2009,2020-01-20 09:35:33.800,3067.4000,14,0,13820220.000,0,-,-,-,-,3062.4000,3062.2000,3062.0000,3060.6000,3052.4000,3066.6000,3067.0000,3068.4000,3072.4000,3074.2000,1,1,1,1,1,1,2,1,4,5
SF,IH2009,2020-01-20 09:35:39.300,3067.4000,14,0,13820220.000,0,-,-,-,-,3062.4000,3062.2000,3062.0000,3060.6000,3052.4000,3067.0000,3068.4000,3068.8000,3072.4000,3074.2000,1,1,1,1,1,2,1,1,4,5
SF,IH2009,2020-01-20 09:35:40.800,3067.4000,14,0,13820220.000,0,-,-,-,-,3062.4000,3062.0000,3060.6000,3052.4000,3051.4000,3067.0000,3068.4000,3068.8000,3072.4000,3074.2000,1,1,1,1,5,2,1,1,4,5
SF,IH2009,2020-01-20 09:35:41.300,3067.4000,14,0,13820220.000,0,-,-,-,-,3063.4000,3062.4000,3062.0000,3060.6000,3052.4000,3067.0000,3068.4000,3068.8000,3072.4000,3074.2000,1,1,1,1,1,2,1,1,4,5
SF,IH2009,2020-01-20 09:35:41.800,3067.4000,14,0,13820220.000,0,-,-,-,-,3063.4000,3062.0000,3052.4000,3051.4000,3030.0000,3066.8000,3067.0000,3068.8000,3072.4000,3074.2000,1,1,1,5,1,1,2,1,4,5
SF,IH2009,2020-01-20 09:35:44.300,3067.4000,14,0,13820220.000,0,-,-,-,-,3063.4000,3062.0000,3052.4000,3051.4000,3030.0000,3066.6000,3066.8000,3067.0000,3068.8000,3072.4000,1,1,1,5,1,1,1,2,1,4
SF,IH2009,2020-01-20 09:35:47.800,3067.4000,14,0,13820220.000,0,-,-,-,-,3063.4000,3062.0000,3052.4000,3051.4000,3030.0000,3066.6000,3066.8000,3067.0000,3072.4000,3073.8000,1,1,1,5,1,1,1,2,4,1
SF,IH2009,2020-01-20 09:35:49.800,3067.4000,14,0,13820220.000,0,-,-,-,-,3062.0000,3052.4000,3051.4000,3030.0000,3015.6000,3066.6000,3066.8000,3067.0000,3072.4000,3073.8000,1,1,5,1,1,1,1,2,4,1
SF,IH2009,2020-01-20 09:35:51.800,3067.4000,14,0,13820220.000,0,-,-,-,-,3062.8000,3062.0000,3052.4000,3051.4000,3030.0000,3066.6000,3066.8000,3067.0000,3072.4000,3073.8000,1,1,1,5,1,1,1,2,4,1
SF,IH2009,2020-01-20 09:35:52.300,3067.4000,14,0,13820220.000,0,-,-,-,-,3062.8000,3062.0000,3052.4000,3051.4000,3030.0000,3066.8000,3067.0000,3072.4000,3073.8000,3074.2000,1,1,1,5,1,1,2,4,1,5
SF,IH2009,2020-01-20 09:35:53.300,3067.4000,14,0,13820220.000,0,-,-,-,-,3062.8000,3062.0000,3052.4000,3051.4000,3030.0000,3067.0000,3072.4000,3073.8000,3074.2000,3075.4000,1,1,1,5,1,2,4,1,5,1
SF,IH2009,2020-01-20 09:35:53.800,3067.4000,14,0,13820220.000,0,-,-,-,-,3062.8000,3062.0000,3052.4000,3051.4000,3030.0000,3067.0000,3070.2000,3072.4000,3073.8000,3074.2000,1,1,1,5,1,2,1,4,1,5
SF,IH2009,2020-01-20 09:35:55.800,3067.4000,14,0,13820220.000,0,-,-,-,-,3062.8000,3062.0000,3052.4000,3051.4000,3030.0000,3067.0000,3072.4000,3073.8000,3074.2000,3075.4000,1,1,1,5,1,2,4,1,5,1
SF,IH2009,2020-01-20 09:35:58.800,3067.4000,14,0,13820220.000,0,-,-,-,-,3063.2000,3062.8000,3052.4000,3051.4000,3030.0000,3067.0000,3072.4000,3073.8000,3074.2000,3075.4000,1,1,1,5,1,2,4,1,5,1
SF,IH2009,2020-01-20 09:36:04.800,3067.4000,14,0,13820220.000,0,-,-,-,-,3062.8000,3057.4000,3052.4000,3051.4000,3030.0000,3067.0000,3072.4000,3073.8000,3074.2000,3075.4000,1,1,1,5,1,2,4,1,5,1
SF,IH2009,2020-01-20 09:36:05.800,3067.4000,14,0,13820220.000,0,-,-,-,-,3057.4000,3052.4000,3051.4000,3030.0000,3015.6000,3067.0000,3072.4000,3073.8000,3074.2000,3075.4000,1,1,5,1,1,2,4,1,5,1
SF,IH2009,2020-01-20 09:36:07.800,3067.4000,14,0,13820220.000,0,-,-,-,-,3058.8000,3057.4000,3052.4000,3051.4000,3030.0000,3067.0000,3072.4000,3073.8000,3074.2000,3075.4000,1,1,1,5,1,2,4,1,5,1
SF,IH2009,2020-01-20 09:36:08.300,3067.4000,14,0,13820220.000,0,-,-,-,-,3058.8000,3057.4000,3052.4000,3051.4000,3030.0000,3066.8000,3067.0000,3072.4000,3073.8000,3074.2000,1,1,1,5,1,1,2,4,1,5
SF,IH2009,2020-01-20 09:36:10.300,3067.4000,14,0,13820220.000,0,-,-,-,-,3059.0000,3058.8000,3057.4000,3052.4000,3051.4000,3066.8000,3067.0000,3072.4000,3073.8000,3074.2000,1,1,1,1,5,1,2,4,1,5
SF,IH2009,2020-01-20 09:36:10.800,3067.4000,14,0,13820220.000,0,-,-,-,-,3059.0000,3058.8000,3057.4000,3052.4000,3051.4000,3066.8000,3067.0000,3072.4000,3073.8000,3074.2000,1,1,1,1,5,1,2,4,1,5
SF,IH2009,2020-01-20 09:36:11.800,3067.4000,14,0,13820220.000,0,-,-,-,-,3058.8000,3057.4000,3052.4000,3051.4000,3030.0000,3066.8000,3067.0000,3072.4000,3073.8000,3074.2000,1,1,1,5,1,1,2,4,1,5
SF,IH2009,2020-01-20 09:36:13.800,3067.4000,14,0,13820220.000,0,-,-,-,-,3058.8000,3052.4000,3051.4000,3030.0000,3015.6000,3066.8000,3067.0000,3072.4000,3073.8000,3074.2000,1,1,5,1,1,1,2,4,1,5
SF,IH2009,2020-01-20 09:36:14.300,3067.4000,14,0,13820220.000,0,-,-,-,-,3052.4000,3051.4000,3030.0000,3015.6000,2848.2000,3066.6000,3066.8000,3067.0000,3072.4000,3073.8000,1,5,1,1,1,1,1,2,4,1
SF,IH2009,2020-01-20 09:36:14.800,3067.4000,14,0,13820220.000,0,-,-,-,-,3054.4000,3052.6000,3052.4000,3051.4000,3030.0000,3066.6000,3066.8000,3067.0000,3072.4000,3073.8000,1,1,1,5,1,1,1,2,4,1
SF,IH2009,2020-01-20 09:36:15.300,3067.4000,14,0,13820220.000,0,-,-,-,-,3054.6000,3054.4000,3052.6000,3052.4000,3051.4000,3066.6000,3066.8000,3067.0000,3072.4000,3073.8000,1,1,1,1,5,1,1,2,4,1
SF,IH2009,2020-01-20 09:36:15.800,3067.4000,14,0,13820220.000,0,-,-,-,-,3057.2000,3054.6000,3054.4000,3052.6000,3052.4000,3066.6000,3066.8000,3067.0000,3072.4000,3073.8000,1,1,1,1,1,1,1,2,4,1
SF,IH2009,2020-01-20 09:36:16.300,3067.4000,14,0,13820220.000,0,-,-,-,-,3057.4000,3057.2000,3057.0000,3054.6000,3054.4000,3066.6000,3066.8000,3067.0000,3072.4000,3073.8000,1,1,1,1,1,1,1,2,4,1
SF,IH2009,2020-01-20 09:36:16.800,3067.4000,14,0,13820220.000,0,-,-,-,-,3058.4000,3058.2000,3057.4000,3057.0000,3054.6000,3066.6000,3066.8000,3067.0000,3072.4000,3073.8000,2,1,1,1,1,1,1,2,4,1
SF,IH2009,2020-01-20 09:36:18.300,3067.4000,14,0,13820220.000,0,-,-,-,-,3059.4000,3058.4000,3058.2000,3057.4000,3057.0000,3066.6000,3066.8000,3067.0000,3072.4000,3073.8000,1,2,1,1,1,1,1,2,4,1
SF,IH2009,2020-01-20 09:36:18.800,3067.4000,14,0,13820220.000,0,-,-,-,-,3059.4000,3058.4000,3058.2000,3057.4000,3057.0000,3066.6000,3066.8000,3067.0000,3072.4000,3073.8000,1,2,1,1,1,1,1,2,4,1
SF,IH2009,2020-01-20 09:36:19.300,3067.4000,14,0,13820220.000,0,-,-,-,-,3059.6000,3059.4000,3058.4000,3057.4000,3057.0000,3066.6000,3066.8000,3067.0000,3072.4000,3073.8000,1,1,2,1,1,1,1,2,4,1
SF,IH2009,2020-01-20 09:36:19.800,3067.4000,14,0,13820220.000,0,-,-,-,-,3059.6000,3059.4000,3057.4000,3057.0000,3054.4000,3066.6000,3066.8000,3067.0000,3072.4000,3073.8000,1,1,1,1,1,1,1,2,4,1
SF,IH2009,2020-01-20 09:36:20.300,3067.4000,14,0,13820220.000,0,-,-,-,-,3060.4000,3059.6000,3057.4000,3057.0000,3054.4000,3066.6000,3066.8000,3067.0000,3072.4000,3073.8000,2,1,1,1,1,1,1,2,4,1
SF,IH2009,2020-01-20 09:36:20.800,3067.4000,14,0,13820220.000,0,-,-,-,-,3060.4000,3060.2000,3059.6000,3057.4000,3057.0000,3066.6000,3066.8000,3067.0000,3072.4000,3073.8000,2,1,1,1,1,1,1,2,4,1
SF,IH2009,2020-01-20 09:36:21.300,3067.4000,14,0,13820220.000,0,-,-,-,-,3060.2000,3059.6000,3057.0000,3054.4000,3052.6000,3066.6000,3066.8000,3067.0000,3072.4000,3073.8000,1,1,1,1,1,1,1,2,4,1
SF,IH2009,2020-01-20 09:36:22.300,3067.4000,14,0,13820220.000,0,-,-,-,-,3057.0000,3052.6000,3052.4000,3051.4000,3030.0000,3066.6000,3066.8000,3067.0000,3072.4000,3073.8000,1,1,1,5,1,1,1,2,4,1
SF,IH2009,2020-01-20 09:36:23.300,3067.4000,14,0,13820220.000,0,-,-,-,-,3058.2000,3057.0000,3052.6000,3052.4000,3051.4000,3066.6000,3066.8000,3067.0000,3072.4000,3073.8000,1,1,1,1,5,1,1,2,4,1
SF,IH2009,2020-01-20 09:36:23.800,3067.4000,14,0,13820220.000,0,-,-,-,-,3058.2000,3057.0000,3052.6000,3052.4000,3051.4000,3066.4000,3067.0000,3072.4000,3073.8000,3074.2000,1,1,1,1,5,1,2,4,1,5
SF,IH2009,2020-01-20 09:36:25.300,3067.4000,14,0,13820220.000,0,-,-,-,-,3059.0000,3058.2000,3057.0000,3052.6000,3052.4000,3066.2000,3066.4000,3067.0000,3072.4000,3073.8000,1,1,1,1,1,1,1,2,4,1
SF,IH2009,2020-01-20 09:36:26.300,3067.4000,14,0,13820220.000,0,-,-,-,-,3059.6000,3059.0000,3058.2000,3052.6000,3052.4000,3066.4000,3067.0000,3072.4000,3073.8000,3074.2000,1,1,1,1,1,1,2,4,1,5
SF,IH2009,2020-01-20 09:36:26.800,3067.4000,14,0,13820220.000,0,-,-,-,-,3059.6000,3059.0000,3058.2000,3052.6000,3052.4000,3066.0000,3066.4000,3067.0000,3072.4000,3073.8000,1,1,1,1,1,1,1,2,4,1
SF,IH2009,2020-01-20 09:36:27.300,3067.4000,14,0,13820220.000,0,-,-,-,-,3060.2000,3060.0000,3059.6000,3052.6000,3052.4000,3066.0000,3066.4000,3067.0000,3072.4000,3073.8000,1,1,1,1,1,1,1,2,4,1
SF,IH2009,2020-01-20 09:36:29.300,3067.4000,14,0,13820220.000,0,-,-,-,-,3060.2000,3060.0000,3059.6000,3052.6000,3052.4000,3065.8000,3066.0000,3067.0000,3072.4000,3073.8000,1,1,1,1,1,1,1,2,4,1
SF,IH2009,2020-01-20 09:36:29.800,3067.4000,14,0,13820220.000,0,-,-,-,-,3060.6000,3060.2000,3059.6000,3052.6000,3052.4000,3065.8000,3066.0000,3067.0000,3072.4000,3073.8000,1,1,1,1,1,1,1,2,4,1
SF,IH2009,2020-01-20 09:36:30.800,3067.4000,14,0,13820220.000,0,-,-,-,-,3059.6000,3052.6000,3052.4000,3051.4000,3030.0000,3065.6000,3065.8000,3067.0000,3072.4000,3073.8000,1,1,1,5,1,1,1,2,4,1
SF,IH2009,2020-01-20 09:36:31.300,3067.4000,14,0,13820220.000,0,-,-,-,-,3060.0000,3059.6000,3052.6000,3052.4000,3051.4000,3065.6000,3065.8000,3067.0000,3072.4000,3073.8000,1,1,1,1,5,1,1,2,4,1
SF,IH2009,2020-01-20 09:36:31.800,3067.4000,14,0,13820220.000,0,-,-,-,-,3060.0000,3059.6000,3052.6000,3052.4000,3051.4000,3065.4000,3065.6000,3067.0000,3072.4000,3073.8000,1,1,1,1,5,1,1,2,4,1
SF,IH2009,2020-01-20 09:36:32.800,3067.4000,14,0,13820220.000,0,-,-,-,-,3060.0000,3059.6000,3052.6000,3052.4000,3051.4000,3065.4000,3067.0000,3072.4000,3073.8000,3074.2000,1,1,1,1,5,1,2,4,1,5
SF,IH2009,2020-01-20 09:36:33.800,3067.4000,14,0,13820220.000,0,-,-,-,-,3060.0000,3059.6000,3052.6000,3052.4000,3051.4000,3065.2000,3065.4000,3067.0000,3072.4000,3073.8000,1,1,1,1,5,1,1,2,4,1
SF,IH2009,2020-01-20 09:36:34.300,3067.4000,14,0,13820220.000,0,-,-,-,-,3060.4000,3060.0000,3059.6000,3052.6000,3052.4000,3065.2000,3065.4000,3067.0000,3072.4000,3073.8000,1,1,1,1,1,1,1,2,4,1
SF,IH2009,2020-01-20 09:36:34.800,3067.4000,14,0,13820220.000,0,-,-,-,-,3060.4000,3060.0000,3059.6000,3052.6000,3052.4000,3065.2000,3067.0000,3072.4000,3073.8000,3074.2000,1,1,1,1,1,1,2,4,1,5
SF,IH2009,2020-01-20 09:36:35.300,3067.4000,14,0,13820220.000,0,-,-,-,-,3060.4000,3059.6000,3052.6000,3052.4000,3051.4000,3065.2000,3067.0000,3072.4000,3073.8000,3074.2000,1,1,1,1,5,1,2,4,1,5
SF,IH2009,2020-01-20 09:36:35.800,3067.4000,14,0,13820220.000,0,-,-,-,-,3060.8000,3060.4000,3059.6000,3052.6000,3052.4000,3065.2000,3067.0000,3072.4000,3073.8000,3074.2000,1,1,1,1,1,1,2,4,1,5
SF,IH2009,2020-01-20 09:36:41.300,3067.4000,14,0,13820220.000,0,-,-,-,-,3060.8000,3059.6000,3052.6000,3052.4000,3051.4000,3065.2000,3067.0000,3072.4000,3073.8000,3074.2000,1,1,1,1,5,1,2,4,1,5
SF,IH2009,2020-01-20 09:36:42.800,3067.4000,14,0,13820220.000,0,-,-,-,-,3060.8000,3052.6000,3052.4000,3051.4000,3030.0000,3065.2000,3067.0000,3072.4000,3073.8000,3074.2000,1,1,1,5,1,1,2,4,1,5
SF,IH2009,2020-01-20 09:36:43.300,3067.4000,14,0,13820220.000,0,-,-,-,-,3060.8000,3052.6000,3052.4000,3051.4000,3030.0000,3065.0000,3065.2000,3067.0000,3072.4000,3073.8000,1,1,1,5,1,1,1,2,4,1
SF,IH2009,2020-01-20 09:36:43.800,3067.4000,14,0,13820220.000,0,-,-,-,-,3061.0000,3060.8000,3052.6000,3052.4000,3051.4000,3065.0000,3065.2000,3067.0000,3072.4000,3073.8000,1,1,1,1,5,1,1,2,4,1
SF,IH2009,2020-01-20 09:36:45.800,3067.4000,14,0,13820220.000,0,-,-,-,-,3061.0000,3060.8000,3052.6000,3052.4000,3051.4000,3065.0000,3067.0000,3072.4000,3073.8000,3074.2000,1,1,1,1,5,1,2,4,1,5
SF,IH2009,2020-01-20 09:36:46.800,3067.4000,14,0,13820220.000,0,-,-,-,-,3061.2000,3061.0000,3060.8000,3052.6000,3052.4000,3065.0000,3067.0000,3072.4000,3073.8000,3074.2000,1,1,1,1,1,1,2,4,1,5
SF,IH2009,2020-01-20 09:36:47.300,3067.4000,14,0,13820220.000,0,-,-,-,-,3061.4000,3061.2000,3060.8000,3052.6000,3052.4000,3065.0000,3067.0000,3072.4000,3073.8000,3074.2000,1,1,1,1,1,1,2,4,1,5
SF,IH2009,2020-01-20 09:36:51.300,3067.4000,14,0,13820220.000,0,-,-,-,-,3061.4000,3060.8000,3052.6000,3052.4000,3051.4000,3065.0000,3067.0000,3072.4000,3073.8000,3074.2000,1,1,1,1,5,1,2,4,1,5
SF,IH2009,2020-01-20 09:36:51.800,3067.4000,14,0,13820220.000,0,-,-,-,-,3061.4000,3052.6000,3052.4000,3051.4000,3030.0000,3065.0000,3067.0000,3072.4000,3073.8000,3074.2000,1,1,1,5,1,1,2,4,1,5
SF,IH2009,2020-01-20 09:36:52.300,3067.4000,14,0,13820220.000,0,-,-,-,-,3061.4000,3052.6000,3052.4000,3051.4000,3030.0000,3065.0000,3067.0000,3072.4000,3073.8000,3074.2000,2,1,1,5,1,1,2,4,1,5
SF,IH2009,2020-01-20 09:36:53.300,3067.4000,14,0,13820220.000,0,-,-,-,-,3061.8000,3061.4000,3052.6000,3052.4000,3051.4000,3065.0000,3067.0000,3072.4000,3073.8000,3074.2000,1,1,1,1,5,1,2,4,1,5
SF,IH2009,2020-01-20 09:36:53.800,3067.4000,14,0,13820220.000,0,-,-,-,-,3062.0000,3061.8000,3052.6000,3052.4000,3051.4000,3065.0000,3067.0000,3072.4000,3073.8000,3074.2000,1,1,1,1,5,1,2,4,1,5
SF,IH2009,2020-01-20 09:36:54.300,3067.4000,14,0,13820220.000,0,-,-,-,-,3062.0000,3061.8000,3052.6000,3052.4000,3051.4000,3063.4000,3065.0000,3067.0000,3072.4000,3073.8000,1,1,1,1,5,2,1,2,4,1
SF,IH2009,2020-01-20 09:36:54.800,3063.4000,16,2,15658260.000,2,2,0,双开,S,3062.0000,3061.8000,3052.6000,3052.4000,3051.4000,3065.0000,3067.0000,3072.4000,3073.8000,3074.2000,1,1,1,1,5,1,2,4,1,5
SF,IH2009,2020-01-20 09:36:56.300,3063.4000,16,0,15658260.000,0,-,-,-,-,3062.0000,3052.6000,3052.4000,3051.4000,3030.0000,3065.0000,3067.0000,3072.4000,3073.8000,3074.2000,1,1,1,5,1,1,2,4,1,5
SF,IH2009,2020-01-20 09:36:56.800,3063.4000,16,0,15658260.000,0,-,-,-,-,3062.2000,3062.0000,3052.6000,3052.4000,3051.4000,3065.0000,3067.0000,3072.4000,3073.8000,3074.2000,1,1,1,1,5,1,2,4,1,5
SF,IH2009,2020-01-20 09:36:57.300,3063.4000,16,0,15658260.000,0,-,-,-,-,3062.2000,3052.6000,3052.4000,3051.4000,3030.0000,3065.0000,3067.0000,3072.4000,3073.8000,3074.2000,1,1,1,5,1,1,2,4,1,5
SF,IH2009,2020-01-20 09:36:57.800,3063.4000,16,0,15658260.000,0,-,-,-,-,3062.4000,3062.2000,3052.6000,3052.4000,3051.4000,3065.0000,3067.0000,3072.4000,3073.8000,3074.2000,1,1,1,1,5,1,2,4,1,5
SF,IH2009,2020-01-20 09:36:59.300,3063.4000,16,0,15658260.000,0,-,-,-,-,3063.4000,3062.4000,3062.2000,3052.6000,3052.4000,3065.0000,3067.0000,3072.4000,3073.8000,3074.2000,1,1,1,1,1,1,2,4,1,5
SF,IH2009,2020-01-20 09:36:59.800,3063.4000,16,0,15658260.000,0,-,-,-,-,3063.4000,3062.4000,3052.6000,3052.4000,3051.4000,3065.0000,3067.0000,3072.4000,3073.8000,3074.2000,1,1,1,1,5,1,2,4,1,5
SF,IH2009,2020-01-20 09:37:01.800,3063.4000,16,0,15658260.000,0,-,-,-,-,3063.4000,3062.4000,3052.6000,3052.4000,3051.4000,3065.0000,3067.0000,3067.4000,3072.4000,3073.8000,1,1,1,1,5,1,2,1,4,1
SF,IH2009,2020-01-20 09:37:02.800,3063.4000,17,1,16577280.000,1,1,0,双开,S,3062.4000,3052.6000,3052.4000,3051.4000,3030.0000,3065.0000,3067.0000,3067.4000,3072.4000,3073.8000,1,1,1,5,1,1,2,1,4,1
SF,IH2009,2020-01-20 09:37:03.300,3063.4000,17,0,16577280.000,0,-,-,-,-,3062.4000,3052.6000,3052.4000,3051.4000,3030.0000,3064.6000,3065.0000,3067.0000,3067.4000,3072.4000,1,1,1,5,1,1,1,2,1,4
SF,IH2009,2020-01-20 09:37:03.800,3063.4000,17,0,16577280.000,0,-,-,-,-,3062.4000,3052.6000,3052.4000,3051.4000,3030.0000,3064.4000,3064.6000,3067.0000,3067.4000,3072.4000,1,1,1,5,1,1,1,2,1,4
SF,IH2009,2020-01-20 09:37:04.800,3063.4000,17,0,16577280.000,0,-,-,-,-,3062.4000,3057.8000,3052.6000,3052.4000,3051.4000,3064.4000,3064.6000,3067.0000,3067.4000,3072.4000,1,1,1,1,5,1,1,2,1,4
SF,IH2009,2020-01-20 09:37:05.300,3063.4000,17,0,16577280.000,0,-,-,-,-,3062.4000,3057.8000,3052.6000,3052.4000,3051.4000,3064.4000,3067.0000,3067.4000,3072.4000,3073.8000,1,1,1,1,5,1,2,1,4,1
SF,IH2009,2020-01-20 09:37:05.800,3063.4000,17,0,16577280.000,0,-,-,-,-,3062.4000,3057.8000,3052.6000,3052.4000,3051.4000,3064.0000,3064.4000,3067.0000,3067.4000,3072.4000,1,1,1,1,5,1,1,2,1,4
SF,IH2009,2020-01-20 09:37:06.300,3063.4000,17,0,16577280.000,0,-,-,-,-,3062.4000,3057.8000,3052.6000,3052.4000,3051.4000,3063.8000,3064.0000,3067.0000,3067.4000,3072.4000,1,1,1,1,5,1,1,2,1,4
SF,IH2009,2020-01-20 09:37:09.300,3063.4000,17,0,16577280.000,0,-,-,-,-,3062.4000,3057.8000,3052.6000,3052.4000,3051.4000,3063.8000,3067.0000,3067.4000,3072.4000,3073.8000,1,1,1,1,5,1,2,1,4,1
SF,IH2009,2020-01-20 09:37:09.800,3063.4000,17,0,16577280.000,0,-,-,-,-,3057.8000,3052.6000,3052.4000,3051.4000,3030.0000,3063.8000,3067.0000,3067.4000,3072.4000,3073.8000,1,1,1,5,1,1,2,1,4,1
SF,IH2009,2020-01-20 09:37:10.300,3063.4000,17,0,16577280.000,0,-,-,-,-,3058.0000,3057.8000,3052.6000,3052.4000,3051.4000,3063.8000,3067.0000,3067.4000,3072.4000,3073.8000,1,1,1,1,5,1,2,1,4,1
SF,IH2009,2020-01-20 09:37:11.300,3063.4000,17,0,16577280.000,0,-,-,-,-,3058.8000,3058.4000,3058.0000,3057.8000,3052.6000,3063.8000,3067.0000,3067.4000,3072.4000,3073.8000,1,1,1,1,1,1,2,1,4,1
SF,IH2009,2020-01-20 09:37:11.800,3063.4000,17,0,16577280.000,0,-,-,-,-,3059.0000,3058.8000,3058.4000,3057.8000,3052.6000,3063.8000,3067.0000,3067.4000,3072.4000,3073.8000,1,1,1,1,1,1,2,1,4,1
SF,IH2009,2020-01-20 09:37:12.300,3063.4000,17,0,16577280.000,0,-,-,-,-,3059.4000,3059.0000,3058.8000,3058.4000,3057.8000,3063.8000,3067.0000,3067.4000,3072.4000,3073.8000,1,1,1,1,1,1,2,1,4,1
SF,IH2009,2020-01-20 09:37:12.800,3063.4000,17,0,16577280.000,0,-,-,-,-,3059.6000,3059.4000,3058.8000,3058.4000,3057.8000,3063.8000,3067.0000,3067.4000,3072.4000,3073.8000,1,1,1,1,1,1,2,1,4,1
SF,IH2009,2020-01-20 09:37:13.800,3063.4000,17,0,16577280.000,0,-,-,-,-,3060.0000,3059.6000,3057.8000,3052.6000,3052.4000,3063.8000,3067.0000,3067.4000,3072.4000,3073.8000,1,1,1,1,1,1,2,1,4,1
SF,IH2009,2020-01-20 09:37:14.300,3063.4000,17,0,16577280.000,0,-,-,-,-,3060.2000,3060.0000,3057.8000,3052.6000,3052.4000,3063.8000,3067.0000,3067.4000,3072.4000,3073.8000,1,1,1,1,1,1,2,1,4,1
SF,IH2009,2020-01-20 09:37:15.300,3063.4000,17,0,16577280.000,0,-,-,-,-,3060.2000,3057.8000,3052.6000,3052.4000,3051.4000,3063.6000,3063.8000,3067.0000,3067.4000,3072.4000,1,1,1,1,5,1,1,2,1,4
SF,IH2009,2020-01-20 09:37:15.800,3063.4000,17,0,16577280.000,0,-,-,-,-,3060.2000,3057.8000,3052.6000,3052.4000,3051.4000,3063.4000,3063.6000,3067.0000,3067.4000,3072.4000,1,1,1,1,5,1,1,2,1,4
SF,IH2009,2020-01-20 09:37:16.300,3063.4000,17,0,16577280.000,0,-,-,-,-,3060.2000,3057.8000,3052.6000,3052.4000,3051.4000,3063.4000,3067.0000,3067.4000,3072.4000,3073.8000,1,1,1,1,5,1,2,1,4,1
SF,IH2009,2020-01-20 09:37:17.300,3063.4000,17,0,16577280.000,0,-,-,-,-,3062.0000,3060.2000,3057.8000,3052.6000,3052.4000,3063.4000,3067.0000,3067.4000,3072.4000,3073.8000,1,1,1,1,1,1,2,1,4,1
SF,IH2009,2020-01-20 09:37:17.800,3062.0000,18,1,17495880.000,1,1,0,双开,S,3060.2000,3057.8000,3052.6000,3052.4000,3051.4000,3063.4000,3067.0000,3067.4000,3072.4000,3073.8000,1,1,1,1,5,1,2,1,4,1
SF,IH2009,2020-01-20 09:37:18.300,3062.0000,18,0,17495880.000,0,-,-,-,-,3060.2000,3059.0000,3057.8000,3052.6000,3052.4000,3063.4000,3067.0000,3067.4000,3072.4000,3073.8000,1,1,1,1,1,1,2,1,4,1
SF,IH2009,2020-01-20 09:37:21.300,3062.0000,18,0,17495880.000,0,-,-,-,-,3060.2000,3057.8000,3052.6000,3052.4000,3051.4000,3063.4000,3067.0000,3067.4000,3072.4000,3073.8000,1,1,1,1,5,1,2,1,4,1
SF,IH2009,2020-01-20 09:37:26.300,3062.0000,18,0,17495880.000,0,-,-,-,-,3062.0000,3060.2000,3057.8000,3052.6000,3052.4000,3063.4000,3067.0000,3067.4000,3072.4000,3073.8000,1,1,1,1,1,1,2,1,4,1
SF,IH2009,2020-01-20 09:37:27.300,3062.0000,18,0,17495880.000,0,-,-,-,-,3062.0000,3060.2000,3057.8000,3052.6000,3052.4000,3062.8000,3063.4000,3067.0000,3067.4000,3072.4000,1,1,1,1,1,2,1,2,1,4
SF,IH2009,2020-01-20 09:37:28.300,3062.0000,18,0,17495880.000,0,-,-,-,-,3062.2000,3062.0000,3060.2000,3057.8000,3052.6000,3062.8000,3063.4000,3067.0000,3067.4000,3072.4000,1,1,1,1,1,2,1,2,1,4
SF,IH2009,2020-01-20 09:37:28.800,3062.0000,20,2,19333140.000,2,2,0,双开,S,3060.2000,3052.6000,3052.4000,3051.4000,3030.0000,3062.8000,3063.4000,3067.0000,3067.4000,3072.4000,1,1,1,5,1,2,1,2,1,4
SF,IH2009,2020-01-20 09:37:29.300,3062.0000,20,0,19333140.000,0,-,-,-,-,3060.2000,3052.6000,3052.4000,3051.4000,3030.0000,3062.6000,3062.8000,3067.0000,3067.4000,3072.4000,1,1,1,5,1,1,2,2,1,4
SF,IH2009,2020-01-20 09:37:30.800,3062.0000,20,0,19333140.000,0,-,-,-,-,3060.4000,3060.2000,3052.6000,3052.4000,3051.4000,3062.6000,3062.8000,3067.0000,3067.4000,3072.4000,1,1,1,1,5,1,2,2,1,4
SF,IH2009,2020-01-20 09:37:31.300,3062.0000,20,0,19333140.000,0,-,-,-,-,3060.6000,3060.4000,3052.6000,3052.4000,3051.4000,3062.8000,3067.4000,3072.4000,3073.8000,3074.2000,1,1,1,1,5,2,1,4,1,5
SF,IH2009,2020-01-20 09:37:32.800,3062.0000,20,0,19333140.000,0,-,-,-,-,3061.0000,3060.6000,3052.6000,3052.4000,3051.4000,3062.8000,3067.4000,3072.4000,3073.8000,3074.2000,1,1,1,1,5,2,1,4,1,5
SF,IH2009,2020-01-20 09:37:33.800,3062.0000,20,0,19333140.000,0,-,-,-,-,3061.2000,3061.0000,3060.6000,3052.6000,3052.4000,3062.8000,3067.4000,3072.4000,3073.8000,3074.2000,1,1,1,1,1,2,1,4,1,5
SF,IH2009,2020-01-20 09:37:34.300,3062.0000,20,0,19333140.000,0,-,-,-,-,3061.4000,3061.2000,3061.0000,3052.6000,3052.4000,3062.8000,3067.4000,3072.4000,3073.8000,3074.2000,1,1,1,1,1,2,1,4,1,5
SF,IH2009,2020-01-20 09:37:38.800,3062.8000,21,1,20251980.000,1,1,0,双开,S,3061.4000,3061.2000,3052.6000,3052.4000,3051.4000,3062.8000,3067.4000,3072.4000,3073.8000,3074.2000,1,1,1,1,5,1,1,4,1,5
SF,IH2009,2020-01-20 09:37:39.300,3061.4000,22,1,21170400.000,1,1,0,双开,S,3061.2000,3052.6000,3052.4000,3051.4000,3030.0000,3062.8000,3067.4000,3072.4000,3073.8000,3074.2000,1,1,1,5,1,1,1,4,1,5
SF,IH2009,2020-01-20 09:37:39.800,3061.4000,22,0,21170400.000,0,-,-,-,-,3062.0000,3061.2000,3052.6000,3052.4000,3051.4000,3062.6000,3062.8000,3067.4000,3072.4000,3073.8000,1,1,1,1,5,1,1,1,4,1
SF,IH2009,2020-01-20 09:37:40.800,3061.4000,22,0,21170400.000,0,-,-,-,-,3062.0000,3061.4000,3052.6000,3052.4000,3051.4000,3062.6000,3062.8000,3067.4000,3072.4000,3073.8000,1,1,1,1,5,1,1,1,4,1
SF,IH2009,2020-01-20 09:37:41.800,3062.0000,23,1,22089000.000,1,1,0,双开,S,3061.4000,3052.6000,3052.4000,3051.4000,3030.0000,3062.6000,3062.8000,3067.4000,3072.4000,3073.8000,1,1,1,5,1,1,1,1,4,1
SF,IH2009,2020-01-20 09:37:42.800,3062.0000,23,0,22089000.000,0,-,-,-,-,3052.6000,3052.4000,3051.4000,3030.0000,3015.6000,3062.6000,3062.8000,3067.4000,3072.4000,3073.8000,1,1,5,1,1,1,1,1,4,1
SF,IH2009,2020-01-20 09:37:43.300,3062.0000,23,0,22089000.000,0,-,-,-,-,3054.6000,3053.4000,3052.6000,3052.4000,3051.4000,3062.6000,3062.8000,3067.4000,3072.4000,3073.8000,3,1,1,1,5,1,1,1,4,1
SF,IH2009,2020-01-20 09:37:43.800,3062.0000,23,0,22089000.000,0,-,-,-,-,3054.8000,3054.6000,3053.4000,3052.6000,3052.4000,3062.6000,3062.8000,3067.4000,3072.4000,3073.8000,1,3,1,1,1,1,1,1,4,1
SF,IH2009,2020-01-20 09:37:44.300,3062.0000,23,0,22089000.000,0,-,-,-,-,3059.0000,3057.6000,3055.8000,3054.8000,3054.6000,3062.6000,3062.8000,3067.4000,3072.4000,3073.8000,1,1,1,1,3,1,1,1,4,1
SF,IH2009,2020-01-20 09:37:44.800,3059.0000,24,1,23006700.000,1,1,0,双开,S,3057.6000,3055.8000,3054.8000,3054.6000,3053.4000,3062.6000,3062.8000,3067.4000,3072.4000,3073.8000,1,1,1,3,1,1,1,1,4,1
SF,IH2009,2020-01-20 09:37:45.300,3059.0000,24,0,23006700.000,0,-,-,-,-,3059.2000,3057.8000,3055.8000,3054.8000,3054.6000,3062.6000,3062.8000,3067.4000,3072.4000,3073.8000,1,1,1,1,3,1,1,1,4,1
SF,IH2009,2020-01-20 09:37:45.800,3059.0000,24,0,23006700.000,0,-,-,-,-,3059.2000,3057.8000,3055.8000,3054.8000,3054.6000,3062.6000,3062.8000,3067.4000,3072.4000,3073.8000,2,1,1,1,3,1,1,1,4,1
SF,IH2009,2020-01-20 09:37:46.300,3059.0000,24,0,23006700.000,0,-,-,-,-,3059.4000,3059.2000,3057.8000,3054.8000,3054.6000,3062.6000,3062.8000,3072.4000,3073.8000,3074.2000,1,2,1,1,3,1,1,4,1,5
SF,IH2009,2020-01-20 09:37:46.800,3059.0000,24,0,23006700.000,0,-,-,-,-,3059.6000,3059.4000,3057.8000,3054.8000,3054.6000,3062.6000,3062.8000,3072.4000,3073.8000,3074.2000,1,1,1,1,3,1,1,4,1,5
SF,IH2009,2020-01-20 09:37:47.300,3059.4000,25,1,23924520.000,1,1,0,双开,S,3059.8000,3059.6000,3059.4000,3057.8000,3054.8000,3062.6000,3062.8000,3072.4000,3073.8000,3074.2000,1,3,1,1,1,1,1,4,1,5
SF,IH2009,2020-01-20 09:37:47.800,3059.4000,25,0,23924520.000,0,-,-,-,-,3060.0000,3059.6000,3057.8000,3054.8000,3054.6000,3062.6000,3062.8000,3072.4000,3073.8000,3074.2000,1,3,1,1,3,1,1,4,1,5
SF,IH2009,2020-01-20 09:37:48.300,3059.4000,25,0,23924520.000,0,-,-,-,-,3060.2000,3060.0000,3057.8000,3054.8000,3054.6000,3062.6000,3062.8000,3072.4000,3073.8000,3074.2000,4,1,1,1,3,1,1,4,1,5
SF,IH2009,2020-01-20 09:37:48.800,3059.4000,25,0,23924520.000,0,-,-,-,-,3060.6000,3060.2000,3059.4000,3057.8000,3054.8000,3062.6000,3062.8000,3072.4000,3073.8000,3074.2000,1,4,1,1,1,1,1,4,1,5
SF,IH2009,2020-01-20 09:37:49.300,3060.6000,26,1,24842700.000,1,1,0,双开,S,3060.8000,3060.2000,3059.4000,3057.8000,3054.8000,3062.6000,3062.8000,3072.4000,3073.8000,3074.2000,1,2,1,1,1,1,1,4,1,5
SF,IH2009,2020-01-20 09:37:49.800,3060.6000,26,0,24842700.000,0,-,-,-,-,3060.8000,3060.6000,3060.2000,3059.4000,3057.8000,3062.6000,3062.8000,3072.4000,3073.8000,3074.2000,1,1,1,1,1,1,1,4,1,5
SF,IH2009,2020-01-20 09:37:50.300,3060.6000,26,0,24842700.000,0,-,-,-,-,3060.8000,3060.2000,3059.6000,3059.4000,3057.8000,3062.6000,3062.8000,3072.4000,3073.8000,3074.2000,1,1,1,1,1,1,1,4,1,5
SF,IH2009,2020-01-20 09:37:50.800,3060.6000,26,0,24842700.000,0,-,-,-,-,3060.8000,3060.2000,3059.4000,3058.8000,3057.8000,3062.6000,3062.8000,3072.4000,3073.8000,3074.2000,1,1,1,1,1,1,1,4,1,5
SF,IH2009,2020-01-20 09:37:51.800,3060.8000,27,1,25760940.000,1,1,0,双开,S,3059.4000,3058.8000,3057.8000,3054.6000,3052.6000,3062.6000,3062.8000,3072.4000,3073.8000,3074.2000,1,1,1,3,1,1,1,4,1,5
SF,IH2009,2020-01-20 09:37:52.300,3060.8000,27,0,25760940.000,0,-,-,-,-,3059.4000,3058.8000,3057.8000,3054.6000,3052.6000,3062.6000,3062.8000,3072.4000,3073.8000,3074.2000,1,1,1,3,1,1,1,4,1,5
SF,IH2009,2020-01-20 09:37:52.800,3060.8000,27,0,25760940.000,0,-,-,-,-,3059.6000,3058.8000,3057.8000,3054.6000,3052.6000,3062.6000,3062.8000,3072.4000,3073.8000,3074.2000,1,1,1,3,1,1,1,4,1,5
SF,IH2009,2020-01-20 09:37:54.300,3059.6000,28,1,26678820.000,1,1,0,双开,S,3058.8000,3057.8000,3054.6000,3052.6000,3052.4000,3062.6000,3062.8000,3072.4000,3073.8000,3074.2000,1,1,3,1,1,1,1,4,1,5
SF,IH2009,2020-01-20 09:37:54.800,3059.6000,28,0,26678820.000,0,-,-,-,-,3059.8000,3058.8000,3057.8000,3054.6000,3052.6000,3062.6000,3062.8000,3072.4000,3073.8000,3074.2000,1,1,1,3,1,1,1,4,1,5
SF,IH2009,2020-01-20 09:37:55.300,3059.6000,28,0,26678820.000,0,-,-,-,-,3059.8000,3059.4000,3057.8000,3054.6000,3052.6000,3062.6000,3062.8000,3072.4000,3073.8000,3074.2000,1,2,1,3,1,1,1,4,1,5
SF,IH2009,2020-01-20 09:37:55.800,3059.6000,28,0,26678820.000,0,-,-,-,-,3059.8000,3059.4000,3057.8000,3054.6000,3052.6000,3062.0000,3062.6000,3062.8000,3072.4000,3073.8000,1,2,1,3,1,1,1,1,4,1
SF,IH2009,2020-01-20 09:37:56.300,3059.8000,29,1,27596760.000,1,1,0,双开,S,3060.6000,3059.4000,3057.8000,3054.6000,3052.6000,3061.8000,3062.0000,3062.8000,3072.4000,3073.8000,1,2,1,3,1,1,1,1,4,1
SF,IH2009,2020-01-20 09:37:56.800,3059.8000,29,0,27596760.000,0,-,-,-,-,3060.6000,3060.0000,3059.4000,3057.8000,3054.6000,3061.8000,3062.0000,3062.8000,3072.4000,3073.8000,1,1,2,1,3,1,1,1,4,1
SF,IH2009,2020-01-20 09:37:57.800,3059.8000,29,0,27596760.000,0,-,-,-,-,3060.0000,3059.4000,3057.8000,3054.6000,3052.6000,3061.8000,3062.0000,3062.8000,3072.4000,3073.8000,1,2,1,3,1,1,2,1,4,1
SF,IH2009,2020-01-20 09:37:58.300,3060.0000,30,1,28514760.000,1,1,0,双开,S,3059.4000,3057.8000,3054.6000,3052.6000,3052.4000,3061.8000,3062.0000,3062.8000,3072.4000,3073.8000,1,1,3,1,1,1,2,1,4,1
SF,IH2009,2020-01-20 09:37:58.800,3060.0000,30,0,28514760.000,0,-,-,-,-,3060.2000,3059.4000,3057.8000,3054.6000,3052.6000,3061.8000,3062.0000,3062.8000,3072.4000,3073.8000,1,1,1,3,1,1,2,1,4,1
SF,IH2009,2020-01-20 09:37:59.300,3060.0000,30,0,28514760.000,0,-,-,-,-,3059.4000,3057.8000,3054.6000,3052.6000,3052.4000,3061.8000,3062.0000,3062.8000,3072.4000,3073.8000,1,1,3,1,1,1,3,1,4,1
SF,IH2009,2020-01-20 09:38:00.300,3060.0000,30,0,28514760.000,0,-,-,-,-,3059.6000,3059.4000,3057.8000,3054.6000,3052.6000,3061.8000,3062.0000,3062.8000,3072.4000,3073.8000,1,1,1,3,1,1,2,1,4,1
SF,IH2009,2020-01-20 09:38:00.800,3059.6000,31,1,29432640.000,1,1,0,双开,S,3059.4000,3057.8000,3054.6000,3052.6000,3052.4000,3061.8000,3062.0000,3062.8000,3072.4000,3073.8000,1,1,3,1,1,1,2,1,4,1
SF,IH2009,2020-01-20 09:38:01.800,3059.6000,31,0,29432640.000,0,-,-,-,-,3057.8000,3054.6000,3052.6000,3052.4000,3051.4000,3061.8000,3062.0000,3062.8000,3072.4000,3073.8000,1,3,1,1,5,1,3,1,4,1
SF,IH2009,2020-01-20 09:38:02.300,3059.6000,31,0,29432640.000,0,-,-,-,-,3059.6000,3057.8000,3054.6000,3052.6000,3052.4000,3061.8000,3062.0000,3062.8000,3072.4000,3073.8000,1,1,3,1,1,1,3,1,4,1
SF,IH2009,2020-01-20 09:38:02.800,3059.6000,32,1,30350520.000,1,1,0,双开,S,3057.8000,3054.6000,3052.6000,3052.4000,3051.4000,3061.8000,3062.0000,3062.8000,3072.4000,3073.8000,1,3,1,1,5,1,3,1,4,1
SF,IH2009,2020-01-20 09:38:03.300,3059.6000,32,0,30350520.000,0,-,-,-,-,3059.0000,3057.8000,3054.6000,3052.6000,3052.4000,3061.8000,3062.0000,3062.8000,3072.4000,3073.8000,1,1,3,1,1,1,3,1,4,1
SF,IH2009,2020-01-20 09:38:03.800,3059.6000,32,0,30350520.000,0,-,-,-,-,3059.0000,3058.8000,3057.8000,3054.6000,3052.6000,3061.8000,3062.0000,3062.8000,3072.4000,3073.8000,1,1,1,3,1,1,2,1,4,1
SF,IH2009,2020-01-20 09:38:04.300,3059.6000,32,0,30350520.000,0,-,-,-,-,3059.6000,3059.4000,3059.0000,3058.0000,3057.8000,3061.8000,3062.0000,3062.8000,3072.4000,3073.8000,1,1,1,1,1,1,2,1,4,1
SF,IH2009,2020-01-20 09:38:04.800,3059.6000,32,0,30350520.000,0,-,-,-,-,3059.6000,3059.4000,3059.0000,3058.0000,3057.8000,3061.8000,3062.0000,3062.8000,3072.4000,3073.8000,1,1,1,1,1,1,3,1,4,1
SF,IH2009,2020-01-20 09:38:05.300,3059.6000,33,1,31268400.000,1,1,0,双开,S,3059.4000,3059.0000,3058.0000,3057.8000,3054.6000,3061.8000,3062.0000,3062.8000,3073.8000,3074.2000,1,1,1,1,3,1,3,1,1,5
SF,IH2009,2020-01-20 09:38:05.800,3059.6000,33,0,31268400.000,0,-,-,-,-,3060.0000,3059.8000,3059.0000,3058.0000,3057.8000,3061.8000,3062.0000,3062.8000,3073.8000,3074.2000,1,1,1,1,1,1,2,1,1,5
SF,IH2009,2020-01-20 09:38:06.300,3059.6000,33,0,31268400.000,0,-,-,-,-,3060.0000,3059.8000,3059.6000,3059.2000,3059.0000,3061.8000,3062.0000,3062.8000,3073.8000,3074.2000,2,1,1,1,1,1,2,1,1,5
SF,IH2009,2020-01-20 09:38:06.800,3059.6000,33,0,31268400.000,0,-,-,-,-,3060.0000,3059.8000,3059.6000,3059.2000,3059.0000,3061.8000,3062.0000,3062.8000,3073.8000,3074.2000,2,1,1,1,1,1,2,1,1,5
SF,IH2009,2020-01-20 09:38:07.300,3059.6000,33,0,31268400.000,0,-,-,-,-,3060.0000,3059.8000,3059.6000,3059.2000,3059.0000,3061.8000,3062.0000,3062.8000,3073.8000,3074.2000,2,1,1,1,1,1,3,1,1,5
SF,IH2009,2020-01-20 09:38:08.300,3062.0000,37,4,34942140.000,4,4,0,双开,S,3060.0000,3059.6000,3059.0000,3057.8000,3054.6000,3062.8000,3073.8000,3074.2000,3120.4000,3277.0000,1,1,2,1,3,1,1,5,1,2
SF,IH2009,2020-01-20 09:38:08.800,3062.0000,37,0,34942140.000,0,-,-,-,-,3060.2000,3060.0000,3059.6000,3059.0000,3057.8000,3062.6000,3062.8000,3073.8000,3074.2000,3120.4000,2,1,1,1,1,1,1,1,5,1
SF,IH2009,2020-01-20 09:38:09.300,3060.2000,38,1,35860200.000,1,1,0,双开,S,3060.2000,3059.0000,3057.8000,3054.6000,3052.6000,3062.6000,3062.8000,3073.8000,3074.2000,3120.4000,2,1,1,3,1,1,1,1,5,1
SF,IH2009,2020-01-20 09:38:09.800,3060.2000,38,0,35860200.000,0,-,-,-,-,3060.2000,3059.0000,3057.8000,3054.6000,3052.6000,3062.2000,3062.6000,3062.8000,3073.8000,3074.2000,2,1,1,3,1,1,1,1,1,5
SF,IH2009,2020-01-20 09:38:10.300,3060.2000,38,0,35860200.000,0,-,-,-,-,3060.4000,3060.2000,3059.0000,3057.8000,3054.6000,3062.0000,3062.8000,3073.8000,3074.2000,3120.4000,1,1,1,1,3,1,1,1,5,1
SF,IH2009,2020-01-20 09:38:10.800,3060.2000,38,0,35860200.000,0,-,-,-,-,3060.6000,3060.4000,3060.2000,3059.0000,3057.8000,3062.0000,3062.8000,3073.8000,3074.2000,3120.4000,1,1,1,1,1,1,1,1,5,1
SF,IH2009,2020-01-20 09:38:11.300,3062.0000,39,1,36778800.000,1,1,0,双开,S,3060.6000,3060.4000,3060.2000,3059.0000,3057.8000,3062.8000,3073.8000,3074.2000,3120.4000,3277.0000,1,1,1,1,1,1,1,5,1,2
SF,IH2009,2020-01-20 09:38:11.800,3062.0000,39,0,36778800.000,0,-,-,-,-,3060.8000,3060.6000,3060.4000,3059.0000,3057.8000,3062.8000,3073.8000,3074.2000,3120.4000,3277.0000,2,1,1,1,1,1,1,5,1,2
SF,IH2009,2020-01-20 09:38:12.300,3060.8000,40,1,37697040.000,1,1,0,双开,S,3060.8000,3060.6000,3060.4000,3059.0000,3057.8000,3062.8000,3073.8000,3074.2000,3120.4000,3277.0000,2,1,2,1,1,1,1,5,1,2
SF,IH2009,2020-01-20 09:38:12.800,3060.8000,40,0,37697040.000,0,-,-,-,-,3060.8000,3060.4000,3059.0000,3057.8000,3054.6000,3062.6000,3062.8000,3073.8000,3074.2000,3120.4000,2,2,1,1,3,1,1,1,5,1
SF,IH2009,2020-01-20 09:38:13.300,3060.8000,40,0,37697040.000,0,-,-,-,-,3061.0000,3060.8000,3060.4000,3059.0000,3057.8000,3062.6000,3062.8000,3066.4000,3073.8000,3074.2000,1,2,1,1,1,1,1,1,1,5
SF,IH2009,2020-01-20 09:38:13.800,3060.8000,40,0,37697040.000,0,-,-,-,-,3061.0000,3060.8000,3060.4000,3059.0000,3057.8000,3062.6000,3062.8000,3066.4000,3073.8000,3074.2000,1,1,1,1,1,1,1,1,1,5
SF,IH2009,2020-01-20 09:38:14.300,3060.8000,40,0,37697040.000,0,-,-,-,-,3061.0000,3060.8000,3060.4000,3059.0000,3057.8000,3062.6000,3062.8000,3066.4000,3073.8000,3074.2000,1,1,1,1,1,1,1,1,1,5
SF,IH2009,2020-01-20 09:38:14.800,3061.0000,41,1,38615340.000,1,1,0,双开,S,3060.8000,3060.4000,3059.0000,3057.8000,3054.6000,3062.6000,3062.8000,3066.4000,3073.8000,3074.2000,1,1,1,1,3,1,1,1,1,5
SF,IH2009,2020-01-20 09:38:16.800,3060.8000,42,1,39533580.000,1,1,0,双开,S,3060.4000,3059.0000,3057.8000,3054.6000,3052.6000,3060.6000,3062.6000,3062.8000,3066.4000,3073.8000,1,1,1,3,1,1,1,1,1,1
SF,IH2009,2020-01-20 09:38:17.300,3060.8000,43,1,40451820.000,1,1,0,双开,S,3060.8000,3060.4000,3059.0000,3057.8000,3054.6000,3062.6000,3062.8000,3066.4000,3073.8000,3074.2000,1,1,1,1,3,1,1,1,1,5
SF,IH2009,2020-01-20 09:38:17.800,3060.8000,43,0,40451820.000,0,-,-,-,-,3061.2000,3060.8000,3060.4000,3059.0000,3057.8000,3062.6000,3062.8000,3066.4000,3073.8000,3074.2000,1,1,1,1,1,1,1,1,1,5
SF,IH2009,2020-01-20 09:38:18.800,3060.8000,43,0,40451820.000,0,-,-,-,-,3061.2000,3060.8000,3060.4000,3059.4000,3059.0000,3062.6000,3062.8000,3066.4000,3073.8000,3074.2000,1,1,1,1,1,1,1,1,1,5
SF,IH2009,2020-01-20 09:38:19.300,3061.2000,44,1,41370180.000,1,1,0,双开,S,3060.8000,3060.4000,3059.4000,3059.0000,3057.8000,3062.6000,3062.8000,3066.4000,3073.8000,3074.2000,1,1,1,1,1,1,1,1,1,5
SF,IH2009,2020-01-20 09:38:20.300,3061.2000,44,0,41370180.000,0,-,-,-,-,3060.4000,3059.4000,3059.0000,3057.8000,3054.6000,3062.6000,3062.8000,3066.4000,3073.8000,3074.2000,1,1,1,1,3,1,1,1,1,5
SF,IH2009,2020-01-20 09:38:21.300,3061.2000,44,0,41370180.000,0,-,-,-,-,3060.6000,3060.4000,3059.4000,3059.0000,3057.8000,3062.6000,3062.8000,3066.4000,3073.8000,3074.2000,1,1,1,1,1,1,1,1,1,5
SF,IH2009,2020-01-20 09:38:21.800,3060.6000,45,1,42288360.000,1,1,0,双开,S,3060.4000,3059.4000,3059.0000,3057.8000,3055.2000,3062.6000,3062.8000,3066.4000,3073.8000,3074.2000,1,1,1,1,1,1,1,1,1,5
SF,IH2009,2020-01-20 09:38:22.300,3060.6000,45,0,42288360.000,0,-,-,-,-,3060.4000,3059.4000,3057.8000,3057.2000,3055.2000,3062.6000,3062.8000,3066.4000,3073.8000,3074.2000,1,1,1,1,1,1,1,1,1,5
SF,IH2009,2020-01-20 09:38:23.800,3060.4000,46,1,43206480.000,1,1,0,双开,S,3059.4000,3057.8000,3057.2000,3055.2000,3054.6000,3062.6000,3062.8000,3066.4000,3073.8000,3074.2000,1,1,1,1,3,1,1,1,1,5
SF,IH2009,2020-01-20 09:38:24.300,3060.4000,46,0,43206480.000,0,-,-,-,-,3059.4000,3057.8000,3057.2000,3055.2000,3054.6000,3062.4000,3062.6000,3062.8000,3066.4000,3073.8000,1,1,1,1,3,1,1,1,1,1
SF,IH2009,2020-01-20 09:38:24.800,3060.4000,46,0,43206480.000,0,-,-,-,-,3060.0000,3059.6000,3059.4000,3057.8000,3057.2000,3062.2000,3062.4000,3062.8000,3066.4000,3073.8000,1,1,1,1,1,1,1,1,1,1
SF,IH2009,2020-01-20 09:38:25.300,3060.4000,46,0,43206480.000,0,-,-,-,-,3060.0000,3059.6000,3059.4000,3057.8000,3057.2000,3062.2000,3062.4000,3062.8000,3066.4000,3073.8000,1,2,1,1,1,1,1,1,1,1
SF,IH2009,2020-01-20 09:38:25.800,3060.4000,46,0,43206480.000,0,-,-,-,-,3060.0000,3059.6000,3059.4000,3057.8000,3057.2000,3062.2000,3062.4000,3062.8000,3073.8000,3074.2000,1,2,1,1,1,1,1,1,1,5
SF,IH2009,2020-01-20 09:38:26.300,3060.4000,46,0,43206480.000,0,-,-,-,-,3060.0000,3059.6000,3059.4000,3057.8000,3057.2000,3062.2000,3062.4000,3062.8000,3065.0000,3073.8000,1,2,1,1,1,1,1,1,1,1
SF,IH2009,2020-01-20 09:38:26.800,3060.4000,46,0,43206480.000,0,-,-,-,-,3060.2000,3060.0000,3059.6000,3059.4000,3057.8000,3062.2000,3062.4000,3062.8000,3065.0000,3073.8000,1,1,1,1,1,1,1,1,1,1
SF,IH2009,2020-01-20 09:38:27.300,3060.2000,47,1,44124540.000,1,1,0,双开,S,3060.0000,3059.6000,3059.4000,3057.8000,3057.2000,3062.2000,3062.8000,3065.0000,3073.8000,3074.2000,1,1,1,1,1,1,1,1,1,5
SF,IH2009,2020-01-20 09:38:27.800,3060.2000,47,0,44124540.000,0,-,-,-,-,3060.0000,3059.4000,3057.8000,3057.2000,3055.2000,3062.2000,3062.8000,3065.0000,3073.8000,3074.2000,1,1,1,1,1,1,1,1,1,5
SF,IH2009,2020-01-20 09:38:28.300,3060.2000,47,0,44124540.000,0,-,-,-,-,3060.2000,3060.0000,3059.4000,3059.0000,3057.8000,3062.2000,3062.8000,3065.0000,3073.8000,3074.2000,1,1,1,1,1,1,1,1,1,5
SF,IH2009,2020-01-20 09:38:28.800,3060.2000,47,0,44124540.000,0,-,-,-,-,3060.4000,3060.2000,3060.0000,3059.4000,3059.0000,3062.2000,3062.8000,3065.0000,3073.8000,3074.2000,1,1,1,1,1,1,1,1,1,5
SF,IH2009,2020-01-20 09:38:29.300,3060.2000,47,0,44124540.000,0,-,-,-,-,3060.4000,3060.0000,3059.4000,3059.0000,3057.8000,3062.2000,3062.8000,3065.0000,3073.8000,3074.2000,1,1,1,1,1,1,1,1,1,5
SF,IH2009,2020-01-20 09:38:29.800,3060.4000,48,1,45042660.000,1,1,0,双开,S,3060.0000,3059.4000,3059.0000,3057.8000,3055.2000,3062.2000,3062.8000,3065.0000,3073.8000,3074.2000,1,1,1,1,1,1,1,1,1,5
SF,IH2009,2020-01-20 09:38:31.300,3060.4000,48,0,45042660.000,0,-,-,-,-,3060.0000,3059.0000,3057.8000,3055.2000,3054.6000,3062.2000,3062.8000,3065.0000,3073.8000,3074.2000,1,1,1,1,3,1,1,1,1,5
SF,IH2009,2020-01-20 09:38:32.300,3060.4000,48,0,45042660.000,0,-,-,-,-,3060.0000,3057.8000,3055.2000,3054.6000,3052.6000,3062.2000,3062.8000,3065.0000,3073.8000,3074.2000,1,1,1,3,1,1,1,1,1,5
SF,IH2009,2020-01-20 09:38:32.800,3060.4000,48,0,45042660.000,0,-,-,-,-,3060.2000,3060.0000,3057.8000,3055.2000,3054.6000,3062.2000,3062.8000,3065.0000,3073.8000,3074.2000,1,1,1,1,3,1,1,1,1,5
SF,IH2009,2020-01-20 09:38:33.300,3060.4000,48,0,45042660.000,0,-,-,-,-,3060.2000,3057.8000,3055.2000,3054.6000,3052.6000,3062.2000,3062.8000,3065.0000,3073.8000,3074.2000,1,1,1,3,1,1,1,1,1,5
SF,IH2009,2020-01-20 09:38:33.800,3060.4000,48,0,45042660.000,0,-,-,-,-,3060.4000,3060.2000,3057.8000,3055.2000,3054.6000,3062.2000,3062.8000,3065.0000,3073.8000,3074.2000,1,1,1,1,3,1,1,1,1,5
SF,IH2009,2020-01-20 09:38:36.300,3060.4000,49,1,45960780.000,1,1,0,双开,S,3060.2000,3057.8000,3055.2000,3054.6000,3052.6000,3062.2000,3062.8000,3065.0000,3073.8000,3074.2000,1,1,1,3,1,1,1,1,1,5
SF,IH2009,2020-01-20 09:38:37.800,3060.4000,49,0,45960780.000,0,-,-,-,-,3060.6000,3060.2000,3057.8000,3055.2000,3054.6000,3062.2000,3062.8000,3065.0000,3073.8000,3074.2000,1,1,1,1,3,1,1,1,1,5
SF,IH2009,2020-01-20 09:38:40.800,3060.6000,50,1,46878960.000,1,1,0,双开,S,3060.2000,3057.8000,3055.2000,3054.6000,3052.6000,3062.2000,3062.8000,3065.0000,3073.8000,3074.2000,1,1,1,3,1,1,1,1,1,5
SF,IH2009,2020-01-20 09:38:44.800,3060.6000,50,0,46878960.000,0,-,-,-,-,3057.8000,3055.2000,3054.6000,3052.6000,3052.4000,3062.2000,3062.8000,3065.2000,3074.2000,3120.4000,1,1,3,1,1,1,1,1,5,1
SF,IH2009,2020-01-20 09:38:46.300,3060.6000,50,0,46878960.000,0,-,-,-,-,3059.0000,3058.6000,3057.8000,3055.2000,3054.6000,3062.2000,3062.8000,3065.2000,3074.2000,3120.4000,1,1,1,1,3,1,1,1,5,1
SF,IH2009,2020-01-20 09:38:46.800,3060.6000,50,0,46878960.000,0,-,-,-,-,3059.2000,3059.0000,3058.6000,3058.0000,3057.8000,3062.2000,3062.8000,3065.2000,3074.2000,3120.4000,1,1,1,1,1,1,1,1,5,1
SF,IH2009,2020-01-20 09:38:47.300,3060.6000,50,0,46878960.000,0,-,-,-,-,3059.2000,3059.0000,3058.0000,3057.8000,3055.2000,3062.2000,3062.8000,3065.2000,3074.2000,3120.4000,2,1,1,1,1,1,1,1,5,1
SF,IH2009,2020-01-20 09:38:47.800,3060.6000,50,0,46878960.000,0,-,-,-,-,3059.6000,3059.2000,3059.0000,3058.0000,3057.8000,3062.2000,3062.8000,3065.2000,3074.2000,3120.4000,1,1,1,1,1,1,1,1,5,1
SF,IH2009,2020-01-20 09:38:48.300,3060.6000,50,0,46878960.000,0,-,-,-,-,3059.8000,3059.6000,3059.2000,3058.0000,3057.8000,3062.2000,3062.8000,3065.2000,3074.2000,3120.4000,1,2,1,1,1,1,1,1,5,1
SF,IH2009,2020-01-20 09:38:48.800,3060.6000,50,0,46878960.000,0,-,-,-,-,3059.8000,3059.6000,3059.2000,3058.0000,3057.8000,3062.2000,3062.8000,3065.2000,3074.2000,3120.4000,2,1,1,1,1,1,1,1,5,1
SF,IH2009,2020-01-20 09:38:49.300,3060.6000,50,0,46878960.000,0,-,-,-,-,3060.0000,3059.8000,3059.2000,3058.0000,3057.8000,3062.2000,3062.8000,3065.2000,3074.2000,3120.4000,1,2,1,1,1,1,1,1,5,1
SF,IH2009,2020-01-20 09:38:50.300,3060.6000,50,0,46878960.000,0,-,-,-,-,3060.2000,3060.0000,3059.8000,3059.2000,3058.0000,3062.2000,3062.8000,3065.2000,3074.2000,3120.4000,1,1,2,1,1,1,1,1,5,1
SF,IH2009,2020-01-20 09:38:51.300,3060.6000,50,0,46878960.000,0,-,-,-,-,3060.4000,3060.2000,3059.8000,3059.2000,3058.0000,3062.2000,3062.8000,3065.2000,3074.2000,3120.4000,1,1,2,1,1,1,1,1,5,1
SF,IH2009,2020-01-20 09:38:51.800,3060.6000,50,0,46878960.000,0,-,-,-,-,3060.2000,3059.8000,3059.2000,3058.0000,3057.8000,3062.2000,3062.8000,3065.2000,3074.2000,3120.4000,1,2,1,1,1,1,1,1,5,1
SF,IH2009,2020-01-20 09:38:52.300,3060.6000,50,0,46878960.000,0,-,-,-,-,3060.2000,3059.8000,3059.2000,3058.0000,3057.8000,3060.4000,3062.2000,3062.8000,3065.2000,3074.2000,1,2,1,1,1,1,1,1,1,5
SF,IH2009,2020-01-20 09:38:52.800,3060.4000,51,1,47797080.000,1,1,0,双开,S,3059.8000,3059.2000,3058.0000,3057.8000,3054.6000,3062.2000,3062.8000,3065.2000,3074.2000,3120.4000,2,1,1,1,3,1,1,1,5,1
SF,IH2009,2020-01-20 09:38:54.300,3060.4000,51,0,47797080.000,0,-,-,-,-,3060.0000,3059.8000,3059.2000,3058.0000,3057.8000,3062.2000,3062.8000,3065.2000,3074.2000,3120.4000,1,2,1,1,1,1,1,1,5,1
SF,IH2009,2020-01-20 09:38:54.800,3060.4000,51,0,47797080.000,0,-,-,-,-,3060.0000,3059.8000,3059.2000,3058.0000,3057.8000,3062.2000,3062.8000,3065.2000,3074.2000,3120.4000,3,2,1,1,1,1,1,1,5,1
SF,IH2009,2020-01-20 09:38:55.300,3060.4000,51,0,47797080.000,0,-,-,-,-,3060.2000,3060.0000,3059.8000,3059.2000,3058.0000,3062.2000,3062.8000,3065.2000,3074.2000,3120.4000,1,3,1,1,1,1,1,1,5,1
SF,IH2009,2020-01-20 09:38:55.800,3060.4000,51,0,47797080.000,0,-,-,-,-,3060.2000,3060.0000,3059.8000,3059.2000,3058.0000,3062.2000,3062.8000,3065.2000,3074.2000,3120.4000,2,2,1,1,1,1,1,1,5,1
SF,IH2009,2020-01-20 09:38:56.800,3060.4000,51,0,47797080.000,0,-,-,-,-,3060.2000,3060.0000,3059.8000,3059.2000,3058.0000,3062.2000,3062.8000,3065.2000,3074.2000,3120.4000,3,2,1,1,1,1,1,1,5,1
SF,IH2009,2020-01-20 09:38:57.300,3060.4000,51,0,47797080.000,0,-,-,-,-,3060.4000,3060.2000,3060.0000,3059.8000,3059.2000,3062.2000,3062.8000,3065.2000,3074.2000,3120.4000,2,2,2,1,1,1,1,1,5,1
SF,IH2009,2020-01-20 09:38:58.800,3060.4000,51,0,47797080.000,0,-,-,-,-,3060.8000,3060.6000,3060.4000,3060.2000,3060.0000,3062.2000,3062.8000,3065.2000,3074.2000,3120.4000,1,1,1,1,2,1,1,1,5,1
SF,IH2009,2020-01-20 09:38:59.300,3060.4000,51,0,47797080.000,0,-,-,-,-,3060.8000,3060.6000,3060.4000,3060.2000,3060.0000,3062.2000,3062.8000,3065.2000,3074.2000,3120.4000,1,1,1,1,2,1,1,1,5,1
SF,IH2009,2020-01-20 09:38:59.800,3060.4000,51,0,47797080.000,0,-,-,-,-,3060.8000,3060.6000,3060.4000,3060.2000,3060.0000,3062.2000,3062.8000,3065.2000,3074.2000,3120.4000,1,1,1,1,2,1,1,1,5,1
SF,IH2009,2020-01-20 09:39:00.300,3060.4000,51,0,47797080.000,0,-,-,-,-,3060.8000,3060.6000,3060.4000,3060.2000,3060.0000,3062.2000,3062.8000,3065.2000,3074.2000,3120.4000,1,1,1,1,1,1,1,1,5,1
SF,IH2009,2020-01-20 09:39:02.800,3060.4000,51,0,47797080.000,0,-,-,-,-,3060.8000,3060.4000,3060.2000,3060.0000,3059.8000,3062.2000,3062.8000,3065.2000,3074.2000,3120.4000,1,1,1,1,2,1,1,1,5,1
SF,IH2009,2020-01-20 09:39:03.800,3060.4000,51,0,47797080.000,0,-,-,-,-,3060.8000,3060.4000,3060.2000,3060.0000,3059.8000,3062.2000,3062.8000,3065.2000,3074.2000,3120.4000,1,1,1,1,2,1,1,1,5,1
SF,IH2009,2020-01-20 09:39:04.300,3060.4000,51,0,47797080.000,0,-,-,-,-,3060.4000,3060.2000,3060.0000,3059.8000,3059.2000,3062.2000,3062.8000,3065.2000,3074.2000,3120.4000,1,1,1,1,1,1,1,1,5,1
SF,IH2009,2020-01-20 09:39:04.800,3060.4000,51,0,47797080.000,0,-,-,-,-,3060.4000,3060.2000,3059.8000,3059.2000,3059.0000,3060.8000,3062.2000,3062.8000,3065.2000,3074.2000,1,1,1,1,1,1,1,1,1,5
SF,IH2009,2020-01-20 09:39:05.300,3060.8000,52,1,48715320.000,1,1,0,双开,S,3060.4000,3060.2000,3059.8000,3059.2000,3059.0000,3062.2000,3062.8000,3065.2000,3074.2000,3120.4000,1,1,1,1,1,1,1,1,5,1
SF,IH2009,2020-01-20 09:39:06.800,3060.8000,52,0,48715320.000,0,-,-,-,-,3060.4000,3060.2000,3059.8000,3059.2000,3059.0000,3062.2000,3065.2000,3074.2000,3120.4000,3277.0000,1,1,1,1,1,1,1,5,1,2
SF,IH2009,2020-01-20 09:39:07.800,3060.8000,52,0,48715320.000,0,-,-,-,-,3060.2000,3059.8000,3059.2000,3059.0000,3058.0000,3062.2000,3065.2000,3074.2000,3120.4000,3277.0000,1,1,1,1,1,1,1,5,1,2
SF,IH2009,2020-01-20 09:39:08.300,3060.8000,52,0,48715320.000,0,-,-,-,-,3060.2000,3059.8000,3059.2000,3059.0000,3058.0000,3060.4000,3062.2000,3065.2000,3074.2000,3120.4000,1,1,1,1,1,1,1,1,5,1
SF,IH2009,2020-01-20 09:39:08.800,3060.4000,53,1,49633440.000,1,1,0,双开,S,3060.2000,3059.8000,3059.2000,3059.0000,3058.0000,3062.2000,3065.2000,3074.2000,3120.4000,3277.0000,1,1,1,1,1,1,1,5,1,2
SF,IH2009,2020-01-20 09:39:11.300,3060.4000,53,0,49633440.000,0,-,-,-,-,3060.2000,3059.8000,3059.2000,3059.0000,3058.0000,3062.0000,3062.2000,3065.2000,3074.2000,3120.4000,1,1,1,1,1,1,1,1,5,1
SF,IH2009,2020-01-20 09:39:11.800,3060.4000,53,0,49633440.000,0,-,-,-,-,3060.4000,3060.2000,3059.8000,3059.2000,3059.0000,3061.8000,3062.0000,3065.2000,3074.2000,3120.4000,2,1,1,1,1,1,1,1,5,1
SF,IH2009,2020-01-20 09:39:12.300,3060.4000,53,0,49633440.000,0,-,-,-,-,3060.4000,3060.2000,3059.8000,3059.2000,3059.0000,3061.8000,3062.0000,3065.2000,3074.2000,3120.4000,1,1,1,1,1,1,1,1,5,1
