市场代码,合约代码,时间,最新,持仓,增仓,成交额,成交量,开仓,平仓,成交类型,方向,买一价,买二价,买三价,买四价,买五价,卖一价,卖二价,卖三价,卖四价,卖五价,买一量,买二量,买三量,买四量,买五量,卖一量,卖二量,卖三量,卖四量,卖五量
SF,IH2009,2020-05-27 09:29:00.200,2699.6000,14956,0,4049400.000,5.000,-,-,-,-,2698.0000,2697.8000,2696.0000,2695.2000,2695.0000,2699.8000,2701.2000,2702.2000,2702.8000,2703.0000,2,2,2,1,2,4,4,1,1,2
SF,IH2009,2020-05-27 09:30:00.200,2696.2000,14956,0,8904540.000,6,3,3,多换,S,2696.0000,2695.2000,2694.8000,2692.6000,2690.4000,2696.2000,2696.6000,2697.0000,2697.4000,2697.6000,1,1,1,1,1,3,2,3,1,10
SF,IH2009,2020-05-27 09:30:00.700,2696.0000,14953,-3,12948540.000,5,1,4,多平,S,2695.2000,2690.4000,2690.2000,2690.0000,2689.8000,2695.8000,2696.0000,2696.2000,2696.4000,2696.6000,1,1,3,5,1,3,13,4,4,2
SF,IH2009,2020-05-27 09:30:01.200,2696.0000,14951,-2,14566140.000,2,0,2,双平,S,2695.2000,2690.4000,2690.2000,2690.0000,2689.8000,2696.0000,2696.6000,2697.6000,2698.0000,2699.0000,1,1,3,5,1,10,2,2,7,2
SF,IH2009,2020-05-27 09:30:01.700,2695.2000,14949,-2,22653180.000,10,4,6,多平,S,2690.4000,2690.2000,2690.0000,2689.8000,2689.6000,2695.2000,2696.0000,2696.6000,2698.0000,2699.0000,1,2,5,1,1,2,5,2,7,3
SF,IH2009,2020-05-27 09:30:02.200,2695.2000,14949,0,22653180.000,0,-,-,-,-,2693.2000,2692.8000,2692.4000,2692.2000,2691.8000,2695.0000,2695.2000,2696.0000,2696.6000,2698.0000,1,2,4,2,3,1,2,5,2,7
SF,IH2009,2020-05-27 09:30:02.700,2695.2000,14949,0,22653180.000,0,-,-,-,-,2693.4000,2692.8000,2692.4000,2692.2000,2691.8000,2695.2000,2696.0000,2696.6000,2698.0000,2699.0000,3,3,5,2,3,3,5,2,7,3
SF,IH2009,2020-05-27 09:30:03.200,2695.2000,14949,0,22653180.000,0,-,-,-,-,2693.4000,2692.8000,2692.4000,2692.2000,2691.8000,2695.0000,2695.2000,2696.0000,2696.6000,2698.0000,3,3,5,2,3,1,3,5,2,7
SF,IH2009,2020-05-27 09:30:03.700,2693.6000,14949,0,23461260.000,1,0,1,多换,S,2693.4000,2692.8000,2692.4000,2692.2000,2691.8000,2695.2000,2696.0000,2696.6000,2698.0000,2699.0000,3,3,1,2,1,3,5,2,7,3
SF,IH2009,2020-05-27 09:30:04.200,2693.4000,14947,-2,25077360.000,2,0,2,双平,S,2693.4000,2692.8000,2692.4000,2692.2000,2691.8000,2695.2000,2696.0000,2696.6000,2698.0000,2699.0000,2,3,1,2,1,3,5,2,7,3
SF,IH2009,2020-05-27 09:30:04.700,2693.4000,14947,0,25885380.000,1,0,1,多换,S,2692.8000,2692.4000,2692.2000,2691.8000,2691.4000,2693.4000,2695.0000,2695.2000,2696.0000,2696.6000,3,1,2,1,1,1,1,3,5,2
SF,IH2009,2020-05-27 09:30:05.200,2693.4000,14947,0,25885380.000,0,-,-,-,-,2692.8000,2692.4000,2692.2000,2691.8000,2691.4000,2693.4000,2695.0000,2695.2000,2696.0000,2696.6000,1,1,1,1,1,1,1,3,5,2
SF,IH2009,2020-05-27 09:30:06.200,2693.4000,14947,0,25885380.000,0,-,-,-,-,2691.8000,2691.4000,2690.6000,2690.4000,2690.2000,2693.4000,2695.0000,2695.2000,2696.0000,2696.6000,1,1,6,1,2,1,1,3,5,2
SF,IH2009,2020-05-27 09:30:07.200,2693.4000,14947,0,25885380.000,0,-,-,-,-,2690.6000,2690.4000,2690.2000,2690.0000,2689.8000,2693.4000,2695.0000,2695.2000,2696.0000,2696.6000,6,1,2,5,1,1,1,3,5,2
SF,IH2009,2020-05-27 09:30:07.700,2693.4000,14947,0,25885380.000,0,-,-,-,-,2690.8000,2690.6000,2690.4000,2690.2000,2690.0000,2693.2000,2693.4000,2695.2000,2696.0000,2696.6000,3,6,1,2,6,1,1,3,5,2
SF,IH2009,2020-05-27 09:30:08.200,2693.4000,14947,0,25885380.000,0,-,-,-,-,2691.0000,2690.8000,2690.6000,2690.4000,2690.2000,2693.2000,2693.4000,2695.2000,2696.0000,2696.6000,2,2,4,1,2,1,1,3,5,2
SF,IH2009,2020-05-27 09:30:08.700,2693.4000,14947,0,25885380.000,0,-,-,-,-,2691.2000,2691.0000,2690.8000,2690.6000,2690.4000,2693.2000,2693.4000,2695.2000,2696.0000,2696.6000,1,3,1,4,1,1,1,3,5,2
SF,IH2009,2020-05-27 09:30:09.200,2693.4000,14947,0,25885380.000,0,-,-,-,-,2691.4000,2691.2000,2691.0000,2690.6000,2690.4000,2693.2000,2693.4000,2695.2000,2696.0000,2696.6000,4,1,3,4,1,1,1,3,5,2
SF,IH2009,2020-05-27 09:30:09.700,2691.4000,14945,-2,27500280.000,2,0,2,双平,S,2691.4000,2691.0000,2690.6000,2690.4000,2690.2000,2693.2000,2693.4000,2695.2000,2696.0000,2696.6000,5,1,4,1,2,1,1,3,5,2
SF,IH2009,2020-05-27 09:30:10.200,2691.4000,14945,0,27500280.000,0,-,-,-,-,2691.6000,2691.4000,2691.0000,2690.6000,2690.4000,2693.2000,2693.4000,2695.2000,2696.0000,2696.6000,2,3,1,4,1,1,1,3,5,2
SF,IH2009,2020-05-27 09:30:10.700,2691.4000,14945,0,27500280.000,0,-,-,-,-,2691.8000,2691.6000,2691.0000,2690.6000,2690.4000,2693.4000,2695.2000,2696.0000,2696.6000,2698.0000,3,2,1,4,1,1,3,5,2,6
SF,IH2009,2020-05-27 09:30:11.200,2691.4000,14945,0,27500280.000,0,-,-,-,-,2692.0000,2691.8000,2691.6000,2691.0000,2690.6000,2693.4000,2695.2000,2696.0000,2696.6000,2698.0000,1,3,2,1,4,1,3,5,2,6
SF,IH2009,2020-05-27 09:30:11.700,2691.4000,14944,-1,28307700.000,1,0,1,双平,S,2692.2000,2692.0000,2691.6000,2691.0000,2690.6000,2693.4000,2695.2000,2695.6000,2696.0000,2696.6000,2,2,2,1,4,1,3,1,5,2
SF,IH2009,2020-05-27 09:30:12.200,2692.0000,14941,-3,30730620.000,3,0,3,双平,S,2691.0000,2690.6000,2690.4000,2690.2000,2690.0000,2693.2000,2693.4000,2695.2000,2695.6000,2696.0000,1,4,1,2,6,1,1,3,1,5
SF,IH2009,2020-05-27 09:30:12.700,2692.0000,14941,0,30730620.000,0,-,-,-,-,2691.0000,2690.6000,2690.4000,2690.2000,2690.0000,2693.0000,2693.2000,2693.4000,2695.2000,2695.6000,2,2,1,2,6,2,1,1,3,1
SF,IH2009,2020-05-27 09:30:13.200,2693.0000,14941,0,31538520.000,1,0,1,多换,S,2691.2000,2690.6000,2690.4000,2690.2000,2690.0000,2693.0000,2693.2000,2693.4000,2695.2000,2695.6000,3,2,1,2,6,1,1,1,3,1
SF,IH2009,2020-05-27 09:30:13.700,2693.0000,14941,0,31538520.000,0,-,-,-,-,2691.2000,2690.6000,2690.4000,2690.2000,2690.0000,2693.0000,2693.4000,2695.2000,2695.6000,2696.0000,3,2,1,2,6,1,1,3,1,5
SF,IH2009,2020-05-27 09:30:14.200,2691.6000,14941,0,32346000.000,1,0,1,多换,S,2691.2000,2690.6000,2690.4000,2690.2000,2690.0000,2693.4000,2695.2000,2695.6000,2696.0000,2696.6000,3,2,1,2,6,1,3,1,5,2
SF,IH2009,2020-05-27 09:30:14.700,2691.6000,14941,0,32346000.000,0,-,-,-,-,2691.4000,2691.2000,2690.6000,2690.4000,2690.2000,2693.2000,2693.4000,2695.2000,2695.6000,2696.0000,1,3,2,1,2,1,1,3,1,5
SF,IH2009,2020-05-27 09:30:15.200,2691.6000,14941,0,32346000.000,0,-,-,-,-,2691.6000,2691.4000,2691.2000,2690.6000,2690.4000,2695.2000,2695.6000,2696.0000,2698.0000,2699.0000,1,1,2,2,1,3,1,5,1,3
SF,IH2009,2020-05-27 09:30:15.700,2691.6000,14941,0,32346000.000,0,-,-,-,-,2692.2000,2691.6000,2691.4000,2691.2000,2690.6000,2695.0000,2695.2000,2695.6000,2696.0000,2698.0000,1,1,1,2,2,5,3,1,5,1
SF,IH2009,2020-05-27 09:30:16.200,2691.6000,14941,0,32346000.000,0,-,-,-,-,2692.4000,2692.2000,2690.6000,2690.4000,2690.2000,2694.0000,2694.4000,2694.8000,2695.0000,2695.2000,1,1,2,1,2,1,1,2,6,3
SF,IH2009,2020-05-27 09:30:16.700,2693.8000,14944,3,34770420.000,3,3,0,双开,S,2692.4000,2690.6000,2690.4000,2690.2000,2690.0000,2693.8000,2694.0000,2694.4000,2694.8000,2695.0000,1,2,1,2,6,1,1,1,2,4
SF,IH2009,2020-05-27 09:30:17.200,2692.4000,14944,0,35578140.000,1,0,1,多换,S,2690.6000,2690.4000,2690.2000,2690.0000,2689.8000,2693.8000,2694.0000,2694.4000,2694.8000,2695.0000,2,1,2,6,1,2,1,1,2,4
SF,IH2009,2020-05-27 09:30:17.700,2690.8000,14944,0,36385380.000,1,0,1,多换,S,2690.8000,2690.6000,2690.4000,2690.2000,2690.0000,2693.6000,2693.8000,2694.0000,2694.4000,2694.8000,4,2,1,2,6,3,2,1,1,2
SF,IH2009,2020-05-27 09:30:18.200,2690.8000,14944,0,36385380.000,0,-,-,-,-,2690.8000,2690.6000,2690.4000,2690.2000,2690.0000,2693.4000,2693.6000,2693.8000,2694.4000,2694.8000,6,2,1,2,6,1,3,3,1,2
SF,IH2009,2020-05-27 09:30:18.700,2690.8000,14944,0,36385380.000,0,-,-,-,-,2691.0000,2690.8000,2690.6000,2690.4000,2690.2000,2693.2000,2693.4000,2693.6000,2693.8000,2694.4000,3,4,2,1,2,2,1,1,3,1
SF,IH2009,2020-05-27 09:30:19.200,2690.8000,14944,0,36385380.000,0,-,-,-,-,2691.2000,2691.0000,2690.8000,2690.6000,2690.4000,2693.2000,2693.4000,2693.6000,2693.8000,2694.4000,4,4,2,1,1,2,1,1,3,1
SF,IH2009,2020-05-27 09:30:19.700,2690.8000,14944,0,36385380.000,0,-,-,-,-,2691.2000,2691.0000,2690.8000,2690.6000,2690.4000,2693.0000,2693.2000,2693.4000,2693.6000,2693.8000,5,4,2,1,1,1,2,1,1,2
SF,IH2009,2020-05-27 09:30:20.200,2690.8000,14944,0,36385380.000,0,-,-,-,-,2691.2000,2691.0000,2690.8000,2690.6000,2690.4000,2692.8000,2693.0000,2693.2000,2693.4000,2693.8000,5,4,2,1,1,2,1,1,1,2
SF,IH2009,2020-05-27 09:30:20.700,2691.2000,14944,0,37192740.000,1,0,1,多换,S,2691.2000,2691.0000,2690.8000,2690.6000,2690.4000,2692.6000,2692.8000,2693.2000,2693.4000,2693.8000,3,4,2,1,1,1,2,1,1,2
SF,IH2009,2020-05-27 09:30:21.200,2691.2000,14944,0,37192740.000,0,-,-,-,-,2691.2000,2691.0000,2690.8000,2690.6000,2690.4000,2692.6000,2692.8000,2693.4000,2693.8000,2694.2000,3,1,2,1,1,2,2,1,2,1
SF,IH2009,2020-05-27 09:30:21.700,2691.2000,14944,0,37192740.000,0,-,-,-,-,2691.4000,2691.2000,2691.0000,2690.8000,2690.6000,2692.6000,2692.8000,2693.4000,2693.8000,2694.2000,1,3,1,2,1,1,2,1,2,1
SF,IH2009,2020-05-27 09:30:22.200,2691.2000,14944,0,37192740.000,0,-,-,-,-,2691.4000,2691.2000,2691.0000,2690.4000,2690.2000,2692.6000,2692.8000,2693.4000,2693.8000,2694.2000,1,3,1,1,2,1,2,1,2,1
SF,IH2009,2020-05-27 09:30:22.700,2691.2000,14944,0,37192740.000,0,-,-,-,-,2691.4000,2691.2000,2691.0000,2690.8000,2690.4000,2692.6000,2692.8000,2693.4000,2693.8000,2694.2000,1,3,1,1,1,1,2,1,2,1
SF,IH2009,2020-05-27 09:30:23.200,2691.2000,14944,0,37192740.000,0,-,-,-,-,2691.4000,2691.2000,2691.0000,2690.8000,2690.4000,2692.8000,2693.4000,2693.8000,2694.2000,2694.4000,1,3,1,1,1,2,1,2,1,1
SF,IH2009,2020-05-27 09:30:23.700,2691.4000,14945,1,38000160.000,1,1,0,双开,S,2691.2000,2691.0000,2690.8000,2690.4000,2690.2000,2692.8000,2693.4000,2693.8000,2694.2000,2694.4000,3,1,1,1,2,2,1,2,1,1
SF,IH2009,2020-05-27 09:30:24.200,2691.4000,14945,0,38000160.000,0,-,-,-,-,2691.2000,2691.0000,2690.8000,2690.4000,2690.2000,2692.8000,2693.4000,2693.8000,2694.2000,2694.4000,2,1,1,1,2,2,1,2,1,1
SF,IH2009,2020-05-27 09:30:24.700,2691.4000,14945,0,38000160.000,0,-,-,-,-,2691.4000,2691.2000,2691.0000,2690.8000,2690.4000,2692.6000,2692.8000,2693.4000,2693.8000,2694.2000,1,2,1,1,1,1,2,1,2,1
SF,IH2009,2020-05-27 09:30:25.200,2691.4000,14945,0,38000160.000,0,-,-,-,-,2691.6000,2691.4000,2691.2000,2691.0000,2690.8000,2692.6000,2692.8000,2693.4000,2693.8000,2694.2000,1,3,2,1,1,2,2,1,2,1
SF,IH2009,2020-05-27 09:30:25.700,2691.4000,14945,0,38000160.000,0,-,-,-,-,2691.8000,2691.4000,2691.2000,2691.0000,2690.8000,2692.6000,2692.8000,2693.4000,2693.8000,2694.2000,1,3,2,1,1,1,1,1,2,1
SF,IH2009,2020-05-27 09:30:26.200,2691.4000,14945,0,38000160.000,0,-,-,-,-,2691.4000,2691.2000,2691.0000,2690.8000,2690.4000,2692.6000,2692.8000,2693.4000,2693.8000,2694.2000,3,2,1,1,1,1,1,1,2,1
SF,IH2009,2020-05-27 09:30:26.700,2691.4000,14945,0,38000160.000,0,-,-,-,-,2691.6000,2691.4000,2691.2000,2691.0000,2690.8000,2692.6000,2692.8000,2693.4000,2693.8000,2694.2000,1,3,2,1,1,1,1,1,2,1
SF,IH2009,2020-05-27 09:30:27.200,2692.6000,14945,0,38807940.000,1,0,1,多换,S,2691.8000,2691.4000,2691.2000,2691.0000,2690.8000,2692.8000,2693.4000,2693.8000,2694.2000,2694.4000,1,3,1,1,1,1,1,2,1,1
SF,IH2009,2020-05-27 09:30:27.700,2692.6000,14945,0,38807940.000,0,-,-,-,-,2692.0000,2691.4000,2691.2000,2691.0000,2690.8000,2692.8000,2693.4000,2693.8000,2694.2000,2694.4000,1,3,1,1,1,1,1,2,1,1
SF,IH2009,2020-05-27 09:30:28.200,2692.6000,14945,0,38807940.000,0,-,-,-,-,2691.4000,2691.2000,2691.0000,2690.8000,2690.4000,2692.8000,2693.4000,2693.8000,2694.2000,2694.4000,3,1,1,1,1,1,1,2,1,1
SF,IH2009,2020-05-27 09:30:28.700,2692.6000,14945,0,38807940.000,0,-,-,-,-,2691.6000,2691.4000,2691.2000,2691.0000,2690.8000,2692.8000,2693.4000,2693.8000,2694.2000,2694.4000,2,3,1,1,1,1,1,2,1,1
SF,IH2009,2020-05-27 09:30:29.200,2691.6000,14944,-1,39615420.000,1,0,1,双平,S,2691.4000,2691.2000,2691.0000,2690.4000,2690.2000,2691.6000,2692.8000,2693.4000,2693.8000,2694.4000,4,1,1,1,2,1,1,1,2,1
SF,IH2009,2020-05-27 09:30:29.700,2691.6000,14944,0,40422900.000,1,0,1,多换,S,2691.6000,2691.4000,2691.2000,2691.0000,2690.4000,2692.8000,2693.4000,2693.8000,2694.4000,2694.8000,2,4,1,1,1,1,1,2,1,2
SF,IH2009,2020-05-27 09:30:30.200,2691.6000,14944,0,40422900.000,0,-,-,-,-,2691.6000,2691.4000,2691.2000,2691.0000,2690.4000,2692.8000,2693.4000,2693.8000,2694.4000,2694.8000,2,4,1,1,1,1,1,2,1,2
SF,IH2009,2020-05-27 09:30:30.700,2691.6000,14944,0,40422900.000,0,-,-,-,-,2691.8000,2691.6000,2691.4000,2691.2000,2691.0000,2692.8000,2693.4000,2693.8000,2694.4000,2694.8000,1,2,4,1,1,1,1,2,1,2
SF,IH2009,2020-05-27 09:30:31.700,2691.6000,14944,0,40422900.000,0,-,-,-,-,2691.8000,2691.6000,2691.4000,2691.2000,2691.0000,2692.8000,2693.4000,2693.8000,2694.4000,2694.8000,1,2,4,1,1,1,1,2,1,2
SF,IH2009,2020-05-27 09:30:32.200,2691.6000,14944,0,40422900.000,0,-,-,-,-,2691.8000,2691.6000,2691.4000,2691.2000,2691.0000,2692.6000,2692.8000,2693.4000,2693.8000,2694.4000,1,2,4,1,1,2,1,1,2,1
SF,IH2009,2020-05-27 09:30:32.700,2692.6000,14944,0,41230680.000,1,0,1,多换,S,2691.8000,2691.6000,2691.4000,2691.2000,2691.0000,2692.8000,2693.4000,2693.8000,2694.4000,2694.8000,1,1,4,1,1,1,1,2,1,2
SF,IH2009,2020-05-27 09:30:33.200,2692.6000,14944,0,41230680.000,0,-,-,-,-,2691.6000,2691.4000,2691.2000,2691.0000,2690.4000,2692.8000,2693.4000,2693.8000,2694.4000,2694.8000,1,4,1,1,1,1,1,2,1,2
SF,IH2009,2020-05-27 09:30:33.700,2692.6000,14944,0,41230680.000,0,-,-,-,-,2691.6000,2691.4000,2691.2000,2691.0000,2690.4000,2691.8000,2692.6000,2692.8000,2693.4000,2693.8000,1,4,1,1,1,1,1,1,1,2
SF,IH2009,2020-05-27 09:30:34.200,2691.6000,14942,-2,42845700.000,2,0,2,双平,S,2691.4000,2691.2000,2691.0000,2690.4000,2690.2000,2692.6000,2692.8000,2693.4000,2693.8000,2694.4000,4,1,1,1,2,1,1,1,2,1
SF,IH2009,2020-05-27 09:30:34.700,2691.6000,14942,0,42845700.000,0,-,-,-,-,2691.4000,2691.2000,2691.0000,2690.4000,2690.2000,2692.8000,2693.4000,2693.8000,2694.4000,2694.8000,4,1,1,1,2,1,1,2,1,2
SF,IH2009,2020-05-27 09:30:36.200,2691.6000,14942,0,42845700.000,0,-,-,-,-,2691.4000,2691.2000,2691.0000,2690.4000,2690.2000,2692.8000,2693.4000,2693.8000,2694.4000,2694.8000,4,1,1,1,2,1,1,2,1,2
SF,IH2009,2020-05-27 09:30:36.700,2692.8000,14943,1,43653540.000,1,1,0,双开,S,2691.4000,2691.2000,2691.0000,2690.4000,2690.2000,2693.4000,2693.8000,2694.4000,2694.8000,2695.0000,4,1,1,1,2,1,2,1,2,4
SF,IH2009,2020-05-27 09:30:37.200,2692.8000,14943,0,43653540.000,0,-,-,-,-,2691.4000,2691.2000,2691.0000,2690.4000,2690.2000,2693.2000,2693.4000,2693.8000,2694.4000,2694.8000,4,1,1,1,2,4,1,2,1,2
SF,IH2009,2020-05-27 09:30:37.700,2691.6000,14943,0,44461020.000,1,0,1,多换,S,2691.4000,2691.2000,2691.0000,2690.4000,2690.2000,2693.0000,2693.2000,2693.4000,2693.8000,2694.4000,4,1,1,1,2,1,4,1,2,1
SF,IH2009,2020-05-27 09:30:38.200,2691.6000,14943,0,44461020.000,0,-,-,-,-,2691.4000,2691.2000,2691.0000,2690.4000,2690.2000,2693.0000,2693.2000,2693.4000,2693.8000,2694.4000,4,1,1,1,2,1,3,1,2,1
SF,IH2009,2020-05-27 09:30:38.700,2691.6000,14943,0,44461020.000,0,-,-,-,-,2691.4000,2691.2000,2691.0000,2690.4000,2690.2000,2692.8000,2693.0000,2693.2000,2693.4000,2693.8000,4,1,1,1,2,1,1,3,1,2
SF,IH2009,2020-05-27 09:30:39.200,2691.4000,14943,0,45268440.000,1,0,1,多换,S,2691.4000,2691.2000,2691.0000,2690.4000,2690.2000,2692.6000,2693.2000,2693.4000,2693.8000,2694.4000,3,1,1,1,2,1,3,1,2,1
SF,IH2009,2020-05-27 09:30:39.700,2691.4000,14943,0,45268440.000,0,-,-,-,-,2691.4000,2691.2000,2691.0000,2690.4000,2690.2000,2693.2000,2693.4000,2693.8000,2694.4000,2694.8000,3,1,1,1,2,3,1,2,1,2
SF,IH2009,2020-05-27 09:30:40.200,2691.4000,14943,0,45268440.000,0,-,-,-,-,2691.4000,2691.2000,2691.0000,2690.4000,2690.2000,2693.0000,2693.2000,2693.4000,2693.8000,2694.4000,3,1,1,1,2,2,3,1,2,1
SF,IH2009,2020-05-27 09:30:40.700,2691.4000,14943,0,45268440.000,0,-,-,-,-,2692.6000,2691.4000,2691.2000,2691.0000,2690.4000,2693.0000,2693.2000,2693.4000,2693.8000,2694.4000,1,3,1,1,1,2,3,1,2,1
SF,IH2009,2020-05-27 09:30:41.200,2692.6000,14942,-1,46884000.000,2,0,2,多平,S,2691.4000,2691.2000,2691.0000,2690.4000,2690.2000,2692.6000,2693.0000,2693.2000,2693.4000,2693.8000,3,1,1,1,2,1,2,2,1,2
SF,IH2009,2020-05-27 09:30:41.700,2692.6000,14942,0,46884000.000,0,-,-,-,-,2691.4000,2691.2000,2691.0000,2690.4000,2690.2000,2692.6000,2692.8000,2693.0000,2693.2000,2693.4000,3,1,1,1,2,3,1,1,2,1
SF,IH2009,2020-05-27 09:30:42.200,2692.6000,14942,0,46884000.000,0,-,-,-,-,2691.4000,2691.2000,2691.0000,2690.4000,2690.2000,2692.4000,2692.6000,2692.8000,2693.2000,2693.4000,3,1,1,1,2,1,3,1,2,1
SF,IH2009,2020-05-27 09:30:42.700,2692.6000,14942,0,46884000.000,0,-,-,-,-,2691.6000,2691.4000,2691.2000,2691.0000,2690.4000,2692.4000,2692.6000,2692.8000,2693.2000,2693.4000,1,2,1,1,1,2,3,1,2,1
SF,IH2009,2020-05-27 09:30:43.200,2692.6000,14942,0,46884000.000,0,-,-,-,-,2691.6000,2691.4000,2691.2000,2691.0000,2690.4000,2692.4000,2692.6000,2692.8000,2693.2000,2693.4000,1,2,1,1,1,2,3,1,2,1
SF,IH2009,2020-05-27 09:30:43.700,2692.6000,14942,0,46884000.000,0,-,-,-,-,2691.6000,2691.4000,2691.2000,2691.0000,2690.4000,2692.4000,2692.6000,2692.8000,2693.2000,2693.4000,1,2,1,1,1,1,3,1,2,1
SF,IH2009,2020-05-27 09:30:46.200,2692.6000,14942,0,46884000.000,0,-,-,-,-,2691.6000,2691.4000,2691.2000,2691.0000,2690.4000,2692.4000,2692.6000,2692.8000,2693.2000,2693.4000,1,2,1,1,1,1,3,1,2,1
SF,IH2009,2020-05-27 09:30:46.700,2692.6000,14942,0,46884000.000,0,-,-,-,-,2691.6000,2691.4000,2691.2000,2691.0000,2690.4000,2692.6000,2693.2000,2693.4000,2693.8000,2694.8000,1,2,1,1,1,1,2,1,1,2
SF,IH2009,2020-05-27 09:30:49.200,2692.6000,14942,0,46884000.000,0,-,-,-,-,2691.6000,2691.4000,2691.2000,2691.0000,2690.4000,2692.6000,2693.2000,2693.4000,2693.8000,2694.8000,1,2,1,1,1,1,2,1,1,2
SF,IH2009,2020-05-27 09:30:49.700,2692.6000,14942,0,46884000.000,0,-,-,-,-,2691.8000,2691.6000,2691.4000,2691.2000,2691.0000,2692.6000,2693.2000,2693.4000,2693.8000,2694.8000,1,1,2,1,1,1,2,1,1,2
SF,IH2009,2020-05-27 09:30:53.200,2692.6000,14942,0,46884000.000,0,-,-,-,-,2691.8000,2691.6000,2691.4000,2691.2000,2691.0000,2692.6000,2693.2000,2693.4000,2693.8000,2694.8000,1,1,2,1,1,1,2,1,1,2
SF,IH2009,2020-05-27 09:30:55.700,2691.8000,14941,-1,47691540.000,1,0,1,双平,S,2691.6000,2691.4000,2691.2000,2691.0000,2690.4000,2692.6000,2693.2000,2693.4000,2693.8000,2694.8000,1,2,1,1,1,1,2,1,1,2
SF,IH2009,2020-05-27 09:30:56.200,2691.8000,14941,0,47691540.000,0,-,-,-,-,2691.6000,2691.4000,2691.2000,2691.0000,2690.4000,2692.6000,2693.2000,2693.4000,2693.8000,2694.8000,2,2,1,1,1,1,2,1,1,2
SF,IH2009,2020-05-27 09:30:56.700,2691.8000,14941,0,47691540.000,0,-,-,-,-,2691.6000,2691.4000,2691.2000,2691.0000,2690.4000,2692.6000,2693.2000,2693.4000,2693.8000,2694.8000,1,2,1,1,1,1,2,1,1,2
SF,IH2009,2020-05-27 09:30:57.200,2691.8000,14941,0,47691540.000,0,-,-,-,-,2691.6000,2691.4000,2691.2000,2691.0000,2690.4000,2692.4000,2692.6000,2693.2000,2693.4000,2693.8000,1,2,1,1,1,1,1,2,1,1
SF,IH2009,2020-05-27 09:30:57.700,2691.8000,14941,0,47691540.000,0,-,-,-,-,2691.6000,2691.4000,2691.2000,2691.0000,2690.4000,2692.6000,2693.2000,2693.4000,2693.8000,2694.8000,1,2,1,1,1,1,2,1,1,2
SF,IH2009,2020-05-27 09:30:58.200,2691.8000,14941,0,47691540.000,0,-,-,-,-,2691.6000,2691.4000,2691.2000,2691.0000,2690.4000,2692.6000,2693.2000,2693.4000,2693.8000,2694.8000,2,2,1,1,1,1,2,1,1,2
SF,IH2009,2020-05-27 09:30:58.700,2691.8000,14941,0,47691540.000,0,-,-,-,-,2691.6000,2691.4000,2691.2000,2691.0000,2690.4000,2692.6000,2693.2000,2693.4000,2693.8000,2694.8000,1,2,1,1,1,1,2,1,1,2
SF,IH2009,2020-05-27 09:31:00.200,2691.8000,14941,0,47691540.000,0,-,-,-,-,2691.6000,2691.4000,2691.2000,2691.0000,2690.4000,2692.4000,2692.6000,2693.2000,2693.4000,2693.8000,1,2,1,1,1,2,1,2,1,1
SF,IH2009,2020-05-27 09:31:00.700,2691.8000,14941,0,47691540.000,0,-,-,-,-,2691.6000,2691.4000,2691.2000,2691.0000,2690.4000,2692.4000,2692.6000,2693.2000,2693.4000,2693.8000,1,2,1,1,1,2,1,2,1,1
SF,IH2009,2020-05-27 09:31:01.200,2691.8000,14941,0,47691540.000,0,-,-,-,-,2691.6000,2691.4000,2691.2000,2691.0000,2690.4000,2692.4000,2692.6000,2693.2000,2693.4000,2693.8000,1,2,1,1,1,1,1,2,1,1
SF,IH2009,2020-05-27 09:31:01.700,2691.4000,14940,-1,49306440.000,2,0,2,多平,S,2691.4000,2691.2000,2691.0000,2690.4000,2690.2000,2691.6000,2692.2000,2692.6000,2693.2000,2693.4000,1,1,1,1,2,1,1,1,2,1
SF,IH2009,2020-05-27 09:31:02.200,2691.6000,14939,-1,50113920.000,1,0,1,双平,S,2691.4000,2691.0000,2690.4000,2690.2000,2690.0000,2692.6000,2693.2000,2693.4000,2693.8000,2694.8000,1,1,1,2,6,2,2,2,1,2
SF,IH2009,2020-05-27 09:31:02.700,2691.6000,14939,0,50113920.000,0,-,-,-,-,2691.4000,2691.0000,2690.4000,2690.2000,2690.0000,2692.4000,2692.6000,2693.2000,2693.4000,2693.8000,1,1,1,2,6,4,2,2,2,1
SF,IH2009,2020-05-27 09:31:03.200,2691.6000,14939,0,50113920.000,0,-,-,-,-,2691.4000,2691.0000,2690.4000,2690.2000,2690.0000,2692.4000,2692.6000,2693.2000,2693.4000,2693.8000,1,1,1,2,6,4,2,2,2,1
SF,IH2009,2020-05-27 09:31:03.700,2691.6000,14939,0,50113920.000,0,-,-,-,-,2691.4000,2691.0000,2690.4000,2690.2000,2690.0000,2692.2000,2692.4000,2692.6000,2693.2000,2693.4000,1,1,1,2,6,1,6,2,2,2
SF,IH2009,2020-05-27 09:31:04.200,2691.4000,14939,0,50921340.000,1,0,1,多换,S,2691.0000,2690.4000,2690.2000,2690.0000,2689.8000,2691.4000,2692.0000,2692.2000,2692.4000,2692.6000,1,1,2,6,1,1,2,2,2,2
SF,IH2009,2020-05-27 09:31:04.700,2691.4000,14939,0,50921340.000,0,-,-,-,-,2691.4000,2690.4000,2690.2000,2690.0000,2689.8000,2692.0000,2692.2000,2692.4000,2692.6000,2693.2000,2,1,2,6,1,1,2,2,2,2
SF,IH2009,2020-05-27 09:31:05.200,2691.4000,14939,0,50921340.000,0,-,-,-,-,2690.4000,2690.2000,2690.0000,2689.8000,2689.6000,2692.0000,2692.2000,2692.4000,2692.6000,2693.2000,1,2,6,1,1,1,2,2,2,2
SF,IH2009,2020-05-27 09:31:05.700,2691.4000,14939,0,50921340.000,0,-,-,-,-,2690.6000,2690.4000,2690.2000,2690.0000,2689.8000,2692.2000,2692.6000,2693.2000,2693.4000,2693.8000,1,1,2,6,1,1,2,2,2,1
SF,IH2009,2020-05-27 09:31:06.200,2691.4000,14939,0,50921340.000,0,-,-,-,-,2690.6000,2690.4000,2690.2000,2690.0000,2689.8000,2692.0000,2692.6000,2693.2000,2693.4000,2693.8000,1,1,2,6,1,3,2,2,2,1
SF,IH2009,2020-05-27 09:31:06.700,2691.4000,14939,0,50921340.000,0,-,-,-,-,2691.4000,2690.6000,2690.4000,2690.2000,2690.0000,2692.0000,2692.2000,2692.6000,2693.2000,2693.4000,1,1,1,2,6,3,1,2,2,2
SF,IH2009,2020-05-27 09:31:07.200,2691.4000,14938,-1,51728760.000,1,0,1,双平,S,2690.8000,2690.6000,2690.4000,2690.2000,2690.0000,2691.4000,2692.0000,2692.6000,2693.2000,2693.4000,2,1,1,2,6,2,1,2,2,2
SF,IH2009,2020-05-27 09:31:07.700,2691.4000,14938,0,51728760.000,0,-,-,-,-,2690.8000,2690.6000,2690.4000,2690.2000,2690.0000,2691.2000,2691.4000,2692.6000,2693.2000,2693.4000,2,1,1,2,6,1,2,2,2,2
SF,IH2009,2020-05-27 09:31:08.200,2691.4000,14938,0,51728760.000,0,-,-,-,-,2690.8000,2690.6000,2690.4000,2690.2000,2690.0000,2691.2000,2691.4000,2692.6000,2693.2000,2693.4000,2,1,1,2,6,1,2,1,2,2
SF,IH2009,2020-05-27 09:31:09.200,2691.4000,14938,0,51728760.000,0,-,-,-,-,2690.8000,2690.6000,2690.4000,2690.2000,2690.0000,2691.2000,2691.4000,2692.6000,2693.2000,2693.4000,2,1,1,2,6,1,2,2,2,2
SF,IH2009,2020-05-27 09:31:09.700,2690.8000,14937,-1,52536000.000,1,0,1,双平,S,2690.8000,2690.4000,2690.2000,2690.0000,2689.8000,2691.2000,2691.4000,2692.6000,2693.2000,2693.4000,1,1,2,7,1,1,2,2,2,2
SF,IH2009,2020-05-27 09:31:10.200,2690.8000,14936,-1,53343240.000,1,0,1,双平,S,2690.4000,2690.2000,2690.0000,2689.8000,2689.6000,2691.2000,2691.4000,2692.6000,2693.2000,2693.4000,1,2,7,1,1,2,2,2,2,2
SF,IH2009,2020-05-27 09:31:10.700,2690.8000,14936,0,53343240.000,0,-,-,-,-,2690.4000,2690.2000,2690.0000,2689.8000,2689.6000,2690.8000,2691.2000,2691.4000,2692.6000,2693.2000,1,2,7,1,1,2,2,2,2,2
SF,IH2009,2020-05-27 09:31:11.200,2690.8000,14936,0,53343240.000,0,-,-,-,-,2690.4000,2690.2000,2690.0000,2689.8000,2689.6000,2690.8000,2691.2000,2691.4000,2692.6000,2693.2000,1,2,7,1,1,2,2,2,2,2
SF,IH2009,2020-05-27 09:31:12.200,2690.4000,14937,1,54150360.000,1,1,0,双开,S,2690.2000,2690.0000,2689.8000,2689.6000,2689.4000,2690.8000,2691.2000,2691.4000,2692.6000,2693.2000,2,7,1,1,1,2,2,2,2,2
SF,IH2009,2020-05-27 09:31:13.200,2690.4000,14937,0,54150360.000,0,-,-,-,-,2690.2000,2690.0000,2689.8000,2689.6000,2689.4000,2690.4000,2690.8000,2691.2000,2691.4000,2692.6000,1,7,1,1,1,1,2,2,2,2
SF,IH2009,2020-05-27 09:31:13.700,2690.4000,14937,0,54957480.000,1,0,1,多换,S,2690.4000,2690.2000,2690.0000,2689.8000,2689.6000,2690.8000,2691.2000,2691.4000,2692.0000,2692.6000,1,1,7,1,1,2,2,2,1,2
SF,IH2009,2020-05-27 09:31:14.200,2690.4000,14937,0,54957480.000,0,-,-,-,-,2690.4000,2690.2000,2690.0000,2689.8000,2689.6000,2690.8000,2691.2000,2691.4000,2692.0000,2692.6000,1,1,7,1,1,2,1,2,1,2
SF,IH2009,2020-05-27 09:31:14.700,2690.4000,14936,-1,55764600.000,1,0,1,双平,S,2690.2000,2690.0000,2689.8000,2689.6000,2689.4000,2690.8000,2691.2000,2691.4000,2692.0000,2692.6000,1,7,1,1,1,2,1,2,1,2
SF,IH2009,2020-05-27 09:31:16.200,2690.4000,14935,-1,56571720.000,1,0,1,双平,S,2690.2000,2690.0000,2689.8000,2689.6000,2689.4000,2690.8000,2691.2000,2691.4000,2692.0000,2692.6000,1,7,1,1,1,2,1,2,1,2
SF,IH2009,2020-05-27 09:31:16.700,2690.4000,14935,0,56571720.000,0,-,-,-,-,2690.2000,2690.0000,2689.8000,2689.6000,2689.4000,2690.8000,2691.2000,2691.4000,2692.0000,2692.6000,1,7,1,1,1,1,1,2,1,2
SF,IH2009,2020-05-27 09:31:17.200,2690.2000,14935,0,57378780.000,1,0,1,多换,S,2690.4000,2690.0000,2689.8000,2689.6000,2689.4000,2690.8000,2691.2000,2691.4000,2692.0000,2692.6000,1,7,1,1,1,1,1,2,1,2
SF,IH2009,2020-05-27 09:31:17.700,2690.4000,14934,-1,58185900.000,1,0,1,双平,S,2690.0000,2689.8000,2689.6000,2689.4000,2689.2000,2690.4000,2690.6000,2690.8000,2691.2000,2691.4000,7,1,1,1,1,1,1,1,1,2
SF,IH2009,2020-05-27 09:31:18.200,2690.4000,14933,-1,58993020.000,1,0,1,双平,S,2690.0000,2689.8000,2689.6000,2689.4000,2689.2000,2690.8000,2691.2000,2691.4000,2692.0000,2692.6000,7,1,1,1,1,1,1,2,1,2
SF,IH2009,2020-05-27 09:31:18.700,2690.4000,14933,0,58993020.000,0,-,-,-,-,2690.0000,2689.8000,2689.6000,2689.4000,2689.2000,2690.6000,2690.8000,2691.2000,2691.4000,2692.0000,7,1,1,1,1,1,1,1,2,1
SF,IH2009,2020-05-27 09:31:19.200,2690.4000,14933,0,58993020.000,0,-,-,-,-,2690.0000,2689.8000,2689.6000,2689.4000,2689.2000,2690.8000,2691.2000,2691.4000,2692.0000,2692.6000,7,1,1,1,1,1,1,2,1,2
SF,IH2009,2020-05-27 09:31:19.700,2690.4000,14933,0,58993020.000,0,-,-,-,-,2690.0000,2689.8000,2689.6000,2689.4000,2689.2000,2690.6000,2690.8000,2691.2000,2691.4000,2692.0000,7,1,1,1,1,1,1,1,2,1
SF,IH2009,2020-05-27 09:31:20.200,2690.4000,14933,0,58993020.000,0,-,-,-,-,2690.0000,2689.8000,2689.6000,2689.4000,2689.2000,2690.4000,2690.6000,2690.8000,2691.2000,2691.4000,7,1,1,1,1,1,1,2,1,2
SF,IH2009,2020-05-27 09:31:20.700,2690.4000,14933,0,58993020.000,0,-,-,-,-,2690.0000,2689.8000,2689.6000,2689.4000,2689.2000,2690.8000,2691.2000,2691.4000,2692.0000,2692.6000,7,1,1,1,1,2,1,2,1,2
SF,IH2009,2020-05-27 09:31:21.200,2690.4000,14933,0,58993020.000,0,-,-,-,-,2690.0000,2689.8000,2689.6000,2689.4000,2689.2000,2690.6000,2690.8000,2691.2000,2691.4000,2692.0000,7,1,1,1,1,1,2,1,2,1
SF,IH2009,2020-05-27 09:31:21.700,2690.4000,14933,0,58993020.000,0,-,-,-,-,2690.0000,2689.8000,2689.6000,2689.4000,2689.2000,2690.8000,2691.2000,2691.4000,2692.0000,2692.6000,7,1,1,1,1,2,1,2,1,2
SF,IH2009,2020-05-27 09:31:22.200,2690.0000,14927,-6,64642020.000,7,0,7,多平,S,2689.8000,2689.6000,2689.4000,2689.2000,2689.0000,2690.4000,2690.6000,2690.8000,2691.2000,2692.6000,1,1,1,1,1,2,1,3,1,1
SF,IH2009,2020-05-27 09:31:22.700,2689.8000,14927,0,65448960.000,1,0,1,多换,S,2689.6000,2689.4000,2689.2000,2689.0000,2688.8000,2689.8000,2690.0000,2690.2000,2690.4000,2690.8000,1,1,1,1,1,2,3,1,2,1
SF,IH2009,2020-05-27 09:31:23.200,2689.6000,14927,0,66255840.000,1,0,1,多换,S,2689.4000,2689.2000,2689.0000,2688.8000,2688.6000,2690.0000,2690.4000,2690.8000,2691.2000,2692.6000,1,1,1,1,1,1,2,1,1,1
SF,IH2009,2020-05-27 09:31:23.700,2689.6000,14927,0,66255840.000,0,-,-,-,-,2689.4000,2689.2000,2689.0000,2688.8000,2688.6000,2689.8000,2690.0000,2690.4000,2690.8000,2691.2000,1,1,1,1,1,1,1,2,1,1
SF,IH2009,2020-05-27 09:31:24.200,2689.8000,14926,-1,67062780.000,1,0,1,双平,S,2689.6000,2689.4000,2689.2000,2689.0000,2688.8000,2690.0000,2690.4000,2690.8000,2691.2000,2692.6000,1,1,1,1,1,1,2,1,1,1
SF,IH2009,2020-05-27 09:31:24.700,2690.0000,14925,-1,67869780.000,1,0,1,双平,S,2690.0000,2689.6000,2689.4000,2689.2000,2689.0000,2690.4000,2690.8000,2691.2000,2692.6000,2693.2000,1,1,1,1,1,2,1,1,1,2
SF,IH2009,2020-05-27 09:31:25.200,2690.0000,14924,-1,70291020.000,3,1,2,多平,S,2689.6000,2689.4000,2689.2000,2689.0000,2688.8000,2690.0000,2690.8000,2691.2000,2692.6000,2694.2000,1,2,1,1,1,1,1,1,1,5
SF,IH2009,2020-05-27 09:31:25.700,2690.0000,14924,0,71098020.000,1,0,1,多换,S,2690.2000,2690.0000,2689.6000,2689.4000,2689.2000,2690.8000,2691.2000,2692.6000,2694.2000,2694.8000,1,1,2,2,1,1,1,1,5,2
SF,IH2009,2020-05-27 09:31:26.200,2690.0000,14924,0,71098020.000,0,-,-,-,-,2690.2000,2690.0000,2689.6000,2689.4000,2689.2000,2690.6000,2690.8000,2691.2000,2691.8000,2692.6000,1,1,2,2,1,1,1,1,1,1
SF,IH2009,2020-05-27 09:31:26.700,2690.0000,14923,-1,71905020.000,1,0,1,双平,S,2690.4000,2690.2000,2690.0000,2689.6000,2689.4000,2690.8000,2691.2000,2691.8000,2692.6000,2694.8000,1,1,1,2,2,1,1,1,1,2
SF,IH2009,2020-05-27 09:31:27.200,2690.8000,14921,-2,73519500.000,2,0,2,双平,S,2690.6000,2690.4000,2690.2000,2690.0000,2689.6000,2691.2000,2691.8000,2692.4000,2694.8000,2695.0000,1,1,1,1,2,1,1,1,2,1
SF,IH2009,2020-05-27 09:31:27.700,2690.8000,14921,0,73519500.000,0,-,-,-,-,2690.6000,2690.4000,2690.2000,2690.0000,2689.6000,2691.0000,2691.2000,2691.8000,2692.4000,2694.8000,1,1,1,1,2,1,1,1,1,2
SF,IH2009,2020-05-27 09:31:28.200,2690.8000,14921,0,73519500.000,0,-,-,-,-,2690.6000,2690.4000,2690.2000,2690.0000,2689.6000,2691.2000,2691.8000,2692.4000,2693.0000,2694.8000,1,1,1,1,2,1,1,1,1,2
SF,IH2009,2020-05-27 09:31:28.700,2690.6000,14920,-1,74326680.000,1,0,1,双平,S,2690.4000,2690.2000,2690.0000,2689.6000,2689.4000,2690.6000,2691.2000,2691.8000,2692.4000,2693.0000,1,1,1,2,2,1,1,1,1,1
SF,IH2009,2020-05-27 09:31:29.200,2690.6000,14919,-1,75133860.000,1,0,1,双平,S,2690.6000,2690.4000,2690.2000,2690.0000,2689.6000,2691.2000,2691.8000,2692.4000,2694.8000,2695.0000,1,1,1,1,2,1,1,1,2,1
SF,IH2009,2020-05-27 09:31:29.700,2690.6000,14919,0,75133860.000,0,-,-,-,-,2690.4000,2690.2000,2690.0000,2689.6000,2689.4000,2691.2000,2691.8000,2692.4000,2693.0000,2694.8000,1,1,1,2,2,1,1,1,1,2
SF,IH2009,2020-05-27 09:31:30.700,2690.6000,14919,0,75133860.000,0,-,-,-,-,2690.2000,2690.0000,2689.6000,2689.4000,2689.2000,2691.2000,2691.8000,2692.4000,2693.0000,2694.8000,1,1,1,2,1,1,1,1,1,2
SF,IH2009,2020-05-27 09:31:31.200,2690.6000,14919,0,75133860.000,0,-,-,-,-,2690.2000,2690.0000,2689.6000,2689.4000,2689.2000,2691.0000,2691.2000,2691.8000,2692.4000,2693.0000,1,1,1,2,1,1,1,1,1,1
SF,IH2009,2020-05-27 09:31:31.700,2690.6000,14919,0,75133860.000,0,-,-,-,-,2690.0000,2689.6000,2689.4000,2689.2000,2689.0000,2691.2000,2691.8000,2692.4000,2693.0000,2694.8000,1,1,2,1,1,1,1,1,1,2
SF,IH2009,2020-05-27 09:31:32.200,2690.6000,14919,0,75133860.000,0,-,-,-,-,2690.0000,2689.6000,2689.4000,2689.2000,2689.0000,2691.0000,2691.2000,2691.8000,2692.4000,2693.0000,1,1,2,1,1,1,1,1,1,1
SF,IH2009,2020-05-27 09:31:32.700,2690.6000,14919,0,75133860.000,0,-,-,-,-,2689.6000,2689.4000,2689.2000,2689.0000,2688.8000,2690.4000,2690.8000,2691.2000,2691.8000,2692.4000,1,2,1,1,3,1,1,1,1,1
SF,IH2009,2020-05-27 09:31:33.200,2690.6000,14919,0,75133860.000,0,-,-,-,-,2689.6000,2689.4000,2689.2000,2689.0000,2688.8000,2690.4000,2691.2000,2691.8000,2692.4000,2694.8000,1,2,1,1,3,1,1,1,1,2
SF,IH2009,2020-05-27 09:31:34.200,2690.6000,14919,0,75133860.000,0,-,-,-,-,2689.8000,2689.6000,2689.4000,2689.2000,2689.0000,2690.4000,2690.8000,2691.2000,2691.8000,2692.4000,1,1,2,1,1,1,1,1,1,1
SF,IH2009,2020-05-27 09:31:34.700,2690.6000,14919,0,75133860.000,0,-,-,-,-,2689.8000,2689.6000,2689.4000,2689.2000,2689.0000,2690.4000,2690.8000,2691.2000,2691.8000,2692.4000,1,1,2,1,1,2,1,1,1,1
SF,IH2009,2020-05-27 09:31:37.200,2690.4000,14917,-2,76748100.000,2,0,2,双平,S,2690.4000,2689.8000,2689.6000,2689.4000,2689.2000,2690.8000,2691.2000,2691.8000,2692.4000,2694.8000,1,1,1,2,1,1,1,1,1,2
SF,IH2009,2020-05-27 09:31:37.700,2690.4000,14916,-1,77555220.000,1,0,1,双平,S,2689.6000,2689.4000,2689.2000,2689.0000,2688.8000,2690.8000,2691.2000,2691.8000,2692.4000,2694.8000,1,2,1,1,3,1,1,1,1,2
SF,IH2009,2020-05-27 09:31:38.200,2690.4000,14916,0,77555220.000,0,-,-,-,-,2689.6000,2689.4000,2689.2000,2689.0000,2688.8000,2690.6000,2690.8000,2691.2000,2691.8000,2692.4000,1,2,1,1,3,1,1,1,1,1
SF,IH2009,2020-05-27 09:31:38.700,2690.4000,14916,0,77555220.000,0,-,-,-,-,2689.8000,2689.6000,2689.4000,2689.2000,2689.0000,2690.8000,2691.2000,2691.8000,2692.4000,2694.8000,1,1,2,1,1,1,1,1,1,2
SF,IH2009,2020-05-27 09:31:39.200,2690.4000,14916,0,77555220.000,0,-,-,-,-,2689.8000,2689.6000,2689.4000,2689.2000,2689.0000,2690.6000,2690.8000,2691.2000,2691.8000,2692.4000,1,1,2,1,1,1,1,1,1,1
SF,IH2009,2020-05-27 09:31:39.700,2690.4000,14916,0,77555220.000,0,-,-,-,-,2689.8000,2689.6000,2689.4000,2689.2000,2689.0000,2690.8000,2691.2000,2691.8000,2692.4000,2694.8000,1,1,2,1,1,1,1,1,1,2
SF,IH2009,2020-05-27 09:31:40.200,2690.4000,14916,0,77555220.000,0,-,-,-,-,2689.8000,2689.6000,2689.4000,2689.2000,2689.0000,2690.8000,2691.2000,2691.8000,2692.4000,2694.8000,1,1,2,1,1,1,1,1,1,2
SF,IH2009,2020-05-27 09:31:40.700,2690.4000,14916,0,77555220.000,0,-,-,-,-,2689.8000,2689.6000,2689.4000,2689.2000,2689.0000,2690.8000,2691.2000,2691.8000,2692.4000,2694.8000,1,1,2,1,1,1,1,1,1,2
SF,IH2009,2020-05-27 09:31:43.700,2689.8000,14915,-1,78362160.000,1,0,1,双平,S,2689.6000,2689.4000,2689.2000,2689.0000,2688.8000,2690.8000,2691.2000,2691.8000,2692.4000,2694.8000,1,2,1,1,3,1,1,1,1,2
SF,IH2009,2020-05-27 09:31:44.200,2689.8000,14915,0,78362160.000,0,-,-,-,-,2689.6000,2689.4000,2689.2000,2689.0000,2688.8000,2690.6000,2690.8000,2691.2000,2691.8000,2692.4000,1,2,1,1,3,1,1,1,1,1
SF,IH2009,2020-05-27 09:31:44.700,2689.8000,14915,0,78362160.000,0,-,-,-,-,2689.6000,2689.4000,2689.2000,2689.0000,2688.8000,2690.8000,2691.2000,2691.8000,2692.4000,2694.8000,1,2,1,1,3,1,1,1,1,2
SF,IH2009,2020-05-27 09:31:45.200,2689.8000,14915,0,78362160.000,0,-,-,-,-,2689.6000,2689.4000,2689.2000,2689.0000,2688.8000,2690.6000,2690.8000,2691.2000,2691.8000,2692.4000,1,2,1,1,3,1,1,1,1,1
SF,IH2009,2020-05-27 09:31:45.700,2689.8000,14915,0,78362160.000,0,-,-,-,-,2689.6000,2689.4000,2689.2000,2689.0000,2688.8000,2690.4000,2690.8000,2691.2000,2691.8000,2692.4000,1,2,1,1,3,1,1,1,1,1
SF,IH2009,2020-05-27 09:31:46.200,2689.8000,14915,0,78362160.000,0,-,-,-,-,2689.6000,2689.4000,2689.2000,2689.0000,2688.8000,2690.8000,2691.2000,2691.8000,2692.4000,2694.8000,1,2,1,1,3,1,1,1,1,2
SF,IH2009,2020-05-27 09:31:46.700,2689.8000,14915,0,78362160.000,0,-,-,-,-,2689.6000,2689.4000,2689.2000,2689.0000,2688.8000,2690.6000,2690.8000,2691.2000,2691.8000,2692.4000,1,2,1,1,3,1,1,1,1,1
SF,IH2009,2020-05-27 09:31:47.200,2689.8000,14915,0,78362160.000,0,-,-,-,-,2689.6000,2689.4000,2689.2000,2689.0000,2688.8000,2690.4000,2690.8000,2691.2000,2691.8000,2692.4000,1,2,1,1,3,1,1,1,1,1
SF,IH2009,2020-05-27 09:31:47.700,2689.8000,14915,0,78362160.000,0,-,-,-,-,2689.6000,2689.4000,2689.2000,2689.0000,2688.8000,2690.8000,2691.2000,2691.8000,2692.4000,2694.8000,1,2,1,1,3,1,1,1,1,2
SF,IH2009,2020-05-27 09:31:48.200,2689.8000,14915,0,78362160.000,0,-,-,-,-,2689.6000,2689.4000,2689.2000,2689.0000,2688.8000,2690.6000,2690.8000,2691.2000,2691.8000,2692.4000,1,2,1,1,3,1,1,1,1,1
SF,IH2009,2020-05-27 09:31:48.700,2689.8000,14915,0,78362160.000,0,-,-,-,-,2689.6000,2689.4000,2689.2000,2689.0000,2688.8000,2690.8000,2691.2000,2691.8000,2692.4000,2694.8000,1,2,1,1,3,1,1,1,1,2
SF,IH2009,2020-05-27 09:31:49.200,2689.8000,14915,0,78362160.000,0,-,-,-,-,2689.8000,2689.6000,2689.4000,2689.2000,2689.0000,2690.8000,2691.2000,2691.8000,2692.4000,2694.8000,1,1,2,1,1,1,1,1,1,2
SF,IH2009,2020-05-27 09:31:49.700,2689.8000,14915,0,78362160.000,0,-,-,-,-,2689.8000,2689.6000,2689.4000,2689.2000,2689.0000,2690.8000,2691.2000,2691.8000,2692.4000,2693.0000,1,1,2,1,1,1,1,1,1,1
SF,IH2009,2020-05-27 09:31:50.200,2689.8000,14915,0,78362160.000,0,-,-,-,-,2689.8000,2689.6000,2689.4000,2689.2000,2689.0000,2690.8000,2691.2000,2691.8000,2692.4000,2693.0000,2,1,2,1,1,1,1,1,1,1
SF,IH2009,2020-05-27 09:31:50.700,2689.8000,14915,0,78362160.000,0,-,-,-,-,2689.8000,2689.6000,2689.4000,2689.2000,2689.0000,2690.8000,2691.2000,2691.8000,2692.4000,2693.0000,2,1,2,1,1,1,1,1,1,1
SF,IH2009,2020-05-27 09:31:51.200,2689.8000,14915,0,78362160.000,0,-,-,-,-,2690.2000,2690.0000,2689.8000,2689.6000,2689.4000,2690.8000,2691.2000,2691.8000,2692.4000,2693.0000,3,1,2,1,2,1,1,1,1,1
SF,IH2009,2020-05-27 09:31:51.700,2689.8000,14915,0,78362160.000,0,-,-,-,-,2689.8000,2689.6000,2689.4000,2689.2000,2689.0000,2690.8000,2691.2000,2691.8000,2692.4000,2693.0000,2,1,2,1,1,1,1,1,1,1
SF,IH2009,2020-05-27 09:31:52.200,2690.8000,14914,-1,79169400.000,1,0,1,双平,S,2690.8000,2689.8000,2689.6000,2689.4000,2689.2000,2691.2000,2691.8000,2692.4000,2693.0000,2694.8000,1,2,1,2,1,1,1,1,1,2
SF,IH2009,2020-05-27 09:31:52.700,2690.8000,14914,0,79169400.000,0,-,-,-,-,2690.8000,2689.8000,2689.6000,2689.4000,2689.2000,2691.2000,2691.8000,2692.4000,2693.0000,2694.8000,1,2,1,2,1,1,1,1,1,2
SF,IH2009,2020-05-27 09:31:53.200,2691.0000,14913,-1,79976700.000,1,0,1,双平,S,2690.8000,2689.8000,2689.6000,2689.4000,2689.2000,2691.2000,2691.8000,2692.4000,2693.0000,2694.8000,1,2,1,2,1,1,1,1,1,2
SF,IH2009,2020-05-27 09:31:53.700,2691.0000,14913,0,79976700.000,0,-,-,-,-,2690.8000,2689.8000,2689.6000,2689.4000,2689.2000,2691.8000,2692.4000,2693.0000,2694.8000,2695.0000,1,2,1,2,1,1,1,1,2,1
SF,IH2009,2020-05-27 09:31:54.200,2691.0000,14913,0,79976700.000,0,-,-,-,-,2690.8000,2689.8000,2689.6000,2689.4000,2689.2000,2691.6000,2691.8000,2692.4000,2693.0000,2694.8000,1,2,1,2,1,1,1,1,2,2
SF,IH2009,2020-05-27 09:31:54.700,2691.0000,14913,0,79976700.000,0,-,-,-,-,2690.8000,2689.8000,2689.6000,2689.4000,2689.2000,2691.4000,2691.8000,2692.4000,2693.0000,2694.8000,1,2,1,2,1,1,1,1,2,2
SF,IH2009,2020-05-27 09:31:55.200,2691.0000,14913,0,79976700.000,0,-,-,-,-,2690.8000,2689.8000,2689.6000,2689.4000,2689.2000,2691.8000,2692.4000,2693.0000,2694.8000,2695.0000,1,2,1,2,1,1,1,2,2,1
SF,IH2009,2020-05-27 09:31:55.700,2691.0000,14913,0,79976700.000,0,-,-,-,-,2690.8000,2689.8000,2689.6000,2689.4000,2689.2000,2691.6000,2691.8000,2692.4000,2693.0000,2693.6000,1,2,1,2,1,1,1,1,2,1
SF,IH2009,2020-05-27 09:31:56.200,2691.0000,14913,0,79976700.000,0,-,-,-,-,2690.8000,2689.8000,2689.6000,2689.4000,2689.2000,2691.8000,2692.4000,2693.0000,2693.6000,2694.8000,1,2,1,2,1,1,1,2,1,2
SF,IH2009,2020-05-27 09:31:56.700,2691.8000,14912,-1,80784240.000,1,0,1,双平,S,2690.8000,2689.8000,2689.6000,2689.4000,2689.2000,2692.4000,2693.0000,2693.6000,2694.4000,2694.8000,1,2,1,2,1,1,2,1,1,2
SF,IH2009,2020-05-27 09:31:57.200,2691.8000,14912,0,80784240.000,0,-,-,-,-,2689.8000,2689.6000,2689.4000,2689.2000,2689.0000,2692.2000,2692.4000,2693.0000,2693.6000,2694.4000,2,1,2,1,1,3,1,2,1,1
SF,IH2009,2020-05-27 09:31:57.700,2691.8000,14912,0,80784240.000,0,-,-,-,-,2690.2000,2690.0000,2689.8000,2689.6000,2689.4000,2692.0000,2692.2000,2692.4000,2693.0000,2693.6000,3,6,2,1,2,1,1,1,2,1
SF,IH2009,2020-05-27 09:31:58.200,2691.8000,14912,0,80784240.000,0,-,-,-,-,2690.4000,2690.2000,2690.0000,2689.8000,2689.6000,2691.8000,2692.2000,2692.4000,2693.0000,2693.6000,3,3,5,1,1,1,1,1,2,1
SF,IH2009,2020-05-27 09:31:58.700,2691.8000,14912,0,80784240.000,0,-,-,-,-,2690.8000,2690.4000,2690.2000,2690.0000,2689.8000,2691.6000,2691.8000,2692.2000,2692.4000,2693.0000,3,3,3,5,1,1,1,1,1,2
SF,IH2009,2020-05-27 09:31:59.200,2691.8000,14912,0,80784240.000,0,-,-,-,-,2690.8000,2690.4000,2690.2000,2690.0000,2689.8000,2691.8000,2692.2000,2692.4000,2693.0000,2693.6000,4,3,3,3,1,1,1,1,2,1
SF,IH2009,2020-05-27 09:31:59.700,2691.8000,14912,0,80784240.000,0,-,-,-,-,2690.8000,2690.4000,2690.2000,2689.8000,2689.6000,2691.6000,2691.8000,2692.2000,2692.4000,2693.0000,4,3,3,1,1,1,1,1,1,2
SF,IH2009,2020-05-27 09:32:00.200,2691.8000,14912,0,80784240.000,0,-,-,-,-,2690.8000,2690.4000,2690.2000,2689.8000,2689.6000,2691.4000,2691.8000,2692.2000,2692.4000,2693.0000,4,3,3,1,1,1,1,1,1,2
SF,IH2009,2020-05-27 09:32:00.700,2691.8000,14912,0,80784240.000,0,-,-,-,-,2691.0000,2690.8000,2690.4000,2690.2000,2689.8000,2691.8000,2692.2000,2692.4000,2693.0000,2693.4000,1,4,3,3,1,1,1,1,2,1
SF,IH2009,2020-05-27 09:32:01.200,2691.8000,14912,0,80784240.000,0,-,-,-,-,2691.0000,2690.8000,2690.4000,2690.2000,2689.8000,2691.6000,2692.2000,2692.4000,2693.0000,2693.4000,1,4,3,3,1,1,1,1,2,1
SF,IH2009,2020-05-27 09:32:01.700,2691.4000,14910,-2,82398960.000,2,0,2,双平,S,2690.8000,2690.4000,2689.8000,2689.6000,2689.4000,2692.2000,2692.4000,2693.0000,2693.4000,2693.6000,1,3,1,1,2,1,1,2,1,1
SF,IH2009,2020-05-27 09:32:02.200,2691.4000,14910,0,82398960.000,0,-,-,-,-,2690.8000,2690.4000,2689.8000,2689.6000,2689.4000,2692.0000,2692.2000,2692.4000,2693.0000,2693.4000,1,3,1,1,2,1,2,1,2,1
SF,IH2009,2020-05-27 09:32:02.700,2690.8000,14909,-1,83206200.000,1,0,1,双平,S,2690.4000,2689.8000,2689.6000,2689.4000,2689.2000,2691.8000,2692.0000,2692.4000,2693.0000,2693.4000,3,1,1,2,1,1,6,1,2,1
SF,IH2009,2020-05-27 09:32:03.200,2690.8000,14909,0,83206200.000,0,-,-,-,-,2689.8000,2689.6000,2689.4000,2689.2000,2689.0000,2691.6000,2691.8000,2692.0000,2692.4000,2693.0000,1,1,2,1,1,2,2,2,1,2
SF,IH2009,2020-05-27 09:32:03.700,2690.8000,14909,0,83206200.000,0,-,-,-,-,2690.0000,2689.8000,2689.6000,2689.4000,2689.2000,2691.4000,2691.6000,2691.8000,2692.0000,2692.4000,1,1,1,2,1,2,3,1,1,1
SF,IH2009,2020-05-27 09:32:04.200,2690.8000,14909,0,83206200.000,0,-,-,-,-,2690.0000,2689.6000,2689.4000,2689.2000,2689.0000,2691.2000,2691.4000,2691.6000,2691.8000,2692.4000,1,1,2,1,1,1,2,2,1,1
SF,IH2009,2020-05-27 09:32:04.700,2690.8000,14909,0,83206200.000,0,-,-,-,-,2690.4000,2690.2000,2690.0000,2689.6000,2689.4000,2691.2000,2691.4000,2691.6000,2691.8000,2692.4000,1,1,1,1,2,1,2,1,1,1
SF,IH2009,2020-05-27 09:32:05.200,2690.8000,14909,0,83206200.000,0,-,-,-,-,2690.4000,2690.0000,2689.6000,2689.4000,2689.2000,2691.2000,2691.4000,2691.6000,2691.8000,2692.4000,1,1,1,2,1,1,1,1,1,1
SF,IH2009,2020-05-27 09:32:06.200,2690.8000,14909,0,83206200.000,0,-,-,-,-,2690.6000,2690.4000,2690.0000,2689.6000,2689.4000,2691.2000,2691.4000,2691.6000,2691.8000,2692.4000,1,1,1,1,2,1,1,1,1,1
SF,IH2009,2020-05-27 09:32:06.700,2690.8000,14909,0,83206200.000,0,-,-,-,-,2690.6000,2690.4000,2690.0000,2689.6000,2689.4000,2691.4000,2691.6000,2691.8000,2692.4000,2693.0000,1,1,1,1,2,1,1,1,1,2
SF,IH2009,2020-05-27 09:32:07.700,2690.6000,14908,-1,84013380.000,1,0,1,双平,S,2690.4000,2690.0000,2689.6000,2689.4000,2689.2000,2691.2000,2691.4000,2691.6000,2691.8000,2692.4000,1,1,1,2,1,1,1,1,1,1
SF,IH2009,2020-05-27 09:32:08.200,2690.6000,14908,0,84013380.000,0,-,-,-,-,2690.4000,2689.6000,2689.4000,2689.2000,2689.0000,2691.2000,2691.4000,2691.6000,2691.8000,2692.4000,1,1,2,1,1,1,1,1,1,1
SF,IH2009,2020-05-27 09:32:08.700,2690.6000,14908,0,84013380.000,0,-,-,-,-,2690.4000,2689.6000,2689.4000,2689.2000,2689.0000,2691.0000,2691.2000,2691.4000,2691.6000,2691.8000,1,1,2,1,1,1,3,1,1,1
SF,IH2009,2020-05-27 09:32:09.200,2690.4000,14907,-1,84820500.000,1,0,1,双平,S,2689.6000,2689.4000,2689.2000,2689.0000,2688.8000,2691.2000,2691.4000,2691.6000,2691.8000,2692.4000,1,2,1,1,2,2,1,1,1,1
SF,IH2009,2020-05-27 09:32:09.700,2690.4000,14907,0,84820500.000,0,-,-,-,-,2689.6000,2689.4000,2689.2000,2689.0000,2688.8000,2691.0000,2691.2000,2691.6000,2691.8000,2692.4000,1,2,1,1,2,2,2,1,1,1
SF,IH2009,2020-05-27 09:32:10.200,2690.4000,14907,0,84820500.000,0,-,-,-,-,2689.6000,2689.4000,2689.2000,2689.0000,2688.8000,2691.0000,2691.2000,2691.6000,2691.8000,2692.4000,1,2,1,1,2,3,2,1,1,1
SF,IH2009,2020-05-27 09:32:11.200,2689.6000,14906,-1,85627380.000,1,0,1,双平,S,2689.4000,2689.2000,2689.0000,2688.8000,2688.6000,2691.0000,2691.2000,2691.6000,2691.8000,2692.4000,2,1,1,2,1,3,2,1,1,1
SF,IH2009,2020-05-27 09:32:11.700,2689.6000,14906,0,85627380.000,0,-,-,-,-,2689.4000,2689.2000,2689.0000,2688.8000,2688.6000,2691.0000,2691.2000,2691.6000,2691.8000,2692.4000,2,1,1,2,1,3,2,1,2,1
SF,IH2009,2020-05-27 09:32:12.200,2689.6000,14906,0,85627380.000,0,-,-,-,-,2689.4000,2689.2000,2689.0000,2688.8000,2688.6000,2691.0000,2691.2000,2691.6000,2691.8000,2692.4000,2,1,1,2,1,4,1,1,1,1
SF,IH2009,2020-05-27 09:32:12.700,2689.6000,14906,0,85627380.000,0,-,-,-,-,2689.4000,2689.2000,2689.0000,2688.8000,2688.6000,2690.8000,2691.0000,2691.6000,2691.8000,2692.4000,2,1,1,2,1,1,3,1,1,1
SF,IH2009,2020-05-27 09:32:13.700,2689.6000,14906,0,85627380.000,0,-,-,-,-,2689.4000,2689.2000,2689.0000,2688.8000,2688.6000,2690.6000,2690.8000,2691.0000,2691.6000,2691.8000,2,1,1,2,1,1,2,2,1,1
SF,IH2009,2020-05-27 09:32:14.200,2689.6000,14906,0,85627380.000,0,-,-,-,-,2689.4000,2689.2000,2689.0000,2688.8000,2688.6000,2690.4000,2690.6000,2690.8000,2691.0000,2691.6000,2,1,1,2,1,1,1,1,2,1
SF,IH2009,2020-05-27 09:32:14.700,2689.4000,14906,0,86434200.000,1,0,1,多换,S,2689.2000,2689.0000,2688.8000,2688.6000,2688.4000,2690.4000,2690.6000,2691.0000,2691.6000,2691.8000,1,1,2,1,1,2,2,1,1,1
SF,IH2009,2020-05-27 09:32:15.200,2689.2000,14906,0,87240960.000,1,0,1,多换,S,2689.0000,2688.8000,2688.6000,2688.4000,2688.2000,2690.2000,2690.4000,2691.6000,2691.8000,2692.0000,1,2,1,1,1,4,2,1,1,1
SF,IH2009,2020-05-27 09:32:15.700,2689.2000,14906,0,87240960.000,0,-,-,-,-,2689.0000,2688.8000,2688.6000,2688.4000,2688.2000,2689.4000,2690.0000,2690.2000,2690.4000,2691.6000,1,2,1,1,1,1,1,4,1,1
SF,IH2009,2020-05-27 09:32:16.200,2689.2000,14906,0,87240960.000,0,-,-,-,-,2689.0000,2688.8000,2688.6000,2688.4000,2688.2000,2689.4000,2690.0000,2690.2000,2690.4000,2691.6000,1,2,1,1,1,1,1,3,1,1
SF,IH2009,2020-05-27 09:32:16.700,2689.0000,14907,1,88047660.000,1,1,0,双开,S,2688.8000,2688.6000,2688.4000,2688.2000,2688.0000,2689.0000,2689.4000,2690.0000,2690.2000,2690.4000,2,1,1,1,5,1,1,1,3,1
SF,IH2009,2020-05-27 09:32:17.200,2688.8000,14906,-1,89660940.000,2,0,2,多平,S,2688.6000,2688.4000,2688.2000,2688.0000,2687.8000,2688.8000,2689.4000,2690.2000,2691.6000,2691.8000,1,1,1,5,1,2,1,3,1,1
SF,IH2009,2020-05-27 09:32:17.700,2688.6000,14906,0,91274100.000,2,1,1,多换,S,2688.4000,2688.2000,2688.0000,2687.8000,2687.6000,2688.8000,2689.4000,2690.2000,2691.6000,2691.8000,1,1,5,1,1,1,1,2,1,1
SF,IH2009,2020-05-27 09:32:18.700,2688.8000,14905,-1,92080740.000,1,0,1,双平,S,2688.4000,2688.2000,2688.0000,2687.8000,2687.6000,2689.4000,2690.2000,2691.6000,2691.8000,2692.0000,1,1,5,1,1,1,2,1,1,1
SF,IH2009,2020-05-27 09:32:19.200,2688.8000,14905,0,92080740.000,0,-,-,-,-,2688.4000,2688.2000,2688.0000,2687.8000,2687.6000,2689.2000,2689.4000,2690.2000,2691.6000,2691.8000,1,1,5,1,1,1,1,2,1,1
SF,IH2009,2020-05-27 09:32:19.700,2688.8000,14905,0,92080740.000,0,-,-,-,-,2688.4000,2688.2000,2688.0000,2687.8000,2687.6000,2689.2000,2689.4000,2690.2000,2691.6000,2691.8000,1,1,5,1,1,2,1,2,1,1
SF,IH2009,2020-05-27 09:32:20.200,2688.8000,14905,0,92080740.000,0,-,-,-,-,2688.4000,2688.2000,2688.0000,2687.8000,2687.6000,2688.8000,2689.0000,2689.2000,2689.4000,2690.2000,1,1,5,1,1,2,1,3,2,2
SF,IH2009,2020-05-27 09:32:20.700,2688.8000,14905,0,92080740.000,0,-,-,-,-,2688.4000,2688.2000,2688.0000,2687.8000,2687.6000,2689.0000,2689.2000,2689.4000,2690.2000,2691.6000,1,1,5,1,1,1,1,2,2,1
SF,IH2009,2020-05-27 09:32:21.200,2688.8000,14905,0,92080740.000,0,-,-,-,-,2688.4000,2688.2000,2688.0000,2687.8000,2687.6000,2688.8000,2689.0000,2689.2000,2689.4000,2690.2000,1,1,5,1,1,1,1,1,2,2
SF,IH2009,2020-05-27 09:32:22.200,2688.8000,14905,0,92080740.000,0,-,-,-,-,2688.4000,2688.2000,2688.0000,2687.8000,2687.6000,2688.8000,2689.0000,2689.4000,2690.2000,2691.6000,1,1,5,1,1,1,1,1,2,1
SF,IH2009,2020-05-27 09:32:22.700,2688.6000,14902,-3,95307060.000,4,0,4,多平,S,2688.8000,2688.2000,2688.0000,2687.8000,2687.6000,2689.0000,2689.4000,2690.2000,2691.6000,2691.8000,1,1,5,1,1,1,1,2,1,1
SF,IH2009,2020-05-27 09:32:23.200,2689.0000,14901,-1,96113760.000,1,0,1,双平,S,2689.0000,2688.8000,2688.2000,2688.0000,2687.8000,2689.2000,2689.4000,2690.2000,2691.6000,2691.8000,1,2,1,5,1,1,1,2,1,1
SF,IH2009,2020-05-27 09:32:23.700,2689.0000,14901,0,96113760.000,0,-,-,-,-,2689.0000,2688.8000,2688.2000,2688.0000,2687.8000,2689.4000,2690.2000,2691.6000,2691.8000,2692.0000,1,2,1,5,1,1,2,1,1,1
SF,IH2009,2020-05-27 09:32:24.200,2689.4000,14901,0,96920580.000,1,0,1,多换,S,2689.0000,2688.8000,2688.2000,2688.0000,2687.8000,2690.2000,2691.6000,2691.8000,2692.0000,2693.0000,1,2,1,5,1,2,1,1,1,1
SF,IH2009,2020-05-27 09:32:24.700,2689.4000,14901,0,96920580.000,0,-,-,-,-,2689.4000,2689.2000,2689.0000,2688.8000,2688.2000,2691.6000,2691.8000,2692.0000,2693.0000,2693.6000,1,1,1,2,1,1,1,1,1,1
SF,IH2009,2020-05-27 09:32:25.200,2689.4000,14901,0,96920580.000,0,-,-,-,-,2689.4000,2689.0000,2688.8000,2688.2000,2688.0000,2690.0000,2691.4000,2691.6000,2691.8000,2692.0000,1,1,2,1,5,1,8,1,1,1
SF,IH2009,2020-05-27 09:32:25.700,2689.4000,14901,0,96920580.000,0,-,-,-,-,2689.4000,2689.0000,2688.8000,2688.2000,2688.0000,2691.4000,2691.6000,2691.8000,2692.0000,2693.0000,1,1,2,1,5,10,1,1,1,1
SF,IH2009,2020-05-27 09:32:26.200,2689.4000,14901,0,96920580.000,0,-,-,-,-,2689.0000,2688.8000,2688.2000,2688.0000,2687.8000,2690.8000,2691.2000,2691.4000,2691.6000,2691.8000,1,2,1,5,1,1,4,10,1,1
SF,IH2009,2020-05-27 09:32:26.700,2689.4000,14901,0,96920580.000,0,-,-,-,-,2688.8000,2688.2000,2688.0000,2687.8000,2687.6000,2690.6000,2690.8000,2691.2000,2691.4000,2691.6000,2,1,5,1,1,6,2,4,6,1
SF,IH2009,2020-05-27 09:32:27.200,2689.4000,14901,0,96920580.000,0,-,-,-,-,2688.8000,2688.2000,2688.0000,2687.8000,2687.6000,2690.4000,2690.6000,2690.8000,2691.4000,2691.6000,2,1,5,1,1,1,6,1,5,1
SF,IH2009,2020-05-27 09:32:27.700,2689.4000,14901,0,96920580.000,0,-,-,-,-,2688.8000,2688.2000,2688.0000,2687.8000,2687.6000,2690.2000,2690.4000,2690.6000,2690.8000,2691.4000,2,1,5,1,1,5,1,1,1,5
SF,IH2009,2020-05-27 09:32:28.200,2688.8000,14900,-1,97727220.000,1,0,1,双平,S,2688.8000,2688.2000,2688.0000,2687.8000,2687.6000,2689.2000,2689.4000,2689.8000,2690.0000,2690.2000,1,1,5,1,1,1,1,3,2,6
SF,IH2009,2020-05-27 09:32:28.700,2688.8000,14900,0,97727220.000,0,-,-,-,-,2688.8000,2688.2000,2688.0000,2687.8000,2687.6000,2690.0000,2690.2000,2690.6000,2690.8000,2691.4000,1,1,5,1,1,1,5,1,1,5
SF,IH2009,2020-05-27 09:32:29.200,2688.8000,14900,0,97727220.000,0,-,-,-,-,2688.8000,2688.2000,2688.0000,2687.8000,2687.6000,2689.8000,2690.0000,2690.2000,2690.6000,2690.8000,1,1,5,1,1,8,1,1,1,1
SF,IH2009,2020-05-27 09:32:29.700,2688.8000,14899,-1,98533860.000,1,0,1,双平,S,2688.2000,2688.0000,2687.8000,2687.6000,2687.4000,2689.8000,2690.2000,2690.6000,2690.8000,2691.4000,1,5,2,1,1,7,1,1,1,5
SF,IH2009,2020-05-27 09:32:30.200,2688.8000,14899,0,98533860.000,0,-,-,-,-,2688.4000,2688.2000,2688.0000,2687.8000,2687.6000,2689.8000,2690.2000,2690.8000,2691.4000,2691.6000,5,1,5,2,1,6,1,1,4,1
SF,IH2009,2020-05-27 09:32:30.700,2688.8000,14899,0,98533860.000,0,-,-,-,-,2688.6000,2688.4000,2688.2000,2688.0000,2687.8000,2689.8000,2690.2000,2690.8000,2691.4000,2691.6000,1,5,1,5,2,6,1,1,4,1
SF,IH2009,2020-05-27 09:32:31.200,2688.8000,14899,0,98533860.000,0,-,-,-,-,2688.6000,2688.4000,2688.2000,2688.0000,2687.8000,2689.8000,2690.2000,2690.8000,2691.4000,2691.6000,2,2,1,5,2,6,1,1,4,1
SF,IH2009,2020-05-27 09:32:31.700,2688.8000,14899,0,98533860.000,0,-,-,-,-,2688.6000,2688.4000,2688.2000,2688.0000,2687.8000,2689.2000,2689.4000,2689.6000,2689.8000,2690.2000,2,1,1,5,2,1,1,1,6,1
SF,IH2009,2020-05-27 09:32:32.200,2688.8000,14899,0,98533860.000,0,-,-,-,-,2688.6000,2688.4000,2688.2000,2688.0000,2687.8000,2689.8000,2690.2000,2690.8000,2691.4000,2691.6000,2,1,1,5,2,3,1,1,4,1
SF,IH2009,2020-05-27 09:32:33.200,2688.8000,14899,0,98533860.000,0,-,-,-,-,2688.6000,2688.4000,2688.2000,2688.0000,2687.8000,2689.6000,2689.8000,2690.2000,2690.8000,2691.4000,2,1,1,5,2,3,3,1,1,4
SF,IH2009,2020-05-27 09:32:33.700,2688.8000,14899,0,98533860.000,0,-,-,-,-,2688.6000,2688.4000,2688.2000,2688.0000,2687.8000,2689.4000,2689.6000,2689.8000,2690.2000,2690.8000,1,1,1,5,2,1,3,2,1,1
SF,IH2009,2020-05-27 09:32:34.200,2688.8000,14899,0,98533860.000,0,-,-,-,-,2688.6000,2688.4000,2688.2000,2688.0000,2687.8000,2689.8000,2690.2000,2690.8000,2691.4000,2691.6000,1,1,1,5,2,1,1,1,4,1
SF,IH2009,2020-05-27 09:32:35.200,2688.8000,14899,0,98533860.000,0,-,-,-,-,2688.6000,2688.4000,2688.2000,2688.0000,2687.8000,2689.2000,2689.4000,2689.6000,2689.8000,2690.2000,1,1,1,5,2,1,1,2,1,1
SF,IH2009,2020-05-27 09:32:35.700,2688.8000,14899,0,98533860.000,0,-,-,-,-,2688.6000,2688.4000,2688.2000,2688.0000,2687.8000,2689.8000,2690.2000,2690.8000,2691.4000,2691.6000,1,1,1,5,2,1,1,1,4,1
SF,IH2009,2020-05-27 09:32:36.200,2688.8000,14899,0,98533860.000,0,-,-,-,-,2688.6000,2688.4000,2688.2000,2688.0000,2687.8000,2689.6000,2689.8000,2690.2000,2690.8000,2691.4000,2,1,1,5,2,1,1,1,1,4
SF,IH2009,2020-05-27 09:32:37.200,2688.8000,14899,0,98533860.000,0,-,-,-,-,2688.6000,2688.4000,2688.2000,2688.0000,2687.8000,2689.8000,2690.2000,2690.8000,2691.4000,2691.6000,2,1,1,5,2,1,1,1,4,1
SF,IH2009,2020-05-27 09:32:37.700,2688.8000,14898,-1,99340500.000,1,0,1,双平,S,2688.6000,2688.4000,2688.2000,2688.0000,2687.8000,2689.8000,2690.2000,2690.8000,2691.4000,2691.6000,2,1,1,5,2,1,1,1,4,1
SF,IH2009,2020-05-27 09:32:38.200,2688.8000,14898,0,99340500.000,0,-,-,-,-,2688.6000,2688.4000,2688.2000,2688.0000,2687.8000,2689.6000,2689.8000,2690.2000,2690.8000,2691.4000,1,1,1,5,2,3,1,1,1,4
SF,IH2009,2020-05-27 09:32:41.200,2688.6000,14897,-1,100147080.000,1,0,1,双平,S,2688.4000,2688.2000,2688.0000,2687.8000,2687.6000,2689.6000,2689.8000,2690.2000,2690.8000,2691.4000,1,1,5,2,1,3,1,1,1,4
SF,IH2009,2020-05-27 09:32:41.700,2688.6000,14897,0,100147080.000,0,-,-,-,-,2688.4000,2688.2000,2688.0000,2687.8000,2687.6000,2689.4000,2689.6000,2689.8000,2690.2000,2690.8000,1,1,5,2,1,2,3,1,1,1
SF,IH2009,2020-05-27 09:32:42.200,2688.6000,14897,0,100147080.000,0,-,-,-,-,2688.4000,2688.2000,2688.0000,2687.8000,2687.6000,2689.4000,2689.8000,2690.2000,2690.8000,2691.4000,1,1,5,2,1,3,1,1,1,4
SF,IH2009,2020-05-27 09:32:42.700,2688.6000,14897,0,100147080.000,0,-,-,-,-,2688.4000,2688.2000,2688.0000,2687.8000,2687.6000,2689.4000,2689.8000,2690.2000,2690.8000,2691.4000,1,1,5,2,1,2,1,1,1,4
SF,IH2009,2020-05-27 09:32:43.200,2688.6000,14897,0,100147080.000,0,-,-,-,-,2688.8000,2688.4000,2688.2000,2688.0000,2687.8000,2689.2000,2689.8000,2690.2000,2690.8000,2691.4000,1,1,1,5,2,3,1,1,1,4
SF,IH2009,2020-05-27 09:32:43.700,2689.2000,14894,-3,102567360.000,3,0,3,双平,S,2689.2000,2688.4000,2688.2000,2688.0000,2687.8000,2689.8000,2690.2000,2690.8000,2691.4000,2691.6000,1,1,1,5,2,1,1,1,4,1
SF,IH2009,2020-05-27 09:32:44.200,2689.2000,14894,0,102567360.000,0,-,-,-,-,2689.2000,2689.0000,2688.4000,2688.2000,2688.0000,2689.8000,2690.2000,2690.8000,2691.4000,2691.6000,1,1,1,1,5,1,1,1,4,1
SF,IH2009,2020-05-27 09:32:44.700,2689.2000,14893,-1,103374120.000,1,0,1,双平,S,2689.0000,2688.4000,2688.2000,2688.0000,2687.8000,2689.8000,2690.2000,2690.8000,2691.4000,2691.6000,1,1,1,5,2,1,1,1,4,1
SF,IH2009,2020-05-27 09:32:47.700,2689.2000,14893,0,103374120.000,0,-,-,-,-,2689.0000,2688.4000,2688.2000,2688.0000,2687.8000,2689.6000,2689.8000,2690.2000,2690.8000,2691.4000,1,1,1,5,2,1,1,1,1,4
SF,IH2009,2020-05-27 09:32:48.200,2689.2000,14893,0,103374120.000,0,-,-,-,-,2689.0000,2688.4000,2688.2000,2688.0000,2687.8000,2689.6000,2690.2000,2690.8000,2691.4000,2691.6000,1,1,1,5,2,1,1,1,4,1
SF,IH2009,2020-05-27 09:32:48.700,2689.2000,14893,0,103374120.000,0,-,-,-,-,2689.0000,2688.4000,2688.2000,2688.0000,2687.8000,2690.2000,2690.8000,2691.4000,2691.6000,2691.8000,1,1,1,5,2,1,1,4,1,1
SF,IH2009,2020-05-27 09:32:49.200,2689.2000,14893,0,103374120.000,0,-,-,-,-,2689.0000,2688.4000,2688.2000,2688.0000,2687.8000,2690.0000,2690.8000,2691.4000,2691.6000,2691.8000,1,1,1,5,2,3,1,4,1,1
SF,IH2009,2020-05-27 09:32:49.700,2689.2000,14893,0,103374120.000,0,-,-,-,-,2689.0000,2688.4000,2688.2000,2688.0000,2687.8000,2690.0000,2690.8000,2691.4000,2691.6000,2691.8000,1,1,1,5,2,4,1,4,1,1
SF,IH2009,2020-05-27 09:32:50.200,2689.0000,14894,1,104180820.000,1,1,0,双开,S,2688.4000,2688.2000,2688.0000,2687.8000,2687.6000,2690.0000,2690.8000,2691.4000,2691.6000,2691.8000,1,1,5,2,1,4,1,3,1,1
SF,IH2009,2020-05-27 09:32:50.700,2689.0000,14894,0,104180820.000,0,-,-,-,-,2688.4000,2688.2000,2688.0000,2687.8000,2687.6000,2690.0000,2690.8000,2691.4000,2691.6000,2691.8000,1,1,5,2,1,1,1,3,1,1
SF,IH2009,2020-05-27 09:32:51.200,2689.0000,14894,0,104180820.000,0,-,-,-,-,2688.4000,2688.2000,2688.0000,2687.8000,2687.6000,2690.0000,2690.8000,2691.4000,2691.6000,2691.8000,2,1,5,2,1,1,1,3,1,1
SF,IH2009,2020-05-27 09:32:51.700,2689.0000,14894,0,104180820.000,0,-,-,-,-,2688.4000,2688.2000,2688.0000,2687.8000,2687.6000,2690.0000,2690.8000,2691.4000,2691.6000,2691.8000,1,1,5,2,1,1,1,3,1,1
SF,IH2009,2020-05-27 09:32:52.700,2689.0000,14894,0,104180820.000,0,-,-,-,-,2688.4000,2688.2000,2688.0000,2687.8000,2687.6000,2689.8000,2690.0000,2690.8000,2691.4000,2691.6000,1,1,5,2,1,1,1,1,3,1
SF,IH2009,2020-05-27 09:32:53.200,2689.0000,14894,0,104180820.000,0,-,-,-,-,2688.4000,2688.2000,2688.0000,2687.8000,2687.6000,2689.6000,2689.8000,2690.0000,2690.8000,2691.4000,1,1,5,2,1,1,3,1,1,3
SF,IH2009,2020-05-27 09:32:54.700,2689.0000,14894,0,104180820.000,0,-,-,-,-,2688.4000,2688.2000,2688.0000,2687.8000,2687.6000,2689.2000,2689.4000,2689.6000,2689.8000,2690.0000,1,1,5,2,1,1,3,1,1,1
SF,IH2009,2020-05-27 09:32:56.200,2689.0000,14894,0,104180820.000,0,-,-,-,-,2688.4000,2688.2000,2688.0000,2687.8000,2687.6000,2689.2000,2689.4000,2689.6000,2689.8000,2690.0000,1,1,5,2,1,1,1,1,1,1
SF,IH2009,2020-05-27 09:32:56.700,2689.0000,14894,0,104180820.000,0,-,-,-,-,2688.4000,2688.2000,2688.0000,2687.8000,2687.6000,2689.2000,2689.4000,2689.6000,2689.8000,2690.0000,1,1,5,2,1,1,1,1,1,1
SF,IH2009,2020-05-27 09:32:57.700,2689.0000,14894,0,104180820.000,0,-,-,-,-,2688.6000,2688.4000,2688.2000,2688.0000,2687.8000,2689.6000,2689.8000,2690.0000,2690.8000,2691.4000,1,1,1,5,2,1,1,1,1,3
SF,IH2009,2020-05-27 09:32:59.700,2689.0000,14894,0,104180820.000,0,-,-,-,-,2688.6000,2688.4000,2688.2000,2688.0000,2687.8000,2689.2000,2689.4000,2689.6000,2689.8000,2690.0000,1,1,1,5,2,2,2,1,1,1
SF,IH2009,2020-05-27 09:33:00.700,2688.6000,14893,-1,104987400.000,1,0,1,双平,S,2688.4000,2688.2000,2688.0000,2687.8000,2687.6000,2689.4000,2689.6000,2689.8000,2690.0000,2690.8000,1,1,5,2,1,1,1,1,1,1
SF,IH2009,2020-05-27 09:33:01.200,2688.4000,14892,-1,105793920.000,1,0,1,双平,S,2688.2000,2688.0000,2687.8000,2687.6000,2687.4000,2689.2000,2689.4000,2689.8000,2690.0000,2690.8000,1,5,2,1,1,2,3,1,1,1
SF,IH2009,2020-05-27 09:33:01.700,2688.4000,14892,0,105793920.000,0,-,-,-,-,2688.6000,2688.2000,2688.0000,2687.8000,2687.6000,2689.0000,2689.2000,2689.4000,2689.8000,2690.0000,1,1,5,2,1,1,2,2,1,1
SF,IH2009,2020-05-27 09:33:02.200,2688.6000,14892,0,106600500.000,1,0,1,多换,S,2688.2000,2688.0000,2687.8000,2687.6000,2687.4000,2688.6000,2689.0000,2689.2000,2689.4000,2689.8000,1,5,2,1,1,1,1,2,1,1
SF,IH2009,2020-05-27 09:33:02.700,2688.6000,14892,0,106600500.000,0,-,-,-,-,2688.2000,2688.0000,2687.8000,2687.6000,2687.4000,2689.2000,2689.4000,2689.8000,2690.0000,2691.4000,1,5,2,1,1,2,1,1,1,3
SF,IH2009,2020-05-27 09:33:03.700,2688.6000,14892,0,106600500.000,0,-,-,-,-,2688.2000,2688.0000,2687.8000,2687.6000,2687.4000,2689.0000,2689.2000,2689.4000,2689.8000,2690.0000,1,5,2,1,1,1,2,1,1,1
SF,IH2009,2020-05-27 09:33:04.200,2688.2000,14892,0,107406960.000,1,0,1,多换,S,2688.0000,2687.8000,2687.6000,2687.4000,2687.2000,2688.8000,2689.0000,2689.2000,2689.4000,2689.8000,5,2,1,1,2,1,1,3,2,1
SF,IH2009,2020-05-27 09:33:04.700,2688.2000,14892,0,108213420.000,1,0,1,多换,S,2688.0000,2687.8000,2687.6000,2687.4000,2687.2000,2688.8000,2689.2000,2689.4000,2690.0000,2691.4000,5,2,1,1,2,1,2,1,1,3
SF,IH2009,2020-05-27 09:33:05.700,2688.2000,14892,0,108213420.000,0,-,-,-,-,2688.0000,2687.8000,2687.6000,2687.4000,2687.2000,2689.2000,2689.4000,2690.0000,2691.4000,2691.6000,6,2,1,1,2,2,1,1,3,1
SF,IH2009,2020-05-27 09:33:06.200,2688.0000,14892,0,109019820.000,1,0,1,多换,S,2688.0000,2687.8000,2687.6000,2687.4000,2687.2000,2688.4000,2688.8000,2689.0000,2689.2000,2689.4000,5,2,1,1,2,1,1,2,3,2
SF,IH2009,2020-05-27 09:33:06.700,2688.4000,14893,1,109826340.000,1,1,0,双开,S,2688.0000,2687.8000,2687.6000,2687.4000,2687.2000,2689.2000,2689.4000,2690.0000,2691.4000,2691.6000,5,2,1,1,2,3,2,1,3,1
SF,IH2009,2020-05-27 09:33:07.200,2688.4000,14892,-1,110632860.000,1,0,1,双平,S,2688.0000,2687.8000,2687.6000,2687.4000,2687.2000,2688.6000,2689.0000,2689.2000,2689.4000,2691.4000,5,2,1,1,2,1,3,3,2,3
SF,IH2009,2020-05-27 09:33:07.700,2688.0000,14892,0,111439260.000,1,0,1,多换,S,2688.0000,2687.8000,2687.6000,2687.4000,2687.2000,2688.6000,2689.0000,2689.2000,2689.4000,2691.4000,4,2,1,1,2,1,5,3,2,1
SF,IH2009,2020-05-27 09:33:08.200,2688.0000,14892,0,111439260.000,0,-,-,-,-,2688.0000,2687.8000,2687.6000,2687.4000,2687.2000,2689.0000,2689.2000,2689.4000,2691.4000,2691.6000,4,2,1,1,2,5,3,2,1,1
SF,IH2009,2020-05-27 09:33:08.700,2688.0000,14891,-1,112245660.000,1,0,1,双平,S,2688.0000,2687.8000,2687.6000,2687.4000,2687.2000,2688.8000,2689.0000,2689.2000,2689.4000,2691.4000,3,2,1,1,2,1,3,2,2,1
SF,IH2009,2020-05-27 09:33:09.200,2688.0000,14891,0,113052060.000,1,0,1,多换,S,2688.0000,2687.8000,2687.6000,2687.4000,2687.2000,2688.6000,2688.8000,2689.0000,2689.2000,2689.4000,3,2,1,1,2,1,1,3,2,2
SF,IH2009,2020-05-27 09:33:09.700,2688.0000,14891,0,113052060.000,0,-,-,-,-,2688.0000,2687.8000,2687.6000,2687.4000,2687.2000,2688.6000,2688.8000,2689.0000,2689.2000,2689.4000,3,2,1,1,2,1,1,1,2,2
SF,IH2009,2020-05-27 09:33:12.200,2688.0000,14890,-1,113858460.000,1,0,1,双平,S,2688.0000,2687.8000,2687.6000,2687.4000,2687.2000,2688.6000,2688.8000,2689.0000,2689.2000,2689.4000,2,2,1,1,2,1,1,1,2,2
SF,IH2009,2020-05-27 09:33:13.700,2688.0000,14889,-1,114664860.000,1,0,1,双平,S,2688.0000,2687.8000,2687.6000,2687.4000,2687.2000,2688.6000,2688.8000,2689.0000,2689.2000,2689.4000,1,2,1,1,2,1,1,1,2,2
SF,IH2009,2020-05-27 09:33:14.700,2688.0000,14889,0,114664860.000,0,-,-,-,-,2688.0000,2687.8000,2687.6000,2687.4000,2687.2000,2688.6000,2688.8000,2689.0000,2689.2000,2689.4000,1,2,1,1,2,1,1,1,2,2
SF,IH2009,2020-05-27 09:33:16.200,2688.0000,14889,0,114664860.000,0,-,-,-,-,2688.0000,2687.8000,2687.6000,2687.4000,2687.2000,2688.6000,2688.8000,2689.0000,2689.2000,2689.4000,1,2,1,1,2,2,1,1,2,2
SF,IH2009,2020-05-27 09:33:16.700,2688.0000,14889,0,114664860.000,0,-,-,-,-,2688.0000,2687.8000,2687.6000,2687.4000,2687.2000,2688.6000,2688.8000,2689.0000,2689.2000,2689.4000,1,2,1,1,2,1,1,1,2,2
SF,IH2009,2020-05-27 09:33:18.200,2688.0000,14889,0,114664860.000,0,-,-,-,-,2688.0000,2687.8000,2687.6000,2687.4000,2687.2000,2688.8000,2689.0000,2689.2000,2689.4000,2691.4000,1,2,1,1,2,1,1,2,2,1
SF,IH2009,2020-05-27 09:33:19.700,2688.0000,14889,0,114664860.000,0,-,-,-,-,2687.8000,2687.6000,2687.4000,2687.2000,2687.0000,2688.8000,2689.0000,2689.2000,2689.4000,2691.4000,2,1,1,2,1,1,1,1,1,1
SF,IH2009,2020-05-27 09:33:20.200,2689.0000,14887,-2,116278200.000,2,0,2,双平,S,2688.0000,2687.8000,2687.6000,2687.4000,2687.2000,2689.2000,2691.4000,2691.6000,2691.8000,2692.0000,1,2,1,1,2,1,1,1,1,1
SF,IH2009,2020-05-27 09:33:20.700,2689.0000,14887,0,116278200.000,0,-,-,-,-,2688.2000,2688.0000,2687.8000,2687.6000,2687.4000,2689.2000,2691.4000,2691.6000,2691.8000,2692.0000,1,1,2,1,1,1,1,1,1,1
SF,IH2009,2020-05-27 09:33:21.200,2688.4000,14887,0,117084720.000,1,0,1,多换,S,2688.2000,2688.0000,2687.8000,2687.6000,2687.4000,2689.2000,2689.4000,2691.4000,2691.6000,2691.8000,1,1,2,1,1,3,2,1,1,1
SF,IH2009,2020-05-27 09:33:21.700,2688.4000,14887,0,117084720.000,0,-,-,-,-,2688.2000,2688.0000,2687.8000,2687.6000,2687.4000,2689.2000,2691.4000,2691.6000,2691.8000,2692.0000,1,1,2,1,1,1,1,1,1,1
SF,IH2009,2020-05-27 09:33:22.200,2688.4000,14887,0,117084720.000,0,-,-,-,-,2688.2000,2688.0000,2687.8000,2687.6000,2687.4000,2689.2000,2691.4000,2691.6000,2691.8000,2692.0000,2,1,2,1,1,1,1,1,1,1
SF,IH2009,2020-05-27 09:33:22.700,2689.2000,14886,-1,117891480.000,1,0,1,双平,S,2689.2000,2688.4000,2688.2000,2688.0000,2687.8000,2691.4000,2691.6000,2691.8000,2692.0000,2693.0000,2,1,2,1,2,1,1,1,1,1
SF,IH2009,2020-05-27 09:33:23.200,2689.2000,14886,0,117891480.000,0,-,-,-,-,2689.4000,2689.2000,2688.4000,2688.2000,2687.8000,2691.2000,2691.4000,2691.6000,2691.8000,2692.0000,1,2,2,1,2,5,1,1,1,1
SF,IH2009,2020-05-27 09:33:23.700,2689.2000,14886,0,117891480.000,0,-,-,-,-,2689.4000,2689.2000,2688.4000,2687.8000,2687.6000,2691.0000,2691.2000,2691.4000,2691.6000,2691.8000,2,2,1,2,1,3,5,1,1,1
SF,IH2009,2020-05-27 09:33:24.200,2689.2000,14886,0,117891480.000,0,-,-,-,-,2689.4000,2689.2000,2688.2000,2687.8000,2687.6000,2690.8000,2691.0000,2691.2000,2691.4000,2691.6000,2,2,1,2,1,6,2,1,1,1
SF,IH2009,2020-05-27 09:33:24.700,2689.2000,14886,0,117891480.000,0,-,-,-,-,2689.4000,2689.2000,2688.2000,2687.8000,2687.6000,2690.8000,2691.0000,2691.2000,2691.4000,2691.6000,1,2,1,2,1,8,2,1,1,1
SF,IH2009,2020-05-27 09:33:25.200,2689.2000,14886,0,117891480.000,0,-,-,-,-,2689.6000,2689.4000,2689.2000,2688.2000,2687.8000,2690.8000,2691.0000,2691.2000,2691.4000,2691.6000,1,1,2,1,2,8,2,1,1,1
SF,IH2009,2020-05-27 09:33:25.700,2689.2000,14886,0,117891480.000,0,-,-,-,-,2689.6000,2689.4000,2689.2000,2688.2000,2687.8000,2690.8000,2691.0000,2691.2000,2691.4000,2691.6000,1,1,2,1,2,8,2,1,1,1
SF,IH2009,2020-05-27 09:33:26.200,2689.2000,14886,0,117891480.000,0,-,-,-,-,2689.6000,2689.4000,2689.2000,2688.2000,2687.8000,2690.8000,2691.0000,2691.2000,2691.4000,2691.6000,1,1,2,1,2,9,2,1,1,1
SF,IH2009,2020-05-27 09:33:26.700,2689.2000,14886,0,117891480.000,0,-,-,-,-,2689.6000,2689.4000,2689.2000,2688.2000,2687.8000,2690.6000,2690.8000,2691.4000,2691.6000,2691.8000,1,1,2,1,2,5,7,1,1,1
SF,IH2009,2020-05-27 09:33:27.200,2689.2000,14886,0,117891480.000,0,-,-,-,-,2689.6000,2689.4000,2689.2000,2688.2000,2687.8000,2690.4000,2690.6000,2690.8000,2691.4000,2691.6000,1,1,2,1,2,1,4,6,1,1
SF,IH2009,2020-05-27 09:33:27.700,2690.4000,14886,0,118698600.000,1,0,1,多换,S,2689.6000,2689.4000,2689.2000,2688.2000,2687.8000,2690.6000,2690.8000,2691.4000,2691.6000,2691.8000,1,1,2,1,2,1,6,1,1,1
SF,IH2009,2020-05-27 09:33:28.200,2690.4000,14886,0,118698600.000,0,-,-,-,-,2689.6000,2689.4000,2689.2000,2688.2000,2687.8000,2690.8000,2691.4000,2691.6000,2691.8000,2692.0000,1,1,2,1,2,6,1,1,1,1
SF,IH2009,2020-05-27 09:33:28.700,2690.4000,14886,0,118698600.000,0,-,-,-,-,2689.6000,2689.4000,2689.2000,2688.2000,2687.8000,2690.8000,2691.4000,2691.6000,2691.8000,2692.0000,1,1,2,1,2,4,1,1,1,1
SF,IH2009,2020-05-27 09:33:29.200,2690.4000,14886,0,118698600.000,0,-,-,-,-,2689.6000,2689.4000,2689.2000,2688.2000,2687.8000,2690.6000,2690.8000,2691.4000,2691.6000,2691.8000,1,1,2,1,2,2,4,1,1,1
SF,IH2009,2020-05-27 09:33:30.200,2690.4000,14886,0,118698600.000,0,-,-,-,-,2689.6000,2689.4000,2689.2000,2688.2000,2687.8000,2690.6000,2690.8000,2691.4000,2691.6000,2691.8000,1,1,2,1,2,2,1,1,1,1
SF,IH2009,2020-05-27 09:33:31.700,2690.4000,14886,0,118698600.000,0,-,-,-,-,2689.6000,2689.4000,2689.2000,2688.2000,2687.8000,2690.6000,2690.8000,2691.4000,2691.6000,2691.8000,1,1,1,1,2,2,1,1,1,1
SF,IH2009,2020-05-27 09:33:32.200,2690.4000,14886,0,118698600.000,0,-,-,-,-,2689.6000,2689.4000,2689.2000,2688.2000,2687.8000,2690.6000,2690.8000,2691.4000,2691.6000,2691.8000,1,1,1,2,2,2,1,1,1,1
SF,IH2009,2020-05-27 09:33:32.700,2690.4000,14886,0,118698600.000,0,-,-,-,-,2689.6000,2689.4000,2689.2000,2688.2000,2687.8000,2690.4000,2690.6000,2690.8000,2691.4000,2691.6000,1,1,1,2,2,1,2,1,1,1
SF,IH2009,2020-05-27 09:33:33.200,2690.4000,14886,0,118698600.000,0,-,-,-,-,2689.6000,2689.4000,2689.2000,2688.2000,2687.8000,2690.8000,2691.4000,2691.6000,2691.8000,2692.0000,1,1,1,3,2,1,1,1,1,1
SF,IH2009,2020-05-27 09:33:33.700,2690.4000,14886,0,118698600.000,0,-,-,-,-,2689.6000,2689.4000,2689.2000,2688.2000,2687.8000,2690.8000,2691.4000,2691.6000,2691.8000,2692.0000,1,1,1,3,2,2,1,1,1,1
SF,IH2009,2020-05-27 09:33:37.200,2690.4000,14886,0,118698600.000,0,-,-,-,-,2689.6000,2689.4000,2689.2000,2688.2000,2687.8000,2690.8000,2691.6000,2691.8000,2692.0000,2693.0000,1,1,1,3,2,2,1,1,1,1
SF,IH2009,2020-05-27 09:33:37.700,2690.8000,14885,-1,119505840.000,1,0,1,双平,S,2689.6000,2689.4000,2689.2000,2688.2000,2687.8000,2691.6000,2691.8000,2692.0000,2693.0000,2693.6000,1,1,1,2,2,1,1,1,1,1
SF,IH2009,2020-05-27 09:33:38.200,2690.8000,14885,0,119505840.000,0,-,-,-,-,2689.8000,2689.6000,2689.2000,2688.2000,2687.8000,2691.2000,2691.4000,2691.6000,2691.8000,2692.0000,1,1,1,2,2,1,7,1,1,1
SF,IH2009,2020-05-27 09:33:38.700,2690.8000,14885,0,119505840.000,0,-,-,-,-,2689.8000,2689.6000,2689.2000,2688.2000,2687.8000,2691.0000,2691.2000,2691.4000,2691.6000,2691.8000,1,1,1,2,2,2,1,5,1,1
SF,IH2009,2020-05-27 09:33:39.700,2690.8000,14885,0,119505840.000,0,-,-,-,-,2690.2000,2689.8000,2689.6000,2689.2000,2688.2000,2690.8000,2691.0000,2691.2000,2691.4000,2691.6000,1,1,1,1,2,2,2,1,3,1
SF,IH2009,2020-05-27 09:33:40.200,2690.2000,14884,-1,120312900.000,1,0,1,双平,S,2689.8000,2689.6000,2689.2000,2688.2000,2687.8000,2690.8000,2691.0000,2691.2000,2691.4000,2691.6000,1,1,1,2,2,2,2,1,3,1
SF,IH2009,2020-05-27 09:33:41.200,2690.2000,14884,0,120312900.000,0,-,-,-,-,2689.8000,2689.6000,2689.2000,2688.2000,2687.8000,2690.8000,2691.0000,2691.2000,2691.4000,2691.6000,1,1,1,2,2,3,2,1,2,1
SF,IH2009,2020-05-27 09:33:41.700,2690.2000,14884,0,120312900.000,0,-,-,-,-,2689.8000,2689.6000,2689.2000,2688.2000,2687.8000,2690.8000,2691.0000,2691.2000,2691.4000,2691.6000,1,1,1,2,2,1,2,1,2,1
SF,IH2009,2020-05-27 09:33:43.200,2690.2000,14884,0,120312900.000,0,-,-,-,-,2689.8000,2689.6000,2689.2000,2688.2000,2687.8000,2691.0000,2691.2000,2691.4000,2691.6000,2691.8000,1,1,1,2,2,2,1,2,1,1
SF,IH2009,2020-05-27 09:33:45.200,2690.2000,14884,0,120312900.000,0,-,-,-,-,2689.8000,2689.6000,2689.2000,2688.2000,2687.8000,2691.0000,2691.2000,2691.4000,2691.6000,2691.8000,1,1,1,2,2,2,1,2,1,1
SF,IH2009,2020-05-27 09:33:45.700,2691.0000,14883,-1,121120200.000,1,0,1,双平,S,2689.8000,2689.6000,2689.2000,2688.2000,2687.8000,2691.0000,2691.2000,2691.4000,2691.6000,2691.8000,1,1,1,2,2,1,1,2,1,1
SF,IH2009,2020-05-27 09:33:46.200,2691.0000,14884,1,121927500.000,1,1,0,双开,S,2689.8000,2689.6000,2689.2000,2688.2000,2687.8000,2691.2000,2691.4000,2691.6000,2691.8000,2692.0000,1,1,1,2,2,1,2,1,1,1
SF,IH2009,2020-05-27 09:33:46.700,2691.0000,14884,0,121927500.000,0,-,-,-,-,2689.8000,2689.6000,2689.2000,2688.2000,2687.8000,2691.2000,2691.4000,2691.6000,2691.8000,2692.0000,1,1,1,2,2,1,2,1,1,1
SF,IH2009,2020-05-27 09:33:47.200,2691.0000,14884,0,121927500.000,0,-,-,-,-,2691.0000,2689.8000,2689.6000,2689.2000,2688.2000,2691.2000,2691.4000,2691.6000,2691.8000,2692.0000,1,1,1,1,2,1,2,1,1,1
SF,IH2009,2020-05-27 09:33:47.700,2691.0000,14884,0,122734800.000,1,0,1,多换,S,2689.8000,2689.6000,2689.2000,2688.2000,2687.8000,2691.0000,2691.2000,2691.4000,2691.6000,2691.8000,1,1,1,1,2,3,1,2,1,1
SF,IH2009,2020-05-27 09:33:48.200,2691.0000,14884,0,122734800.000,0,-,-,-,-,2689.8000,2689.6000,2689.2000,2688.2000,2688.0000,2691.0000,2691.2000,2691.4000,2691.6000,2691.8000,2,1,1,1,1,1,1,2,1,1
SF,IH2009,2020-05-27 09:33:48.700,2691.0000,14884,0,122734800.000,0,-,-,-,-,2689.8000,2689.6000,2689.2000,2688.2000,2688.0000,2691.0000,2691.2000,2691.4000,2691.6000,2691.8000,1,1,1,1,1,1,1,2,1,1
SF,IH2009,2020-05-27 09:33:49.200,2691.0000,14884,0,122734800.000,0,-,-,-,-,2689.8000,2689.6000,2689.2000,2688.2000,2688.0000,2691.0000,2691.2000,2691.4000,2691.6000,2691.8000,1,1,1,1,1,1,1,2,1,1
SF,IH2009,2020-05-27 09:33:50.200,2691.0000,14884,0,122734800.000,0,-,-,-,-,2689.8000,2689.6000,2689.2000,2689.0000,2688.2000,2691.0000,2691.2000,2691.4000,2691.6000,2691.8000,1,1,1,1,1,1,1,2,1,1
SF,IH2009,2020-05-27 09:33:50.700,2691.0000,14884,0,122734800.000,0,-,-,-,-,2689.8000,2689.6000,2689.2000,2689.0000,2688.2000,2690.8000,2691.0000,2691.2000,2691.4000,2691.6000,1,1,1,1,2,2,2,1,2,1
SF,IH2009,2020-05-27 09:33:51.200,2689.8000,14883,-1,123541740.000,1,0,1,双平,S,2689.6000,2689.2000,2689.0000,2688.8000,2688.2000,2690.6000,2690.8000,2691.0000,2691.4000,2691.6000,1,1,1,1,2,11,2,1,2,1
SF,IH2009,2020-05-27 09:33:51.700,2689.8000,14883,0,123541740.000,0,-,-,-,-,2689.6000,2689.2000,2689.0000,2688.8000,2688.2000,2690.4000,2690.6000,2690.8000,2691.0000,2691.4000,1,1,1,1,2,2,2,2,1,2
SF,IH2009,2020-05-27 09:33:52.200,2689.8000,14883,0,123541740.000,0,-,-,-,-,2689.6000,2689.2000,2689.0000,2688.8000,2688.2000,2690.4000,2690.6000,2690.8000,2691.0000,2691.4000,1,1,1,1,2,1,2,2,1,2
SF,IH2009,2020-05-27 09:33:53.200,2689.8000,14883,0,123541740.000,0,-,-,-,-,2689.6000,2689.2000,2689.0000,2688.8000,2688.2000,2690.4000,2690.8000,2691.0000,2691.4000,2691.6000,1,1,1,1,2,1,2,1,2,1
SF,IH2009,2020-05-27 09:33:53.700,2689.8000,14883,0,123541740.000,0,-,-,-,-,2689.8000,2689.6000,2689.2000,2689.0000,2688.8000,2690.8000,2691.0000,2691.4000,2691.6000,2691.8000,1,1,1,1,1,1,1,2,1,1
SF,IH2009,2020-05-27 09:33:54.200,2689.8000,14883,0,123541740.000,0,-,-,-,-,2690.6000,2689.8000,2689.6000,2689.2000,2689.0000,2691.0000,2691.4000,2691.6000,2691.8000,2692.0000,1,1,1,1,1,1,2,1,1,2
SF,IH2009,2020-05-27 09:33:54.700,2690.4000,14882,-1,124348860.000,1,0,1,双平,S,2689.6000,2689.2000,2689.0000,2688.8000,2688.2000,2690.6000,2690.8000,2691.0000,2691.4000,2691.6000,1,1,1,1,2,4,1,1,2,1
SF,IH2009,2020-05-27 09:33:55.200,2690.4000,14882,0,124348860.000,0,-,-,-,-,2689.6000,2689.2000,2689.0000,2688.8000,2688.2000,2690.6000,2691.0000,2691.4000,2691.6000,2691.8000,1,1,1,1,3,1,1,2,1,1
SF,IH2009,2020-05-27 09:33:57.200,2689.6000,14882,0,125155740.000,1,0,1,多换,S,2689.2000,2689.0000,2688.8000,2688.2000,2687.8000,2690.4000,2690.6000,2690.8000,2691.0000,2691.4000,1,1,1,3,2,2,1,1,1,2
SF,IH2009,2020-05-27 09:33:57.700,2689.6000,14882,0,125155740.000,0,-,-,-,-,2689.2000,2689.0000,2688.8000,2688.2000,2687.8000,2690.0000,2690.2000,2690.4000,2690.6000,2690.8000,1,1,1,3,2,2,4,9,1,1
SF,IH2009,2020-05-27 09:33:58.200,2689.6000,14882,0,125155740.000,0,-,-,-,-,2689.4000,2689.2000,2689.0000,2688.8000,2688.2000,2690.2000,2690.6000,2690.8000,2691.6000,2691.8000,1,1,1,1,3,2,1,1,1,1
SF,IH2009,2020-05-27 09:33:58.700,2689.6000,14882,0,125155740.000,0,-,-,-,-,2689.4000,2689.2000,2689.0000,2688.8000,2688.2000,2690.2000,2690.6000,2690.8000,2691.6000,2691.8000,1,1,1,1,3,3,1,1,1,1
SF,IH2009,2020-05-27 09:34:00.200,2689.4000,14881,-1,125962560.000,1,0,1,双平,S,2689.2000,2689.0000,2688.8000,2688.2000,2687.8000,2690.2000,2690.6000,2690.8000,2691.6000,2691.8000,1,1,1,3,2,3,1,1,1,1
SF,IH2009,2020-05-27 09:34:00.700,2689.4000,14881,0,125962560.000,0,-,-,-,-,2689.2000,2689.0000,2688.8000,2688.2000,2687.8000,2690.0000,2690.2000,2690.6000,2690.8000,2691.6000,1,1,1,3,2,2,2,1,1,1
SF,IH2009,2020-05-27 09:34:01.200,2689.4000,14881,0,125962560.000,0,-,-,-,-,2689.0000,2688.8000,2688.2000,2687.8000,2687.6000,2689.4000,2690.0000,2690.2000,2690.6000,2690.8000,1,1,3,2,1,1,2,1,1,1
SF,IH2009,2020-05-27 09:34:01.700,2689.4000,14881,0,125962560.000,0,-,-,-,-,2689.0000,2688.8000,2688.2000,2687.8000,2687.6000,2689.4000,2690.0000,2690.2000,2690.6000,2690.8000,1,1,3,2,1,1,1,1,1,1
SF,IH2009,2020-05-27 09:34:02.200,2689.4000,14881,0,126769380.000,1,0,1,多换,S,2689.0000,2688.8000,2688.2000,2687.8000,2687.6000,2689.4000,2690.2000,2690.6000,2690.8000,2691.6000,1,1,3,2,1,2,1,1,1,1
SF,IH2009,2020-05-27 09:34:02.700,2689.4000,14881,0,126769380.000,0,-,-,-,-,2689.0000,2688.8000,2688.2000,2687.8000,2687.6000,2689.4000,2690.2000,2690.6000,2690.8000,2691.6000,1,1,3,2,1,1,1,1,1,1
SF,IH2009,2020-05-27 09:34:03.200,2689.4000,14881,0,126769380.000,0,-,-,-,-,2689.0000,2688.8000,2688.2000,2687.8000,2687.6000,2690.0000,2690.2000,2690.6000,2690.8000,2691.6000,1,1,3,2,1,1,1,1,1,1
SF,IH2009,2020-05-27 09:34:03.700,2689.4000,14881,0,126769380.000,0,-,-,-,-,2689.0000,2688.8000,2688.2000,2687.8000,2687.6000,2689.6000,2689.8000,2690.0000,2690.2000,2690.6000,1,1,3,2,1,1,2,1,1,1
SF,IH2009,2020-05-27 09:34:04.200,2689.0000,14881,0,127576080.000,1,0,1,多换,S,2688.8000,2688.2000,2687.8000,2687.6000,2687.4000,2689.4000,2689.6000,2689.8000,2690.0000,2690.2000,1,3,2,1,1,3,1,1,1,1
SF,IH2009,2020-05-27 09:34:04.700,2689.0000,14881,0,127576080.000,0,-,-,-,-,2688.8000,2688.2000,2687.8000,2687.6000,2687.4000,2689.4000,2689.8000,2690.0000,2690.2000,2690.6000,1,3,2,1,1,2,1,1,1,1
SF,IH2009,2020-05-27 09:34:05.200,2689.2000,14881,0,128382840.000,1,0,1,多换,S,2688.8000,2688.2000,2687.8000,2687.6000,2687.4000,2689.4000,2689.8000,2690.0000,2690.2000,2690.6000,1,3,2,1,1,2,1,1,1,1
SF,IH2009,2020-05-27 09:34:05.700,2689.2000,14881,0,128382840.000,0,-,-,-,-,2688.8000,2688.2000,2687.8000,2687.6000,2687.4000,2690.0000,2690.2000,2690.6000,2690.8000,2691.6000,1,3,2,1,1,1,1,1,1,1
SF,IH2009,2020-05-27 09:34:07.200,2689.2000,14881,0,128382840.000,0,-,-,-,-,2688.8000,2688.2000,2687.8000,2687.6000,2687.4000,2689.8000,2690.0000,2690.2000,2690.6000,2690.8000,1,3,2,1,1,1,1,1,1,1
SF,IH2009,2020-05-27 09:34:07.700,2689.2000,14881,0,128382840.000,0,-,-,-,-,2688.8000,2688.2000,2687.8000,2687.6000,2687.4000,2689.4000,2689.6000,2689.8000,2690.0000,2690.2000,2,3,2,1,1,1,2,3,1,1
SF,IH2009,2020-05-27 09:34:08.200,2689.2000,14881,0,128382840.000,0,-,-,-,-,2688.8000,2688.2000,2687.8000,2687.6000,2687.4000,2689.6000,2689.8000,2690.0000,2690.2000,2690.6000,2,3,2,1,1,1,3,1,1,1
SF,IH2009,2020-05-27 09:34:08.700,2689.2000,14881,0,128382840.000,0,-,-,-,-,2688.8000,2688.2000,2687.8000,2687.6000,2687.4000,2689.4000,2689.6000,2689.8000,2690.0000,2690.2000,2,3,2,1,1,2,1,1,1,1
SF,IH2009,2020-05-27 09:34:09.200,2689.2000,14881,0,128382840.000,0,-,-,-,-,2688.8000,2688.2000,2687.8000,2687.6000,2687.4000,2689.4000,2689.6000,2689.8000,2690.0000,2690.2000,2,3,2,1,1,1,1,1,1,1
SF,IH2009,2020-05-27 09:34:09.700,2689.2000,14881,0,128382840.000,0,-,-,-,-,2688.8000,2688.2000,2687.8000,2687.6000,2687.4000,2689.6000,2689.8000,2690.0000,2690.2000,2690.6000,2,3,2,1,1,1,1,1,1,1
SF,IH2009,2020-05-27 09:34:10.200,2689.2000,14881,0,128382840.000,0,-,-,-,-,2688.8000,2688.2000,2687.8000,2687.6000,2687.4000,2689.6000,2689.8000,2690.2000,2690.6000,2690.8000,2,3,2,1,1,1,1,1,1,1
SF,IH2009,2020-05-27 09:34:11.200,2689.2000,14881,0,128382840.000,0,-,-,-,-,2688.8000,2688.2000,2687.8000,2687.6000,2687.4000,2689.6000,2689.8000,2690.2000,2690.6000,2690.8000,2,3,2,1,1,1,1,1,1,1
SF,IH2009,2020-05-27 09:34:11.700,2689.2000,14881,0,128382840.000,0,-,-,-,-,2688.8000,2688.2000,2687.8000,2687.6000,2687.4000,2689.4000,2689.6000,2689.8000,2690.2000,2690.6000,2,3,2,1,1,2,1,1,1,1
SF,IH2009,2020-05-27 09:34:12.700,2689.2000,14881,0,128382840.000,0,-,-,-,-,2688.8000,2688.2000,2687.8000,2687.6000,2687.4000,2689.4000,2689.6000,2689.8000,2690.2000,2690.6000,2,3,2,1,1,2,1,1,1,1
SF,IH2009,2020-05-27 09:34:15.200,2688.8000,14881,0,129996120.000,2,1,1,多换,S,2688.2000,2687.8000,2687.6000,2687.4000,2687.2000,2689.2000,2689.4000,2689.8000,2690.2000,2690.6000,3,2,1,1,2,2,2,1,1,1
SF,IH2009,2020-05-27 09:34:15.700,2688.8000,14881,0,129996120.000,0,-,-,-,-,2688.2000,2687.8000,2687.6000,2687.4000,2687.2000,2689.2000,2689.4000,2689.8000,2690.2000,2691.6000,3,2,1,1,2,2,2,1,1,1
SF,IH2009,2020-05-27 09:34:16.200,2688.8000,14881,0,129996120.000,0,-,-,-,-,2688.6000,2688.2000,2687.8000,2687.6000,2687.4000,2689.2000,2689.4000,2689.8000,2690.2000,2691.6000,1,3,2,1,1,2,2,1,1,1
SF,IH2009,2020-05-27 09:34:16.700,2688.8000,14881,0,129996120.000,0,-,-,-,-,2688.6000,2688.2000,2687.8000,2687.6000,2687.4000,2689.0000,2689.2000,2689.4000,2689.8000,2690.0000,1,3,2,1,1,1,1,2,1,1
SF,IH2009,2020-05-27 09:34:17.700,2688.6000,14881,0,130802700.000,1,0,1,多换,S,2688.2000,2687.8000,2687.6000,2687.4000,2687.2000,2689.0000,2689.2000,2689.4000,2689.8000,2690.0000,3,2,1,1,2,1,1,2,1,1
SF,IH2009,2020-05-27 09:34:18.200,2688.6000,14881,0,130802700.000,0,-,-,-,-,2688.2000,2687.8000,2687.6000,2687.4000,2687.2000,2689.0000,2689.2000,2689.4000,2689.8000,2690.2000,3,2,1,1,2,1,1,2,1,1
SF,IH2009,2020-05-27 09:34:19.200,2688.6000,14881,0,130802700.000,0,-,-,-,-,2688.2000,2687.8000,2687.6000,2687.4000,2687.2000,2689.2000,2689.4000,2689.8000,2690.2000,2691.6000,3,2,1,1,2,1,2,1,1,1
SF,IH2009,2020-05-27 09:34:19.700,2688.6000,14881,0,130802700.000,0,-,-,-,-,2689.0000,2688.4000,2688.2000,2687.8000,2687.6000,2689.2000,2689.4000,2689.8000,2690.2000,2691.6000,1,1,3,2,1,2,2,1,1,1
SF,IH2009,2020-05-27 09:34:20.200,2689.2000,14881,0,132416220.000,2,1,1,多换,S,2689.2000,2689.0000,2688.4000,2688.2000,2687.8000,2689.4000,2689.8000,2690.2000,2691.6000,2691.8000,1,1,1,3,2,1,1,1,1,1
SF,IH2009,2020-05-27 09:34:20.700,2689.4000,14881,0,133223040.000,1,0,1,多换,S,2689.4000,2689.2000,2689.0000,2688.4000,2688.2000,2689.8000,2690.2000,2691.6000,2691.8000,2692.0000,1,1,1,1,3,1,1,1,1,2
SF,IH2009,2020-05-27 09:34:21.200,2689.4000,14881,0,133223040.000,0,-,-,-,-,2689.4000,2689.2000,2689.0000,2688.4000,2688.2000,2690.2000,2691.0000,2691.6000,2691.8000,2692.0000,2,1,1,1,3,1,1,1,1,2
SF,IH2009,2020-05-27 09:34:21.700,2689.8000,14881,0,134029980.000,1,0,1,多换,S,2689.4000,2689.2000,2689.0000,2688.4000,2688.2000,2690.2000,2691.0000,2691.6000,2691.8000,2692.0000,2,1,1,1,3,1,1,1,1,2
SF,IH2009,2020-05-27 09:34:22.200,2689.8000,14881,0,134029980.000,0,-,-,-,-,2689.4000,2689.2000,2689.0000,2688.2000,2687.8000,2691.0000,2691.6000,2691.8000,2692.0000,2693.0000,2,1,1,3,2,1,1,1,2,4
SF,IH2009,2020-05-27 09:34:22.700,2689.8000,14881,0,134029980.000,0,-,-,-,-,2689.6000,2689.4000,2689.2000,2689.0000,2688.2000,2690.4000,2690.8000,2691.0000,2691.6000,2691.8000,1,2,1,1,3,1,6,1,1,1
SF,IH2009,2020-05-27 09:34:23.200,2689.8000,14881,0,134029980.000,0,-,-,-,-,2689.6000,2689.4000,2689.2000,2689.0000,2688.2000,2690.4000,2690.8000,2691.0000,2691.6000,2691.8000,1,2,1,1,3,1,4,2,1,1
SF,IH2009,2020-05-27 09:34:23.700,2689.8000,14881,0,134029980.000,0,-,-,-,-,2689.6000,2689.4000,2689.2000,2689.0000,2688.2000,2690.8000,2691.0000,2691.6000,2691.8000,2692.0000,1,2,1,1,3,3,2,1,1,2
SF,IH2009,2020-05-27 09:34:24.200,2689.8000,14881,0,134029980.000,0,-,-,-,-,2689.6000,2689.4000,2689.2000,2689.0000,2688.2000,2690.2000,2690.6000,2690.8000,2691.0000,2691.6000,1,2,1,1,3,1,4,3,2,1
SF,IH2009,2020-05-27 09:34:24.700,2689.8000,14881,0,134029980.000,0,-,-,-,-,2689.6000,2689.4000,2689.2000,2689.0000,2688.2000,2690.2000,2690.6000,2690.8000,2691.0000,2691.6000,1,2,1,1,3,1,3,3,2,1
SF,IH2009,2020-05-27 09:34:26.200,2689.8000,14881,0,134029980.000,0,-,-,-,-,2689.6000,2689.4000,2689.2000,2689.0000,2688.2000,2690.2000,2690.6000,2690.8000,2691.0000,2691.6000,1,2,1,1,3,1,1,3,2,1
SF,IH2009,2020-05-27 09:34:26.700,2690.2000,14881,0,134837040.000,1,0,1,多换,S,2689.6000,2689.4000,2689.2000,2689.0000,2688.2000,2690.6000,2690.8000,2691.0000,2691.6000,2691.8000,1,1,1,1,3,1,3,2,1,1
SF,IH2009,2020-05-27 09:34:27.200,2690.2000,14881,0,134837040.000,0,-,-,-,-,2689.6000,2689.4000,2689.2000,2689.0000,2688.2000,2690.4000,2690.6000,2690.8000,2691.0000,2691.6000,1,1,1,1,3,1,1,3,2,1
SF,IH2009,2020-05-27 09:34:27.700,2690.2000,14881,0,134837040.000,0,-,-,-,-,2689.6000,2689.4000,2689.2000,2689.0000,2688.2000,2690.4000,2690.6000,2690.8000,2691.0000,2691.8000,1,1,1,1,3,1,1,3,2,1
SF,IH2009,2020-05-27 09:34:28.700,2690.2000,14881,0,134837040.000,0,-,-,-,-,2689.6000,2689.4000,2689.2000,2689.0000,2688.6000,2690.2000,2690.4000,2690.6000,2690.8000,2691.0000,1,1,1,1,1,3,1,1,3,2
SF,IH2009,2020-05-27 09:34:30.200,2690.2000,14881,0,134837040.000,0,-,-,-,-,2689.6000,2689.4000,2689.2000,2689.0000,2688.6000,2690.2000,2690.4000,2690.6000,2690.8000,2691.0000,1,1,1,1,1,3,1,1,3,2
SF,IH2009,2020-05-27 09:34:34.200,2689.6000,14880,-1,135643920.000,1,0,1,双平,S,2689.2000,2689.0000,2688.6000,2688.2000,2688.0000,2689.6000,2690.2000,2690.4000,2690.6000,2690.8000,1,1,1,3,1,1,3,1,1,3
SF,IH2009,2020-05-27 09:34:34.700,2689.6000,14880,0,135643920.000,0,-,-,-,-,2689.2000,2689.0000,2688.6000,2688.2000,2688.0000,2689.6000,2690.2000,2690.6000,2690.8000,2691.0000,1,1,1,3,1,1,4,1,2,2
SF,IH2009,2020-05-27 09:34:35.200,2689.6000,14880,0,135643920.000,0,-,-,-,-,2689.2000,2689.0000,2688.6000,2688.2000,2688.0000,2689.6000,2690.2000,2690.6000,2690.8000,2691.0000,1,1,1,3,1,1,4,1,3,2
SF,IH2009,2020-05-27 09:34:35.700,2689.6000,14880,0,135643920.000,0,-,-,-,-,2689.4000,2689.2000,2689.0000,2688.6000,2688.2000,2690.2000,2690.6000,2690.8000,2691.0000,2691.4000,1,1,1,1,3,1,1,3,2,1
SF,IH2009,2020-05-27 09:34:36.200,2689.6000,14880,0,135643920.000,0,-,-,-,-,2689.6000,2689.4000,2689.2000,2689.0000,2688.6000,2690.2000,2690.6000,2690.8000,2691.0000,2691.4000,3,1,1,1,1,1,1,3,2,1
SF,IH2009,2020-05-27 09:34:36.700,2689.6000,14880,0,135643920.000,0,-,-,-,-,2689.6000,2689.4000,2689.2000,2689.0000,2688.6000,2690.0000,2690.6000,2690.8000,2691.0000,2691.4000,3,1,1,1,1,3,1,3,2,1
SF,IH2009,2020-05-27 09:34:37.200,2690.0000,14878,-2,137257920.000,2,0,2,双平,S,2689.6000,2689.4000,2689.2000,2689.0000,2688.6000,2690.0000,2690.6000,2690.8000,2691.0000,2691.4000,3,1,1,1,1,1,1,3,2,1
SF,IH2009,2020-05-27 09:34:37.700,2690.0000,14877,-1,138064920.000,1,0,1,双平,S,2690.0000,2689.6000,2689.4000,2689.2000,2689.0000,2690.6000,2690.8000,2691.0000,2691.4000,2691.8000,1,2,1,1,1,1,3,2,1,1
SF,IH2009,2020-05-27 09:34:38.200,2690.0000,14877,0,138064920.000,0,-,-,-,-,2690.0000,2689.6000,2689.4000,2689.2000,2689.0000,2690.8000,2691.0000,2691.4000,2691.8000,2692.0000,1,2,1,1,1,2,2,1,1,3
SF,IH2009,2020-05-27 09:34:39.200,2690.0000,14877,0,138064920.000,0,-,-,-,-,2690.2000,2690.0000,2689.6000,2689.2000,2689.0000,2690.8000,2691.0000,2691.4000,2691.8000,2692.0000,1,1,2,1,1,2,2,1,1,3
SF,IH2009,2020-05-27 09:34:39.700,2690.0000,14877,0,138064920.000,0,-,-,-,-,2690.2000,2690.0000,2689.6000,2689.2000,2689.0000,2690.8000,2691.0000,2691.4000,2691.8000,2692.0000,1,1,2,1,1,2,2,1,1,3
SF,IH2009,2020-05-27 09:34:40.700,2690.6000,14876,-1,138872100.000,1,0,1,双平,S,2690.2000,2690.0000,2689.6000,2689.2000,2689.0000,2690.8000,2691.0000,2691.4000,2691.8000,2692.0000,1,1,2,1,1,3,2,1,1,3
SF,IH2009,2020-05-27 09:34:41.200,2690.6000,14876,0,138872100.000,0,-,-,-,-,2690.2000,2690.0000,2689.6000,2689.2000,2689.0000,2690.8000,2691.0000,2691.4000,2691.8000,2692.0000,1,1,2,1,1,2,2,1,1,3
SF,IH2009,2020-05-27 09:34:41.700,2690.6000,14876,0,138872100.000,0,-,-,-,-,2690.2000,2690.0000,2689.6000,2689.2000,2689.0000,2690.8000,2691.0000,2691.4000,2691.8000,2692.0000,1,1,2,1,1,1,1,1,1,3
SF,IH2009,2020-05-27 09:34:46.700,2690.8000,14876,0,139679340.000,1,0,1,多换,S,2690.8000,2690.2000,2689.6000,2689.2000,2689.0000,2691.0000,2691.4000,2691.8000,2692.0000,2692.6000,4,1,2,1,1,1,1,1,3,1
SF,IH2009,2020-05-27 09:34:47.200,2690.8000,14880,4,142908300.000,4,4,0,双开,S,2690.2000,2689.6000,2689.2000,2689.0000,2688.8000,2690.8000,2691.0000,2691.4000,2691.8000,2692.0000,1,2,1,1,1,2,1,1,1,3
SF,IH2009,2020-05-27 09:34:47.700,2690.8000,14880,0,142908300.000,0,-,-,-,-,2690.2000,2689.6000,2689.2000,2689.0000,2688.8000,2690.6000,2690.8000,2691.0000,2691.4000,2691.8000,1,2,1,1,1,1,2,1,1,1
SF,IH2009,2020-05-27 09:34:48.200,2690.8000,14880,0,142908300.000,0,-,-,-,-,2690.2000,2689.8000,2689.6000,2689.2000,2689.0000,2690.6000,2690.8000,2691.0000,2691.4000,2691.8000,1,1,2,1,1,1,2,1,1,1
SF,IH2009,2020-05-27 09:34:48.700,2690.8000,14880,0,142908300.000,0,-,-,-,-,2690.2000,2689.8000,2689.6000,2689.2000,2689.0000,2690.6000,2690.8000,2691.0000,2691.4000,2691.8000,1,1,2,1,1,1,2,1,1,1
SF,IH2009,2020-05-27 09:34:49.200,2690.2000,14879,-1,143715360.000,1,0,1,双平,S,2689.8000,2689.6000,2689.2000,2689.0000,2688.8000,2690.2000,2690.6000,2690.8000,2691.0000,2691.4000,1,2,1,1,1,1,1,2,1,1
SF,IH2009,2020-05-27 09:34:49.700,2690.2000,14879,0,143715360.000,0,-,-,-,-,2690.2000,2689.8000,2689.6000,2689.2000,2689.0000,2690.6000,2690.8000,2691.0000,2691.4000,2691.8000,1,1,2,1,1,1,2,1,1,1
SF,IH2009,2020-05-27 09:34:50.200,2690.2000,14879,0,143715360.000,0,-,-,-,-,2689.8000,2689.6000,2689.2000,2689.0000,2688.8000,2690.6000,2690.8000,2691.0000,2691.4000,2691.8000,1,2,1,1,1,1,2,1,1,1
SF,IH2009,2020-05-27 09:34:50.700,2690.2000,14879,0,143715360.000,0,-,-,-,-,2689.8000,2689.6000,2689.2000,2689.0000,2688.8000,2690.6000,2690.8000,2691.0000,2691.4000,2691.8000,1,2,1,1,1,1,3,1,1,1
SF,IH2009,2020-05-27 09:34:51.200,2690.2000,14879,0,143715360.000,0,-,-,-,-,2689.8000,2689.6000,2689.2000,2689.0000,2688.8000,2690.6000,2690.8000,2691.0000,2691.4000,2691.8000,1,2,1,1,1,2,3,1,1,1
SF,IH2009,2020-05-27 09:34:51.700,2690.2000,14879,0,143715360.000,0,-,-,-,-,2689.8000,2689.6000,2689.2000,2689.0000,2688.8000,2690.6000,2690.8000,2691.0000,2691.4000,2691.8000,1,2,1,1,1,2,2,1,1,1
SF,IH2009,2020-05-27 09:34:53.700,2690.2000,14879,0,143715360.000,0,-,-,-,-,2689.8000,2689.6000,2689.2000,2689.0000,2688.8000,2690.6000,2690.8000,2691.0000,2691.4000,2691.8000,1,2,1,1,1,1,2,1,1,1
SF,IH2009,2020-05-27 09:34:57.700,2690.2000,14879,0,143715360.000,0,-,-,-,-,2689.8000,2689.6000,2689.4000,2689.2000,2689.0000,2690.4000,2690.6000,2690.8000,2691.0000,2691.4000,1,2,1,1,1,1,1,2,1,1
SF,IH2009,2020-05-27 09:34:58.200,2690.2000,14879,0,143715360.000,0,-,-,-,-,2689.8000,2689.6000,2689.4000,2689.2000,2689.0000,2690.4000,2690.6000,2690.8000,2691.0000,2691.4000,1,2,1,1,1,1,1,3,1,1
SF,IH2009,2020-05-27 09:34:58.700,2690.2000,14879,0,143715360.000,0,-,-,-,-,2689.8000,2689.6000,2689.4000,2689.2000,2689.0000,2690.4000,2690.6000,2690.8000,2691.0000,2691.4000,1,2,1,1,1,1,1,2,1,1
SF,IH2009,2020-05-27 09:34:59.200,2690.4000,14878,-1,144522480.000,1,0,1,双平,S,2689.8000,2689.6000,2689.4000,2689.2000,2689.0000,2690.6000,2690.8000,2691.0000,2691.4000,2691.8000,1,2,1,1,1,1,2,1,1,1
SF,IH2009,2020-05-27 09:34:59.700,2690.4000,14878,0,144522480.000,0,-,-,-,-,2689.8000,2689.6000,2689.4000,2689.2000,2689.0000,2690.6000,2690.8000,2691.0000,2691.4000,2691.8000,1,2,1,1,1,1,3,1,1,1
SF,IH2009,2020-05-27 09:35:00.200,2690.4000,14878,0,144522480.000,0,-,-,-,-,2689.8000,2689.6000,2689.4000,2689.2000,2689.0000,2690.6000,2690.8000,2691.0000,2691.4000,2691.8000,1,2,1,1,1,1,2,1,1,1
SF,IH2009,2020-05-27 09:35:00.700,2690.8000,14878,0,146136900.000,2,1,1,多换,S,2689.8000,2689.6000,2689.4000,2689.2000,2689.0000,2690.8000,2691.0000,2691.4000,2691.8000,2692.0000,1,2,1,1,1,1,1,1,1,3
SF,IH2009,2020-05-27 09:35:01.700,2690.8000,14878,0,146136900.000,0,-,-,-,-,2689.8000,2689.6000,2689.4000,2689.2000,2689.0000,2690.8000,2691.0000,2691.4000,2691.8000,2692.0000,1,2,1,1,1,2,1,1,1,3
SF,IH2009,2020-05-27 09:35:02.200,2690.8000,14878,0,146136900.000,0,-,-,-,-,2689.8000,2689.6000,2689.4000,2689.2000,2689.0000,2690.6000,2690.8000,2691.0000,2691.4000,2691.8000,1,2,1,1,1,2,3,1,1,1
SF,IH2009,2020-05-27 09:35:02.700,2690.8000,14878,0,146136900.000,0,-,-,-,-,2689.8000,2689.6000,2689.4000,2689.2000,2689.0000,2690.6000,2690.8000,2691.0000,2691.4000,2691.8000,1,2,1,1,1,2,2,1,1,1
SF,IH2009,2020-05-27 09:35:03.200,2690.8000,14878,0,146136900.000,0,-,-,-,-,2689.8000,2689.6000,2689.4000,2689.2000,2689.0000,2690.6000,2690.8000,2691.0000,2691.4000,2691.8000,1,2,1,1,1,2,3,1,1,1
SF,IH2009,2020-05-27 09:35:04.200,2690.8000,14878,0,146136900.000,0,-,-,-,-,2689.8000,2689.6000,2689.4000,2689.2000,2689.0000,2690.6000,2690.8000,2691.0000,2691.4000,2691.8000,1,2,1,1,1,2,2,1,1,1
SF,IH2009,2020-05-27 09:35:05.200,2690.8000,14878,0,146136900.000,0,-,-,-,-,2689.8000,2689.6000,2689.4000,2689.2000,2689.0000,2690.6000,2690.8000,2691.0000,2691.4000,2691.8000,1,2,1,1,1,2,3,1,1,1
SF,IH2009,2020-05-27 09:35:05.700,2689.8000,14878,0,146943840.000,1,0,1,多换,S,2689.6000,2689.4000,2689.2000,2689.0000,2688.8000,2690.6000,2690.8000,2691.0000,2691.4000,2691.8000,2,1,1,1,1,1,3,1,1,1
SF,IH2009,2020-05-27 09:35:06.200,2690.6000,14877,-1,147751020.000,1,0,1,双平,S,2689.6000,2689.4000,2689.2000,2689.0000,2688.8000,2690.8000,2691.0000,2691.4000,2691.8000,2692.0000,2,1,1,1,1,2,1,1,1,3
SF,IH2009,2020-05-27 09:35:06.700,2690.6000,14877,0,147751020.000,0,-,-,-,-,2689.8000,2689.6000,2689.4000,2689.2000,2689.0000,2690.8000,2691.0000,2691.4000,2691.8000,2692.0000,3,2,2,1,1,2,1,1,1,3
SF,IH2009,2020-05-27 09:35:07.200,2690.8000,14877,0,148558260.000,1,0,1,多换,S,2690.0000,2689.8000,2689.6000,2689.4000,2689.2000,2691.0000,2691.4000,2691.8000,2692.0000,2692.6000,2,3,2,1,1,1,1,1,3,1
SF,IH2009,2020-05-27 09:35:07.700,2691.0000,14877,0,149365560.000,1,0,1,多换,S,2690.0000,2689.8000,2689.6000,2689.4000,2689.2000,2691.4000,2691.8000,2692.0000,2692.6000,2693.0000,2,2,2,1,1,1,1,3,1,4
SF,IH2009,2020-05-27 09:35:08.200,2691.0000,14877,0,149365560.000,0,-,-,-,-,2690.0000,2689.8000,2689.6000,2689.4000,2689.2000,2691.2000,2691.4000,2691.8000,2692.0000,2692.6000,2,2,2,1,1,1,1,1,3,1
SF,IH2009,2020-05-27 09:35:08.700,2691.0000,14877,0,149365560.000,0,-,-,-,-,2690.0000,2689.8000,2689.6000,2689.4000,2689.2000,2691.2000,2691.4000,2691.8000,2692.0000,2692.6000,2,2,2,1,1,2,1,1,3,1
SF,IH2009,2020-05-27 09:35:09.200,2691.4000,14875,-2,150980340.000,2,0,2,双平,S,2690.0000,2689.8000,2689.6000,2689.4000,2689.2000,2691.4000,2691.8000,2692.0000,2692.6000,2693.0000,2,2,2,1,1,1,1,3,1,4
SF,IH2009,2020-05-27 09:35:09.700,2691.4000,14875,0,150980340.000,0,-,-,-,-,2690.2000,2690.0000,2689.6000,2689.4000,2689.2000,2691.4000,2691.8000,2692.0000,2692.6000,2693.0000,2,2,2,1,1,1,1,3,1,4
SF,IH2009,2020-05-27 09:35:10.200,2691.4000,14875,0,150980340.000,0,-,-,-,-,2690.2000,2690.0000,2689.6000,2689.4000,2689.2000,2691.8000,2692.0000,2692.6000,2693.0000,2693.6000,2,3,2,1,1,1,3,1,4,1
SF,IH2009,2020-05-27 09:35:10.700,2691.4000,14875,0,150980340.000,0,-,-,-,-,2690.4000,2690.2000,2690.0000,2689.6000,2689.4000,2691.8000,2692.0000,2692.6000,2693.0000,2693.6000,1,2,4,2,1,1,3,1,4,1
SF,IH2009,2020-05-27 09:35:11.200,2691.4000,14875,0,150980340.000,0,-,-,-,-,2690.4000,2690.2000,2690.0000,2689.6000,2689.4000,2691.6000,2691.8000,2692.0000,2692.6000,2693.0000,1,1,4,2,1,2,2,3,1,4
SF,IH2009,2020-05-27 09:35:11.700,2691.4000,14875,0,150980340.000,0,-,-,-,-,2690.4000,2690.2000,2690.0000,2689.6000,2689.4000,2691.4000,2691.8000,2692.0000,2692.6000,2693.0000,1,1,4,2,1,2,2,3,1,4
SF,IH2009,2020-05-27 09:35:12.200,2691.4000,14875,0,150980340.000,0,-,-,-,-,2690.4000,2690.2000,2690.0000,2689.6000,2689.4000,2691.4000,2691.8000,2692.0000,2692.6000,2693.0000,1,1,4,2,1,2,2,3,1,4
SF,IH2009,2020-05-27 09:35:14.700,2691.4000,14875,0,150980340.000,0,-,-,-,-,2690.4000,2690.2000,2690.0000,2689.6000,2689.4000,2691.8000,2692.0000,2692.6000,2693.0000,2693.6000,1,1,4,2,1,2,3,1,4,1
SF,IH2009,2020-05-27 09:35:15.200,2691.4000,14875,0,150980340.000,0,-,-,-,-,2690.6000,2690.4000,2690.0000,2689.6000,2689.4000,2691.8000,2692.0000,2692.6000,2693.0000,2693.6000,2,1,4,2,1,1,3,1,4,2
SF,IH2009,2020-05-27 09:35:15.700,2691.4000,14875,0,150980340.000,0,-,-,-,-,2690.6000,2690.0000,2689.6000,2689.4000,2689.2000,2691.8000,2692.0000,2692.6000,2693.0000,2693.6000,1,4,2,1,1,1,3,1,4,2
SF,IH2009,2020-05-27 09:35:16.200,2691.4000,14875,0,150980340.000,0,-,-,-,-,2690.8000,2690.6000,2690.0000,2689.6000,2689.4000,2691.8000,2692.0000,2692.6000,2693.0000,2693.6000,1,1,4,2,1,1,3,1,4,2
SF,IH2009,2020-05-27 09:35:16.700,2691.4000,14875,0,150980340.000,0,-,-,-,-,2690.8000,2690.6000,2690.0000,2689.6000,2689.4000,2691.8000,2692.0000,2692.6000,2693.0000,2693.6000,1,1,4,2,1,1,3,1,4,2
SF,IH2009,2020-05-27 09:35:18.200,2691.4000,14875,0,150980340.000,0,-,-,-,-,2690.8000,2690.6000,2690.0000,2689.6000,2689.4000,2691.8000,2692.0000,2692.6000,2692.8000,2693.0000,1,1,4,2,1,1,3,1,1,4
SF,IH2009,2020-05-27 09:35:22.200,2691.4000,14875,0,150980340.000,0,-,-,-,-,2690.8000,2690.6000,2690.0000,2689.6000,2689.4000,2691.8000,2692.0000,2692.6000,2692.8000,2693.0000,1,2,4,2,1,1,3,1,1,4
SF,IH2009,2020-05-27 09:35:23.700,2691.8000,14874,-1,151787880.000,1,0,1,双平,S,2690.8000,2690.6000,2690.0000,2689.6000,2689.4000,2691.6000,2692.0000,2692.6000,2692.8000,2693.0000,1,2,4,2,1,1,2,1,1,4
SF,IH2009,2020-05-27 09:35:24.200,2691.6000,14873,-1,152595360.000,1,0,1,双平,S,2691.0000,2690.8000,2690.6000,2690.0000,2689.6000,2692.0000,2692.6000,2692.8000,2693.0000,2693.6000,1,1,1,3,2,2,1,1,4,2
SF,IH2009,2020-05-27 09:35:24.700,2692.0000,14873,0,153402960.000,1,0,1,多换,S,2691.0000,2690.6000,2690.0000,2689.6000,2689.4000,2692.0000,2692.6000,2692.8000,2693.0000,2693.6000,2,1,2,2,1,1,1,1,4,2
SF,IH2009,2020-05-27 09:35:25.200,2692.0000,14872,-1,154210560.000,1,0,1,双平,S,2691.4000,2691.0000,2690.6000,2690.0000,2689.6000,2692.6000,2692.8000,2693.0000,2693.6000,2695.2000,1,2,1,1,2,1,1,4,2,2
SF,IH2009,2020-05-27 09:35:25.700,2692.0000,14872,0,154210560.000,0,-,-,-,-,2691.4000,2691.0000,2690.6000,2690.0000,2689.6000,2692.4000,2692.6000,2692.8000,2693.0000,2693.6000,1,2,1,1,2,2,1,1,4,2
SF,IH2009,2020-05-27 09:35:26.200,2692.0000,14872,0,154210560.000,0,-,-,-,-,2691.4000,2691.0000,2690.6000,2690.0000,2689.6000,2692.4000,2692.6000,2692.8000,2693.0000,2693.6000,1,2,1,1,2,3,1,1,4,2
SF,IH2009,2020-05-27 09:35:26.700,2691.4000,14872,0,155017980.000,1,0,1,多换,S,2691.0000,2690.6000,2690.0000,2689.6000,2689.4000,2692.4000,2692.6000,2692.8000,2693.0000,2693.6000,2,1,1,2,1,3,1,1,4,2
SF,IH2009,2020-05-27 09:35:28.200,2691.0000,14871,-1,156632580.000,2,0,2,多平,S,2690.6000,2690.0000,2689.6000,2689.4000,2689.2000,2692.2000,2692.4000,2692.6000,2693.0000,2693.6000,1,1,2,1,1,2,3,1,4,2
SF,IH2009,2020-05-27 09:35:28.700,2691.0000,14871,0,156632580.000,0,-,-,-,-,2690.6000,2690.0000,2689.6000,2689.4000,2689.2000,2692.0000,2692.2000,2692.6000,2693.0000,2693.6000,1,1,2,1,1,5,2,1,4,2
SF,IH2009,2020-05-27 09:35:29.200,2691.0000,14871,0,156632580.000,0,-,-,-,-,2690.6000,2690.0000,2689.6000,2689.4000,2689.2000,2691.8000,2692.0000,2692.2000,2692.6000,2693.0000,1,1,2,1,1,1,5,3,1,4
SF,IH2009,2020-05-27 09:35:29.700,2691.0000,14871,0,156632580.000,0,-,-,-,-,2690.6000,2690.0000,2689.6000,2689.4000,2689.2000,2691.6000,2691.8000,2692.0000,2692.2000,2692.6000,1,1,2,1,1,2,2,1,3,1
SF,IH2009,2020-05-27 09:35:30.200,2691.0000,14871,0,156632580.000,0,-,-,-,-,2690.6000,2690.0000,2689.6000,2689.4000,2689.2000,2691.8000,2692.0000,2692.2000,2692.6000,2693.0000,1,1,2,1,1,1,1,2,1,4
SF,IH2009,2020-05-27 09:35:31.200,2691.0000,14871,0,156632580.000,0,-,-,-,-,2690.6000,2690.0000,2689.6000,2689.4000,2689.2000,2691.8000,2692.0000,2692.6000,2693.0000,2693.6000,1,1,2,1,1,1,1,1,4,2
SF,IH2009,2020-05-27 09:35:31.700,2691.0000,14871,0,156632580.000,0,-,-,-,-,2690.6000,2690.0000,2689.6000,2689.4000,2689.2000,2691.6000,2691.8000,2692.0000,2692.6000,2693.0000,1,1,2,1,1,1,1,1,1,4
SF,IH2009,2020-05-27 09:35:32.200,2691.0000,14871,0,156632580.000,0,-,-,-,-,2690.6000,2690.0000,2689.6000,2689.4000,2689.2000,2691.8000,2692.0000,2692.6000,2693.0000,2693.6000,1,1,2,1,1,1,1,1,4,2
SF,IH2009,2020-05-27 09:35:32.700,2691.6000,14871,0,157440060.000,1,0,1,多换,S,2690.6000,2690.0000,2689.6000,2689.4000,2689.2000,2691.8000,2692.0000,2692.6000,2693.0000,2693.6000,1,1,2,1,1,1,1,1,4,2
SF,IH2009,2020-05-27 09:35:33.200,2691.6000,14871,0,157440060.000,0,-,-,-,-,2690.6000,2690.0000,2689.6000,2689.4000,2689.2000,2691.6000,2691.8000,2692.0000,2692.6000,2693.0000,1,1,2,1,1,1,1,1,1,4
SF,IH2009,2020-05-27 09:35:34.200,2691.6000,14871,0,157440060.000,0,-,-,-,-,2690.6000,2690.0000,2689.6000,2689.4000,2689.2000,2691.4000,2691.6000,2691.8000,2692.0000,2692.6000,1,1,2,1,1,1,1,1,1,1
SF,IH2009,2020-05-27 09:35:34.700,2690.6000,14871,0,158247240.000,1,0,1,多换,S,2690.0000,2689.6000,2689.4000,2689.2000,2688.8000,2691.4000,2691.8000,2692.0000,2692.6000,2693.0000,1,2,1,1,1,1,1,1,1,4
SF,IH2009,2020-05-27 09:35:35.200,2690.6000,14871,0,158247240.000,0,-,-,-,-,2690.0000,2689.6000,2689.4000,2689.2000,2688.8000,2691.4000,2691.8000,2692.0000,2692.6000,2693.0000,1,2,1,1,1,1,1,1,1,4
SF,IH2009,2020-05-27 09:35:35.700,2690.0000,14870,-1,159054240.000,1,0,1,双平,S,2689.6000,2689.4000,2689.2000,2688.8000,2688.6000,2691.2000,2691.4000,2691.8000,2692.6000,2693.0000,2,1,1,1,1,3,1,1,1,4
SF,IH2009,2020-05-27 09:35:36.200,2690.0000,14870,0,159054240.000,0,-,-,-,-,2689.6000,2689.4000,2689.2000,2688.8000,2688.6000,2691.2000,2691.4000,2692.6000,2693.0000,2693.6000,2,1,1,1,1,5,2,1,4,1
SF,IH2009,2020-05-27 09:35:36.700,2690.0000,14870,0,159054240.000,0,-,-,-,-,2689.8000,2689.6000,2689.4000,2689.2000,2688.8000,2691.2000,2691.4000,2692.6000,2693.0000,2693.6000,3,2,1,1,1,4,1,1,4,1
SF,IH2009,2020-05-27 09:35:37.200,2690.0000,14870,0,159054240.000,0,-,-,-,-,2689.8000,2689.6000,2689.4000,2689.2000,2688.8000,2691.0000,2691.2000,2691.4000,2692.4000,2692.6000,3,2,2,1,1,1,3,1,1,1
SF,IH2009,2020-05-27 09:35:37.700,2690.0000,14870,0,159054240.000,0,-,-,-,-,2689.8000,2689.6000,2689.4000,2689.2000,2688.8000,2691.0000,2691.2000,2691.4000,2692.4000,2692.6000,3,2,1,1,1,1,2,1,1,1
SF,IH2009,2020-05-27 09:35:38.200,2690.0000,14870,0,159054240.000,0,-,-,-,-,2689.6000,2689.4000,2689.2000,2688.8000,2688.6000,2690.8000,2691.0000,2691.2000,2691.4000,2692.4000,2,1,1,1,1,1,1,2,1,1
SF,IH2009,2020-05-27 09:35:38.700,2690.0000,14870,0,159054240.000,0,-,-,-,-,2689.6000,2689.4000,2689.2000,2688.8000,2688.6000,2690.8000,2691.0000,2691.2000,2691.4000,2691.8000,2,1,1,1,1,1,1,2,1,1
SF,IH2009,2020-05-27 09:35:39.200,2690.0000,14870,0,159054240.000,0,-,-,-,-,2689.4000,2689.2000,2688.8000,2688.6000,2688.2000,2690.8000,2691.0000,2691.2000,2691.4000,2691.8000,1,1,1,1,2,2,1,2,1,1
