市场代码,合约代码,时间,最新,持仓,增仓,成交额,成交量,开仓,平仓,成交类型,方向,买一价,买二价,买三价,买四价,买五价,卖一价,卖二价,卖三价,卖四价,卖五价,买一量,买二量,买三量,买四量,买五量,卖一量,卖二量,卖三量,卖四量,卖五量
SF,IH2006,2020-01-07 09:29:00.000,3066.0000,7475,0,0.000,0.000,-,-,-,-,3073.4000,3073.0000,3072.2000,3068.8000,3067.0000,3079.4000,3085.0000,3087.8000,3089.8000,3090.0000,1,1,1,1,1,2,2,1,1,2
SF,IH2006,2020-01-07 09:30:00.500,3073.4000,7475,0,922020.000,1,0,1,多换,S,3073.4000,3073.2000,3073.0000,3068.8000,3067.0000,3074.0000,3075.2000,3078.4000,3079.0000,3079.2000,3,1,1,1,1,1,1,1,8,1
SF,IH2006,2020-01-07 09:30:01.000,3074.0000,7474,-1,1844220.000,1,0,1,双平,S,3074.0000,3073.6000,3073.4000,3073.2000,3073.0000,3075.2000,3078.4000,3079.0000,3079.2000,3079.4000,1,1,3,1,1,1,1,8,1,2
SF,IH2006,2020-01-07 09:30:01.500,3074.2000,7473,-1,2766480.000,1,0,1,双平,S,3074.0000,3073.6000,3073.4000,3073.2000,3073.0000,3075.2000,3078.4000,3079.0000,3079.2000,3079.4000,1,1,3,1,1,1,1,8,1,2
SF,IH2006,2020-01-07 09:30:02.000,3074.2000,7473,0,2766480.000,0,-,-,-,-,3074.2000,3074.0000,3073.6000,3073.4000,3073.2000,3075.2000,3078.4000,3079.0000,3079.2000,3079.6000,1,1,1,3,1,1,1,8,1,1
SF,IH2006,2020-01-07 09:30:02.500,3074.2000,7473,0,2766480.000,0,-,-,-,-,3074.4000,3074.2000,3074.0000,3073.6000,3073.4000,3075.2000,3078.4000,3079.0000,3079.2000,3079.6000,1,1,1,1,3,1,1,8,1,1
SF,IH2006,2020-01-07 09:30:03.000,3074.4000,7472,-1,3688800.000,1,0,1,双平,S,3074.2000,3073.4000,3073.2000,3073.0000,3068.8000,3075.2000,3078.4000,3079.0000,3079.2000,3079.6000,1,3,1,1,6,1,1,8,1,1
SF,IH2006,2020-01-07 09:30:03.500,3074.2000,7471,-1,4611060.000,1,0,1,双平,S,3073.4000,3073.2000,3073.0000,3068.8000,3067.0000,3075.2000,3078.4000,3079.0000,3079.2000,3079.6000,3,1,1,6,1,1,1,8,1,1
SF,IH2006,2020-01-07 09:30:04.000,3075.0000,7471,0,5533560.000,1,0,1,多换,S,3073.4000,3073.2000,3073.0000,3068.8000,3067.0000,3073.6000,3075.2000,3078.4000,3079.0000,3079.2000,3,1,1,6,1,1,1,1,8,1
SF,IH2006,2020-01-07 09:30:04.500,3073.6000,7470,-1,6455640.000,1,0,1,双平,S,3074.4000,3073.4000,3073.2000,3073.0000,3068.8000,3075.2000,3078.4000,3079.0000,3079.2000,3079.6000,2,3,1,1,6,1,1,8,1,1
SF,IH2006,2020-01-07 09:30:05.500,3075.2000,7469,-1,7378200.000,1,0,1,双平,S,3074.4000,3073.4000,3073.2000,3073.0000,3068.8000,3078.4000,3079.0000,3079.2000,3079.6000,3081.8000,2,3,1,1,6,1,8,1,1,5
SF,IH2006,2020-01-07 09:30:06.000,3075.2000,7469,0,7378200.000,0,-,-,-,-,3074.6000,3074.4000,3073.4000,3073.2000,3073.0000,3078.0000,3078.2000,3078.4000,3079.0000,3079.2000,1,2,3,1,1,6,3,1,1,1
SF,IH2006,2020-01-07 09:30:06.500,3075.2000,7469,0,7378200.000,0,-,-,-,-,3074.6000,3074.4000,3073.4000,3073.2000,3073.0000,3077.8000,3078.0000,3078.2000,3078.4000,3079.0000,1,2,3,1,1,1,6,2,1,1
SF,IH2006,2020-01-07 09:30:07.000,3075.2000,7469,0,7378200.000,0,-,-,-,-,3074.6000,3074.4000,3073.4000,3073.2000,3073.0000,3077.6000,3077.8000,3078.0000,3078.2000,3078.4000,1,2,3,1,1,1,1,6,2,1
SF,IH2006,2020-01-07 09:30:07.500,3075.2000,7469,0,7378200.000,0,-,-,-,-,3074.6000,3074.4000,3073.4000,3073.2000,3073.0000,3077.4000,3077.6000,3078.2000,3078.4000,3079.0000,1,2,3,1,1,1,1,2,1,1
SF,IH2006,2020-01-07 09:30:08.000,3075.2000,7469,0,7378200.000,0,-,-,-,-,3074.6000,3074.4000,3073.4000,3073.2000,3073.0000,3077.4000,3078.2000,3078.4000,3079.0000,3079.2000,1,2,3,1,1,1,2,1,1,1
SF,IH2006,2020-01-07 09:30:09.500,3075.2000,7469,0,7378200.000,0,-,-,-,-,3074.6000,3074.4000,3073.4000,3073.2000,3073.0000,3077.4000,3078.2000,3078.4000,3079.2000,3079.6000,1,2,3,1,1,1,2,1,1,1
SF,IH2006,2020-01-07 09:30:10.000,3075.2000,7469,0,7378200.000,0,-,-,-,-,3074.6000,3074.4000,3073.4000,3073.2000,3073.0000,3077.4000,3079.2000,3079.6000,3081.8000,3082.8000,1,2,3,1,1,1,1,1,5,1
SF,IH2006,2020-01-07 09:30:11.000,3075.2000,7469,0,7378200.000,0,-,-,-,-,3074.8000,3074.6000,3074.4000,3073.4000,3073.2000,3077.4000,3079.2000,3079.6000,3081.8000,3082.8000,1,1,2,3,1,1,1,1,5,1
SF,IH2006,2020-01-07 09:30:11.500,3075.2000,7469,0,7378200.000,0,-,-,-,-,3075.0000,3074.8000,3074.4000,3073.4000,3073.2000,3077.4000,3079.2000,3079.6000,3081.8000,3082.8000,1,1,2,3,1,1,1,1,5,1
SF,IH2006,2020-01-07 09:30:12.000,3075.2000,7469,0,7378200.000,0,-,-,-,-,3076.4000,3075.0000,3074.8000,3074.4000,3073.4000,3077.4000,3079.2000,3079.6000,3081.8000,3082.8000,2,1,1,2,3,1,1,1,5,1
SF,IH2006,2020-01-07 09:30:12.500,3076.4000,7468,-1,9224340.000,2,0,2,多平,S,3076.4000,3075.2000,3075.0000,3074.4000,3073.4000,3079.2000,3079.6000,3081.8000,3082.8000,3085.0000,1,1,1,2,3,1,1,5,1,2
SF,IH2006,2020-01-07 09:30:13.000,3076.4000,7467,-1,11070180.000,2,0,2,多平,S,3075.2000,3074.4000,3073.4000,3073.2000,3073.0000,3076.4000,3078.0000,3079.0000,3079.6000,3081.8000,1,2,3,1,1,5,1,2,1,5
SF,IH2006,2020-01-07 09:30:13.500,3076.4000,7461,-6,16607700.000,6,0,6,双平,S,3075.4000,3075.2000,3073.4000,3073.2000,3073.0000,3078.0000,3079.0000,3079.6000,3081.8000,3082.8000,1,1,3,1,1,1,2,1,5,1
SF,IH2006,2020-01-07 09:30:14.000,3076.4000,7461,0,16607700.000,0,-,-,-,-,3075.4000,3075.2000,3073.4000,3073.2000,3073.0000,3077.8000,3078.0000,3079.0000,3079.6000,3081.8000,1,1,3,1,1,2,1,1,1,5
SF,IH2006,2020-01-07 09:30:14.500,3076.4000,7461,0,16607700.000,0,-,-,-,-,3075.4000,3075.2000,3073.4000,3073.2000,3073.0000,3077.8000,3078.0000,3079.6000,3081.8000,3082.8000,1,1,3,1,1,2,1,1,5,1
SF,IH2006,2020-01-07 09:30:15.000,3076.4000,7461,0,16607700.000,0,-,-,-,-,3075.6000,3075.4000,3075.2000,3073.4000,3073.2000,3077.8000,3078.0000,3079.6000,3081.8000,3082.8000,1,1,1,3,1,1,1,1,5,1
SF,IH2006,2020-01-07 09:30:15.500,3076.4000,7461,0,16607700.000,0,-,-,-,-,3075.8000,3075.6000,3075.2000,3073.4000,3073.2000,3077.8000,3078.0000,3079.6000,3081.8000,3082.8000,1,1,1,3,1,1,1,1,5,1
SF,IH2006,2020-01-07 09:30:16.000,3076.4000,7461,0,16607700.000,0,-,-,-,-,3076.0000,3075.8000,3075.6000,3075.2000,3073.4000,3077.8000,3078.0000,3079.6000,3082.8000,3085.0000,1,1,1,1,3,1,1,1,1,3
SF,IH2006,2020-01-07 09:30:16.500,3076.4000,7461,0,16607700.000,0,-,-,-,-,3076.0000,3075.8000,3075.6000,3075.2000,3073.4000,3077.8000,3078.0000,3079.6000,3082.8000,3085.0000,1,1,1,1,3,1,1,1,1,3
SF,IH2006,2020-01-07 09:30:17.000,3076.2000,7460,-1,17530560.000,1,0,1,双平,S,3076.0000,3075.8000,3075.6000,3075.2000,3073.4000,3077.6000,3077.8000,3078.0000,3079.6000,3082.8000,1,1,1,1,3,1,1,1,1,1
SF,IH2006,2020-01-07 09:30:17.500,3076.2000,7460,0,17530560.000,0,-,-,-,-,3076.0000,3075.8000,3073.4000,3073.2000,3073.0000,3077.4000,3077.6000,3078.0000,3079.6000,3082.8000,1,1,3,1,1,2,1,1,1,1
SF,IH2006,2020-01-07 09:30:18.000,3076.2000,7460,0,17530560.000,0,-,-,-,-,3076.0000,3075.8000,3073.4000,3073.2000,3073.0000,3077.4000,3077.6000,3078.0000,3079.6000,3082.8000,1,1,3,1,1,2,1,1,1,1
SF,IH2006,2020-01-07 09:30:18.500,3076.2000,7460,0,17530560.000,0,-,-,-,-,3076.2000,3076.0000,3073.4000,3073.2000,3073.0000,3077.6000,3078.0000,3079.6000,3082.8000,3085.0000,1,1,3,1,1,1,1,1,1,3
SF,IH2006,2020-01-07 09:30:19.000,3076.2000,7460,0,17530560.000,0,-,-,-,-,3077.4000,3076.4000,3076.2000,3076.0000,3073.4000,3077.6000,3078.0000,3079.6000,3082.8000,3085.0000,1,1,1,1,3,1,1,1,1,3
SF,IH2006,2020-01-07 09:30:19.500,3077.4000,7460,0,18453780.000,1,0,1,多换,S,3076.4000,3076.2000,3076.0000,3073.4000,3073.2000,3077.4000,3077.6000,3078.0000,3079.6000,3082.8000,1,1,1,3,1,1,1,1,1,1
SF,IH2006,2020-01-07 09:30:20.000,3077.4000,7459,-1,19377000.000,1,0,1,双平,S,3077.4000,3076.4000,3076.2000,3076.0000,3073.4000,3077.6000,3078.0000,3079.6000,3082.8000,3085.0000,1,1,1,1,3,1,1,1,1,3
SF,IH2006,2020-01-07 09:30:20.500,3077.4000,7457,-2,21223500.000,2,0,2,双平,S,3076.0000,3073.4000,3073.2000,3073.0000,3068.8000,3077.2000,3078.0000,3079.6000,3082.8000,3085.0000,1,3,1,1,6,2,1,1,1,3
SF,IH2006,2020-01-07 09:30:21.000,3077.2000,7455,-2,23069820.000,2,0,2,双平,S,3076.0000,3073.4000,3073.2000,3073.0000,3068.8000,3077.2000,3078.0000,3079.6000,3082.8000,3085.0000,1,3,1,1,6,1,1,1,1,3
SF,IH2006,2020-01-07 09:30:21.500,3077.2000,7455,0,23069820.000,0,-,-,-,-,3076.2000,3076.0000,3073.4000,3073.2000,3073.0000,3077.2000,3078.0000,3079.6000,3082.8000,3085.0000,1,1,3,1,1,1,2,1,1,3
SF,IH2006,2020-01-07 09:30:22.000,3077.2000,7455,0,23069820.000,0,-,-,-,-,3076.2000,3076.0000,3073.4000,3073.2000,3073.0000,3077.2000,3078.0000,3079.6000,3082.8000,3085.0000,1,1,3,1,1,1,2,1,1,3
SF,IH2006,2020-01-07 09:30:22.500,3077.2000,7455,0,23069820.000,0,-,-,-,-,3076.0000,3073.4000,3073.2000,3073.0000,3068.8000,3077.2000,3078.0000,3079.6000,3082.8000,3085.0000,1,3,1,1,6,1,2,1,1,3
SF,IH2006,2020-01-07 09:30:23.000,3077.2000,7454,-1,24916140.000,2,0,2,多平,S,3076.2000,3076.0000,3073.4000,3073.2000,3073.0000,3078.0000,3079.6000,3082.8000,3085.0000,3085.6000,7,2,3,1,1,2,1,1,3,5
SF,IH2006,2020-01-07 09:30:23.500,3077.2000,7454,0,24916140.000,0,-,-,-,-,3076.4000,3076.0000,3073.4000,3073.2000,3073.0000,3077.8000,3078.0000,3079.6000,3082.8000,3085.0000,2,1,3,1,1,1,2,1,1,3
SF,IH2006,2020-01-07 09:30:24.000,3076.6000,7453,-1,25839120.000,1,0,1,双平,S,3076.4000,3076.0000,3073.4000,3073.2000,3073.0000,3077.8000,3078.0000,3079.6000,3082.8000,3085.0000,2,1,3,1,1,1,2,1,1,3
SF,IH2006,2020-01-07 09:30:24.500,3077.6000,7453,0,26762400.000,1,0,1,多换,S,3076.0000,3073.4000,3073.2000,3073.0000,3068.8000,3077.8000,3078.0000,3079.6000,3082.8000,3085.0000,1,3,1,1,6,1,2,1,1,3
SF,IH2006,2020-01-07 09:30:25.000,3077.8000,7453,0,27685740.000,1,0,1,多换,S,3073.4000,3073.2000,3073.0000,3068.8000,3067.0000,3078.0000,3079.6000,3082.8000,3085.0000,3085.6000,3,1,1,6,1,2,1,1,3,5
SF,IH2006,2020-01-07 09:30:25.500,3077.8000,7453,0,27685740.000,0,-,-,-,-,3077.6000,3077.2000,3074.4000,3073.8000,3073.6000,3077.8000,3078.0000,3079.6000,3082.8000,3085.0000,1,1,1,8,1,1,2,1,1,3
SF,IH2006,2020-01-07 09:30:26.000,3077.2000,7453,0,29532180.000,2,1,1,多换,S,3074.4000,3073.8000,3073.6000,3073.4000,3073.2000,3077.0000,3078.0000,3079.6000,3082.8000,3085.0000,1,8,1,4,2,2,2,1,1,3
SF,IH2006,2020-01-07 09:30:26.500,3077.2000,7453,0,29532180.000,0,-,-,-,-,3074.8000,3074.6000,3074.4000,3073.4000,3073.2000,3078.0000,3079.6000,3079.8000,3082.8000,3085.0000,7,3,2,1,2,2,1,1,1,3
SF,IH2006,2020-01-07 09:30:27.000,3077.2000,7453,0,29532180.000,0,-,-,-,-,3075.0000,3074.8000,3074.6000,3074.4000,3073.4000,3077.8000,3078.0000,3079.6000,3079.8000,3082.8000,1,7,2,2,1,1,2,1,1,1
SF,IH2006,2020-01-07 09:30:27.500,3077.2000,7453,0,29532180.000,0,-,-,-,-,3075.2000,3075.0000,3074.6000,3074.4000,3073.4000,3077.6000,3077.8000,3078.0000,3079.6000,3079.8000,7,1,1,2,1,1,1,2,1,1
SF,IH2006,2020-01-07 09:30:28.000,3077.4000,7453,0,30455400.000,1,0,1,多换,S,3075.4000,3075.2000,3074.6000,3074.4000,3073.4000,3077.6000,3078.0000,3079.6000,3079.8000,3082.8000,1,7,1,2,1,1,2,1,1,1
SF,IH2006,2020-01-07 09:30:28.500,3075.6000,7453,0,31378080.000,1,0,1,多换,S,3075.4000,3074.4000,3073.4000,3073.2000,3073.0000,3078.0000,3079.6000,3079.8000,3082.8000,3085.0000,1,2,1,2,1,2,1,1,1,3
SF,IH2006,2020-01-07 09:30:29.000,3075.6000,7453,0,31378080.000,0,-,-,-,-,3075.4000,3074.4000,3073.4000,3073.2000,3073.0000,3077.8000,3078.0000,3079.6000,3079.8000,3082.8000,1,2,1,2,1,1,2,1,1,1
SF,IH2006,2020-01-07 09:30:29.500,3075.6000,7453,0,31378080.000,0,-,-,-,-,3075.4000,3074.4000,3073.4000,3073.2000,3073.0000,3077.6000,3077.8000,3078.0000,3079.6000,3079.8000,1,1,1,2,1,1,1,2,1,1
SF,IH2006,2020-01-07 09:30:30.000,3075.6000,7453,0,31378080.000,0,-,-,-,-,3076.2000,3075.4000,3074.4000,3073.4000,3073.2000,3077.4000,3077.6000,3078.0000,3079.6000,3079.8000,1,1,1,1,2,2,1,2,1,1
SF,IH2006,2020-01-07 09:30:30.500,3076.2000,7452,-1,32300940.000,1,0,1,双平,S,3075.4000,3074.4000,3073.4000,3073.2000,3073.0000,3077.4000,3077.6000,3078.0000,3079.6000,3079.8000,1,1,1,2,1,2,1,2,1,1
SF,IH2006,2020-01-07 09:30:31.000,3075.4000,7451,-1,34146240.000,2,0,2,多平,S,3074.4000,3073.4000,3073.2000,3073.0000,3068.8000,3075.4000,3077.4000,3077.6000,3078.0000,3079.6000,1,1,2,1,6,4,1,1,2,1
SF,IH2006,2020-01-07 09:30:31.500,3075.4000,7451,0,37836720.000,4,2,2,多换,S,3075.8000,3074.6000,3074.4000,3073.4000,3073.2000,3077.4000,3077.6000,3078.0000,3079.6000,3079.8000,2,1,1,1,2,1,1,2,1,1
SF,IH2006,2020-01-07 09:30:32.000,3075.4000,7451,0,37836720.000,0,-,-,-,-,3074.6000,3074.4000,3073.4000,3073.2000,3073.0000,3077.2000,3077.4000,3077.6000,3078.0000,3079.6000,1,1,1,2,1,1,1,1,2,1
SF,IH2006,2020-01-07 09:30:32.500,3075.4000,7451,0,37836720.000,0,-,-,-,-,3074.6000,3074.4000,3073.4000,3073.2000,3073.0000,3077.0000,3077.2000,3077.6000,3078.0000,3079.6000,1,1,1,2,1,1,1,1,2,1
SF,IH2006,2020-01-07 09:30:33.000,3075.4000,7451,0,37836720.000,0,-,-,-,-,3074.6000,3074.4000,3073.4000,3073.2000,3073.0000,3076.8000,3077.0000,3077.2000,3077.6000,3078.0000,1,1,1,2,1,1,1,1,1,2
SF,IH2006,2020-01-07 09:30:33.500,3075.4000,7451,0,37836720.000,0,-,-,-,-,3074.6000,3074.4000,3073.4000,3073.2000,3073.0000,3076.6000,3076.8000,3077.2000,3077.6000,3078.0000,1,1,1,2,1,1,1,1,1,2
SF,IH2006,2020-01-07 09:30:34.000,3075.4000,7451,0,37836720.000,0,-,-,-,-,3074.6000,3074.4000,3073.4000,3073.2000,3068.8000,3076.4000,3076.6000,3076.8000,3077.2000,3077.6000,1,1,1,2,6,1,1,1,1,1
SF,IH2006,2020-01-07 09:30:34.500,3076.2000,7451,0,38759580.000,1,0,1,多换,S,3074.8000,3074.6000,3074.4000,3073.4000,3073.2000,3076.4000,3076.8000,3077.2000,3077.6000,3078.0000,1,1,1,1,2,1,1,1,1,2
SF,IH2006,2020-01-07 09:30:35.000,3075.0000,7451,0,39682080.000,1,0,1,多换,S,3075.0000,3074.4000,3073.4000,3073.2000,3068.8000,3076.4000,3076.8000,3077.6000,3078.0000,3079.6000,1,1,1,2,6,1,1,1,2,1
SF,IH2006,2020-01-07 09:30:35.500,3075.0000,7451,0,39682080.000,0,-,-,-,-,3075.0000,3074.4000,3073.4000,3073.2000,3068.8000,3076.4000,3077.6000,3078.0000,3079.6000,3079.8000,1,1,1,2,6,1,1,2,1,1
SF,IH2006,2020-01-07 09:30:36.000,3075.0000,7451,0,39682080.000,0,-,-,-,-,3075.0000,3074.4000,3073.4000,3073.2000,3068.8000,3077.6000,3078.0000,3079.6000,3079.8000,3080.0000,1,1,1,2,6,1,2,1,1,1
SF,IH2006,2020-01-07 09:30:36.500,3075.0000,7451,0,39682080.000,0,-,-,-,-,3075.0000,3074.4000,3073.4000,3073.2000,3068.8000,3077.4000,3077.6000,3078.0000,3079.6000,3079.8000,1,1,1,2,6,2,1,2,1,1
SF,IH2006,2020-01-07 09:30:37.000,3075.0000,7451,0,39682080.000,0,-,-,-,-,3075.0000,3074.4000,3073.4000,3073.2000,3068.8000,3077.4000,3077.6000,3078.0000,3079.6000,3079.8000,1,1,1,2,6,2,1,2,1,1
SF,IH2006,2020-01-07 09:30:37.500,3075.0000,7451,0,39682080.000,0,-,-,-,-,3075.0000,3074.4000,3073.4000,3073.2000,3068.8000,3077.4000,3077.6000,3078.0000,3079.6000,3079.8000,1,1,1,2,6,2,1,3,1,1
SF,IH2006,2020-01-07 09:30:38.000,3077.2000,7450,-1,40605240.000,1,0,1,双平,S,3075.0000,3073.4000,3073.2000,3068.8000,3067.0000,3077.4000,3077.6000,3078.0000,3079.6000,3079.8000,1,1,2,6,1,2,1,3,1,1
SF,IH2006,2020-01-07 09:30:38.500,3077.2000,7450,0,40605240.000,0,-,-,-,-,3075.0000,3073.4000,3073.2000,3068.8000,3067.0000,3077.4000,3077.6000,3078.0000,3079.6000,3079.8000,1,1,2,6,1,2,1,3,1,1
SF,IH2006,2020-01-07 09:30:39.000,3077.2000,7450,0,40605240.000,0,-,-,-,-,3075.0000,3073.4000,3073.2000,3068.8000,3067.0000,3077.4000,3077.6000,3078.0000,3079.6000,3079.8000,1,1,2,6,1,2,1,3,1,1
SF,IH2006,2020-01-07 09:30:39.500,3077.2000,7450,0,40605240.000,0,-,-,-,-,3075.0000,3073.4000,3073.2000,3068.8000,3067.0000,3077.4000,3077.6000,3078.0000,3079.6000,3079.8000,1,1,2,6,1,2,1,3,1,1
SF,IH2006,2020-01-07 09:30:42.000,3077.2000,7450,0,40605240.000,0,-,-,-,-,3075.0000,3073.4000,3073.2000,3068.8000,3067.0000,3077.4000,3077.6000,3078.0000,3079.6000,3079.8000,1,1,2,6,1,2,1,3,1,1
SF,IH2006,2020-01-07 09:30:42.500,3077.2000,7450,0,40605240.000,0,-,-,-,-,3075.0000,3073.4000,3073.2000,3068.8000,3067.0000,3077.4000,3077.6000,3078.0000,3079.6000,3079.8000,1,1,2,6,1,2,1,3,1,1
SF,IH2006,2020-01-07 09:30:43.000,3077.2000,7450,0,40605240.000,0,-,-,-,-,3075.0000,3073.4000,3073.2000,3068.8000,3067.0000,3077.6000,3078.0000,3079.6000,3079.8000,3080.0000,1,1,2,6,1,1,3,1,1,1
SF,IH2006,2020-01-07 09:30:43.500,3077.2000,7450,0,40605240.000,0,-,-,-,-,3075.0000,3073.4000,3073.2000,3068.8000,3067.0000,3077.4000,3077.6000,3078.0000,3079.6000,3079.8000,1,1,2,6,1,2,1,3,1,1
SF,IH2006,2020-01-07 09:30:44.500,3077.6000,7448,-2,43374960.000,3,0,3,多平,S,3077.6000,3075.0000,3073.4000,3073.2000,3068.8000,3078.0000,3079.6000,3079.8000,3080.0000,3082.0000,5,1,1,2,6,3,1,1,1,1
SF,IH2006,2020-01-07 09:30:45.000,3077.6000,7443,-5,47991360.000,5,0,5,双平,S,3075.0000,3073.4000,3073.2000,3068.8000,3067.0000,3076.6000,3078.0000,3079.6000,3079.8000,3080.0000,1,1,2,6,1,2,4,1,1,1
SF,IH2006,2020-01-07 09:30:45.500,3077.6000,7443,0,47991360.000,0,-,-,-,-,3073.4000,3073.2000,3068.8000,3067.0000,3066.8000,3078.0000,3079.6000,3079.8000,3080.0000,3082.0000,1,2,6,1,1,4,1,1,1,1
SF,IH2006,2020-01-07 09:30:46.000,3077.6000,7443,0,47991360.000,0,-,-,-,-,3073.6000,3073.4000,3073.2000,3068.8000,3067.0000,3077.8000,3078.0000,3079.6000,3079.8000,3080.0000,9,1,2,6,1,1,4,1,1,1
SF,IH2006,2020-01-07 09:30:46.500,3077.6000,7443,0,47991360.000,0,-,-,-,-,3073.8000,3073.6000,3073.4000,3073.2000,3068.8000,3078.0000,3079.6000,3079.8000,3080.0000,3082.0000,1,9,1,2,6,3,1,1,1,1
SF,IH2006,2020-01-07 09:30:47.000,3077.6000,7443,0,47991360.000,0,-,-,-,-,3074.0000,3073.8000,3073.6000,3073.4000,3073.2000,3076.0000,3077.8000,3078.0000,3079.6000,3079.8000,2,1,8,1,2,1,1,3,1,1
SF,IH2006,2020-01-07 09:30:47.500,3076.4000,7442,-1,48914280.000,1,0,1,双平,S,3076.2000,3074.0000,3073.8000,3073.6000,3073.4000,3078.0000,3079.6000,3079.8000,3080.0000,3082.0000,1,1,1,8,1,3,1,1,1,1
SF,IH2006,2020-01-07 09:30:48.000,3076.4000,7442,0,48914280.000,0,-,-,-,-,3076.6000,3076.4000,3075.0000,3074.0000,3073.8000,3078.0000,3079.6000,3079.8000,3080.0000,3082.0000,1,2,1,1,1,3,1,1,1,1
SF,IH2006,2020-01-07 09:30:48.500,3076.4000,7442,0,48914280.000,0,-,-,-,-,3076.8000,3076.6000,3076.4000,3076.0000,3075.0000,3078.0000,3079.6000,3079.8000,3080.0000,3082.0000,1,1,1,2,1,3,1,1,1,1
SF,IH2006,2020-01-07 09:30:49.000,3076.8000,7442,0,49837320.000,1,0,1,多换,S,3076.6000,3076.0000,3074.0000,3073.6000,3073.4000,3077.8000,3078.0000,3079.6000,3079.8000,3080.0000,1,2,1,7,1,1,3,1,1,1
SF,IH2006,2020-01-07 09:30:49.500,3076.8000,7442,0,49837320.000,0,-,-,-,-,3076.6000,3076.0000,3074.0000,3073.6000,3073.4000,3077.8000,3078.0000,3079.6000,3079.8000,3080.0000,1,2,1,7,1,1,3,1,1,1
SF,IH2006,2020-01-07 09:30:50.000,3076.8000,7442,0,49837320.000,0,-,-,-,-,3076.6000,3076.0000,3074.0000,3073.6000,3073.4000,3077.8000,3078.0000,3079.6000,3079.8000,3080.0000,1,2,1,7,1,1,3,1,1,1
SF,IH2006,2020-01-07 09:30:50.500,3076.8000,7442,0,49837320.000,0,-,-,-,-,3076.8000,3076.6000,3076.0000,3074.0000,3073.6000,3077.6000,3077.8000,3078.0000,3079.6000,3079.8000,1,1,2,1,7,1,1,3,1,1
SF,IH2006,2020-01-07 09:30:51.500,3076.8000,7442,0,49837320.000,0,-,-,-,-,3076.8000,3076.6000,3076.0000,3074.0000,3073.6000,3077.6000,3078.0000,3079.6000,3079.8000,3080.0000,1,1,2,1,7,1,3,1,1,1
SF,IH2006,2020-01-07 09:30:52.000,3077.6000,7441,-1,50760600.000,1,0,1,双平,S,3077.6000,3076.6000,3076.0000,3074.0000,3073.6000,3078.0000,3079.6000,3079.8000,3080.0000,3082.0000,1,1,2,1,7,3,1,1,1,1
SF,IH2006,2020-01-07 09:30:52.500,3077.6000,7440,-1,51683880.000,1,0,1,双平,S,3076.6000,3076.0000,3073.6000,3073.4000,3073.2000,3077.6000,3078.0000,3079.6000,3079.8000,3080.0000,1,2,7,1,2,1,3,1,1,1
SF,IH2006,2020-01-07 09:30:53.000,3077.6000,7440,0,51683880.000,0,-,-,-,-,3076.8000,3076.6000,3076.0000,3073.6000,3073.4000,3078.0000,3079.6000,3079.8000,3080.0000,3082.0000,1,1,2,7,1,3,1,1,1,1
SF,IH2006,2020-01-07 09:30:54.500,3077.6000,7440,0,51683880.000,0,-,-,-,-,3076.8000,3076.6000,3076.0000,3073.6000,3073.4000,3078.0000,3079.6000,3079.8000,3080.0000,3081.0000,1,1,2,7,1,3,1,1,1,1
SF,IH2006,2020-01-07 09:30:55.000,3077.8000,7441,1,52607220.000,1,1,0,双开,S,3076.8000,3076.6000,3076.0000,3073.6000,3073.4000,3078.0000,3079.6000,3079.8000,3080.0000,3081.0000,1,1,2,7,1,3,1,1,1,1
SF,IH2006,2020-01-07 09:30:56.000,3077.8000,7441,0,52607220.000,0,-,-,-,-,3076.8000,3076.6000,3076.0000,3073.6000,3073.4000,3077.8000,3078.0000,3079.6000,3079.8000,3080.0000,1,1,2,7,1,2,3,1,1,1
SF,IH2006,2020-01-07 09:30:56.500,3077.8000,7441,0,52607220.000,0,-,-,-,-,3077.0000,3076.8000,3076.6000,3076.0000,3073.6000,3077.8000,3078.0000,3079.6000,3079.8000,3080.0000,1,1,1,2,7,2,3,1,1,1
SF,IH2006,2020-01-07 09:30:57.000,3077.8000,7441,0,53530560.000,1,0,1,多换,S,3077.2000,3077.0000,3076.6000,3076.0000,3073.6000,3077.8000,3078.0000,3079.6000,3079.8000,3080.0000,1,1,2,2,7,1,3,1,1,1
SF,IH2006,2020-01-07 09:30:57.500,3077.8000,7442,1,54453900.000,1,1,0,双开,S,3077.2000,3077.0000,3076.6000,3076.0000,3073.6000,3078.0000,3079.6000,3079.8000,3080.0000,3081.0000,1,1,2,2,7,3,1,1,1,1
SF,IH2006,2020-01-07 09:30:59.000,3077.8000,7442,0,54453900.000,0,-,-,-,-,3077.2000,3077.0000,3076.6000,3076.0000,3073.6000,3078.0000,3079.6000,3079.8000,3080.0000,3081.0000,1,1,2,2,7,3,1,1,1,1
SF,IH2006,2020-01-07 09:31:00.500,3077.8000,7442,0,54453900.000,0,-,-,-,-,3077.2000,3077.0000,3076.6000,3076.0000,3073.6000,3078.0000,3079.6000,3079.8000,3080.0000,3081.0000,1,1,1,2,7,3,1,1,1,1
SF,IH2006,2020-01-07 09:31:01.000,3077.8000,7442,0,54453900.000,0,-,-,-,-,3077.2000,3076.6000,3076.0000,3073.6000,3073.4000,3078.0000,3079.6000,3079.8000,3080.0000,3081.0000,2,1,2,7,1,3,1,1,1,1
SF,IH2006,2020-01-07 09:31:01.500,3077.8000,7442,0,54453900.000,0,-,-,-,-,3077.2000,3076.6000,3076.0000,3073.6000,3073.4000,3078.0000,3079.6000,3079.8000,3080.0000,3081.0000,2,1,2,7,1,3,1,1,1,1
SF,IH2006,2020-01-07 09:31:02.000,3077.2000,7441,-1,55377060.000,1,0,1,双平,S,3076.6000,3076.0000,3073.6000,3073.4000,3073.2000,3078.0000,3079.6000,3079.8000,3080.0000,3081.0000,1,2,7,1,2,3,1,1,1,1
SF,IH2006,2020-01-07 09:31:02.500,3078.0000,7440,-1,56300460.000,1,0,1,双平,S,3076.6000,3076.0000,3073.6000,3073.4000,3073.2000,3078.0000,3079.6000,3079.8000,3080.0000,3081.0000,1,2,7,1,2,2,1,1,1,1
SF,IH2006,2020-01-07 09:31:03.000,3078.0000,7440,0,56300460.000,0,-,-,-,-,3076.8000,3076.6000,3076.0000,3073.6000,3073.4000,3078.0000,3079.6000,3079.8000,3080.0000,3081.0000,1,1,2,7,1,2,1,1,1,1
SF,IH2006,2020-01-07 09:31:03.500,3078.0000,7440,0,56300460.000,0,-,-,-,-,3076.8000,3076.6000,3076.0000,3073.6000,3073.4000,3077.8000,3078.0000,3079.6000,3079.8000,3080.0000,1,1,2,7,1,6,2,1,1,1
SF,IH2006,2020-01-07 09:31:04.000,3078.0000,7440,0,57223860.000,1,0,1,多换,S,3076.8000,3076.6000,3076.0000,3073.6000,3073.4000,3078.0000,3079.6000,3079.8000,3080.0000,3081.0000,1,1,2,7,1,1,1,1,1,1
SF,IH2006,2020-01-07 09:31:04.500,3078.0000,7440,0,57223860.000,0,-,-,-,-,3076.6000,3076.0000,3073.6000,3073.4000,3073.2000,3078.0000,3079.6000,3079.8000,3080.0000,3081.0000,1,2,7,1,2,1,1,1,1,1
SF,IH2006,2020-01-07 09:31:05.000,3078.0000,7440,0,57223860.000,0,-,-,-,-,3076.6000,3076.0000,3073.6000,3073.4000,3073.2000,3078.0000,3079.6000,3079.8000,3080.0000,3081.0000,1,2,7,1,2,1,1,1,1,1
SF,IH2006,2020-01-07 09:31:05.500,3078.0000,7440,0,57223860.000,0,-,-,-,-,3076.6000,3076.0000,3073.6000,3073.4000,3073.2000,3078.0000,3079.6000,3079.8000,3080.0000,3081.0000,1,2,7,1,2,1,1,1,1,1
SF,IH2006,2020-01-07 09:31:06.000,3078.0000,7440,0,57223860.000,0,-,-,-,-,3076.6000,3076.0000,3073.6000,3073.4000,3073.2000,3077.8000,3078.0000,3079.6000,3079.8000,3080.0000,1,2,7,1,2,2,1,1,1,1
SF,IH2006,2020-01-07 09:31:06.500,3078.0000,7440,0,57223860.000,0,-,-,-,-,3076.6000,3076.0000,3073.4000,3073.2000,3068.8000,3077.8000,3078.0000,3079.6000,3079.8000,3080.0000,1,2,1,2,6,2,1,1,1,1
SF,IH2006,2020-01-07 09:31:09.000,3078.0000,7440,0,57223860.000,0,-,-,-,-,3076.6000,3076.0000,3073.4000,3073.2000,3068.8000,3077.8000,3078.0000,3079.6000,3079.8000,3080.0000,1,2,1,2,6,2,1,1,1,1
SF,IH2006,2020-01-07 09:31:09.500,3078.0000,7440,0,57223860.000,0,-,-,-,-,3076.8000,3076.6000,3076.0000,3073.4000,3073.2000,3077.8000,3078.0000,3079.6000,3079.8000,3080.0000,1,1,2,1,2,1,1,1,1,1
SF,IH2006,2020-01-07 09:31:10.000,3078.0000,7440,0,57223860.000,0,-,-,-,-,3076.8000,3076.6000,3076.0000,3073.4000,3073.2000,3077.8000,3078.0000,3079.6000,3079.8000,3080.0000,1,1,2,1,2,1,1,1,1,1
SF,IH2006,2020-01-07 09:31:10.500,3078.0000,7438,-2,59070600.000,2,0,2,双平,S,3077.8000,3076.8000,3076.6000,3076.0000,3073.4000,3079.6000,3079.8000,3080.0000,3081.0000,3082.0000,1,1,1,2,1,1,1,1,1,1
SF,IH2006,2020-01-07 09:31:11.000,3078.0000,7438,0,59070600.000,0,-,-,-,-,3078.0000,3076.8000,3076.6000,3076.0000,3073.4000,3079.4000,3079.6000,3079.8000,3080.0000,3081.0000,1,1,1,2,1,1,1,1,1,1
SF,IH2006,2020-01-07 09:31:11.500,3078.0000,7438,0,59070600.000,0,-,-,-,-,3078.0000,3076.8000,3076.6000,3076.0000,3073.4000,3079.4000,3079.6000,3079.8000,3080.0000,3081.0000,1,1,1,2,1,1,1,1,1,1
SF,IH2006,2020-01-07 09:31:13.500,3078.0000,7438,0,59070600.000,0,-,-,-,-,3078.0000,3076.8000,3076.6000,3076.0000,3073.4000,3079.4000,3079.6000,3079.8000,3080.0000,3081.0000,1,1,1,2,1,2,1,1,1,1
SF,IH2006,2020-01-07 09:31:14.000,3078.0000,7438,0,59070600.000,0,-,-,-,-,3078.2000,3078.0000,3076.6000,3076.0000,3073.4000,3079.4000,3079.6000,3079.8000,3080.0000,3081.0000,1,1,1,2,1,1,1,1,1,1
SF,IH2006,2020-01-07 09:31:14.500,3078.0000,7438,0,59070600.000,0,-,-,-,-,3078.2000,3078.0000,3076.6000,3076.0000,3073.4000,3079.4000,3079.6000,3079.8000,3080.0000,3081.0000,1,1,1,2,1,1,1,1,1,1
SF,IH2006,2020-01-07 09:31:15.000,3078.0000,7438,0,59070600.000,0,-,-,-,-,3078.2000,3078.0000,3076.6000,3076.0000,3073.4000,3079.4000,3079.6000,3079.8000,3080.0000,3081.0000,1,1,1,2,1,1,1,1,1,1
SF,IH2006,2020-01-07 09:31:15.500,3078.0000,7438,0,59070600.000,0,-,-,-,-,3078.2000,3078.0000,3076.6000,3076.0000,3073.4000,3079.4000,3079.6000,3079.8000,3080.0000,3081.0000,1,1,1,2,1,1,1,1,1,1
SF,IH2006,2020-01-07 09:31:16.000,3078.0000,7438,0,59070600.000,0,-,-,-,-,3078.2000,3078.0000,3076.6000,3076.0000,3073.4000,3079.4000,3079.6000,3079.8000,3080.0000,3081.0000,1,1,1,2,1,1,1,1,1,1
SF,IH2006,2020-01-07 09:31:16.500,3078.0000,7438,0,59070600.000,0,-,-,-,-,3078.2000,3078.0000,3076.6000,3076.0000,3075.2000,3079.4000,3079.6000,3079.8000,3080.0000,3081.0000,1,1,1,2,5,1,1,1,1,1
SF,IH2006,2020-01-07 09:31:17.000,3078.0000,7438,0,59070600.000,0,-,-,-,-,3078.2000,3076.6000,3076.0000,3075.2000,3073.4000,3079.4000,3079.6000,3079.8000,3080.0000,3081.0000,1,1,2,5,1,1,1,1,1,1
SF,IH2006,2020-01-07 09:31:17.500,3078.0000,7438,0,59070600.000,0,-,-,-,-,3078.2000,3076.6000,3076.0000,3075.2000,3073.4000,3079.4000,3079.6000,3079.8000,3080.0000,3081.0000,1,1,2,5,1,1,1,1,1,1
SF,IH2006,2020-01-07 09:31:18.500,3078.2000,7437,-1,59994060.000,1,0,1,双平,S,3076.6000,3076.0000,3073.4000,3073.2000,3072.0000,3079.4000,3079.6000,3079.8000,3080.0000,3081.0000,1,2,1,2,5,1,1,1,1,1
SF,IH2006,2020-01-07 09:31:19.000,3078.2000,7437,0,59994060.000,0,-,-,-,-,3076.8000,3076.6000,3076.0000,3073.4000,3073.2000,3078.2000,3079.2000,3079.4000,3079.6000,3079.8000,2,2,2,1,2,1,1,1,1,1
SF,IH2006,2020-01-07 09:31:19.500,3078.2000,7436,-1,60917520.000,1,0,1,双平,S,3077.0000,3076.8000,3076.6000,3076.0000,3073.4000,3078.0000,3079.4000,3079.6000,3079.8000,3080.0000,1,1,1,2,1,1,1,1,1,1
SF,IH2006,2020-01-07 09:31:20.000,3078.0000,7435,-1,61840920.000,1,0,1,双平,S,3078.0000,3077.2000,3077.0000,3076.8000,3076.6000,3079.4000,3079.6000,3079.8000,3080.0000,3081.0000,1,1,1,1,1,1,1,1,1,1
SF,IH2006,2020-01-07 09:31:20.500,3078.0000,7435,0,61840920.000,0,-,-,-,-,3078.0000,3077.2000,3077.0000,3076.8000,3076.0000,3079.2000,3079.4000,3079.6000,3079.8000,3080.0000,1,1,1,1,2,1,1,1,1,1
SF,IH2006,2020-01-07 09:31:21.500,3078.0000,7435,0,61840920.000,0,-,-,-,-,3078.0000,3077.2000,3077.0000,3076.0000,3073.4000,3079.2000,3079.4000,3079.6000,3079.8000,3080.0000,1,1,1,2,1,1,1,1,1,1
SF,IH2006,2020-01-07 09:31:22.000,3078.0000,7435,0,61840920.000,0,-,-,-,-,3078.0000,3077.2000,3076.0000,3073.4000,3073.2000,3079.2000,3079.4000,3079.6000,3079.8000,3080.0000,1,1,2,1,2,1,1,1,1,1
SF,IH2006,2020-01-07 09:31:23.000,3078.0000,7435,0,61840920.000,0,-,-,-,-,3078.0000,3077.2000,3076.0000,3073.4000,3073.2000,3079.2000,3079.4000,3079.6000,3079.8000,3080.0000,1,1,2,1,2,1,1,1,1,1
SF,IH2006,2020-01-07 09:31:23.500,3078.0000,7435,0,61840920.000,0,-,-,-,-,3078.0000,3077.2000,3076.0000,3073.4000,3073.2000,3079.4000,3079.6000,3079.8000,3080.0000,3081.0000,1,1,2,1,2,1,1,1,1,1
SF,IH2006,2020-01-07 09:31:24.000,3078.0000,7435,0,61840920.000,0,-,-,-,-,3078.2000,3078.0000,3077.2000,3076.0000,3073.4000,3079.4000,3079.6000,3079.8000,3080.0000,3081.0000,1,1,1,2,1,1,1,1,1,1
SF,IH2006,2020-01-07 09:31:24.500,3078.0000,7435,0,61840920.000,0,-,-,-,-,3078.4000,3078.2000,3078.0000,3076.0000,3073.4000,3079.4000,3079.6000,3079.8000,3080.0000,3081.0000,2,1,1,2,1,1,1,1,1,1
SF,IH2006,2020-01-07 09:31:25.000,3078.0000,7435,0,61840920.000,0,-,-,-,-,3078.4000,3078.2000,3078.0000,3076.0000,3073.4000,3079.4000,3079.6000,3079.8000,3080.0000,3081.0000,2,1,1,2,1,1,1,1,1,1
SF,IH2006,2020-01-07 09:31:25.500,3078.0000,7435,0,61840920.000,0,-,-,-,-,3078.4000,3078.2000,3078.0000,3076.0000,3073.4000,3079.4000,3079.6000,3079.8000,3080.0000,3081.0000,2,1,1,2,1,1,1,1,1,1
SF,IH2006,2020-01-07 09:31:26.000,3078.0000,7435,0,61840920.000,0,-,-,-,-,3078.4000,3078.2000,3078.0000,3076.0000,3073.4000,3079.4000,3079.6000,3079.8000,3080.0000,3081.0000,2,1,1,2,1,2,1,1,1,1
SF,IH2006,2020-01-07 09:31:26.500,3078.0000,7435,0,61840920.000,0,-,-,-,-,3078.0000,3076.0000,3073.4000,3073.2000,3072.0000,3079.4000,3079.6000,3079.8000,3080.0000,3081.0000,1,2,1,2,5,2,1,1,1,1
SF,IH2006,2020-01-07 09:31:27.000,3078.0000,7435,0,61840920.000,0,-,-,-,-,3078.2000,3078.0000,3076.0000,3073.4000,3073.2000,3079.4000,3079.6000,3079.8000,3080.0000,3081.0000,1,1,2,1,2,3,1,1,1,1
SF,IH2006,2020-01-07 09:31:27.500,3078.0000,7435,0,61840920.000,0,-,-,-,-,3078.2000,3078.0000,3076.0000,3073.4000,3073.2000,3078.4000,3079.4000,3079.6000,3079.8000,3080.0000,1,3,2,1,2,1,3,1,1,1
SF,IH2006,2020-01-07 09:31:28.000,3078.4000,7434,-1,62764440.000,1,0,1,双平,S,3078.6000,3078.4000,3078.2000,3078.0000,3076.0000,3079.4000,3079.6000,3079.8000,3080.0000,3081.0000,1,2,1,2,2,3,1,1,1,1
SF,IH2006,2020-01-07 09:31:28.500,3078.4000,7434,0,62764440.000,0,-,-,-,-,3078.6000,3078.4000,3078.2000,3078.0000,3076.0000,3079.4000,3079.6000,3079.8000,3080.0000,3081.0000,1,2,1,2,2,3,1,1,1,1
SF,IH2006,2020-01-07 09:31:30.000,3078.4000,7434,0,62764440.000,0,-,-,-,-,3078.6000,3078.4000,3078.0000,3076.0000,3073.4000,3079.4000,3079.6000,3079.8000,3080.0000,3081.0000,1,2,2,2,1,3,1,1,1,1
SF,IH2006,2020-01-07 09:31:30.500,3078.4000,7434,0,62764440.000,0,-,-,-,-,3078.6000,3078.4000,3078.0000,3076.0000,3073.4000,3079.4000,3079.6000,3079.8000,3080.0000,3081.0000,1,2,2,2,1,3,1,1,1,1
SF,IH2006,2020-01-07 09:31:31.000,3078.4000,7434,0,62764440.000,0,-,-,-,-,3078.6000,3078.4000,3078.0000,3076.0000,3073.4000,3079.4000,3079.6000,3079.8000,3080.0000,3081.0000,1,2,2,2,1,3,1,1,1,1
SF,IH2006,2020-01-07 09:31:32.000,3078.4000,7434,0,62764440.000,0,-,-,-,-,3078.4000,3078.0000,3076.0000,3073.4000,3073.2000,3079.4000,3079.6000,3079.8000,3080.0000,3081.0000,2,2,2,1,2,3,1,1,1,1
SF,IH2006,2020-01-07 09:31:32.500,3078.4000,7434,0,62764440.000,0,-,-,-,-,3078.4000,3078.0000,3076.0000,3073.4000,3073.2000,3079.4000,3079.6000,3079.8000,3080.0000,3081.0000,1,2,2,1,2,3,1,1,1,1
SF,IH2006,2020-01-07 09:31:33.500,3079.4000,7434,0,63688260.000,1,0,1,多换,S,3078.4000,3078.0000,3076.0000,3073.4000,3073.2000,3079.4000,3079.6000,3079.8000,3080.0000,3081.0000,1,2,2,1,2,2,1,1,1,1
SF,IH2006,2020-01-07 09:31:34.000,3079.4000,7434,0,63688260.000,0,-,-,-,-,3078.4000,3078.0000,3076.0000,3073.4000,3073.2000,3079.4000,3079.6000,3079.8000,3080.0000,3081.0000,1,2,2,1,2,2,1,1,1,1
SF,IH2006,2020-01-07 09:31:34.500,3078.4000,7433,-1,64611780.000,1,0,1,双平,S,3078.0000,3077.6000,3076.0000,3073.4000,3073.2000,3079.2000,3079.4000,3079.6000,3079.8000,3080.0000,2,1,2,1,2,2,2,1,1,1
SF,IH2006,2020-01-07 09:31:35.000,3078.0000,7431,-2,66458580.000,2,0,2,双平,S,3077.6000,3076.0000,3073.4000,3073.2000,3072.0000,3078.0000,3079.2000,3079.4000,3079.6000,3079.8000,1,2,1,2,5,1,2,2,1,1
SF,IH2006,2020-01-07 09:31:35.500,3077.6000,7431,0,67381860.000,1,0,1,多换,S,3076.0000,3073.4000,3073.2000,3072.0000,3068.8000,3077.6000,3078.0000,3079.2000,3079.4000,3079.6000,2,1,2,5,1,1,1,2,2,1
SF,IH2006,2020-01-07 09:31:36.000,3077.6000,7431,0,67381860.000,0,-,-,-,-,3077.6000,3076.2000,3076.0000,3073.4000,3073.2000,3079.2000,3079.4000,3079.6000,3079.8000,3080.0000,1,3,2,1,2,2,2,1,1,1
SF,IH2006,2020-01-07 09:31:36.500,3077.6000,7431,0,67381860.000,0,-,-,-,-,3077.8000,3076.2000,3076.0000,3073.4000,3073.2000,3079.2000,3079.4000,3079.6000,3079.8000,3080.0000,1,3,2,1,2,2,2,1,1,1
SF,IH2006,2020-01-07 09:31:37.000,3077.6000,7431,0,67381860.000,0,-,-,-,-,3077.8000,3076.2000,3076.0000,3073.4000,3073.2000,3079.2000,3079.4000,3079.6000,3079.8000,3080.0000,1,3,2,1,2,2,2,1,1,1
SF,IH2006,2020-01-07 09:31:37.500,3077.6000,7431,0,67381860.000,0,-,-,-,-,3078.0000,3077.8000,3076.2000,3076.0000,3073.4000,3079.2000,3079.4000,3079.6000,3079.8000,3080.0000,1,1,3,2,1,2,2,1,1,1
SF,IH2006,2020-01-07 09:31:38.000,3077.6000,7431,0,67381860.000,0,-,-,-,-,3078.0000,3076.2000,3076.0000,3073.4000,3073.2000,3079.2000,3079.4000,3079.6000,3079.8000,3080.0000,1,3,2,1,2,2,2,1,1,1
SF,IH2006,2020-01-07 09:31:38.500,3077.6000,7431,0,67381860.000,0,-,-,-,-,3078.0000,3076.2000,3076.0000,3073.4000,3073.2000,3079.2000,3079.4000,3079.6000,3079.8000,3080.0000,1,3,2,1,2,1,2,1,1,1
SF,IH2006,2020-01-07 09:31:41.000,3078.0000,7431,0,68305260.000,1,0,1,多换,S,3076.2000,3076.0000,3073.4000,3073.2000,3072.0000,3079.2000,3079.4000,3079.6000,3079.8000,3080.0000,3,2,1,2,5,1,2,1,1,1
SF,IH2006,2020-01-07 09:31:41.500,3078.0000,7431,0,68305260.000,0,-,-,-,-,3076.4000,3076.2000,3076.0000,3073.4000,3073.2000,3079.0000,3079.4000,3079.6000,3079.8000,3080.0000,2,4,2,1,2,1,2,1,1,1
SF,IH2006,2020-01-07 09:31:42.000,3078.0000,7431,0,68305260.000,0,-,-,-,-,3078.0000,3077.0000,3076.6000,3076.4000,3076.2000,3079.0000,3079.4000,3079.6000,3079.8000,3080.0000,1,1,1,2,2,1,2,1,1,1
SF,IH2006,2020-01-07 09:31:42.500,3078.0000,7431,0,68305260.000,0,-,-,-,-,3078.0000,3077.0000,3076.6000,3076.2000,3076.0000,3079.0000,3079.4000,3079.6000,3079.8000,3080.0000,1,1,1,2,2,1,2,1,1,1
SF,IH2006,2020-01-07 09:31:44.000,3078.0000,7431,0,68305260.000,0,-,-,-,-,3077.0000,3076.6000,3076.2000,3076.0000,3073.4000,3079.0000,3079.4000,3079.6000,3079.8000,3080.0000,1,1,2,2,1,1,2,1,1,1
SF,IH2006,2020-01-07 09:31:44.500,3078.0000,7431,0,68305260.000,0,-,-,-,-,3077.2000,3077.0000,3076.2000,3076.0000,3073.4000,3079.0000,3079.4000,3079.6000,3079.8000,3080.0000,3,1,2,2,1,1,2,1,1,1
SF,IH2006,2020-01-07 09:31:45.000,3078.0000,7431,0,68305260.000,0,-,-,-,-,3077.2000,3077.0000,3076.2000,3076.0000,3073.4000,3079.0000,3079.4000,3079.6000,3079.8000,3080.0000,3,1,2,2,1,1,2,1,1,1
SF,IH2006,2020-01-07 09:31:45.500,3078.0000,7431,0,68305260.000,0,-,-,-,-,3077.4000,3077.2000,3077.0000,3076.2000,3076.0000,3079.0000,3079.4000,3079.6000,3079.8000,3080.0000,1,2,1,2,2,1,2,1,1,1
SF,IH2006,2020-01-07 09:31:46.000,3078.0000,7431,0,68305260.000,0,-,-,-,-,3077.6000,3077.4000,3077.2000,3077.0000,3076.2000,3079.0000,3079.4000,3079.6000,3079.8000,3080.0000,2,1,1,1,2,1,2,1,1,1
SF,IH2006,2020-01-07 09:31:46.500,3078.0000,7431,0,68305260.000,0,-,-,-,-,3077.6000,3077.2000,3077.0000,3076.2000,3076.0000,3079.0000,3079.4000,3079.6000,3079.8000,3080.0000,2,1,1,2,2,1,2,1,1,1
SF,IH2006,2020-01-07 09:31:47.000,3079.0000,7430,-1,69228960.000,1,0,1,双平,S,3077.6000,3077.2000,3077.0000,3076.2000,3076.0000,3079.4000,3079.6000,3079.8000,3080.0000,3081.0000,2,1,1,2,2,2,1,1,1,1
SF,IH2006,2020-01-07 09:31:47.500,3079.0000,7430,0,69228960.000,0,-,-,-,-,3077.6000,3077.2000,3077.0000,3076.2000,3076.0000,3079.2000,3079.4000,3079.6000,3079.8000,3080.0000,2,1,1,2,2,1,2,1,1,1
SF,IH2006,2020-01-07 09:31:48.000,3079.0000,7430,0,69228960.000,0,-,-,-,-,3077.8000,3077.6000,3077.2000,3077.0000,3076.2000,3079.4000,3079.6000,3079.8000,3080.0000,3081.0000,2,2,1,1,2,2,1,1,1,1
SF,IH2006,2020-01-07 09:31:48.500,3078.0000,7429,-1,70152360.000,1,0,1,双平,S,3077.8000,3077.6000,3077.2000,3077.0000,3076.2000,3079.4000,3079.6000,3079.8000,3080.0000,3081.0000,2,1,1,1,2,2,1,1,1,1
SF,IH2006,2020-01-07 09:31:49.000,3078.0000,7429,0,70152360.000,0,-,-,-,-,3077.8000,3077.6000,3077.2000,3077.0000,3076.2000,3079.2000,3079.4000,3079.6000,3079.8000,3080.0000,2,1,1,1,2,1,2,1,1,1
SF,IH2006,2020-01-07 09:31:49.500,3078.0000,7429,0,70152360.000,0,-,-,-,-,3077.8000,3077.6000,3077.2000,3077.0000,3076.2000,3079.2000,3079.4000,3079.6000,3079.8000,3080.0000,1,1,1,1,2,1,2,1,1,1
SF,IH2006,2020-01-07 09:31:50.000,3078.0000,7429,0,70152360.000,0,-,-,-,-,3078.0000,3077.8000,3077.6000,3077.2000,3077.0000,3079.2000,3079.4000,3079.6000,3079.8000,3080.0000,1,1,1,1,1,1,2,1,1,1
SF,IH2006,2020-01-07 09:31:50.500,3079.2000,7428,-1,71076120.000,1,0,1,双平,S,3078.0000,3077.8000,3077.6000,3077.2000,3077.0000,3079.4000,3079.6000,3079.8000,3080.0000,3081.0000,1,1,1,1,1,2,1,1,1,1
SF,IH2006,2020-01-07 09:31:51.000,3079.2000,7428,0,71076120.000,0,-,-,-,-,3078.2000,3078.0000,3077.8000,3077.6000,3077.2000,3079.4000,3079.6000,3079.8000,3080.0000,3081.0000,1,2,1,1,1,2,1,1,1,1
SF,IH2006,2020-01-07 09:31:51.500,3079.2000,7428,0,71076120.000,0,-,-,-,-,3078.2000,3078.0000,3077.6000,3077.2000,3077.0000,3079.2000,3079.4000,3079.6000,3079.8000,3080.0000,1,1,1,1,1,1,2,1,1,1
SF,IH2006,2020-01-07 09:31:53.000,3079.2000,7428,0,71076120.000,0,-,-,-,-,3078.2000,3078.0000,3077.6000,3077.2000,3077.0000,3079.2000,3079.4000,3079.6000,3079.8000,3080.0000,1,2,1,1,1,1,2,1,1,1
SF,IH2006,2020-01-07 09:31:53.500,3079.2000,7428,0,71076120.000,0,-,-,-,-,3078.2000,3078.0000,3077.6000,3077.2000,3077.0000,3079.4000,3079.6000,3079.8000,3080.0000,3081.0000,1,2,1,1,1,2,1,1,1,1
SF,IH2006,2020-01-07 09:31:54.500,3079.2000,7428,0,71076120.000,0,-,-,-,-,3078.2000,3078.0000,3077.6000,3077.2000,3077.0000,3079.4000,3079.6000,3079.8000,3080.0000,3081.0000,1,2,1,1,1,2,1,1,1,1
SF,IH2006,2020-01-07 09:31:57.000,3079.2000,7428,0,71076120.000,0,-,-,-,-,3078.2000,3078.0000,3077.6000,3077.2000,3077.0000,3079.4000,3079.6000,3079.8000,3080.0000,3081.0000,1,2,1,1,1,2,1,1,1,1
SF,IH2006,2020-01-07 09:31:57.500,3079.2000,7428,0,71076120.000,0,-,-,-,-,3079.2000,3078.4000,3078.2000,3078.0000,3077.6000,3079.4000,3079.6000,3079.8000,3080.0000,3081.0000,2,1,1,2,1,2,1,1,1,1
SF,IH2006,2020-01-07 09:31:58.000,3079.4000,7427,-1,71999940.000,1,0,1,双平,S,3079.2000,3078.2000,3078.0000,3077.6000,3077.2000,3079.4000,3079.6000,3079.8000,3080.0000,3081.0000,2,1,2,1,1,1,1,1,1,1
SF,IH2006,2020-01-07 09:31:58.500,3079.4000,7425,-2,73847580.000,2,0,2,双平,S,3079.4000,3079.2000,3078.2000,3078.0000,3077.6000,3079.6000,3079.8000,3080.0000,3081.0000,3082.0000,4,2,1,2,1,1,1,1,1,1
SF,IH2006,2020-01-07 09:31:59.000,3079.6000,7423,-2,75695280.000,2,0,2,双平,S,3079.4000,3079.2000,3078.0000,3077.6000,3077.2000,3079.8000,3080.0000,3081.0000,3082.0000,3084.0000,2,2,2,1,1,1,1,1,1,2
SF,IH2006,2020-01-07 09:31:59.500,3079.8000,7422,-1,76619220.000,1,0,1,双平,S,3079.4000,3079.2000,3078.0000,3077.6000,3077.2000,3080.0000,3081.0000,3082.0000,3084.0000,3085.0000,2,2,2,1,1,1,1,1,2,3
SF,IH2006,2020-01-07 09:32:00.000,3079.8000,7422,0,76619220.000,0,-,-,-,-,3079.4000,3079.2000,3078.0000,3077.6000,3077.2000,3080.0000,3081.0000,3082.0000,3084.0000,3085.0000,1,2,2,1,1,1,1,1,2,3
SF,IH2006,2020-01-07 09:32:00.500,3079.8000,7422,0,76619220.000,0,-,-,-,-,3079.2000,3078.0000,3077.6000,3077.2000,3077.0000,3080.0000,3081.0000,3082.0000,3084.0000,3085.0000,2,2,1,1,1,1,1,1,2,3
SF,IH2006,2020-01-07 09:32:01.000,3079.8000,7422,0,76619220.000,0,-,-,-,-,3079.2000,3078.0000,3077.6000,3077.2000,3077.0000,3079.4000,3080.0000,3081.0000,3082.0000,3084.0000,2,2,1,1,1,1,1,1,1,2
SF,IH2006,2020-01-07 09:32:01.500,3079.4000,7422,0,77543040.000,1,0,1,多换,S,3079.2000,3078.2000,3078.0000,3077.6000,3077.2000,3080.0000,3081.0000,3082.0000,3084.0000,3085.0000,2,1,2,1,1,1,1,1,2,3
SF,IH2006,2020-01-07 09:32:02.000,3079.2000,7422,0,78466800.000,1,0,1,多换,S,3079.2000,3078.2000,3078.0000,3077.6000,3077.2000,3079.8000,3080.0000,3081.0000,3082.0000,3084.0000,1,1,2,1,1,1,1,1,1,2
SF,IH2006,2020-01-07 09:32:02.500,3079.2000,7422,0,79390560.000,1,0,1,多换,S,3078.2000,3078.0000,3077.6000,3077.2000,3077.0000,3079.2000,3079.8000,3080.0000,3081.0000,3082.0000,1,2,1,1,1,1,1,1,1,1
SF,IH2006,2020-01-07 09:32:03.000,3079.2000,7422,0,79390560.000,0,-,-,-,-,3078.4000,3078.2000,3078.0000,3077.6000,3077.2000,3079.8000,3080.0000,3081.0000,3082.0000,3084.0000,1,1,2,1,1,1,1,1,1,2
SF,IH2006,2020-01-07 09:32:04.000,3079.2000,7422,0,79390560.000,0,-,-,-,-,3079.2000,3078.4000,3078.2000,3078.0000,3077.6000,3079.8000,3080.0000,3081.0000,3082.0000,3084.0000,1,1,1,2,1,1,1,1,1,2
SF,IH2006,2020-01-07 09:32:04.500,3079.2000,7421,-1,80314320.000,1,0,1,双平,S,3078.4000,3078.2000,3078.0000,3077.6000,3077.2000,3079.2000,3079.8000,3080.0000,3081.0000,3082.0000,1,1,2,1,1,3,1,2,1,1
SF,IH2006,2020-01-07 09:32:05.000,3079.2000,7421,0,80314320.000,0,-,-,-,-,3078.4000,3078.2000,3078.0000,3077.6000,3077.2000,3079.2000,3079.8000,3080.0000,3081.0000,3082.0000,1,1,2,1,1,3,1,2,1,1
SF,IH2006,2020-01-07 09:32:05.500,3079.2000,7421,0,80314320.000,0,-,-,-,-,3078.4000,3078.2000,3078.0000,3077.6000,3077.2000,3079.2000,3079.8000,3080.0000,3081.0000,3082.0000,1,1,2,1,1,3,1,2,1,1
SF,IH2006,2020-01-07 09:32:06.000,3079.2000,7421,0,80314320.000,0,-,-,-,-,3078.4000,3078.2000,3078.0000,3077.6000,3077.2000,3079.2000,3080.0000,3081.0000,3082.0000,3084.0000,1,1,2,1,1,3,2,1,1,2
SF,IH2006,2020-01-07 09:32:06.500,3079.2000,7421,0,80314320.000,0,-,-,-,-,3078.4000,3078.2000,3078.0000,3077.6000,3077.2000,3079.0000,3079.2000,3080.0000,3081.0000,3082.0000,1,1,2,1,1,1,3,2,1,1
SF,IH2006,2020-01-07 09:32:07.500,3078.4000,7420,-1,81237840.000,1,0,1,双平,S,3078.2000,3078.0000,3077.6000,3077.2000,3077.0000,3078.4000,3079.0000,3079.2000,3080.0000,3081.0000,1,2,1,1,1,1,1,3,2,1
SF,IH2006,2020-01-07 09:32:08.000,3078.2000,7419,-1,83084760.000,2,0,2,多平,S,3078.0000,3077.6000,3077.2000,3077.0000,3076.0000,3079.0000,3079.2000,3080.0000,3081.0000,3082.0000,2,1,1,1,2,1,1,2,1,1
SF,IH2006,2020-01-07 09:32:08.500,3078.0000,7419,0,84008160.000,1,0,1,多换,S,3078.0000,3077.6000,3077.2000,3077.0000,3076.0000,3078.8000,3079.0000,3079.2000,3080.0000,3081.0000,1,1,1,1,2,1,1,1,2,1
SF,IH2006,2020-01-07 09:32:09.000,3078.6000,7419,0,86778900.000,3,1,2,多换,S,3078.0000,3077.6000,3077.2000,3077.0000,3076.0000,3078.8000,3079.0000,3079.2000,3080.0000,3081.0000,1,1,1,1,2,1,1,1,2,1
SF,IH2006,2020-01-07 09:32:09.500,3078.8000,7418,-1,87702540.000,1,0,1,双平,S,3078.0000,3077.6000,3077.2000,3077.0000,3076.0000,3079.0000,3079.2000,3080.0000,3081.0000,3082.0000,1,1,1,1,2,1,1,2,1,1
SF,IH2006,2020-01-07 09:32:10.500,3079.0000,7418,0,88626240.000,1,0,1,多换,S,3078.0000,3077.6000,3077.2000,3077.0000,3076.0000,3079.2000,3080.0000,3081.0000,3082.0000,3084.0000,1,1,1,1,2,1,2,1,1,2
SF,IH2006,2020-01-07 09:32:12.500,3079.0000,7418,0,88626240.000,0,-,-,-,-,3078.0000,3077.6000,3077.2000,3077.0000,3076.0000,3079.2000,3080.0000,3081.0000,3082.0000,3084.0000,1,1,1,1,2,1,2,1,1,2
SF,IH2006,2020-01-07 09:32:13.000,3079.2000,7417,-1,89550000.000,1,0,1,双平,S,3078.2000,3078.0000,3077.0000,3076.0000,3073.4000,3080.0000,3081.0000,3082.0000,3084.0000,3085.0000,1,1,1,2,1,2,1,1,2,3
SF,IH2006,2020-01-07 09:32:13.500,3079.2000,7417,0,89550000.000,0,-,-,-,-,3078.4000,3078.2000,3078.0000,3077.0000,3076.0000,3080.0000,3081.0000,3082.0000,3084.0000,3085.0000,1,1,1,1,2,2,1,1,2,3
SF,IH2006,2020-01-07 09:32:14.000,3079.2000,7417,0,89550000.000,0,-,-,-,-,3078.6000,3078.4000,3078.0000,3077.0000,3076.0000,3080.0000,3081.0000,3082.0000,3084.0000,3085.0000,1,1,1,1,2,2,1,1,2,3
SF,IH2006,2020-01-07 09:32:15.000,3079.2000,7417,0,89550000.000,0,-,-,-,-,3078.6000,3078.0000,3077.0000,3076.0000,3073.4000,3080.0000,3081.0000,3082.0000,3084.0000,3085.0000,1,1,1,2,1,2,1,1,2,3
SF,IH2006,2020-01-07 09:32:15.500,3079.2000,7417,0,89550000.000,0,-,-,-,-,3078.8000,3078.6000,3078.0000,3077.0000,3076.0000,3080.0000,3081.0000,3082.0000,3084.0000,3085.0000,1,1,1,1,2,2,1,1,2,3
SF,IH2006,2020-01-07 09:32:16.000,3079.2000,7417,0,89550000.000,0,-,-,-,-,3079.0000,3078.8000,3078.0000,3077.0000,3076.0000,3080.0000,3081.0000,3082.0000,3084.0000,3085.0000,1,1,1,1,2,2,1,1,2,3
SF,IH2006,2020-01-07 09:32:16.500,3079.2000,7417,0,89550000.000,0,-,-,-,-,3079.0000,3078.0000,3077.0000,3076.0000,3073.4000,3080.0000,3081.0000,3082.0000,3084.0000,3085.0000,1,1,1,2,1,2,1,1,2,3
SF,IH2006,2020-01-07 09:32:18.500,3079.2000,7417,0,89550000.000,0,-,-,-,-,3079.0000,3078.0000,3077.0000,3076.0000,3073.4000,3080.0000,3081.0000,3082.0000,3084.0000,3085.0000,1,1,1,2,1,3,1,1,2,3
SF,IH2006,2020-01-07 09:32:19.500,3079.0000,7416,-1,90473700.000,1,0,1,双平,S,3079.2000,3078.0000,3077.0000,3076.0000,3073.4000,3080.0000,3081.0000,3082.0000,3084.0000,3085.0000,3,1,1,2,1,3,1,1,2,3
SF,IH2006,2020-01-07 09:32:20.000,3079.2000,7416,0,93244980.000,3,1,2,多换,S,3078.0000,3077.0000,3076.0000,3073.4000,3073.2000,3079.2000,3079.8000,3080.0000,3081.0000,3082.0000,1,1,2,1,2,1,1,3,1,1
SF,IH2006,2020-01-07 09:32:20.500,3079.2000,7416,0,93244980.000,0,-,-,-,-,3078.2000,3078.0000,3077.0000,3076.0000,3073.4000,3079.2000,3079.8000,3080.0000,3081.0000,3082.0000,1,1,1,2,1,1,1,3,1,1
SF,IH2006,2020-01-07 09:32:21.000,3079.2000,7416,0,93244980.000,0,-,-,-,-,3078.2000,3078.0000,3077.0000,3076.0000,3073.4000,3079.8000,3080.0000,3081.0000,3082.0000,3084.0000,1,1,1,2,1,1,3,1,1,2
SF,IH2006,2020-01-07 09:32:21.500,3079.2000,7416,0,93244980.000,0,-,-,-,-,3078.2000,3078.0000,3077.0000,3076.0000,3073.4000,3079.8000,3080.0000,3081.0000,3082.0000,3084.0000,1,1,1,2,1,1,2,1,1,2
SF,IH2006,2020-01-07 09:32:23.000,3078.2000,7415,-1,94168440.000,1,0,1,双平,S,3078.0000,3077.0000,3076.0000,3073.4000,3073.2000,3079.8000,3080.0000,3081.0000,3082.0000,3084.0000,1,1,2,1,2,1,2,1,1,2
SF,IH2006,2020-01-07 09:32:23.500,3078.2000,7415,0,94168440.000,0,-,-,-,-,3078.2000,3078.0000,3077.0000,3076.0000,3073.4000,3079.8000,3080.0000,3081.0000,3082.0000,3084.0000,1,1,1,2,1,1,2,1,1,2
SF,IH2006,2020-01-07 09:32:24.500,3078.2000,7415,0,94168440.000,0,-,-,-,-,3078.0000,3077.0000,3076.0000,3073.4000,3073.2000,3079.8000,3080.0000,3081.0000,3082.0000,3084.0000,1,1,2,1,2,1,2,1,1,2
SF,IH2006,2020-01-07 09:32:25.500,3078.2000,7415,0,94168440.000,0,-,-,-,-,3078.2000,3078.0000,3077.0000,3076.0000,3073.4000,3079.8000,3080.0000,3081.0000,3082.0000,3084.0000,1,1,1,2,1,1,2,1,1,2
SF,IH2006,2020-01-07 09:32:27.000,3079.8000,7414,-1,95092380.000,1,0,1,双平,S,3078.2000,3078.0000,3077.0000,3076.0000,3073.4000,3080.0000,3081.0000,3082.0000,3084.0000,3085.0000,1,1,1,2,1,2,1,1,2,3
SF,IH2006,2020-01-07 09:32:27.500,3079.8000,7414,0,95092380.000,0,-,-,-,-,3078.6000,3078.4000,3078.2000,3078.0000,3077.0000,3080.0000,3081.0000,3082.0000,3084.0000,3085.0000,1,1,1,1,1,2,1,1,2,3
SF,IH2006,2020-01-07 09:32:28.000,3079.8000,7414,0,95092380.000,0,-,-,-,-,3078.8000,3078.6000,3078.2000,3078.0000,3077.0000,3080.0000,3081.0000,3082.0000,3084.0000,3085.0000,2,1,1,1,1,2,1,1,2,3
SF,IH2006,2020-01-07 09:32:28.500,3079.8000,7414,0,95092380.000,0,-,-,-,-,3078.8000,3078.6000,3078.0000,3077.0000,3076.0000,3080.0000,3081.0000,3082.0000,3084.0000,3085.0000,2,1,1,1,2,2,1,1,2,3
SF,IH2006,2020-01-07 09:32:29.000,3079.8000,7414,0,95092380.000,0,-,-,-,-,3078.8000,3078.0000,3077.0000,3076.0000,3073.4000,3080.0000,3081.0000,3082.0000,3084.0000,3085.0000,2,1,1,2,1,2,1,1,2,3
SF,IH2006,2020-01-07 09:32:30.500,3080.0000,7414,0,96940380.000,2,1,1,多换,S,3078.8000,3078.0000,3077.0000,3076.0000,3073.4000,3081.0000,3082.0000,3084.0000,3085.0000,3085.6000,2,1,1,2,1,1,1,2,3,5
SF,IH2006,2020-01-07 09:32:31.000,3080.0000,7414,0,96940380.000,0,-,-,-,-,3078.8000,3078.0000,3077.0000,3076.0000,3073.4000,3080.8000,3081.0000,3082.0000,3084.0000,3085.0000,1,1,1,2,1,1,1,1,2,3
SF,IH2006,2020-01-07 09:32:31.500,3080.0000,7414,0,96940380.000,0,-,-,-,-,3079.0000,3078.0000,3077.0000,3076.0000,3073.4000,3080.8000,3081.0000,3082.0000,3084.0000,3085.0000,1,1,1,2,1,1,1,1,2,3
SF,IH2006,2020-01-07 09:32:32.500,3080.0000,7414,0,96940380.000,0,-,-,-,-,3079.0000,3078.0000,3077.0000,3076.0000,3073.4000,3080.8000,3081.0000,3082.0000,3084.0000,3085.0000,1,1,1,2,1,1,1,1,2,3
SF,IH2006,2020-01-07 09:32:33.000,3080.0000,7414,0,96940380.000,0,-,-,-,-,3078.0000,3077.0000,3076.0000,3073.4000,3073.2000,3080.8000,3081.0000,3082.0000,3084.0000,3085.0000,1,1,2,1,2,1,1,1,2,3
SF,IH2006,2020-01-07 09:32:33.500,3080.0000,7414,0,96940380.000,0,-,-,-,-,3078.2000,3078.0000,3077.0000,3076.0000,3073.4000,3078.8000,3080.8000,3081.0000,3082.0000,3084.0000,2,1,1,2,1,1,1,1,1,2
SF,IH2006,2020-01-07 09:32:34.000,3078.8000,7413,-1,97864020.000,1,0,1,双平,S,3079.2000,3078.8000,3078.2000,3078.0000,3077.0000,3080.8000,3081.0000,3082.0000,3084.0000,3085.0000,2,2,1,1,1,1,1,1,2,3
SF,IH2006,2020-01-07 09:32:34.500,3079.2000,7413,0,98787780.000,1,0,1,多换,S,3078.8000,3078.0000,3077.0000,3076.0000,3073.4000,3080.8000,3081.0000,3082.0000,3084.0000,3085.0000,2,1,1,2,1,1,1,1,2,3
SF,IH2006,2020-01-07 09:32:35.000,3079.2000,7413,0,98787780.000,0,-,-,-,-,3078.8000,3078.0000,3077.0000,3076.0000,3073.4000,3080.8000,3081.0000,3082.0000,3084.0000,3085.0000,2,1,1,2,1,1,1,1,2,3
SF,IH2006,2020-01-07 09:32:35.500,3079.2000,7413,0,98787780.000,0,-,-,-,-,3078.8000,3078.0000,3077.0000,3076.0000,3073.4000,3080.4000,3080.6000,3080.8000,3081.0000,3082.0000,2,1,1,2,1,1,1,1,1,1
SF,IH2006,2020-01-07 09:32:36.000,3079.2000,7413,0,98787780.000,0,-,-,-,-,3078.8000,3078.0000,3077.0000,3076.0000,3073.4000,3080.2000,3080.4000,3080.6000,3081.0000,3082.0000,2,1,1,2,1,1,1,1,1,1
SF,IH2006,2020-01-07 09:32:37.000,3079.2000,7413,0,98787780.000,0,-,-,-,-,3078.8000,3078.0000,3077.0000,3076.0000,3073.4000,3080.0000,3080.2000,3080.6000,3081.0000,3082.0000,2,1,1,2,1,1,1,1,1,1
SF,IH2006,2020-01-07 09:32:38.000,3080.0000,7414,1,99711780.000,1,1,0,双开,S,3080.0000,3078.8000,3078.0000,3077.0000,3076.0000,3080.2000,3080.6000,3081.0000,3082.0000,3084.0000,1,2,1,1,2,1,1,1,1,2
SF,IH2006,2020-01-07 09:32:38.500,3080.0000,7413,-1,101559780.000,2,0,2,多平,S,3078.8000,3078.0000,3077.0000,3076.0000,3073.4000,3079.8000,3080.0000,3080.2000,3080.6000,3081.0000,2,1,1,2,1,1,2,1,1,1
SF,IH2006,2020-01-07 09:32:39.000,3078.8000,7412,-1,102483420.000,1,0,1,双平,S,3078.8000,3078.0000,3077.0000,3076.0000,3073.4000,3079.8000,3080.0000,3080.2000,3081.0000,3082.0000,1,1,1,2,1,1,2,1,1,1
SF,IH2006,2020-01-07 09:32:40.000,3078.8000,7412,0,102483420.000,0,-,-,-,-,3079.0000,3078.8000,3078.0000,3077.0000,3076.0000,3079.8000,3080.0000,3080.2000,3081.0000,3082.0000,1,1,1,1,2,1,2,1,1,1
SF,IH2006,2020-01-07 09:32:40.500,3078.8000,7412,0,102483420.000,0,-,-,-,-,3079.0000,3078.8000,3078.0000,3077.0000,3076.0000,3079.8000,3080.0000,3080.2000,3081.0000,3082.0000,1,1,1,1,2,1,2,1,1,1
SF,IH2006,2020-01-07 09:32:42.500,3078.8000,7412,0,102483420.000,0,-,-,-,-,3078.8000,3078.0000,3077.0000,3076.0000,3073.4000,3079.8000,3080.0000,3080.2000,3081.0000,3082.0000,1,1,1,2,1,1,2,1,1,1
SF,IH2006,2020-01-07 09:32:43.000,3079.8000,7411,-1,103407360.000,1,0,1,双平,S,3080.0000,3079.0000,3078.8000,3078.0000,3077.0000,3081.0000,3082.0000,3084.0000,3085.0000,3085.6000,1,1,1,1,1,1,1,2,3,5
SF,IH2006,2020-01-07 09:32:43.500,3079.8000,7411,0,103407360.000,0,-,-,-,-,3080.0000,3079.0000,3078.8000,3078.0000,3077.0000,3080.8000,3081.0000,3082.0000,3084.0000,3085.0000,1,1,1,1,1,1,1,1,2,3
SF,IH2006,2020-01-07 09:32:44.000,3079.8000,7411,0,103407360.000,0,-,-,-,-,3080.0000,3079.0000,3078.8000,3078.0000,3077.0000,3081.0000,3082.0000,3084.0000,3085.0000,3085.6000,1,1,1,1,1,1,1,2,3,5
SF,IH2006,2020-01-07 09:32:45.000,3080.0000,7409,-2,105255660.000,2,0,2,双平,S,3079.0000,3078.8000,3078.0000,3077.0000,3076.0000,3082.0000,3084.0000,3085.0000,3085.6000,3086.0000,1,1,1,1,2,1,2,3,5,1
SF,IH2006,2020-01-07 09:32:45.500,3080.0000,7409,0,105255660.000,0,-,-,-,-,3079.4000,3079.2000,3079.0000,3078.8000,3078.0000,3081.8000,3082.0000,3084.0000,3085.0000,3085.6000,1,2,1,1,1,1,1,2,3,5
SF,IH2006,2020-01-07 09:32:46.000,3080.0000,7409,0,105255660.000,0,-,-,-,-,3079.6000,3079.4000,3079.2000,3078.8000,3078.0000,3081.8000,3082.0000,3084.0000,3085.0000,3085.6000,1,1,2,1,1,1,1,2,3,5
SF,IH2006,2020-01-07 09:32:46.500,3080.0000,7409,0,105255660.000,0,-,-,-,-,3079.8000,3079.6000,3079.4000,3079.2000,3078.8000,3082.0000,3084.0000,3085.0000,3085.6000,3086.0000,1,1,1,1,1,1,2,3,5,1
SF,IH2006,2020-01-07 09:32:47.000,3080.0000,7409,0,105255660.000,0,-,-,-,-,3080.0000,3079.8000,3079.2000,3078.8000,3078.0000,3082.0000,3084.0000,3085.0000,3085.6000,3086.0000,1,1,1,1,1,1,2,3,5,1
SF,IH2006,2020-01-07 09:32:47.500,3080.0000,7409,0,105255660.000,0,-,-,-,-,3080.4000,3080.2000,3080.0000,3079.2000,3078.8000,3081.8000,3082.0000,3084.0000,3085.0000,3085.6000,1,1,1,1,1,1,1,2,3,5
SF,IH2006,2020-01-07 09:32:48.000,3080.0000,7409,0,105255660.000,0,-,-,-,-,3080.4000,3080.2000,3080.0000,3079.2000,3078.0000,3081.8000,3082.0000,3084.0000,3085.0000,3085.6000,1,1,2,1,1,1,1,2,3,5
SF,IH2006,2020-01-07 09:32:48.500,3080.0000,7409,0,105255660.000,0,-,-,-,-,3080.2000,3080.0000,3079.2000,3078.0000,3077.0000,3081.8000,3082.0000,3084.0000,3085.0000,3085.6000,1,2,1,1,1,1,1,2,3,5
SF,IH2006,2020-01-07 09:32:49.000,3080.0000,7409,0,105255660.000,0,-,-,-,-,3080.4000,3080.0000,3079.2000,3078.0000,3077.0000,3081.8000,3082.0000,3084.0000,3085.0000,3085.6000,2,1,1,1,1,1,1,2,3,5
SF,IH2006,2020-01-07 09:32:49.500,3080.0000,7409,0,105255660.000,0,-,-,-,-,3080.4000,3080.0000,3079.2000,3078.0000,3077.0000,3081.8000,3082.0000,3084.0000,3085.0000,3085.6000,2,1,1,1,1,1,1,2,3,5
SF,IH2006,2020-01-07 09:32:50.000,3080.4000,7410,1,106179780.000,1,1,0,双开,S,3080.4000,3080.0000,3079.2000,3078.0000,3077.0000,3082.0000,3084.0000,3085.0000,3085.6000,3086.0000,2,1,1,1,1,1,2,3,5,1
SF,IH2006,2020-01-07 09:32:50.500,3080.4000,7410,0,106179780.000,0,-,-,-,-,3080.4000,3079.2000,3078.0000,3077.0000,3076.0000,3082.0000,3084.0000,3085.0000,3085.6000,3086.0000,2,1,1,1,2,1,2,3,5,1
SF,IH2006,2020-01-07 09:32:51.500,3080.4000,7410,0,106179780.000,0,-,-,-,-,3080.4000,3079.2000,3078.0000,3077.0000,3076.0000,3081.8000,3082.0000,3084.0000,3085.0000,3085.6000,2,1,1,1,2,1,1,2,3,5
SF,IH2006,2020-01-07 09:32:52.500,3080.4000,7410,0,106179780.000,0,-,-,-,-,3080.6000,3080.4000,3079.2000,3078.0000,3077.0000,3082.0000,3084.0000,3085.0000,3085.6000,3086.0000,1,2,1,1,1,1,2,3,5,1
SF,IH2006,2020-01-07 09:32:53.000,3080.4000,7410,0,106179780.000,0,-,-,-,-,3080.8000,3080.6000,3080.4000,3079.2000,3078.0000,3082.0000,3084.0000,3085.0000,3085.6000,3086.0000,1,1,1,1,1,1,2,3,5,1
SF,IH2006,2020-01-07 09:32:53.500,3080.4000,7410,0,106179780.000,0,-,-,-,-,3080.8000,3080.6000,3079.2000,3078.0000,3077.0000,3082.0000,3084.0000,3085.0000,3085.6000,3086.0000,1,1,1,1,1,1,2,3,5,1
SF,IH2006,2020-01-07 09:32:54.000,3082.0000,7409,-1,107104380.000,1,0,1,双平,S,3081.2000,3080.8000,3080.6000,3079.2000,3078.0000,3084.0000,3085.0000,3086.0000,3088.0000,3088.8000,1,1,1,1,1,2,3,1,1,1
SF,IH2006,2020-01-07 09:32:54.500,3082.0000,7409,0,107104380.000,0,-,-,-,-,3081.4000,3081.2000,3080.6000,3079.2000,3078.0000,3083.8000,3084.0000,3085.0000,3086.0000,3088.0000,2,1,1,1,1,1,2,3,1,1
SF,IH2006,2020-01-07 09:32:55.000,3082.0000,7409,0,107104380.000,0,-,-,-,-,3081.4000,3080.6000,3079.2000,3078.0000,3077.0000,3083.8000,3084.0000,3085.0000,3086.0000,3088.0000,2,1,1,1,1,1,2,3,1,1
SF,IH2006,2020-01-07 09:32:55.500,3082.0000,7409,0,107104380.000,0,-,-,-,-,3081.6000,3081.4000,3079.2000,3078.0000,3077.0000,3083.6000,3083.8000,3084.0000,3085.0000,3086.0000,1,1,1,1,1,1,1,2,3,1
SF,IH2006,2020-01-07 09:32:56.000,3082.0000,7409,0,107104380.000,0,-,-,-,-,3081.8000,3081.6000,3079.2000,3078.0000,3077.0000,3083.4000,3083.6000,3084.0000,3085.0000,3086.0000,1,1,1,1,1,1,1,2,3,1
SF,IH2006,2020-01-07 09:32:56.500,3082.0000,7409,0,107104380.000,0,-,-,-,-,3081.8000,3081.6000,3079.2000,3078.0000,3077.0000,3083.2000,3083.4000,3084.0000,3085.0000,3086.0000,1,1,1,1,1,1,1,2,3,1
SF,IH2006,2020-01-07 09:32:58.500,3082.0000,7409,0,107104380.000,0,-,-,-,-,3081.8000,3081.6000,3079.2000,3078.0000,3077.0000,3083.2000,3083.4000,3084.0000,3085.0000,3086.0000,1,1,1,1,1,1,1,2,3,1
SF,IH2006,2020-01-07 09:32:59.000,3082.0000,7409,0,107104380.000,0,-,-,-,-,3082.0000,3081.8000,3081.6000,3079.2000,3078.0000,3083.4000,3084.0000,3085.0000,3086.0000,3088.0000,2,1,1,1,1,1,2,3,1,1
SF,IH2006,2020-01-07 09:32:59.500,3082.0000,7409,0,107104380.000,0,-,-,-,-,3082.2000,3082.0000,3079.2000,3078.0000,3077.0000,3084.0000,3085.0000,3086.0000,3088.0000,3088.8000,1,2,1,1,1,2,3,1,1,1
SF,IH2006,2020-01-07 09:33:00.000,3082.0000,7409,0,107104380.000,0,-,-,-,-,3082.4000,3082.2000,3082.0000,3079.2000,3078.0000,3083.8000,3084.0000,3085.0000,3086.0000,3088.0000,1,1,1,1,1,2,2,3,1,1
SF,IH2006,2020-01-07 09:33:00.500,3082.0000,7409,0,107104380.000,0,-,-,-,-,3082.2000,3078.0000,3077.0000,3076.0000,3073.4000,3083.8000,3084.0000,3085.0000,3086.0000,3088.0000,1,1,1,2,1,2,2,3,1,1
SF,IH2006,2020-01-07 09:33:01.000,3082.0000,7409,0,107104380.000,0,-,-,-,-,3082.4000,3082.2000,3078.0000,3077.0000,3076.0000,3083.8000,3084.0000,3085.0000,3086.0000,3088.0000,1,1,1,1,2,1,2,3,1,1
SF,IH2006,2020-01-07 09:33:02.000,3082.2000,7408,-1,108953760.000,2,0,2,多平,S,3078.0000,3077.0000,3076.0000,3073.4000,3073.2000,3083.6000,3083.8000,3084.0000,3085.0000,3086.0000,1,1,2,1,1,1,1,2,3,1
SF,IH2006,2020-01-07 09:33:02.500,3082.2000,7408,0,108953760.000,0,-,-,-,-,3080.4000,3078.4000,3078.2000,3078.0000,3077.0000,3083.4000,3083.6000,3084.0000,3085.0000,3086.0000,1,9,1,2,1,1,1,2,3,1
SF,IH2006,2020-01-07 09:33:03.000,3082.2000,7408,0,108953760.000,0,-,-,-,-,3080.6000,3080.4000,3078.4000,3078.0000,3077.0000,3083.4000,3084.0000,3085.0000,3086.0000,3088.0000,2,1,7,2,1,1,2,3,1,1
SF,IH2006,2020-01-07 09:33:03.500,3082.2000,7408,0,108953760.000,0,-,-,-,-,3080.6000,3078.4000,3078.0000,3077.0000,3076.0000,3083.4000,3084.0000,3085.0000,3086.0000,3088.0000,2,7,2,1,2,1,2,3,1,1
SF,IH2006,2020-01-07 09:33:04.000,3082.2000,7408,0,108953760.000,0,-,-,-,-,3081.2000,3080.6000,3078.4000,3078.0000,3077.0000,3083.4000,3084.0000,3085.0000,3086.0000,3088.0000,1,2,7,2,1,1,2,3,1,1
SF,IH2006,2020-01-07 09:33:04.500,3082.2000,7408,0,108953760.000,0,-,-,-,-,3078.0000,3077.0000,3076.0000,3073.4000,3073.2000,3083.2000,3083.4000,3084.0000,3085.0000,3086.0000,2,1,2,1,1,1,1,2,3,1
SF,IH2006,2020-01-07 09:33:05.000,3082.2000,7408,0,108953760.000,0,-,-,-,-,3079.6000,3078.2000,3078.0000,3077.0000,3076.0000,3083.0000,3083.2000,3084.0000,3085.0000,3086.0000,1,1,2,1,2,7,1,2,3,1
SF,IH2006,2020-01-07 09:33:05.500,3082.2000,7408,0,108953760.000,0,-,-,-,-,3079.8000,3079.6000,3078.0000,3077.0000,3076.0000,3083.0000,3083.2000,3084.0000,3085.0000,3086.0000,1,1,2,1,2,3,1,2,3,1
SF,IH2006,2020-01-07 09:33:06.000,3082.2000,7408,0,108953760.000,0,-,-,-,-,3080.0000,3079.8000,3079.6000,3078.0000,3077.0000,3083.0000,3084.0000,3085.0000,3086.0000,3088.0000,2,1,1,2,1,3,2,3,1,1
SF,IH2006,2020-01-07 09:33:06.500,3082.2000,7408,0,108953760.000,0,-,-,-,-,3080.2000,3080.0000,3078.0000,3077.0000,3076.0000,3083.0000,3084.0000,3085.0000,3086.0000,3088.0000,1,2,2,1,2,3,2,3,1,1
SF,IH2006,2020-01-07 09:33:07.000,3082.2000,7408,0,108953760.000,0,-,-,-,-,3080.8000,3080.4000,3080.2000,3080.0000,3078.0000,3083.0000,3084.0000,3085.0000,3086.0000,3088.0000,1,2,1,2,2,3,2,3,1,1
SF,IH2006,2020-01-07 09:33:08.500,3082.2000,7408,0,108953760.000,0,-,-,-,-,3081.0000,3080.8000,3080.6000,3080.4000,3080.2000,3083.0000,3084.0000,3085.0000,3086.0000,3088.0000,2,1,5,2,1,3,2,3,1,1
SF,IH2006,2020-01-07 09:33:09.000,3082.2000,7408,0,108953760.000,0,-,-,-,-,3081.2000,3081.0000,3080.6000,3080.4000,3080.0000,3083.0000,3084.0000,3085.0000,3086.0000,3088.0000,1,2,5,2,2,3,2,3,1,1
SF,IH2006,2020-01-07 09:33:09.500,3082.2000,7408,0,108953760.000,0,-,-,-,-,3081.4000,3081.2000,3081.0000,3080.6000,3080.4000,3083.0000,3084.0000,3085.0000,3086.0000,3088.0000,1,1,2,5,2,3,2,3,1,1
SF,IH2006,2020-01-07 09:33:10.000,3082.2000,7408,0,108953760.000,0,-,-,-,-,3081.6000,3081.0000,3080.6000,3080.4000,3080.0000,3082.8000,3083.0000,3084.0000,3085.0000,3086.0000,2,2,5,2,2,1,3,2,3,1
SF,IH2006,2020-01-07 09:33:10.500,3082.2000,7408,0,108953760.000,0,-,-,-,-,3081.6000,3081.0000,3080.6000,3080.4000,3080.0000,3082.6000,3082.8000,3083.0000,3084.0000,3085.0000,2,2,5,2,2,1,1,2,2,3
SF,IH2006,2020-01-07 09:33:15.500,3081.6000,7408,0,110802720.000,2,1,1,多换,S,3081.0000,3080.6000,3080.4000,3080.0000,3078.0000,3081.6000,3082.6000,3082.8000,3083.0000,3084.0000,2,5,2,2,2,1,1,1,2,2
SF,IH2006,2020-01-07 09:33:16.000,3081.6000,7408,0,110802720.000,0,-,-,-,-,3081.0000,3080.6000,3080.4000,3080.0000,3078.0000,3082.6000,3082.8000,3083.0000,3084.0000,3085.0000,2,5,2,2,2,1,1,2,2,3
SF,IH2006,2020-01-07 09:33:16.500,3081.6000,7408,0,110802720.000,0,-,-,-,-,3081.0000,3080.6000,3080.4000,3080.0000,3078.0000,3082.6000,3082.8000,3083.0000,3084.0000,3085.0000,2,5,2,2,2,1,1,2,2,3
SF,IH2006,2020-01-07 09:33:17.500,3081.6000,7408,0,110802720.000,0,-,-,-,-,3081.0000,3080.6000,3080.4000,3078.0000,3077.0000,3082.4000,3082.6000,3082.8000,3083.0000,3084.0000,2,5,2,2,1,1,1,1,3,2
SF,IH2006,2020-01-07 09:33:18.000,3081.6000,7408,0,110802720.000,0,-,-,-,-,3081.0000,3080.6000,3078.0000,3077.0000,3076.0000,3082.2000,3082.4000,3082.8000,3083.0000,3084.0000,2,5,2,1,2,1,1,1,3,2
SF,IH2006,2020-01-07 09:33:18.500,3081.6000,7408,0,110802720.000,0,-,-,-,-,3081.0000,3080.6000,3078.0000,3077.0000,3076.0000,3082.2000,3082.8000,3083.0000,3084.0000,3085.0000,2,5,2,1,2,1,1,3,2,3
SF,IH2006,2020-01-07 09:33:20.000,3081.6000,7408,0,110802720.000,0,-,-,-,-,3081.0000,3080.6000,3078.0000,3077.0000,3076.0000,3082.2000,3082.8000,3083.0000,3084.0000,3085.0000,2,5,2,1,2,1,1,3,1,3
SF,IH2006,2020-01-07 09:33:20.500,3081.6000,7408,0,110802720.000,0,-,-,-,-,3081.2000,3081.0000,3080.6000,3078.0000,3077.0000,3082.2000,3082.8000,3083.0000,3084.0000,3085.0000,1,2,5,2,1,1,1,3,1,3
SF,IH2006,2020-01-07 09:33:21.500,3081.6000,7408,0,110802720.000,0,-,-,-,-,3081.2000,3080.6000,3078.0000,3077.0000,3076.0000,3082.2000,3082.8000,3083.0000,3084.0000,3085.0000,1,5,2,1,2,1,1,3,1,3
SF,IH2006,2020-01-07 09:33:22.000,3081.6000,7408,0,110802720.000,0,-,-,-,-,3080.6000,3078.0000,3077.0000,3076.0000,3073.4000,3082.2000,3082.8000,3083.0000,3084.0000,3085.0000,5,2,1,2,1,1,1,3,1,3
SF,IH2006,2020-01-07 09:33:22.500,3081.6000,7408,0,110802720.000,0,-,-,-,-,3080.6000,3078.0000,3077.0000,3076.0000,3073.4000,3082.0000,3082.2000,3082.8000,3083.0000,3084.0000,5,2,1,2,1,2,1,1,3,1
SF,IH2006,2020-01-07 09:33:23.000,3081.6000,7408,0,110802720.000,0,-,-,-,-,3080.6000,3078.0000,3077.0000,3076.0000,3073.4000,3081.8000,3082.0000,3082.8000,3083.0000,3084.0000,5,2,1,2,1,1,2,1,3,1
SF,IH2006,2020-01-07 09:33:23.500,3080.6000,7408,0,115423620.000,5,2,3,多换,S,3078.0000,3077.0000,3076.0000,3073.4000,3073.2000,3081.8000,3082.0000,3082.8000,3083.0000,3084.0000,2,1,2,1,1,2,2,1,3,1
SF,IH2006,2020-01-07 09:33:24.000,3080.6000,7408,0,115423620.000,0,-,-,-,-,3079.2000,3078.2000,3078.0000,3077.0000,3076.0000,3081.8000,3082.8000,3083.0000,3084.0000,3085.0000,1,1,2,1,2,2,1,3,1,3
SF,IH2006,2020-01-07 09:33:24.500,3080.6000,7408,0,115423620.000,0,-,-,-,-,3079.4000,3079.2000,3078.0000,3077.0000,3076.0000,3081.8000,3082.8000,3083.0000,3084.0000,3085.0000,1,1,2,1,2,2,1,3,1,3
SF,IH2006,2020-01-07 09:33:25.000,3080.6000,7408,0,115423620.000,0,-,-,-,-,3079.4000,3079.2000,3078.0000,3077.0000,3076.0000,3081.8000,3082.8000,3083.0000,3084.0000,3085.0000,1,1,1,1,2,2,1,3,1,3
SF,IH2006,2020-01-07 09:33:25.500,3080.6000,7408,0,115423620.000,0,-,-,-,-,3079.4000,3079.2000,3078.0000,3077.0000,3076.0000,3081.8000,3082.8000,3083.0000,3084.0000,3085.0000,1,1,1,1,2,2,1,3,1,3
SF,IH2006,2020-01-07 09:33:26.000,3080.6000,7408,0,115423620.000,0,-,-,-,-,3079.4000,3079.2000,3078.0000,3077.0000,3076.0000,3081.8000,3082.8000,3083.0000,3084.0000,3085.0000,1,1,1,1,2,2,1,3,1,3
SF,IH2006,2020-01-07 09:33:26.500,3080.6000,7408,0,115423620.000,0,-,-,-,-,3079.4000,3079.2000,3078.0000,3077.0000,3076.0000,3081.8000,3082.8000,3083.0000,3084.0000,3085.0000,1,1,1,1,2,1,1,3,1,3
SF,IH2006,2020-01-07 09:33:27.000,3080.6000,7408,0,115423620.000,0,-,-,-,-,3079.6000,3079.4000,3079.2000,3078.0000,3077.0000,3081.6000,3081.8000,3082.8000,3083.0000,3084.0000,1,1,1,1,1,1,1,1,3,1
SF,IH2006,2020-01-07 09:33:27.500,3080.6000,7408,0,115423620.000,0,-,-,-,-,3079.6000,3079.4000,3078.0000,3077.0000,3076.0000,3081.4000,3081.6000,3082.8000,3083.0000,3084.0000,1,1,1,1,2,1,1,1,3,1
SF,IH2006,2020-01-07 09:33:28.000,3080.6000,7408,0,115423620.000,0,-,-,-,-,3080.0000,3079.6000,3079.4000,3078.0000,3077.0000,3081.2000,3081.4000,3082.8000,3083.0000,3084.0000,1,1,1,1,1,1,1,1,3,1
SF,IH2006,2020-01-07 09:33:28.500,3080.6000,7408,0,115423620.000,0,-,-,-,-,3080.0000,3079.6000,3078.0000,3077.0000,3076.0000,3081.0000,3081.2000,3082.8000,3083.0000,3084.0000,1,1,1,1,2,1,1,1,3,1
SF,IH2006,2020-01-07 09:33:29.000,3080.0000,7406,-2,117271920.000,2,0,2,双平,S,3081.2000,3079.6000,3078.0000,3077.0000,3076.0000,3082.8000,3083.0000,3084.0000,3085.0000,3086.0000,1,1,1,1,2,1,3,1,3,1
SF,IH2006,2020-01-07 09:33:29.500,3080.0000,7406,0,117271920.000,0,-,-,-,-,3079.6000,3078.0000,3077.0000,3076.0000,3073.4000,3082.4000,3082.6000,3082.8000,3083.0000,3084.0000,1,1,1,2,1,1,2,1,3,1
SF,IH2006,2020-01-07 09:33:30.000,3080.0000,7406,0,117271920.000,0,-,-,-,-,3079.8000,3079.6000,3078.0000,3077.0000,3076.0000,3080.0000,3082.2000,3082.4000,3082.6000,3082.8000,1,1,1,1,2,1,1,1,1,1
SF,IH2006,2020-01-07 09:33:30.500,3080.0000,7405,-1,118195920.000,1,0,1,双平,S,3081.2000,3080.0000,3079.8000,3078.0000,3077.0000,3082.4000,3082.8000,3083.0000,3084.0000,3085.0000,2,4,2,1,1,1,1,3,1,3
SF,IH2006,2020-01-07 09:33:31.000,3080.0000,7405,0,118195920.000,0,-,-,-,-,3081.2000,3080.0000,3079.8000,3078.0000,3077.0000,3082.2000,3082.4000,3082.8000,3083.0000,3084.0000,2,3,2,1,1,1,1,1,3,1
SF,IH2006,2020-01-07 09:33:31.500,3080.0000,7405,0,118195920.000,0,-,-,-,-,3080.0000,3079.8000,3078.0000,3077.0000,3076.0000,3082.2000,3082.4000,3082.8000,3083.0000,3084.0000,4,2,1,1,2,1,1,1,3,1
SF,IH2006,2020-01-07 09:33:32.000,3080.0000,7405,0,118195920.000,0,-,-,-,-,3080.2000,3080.0000,3079.8000,3078.0000,3077.0000,3082.0000,3082.2000,3082.4000,3082.8000,3083.0000,1,6,1,1,1,2,1,1,1,3
SF,IH2006,2020-01-07 09:33:32.500,3080.0000,7405,0,118195920.000,0,-,-,-,-,3080.2000,3080.0000,3079.8000,3078.0000,3077.0000,3081.8000,3082.0000,3082.4000,3082.8000,3083.0000,1,5,1,1,1,1,2,1,1,3
SF,IH2006,2020-01-07 09:33:33.000,3080.0000,7405,0,118195920.000,0,-,-,-,-,3080.2000,3080.0000,3079.8000,3078.0000,3077.0000,3081.8000,3082.4000,3082.8000,3083.0000,3084.0000,1,5,1,1,1,1,1,1,3,1
SF,IH2006,2020-01-07 09:33:33.500,3080.0000,7405,0,118195920.000,0,-,-,-,-,3080.2000,3080.0000,3079.8000,3078.0000,3077.0000,3081.8000,3082.4000,3082.8000,3083.0000,3084.0000,1,4,1,1,1,1,1,1,3,1
SF,IH2006,2020-01-07 09:33:35.000,3080.2000,7404,-1,119119980.000,1,0,1,双平,S,3080.0000,3079.8000,3078.0000,3077.0000,3076.0000,3080.2000,3081.8000,3082.4000,3082.8000,3083.0000,4,1,1,1,2,1,1,1,1,3
SF,IH2006,2020-01-07 09:33:35.500,3080.2000,7403,-1,120044040.000,1,0,1,双平,S,3081.0000,3080.8000,3080.2000,3079.8000,3078.0000,3081.8000,3082.4000,3082.8000,3083.0000,3084.0000,2,2,3,1,1,1,1,1,3,1
SF,IH2006,2020-01-07 09:33:36.000,3080.2000,7403,0,120044040.000,0,-,-,-,-,3081.0000,3080.8000,3080.2000,3079.8000,3078.0000,3081.8000,3082.4000,3082.8000,3083.0000,3084.0000,2,2,3,1,1,1,1,1,3,1
SF,IH2006,2020-01-07 09:33:36.500,3080.2000,7403,0,120044040.000,0,-,-,-,-,3081.0000,3080.8000,3080.2000,3080.0000,3079.8000,3081.8000,3082.4000,3082.8000,3083.0000,3084.0000,2,2,3,1,1,1,1,1,3,1
SF,IH2006,2020-01-07 09:33:37.000,3081.8000,7402,-1,120968580.000,1,0,1,双平,S,3081.8000,3081.0000,3080.8000,3080.2000,3080.0000,3082.4000,3082.8000,3083.0000,3084.0000,3085.0000,1,2,2,3,1,1,1,3,1,3
SF,IH2006,2020-01-07 09:33:37.500,3081.8000,7401,-1,121893120.000,1,0,1,双平,S,3081.0000,3080.8000,3080.2000,3080.0000,3079.8000,3082.4000,3082.8000,3083.0000,3084.0000,3085.0000,2,2,1,1,1,1,1,3,1,3
SF,IH2006,2020-01-07 09:33:38.000,3081.8000,7401,0,121893120.000,0,-,-,-,-,3081.0000,3080.8000,3080.2000,3079.8000,3078.0000,3081.6000,3082.8000,3083.0000,3084.0000,3085.0000,2,2,1,1,1,1,1,3,1,3
SF,IH2006,2020-01-07 09:33:38.500,3081.6000,7399,-2,123742080.000,2,0,2,双平,S,3081.0000,3080.8000,3080.2000,3079.8000,3078.0000,3082.8000,3083.0000,3084.0000,3085.0000,3086.0000,2,2,2,1,1,1,3,1,3,1
SF,IH2006,2020-01-07 09:33:39.000,3081.6000,7399,0,123742080.000,0,-,-,-,-,3081.0000,3080.8000,3080.2000,3079.8000,3078.0000,3082.4000,3082.6000,3082.8000,3083.0000,3084.0000,2,2,2,1,1,1,2,1,3,1
SF,IH2006,2020-01-07 09:33:39.500,3081.6000,7399,0,123742080.000,0,-,-,-,-,3081.0000,3080.8000,3080.2000,3079.8000,3078.0000,3082.2000,3082.4000,3082.6000,3082.8000,3083.0000,2,2,2,1,1,1,1,1,1,3
SF,IH2006,2020-01-07 09:33:40.000,3081.6000,7399,0,123742080.000,0,-,-,-,-,3081.0000,3080.8000,3080.2000,3079.8000,3077.0000,3082.2000,3082.4000,3082.6000,3082.8000,3083.0000,2,2,2,1,1,1,1,1,1,3
SF,IH2006,2020-01-07 09:33:40.500,3081.6000,7399,0,123742080.000,0,-,-,-,-,3081.0000,3080.8000,3080.2000,3079.8000,3077.0000,3082.2000,3082.4000,3082.8000,3083.0000,3084.0000,3,2,2,1,1,1,1,1,3,1
SF,IH2006,2020-01-07 09:33:44.000,3081.6000,7399,0,123742080.000,0,-,-,-,-,3081.0000,3080.8000,3080.2000,3079.8000,3077.0000,3082.2000,3082.4000,3082.8000,3083.0000,3084.0000,3,2,1,1,1,1,1,1,3,1
SF,IH2006,2020-01-07 09:33:44.500,3081.6000,7399,0,123742080.000,0,-,-,-,-,3081.0000,3080.8000,3080.2000,3079.8000,3077.0000,3082.2000,3082.4000,3082.8000,3083.0000,3084.0000,3,2,1,1,1,1,1,1,3,1
SF,IH2006,2020-01-07 09:33:46.500,3081.6000,7399,0,123742080.000,0,-,-,-,-,3081.0000,3080.8000,3080.2000,3079.8000,3077.0000,3082.2000,3082.4000,3082.8000,3083.0000,3084.0000,3,2,1,1,1,1,1,1,3,1
SF,IH2006,2020-01-07 09:33:47.000,3081.6000,7399,0,123742080.000,0,-,-,-,-,3082.2000,3081.0000,3080.8000,3080.2000,3079.8000,3082.8000,3083.0000,3084.0000,3085.0000,3086.0000,2,3,2,1,1,1,3,1,3,1
SF,IH2006,2020-01-07 09:33:47.500,3082.2000,7400,1,125591400.000,2,1,1,空开,S,3081.0000,3080.8000,3080.2000,3079.8000,3077.0000,3082.0000,3082.6000,3082.8000,3083.0000,3084.0000,3,2,1,1,1,1,1,1,3,1
SF,IH2006,2020-01-07 09:33:48.000,3082.2000,7400,0,125591400.000,0,-,-,-,-,3081.2000,3081.0000,3080.8000,3080.2000,3079.8000,3082.0000,3082.8000,3083.0000,3084.0000,3085.0000,1,3,2,1,1,1,1,3,1,3
SF,IH2006,2020-01-07 09:33:48.500,3082.2000,7400,0,125591400.000,0,-,-,-,-,3081.2000,3081.0000,3080.8000,3079.8000,3077.0000,3082.8000,3083.0000,3084.0000,3085.0000,3086.0000,1,3,2,1,1,1,3,1,3,1
SF,IH2006,2020-01-07 09:33:49.000,3082.2000,7400,0,125591400.000,0,-,-,-,-,3081.2000,3081.0000,3080.8000,3079.8000,3077.0000,3082.6000,3082.8000,3083.0000,3084.0000,3085.0000,1,3,2,1,1,1,1,3,1,3
SF,IH2006,2020-01-07 09:33:52.500,3082.2000,7400,0,125591400.000,0,-,-,-,-,3081.2000,3081.0000,3080.8000,3079.8000,3077.0000,3082.6000,3082.8000,3083.0000,3084.0000,3085.0000,2,3,2,1,1,1,1,3,1,3
SF,IH2006,2020-01-07 09:33:56.000,3082.2000,7400,0,125591400.000,0,-,-,-,-,3081.2000,3081.0000,3080.8000,3079.8000,3077.0000,3082.6000,3082.8000,3083.0000,3084.0000,3085.0000,2,3,2,1,1,2,1,3,1,3
SF,IH2006,2020-01-07 09:33:56.500,3082.2000,7400,0,125591400.000,0,-,-,-,-,3081.0000,3080.8000,3079.8000,3077.0000,3076.0000,3082.4000,3082.6000,3082.8000,3083.0000,3084.0000,3,2,1,1,2,1,2,1,3,1
SF,IH2006,2020-01-07 09:33:57.000,3082.2000,7400,0,125591400.000,0,-,-,-,-,3081.0000,3080.8000,3079.8000,3077.0000,3076.0000,3082.2000,3082.4000,3082.6000,3082.8000,3083.0000,3,2,1,1,2,2,1,2,1,3
SF,IH2006,2020-01-07 09:33:58.000,3082.2000,7400,0,125591400.000,0,-,-,-,-,3081.0000,3080.8000,3079.8000,3077.0000,3076.0000,3082.2000,3082.4000,3082.6000,3082.8000,3083.0000,3,2,1,1,2,2,1,2,1,3
SF,IH2006,2020-01-07 09:33:58.500,3082.2000,7400,0,125591400.000,0,-,-,-,-,3081.0000,3080.8000,3079.8000,3077.0000,3076.0000,3082.4000,3082.6000,3082.8000,3083.0000,3084.0000,3,2,1,1,2,1,2,1,3,1
SF,IH2006,2020-01-07 09:33:59.000,3082.2000,7400,0,125591400.000,0,-,-,-,-,3081.0000,3080.8000,3079.8000,3077.0000,3076.0000,3082.2000,3082.4000,3082.6000,3082.8000,3083.0000,3,2,1,1,2,1,1,1,1,3
SF,IH2006,2020-01-07 09:33:59.500,3082.2000,7400,0,125591400.000,0,-,-,-,-,3081.0000,3080.8000,3079.8000,3077.0000,3076.0000,3082.6000,3082.8000,3083.0000,3084.0000,3085.0000,3,2,1,1,2,1,1,3,1,3
SF,IH2006,2020-01-07 09:34:00.000,3082.2000,7400,0,125591400.000,0,-,-,-,-,3081.0000,3080.8000,3079.8000,3077.0000,3076.0000,3082.4000,3082.6000,3082.8000,3083.0000,3084.0000,3,2,1,1,2,4,1,1,3,1
SF,IH2006,2020-01-07 09:34:00.500,3082.2000,7400,0,125591400.000,0,-,-,-,-,3081.0000,3080.8000,3079.8000,3077.0000,3076.0000,3082.4000,3082.6000,3082.8000,3083.0000,3084.0000,3,2,1,1,2,4,1,1,3,1
SF,IH2006,2020-01-07 09:34:01.000,3082.2000,7400,0,125591400.000,0,-,-,-,-,3081.0000,3080.8000,3079.8000,3077.0000,3076.0000,3082.4000,3082.6000,3082.8000,3083.0000,3084.0000,3,2,1,1,2,1,1,1,3,1
SF,IH2006,2020-01-07 09:34:02.500,3082.2000,7400,0,125591400.000,0,-,-,-,-,3082.2000,3081.0000,3080.8000,3079.8000,3077.0000,3082.4000,3082.6000,3082.8000,3083.0000,3084.0000,1,3,2,1,1,1,1,1,3,1
SF,IH2006,2020-01-07 09:34:03.000,3082.2000,7399,-1,127440720.000,2,0,2,多平,S,3081.2000,3081.0000,3080.8000,3079.8000,3077.0000,3081.6000,3082.4000,3082.6000,3082.8000,3083.0000,1,3,2,1,1,1,1,1,1,3
SF,IH2006,2020-01-07 09:34:03.500,3081.2000,7399,0,128365080.000,1,0,1,多换,S,3081.0000,3080.8000,3079.8000,3077.0000,3076.0000,3082.4000,3082.6000,3082.8000,3083.0000,3084.0000,3,2,1,1,2,1,1,1,3,1
SF,IH2006,2020-01-07 09:34:04.000,3081.2000,7399,0,128365080.000,0,-,-,-,-,3081.0000,3080.8000,3079.8000,3077.0000,3076.0000,3082.2000,3082.4000,3082.6000,3082.8000,3083.0000,3,2,1,1,2,3,1,1,1,3
SF,IH2006,2020-01-07 09:34:04.500,3081.2000,7399,0,128365080.000,0,-,-,-,-,3081.0000,3080.8000,3079.8000,3077.0000,3076.0000,3082.0000,3082.2000,3082.6000,3082.8000,3083.0000,3,2,1,1,2,1,3,1,1,3
SF,IH2006,2020-01-07 09:34:05.500,3081.0000,7399,0,129289380.000,1,0,1,多换,S,3079.8000,3077.0000,3076.0000,3073.4000,3073.2000,3081.0000,3082.0000,3082.2000,3082.6000,3082.8000,1,1,2,1,1,1,1,3,1,1
SF,IH2006,2020-01-07 09:34:06.000,3081.0000,7399,0,129289380.000,0,-,-,-,-,3080.0000,3077.0000,3076.0000,3073.4000,3073.2000,3082.0000,3082.2000,3082.6000,3082.8000,3083.0000,1,1,2,1,1,1,1,1,1,3
SF,IH2006,2020-01-07 09:34:06.500,3081.0000,7399,0,129289380.000,0,-,-,-,-,3080.0000,3077.0000,3076.0000,3073.4000,3073.2000,3081.8000,3082.0000,3082.2000,3082.6000,3082.8000,1,1,2,1,1,1,1,1,1,1
SF,IH2006,2020-01-07 09:34:07.000,3081.0000,7399,0,129289380.000,0,-,-,-,-,3080.0000,3077.0000,3076.0000,3073.4000,3073.2000,3081.6000,3081.8000,3082.6000,3082.8000,3083.0000,1,1,2,1,1,1,1,1,1,3
SF,IH2006,2020-01-07 09:34:07.500,3081.0000,7399,0,129289380.000,0,-,-,-,-,3077.0000,3076.0000,3073.4000,3073.2000,3072.0000,3081.4000,3081.6000,3081.8000,3082.2000,3082.6000,1,2,1,1,5,2,1,1,1,1
SF,IH2006,2020-01-07 09:34:08.000,3081.0000,7399,0,129289380.000,0,-,-,-,-,3077.2000,3077.0000,3076.0000,3073.4000,3073.2000,3081.2000,3081.4000,3082.2000,3082.6000,3082.8000,1,2,2,1,1,1,2,1,1,1
SF,IH2006,2020-01-07 09:34:08.500,3081.0000,7399,0,129289380.000,0,-,-,-,-,3077.4000,3077.2000,3077.0000,3076.0000,3073.4000,3081.0000,3081.2000,3081.4000,3082.2000,3082.6000,1,1,1,2,1,1,1,2,1,1
SF,IH2006,2020-01-07 09:34:09.000,3081.0000,7399,0,129289380.000,0,-,-,-,-,3077.6000,3077.4000,3077.0000,3076.0000,3073.4000,3080.8000,3081.0000,3081.4000,3082.2000,3082.6000,3,1,1,2,1,1,1,1,1,1
SF,IH2006,2020-01-07 09:34:09.500,3081.0000,7399,0,130213680.000,1,0,1,多换,S,3078.2000,3077.8000,3077.6000,3077.4000,3077.0000,3080.8000,3081.0000,3082.2000,3082.6000,3082.8000,1,1,3,1,1,1,1,1,1,1
SF,IH2006,2020-01-07 09:34:10.000,3081.0000,7399,0,130213680.000,0,-,-,-,-,3078.4000,3078.2000,3077.8000,3077.6000,3077.4000,3080.8000,3081.6000,3082.2000,3082.6000,3082.8000,2,1,1,1,1,1,1,1,1,1
SF,IH2006,2020-01-07 09:34:10.500,3081.0000,7399,0,130213680.000,0,-,-,-,-,3078.6000,3078.4000,3077.8000,3077.4000,3077.0000,3080.8000,3081.6000,3082.2000,3082.6000,3082.8000,1,2,1,1,1,1,1,1,1,1
SF,IH2006,2020-01-07 09:34:11.000,3081.0000,7399,0,130213680.000,0,-,-,-,-,3079.0000,3078.8000,3078.6000,3078.4000,3077.8000,3080.8000,3081.6000,3082.2000,3082.6000,3082.8000,1,1,1,1,1,1,1,1,1,1
SF,IH2006,2020-01-07 09:34:11.500,3081.0000,7399,0,130213680.000,0,-,-,-,-,3079.0000,3078.8000,3078.6000,3078.4000,3077.8000,3080.6000,3080.8000,3081.6000,3082.2000,3082.6000,1,1,1,1,1,1,1,1,1,1
SF,IH2006,2020-01-07 09:34:12.000,3081.0000,7399,0,130213680.000,0,-,-,-,-,3079.2000,3079.0000,3078.6000,3078.4000,3077.8000,3080.6000,3080.8000,3081.6000,3082.2000,3082.6000,1,1,1,1,1,1,1,1,1,1
SF,IH2006,2020-01-07 09:34:12.500,3081.0000,7399,0,130213680.000,0,-,-,-,-,3078.6000,3078.4000,3077.8000,3077.4000,3077.0000,3080.4000,3080.6000,3081.6000,3082.2000,3082.6000,1,1,1,1,1,1,1,1,1,1
SF,IH2006,2020-01-07 09:34:13.000,3081.0000,7399,0,130213680.000,0,-,-,-,-,3078.8000,3078.6000,3078.4000,3077.8000,3077.4000,3080.4000,3081.6000,3082.2000,3082.6000,3082.8000,2,1,1,1,1,1,1,1,1,1
SF,IH2006,2020-01-07 09:34:16.000,3081.0000,7399,0,130213680.000,0,-,-,-,-,3078.8000,3078.6000,3077.4000,3077.0000,3076.0000,3080.4000,3081.6000,3082.2000,3082.6000,3082.8000,2,1,1,1,2,1,1,1,1,1
SF,IH2006,2020-01-07 09:34:16.500,3081.0000,7399,0,130213680.000,0,-,-,-,-,3078.6000,3077.4000,3077.0000,3076.0000,3073.4000,3080.4000,3081.6000,3082.2000,3082.6000,3082.8000,1,1,1,2,1,1,1,1,1,1
SF,IH2006,2020-01-07 09:34:17.000,3081.0000,7399,0,130213680.000,0,-,-,-,-,3078.8000,3078.6000,3077.4000,3077.0000,3076.0000,3080.4000,3081.6000,3082.2000,3082.6000,3082.8000,1,1,1,1,2,1,1,1,1,1
SF,IH2006,2020-01-07 09:34:20.500,3080.4000,7398,-1,131137800.000,1,0,1,双平,S,3078.8000,3077.4000,3077.0000,3076.0000,3073.4000,3081.6000,3082.2000,3082.6000,3082.8000,3083.0000,1,1,1,2,1,1,1,1,1,3
SF,IH2006,2020-01-07 09:34:21.000,3080.4000,7398,0,131137800.000,0,-,-,-,-,3079.6000,3079.0000,3078.8000,3077.4000,3077.0000,3081.6000,3082.2000,3082.6000,3082.8000,3083.0000,1,3,1,1,1,1,1,1,1,3
SF,IH2006,2020-01-07 09:34:21.500,3080.4000,7398,0,131137800.000,0,-,-,-,-,3079.8000,3079.6000,3079.0000,3077.4000,3077.0000,3081.6000,3082.2000,3082.6000,3082.8000,3083.0000,1,1,1,1,1,1,1,1,1,3
SF,IH2006,2020-01-07 09:34:22.500,3080.4000,7398,0,131137800.000,0,-,-,-,-,3079.8000,3079.6000,3079.0000,3077.4000,3077.0000,3081.6000,3082.0000,3082.2000,3082.6000,3082.8000,1,1,1,1,1,1,1,1,1,1
SF,IH2006,2020-01-07 09:34:23.000,3080.4000,7398,0,131137800.000,0,-,-,-,-,3080.0000,3079.8000,3079.6000,3079.0000,3077.4000,3080.2000,3081.6000,3082.0000,3082.2000,3082.6000,1,1,1,1,1,2,1,1,1,1
SF,IH2006,2020-01-07 09:34:23.500,3080.2000,7396,-2,132985920.000,2,0,2,双平,S,3080.6000,3080.2000,3080.0000,3079.0000,3077.4000,3081.6000,3082.0000,3082.2000,3082.6000,3082.8000,2,2,1,1,1,1,1,1,1,1
SF,IH2006,2020-01-07 09:34:24.000,3080.2000,7396,0,132985920.000,0,-,-,-,-,3080.8000,3080.6000,3080.2000,3080.0000,3079.0000,3081.6000,3082.0000,3082.2000,3082.6000,3082.8000,1,2,2,1,1,1,1,1,1,1
SF,IH2006,2020-01-07 09:34:24.500,3080.2000,7396,0,132985920.000,0,-,-,-,-,3080.6000,3080.2000,3080.0000,3079.0000,3077.0000,3081.6000,3082.0000,3082.2000,3082.6000,3082.8000,2,2,1,1,1,1,1,1,1,1
SF,IH2006,2020-01-07 09:34:25.000,3080.2000,7396,0,132985920.000,0,-,-,-,-,3080.8000,3080.6000,3080.2000,3079.0000,3077.0000,3081.6000,3082.0000,3082.2000,3082.6000,3082.8000,2,2,2,1,1,1,1,1,1,1
SF,IH2006,2020-01-07 09:34:25.500,3080.2000,7396,0,132985920.000,0,-,-,-,-,3080.8000,3080.6000,3080.2000,3079.0000,3077.0000,3081.6000,3082.0000,3082.2000,3082.6000,3082.8000,1,2,2,1,1,1,1,1,1,1
SF,IH2006,2020-01-07 09:34:26.500,3080.2000,7396,0,132985920.000,0,-,-,-,-,3080.8000,3080.6000,3080.2000,3079.0000,3077.0000,3082.0000,3082.2000,3082.6000,3082.8000,3083.0000,1,2,2,1,1,1,1,1,1,1
SF,IH2006,2020-01-07 09:34:27.500,3080.2000,7396,0,132985920.000,0,-,-,-,-,3080.8000,3080.6000,3080.2000,3079.0000,3077.0000,3082.0000,3082.2000,3082.6000,3082.8000,3084.0000,1,2,2,1,1,1,1,1,1,1
SF,IH2006,2020-01-07 09:34:30.000,3080.8000,7395,-1,133910160.000,1,0,1,双平,S,3080.2000,3079.0000,3077.0000,3076.0000,3073.4000,3082.0000,3082.2000,3082.6000,3082.8000,3084.0000,2,1,1,2,1,1,1,1,1,1
SF,IH2006,2020-01-07 09:34:30.500,3080.8000,7395,0,133910160.000,0,-,-,-,-,3080.2000,3079.0000,3077.0000,3076.0000,3073.4000,3081.8000,3082.0000,3082.2000,3082.6000,3082.8000,2,1,1,2,1,2,1,1,1,1
SF,IH2006,2020-01-07 09:34:31.000,3080.8000,7395,0,133910160.000,0,-,-,-,-,3080.2000,3079.0000,3077.0000,3076.0000,3073.4000,3081.8000,3082.0000,3082.2000,3082.6000,3082.8000,2,1,1,2,1,2,1,1,1,1
SF,IH2006,2020-01-07 09:34:31.500,3080.8000,7395,0,133910160.000,0,-,-,-,-,3080.2000,3079.0000,3077.0000,3076.0000,3073.4000,3081.8000,3082.0000,3082.2000,3082.6000,3082.8000,2,1,1,2,1,1,1,1,1,1
SF,IH2006,2020-01-07 09:34:32.000,3080.8000,7395,0,133910160.000,0,-,-,-,-,3080.2000,3079.0000,3077.0000,3076.0000,3073.4000,3081.6000,3081.8000,3082.0000,3082.2000,3082.6000,2,1,1,2,1,1,1,1,1,1
SF,IH2006,2020-01-07 09:34:32.500,3080.8000,7395,0,133910160.000,0,-,-,-,-,3080.2000,3079.0000,3077.0000,3076.0000,3073.4000,3081.6000,3081.8000,3082.0000,3082.2000,3082.6000,2,1,1,2,1,1,1,1,1,1
SF,IH2006,2020-01-07 09:34:33.000,3080.8000,7395,0,133910160.000,0,-,-,-,-,3080.2000,3079.0000,3077.0000,3076.0000,3073.4000,3081.8000,3082.0000,3082.2000,3082.6000,3082.8000,2,1,1,2,1,1,1,2,1,1
SF,IH2006,2020-01-07 09:34:33.500,3080.8000,7395,0,133910160.000,0,-,-,-,-,3080.2000,3079.0000,3077.0000,3076.0000,3073.4000,3081.6000,3081.8000,3082.0000,3082.2000,3082.6000,2,1,1,2,1,1,1,1,2,1
SF,IH2006,2020-01-07 09:34:34.500,3080.8000,7395,0,133910160.000,0,-,-,-,-,3080.2000,3079.0000,3077.0000,3076.0000,3073.4000,3081.8000,3082.0000,3082.2000,3082.6000,3082.8000,2,1,1,2,1,1,1,2,1,1
SF,IH2006,2020-01-07 09:34:35.000,3080.8000,7395,0,133910160.000,0,-,-,-,-,3080.4000,3080.2000,3079.0000,3077.0000,3076.0000,3081.8000,3082.0000,3082.2000,3082.6000,3082.8000,2,2,1,1,2,1,1,2,1,1
SF,IH2006,2020-01-07 09:34:35.500,3080.8000,7395,0,133910160.000,0,-,-,-,-,3080.4000,3080.2000,3079.0000,3077.0000,3076.0000,3081.4000,3081.8000,3082.0000,3082.2000,3082.6000,2,2,1,1,2,1,1,1,2,1
SF,IH2006,2020-01-07 09:34:42.000,3080.8000,7395,0,133910160.000,0,-,-,-,-,3080.4000,3080.2000,3079.0000,3077.0000,3076.0000,3081.2000,3081.4000,3081.8000,3082.0000,3082.2000,2,2,1,1,2,1,1,1,1,2
SF,IH2006,2020-01-07 09:34:42.500,3080.8000,7395,0,133910160.000,0,-,-,-,-,3080.4000,3080.2000,3079.0000,3077.0000,3076.0000,3081.2000,3081.4000,3081.8000,3082.0000,3082.2000,1,2,1,1,2,1,1,1,1,2
SF,IH2006,2020-01-07 09:34:43.000,3080.8000,7395,0,133910160.000,0,-,-,-,-,3080.4000,3080.2000,3079.0000,3077.0000,3076.6000,3081.2000,3081.4000,3081.8000,3082.0000,3082.2000,1,2,1,1,2,1,1,1,1,2
SF,IH2006,2020-01-07 09:34:43.500,3081.2000,7395,0,134834520.000,1,0,1,多换,S,3080.4000,3080.2000,3079.0000,3077.0000,3076.6000,3081.4000,3081.8000,3082.0000,3082.2000,3082.6000,1,2,1,1,2,1,1,1,2,1
SF,IH2006,2020-01-07 09:34:44.500,3081.2000,7395,0,134834520.000,0,-,-,-,-,3080.4000,3080.2000,3079.0000,3077.0000,3076.6000,3081.4000,3081.8000,3082.0000,3082.2000,3082.6000,1,2,1,1,2,1,1,1,2,1
SF,IH2006,2020-01-07 09:34:45.500,3081.2000,7395,0,134834520.000,0,-,-,-,-,3080.4000,3080.2000,3079.0000,3077.0000,3076.6000,3081.4000,3081.8000,3082.0000,3082.2000,3082.6000,1,2,1,1,2,1,1,1,2,1
SF,IH2006,2020-01-07 09:34:49.000,3080.4000,7394,-1,135758640.000,1,0,1,双平,S,3080.2000,3079.0000,3077.0000,3076.6000,3073.4000,3081.4000,3081.8000,3082.0000,3082.2000,3082.6000,2,1,1,2,1,1,1,1,2,1
SF,IH2006,2020-01-07 09:34:49.500,3080.4000,7394,0,135758640.000,0,-,-,-,-,3080.2000,3079.0000,3077.0000,3076.6000,3073.4000,3081.4000,3081.8000,3082.0000,3082.2000,3082.6000,2,1,1,2,1,1,1,1,2,1
SF,IH2006,2020-01-07 09:34:50.000,3080.4000,7394,0,135758640.000,0,-,-,-,-,3080.2000,3079.0000,3077.0000,3076.6000,3073.4000,3081.4000,3081.8000,3082.0000,3082.2000,3082.6000,2,1,1,2,1,2,1,1,2,1
SF,IH2006,2020-01-07 09:34:56.000,3081.4000,7393,-1,137607480.000,2,0,2,多平,S,3081.4000,3080.2000,3079.0000,3077.0000,3076.6000,3081.8000,3082.0000,3082.2000,3082.6000,3082.8000,1,2,1,1,2,1,1,2,1,1
SF,IH2006,2020-01-07 09:34:56.500,3081.4000,7392,-1,138531900.000,1,0,1,双平,S,3080.2000,3079.0000,3077.0000,3076.6000,3073.4000,3081.4000,3082.0000,3082.2000,3082.6000,3082.8000,2,1,1,2,1,1,1,2,1,1
SF,IH2006,2020-01-07 09:34:57.000,3081.4000,7392,0,138531900.000,0,-,-,-,-,3080.8000,3080.4000,3080.2000,3079.0000,3077.0000,3082.0000,3082.2000,3082.6000,3082.8000,3084.0000,1,2,2,1,1,1,2,1,1,1
SF,IH2006,2020-01-07 09:35:02.500,3081.4000,7392,0,138531900.000,0,-,-,-,-,3080.8000,3080.4000,3080.2000,3079.0000,3077.0000,3082.0000,3082.2000,3082.6000,3082.8000,3084.0000,2,2,2,1,1,1,2,1,1,1
SF,IH2006,2020-01-07 09:35:03.000,3081.4000,7392,0,138531900.000,0,-,-,-,-,3081.0000,3080.8000,3080.4000,3080.2000,3079.0000,3082.0000,3082.2000,3082.6000,3082.8000,3084.0000,2,2,1,2,1,1,2,1,1,1
SF,IH2006,2020-01-07 09:35:03.500,3081.4000,7392,0,138531900.000,0,-,-,-,-,3081.0000,3080.8000,3080.4000,3080.2000,3079.0000,3082.0000,3082.2000,3082.6000,3082.8000,3084.0000,2,1,1,2,1,1,2,1,1,1
SF,IH2006,2020-01-07 09:35:04.000,3081.4000,7392,0,138531900.000,0,-,-,-,-,3081.2000,3081.0000,3080.8000,3080.4000,3080.2000,3082.0000,3082.2000,3082.6000,3082.8000,3084.0000,1,2,1,1,2,1,2,1,1,1
SF,IH2006,2020-01-07 09:35:04.500,3081.4000,7392,0,138531900.000,0,-,-,-,-,3081.2000,3081.0000,3080.8000,3080.4000,3080.2000,3082.0000,3082.2000,3082.6000,3082.8000,3084.0000,1,2,1,1,2,1,2,1,1,1
SF,IH2006,2020-01-07 09:35:05.500,3081.4000,7392,0,138531900.000,0,-,-,-,-,3081.2000,3081.0000,3080.8000,3080.4000,3080.2000,3082.0000,3082.2000,3082.6000,3082.8000,3084.0000,2,2,1,1,2,1,2,1,1,1
SF,IH2006,2020-01-07 09:35:06.000,3082.0000,7393,1,139456500.000,1,1,0,双开,S,3081.4000,3081.2000,3081.0000,3080.8000,3080.2000,3082.2000,3082.6000,3082.8000,3084.0000,3085.0000,1,2,2,1,2,2,1,1,1,3
SF,IH2006,2020-01-07 09:35:06.500,3082.0000,7393,0,139456500.000,0,-,-,-,-,3081.2000,3081.0000,3080.8000,3080.2000,3077.0000,3082.2000,3082.6000,3082.8000,3084.0000,3085.0000,2,1,1,2,1,2,1,1,1,3
SF,IH2006,2020-01-07 09:35:09.000,3081.2000,7392,-1,140380860.000,1,0,1,双平,S,3081.2000,3081.0000,3080.8000,3080.2000,3077.0000,3082.2000,3082.6000,3082.8000,3084.0000,3085.0000,1,1,1,2,1,2,1,1,1,3
SF,IH2006,2020-01-07 09:35:09.500,3081.2000,7392,0,140380860.000,0,-,-,-,-,3081.0000,3080.8000,3080.2000,3077.0000,3076.6000,3082.2000,3082.6000,3082.8000,3084.0000,3085.0000,1,1,2,1,2,2,1,1,1,3
SF,IH2006,2020-01-07 09:35:17.000,3081.2000,7392,0,140380860.000,0,-,-,-,-,3081.0000,3080.8000,3080.2000,3077.0000,3076.6000,3082.2000,3082.6000,3082.8000,3084.0000,3085.0000,1,1,2,1,2,2,1,1,1,3
SF,IH2006,2020-01-07 09:35:17.500,3081.2000,7392,0,140380860.000,0,-,-,-,-,3081.2000,3081.0000,3080.8000,3080.2000,3077.0000,3082.2000,3082.6000,3082.8000,3084.0000,3085.0000,1,2,1,2,1,2,1,1,1,3
SF,IH2006,2020-01-07 09:35:18.000,3082.2000,7390,-2,142230180.000,2,0,2,双平,S,3081.2000,3081.0000,3080.8000,3080.2000,3077.0000,3082.6000,3082.8000,3084.0000,3085.0000,3086.0000,1,2,1,2,1,1,1,1,3,2
SF,IH2006,2020-01-07 09:35:18.500,3082.2000,7390,0,142230180.000,0,-,-,-,-,3081.4000,3081.2000,3081.0000,3080.8000,3080.2000,3082.6000,3082.8000,3084.0000,3085.0000,3086.0000,2,1,1,1,2,1,1,1,3,2
SF,IH2006,2020-01-07 09:35:19.000,3082.2000,7390,0,142230180.000,0,-,-,-,-,3081.4000,3081.0000,3080.8000,3080.2000,3077.0000,3082.6000,3082.8000,3084.0000,3085.0000,3086.0000,2,1,1,2,1,1,1,1,3,2
SF,IH2006,2020-01-07 09:35:19.500,3082.2000,7390,0,142230180.000,0,-,-,-,-,3081.6000,3081.4000,3081.0000,3080.8000,3080.2000,3082.6000,3082.8000,3084.0000,3085.0000,3086.0000,1,2,1,1,2,1,1,1,3,2
SF,IH2006,2020-01-07 09:35:20.000,3082.2000,7390,0,142230180.000,0,-,-,-,-,3081.6000,3081.4000,3081.0000,3080.8000,3080.2000,3082.6000,3082.8000,3084.0000,3085.0000,3086.0000,2,2,1,1,2,1,1,1,3,2
SF,IH2006,2020-01-07 09:35:20.500,3082.8000,7388,-2,144079800.000,2,0,2,双平,S,3082.8000,3082.6000,3081.6000,3081.4000,3081.0000,3084.0000,3085.0000,3086.0000,3087.6000,3088.0000,1,1,2,2,1,1,3,2,1,2
SF,IH2006,2020-01-07 09:35:21.000,3082.8000,7388,0,144079800.000,0,-,-,-,-,3082.6000,3081.6000,3081.4000,3081.0000,3080.8000,3084.0000,3085.0000,3086.0000,3087.6000,3088.0000,1,2,2,1,1,1,3,2,1,2
SF,IH2006,2020-01-07 09:35:21.500,3082.8000,7388,0,144079800.000,0,-,-,-,-,3082.8000,3082.6000,3081.6000,3081.4000,3081.0000,3084.0000,3085.0000,3086.0000,3087.6000,3088.0000,1,1,2,2,1,1,3,2,1,2
SF,IH2006,2020-01-07 09:35:22.500,3082.8000,7388,0,144079800.000,0,-,-,-,-,3082.8000,3082.6000,3081.6000,3081.4000,3081.0000,3084.0000,3085.0000,3086.0000,3087.6000,3088.0000,1,1,2,2,1,1,3,2,1,2
SF,IH2006,2020-01-07 09:35:26.000,3082.8000,7388,0,144079800.000,0,-,-,-,-,3082.8000,3082.6000,3081.6000,3081.4000,3081.0000,3084.0000,3085.0000,3086.0000,3087.6000,3088.0000,1,1,2,2,1,1,3,2,1,2
SF,IH2006,2020-01-07 09:35:29.500,3082.8000,7388,0,145004640.000,1,0,1,多换,S,3081.6000,3081.4000,3081.0000,3080.8000,3077.0000,3084.0000,3085.0000,3086.0000,3087.6000,3088.0000,2,2,1,1,1,1,3,2,1,2
SF,IH2006,2020-01-07 09:35:30.000,3082.8000,7388,0,145004640.000,0,-,-,-,-,3081.8000,3081.6000,3081.4000,3081.0000,3080.8000,3083.8000,3084.0000,3085.0000,3086.0000,3087.6000,1,2,1,1,1,1,1,3,2,1
SF,IH2006,2020-01-07 09:35:30.500,3083.8000,7388,0,145929780.000,1,0,1,多换,S,3081.8000,3081.6000,3081.4000,3081.0000,3080.8000,3084.0000,3085.0000,3086.0000,3087.6000,3088.0000,1,2,1,1,1,1,3,2,1,2
SF,IH2006,2020-01-07 09:35:33.500,3083.8000,7388,0,145929780.000,0,-,-,-,-,3082.0000,3081.8000,3081.6000,3081.4000,3081.0000,3084.0000,3085.0000,3086.0000,3087.6000,3088.0000,1,1,2,1,1,1,3,2,1,2
SF,IH2006,2020-01-07 09:35:34.000,3084.0000,7387,-1,146854980.000,1,0,1,双平,S,3082.2000,3082.0000,3081.6000,3081.4000,3081.0000,3085.0000,3086.0000,3087.6000,3088.0000,3088.8000,1,1,1,1,1,3,2,1,2,2
SF,IH2006,2020-01-07 09:35:34.500,3084.0000,7387,0,146854980.000,0,-,-,-,-,3084.0000,3082.6000,3082.2000,3081.6000,3081.4000,3084.6000,3084.8000,3085.0000,3086.0000,3087.6000,1,1,1,1,1,1,1,3,2,1
SF,IH2006,2020-01-07 09:35:35.000,3084.0000,7387,0,147780180.000,1,0,1,多换,S,3082.6000,3082.2000,3081.6000,3081.4000,3080.8000,3083.4000,3083.6000,3084.8000,3085.0000,3086.0000,1,1,1,1,1,2,2,1,3,2
SF,IH2006,2020-01-07 09:35:35.500,3084.0000,7387,0,147780180.000,0,-,-,-,-,3082.6000,3081.6000,3081.4000,3080.8000,3078.4000,3083.6000,3085.0000,3086.0000,3087.6000,3088.0000,1,1,1,1,5,2,3,2,1,2
SF,IH2006,2020-01-07 09:35:36.000,3084.0000,7387,0,147780180.000,0,-,-,-,-,3082.8000,3082.6000,3081.6000,3081.4000,3080.8000,3085.0000,3086.0000,3087.6000,3088.0000,3088.8000,1,1,1,1,1,3,2,1,2,2
SF,IH2006,2020-01-07 09:35:36.500,3084.0000,7387,0,147780180.000,0,-,-,-,-,3082.8000,3082.6000,3081.6000,3081.4000,3080.8000,3084.6000,3084.8000,3085.0000,3086.0000,3087.6000,1,1,1,1,1,1,1,3,2,1
SF,IH2006,2020-01-07 09:35:37.000,3084.0000,7387,0,147780180.000,0,-,-,-,-,3082.8000,3082.6000,3081.6000,3081.4000,3080.8000,3084.8000,3085.0000,3086.0000,3087.6000,3088.0000,1,1,1,1,1,1,3,2,1,2
SF,IH2006,2020-01-07 09:35:37.500,3084.0000,7387,0,147780180.000,0,-,-,-,-,3082.8000,3082.6000,3081.6000,3081.4000,3080.8000,3085.0000,3086.0000,3087.6000,3088.0000,3088.8000,1,1,1,1,1,3,2,1,2,2
SF,IH2006,2020-01-07 09:35:38.000,3084.0000,7387,0,147780180.000,0,-,-,-,-,3082.8000,3082.6000,3081.6000,3081.4000,3080.8000,3084.6000,3085.0000,3086.0000,3087.6000,3088.0000,1,1,1,1,1,1,3,2,1,2
SF,IH2006,2020-01-07 09:35:38.500,3084.0000,7387,0,147780180.000,0,-,-,-,-,3082.8000,3082.6000,3081.6000,3081.4000,3080.8000,3085.0000,3086.0000,3087.6000,3088.0000,3088.8000,1,1,1,1,1,3,2,1,2,2
SF,IH2006,2020-01-07 09:35:39.000,3084.0000,7387,0,147780180.000,0,-,-,-,-,3083.0000,3082.8000,3082.6000,3081.6000,3081.4000,3085.0000,3086.0000,3087.6000,3088.0000,3088.8000,1,1,1,1,1,3,2,1,2,2
SF,IH2006,2020-01-07 09:35:39.500,3084.0000,7387,0,147780180.000,0,-,-,-,-,3083.2000,3083.0000,3081.6000,3081.4000,3080.8000,3085.0000,3086.0000,3087.6000,3088.0000,3088.8000,1,1,1,1,1,3,2,1,2,2
SF,IH2006,2020-01-07 09:35:41.500,3084.0000,7387,0,147780180.000,0,-,-,-,-,3083.2000,3081.6000,3081.4000,3080.8000,3078.4000,3085.0000,3086.0000,3087.6000,3088.0000,3088.8000,1,1,1,1,5,3,2,1,2,2
SF,IH2006,2020-01-07 09:35:42.000,3084.0000,7387,0,147780180.000,0,-,-,-,-,3083.2000,3081.6000,3081.4000,3080.8000,3078.4000,3084.8000,3085.0000,3086.0000,3087.6000,3088.0000,1,1,1,1,5,2,3,2,1,2
SF,IH2006,2020-01-07 09:35:42.500,3084.8000,7386,-1,148705620.000,1,0,1,双平,S,3083.2000,3081.6000,3081.4000,3080.8000,3078.4000,3085.0000,3086.0000,3087.6000,3088.0000,3088.8000,1,1,1,1,5,3,2,1,2,2
SF,IH2006,2020-01-07 09:35:43.000,3084.8000,7386,0,148705620.000,0,-,-,-,-,3083.4000,3083.2000,3081.6000,3081.4000,3080.8000,3085.0000,3086.0000,3087.6000,3088.0000,3088.8000,1,1,1,1,1,3,2,1,2,2
SF,IH2006,2020-01-07 09:35:43.500,3084.8000,7386,0,148705620.000,0,-,-,-,-,3083.6000,3083.4000,3081.6000,3081.4000,3080.8000,3085.0000,3086.0000,3087.6000,3088.0000,3088.8000,1,1,1,1,1,3,2,1,2,2
SF,IH2006,2020-01-07 09:35:46.000,3084.8000,7386,0,148705620.000,0,-,-,-,-,3083.6000,3083.4000,3081.6000,3081.4000,3080.8000,3084.8000,3085.0000,3086.0000,3087.6000,3088.0000,1,1,1,1,1,1,3,2,1,2
SF,IH2006,2020-01-07 09:35:46.500,3084.8000,7386,0,148705620.000,0,-,-,-,-,3083.6000,3081.6000,3081.4000,3080.8000,3078.4000,3084.8000,3085.0000,3086.0000,3087.6000,3088.0000,1,1,1,1,5,1,3,2,1,2
SF,IH2006,2020-01-07 09:35:47.000,3084.8000,7386,0,148705620.000,0,-,-,-,-,3083.6000,3081.6000,3080.8000,3078.4000,3077.0000,3084.8000,3085.0000,3086.0000,3087.6000,3088.0000,1,1,1,5,1,1,3,2,1,2
SF,IH2006,2020-01-07 09:35:47.500,3084.8000,7386,0,148705620.000,0,-,-,-,-,3083.6000,3080.8000,3078.4000,3077.0000,3076.6000,3084.8000,3085.0000,3086.0000,3087.6000,3088.0000,1,1,5,1,2,1,3,2,1,2
SF,IH2006,2020-01-07 09:35:48.000,3083.6000,7385,-1,149630700.000,1,0,1,双平,S,3080.8000,3078.4000,3077.0000,3076.6000,3075.2000,3084.8000,3085.0000,3086.0000,3087.6000,3088.0000,1,5,1,2,1,1,3,2,1,2
SF,IH2006,2020-01-07 09:35:48.500,3083.6000,7385,0,149630700.000,0,-,-,-,-,3082.4000,3081.0000,3080.8000,3078.4000,3077.0000,3084.6000,3084.8000,3085.0000,3086.0000,3087.6000,1,2,1,5,1,1,1,3,2,1
SF,IH2006,2020-01-07 09:35:49.000,3083.6000,7385,0,149630700.000,0,-,-,-,-,3082.4000,3081.0000,3080.8000,3078.4000,3077.0000,3084.4000,3084.6000,3084.8000,3085.0000,3086.0000,1,2,1,5,1,1,1,1,3,2
SF,IH2006,2020-01-07 09:35:49.500,3083.6000,7385,0,149630700.000,0,-,-,-,-,3082.6000,3082.4000,3081.0000,3080.8000,3078.4000,3084.2000,3084.4000,3084.8000,3085.0000,3086.0000,1,1,1,1,5,1,1,1,3,2
SF,IH2006,2020-01-07 09:35:50.000,3083.6000,7385,0,149630700.000,0,-,-,-,-,3082.4000,3081.0000,3080.8000,3078.4000,3077.0000,3084.0000,3084.2000,3084.8000,3085.0000,3086.0000,1,1,1,5,1,1,1,1,3,2
SF,IH2006,2020-01-07 09:35:50.500,3083.6000,7385,0,149630700.000,0,-,-,-,-,3082.6000,3082.4000,3081.0000,3080.8000,3078.4000,3084.0000,3084.2000,3084.8000,3085.0000,3086.0000,1,1,1,1,5,1,1,1,3,2
SF,IH2006,2020-01-07 09:35:51.000,3083.6000,7385,0,149630700.000,0,-,-,-,-,3082.4000,3081.0000,3080.8000,3078.4000,3077.0000,3083.8000,3084.0000,3084.8000,3085.0000,3086.0000,1,1,1,5,1,1,1,1,3,2
SF,IH2006,2020-01-07 09:35:51.500,3083.6000,7385,0,149630700.000,0,-,-,-,-,3082.4000,3081.0000,3080.8000,3078.4000,3077.0000,3083.6000,3083.8000,3084.0000,3084.8000,3085.0000,1,1,1,5,1,1,1,1,1,3
SF,IH2006,2020-01-07 09:35:52.000,3083.6000,7385,0,149630700.000,0,-,-,-,-,3082.4000,3081.0000,3080.8000,3077.0000,3076.6000,3083.6000,3083.8000,3084.8000,3085.0000,3086.0000,1,1,1,1,2,1,1,1,3,2
SF,IH2006,2020-01-07 09:35:53.000,3083.6000,7385,0,149630700.000,0,-,-,-,-,3082.4000,3081.0000,3080.8000,3077.0000,3076.6000,3083.8000,3084.8000,3085.0000,3086.0000,3087.6000,1,1,1,1,2,1,1,3,2,1
SF,IH2006,2020-01-07 09:35:53.500,3083.6000,7385,0,149630700.000,0,-,-,-,-,3082.6000,3082.4000,3081.0000,3080.8000,3077.0000,3084.8000,3085.0000,3086.0000,3087.6000,3088.0000,1,1,1,1,1,1,3,2,1,2
SF,IH2006,2020-01-07 09:35:54.000,3083.6000,7385,0,149630700.000,0,-,-,-,-,3082.6000,3082.4000,3081.0000,3080.8000,3077.0000,3084.6000,3084.8000,3085.0000,3086.0000,3087.6000,1,1,1,1,1,1,1,3,2,1
SF,IH2006,2020-01-07 09:35:54.500,3083.6000,7385,0,149630700.000,0,-,-,-,-,3082.6000,3082.4000,3080.8000,3077.0000,3076.6000,3084.6000,3084.8000,3085.0000,3086.0000,3087.6000,1,1,1,1,2,1,1,3,2,1
SF,IH2006,2020-01-07 09:35:55.000,3083.6000,7385,0,149630700.000,0,-,-,-,-,3082.8000,3082.6000,3082.4000,3080.8000,3077.0000,3084.4000,3084.6000,3084.8000,3085.0000,3086.0000,1,1,1,1,1,1,1,1,3,2
SF,IH2006,2020-01-07 09:35:55.500,3083.6000,7385,0,149630700.000,0,-,-,-,-,3082.8000,3082.6000,3080.8000,3077.0000,3076.6000,3084.2000,3084.4000,3084.6000,3084.8000,3085.0000,1,1,1,1,2,1,1,1,1,3
SF,IH2006,2020-01-07 09:35:56.000,3083.6000,7385,0,149630700.000,0,-,-,-,-,3083.0000,3082.8000,3082.6000,3080.8000,3077.0000,3084.2000,3084.4000,3084.6000,3084.8000,3085.0000,1,1,1,1,1,1,1,1,1,3
SF,IH2006,2020-01-07 09:35:56.500,3084.2000,7385,0,150555960.000,1,0,1,多换,S,3084.2000,3083.0000,3082.8000,3082.6000,3080.8000,3084.4000,3084.6000,3084.8000,3085.0000,3086.0000,6,1,1,1,1,1,1,1,3,2
SF,IH2006,2020-01-07 09:35:57.000,3084.2000,7385,0,156107520.000,6,3,3,多换,S,3083.0000,3082.8000,3082.6000,3080.8000,3077.0000,3084.4000,3084.6000,3084.8000,3085.0000,3086.0000,1,1,1,1,1,1,1,1,3,2
SF,IH2006,2020-01-07 09:35:57.500,3084.2000,7385,0,156107520.000,0,-,-,-,-,3083.2000,3083.0000,3082.8000,3080.8000,3077.0000,3084.4000,3084.6000,3084.8000,3085.0000,3086.0000,1,1,1,1,1,1,1,1,3,2
SF,IH2006,2020-01-07 09:35:58.500,3084.2000,7385,0,156107520.000,0,-,-,-,-,3083.2000,3083.0000,3082.8000,3080.8000,3077.0000,3084.6000,3084.8000,3085.0000,3086.0000,3087.6000,1,1,1,1,1,1,1,3,2,1
SF,IH2006,2020-01-07 09:36:00.000,3084.2000,7385,0,156107520.000,0,-,-,-,-,3083.2000,3083.0000,3082.8000,3080.8000,3077.0000,3084.4000,3084.6000,3084.8000,3085.0000,3086.0000,1,1,1,1,1,1,1,1,3,2
SF,IH2006,2020-01-07 09:36:01.000,3084.2000,7385,0,156107520.000,0,-,-,-,-,3083.2000,3083.0000,3082.8000,3080.8000,3077.0000,3084.6000,3085.0000,3086.0000,3087.6000,3088.0000,1,1,1,1,1,1,3,2,1,2
SF,IH2006,2020-01-07 09:36:01.500,3084.2000,7385,0,156107520.000,0,-,-,-,-,3083.2000,3083.0000,3082.8000,3080.8000,3077.0000,3084.4000,3084.6000,3085.0000,3086.0000,3087.6000,1,1,1,1,1,1,1,3,2,1
SF,IH2006,2020-01-07 09:36:02.000,3083.2000,7384,-1,157032480.000,1,0,1,双平,S,3083.0000,3082.8000,3080.8000,3077.0000,3076.6000,3084.4000,3084.6000,3085.0000,3086.0000,3087.6000,1,1,1,1,2,1,1,3,2,1
SF,IH2006,2020-01-07 09:36:02.500,3083.0000,7384,0,157957380.000,1,0,1,多换,S,3082.8000,3080.8000,3077.0000,3076.6000,3075.2000,3084.2000,3084.4000,3084.6000,3085.0000,3086.0000,1,1,1,2,6,1,1,1,3,2
SF,IH2006,2020-01-07 09:36:03.000,3083.0000,7384,0,157957380.000,0,-,-,-,-,3080.8000,3077.0000,3076.6000,3075.2000,3073.4000,3084.2000,3084.4000,3084.6000,3085.0000,3086.0000,1,1,2,6,1,1,1,1,3,2
SF,IH2006,2020-01-07 09:36:03.500,3083.0000,7384,0,157957380.000,0,-,-,-,-,3081.0000,3080.8000,3077.0000,3076.6000,3075.2000,3084.0000,3084.2000,3084.4000,3084.6000,3085.0000,1,1,1,2,6,1,1,1,1,3
SF,IH2006,2020-01-07 09:36:04.000,3083.0000,7384,0,157957380.000,0,-,-,-,-,3081.2000,3081.0000,3080.8000,3080.0000,3077.0000,3083.8000,3084.0000,3084.4000,3084.6000,3085.0000,1,1,1,1,1,1,1,1,1,3
SF,IH2006,2020-01-07 09:36:04.500,3083.0000,7384,0,157957380.000,0,-,-,-,-,3081.4000,3081.2000,3080.8000,3080.0000,3077.0000,3083.6000,3083.8000,3084.0000,3084.4000,3084.6000,1,1,1,1,1,1,2,1,1,1
SF,IH2006,2020-01-07 09:36:05.000,3083.0000,7384,0,157957380.000,0,-,-,-,-,3081.4000,3080.8000,3080.0000,3077.0000,3076.6000,3083.4000,3083.6000,3083.8000,3084.0000,3084.4000,1,1,1,1,2,1,1,1,1,1
SF,IH2006,2020-01-07 09:36:05.500,3083.0000,7384,0,157957380.000,0,-,-,-,-,3081.6000,3081.4000,3080.8000,3080.0000,3077.0000,3083.2000,3083.4000,3083.6000,3083.8000,3084.0000,1,1,1,1,1,1,1,1,1,1
SF,IH2006,2020-01-07 09:36:06.000,3083.0000,7384,0,157957380.000,0,-,-,-,-,3081.8000,3081.6000,3080.8000,3080.0000,3077.0000,3083.2000,3083.4000,3083.6000,3083.8000,3084.0000,1,1,1,1,1,1,1,1,1,1
SF,IH2006,2020-01-07 09:36:06.500,3083.2000,7385,1,158882340.000,1,1,0,双开,S,3082.0000,3081.8000,3081.6000,3080.8000,3080.0000,3083.4000,3083.6000,3083.8000,3084.0000,3084.6000,1,1,1,1,1,1,1,1,1,1
SF,IH2006,2020-01-07 09:36:07.000,3083.2000,7385,0,158882340.000,0,-,-,-,-,3083.4000,3082.2000,3082.0000,3080.8000,3080.0000,3083.8000,3084.0000,3084.6000,3085.0000,3086.0000,1,1,1,1,1,1,1,1,3,2
SF,IH2006,2020-01-07 09:36:08.000,3083.8000,7384,-1,159807480.000,1,0,1,双平,S,3083.8000,3083.4000,3082.2000,3082.0000,3080.8000,3084.0000,3084.6000,3085.0000,3086.0000,3087.6000,1,1,1,1,1,1,1,3,2,1
SF,IH2006,2020-01-07 09:36:08.500,3083.8000,7384,0,159807480.000,0,-,-,-,-,3083.4000,3082.2000,3082.0000,3080.8000,3080.0000,3084.6000,3085.0000,3086.0000,3087.6000,3088.0000,1,1,1,1,1,1,3,2,1,2
