市场代码,合约代码,时间,最新,持仓,增仓,成交额,成交量,开仓,平仓,成交类型,方向,买一价,买二价,买三价,买四价,买五价,卖一价,卖二价,卖三价,卖四价,卖五价,买一量,买二量,买三量,买四量,买五量,卖一量,卖二量,卖三量,卖四量,卖五量
SF,IH2012,2020-04-30 09:29:00.000,2701.4000,1344,0,810420.000,1.000,-,-,-,-,2701.2000,2693.6000,2693.4000,2693.0000,2689.0000,2705.2000,2705.6000,2709.0000,2713.2000,2741.6000,1,1,1,1,1,1,1,1,1,1
SF,IH2012,2020-04-30 09:30:00.500,2701.2000,1344,0,1620780.000,1,0,1,多换,S,2693.0000,2689.0000,2685.8000,2685.4000,2606.6000,2700.0000,2700.6000,2700.8000,2701.0000,2703.0000,1,1,1,1,3,3,1,1,3,1
SF,IH2012,2020-04-30 09:30:01.000,2701.2000,1344,0,2431140.000,1,0,1,多换,S,2693.4000,2693.2000,2693.0000,2689.0000,2685.4000,2700.0000,2700.8000,2701.0000,2703.0000,2705.2000,5,2,1,1,1,3,1,3,1,1
SF,IH2012,2020-04-30 09:30:01.500,2701.2000,1344,0,2431140.000,0,-,-,-,-,2693.6000,2693.4000,2693.2000,2693.0000,2689.0000,2699.8000,2700.0000,2700.8000,2701.0000,2703.0000,1,5,1,1,1,2,3,1,3,1
SF,IH2012,2020-04-30 09:30:02.000,2701.2000,1344,0,4051860.000,2,1,1,多换,S,2694.0000,2693.8000,2693.6000,2693.2000,2693.0000,2700.0000,2700.8000,2701.0000,2703.0000,2709.0000,5,1,1,1,1,3,1,3,1,1
SF,IH2012,2020-04-30 09:30:02.500,2701.2000,1344,0,4051860.000,0,-,-,-,-,2694.2000,2694.0000,2693.6000,2693.2000,2693.0000,2700.0000,2700.8000,2701.0000,2703.0000,2709.0000,2,5,1,1,1,3,1,3,1,1
SF,IH2012,2020-04-30 09:30:03.000,2701.2000,1344,0,4051860.000,0,-,-,-,-,2694.6000,2694.4000,2694.2000,2693.6000,2693.2000,2700.0000,2700.8000,2701.0000,2703.0000,2709.0000,5,1,2,1,1,3,1,3,1,1
SF,IH2012,2020-04-30 09:30:03.500,2701.2000,1345,1,4862220.000,1,1,0,双开,S,2694.8000,2694.6000,2694.2000,2693.6000,2693.2000,2700.0000,2701.0000,2703.0000,2709.0000,2764.0000,1,5,2,1,1,3,3,1,1,2
SF,IH2012,2020-04-30 09:30:04.000,2701.2000,1345,0,4862220.000,0,-,-,-,-,2695.2000,2695.0000,2694.8000,2694.2000,2693.6000,2700.0000,2701.0000,2703.0000,2709.0000,2764.0000,5,2,1,1,1,3,3,1,1,2
SF,IH2012,2020-04-30 09:30:04.500,2701.2000,1345,0,4862220.000,0,-,-,-,-,2695.4000,2695.2000,2694.8000,2694.2000,2693.6000,2700.0000,2700.4000,2701.0000,2703.0000,2709.0000,2,5,1,1,1,3,1,3,1,1
SF,IH2012,2020-04-30 09:30:05.000,2701.2000,1345,0,4862220.000,0,-,-,-,-,2696.0000,2695.8000,2695.6000,2695.4000,2694.8000,2700.0000,2700.4000,2701.0000,2703.0000,2709.0000,1,5,1,2,1,2,1,3,1,1
SF,IH2012,2020-04-30 09:30:05.500,2701.2000,1346,1,5672580.000,1,1,0,双开,S,2696.4000,2696.2000,2696.0000,2695.4000,2694.8000,2701.0000,2703.0000,2709.0000,2764.0000,2774.6000,5,2,1,1,1,3,1,1,2,1
SF,IH2012,2020-04-30 09:30:06.000,2701.2000,1346,0,5672580.000,0,-,-,-,-,2700.0000,2696.6000,2696.4000,2696.2000,2696.0000,2701.0000,2703.0000,2709.0000,2764.0000,2774.6000,1,3,5,1,1,3,1,1,2,1
SF,IH2012,2020-04-30 09:30:06.500,2700.0000,1346,0,9723600.000,5,2,3,多换,S,2696.6000,2696.4000,2696.2000,2696.0000,2695.4000,2701.0000,2703.0000,2709.0000,2764.0000,2774.6000,2,5,1,1,1,1,1,1,2,1
SF,IH2012,2020-04-30 09:30:07.000,2700.0000,1346,0,9723600.000,0,-,-,-,-,2697.0000,2696.6000,2696.2000,2696.0000,2695.4000,2701.0000,2703.0000,2709.0000,2764.0000,2774.6000,5,2,1,1,1,1,1,1,2,1
SF,IH2012,2020-04-30 09:30:07.500,2700.0000,1346,0,9723600.000,0,-,-,-,-,2697.2000,2697.0000,2696.6000,2696.2000,2695.4000,2703.0000,2709.0000,2764.0000,2774.6000,2797.4000,1,5,1,1,1,1,1,2,1,1
SF,IH2012,2020-04-30 09:30:08.000,2702.8000,1346,0,10534440.000,1,0,1,多换,S,2697.6000,2697.4000,2697.2000,2696.6000,2696.2000,2703.0000,2709.0000,2764.0000,2774.6000,2797.4000,5,1,1,1,1,1,1,2,1,1
SF,IH2012,2020-04-30 09:30:08.500,2702.8000,1346,0,10534440.000,0,-,-,-,-,2697.8000,2697.6000,2697.2000,2696.6000,2696.2000,2702.8000,2703.0000,2709.0000,2764.0000,2774.6000,1,5,1,1,1,2,1,1,2,1
SF,IH2012,2020-04-30 09:30:09.000,2702.8000,1346,0,10534440.000,0,-,-,-,-,2699.2000,2698.2000,2698.0000,2697.8000,2697.2000,2703.0000,2709.0000,2764.0000,2774.6000,2797.4000,1,6,2,1,1,1,1,2,1,1
SF,IH2012,2020-04-30 09:30:09.500,2702.8000,1346,0,10534440.000,0,-,-,-,-,2699.6000,2699.4000,2699.2000,2698.2000,2698.0000,2703.0000,2705.4000,2709.0000,2764.0000,2774.6000,5,1,1,1,1,1,7,1,2,1
SF,IH2012,2020-04-30 09:30:10.000,2702.8000,1346,0,10534440.000,0,-,-,-,-,2699.8000,2699.6000,2699.4000,2699.2000,2698.0000,2703.0000,2705.4000,2709.0000,2764.0000,2774.6000,3,5,1,1,1,1,7,1,2,1
SF,IH2012,2020-04-30 09:30:10.500,2705.4000,1346,0,12156960.000,2,1,1,多换,S,2700.2000,2699.8000,2699.4000,2698.0000,2697.8000,2705.4000,2709.0000,2764.0000,2774.6000,2797.4000,5,3,1,1,1,6,1,2,1,1
SF,IH2012,2020-04-30 09:30:11.000,2705.4000,1346,0,12156960.000,0,-,-,-,-,2700.4000,2699.8000,2699.4000,2698.0000,2697.8000,2705.2000,2705.4000,2709.0000,2764.0000,2774.6000,2,2,1,1,1,1,6,1,2,1
SF,IH2012,2020-04-30 09:30:11.500,2705.4000,1346,0,12156960.000,0,-,-,-,-,2700.8000,2700.6000,2700.4000,2699.8000,2699.4000,2705.2000,2705.4000,2709.0000,2764.0000,2774.6000,5,1,2,2,1,1,6,1,2,1
SF,IH2012,2020-04-30 09:30:12.000,2705.4000,1346,0,12156960.000,0,-,-,-,-,2701.0000,2700.4000,2699.8000,2699.4000,2698.0000,2705.2000,2705.4000,2709.0000,2764.0000,2774.6000,1,2,2,1,1,1,6,1,2,1
SF,IH2012,2020-04-30 09:30:12.500,2705.4000,1346,0,12156960.000,0,-,-,-,-,2701.2000,2701.0000,2700.4000,2699.8000,2699.4000,2705.2000,2705.4000,2709.0000,2764.0000,2774.6000,2,1,2,2,1,1,6,1,2,1
SF,IH2012,2020-04-30 09:30:13.000,2705.4000,1346,0,12156960.000,0,-,-,-,-,2701.4000,2701.2000,2701.0000,2700.4000,2699.8000,2705.2000,2705.4000,2709.0000,2764.0000,2774.6000,2,2,1,2,2,1,6,1,2,1
SF,IH2012,2020-04-30 09:30:13.500,2705.4000,1346,0,12156960.000,0,-,-,-,-,2701.4000,2701.2000,2701.0000,2700.4000,2699.8000,2705.2000,2705.4000,2709.0000,2764.0000,2774.6000,2,1,1,2,2,1,6,1,2,1
SF,IH2012,2020-04-30 09:30:14.000,2705.4000,1346,0,12156960.000,0,-,-,-,-,2705.2000,2701.8000,2701.6000,2701.4000,2701.2000,2705.4000,2709.0000,2764.0000,2774.6000,2797.4000,1,5,1,2,1,6,1,2,1,1
SF,IH2012,2020-04-30 09:30:14.500,2705.2000,1346,0,13780080.000,2,1,1,多换,S,2701.6000,2701.4000,2701.2000,2701.0000,2700.4000,2705.2000,2705.4000,2706.6000,2709.0000,2764.0000,1,2,1,1,2,1,6,3,1,2
SF,IH2012,2020-04-30 09:30:15.000,2701.8000,1346,0,14590620.000,1,0,1,多换,S,2701.8000,2701.6000,2701.4000,2701.0000,2700.4000,2705.4000,2706.6000,2709.0000,2764.0000,2774.6000,1,1,2,1,2,6,3,1,2,1
SF,IH2012,2020-04-30 09:30:15.500,2701.8000,1346,0,15401160.000,1,0,1,多换,S,2699.8000,2693.0000,2682.4000,2618.4000,2606.6000,2705.4000,2706.6000,2709.0000,2764.0000,2774.6000,1,1,1,1,3,6,3,1,2,1
SF,IH2012,2020-04-30 09:30:16.000,2701.8000,1346,0,15401160.000,0,-,-,-,-,2700.2000,2700.0000,2699.8000,2693.0000,2682.4000,2705.4000,2706.6000,2709.0000,2764.0000,2774.6000,5,2,1,1,1,7,3,1,2,1
SF,IH2012,2020-04-30 09:30:16.500,2701.8000,1346,0,15401160.000,0,-,-,-,-,2700.2000,2700.0000,2699.8000,2693.0000,2682.4000,2705.4000,2706.6000,2709.0000,2764.0000,2774.6000,5,1,1,1,1,7,3,1,2,1
SF,IH2012,2020-04-30 09:30:17.000,2705.4000,1346,0,16212780.000,1,0,1,多换,S,2701.2000,2700.4000,2700.2000,2700.0000,2699.8000,2705.4000,2706.6000,2709.0000,2764.0000,2774.6000,1,1,5,1,1,6,3,1,2,1
SF,IH2012,2020-04-30 09:30:17.500,2705.4000,1346,0,16212780.000,0,-,-,-,-,2701.6000,2701.2000,2701.0000,2700.0000,2699.8000,2705.4000,2706.6000,2709.0000,2764.0000,2774.6000,5,1,1,1,1,6,3,1,2,1
SF,IH2012,2020-04-30 09:30:18.000,2705.4000,1346,0,16212780.000,0,-,-,-,-,2702.2000,2701.8000,2701.6000,2700.0000,2699.8000,2705.4000,2706.6000,2709.0000,2764.0000,2774.6000,1,2,5,1,1,6,3,1,2,1
SF,IH2012,2020-04-30 09:30:18.500,2705.4000,1346,0,16212780.000,0,-,-,-,-,2702.6000,2702.2000,2701.8000,2700.0000,2699.8000,2705.4000,2706.6000,2709.0000,2764.0000,2774.6000,5,1,1,1,1,6,3,1,2,1
SF,IH2012,2020-04-30 09:30:19.000,2705.4000,1346,0,16212780.000,0,-,-,-,-,2702.8000,2702.6000,2702.4000,2702.2000,2700.8000,2705.4000,2706.6000,2709.0000,2721.4000,2764.0000,2,5,2,1,1,6,3,1,1,2
SF,IH2012,2020-04-30 09:30:19.500,2705.4000,1346,0,17024400.000,1,0,1,多换,S,2703.2000,2702.8000,2700.8000,2700.6000,2699.8000,2705.4000,2706.6000,2709.0000,2721.4000,2764.0000,5,2,1,1,1,5,3,1,1,2
SF,IH2012,2020-04-30 09:30:20.000,2703.2000,1341,-5,21081840.000,5,0,5,双平,S,2703.2000,2702.8000,2700.8000,2700.6000,2699.8000,2705.4000,2706.6000,2709.0000,2721.4000,2764.0000,4,1,1,1,1,1,3,1,1,2
SF,IH2012,2020-04-30 09:30:20.500,2703.2000,1341,0,21081840.000,0,-,-,-,-,2703.4000,2703.2000,2702.8000,2700.8000,2700.6000,2705.4000,2706.6000,2709.0000,2721.4000,2764.0000,2,4,1,1,1,1,3,1,1,2
SF,IH2012,2020-04-30 09:30:21.000,2705.4000,1342,1,21893460.000,1,1,0,双开,S,2703.8000,2703.6000,2703.4000,2702.8000,2700.8000,2706.6000,2709.0000,2721.4000,2764.0000,2774.6000,4,1,2,1,1,3,1,1,2,1
SF,IH2012,2020-04-30 09:30:21.500,2705.4000,1342,0,21893460.000,0,-,-,-,-,2703.8000,2703.6000,2703.4000,2700.8000,2699.8000,2706.6000,2709.0000,2721.4000,2764.0000,2774.6000,4,1,1,1,1,3,1,1,2,1
SF,IH2012,2020-04-30 09:30:22.000,2705.4000,1342,0,21893460.000,0,-,-,-,-,2704.0000,2703.6000,2703.4000,2703.2000,2700.8000,2706.6000,2709.0000,2721.4000,2764.0000,2774.6000,1,1,1,1,1,3,1,1,2,1
SF,IH2012,2020-04-30 09:30:22.500,2705.4000,1342,0,21893460.000,0,-,-,-,-,2704.0000,2703.6000,2703.4000,2703.2000,2700.8000,2706.6000,2709.0000,2721.4000,2764.0000,2774.6000,1,1,1,2,1,3,1,1,2,1
SF,IH2012,2020-04-30 09:30:23.000,2706.6000,1342,0,22705440.000,1,0,1,多换,S,2704.0000,2703.4000,2703.2000,2701.0000,2700.8000,2706.6000,2709.0000,2721.4000,2764.0000,2774.6000,1,1,1,1,1,2,1,1,2,1
SF,IH2012,2020-04-30 09:30:23.500,2706.6000,1342,0,22705440.000,0,-,-,-,-,2704.0000,2703.4000,2703.2000,2701.0000,2700.8000,2706.6000,2709.0000,2721.4000,2764.0000,2774.6000,1,1,1,1,1,2,1,1,2,1
SF,IH2012,2020-04-30 09:30:24.000,2706.6000,1342,0,22705440.000,0,-,-,-,-,2703.2000,2701.0000,2700.8000,2693.0000,2686.2000,2706.4000,2706.6000,2709.0000,2721.4000,2764.0000,1,1,1,1,1,1,2,1,1,2
SF,IH2012,2020-04-30 09:30:24.500,2706.6000,1342,0,22705440.000,0,-,-,-,-,2703.2000,2701.0000,2700.8000,2693.0000,2686.2000,2706.0000,2706.4000,2706.6000,2709.0000,2721.4000,1,1,1,1,1,1,1,2,1,1
SF,IH2012,2020-04-30 09:30:25.000,2706.6000,1343,1,23517420.000,1,1,0,双开,S,2703.2000,2701.0000,2700.8000,2693.0000,2686.2000,2706.0000,2706.4000,2706.6000,2709.0000,2721.4000,1,1,1,1,1,1,1,2,1,1
SF,IH2012,2020-04-30 09:30:25.500,2706.6000,1343,0,23517420.000,0,-,-,-,-,2703.4000,2703.2000,2701.0000,2693.0000,2686.2000,2705.8000,2706.0000,2706.4000,2706.6000,2707.0000,1,1,1,1,1,2,1,1,2,3
SF,IH2012,2020-04-30 09:30:26.000,2706.6000,1344,1,24329400.000,1,1,0,双开,S,2703.4000,2703.2000,2701.0000,2693.0000,2686.2000,2706.0000,2706.4000,2706.6000,2707.0000,2709.0000,1,1,1,1,1,1,1,2,3,1
SF,IH2012,2020-04-30 09:30:26.500,2706.6000,1344,0,24329400.000,0,-,-,-,-,2703.4000,2703.2000,2696.4000,2693.0000,2686.2000,2705.8000,2706.4000,2706.6000,2707.0000,2709.0000,1,1,1,1,1,2,2,2,3,1
SF,IH2012,2020-04-30 09:30:27.000,2703.4000,1344,0,25140420.000,1,0,1,多换,S,2703.2000,2696.4000,2693.0000,2686.2000,2682.4000,2705.8000,2706.4000,2706.6000,2707.0000,2709.0000,1,1,1,1,1,2,2,2,3,1
SF,IH2012,2020-04-30 09:30:27.500,2703.2000,1343,-1,25951380.000,1,0,1,双平,S,2696.4000,2693.0000,2686.2000,2682.4000,2618.4000,2705.8000,2706.4000,2706.6000,2707.0000,2709.0000,1,1,1,1,1,2,2,2,3,1
SF,IH2012,2020-04-30 09:30:28.000,2703.2000,1343,0,25951380.000,0,-,-,-,-,2696.8000,2696.6000,2696.4000,2693.0000,2686.2000,2705.6000,2705.8000,2706.4000,2706.6000,2707.0000,4,3,1,1,1,1,2,1,2,3
SF,IH2012,2020-04-30 09:30:28.500,2705.4000,1344,1,26763000.000,1,1,0,双开,S,2699.4000,2697.0000,2696.8000,2696.6000,2693.0000,2705.6000,2705.8000,2706.4000,2706.6000,2707.0000,1,1,4,2,1,1,2,1,2,3
SF,IH2012,2020-04-30 09:30:29.000,2705.4000,1344,0,26763000.000,0,-,-,-,-,2699.6000,2697.0000,2696.6000,2693.0000,2686.2000,2705.4000,2705.6000,2705.8000,2706.4000,2706.6000,2,1,1,1,1,2,1,2,1,2
SF,IH2012,2020-04-30 09:30:29.500,2705.4000,1344,0,26763000.000,0,-,-,-,-,2700.0000,2699.8000,2699.6000,2697.0000,2696.6000,2705.0000,2705.4000,2705.8000,2706.4000,2706.6000,1,1,2,1,1,5,2,2,1,2
SF,IH2012,2020-04-30 09:30:30.000,2705.4000,1344,0,26763000.000,0,-,-,-,-,2700.2000,2700.0000,2699.8000,2699.6000,2697.0000,2704.8000,2705.0000,2705.2000,2705.4000,2705.8000,1,1,1,1,1,2,1,1,2,2
SF,IH2012,2020-04-30 09:30:30.500,2705.4000,1344,0,26763000.000,0,-,-,-,-,2700.2000,2700.0000,2699.6000,2698.2000,2697.0000,2704.4000,2704.6000,2704.8000,2705.2000,2705.4000,1,1,1,1,1,2,1,2,1,2
SF,IH2012,2020-04-30 09:30:31.000,2705.4000,1344,0,26763000.000,0,-,-,-,-,2700.4000,2700.2000,2700.0000,2699.6000,2698.2000,2704.0000,2704.2000,2704.4000,2704.6000,2704.8000,1,1,1,1,1,1,1,2,1,2
SF,IH2012,2020-04-30 09:30:31.500,2705.4000,1344,0,26763000.000,0,-,-,-,-,2700.6000,2700.4000,2700.2000,2700.0000,2699.6000,2703.4000,2703.6000,2703.8000,2704.0000,2704.2000,2,1,1,1,1,1,1,1,1,1
SF,IH2012,2020-04-30 09:30:32.000,2705.4000,1344,0,26763000.000,0,-,-,-,-,2700.4000,2700.0000,2699.6000,2698.2000,2697.0000,2703.0000,2703.2000,2703.4000,2703.8000,2704.0000,1,1,1,1,2,1,1,1,1,1
SF,IH2012,2020-04-30 09:30:32.500,2703.2000,1344,0,29194980.000,3,1,2,多换,S,2700.0000,2699.6000,2698.2000,2697.0000,2696.6000,2703.4000,2704.8000,2705.4000,2706.6000,2707.0000,1,1,1,2,1,1,1,1,2,3
SF,IH2012,2020-04-30 09:30:33.500,2703.2000,1344,0,29194980.000,0,-,-,-,-,2700.0000,2698.2000,2697.0000,2696.6000,2693.0000,2703.0000,2703.4000,2704.8000,2706.6000,2707.0000,1,1,2,1,1,5,1,1,2,3
SF,IH2012,2020-04-30 09:30:34.000,2703.2000,1344,0,29194980.000,0,-,-,-,-,2700.0000,2698.2000,2697.0000,2696.6000,2693.0000,2702.8000,2703.2000,2703.4000,2704.8000,2706.6000,1,1,2,1,1,1,1,1,1,2
SF,IH2012,2020-04-30 09:30:34.500,2700.0000,1344,0,30004980.000,1,0,1,多换,S,2698.2000,2697.0000,2696.6000,2693.0000,2686.2000,2702.4000,2702.8000,2703.2000,2704.8000,2706.6000,1,2,1,1,1,1,2,1,1,2
SF,IH2012,2020-04-30 09:30:35.000,2700.0000,1344,0,30004980.000,0,-,-,-,-,2698.4000,2698.2000,2697.0000,2696.6000,2693.0000,2702.8000,2703.2000,2706.6000,2707.0000,2709.0000,2,1,2,1,1,1,1,2,3,1
SF,IH2012,2020-04-30 09:30:35.500,2700.0000,1344,0,30004980.000,0,-,-,-,-,2698.6000,2698.4000,2698.2000,2697.0000,2696.6000,2702.8000,2703.2000,2706.6000,2707.0000,2709.0000,1,2,1,2,1,1,1,2,3,1
SF,IH2012,2020-04-30 09:30:36.000,2700.0000,1344,0,30004980.000,0,-,-,-,-,2699.2000,2698.8000,2698.6000,2698.4000,2697.0000,2702.4000,2702.8000,2706.6000,2707.0000,2709.0000,1,2,1,2,2,1,1,2,3,1
SF,IH2012,2020-04-30 09:30:36.500,2700.0000,1344,0,30004980.000,0,-,-,-,-,2699.4000,2699.2000,2698.8000,2698.6000,2698.4000,2702.4000,2702.8000,2706.6000,2707.0000,2709.0000,2,1,2,1,2,1,1,2,3,1
SF,IH2012,2020-04-30 09:30:37.000,2702.4000,1345,1,30815700.000,1,1,0,双开,S,2699.4000,2699.2000,2698.8000,2698.6000,2698.4000,2702.8000,2706.6000,2707.0000,2709.0000,2716.0000,2,1,2,1,2,1,2,3,1,1
SF,IH2012,2020-04-30 09:30:37.500,2702.4000,1345,0,30815700.000,0,-,-,-,-,2699.8000,2699.6000,2699.4000,2698.8000,2698.6000,2706.6000,2707.0000,2709.0000,2721.4000,2764.0000,1,1,2,2,1,2,3,1,1,2
SF,IH2012,2020-04-30 09:30:38.000,2702.4000,1345,0,30815700.000,0,-,-,-,-,2700.0000,2699.8000,2699.6000,2699.4000,2698.8000,2706.2000,2706.6000,2707.0000,2709.0000,2721.4000,3,1,1,2,2,5,2,3,1,1
SF,IH2012,2020-04-30 09:30:38.500,2702.4000,1345,0,30815700.000,0,-,-,-,-,2700.2000,2700.0000,2699.4000,2698.8000,2698.4000,2704.0000,2706.0000,2706.2000,2706.6000,2707.0000,1,3,2,2,2,1,1,5,2,3
SF,IH2012,2020-04-30 09:30:39.000,2702.4000,1345,0,30815700.000,0,-,-,-,-,2700.4000,2700.2000,2700.0000,2699.4000,2698.8000,2704.0000,2704.6000,2706.0000,2706.2000,2706.6000,1,1,2,2,2,1,1,1,5,2
SF,IH2012,2020-04-30 09:30:39.500,2702.4000,1345,0,30815700.000,0,-,-,-,-,2700.4000,2700.2000,2700.0000,2699.4000,2698.8000,2706.0000,2706.2000,2706.6000,2707.0000,2709.0000,1,1,2,2,2,1,5,2,3,1
SF,IH2012,2020-04-30 09:30:40.000,2702.4000,1345,0,30815700.000,0,-,-,-,-,2700.8000,2700.4000,2700.0000,2699.4000,2698.8000,2706.0000,2706.2000,2706.6000,2707.0000,2709.0000,1,1,2,2,2,1,5,2,3,1
SF,IH2012,2020-04-30 09:30:40.500,2702.4000,1345,0,30815700.000,0,-,-,-,-,2701.0000,2700.8000,2700.4000,2700.0000,2699.4000,2704.6000,2704.8000,2706.0000,2706.2000,2706.6000,1,1,1,2,2,1,1,1,5,2
SF,IH2012,2020-04-30 09:30:41.000,2702.4000,1345,0,30815700.000,0,-,-,-,-,2701.2000,2701.0000,2700.8000,2700.4000,2700.0000,2704.6000,2704.8000,2705.0000,2706.6000,2707.0000,1,2,1,1,2,1,1,1,2,3
SF,IH2012,2020-04-30 09:30:41.500,2706.6000,1345,0,31627680.000,1,0,1,多换,S,2701.4000,2701.2000,2701.0000,2700.4000,2700.0000,2706.6000,2707.0000,2709.0000,2721.4000,2764.0000,1,2,2,1,2,1,3,1,1,2
SF,IH2012,2020-04-30 09:30:42.000,2706.6000,1345,0,31627680.000,0,-,-,-,-,2701.4000,2701.2000,2701.0000,2700.4000,2700.0000,2706.4000,2706.6000,2707.0000,2709.0000,2721.4000,1,1,2,1,2,1,1,3,1,1
SF,IH2012,2020-04-30 09:30:42.500,2706.6000,1345,0,31627680.000,0,-,-,-,-,2701.4000,2701.2000,2701.0000,2700.4000,2700.0000,2706.4000,2706.6000,2707.0000,2709.0000,2721.4000,1,1,1,1,2,1,1,3,1,1
SF,IH2012,2020-04-30 09:30:43.000,2706.6000,1345,0,31627680.000,0,-,-,-,-,2701.4000,2701.2000,2701.0000,2700.4000,2700.0000,2705.4000,2706.0000,2706.2000,2706.4000,2706.6000,1,1,1,1,2,1,1,2,1,1
SF,IH2012,2020-04-30 09:30:43.500,2706.6000,1345,0,31627680.000,0,-,-,-,-,2701.2000,2701.0000,2700.4000,2700.0000,2699.4000,2705.2000,2705.4000,2706.0000,2706.2000,2706.4000,1,1,1,2,2,1,2,1,2,1
SF,IH2012,2020-04-30 09:30:44.000,2701.2000,1346,1,32438040.000,1,1,0,双开,S,2701.0000,2700.4000,2700.0000,2699.4000,2698.8000,2705.2000,2705.4000,2706.0000,2706.2000,2706.4000,1,1,2,2,2,2,2,1,2,1
SF,IH2012,2020-04-30 09:30:44.500,2701.2000,1346,0,33248400.000,1,0,1,多换,S,2701.2000,2700.4000,2700.0000,2699.4000,2698.8000,2705.0000,2705.2000,2705.4000,2706.0000,2706.2000,2,1,2,2,2,2,2,2,1,2
SF,IH2012,2020-04-30 09:30:45.000,2705.0000,1347,1,34059900.000,1,1,0,双开,S,2701.2000,2700.4000,2700.0000,2699.4000,2698.8000,2705.0000,2705.2000,2705.4000,2706.0000,2706.2000,2,1,2,2,2,1,1,2,1,1
SF,IH2012,2020-04-30 09:30:45.500,2705.0000,1347,0,34059900.000,0,-,-,-,-,2701.6000,2701.4000,2700.4000,2700.0000,2699.4000,2704.2000,2705.0000,2705.2000,2705.4000,2706.0000,1,1,1,3,2,1,1,1,1,1
SF,IH2012,2020-04-30 09:30:46.000,2705.0000,1347,0,34059900.000,0,-,-,-,-,2701.6000,2701.4000,2700.4000,2700.0000,2699.4000,2704.0000,2704.2000,2704.6000,2705.2000,2705.4000,1,1,1,3,2,1,1,1,2,2
SF,IH2012,2020-04-30 09:30:46.500,2705.0000,1347,0,34059900.000,0,-,-,-,-,2700.4000,2700.0000,2699.4000,2698.8000,2698.4000,2704.0000,2704.6000,2704.8000,2705.2000,2705.4000,1,3,2,2,2,1,1,1,2,2
SF,IH2012,2020-04-30 09:30:47.000,2705.0000,1347,0,34059900.000,0,-,-,-,-,2700.0000,2699.4000,2698.8000,2698.4000,2697.0000,2703.6000,2704.0000,2704.8000,2705.2000,2705.4000,3,2,2,2,1,1,2,1,2,2
SF,IH2012,2020-04-30 09:30:47.500,2705.0000,1347,0,34871400.000,1,0,1,多换,S,2700.2000,2700.0000,2699.4000,2698.8000,2698.4000,2703.4000,2703.8000,2704.0000,2705.2000,2705.4000,2,3,2,2,2,1,1,2,2,2
SF,IH2012,2020-04-30 09:30:48.000,2705.0000,1347,0,34871400.000,0,-,-,-,-,2701.2000,2700.4000,2700.2000,2700.0000,2699.4000,2703.2000,2703.4000,2704.0000,2705.2000,2705.4000,1,1,1,3,2,1,1,1,2,2
SF,IH2012,2020-04-30 09:30:48.500,2701.2000,1346,-1,35681760.000,1,0,1,双平,S,2700.0000,2698.8000,2698.4000,2697.0000,2696.6000,2701.2000,2703.0000,2703.2000,2704.0000,2704.4000,1,2,2,1,1,1,2,2,1,1
SF,IH2012,2020-04-30 09:30:49.000,2701.2000,1346,0,36492120.000,1,0,1,多换,S,2700.0000,2698.8000,2698.4000,2697.0000,2696.6000,2703.0000,2703.2000,2704.0000,2704.4000,2705.2000,1,2,2,1,1,3,2,1,1,2
SF,IH2012,2020-04-30 09:30:49.500,2701.2000,1346,0,36492120.000,0,-,-,-,-,2700.0000,2698.8000,2698.4000,2697.0000,2696.6000,2702.6000,2702.8000,2703.0000,2703.8000,2704.0000,1,2,2,1,1,1,2,3,1,1
SF,IH2012,2020-04-30 09:30:50.000,2701.2000,1346,0,36492120.000,0,-,-,-,-,2700.0000,2698.8000,2698.4000,2697.0000,2696.6000,2702.6000,2702.8000,2703.0000,2703.8000,2704.0000,1,2,2,1,1,1,2,3,1,1
SF,IH2012,2020-04-30 09:30:50.500,2701.2000,1346,0,36492120.000,0,-,-,-,-,2700.0000,2698.8000,2698.4000,2697.0000,2696.6000,2702.8000,2703.0000,2703.8000,2704.0000,2704.4000,1,2,2,1,1,2,2,1,1,3
SF,IH2012,2020-04-30 09:30:51.000,2701.2000,1346,0,36492120.000,0,-,-,-,-,2701.0000,2700.0000,2698.8000,2698.4000,2697.0000,2702.0000,2702.8000,2703.0000,2703.8000,2704.0000,1,1,2,2,1,1,2,1,2,1
SF,IH2012,2020-04-30 09:30:51.500,2701.0000,1346,0,37302420.000,1,0,1,多换,S,2700.0000,2698.8000,2698.4000,2697.0000,2696.6000,2701.0000,2702.0000,2702.8000,2703.0000,2703.8000,1,2,2,1,1,1,1,2,1,2
SF,IH2012,2020-04-30 09:30:52.000,2702.0000,1346,0,38923320.000,2,1,1,多换,S,2700.2000,2700.0000,2698.8000,2698.4000,2697.0000,2703.0000,2703.8000,2704.0000,2704.4000,2704.6000,2,1,2,2,1,1,2,2,3,1
SF,IH2012,2020-04-30 09:30:52.500,2702.0000,1346,0,38923320.000,0,-,-,-,-,2700.2000,2700.0000,2698.8000,2698.4000,2697.0000,2703.0000,2703.8000,2704.0000,2704.4000,2705.2000,2,1,2,2,1,1,2,1,3,1
SF,IH2012,2020-04-30 09:30:53.000,2702.0000,1346,0,38923320.000,0,-,-,-,-,2700.4000,2700.2000,2700.0000,2698.8000,2698.4000,2703.0000,2703.8000,2704.4000,2705.2000,2705.4000,1,2,1,2,2,1,1,3,1,1
SF,IH2012,2020-04-30 09:30:53.500,2702.0000,1346,0,38923320.000,0,-,-,-,-,2700.6000,2700.4000,2700.2000,2700.0000,2698.8000,2703.0000,2703.8000,2704.4000,2705.2000,2705.4000,1,1,2,1,2,1,1,3,1,1
SF,IH2012,2020-04-30 09:30:54.000,2703.0000,1347,1,39734220.000,1,1,0,双开,S,2700.6000,2700.4000,2700.2000,2700.0000,2698.8000,2703.8000,2704.4000,2705.2000,2705.4000,2706.6000,1,1,2,1,2,1,2,1,1,1
SF,IH2012,2020-04-30 09:30:54.500,2703.0000,1347,0,39734220.000,0,-,-,-,-,2700.6000,2700.4000,2700.2000,2700.0000,2698.8000,2703.8000,2705.2000,2705.4000,2706.6000,2707.0000,1,1,2,1,2,1,1,1,1,3
SF,IH2012,2020-04-30 09:30:55.000,2703.0000,1347,0,39734220.000,0,-,-,-,-,2700.8000,2700.6000,2700.4000,2700.2000,2700.0000,2703.8000,2705.2000,2705.4000,2706.6000,2707.0000,1,1,1,2,1,1,1,1,1,3
SF,IH2012,2020-04-30 09:30:55.500,2703.0000,1347,0,39734220.000,0,-,-,-,-,2701.0000,2700.8000,2700.6000,2700.4000,2700.2000,2703.8000,2705.2000,2705.4000,2706.0000,2706.6000,3,1,1,1,2,1,1,1,1,1
SF,IH2012,2020-04-30 09:30:56.000,2703.0000,1347,0,39734220.000,0,-,-,-,-,2701.0000,2700.8000,2700.6000,2700.4000,2700.2000,2703.8000,2705.4000,2706.0000,2706.6000,2707.0000,3,1,1,1,2,1,1,1,1,3
SF,IH2012,2020-04-30 09:30:56.500,2703.0000,1347,0,39734220.000,0,-,-,-,-,2701.0000,2700.8000,2700.6000,2700.4000,2700.2000,2703.8000,2705.4000,2706.0000,2706.6000,2707.0000,3,2,1,1,2,1,1,1,1,3
SF,IH2012,2020-04-30 09:30:57.000,2703.0000,1347,0,39734220.000,0,-,-,-,-,2701.0000,2700.8000,2700.6000,2700.2000,2700.0000,2703.8000,2705.4000,2706.0000,2706.6000,2707.0000,3,2,1,2,1,1,1,1,1,3
SF,IH2012,2020-04-30 09:30:57.500,2703.8000,1347,0,40545360.000,1,0,1,多换,S,2701.0000,2700.8000,2700.6000,2700.2000,2700.0000,2705.4000,2706.0000,2706.6000,2707.0000,2708.0000,3,2,1,2,1,1,1,1,3,1
SF,IH2012,2020-04-30 09:30:58.000,2703.8000,1347,0,40545360.000,0,-,-,-,-,2701.0000,2700.8000,2700.6000,2700.2000,2700.0000,2705.2000,2705.4000,2706.0000,2706.6000,2707.0000,3,1,1,2,1,2,1,1,1,3
SF,IH2012,2020-04-30 09:30:58.500,2703.8000,1347,0,40545360.000,0,-,-,-,-,2701.8000,2701.0000,2700.8000,2700.6000,2700.2000,2703.6000,2704.4000,2704.6000,2705.2000,2706.0000,1,2,1,1,2,1,1,1,2,1
SF,IH2012,2020-04-30 09:30:59.000,2703.8000,1347,0,40545360.000,0,-,-,-,-,2701.8000,2701.4000,2701.0000,2700.8000,2700.6000,2703.6000,2704.4000,2704.6000,2705.2000,2706.0000,1,1,2,1,1,1,2,2,2,1
SF,IH2012,2020-04-30 09:30:59.500,2701.8000,1347,0,41355900.000,1,0,1,多换,S,2700.8000,2700.6000,2700.2000,2700.0000,2698.8000,2703.6000,2704.4000,2704.6000,2705.2000,2706.0000,1,1,2,1,2,1,2,1,2,1
SF,IH2012,2020-04-30 09:31:00.000,2700.8000,1347,0,42166140.000,1,0,1,多换,S,2700.6000,2700.2000,2700.0000,2698.8000,2698.4000,2703.6000,2704.4000,2704.6000,2706.0000,2706.2000,1,2,1,2,2,1,2,1,1,1
SF,IH2012,2020-04-30 09:31:01.000,2700.8000,1347,0,42166140.000,0,-,-,-,-,2700.8000,2700.6000,2700.2000,2700.0000,2698.8000,2703.6000,2704.4000,2706.0000,2706.2000,2706.6000,2,1,2,1,2,1,2,1,1,1
SF,IH2012,2020-04-30 09:31:01.500,2703.6000,1347,0,42977220.000,1,0,1,多换,S,2701.0000,2700.8000,2700.6000,2700.2000,2700.0000,2703.4000,2704.4000,2706.0000,2706.2000,2706.6000,2,2,1,2,1,3,1,1,1,1
SF,IH2012,2020-04-30 09:31:02.000,2703.6000,1347,0,42977220.000,0,-,-,-,-,2701.0000,2700.8000,2700.6000,2700.2000,2700.0000,2703.4000,2704.4000,2706.0000,2706.2000,2706.6000,1,2,1,2,1,3,1,1,1,1
SF,IH2012,2020-04-30 09:31:02.500,2703.6000,1347,0,42977220.000,0,-,-,-,-,2701.4000,2701.2000,2701.0000,2700.6000,2700.2000,2703.2000,2703.4000,2704.4000,2706.0000,2706.2000,1,2,1,1,2,1,1,1,1,1
SF,IH2012,2020-04-30 09:31:03.000,2703.6000,1347,0,42977220.000,0,-,-,-,-,2701.4000,2701.2000,2701.0000,2700.6000,2700.2000,2703.2000,2703.4000,2706.0000,2706.2000,2706.6000,1,1,1,1,2,1,1,1,1,1
SF,IH2012,2020-04-30 09:31:03.500,2703.6000,1347,0,43788300.000,1,0,1,多换,S,2701.4000,2701.2000,2700.6000,2700.2000,2700.0000,2703.4000,2706.0000,2706.2000,2706.6000,2707.0000,1,1,1,2,1,1,1,1,1,3
SF,IH2012,2020-04-30 09:31:04.000,2703.6000,1347,0,43788300.000,0,-,-,-,-,2701.6000,2701.4000,2701.2000,2700.6000,2700.2000,2703.4000,2706.0000,2706.2000,2706.6000,2707.0000,2,1,1,1,2,1,1,1,1,3
SF,IH2012,2020-04-30 09:31:04.500,2703.6000,1347,0,43788300.000,0,-,-,-,-,2702.0000,2701.6000,2701.4000,2701.2000,2700.6000,2703.4000,2706.0000,2706.2000,2706.6000,2707.0000,1,1,1,1,1,1,1,1,1,3
SF,IH2012,2020-04-30 09:31:05.500,2706.0000,1347,0,44600100.000,1,0,1,多换,S,2702.0000,2701.6000,2701.4000,2700.6000,2700.2000,2706.2000,2706.6000,2707.0000,2708.0000,2709.0000,1,1,1,1,2,1,1,3,1,1
SF,IH2012,2020-04-30 09:31:06.000,2706.0000,1347,0,44600100.000,0,-,-,-,-,2703.4000,2702.0000,2701.4000,2700.6000,2700.2000,2706.0000,2706.2000,2706.6000,2707.0000,2708.0000,1,1,1,1,2,1,1,1,3,1
SF,IH2012,2020-04-30 09:31:06.500,2706.0000,1347,0,44600100.000,0,-,-,-,-,2703.2000,2702.0000,2701.4000,2700.6000,2700.2000,2703.4000,2705.0000,2705.2000,2705.8000,2706.0000,1,1,1,1,2,1,1,1,1,1
SF,IH2012,2020-04-30 09:31:07.000,2703.2000,1346,-1,45411060.000,1,0,1,双平,S,2701.4000,2700.6000,2700.2000,2700.0000,2698.8000,2703.2000,2705.0000,2705.2000,2705.4000,2705.6000,1,1,2,1,2,1,1,1,1,1
SF,IH2012,2020-04-30 09:31:07.500,2703.2000,1346,0,45411060.000,0,-,-,-,-,2701.6000,2701.4000,2700.6000,2700.2000,2700.0000,2703.2000,2705.2000,2705.4000,2705.6000,2705.8000,1,1,1,2,1,1,1,1,2,1
SF,IH2012,2020-04-30 09:31:08.000,2703.2000,1346,0,45411060.000,0,-,-,-,-,2701.4000,2700.6000,2700.2000,2700.0000,2698.8000,2705.2000,2705.4000,2705.6000,2705.8000,2706.4000,1,1,2,1,2,1,1,3,6,1
SF,IH2012,2020-04-30 09:31:08.500,2703.2000,1346,0,45411060.000,0,-,-,-,-,2701.4000,2700.6000,2700.2000,2700.0000,2698.8000,2705.0000,2705.2000,2705.4000,2705.6000,2705.8000,1,1,2,6,2,1,1,2,3,6
SF,IH2012,2020-04-30 09:31:09.000,2703.2000,1346,0,45411060.000,0,-,-,-,-,2701.4000,2700.6000,2700.2000,2700.0000,2698.8000,2704.2000,2705.0000,2705.2000,2705.4000,2705.6000,1,1,2,6,2,1,1,1,1,3
SF,IH2012,2020-04-30 09:31:09.500,2703.2000,1346,0,45411060.000,0,-,-,-,-,2701.4000,2700.6000,2700.2000,2700.0000,2698.8000,2704.0000,2704.2000,2704.6000,2704.8000,2705.0000,1,1,2,6,2,1,1,1,1,1
SF,IH2012,2020-04-30 09:31:10.000,2703.2000,1346,0,45411060.000,0,-,-,-,-,2700.6000,2700.2000,2700.0000,2698.8000,2698.4000,2704.0000,2704.2000,2704.6000,2704.8000,2705.0000,1,3,6,2,2,1,1,1,1,1
SF,IH2012,2020-04-30 09:31:10.500,2703.2000,1346,0,45411060.000,0,-,-,-,-,2700.6000,2700.2000,2700.0000,2698.8000,2698.4000,2703.6000,2704.0000,2704.6000,2704.8000,2705.0000,1,2,6,2,2,1,1,1,1,1
SF,IH2012,2020-04-30 09:31:11.000,2703.2000,1346,0,45411060.000,0,-,-,-,-,2700.6000,2700.2000,2700.0000,2698.8000,2698.4000,2703.6000,2704.0000,2704.6000,2704.8000,2705.0000,1,2,6,3,2,1,1,1,1,1
SF,IH2012,2020-04-30 09:31:11.500,2703.2000,1346,0,45411060.000,0,-,-,-,-,2700.8000,2700.6000,2700.2000,2700.0000,2698.8000,2703.6000,2704.0000,2704.6000,2705.6000,2705.8000,1,1,2,6,3,1,1,1,4,6
SF,IH2012,2020-04-30 09:31:12.000,2703.2000,1346,0,45411060.000,0,-,-,-,-,2700.8000,2700.6000,2700.2000,2700.0000,2698.8000,2703.4000,2703.6000,2704.0000,2704.6000,2705.6000,1,1,2,6,3,1,1,1,1,4
SF,IH2012,2020-04-30 09:31:13.000,2703.2000,1346,0,45411060.000,0,-,-,-,-,2700.8000,2700.6000,2700.2000,2700.0000,2698.8000,2703.2000,2703.4000,2704.0000,2704.6000,2705.6000,1,1,2,6,3,1,1,1,1,4
SF,IH2012,2020-04-30 09:31:13.500,2703.2000,1346,0,45411060.000,0,-,-,-,-,2700.2000,2700.0000,2698.8000,2698.4000,2697.0000,2703.2000,2704.0000,2704.6000,2705.6000,2705.8000,2,6,3,2,1,1,1,1,4,6
SF,IH2012,2020-04-30 09:31:14.000,2703.2000,1346,0,45411060.000,0,-,-,-,-,2700.4000,2700.2000,2700.0000,2698.8000,2698.4000,2703.2000,2704.6000,2705.4000,2705.6000,2705.8000,3,2,6,3,2,1,1,1,4,6
SF,IH2012,2020-04-30 09:31:15.000,2703.2000,1346,0,45411060.000,0,-,-,-,-,2700.4000,2700.2000,2700.0000,2698.8000,2698.4000,2703.2000,2704.6000,2705.4000,2705.6000,2705.8000,1,2,6,3,2,1,1,1,4,6
SF,IH2012,2020-04-30 09:31:15.500,2703.2000,1346,0,45411060.000,0,-,-,-,-,2700.2000,2700.0000,2698.8000,2698.4000,2697.0000,2703.0000,2703.2000,2704.6000,2705.4000,2705.6000,2,6,3,2,1,1,1,1,1,4
SF,IH2012,2020-04-30 09:31:16.500,2703.2000,1346,0,45411060.000,0,-,-,-,-,2700.2000,2700.0000,2698.8000,2698.4000,2697.0000,2702.8000,2704.6000,2705.4000,2705.6000,2705.8000,2,6,2,2,1,1,1,1,4,6
SF,IH2012,2020-04-30 09:31:17.500,2703.2000,1346,0,45411060.000,0,-,-,-,-,2700.4000,2700.2000,2700.0000,2698.8000,2698.4000,2704.6000,2705.4000,2705.6000,2705.8000,2706.4000,2,2,6,2,2,1,1,4,6,2
SF,IH2012,2020-04-30 09:31:18.000,2703.2000,1346,0,45411060.000,0,-,-,-,-,2700.4000,2700.2000,2700.0000,2698.8000,2698.4000,2704.4000,2704.6000,2705.4000,2705.6000,2705.8000,2,2,6,2,2,1,1,1,4,6
SF,IH2012,2020-04-30 09:31:18.500,2703.2000,1346,0,45411060.000,0,-,-,-,-,2700.4000,2700.2000,2700.0000,2698.8000,2698.4000,2703.6000,2704.0000,2704.4000,2704.6000,2705.4000,2,2,6,2,2,1,1,1,1,1
SF,IH2012,2020-04-30 09:31:19.000,2703.2000,1346,0,45411060.000,0,-,-,-,-,2700.6000,2700.2000,2700.0000,2698.8000,2698.4000,2703.4000,2703.6000,2704.0000,2704.6000,2705.4000,1,2,6,2,2,1,1,2,1,1
SF,IH2012,2020-04-30 09:31:19.500,2703.2000,1346,0,45411060.000,0,-,-,-,-,2700.6000,2700.2000,2700.0000,2698.8000,2698.4000,2703.4000,2703.6000,2704.0000,2704.6000,2705.4000,1,2,6,2,2,1,1,1,1,1
SF,IH2012,2020-04-30 09:31:20.000,2703.2000,1346,0,45411060.000,0,-,-,-,-,2700.6000,2700.2000,2700.0000,2698.8000,2698.4000,2703.2000,2703.4000,2704.6000,2705.4000,2705.6000,1,2,6,2,2,1,1,1,1,3
SF,IH2012,2020-04-30 09:31:20.500,2703.2000,1346,0,45411060.000,0,-,-,-,-,2700.8000,2700.6000,2700.2000,2700.0000,2698.8000,2703.2000,2703.4000,2704.6000,2705.4000,2705.6000,1,1,2,6,2,1,1,1,2,3
SF,IH2012,2020-04-30 09:31:21.000,2703.2000,1346,0,45411060.000,0,-,-,-,-,2701.0000,2700.8000,2700.2000,2700.0000,2698.8000,2703.2000,2703.4000,2704.6000,2705.4000,2705.6000,1,1,2,6,2,1,1,1,2,3
SF,IH2012,2020-04-30 09:31:21.500,2703.2000,1346,0,45411060.000,0,-,-,-,-,2701.0000,2700.8000,2700.2000,2700.0000,2698.8000,2703.4000,2704.6000,2705.4000,2705.6000,2705.8000,1,1,2,6,2,1,1,2,3,6
SF,IH2012,2020-04-30 09:31:22.500,2703.2000,1346,0,45411060.000,0,-,-,-,-,2701.0000,2700.8000,2700.2000,2700.0000,2698.8000,2703.4000,2704.6000,2705.4000,2705.6000,2705.8000,1,1,2,7,2,1,1,2,3,6
SF,IH2012,2020-04-30 09:31:23.000,2703.2000,1346,0,45411060.000,0,-,-,-,-,2701.2000,2701.0000,2700.8000,2700.2000,2700.0000,2704.6000,2705.4000,2705.6000,2705.8000,2706.4000,1,1,1,2,7,1,2,3,6,2
SF,IH2012,2020-04-30 09:31:23.500,2703.2000,1346,0,45411060.000,0,-,-,-,-,2701.4000,2701.2000,2700.8000,2700.2000,2700.0000,2704.4000,2704.6000,2705.4000,2705.6000,2705.8000,3,1,1,2,7,1,1,2,3,6
SF,IH2012,2020-04-30 09:31:24.000,2703.2000,1346,0,45411060.000,0,-,-,-,-,2701.4000,2701.2000,2700.8000,2700.2000,2700.0000,2705.6000,2705.8000,2706.4000,2706.6000,2707.0000,3,1,1,2,7,3,6,2,1,3
SF,IH2012,2020-04-30 09:31:24.500,2703.2000,1346,0,45411060.000,0,-,-,-,-,2701.4000,2700.8000,2700.2000,2700.0000,2698.8000,2705.4000,2705.6000,2705.8000,2706.4000,2706.6000,3,1,2,7,2,3,2,3,1,2
SF,IH2012,2020-04-30 09:31:25.000,2703.2000,1346,0,45411060.000,0,-,-,-,-,2701.4000,2700.8000,2700.2000,2700.0000,2698.8000,2705.4000,2705.6000,2705.8000,2706.6000,2707.0000,3,1,2,7,2,2,1,1,2,3
SF,IH2012,2020-04-30 09:31:25.500,2703.2000,1346,0,45411060.000,0,-,-,-,-,2701.8000,2701.6000,2701.4000,2700.8000,2700.2000,2705.8000,2706.0000,2706.6000,2707.0000,2708.0000,1,5,3,1,2,1,1,2,3,1
SF,IH2012,2020-04-30 09:31:26.000,2703.2000,1346,0,45411060.000,0,-,-,-,-,2702.0000,2701.8000,2701.4000,2700.2000,2700.0000,2705.6000,2705.8000,2706.0000,2706.4000,2706.6000,3,1,2,2,7,2,1,1,1,2
SF,IH2012,2020-04-30 09:31:26.500,2703.2000,1346,0,45411060.000,0,-,-,-,-,2702.0000,2701.8000,2701.4000,2700.2000,2700.0000,2705.6000,2705.8000,2706.0000,2706.4000,2706.6000,3,1,2,2,7,2,1,1,1,1
SF,IH2012,2020-04-30 09:31:27.000,2703.2000,1346,0,45411060.000,0,-,-,-,-,2702.0000,2701.4000,2700.2000,2700.0000,2698.8000,2705.6000,2705.8000,2706.0000,2706.4000,2706.6000,3,2,2,7,2,1,1,1,2,1
SF,IH2012,2020-04-30 09:31:29.000,2703.2000,1346,0,45411060.000,0,-,-,-,-,2702.6000,2702.0000,2701.4000,2700.2000,2700.0000,2705.6000,2705.8000,2706.0000,2706.4000,2706.6000,1,3,2,2,7,1,1,1,2,1
SF,IH2012,2020-04-30 09:31:29.500,2703.2000,1346,0,45411060.000,0,-,-,-,-,2702.8000,2702.6000,2702.0000,2701.4000,2700.2000,2705.4000,2705.6000,2705.8000,2706.0000,2706.4000,1,1,2,2,2,1,1,1,1,2
SF,IH2012,2020-04-30 09:31:30.000,2703.2000,1346,0,45411060.000,0,-,-,-,-,2702.8000,2702.6000,2702.0000,2701.4000,2700.2000,2705.2000,2705.4000,2705.8000,2706.0000,2706.4000,1,1,2,2,2,2,1,1,1,2
SF,IH2012,2020-04-30 09:31:31.500,2703.2000,1346,0,45411060.000,0,-,-,-,-,2703.0000,2702.8000,2702.6000,2702.0000,2701.4000,2705.2000,2705.8000,2706.0000,2706.4000,2706.6000,2,1,1,2,2,2,1,1,2,1
SF,IH2012,2020-04-30 09:31:32.000,2703.2000,1346,0,45411060.000,0,-,-,-,-,2702.8000,2702.6000,2702.0000,2701.4000,2700.2000,2705.2000,2705.8000,2706.0000,2706.4000,2706.6000,1,1,2,2,2,2,1,1,1,1
SF,IH2012,2020-04-30 09:31:32.500,2703.2000,1346,0,45411060.000,0,-,-,-,-,2703.0000,2702.8000,2702.6000,2702.0000,2701.4000,2705.2000,2705.8000,2706.0000,2706.4000,2706.6000,1,1,1,2,2,2,1,1,1,1
SF,IH2012,2020-04-30 09:31:33.000,2705.2000,1344,-2,47034180.000,2,0,2,双平,S,2702.8000,2702.6000,2702.0000,2701.4000,2700.2000,2705.8000,2706.0000,2706.4000,2706.6000,2708.0000,1,1,2,2,2,1,1,1,1,1
SF,IH2012,2020-04-30 09:31:34.000,2705.2000,1344,0,47034180.000,0,-,-,-,-,2705.0000,2703.0000,2702.8000,2702.6000,2702.0000,2705.8000,2706.0000,2706.4000,2706.6000,2708.0000,2,2,1,1,2,1,1,1,1,1
SF,IH2012,2020-04-30 09:31:34.500,2705.0000,1344,0,48657180.000,2,1,1,多换,S,2703.2000,2703.0000,2702.8000,2702.0000,2701.4000,2705.0000,2705.8000,2706.0000,2708.0000,2709.0000,1,1,1,2,2,2,1,1,1,2
SF,IH2012,2020-04-30 09:31:35.000,2705.0000,1344,0,48657180.000,0,-,-,-,-,2703.2000,2703.0000,2702.8000,2702.0000,2701.4000,2705.0000,2705.6000,2705.8000,2706.0000,2708.0000,1,1,1,2,2,2,1,1,1,1
SF,IH2012,2020-04-30 09:31:35.500,2705.0000,1344,0,48657180.000,0,-,-,-,-,2703.2000,2703.0000,2702.8000,2702.0000,2701.4000,2705.6000,2705.8000,2706.0000,2708.0000,2709.0000,1,1,1,2,2,1,1,1,1,2
SF,IH2012,2020-04-30 09:31:36.000,2705.0000,1344,0,48657180.000,0,-,-,-,-,2702.8000,2701.4000,2700.2000,2700.0000,2698.8000,2705.4000,2705.6000,2705.8000,2706.0000,2708.0000,1,2,2,7,2,2,1,1,1,1
SF,IH2012,2020-04-30 09:31:37.000,2705.0000,1344,0,48657180.000,0,-,-,-,-,2702.8000,2701.4000,2700.2000,2700.0000,2698.8000,2705.0000,2705.2000,2705.4000,2705.8000,2706.0000,1,2,2,7,2,1,1,2,1,1
SF,IH2012,2020-04-30 09:31:37.500,2705.0000,1344,0,48657180.000,0,-,-,-,-,2702.8000,2701.4000,2700.2000,2700.0000,2698.8000,2705.0000,2705.2000,2705.4000,2705.8000,2706.0000,1,2,2,7,2,1,1,1,1,1
SF,IH2012,2020-04-30 09:31:38.500,2705.0000,1344,0,48657180.000,0,-,-,-,-,2702.8000,2701.4000,2700.2000,2700.0000,2698.8000,2705.2000,2705.4000,2705.8000,2706.0000,2708.0000,1,2,2,7,2,1,1,1,1,1
SF,IH2012,2020-04-30 09:31:39.000,2705.0000,1344,0,48657180.000,0,-,-,-,-,2702.8000,2701.4000,2700.2000,2700.0000,2698.8000,2705.2000,2705.8000,2706.0000,2708.0000,2709.0000,1,2,2,7,2,1,1,1,1,2
SF,IH2012,2020-04-30 09:31:42.000,2705.0000,1344,0,48657180.000,0,-,-,-,-,2702.8000,2701.4000,2700.2000,2700.0000,2698.8000,2705.0000,2705.2000,2705.8000,2706.0000,2708.0000,1,2,2,7,2,1,1,1,1,1
SF,IH2012,2020-04-30 09:31:42.500,2705.0000,1344,0,48657180.000,0,-,-,-,-,2703.0000,2702.8000,2701.4000,2700.2000,2700.0000,2705.0000,2705.2000,2705.8000,2706.0000,2708.0000,1,1,2,2,7,1,1,1,1,1
SF,IH2012,2020-04-30 09:31:43.000,2705.0000,1344,0,48657180.000,0,-,-,-,-,2703.2000,2701.4000,2700.2000,2700.0000,2698.8000,2705.0000,2705.2000,2705.8000,2706.0000,2708.0000,1,2,2,7,2,1,1,1,1,1
SF,IH2012,2020-04-30 09:31:44.500,2705.0000,1344,0,48657180.000,0,-,-,-,-,2703.2000,2701.4000,2700.2000,2700.0000,2698.8000,2705.2000,2705.8000,2706.0000,2708.0000,2709.0000,1,2,2,7,2,1,1,1,1,2
SF,IH2012,2020-04-30 09:31:45.000,2705.0000,1344,0,48657180.000,0,-,-,-,-,2703.4000,2703.2000,2701.4000,2700.2000,2700.0000,2705.2000,2705.8000,2706.0000,2708.0000,2709.0000,1,1,2,2,7,1,1,1,1,2
SF,IH2012,2020-04-30 09:31:45.500,2703.6000,1343,-1,49468260.000,1,0,1,双平,S,2703.6000,2703.4000,2701.4000,2700.2000,2700.0000,2705.2000,2705.8000,2706.0000,2708.0000,2709.0000,1,1,2,2,7,1,1,1,1,2
SF,IH2012,2020-04-30 09:31:46.000,2703.6000,1343,0,49468260.000,0,-,-,-,-,2703.6000,2703.4000,2701.4000,2700.2000,2700.0000,2705.2000,2706.0000,2708.0000,2709.0000,2721.4000,1,1,2,2,7,1,1,1,2,1
SF,IH2012,2020-04-30 09:31:46.500,2703.6000,1343,0,49468260.000,0,-,-,-,-,2703.8000,2703.6000,2703.4000,2701.4000,2700.2000,2705.2000,2706.0000,2708.0000,2709.0000,2721.4000,1,1,1,2,2,1,1,1,2,1
SF,IH2012,2020-04-30 09:31:50.500,2703.8000,1343,0,50279400.000,1,0,1,多换,S,2703.6000,2703.4000,2701.4000,2700.2000,2700.0000,2705.2000,2706.0000,2708.0000,2709.0000,2712.8000,1,1,2,2,7,1,1,1,1,1
SF,IH2012,2020-04-30 09:31:51.000,2703.6000,1342,-1,51090480.000,1,0,1,双平,S,2703.4000,2701.4000,2700.2000,2700.0000,2698.8000,2705.2000,2706.0000,2708.0000,2709.0000,2712.8000,1,2,2,7,2,1,1,1,1,1
SF,IH2012,2020-04-30 09:31:51.500,2703.6000,1342,0,51090480.000,0,-,-,-,-,2703.6000,2703.4000,2701.4000,2700.2000,2700.0000,2705.2000,2706.0000,2706.6000,2708.0000,2709.0000,1,1,2,2,7,1,1,1,1,1
SF,IH2012,2020-04-30 09:31:52.000,2703.6000,1342,0,51901560.000,1,0,1,多换,S,2703.4000,2701.4000,2700.2000,2700.0000,2698.8000,2705.0000,2705.2000,2706.0000,2706.6000,2708.0000,1,2,2,7,2,1,1,1,1,1
SF,IH2012,2020-04-30 09:31:52.500,2703.4000,1342,0,52712580.000,1,0,1,多换,S,2701.4000,2700.2000,2700.0000,2698.8000,2698.4000,2705.0000,2705.2000,2706.0000,2706.6000,2708.0000,2,2,7,2,2,1,1,1,1,1
SF,IH2012,2020-04-30 09:31:53.000,2703.4000,1342,0,52712580.000,0,-,-,-,-,2701.8000,2701.6000,2701.4000,2700.2000,2700.0000,2705.2000,2706.0000,2706.6000,2708.0000,2709.0000,5,3,2,2,7,1,1,1,1,1
SF,IH2012,2020-04-30 09:31:53.500,2703.4000,1342,0,52712580.000,0,-,-,-,-,2703.0000,2702.0000,2701.8000,2701.6000,2701.4000,2705.2000,2706.0000,2706.2000,2706.6000,2708.0000,1,2,5,2,2,1,1,1,1,1
SF,IH2012,2020-04-30 09:31:54.000,2703.4000,1342,0,52712580.000,0,-,-,-,-,2703.2000,2703.0000,2702.0000,2701.8000,2701.6000,2705.0000,2705.2000,2706.0000,2706.2000,2706.6000,1,1,2,5,1,1,1,1,1,1
SF,IH2012,2020-04-30 09:31:54.500,2703.4000,1342,0,52712580.000,0,-,-,-,-,2703.4000,2703.2000,2703.0000,2702.0000,2701.8000,2705.0000,2705.2000,2706.0000,2706.2000,2706.6000,1,1,1,1,5,1,1,1,1,1
SF,IH2012,2020-04-30 09:31:55.000,2703.4000,1342,0,52712580.000,0,-,-,-,-,2703.4000,2703.2000,2703.0000,2702.0000,2701.8000,2705.0000,2705.2000,2706.0000,2706.2000,2706.6000,1,1,1,1,5,1,1,1,1,1
SF,IH2012,2020-04-30 09:31:55.500,2703.4000,1342,0,52712580.000,0,-,-,-,-,2703.6000,2703.4000,2703.2000,2702.0000,2701.8000,2704.8000,2705.2000,2706.0000,2706.2000,2706.6000,2,1,1,1,5,1,1,1,1,1
SF,IH2012,2020-04-30 09:31:56.000,2704.8000,1341,-1,53524020.000,1,0,1,双平,S,2705.0000,2703.6000,2703.4000,2703.2000,2702.0000,2705.2000,2706.0000,2706.2000,2706.6000,2708.0000,2,2,1,1,1,1,1,1,1,1
SF,IH2012,2020-04-30 09:31:56.500,2705.0000,1339,-2,55147020.000,2,0,2,双平,S,2703.6000,2703.4000,2703.2000,2702.0000,2701.8000,2705.0000,2705.2000,2706.0000,2706.6000,2708.0000,2,2,1,1,5,2,1,1,1,1
SF,IH2012,2020-04-30 09:31:57.000,2705.0000,1337,-2,56770020.000,2,0,2,双平,S,2703.8000,2703.6000,2703.4000,2703.2000,2702.0000,2705.2000,2706.0000,2706.6000,2708.0000,2709.0000,1,2,2,1,1,1,1,1,1,1
SF,IH2012,2020-04-30 09:31:57.500,2705.0000,1337,0,56770020.000,0,-,-,-,-,2704.0000,2703.8000,2703.6000,2703.4000,2703.2000,2705.2000,2706.0000,2708.0000,2709.0000,2712.8000,1,1,2,2,1,1,1,1,1,1
SF,IH2012,2020-04-30 09:31:58.500,2705.0000,1337,0,56770020.000,0,-,-,-,-,2704.0000,2703.8000,2703.6000,2703.4000,2703.2000,2705.2000,2706.0000,2708.0000,2709.0000,2712.8000,1,1,2,2,1,1,1,1,1,1
SF,IH2012,2020-04-30 09:31:59.000,2705.0000,1337,0,56770020.000,0,-,-,-,-,2704.2000,2704.0000,2703.8000,2703.6000,2703.4000,2705.2000,2706.0000,2708.0000,2709.0000,2712.8000,1,1,1,1,2,1,1,1,1,1
SF,IH2012,2020-04-30 09:31:59.500,2704.2000,1336,-1,57581280.000,1,0,1,双平,S,2703.8000,2703.6000,2703.4000,2703.2000,2702.0000,2705.2000,2706.0000,2708.0000,2709.0000,2712.8000,1,1,2,1,1,1,1,1,1,1
SF,IH2012,2020-04-30 09:32:00.000,2704.2000,1336,0,57581280.000,0,-,-,-,-,2703.6000,2703.4000,2703.2000,2702.0000,2701.8000,2705.2000,2706.0000,2708.0000,2709.0000,2712.8000,1,2,1,1,5,1,1,1,1,1
SF,IH2012,2020-04-30 09:32:00.500,2704.2000,1336,0,57581280.000,0,-,-,-,-,2703.6000,2703.4000,2703.2000,2702.0000,2701.8000,2705.2000,2706.0000,2708.0000,2709.0000,2712.8000,1,2,1,1,5,1,1,1,1,1
SF,IH2012,2020-04-30 09:32:01.000,2704.2000,1336,0,57581280.000,0,-,-,-,-,2703.8000,2703.6000,2703.4000,2703.2000,2702.0000,2705.2000,2706.0000,2708.0000,2709.0000,2712.8000,1,1,2,1,1,1,1,1,1,1
SF,IH2012,2020-04-30 09:32:01.500,2704.2000,1336,0,57581280.000,0,-,-,-,-,2704.0000,2703.8000,2703.6000,2703.4000,2703.2000,2705.2000,2706.0000,2708.0000,2709.0000,2712.8000,1,1,1,1,1,1,1,1,1,1
SF,IH2012,2020-04-30 09:32:02.000,2704.2000,1336,0,57581280.000,0,-,-,-,-,2704.0000,2703.8000,2703.6000,2703.4000,2703.2000,2705.2000,2706.0000,2708.0000,2709.0000,2712.8000,1,1,1,1,1,1,1,2,1,1
SF,IH2012,2020-04-30 09:32:03.000,2704.2000,1336,0,57581280.000,0,-,-,-,-,2704.0000,2703.6000,2703.4000,2703.2000,2702.0000,2705.0000,2705.2000,2706.0000,2708.0000,2709.0000,1,1,1,1,1,1,1,1,2,1
SF,IH2012,2020-04-30 09:32:03.500,2704.0000,1335,-1,58392480.000,1,0,1,双平,S,2703.4000,2703.2000,2702.0000,2701.8000,2701.6000,2705.0000,2705.2000,2706.0000,2708.0000,2709.0000,1,1,1,5,1,1,1,1,2,1
SF,IH2012,2020-04-30 09:32:04.000,2704.0000,1335,0,58392480.000,0,-,-,-,-,2703.4000,2702.0000,2701.8000,2701.6000,2701.4000,2704.8000,2705.0000,2705.2000,2706.0000,2708.0000,1,2,5,1,2,1,1,1,1,2
SF,IH2012,2020-04-30 09:32:04.500,2704.0000,1335,0,58392480.000,0,-,-,-,-,2703.4000,2702.0000,2701.6000,2701.4000,2700.2000,2704.8000,2705.0000,2705.2000,2706.0000,2708.0000,1,2,1,2,2,1,1,1,1,2
SF,IH2012,2020-04-30 09:32:05.000,2704.0000,1335,0,58392480.000,0,-,-,-,-,2702.0000,2701.6000,2701.4000,2700.2000,2700.0000,2704.8000,2705.0000,2705.2000,2706.0000,2708.0000,2,1,2,2,7,1,1,1,1,2
SF,IH2012,2020-04-30 09:32:05.500,2704.0000,1335,0,58392480.000,0,-,-,-,-,2702.2000,2702.0000,2701.6000,2701.4000,2700.6000,2704.8000,2705.0000,2705.2000,2706.0000,2708.0000,2,2,1,2,1,1,1,1,1,2
SF,IH2012,2020-04-30 09:32:11.500,2704.0000,1335,0,58392480.000,0,-,-,-,-,2702.2000,2702.0000,2701.6000,2701.4000,2700.6000,2704.8000,2705.0000,2705.2000,2706.0000,2706.2000,2,2,1,2,1,1,1,1,1,1
SF,IH2012,2020-04-30 09:32:12.000,2704.0000,1335,0,58392480.000,0,-,-,-,-,2702.4000,2702.2000,2702.0000,2701.6000,2701.4000,2704.8000,2705.2000,2706.0000,2706.2000,2708.0000,1,2,2,1,2,1,1,1,1,2
SF,IH2012,2020-04-30 09:32:12.500,2704.0000,1335,0,58392480.000,0,-,-,-,-,2702.6000,2702.4000,2702.2000,2702.0000,2701.6000,2704.8000,2705.2000,2706.0000,2706.2000,2708.0000,1,1,2,2,1,1,1,1,1,2
SF,IH2012,2020-04-30 09:32:13.000,2704.0000,1335,0,58392480.000,0,-,-,-,-,2702.8000,2702.6000,2702.4000,2702.2000,2702.0000,2704.8000,2706.0000,2706.2000,2708.0000,2709.0000,1,1,1,2,2,1,1,1,2,1
SF,IH2012,2020-04-30 09:32:13.500,2704.0000,1335,0,58392480.000,0,-,-,-,-,2703.0000,2702.8000,2702.6000,2702.2000,2702.0000,2704.8000,2706.0000,2706.2000,2708.0000,2709.0000,1,1,1,2,2,1,1,1,2,1
SF,IH2012,2020-04-30 09:32:14.000,2704.0000,1335,0,58392480.000,0,-,-,-,-,2703.0000,2702.6000,2702.2000,2702.0000,2701.6000,2704.8000,2706.0000,2706.2000,2708.0000,2709.0000,1,1,2,2,1,1,1,1,2,1
SF,IH2012,2020-04-30 09:32:15.000,2704.0000,1335,0,58392480.000,0,-,-,-,-,2702.6000,2702.2000,2702.0000,2701.6000,2701.4000,2704.8000,2706.0000,2706.2000,2708.0000,2709.0000,1,2,2,1,2,1,1,1,2,1
SF,IH2012,2020-04-30 09:32:15.500,2704.0000,1335,0,58392480.000,0,-,-,-,-,2702.8000,2702.6000,2702.2000,2702.0000,2701.6000,2704.8000,2706.0000,2706.2000,2708.0000,2709.0000,1,1,2,2,1,1,1,1,2,1
SF,IH2012,2020-04-30 09:32:16.000,2702.8000,1335,0,59203320.000,1,0,1,多换,S,2702.2000,2702.0000,2700.0000,2696.4000,2691.0000,2704.8000,2706.0000,2706.2000,2708.0000,2709.0000,1,1,7,1,1,1,1,1,2,1
SF,IH2012,2020-04-30 09:32:17.500,2702.8000,1335,0,59203320.000,0,-,-,-,-,2702.2000,2702.0000,2700.0000,2696.4000,2691.0000,2704.6000,2704.8000,2706.0000,2706.2000,2708.0000,1,1,7,1,1,1,1,1,1,1
SF,IH2012,2020-04-30 09:32:18.500,2702.8000,1335,0,59203320.000,0,-,-,-,-,2702.2000,2702.0000,2700.0000,2696.4000,2691.0000,2704.8000,2706.0000,2706.2000,2708.0000,2709.0000,1,1,7,1,1,1,1,1,1,1
SF,IH2012,2020-04-30 09:32:19.000,2702.8000,1335,0,59203320.000,0,-,-,-,-,2702.4000,2702.2000,2702.0000,2700.0000,2696.4000,2704.8000,2706.0000,2706.2000,2708.0000,2709.0000,1,1,1,7,1,1,1,1,1,1
SF,IH2012,2020-04-30 09:32:20.500,2702.8000,1335,0,59203320.000,0,-,-,-,-,2702.4000,2702.2000,2702.0000,2700.0000,2696.4000,2704.6000,2704.8000,2706.0000,2706.2000,2708.0000,1,1,1,7,1,1,1,1,1,1
SF,IH2012,2020-04-30 09:32:21.000,2702.8000,1335,0,59203320.000,0,-,-,-,-,2702.6000,2702.4000,2702.0000,2700.0000,2696.4000,2704.6000,2704.8000,2706.0000,2706.2000,2708.0000,1,1,1,7,1,1,1,1,2,1
SF,IH2012,2020-04-30 09:32:21.500,2702.8000,1335,0,59203320.000,0,-,-,-,-,2702.8000,2702.6000,2702.4000,2702.0000,2700.0000,2704.6000,2706.0000,2706.2000,2708.0000,2709.0000,1,1,1,1,7,1,1,2,1,1
SF,IH2012,2020-04-30 09:32:29.000,2702.8000,1335,0,60014160.000,1,0,1,多换,S,2702.6000,2702.4000,2702.0000,2700.0000,2696.4000,2704.6000,2706.0000,2706.2000,2708.0000,2709.0000,1,1,1,7,1,1,1,2,1,1
SF,IH2012,2020-04-30 09:32:30.500,2702.8000,1335,0,60014160.000,0,-,-,-,-,2702.6000,2702.4000,2702.0000,2700.0000,2691.0000,2704.6000,2706.0000,2706.2000,2708.0000,2709.0000,1,1,1,7,1,1,1,2,1,1
SF,IH2012,2020-04-30 09:32:31.000,2702.8000,1335,0,60014160.000,0,-,-,-,-,2702.8000,2702.6000,2702.4000,2702.0000,2700.0000,2704.6000,2706.0000,2706.2000,2708.0000,2709.0000,1,1,1,1,7,1,1,2,1,1
SF,IH2012,2020-04-30 09:32:32.000,2702.8000,1335,0,60014160.000,0,-,-,-,-,2703.0000,2702.8000,2702.6000,2702.4000,2702.0000,2704.6000,2706.0000,2706.2000,2708.0000,2709.0000,1,1,1,1,1,1,1,2,1,1
SF,IH2012,2020-04-30 09:32:33.000,2702.8000,1335,0,60014160.000,0,-,-,-,-,2703.2000,2703.0000,2702.6000,2702.4000,2702.0000,2704.6000,2706.0000,2706.2000,2708.0000,2709.0000,1,1,1,1,1,1,1,2,1,1
SF,IH2012,2020-04-30 09:32:34.000,2702.8000,1335,0,60014160.000,0,-,-,-,-,2703.2000,2703.0000,2702.6000,2702.4000,2702.0000,2704.6000,2706.0000,2706.2000,2708.0000,2709.0000,1,5,1,1,1,1,1,2,1,1
SF,IH2012,2020-04-30 09:32:34.500,2702.8000,1335,0,60014160.000,0,-,-,-,-,2703.2000,2703.0000,2702.6000,2702.4000,2702.0000,2704.6000,2705.0000,2706.0000,2706.2000,2708.0000,1,5,1,1,1,1,1,1,2,1
SF,IH2012,2020-04-30 09:32:36.000,2702.8000,1335,0,60014160.000,0,-,-,-,-,2703.4000,2703.2000,2703.0000,2702.6000,2702.4000,2704.6000,2705.0000,2706.0000,2706.2000,2708.0000,1,1,4,1,1,1,1,1,2,1
SF,IH2012,2020-04-30 09:32:37.500,2702.8000,1335,0,60014160.000,0,-,-,-,-,2703.6000,2703.4000,2703.0000,2702.6000,2702.4000,2704.6000,2705.0000,2706.0000,2706.2000,2708.0000,1,1,4,1,1,1,1,1,2,1
SF,IH2012,2020-04-30 09:32:38.000,2704.6000,1335,0,60825540.000,1,0,1,多换,S,2703.6000,2703.4000,2703.0000,2702.6000,2702.4000,2705.0000,2706.0000,2706.2000,2708.0000,2709.0000,1,1,4,1,1,1,1,2,1,1
SF,IH2012,2020-04-30 09:32:38.500,2704.6000,1335,0,60825540.000,0,-,-,-,-,2703.6000,2703.4000,2703.0000,2702.6000,2702.4000,2705.0000,2706.0000,2706.2000,2708.0000,2709.0000,1,1,4,1,1,1,1,1,1,1
SF,IH2012,2020-04-30 09:32:39.000,2704.6000,1335,0,60825540.000,0,-,-,-,-,2704.0000,2703.6000,2703.0000,2702.6000,2702.4000,2705.0000,2706.0000,2706.2000,2708.0000,2709.0000,1,1,4,1,1,1,1,1,1,1
SF,IH2012,2020-04-30 09:32:40.000,2704.6000,1335,0,60825540.000,0,-,-,-,-,2704.0000,2703.0000,2702.6000,2702.4000,2702.0000,2705.0000,2706.0000,2706.2000,2707.8000,2708.0000,1,4,1,1,1,1,1,1,1,1
SF,IH2012,2020-04-30 09:32:40.500,2704.6000,1335,0,60825540.000,0,-,-,-,-,2703.0000,2702.6000,2702.4000,2702.2000,2702.0000,2705.0000,2706.0000,2706.2000,2707.8000,2708.0000,4,1,1,1,1,1,1,1,1,1
SF,IH2012,2020-04-30 09:32:41.000,2705.0000,1334,-1,61637040.000,1,0,1,双平,S,2703.4000,2703.2000,2703.0000,2702.4000,2702.2000,2706.0000,2706.2000,2707.8000,2708.0000,2709.0000,5,1,4,1,1,1,1,1,1,1
SF,IH2012,2020-04-30 09:32:41.500,2705.0000,1334,0,61637040.000,0,-,-,-,-,2703.6000,2703.4000,2703.0000,2702.4000,2702.2000,2706.0000,2706.2000,2707.8000,2708.0000,2709.0000,1,5,4,1,1,1,1,1,1,1
SF,IH2012,2020-04-30 09:32:42.000,2705.0000,1334,0,61637040.000,0,-,-,-,-,2703.8000,2703.6000,2703.0000,2702.4000,2702.2000,2706.0000,2706.2000,2707.8000,2708.0000,2709.0000,5,1,4,1,1,1,1,1,1,1
SF,IH2012,2020-04-30 09:32:42.500,2705.0000,1334,0,61637040.000,0,-,-,-,-,2704.0000,2703.8000,2703.0000,2702.4000,2702.0000,2706.0000,2706.2000,2707.8000,2708.0000,2709.0000,1,5,4,1,1,1,1,1,1,1
SF,IH2012,2020-04-30 09:32:43.000,2705.0000,1334,0,61637040.000,0,-,-,-,-,2704.4000,2704.2000,2704.0000,2703.0000,2702.4000,2706.0000,2706.2000,2707.8000,2708.0000,2709.0000,1,5,1,4,1,1,1,1,1,1
SF,IH2012,2020-04-30 09:32:43.500,2705.0000,1334,0,61637040.000,0,-,-,-,-,2704.6000,2704.4000,2704.0000,2703.0000,2702.4000,2706.0000,2706.2000,2707.8000,2708.0000,2709.0000,5,1,1,4,1,1,1,1,1,1
SF,IH2012,2020-04-30 09:32:44.500,2705.0000,1334,0,61637040.000,0,-,-,-,-,2704.6000,2704.4000,2704.0000,2703.0000,2702.4000,2706.0000,2706.2000,2708.0000,2709.0000,2712.8000,5,1,1,4,1,1,1,1,1,1
SF,IH2012,2020-04-30 09:32:45.000,2705.0000,1334,0,61637040.000,0,-,-,-,-,2704.8000,2704.6000,2704.4000,2703.0000,2702.4000,2706.0000,2706.2000,2708.0000,2709.0000,2712.8000,1,5,1,4,1,1,1,1,1,1
SF,IH2012,2020-04-30 09:32:45.500,2706.0000,1334,0,62448840.000,1,0,1,多换,S,2705.2000,2704.8000,2704.4000,2703.0000,2702.4000,2706.2000,2708.0000,2708.8000,2709.0000,2712.8000,5,1,1,4,1,1,1,1,1,1
SF,IH2012,2020-04-30 09:32:46.000,2706.2000,1333,-1,63260700.000,1,0,1,双平,S,2705.2000,2704.8000,2703.0000,2702.4000,2700.0000,2708.0000,2709.0000,2712.8000,2721.4000,2722.6000,6,1,4,1,7,1,1,1,1,1
SF,IH2012,2020-04-30 09:32:46.500,2706.2000,1333,0,63260700.000,0,-,-,-,-,2705.2000,2704.8000,2703.0000,2700.0000,2691.0000,2707.8000,2708.0000,2709.0000,2712.8000,2721.4000,1,1,4,7,1,1,1,1,1,1
SF,IH2012,2020-04-30 09:32:47.000,2706.2000,1333,0,63260700.000,0,-,-,-,-,2705.6000,2704.8000,2703.0000,2700.0000,2691.0000,2707.8000,2708.0000,2709.0000,2712.8000,2721.4000,1,1,4,7,1,1,1,1,1,1
SF,IH2012,2020-04-30 09:32:47.500,2706.2000,1333,0,63260700.000,0,-,-,-,-,2705.8000,2705.6000,2704.8000,2703.0000,2700.0000,2707.8000,2708.0000,2709.0000,2710.0000,2712.8000,5,1,1,4,7,1,1,1,1,1
SF,IH2012,2020-04-30 09:32:48.000,2706.2000,1333,0,63260700.000,0,-,-,-,-,2706.0000,2705.8000,2705.6000,2703.0000,2700.0000,2708.0000,2709.0000,2710.0000,2712.8000,2721.4000,1,5,1,4,7,1,1,1,1,1
SF,IH2012,2020-04-30 09:32:48.500,2706.2000,1333,0,63260700.000,0,-,-,-,-,2706.4000,2706.0000,2705.6000,2700.0000,2691.0000,2708.0000,2709.0000,2712.8000,2721.4000,2722.6000,5,1,1,7,1,1,1,1,1,1
SF,IH2012,2020-04-30 09:32:49.500,2706.2000,1333,0,63260700.000,0,-,-,-,-,2706.4000,2706.0000,2700.0000,2691.0000,2686.2000,2708.0000,2709.0000,2711.6000,2712.8000,2721.4000,5,1,7,1,1,1,1,1,1,1
SF,IH2012,2020-04-30 09:32:50.500,2706.2000,1333,0,63260700.000,0,-,-,-,-,2706.4000,2706.0000,2700.0000,2691.0000,2686.2000,2708.0000,2709.0000,2711.6000,2716.6000,2721.4000,5,1,7,1,1,1,1,1,1,1
SF,IH2012,2020-04-30 09:32:51.000,2706.2000,1333,0,63260700.000,0,-,-,-,-,2700.0000,2691.0000,2686.2000,2682.4000,2681.0000,2707.8000,2708.0000,2709.0000,2711.6000,2716.6000,7,1,1,1,1,1,1,1,1,1
SF,IH2012,2020-04-30 09:32:51.500,2706.2000,1333,0,63260700.000,0,-,-,-,-,2700.4000,2700.2000,2700.0000,2691.0000,2686.2000,2708.0000,2709.0000,2711.6000,2716.6000,2721.4000,9,1,7,1,1,1,1,1,1,1
SF,IH2012,2020-04-30 09:32:52.000,2706.2000,1333,0,63260700.000,0,-,-,-,-,2700.6000,2700.4000,2700.0000,2691.0000,2686.2000,2707.8000,2708.0000,2709.0000,2711.6000,2716.6000,1,9,7,1,1,1,1,1,1,1
SF,IH2012,2020-04-30 09:32:52.500,2706.2000,1333,0,63260700.000,0,-,-,-,-,2701.8000,2701.0000,2700.6000,2700.4000,2700.0000,2707.8000,2708.0000,2709.0000,2711.6000,2716.6000,1,5,1,4,7,1,1,1,1,1
SF,IH2012,2020-04-30 09:32:53.000,2706.2000,1333,0,63260700.000,0,-,-,-,-,2703.2000,2702.2000,2702.0000,2701.8000,2701.2000,2707.8000,2708.0000,2709.0000,2711.6000,2716.6000,1,5,1,1,1,1,1,1,1,1
SF,IH2012,2020-04-30 09:32:53.500,2706.2000,1333,0,63260700.000,0,-,-,-,-,2703.6000,2703.4000,2703.2000,2703.0000,2702.6000,2707.8000,2708.0000,2709.0000,2711.6000,2716.6000,5,1,1,1,1,1,1,1,1,1
SF,IH2012,2020-04-30 09:32:54.000,2706.2000,1333,0,63260700.000,0,-,-,-,-,2703.8000,2703.6000,2703.2000,2702.6000,2701.8000,2707.8000,2708.0000,2709.0000,2711.6000,2716.6000,1,5,1,1,1,1,1,1,1,1
SF,IH2012,2020-04-30 09:32:54.500,2706.2000,1333,0,63260700.000,0,-,-,-,-,2704.2000,2703.8000,2703.2000,2702.6000,2701.8000,2707.8000,2708.0000,2709.0000,2711.6000,2716.6000,5,1,1,1,1,1,1,1,1,1
SF,IH2012,2020-04-30 09:32:55.000,2706.2000,1333,0,63260700.000,0,-,-,-,-,2704.2000,2703.8000,2703.2000,2702.6000,2702.4000,2707.8000,2708.0000,2709.0000,2711.6000,2716.6000,5,1,1,1,1,1,1,1,1,1
SF,IH2012,2020-04-30 09:32:55.500,2706.2000,1333,0,63260700.000,0,-,-,-,-,2704.2000,2703.8000,2703.2000,2700.0000,2691.0000,2707.8000,2708.0000,2709.0000,2711.6000,2712.0000,5,1,1,7,1,1,1,1,1,1
SF,IH2012,2020-04-30 09:32:56.500,2706.2000,1333,0,63260700.000,0,-,-,-,-,2704.2000,2703.8000,2703.2000,2700.0000,2691.0000,2707.8000,2708.0000,2709.0000,2712.0000,2716.6000,5,1,1,7,1,1,1,1,1,1
SF,IH2012,2020-04-30 09:32:57.000,2706.2000,1333,0,63260700.000,0,-,-,-,-,2704.4000,2704.2000,2703.2000,2700.0000,2691.0000,2707.8000,2708.0000,2709.0000,2712.0000,2716.6000,1,5,1,7,1,1,1,1,1,1
SF,IH2012,2020-04-30 09:32:57.500,2706.2000,1333,0,63260700.000,0,-,-,-,-,2704.8000,2704.4000,2703.2000,2701.2000,2700.0000,2707.8000,2708.0000,2709.0000,2712.0000,2716.6000,5,1,1,1,7,1,1,1,1,1
SF,IH2012,2020-04-30 09:32:58.000,2706.2000,1333,0,63260700.000,0,-,-,-,-,2704.8000,2704.4000,2703.2000,2701.2000,2700.0000,2707.8000,2708.0000,2709.0000,2712.0000,2716.6000,5,1,1,1,7,1,2,1,1,1
SF,IH2012,2020-04-30 09:32:58.500,2706.2000,1333,0,63260700.000,0,-,-,-,-,2705.0000,2704.8000,2704.4000,2703.2000,2701.2000,2707.8000,2708.0000,2709.0000,2712.0000,2716.6000,1,5,1,1,1,1,2,1,1,1
SF,IH2012,2020-04-30 09:32:59.000,2706.2000,1333,0,63260700.000,0,-,-,-,-,2705.4000,2705.0000,2704.4000,2703.2000,2701.2000,2707.8000,2708.0000,2709.0000,2712.0000,2716.6000,5,1,1,1,1,1,2,1,1,1
SF,IH2012,2020-04-30 09:33:00.000,2706.2000,1333,0,63260700.000,0,-,-,-,-,2705.0000,2704.4000,2703.2000,2701.2000,2700.0000,2707.8000,2708.0000,2709.0000,2712.0000,2716.6000,1,1,1,1,7,1,2,1,1,1
SF,IH2012,2020-04-30 09:33:00.500,2706.2000,1333,0,63260700.000,0,-,-,-,-,2705.4000,2705.0000,2704.4000,2703.2000,2701.2000,2707.8000,2708.0000,2709.0000,2712.0000,2716.6000,5,2,1,1,1,1,2,1,1,1
SF,IH2012,2020-04-30 09:33:01.500,2706.2000,1333,0,63260700.000,0,-,-,-,-,2705.4000,2705.0000,2704.4000,2703.2000,2701.2000,2707.8000,2708.0000,2709.0000,2712.0000,2716.6000,5,6,1,1,1,1,2,1,1,1
SF,IH2012,2020-04-30 09:33:02.000,2706.2000,1333,0,63260700.000,0,-,-,-,-,2705.6000,2705.4000,2705.0000,2703.2000,2701.2000,2708.0000,2709.0000,2712.0000,2716.6000,2721.4000,1,5,6,1,1,2,1,1,1,1
SF,IH2012,2020-04-30 09:33:02.500,2706.2000,1333,0,63260700.000,0,-,-,-,-,2706.0000,2705.6000,2705.0000,2703.2000,2701.2000,2708.0000,2709.0000,2712.0000,2716.6000,2721.4000,5,1,6,1,1,2,1,1,1,1
SF,IH2012,2020-04-30 09:33:03.000,2706.2000,1333,0,63260700.000,0,-,-,-,-,2706.2000,2706.0000,2705.0000,2703.2000,2701.2000,2708.0000,2709.0000,2712.0000,2716.6000,2721.4000,1,5,6,1,1,2,1,1,1,1
SF,IH2012,2020-04-30 09:33:03.500,2706.2000,1333,0,63260700.000,0,-,-,-,-,2706.6000,2706.4000,2706.2000,2705.0000,2703.2000,2708.0000,2709.0000,2712.0000,2716.6000,2721.4000,5,1,1,6,1,2,1,1,1,1
SF,IH2012,2020-04-30 09:33:04.500,2706.2000,1333,0,63260700.000,0,-,-,-,-,2707.0000,2706.6000,2706.2000,2705.0000,2703.2000,2708.0000,2709.0000,2715.6000,2716.6000,2721.4000,1,5,1,6,1,2,1,1,1,1
SF,IH2012,2020-04-30 09:33:05.000,2706.2000,1333,0,63260700.000,0,-,-,-,-,2707.0000,2706.2000,2705.0000,2703.2000,2703.0000,2708.0000,2709.0000,2715.6000,2716.6000,2721.4000,1,1,6,1,1,2,1,1,1,1
SF,IH2012,2020-04-30 09:33:06.000,2706.2000,1333,0,63260700.000,0,-,-,-,-,2706.2000,2705.0000,2703.2000,2703.0000,2701.2000,2708.0000,2709.0000,2715.6000,2716.6000,2721.4000,1,6,1,1,1,2,1,1,1,1
SF,IH2012,2020-04-30 09:33:06.500,2706.2000,1333,0,63260700.000,0,-,-,-,-,2706.6000,2706.2000,2705.0000,2703.2000,2703.0000,2708.0000,2709.0000,2715.6000,2716.6000,2721.4000,5,1,6,1,1,2,1,1,1,1
SF,IH2012,2020-04-30 09:33:08.500,2706.2000,1333,0,63260700.000,0,-,-,-,-,2706.6000,2706.2000,2705.0000,2703.2000,2701.2000,2708.0000,2709.0000,2715.6000,2716.6000,2721.4000,5,1,6,1,1,2,1,1,1,1
SF,IH2012,2020-04-30 09:33:09.000,2706.2000,1333,0,63260700.000,0,-,-,-,-,2705.0000,2703.2000,2701.2000,2700.0000,2691.0000,2708.0000,2709.0000,2715.6000,2716.6000,2721.4000,6,1,1,8,1,2,1,1,1,1
SF,IH2012,2020-04-30 09:33:09.500,2706.2000,1333,0,63260700.000,0,-,-,-,-,2705.4000,2705.2000,2705.0000,2703.2000,2701.2000,2707.8000,2708.0000,2709.0000,2715.6000,2716.6000,5,1,6,1,1,1,2,1,1,1
SF,IH2012,2020-04-30 09:33:10.000,2706.2000,1333,0,63260700.000,0,-,-,-,-,2705.6000,2705.4000,2705.0000,2703.2000,2701.2000,2707.8000,2708.0000,2709.0000,2715.6000,2716.6000,1,5,6,1,1,1,2,1,1,1
SF,IH2012,2020-04-30 09:33:10.500,2706.2000,1333,0,63260700.000,0,-,-,-,-,2706.0000,2705.6000,2705.0000,2703.2000,2701.2000,2707.8000,2708.0000,2709.0000,2715.6000,2716.6000,5,1,6,1,1,1,2,1,1,1
SF,IH2012,2020-04-30 09:33:13.500,2706.0000,1333,0,64072500.000,1,0,1,多换,S,2705.6000,2705.0000,2703.2000,2701.2000,2700.0000,2707.8000,2708.0000,2709.0000,2715.6000,2716.6000,1,6,1,1,8,1,2,1,1,1
SF,IH2012,2020-04-30 09:33:14.000,2706.0000,1333,0,64072500.000,0,-,-,-,-,2705.0000,2703.2000,2701.2000,2700.0000,2691.0000,2707.8000,2708.0000,2709.0000,2715.6000,2716.6000,6,1,1,8,1,1,2,1,1,1
SF,IH2012,2020-04-30 09:33:15.500,2706.0000,1333,0,64072500.000,0,-,-,-,-,2705.2000,2705.0000,2703.2000,2701.2000,2700.0000,2707.8000,2708.0000,2709.0000,2715.6000,2716.6000,4,6,1,1,8,1,2,1,1,1
SF,IH2012,2020-04-30 09:33:16.500,2706.0000,1333,0,64072500.000,0,-,-,-,-,2705.0000,2703.2000,2701.2000,2700.0000,2691.0000,2707.8000,2708.0000,2709.0000,2715.6000,2716.6000,6,1,1,8,1,1,2,1,1,1
SF,IH2012,2020-04-30 09:33:17.000,2706.0000,1333,0,64072500.000,0,-,-,-,-,2705.0000,2703.2000,2701.2000,2700.0000,2691.0000,2707.8000,2708.0000,2709.0000,2715.6000,2716.6000,6,1,1,9,1,1,2,1,1,1
SF,IH2012,2020-04-30 09:33:18.000,2706.0000,1333,0,64072500.000,0,-,-,-,-,2705.0000,2701.2000,2700.0000,2691.0000,2686.2000,2707.8000,2708.0000,2709.0000,2715.6000,2716.6000,5,1,9,1,1,1,2,1,1,1
SF,IH2012,2020-04-30 09:33:18.500,2706.0000,1333,0,64072500.000,0,-,-,-,-,2705.2000,2705.0000,2701.2000,2700.0000,2691.0000,2707.8000,2708.0000,2709.0000,2715.6000,2716.6000,4,5,1,9,1,1,2,1,1,1
SF,IH2012,2020-04-30 09:33:19.000,2706.0000,1333,0,64072500.000,0,-,-,-,-,2705.4000,2705.2000,2705.0000,2701.2000,2700.0000,2707.8000,2708.0000,2709.0000,2715.6000,2716.6000,1,4,5,1,9,1,2,1,1,1
SF,IH2012,2020-04-30 09:33:19.500,2706.0000,1333,0,64072500.000,0,-,-,-,-,2705.8000,2705.4000,2705.0000,2701.2000,2700.0000,2707.8000,2708.0000,2709.0000,2715.6000,2716.6000,4,1,5,1,9,1,2,1,1,1
SF,IH2012,2020-04-30 09:33:20.500,2706.0000,1333,0,64072500.000,0,-,-,-,-,2705.8000,2705.4000,2705.0000,2701.2000,2700.0000,2707.8000,2708.0000,2709.0000,2711.2000,2715.6000,4,1,5,1,9,1,2,1,1,1
SF,IH2012,2020-04-30 09:33:21.000,2706.0000,1333,0,64072500.000,0,-,-,-,-,2705.4000,2705.0000,2701.2000,2700.0000,2691.0000,2707.8000,2708.0000,2709.0000,2711.2000,2715.6000,1,5,1,9,1,1,2,1,1,1
SF,IH2012,2020-04-30 09:33:21.500,2706.0000,1333,0,64072500.000,0,-,-,-,-,2705.0000,2701.2000,2700.0000,2691.0000,2686.2000,2707.8000,2708.0000,2709.0000,2711.2000,2715.6000,5,1,9,1,1,1,2,1,1,1
SF,IH2012,2020-04-30 09:33:22.000,2706.0000,1333,0,64072500.000,0,-,-,-,-,2705.2000,2705.0000,2701.2000,2700.0000,2691.0000,2707.8000,2708.0000,2709.0000,2711.2000,2715.6000,4,5,1,9,1,1,2,1,1,1
SF,IH2012,2020-04-30 09:33:22.500,2706.0000,1333,0,64072500.000,0,-,-,-,-,2705.0000,2701.2000,2700.0000,2691.0000,2686.2000,2707.8000,2708.0000,2709.0000,2711.2000,2715.6000,5,1,9,1,1,1,2,1,1,1
SF,IH2012,2020-04-30 09:33:23.000,2706.0000,1333,0,64072500.000,0,-,-,-,-,2705.2000,2705.0000,2701.2000,2700.0000,2691.0000,2707.8000,2708.0000,2709.0000,2711.2000,2715.6000,4,5,1,9,1,1,2,1,1,1
SF,IH2012,2020-04-30 09:33:25.000,2706.0000,1333,0,64072500.000,0,-,-,-,-,2705.6000,2705.4000,2705.0000,2701.2000,2700.0000,2707.8000,2708.0000,2709.0000,2711.2000,2715.6000,1,1,5,1,9,1,2,1,1,1
SF,IH2012,2020-04-30 09:33:31.000,2705.6000,1332,-1,64884180.000,1,0,1,双平,S,2705.4000,2705.0000,2701.2000,2700.0000,2691.0000,2707.8000,2708.0000,2709.0000,2711.2000,2715.6000,1,5,1,9,1,1,2,1,1,1
SF,IH2012,2020-04-30 09:33:33.000,2705.6000,1332,0,64884180.000,0,-,-,-,-,2705.4000,2705.0000,2701.2000,2700.0000,2697.0000,2707.8000,2708.0000,2709.0000,2711.2000,2715.6000,1,5,1,9,1,1,2,1,1,1
SF,IH2012,2020-04-30 09:33:40.000,2705.6000,1332,0,64884180.000,0,-,-,-,-,2705.4000,2705.0000,2701.2000,2700.0000,2697.0000,2706.2000,2707.8000,2708.0000,2709.0000,2711.2000,1,5,1,9,1,1,1,2,1,1
SF,IH2012,2020-04-30 09:33:44.000,2706.2000,1332,0,65696040.000,1,0,1,多换,S,2705.4000,2705.0000,2701.2000,2700.0000,2697.0000,2707.8000,2708.0000,2709.0000,2711.2000,2715.6000,1,5,1,9,1,1,2,1,1,1
SF,IH2012,2020-04-30 09:33:45.000,2706.2000,1332,0,65696040.000,0,-,-,-,-,2705.8000,2705.4000,2705.0000,2701.2000,2700.0000,2707.8000,2708.0000,2709.0000,2711.2000,2715.6000,4,1,5,1,9,1,2,1,1,1
SF,IH2012,2020-04-30 09:33:45.500,2706.2000,1332,0,65696040.000,0,-,-,-,-,2706.0000,2705.8000,2705.4000,2705.0000,2701.2000,2708.0000,2709.0000,2711.2000,2715.6000,2716.6000,1,4,1,5,1,2,1,1,1,1
SF,IH2012,2020-04-30 09:33:46.000,2706.2000,1332,0,65696040.000,0,-,-,-,-,2706.4000,2706.2000,2706.0000,2705.4000,2705.0000,2708.0000,2709.0000,2711.2000,2715.6000,2716.6000,1,4,1,1,5,2,1,1,1,1
SF,IH2012,2020-04-30 09:33:46.500,2706.2000,1332,0,65696040.000,0,-,-,-,-,2706.6000,2706.4000,2706.0000,2705.4000,2705.0000,2708.0000,2709.0000,2711.2000,2715.6000,2716.6000,4,1,1,1,5,2,1,1,1,1
SF,IH2012,2020-04-30 09:33:47.000,2706.2000,1332,0,65696040.000,0,-,-,-,-,2706.8000,2706.0000,2705.4000,2705.0000,2701.2000,2708.0000,2709.0000,2711.2000,2715.6000,2716.6000,1,1,1,5,1,2,1,1,1,1
SF,IH2012,2020-04-30 09:33:47.500,2706.2000,1332,0,65696040.000,0,-,-,-,-,2705.4000,2705.0000,2701.2000,2700.0000,2697.0000,2708.0000,2709.0000,2711.2000,2715.6000,2716.6000,1,5,1,9,1,2,1,1,1,1
SF,IH2012,2020-04-30 09:33:48.000,2706.2000,1332,0,65696040.000,0,-,-,-,-,2705.8000,2705.6000,2705.4000,2705.0000,2701.2000,2708.0000,2709.0000,2711.2000,2715.6000,2716.6000,4,1,1,5,1,2,1,1,1,1
SF,IH2012,2020-04-30 09:33:48.500,2706.2000,1332,0,65696040.000,0,-,-,-,-,2705.6000,2705.4000,2705.0000,2701.2000,2700.0000,2708.0000,2709.0000,2711.2000,2715.6000,2716.6000,1,1,5,1,9,2,1,1,1,1
SF,IH2012,2020-04-30 09:33:49.000,2706.2000,1332,0,65696040.000,0,-,-,-,-,2705.6000,2705.4000,2705.0000,2701.2000,2700.0000,2707.8000,2708.0000,2709.0000,2711.2000,2715.6000,1,1,5,1,9,1,2,1,1,1
SF,IH2012,2020-04-30 09:33:49.500,2706.2000,1332,0,65696040.000,0,-,-,-,-,2705.8000,2705.4000,2705.0000,2701.2000,2700.0000,2707.8000,2708.0000,2709.0000,2711.2000,2715.6000,1,1,5,1,9,1,2,1,1,1
SF,IH2012,2020-04-30 09:33:53.500,2706.2000,1332,0,65696040.000,0,-,-,-,-,2705.8000,2705.4000,2705.0000,2701.2000,2700.0000,2707.8000,2708.0000,2709.0000,2711.2000,2715.6000,1,1,4,1,9,1,2,1,1,1
SF,IH2012,2020-04-30 09:33:54.000,2706.2000,1332,0,65696040.000,0,-,-,-,-,2706.0000,2705.8000,2705.4000,2705.0000,2701.2000,2707.8000,2708.0000,2709.0000,2711.2000,2715.6000,1,1,1,4,1,1,2,1,1,1
SF,IH2012,2020-04-30 09:33:55.000,2706.2000,1332,0,65696040.000,0,-,-,-,-,2706.2000,2706.0000,2705.4000,2705.0000,2701.2000,2707.8000,2708.0000,2709.0000,2711.2000,2715.6000,1,1,1,4,1,1,2,1,1,1
SF,IH2012,2020-04-30 09:33:57.500,2706.2000,1332,0,65696040.000,0,-,-,-,-,2706.0000,2705.4000,2705.0000,2701.2000,2700.0000,2707.8000,2708.0000,2709.0000,2711.2000,2715.6000,1,1,4,1,9,1,2,1,1,1
SF,IH2012,2020-04-30 09:34:01.500,2706.2000,1332,0,65696040.000,0,-,-,-,-,2706.0000,2705.4000,2705.0000,2701.2000,2700.0000,2707.8000,2708.0000,2709.0000,2711.2000,2715.6000,1,1,4,1,9,2,2,1,1,1
SF,IH2012,2020-04-30 09:34:04.000,2706.2000,1332,0,65696040.000,0,-,-,-,-,2706.2000,2706.0000,2705.4000,2705.0000,2701.2000,2707.8000,2708.0000,2709.0000,2711.2000,2715.6000,4,1,1,4,1,2,2,1,1,1
SF,IH2012,2020-04-30 09:34:04.500,2706.2000,1332,0,65696040.000,0,-,-,-,-,2706.2000,2706.0000,2705.4000,2705.0000,2701.2000,2707.8000,2708.0000,2709.0000,2711.2000,2715.6000,4,1,1,4,1,1,2,1,1,1
SF,IH2012,2020-04-30 09:34:05.000,2706.2000,1332,0,65696040.000,0,-,-,-,-,2706.0000,2705.4000,2705.0000,2701.2000,2700.0000,2707.8000,2708.0000,2709.0000,2711.2000,2715.6000,1,1,4,1,9,1,2,1,1,1
SF,IH2012,2020-04-30 09:34:08.000,2706.2000,1332,0,65696040.000,0,-,-,-,-,2706.0000,2705.4000,2701.2000,2700.0000,2697.0000,2707.8000,2708.0000,2709.0000,2711.2000,2715.6000,1,1,1,9,1,1,2,1,1,1
SF,IH2012,2020-04-30 09:34:09.000,2706.2000,1332,0,65696040.000,0,-,-,-,-,2706.2000,2706.0000,2705.4000,2701.2000,2700.0000,2707.8000,2708.0000,2709.0000,2711.2000,2715.6000,4,1,1,1,9,1,2,1,1,1
SF,IH2012,2020-04-30 09:34:20.000,2706.2000,1332,0,65696040.000,0,-,-,-,-,2706.2000,2706.0000,2705.4000,2701.2000,2700.0000,2707.8000,2708.0000,2709.0000,2711.2000,2715.6000,4,4,1,1,9,1,2,1,1,1
SF,IH2012,2020-04-30 09:34:20.500,2706.2000,1332,0,65696040.000,0,-,-,-,-,2706.4000,2706.2000,2706.0000,2705.4000,2701.2000,2707.8000,2708.0000,2709.0000,2711.2000,2715.6000,1,4,4,1,1,1,2,1,1,1
SF,IH2012,2020-04-30 09:34:21.000,2706.2000,1332,0,65696040.000,0,-,-,-,-,2706.8000,2706.4000,2706.0000,2705.4000,2701.2000,2707.8000,2708.0000,2709.0000,2711.2000,2715.6000,4,1,4,1,1,1,2,1,1,1
SF,IH2012,2020-04-30 09:34:25.000,2706.8000,1332,0,66508080.000,1,0,1,多换,S,2706.8000,2706.4000,2706.0000,2705.4000,2701.2000,2707.8000,2708.0000,2709.0000,2711.2000,2715.6000,3,1,4,1,1,1,2,1,1,1
SF,IH2012,2020-04-30 09:34:25.500,2706.8000,1332,0,66508080.000,0,-,-,-,-,2706.0000,2705.4000,2701.2000,2700.0000,2697.0000,2707.8000,2708.0000,2709.0000,2711.2000,2715.6000,4,1,1,9,1,1,2,1,1,1
SF,IH2012,2020-04-30 09:34:26.000,2706.8000,1332,0,66508080.000,0,-,-,-,-,2706.4000,2706.0000,2705.4000,2701.2000,2700.0000,2707.8000,2708.0000,2709.0000,2711.2000,2715.6000,3,4,1,1,9,1,2,1,1,1
SF,IH2012,2020-04-30 09:34:29.500,2706.8000,1332,0,66508080.000,0,-,-,-,-,2706.4000,2706.0000,2705.4000,2701.2000,2700.0000,2707.8000,2708.0000,2709.0000,2711.2000,2715.6000,3,5,1,1,9,1,2,1,1,1
SF,IH2012,2020-04-30 09:34:31.000,2706.8000,1332,0,66508080.000,0,-,-,-,-,2707.0000,2706.6000,2706.4000,2706.0000,2705.4000,2707.8000,2708.0000,2709.0000,2711.2000,2715.6000,1,1,3,4,1,1,2,1,1,1
SF,IH2012,2020-04-30 09:34:32.000,2706.8000,1332,0,66508080.000,0,-,-,-,-,2707.4000,2707.0000,2706.6000,2706.0000,2705.4000,2707.8000,2708.0000,2709.0000,2711.2000,2715.6000,3,1,1,4,1,1,2,1,1,1
SF,IH2012,2020-04-30 09:34:32.500,2706.8000,1332,0,66508080.000,0,-,-,-,-,2707.0000,2706.6000,2706.0000,2705.4000,2701.2000,2707.4000,2707.8000,2708.0000,2709.0000,2711.2000,1,1,4,1,1,1,1,2,1,1
SF,IH2012,2020-04-30 09:34:33.000,2706.8000,1332,0,66508080.000,0,-,-,-,-,2707.2000,2707.0000,2706.6000,2706.0000,2705.4000,2707.4000,2707.8000,2708.0000,2709.0000,2711.2000,3,1,1,4,1,1,1,2,1,1
SF,IH2012,2020-04-30 09:34:33.500,2707.4000,1332,0,67320300.000,1,0,1,多换,S,2707.2000,2707.0000,2706.6000,2706.0000,2705.4000,2707.8000,2708.0000,2709.0000,2711.2000,2715.6000,3,1,1,4,1,1,2,1,1,1
SF,IH2012,2020-04-30 09:34:34.500,2707.4000,1332,0,67320300.000,0,-,-,-,-,2707.2000,2707.0000,2706.6000,2706.0000,2705.4000,2707.8000,2708.0000,2709.0000,2711.2000,2715.6000,3,1,1,4,1,1,2,1,1,1
SF,IH2012,2020-04-30 09:34:36.500,2707.8000,1331,-1,68132640.000,1,0,1,双平,S,2707.4000,2707.2000,2707.0000,2706.6000,2706.0000,2708.0000,2709.0000,2711.2000,2715.6000,2716.6000,1,3,1,1,4,2,1,1,1,1
SF,IH2012,2020-04-30 09:34:37.000,2707.8000,1331,0,68132640.000,0,-,-,-,-,2707.8000,2707.4000,2707.0000,2706.6000,2706.0000,2708.0000,2709.0000,2711.2000,2715.6000,2716.6000,3,1,1,1,4,2,1,1,1,1
SF,IH2012,2020-04-30 09:34:40.000,2707.8000,1331,0,68132640.000,0,-,-,-,-,2707.8000,2707.0000,2706.6000,2706.0000,2705.4000,2708.0000,2709.0000,2711.2000,2715.6000,2716.6000,3,1,1,4,1,2,1,1,1,1
SF,IH2012,2020-04-30 09:34:40.500,2708.0000,1331,0,68945040.000,1,0,1,多换,S,2707.8000,2707.0000,2706.6000,2706.0000,2705.4000,2708.0000,2709.0000,2711.2000,2715.6000,2716.6000,3,1,1,4,1,1,1,1,1,1
SF,IH2012,2020-04-30 09:34:42.500,2708.0000,1331,0,69757440.000,1,0,1,多换,S,2708.0000,2707.8000,2707.0000,2706.6000,2706.0000,2709.0000,2711.2000,2715.6000,2716.6000,2721.4000,1,3,1,1,4,1,1,1,1,1
SF,IH2012,2020-04-30 09:34:43.000,2708.0000,1331,0,69757440.000,0,-,-,-,-,2708.4000,2708.0000,2707.0000,2706.0000,2705.4000,2709.0000,2711.2000,2715.6000,2716.6000,2721.4000,3,1,1,4,1,1,1,1,1,1
SF,IH2012,2020-04-30 09:34:43.500,2708.0000,1331,0,69757440.000,0,-,-,-,-,2708.4000,2708.0000,2706.0000,2705.4000,2700.0000,2709.0000,2711.2000,2715.6000,2716.6000,2721.4000,3,1,4,1,9,1,1,1,1,1
SF,IH2012,2020-04-30 09:34:46.000,2708.0000,1331,0,69757440.000,0,-,-,-,-,2708.4000,2708.0000,2706.0000,2700.0000,2697.0000,2709.0000,2711.2000,2715.6000,2716.6000,2721.4000,3,2,3,9,1,1,1,1,1,1
SF,IH2012,2020-04-30 09:34:46.500,2708.0000,1331,0,69757440.000,0,-,-,-,-,2708.0000,2706.0000,2700.0000,2697.0000,2691.0000,2709.0000,2711.2000,2715.6000,2716.6000,2721.4000,2,3,9,1,1,1,1,1,1,1
SF,IH2012,2020-04-30 09:34:47.000,2708.0000,1331,0,69757440.000,0,-,-,-,-,2708.2000,2708.0000,2706.0000,2700.0000,2697.0000,2709.0000,2711.2000,2715.6000,2716.6000,2721.4000,3,2,3,9,1,1,1,1,1,1
SF,IH2012,2020-04-30 09:34:47.500,2708.0000,1331,0,69757440.000,0,-,-,-,-,2708.2000,2708.0000,2700.0000,2697.0000,2691.0000,2709.0000,2711.2000,2715.6000,2716.6000,2721.4000,3,2,9,1,1,1,1,1,1,1
SF,IH2012,2020-04-30 09:34:49.500,2708.0000,1331,0,69757440.000,0,-,-,-,-,2708.2000,2708.0000,2700.0000,2697.0000,2691.0000,2709.0000,2711.2000,2715.6000,2716.6000,2721.4000,3,1,9,1,1,1,1,1,1,1
SF,IH2012,2020-04-30 09:34:50.000,2709.0000,1331,0,70570140.000,1,0,1,多换,S,2708.2000,2708.0000,2700.0000,2697.0000,2691.0000,2711.2000,2715.6000,2716.6000,2721.4000,2722.6000,3,1,9,1,1,1,1,1,1,1
SF,IH2012,2020-04-30 09:34:50.500,2709.0000,1331,0,70570140.000,0,-,-,-,-,2708.2000,2708.0000,2700.0000,2697.0000,2691.0000,2711.0000,2711.2000,2715.6000,2716.6000,2721.4000,3,1,9,1,1,1,1,1,1,1
SF,IH2012,2020-04-30 09:34:53.500,2709.0000,1331,0,70570140.000,0,-,-,-,-,2708.6000,2708.2000,2708.0000,2700.0000,2697.0000,2711.0000,2711.2000,2715.6000,2716.6000,2721.4000,1,3,1,9,1,1,1,1,1,1
SF,IH2012,2020-04-30 09:34:54.000,2709.0000,1331,0,70570140.000,0,-,-,-,-,2709.0000,2708.6000,2708.0000,2700.0000,2697.0000,2711.0000,2711.2000,2715.6000,2716.6000,2721.4000,3,1,1,9,1,1,1,1,1,1
SF,IH2012,2020-04-30 09:34:54.500,2709.0000,1331,0,70570140.000,0,-,-,-,-,2708.6000,2708.0000,2700.0000,2697.0000,2691.0000,2711.0000,2711.2000,2715.6000,2716.6000,2721.4000,1,1,9,1,1,1,1,1,1,1
SF,IH2012,2020-04-30 09:34:55.000,2709.0000,1331,0,70570140.000,0,-,-,-,-,2708.8000,2708.6000,2708.0000,2700.0000,2697.0000,2711.0000,2711.2000,2715.6000,2716.6000,2721.4000,3,1,1,9,1,1,1,1,1,1
SF,IH2012,2020-04-30 09:34:56.500,2709.0000,1331,0,70570140.000,0,-,-,-,-,2708.6000,2708.0000,2700.0000,2697.0000,2691.0000,2711.0000,2711.2000,2715.6000,2716.6000,2721.4000,1,1,9,1,1,1,1,1,1,1
SF,IH2012,2020-04-30 09:34:57.000,2709.0000,1331,0,70570140.000,0,-,-,-,-,2708.0000,2700.0000,2697.0000,2691.0000,2686.2000,2711.0000,2711.2000,2715.6000,2716.6000,2721.4000,1,9,1,1,1,1,1,1,1,1
SF,IH2012,2020-04-30 09:34:57.500,2709.0000,1331,0,70570140.000,0,-,-,-,-,2709.0000,2708.2000,2708.0000,2700.0000,2697.0000,2710.8000,2711.0000,2711.2000,2715.6000,2716.6000,4,3,1,9,1,1,1,1,1,1
SF,IH2012,2020-04-30 09:34:58.000,2709.0000,1331,0,70570140.000,0,-,-,-,-,2709.0000,2708.2000,2708.0000,2700.0000,2697.0000,2710.6000,2710.8000,2711.2000,2715.6000,2716.6000,4,3,1,9,1,1,1,1,1,1
SF,IH2012,2020-04-30 09:35:02.000,2709.0000,1331,0,70570140.000,0,-,-,-,-,2709.4000,2709.0000,2708.0000,2700.0000,2697.0000,2710.6000,2710.8000,2711.2000,2715.6000,2716.6000,3,4,1,9,1,1,1,1,1,1
SF,IH2012,2020-04-30 09:35:02.500,2709.0000,1331,0,70570140.000,0,-,-,-,-,2709.4000,2709.0000,2708.0000,2700.0000,2697.0000,2711.2000,2715.6000,2716.6000,2721.4000,2722.6000,3,4,1,9,1,1,1,1,1,1
SF,IH2012,2020-04-30 09:35:04.000,2709.0000,1331,0,70570140.000,0,-,-,-,-,2709.0000,2708.0000,2700.0000,2697.0000,2691.0000,2711.2000,2715.6000,2716.6000,2721.4000,2722.6000,4,1,9,1,1,1,1,1,1,1
SF,IH2012,2020-04-30 09:35:04.500,2709.0000,1331,0,70570140.000,0,-,-,-,-,2709.2000,2709.0000,2708.0000,2700.0000,2697.0000,2711.2000,2715.6000,2716.6000,2721.4000,2722.6000,5,4,1,9,1,1,1,1,1,1
SF,IH2012,2020-04-30 09:35:10.000,2709.0000,1331,0,70570140.000,0,-,-,-,-,2709.4000,2709.2000,2709.0000,2708.0000,2700.0000,2711.2000,2715.6000,2716.6000,2721.4000,2722.6000,1,5,4,1,9,1,1,1,1,1
SF,IH2012,2020-04-30 09:35:10.500,2709.0000,1331,0,70570140.000,0,-,-,-,-,2709.8000,2709.6000,2709.4000,2709.2000,2709.0000,2711.2000,2715.6000,2716.6000,2721.4000,2722.6000,3,1,1,1,4,1,1,1,1,1
SF,IH2012,2020-04-30 09:35:11.000,2709.0000,1331,0,70570140.000,0,-,-,-,-,2710.0000,2709.8000,2709.4000,2709.2000,2709.0000,2711.2000,2715.6000,2716.6000,2721.4000,2722.6000,1,3,1,1,4,1,1,1,1,1
SF,IH2012,2020-04-30 09:35:11.500,2711.2000,1331,0,71383500.000,1,0,1,多换,S,2710.4000,2710.0000,2709.4000,2709.2000,2709.0000,2715.6000,2716.6000,2721.4000,2722.6000,2764.0000,3,1,1,1,4,1,1,1,1,2
SF,IH2012,2020-04-30 09:35:12.000,2711.2000,1331,0,71383500.000,0,-,-,-,-,2710.6000,2710.4000,2709.4000,2709.0000,2708.0000,2715.4000,2715.6000,2716.6000,2722.6000,2764.0000,1,3,1,4,1,2,1,1,1,2
SF,IH2012,2020-04-30 09:35:12.500,2711.2000,1331,0,71383500.000,0,-,-,-,-,2711.2000,2711.0000,2710.6000,2709.4000,2709.0000,2715.2000,2715.4000,2715.6000,2716.6000,2722.6000,1,3,1,1,4,1,2,1,1,1
SF,IH2012,2020-04-30 09:35:13.000,2711.2000,1331,0,71383500.000,0,-,-,-,-,2711.6000,2711.2000,2709.4000,2709.0000,2708.0000,2715.0000,2715.2000,2715.4000,2716.6000,2722.6000,3,1,1,4,1,2,1,1,1,1
SF,IH2012,2020-04-30 09:35:13.500,2711.2000,1331,0,71383500.000,0,-,-,-,-,2711.2000,2709.4000,2709.0000,2708.0000,2700.0000,2715.0000,2715.2000,2715.4000,2716.6000,2722.6000,1,1,4,1,9,2,1,1,1,1
SF,IH2012,2020-04-30 09:35:14.000,2711.2000,1331,0,71383500.000,0,-,-,-,-,2711.6000,2711.2000,2710.2000,2709.4000,2709.0000,2714.2000,2714.6000,2715.0000,2715.2000,2715.4000,3,1,1,1,4,1,1,2,1,1
SF,IH2012,2020-04-30 09:35:14.500,2711.2000,1331,0,71383500.000,0,-,-,-,-,2711.2000,2710.2000,2709.4000,2709.0000,2700.0000,2714.0000,2714.2000,2714.6000,2715.0000,2715.4000,1,1,1,4,9,1,1,1,1,1
SF,IH2012,2020-04-30 09:35:15.000,2711.2000,1331,0,71383500.000,0,-,-,-,-,2711.4000,2711.2000,2710.2000,2709.4000,2709.0000,2713.8000,2714.0000,2714.2000,2715.0000,2715.4000,3,1,1,1,4,1,1,1,1,1
SF,IH2012,2020-04-30 09:35:15.500,2711.2000,1331,0,71383500.000,0,-,-,-,-,2711.2000,2710.2000,2709.4000,2709.0000,2700.0000,2713.6000,2713.8000,2715.0000,2715.4000,2722.6000,1,1,1,4,9,1,1,1,1,1
SF,IH2012,2020-04-30 09:35:16.000,2711.2000,1331,0,71383500.000,0,-,-,-,-,2711.2000,2710.2000,2709.4000,2709.0000,2700.0000,2713.4000,2713.6000,2713.8000,2715.0000,2715.4000,1,1,1,4,9,2,1,1,1,1
SF,IH2012,2020-04-30 09:35:16.500,2711.2000,1331,0,71383500.000,0,-,-,-,-,2711.2000,2710.2000,2709.4000,2709.0000,2700.0000,2713.2000,2713.4000,2715.0000,2715.4000,2716.0000,1,1,1,4,9,1,2,1,1,1
SF,IH2012,2020-04-30 09:35:17.500,2711.2000,1331,0,71383500.000,0,-,-,-,-,2711.2000,2710.2000,2709.4000,2709.0000,2700.0000,2712.8000,2713.2000,2713.4000,2715.0000,2715.4000,1,1,1,4,9,1,1,1,1,1
SF,IH2012,2020-04-30 09:35:18.000,2711.2000,1331,0,71383500.000,0,-,-,-,-,2711.2000,2710.2000,2709.4000,2709.0000,2700.0000,2713.2000,2713.4000,2715.0000,2715.4000,2716.0000,1,1,1,4,9,1,1,1,1,1
SF,IH2012,2020-04-30 09:35:19.500,2711.2000,1331,0,71383500.000,0,-,-,-,-,2711.2000,2710.2000,2709.4000,2700.0000,2697.0000,2713.2000,2713.4000,2715.0000,2715.4000,2716.0000,1,1,1,9,1,1,1,1,1,1
SF,IH2012,2020-04-30 09:35:22.000,2711.2000,1331,0,71383500.000,0,-,-,-,-,2711.2000,2710.2000,2700.0000,2697.0000,2693.6000,2713.2000,2713.4000,2715.0000,2715.4000,2716.0000,1,1,9,1,1,1,1,1,1,1
SF,IH2012,2020-04-30 09:35:22.500,2711.2000,1331,0,71383500.000,0,-,-,-,-,2711.2000,2710.2000,2700.0000,2697.0000,2693.6000,2713.2000,2715.0000,2715.4000,2716.0000,2722.6000,1,1,9,1,1,1,1,1,1,1
SF,IH2012,2020-04-30 09:35:25.000,2711.2000,1331,0,71383500.000,0,-,-,-,-,2711.2000,2710.2000,2700.0000,2697.0000,2693.6000,2713.2000,2715.0000,2715.4000,2718.4000,2722.6000,1,1,9,1,1,1,1,1,1,1
SF,IH2012,2020-04-30 09:35:27.000,2711.2000,1331,0,71383500.000,0,-,-,-,-,2710.2000,2700.0000,2697.0000,2693.6000,2691.0000,2713.0000,2713.2000,2715.0000,2715.4000,2718.4000,1,9,1,1,1,1,1,1,1,1
SF,IH2012,2020-04-30 09:35:27.500,2711.2000,1331,0,71383500.000,0,-,-,-,-,2712.0000,2710.6000,2710.4000,2710.2000,2700.0000,2713.0000,2713.2000,2715.4000,2718.4000,2722.6000,5,4,1,1,9,1,1,1,1,1
SF,IH2012,2020-04-30 09:35:28.000,2712.0000,1335,4,75451500.000,5,4,1,空开,S,2710.4000,2710.2000,2700.0000,2697.0000,2693.6000,2712.0000,2712.8000,2713.0000,2713.2000,2715.4000,1,1,9,1,1,1,1,1,1,1
SF,IH2012,2020-04-30 09:35:28.500,2712.0000,1335,0,75451500.000,0,-,-,-,-,2710.8000,2710.4000,2710.2000,2700.0000,2697.0000,2712.0000,2712.8000,2713.2000,2714.0000,2715.4000,3,1,1,9,1,1,1,1,1,1
SF,IH2012,2020-04-30 09:35:29.000,2712.0000,1335,0,75451500.000,0,-,-,-,-,2710.8000,2710.4000,2710.2000,2700.0000,2697.0000,2712.0000,2713.2000,2714.0000,2715.4000,2718.4000,3,1,1,9,1,1,1,1,1,1
SF,IH2012,2020-04-30 09:35:29.500,2712.0000,1335,0,75451500.000,0,-,-,-,-,2710.4000,2710.2000,2700.0000,2697.0000,2693.6000,2712.0000,2713.2000,2714.0000,2715.4000,2718.4000,1,1,9,1,1,1,1,1,1,1
SF,IH2012,2020-04-30 09:35:30.000,2712.0000,1335,0,75451500.000,0,-,-,-,-,2710.6000,2710.4000,2710.2000,2700.0000,2697.0000,2712.0000,2713.2000,2714.0000,2715.4000,2718.4000,4,1,1,9,1,1,1,1,1,1
SF,IH2012,2020-04-30 09:35:31.500,2712.0000,1335,0,75451500.000,0,-,-,-,-,2710.6000,2710.4000,2710.2000,2700.0000,2697.0000,2713.2000,2714.0000,2715.4000,2718.4000,2722.6000,1,1,1,9,1,1,1,1,1,1
SF,IH2012,2020-04-30 09:35:32.000,2712.0000,1335,0,75451500.000,0,-,-,-,-,2711.0000,2710.4000,2710.2000,2700.0000,2697.0000,2713.0000,2713.2000,2714.0000,2715.4000,2718.4000,3,1,1,9,1,1,1,1,1,1
SF,IH2012,2020-04-30 09:35:32.500,2712.0000,1335,0,75451500.000,0,-,-,-,-,2711.0000,2710.4000,2700.0000,2697.0000,2693.6000,2713.0000,2713.2000,2714.0000,2715.4000,2718.4000,4,1,9,1,1,1,1,1,1,1
SF,IH2012,2020-04-30 09:35:33.000,2712.0000,1335,0,75451500.000,0,-,-,-,-,2711.0000,2710.4000,2700.0000,2697.0000,2693.6000,2712.8000,2713.0000,2714.0000,2715.4000,2718.4000,4,1,9,1,1,1,1,1,1,1
SF,IH2012,2020-04-30 09:35:33.500,2712.0000,1335,0,75451500.000,0,-,-,-,-,2711.0000,2710.4000,2700.0000,2697.0000,2693.6000,2712.8000,2714.0000,2715.4000,2718.4000,2722.6000,4,1,9,1,1,1,1,1,1,1
SF,IH2012,2020-04-30 09:35:35.000,2712.0000,1335,0,75451500.000,0,-,-,-,-,2711.0000,2710.4000,2700.0000,2697.0000,2693.6000,2712.8000,2714.0000,2715.4000,2718.4000,2722.6000,4,1,9,1,1,1,1,1,1,1
SF,IH2012,2020-04-30 09:35:37.500,2712.0000,1335,0,75451500.000,0,-,-,-,-,2711.0000,2710.4000,2700.0000,2697.0000,2693.6000,2712.8000,2714.0000,2715.4000,2718.4000,2722.6000,4,1,8,1,1,1,1,1,1,1
SF,IH2012,2020-04-30 09:35:38.500,2712.0000,1335,0,75451500.000,0,-,-,-,-,2711.0000,2710.4000,2700.0000,2697.0000,2693.6000,2712.8000,2714.0000,2718.4000,2722.6000,2729.4000,4,1,8,1,1,1,1,1,1,1
SF,IH2012,2020-04-30 09:35:39.000,2712.0000,1335,0,75451500.000,0,-,-,-,-,2711.2000,2711.0000,2700.0000,2697.0000,2693.6000,2714.0000,2718.4000,2722.6000,2729.4000,2764.0000,1,4,8,1,1,1,1,1,1,2
SF,IH2012,2020-04-30 09:35:39.500,2712.0000,1335,0,75451500.000,0,-,-,-,-,2711.6000,2711.2000,2711.0000,2700.0000,2697.0000,2713.8000,2714.0000,2715.8000,2718.4000,2722.6000,3,1,1,8,1,1,1,1,1,1
SF,IH2012,2020-04-30 09:35:40.500,2712.0000,1335,0,75451500.000,0,-,-,-,-,2712.0000,2711.6000,2711.2000,2711.0000,2700.0000,2713.8000,2714.0000,2715.8000,2718.4000,2722.6000,1,3,1,1,8,1,1,1,1,1
SF,IH2012,2020-04-30 09:35:41.000,2712.0000,1335,0,75451500.000,0,-,-,-,-,2712.2000,2712.0000,2711.0000,2700.0000,2697.0000,2714.0000,2715.8000,2718.4000,2722.6000,2729.4000,4,1,1,8,1,1,1,1,1,1
SF,IH2012,2020-04-30 09:35:41.500,2712.0000,1335,0,75451500.000,0,-,-,-,-,2712.4000,2712.2000,2712.0000,2711.0000,2700.0000,2714.0000,2715.8000,2718.4000,2722.6000,2729.4000,1,4,1,1,8,1,1,1,1,1
SF,IH2012,2020-04-30 09:35:42.000,2712.0000,1335,0,75451500.000,0,-,-,-,-,2712.8000,2712.6000,2712.4000,2712.0000,2711.0000,2715.8000,2718.4000,2722.6000,2729.4000,2764.0000,3,1,1,1,1,1,1,1,1,2
SF,IH2012,2020-04-30 09:35:42.500,2712.0000,1335,0,75451500.000,0,-,-,-,-,2712.8000,2712.4000,2712.0000,2711.0000,2700.0000,2715.6000,2715.8000,2717.6000,2722.6000,2729.4000,3,1,1,1,8,2,1,1,1,1
SF,IH2012,2020-04-30 09:35:43.000,2712.0000,1335,0,75451500.000,0,-,-,-,-,2712.8000,2712.0000,2711.0000,2700.0000,2697.0000,2715.4000,2715.6000,2715.8000,2717.6000,2721.0000,3,1,1,8,1,1,1,1,1,1
SF,IH2012,2020-04-30 09:35:43.500,2712.0000,1335,0,75451500.000,0,-,-,-,-,2712.8000,2712.0000,2711.0000,2700.0000,2697.0000,2715.2000,2715.8000,2717.6000,2721.0000,2722.6000,3,1,1,8,1,1,1,1,1,1
SF,IH2012,2020-04-30 09:35:44.000,2712.0000,1335,0,75451500.000,0,-,-,-,-,2713.0000,2712.8000,2712.0000,2711.0000,2700.0000,2715.0000,2715.2000,2715.8000,2721.0000,2722.6000,2,4,1,1,8,1,1,1,1,1
SF,IH2012,2020-04-30 09:35:44.500,2712.0000,1335,0,75451500.000,0,-,-,-,-,2713.4000,2713.0000,2712.0000,2711.0000,2700.0000,2715.2000,2715.8000,2721.0000,2722.6000,2729.4000,3,2,1,1,7,1,1,1,1,1
SF,IH2012,2020-04-30 09:35:45.000,2713.4000,1336,1,77893560.000,3,2,1,空开,S,2713.0000,2712.0000,2711.0000,2706.0000,2700.0000,2715.2000,2715.8000,2721.0000,2722.6000,2729.4000,2,1,1,1,7,1,1,1,1,1
SF,IH2012,2020-04-30 09:35:45.500,2713.0000,1336,0,78707460.000,1,0,1,多换,S,2712.0000,2711.0000,2706.0000,2700.0000,2697.0000,2713.0000,2715.2000,2715.8000,2721.0000,2722.6000,1,1,1,7,1,1,1,1,1,1
SF,IH2012,2020-04-30 09:35:46.000,2713.0000,1337,1,79521360.000,1,1,0,双开,S,2712.2000,2712.0000,2711.0000,2706.0000,2700.0000,2715.2000,2721.0000,2722.6000,2729.4000,2764.0000,1,2,1,1,7,1,1,1,1,2
SF,IH2012,2020-04-30 09:35:46.500,2713.0000,1337,0,79521360.000,0,-,-,-,-,2712.0000,2711.0000,2706.0000,2700.0000,2697.0000,2715.2000,2721.0000,2722.6000,2729.4000,2764.0000,1,1,1,7,1,1,1,1,1,2
SF,IH2012,2020-04-30 09:35:47.000,2713.0000,1337,0,79521360.000,0,-,-,-,-,2712.0000,2711.0000,2706.0000,2700.0000,2697.0000,2715.0000,2715.2000,2721.0000,2722.6000,2729.4000,1,1,1,7,1,2,1,1,1,1
SF,IH2012,2020-04-30 09:35:47.500,2713.0000,1337,0,79521360.000,0,-,-,-,-,2711.0000,2706.0000,2700.0000,2697.0000,2693.6000,2714.8000,2715.0000,2717.6000,2721.0000,2722.6000,1,1,7,1,1,1,2,1,1,1
SF,IH2012,2020-04-30 09:35:48.000,2713.0000,1337,0,79521360.000,0,-,-,-,-,2711.8000,2711.2000,2711.0000,2706.0000,2700.0000,2714.6000,2714.8000,2717.6000,2721.0000,2722.6000,1,1,1,1,7,1,1,1,1,1
SF,IH2012,2020-04-30 09:35:48.500,2713.0000,1337,0,79521360.000,0,-,-,-,-,2711.8000,2711.2000,2711.0000,2706.0000,2700.0000,2714.4000,2714.6000,2717.6000,2721.0000,2722.6000,1,1,1,1,7,1,1,1,1,1
SF,IH2012,2020-04-30 09:35:49.000,2713.0000,1337,0,79521360.000,0,-,-,-,-,2712.2000,2711.8000,2711.2000,2711.0000,2706.0000,2714.4000,2714.6000,2717.6000,2721.0000,2722.6000,1,1,1,1,1,1,1,1,1,1
SF,IH2012,2020-04-30 09:35:49.500,2713.0000,1337,0,79521360.000,0,-,-,-,-,2711.8000,2711.2000,2711.0000,2706.0000,2700.0000,2714.4000,2714.6000,2717.6000,2721.0000,2722.6000,1,1,1,1,7,1,1,1,1,1
SF,IH2012,2020-04-30 09:35:50.000,2713.0000,1337,0,79521360.000,0,-,-,-,-,2711.8000,2711.2000,2711.0000,2706.0000,2700.0000,2714.4000,2717.6000,2721.0000,2722.6000,2729.4000,1,1,1,1,7,1,1,1,1,1
SF,IH2012,2020-04-30 09:35:50.500,2713.0000,1337,0,79521360.000,0,-,-,-,-,2712.0000,2711.8000,2711.0000,2706.0000,2700.0000,2714.4000,2717.6000,2721.0000,2722.6000,2729.4000,1,1,1,1,7,1,1,1,1,1
SF,IH2012,2020-04-30 09:35:51.000,2714.4000,1336,-1,80335680.000,1,0,1,双平,S,2712.2000,2712.0000,2711.0000,2706.0000,2700.0000,2717.6000,2721.0000,2722.6000,2729.4000,2764.0000,1,1,1,1,7,1,1,1,1,2
SF,IH2012,2020-04-30 09:35:51.500,2714.4000,1336,0,80335680.000,0,-,-,-,-,2712.4000,2712.2000,2711.0000,2706.0000,2700.0000,2717.4000,2717.6000,2721.0000,2722.6000,2729.4000,2,1,1,1,7,3,1,1,1,1
SF,IH2012,2020-04-30 09:35:52.000,2714.4000,1336,0,80335680.000,0,-,-,-,-,2714.4000,2712.4000,2711.0000,2706.0000,2700.0000,2717.4000,2717.6000,2721.0000,2722.6000,2729.4000,1,2,1,1,7,3,1,1,1,1
SF,IH2012,2020-04-30 09:35:52.500,2714.4000,1336,0,80335680.000,0,-,-,-,-,2714.4000,2712.6000,2712.4000,2711.0000,2706.0000,2717.4000,2717.6000,2722.6000,2729.4000,2764.0000,1,1,1,1,1,3,1,1,1,2
SF,IH2012,2020-04-30 09:35:53.000,2714.4000,1336,0,80335680.000,0,-,-,-,-,2714.4000,2712.6000,2712.4000,2711.0000,2706.0000,2716.8000,2717.4000,2717.6000,2722.6000,2729.4000,1,1,1,1,1,1,3,1,1,1
SF,IH2012,2020-04-30 09:35:53.500,2714.4000,1336,0,80335680.000,0,-,-,-,-,2714.4000,2712.4000,2711.0000,2706.0000,2700.0000,2716.6000,2716.8000,2717.4000,2717.6000,2722.6000,1,1,1,1,7,1,2,2,1,1
SF,IH2012,2020-04-30 09:35:54.500,2714.4000,1336,0,80335680.000,0,-,-,-,-,2714.4000,2712.4000,2711.0000,2706.0000,2700.0000,2716.2000,2716.6000,2716.8000,2717.4000,2717.6000,1,1,1,1,7,1,1,1,2,1
SF,IH2012,2020-04-30 09:35:55.000,2714.4000,1336,0,80335680.000,0,-,-,-,-,2714.4000,2712.4000,2711.0000,2706.0000,2700.0000,2716.0000,2716.2000,2716.8000,2717.4000,2717.6000,1,1,1,1,7,1,2,1,1,1
SF,IH2012,2020-04-30 09:35:56.000,2714.4000,1336,0,80335680.000,0,-,-,-,-,2714.4000,2712.4000,2711.0000,2706.0000,2700.0000,2716.0000,2716.2000,2716.8000,2717.4000,2717.6000,1,1,1,1,7,1,1,1,1,1
SF,IH2012,2020-04-30 09:35:56.500,2714.4000,1336,0,80335680.000,0,-,-,-,-,2714.4000,2712.4000,2712.2000,2711.0000,2700.0000,2716.0000,2716.2000,2716.8000,2717.4000,2717.6000,1,1,1,1,7,1,1,1,1,1
SF,IH2012,2020-04-30 09:35:57.000,2714.4000,1336,0,80335680.000,0,-,-,-,-,2714.4000,2712.4000,2712.2000,2711.0000,2705.0000,2716.0000,2716.2000,2716.8000,2717.4000,2717.6000,1,1,1,1,1,1,1,1,1,1
SF,IH2012,2020-04-30 09:35:59.500,2714.4000,1336,0,80335680.000,0,-,-,-,-,2714.4000,2712.4000,2712.2000,2711.0000,2705.0000,2716.0000,2716.2000,2717.4000,2719.8000,2722.6000,1,1,1,1,1,1,1,1,1,1
SF,IH2012,2020-04-30 09:36:00.000,2714.4000,1336,0,80335680.000,0,-,-,-,-,2714.4000,2712.4000,2712.2000,2711.0000,2705.0000,2716.0000,2719.8000,2722.6000,2729.4000,2764.0000,1,1,1,1,1,1,1,1,1,2
SF,IH2012,2020-04-30 09:36:00.500,2714.4000,1336,0,80335680.000,0,-,-,-,-,2714.4000,2712.4000,2712.2000,2711.0000,2705.0000,2716.0000,2718.2000,2719.8000,2722.6000,2729.4000,1,1,1,1,1,1,1,1,1,1
SF,IH2012,2020-04-30 09:36:01.500,2716.0000,1336,0,81150480.000,1,0,1,多换,S,2714.4000,2712.4000,2712.2000,2705.0000,2700.0000,2718.2000,2719.8000,2722.6000,2729.4000,2764.0000,1,1,1,1,7,1,1,1,1,2
SF,IH2012,2020-04-30 09:36:02.000,2716.0000,1336,0,81150480.000,0,-,-,-,-,2714.6000,2714.4000,2712.4000,2712.2000,2705.0000,2718.0000,2718.2000,2719.8000,2722.6000,2729.4000,1,1,1,1,1,3,1,1,1,1
SF,IH2012,2020-04-30 09:36:02.500,2716.0000,1336,0,81150480.000,0,-,-,-,-,2714.4000,2712.4000,2712.2000,2705.0000,2700.0000,2717.8000,2718.0000,2718.2000,2719.8000,2722.6000,1,1,1,1,7,1,3,1,1,1
SF,IH2012,2020-04-30 09:36:03.000,2716.0000,1336,0,81150480.000,0,-,-,-,-,2714.6000,2714.4000,2712.4000,2712.2000,2705.0000,2716.6000,2717.8000,2718.0000,2718.2000,2719.8000,1,1,1,1,1,1,1,3,1,1
SF,IH2012,2020-04-30 09:36:06.000,2714.6000,1335,-1,81964860.000,1,0,1,双平,S,2714.4000,2712.4000,2712.2000,2705.0000,2700.0000,2716.2000,2716.4000,2717.8000,2718.0000,2718.2000,1,1,1,1,7,1,1,1,3,1
SF,IH2012,2020-04-30 09:36:06.500,2714.4000,1335,0,82779180.000,1,0,1,多换,S,2712.4000,2712.2000,2705.0000,2700.0000,2697.0000,2716.0000,2716.2000,2716.4000,2718.0000,2718.2000,1,1,1,7,1,2,1,1,3,1
SF,IH2012,2020-04-30 09:36:07.000,2714.4000,1335,0,82779180.000,0,-,-,-,-,2712.6000,2712.4000,2712.2000,2705.0000,2700.0000,2716.0000,2716.2000,2716.4000,2718.0000,2718.2000,1,1,1,1,7,2,1,1,2,1
SF,IH2012,2020-04-30 09:36:07.500,2714.4000,1335,0,82779180.000,0,-,-,-,-,2712.6000,2712.2000,2705.0000,2700.0000,2697.0000,2715.6000,2715.8000,2716.0000,2716.2000,2718.0000,1,1,1,7,1,1,1,2,1,2
SF,IH2012,2020-04-30 09:36:08.000,2714.4000,1335,0,82779180.000,0,-,-,-,-,2712.2000,2705.0000,2700.0000,2697.0000,2693.6000,2715.4000,2715.6000,2715.8000,2716.0000,2718.0000,1,1,7,1,1,1,2,1,1,2
SF,IH2012,2020-04-30 09:36:10.000,2714.4000,1335,0,82779180.000,0,-,-,-,-,2712.2000,2705.0000,2700.0000,2697.0000,2693.6000,2715.0000,2715.2000,2715.4000,2715.8000,2716.0000,1,1,7,1,1,1,1,1,1,1
SF,IH2012,2020-04-30 09:36:10.500,2714.4000,1335,0,82779180.000,0,-,-,-,-,2712.2000,2705.0000,2700.0000,2697.0000,2693.6000,2714.8000,2715.0000,2715.2000,2716.0000,2718.0000,1,1,7,1,1,1,1,1,1,2
SF,IH2012,2020-04-30 09:36:11.000,2714.4000,1335,0,82779180.000,0,-,-,-,-,2712.2000,2705.0000,2700.0000,2697.0000,2693.6000,2714.8000,2715.0000,2716.0000,2718.0000,2718.2000,1,1,7,1,1,1,1,2,2,1
SF,IH2012,2020-04-30 09:36:11.500,2714.4000,1335,0,82779180.000,0,-,-,-,-,2712.2000,2712.0000,2705.0000,2700.0000,2697.0000,2714.6000,2714.8000,2715.0000,2716.0000,2718.0000,1,1,1,7,1,1,1,1,2,2
SF,IH2012,2020-04-30 09:36:12.000,2714.4000,1335,0,82779180.000,0,-,-,-,-,2712.2000,2712.0000,2705.0000,2700.0000,2697.0000,2714.4000,2714.6000,2715.0000,2716.0000,2718.0000,1,1,1,7,1,1,1,1,2,2
SF,IH2012,2020-04-30 09:36:12.500,2714.4000,1335,0,82779180.000,0,-,-,-,-,2712.2000,2712.0000,2705.0000,2700.0000,2697.0000,2714.4000,2716.0000,2718.0000,2718.2000,2722.6000,1,1,1,7,1,2,2,2,1,1
SF,IH2012,2020-04-30 09:36:13.500,2714.4000,1335,0,82779180.000,0,-,-,-,-,2712.2000,2712.0000,2705.0000,2700.0000,2697.0000,2714.4000,2716.0000,2718.0000,2718.2000,2722.6000,1,1,1,7,1,1,2,2,1,1
SF,IH2012,2020-04-30 09:36:16.000,2714.4000,1335,0,82779180.000,0,-,-,-,-,2712.4000,2712.2000,2712.0000,2705.0000,2700.0000,2714.4000,2716.0000,2718.0000,2718.2000,2722.6000,1,1,1,1,7,1,2,2,1,1
SF,IH2012,2020-04-30 09:36:17.500,2714.4000,1335,0,82779180.000,0,-,-,-,-,2712.4000,2712.2000,2712.0000,2705.0000,2700.0000,2714.2000,2714.4000,2716.0000,2718.0000,2718.2000,1,1,1,1,7,1,1,2,2,1
SF,IH2012,2020-04-30 09:36:18.000,2714.4000,1335,0,82779180.000,0,-,-,-,-,2712.2000,2712.0000,2705.0000,2700.0000,2697.0000,2714.0000,2714.2000,2716.0000,2718.0000,2718.2000,1,1,1,7,1,1,1,2,2,1
SF,IH2012,2020-04-30 09:36:18.500,2714.4000,1335,0,82779180.000,0,-,-,-,-,2712.2000,2712.0000,2705.0000,2700.0000,2697.0000,2712.4000,2714.0000,2714.2000,2716.0000,2718.0000,1,1,1,7,1,1,1,1,2,2
SF,IH2012,2020-04-30 09:36:19.000,2712.4000,1334,-1,83592900.000,1,0,1,双平,S,2712.2000,2712.0000,2705.0000,2700.0000,2697.0000,2714.0000,2714.2000,2716.0000,2718.0000,2718.2000,1,1,1,7,1,1,1,2,2,1
SF,IH2012,2020-04-30 09:36:20.000,2712.4000,1334,0,83592900.000,0,-,-,-,-,2712.2000,2712.0000,2705.0000,2700.0000,2697.0000,2713.8000,2714.0000,2716.0000,2718.0000,2718.2000,1,1,1,7,1,1,1,2,2,1
SF,IH2012,2020-04-30 09:36:22.500,2712.2000,1334,0,84406560.000,1,0,1,多换,S,2712.0000,2705.0000,2700.0000,2697.0000,2693.6000,2713.8000,2714.0000,2716.0000,2718.0000,2718.2000,1,1,7,1,1,1,1,2,2,1
SF,IH2012,2020-04-30 09:36:23.000,2712.2000,1334,0,84406560.000,0,-,-,-,-,2712.0000,2705.0000,2700.0000,2697.0000,2693.6000,2713.6000,2713.8000,2716.0000,2718.0000,2718.2000,1,1,7,1,1,1,1,2,2,1
SF,IH2012,2020-04-30 09:36:23.500,2712.2000,1334,0,84406560.000,0,-,-,-,-,2712.0000,2705.0000,2700.0000,2697.0000,2693.6000,2713.4000,2713.6000,2713.8000,2716.0000,2718.0000,1,1,7,1,1,1,1,1,2,2
SF,IH2012,2020-04-30 09:36:24.000,2712.2000,1334,0,84406560.000,0,-,-,-,-,2712.0000,2705.0000,2700.0000,2697.0000,2693.6000,2713.2000,2713.4000,2713.8000,2716.0000,2718.0000,1,1,7,1,1,1,1,1,2,2
SF,IH2012,2020-04-30 09:36:24.500,2712.2000,1334,0,84406560.000,0,-,-,-,-,2712.0000,2705.0000,2700.0000,2697.0000,2693.6000,2713.2000,2713.4000,2713.8000,2716.0000,2718.0000,1,1,7,1,1,1,1,1,2,2
SF,IH2012,2020-04-30 09:36:25.500,2712.2000,1334,0,84406560.000,0,-,-,-,-,2712.0000,2705.0000,2700.0000,2697.0000,2693.6000,2713.2000,2713.4000,2713.8000,2715.4000,2716.0000,1,1,7,1,1,1,1,1,1,2
SF,IH2012,2020-04-30 09:36:26.500,2712.2000,1334,0,84406560.000,0,-,-,-,-,2712.0000,2705.0000,2700.0000,2697.0000,2693.6000,2713.2000,2713.4000,2715.4000,2716.0000,2718.0000,1,1,7,1,1,1,1,1,2,2
SF,IH2012,2020-04-30 09:36:27.000,2712.2000,1334,0,84406560.000,0,-,-,-,-,2712.0000,2705.0000,2700.0000,2697.0000,2693.6000,2713.2000,2715.4000,2716.0000,2718.0000,2722.6000,1,1,7,1,1,1,1,2,2,1
SF,IH2012,2020-04-30 09:36:31.500,2713.2000,1334,0,85220520.000,1,0,1,多换,S,2712.0000,2705.0000,2700.0000,2697.0000,2693.6000,2715.4000,2716.0000,2718.0000,2722.6000,2729.4000,1,1,7,1,1,1,2,2,1,1
SF,IH2012,2020-04-30 09:36:32.000,2713.2000,1334,0,85220520.000,0,-,-,-,-,2712.0000,2705.0000,2700.0000,2697.0000,2693.6000,2715.2000,2715.4000,2716.0000,2718.0000,2722.6000,1,1,7,1,1,2,1,2,2,1
SF,IH2012,2020-04-30 09:36:32.500,2713.2000,1334,0,85220520.000,0,-,-,-,-,2712.0000,2705.0000,2700.0000,2697.0000,2693.6000,2714.4000,2715.2000,2715.4000,2716.0000,2718.0000,1,1,7,1,1,1,2,1,2,2
SF,IH2012,2020-04-30 09:36:33.000,2713.2000,1334,0,85220520.000,0,-,-,-,-,2712.0000,2705.0000,2700.0000,2697.0000,2693.6000,2714.2000,2714.4000,2715.4000,2716.0000,2718.0000,1,1,7,1,1,1,1,1,2,2
SF,IH2012,2020-04-30 09:36:33.500,2713.2000,1334,0,85220520.000,0,-,-,-,-,2712.0000,2705.0000,2700.0000,2697.0000,2693.6000,2714.2000,2714.4000,2716.0000,2718.0000,2722.6000,1,1,7,1,1,1,1,2,2,1
SF,IH2012,2020-04-30 09:36:34.000,2712.0000,1334,0,86034120.000,1,0,1,多换,S,2705.0000,2700.0000,2697.0000,2693.6000,2691.0000,2714.2000,2714.4000,2716.0000,2718.0000,2722.6000,1,7,1,1,1,1,1,2,2,1
SF,IH2012,2020-04-30 09:36:34.500,2712.0000,1334,0,86034120.000,0,-,-,-,-,2710.8000,2705.2000,2705.0000,2700.0000,2697.0000,2714.0000,2714.2000,2716.0000,2718.0000,2722.6000,1,2,1,7,1,1,1,2,2,1
SF,IH2012,2020-04-30 09:36:35.000,2712.0000,1334,0,86034120.000,0,-,-,-,-,2711.0000,2710.8000,2705.2000,2705.0000,2700.0000,2714.0000,2716.0000,2718.0000,2722.6000,2729.4000,1,1,1,1,7,1,2,2,1,1
SF,IH2012,2020-04-30 09:36:35.500,2712.0000,1334,0,86034120.000,0,-,-,-,-,2711.4000,2711.0000,2710.8000,2705.2000,2705.0000,2714.0000,2716.0000,2718.0000,2722.6000,2729.4000,1,1,1,1,1,1,2,2,1,1
SF,IH2012,2020-04-30 09:36:36.000,2712.0000,1334,0,86034120.000,0,-,-,-,-,2711.4000,2711.0000,2710.8000,2708.2000,2705.2000,2713.8000,2714.0000,2716.0000,2718.0000,2722.6000,1,1,1,1,1,1,1,1,2,1
SF,IH2012,2020-04-30 09:36:36.500,2712.0000,1334,0,86034120.000,0,-,-,-,-,2711.0000,2710.8000,2708.2000,2706.8000,2705.0000,2713.6000,2713.8000,2714.0000,2716.0000,2718.0000,1,1,1,1,1,1,1,1,1,2
SF,IH2012,2020-04-30 09:36:37.000,2712.0000,1334,0,86034120.000,0,-,-,-,-,2711.0000,2710.8000,2708.2000,2706.8000,2705.0000,2713.6000,2713.8000,2716.0000,2718.0000,2722.6000,1,1,1,1,1,1,1,1,2,1
SF,IH2012,2020-04-30 09:36:37.500,2712.0000,1334,0,86034120.000,0,-,-,-,-,2711.0000,2710.8000,2708.2000,2706.8000,2705.0000,2713.8000,2716.0000,2718.0000,2722.6000,2729.4000,1,1,1,1,1,1,1,2,1,1
SF,IH2012,2020-04-30 09:36:42.000,2712.0000,1334,0,86034120.000,0,-,-,-,-,2711.4000,2711.0000,2710.8000,2708.2000,2706.8000,2713.8000,2716.0000,2718.0000,2722.6000,2729.4000,1,1,1,1,1,1,1,2,1,1
SF,IH2012,2020-04-30 09:36:42.500,2712.0000,1334,0,86034120.000,0,-,-,-,-,2711.6000,2711.4000,2710.8000,2708.2000,2706.8000,2716.0000,2718.0000,2722.6000,2729.4000,2764.0000,1,1,1,1,1,1,2,1,1,2
SF,IH2012,2020-04-30 09:36:43.000,2712.0000,1334,0,86034120.000,0,-,-,-,-,2711.6000,2711.4000,2710.8000,2708.2000,2706.8000,2715.8000,2716.0000,2718.0000,2722.6000,2729.4000,1,1,1,1,1,4,1,2,1,1
SF,IH2012,2020-04-30 09:36:44.500,2712.0000,1334,0,86034120.000,0,-,-,-,-,2711.6000,2711.4000,2710.8000,2708.2000,2706.8000,2715.2000,2715.8000,2718.0000,2722.6000,2729.4000,1,1,1,1,1,1,4,2,1,1
SF,IH2012,2020-04-30 09:36:45.000,2712.0000,1334,0,86034120.000,0,-,-,-,-,2711.8000,2711.6000,2711.4000,2710.8000,2706.8000,2715.0000,2715.2000,2715.8000,2718.0000,2722.6000,1,1,1,1,1,1,1,2,2,1
SF,IH2012,2020-04-30 09:36:45.500,2712.0000,1334,0,86034120.000,0,-,-,-,-,2712.0000,2711.8000,2711.4000,2710.8000,2706.8000,2715.0000,2715.2000,2715.8000,2718.0000,2722.6000,1,1,1,1,1,1,1,2,2,1
SF,IH2012,2020-04-30 09:36:46.500,2712.0000,1334,0,86034120.000,0,-,-,-,-,2712.0000,2711.4000,2710.8000,2706.8000,2705.0000,2715.0000,2715.2000,2718.0000,2722.6000,2729.4000,1,1,1,1,1,1,1,2,1,1
SF,IH2012,2020-04-30 09:36:48.000,2712.0000,1334,0,86034120.000,0,-,-,-,-,2712.4000,2712.0000,2710.8000,2706.8000,2706.0000,2714.6000,2715.0000,2718.0000,2722.6000,2729.4000,1,1,1,1,1,1,1,2,1,1
SF,IH2012,2020-04-30 09:36:48.500,2712.0000,1334,0,86034120.000,0,-,-,-,-,2712.0000,2710.8000,2706.8000,2706.0000,2705.0000,2714.4000,2714.6000,2718.0000,2722.6000,2729.4000,1,1,1,1,1,1,1,2,1,1
SF,IH2012,2020-04-30 09:36:51.000,2712.0000,1334,0,86034120.000,0,-,-,-,-,2712.0000,2710.8000,2706.8000,2706.0000,2705.0000,2714.2000,2714.4000,2718.0000,2722.6000,2729.4000,1,1,1,1,1,1,1,2,1,1
SF,IH2012,2020-04-30 09:36:51.500,2712.0000,1334,0,86034120.000,0,-,-,-,-,2712.0000,2710.8000,2706.8000,2706.0000,2705.0000,2714.0000,2714.2000,2718.0000,2722.6000,2729.4000,1,1,1,1,1,1,1,2,1,1
SF,IH2012,2020-04-30 09:36:52.000,2712.0000,1334,0,86034120.000,0,-,-,-,-,2712.0000,2710.8000,2706.8000,2706.0000,2705.0000,2714.0000,2714.2000,2718.0000,2722.6000,2729.4000,1,1,1,1,1,2,1,2,1,1
SF,IH2012,2020-04-30 09:36:52.500,2712.0000,1334,0,86034120.000,0,-,-,-,-,2706.8000,2706.0000,2705.0000,2700.0000,2697.0000,2714.0000,2718.0000,2722.6000,2729.4000,2764.0000,1,1,1,7,1,2,2,1,1,2
SF,IH2012,2020-04-30 09:36:53.000,2712.0000,1334,0,86034120.000,0,-,-,-,-,2710.4000,2707.0000,2706.8000,2706.0000,2705.0000,2714.0000,2715.2000,2718.0000,2722.6000,2729.4000,1,2,1,1,1,1,1,2,1,1
SF,IH2012,2020-04-30 09:36:53.500,2712.0000,1334,0,86034120.000,0,-,-,-,-,2710.6000,2710.4000,2707.0000,2706.8000,2706.0000,2714.0000,2715.2000,2718.0000,2722.6000,2729.4000,1,1,1,1,1,1,1,2,1,1
SF,IH2012,2020-04-30 09:36:54.000,2712.0000,1334,0,86034120.000,0,-,-,-,-,2710.6000,2707.0000,2706.8000,2706.0000,2705.0000,2714.0000,2715.2000,2718.0000,2722.6000,2729.4000,1,1,1,1,1,1,1,2,1,1
SF,IH2012,2020-04-30 09:36:54.500,2712.0000,1334,0,86034120.000,0,-,-,-,-,2710.6000,2708.8000,2707.0000,2706.8000,2706.0000,2713.8000,2714.0000,2715.2000,2718.0000,2722.6000,2,1,1,1,1,1,1,1,2,1
SF,IH2012,2020-04-30 09:36:55.500,2712.0000,1334,0,86034120.000,0,-,-,-,-,2710.6000,2708.8000,2707.0000,2706.8000,2706.0000,2713.8000,2715.2000,2718.0000,2722.6000,2729.4000,2,1,1,1,1,1,1,2,1,1
SF,IH2012,2020-04-30 09:36:56.000,2712.0000,1334,0,86034120.000,0,-,-,-,-,2710.8000,2710.6000,2708.8000,2707.0000,2706.8000,2715.2000,2718.0000,2722.6000,2729.4000,2764.0000,1,2,1,1,1,1,2,1,1,2
