市场代码,合约代码,时间,最新,持仓,增仓,成交额,成交量,开仓,平仓,成交类型,方向,买一价,买二价,买三价,买四价,买五价,卖一价,卖二价,卖三价,卖四价,卖五价,买一量,买二量,买三量,买四量,买五量,卖一量,卖二量,卖三量,卖四量,卖五量
SF,IH2009,2020-05-28 09:29:00.100,2689.8000,15047,0,2420820.000,3.000,-,-,-,-,2687.8000,2687.6000,2687.0000,2686.8000,2685.0000,2689.8000,2691.8000,2692.0000,2693.0000,2694.4000,4,4,4,4,1,1,5,1,1,1
SF,IH2009,2020-05-28 09:30:00.100,2689.8000,15047,0,2420820.000,0,-,-,-,-,2687.8000,2687.6000,2685.0000,2684.2000,2682.0000,2689.6000,2689.8000,2691.8000,2692.0000,2693.0000,4,4,1,1,1,3,3,5,1,1
SF,IH2009,2020-05-28 09:30:00.600,2689.8000,15043,-4,5648580.000,4,0,4,双平,S,2689.0000,2688.0000,2687.8000,2687.6000,2685.0000,2689.6000,2689.8000,2691.8000,2692.0000,2693.0000,4,2,4,4,1,1,3,1,1,1
SF,IH2009,2020-05-28 09:30:01.100,2689.8000,15041,-2,11296560.000,7,2,5,多平,S,2689.0000,2688.0000,2687.8000,2687.6000,2685.0000,2689.8000,2691.8000,2692.0000,2694.8000,2695.0000,4,1,4,4,1,1,1,1,1,21
SF,IH2009,2020-05-28 09:30:01.600,2689.0000,15038,-3,13716900.000,3,0,3,双平,S,2689.0000,2688.0000,2687.8000,2687.6000,2685.0000,2689.8000,2690.6000,2691.8000,2692.0000,2694.8000,2,1,4,4,1,1,1,1,1,1
SF,IH2009,2020-05-28 09:30:02.100,2689.8000,15037,-1,14523840.000,1,0,1,双平,S,2689.0000,2688.2000,2688.0000,2687.8000,2687.6000,2690.6000,2691.8000,2694.8000,2695.0000,2695.8000,2,1,1,4,4,1,1,1,23,1
SF,IH2009,2020-05-28 09:30:02.600,2689.8000,15037,0,14523840.000,0,-,-,-,-,2689.2000,2689.0000,2688.2000,2687.8000,2687.6000,2690.6000,2691.8000,2694.8000,2695.0000,2695.8000,2,2,1,4,4,1,1,1,23,1
SF,IH2009,2020-05-28 09:30:03.600,2689.2000,15036,-1,15330600.000,1,0,1,双平,S,2689.2000,2689.0000,2688.2000,2687.8000,2687.6000,2690.4000,2690.6000,2691.8000,2694.8000,2695.0000,1,2,1,4,4,2,1,1,1,23
SF,IH2009,2020-05-28 09:30:04.100,2689.0000,15034,-2,16944060.000,2,0,2,双平,S,2689.0000,2688.2000,2687.8000,2687.6000,2685.0000,2690.4000,2690.6000,2690.8000,2691.8000,2694.8000,1,1,4,4,1,2,2,1,1,1
SF,IH2009,2020-05-28 09:30:04.600,2689.0000,15034,0,16944060.000,0,-,-,-,-,2689.0000,2688.2000,2687.8000,2687.6000,2685.0000,2690.6000,2691.8000,2694.8000,2695.0000,2695.8000,1,1,4,4,1,1,1,1,23,1
SF,IH2009,2020-05-28 09:30:05.100,2689.0000,15034,0,16944060.000,0,-,-,-,-,2689.0000,2688.2000,2687.8000,2687.6000,2685.0000,2690.6000,2691.8000,2694.8000,2695.0000,2695.8000,1,1,4,4,1,1,1,1,23,1
SF,IH2009,2020-05-28 09:30:05.600,2689.0000,15034,0,17750760.000,1,0,1,多换,S,2688.2000,2687.8000,2687.6000,2685.0000,2684.2000,2689.0000,2690.6000,2691.8000,2694.8000,2695.0000,1,4,4,1,1,1,2,1,1,23
SF,IH2009,2020-05-28 09:30:06.100,2690.6000,15033,-1,19364640.000,2,0,2,多平,S,2689.0000,2688.4000,2688.2000,2687.8000,2687.6000,2690.6000,2691.8000,2694.8000,2695.0000,2695.8000,2,1,1,4,4,1,1,1,23,1
SF,IH2009,2020-05-28 09:30:06.600,2688.4000,15032,-1,20171160.000,1,0,1,双平,S,2688.2000,2687.8000,2687.6000,2685.0000,2684.2000,2690.4000,2690.6000,2691.8000,2694.8000,2695.0000,1,4,4,1,1,2,1,1,1,24
SF,IH2009,2020-05-28 09:30:07.100,2688.4000,15032,0,20171160.000,0,-,-,-,-,2688.2000,2687.8000,2687.6000,2685.0000,2684.2000,2689.0000,2690.0000,2690.2000,2690.4000,2690.8000,1,4,4,1,1,2,1,3,3,1
SF,IH2009,2020-05-28 09:30:07.600,2688.4000,15032,0,20171160.000,0,-,-,-,-,2688.2000,2687.8000,2687.6000,2685.0000,2684.2000,2689.0000,2690.2000,2690.4000,2690.8000,2691.8000,1,4,4,1,1,2,3,3,1,1
SF,IH2009,2020-05-28 09:30:08.100,2688.4000,15032,0,20171160.000,0,-,-,-,-,2688.2000,2687.8000,2687.6000,2685.0000,2684.2000,2688.8000,2689.0000,2690.2000,2690.4000,2690.6000,1,4,4,1,1,1,3,2,3,1
SF,IH2009,2020-05-28 09:30:08.600,2688.2000,15031,-1,20977620.000,1,0,1,双平,S,2687.8000,2687.6000,2685.0000,2684.2000,2682.8000,2688.8000,2689.0000,2690.2000,2690.4000,2690.6000,4,4,1,1,5,1,4,2,3,1
SF,IH2009,2020-05-28 09:30:09.100,2688.2000,15031,0,20977620.000,0,-,-,-,-,2687.8000,2687.6000,2685.0000,2684.2000,2682.8000,2688.2000,2688.8000,2689.0000,2690.2000,2690.4000,4,4,1,1,5,1,1,4,2,3
SF,IH2009,2020-05-28 09:30:09.600,2687.6000,15023,-8,27428100.000,8,0,8,双平,S,2685.0000,2684.2000,2682.8000,2682.0000,2680.2000,2687.8000,2688.2000,2688.8000,2689.0000,2690.2000,1,1,5,1,1,1,1,1,4,2
SF,IH2009,2020-05-28 09:30:10.100,2687.6000,15023,0,27428100.000,0,-,-,-,-,2685.8000,2685.6000,2685.2000,2685.0000,2684.2000,2687.6000,2688.2000,2688.8000,2689.0000,2690.2000,1,2,3,1,1,2,1,1,3,1
SF,IH2009,2020-05-28 09:30:10.600,2687.6000,15023,0,27428100.000,0,-,-,-,-,2686.0000,2685.8000,2685.6000,2685.4000,2685.2000,2687.6000,2688.2000,2689.0000,2690.2000,2690.4000,2,1,1,4,2,1,1,3,1,4
SF,IH2009,2020-05-28 09:30:11.100,2687.6000,15022,-1,28234380.000,1,0,1,双平,S,2687.6000,2687.4000,2686.8000,2686.2000,2686.0000,2688.2000,2689.0000,2689.8000,2690.0000,2690.2000,1,1,3,3,7,1,3,1,1,1
SF,IH2009,2020-05-28 09:30:11.600,2688.2000,15021,-1,29040840.000,1,0,1,双平,S,2688.2000,2687.6000,2686.2000,2686.0000,2685.6000,2689.0000,2689.8000,2690.0000,2690.2000,2690.4000,1,1,1,2,1,3,1,1,1,4
SF,IH2009,2020-05-28 09:30:12.100,2688.2000,15021,0,29040840.000,0,-,-,-,-,2687.6000,2686.2000,2686.0000,2685.6000,2685.2000,2688.8000,2689.0000,2689.8000,2690.0000,2690.2000,1,1,2,1,1,1,3,1,1,1
SF,IH2009,2020-05-28 09:30:12.600,2688.2000,15021,0,29040840.000,0,-,-,-,-,2687.6000,2686.2000,2686.0000,2685.6000,2685.2000,2689.0000,2689.8000,2690.0000,2690.2000,2690.4000,1,1,2,1,1,3,1,1,1,4
SF,IH2009,2020-05-28 09:30:13.100,2688.2000,15021,0,29040840.000,0,-,-,-,-,2687.6000,2686.2000,2686.0000,2685.6000,2685.2000,2688.2000,2688.8000,2689.0000,2689.8000,2690.0000,1,1,2,1,1,1,1,2,1,1
SF,IH2009,2020-05-28 09:30:13.600,2689.0000,15017,-4,32267340.000,4,0,4,双平,S,2688.8000,2687.8000,2687.6000,2686.2000,2686.0000,2689.8000,2690.0000,2690.2000,2690.4000,2690.6000,2,1,1,1,2,1,1,1,4,1
SF,IH2009,2020-05-28 09:30:14.100,2688.8000,15016,-1,33073980.000,1,0,1,双平,S,2688.8000,2687.6000,2686.0000,2685.6000,2685.0000,2689.6000,2689.8000,2690.0000,2690.2000,2690.4000,1,1,2,1,1,1,1,1,1,4
SF,IH2009,2020-05-28 09:30:14.600,2688.8000,15016,0,33073980.000,0,-,-,-,-,2687.6000,2686.0000,2685.6000,2685.0000,2684.2000,2689.4000,2689.6000,2689.8000,2690.0000,2690.4000,1,2,1,1,1,1,1,1,1,4
SF,IH2009,2020-05-28 09:30:15.100,2688.8000,15016,0,33073980.000,0,-,-,-,-,2687.8000,2687.6000,2686.0000,2685.6000,2685.0000,2688.0000,2689.4000,2689.8000,2690.0000,2690.4000,2,1,2,1,1,2,1,1,1,4
SF,IH2009,2020-05-28 09:30:15.600,2688.0000,15016,0,34686780.000,2,1,1,多换,S,2688.6000,2688.4000,2687.8000,2687.6000,2686.0000,2689.4000,2689.8000,2690.0000,2690.4000,2690.6000,2,2,2,1,2,1,1,1,4,1
SF,IH2009,2020-05-28 09:30:16.100,2688.0000,15016,0,34686780.000,0,-,-,-,-,2688.6000,2688.4000,2687.8000,2687.6000,2686.0000,2689.4000,2689.8000,2690.0000,2690.4000,2690.6000,2,2,1,1,2,1,1,1,4,1
SF,IH2009,2020-05-28 09:30:16.600,2689.4000,15013,-3,37106760.000,3,0,3,双平,S,2689.4000,2688.6000,2688.4000,2687.6000,2686.0000,2689.8000,2690.0000,2690.4000,2690.6000,2691.8000,1,1,2,1,2,1,1,4,1,1
SF,IH2009,2020-05-28 09:30:17.100,2689.2000,15011,-2,41947380.000,6,2,4,多平,S,2688.4000,2687.6000,2686.0000,2685.6000,2685.0000,2689.8000,2690.0000,2690.4000,2690.6000,2691.8000,2,1,2,1,1,1,1,4,1,1
SF,IH2009,2020-05-28 09:30:17.600,2688.6000,15011,0,42753960.000,1,0,1,多换,S,2688.4000,2687.6000,2686.0000,2685.6000,2685.2000,2689.6000,2689.8000,2690.0000,2690.4000,2690.6000,2,1,2,1,1,1,2,1,4,1
SF,IH2009,2020-05-28 09:30:18.100,2688.6000,15011,0,42753960.000,0,-,-,-,-,2688.4000,2687.6000,2686.0000,2685.6000,2685.2000,2689.6000,2689.8000,2690.0000,2690.4000,2690.6000,2,1,2,1,1,1,1,1,4,1
SF,IH2009,2020-05-28 09:30:18.600,2689.6000,15010,-1,43560840.000,1,0,1,双平,S,2688.4000,2687.6000,2686.0000,2685.6000,2685.2000,2689.8000,2690.0000,2690.4000,2690.6000,2691.8000,2,1,2,1,1,1,1,4,1,1
SF,IH2009,2020-05-28 09:30:19.100,2689.6000,15010,0,43560840.000,0,-,-,-,-,2688.6000,2688.4000,2687.6000,2686.0000,2685.6000,2689.8000,2690.0000,2690.4000,2690.6000,2691.8000,1,2,1,2,1,1,1,4,1,1
SF,IH2009,2020-05-28 09:30:19.600,2689.6000,15010,0,43560840.000,0,-,-,-,-,2688.8000,2688.4000,2687.6000,2686.0000,2685.6000,2689.8000,2690.0000,2690.4000,2690.6000,2691.8000,1,2,1,2,1,1,1,4,1,1
SF,IH2009,2020-05-28 09:30:20.100,2689.8000,15010,0,44367780.000,1,0,1,多换,S,2689.0000,2688.4000,2687.6000,2686.0000,2685.6000,2690.0000,2690.4000,2690.6000,2691.8000,2694.8000,1,2,1,2,1,1,4,1,1,1
SF,IH2009,2020-05-28 09:30:20.600,2689.8000,15010,0,44367780.000,0,-,-,-,-,2688.4000,2687.6000,2686.0000,2685.6000,2685.2000,2690.0000,2690.4000,2690.6000,2691.8000,2694.8000,2,1,2,1,1,1,4,1,1,1
SF,IH2009,2020-05-28 09:30:21.100,2689.8000,15010,0,44367780.000,0,-,-,-,-,2688.6000,2688.4000,2687.6000,2686.0000,2685.6000,2690.0000,2690.4000,2690.6000,2691.8000,2694.8000,2,2,1,1,1,1,4,1,1,1
SF,IH2009,2020-05-28 09:30:23.100,2689.8000,15010,0,44367780.000,0,-,-,-,-,2688.6000,2688.4000,2687.6000,2686.0000,2685.6000,2690.0000,2690.4000,2690.6000,2691.8000,2694.8000,2,2,1,1,1,1,4,1,1,1
SF,IH2009,2020-05-28 09:30:23.600,2689.8000,15010,0,44367780.000,0,-,-,-,-,2688.6000,2688.4000,2687.6000,2686.0000,2685.6000,2690.0000,2690.4000,2690.6000,2691.8000,2694.8000,2,2,1,1,1,2,4,1,1,1
SF,IH2009,2020-05-28 09:30:24.100,2689.8000,15010,0,44367780.000,0,-,-,-,-,2688.6000,2688.4000,2687.6000,2686.0000,2685.6000,2690.0000,2690.4000,2690.6000,2691.8000,2694.8000,2,2,1,1,1,2,4,1,1,1
SF,IH2009,2020-05-28 09:30:24.600,2689.8000,15010,0,45174720.000,1,0,1,多换,S,2688.6000,2688.4000,2687.6000,2686.0000,2685.6000,2689.8000,2690.0000,2690.4000,2690.6000,2691.8000,2,2,1,1,1,1,2,4,1,1
SF,IH2009,2020-05-28 09:30:25.100,2689.8000,15010,0,45174720.000,0,-,-,-,-,2688.6000,2688.4000,2687.6000,2686.0000,2685.6000,2689.8000,2690.0000,2690.4000,2690.6000,2691.8000,2,2,1,1,1,2,1,4,1,1
SF,IH2009,2020-05-28 09:30:29.600,2689.8000,15010,0,45174720.000,0,-,-,-,-,2689.0000,2688.6000,2688.4000,2687.6000,2686.0000,2689.8000,2690.0000,2690.4000,2690.6000,2691.8000,1,2,2,1,1,2,1,4,1,1
SF,IH2009,2020-05-28 09:30:30.100,2689.8000,15010,0,45174720.000,0,-,-,-,-,2688.6000,2688.4000,2687.6000,2686.0000,2685.6000,2689.8000,2690.0000,2690.4000,2690.6000,2691.8000,1,2,1,1,1,2,1,4,1,1
SF,IH2009,2020-05-28 09:30:30.600,2689.8000,15010,0,45174720.000,0,-,-,-,-,2688.8000,2688.6000,2688.4000,2687.6000,2686.0000,2689.8000,2690.0000,2690.4000,2690.6000,2691.8000,2,1,2,1,1,2,1,4,1,1
SF,IH2009,2020-05-28 09:30:31.100,2689.8000,15010,0,45174720.000,0,-,-,-,-,2688.8000,2688.6000,2688.4000,2687.6000,2686.0000,2689.8000,2690.4000,2690.6000,2691.8000,2694.8000,2,1,2,1,1,2,4,1,1,1
SF,IH2009,2020-05-28 09:30:31.600,2689.8000,15010,0,45174720.000,0,-,-,-,-,2688.8000,2688.6000,2688.4000,2687.6000,2686.0000,2689.8000,2690.4000,2690.6000,2691.8000,2694.8000,2,1,2,1,1,1,4,1,1,1
SF,IH2009,2020-05-28 09:30:32.600,2689.8000,15010,0,45174720.000,0,-,-,-,-,2689.2000,2688.8000,2688.6000,2688.4000,2687.6000,2689.8000,2690.4000,2690.6000,2691.8000,2694.8000,1,2,1,2,1,1,4,1,1,1
SF,IH2009,2020-05-28 09:30:33.100,2688.6000,15010,0,46787940.000,2,1,1,多换,S,2688.4000,2687.6000,2686.0000,2685.6000,2685.0000,2688.6000,2689.8000,2690.4000,2690.6000,2691.8000,2,1,1,1,1,1,1,4,1,1
SF,IH2009,2020-05-28 09:30:33.600,2688.6000,15010,0,47594520.000,1,0,1,多换,S,2689.2000,2689.0000,2688.6000,2688.4000,2687.6000,2689.8000,2690.4000,2690.6000,2691.8000,2694.8000,1,3,7,2,1,1,4,1,1,1
SF,IH2009,2020-05-28 09:30:34.100,2688.6000,15010,0,47594520.000,0,-,-,-,-,2689.2000,2689.0000,2688.8000,2688.6000,2688.4000,2689.8000,2690.4000,2690.6000,2691.8000,2694.8000,1,3,2,3,2,1,4,1,1,1
SF,IH2009,2020-05-28 09:30:34.600,2689.2000,15010,0,48401280.000,1,0,1,多换,S,2689.0000,2688.8000,2688.6000,2688.4000,2687.6000,2689.8000,2690.4000,2690.6000,2691.8000,2694.8000,3,2,2,2,1,1,4,1,1,1
SF,IH2009,2020-05-28 09:30:35.100,2689.2000,15010,0,48401280.000,0,-,-,-,-,2688.8000,2688.6000,2688.4000,2687.6000,2685.6000,2689.8000,2690.4000,2690.6000,2691.8000,2694.8000,2,2,2,1,1,1,4,1,1,1
SF,IH2009,2020-05-28 09:30:35.600,2689.2000,15010,0,48401280.000,0,-,-,-,-,2688.8000,2688.6000,2688.4000,2687.8000,2687.6000,2689.8000,2690.4000,2690.6000,2691.8000,2694.8000,2,2,2,1,1,1,4,1,1,1
SF,IH2009,2020-05-28 09:30:36.100,2689.2000,15010,0,48401280.000,0,-,-,-,-,2688.8000,2688.6000,2688.4000,2687.8000,2687.6000,2689.0000,2689.8000,2690.0000,2690.4000,2690.6000,2,2,2,1,1,1,1,1,4,1
SF,IH2009,2020-05-28 09:30:36.600,2689.0000,15009,-1,49207980.000,1,0,1,双平,S,2689.0000,2688.8000,2688.6000,2688.4000,2687.8000,2689.8000,2690.0000,2690.4000,2690.6000,2691.8000,2,2,2,2,1,1,1,4,1,1
SF,IH2009,2020-05-28 09:30:37.100,2689.0000,15009,0,49207980.000,0,-,-,-,-,2688.8000,2688.6000,2688.4000,2687.8000,2687.6000,2689.2000,2689.8000,2690.0000,2690.4000,2690.6000,2,2,2,1,1,1,1,1,4,1
SF,IH2009,2020-05-28 09:30:37.600,2689.2000,15009,0,50014740.000,1,0,1,多换,S,2688.8000,2688.6000,2688.4000,2687.8000,2687.6000,2689.8000,2690.0000,2690.4000,2690.6000,2691.8000,2,2,2,1,1,1,1,4,1,1
SF,IH2009,2020-05-28 09:30:38.100,2689.2000,15009,0,50014740.000,0,-,-,-,-,2688.8000,2688.6000,2688.4000,2687.8000,2687.6000,2689.8000,2690.0000,2690.4000,2690.6000,2691.8000,2,2,2,1,1,2,1,4,1,1
SF,IH2009,2020-05-28 09:30:38.600,2689.2000,15009,0,50014740.000,0,-,-,-,-,2688.8000,2688.6000,2688.4000,2687.8000,2687.6000,2689.8000,2690.0000,2690.4000,2690.6000,2691.8000,2,2,2,1,1,2,1,4,1,1
SF,IH2009,2020-05-28 09:30:40.600,2689.8000,15010,1,50821680.000,1,1,0,双开,S,2688.8000,2688.6000,2688.4000,2687.8000,2687.6000,2689.8000,2690.0000,2690.4000,2690.6000,2691.8000,2,2,2,1,1,1,1,4,1,1
SF,IH2009,2020-05-28 09:30:41.600,2688.8000,15009,-1,51628320.000,1,0,1,双平,S,2688.8000,2688.6000,2688.4000,2687.8000,2687.6000,2689.8000,2690.0000,2690.4000,2690.6000,2691.8000,1,2,2,1,1,1,1,4,1,1
SF,IH2009,2020-05-28 09:30:42.100,2688.8000,15009,0,51628320.000,0,-,-,-,-,2688.8000,2688.6000,2688.4000,2687.8000,2687.6000,2689.6000,2689.8000,2690.0000,2690.4000,2690.6000,1,2,2,1,1,1,1,1,4,1
SF,IH2009,2020-05-28 09:30:43.100,2688.8000,15009,0,51628320.000,0,-,-,-,-,2688.8000,2688.6000,2688.4000,2687.6000,2685.6000,2689.6000,2689.8000,2690.0000,2690.4000,2690.6000,1,2,2,1,1,1,1,1,4,1
SF,IH2009,2020-05-28 09:30:43.600,2689.6000,15008,-1,52435200.000,1,0,1,双平,S,2688.8000,2688.6000,2688.4000,2687.6000,2685.6000,2689.8000,2690.0000,2690.4000,2690.6000,2691.8000,1,2,2,1,1,1,1,4,1,1
SF,IH2009,2020-05-28 09:30:46.600,2689.6000,15008,0,52435200.000,0,-,-,-,-,2688.8000,2688.6000,2688.4000,2687.6000,2685.6000,2689.8000,2690.0000,2690.4000,2690.6000,2691.8000,1,2,2,1,1,1,4,4,1,1
SF,IH2009,2020-05-28 09:30:47.100,2689.6000,15008,0,52435200.000,0,-,-,-,-,2688.8000,2688.6000,2688.4000,2687.6000,2685.6000,2689.8000,2690.0000,2690.4000,2690.6000,2691.8000,1,2,2,1,1,1,4,4,1,1
SF,IH2009,2020-05-28 09:30:47.600,2689.6000,15008,0,52435200.000,0,-,-,-,-,2688.8000,2688.6000,2688.4000,2687.6000,2685.6000,2689.0000,2689.8000,2690.0000,2690.4000,2690.6000,1,2,2,1,1,1,2,4,4,1
SF,IH2009,2020-05-28 09:30:48.100,2689.0000,15007,-1,53241900.000,1,0,1,双平,S,2689.0000,2688.8000,2688.6000,2688.4000,2687.6000,2689.8000,2690.0000,2690.4000,2690.6000,2691.8000,1,1,2,2,1,2,4,4,1,1
SF,IH2009,2020-05-28 09:30:48.600,2689.0000,15007,0,53241900.000,0,-,-,-,-,2689.0000,2688.8000,2688.6000,2688.4000,2687.6000,2689.8000,2690.0000,2690.4000,2690.6000,2691.8000,1,1,2,2,1,2,4,4,1,1
SF,IH2009,2020-05-28 09:30:49.100,2689.0000,15007,0,53241900.000,0,-,-,-,-,2689.0000,2688.8000,2688.6000,2688.4000,2687.6000,2689.8000,2690.0000,2690.4000,2690.6000,2691.8000,5,1,2,2,1,2,4,4,1,1
SF,IH2009,2020-05-28 09:30:49.600,2689.0000,15006,-1,54048600.000,1,0,1,双平,S,2689.0000,2688.8000,2688.6000,2688.4000,2687.6000,2689.8000,2690.0000,2690.4000,2690.6000,2691.8000,4,1,2,2,1,2,4,4,1,1
SF,IH2009,2020-05-28 09:30:50.600,2689.0000,15006,0,54048600.000,0,-,-,-,-,2689.0000,2688.8000,2688.6000,2688.4000,2687.6000,2689.8000,2690.0000,2690.4000,2690.6000,2691.8000,4,1,2,2,1,2,3,4,1,1
SF,IH2009,2020-05-28 09:30:51.100,2689.0000,15006,0,54855300.000,1,0,1,多换,S,2689.0000,2688.8000,2688.6000,2688.4000,2687.6000,2689.8000,2690.0000,2690.4000,2690.6000,2691.8000,3,2,2,2,1,2,3,4,1,1
SF,IH2009,2020-05-28 09:30:51.600,2689.0000,15006,0,57275400.000,3,1,2,多换,S,2688.8000,2688.6000,2688.4000,2687.6000,2685.6000,2689.0000,2689.8000,2690.0000,2690.4000,2690.6000,2,2,2,1,1,7,2,3,4,1
SF,IH2009,2020-05-28 09:30:52.100,2689.0000,15000,-6,62922300.000,7,0,7,多平,S,2688.8000,2688.6000,2688.4000,2687.6000,2685.6000,2689.8000,2690.0000,2690.4000,2690.6000,2691.8000,3,2,2,1,1,2,3,4,1,1
SF,IH2009,2020-05-28 09:30:52.600,2689.0000,15000,0,62922300.000,0,-,-,-,-,2688.8000,2688.6000,2688.4000,2687.6000,2685.6000,2689.0000,2689.8000,2690.0000,2690.4000,2690.6000,2,2,2,1,1,1,2,3,4,1
SF,IH2009,2020-05-28 09:30:53.100,2689.0000,15000,0,62922300.000,0,-,-,-,-,2688.8000,2688.6000,2688.4000,2687.6000,2685.6000,2689.0000,2689.8000,2690.0000,2690.4000,2690.6000,2,2,2,1,1,11,2,3,4,1
SF,IH2009,2020-05-28 09:30:53.600,2688.8000,14998,-2,64535580.000,2,0,2,双平,S,2688.6000,2688.4000,2687.6000,2685.6000,2685.4000,2689.0000,2689.8000,2690.0000,2690.4000,2690.6000,2,2,1,1,1,11,2,3,4,1
SF,IH2009,2020-05-28 09:30:54.100,2688.8000,14998,0,64535580.000,0,-,-,-,-,2688.6000,2688.4000,2687.6000,2685.6000,2685.4000,2689.0000,2689.8000,2690.0000,2690.4000,2690.6000,1,2,1,1,1,11,2,3,4,1
SF,IH2009,2020-05-28 09:30:54.600,2688.6000,14997,-1,65342160.000,1,0,1,双平,S,2688.4000,2687.6000,2685.6000,2685.4000,2685.0000,2689.0000,2689.8000,2690.0000,2690.4000,2690.6000,2,1,1,1,1,11,2,3,4,1
SF,IH2009,2020-05-28 09:30:55.100,2688.6000,14997,0,66148740.000,1,0,1,多换,S,2687.6000,2685.6000,2685.4000,2685.0000,2684.2000,2689.0000,2689.8000,2690.0000,2690.4000,2690.6000,1,1,1,1,1,11,2,3,4,1
SF,IH2009,2020-05-28 09:30:55.600,2688.6000,14997,0,66148740.000,0,-,-,-,-,2687.8000,2687.6000,2685.6000,2685.4000,2685.0000,2689.0000,2689.8000,2690.0000,2690.4000,2690.6000,2,2,1,1,1,11,2,3,4,1
SF,IH2009,2020-05-28 09:30:56.100,2688.6000,14997,0,66148740.000,0,-,-,-,-,2688.4000,2688.0000,2687.8000,2687.6000,2685.6000,2689.0000,2689.8000,2690.0000,2690.4000,2690.6000,3,1,2,1,1,11,2,3,4,1
SF,IH2009,2020-05-28 09:30:56.600,2688.6000,14997,0,66148740.000,0,-,-,-,-,2688.6000,2688.4000,2688.0000,2687.8000,2687.6000,2689.0000,2689.8000,2690.0000,2690.4000,2690.6000,1,3,1,1,1,11,2,3,4,1
SF,IH2009,2020-05-28 09:30:57.100,2689.0000,14997,0,66955440.000,1,0,1,多换,S,2688.6000,2688.4000,2688.0000,2687.8000,2687.6000,2689.0000,2689.8000,2690.0000,2690.4000,2690.6000,1,3,1,1,1,10,2,3,4,1
SF,IH2009,2020-05-28 09:30:58.100,2689.0000,14997,0,66955440.000,0,-,-,-,-,2688.6000,2688.4000,2688.0000,2687.8000,2687.6000,2689.0000,2689.8000,2690.0000,2690.4000,2690.6000,1,3,1,1,1,10,2,3,4,1
SF,IH2009,2020-05-28 09:30:58.600,2688.6000,14996,-1,67762020.000,1,0,1,双平,S,2688.4000,2688.0000,2687.8000,2687.6000,2685.6000,2689.0000,2689.8000,2690.0000,2690.4000,2690.6000,3,1,1,1,1,10,2,3,4,1
SF,IH2009,2020-05-28 09:30:59.100,2688.4000,14995,-1,68568540.000,1,0,1,双平,S,2688.4000,2687.8000,2687.6000,2685.6000,2685.4000,2689.0000,2689.8000,2690.0000,2690.4000,2690.6000,2,1,1,1,1,10,2,3,4,1
SF,IH2009,2020-05-28 09:30:59.600,2688.4000,14995,0,68568540.000,0,-,-,-,-,2688.4000,2687.8000,2687.6000,2685.6000,2685.4000,2689.0000,2689.8000,2690.0000,2690.4000,2690.6000,2,1,1,1,1,11,2,3,4,1
SF,IH2009,2020-05-28 09:31:00.100,2688.4000,14994,-1,69375060.000,1,0,1,双平,S,2688.4000,2687.8000,2687.6000,2685.6000,2685.4000,2689.0000,2689.8000,2690.0000,2690.4000,2690.6000,1,1,1,1,1,12,2,3,4,1
SF,IH2009,2020-05-28 09:31:00.600,2688.4000,14994,0,69375060.000,0,-,-,-,-,2688.4000,2687.8000,2687.6000,2685.6000,2685.4000,2689.0000,2689.8000,2690.0000,2690.4000,2690.6000,2,1,1,1,1,12,2,3,4,1
SF,IH2009,2020-05-28 09:31:01.100,2689.0000,14992,-2,70988460.000,2,0,2,双平,S,2688.4000,2687.8000,2687.6000,2685.6000,2685.4000,2689.0000,2689.8000,2690.0000,2690.4000,2690.6000,2,1,1,1,1,10,2,3,4,1
SF,IH2009,2020-05-28 09:31:01.600,2689.0000,14992,0,70988460.000,0,-,-,-,-,2688.4000,2687.8000,2687.6000,2685.6000,2685.4000,2689.0000,2689.8000,2690.0000,2690.4000,2690.6000,2,1,1,1,1,10,2,3,4,1
SF,IH2009,2020-05-28 09:31:02.100,2689.0000,14984,-8,77442060.000,8,0,8,双平,S,2688.6000,2688.4000,2687.8000,2687.6000,2685.6000,2689.0000,2689.8000,2690.0000,2690.4000,2690.6000,3,1,2,1,1,2,2,3,4,1
SF,IH2009,2020-05-28 09:31:02.600,2689.0000,14984,0,79055460.000,2,1,1,多换,S,2688.4000,2687.8000,2687.6000,2687.0000,2685.6000,2689.8000,2690.0000,2690.4000,2690.6000,2691.8000,1,2,1,1,1,2,3,4,1,1
SF,IH2009,2020-05-28 09:31:03.100,2689.0000,14984,0,79055460.000,0,-,-,-,-,2688.6000,2688.4000,2687.8000,2687.6000,2687.0000,2689.8000,2690.0000,2690.4000,2690.6000,2691.8000,2,1,1,1,1,2,3,4,1,1
SF,IH2009,2020-05-28 09:31:03.600,2689.0000,14984,0,79055460.000,0,-,-,-,-,2688.6000,2687.8000,2687.6000,2687.0000,2686.4000,2689.6000,2689.8000,2690.0000,2690.4000,2690.6000,2,1,1,1,1,1,2,3,4,1
SF,IH2009,2020-05-28 09:31:04.100,2689.0000,14984,0,79055460.000,0,-,-,-,-,2688.6000,2687.8000,2687.6000,2687.0000,2686.4000,2689.8000,2690.0000,2690.4000,2690.6000,2691.8000,2,1,1,1,1,2,3,4,1,1
SF,IH2009,2020-05-28 09:31:04.600,2689.8000,14983,-1,79862400.000,1,0,1,双平,S,2689.2000,2688.8000,2688.6000,2687.8000,2687.6000,2689.8000,2690.0000,2690.4000,2690.6000,2691.8000,4,2,2,1,1,1,3,4,1,1
SF,IH2009,2020-05-28 09:31:05.100,2689.8000,14983,0,79862400.000,0,-,-,-,-,2689.2000,2688.8000,2688.6000,2687.8000,2687.6000,2689.8000,2690.0000,2690.4000,2690.6000,2691.8000,1,2,1,1,1,1,3,4,1,1
SF,IH2009,2020-05-28 09:31:05.600,2689.8000,14982,-1,80669340.000,1,0,1,双平,S,2689.4000,2689.2000,2688.8000,2687.8000,2687.6000,2690.0000,2690.4000,2690.6000,2691.8000,2694.0000,1,1,2,1,1,3,4,1,1,2
SF,IH2009,2020-05-28 09:31:06.100,2689.8000,14982,0,80669340.000,0,-,-,-,-,2689.2000,2688.8000,2687.8000,2687.6000,2685.4000,2690.0000,2690.4000,2690.6000,2691.8000,2694.0000,1,2,1,1,1,3,4,1,1,2
SF,IH2009,2020-05-28 09:31:07.100,2689.8000,14982,0,80669340.000,0,-,-,-,-,2689.4000,2689.2000,2688.8000,2687.8000,2687.6000,2690.0000,2690.4000,2690.6000,2691.8000,2694.0000,3,1,2,1,1,3,4,1,1,2
SF,IH2009,2020-05-28 09:31:07.600,2689.8000,14982,0,80669340.000,0,-,-,-,-,2689.2000,2688.8000,2687.8000,2687.6000,2685.4000,2690.0000,2690.4000,2690.6000,2691.8000,2694.0000,1,2,1,1,1,3,4,1,1,2
SF,IH2009,2020-05-28 09:31:08.100,2689.8000,14982,0,80669340.000,0,-,-,-,-,2689.2000,2688.8000,2687.8000,2687.6000,2685.4000,2690.0000,2690.4000,2690.6000,2691.8000,2694.0000,1,1,1,1,1,4,4,1,1,2
SF,IH2009,2020-05-28 09:31:08.600,2689.8000,14982,0,80669340.000,0,-,-,-,-,2687.8000,2687.6000,2685.4000,2685.0000,2684.2000,2690.0000,2690.4000,2690.6000,2691.8000,2694.0000,1,1,1,1,1,4,4,1,1,2
SF,IH2009,2020-05-28 09:31:09.100,2689.8000,14982,0,80669340.000,0,-,-,-,-,2689.2000,2688.4000,2688.0000,2687.8000,2687.6000,2690.0000,2690.4000,2690.6000,2691.8000,2694.0000,4,2,12,2,1,4,4,1,1,2
SF,IH2009,2020-05-28 09:31:09.600,2689.8000,14982,0,80669340.000,0,-,-,-,-,2688.0000,2687.8000,2687.6000,2685.4000,2685.0000,2689.2000,2690.0000,2690.4000,2690.6000,2691.8000,11,2,1,1,1,1,4,4,1,1
SF,IH2009,2020-05-28 09:31:10.100,2689.2000,14981,-1,81476100.000,1,0,1,双平,S,2689.2000,2688.2000,2688.0000,2687.8000,2687.6000,2690.0000,2690.4000,2690.6000,2691.8000,2694.0000,2,2,11,2,1,4,4,1,1,2
SF,IH2009,2020-05-28 09:31:10.600,2689.2000,14981,0,81476100.000,0,-,-,-,-,2689.4000,2689.2000,2688.2000,2688.0000,2687.8000,2690.0000,2690.4000,2690.6000,2691.8000,2694.0000,6,3,1,10,2,4,4,1,1,2
SF,IH2009,2020-05-28 09:31:11.100,2689.2000,14981,0,81476100.000,0,-,-,-,-,2689.6000,2689.4000,2689.2000,2688.2000,2688.0000,2690.0000,2690.4000,2690.6000,2691.8000,2694.0000,3,8,3,1,10,4,4,1,1,2
SF,IH2009,2020-05-28 09:31:11.600,2690.0000,14982,1,83090100.000,2,1,1,空开,S,2689.4000,2689.2000,2688.2000,2688.0000,2687.8000,2689.8000,2690.0000,2690.4000,2690.6000,2691.8000,8,3,1,9,2,1,2,4,1,1
SF,IH2009,2020-05-28 09:31:12.100,2690.0000,14982,0,83090100.000,0,-,-,-,-,2689.4000,2689.2000,2688.2000,2688.0000,2687.8000,2689.8000,2690.0000,2690.4000,2690.6000,2691.8000,6,2,1,9,2,1,2,4,1,1
SF,IH2009,2020-05-28 09:31:12.600,2689.8000,14982,0,83897040.000,1,0,1,多换,S,2689.8000,2689.4000,2689.2000,2688.2000,2688.0000,2690.0000,2690.4000,2690.6000,2691.8000,2694.0000,2,7,2,1,8,2,4,1,1,2
SF,IH2009,2020-05-28 09:31:13.100,2689.8000,14982,0,83897040.000,0,-,-,-,-,2689.8000,2689.4000,2689.2000,2688.2000,2688.0000,2690.0000,2690.4000,2690.6000,2691.8000,2694.0000,3,6,2,1,8,2,4,1,1,2
SF,IH2009,2020-05-28 09:31:14.100,2689.8000,14982,0,83897040.000,0,-,-,-,-,2689.8000,2689.4000,2689.2000,2688.2000,2688.0000,2690.0000,2690.4000,2690.6000,2691.8000,2694.0000,4,5,2,1,8,2,4,1,1,2
SF,IH2009,2020-05-28 09:31:14.600,2689.8000,14982,0,83897040.000,0,-,-,-,-,2689.8000,2689.4000,2689.2000,2688.2000,2688.0000,2690.0000,2690.4000,2690.6000,2691.8000,2694.0000,6,5,2,1,8,2,4,1,1,2
SF,IH2009,2020-05-28 09:31:15.100,2690.0000,14981,-1,85511040.000,2,0,2,多平,S,2689.8000,2689.4000,2689.2000,2688.2000,2688.0000,2690.4000,2690.6000,2691.8000,2694.0000,2694.8000,6,5,1,1,8,4,1,1,2,1
SF,IH2009,2020-05-28 09:31:15.600,2690.4000,14980,-1,87125280.000,2,0,2,多平,S,2690.0000,2689.8000,2689.4000,2689.2000,2688.2000,2690.6000,2691.8000,2694.0000,2694.8000,2695.0000,5,4,4,1,1,1,1,2,1,23
SF,IH2009,2020-05-28 09:31:16.100,2690.4000,14980,0,87125280.000,0,-,-,-,-,2690.0000,2689.8000,2689.4000,2689.2000,2688.2000,2690.6000,2691.8000,2694.0000,2694.8000,2695.0000,3,4,4,1,1,1,1,2,1,23
SF,IH2009,2020-05-28 09:31:16.600,2690.4000,14980,0,87125280.000,0,-,-,-,-,2690.4000,2690.0000,2689.8000,2689.4000,2689.2000,2690.6000,2691.8000,2694.0000,2694.8000,2695.0000,2,3,4,4,1,1,1,2,1,23
SF,IH2009,2020-05-28 09:31:17.100,2690.4000,14980,0,87125280.000,0,-,-,-,-,2690.0000,2689.8000,2689.4000,2689.2000,2688.2000,2690.6000,2691.8000,2694.0000,2694.8000,2695.0000,3,4,4,1,1,1,1,2,1,23
SF,IH2009,2020-05-28 09:31:17.600,2690.4000,14980,0,87125280.000,0,-,-,-,-,2690.2000,2690.0000,2689.8000,2689.4000,2689.2000,2690.6000,2691.8000,2694.0000,2694.8000,2695.0000,1,3,3,4,1,1,1,2,1,23
SF,IH2009,2020-05-28 09:31:18.100,2690.6000,14980,0,87932460.000,1,0,1,多换,S,2690.2000,2690.0000,2689.4000,2689.2000,2688.2000,2691.8000,2694.0000,2694.8000,2695.0000,2695.8000,1,4,4,1,1,1,2,1,23,1
SF,IH2009,2020-05-28 09:31:18.600,2690.6000,14980,0,87932460.000,0,-,-,-,-,2690.2000,2690.0000,2689.4000,2689.2000,2688.2000,2691.6000,2691.8000,2694.0000,2694.8000,2695.0000,1,4,4,1,1,2,1,2,1,23
SF,IH2009,2020-05-28 09:31:19.100,2690.6000,14980,0,87932460.000,0,-,-,-,-,2690.2000,2690.0000,2689.4000,2689.2000,2688.2000,2691.4000,2691.6000,2691.8000,2694.0000,2694.8000,1,4,4,1,1,1,2,1,2,1
SF,IH2009,2020-05-28 09:31:19.600,2690.0000,14982,2,91967520.000,5,3,2,空开,S,2689.4000,2689.2000,2688.2000,2688.0000,2687.8000,2691.4000,2691.6000,2691.8000,2694.0000,2694.8000,4,1,1,7,1,1,1,1,2,1
SF,IH2009,2020-05-28 09:31:20.100,2690.0000,14982,0,91967520.000,0,-,-,-,-,2690.4000,2689.6000,2689.4000,2689.2000,2688.0000,2691.4000,2691.6000,2691.8000,2694.0000,2694.8000,2,9,7,1,5,1,1,1,2,1
SF,IH2009,2020-05-28 09:31:20.600,2690.0000,14982,0,91967520.000,0,-,-,-,-,2689.6000,2689.4000,2689.2000,2688.0000,2685.4000,2691.4000,2691.6000,2691.8000,2694.0000,2694.8000,6,7,1,5,1,1,1,1,2,1
SF,IH2009,2020-05-28 09:31:21.100,2690.0000,14982,0,91967520.000,0,-,-,-,-,2689.8000,2689.6000,2689.4000,2689.2000,2688.0000,2691.4000,2691.6000,2691.8000,2694.0000,2694.8000,1,4,7,1,5,1,1,1,2,1
SF,IH2009,2020-05-28 09:31:21.600,2690.0000,14982,0,91967520.000,0,-,-,-,-,2691.4000,2690.0000,2689.6000,2689.4000,2689.2000,2691.6000,2691.8000,2694.0000,2694.8000,2695.0000,4,1,4,7,1,1,1,2,1,23
SF,IH2009,2020-05-28 09:31:22.100,2691.4000,14982,0,95197200.000,4,2,2,多换,S,2689.6000,2689.4000,2689.2000,2688.0000,2685.4000,2691.2000,2691.4000,2691.6000,2691.8000,2694.0000,4,7,1,5,1,1,2,1,1,2
SF,IH2009,2020-05-28 09:31:22.600,2691.4000,14982,0,95197200.000,0,-,-,-,-,2690.6000,2690.0000,2689.8000,2689.6000,2689.4000,2691.6000,2691.8000,2694.0000,2694.8000,2695.0000,2,1,4,5,7,1,1,2,1,23
SF,IH2009,2020-05-28 09:31:23.100,2691.4000,14982,0,95197200.000,0,-,-,-,-,2689.6000,2689.4000,2689.2000,2688.0000,2685.4000,2691.6000,2691.8000,2694.0000,2694.8000,2695.0000,4,7,1,5,1,1,1,2,1,23
SF,IH2009,2020-05-28 09:31:23.600,2691.4000,14982,0,95197200.000,0,-,-,-,-,2689.8000,2689.6000,2689.4000,2689.2000,2688.0000,2691.6000,2691.8000,2694.0000,2694.8000,2695.0000,2,5,7,1,5,1,1,2,1,23
SF,IH2009,2020-05-28 09:31:24.100,2691.4000,14982,0,95197200.000,0,-,-,-,-,2690.0000,2689.8000,2689.6000,2689.4000,2689.2000,2691.6000,2691.8000,2694.0000,2694.8000,2695.0000,2,3,3,7,1,1,1,2,1,23
SF,IH2009,2020-05-28 09:31:24.600,2691.6000,14982,0,96004680.000,1,0,1,多换,S,2690.2000,2690.0000,2689.8000,2689.6000,2689.4000,2691.8000,2692.0000,2694.0000,2694.8000,2695.0000,2,4,2,2,6,1,1,2,1,23
SF,IH2009,2020-05-28 09:31:25.100,2690.4000,14981,-1,96811800.000,1,0,1,双平,S,2690.2000,2690.0000,2689.8000,2689.6000,2689.4000,2691.8000,2692.0000,2694.0000,2694.8000,2695.0000,2,4,2,2,6,1,1,2,1,23
SF,IH2009,2020-05-28 09:31:25.600,2690.4000,14981,0,96811800.000,0,-,-,-,-,2690.2000,2690.0000,2689.8000,2689.6000,2689.4000,2691.8000,2692.0000,2694.0000,2694.8000,2695.0000,2,4,2,2,6,1,1,2,1,23
SF,IH2009,2020-05-28 09:31:26.100,2690.4000,14981,0,96811800.000,0,-,-,-,-,2690.4000,2690.2000,2690.0000,2689.8000,2689.6000,2691.8000,2692.0000,2694.0000,2694.8000,2695.0000,1,1,4,1,1,1,1,2,1,23
SF,IH2009,2020-05-28 09:31:26.600,2690.4000,14981,0,96811800.000,0,-,-,-,-,2690.4000,2690.0000,2689.8000,2689.6000,2689.4000,2691.8000,2692.0000,2694.0000,2694.8000,2695.0000,1,4,1,1,6,1,1,2,1,23
SF,IH2009,2020-05-28 09:31:27.600,2691.8000,14982,1,97619340.000,1,1,0,双开,S,2690.4000,2690.0000,2689.8000,2689.6000,2689.4000,2692.0000,2694.0000,2694.8000,2695.0000,2695.8000,1,4,1,1,6,1,2,1,23,1
SF,IH2009,2020-05-28 09:31:28.100,2691.8000,14982,0,97619340.000,0,-,-,-,-,2690.6000,2690.4000,2690.0000,2689.8000,2689.6000,2692.0000,2694.0000,2694.8000,2695.0000,2695.8000,1,1,4,1,1,2,2,1,23,1
SF,IH2009,2020-05-28 09:31:28.600,2691.8000,14982,0,97619340.000,0,-,-,-,-,2690.4000,2690.0000,2689.8000,2689.6000,2689.4000,2692.0000,2694.0000,2694.8000,2695.0000,2695.8000,1,4,1,1,6,2,2,1,23,1
SF,IH2009,2020-05-28 09:31:29.100,2691.8000,14982,0,97619340.000,0,-,-,-,-,2690.8000,2690.6000,2690.4000,2690.0000,2689.8000,2692.0000,2694.0000,2694.8000,2695.0000,2695.8000,1,1,1,4,1,1,2,1,23,1
SF,IH2009,2020-05-28 09:31:29.600,2691.8000,14982,0,97619340.000,0,-,-,-,-,2690.8000,2690.6000,2690.4000,2690.0000,2689.6000,2692.0000,2694.0000,2694.8000,2695.0000,2695.8000,1,1,1,4,1,1,2,1,23,1
SF,IH2009,2020-05-28 09:31:30.100,2691.8000,14982,0,97619340.000,0,-,-,-,-,2690.8000,2690.6000,2690.4000,2690.0000,2689.6000,2692.0000,2694.0000,2694.8000,2695.0000,2695.8000,1,1,1,4,1,1,2,1,23,1
SF,IH2009,2020-05-28 09:31:30.600,2691.8000,14982,0,97619340.000,0,-,-,-,-,2691.0000,2690.8000,2690.4000,2690.0000,2689.6000,2692.0000,2694.0000,2694.8000,2695.0000,2695.8000,1,2,1,4,1,1,2,1,23,1
SF,IH2009,2020-05-28 09:31:31.100,2692.0000,14981,-1,98426940.000,1,0,1,双平,S,2691.2000,2691.0000,2690.8000,2690.4000,2690.0000,2694.0000,2694.8000,2695.0000,2695.8000,2696.0000,1,1,1,1,4,2,1,23,1,2
SF,IH2009,2020-05-28 09:31:31.600,2692.0000,14981,0,98426940.000,0,-,-,-,-,2691.4000,2691.2000,2691.0000,2690.8000,2690.0000,2693.8000,2694.0000,2694.8000,2695.0000,2695.8000,2,1,2,1,3,1,2,1,23,1
SF,IH2009,2020-05-28 09:31:32.100,2692.0000,14981,0,98426940.000,0,-,-,-,-,2691.4000,2691.0000,2690.8000,2690.0000,2689.6000,2693.6000,2693.8000,2694.0000,2694.8000,2695.0000,2,1,1,3,1,1,1,2,1,23
SF,IH2009,2020-05-28 09:31:32.600,2692.0000,14981,0,98426940.000,0,-,-,-,-,2691.6000,2691.4000,2691.0000,2690.0000,2689.6000,2693.4000,2693.6000,2694.0000,2694.8000,2695.0000,1,2,1,3,1,1,1,2,1,23
SF,IH2009,2020-05-28 09:31:33.100,2691.0000,14981,0,100849260.000,3,1,2,多换,S,2690.0000,2689.6000,2689.4000,2689.2000,2688.0000,2690.6000,2693.2000,2693.4000,2694.0000,2694.8000,3,1,5,1,5,2,1,1,2,1
SF,IH2009,2020-05-28 09:31:33.600,2690.6000,14981,0,102463620.000,2,1,1,多换,S,2691.4000,2691.0000,2690.8000,2690.6000,2690.4000,2693.4000,2694.0000,2694.8000,2695.0000,2695.8000,1,1,7,4,5,1,2,1,23,1
SF,IH2009,2020-05-28 09:31:34.100,2690.6000,14981,0,102463620.000,0,-,-,-,-,2691.2000,2690.8000,2690.6000,2690.4000,2690.2000,2693.2000,2693.4000,2694.0000,2694.8000,2695.0000,1,6,4,5,4,2,1,2,1,23
SF,IH2009,2020-05-28 09:31:34.600,2690.6000,14981,0,102463620.000,0,-,-,-,-,2691.8000,2691.4000,2691.2000,2691.0000,2690.8000,2693.2000,2693.4000,2694.0000,2694.8000,2695.0000,1,2,1,1,6,2,1,2,1,23
SF,IH2009,2020-05-28 09:31:35.100,2693.2000,14981,0,103271580.000,1,0,1,多换,S,2692.6000,2691.4000,2691.2000,2691.0000,2690.8000,2693.2000,2693.4000,2694.0000,2694.8000,2695.0000,1,1,1,1,6,1,1,2,1,23
SF,IH2009,2020-05-28 09:31:35.600,2692.6000,14980,-1,104887140.000,2,0,2,多平,S,2691.4000,2691.2000,2691.0000,2690.8000,2690.6000,2692.6000,2693.4000,2694.0000,2694.8000,2695.0000,1,1,1,7,2,1,1,2,1,23
SF,IH2009,2020-05-28 09:31:36.100,2692.6000,14980,0,104887140.000,0,-,-,-,-,2691.6000,2691.4000,2691.2000,2691.0000,2690.8000,2692.6000,2693.4000,2694.0000,2694.8000,2695.0000,1,2,1,1,7,1,1,2,1,23
SF,IH2009,2020-05-28 09:31:36.600,2692.6000,14979,-1,105694920.000,1,0,1,双平,S,2692.2000,2691.8000,2691.6000,2691.4000,2691.2000,2693.4000,2694.0000,2694.8000,2695.0000,2695.8000,1,1,2,3,1,1,2,1,23,1
SF,IH2009,2020-05-28 09:31:37.100,2692.6000,14979,0,105694920.000,0,-,-,-,-,2692.0000,2691.6000,2691.4000,2691.0000,2690.8000,2692.8000,2693.4000,2694.0000,2694.8000,2695.0000,1,1,3,1,10,1,1,2,1,25
SF,IH2009,2020-05-28 09:31:37.600,2692.6000,14979,0,105694920.000,0,-,-,-,-,2692.2000,2692.0000,2691.6000,2691.4000,2691.0000,2692.8000,2693.4000,2694.0000,2694.8000,2695.0000,1,1,1,4,1,1,1,2,1,25
SF,IH2009,2020-05-28 09:31:38.100,2692.6000,14979,0,105694920.000,0,-,-,-,-,2692.4000,2692.0000,2691.4000,2691.0000,2690.8000,2692.8000,2693.4000,2694.0000,2694.8000,2695.0000,2,1,4,2,10,1,1,2,1,25
SF,IH2009,2020-05-28 09:31:38.600,2692.8000,14978,-1,106502760.000,1,0,1,双平,S,2692.4000,2692.0000,2691.6000,2691.4000,2691.2000,2693.4000,2694.0000,2694.8000,2695.0000,2695.8000,1,1,1,4,1,1,2,1,25,1
SF,IH2009,2020-05-28 09:31:39.100,2692.8000,14978,0,106502760.000,0,-,-,-,-,2692.6000,2692.0000,2691.6000,2691.4000,2691.2000,2693.4000,2694.0000,2694.8000,2695.0000,2695.8000,1,1,1,4,1,1,2,1,25,1
SF,IH2009,2020-05-28 09:31:39.600,2692.8000,14978,0,106502760.000,0,-,-,-,-,2692.0000,2691.6000,2691.4000,2691.2000,2691.0000,2693.4000,2694.0000,2694.8000,2695.0000,2695.8000,1,1,4,1,1,1,3,1,25,1
SF,IH2009,2020-05-28 09:31:40.100,2692.0000,14979,1,108118020.000,2,1,1,空开,S,2691.6000,2691.4000,2691.2000,2691.0000,2690.8000,2692.0000,2693.4000,2694.0000,2694.8000,2695.0000,1,4,1,1,8,3,1,3,1,25
SF,IH2009,2020-05-28 09:31:40.600,2692.0000,14980,1,110540820.000,3,2,1,空开,S,2692.4000,2692.0000,2691.8000,2691.6000,2691.4000,2694.0000,2694.8000,2695.0000,2695.8000,2696.0000,1,5,2,2,3,3,1,25,1,2
SF,IH2009,2020-05-28 09:31:41.100,2692.0000,14980,0,110540820.000,0,-,-,-,-,2693.4000,2692.0000,2691.8000,2691.6000,2691.4000,2693.8000,2694.0000,2694.8000,2695.0000,2695.8000,1,4,4,2,3,1,3,1,25,1
SF,IH2009,2020-05-28 09:31:41.600,2693.4000,14980,0,111348840.000,1,0,1,多换,S,2692.2000,2691.8000,2691.6000,2691.4000,2691.2000,2693.0000,2693.4000,2693.6000,2694.0000,2694.8000,1,4,1,3,1,2,1,3,3,1
SF,IH2009,2020-05-28 09:31:42.100,2693.4000,14980,0,111348840.000,0,-,-,-,-,2692.2000,2691.8000,2691.6000,2691.4000,2691.2000,2693.6000,2694.0000,2694.8000,2695.0000,2695.8000,1,3,1,3,1,2,3,1,25,1
SF,IH2009,2020-05-28 09:31:42.600,2693.4000,14980,0,111348840.000,0,-,-,-,-,2692.2000,2691.8000,2691.6000,2691.4000,2691.2000,2693.4000,2694.0000,2694.8000,2695.0000,2695.8000,2,3,1,3,1,2,3,1,25,1
SF,IH2009,2020-05-28 09:31:43.100,2693.4000,14980,0,111348840.000,0,-,-,-,-,2692.8000,2692.4000,2692.2000,2691.8000,2691.6000,2694.0000,2694.8000,2695.0000,2695.8000,2696.0000,2,2,6,3,1,3,1,25,1,2
SF,IH2009,2020-05-28 09:31:43.600,2693.4000,14980,0,111348840.000,0,-,-,-,-,2692.8000,2692.4000,2692.2000,2691.8000,2691.6000,2693.0000,2693.8000,2694.0000,2694.8000,2695.0000,1,1,5,5,1,5,2,3,1,25
SF,IH2009,2020-05-28 09:31:44.100,2693.0000,14975,-5,115388340.000,5,0,5,双平,S,2693.0000,2692.8000,2692.4000,2692.2000,2691.8000,2693.8000,2694.0000,2694.8000,2695.0000,2695.8000,4,2,1,5,5,2,3,1,25,1
SF,IH2009,2020-05-28 09:31:44.600,2693.0000,14975,0,115388340.000,0,-,-,-,-,2693.4000,2693.0000,2692.8000,2692.4000,2692.2000,2694.0000,2694.8000,2695.0000,2695.8000,2696.0000,1,1,3,1,7,3,1,25,1,2
SF,IH2009,2020-05-28 09:31:45.100,2693.0000,14974,-1,116196240.000,1,0,1,双平,S,2692.8000,2692.4000,2692.2000,2691.8000,2691.6000,2693.0000,2693.4000,2693.8000,2694.0000,2694.8000,1,1,7,3,1,4,1,3,3,1
SF,IH2009,2020-05-28 09:31:45.600,2693.0000,14972,-2,119427840.000,4,1,3,多平,S,2693.0000,2692.8000,2692.4000,2692.2000,2691.8000,2693.4000,2693.8000,2694.0000,2694.8000,2695.0000,2,2,1,7,3,1,2,3,1,25
SF,IH2009,2020-05-28 09:31:46.100,2693.4000,14972,0,120235860.000,1,0,1,多换,S,2693.0000,2692.8000,2692.4000,2692.2000,2691.8000,2693.8000,2694.0000,2694.8000,2695.0000,2695.8000,4,2,1,7,3,2,3,1,25,1
SF,IH2009,2020-05-28 09:31:46.600,2694.0000,14972,0,121044060.000,1,0,1,多换,S,2693.8000,2693.0000,2692.8000,2692.4000,2692.2000,2694.0000,2694.8000,2695.0000,2695.8000,2696.0000,2,1,3,1,7,2,1,25,1,2
SF,IH2009,2020-05-28 09:31:47.100,2693.8000,14970,-2,122660340.000,2,0,2,双平,S,2693.2000,2693.0000,2692.8000,2692.2000,2691.8000,2693.8000,2694.0000,2695.0000,2695.8000,2696.0000,1,1,3,5,3,3,4,25,1,2
SF,IH2009,2020-05-28 09:31:47.600,2693.8000,14968,-2,125892720.000,4,1,3,多平,S,2693.0000,2692.8000,2692.6000,2692.2000,2692.0000,2694.0000,2694.4000,2695.0000,2695.8000,2696.0000,1,3,1,5,1,4,1,25,1,2
SF,IH2009,2020-05-28 09:31:48.100,2693.8000,14968,0,125892720.000,0,-,-,-,-,2693.0000,2692.8000,2692.6000,2692.2000,2692.0000,2694.0000,2694.4000,2695.0000,2695.8000,2696.0000,2,3,1,5,1,2,1,26,1,2
SF,IH2009,2020-05-28 09:31:48.600,2693.8000,14968,0,125892720.000,0,-,-,-,-,2693.2000,2693.0000,2692.8000,2692.6000,2692.2000,2694.0000,2694.4000,2695.0000,2695.8000,2696.0000,5,2,3,1,5,2,1,26,2,2
SF,IH2009,2020-05-28 09:31:49.100,2694.0000,14966,-2,127509120.000,2,0,2,双平,S,2694.0000,2693.4000,2693.2000,2693.0000,2692.8000,2694.4000,2695.0000,2695.8000,2696.0000,2697.0000,2,1,7,2,3,1,26,2,2,2
SF,IH2009,2020-05-28 09:31:49.600,2694.0000,14966,0,127509120.000,0,-,-,-,-,2693.2000,2693.0000,2692.8000,2692.6000,2692.2000,2694.2000,2694.4000,2695.0000,2695.8000,2696.0000,6,2,3,1,4,2,1,26,2,2
SF,IH2009,2020-05-28 09:31:50.100,2694.0000,14966,0,127509120.000,0,-,-,-,-,2693.4000,2693.2000,2693.0000,2692.8000,2692.6000,2694.2000,2694.4000,2695.0000,2695.8000,2696.0000,1,6,2,3,1,2,1,26,2,2
SF,IH2009,2020-05-28 09:31:50.600,2694.0000,14966,0,127509120.000,0,-,-,-,-,2693.4000,2693.2000,2693.0000,2692.8000,2692.6000,2694.0000,2694.4000,2695.0000,2695.8000,2696.0000,1,6,2,2,1,3,1,26,2,2
SF,IH2009,2020-05-28 09:31:51.100,2694.0000,14965,-1,128317320.000,1,0,1,双平,S,2694.2000,2694.0000,2693.4000,2693.2000,2693.0000,2694.4000,2695.0000,2695.8000,2696.0000,2697.0000,1,3,1,6,2,1,27,2,2,2
SF,IH2009,2020-05-28 09:31:51.600,2694.0000,14962,-3,131550180.000,4,0,4,多平,S,2693.4000,2693.2000,2693.0000,2692.8000,2692.6000,2694.0000,2694.4000,2694.6000,2695.0000,2695.8000,1,6,2,2,1,5,1,1,27,2
SF,IH2009,2020-05-28 09:31:52.100,2694.0000,14967,5,135591180.000,5,5,0,双开,S,2693.4000,2693.2000,2693.0000,2692.8000,2692.6000,2694.4000,2695.0000,2695.8000,2696.0000,2697.0000,1,6,2,2,1,2,27,2,2,2
SF,IH2009,2020-05-28 09:31:52.600,2694.0000,14967,0,135591180.000,0,-,-,-,-,2693.4000,2693.2000,2693.0000,2692.8000,2692.6000,2694.2000,2694.4000,2695.0000,2695.8000,2696.0000,2,1,2,2,1,1,1,27,2,3
SF,IH2009,2020-05-28 09:31:53.100,2694.0000,14967,0,135591180.000,0,-,-,-,-,2693.4000,2693.2000,2693.0000,2692.8000,2692.6000,2694.2000,2694.4000,2695.0000,2695.8000,2696.0000,1,1,2,2,1,1,1,27,2,3
SF,IH2009,2020-05-28 09:31:53.600,2694.0000,14967,0,135591180.000,0,-,-,-,-,2694.2000,2693.6000,2693.4000,2693.2000,2693.0000,2694.4000,2695.0000,2695.8000,2696.0000,2696.4000,2,7,1,1,2,1,27,2,3,1
SF,IH2009,2020-05-28 09:31:54.100,2694.2000,14965,-2,137207700.000,2,0,2,双平,S,2693.6000,2693.4000,2693.2000,2693.0000,2692.8000,2694.2000,2694.4000,2695.0000,2695.8000,2696.0000,7,1,1,2,2,3,1,27,2,3
SF,IH2009,2020-05-28 09:31:54.600,2693.6000,14964,-1,138824040.000,2,0,2,多平,S,2693.6000,2693.4000,2693.2000,2693.0000,2692.8000,2694.2000,2694.4000,2695.0000,2695.8000,2696.0000,5,1,1,2,2,2,1,27,2,3
SF,IH2009,2020-05-28 09:31:55.100,2693.6000,14964,0,138824040.000,0,-,-,-,-,2693.6000,2693.2000,2693.0000,2692.8000,2692.6000,2694.2000,2694.4000,2695.0000,2695.8000,2696.0000,1,1,2,2,1,1,1,27,2,3
SF,IH2009,2020-05-28 09:31:55.600,2694.2000,14963,-1,140440380.000,2,0,2,多平,S,2693.2000,2693.0000,2692.8000,2692.6000,2692.2000,2694.4000,2695.0000,2695.8000,2696.0000,2696.4000,1,2,2,1,3,1,27,2,3,1
SF,IH2009,2020-05-28 09:31:56.100,2694.2000,14963,0,140440380.000,0,-,-,-,-,2693.6000,2693.2000,2693.0000,2692.8000,2692.6000,2694.2000,2694.4000,2695.0000,2695.8000,2696.0000,1,1,2,2,1,1,1,27,2,3
SF,IH2009,2020-05-28 09:31:57.600,2694.2000,14963,0,141248640.000,1,0,1,多换,S,2693.6000,2693.2000,2693.0000,2692.8000,2692.6000,2694.4000,2695.0000,2695.8000,2696.0000,2696.4000,1,1,2,2,1,1,27,2,3,1
SF,IH2009,2020-05-28 09:31:58.100,2694.2000,14963,0,141248640.000,0,-,-,-,-,2693.6000,2693.2000,2693.0000,2692.8000,2692.6000,2694.4000,2695.0000,2695.8000,2696.0000,2696.4000,1,1,2,2,1,1,28,2,3,1
SF,IH2009,2020-05-28 09:31:58.600,2694.2000,14963,0,142056900.000,1,0,1,多换,S,2693.6000,2693.2000,2693.0000,2692.8000,2692.6000,2694.2000,2694.4000,2695.0000,2695.8000,2696.0000,1,1,2,2,1,1,1,26,2,3
SF,IH2009,2020-05-28 09:31:59.100,2694.2000,14962,-1,142865160.000,1,0,1,双平,S,2693.2000,2693.0000,2692.8000,2692.6000,2692.2000,2694.4000,2695.0000,2695.8000,2696.0000,2696.4000,1,2,2,1,3,1,26,2,3,1
SF,IH2009,2020-05-28 09:31:59.600,2694.2000,14962,0,142865160.000,0,-,-,-,-,2693.0000,2692.8000,2692.6000,2692.2000,2691.8000,2694.2000,2694.4000,2695.0000,2695.8000,2696.0000,2,2,1,3,1,1,1,26,2,3
SF,IH2009,2020-05-28 09:32:00.100,2694.2000,14962,0,142865160.000,0,-,-,-,-,2693.2000,2693.0000,2692.8000,2692.6000,2692.2000,2694.2000,2694.4000,2695.0000,2695.8000,2696.0000,2,2,2,1,3,1,1,26,2,3
SF,IH2009,2020-05-28 09:32:00.600,2694.2000,14962,0,142865160.000,0,-,-,-,-,2694.2000,2694.0000,2693.6000,2693.4000,2693.2000,2694.4000,2695.0000,2695.8000,2696.0000,2696.4000,1,1,1,2,9,1,26,2,3,1
SF,IH2009,2020-05-28 09:32:01.100,2694.2000,14962,0,142865160.000,0,-,-,-,-,2694.6000,2694.4000,2694.2000,2693.6000,2693.4000,2695.0000,2695.8000,2696.0000,2696.4000,2697.0000,2,5,6,1,5,26,2,4,1,2
SF,IH2009,2020-05-28 09:32:01.600,2694.4000,14961,-1,143673480.000,1,0,1,双平,S,2694.6000,2694.4000,2694.2000,2693.6000,2693.4000,2695.0000,2695.8000,2696.0000,2696.4000,2697.0000,2,2,5,1,5,25,2,4,1,2
SF,IH2009,2020-05-28 09:32:02.100,2695.0000,14959,-2,145290480.000,2,0,2,双平,S,2694.6000,2694.4000,2694.2000,2693.6000,2693.4000,2695.0000,2695.8000,2696.0000,2696.4000,2697.0000,1,1,4,2,4,23,2,4,1,3
SF,IH2009,2020-05-28 09:32:02.600,2695.0000,14956,-3,148524300.000,4,0,4,多平,S,2694.2000,2693.6000,2693.4000,2693.2000,2693.0000,2695.0000,2695.8000,2696.0000,2696.4000,2697.0000,3,2,4,3,1,22,2,4,1,3
SF,IH2009,2020-05-28 09:32:03.100,2695.0000,14952,-4,151758300.000,4,0,4,双平,S,2694.4000,2694.2000,2693.6000,2693.4000,2693.2000,2695.0000,2695.8000,2696.0000,2696.4000,2697.0000,1,3,2,4,3,18,2,4,1,3
SF,IH2009,2020-05-28 09:32:03.600,2695.0000,14936,-16,166311300.000,18,1,17,多平,S,2695.0000,2694.4000,2694.2000,2693.6000,2693.4000,2695.8000,2696.0000,2696.4000,2697.0000,2697.6000,11,1,4,2,4,2,4,1,3,2
SF,IH2009,2020-05-28 09:32:04.100,2695.0000,14936,0,166311300.000,0,-,-,-,-,2695.0000,2694.2000,2693.6000,2693.4000,2693.2000,2695.6000,2695.8000,2696.0000,2696.4000,2697.0000,10,4,2,3,2,2,2,4,1,3
SF,IH2009,2020-05-28 09:32:04.600,2695.6000,14934,-2,167928660.000,2,0,2,双平,S,2695.6000,2695.4000,2695.0000,2694.2000,2693.6000,2695.8000,2696.0000,2696.4000,2697.0000,2697.6000,1,1,10,2,1,2,4,1,3,3
SF,IH2009,2020-05-28 09:32:05.100,2695.0000,14932,-2,170354460.000,3,0,3,多平,S,2695.0000,2694.2000,2693.6000,2693.4000,2693.2000,2695.4000,2695.8000,2696.0000,2696.4000,2697.0000,6,1,1,3,2,1,2,4,1,3
SF,IH2009,2020-05-28 09:32:05.600,2695.0000,14932,0,170354460.000,0,-,-,-,-,2695.4000,2695.0000,2694.2000,2693.6000,2693.4000,2695.8000,2696.0000,2696.4000,2697.0000,2697.6000,3,2,1,1,3,2,4,1,3,3
SF,IH2009,2020-05-28 09:32:06.100,2695.4000,14930,-2,172780320.000,3,0,3,多平,S,2695.0000,2694.2000,2693.6000,2693.4000,2693.2000,2695.2000,2695.8000,2696.0000,2696.4000,2697.0000,2,1,1,3,2,1,2,4,1,3
SF,IH2009,2020-05-28 09:32:06.600,2695.0000,14928,-2,175205820.000,3,0,3,多平,S,2694.2000,2693.6000,2693.4000,2693.2000,2692.8000,2695.0000,2695.2000,2695.6000,2695.8000,2696.0000,1,1,3,2,2,1,1,1,2,4
SF,IH2009,2020-05-28 09:32:07.100,2695.2000,14927,-1,176822880.000,2,0,2,多平,S,2695.2000,2695.0000,2694.6000,2694.4000,2694.2000,2695.6000,2695.8000,2696.0000,2696.4000,2697.0000,1,4,1,5,2,1,2,4,1,3
SF,IH2009,2020-05-28 09:32:07.600,2695.2000,14927,0,177631440.000,1,0,1,多换,S,2695.0000,2694.2000,2693.6000,2693.4000,2693.2000,2695.4000,2695.6000,2695.8000,2696.0000,2696.4000,1,2,1,1,1,1,1,2,4,1
SF,IH2009,2020-05-28 09:32:08.100,2695.4000,14926,-1,178440060.000,1,0,1,双平,S,2694.2000,2693.6000,2693.4000,2693.2000,2692.8000,2695.6000,2695.8000,2696.0000,2696.4000,2697.0000,2,1,1,1,2,1,2,4,1,3
SF,IH2009,2020-05-28 09:32:08.600,2695.4000,14926,0,178440060.000,0,-,-,-,-,2694.4000,2694.2000,2693.6000,2693.4000,2693.2000,2695.6000,2695.8000,2696.0000,2696.4000,2697.0000,1,2,1,1,1,1,2,4,1,3
SF,IH2009,2020-05-28 09:32:09.100,2695.4000,14926,0,178440060.000,0,-,-,-,-,2694.6000,2694.2000,2693.6000,2693.4000,2693.2000,2695.4000,2695.6000,2695.8000,2696.0000,2696.4000,1,2,1,1,1,1,1,2,4,1
SF,IH2009,2020-05-28 09:32:09.600,2695.4000,14926,0,178440060.000,0,-,-,-,-,2694.2000,2693.6000,2693.4000,2693.2000,2692.8000,2695.4000,2695.6000,2695.8000,2696.0000,2696.4000,2,1,1,1,2,1,1,2,4,1
SF,IH2009,2020-05-28 09:32:10.100,2695.4000,14926,0,178440060.000,0,-,-,-,-,2694.2000,2693.6000,2693.4000,2693.2000,2692.8000,2694.6000,2695.4000,2695.6000,2695.8000,2696.0000,2,1,1,1,2,1,1,1,2,4
SF,IH2009,2020-05-28 09:32:10.600,2694.2000,14926,0,179248320.000,1,0,1,多换,S,2694.6000,2694.2000,2693.6000,2693.4000,2693.2000,2695.6000,2695.8000,2696.0000,2696.4000,2697.0000,1,1,1,1,1,1,2,4,1,2
SF,IH2009,2020-05-28 09:32:11.100,2694.2000,14924,-2,180864840.000,2,0,2,双平,S,2693.6000,2693.4000,2693.2000,2692.8000,2692.6000,2694.2000,2694.6000,2695.4000,2695.6000,2695.8000,1,1,1,2,2,1,1,3,2,2
SF,IH2009,2020-05-28 09:32:11.600,2694.2000,14924,0,181673100.000,1,0,1,多换,S,2693.6000,2693.2000,2692.8000,2692.6000,2692.2000,2694.2000,2694.6000,2695.2000,2695.4000,2695.6000,2,1,2,2,1,1,1,1,1,2
SF,IH2009,2020-05-28 09:32:12.100,2693.6000,14923,-1,182481180.000,1,0,1,双平,S,2693.2000,2692.8000,2692.6000,2692.2000,2691.8000,2694.2000,2695.2000,2695.4000,2695.6000,2695.8000,1,1,2,1,1,1,1,1,2,2
SF,IH2009,2020-05-28 09:32:12.600,2693.2000,14922,-1,183289140.000,1,0,1,双平,S,2692.8000,2692.6000,2692.2000,2691.8000,2691.0000,2694.2000,2695.2000,2695.4000,2695.6000,2695.8000,1,1,1,1,1,1,1,1,2,2
SF,IH2009,2020-05-28 09:32:13.100,2693.2000,14922,0,183289140.000,0,-,-,-,-,2692.8000,2692.6000,2692.2000,2691.8000,2691.6000,2694.2000,2695.2000,2695.4000,2695.6000,2695.8000,2,1,1,1,1,1,1,1,2,2
SF,IH2009,2020-05-28 09:32:13.600,2693.2000,14922,0,183289140.000,0,-,-,-,-,2693.0000,2692.8000,2692.6000,2692.2000,2691.8000,2694.2000,2695.2000,2695.4000,2695.6000,2695.8000,2,2,1,1,1,1,1,1,1,2
SF,IH2009,2020-05-28 09:32:14.100,2693.2000,14922,0,183289140.000,0,-,-,-,-,2693.2000,2693.0000,2692.8000,2692.6000,2692.2000,2694.2000,2695.4000,2695.6000,2695.8000,2696.0000,2,4,3,1,1,1,1,1,2,4
SF,IH2009,2020-05-28 09:32:14.600,2693.2000,14922,0,183289140.000,0,-,-,-,-,2693.4000,2693.2000,2693.0000,2692.8000,2692.6000,2694.2000,2695.4000,2695.6000,2695.8000,2696.0000,2,2,2,3,1,1,1,1,2,4
SF,IH2009,2020-05-28 09:32:15.100,2693.2000,14921,-1,184905360.000,2,0,2,多平,S,2693.0000,2692.8000,2692.6000,2692.2000,2691.8000,2693.4000,2695.4000,2695.6000,2695.8000,2696.0000,1,3,1,1,1,1,1,1,2,4
SF,IH2009,2020-05-28 09:32:15.600,2693.0000,14920,-1,185713260.000,1,0,1,双平,S,2692.8000,2692.6000,2692.2000,2691.8000,2691.6000,2695.4000,2695.6000,2695.8000,2696.0000,2697.0000,2,1,1,1,1,1,1,1,4,3
SF,IH2009,2020-05-28 09:32:16.100,2693.0000,14920,0,185713260.000,0,-,-,-,-,2693.0000,2692.8000,2692.6000,2692.2000,2691.8000,2695.0000,2695.2000,2695.4000,2695.6000,2695.8000,1,2,1,1,1,2,3,2,1,1
SF,IH2009,2020-05-28 09:32:16.600,2693.0000,14919,-1,186521160.000,1,0,1,双平,S,2692.6000,2691.8000,2691.6000,2691.0000,2690.8000,2694.8000,2695.0000,2695.2000,2695.6000,2695.8000,1,1,1,1,5,6,1,1,1,1
SF,IH2009,2020-05-28 09:32:17.100,2693.0000,14919,0,186521160.000,0,-,-,-,-,2692.6000,2691.6000,2691.0000,2690.8000,2690.4000,2692.8000,2694.4000,2694.6000,2694.8000,2695.6000,1,1,1,5,1,3,2,1,4,1
SF,IH2009,2020-05-28 09:32:17.600,2692.8000,14919,0,188944680.000,3,1,2,多换,S,2692.8000,2692.6000,2691.6000,2691.0000,2690.8000,2694.4000,2694.6000,2694.8000,2695.8000,2696.0000,1,1,1,1,5,1,1,4,1,4
SF,IH2009,2020-05-28 09:32:18.100,2692.8000,14919,0,188944680.000,0,-,-,-,-,2692.8000,2692.6000,2691.6000,2691.0000,2690.8000,2694.2000,2694.4000,2694.8000,2695.8000,2696.0000,1,1,1,1,5,4,1,3,1,4
SF,IH2009,2020-05-28 09:32:18.600,2692.8000,14919,0,188944680.000,0,-,-,-,-,2692.8000,2692.6000,2692.2000,2691.6000,2691.0000,2694.0000,2694.2000,2694.8000,2695.8000,2696.0000,1,1,1,1,1,1,3,3,1,4
SF,IH2009,2020-05-28 09:32:19.100,2692.8000,14919,0,188944680.000,0,-,-,-,-,2692.8000,2692.6000,2692.2000,2691.6000,2691.0000,2693.8000,2694.2000,2694.8000,2695.8000,2696.0000,1,1,1,1,1,2,2,2,1,4
SF,IH2009,2020-05-28 09:32:19.600,2692.8000,14919,0,188944680.000,0,-,-,-,-,2692.8000,2692.6000,2692.2000,2691.6000,2691.0000,2693.8000,2694.2000,2694.8000,2695.8000,2696.0000,1,1,1,1,1,1,2,1,1,4
SF,IH2009,2020-05-28 09:32:20.100,2692.8000,14919,0,188944680.000,0,-,-,-,-,2692.8000,2692.6000,2692.2000,2691.6000,2691.0000,2694.2000,2694.8000,2695.0000,2695.8000,2696.0000,1,1,1,1,1,2,1,2,1,4
SF,IH2009,2020-05-28 09:32:20.600,2692.8000,14919,0,188944680.000,0,-,-,-,-,2692.8000,2692.6000,2692.2000,2691.6000,2691.0000,2694.0000,2694.2000,2694.8000,2695.0000,2695.8000,1,1,1,1,1,1,2,1,2,1
SF,IH2009,2020-05-28 09:32:21.100,2692.8000,14919,0,188944680.000,0,-,-,-,-,2692.8000,2692.6000,2692.2000,2691.6000,2691.0000,2693.8000,2694.0000,2694.2000,2694.8000,2695.0000,1,1,1,1,1,1,1,2,1,2
SF,IH2009,2020-05-28 09:32:21.600,2692.8000,14919,0,188944680.000,0,-,-,-,-,2692.6000,2692.2000,2691.6000,2691.0000,2690.8000,2692.8000,2693.8000,2694.2000,2694.8000,2695.0000,1,1,1,1,5,3,2,2,1,2
SF,IH2009,2020-05-28 09:32:22.100,2692.8000,14918,-1,191368140.000,3,1,2,多平,S,2692.2000,2691.6000,2691.0000,2690.8000,2690.6000,2692.8000,2693.8000,2694.2000,2694.8000,2695.0000,1,1,1,5,1,1,1,2,1,2
SF,IH2009,2020-05-28 09:32:22.600,2692.8000,14918,0,192175980.000,1,0,1,多换,S,2692.4000,2692.2000,2691.6000,2691.0000,2690.8000,2693.8000,2694.2000,2694.8000,2695.0000,2695.8000,1,1,1,1,5,1,2,1,12,1
SF,IH2009,2020-05-28 09:32:23.100,2692.8000,14918,0,192175980.000,0,-,-,-,-,2692.4000,2692.2000,2691.6000,2691.0000,2690.8000,2693.6000,2693.8000,2694.2000,2694.8000,2695.0000,1,1,1,1,5,2,1,1,1,12
SF,IH2009,2020-05-28 09:32:23.600,2692.8000,14918,0,192175980.000,0,-,-,-,-,2693.0000,2692.4000,2692.2000,2691.6000,2691.0000,2693.6000,2693.8000,2694.2000,2694.8000,2695.0000,1,1,1,1,1,1,1,1,1,12
SF,IH2009,2020-05-28 09:32:24.100,2692.8000,14919,1,192983820.000,1,1,0,双开,S,2692.2000,2691.6000,2691.0000,2690.8000,2687.0000,2693.4000,2693.6000,2694.2000,2694.8000,2695.0000,1,1,1,5,2,1,1,1,1,12
SF,IH2009,2020-05-28 09:32:24.600,2692.8000,14919,0,192983820.000,0,-,-,-,-,2692.8000,2692.4000,2692.2000,2691.6000,2691.0000,2693.2000,2694.2000,2694.8000,2695.0000,2695.8000,1,2,5,1,1,1,1,1,12,1
SF,IH2009,2020-05-28 09:32:25.100,2692.8000,14919,0,192983820.000,0,-,-,-,-,2693.0000,2692.8000,2692.2000,2691.6000,2691.0000,2694.0000,2694.2000,2694.8000,2695.0000,2695.8000,1,1,5,1,1,1,1,1,12,1
SF,IH2009,2020-05-28 09:32:25.600,2692.8000,14919,0,192983820.000,0,-,-,-,-,2693.2000,2693.0000,2692.8000,2692.2000,2691.6000,2694.0000,2694.2000,2694.8000,2695.0000,2695.8000,1,1,1,5,1,1,1,1,12,1
SF,IH2009,2020-05-28 09:32:26.100,2692.8000,14919,0,192983820.000,0,-,-,-,-,2693.0000,2692.8000,2692.2000,2691.6000,2691.0000,2694.0000,2694.2000,2694.8000,2695.0000,2695.8000,1,1,5,1,1,4,1,1,12,1
SF,IH2009,2020-05-28 09:32:27.600,2692.8000,14919,0,192983820.000,0,-,-,-,-,2693.0000,2692.8000,2692.2000,2691.6000,2691.0000,2694.0000,2694.2000,2694.8000,2695.0000,2695.8000,2,1,5,1,1,4,1,1,12,1
SF,IH2009,2020-05-28 09:32:28.600,2692.8000,14919,0,192983820.000,0,-,-,-,-,2693.0000,2692.8000,2692.2000,2691.6000,2691.0000,2694.0000,2694.2000,2694.8000,2695.0000,2695.8000,2,2,5,1,1,4,1,1,12,1
SF,IH2009,2020-05-28 09:32:29.100,2692.8000,14919,0,192983820.000,0,-,-,-,-,2693.2000,2693.0000,2692.8000,2692.2000,2691.6000,2694.0000,2694.2000,2694.8000,2695.0000,2695.8000,1,2,2,5,1,4,1,1,12,1
SF,IH2009,2020-05-28 09:32:29.600,2692.8000,14919,0,192983820.000,0,-,-,-,-,2693.2000,2693.0000,2692.8000,2692.2000,2691.6000,2694.0000,2694.2000,2694.8000,2695.0000,2695.8000,1,2,2,6,1,4,1,1,12,1
SF,IH2009,2020-05-28 09:32:30.600,2692.8000,14919,0,192983820.000,0,-,-,-,-,2693.2000,2693.0000,2692.8000,2692.2000,2691.6000,2694.0000,2694.2000,2694.8000,2695.0000,2695.8000,1,2,2,6,1,4,1,1,10,1
SF,IH2009,2020-05-28 09:32:31.600,2694.0000,14919,0,193792020.000,1,0,1,多换,S,2693.2000,2693.0000,2692.8000,2692.2000,2691.6000,2694.0000,2694.2000,2694.8000,2695.0000,2695.8000,1,2,2,6,1,3,1,1,10,1
SF,IH2009,2020-05-28 09:32:33.100,2694.0000,14919,0,193792020.000,0,-,-,-,-,2693.4000,2693.2000,2693.0000,2692.8000,2692.2000,2694.0000,2694.2000,2694.8000,2695.0000,2695.8000,2,1,2,2,6,3,1,1,10,1
SF,IH2009,2020-05-28 09:32:33.600,2694.0000,14919,0,193792020.000,0,-,-,-,-,2693.4000,2693.2000,2693.0000,2692.8000,2692.2000,2694.0000,2694.2000,2694.8000,2695.0000,2695.8000,2,1,2,2,6,4,1,1,10,1
SF,IH2009,2020-05-28 09:32:36.600,2694.0000,14919,0,193792020.000,0,-,-,-,-,2693.4000,2693.2000,2693.0000,2692.8000,2692.2000,2694.0000,2694.2000,2694.8000,2695.0000,2695.8000,2,1,1,2,6,4,1,1,10,1
SF,IH2009,2020-05-28 09:32:37.600,2694.0000,14919,0,193792020.000,0,-,-,-,-,2693.2000,2693.0000,2692.8000,2692.2000,2691.6000,2694.0000,2694.2000,2694.8000,2695.0000,2695.8000,1,1,2,6,1,4,1,1,10,1
SF,IH2009,2020-05-28 09:32:38.100,2694.0000,14919,0,193792020.000,0,-,-,-,-,2693.2000,2693.0000,2692.8000,2692.2000,2691.6000,2694.0000,2694.2000,2694.8000,2695.0000,2695.8000,1,1,2,6,1,4,1,1,10,1
SF,IH2009,2020-05-28 09:32:38.600,2692.8000,14921,2,196215720.000,3,2,1,空开,S,2692.8000,2692.2000,2691.6000,2691.0000,2690.8000,2694.0000,2694.2000,2694.8000,2695.0000,2695.8000,1,6,1,1,5,4,1,1,10,1
SF,IH2009,2020-05-28 09:32:39.100,2692.8000,14921,0,196215720.000,0,-,-,-,-,2692.8000,2692.2000,2691.6000,2691.0000,2690.8000,2694.0000,2694.2000,2694.8000,2695.0000,2695.8000,1,6,1,2,5,4,1,1,10,1
SF,IH2009,2020-05-28 09:32:39.600,2692.8000,14921,0,196215720.000,0,-,-,-,-,2692.8000,2692.2000,2691.6000,2691.0000,2690.8000,2694.0000,2694.2000,2694.8000,2695.0000,2695.2000,1,6,1,2,5,4,1,1,10,1
SF,IH2009,2020-05-28 09:32:40.100,2692.8000,14920,-1,197023560.000,1,0,1,双平,S,2692.2000,2691.6000,2691.0000,2690.8000,2690.0000,2693.8000,2694.0000,2694.2000,2694.8000,2695.0000,2,1,2,5,1,2,4,1,1,10
SF,IH2009,2020-05-28 09:32:40.600,2692.8000,14920,0,197023560.000,0,-,-,-,-,2692.6000,2692.4000,2692.2000,2691.6000,2691.0000,2694.0000,2694.2000,2694.8000,2695.0000,2695.2000,4,2,5,1,2,4,1,1,10,1
SF,IH2009,2020-05-28 09:32:41.100,2692.8000,14920,0,197023560.000,0,-,-,-,-,2692.8000,2692.6000,2692.4000,2692.2000,2691.6000,2694.0000,2694.2000,2694.8000,2695.0000,2695.2000,1,4,3,5,1,4,1,1,10,1
SF,IH2009,2020-05-28 09:32:41.600,2692.8000,14920,0,197023560.000,0,-,-,-,-,2692.6000,2692.4000,2692.2000,2691.6000,2691.0000,2693.8000,2694.0000,2694.2000,2694.8000,2695.0000,4,2,5,1,2,1,5,1,1,10
SF,IH2009,2020-05-28 09:32:42.100,2692.8000,14920,0,197023560.000,0,-,-,-,-,2692.2000,2691.6000,2691.0000,2690.8000,2690.0000,2693.8000,2694.0000,2694.2000,2694.8000,2695.0000,3,1,2,5,1,1,5,1,1,10
SF,IH2009,2020-05-28 09:32:42.600,2692.8000,14920,0,197023560.000,0,-,-,-,-,2692.4000,2692.2000,2691.6000,2691.0000,2690.8000,2694.0000,2694.2000,2694.8000,2695.0000,2695.2000,4,6,1,2,5,5,1,1,10,1
SF,IH2009,2020-05-28 09:32:43.100,2692.8000,14920,0,197023560.000,0,-,-,-,-,2692.6000,2692.4000,2692.2000,2691.6000,2691.0000,2694.0000,2694.2000,2694.8000,2695.0000,2695.2000,4,2,5,1,2,5,1,1,10,1
SF,IH2009,2020-05-28 09:32:43.600,2692.8000,14920,0,197023560.000,0,-,-,-,-,2692.6000,2692.2000,2691.6000,2691.0000,2690.8000,2693.8000,2694.0000,2694.2000,2694.8000,2695.0000,4,5,1,2,5,1,5,1,1,10
SF,IH2009,2020-05-28 09:32:44.100,2692.8000,14920,0,197023560.000,0,-,-,-,-,2692.6000,2692.2000,2691.6000,2691.0000,2690.8000,2693.6000,2693.8000,2694.0000,2694.2000,2694.8000,4,5,1,2,5,1,1,5,1,1
SF,IH2009,2020-05-28 09:32:45.100,2692.6000,14920,0,200254680.000,4,2,2,多换,S,2692.2000,2691.6000,2691.0000,2690.8000,2690.0000,2693.6000,2693.8000,2694.0000,2694.2000,2694.8000,5,1,2,5,1,1,1,5,1,1
SF,IH2009,2020-05-28 09:32:45.600,2692.6000,14920,0,200254680.000,0,-,-,-,-,2692.4000,2692.2000,2691.6000,2691.0000,2690.8000,2693.6000,2693.8000,2694.0000,2694.2000,2694.8000,1,5,1,2,5,1,1,5,1,1
SF,IH2009,2020-05-28 09:32:46.100,2693.4000,14919,-1,201062700.000,1,0,1,双平,S,2692.2000,2691.6000,2691.0000,2690.8000,2690.0000,2693.6000,2693.8000,2694.0000,2694.2000,2694.8000,3,1,2,5,1,1,1,5,1,1
SF,IH2009,2020-05-28 09:32:46.600,2693.4000,14919,0,201062700.000,0,-,-,-,-,2692.6000,2692.4000,2692.2000,2691.6000,2691.0000,2693.8000,2694.0000,2694.2000,2694.8000,2695.0000,1,1,6,1,2,1,5,1,1,10
SF,IH2009,2020-05-28 09:32:47.100,2693.4000,14919,0,201062700.000,0,-,-,-,-,2692.2000,2691.6000,2691.0000,2690.8000,2690.0000,2693.6000,2694.0000,2694.2000,2694.8000,2695.0000,3,1,2,5,1,1,5,1,1,10
SF,IH2009,2020-05-28 09:32:47.600,2693.4000,14919,0,201062700.000,0,-,-,-,-,2692.4000,2692.2000,2691.6000,2691.0000,2690.8000,2693.6000,2694.0000,2694.2000,2694.8000,2695.0000,1,3,1,2,5,1,5,1,1,10
SF,IH2009,2020-05-28 09:32:48.100,2693.4000,14919,0,201062700.000,0,-,-,-,-,2692.2000,2691.6000,2691.0000,2690.8000,2690.0000,2693.4000,2694.0000,2694.2000,2694.8000,2695.0000,3,1,2,5,1,1,5,1,1,10
SF,IH2009,2020-05-28 09:32:48.600,2693.4000,14919,0,201062700.000,0,-,-,-,-,2692.4000,2692.2000,2691.6000,2691.0000,2690.8000,2694.0000,2694.2000,2694.8000,2695.0000,2695.2000,2,3,1,2,5,5,1,1,10,1
SF,IH2009,2020-05-28 09:32:49.100,2693.4000,14919,0,201062700.000,0,-,-,-,-,2692.4000,2692.2000,2691.6000,2691.0000,2690.8000,2693.8000,2694.0000,2694.2000,2694.8000,2695.0000,1,3,1,2,5,1,5,1,1,10
SF,IH2009,2020-05-28 09:32:49.600,2693.4000,14919,0,201062700.000,0,-,-,-,-,2692.6000,2692.2000,2691.6000,2691.0000,2690.8000,2693.8000,2694.0000,2694.2000,2694.8000,2695.0000,1,5,1,2,5,1,5,1,1,10
SF,IH2009,2020-05-28 09:32:50.100,2693.4000,14919,0,201062700.000,0,-,-,-,-,2692.2000,2691.6000,2691.0000,2690.8000,2690.0000,2693.6000,2694.0000,2694.2000,2694.8000,2695.0000,2,1,2,5,1,2,5,1,1,10
SF,IH2009,2020-05-28 09:32:50.600,2693.4000,14919,0,201062700.000,0,-,-,-,-,2692.4000,2692.2000,2691.6000,2691.0000,2690.8000,2693.4000,2693.6000,2694.0000,2694.2000,2694.8000,1,2,1,2,5,1,1,5,1,1
SF,IH2009,2020-05-28 09:32:51.100,2693.4000,14919,0,201062700.000,0,-,-,-,-,2692.6000,2692.2000,2691.6000,2691.0000,2690.8000,2694.0000,2694.2000,2694.8000,2695.0000,2695.2000,1,5,1,2,5,5,1,1,10,1
SF,IH2009,2020-05-28 09:32:51.600,2693.4000,14919,0,201062700.000,0,-,-,-,-,2692.4000,2692.2000,2691.6000,2691.0000,2690.8000,2693.8000,2694.0000,2694.2000,2694.8000,2695.0000,1,5,1,2,5,1,5,1,1,10
SF,IH2009,2020-05-28 09:32:52.100,2693.4000,14919,0,201062700.000,0,-,-,-,-,2692.4000,2692.2000,2691.6000,2691.0000,2690.8000,2694.0000,2694.2000,2694.8000,2695.0000,2695.2000,1,3,1,2,5,5,1,1,10,1
SF,IH2009,2020-05-28 09:32:52.600,2693.4000,14919,0,201062700.000,0,-,-,-,-,2692.4000,2692.2000,2691.6000,2691.0000,2690.8000,2693.8000,2694.0000,2694.2000,2694.8000,2695.0000,1,3,1,2,5,1,5,2,1,10
SF,IH2009,2020-05-28 09:32:53.100,2693.4000,14919,0,201062700.000,0,-,-,-,-,2692.4000,2692.2000,2691.6000,2691.0000,2690.8000,2693.8000,2694.0000,2694.2000,2694.8000,2695.0000,1,3,1,2,5,1,5,2,1,10
SF,IH2009,2020-05-28 09:32:53.600,2693.4000,14919,0,201062700.000,0,-,-,-,-,2692.4000,2692.2000,2691.6000,2691.0000,2690.8000,2694.0000,2694.2000,2694.8000,2695.0000,2695.2000,1,3,1,2,5,5,1,1,10,1
SF,IH2009,2020-05-28 09:32:54.100,2693.4000,14919,0,201062700.000,0,-,-,-,-,2692.4000,2692.2000,2691.6000,2691.0000,2690.8000,2693.8000,2694.0000,2694.2000,2694.8000,2695.0000,1,3,1,2,5,2,5,1,1,10
SF,IH2009,2020-05-28 09:32:54.600,2693.4000,14919,0,201062700.000,0,-,-,-,-,2692.4000,2692.2000,2691.6000,2691.0000,2690.8000,2693.8000,2694.0000,2694.2000,2694.8000,2695.0000,1,3,1,2,5,3,5,1,1,10
SF,IH2009,2020-05-28 09:32:56.100,2693.4000,14919,0,201062700.000,0,-,-,-,-,2692.4000,2692.2000,2691.6000,2691.0000,2690.8000,2693.8000,2694.0000,2694.2000,2694.8000,2695.0000,1,3,1,2,5,3,5,1,1,10
SF,IH2009,2020-05-28 09:32:58.100,2693.4000,14919,0,201062700.000,0,-,-,-,-,2692.4000,2692.2000,2691.6000,2691.0000,2690.8000,2693.8000,2694.0000,2694.2000,2694.4000,2694.8000,1,3,1,2,5,3,5,1,1,1
SF,IH2009,2020-05-28 09:32:58.600,2693.4000,14919,0,201062700.000,0,-,-,-,-,2692.4000,2692.2000,2691.6000,2691.0000,2690.8000,2693.6000,2693.8000,2694.0000,2694.2000,2694.4000,1,3,1,2,5,1,3,5,1,1
SF,IH2009,2020-05-28 09:32:59.100,2693.4000,14919,0,201062700.000,0,-,-,-,-,2692.4000,2692.2000,2691.6000,2691.0000,2690.8000,2693.8000,2694.0000,2694.2000,2694.4000,2694.8000,1,3,1,2,5,2,5,1,1,1
SF,IH2009,2020-05-28 09:33:00.600,2693.8000,14919,0,201870840.000,1,0,1,多换,S,2692.4000,2692.2000,2691.6000,2691.0000,2690.8000,2693.8000,2694.0000,2694.2000,2694.4000,2694.8000,1,3,1,2,5,1,5,1,1,1
SF,IH2009,2020-05-28 09:33:01.100,2693.8000,14919,0,201870840.000,0,-,-,-,-,2692.6000,2692.4000,2692.2000,2691.6000,2691.0000,2693.8000,2694.0000,2694.2000,2694.4000,2694.8000,1,1,3,1,2,2,5,1,1,1
SF,IH2009,2020-05-28 09:33:01.600,2693.8000,14919,0,201870840.000,0,-,-,-,-,2693.0000,2692.4000,2692.2000,2691.6000,2691.0000,2693.8000,2694.0000,2694.2000,2694.4000,2694.8000,1,1,5,1,2,2,5,1,1,1
SF,IH2009,2020-05-28 09:33:03.600,2692.4000,14920,1,203486460.000,2,1,1,空开,S,2692.2000,2691.6000,2691.0000,2690.8000,2690.0000,2692.4000,2693.8000,2694.0000,2694.2000,2694.4000,5,1,2,5,1,3,2,5,1,1
SF,IH2009,2020-05-28 09:33:04.100,2692.4000,14920,0,205909620.000,3,1,2,多换,S,2692.8000,2692.4000,2692.2000,2691.6000,2691.0000,2693.8000,2694.0000,2694.4000,2694.8000,2695.0000,2,6,6,1,2,1,5,1,1,10
SF,IH2009,2020-05-28 09:33:04.600,2692.4000,14920,0,205909620.000,0,-,-,-,-,2692.4000,2692.2000,2691.6000,2691.0000,2690.8000,2693.8000,2694.0000,2694.4000,2694.8000,2695.0000,5,5,1,2,5,1,5,1,1,10
SF,IH2009,2020-05-28 09:33:05.100,2692.4000,14920,0,205909620.000,0,-,-,-,-,2692.6000,2692.4000,2692.2000,2691.6000,2691.0000,2693.8000,2694.0000,2694.4000,2694.8000,2695.0000,2,3,6,1,2,1,5,1,1,10
SF,IH2009,2020-05-28 09:33:05.600,2692.4000,14920,0,205909620.000,0,-,-,-,-,2692.8000,2692.6000,2692.4000,2692.2000,2691.6000,2693.8000,2694.0000,2694.4000,2694.8000,2695.0000,2,4,1,6,1,1,5,1,1,10
SF,IH2009,2020-05-28 09:33:06.100,2692.4000,14920,0,205909620.000,0,-,-,-,-,2693.0000,2692.8000,2692.6000,2692.4000,2692.2000,2693.8000,2694.0000,2694.4000,2694.8000,2695.0000,1,3,3,1,6,2,5,1,1,10
SF,IH2009,2020-05-28 09:33:06.600,2692.4000,14920,0,205909620.000,0,-,-,-,-,2692.8000,2692.6000,2692.4000,2692.2000,2691.6000,2693.8000,2694.0000,2694.4000,2694.8000,2695.0000,1,1,1,6,1,2,5,1,1,10
SF,IH2009,2020-05-28 09:33:07.100,2692.4000,14920,0,205909620.000,0,-,-,-,-,2693.0000,2692.8000,2692.6000,2692.4000,2692.2000,2693.8000,2694.0000,2694.4000,2694.8000,2695.0000,1,2,2,1,5,1,5,1,1,10
SF,IH2009,2020-05-28 09:33:07.600,2692.4000,14920,0,205909620.000,0,-,-,-,-,2692.8000,2692.6000,2692.4000,2692.2000,2691.6000,2693.8000,2694.0000,2694.4000,2694.8000,2695.0000,1,3,1,5,1,1,5,1,1,10
SF,IH2009,2020-05-28 09:33:08.100,2692.4000,14920,0,205909620.000,0,-,-,-,-,2693.0000,2692.8000,2692.6000,2692.4000,2692.2000,2693.8000,2694.0000,2694.4000,2694.8000,2695.0000,3,1,3,1,5,1,5,1,2,10
SF,IH2009,2020-05-28 09:33:08.600,2692.4000,14920,0,205909620.000,0,-,-,-,-,2693.0000,2692.8000,2692.6000,2692.4000,2692.2000,2693.8000,2694.0000,2694.4000,2694.8000,2695.0000,1,1,4,1,4,1,5,1,2,10
SF,IH2009,2020-05-28 09:33:09.100,2692.4000,14920,0,205909620.000,0,-,-,-,-,2693.0000,2692.8000,2692.6000,2692.4000,2692.2000,2693.8000,2694.0000,2694.4000,2694.8000,2695.0000,2,1,4,1,4,1,5,1,2,12
SF,IH2009,2020-05-28 09:33:09.600,2692.4000,14920,0,205909620.000,0,-,-,-,-,2692.6000,2692.2000,2691.6000,2691.0000,2690.8000,2693.8000,2694.0000,2694.4000,2694.8000,2695.0000,4,3,1,2,5,1,5,1,2,12
SF,IH2009,2020-05-28 09:33:10.100,2692.4000,14920,0,205909620.000,0,-,-,-,-,2693.0000,2692.8000,2692.6000,2692.2000,2691.6000,2693.8000,2694.0000,2694.4000,2694.8000,2695.0000,3,4,5,3,1,2,5,1,2,12
SF,IH2009,2020-05-28 09:33:10.600,2692.4000,14920,0,205909620.000,0,-,-,-,-,2692.6000,2692.2000,2691.6000,2691.0000,2690.8000,2693.6000,2693.8000,2694.0000,2694.4000,2694.8000,3,3,1,2,5,1,2,5,1,2
SF,IH2009,2020-05-28 09:33:11.100,2693.6000,14919,-1,207525780.000,2,0,2,多平,S,2693.0000,2692.8000,2692.6000,2692.2000,2691.6000,2693.8000,2694.0000,2694.4000,2694.8000,2695.0000,2,6,4,3,1,1,5,1,2,12
SF,IH2009,2020-05-28 09:33:11.600,2693.6000,14919,0,207525780.000,0,-,-,-,-,2693.0000,2692.8000,2692.6000,2692.4000,2692.2000,2693.8000,2694.0000,2694.4000,2694.8000,2695.0000,2,6,3,1,3,1,5,1,2,12
SF,IH2009,2020-05-28 09:33:12.100,2693.6000,14919,0,207525780.000,0,-,-,-,-,2693.0000,2692.8000,2692.6000,2692.4000,2692.2000,2693.8000,2694.0000,2694.4000,2694.8000,2695.0000,2,4,3,1,3,1,5,1,2,12
SF,IH2009,2020-05-28 09:33:12.600,2693.6000,14919,0,207525780.000,0,-,-,-,-,2693.0000,2692.8000,2692.6000,2692.4000,2692.2000,2693.8000,2694.0000,2694.4000,2694.8000,2695.0000,2,3,3,1,3,1,5,1,3,12
SF,IH2009,2020-05-28 09:33:13.100,2693.6000,14919,0,207525780.000,0,-,-,-,-,2692.8000,2692.6000,2692.4000,2692.2000,2691.6000,2693.8000,2694.0000,2694.4000,2694.8000,2695.0000,1,3,1,3,1,1,5,1,3,12
SF,IH2009,2020-05-28 09:33:13.600,2693.6000,14919,0,207525780.000,0,-,-,-,-,2692.8000,2692.6000,2692.4000,2692.2000,2691.6000,2693.8000,2694.0000,2694.4000,2694.8000,2695.0000,1,3,1,3,1,1,5,1,2,12
SF,IH2009,2020-05-28 09:33:14.100,2693.6000,14919,0,207525780.000,0,-,-,-,-,2692.8000,2692.6000,2692.4000,2692.2000,2691.6000,2693.8000,2694.0000,2694.4000,2694.8000,2695.0000,1,2,1,3,1,1,5,1,2,12
SF,IH2009,2020-05-28 09:33:14.600,2693.6000,14919,0,207525780.000,0,-,-,-,-,2693.0000,2692.8000,2692.6000,2692.4000,2692.2000,2693.8000,2694.0000,2694.4000,2694.8000,2695.0000,2,2,2,1,3,1,5,1,2,12
SF,IH2009,2020-05-28 09:33:15.100,2693.6000,14919,0,207525780.000,0,-,-,-,-,2692.8000,2692.6000,2692.4000,2692.2000,2691.6000,2693.0000,2693.8000,2694.0000,2694.4000,2694.8000,1,2,1,3,1,5,1,5,1,2
SF,IH2009,2020-05-28 09:33:15.600,2693.0000,14919,0,211565280.000,5,2,3,多换,S,2693.0000,2692.8000,2692.6000,2692.4000,2692.2000,2693.8000,2694.0000,2694.4000,2694.8000,2695.0000,3,3,2,1,3,1,5,1,2,12
SF,IH2009,2020-05-28 09:33:16.100,2693.6000,14918,-1,212373360.000,1,0,1,双平,S,2693.2000,2693.0000,2692.8000,2692.6000,2692.4000,2693.8000,2694.0000,2694.4000,2694.8000,2695.0000,1,3,2,2,1,1,5,1,2,12
SF,IH2009,2020-05-28 09:33:16.600,2693.2000,14918,0,213181320.000,1,0,1,多换,S,2693.0000,2692.8000,2692.6000,2692.4000,2692.2000,2693.2000,2693.8000,2694.0000,2694.4000,2694.8000,3,1,2,1,3,1,1,5,1,2
SF,IH2009,2020-05-28 09:33:17.100,2693.2000,14917,-1,213989280.000,1,0,1,双平,S,2693.2000,2693.0000,2692.8000,2692.6000,2692.4000,2693.8000,2694.0000,2694.4000,2694.8000,2695.0000,1,3,1,2,1,1,5,1,2,12
SF,IH2009,2020-05-28 09:33:17.600,2693.2000,14916,-1,215605200.000,2,0,2,多平,S,2692.8000,2692.6000,2692.2000,2691.6000,2691.0000,2693.2000,2693.8000,2694.0000,2694.4000,2694.8000,1,2,3,1,2,1,1,5,1,2
SF,IH2009,2020-05-28 09:33:18.100,2693.2000,14915,-1,216413160.000,1,0,1,双平,S,2692.8000,2692.6000,2692.2000,2691.6000,2691.0000,2693.8000,2694.0000,2694.4000,2694.8000,2695.0000,1,2,3,1,2,1,6,1,2,12
SF,IH2009,2020-05-28 09:33:19.100,2693.2000,14915,0,216413160.000,0,-,-,-,-,2692.8000,2692.6000,2692.2000,2691.6000,2691.0000,2693.0000,2693.4000,2693.8000,2694.0000,2694.4000,1,2,3,1,2,1,1,1,6,1
SF,IH2009,2020-05-28 09:33:19.600,2693.0000,14914,-1,217221060.000,1,0,1,双平,S,2692.8000,2692.6000,2692.2000,2691.6000,2691.0000,2693.4000,2693.8000,2694.0000,2694.4000,2694.8000,1,2,3,1,2,1,1,6,1,2
SF,IH2009,2020-05-28 09:33:20.100,2693.0000,14914,0,217221060.000,0,-,-,-,-,2692.8000,2692.6000,2692.2000,2691.6000,2691.0000,2693.4000,2693.8000,2694.0000,2694.4000,2694.8000,1,2,4,1,2,1,1,6,1,2
SF,IH2009,2020-05-28 09:33:20.600,2693.0000,14914,0,217221060.000,0,-,-,-,-,2692.8000,2692.6000,2692.2000,2691.6000,2691.0000,2693.4000,2693.8000,2694.0000,2694.4000,2694.8000,1,1,4,1,2,1,1,6,1,2
SF,IH2009,2020-05-28 09:33:21.100,2693.0000,14914,0,217221060.000,0,-,-,-,-,2692.6000,2692.2000,2691.6000,2691.0000,2690.8000,2693.4000,2693.8000,2694.0000,2694.4000,2694.8000,1,4,1,2,5,1,1,6,1,2
SF,IH2009,2020-05-28 09:33:21.600,2693.4000,14913,-1,218029080.000,1,0,1,双平,S,2693.4000,2692.8000,2692.6000,2692.2000,2691.6000,2693.8000,2694.0000,2694.4000,2694.8000,2695.0000,1,3,4,3,1,1,6,1,2,12
SF,IH2009,2020-05-28 09:33:22.100,2693.4000,14912,-1,219645120.000,2,0,2,多平,S,2692.8000,2692.6000,2692.2000,2691.6000,2691.0000,2693.8000,2694.0000,2694.4000,2694.8000,2695.0000,2,4,3,1,1,1,6,1,2,12
SF,IH2009,2020-05-28 09:33:22.600,2693.4000,14912,0,219645120.000,0,-,-,-,-,2693.0000,2692.8000,2692.6000,2692.2000,2691.6000,2693.8000,2694.0000,2694.4000,2694.8000,2695.0000,3,2,3,4,1,1,6,1,2,12
SF,IH2009,2020-05-28 09:33:23.100,2693.4000,14912,0,219645120.000,0,-,-,-,-,2693.2000,2693.0000,2692.8000,2692.6000,2692.2000,2693.8000,2694.0000,2694.4000,2694.8000,2695.0000,1,2,2,3,4,1,6,1,2,12
SF,IH2009,2020-05-28 09:33:23.600,2693.4000,14912,0,219645120.000,0,-,-,-,-,2693.2000,2693.0000,2692.8000,2692.6000,2692.2000,2693.8000,2694.0000,2694.4000,2694.8000,2695.0000,1,1,2,3,4,1,6,1,2,12
SF,IH2009,2020-05-28 09:33:24.600,2693.8000,14912,0,220453260.000,1,0,1,多换,S,2693.2000,2693.0000,2692.8000,2692.6000,2692.2000,2694.0000,2694.4000,2694.8000,2695.0000,2695.2000,2,1,2,3,4,6,1,2,12,1
SF,IH2009,2020-05-28 09:33:25.100,2693.8000,14912,0,220453260.000,0,-,-,-,-,2693.2000,2693.0000,2692.8000,2692.6000,2692.2000,2694.0000,2694.4000,2694.8000,2695.0000,2695.2000,2,1,2,3,4,7,1,2,12,1
SF,IH2009,2020-05-28 09:33:25.600,2693.8000,14912,0,220453260.000,0,-,-,-,-,2693.4000,2693.2000,2692.8000,2692.6000,2692.2000,2694.0000,2694.4000,2694.8000,2695.0000,2695.2000,3,2,1,4,4,7,1,2,12,1
SF,IH2009,2020-05-28 09:33:26.100,2693.8000,14912,0,220453260.000,0,-,-,-,-,2693.4000,2692.8000,2692.6000,2692.2000,2691.6000,2694.0000,2694.4000,2694.8000,2695.0000,2695.2000,3,1,4,4,1,7,1,2,12,1
SF,IH2009,2020-05-28 09:33:27.100,2693.8000,14912,0,220453260.000,0,-,-,-,-,2692.8000,2692.6000,2692.2000,2691.6000,2691.0000,2694.0000,2694.4000,2694.8000,2695.0000,2695.2000,1,4,4,1,1,7,1,2,12,1
SF,IH2009,2020-05-28 09:33:27.600,2693.8000,14912,0,220453260.000,0,-,-,-,-,2693.4000,2693.2000,2693.0000,2692.8000,2692.6000,2694.0000,2694.4000,2694.8000,2695.0000,2695.2000,1,1,3,3,4,7,1,2,12,1
SF,IH2009,2020-05-28 09:33:28.100,2694.0000,14908,-4,226110660.000,7,1,6,多平,S,2694.0000,2693.6000,2693.4000,2693.0000,2692.8000,2694.4000,2694.8000,2695.0000,2695.2000,2695.8000,7,2,3,4,1,1,2,12,1,1
SF,IH2009,2020-05-28 09:33:28.600,2694.4000,14907,-1,226918980.000,1,0,1,双平,S,2694.0000,2693.4000,2693.0000,2692.8000,2692.6000,2694.8000,2695.0000,2695.2000,2695.8000,2696.0000,4,3,2,1,4,2,12,1,1,4
SF,IH2009,2020-05-28 09:33:29.100,2694.4000,14907,0,226918980.000,0,-,-,-,-,2694.4000,2694.2000,2694.0000,2693.4000,2693.0000,2694.8000,2695.0000,2695.2000,2695.8000,2696.0000,2,1,2,3,2,2,12,1,1,4
SF,IH2009,2020-05-28 09:33:29.600,2694.4000,14907,0,226918980.000,0,-,-,-,-,2694.4000,2694.2000,2693.4000,2693.2000,2693.0000,2694.8000,2695.0000,2695.2000,2695.8000,2696.0000,1,1,3,1,2,2,12,1,1,4
SF,IH2009,2020-05-28 09:33:30.100,2694.4000,14907,0,226918980.000,0,-,-,-,-,2694.2000,2693.4000,2693.2000,2693.0000,2692.6000,2694.8000,2695.0000,2695.2000,2695.8000,2696.0000,1,3,1,2,4,2,12,1,1,4
SF,IH2009,2020-05-28 09:33:30.600,2694.4000,14907,0,226918980.000,0,-,-,-,-,2694.2000,2693.4000,2693.2000,2693.0000,2692.6000,2694.8000,2695.0000,2695.2000,2695.8000,2696.0000,1,2,1,2,4,2,12,1,1,4
SF,IH2009,2020-05-28 09:33:31.100,2694.4000,14907,0,226918980.000,0,-,-,-,-,2694.4000,2694.2000,2693.4000,2693.2000,2693.0000,2694.8000,2695.0000,2695.2000,2695.8000,2696.0000,2,1,2,1,2,2,12,1,1,4
SF,IH2009,2020-05-28 09:33:31.600,2694.8000,14906,-1,228535860.000,2,0,2,多平,S,2694.8000,2694.4000,2694.2000,2693.4000,2693.2000,2695.0000,2695.2000,2695.8000,2696.0000,2697.0000,2,3,1,1,2,12,1,1,4,3
SF,IH2009,2020-05-28 09:33:32.100,2694.8000,14904,-2,230152740.000,2,0,2,双平,S,2694.4000,2694.2000,2693.4000,2693.2000,2693.0000,2694.8000,2695.0000,2695.2000,2695.8000,2696.0000,2,1,1,2,2,1,12,1,1,4
SF,IH2009,2020-05-28 09:33:32.600,2694.4000,14904,0,230961060.000,1,0,1,多换,S,2694.2000,2693.4000,2693.2000,2693.0000,2692.6000,2694.4000,2694.8000,2695.0000,2695.2000,2695.8000,1,1,2,2,3,1,2,12,1,1
SF,IH2009,2020-05-28 09:33:33.100,2694.4000,14903,-1,231769380.000,1,0,1,双平,S,2694.4000,2694.2000,2693.4000,2693.2000,2693.0000,2694.8000,2695.0000,2695.2000,2695.8000,2696.0000,1,2,1,2,2,2,13,1,1,4
SF,IH2009,2020-05-28 09:33:33.600,2694.4000,14902,-1,232577700.000,1,0,1,双平,S,2694.2000,2693.4000,2693.2000,2693.0000,2692.6000,2694.4000,2694.8000,2695.0000,2695.2000,2695.6000,1,1,2,2,3,1,2,13,1,1
SF,IH2009,2020-05-28 09:33:34.100,2694.4000,14901,-1,233386020.000,1,0,1,双平,S,2694.4000,2694.2000,2693.4000,2693.2000,2693.0000,2694.8000,2695.0000,2695.2000,2695.6000,2695.8000,2,1,1,2,2,1,13,1,1,1
SF,IH2009,2020-05-28 09:33:34.600,2694.8000,14900,-1,234194460.000,1,0,1,双平,S,2694.4000,2694.2000,2693.8000,2693.4000,2693.2000,2695.0000,2695.2000,2695.6000,2695.8000,2696.0000,2,1,1,1,2,12,1,1,1,4
SF,IH2009,2020-05-28 09:33:35.100,2695.0000,14898,-2,235811460.000,2,0,2,双平,S,2694.8000,2694.4000,2694.2000,2693.8000,2693.4000,2695.0000,2695.2000,2695.6000,2696.0000,2696.2000,1,3,1,1,1,10,1,1,4,1
SF,IH2009,2020-05-28 09:33:35.600,2694.8000,14897,-1,236619900.000,1,0,1,双平,S,2694.4000,2694.2000,2693.8000,2693.4000,2693.2000,2694.8000,2695.0000,2695.2000,2695.6000,2696.0000,2,1,1,1,3,2,10,1,1,4
SF,IH2009,2020-05-28 09:33:36.100,2694.8000,14897,0,236619900.000,0,-,-,-,-,2694.2000,2693.8000,2693.4000,2693.2000,2693.0000,2694.8000,2695.0000,2695.2000,2695.6000,2696.0000,1,1,1,3,2,3,10,1,1,4
SF,IH2009,2020-05-28 09:33:36.600,2694.8000,14897,0,236619900.000,0,-,-,-,-,2694.2000,2693.8000,2693.4000,2693.2000,2693.0000,2694.8000,2695.0000,2695.2000,2695.6000,2696.0000,1,1,1,3,2,2,10,1,1,4
SF,IH2009,2020-05-28 09:33:38.100,2694.8000,14897,0,236619900.000,0,-,-,-,-,2694.2000,2693.8000,2693.4000,2693.2000,2693.0000,2694.8000,2695.0000,2695.2000,2695.6000,2696.0000,1,1,1,3,2,3,10,1,1,4
SF,IH2009,2020-05-28 09:33:38.600,2694.8000,14897,0,237428340.000,1,0,1,多换,S,2694.2000,2693.8000,2693.4000,2693.2000,2693.0000,2694.8000,2695.0000,2695.2000,2695.6000,2696.0000,1,1,1,3,2,3,10,1,1,4
SF,IH2009,2020-05-28 09:33:39.100,2694.8000,14896,-1,238236780.000,1,0,1,双平,S,2694.4000,2694.2000,2693.8000,2693.4000,2693.2000,2694.8000,2695.0000,2695.2000,2695.6000,2696.0000,1,2,1,1,3,2,10,1,1,4
SF,IH2009,2020-05-28 09:33:39.600,2694.8000,14896,0,238236780.000,0,-,-,-,-,2694.2000,2693.8000,2693.4000,2693.2000,2693.0000,2694.8000,2695.0000,2695.2000,2695.6000,2696.0000,1,1,1,3,2,2,10,1,1,4
SF,IH2009,2020-05-28 09:33:42.600,2694.8000,14896,0,238236780.000,0,-,-,-,-,2694.2000,2693.8000,2693.4000,2693.2000,2693.0000,2694.8000,2695.0000,2695.2000,2695.6000,2696.0000,4,1,1,3,2,2,10,1,1,4
SF,IH2009,2020-05-28 09:33:43.100,2694.8000,14897,1,239045220.000,1,1,0,双开,S,2694.2000,2693.8000,2693.4000,2693.2000,2693.0000,2694.8000,2695.0000,2695.2000,2695.6000,2696.0000,4,1,1,3,2,1,10,1,1,4
SF,IH2009,2020-05-28 09:33:43.600,2694.8000,14897,0,239045220.000,0,-,-,-,-,2694.2000,2693.8000,2693.4000,2693.2000,2693.0000,2694.8000,2695.0000,2695.2000,2695.6000,2696.0000,4,1,1,3,2,1,10,1,1,4
SF,IH2009,2020-05-28 09:33:44.100,2694.8000,14897,0,239045220.000,0,-,-,-,-,2694.2000,2693.8000,2693.4000,2693.2000,2693.0000,2694.8000,2695.0000,2695.2000,2695.6000,2696.0000,1,1,1,3,2,1,10,1,1,4
SF,IH2009,2020-05-28 09:33:44.600,2694.8000,14897,0,239045220.000,0,-,-,-,-,2694.2000,2693.8000,2693.4000,2693.2000,2693.0000,2694.8000,2695.0000,2695.2000,2695.6000,2696.0000,4,1,1,3,2,1,11,1,1,4
SF,IH2009,2020-05-28 09:33:45.100,2694.8000,14897,0,239045220.000,0,-,-,-,-,2694.2000,2693.8000,2693.4000,2693.2000,2693.0000,2694.8000,2695.0000,2695.2000,2695.6000,2696.0000,1,1,1,3,2,1,11,1,1,4
SF,IH2009,2020-05-28 09:33:45.600,2694.8000,14897,0,239045220.000,0,-,-,-,-,2694.2000,2693.8000,2693.4000,2693.2000,2693.0000,2694.8000,2695.0000,2695.2000,2695.6000,2696.0000,4,1,1,3,2,1,11,1,1,4
SF,IH2009,2020-05-28 09:33:46.600,2694.8000,14897,0,239045220.000,0,-,-,-,-,2694.4000,2694.2000,2693.8000,2693.4000,2693.2000,2694.8000,2695.0000,2695.2000,2695.6000,2696.0000,1,4,1,1,3,2,11,1,1,4
SF,IH2009,2020-05-28 09:33:47.100,2694.8000,14897,0,239045220.000,0,-,-,-,-,2694.4000,2694.2000,2693.8000,2693.4000,2693.2000,2694.8000,2695.0000,2695.2000,2695.6000,2696.0000,1,3,1,1,3,2,11,1,1,4
SF,IH2009,2020-05-28 09:33:47.600,2694.8000,14897,0,239045220.000,0,-,-,-,-,2694.4000,2694.2000,2693.8000,2693.4000,2693.2000,2694.8000,2695.0000,2695.2000,2695.6000,2696.0000,1,3,1,1,3,2,11,1,1,4
SF,IH2009,2020-05-28 09:33:48.100,2694.4000,14897,0,239853540.000,1,0,1,多换,S,2694.2000,2693.8000,2693.4000,2693.2000,2693.0000,2694.4000,2694.8000,2695.0000,2695.2000,2695.6000,4,1,1,3,2,1,3,11,1,1
SF,IH2009,2020-05-28 09:33:48.600,2694.4000,14897,0,239853540.000,0,-,-,-,-,2694.2000,2693.8000,2693.4000,2693.2000,2693.0000,2694.4000,2694.8000,2695.0000,2695.2000,2695.6000,2,1,1,3,2,1,3,11,1,1
SF,IH2009,2020-05-28 09:33:49.100,2694.4000,14897,0,239853540.000,0,-,-,-,-,2694.2000,2693.8000,2693.4000,2693.2000,2693.0000,2694.8000,2695.0000,2695.2000,2695.6000,2696.0000,5,1,1,3,2,3,11,1,1,4
SF,IH2009,2020-05-28 09:33:49.600,2694.4000,14897,0,239853540.000,0,-,-,-,-,2694.4000,2694.2000,2693.8000,2693.4000,2693.2000,2694.8000,2695.0000,2695.2000,2695.6000,2696.0000,1,5,1,1,3,3,11,1,1,4
SF,IH2009,2020-05-28 09:33:50.100,2694.4000,14897,0,239853540.000,0,-,-,-,-,2694.2000,2693.8000,2693.4000,2693.2000,2693.0000,2694.8000,2695.0000,2695.2000,2695.6000,2696.0000,4,1,1,3,2,3,10,1,1,4
SF,IH2009,2020-05-28 09:33:50.600,2694.4000,14897,0,239853540.000,0,-,-,-,-,2694.2000,2693.8000,2693.4000,2693.2000,2693.0000,2694.8000,2695.0000,2695.2000,2695.6000,2696.0000,5,1,1,3,2,3,10,1,1,4
SF,IH2009,2020-05-28 09:33:51.100,2694.4000,14897,0,239853540.000,0,-,-,-,-,2694.4000,2694.2000,2693.8000,2693.4000,2693.2000,2694.8000,2695.0000,2695.2000,2695.4000,2695.6000,1,4,1,1,3,3,10,1,1,1
SF,IH2009,2020-05-28 09:33:51.600,2694.4000,14897,0,239853540.000,0,-,-,-,-,2694.2000,2693.8000,2693.4000,2693.2000,2693.0000,2694.8000,2695.0000,2695.2000,2695.4000,2695.6000,4,1,1,3,2,3,10,1,1,1
SF,IH2009,2020-05-28 09:33:52.100,2694.4000,14897,0,239853540.000,0,-,-,-,-,2694.4000,2694.2000,2693.8000,2693.4000,2693.2000,2694.8000,2695.0000,2695.2000,2695.4000,2695.6000,3,4,1,1,3,3,10,1,1,1
SF,IH2009,2020-05-28 09:33:52.600,2694.4000,14897,0,239853540.000,0,-,-,-,-,2694.4000,2694.2000,2693.8000,2693.4000,2693.2000,2694.8000,2695.0000,2695.2000,2695.4000,2695.6000,2,4,1,1,3,3,10,1,1,1
SF,IH2009,2020-05-28 09:33:53.100,2694.8000,14897,0,240661980.000,1,0,1,多换,S,2694.6000,2694.4000,2694.2000,2693.8000,2693.4000,2694.8000,2695.0000,2695.2000,2695.4000,2695.6000,1,1,4,1,1,2,10,1,1,1
SF,IH2009,2020-05-28 09:33:53.600,2694.8000,14896,-1,241470420.000,1,0,1,双平,S,2694.6000,2694.4000,2694.2000,2693.8000,2693.4000,2694.8000,2695.0000,2695.2000,2695.4000,2695.6000,1,1,4,1,1,2,10,1,1,1
SF,IH2009,2020-05-28 09:33:54.600,2694.8000,14895,-1,243087300.000,2,0,2,多平,S,2694.8000,2694.6000,2694.4000,2694.2000,2693.8000,2695.0000,2695.2000,2695.4000,2695.6000,2696.0000,2,1,1,4,1,10,1,1,1,4
SF,IH2009,2020-05-28 09:33:55.100,2694.8000,14893,-2,247129500.000,5,1,4,多平,S,2694.8000,2694.4000,2694.2000,2693.8000,2693.4000,2695.0000,2695.2000,2695.4000,2695.6000,2696.0000,1,1,3,1,1,10,1,1,1,4
SF,IH2009,2020-05-28 09:33:55.600,2694.8000,14893,0,247937940.000,1,0,1,多换,S,2694.4000,2694.2000,2693.8000,2693.4000,2693.2000,2694.8000,2695.0000,2695.2000,2695.4000,2695.6000,1,3,1,1,2,1,10,1,1,1
SF,IH2009,2020-05-28 09:33:56.100,2694.8000,14893,0,247937940.000,0,-,-,-,-,2694.4000,2694.2000,2693.8000,2693.4000,2693.2000,2695.0000,2695.2000,2695.4000,2695.6000,2696.0000,2,3,1,1,2,10,1,1,1,4
SF,IH2009,2020-05-28 09:33:57.600,2695.0000,14889,-4,251171940.000,4,0,4,双平,S,2694.4000,2694.2000,2693.8000,2693.4000,2693.2000,2695.0000,2695.2000,2695.4000,2695.6000,2696.0000,2,3,1,1,2,6,1,1,1,4
SF,IH2009,2020-05-28 09:33:58.100,2695.0000,14888,-1,252788940.000,2,0,2,多平,S,2694.6000,2694.4000,2694.2000,2693.8000,2693.4000,2695.0000,2695.2000,2695.4000,2695.6000,2696.0000,1,3,3,1,1,4,1,1,1,4
SF,IH2009,2020-05-28 09:33:58.600,2695.0000,14887,-1,253597440.000,1,0,1,双平,S,2694.4000,2694.2000,2693.8000,2693.4000,2693.2000,2695.0000,2695.2000,2695.4000,2695.6000,2696.0000,2,3,1,1,2,4,1,1,1,4
SF,IH2009,2020-05-28 09:33:59.100,2695.0000,14884,-3,256831440.000,4,0,4,多平,S,2694.6000,2694.4000,2694.2000,2693.8000,2693.4000,2695.2000,2695.4000,2695.6000,2696.0000,2696.2000,9,2,3,1,1,1,1,1,4,1
SF,IH2009,2020-05-28 09:33:59.600,2694.8000,14883,-1,257639880.000,1,0,1,双平,S,2694.6000,2694.4000,2694.2000,2693.8000,2693.4000,2695.2000,2695.4000,2695.6000,2696.0000,2696.2000,4,2,3,1,1,1,1,1,4,1
SF,IH2009,2020-05-28 09:34:00.100,2694.8000,14883,0,257639880.000,0,-,-,-,-,2694.8000,2694.6000,2694.4000,2694.2000,2693.8000,2695.2000,2695.4000,2695.6000,2696.0000,2696.2000,2,5,2,3,1,1,1,1,3,1
SF,IH2009,2020-05-28 09:34:00.600,2695.2000,14883,0,258448440.000,1,0,1,多换,S,2694.6000,2694.4000,2694.2000,2693.8000,2693.4000,2695.4000,2695.6000,2696.0000,2696.2000,2697.0000,4,2,3,1,1,1,1,3,1,4
SF,IH2009,2020-05-28 09:34:01.100,2695.4000,14882,-1,259257060.000,1,0,1,双平,S,2694.8000,2694.6000,2694.4000,2694.2000,2693.8000,2695.6000,2696.0000,2696.2000,2697.0000,2697.6000,1,4,2,3,1,1,3,1,4,1
SF,IH2009,2020-05-28 09:34:01.600,2695.4000,14882,0,259257060.000,0,-,-,-,-,2695.2000,2695.0000,2694.8000,2694.6000,2694.4000,2696.0000,2696.2000,2697.0000,2697.6000,2698.0000,1,9,4,4,2,3,1,4,1,2
SF,IH2009,2020-05-28 09:34:02.100,2695.4000,14882,0,259257060.000,0,-,-,-,-,2695.4000,2695.2000,2694.8000,2694.6000,2694.4000,2696.0000,2696.2000,2697.0000,2697.6000,2698.0000,8,1,3,4,1,3,1,4,1,2
SF,IH2009,2020-05-28 09:34:02.600,2695.4000,14882,0,259257060.000,0,-,-,-,-,2695.6000,2695.4000,2695.2000,2694.8000,2694.6000,2696.0000,2696.2000,2697.0000,2697.6000,2698.0000,2,8,1,3,1,3,1,4,1,2
SF,IH2009,2020-05-28 09:34:03.100,2696.0000,14880,-2,260874660.000,2,0,2,双平,S,2695.6000,2695.4000,2695.2000,2694.8000,2694.6000,2696.0000,2696.2000,2697.0000,2697.6000,2698.0000,2,8,1,3,1,1,1,5,1,2
SF,IH2009,2020-05-28 09:34:03.600,2696.0000,14879,-1,261683460.000,1,0,1,双平,S,2695.6000,2695.4000,2695.2000,2694.8000,2694.6000,2696.0000,2696.2000,2697.0000,2697.6000,2698.0000,2,8,1,2,1,2,1,5,1,2
SF,IH2009,2020-05-28 09:34:04.100,2696.0000,14879,0,261683460.000,0,-,-,-,-,2695.8000,2695.6000,2695.4000,2695.2000,2694.8000,2696.0000,2696.2000,2697.0000,2697.6000,2698.0000,8,2,1,1,2,2,1,5,1,2
SF,IH2009,2020-05-28 09:34:04.600,2696.0000,14879,0,262492260.000,1,0,1,多换,S,2695.8000,2695.6000,2695.4000,2694.8000,2694.6000,2696.0000,2696.2000,2697.0000,2697.6000,2698.0000,10,2,1,2,1,1,1,5,1,2
SF,IH2009,2020-05-28 09:34:05.100,2696.0000,14878,-1,263301060.000,1,0,1,双平,S,2696.0000,2695.8000,2695.6000,2695.4000,2694.8000,2697.0000,2697.6000,2698.0000,2698.2000,2699.0000,1,3,1,1,2,5,1,2,2,2
SF,IH2009,2020-05-28 09:34:05.600,2696.0000,14878,0,263301060.000,0,-,-,-,-,2695.8000,2695.6000,2695.4000,2694.8000,2694.6000,2697.0000,2697.6000,2698.0000,2698.2000,2699.0000,3,1,1,2,1,5,1,2,2,2
SF,IH2009,2020-05-28 09:34:06.100,2696.0000,14878,0,263301060.000,0,-,-,-,-,2696.0000,2695.8000,2695.6000,2695.4000,2694.8000,2697.0000,2697.6000,2698.0000,2698.2000,2699.0000,1,3,1,1,2,5,1,2,2,2
SF,IH2009,2020-05-28 09:34:06.600,2696.0000,14878,0,263301060.000,0,-,-,-,-,2696.2000,2696.0000,2695.8000,2695.6000,2695.4000,2697.0000,2697.6000,2698.0000,2698.2000,2699.0000,4,3,3,1,1,5,1,2,2,2
SF,IH2009,2020-05-28 09:34:07.100,2696.0000,14878,0,263301060.000,0,-,-,-,-,2696.4000,2696.2000,2696.0000,2695.8000,2695.6000,2697.0000,2697.6000,2698.0000,2698.2000,2699.0000,1,4,1,3,1,5,1,2,2,2
SF,IH2009,2020-05-28 09:34:07.600,2696.0000,14878,0,263301060.000,0,-,-,-,-,2696.4000,2696.2000,2695.8000,2695.6000,2695.4000,2697.0000,2697.6000,2698.0000,2698.2000,2699.0000,2,4,2,1,1,5,1,2,2,2
SF,IH2009,2020-05-28 09:34:08.100,2696.0000,14878,0,263301060.000,0,-,-,-,-,2696.4000,2696.2000,2695.8000,2695.6000,2695.4000,2697.0000,2697.6000,2698.0000,2698.2000,2699.0000,2,1,2,1,1,5,1,2,2,2
SF,IH2009,2020-05-28 09:34:09.600,2696.0000,14878,0,263301060.000,0,-,-,-,-,2696.6000,2696.4000,2696.2000,2695.8000,2695.6000,2697.0000,2697.6000,2698.0000,2698.2000,2699.0000,1,2,1,2,1,5,1,2,2,2
SF,IH2009,2020-05-28 09:34:10.100,2696.6000,14877,-1,264110040.000,1,0,1,双平,S,2696.4000,2696.2000,2695.8000,2695.6000,2695.4000,2697.0000,2697.6000,2698.0000,2698.2000,2699.0000,2,1,1,1,1,5,1,2,2,2
SF,IH2009,2020-05-28 09:34:10.600,2696.4000,14878,1,264918960.000,1,1,0,双开,S,2696.2000,2695.8000,2695.6000,2695.4000,2695.2000,2696.4000,2697.0000,2697.6000,2698.0000,2698.2000,1,1,1,1,1,1,5,1,2,2
SF,IH2009,2020-05-28 09:34:11.100,2696.2000,14878,0,265727820.000,1,0,1,多换,S,2695.8000,2695.6000,2695.4000,2695.2000,2694.8000,2696.4000,2697.0000,2697.6000,2698.0000,2698.2000,1,1,1,1,3,1,5,1,2,2
SF,IH2009,2020-05-28 09:34:11.600,2696.4000,14878,0,266536740.000,1,0,1,多换,S,2696.0000,2695.8000,2695.6000,2695.4000,2695.2000,2697.0000,2697.6000,2698.0000,2698.2000,2699.0000,1,2,1,1,1,5,1,2,2,2
SF,IH2009,2020-05-28 09:34:12.100,2696.4000,14878,0,266536740.000,0,-,-,-,-,2696.0000,2695.8000,2695.6000,2695.4000,2695.2000,2697.0000,2697.6000,2698.0000,2698.2000,2699.0000,2,1,1,1,1,5,1,2,2,2
SF,IH2009,2020-05-28 09:34:12.600,2696.4000,14878,0,266536740.000,0,-,-,-,-,2696.0000,2695.8000,2695.6000,2695.4000,2695.2000,2697.0000,2697.6000,2698.0000,2698.2000,2699.0000,2,1,1,1,1,8,1,2,2,2
SF,IH2009,2020-05-28 09:34:13.100,2696.4000,14878,0,266536740.000,0,-,-,-,-,2696.0000,2695.8000,2695.6000,2695.4000,2695.2000,2697.0000,2697.6000,2698.0000,2698.2000,2699.0000,1,1,1,1,1,8,1,2,2,2
SF,IH2009,2020-05-28 09:34:13.600,2696.4000,14878,0,266536740.000,0,-,-,-,-,2696.0000,2695.8000,2695.6000,2695.4000,2695.2000,2697.0000,2697.6000,2698.0000,2698.2000,2699.0000,2,1,1,1,1,8,1,2,2,2
SF,IH2009,2020-05-28 09:34:14.100,2696.4000,14878,0,266536740.000,0,-,-,-,-,2696.0000,2695.8000,2695.6000,2695.4000,2694.8000,2697.0000,2697.6000,2698.0000,2698.2000,2699.0000,2,1,1,1,3,8,1,2,2,2
SF,IH2009,2020-05-28 09:34:14.600,2696.4000,14878,0,266536740.000,0,-,-,-,-,2696.0000,2695.8000,2695.6000,2695.4000,2695.0000,2697.0000,2697.6000,2698.0000,2698.2000,2699.0000,1,1,1,1,1,8,1,2,2,2
SF,IH2009,2020-05-28 09:34:15.100,2696.4000,14878,0,266536740.000,0,-,-,-,-,2696.0000,2695.8000,2695.6000,2695.4000,2695.0000,2697.0000,2697.6000,2698.0000,2698.2000,2699.0000,2,1,1,1,1,8,1,2,2,2
SF,IH2009,2020-05-28 09:34:15.600,2696.4000,14878,0,266536740.000,0,-,-,-,-,2696.0000,2695.8000,2695.6000,2695.4000,2695.0000,2697.0000,2697.6000,2698.0000,2698.2000,2699.0000,2,1,1,1,1,8,1,2,2,2
SF,IH2009,2020-05-28 09:34:16.100,2696.0000,14877,-1,268154340.000,2,0,2,多平,S,2695.8000,2695.6000,2695.4000,2695.0000,2694.8000,2697.0000,2697.6000,2698.0000,2698.2000,2699.0000,1,1,1,1,3,8,1,2,2,2
SF,IH2009,2020-05-28 09:34:16.600,2696.0000,14877,0,268154340.000,0,-,-,-,-,2696.2000,2696.0000,2695.8000,2695.6000,2695.4000,2697.0000,2697.6000,2698.0000,2698.2000,2699.0000,1,1,1,1,1,8,1,2,2,2
SF,IH2009,2020-05-28 09:34:17.100,2696.2000,14876,-1,268963200.000,1,0,1,双平,S,2695.8000,2695.6000,2695.4000,2695.0000,2694.8000,2696.2000,2696.8000,2697.0000,2697.6000,2698.0000,1,1,1,1,3,2,1,8,1,2
SF,IH2009,2020-05-28 09:34:17.600,2696.2000,14876,0,268963200.000,0,-,-,-,-,2695.6000,2695.4000,2695.0000,2694.8000,2693.4000,2696.2000,2697.0000,2697.6000,2698.0000,2698.2000,1,1,1,3,1,2,8,1,2,2
SF,IH2009,2020-05-28 09:34:20.600,2696.2000,14876,0,268963200.000,0,-,-,-,-,2695.6000,2695.4000,2695.0000,2694.8000,2693.4000,2696.2000,2697.0000,2697.6000,2698.0000,2698.2000,1,1,1,3,1,2,8,1,2,2
SF,IH2009,2020-05-28 09:34:21.100,2696.2000,14876,0,268963200.000,0,-,-,-,-,2695.6000,2695.4000,2695.0000,2694.8000,2693.4000,2696.2000,2697.0000,2697.4000,2697.6000,2698.0000,2,1,1,3,1,2,8,1,1,2
SF,IH2009,2020-05-28 09:34:21.600,2696.2000,14876,0,269772060.000,1,0,1,多换,S,2695.8000,2695.6000,2695.4000,2695.0000,2694.8000,2696.2000,2697.0000,2697.4000,2697.6000,2698.0000,1,2,1,1,3,1,8,1,1,2
SF,IH2009,2020-05-28 09:34:22.100,2696.2000,14876,0,269772060.000,0,-,-,-,-,2695.8000,2695.6000,2695.4000,2695.0000,2694.8000,2697.0000,2697.4000,2697.6000,2698.0000,2698.2000,1,1,1,1,3,8,1,1,2,2
SF,IH2009,2020-05-28 09:34:22.600,2696.2000,14876,0,269772060.000,0,-,-,-,-,2695.8000,2695.6000,2695.4000,2695.0000,2694.8000,2696.8000,2697.0000,2697.4000,2697.6000,2698.0000,1,1,1,1,3,1,8,1,1,2
SF,IH2009,2020-05-28 09:34:23.100,2696.2000,14876,0,269772060.000,0,-,-,-,-,2695.8000,2695.6000,2695.4000,2695.0000,2694.8000,2697.0000,2697.4000,2697.6000,2698.0000,2698.2000,1,1,1,1,3,8,1,1,2,2
SF,IH2009,2020-05-28 09:34:23.600,2696.2000,14876,0,269772060.000,0,-,-,-,-,2695.8000,2695.6000,2695.4000,2695.0000,2694.8000,2696.8000,2697.0000,2697.4000,2697.6000,2698.0000,1,1,1,1,3,2,8,1,1,2
SF,IH2009,2020-05-28 09:34:24.600,2696.2000,14876,0,269772060.000,0,-,-,-,-,2695.8000,2695.6000,2695.4000,2695.0000,2694.8000,2696.8000,2697.0000,2697.4000,2697.6000,2698.0000,1,1,1,1,3,1,8,1,1,2
SF,IH2009,2020-05-28 09:34:25.100,2696.2000,14876,0,269772060.000,0,-,-,-,-,2695.8000,2695.6000,2695.4000,2695.0000,2694.8000,2696.8000,2697.0000,2697.4000,2697.6000,2698.0000,2,1,1,1,3,1,8,1,1,2
SF,IH2009,2020-05-28 09:34:25.600,2696.2000,14876,0,269772060.000,0,-,-,-,-,2696.0000,2695.8000,2695.6000,2695.4000,2695.0000,2696.8000,2697.0000,2697.4000,2697.6000,2698.0000,1,2,1,1,1,1,8,1,1,2
SF,IH2009,2020-05-28 09:34:26.100,2696.2000,14876,0,269772060.000,0,-,-,-,-,2696.0000,2695.8000,2695.6000,2695.4000,2695.0000,2696.8000,2697.0000,2697.4000,2697.6000,2698.0000,1,1,1,1,1,1,8,1,1,2
SF,IH2009,2020-05-28 09:34:26.600,2696.2000,14876,0,269772060.000,0,-,-,-,-,2696.0000,2695.8000,2695.6000,2695.4000,2695.0000,2697.0000,2697.4000,2697.6000,2698.0000,2698.2000,2,1,1,1,1,8,1,1,2,2
SF,IH2009,2020-05-28 09:34:27.600,2696.2000,14876,0,269772060.000,0,-,-,-,-,2696.2000,2696.0000,2695.8000,2695.6000,2695.4000,2697.0000,2697.4000,2697.6000,2698.0000,2698.2000,1,2,1,1,1,8,1,1,2,2
SF,IH2009,2020-05-28 09:34:28.100,2696.2000,14876,0,269772060.000,0,-,-,-,-,2696.4000,2696.2000,2696.0000,2695.8000,2695.6000,2697.0000,2697.4000,2697.6000,2698.0000,2698.2000,1,1,1,1,1,8,1,1,2,2
SF,IH2009,2020-05-28 09:34:28.600,2696.2000,14876,0,269772060.000,0,-,-,-,-,2696.0000,2695.8000,2695.6000,2695.0000,2694.8000,2697.0000,2697.4000,2697.6000,2698.0000,2698.2000,2,1,1,1,3,8,1,1,2,2
SF,IH2009,2020-05-28 09:34:29.100,2696.2000,14876,0,269772060.000,0,-,-,-,-,2696.4000,2696.2000,2696.0000,2695.6000,2695.0000,2697.0000,2697.4000,2697.6000,2698.0000,2698.2000,1,1,3,1,1,8,1,1,2,2
SF,IH2009,2020-05-28 09:34:29.600,2696.2000,14876,0,269772060.000,0,-,-,-,-,2696.4000,2696.2000,2696.0000,2695.6000,2695.0000,2697.0000,2697.4000,2697.6000,2698.0000,2698.2000,1,2,2,1,1,8,1,1,2,2
SF,IH2009,2020-05-28 09:34:30.100,2696.2000,14876,0,269772060.000,0,-,-,-,-,2696.4000,2696.2000,2696.0000,2695.6000,2695.0000,2697.0000,2697.4000,2697.6000,2698.0000,2698.2000,1,1,2,1,1,8,1,1,3,2
SF,IH2009,2020-05-28 09:34:30.600,2696.2000,14876,0,269772060.000,0,-,-,-,-,2696.6000,2696.4000,2696.2000,2696.0000,2695.6000,2697.0000,2697.4000,2697.6000,2698.0000,2698.2000,1,1,1,2,1,8,1,1,3,2
SF,IH2009,2020-05-28 09:34:31.100,2696.2000,14876,0,269772060.000,0,-,-,-,-,2696.6000,2696.4000,2696.0000,2695.6000,2695.0000,2697.0000,2697.4000,2697.6000,2698.0000,2698.2000,1,1,2,1,1,8,1,1,3,2
SF,IH2009,2020-05-28 09:34:32.100,2696.4000,14875,-1,270580980.000,1,0,1,双平,S,2696.0000,2695.6000,2695.0000,2694.8000,2693.4000,2697.0000,2697.4000,2697.6000,2698.0000,2698.2000,2,1,1,3,1,8,1,2,3,2
SF,IH2009,2020-05-28 09:34:32.600,2696.4000,14875,0,270580980.000,0,-,-,-,-,2696.2000,2696.0000,2695.6000,2695.0000,2694.8000,2696.4000,2697.0000,2697.4000,2697.6000,2698.0000,1,3,1,1,3,1,8,1,2,3
SF,IH2009,2020-05-28 09:34:33.100,2696.4000,14875,0,271389900.000,1,0,1,多换,S,2696.4000,2696.2000,2696.0000,2695.6000,2695.0000,2697.0000,2697.4000,2697.6000,2698.0000,2698.2000,1,1,2,1,1,8,1,2,3,2
SF,IH2009,2020-05-28 09:34:33.600,2696.4000,14875,0,271389900.000,0,-,-,-,-,2696.2000,2696.0000,2695.6000,2695.0000,2694.8000,2697.0000,2697.4000,2697.6000,2698.0000,2698.2000,1,2,1,1,3,8,1,2,3,2
SF,IH2009,2020-05-28 09:34:34.100,2696.4000,14875,0,271389900.000,0,-,-,-,-,2696.4000,2696.2000,2696.0000,2695.6000,2695.0000,2697.0000,2697.4000,2697.6000,2698.0000,2698.2000,1,2,2,1,1,8,1,2,3,2
SF,IH2009,2020-05-28 09:34:34.600,2696.4000,14875,0,271389900.000,0,-,-,-,-,2696.2000,2696.0000,2695.6000,2695.0000,2694.8000,2697.0000,2697.4000,2697.6000,2698.0000,2698.2000,1,2,1,1,3,8,1,2,3,2
SF,IH2009,2020-05-28 09:34:35.100,2696.4000,14875,0,271389900.000,0,-,-,-,-,2696.0000,2695.6000,2695.0000,2694.8000,2693.4000,2696.4000,2697.0000,2697.4000,2697.6000,2698.0000,2,1,1,3,1,1,8,1,2,3
SF,IH2009,2020-05-28 09:34:35.600,2696.4000,14875,0,271389900.000,0,-,-,-,-,2696.0000,2695.6000,2695.0000,2694.8000,2693.4000,2697.0000,2697.4000,2697.6000,2698.0000,2698.2000,2,1,1,3,1,8,1,2,3,2
SF,IH2009,2020-05-28 09:34:36.100,2696.4000,14875,0,271389900.000,0,-,-,-,-,2696.4000,2696.2000,2696.0000,2695.6000,2695.0000,2697.0000,2697.4000,2697.6000,2698.0000,2698.2000,2,1,3,1,1,8,1,2,3,2
SF,IH2009,2020-05-28 09:34:36.600,2696.4000,14875,0,271389900.000,0,-,-,-,-,2696.4000,2696.2000,2696.0000,2695.6000,2695.0000,2697.0000,2697.4000,2697.6000,2698.0000,2698.2000,2,1,2,1,1,8,1,2,3,2
SF,IH2009,2020-05-28 09:34:37.100,2696.4000,14875,0,271389900.000,0,-,-,-,-,2696.0000,2695.6000,2695.0000,2694.8000,2693.4000,2697.0000,2697.4000,2697.6000,2697.8000,2698.0000,2,1,1,3,1,8,1,2,1,3
SF,IH2009,2020-05-28 09:34:37.600,2696.4000,14875,0,271389900.000,0,-,-,-,-,2696.2000,2696.0000,2695.6000,2695.0000,2694.8000,2697.0000,2697.4000,2697.6000,2697.8000,2698.0000,1,3,1,1,3,8,1,2,1,3
SF,IH2009,2020-05-28 09:34:38.100,2696.4000,14875,0,271389900.000,0,-,-,-,-,2696.4000,2696.2000,2696.0000,2695.6000,2695.0000,2697.0000,2697.4000,2697.6000,2697.8000,2698.0000,1,3,2,1,1,8,1,2,1,3
SF,IH2009,2020-05-28 09:34:38.600,2697.0000,14874,-1,272199000.000,1,0,1,双平,S,2696.4000,2696.2000,2696.0000,2695.6000,2695.0000,2697.0000,2697.4000,2697.6000,2697.8000,2698.0000,3,2,3,1,1,7,1,2,1,3
SF,IH2009,2020-05-28 09:34:39.600,2697.0000,14871,-3,276244500.000,5,1,4,多平,S,2696.4000,2696.2000,2696.0000,2695.0000,2694.8000,2697.0000,2697.4000,2697.6000,2697.8000,2698.0000,3,2,3,1,3,3,1,2,1,3
SF,IH2009,2020-05-28 09:34:40.100,2697.0000,14871,0,277053600.000,1,0,1,多换,S,2696.8000,2696.6000,2696.4000,2696.2000,2696.0000,2697.0000,2697.4000,2697.6000,2697.8000,2698.0000,1,2,3,2,2,2,1,2,1,3
SF,IH2009,2020-05-28 09:34:40.600,2697.0000,14870,-1,278671800.000,2,0,2,多平,S,2696.8000,2696.6000,2696.4000,2696.2000,2696.0000,2697.4000,2697.6000,2697.8000,2698.0000,2698.2000,1,1,1,2,2,1,2,1,3,2
SF,IH2009,2020-05-28 09:34:42.100,2696.8000,14870,0,279480840.000,1,0,1,多换,S,2696.8000,2696.6000,2696.4000,2696.2000,2696.0000,2697.4000,2697.6000,2697.8000,2698.0000,2698.2000,1,1,1,2,2,1,2,1,3,2
SF,IH2009,2020-05-28 09:34:42.600,2696.8000,14870,0,280289880.000,1,0,1,多换,S,2696.6000,2696.2000,2696.0000,2695.0000,2694.8000,2697.4000,2697.6000,2697.8000,2698.0000,2698.2000,1,2,1,1,3,1,2,1,3,2
SF,IH2009,2020-05-28 09:34:43.600,2696.8000,14870,0,280289880.000,0,-,-,-,-,2696.6000,2696.4000,2696.2000,2696.0000,2695.0000,2697.4000,2697.6000,2697.8000,2698.0000,2698.2000,2,1,2,1,1,1,2,1,3,2
SF,IH2009,2020-05-28 09:34:44.100,2696.8000,14870,0,280289880.000,0,-,-,-,-,2696.6000,2696.4000,2696.2000,2696.0000,2695.0000,2697.4000,2697.6000,2697.8000,2698.0000,2698.2000,3,1,2,1,1,1,2,1,3,2
SF,IH2009,2020-05-28 09:34:44.600,2696.8000,14870,0,280289880.000,0,-,-,-,-,2697.0000,2696.6000,2696.4000,2696.2000,2696.0000,2697.4000,2697.6000,2697.8000,2698.0000,2698.2000,1,3,1,2,1,1,2,1,3,2
SF,IH2009,2020-05-28 09:34:45.100,2696.8000,14870,0,280289880.000,0,-,-,-,-,2697.0000,2696.6000,2696.4000,2696.2000,2696.0000,2697.4000,2697.6000,2697.8000,2698.0000,2698.2000,1,2,1,2,1,1,2,1,3,2
SF,IH2009,2020-05-28 09:34:45.600,2696.8000,14870,0,280289880.000,0,-,-,-,-,2697.0000,2696.6000,2696.4000,2696.2000,2696.0000,2697.4000,2697.6000,2697.8000,2698.0000,2698.2000,1,2,1,2,2,1,2,1,3,2
SF,IH2009,2020-05-28 09:34:46.100,2696.8000,14870,0,280289880.000,0,-,-,-,-,2697.0000,2696.6000,2696.4000,2696.2000,2696.0000,2697.4000,2697.6000,2697.8000,2698.0000,2698.2000,2,2,1,2,2,1,2,1,3,2
SF,IH2009,2020-05-28 09:34:46.600,2697.4000,14868,-2,282717300.000,3,0,3,多平,S,2696.8000,2696.6000,2696.4000,2696.2000,2696.0000,2697.6000,2697.8000,2698.0000,2698.2000,2699.0000,2,2,1,2,2,2,1,3,2,2
SF,IH2009,2020-05-28 09:34:47.600,2697.4000,14868,0,282717300.000,0,-,-,-,-,2696.8000,2696.6000,2696.4000,2696.2000,2696.0000,2697.0000,2697.6000,2697.8000,2698.0000,2698.2000,2,2,1,2,2,1,2,1,3,2
SF,IH2009,2020-05-28 09:34:48.100,2697.6000,14868,0,284335680.000,2,1,1,多换,S,2696.8000,2696.6000,2696.4000,2696.2000,2696.0000,2697.6000,2697.8000,2698.0000,2698.2000,2698.6000,2,2,1,2,2,1,1,3,2,1
SF,IH2009,2020-05-28 09:34:49.100,2696.8000,14868,0,285144720.000,1,0,1,多换,S,2696.8000,2696.6000,2696.4000,2696.2000,2696.0000,2697.6000,2697.8000,2698.0000,2698.2000,2698.6000,1,2,1,2,2,1,1,3,2,1
SF,IH2009,2020-05-28 09:34:51.100,2696.8000,14868,0,285144720.000,0,-,-,-,-,2696.8000,2696.6000,2696.4000,2696.2000,2696.0000,2697.6000,2697.8000,2698.0000,2698.2000,2698.6000,2,2,1,2,2,1,1,3,2,1
SF,IH2009,2020-05-28 09:34:51.600,2696.8000,14868,0,285144720.000,0,-,-,-,-,2696.8000,2696.6000,2696.4000,2696.2000,2696.0000,2697.6000,2697.8000,2698.0000,2698.2000,2698.6000,1,2,1,2,2,1,1,3,2,1
SF,IH2009,2020-05-28 09:34:52.100,2696.8000,14868,0,285144720.000,0,-,-,-,-,2696.8000,2696.6000,2696.4000,2696.2000,2696.0000,2697.6000,2697.8000,2698.0000,2698.2000,2698.6000,1,2,1,2,2,1,1,3,2,1
SF,IH2009,2020-05-28 09:34:52.600,2696.8000,14868,0,285144720.000,0,-,-,-,-,2696.8000,2696.6000,2696.4000,2696.2000,2696.0000,2697.6000,2697.8000,2698.0000,2698.2000,2698.6000,2,1,1,2,2,1,1,3,2,1
SF,IH2009,2020-05-28 09:34:53.600,2696.8000,14868,0,285144720.000,0,-,-,-,-,2697.0000,2696.8000,2696.6000,2696.4000,2696.2000,2697.6000,2697.8000,2698.0000,2698.2000,2698.6000,2,2,1,1,2,1,1,3,2,1
SF,IH2009,2020-05-28 09:34:54.100,2696.8000,14868,0,285144720.000,0,-,-,-,-,2697.0000,2696.8000,2696.6000,2696.4000,2696.2000,2697.6000,2697.8000,2698.0000,2698.2000,2698.6000,2,1,1,1,2,1,1,3,2,1
SF,IH2009,2020-05-28 09:34:54.600,2696.8000,14868,0,285144720.000,0,-,-,-,-,2697.2000,2697.0000,2696.8000,2696.6000,2696.4000,2697.6000,2697.8000,2698.0000,2698.2000,2698.6000,3,2,1,1,1,1,1,3,2,1
SF,IH2009,2020-05-28 09:34:55.100,2696.8000,14868,0,285144720.000,0,-,-,-,-,2697.2000,2697.0000,2696.8000,2696.6000,2696.4000,2697.6000,2697.8000,2698.0000,2698.2000,2698.6000,4,2,1,1,1,1,1,3,2,1
SF,IH2009,2020-05-28 09:34:55.600,2696.8000,14868,0,285144720.000,0,-,-,-,-,2697.2000,2697.0000,2696.8000,2696.6000,2696.4000,2697.6000,2697.8000,2698.0000,2698.2000,2698.6000,3,2,1,1,1,1,1,3,2,1
