市场代码,合约代码,时间,最新,持仓,增仓,成交额,成交量,开仓,平仓,成交类型,方向,买一价,买二价,买三价,买四价,买五价,卖一价,卖二价,卖三价,卖四价,卖五价,买一量,买二量,买三量,买四量,买五量,卖一量,卖二量,卖三量,卖四量,卖五量
SF,IH2011,2020-09-21 09:29:00.300,3334.6000,0,0,0.000,0.000,-,-,-,-,3338.8000,3233.0000,3180.2000,3104.4000,3101.0000,3350.0000,3354.0000,3394.6000,3397.2000,3420.0000,1,3,5,1,3,1,2,2,3,1
SF,IH2011,2020-09-21 09:30:00.300,3334.6000,0,0,0.000,0,-,-,-,-,3338.8000,3233.0000,3180.2000,3104.4000,3101.0000,3350.0000,3354.0000,3394.6000,3397.2000,3420.0000,1,3,5,1,3,1,2,2,3,1
SF,IH2011,2020-09-21 09:30:00.800,3334.6000,0,0,0.000,0,-,-,-,-,3242.4000,3233.0000,3180.2000,3104.4000,3101.0000,3350.0000,3354.0000,3394.6000,3397.2000,3420.0000,1,3,5,1,3,1,1,2,3,1
SF,IH2011,2020-09-21 09:30:01.300,3334.6000,0,0,0.000,0,-,-,-,-,3338.0000,3242.6000,3242.2000,3233.0000,3180.2000,3350.0000,3354.0000,3394.6000,3420.0000,3443.2000,1,4,1,3,5,1,1,2,1,1
SF,IH2011,2020-09-21 09:30:01.800,3334.6000,0,0,0.000,0,-,-,-,-,3338.0000,3242.6000,3242.2000,3233.0000,3180.2000,3350.0000,3354.0000,3394.6000,3420.0000,3443.2000,1,2,1,3,5,1,1,2,1,1
SF,IH2011,2020-09-21 09:30:02.300,3334.6000,0,0,0.000,0,-,-,-,-,3338.0000,3277.4000,3242.6000,3242.2000,3233.0000,3350.0000,3354.0000,3394.6000,3416.6000,3420.0000,1,1,2,1,3,1,1,2,1,1
SF,IH2011,2020-09-21 09:30:02.800,3334.6000,0,0,0.000,0,-,-,-,-,3338.2000,3338.0000,3277.4000,3242.6000,3242.2000,3350.0000,3354.0000,3394.6000,3416.6000,3420.0000,2,1,1,2,1,1,1,2,1,1
SF,IH2011,2020-09-21 09:30:03.300,3334.6000,0,0,0.000,0,-,-,-,-,3338.2000,3338.0000,3277.4000,3242.6000,3242.2000,3350.0000,3354.0000,3394.6000,3416.6000,3420.0000,2,1,1,2,1,1,1,2,1,1
SF,IH2011,2020-09-21 09:30:03.800,3334.6000,0,0,0.000,0,-,-,-,-,3338.2000,3338.0000,3277.4000,3242.6000,3242.2000,3350.0000,3354.0000,3394.6000,3416.6000,3420.0000,3,1,1,2,1,1,1,2,1,1
SF,IH2011,2020-09-21 09:30:04.300,3334.6000,0,0,0.000,0,-,-,-,-,3338.2000,3338.0000,3277.4000,3242.6000,3242.2000,3350.0000,3354.0000,3394.6000,3416.6000,3420.0000,1,1,1,2,1,1,1,2,1,1
SF,IH2011,2020-09-21 09:30:04.800,3334.6000,0,0,0.000,0,-,-,-,-,3338.2000,3338.0000,3277.4000,3242.6000,3242.2000,3350.0000,3354.0000,3394.6000,3416.6000,3420.0000,1,1,1,2,1,1,1,2,1,1
SF,IH2011,2020-09-21 09:30:05.300,3334.6000,0,0,0.000,0,-,-,-,-,3338.2000,3338.0000,3277.4000,3242.6000,3242.2000,3350.0000,3354.0000,3394.6000,3416.6000,3420.0000,1,1,1,2,1,1,1,2,1,1
SF,IH2011,2020-09-21 09:30:05.800,3334.6000,0,0,0.000,0,-,-,-,-,3339.0000,3338.2000,3277.4000,3242.6000,3242.2000,3350.0000,3354.0000,3394.6000,3416.6000,3420.0000,1,1,1,2,1,1,1,2,1,1
SF,IH2011,2020-09-21 09:30:06.300,3334.6000,0,0,0.000,0,-,-,-,-,3339.0000,3277.4000,3242.6000,3242.2000,3233.0000,3350.0000,3354.0000,3394.6000,3416.6000,3420.0000,1,1,2,1,3,1,1,2,1,1
SF,IH2011,2020-09-21 09:30:06.800,3334.6000,0,0,0.000,0,-,-,-,-,3339.0000,3277.4000,3242.6000,3242.2000,3233.0000,3350.0000,3354.0000,3394.6000,3416.6000,3420.0000,1,1,2,1,3,1,1,2,1,1
SF,IH2011,2020-09-21 09:30:07.300,3334.6000,0,0,0.000,0,-,-,-,-,3339.2000,3339.0000,3277.4000,3242.6000,3242.2000,3350.0000,3354.0000,3394.6000,3416.6000,3420.0000,1,1,1,2,1,1,1,2,1,1
SF,IH2011,2020-09-21 09:30:07.800,3334.6000,0,0,0.000,0,-,-,-,-,3339.2000,3339.0000,3277.4000,3242.6000,3242.2000,3350.0000,3354.0000,3394.6000,3416.6000,3420.0000,1,1,1,2,1,1,1,2,1,1
SF,IH2011,2020-09-21 09:30:08.800,3334.6000,0,0,0.000,0,-,-,-,-,3339.6000,3339.2000,3277.4000,3242.6000,3242.2000,3350.0000,3354.0000,3394.6000,3416.6000,3420.0000,1,1,1,2,1,1,1,2,1,1
SF,IH2011,2020-09-21 09:30:09.300,3334.6000,0,0,0.000,0,-,-,-,-,3339.6000,3277.4000,3242.6000,3242.2000,3233.0000,3350.0000,3354.0000,3394.6000,3416.6000,3420.0000,1,1,2,1,3,1,1,2,1,1
SF,IH2011,2020-09-21 09:30:09.800,3334.6000,0,0,0.000,0,-,-,-,-,3339.6000,3277.4000,3242.6000,3242.2000,3233.0000,3350.0000,3354.0000,3394.6000,3416.6000,3420.0000,1,1,2,1,3,1,1,2,1,1
SF,IH2011,2020-09-21 09:30:10.300,3334.6000,0,0,0.000,0,-,-,-,-,3339.8000,3339.6000,3277.4000,3242.6000,3242.2000,3350.0000,3354.0000,3394.6000,3416.6000,3420.0000,1,1,1,2,1,1,1,2,1,1
SF,IH2011,2020-09-21 09:30:10.800,3334.6000,0,0,0.000,0,-,-,-,-,3339.6000,3277.4000,3242.6000,3242.2000,3233.0000,3350.0000,3354.0000,3394.6000,3416.6000,3420.0000,1,1,2,1,3,1,1,2,1,1
SF,IH2011,2020-09-21 09:30:11.300,3334.6000,0,0,0.000,0,-,-,-,-,3339.6000,3277.4000,3242.6000,3242.2000,3233.0000,3350.0000,3354.0000,3394.6000,3416.6000,3420.0000,1,1,2,1,3,1,1,2,1,1
SF,IH2011,2020-09-21 09:30:11.800,3334.6000,0,0,0.000,0,-,-,-,-,3339.8000,3339.6000,3277.4000,3242.6000,3242.2000,3350.0000,3354.0000,3394.6000,3416.6000,3420.0000,1,1,1,2,1,1,1,2,1,1
SF,IH2011,2020-09-21 09:30:12.300,3334.6000,0,0,0.000,0,-,-,-,-,3339.6000,3277.4000,3242.6000,3242.2000,3233.0000,3350.0000,3354.0000,3394.6000,3416.6000,3420.0000,1,1,2,1,3,1,1,2,1,1
SF,IH2011,2020-09-21 09:30:12.800,3334.6000,0,0,0.000,0,-,-,-,-,3340.4000,3277.4000,3242.6000,3242.2000,3233.0000,3350.0000,3354.0000,3394.6000,3416.6000,3420.0000,1,1,2,1,3,1,1,2,1,1
SF,IH2011,2020-09-21 09:30:13.300,3334.6000,0,0,0.000,0,-,-,-,-,3340.6000,3340.4000,3277.4000,3242.6000,3242.2000,3350.0000,3354.0000,3394.6000,3416.6000,3420.0000,1,1,1,2,1,1,1,2,1,1
SF,IH2011,2020-09-21 09:30:16.800,3334.6000,0,0,0.000,0,-,-,-,-,3341.6000,3340.6000,3277.4000,3242.6000,3242.2000,3350.0000,3354.0000,3394.6000,3416.6000,3420.0000,1,1,1,2,1,1,1,2,1,1
SF,IH2011,2020-09-21 09:30:17.300,3334.6000,0,0,0.000,0,-,-,-,-,3277.4000,3242.6000,3242.2000,3233.0000,3180.2000,3350.0000,3354.0000,3394.6000,3416.6000,3420.0000,1,2,1,3,5,1,1,2,1,1
SF,IH2011,2020-09-21 09:30:17.800,3334.6000,0,0,0.000,0,-,-,-,-,3277.6000,3277.4000,3242.6000,3242.2000,3233.0000,3350.0000,3354.0000,3394.6000,3416.6000,3420.0000,1,2,1,1,3,1,1,2,1,1
SF,IH2011,2020-09-21 09:30:18.300,3334.6000,0,0,0.000,0,-,-,-,-,3277.8000,3277.6000,3277.4000,3242.6000,3242.2000,3350.0000,3354.0000,3394.6000,3416.6000,3420.0000,1,2,1,1,1,1,1,2,1,1
SF,IH2011,2020-09-21 09:30:18.800,3334.6000,0,0,0.000,0,-,-,-,-,3278.0000,3277.8000,3277.6000,3277.4000,3242.6000,3350.0000,3354.0000,3394.6000,3416.6000,3420.0000,1,1,1,1,1,1,1,2,1,1
SF,IH2011,2020-09-21 09:30:19.300,3334.6000,0,0,0.000,0,-,-,-,-,3278.2000,3278.0000,3277.6000,3277.4000,3242.6000,3350.0000,3354.0000,3394.6000,3416.6000,3420.0000,1,2,1,1,1,1,1,2,1,1
SF,IH2011,2020-09-21 09:30:19.800,3334.6000,0,0,0.000,0,-,-,-,-,3278.4000,3278.2000,3277.6000,3277.4000,3242.6000,3350.0000,3354.0000,3394.6000,3416.6000,3420.0000,1,2,1,1,1,1,1,2,1,1
SF,IH2011,2020-09-21 09:30:20.300,3334.6000,0,0,0.000,0,-,-,-,-,3335.8000,3278.4000,3278.2000,3277.4000,3242.6000,3350.0000,3354.0000,3394.6000,3416.6000,3420.0000,1,1,1,1,1,1,1,2,1,1
SF,IH2011,2020-09-21 09:30:20.800,3334.6000,0,0,0.000,0,-,-,-,-,3336.0000,3335.8000,3277.4000,3242.6000,3242.2000,3350.0000,3354.0000,3394.6000,3416.6000,3420.0000,1,2,1,1,1,1,1,2,1,1
SF,IH2011,2020-09-21 09:30:21.300,3334.6000,0,0,0.000,0,-,-,-,-,3336.2000,3336.0000,3335.8000,3277.4000,3242.6000,3350.0000,3354.0000,3394.6000,3416.6000,3420.0000,1,1,1,1,1,1,1,2,1,1
SF,IH2011,2020-09-21 09:30:21.800,3334.6000,0,0,0.000,0,-,-,-,-,3338.2000,3336.2000,3336.0000,3335.8000,3277.4000,3349.8000,3350.0000,3354.0000,3394.6000,3416.6000,1,1,1,1,1,1,1,1,2,1
SF,IH2011,2020-09-21 09:30:22.300,3334.6000,0,0,0.000,0,-,-,-,-,3338.2000,3336.0000,3277.4000,3242.6000,3242.2000,3349.8000,3350.0000,3354.0000,3355.4000,3394.6000,1,1,1,1,1,1,1,1,5,2
SF,IH2011,2020-09-21 09:30:23.300,3334.6000,0,0,0.000,0,-,-,-,-,3338.4000,3338.2000,3277.4000,3242.6000,3242.2000,3349.8000,3350.0000,3354.0000,3355.4000,3394.6000,1,1,1,1,1,1,1,1,5,2
SF,IH2011,2020-09-21 09:30:23.800,3334.6000,0,0,0.000,0,-,-,-,-,3338.2000,3277.4000,3242.6000,3242.2000,3233.0000,3349.8000,3350.0000,3354.0000,3355.4000,3394.6000,1,1,1,1,3,1,1,1,5,2
SF,IH2011,2020-09-21 09:30:24.300,3334.6000,0,0,0.000,0,-,-,-,-,3338.2000,3332.6000,3277.4000,3242.6000,3242.2000,3349.8000,3350.0000,3354.0000,3355.4000,3394.6000,1,5,1,1,1,1,1,1,5,2
SF,IH2011,2020-09-21 09:30:24.800,3334.6000,0,0,0.000,0,-,-,-,-,3338.4000,3338.2000,3332.6000,3277.4000,3242.6000,3349.8000,3350.0000,3354.0000,3355.4000,3394.6000,1,1,5,1,1,1,1,1,5,2
SF,IH2011,2020-09-21 09:30:25.300,3334.6000,0,0,0.000,0,-,-,-,-,3338.2000,3332.6000,3277.4000,3242.6000,3242.2000,3349.8000,3350.0000,3354.0000,3355.4000,3394.6000,1,5,1,1,1,1,1,1,5,2
SF,IH2011,2020-09-21 09:30:25.800,3334.6000,0,0,0.000,0,-,-,-,-,3338.2000,3332.6000,3277.4000,3242.6000,3242.2000,3349.8000,3350.0000,3354.0000,3355.4000,3394.6000,1,5,1,1,1,1,1,1,5,2
SF,IH2011,2020-09-21 09:30:26.300,3334.6000,0,0,0.000,0,-,-,-,-,3338.4000,3338.2000,3332.6000,3277.4000,3242.6000,3349.8000,3350.0000,3354.0000,3355.4000,3360.0000,1,1,5,1,1,1,1,1,5,1
SF,IH2011,2020-09-21 09:30:26.800,3334.6000,0,0,0.000,0,-,-,-,-,3338.2000,3332.6000,3277.4000,3242.6000,3242.2000,3349.8000,3350.0000,3354.0000,3355.4000,3360.0000,1,5,1,1,1,1,1,1,5,1
SF,IH2011,2020-09-21 09:30:27.300,3334.6000,0,0,0.000,0,-,-,-,-,3338.2000,3332.6000,3277.4000,3242.6000,3242.2000,3349.8000,3350.0000,3354.0000,3355.4000,3360.0000,1,5,1,1,1,1,1,1,5,1
SF,IH2011,2020-09-21 09:30:27.800,3334.6000,0,0,0.000,0,-,-,-,-,3338.4000,3338.2000,3332.6000,3277.4000,3242.6000,3349.8000,3350.0000,3354.0000,3355.4000,3360.0000,1,1,5,1,1,1,1,1,5,1
SF,IH2011,2020-09-21 09:30:28.300,3334.6000,0,0,0.000,0,-,-,-,-,3338.2000,3332.6000,3277.4000,3242.6000,3242.2000,3349.8000,3350.0000,3354.0000,3355.4000,3360.0000,1,5,1,1,1,1,1,1,5,1
SF,IH2011,2020-09-21 09:30:28.800,3334.6000,0,0,0.000,0,-,-,-,-,3338.2000,3332.6000,3277.4000,3242.6000,3242.2000,3349.8000,3350.0000,3354.0000,3355.4000,3360.0000,1,5,1,1,1,1,1,1,5,1
SF,IH2011,2020-09-21 09:30:29.300,3334.6000,0,0,0.000,0,-,-,-,-,3338.4000,3338.2000,3332.6000,3277.4000,3242.6000,3349.8000,3350.0000,3354.0000,3355.4000,3360.0000,1,1,5,1,1,1,1,1,5,1
SF,IH2011,2020-09-21 09:30:29.800,3334.6000,0,0,0.000,0,-,-,-,-,3338.2000,3332.6000,3277.4000,3242.6000,3242.2000,3349.8000,3350.0000,3354.0000,3355.4000,3360.0000,1,5,1,1,1,1,1,1,5,1
SF,IH2011,2020-09-21 09:30:30.300,3334.6000,0,0,0.000,0,-,-,-,-,3338.2000,3332.6000,3277.4000,3242.6000,3242.2000,3349.8000,3350.0000,3354.0000,3355.4000,3360.0000,1,5,1,1,1,1,1,1,5,1
SF,IH2011,2020-09-21 09:30:30.800,3334.6000,0,0,0.000,0,-,-,-,-,3338.4000,3338.2000,3332.6000,3277.4000,3242.6000,3349.8000,3350.0000,3354.0000,3355.4000,3360.0000,1,1,5,1,1,1,1,1,5,1
SF,IH2011,2020-09-21 09:30:31.300,3334.6000,0,0,0.000,0,-,-,-,-,3338.2000,3332.6000,3277.4000,3242.6000,3242.2000,3349.8000,3350.0000,3354.0000,3355.4000,3360.0000,1,5,1,1,1,1,1,1,5,1
SF,IH2011,2020-09-21 09:30:31.800,3334.6000,0,0,0.000,0,-,-,-,-,3338.2000,3332.6000,3277.4000,3242.6000,3242.2000,3349.8000,3350.0000,3354.0000,3355.4000,3360.0000,1,5,1,1,1,1,1,1,5,1
SF,IH2011,2020-09-21 09:30:32.300,3334.6000,0,0,0.000,0,-,-,-,-,3338.4000,3338.2000,3332.6000,3277.4000,3242.6000,3349.8000,3350.0000,3354.0000,3355.4000,3360.0000,1,1,5,1,1,1,1,1,5,1
SF,IH2011,2020-09-21 09:30:32.800,3334.6000,0,0,0.000,0,-,-,-,-,3338.2000,3332.6000,3277.4000,3242.6000,3242.2000,3349.8000,3350.0000,3354.0000,3359.2000,3360.0000,1,5,1,1,1,1,1,1,5,1
SF,IH2011,2020-09-21 09:30:33.300,3334.6000,0,0,0.000,0,-,-,-,-,3338.2000,3332.6000,3277.4000,3242.6000,3242.2000,3349.8000,3350.0000,3354.0000,3359.2000,3360.0000,1,5,1,1,1,1,1,1,5,1
SF,IH2011,2020-09-21 09:30:33.800,3334.6000,0,0,0.000,0,-,-,-,-,3338.4000,3338.2000,3332.6000,3277.4000,3242.6000,3349.6000,3349.8000,3350.0000,3354.0000,3359.2000,2,1,5,1,1,1,1,1,1,5
SF,IH2011,2020-09-21 09:30:34.300,3334.6000,0,0,0.000,0,-,-,-,-,3338.4000,3338.2000,3332.6000,3277.4000,3242.6000,3349.6000,3349.8000,3350.0000,3354.0000,3359.2000,1,1,5,1,1,1,1,1,1,5
SF,IH2011,2020-09-21 09:30:34.800,3334.6000,0,0,0.000,0,-,-,-,-,3338.6000,3338.4000,3338.2000,3332.6000,3277.4000,3349.6000,3350.0000,3354.0000,3359.2000,3360.0000,1,1,1,5,1,1,1,1,5,1
SF,IH2011,2020-09-21 09:30:35.300,3334.6000,0,0,0.000,0,-,-,-,-,3338.8000,3338.2000,3332.6000,3277.4000,3242.6000,3349.6000,3350.0000,3354.0000,3359.2000,3360.0000,2,1,5,1,1,1,1,1,5,1
SF,IH2011,2020-09-21 09:30:35.800,3334.6000,0,0,0.000,0,-,-,-,-,3338.8000,3338.2000,3332.6000,3277.4000,3242.6000,3349.6000,3350.0000,3354.0000,3359.2000,3360.0000,1,1,5,1,1,1,1,1,5,1
SF,IH2011,2020-09-21 09:30:36.300,3334.6000,0,0,0.000,0,-,-,-,-,3338.8000,3338.2000,3332.6000,3277.4000,3242.6000,3349.6000,3350.0000,3354.0000,3359.2000,3360.0000,1,1,5,1,1,1,1,1,5,1
SF,IH2011,2020-09-21 09:30:36.800,3334.6000,0,0,0.000,0,-,-,-,-,3340.4000,3339.0000,3338.8000,3338.2000,3332.6000,3349.6000,3350.0000,3354.0000,3359.2000,3360.0000,2,1,1,1,5,1,1,1,5,1
SF,IH2011,2020-09-21 09:30:37.300,3334.6000,0,0,0.000,0,-,-,-,-,3340.6000,3340.4000,3339.6000,3332.6000,3277.4000,3349.4000,3349.6000,3350.0000,3354.0000,3359.2000,1,2,1,5,1,1,1,1,1,5
SF,IH2011,2020-09-21 09:30:37.800,3334.6000,0,0,0.000,0,-,-,-,-,3340.6000,3340.4000,3339.6000,3332.6000,3277.4000,3349.2000,3350.0000,3354.0000,3359.2000,3360.0000,1,2,1,5,1,1,1,1,5,1
SF,IH2011,2020-09-21 09:30:38.300,3334.6000,0,0,0.000,0,-,-,-,-,3340.8000,3340.6000,3340.4000,3339.6000,3332.6000,3349.2000,3350.0000,3354.0000,3359.2000,3360.0000,1,1,2,1,5,1,1,1,5,1
SF,IH2011,2020-09-21 09:30:38.800,3334.6000,0,0,0.000,0,-,-,-,-,3341.0000,3340.4000,3339.6000,3332.6000,3277.4000,3349.2000,3350.0000,3354.0000,3359.2000,3360.0000,1,2,1,5,1,1,1,1,5,1
SF,IH2011,2020-09-21 09:30:39.300,3334.6000,0,0,0.000,0,-,-,-,-,3341.0000,3340.4000,3339.6000,3332.6000,3277.4000,3349.2000,3350.0000,3354.0000,3359.2000,3360.0000,1,2,1,5,1,1,1,1,5,1
SF,IH2011,2020-09-21 09:30:39.800,3334.6000,0,0,0.000,0,-,-,-,-,3342.4000,3341.2000,3341.0000,3339.6000,3332.6000,3349.2000,3350.0000,3354.0000,3359.2000,3360.0000,2,1,1,1,5,1,1,1,5,1
SF,IH2011,2020-09-21 09:30:40.300,3334.6000,0,0,0.000,0,-,-,-,-,3342.6000,3342.4000,3339.6000,3338.0000,3332.6000,3349.2000,3350.0000,3354.0000,3359.2000,3360.0000,1,2,1,1,5,1,1,1,5,1
SF,IH2011,2020-09-21 09:30:40.800,3334.6000,0,0,0.000,0,-,-,-,-,3342.6000,3342.4000,3339.6000,3332.6000,3277.4000,3349.2000,3350.0000,3354.0000,3359.2000,3360.0000,1,2,1,5,1,1,1,1,5,1
SF,IH2011,2020-09-21 09:30:41.300,3334.6000,0,0,0.000,0,-,-,-,-,3343.0000,3339.6000,3332.6000,3277.4000,3242.6000,3349.2000,3350.0000,3354.0000,3359.2000,3360.0000,2,1,5,1,1,1,1,1,5,1
SF,IH2011,2020-09-21 09:30:41.800,3334.6000,0,0,0.000,0,-,-,-,-,3343.0000,3339.6000,3332.6000,3277.4000,3242.6000,3349.2000,3350.0000,3354.0000,3359.2000,3360.0000,2,1,5,1,1,1,1,1,5,1
SF,IH2011,2020-09-21 09:30:42.300,3334.6000,0,0,0.000,0,-,-,-,-,3343.0000,3332.6000,3277.4000,3242.6000,3242.2000,3349.2000,3350.0000,3354.0000,3359.2000,3360.0000,2,5,1,1,1,1,1,1,5,1
SF,IH2011,2020-09-21 09:30:49.800,3334.6000,0,0,0.000,0,-,-,-,-,3343.2000,3343.0000,3332.6000,3277.4000,3242.6000,3349.2000,3350.0000,3354.0000,3359.2000,3360.0000,1,2,5,1,1,1,1,1,5,1
SF,IH2011,2020-09-21 09:30:50.300,3334.6000,0,0,0.000,0,-,-,-,-,3343.2000,3343.0000,3332.6000,3277.4000,3242.6000,3349.2000,3350.0000,3354.0000,3359.2000,3360.0000,1,2,5,1,1,1,1,1,5,1
SF,IH2011,2020-09-21 09:30:50.800,3334.6000,0,0,0.000,0,-,-,-,-,3343.0000,3332.6000,3277.4000,3242.6000,3242.2000,3349.2000,3350.0000,3354.0000,3359.2000,3360.0000,2,5,1,1,1,1,1,1,5,1
SF,IH2011,2020-09-21 09:30:51.300,3334.6000,0,0,0.000,0,-,-,-,-,3343.0000,3332.6000,3277.4000,3242.6000,3242.2000,3349.2000,3350.0000,3354.0000,3359.2000,3360.0000,2,5,1,1,1,1,1,1,5,1
SF,IH2011,2020-09-21 09:30:51.800,3334.6000,0,0,0.000,0,-,-,-,-,3343.0000,3332.6000,3277.4000,3242.6000,3242.2000,3349.2000,3350.0000,3354.0000,3359.2000,3360.0000,2,5,1,1,1,1,1,1,5,1
SF,IH2011,2020-09-21 09:30:52.300,3334.6000,0,0,0.000,0,-,-,-,-,3343.0000,3332.6000,3277.4000,3242.6000,3242.2000,3349.2000,3350.0000,3354.0000,3359.2000,3360.0000,2,5,1,1,1,1,1,1,5,1
SF,IH2011,2020-09-21 09:30:52.800,3334.6000,0,0,0.000,0,-,-,-,-,3343.0000,3332.6000,3277.4000,3242.6000,3242.2000,3349.2000,3350.0000,3354.0000,3359.2000,3360.0000,2,5,1,1,1,1,1,1,5,1
SF,IH2011,2020-09-21 09:30:53.300,3334.6000,0,0,0.000,0,-,-,-,-,3332.6000,3277.4000,3242.6000,3242.2000,3233.0000,3349.2000,3350.0000,3354.0000,3359.2000,3360.0000,5,1,1,1,3,1,1,1,5,1
SF,IH2011,2020-09-21 09:30:53.800,3334.6000,0,0,0.000,0,-,-,-,-,3340.2000,3332.8000,3332.6000,3277.4000,3242.6000,3349.2000,3350.0000,3354.0000,3359.2000,3360.0000,2,3,6,1,1,1,1,1,5,1
SF,IH2011,2020-09-21 09:30:54.300,3334.6000,0,0,0.000,0,-,-,-,-,3340.4000,3340.2000,3332.6000,3277.4000,3242.6000,3349.2000,3350.0000,3354.0000,3359.2000,3360.0000,1,2,5,1,1,1,1,1,5,1
SF,IH2011,2020-09-21 09:30:54.800,3334.6000,0,0,0.000,0,-,-,-,-,3340.2000,3332.6000,3277.4000,3242.6000,3242.2000,3349.2000,3350.0000,3354.0000,3359.2000,3360.0000,2,5,1,1,1,1,1,1,5,1
SF,IH2011,2020-09-21 09:30:55.300,3334.6000,0,0,0.000,0,-,-,-,-,3341.2000,3340.4000,3332.6000,3277.4000,3242.6000,3349.2000,3350.0000,3354.0000,3359.2000,3360.0000,2,1,5,1,1,1,1,1,5,1
SF,IH2011,2020-09-21 09:30:55.800,3334.6000,0,0,0.000,0,-,-,-,-,3341.2000,3332.6000,3277.4000,3242.6000,3242.2000,3349.2000,3350.0000,3354.0000,3359.2000,3360.0000,2,5,1,1,1,1,1,1,5,1
SF,IH2011,2020-09-21 09:30:56.300,3334.6000,0,0,0.000,0,-,-,-,-,3341.2000,3332.6000,3277.4000,3242.6000,3242.2000,3349.2000,3350.0000,3354.0000,3359.2000,3360.0000,2,5,1,1,1,1,1,1,5,1
SF,IH2011,2020-09-21 09:30:56.800,3334.6000,0,0,0.000,0,-,-,-,-,3341.2000,3332.6000,3277.4000,3242.6000,3242.2000,3349.2000,3350.0000,3354.0000,3359.2000,3360.0000,2,5,1,1,1,1,1,1,5,1
SF,IH2011,2020-09-21 09:30:57.300,3334.6000,0,0,0.000,0,-,-,-,-,3341.2000,3332.6000,3277.4000,3242.6000,3242.2000,3349.2000,3350.0000,3354.0000,3359.2000,3360.0000,2,5,1,1,1,1,1,1,5,1
SF,IH2011,2020-09-21 09:30:57.800,3334.6000,0,0,0.000,0,-,-,-,-,3341.4000,3341.2000,3332.6000,3277.4000,3242.6000,3349.2000,3350.0000,3354.0000,3359.2000,3360.0000,1,2,5,1,1,1,1,1,5,1
SF,IH2011,2020-09-21 09:30:58.300,3334.6000,0,0,0.000,0,-,-,-,-,3341.4000,3341.2000,3332.6000,3277.4000,3242.6000,3349.2000,3350.0000,3354.0000,3359.2000,3360.0000,1,2,5,1,1,1,1,1,5,1
SF,IH2011,2020-09-21 09:30:58.800,3334.6000,0,0,0.000,0,-,-,-,-,3341.4000,3341.2000,3332.6000,3277.4000,3242.6000,3349.2000,3350.0000,3354.0000,3359.2000,3360.0000,1,2,5,1,1,1,1,1,5,1
SF,IH2011,2020-09-21 09:30:59.300,3334.6000,0,0,0.000,0,-,-,-,-,3341.8000,3341.4000,3332.6000,3277.4000,3242.6000,3349.2000,3350.0000,3354.0000,3359.2000,3360.0000,2,1,5,1,1,1,1,1,5,1
SF,IH2011,2020-09-21 09:30:59.800,3334.6000,0,0,0.000,0,-,-,-,-,3341.8000,3341.4000,3332.6000,3277.4000,3242.6000,3349.2000,3350.0000,3354.0000,3359.2000,3360.0000,2,1,5,1,1,1,1,1,5,1
SF,IH2011,2020-09-21 09:31:00.300,3334.6000,0,0,0.000,0,-,-,-,-,3341.8000,3341.4000,3332.6000,3277.4000,3242.6000,3349.0000,3349.2000,3350.0000,3354.0000,3359.2000,2,1,5,1,1,1,1,1,1,5
SF,IH2011,2020-09-21 09:31:00.800,3334.6000,0,0,0.000,0,-,-,-,-,3341.8000,3341.4000,3332.6000,3277.4000,3242.6000,3348.8000,3349.0000,3350.0000,3354.0000,3359.2000,2,1,5,1,1,1,1,1,1,5
SF,IH2011,2020-09-21 09:31:01.300,3334.6000,0,0,0.000,0,-,-,-,-,3341.8000,3341.4000,3332.6000,3277.4000,3242.6000,3348.8000,3349.0000,3350.0000,3354.0000,3359.2000,2,1,5,1,1,1,1,1,1,5
SF,IH2011,2020-09-21 09:31:01.800,3334.6000,0,0,0.000,0,-,-,-,-,3341.8000,3341.4000,3332.6000,3277.4000,3242.6000,3348.8000,3350.0000,3354.0000,3359.2000,3360.0000,2,1,5,1,1,1,1,1,5,1
SF,IH2011,2020-09-21 09:31:02.300,3334.6000,0,0,0.000,0,-,-,-,-,3341.8000,3332.6000,3277.4000,3242.6000,3242.2000,3348.8000,3350.0000,3354.0000,3359.2000,3360.0000,2,5,1,1,1,1,1,1,5,1
SF,IH2011,2020-09-21 09:31:02.800,3334.6000,0,0,0.000,0,-,-,-,-,3341.8000,3332.6000,3277.4000,3242.6000,3242.2000,3348.8000,3350.0000,3354.0000,3359.2000,3394.6000,2,5,1,1,1,1,1,1,5,2
SF,IH2011,2020-09-21 09:31:03.300,3334.6000,0,0,0.000,0,-,-,-,-,3342.0000,3341.8000,3332.6000,3277.4000,3242.6000,3348.8000,3350.0000,3354.0000,3359.2000,3394.6000,1,2,5,1,1,1,1,1,5,2
SF,IH2011,2020-09-21 09:31:03.800,3334.6000,0,0,0.000,0,-,-,-,-,3342.0000,3341.8000,3332.6000,3277.4000,3242.6000,3348.8000,3350.0000,3354.0000,3359.2000,3394.6000,1,2,5,1,1,1,1,1,5,2
SF,IH2011,2020-09-21 09:31:04.300,3334.6000,0,0,0.000,0,-,-,-,-,3342.0000,3341.8000,3332.6000,3277.4000,3242.6000,3348.8000,3350.0000,3354.0000,3359.2000,3394.6000,1,2,5,1,1,1,1,1,5,2
SF,IH2011,2020-09-21 09:31:04.800,3334.6000,0,0,0.000,0,-,-,-,-,3342.0000,3341.8000,3332.6000,3277.4000,3242.6000,3348.8000,3350.0000,3354.0000,3359.2000,3394.6000,1,2,5,1,1,1,1,1,5,2
SF,IH2011,2020-09-21 09:31:05.300,3334.6000,0,0,0.000,0,-,-,-,-,3342.0000,3341.8000,3332.6000,3277.4000,3242.6000,3348.8000,3350.0000,3354.0000,3359.2000,3394.6000,1,2,5,1,1,1,1,1,5,2
SF,IH2011,2020-09-21 09:31:05.800,3334.6000,0,0,0.000,0,-,-,-,-,3341.8000,3332.6000,3277.4000,3242.6000,3242.2000,3348.8000,3350.0000,3354.0000,3359.2000,3394.6000,2,5,1,1,1,1,1,1,5,2
SF,IH2011,2020-09-21 09:31:06.300,3334.6000,0,0,0.000,0,-,-,-,-,3341.8000,3332.6000,3277.4000,3242.6000,3242.2000,3348.6000,3348.8000,3350.0000,3354.0000,3359.2000,2,5,1,1,1,1,1,1,1,5
SF,IH2011,2020-09-21 09:31:06.800,3334.6000,0,0,0.000,0,-,-,-,-,3341.8000,3332.6000,3277.4000,3242.6000,3242.2000,3348.4000,3350.0000,3354.0000,3359.2000,3394.6000,2,5,1,1,1,1,1,1,5,2
SF,IH2011,2020-09-21 09:31:07.300,3334.6000,0,0,0.000,0,-,-,-,-,3341.8000,3332.6000,3277.4000,3242.6000,3242.2000,3348.4000,3350.0000,3354.0000,3359.2000,3394.6000,2,5,1,1,1,1,1,1,5,2
SF,IH2011,2020-09-21 09:31:07.800,3334.6000,0,0,0.000,0,-,-,-,-,3341.8000,3332.6000,3277.4000,3242.6000,3242.2000,3348.4000,3350.0000,3354.0000,3359.2000,3394.6000,2,5,1,1,1,1,1,1,5,2
SF,IH2011,2020-09-21 09:31:08.300,3334.6000,0,0,0.000,0,-,-,-,-,3341.8000,3332.6000,3277.4000,3242.6000,3242.2000,3348.2000,3348.4000,3350.0000,3354.0000,3359.2000,2,5,1,1,1,1,1,1,1,5
SF,IH2011,2020-09-21 09:31:08.800,3334.6000,0,0,0.000,0,-,-,-,-,3341.8000,3332.6000,3277.4000,3242.6000,3242.2000,3348.0000,3350.0000,3354.0000,3359.2000,3394.6000,2,5,1,1,1,1,1,1,5,2
SF,IH2011,2020-09-21 09:31:09.300,3341.8000,1,1,1002540.000,1,1,0,双开,S,3341.8000,3332.6000,3277.4000,3242.6000,3242.2000,3350.0000,3354.0000,3359.2000,3394.6000,3416.6000,1,5,1,1,1,1,1,5,2,1
SF,IH2011,2020-09-21 09:31:09.800,3341.8000,1,0,1002540.000,0,-,-,-,-,3332.6000,3277.4000,3242.6000,3242.2000,3233.0000,3349.8000,3350.0000,3354.0000,3359.2000,3394.6000,5,1,1,1,3,2,1,1,5,2
SF,IH2011,2020-09-21 09:31:10.300,3341.8000,1,0,1002540.000,0,-,-,-,-,3332.8000,3332.6000,3277.4000,3242.6000,3242.2000,3349.8000,3350.0000,3354.0000,3359.2000,3394.6000,3,6,1,1,1,2,1,1,5,2
SF,IH2011,2020-09-21 09:31:10.800,3341.8000,1,0,1002540.000,0,-,-,-,-,3332.8000,3332.6000,3277.4000,3242.6000,3242.2000,3349.8000,3350.0000,3354.0000,3359.2000,3394.6000,3,5,1,1,1,2,1,1,5,2
SF,IH2011,2020-09-21 09:31:11.300,3341.8000,1,0,1002540.000,0,-,-,-,-,3332.8000,3328.8000,3277.4000,3242.6000,3242.2000,3349.8000,3350.0000,3354.0000,3359.2000,3394.6000,3,5,1,1,1,2,1,1,5,2
SF,IH2011,2020-09-21 09:31:11.800,3341.8000,1,0,1002540.000,0,-,-,-,-,3337.6000,3336.6000,3333.0000,3332.8000,3328.8000,3349.8000,3350.0000,3354.0000,3359.2000,3394.6000,1,1,1,3,5,2,1,1,5,2
SF,IH2011,2020-09-21 09:31:12.300,3341.8000,1,0,1002540.000,0,-,-,-,-,3337.8000,3337.6000,3336.6000,3328.8000,3277.4000,3349.8000,3350.0000,3354.0000,3359.2000,3394.6000,1,1,1,5,1,2,1,1,5,2
SF,IH2011,2020-09-21 09:31:12.800,3341.8000,1,0,1002540.000,0,-,-,-,-,3338.4000,3337.8000,3337.6000,3328.8000,3277.4000,3348.8000,3349.8000,3350.0000,3354.0000,3359.2000,1,1,1,5,1,1,2,1,1,5
SF,IH2011,2020-09-21 09:31:13.300,3341.8000,1,0,1002540.000,0,-,-,-,-,3338.6000,3338.4000,3337.6000,3328.8000,3277.4000,3348.6000,3348.8000,3350.0000,3354.0000,3359.2000,2,1,1,5,1,1,1,1,1,5
SF,IH2011,2020-09-21 09:31:13.800,3341.8000,1,0,1002540.000,0,-,-,-,-,3338.6000,3338.4000,3337.6000,3328.8000,3277.4000,3348.6000,3348.8000,3350.0000,3354.0000,3359.2000,2,1,1,5,1,1,1,1,1,5
SF,IH2011,2020-09-21 09:31:14.300,3341.8000,1,0,1002540.000,0,-,-,-,-,3339.4000,3338.6000,3337.6000,3328.8000,3277.4000,3348.4000,3348.6000,3350.0000,3354.0000,3359.2000,1,2,1,5,1,1,1,1,1,5
SF,IH2011,2020-09-21 09:31:14.800,3341.8000,1,0,1002540.000,0,-,-,-,-,3340.4000,3339.6000,3339.4000,3337.6000,3328.8000,3348.2000,3348.4000,3350.0000,3354.0000,3359.2000,1,1,1,1,5,1,1,1,1,5
SF,IH2011,2020-09-21 09:31:15.300,3341.8000,1,0,1002540.000,0,-,-,-,-,3340.6000,3340.4000,3339.4000,3328.8000,3277.4000,3348.2000,3350.0000,3354.0000,3359.2000,3394.6000,1,1,1,5,1,1,1,1,5,2
SF,IH2011,2020-09-21 09:31:15.800,3341.8000,1,0,1002540.000,0,-,-,-,-,3341.0000,3340.6000,3340.4000,3328.8000,3277.4000,3348.2000,3350.0000,3354.0000,3359.2000,3394.6000,1,1,1,5,1,1,1,1,5,2
SF,IH2011,2020-09-21 09:31:16.300,3341.8000,1,0,1002540.000,0,-,-,-,-,3341.2000,3341.0000,3328.8000,3277.4000,3242.6000,3348.0000,3348.2000,3350.0000,3354.0000,3359.2000,1,1,5,1,1,1,1,1,1,5
SF,IH2011,2020-09-21 09:31:16.800,3341.8000,1,0,1002540.000,0,-,-,-,-,3341.0000,3328.8000,3277.4000,3242.6000,3242.2000,3347.8000,3348.0000,3350.0000,3354.0000,3359.2000,1,5,1,1,1,1,1,1,1,5
SF,IH2011,2020-09-21 09:31:17.300,3341.8000,1,0,1002540.000,0,-,-,-,-,3341.0000,3328.8000,3277.4000,3242.6000,3242.2000,3347.8000,3350.0000,3354.0000,3359.2000,3394.6000,1,5,1,1,1,1,1,1,5,2
SF,IH2011,2020-09-21 09:31:17.800,3341.8000,1,0,1002540.000,0,-,-,-,-,3341.0000,3328.8000,3277.4000,3242.6000,3242.2000,3347.8000,3350.0000,3354.0000,3359.2000,3394.6000,1,5,1,1,1,1,1,1,5,2
SF,IH2011,2020-09-21 09:31:18.300,3341.8000,1,0,1002540.000,0,-,-,-,-,3341.0000,3328.8000,3277.4000,3242.6000,3242.2000,3347.6000,3347.8000,3350.0000,3354.0000,3359.2000,1,5,1,1,1,1,1,1,1,5
SF,IH2011,2020-09-21 09:31:18.800,3341.8000,1,0,1002540.000,0,-,-,-,-,3341.0000,3328.8000,3277.4000,3242.6000,3242.2000,3347.4000,3350.0000,3354.0000,3359.2000,3394.6000,1,5,1,1,1,1,1,1,5,2
SF,IH2011,2020-09-21 09:31:19.300,3341.8000,1,0,1002540.000,0,-,-,-,-,3341.0000,3328.8000,3277.4000,3242.6000,3242.2000,3347.4000,3350.0000,3354.0000,3359.2000,3394.6000,1,5,1,1,1,1,1,1,5,2
SF,IH2011,2020-09-21 09:31:19.800,3341.8000,1,0,1002540.000,0,-,-,-,-,3341.0000,3328.8000,3277.4000,3242.6000,3242.2000,3347.2000,3347.4000,3350.0000,3354.0000,3359.2000,1,5,1,1,1,1,1,1,1,5
SF,IH2011,2020-09-21 09:31:20.300,3341.0000,2,1,2004840.000,1,1,0,双开,S,3325.0000,3277.4000,3242.6000,3242.2000,3233.0000,3350.0000,3351.6000,3354.0000,3394.6000,3416.6000,5,1,1,1,3,1,5,1,2,1
SF,IH2011,2020-09-21 09:31:20.800,3341.0000,2,0,2004840.000,0,-,-,-,-,3336.8000,3325.2000,3325.0000,3277.4000,3242.6000,3349.8000,3350.0000,3351.6000,3354.0000,3394.6000,1,4,6,1,1,1,1,5,1,2
SF,IH2011,2020-09-21 09:31:21.300,3341.0000,2,0,2004840.000,0,-,-,-,-,3337.0000,3325.2000,3325.0000,3277.4000,3242.6000,3349.6000,3349.8000,3350.0000,3351.6000,3354.0000,1,1,5,1,1,1,1,1,5,1
SF,IH2011,2020-09-21 09:31:21.800,3341.0000,2,0,2004840.000,0,-,-,-,-,3337.4000,3337.0000,3325.2000,3325.0000,3277.4000,3349.4000,3350.0000,3351.6000,3354.0000,3394.6000,1,1,1,5,1,1,1,5,1,2
SF,IH2011,2020-09-21 09:31:22.300,3341.0000,2,0,2004840.000,0,-,-,-,-,3338.6000,3338.4000,3337.6000,3325.2000,3325.0000,3349.4000,3350.0000,3351.6000,3354.0000,3394.6000,1,1,2,1,5,1,1,5,1,2
SF,IH2011,2020-09-21 09:31:22.800,3341.0000,2,0,2004840.000,0,-,-,-,-,3338.8000,3338.6000,3338.4000,3337.6000,3325.2000,3348.4000,3349.2000,3349.4000,3350.0000,3351.6000,1,1,1,1,1,1,1,1,1,5
SF,IH2011,2020-09-21 09:31:23.300,3341.0000,2,0,2004840.000,0,-,-,-,-,3338.8000,3338.6000,3338.4000,3337.6000,3325.2000,3348.2000,3348.4000,3350.0000,3351.6000,3354.0000,1,1,1,1,1,1,1,1,5,1
SF,IH2011,2020-09-21 09:31:24.300,3341.0000,2,0,2004840.000,0,-,-,-,-,3339.4000,3338.8000,3338.4000,3325.2000,3325.0000,3348.0000,3348.2000,3348.4000,3350.0000,3351.6000,1,1,1,1,5,1,1,1,1,5
SF,IH2011,2020-09-21 09:31:24.800,3341.0000,2,0,2004840.000,0,-,-,-,-,3339.6000,3339.4000,3339.2000,3325.2000,3325.0000,3347.8000,3348.0000,3348.4000,3350.0000,3351.6000,2,1,1,1,5,1,1,1,1,5
SF,IH2011,2020-09-21 09:31:25.300,3341.0000,2,0,2004840.000,0,-,-,-,-,3339.6000,3339.4000,3339.2000,3325.2000,3325.0000,3347.8000,3350.0000,3351.6000,3354.0000,3394.6000,2,1,1,1,5,1,1,5,1,2
SF,IH2011,2020-09-21 09:31:25.800,3341.0000,2,0,2004840.000,0,-,-,-,-,3339.6000,3339.2000,3325.2000,3325.0000,3277.4000,3350.0000,3351.6000,3354.0000,3394.6000,3416.6000,2,1,1,5,1,1,5,1,2,1
SF,IH2011,2020-09-21 09:31:26.300,3341.0000,2,0,2004840.000,0,-,-,-,-,3339.8000,3339.6000,3325.2000,3325.0000,3277.4000,3349.8000,3350.0000,3351.6000,3354.0000,3394.6000,1,2,1,5,1,2,1,5,1,2
SF,IH2011,2020-09-21 09:31:26.800,3341.0000,2,0,2004840.000,0,-,-,-,-,3340.0000,3339.8000,3339.6000,3325.2000,3325.0000,3349.8000,3350.0000,3351.6000,3354.0000,3394.6000,1,1,1,1,5,2,1,5,1,2
SF,IH2011,2020-09-21 09:31:27.800,3341.0000,2,0,2004840.000,0,-,-,-,-,3340.6000,3340.0000,3339.6000,3325.2000,3325.0000,3348.4000,3349.8000,3350.0000,3351.6000,3354.0000,1,1,1,1,5,1,2,1,5,1
SF,IH2011,2020-09-21 09:31:28.300,3341.0000,2,0,2004840.000,0,-,-,-,-,3340.8000,3340.6000,3325.2000,3325.0000,3277.4000,3348.2000,3348.4000,3350.0000,3354.0000,3355.4000,1,1,1,5,1,1,1,1,1,5
SF,IH2011,2020-09-21 09:31:28.800,3341.0000,2,0,2004840.000,0,-,-,-,-,3340.8000,3340.6000,3325.2000,3325.0000,3277.4000,3348.2000,3350.0000,3354.0000,3355.4000,3394.6000,1,1,1,5,1,1,1,1,5,2
SF,IH2011,2020-09-21 09:31:29.300,3341.0000,2,0,2004840.000,0,-,-,-,-,3340.8000,3340.6000,3325.2000,3325.0000,3277.4000,3348.0000,3348.2000,3350.0000,3354.0000,3355.4000,1,1,1,5,1,1,1,1,1,5
SF,IH2011,2020-09-21 09:31:29.800,3341.0000,2,0,2004840.000,0,-,-,-,-,3340.8000,3340.6000,3325.2000,3325.0000,3277.4000,3347.8000,3348.0000,3350.0000,3354.0000,3355.4000,1,1,1,5,1,1,1,1,1,5
SF,IH2011,2020-09-21 09:31:30.300,3341.0000,2,0,2004840.000,0,-,-,-,-,3341.2000,3340.8000,3340.6000,3325.2000,3325.0000,3347.8000,3350.0000,3354.0000,3355.4000,3394.6000,1,1,1,1,5,1,1,1,5,2
SF,IH2011,2020-09-21 09:31:30.800,3341.0000,2,0,2004840.000,0,-,-,-,-,3341.4000,3341.2000,3340.6000,3339.0000,3325.2000,3347.8000,3350.0000,3354.0000,3355.4000,3394.6000,1,1,1,1,1,1,1,1,5,2
SF,IH2011,2020-09-21 09:31:31.300,3341.0000,2,0,2004840.000,0,-,-,-,-,3341.4000,3339.0000,3325.2000,3325.0000,3277.4000,3347.8000,3350.0000,3354.0000,3355.4000,3394.6000,1,1,1,5,1,1,1,1,5,2
SF,IH2011,2020-09-21 09:31:31.800,3341.0000,2,0,2004840.000,0,-,-,-,-,3341.4000,3339.0000,3325.2000,3325.0000,3277.4000,3347.6000,3347.8000,3350.0000,3354.0000,3355.4000,1,1,1,5,1,1,1,1,1,5
SF,IH2011,2020-09-21 09:31:32.300,3341.0000,2,0,2004840.000,0,-,-,-,-,3341.4000,3339.0000,3333.0000,3325.2000,3325.0000,3347.4000,3350.0000,3354.0000,3355.4000,3394.6000,1,1,1,1,5,1,1,1,5,2
SF,IH2011,2020-09-21 09:31:32.800,3341.0000,2,0,2004840.000,0,-,-,-,-,3341.4000,3339.0000,3333.0000,3325.2000,3325.0000,3350.0000,3354.0000,3355.4000,3394.6000,3416.6000,1,1,1,1,5,1,1,5,2,1
SF,IH2011,2020-09-21 09:31:33.300,3341.0000,2,0,2004840.000,0,-,-,-,-,3341.4000,3333.0000,3325.2000,3325.0000,3277.4000,3349.8000,3350.0000,3354.0000,3355.4000,3394.6000,1,1,1,5,1,2,1,1,5,2
SF,IH2011,2020-09-21 09:31:33.800,3341.0000,2,0,2004840.000,0,-,-,-,-,3341.4000,3333.0000,3325.2000,3325.0000,3277.4000,3349.8000,3350.0000,3354.0000,3355.4000,3394.6000,1,1,1,5,1,2,1,1,5,2
SF,IH2011,2020-09-21 09:31:34.300,3341.0000,2,0,2004840.000,0,-,-,-,-,3341.4000,3333.0000,3325.2000,3325.0000,3277.4000,3349.8000,3350.0000,3354.0000,3355.4000,3394.6000,1,1,1,5,1,2,1,1,5,2
SF,IH2011,2020-09-21 09:31:34.800,3341.0000,2,0,2004840.000,0,-,-,-,-,3341.4000,3333.0000,3325.2000,3325.0000,3277.4000,3349.8000,3350.0000,3354.0000,3355.4000,3394.6000,1,1,1,5,1,2,1,1,5,2
SF,IH2011,2020-09-21 09:31:35.300,3341.0000,2,0,2004840.000,0,-,-,-,-,3341.4000,3333.0000,3325.2000,3325.0000,3277.4000,3349.8000,3350.0000,3354.0000,3355.4000,3394.6000,1,1,1,5,1,2,1,1,5,2
SF,IH2011,2020-09-21 09:31:35.800,3341.0000,2,0,2004840.000,0,-,-,-,-,3341.4000,3333.0000,3325.2000,3325.0000,3277.4000,3349.4000,3349.8000,3350.0000,3354.0000,3355.4000,1,1,1,5,1,1,2,1,1,5
SF,IH2011,2020-09-21 09:31:36.300,3341.0000,2,0,2004840.000,0,-,-,-,-,3341.4000,3333.0000,3325.2000,3325.0000,3277.4000,3349.0000,3349.2000,3349.4000,3350.0000,3354.0000,1,1,1,5,1,2,1,1,1,1
SF,IH2011,2020-09-21 09:31:36.800,3341.0000,2,0,2004840.000,0,-,-,-,-,3342.0000,3341.4000,3333.0000,3325.2000,3325.0000,3348.8000,3349.0000,3349.4000,3350.0000,3354.0000,1,1,1,1,5,1,3,1,1,1
SF,IH2011,2020-09-21 09:31:37.300,3341.0000,2,0,2004840.000,0,-,-,-,-,3342.0000,3341.4000,3333.0000,3325.2000,3325.0000,3348.6000,3348.8000,3349.0000,3350.0000,3354.0000,1,1,1,1,5,1,1,3,1,1
SF,IH2011,2020-09-21 09:31:37.800,3341.0000,2,0,2004840.000,0,-,-,-,-,3342.0000,3341.4000,3333.0000,3325.2000,3325.0000,3348.4000,3349.0000,3350.0000,3354.0000,3355.4000,1,1,1,1,5,3,1,1,1,5
SF,IH2011,2020-09-21 09:31:38.300,3341.0000,2,0,2004840.000,0,-,-,-,-,3342.0000,3341.4000,3333.0000,3325.2000,3325.0000,3348.2000,3348.4000,3350.0000,3354.0000,3355.4000,1,1,1,1,5,1,3,1,1,5
SF,IH2011,2020-09-21 09:31:38.800,3341.0000,2,0,2004840.000,0,-,-,-,-,3333.0000,3325.2000,3325.0000,3277.4000,3242.6000,3347.6000,3348.0000,3348.2000,3350.0000,3354.0000,1,1,5,1,1,2,2,1,1,1
SF,IH2011,2020-09-21 09:31:39.300,3341.0000,2,0,2004840.000,0,-,-,-,-,3338.2000,3333.2000,3333.0000,3325.2000,3325.0000,3347.6000,3348.2000,3350.0000,3354.0000,3355.4000,1,3,2,1,5,2,1,1,1,5
SF,IH2011,2020-09-21 09:31:39.800,3341.0000,2,0,2004840.000,0,-,-,-,-,3338.4000,3333.0000,3325.2000,3325.0000,3277.4000,3347.4000,3347.6000,3350.0000,3354.0000,3355.4000,1,1,1,5,1,1,2,1,1,5
SF,IH2011,2020-09-21 09:31:40.300,3341.0000,2,0,2004840.000,0,-,-,-,-,3339.4000,3338.4000,3333.0000,3325.2000,3325.0000,3347.0000,3347.2000,3347.4000,3350.0000,3354.0000,1,1,1,1,5,2,1,1,1,1
SF,IH2011,2020-09-21 09:31:40.800,3341.0000,2,0,2004840.000,0,-,-,-,-,3339.6000,3339.4000,3333.0000,3325.2000,3325.0000,3347.0000,3350.0000,3354.0000,3355.4000,3394.6000,1,1,1,1,5,2,1,1,5,2
SF,IH2011,2020-09-21 09:31:41.300,3341.0000,2,0,2004840.000,0,-,-,-,-,3340.2000,3339.6000,3339.4000,3333.0000,3325.2000,3347.0000,3350.0000,3354.0000,3355.4000,3394.6000,1,1,1,1,1,2,1,1,5,2
SF,IH2011,2020-09-21 09:31:41.800,3341.0000,2,0,2004840.000,0,-,-,-,-,3340.4000,3340.2000,3333.0000,3325.2000,3325.0000,3346.8000,3347.0000,3350.0000,3354.0000,3355.4000,1,1,1,1,5,1,2,1,1,5
SF,IH2011,2020-09-21 09:31:42.300,3341.0000,2,0,2004840.000,0,-,-,-,-,3340.4000,3340.2000,3333.0000,3325.2000,3325.0000,3346.6000,3346.8000,3347.0000,3350.0000,3354.0000,1,1,1,1,5,1,1,2,1,1
SF,IH2011,2020-09-21 09:31:42.800,3341.0000,2,0,2004840.000,0,-,-,-,-,3340.4000,3333.0000,3325.2000,3325.0000,3277.4000,3346.4000,3346.6000,3350.0000,3354.0000,3355.4000,1,1,1,5,1,2,1,1,1,5
SF,IH2011,2020-09-21 09:31:43.300,3341.0000,2,0,2004840.000,0,-,-,-,-,3340.4000,3333.0000,3325.2000,3325.0000,3277.4000,3346.4000,3346.6000,3350.0000,3354.0000,3355.4000,1,1,1,5,1,2,1,1,1,5
SF,IH2011,2020-09-21 09:31:43.800,3341.0000,2,0,2004840.000,0,-,-,-,-,3340.4000,3333.0000,3325.2000,3325.0000,3277.4000,3346.4000,3350.0000,3354.0000,3355.4000,3394.6000,1,1,1,5,1,2,1,1,5,2
SF,IH2011,2020-09-21 09:31:46.300,3341.0000,2,0,2004840.000,0,-,-,-,-,3340.4000,3333.0000,3325.2000,3325.0000,3277.4000,3346.2000,3346.4000,3350.0000,3354.0000,3355.4000,1,1,1,5,1,1,2,1,1,5
SF,IH2011,2020-09-21 09:31:46.800,3341.0000,2,0,2004840.000,0,-,-,-,-,3340.4000,3333.0000,3325.2000,3325.0000,3277.4000,3346.0000,3346.4000,3350.0000,3354.0000,3355.4000,1,1,1,5,1,1,2,1,1,5
SF,IH2011,2020-09-21 09:31:47.300,3341.0000,2,0,2004840.000,0,-,-,-,-,3340.4000,3333.0000,3325.2000,3325.0000,3277.4000,3346.4000,3350.0000,3354.0000,3355.4000,3394.6000,1,1,1,5,1,2,1,1,5,2
SF,IH2011,2020-09-21 09:31:47.800,3341.0000,2,0,2004840.000,0,-,-,-,-,3340.4000,3333.0000,3325.2000,3325.0000,3277.4000,3345.8000,3346.2000,3350.0000,3354.0000,3355.4000,1,1,1,5,1,2,1,1,1,5
SF,IH2011,2020-09-21 09:31:48.300,3341.0000,2,0,2004840.000,0,-,-,-,-,3340.4000,3333.0000,3325.2000,3325.0000,3277.4000,3345.8000,3346.2000,3350.0000,3354.0000,3355.4000,1,1,1,5,1,2,1,1,1,5
SF,IH2011,2020-09-21 09:31:48.800,3341.0000,2,0,2004840.000,0,-,-,-,-,3340.4000,3333.0000,3325.2000,3325.0000,3277.4000,3345.8000,3346.2000,3350.0000,3354.0000,3355.4000,1,1,1,5,1,2,1,1,1,5
SF,IH2011,2020-09-21 09:31:49.300,3341.0000,2,0,2004840.000,0,-,-,-,-,3340.4000,3333.0000,3325.2000,3325.0000,3277.4000,3345.6000,3345.8000,3350.0000,3354.0000,3355.4000,1,1,1,5,1,1,2,1,1,5
SF,IH2011,2020-09-21 09:31:49.800,3341.0000,2,0,2004840.000,0,-,-,-,-,3340.4000,3333.0000,3325.2000,3325.0000,3277.4000,3345.6000,3345.8000,3350.0000,3354.0000,3355.4000,1,1,1,5,1,1,2,1,1,5
SF,IH2011,2020-09-21 09:31:50.300,3341.0000,2,0,2004840.000,0,-,-,-,-,3340.4000,3333.0000,3325.2000,3325.0000,3277.4000,3345.6000,3345.8000,3350.0000,3354.0000,3355.4000,1,1,1,5,1,1,2,1,1,5
SF,IH2011,2020-09-21 09:31:50.800,3341.0000,2,0,2004840.000,0,-,-,-,-,3340.4000,3333.0000,3325.2000,3325.0000,3277.4000,3345.6000,3345.8000,3350.0000,3354.0000,3355.4000,1,1,1,5,1,1,2,1,1,5
SF,IH2011,2020-09-21 09:31:51.300,3341.0000,2,0,2004840.000,0,-,-,-,-,3340.4000,3333.0000,3325.2000,3325.0000,3277.4000,3345.4000,3345.6000,3345.8000,3350.0000,3354.0000,1,1,1,5,1,1,1,2,1,1
SF,IH2011,2020-09-21 09:31:51.800,3341.0000,2,0,2004840.000,0,-,-,-,-,3340.4000,3333.0000,3325.2000,3325.0000,3277.4000,3345.4000,3350.0000,3354.0000,3355.4000,3394.6000,1,1,1,5,1,3,1,1,5,2
SF,IH2011,2020-09-21 09:31:53.800,3341.0000,2,0,2004840.000,0,-,-,-,-,3340.4000,3333.0000,3325.2000,3325.0000,3277.4000,3345.0000,3345.4000,3350.0000,3354.0000,3355.4000,1,1,1,5,1,2,1,1,1,5
SF,IH2011,2020-09-21 09:31:54.300,3341.0000,2,0,2004840.000,0,-,-,-,-,3340.4000,3333.0000,3325.2000,3325.0000,3277.4000,3345.0000,3345.4000,3350.0000,3354.0000,3355.4000,1,1,1,5,1,2,1,1,1,5
SF,IH2011,2020-09-21 09:31:54.800,3341.0000,2,0,2004840.000,0,-,-,-,-,3340.4000,3333.0000,3325.2000,3325.0000,3277.4000,3345.0000,3345.4000,3350.0000,3354.0000,3355.4000,1,1,1,5,1,2,1,1,1,5
SF,IH2011,2020-09-21 09:31:55.300,3341.0000,2,0,2004840.000,0,-,-,-,-,3340.4000,3333.0000,3325.2000,3325.0000,3277.4000,3345.0000,3345.4000,3350.0000,3354.0000,3355.4000,1,1,1,5,1,2,1,1,1,5
SF,IH2011,2020-09-21 09:31:55.800,3341.0000,2,0,2004840.000,0,-,-,-,-,3340.4000,3333.0000,3325.2000,3325.0000,3277.4000,3345.0000,3345.4000,3350.0000,3354.0000,3355.4000,1,1,1,5,1,2,1,1,1,5
SF,IH2011,2020-09-21 09:31:56.300,3341.0000,2,0,2004840.000,0,-,-,-,-,3340.4000,3333.0000,3325.2000,3325.0000,3277.4000,3345.4000,3350.0000,3354.0000,3355.4000,3394.6000,1,1,1,5,1,1,1,1,5,2
SF,IH2011,2020-09-21 09:32:15.300,3341.0000,2,0,2004840.000,0,-,-,-,-,3340.6000,3340.4000,3333.0000,3325.2000,3325.0000,3345.4000,3350.0000,3354.0000,3355.4000,3394.6000,1,1,1,1,5,1,1,1,5,2
SF,IH2011,2020-09-21 09:32:15.800,3341.0000,2,0,2004840.000,0,-,-,-,-,3340.8000,3340.6000,3333.0000,3325.2000,3325.0000,3345.4000,3350.0000,3354.0000,3355.4000,3394.6000,1,1,1,1,5,1,1,1,5,2
SF,IH2011,2020-09-21 09:32:16.300,3341.0000,2,0,2004840.000,0,-,-,-,-,3340.8000,3340.6000,3333.0000,3325.2000,3325.0000,3345.4000,3350.0000,3354.0000,3355.4000,3394.6000,1,1,1,1,5,1,1,1,5,2
SF,IH2011,2020-09-21 09:32:16.800,3341.0000,2,0,2004840.000,0,-,-,-,-,3340.8000,3340.6000,3333.0000,3325.2000,3325.0000,3345.4000,3350.0000,3354.0000,3355.4000,3394.6000,1,1,1,1,5,1,1,1,5,2
SF,IH2011,2020-09-21 09:32:17.300,3341.0000,2,0,2004840.000,0,-,-,-,-,3340.8000,3340.6000,3333.0000,3325.2000,3325.0000,3345.4000,3350.0000,3354.0000,3355.4000,3394.6000,1,1,1,1,5,1,1,1,5,2
SF,IH2011,2020-09-21 09:32:20.800,3341.0000,2,0,2004840.000,0,-,-,-,-,3340.8000,3340.6000,3333.0000,3325.0000,3277.4000,3345.4000,3350.0000,3354.0000,3355.4000,3394.6000,1,1,1,5,1,1,1,1,5,2
SF,IH2011,2020-09-21 09:32:27.300,3341.0000,2,0,2004840.000,0,-,-,-,-,3340.8000,3340.6000,3333.0000,3325.0000,3277.4000,3345.4000,3350.0000,3354.0000,3355.4000,3394.6000,1,1,1,5,1,1,1,1,5,2
SF,IH2011,2020-09-21 09:32:27.800,3341.0000,2,0,2004840.000,0,-,-,-,-,3340.8000,3340.6000,3333.0000,3325.0000,3277.4000,3345.4000,3350.0000,3354.0000,3355.4000,3394.6000,1,1,1,5,1,1,1,1,5,2
SF,IH2011,2020-09-21 09:32:28.300,3341.0000,2,0,2004840.000,0,-,-,-,-,3340.8000,3340.6000,3333.0000,3325.0000,3277.4000,3345.4000,3350.0000,3354.0000,3355.4000,3394.6000,1,1,1,5,1,1,1,1,5,2
SF,IH2011,2020-09-21 09:32:28.800,3341.0000,2,0,2004840.000,0,-,-,-,-,3340.8000,3340.6000,3333.0000,3325.0000,3277.4000,3345.4000,3350.0000,3354.0000,3355.4000,3394.6000,1,1,1,5,1,1,1,1,5,2
SF,IH2011,2020-09-21 09:32:35.800,3341.0000,2,0,2004840.000,0,-,-,-,-,3340.8000,3340.6000,3333.0000,3325.0000,3277.4000,3344.8000,3345.4000,3350.0000,3354.0000,3355.4000,1,1,1,5,1,2,1,1,1,5
SF,IH2011,2020-09-21 09:32:36.300,3341.0000,2,0,2004840.000,0,-,-,-,-,3340.6000,3333.0000,3325.0000,3277.4000,3242.6000,3344.6000,3344.8000,3350.0000,3354.0000,3355.4000,1,1,5,1,1,1,2,1,1,5
SF,IH2011,2020-09-21 09:32:36.800,3341.0000,2,0,2004840.000,0,-,-,-,-,3340.6000,3333.0000,3325.0000,3277.4000,3242.6000,3344.6000,3344.8000,3350.0000,3354.0000,3355.4000,1,1,5,1,1,1,2,1,1,5
SF,IH2011,2020-09-21 09:32:37.300,3341.0000,2,0,2004840.000,0,-,-,-,-,3340.6000,3333.0000,3325.0000,3277.4000,3242.6000,3344.0000,3344.4000,3344.6000,3347.8000,3350.0000,1,1,5,1,1,2,1,1,5,1
SF,IH2011,2020-09-21 09:32:37.800,3341.0000,2,0,2004840.000,0,-,-,-,-,3340.6000,3333.0000,3325.0000,3277.4000,3242.6000,3343.8000,3344.0000,3347.8000,3350.0000,3354.0000,1,1,5,1,1,1,2,5,1,1
SF,IH2011,2020-09-21 09:32:38.300,3341.0000,2,0,2004840.000,0,-,-,-,-,3340.6000,3333.0000,3325.0000,3277.4000,3242.6000,3343.8000,3344.0000,3347.8000,3350.0000,3354.0000,1,1,5,1,1,1,2,5,1,1
SF,IH2011,2020-09-21 09:32:38.800,3340.6000,3,1,3007020.000,1,1,0,双开,S,3333.0000,3325.0000,3277.4000,3242.6000,3242.2000,3343.4000,3343.6000,3347.8000,3350.0000,3354.0000,1,5,1,1,1,2,1,5,1,1
SF,IH2011,2020-09-21 09:32:39.300,3340.6000,3,0,3007020.000,0,-,-,-,-,3333.2000,3333.0000,3325.0000,3277.4000,3242.6000,3340.2000,3343.2000,3347.8000,3350.0000,3354.0000,3,1,5,1,1,1,1,5,1,1
SF,IH2011,2020-09-21 09:32:39.800,3340.6000,3,0,3007020.000,0,-,-,-,-,3333.2000,3333.0000,3325.0000,3277.4000,3242.6000,3347.8000,3350.0000,3354.0000,3394.6000,3416.6000,3,1,5,1,1,5,1,1,2,1
SF,IH2011,2020-09-21 09:32:40.300,3340.6000,3,0,3007020.000,0,-,-,-,-,3333.2000,3333.0000,3325.0000,3277.4000,3242.6000,3347.6000,3347.8000,3350.0000,3354.0000,3394.6000,3,1,5,1,1,2,5,1,1,2
SF,IH2011,2020-09-21 09:32:40.800,3340.6000,3,0,3007020.000,0,-,-,-,-,3333.2000,3333.0000,3325.0000,3277.4000,3242.6000,3343.8000,3347.6000,3347.8000,3350.0000,3354.0000,2,1,5,1,1,2,1,5,1,1
SF,IH2011,2020-09-21 09:32:41.300,3340.6000,3,0,3007020.000,0,-,-,-,-,3333.2000,3333.0000,3325.0000,3277.4000,3242.6000,3343.6000,3343.8000,3347.8000,3350.0000,3354.0000,2,1,5,1,1,1,2,5,1,1
SF,IH2011,2020-09-21 09:32:41.800,3340.6000,3,0,3007020.000,0,-,-,-,-,3333.2000,3333.0000,3325.0000,3277.4000,3242.6000,3343.4000,3343.6000,3343.8000,3347.8000,3350.0000,2,1,5,1,1,1,1,2,5,1
SF,IH2011,2020-09-21 09:32:42.300,3340.6000,3,0,3007020.000,0,-,-,-,-,3333.2000,3333.0000,3325.0000,3277.4000,3242.6000,3342.6000,3343.2000,3343.4000,3343.8000,3347.8000,2,1,5,1,1,1,2,1,2,5
SF,IH2011,2020-09-21 09:32:42.800,3340.6000,3,0,3007020.000,0,-,-,-,-,3333.2000,3333.0000,3325.0000,3277.4000,3242.6000,3342.4000,3342.6000,3343.2000,3343.8000,3347.8000,2,1,5,1,1,1,1,1,2,5
SF,IH2011,2020-09-21 09:32:43.300,3340.6000,3,0,3007020.000,0,-,-,-,-,3333.2000,3333.0000,3325.0000,3277.4000,3242.6000,3342.4000,3342.6000,3343.2000,3343.8000,3347.8000,2,1,5,1,1,1,1,1,2,5
SF,IH2011,2020-09-21 09:32:43.800,3340.6000,3,0,3007020.000,0,-,-,-,-,3333.2000,3333.0000,3325.0000,3277.4000,3242.6000,3342.2000,3342.4000,3342.6000,3343.8000,3347.8000,2,1,5,1,1,1,1,1,2,5
SF,IH2011,2020-09-21 09:32:44.300,3340.6000,3,0,3007020.000,0,-,-,-,-,3333.2000,3333.0000,3325.0000,3277.4000,3242.6000,3342.0000,3342.6000,3343.8000,3347.8000,3350.0000,1,1,5,1,1,1,1,2,5,1
SF,IH2011,2020-09-21 09:32:44.800,3340.6000,3,0,3007020.000,0,-,-,-,-,3333.2000,3333.0000,3325.0000,3277.4000,3242.6000,3342.0000,3342.6000,3343.8000,3347.8000,3350.0000,1,1,5,1,1,1,1,2,5,1
SF,IH2011,2020-09-21 09:32:45.300,3340.6000,3,0,3007020.000,0,-,-,-,-,3333.2000,3333.0000,3321.2000,3277.4000,3242.6000,3341.8000,3342.0000,3343.8000,3347.8000,3350.0000,1,1,5,1,1,1,1,2,5,1
SF,IH2011,2020-09-21 09:32:45.800,3340.6000,3,0,3007020.000,0,-,-,-,-,3333.2000,3333.0000,3321.2000,3277.4000,3242.6000,3341.6000,3341.8000,3343.8000,3347.8000,3350.0000,1,1,5,1,1,1,1,2,5,1
SF,IH2011,2020-09-21 09:32:46.300,3340.6000,3,0,3007020.000,0,-,-,-,-,3333.2000,3333.0000,3321.2000,3277.4000,3242.6000,3341.6000,3343.8000,3347.8000,3350.0000,3354.0000,1,1,5,1,1,1,2,5,1,1
SF,IH2011,2020-09-21 09:32:46.800,3340.6000,3,0,3007020.000,0,-,-,-,-,3333.2000,3333.0000,3321.2000,3277.4000,3242.6000,3341.6000,3343.8000,3347.8000,3350.0000,3354.0000,1,1,5,1,1,1,2,5,1,1
SF,IH2011,2020-09-21 09:32:47.300,3340.6000,3,0,3007020.000,0,-,-,-,-,3333.2000,3333.0000,3321.2000,3277.4000,3242.6000,3341.4000,3343.8000,3347.8000,3350.0000,3354.0000,1,1,5,1,1,1,2,5,1,1
SF,IH2011,2020-09-21 09:32:47.800,3340.6000,3,0,3007020.000,0,-,-,-,-,3333.2000,3333.0000,3321.2000,3277.4000,3242.6000,3341.4000,3343.8000,3347.8000,3350.0000,3354.0000,1,1,5,1,1,1,2,5,1,1
SF,IH2011,2020-09-21 09:32:48.300,3340.6000,3,0,3007020.000,0,-,-,-,-,3333.2000,3333.0000,3321.2000,3277.4000,3242.6000,3341.4000,3343.8000,3347.8000,3350.0000,3354.0000,1,1,5,1,1,1,2,5,1,1
SF,IH2011,2020-09-21 09:32:48.800,3340.6000,3,0,3007020.000,0,-,-,-,-,3333.2000,3333.0000,3321.2000,3277.4000,3242.6000,3341.4000,3343.8000,3347.8000,3350.0000,3354.0000,1,1,5,1,1,1,2,5,1,1
SF,IH2011,2020-09-21 09:32:49.300,3340.6000,3,0,3007020.000,0,-,-,-,-,3333.2000,3333.0000,3321.2000,3277.4000,3242.6000,3341.4000,3343.8000,3347.8000,3350.0000,3354.0000,1,1,5,1,1,1,2,5,1,1
SF,IH2011,2020-09-21 09:32:49.800,3340.6000,3,0,3007020.000,0,-,-,-,-,3333.2000,3333.0000,3321.2000,3277.4000,3242.6000,3341.2000,3341.4000,3343.8000,3347.8000,3350.0000,1,1,5,1,1,1,1,2,5,1
SF,IH2011,2020-09-21 09:32:50.300,3340.6000,3,0,3007020.000,0,-,-,-,-,3333.2000,3333.0000,3321.2000,3277.4000,3242.6000,3341.2000,3343.8000,3347.8000,3350.0000,3354.0000,1,1,5,1,1,1,2,5,1,1
SF,IH2011,2020-09-21 09:32:50.800,3340.6000,3,0,3007020.000,0,-,-,-,-,3333.2000,3333.0000,3321.2000,3277.4000,3242.6000,3341.2000,3343.8000,3347.8000,3350.0000,3354.0000,1,1,5,1,1,1,2,5,1,1
SF,IH2011,2020-09-21 09:32:51.300,3340.6000,3,0,3007020.000,0,-,-,-,-,3333.2000,3333.0000,3321.2000,3277.4000,3242.6000,3341.0000,3341.2000,3343.8000,3347.8000,3350.0000,1,1,5,1,1,1,1,2,5,1
SF,IH2011,2020-09-21 09:32:51.800,3340.6000,3,0,3007020.000,0,-,-,-,-,3333.2000,3333.0000,3321.2000,3277.4000,3242.6000,3340.8000,3341.0000,3343.8000,3347.8000,3350.0000,1,1,5,1,1,1,1,2,5,1
SF,IH2011,2020-09-21 09:32:52.300,3340.6000,3,0,3007020.000,0,-,-,-,-,3333.2000,3333.0000,3321.2000,3277.4000,3242.6000,3343.8000,3347.8000,3350.0000,3354.0000,3394.6000,1,1,5,1,1,2,5,1,1,2
SF,IH2011,2020-09-21 09:32:52.800,3340.6000,3,0,3007020.000,0,-,-,-,-,3333.4000,3333.2000,3333.0000,3321.2000,3277.4000,3343.6000,3343.8000,3347.8000,3350.0000,3354.0000,2,1,1,5,1,1,2,5,1,1
SF,IH2011,2020-09-21 09:32:53.300,3340.6000,3,0,3007020.000,0,-,-,-,-,3333.6000,3333.4000,3333.0000,3321.2000,3277.4000,3343.4000,3343.6000,3343.8000,3347.8000,3350.0000,1,1,1,5,1,1,1,2,5,1
SF,IH2011,2020-09-21 09:32:53.800,3340.6000,3,0,3007020.000,0,-,-,-,-,3333.6000,3333.0000,3321.2000,3277.4000,3242.6000,3343.2000,3343.4000,3343.8000,3347.8000,3350.0000,1,1,5,1,1,1,1,2,5,1
SF,IH2011,2020-09-21 09:32:54.300,3340.6000,3,0,3007020.000,0,-,-,-,-,3334.6000,3333.8000,3333.6000,3333.0000,3321.2000,3343.8000,3347.8000,3350.0000,3354.0000,3394.6000,1,1,1,1,5,2,5,1,1,2
SF,IH2011,2020-09-21 09:32:54.800,3340.6000,3,0,3007020.000,0,-,-,-,-,3334.8000,3334.6000,3333.0000,3321.2000,3277.4000,3343.8000,3347.8000,3350.0000,3354.0000,3394.6000,1,1,1,5,1,2,5,1,1,2
SF,IH2011,2020-09-21 09:32:55.300,3340.6000,3,0,3007020.000,0,-,-,-,-,3334.8000,3334.6000,3333.0000,3321.2000,3277.4000,3343.6000,3343.8000,3347.8000,3350.0000,3354.0000,1,1,1,5,1,1,2,5,1,1
SF,IH2011,2020-09-21 09:32:55.800,3340.6000,3,0,3007020.000,0,-,-,-,-,3334.8000,3333.0000,3321.2000,3277.4000,3242.6000,3343.4000,3343.8000,3347.8000,3350.0000,3354.0000,1,1,5,1,1,1,2,5,1,1
SF,IH2011,2020-09-21 09:32:56.300,3340.6000,3,0,3007020.000,0,-,-,-,-,3334.8000,3333.0000,3321.2000,3277.4000,3242.6000,3343.4000,3343.8000,3347.8000,3350.0000,3354.0000,1,1,5,1,1,1,2,5,1,1
SF,IH2011,2020-09-21 09:32:56.800,3340.6000,3,0,3007020.000,0,-,-,-,-,3334.8000,3333.0000,3321.2000,3277.4000,3242.6000,3343.2000,3343.4000,3343.8000,3347.8000,3350.0000,1,1,5,1,1,1,1,2,5,1
SF,IH2011,2020-09-21 09:32:57.300,3340.6000,3,0,3007020.000,0,-,-,-,-,3334.8000,3333.0000,3321.2000,3277.4000,3242.6000,3343.0000,3343.8000,3347.8000,3350.0000,3354.0000,1,1,5,1,1,1,2,5,1,1
SF,IH2011,2020-09-21 09:32:57.800,3340.6000,3,0,3007020.000,0,-,-,-,-,3334.8000,3333.0000,3321.2000,3277.4000,3242.6000,3343.0000,3343.8000,3347.8000,3350.0000,3354.0000,1,1,5,1,1,1,2,5,1,1
SF,IH2011,2020-09-21 09:32:58.300,3340.6000,3,0,3007020.000,0,-,-,-,-,3334.8000,3333.0000,3321.2000,3277.4000,3242.6000,3342.8000,3343.0000,3343.8000,3347.8000,3350.0000,1,1,5,1,1,1,1,2,5,1
SF,IH2011,2020-09-21 09:32:58.800,3340.6000,3,0,3007020.000,0,-,-,-,-,3334.8000,3333.0000,3321.2000,3277.4000,3242.6000,3342.6000,3342.8000,3343.8000,3347.8000,3350.0000,1,1,5,1,1,1,1,2,5,1
SF,IH2011,2020-09-21 09:32:59.300,3342.4000,4,1,4009740.000,1,1,0,双开,S,3334.8000,3333.0000,3321.2000,3277.4000,3242.6000,3342.6000,3343.8000,3347.8000,3350.0000,3354.0000,1,1,5,1,1,1,2,5,1,1
SF,IH2011,2020-09-21 09:32:59.800,3342.4000,4,0,4009740.000,0,-,-,-,-,3334.8000,3333.0000,3321.2000,3277.4000,3242.6000,3343.8000,3347.8000,3350.0000,3354.0000,3394.6000,1,1,5,1,1,2,5,1,1,2
SF,IH2011,2020-09-21 09:33:00.300,3342.4000,4,0,4009740.000,0,-,-,-,-,3334.8000,3333.0000,3321.2000,3277.4000,3242.6000,3343.6000,3343.8000,3347.8000,3350.0000,3354.0000,1,1,5,1,1,2,2,5,1,1
SF,IH2011,2020-09-21 09:33:00.800,3342.4000,4,0,4009740.000,0,-,-,-,-,3334.8000,3333.0000,3321.2000,3277.4000,3242.6000,3343.6000,3343.8000,3347.8000,3350.0000,3354.0000,1,1,5,1,1,1,2,5,1,1
SF,IH2011,2020-09-21 09:33:01.300,3342.4000,4,0,4009740.000,0,-,-,-,-,3334.8000,3333.0000,3321.2000,3277.4000,3242.6000,3343.6000,3343.8000,3347.8000,3350.0000,3354.0000,1,1,5,1,1,1,2,5,1,1
SF,IH2011,2020-09-21 09:33:01.800,3342.4000,4,0,4009740.000,0,-,-,-,-,3334.8000,3333.0000,3321.2000,3277.4000,3242.6000,3343.4000,3343.6000,3343.8000,3347.8000,3350.0000,1,1,5,1,1,1,1,2,5,1
SF,IH2011,2020-09-21 09:33:02.300,3342.4000,4,0,4009740.000,0,-,-,-,-,3334.8000,3333.0000,3321.2000,3277.4000,3242.6000,3343.0000,3343.2000,3343.4000,3343.8000,3347.8000,1,1,5,1,1,1,1,1,2,5
SF,IH2011,2020-09-21 09:33:02.800,3342.4000,4,0,4009740.000,0,-,-,-,-,3334.8000,3333.0000,3321.2000,3277.4000,3242.6000,3342.8000,3343.0000,3347.8000,3350.0000,3354.0000,1,1,5,1,1,1,3,5,1,1
SF,IH2011,2020-09-21 09:33:03.300,3342.4000,4,0,4009740.000,0,-,-,-,-,3334.8000,3333.0000,3321.2000,3277.4000,3242.6000,3342.2000,3343.0000,3347.8000,3350.0000,3354.0000,1,1,5,1,1,2,1,5,1,1
SF,IH2011,2020-09-21 09:33:03.800,3342.4000,4,0,4009740.000,0,-,-,-,-,3335.0000,3334.8000,3333.0000,3321.2000,3277.4000,3342.2000,3347.8000,3350.0000,3354.0000,3394.6000,1,2,1,5,1,2,5,1,1,2
SF,IH2011,2020-09-21 09:33:04.300,3342.4000,4,0,4009740.000,0,-,-,-,-,3335.2000,3335.0000,3333.0000,3321.2000,3277.4000,3342.2000,3350.0000,3351.6000,3354.0000,3394.6000,1,1,1,5,1,2,1,5,1,2
SF,IH2011,2020-09-21 09:33:04.800,3342.4000,4,0,4009740.000,0,-,-,-,-,3335.2000,3335.0000,3333.0000,3321.2000,3277.4000,3342.2000,3350.0000,3351.6000,3354.0000,3394.6000,1,1,1,5,1,2,1,5,1,2
SF,IH2011,2020-09-21 09:33:06.300,3342.4000,4,0,4009740.000,0,-,-,-,-,3335.2000,3333.0000,3321.2000,3277.4000,3242.6000,3342.0000,3342.2000,3350.0000,3351.6000,3354.0000,1,1,5,1,1,1,2,1,5,1
SF,IH2011,2020-09-21 09:33:06.800,3342.4000,4,0,4009740.000,0,-,-,-,-,3335.2000,3333.0000,3321.2000,3277.4000,3242.6000,3341.8000,3342.0000,3342.2000,3350.0000,3351.6000,1,1,5,1,1,1,1,2,1,5
SF,IH2011,2020-09-21 09:33:07.300,3342.4000,4,0,4009740.000,0,-,-,-,-,3335.2000,3333.0000,3321.2000,3277.4000,3242.6000,3341.8000,3342.2000,3350.0000,3351.6000,3354.0000,1,1,5,1,1,1,2,1,5,1
SF,IH2011,2020-09-21 09:33:07.800,3342.4000,4,0,4009740.000,0,-,-,-,-,3335.4000,3335.2000,3333.0000,3321.2000,3277.4000,3342.2000,3350.0000,3351.6000,3354.0000,3394.6000,1,1,1,5,1,2,1,5,1,2
SF,IH2011,2020-09-21 09:33:08.300,3342.4000,4,0,4009740.000,0,-,-,-,-,3335.6000,3335.4000,3333.0000,3321.2000,3277.4000,3342.0000,3342.2000,3350.0000,3351.6000,3354.0000,1,1,1,5,1,1,2,1,5,1
SF,IH2011,2020-09-21 09:33:08.800,3342.4000,4,0,4009740.000,0,-,-,-,-,3335.6000,3335.4000,3333.0000,3321.2000,3277.4000,3342.0000,3342.2000,3350.0000,3351.6000,3354.0000,1,1,1,5,1,1,2,1,5,1
SF,IH2011,2020-09-21 09:33:09.300,3342.4000,4,0,4009740.000,0,-,-,-,-,3335.6000,3335.4000,3333.0000,3321.2000,3277.4000,3341.8000,3342.0000,3350.0000,3351.6000,3354.0000,1,1,1,5,1,3,1,1,5,1
SF,IH2011,2020-09-21 09:33:09.800,3342.4000,4,0,4009740.000,0,-,-,-,-,3335.6000,3335.4000,3333.0000,3321.2000,3277.4000,3341.8000,3350.0000,3351.6000,3354.0000,3394.6000,1,1,1,5,1,3,1,5,1,2
SF,IH2011,2020-09-21 09:33:10.800,3342.4000,4,0,4009740.000,0,-,-,-,-,3335.6000,3335.4000,3333.0000,3321.2000,3277.4000,3341.6000,3341.8000,3350.0000,3351.6000,3354.0000,1,1,1,5,1,1,3,1,5,1
SF,IH2011,2020-09-21 09:33:11.300,3342.4000,4,0,4009740.000,0,-,-,-,-,3335.6000,3335.4000,3333.0000,3321.2000,3277.4000,3341.2000,3341.4000,3350.0000,3351.6000,3354.0000,1,1,1,5,1,2,1,1,5,1
SF,IH2011,2020-09-21 09:33:11.800,3342.4000,4,0,4009740.000,0,-,-,-,-,3335.6000,3335.4000,3333.0000,3321.2000,3277.4000,3341.2000,3350.0000,3351.6000,3354.0000,3394.6000,1,1,1,5,1,2,1,5,1,2
SF,IH2011,2020-09-21 09:33:12.300,3342.4000,4,0,4009740.000,0,-,-,-,-,3335.6000,3335.4000,3333.0000,3321.2000,3277.4000,3341.0000,3341.2000,3350.0000,3351.6000,3354.0000,1,1,1,5,1,1,2,1,5,1
SF,IH2011,2020-09-21 09:33:12.800,3342.4000,4,0,4009740.000,0,-,-,-,-,3335.8000,3335.6000,3335.4000,3333.0000,3321.2000,3341.0000,3341.2000,3350.0000,3351.6000,3354.0000,1,1,1,1,5,1,2,1,5,1
SF,IH2011,2020-09-21 09:33:13.300,3342.4000,4,0,4009740.000,0,-,-,-,-,3336.0000,3335.8000,3335.4000,3333.0000,3321.2000,3340.8000,3341.0000,3350.0000,3351.6000,3354.0000,1,1,1,1,5,2,1,1,5,1
SF,IH2011,2020-09-21 09:33:13.800,3342.4000,4,0,4009740.000,0,-,-,-,-,3336.0000,3335.8000,3335.4000,3333.0000,3321.2000,3340.8000,3350.0000,3351.6000,3354.0000,3394.6000,1,1,1,1,5,2,1,5,1,2
SF,IH2011,2020-09-21 09:33:14.300,3342.4000,4,0,4009740.000,0,-,-,-,-,3336.0000,3335.8000,3335.4000,3333.0000,3321.2000,3340.8000,3350.0000,3351.6000,3354.0000,3394.6000,1,1,1,1,5,2,1,5,1,2
SF,IH2011,2020-09-21 09:33:14.800,3342.4000,4,0,4009740.000,0,-,-,-,-,3336.0000,3335.8000,3335.4000,3333.0000,3321.2000,3340.6000,3340.8000,3350.0000,3351.6000,3354.0000,1,1,1,1,5,1,2,1,5,1
SF,IH2011,2020-09-21 09:33:15.300,3342.4000,4,0,4009740.000,0,-,-,-,-,3336.0000,3335.8000,3333.0000,3321.2000,3277.4000,3340.8000,3350.0000,3351.6000,3354.0000,3394.6000,1,1,1,5,1,2,1,5,1,2
SF,IH2011,2020-09-21 09:33:16.300,3342.4000,4,0,4009740.000,0,-,-,-,-,3336.0000,3333.0000,3321.2000,3277.4000,3242.6000,3340.6000,3340.8000,3350.0000,3351.6000,3354.0000,1,1,5,1,1,1,2,1,5,1
SF,IH2011,2020-09-21 09:33:16.800,3342.4000,4,0,4009740.000,0,-,-,-,-,3333.0000,3321.2000,3277.4000,3242.6000,3242.2000,3340.2000,3340.4000,3350.0000,3351.6000,3354.0000,1,5,1,1,1,2,1,1,5,1
SF,IH2011,2020-09-21 09:33:17.300,3342.4000,4,0,4009740.000,0,-,-,-,-,3333.2000,3333.0000,3321.2000,3277.4000,3242.6000,3340.0000,3340.2000,3350.0000,3351.6000,3354.0000,1,1,5,1,1,1,2,1,5,1
SF,IH2011,2020-09-21 09:33:17.800,3342.4000,4,0,4009740.000,0,-,-,-,-,3333.2000,3333.0000,3321.2000,3277.4000,3242.6000,3339.8000,3340.0000,3340.2000,3350.0000,3351.6000,1,1,5,1,1,1,1,2,1,5
SF,IH2011,2020-09-21 09:33:18.300,3342.4000,4,0,4009740.000,0,-,-,-,-,3333.2000,3333.0000,3321.2000,3277.4000,3242.6000,3339.6000,3339.8000,3340.2000,3350.0000,3351.6000,1,1,5,1,1,1,1,2,1,5
SF,IH2011,2020-09-21 09:33:18.800,3342.4000,4,0,4009740.000,0,-,-,-,-,3333.2000,3333.0000,3321.2000,3277.4000,3242.6000,3339.6000,3340.2000,3350.0000,3351.6000,3354.0000,1,1,5,1,1,1,2,1,5,1
SF,IH2011,2020-09-21 09:33:19.300,3342.4000,4,0,4009740.000,0,-,-,-,-,3333.2000,3333.0000,3321.2000,3277.4000,3242.6000,3339.6000,3340.2000,3350.0000,3351.6000,3354.0000,1,1,5,1,1,1,2,1,5,1
SF,IH2011,2020-09-21 09:33:19.800,3342.4000,4,0,4009740.000,0,-,-,-,-,3333.2000,3333.0000,3321.2000,3277.4000,3242.6000,3339.2000,3339.4000,3339.6000,3350.0000,3351.6000,1,1,5,1,1,2,4,1,1,5
SF,IH2011,2020-09-21 09:33:20.300,3342.4000,4,0,4009740.000,0,-,-,-,-,3333.2000,3333.0000,3321.2000,3277.4000,3242.6000,3339.2000,3350.0000,3351.6000,3354.0000,3394.6000,1,1,5,1,1,2,1,5,1,2
SF,IH2011,2020-09-21 09:33:21.800,3342.4000,4,0,4009740.000,0,-,-,-,-,3333.4000,3333.2000,3333.0000,3321.2000,3277.4000,3350.0000,3351.6000,3354.0000,3394.6000,3416.6000,1,1,1,5,1,1,5,1,2,1
SF,IH2011,2020-09-21 09:33:22.300,3342.4000,4,0,4009740.000,0,-,-,-,-,3334.0000,3333.6000,3333.4000,3333.0000,3321.2000,3349.8000,3350.0000,3351.6000,3354.0000,3394.6000,2,1,1,1,5,4,1,5,1,2
SF,IH2011,2020-09-21 09:33:22.800,3342.4000,4,0,4009740.000,0,-,-,-,-,3334.2000,3334.0000,3333.4000,3333.0000,3321.2000,3349.8000,3350.0000,3351.6000,3354.0000,3394.6000,1,2,1,1,5,4,1,5,1,2
SF,IH2011,2020-09-21 09:33:23.300,3342.4000,4,0,4009740.000,0,-,-,-,-,3334.2000,3334.0000,3333.0000,3321.2000,3277.4000,3349.8000,3350.0000,3351.6000,3354.0000,3394.6000,1,2,1,5,1,3,1,5,1,2
SF,IH2011,2020-09-21 09:33:23.800,3342.4000,4,0,4009740.000,0,-,-,-,-,3334.2000,3334.0000,3333.0000,3321.2000,3277.4000,3342.8000,3349.8000,3350.0000,3351.6000,3354.0000,1,2,1,5,1,1,3,1,5,1
SF,IH2011,2020-09-21 09:33:24.300,3342.4000,4,0,4009740.000,0,-,-,-,-,3334.2000,3333.0000,3321.2000,3277.4000,3242.2000,3342.8000,3349.8000,3350.0000,3351.6000,3354.0000,1,1,5,1,1,1,1,1,5,1
SF,IH2011,2020-09-21 09:33:24.800,3342.4000,4,0,4009740.000,0,-,-,-,-,3334.2000,3333.0000,3321.2000,3277.4000,3242.2000,3342.2000,3342.6000,3342.8000,3350.0000,3351.6000,1,1,5,1,1,2,1,1,1,5
SF,IH2011,2020-09-21 09:33:25.300,3342.4000,4,0,4009740.000,0,-,-,-,-,3334.2000,3333.0000,3321.2000,3277.4000,3242.2000,3342.0000,3342.2000,3342.8000,3350.0000,3351.6000,1,1,5,1,1,1,2,1,1,5
SF,IH2011,2020-09-21 09:33:25.800,3342.4000,4,0,4009740.000,0,-,-,-,-,3334.2000,3333.0000,3321.2000,3277.4000,3242.2000,3342.0000,3342.2000,3350.0000,3351.6000,3354.0000,1,1,5,1,1,1,2,1,5,1
SF,IH2011,2020-09-21 09:33:26.300,3342.4000,4,0,4009740.000,0,-,-,-,-,3334.2000,3333.0000,3321.2000,3277.4000,3242.2000,3342.0000,3342.2000,3350.0000,3351.6000,3354.0000,2,1,5,1,1,1,2,1,5,1
SF,IH2011,2020-09-21 09:33:26.800,3342.4000,4,0,4009740.000,0,-,-,-,-,3335.6000,3334.2000,3333.0000,3321.2000,3277.4000,3342.0000,3342.2000,3350.0000,3351.6000,3354.0000,1,2,1,5,1,1,2,1,5,1
SF,IH2011,2020-09-21 09:33:27.300,3342.4000,4,0,4009740.000,0,-,-,-,-,3335.8000,3335.6000,3334.2000,3333.0000,3321.2000,3341.8000,3342.0000,3350.0000,3351.6000,3354.0000,1,1,1,1,5,2,1,1,5,1
SF,IH2011,2020-09-21 09:33:27.800,3342.4000,4,0,4009740.000,0,-,-,-,-,3335.8000,3335.6000,3334.2000,3333.0000,3321.2000,3341.8000,3350.0000,3351.6000,3354.0000,3394.6000,1,1,1,1,5,1,1,5,1,2
SF,IH2011,2020-09-21 09:33:28.300,3342.4000,4,0,4009740.000,0,-,-,-,-,3335.8000,3335.6000,3334.2000,3333.0000,3321.2000,3341.8000,3350.0000,3351.6000,3354.0000,3394.6000,1,1,1,1,5,1,1,5,1,2
SF,IH2011,2020-09-21 09:33:28.800,3342.4000,4,0,4009740.000,0,-,-,-,-,3335.8000,3335.6000,3334.2000,3333.0000,3321.2000,3341.6000,3341.8000,3350.0000,3351.6000,3354.0000,1,1,1,1,5,1,1,1,5,1
SF,IH2011,2020-09-21 09:33:29.300,3342.4000,4,0,4009740.000,0,-,-,-,-,3335.8000,3335.6000,3334.2000,3333.0000,3321.2000,3341.8000,3350.0000,3351.6000,3354.0000,3394.6000,1,1,1,1,5,1,1,5,1,2
SF,IH2011,2020-09-21 09:33:29.800,3342.4000,4,0,4009740.000,0,-,-,-,-,3335.8000,3334.2000,3333.0000,3321.2000,3277.4000,3341.0000,3350.0000,3351.6000,3354.0000,3394.6000,1,1,1,5,1,2,1,5,1,2
SF,IH2011,2020-09-21 09:33:30.300,3342.4000,4,0,4009740.000,0,-,-,-,-,3335.8000,3334.2000,3333.0000,3321.2000,3277.4000,3340.8000,3341.0000,3350.0000,3351.6000,3354.0000,1,1,1,5,1,1,2,1,5,1
SF,IH2011,2020-09-21 09:33:30.800,3342.4000,4,0,4009740.000,0,-,-,-,-,3335.8000,3334.2000,3333.0000,3321.2000,3277.4000,3340.2000,3340.8000,3350.0000,3351.6000,3354.0000,1,1,1,5,1,2,1,1,5,1
SF,IH2011,2020-09-21 09:33:31.300,3342.4000,4,0,4009740.000,0,-,-,-,-,3335.8000,3334.2000,3333.0000,3321.2000,3277.4000,3340.0000,3340.2000,3350.0000,3351.6000,3354.0000,1,1,1,5,1,1,2,1,5,1
SF,IH2011,2020-09-21 09:33:31.800,3342.4000,4,0,4009740.000,0,-,-,-,-,3335.8000,3334.2000,3333.0000,3321.2000,3277.4000,3340.0000,3340.2000,3350.0000,3351.6000,3354.0000,1,1,1,5,1,1,2,1,5,1
SF,IH2011,2020-09-21 09:33:32.300,3342.4000,4,0,4009740.000,0,-,-,-,-,3335.8000,3334.2000,3333.0000,3321.2000,3277.4000,3339.6000,3339.8000,3340.0000,3350.0000,3351.6000,1,1,1,5,1,2,1,1,1,5
SF,IH2011,2020-09-21 09:33:32.800,3342.4000,4,0,4009740.000,0,-,-,-,-,3335.8000,3334.2000,3333.0000,3321.2000,3277.4000,3339.6000,3350.0000,3351.6000,3354.0000,3394.6000,1,1,1,5,1,2,1,5,1,2
SF,IH2011,2020-09-21 09:33:33.800,3342.4000,4,0,4009740.000,0,-,-,-,-,3335.8000,3334.2000,3333.0000,3321.2000,3277.4000,3339.4000,3339.6000,3350.0000,3351.6000,3354.0000,1,1,1,5,1,1,2,1,5,1
SF,IH2011,2020-09-21 09:33:34.300,3342.4000,4,0,4009740.000,0,-,-,-,-,3335.8000,3334.2000,3333.0000,3321.2000,3277.4000,3339.4000,3339.6000,3350.0000,3351.6000,3354.0000,1,1,1,5,1,1,2,1,5,1
SF,IH2011,2020-09-21 09:33:34.800,3342.4000,4,0,4009740.000,0,-,-,-,-,3335.8000,3334.2000,3333.0000,3321.2000,3277.4000,3339.0000,3339.4000,3350.0000,3351.6000,3354.0000,1,1,1,5,1,2,1,1,5,1
SF,IH2011,2020-09-21 09:33:35.300,3342.4000,4,0,4009740.000,0,-,-,-,-,3335.8000,3334.2000,3333.0000,3321.2000,3277.4000,3339.0000,3350.0000,3351.6000,3354.0000,3394.6000,1,1,1,5,1,2,1,5,1,2
SF,IH2011,2020-09-21 09:33:35.800,3342.4000,4,0,4009740.000,0,-,-,-,-,3335.8000,3334.2000,3333.0000,3321.2000,3277.4000,3339.0000,3350.0000,3351.6000,3354.0000,3394.6000,1,1,1,5,1,2,1,5,1,2
SF,IH2011,2020-09-21 09:33:36.300,3342.4000,4,0,4009740.000,0,-,-,-,-,3335.8000,3334.2000,3333.0000,3321.2000,3277.4000,3339.0000,3350.0000,3351.6000,3354.0000,3394.6000,1,1,1,5,1,2,1,5,1,2
SF,IH2011,2020-09-21 09:33:36.800,3342.4000,4,0,4009740.000,0,-,-,-,-,3335.8000,3334.2000,3333.0000,3321.2000,3277.4000,3350.0000,3351.6000,3354.0000,3394.6000,3416.6000,1,1,1,5,1,1,5,1,2,1
SF,IH2011,2020-09-21 09:33:37.300,3342.4000,4,0,4009740.000,0,-,-,-,-,3335.8000,3334.2000,3333.0000,3321.2000,3277.4000,3349.8000,3350.0000,3351.6000,3354.0000,3394.6000,1,1,1,5,1,3,1,5,1,2
SF,IH2011,2020-09-21 09:33:37.800,3342.4000,4,0,4009740.000,0,-,-,-,-,3335.8000,3334.2000,3333.0000,3321.2000,3277.4000,3349.8000,3350.0000,3351.6000,3354.0000,3394.6000,1,1,1,5,1,3,1,5,1,2
SF,IH2011,2020-09-21 09:33:38.300,3342.4000,4,0,4009740.000,0,-,-,-,-,3335.8000,3334.2000,3333.0000,3321.2000,3277.4000,3349.8000,3350.0000,3351.6000,3354.0000,3394.6000,1,1,1,5,1,3,1,5,1,2
SF,IH2011,2020-09-21 09:33:38.800,3342.4000,4,0,4009740.000,0,-,-,-,-,3335.8000,3334.2000,3333.0000,3321.2000,3277.4000,3349.8000,3350.0000,3351.6000,3354.0000,3394.6000,1,1,1,5,1,2,1,5,1,2
SF,IH2011,2020-09-21 09:33:39.300,3342.4000,4,0,4009740.000,0,-,-,-,-,3335.8000,3334.2000,3333.0000,3321.2000,3277.4000,3346.0000,3348.4000,3349.8000,3350.0000,3351.6000,1,1,1,5,1,1,1,2,1,5
SF,IH2011,2020-09-21 09:33:39.800,3342.4000,4,0,4009740.000,0,-,-,-,-,3335.8000,3334.2000,3333.0000,3321.2000,3277.4000,3345.8000,3346.0000,3348.4000,3350.0000,3351.6000,1,1,1,5,1,1,2,1,1,5
SF,IH2011,2020-09-21 09:33:40.300,3342.4000,4,0,4009740.000,0,-,-,-,-,3335.8000,3334.2000,3333.0000,3321.2000,3277.4000,3341.4000,3345.8000,3346.0000,3348.4000,3350.0000,1,1,1,5,1,2,1,2,1,1
SF,IH2011,2020-09-21 09:33:40.800,3342.4000,4,0,4009740.000,0,-,-,-,-,3335.8000,3334.2000,3333.0000,3321.2000,3277.4000,3341.2000,3341.4000,3344.0000,3345.4000,3345.8000,1,1,1,5,1,1,2,1,1,1
SF,IH2011,2020-09-21 09:33:41.300,3342.4000,4,0,4009740.000,0,-,-,-,-,3335.8000,3334.2000,3333.0000,3321.2000,3277.4000,3341.4000,3344.0000,3345.4000,3345.8000,3346.0000,1,1,1,5,1,2,1,1,1,1
SF,IH2011,2020-09-21 09:33:41.800,3342.4000,4,0,4009740.000,0,-,-,-,-,3335.8000,3334.2000,3333.0000,3321.2000,3277.4000,3341.4000,3344.0000,3345.8000,3350.0000,3351.6000,1,1,1,5,1,2,1,1,1,5
SF,IH2011,2020-09-21 09:33:42.800,3342.4000,4,0,4009740.000,0,-,-,-,-,3335.8000,3334.2000,3333.0000,3321.2000,3277.4000,3341.2000,3341.4000,3344.0000,3345.8000,3350.0000,1,1,1,5,1,1,2,1,1,1
SF,IH2011,2020-09-21 09:33:43.300,3342.4000,4,0,4009740.000,0,-,-,-,-,3335.8000,3334.2000,3333.0000,3321.2000,3277.4000,3341.4000,3344.0000,3345.8000,3350.0000,3351.6000,1,1,1,5,1,2,1,1,1,5
SF,IH2011,2020-09-21 09:33:43.800,3342.4000,4,0,4009740.000,0,-,-,-,-,3335.8000,3334.2000,3333.0000,3321.2000,3277.4000,3341.4000,3344.0000,3345.8000,3350.0000,3351.6000,1,1,1,5,1,2,1,1,1,5
SF,IH2011,2020-09-21 09:33:44.300,3342.4000,4,0,4009740.000,0,-,-,-,-,3335.8000,3334.2000,3333.0000,3321.2000,3277.4000,3341.2000,3341.4000,3345.8000,3350.0000,3351.6000,1,1,1,5,1,2,2,1,1,5
SF,IH2011,2020-09-21 09:33:44.800,3335.8000,5,1,5010480.000,1,1,0,双开,S,3334.2000,3333.0000,3321.2000,3277.4000,3242.2000,3341.2000,3341.4000,3345.8000,3350.0000,3351.6000,1,1,5,1,1,1,2,1,1,5
SF,IH2011,2020-09-21 09:33:45.300,3335.8000,5,0,5010480.000,0,-,-,-,-,3336.0000,3334.4000,3334.2000,3333.0000,3321.2000,3341.0000,3341.2000,3341.4000,3350.0000,3351.6000,1,1,1,1,5,1,1,2,1,5
SF,IH2011,2020-09-21 09:33:45.800,3335.8000,5,0,5010480.000,0,-,-,-,-,3336.2000,3336.0000,3334.2000,3333.0000,3321.2000,3340.6000,3340.8000,3341.4000,3350.0000,3351.6000,1,1,1,1,5,1,1,2,1,5
SF,IH2011,2020-09-21 09:33:46.300,3335.8000,5,0,5010480.000,0,-,-,-,-,3336.2000,3336.0000,3334.2000,3333.0000,3321.2000,3341.4000,3350.0000,3351.6000,3354.0000,3394.6000,1,1,1,1,5,2,1,5,1,2
SF,IH2011,2020-09-21 09:33:46.800,3335.8000,5,0,5010480.000,0,-,-,-,-,3336.2000,3336.0000,3334.2000,3333.0000,3321.2000,3341.4000,3350.0000,3351.6000,3354.0000,3394.6000,1,1,1,1,5,2,1,5,1,2
SF,IH2011,2020-09-21 09:33:47.300,3335.8000,5,0,5010480.000,0,-,-,-,-,3336.2000,3336.0000,3334.2000,3333.0000,3321.2000,3341.2000,3341.4000,3350.0000,3351.6000,3354.0000,1,1,1,1,5,1,2,1,5,1
SF,IH2011,2020-09-21 09:33:47.800,3335.8000,5,0,5010480.000,0,-,-,-,-,3336.2000,3336.0000,3334.2000,3333.0000,3321.2000,3341.4000,3350.0000,3351.6000,3354.0000,3394.6000,1,1,1,1,5,2,1,5,1,2
SF,IH2011,2020-09-21 09:33:48.300,3335.8000,5,0,5010480.000,0,-,-,-,-,3336.2000,3336.0000,3334.2000,3333.0000,3321.2000,3341.4000,3350.0000,3351.6000,3354.0000,3394.6000,1,1,1,1,5,2,1,5,1,2
SF,IH2011,2020-09-21 09:33:48.800,3335.8000,5,0,5010480.000,0,-,-,-,-,3336.4000,3336.2000,3336.0000,3334.2000,3333.0000,3341.2000,3341.4000,3350.0000,3351.6000,3354.0000,1,1,1,1,1,1,2,1,5,1
SF,IH2011,2020-09-21 09:33:49.300,3335.8000,5,0,5010480.000,0,-,-,-,-,3336.6000,3336.4000,3336.0000,3334.2000,3333.0000,3341.4000,3350.0000,3351.6000,3354.0000,3394.6000,1,1,1,1,1,2,1,5,1,2
SF,IH2011,2020-09-21 09:33:49.800,3335.8000,5,0,5010480.000,0,-,-,-,-,3336.6000,3336.4000,3336.0000,3334.2000,3333.0000,3341.4000,3350.0000,3351.6000,3354.0000,3394.6000,1,1,1,1,1,2,1,5,1,2
SF,IH2011,2020-09-21 09:33:50.300,3335.8000,5,0,5010480.000,0,-,-,-,-,3336.6000,3336.4000,3336.0000,3334.2000,3333.0000,3341.2000,3341.4000,3350.0000,3351.6000,3354.0000,1,1,1,1,1,1,2,1,5,1
SF,IH2011,2020-09-21 09:33:50.800,3335.8000,5,0,5010480.000,0,-,-,-,-,3336.6000,3336.4000,3336.0000,3334.2000,3333.0000,3341.4000,3350.0000,3351.6000,3354.0000,3394.6000,1,1,1,1,1,2,1,5,1,2
SF,IH2011,2020-09-21 09:33:51.300,3335.8000,5,0,5010480.000,0,-,-,-,-,3336.6000,3336.4000,3336.0000,3334.2000,3333.0000,3341.4000,3350.0000,3351.6000,3354.0000,3394.6000,1,1,1,1,1,2,1,5,1,2
SF,IH2011,2020-09-21 09:33:51.800,3335.8000,5,0,5010480.000,0,-,-,-,-,3336.6000,3336.4000,3336.0000,3334.2000,3333.0000,3341.2000,3341.4000,3350.0000,3351.6000,3354.0000,1,1,1,1,1,1,2,1,5,1
SF,IH2011,2020-09-21 09:33:52.300,3335.8000,5,0,5010480.000,0,-,-,-,-,3336.6000,3336.0000,3334.2000,3333.0000,3321.2000,3341.4000,3350.0000,3351.6000,3354.0000,3394.6000,1,1,1,1,5,2,1,5,1,2
SF,IH2011,2020-09-21 09:33:52.800,3335.8000,5,0,5010480.000,0,-,-,-,-,3336.6000,3336.0000,3334.2000,3333.0000,3321.2000,3341.4000,3350.0000,3351.6000,3354.0000,3394.6000,1,1,1,1,5,2,1,5,1,2
SF,IH2011,2020-09-21 09:33:53.300,3335.8000,5,0,5010480.000,0,-,-,-,-,3336.6000,3336.0000,3334.2000,3333.0000,3321.2000,3341.2000,3341.4000,3350.0000,3351.6000,3354.0000,1,1,1,1,5,1,2,1,5,1
SF,IH2011,2020-09-21 09:33:53.800,3335.8000,5,0,5010480.000,0,-,-,-,-,3336.6000,3336.0000,3334.2000,3333.0000,3321.2000,3341.4000,3350.0000,3351.6000,3354.0000,3394.6000,1,1,1,1,5,2,1,5,1,2
SF,IH2011,2020-09-21 09:33:54.300,3335.8000,5,0,5010480.000,0,-,-,-,-,3336.6000,3336.0000,3334.2000,3333.0000,3321.2000,3340.0000,3350.0000,3351.6000,3354.0000,3394.6000,1,1,1,1,5,1,1,5,1,2
SF,IH2011,2020-09-21 09:33:54.800,3335.8000,5,0,5010480.000,0,-,-,-,-,3336.6000,3336.0000,3334.2000,3333.0000,3321.2000,3340.0000,3350.0000,3351.6000,3354.0000,3394.6000,1,1,1,1,5,1,1,5,1,2
SF,IH2011,2020-09-21 09:33:55.300,3335.8000,5,0,5010480.000,0,-,-,-,-,3336.6000,3336.0000,3334.2000,3333.0000,3321.2000,3340.0000,3350.0000,3351.6000,3354.0000,3394.6000,1,1,1,1,5,1,1,5,1,2
SF,IH2011,2020-09-21 09:33:55.800,3335.8000,5,0,5010480.000,0,-,-,-,-,3336.6000,3336.0000,3334.2000,3333.0000,3321.2000,3340.0000,3350.0000,3351.6000,3354.0000,3394.6000,1,1,1,1,5,1,1,5,1,2
SF,IH2011,2020-09-21 09:33:56.300,3335.8000,5,0,5010480.000,0,-,-,-,-,3336.6000,3336.0000,3334.2000,3333.0000,3321.2000,3339.8000,3340.0000,3350.0000,3351.6000,3354.0000,1,1,1,1,5,1,1,1,5,1
SF,IH2011,2020-09-21 09:33:57.800,3335.8000,5,0,5010480.000,0,-,-,-,-,3336.6000,3336.0000,3334.2000,3333.0000,3321.2000,3339.4000,3339.8000,3350.0000,3351.6000,3354.0000,1,1,1,1,5,1,1,1,5,1
SF,IH2011,2020-09-21 09:33:58.300,3335.8000,5,0,5010480.000,0,-,-,-,-,3336.6000,3336.0000,3334.2000,3333.0000,3321.2000,3339.4000,3339.8000,3350.0000,3351.6000,3354.0000,1,1,1,1,5,1,1,1,5,1
SF,IH2011,2020-09-21 09:33:58.800,3335.8000,5,0,5010480.000,0,-,-,-,-,3336.6000,3336.0000,3334.2000,3333.0000,3321.2000,3339.4000,3339.8000,3350.0000,3351.6000,3354.0000,1,1,1,1,5,1,1,1,5,1
SF,IH2011,2020-09-21 09:33:59.300,3335.8000,5,0,5010480.000,0,-,-,-,-,3336.6000,3336.0000,3334.2000,3333.0000,3321.2000,3339.4000,3350.0000,3351.6000,3354.0000,3394.6000,1,1,1,1,5,1,1,5,1,2
SF,IH2011,2020-09-21 09:33:59.800,3335.8000,5,0,5010480.000,0,-,-,-,-,3336.6000,3336.0000,3334.2000,3333.0000,3321.2000,3339.4000,3350.0000,3351.6000,3354.0000,3394.6000,1,1,1,1,5,1,1,5,1,2
SF,IH2011,2020-09-21 09:34:00.300,3335.8000,5,0,5010480.000,0,-,-,-,-,3336.6000,3336.0000,3334.2000,3333.0000,3321.2000,3339.2000,3339.4000,3350.0000,3351.6000,3354.0000,1,1,1,1,5,1,1,1,5,1
SF,IH2011,2020-09-21 09:34:00.800,3335.8000,5,0,5010480.000,0,-,-,-,-,3336.6000,3336.0000,3334.2000,3333.0000,3321.2000,3339.4000,3350.0000,3351.6000,3354.0000,3358.0000,1,1,1,1,5,1,1,5,1,1
SF,IH2011,2020-09-21 09:34:01.800,3335.8000,5,0,5010480.000,0,-,-,-,-,3336.6000,3336.0000,3334.2000,3333.0000,3321.2000,3339.2000,3339.4000,3350.0000,3351.6000,3354.0000,1,1,1,1,5,1,1,1,5,1
SF,IH2011,2020-09-21 09:34:02.300,3335.8000,5,0,5010480.000,0,-,-,-,-,3336.6000,3336.0000,3334.2000,3333.0000,3321.2000,3339.4000,3350.0000,3351.6000,3354.0000,3358.0000,1,1,1,1,5,1,1,5,1,1
SF,IH2011,2020-09-21 09:34:02.800,3335.8000,5,0,5010480.000,0,-,-,-,-,3336.6000,3336.0000,3334.2000,3333.0000,3321.2000,3339.4000,3350.0000,3351.6000,3354.0000,3358.0000,1,1,1,1,5,1,1,5,1,1
SF,IH2011,2020-09-21 09:34:03.300,3335.8000,5,0,5010480.000,0,-,-,-,-,3336.6000,3336.0000,3334.2000,3333.0000,3321.2000,3339.2000,3339.4000,3350.0000,3351.6000,3354.0000,1,1,1,1,5,1,1,1,5,1
SF,IH2011,2020-09-21 09:34:03.800,3335.8000,5,0,5010480.000,0,-,-,-,-,3336.6000,3336.0000,3334.2000,3333.0000,3321.2000,3339.4000,3350.0000,3351.6000,3354.0000,3358.0000,1,1,1,1,5,1,1,5,1,1
SF,IH2011,2020-09-21 09:34:04.800,3335.8000,5,0,5010480.000,0,-,-,-,-,3336.6000,3336.0000,3334.2000,3333.0000,3321.2000,3339.2000,3339.4000,3350.0000,3351.6000,3354.0000,1,1,1,1,5,1,1,1,5,1
SF,IH2011,2020-09-21 09:34:05.300,3335.8000,5,0,5010480.000,0,-,-,-,-,3336.0000,3334.2000,3333.0000,3321.2000,3318.0000,3339.4000,3350.0000,3351.6000,3354.0000,3358.0000,1,1,1,5,1,1,1,5,1,1
SF,IH2011,2020-09-21 09:34:05.800,3335.8000,5,0,5010480.000,0,-,-,-,-,3336.2000,3336.0000,3334.2000,3333.0000,3321.2000,3339.4000,3350.0000,3351.6000,3354.0000,3358.0000,1,1,1,1,5,1,1,5,1,1
SF,IH2011,2020-09-21 09:34:06.300,3335.8000,5,0,5010480.000,0,-,-,-,-,3336.2000,3336.0000,3334.2000,3333.0000,3321.2000,3339.2000,3339.4000,3344.0000,3350.0000,3354.0000,1,1,1,1,5,1,1,5,1,1
SF,IH2011,2020-09-21 09:34:06.800,3335.8000,5,0,5010480.000,0,-,-,-,-,3336.2000,3336.0000,3334.2000,3333.0000,3321.2000,3339.4000,3344.0000,3350.0000,3354.0000,3358.0000,1,1,1,1,5,1,5,1,1,1
SF,IH2011,2020-09-21 09:34:07.300,3335.8000,6,1,6011220.000,1,1,0,双开,S,3334.2000,3333.0000,3321.2000,3318.0000,3277.4000,3344.0000,3350.0000,3354.0000,3358.0000,3394.6000,1,1,5,1,1,5,1,1,1,2
SF,IH2011,2020-09-21 09:34:07.800,3335.8000,6,0,6011220.000,0,-,-,-,-,3334.2000,3333.0000,3321.2000,3318.0000,3277.4000,3343.8000,3344.0000,3350.0000,3354.0000,3358.0000,1,1,5,1,1,2,5,1,1,1
SF,IH2011,2020-09-21 09:34:08.300,3335.8000,6,0,6011220.000,0,-,-,-,-,3334.2000,3333.0000,3318.0000,3317.4000,3277.4000,3343.8000,3344.0000,3350.0000,3354.0000,3358.0000,1,1,1,5,1,2,5,1,1,1
SF,IH2011,2020-09-21 09:34:08.800,3335.8000,6,0,6011220.000,0,-,-,-,-,3334.2000,3333.0000,3318.0000,3317.4000,3277.4000,3343.6000,3343.8000,3344.0000,3350.0000,3354.0000,1,1,1,5,1,1,2,5,1,1
SF,IH2011,2020-09-21 09:34:09.300,3335.8000,6,0,6011220.000,0,-,-,-,-,3334.2000,3333.0000,3318.0000,3317.4000,3277.4000,3343.4000,3343.6000,3344.0000,3350.0000,3354.0000,1,1,1,5,1,1,1,5,1,1
SF,IH2011,2020-09-21 09:34:09.800,3335.8000,6,0,6011220.000,0,-,-,-,-,3334.4000,3334.2000,3333.0000,3318.0000,3317.4000,3343.4000,3343.6000,3344.0000,3350.0000,3354.0000,1,1,1,1,5,1,1,5,1,1
SF,IH2011,2020-09-21 09:34:10.300,3335.8000,6,0,6011220.000,0,-,-,-,-,3334.4000,3334.2000,3333.0000,3318.0000,3317.4000,3340.4000,3343.2000,3343.4000,3343.6000,3344.0000,1,1,1,1,5,1,1,1,1,5
SF,IH2011,2020-09-21 09:34:10.800,3335.8000,6,0,6011220.000,0,-,-,-,-,3334.4000,3334.2000,3333.0000,3318.0000,3317.4000,3340.4000,3341.4000,3343.4000,3343.6000,3344.0000,1,1,1,1,5,1,1,1,1,5
SF,IH2011,2020-09-21 09:34:11.300,3335.8000,6,0,6011220.000,0,-,-,-,-,3334.4000,3334.2000,3333.0000,3318.0000,3317.4000,3340.0000,3340.2000,3341.4000,3343.6000,3344.0000,1,1,1,1,5,1,1,1,1,5
SF,IH2011,2020-09-21 09:34:11.800,3335.8000,6,0,6011220.000,0,-,-,-,-,3334.4000,3334.2000,3333.0000,3318.0000,3317.4000,3339.6000,3339.8000,3340.0000,3343.6000,3344.0000,1,1,1,1,5,1,2,1,1,5
SF,IH2011,2020-09-21 09:34:12.300,3335.8000,6,0,6011220.000,0,-,-,-,-,3334.4000,3334.2000,3333.0000,3318.0000,3317.4000,3339.4000,3339.6000,3340.0000,3342.2000,3343.6000,1,1,1,1,5,1,1,1,1,1
SF,IH2011,2020-09-21 09:34:12.800,3335.8000,6,0,6011220.000,0,-,-,-,-,3334.4000,3334.2000,3333.0000,3318.0000,3317.4000,3339.4000,3339.6000,3342.2000,3343.6000,3344.0000,1,1,1,1,5,1,1,1,1,5
SF,IH2011,2020-09-21 09:34:13.300,3339.2000,7,1,7012980.000,1,1,0,双开,S,3334.4000,3334.2000,3333.0000,3318.0000,3317.4000,3339.2000,3339.4000,3339.6000,3342.2000,3343.6000,1,1,1,1,5,1,1,1,1,1
SF,IH2011,2020-09-21 09:34:13.800,3339.2000,7,0,7012980.000,0,-,-,-,-,3334.4000,3334.2000,3333.0000,3318.0000,3317.4000,3339.4000,3339.6000,3342.2000,3343.6000,3344.0000,1,1,1,1,5,1,1,1,1,5
SF,IH2011,2020-09-21 09:34:14.300,3339.2000,7,0,7012980.000,0,-,-,-,-,3334.4000,3334.2000,3333.0000,3318.0000,3317.4000,3338.6000,3339.2000,3339.4000,3342.2000,3343.6000,1,1,1,1,5,1,1,1,1,1
SF,IH2011,2020-09-21 09:34:14.800,3339.2000,7,0,7012980.000,0,-,-,-,-,3334.4000,3334.2000,3333.0000,3318.0000,3317.4000,3338.4000,3338.6000,3339.2000,3339.4000,3342.2000,1,1,1,1,5,1,1,1,1,1
SF,IH2011,2020-09-21 09:34:15.300,3339.2000,7,0,7012980.000,0,-,-,-,-,3334.4000,3334.2000,3333.0000,3318.0000,3317.4000,3338.4000,3338.6000,3339.4000,3342.2000,3343.6000,1,1,1,1,5,1,1,1,1,1
SF,IH2011,2020-09-21 09:34:15.800,3339.2000,7,0,7012980.000,0,-,-,-,-,3334.2000,3333.0000,3318.0000,3317.4000,3277.4000,3338.0000,3338.2000,3338.4000,3342.2000,3343.6000,1,1,1,5,1,1,1,1,1,1
SF,IH2011,2020-09-21 09:34:16.300,3339.2000,7,0,7012980.000,0,-,-,-,-,3334.2000,3333.0000,3318.0000,3317.4000,3277.4000,3337.8000,3338.0000,3342.2000,3343.6000,3344.0000,1,1,1,5,1,1,2,1,1,5
SF,IH2011,2020-09-21 09:34:16.800,3339.2000,7,0,7012980.000,0,-,-,-,-,3334.2000,3333.0000,3318.0000,3317.4000,3277.4000,3337.8000,3338.0000,3343.6000,3344.0000,3350.0000,1,1,1,5,1,1,2,1,5,1
SF,IH2011,2020-09-21 09:34:17.300,3339.2000,7,0,7012980.000,0,-,-,-,-,3334.2000,3333.0000,3318.0000,3317.4000,3277.4000,3337.6000,3337.8000,3338.0000,3343.6000,3344.0000,1,1,1,5,1,1,1,2,1,5
SF,IH2011,2020-09-21 09:34:17.800,3339.2000,7,0,7012980.000,0,-,-,-,-,3334.2000,3333.0000,3318.0000,3317.4000,3277.4000,3337.4000,3343.6000,3344.0000,3350.0000,3354.0000,1,1,1,5,1,2,1,5,1,1
SF,IH2011,2020-09-21 09:34:18.300,3339.2000,7,0,7012980.000,0,-,-,-,-,3334.2000,3333.0000,3318.0000,3317.4000,3277.4000,3337.4000,3343.6000,3344.0000,3350.0000,3354.0000,1,1,1,5,1,2,1,5,1,1
SF,IH2011,2020-09-21 09:34:18.800,3339.2000,7,0,7012980.000,0,-,-,-,-,3334.2000,3333.0000,3318.0000,3317.4000,3277.4000,3337.2000,3337.4000,3343.6000,3344.0000,3350.0000,1,1,1,5,1,1,2,1,5,1
SF,IH2011,2020-09-21 09:34:19.300,3339.2000,7,0,7012980.000,0,-,-,-,-,3334.2000,3333.0000,3318.0000,3317.4000,3277.4000,3337.0000,3343.6000,3344.0000,3350.0000,3354.0000,1,1,1,5,1,2,1,5,1,1
SF,IH2011,2020-09-21 09:34:19.800,3339.2000,7,0,7012980.000,0,-,-,-,-,3334.2000,3333.0000,3318.0000,3317.4000,3277.4000,3337.0000,3343.6000,3344.0000,3350.0000,3354.0000,1,1,1,5,1,2,1,5,1,1
SF,IH2011,2020-09-21 09:34:20.300,3339.2000,7,0,7012980.000,0,-,-,-,-,3334.2000,3333.0000,3318.0000,3317.4000,3277.4000,3337.0000,3343.6000,3344.0000,3350.0000,3354.0000,1,1,1,5,1,2,1,5,1,1
SF,IH2011,2020-09-21 09:34:20.800,3339.2000,7,0,7012980.000,0,-,-,-,-,3334.2000,3333.0000,3318.0000,3317.4000,3277.4000,3336.8000,3337.0000,3343.6000,3344.0000,3350.0000,1,1,1,5,1,1,1,1,5,1
SF,IH2011,2020-09-21 09:34:21.300,3339.2000,7,0,7012980.000,0,-,-,-,-,3334.4000,3334.2000,3333.0000,3318.0000,3317.4000,3336.8000,3343.6000,3344.0000,3350.0000,3354.0000,1,1,1,1,5,1,1,5,1,1
SF,IH2011,2020-09-21 09:34:23.800,3339.2000,7,0,7012980.000,0,-,-,-,-,3334.4000,3334.2000,3333.0000,3318.0000,3317.4000,3336.8000,3344.0000,3350.0000,3354.0000,3358.0000,1,1,1,1,5,1,5,1,1,1
SF,IH2011,2020-09-21 09:34:26.300,3339.2000,7,0,7012980.000,0,-,-,-,-,3334.4000,3334.2000,3333.0000,3318.0000,3317.4000,3336.6000,3336.8000,3344.0000,3350.0000,3354.0000,1,1,1,1,5,1,1,5,1,1
SF,IH2011,2020-09-21 09:34:26.800,3339.2000,7,0,7012980.000,0,-,-,-,-,3334.4000,3334.2000,3333.0000,3318.0000,3317.4000,3336.6000,3344.0000,3350.0000,3354.0000,3358.0000,1,1,1,1,5,1,5,1,1,1
SF,IH2011,2020-09-21 09:34:27.300,3339.2000,7,0,7012980.000,0,-,-,-,-,3334.4000,3334.2000,3333.0000,3318.0000,3317.4000,3336.6000,3339.2000,3344.0000,3350.0000,3354.0000,1,1,1,1,5,1,1,5,1,1
SF,IH2011,2020-09-21 09:34:27.800,3339.2000,7,0,7012980.000,0,-,-,-,-,3334.4000,3334.2000,3333.0000,3318.0000,3317.4000,3336.4000,3336.6000,3339.2000,3344.0000,3350.0000,1,1,1,1,5,1,1,1,5,1
SF,IH2011,2020-09-21 09:34:30.800,3334.2000,9,2,9013560.000,2,2,0,双开,S,3333.0000,3318.0000,3317.4000,3277.4000,3242.2000,3336.4000,3339.2000,3344.0000,3350.0000,3354.0000,1,1,5,1,1,1,1,5,1,1
SF,IH2011,2020-09-21 09:34:31.300,3334.2000,9,0,9013560.000,0,-,-,-,-,3333.0000,3318.0000,3317.4000,3277.4000,3242.2000,3336.2000,3336.4000,3339.2000,3344.0000,3350.0000,1,1,5,1,1,1,1,1,5,1
SF,IH2011,2020-09-21 09:34:31.800,3334.2000,9,0,9013560.000,0,-,-,-,-,3333.0000,3318.0000,3317.4000,3277.4000,3242.2000,3336.2000,3339.2000,3344.0000,3350.0000,3354.0000,1,1,5,1,1,1,1,5,1,1
SF,IH2011,2020-09-21 09:34:32.300,3334.2000,9,0,9013560.000,0,-,-,-,-,3333.0000,3318.0000,3317.4000,3277.4000,3242.2000,3336.2000,3339.2000,3344.0000,3350.0000,3354.0000,1,1,5,1,1,1,1,5,1,1
SF,IH2011,2020-09-21 09:34:32.800,3334.2000,9,0,9013560.000,0,-,-,-,-,3333.0000,3318.0000,3317.4000,3277.4000,3242.2000,3336.0000,3336.2000,3339.2000,3344.0000,3350.0000,1,1,5,1,1,1,1,1,5,1
SF,IH2011,2020-09-21 09:34:33.300,3334.2000,9,0,9013560.000,0,-,-,-,-,3333.0000,3318.0000,3317.4000,3277.4000,3242.2000,3335.8000,3336.0000,3339.2000,3344.0000,3350.0000,1,1,5,1,1,1,1,1,5,1
SF,IH2011,2020-09-21 09:34:33.800,3334.2000,9,0,9013560.000,0,-,-,-,-,3333.0000,3318.0000,3317.4000,3277.4000,3242.2000,3335.8000,3339.2000,3344.0000,3350.0000,3354.0000,1,1,5,1,1,1,1,5,1,1
SF,IH2011,2020-09-21 09:34:34.300,3334.2000,9,0,9013560.000,0,-,-,-,-,3333.0000,3318.0000,3317.4000,3277.4000,3242.2000,3335.8000,3339.2000,3344.0000,3350.0000,3354.0000,1,1,5,1,1,1,1,5,1,1
SF,IH2011,2020-09-21 09:34:34.800,3333.0000,10,1,10013460.000,1,1,0,双开,S,3318.0000,3317.4000,3277.4000,3242.2000,3233.0000,3335.8000,3339.2000,3344.0000,3350.0000,3354.0000,1,5,1,1,3,1,1,5,1,1
SF,IH2011,2020-09-21 09:34:35.300,3333.0000,10,0,10013460.000,0,-,-,-,-,3325.6000,3318.2000,3318.0000,3317.4000,3277.4000,3335.6000,3339.2000,3344.0000,3350.0000,3354.0000,1,5,2,5,1,1,1,5,1,1
SF,IH2011,2020-09-21 09:34:35.800,3333.0000,10,0,10013460.000,0,-,-,-,-,3325.8000,3325.6000,3318.2000,3318.0000,3317.4000,3335.4000,3335.6000,3337.8000,3338.6000,3339.2000,1,1,3,1,5,1,1,1,1,1
SF,IH2011,2020-09-21 09:34:36.300,3333.0000,10,0,10013460.000,0,-,-,-,-,3327.2000,3326.4000,3325.8000,3318.2000,3318.0000,3335.4000,3335.6000,3338.6000,3339.2000,3344.0000,1,2,1,3,1,2,1,1,1,5
SF,IH2011,2020-09-21 09:34:36.800,3333.0000,10,0,10013460.000,0,-,-,-,-,3327.4000,3327.2000,3326.4000,3318.2000,3318.0000,3335.4000,3335.6000,3338.6000,3339.2000,3344.0000,1,1,2,3,1,2,1,1,1,5
SF,IH2011,2020-09-21 09:34:37.300,3333.0000,10,0,10013460.000,0,-,-,-,-,3328.6000,3327.4000,3327.2000,3326.4000,3318.2000,3335.4000,3338.6000,3339.2000,3341.4000,3344.0000,1,1,1,2,3,2,1,1,1,5
SF,IH2011,2020-09-21 09:34:37.800,3333.0000,10,0,10013460.000,0,-,-,-,-,3329.0000,3328.8000,3328.6000,3328.0000,3326.4000,3335.4000,3338.6000,3339.2000,3341.4000,3344.0000,1,1,1,1,2,2,1,1,1,5
SF,IH2011,2020-09-21 09:34:38.300,3333.0000,10,0,10013460.000,0,-,-,-,-,3329.2000,3329.0000,3328.6000,3328.0000,3326.4000,3335.4000,3338.6000,3339.2000,3341.4000,3344.0000,1,1,1,1,2,2,1,1,1,5
SF,IH2011,2020-09-21 09:34:38.800,3333.0000,10,0,10013460.000,0,-,-,-,-,3329.2000,3329.0000,3328.6000,3328.0000,3326.4000,3335.4000,3338.6000,3339.2000,3341.4000,3344.0000,1,1,1,1,2,1,1,1,1,5
SF,IH2011,2020-09-21 09:34:39.800,3333.0000,10,0,10013460.000,0,-,-,-,-,3329.2000,3328.6000,3328.0000,3326.4000,3318.2000,3335.4000,3339.2000,3341.4000,3344.0000,3350.0000,1,1,1,2,3,1,1,1,5,1
SF,IH2011,2020-09-21 09:34:40.300,3333.0000,10,0,10013460.000,0,-,-,-,-,3329.2000,3328.6000,3328.0000,3326.4000,3318.2000,3335.2000,3335.4000,3339.2000,3341.4000,3344.0000,1,1,1,2,3,1,1,1,1,5
SF,IH2011,2020-09-21 09:34:40.800,3333.0000,10,0,10013460.000,0,-,-,-,-,3329.2000,3328.6000,3328.0000,3326.4000,3318.2000,3335.2000,3339.2000,3341.4000,3344.0000,3350.0000,1,1,1,2,3,1,1,1,5,1
SF,IH2011,2020-09-21 09:34:41.300,3333.0000,10,0,10013460.000,0,-,-,-,-,3329.2000,3328.6000,3326.4000,3318.2000,3318.0000,3335.0000,3335.2000,3339.2000,3341.4000,3344.0000,1,1,2,3,1,1,1,1,1,5
SF,IH2011,2020-09-21 09:34:41.800,3333.0000,10,0,10013460.000,0,-,-,-,-,3329.2000,3328.6000,3326.4000,3318.2000,3318.0000,3334.8000,3335.0000,3335.2000,3339.2000,3341.4000,1,1,2,3,1,1,1,1,1,1
SF,IH2011,2020-09-21 09:34:42.300,3333.0000,10,0,10013460.000,0,-,-,-,-,3329.2000,3328.6000,3326.4000,3318.2000,3318.0000,3334.6000,3334.8000,3339.2000,3341.4000,3344.0000,2,1,2,3,1,1,1,1,1,5
SF,IH2011,2020-09-21 09:34:42.800,3333.0000,10,0,10013460.000,0,-,-,-,-,3329.2000,3326.4000,3318.2000,3318.0000,3317.4000,3334.6000,3339.2000,3341.4000,3344.0000,3350.0000,2,2,3,1,5,1,1,1,5,1
SF,IH2011,2020-09-21 09:34:43.300,3333.0000,10,0,10013460.000,0,-,-,-,-,3330.2000,3329.2000,3326.4000,3318.2000,3318.0000,3334.6000,3339.2000,3341.4000,3344.0000,3350.0000,1,2,2,3,1,1,1,1,5,1
SF,IH2011,2020-09-21 09:34:43.800,3333.0000,10,0,10013460.000,0,-,-,-,-,3330.4000,3330.2000,3329.2000,3326.4000,3318.2000,3339.2000,3341.4000,3344.0000,3350.0000,3354.0000,1,1,1,2,3,1,1,5,1,1
SF,IH2011,2020-09-21 09:34:44.300,3333.0000,10,0,10013460.000,0,-,-,-,-,3330.4000,3330.2000,3329.2000,3326.4000,3318.2000,3339.0000,3339.2000,3341.4000,3344.0000,3350.0000,1,1,1,2,3,2,1,1,5,1
SF,IH2011,2020-09-21 09:34:44.800,3333.0000,10,0,10013460.000,0,-,-,-,-,3330.4000,3329.2000,3326.4000,3318.2000,3318.0000,3336.6000,3339.0000,3339.2000,3341.4000,3344.0000,1,1,2,3,1,1,2,2,1,5
SF,IH2011,2020-09-21 09:34:45.300,3333.0000,10,0,10013460.000,0,-,-,-,-,3331.0000,3330.4000,3329.2000,3326.4000,3318.2000,3336.6000,3337.8000,3339.0000,3339.2000,3341.4000,1,1,1,2,3,1,1,1,1,1
SF,IH2011,2020-09-21 09:34:45.800,3333.0000,10,0,10013460.000,0,-,-,-,-,3331.2000,3331.0000,3329.2000,3326.4000,3318.2000,3336.6000,3337.8000,3339.0000,3339.2000,3341.4000,1,1,1,2,3,1,1,1,1,1
SF,IH2011,2020-09-21 09:34:46.300,3333.0000,10,0,10013460.000,0,-,-,-,-,3331.2000,3331.0000,3329.2000,3326.4000,3318.2000,3336.4000,3336.6000,3339.0000,3339.2000,3341.4000,1,1,1,2,3,1,1,1,1,1
SF,IH2011,2020-09-21 09:34:46.800,3333.0000,10,0,10013460.000,0,-,-,-,-,3331.2000,3329.2000,3326.4000,3318.2000,3318.0000,3336.2000,3336.4000,3336.6000,3339.2000,3341.4000,1,1,2,3,1,1,1,1,1,1
SF,IH2011,2020-09-21 09:34:47.300,3333.0000,10,0,10013460.000,0,-,-,-,-,3331.2000,3329.2000,3326.4000,3318.2000,3318.0000,3335.8000,3336.2000,3336.6000,3339.2000,3341.4000,1,1,2,3,1,1,1,1,1,1
SF,IH2011,2020-09-21 09:34:48.300,3333.0000,10,0,10013460.000,0,-,-,-,-,3331.2000,3329.2000,3326.4000,3318.2000,3318.0000,3335.6000,3335.8000,3336.2000,3339.2000,3341.4000,1,1,2,3,1,2,1,1,1,1
SF,IH2011,2020-09-21 09:34:48.800,3333.0000,10,0,10013460.000,0,-,-,-,-,3331.2000,3329.2000,3326.4000,3318.2000,3318.0000,3335.6000,3336.2000,3339.2000,3341.4000,3344.0000,1,1,2,3,1,1,1,1,1,5
SF,IH2011,2020-09-21 09:34:49.300,3333.0000,10,0,10013460.000,0,-,-,-,-,3331.2000,3329.2000,3326.4000,3318.2000,3318.0000,3335.6000,3339.2000,3341.4000,3344.0000,3350.0000,1,1,2,3,1,1,1,1,5,1
SF,IH2011,2020-09-21 09:34:49.800,3333.0000,10,0,10013460.000,0,-,-,-,-,3331.2000,3330.2000,3329.2000,3326.4000,3318.2000,3335.4000,3335.6000,3339.2000,3341.4000,3344.0000,1,1,1,2,3,1,1,1,1,5
SF,IH2011,2020-09-21 09:34:50.800,3333.0000,10,0,10013460.000,0,-,-,-,-,3331.2000,3330.2000,3329.8000,3329.2000,3326.4000,3335.4000,3335.6000,3339.2000,3341.4000,3344.0000,1,1,1,1,2,1,1,1,1,5
SF,IH2011,2020-09-21 09:34:51.300,3333.0000,10,0,10013460.000,0,-,-,-,-,3331.4000,3331.2000,3330.2000,3329.8000,3329.2000,3335.4000,3339.2000,3341.4000,3344.0000,3350.0000,1,1,1,1,1,1,1,1,5,1
SF,IH2011,2020-09-21 09:34:51.800,3333.0000,10,0,10013460.000,0,-,-,-,-,3331.6000,3331.4000,3330.2000,3329.8000,3329.2000,3335.4000,3339.2000,3341.4000,3344.0000,3350.0000,1,1,1,1,1,1,1,1,5,1
SF,IH2011,2020-09-21 09:34:52.300,3333.0000,10,0,10013460.000,0,-,-,-,-,3332.8000,3331.6000,3331.4000,3330.2000,3329.8000,3341.4000,3344.0000,3350.0000,3354.0000,3358.0000,1,1,1,1,1,1,5,1,1,1
SF,IH2011,2020-09-21 09:34:52.800,3333.0000,10,0,10013460.000,0,-,-,-,-,3332.8000,3330.2000,3329.8000,3329.2000,3326.4000,3337.8000,3341.2000,3341.4000,3344.0000,3350.0000,1,1,1,1,2,1,1,1,5,1
SF,IH2011,2020-09-21 09:34:53.300,3333.0000,10,0,10013460.000,0,-,-,-,-,3332.8000,3330.2000,3329.8000,3329.2000,3326.4000,3337.6000,3337.8000,3344.0000,3350.0000,3354.0000,1,1,1,1,2,2,1,5,1,1
SF,IH2011,2020-09-21 09:34:53.800,3333.0000,10,0,10013460.000,0,-,-,-,-,3332.8000,3330.2000,3329.8000,3329.2000,3326.4000,3337.2000,3337.6000,3337.8000,3344.0000,3350.0000,1,1,1,1,2,1,1,1,5,1
SF,IH2011,2020-09-21 09:34:54.300,3333.0000,10,0,10013460.000,0,-,-,-,-,3332.8000,3330.2000,3329.8000,3329.2000,3326.4000,3337.0000,3337.2000,3337.8000,3344.0000,3350.0000,1,1,1,1,2,1,2,1,5,1
SF,IH2011,2020-09-21 09:34:54.800,3333.0000,10,0,10013460.000,0,-,-,-,-,3332.8000,3330.2000,3329.8000,3329.2000,3326.4000,3336.4000,3336.8000,3337.0000,3337.2000,3337.8000,1,1,1,1,2,1,1,1,1,1
SF,IH2011,2020-09-21 09:34:55.300,3333.0000,10,0,10013460.000,0,-,-,-,-,3332.8000,3330.2000,3329.8000,3329.2000,3326.4000,3336.0000,3336.2000,3336.4000,3337.2000,3344.0000,1,1,1,1,2,1,1,1,1,5
SF,IH2011,2020-09-21 09:34:55.800,3333.0000,10,0,10013460.000,0,-,-,-,-,3330.2000,3329.8000,3329.2000,3326.4000,3318.2000,3335.8000,3336.0000,3336.4000,3344.0000,3350.0000,1,1,1,2,3,1,1,1,5,1
SF,IH2011,2020-09-21 09:34:56.300,3333.0000,10,0,10013460.000,0,-,-,-,-,3331.6000,3330.4000,3330.2000,3329.8000,3329.2000,3335.6000,3336.0000,3336.4000,3344.0000,3350.0000,1,1,1,1,1,1,1,1,5,1
SF,IH2011,2020-09-21 09:34:56.800,3333.0000,10,0,10013460.000,0,-,-,-,-,3331.8000,3331.6000,3330.2000,3329.8000,3329.2000,3336.0000,3336.4000,3344.0000,3350.0000,3354.0000,1,1,1,1,1,1,1,5,1,1
SF,IH2011,2020-09-21 09:34:57.300,3333.0000,10,0,10013460.000,0,-,-,-,-,3330.2000,3329.8000,3329.2000,3326.4000,3318.2000,3335.8000,3336.0000,3336.4000,3344.0000,3350.0000,1,1,1,2,3,1,1,1,5,1
SF,IH2011,2020-09-21 09:34:57.800,3333.0000,10,0,10013460.000,0,-,-,-,-,3330.8000,3330.4000,3330.2000,3329.8000,3329.2000,3335.6000,3335.8000,3336.0000,3344.0000,3350.0000,1,1,1,1,1,2,1,1,5,1
SF,IH2011,2020-09-21 09:34:58.300,3333.0000,10,0,10013460.000,0,-,-,-,-,3331.0000,3330.8000,3330.2000,3329.8000,3329.2000,3335.6000,3335.8000,3336.0000,3344.0000,3350.0000,1,1,1,1,1,1,1,1,5,1
SF,IH2011,2020-09-21 09:34:58.800,3333.0000,10,0,10013460.000,0,-,-,-,-,3331.0000,3330.8000,3330.2000,3329.8000,3329.2000,3335.6000,3336.0000,3344.0000,3350.0000,3354.0000,1,1,1,1,1,1,1,5,1,1
SF,IH2011,2020-09-21 09:34:59.300,3333.0000,10,0,10013460.000,0,-,-,-,-,3331.0000,3330.8000,3330.2000,3329.8000,3329.2000,3335.4000,3335.6000,3336.0000,3344.0000,3350.0000,1,1,1,1,1,2,1,1,5,1
SF,IH2011,2020-09-21 09:34:59.800,3333.0000,10,0,10013460.000,0,-,-,-,-,3331.0000,3330.8000,3330.2000,3329.8000,3329.2000,3335.0000,3335.4000,3336.0000,3344.0000,3350.0000,1,1,1,1,1,1,2,1,5,1
SF,IH2011,2020-09-21 09:35:00.300,3333.0000,10,0,10013460.000,0,-,-,-,-,3331.0000,3330.8000,3330.2000,3329.8000,3329.2000,3335.0000,3335.4000,3336.0000,3344.0000,3350.0000,1,1,1,1,1,1,1,1,5,1
SF,IH2011,2020-09-21 09:35:01.300,3333.0000,10,0,10013460.000,0,-,-,-,-,3331.0000,3330.2000,3329.8000,3329.2000,3326.4000,3334.8000,3335.0000,3335.4000,3336.0000,3344.0000,1,1,1,1,2,1,1,1,1,5
SF,IH2011,2020-09-21 09:35:01.800,3333.0000,10,0,10013460.000,0,-,-,-,-,3330.2000,3329.8000,3329.2000,3326.4000,3318.2000,3333.2000,3334.2000,3334.6000,3334.8000,3335.4000,1,1,1,2,3,1,1,1,1,1
SF,IH2011,2020-09-21 09:35:02.300,3333.0000,10,0,10013460.000,0,-,-,-,-,3330.2000,3329.8000,3329.2000,3326.4000,3318.2000,3333.2000,3334.2000,3334.6000,3335.4000,3344.0000,1,1,1,2,3,1,1,1,1,5
SF,IH2011,2020-09-21 09:35:02.800,3333.0000,10,0,10013460.000,0,-,-,-,-,3330.2000,3329.8000,3329.2000,3318.2000,3318.0000,3333.2000,3334.2000,3334.6000,3335.4000,3344.0000,1,1,1,3,1,1,1,1,1,5
SF,IH2011,2020-09-21 09:35:03.300,3333.0000,10,0,10013460.000,0,-,-,-,-,3330.2000,3329.8000,3329.2000,3318.2000,3318.0000,3333.0000,3333.2000,3334.2000,3334.6000,3335.4000,1,1,1,3,1,1,1,1,1,1
SF,IH2011,2020-09-21 09:35:03.800,3333.0000,10,0,10013460.000,0,-,-,-,-,3330.4000,3330.2000,3329.8000,3329.2000,3324.2000,3333.0000,3334.2000,3335.4000,3344.0000,3350.0000,1,1,1,1,2,1,1,1,5,1
SF,IH2011,2020-09-21 09:35:04.300,3333.0000,10,0,10013460.000,0,-,-,-,-,3330.8000,3330.4000,3330.2000,3329.8000,3329.2000,3333.0000,3334.2000,3335.4000,3344.0000,3350.0000,1,1,1,1,1,1,1,1,5,1
SF,IH2011,2020-09-21 09:35:04.800,3333.0000,10,0,10013460.000,0,-,-,-,-,3331.0000,3330.8000,3330.2000,3329.8000,3329.2000,3333.0000,3334.2000,3335.4000,3344.0000,3350.0000,1,1,1,1,1,1,1,1,5,1
SF,IH2011,2020-09-21 09:35:05.300,3333.0000,10,0,10013460.000,0,-,-,-,-,3331.0000,3330.2000,3329.8000,3329.2000,3324.2000,3334.2000,3335.4000,3344.0000,3350.0000,3354.0000,1,1,1,1,2,1,1,5,1,1
SF,IH2011,2020-09-21 09:35:05.800,3333.0000,10,0,10013460.000,0,-,-,-,-,3330.2000,3329.8000,3329.2000,3324.2000,3318.2000,3333.2000,3334.0000,3335.4000,3344.0000,3350.0000,1,1,1,2,3,1,1,1,5,1
SF,IH2011,2020-09-21 09:35:06.300,3333.0000,10,0,10013460.000,0,-,-,-,-,3330.2000,3329.8000,3329.2000,3324.2000,3318.2000,3333.0000,3333.2000,3334.0000,3335.4000,3344.0000,1,1,1,2,3,1,1,1,1,5
SF,IH2011,2020-09-21 09:35:06.800,3333.0000,10,0,10013460.000,0,-,-,-,-,3331.8000,3330.2000,3329.8000,3329.2000,3324.2000,3333.0000,3333.2000,3334.0000,3335.4000,3344.0000,1,1,1,1,2,1,1,1,1,5
SF,IH2011,2020-09-21 09:35:07.300,3333.0000,10,0,10013460.000,0,-,-,-,-,3331.8000,3330.2000,3329.8000,3329.2000,3324.2000,3333.2000,3334.0000,3335.4000,3336.4000,3350.0000,1,1,1,1,2,1,1,1,5,1
SF,IH2011,2020-09-21 09:35:07.800,3333.0000,10,0,10013460.000,0,-,-,-,-,3332.0000,3331.8000,3330.2000,3329.8000,3329.2000,3335.4000,3340.2000,3350.0000,3354.0000,3358.0000,1,1,1,1,1,1,5,1,1,1
SF,IH2011,2020-09-21 09:35:08.300,3333.0000,10,0,10013460.000,0,-,-,-,-,3332.0000,3331.8000,3330.2000,3329.8000,3329.2000,3334.8000,3335.4000,3340.2000,3350.0000,3354.0000,1,1,1,1,1,1,1,5,1,1
SF,IH2011,2020-09-21 09:35:08.800,3333.0000,10,0,10013460.000,0,-,-,-,-,3332.0000,3331.8000,3330.2000,3329.8000,3329.2000,3334.8000,3335.4000,3340.2000,3350.0000,3354.0000,1,1,1,1,1,1,1,5,1,1
SF,IH2011,2020-09-21 09:35:09.300,3333.0000,10,0,10013460.000,0,-,-,-,-,3332.0000,3331.8000,3330.2000,3329.8000,3329.2000,3334.8000,3335.4000,3340.2000,3350.0000,3354.0000,1,1,1,1,1,1,1,5,1,1
SF,IH2011,2020-09-21 09:35:10.800,3333.0000,10,0,10013460.000,0,-,-,-,-,3332.0000,3331.8000,3330.2000,3329.8000,3329.2000,3335.4000,3340.2000,3350.0000,3354.0000,3358.0000,1,1,1,1,1,1,5,1,1,1
SF,IH2011,2020-09-21 09:35:11.300,3333.0000,10,0,10013460.000,0,-,-,-,-,3332.0000,3331.8000,3330.2000,3329.8000,3329.2000,3335.4000,3340.2000,3350.0000,3354.0000,3358.0000,1,1,1,1,1,1,5,1,1,1
SF,IH2011,2020-09-21 09:35:11.800,3333.0000,10,0,10013460.000,0,-,-,-,-,3332.2000,3332.0000,3331.8000,3330.2000,3329.8000,3335.4000,3340.2000,3350.0000,3354.0000,3358.0000,1,1,1,1,1,1,5,1,1,1
SF,IH2011,2020-09-21 09:35:12.300,3333.0000,10,0,10013460.000,0,-,-,-,-,3332.4000,3332.2000,3331.8000,3330.2000,3329.8000,3335.4000,3340.2000,3350.0000,3354.0000,3358.0000,1,1,1,1,1,1,5,1,1,1
SF,IH2011,2020-09-21 09:35:12.800,3333.0000,10,0,10013460.000,0,-,-,-,-,3332.4000,3332.2000,3331.8000,3330.2000,3329.8000,3335.4000,3340.2000,3350.0000,3354.0000,3358.0000,1,1,1,1,1,1,5,1,1,1
SF,IH2011,2020-09-21 09:35:13.300,3333.0000,10,0,10013460.000,0,-,-,-,-,3332.4000,3332.2000,3331.8000,3330.2000,3329.8000,3335.4000,3340.2000,3350.0000,3354.0000,3358.0000,1,1,1,1,1,1,5,1,1,1
SF,IH2011,2020-09-21 09:35:13.800,3333.0000,10,0,10013460.000,0,-,-,-,-,3332.4000,3332.2000,3331.8000,3330.2000,3329.8000,3340.2000,3350.0000,3354.0000,3358.0000,3394.6000,1,1,1,1,1,5,1,1,1,2
SF,IH2011,2020-09-21 09:35:14.300,3333.0000,10,0,10013460.000,0,-,-,-,-,3332.2000,3331.8000,3330.2000,3329.8000,3329.2000,3337.0000,3340.0000,3340.2000,3350.0000,3354.0000,1,1,1,1,1,1,1,5,1,1
SF,IH2011,2020-09-21 09:35:14.800,3333.0000,10,0,10013460.000,0,-,-,-,-,3332.4000,3332.2000,3331.8000,3330.2000,3329.8000,3337.0000,3340.0000,3340.2000,3350.0000,3354.0000,1,1,1,1,1,1,1,5,1,1
SF,IH2011,2020-09-21 09:35:15.300,3333.0000,10,0,10013460.000,0,-,-,-,-,3332.8000,3332.4000,3332.2000,3331.8000,3330.2000,3337.0000,3340.0000,3340.2000,3350.0000,3354.0000,1,1,1,1,1,1,1,5,1,1
SF,IH2011,2020-09-21 09:35:15.800,3333.0000,10,0,10013460.000,0,-,-,-,-,3333.0000,3332.8000,3332.2000,3331.8000,3330.2000,3337.0000,3340.0000,3340.2000,3350.0000,3354.0000,1,1,1,1,1,1,1,5,1,1
SF,IH2011,2020-09-21 09:35:16.300,3333.0000,10,0,10013460.000,0,-,-,-,-,3333.0000,3332.2000,3331.8000,3330.2000,3329.8000,3336.8000,3337.0000,3340.0000,3340.2000,3350.0000,1,1,1,1,1,1,1,1,5,1
SF,IH2011,2020-09-21 09:35:16.800,3333.0000,10,0,10013460.000,0,-,-,-,-,3333.0000,3332.2000,3331.8000,3330.2000,3329.8000,3336.8000,3337.0000,3340.0000,3340.2000,3350.0000,1,1,1,1,1,2,1,1,5,1
SF,IH2011,2020-09-21 09:35:23.300,3333.0000,10,0,10013460.000,0,-,-,-,-,3333.0000,3332.2000,3331.8000,3330.2000,3329.8000,3336.8000,3337.0000,3340.0000,3344.0000,3350.0000,1,1,1,1,1,1,1,1,5,1
SF,IH2011,2020-09-21 09:35:23.800,3333.0000,10,0,10013460.000,0,-,-,-,-,3333.0000,3332.2000,3331.8000,3330.2000,3329.8000,3340.0000,3344.0000,3350.0000,3354.0000,3358.0000,1,1,1,1,1,1,5,1,1,1
SF,IH2011,2020-09-21 09:35:24.300,3333.0000,10,0,10013460.000,0,-,-,-,-,3333.4000,3333.2000,3333.0000,3332.2000,3331.8000,3338.0000,3340.0000,3344.0000,3350.0000,3354.0000,1,1,1,1,1,1,1,5,1,1
SF,IH2011,2020-09-21 09:35:24.800,3333.0000,10,0,10013460.000,0,-,-,-,-,3334.4000,3333.6000,3333.4000,3333.2000,3331.8000,3338.0000,3338.8000,3344.0000,3350.0000,3354.0000,1,2,1,1,1,1,1,5,1,1
SF,IH2011,2020-09-21 09:35:25.300,3333.0000,10,0,10013460.000,0,-,-,-,-,3334.4000,3333.6000,3333.4000,3333.2000,3331.8000,3338.0000,3338.8000,3344.0000,3350.0000,3354.0000,1,1,1,1,1,1,1,5,1,1
SF,IH2011,2020-09-21 09:35:25.800,3333.0000,10,0,10013460.000,0,-,-,-,-,3334.4000,3333.6000,3333.4000,3333.2000,3331.8000,3337.8000,3338.0000,3344.0000,3350.0000,3354.0000,1,1,1,1,1,1,1,5,1,1
SF,IH2011,2020-09-21 09:35:26.300,3333.0000,10,0,10013460.000,0,-,-,-,-,3334.6000,3334.4000,3333.4000,3333.2000,3331.8000,3337.8000,3338.0000,3344.0000,3350.0000,3354.0000,1,1,1,1,1,1,1,5,1,1
SF,IH2011,2020-09-21 09:35:26.800,3333.0000,10,0,10013460.000,0,-,-,-,-,3334.6000,3334.4000,3333.2000,3331.8000,3330.2000,3337.8000,3338.0000,3344.0000,3350.0000,3354.0000,1,1,1,1,1,1,1,5,1,1
SF,IH2011,2020-09-21 09:35:29.300,3333.0000,10,0,10013460.000,0,-,-,-,-,3334.6000,3334.4000,3333.2000,3331.8000,3330.2000,3337.8000,3344.0000,3350.0000,3354.0000,3358.0000,1,1,1,1,1,1,5,1,1,1
SF,IH2011,2020-09-21 09:35:29.800,3333.0000,10,0,10013460.000,0,-,-,-,-,3334.6000,3334.4000,3333.2000,3331.8000,3330.2000,3337.8000,3344.0000,3350.0000,3354.0000,3358.0000,1,1,1,1,1,1,5,1,1,1
SF,IH2011,2020-09-21 09:35:30.300,3333.0000,10,0,10013460.000,0,-,-,-,-,3334.6000,3334.4000,3333.2000,3331.8000,3330.2000,3337.8000,3344.0000,3350.0000,3354.0000,3358.0000,1,1,1,1,1,1,5,1,1,1
SF,IH2011,2020-09-21 09:35:30.800,3333.0000,10,0,10013460.000,0,-,-,-,-,3334.6000,3334.4000,3333.2000,3331.8000,3330.2000,3337.8000,3344.0000,3350.0000,3354.0000,3358.0000,1,1,1,1,1,1,5,1,1,1
SF,IH2011,2020-09-21 09:35:31.300,3333.0000,10,0,10013460.000,0,-,-,-,-,3334.8000,3334.6000,3334.4000,3333.2000,3331.8000,3344.0000,3350.0000,3354.0000,3358.0000,3394.6000,1,1,1,1,1,5,1,1,1,2
SF,IH2011,2020-09-21 09:35:31.800,3333.0000,10,0,10013460.000,0,-,-,-,-,3334.4000,3333.2000,3331.8000,3330.2000,3329.8000,3339.0000,3343.8000,3344.0000,3350.0000,3354.0000,1,1,1,1,1,1,3,5,1,1
SF,IH2011,2020-09-21 09:35:32.300,3333.0000,10,0,10013460.000,0,-,-,-,-,3333.2000,3331.8000,3330.2000,3329.8000,3329.2000,3338.8000,3339.0000,3339.8000,3343.8000,3344.0000,1,1,1,1,1,1,1,1,2,5
SF,IH2011,2020-09-21 09:35:32.800,3333.0000,10,0,10013460.000,0,-,-,-,-,3333.8000,3333.2000,3331.8000,3330.2000,3329.8000,3338.8000,3339.0000,3339.8000,3343.8000,3344.0000,1,1,1,1,1,1,1,1,1,5
SF,IH2011,2020-09-21 09:35:33.300,3333.0000,10,0,10013460.000,0,-,-,-,-,3333.8000,3333.2000,3331.8000,3330.2000,3329.8000,3337.8000,3338.8000,3339.0000,3342.0000,3343.8000,1,1,1,1,1,1,1,1,1,1
SF,IH2011,2020-09-21 09:35:33.800,3333.0000,10,0,10013460.000,0,-,-,-,-,3334.0000,3333.8000,3333.2000,3331.8000,3330.2000,3337.8000,3338.8000,3339.0000,3342.0000,3343.8000,1,1,1,1,1,1,1,1,1,1
SF,IH2011,2020-09-21 09:35:35.300,3333.0000,10,0,10013460.000,0,-,-,-,-,3334.0000,3333.8000,3333.2000,3331.8000,3330.2000,3337.8000,3338.8000,3339.0000,3342.0000,3343.8000,1,1,1,1,1,1,1,1,1,1
SF,IH2011,2020-09-21 09:35:37.800,3333.0000,10,0,10013460.000,0,-,-,-,-,3334.0000,3333.2000,3331.8000,3330.2000,3329.8000,3337.8000,3338.8000,3339.0000,3342.0000,3343.8000,1,1,1,1,1,1,1,1,1,1
