市场代码,合约代码,时间,最新,持仓,增仓,成交额,成交量,开仓,平仓,成交类型,方向,买一价,买二价,买三价,买四价,买五价,卖一价,卖二价,卖三价,卖四价,卖五价,买一量,买二量,买三量,买四量,买五量,卖一量,卖二量,卖三量,卖四量,卖五量
SF,IH2002,2019-12-24 09:29:00.100,2996.2000,101,0,0.000,0.000,-,-,-,-,2992.4000,2990.8000,2990.6000,2988.4000,2986.0000,2999.8000,3002.0000,3004.8000,3009.6000,3014.6000,1,1,2,1,1,2,4,1,2,1
SF,IH2002,2019-12-24 09:30:00.100,2996.2000,101,0,0.000,0,-,-,-,-,2990.8000,2990.6000,2988.4000,2986.0000,2984.4000,3002.0000,3007.8000,3009.6000,3014.6000,3022.0000,1,2,1,1,2,1,2,2,1,1
SF,IH2002,2019-12-24 09:30:00.600,2996.2000,101,0,0.000,0,-,-,-,-,2991.0000,2990.6000,2988.4000,2984.4000,2976.6000,3001.8000,3007.8000,3009.6000,3014.6000,3022.0000,1,2,1,2,1,1,2,2,1,1
SF,IH2002,2019-12-24 09:30:01.600,2996.2000,101,0,0.000,0,-,-,-,-,2991.0000,2990.6000,2988.4000,2984.4000,2976.6000,3001.8000,3002.0000,3007.8000,3014.6000,3022.0000,1,5,1,2,1,1,5,2,1,1
SF,IH2002,2019-12-24 09:30:02.100,2996.2000,101,0,0.000,0,-,-,-,-,2993.0000,2991.0000,2990.6000,2984.4000,2976.6000,3001.8000,3005.8000,3007.8000,3022.0000,3211.4000,1,1,5,2,1,1,5,2,1,2
SF,IH2002,2019-12-24 09:30:02.600,2996.2000,101,0,0.000,0,-,-,-,-,2993.2000,2993.0000,2990.6000,2984.4000,2976.6000,3001.8000,3005.8000,3007.8000,3022.0000,3211.4000,1,1,5,2,1,1,5,2,1,2
SF,IH2002,2019-12-24 09:30:07.100,2996.2000,101,0,0.000,0,-,-,-,-,2993.2000,2993.0000,2990.6000,2984.4000,2976.6000,3001.8000,3005.8000,3007.8000,3211.4000,3241.0000,1,1,5,2,1,1,5,2,2,5
SF,IH2002,2019-12-24 09:30:12.600,2996.2000,101,0,0.000,0,-,-,-,-,2993.2000,2993.0000,2990.6000,2976.6000,2791.0000,3001.8000,3005.8000,3211.4000,3241.0000,0.0000,1,1,5,1,2,1,5,2,5,0
SF,IH2002,2019-12-24 09:30:14.600,2996.2000,101,0,0.000,0,-,-,-,-,2993.2000,2993.0000,2990.6000,2976.6000,2791.0000,3001.8000,3009.6000,3211.4000,3241.0000,0.0000,1,1,5,1,2,1,5,2,5,0
SF,IH2002,2019-12-24 09:30:20.600,2996.2000,101,0,0.000,0,-,-,-,-,2995.2000,2993.2000,2993.0000,2990.6000,2976.6000,3001.8000,3009.6000,3211.4000,3241.0000,0.0000,1,1,1,5,1,1,5,2,5,0
SF,IH2002,2019-12-24 09:30:21.100,2996.2000,101,0,0.000,0,-,-,-,-,2995.4000,2995.2000,2993.0000,2990.6000,2976.6000,3001.8000,3009.6000,3211.4000,3241.0000,0.0000,1,1,1,5,1,1,5,2,5,0
SF,IH2002,2019-12-24 09:30:23.100,2996.2000,101,0,0.000,0,-,-,-,-,2995.8000,2995.4000,2995.2000,2993.0000,2990.6000,3001.8000,3009.6000,3211.4000,3241.0000,0.0000,1,1,1,1,5,1,5,2,5,0
SF,IH2002,2019-12-24 09:30:23.600,2996.2000,101,0,0.000,0,-,-,-,-,2996.0000,2995.8000,2995.2000,2993.0000,2990.6000,3001.8000,3009.6000,3211.4000,3241.0000,0.0000,1,1,1,1,5,1,5,2,5,0
SF,IH2002,2019-12-24 09:30:25.100,2996.2000,101,0,0.000,0,-,-,-,-,2996.4000,2996.0000,2995.2000,2993.0000,2990.6000,3001.8000,3009.6000,3211.4000,3241.0000,0.0000,1,1,1,1,5,1,5,2,5,0
SF,IH2002,2019-12-24 09:30:25.600,2996.2000,101,0,0.000,0,-,-,-,-,2996.4000,2995.2000,2993.0000,2990.6000,2976.6000,3001.8000,3009.6000,3211.4000,3241.0000,0.0000,1,1,1,5,1,1,5,2,5,0
SF,IH2002,2019-12-24 09:30:26.100,2996.2000,101,0,0.000,0,-,-,-,-,2996.6000,2996.4000,2995.2000,2993.0000,2990.6000,3001.8000,3009.6000,3211.4000,3241.0000,0.0000,1,1,1,1,5,1,5,2,5,0
SF,IH2002,2019-12-24 09:30:28.100,2996.2000,101,0,0.000,0,-,-,-,-,2996.8000,2996.6000,2996.4000,2995.2000,2993.0000,3001.8000,3009.6000,3211.4000,3241.0000,0.0000,1,1,1,1,1,1,5,2,5,0
SF,IH2002,2019-12-24 09:30:28.600,2996.2000,101,0,0.000,0,-,-,-,-,2997.0000,2996.8000,2996.4000,2995.2000,2993.0000,3001.8000,3009.6000,3211.4000,3241.0000,0.0000,1,1,1,1,1,2,5,2,5,0
SF,IH2002,2019-12-24 09:30:30.600,2996.2000,101,0,0.000,0,-,-,-,-,2997.0000,2996.4000,2995.2000,2993.0000,2990.6000,3001.8000,3009.6000,3211.4000,3241.0000,0.0000,1,1,1,1,5,2,5,2,5,0
SF,IH2002,2019-12-24 09:30:39.100,2996.2000,101,0,0.000,0,-,-,-,-,2997.0000,2996.4000,2993.0000,2990.6000,2976.6000,3001.8000,3009.6000,3211.4000,3241.0000,0.0000,1,1,1,5,1,2,5,2,5,0
SF,IH2002,2019-12-24 09:30:39.600,2996.2000,101,0,0.000,0,-,-,-,-,2997.0000,2996.4000,2993.0000,2990.6000,2990.2000,3001.8000,3009.6000,3211.4000,3241.0000,0.0000,1,1,1,5,2,2,5,2,5,0
SF,IH2002,2019-12-24 09:30:40.600,2996.2000,101,0,0.000,0,-,-,-,-,2997.0000,2996.4000,2993.0000,2990.6000,2990.2000,3001.8000,3009.6000,3011.4000,3211.4000,3241.0000,1,1,1,5,2,2,5,2,2,5
SF,IH2002,2019-12-24 09:30:52.600,2996.2000,101,0,0.000,0,-,-,-,-,2997.0000,2993.0000,2990.6000,2990.2000,2976.6000,3001.8000,3009.6000,3011.4000,3211.4000,3241.0000,1,1,5,2,1,2,5,2,2,5
SF,IH2002,2019-12-24 09:31:01.600,2996.2000,101,0,0.000,0,-,-,-,-,2997.4000,2997.0000,2993.0000,2990.6000,2990.2000,3001.8000,3009.6000,3011.4000,3211.4000,3241.0000,1,1,1,5,2,2,5,2,2,5
SF,IH2002,2019-12-24 09:31:02.100,2996.2000,101,0,0.000,0,-,-,-,-,2997.4000,2993.0000,2990.6000,2990.2000,2976.6000,3001.8000,3009.6000,3011.4000,3211.4000,3241.0000,1,1,5,2,1,2,5,2,2,5
SF,IH2002,2019-12-24 09:31:02.600,2996.2000,101,0,0.000,0,-,-,-,-,2997.6000,2997.4000,2993.0000,2990.6000,2990.2000,3001.8000,3009.6000,3011.4000,3211.4000,3241.0000,1,1,1,5,2,2,5,2,2,5
SF,IH2002,2019-12-24 09:31:03.100,2996.2000,101,0,0.000,0,-,-,-,-,2993.0000,2990.6000,2990.2000,2976.6000,2791.0000,3001.8000,3009.6000,3011.4000,3211.4000,3241.0000,1,5,2,1,2,2,5,2,2,5
SF,IH2002,2019-12-24 09:31:03.600,2996.2000,101,0,0.000,0,-,-,-,-,2993.2000,2993.0000,2990.6000,2990.2000,2976.6000,3001.8000,3009.6000,3011.4000,3211.4000,3241.0000,1,1,5,2,1,2,5,2,2,5
SF,IH2002,2019-12-24 09:31:05.600,2996.2000,101,0,0.000,0,-,-,-,-,2993.6000,2993.2000,2993.0000,2990.6000,2990.2000,3001.8000,3009.6000,3011.4000,3211.4000,3241.0000,1,1,1,5,2,2,5,2,2,5
SF,IH2002,2019-12-24 09:31:06.100,2996.2000,101,0,0.000,0,-,-,-,-,2993.8000,2993.6000,2993.0000,2990.6000,2990.2000,3001.8000,3009.6000,3011.4000,3211.4000,3241.0000,1,1,1,5,2,2,5,2,2,5
SF,IH2002,2019-12-24 09:31:08.600,2996.2000,101,0,0.000,0,-,-,-,-,2993.8000,2993.0000,2990.6000,2990.2000,2976.6000,3001.8000,3009.6000,3011.4000,3211.4000,3241.0000,1,1,5,2,1,2,5,2,2,5
SF,IH2002,2019-12-24 09:31:12.100,2996.2000,101,0,0.000,0,-,-,-,-,2993.8000,2993.0000,2990.6000,2990.2000,2976.6000,3001.6000,3001.8000,3009.6000,3011.4000,3211.4000,1,1,5,2,1,1,2,5,2,2
SF,IH2002,2019-12-24 09:31:12.600,2996.2000,101,0,0.000,0,-,-,-,-,2993.8000,2993.0000,2990.6000,2990.2000,2976.6000,3001.4000,3001.6000,3001.8000,3009.6000,3011.4000,1,1,5,2,1,1,1,1,5,2
SF,IH2002,2019-12-24 09:31:14.100,2996.2000,101,0,0.000,0,-,-,-,-,2993.8000,2990.6000,2990.2000,2976.6000,2791.0000,3001.4000,3001.6000,3001.8000,3009.6000,3011.4000,1,5,2,1,2,1,1,1,5,2
SF,IH2002,2019-12-24 09:31:15.600,2996.2000,101,0,0.000,0,-,-,-,-,2993.8000,2990.6000,2990.2000,2976.6000,2791.0000,3001.4000,3001.8000,3009.6000,3011.4000,3211.4000,1,5,2,1,2,1,1,5,2,2
SF,IH2002,2019-12-24 09:31:17.600,2996.2000,101,0,0.000,0,-,-,-,-,2993.8000,2990.6000,2976.6000,2791.0000,2761.0000,3001.4000,3001.8000,3009.6000,3211.4000,3241.0000,1,5,1,2,5,1,1,5,2,5
SF,IH2002,2019-12-24 09:31:20.100,2996.2000,101,0,0.000,0,-,-,-,-,2993.8000,2990.6000,2976.6000,2791.0000,2761.0000,3001.4000,3009.6000,3211.4000,3241.0000,0.0000,1,5,1,2,5,1,5,2,5,0
SF,IH2002,2019-12-24 09:31:23.100,2996.2000,101,0,0.000,0,-,-,-,-,2994.2000,2993.8000,2990.6000,2976.6000,2791.0000,3001.4000,3009.6000,3211.4000,3241.0000,0.0000,1,1,5,1,2,1,5,2,5,0
SF,IH2002,2019-12-24 09:31:23.600,2996.2000,101,0,0.000,0,-,-,-,-,2994.4000,2994.2000,2990.6000,2976.6000,2791.0000,3001.4000,3009.6000,3211.4000,3241.0000,0.0000,1,1,5,1,2,1,5,2,5,0
SF,IH2002,2019-12-24 09:31:25.100,2996.2000,101,0,0.000,0,-,-,-,-,2994.4000,2990.6000,2976.6000,2791.0000,2761.0000,3001.4000,3009.6000,3211.4000,3241.0000,0.0000,1,5,1,2,5,1,5,2,5,0
SF,IH2002,2019-12-24 09:31:25.600,2996.2000,101,0,0.000,0,-,-,-,-,2994.6000,2994.4000,2990.6000,2976.6000,2791.0000,3001.4000,3009.6000,3211.4000,3241.0000,0.0000,1,1,5,1,2,1,5,2,5,0
SF,IH2002,2019-12-24 09:31:26.100,2996.2000,101,0,0.000,0,-,-,-,-,2994.8000,2994.6000,2990.6000,2976.6000,2791.0000,3001.4000,3009.6000,3211.4000,3241.0000,0.0000,1,1,5,1,2,1,5,2,5,0
SF,IH2002,2019-12-24 09:31:27.100,2996.2000,101,0,0.000,0,-,-,-,-,2994.8000,2990.6000,2976.6000,2791.0000,2761.0000,3001.4000,3009.6000,3211.4000,3241.0000,0.0000,1,5,1,2,5,1,5,2,5,0
SF,IH2002,2019-12-24 09:31:35.100,2996.2000,101,0,0.000,0,-,-,-,-,2994.8000,2990.6000,2976.6000,2791.0000,2761.0000,3001.0000,3001.4000,3009.6000,3211.4000,3241.0000,1,5,1,2,5,1,1,5,2,5
SF,IH2002,2019-12-24 09:31:35.600,2996.2000,101,0,0.000,0,-,-,-,-,2994.8000,2990.6000,2976.6000,2791.0000,2761.0000,3000.8000,3001.0000,3009.6000,3211.4000,3241.0000,1,5,1,2,5,1,1,5,2,5
SF,IH2002,2019-12-24 09:31:37.100,2996.2000,101,0,0.000,0,-,-,-,-,2994.8000,2990.6000,2976.6000,2791.0000,2761.0000,3000.8000,3009.6000,3211.4000,3241.0000,0.0000,1,5,1,2,5,1,5,2,5,0
SF,IH2002,2019-12-24 09:31:38.100,2996.2000,101,0,0.000,0,-,-,-,-,2995.0000,2994.8000,2990.6000,2976.6000,2791.0000,3000.8000,3009.6000,3211.4000,3241.0000,0.0000,1,1,5,1,2,1,5,2,5,0
SF,IH2002,2019-12-24 09:31:39.100,2996.2000,101,0,0.000,0,-,-,-,-,2995.2000,2995.0000,2994.8000,2990.6000,2976.6000,3000.8000,3009.6000,3211.4000,3241.0000,0.0000,1,1,1,5,1,1,5,2,5,0
SF,IH2002,2019-12-24 09:31:39.600,2996.2000,101,0,0.000,0,-,-,-,-,2995.4000,2995.2000,2995.0000,2990.6000,2976.6000,3000.8000,3009.6000,3211.4000,3241.0000,0.0000,1,1,1,5,1,1,5,2,5,0
SF,IH2002,2019-12-24 09:31:40.600,2996.2000,101,0,0.000,0,-,-,-,-,2995.4000,2990.6000,2976.6000,2791.0000,2761.0000,3000.8000,3009.6000,3211.4000,3241.0000,0.0000,1,5,1,2,5,1,5,2,5,0
SF,IH2002,2019-12-24 09:31:45.100,2996.2000,101,0,0.000,0,-,-,-,-,2995.4000,2990.6000,2976.6000,2791.0000,2761.0000,3000.8000,3009.6000,3211.4000,3236.0000,3241.0000,1,5,1,2,5,1,5,2,1,5
SF,IH2002,2019-12-24 09:31:49.100,2996.2000,101,0,0.000,0,-,-,-,-,2995.6000,2995.4000,2990.6000,2976.6000,2791.0000,3000.8000,3009.6000,3211.4000,3236.0000,3241.0000,1,1,5,1,2,1,5,2,1,5
SF,IH2002,2019-12-24 09:31:49.600,2996.2000,101,0,0.000,0,-,-,-,-,2995.8000,2995.6000,2990.6000,2976.6000,2791.0000,3000.8000,3009.6000,3211.4000,3236.0000,3241.0000,1,1,5,1,2,1,5,2,1,5
SF,IH2002,2019-12-24 09:31:51.100,2996.2000,101,0,0.000,0,-,-,-,-,2996.2000,2995.8000,2990.6000,2976.6000,2791.0000,3000.8000,3009.6000,3211.4000,3236.0000,3241.0000,1,1,5,1,2,1,5,2,1,5
SF,IH2002,2019-12-24 09:31:51.600,2996.2000,101,0,0.000,0,-,-,-,-,2996.4000,2996.2000,2990.6000,2976.6000,2791.0000,3000.8000,3009.6000,3211.4000,3236.0000,3241.0000,1,1,5,1,2,1,5,2,1,5
SF,IH2002,2019-12-24 09:31:53.100,2996.2000,101,0,0.000,0,-,-,-,-,2996.4000,2990.6000,2976.6000,2791.0000,2761.0000,3000.6000,3000.8000,3009.6000,3211.4000,3236.0000,1,5,1,2,5,1,1,5,2,1
SF,IH2002,2019-12-24 09:31:53.600,2996.2000,101,0,0.000,0,-,-,-,-,2996.4000,2990.6000,2976.6000,2791.0000,2761.0000,3000.4000,3000.6000,3009.6000,3211.4000,3236.0000,1,5,1,2,5,1,1,5,2,1
SF,IH2002,2019-12-24 09:31:55.100,2996.2000,101,0,0.000,0,-,-,-,-,2996.4000,2990.6000,2976.6000,2791.0000,2761.0000,3000.2000,3000.4000,3009.6000,3211.4000,3236.0000,1,5,1,2,5,1,1,5,2,1
SF,IH2002,2019-12-24 09:31:55.600,2996.2000,101,0,0.000,0,-,-,-,-,2996.4000,2990.6000,2976.6000,2791.0000,2761.0000,3000.0000,3000.2000,3009.6000,3211.4000,3236.0000,1,5,1,2,5,1,2,5,2,1
SF,IH2002,2019-12-24 09:31:56.600,2996.2000,101,0,0.000,0,-,-,-,-,2996.4000,2990.6000,2976.6000,2791.0000,2761.0000,3000.0000,3000.2000,3009.6000,3211.4000,3236.0000,1,5,1,2,5,1,1,5,2,1
SF,IH2002,2019-12-24 09:31:57.100,2996.2000,101,0,0.000,0,-,-,-,-,2996.4000,2990.6000,2976.6000,2791.0000,2761.0000,3000.0000,3009.6000,3211.4000,3236.0000,3241.0000,1,5,1,2,5,1,5,2,1,5
SF,IH2002,2019-12-24 09:32:17.100,2996.2000,101,0,0.000,0,-,-,-,-,2996.4000,2990.6000,2976.6000,2791.0000,2761.0000,2999.8000,3000.0000,3009.6000,3211.4000,3236.0000,1,5,1,2,5,1,1,5,2,1
SF,IH2002,2019-12-24 09:32:17.600,2996.2000,101,0,0.000,0,-,-,-,-,2996.4000,2990.6000,2976.6000,2791.0000,2761.0000,2999.6000,2999.8000,3009.6000,3211.4000,3236.0000,1,5,1,2,5,1,1,5,2,1
SF,IH2002,2019-12-24 09:32:18.100,2996.2000,101,0,0.000,0,-,-,-,-,2996.4000,2990.6000,2976.6000,2791.0000,2761.0000,2999.8000,3009.6000,3211.4000,3236.0000,3241.0000,1,5,1,2,5,1,5,2,1,5
SF,IH2002,2019-12-24 09:32:18.600,2996.2000,101,0,0.000,0,-,-,-,-,2996.4000,2990.6000,2976.6000,2791.0000,2761.0000,2999.6000,2999.8000,3009.6000,3211.4000,3236.0000,1,5,1,2,5,1,1,5,2,1
SF,IH2002,2019-12-24 09:32:19.100,2996.2000,101,0,0.000,0,-,-,-,-,2996.4000,2990.6000,2976.6000,2791.0000,2761.0000,2999.8000,3009.6000,3211.4000,3236.0000,3241.0000,1,5,1,2,5,1,5,2,1,5
SF,IH2002,2019-12-24 09:32:19.600,2996.2000,101,0,0.000,0,-,-,-,-,2996.4000,2990.6000,2976.6000,2791.0000,2761.0000,2999.6000,3009.6000,3211.4000,3236.0000,3241.0000,1,5,1,2,5,1,5,2,1,5
SF,IH2002,2019-12-24 09:32:20.100,2996.2000,101,0,0.000,0,-,-,-,-,2996.4000,2990.6000,2976.6000,2791.0000,2761.0000,3009.6000,3211.4000,3236.0000,3241.0000,0.0000,1,5,1,2,5,5,2,1,5,0
SF,IH2002,2019-12-24 09:32:20.600,2996.2000,101,0,0.000,0,-,-,-,-,2996.4000,2990.6000,2976.6000,2791.0000,2761.0000,3009.4000,3009.6000,3211.4000,3236.0000,3241.0000,1,5,1,2,5,4,5,2,1,5
SF,IH2002,2019-12-24 09:32:22.100,2996.2000,101,0,0.000,0,-,-,-,-,2996.4000,2990.6000,2976.6000,2791.0000,2761.0000,3005.4000,3007.8000,3008.2000,3009.4000,3009.6000,1,5,1,2,5,1,1,1,2,5
SF,IH2002,2019-12-24 09:32:22.600,2996.2000,101,0,0.000,0,-,-,-,-,2996.4000,2990.6000,2976.6000,2791.0000,2761.0000,3005.2000,3005.4000,3007.8000,3008.2000,3009.4000,1,5,1,2,5,1,1,1,1,1
SF,IH2002,2019-12-24 09:32:23.100,2996.2000,101,0,0.000,0,-,-,-,-,2996.4000,2990.6000,2976.6000,2791.0000,2761.0000,3005.2000,3005.4000,3008.2000,3009.4000,3009.6000,1,5,1,2,5,1,1,1,1,5
SF,IH2002,2019-12-24 09:32:23.600,2996.2000,101,0,0.000,0,-,-,-,-,2996.4000,2990.6000,2985.8000,2976.6000,2791.0000,3004.2000,3004.6000,3005.2000,3008.2000,3009.4000,1,5,2,1,2,2,1,1,1,1
SF,IH2002,2019-12-24 09:32:24.100,2996.2000,101,0,0.000,0,-,-,-,-,2996.8000,2996.4000,2990.6000,2985.8000,2976.6000,3004.0000,3004.2000,3004.6000,3008.2000,3009.4000,1,1,5,2,1,1,2,1,1,1
SF,IH2002,2019-12-24 09:32:24.600,2996.2000,101,0,0.000,0,-,-,-,-,2997.0000,2996.8000,2990.6000,2985.8000,2976.6000,3004.0000,3004.2000,3004.6000,3008.2000,3009.4000,1,1,5,2,1,1,1,1,1,1
SF,IH2002,2019-12-24 09:32:25.100,2996.2000,101,0,0.000,0,-,-,-,-,2997.0000,2996.8000,2990.6000,2985.8000,2976.6000,3004.0000,3004.2000,3004.6000,3008.2000,3009.4000,1,1,5,2,1,1,1,1,1,1
SF,IH2002,2019-12-24 09:32:25.600,2996.2000,101,0,0.000,0,-,-,-,-,2997.0000,2996.8000,2990.6000,2985.8000,2976.6000,3004.0000,3004.6000,3008.2000,3009.4000,3009.6000,1,1,5,2,1,1,1,1,1,5
SF,IH2002,2019-12-24 09:32:26.100,2996.2000,101,0,0.000,0,-,-,-,-,2997.0000,2996.8000,2990.6000,2985.8000,2976.6000,3002.8000,3004.0000,3004.6000,3009.4000,3009.6000,1,1,5,2,1,1,1,1,1,5
SF,IH2002,2019-12-24 09:32:26.600,2996.2000,101,0,0.000,0,-,-,-,-,2997.0000,2996.8000,2990.6000,2985.8000,2976.6000,3002.6000,3002.8000,3004.6000,3009.4000,3009.6000,1,1,5,2,1,1,1,1,1,5
SF,IH2002,2019-12-24 09:32:27.100,2996.2000,101,0,0.000,0,-,-,-,-,2997.0000,2996.8000,2990.6000,2985.8000,2976.6000,3002.6000,3002.8000,3004.6000,3009.4000,3009.6000,1,1,5,2,1,1,1,1,1,5
SF,IH2002,2019-12-24 09:32:27.600,2996.2000,101,0,0.000,0,-,-,-,-,2997.0000,2996.8000,2990.6000,2985.8000,2976.6000,3001.8000,3002.6000,3004.6000,3009.4000,3009.6000,1,1,5,2,1,1,1,1,1,5
SF,IH2002,2019-12-24 09:32:28.100,2996.2000,101,0,0.000,0,-,-,-,-,2997.0000,2996.8000,2990.6000,2985.8000,2976.6000,3001.6000,3001.8000,3004.6000,3009.4000,3009.6000,1,1,5,2,1,1,1,1,1,5
SF,IH2002,2019-12-24 09:32:29.600,2996.2000,101,0,0.000,0,-,-,-,-,2997.0000,2996.8000,2990.6000,2985.8000,2976.6000,3000.8000,3001.6000,3004.6000,3009.4000,3009.6000,1,1,5,2,1,1,1,1,1,5
SF,IH2002,2019-12-24 09:32:30.100,2996.2000,101,0,0.000,0,-,-,-,-,2997.0000,2996.8000,2990.6000,2985.8000,2976.6000,3000.6000,3000.8000,3004.6000,3009.4000,3009.6000,1,1,5,2,1,1,1,1,1,5
SF,IH2002,2019-12-24 09:32:31.600,2996.2000,101,0,0.000,0,-,-,-,-,2997.0000,2996.8000,2990.6000,2985.8000,2976.6000,3000.6000,3004.6000,3009.4000,3009.6000,3014.2000,1,1,5,2,1,1,1,1,5,2
SF,IH2002,2019-12-24 09:32:32.600,3000.6000,100,-1,900180.000,1,0,1,双平,S,2997.0000,2996.8000,2990.6000,2985.8000,2976.6000,3004.6000,3009.4000,3009.6000,3014.2000,3211.4000,1,1,5,2,1,1,1,5,2,2
SF,IH2002,2019-12-24 09:32:33.100,3000.6000,100,0,900180.000,0,-,-,-,-,2997.0000,2996.8000,2990.6000,2985.8000,2976.6000,3004.4000,3004.6000,3009.4000,3009.6000,3014.2000,1,1,5,2,1,1,1,1,5,2
SF,IH2002,2019-12-24 09:32:33.600,3000.6000,100,0,900180.000,0,-,-,-,-,2997.0000,2996.8000,2990.6000,2985.8000,2976.6000,3004.4000,3004.6000,3009.4000,3009.6000,3014.2000,1,1,5,2,1,4,1,1,5,2
SF,IH2002,2019-12-24 09:32:35.100,3000.6000,100,0,900180.000,0,-,-,-,-,2997.0000,2996.8000,2990.6000,2985.8000,2976.6000,3004.0000,3004.4000,3004.6000,3009.4000,3009.6000,1,1,5,2,1,1,1,1,1,5
SF,IH2002,2019-12-24 09:32:35.600,3000.6000,100,0,900180.000,0,-,-,-,-,2997.0000,2996.8000,2990.6000,2985.8000,2976.6000,3003.8000,3004.0000,3004.6000,3009.4000,3009.6000,1,1,5,2,1,1,1,1,1,5
SF,IH2002,2019-12-24 09:32:37.100,3000.6000,100,0,900180.000,0,-,-,-,-,2997.0000,2996.8000,2990.6000,2985.8000,2976.6000,3003.8000,3004.0000,3004.6000,3009.4000,3009.6000,1,1,5,2,1,4,1,1,1,5
SF,IH2002,2019-12-24 09:32:38.600,3000.6000,100,0,900180.000,0,-,-,-,-,2997.0000,2996.8000,2990.6000,2985.8000,2976.6000,3003.6000,3003.8000,3004.6000,3009.4000,3009.6000,1,1,5,2,1,1,1,1,1,5
SF,IH2002,2019-12-24 09:32:39.100,3000.6000,100,0,900180.000,0,-,-,-,-,2997.2000,2997.0000,2996.8000,2990.6000,2985.8000,3003.4000,3003.6000,3004.6000,3009.4000,3009.6000,1,1,1,5,2,1,1,1,1,5
SF,IH2002,2019-12-24 09:32:39.600,3000.6000,100,0,900180.000,0,-,-,-,-,2997.4000,2997.2000,2990.6000,2985.8000,2976.6000,3003.4000,3003.6000,3004.6000,3009.4000,3009.6000,1,1,5,2,1,1,1,1,1,5
SF,IH2002,2019-12-24 09:32:40.100,3000.6000,100,0,900180.000,0,-,-,-,-,2997.4000,2997.2000,2990.6000,2985.8000,2976.6000,3003.4000,3004.6000,3009.4000,3009.6000,3014.2000,1,1,5,2,1,1,1,1,5,2
SF,IH2002,2019-12-24 09:32:41.100,3000.6000,100,0,900180.000,0,-,-,-,-,2997.4000,2990.6000,2985.8000,2976.6000,2791.0000,3003.4000,3004.6000,3009.4000,3009.6000,3014.2000,1,5,2,1,2,1,1,1,5,2
SF,IH2002,2019-12-24 09:32:45.600,3000.6000,100,0,900180.000,0,-,-,-,-,2997.4000,2990.6000,2985.8000,2976.6000,2791.0000,3003.4000,3004.6000,3009.4000,3009.6000,3014.2000,1,5,2,1,2,4,1,1,5,2
SF,IH2002,2019-12-24 09:32:46.100,3000.6000,100,0,900180.000,0,-,-,-,-,2997.4000,2990.6000,2985.8000,2976.6000,2791.0000,3003.4000,3004.6000,3009.4000,3009.6000,3014.2000,1,5,2,1,2,1,1,1,5,2
SF,IH2002,2019-12-24 09:32:47.600,3000.6000,100,0,900180.000,0,-,-,-,-,2997.4000,2990.6000,2985.8000,2976.6000,2791.0000,3003.2000,3003.4000,3004.6000,3009.4000,3009.6000,1,5,2,1,2,1,1,1,1,5
SF,IH2002,2019-12-24 09:32:48.100,3000.6000,100,0,900180.000,0,-,-,-,-,2997.4000,2990.6000,2985.8000,2976.6000,2791.0000,3003.0000,3003.2000,3004.6000,3009.4000,3009.6000,1,5,2,1,2,1,1,1,1,5
SF,IH2002,2019-12-24 09:32:50.100,3000.6000,100,0,900180.000,0,-,-,-,-,2997.6000,2997.4000,2990.6000,2985.8000,2976.6000,3003.0000,3003.2000,3004.6000,3009.4000,3009.6000,1,1,5,2,1,1,1,1,1,5
SF,IH2002,2019-12-24 09:32:50.600,3000.6000,100,0,900180.000,0,-,-,-,-,2997.8000,2997.6000,2990.6000,2985.8000,2976.6000,3003.0000,3003.2000,3004.6000,3009.4000,3009.6000,1,1,5,2,1,1,1,1,1,5
SF,IH2002,2019-12-24 09:32:52.100,3000.6000,100,0,900180.000,0,-,-,-,-,2997.8000,2990.6000,2985.8000,2976.6000,2791.0000,3003.0000,3003.2000,3004.6000,3009.4000,3009.6000,1,5,2,1,2,1,1,1,1,5
SF,IH2002,2019-12-24 09:32:53.100,3000.6000,100,0,900180.000,0,-,-,-,-,2997.8000,2990.6000,2985.8000,2976.6000,2791.0000,3002.8000,3003.0000,3003.2000,3004.6000,3009.4000,1,5,2,1,2,1,1,1,1,1
SF,IH2002,2019-12-24 09:32:55.100,3002.8000,99,-1,1801020.000,1,0,1,双平,S,2997.8000,2990.6000,2985.8000,2976.6000,2791.0000,3003.0000,3003.2000,3004.6000,3009.4000,3009.6000,1,5,2,1,2,1,1,1,1,5
SF,IH2002,2019-12-24 09:32:57.100,3002.8000,99,0,1801020.000,0,-,-,-,-,2997.8000,2990.6000,2985.8000,2976.6000,2791.0000,3002.4000,3002.8000,3003.0000,3003.2000,3004.6000,1,5,2,1,2,1,2,1,1,1
SF,IH2002,2019-12-24 09:32:57.600,3002.8000,99,0,1801020.000,0,-,-,-,-,2997.8000,2990.6000,2985.8000,2976.6000,2791.0000,3002.2000,3002.4000,3002.8000,3003.2000,3004.6000,1,5,2,1,2,1,1,2,1,1
SF,IH2002,2019-12-24 09:32:58.600,3002.8000,99,0,1801020.000,0,-,-,-,-,2997.8000,2990.6000,2985.8000,2976.6000,2791.0000,3002.2000,3002.8000,3003.2000,3004.6000,3009.4000,1,5,2,1,2,1,2,1,1,1
SF,IH2002,2019-12-24 09:32:59.100,3002.8000,99,0,1801020.000,0,-,-,-,-,2997.8000,2990.6000,2985.8000,2976.6000,2791.0000,3002.2000,3002.8000,3003.2000,3004.6000,3009.4000,1,5,2,1,2,1,1,1,1,1
SF,IH2002,2019-12-24 09:32:59.600,3002.8000,99,0,1801020.000,0,-,-,-,-,2998.0000,2997.8000,2990.6000,2985.8000,2976.6000,3002.2000,3002.8000,3003.2000,3004.6000,3009.4000,1,1,5,2,1,1,1,1,1,1
SF,IH2002,2019-12-24 09:33:00.100,3002.8000,99,0,1801020.000,0,-,-,-,-,2998.2000,2998.0000,2990.6000,2985.8000,2976.6000,3002.2000,3002.8000,3003.2000,3004.6000,3009.4000,1,1,5,2,1,1,1,1,1,1
SF,IH2002,2019-12-24 09:33:01.100,3002.8000,99,0,1801020.000,0,-,-,-,-,2998.2000,2990.6000,2985.8000,2976.6000,2791.0000,3002.2000,3002.8000,3003.2000,3004.6000,3009.4000,1,5,2,1,2,1,1,1,1,1
SF,IH2002,2019-12-24 09:33:09.100,3002.8000,99,0,1801020.000,0,-,-,-,-,2998.2000,2990.6000,2985.8000,2976.6000,2791.0000,3001.8000,3002.2000,3003.2000,3004.6000,3009.4000,1,5,2,1,2,1,1,1,1,1
SF,IH2002,2019-12-24 09:33:09.600,3002.8000,99,0,1801020.000,0,-,-,-,-,2998.2000,2990.6000,2985.8000,2976.6000,2791.0000,3001.6000,3001.8000,3003.2000,3004.6000,3009.4000,1,5,2,1,2,1,1,1,1,1
SF,IH2002,2019-12-24 09:33:14.600,3002.8000,99,0,1801020.000,0,-,-,-,-,2998.2000,2990.6000,2985.8000,2976.6000,2791.0000,3001.4000,3001.6000,3001.8000,3003.2000,3004.6000,1,5,2,1,2,1,1,1,1,1
SF,IH2002,2019-12-24 09:33:15.100,3002.8000,99,0,1801020.000,0,-,-,-,-,2998.2000,2990.6000,2985.8000,2976.6000,2791.0000,3001.2000,3001.4000,3001.8000,3003.2000,3004.6000,1,5,2,1,2,1,1,1,1,1
SF,IH2002,2019-12-24 09:33:15.600,3002.8000,99,0,1801020.000,0,-,-,-,-,2998.2000,2998.0000,2990.6000,2985.8000,2976.6000,3001.2000,3001.4000,3001.8000,3003.2000,3004.6000,1,5,5,2,1,1,1,1,1,1
SF,IH2002,2019-12-24 09:33:20.600,3002.8000,99,0,1801020.000,0,-,-,-,-,2998.2000,2998.0000,2990.6000,2985.8000,2976.6000,3001.2000,3001.8000,3003.2000,3004.6000,3009.4000,1,5,5,2,1,1,1,1,1,1
SF,IH2002,2019-12-24 09:33:21.600,3002.8000,99,0,1801020.000,0,-,-,-,-,2998.2000,2998.0000,2990.6000,2985.8000,2976.6000,3001.0000,3001.2000,3001.8000,3003.2000,3004.6000,1,5,5,2,1,1,1,1,1,1
SF,IH2002,2019-12-24 09:33:22.100,3002.8000,99,0,1801020.000,0,-,-,-,-,2998.2000,2998.0000,2990.6000,2985.8000,2976.6000,3000.8000,3001.0000,3001.8000,3003.2000,3004.6000,1,5,5,2,1,1,1,1,1,1
SF,IH2002,2019-12-24 09:33:24.600,3002.8000,99,0,1801020.000,0,-,-,-,-,2998.2000,2998.0000,2990.6000,2985.8000,2976.6000,3000.8000,3001.0000,3001.8000,3003.2000,3009.4000,1,5,5,2,1,1,1,1,1,1
SF,IH2002,2019-12-24 09:33:25.100,3002.8000,99,0,1801020.000,0,-,-,-,-,2998.2000,2998.0000,2990.6000,2985.8000,2976.6000,3001.0000,3001.8000,3003.2000,3009.4000,3009.6000,1,5,5,2,1,1,1,1,1,5
SF,IH2002,2019-12-24 09:33:25.600,3002.8000,99,0,1801020.000,0,-,-,-,-,2998.2000,2998.0000,2990.6000,2985.8000,2976.6000,3000.8000,3001.8000,3003.2000,3009.4000,3009.6000,1,5,5,2,1,1,1,1,1,5
SF,IH2002,2019-12-24 09:33:26.100,3002.8000,99,0,1801020.000,0,-,-,-,-,2998.2000,2998.0000,2990.6000,2985.8000,2976.6000,3001.8000,3003.2000,3009.4000,3009.6000,3014.2000,1,5,5,2,1,1,1,1,5,2
SF,IH2002,2019-12-24 09:33:26.600,3002.8000,99,0,1801020.000,0,-,-,-,-,2998.2000,2998.0000,2990.6000,2985.8000,2976.6000,3001.6000,3001.8000,3003.2000,3009.4000,3009.6000,1,5,5,2,1,1,1,1,1,5
SF,IH2002,2019-12-24 09:33:39.100,3002.8000,99,0,1801020.000,0,-,-,-,-,2998.2000,2998.0000,2990.6000,2985.8000,2976.6000,3001.4000,3001.6000,3001.8000,3003.2000,3009.4000,1,5,5,2,1,1,1,1,1,1
SF,IH2002,2019-12-24 09:33:39.600,3002.8000,99,0,1801020.000,0,-,-,-,-,2998.2000,2998.0000,2990.6000,2985.8000,2976.6000,3001.2000,3001.4000,3001.8000,3003.2000,3009.4000,1,5,5,2,1,1,1,1,1,1
SF,IH2002,2019-12-24 09:33:42.600,3002.8000,99,0,1801020.000,0,-,-,-,-,2998.2000,2998.0000,2990.6000,2985.8000,2976.6000,3001.2000,3001.4000,3003.2000,3009.4000,3009.6000,1,5,5,2,1,1,1,1,1,5
SF,IH2002,2019-12-24 09:33:46.600,3002.8000,99,0,1801020.000,0,-,-,-,-,2998.2000,2998.0000,2990.6000,2985.8000,2976.6000,3001.2000,3001.4000,3009.4000,3009.6000,3014.2000,1,5,5,2,1,1,1,1,5,2
SF,IH2002,2019-12-24 09:33:50.100,3002.8000,99,0,1801020.000,0,-,-,-,-,2998.2000,2998.0000,2990.6000,2985.8000,2976.6000,3001.2000,3009.4000,3009.6000,3014.2000,3211.4000,1,5,5,2,1,1,1,5,2,2
SF,IH2002,2019-12-24 09:33:50.600,3002.8000,99,0,1801020.000,0,-,-,-,-,2998.2000,2998.0000,2990.6000,2985.8000,2976.6000,3009.4000,3009.6000,3014.2000,3211.4000,3236.0000,1,5,5,2,1,1,5,2,2,1
SF,IH2002,2019-12-24 09:33:51.100,3002.8000,99,0,1801020.000,0,-,-,-,-,2998.2000,2998.0000,2990.6000,2985.8000,2976.6000,3007.0000,3009.2000,3009.4000,3009.6000,3014.2000,1,5,5,2,1,3,1,1,5,2
SF,IH2002,2019-12-24 09:33:51.600,3002.8000,99,0,1801020.000,0,-,-,-,-,2998.2000,2998.0000,2990.6000,2985.8000,2976.6000,3006.8000,3007.0000,3009.4000,3009.6000,3014.2000,1,5,5,2,1,1,3,1,5,2
SF,IH2002,2019-12-24 09:33:52.600,3002.8000,99,0,1801020.000,0,-,-,-,-,2998.2000,2998.0000,2990.6000,2985.8000,2976.6000,3006.2000,3006.8000,3007.0000,3009.4000,3009.6000,1,5,5,2,1,2,1,3,1,5
SF,IH2002,2019-12-24 09:33:53.100,3002.8000,99,0,1801020.000,0,-,-,-,-,2998.2000,2998.0000,2990.6000,2985.8000,2976.6000,3005.4000,3006.0000,3006.2000,3007.0000,3009.4000,1,5,5,2,1,1,1,2,3,1
SF,IH2002,2019-12-24 09:33:53.600,3002.8000,99,0,1801020.000,0,-,-,-,-,2998.2000,2998.0000,2990.6000,2985.8000,2976.6000,3005.2000,3005.4000,3006.2000,3007.0000,3009.4000,1,5,5,2,1,2,1,1,3,1
SF,IH2002,2019-12-24 09:33:55.100,3002.8000,99,0,1801020.000,0,-,-,-,-,2998.2000,2998.0000,2990.6000,2985.8000,2976.6000,3005.0000,3005.2000,3005.4000,3007.0000,3009.4000,1,5,5,2,1,1,2,1,3,1
SF,IH2002,2019-12-24 09:33:55.600,3002.8000,99,0,1801020.000,0,-,-,-,-,2998.2000,2998.0000,2990.6000,2985.8000,2976.6000,3004.6000,3004.8000,3005.0000,3007.0000,3009.4000,1,5,5,2,1,2,1,1,3,1
SF,IH2002,2019-12-24 09:33:56.100,3002.8000,99,0,1801020.000,0,-,-,-,-,2998.2000,2998.0000,2990.6000,2985.8000,2976.6000,3003.2000,3004.2000,3004.4000,3004.6000,3005.0000,1,5,5,2,1,1,1,1,2,1
SF,IH2002,2019-12-24 09:33:56.600,3002.8000,99,0,1801020.000,0,-,-,-,-,2998.2000,2998.0000,2990.6000,2985.8000,2976.6000,3003.0000,3003.2000,3004.2000,3004.6000,3009.4000,1,5,5,2,1,1,1,1,1,1
SF,IH2002,2019-12-24 09:33:57.600,3002.8000,99,0,1801020.000,0,-,-,-,-,2998.2000,2998.0000,2990.6000,2985.8000,2976.6000,3002.8000,3003.0000,3004.2000,3009.4000,3009.6000,1,5,5,2,1,2,1,1,1,5
SF,IH2002,2019-12-24 09:33:58.100,3002.8000,99,0,1801020.000,0,-,-,-,-,2998.2000,2998.0000,2990.6000,2985.8000,2976.6000,3002.6000,3002.8000,3004.2000,3009.4000,3009.6000,1,5,5,2,1,1,2,1,1,5
SF,IH2002,2019-12-24 09:33:59.100,3002.8000,99,0,1801020.000,0,-,-,-,-,2998.2000,2998.0000,2990.6000,2985.8000,2976.6000,3002.4000,3002.6000,3009.4000,3009.6000,3014.2000,1,5,5,2,1,2,1,1,5,2
SF,IH2002,2019-12-24 09:33:59.600,3002.8000,99,0,1801020.000,0,-,-,-,-,2998.2000,2998.0000,2990.6000,2985.8000,2976.6000,3002.2000,3002.4000,3009.4000,3009.6000,3014.2000,1,5,5,2,1,1,2,1,5,2
SF,IH2002,2019-12-24 09:34:00.100,3002.8000,99,0,1801020.000,0,-,-,-,-,2998.2000,2998.0000,2990.6000,2985.8000,2976.6000,3002.0000,3002.2000,3002.4000,3009.4000,3009.6000,1,5,5,2,1,1,1,2,1,5
SF,IH2002,2019-12-24 09:34:00.600,3002.8000,99,0,1801020.000,0,-,-,-,-,2998.2000,2998.0000,2990.6000,2985.8000,2976.6000,3001.8000,3002.0000,3002.4000,3009.4000,3009.6000,1,5,5,2,1,1,1,1,1,5
SF,IH2002,2019-12-24 09:34:03.100,3002.8000,99,0,1801020.000,0,-,-,-,-,2998.2000,2998.0000,2990.6000,2985.8000,2976.6000,3001.8000,3002.0000,3009.4000,3009.6000,3014.2000,1,5,5,2,1,1,1,1,5,2
SF,IH2002,2019-12-24 09:34:11.600,3002.8000,99,0,1801020.000,0,-,-,-,-,2998.2000,2998.0000,2990.6000,2985.8000,2976.6000,3001.6000,3001.8000,3002.0000,3009.4000,3009.6000,1,5,5,2,1,1,1,1,1,5
SF,IH2002,2019-12-24 09:34:12.100,3002.8000,99,0,1801020.000,0,-,-,-,-,2998.2000,2998.0000,2990.6000,2985.8000,2976.6000,3001.4000,3001.6000,3002.0000,3009.4000,3009.6000,1,5,5,2,1,1,1,1,1,5
SF,IH2002,2019-12-24 09:34:17.600,3002.8000,99,0,1801020.000,0,-,-,-,-,2998.2000,2998.0000,2990.6000,2985.8000,2976.6000,3001.4000,3002.0000,3009.4000,3009.6000,3014.2000,1,5,5,2,1,1,1,1,5,2
SF,IH2002,2019-12-24 09:34:24.100,3002.8000,99,0,1801020.000,0,-,-,-,-,2998.2000,2998.0000,2990.6000,2985.8000,2976.6000,3001.4000,3002.0000,3002.6000,3009.4000,3009.6000,1,5,5,2,1,1,1,1,1,5
SF,IH2002,2019-12-24 09:34:24.600,3002.8000,99,0,1801020.000,0,-,-,-,-,2998.2000,2998.0000,2990.6000,2985.8000,2976.6000,3001.4000,3002.6000,3009.4000,3009.6000,3014.2000,1,5,5,2,1,1,1,1,5,2
SF,IH2002,2019-12-24 09:34:27.100,3002.8000,99,0,1801020.000,0,-,-,-,-,2998.2000,2998.0000,2990.6000,2985.8000,2976.6000,3001.4000,3002.0000,3002.6000,3009.4000,3014.2000,1,5,5,2,1,1,5,1,1,2
SF,IH2002,2019-12-24 09:34:34.600,3002.8000,99,0,1801020.000,0,-,-,-,-,2998.2000,2998.0000,2990.6000,2985.8000,2976.6000,3001.4000,3002.6000,3005.8000,3009.4000,3014.2000,1,5,5,2,1,1,1,5,1,2
SF,IH2002,2019-12-24 09:34:36.100,3002.8000,99,0,1801020.000,0,-,-,-,-,2998.2000,2998.0000,2990.6000,2985.8000,2976.6000,3001.0000,3001.4000,3002.6000,3005.8000,3009.4000,1,5,5,2,1,1,1,1,5,1
SF,IH2002,2019-12-24 09:34:36.600,3002.8000,99,0,1801020.000,0,-,-,-,-,2998.2000,2998.0000,2990.6000,2985.8000,2976.6000,3000.8000,3001.0000,3002.6000,3005.8000,3009.4000,1,5,5,2,1,1,1,1,5,1
SF,IH2002,2019-12-24 09:34:38.100,3002.8000,99,0,1801020.000,0,-,-,-,-,2998.2000,2998.0000,2990.6000,2985.8000,2976.6000,3000.6000,3000.8000,3002.6000,3005.8000,3009.4000,1,5,5,2,1,1,1,1,5,1
SF,IH2002,2019-12-24 09:34:38.600,3002.8000,99,0,1801020.000,0,-,-,-,-,2998.2000,2998.0000,2990.6000,2985.8000,2976.6000,3000.6000,3002.6000,3005.8000,3009.4000,3014.2000,1,5,5,2,1,1,1,5,1,2
SF,IH2002,2019-12-24 09:34:52.100,3002.8000,99,0,1801020.000,0,-,-,-,-,2998.2000,2998.0000,2990.6000,2985.8000,2976.6000,3002.6000,3005.8000,3009.4000,3014.2000,3211.4000,1,5,5,2,1,1,5,1,2,2
SF,IH2002,2019-12-24 09:34:52.600,3002.8000,99,0,1801020.000,0,-,-,-,-,2998.2000,2998.0000,2990.6000,2985.8000,2976.6000,3002.4000,3002.6000,3005.8000,3009.4000,3014.2000,1,5,5,2,1,1,1,5,1,2
SF,IH2002,2019-12-24 09:34:53.100,3002.8000,99,0,1801020.000,0,-,-,-,-,2998.2000,2998.0000,2990.6000,2985.8000,2976.6000,3001.8000,3002.4000,3002.6000,3005.8000,3009.4000,1,5,5,2,1,1,1,1,5,1
SF,IH2002,2019-12-24 09:34:53.600,3002.8000,99,0,1801020.000,0,-,-,-,-,2998.2000,2998.0000,2990.6000,2985.8000,2976.6000,3001.6000,3001.8000,3002.6000,3005.8000,3009.4000,1,5,5,2,1,1,1,1,5,1
SF,IH2002,2019-12-24 09:34:57.100,3002.8000,99,0,1801020.000,0,-,-,-,-,2998.2000,2998.0000,2990.6000,2985.8000,2976.6000,3001.6000,3002.6000,3005.8000,3009.4000,3014.2000,1,5,5,2,1,1,1,5,1,2
SF,IH2002,2019-12-24 09:34:57.600,3002.8000,99,0,1801020.000,0,-,-,-,-,2998.2000,2998.0000,2990.6000,2985.8000,2976.6000,3001.4000,3001.6000,3002.6000,3005.8000,3009.4000,1,5,5,2,1,1,1,1,5,1
SF,IH2002,2019-12-24 09:34:58.100,3002.8000,99,0,1801020.000,0,-,-,-,-,2998.2000,2998.0000,2990.6000,2985.8000,2976.6000,3001.2000,3001.4000,3002.6000,3005.8000,3009.4000,1,5,5,2,1,1,1,1,5,1
SF,IH2002,2019-12-24 09:34:58.600,3002.8000,99,0,1801020.000,0,-,-,-,-,2998.2000,2998.0000,2990.6000,2985.8000,2976.6000,3001.2000,3002.6000,3005.8000,3009.4000,3014.2000,1,5,5,2,1,1,1,5,1,2
SF,IH2002,2019-12-24 09:34:59.100,3002.8000,99,0,1801020.000,0,-,-,-,-,2998.2000,2998.0000,2990.6000,2985.8000,2976.6000,3002.6000,3005.8000,3009.4000,3014.2000,3211.4000,1,5,5,2,1,1,5,1,2,2
SF,IH2002,2019-12-24 09:34:59.600,3002.8000,99,0,1801020.000,0,-,-,-,-,2998.2000,2998.0000,2990.6000,2985.8000,2976.6000,3002.4000,3002.6000,3005.8000,3009.4000,3014.2000,1,5,5,2,1,1,1,5,1,2
SF,IH2002,2019-12-24 09:35:01.100,3002.8000,99,0,1801020.000,0,-,-,-,-,2998.2000,2998.0000,2990.6000,2985.8000,2976.6000,3002.0000,3002.4000,3002.6000,3005.8000,3009.4000,1,5,5,2,1,1,1,1,5,1
SF,IH2002,2019-12-24 09:35:01.600,3002.8000,99,0,1801020.000,0,-,-,-,-,2998.2000,2998.0000,2990.6000,2985.8000,2976.6000,3001.8000,3002.0000,3002.6000,3005.8000,3009.4000,1,5,5,2,1,1,1,1,5,1
SF,IH2002,2019-12-24 09:35:02.600,3002.8000,99,0,1801020.000,0,-,-,-,-,2998.2000,2998.0000,2990.6000,2985.8000,2976.6000,3001.8000,3002.6000,3005.8000,3009.4000,3014.2000,1,5,5,2,1,1,1,5,1,2
SF,IH2002,2019-12-24 09:35:03.100,3002.8000,99,0,1801020.000,0,-,-,-,-,2998.2000,2998.0000,2990.6000,2985.8000,2976.6000,3001.4000,3001.8000,3002.6000,3005.8000,3009.4000,1,5,5,2,1,1,1,1,5,1
SF,IH2002,2019-12-24 09:35:03.600,3002.8000,99,0,1801020.000,0,-,-,-,-,2998.2000,2998.0000,2990.6000,2985.8000,2976.6000,3001.4000,3002.6000,3005.8000,3009.4000,3014.2000,1,5,5,2,1,1,1,5,1,2
SF,IH2002,2019-12-24 09:35:04.600,3002.8000,99,0,1801020.000,0,-,-,-,-,2998.2000,2998.0000,2990.6000,2985.8000,2976.6000,3001.2000,3002.6000,3005.8000,3009.4000,3014.2000,1,5,5,2,1,1,1,5,1,2
SF,IH2002,2019-12-24 09:35:05.100,3002.8000,99,0,1801020.000,0,-,-,-,-,2998.2000,2998.0000,2990.6000,2985.8000,2976.6000,3002.6000,3005.8000,3009.4000,3014.2000,3211.4000,1,5,5,2,1,1,5,1,2,2
SF,IH2002,2019-12-24 09:35:05.600,3002.8000,99,0,1801020.000,0,-,-,-,-,2998.2000,2998.0000,2990.6000,2985.8000,2976.6000,3002.4000,3002.6000,3005.8000,3009.4000,3014.2000,1,5,5,2,1,1,1,5,1,2
SF,IH2002,2019-12-24 09:35:06.600,3002.8000,99,0,1801020.000,0,-,-,-,-,2998.2000,2998.0000,2990.6000,2985.8000,2976.6000,3001.8000,3002.4000,3002.6000,3005.8000,3009.4000,1,5,5,2,1,1,1,1,5,1
SF,IH2002,2019-12-24 09:35:07.100,3002.8000,99,0,1801020.000,0,-,-,-,-,2998.2000,2998.0000,2990.6000,2985.8000,2976.6000,3001.6000,3001.8000,3002.6000,3005.8000,3009.4000,1,5,5,2,1,1,1,1,5,1
SF,IH2002,2019-12-24 09:35:09.600,3002.8000,99,0,1801020.000,0,-,-,-,-,2998.2000,2998.0000,2990.6000,2985.8000,2976.6000,3001.4000,3001.6000,3002.6000,3005.8000,3009.4000,1,5,5,2,1,1,1,1,5,1
SF,IH2002,2019-12-24 09:35:10.100,3002.8000,99,0,1801020.000,0,-,-,-,-,2998.2000,2998.0000,2990.6000,2985.8000,2976.6000,3001.2000,3001.4000,3002.6000,3005.8000,3009.4000,1,5,5,2,1,1,1,1,5,1
SF,IH2002,2019-12-24 09:35:16.100,3002.8000,99,0,1801020.000,0,-,-,-,-,2998.2000,2998.0000,2990.6000,2985.8000,2976.6000,3000.8000,3001.2000,3001.4000,3002.6000,3005.8000,1,5,5,2,1,1,1,1,1,5
SF,IH2002,2019-12-24 09:35:16.600,3002.8000,99,0,1801020.000,0,-,-,-,-,2998.2000,2998.0000,2990.6000,2985.8000,2976.6000,3000.8000,3001.4000,3002.6000,3005.8000,3009.4000,1,5,5,2,1,1,1,1,5,1
SF,IH2002,2019-12-24 09:35:17.600,3002.8000,99,0,1801020.000,0,-,-,-,-,2998.2000,2998.0000,2990.6000,2985.8000,2976.6000,3000.8000,3002.6000,3005.8000,3009.4000,3014.2000,1,5,5,2,1,1,1,5,1,2
SF,IH2002,2019-12-24 09:35:33.600,3002.8000,99,0,1801020.000,0,-,-,-,-,2998.2000,2998.0000,2990.6000,2985.8000,2976.6000,3002.6000,3005.8000,3009.4000,3014.2000,3211.4000,1,5,5,2,1,1,5,1,2,2
SF,IH2002,2019-12-24 09:35:34.100,3002.8000,99,0,1801020.000,0,-,-,-,-,2998.2000,2998.0000,2990.6000,2985.8000,2976.6000,3002.4000,3002.6000,3005.8000,3009.4000,3014.2000,1,5,5,2,1,1,1,5,1,2
SF,IH2002,2019-12-24 09:35:43.100,3002.8000,99,0,1801020.000,0,-,-,-,-,2998.2000,2998.0000,2990.6000,2985.8000,2976.6000,3002.4000,3002.6000,3005.8000,3009.4000,3014.2000,4,5,5,2,1,1,1,5,1,2
SF,IH2002,2019-12-24 09:35:43.600,3002.8000,99,0,1801020.000,0,-,-,-,-,2998.4000,2998.2000,2998.0000,2990.6000,2985.8000,3002.4000,3002.6000,3005.8000,3014.2000,3211.4000,1,4,5,5,2,1,1,5,2,2
SF,IH2002,2019-12-24 09:35:44.100,3002.8000,99,0,1801020.000,0,-,-,-,-,2998.6000,2998.4000,2998.2000,2998.0000,2990.6000,3002.4000,3002.6000,3005.8000,3014.2000,3211.4000,1,1,3,5,5,1,1,5,2,2
SF,IH2002,2019-12-24 09:35:44.600,3002.4000,99,0,2701740.000,1,0,1,多换,S,2998.6000,2998.4000,2998.2000,2998.0000,2990.6000,3002.6000,3005.8000,3014.2000,3211.4000,3236.0000,1,1,3,5,5,1,5,2,2,1
SF,IH2002,2019-12-24 09:35:45.100,3002.4000,99,0,2701740.000,0,-,-,-,-,2998.6000,2998.4000,2998.2000,2998.0000,2990.6000,3002.4000,3002.6000,3005.8000,3014.2000,3211.4000,1,1,3,5,5,1,1,5,2,2
SF,IH2002,2019-12-24 09:35:45.600,3002.4000,99,0,2701740.000,0,-,-,-,-,2998.6000,2998.2000,2998.0000,2990.6000,2985.8000,3002.4000,3002.6000,3005.8000,3014.2000,3211.4000,1,3,5,5,2,1,1,5,2,2
SF,IH2002,2019-12-24 09:35:46.100,3002.4000,99,0,2701740.000,0,-,-,-,-,2998.6000,2998.2000,2998.0000,2990.6000,2985.8000,3002.6000,3005.8000,3014.2000,3211.4000,3236.0000,1,3,5,5,2,1,5,2,2,1
SF,IH2002,2019-12-24 09:35:46.600,3002.4000,99,0,2701740.000,0,-,-,-,-,2998.6000,2998.2000,2998.0000,2990.6000,2985.8000,3002.2000,3005.8000,3014.2000,3211.4000,3236.0000,1,3,5,5,2,1,5,2,2,1
SF,IH2002,2019-12-24 09:35:49.100,3002.4000,99,0,2701740.000,0,-,-,-,-,2998.6000,2998.0000,2990.6000,2985.8000,2976.6000,3002.2000,3005.8000,3014.2000,3211.4000,3236.0000,1,5,5,2,1,1,5,2,2,1
SF,IH2002,2019-12-24 09:35:49.600,3002.4000,99,0,2701740.000,0,-,-,-,-,2998.6000,2998.0000,2990.6000,2985.8000,2976.6000,3002.0000,3002.2000,3005.8000,3014.2000,3211.4000,1,5,5,2,1,1,1,5,2,2
SF,IH2002,2019-12-24 09:35:53.600,3002.4000,99,0,2701740.000,0,-,-,-,-,2998.6000,2998.0000,2990.6000,2985.8000,2976.6000,3001.8000,3002.0000,3002.2000,3005.8000,3014.2000,1,5,5,2,1,1,1,1,5,2
SF,IH2002,2019-12-24 09:35:54.100,3002.4000,99,0,2701740.000,0,-,-,-,-,2998.6000,2998.0000,2990.6000,2985.8000,2976.6000,3001.6000,3001.8000,3002.2000,3005.8000,3014.2000,1,5,5,2,1,1,1,1,5,2
SF,IH2002,2019-12-24 09:35:55.100,3002.4000,99,0,2701740.000,0,-,-,-,-,2998.6000,2998.0000,2990.6000,2985.8000,2976.6000,3001.6000,3002.2000,3005.8000,3014.2000,3211.4000,1,5,5,2,1,1,1,5,2,2
SF,IH2002,2019-12-24 09:36:01.600,3002.4000,99,0,2701740.000,0,-,-,-,-,2998.6000,2998.0000,2990.6000,2985.8000,2976.6000,3001.4000,3001.6000,3002.2000,3005.8000,3014.2000,1,5,5,2,1,1,1,1,5,2
SF,IH2002,2019-12-24 09:36:02.100,3002.4000,99,0,2701740.000,0,-,-,-,-,2998.6000,2998.0000,2990.6000,2985.8000,2976.6000,3001.2000,3001.4000,3002.2000,3005.8000,3014.2000,1,5,5,2,1,1,1,1,5,2
SF,IH2002,2019-12-24 09:36:06.600,3002.4000,99,0,2701740.000,0,-,-,-,-,2998.6000,2998.0000,2990.6000,2985.8000,2976.6000,3001.0000,3001.2000,3001.4000,3002.2000,3005.8000,1,5,5,2,1,1,1,1,1,5
SF,IH2002,2019-12-24 09:36:07.100,3002.4000,99,0,2701740.000,0,-,-,-,-,2998.6000,2998.0000,2990.6000,2985.8000,2976.6000,3000.8000,3001.0000,3001.4000,3002.2000,3005.8000,1,5,5,2,1,1,1,1,1,5
SF,IH2002,2019-12-24 09:36:07.600,3002.4000,99,0,2701740.000,0,-,-,-,-,2998.6000,2998.0000,2990.6000,2985.8000,2976.6000,3001.4000,3002.2000,3005.8000,3014.2000,3211.4000,1,5,5,2,1,1,1,5,2,2
SF,IH2002,2019-12-24 09:36:08.100,3002.4000,99,0,2701740.000,0,-,-,-,-,2998.6000,2998.0000,2990.6000,2985.8000,2976.6000,3001.2000,3001.4000,3002.2000,3005.8000,3014.2000,1,5,5,2,1,1,1,1,5,2
SF,IH2002,2019-12-24 09:36:08.600,3002.4000,99,0,2701740.000,0,-,-,-,-,2998.6000,2998.0000,2990.6000,2985.8000,2976.6000,3001.4000,3002.2000,3005.8000,3014.2000,3211.4000,1,5,5,2,1,1,1,5,2,2
SF,IH2002,2019-12-24 09:36:09.100,3002.4000,99,0,2701740.000,0,-,-,-,-,2998.6000,2998.0000,2990.6000,2985.8000,2976.6000,3001.2000,3001.4000,3002.2000,3005.8000,3014.2000,1,5,5,2,1,1,1,1,5,2
SF,IH2002,2019-12-24 09:36:09.600,3002.4000,99,0,2701740.000,0,-,-,-,-,2998.6000,2998.0000,2990.6000,2985.8000,2976.6000,3001.4000,3002.2000,3005.8000,3014.2000,3211.4000,1,5,5,2,1,1,1,5,2,2
SF,IH2002,2019-12-24 09:36:10.100,3002.4000,99,0,2701740.000,0,-,-,-,-,2998.6000,2998.0000,2990.6000,2985.8000,2976.6000,3001.2000,3001.4000,3002.2000,3005.8000,3014.2000,1,5,5,2,1,1,1,1,5,2
SF,IH2002,2019-12-24 09:36:10.600,3002.4000,99,0,2701740.000,0,-,-,-,-,2998.6000,2998.0000,2990.6000,2985.8000,2976.6000,3001.4000,3002.2000,3005.8000,3014.2000,3211.4000,1,5,5,2,1,1,1,5,2,2
SF,IH2002,2019-12-24 09:36:13.600,3002.4000,99,0,2701740.000,0,-,-,-,-,2998.6000,2998.0000,2990.6000,2985.8000,2976.6000,3002.2000,3005.8000,3014.2000,3211.4000,3236.0000,1,5,5,2,1,1,5,2,2,1
SF,IH2002,2019-12-24 09:36:14.100,3002.4000,99,0,2701740.000,0,-,-,-,-,2998.6000,2998.0000,2990.6000,2985.8000,2976.6000,3002.0000,3002.2000,3005.8000,3014.2000,3211.4000,1,5,5,2,1,1,1,5,2,2
SF,IH2002,2019-12-24 09:36:20.600,3002.4000,99,0,2701740.000,0,-,-,-,-,2998.6000,2998.0000,2990.6000,2985.8000,2976.6000,3001.8000,3002.0000,3002.2000,3005.8000,3014.2000,1,5,5,2,1,1,1,1,5,2
SF,IH2002,2019-12-24 09:36:21.100,3002.4000,99,0,2701740.000,0,-,-,-,-,2998.6000,2998.0000,2990.6000,2985.8000,2976.6000,3001.6000,3001.8000,3002.2000,3005.8000,3014.2000,1,5,5,2,1,1,1,1,5,2
SF,IH2002,2019-12-24 09:36:21.600,3002.4000,99,0,2701740.000,0,-,-,-,-,2998.6000,2998.0000,2990.6000,2985.8000,2976.6000,3001.8000,3002.2000,3005.8000,3014.2000,3211.4000,1,5,5,2,1,1,1,5,2,2
SF,IH2002,2019-12-24 09:36:22.100,3002.4000,99,0,2701740.000,0,-,-,-,-,2998.6000,2998.0000,2990.6000,2985.8000,2976.6000,3001.6000,3001.8000,3002.2000,3005.8000,3014.2000,1,5,5,2,1,1,1,1,5,2
SF,IH2002,2019-12-24 09:36:25.600,3002.4000,99,0,2701740.000,0,-,-,-,-,2998.6000,2998.0000,2990.6000,2985.8000,2976.6000,3001.6000,3001.8000,3005.8000,3014.2000,3211.4000,1,5,5,2,1,1,1,5,2,2
SF,IH2002,2019-12-24 09:36:26.100,3002.4000,99,0,2701740.000,0,-,-,-,-,2998.6000,2998.0000,2990.6000,2985.8000,2976.6000,3001.8000,3005.8000,3014.2000,3211.4000,3236.0000,1,5,5,2,1,1,5,2,2,1
SF,IH2002,2019-12-24 09:36:26.600,3002.4000,99,0,2701740.000,0,-,-,-,-,2998.6000,2998.0000,2990.6000,2985.8000,2976.6000,3001.6000,3001.8000,3005.8000,3014.2000,3211.4000,1,5,5,2,1,1,1,5,2,2
SF,IH2002,2019-12-24 09:36:27.600,3002.4000,99,0,2701740.000,0,-,-,-,-,2998.6000,2998.0000,2990.6000,2985.8000,2976.6000,3001.4000,3001.6000,3001.8000,3005.8000,3014.2000,1,5,5,2,1,1,1,1,5,2
SF,IH2002,2019-12-24 09:36:28.100,3002.4000,99,0,2701740.000,0,-,-,-,-,2998.6000,2998.0000,2990.6000,2985.8000,2976.6000,3001.4000,3001.8000,3005.8000,3014.2000,3211.4000,1,5,5,2,1,1,1,5,2,2
SF,IH2002,2019-12-24 09:36:28.600,3002.4000,99,0,2701740.000,0,-,-,-,-,2998.6000,2998.0000,2990.6000,2985.8000,2976.6000,3001.8000,3005.8000,3014.2000,3211.4000,3236.0000,1,5,5,2,1,1,5,2,2,1
SF,IH2002,2019-12-24 09:36:29.100,3002.4000,99,0,2701740.000,0,-,-,-,-,2998.6000,2998.0000,2990.6000,2985.8000,2976.6000,3001.6000,3001.8000,3005.8000,3014.2000,3211.4000,1,5,5,2,1,1,1,5,2,2
SF,IH2002,2019-12-24 09:36:31.600,3002.4000,99,0,2701740.000,0,-,-,-,-,2998.6000,2998.4000,2998.0000,2990.6000,2985.8000,3001.6000,3001.8000,3005.8000,3014.2000,3211.4000,1,1,5,5,2,1,1,5,2,2
SF,IH2002,2019-12-24 09:36:32.100,3002.4000,99,0,2701740.000,0,-,-,-,-,2998.6000,2998.4000,2998.0000,2990.6000,2985.8000,3001.8000,3005.8000,3014.2000,3211.4000,3236.0000,1,1,5,5,2,1,5,2,2,1
SF,IH2002,2019-12-24 09:36:33.100,3002.4000,99,0,2701740.000,0,-,-,-,-,2998.6000,2998.4000,2998.0000,2990.6000,2985.8000,3005.8000,3014.2000,3211.4000,3236.0000,3241.0000,1,1,5,5,2,5,2,2,1,5
SF,IH2002,2019-12-24 09:36:33.600,3002.4000,99,0,2701740.000,0,-,-,-,-,2998.6000,2998.4000,2998.0000,2990.6000,2985.8000,3005.6000,3005.8000,3014.2000,3211.4000,3236.0000,1,1,5,5,2,1,5,2,2,1
SF,IH2002,2019-12-24 09:36:35.100,3002.4000,99,0,2701740.000,0,-,-,-,-,2998.6000,2998.4000,2998.0000,2990.6000,2985.8000,3005.2000,3005.6000,3005.8000,3014.2000,3211.4000,1,1,5,5,2,1,1,5,2,2
SF,IH2002,2019-12-24 09:36:35.600,3002.4000,99,0,2701740.000,0,-,-,-,-,2998.6000,2998.4000,2998.0000,2990.6000,2985.8000,3005.0000,3005.2000,3005.8000,3014.2000,3211.4000,1,1,5,5,2,1,1,5,2,2
SF,IH2002,2019-12-24 09:36:36.600,3002.4000,99,0,2701740.000,0,-,-,-,-,2998.6000,2998.4000,2998.0000,2990.6000,2985.8000,3004.8000,3005.0000,3005.8000,3014.2000,3211.4000,1,1,5,5,2,1,1,5,2,2
SF,IH2002,2019-12-24 09:36:37.100,3002.4000,99,0,2701740.000,0,-,-,-,-,2998.6000,2998.4000,2998.0000,2990.6000,2985.8000,3004.6000,3004.8000,3005.8000,3014.2000,3211.4000,1,5,5,5,2,1,1,5,2,2
SF,IH2002,2019-12-24 09:36:38.100,3002.4000,99,0,2701740.000,0,-,-,-,-,2998.6000,2998.4000,2998.0000,2990.6000,2985.8000,3004.6000,3005.8000,3014.2000,3211.4000,3236.0000,1,5,5,5,2,1,5,2,2,1
SF,IH2002,2019-12-24 09:36:40.600,3002.4000,99,0,2701740.000,0,-,-,-,-,2999.2000,2998.6000,2998.4000,2998.0000,2990.6000,3004.6000,3009.6000,3014.2000,3211.4000,3236.0000,3,1,5,5,5,1,5,2,2,1
SF,IH2002,2019-12-24 09:36:41.100,3002.4000,99,0,2701740.000,0,-,-,-,-,2999.4000,2998.4000,2998.0000,2990.6000,2985.8000,3004.6000,3009.6000,3014.2000,3211.4000,3236.0000,1,5,5,5,2,1,5,2,2,1
SF,IH2002,2019-12-24 09:36:43.100,3002.4000,99,0,2701740.000,0,-,-,-,-,2999.4000,2998.4000,2998.0000,2990.6000,2985.8000,3004.4000,3004.6000,3009.6000,3014.2000,3211.4000,1,5,5,5,2,1,1,5,2,2
SF,IH2002,2019-12-24 09:36:43.600,3002.4000,99,0,2701740.000,0,-,-,-,-,2999.4000,2998.4000,2998.0000,2990.6000,2985.8000,3004.2000,3004.4000,3009.6000,3014.2000,3211.4000,1,5,5,5,2,1,1,5,2,2
SF,IH2002,2019-12-24 09:36:45.600,3002.4000,99,0,2701740.000,0,-,-,-,-,2999.4000,2998.4000,2998.0000,2990.6000,2985.8000,3004.0000,3004.2000,3009.6000,3014.2000,3211.4000,1,5,5,5,2,1,1,5,2,2
SF,IH2002,2019-12-24 09:36:46.100,3002.4000,99,0,2701740.000,0,-,-,-,-,2999.4000,2998.4000,2998.0000,2990.6000,2985.8000,3003.8000,3004.0000,3009.6000,3014.2000,3211.4000,1,5,5,5,2,1,1,5,2,2
SF,IH2002,2019-12-24 09:36:47.600,3002.4000,99,0,2701740.000,0,-,-,-,-,2999.4000,2998.4000,2998.0000,2990.6000,2985.8000,3003.8000,3009.6000,3014.2000,3211.4000,3236.0000,1,5,5,5,2,1,5,2,2,1
SF,IH2002,2019-12-24 09:36:58.600,3002.4000,99,0,2701740.000,0,-,-,-,-,2999.4000,2998.4000,2998.0000,2990.6000,2985.8000,3003.6000,3003.8000,3009.6000,3014.2000,3211.4000,1,5,5,5,2,1,1,5,2,2
SF,IH2002,2019-12-24 09:36:59.100,3002.4000,99,0,2701740.000,0,-,-,-,-,2999.4000,2998.4000,2998.0000,2990.6000,2985.8000,3003.4000,3003.6000,3009.6000,3014.2000,3211.4000,1,5,5,5,2,1,1,5,2,2
SF,IH2002,2019-12-24 09:37:00.600,3002.4000,99,0,2701740.000,0,-,-,-,-,2999.4000,2998.4000,2998.0000,2990.6000,2985.8000,3003.4000,3009.6000,3014.2000,3211.4000,3236.0000,1,5,5,5,2,1,5,2,2,1
SF,IH2002,2019-12-24 09:37:02.600,3002.4000,99,0,2701740.000,0,-,-,-,-,2999.4000,2998.4000,2998.0000,2990.6000,2985.8000,3003.2000,3003.4000,3009.6000,3014.2000,3211.4000,1,5,5,5,2,1,1,5,2,2
SF,IH2002,2019-12-24 09:37:03.100,3002.4000,99,0,2701740.000,0,-,-,-,-,2999.4000,2998.4000,2998.0000,2990.6000,2985.8000,3003.0000,3003.2000,3009.6000,3014.2000,3211.4000,1,5,5,5,2,1,1,5,2,2
SF,IH2002,2019-12-24 09:37:04.100,3002.4000,99,0,2701740.000,0,-,-,-,-,2999.4000,2998.4000,2998.0000,2990.6000,2985.8000,3002.4000,3003.0000,3003.2000,3009.6000,3014.2000,1,5,5,5,2,1,1,1,5,2
SF,IH2002,2019-12-24 09:37:04.600,3002.4000,99,0,2701740.000,0,-,-,-,-,2999.4000,2998.4000,2998.0000,2990.6000,2985.8000,3002.2000,3002.4000,3003.2000,3009.6000,3014.2000,1,5,5,5,2,1,1,1,5,2
SF,IH2002,2019-12-24 09:37:07.100,3002.4000,99,0,2701740.000,0,-,-,-,-,2999.4000,2998.4000,2998.0000,2990.6000,2985.8000,3002.2000,3002.4000,3009.6000,3014.2000,3211.4000,1,5,5,5,2,1,1,5,2,2
SF,IH2002,2019-12-24 09:37:09.600,2999.4000,98,-1,3601560.000,1,0,1,双平,S,2998.4000,2998.0000,2990.6000,2985.8000,2976.6000,3002.2000,3002.4000,3009.6000,3014.2000,3211.4000,5,5,5,2,1,1,1,5,2,2
SF,IH2002,2019-12-24 09:37:10.100,2999.4000,98,0,3601560.000,0,-,-,-,-,2998.6000,2998.4000,2998.0000,2990.6000,2985.8000,3002.2000,3002.4000,3009.6000,3014.2000,3211.4000,1,5,5,5,2,1,1,5,2,2
SF,IH2002,2019-12-24 09:37:17.600,2999.4000,98,0,3601560.000,0,-,-,-,-,2998.6000,2998.4000,2998.0000,2990.6000,2985.8000,3002.0000,3002.2000,3002.4000,3009.6000,3014.2000,1,5,5,5,2,1,1,1,5,2
SF,IH2002,2019-12-24 09:37:18.100,2999.4000,98,0,3601560.000,0,-,-,-,-,2998.6000,2998.4000,2998.0000,2990.6000,2985.8000,3001.8000,3002.0000,3002.4000,3009.6000,3014.2000,1,5,5,5,2,1,1,1,5,2
SF,IH2002,2019-12-24 09:37:35.600,2999.4000,98,0,3601560.000,0,-,-,-,-,2998.6000,2998.4000,2998.0000,2990.6000,2985.8000,3001.8000,3002.0000,3002.4000,3009.6000,3014.2000,1,5,5,5,2,2,1,1,5,2
SF,IH2002,2019-12-24 09:37:36.600,2999.4000,98,0,3601560.000,0,-,-,-,-,2998.6000,2998.4000,2998.0000,2990.6000,2985.8000,3001.8000,3002.0000,3002.4000,3009.6000,3014.2000,1,5,5,5,2,1,1,1,5,2
SF,IH2002,2019-12-24 09:37:40.100,2999.4000,98,0,3601560.000,0,-,-,-,-,2998.6000,2998.4000,2998.0000,2990.6000,2985.8000,3000.8000,3001.8000,3002.0000,3009.6000,3014.2000,1,5,5,5,2,1,1,1,5,2
SF,IH2002,2019-12-24 09:37:44.600,2998.6000,97,-1,4501140.000,1,0,1,双平,S,2998.4000,2998.0000,2990.6000,2985.8000,2976.6000,3000.8000,3001.8000,3002.0000,3009.6000,3014.2000,5,5,5,2,1,1,1,1,5,2
SF,IH2002,2019-12-24 09:37:45.100,2998.6000,97,0,5400720.000,1,0,1,多换,S,2998.4000,2998.0000,2990.6000,2985.8000,2976.6000,3000.8000,3001.8000,3002.0000,3009.6000,3014.2000,5,5,5,2,1,1,1,1,5,2
SF,IH2002,2019-12-24 09:37:48.100,2998.6000,97,0,5400720.000,0,-,-,-,-,2998.4000,2998.0000,2990.6000,2985.8000,2976.6000,3000.8000,3001.8000,3009.6000,3014.2000,3211.4000,5,5,5,2,1,1,1,5,2,2
SF,IH2002,2019-12-24 09:37:48.600,2998.6000,97,0,5400720.000,0,-,-,-,-,2998.6000,2998.4000,2998.0000,2990.6000,2985.8000,3000.6000,3000.8000,3009.6000,3014.2000,3211.4000,1,5,5,5,2,1,1,5,2,2
SF,IH2002,2019-12-24 09:37:51.100,3000.6000,97,0,6300900.000,1,0,1,多换,S,2998.6000,2998.4000,2998.0000,2990.6000,2985.8000,3000.8000,3009.6000,3014.2000,3211.4000,3236.0000,1,5,5,5,2,1,5,2,2,1
SF,IH2002,2019-12-24 09:37:51.600,3000.6000,97,0,6300900.000,0,-,-,-,-,2998.6000,2998.4000,2998.0000,2990.6000,2985.8000,3000.6000,3009.6000,3014.2000,3211.4000,3236.0000,1,5,5,5,2,1,5,2,2,1
SF,IH2002,2019-12-24 09:37:52.100,3000.6000,97,0,6300900.000,0,-,-,-,-,2998.6000,2998.4000,2998.0000,2990.6000,2985.8000,3000.6000,3009.6000,3014.2000,3211.4000,3236.0000,2,5,5,5,2,1,5,2,2,1
SF,IH2002,2019-12-24 09:37:57.100,3000.6000,97,0,6300900.000,0,-,-,-,-,2998.6000,2998.4000,2998.0000,2990.6000,2985.8000,3000.6000,3009.6000,3014.2000,3211.4000,3236.0000,1,5,5,5,2,1,5,2,2,1
SF,IH2002,2019-12-24 09:37:57.600,3000.6000,97,0,6300900.000,0,-,-,-,-,2998.6000,2998.4000,2998.0000,2990.6000,2985.8000,3000.4000,3000.6000,3009.6000,3014.2000,3211.4000,1,5,5,5,2,1,1,5,2,2
SF,IH2002,2019-12-24 09:38:05.600,3000.6000,97,0,6300900.000,0,-,-,-,-,2998.6000,2998.4000,2998.0000,2990.6000,2985.8000,3000.6000,3009.6000,3014.2000,3211.4000,3236.0000,1,5,5,5,2,1,5,2,2,1
SF,IH2002,2019-12-24 09:38:06.100,3000.6000,97,0,6300900.000,0,-,-,-,-,2998.6000,2998.4000,2998.0000,2990.6000,2985.8000,3009.6000,3014.2000,3211.4000,3236.0000,3241.0000,1,5,5,5,2,5,2,2,1,5
SF,IH2002,2019-12-24 09:38:06.600,3000.6000,97,0,6300900.000,0,-,-,-,-,2998.6000,2998.4000,2998.0000,2990.6000,2985.8000,3009.4000,3009.6000,3014.2000,3211.4000,3236.0000,1,5,5,5,2,2,5,2,2,1
SF,IH2002,2019-12-24 09:38:07.600,3000.6000,97,0,6300900.000,0,-,-,-,-,2998.6000,2998.4000,2998.0000,2990.6000,2985.8000,3007.4000,3009.4000,3009.6000,3014.2000,3211.4000,2,5,5,5,2,1,2,5,2,2
SF,IH2002,2019-12-24 09:38:08.100,3000.6000,97,0,6300900.000,0,-,-,-,-,2998.6000,2998.4000,2998.0000,2990.6000,2985.8000,3007.2000,3007.4000,3008.2000,3009.4000,3009.6000,2,5,5,5,2,1,1,1,1,5
SF,IH2002,2019-12-24 09:38:08.600,3000.6000,97,0,6300900.000,0,-,-,-,-,2998.6000,2998.4000,2998.0000,2990.6000,2985.8000,3006.6000,3007.2000,3007.4000,3009.4000,3009.6000,2,5,5,5,2,1,1,1,1,5
SF,IH2002,2019-12-24 09:38:09.100,3000.6000,97,0,6300900.000,0,-,-,-,-,2998.6000,2998.4000,2998.0000,2990.6000,2985.8000,3006.4000,3006.6000,3007.4000,3009.4000,3009.6000,2,5,5,5,2,1,1,1,1,5
SF,IH2002,2019-12-24 09:38:09.600,3000.6000,97,0,6300900.000,0,-,-,-,-,2998.8000,2998.6000,2998.4000,2998.0000,2990.6000,3006.4000,3006.6000,3007.4000,3009.4000,3009.6000,1,1,5,5,5,1,1,1,1,5
SF,IH2002,2019-12-24 09:38:10.100,3000.6000,97,0,6300900.000,0,-,-,-,-,2999.0000,2998.8000,2998.4000,2998.0000,2990.6000,3005.8000,3006.4000,3007.4000,3009.4000,3009.6000,1,1,5,5,5,1,1,1,1,5
SF,IH2002,2019-12-24 09:38:10.600,3000.6000,97,0,6300900.000,0,-,-,-,-,2999.0000,2998.8000,2998.4000,2998.0000,2990.6000,3005.6000,3005.8000,3007.4000,3009.4000,3009.6000,1,1,5,5,5,1,1,1,1,5
SF,IH2002,2019-12-24 09:38:11.100,3000.6000,97,0,6300900.000,0,-,-,-,-,2999.0000,2998.4000,2998.0000,2990.6000,2985.8000,3005.6000,3007.4000,3009.4000,3009.6000,3014.2000,1,5,5,5,2,1,1,1,5,2
SF,IH2002,2019-12-24 09:38:11.600,3000.6000,97,0,6300900.000,0,-,-,-,-,2999.0000,2998.4000,2998.0000,2990.6000,2985.8000,3001.0000,3005.6000,3007.4000,3009.4000,3009.6000,1,5,5,5,2,1,1,1,1,5
SF,IH2002,2019-12-24 09:38:20.100,3000.6000,97,0,6300900.000,0,-,-,-,-,2999.0000,2998.4000,2998.0000,2990.6000,2985.8000,3001.0000,3005.6000,3009.4000,3009.6000,3014.2000,1,5,5,5,2,1,1,1,5,2
SF,IH2002,2019-12-24 09:39:00.100,3000.6000,97,0,6300900.000,0,-,-,-,-,2999.0000,2998.4000,2998.0000,2990.6000,2985.8000,3001.0000,3002.0000,3005.6000,3009.4000,3014.2000,1,5,5,5,2,1,5,1,1,2
SF,IH2002,2019-12-24 09:39:00.600,3000.6000,97,0,6300900.000,0,-,-,-,-,2998.4000,2998.0000,2990.6000,2985.8000,2976.6000,3000.8000,3001.0000,3002.0000,3009.4000,3014.2000,5,5,5,2,1,1,1,5,1,2
SF,IH2002,2019-12-24 09:39:01.100,3000.6000,97,0,6300900.000,0,-,-,-,-,2998.6000,2998.4000,2998.0000,2990.6000,2985.8000,3000.8000,3001.0000,3002.0000,3009.4000,3014.2000,1,5,5,5,2,1,1,5,1,2
SF,IH2002,2019-12-24 09:39:01.600,3000.6000,97,0,6300900.000,0,-,-,-,-,2998.4000,2998.0000,2990.6000,2985.8000,2976.6000,3000.8000,3001.0000,3002.0000,3009.4000,3014.2000,5,5,5,2,1,1,1,5,1,2
SF,IH2002,2019-12-24 09:39:02.100,3000.6000,97,0,6300900.000,0,-,-,-,-,2998.6000,2998.4000,2998.0000,2990.6000,2985.8000,3000.8000,3001.0000,3002.0000,3009.4000,3014.2000,1,5,5,5,2,1,1,5,1,2
SF,IH2002,2019-12-24 09:39:02.600,3000.6000,97,0,6300900.000,0,-,-,-,-,2998.4000,2998.0000,2990.6000,2985.8000,2976.6000,3000.8000,3001.0000,3002.0000,3009.4000,3014.2000,5,5,5,2,1,1,1,5,1,2
SF,IH2002,2019-12-24 09:39:03.100,3000.6000,97,0,6300900.000,0,-,-,-,-,2998.6000,2998.4000,2998.0000,2990.6000,2985.8000,3000.8000,3001.0000,3002.0000,3009.4000,3014.2000,1,5,5,5,2,1,1,5,1,2
SF,IH2002,2019-12-24 09:39:03.600,3000.6000,97,0,6300900.000,0,-,-,-,-,2998.4000,2998.0000,2990.6000,2985.8000,2976.6000,3000.8000,3001.0000,3002.0000,3009.4000,3014.2000,5,5,5,2,1,1,1,5,1,2
SF,IH2002,2019-12-24 09:39:04.100,3000.6000,97,0,6300900.000,0,-,-,-,-,2998.4000,2998.0000,2990.6000,2985.8000,2976.6000,3000.4000,3000.8000,3001.0000,3002.0000,3009.4000,5,5,5,2,1,1,1,1,5,1
SF,IH2002,2019-12-24 09:39:04.600,3000.6000,97,0,6300900.000,0,-,-,-,-,2998.4000,2998.0000,2990.6000,2985.8000,2976.6000,3000.2000,3000.4000,3001.0000,3002.0000,3009.4000,5,5,5,2,1,1,1,1,5,1
SF,IH2002,2019-12-24 09:39:05.100,3000.6000,97,0,6300900.000,0,-,-,-,-,2998.6000,2998.4000,2998.0000,2990.6000,2985.8000,3000.4000,3001.0000,3002.0000,3009.4000,3014.2000,1,5,5,5,2,1,1,5,1,2
SF,IH2002,2019-12-24 09:39:06.100,3000.6000,97,0,6300900.000,0,-,-,-,-,2998.6000,2998.4000,2998.0000,2990.6000,2985.8000,3001.0000,3005.8000,3009.4000,3014.2000,3211.4000,1,5,5,5,2,1,5,1,2,2
SF,IH2002,2019-12-24 09:39:06.600,3000.6000,97,0,6300900.000,0,-,-,-,-,2998.6000,2998.4000,2998.0000,2990.6000,2985.8000,3000.8000,3001.0000,3005.8000,3009.4000,3014.2000,1,5,5,5,2,1,1,5,1,2
SF,IH2002,2019-12-24 09:39:11.100,3000.6000,97,0,6300900.000,0,-,-,-,-,2998.6000,2998.4000,2998.0000,2990.6000,2985.8000,3000.6000,3000.8000,3005.8000,3009.4000,3014.2000,1,5,5,5,2,1,1,5,1,2
SF,IH2002,2019-12-24 09:39:11.600,3000.6000,97,0,6300900.000,0,-,-,-,-,2998.6000,2998.4000,2998.0000,2990.6000,2985.8000,3000.6000,3005.8000,3009.4000,3014.2000,3211.4000,1,5,5,5,2,1,5,1,2,2
SF,IH2002,2019-12-24 09:39:16.100,2998.6000,96,-1,7200480.000,1,0,1,双平,S,2998.4000,2998.0000,2990.6000,2985.8000,2976.6000,3000.6000,3005.8000,3009.4000,3014.2000,3211.4000,5,5,5,2,1,1,5,1,2,2
SF,IH2002,2019-12-24 09:39:16.600,2998.6000,96,0,7200480.000,0,-,-,-,-,2998.4000,2998.0000,2990.6000,2985.8000,2976.6000,3000.4000,3000.6000,3005.8000,3009.4000,3014.2000,5,5,5,2,1,1,1,5,1,2
SF,IH2002,2019-12-24 09:39:18.100,2998.4000,96,0,8100000.000,1,0,1,多换,S,2998.4000,2998.0000,2990.6000,2985.8000,2976.6000,3000.4000,3000.6000,3005.8000,3009.4000,3014.2000,4,5,5,2,1,1,1,5,1,2
SF,IH2002,2019-12-24 09:39:20.100,2998.4000,97,1,8999520.000,1,1,0,双开,S,2998.4000,2998.0000,2990.6000,2985.8000,2976.6000,3000.4000,3000.6000,3005.8000,3009.4000,3014.2000,3,5,5,2,1,1,1,5,1,2
SF,IH2002,2019-12-24 09:39:20.600,2998.4000,97,0,9899040.000,1,0,1,多换,S,2998.4000,2998.0000,2990.6000,2985.8000,2976.6000,3000.4000,3000.6000,3005.8000,3009.4000,3014.2000,2,5,5,2,1,1,1,5,1,2
SF,IH2002,2019-12-24 09:39:21.600,2998.4000,98,1,10798560.000,1,1,0,双开,S,2998.4000,2998.0000,2990.6000,2985.8000,2976.6000,3000.4000,3000.6000,3005.8000,3009.4000,3014.2000,1,5,5,2,1,1,1,5,1,2
SF,IH2002,2019-12-24 09:39:23.100,2998.4000,99,1,11698080.000,1,1,0,双开,S,2998.0000,2990.6000,2985.8000,2976.6000,2791.0000,2998.4000,3000.4000,3005.8000,3009.4000,3014.2000,5,5,2,1,2,1,1,5,1,2
SF,IH2002,2019-12-24 09:39:25.100,2998.4000,99,0,11698080.000,0,-,-,-,-,2998.0000,2990.6000,2985.8000,2976.6000,2791.0000,3000.4000,3005.8000,3009.4000,3014.2000,3211.4000,5,5,2,1,2,1,5,1,2,2
SF,IH2002,2019-12-24 09:39:27.100,2998.0000,100,1,12597480.000,1,1,0,双开,S,2998.0000,2990.6000,2985.8000,2976.6000,2791.0000,3000.2000,3000.4000,3005.8000,3009.4000,3014.2000,4,5,2,1,2,1,1,5,1,2
SF,IH2002,2019-12-24 09:39:27.600,2998.0000,100,0,12597480.000,0,-,-,-,-,2998.4000,2998.0000,2990.6000,2985.8000,2976.6000,3000.0000,3000.2000,3005.8000,3009.4000,3014.2000,1,4,5,2,1,1,1,5,1,2
SF,IH2002,2019-12-24 09:39:28.600,2998.4000,101,1,13497000.000,1,1,0,双开,S,2998.0000,2990.6000,2985.8000,2976.6000,2791.0000,3000.0000,3000.2000,3005.8000,3009.4000,3014.2000,4,5,2,1,2,1,1,5,1,2
SF,IH2002,2019-12-24 09:39:31.600,2998.4000,101,0,13497000.000,0,-,-,-,-,2998.0000,2990.6000,2985.8000,2976.6000,2791.0000,3000.0000,3005.8000,3009.4000,3014.2000,3211.4000,4,5,2,1,2,1,5,1,2,2
SF,IH2002,2019-12-24 09:39:32.100,2998.4000,101,0,13497000.000,0,-,-,-,-,2998.2000,2998.0000,2990.6000,2985.8000,2976.6000,3000.0000,3005.8000,3009.4000,3014.2000,3211.4000,1,4,5,2,1,1,5,1,2,2
SF,IH2002,2019-12-24 09:39:34.100,2998.4000,101,0,13497000.000,0,-,-,-,-,2998.2000,2998.0000,2990.6000,2985.8000,2976.6000,3000.0000,3005.8000,3009.4000,3014.2000,3211.4000,1,8,5,2,1,1,5,1,2,2
SF,IH2002,2019-12-24 09:39:36.100,2998.2000,101,0,14396460.000,1,0,1,多换,S,2998.0000,2990.6000,2985.8000,2976.6000,2791.0000,3000.0000,3005.8000,3009.4000,3014.2000,3211.4000,8,5,2,1,2,1,5,1,2,2
SF,IH2002,2019-12-24 09:39:37.100,2998.2000,101,0,14396460.000,0,-,-,-,-,2998.0000,2990.6000,2985.8000,2976.6000,2791.0000,2998.2000,3000.0000,3005.8000,3009.4000,3014.2000,8,5,2,1,2,1,1,5,1,2
SF,IH2002,2019-12-24 09:39:40.100,2998.2000,101,0,14396460.000,0,-,-,-,-,2998.0000,2990.6000,2985.8000,2976.6000,2791.0000,2998.2000,2999.8000,3000.0000,3005.8000,3009.4000,8,5,2,1,2,1,1,1,5,1
SF,IH2002,2019-12-24 09:39:40.600,2998.2000,101,0,15295920.000,1,0,1,多换,S,2998.0000,2990.6000,2985.8000,2976.6000,2791.0000,2999.8000,3005.8000,3009.4000,3014.2000,3211.4000,8,5,2,1,2,1,5,1,2,2
SF,IH2002,2019-12-24 09:39:41.100,2998.2000,101,0,15295920.000,0,-,-,-,-,2998.2000,2998.0000,2990.6000,2985.8000,2976.6000,2999.8000,3005.8000,3009.4000,3014.2000,3211.4000,1,8,5,2,1,1,5,1,2,2
SF,IH2002,2019-12-24 09:39:43.100,2998.2000,101,0,16195380.000,1,0,1,多换,S,2998.0000,2990.6000,2985.8000,2976.6000,2791.0000,2999.8000,3005.8000,3009.4000,3014.2000,3211.4000,8,5,2,1,2,1,5,1,2,2
SF,IH2002,2019-12-24 09:39:43.600,2998.2000,101,0,16195380.000,0,-,-,-,-,2998.0000,2990.6000,2985.8000,2976.6000,2791.0000,2999.6000,2999.8000,3005.8000,3009.4000,3014.2000,8,5,2,1,2,1,1,5,1,2
SF,IH2002,2019-12-24 09:39:49.600,2998.2000,101,0,16195380.000,0,-,-,-,-,2998.2000,2998.0000,2990.6000,2985.8000,2976.6000,2999.6000,2999.8000,3005.8000,3009.4000,3014.2000,1,8,5,2,1,1,1,5,1,2
SF,IH2002,2019-12-24 09:39:50.600,2998.2000,102,1,17094840.000,1,1,0,双开,S,2998.0000,2990.6000,2985.8000,2976.6000,2791.0000,2999.6000,2999.8000,3005.8000,3009.4000,3014.2000,8,5,2,1,2,1,1,5,1,2
SF,IH2002,2019-12-24 09:39:58.100,2998.0000,103,1,17994240.000,1,1,0,双开,S,2998.0000,2990.6000,2985.8000,2976.6000,2791.0000,2999.6000,2999.8000,3005.8000,3009.4000,3014.2000,7,5,2,1,2,1,1,5,1,2
SF,IH2002,2019-12-24 09:39:58.600,2998.0000,103,0,17994240.000,0,-,-,-,-,2998.0000,2990.6000,2985.8000,2976.6000,2791.0000,2999.4000,2999.6000,2999.8000,3005.8000,3009.4000,7,5,2,1,2,1,1,1,5,1
SF,IH2002,2019-12-24 09:39:59.100,2998.0000,103,0,17994240.000,0,-,-,-,-,2998.0000,2990.6000,2985.8000,2976.6000,2791.0000,2999.2000,2999.4000,2999.8000,3005.8000,3009.4000,7,5,2,1,2,1,1,1,5,1
SF,IH2002,2019-12-24 09:40:01.600,2998.0000,104,1,18893640.000,1,1,0,双开,S,2998.0000,2990.6000,2985.8000,2976.6000,2791.0000,2999.2000,2999.4000,2999.8000,3005.8000,3009.4000,6,5,2,1,2,1,1,1,5,1
SF,IH2002,2019-12-24 09:40:03.100,2998.0000,105,1,19793040.000,1,1,0,双开,S,2998.0000,2990.6000,2985.8000,2976.6000,2791.0000,2999.2000,2999.4000,2999.8000,3005.8000,3009.4000,5,5,2,1,2,1,1,1,5,1
SF,IH2002,2019-12-24 09:40:05.100,2998.0000,106,1,20692440.000,1,1,0,双开,S,2998.0000,2990.6000,2985.8000,2976.6000,2791.0000,2999.2000,2999.4000,2999.8000,3005.8000,3009.4000,4,5,2,1,2,1,1,1,5,1
SF,IH2002,2019-12-24 09:40:06.100,2998.0000,106,0,21591840.000,1,0,1,多换,S,2998.0000,2990.6000,2985.8000,2976.6000,2791.0000,2999.2000,2999.4000,2999.8000,3005.8000,3009.4000,3,5,2,1,2,1,1,1,5,1
SF,IH2002,2019-12-24 09:40:06.600,2998.0000,107,1,22491240.000,1,1,0,双开,S,2998.0000,2990.6000,2985.8000,2976.6000,2791.0000,2999.2000,2999.4000,2999.8000,3005.8000,3009.4000,2,5,2,1,2,1,1,1,5,1
SF,IH2002,2019-12-24 09:40:07.100,2998.0000,107,0,23390640.000,1,0,1,多换,S,2998.0000,2990.6000,2985.8000,2976.6000,2791.0000,2999.2000,2999.4000,2999.8000,3005.8000,3009.4000,1,5,2,1,2,1,1,1,5,1
SF,IH2002,2019-12-24 09:40:07.600,2998.0000,107,0,23390640.000,0,-,-,-,-,2998.0000,2990.6000,2985.8000,2976.6000,2791.0000,2999.2000,2999.8000,3005.8000,3009.4000,3014.2000,1,5,2,1,2,1,1,5,1,2
SF,IH2002,2019-12-24 09:40:08.100,2998.0000,107,0,24290040.000,1,0,1,多换,S,2990.6000,2985.8000,2976.6000,2791.0000,2766.0000,2998.0000,2999.2000,2999.8000,3005.8000,3009.4000,5,2,1,2,1,1,1,1,5,1
SF,IH2002,2019-12-24 09:40:08.600,2998.0000,107,0,24290040.000,0,-,-,-,-,2990.8000,2990.6000,2985.8000,2976.6000,2791.0000,2997.8000,2998.0000,2999.8000,3005.8000,3009.4000,1,5,2,1,2,1,1,1,5,1
SF,IH2002,2019-12-24 09:40:09.100,2998.0000,107,0,24290040.000,0,-,-,-,-,2990.8000,2990.6000,2985.8000,2976.6000,2791.0000,2998.0000,2999.8000,3005.8000,3009.4000,3014.2000,1,5,2,1,2,1,1,5,1,2
SF,IH2002,2019-12-24 09:40:09.600,2998.0000,107,0,24290040.000,0,-,-,-,-,2990.8000,2990.6000,2985.8000,2976.6000,2791.0000,2997.8000,2998.0000,2999.8000,3005.8000,3009.4000,1,5,2,1,2,1,1,1,5,1
SF,IH2002,2019-12-24 09:40:10.600,2998.0000,107,0,24290040.000,0,-,-,-,-,2992.8000,2992.2000,2991.4000,2990.8000,2990.6000,2997.8000,2998.0000,2999.8000,3005.8000,3009.4000,1,1,1,1,5,1,1,1,5,1
SF,IH2002,2019-12-24 09:40:11.100,2998.0000,107,0,24290040.000,0,-,-,-,-,2993.0000,2992.8000,2992.2000,2991.4000,2990.6000,2998.0000,2999.8000,3005.8000,3009.4000,3014.2000,1,1,1,1,5,1,1,5,1,2
SF,IH2002,2019-12-24 09:40:11.600,2998.0000,107,0,24290040.000,0,-,-,-,-,2994.4000,2993.0000,2992.8000,2991.4000,2990.6000,2997.8000,2998.0000,2999.8000,3005.8000,3009.4000,1,1,1,1,5,1,1,1,5,1
SF,IH2002,2019-12-24 09:40:12.100,2998.0000,107,0,24290040.000,0,-,-,-,-,2994.6000,2994.4000,2992.8000,2991.4000,2990.6000,2997.8000,2998.0000,2999.8000,3005.8000,3009.4000,1,1,1,1,5,1,1,1,5,1
SF,IH2002,2019-12-24 09:40:13.100,2998.0000,107,0,24290040.000,0,-,-,-,-,2995.0000,2994.8000,2994.6000,2991.4000,2990.6000,2997.8000,2999.8000,3005.8000,3009.4000,3014.2000,1,1,1,1,5,1,1,5,1,2
SF,IH2002,2019-12-24 09:40:13.600,2998.0000,107,0,24290040.000,0,-,-,-,-,2995.2000,2995.0000,2994.8000,2991.4000,2990.6000,2997.8000,2999.8000,3005.8000,3009.4000,3014.2000,1,1,1,1,5,1,1,5,1,2
SF,IH2002,2019-12-24 09:40:14.100,2998.0000,107,0,24290040.000,0,-,-,-,-,2995.2000,2995.0000,2991.4000,2990.6000,2985.8000,2997.8000,2999.8000,3005.8000,3009.4000,3014.2000,1,1,1,5,2,1,1,5,1,2
SF,IH2002,2019-12-24 09:40:17.100,2998.0000,107,0,24290040.000,0,-,-,-,-,2995.2000,2995.0000,2990.6000,2985.8000,2976.6000,2997.8000,2999.8000,3005.8000,3009.4000,3014.2000,1,1,5,2,1,1,1,5,1,2
SF,IH2002,2019-12-24 09:40:21.600,2998.0000,107,0,24290040.000,0,-,-,-,-,2995.2000,2990.6000,2985.8000,2976.6000,2791.0000,2997.8000,2999.8000,3005.8000,3009.4000,3014.2000,1,5,2,1,2,1,1,5,1,2
SF,IH2002,2019-12-24 09:40:22.100,2998.0000,107,0,24290040.000,0,-,-,-,-,2990.6000,2985.8000,2976.6000,2791.0000,2766.0000,2997.8000,2999.8000,3005.8000,3009.4000,3014.2000,5,2,1,2,1,1,1,5,1,2
SF,IH2002,2019-12-24 09:40:22.600,2998.0000,107,0,24290040.000,0,-,-,-,-,2990.8000,2990.6000,2985.8000,2976.6000,2791.0000,2997.8000,2999.8000,3005.8000,3009.4000,3014.2000,1,5,2,1,2,1,1,5,1,2
SF,IH2002,2019-12-24 09:40:24.600,2998.0000,107,0,24290040.000,0,-,-,-,-,2991.6000,2991.0000,2990.8000,2990.6000,2985.8000,2997.6000,2997.8000,2999.8000,3005.8000,3009.4000,1,1,1,5,2,1,1,1,5,1
SF,IH2002,2019-12-24 09:40:25.100,2998.0000,107,0,24290040.000,0,-,-,-,-,2991.8000,2991.6000,2991.0000,2990.6000,2985.8000,2997.4000,2997.6000,2999.8000,3005.8000,3009.4000,1,1,1,5,2,1,1,1,5,1
SF,IH2002,2019-12-24 09:40:25.600,2998.0000,107,0,24290040.000,0,-,-,-,-,2991.8000,2991.6000,2991.0000,2990.6000,2985.8000,2997.4000,2999.8000,3005.8000,3009.4000,3014.2000,1,1,1,5,2,1,1,5,1,2
SF,IH2002,2019-12-24 09:40:26.100,2998.0000,107,0,24290040.000,0,-,-,-,-,2991.8000,2991.6000,2990.6000,2985.8000,2976.6000,2997.4000,2999.8000,3005.8000,3009.4000,3014.2000,1,1,5,2,1,1,1,5,1,2
SF,IH2002,2019-12-24 09:40:26.600,2998.0000,107,0,24290040.000,0,-,-,-,-,2992.4000,2991.8000,2990.6000,2985.8000,2976.6000,2997.4000,2999.8000,3005.8000,3009.4000,3014.2000,1,1,5,2,1,1,1,5,1,2
SF,IH2002,2019-12-24 09:40:27.100,2998.0000,107,0,24290040.000,0,-,-,-,-,2992.6000,2992.4000,2990.6000,2985.8000,2976.6000,2997.4000,2999.8000,3005.8000,3009.4000,3014.2000,1,1,5,2,1,1,1,5,1,2
SF,IH2002,2019-12-24 09:40:27.600,2998.0000,107,0,24290040.000,0,-,-,-,-,2993.2000,2992.6000,2992.4000,2990.6000,2985.8000,2997.4000,2999.8000,3005.8000,3009.4000,3014.2000,1,1,1,5,2,1,1,5,1,2
SF,IH2002,2019-12-24 09:40:28.100,2998.0000,107,0,24290040.000,0,-,-,-,-,2993.4000,2993.2000,2992.8000,2992.4000,2990.6000,2997.4000,2999.8000,3005.8000,3009.4000,3014.2000,1,1,1,1,5,1,1,5,1,2
SF,IH2002,2019-12-24 09:40:28.600,2998.0000,107,0,24290040.000,0,-,-,-,-,2994.8000,2993.4000,2993.2000,2992.4000,2990.6000,2997.4000,2999.8000,3005.8000,3009.4000,3014.2000,1,1,1,1,5,1,1,5,1,2
SF,IH2002,2019-12-24 09:40:29.100,2998.0000,107,0,24290040.000,0,-,-,-,-,2994.8000,2993.2000,2992.4000,2990.6000,2985.8000,2997.4000,2999.8000,3005.8000,3009.4000,3014.2000,1,1,1,5,2,1,1,5,1,2
SF,IH2002,2019-12-24 09:40:30.100,2998.0000,107,0,24290040.000,0,-,-,-,-,2994.8000,2993.2000,2990.6000,2985.8000,2976.6000,2997.4000,2999.8000,3005.8000,3009.4000,3014.2000,1,1,5,2,1,1,1,5,1,2
SF,IH2002,2019-12-24 09:40:32.600,2998.0000,107,0,24290040.000,0,-,-,-,-,2994.8000,2993.2000,2986.8000,2985.8000,2976.6000,2997.4000,2999.8000,3005.8000,3009.4000,3014.2000,1,1,5,2,1,1,1,5,1,2
SF,IH2002,2019-12-24 09:40:34.600,2998.0000,107,0,24290040.000,0,-,-,-,-,2994.8000,2986.8000,2985.8000,2976.6000,2791.0000,2997.4000,2999.8000,3005.8000,3009.4000,3014.2000,1,5,2,1,2,1,1,5,1,2
SF,IH2002,2019-12-24 09:40:35.600,2998.0000,107,0,24290040.000,0,-,-,-,-,2994.8000,2986.8000,2985.8000,2976.6000,2791.0000,2997.0000,2997.4000,2999.8000,3005.8000,3009.4000,1,5,2,1,2,1,1,1,5,1
SF,IH2002,2019-12-24 09:40:36.100,2998.0000,107,0,24290040.000,0,-,-,-,-,2994.8000,2986.8000,2985.8000,2976.6000,2791.0000,2996.8000,2997.0000,2999.8000,3005.8000,3009.4000,1,5,2,1,2,1,1,1,5,1
SF,IH2002,2019-12-24 09:40:40.100,2998.0000,107,0,24290040.000,0,-,-,-,-,2994.8000,2986.8000,2985.8000,2976.6000,2791.0000,2996.8000,2999.8000,3005.8000,3009.4000,3014.2000,1,5,2,1,2,1,1,5,1,2
SF,IH2002,2019-12-24 09:40:41.100,2998.0000,107,0,24290040.000,0,-,-,-,-,2994.8000,2990.0000,2986.8000,2985.8000,2976.6000,2996.8000,2999.8000,3005.8000,3009.4000,3014.2000,1,1,5,2,1,1,1,5,1,2
SF,IH2002,2019-12-24 09:40:49.600,2998.0000,107,0,24290040.000,0,-,-,-,-,2995.0000,2994.8000,2990.0000,2986.8000,2985.8000,2996.8000,2999.8000,3005.8000,3009.4000,3014.2000,1,1,1,5,2,1,1,5,1,2
SF,IH2002,2019-12-24 09:41:02.600,2998.0000,107,0,24290040.000,0,-,-,-,-,2994.8000,2990.0000,2986.8000,2985.8000,2976.6000,2996.8000,2999.8000,3005.8000,3009.4000,3014.2000,1,1,5,2,1,1,1,5,1,2
SF,IH2002,2019-12-24 09:41:03.100,2998.0000,107,0,24290040.000,0,-,-,-,-,2995.0000,2994.8000,2990.0000,2986.8000,2985.8000,2996.8000,2999.8000,3005.8000,3009.4000,3014.2000,1,1,1,5,2,1,1,5,1,2
SF,IH2002,2019-12-24 09:41:03.600,2998.0000,107,0,24290040.000,0,-,-,-,-,2994.8000,2990.0000,2986.8000,2985.8000,2976.6000,2996.8000,2999.8000,3005.8000,3009.4000,3014.2000,1,1,5,2,1,1,1,5,1,2
SF,IH2002,2019-12-24 09:41:05.600,2998.0000,107,0,24290040.000,0,-,-,-,-,2995.0000,2994.8000,2990.0000,2986.8000,2985.8000,2996.8000,2999.8000,3005.8000,3009.4000,3014.2000,1,1,1,5,2,1,1,5,1,2
SF,IH2002,2019-12-24 09:41:10.600,2998.0000,107,0,24290040.000,0,-,-,-,-,2995.2000,2995.0000,2994.8000,2990.0000,2986.8000,2996.8000,2999.8000,3005.8000,3009.4000,3014.2000,1,1,1,1,5,1,1,5,1,2
SF,IH2002,2019-12-24 09:41:13.600,2998.0000,107,0,24290040.000,0,-,-,-,-,2995.4000,2995.2000,2994.8000,2990.0000,2986.8000,2996.8000,2999.8000,3005.8000,3009.4000,3014.2000,1,1,1,1,5,1,1,5,1,2
SF,IH2002,2019-12-24 09:41:20.100,2996.8000,106,-1,25189080.000,1,0,1,双平,S,2995.4000,2995.2000,2994.8000,2990.0000,2986.8000,2999.8000,3005.8000,3009.4000,3014.2000,3211.4000,1,1,1,1,5,1,5,1,2,2
SF,IH2002,2019-12-24 09:41:20.600,2996.8000,106,0,25189080.000,0,-,-,-,-,2995.6000,2995.4000,2995.2000,2994.8000,2990.0000,2999.6000,2999.8000,3005.8000,3009.4000,3014.2000,1,1,1,1,1,1,1,5,1,2
SF,IH2002,2019-12-24 09:41:21.600,2996.8000,106,0,25189080.000,0,-,-,-,-,2996.2000,2995.6000,2995.2000,2994.8000,2990.0000,2999.6000,2999.8000,3005.8000,3009.4000,3014.2000,1,1,1,1,1,1,1,5,1,2
SF,IH2002,2019-12-24 09:41:22.100,2996.8000,106,0,25189080.000,0,-,-,-,-,2996.2000,2995.2000,2994.8000,2990.0000,2986.8000,2999.6000,2999.8000,3005.8000,3009.4000,3014.2000,1,1,1,1,5,1,1,5,1,2
SF,IH2002,2019-12-24 09:41:24.100,2996.8000,106,0,25189080.000,0,-,-,-,-,2996.2000,2995.2000,2994.8000,2990.0000,2986.8000,2999.4000,2999.6000,2999.8000,3005.8000,3009.4000,1,1,1,1,5,1,1,1,5,1
SF,IH2002,2019-12-24 09:41:24.600,2996.8000,106,0,25189080.000,0,-,-,-,-,2996.2000,2995.2000,2994.8000,2990.0000,2986.8000,2999.2000,2999.4000,2999.8000,3005.8000,3009.4000,1,1,1,1,5,1,2,1,5,1
SF,IH2002,2019-12-24 09:41:25.600,2996.8000,106,0,25189080.000,0,-,-,-,-,2995.2000,2994.8000,2990.0000,2986.8000,2985.8000,2999.2000,2999.4000,2999.8000,3005.8000,3009.4000,1,1,1,5,2,1,2,1,5,1
SF,IH2002,2019-12-24 09:41:26.100,2996.8000,106,0,25189080.000,0,-,-,-,-,2995.4000,2995.2000,2994.8000,2990.0000,2986.8000,2999.2000,2999.4000,2999.8000,3005.8000,3009.4000,1,1,1,1,5,1,2,1,5,1
SF,IH2002,2019-12-24 09:41:27.100,2996.8000,106,0,25189080.000,0,-,-,-,-,2995.6000,2995.4000,2995.2000,2994.8000,2990.0000,2999.2000,2999.4000,2999.8000,3005.8000,3009.4000,1,1,1,1,1,1,2,1,5,1
SF,IH2002,2019-12-24 09:41:27.600,2996.8000,106,0,25189080.000,0,-,-,-,-,2995.8000,2995.6000,2995.2000,2994.8000,2990.0000,2999.2000,2999.4000,2999.8000,3005.8000,3014.2000,1,1,1,1,1,1,2,1,5,2
SF,IH2002,2019-12-24 09:41:28.100,2996.8000,106,0,25189080.000,0,-,-,-,-,2995.8000,2995.6000,2995.2000,2994.8000,2990.0000,2999.2000,2999.8000,3005.8000,3014.2000,3211.4000,1,1,1,1,1,1,1,5,2,2
SF,IH2002,2019-12-24 09:41:28.600,2996.8000,106,0,25189080.000,0,-,-,-,-,2995.8000,2995.2000,2994.8000,2990.0000,2986.8000,2999.2000,2999.8000,3005.8000,3014.2000,3211.4000,1,1,1,1,5,1,1,5,2,2
SF,IH2002,2019-12-24 09:41:29.100,2996.8000,106,0,25189080.000,0,-,-,-,-,2996.2000,2995.8000,2995.2000,2994.8000,2990.0000,2999.2000,2999.8000,3005.8000,3014.2000,3211.4000,1,1,1,1,1,1,1,5,2,2
SF,IH2002,2019-12-24 09:41:29.600,2996.8000,106,0,25189080.000,0,-,-,-,-,2996.4000,2996.2000,2995.2000,2994.8000,2990.0000,2999.2000,2999.8000,3005.8000,3014.2000,3211.4000,1,1,1,1,1,1,1,5,2,2
SF,IH2002,2019-12-24 09:41:31.100,2996.8000,106,0,25189080.000,0,-,-,-,-,2996.6000,2996.4000,2995.2000,2994.8000,2990.0000,2999.2000,2999.8000,3005.8000,3014.2000,3211.4000,1,1,1,1,1,1,1,5,2,2
SF,IH2002,2019-12-24 09:41:31.600,2996.8000,106,0,25189080.000,0,-,-,-,-,2996.8000,2996.6000,2995.2000,2994.8000,2990.0000,2999.2000,2999.8000,3005.8000,3014.2000,3211.4000,1,1,1,1,1,1,1,5,2,2
SF,IH2002,2019-12-24 09:41:32.100,2996.8000,106,0,25189080.000,0,-,-,-,-,2996.8000,2996.6000,2996.2000,2995.2000,2994.8000,2999.2000,2999.8000,3005.8000,3014.2000,3211.4000,1,1,4,1,1,1,1,5,2,2
SF,IH2002,2019-12-24 09:41:32.600,2996.8000,106,0,25189080.000,0,-,-,-,-,2996.6000,2996.2000,2995.2000,2994.8000,2990.0000,2999.2000,2999.8000,3005.8000,3014.2000,3211.4000,1,4,1,1,1,1,1,5,2,2
SF,IH2002,2019-12-24 09:41:33.100,2996.8000,106,0,25189080.000,0,-,-,-,-,2997.0000,2996.8000,2996.2000,2995.2000,2994.8000,2999.2000,2999.8000,3005.8000,3014.2000,3211.4000,1,1,4,1,1,1,1,5,2,2
SF,IH2002,2019-12-24 09:41:33.600,2996.8000,106,0,25189080.000,0,-,-,-,-,2997.2000,2997.0000,2996.2000,2995.2000,2994.8000,2999.2000,2999.8000,3005.8000,3014.2000,3211.4000,1,1,4,1,1,1,1,5,2,2
SF,IH2002,2019-12-24 09:41:34.100,2996.8000,106,0,25189080.000,0,-,-,-,-,2997.0000,2996.2000,2995.2000,2994.8000,2990.0000,2999.2000,2999.8000,3005.8000,3014.2000,3211.4000,1,4,1,1,1,1,1,5,2,2
SF,IH2002,2019-12-24 09:41:34.600,2996.8000,106,0,25189080.000,0,-,-,-,-,2997.2000,2997.0000,2996.2000,2995.2000,2994.8000,2999.2000,2999.8000,3005.8000,3014.2000,3211.4000,1,1,4,1,1,1,1,5,2,2
SF,IH2002,2019-12-24 09:41:35.100,2996.8000,106,0,25189080.000,0,-,-,-,-,2997.0000,2996.2000,2995.2000,2994.8000,2994.4000,2999.2000,2999.8000,3005.8000,3014.2000,3211.4000,1,4,1,1,5,1,1,5,2,2
SF,IH2002,2019-12-24 09:41:35.600,2996.8000,106,0,25189080.000,0,-,-,-,-,2997.2000,2997.0000,2996.2000,2995.2000,2994.8000,2999.2000,2999.8000,3005.8000,3014.2000,3211.4000,1,1,4,1,1,1,1,5,2,2
SF,IH2002,2019-12-24 09:41:36.100,2999.2000,105,-1,26088840.000,1,0,1,双平,S,2997.0000,2996.2000,2995.2000,2994.8000,2994.4000,2999.8000,3005.8000,3014.2000,3211.4000,3236.0000,1,4,1,1,5,1,5,2,2,1
SF,IH2002,2019-12-24 09:41:36.600,2999.2000,105,0,26088840.000,0,-,-,-,-,2997.0000,2996.2000,2995.2000,2994.8000,2994.4000,2999.6000,2999.8000,3005.8000,3014.2000,3211.4000,1,4,1,1,5,1,1,5,2,2
SF,IH2002,2019-12-24 09:41:37.100,2999.2000,105,0,26088840.000,0,-,-,-,-,2997.0000,2996.2000,2995.2000,2994.8000,2990.6000,2999.6000,2999.8000,3005.8000,3014.2000,3211.4000,1,4,1,1,5,1,1,5,2,2
SF,IH2002,2019-12-24 09:41:37.600,2999.2000,105,0,26088840.000,0,-,-,-,-,2997.2000,2997.0000,2996.2000,2995.2000,2994.8000,2999.6000,2999.8000,3005.8000,3014.2000,3211.4000,1,1,4,1,1,1,1,5,2,2
SF,IH2002,2019-12-24 09:41:38.100,2999.2000,105,0,26088840.000,0,-,-,-,-,2997.0000,2996.2000,2995.2000,2994.8000,2990.6000,2999.6000,2999.8000,3005.8000,3014.2000,3211.4000,1,4,1,1,5,1,1,5,2,2
SF,IH2002,2019-12-24 09:41:39.100,2999.2000,105,0,26088840.000,0,-,-,-,-,2996.2000,2995.2000,2994.8000,2990.6000,2990.0000,2999.6000,2999.8000,3005.8000,3014.2000,3211.4000,4,1,1,5,1,1,1,5,2,2
SF,IH2002,2019-12-24 09:41:39.600,2999.2000,105,0,26088840.000,0,-,-,-,-,2996.4000,2996.2000,2995.2000,2994.8000,2990.6000,2999.6000,2999.8000,3005.8000,3014.2000,3211.4000,1,4,1,1,5,1,1,5,2,2
SF,IH2002,2019-12-24 09:41:40.600,2999.2000,105,0,26088840.000,0,-,-,-,-,2996.8000,2996.4000,2996.2000,2995.2000,2994.8000,2999.6000,2999.8000,3005.8000,3014.2000,3211.4000,1,1,4,1,1,1,1,5,2,2
SF,IH2002,2019-12-24 09:41:41.100,2999.2000,105,0,26088840.000,0,-,-,-,-,2997.0000,2996.8000,2996.2000,2995.2000,2994.8000,2999.6000,2999.8000,3005.8000,3014.2000,3211.4000,1,1,4,1,1,1,1,5,2,2
SF,IH2002,2019-12-24 09:41:42.100,2999.2000,105,0,26088840.000,0,-,-,-,-,2997.0000,2996.8000,2996.2000,2994.8000,2990.6000,2999.6000,2999.8000,3005.8000,3014.2000,3211.4000,2,1,4,1,5,1,1,5,2,2
SF,IH2002,2019-12-24 09:41:42.600,2999.2000,105,0,26088840.000,0,-,-,-,-,2997.0000,2996.8000,2996.2000,2994.8000,2990.6000,2999.6000,2999.8000,3005.8000,3014.2000,3211.4000,1,1,4,1,5,1,1,5,2,2
SF,IH2002,2019-12-24 09:41:44.100,2999.2000,105,0,26088840.000,0,-,-,-,-,2997.0000,2996.2000,2994.8000,2990.6000,2990.0000,2999.6000,2999.8000,3005.8000,3014.2000,3211.4000,1,4,1,5,1,1,1,5,2,2
SF,IH2002,2019-12-24 09:41:49.100,2999.2000,105,0,26088840.000,0,-,-,-,-,2997.4000,2997.0000,2996.2000,2994.8000,2990.6000,2999.6000,2999.8000,3005.8000,3014.2000,3211.4000,1,1,4,1,5,1,1,5,2,2
SF,IH2002,2019-12-24 09:41:51.600,2999.2000,105,0,26088840.000,0,-,-,-,-,2997.0000,2996.2000,2994.8000,2990.6000,2990.0000,2999.6000,2999.8000,3005.8000,3014.2000,3211.4000,1,4,1,5,1,1,1,5,2,2
SF,IH2002,2019-12-24 09:41:53.600,2999.2000,105,0,26088840.000,0,-,-,-,-,2997.2000,2997.0000,2996.2000,2994.8000,2990.6000,2999.6000,2999.8000,3005.8000,3014.2000,3211.4000,1,1,4,1,5,1,1,5,2,2
SF,IH2002,2019-12-24 09:42:05.100,2999.2000,105,0,26088840.000,0,-,-,-,-,2997.0000,2996.2000,2994.8000,2990.6000,2990.0000,2999.6000,2999.8000,3005.8000,3014.2000,3211.4000,1,4,1,5,1,1,1,5,2,2
SF,IH2002,2019-12-24 09:42:05.600,2999.2000,105,0,26088840.000,0,-,-,-,-,2997.2000,2997.0000,2996.2000,2994.8000,2990.6000,2999.6000,2999.8000,3005.8000,3014.2000,3211.4000,1,1,4,1,5,1,1,5,2,2
SF,IH2002,2019-12-24 09:42:11.100,2999.2000,105,0,26088840.000,0,-,-,-,-,2997.2000,2997.0000,2996.2000,2994.8000,2990.6000,2999.4000,2999.6000,2999.8000,3005.8000,3014.2000,1,1,4,1,5,1,1,1,5,2
SF,IH2002,2019-12-24 09:42:11.600,2999.2000,105,0,26088840.000,0,-,-,-,-,2997.0000,2996.2000,2994.8000,2990.6000,2990.0000,2999.2000,2999.4000,2999.8000,3005.8000,3014.2000,1,4,1,5,1,1,1,1,5,2
SF,IH2002,2019-12-24 09:42:13.600,2999.2000,105,0,26088840.000,0,-,-,-,-,2996.2000,2994.8000,2990.6000,2990.0000,2985.8000,2999.2000,2999.4000,2999.8000,3005.8000,3014.2000,4,1,5,1,2,1,1,1,5,2
SF,IH2002,2019-12-24 09:42:14.100,2999.2000,105,0,26088840.000,0,-,-,-,-,2996.4000,2996.2000,2994.8000,2990.6000,2990.0000,2999.2000,2999.4000,2999.8000,3005.8000,3014.2000,1,4,1,5,1,1,1,1,5,2
SF,IH2002,2019-12-24 09:42:15.600,2999.2000,105,0,26088840.000,0,-,-,-,-,2996.4000,2996.2000,2994.8000,2990.6000,2990.0000,2999.2000,2999.8000,3005.8000,3014.2000,3211.4000,1,4,1,5,1,1,1,5,2,2
SF,IH2002,2019-12-24 09:42:17.100,2999.2000,105,0,26088840.000,0,-,-,-,-,2996.4000,2996.2000,2994.8000,2990.6000,2990.0000,2999.2000,2999.8000,3005.8000,3014.2000,3211.4000,2,4,1,5,1,1,1,5,2,2
SF,IH2002,2019-12-24 09:42:32.100,2999.2000,105,0,26088840.000,0,-,-,-,-,2996.6000,2996.4000,2996.2000,2994.8000,2990.6000,2999.2000,2999.8000,3005.8000,3014.2000,3211.4000,1,1,4,1,5,1,1,5,2,2
SF,IH2002,2019-12-24 09:42:32.600,2999.2000,105,0,26088840.000,0,-,-,-,-,2996.8000,2996.6000,2996.2000,2994.8000,2990.6000,2999.2000,2999.8000,3005.8000,3014.2000,3211.4000,1,1,4,1,5,1,1,5,2,2
SF,IH2002,2019-12-24 09:42:33.100,2999.2000,105,0,26088840.000,0,-,-,-,-,2996.8000,2996.6000,2996.2000,2994.8000,2990.6000,2999.2000,2999.8000,3005.8000,3014.2000,3211.4000,1,2,4,1,5,1,1,5,2,2
SF,IH2002,2019-12-24 09:42:33.600,2999.2000,105,0,26088840.000,0,-,-,-,-,2997.0000,2996.8000,2996.6000,2996.2000,2994.8000,2999.2000,2999.8000,3005.8000,3014.2000,3211.4000,1,1,1,4,1,1,1,5,2,2
SF,IH2002,2019-12-24 09:42:35.100,2999.2000,105,0,26088840.000,0,-,-,-,-,2996.8000,2996.6000,2996.2000,2994.8000,2990.6000,2999.2000,2999.8000,3005.8000,3014.2000,3211.4000,1,1,4,1,5,1,1,5,2,2
SF,IH2002,2019-12-24 09:42:37.100,2999.2000,105,0,26088840.000,0,-,-,-,-,2996.8000,2996.2000,2994.8000,2990.6000,2990.0000,2999.2000,2999.8000,3005.8000,3014.2000,3211.4000,1,4,1,5,1,1,1,5,2,2
SF,IH2002,2019-12-24 09:42:42.600,2999.2000,105,0,26088840.000,0,-,-,-,-,2996.8000,2996.2000,2994.8000,2990.6000,2990.0000,2999.0000,2999.2000,2999.8000,3005.8000,3014.2000,1,4,1,5,1,1,1,1,5,2
SF,IH2002,2019-12-24 09:42:43.100,2999.2000,105,0,26088840.000,0,-,-,-,-,2996.8000,2996.6000,2996.2000,2994.8000,2990.6000,2999.0000,2999.2000,2999.8000,3005.8000,3014.2000,1,4,4,1,5,1,1,1,5,2
SF,IH2002,2019-12-24 09:42:43.600,2999.2000,105,0,26088840.000,0,-,-,-,-,2996.8000,2996.6000,2996.2000,2994.8000,2990.6000,2998.8000,2999.0000,2999.8000,3005.8000,3014.2000,1,4,4,1,5,1,1,1,5,2
SF,IH2002,2019-12-24 09:42:49.600,2999.2000,105,0,26088840.000,0,-,-,-,-,2996.8000,2996.6000,2996.2000,2994.8000,2990.6000,2998.8000,2999.8000,3005.8000,3014.2000,3211.4000,1,4,4,1,5,1,1,5,2,2
SF,IH2002,2019-12-24 09:43:01.600,2999.2000,105,0,26088840.000,0,-,-,-,-,2997.0000,2996.8000,2996.6000,2996.2000,2994.8000,2998.8000,2999.8000,3005.8000,3014.2000,3211.4000,1,1,4,4,1,1,1,5,2,2
SF,IH2002,2019-12-24 09:43:02.100,2999.2000,105,0,26088840.000,0,-,-,-,-,2997.2000,2997.0000,2996.6000,2996.2000,2994.8000,2998.8000,2999.8000,3005.8000,3014.2000,3211.4000,1,1,4,4,1,1,1,5,2,2
SF,IH2002,2019-12-24 09:43:09.600,2999.2000,105,0,26088840.000,0,-,-,-,-,2997.2000,2996.6000,2996.2000,2994.8000,2990.6000,2998.8000,2999.8000,3005.8000,3014.2000,3211.4000,1,4,4,1,5,1,1,5,2,2
SF,IH2002,2019-12-24 09:43:10.100,2999.2000,105,0,26088840.000,0,-,-,-,-,2996.6000,2996.2000,2994.8000,2990.6000,2990.0000,2998.8000,2999.8000,3005.8000,3014.2000,3211.4000,4,4,1,5,1,1,1,5,2,2
SF,IH2002,2019-12-24 09:43:17.600,2999.2000,105,0,26088840.000,0,-,-,-,-,2996.8000,2996.6000,2996.2000,2994.8000,2990.6000,2998.8000,2999.8000,3005.8000,3014.2000,3211.4000,1,4,4,1,5,1,1,5,2,2
SF,IH2002,2019-12-24 09:43:31.100,2999.2000,105,0,26088840.000,0,-,-,-,-,2996.6000,2996.2000,2994.8000,2990.6000,2990.0000,2998.8000,2999.8000,3005.8000,3014.2000,3211.4000,4,4,1,5,1,1,1,5,2,2
SF,IH2002,2019-12-24 09:43:44.100,2999.2000,105,0,26088840.000,0,-,-,-,-,2996.6000,2996.2000,2994.8000,2990.6000,2990.0000,2998.6000,2998.8000,2999.8000,3005.8000,3014.2000,4,4,1,5,1,1,1,1,5,2
SF,IH2002,2019-12-24 09:43:59.600,2999.2000,105,0,26088840.000,0,-,-,-,-,2996.6000,2996.2000,2994.8000,2990.6000,2990.0000,2998.8000,2999.8000,3005.8000,3014.2000,3211.4000,4,4,1,5,1,1,1,5,2,2
SF,IH2002,2019-12-24 09:44:00.100,2999.2000,105,0,26088840.000,0,-,-,-,-,2996.8000,2996.6000,2996.2000,2994.8000,2990.6000,2998.8000,2999.8000,3005.8000,3014.2000,3211.4000,1,4,4,1,5,1,1,5,2,2
SF,IH2002,2019-12-24 09:44:12.100,2999.2000,105,0,26088840.000,0,-,-,-,-,2997.0000,2996.8000,2996.6000,2996.2000,2994.8000,2998.8000,2999.8000,3005.8000,3014.2000,3211.4000,1,1,4,4,1,1,1,5,2,2
SF,IH2002,2019-12-24 09:44:12.600,2999.2000,105,0,26088840.000,0,-,-,-,-,2997.2000,2997.0000,2996.6000,2996.2000,2994.8000,2999.8000,3005.8000,3014.2000,3211.4000,3236.0000,1,1,4,4,1,1,5,2,2,1
SF,IH2002,2019-12-24 09:44:13.100,2999.2000,105,0,26088840.000,0,-,-,-,-,2997.2000,2997.0000,2996.6000,2996.2000,2994.8000,2999.6000,2999.8000,3005.8000,3014.2000,3211.4000,1,1,4,4,1,1,1,5,2,2
SF,IH2002,2019-12-24 09:44:13.600,2999.2000,105,0,26088840.000,0,-,-,-,-,2997.4000,2997.2000,2996.6000,2996.2000,2994.8000,2999.6000,2999.8000,3005.8000,3014.2000,3211.4000,1,1,4,4,1,1,1,5,2,2
SF,IH2002,2019-12-24 09:44:14.100,2999.2000,105,0,26088840.000,0,-,-,-,-,2997.6000,2997.4000,2996.6000,2996.2000,2994.8000,2999.6000,2999.8000,3005.8000,3014.2000,3211.4000,1,1,4,4,1,1,1,5,2,2
SF,IH2002,2019-12-24 09:44:14.600,2999.2000,105,0,26088840.000,0,-,-,-,-,2997.4000,2996.6000,2996.2000,2994.8000,2990.6000,2999.6000,2999.8000,3005.8000,3014.2000,3211.4000,1,4,4,1,5,1,1,5,2,2
SF,IH2002,2019-12-24 09:44:15.100,2999.2000,105,0,26088840.000,0,-,-,-,-,2997.6000,2997.4000,2996.6000,2996.2000,2994.8000,2999.6000,2999.8000,3005.8000,3014.2000,3211.4000,1,1,4,4,1,1,1,5,2,2
SF,IH2002,2019-12-24 09:44:15.600,2999.2000,105,0,26088840.000,0,-,-,-,-,2996.6000,2996.2000,2994.8000,2990.6000,2990.0000,2999.6000,2999.8000,3005.8000,3014.2000,3211.4000,4,4,1,5,1,1,1,5,2,2
SF,IH2002,2019-12-24 09:44:16.100,2999.2000,105,0,26088840.000,0,-,-,-,-,2996.8000,2996.6000,2996.2000,2994.8000,2990.6000,2999.6000,2999.8000,3005.8000,3014.2000,3211.4000,1,4,4,1,5,1,1,5,2,2
SF,IH2002,2019-12-24 09:44:16.600,2999.2000,105,0,26088840.000,0,-,-,-,-,2997.2000,2996.8000,2996.6000,2996.2000,2994.8000,2999.6000,2999.8000,3005.8000,3014.2000,3211.4000,4,1,4,4,1,1,1,5,2,2
SF,IH2002,2019-12-24 09:44:17.100,2999.2000,105,0,26088840.000,0,-,-,-,-,2997.4000,2997.2000,2996.6000,2996.2000,2994.8000,2999.6000,2999.8000,3005.8000,3014.2000,3211.4000,1,4,4,4,1,1,1,5,2,2
SF,IH2002,2019-12-24 09:44:27.600,2999.2000,105,0,26088840.000,0,-,-,-,-,2997.4000,2997.2000,2996.6000,2996.2000,2994.8000,2999.4000,2999.6000,2999.8000,3005.8000,3014.2000,1,4,4,4,1,1,1,1,5,2
SF,IH2002,2019-12-24 09:44:28.100,2999.2000,105,0,26088840.000,0,-,-,-,-,2997.2000,2996.6000,2996.2000,2994.8000,2990.6000,2999.2000,2999.4000,2999.8000,3005.8000,3014.2000,4,4,4,1,5,1,1,1,5,2
SF,IH2002,2019-12-24 09:44:33.100,2999.2000,105,0,26088840.000,0,-,-,-,-,2997.2000,2996.6000,2996.2000,2994.8000,2990.6000,2999.2000,2999.8000,3005.8000,3014.2000,3211.4000,4,4,4,1,5,1,1,5,2,2
SF,IH2002,2019-12-24 09:44:35.100,2999.2000,105,0,26088840.000,0,-,-,-,-,2997.2000,2996.6000,2996.2000,2994.8000,2990.6000,2999.0000,2999.2000,2999.8000,3005.8000,3014.2000,4,4,4,1,5,1,1,1,5,2
SF,IH2002,2019-12-24 09:44:44.100,2997.2000,106,1,26988000.000,1,1,0,双开,S,2997.2000,2996.6000,2996.2000,2994.8000,2990.6000,2999.0000,2999.2000,2999.8000,3005.8000,3014.2000,3,4,4,1,5,1,1,1,5,2
SF,IH2002,2019-12-24 09:44:44.600,2997.2000,106,0,26988000.000,0,-,-,-,-,2997.2000,2996.6000,2996.2000,2994.8000,2990.6000,2998.8000,2999.0000,2999.8000,3005.8000,3014.2000,3,4,4,1,5,1,1,1,5,2
SF,IH2002,2019-12-24 09:44:47.100,2997.2000,107,1,27887160.000,1,1,0,双开,S,2997.2000,2996.6000,2996.2000,2994.8000,2990.6000,2998.8000,2999.0000,2999.8000,3005.8000,3014.2000,2,4,4,1,5,1,1,1,5,2
SF,IH2002,2019-12-24 09:44:47.600,2997.2000,107,0,28786320.000,1,0,1,多换,S,2997.2000,2996.6000,2996.2000,2994.8000,2990.6000,2998.8000,2999.0000,2999.8000,3005.8000,3014.2000,1,4,4,1,5,1,1,1,5,2
SF,IH2002,2019-12-24 09:44:48.100,2997.2000,108,1,29685480.000,1,1,0,双开,S,2996.6000,2996.2000,2994.8000,2990.6000,2990.0000,2998.8000,2999.0000,2999.8000,3005.8000,3014.2000,4,4,1,5,1,1,1,1,5,2
SF,IH2002,2019-12-24 09:44:48.600,2997.2000,108,0,29685480.000,0,-,-,-,-,2996.6000,2996.2000,2994.8000,2990.6000,2990.0000,2997.2000,2998.8000,2999.0000,2999.8000,3005.8000,4,4,1,5,1,1,1,1,1,5
SF,IH2002,2019-12-24 09:44:49.100,2997.2000,108,0,29685480.000,0,-,-,-,-,2996.8000,2996.6000,2996.2000,2994.8000,2990.6000,2997.2000,2998.8000,2999.0000,2999.8000,3005.8000,1,4,4,1,5,1,1,1,1,5
SF,IH2002,2019-12-24 09:44:50.100,2997.2000,108,0,29685480.000,0,-,-,-,-,2996.8000,2996.6000,2996.2000,2994.8000,2990.6000,2997.2000,2998.8000,2999.8000,3005.8000,3014.2000,1,4,4,1,5,1,1,1,5,2
SF,IH2002,2019-12-24 09:44:53.100,2997.2000,108,0,29685480.000,0,-,-,-,-,2996.8000,2996.6000,2996.2000,2994.8000,2990.6000,2998.8000,2999.8000,3005.8000,3014.2000,3211.4000,1,4,4,1,5,1,1,5,2,2
SF,IH2002,2019-12-24 09:45:05.100,2996.8000,108,0,30584520.000,1,0,1,多换,S,2996.6000,2996.2000,2994.8000,2990.6000,2990.0000,2998.8000,2999.8000,3005.8000,3014.2000,3211.4000,4,4,1,5,1,1,1,5,2,2
SF,IH2002,2019-12-24 09:45:06.100,2996.8000,108,0,30584520.000,0,-,-,-,-,2996.6000,2996.2000,2994.8000,2990.6000,2990.0000,2998.6000,2998.8000,2999.8000,3005.8000,3014.2000,4,4,1,5,1,1,1,1,5,2
SF,IH2002,2019-12-24 09:45:06.600,2996.8000,108,0,30584520.000,0,-,-,-,-,2996.6000,2996.2000,2994.8000,2990.6000,2990.0000,2998.4000,2998.6000,2999.8000,3005.8000,3014.2000,4,4,1,5,1,1,1,1,5,2
SF,IH2002,2019-12-24 09:45:09.600,2996.6000,109,1,31483500.000,1,1,0,双开,S,2996.6000,2996.2000,2994.8000,2990.6000,2990.0000,2998.4000,2998.6000,2999.8000,3005.8000,3014.2000,3,4,1,5,1,1,1,1,5,2
SF,IH2002,2019-12-24 09:45:11.100,2996.6000,110,1,32382480.000,1,1,0,双开,S,2996.6000,2996.2000,2994.8000,2990.6000,2990.0000,2998.4000,2998.6000,2999.8000,3005.8000,3014.2000,2,4,1,5,1,1,1,1,5,2
SF,IH2002,2019-12-24 09:45:11.600,2996.6000,110,0,33281460.000,1,0,1,多换,S,2996.6000,2996.2000,2994.8000,2990.6000,2990.0000,2998.4000,2998.6000,2999.8000,3005.8000,3014.2000,1,4,1,5,1,1,1,1,5,2
SF,IH2002,2019-12-24 09:45:12.100,2996.6000,111,1,34180440.000,1,1,0,双开,S,2996.2000,2994.8000,2990.6000,2990.0000,2985.8000,2998.4000,2998.6000,2999.8000,3005.8000,3014.2000,4,1,5,1,2,1,1,1,5,2
SF,IH2002,2019-12-24 09:45:12.600,2996.6000,111,0,34180440.000,0,-,-,-,-,2996.2000,2994.8000,2990.6000,2990.0000,2985.8000,2996.6000,2998.4000,2999.8000,3005.8000,3014.2000,4,1,5,1,2,1,1,1,5,2
SF,IH2002,2019-12-24 09:45:13.100,2996.6000,111,0,34180440.000,0,-,-,-,-,2996.2000,2994.8000,2990.0000,2986.8000,2985.8000,2996.6000,2998.4000,2999.8000,3005.8000,3014.2000,4,1,1,5,2,1,1,1,5,2
SF,IH2002,2019-12-24 09:45:16.100,2996.2000,111,0,35079300.000,1,0,1,多换,S,2996.2000,2994.8000,2990.0000,2986.8000,2985.8000,2996.6000,2998.4000,2999.8000,3005.8000,3014.2000,3,1,1,5,2,1,1,1,5,2
SF,IH2002,2019-12-24 09:45:17.100,2996.2000,111,0,35079300.000,0,-,-,-,-,2996.2000,2994.8000,2990.0000,2986.8000,2985.8000,2998.4000,2999.8000,3005.8000,3014.2000,3211.4000,3,1,1,5,2,1,1,5,2,2
SF,IH2002,2019-12-24 09:45:18.100,2996.2000,112,1,35978160.000,1,1,0,双开,S,2996.2000,2994.8000,2990.0000,2986.8000,2985.8000,2998.4000,2999.8000,3005.8000,3014.2000,3211.4000,2,1,1,5,2,1,1,5,2,2
SF,IH2002,2019-12-24 09:45:18.600,2996.2000,112,0,35978160.000,0,-,-,-,-,2996.2000,2994.8000,2990.0000,2986.8000,2985.8000,2998.2000,2998.4000,2999.8000,3005.8000,3014.2000,2,1,1,5,2,1,1,1,5,2
SF,IH2002,2019-12-24 09:45:19.100,2996.2000,112,0,35978160.000,0,-,-,-,-,2996.2000,2994.8000,2990.0000,2986.8000,2985.8000,2997.8000,2998.0000,2998.2000,2999.8000,3005.8000,2,1,1,5,2,1,1,1,1,5
SF,IH2002,2019-12-24 09:45:19.600,2996.2000,112,0,35978160.000,0,-,-,-,-,2996.2000,2994.8000,2990.0000,2986.8000,2985.8000,2997.6000,2997.8000,2998.2000,2999.8000,3005.8000,2,1,1,5,2,1,1,1,1,5
SF,IH2002,2019-12-24 09:45:20.100,2996.2000,112,0,35978160.000,0,-,-,-,-,2996.2000,2994.8000,2990.0000,2986.8000,2985.8000,2997.6000,2998.2000,2999.8000,3005.8000,3014.2000,2,1,1,5,2,1,1,1,5,2
SF,IH2002,2019-12-24 09:45:21.100,2996.2000,113,1,37775880.000,2,1,1,空开,S,2994.8000,2990.0000,2986.8000,2985.8000,2976.6000,2996.2000,2997.6000,2998.2000,2999.8000,3005.8000,1,1,5,2,1,1,1,1,1,5
SF,IH2002,2019-12-24 09:45:21.600,2996.2000,113,0,37775880.000,0,-,-,-,-,2995.0000,2994.8000,2990.0000,2986.8000,2985.8000,2996.2000,2997.6000,2998.2000,2999.8000,3005.8000,1,1,1,5,2,1,1,1,1,5
SF,IH2002,2019-12-24 09:45:23.100,2996.2000,113,0,37775880.000,0,-,-,-,-,2995.0000,2994.8000,2990.0000,2986.8000,2985.8000,2997.6000,2998.2000,2999.8000,3005.8000,3014.2000,1,1,1,5,2,1,1,1,5,2
SF,IH2002,2019-12-24 09:45:23.600,2996.2000,113,0,37775880.000,0,-,-,-,-,2995.0000,2994.8000,2990.0000,2986.8000,2985.8000,2997.6000,2999.8000,3005.8000,3014.2000,3211.4000,1,1,1,5,2,1,1,5,2,2
SF,IH2002,2019-12-24 09:45:24.600,2996.2000,113,0,37775880.000,0,-,-,-,-,2995.0000,2994.8000,2990.0000,2986.8000,2985.8000,2997.2000,2997.6000,2999.8000,3005.8000,3014.2000,1,1,1,5,2,1,1,1,5,2
SF,IH2002,2019-12-24 09:45:25.100,2996.2000,113,0,37775880.000,0,-,-,-,-,2995.0000,2994.8000,2990.0000,2986.8000,2985.8000,2997.0000,2997.2000,2999.8000,3005.8000,3014.2000,1,1,1,5,2,1,1,1,5,2
SF,IH2002,2019-12-24 09:45:29.600,2996.2000,113,0,37775880.000,0,-,-,-,-,2995.0000,2994.8000,2990.0000,2986.8000,2985.8000,2997.0000,2999.8000,3005.8000,3014.2000,3211.4000,1,1,1,5,2,1,1,5,2,2
SF,IH2002,2019-12-24 09:45:32.100,2996.2000,113,0,37775880.000,0,-,-,-,-,2995.2000,2995.0000,2994.8000,2990.0000,2986.8000,2997.0000,2999.8000,3005.8000,3014.2000,3211.4000,1,1,1,1,5,1,1,5,2,2
SF,IH2002,2019-12-24 09:45:35.100,2996.2000,113,0,37775880.000,0,-,-,-,-,2995.0000,2994.8000,2990.0000,2986.8000,2985.8000,2997.0000,2999.8000,3005.8000,3014.2000,3211.4000,1,1,1,5,2,1,1,5,2,2
SF,IH2002,2019-12-24 09:45:38.600,2996.2000,113,0,37775880.000,0,-,-,-,-,2995.2000,2995.0000,2994.8000,2990.0000,2986.8000,2997.0000,2999.8000,3005.8000,3014.2000,3211.4000,1,1,1,1,5,1,1,5,2,2
SF,IH2002,2019-12-24 09:45:39.100,2996.2000,113,0,37775880.000,0,-,-,-,-,2995.2000,2994.8000,2990.0000,2986.8000,2985.8000,2997.0000,2999.8000,3005.8000,3014.2000,3211.4000,1,1,1,5,2,1,1,5,2,2
SF,IH2002,2019-12-24 09:45:46.100,2996.2000,113,0,37775880.000,0,-,-,-,-,2994.8000,2990.0000,2986.8000,2985.8000,2976.6000,2997.0000,2999.8000,3005.8000,3014.2000,3211.4000,1,1,5,2,1,1,1,5,2,2
SF,IH2002,2019-12-24 09:45:50.600,2996.2000,113,0,37775880.000,0,-,-,-,-,2994.8000,2990.0000,2986.8000,2985.8000,2976.6000,2996.8000,2997.0000,2999.8000,3005.8000,3014.2000,1,1,5,2,1,1,1,1,5,2
SF,IH2002,2019-12-24 09:45:53.600,2996.2000,113,0,37775880.000,0,-,-,-,-,2995.0000,2994.8000,2990.0000,2986.8000,2985.8000,2996.8000,2997.0000,2999.8000,3005.8000,3014.2000,1,1,1,5,2,1,1,1,5,2
SF,IH2002,2019-12-24 09:45:54.100,2996.2000,113,0,37775880.000,0,-,-,-,-,2995.0000,2994.8000,2990.0000,2986.8000,2985.8000,2996.6000,2999.8000,3005.8000,3014.2000,3211.4000,1,1,1,5,2,1,1,5,2,2
SF,IH2002,2019-12-24 09:45:58.600,2995.0000,114,1,38674380.000,1,1,0,双开,S,2994.8000,2990.0000,2986.8000,2985.8000,2976.6000,2996.6000,2999.8000,3005.8000,3014.2000,3211.4000,1,1,5,2,1,1,1,5,2,2
SF,IH2002,2019-12-24 09:45:59.100,2995.0000,114,0,38674380.000,0,-,-,-,-,2994.8000,2990.0000,2986.8000,2985.8000,2976.6000,2996.4000,2996.6000,2999.8000,3005.8000,3014.2000,1,1,5,2,1,5,1,1,5,2
SF,IH2002,2019-12-24 09:45:59.600,2995.0000,114,0,38674380.000,0,-,-,-,-,2994.8000,2990.0000,2986.8000,2985.8000,2976.6000,2996.2000,2996.4000,2999.8000,3005.8000,3014.2000,1,1,5,2,1,1,5,1,5,2
SF,IH2002,2019-12-24 09:46:00.600,2995.0000,114,0,38674380.000,0,-,-,-,-,2994.8000,2990.0000,2986.8000,2985.8000,2976.6000,2996.2000,2999.8000,3005.8000,3014.2000,3211.4000,1,1,5,2,1,1,1,5,2,2
SF,IH2002,2019-12-24 09:46:10.600,2995.0000,114,0,38674380.000,0,-,-,-,-,2994.8000,2990.0000,2986.8000,2985.8000,2976.6000,2996.2000,2999.8000,3002.8000,3005.8000,3014.2000,1,1,5,2,1,1,1,2,5,2
SF,IH2002,2019-12-24 09:46:49.600,2995.0000,114,0,38674380.000,0,-,-,-,-,2994.8000,2990.0000,2986.8000,2985.8000,2976.6000,2996.2000,2998.2000,2999.8000,3002.8000,3014.2000,1,1,5,2,1,1,5,1,2,2
SF,IH2002,2019-12-24 09:46:50.100,2994.8000,113,-1,39572820.000,1,0,1,双平,S,2990.0000,2986.8000,2985.8000,2976.6000,2791.0000,2998.2000,2999.8000,3002.8000,3014.2000,3211.4000,1,5,2,1,2,5,1,2,2,2
SF,IH2002,2019-12-24 09:46:50.600,2994.8000,113,0,39572820.000,0,-,-,-,-,2990.2000,2990.0000,2986.8000,2985.8000,2976.6000,2998.0000,2998.2000,2999.8000,3002.8000,3014.2000,1,1,5,2,1,1,5,1,2,2
SF,IH2002,2019-12-24 09:46:51.600,2994.8000,113,0,39572820.000,0,-,-,-,-,2990.2000,2990.0000,2986.8000,2985.8000,2976.6000,2996.8000,2998.0000,2998.2000,2999.8000,3002.8000,1,1,5,2,1,1,1,5,1,2
SF,IH2002,2019-12-24 09:46:52.100,2994.8000,113,0,39572820.000,0,-,-,-,-,2992.0000,2990.4000,2990.2000,2990.0000,2986.8000,2996.6000,2996.8000,2998.2000,2999.8000,3002.8000,1,3,1,1,5,1,1,5,1,2
SF,IH2002,2019-12-24 09:46:52.600,2994.8000,113,0,39572820.000,0,-,-,-,-,2992.2000,2992.0000,2990.4000,2990.0000,2986.8000,2996.6000,2996.8000,2999.8000,3002.0000,3002.8000,1,1,3,1,5,1,1,1,5,2
SF,IH2002,2019-12-24 09:46:54.100,2994.8000,113,0,39572820.000,0,-,-,-,-,2992.4000,2992.2000,2990.4000,2990.0000,2986.8000,2996.6000,2996.8000,2999.8000,3002.0000,3002.8000,1,1,3,1,5,1,1,1,5,2
SF,IH2002,2019-12-24 09:46:54.600,2994.8000,113,0,39572820.000,0,-,-,-,-,2992.6000,2992.4000,2990.4000,2990.0000,2986.8000,2996.6000,2999.8000,3002.0000,3002.8000,3014.2000,1,1,3,1,5,1,1,5,2,2
SF,IH2002,2019-12-24 09:46:55.600,2994.8000,113,0,39572820.000,0,-,-,-,-,2992.8000,2992.6000,2992.4000,2990.4000,2990.0000,2996.6000,2999.8000,3002.0000,3002.8000,3014.2000,1,1,1,3,1,1,1,5,2,2
SF,IH2002,2019-12-24 09:46:56.100,2994.8000,113,0,39572820.000,0,-,-,-,-,2993.0000,2992.8000,2992.4000,2990.4000,2990.0000,2996.6000,2999.8000,3002.0000,3002.8000,3014.2000,1,1,1,3,1,1,1,5,2,2
SF,IH2002,2019-12-24 09:47:04.600,2994.8000,113,0,39572820.000,0,-,-,-,-,2993.0000,2992.8000,2992.4000,2990.0000,2986.8000,2996.6000,2999.8000,3002.0000,3002.8000,3014.2000,1,1,1,1,5,1,1,5,2,2
SF,IH2002,2019-12-24 09:47:07.600,2994.8000,113,0,39572820.000,0,-,-,-,-,2993.0000,2992.8000,2992.4000,2990.0000,2986.8000,2995.8000,2996.6000,2999.8000,3002.0000,3002.8000,1,1,1,1,5,1,1,1,5,2
SF,IH2002,2019-12-24 09:47:08.100,2994.8000,113,0,39572820.000,0,-,-,-,-,2993.0000,2992.8000,2992.4000,2990.0000,2986.8000,2995.6000,2995.8000,2999.8000,3002.0000,3002.8000,1,1,1,1,5,1,1,1,5,2
SF,IH2002,2019-12-24 09:47:11.600,2994.8000,113,0,39572820.000,0,-,-,-,-,2993.2000,2993.0000,2992.4000,2990.0000,2986.8000,2995.6000,2995.8000,2999.8000,3002.0000,3002.8000,1,1,1,1,5,1,1,1,5,2
SF,IH2002,2019-12-24 09:47:12.100,2994.8000,113,0,39572820.000,0,-,-,-,-,2993.4000,2993.2000,2992.4000,2990.0000,2986.8000,2995.6000,2995.8000,2999.8000,3002.0000,3002.8000,1,1,1,1,5,1,1,1,5,2
SF,IH2002,2019-12-24 09:47:12.600,2994.8000,113,0,39572820.000,0,-,-,-,-,2993.2000,2992.4000,2990.0000,2986.8000,2985.8000,2995.6000,2995.8000,2999.8000,3002.0000,3002.8000,1,1,1,5,2,1,1,1,5,2
SF,IH2002,2019-12-24 09:47:15.600,2994.8000,113,0,39572820.000,0,-,-,-,-,2993.2000,2990.0000,2986.8000,2985.8000,2976.6000,2995.6000,2995.8000,2999.8000,3002.0000,3002.8000,1,1,5,2,1,1,1,1,5,2
SF,IH2002,2019-12-24 09:47:17.100,2994.8000,113,0,39572820.000,0,-,-,-,-,2990.0000,2986.8000,2985.8000,2976.6000,2791.0000,2995.6000,2995.8000,2999.8000,3002.0000,3002.8000,1,5,2,1,2,1,1,1,5,2
SF,IH2002,2019-12-24 09:47:17.600,2994.8000,113,0,39572820.000,0,-,-,-,-,2990.2000,2990.0000,2986.8000,2985.8000,2976.6000,2995.6000,2995.8000,2999.8000,3002.0000,3002.8000,1,1,5,2,1,1,1,1,5,2
SF,IH2002,2019-12-24 09:47:19.600,2994.8000,113,0,39572820.000,0,-,-,-,-,2990.8000,2990.2000,2990.0000,2986.8000,2985.8000,2995.6000,2995.8000,2999.8000,3002.0000,3002.8000,1,1,1,5,2,1,1,1,5,2
SF,IH2002,2019-12-24 09:47:20.100,2994.8000,113,0,39572820.000,0,-,-,-,-,2991.0000,2990.8000,2990.4000,2990.0000,2986.8000,2995.6000,2995.8000,2999.8000,3002.0000,3002.8000,2,1,1,1,5,1,1,1,5,2
SF,IH2002,2019-12-24 09:47:21.100,2994.8000,113,0,39572820.000,0,-,-,-,-,2991.0000,2990.8000,2990.4000,2990.0000,2986.8000,2994.8000,2995.6000,2999.8000,3002.0000,3002.8000,2,1,1,1,5,1,1,1,5,2
SF,IH2002,2019-12-24 09:47:21.600,2994.8000,113,0,39572820.000,0,-,-,-,-,2991.0000,2990.8000,2990.0000,2986.8000,2985.8000,2994.6000,2994.8000,2999.8000,3002.0000,3002.8000,2,1,1,5,2,1,1,1,5,2
SF,IH2002,2019-12-24 09:47:22.100,2994.6000,112,-1,40471200.000,1,0,1,双平,S,2991.0000,2990.8000,2990.0000,2986.8000,2985.8000,2994.8000,2999.8000,3002.0000,3002.8000,3014.2000,2,1,1,5,2,1,1,5,2,2
SF,IH2002,2019-12-24 09:47:22.600,2994.6000,112,0,40471200.000,0,-,-,-,-,2991.2000,2991.0000,2990.8000,2990.0000,2986.8000,2994.6000,2999.8000,3002.0000,3002.8000,3014.2000,1,2,1,1,5,1,1,5,2,2
SF,IH2002,2019-12-24 09:47:23.100,2994.6000,112,0,40471200.000,0,-,-,-,-,2991.4000,2991.2000,2991.0000,2990.8000,2990.0000,2994.6000,2999.8000,3002.0000,3002.8000,3014.2000,1,1,1,1,1,1,1,5,2,2
SF,IH2002,2019-12-24 09:47:26.600,2994.6000,112,0,40471200.000,0,-,-,-,-,2991.4000,2991.0000,2990.8000,2990.0000,2986.8000,2994.6000,2999.8000,3002.0000,3002.8000,3014.2000,1,1,1,1,5,1,1,5,2,2
SF,IH2002,2019-12-24 09:47:31.600,2994.6000,112,0,40471200.000,0,-,-,-,-,2991.4000,2990.8000,2990.0000,2986.8000,2985.8000,2994.6000,2999.8000,3002.0000,3002.8000,3014.2000,1,1,1,5,2,1,1,5,2,2
SF,IH2002,2019-12-24 09:47:40.600,2994.6000,112,0,40471200.000,0,-,-,-,-,2992.0000,2991.4000,2990.8000,2990.0000,2986.8000,2994.6000,2999.8000,3002.0000,3002.8000,3014.2000,1,1,1,1,5,1,1,5,2,2
SF,IH2002,2019-12-24 09:47:41.100,2994.6000,112,0,40471200.000,0,-,-,-,-,2992.2000,2992.0000,2990.8000,2990.0000,2986.8000,2994.6000,2999.8000,3002.0000,3002.8000,3014.2000,1,1,1,1,5,1,1,5,2,2
SF,IH2002,2019-12-24 09:47:42.100,2994.6000,112,0,40471200.000,0,-,-,-,-,2992.2000,2990.8000,2990.0000,2986.8000,2985.8000,2994.6000,2999.8000,3002.0000,3002.8000,3014.2000,1,1,1,5,2,1,1,5,2,2
SF,IH2002,2019-12-24 09:47:48.100,2994.6000,112,0,40471200.000,0,-,-,-,-,2992.4000,2992.2000,2990.0000,2986.8000,2985.8000,2994.6000,2999.8000,3002.0000,3002.8000,3014.2000,1,1,1,5,2,1,1,5,2,2
