市场代码,合约代码,时间,最新,持仓,增仓,成交额,成交量,开仓,平仓,成交类型,方向,买一价,买二价,买三价,买四价,买五价,卖一价,卖二价,卖三价,卖四价,卖五价,买一量,买二量,买三量,买四量,买五量,卖一量,卖二量,卖三量,卖四量,卖五量
SF,IH2009,2020-06-04 09:29:00.200,2787.2000,15879,0,6689280.000,8.000,-,-,-,-,2787.2000,2787.0000,2785.8000,2785.0000,2784.2000,2787.4000,2788.0000,2789.0000,2790.0000,2792.0000,1,1,1,1,1,1,1,2,4,2
SF,IH2009,2020-06-04 09:30:00.200,2787.4000,15877,-2,13378620.000,8,3,5,多平,S,2785.0000,2783.2000,2783.0000,2782.4000,2781.2000,2787.4000,2787.6000,2788.0000,2789.0000,2790.0000,1,4,1,1,1,2,1,1,2,4
SF,IH2009,2020-06-04 09:30:00.700,2785.4000,15876,-1,16722300.000,4,1,3,多平,S,2785.2000,2785.0000,2784.6000,2783.0000,2782.4000,2787.0000,2787.2000,2787.4000,2787.6000,2788.0000,3,2,1,1,1,3,3,11,1,1
SF,IH2009,2020-06-04 09:30:01.200,2787.0000,15875,-1,18394440.000,2,0,2,多平,S,2786.4000,2785.8000,2785.2000,2785.0000,2784.6000,2787.0000,2787.2000,2787.4000,2787.6000,2788.0000,1,1,2,1,1,2,2,11,1,1
SF,IH2009,2020-06-04 09:30:01.700,2787.0000,15875,0,18394440.000,0,-,-,-,-,2785.8000,2785.2000,2785.0000,2784.6000,2783.0000,2786.4000,2787.0000,2787.4000,2787.6000,2788.0000,1,2,1,1,1,2,2,11,1,1
SF,IH2009,2020-06-04 09:30:02.200,2785.8000,15872,-3,22574160.000,5,1,4,多平,S,2784.6000,2783.0000,2781.6000,2781.2000,2780.0000,2787.0000,2787.4000,2787.6000,2788.0000,2789.0000,1,1,5,1,2,1,3,1,1,2
SF,IH2009,2020-06-04 09:30:02.700,2785.8000,15872,0,26753700.000,5,2,3,多换,S,2785.8000,2785.0000,2784.6000,2783.0000,2781.6000,2786.4000,2787.4000,2787.6000,2788.0000,2789.0000,1,7,6,1,5,6,3,1,1,2
SF,IH2009,2020-06-04 09:30:03.200,2786.4000,15873,1,31769220.000,6,3,3,空开,S,2786.6000,2786.0000,2785.8000,2784.6000,2783.0000,2787.0000,2787.4000,2787.6000,2788.0000,2789.0000,2,9,1,8,1,1,3,1,1,2
SF,IH2009,2020-06-04 09:30:03.700,2786.4000,15872,-1,32605140.000,1,0,1,双平,S,2784.6000,2783.0000,2781.6000,2781.2000,2780.0000,2787.0000,2787.4000,2787.6000,2788.0000,2789.0000,3,1,5,1,2,1,3,1,1,2
SF,IH2009,2020-06-04 09:30:04.200,2787.0000,15872,0,33441240.000,1,0,1,多换,S,2785.8000,2785.0000,2784.8000,2784.6000,2783.0000,2787.4000,2787.6000,2788.0000,2789.0000,2790.0000,1,7,1,5,1,3,1,1,2,4
SF,IH2009,2020-06-04 09:30:04.700,2787.4000,15871,-1,34277460.000,1,0,1,双平,S,2786.2000,2785.8000,2784.6000,2783.0000,2781.6000,2787.4000,2787.6000,2788.0000,2789.0000,2790.0000,7,2,5,1,5,2,1,1,2,4
SF,IH2009,2020-06-04 09:30:05.200,2786.4000,15868,-3,38458500.000,5,1,4,多平,S,2786.4000,2786.2000,2785.8000,2784.6000,2783.0000,2789.0000,2790.0000,2792.0000,2792.2000,2793.2000,1,7,1,5,1,2,4,2,1,1
SF,IH2009,2020-06-04 09:30:05.700,2786.4000,15868,0,38458500.000,0,-,-,-,-,2787.0000,2786.8000,2786.4000,2784.6000,2783.0000,2789.0000,2790.0000,2792.0000,2792.2000,2793.2000,1,7,2,4,1,2,4,2,1,1
SF,IH2009,2020-06-04 09:30:06.200,2787.0000,15866,-2,40130520.000,2,0,2,双平,S,2787.0000,2786.4000,2784.6000,2783.0000,2781.6000,2789.0000,2790.0000,2792.0000,2792.2000,2793.2000,1,1,4,1,5,2,4,2,1,1
SF,IH2009,2020-06-04 09:30:06.700,2787.0000,15865,-1,40966620.000,1,0,1,双平,S,2786.4000,2784.6000,2783.0000,2781.6000,2781.2000,2789.0000,2790.0000,2792.0000,2792.2000,2793.2000,1,4,1,5,1,2,4,2,1,1
SF,IH2009,2020-06-04 09:30:07.200,2789.0000,15865,0,41803320.000,1,0,1,多换,S,2787.0000,2786.4000,2784.6000,2783.0000,2781.6000,2789.0000,2790.0000,2792.0000,2792.2000,2793.2000,1,2,4,1,5,1,4,2,1,1
SF,IH2009,2020-06-04 09:30:07.700,2789.0000,15865,0,41803320.000,0,-,-,-,-,2787.0000,2786.4000,2784.6000,2783.0000,2781.6000,2788.4000,2788.6000,2789.0000,2790.0000,2792.0000,1,2,4,1,5,1,1,1,4,2
SF,IH2009,2020-06-04 09:30:08.200,2789.0000,15865,0,41803320.000,0,-,-,-,-,2787.0000,2786.6000,2786.4000,2784.6000,2783.0000,2788.4000,2788.6000,2789.0000,2789.2000,2790.0000,1,1,2,4,1,1,1,1,1,4
SF,IH2009,2020-06-04 09:30:08.700,2789.0000,15865,0,42640020.000,1,0,1,多换,S,2787.0000,2786.6000,2786.4000,2784.6000,2783.0000,2788.6000,2789.0000,2789.2000,2790.0000,2792.0000,1,1,1,4,1,1,1,1,4,2
SF,IH2009,2020-06-04 09:30:09.200,2786.6000,15866,1,45148260.000,3,2,1,空开,S,2786.4000,2784.6000,2783.0000,2781.6000,2781.2000,2788.6000,2789.0000,2789.2000,2790.0000,2792.0000,1,4,1,5,1,2,2,1,4,2
SF,IH2009,2020-06-04 09:30:09.700,2786.6000,15866,0,45148260.000,0,-,-,-,-,2786.4000,2784.6000,2783.0000,2781.6000,2781.2000,2788.6000,2789.0000,2789.2000,2790.0000,2792.0000,1,4,1,5,1,1,2,1,4,2
SF,IH2009,2020-06-04 09:30:10.200,2788.4000,15865,-1,45984780.000,1,0,1,双平,S,2784.6000,2783.0000,2781.6000,2781.2000,2780.0000,2788.0000,2788.6000,2789.0000,2789.2000,2790.0000,4,1,5,1,2,1,2,2,1,4
SF,IH2009,2020-06-04 09:30:10.700,2788.4000,15864,-1,46821300.000,1,0,1,双平,S,2785.2000,2785.0000,2784.6000,2783.0000,2781.6000,2788.0000,2788.6000,2789.0000,2789.2000,2790.0000,1,7,6,1,5,2,1,2,1,4
SF,IH2009,2020-06-04 09:30:11.200,2785.6000,15863,-1,47656980.000,1,0,1,双平,S,2785.6000,2785.2000,2784.8000,2784.6000,2783.0000,2788.0000,2788.6000,2789.0000,2789.2000,2790.0000,6,2,1,5,1,1,1,2,1,4
SF,IH2009,2020-06-04 09:30:11.700,2788.0000,15863,0,48493380.000,1,0,1,多换,S,2786.0000,2785.6000,2785.2000,2784.8000,2784.6000,2788.0000,2788.6000,2789.0000,2789.2000,2790.0000,1,6,1,1,5,1,1,2,1,4
SF,IH2009,2020-06-04 09:30:12.200,2788.0000,15863,0,48493380.000,0,-,-,-,-,2786.0000,2785.2000,2784.6000,2783.0000,2781.6000,2787.0000,2787.8000,2788.0000,2788.6000,2789.0000,1,1,4,1,5,1,4,1,1,2
SF,IH2009,2020-06-04 09:30:12.700,2788.0000,15863,0,48493380.000,0,-,-,-,-,2786.0000,2785.2000,2784.6000,2783.0000,2781.6000,2787.0000,2787.8000,2788.6000,2789.0000,2789.2000,1,1,4,1,5,1,3,1,2,1
SF,IH2009,2020-06-04 09:30:13.200,2786.0000,15862,-1,49329180.000,1,0,1,双平,S,2785.2000,2784.6000,2783.0000,2781.6000,2781.2000,2787.0000,2788.6000,2789.0000,2789.2000,2790.0000,1,4,1,5,1,4,1,2,1,4
SF,IH2009,2020-06-04 09:30:13.700,2786.0000,15862,0,49329180.000,0,-,-,-,-,2785.2000,2784.6000,2783.0000,2781.6000,2781.2000,2787.0000,2788.6000,2789.0000,2789.2000,2790.0000,1,4,1,5,1,3,1,2,1,4
SF,IH2009,2020-06-04 09:30:14.200,2786.0000,15862,0,49329180.000,0,-,-,-,-,2785.4000,2785.2000,2784.6000,2783.0000,2781.6000,2787.0000,2788.6000,2789.0000,2789.2000,2790.0000,1,2,4,1,5,3,1,2,1,4
SF,IH2009,2020-06-04 09:30:14.700,2786.0000,15862,0,49329180.000,0,-,-,-,-,2785.4000,2785.2000,2784.6000,2783.0000,2781.6000,2787.0000,2788.6000,2789.0000,2789.2000,2790.0000,2,1,4,1,5,4,1,2,2,4
SF,IH2009,2020-06-04 09:30:15.200,2786.0000,15862,0,49329180.000,0,-,-,-,-,2785.4000,2785.2000,2784.6000,2783.0000,2781.6000,2787.0000,2788.6000,2789.0000,2789.2000,2790.0000,2,1,4,1,5,4,1,2,2,5
SF,IH2009,2020-06-04 09:30:15.700,2787.0000,15861,-1,50165280.000,1,0,1,双平,S,2785.4000,2785.2000,2784.6000,2783.0000,2781.6000,2787.0000,2788.2000,2788.6000,2789.0000,2789.2000,2,1,4,1,5,3,1,1,2,2
SF,IH2009,2020-06-04 09:30:16.200,2787.0000,15861,0,50165280.000,0,-,-,-,-,2785.4000,2785.2000,2784.6000,2783.0000,2781.6000,2787.0000,2788.2000,2788.6000,2789.0000,2789.2000,2,1,4,1,5,3,1,1,2,2
SF,IH2009,2020-06-04 09:30:16.700,2787.0000,15860,-1,51001380.000,1,0,1,双平,S,2785.8000,2785.4000,2785.2000,2784.6000,2783.0000,2787.0000,2788.2000,2788.6000,2789.0000,2789.2000,6,1,1,4,1,2,1,1,2,1
SF,IH2009,2020-06-04 09:30:17.200,2787.0000,15860,0,51001380.000,0,-,-,-,-,2786.0000,2785.4000,2785.2000,2784.6000,2783.0000,2787.0000,2788.2000,2788.6000,2789.0000,2789.2000,1,1,1,4,1,2,1,1,2,1
SF,IH2009,2020-06-04 09:30:17.700,2787.0000,15860,0,51001380.000,0,-,-,-,-,2786.0000,2785.4000,2785.2000,2784.6000,2783.0000,2787.0000,2788.2000,2788.6000,2789.0000,2789.2000,2,1,1,4,1,2,1,1,2,1
SF,IH2009,2020-06-04 09:30:18.200,2786.2000,15859,-1,51837240.000,1,0,1,双平,S,2786.0000,2785.6000,2785.4000,2785.2000,2784.6000,2787.0000,2788.2000,2788.6000,2789.0000,2789.2000,2,2,2,1,4,2,1,1,2,1
SF,IH2009,2020-06-04 09:30:18.700,2787.0000,15857,-2,53509440.000,2,0,2,双平,S,2786.0000,2785.6000,2785.4000,2785.2000,2784.6000,2788.2000,2788.6000,2789.0000,2789.2000,2790.0000,2,2,2,1,4,1,1,2,1,5
SF,IH2009,2020-06-04 09:30:19.200,2787.0000,15857,0,53509440.000,0,-,-,-,-,2786.0000,2785.6000,2785.4000,2785.2000,2784.6000,2788.0000,2788.2000,2788.6000,2789.0000,2789.2000,1,2,1,1,4,1,1,1,2,1
SF,IH2009,2020-06-04 09:30:19.700,2787.0000,15857,0,53509440.000,0,-,-,-,-,2786.0000,2785.6000,2785.4000,2785.2000,2784.6000,2787.8000,2788.0000,2788.2000,2788.6000,2789.0000,2,2,1,1,4,1,1,1,1,2
SF,IH2009,2020-06-04 09:30:20.200,2787.0000,15857,0,53509440.000,0,-,-,-,-,2786.0000,2785.6000,2785.4000,2785.2000,2784.6000,2787.6000,2788.0000,2788.2000,2788.6000,2789.0000,1,2,1,1,4,1,1,1,1,2
SF,IH2009,2020-06-04 09:30:20.700,2787.0000,15857,0,53509440.000,0,-,-,-,-,2786.0000,2785.6000,2785.4000,2785.2000,2784.6000,2788.2000,2788.6000,2789.0000,2789.2000,2790.0000,2,2,1,1,4,1,1,2,1,5
SF,IH2009,2020-06-04 09:30:21.200,2787.0000,15857,0,53509440.000,0,-,-,-,-,2786.0000,2785.6000,2785.4000,2784.6000,2783.0000,2788.0000,2788.2000,2788.6000,2789.0000,2789.2000,4,2,1,3,1,1,1,1,2,1
SF,IH2009,2020-06-04 09:30:21.700,2786.0000,15856,-1,54345240.000,1,0,1,双平,S,2785.6000,2785.4000,2785.0000,2784.6000,2783.0000,2787.8000,2788.0000,2788.2000,2788.6000,2789.0000,2,1,1,3,1,1,2,1,1,2
SF,IH2009,2020-06-04 09:30:22.200,2786.0000,15856,0,54345240.000,0,-,-,-,-,2786.0000,2785.8000,2785.6000,2785.4000,2785.0000,2788.0000,2788.2000,2788.6000,2789.0000,2789.2000,6,1,3,1,1,2,1,1,2,1
SF,IH2009,2020-06-04 09:30:22.700,2786.0000,15856,0,54345240.000,0,-,-,-,-,2785.8000,2785.6000,2785.4000,2785.0000,2784.6000,2787.8000,2788.0000,2788.2000,2788.6000,2789.0000,1,3,1,1,3,1,1,1,1,2
SF,IH2009,2020-06-04 09:30:23.200,2786.0000,15856,0,54345240.000,0,-,-,-,-,2785.6000,2785.4000,2785.0000,2784.6000,2783.0000,2786.0000,2787.6000,2788.0000,2788.2000,2788.6000,2,1,1,3,1,1,1,1,1,1
SF,IH2009,2020-06-04 09:30:23.700,2786.0000,15855,-1,55181040.000,1,0,1,双平,S,2785.8000,2785.6000,2785.4000,2785.0000,2784.6000,2788.0000,2788.2000,2788.6000,2789.0000,2789.2000,1,2,1,1,3,1,1,1,2,1
SF,IH2009,2020-06-04 09:30:24.200,2786.0000,15855,0,55181040.000,0,-,-,-,-,2787.8000,2785.8000,2785.6000,2785.4000,2785.0000,2788.0000,2788.2000,2788.6000,2789.0000,2789.2000,1,1,2,1,1,1,1,1,2,1
SF,IH2009,2020-06-04 09:30:24.700,2787.8000,15853,-2,57690060.000,3,0,3,多平,S,2785.8000,2785.6000,2785.4000,2785.0000,2784.6000,2787.8000,2788.0000,2788.2000,2788.6000,2789.0000,1,2,1,1,3,3,2,1,1,2
SF,IH2009,2020-06-04 09:30:25.200,2787.8000,15853,0,57690060.000,0,-,-,-,-,2786.0000,2785.8000,2785.6000,2785.4000,2785.0000,2787.8000,2788.0000,2788.2000,2788.6000,2789.0000,1,1,2,1,1,3,1,1,1,2
SF,IH2009,2020-06-04 09:30:25.700,2787.8000,15853,0,57690060.000,0,-,-,-,-,2786.0000,2785.8000,2785.6000,2785.4000,2785.0000,2787.8000,2788.0000,2788.2000,2788.6000,2789.0000,8,1,2,1,1,3,1,1,1,2
SF,IH2009,2020-06-04 09:30:26.200,2787.8000,15853,0,57690060.000,0,-,-,-,-,2786.0000,2785.8000,2785.6000,2785.4000,2785.0000,2787.8000,2788.0000,2788.2000,2788.6000,2789.0000,8,1,2,1,1,3,2,1,1,2
SF,IH2009,2020-06-04 09:30:26.700,2787.8000,15853,0,57690060.000,0,-,-,-,-,2786.2000,2786.0000,2785.8000,2785.6000,2785.4000,2787.8000,2788.0000,2788.2000,2788.6000,2789.0000,4,8,1,2,1,2,2,1,1,2
SF,IH2009,2020-06-04 09:30:27.200,2787.8000,15853,0,57690060.000,0,-,-,-,-,2786.0000,2785.8000,2785.6000,2785.4000,2785.2000,2787.6000,2787.8000,2788.0000,2788.2000,2788.6000,7,1,2,1,2,1,2,3,1,1
SF,IH2009,2020-06-04 09:30:27.700,2787.8000,15853,0,58526400.000,1,0,1,多换,S,2786.0000,2785.8000,2785.6000,2785.4000,2785.2000,2787.8000,2788.0000,2788.2000,2788.6000,2789.0000,9,1,2,1,2,2,3,1,1,2
SF,IH2009,2020-06-04 09:30:28.200,2787.8000,15853,0,58526400.000,0,-,-,-,-,2786.0000,2785.8000,2785.6000,2785.4000,2785.2000,2787.8000,2788.0000,2788.2000,2788.6000,2789.0000,8,1,2,1,2,2,3,1,1,2
SF,IH2009,2020-06-04 09:30:28.700,2787.8000,15853,0,58526400.000,0,-,-,-,-,2786.2000,2786.0000,2785.8000,2785.6000,2785.4000,2787.8000,2788.0000,2788.2000,2788.6000,2789.0000,1,9,1,2,1,2,3,1,1,1
SF,IH2009,2020-06-04 09:30:29.200,2787.8000,15853,0,58526400.000,0,-,-,-,-,2786.2000,2786.0000,2785.8000,2785.6000,2785.4000,2787.8000,2788.0000,2788.2000,2788.6000,2789.0000,2,9,1,2,1,2,3,1,1,1
SF,IH2009,2020-06-04 09:30:29.700,2787.8000,15853,0,58526400.000,0,-,-,-,-,2786.2000,2786.0000,2785.8000,2785.6000,2785.4000,2787.6000,2787.8000,2788.0000,2788.2000,2788.6000,2,8,1,2,1,1,2,3,1,1
SF,IH2009,2020-06-04 09:30:30.200,2787.8000,15853,0,59362740.000,1,0,1,多换,S,2786.2000,2786.0000,2785.8000,2785.6000,2785.4000,2787.8000,2788.0000,2788.2000,2788.6000,2789.0000,1,3,1,2,1,1,3,1,1,1
SF,IH2009,2020-06-04 09:30:30.700,2786.2000,15853,0,60198600.000,1,0,1,多换,S,2786.0000,2785.8000,2785.6000,2785.4000,2785.2000,2787.6000,2787.8000,2788.0000,2788.2000,2788.6000,2,1,2,1,2,1,1,3,1,1
SF,IH2009,2020-06-04 09:30:31.200,2786.2000,15853,0,60198600.000,0,-,-,-,-,2786.0000,2785.8000,2785.6000,2785.4000,2785.2000,2787.4000,2787.8000,2788.0000,2788.2000,2788.6000,2,1,2,1,2,2,1,3,1,1
SF,IH2009,2020-06-04 09:30:31.700,2786.2000,15853,0,60198600.000,0,-,-,-,-,2786.0000,2785.8000,2785.6000,2785.2000,2785.0000,2787.4000,2787.8000,2788.0000,2788.2000,2788.6000,2,1,2,2,1,2,1,3,1,1
SF,IH2009,2020-06-04 09:30:32.200,2786.2000,15853,0,60198600.000,0,-,-,-,-,2786.0000,2785.8000,2785.6000,2785.2000,2785.0000,2787.4000,2787.8000,2788.0000,2788.2000,2788.6000,2,1,2,2,1,2,1,3,1,1
SF,IH2009,2020-06-04 09:30:32.700,2786.0000,15853,0,61034400.000,1,0,1,多换,S,2786.0000,2785.8000,2785.6000,2785.2000,2785.0000,2787.4000,2787.8000,2788.0000,2788.2000,2788.6000,1,1,2,2,1,2,1,3,1,1
SF,IH2009,2020-06-04 09:30:33.200,2787.2000,15852,-1,61870560.000,1,0,1,双平,S,2786.0000,2785.6000,2785.2000,2785.0000,2784.8000,2787.2000,2787.4000,2787.8000,2788.0000,2788.2000,1,2,2,1,2,1,1,1,3,1
SF,IH2009,2020-06-04 09:30:33.700,2786.0000,15851,-1,62706360.000,1,0,1,双平,S,2785.6000,2785.2000,2785.0000,2784.8000,2784.6000,2787.2000,2787.8000,2788.0000,2788.2000,2788.6000,2,2,1,2,3,1,1,3,1,1
SF,IH2009,2020-06-04 09:30:34.200,2786.0000,15851,0,62706360.000,0,-,-,-,-,2785.6000,2785.2000,2785.0000,2784.8000,2784.6000,2786.0000,2787.0000,2787.2000,2787.8000,2788.0000,2,2,1,2,3,1,1,1,1,3
SF,IH2009,2020-06-04 09:30:34.700,2786.0000,15851,0,63542160.000,1,0,1,多换,S,2786.2000,2785.6000,2785.2000,2785.0000,2784.8000,2787.2000,2788.0000,2788.2000,2788.6000,2789.0000,1,2,2,1,2,2,3,1,1,1
SF,IH2009,2020-06-04 09:30:35.200,2785.6000,15851,0,65213640.000,2,1,1,多换,S,2785.6000,2785.2000,2785.0000,2784.8000,2784.6000,2786.2000,2787.0000,2787.2000,2788.0000,2788.2000,1,2,1,2,3,1,1,2,3,1
SF,IH2009,2020-06-04 09:30:35.700,2785.6000,15851,0,66049320.000,1,0,1,多换,S,2785.2000,2785.0000,2784.8000,2784.6000,2784.4000,2786.2000,2787.2000,2788.0000,2788.2000,2788.6000,2,1,2,3,2,1,2,3,1,1
SF,IH2009,2020-06-04 09:30:36.200,2785.0000,15851,0,68555940.000,3,1,2,多换,S,2784.8000,2784.6000,2784.4000,2784.0000,2783.6000,2786.2000,2787.2000,2788.0000,2788.2000,2788.6000,2,3,2,2,2,1,2,3,1,1
SF,IH2009,2020-06-04 09:30:36.700,2786.0000,15849,-2,75239400.000,8,3,5,多平,S,2784.0000,2783.6000,2783.2000,2783.0000,2782.4000,2786.2000,2787.2000,2788.0000,2788.2000,2788.6000,2,2,2,1,1,1,2,3,1,1
SF,IH2009,2020-06-04 09:30:37.200,2786.0000,15849,0,75239400.000,0,-,-,-,-,2784.0000,2783.6000,2783.2000,2783.0000,2782.8000,2786.2000,2786.4000,2787.2000,2788.0000,2788.2000,2,2,2,1,2,1,1,1,3,1
SF,IH2009,2020-06-04 09:30:38.200,2786.0000,15849,0,75239400.000,0,-,-,-,-,2784.0000,2783.6000,2783.2000,2783.0000,2782.8000,2786.2000,2786.4000,2787.2000,2788.0000,2788.2000,3,2,2,1,2,1,1,1,3,1
SF,IH2009,2020-06-04 09:30:38.700,2786.0000,15849,0,75239400.000,0,-,-,-,-,2784.0000,2783.6000,2783.2000,2783.0000,2782.8000,2786.2000,2786.4000,2787.2000,2788.0000,2788.2000,3,2,2,1,2,1,1,1,3,1
SF,IH2009,2020-06-04 09:30:39.200,2784.0000,15850,1,76074600.000,1,1,0,双开,S,2784.0000,2783.6000,2783.2000,2783.0000,2782.8000,2786.2000,2786.4000,2787.2000,2788.0000,2788.2000,2,2,2,1,2,1,1,1,3,1
SF,IH2009,2020-06-04 09:30:39.700,2784.0000,15850,0,76074600.000,0,-,-,-,-,2784.0000,2783.6000,2783.2000,2783.0000,2782.8000,2786.2000,2786.4000,2787.2000,2788.0000,2788.2000,2,2,2,1,2,1,1,1,3,1
SF,IH2009,2020-06-04 09:30:40.200,2784.0000,15850,0,76074600.000,0,-,-,-,-,2784.0000,2783.6000,2783.2000,2783.0000,2782.8000,2786.2000,2786.4000,2787.2000,2788.0000,2788.2000,2,2,2,1,2,1,1,1,3,1
SF,IH2009,2020-06-04 09:30:40.700,2784.0000,15850,0,76074600.000,0,-,-,-,-,2784.0000,2783.6000,2783.2000,2783.0000,2782.8000,2785.8000,2786.0000,2786.2000,2786.4000,2787.2000,2,2,2,1,2,1,1,1,1,1
SF,IH2009,2020-06-04 09:30:41.200,2784.0000,15850,0,76074600.000,0,-,-,-,-,2784.2000,2784.0000,2783.6000,2783.2000,2783.0000,2785.6000,2785.8000,2786.0000,2786.2000,2786.4000,1,1,2,2,1,1,1,1,1,1
SF,IH2009,2020-06-04 09:30:41.700,2784.0000,15850,0,76074600.000,0,-,-,-,-,2784.2000,2784.0000,2783.6000,2783.2000,2783.0000,2785.4000,2785.8000,2786.0000,2786.2000,2786.4000,1,1,2,2,1,1,1,1,1,1
SF,IH2009,2020-06-04 09:30:42.200,2784.0000,15850,0,76074600.000,0,-,-,-,-,2784.2000,2784.0000,2783.6000,2783.2000,2783.0000,2785.2000,2785.8000,2786.0000,2786.2000,2786.4000,1,1,2,2,1,1,1,1,1,1
SF,IH2009,2020-06-04 09:30:42.700,2784.0000,15850,0,76074600.000,0,-,-,-,-,2784.2000,2784.0000,2783.6000,2783.2000,2783.0000,2786.0000,2786.2000,2786.4000,2787.2000,2788.0000,1,1,2,2,1,1,1,1,1,3
SF,IH2009,2020-06-04 09:30:43.200,2784.0000,15850,0,76074600.000,0,-,-,-,-,2784.2000,2784.0000,2783.6000,2783.2000,2783.0000,2785.8000,2786.0000,2786.2000,2786.4000,2787.2000,1,1,2,2,1,1,1,1,1,1
SF,IH2009,2020-06-04 09:30:43.700,2784.2000,15849,-1,76909860.000,1,0,1,双平,S,2784.2000,2784.0000,2783.6000,2783.2000,2783.0000,2785.6000,2786.0000,2786.2000,2786.4000,2787.2000,1,1,2,2,1,1,1,1,1,1
SF,IH2009,2020-06-04 09:30:44.200,2784.2000,15849,0,76909860.000,0,-,-,-,-,2784.2000,2784.0000,2783.6000,2783.2000,2783.0000,2785.4000,2786.2000,2786.4000,2787.2000,2788.0000,1,1,2,2,1,1,1,1,1,3
SF,IH2009,2020-06-04 09:30:44.700,2784.2000,15849,0,76909860.000,0,-,-,-,-,2784.2000,2784.0000,2783.6000,2783.2000,2783.0000,2786.2000,2786.4000,2787.2000,2788.0000,2788.2000,1,1,2,2,1,1,1,1,3,1
SF,IH2009,2020-06-04 09:30:45.200,2784.2000,15849,0,76909860.000,0,-,-,-,-,2784.2000,2784.0000,2783.6000,2783.2000,2783.0000,2785.2000,2786.0000,2786.2000,2786.4000,2787.2000,1,1,2,2,1,1,1,1,1,1
SF,IH2009,2020-06-04 09:30:45.700,2784.2000,15849,0,77745120.000,1,0,1,多换,S,2784.0000,2783.6000,2783.2000,2783.0000,2782.8000,2786.2000,2786.4000,2787.2000,2788.0000,2788.2000,1,2,2,1,2,1,1,1,3,1
SF,IH2009,2020-06-04 09:30:46.200,2784.2000,15849,0,77745120.000,0,-,-,-,-,2784.0000,2783.6000,2783.2000,2783.0000,2782.8000,2786.2000,2786.4000,2788.0000,2788.2000,2789.0000,1,2,2,1,2,1,1,3,1,1
SF,IH2009,2020-06-04 09:30:46.700,2784.2000,15849,0,77745120.000,0,-,-,-,-,2784.0000,2783.6000,2783.2000,2783.0000,2782.8000,2786.2000,2786.4000,2788.0000,2788.2000,2789.0000,1,2,2,1,2,1,1,3,1,1
SF,IH2009,2020-06-04 09:30:47.200,2786.2000,15848,-1,78580980.000,1,0,1,双平,S,2784.0000,2783.6000,2783.2000,2783.0000,2782.8000,2786.4000,2788.0000,2788.2000,2789.0000,2789.2000,1,2,2,1,2,1,3,1,1,2
SF,IH2009,2020-06-04 09:30:47.700,2784.0000,15847,-1,80251380.000,2,0,2,多平,S,2783.6000,2783.2000,2783.0000,2782.8000,2782.4000,2784.6000,2785.0000,2785.2000,2786.0000,2786.2000,2,2,1,2,3,2,1,1,1,1
SF,IH2009,2020-06-04 09:30:48.200,2784.0000,15847,0,80251380.000,0,-,-,-,-,2783.8000,2783.6000,2783.2000,2783.0000,2782.8000,2784.6000,2786.0000,2786.2000,2786.4000,2788.0000,1,2,2,1,2,2,1,1,1,3
SF,IH2009,2020-06-04 09:30:48.700,2784.0000,15847,0,80251380.000,0,-,-,-,-,2783.8000,2783.6000,2783.2000,2783.0000,2782.8000,2786.0000,2786.2000,2786.4000,2788.0000,2788.2000,1,2,2,1,2,1,1,1,3,1
SF,IH2009,2020-06-04 09:30:49.200,2784.0000,15847,0,80251380.000,0,-,-,-,-,2784.0000,2783.8000,2783.6000,2783.2000,2783.0000,2786.0000,2786.2000,2786.4000,2788.0000,2788.2000,1,1,2,2,1,1,1,1,3,1
SF,IH2009,2020-06-04 09:30:49.700,2784.0000,15847,0,80251380.000,0,-,-,-,-,2784.0000,2783.8000,2783.6000,2783.2000,2783.0000,2784.6000,2785.8000,2786.0000,2786.2000,2786.4000,1,1,2,2,1,2,1,1,1,1
SF,IH2009,2020-06-04 09:30:50.200,2784.6000,15848,1,81086760.000,1,1,0,双开,S,2783.6000,2783.2000,2783.0000,2782.8000,2782.4000,2783.8000,2784.6000,2786.0000,2786.4000,2788.0000,2,2,1,2,3,1,1,2,1,3
SF,IH2009,2020-06-04 09:30:50.700,2783.8000,15847,-1,81921900.000,1,0,1,双平,S,2784.0000,2783.8000,2783.6000,2783.2000,2783.0000,2786.4000,2788.0000,2788.2000,2789.0000,2789.2000,1,2,2,2,1,1,3,1,1,2
SF,IH2009,2020-06-04 09:30:51.200,2783.8000,15847,0,81921900.000,0,-,-,-,-,2784.0000,2783.8000,2783.6000,2783.2000,2783.0000,2786.0000,2786.4000,2788.0000,2788.2000,2789.0000,1,1,2,2,1,1,1,3,1,1
SF,IH2009,2020-06-04 09:30:51.700,2783.8000,15847,0,81921900.000,0,-,-,-,-,2784.0000,2783.8000,2783.6000,2783.2000,2783.0000,2785.8000,2786.0000,2786.4000,2788.0000,2788.2000,2,1,2,2,1,1,1,1,3,1
SF,IH2009,2020-06-04 09:30:52.200,2783.8000,15847,0,81921900.000,0,-,-,-,-,2784.2000,2784.0000,2783.8000,2783.6000,2783.2000,2785.6000,2786.0000,2786.4000,2788.0000,2788.2000,1,2,1,2,2,1,1,1,3,1
SF,IH2009,2020-06-04 09:30:52.700,2784.0000,15846,-1,82757100.000,1,0,1,双平,S,2784.2000,2784.0000,2783.8000,2783.6000,2783.2000,2785.4000,2786.0000,2786.4000,2788.0000,2788.2000,1,1,1,2,2,1,1,1,3,1
SF,IH2009,2020-06-04 09:30:53.200,2784.0000,15846,0,82757100.000,0,-,-,-,-,2784.2000,2784.0000,2783.8000,2783.6000,2783.2000,2785.2000,2786.4000,2788.0000,2788.2000,2789.0000,1,1,1,2,2,1,1,3,1,1
SF,IH2009,2020-06-04 09:30:53.700,2785.2000,15845,-1,83592660.000,1,0,1,双平,S,2784.2000,2784.0000,2783.8000,2783.6000,2783.2000,2786.4000,2788.0000,2788.2000,2789.0000,2789.2000,1,1,1,2,2,1,3,1,1,2
SF,IH2009,2020-06-04 09:30:54.200,2785.2000,15845,0,83592660.000,0,-,-,-,-,2784.2000,2784.0000,2783.8000,2783.6000,2783.2000,2786.2000,2786.4000,2788.0000,2788.2000,2789.0000,1,1,1,2,2,1,1,3,1,1
SF,IH2009,2020-06-04 09:30:54.700,2785.2000,15845,0,83592660.000,0,-,-,-,-,2784.4000,2784.0000,2783.8000,2783.6000,2783.2000,2785.4000,2786.0000,2786.2000,2786.4000,2788.0000,1,1,1,2,2,1,1,1,1,3
SF,IH2009,2020-06-04 09:30:55.200,2785.2000,15845,0,83592660.000,0,-,-,-,-,2784.4000,2784.0000,2783.8000,2783.6000,2783.2000,2785.4000,2786.2000,2786.4000,2788.0000,2788.2000,1,1,1,2,2,1,1,1,3,1
SF,IH2009,2020-06-04 09:30:55.700,2785.2000,15845,0,83592660.000,0,-,-,-,-,2784.6000,2784.4000,2784.0000,2783.8000,2783.6000,2785.4000,2786.2000,2786.4000,2788.0000,2788.2000,1,1,1,1,2,1,1,1,3,1
SF,IH2009,2020-06-04 09:30:56.200,2785.2000,15845,0,83592660.000,0,-,-,-,-,2784.6000,2784.0000,2783.8000,2783.6000,2783.2000,2785.4000,2786.2000,2786.4000,2788.0000,2788.2000,2,1,1,2,2,1,1,1,3,1
SF,IH2009,2020-06-04 09:30:57.700,2785.2000,15845,0,83592660.000,0,-,-,-,-,2784.6000,2784.0000,2783.8000,2783.6000,2783.2000,2785.2000,2785.4000,2786.2000,2786.4000,2788.0000,2,1,1,2,2,1,1,1,1,3
SF,IH2009,2020-06-04 09:30:58.200,2785.2000,15844,-1,84428220.000,1,0,1,双平,S,2784.6000,2784.0000,2783.8000,2783.6000,2783.2000,2785.4000,2786.2000,2786.4000,2788.0000,2788.2000,2,1,1,2,2,1,1,1,3,1
SF,IH2009,2020-06-04 09:30:58.700,2784.8000,15843,-1,85263660.000,1,0,1,双平,S,2784.6000,2784.0000,2783.8000,2783.6000,2783.2000,2785.4000,2786.2000,2786.4000,2788.0000,2788.2000,2,1,1,2,2,1,1,1,3,1
SF,IH2009,2020-06-04 09:30:59.200,2785.4000,15843,0,86099280.000,1,0,1,多换,S,2784.6000,2784.0000,2783.8000,2783.6000,2783.2000,2786.2000,2786.4000,2787.2000,2788.0000,2788.2000,1,1,1,2,2,1,1,1,3,1
SF,IH2009,2020-06-04 09:30:59.700,2785.4000,15843,0,86099280.000,0,-,-,-,-,2784.8000,2784.6000,2784.0000,2783.8000,2783.6000,2786.2000,2786.4000,2787.2000,2788.0000,2788.2000,1,2,1,1,2,1,1,1,3,1
SF,IH2009,2020-06-04 09:31:00.200,2785.4000,15843,0,86099280.000,0,-,-,-,-,2784.8000,2784.6000,2784.0000,2783.8000,2783.6000,2785.4000,2786.0000,2786.2000,2786.4000,2787.2000,1,1,1,1,2,1,1,1,1,1
SF,IH2009,2020-06-04 09:31:00.700,2784.8000,15842,-1,87770340.000,2,0,2,多平,S,2785.4000,2784.0000,2783.8000,2783.6000,2783.2000,2786.2000,2786.4000,2787.2000,2788.0000,2788.2000,2,1,1,2,2,1,1,1,3,1
SF,IH2009,2020-06-04 09:31:01.200,2786.2000,15841,-1,88606200.000,1,0,1,双平,S,2785.6000,2785.4000,2784.0000,2783.6000,2783.4000,2787.2000,2788.0000,2788.2000,2789.0000,2789.2000,1,2,1,2,1,1,3,1,1,1
SF,IH2009,2020-06-04 09:31:01.700,2786.2000,15841,0,88606200.000,0,-,-,-,-,2785.4000,2784.0000,2783.6000,2783.4000,2783.2000,2786.0000,2787.0000,2787.2000,2788.0000,2788.2000,2,1,2,1,2,1,2,1,3,1
SF,IH2009,2020-06-04 09:31:02.200,2786.2000,15841,0,88606200.000,0,-,-,-,-,2785.6000,2785.4000,2784.2000,2784.0000,2783.6000,2786.0000,2787.0000,2787.2000,2788.0000,2788.2000,1,2,1,1,2,1,1,2,3,1
SF,IH2009,2020-06-04 09:31:02.700,2785.6000,15840,-1,89441880.000,1,0,1,双平,S,2785.4000,2784.2000,2784.0000,2783.6000,2783.4000,2786.0000,2787.0000,2787.2000,2788.0000,2788.2000,2,1,1,2,1,1,1,2,3,1
SF,IH2009,2020-06-04 09:31:03.200,2785.6000,15840,0,89441880.000,0,-,-,-,-,2784.8000,2784.2000,2784.0000,2783.6000,2783.4000,2786.0000,2787.0000,2787.2000,2788.0000,2788.2000,1,1,1,2,1,1,1,2,3,1
SF,IH2009,2020-06-04 09:31:03.700,2785.6000,15840,0,89441880.000,0,-,-,-,-,2784.8000,2784.2000,2784.0000,2783.6000,2783.4000,2785.8000,2787.2000,2788.0000,2788.2000,2789.0000,1,1,1,3,1,1,2,3,1,1
SF,IH2009,2020-06-04 09:31:04.200,2785.6000,15840,0,89441880.000,0,-,-,-,-,2786.0000,2785.0000,2784.8000,2784.2000,2784.0000,2787.2000,2788.0000,2788.2000,2789.0000,2789.2000,1,1,2,1,1,2,2,1,1,1
SF,IH2009,2020-06-04 09:31:04.700,2786.0000,15839,-1,90277680.000,1,0,1,双平,S,2785.0000,2784.8000,2784.2000,2784.0000,2783.6000,2786.6000,2787.0000,2787.2000,2788.0000,2788.2000,1,1,1,1,2,1,2,2,2,1
SF,IH2009,2020-06-04 09:31:05.200,2786.0000,15839,0,90277680.000,0,-,-,-,-,2785.2000,2785.0000,2784.8000,2784.2000,2784.0000,2786.4000,2787.2000,2788.0000,2788.2000,2789.0000,1,1,3,1,2,1,2,2,1,1
SF,IH2009,2020-06-04 09:31:05.700,2786.0000,15839,0,90277680.000,0,-,-,-,-,2785.4000,2785.0000,2784.8000,2784.2000,2784.0000,2786.4000,2787.0000,2787.2000,2788.0000,2788.2000,1,1,3,1,2,1,1,2,3,1
SF,IH2009,2020-06-04 09:31:06.200,2786.0000,15839,0,90277680.000,0,-,-,-,-,2785.6000,2785.2000,2784.8000,2784.2000,2784.0000,2786.4000,2787.0000,2787.2000,2788.0000,2788.2000,1,1,3,1,2,1,1,2,3,1
SF,IH2009,2020-06-04 09:31:06.700,2786.0000,15839,0,90277680.000,0,-,-,-,-,2784.8000,2784.2000,2784.0000,2783.6000,2783.4000,2786.4000,2787.0000,2787.2000,2788.0000,2788.2000,3,1,2,2,1,1,1,2,3,1
SF,IH2009,2020-06-04 09:31:07.200,2786.0000,15839,0,90277680.000,0,-,-,-,-,2785.8000,2785.0000,2784.8000,2784.6000,2784.2000,2786.4000,2787.0000,2787.2000,2788.0000,2788.2000,1,1,3,1,1,1,1,2,3,1
SF,IH2009,2020-06-04 09:31:07.700,2786.0000,15839,0,90277680.000,0,-,-,-,-,2785.8000,2784.8000,2784.2000,2784.0000,2783.6000,2786.4000,2786.6000,2787.0000,2787.2000,2788.0000,1,3,1,2,2,1,1,1,2,3
SF,IH2009,2020-06-04 09:31:08.700,2786.4000,15838,-1,91113600.000,1,0,1,双平,S,2786.4000,2785.8000,2784.8000,2784.2000,2784.0000,2786.6000,2787.0000,2787.2000,2788.0000,2788.2000,1,1,3,1,2,1,1,2,3,1
SF,IH2009,2020-06-04 09:31:09.200,2786.4000,15837,-1,91949520.000,1,0,1,双平,S,2785.8000,2784.8000,2784.2000,2784.0000,2783.6000,2786.4000,2786.6000,2787.0000,2787.2000,2788.0000,1,3,1,2,2,1,1,1,2,3
SF,IH2009,2020-06-04 09:31:09.700,2786.4000,15834,-3,94457100.000,3,0,3,双平,S,2784.8000,2784.2000,2784.0000,2783.6000,2783.4000,2786.4000,2786.6000,2787.0000,2787.2000,2788.0000,3,1,2,2,1,1,1,1,2,3
SF,IH2009,2020-06-04 09:31:10.200,2786.4000,15834,0,94457100.000,0,-,-,-,-,2786.4000,2786.0000,2785.0000,2784.8000,2784.6000,2786.6000,2787.0000,2787.2000,2788.0000,2788.2000,2,1,3,3,2,1,1,2,3,1
SF,IH2009,2020-06-04 09:31:10.700,2786.4000,15833,-1,95293020.000,1,0,1,双平,S,2786.4000,2785.0000,2784.8000,2784.2000,2784.0000,2786.6000,2787.0000,2787.2000,2788.0000,2788.2000,1,2,3,1,2,1,1,2,3,1
SF,IH2009,2020-06-04 09:31:11.200,2786.4000,15832,-1,96128940.000,1,0,1,双平,S,2785.0000,2784.8000,2784.2000,2784.0000,2783.6000,2786.6000,2787.0000,2787.2000,2788.0000,2788.2000,3,3,1,2,2,1,1,2,3,1
SF,IH2009,2020-06-04 09:31:11.700,2786.4000,15832,0,96128940.000,0,-,-,-,-,2785.2000,2785.0000,2784.8000,2784.2000,2784.0000,2786.6000,2787.0000,2787.2000,2788.0000,2788.2000,9,2,3,1,2,1,1,2,3,1
SF,IH2009,2020-06-04 09:31:12.200,2786.4000,15832,0,96128940.000,0,-,-,-,-,2785.4000,2785.2000,2785.0000,2784.8000,2784.2000,2786.6000,2787.0000,2787.2000,2788.0000,2788.2000,2,8,1,3,1,1,1,2,3,1
SF,IH2009,2020-06-04 09:31:12.700,2786.6000,15831,-1,96964920.000,1,0,1,双平,S,2785.6000,2785.4000,2785.0000,2784.8000,2784.2000,2787.0000,2787.2000,2788.0000,2788.2000,2789.0000,2,2,1,3,1,1,2,3,1,1
SF,IH2009,2020-06-04 09:31:13.200,2786.6000,15831,0,96964920.000,0,-,-,-,-,2785.8000,2785.6000,2785.0000,2784.8000,2784.2000,2787.0000,2787.2000,2788.0000,2788.2000,2789.0000,2,2,1,3,1,1,2,3,1,1
SF,IH2009,2020-06-04 09:31:13.700,2786.6000,15831,0,96964920.000,0,-,-,-,-,2786.0000,2785.8000,2785.6000,2785.0000,2784.8000,2787.0000,2787.2000,2788.0000,2788.2000,2789.0000,1,1,1,1,3,1,2,3,1,1
SF,IH2009,2020-06-04 09:31:14.700,2786.6000,15831,0,96964920.000,0,-,-,-,-,2786.0000,2785.8000,2785.6000,2785.0000,2784.8000,2786.8000,2787.0000,2787.2000,2788.0000,2788.2000,1,1,1,1,3,1,1,2,3,1
SF,IH2009,2020-06-04 09:31:15.200,2786.6000,15831,0,96964920.000,0,-,-,-,-,2785.8000,2785.6000,2785.0000,2784.8000,2784.2000,2786.8000,2787.0000,2787.2000,2788.0000,2788.2000,1,1,1,3,1,1,1,2,3,1
SF,IH2009,2020-06-04 09:31:15.700,2786.6000,15831,0,96964920.000,0,-,-,-,-,2786.0000,2785.8000,2785.6000,2785.0000,2784.8000,2786.8000,2787.0000,2787.2000,2788.0000,2788.2000,1,2,2,1,3,1,3,2,3,1
SF,IH2009,2020-06-04 09:31:16.200,2786.6000,15831,0,96964920.000,0,-,-,-,-,2786.0000,2785.8000,2785.6000,2785.0000,2784.8000,2786.8000,2787.0000,2787.2000,2788.0000,2788.2000,2,1,2,1,3,1,3,2,3,1
SF,IH2009,2020-06-04 09:31:16.700,2786.6000,15831,0,96964920.000,0,-,-,-,-,2786.0000,2785.8000,2785.6000,2785.0000,2784.8000,2786.8000,2787.0000,2787.2000,2788.0000,2788.2000,2,1,2,1,3,1,3,2,4,1
SF,IH2009,2020-06-04 09:31:17.200,2786.6000,15831,0,96964920.000,0,-,-,-,-,2786.0000,2785.8000,2785.6000,2785.0000,2784.8000,2786.8000,2787.0000,2787.2000,2788.0000,2788.2000,2,1,2,1,3,1,3,2,3,1
SF,IH2009,2020-06-04 09:31:17.700,2786.8000,15830,-1,97800960.000,1,0,1,双平,S,2786.2000,2786.0000,2785.8000,2785.6000,2785.0000,2787.0000,2787.2000,2788.0000,2788.2000,2789.0000,1,2,1,2,1,3,2,4,1,1
SF,IH2009,2020-06-04 09:31:18.200,2786.8000,15830,0,97800960.000,0,-,-,-,-,2786.2000,2786.0000,2785.8000,2785.6000,2784.8000,2787.0000,2787.2000,2788.0000,2788.2000,2789.0000,1,2,1,2,3,3,2,4,1,1
SF,IH2009,2020-06-04 09:31:19.200,2786.8000,15830,0,97800960.000,0,-,-,-,-,2786.2000,2786.0000,2785.8000,2785.6000,2784.8000,2787.0000,2787.2000,2788.0000,2788.2000,2789.0000,1,2,1,2,1,3,2,4,1,1
SF,IH2009,2020-06-04 09:31:19.700,2786.2000,15830,0,98636820.000,1,0,1,多换,S,2786.2000,2786.0000,2785.8000,2785.6000,2784.8000,2787.0000,2787.2000,2788.0000,2788.2000,2789.0000,2,3,1,2,1,3,2,4,1,1
SF,IH2009,2020-06-04 09:31:20.200,2787.0000,15829,-1,99472920.000,1,0,1,双平,S,2786.2000,2786.0000,2785.8000,2785.6000,2784.8000,2787.0000,2787.2000,2788.0000,2788.2000,2789.0000,2,3,1,2,1,2,2,4,1,1
SF,IH2009,2020-06-04 09:31:20.700,2787.0000,15829,0,99472920.000,0,-,-,-,-,2786.2000,2786.0000,2785.8000,2785.6000,2784.8000,2787.0000,2787.2000,2788.0000,2788.2000,2789.0000,2,3,1,2,1,2,2,5,1,1
SF,IH2009,2020-06-04 09:31:21.700,2787.0000,15829,0,99472920.000,0,-,-,-,-,2786.2000,2786.0000,2785.8000,2785.6000,2784.8000,2787.0000,2787.2000,2788.0000,2788.2000,2789.0000,2,3,1,2,1,2,2,5,1,1
SF,IH2009,2020-06-04 09:31:23.700,2787.0000,15829,0,99472920.000,0,-,-,-,-,2786.2000,2786.0000,2785.8000,2785.6000,2784.8000,2787.0000,2787.2000,2788.0000,2788.2000,2789.0000,2,2,1,2,1,2,2,5,1,1
SF,IH2009,2020-06-04 09:31:24.200,2787.0000,15829,0,99472920.000,0,-,-,-,-,2786.2000,2786.0000,2785.8000,2785.6000,2784.8000,2787.0000,2787.2000,2788.0000,2788.2000,2789.0000,2,2,1,2,1,2,2,5,1,1
SF,IH2009,2020-06-04 09:31:24.700,2787.0000,15829,0,99472920.000,0,-,-,-,-,2786.2000,2786.0000,2785.8000,2785.6000,2784.8000,2787.0000,2787.2000,2788.0000,2788.2000,2789.0000,2,2,1,2,1,2,2,5,1,1
SF,IH2009,2020-06-04 09:31:25.200,2787.0000,15828,-1,100309020.000,1,0,1,双平,S,2786.2000,2786.0000,2785.8000,2784.8000,2784.2000,2787.0000,2787.2000,2788.0000,2788.2000,2789.0000,2,2,1,1,1,1,2,5,1,1
SF,IH2009,2020-06-04 09:31:26.700,2787.0000,15828,0,100309020.000,0,-,-,-,-,2786.2000,2786.0000,2785.8000,2784.8000,2784.2000,2787.0000,2787.2000,2788.0000,2788.2000,2789.0000,2,2,1,1,1,1,2,5,1,1
SF,IH2009,2020-06-04 09:31:27.200,2787.0000,15828,0,100309020.000,0,-,-,-,-,2786.2000,2786.0000,2785.8000,2784.8000,2784.2000,2787.0000,2787.2000,2788.0000,2788.2000,2789.0000,2,2,1,1,1,1,2,5,1,1
SF,IH2009,2020-06-04 09:31:27.700,2787.0000,15828,0,100309020.000,0,-,-,-,-,2786.2000,2786.0000,2785.8000,2784.8000,2784.2000,2787.0000,2787.2000,2788.0000,2788.2000,2789.0000,2,2,1,1,1,2,2,5,1,1
SF,IH2009,2020-06-04 09:31:28.200,2787.0000,15828,0,100309020.000,0,-,-,-,-,2786.2000,2786.0000,2785.8000,2784.8000,2784.2000,2787.0000,2787.2000,2788.0000,2788.2000,2789.0000,2,2,1,1,1,1,2,5,1,1
SF,IH2009,2020-06-04 09:31:31.200,2787.0000,15827,-1,101145120.000,1,0,1,双平,S,2786.2000,2786.0000,2785.8000,2784.8000,2784.2000,2787.2000,2788.0000,2788.2000,2789.0000,2789.2000,2,2,1,1,1,2,5,1,1,2
SF,IH2009,2020-06-04 09:31:31.700,2787.0000,15827,0,101145120.000,0,-,-,-,-,2786.2000,2786.0000,2785.8000,2784.8000,2784.2000,2787.2000,2788.0000,2788.2000,2789.0000,2789.2000,4,2,1,1,1,2,5,1,1,2
SF,IH2009,2020-06-04 09:31:33.200,2787.0000,15827,0,101145120.000,0,-,-,-,-,2786.2000,2786.0000,2785.8000,2784.8000,2784.2000,2787.2000,2788.0000,2788.2000,2789.0000,2789.2000,5,2,1,1,1,2,5,1,1,2
SF,IH2009,2020-06-04 09:31:35.700,2787.0000,15827,0,101145120.000,0,-,-,-,-,2787.0000,2786.2000,2786.0000,2785.8000,2784.8000,2787.2000,2788.0000,2788.2000,2789.0000,2789.2000,1,3,2,1,1,2,5,1,1,2
SF,IH2009,2020-06-04 09:31:36.200,2787.0000,15827,0,101981220.000,1,0,1,多换,S,2786.2000,2786.0000,2785.8000,2784.8000,2784.0000,2787.0000,2787.2000,2788.0000,2788.2000,2789.0000,5,2,1,1,2,2,2,5,1,1
SF,IH2009,2020-06-04 09:31:36.700,2787.0000,15827,0,101981220.000,0,-,-,-,-,2786.2000,2786.0000,2785.8000,2784.8000,2784.0000,2787.0000,2787.2000,2788.0000,2788.2000,2789.0000,5,2,1,1,2,2,2,6,1,1
SF,IH2009,2020-06-04 09:31:37.200,2787.0000,15827,0,101981220.000,0,-,-,-,-,2786.2000,2786.0000,2785.8000,2784.8000,2784.0000,2787.0000,2787.2000,2788.0000,2788.2000,2789.0000,5,2,1,1,2,2,2,6,1,2
SF,IH2009,2020-06-04 09:31:37.700,2787.0000,15827,0,101981220.000,0,-,-,-,-,2786.2000,2786.0000,2785.8000,2784.8000,2784.0000,2786.8000,2787.0000,2787.2000,2788.0000,2788.2000,5,2,1,1,2,1,3,2,6,1
SF,IH2009,2020-06-04 09:31:38.200,2786.2000,15826,-1,105324660.000,4,1,3,多平,S,2786.2000,2786.0000,2785.8000,2784.8000,2784.0000,2786.8000,2787.0000,2787.2000,2788.0000,2788.2000,1,2,1,1,2,1,3,2,6,1
SF,IH2009,2020-06-04 09:31:38.700,2786.0000,15825,-1,107832120.000,3,1,2,多平,S,2784.8000,2784.0000,2783.6000,2783.4000,2783.2000,2786.2000,2786.6000,2786.8000,2787.0000,2787.2000,1,2,2,1,2,1,1,1,3,2
SF,IH2009,2020-06-04 09:31:39.200,2786.0000,15825,0,107832120.000,0,-,-,-,-,2785.0000,2784.8000,2784.6000,2784.0000,2783.6000,2786.2000,2786.6000,2787.0000,2787.2000,2788.0000,2,1,2,2,2,2,1,3,2,6
SF,IH2009,2020-06-04 09:31:39.700,2786.0000,15825,0,107832120.000,0,-,-,-,-,2785.0000,2784.8000,2784.0000,2783.8000,2783.6000,2786.2000,2786.6000,2787.0000,2787.2000,2788.0000,2,1,2,1,2,2,1,3,2,6
SF,IH2009,2020-06-04 09:31:40.200,2786.0000,15825,0,107832120.000,0,-,-,-,-,2785.0000,2784.8000,2784.0000,2783.8000,2783.6000,2786.2000,2786.4000,2786.6000,2787.0000,2787.2000,2,1,2,1,2,2,1,1,3,2
SF,IH2009,2020-06-04 09:31:42.200,2786.2000,15824,-1,108667980.000,1,0,1,双平,S,2785.0000,2784.8000,2784.0000,2783.8000,2783.6000,2786.6000,2787.0000,2787.2000,2788.0000,2788.2000,2,1,2,1,2,1,3,2,6,1
SF,IH2009,2020-06-04 09:31:42.700,2786.2000,15824,0,108667980.000,0,-,-,-,-,2785.0000,2784.8000,2784.0000,2783.8000,2783.6000,2786.4000,2786.6000,2787.0000,2787.2000,2788.0000,2,1,2,1,2,3,2,3,2,6
SF,IH2009,2020-06-04 09:31:43.200,2786.2000,15824,0,108667980.000,0,-,-,-,-,2785.0000,2784.8000,2784.0000,2783.8000,2783.6000,2786.2000,2786.4000,2786.6000,2787.0000,2787.2000,2,1,2,1,2,1,3,1,3,2
SF,IH2009,2020-06-04 09:31:43.700,2786.2000,15824,0,108667980.000,0,-,-,-,-,2785.0000,2784.8000,2784.0000,2783.8000,2783.6000,2786.4000,2786.6000,2787.0000,2787.2000,2788.0000,2,1,2,1,2,2,1,3,2,6
SF,IH2009,2020-06-04 09:31:44.200,2786.2000,15824,0,108667980.000,0,-,-,-,-,2785.0000,2784.8000,2784.0000,2783.8000,2783.6000,2786.2000,2786.4000,2786.6000,2787.0000,2787.2000,1,1,2,1,2,2,2,1,3,2
SF,IH2009,2020-06-04 09:31:46.200,2786.2000,15824,0,109503840.000,1,0,1,多换,S,2785.0000,2784.8000,2784.0000,2783.8000,2783.6000,2786.2000,2786.4000,2786.6000,2787.0000,2787.2000,1,1,2,1,2,1,2,1,3,2
SF,IH2009,2020-06-04 09:31:46.700,2786.2000,15824,0,109503840.000,0,-,-,-,-,2785.0000,2784.8000,2784.0000,2783.8000,2783.6000,2786.0000,2786.4000,2786.6000,2787.0000,2787.2000,1,1,2,1,2,1,2,1,3,2
SF,IH2009,2020-06-04 09:31:47.200,2786.2000,15824,0,109503840.000,0,-,-,-,-,2785.0000,2784.8000,2784.0000,2783.8000,2783.6000,2786.4000,2786.6000,2787.0000,2787.2000,2788.0000,1,1,2,1,2,2,1,3,2,6
SF,IH2009,2020-06-04 09:31:47.700,2786.2000,15824,0,109503840.000,0,-,-,-,-,2785.0000,2784.8000,2784.0000,2783.8000,2783.6000,2785.8000,2786.2000,2786.4000,2786.6000,2787.0000,1,1,2,1,2,1,2,2,1,3
SF,IH2009,2020-06-04 09:31:48.200,2786.2000,15824,0,109503840.000,0,-,-,-,-,2785.0000,2784.8000,2784.0000,2783.8000,2783.6000,2786.2000,2786.4000,2786.6000,2787.0000,2787.2000,1,1,2,1,2,2,2,1,3,2
SF,IH2009,2020-06-04 09:31:48.700,2785.0000,15824,0,110339340.000,1,0,1,多换,S,2784.0000,2783.8000,2783.6000,2783.4000,2783.2000,2785.0000,2786.0000,2786.2000,2786.4000,2786.6000,2,1,2,1,2,1,2,2,1,1
SF,IH2009,2020-06-04 09:31:49.200,2785.0000,15824,0,110339340.000,0,-,-,-,-,2784.0000,2783.8000,2783.6000,2783.4000,2783.2000,2785.0000,2786.0000,2786.2000,2786.4000,2787.0000,2,1,2,1,2,1,1,2,1,3
SF,IH2009,2020-06-04 09:31:49.700,2785.0000,15824,0,110339340.000,0,-,-,-,-,2784.0000,2783.8000,2783.6000,2783.4000,2783.2000,2785.0000,2786.0000,2786.2000,2786.4000,2787.0000,2,1,2,1,2,1,1,1,1,3
SF,IH2009,2020-06-04 09:31:50.200,2785.0000,15824,0,110339340.000,0,-,-,-,-,2784.2000,2784.0000,2783.8000,2783.6000,2783.4000,2785.0000,2786.0000,2786.2000,2786.4000,2787.0000,1,2,1,2,1,1,2,1,1,4
SF,IH2009,2020-06-04 09:31:50.700,2785.0000,15824,0,110339340.000,0,-,-,-,-,2784.2000,2784.0000,2783.8000,2783.6000,2783.4000,2785.0000,2786.0000,2786.2000,2786.4000,2787.0000,1,2,1,2,1,1,2,1,1,4
SF,IH2009,2020-06-04 09:31:51.200,2785.0000,15824,0,110339340.000,0,-,-,-,-,2784.0000,2783.8000,2783.6000,2783.4000,2783.2000,2784.6000,2785.0000,2786.0000,2786.2000,2786.4000,2,1,2,1,2,1,1,2,1,1
SF,IH2009,2020-06-04 09:31:51.700,2785.0000,15824,0,110339340.000,0,-,-,-,-,2784.2000,2784.0000,2783.8000,2783.6000,2783.4000,2784.6000,2785.0000,2786.0000,2786.2000,2786.4000,1,2,1,2,1,1,1,2,1,1
SF,IH2009,2020-06-04 09:31:52.200,2785.0000,15824,0,110339340.000,0,-,-,-,-,2784.2000,2784.0000,2783.8000,2783.6000,2783.4000,2784.6000,2785.0000,2786.0000,2786.2000,2786.4000,1,2,1,2,1,1,1,2,1,1
SF,IH2009,2020-06-04 09:31:52.700,2785.0000,15824,0,110339340.000,0,-,-,-,-,2784.2000,2784.0000,2783.8000,2783.6000,2783.4000,2784.6000,2785.0000,2786.0000,2786.2000,2786.4000,1,1,1,2,1,1,1,2,1,1
SF,IH2009,2020-06-04 09:31:53.200,2785.0000,15824,0,110339340.000,0,-,-,-,-,2784.2000,2784.0000,2783.8000,2783.6000,2783.4000,2784.6000,2785.0000,2786.0000,2786.2000,2786.4000,1,1,1,2,1,1,1,2,1,1
SF,IH2009,2020-06-04 09:31:53.700,2784.0000,15822,-2,112009800.000,2,0,2,双平,S,2783.8000,2783.6000,2783.4000,2783.2000,2783.0000,2784.4000,2784.6000,2785.0000,2786.0000,2786.2000,1,2,1,2,1,1,1,1,2,1
SF,IH2009,2020-06-04 09:31:54.200,2783.6000,15822,0,113679960.000,2,1,1,多换,S,2783.4000,2783.2000,2783.0000,2782.8000,2782.4000,2783.8000,2784.2000,2784.6000,2785.0000,2786.0000,1,2,1,3,3,1,4,1,1,1
SF,IH2009,2020-06-04 09:31:54.700,2783.6000,15822,0,113679960.000,0,-,-,-,-,2783.4000,2783.2000,2783.0000,2782.8000,2782.4000,2783.6000,2783.8000,2784.2000,2784.6000,2785.0000,1,2,1,3,3,1,2,2,1,1
SF,IH2009,2020-06-04 09:31:55.200,2783.4000,15821,-1,114514980.000,1,0,1,双平,S,2783.2000,2783.0000,2782.8000,2782.4000,2782.2000,2783.8000,2784.2000,2784.6000,2785.0000,2786.4000,2,1,3,3,1,1,2,1,1,1
SF,IH2009,2020-06-04 09:31:55.700,2783.4000,15821,0,114514980.000,0,-,-,-,-,2783.2000,2783.0000,2782.8000,2782.4000,2782.2000,2783.8000,2784.0000,2784.2000,2784.6000,2785.0000,2,1,3,3,1,1,1,3,1,1
SF,IH2009,2020-06-04 09:31:56.200,2783.4000,15821,0,114514980.000,0,-,-,-,-,2783.2000,2783.0000,2782.8000,2782.4000,2782.2000,2784.0000,2784.2000,2784.6000,2785.0000,2786.4000,2,1,3,3,1,1,2,1,1,1
SF,IH2009,2020-06-04 09:31:56.700,2784.0000,15820,-1,115350180.000,1,0,1,双平,S,2783.4000,2783.2000,2783.0000,2782.8000,2782.4000,2784.2000,2784.6000,2785.0000,2785.6000,2786.4000,1,2,1,3,3,2,1,1,1,1
SF,IH2009,2020-06-04 09:31:57.200,2784.0000,15820,0,115350180.000,0,-,-,-,-,2783.2000,2783.0000,2782.8000,2782.4000,2782.2000,2783.8000,2784.2000,2784.6000,2785.0000,2785.6000,2,1,3,3,1,1,2,1,1,1
SF,IH2009,2020-06-04 09:31:57.700,2783.8000,15820,0,116185320.000,1,0,1,多换,S,2783.2000,2783.0000,2782.8000,2782.4000,2782.2000,2784.2000,2784.6000,2785.0000,2785.6000,2786.4000,2,1,3,3,1,2,1,1,1,1
SF,IH2009,2020-06-04 09:31:58.200,2783.8000,15820,0,116185320.000,0,-,-,-,-,2783.2000,2783.0000,2782.8000,2782.4000,2782.2000,2783.4000,2783.8000,2784.0000,2784.2000,2784.6000,2,1,3,3,1,1,2,1,2,1
SF,IH2009,2020-06-04 09:31:58.700,2783.4000,15819,-1,117020340.000,1,0,1,双平,S,2783.4000,2783.2000,2783.0000,2782.8000,2782.4000,2784.0000,2784.2000,2784.6000,2785.0000,2785.6000,1,2,1,3,3,1,2,1,1,1
SF,IH2009,2020-06-04 09:31:59.200,2783.4000,15819,0,117020340.000,0,-,-,-,-,2784.0000,2783.4000,2783.2000,2783.0000,2782.8000,2784.2000,2784.6000,2785.0000,2785.6000,2786.4000,1,2,2,1,3,2,1,1,1,1
SF,IH2009,2020-06-04 09:31:59.700,2784.0000,15819,0,117855540.000,1,0,1,多换,S,2783.2000,2783.0000,2782.8000,2782.4000,2782.2000,2784.0000,2784.2000,2784.6000,2785.0000,2785.6000,2,1,3,3,1,1,3,1,1,1
SF,IH2009,2020-06-04 09:32:00.200,2784.0000,15819,0,117855540.000,0,-,-,-,-,2783.2000,2783.0000,2782.8000,2782.4000,2782.2000,2784.0000,2784.2000,2784.6000,2785.0000,2785.6000,2,1,3,3,1,1,2,1,1,1
SF,IH2009,2020-06-04 09:32:00.700,2784.0000,15819,0,117855540.000,0,-,-,-,-,2783.2000,2783.0000,2782.8000,2782.4000,2782.2000,2784.0000,2784.2000,2784.6000,2785.0000,2785.6000,2,1,3,3,1,1,2,1,1,1
SF,IH2009,2020-06-04 09:32:02.200,2784.0000,15819,0,117855540.000,0,-,-,-,-,2783.2000,2783.0000,2782.8000,2782.4000,2782.2000,2784.0000,2784.2000,2784.6000,2785.0000,2785.6000,2,1,3,3,1,1,2,1,1,1
SF,IH2009,2020-06-04 09:32:03.700,2784.0000,15819,0,117855540.000,0,-,-,-,-,2783.2000,2783.0000,2782.8000,2782.4000,2782.2000,2784.0000,2784.2000,2784.6000,2785.0000,2785.6000,2,1,3,3,1,1,2,1,1,1
SF,IH2009,2020-06-04 09:32:04.200,2784.0000,15819,0,117855540.000,0,-,-,-,-,2783.2000,2783.0000,2782.8000,2782.4000,2782.2000,2784.0000,2784.2000,2784.6000,2785.0000,2785.6000,2,1,3,3,1,1,2,1,1,1
SF,IH2009,2020-06-04 09:32:04.700,2784.0000,15819,0,117855540.000,0,-,-,-,-,2783.2000,2783.0000,2782.8000,2782.6000,2782.4000,2784.0000,2784.2000,2784.6000,2785.0000,2785.6000,2,2,3,1,3,1,2,1,1,1
SF,IH2009,2020-06-04 09:32:05.200,2784.0000,15819,0,117855540.000,0,-,-,-,-,2783.2000,2783.0000,2782.8000,2782.6000,2782.4000,2783.8000,2784.0000,2784.2000,2784.6000,2785.0000,2,2,3,1,3,1,1,2,1,1
SF,IH2009,2020-06-04 09:32:06.200,2784.0000,15817,-2,119525880.000,2,0,2,双平,S,2783.4000,2783.2000,2783.0000,2782.8000,2782.6000,2784.2000,2784.6000,2785.0000,2785.6000,2786.4000,1,2,2,3,1,2,1,1,1,1
SF,IH2009,2020-06-04 09:32:07.200,2784.0000,15817,0,119525880.000,0,-,-,-,-,2783.4000,2783.2000,2783.0000,2782.8000,2782.6000,2784.2000,2784.6000,2785.0000,2785.6000,2786.4000,1,2,2,3,1,2,1,1,1,1
SF,IH2009,2020-06-04 09:32:07.700,2784.0000,15817,0,119525880.000,0,-,-,-,-,2783.4000,2783.2000,2783.0000,2782.8000,2782.6000,2784.2000,2784.6000,2785.0000,2785.6000,2786.4000,1,2,2,3,1,1,1,1,1,1
SF,IH2009,2020-06-04 09:32:08.200,2784.0000,15817,0,119525880.000,0,-,-,-,-,2783.4000,2783.2000,2783.0000,2782.8000,2782.6000,2784.0000,2784.2000,2784.6000,2785.0000,2785.6000,1,2,3,3,1,1,1,1,1,1
SF,IH2009,2020-06-04 09:32:08.700,2783.4000,15817,0,120360900.000,1,0,1,多换,S,2783.2000,2783.0000,2782.8000,2782.6000,2782.4000,2784.0000,2784.2000,2784.6000,2785.0000,2785.6000,2,3,3,1,3,1,1,1,1,1
SF,IH2009,2020-06-04 09:32:09.200,2783.4000,15817,0,120360900.000,0,-,-,-,-,2783.2000,2783.0000,2782.8000,2782.6000,2782.4000,2784.0000,2784.2000,2784.6000,2785.0000,2785.6000,2,3,3,1,3,1,1,1,1,1
SF,IH2009,2020-06-04 09:32:10.200,2783.2000,15816,-1,122031060.000,2,0,2,多平,S,2783.2000,2783.0000,2782.8000,2782.6000,2782.4000,2784.2000,2784.6000,2785.0000,2785.6000,2786.4000,1,3,3,1,3,1,1,1,1,1
SF,IH2009,2020-06-04 09:32:10.700,2783.2000,15816,0,122031060.000,0,-,-,-,-,2783.4000,2783.2000,2783.0000,2782.8000,2782.6000,2784.2000,2784.6000,2785.0000,2785.2000,2785.6000,1,1,3,3,1,1,1,1,1,1
SF,IH2009,2020-06-04 09:32:11.200,2783.2000,15816,0,122031060.000,0,-,-,-,-,2783.2000,2783.0000,2782.8000,2782.6000,2782.4000,2784.2000,2784.6000,2785.0000,2785.2000,2785.6000,1,3,3,1,3,1,1,1,1,1
SF,IH2009,2020-06-04 09:32:12.700,2784.2000,15816,0,122866320.000,1,0,1,多换,S,2783.4000,2783.2000,2783.0000,2782.8000,2782.6000,2784.0000,2784.6000,2785.0000,2785.2000,2785.6000,1,1,3,3,1,1,1,1,1,1
SF,IH2009,2020-06-04 09:32:13.200,2784.2000,15815,-1,123701580.000,1,0,1,双平,S,2784.0000,2783.2000,2783.0000,2782.8000,2782.6000,2784.6000,2785.0000,2785.2000,2785.6000,2786.4000,2,1,3,3,1,1,1,1,1,1
SF,IH2009,2020-06-04 09:32:13.700,2784.2000,15815,0,123701580.000,0,-,-,-,-,2784.0000,2783.6000,2783.2000,2783.0000,2782.8000,2785.0000,2785.2000,2785.6000,2786.4000,2786.6000,1,6,1,3,3,1,1,1,1,1
SF,IH2009,2020-06-04 09:32:14.200,2784.2000,15815,0,123701580.000,0,-,-,-,-,2784.0000,2783.2000,2783.0000,2782.8000,2782.6000,2784.6000,2785.0000,2785.2000,2785.6000,2786.4000,1,1,3,3,1,1,1,1,1,1
SF,IH2009,2020-06-04 09:32:14.700,2784.2000,15815,0,123701580.000,0,-,-,-,-,2784.0000,2783.2000,2783.0000,2782.8000,2782.6000,2784.6000,2785.0000,2785.2000,2785.6000,2786.4000,1,1,4,3,1,1,1,1,1,1
SF,IH2009,2020-06-04 09:32:15.700,2784.2000,15815,0,123701580.000,0,-,-,-,-,2784.0000,2783.2000,2783.0000,2782.8000,2782.6000,2785.0000,2785.2000,2785.6000,2786.4000,2786.6000,1,1,4,3,1,1,1,1,1,1
SF,IH2009,2020-06-04 09:32:16.200,2784.0000,15814,-1,124536780.000,1,0,1,双平,S,2783.2000,2783.0000,2782.8000,2782.6000,2782.4000,2785.0000,2785.2000,2785.6000,2786.4000,2786.6000,1,4,3,1,2,1,1,1,1,1
SF,IH2009,2020-06-04 09:32:16.700,2784.0000,15814,0,124536780.000,0,-,-,-,-,2783.4000,2783.2000,2783.0000,2782.8000,2782.6000,2785.0000,2785.2000,2785.6000,2786.4000,2786.6000,3,1,4,3,1,1,1,1,1,1
SF,IH2009,2020-06-04 09:32:17.200,2784.0000,15814,0,124536780.000,0,-,-,-,-,2783.6000,2783.4000,2783.2000,2783.0000,2782.8000,2785.0000,2785.2000,2785.6000,2786.4000,2786.6000,1,8,1,4,3,1,1,1,1,1
SF,IH2009,2020-06-04 09:32:17.700,2784.0000,15814,0,124536780.000,0,-,-,-,-,2783.8000,2783.6000,2783.2000,2783.0000,2782.8000,2785.2000,2785.6000,2786.4000,2786.6000,2787.0000,2,1,1,4,3,1,1,1,1,2
SF,IH2009,2020-06-04 09:32:18.200,2784.0000,15814,0,124536780.000,0,-,-,-,-,2783.8000,2783.2000,2783.0000,2782.8000,2782.6000,2785.2000,2785.6000,2786.4000,2786.6000,2787.0000,2,1,4,3,1,1,1,1,1,2
SF,IH2009,2020-06-04 09:32:18.700,2784.0000,15814,0,124536780.000,0,-,-,-,-,2783.8000,2783.2000,2783.0000,2782.8000,2782.6000,2784.0000,2785.2000,2785.6000,2786.4000,2786.6000,2,1,4,3,1,1,1,1,1,1
SF,IH2009,2020-06-04 09:32:19.200,2784.0000,15812,-2,126207180.000,2,0,2,双平,S,2784.0000,2783.8000,2783.2000,2783.0000,2782.8000,2784.6000,2785.2000,2785.6000,2786.4000,2787.0000,5,1,1,4,3,1,1,1,1,2
SF,IH2009,2020-06-04 09:32:19.700,2784.0000,15812,0,126207180.000,0,-,-,-,-,2784.0000,2783.8000,2783.2000,2783.0000,2782.8000,2784.6000,2785.2000,2785.6000,2786.4000,2787.0000,5,1,1,4,3,1,1,1,1,2
SF,IH2009,2020-06-04 09:32:20.200,2784.6000,15811,-1,127042560.000,1,0,1,双平,S,2784.0000,2783.8000,2783.2000,2783.0000,2782.8000,2785.2000,2785.6000,2786.4000,2787.0000,2787.2000,4,1,1,4,3,1,1,1,2,1
SF,IH2009,2020-06-04 09:32:20.700,2784.6000,15811,0,127042560.000,0,-,-,-,-,2784.2000,2784.0000,2783.8000,2783.2000,2783.0000,2785.0000,2785.2000,2785.6000,2786.4000,2786.8000,1,3,1,1,4,1,1,1,1,1
SF,IH2009,2020-06-04 09:32:21.200,2784.6000,15811,0,127042560.000,0,-,-,-,-,2784.2000,2784.0000,2783.8000,2783.2000,2783.0000,2785.2000,2785.6000,2786.4000,2786.8000,2787.0000,2,3,1,1,4,1,1,1,1,2
SF,IH2009,2020-06-04 09:32:21.700,2784.6000,15811,0,127042560.000,0,-,-,-,-,2784.2000,2784.0000,2783.8000,2783.2000,2783.0000,2785.2000,2785.6000,2786.4000,2786.8000,2787.0000,2,2,1,1,4,1,1,1,1,2
SF,IH2009,2020-06-04 09:32:22.200,2785.2000,15810,-1,127878120.000,1,0,1,双平,S,2785.2000,2784.4000,2784.2000,2784.0000,2783.2000,2785.6000,2786.4000,2786.8000,2787.0000,2787.2000,2,2,2,2,1,1,1,1,2,1
SF,IH2009,2020-06-04 09:32:22.700,2785.6000,15809,-1,128713800.000,1,0,1,双平,S,2785.2000,2784.4000,2784.0000,2783.2000,2783.0000,2786.8000,2787.0000,2787.2000,2788.0000,2788.2000,2,2,2,1,4,1,2,1,4,1
SF,IH2009,2020-06-04 09:32:23.200,2785.6000,15809,0,128713800.000,0,-,-,-,-,2785.2000,2784.4000,2784.0000,2783.2000,2783.0000,2786.6000,2786.8000,2787.0000,2787.2000,2787.6000,1,3,2,1,4,4,1,2,1,1
SF,IH2009,2020-06-04 09:32:23.700,2785.6000,15809,0,128713800.000,0,-,-,-,-,2785.2000,2784.4000,2784.2000,2784.0000,2783.6000,2786.4000,2786.6000,2786.8000,2787.0000,2787.2000,1,3,1,2,2,1,5,1,2,1
SF,IH2009,2020-06-04 09:32:24.200,2785.6000,15809,0,128713800.000,0,-,-,-,-,2785.2000,2784.4000,2784.2000,2784.0000,2783.6000,2786.2000,2786.4000,2786.6000,2786.8000,2787.0000,1,3,1,3,2,2,1,2,1,2
SF,IH2009,2020-06-04 09:32:24.700,2786.2000,15807,-2,130385520.000,2,0,2,双平,S,2785.4000,2785.2000,2784.4000,2784.2000,2784.0000,2786.4000,2786.6000,2786.8000,2787.0000,2787.2000,1,1,2,1,3,1,2,1,2,1
SF,IH2009,2020-06-04 09:32:25.200,2786.2000,15807,0,130385520.000,0,-,-,-,-,2785.4000,2785.2000,2784.4000,2784.2000,2784.0000,2786.8000,2787.0000,2787.2000,2787.6000,2788.0000,2,1,2,1,1,1,2,1,1,4
SF,IH2009,2020-06-04 09:32:25.700,2787.0000,15805,-2,132057660.000,2,0,2,双平,S,2785.6000,2785.4000,2785.2000,2784.4000,2784.2000,2787.0000,2787.2000,2787.6000,2788.0000,2788.2000,1,2,1,1,1,1,1,1,4,1
SF,IH2009,2020-06-04 09:32:26.200,2787.0000,15805,0,132057660.000,0,-,-,-,-,2785.8000,2785.6000,2785.4000,2785.2000,2784.4000,2787.0000,2787.2000,2787.6000,2788.0000,2788.2000,1,1,2,1,1,1,1,1,4,1
SF,IH2009,2020-06-04 09:32:26.700,2787.0000,15805,0,132057660.000,0,-,-,-,-,2785.6000,2785.4000,2785.2000,2784.4000,2784.2000,2787.0000,2787.2000,2787.6000,2788.0000,2788.2000,1,2,1,1,1,1,1,1,4,1
SF,IH2009,2020-06-04 09:32:27.200,2787.0000,15805,0,132057660.000,0,-,-,-,-,2785.8000,2785.6000,2785.4000,2785.2000,2784.4000,2787.0000,2787.2000,2787.6000,2788.0000,2788.2000,1,1,1,1,1,1,1,1,4,1
SF,IH2009,2020-06-04 09:32:27.700,2787.0000,15805,0,132057660.000,0,-,-,-,-,2786.0000,2785.8000,2785.4000,2785.2000,2784.4000,2787.0000,2787.2000,2787.6000,2788.0000,2788.2000,2,2,1,1,1,1,1,1,4,1
SF,IH2009,2020-06-04 09:32:28.200,2787.0000,15805,0,132057660.000,0,-,-,-,-,2786.0000,2785.8000,2785.2000,2784.4000,2784.2000,2787.0000,2787.2000,2787.6000,2788.0000,2788.2000,3,1,1,1,1,1,1,1,4,1
SF,IH2009,2020-06-04 09:32:28.700,2787.0000,15804,-1,132893760.000,1,0,1,双平,S,2786.2000,2786.0000,2785.8000,2785.2000,2784.4000,2787.2000,2787.6000,2788.0000,2788.2000,2788.6000,1,3,1,1,1,1,1,4,1,1
SF,IH2009,2020-06-04 09:32:29.200,2787.0000,15804,0,132893760.000,0,-,-,-,-,2786.4000,2786.2000,2786.0000,2785.8000,2785.2000,2787.2000,2787.6000,2788.0000,2788.2000,2788.6000,1,1,2,1,1,1,1,4,1,1
SF,IH2009,2020-06-04 09:32:29.700,2786.0000,15804,0,133729560.000,1,0,1,多换,S,2786.0000,2785.2000,2784.4000,2784.2000,2784.0000,2787.2000,2787.6000,2788.0000,2788.2000,2788.6000,1,1,1,1,2,1,1,4,1,1
SF,IH2009,2020-06-04 09:32:31.200,2786.0000,15803,-1,134565360.000,1,0,1,双平,S,2786.0000,2785.2000,2784.4000,2784.2000,2784.0000,2787.2000,2787.6000,2788.0000,2788.2000,2788.6000,1,1,1,1,2,1,1,5,1,1
SF,IH2009,2020-06-04 09:32:31.700,2786.0000,15802,-1,135401160.000,1,0,1,双平,S,2786.0000,2785.2000,2784.4000,2784.2000,2784.0000,2787.2000,2787.6000,2788.0000,2788.2000,2788.6000,1,1,1,1,2,1,1,5,1,1
SF,IH2009,2020-06-04 09:32:32.200,2786.0000,15802,0,135401160.000,0,-,-,-,-,2786.2000,2786.0000,2785.2000,2784.4000,2784.2000,2787.2000,2787.6000,2788.0000,2788.2000,2788.6000,1,1,1,1,1,1,1,5,1,1
SF,IH2009,2020-06-04 09:32:32.700,2786.0000,15802,0,135401160.000,0,-,-,-,-,2786.0000,2785.2000,2784.4000,2784.2000,2784.0000,2787.0000,2787.2000,2787.6000,2788.0000,2788.2000,1,1,1,1,2,1,1,1,5,1
SF,IH2009,2020-06-04 09:32:34.200,2786.0000,15802,0,135401160.000,0,-,-,-,-,2786.0000,2785.2000,2784.4000,2784.2000,2784.0000,2787.2000,2787.6000,2788.0000,2788.2000,2788.6000,1,1,1,1,2,1,1,5,1,1
SF,IH2009,2020-06-04 09:32:34.700,2786.0000,15802,0,135401160.000,0,-,-,-,-,2786.0000,2785.2000,2784.4000,2784.2000,2784.0000,2787.0000,2787.2000,2787.6000,2788.0000,2788.2000,1,1,1,1,2,2,1,1,5,1
SF,IH2009,2020-06-04 09:32:35.200,2786.0000,15801,-1,136236960.000,1,0,1,双平,S,2785.2000,2784.4000,2784.2000,2784.0000,2783.6000,2786.8000,2787.0000,2787.2000,2787.6000,2788.0000,1,1,1,2,2,1,2,1,1,5
SF,IH2009,2020-06-04 09:32:35.700,2786.0000,15801,0,136236960.000,0,-,-,-,-,2785.4000,2785.2000,2784.4000,2784.2000,2784.0000,2786.8000,2787.2000,2787.6000,2788.0000,2788.2000,2,1,1,1,2,2,1,1,5,1
SF,IH2009,2020-06-04 09:32:36.200,2786.0000,15801,0,136236960.000,0,-,-,-,-,2785.4000,2785.2000,2784.4000,2784.2000,2784.0000,2786.8000,2787.2000,2787.6000,2788.0000,2788.2000,2,1,1,1,2,1,1,1,5,1
SF,IH2009,2020-06-04 09:32:36.700,2786.0000,15801,0,136236960.000,0,-,-,-,-,2785.4000,2785.2000,2784.4000,2784.2000,2784.0000,2786.0000,2787.2000,2787.6000,2788.0000,2788.2000,2,1,1,1,2,2,1,1,5,1
SF,IH2009,2020-06-04 09:32:37.200,2786.0000,15800,-1,137908560.000,2,0,2,多平,S,2786.0000,2785.6000,2785.4000,2785.2000,2784.4000,2787.2000,2787.6000,2788.0000,2788.2000,2788.8000,6,1,2,1,1,1,1,5,1,1
SF,IH2009,2020-06-04 09:32:37.700,2786.0000,15800,0,137908560.000,0,-,-,-,-,2786.0000,2785.6000,2785.4000,2785.2000,2784.4000,2787.2000,2787.6000,2788.0000,2788.2000,2788.8000,3,1,1,1,1,1,1,5,1,1
SF,IH2009,2020-06-04 09:32:38.200,2787.2000,15799,-1,138744720.000,1,0,1,双平,S,2786.2000,2786.0000,2785.6000,2785.2000,2784.4000,2787.6000,2788.0000,2788.2000,2788.8000,2789.0000,1,3,1,1,1,1,5,1,1,1
SF,IH2009,2020-06-04 09:32:38.700,2787.2000,15799,0,138744720.000,0,-,-,-,-,2786.4000,2786.2000,2786.0000,2785.2000,2784.4000,2787.0000,2787.6000,2788.0000,2788.2000,2788.8000,1,1,3,1,1,2,1,5,1,1
SF,IH2009,2020-06-04 09:32:39.200,2787.2000,15799,0,138744720.000,0,-,-,-,-,2786.2000,2786.0000,2785.2000,2784.4000,2784.2000,2787.0000,2787.4000,2787.6000,2788.0000,2788.2000,1,3,1,1,1,2,1,1,5,1
SF,IH2009,2020-06-04 09:32:39.700,2787.2000,15799,0,138744720.000,0,-,-,-,-,2786.2000,2786.0000,2785.2000,2784.4000,2784.2000,2787.0000,2787.6000,2788.0000,2788.2000,2788.8000,1,3,1,1,1,2,1,5,1,1
SF,IH2009,2020-06-04 09:32:40.200,2787.2000,15799,0,138744720.000,0,-,-,-,-,2786.0000,2785.2000,2784.4000,2784.2000,2784.0000,2787.0000,2787.6000,2788.0000,2788.2000,2788.8000,3,1,1,1,2,2,1,5,1,1
SF,IH2009,2020-06-04 09:32:41.200,2787.2000,15799,0,138744720.000,0,-,-,-,-,2786.2000,2786.0000,2785.2000,2784.4000,2784.2000,2787.0000,2787.6000,2788.0000,2788.2000,2788.8000,1,3,1,1,1,2,1,5,1,1
SF,IH2009,2020-06-04 09:32:41.700,2787.2000,15799,0,138744720.000,0,-,-,-,-,2786.0000,2785.2000,2784.4000,2784.2000,2784.0000,2787.0000,2787.6000,2788.0000,2788.2000,2788.8000,3,1,1,1,2,2,1,5,1,1
SF,IH2009,2020-06-04 09:32:42.700,2787.2000,15799,0,138744720.000,0,-,-,-,-,2786.0000,2785.2000,2784.4000,2784.2000,2784.0000,2787.6000,2788.0000,2788.2000,2788.8000,2789.0000,3,1,1,1,2,1,5,1,1,2
SF,IH2009,2020-06-04 09:32:43.200,2787.2000,15799,0,138744720.000,0,-,-,-,-,2786.2000,2786.0000,2785.2000,2784.4000,2784.2000,2787.4000,2787.6000,2788.0000,2788.2000,2788.8000,2,3,1,1,1,3,1,4,1,1
SF,IH2009,2020-06-04 09:32:43.700,2787.2000,15799,0,138744720.000,0,-,-,-,-,2786.2000,2786.0000,2785.2000,2784.4000,2784.2000,2787.4000,2787.6000,2788.0000,2788.2000,2788.8000,2,2,1,1,1,1,1,4,1,1
SF,IH2009,2020-06-04 09:32:45.200,2787.2000,15798,-1,141252900.000,3,1,2,多平,S,2786.0000,2785.2000,2784.4000,2784.2000,2784.0000,2787.4000,2787.6000,2788.0000,2788.2000,2788.8000,2,1,1,1,2,1,1,4,1,1
SF,IH2009,2020-06-04 09:32:45.700,2787.2000,15798,0,141252900.000,0,-,-,-,-,2786.2000,2786.0000,2785.2000,2784.4000,2784.2000,2787.4000,2787.6000,2788.0000,2788.2000,2788.8000,1,2,1,1,1,1,1,4,1,1
SF,IH2009,2020-06-04 09:32:46.200,2787.2000,15798,0,141252900.000,0,-,-,-,-,2786.0000,2785.2000,2784.4000,2784.2000,2784.0000,2787.4000,2787.6000,2788.0000,2788.2000,2788.8000,2,1,1,1,2,1,1,4,1,1
SF,IH2009,2020-06-04 09:32:46.700,2787.2000,15798,0,141252900.000,0,-,-,-,-,2786.2000,2786.0000,2785.2000,2784.4000,2784.2000,2787.4000,2787.6000,2788.0000,2788.2000,2788.8000,1,2,1,1,1,1,1,4,1,1
SF,IH2009,2020-06-04 09:32:47.200,2787.2000,15798,0,141252900.000,0,-,-,-,-,2786.0000,2785.2000,2784.4000,2784.2000,2784.0000,2787.4000,2787.6000,2788.0000,2788.2000,2788.8000,2,1,1,1,2,1,1,4,1,1
SF,IH2009,2020-06-04 09:32:47.700,2787.2000,15798,0,141252900.000,0,-,-,-,-,2786.2000,2786.0000,2785.2000,2784.4000,2784.2000,2787.4000,2787.6000,2788.0000,2788.2000,2788.8000,1,2,1,1,1,1,1,4,1,1
SF,IH2009,2020-06-04 09:32:48.200,2787.2000,15798,0,141252900.000,0,-,-,-,-,2786.0000,2785.2000,2784.4000,2784.2000,2784.0000,2787.4000,2787.6000,2788.0000,2788.2000,2788.8000,2,1,1,1,2,1,1,4,1,1
SF,IH2009,2020-06-04 09:32:48.700,2787.2000,15798,0,141252900.000,0,-,-,-,-,2786.2000,2786.0000,2785.2000,2784.4000,2784.2000,2787.4000,2787.6000,2788.0000,2788.2000,2788.8000,1,2,1,1,1,1,1,4,1,1
SF,IH2009,2020-06-04 09:32:49.200,2787.2000,15798,0,141252900.000,0,-,-,-,-,2786.4000,2786.0000,2785.2000,2784.4000,2784.2000,2787.4000,2787.6000,2788.0000,2788.2000,2788.8000,2,2,1,1,1,1,1,4,1,1
SF,IH2009,2020-06-04 09:32:49.700,2787.2000,15798,0,141252900.000,0,-,-,-,-,2786.4000,2786.0000,2785.2000,2784.4000,2784.2000,2787.4000,2787.6000,2788.0000,2788.2000,2788.8000,3,2,1,1,1,1,1,4,1,1
SF,IH2009,2020-06-04 09:32:50.200,2787.2000,15798,0,141252900.000,0,-,-,-,-,2786.4000,2786.0000,2785.2000,2784.4000,2784.2000,2787.4000,2787.6000,2788.0000,2788.2000,2788.8000,3,2,1,1,1,1,1,4,1,3
SF,IH2009,2020-06-04 09:32:52.700,2787.2000,15798,0,141252900.000,0,-,-,-,-,2786.4000,2786.0000,2785.2000,2785.0000,2784.4000,2787.4000,2787.6000,2788.0000,2788.2000,2788.8000,3,2,1,1,1,1,1,4,1,3
SF,IH2009,2020-06-04 09:32:56.700,2787.2000,15798,0,141252900.000,0,-,-,-,-,2786.4000,2786.0000,2785.2000,2785.0000,2784.4000,2787.4000,2787.6000,2788.0000,2788.2000,2788.8000,2,2,1,1,1,1,1,4,1,3
SF,IH2009,2020-06-04 09:32:57.200,2787.2000,15798,0,141252900.000,0,-,-,-,-,2786.0000,2785.2000,2785.0000,2784.4000,2784.2000,2786.4000,2787.2000,2787.4000,2787.6000,2788.0000,2,1,1,1,1,1,2,1,1,4
SF,IH2009,2020-06-04 09:32:57.700,2786.0000,15796,-2,142924500.000,2,0,2,双平,S,2785.2000,2785.0000,2784.4000,2784.2000,2784.0000,2786.4000,2787.2000,2787.4000,2787.6000,2788.0000,1,1,1,1,2,2,1,1,1,4
SF,IH2009,2020-06-04 09:32:58.200,2786.0000,15796,0,142924500.000,0,-,-,-,-,2785.2000,2785.0000,2784.4000,2784.2000,2784.0000,2786.0000,2786.2000,2786.4000,2787.2000,2787.6000,1,1,1,1,2,1,1,2,1,1
SF,IH2009,2020-06-04 09:32:58.700,2786.0000,15794,-2,144595860.000,2,0,2,双平,S,2785.0000,2784.4000,2784.2000,2784.0000,2783.6000,2786.2000,2786.4000,2787.2000,2787.6000,2788.0000,1,1,1,2,2,1,3,1,1,4
SF,IH2009,2020-06-04 09:32:59.700,2786.0000,15794,0,144595860.000,0,-,-,-,-,2785.0000,2784.4000,2784.2000,2784.0000,2783.6000,2786.2000,2786.4000,2787.2000,2787.6000,2788.0000,1,1,1,2,2,1,3,2,1,4
SF,IH2009,2020-06-04 09:33:00.200,2786.0000,15794,0,144595860.000,0,-,-,-,-,2785.2000,2785.0000,2784.4000,2784.2000,2784.0000,2786.2000,2786.4000,2787.2000,2787.6000,2788.0000,2,1,1,1,2,1,3,2,1,4
SF,IH2009,2020-06-04 09:33:01.200,2785.0000,15792,-2,147102480.000,3,0,3,多平,S,2784.4000,2784.2000,2784.0000,2783.6000,2783.4000,2785.0000,2785.2000,2786.0000,2786.2000,2786.4000,1,1,2,2,1,1,1,2,1,2
SF,IH2009,2020-06-04 09:33:01.700,2785.0000,15792,0,147102480.000,0,-,-,-,-,2784.4000,2784.2000,2784.0000,2783.6000,2783.4000,2785.0000,2785.2000,2785.8000,2786.0000,2786.2000,1,1,2,2,1,1,1,1,3,1
SF,IH2009,2020-06-04 09:33:02.200,2785.0000,15792,0,147102480.000,0,-,-,-,-,2784.4000,2784.2000,2784.0000,2783.6000,2783.4000,2785.0000,2785.2000,2785.8000,2786.0000,2786.2000,1,1,2,2,1,1,1,1,1,1
SF,IH2009,2020-06-04 09:33:02.700,2785.0000,15792,0,147102480.000,0,-,-,-,-,2784.4000,2784.2000,2784.0000,2783.6000,2783.4000,2785.0000,2785.2000,2786.0000,2786.2000,2786.4000,1,1,2,2,1,1,1,1,1,2
SF,IH2009,2020-06-04 09:33:04.700,2785.0000,15791,-1,147937980.000,1,0,1,双平,S,2784.4000,2784.2000,2784.0000,2783.6000,2783.4000,2785.2000,2786.0000,2786.2000,2786.4000,2787.2000,1,1,2,2,1,1,1,1,2,2
SF,IH2009,2020-06-04 09:33:05.200,2785.0000,15791,0,147937980.000,0,-,-,-,-,2784.4000,2784.2000,2784.0000,2783.6000,2783.4000,2785.2000,2785.8000,2786.0000,2786.2000,2786.4000,1,1,2,2,1,1,1,1,1,2
SF,IH2009,2020-06-04 09:33:05.700,2785.0000,15791,0,147937980.000,0,-,-,-,-,2784.4000,2784.2000,2784.0000,2783.6000,2783.4000,2785.2000,2785.8000,2786.0000,2786.2000,2786.4000,1,1,2,2,1,1,1,1,1,2
SF,IH2009,2020-06-04 09:33:06.200,2785.0000,15791,0,147937980.000,0,-,-,-,-,2784.4000,2784.2000,2784.0000,2783.6000,2783.4000,2785.2000,2785.8000,2786.0000,2786.2000,2786.4000,1,1,2,2,1,1,1,1,1,2
SF,IH2009,2020-06-04 09:33:06.700,2785.0000,15791,0,147937980.000,0,-,-,-,-,2784.4000,2784.2000,2784.0000,2783.6000,2783.4000,2785.2000,2785.8000,2786.0000,2786.2000,2786.4000,1,1,2,2,1,1,1,1,1,2
SF,IH2009,2020-06-04 09:33:07.700,2785.0000,15791,0,147937980.000,0,-,-,-,-,2784.6000,2784.4000,2784.2000,2784.0000,2783.6000,2785.2000,2785.8000,2786.0000,2786.2000,2786.4000,1,1,1,2,2,1,1,1,1,2
SF,IH2009,2020-06-04 09:33:08.200,2785.0000,15791,0,147937980.000,0,-,-,-,-,2784.6000,2784.4000,2784.2000,2784.0000,2783.6000,2785.2000,2785.8000,2786.2000,2786.4000,2787.0000,1,1,1,2,2,1,1,1,2,1
SF,IH2009,2020-06-04 09:33:09.200,2785.0000,15791,0,147937980.000,0,-,-,-,-,2784.6000,2784.4000,2784.2000,2784.0000,2783.6000,2785.8000,2786.2000,2786.4000,2787.0000,2787.2000,1,1,1,2,2,1,1,2,1,1
SF,IH2009,2020-06-04 09:33:09.700,2785.0000,15791,0,147937980.000,0,-,-,-,-,2784.6000,2784.4000,2784.2000,2784.0000,2783.8000,2785.6000,2785.8000,2786.4000,2787.0000,2787.2000,1,1,1,2,1,5,1,2,1,1
SF,IH2009,2020-06-04 09:33:11.200,2784.6000,15791,0,148773360.000,1,0,1,多换,S,2784.2000,2784.0000,2783.8000,2783.4000,2783.2000,2784.6000,2785.4000,2785.6000,2785.8000,2786.4000,1,2,1,1,1,1,2,3,1,2
SF,IH2009,2020-06-04 09:33:11.700,2784.2000,15791,0,149608620.000,1,0,1,多换,S,2784.0000,2783.8000,2783.4000,2783.2000,2783.0000,2784.6000,2785.6000,2785.8000,2786.4000,2787.2000,2,1,1,1,1,1,2,1,2,1
SF,IH2009,2020-06-04 09:33:12.200,2784.0000,15790,-1,150443820.000,1,0,1,双平,S,2784.0000,2783.8000,2783.4000,2783.2000,2783.0000,2784.2000,2784.6000,2785.6000,2785.8000,2786.4000,1,1,1,1,1,1,2,2,1,2
SF,IH2009,2020-06-04 09:33:12.700,2784.0000,15789,-1,151279020.000,1,0,1,双平,S,2783.8000,2783.4000,2783.2000,2783.0000,2782.8000,2784.0000,2784.2000,2784.6000,2785.6000,2785.8000,1,1,1,1,2,2,1,2,2,1
SF,IH2009,2020-06-04 09:33:13.200,2783.8000,15788,-1,152114160.000,1,0,1,双平,S,2783.4000,2783.2000,2783.0000,2782.8000,2782.6000,2784.0000,2784.2000,2784.6000,2785.6000,2785.8000,1,1,1,2,2,1,1,2,2,1
SF,IH2009,2020-06-04 09:33:13.700,2784.0000,15787,-1,152949360.000,1,0,1,双平,S,2783.4000,2783.2000,2783.0000,2782.8000,2782.6000,2784.6000,2785.2000,2785.6000,2785.8000,2786.4000,1,1,1,2,2,2,1,2,1,1
SF,IH2009,2020-06-04 09:33:14.200,2784.0000,15787,0,152949360.000,0,-,-,-,-,2783.4000,2783.2000,2783.0000,2782.8000,2782.6000,2784.4000,2784.6000,2785.2000,2785.6000,2785.8000,1,1,1,2,2,1,2,1,1,1
SF,IH2009,2020-06-04 09:33:14.700,2784.0000,15787,0,152949360.000,0,-,-,-,-,2783.4000,2783.2000,2783.0000,2782.8000,2782.6000,2784.4000,2784.6000,2785.2000,2785.6000,2785.8000,1,1,1,2,2,3,2,1,1,1
SF,IH2009,2020-06-04 09:33:15.200,2784.0000,15787,0,152949360.000,0,-,-,-,-,2783.4000,2783.2000,2783.0000,2782.8000,2782.6000,2784.4000,2784.6000,2785.2000,2785.6000,2785.8000,1,2,1,2,2,3,2,1,1,1
SF,IH2009,2020-06-04 09:33:15.700,2784.0000,15787,0,152949360.000,0,-,-,-,-,2783.2000,2783.0000,2782.8000,2782.6000,2782.4000,2784.2000,2784.4000,2784.6000,2785.2000,2785.6000,2,1,2,2,2,3,1,2,1,1
SF,IH2009,2020-06-04 09:33:16.200,2783.0000,15785,-2,155454180.000,3,0,3,多平,S,2782.8000,2782.6000,2782.4000,2782.0000,2781.6000,2784.0000,2784.2000,2784.6000,2785.2000,2785.6000,2,2,2,3,2,1,4,2,1,1
SF,IH2009,2020-06-04 09:33:16.700,2782.8000,15785,0,157123860.000,2,1,1,多换,S,2782.6000,2782.4000,2782.0000,2781.6000,2781.4000,2783.2000,2783.4000,2783.8000,2784.0000,2784.2000,2,2,3,2,3,1,2,3,1,1
SF,IH2009,2020-06-04 09:33:17.200,2782.8000,15785,0,157123860.000,0,-,-,-,-,2782.6000,2782.4000,2782.0000,2781.6000,2781.4000,2783.2000,2783.4000,2783.6000,2784.0000,2784.6000,2,2,3,2,3,1,2,1,1,2
SF,IH2009,2020-06-04 09:33:17.700,2782.8000,15785,0,157123860.000,0,-,-,-,-,2782.6000,2782.4000,2782.0000,2781.6000,2781.4000,2783.2000,2783.4000,2783.6000,2784.0000,2784.6000,1,2,3,2,3,1,2,1,1,2
SF,IH2009,2020-06-04 09:33:18.200,2782.6000,15785,0,157958640.000,1,0,1,多换,S,2782.4000,2782.0000,2781.6000,2781.4000,2781.2000,2782.8000,2783.0000,2783.2000,2783.4000,2784.6000,2,3,2,3,4,2,3,1,2,2
SF,IH2009,2020-06-04 09:33:18.700,2782.6000,15785,0,157958640.000,0,-,-,-,-,2782.4000,2782.0000,2781.6000,2781.4000,2781.2000,2782.8000,2783.0000,2783.2000,2783.4000,2784.6000,2,3,2,3,4,1,1,1,2,2
SF,IH2009,2020-06-04 09:33:19.200,2782.6000,15785,0,157958640.000,0,-,-,-,-,2782.4000,2782.0000,2781.6000,2781.4000,2781.2000,2782.6000,2782.8000,2783.0000,2783.2000,2783.4000,2,3,2,3,4,1,1,1,1,2
SF,IH2009,2020-06-04 09:33:19.700,2782.6000,15784,-1,159628140.000,2,0,2,多平,S,2782.6000,2782.4000,2782.0000,2781.6000,2781.4000,2783.0000,2783.2000,2783.4000,2783.8000,2784.6000,2,1,3,2,3,1,1,2,1,2
SF,IH2009,2020-06-04 09:33:20.200,2782.6000,15784,0,159628140.000,0,-,-,-,-,2782.6000,2782.4000,2782.0000,2781.6000,2781.4000,2783.0000,2783.2000,2783.4000,2783.8000,2784.6000,1,1,3,2,3,1,1,2,1,2
SF,IH2009,2020-06-04 09:33:21.200,2782.6000,15784,0,159628140.000,0,-,-,-,-,2782.6000,2782.4000,2782.0000,2781.6000,2781.4000,2783.0000,2783.2000,2783.8000,2784.6000,2787.2000,1,1,3,2,3,1,1,1,2,1
SF,IH2009,2020-06-04 09:33:21.700,2782.8000,15783,-1,160462980.000,1,0,1,双平,S,2782.6000,2782.4000,2782.0000,2781.6000,2781.4000,2783.0000,2783.2000,2783.8000,2784.6000,2787.2000,1,1,3,2,3,1,1,1,2,1
SF,IH2009,2020-06-04 09:33:22.200,2783.0000,15782,-1,161297880.000,1,0,1,双平,S,2783.0000,2782.6000,2782.4000,2782.0000,2781.6000,2783.8000,2784.6000,2787.2000,2787.6000,2788.0000,1,1,1,3,2,1,2,1,1,3
SF,IH2009,2020-06-04 09:33:22.700,2783.0000,15782,0,161297880.000,0,-,-,-,-,2782.6000,2782.4000,2782.0000,2781.6000,2781.4000,2783.8000,2784.6000,2787.2000,2787.6000,2788.0000,1,1,3,2,3,1,2,1,1,3
SF,IH2009,2020-06-04 09:33:23.200,2783.0000,15782,0,161297880.000,0,-,-,-,-,2782.6000,2782.4000,2782.0000,2781.6000,2781.4000,2783.6000,2783.8000,2784.6000,2787.2000,2787.6000,1,1,3,2,3,1,1,2,1,1
SF,IH2009,2020-06-04 09:33:25.700,2783.0000,15782,0,161297880.000,0,-,-,-,-,2782.6000,2782.4000,2782.0000,2781.6000,2781.4000,2783.6000,2783.8000,2784.6000,2787.2000,2787.6000,1,1,3,2,2,1,2,2,1,1
SF,IH2009,2020-06-04 09:33:26.200,2783.0000,15782,0,161297880.000,0,-,-,-,-,2783.0000,2782.6000,2782.4000,2782.0000,2781.6000,2783.4000,2783.6000,2783.8000,2784.6000,2787.2000,1,1,1,3,2,1,1,2,2,1
SF,IH2009,2020-06-04 09:33:26.700,2783.0000,15782,0,162132780.000,1,0,1,多换,S,2782.6000,2782.4000,2782.0000,2781.6000,2781.4000,2783.4000,2783.6000,2783.8000,2784.6000,2787.2000,1,1,3,2,2,2,1,2,2,1
SF,IH2009,2020-06-04 09:33:28.200,2783.0000,15782,0,162132780.000,0,-,-,-,-,2782.6000,2782.4000,2782.0000,2781.6000,2781.4000,2783.6000,2783.8000,2784.6000,2787.2000,2787.6000,1,1,3,2,2,1,2,2,1,1
SF,IH2009,2020-06-04 09:33:30.200,2783.0000,15782,0,162132780.000,0,-,-,-,-,2782.8000,2782.6000,2782.4000,2782.0000,2781.6000,2783.6000,2783.8000,2784.6000,2787.2000,2787.6000,1,1,1,3,2,1,2,2,1,1
SF,IH2009,2020-06-04 09:33:32.700,2782.0000,15785,3,166306320.000,5,4,1,空开,S,2782.0000,2781.6000,2781.4000,2781.2000,2780.8000,2783.6000,2783.8000,2784.6000,2787.2000,2787.6000,1,2,2,4,2,1,2,2,1,1
SF,IH2009,2020-06-04 09:33:33.200,2782.0000,15785,0,166306320.000,0,-,-,-,-,2782.0000,2781.6000,2781.4000,2781.2000,2780.8000,2783.4000,2783.6000,2783.8000,2784.6000,2787.2000,1,2,2,4,2,4,1,2,2,1
SF,IH2009,2020-06-04 09:33:34.200,2782.0000,15784,-1,167140920.000,1,0,1,双平,S,2781.6000,2781.4000,2781.2000,2780.8000,2780.4000,2783.4000,2783.6000,2783.8000,2784.6000,2787.2000,2,2,4,2,3,3,1,2,2,1
SF,IH2009,2020-06-04 09:33:34.700,2782.0000,15784,0,167140920.000,0,-,-,-,-,2782.2000,2781.8000,2781.6000,2781.4000,2781.2000,2783.4000,2783.6000,2783.8000,2784.6000,2787.2000,1,2,2,2,4,1,1,2,2,1
SF,IH2009,2020-06-04 09:33:35.200,2782.0000,15784,0,167140920.000,0,-,-,-,-,2782.2000,2781.8000,2781.6000,2781.4000,2781.2000,2783.2000,2783.4000,2783.6000,2783.8000,2784.6000,1,2,2,2,4,1,1,1,2,2
SF,IH2009,2020-06-04 09:33:36.200,2782.2000,15783,-1,167975580.000,1,0,1,双平,S,2781.8000,2781.6000,2781.4000,2781.2000,2780.8000,2783.4000,2783.6000,2783.8000,2784.6000,2787.2000,2,2,2,4,2,1,1,2,2,1
SF,IH2009,2020-06-04 09:33:36.700,2782.2000,15783,0,167975580.000,0,-,-,-,-,2782.0000,2781.8000,2781.6000,2781.4000,2781.2000,2783.4000,2783.6000,2783.8000,2784.6000,2787.2000,2,2,2,2,4,1,1,2,2,1
SF,IH2009,2020-06-04 09:33:37.200,2782.2000,15783,0,167975580.000,0,-,-,-,-,2782.0000,2781.8000,2781.6000,2781.4000,2781.2000,2783.4000,2783.6000,2783.8000,2784.6000,2787.2000,2,2,3,2,4,1,1,2,2,1
SF,IH2009,2020-06-04 09:33:37.700,2782.2000,15783,0,167975580.000,0,-,-,-,-,2782.0000,2781.8000,2781.6000,2781.4000,2781.2000,2783.2000,2783.4000,2783.6000,2783.8000,2784.6000,1,2,3,2,4,2,1,1,2,2
SF,IH2009,2020-06-04 09:33:38.200,2783.2000,15783,0,168810540.000,1,0,1,多换,S,2782.0000,2781.8000,2781.6000,2781.4000,2781.2000,2783.0000,2783.4000,2783.6000,2783.8000,2784.6000,1,2,3,2,4,2,1,1,2,2
SF,IH2009,2020-06-04 09:33:38.700,2783.2000,15783,0,168810540.000,0,-,-,-,-,2782.2000,2782.0000,2781.8000,2781.6000,2781.4000,2783.0000,2783.4000,2783.6000,2783.8000,2784.6000,1,1,2,3,2,2,1,1,2,2
SF,IH2009,2020-06-04 09:33:39.200,2783.2000,15783,0,168810540.000,0,-,-,-,-,2782.0000,2781.8000,2781.6000,2781.4000,2781.2000,2783.0000,2783.4000,2783.6000,2783.8000,2784.6000,1,2,3,2,4,2,1,1,2,2
SF,IH2009,2020-06-04 09:33:39.700,2783.2000,15783,0,168810540.000,0,-,-,-,-,2782.2000,2782.0000,2781.8000,2781.6000,2781.4000,2783.0000,2783.4000,2783.6000,2783.8000,2784.6000,1,1,2,2,2,2,1,1,2,2
SF,IH2009,2020-06-04 09:33:40.200,2783.2000,15783,0,168810540.000,0,-,-,-,-,2782.4000,2782.0000,2781.8000,2781.6000,2781.4000,2783.0000,2783.4000,2783.6000,2783.8000,2784.6000,1,1,2,2,2,2,1,1,2,2
SF,IH2009,2020-06-04 09:33:40.700,2783.2000,15783,0,168810540.000,0,-,-,-,-,2782.0000,2781.8000,2781.6000,2781.4000,2781.2000,2783.0000,2783.4000,2783.6000,2783.8000,2784.6000,1,2,2,2,4,2,1,1,2,2
SF,IH2009,2020-06-04 09:33:41.200,2783.2000,15783,0,168810540.000,0,-,-,-,-,2782.2000,2782.0000,2781.8000,2781.6000,2781.4000,2783.0000,2783.4000,2783.6000,2783.8000,2784.6000,1,1,2,2,2,2,1,1,2,2
SF,IH2009,2020-06-04 09:33:41.700,2783.2000,15783,0,168810540.000,0,-,-,-,-,2782.0000,2781.8000,2781.6000,2781.4000,2781.2000,2783.0000,2783.4000,2783.6000,2783.8000,2784.6000,1,1,2,2,4,2,2,1,2,2
SF,IH2009,2020-06-04 09:33:42.200,2783.2000,15783,0,168810540.000,0,-,-,-,-,2782.0000,2781.8000,2781.6000,2781.4000,2781.2000,2783.0000,2783.4000,2783.6000,2783.8000,2784.6000,1,1,2,2,4,2,2,1,2,2
SF,IH2009,2020-06-04 09:33:42.700,2783.2000,15783,0,168810540.000,0,-,-,-,-,2782.2000,2782.0000,2781.6000,2781.4000,2781.2000,2782.8000,2783.4000,2783.6000,2783.8000,2784.6000,1,1,2,2,4,2,2,1,2,2
SF,IH2009,2020-06-04 09:33:43.200,2783.2000,15783,0,168810540.000,0,-,-,-,-,2782.2000,2782.0000,2781.6000,2781.4000,2781.2000,2783.4000,2783.6000,2783.8000,2784.6000,2787.2000,1,1,2,2,4,2,1,2,2,1
SF,IH2009,2020-06-04 09:33:43.700,2783.2000,15783,0,168810540.000,0,-,-,-,-,2782.2000,2782.0000,2781.6000,2781.4000,2781.2000,2782.8000,2783.0000,2783.2000,2783.4000,2783.6000,1,1,2,2,4,1,1,3,2,1
SF,IH2009,2020-06-04 09:33:44.200,2782.2000,15782,-1,169645200.000,1,0,1,双平,S,2782.0000,2781.6000,2781.4000,2781.2000,2780.8000,2782.8000,2783.0000,2783.2000,2783.4000,2783.6000,1,2,2,4,2,1,1,2,2,1
SF,IH2009,2020-06-04 09:33:44.700,2782.2000,15782,0,169645200.000,0,-,-,-,-,2782.0000,2781.6000,2781.4000,2781.2000,2780.8000,2782.6000,2783.0000,2783.2000,2783.4000,2783.6000,1,2,2,4,2,1,1,2,2,1
SF,IH2009,2020-06-04 09:33:45.200,2782.2000,15782,0,169645200.000,0,-,-,-,-,2782.0000,2781.6000,2781.4000,2781.2000,2780.8000,2782.6000,2783.0000,2783.2000,2783.4000,2783.6000,1,2,2,4,2,1,1,2,2,1
SF,IH2009,2020-06-04 09:33:45.700,2782.2000,15782,0,169645200.000,0,-,-,-,-,2782.0000,2781.6000,2781.4000,2781.2000,2780.8000,2782.6000,2783.0000,2783.2000,2783.4000,2783.6000,1,2,2,4,2,1,1,2,2,1
SF,IH2009,2020-06-04 09:33:46.200,2782.2000,15782,0,169645200.000,0,-,-,-,-,2782.0000,2781.6000,2781.4000,2781.2000,2780.8000,2782.6000,2783.0000,2783.2000,2783.4000,2783.6000,1,2,2,4,2,1,1,2,2,1
SF,IH2009,2020-06-04 09:33:46.700,2782.0000,15783,1,171314520.000,2,1,1,空开,S,2781.6000,2781.4000,2781.2000,2780.8000,2780.4000,2782.4000,2782.6000,2783.0000,2783.2000,2783.4000,2,2,4,2,3,1,1,1,2,2
SF,IH2009,2020-06-04 09:33:47.200,2782.0000,15783,0,171314520.000,0,-,-,-,-,2781.6000,2781.4000,2781.2000,2780.8000,2780.4000,2782.4000,2782.6000,2782.8000,2783.2000,2783.4000,2,2,4,2,3,1,1,1,2,2
SF,IH2009,2020-06-04 09:33:47.700,2782.0000,15783,0,171314520.000,0,-,-,-,-,2781.6000,2781.4000,2781.2000,2780.8000,2780.4000,2782.6000,2783.2000,2783.4000,2783.6000,2783.8000,2,2,4,2,3,1,2,2,1,2
SF,IH2009,2020-06-04 09:33:48.200,2782.0000,15783,0,171314520.000,0,-,-,-,-,2781.6000,2781.4000,2781.2000,2780.8000,2780.4000,2782.2000,2782.4000,2782.6000,2782.8000,2783.2000,2,2,4,2,3,1,1,1,1,2
SF,IH2009,2020-06-04 09:33:48.700,2782.0000,15783,0,171314520.000,0,-,-,-,-,2781.6000,2781.4000,2781.2000,2780.8000,2780.4000,2782.4000,2782.6000,2782.8000,2783.2000,2783.4000,2,2,4,2,3,1,1,1,2,2
SF,IH2009,2020-06-04 09:33:49.200,2782.0000,15783,0,171314520.000,0,-,-,-,-,2781.6000,2781.4000,2781.2000,2780.8000,2780.4000,2781.8000,2782.0000,2782.4000,2782.6000,2782.8000,2,2,4,2,3,1,1,1,1,1
SF,IH2009,2020-06-04 09:33:49.700,2781.8000,15782,-1,172149060.000,1,0,1,双平,S,2781.8000,2781.6000,2781.4000,2781.2000,2780.8000,2782.0000,2782.6000,2782.8000,2783.2000,2783.4000,1,2,2,4,2,1,1,1,2,2
SF,IH2009,2020-06-04 09:33:50.200,2781.8000,15782,0,172149060.000,0,-,-,-,-,2781.8000,2781.6000,2781.4000,2781.2000,2780.8000,2782.6000,2782.8000,2783.2000,2783.4000,2783.8000,2,2,2,4,2,1,1,2,2,2
SF,IH2009,2020-06-04 09:33:50.700,2781.8000,15782,0,172149060.000,0,-,-,-,-,2781.8000,2781.6000,2781.4000,2781.2000,2780.8000,2782.6000,2782.8000,2783.2000,2783.4000,2783.8000,2,2,2,4,2,1,1,2,2,2
SF,IH2009,2020-06-04 09:33:51.200,2782.4000,15781,-1,172983780.000,1,0,1,双平,S,2781.8000,2781.6000,2781.4000,2781.2000,2780.8000,2782.6000,2782.8000,2783.2000,2783.4000,2783.8000,1,2,2,4,2,1,1,2,2,2
SF,IH2009,2020-06-04 09:33:51.700,2782.4000,15781,0,172983780.000,0,-,-,-,-,2781.8000,2781.6000,2781.4000,2781.2000,2780.8000,2782.2000,2782.6000,2782.8000,2783.2000,2783.4000,1,2,2,4,2,1,1,1,2,2
SF,IH2009,2020-06-04 09:33:52.700,2782.0000,15780,-1,173818380.000,1,0,1,双平,S,2781.8000,2781.6000,2781.4000,2781.2000,2780.8000,2782.6000,2783.2000,2783.4000,2783.8000,2787.2000,1,2,2,4,2,1,2,2,2,1
SF,IH2009,2020-06-04 09:33:53.200,2782.0000,15780,0,173818380.000,0,-,-,-,-,2781.8000,2781.6000,2781.4000,2781.2000,2780.8000,2782.4000,2782.6000,2783.2000,2783.4000,2783.8000,1,2,2,4,2,1,1,2,2,2
SF,IH2009,2020-06-04 09:33:53.700,2782.4000,15779,-1,174653100.000,1,0,1,双平,S,2782.0000,2781.8000,2781.6000,2781.4000,2781.2000,2782.6000,2783.2000,2783.4000,2783.8000,2787.2000,1,1,2,2,4,1,2,2,2,1
SF,IH2009,2020-06-04 09:33:54.200,2782.6000,15778,-1,175487880.000,1,0,1,双平,S,2782.0000,2781.8000,2781.6000,2781.4000,2781.2000,2783.2000,2783.4000,2783.8000,2787.2000,2787.6000,1,1,2,2,4,2,2,2,1,1
SF,IH2009,2020-06-04 09:33:54.700,2782.6000,15778,0,175487880.000,0,-,-,-,-,2782.2000,2782.0000,2781.8000,2781.6000,2781.4000,2783.4000,2783.8000,2787.2000,2787.6000,2788.0000,1,1,1,2,2,2,2,1,1,3
SF,IH2009,2020-06-04 09:33:55.200,2782.6000,15778,0,175487880.000,0,-,-,-,-,2782.4000,2782.0000,2781.6000,2781.4000,2781.2000,2783.4000,2783.8000,2787.2000,2787.6000,2788.0000,3,1,2,2,4,1,2,1,1,3
SF,IH2009,2020-06-04 09:33:55.700,2782.6000,15778,0,175487880.000,0,-,-,-,-,2782.4000,2782.0000,2781.6000,2781.4000,2781.2000,2783.4000,2783.8000,2785.0000,2787.2000,2787.6000,3,1,2,2,4,1,2,1,1,1
SF,IH2009,2020-06-04 09:33:57.700,2782.6000,15778,0,175487880.000,0,-,-,-,-,2782.4000,2782.0000,2781.6000,2781.4000,2781.2000,2783.2000,2783.4000,2783.8000,2785.0000,2787.2000,3,1,2,2,4,1,1,2,1,1
SF,IH2009,2020-06-04 09:33:58.200,2782.6000,15778,0,175487880.000,0,-,-,-,-,2782.4000,2782.0000,2781.6000,2781.4000,2781.2000,2783.2000,2783.4000,2783.8000,2785.0000,2787.2000,2,1,2,2,4,2,1,2,1,1
SF,IH2009,2020-06-04 09:33:58.700,2782.4000,15777,-1,177157320.000,2,0,2,多平,S,2782.0000,2781.6000,2781.4000,2781.2000,2780.8000,2782.6000,2783.2000,2783.4000,2783.8000,2785.0000,1,2,2,4,2,1,3,1,2,1
SF,IH2009,2020-06-04 09:33:59.200,2783.2000,15773,-4,180496980.000,4,0,4,双平,S,2782.6000,2782.2000,2782.0000,2781.6000,2781.4000,2783.4000,2783.8000,2785.0000,2787.2000,2787.6000,2,1,1,2,2,1,2,1,1,1
SF,IH2009,2020-06-04 09:33:59.700,2783.4000,15772,-1,181332000.000,1,0,1,双平,S,2782.8000,2782.6000,2782.0000,2781.6000,2781.4000,2783.8000,2785.0000,2787.2000,2787.6000,2788.0000,1,2,1,2,2,2,1,1,1,3
SF,IH2009,2020-06-04 09:34:00.200,2783.2000,15772,0,182166960.000,1,0,1,多换,S,2783.0000,2782.0000,2781.6000,2781.4000,2781.2000,2783.8000,2785.0000,2787.2000,2787.6000,2788.0000,1,1,2,2,4,2,1,1,1,3
SF,IH2009,2020-06-04 09:34:00.700,2783.2000,15772,0,182166960.000,0,-,-,-,-,2783.2000,2781.6000,2781.4000,2781.2000,2780.8000,2783.8000,2785.0000,2787.2000,2787.6000,2788.0000,1,2,2,4,2,2,1,1,1,3
SF,IH2009,2020-06-04 09:34:01.200,2783.2000,15772,0,182166960.000,0,-,-,-,-,2781.6000,2781.4000,2781.2000,2780.8000,2780.4000,2783.8000,2785.0000,2787.2000,2787.6000,2788.0000,2,2,4,2,3,2,1,1,1,3
SF,IH2009,2020-06-04 09:34:01.700,2783.2000,15772,0,182166960.000,0,-,-,-,-,2782.0000,2781.8000,2781.6000,2781.4000,2781.2000,2783.8000,2785.0000,2787.2000,2787.6000,2788.0000,2,2,2,2,4,2,1,1,1,3
SF,IH2009,2020-06-04 09:34:02.200,2783.2000,15772,0,182166960.000,0,-,-,-,-,2782.2000,2782.0000,2781.8000,2781.6000,2781.4000,2783.8000,2785.0000,2787.2000,2787.6000,2788.0000,2,2,3,2,2,2,1,1,1,3
SF,IH2009,2020-06-04 09:34:02.700,2783.2000,15772,0,182166960.000,0,-,-,-,-,2782.2000,2781.8000,2781.6000,2781.4000,2781.2000,2783.8000,2785.0000,2787.2000,2787.6000,2788.0000,3,3,2,2,4,2,1,1,1,3
SF,IH2009,2020-06-04 09:34:03.200,2783.2000,15772,0,182166960.000,0,-,-,-,-,2782.4000,2782.2000,2781.8000,2781.6000,2781.4000,2783.8000,2785.0000,2787.2000,2787.6000,2788.0000,2,3,1,2,2,2,1,1,1,3
SF,IH2009,2020-06-04 09:34:03.700,2783.2000,15772,0,182166960.000,0,-,-,-,-,2782.6000,2782.2000,2781.8000,2781.6000,2781.4000,2783.8000,2785.0000,2787.2000,2787.6000,2788.0000,1,2,1,2,2,2,1,1,1,3
SF,IH2009,2020-06-04 09:34:04.200,2783.2000,15772,0,182166960.000,0,-,-,-,-,2782.2000,2781.8000,2781.6000,2781.4000,2781.2000,2783.8000,2785.0000,2787.2000,2787.6000,2788.0000,2,1,2,2,4,2,1,1,1,3
SF,IH2009,2020-06-04 09:34:04.700,2783.2000,15772,0,182166960.000,0,-,-,-,-,2782.4000,2782.2000,2781.8000,2781.6000,2781.4000,2783.6000,2783.8000,2785.0000,2787.2000,2787.6000,1,1,1,2,2,1,2,1,1,1
SF,IH2009,2020-06-04 09:34:05.200,2783.2000,15772,0,182166960.000,0,-,-,-,-,2782.6000,2782.2000,2781.8000,2781.6000,2781.4000,2783.6000,2783.8000,2785.0000,2787.2000,2787.6000,1,1,1,2,2,1,2,1,1,1
SF,IH2009,2020-06-04 09:34:05.700,2783.2000,15772,0,182166960.000,0,-,-,-,-,2782.2000,2781.8000,2781.6000,2781.4000,2781.2000,2783.6000,2783.8000,2785.0000,2787.2000,2787.6000,1,1,2,2,4,1,2,1,1,1
SF,IH2009,2020-06-04 09:34:06.200,2783.2000,15772,0,182166960.000,0,-,-,-,-,2782.4000,2782.2000,2781.8000,2781.6000,2781.4000,2783.6000,2783.8000,2785.0000,2787.2000,2787.6000,1,1,1,2,2,1,2,1,1,1
SF,IH2009,2020-06-04 09:34:06.700,2783.2000,15772,0,182166960.000,0,-,-,-,-,2782.6000,2782.4000,2782.2000,2781.8000,2781.6000,2783.6000,2783.8000,2785.0000,2787.2000,2787.6000,1,2,1,1,2,1,2,1,1,1
SF,IH2009,2020-06-04 09:34:07.200,2783.2000,15772,0,182166960.000,0,-,-,-,-,2782.8000,2782.2000,2781.8000,2781.6000,2781.4000,2783.6000,2783.8000,2785.0000,2787.2000,2787.6000,1,1,1,2,2,1,2,1,1,1
SF,IH2009,2020-06-04 09:34:07.700,2783.2000,15772,0,182166960.000,0,-,-,-,-,2782.2000,2781.8000,2781.6000,2781.4000,2781.2000,2783.6000,2783.8000,2784.4000,2785.0000,2787.2000,1,1,2,2,4,1,2,1,1,1
SF,IH2009,2020-06-04 09:34:08.200,2783.2000,15772,0,182166960.000,0,-,-,-,-,2782.4000,2782.2000,2781.8000,2781.6000,2781.4000,2783.6000,2783.8000,2784.4000,2785.0000,2787.2000,2,1,1,2,2,1,2,1,1,1
SF,IH2009,2020-06-04 09:34:08.700,2783.2000,15772,0,182166960.000,0,-,-,-,-,2782.4000,2782.2000,2781.8000,2781.6000,2781.4000,2783.6000,2783.8000,2784.4000,2785.0000,2787.2000,3,1,1,2,2,1,2,1,1,1
SF,IH2009,2020-06-04 09:34:09.200,2783.2000,15772,0,182166960.000,0,-,-,-,-,2782.6000,2782.4000,2782.2000,2781.8000,2781.6000,2783.6000,2783.8000,2784.4000,2785.0000,2787.2000,2,2,1,1,2,1,2,1,1,1
SF,IH2009,2020-06-04 09:34:09.700,2783.2000,15772,0,182166960.000,0,-,-,-,-,2782.4000,2782.2000,2781.8000,2781.6000,2781.4000,2783.6000,2783.8000,2784.4000,2785.0000,2787.2000,1,1,1,2,2,1,2,1,1,1
SF,IH2009,2020-06-04 09:34:10.200,2783.2000,15772,0,182166960.000,0,-,-,-,-,2782.6000,2782.4000,2782.2000,2781.8000,2781.6000,2783.6000,2783.8000,2784.4000,2785.0000,2787.2000,1,1,1,1,2,1,2,1,1,1
SF,IH2009,2020-06-04 09:34:10.700,2783.2000,15772,0,182166960.000,0,-,-,-,-,2782.8000,2782.6000,2782.4000,2782.2000,2781.8000,2783.6000,2783.8000,2784.4000,2785.0000,2787.2000,1,2,1,1,1,1,2,1,1,1
SF,IH2009,2020-06-04 09:34:11.200,2783.2000,15772,0,182166960.000,0,-,-,-,-,2782.6000,2782.4000,2782.2000,2781.8000,2781.6000,2783.2000,2783.6000,2783.8000,2784.4000,2785.0000,2,1,1,1,2,5,1,2,1,1
SF,IH2009,2020-06-04 09:34:11.700,2783.2000,15772,0,182166960.000,0,-,-,-,-,2782.4000,2782.2000,2781.8000,2781.6000,2781.4000,2783.2000,2783.6000,2783.8000,2784.4000,2785.0000,1,1,1,2,2,5,1,2,1,1
SF,IH2009,2020-06-04 09:34:14.700,2782.2000,15771,-1,183836340.000,2,0,2,多平,S,2781.8000,2781.6000,2781.4000,2781.2000,2780.8000,2782.4000,2783.2000,2783.6000,2783.8000,2784.4000,1,2,2,4,2,1,5,1,2,1
SF,IH2009,2020-06-04 09:34:15.200,2781.6000,15770,-1,185505360.000,2,0,2,多平,S,2781.6000,2781.4000,2781.2000,2780.8000,2780.4000,2782.0000,2782.2000,2782.8000,2783.0000,2783.2000,1,2,4,2,3,1,1,1,3,6
SF,IH2009,2020-06-04 09:34:15.700,2781.6000,15770,0,186339840.000,1,0,1,多换,S,2781.4000,2781.2000,2780.8000,2780.4000,2780.0000,2781.8000,2782.2000,2782.8000,2783.0000,2783.2000,2,4,2,3,3,2,1,1,3,6
SF,IH2009,2020-06-04 09:34:16.200,2781.4000,15770,0,188008680.000,2,1,1,多换,S,2781.2000,2780.8000,2780.4000,2780.0000,2779.6000,2781.6000,2781.8000,2782.2000,2782.8000,2783.0000,4,2,3,3,2,1,1,1,1,3
SF,IH2009,2020-06-04 09:34:16.700,2781.4000,15769,-1,189677460.000,2,0,2,多平,S,2781.2000,2780.8000,2780.4000,2780.0000,2779.6000,2781.8000,2782.2000,2782.8000,2783.0000,2783.2000,3,2,3,3,2,1,1,1,3,7
SF,IH2009,2020-06-04 09:34:17.200,2781.4000,15769,0,189677460.000,0,-,-,-,-,2781.2000,2780.8000,2780.4000,2780.0000,2779.6000,2781.8000,2782.2000,2782.8000,2783.0000,2783.2000,3,2,3,3,2,1,1,1,3,7
SF,IH2009,2020-06-04 09:34:17.700,2781.2000,15769,0,190511820.000,1,0,1,多换,S,2781.2000,2780.8000,2780.4000,2780.0000,2779.6000,2781.8000,2782.2000,2782.8000,2783.0000,2783.2000,2,2,3,3,2,1,1,1,3,7
SF,IH2009,2020-06-04 09:34:18.200,2781.8000,15769,0,191346360.000,1,0,1,多换,S,2781.8000,2781.2000,2780.8000,2780.4000,2780.0000,2782.2000,2782.8000,2783.0000,2783.2000,2783.8000,4,2,2,3,3,1,1,3,7,2
SF,IH2009,2020-06-04 09:34:18.700,2781.8000,15769,0,192180900.000,1,0,1,多换,S,2781.8000,2781.2000,2780.8000,2780.4000,2780.0000,2782.2000,2782.8000,2783.0000,2783.2000,2783.8000,3,2,2,3,3,1,1,3,7,2
SF,IH2009,2020-06-04 09:34:19.200,2781.8000,15769,0,193015440.000,1,0,1,多换,S,2781.8000,2781.2000,2780.8000,2780.4000,2780.0000,2782.8000,2783.0000,2783.2000,2783.8000,2785.0000,2,2,2,3,3,1,3,7,2,1
SF,IH2009,2020-06-04 09:34:19.700,2781.8000,15769,0,193015440.000,0,-,-,-,-,2781.8000,2781.2000,2780.8000,2780.4000,2780.0000,2782.6000,2783.0000,2783.2000,2783.8000,2785.0000,2,2,2,3,3,1,3,6,2,1
SF,IH2009,2020-06-04 09:34:20.200,2781.8000,15769,0,193015440.000,0,-,-,-,-,2781.8000,2781.2000,2780.8000,2780.4000,2780.0000,2782.6000,2782.8000,2783.0000,2783.2000,2783.8000,2,2,2,3,3,1,1,3,6,2
SF,IH2009,2020-06-04 09:34:20.700,2781.8000,15769,0,193015440.000,0,-,-,-,-,2781.8000,2781.2000,2780.8000,2780.4000,2780.0000,2782.6000,2782.8000,2783.0000,2783.2000,2783.8000,2,2,2,3,3,1,1,3,6,2
SF,IH2009,2020-06-04 09:34:22.200,2781.8000,15769,0,193015440.000,0,-,-,-,-,2781.8000,2781.2000,2780.8000,2780.4000,2780.0000,2782.6000,2782.8000,2783.0000,2783.2000,2783.8000,2,2,2,3,3,1,1,3,6,2
SF,IH2009,2020-06-04 09:34:23.700,2781.8000,15769,0,193015440.000,0,-,-,-,-,2781.8000,2781.2000,2780.8000,2780.4000,2780.0000,2782.4000,2782.6000,2782.8000,2783.0000,2783.2000,2,2,2,3,3,1,1,1,2,6
SF,IH2009,2020-06-04 09:34:25.200,2781.8000,15769,0,193849980.000,1,0,1,多换,S,2781.8000,2781.2000,2780.8000,2780.4000,2780.0000,2782.4000,2782.6000,2782.8000,2783.0000,2783.2000,1,2,2,3,3,1,1,1,2,6
SF,IH2009,2020-06-04 09:34:25.700,2781.8000,15769,0,193849980.000,0,-,-,-,-,2781.8000,2781.2000,2780.8000,2780.4000,2780.0000,2782.6000,2782.8000,2783.0000,2783.2000,2783.8000,1,2,2,3,3,1,1,2,6,2
SF,IH2009,2020-06-04 09:34:26.200,2781.8000,15769,0,193849980.000,0,-,-,-,-,2781.8000,2781.2000,2780.8000,2780.4000,2780.0000,2782.0000,2782.4000,2782.6000,2782.8000,2783.0000,1,2,2,3,3,2,1,1,1,2
SF,IH2009,2020-06-04 09:34:26.700,2781.8000,15769,0,194684520.000,1,0,1,多换,S,2781.2000,2780.8000,2780.4000,2780.0000,2779.8000,2782.6000,2782.8000,2783.0000,2783.2000,2783.8000,2,2,3,3,1,1,1,2,5,2
SF,IH2009,2020-06-04 09:34:27.200,2781.8000,15769,0,194684520.000,0,-,-,-,-,2781.4000,2781.2000,2780.8000,2780.4000,2780.0000,2782.0000,2782.4000,2782.6000,2782.8000,2783.0000,1,2,2,3,3,2,1,1,1,2
SF,IH2009,2020-06-04 09:34:27.700,2781.8000,15769,0,194684520.000,0,-,-,-,-,2781.2000,2780.8000,2780.4000,2780.0000,2779.8000,2781.8000,2782.0000,2782.4000,2782.6000,2782.8000,2,2,3,3,1,1,2,1,1,1
SF,IH2009,2020-06-04 09:34:28.200,2781.2000,15769,0,195518880.000,1,0,1,多换,S,2780.8000,2780.4000,2780.0000,2779.8000,2779.6000,2781.6000,2782.4000,2782.6000,2782.8000,2783.0000,2,3,3,1,2,1,1,1,1,2
SF,IH2009,2020-06-04 09:34:28.700,2781.2000,15769,0,195518880.000,0,-,-,-,-,2780.8000,2780.4000,2780.0000,2779.8000,2779.6000,2781.0000,2781.6000,2781.8000,2782.6000,2782.8000,2,3,3,1,2,2,2,1,1,1
SF,IH2009,2020-06-04 09:34:29.200,2780.8000,15769,0,197187360.000,2,1,1,多换,S,2780.4000,2780.0000,2779.8000,2779.6000,2779.2000,2780.8000,2781.2000,2781.6000,2781.8000,2782.6000,3,3,1,2,2,1,2,2,1,1
SF,IH2009,2020-06-04 09:34:29.700,2780.4000,15770,1,198021480.000,1,1,0,双开,S,2780.4000,2780.0000,2779.8000,2779.6000,2779.2000,2781.2000,2781.6000,2781.8000,2782.6000,2782.8000,2,3,1,2,2,2,2,1,1,1
SF,IH2009,2020-06-04 09:34:30.200,2780.4000,15770,0,198021480.000,0,-,-,-,-,2780.4000,2780.0000,2779.8000,2779.6000,2779.2000,2780.6000,2781.0000,2781.2000,2781.6000,2781.8000,2,3,1,2,2,1,1,2,2,1
SF,IH2009,2020-06-04 09:34:30.700,2780.4000,15769,-1,199689720.000,2,0,2,多平,S,2780.0000,2779.8000,2779.6000,2779.2000,2779.0000,2780.6000,2781.0000,2781.2000,2781.6000,2781.8000,3,1,2,2,1,1,4,2,1,1
SF,IH2009,2020-06-04 09:34:32.200,2780.6000,15768,-1,200523900.000,1,0,1,双平,S,2780.6000,2780.0000,2779.8000,2779.6000,2779.2000,2781.0000,2781.2000,2781.6000,2781.8000,2782.6000,1,3,1,2,2,2,2,1,1,1
SF,IH2009,2020-06-04 09:34:32.700,2781.0000,15767,-1,201358200.000,1,0,1,双平,S,2780.6000,2780.0000,2779.8000,2779.6000,2779.2000,2781.6000,2781.8000,2782.6000,2782.8000,2783.2000,1,3,1,2,2,1,1,1,1,5
SF,IH2009,2020-06-04 09:34:33.200,2781.0000,15767,0,201358200.000,0,-,-,-,-,2780.8000,2780.6000,2780.0000,2779.8000,2779.6000,2781.6000,2782.6000,2782.8000,2783.2000,2783.8000,2,1,3,1,2,1,1,1,5,1
SF,IH2009,2020-06-04 09:34:33.700,2781.0000,15767,0,201358200.000,0,-,-,-,-,2780.8000,2780.6000,2780.0000,2779.8000,2779.6000,2781.6000,2782.6000,2782.8000,2783.2000,2783.8000,3,1,3,1,2,1,1,1,5,1
SF,IH2009,2020-06-04 09:34:34.700,2781.0000,15767,0,201358200.000,0,-,-,-,-,2780.8000,2780.6000,2780.0000,2779.8000,2779.6000,2781.6000,2782.6000,2782.8000,2783.2000,2783.8000,1,1,3,1,2,1,1,1,5,1
SF,IH2009,2020-06-04 09:34:35.200,2781.0000,15767,0,201358200.000,0,-,-,-,-,2780.6000,2780.0000,2779.8000,2779.6000,2779.2000,2781.6000,2782.6000,2782.8000,2783.2000,2783.8000,1,3,1,2,2,1,1,1,5,1
SF,IH2009,2020-06-04 09:34:35.700,2781.0000,15767,0,201358200.000,0,-,-,-,-,2780.8000,2780.6000,2780.0000,2779.8000,2779.6000,2781.6000,2782.6000,2782.8000,2783.2000,2783.8000,1,1,3,1,2,1,1,1,5,1
SF,IH2009,2020-06-04 09:34:36.200,2781.0000,15767,0,201358200.000,0,-,-,-,-,2780.6000,2780.0000,2779.8000,2779.6000,2779.2000,2781.6000,2782.6000,2782.8000,2783.2000,2783.8000,1,3,1,2,2,1,1,1,5,1
SF,IH2009,2020-06-04 09:34:36.700,2781.0000,15767,0,201358200.000,0,-,-,-,-,2780.6000,2780.0000,2779.8000,2779.6000,2779.2000,2781.6000,2781.8000,2782.6000,2782.8000,2783.2000,1,3,1,2,2,2,1,1,1,5
SF,IH2009,2020-06-04 09:34:37.200,2781.0000,15767,0,201358200.000,0,-,-,-,-,2780.8000,2780.6000,2780.0000,2779.8000,2779.6000,2781.6000,2782.6000,2782.8000,2783.2000,2783.8000,1,1,3,1,2,2,1,1,5,1
SF,IH2009,2020-06-04 09:34:37.700,2781.0000,15767,0,201358200.000,0,-,-,-,-,2780.6000,2780.0000,2779.8000,2779.6000,2779.2000,2781.2000,2781.6000,2781.8000,2782.6000,2782.8000,1,3,1,2,2,4,2,1,1,1
SF,IH2009,2020-06-04 09:34:38.200,2781.2000,15765,-2,203026920.000,2,0,2,双平,S,2780.8000,2780.0000,2779.8000,2779.6000,2779.2000,2781.6000,2782.6000,2782.8000,2783.2000,2783.8000,1,3,1,2,2,1,1,1,5,1
SF,IH2009,2020-06-04 09:34:38.700,2781.2000,15765,0,203026920.000,0,-,-,-,-,2781.0000,2780.0000,2779.8000,2779.6000,2779.2000,2782.6000,2782.8000,2783.2000,2783.8000,2784.6000,1,3,1,2,2,1,1,5,1,1
SF,IH2009,2020-06-04 09:34:39.200,2781.2000,15765,0,203026920.000,0,-,-,-,-,2781.2000,2780.0000,2779.8000,2779.6000,2779.2000,2782.2000,2782.4000,2782.6000,2782.8000,2783.2000,1,3,1,2,2,1,3,1,1,5
SF,IH2009,2020-06-04 09:34:39.700,2782.0000,15764,-1,203861520.000,1,0,1,双平,S,2780.0000,2779.8000,2779.6000,2779.2000,2779.0000,2781.8000,2782.2000,2782.4000,2782.8000,2783.2000,3,1,2,2,1,1,1,5,1,5
SF,IH2009,2020-06-04 09:34:40.200,2782.0000,15764,0,203861520.000,0,-,-,-,-,2781.2000,2780.2000,2780.0000,2779.8000,2779.6000,2781.8000,2782.2000,2782.4000,2782.8000,2783.2000,1,4,3,1,2,1,1,4,1,5
SF,IH2009,2020-06-04 09:34:40.700,2782.0000,15764,0,203861520.000,0,-,-,-,-,2781.2000,2780.2000,2780.0000,2779.8000,2779.6000,2781.8000,2782.2000,2782.4000,2782.8000,2783.2000,1,1,3,1,2,1,1,4,1,5
SF,IH2009,2020-06-04 09:34:41.200,2782.0000,15764,0,203861520.000,0,-,-,-,-,2781.4000,2781.2000,2780.2000,2780.0000,2779.8000,2781.8000,2782.2000,2782.8000,2783.2000,2783.8000,1,1,1,3,1,1,1,1,5,1
SF,IH2009,2020-06-04 09:34:41.700,2781.8000,15763,-1,204696060.000,1,0,1,双平,S,2781.6000,2781.2000,2780.2000,2780.0000,2779.8000,2782.2000,2782.8000,2783.2000,2783.8000,2784.6000,1,1,1,3,1,1,2,5,1,1
SF,IH2009,2020-06-04 09:34:42.200,2781.8000,15763,0,204696060.000,0,-,-,-,-,2781.2000,2780.2000,2780.0000,2779.8000,2779.6000,2782.2000,2782.8000,2783.2000,2783.8000,2784.6000,1,1,3,1,2,1,2,5,1,1
SF,IH2009,2020-06-04 09:34:42.700,2781.8000,15763,0,204696060.000,0,-,-,-,-,2781.4000,2781.2000,2780.2000,2780.0000,2779.8000,2782.2000,2782.8000,2783.2000,2783.8000,2784.6000,2,1,1,3,1,1,2,5,1,1
SF,IH2009,2020-06-04 09:34:43.200,2781.8000,15763,0,204696060.000,0,-,-,-,-,2781.4000,2781.2000,2780.2000,2780.0000,2779.8000,2782.8000,2783.2000,2783.8000,2784.6000,2784.8000,3,1,1,3,1,2,5,1,1,1
SF,IH2009,2020-06-04 09:34:44.700,2781.8000,15763,0,204696060.000,0,-,-,-,-,2781.4000,2781.2000,2780.2000,2780.0000,2779.8000,2782.8000,2783.2000,2783.8000,2784.6000,2784.8000,3,1,1,3,1,3,5,1,1,1
SF,IH2009,2020-06-04 09:34:46.200,2781.4000,15762,-1,205530480.000,1,0,1,双平,S,2781.2000,2780.2000,2780.0000,2779.8000,2779.6000,2782.8000,2783.2000,2783.8000,2784.6000,2784.8000,1,1,3,1,2,3,5,1,1,1
SF,IH2009,2020-06-04 09:34:46.700,2781.4000,15762,0,205530480.000,0,-,-,-,-,2781.2000,2780.2000,2780.0000,2779.8000,2779.6000,2782.6000,2782.8000,2783.2000,2783.8000,2784.6000,1,1,3,1,2,2,3,5,1,1
SF,IH2009,2020-06-04 09:34:47.200,2781.4000,15762,0,205530480.000,0,-,-,-,-,2781.2000,2780.2000,2780.0000,2779.8000,2779.6000,2782.0000,2782.2000,2782.4000,2782.6000,2782.8000,1,1,3,1,2,2,1,1,3,2
SF,IH2009,2020-06-04 09:34:47.700,2781.4000,15762,0,205530480.000,0,-,-,-,-,2781.2000,2780.2000,2780.0000,2779.8000,2779.6000,2782.4000,2782.6000,2782.8000,2783.2000,2783.8000,1,1,3,1,2,1,1,2,5,1
SF,IH2009,2020-06-04 09:34:48.200,2781.4000,15762,0,205530480.000,0,-,-,-,-,2781.2000,2780.2000,2780.0000,2779.8000,2779.6000,2782.4000,2782.6000,2782.8000,2783.2000,2783.8000,1,1,3,1,2,1,1,2,5,1
SF,IH2009,2020-06-04 09:34:48.700,2781.2000,15763,1,206364840.000,1,1,0,双开,S,2780.2000,2780.0000,2779.8000,2779.6000,2779.2000,2780.6000,2782.0000,2782.2000,2782.4000,2782.8000,1,3,1,2,2,2,1,4,1,2
SF,IH2009,2020-06-04 09:34:49.200,2780.6000,15763,0,208033200.000,2,1,1,多换,S,2780.6000,2780.0000,2779.8000,2779.6000,2779.2000,2782.0000,2782.2000,2782.8000,2783.2000,2783.8000,5,3,1,2,2,1,3,2,5,1
SF,IH2009,2020-06-04 09:34:49.700,2780.6000,15763,0,208033200.000,0,-,-,-,-,2780.6000,2780.0000,2779.8000,2779.6000,2779.2000,2781.8000,2782.0000,2782.2000,2782.8000,2783.2000,1,3,1,2,2,2,1,2,2,5
SF,IH2009,2020-06-04 09:34:51.700,2780.6000,15763,0,208033200.000,0,-,-,-,-,2780.6000,2780.0000,2779.8000,2779.6000,2779.2000,2781.8000,2782.0000,2782.2000,2782.8000,2783.2000,1,2,1,2,2,3,1,2,2,5
SF,IH2009,2020-06-04 09:34:52.200,2780.6000,15763,0,208033200.000,0,-,-,-,-,2780.8000,2780.6000,2780.0000,2779.8000,2779.6000,2781.8000,2782.0000,2782.2000,2782.8000,2783.2000,2,1,2,1,2,2,1,2,2,5
SF,IH2009,2020-06-04 09:34:52.700,2780.6000,15763,0,208033200.000,0,-,-,-,-,2780.8000,2780.6000,2780.0000,2779.8000,2779.6000,2782.0000,2782.8000,2783.2000,2783.8000,2784.6000,2,1,2,1,2,1,2,5,1,1
SF,IH2009,2020-06-04 09:34:53.200,2780.6000,15763,0,208033200.000,0,-,-,-,-,2781.0000,2780.6000,2780.0000,2779.8000,2779.6000,2782.0000,2782.8000,2783.2000,2783.8000,2784.6000,2,1,2,1,2,1,2,5,1,1
SF,IH2009,2020-06-04 09:34:54.200,2780.6000,15763,0,208033200.000,0,-,-,-,-,2780.6000,2780.0000,2779.8000,2779.6000,2779.2000,2782.8000,2783.2000,2783.8000,2784.6000,2784.8000,1,2,1,2,2,2,5,1,1,1
SF,IH2009,2020-06-04 09:34:54.700,2780.6000,15763,0,208033200.000,0,-,-,-,-,2780.6000,2780.0000,2779.8000,2779.6000,2779.2000,2782.0000,2782.6000,2782.8000,2783.2000,2783.8000,1,2,1,2,2,1,12,2,5,1
SF,IH2009,2020-06-04 09:34:55.200,2780.6000,15763,0,208033200.000,0,-,-,-,-,2780.0000,2779.8000,2779.6000,2779.2000,2778.2000,2781.8000,2782.0000,2782.6000,2782.8000,2783.2000,2,1,2,2,2,8,1,13,4,5
SF,IH2009,2020-06-04 09:34:55.700,2780.6000,15763,0,208033200.000,0,-,-,-,-,2780.2000,2780.0000,2779.8000,2779.6000,2779.2000,2781.8000,2782.0000,2782.6000,2782.8000,2783.2000,2,2,1,2,2,2,1,13,4,5
SF,IH2009,2020-06-04 09:34:56.200,2780.6000,15763,0,208033200.000,0,-,-,-,-,2780.2000,2780.0000,2779.8000,2779.6000,2779.2000,2781.8000,2782.0000,2782.6000,2782.8000,2783.2000,2,2,1,2,2,2,1,12,4,5
SF,IH2009,2020-06-04 09:34:57.200,2780.6000,15763,0,208033200.000,0,-,-,-,-,2780.2000,2780.0000,2779.8000,2779.6000,2779.2000,2781.8000,2782.0000,2782.6000,2782.8000,2783.2000,2,2,1,2,2,2,1,12,4,5
SF,IH2009,2020-06-04 09:34:57.700,2781.4000,15763,0,208867620.000,1,0,1,多换,S,2780.2000,2780.0000,2779.8000,2779.6000,2779.2000,2781.4000,2781.8000,2782.0000,2782.6000,2782.8000,1,2,1,2,2,1,3,1,12,4
SF,IH2009,2020-06-04 09:34:58.200,2781.4000,15763,0,208867620.000,0,-,-,-,-,2780.2000,2780.0000,2779.8000,2779.6000,2779.2000,2781.4000,2781.6000,2781.8000,2782.6000,2782.8000,1,2,1,2,2,2,1,2,12,4
SF,IH2009,2020-06-04 09:34:59.200,2781.4000,15763,0,208867620.000,0,-,-,-,-,2780.4000,2780.2000,2780.0000,2779.8000,2779.6000,2781.4000,2781.8000,2782.6000,2782.8000,2783.2000,2,1,2,1,2,2,2,12,4,5
SF,IH2009,2020-06-04 09:35:00.200,2781.4000,15763,0,208867620.000,0,-,-,-,-,2780.2000,2780.0000,2779.8000,2779.6000,2779.2000,2781.2000,2781.4000,2781.8000,2782.6000,2782.8000,1,2,1,2,2,3,1,2,12,4
SF,IH2009,2020-06-04 09:35:00.700,2781.4000,15763,0,208867620.000,0,-,-,-,-,2780.2000,2780.0000,2779.8000,2779.6000,2779.2000,2781.4000,2781.8000,2782.6000,2782.8000,2783.2000,1,2,1,2,2,1,2,12,4,5
SF,IH2009,2020-06-04 09:35:01.200,2781.4000,15763,0,208867620.000,0,-,-,-,-,2780.4000,2780.2000,2780.0000,2779.8000,2779.6000,2781.4000,2781.8000,2782.6000,2782.8000,2783.2000,1,1,2,1,2,1,2,12,4,5
SF,IH2009,2020-06-04 09:35:01.700,2781.4000,15763,0,208867620.000,0,-,-,-,-,2780.4000,2780.0000,2779.8000,2779.6000,2779.2000,2781.0000,2781.2000,2781.4000,2781.8000,2782.6000,1,2,1,2,2,2,3,1,1,12
SF,IH2009,2020-06-04 09:35:02.200,2781.4000,15763,0,208867620.000,0,-,-,-,-,2780.4000,2780.0000,2779.8000,2779.6000,2779.2000,2781.0000,2781.2000,2781.4000,2781.8000,2782.6000,1,2,1,2,2,2,3,1,1,12
SF,IH2009,2020-06-04 09:35:02.700,2781.0000,15763,0,209701920.000,1,0,1,多换,S,2780.4000,2780.0000,2779.8000,2779.6000,2779.2000,2781.0000,2781.4000,2781.8000,2782.6000,2782.8000,1,2,1,2,2,1,1,1,12,4
SF,IH2009,2020-06-04 09:35:03.200,2781.2000,15761,-2,211370580.000,2,0,2,双平,S,2781.0000,2780.4000,2780.0000,2779.8000,2779.6000,2781.4000,2781.8000,2782.6000,2782.8000,2783.2000,1,1,2,1,2,1,1,12,4,5
SF,IH2009,2020-06-04 09:35:03.700,2781.4000,15760,-1,212205000.000,1,0,1,双平,S,2781.0000,2780.4000,2780.0000,2779.8000,2779.6000,2782.6000,2782.8000,2783.2000,2783.6000,2783.8000,1,1,2,1,2,3,2,5,1,1
SF,IH2009,2020-06-04 09:35:04.200,2781.4000,15760,0,212205000.000,0,-,-,-,-,2781.0000,2780.4000,2780.0000,2779.8000,2779.6000,2782.0000,2782.4000,2782.6000,2782.8000,2783.2000,1,1,2,1,2,1,5,3,2,5
SF,IH2009,2020-06-04 09:35:04.700,2781.4000,15760,0,212205000.000,0,-,-,-,-,2781.2000,2781.0000,2780.4000,2780.0000,2779.8000,2782.0000,2782.4000,2782.6000,2782.8000,2783.2000,1,1,1,2,1,1,4,3,2,5
SF,IH2009,2020-06-04 09:35:05.200,2782.0000,15759,-1,213039600.000,1,0,1,双平,S,2781.2000,2780.4000,2780.0000,2779.8000,2779.6000,2782.4000,2782.6000,2782.8000,2783.2000,2783.6000,2,1,2,1,2,1,3,2,5,1
SF,IH2009,2020-06-04 09:35:05.700,2782.0000,15759,0,213039600.000,0,-,-,-,-,2781.4000,2780.4000,2780.0000,2779.8000,2779.6000,2782.8000,2783.2000,2783.6000,2783.8000,2784.6000,4,1,2,1,2,2,5,1,1,1
SF,IH2009,2020-06-04 09:35:06.200,2782.0000,15759,0,213039600.000,0,-,-,-,-,2781.6000,2781.4000,2781.2000,2780.6000,2780.4000,2782.8000,2783.2000,2783.6000,2783.8000,2784.6000,2,2,2,1,1,2,5,1,1,1
SF,IH2009,2020-06-04 09:35:06.700,2782.0000,15759,0,213039600.000,0,-,-,-,-,2781.8000,2781.2000,2780.6000,2780.4000,2780.2000,2782.8000,2783.2000,2783.6000,2783.8000,2784.6000,4,2,1,1,1,1,5,1,1,1
SF,IH2009,2020-06-04 09:35:07.200,2782.0000,15759,0,213039600.000,0,-,-,-,-,2782.0000,2781.8000,2780.6000,2780.4000,2780.2000,2782.8000,2783.2000,2783.6000,2783.8000,2784.6000,2,2,1,1,1,1,5,1,1,1
SF,IH2009,2020-06-04 09:35:07.700,2782.0000,15759,0,213039600.000,0,-,-,-,-,2782.0000,2781.8000,2780.6000,2780.4000,2780.2000,2782.8000,2783.2000,2783.6000,2783.8000,2784.6000,2,1,1,1,1,1,5,1,1,1
SF,IH2009,2020-06-04 09:35:08.700,2782.0000,15759,0,213039600.000,0,-,-,-,-,2782.0000,2781.8000,2780.6000,2780.4000,2780.2000,2782.8000,2783.2000,2783.6000,2783.8000,2784.6000,2,1,1,1,1,2,5,1,1,1
