市场代码,合约代码,时间,最新,持仓,增仓,成交额,成交量,开仓,平仓,成交类型,方向,买一价,买二价,买三价,买四价,买五价,卖一价,卖二价,卖三价,卖四价,卖五价,买一量,买二量,买三量,买四量,买五量,卖一量,卖二量,卖三量,卖四量,卖五量
SF,IH2012,2020-05-07 09:29:00.100,2721.6000,1890,0,1632960.000,2.000,-,-,-,-,2719.0000,2718.0000,2717.0000,2711.4000,2708.6000,2721.8000,2725.2000,2725.6000,2766.0000,2770.4000,1,1,1,1,1,1,2,3,1,1
SF,IH2012,2020-05-07 09:30:00.100,2721.6000,1890,0,1632960.000,0,-,-,-,-,2719.0000,2718.0000,2717.0000,2706.2000,2706.0000,2725.2000,2725.6000,2726.0000,2766.0000,2770.4000,1,1,1,1,3,2,3,1,1,1
SF,IH2012,2020-05-07 09:30:00.600,2721.6000,1890,0,1632960.000,0,-,-,-,-,2719.2000,2719.0000,2718.0000,2717.0000,2706.0000,2724.8000,2725.0000,2725.6000,2726.0000,2747.6000,1,1,1,1,3,8,1,3,1,5
SF,IH2012,2020-05-07 09:30:01.100,2721.6000,1890,0,1632960.000,0,-,-,-,-,2719.2000,2719.0000,2718.0000,2717.0000,2693.8000,2724.6000,2724.8000,2726.0000,2747.6000,2766.0000,1,1,1,1,1,1,8,1,5,1
SF,IH2012,2020-05-07 09:30:01.600,2721.6000,1890,0,1632960.000,0,-,-,-,-,2719.2000,2719.0000,2718.0000,2717.0000,2693.8000,2723.8000,2724.2000,2724.6000,2726.0000,2747.6000,1,1,1,1,1,1,8,1,1,5
SF,IH2012,2020-05-07 09:30:02.100,2721.6000,1890,0,1632960.000,0,-,-,-,-,2719.2000,2719.0000,2718.0000,2717.0000,2693.8000,2723.6000,2723.8000,2726.0000,2747.6000,2766.0000,1,1,1,1,1,1,1,1,5,1
SF,IH2012,2020-05-07 09:30:03.100,2721.6000,1890,0,1632960.000,0,-,-,-,-,2719.2000,2719.0000,2718.0000,2717.0000,2693.8000,2723.6000,2726.0000,2747.6000,2766.0000,2770.4000,1,1,1,1,1,1,1,5,1,1
SF,IH2012,2020-05-07 09:30:04.100,2721.6000,1890,0,1632960.000,0,-,-,-,-,2719.2000,2719.0000,2718.0000,2717.0000,2693.8000,2723.6000,2726.0000,2747.6000,2766.0000,2770.4000,1,1,1,1,1,1,1,5,1,1
SF,IH2012,2020-05-07 09:30:04.600,2721.6000,1890,0,1632960.000,0,-,-,-,-,2719.4000,2719.2000,2719.0000,2718.0000,2717.0000,2726.0000,2747.6000,2766.0000,2770.4000,2793.0000,1,1,1,1,1,1,5,1,1,4
SF,IH2012,2020-05-07 09:30:05.100,2721.6000,1890,0,1632960.000,0,-,-,-,-,2719.8000,2719.6000,2719.4000,2719.0000,2718.0000,2725.6000,2725.8000,2726.0000,2747.6000,2766.0000,2,1,1,1,1,8,2,1,5,1
SF,IH2012,2020-05-07 09:30:05.600,2721.6000,1890,0,1632960.000,0,-,-,-,-,2720.0000,2719.8000,2719.0000,2718.0000,2717.0000,2724.6000,2725.6000,2725.8000,2726.0000,2747.6000,2,2,1,1,1,1,8,2,1,5
SF,IH2012,2020-05-07 09:30:06.100,2721.6000,1890,0,1632960.000,0,-,-,-,-,2720.0000,2719.8000,2719.0000,2718.0000,2717.0000,2724.2000,2724.6000,2725.8000,2726.0000,2747.6000,2,2,1,1,1,8,1,2,1,5
SF,IH2012,2020-05-07 09:30:06.600,2721.6000,1890,0,1632960.000,0,-,-,-,-,2720.0000,2719.8000,2719.0000,2718.0000,2717.0000,2723.8000,2724.2000,2725.8000,2726.0000,2747.6000,2,2,1,1,1,1,8,2,1,5
SF,IH2012,2020-05-07 09:30:07.100,2721.6000,1890,0,1632960.000,0,-,-,-,-,2720.0000,2719.8000,2719.0000,2718.0000,2717.0000,2723.4000,2723.8000,2725.8000,2726.0000,2747.6000,2,2,1,1,1,8,1,2,1,5
SF,IH2012,2020-05-07 09:30:07.600,2721.6000,1890,0,1632960.000,0,-,-,-,-,2720.0000,2719.8000,2719.0000,2718.0000,2717.0000,2723.2000,2725.8000,2726.0000,2747.6000,2766.0000,1,2,1,1,1,2,2,1,5,1
SF,IH2012,2020-05-07 09:30:08.100,2721.6000,1890,0,1632960.000,0,-,-,-,-,2720.0000,2719.8000,2719.0000,2718.0000,2717.0000,2723.2000,2725.8000,2726.0000,2747.6000,2766.0000,1,2,1,1,1,10,2,1,5,1
SF,IH2012,2020-05-07 09:30:10.100,2720.0000,1889,-1,2448960.000,1,0,1,双平,S,2719.8000,2719.0000,2718.0000,2717.0000,2693.8000,2722.8000,2723.2000,2725.8000,2726.0000,2747.6000,2,1,1,1,1,1,9,2,1,5
SF,IH2012,2020-05-07 09:30:10.600,2720.0000,1889,0,2448960.000,0,-,-,-,-,2719.8000,2719.0000,2718.0000,2717.0000,2693.8000,2722.4000,2722.6000,2722.8000,2725.8000,2726.0000,2,1,1,1,1,8,2,1,2,1
SF,IH2012,2020-05-07 09:30:11.100,2719.8000,1889,0,3264900.000,1,0,1,多换,S,2719.8000,2719.0000,2718.0000,2717.0000,2693.8000,2722.2000,2722.4000,2722.6000,2722.8000,2725.8000,1,1,1,1,1,1,8,1,1,2
SF,IH2012,2020-05-07 09:30:11.600,2719.8000,1889,0,3264900.000,0,-,-,-,-,2719.8000,2719.0000,2718.0000,2717.0000,2693.8000,2721.8000,2722.0000,2722.2000,2722.6000,2725.8000,1,1,1,1,1,8,1,1,1,2
SF,IH2012,2020-05-07 09:30:12.600,2719.8000,1889,0,3264900.000,0,-,-,-,-,2719.8000,2719.0000,2718.0000,2717.0000,2693.8000,2721.8000,2722.2000,2722.6000,2725.8000,2726.0000,1,1,1,1,1,8,1,1,2,1
SF,IH2012,2020-05-07 09:30:15.100,2719.8000,1889,0,4080840.000,1,0,1,多换,S,2719.0000,2718.0000,2717.0000,2693.8000,2678.4000,2721.6000,2721.8000,2722.2000,2722.6000,2725.8000,1,1,1,1,5,1,8,1,1,2
SF,IH2012,2020-05-07 09:30:15.600,2719.8000,1889,0,4080840.000,0,-,-,-,-,2719.0000,2718.0000,2717.0000,2693.8000,2678.4000,2721.2000,2721.4000,2721.6000,2722.6000,2725.8000,1,1,1,1,5,8,1,1,1,2
SF,IH2012,2020-05-07 09:30:17.600,2719.8000,1889,0,4080840.000,0,-,-,-,-,2719.0000,2718.0000,2717.0000,2693.8000,2678.4000,2721.2000,2721.4000,2722.6000,2725.8000,2726.0000,1,1,1,1,5,8,1,1,2,1
SF,IH2012,2020-05-07 09:30:18.600,2719.0000,1889,0,4896540.000,1,0,1,多换,S,2718.0000,2717.0000,2693.8000,2678.4000,2655.2000,2721.2000,2721.4000,2722.6000,2725.8000,2726.0000,1,1,1,5,1,8,1,1,2,1
SF,IH2012,2020-05-07 09:30:19.100,2719.0000,1889,0,4896540.000,0,-,-,-,-,2718.0000,2717.0000,2693.8000,2678.4000,2655.2000,2721.0000,2721.2000,2722.6000,2725.8000,2726.0000,1,1,1,5,1,1,8,1,2,1
SF,IH2012,2020-05-07 09:30:19.600,2719.0000,1889,0,4896540.000,0,-,-,-,-,2718.0000,2717.0000,2693.8000,2678.4000,2655.2000,2719.0000,2720.6000,2721.0000,2722.6000,2725.8000,1,1,1,5,1,1,8,1,1,2
SF,IH2012,2020-05-07 09:30:20.100,2719.0000,1888,-1,5712240.000,1,0,1,双平,S,2718.0000,2717.0000,2693.8000,2678.4000,2655.2000,2720.6000,2721.0000,2725.8000,2726.0000,2747.6000,1,1,1,5,1,8,1,2,1,5
SF,IH2012,2020-05-07 09:30:20.600,2719.0000,1888,0,5712240.000,0,-,-,-,-,2718.0000,2717.0000,2693.8000,2678.4000,2655.2000,2720.4000,2720.6000,2725.8000,2726.0000,2747.6000,1,1,1,5,1,2,8,2,1,5
SF,IH2012,2020-05-07 09:30:21.600,2719.0000,1888,0,5712240.000,0,-,-,-,-,2718.0000,2717.0000,2693.8000,2678.4000,2655.2000,2720.0000,2720.4000,2725.8000,2726.0000,2747.6000,1,1,1,5,1,8,2,2,1,5
SF,IH2012,2020-05-07 09:30:33.600,2719.0000,1888,0,5712240.000,0,-,-,-,-,2718.0000,2717.0000,2693.8000,2678.4000,2655.2000,2720.4000,2725.8000,2726.0000,2747.6000,2766.0000,1,1,1,5,1,2,2,1,5,1
SF,IH2012,2020-05-07 09:30:34.100,2719.0000,1888,0,5712240.000,0,-,-,-,-,2718.2000,2718.0000,2717.0000,2693.8000,2678.4000,2725.8000,2726.0000,2747.6000,2766.0000,2770.4000,1,1,1,1,5,2,1,5,1,1
SF,IH2012,2020-05-07 09:30:34.600,2719.0000,1888,0,5712240.000,0,-,-,-,-,2718.4000,2718.2000,2718.0000,2717.0000,2693.8000,2725.4000,2725.8000,2726.0000,2747.6000,2766.0000,1,1,1,1,1,12,2,1,5,1
SF,IH2012,2020-05-07 09:30:35.100,2719.0000,1888,0,5712240.000,0,-,-,-,-,2718.6000,2718.4000,2718.0000,2717.0000,2693.8000,2725.2000,2725.4000,2725.8000,2726.0000,2747.6000,1,1,1,1,1,2,12,2,1,5
SF,IH2012,2020-05-07 09:30:35.600,2719.0000,1888,0,5712240.000,0,-,-,-,-,2718.6000,2718.0000,2717.0000,2693.8000,2678.4000,2723.4000,2724.8000,2725.2000,2725.4000,2725.8000,1,1,1,1,5,1,8,2,4,2
SF,IH2012,2020-05-07 09:30:36.100,2719.0000,1888,0,5712240.000,0,-,-,-,-,2718.6000,2718.0000,2717.0000,2693.8000,2678.4000,2723.0000,2723.2000,2723.4000,2725.2000,2725.4000,1,1,1,1,5,8,2,1,2,4
SF,IH2012,2020-05-07 09:30:36.600,2719.0000,1888,0,5712240.000,0,-,-,-,-,2718.6000,2718.0000,2717.0000,2693.8000,2678.4000,2722.8000,2723.0000,2723.2000,2723.4000,2725.2000,1,1,1,1,5,2,8,3,1,2
SF,IH2012,2020-05-07 09:30:37.100,2719.0000,1888,0,5712240.000,0,-,-,-,-,2718.6000,2718.0000,2717.0000,2693.8000,2678.4000,2722.4000,2722.8000,2723.2000,2723.4000,2725.2000,1,1,1,1,5,8,2,3,1,2
SF,IH2012,2020-05-07 09:30:37.600,2719.0000,1888,0,5712240.000,0,-,-,-,-,2718.6000,2718.0000,2717.0000,2693.8000,2678.4000,2722.2000,2722.4000,2722.8000,2723.2000,2723.4000,1,1,1,1,5,1,8,2,3,1
SF,IH2012,2020-05-07 09:30:38.100,2719.0000,1888,0,5712240.000,0,-,-,-,-,2718.6000,2718.0000,2717.0000,2693.8000,2678.4000,2721.8000,2722.2000,2722.8000,2723.2000,2723.4000,1,1,1,1,5,8,1,2,3,1
SF,IH2012,2020-05-07 09:30:39.100,2719.0000,1888,0,5712240.000,0,-,-,-,-,2718.6000,2718.0000,2717.0000,2693.8000,2678.4000,2721.8000,2722.2000,2722.8000,2723.2000,2723.4000,1,1,1,1,5,8,1,2,2,1
SF,IH2012,2020-05-07 09:30:39.600,2719.0000,1888,0,5712240.000,0,-,-,-,-,2718.6000,2718.0000,2717.0000,2693.8000,2678.4000,2721.6000,2721.8000,2722.2000,2722.8000,2723.2000,1,1,1,1,5,1,8,1,2,2
SF,IH2012,2020-05-07 09:30:40.100,2719.0000,1888,0,5712240.000,0,-,-,-,-,2718.6000,2718.0000,2717.0000,2693.8000,2678.4000,2721.2000,2721.6000,2722.8000,2723.2000,2725.2000,1,1,1,1,5,8,1,2,2,2
SF,IH2012,2020-05-07 09:30:40.600,2719.0000,1888,0,5712240.000,0,-,-,-,-,2718.6000,2718.0000,2717.0000,2693.8000,2678.4000,2721.2000,2721.6000,2722.8000,2723.2000,2725.2000,1,1,1,1,5,9,1,2,2,2
SF,IH2012,2020-05-07 09:30:42.100,2719.0000,1888,0,5712240.000,0,-,-,-,-,2718.6000,2718.0000,2717.0000,2693.8000,2678.4000,2721.0000,2721.2000,2722.8000,2723.2000,2725.2000,1,1,1,1,5,1,9,2,2,2
SF,IH2012,2020-05-07 09:30:42.600,2719.0000,1888,0,5712240.000,0,-,-,-,-,2718.6000,2718.0000,2717.0000,2693.8000,2678.4000,2720.6000,2721.0000,2721.2000,2722.8000,2723.2000,1,1,1,1,5,8,1,1,2,2
SF,IH2012,2020-05-07 09:30:43.100,2719.0000,1888,0,5712240.000,0,-,-,-,-,2718.6000,2718.0000,2717.0000,2693.8000,2678.4000,2720.6000,2721.0000,2722.8000,2723.2000,2725.2000,1,1,1,1,5,8,1,2,2,2
SF,IH2012,2020-05-07 09:30:44.100,2718.6000,1888,0,6527820.000,1,0,1,多换,S,2718.0000,2717.0000,2693.8000,2678.4000,2655.2000,2720.6000,2722.8000,2723.2000,2725.2000,2725.4000,1,1,1,5,1,8,2,2,2,4
SF,IH2012,2020-05-07 09:30:44.600,2718.6000,1888,0,6527820.000,0,-,-,-,-,2718.0000,2717.0000,2693.8000,2678.4000,2655.2000,2720.4000,2720.6000,2722.8000,2723.2000,2725.2000,1,1,1,5,1,1,8,2,2,2
SF,IH2012,2020-05-07 09:30:45.100,2718.6000,1888,0,6527820.000,0,-,-,-,-,2718.0000,2717.0000,2693.8000,2678.4000,2655.2000,2720.0000,2720.4000,2722.8000,2723.2000,2725.2000,1,1,1,5,1,8,1,2,2,2
SF,IH2012,2020-05-07 09:30:50.100,2718.6000,1888,0,6527820.000,0,-,-,-,-,2718.0000,2717.0000,2693.8000,2678.4000,2655.2000,2720.0000,2720.4000,2722.8000,2723.2000,2725.2000,1,1,1,5,1,9,1,2,2,2
SF,IH2012,2020-05-07 09:30:55.600,2718.6000,1888,0,6527820.000,0,-,-,-,-,2718.6000,2718.0000,2717.0000,2693.8000,2678.4000,2720.0000,2720.4000,2722.8000,2723.2000,2725.2000,1,1,1,1,5,9,1,2,2,2
SF,IH2012,2020-05-07 09:30:56.100,2718.6000,1888,0,6527820.000,0,-,-,-,-,2718.6000,2718.0000,2717.0000,2693.8000,2678.4000,2720.0000,2722.8000,2723.2000,2725.2000,2725.4000,1,1,1,1,5,9,2,2,2,4
SF,IH2012,2020-05-07 09:30:57.100,2718.6000,1888,0,7343400.000,1,0,1,多换,S,2718.0000,2717.0000,2693.8000,2678.4000,2655.2000,2720.0000,2722.8000,2723.2000,2725.2000,2725.4000,1,1,1,5,1,9,2,2,2,4
SF,IH2012,2020-05-07 09:30:59.600,2718.6000,1888,0,7343400.000,0,-,-,-,-,2718.0000,2717.0000,2693.8000,2678.4000,2655.2000,2719.4000,2720.0000,2722.8000,2723.2000,2725.2000,1,1,1,5,1,1,9,2,2,2
SF,IH2012,2020-05-07 09:31:00.100,2718.6000,1888,0,7343400.000,0,-,-,-,-,2718.0000,2717.0000,2693.8000,2678.4000,2645.2000,2719.0000,2719.4000,2720.0000,2722.8000,2723.2000,1,1,1,5,1,8,1,1,2,2
SF,IH2012,2020-05-07 09:31:00.600,2718.6000,1888,0,7343400.000,0,-,-,-,-,2718.0000,2717.0000,2693.8000,2678.4000,2645.2000,2718.8000,2719.0000,2719.4000,2720.0000,2722.8000,1,1,1,5,1,1,8,1,1,2
SF,IH2012,2020-05-07 09:31:01.100,2718.0000,1889,1,8158800.000,1,1,0,双开,S,2717.0000,2693.8000,2678.4000,2645.2000,2636.0000,2718.0000,2718.4000,2718.8000,2720.0000,2722.8000,1,1,5,1,4,2,8,1,1,2
SF,IH2012,2020-05-07 09:31:01.600,2718.0000,1888,-1,9789600.000,2,0,2,多平,S,2717.0000,2693.8000,2678.4000,2645.2000,2636.0000,2717.6000,2718.0000,2718.8000,2720.0000,2722.8000,1,1,5,1,4,7,1,1,1,2
SF,IH2012,2020-05-07 09:31:02.100,2717.6000,1884,-4,15496560.000,7,1,6,多平,S,2717.2000,2717.0000,2693.8000,2678.4000,2645.2000,2718.0000,2718.8000,2720.0000,2722.8000,2723.2000,1,1,1,5,1,1,1,1,2,2
SF,IH2012,2020-05-07 09:31:02.600,2718.0000,1884,0,16311960.000,1,0,1,多换,S,2717.2000,2717.0000,2693.8000,2678.4000,2645.2000,2718.8000,2720.0000,2722.8000,2723.2000,2725.2000,1,1,1,5,1,1,1,2,2,2
SF,IH2012,2020-05-07 09:31:05.600,2718.8000,1883,-1,17127600.000,1,0,1,双平,S,2717.2000,2717.0000,2693.8000,2678.4000,2645.2000,2720.0000,2722.8000,2723.2000,2725.2000,2725.4000,1,1,1,5,1,1,2,2,2,4
SF,IH2012,2020-05-07 09:31:06.100,2718.8000,1883,0,17127600.000,0,-,-,-,-,2717.4000,2717.2000,2717.0000,2693.8000,2678.4000,2719.8000,2720.0000,2722.8000,2723.2000,2725.2000,1,1,1,1,5,2,1,2,2,2
SF,IH2012,2020-05-07 09:31:19.600,2718.8000,1883,0,17127600.000,0,-,-,-,-,2717.4000,2717.2000,2717.0000,2700.0000,2693.8000,2719.8000,2720.0000,2722.8000,2723.2000,2725.2000,1,1,1,1,1,2,1,2,2,2
SF,IH2012,2020-05-07 09:31:20.100,2718.8000,1883,0,17127600.000,0,-,-,-,-,2717.4000,2717.0000,2700.0000,2693.8000,2678.4000,2719.8000,2720.0000,2722.8000,2723.2000,2725.2000,1,1,1,1,5,2,1,2,2,2
SF,IH2012,2020-05-07 09:31:20.600,2718.8000,1883,0,17127600.000,0,-,-,-,-,2717.0000,2700.0000,2693.8000,2678.4000,2645.2000,2719.6000,2719.8000,2720.0000,2722.8000,2723.2000,1,1,1,5,1,1,2,1,2,2
SF,IH2012,2020-05-07 09:31:21.100,2718.8000,1883,0,17127600.000,0,-,-,-,-,2717.2000,2717.0000,2700.0000,2693.8000,2678.4000,2719.4000,2719.6000,2720.0000,2722.8000,2723.2000,1,1,1,1,5,2,1,1,2,2
SF,IH2012,2020-05-07 09:31:22.600,2718.8000,1883,0,17127600.000,0,-,-,-,-,2717.2000,2717.0000,2700.0000,2693.8000,2678.4000,2719.2000,2719.4000,2719.6000,2720.0000,2722.8000,1,1,1,1,5,1,2,1,1,2
SF,IH2012,2020-05-07 09:31:23.100,2718.8000,1883,0,17127600.000,0,-,-,-,-,2717.2000,2717.0000,2700.0000,2693.8000,2678.4000,2719.0000,2719.2000,2719.4000,2719.6000,2720.0000,1,1,1,1,5,1,1,1,1,1
SF,IH2012,2020-05-07 09:31:24.600,2718.8000,1883,0,17127600.000,0,-,-,-,-,2717.2000,2717.0000,2700.2000,2700.0000,2693.8000,2719.0000,2719.2000,2719.4000,2719.6000,2720.0000,1,1,1,1,1,1,1,1,1,1
SF,IH2012,2020-05-07 09:31:29.100,2717.2000,1882,-1,17942760.000,1,0,1,双平,S,2717.0000,2700.2000,2700.0000,2693.8000,2678.4000,2719.0000,2719.2000,2719.4000,2719.6000,2720.0000,1,1,1,1,5,1,1,1,1,1
SF,IH2012,2020-05-07 09:31:30.100,2717.2000,1882,0,17942760.000,0,-,-,-,-,2717.0000,2700.2000,2700.0000,2693.8000,2678.4000,2718.8000,2719.0000,2719.4000,2719.6000,2720.0000,1,1,1,1,5,1,1,1,1,1
SF,IH2012,2020-05-07 09:31:30.600,2717.2000,1882,0,17942760.000,0,-,-,-,-,2717.0000,2700.2000,2700.0000,2693.8000,2678.4000,2718.6000,2718.8000,2719.4000,2719.6000,2720.0000,1,1,1,1,5,1,1,1,1,1
SF,IH2012,2020-05-07 09:31:34.100,2717.2000,1882,0,17942760.000,0,-,-,-,-,2717.0000,2700.2000,2700.0000,2693.8000,2678.4000,2718.6000,2718.8000,2719.4000,2719.6000,2720.0000,1,1,1,1,5,1,1,1,1,1
SF,IH2012,2020-05-07 09:31:35.600,2717.0000,1882,0,18757860.000,1,0,1,多换,S,2700.2000,2700.0000,2693.8000,2678.4000,2645.2000,2718.6000,2718.8000,2719.4000,2719.6000,2720.0000,1,1,1,5,1,1,1,1,1,1
SF,IH2012,2020-05-07 09:31:36.100,2717.0000,1882,0,18757860.000,0,-,-,-,-,2700.6000,2700.4000,2700.2000,2700.0000,2693.8000,2718.4000,2718.6000,2718.8000,2720.0000,2722.8000,8,3,1,1,1,2,1,1,1,2
SF,IH2012,2020-05-07 09:31:36.600,2717.0000,1882,0,18757860.000,0,-,-,-,-,2700.8000,2700.6000,2700.4000,2700.2000,2700.0000,2718.2000,2718.4000,2718.8000,2720.0000,2722.8000,1,8,1,1,1,1,2,1,1,2
SF,IH2012,2020-05-07 09:31:37.100,2717.0000,1882,0,18757860.000,0,-,-,-,-,2707.8000,2701.2000,2700.8000,2700.4000,2700.2000,2717.0000,2718.0000,2718.2000,2718.4000,2718.8000,2,8,1,1,1,1,1,1,1,1
SF,IH2012,2020-05-07 09:31:37.600,2717.0000,1882,0,18757860.000,0,-,-,-,-,2709.2000,2708.2000,2708.0000,2707.8000,2705.8000,2716.8000,2717.0000,2718.8000,2720.0000,2722.8000,1,8,2,2,1,2,1,1,1,2
SF,IH2012,2020-05-07 09:31:38.100,2717.0000,1882,0,18757860.000,0,-,-,-,-,2715.8000,2710.4000,2710.2000,2709.6000,2709.4000,2716.8000,2717.0000,2718.8000,2720.0000,2722.8000,1,2,1,8,1,2,1,1,1,2
SF,IH2012,2020-05-07 09:31:38.600,2715.8000,1883,1,19572600.000,1,1,0,双开,S,2710.4000,2710.2000,2709.6000,2709.4000,2709.2000,2715.6000,2716.8000,2717.0000,2720.0000,2722.8000,2,1,9,1,2,2,1,1,1,2
SF,IH2012,2020-05-07 09:31:39.100,2715.8000,1883,0,20387340.000,1,0,1,多换,S,2710.8000,2710.6000,2710.4000,2710.2000,2709.6000,2715.4000,2715.6000,2717.0000,2720.0000,2722.8000,8,2,2,1,1,1,2,1,1,2
SF,IH2012,2020-05-07 09:31:39.600,2715.6000,1883,0,21202020.000,1,0,1,多换,S,2711.0000,2710.8000,2710.6000,2710.4000,2710.2000,2715.4000,2715.6000,2717.0000,2720.0000,2722.8000,1,10,1,2,1,1,2,1,1,2
SF,IH2012,2020-05-07 09:31:40.100,2715.6000,1883,0,21202020.000,0,-,-,-,-,2711.4000,2711.2000,2711.0000,2710.8000,2710.6000,2715.4000,2715.6000,2717.0000,2720.0000,2722.8000,8,4,1,2,1,1,2,1,1,2
SF,IH2012,2020-05-07 09:31:40.600,2715.6000,1883,0,21202020.000,0,-,-,-,-,2713.4000,2711.6000,2711.4000,2711.2000,2710.8000,2715.2000,2715.4000,2715.6000,2717.0000,2720.0000,1,2,8,4,2,1,1,2,1,1
SF,IH2012,2020-05-07 09:31:41.100,2715.6000,1883,0,22016700.000,1,0,1,多换,S,2713.6000,2713.4000,2712.0000,2711.6000,2711.4000,2715.6000,2717.0000,2720.0000,2722.8000,2723.2000,1,1,1,1,8,2,1,1,2,2
SF,IH2012,2020-05-07 09:31:41.600,2715.6000,1883,0,22016700.000,0,-,-,-,-,2713.6000,2713.4000,2712.6000,2712.0000,2711.6000,2715.0000,2715.6000,2717.0000,2720.0000,2722.8000,1,1,1,1,1,1,2,1,1,2
SF,IH2012,2020-05-07 09:31:42.100,2715.4000,1883,0,22831320.000,1,0,1,多换,S,2713.6000,2713.4000,2712.6000,2711.6000,2711.4000,2715.6000,2717.0000,2720.0000,2722.8000,2723.2000,1,1,1,1,8,2,1,1,2,2
SF,IH2012,2020-05-07 09:31:42.600,2715.4000,1883,0,22831320.000,0,-,-,-,-,2713.6000,2713.4000,2712.6000,2711.4000,2711.2000,2715.6000,2717.0000,2720.0000,2722.8000,2723.2000,1,1,1,8,3,2,1,1,2,2
SF,IH2012,2020-05-07 09:31:43.100,2715.4000,1883,0,22831320.000,0,-,-,-,-,2713.6000,2713.4000,2711.4000,2711.2000,2710.8000,2715.2000,2715.6000,2717.0000,2720.0000,2722.8000,1,1,8,3,1,1,2,1,1,2
SF,IH2012,2020-05-07 09:31:43.600,2715.4000,1883,0,22831320.000,0,-,-,-,-,2713.6000,2713.4000,2711.4000,2711.2000,2710.8000,2715.2000,2715.6000,2717.0000,2720.0000,2722.8000,1,1,8,2,1,1,2,1,1,2
SF,IH2012,2020-05-07 09:31:44.600,2715.4000,1883,0,22831320.000,0,-,-,-,-,2714.0000,2713.6000,2711.8000,2711.4000,2711.2000,2715.2000,2715.6000,2717.0000,2720.0000,2722.8000,1,1,1,8,2,1,2,1,1,2
SF,IH2012,2020-05-07 09:31:45.100,2715.4000,1883,0,22831320.000,0,-,-,-,-,2714.2000,2714.0000,2711.8000,2711.4000,2710.8000,2715.2000,2715.6000,2717.0000,2720.0000,2722.8000,1,1,1,8,1,1,2,1,1,2
SF,IH2012,2020-05-07 09:31:45.600,2714.2000,1882,-1,23645580.000,1,0,1,双平,S,2714.0000,2711.8000,2711.4000,2709.8000,2709.6000,2715.6000,2717.0000,2720.0000,2722.8000,2723.2000,1,1,8,1,2,2,1,1,2,2
SF,IH2012,2020-05-07 09:31:46.100,2714.2000,1882,0,23645580.000,0,-,-,-,-,2714.2000,2714.0000,2711.8000,2711.4000,2709.8000,2715.6000,2717.0000,2720.0000,2722.8000,2723.2000,1,1,1,8,1,2,2,1,2,2
SF,IH2012,2020-05-07 09:31:46.600,2714.2000,1882,0,23645580.000,0,-,-,-,-,2714.4000,2714.2000,2711.8000,2711.4000,2709.8000,2715.4000,2715.6000,2717.0000,2720.0000,2722.8000,1,1,1,8,1,1,2,2,1,2
SF,IH2012,2020-05-07 09:31:47.100,2714.4000,1882,0,24459900.000,1,0,1,多换,S,2714.2000,2711.8000,2711.4000,2709.8000,2709.6000,2715.4000,2715.6000,2717.0000,2720.0000,2722.8000,1,1,8,1,2,1,2,2,1,2
SF,IH2012,2020-05-07 09:31:48.100,2714.4000,1882,0,24459900.000,0,-,-,-,-,2714.2000,2711.8000,2711.4000,2709.6000,2708.8000,2715.4000,2715.6000,2717.0000,2720.0000,2722.8000,1,1,8,2,1,1,2,2,1,2
SF,IH2012,2020-05-07 09:31:48.600,2714.4000,1882,0,24459900.000,0,-,-,-,-,2711.8000,2711.4000,2709.6000,2708.8000,2708.2000,2715.4000,2715.6000,2717.0000,2720.0000,2722.8000,1,8,2,1,1,1,2,2,1,2
SF,IH2012,2020-05-07 09:31:49.100,2714.4000,1882,0,24459900.000,0,-,-,-,-,2712.0000,2711.8000,2711.4000,2709.6000,2708.8000,2715.2000,2715.4000,2715.6000,2717.0000,2720.0000,2,1,2,2,1,1,1,2,2,1
SF,IH2012,2020-05-07 09:31:49.600,2714.4000,1882,0,24459900.000,0,-,-,-,-,2712.0000,2711.8000,2711.4000,2709.6000,2708.8000,2715.2000,2715.4000,2715.6000,2717.0000,2720.0000,2,1,2,2,1,1,1,2,2,1
SF,IH2012,2020-05-07 09:31:50.100,2714.4000,1882,0,24459900.000,0,-,-,-,-,2712.2000,2712.0000,2711.4000,2709.6000,2708.8000,2714.8000,2715.2000,2715.6000,2717.0000,2720.0000,1,2,1,2,1,1,1,2,2,1
SF,IH2012,2020-05-07 09:31:50.600,2714.4000,1882,0,24459900.000,0,-,-,-,-,2712.8000,2712.4000,2712.2000,2712.0000,2711.4000,2714.6000,2714.8000,2715.6000,2717.0000,2720.0000,1,2,1,1,1,1,1,2,2,1
SF,IH2012,2020-05-07 09:31:51.100,2714.6000,1882,0,25274280.000,1,0,1,多换,S,2713.0000,2712.8000,2712.4000,2712.0000,2711.4000,2714.8000,2715.6000,2717.0000,2720.0000,2722.8000,1,1,1,1,1,1,2,1,1,2
SF,IH2012,2020-05-07 09:31:52.100,2714.6000,1882,0,25274280.000,0,-,-,-,-,2713.0000,2712.8000,2712.0000,2711.4000,2709.6000,2714.8000,2715.6000,2717.0000,2720.0000,2722.8000,1,1,1,1,2,1,2,1,1,2
SF,IH2012,2020-05-07 09:31:52.600,2714.6000,1882,0,25274280.000,0,-,-,-,-,2713.2000,2713.0000,2712.0000,2711.4000,2709.6000,2714.8000,2715.6000,2717.0000,2720.0000,2722.8000,1,1,1,1,2,1,2,1,1,2
SF,IH2012,2020-05-07 09:31:53.100,2714.8000,1883,1,26088720.000,1,1,0,双开,S,2713.4000,2712.0000,2711.4000,2711.2000,2709.6000,2715.6000,2717.0000,2720.0000,2722.8000,2723.2000,1,1,1,1,2,2,1,1,2,2
SF,IH2012,2020-05-07 09:31:53.600,2714.8000,1883,0,26088720.000,0,-,-,-,-,2713.4000,2712.0000,2711.4000,2711.2000,2709.6000,2715.4000,2715.6000,2717.0000,2717.6000,2720.0000,1,1,1,1,2,1,2,1,1,1
SF,IH2012,2020-05-07 09:31:54.100,2714.8000,1883,0,26088720.000,0,-,-,-,-,2713.8000,2713.6000,2713.4000,2712.0000,2711.4000,2715.4000,2715.6000,2717.0000,2717.6000,2720.0000,1,1,1,1,1,1,2,1,1,1
SF,IH2012,2020-05-07 09:31:54.600,2714.8000,1883,0,26088720.000,0,-,-,-,-,2713.6000,2713.4000,2712.0000,2711.4000,2711.2000,2715.4000,2715.6000,2717.0000,2717.6000,2720.0000,1,1,1,1,1,1,2,1,1,1
SF,IH2012,2020-05-07 09:31:55.100,2714.8000,1883,0,26088720.000,0,-,-,-,-,2713.8000,2713.6000,2712.0000,2711.4000,2709.6000,2715.4000,2715.6000,2717.0000,2717.6000,2720.0000,1,1,1,1,2,1,2,1,1,1
SF,IH2012,2020-05-07 09:31:56.600,2714.8000,1883,0,26088720.000,0,-,-,-,-,2714.0000,2713.8000,2712.0000,2711.4000,2709.6000,2715.4000,2715.6000,2717.0000,2717.6000,2720.0000,2,1,1,1,2,1,2,1,1,1
SF,IH2012,2020-05-07 09:32:03.100,2714.8000,1883,0,26088720.000,0,-,-,-,-,2714.0000,2713.8000,2712.0000,2711.4000,2708.8000,2715.4000,2715.6000,2717.0000,2717.6000,2720.0000,2,1,1,1,1,1,2,1,1,1
SF,IH2012,2020-05-07 09:32:03.600,2714.8000,1883,0,26088720.000,0,-,-,-,-,2714.0000,2713.8000,2712.0000,2711.8000,2711.4000,2715.4000,2715.6000,2717.0000,2717.6000,2720.0000,2,1,1,1,1,1,2,1,1,1
SF,IH2012,2020-05-07 09:32:11.600,2714.8000,1883,0,26088720.000,0,-,-,-,-,2714.0000,2713.8000,2712.0000,2711.4000,2708.8000,2715.4000,2715.6000,2717.0000,2717.6000,2720.0000,2,1,1,1,1,1,2,1,1,1
SF,IH2012,2020-05-07 09:32:12.600,2714.8000,1883,0,26088720.000,0,-,-,-,-,2714.2000,2714.0000,2713.8000,2712.0000,2711.4000,2715.4000,2715.6000,2717.0000,2717.6000,2720.0000,1,2,1,1,1,1,2,1,1,1
SF,IH2012,2020-05-07 09:32:14.100,2714.2000,1882,-1,26902980.000,1,0,1,双平,S,2714.0000,2713.8000,2712.0000,2711.4000,2708.8000,2715.4000,2715.6000,2717.0000,2717.6000,2720.0000,2,1,1,1,1,1,2,1,1,1
SF,IH2012,2020-05-07 09:32:14.600,2714.2000,1882,0,26902980.000,0,-,-,-,-,2714.0000,2713.8000,2711.4000,2708.8000,2708.2000,2715.4000,2715.6000,2717.0000,2717.6000,2720.0000,2,1,1,1,1,1,2,1,1,1
SF,IH2012,2020-05-07 09:32:17.100,2714.2000,1882,0,26902980.000,0,-,-,-,-,2714.2000,2714.0000,2713.8000,2711.4000,2708.8000,2715.4000,2715.6000,2717.0000,2717.6000,2720.0000,1,1,1,1,1,1,2,1,1,1
SF,IH2012,2020-05-07 09:32:18.600,2714.2000,1882,0,26902980.000,0,-,-,-,-,2714.4000,2714.2000,2714.0000,2713.8000,2711.4000,2715.4000,2715.6000,2717.0000,2717.6000,2720.0000,1,1,1,1,1,1,2,1,1,1
SF,IH2012,2020-05-07 09:32:21.600,2714.2000,1882,0,26902980.000,0,-,-,-,-,2714.6000,2714.4000,2714.2000,2713.8000,2711.4000,2715.4000,2715.6000,2717.0000,2717.6000,2720.0000,1,1,1,1,1,1,2,1,1,1
SF,IH2012,2020-05-07 09:32:22.100,2714.2000,1882,0,26902980.000,0,-,-,-,-,2714.6000,2714.2000,2713.8000,2711.4000,2708.8000,2715.6000,2717.0000,2717.6000,2720.0000,2722.8000,1,1,1,1,1,2,1,1,1,2
SF,IH2012,2020-05-07 09:32:22.600,2714.6000,1882,0,27717360.000,1,0,1,多换,S,2714.2000,2713.8000,2711.4000,2708.8000,2708.2000,2715.6000,2716.6000,2717.0000,2717.6000,2720.0000,1,1,1,1,1,2,1,1,1,1
SF,IH2012,2020-05-07 09:32:23.100,2714.6000,1882,0,27717360.000,0,-,-,-,-,2714.2000,2713.8000,2711.4000,2708.8000,2708.2000,2715.4000,2715.6000,2716.6000,2717.0000,2717.6000,1,1,1,1,1,1,2,1,1,1
SF,IH2012,2020-05-07 09:32:23.600,2714.6000,1882,0,27717360.000,0,-,-,-,-,2714.4000,2714.2000,2713.8000,2711.4000,2708.8000,2715.4000,2715.6000,2716.6000,2717.0000,2717.6000,1,1,1,1,1,1,2,1,1,1
SF,IH2012,2020-05-07 09:32:24.600,2714.6000,1882,0,27717360.000,0,-,-,-,-,2714.4000,2713.8000,2711.4000,2708.8000,2708.2000,2715.4000,2715.6000,2716.6000,2717.0000,2717.6000,1,1,1,1,1,1,2,1,1,1
SF,IH2012,2020-05-07 09:32:27.600,2714.4000,1881,-1,28531680.000,1,0,1,双平,S,2713.8000,2711.4000,2708.8000,2708.2000,2708.0000,2715.4000,2715.6000,2716.6000,2717.0000,2717.6000,1,1,1,1,1,1,2,1,1,1
SF,IH2012,2020-05-07 09:32:28.100,2713.8000,1880,-1,29345820.000,1,0,1,双平,S,2711.4000,2708.8000,2708.2000,2708.0000,2705.8000,2715.2000,2715.4000,2715.6000,2716.6000,2717.0000,1,1,1,1,1,1,1,2,1,1
SF,IH2012,2020-05-07 09:32:28.600,2713.8000,1880,0,29345820.000,0,-,-,-,-,2711.8000,2711.6000,2711.4000,2708.8000,2708.2000,2715.0000,2715.2000,2715.6000,2716.6000,2717.0000,1,7,1,1,1,1,1,2,1,1
SF,IH2012,2020-05-07 09:32:29.100,2715.0000,1879,-1,30160320.000,1,0,1,双平,S,2712.0000,2708.8000,2708.2000,2708.0000,2705.8000,2715.6000,2716.6000,2717.0000,2720.0000,2722.8000,1,1,1,1,1,2,1,1,1,2
SF,IH2012,2020-05-07 09:32:29.600,2715.0000,1879,0,30160320.000,0,-,-,-,-,2712.0000,2708.8000,2708.2000,2708.0000,2705.8000,2715.4000,2715.6000,2716.6000,2717.0000,2720.0000,1,1,1,1,1,1,2,1,1,1
SF,IH2012,2020-05-07 09:32:30.100,2715.0000,1879,0,30160320.000,0,-,-,-,-,2712.2000,2712.0000,2708.8000,2708.2000,2708.0000,2715.4000,2715.6000,2716.6000,2717.0000,2720.0000,1,1,1,1,1,1,2,1,1,1
SF,IH2012,2020-05-07 09:32:30.600,2715.0000,1879,0,30160320.000,0,-,-,-,-,2712.4000,2712.2000,2708.8000,2708.2000,2708.0000,2715.4000,2715.6000,2716.6000,2717.0000,2720.0000,1,1,1,1,1,1,2,1,1,1
SF,IH2012,2020-05-07 09:32:33.100,2715.4000,1878,-1,30974940.000,1,0,1,双平,S,2712.4000,2712.2000,2708.8000,2708.2000,2708.0000,2715.6000,2716.6000,2717.0000,2720.0000,2722.8000,1,1,1,1,1,2,1,1,1,2
SF,IH2012,2020-05-07 09:32:33.600,2715.4000,1878,0,30974940.000,0,-,-,-,-,2712.4000,2712.2000,2708.8000,2708.2000,2708.0000,2715.4000,2715.6000,2716.6000,2717.0000,2720.0000,1,1,1,1,1,1,2,1,1,1
SF,IH2012,2020-05-07 09:32:34.100,2715.4000,1878,0,30974940.000,0,-,-,-,-,2712.4000,2708.8000,2708.2000,2708.0000,2705.8000,2715.4000,2715.6000,2716.6000,2717.0000,2720.0000,1,1,1,1,1,1,2,1,1,1
SF,IH2012,2020-05-07 09:32:35.100,2715.4000,1878,0,30974940.000,0,-,-,-,-,2712.6000,2712.4000,2708.8000,2708.2000,2708.0000,2715.4000,2715.6000,2716.6000,2717.0000,2720.0000,1,1,1,1,1,1,2,1,1,1
SF,IH2012,2020-05-07 09:32:35.600,2715.4000,1878,0,30974940.000,0,-,-,-,-,2712.8000,2712.6000,2708.8000,2708.2000,2708.0000,2715.4000,2715.6000,2716.6000,2717.0000,2720.0000,1,1,1,1,1,1,2,1,1,1
SF,IH2012,2020-05-07 09:32:36.100,2715.4000,1878,0,30974940.000,0,-,-,-,-,2713.2000,2712.8000,2712.6000,2708.8000,2708.2000,2715.4000,2715.6000,2716.6000,2717.0000,2720.0000,1,1,1,1,1,1,2,1,1,1
SF,IH2012,2020-05-07 09:32:36.600,2715.4000,1878,0,30974940.000,0,-,-,-,-,2713.4000,2713.2000,2712.6000,2708.8000,2708.2000,2715.4000,2715.6000,2716.6000,2717.0000,2720.0000,1,1,1,1,1,1,2,1,1,1
SF,IH2012,2020-05-07 09:32:37.100,2715.4000,1878,0,30974940.000,0,-,-,-,-,2713.4000,2713.2000,2712.6000,2708.8000,2708.2000,2715.2000,2715.4000,2715.6000,2716.6000,2717.0000,1,1,1,1,1,3,1,2,1,1
SF,IH2012,2020-05-07 09:32:37.600,2715.4000,1878,0,30974940.000,0,-,-,-,-,2713.4000,2713.2000,2712.6000,2708.8000,2708.2000,2715.0000,2715.2000,2715.6000,2716.6000,2717.0000,1,1,1,1,1,1,3,2,1,1
SF,IH2012,2020-05-07 09:32:38.100,2715.4000,1878,0,30974940.000,0,-,-,-,-,2713.4000,2713.2000,2712.6000,2708.8000,2708.2000,2715.0000,2715.2000,2715.6000,2716.6000,2717.0000,1,1,1,1,1,2,1,2,1,1
SF,IH2012,2020-05-07 09:32:38.600,2715.4000,1878,0,30974940.000,0,-,-,-,-,2713.4000,2713.2000,2712.6000,2708.8000,2708.2000,2714.8000,2715.0000,2715.2000,2715.6000,2716.6000,1,1,1,1,1,1,2,1,2,1
SF,IH2012,2020-05-07 09:32:40.100,2715.4000,1878,0,30974940.000,0,-,-,-,-,2713.4000,2713.2000,2712.6000,2708.8000,2708.2000,2714.8000,2715.0000,2715.2000,2715.6000,2716.6000,1,1,1,1,1,1,1,1,2,1
SF,IH2012,2020-05-07 09:32:41.100,2715.4000,1878,0,30974940.000,0,-,-,-,-,2713.4000,2713.2000,2712.6000,2708.8000,2708.2000,2714.6000,2714.8000,2715.0000,2715.2000,2715.6000,1,1,1,1,1,1,1,1,1,2
SF,IH2012,2020-05-07 09:32:41.600,2715.4000,1878,0,30974940.000,0,-,-,-,-,2713.4000,2713.2000,2708.8000,2708.2000,2708.0000,2714.6000,2714.8000,2715.0000,2715.2000,2715.6000,1,1,1,1,1,1,1,1,1,2
SF,IH2012,2020-05-07 09:32:42.100,2715.4000,1878,0,30974940.000,0,-,-,-,-,2713.2000,2708.8000,2708.2000,2708.0000,2704.4000,2714.4000,2714.6000,2715.2000,2715.6000,2716.6000,1,1,1,1,1,3,1,1,2,1
SF,IH2012,2020-05-07 09:32:43.100,2715.4000,1878,0,30974940.000,0,-,-,-,-,2713.2000,2708.8000,2708.2000,2708.0000,2704.4000,2714.2000,2714.4000,2715.2000,2715.6000,2716.6000,1,1,1,1,1,2,1,1,2,1
SF,IH2012,2020-05-07 09:32:43.600,2715.4000,1878,0,30974940.000,0,-,-,-,-,2713.2000,2708.8000,2708.2000,2708.0000,2704.4000,2714.2000,2714.4000,2715.2000,2715.6000,2720.0000,1,1,1,1,1,2,1,1,2,1
SF,IH2012,2020-05-07 09:32:44.600,2715.4000,1878,0,30974940.000,0,-,-,-,-,2713.2000,2708.8000,2708.2000,2708.0000,2704.4000,2714.2000,2714.4000,2715.6000,2720.0000,2722.8000,1,1,1,1,1,2,1,2,1,2
SF,IH2012,2020-05-07 09:32:45.100,2715.4000,1878,0,30974940.000,0,-,-,-,-,2713.2000,2708.8000,2708.2000,2708.0000,2704.4000,2714.2000,2715.6000,2720.0000,2722.8000,2723.2000,1,1,1,1,1,2,2,1,2,2
SF,IH2012,2020-05-07 09:32:47.100,2715.4000,1878,0,30974940.000,0,-,-,-,-,2713.2000,2708.2000,2708.0000,2704.4000,2702.0000,2714.2000,2715.6000,2720.0000,2722.8000,2723.2000,1,1,1,1,1,2,2,1,2,2
SF,IH2012,2020-05-07 09:32:49.600,2715.4000,1878,0,30974940.000,0,-,-,-,-,2708.2000,2708.0000,2704.4000,2702.0000,2700.4000,2714.2000,2715.6000,2720.0000,2722.8000,2723.2000,1,1,1,1,1,2,2,1,2,2
SF,IH2012,2020-05-07 09:32:50.100,2715.4000,1878,0,30974940.000,0,-,-,-,-,2710.6000,2708.6000,2708.4000,2708.2000,2708.0000,2714.0000,2715.6000,2720.0000,2722.8000,2723.2000,1,8,2,1,1,1,2,1,2,2
SF,IH2012,2020-05-07 09:32:50.600,2714.0000,1877,-1,31789140.000,1,0,1,双平,S,2714.2000,2711.0000,2710.8000,2710.6000,2708.2000,2715.6000,2720.0000,2722.8000,2723.2000,2725.2000,2,8,2,1,1,2,1,2,2,2
SF,IH2012,2020-05-07 09:32:51.100,2714.0000,1875,-2,33417540.000,2,0,2,双平,S,2710.8000,2710.6000,2708.2000,2708.0000,2704.4000,2715.2000,2715.4000,2715.6000,2720.0000,2722.8000,2,1,1,1,1,1,1,2,1,2
SF,IH2012,2020-05-07 09:32:51.600,2714.0000,1875,0,33417540.000,0,-,-,-,-,2711.0000,2710.8000,2710.6000,2708.2000,2708.0000,2715.0000,2715.6000,2720.0000,2722.8000,2723.2000,1,2,1,1,1,1,2,1,2,2
SF,IH2012,2020-05-07 09:32:52.100,2714.0000,1875,0,33417540.000,0,-,-,-,-,2711.2000,2710.6000,2708.2000,2708.0000,2704.4000,2715.0000,2715.6000,2720.0000,2722.8000,2723.2000,2,1,1,1,1,1,2,1,2,2
SF,IH2012,2020-05-07 09:32:52.600,2714.0000,1875,0,33417540.000,0,-,-,-,-,2711.2000,2711.0000,2710.6000,2708.2000,2708.0000,2715.0000,2715.6000,2720.0000,2722.8000,2723.2000,2,1,1,1,1,1,2,1,2,2
SF,IH2012,2020-05-07 09:32:53.100,2714.0000,1875,0,33417540.000,0,-,-,-,-,2711.6000,2711.4000,2711.2000,2710.6000,2708.2000,2715.0000,2715.6000,2720.0000,2722.8000,2723.2000,1,1,2,1,1,2,2,1,2,2
SF,IH2012,2020-05-07 09:32:53.600,2714.0000,1875,0,33417540.000,0,-,-,-,-,2711.8000,2711.6000,2711.4000,2710.6000,2708.2000,2715.0000,2715.6000,2720.0000,2722.8000,2723.2000,3,1,1,1,1,2,2,1,2,2
SF,IH2012,2020-05-07 09:32:54.100,2714.0000,1875,0,33417540.000,0,-,-,-,-,2711.8000,2711.6000,2711.4000,2710.6000,2708.2000,2715.0000,2715.6000,2720.0000,2722.8000,2723.2000,3,1,1,1,1,1,2,1,2,2
SF,IH2012,2020-05-07 09:32:54.600,2714.0000,1875,0,33417540.000,0,-,-,-,-,2712.4000,2712.2000,2711.8000,2711.6000,2711.4000,2715.0000,2715.6000,2720.0000,2722.8000,2723.2000,1,1,2,1,1,1,2,1,2,2
SF,IH2012,2020-05-07 09:32:55.100,2714.0000,1875,0,33417540.000,0,-,-,-,-,2712.6000,2712.4000,2712.2000,2711.6000,2711.4000,2715.0000,2715.6000,2720.0000,2722.8000,2723.2000,2,1,1,1,1,1,2,1,2,2
SF,IH2012,2020-05-07 09:32:56.100,2714.0000,1875,0,33417540.000,0,-,-,-,-,2712.8000,2712.6000,2712.2000,2711.6000,2711.4000,2714.6000,2715.0000,2715.6000,2720.0000,2722.8000,1,2,1,1,1,1,1,2,1,2
SF,IH2012,2020-05-07 09:32:56.600,2714.0000,1875,0,33417540.000,0,-,-,-,-,2713.0000,2712.8000,2712.6000,2712.2000,2711.6000,2714.6000,2715.0000,2715.6000,2720.0000,2722.8000,1,1,1,1,1,1,1,2,1,2
SF,IH2012,2020-05-07 09:32:57.100,2714.0000,1875,0,33417540.000,0,-,-,-,-,2713.0000,2712.8000,2712.2000,2711.6000,2711.4000,2714.4000,2715.0000,2715.6000,2720.0000,2722.8000,1,1,1,1,1,2,1,2,1,2
SF,IH2012,2020-05-07 09:32:57.600,2714.0000,1875,0,33417540.000,0,-,-,-,-,2713.0000,2712.2000,2711.6000,2711.4000,2710.6000,2714.4000,2715.0000,2715.6000,2720.0000,2722.8000,1,1,1,1,1,2,1,2,1,2
SF,IH2012,2020-05-07 09:32:58.100,2714.0000,1875,0,33417540.000,0,-,-,-,-,2713.0000,2711.6000,2711.4000,2710.6000,2708.2000,2714.4000,2715.0000,2715.6000,2720.0000,2722.8000,1,1,1,1,1,2,1,2,1,2
SF,IH2012,2020-05-07 09:32:58.600,2714.0000,1875,0,33417540.000,0,-,-,-,-,2713.0000,2712.8000,2711.6000,2710.6000,2708.2000,2714.4000,2715.0000,2715.6000,2720.0000,2722.8000,1,1,1,1,1,2,1,2,1,2
SF,IH2012,2020-05-07 09:32:59.600,2714.0000,1875,0,33417540.000,0,-,-,-,-,2713.0000,2712.8000,2711.6000,2710.6000,2708.2000,2714.4000,2715.0000,2715.6000,2720.0000,2722.8000,1,1,1,1,1,2,1,2,1,2
SF,IH2012,2020-05-07 09:33:00.100,2714.0000,1875,0,33417540.000,0,-,-,-,-,2713.0000,2712.8000,2711.6000,2710.6000,2708.2000,2714.4000,2715.0000,2715.6000,2720.0000,2722.8000,1,1,1,1,1,2,1,2,1,2
SF,IH2012,2020-05-07 09:33:01.100,2714.0000,1875,0,33417540.000,0,-,-,-,-,2713.0000,2712.8000,2710.6000,2708.2000,2708.0000,2714.4000,2715.0000,2715.6000,2720.0000,2722.8000,1,1,1,1,1,2,1,2,1,2
SF,IH2012,2020-05-07 09:33:01.600,2714.0000,1875,0,33417540.000,0,-,-,-,-,2713.0000,2712.8000,2710.6000,2708.2000,2708.0000,2714.4000,2715.6000,2720.0000,2722.8000,2723.2000,1,1,1,1,1,2,2,1,2,2
SF,IH2012,2020-05-07 09:33:02.100,2714.0000,1875,0,33417540.000,0,-,-,-,-,2713.0000,2712.8000,2710.6000,2708.2000,2708.0000,2715.6000,2720.0000,2722.8000,2723.2000,2725.2000,1,1,1,1,1,2,1,2,2,2
SF,IH2012,2020-05-07 09:33:02.600,2714.0000,1875,0,33417540.000,0,-,-,-,-,2713.2000,2713.0000,2712.8000,2710.6000,2708.2000,2715.4000,2715.6000,2717.0000,2720.0000,2722.8000,1,1,1,1,1,1,2,1,1,2
SF,IH2012,2020-05-07 09:33:03.100,2714.0000,1875,0,33417540.000,0,-,-,-,-,2713.4000,2713.2000,2712.8000,2710.6000,2708.2000,2715.4000,2715.6000,2717.0000,2720.0000,2722.8000,1,1,1,1,1,1,2,1,1,2
SF,IH2012,2020-05-07 09:33:03.600,2714.0000,1875,0,33417540.000,0,-,-,-,-,2713.4000,2713.2000,2712.8000,2710.6000,2708.2000,2715.2000,2715.4000,2715.6000,2717.0000,2720.0000,1,1,1,1,1,1,1,2,1,1
SF,IH2012,2020-05-07 09:33:04.100,2714.0000,1875,0,33417540.000,0,-,-,-,-,2713.4000,2713.2000,2712.8000,2710.6000,2708.2000,2715.0000,2715.2000,2715.6000,2717.0000,2720.0000,1,1,1,1,1,1,2,2,1,1
SF,IH2012,2020-05-07 09:33:04.600,2714.0000,1875,0,33417540.000,0,-,-,-,-,2713.4000,2712.8000,2710.6000,2708.2000,2708.0000,2714.8000,2715.0000,2715.6000,2717.0000,2720.0000,1,1,1,1,1,2,1,2,1,1
SF,IH2012,2020-05-07 09:33:08.600,2714.0000,1875,0,33417540.000,0,-,-,-,-,2713.4000,2710.6000,2708.2000,2708.0000,2704.4000,2714.8000,2715.0000,2715.6000,2717.0000,2720.0000,1,1,1,1,1,2,1,2,1,1
SF,IH2012,2020-05-07 09:33:09.600,2714.0000,1875,0,33417540.000,0,-,-,-,-,2713.4000,2708.2000,2708.0000,2704.4000,2702.0000,2714.8000,2715.0000,2715.6000,2717.0000,2720.0000,1,1,1,1,1,2,1,2,1,1
SF,IH2012,2020-05-07 09:33:10.100,2713.4000,1874,-1,34231560.000,1,0,1,双平,S,2708.2000,2708.0000,2704.4000,2702.0000,2700.4000,2714.8000,2715.0000,2715.6000,2717.0000,2720.0000,1,1,1,1,1,2,1,2,1,1
SF,IH2012,2020-05-07 09:33:10.600,2713.4000,1874,0,34231560.000,0,-,-,-,-,2710.4000,2708.6000,2708.4000,2708.2000,2708.0000,2714.6000,2715.6000,2717.0000,2720.0000,2722.8000,1,8,2,1,1,1,2,1,1,2
SF,IH2012,2020-05-07 09:33:11.100,2713.4000,1874,0,35045580.000,1,0,1,多换,S,2710.8000,2710.6000,2710.4000,2708.2000,2708.0000,2713.4000,2714.6000,2715.6000,2720.0000,2722.8000,8,2,1,1,1,1,1,2,1,2
SF,IH2012,2020-05-07 09:33:11.600,2713.4000,1874,0,35859600.000,1,0,1,多换,S,2711.0000,2710.8000,2710.4000,2708.2000,2708.0000,2714.6000,2715.6000,2720.0000,2722.8000,2723.2000,1,8,1,1,1,1,2,1,2,2
SF,IH2012,2020-05-07 09:33:12.100,2713.4000,1874,0,35859600.000,0,-,-,-,-,2713.4000,2711.4000,2711.2000,2711.0000,2710.8000,2714.6000,2715.6000,2720.0000,2722.8000,2723.2000,1,2,1,1,6,1,2,1,2,2
SF,IH2012,2020-05-07 09:33:12.600,2713.4000,1874,0,35859600.000,0,-,-,-,-,2713.4000,2711.4000,2711.2000,2711.0000,2710.8000,2714.4000,2714.6000,2715.6000,2720.0000,2722.8000,1,2,1,1,6,2,1,2,1,2
SF,IH2012,2020-05-07 09:33:13.100,2713.4000,1874,0,35859600.000,0,-,-,-,-,2711.4000,2711.0000,2710.8000,2710.4000,2708.2000,2714.4000,2714.6000,2715.6000,2720.0000,2722.8000,1,1,6,1,1,2,1,2,1,2
SF,IH2012,2020-05-07 09:33:13.600,2713.4000,1874,0,35859600.000,0,-,-,-,-,2711.6000,2711.4000,2710.8000,2708.2000,2708.0000,2714.2000,2714.4000,2715.6000,2720.0000,2722.8000,1,1,6,1,1,1,2,2,1,2
SF,IH2012,2020-05-07 09:33:14.100,2713.4000,1874,0,35859600.000,0,-,-,-,-,2711.8000,2711.6000,2711.4000,2710.8000,2708.2000,2714.2000,2714.4000,2715.6000,2720.0000,2722.8000,1,1,1,6,1,1,2,2,1,2
SF,IH2012,2020-05-07 09:33:14.600,2713.4000,1874,0,35859600.000,0,-,-,-,-,2712.0000,2711.8000,2711.4000,2710.8000,2708.2000,2714.2000,2715.6000,2720.0000,2722.8000,2723.2000,1,1,1,6,1,1,2,1,2,2
SF,IH2012,2020-05-07 09:33:15.600,2713.4000,1874,0,35859600.000,0,-,-,-,-,2712.8000,2712.0000,2711.8000,2711.4000,2710.8000,2714.2000,2715.6000,2720.0000,2722.8000,2723.2000,1,1,1,1,6,1,2,1,2,2
SF,IH2012,2020-05-07 09:33:16.100,2713.4000,1874,0,35859600.000,0,-,-,-,-,2713.2000,2713.0000,2712.8000,2711.8000,2711.4000,2715.6000,2720.0000,2722.8000,2723.2000,2725.2000,1,1,1,1,1,2,1,2,2,2
SF,IH2012,2020-05-07 09:33:16.600,2713.4000,1874,0,35859600.000,0,-,-,-,-,2713.4000,2713.2000,2712.8000,2711.8000,2711.4000,2715.2000,2715.4000,2715.6000,2717.6000,2720.0000,1,1,1,1,1,2,1,2,1,1
SF,IH2012,2020-05-07 09:33:17.100,2713.4000,1874,0,35859600.000,0,-,-,-,-,2713.4000,2713.2000,2712.8000,2711.4000,2710.8000,2715.0000,2715.2000,2715.6000,2720.0000,2722.8000,1,1,1,1,6,1,2,2,1,2
SF,IH2012,2020-05-07 09:33:17.600,2713.4000,1874,0,35859600.000,0,-,-,-,-,2713.4000,2713.2000,2712.8000,2711.4000,2710.8000,2714.8000,2715.0000,2715.6000,2720.0000,2722.8000,1,1,1,1,6,2,1,2,1,2
SF,IH2012,2020-05-07 09:33:19.100,2713.4000,1874,0,35859600.000,0,-,-,-,-,2713.4000,2713.2000,2712.8000,2711.4000,2710.8000,2714.8000,2715.0000,2715.6000,2720.0000,2722.8000,1,1,1,1,6,2,1,2,1,2
SF,IH2012,2020-05-07 09:33:19.600,2713.4000,1874,0,35859600.000,0,-,-,-,-,2713.4000,2713.2000,2712.8000,2711.4000,2710.8000,2714.6000,2714.8000,2715.6000,2720.0000,2722.8000,1,1,1,1,6,1,2,2,1,2
SF,IH2012,2020-05-07 09:33:20.100,2713.4000,1874,0,35859600.000,0,-,-,-,-,2713.4000,2713.2000,2712.8000,2709.8000,2708.2000,2714.4000,2714.6000,2715.6000,2720.0000,2722.8000,1,1,1,1,1,2,1,2,1,2
SF,IH2012,2020-05-07 09:33:22.100,2713.4000,1874,0,35859600.000,0,-,-,-,-,2713.4000,2712.8000,2709.8000,2708.2000,2704.4000,2714.4000,2714.6000,2715.6000,2720.0000,2722.8000,2,1,1,1,1,2,1,2,1,2
SF,IH2012,2020-05-07 09:33:27.600,2713.4000,1874,0,35859600.000,0,-,-,-,-,2713.8000,2713.4000,2712.8000,2709.8000,2708.2000,2714.4000,2714.6000,2715.6000,2720.0000,2722.8000,1,2,1,1,1,2,1,2,1,2
SF,IH2012,2020-05-07 09:33:28.100,2713.8000,1874,0,36673740.000,1,0,1,多换,S,2713.4000,2712.8000,2709.8000,2708.2000,2704.4000,2714.4000,2714.6000,2715.6000,2720.0000,2722.8000,2,1,1,1,1,2,1,2,1,2
SF,IH2012,2020-05-07 09:33:28.600,2713.8000,1874,0,36673740.000,0,-,-,-,-,2713.4000,2712.8000,2709.8000,2708.2000,2704.4000,2714.4000,2714.6000,2715.6000,2720.0000,2722.8000,3,1,1,1,1,2,1,2,1,2
SF,IH2012,2020-05-07 09:33:36.100,2713.8000,1874,0,36673740.000,0,-,-,-,-,2713.8000,2713.4000,2712.8000,2709.8000,2708.2000,2714.4000,2714.6000,2715.6000,2720.0000,2722.8000,1,2,1,1,1,2,1,2,1,2
SF,IH2012,2020-05-07 09:33:36.600,2713.8000,1873,-1,37487880.000,1,0,1,双平,S,2713.4000,2712.8000,2709.8000,2708.2000,2704.4000,2714.4000,2714.6000,2715.6000,2720.0000,2722.8000,2,1,1,1,1,2,1,2,1,2
SF,IH2012,2020-05-07 09:33:41.100,2713.8000,1873,0,37487880.000,0,-,-,-,-,2713.6000,2713.4000,2712.8000,2709.8000,2708.2000,2714.4000,2714.6000,2715.6000,2720.0000,2722.8000,1,2,1,1,1,2,1,2,1,2
SF,IH2012,2020-05-07 09:33:41.600,2713.8000,1873,0,37487880.000,0,-,-,-,-,2713.6000,2713.4000,2712.8000,2709.8000,2708.2000,2714.6000,2715.6000,2720.0000,2722.8000,2723.2000,1,2,1,1,1,1,2,1,2,2
SF,IH2012,2020-05-07 09:33:43.600,2713.8000,1873,0,37487880.000,0,-,-,-,-,2713.6000,2713.4000,2712.8000,2709.8000,2708.2000,2714.4000,2714.6000,2715.6000,2720.0000,2722.8000,1,2,1,1,1,2,1,2,1,2
SF,IH2012,2020-05-07 09:33:44.100,2713.8000,1873,0,37487880.000,0,-,-,-,-,2713.6000,2713.4000,2712.8000,2709.8000,2708.2000,2714.4000,2714.6000,2715.6000,2720.0000,2722.8000,1,2,1,1,1,1,1,2,1,2
SF,IH2012,2020-05-07 09:33:44.600,2713.4000,1872,-1,39930000.000,3,1,2,多平,S,2712.8000,2709.8000,2708.2000,2704.4000,2702.0000,2714.2000,2714.4000,2714.6000,2715.6000,2720.0000,1,1,1,1,1,1,1,1,2,1
SF,IH2012,2020-05-07 09:33:45.100,2713.4000,1872,0,39930000.000,0,-,-,-,-,2712.8000,2709.8000,2708.2000,2704.4000,2702.0000,2714.0000,2714.2000,2714.4000,2715.6000,2720.0000,1,1,1,1,1,1,1,1,2,1
SF,IH2012,2020-05-07 09:33:45.600,2713.4000,1872,0,39930000.000,0,-,-,-,-,2712.8000,2709.8000,2708.2000,2704.4000,2702.0000,2713.8000,2714.0000,2714.2000,2714.4000,2715.6000,1,1,1,1,1,2,1,1,1,2
SF,IH2012,2020-05-07 09:33:46.600,2713.4000,1872,0,39930000.000,0,-,-,-,-,2712.8000,2709.8000,2708.2000,2704.4000,2702.0000,2713.8000,2714.0000,2714.2000,2714.4000,2714.8000,1,1,1,1,1,2,1,1,1,4
SF,IH2012,2020-05-07 09:33:50.600,2713.4000,1872,0,39930000.000,0,-,-,-,-,2712.8000,2709.8000,2708.2000,2704.4000,2702.0000,2713.8000,2714.0000,2714.2000,2714.4000,2715.6000,1,1,1,1,1,2,1,1,1,2
SF,IH2012,2020-05-07 09:33:51.100,2713.4000,1872,0,39930000.000,0,-,-,-,-,2712.8000,2709.8000,2708.2000,2704.4000,2702.0000,2713.8000,2714.0000,2714.2000,2714.4000,2715.6000,1,1,1,1,1,2,5,1,1,2
SF,IH2012,2020-05-07 09:33:52.600,2713.4000,1872,0,39930000.000,0,-,-,-,-,2712.8000,2709.8000,2708.2000,2704.4000,2702.6000,2713.8000,2714.0000,2714.2000,2714.4000,2715.6000,1,1,1,1,1,2,5,1,1,2
SF,IH2012,2020-05-07 09:33:53.100,2713.4000,1872,0,39930000.000,0,-,-,-,-,2712.8000,2709.8000,2708.2000,2704.4000,2702.6000,2713.6000,2713.8000,2714.0000,2714.2000,2714.4000,1,1,1,1,1,4,2,1,1,1
SF,IH2012,2020-05-07 09:33:53.600,2713.6000,1869,-3,42372240.000,3,0,3,双平,S,2712.8000,2709.8000,2708.2000,2704.4000,2702.6000,2713.6000,2714.0000,2714.2000,2715.6000,2720.0000,1,1,1,1,1,1,1,1,2,1
SF,IH2012,2020-05-07 09:33:54.100,2713.6000,1869,0,42372240.000,0,-,-,-,-,2713.0000,2712.8000,2709.8000,2708.2000,2704.4000,2713.6000,2714.0000,2715.6000,2720.0000,2722.8000,1,1,1,1,1,1,1,2,1,2
SF,IH2012,2020-05-07 09:33:54.600,2713.6000,1868,-1,43186320.000,1,0,1,双平,S,2713.0000,2712.8000,2709.8000,2708.2000,2704.4000,2714.0000,2720.0000,2722.8000,2723.2000,2725.2000,1,1,1,1,1,1,1,2,2,2
SF,IH2012,2020-05-07 09:33:55.100,2713.6000,1868,0,43186320.000,0,-,-,-,-,2714.0000,2713.6000,2713.0000,2712.8000,2709.8000,2720.0000,2722.8000,2723.2000,2725.2000,2725.8000,1,1,1,1,1,1,2,2,2,2
SF,IH2012,2020-05-07 09:33:55.600,2713.6000,1868,0,43186320.000,0,-,-,-,-,2714.2000,2714.0000,2713.6000,2713.0000,2712.8000,2715.0000,2719.8000,2720.0000,2722.8000,2723.2000,3,1,1,1,1,1,3,1,2,2
SF,IH2012,2020-05-07 09:33:56.100,2713.6000,1868,0,43186320.000,0,-,-,-,-,2714.2000,2714.0000,2713.0000,2712.8000,2709.8000,2715.0000,2719.8000,2720.0000,2722.8000,2723.2000,2,1,1,1,1,1,3,1,2,2
SF,IH2012,2020-05-07 09:33:56.600,2713.6000,1868,0,43186320.000,0,-,-,-,-,2714.2000,2714.0000,2713.0000,2712.8000,2712.2000,2715.0000,2719.8000,2720.0000,2722.8000,2723.2000,1,1,1,1,1,1,3,1,2,2
SF,IH2012,2020-05-07 09:33:58.600,2713.6000,1868,0,43186320.000,0,-,-,-,-,2714.2000,2714.0000,2713.0000,2712.8000,2712.2000,2715.0000,2719.8000,2720.0000,2722.8000,2723.2000,1,1,1,1,1,1,3,1,2,2
SF,IH2012,2020-05-07 09:33:59.100,2713.6000,1868,0,43186320.000,0,-,-,-,-,2714.2000,2714.0000,2713.0000,2712.8000,2712.2000,2715.0000,2717.4000,2719.8000,2720.0000,2722.8000,1,1,1,1,1,1,1,3,1,2
SF,IH2012,2020-05-07 09:33:59.600,2713.6000,1868,0,43186320.000,0,-,-,-,-,2714.2000,2714.0000,2713.0000,2712.8000,2712.2000,2715.0000,2717.4000,2719.2000,2719.8000,2720.0000,1,1,1,1,1,1,1,1,3,1
SF,IH2012,2020-05-07 09:34:00.100,2713.6000,1868,0,43186320.000,0,-,-,-,-,2714.2000,2714.0000,2713.0000,2712.8000,2712.2000,2714.8000,2715.0000,2717.4000,2719.2000,2719.8000,1,1,1,1,1,1,1,1,1,3
SF,IH2012,2020-05-07 09:34:00.600,2713.6000,1868,0,43186320.000,0,-,-,-,-,2714.2000,2714.0000,2713.0000,2712.8000,2712.2000,2714.8000,2717.4000,2719.2000,2719.8000,2720.0000,1,1,3,1,1,1,1,1,3,1
SF,IH2012,2020-05-07 09:34:01.100,2714.8000,1867,-1,44815200.000,2,0,2,多平,S,2714.2000,2714.0000,2713.0000,2712.8000,2712.2000,2717.2000,2717.4000,2719.2000,2719.8000,2720.0000,1,1,3,1,1,1,1,1,3,1
SF,IH2012,2020-05-07 09:34:01.600,2714.8000,1867,0,44815200.000,0,-,-,-,-,2714.4000,2714.2000,2714.0000,2713.0000,2712.8000,2716.6000,2717.0000,2717.2000,2717.4000,2719.2000,1,1,1,3,1,1,2,1,1,1
SF,IH2012,2020-05-07 09:34:02.100,2714.8000,1867,0,44815200.000,0,-,-,-,-,2714.4000,2714.2000,2714.0000,2713.0000,2712.8000,2716.4000,2716.6000,2717.0000,2717.2000,2717.4000,1,1,1,3,1,1,1,1,1,1
SF,IH2012,2020-05-07 09:34:02.600,2714.8000,1867,0,44815200.000,0,-,-,-,-,2714.4000,2714.2000,2714.0000,2713.0000,2712.8000,2716.2000,2716.4000,2717.0000,2717.2000,2717.4000,1,1,1,3,1,2,2,1,1,1
SF,IH2012,2020-05-07 09:34:03.100,2714.8000,1867,0,44815200.000,0,-,-,-,-,2714.2000,2714.0000,2713.0000,2712.8000,2712.2000,2716.0000,2716.2000,2717.0000,2717.2000,2717.4000,1,1,3,1,1,2,2,1,1,1
SF,IH2012,2020-05-07 09:34:04.100,2714.8000,1867,0,44815200.000,0,-,-,-,-,2714.2000,2714.0000,2713.0000,2712.8000,2712.2000,2715.8000,2716.0000,2716.2000,2717.0000,2717.2000,1,1,3,1,1,1,2,2,1,1
SF,IH2012,2020-05-07 09:34:04.600,2714.8000,1867,0,44815200.000,0,-,-,-,-,2714.2000,2714.0000,2713.0000,2712.8000,2712.2000,2715.6000,2715.8000,2717.0000,2717.2000,2719.2000,1,1,3,1,1,3,1,1,1,1
SF,IH2012,2020-05-07 09:34:05.100,2714.8000,1867,0,44815200.000,0,-,-,-,-,2714.2000,2714.0000,2713.0000,2712.8000,2712.2000,2715.6000,2715.8000,2717.0000,2719.2000,2719.8000,1,1,3,1,1,3,1,1,1,2
SF,IH2012,2020-05-07 09:34:05.600,2714.8000,1867,0,44815200.000,0,-,-,-,-,2714.2000,2714.0000,2713.0000,2712.8000,2712.2000,2715.6000,2715.8000,2719.2000,2719.8000,2720.0000,1,1,3,1,1,3,1,1,2,1
SF,IH2012,2020-05-07 09:34:06.100,2714.8000,1867,0,44815200.000,0,-,-,-,-,2714.4000,2714.2000,2714.0000,2713.0000,2712.8000,2715.6000,2715.8000,2719.8000,2720.0000,2722.8000,1,1,1,3,1,3,1,2,1,2
SF,IH2012,2020-05-07 09:34:06.600,2714.8000,1867,0,44815200.000,0,-,-,-,-,2714.4000,2714.2000,2714.0000,2713.0000,2712.8000,2715.4000,2715.6000,2719.8000,2720.0000,2722.8000,1,1,1,3,1,2,1,2,1,2
SF,IH2012,2020-05-07 09:34:08.100,2714.8000,1867,0,44815200.000,0,-,-,-,-,2714.4000,2714.2000,2714.0000,2713.0000,2712.8000,2715.4000,2715.6000,2718.0000,2719.8000,2720.0000,1,1,1,3,1,2,1,1,2,1
SF,IH2012,2020-05-07 09:34:08.600,2714.8000,1867,0,44815200.000,0,-,-,-,-,2714.4000,2714.2000,2714.0000,2713.0000,2712.8000,2715.4000,2715.6000,2718.0000,2719.8000,2720.0000,1,1,1,2,1,2,1,1,2,1
SF,IH2012,2020-05-07 09:34:10.100,2714.8000,1867,0,44815200.000,0,-,-,-,-,2714.4000,2714.2000,2714.0000,2713.0000,2712.8000,2715.2000,2715.4000,2715.6000,2718.0000,2719.8000,1,1,1,2,1,1,2,1,1,2
SF,IH2012,2020-05-07 09:34:10.600,2715.2000,1867,0,45629760.000,1,0,1,多换,S,2714.4000,2714.2000,2714.0000,2713.0000,2712.8000,2715.6000,2718.0000,2719.8000,2720.0000,2722.8000,1,1,1,2,1,1,1,2,1,2
SF,IH2012,2020-05-07 09:34:11.100,2715.2000,1867,0,45629760.000,0,-,-,-,-,2714.4000,2714.2000,2714.0000,2713.0000,2712.8000,2715.4000,2715.6000,2718.0000,2719.8000,2720.0000,1,1,1,2,1,1,1,1,2,1
SF,IH2012,2020-05-07 09:34:11.600,2715.2000,1867,0,45629760.000,0,-,-,-,-,2714.4000,2714.2000,2714.0000,2713.0000,2712.8000,2715.4000,2715.6000,2718.0000,2719.8000,2720.0000,1,1,1,2,1,2,1,1,2,1
SF,IH2012,2020-05-07 09:34:12.100,2715.2000,1867,0,45629760.000,0,-,-,-,-,2714.4000,2714.2000,2714.0000,2713.0000,2712.8000,2715.2000,2715.4000,2715.6000,2718.0000,2719.8000,1,1,1,2,1,1,2,1,1,2
SF,IH2012,2020-05-07 09:34:12.600,2715.2000,1867,0,45629760.000,0,-,-,-,-,2714.2000,2714.0000,2713.0000,2712.8000,2712.2000,2715.2000,2715.6000,2718.0000,2719.8000,2720.0000,1,1,2,1,1,1,1,1,2,1
SF,IH2012,2020-05-07 09:34:15.100,2715.2000,1867,0,45629760.000,0,-,-,-,-,2714.2000,2714.0000,2713.6000,2713.0000,2712.8000,2715.2000,2715.6000,2718.0000,2719.8000,2720.0000,1,1,1,2,1,1,1,1,2,1
SF,IH2012,2020-05-07 09:34:16.100,2715.2000,1867,0,45629760.000,0,-,-,-,-,2714.2000,2714.0000,2713.6000,2713.0000,2712.8000,2715.0000,2715.2000,2715.6000,2718.0000,2719.8000,1,1,1,2,1,1,1,1,1,2
SF,IH2012,2020-05-07 09:34:16.600,2715.2000,1867,0,45629760.000,0,-,-,-,-,2714.2000,2714.0000,2713.6000,2713.0000,2712.8000,2715.0000,2715.6000,2718.0000,2719.8000,2720.0000,1,1,1,2,1,1,1,1,2,1
SF,IH2012,2020-05-07 09:34:18.100,2715.2000,1867,0,45629760.000,0,-,-,-,-,2714.2000,2714.0000,2713.6000,2713.0000,2712.8000,2715.6000,2718.0000,2719.8000,2720.0000,2722.8000,1,1,1,2,1,1,1,2,1,2
SF,IH2012,2020-05-07 09:34:18.600,2715.2000,1867,0,45629760.000,0,-,-,-,-,2714.2000,2714.0000,2713.6000,2713.0000,2712.8000,2715.4000,2715.6000,2718.0000,2719.8000,2720.0000,1,1,1,2,1,1,1,1,2,1
SF,IH2012,2020-05-07 09:34:19.100,2715.2000,1867,0,45629760.000,0,-,-,-,-,2714.2000,2714.0000,2713.6000,2713.0000,2712.8000,2715.2000,2715.4000,2715.6000,2718.0000,2719.8000,1,1,1,2,1,2,1,1,1,2
SF,IH2012,2020-05-07 09:34:19.600,2715.2000,1867,0,45629760.000,0,-,-,-,-,2714.2000,2714.0000,2713.6000,2713.0000,2712.8000,2715.2000,2715.4000,2715.6000,2718.0000,2719.8000,1,1,1,2,1,3,1,1,1,2
SF,IH2012,2020-05-07 09:34:20.600,2715.2000,1867,0,45629760.000,0,-,-,-,-,2714.2000,2714.0000,2713.6000,2713.0000,2712.8000,2715.2000,2715.4000,2715.6000,2718.0000,2719.8000,1,1,1,2,1,2,1,1,1,2
SF,IH2012,2020-05-07 09:34:23.600,2715.2000,1867,0,45629760.000,0,-,-,-,-,2714.2000,2714.0000,2713.6000,2713.0000,2712.8000,2715.2000,2715.4000,2715.6000,2719.8000,2720.0000,1,1,1,2,1,2,1,1,2,1
SF,IH2012,2020-05-07 09:34:25.100,2715.2000,1865,-2,47258880.000,2,0,2,双平,S,2715.2000,2714.2000,2714.0000,2713.6000,2713.0000,2715.6000,2719.8000,2720.0000,2722.8000,2723.2000,1,1,1,1,2,1,2,1,2,2
SF,IH2012,2020-05-07 09:34:25.600,2715.2000,1865,0,47258880.000,0,-,-,-,-,2715.6000,2715.2000,2714.4000,2714.2000,2714.0000,2719.8000,2720.0000,2722.8000,2723.2000,2725.2000,1,1,1,1,1,2,1,2,2,2
SF,IH2012,2020-05-07 09:34:26.100,2715.2000,1864,-1,48073440.000,1,0,1,双平,S,2715.8000,2715.2000,2714.2000,2714.0000,2713.6000,2716.2000,2719.6000,2719.8000,2720.0000,2722.8000,1,1,1,1,1,1,1,2,1,2
SF,IH2012,2020-05-07 09:34:26.600,2716.2000,1862,-2,49703040.000,2,0,2,双平,S,2715.2000,2714.2000,2714.0000,2713.6000,2713.0000,2717.2000,2719.6000,2719.8000,2720.0000,2722.8000,1,1,1,1,2,1,1,2,1,2
SF,IH2012,2020-05-07 09:34:27.100,2716.2000,1862,0,49703040.000,0,-,-,-,-,2715.4000,2715.2000,2714.2000,2714.0000,2713.6000,2717.0000,2717.2000,2718.2000,2719.8000,2720.0000,1,1,1,1,1,1,1,1,2,1
SF,IH2012,2020-05-07 09:34:28.100,2716.2000,1862,0,49703040.000,0,-,-,-,-,2715.4000,2715.2000,2714.2000,2714.0000,2713.6000,2717.0000,2718.2000,2719.8000,2720.0000,2722.8000,1,1,1,1,1,1,1,2,1,2
SF,IH2012,2020-05-07 09:34:29.100,2716.2000,1862,0,49703040.000,0,-,-,-,-,2715.4000,2715.2000,2714.2000,2714.0000,2713.6000,2716.8000,2717.0000,2718.2000,2719.8000,2720.0000,1,1,1,1,1,1,1,1,2,1
SF,IH2012,2020-05-07 09:34:33.100,2716.8000,1861,-1,50518080.000,1,0,1,双平,S,2715.4000,2715.2000,2714.2000,2714.0000,2713.6000,2717.0000,2718.2000,2719.8000,2720.0000,2722.8000,1,1,1,1,1,1,1,2,1,2
SF,IH2012,2020-05-07 09:34:35.100,2716.8000,1861,0,50518080.000,0,-,-,-,-,2715.4000,2715.2000,2714.2000,2714.0000,2713.6000,2716.6000,2717.0000,2718.2000,2719.8000,2720.0000,1,1,1,1,1,1,1,1,2,1
SF,IH2012,2020-05-07 09:34:35.600,2716.8000,1862,1,51333120.000,1,1,0,双开,S,2715.4000,2715.2000,2714.2000,2714.0000,2713.6000,2717.0000,2718.2000,2719.8000,2720.0000,2722.8000,1,1,1,1,1,1,1,2,1,2
SF,IH2012,2020-05-07 09:34:38.100,2716.8000,1862,0,51333120.000,0,-,-,-,-,2715.6000,2715.4000,2715.2000,2714.2000,2714.0000,2717.0000,2718.2000,2719.8000,2720.0000,2722.8000,1,1,1,1,1,1,1,2,1,2
SF,IH2012,2020-05-07 09:34:40.600,2717.0000,1862,0,52148220.000,1,0,1,多换,S,2715.6000,2715.4000,2715.2000,2715.0000,2714.2000,2718.2000,2719.8000,2720.0000,2722.8000,2723.2000,1,1,1,1,1,1,2,1,2,2
SF,IH2012,2020-05-07 09:34:41.100,2717.0000,1862,0,52148220.000,0,-,-,-,-,2715.8000,2715.6000,2715.2000,2715.0000,2714.2000,2718.0000,2719.8000,2720.0000,2722.8000,2723.2000,1,1,1,1,1,2,2,1,2,2
SF,IH2012,2020-05-07 09:34:41.600,2717.0000,1862,0,52148220.000,0,-,-,-,-,2715.8000,2715.6000,2715.2000,2715.0000,2714.2000,2718.0000,2719.8000,2720.0000,2722.8000,2723.2000,1,1,1,1,1,4,2,1,2,2
SF,IH2012,2020-05-07 09:34:42.600,2717.0000,1862,0,52148220.000,0,-,-,-,-,2715.8000,2715.6000,2715.2000,2715.0000,2714.2000,2717.8000,2718.0000,2719.8000,2720.0000,2722.8000,1,1,1,1,1,1,2,2,1,2
SF,IH2012,2020-05-07 09:34:43.100,2717.0000,1862,0,52148220.000,0,-,-,-,-,2715.8000,2715.2000,2715.0000,2714.2000,2714.0000,2717.6000,2717.8000,2718.0000,2719.8000,2720.0000,1,1,1,1,1,1,2,1,2,1
SF,IH2012,2020-05-07 09:34:46.600,2717.0000,1862,0,52148220.000,0,-,-,-,-,2715.8000,2715.2000,2715.0000,2714.2000,2714.0000,2717.6000,2717.8000,2718.0000,2719.8000,2720.0000,1,1,1,1,1,1,1,1,2,1
SF,IH2012,2020-05-07 09:34:47.100,2717.0000,1862,0,52148220.000,0,-,-,-,-,2715.8000,2715.2000,2715.0000,2714.2000,2714.0000,2717.6000,2717.8000,2718.0000,2720.0000,2722.8000,1,1,1,1,1,1,1,1,1,2
SF,IH2012,2020-05-07 09:34:48.600,2717.0000,1862,0,52148220.000,0,-,-,-,-,2715.8000,2715.2000,2715.0000,2714.2000,2714.0000,2717.6000,2718.0000,2720.0000,2722.8000,2723.2000,2,1,1,1,1,1,1,1,2,2
SF,IH2012,2020-05-07 09:34:49.100,2717.0000,1862,0,52148220.000,0,-,-,-,-,2715.8000,2715.2000,2715.0000,2714.2000,2714.0000,2718.0000,2720.0000,2722.8000,2723.2000,2725.2000,2,1,1,1,1,1,1,2,2,2
SF,IH2012,2020-05-07 09:34:49.600,2717.0000,1862,0,52148220.000,0,-,-,-,-,2715.8000,2715.2000,2715.0000,2714.2000,2714.0000,2717.8000,2718.0000,2720.0000,2722.8000,2723.2000,2,1,1,1,1,1,1,1,2,2
SF,IH2012,2020-05-07 09:34:50.100,2717.0000,1862,0,52148220.000,0,-,-,-,-,2715.8000,2715.2000,2715.0000,2714.2000,2714.0000,2717.8000,2718.0000,2720.0000,2722.8000,2723.2000,1,1,1,1,1,1,1,1,2,2
SF,IH2012,2020-05-07 09:34:52.600,2717.0000,1862,0,52148220.000,0,-,-,-,-,2715.8000,2715.2000,2715.0000,2714.2000,2714.0000,2717.8000,2718.0000,2720.0000,2722.8000,2723.2000,1,1,1,1,1,1,1,1,2,2
SF,IH2012,2020-05-07 09:34:54.600,2717.0000,1862,0,52148220.000,0,-,-,-,-,2715.8000,2715.2000,2715.0000,2714.2000,2714.0000,2717.6000,2717.8000,2718.0000,2720.0000,2722.8000,1,1,1,1,1,1,1,1,1,2
SF,IH2012,2020-05-07 09:34:55.100,2717.0000,1862,0,52148220.000,0,-,-,-,-,2715.8000,2715.2000,2715.0000,2714.2000,2714.0000,2717.4000,2717.6000,2718.0000,2720.0000,2722.8000,1,1,1,1,2,1,1,1,1,2
SF,IH2012,2020-05-07 09:34:55.600,2717.0000,1862,0,52148220.000,0,-,-,-,-,2715.8000,2715.2000,2715.0000,2714.2000,2714.0000,2717.4000,2717.6000,2718.0000,2720.0000,2722.8000,1,1,1,1,2,2,1,1,1,2
SF,IH2012,2020-05-07 09:34:56.100,2717.0000,1862,0,52148220.000,0,-,-,-,-,2715.8000,2715.2000,2715.0000,2714.2000,2714.0000,2717.2000,2717.4000,2718.0000,2720.0000,2722.8000,1,1,1,1,2,2,2,1,1,2
SF,IH2012,2020-05-07 09:34:56.600,2717.0000,1862,0,52148220.000,0,-,-,-,-,2715.8000,2715.2000,2715.0000,2714.2000,2714.0000,2717.2000,2717.4000,2717.6000,2718.0000,2720.0000,1,1,1,1,2,2,2,1,1,1
SF,IH2012,2020-05-07 09:34:57.100,2717.0000,1862,0,52148220.000,0,-,-,-,-,2715.8000,2715.2000,2715.0000,2714.2000,2714.0000,2717.2000,2717.4000,2717.6000,2718.0000,2720.0000,1,1,1,1,2,2,1,1,1,1
SF,IH2012,2020-05-07 09:34:57.600,2717.0000,1862,0,52148220.000,0,-,-,-,-,2715.8000,2715.2000,2715.0000,2714.2000,2714.0000,2717.0000,2717.2000,2717.6000,2718.0000,2720.0000,1,1,1,1,2,1,2,1,1,1
SF,IH2012,2020-05-07 09:34:58.100,2715.8000,1861,-1,52962960.000,1,0,1,双平,S,2715.2000,2715.0000,2714.2000,2714.0000,2713.6000,2717.0000,2717.2000,2717.6000,2718.0000,2720.0000,1,1,1,2,1,1,2,1,1,1
SF,IH2012,2020-05-07 09:34:59.600,2715.8000,1861,0,52962960.000,0,-,-,-,-,2715.2000,2715.0000,2714.2000,2714.0000,2713.6000,2716.8000,2717.0000,2717.2000,2717.6000,2718.0000,1,1,1,2,1,1,1,2,1,1
SF,IH2012,2020-05-07 09:35:00.100,2715.8000,1861,0,52962960.000,0,-,-,-,-,2715.2000,2715.0000,2714.2000,2714.0000,2713.6000,2716.6000,2716.8000,2717.2000,2717.6000,2718.0000,1,1,1,2,1,1,2,1,1,1
SF,IH2012,2020-05-07 09:35:00.600,2715.8000,1861,0,52962960.000,0,-,-,-,-,2715.0000,2714.2000,2714.0000,2713.6000,2713.0000,2716.6000,2716.8000,2717.2000,2717.6000,2718.0000,1,1,2,1,2,1,2,1,1,1
SF,IH2012,2020-05-07 09:35:02.100,2715.8000,1861,0,52962960.000,0,-,-,-,-,2715.0000,2714.2000,2714.0000,2713.6000,2713.0000,2716.6000,2716.8000,2717.2000,2717.6000,2718.0000,1,1,2,1,2,1,2,1,1,1
SF,IH2012,2020-05-07 09:35:03.100,2715.8000,1861,0,52962960.000,0,-,-,-,-,2715.0000,2714.2000,2714.0000,2713.6000,2713.0000,2716.4000,2716.6000,2716.8000,2717.2000,2717.6000,1,1,2,1,2,1,1,1,1,1
SF,IH2012,2020-05-07 09:35:03.600,2715.8000,1861,0,52962960.000,0,-,-,-,-,2715.0000,2714.2000,2714.0000,2713.6000,2713.0000,2716.2000,2716.4000,2716.8000,2717.2000,2717.6000,1,1,2,1,2,1,1,1,1,1
SF,IH2012,2020-05-07 09:35:04.600,2715.8000,1861,0,52962960.000,0,-,-,-,-,2715.0000,2714.2000,2714.0000,2713.6000,2713.0000,2716.2000,2716.4000,2717.2000,2717.6000,2718.0000,1,1,2,1,2,1,1,1,1,1
SF,IH2012,2020-05-07 09:35:05.600,2715.8000,1861,0,52962960.000,0,-,-,-,-,2715.0000,2714.2000,2714.0000,2713.6000,2713.0000,2716.2000,2717.2000,2717.6000,2718.0000,2720.0000,1,1,2,1,2,1,1,1,1,1
SF,IH2012,2020-05-07 09:35:06.100,2715.8000,1861,0,52962960.000,0,-,-,-,-,2715.0000,2714.2000,2714.0000,2713.6000,2713.0000,2716.0000,2716.2000,2717.2000,2717.6000,2718.0000,1,1,2,1,2,1,1,1,1,1
SF,IH2012,2020-05-07 09:35:10.100,2715.8000,1861,0,52962960.000,0,-,-,-,-,2715.0000,2714.2000,2714.0000,2713.6000,2709.8000,2716.0000,2716.2000,2717.2000,2717.6000,2718.0000,1,1,2,1,1,1,1,1,1,1
SF,IH2012,2020-05-07 09:35:10.600,2715.8000,1861,0,52962960.000,0,-,-,-,-,2715.0000,2714.2000,2714.0000,2713.6000,2713.0000,2716.0000,2716.2000,2717.2000,2717.6000,2718.0000,1,1,2,1,1,1,1,1,1,1
SF,IH2012,2020-05-07 09:35:12.100,2715.0000,1861,0,53777460.000,1,0,1,多换,S,2714.2000,2714.0000,2713.6000,2713.0000,2709.8000,2716.0000,2716.2000,2717.2000,2717.6000,2718.0000,1,2,1,1,1,1,1,1,1,1
SF,IH2012,2020-05-07 09:35:12.600,2715.0000,1861,0,53777460.000,0,-,-,-,-,2714.2000,2714.0000,2713.6000,2713.0000,2709.8000,2715.8000,2716.0000,2717.2000,2717.6000,2718.0000,1,2,1,1,1,1,1,1,1,1
SF,IH2012,2020-05-07 09:35:13.100,2715.0000,1861,0,53777460.000,0,-,-,-,-,2714.2000,2714.0000,2713.6000,2713.0000,2709.8000,2715.8000,2716.0000,2717.6000,2718.0000,2720.0000,1,2,1,1,1,1,1,1,1,1
SF,IH2012,2020-05-07 09:35:13.600,2715.0000,1861,0,53777460.000,0,-,-,-,-,2714.4000,2714.2000,2714.0000,2713.6000,2713.0000,2715.8000,2716.0000,2717.6000,2718.0000,2720.0000,3,1,2,1,1,1,1,1,1,1
SF,IH2012,2020-05-07 09:35:17.600,2715.0000,1861,0,53777460.000,0,-,-,-,-,2714.4000,2714.2000,2714.0000,2713.6000,2713.0000,2715.8000,2716.0000,2717.6000,2718.0000,2720.0000,3,1,2,1,1,1,1,1,1,1
SF,IH2012,2020-05-07 09:35:21.600,2715.0000,1861,0,53777460.000,0,-,-,-,-,2714.4000,2714.2000,2714.0000,2713.6000,2713.0000,2715.8000,2716.0000,2716.2000,2718.0000,2720.0000,3,1,2,1,1,1,1,1,1,1
SF,IH2012,2020-05-07 09:35:24.600,2715.0000,1861,0,53777460.000,0,-,-,-,-,2714.4000,2714.2000,2714.0000,2713.6000,2713.0000,2715.6000,2715.8000,2716.0000,2716.2000,2718.0000,3,1,2,1,1,1,1,1,1,1
SF,IH2012,2020-05-07 09:35:25.100,2715.0000,1861,0,53777460.000,0,-,-,-,-,2714.4000,2714.2000,2714.0000,2713.6000,2713.0000,2715.6000,2715.8000,2716.0000,2716.2000,2718.0000,1,1,2,1,1,1,1,1,1,1
SF,IH2012,2020-05-07 09:35:27.600,2715.0000,1861,0,53777460.000,0,-,-,-,-,2714.4000,2714.2000,2714.0000,2713.6000,2713.0000,2715.6000,2715.8000,2716.2000,2718.0000,2720.0000,1,1,2,1,1,1,1,1,1,1
SF,IH2012,2020-05-07 09:35:28.100,2715.0000,1861,0,53777460.000,0,-,-,-,-,2714.2000,2714.0000,2713.6000,2713.0000,2709.8000,2715.4000,2715.6000,2716.2000,2718.0000,2720.0000,1,2,1,1,1,1,1,1,1,1
SF,IH2012,2020-05-07 09:35:29.600,2715.0000,1861,0,53777460.000,0,-,-,-,-,2714.0000,2713.6000,2713.0000,2709.8000,2708.2000,2715.4000,2715.6000,2716.2000,2718.0000,2720.0000,2,1,1,1,1,1,1,1,1,1
SF,IH2012,2020-05-07 09:35:30.100,2715.0000,1861,0,53777460.000,0,-,-,-,-,2714.0000,2713.6000,2713.0000,2709.8000,2708.2000,2715.4000,2716.2000,2718.0000,2720.0000,2722.8000,2,1,1,1,1,1,1,1,1,2
SF,IH2012,2020-05-07 09:35:34.600,2715.0000,1861,0,53777460.000,0,-,-,-,-,2714.0000,2713.6000,2713.0000,2709.8000,2708.2000,2715.4000,2716.2000,2718.0000,2720.0000,2722.8000,2,1,1,1,1,1,1,1,1,2
SF,IH2012,2020-05-07 09:35:37.600,2715.0000,1861,0,53777460.000,0,-,-,-,-,2714.0000,2713.6000,2713.0000,2709.8000,2708.2000,2715.4000,2716.2000,2718.0000,2720.0000,2722.8000,2,1,3,1,1,1,1,1,1,2
SF,IH2012,2020-05-07 09:35:38.100,2715.0000,1861,0,53777460.000,0,-,-,-,-,2714.2000,2714.0000,2713.6000,2713.0000,2709.8000,2715.4000,2716.2000,2718.0000,2720.0000,2722.8000,1,2,1,3,1,1,1,1,1,2
SF,IH2012,2020-05-07 09:35:38.600,2715.4000,1860,-1,54592080.000,1,0,1,双平,S,2714.4000,2714.2000,2714.0000,2713.6000,2713.0000,2716.2000,2718.0000,2720.0000,2722.8000,2723.2000,2,1,2,1,3,1,1,1,2,2
SF,IH2012,2020-05-07 09:35:39.100,2715.4000,1860,0,54592080.000,0,-,-,-,-,2714.6000,2714.4000,2714.0000,2713.6000,2713.0000,2716.2000,2718.0000,2720.0000,2722.8000,2723.2000,1,2,2,1,3,1,1,1,2,2
SF,IH2012,2020-05-07 09:35:40.100,2715.4000,1860,0,54592080.000,0,-,-,-,-,2714.6000,2714.0000,2713.6000,2713.0000,2709.8000,2716.2000,2718.0000,2720.0000,2722.8000,2723.2000,1,2,1,3,1,1,1,1,2,2
SF,IH2012,2020-05-07 09:35:40.600,2715.4000,1860,0,54592080.000,0,-,-,-,-,2714.6000,2714.0000,2713.6000,2713.0000,2709.8000,2716.0000,2716.2000,2718.0000,2720.0000,2722.8000,1,2,1,3,1,1,1,1,1,2
SF,IH2012,2020-05-07 09:35:51.100,2716.0000,1859,-1,55406880.000,1,0,1,双平,S,2714.6000,2714.0000,2713.6000,2713.0000,2709.8000,2716.2000,2718.0000,2720.0000,2722.8000,2723.2000,1,2,1,3,1,1,1,1,2,2
SF,IH2012,2020-05-07 09:35:52.100,2716.0000,1859,0,55406880.000,0,-,-,-,-,2714.8000,2714.6000,2714.0000,2713.6000,2713.0000,2716.2000,2718.0000,2720.0000,2722.8000,2723.2000,1,1,2,1,3,1,1,1,2,2
SF,IH2012,2020-05-07 09:35:52.600,2716.0000,1859,0,55406880.000,0,-,-,-,-,2715.0000,2714.8000,2714.0000,2713.6000,2713.0000,2716.2000,2718.0000,2720.0000,2722.8000,2723.2000,1,1,2,1,3,1,1,1,2,2
SF,IH2012,2020-05-07 09:35:53.100,2716.0000,1859,0,55406880.000,0,-,-,-,-,2715.0000,2714.0000,2713.6000,2713.0000,2709.8000,2716.2000,2718.0000,2720.0000,2722.8000,2723.2000,1,2,1,3,1,1,1,1,2,2
SF,IH2012,2020-05-07 09:36:02.100,2716.0000,1859,0,55406880.000,0,-,-,-,-,2715.0000,2714.0000,2713.6000,2713.0000,2709.8000,2716.0000,2716.2000,2718.0000,2720.0000,2722.8000,1,2,1,3,1,1,1,1,1,2
SF,IH2012,2020-05-07 09:36:04.600,2716.0000,1858,-1,56221680.000,1,0,1,双平,S,2715.0000,2714.0000,2713.6000,2713.0000,2709.8000,2716.2000,2718.0000,2720.0000,2722.8000,2723.2000,1,2,1,3,1,1,1,1,2,2
SF,IH2012,2020-05-07 09:36:05.100,2716.2000,1857,-1,57036540.000,1,0,1,双平,S,2716.2000,2715.2000,2715.0000,2714.0000,2713.6000,2718.0000,2720.0000,2722.8000,2723.2000,2725.2000,1,2,1,2,1,1,1,2,2,2
SF,IH2012,2020-05-07 09:36:05.600,2716.2000,1857,0,57036540.000,0,-,-,-,-,2716.2000,2715.0000,2714.0000,2713.6000,2713.0000,2717.8000,2720.0000,2722.8000,2723.2000,2725.2000,1,1,2,1,2,1,1,2,2,2
SF,IH2012,2020-05-07 09:36:06.100,2716.2000,1857,0,57036540.000,0,-,-,-,-,2716.2000,2715.0000,2714.0000,2713.6000,2713.0000,2717.8000,2720.0000,2722.8000,2723.2000,2725.2000,1,1,2,1,2,3,1,2,2,2
SF,IH2012,2020-05-07 09:36:06.600,2716.2000,1857,0,57851400.000,1,0,1,多换,S,2715.0000,2714.0000,2713.6000,2713.0000,2709.8000,2717.8000,2720.0000,2722.8000,2723.2000,2725.2000,1,2,1,2,1,3,1,2,2,2
SF,IH2012,2020-05-07 09:36:07.100,2716.2000,1857,0,57851400.000,0,-,-,-,-,2715.0000,2714.0000,2713.6000,2713.0000,2709.8000,2717.6000,2717.8000,2720.0000,2722.8000,2723.2000,1,2,1,2,1,2,3,1,2,2
SF,IH2012,2020-05-07 09:36:07.600,2716.2000,1857,0,57851400.000,0,-,-,-,-,2715.0000,2714.0000,2713.6000,2713.0000,2709.8000,2717.4000,2717.6000,2717.8000,2720.0000,2722.8000,1,2,1,2,1,3,2,1,1,2
SF,IH2012,2020-05-07 09:36:08.100,2716.2000,1857,0,57851400.000,0,-,-,-,-,2715.0000,2714.0000,2713.6000,2713.0000,2709.8000,2717.0000,2717.2000,2717.4000,2717.8000,2720.0000,1,2,1,2,1,1,2,3,1,1
SF,IH2012,2020-05-07 09:36:08.600,2716.2000,1857,0,57851400.000,0,-,-,-,-,2715.0000,2714.0000,2713.6000,2713.0000,2709.8000,2716.8000,2717.0000,2717.2000,2717.4000,2717.8000,1,2,1,2,1,2,1,2,3,1
SF,IH2012,2020-05-07 09:36:09.600,2716.2000,1857,0,57851400.000,0,-,-,-,-,2715.0000,2714.0000,2713.6000,2713.0000,2709.8000,2716.6000,2716.8000,2717.2000,2717.4000,2717.8000,1,2,1,2,1,1,2,2,3,1
SF,IH2012,2020-05-07 09:36:13.600,2716.2000,1857,0,57851400.000,0,-,-,-,-,2715.0000,2714.0000,2713.6000,2713.0000,2709.8000,2716.6000,2716.8000,2717.2000,2717.4000,2717.8000,1,2,1,2,1,1,1,2,3,1
SF,IH2012,2020-05-07 09:36:17.600,2716.2000,1857,0,57851400.000,0,-,-,-,-,2715.2000,2715.0000,2714.0000,2713.6000,2713.0000,2716.6000,2716.8000,2717.2000,2717.4000,2717.8000,1,1,2,1,2,1,1,2,3,1
SF,IH2012,2020-05-07 09:36:18.100,2716.2000,1857,0,57851400.000,0,-,-,-,-,2715.0000,2714.0000,2713.6000,2713.0000,2709.8000,2716.6000,2716.8000,2717.2000,2717.4000,2717.8000,1,2,1,2,1,1,1,1,3,1
SF,IH2012,2020-05-07 09:36:20.100,2716.2000,1857,0,57851400.000,0,-,-,-,-,2715.2000,2715.0000,2714.0000,2713.6000,2713.0000,2716.6000,2716.8000,2717.2000,2720.0000,2722.8000,2,1,2,1,2,1,1,1,1,2
SF,IH2012,2020-05-07 09:36:20.600,2716.2000,1857,0,57851400.000,0,-,-,-,-,2715.4000,2715.2000,2714.0000,2713.6000,2713.0000,2716.6000,2717.2000,2720.0000,2722.8000,2723.2000,1,2,2,1,2,1,1,1,2,2
SF,IH2012,2020-05-07 09:36:21.100,2716.2000,1857,0,57851400.000,0,-,-,-,-,2715.6000,2715.4000,2714.0000,2713.6000,2713.0000,2720.0000,2722.8000,2723.2000,2725.2000,2725.8000,2,1,2,1,2,1,2,2,2,2
SF,IH2012,2020-05-07 09:36:21.600,2716.2000,1857,0,57851400.000,0,-,-,-,-,2715.8000,2714.0000,2713.6000,2713.0000,2709.8000,2718.6000,2719.8000,2720.0000,2722.8000,2723.2000,1,2,1,2,1,1,3,1,2,2
SF,IH2012,2020-05-07 09:36:22.100,2716.2000,1857,0,57851400.000,0,-,-,-,-,2715.8000,2715.2000,2714.0000,2713.6000,2713.0000,2718.4000,2719.8000,2720.0000,2722.8000,2723.2000,1,1,2,1,2,2,1,1,2,2
SF,IH2012,2020-05-07 09:36:22.600,2716.2000,1857,0,57851400.000,0,-,-,-,-,2715.8000,2715.2000,2714.0000,2713.6000,2713.0000,2718.4000,2719.8000,2720.0000,2722.8000,2723.2000,1,1,2,1,2,3,1,1,2,2
SF,IH2012,2020-05-07 09:36:24.100,2716.2000,1857,0,57851400.000,0,-,-,-,-,2715.8000,2715.2000,2714.0000,2713.6000,2713.0000,2718.4000,2719.8000,2720.0000,2722.8000,2723.2000,1,1,2,1,2,4,1,1,2,2
SF,IH2012,2020-05-07 09:36:25.100,2716.2000,1857,0,57851400.000,0,-,-,-,-,2715.8000,2715.2000,2714.0000,2713.6000,2713.0000,2718.4000,2719.8000,2720.0000,2722.8000,2723.2000,1,1,2,1,2,2,1,1,2,2
SF,IH2012,2020-05-07 09:36:26.100,2716.2000,1857,0,57851400.000,0,-,-,-,-,2715.8000,2715.2000,2714.0000,2713.6000,2713.0000,2718.0000,2718.2000,2718.4000,2719.8000,2720.0000,1,1,2,1,2,1,1,2,1,1
SF,IH2012,2020-05-07 09:36:26.600,2716.2000,1857,0,57851400.000,0,-,-,-,-,2715.8000,2715.2000,2714.0000,2713.6000,2713.0000,2718.0000,2718.4000,2719.8000,2720.0000,2722.8000,1,1,2,1,2,1,2,1,1,2
SF,IH2012,2020-05-07 09:36:27.100,2716.2000,1857,0,57851400.000,0,-,-,-,-,2715.8000,2715.2000,2714.0000,2713.6000,2713.0000,2717.8000,2718.0000,2718.4000,2719.8000,2720.0000,1,1,2,1,2,1,1,1,1,1
SF,IH2012,2020-05-07 09:36:27.600,2716.2000,1857,0,57851400.000,0,-,-,-,-,2716.0000,2715.8000,2715.2000,2714.0000,2713.6000,2717.8000,2718.0000,2718.4000,2719.8000,2720.0000,1,1,1,2,1,1,1,1,1,1
SF,IH2012,2020-05-07 09:36:28.100,2716.2000,1857,0,57851400.000,0,-,-,-,-,2716.2000,2716.0000,2715.2000,2714.0000,2713.6000,2717.8000,2718.0000,2718.4000,2719.8000,2720.0000,1,1,1,2,1,1,1,1,1,1
SF,IH2012,2020-05-07 09:36:28.600,2716.2000,1857,0,57851400.000,0,-,-,-,-,2716.2000,2716.0000,2715.2000,2714.0000,2713.6000,2718.0000,2718.4000,2719.8000,2720.0000,2722.8000,1,1,1,2,1,1,1,1,1,2
SF,IH2012,2020-05-07 09:36:29.100,2716.2000,1857,0,57851400.000,0,-,-,-,-,2716.2000,2715.2000,2714.0000,2713.6000,2713.0000,2718.0000,2718.4000,2719.8000,2720.0000,2722.8000,1,1,2,1,2,1,1,1,1,2
SF,IH2012,2020-05-07 09:36:30.600,2716.2000,1857,0,57851400.000,0,-,-,-,-,2716.2000,2715.2000,2714.0000,2713.6000,2713.0000,2717.8000,2718.0000,2718.4000,2719.8000,2720.0000,1,1,2,1,2,1,1,1,1,1
SF,IH2012,2020-05-07 09:36:31.100,2716.2000,1857,0,57851400.000,0,-,-,-,-,2716.2000,2715.2000,2714.0000,2713.6000,2713.0000,2718.0000,2718.4000,2719.8000,2720.0000,2722.8000,1,1,2,1,2,1,1,1,1,2
SF,IH2012,2020-05-07 09:36:31.600,2716.2000,1857,0,57851400.000,0,-,-,-,-,2716.4000,2716.2000,2715.2000,2714.0000,2713.6000,2718.0000,2718.4000,2719.8000,2720.0000,2722.8000,1,1,1,2,1,1,1,1,1,2
SF,IH2012,2020-05-07 09:36:32.100,2716.2000,1857,0,57851400.000,0,-,-,-,-,2716.6000,2715.2000,2714.0000,2713.6000,2713.0000,2718.0000,2718.4000,2719.8000,2720.0000,2722.8000,1,1,1,1,2,1,1,1,1,2
SF,IH2012,2020-05-07 09:36:32.600,2718.0000,1857,0,58666800.000,1,0,1,多换,S,2716.6000,2715.2000,2714.0000,2713.6000,2713.0000,2719.8000,2720.0000,2722.8000,2723.2000,2725.2000,1,1,1,1,2,1,1,2,2,2
SF,IH2012,2020-05-07 09:36:33.100,2718.0000,1857,0,58666800.000,0,-,-,-,-,2716.6000,2715.2000,2714.0000,2713.6000,2713.0000,2719.2000,2719.6000,2719.8000,2720.0000,2722.8000,1,1,1,1,2,1,4,1,1,2
SF,IH2012,2020-05-07 09:36:33.600,2718.0000,1857,0,58666800.000,0,-,-,-,-,2716.6000,2715.2000,2714.0000,2713.6000,2713.0000,2718.8000,2719.0000,2719.2000,2719.6000,2719.8000,1,1,1,1,2,1,3,1,2,1
SF,IH2012,2020-05-07 09:36:34.100,2718.0000,1857,0,58666800.000,0,-,-,-,-,2716.6000,2715.2000,2714.0000,2713.6000,2713.0000,2718.6000,2718.8000,2719.0000,2719.2000,2719.6000,1,1,1,1,2,2,1,2,1,2
SF,IH2012,2020-05-07 09:36:34.600,2718.0000,1857,0,58666800.000,0,-,-,-,-,2716.6000,2715.2000,2714.0000,2713.6000,2713.0000,2718.6000,2718.8000,2719.0000,2719.6000,2719.8000,2,1,1,1,2,1,1,2,2,1
SF,IH2012,2020-05-07 09:36:35.100,2718.0000,1857,0,58666800.000,0,-,-,-,-,2716.8000,2716.6000,2715.2000,2714.0000,2713.6000,2718.8000,2719.0000,2719.6000,2719.8000,2720.0000,1,2,1,1,1,1,2,2,1,1
SF,IH2012,2020-05-07 09:36:35.600,2718.0000,1857,0,58666800.000,0,-,-,-,-,2717.0000,2716.8000,2716.6000,2715.2000,2714.0000,2718.8000,2719.0000,2719.6000,2719.8000,2720.0000,1,1,1,1,1,1,1,2,1,1
SF,IH2012,2020-05-07 09:36:36.100,2718.0000,1857,0,58666800.000,0,-,-,-,-,2717.0000,2715.2000,2714.0000,2713.6000,2713.0000,2719.0000,2719.8000,2720.0000,2722.8000,2723.2000,1,1,1,1,2,1,1,1,2,2
SF,IH2012,2020-05-07 09:36:36.600,2718.0000,1857,0,58666800.000,0,-,-,-,-,2717.4000,2717.0000,2715.2000,2714.0000,2713.6000,2719.0000,2719.8000,2720.0000,2722.8000,2723.2000,1,2,1,1,1,1,1,1,2,2
SF,IH2012,2020-05-07 09:36:37.100,2718.0000,1857,0,58666800.000,0,-,-,-,-,2717.6000,2715.2000,2714.0000,2713.6000,2713.0000,2720.0000,2722.8000,2723.2000,2725.2000,2725.8000,3,1,1,1,2,1,2,2,2,2
SF,IH2012,2020-05-07 09:36:37.600,2718.0000,1857,0,58666800.000,0,-,-,-,-,2717.6000,2715.2000,2714.0000,2713.6000,2713.0000,2719.8000,2720.0000,2722.8000,2723.2000,2725.2000,3,1,1,1,2,2,1,2,2,2
SF,IH2012,2020-05-07 09:36:38.100,2718.0000,1857,0,58666800.000,0,-,-,-,-,2717.6000,2715.2000,2714.0000,2713.6000,2713.0000,2719.8000,2720.0000,2722.8000,2723.2000,2725.2000,1,1,1,1,2,2,1,2,2,2
SF,IH2012,2020-05-07 09:36:39.100,2718.0000,1857,0,58666800.000,0,-,-,-,-,2717.6000,2715.2000,2714.0000,2713.6000,2713.0000,2719.6000,2719.8000,2720.0000,2722.8000,2723.2000,1,1,1,1,2,1,2,1,2,2
SF,IH2012,2020-05-07 09:36:39.600,2718.0000,1857,0,58666800.000,0,-,-,-,-,2717.6000,2715.2000,2714.0000,2713.6000,2713.0000,2719.4000,2719.6000,2719.8000,2720.0000,2722.8000,1,1,1,1,2,1,1,1,1,2
SF,IH2012,2020-05-07 09:36:40.100,2718.0000,1857,0,58666800.000,0,-,-,-,-,2717.6000,2715.2000,2714.0000,2713.6000,2713.0000,2719.2000,2719.4000,2719.6000,2719.8000,2720.0000,1,1,1,1,2,1,1,1,1,1
SF,IH2012,2020-05-07 09:36:42.600,2718.0000,1857,0,58666800.000,0,-,-,-,-,2717.8000,2717.6000,2715.2000,2714.0000,2713.6000,2719.2000,2719.4000,2719.8000,2720.0000,2722.8000,1,1,1,1,1,1,1,1,1,2
SF,IH2012,2020-05-07 09:36:43.100,2718.0000,1857,0,58666800.000,0,-,-,-,-,2718.0000,2715.2000,2714.0000,2713.6000,2713.0000,2719.2000,2719.4000,2719.8000,2720.0000,2722.8000,1,1,1,1,2,1,1,1,1,2
SF,IH2012,2020-05-07 09:36:43.600,2718.0000,1857,0,58666800.000,0,-,-,-,-,2718.0000,2715.2000,2714.0000,2713.6000,2713.0000,2719.2000,2719.4000,2720.0000,2722.8000,2723.2000,1,1,1,1,2,1,1,1,2,2
SF,IH2012,2020-05-07 09:36:44.100,2718.0000,1857,0,58666800.000,0,-,-,-,-,2718.0000,2715.2000,2714.0000,2713.6000,2713.0000,2719.0000,2719.2000,2719.4000,2720.0000,2722.8000,1,1,1,1,2,1,1,1,1,2
SF,IH2012,2020-05-07 09:36:44.600,2718.0000,1857,0,58666800.000,0,-,-,-,-,2718.0000,2715.2000,2714.0000,2713.6000,2713.0000,2719.2000,2720.0000,2722.8000,2723.2000,2725.2000,1,1,1,1,2,1,1,2,2,2
SF,IH2012,2020-05-07 09:36:45.100,2718.0000,1857,0,58666800.000,0,-,-,-,-,2718.2000,2718.0000,2715.2000,2714.0000,2713.6000,2719.2000,2720.0000,2722.8000,2723.2000,2725.2000,1,1,1,1,1,1,1,2,2,2
SF,IH2012,2020-05-07 09:36:45.600,2718.0000,1857,0,58666800.000,0,-,-,-,-,2718.4000,2718.2000,2715.2000,2714.0000,2713.6000,2719.2000,2720.0000,2722.8000,2723.2000,2725.2000,1,2,1,1,1,1,1,2,2,2
SF,IH2012,2020-05-07 09:36:46.100,2718.0000,1857,0,58666800.000,0,-,-,-,-,2718.4000,2715.2000,2714.0000,2713.6000,2713.0000,2720.0000,2722.8000,2723.2000,2725.2000,2725.8000,1,1,1,1,2,1,2,2,2,2
SF,IH2012,2020-05-07 09:36:46.600,2718.0000,1857,0,58666800.000,0,-,-,-,-,2718.4000,2715.2000,2714.0000,2713.6000,2713.0000,2719.8000,2720.0000,2722.8000,2723.2000,2725.2000,1,1,1,1,2,2,1,2,2,2
SF,IH2012,2020-05-07 09:36:47.100,2718.0000,1857,0,58666800.000,0,-,-,-,-,2718.4000,2715.2000,2714.0000,2713.6000,2713.0000,2720.0000,2722.8000,2723.2000,2725.2000,2725.8000,1,1,1,1,2,1,2,2,2,2
SF,IH2012,2020-05-07 09:36:47.600,2718.0000,1857,0,58666800.000,0,-,-,-,-,2718.4000,2715.2000,2714.0000,2713.6000,2713.0000,2719.8000,2720.0000,2722.8000,2723.2000,2725.2000,1,1,1,1,2,1,1,2,2,2
SF,IH2012,2020-05-07 09:36:48.100,2718.0000,1857,0,58666800.000,0,-,-,-,-,2718.4000,2715.2000,2714.0000,2713.6000,2713.0000,2719.8000,2720.0000,2722.8000,2723.2000,2725.2000,1,1,1,1,2,1,1,2,2,2
SF,IH2012,2020-05-07 09:36:50.100,2718.0000,1857,0,58666800.000,0,-,-,-,-,2718.4000,2715.2000,2714.0000,2713.6000,2713.0000,2719.6000,2719.8000,2720.0000,2722.8000,2723.2000,1,1,1,1,2,1,1,1,2,2
SF,IH2012,2020-05-07 09:36:50.600,2718.0000,1857,0,58666800.000,0,-,-,-,-,2718.4000,2715.2000,2714.0000,2713.6000,2713.0000,2719.8000,2720.0000,2722.8000,2723.2000,2725.2000,1,1,1,1,2,1,1,2,2,2
SF,IH2012,2020-05-07 09:36:52.100,2718.4000,1856,-1,59482320.000,1,0,1,双平,S,2715.2000,2714.0000,2713.6000,2713.0000,2709.8000,2719.6000,2719.8000,2720.0000,2722.8000,2723.2000,1,1,1,2,1,1,1,1,2,2
SF,IH2012,2020-05-07 09:36:52.600,2718.4000,1856,0,59482320.000,0,-,-,-,-,2717.6000,2715.4000,2715.2000,2714.0000,2713.6000,2719.4000,2719.6000,2719.8000,2720.0000,2722.8000,1,1,1,1,1,2,1,1,1,2
SF,IH2012,2020-05-07 09:36:53.100,2718.4000,1856,0,59482320.000,0,-,-,-,-,2717.8000,2717.6000,2715.2000,2714.0000,2713.6000,2719.4000,2719.6000,2719.8000,2720.0000,2722.8000,1,1,1,1,1,1,1,1,1,2
SF,IH2012,2020-05-07 09:36:53.600,2718.4000,1856,0,59482320.000,0,-,-,-,-,2717.8000,2717.6000,2715.2000,2714.0000,2713.6000,2719.2000,2719.4000,2720.0000,2722.8000,2723.2000,1,1,1,1,1,1,1,1,2,2
SF,IH2012,2020-05-07 09:36:54.100,2718.4000,1856,0,59482320.000,0,-,-,-,-,2717.8000,2717.6000,2715.2000,2714.0000,2713.6000,2719.2000,2720.0000,2722.8000,2723.2000,2725.2000,1,1,1,1,1,1,1,2,2,2
SF,IH2012,2020-05-07 09:36:55.600,2718.4000,1856,0,59482320.000,0,-,-,-,-,2717.8000,2715.2000,2714.0000,2713.6000,2713.0000,2719.2000,2720.0000,2722.8000,2723.2000,2725.2000,1,1,1,1,2,1,1,2,2,2
SF,IH2012,2020-05-07 09:36:56.100,2718.4000,1856,0,59482320.000,0,-,-,-,-,2718.0000,2717.8000,2715.2000,2714.0000,2713.6000,2719.2000,2720.0000,2722.8000,2723.2000,2725.2000,1,1,1,1,1,1,1,2,2,2
SF,IH2012,2020-05-07 09:36:56.600,2718.4000,1856,0,59482320.000,0,-,-,-,-,2717.8000,2715.2000,2714.0000,2713.6000,2713.0000,2719.2000,2720.0000,2722.8000,2723.2000,2725.2000,1,1,1,1,2,1,1,2,2,2
SF,IH2012,2020-05-07 09:36:57.600,2718.4000,1856,0,59482320.000,0,-,-,-,-,2717.8000,2715.2000,2714.0000,2713.6000,2713.0000,2719.2000,2720.0000,2722.8000,2723.2000,2725.2000,2,1,1,1,2,1,1,2,2,2
SF,IH2012,2020-05-07 09:36:58.100,2718.4000,1856,0,59482320.000,0,-,-,-,-,2717.8000,2714.0000,2713.6000,2713.0000,2709.8000,2719.2000,2720.0000,2722.8000,2723.2000,2725.2000,2,1,1,2,1,1,1,2,2,2
SF,IH2012,2020-05-07 09:37:01.100,2718.4000,1856,0,59482320.000,0,-,-,-,-,2717.8000,2714.0000,2713.6000,2713.0000,2709.8000,2719.2000,2720.0000,2722.8000,2723.2000,2725.2000,1,1,1,2,1,1,1,2,2,2
SF,IH2012,2020-05-07 09:37:01.600,2717.8000,1856,0,60297660.000,1,0,1,多换,S,2714.0000,2713.6000,2713.0000,2709.8000,2708.2000,2719.2000,2720.0000,2722.8000,2723.2000,2725.2000,1,1,2,1,1,1,1,2,2,2
SF,IH2012,2020-05-07 09:37:02.100,2717.8000,1856,0,60297660.000,0,-,-,-,-,2717.6000,2714.2000,2714.0000,2713.6000,2713.0000,2719.0000,2719.2000,2720.0000,2722.8000,2723.2000,1,1,1,1,2,2,1,1,2,2
SF,IH2012,2020-05-07 09:37:02.600,2717.8000,1856,0,60297660.000,0,-,-,-,-,2717.6000,2714.2000,2714.0000,2713.6000,2713.0000,2719.0000,2719.2000,2720.0000,2722.8000,2723.2000,1,1,1,1,2,1,1,1,2,2
SF,IH2012,2020-05-07 09:37:06.100,2717.8000,1856,0,60297660.000,0,-,-,-,-,2714.2000,2714.0000,2713.6000,2713.0000,2709.8000,2719.0000,2719.2000,2720.0000,2722.8000,2723.2000,1,1,1,2,1,1,1,1,2,2
SF,IH2012,2020-05-07 09:37:06.600,2717.8000,1856,0,60297660.000,0,-,-,-,-,2717.2000,2714.2000,2714.0000,2713.6000,2713.0000,2718.8000,2719.0000,2719.2000,2720.0000,2722.8000,1,1,1,1,2,1,1,1,1,2
SF,IH2012,2020-05-07 09:37:07.100,2717.8000,1856,0,60297660.000,0,-,-,-,-,2717.2000,2714.2000,2714.0000,2713.6000,2713.0000,2718.6000,2718.8000,2720.0000,2722.8000,2723.2000,1,1,1,1,2,1,2,1,2,2
SF,IH2012,2020-05-07 09:37:07.600,2717.8000,1856,0,60297660.000,0,-,-,-,-,2717.2000,2714.2000,2714.0000,2713.6000,2713.0000,2718.6000,2718.8000,2720.0000,2722.8000,2723.2000,1,1,1,1,2,1,1,1,2,2
SF,IH2012,2020-05-07 09:37:08.600,2717.2000,1855,-1,61112820.000,1,0,1,双平,S,2714.6000,2714.2000,2714.0000,2713.6000,2713.0000,2718.6000,2718.8000,2720.0000,2722.8000,2723.2000,1,1,1,1,2,1,1,1,2,2
SF,IH2012,2020-05-07 09:37:09.100,2717.2000,1855,0,61112820.000,0,-,-,-,-,2714.8000,2714.6000,2714.0000,2713.6000,2713.0000,2718.2000,2718.4000,2718.6000,2720.0000,2722.8000,1,1,1,1,2,1,4,1,1,2
SF,IH2012,2020-05-07 09:37:09.600,2717.2000,1855,0,61112820.000,0,-,-,-,-,2714.8000,2714.0000,2713.6000,2713.0000,2709.8000,2718.0000,2718.2000,2718.4000,2720.0000,2722.8000,1,1,1,2,1,2,1,1,1,2
SF,IH2012,2020-05-07 09:37:10.600,2717.2000,1855,0,61112820.000,0,-,-,-,-,2714.8000,2714.0000,2713.6000,2713.0000,2709.8000,2718.0000,2720.0000,2722.8000,2723.2000,2725.2000,1,1,1,2,1,3,1,2,2,2
SF,IH2012,2020-05-07 09:37:12.600,2714.8000,1855,0,61927260.000,1,0,1,多换,S,2714.0000,2713.6000,2713.0000,2709.8000,2708.2000,2714.8000,2718.0000,2720.0000,2722.8000,2723.2000,1,1,2,1,1,1,3,1,2,2
SF,IH2012,2020-05-07 09:37:13.100,2714.8000,1856,1,62741700.000,1,1,0,双开,S,2715.8000,2714.4000,2714.0000,2713.6000,2713.0000,2718.0000,2720.0000,2722.8000,2723.2000,2725.2000,2,1,1,1,2,3,1,2,2,2
SF,IH2012,2020-05-07 09:37:14.100,2714.8000,1856,0,62741700.000,0,-,-,-,-,2715.8000,2714.4000,2714.0000,2713.6000,2713.0000,2717.8000,2718.0000,2720.0000,2722.8000,2723.2000,2,1,1,1,2,1,3,1,2,2
SF,IH2012,2020-05-07 09:37:14.600,2714.8000,1856,0,62741700.000,0,-,-,-,-,2715.8000,2714.4000,2714.0000,2713.6000,2713.0000,2717.6000,2717.8000,2718.0000,2720.0000,2722.8000,2,1,1,1,2,1,1,1,1,2
SF,IH2012,2020-05-07 09:37:15.100,2714.8000,1856,0,62741700.000,0,-,-,-,-,2715.8000,2714.0000,2713.6000,2713.0000,2709.8000,2717.6000,2717.8000,2718.0000,2720.0000,2722.8000,2,1,1,2,1,1,1,1,1,2
SF,IH2012,2020-05-07 09:37:15.600,2714.8000,1856,0,62741700.000,0,-,-,-,-,2715.8000,2714.0000,2713.8000,2713.6000,2713.0000,2717.4000,2717.6000,2717.8000,2718.0000,2720.0000,2,1,1,1,2,1,1,1,1,1
SF,IH2012,2020-05-07 09:37:16.100,2714.8000,1856,0,62741700.000,0,-,-,-,-,2715.8000,2714.0000,2713.8000,2713.6000,2713.0000,2717.2000,2717.4000,2717.8000,2718.0000,2720.0000,2,1,1,1,2,1,1,1,1,1
SF,IH2012,2020-05-07 09:37:16.600,2714.8000,1856,0,62741700.000,0,-,-,-,-,2715.8000,2714.0000,2713.8000,2713.6000,2713.0000,2717.0000,2717.2000,2717.4000,2717.8000,2718.0000,2,1,1,1,2,1,1,1,1,1
SF,IH2012,2020-05-07 09:37:17.600,2714.8000,1856,0,62741700.000,0,-,-,-,-,2716.0000,2715.8000,2715.0000,2714.0000,2713.8000,2717.0000,2717.2000,2717.8000,2718.0000,2720.0000,1,2,1,1,1,1,1,1,1,1
SF,IH2012,2020-05-07 09:37:19.100,2714.8000,1856,0,62741700.000,0,-,-,-,-,2716.0000,2715.8000,2715.0000,2714.0000,2713.8000,2717.0000,2717.2000,2717.8000,2718.0000,2722.8000,1,2,1,1,1,1,1,1,1,2
SF,IH2012,2020-05-07 09:37:19.600,2716.0000,1855,-1,63556500.000,1,0,1,双平,S,2715.8000,2715.0000,2714.0000,2713.8000,2713.6000,2717.0000,2717.2000,2717.8000,2718.0000,2719.6000,2,1,1,1,1,1,1,1,1,1
SF,IH2012,2020-05-07 09:37:20.100,2716.0000,1855,0,63556500.000,0,-,-,-,-,2715.8000,2715.0000,2714.8000,2714.0000,2713.8000,2716.8000,2717.0000,2717.8000,2718.0000,2719.6000,2,1,1,1,1,1,1,1,1,1
SF,IH2012,2020-05-07 09:37:23.600,2716.0000,1855,0,63556500.000,0,-,-,-,-,2715.8000,2715.0000,2714.8000,2714.0000,2713.8000,2716.8000,2717.0000,2717.8000,2718.0000,2719.6000,2,1,1,1,1,1,1,1,1,1
SF,IH2012,2020-05-07 09:37:28.100,2716.0000,1855,0,63556500.000,0,-,-,-,-,2715.8000,2715.0000,2714.8000,2714.0000,2713.8000,2716.8000,2717.0000,2718.0000,2719.6000,2722.8000,2,1,1,1,1,1,1,1,1,2
SF,IH2012,2020-05-07 09:37:29.600,2715.8000,1854,-1,64371240.000,1,0,1,双平,S,2715.8000,2715.0000,2714.8000,2714.0000,2713.8000,2716.8000,2717.0000,2718.0000,2719.6000,2722.8000,1,1,1,1,1,1,1,1,1,2
SF,IH2012,2020-05-07 09:37:30.100,2715.8000,1854,0,64371240.000,0,-,-,-,-,2715.0000,2714.8000,2714.0000,2713.8000,2713.6000,2715.6000,2716.8000,2717.0000,2718.0000,2719.6000,1,1,1,1,1,2,1,1,1,1
SF,IH2012,2020-05-07 09:37:30.600,2715.6000,1854,0,66000600.000,2,1,1,多换,S,2715.6000,2715.0000,2714.8000,2714.0000,2713.8000,2716.8000,2717.0000,2718.0000,2719.6000,2722.8000,1,1,1,1,1,1,1,1,1,2
SF,IH2012,2020-05-07 09:37:31.100,2715.6000,1854,0,66000600.000,0,-,-,-,-,2715.6000,2715.0000,2714.8000,2714.0000,2713.8000,2716.8000,2718.0000,2719.6000,2722.8000,2723.2000,1,1,1,1,1,1,1,1,2,2
SF,IH2012,2020-05-07 09:37:31.600,2715.6000,1854,0,66000600.000,0,-,-,-,-,2715.6000,2715.0000,2714.8000,2714.0000,2713.8000,2716.6000,2716.8000,2718.0000,2719.6000,2722.8000,1,1,1,1,1,1,1,1,1,2
SF,IH2012,2020-05-07 09:37:32.100,2715.6000,1854,0,66000600.000,0,-,-,-,-,2715.6000,2715.0000,2714.8000,2714.0000,2713.8000,2716.6000,2716.8000,2718.0000,2719.6000,2722.8000,1,1,1,1,1,1,1,1,1,2
SF,IH2012,2020-05-07 09:37:35.100,2716.6000,1853,-1,66815580.000,1,0,1,双平,S,2716.6000,2715.6000,2714.8000,2714.0000,2713.8000,2716.8000,2718.0000,2719.6000,2722.8000,2723.2000,1,1,1,1,1,1,1,1,2,2
SF,IH2012,2020-05-07 09:37:35.600,2716.8000,1852,-1,67630620.000,1,0,1,双平,S,2716.8000,2716.6000,2715.8000,2715.6000,2714.8000,2719.6000,2722.8000,2723.2000,2725.2000,2725.8000,2,1,1,1,1,1,2,2,2,2
SF,IH2012,2020-05-07 09:37:36.100,2716.8000,1852,0,67630620.000,0,-,-,-,-,2716.8000,2716.6000,2715.6000,2714.8000,2714.0000,2718.4000,2719.4000,2719.6000,2722.8000,2723.2000,2,1,1,1,1,1,3,1,2,2
SF,IH2012,2020-05-07 09:37:36.600,2716.8000,1852,0,67630620.000,0,-,-,-,-,2716.8000,2716.6000,2715.6000,2714.8000,2714.0000,2718.2000,2718.4000,2719.4000,2719.6000,2722.8000,2,1,1,1,1,1,1,2,1,2
SF,IH2012,2020-05-07 09:37:37.100,2716.8000,1852,0,67630620.000,0,-,-,-,-,2716.8000,2716.6000,2715.6000,2714.8000,2714.0000,2718.2000,2719.4000,2719.6000,2722.8000,2723.2000,2,1,1,1,1,2,2,1,2,2
SF,IH2012,2020-05-07 09:37:38.100,2716.8000,1852,0,67630620.000,0,-,-,-,-,2716.8000,2716.6000,2715.6000,2714.8000,2714.0000,2718.0000,2718.2000,2719.4000,2719.6000,2722.8000,2,1,1,1,1,1,2,2,1,2
SF,IH2012,2020-05-07 09:37:38.600,2716.8000,1852,0,67630620.000,0,-,-,-,-,2716.8000,2716.6000,2715.6000,2714.8000,2714.0000,2718.2000,2719.4000,2719.6000,2722.8000,2723.2000,2,1,1,1,1,2,2,1,2,2
SF,IH2012,2020-05-07 09:37:50.600,2716.8000,1852,0,67630620.000,0,-,-,-,-,2716.8000,2716.6000,2715.6000,2715.0000,2714.8000,2718.2000,2719.4000,2719.6000,2722.8000,2723.2000,2,1,1,1,1,2,2,1,2,2
SF,IH2012,2020-05-07 09:37:51.100,2716.8000,1852,0,67630620.000,0,-,-,-,-,2716.8000,2716.6000,2715.6000,2715.0000,2714.8000,2718.2000,2719.4000,2719.6000,2722.8000,2723.2000,2,1,1,1,1,1,2,1,2,2
SF,IH2012,2020-05-07 09:37:52.100,2716.8000,1852,0,67630620.000,0,-,-,-,-,2716.8000,2716.6000,2715.6000,2715.0000,2714.8000,2718.0000,2718.2000,2719.4000,2719.6000,2722.8000,2,1,1,1,1,1,1,2,1,2
SF,IH2012,2020-05-07 09:37:52.600,2716.8000,1852,0,67630620.000,0,-,-,-,-,2716.8000,2716.6000,2715.6000,2715.0000,2714.8000,2717.8000,2718.0000,2718.2000,2719.4000,2719.6000,2,1,1,1,1,1,1,1,2,1
SF,IH2012,2020-05-07 09:37:53.100,2716.8000,1851,-1,68445660.000,1,0,1,双平,S,2716.8000,2716.6000,2715.6000,2715.0000,2714.8000,2717.8000,2718.0000,2718.2000,2719.4000,2719.6000,1,1,1,1,1,1,1,1,2,1
SF,IH2012,2020-05-07 09:37:54.100,2716.8000,1851,0,68445660.000,0,-,-,-,-,2716.8000,2716.6000,2715.6000,2715.0000,2714.8000,2717.8000,2719.4000,2719.6000,2722.8000,2723.2000,1,1,1,1,1,1,2,1,2,2
SF,IH2012,2020-05-07 09:37:54.600,2716.8000,1851,0,68445660.000,0,-,-,-,-,2717.8000,2717.0000,2716.8000,2716.6000,2715.6000,2719.4000,2719.6000,2722.8000,2723.2000,2725.2000,1,2,1,1,1,2,1,2,2,2
SF,IH2012,2020-05-07 09:37:55.100,2717.8000,1851,0,69261000.000,1,0,1,多换,S,2717.0000,2716.8000,2716.6000,2715.6000,2715.0000,2718.8000,2719.2000,2719.4000,2719.6000,2722.8000,1,1,1,1,1,1,2,1,1,2
SF,IH2012,2020-05-07 09:37:55.600,2717.8000,1851,0,69261000.000,0,-,-,-,-,2717.0000,2716.8000,2716.6000,2715.6000,2715.0000,2718.6000,2718.8000,2719.2000,2719.4000,2719.6000,1,1,1,1,1,2,1,1,1,1
SF,IH2012,2020-05-07 09:37:59.100,2717.8000,1851,0,69261000.000,0,-,-,-,-,2717.0000,2716.8000,2716.6000,2715.6000,2715.0000,2717.8000,2718.6000,2718.8000,2719.2000,2719.4000,1,1,1,1,1,1,2,1,1,1
SF,IH2012,2020-05-07 09:38:06.600,2717.0000,1850,-1,70076100.000,1,0,1,双平,S,2716.8000,2716.6000,2715.6000,2715.0000,2714.0000,2717.8000,2718.6000,2718.8000,2719.2000,2719.4000,1,1,1,1,1,1,2,1,1,1
SF,IH2012,2020-05-07 09:38:07.100,2717.0000,1850,0,70076100.000,0,-,-,-,-,2716.8000,2716.6000,2715.6000,2715.0000,2714.8000,2717.6000,2717.8000,2718.6000,2718.8000,2719.2000,1,1,1,1,1,1,1,1,1,1
SF,IH2012,2020-05-07 09:38:08.100,2717.0000,1850,0,70076100.000,0,-,-,-,-,2716.6000,2715.6000,2715.0000,2714.8000,2714.0000,2717.6000,2717.8000,2718.6000,2718.8000,2719.2000,1,1,1,1,1,1,1,1,1,1
SF,IH2012,2020-05-07 09:38:08.600,2717.0000,1850,0,70076100.000,0,-,-,-,-,2715.6000,2715.0000,2714.8000,2714.0000,2713.6000,2717.6000,2717.8000,2718.6000,2718.8000,2719.2000,1,1,1,1,1,1,1,1,1,1
SF,IH2012,2020-05-07 09:38:09.100,2717.0000,1850,0,70076100.000,0,-,-,-,-,2715.8000,2715.6000,2715.0000,2714.8000,2714.0000,2717.4000,2717.6000,2717.8000,2718.6000,2718.8000,1,1,1,1,1,1,1,1,1,1
SF,IH2012,2020-05-07 09:38:09.600,2717.0000,1850,0,70076100.000,0,-,-,-,-,2715.8000,2715.6000,2715.0000,2714.8000,2714.0000,2717.2000,2717.4000,2717.8000,2718.6000,2718.8000,1,1,1,1,1,1,1,1,1,1
SF,IH2012,2020-05-07 09:38:10.100,2717.0000,1850,0,70076100.000,0,-,-,-,-,2715.6000,2715.0000,2714.8000,2714.0000,2713.6000,2717.2000,2717.4000,2717.8000,2718.6000,2718.8000,1,1,1,1,1,2,1,1,1,1
SF,IH2012,2020-05-07 09:38:11.100,2717.0000,1850,0,70076100.000,0,-,-,-,-,2715.8000,2715.6000,2715.0000,2714.8000,2714.0000,2717.2000,2717.4000,2717.8000,2718.6000,2718.8000,2,1,1,1,1,1,1,1,1,1
SF,IH2012,2020-05-07 09:38:11.600,2717.0000,1850,0,70076100.000,0,-,-,-,-,2715.8000,2715.6000,2715.0000,2714.8000,2714.0000,2717.2000,2717.8000,2718.6000,2718.8000,2719.2000,2,1,1,1,1,1,1,1,1,1
SF,IH2012,2020-05-07 09:38:17.600,2717.0000,1850,0,70076100.000,0,-,-,-,-,2715.6000,2715.0000,2714.8000,2714.0000,2713.6000,2717.0000,2717.2000,2717.8000,2718.6000,2718.8000,1,1,1,1,1,1,1,1,1,1
SF,IH2012,2020-05-07 09:38:18.100,2717.0000,1850,0,70076100.000,0,-,-,-,-,2715.6000,2715.0000,2714.8000,2714.0000,2713.6000,2716.8000,2717.8000,2718.6000,2718.8000,2719.2000,1,1,1,1,1,1,1,1,1,1
SF,IH2012,2020-05-07 09:38:19.100,2717.0000,1850,0,70076100.000,0,-,-,-,-,2715.8000,2715.6000,2715.0000,2714.8000,2714.0000,2716.8000,2717.8000,2718.6000,2718.8000,2719.2000,2,1,1,1,1,1,1,1,1,1
SF,IH2012,2020-05-07 09:38:19.600,2717.0000,1850,0,70076100.000,0,-,-,-,-,2715.8000,2715.6000,2715.0000,2714.8000,2714.0000,2717.8000,2718.6000,2718.8000,2719.2000,2719.4000,2,1,1,1,1,1,1,1,1,1
SF,IH2012,2020-05-07 09:38:20.100,2717.0000,1850,0,70076100.000,0,-,-,-,-,2716.0000,2715.8000,2715.6000,2715.0000,2714.8000,2717.6000,2717.8000,2718.6000,2718.8000,2719.2000,1,2,1,1,1,1,1,1,1,1
SF,IH2012,2020-05-07 09:38:21.100,2717.0000,1850,0,70076100.000,0,-,-,-,-,2716.2000,2716.0000,2715.6000,2715.0000,2714.8000,2717.6000,2717.8000,2718.6000,2718.8000,2719.2000,2,1,1,1,1,1,1,1,1,1
SF,IH2012,2020-05-07 09:38:23.100,2717.0000,1850,0,70076100.000,0,-,-,-,-,2716.2000,2716.0000,2715.6000,2715.0000,2714.8000,2717.6000,2717.8000,2718.8000,2719.2000,2719.4000,2,1,1,1,1,1,1,1,1,1
SF,IH2012,2020-05-07 09:38:26.100,2717.0000,1850,0,70076100.000,0,-,-,-,-,2716.0000,2715.6000,2715.0000,2714.8000,2714.0000,2717.6000,2717.8000,2718.8000,2719.2000,2719.4000,1,1,1,1,1,1,1,1,1,1
SF,IH2012,2020-05-07 09:38:26.600,2717.0000,1850,0,70076100.000,0,-,-,-,-,2715.6000,2715.0000,2714.8000,2714.0000,2713.6000,2717.6000,2717.8000,2718.8000,2719.2000,2719.4000,1,1,1,1,1,1,1,1,1,1
SF,IH2012,2020-05-07 09:38:27.100,2717.0000,1850,0,70076100.000,0,-,-,-,-,2715.8000,2715.6000,2715.0000,2714.8000,2714.0000,2717.6000,2717.8000,2718.8000,2719.2000,2719.4000,1,1,1,1,1,1,1,1,1,1
SF,IH2012,2020-05-07 09:38:28.100,2717.0000,1850,0,70076100.000,0,-,-,-,-,2715.8000,2715.6000,2715.0000,2714.8000,2714.0000,2717.4000,2717.6000,2717.8000,2718.8000,2719.2000,1,1,1,1,1,1,1,1,1,1
SF,IH2012,2020-05-07 09:38:28.600,2717.0000,1850,0,70076100.000,0,-,-,-,-,2715.6000,2715.0000,2714.8000,2714.0000,2713.6000,2717.2000,2717.4000,2717.8000,2718.8000,2719.2000,1,1,1,1,1,1,1,1,1,1
SF,IH2012,2020-05-07 09:38:36.100,2717.0000,1850,0,70076100.000,0,-,-,-,-,2715.6000,2715.0000,2714.8000,2714.0000,2713.6000,2717.0000,2717.2000,2717.4000,2717.8000,2718.8000,1,1,1,1,1,1,1,1,1,1
SF,IH2012,2020-05-07 09:38:36.600,2717.0000,1850,0,70076100.000,0,-,-,-,-,2715.6000,2715.0000,2714.8000,2714.0000,2713.6000,2716.8000,2717.0000,2717.4000,2717.8000,2718.8000,1,1,1,1,1,1,1,1,1,1
SF,IH2012,2020-05-07 09:38:38.600,2717.0000,1850,0,70076100.000,0,-,-,-,-,2715.8000,2715.6000,2715.0000,2714.8000,2714.0000,2716.8000,2717.4000,2717.8000,2718.8000,2719.2000,1,1,1,1,1,1,1,1,1,1
SF,IH2012,2020-05-07 09:38:40.100,2717.0000,1850,0,70076100.000,0,-,-,-,-,2715.8000,2715.6000,2715.0000,2714.8000,2714.0000,2716.8000,2717.4000,2718.8000,2719.2000,2719.4000,1,1,1,1,1,1,1,1,1,1
SF,IH2012,2020-05-07 09:38:41.600,2717.0000,1850,0,70076100.000,0,-,-,-,-,2715.8000,2715.6000,2715.0000,2714.8000,2714.0000,2716.6000,2716.8000,2717.4000,2718.8000,2719.2000,1,1,1,1,1,1,1,1,1,1
SF,IH2012,2020-05-07 09:38:42.100,2717.0000,1850,0,70076100.000,0,-,-,-,-,2715.8000,2715.6000,2715.0000,2714.8000,2714.0000,2716.8000,2717.4000,2718.8000,2719.2000,2719.4000,1,1,1,1,1,1,1,1,1,1
SF,IH2012,2020-05-07 09:38:42.600,2717.0000,1850,0,70076100.000,0,-,-,-,-,2715.6000,2715.0000,2714.8000,2714.0000,2713.6000,2716.8000,2717.4000,2718.8000,2719.2000,2719.4000,1,1,1,1,1,1,1,1,1,1
SF,IH2012,2020-05-07 09:38:43.100,2717.0000,1850,0,70076100.000,0,-,-,-,-,2715.6000,2715.0000,2714.8000,2714.0000,2713.8000,2716.6000,2716.8000,2717.4000,2718.8000,2719.2000,1,1,1,1,1,1,1,1,1,1
SF,IH2012,2020-05-07 09:38:43.600,2717.0000,1850,0,70076100.000,0,-,-,-,-,2715.6000,2715.0000,2714.8000,2714.0000,2713.8000,2716.8000,2717.4000,2718.8000,2719.2000,2719.4000,1,1,1,1,1,1,1,1,1,1
SF,IH2012,2020-05-07 09:38:44.100,2717.0000,1850,0,70076100.000,0,-,-,-,-,2715.6000,2715.0000,2714.8000,2714.0000,2713.8000,2716.8000,2717.4000,2718.8000,2719.2000,2719.4000,1,1,1,1,1,1,1,1,1,1
SF,IH2012,2020-05-07 09:38:52.100,2717.0000,1850,0,70076100.000,0,-,-,-,-,2715.8000,2715.6000,2715.0000,2714.8000,2714.0000,2716.8000,2717.4000,2718.8000,2719.2000,2719.4000,1,1,1,1,1,1,1,1,1,1
SF,IH2012,2020-05-07 09:38:58.600,2717.0000,1850,0,70076100.000,0,-,-,-,-,2715.8000,2715.6000,2715.0000,2714.8000,2714.0000,2716.6000,2716.8000,2717.4000,2718.8000,2719.2000,1,1,1,1,1,1,1,1,1,1
SF,IH2012,2020-05-07 09:38:59.100,2717.0000,1850,0,70076100.000,0,-,-,-,-,2715.6000,2715.0000,2714.8000,2714.0000,2713.8000,2716.6000,2716.8000,2717.4000,2718.8000,2719.2000,1,1,1,1,1,1,1,1,1,1
SF,IH2012,2020-05-07 09:39:00.100,2717.0000,1850,0,70076100.000,0,-,-,-,-,2715.0000,2714.8000,2714.0000,2713.8000,2713.6000,2715.6000,2716.6000,2716.8000,2717.4000,2718.8000,1,1,1,1,1,1,1,1,1,1
SF,IH2012,2020-05-07 09:39:00.600,2717.0000,1850,0,70076100.000,0,-,-,-,-,2714.8000,2714.0000,2713.8000,2713.6000,2713.0000,2716.6000,2716.8000,2717.4000,2718.8000,2719.2000,1,1,1,1,2,1,1,1,1,1
SF,IH2012,2020-05-07 09:39:01.100,2717.0000,1850,0,70076100.000,0,-,-,-,-,2714.8000,2714.0000,2713.8000,2713.6000,2713.0000,2716.4000,2716.6000,2717.4000,2718.8000,2719.2000,1,1,1,1,2,1,1,1,1,1
SF,IH2012,2020-05-07 09:39:02.100,2717.0000,1850,0,70076100.000,0,-,-,-,-,2714.8000,2714.0000,2713.8000,2713.6000,2713.0000,2716.2000,2716.4000,2716.6000,2717.4000,2718.8000,1,1,1,1,2,1,1,1,1,1
SF,IH2012,2020-05-07 09:39:02.600,2714.8000,1850,0,70890540.000,1,0,1,多换,S,2714.0000,2713.8000,2713.6000,2713.0000,2712.8000,2716.0000,2716.2000,2716.6000,2717.4000,2718.8000,1,1,1,2,1,1,1,1,1,1
SF,IH2012,2020-05-07 09:39:03.100,2714.2000,1849,-1,71704800.000,1,0,1,双平,S,2714.0000,2713.8000,2713.6000,2713.0000,2712.8000,2716.0000,2716.2000,2716.6000,2717.4000,2718.8000,1,1,1,2,1,1,1,1,1,1
SF,IH2012,2020-05-07 09:39:03.600,2714.2000,1849,0,71704800.000,0,-,-,-,-,2714.2000,2714.0000,2713.8000,2713.6000,2713.0000,2716.0000,2716.2000,2716.6000,2717.4000,2718.8000,1,1,1,1,2,1,1,1,1,1
SF,IH2012,2020-05-07 09:39:05.100,2714.2000,1849,0,71704800.000,0,-,-,-,-,2714.2000,2714.0000,2713.8000,2713.6000,2713.0000,2715.8000,2716.0000,2716.2000,2716.6000,2717.4000,1,1,1,1,2,1,1,1,1,1
SF,IH2012,2020-05-07 09:39:05.600,2714.2000,1849,0,71704800.000,0,-,-,-,-,2714.4000,2714.0000,2713.8000,2713.6000,2713.0000,2715.6000,2716.2000,2716.6000,2717.4000,2718.8000,2,1,1,1,2,1,1,1,1,1
SF,IH2012,2020-05-07 09:39:06.600,2714.2000,1849,0,71704800.000,0,-,-,-,-,2714.0000,2713.8000,2713.6000,2713.0000,2712.8000,2715.6000,2716.2000,2716.6000,2717.4000,2718.8000,1,1,1,2,1,1,1,1,1,1
SF,IH2012,2020-05-07 09:39:07.100,2714.2000,1849,0,71704800.000,0,-,-,-,-,2714.2000,2714.0000,2713.8000,2713.6000,2713.0000,2715.6000,2716.2000,2716.6000,2717.4000,2718.8000,1,1,1,1,2,1,1,1,1,1
SF,IH2012,2020-05-07 09:39:07.600,2714.2000,1849,0,71704800.000,0,-,-,-,-,2714.0000,2713.8000,2713.6000,2713.0000,2712.8000,2715.6000,2716.2000,2716.6000,2717.4000,2718.8000,1,1,1,2,1,1,1,1,1,1
SF,IH2012,2020-05-07 09:39:09.100,2714.2000,1849,0,71704800.000,0,-,-,-,-,2714.2000,2714.0000,2713.8000,2713.6000,2713.0000,2715.6000,2716.2000,2716.6000,2717.4000,2718.8000,1,1,1,1,2,1,1,1,1,1
SF,IH2012,2020-05-07 09:39:14.100,2714.2000,1849,0,71704800.000,0,-,-,-,-,2714.2000,2714.0000,2713.8000,2713.6000,2713.0000,2715.6000,2716.6000,2717.4000,2718.8000,2719.2000,1,1,1,1,2,1,1,1,1,1
SF,IH2012,2020-05-07 09:39:15.100,2714.2000,1849,0,71704800.000,0,-,-,-,-,2714.2000,2714.0000,2713.8000,2713.6000,2713.0000,2715.6000,2717.4000,2718.8000,2719.2000,2719.4000,1,1,1,1,2,1,1,1,1,1
SF,IH2012,2020-05-07 09:39:15.600,2715.6000,1848,-1,72519480.000,1,0,1,双平,S,2714.4000,2714.2000,2714.0000,2713.8000,2713.6000,2717.4000,2718.8000,2719.2000,2719.4000,2719.6000,1,1,1,1,1,1,1,1,1,1
SF,IH2012,2020-05-07 09:39:16.100,2715.6000,1848,0,72519480.000,0,-,-,-,-,2714.4000,2714.2000,2714.0000,2713.8000,2713.6000,2717.2000,2717.4000,2718.8000,2719.2000,2719.4000,1,1,1,1,1,4,1,1,1,1
SF,IH2012,2020-05-07 09:39:16.600,2715.6000,1848,0,72519480.000,0,-,-,-,-,2714.4000,2714.0000,2713.8000,2713.6000,2713.0000,2717.2000,2717.4000,2718.8000,2719.2000,2719.4000,1,1,1,1,2,4,1,1,1,1
SF,IH2012,2020-05-07 09:39:18.100,2715.6000,1848,0,72519480.000,0,-,-,-,-,2714.4000,2714.0000,2713.8000,2713.6000,2713.0000,2717.0000,2717.2000,2717.4000,2718.8000,2719.2000,1,1,1,1,2,1,4,1,1,1
SF,IH2012,2020-05-07 09:39:18.600,2715.6000,1848,0,72519480.000,0,-,-,-,-,2714.4000,2714.0000,2713.8000,2713.6000,2713.0000,2716.8000,2717.0000,2717.2000,2717.4000,2718.8000,1,1,1,1,2,3,1,2,1,1
SF,IH2012,2020-05-07 09:39:20.100,2715.6000,1848,0,72519480.000,0,-,-,-,-,2714.4000,2714.0000,2713.8000,2713.6000,2713.0000,2716.8000,2717.2000,2717.4000,2718.8000,2719.2000,1,1,1,1,2,3,2,1,1,1
SF,IH2012,2020-05-07 09:39:20.600,2715.6000,1848,0,72519480.000,0,-,-,-,-,2714.4000,2714.0000,2713.8000,2713.6000,2713.0000,2716.6000,2716.8000,2717.2000,2717.4000,2718.8000,1,1,1,1,2,1,3,2,1,1
SF,IH2012,2020-05-07 09:39:21.100,2715.6000,1848,0,72519480.000,0,-,-,-,-,2714.4000,2714.0000,2713.8000,2713.6000,2713.0000,2716.4000,2716.6000,2716.8000,2717.2000,2717.4000,1,1,1,1,2,2,1,2,2,1
SF,IH2012,2020-05-07 09:39:24.600,2715.6000,1848,0,72519480.000,0,-,-,-,-,2714.4000,2714.0000,2713.8000,2713.6000,2713.0000,2716.4000,2716.6000,2716.8000,2717.2000,2717.4000,1,1,1,1,2,2,1,2,2,1
SF,IH2012,2020-05-07 09:39:25.600,2715.6000,1848,0,72519480.000,0,-,-,-,-,2714.4000,2714.0000,2713.8000,2713.6000,2713.0000,2716.4000,2716.6000,2716.8000,2717.0000,2717.2000,1,1,1,1,2,2,1,2,1,2
SF,IH2012,2020-05-07 09:39:27.100,2715.6000,1848,0,72519480.000,0,-,-,-,-,2714.4000,2714.0000,2713.8000,2713.6000,2713.0000,2716.4000,2716.6000,2716.8000,2717.0000,2717.2000,1,1,1,1,2,1,1,2,1,2
SF,IH2012,2020-05-07 09:39:27.600,2715.6000,1848,0,72519480.000,0,-,-,-,-,2714.4000,2714.0000,2713.8000,2713.6000,2713.0000,2716.2000,2716.4000,2716.6000,2716.8000,2717.0000,1,1,1,1,2,1,1,1,2,1
SF,IH2012,2020-05-07 09:39:28.100,2715.6000,1848,0,72519480.000,0,-,-,-,-,2714.4000,2714.0000,2713.8000,2713.6000,2713.0000,2716.0000,2716.2000,2716.6000,2716.8000,2717.0000,1,1,1,1,2,1,1,1,2,1
SF,IH2012,2020-05-07 09:39:30.100,2715.6000,1848,0,72519480.000,0,-,-,-,-,2714.4000,2714.0000,2713.8000,2713.6000,2713.0000,2716.0000,2716.2000,2716.6000,2716.8000,2717.0000,1,1,1,1,2,1,1,1,2,1
SF,IH2012,2020-05-07 09:39:30.600,2715.6000,1848,0,72519480.000,0,-,-,-,-,2714.4000,2714.0000,2713.8000,2713.6000,2713.4000,2716.0000,2716.2000,2716.6000,2716.8000,2717.0000,1,1,1,1,2,1,1,1,2,1
SF,IH2012,2020-05-07 09:39:37.600,2715.6000,1848,0,72519480.000,0,-,-,-,-,2714.4000,2714.0000,2713.8000,2713.6000,2713.4000,2715.8000,2716.0000,2716.2000,2716.6000,2716.8000,1,1,1,1,2,1,1,1,1,2
SF,IH2012,2020-05-07 09:39:38.100,2714.4000,1847,-1,73333800.000,1,0,1,双平,S,2714.0000,2713.8000,2713.6000,2713.4000,2713.0000,2715.6000,2715.8000,2716.2000,2716.6000,2716.8000,1,1,1,2,2,1,1,1,1,2
