市场代码,合约代码,时间,最新,持仓,增仓,成交额,成交量,开仓,平仓,成交类型,方向,买一价,买二价,买三价,买四价,买五价,卖一价,卖二价,卖三价,卖四价,卖五价,买一量,买二量,买三量,买四量,买五量,卖一量,卖二量,卖三量,卖四量,卖五量
SF,IH2012,2020-05-28 09:29:00.100,2665.4000,3774,0,0.000,0.000,-,-,-,-,2663.6000,2662.0000,2658.2000,2657.8000,2657.0000,2671.2000,2673.8000,2675.0000,2675.4000,2676.0000,1,1,1,1,1,2,1,1,3,1
SF,IH2012,2020-05-28 09:30:00.100,2665.4000,3774,0,0.000,0,-,-,-,-,2664.0000,2663.6000,2662.0000,2658.2000,2657.0000,2671.2000,2675.0000,2675.4000,2676.0000,2677.0000,5,1,1,1,1,2,1,3,1,1
SF,IH2012,2020-05-28 09:30:00.600,2671.2000,3775,1,801360.000,1,1,0,双开,S,2664.2000,2664.0000,2663.6000,2662.0000,2658.2000,2671.2000,2675.0000,2676.0000,2677.0000,2677.8000,1,5,1,1,1,1,1,1,1,1
SF,IH2012,2020-05-28 09:30:01.100,2671.2000,3775,0,801360.000,0,-,-,-,-,2664.6000,2664.4000,2664.2000,2663.8000,2663.6000,2671.0000,2675.0000,2676.0000,2677.0000,2677.8000,4,1,2,5,1,1,1,1,1,1
SF,IH2012,2020-05-28 09:30:01.600,2671.2000,3775,0,801360.000,0,-,-,-,-,2664.8000,2664.6000,2663.8000,2663.6000,2662.0000,2671.0000,2675.0000,2676.0000,2677.0000,2677.8000,2,4,5,1,1,1,1,1,1,1
SF,IH2012,2020-05-28 09:30:02.100,2671.2000,3775,0,801360.000,0,-,-,-,-,2665.2000,2664.8000,2663.8000,2663.6000,2662.0000,2671.0000,2675.0000,2676.0000,2677.0000,2677.8000,4,2,5,1,1,1,1,1,1,1
SF,IH2012,2020-05-28 09:30:02.600,2671.2000,3775,0,801360.000,0,-,-,-,-,2665.4000,2665.2000,2665.0000,2663.8000,2663.6000,2671.0000,2675.0000,2676.0000,2677.0000,2677.8000,4,4,1,5,1,1,1,1,1,1
SF,IH2012,2020-05-28 09:30:03.100,2671.2000,3775,0,801360.000,0,-,-,-,-,2665.8000,2665.4000,2663.8000,2663.6000,2662.0000,2671.0000,2675.0000,2676.0000,2677.0000,2677.8000,4,5,5,1,1,1,1,1,1,1
SF,IH2012,2020-05-28 09:30:03.600,2671.2000,3775,0,801360.000,0,-,-,-,-,2666.0000,2665.8000,2665.4000,2663.8000,2663.6000,2671.0000,2675.0000,2676.0000,2677.0000,2677.8000,2,4,2,5,1,1,1,1,1,1
SF,IH2012,2020-05-28 09:30:04.100,2671.2000,3775,0,801360.000,0,-,-,-,-,2667.2000,2666.4000,2666.0000,2665.4000,2663.8000,2670.8000,2671.0000,2672.6000,2675.0000,2676.0000,1,4,2,2,5,1,1,1,1,1
SF,IH2012,2020-05-28 09:30:04.600,2671.2000,3775,0,801360.000,0,-,-,-,-,2667.6000,2667.4000,2667.2000,2665.4000,2663.8000,2670.8000,2672.6000,2675.0000,2676.0000,2677.0000,4,1,1,2,5,1,1,1,1,1
SF,IH2012,2020-05-28 09:30:05.100,2671.2000,3775,0,801360.000,0,-,-,-,-,2667.8000,2667.6000,2667.2000,2665.4000,2663.8000,2670.8000,2672.6000,2675.0000,2676.0000,2677.0000,1,4,1,2,5,1,1,1,1,1
SF,IH2012,2020-05-28 09:30:05.600,2671.2000,3775,0,801360.000,0,-,-,-,-,2668.2000,2667.8000,2667.2000,2665.4000,2663.8000,2670.6000,2670.8000,2672.6000,2675.0000,2676.0000,4,1,1,2,5,1,1,1,1,1
SF,IH2012,2020-05-28 09:30:06.100,2671.2000,3775,0,801360.000,0,-,-,-,-,2668.4000,2668.2000,2668.0000,2667.2000,2665.4000,2670.4000,2670.6000,2672.6000,2675.0000,2676.0000,1,4,1,1,2,1,1,1,1,1
SF,IH2012,2020-05-28 09:30:06.600,2671.2000,3775,0,801360.000,0,-,-,-,-,2668.2000,2665.4000,2663.8000,2662.0000,2657.0000,2670.2000,2670.4000,2672.6000,2675.0000,2676.0000,4,2,5,1,1,1,1,1,1,1
SF,IH2012,2020-05-28 09:30:07.100,2668.2000,3774,-1,1601820.000,1,0,1,双平,S,2665.4000,2663.8000,2662.0000,2657.0000,2635.0000,2670.0000,2670.2000,2672.6000,2675.0000,2676.0000,2,5,1,1,1,1,1,1,1,1
SF,IH2012,2020-05-28 09:30:07.600,2668.2000,3774,0,1601820.000,0,-,-,-,-,2665.8000,2665.6000,2665.4000,2663.8000,2662.0000,2670.0000,2672.6000,2675.0000,2676.0000,2677.0000,3,2,1,5,1,1,1,1,1,1
SF,IH2012,2020-05-28 09:30:08.100,2668.2000,3774,0,1601820.000,0,-,-,-,-,2666.0000,2665.8000,2665.4000,2663.8000,2662.0000,2670.0000,2672.6000,2675.0000,2676.0000,2677.0000,1,3,1,5,1,1,1,1,1,1
SF,IH2012,2020-05-28 09:30:08.600,2668.2000,3774,0,1601820.000,0,-,-,-,-,2666.4000,2666.0000,2665.4000,2663.8000,2662.0000,2669.8000,2670.0000,2672.6000,2675.0000,2676.0000,3,2,1,5,1,1,1,1,1,1
SF,IH2012,2020-05-28 09:30:09.100,2668.2000,3774,0,1601820.000,0,-,-,-,-,2666.6000,2666.4000,2665.4000,2663.8000,2662.0000,2669.6000,2669.8000,2672.6000,2675.0000,2676.0000,1,3,1,5,1,1,1,1,1,1
SF,IH2012,2020-05-28 09:30:09.600,2668.2000,3774,0,1601820.000,0,-,-,-,-,2667.0000,2666.6000,2665.4000,2663.8000,2662.0000,2669.4000,2669.6000,2672.6000,2675.0000,2676.0000,3,2,1,5,1,1,1,1,1,1
SF,IH2012,2020-05-28 09:30:10.100,2668.2000,3774,0,1601820.000,0,-,-,-,-,2665.4000,2663.8000,2662.0000,2657.0000,2635.0000,2669.2000,2669.4000,2672.6000,2675.0000,2676.0000,1,5,1,1,1,1,2,1,1,1
SF,IH2012,2020-05-28 09:30:10.600,2668.2000,3774,0,1601820.000,0,-,-,-,-,2667.4000,2665.6000,2665.4000,2663.8000,2662.0000,2669.2000,2669.4000,2672.6000,2675.0000,2676.0000,3,2,1,5,1,1,1,1,1,1
SF,IH2012,2020-05-28 09:30:11.100,2668.2000,3774,0,1601820.000,0,-,-,-,-,2667.6000,2667.4000,2665.6000,2665.4000,2663.8000,2669.0000,2669.4000,2672.6000,2675.0000,2676.0000,1,3,1,1,5,1,1,1,1,1
SF,IH2012,2020-05-28 09:30:11.600,2669.0000,3773,-1,2402520.000,1,0,1,双平,S,2669.0000,2667.6000,2665.6000,2665.4000,2663.8000,2672.6000,2675.0000,2676.0000,2677.0000,2677.8000,1,1,1,1,5,1,1,1,1,1
SF,IH2012,2020-05-28 09:30:12.100,2669.0000,3773,0,2402520.000,0,-,-,-,-,2669.0000,2665.6000,2665.4000,2663.8000,2662.0000,2672.2000,2672.4000,2672.6000,2675.0000,2676.0000,1,1,1,5,1,1,2,1,1,1
SF,IH2012,2020-05-28 09:30:12.600,2669.0000,3773,0,2402520.000,0,-,-,-,-,2669.0000,2665.6000,2665.4000,2663.8000,2662.0000,2672.0000,2672.2000,2672.6000,2675.0000,2676.0000,1,1,1,5,1,2,1,1,1,1
SF,IH2012,2020-05-28 09:30:13.600,2669.0000,3773,0,2402520.000,0,-,-,-,-,2669.0000,2665.6000,2665.4000,2663.8000,2662.0000,2672.0000,2672.6000,2675.0000,2676.0000,2677.0000,1,1,1,5,1,2,1,1,1,1
SF,IH2012,2020-05-28 09:30:14.100,2669.0000,3773,0,2402520.000,0,-,-,-,-,2669.2000,2669.0000,2665.4000,2663.8000,2662.0000,2671.8000,2672.0000,2672.6000,2675.0000,2676.0000,1,1,1,5,1,1,2,1,1,1
SF,IH2012,2020-05-28 09:30:14.600,2669.0000,3773,0,2402520.000,0,-,-,-,-,2669.0000,2665.4000,2663.8000,2662.0000,2657.0000,2671.6000,2671.8000,2672.6000,2675.0000,2676.0000,1,1,5,1,1,2,1,1,1,1
SF,IH2012,2020-05-28 09:30:17.100,2669.0000,3773,0,2402520.000,0,-,-,-,-,2669.4000,2669.2000,2669.0000,2665.4000,2663.8000,2671.6000,2671.8000,2672.6000,2675.0000,2676.0000,2,2,1,1,5,2,1,1,1,1
SF,IH2012,2020-05-28 09:30:17.600,2669.0000,3773,0,2402520.000,0,-,-,-,-,2669.4000,2669.2000,2669.0000,2665.4000,2663.8000,2671.6000,2671.8000,2672.6000,2675.0000,2676.0000,2,1,1,1,5,2,1,1,1,1
SF,IH2012,2020-05-28 09:30:20.600,2669.0000,3773,0,2402520.000,0,-,-,-,-,2669.4000,2669.2000,2669.0000,2665.4000,2663.8000,2671.6000,2671.8000,2672.6000,2675.0000,2676.0000,2,1,1,1,5,3,1,1,1,1
SF,IH2012,2020-05-28 09:30:21.100,2669.0000,3773,0,2402520.000,0,-,-,-,-,2669.6000,2669.4000,2669.2000,2669.0000,2665.4000,2671.6000,2671.8000,2672.6000,2675.0000,2676.0000,2,2,1,1,1,1,1,1,1,1
SF,IH2012,2020-05-28 09:30:26.100,2669.0000,3773,0,2402520.000,0,-,-,-,-,2670.2000,2669.6000,2669.4000,2669.0000,2665.4000,2671.6000,2671.8000,2672.6000,2675.0000,2676.0000,1,2,2,1,1,1,1,1,1,1
SF,IH2012,2020-05-28 09:30:26.600,2669.0000,3773,0,2402520.000,0,-,-,-,-,2670.2000,2669.6000,2669.4000,2669.0000,2665.4000,2671.4000,2671.6000,2671.8000,2672.6000,2675.0000,1,2,2,1,1,1,1,1,1,1
SF,IH2012,2020-05-28 09:30:37.100,2669.0000,3773,0,2402520.000,0,-,-,-,-,2670.2000,2669.6000,2669.4000,2669.0000,2665.4000,2671.4000,2671.6000,2671.8000,2672.6000,2675.0000,1,2,2,1,1,1,1,1,1,1
SF,IH2012,2020-05-28 09:30:43.100,2669.0000,3773,0,2402520.000,0,-,-,-,-,2670.2000,2669.6000,2669.4000,2669.0000,2665.4000,2671.4000,2671.6000,2671.8000,2672.6000,2675.0000,1,2,2,1,1,1,1,1,1,1
SF,IH2012,2020-05-28 09:30:43.600,2669.0000,3773,0,2402520.000,0,-,-,-,-,2670.2000,2669.6000,2669.4000,2669.0000,2665.4000,2671.6000,2671.8000,2672.6000,2675.0000,2676.0000,1,2,2,1,1,1,1,1,1,2
SF,IH2012,2020-05-28 09:30:54.100,2669.0000,3773,0,2402520.000,0,-,-,-,-,2670.2000,2669.8000,2669.6000,2669.4000,2669.0000,2671.6000,2671.8000,2672.6000,2675.0000,2676.0000,1,4,2,2,1,1,1,1,1,2
SF,IH2012,2020-05-28 09:30:54.600,2669.0000,3773,0,2402520.000,0,-,-,-,-,2670.2000,2669.8000,2669.6000,2669.4000,2669.0000,2671.4000,2671.6000,2671.8000,2672.6000,2675.0000,1,4,2,2,1,1,1,1,1,1
SF,IH2012,2020-05-28 09:30:55.600,2669.0000,3773,0,2402520.000,0,-,-,-,-,2670.2000,2669.8000,2669.6000,2669.4000,2669.0000,2671.4000,2671.6000,2672.6000,2675.0000,2676.0000,1,4,2,2,1,1,1,1,1,2
SF,IH2012,2020-05-28 09:30:57.600,2669.0000,3773,0,2402520.000,0,-,-,-,-,2669.8000,2669.6000,2669.4000,2669.0000,2665.4000,2671.4000,2671.6000,2672.6000,2675.0000,2676.0000,4,2,2,1,1,1,1,1,1,2
SF,IH2012,2020-05-28 09:31:00.600,2669.0000,3773,0,2402520.000,0,-,-,-,-,2669.8000,2669.6000,2669.4000,2669.0000,2665.4000,2671.4000,2671.6000,2672.6000,2674.6000,2675.0000,4,2,2,1,1,1,1,1,1,1
SF,IH2012,2020-05-28 09:31:01.100,2669.0000,3773,0,2402520.000,0,-,-,-,-,2670.0000,2669.8000,2669.6000,2669.4000,2669.0000,2671.6000,2672.6000,2674.6000,2675.0000,2676.0000,1,4,1,2,1,1,1,1,1,2
SF,IH2012,2020-05-28 09:31:03.100,2671.6000,3773,0,3204000.000,1,0,1,多换,S,2670.0000,2669.8000,2669.6000,2669.4000,2669.0000,2672.6000,2674.6000,2675.0000,2676.0000,2677.0000,1,4,1,2,1,1,1,1,2,1
SF,IH2012,2020-05-28 09:31:03.600,2671.6000,3773,0,3204000.000,0,-,-,-,-,2670.2000,2670.0000,2669.8000,2669.4000,2669.0000,2672.4000,2672.6000,2674.6000,2675.0000,2676.0000,1,1,4,2,1,1,1,1,1,2
SF,IH2012,2020-05-28 09:31:04.100,2671.6000,3773,0,3204000.000,0,-,-,-,-,2670.4000,2670.2000,2669.8000,2669.4000,2669.0000,2672.4000,2672.6000,2674.6000,2675.0000,2676.0000,1,1,4,2,1,1,1,1,1,2
SF,IH2012,2020-05-28 09:31:04.600,2671.6000,3773,0,3204000.000,0,-,-,-,-,2670.6000,2670.4000,2669.8000,2669.4000,2669.0000,2672.6000,2674.6000,2675.0000,2676.0000,2677.0000,1,1,4,2,1,1,1,1,2,1
SF,IH2012,2020-05-28 09:31:05.100,2671.6000,3773,0,3204000.000,0,-,-,-,-,2670.8000,2670.6000,2669.8000,2669.4000,2669.0000,2672.6000,2674.6000,2675.0000,2676.0000,2677.0000,1,1,4,2,1,1,1,1,2,1
SF,IH2012,2020-05-28 09:31:05.600,2671.6000,3773,0,3204000.000,0,-,-,-,-,2671.0000,2670.8000,2669.8000,2669.4000,2669.0000,2672.6000,2674.6000,2675.0000,2676.0000,2677.0000,1,1,4,2,1,1,1,1,2,1
SF,IH2012,2020-05-28 09:31:06.100,2671.6000,3773,0,3204000.000,0,-,-,-,-,2671.0000,2670.8000,2669.8000,2669.4000,2669.0000,2672.4000,2672.6000,2674.6000,2675.0000,2676.0000,1,1,4,2,1,1,1,1,1,2
SF,IH2012,2020-05-28 09:31:07.600,2671.6000,3773,0,3204000.000,0,-,-,-,-,2671.0000,2670.8000,2669.8000,2669.4000,2669.0000,2672.2000,2672.4000,2672.6000,2674.6000,2675.0000,1,1,4,2,1,1,1,1,1,1
SF,IH2012,2020-05-28 09:31:08.100,2671.6000,3773,0,3204000.000,0,-,-,-,-,2670.8000,2669.8000,2669.4000,2669.0000,2665.4000,2672.2000,2672.4000,2672.6000,2674.6000,2675.0000,1,4,2,1,1,1,1,1,1,1
SF,IH2012,2020-05-28 09:31:08.600,2671.6000,3773,0,3204000.000,0,-,-,-,-,2669.8000,2669.4000,2669.0000,2665.4000,2663.8000,2672.0000,2672.2000,2672.6000,2674.6000,2675.0000,4,2,1,1,5,1,1,1,1,1
SF,IH2012,2020-05-28 09:31:09.100,2671.6000,3773,0,3204000.000,0,-,-,-,-,2671.2000,2670.0000,2669.8000,2669.4000,2669.0000,2672.0000,2672.6000,2674.6000,2675.0000,2676.0000,1,5,4,2,1,1,1,1,1,2
SF,IH2012,2020-05-28 09:31:09.600,2671.6000,3773,0,3204000.000,0,-,-,-,-,2671.2000,2670.0000,2669.8000,2669.4000,2669.0000,2672.0000,2672.6000,2674.6000,2675.0000,2676.0000,1,6,4,2,1,1,1,1,1,2
SF,IH2012,2020-05-28 09:31:10.100,2671.6000,3773,0,3204000.000,0,-,-,-,-,2671.2000,2670.0000,2669.8000,2669.4000,2669.0000,2672.0000,2672.6000,2674.6000,2675.0000,2676.0000,1,3,4,2,1,1,1,1,1,2
SF,IH2012,2020-05-28 09:31:10.600,2671.6000,3773,0,3204000.000,0,-,-,-,-,2671.2000,2670.0000,2669.8000,2669.4000,2669.0000,2672.6000,2674.6000,2675.0000,2676.0000,2677.0000,1,2,4,2,1,1,1,1,2,1
SF,IH2012,2020-05-28 09:31:13.100,2671.6000,3773,0,3204000.000,0,-,-,-,-,2671.2000,2670.0000,2669.8000,2669.4000,2669.0000,2672.6000,2674.6000,2675.0000,2676.0000,2676.2000,1,2,4,2,1,1,1,1,2,1
SF,IH2012,2020-05-28 09:31:13.600,2671.6000,3773,0,3204000.000,0,-,-,-,-,2671.4000,2671.2000,2670.0000,2669.8000,2669.4000,2672.6000,2674.6000,2675.0000,2676.0000,2676.2000,1,1,1,4,2,1,1,3,2,1
SF,IH2012,2020-05-28 09:31:14.100,2671.6000,3773,0,3204000.000,0,-,-,-,-,2671.4000,2671.2000,2670.0000,2669.8000,2669.4000,2672.6000,2674.6000,2675.0000,2676.0000,2676.2000,1,1,1,4,2,1,1,3,2,1
SF,IH2012,2020-05-28 09:31:16.600,2671.6000,3773,0,3204000.000,0,-,-,-,-,2671.4000,2671.2000,2670.0000,2669.8000,2669.4000,2672.6000,2674.6000,2675.0000,2676.0000,2676.2000,1,1,1,4,2,1,1,3,2,1
SF,IH2012,2020-05-28 09:31:18.600,2672.6000,3772,-1,4005780.000,1,0,1,双平,S,2671.4000,2670.0000,2669.8000,2669.4000,2665.4000,2674.6000,2675.0000,2676.0000,2676.2000,2677.0000,1,1,4,2,1,1,3,2,1,1
SF,IH2012,2020-05-28 09:31:19.100,2672.6000,3772,0,4005780.000,0,-,-,-,-,2672.6000,2671.6000,2671.4000,2669.8000,2669.4000,2674.4000,2674.6000,2675.0000,2676.0000,2676.2000,1,1,1,4,2,2,1,3,2,1
SF,IH2012,2020-05-28 09:31:19.600,2672.6000,3772,0,4005780.000,0,-,-,-,-,2672.8000,2672.6000,2669.8000,2669.4000,2665.4000,2674.4000,2674.6000,2675.0000,2676.0000,2676.2000,1,1,4,2,1,2,1,3,2,1
SF,IH2012,2020-05-28 09:31:20.100,2672.8000,3771,-1,4807620.000,1,0,1,双平,S,2672.6000,2669.8000,2669.4000,2665.4000,2663.8000,2674.2000,2674.4000,2674.6000,2675.0000,2676.0000,1,4,2,1,5,1,2,1,3,2
SF,IH2012,2020-05-28 09:31:20.600,2672.8000,3771,0,4807620.000,0,-,-,-,-,2672.6000,2669.8000,2669.4000,2665.4000,2663.8000,2674.0000,2674.2000,2674.4000,2674.6000,2675.0000,1,4,2,1,5,1,1,1,1,3
SF,IH2012,2020-05-28 09:31:26.100,2672.8000,3771,0,4807620.000,0,-,-,-,-,2672.8000,2669.8000,2669.4000,2665.4000,2663.8000,2674.0000,2674.2000,2674.4000,2674.6000,2675.0000,1,4,2,1,5,1,1,1,1,3
SF,IH2012,2020-05-28 09:31:27.600,2672.8000,3771,0,4807620.000,0,-,-,-,-,2672.8000,2669.8000,2669.4000,2665.4000,2663.8000,2674.0000,2674.2000,2674.6000,2675.0000,2676.0000,1,4,2,1,5,1,1,1,3,2
SF,IH2012,2020-05-28 09:31:28.100,2672.8000,3771,0,4807620.000,0,-,-,-,-,2669.8000,2669.4000,2665.4000,2663.8000,2657.0000,2674.0000,2674.2000,2674.6000,2675.0000,2676.0000,4,2,1,5,1,1,1,1,3,2
SF,IH2012,2020-05-28 09:31:28.600,2672.8000,3771,0,4807620.000,0,-,-,-,-,2670.2000,2670.0000,2669.8000,2669.4000,2665.4000,2673.8000,2674.0000,2674.6000,2675.0000,2676.0000,4,1,4,2,1,1,1,1,3,2
SF,IH2012,2020-05-28 09:31:29.100,2672.8000,3771,0,4807620.000,0,-,-,-,-,2670.4000,2670.2000,2670.0000,2669.8000,2669.4000,2673.8000,2674.6000,2675.0000,2676.0000,2676.2000,1,4,1,4,2,1,1,3,2,1
SF,IH2012,2020-05-28 09:31:29.600,2672.8000,3771,0,4807620.000,0,-,-,-,-,2670.8000,2670.4000,2670.0000,2669.8000,2669.4000,2673.6000,2673.8000,2674.6000,2675.0000,2676.0000,4,1,1,4,2,1,1,1,3,2
SF,IH2012,2020-05-28 09:31:30.100,2672.8000,3771,0,4807620.000,0,-,-,-,-,2671.0000,2670.8000,2670.0000,2669.8000,2669.4000,2673.4000,2673.6000,2674.6000,2675.0000,2676.0000,2,4,1,4,2,1,1,1,3,2
SF,IH2012,2020-05-28 09:31:30.600,2672.8000,3771,0,4807620.000,0,-,-,-,-,2671.4000,2671.0000,2670.0000,2669.8000,2669.4000,2673.4000,2674.6000,2675.0000,2676.0000,2676.2000,4,2,1,4,2,1,1,3,2,1
SF,IH2012,2020-05-28 09:31:31.100,2673.4000,3770,-1,5609640.000,1,0,1,双平,S,2673.4000,2671.6000,2671.4000,2671.0000,2670.0000,2674.6000,2675.0000,2676.0000,2676.2000,2677.0000,1,2,4,1,1,1,3,2,1,1
SF,IH2012,2020-05-28 09:31:31.600,2673.4000,3770,0,5609640.000,0,-,-,-,-,2673.4000,2671.6000,2671.4000,2671.0000,2670.0000,2674.4000,2674.6000,2675.0000,2676.0000,2676.2000,1,2,4,1,1,1,1,3,2,1
SF,IH2012,2020-05-28 09:31:32.100,2673.4000,3770,0,5609640.000,0,-,-,-,-,2673.4000,2671.6000,2671.4000,2671.0000,2669.8000,2674.4000,2674.6000,2675.0000,2676.0000,2676.2000,1,2,4,1,4,1,1,3,2,1
SF,IH2012,2020-05-28 09:31:32.600,2674.4000,3770,0,6411960.000,1,0,1,多换,S,2673.4000,2671.6000,2671.4000,2669.8000,2669.4000,2674.6000,2675.0000,2676.0000,2676.2000,2677.0000,1,3,4,4,2,1,3,2,1,1
SF,IH2012,2020-05-28 09:31:34.600,2674.4000,3770,0,6411960.000,0,-,-,-,-,2673.4000,2671.6000,2671.4000,2669.8000,2669.4000,2674.6000,2675.0000,2676.0000,2676.2000,2677.0000,1,3,9,4,2,1,3,2,1,1
SF,IH2012,2020-05-28 09:31:35.100,2674.4000,3770,0,6411960.000,0,-,-,-,-,2673.4000,2671.6000,2671.4000,2669.8000,2669.4000,2674.6000,2675.0000,2676.0000,2676.2000,2677.0000,1,2,9,4,2,1,3,2,1,1
SF,IH2012,2020-05-28 09:31:35.600,2674.4000,3770,0,6411960.000,0,-,-,-,-,2673.4000,2671.6000,2671.4000,2669.8000,2669.4000,2674.6000,2675.0000,2676.0000,2676.2000,2677.0000,1,2,4,4,2,1,3,2,1,1
SF,IH2012,2020-05-28 09:31:36.600,2674.4000,3770,0,6411960.000,0,-,-,-,-,2673.4000,2671.6000,2671.4000,2669.8000,2669.4000,2674.6000,2675.0000,2676.0000,2676.2000,2677.0000,1,2,4,4,2,1,3,2,1,1
SF,IH2012,2020-05-28 09:31:38.600,2674.6000,3769,-1,7214340.000,1,0,1,双平,S,2674.8000,2673.4000,2671.6000,2671.4000,2669.8000,2675.0000,2676.0000,2676.2000,2677.0000,2677.8000,1,1,2,4,4,3,2,1,1,1
SF,IH2012,2020-05-28 09:31:39.100,2674.8000,3768,-1,8016780.000,1,0,1,双平,S,2673.4000,2671.6000,2671.4000,2669.8000,2669.4000,2674.8000,2675.0000,2676.0000,2676.2000,2677.0000,1,1,4,4,2,1,3,2,1,1
SF,IH2012,2020-05-28 09:31:39.600,2674.8000,3768,0,8016780.000,0,-,-,-,-,2673.4000,2672.4000,2671.6000,2671.4000,2669.8000,2674.8000,2675.0000,2675.8000,2676.0000,2676.2000,1,1,1,4,4,1,3,1,2,1
SF,IH2012,2020-05-28 09:31:40.100,2674.8000,3768,0,8016780.000,0,-,-,-,-,2673.6000,2673.4000,2672.4000,2671.4000,2669.8000,2674.8000,2675.0000,2675.8000,2676.0000,2676.2000,1,1,1,4,4,1,3,1,2,1
SF,IH2012,2020-05-28 09:31:41.100,2674.8000,3768,0,8016780.000,0,-,-,-,-,2673.6000,2673.4000,2672.4000,2671.4000,2669.8000,2674.8000,2675.0000,2675.8000,2676.0000,2676.2000,1,1,1,4,4,1,3,1,2,1
SF,IH2012,2020-05-28 09:31:43.600,2674.8000,3768,0,8016780.000,0,-,-,-,-,2674.0000,2673.6000,2673.4000,2672.4000,2669.8000,2674.8000,2675.0000,2675.8000,2676.0000,2676.2000,4,1,1,1,4,1,3,1,2,1
SF,IH2012,2020-05-28 09:31:44.100,2675.0000,3767,-1,8819280.000,1,0,1,双平,S,2674.2000,2674.0000,2673.4000,2672.4000,2669.8000,2675.0000,2675.8000,2676.0000,2676.2000,2677.0000,1,4,1,1,4,2,1,2,1,1
SF,IH2012,2020-05-28 09:31:44.600,2675.0000,3765,-2,10424280.000,2,0,2,双平,S,2674.8000,2674.4000,2674.2000,2673.4000,2672.4000,2675.8000,2676.0000,2676.2000,2676.8000,2677.0000,4,4,1,1,1,1,2,1,1,1
SF,IH2012,2020-05-28 09:31:45.100,2675.0000,3765,0,10424280.000,0,-,-,-,-,2674.8000,2674.2000,2673.4000,2669.8000,2669.4000,2675.8000,2676.0000,2676.2000,2676.8000,2677.0000,4,1,1,4,2,2,2,1,1,1
SF,IH2012,2020-05-28 09:31:45.600,2675.0000,3765,0,10424280.000,0,-,-,-,-,2674.8000,2674.2000,2673.4000,2669.8000,2669.4000,2675.8000,2676.0000,2676.2000,2676.8000,2677.0000,4,1,1,4,2,2,2,1,1,1
SF,IH2012,2020-05-28 09:31:46.600,2675.0000,3765,0,10424280.000,0,-,-,-,-,2674.8000,2674.2000,2673.4000,2669.8000,2669.4000,2675.8000,2676.0000,2676.2000,2676.8000,2677.0000,4,1,1,4,2,1,2,1,1,1
SF,IH2012,2020-05-28 09:31:48.600,2675.0000,3765,0,10424280.000,0,-,-,-,-,2675.0000,2674.8000,2674.2000,2673.4000,2669.8000,2675.8000,2676.0000,2676.2000,2676.8000,2677.0000,4,4,1,1,4,1,2,1,1,1
SF,IH2012,2020-05-28 09:31:49.100,2675.0000,3765,0,10424280.000,0,-,-,-,-,2675.2000,2675.0000,2674.8000,2673.4000,2669.8000,2676.0000,2676.2000,2676.8000,2677.0000,2677.8000,1,4,4,1,4,2,1,1,1,3
SF,IH2012,2020-05-28 09:31:49.600,2675.0000,3765,0,10424280.000,0,-,-,-,-,2675.4000,2675.2000,2674.8000,2673.4000,2669.8000,2676.0000,2676.2000,2676.8000,2677.0000,2677.8000,4,1,4,1,4,2,1,1,1,3
SF,IH2012,2020-05-28 09:31:50.100,2675.0000,3765,0,10424280.000,0,-,-,-,-,2675.2000,2674.8000,2673.4000,2669.8000,2669.4000,2676.0000,2676.2000,2676.8000,2677.0000,2677.8000,1,4,1,4,2,2,1,1,1,3
SF,IH2012,2020-05-28 09:31:53.600,2675.0000,3765,0,10424280.000,0,-,-,-,-,2675.4000,2675.2000,2674.8000,2673.4000,2669.8000,2676.0000,2676.2000,2676.8000,2677.0000,2677.8000,4,1,4,1,4,2,1,1,1,3
SF,IH2012,2020-05-28 09:31:54.600,2675.4000,3764,-1,11226900.000,1,0,1,双平,S,2675.4000,2675.2000,2674.8000,2673.4000,2669.8000,2676.0000,2676.2000,2676.8000,2677.0000,2677.8000,3,1,4,1,4,2,1,1,1,3
SF,IH2012,2020-05-28 09:31:55.100,2675.4000,3764,0,11226900.000,0,-,-,-,-,2674.8000,2673.4000,2669.8000,2669.4000,2667.6000,2676.0000,2676.2000,2676.8000,2677.0000,2677.8000,4,1,4,2,5,2,1,1,1,3
SF,IH2012,2020-05-28 09:31:55.600,2675.4000,3764,0,11226900.000,0,-,-,-,-,2675.0000,2674.8000,2673.4000,2672.8000,2669.8000,2676.0000,2676.2000,2676.8000,2677.0000,2677.8000,3,4,1,1,4,2,1,1,1,3
SF,IH2012,2020-05-28 09:31:56.100,2675.4000,3764,0,11226900.000,0,-,-,-,-,2674.8000,2673.4000,2672.8000,2669.8000,2669.4000,2676.0000,2676.2000,2676.8000,2677.0000,2677.8000,4,1,1,4,2,2,1,1,1,3
SF,IH2012,2020-05-28 09:31:56.600,2675.4000,3764,0,11226900.000,0,-,-,-,-,2675.0000,2674.8000,2673.4000,2672.8000,2669.8000,2676.0000,2676.2000,2676.8000,2677.0000,2677.8000,3,4,1,1,4,2,1,1,1,3
SF,IH2012,2020-05-28 09:31:57.100,2675.4000,3764,0,11226900.000,0,-,-,-,-,2674.8000,2673.4000,2672.8000,2669.8000,2669.4000,2676.0000,2676.2000,2676.8000,2677.0000,2677.8000,4,1,1,4,2,2,1,1,1,3
SF,IH2012,2020-05-28 09:31:59.100,2675.4000,3764,0,11226900.000,0,-,-,-,-,2674.8000,2673.4000,2672.8000,2669.8000,2669.4000,2676.0000,2676.2000,2676.8000,2677.0000,2677.8000,4,1,1,4,2,3,1,1,1,3
SF,IH2012,2020-05-28 09:31:59.600,2675.4000,3764,0,11226900.000,0,-,-,-,-,2674.8000,2673.4000,2672.8000,2669.8000,2669.4000,2675.8000,2676.0000,2676.2000,2676.8000,2677.0000,4,1,1,4,2,1,3,1,1,1
SF,IH2012,2020-05-28 09:32:00.600,2675.4000,3764,0,11226900.000,0,-,-,-,-,2675.0000,2674.8000,2673.4000,2672.8000,2669.8000,2675.8000,2676.0000,2676.2000,2676.8000,2677.0000,3,4,1,1,4,1,3,1,1,1
SF,IH2012,2020-05-28 09:32:01.100,2676.0000,3760,-4,14438040.000,4,0,4,双平,S,2675.0000,2674.8000,2673.4000,2672.8000,2669.8000,2676.2000,2676.8000,2677.0000,2677.8000,2678.0000,3,4,1,1,4,1,1,1,3,1
SF,IH2012,2020-05-28 09:32:01.600,2676.0000,3760,0,14438040.000,0,-,-,-,-,2675.2000,2675.0000,2674.8000,2673.4000,2672.8000,2676.2000,2676.8000,2677.0000,2677.8000,2678.0000,2,3,4,1,1,1,1,1,3,1
SF,IH2012,2020-05-28 09:32:02.100,2676.2000,3759,-1,15240900.000,1,0,1,双平,S,2675.2000,2674.8000,2673.4000,2669.8000,2667.6000,2676.8000,2677.0000,2677.8000,2678.0000,2678.8000,3,4,1,4,5,1,1,3,1,1
SF,IH2012,2020-05-28 09:32:02.600,2676.2000,3759,0,15240900.000,0,-,-,-,-,2675.2000,2674.8000,2673.4000,2669.8000,2667.6000,2676.6000,2676.8000,2677.0000,2677.8000,2678.0000,3,4,1,4,5,1,1,1,3,1
SF,IH2012,2020-05-28 09:32:03.100,2677.0000,3756,-3,17650020.000,3,0,3,双平,S,2675.6000,2675.2000,2674.8000,2673.4000,2669.8000,2677.8000,2678.0000,2678.8000,2679.0000,2679.2000,3,2,4,1,4,3,1,1,1,1
SF,IH2012,2020-05-28 09:32:03.600,2677.0000,3756,0,17650020.000,0,-,-,-,-,2676.6000,2675.8000,2675.6000,2675.2000,2674.8000,2677.8000,2678.0000,2678.8000,2679.0000,2679.2000,1,2,3,1,4,3,1,1,1,2
SF,IH2012,2020-05-28 09:32:04.100,2677.0000,3756,0,17650020.000,0,-,-,-,-,2676.6000,2675.8000,2675.6000,2674.8000,2669.8000,2677.6000,2677.8000,2678.0000,2678.8000,2679.0000,1,2,3,4,4,1,3,1,1,1
SF,IH2012,2020-05-28 09:32:04.600,2677.0000,3756,0,17650020.000,0,-,-,-,-,2676.8000,2676.6000,2675.8000,2675.6000,2674.8000,2677.6000,2677.8000,2678.0000,2678.8000,2679.0000,1,1,1,3,4,1,3,1,1,1
SF,IH2012,2020-05-28 09:32:05.100,2676.6000,3755,-1,19256040.000,2,0,2,多平,S,2675.8000,2675.6000,2674.8000,2669.8000,2667.6000,2676.8000,2677.4000,2677.8000,2678.0000,2678.8000,1,3,4,4,5,1,1,3,1,1
SF,IH2012,2020-05-28 09:32:05.600,2676.6000,3755,0,19256040.000,0,-,-,-,-,2676.0000,2675.6000,2674.8000,2669.8000,2667.6000,2676.8000,2677.4000,2677.8000,2678.0000,2678.8000,1,3,4,4,5,1,1,3,1,1
SF,IH2012,2020-05-28 09:32:06.100,2676.6000,3755,0,19256040.000,0,-,-,-,-,2676.0000,2675.6000,2674.8000,2669.8000,2667.6000,2676.8000,2677.8000,2678.0000,2678.8000,2679.0000,2,3,4,4,5,1,3,1,1,1
SF,IH2012,2020-05-28 09:32:06.600,2676.6000,3755,0,19256040.000,0,-,-,-,-,2676.0000,2675.6000,2674.8000,2669.8000,2667.6000,2676.8000,2677.8000,2678.0000,2678.8000,2679.0000,2,3,4,4,5,1,3,1,2,1
SF,IH2012,2020-05-28 09:32:07.100,2676.6000,3755,0,19256040.000,0,-,-,-,-,2676.0000,2675.6000,2674.8000,2669.8000,2667.6000,2676.8000,2677.8000,2678.0000,2678.8000,2679.0000,1,3,4,4,5,1,3,1,2,1
SF,IH2012,2020-05-28 09:32:07.600,2676.6000,3755,0,19256040.000,0,-,-,-,-,2676.0000,2674.8000,2669.8000,2667.6000,2665.4000,2676.8000,2677.8000,2678.0000,2678.8000,2679.0000,1,4,4,5,1,1,3,1,2,1
SF,IH2012,2020-05-28 09:32:08.100,2676.6000,3755,0,19256040.000,0,-,-,-,-,2674.8000,2669.8000,2667.6000,2665.4000,2657.0000,2676.8000,2677.8000,2678.0000,2678.8000,2679.0000,4,4,5,1,1,1,3,1,2,1
SF,IH2012,2020-05-28 09:32:08.600,2676.6000,3755,0,19256040.000,0,-,-,-,-,2675.2000,2675.0000,2674.8000,2669.8000,2667.6000,2676.8000,2677.8000,2678.0000,2678.8000,2679.0000,3,2,4,4,5,2,3,1,2,1
SF,IH2012,2020-05-28 09:32:09.100,2676.6000,3755,0,19256040.000,0,-,-,-,-,2675.4000,2675.2000,2675.0000,2674.8000,2669.8000,2676.8000,2677.8000,2678.0000,2678.8000,2679.0000,1,3,1,4,4,2,3,1,2,1
SF,IH2012,2020-05-28 09:32:10.100,2676.6000,3755,0,19256040.000,0,-,-,-,-,2675.4000,2675.2000,2675.0000,2674.8000,2669.8000,2676.8000,2677.8000,2678.0000,2678.8000,2679.0000,1,3,1,4,4,1,3,1,2,1
SF,IH2012,2020-05-28 09:32:10.600,2676.6000,3755,0,19256040.000,0,-,-,-,-,2675.0000,2674.8000,2669.8000,2667.6000,2665.4000,2676.6000,2676.8000,2677.8000,2678.0000,2678.8000,1,4,4,5,1,1,1,3,1,2
SF,IH2012,2020-05-28 09:32:11.100,2676.6000,3755,0,19256040.000,0,-,-,-,-,2674.8000,2669.8000,2667.6000,2665.4000,2657.0000,2676.4000,2676.6000,2676.8000,2677.8000,2678.0000,4,4,5,1,1,1,1,1,3,1
SF,IH2012,2020-05-28 09:32:11.600,2676.6000,3755,0,19256040.000,0,-,-,-,-,2674.8000,2669.8000,2667.6000,2665.4000,2657.0000,2676.2000,2676.4000,2676.8000,2677.8000,2678.0000,4,4,5,1,1,1,2,1,3,1
SF,IH2012,2020-05-28 09:32:12.100,2676.4000,3754,-1,20058960.000,1,0,1,双平,S,2674.8000,2669.8000,2667.6000,2665.4000,2657.0000,2676.4000,2676.8000,2677.8000,2678.0000,2678.8000,4,4,5,1,1,1,1,3,1,1
SF,IH2012,2020-05-28 09:32:12.600,2676.4000,3754,0,20058960.000,0,-,-,-,-,2674.8000,2669.8000,2667.6000,2665.4000,2657.0000,2676.2000,2676.4000,2676.8000,2677.8000,2678.0000,4,4,5,1,1,2,1,1,3,1
SF,IH2012,2020-05-28 09:32:13.100,2676.4000,3754,0,20058960.000,0,-,-,-,-,2674.8000,2669.8000,2667.6000,2665.4000,2657.0000,2676.2000,2676.4000,2676.8000,2677.8000,2678.0000,4,4,5,1,1,2,1,1,3,1
SF,IH2012,2020-05-28 09:32:13.600,2676.4000,3754,0,20058960.000,0,-,-,-,-,2674.8000,2669.8000,2667.6000,2665.4000,2657.0000,2676.2000,2676.8000,2677.8000,2678.0000,2678.8000,4,4,5,1,1,2,1,3,1,1
SF,IH2012,2020-05-28 09:32:14.100,2676.4000,3754,0,20058960.000,0,-,-,-,-,2675.0000,2674.8000,2669.8000,2667.6000,2665.4000,2676.2000,2676.8000,2677.8000,2678.0000,2678.8000,1,4,4,5,1,1,1,3,1,1
SF,IH2012,2020-05-28 09:32:14.600,2676.4000,3754,0,20058960.000,0,-,-,-,-,2675.2000,2675.0000,2674.8000,2669.8000,2667.6000,2676.8000,2677.8000,2678.0000,2678.8000,2679.0000,1,1,4,4,5,1,3,1,1,1
SF,IH2012,2020-05-28 09:32:15.100,2675.0000,3753,-1,20861460.000,1,0,1,双平,S,2674.8000,2669.8000,2667.6000,2665.4000,2657.0000,2675.0000,2676.0000,2676.6000,2676.8000,2677.8000,4,4,5,1,1,1,1,2,1,3
SF,IH2012,2020-05-28 09:32:15.600,2674.8000,3749,-4,24071220.000,4,0,4,双平,S,2669.8000,2667.6000,2665.4000,2657.0000,2653.8000,2675.0000,2676.6000,2676.8000,2677.8000,2678.0000,4,5,1,1,1,1,2,1,2,1
SF,IH2012,2020-05-28 09:32:16.100,2674.8000,3749,0,24071220.000,0,-,-,-,-,2670.2000,2670.0000,2669.8000,2667.6000,2665.4000,2675.0000,2676.8000,2677.8000,2678.0000,2678.8000,3,2,4,5,1,1,1,2,1,1
SF,IH2012,2020-05-28 09:32:16.600,2674.8000,3749,0,24071220.000,0,-,-,-,-,2670.4000,2670.2000,2670.0000,2669.8000,2667.6000,2675.0000,2676.8000,2677.8000,2678.0000,2678.8000,1,3,1,4,5,1,1,2,1,1
SF,IH2012,2020-05-28 09:32:17.100,2674.8000,3749,0,24071220.000,0,-,-,-,-,2670.8000,2670.6000,2670.4000,2670.0000,2669.8000,2674.8000,2675.0000,2676.8000,2677.8000,2678.0000,3,1,1,1,4,1,1,1,2,1
SF,IH2012,2020-05-28 09:32:17.600,2674.8000,3749,0,24071220.000,0,-,-,-,-,2672.0000,2671.0000,2670.8000,2670.6000,2670.0000,2674.8000,2675.0000,2676.8000,2677.8000,2678.0000,1,2,3,1,1,1,1,1,2,1
SF,IH2012,2020-05-28 09:32:18.100,2674.8000,3749,0,24071220.000,0,-,-,-,-,2672.4000,2672.2000,2672.0000,2671.0000,2670.6000,2674.8000,2675.0000,2676.0000,2676.8000,2677.8000,4,1,1,1,1,1,1,1,1,2
SF,IH2012,2020-05-28 09:32:18.600,2674.8000,3749,0,24071220.000,0,-,-,-,-,2672.6000,2672.4000,2672.0000,2671.0000,2670.6000,2674.8000,2675.0000,2676.0000,2676.8000,2677.8000,1,4,1,1,1,1,1,1,1,2
SF,IH2012,2020-05-28 09:32:19.100,2674.8000,3749,0,24071220.000,0,-,-,-,-,2673.0000,2672.8000,2672.6000,2672.0000,2671.0000,2674.8000,2675.0000,2676.0000,2676.8000,2677.8000,3,1,1,1,1,1,1,1,1,2
SF,IH2012,2020-05-28 09:32:19.600,2674.8000,3749,0,24071220.000,0,-,-,-,-,2673.2000,2673.0000,2672.8000,2672.0000,2671.0000,2674.8000,2675.0000,2676.0000,2676.8000,2677.8000,2,3,1,1,1,1,1,1,1,2
SF,IH2012,2020-05-28 09:32:20.100,2674.8000,3749,0,24071220.000,0,-,-,-,-,2673.2000,2673.0000,2672.8000,2672.0000,2671.0000,2674.8000,2675.0000,2676.0000,2676.8000,2677.8000,2,3,1,1,1,1,1,1,1,2
SF,IH2012,2020-05-28 09:32:20.600,2674.8000,3749,0,24071220.000,0,-,-,-,-,2673.4000,2673.2000,2672.8000,2672.0000,2671.0000,2674.8000,2675.0000,2676.0000,2676.8000,2677.8000,3,2,1,1,1,1,1,1,1,2
SF,IH2012,2020-05-28 09:32:21.100,2674.8000,3749,0,24071220.000,0,-,-,-,-,2673.4000,2673.2000,2672.8000,2671.0000,2670.6000,2674.6000,2674.8000,2675.0000,2676.0000,2676.8000,3,2,1,1,1,1,1,1,1,1
SF,IH2012,2020-05-28 09:32:21.600,2674.8000,3749,0,24071220.000,0,-,-,-,-,2673.2000,2672.8000,2671.0000,2670.6000,2670.0000,2674.6000,2674.8000,2675.0000,2676.0000,2676.8000,2,1,1,1,1,1,1,1,1,1
SF,IH2012,2020-05-28 09:32:22.100,2674.8000,3749,0,24071220.000,0,-,-,-,-,2673.2000,2672.8000,2671.0000,2670.6000,2670.0000,2674.4000,2675.0000,2676.0000,2676.8000,2677.8000,1,1,1,1,1,1,1,1,1,2
SF,IH2012,2020-05-28 09:32:22.600,2674.8000,3749,0,24071220.000,0,-,-,-,-,2672.8000,2671.0000,2670.6000,2670.0000,2669.8000,2674.4000,2675.0000,2676.0000,2677.8000,2678.0000,1,1,1,1,4,1,1,1,2,1
SF,IH2012,2020-05-28 09:32:23.100,2674.8000,3749,0,24071220.000,0,-,-,-,-,2673.2000,2673.0000,2672.8000,2671.0000,2670.6000,2674.4000,2675.0000,2676.0000,2676.4000,2676.8000,3,1,1,1,1,1,1,1,1,1
SF,IH2012,2020-05-28 09:32:23.600,2674.8000,3749,0,24071220.000,0,-,-,-,-,2673.4000,2673.2000,2673.0000,2672.8000,2671.0000,2675.0000,2676.0000,2676.4000,2676.8000,2677.8000,2,3,1,1,1,1,1,1,1,2
SF,IH2012,2020-05-28 09:32:24.100,2674.8000,3749,0,24071220.000,0,-,-,-,-,2673.4000,2673.2000,2672.8000,2671.0000,2670.6000,2675.0000,2676.0000,2676.4000,2676.8000,2677.8000,2,3,1,1,1,1,1,1,1,2
SF,IH2012,2020-05-28 09:32:24.600,2674.8000,3749,0,24071220.000,0,-,-,-,-,2673.6000,2673.4000,2672.8000,2671.0000,2670.6000,2676.0000,2676.4000,2676.8000,2677.8000,2678.0000,4,2,1,1,1,1,1,1,2,1
SF,IH2012,2020-05-28 09:32:25.100,2674.8000,3749,0,24071220.000,0,-,-,-,-,2673.8000,2673.6000,2673.4000,2672.8000,2671.0000,2675.6000,2676.0000,2676.4000,2676.8000,2677.8000,2,3,1,1,1,1,1,1,1,2
SF,IH2012,2020-05-28 09:32:25.600,2674.8000,3749,0,24071220.000,0,-,-,-,-,2673.8000,2673.6000,2673.4000,2672.8000,2671.0000,2675.4000,2675.6000,2676.0000,2676.4000,2676.8000,2,3,1,1,1,1,1,1,1,1
SF,IH2012,2020-05-28 09:32:26.100,2674.8000,3749,0,24071220.000,0,-,-,-,-,2673.8000,2673.6000,2673.4000,2672.8000,2670.6000,2675.4000,2675.6000,2676.0000,2676.4000,2676.8000,2,3,1,1,1,1,1,1,1,1
SF,IH2012,2020-05-28 09:32:27.100,2674.8000,3749,0,24071220.000,0,-,-,-,-,2673.8000,2673.6000,2673.4000,2672.8000,2670.6000,2675.4000,2675.6000,2676.0000,2676.4000,2676.8000,2,3,1,1,1,1,1,1,1,1
SF,IH2012,2020-05-28 09:32:28.600,2674.8000,3749,0,24071220.000,0,-,-,-,-,2674.0000,2673.8000,2673.4000,2672.8000,2670.2000,2675.4000,2675.6000,2676.0000,2676.4000,2676.8000,3,2,1,1,1,1,1,1,1,1
SF,IH2012,2020-05-28 09:32:33.600,2675.4000,3748,-1,24873840.000,1,0,1,双平,S,2674.0000,2673.8000,2673.4000,2672.8000,2670.2000,2675.6000,2676.0000,2676.4000,2676.8000,2677.8000,3,2,1,1,1,1,1,1,1,2
SF,IH2012,2020-05-28 09:32:34.100,2675.4000,3748,0,24873840.000,0,-,-,-,-,2674.2000,2674.0000,2673.8000,2673.4000,2672.8000,2676.0000,2676.4000,2676.8000,2677.8000,2678.0000,2,3,1,1,1,1,1,1,2,1
SF,IH2012,2020-05-28 09:32:34.600,2675.4000,3748,0,24873840.000,0,-,-,-,-,2674.4000,2674.2000,2674.0000,2673.4000,2672.8000,2676.0000,2676.4000,2676.8000,2677.8000,2678.0000,1,2,3,1,1,1,1,1,3,1
SF,IH2012,2020-05-28 09:32:35.100,2675.4000,3748,0,24873840.000,0,-,-,-,-,2675.4000,2674.6000,2674.4000,2674.2000,2673.4000,2675.8000,2676.0000,2676.4000,2676.8000,2677.8000,2,1,1,1,1,1,1,1,1,3
SF,IH2012,2020-05-28 09:32:35.600,2675.4000,3748,0,26479080.000,2,1,1,多换,S,2674.6000,2674.4000,2674.2000,2673.4000,2672.8000,2675.8000,2676.0000,2676.4000,2676.8000,2677.8000,1,1,1,1,1,1,1,1,1,3
SF,IH2012,2020-05-28 09:32:36.100,2675.4000,3748,0,26479080.000,0,-,-,-,-,2674.6000,2674.4000,2674.2000,2673.8000,2673.4000,2675.8000,2676.0000,2676.4000,2676.8000,2677.8000,1,1,1,1,1,1,1,1,1,3
SF,IH2012,2020-05-28 09:32:36.600,2675.4000,3748,0,26479080.000,0,-,-,-,-,2674.6000,2674.4000,2674.2000,2673.8000,2673.4000,2675.6000,2676.0000,2676.4000,2676.8000,2677.8000,1,1,1,1,1,1,1,1,1,3
SF,IH2012,2020-05-28 09:32:37.100,2675.4000,3748,0,26479080.000,0,-,-,-,-,2674.6000,2674.2000,2673.8000,2673.4000,2672.8000,2675.6000,2676.0000,2676.4000,2676.8000,2677.8000,1,1,1,1,1,1,1,1,1,3
SF,IH2012,2020-05-28 09:32:38.600,2675.4000,3748,0,26479080.000,0,-,-,-,-,2674.6000,2673.8000,2673.4000,2672.8000,2670.2000,2675.6000,2676.0000,2676.4000,2676.8000,2677.8000,1,1,1,1,1,1,1,1,1,3
SF,IH2012,2020-05-28 09:32:39.100,2675.4000,3748,0,26479080.000,0,-,-,-,-,2673.8000,2673.4000,2672.8000,2670.2000,2669.8000,2675.6000,2676.0000,2676.4000,2676.8000,2677.8000,1,1,1,1,4,1,1,1,1,3
SF,IH2012,2020-05-28 09:32:39.600,2675.4000,3748,0,26479080.000,0,-,-,-,-,2674.0000,2673.8000,2673.4000,2670.2000,2669.8000,2675.6000,2676.0000,2676.4000,2676.8000,2677.8000,2,1,1,1,4,1,1,1,1,3
SF,IH2012,2020-05-28 09:32:40.100,2675.4000,3748,0,26479080.000,0,-,-,-,-,2674.0000,2673.8000,2670.2000,2669.8000,2667.6000,2675.4000,2676.0000,2676.4000,2676.8000,2677.8000,1,1,1,4,5,2,1,1,1,3
SF,IH2012,2020-05-28 09:32:40.600,2675.4000,3748,0,26479080.000,0,-,-,-,-,2674.2000,2674.0000,2673.8000,2670.2000,2669.8000,2675.4000,2676.0000,2676.4000,2676.8000,2677.8000,1,1,1,1,4,1,1,1,1,2
SF,IH2012,2020-05-28 09:32:41.100,2675.4000,3748,0,26479080.000,0,-,-,-,-,2674.2000,2674.0000,2673.8000,2670.2000,2669.8000,2675.4000,2676.0000,2676.4000,2676.8000,2677.8000,1,2,1,1,4,1,1,1,1,2
SF,IH2012,2020-05-28 09:32:41.600,2675.4000,3748,0,26479080.000,0,-,-,-,-,2674.2000,2674.0000,2673.8000,2670.2000,2669.8000,2675.2000,2676.0000,2676.4000,2676.8000,2677.8000,1,2,1,1,4,1,1,1,1,2
SF,IH2012,2020-05-28 09:32:42.100,2675.4000,3748,0,26479080.000,0,-,-,-,-,2674.2000,2673.8000,2670.2000,2669.8000,2667.6000,2675.2000,2676.0000,2676.4000,2676.8000,2677.8000,1,1,1,4,5,1,1,1,1,2
SF,IH2012,2020-05-28 09:32:46.100,2675.4000,3748,0,26479080.000,0,-,-,-,-,2674.2000,2673.8000,2670.2000,2667.6000,2665.4000,2675.2000,2676.0000,2676.4000,2676.8000,2677.8000,1,1,1,5,1,1,1,1,1,2
SF,IH2012,2020-05-28 09:32:48.600,2674.2000,3747,-1,27281340.000,1,0,1,双平,S,2673.8000,2670.2000,2667.6000,2665.4000,2657.0000,2675.2000,2676.0000,2676.4000,2676.8000,2677.8000,1,1,5,1,1,1,1,1,1,2
SF,IH2012,2020-05-28 09:32:54.100,2674.2000,3747,0,27281340.000,0,-,-,-,-,2673.8000,2673.6000,2670.2000,2667.6000,2665.4000,2675.2000,2676.0000,2676.4000,2676.8000,2677.8000,1,4,1,5,1,1,1,1,1,2
SF,IH2012,2020-05-28 09:32:54.600,2675.2000,3747,0,28886400.000,2,1,1,多换,S,2673.8000,2673.6000,2670.2000,2667.6000,2665.4000,2676.0000,2676.4000,2676.8000,2677.8000,2678.0000,1,4,1,5,1,1,1,1,2,1
SF,IH2012,2020-05-28 09:32:55.100,2675.2000,3747,0,28886400.000,0,-,-,-,-,2674.0000,2673.8000,2673.6000,2670.2000,2667.6000,2676.0000,2676.4000,2676.8000,2677.8000,2678.0000,2,1,4,1,5,1,1,1,3,1
SF,IH2012,2020-05-28 09:32:55.600,2675.2000,3747,0,28886400.000,0,-,-,-,-,2674.0000,2673.8000,2673.6000,2670.2000,2667.6000,2675.8000,2676.0000,2676.4000,2676.8000,2677.8000,2,1,4,1,5,1,1,1,1,3
SF,IH2012,2020-05-28 09:32:59.600,2675.2000,3747,0,28886400.000,0,-,-,-,-,2674.0000,2673.8000,2673.6000,2670.2000,2667.6000,2675.8000,2676.0000,2676.4000,2676.8000,2677.8000,2,1,4,1,5,1,1,1,1,3
SF,IH2012,2020-05-28 09:33:00.100,2675.2000,3747,0,28886400.000,0,-,-,-,-,2674.0000,2673.8000,2673.6000,2670.2000,2667.6000,2675.8000,2676.0000,2676.4000,2676.8000,2677.0000,1,1,4,1,5,1,1,1,1,2
SF,IH2012,2020-05-28 09:33:03.600,2675.2000,3747,0,28886400.000,0,-,-,-,-,2674.2000,2674.0000,2673.8000,2673.6000,2670.2000,2675.8000,2676.0000,2676.4000,2676.8000,2677.0000,1,1,1,4,1,1,1,1,1,2
SF,IH2012,2020-05-28 09:33:04.100,2675.2000,3747,0,28886400.000,0,-,-,-,-,2674.4000,2674.2000,2673.8000,2673.6000,2670.2000,2676.0000,2676.4000,2676.8000,2677.0000,2677.8000,1,1,1,4,1,1,1,1,2,3
SF,IH2012,2020-05-28 09:33:05.600,2675.2000,3747,0,28886400.000,0,-,-,-,-,2674.6000,2674.4000,2674.2000,2673.8000,2673.6000,2676.0000,2676.4000,2676.8000,2677.0000,2677.8000,1,1,2,1,4,1,1,1,2,3
SF,IH2012,2020-05-28 09:33:06.100,2675.2000,3747,0,28886400.000,0,-,-,-,-,2674.8000,2674.2000,2673.8000,2673.6000,2670.2000,2676.0000,2676.4000,2676.8000,2677.0000,2677.8000,1,2,1,4,1,1,1,1,2,3
SF,IH2012,2020-05-28 09:33:09.600,2675.2000,3747,0,28886400.000,0,-,-,-,-,2675.0000,2674.8000,2674.2000,2673.8000,2673.6000,2676.0000,2676.4000,2676.8000,2677.0000,2677.8000,1,1,2,1,4,1,1,1,2,3
SF,IH2012,2020-05-28 09:33:10.100,2675.2000,3747,0,28886400.000,0,-,-,-,-,2675.2000,2674.2000,2673.8000,2673.6000,2670.2000,2676.0000,2676.4000,2676.8000,2677.0000,2677.8000,1,2,1,4,1,1,1,1,2,3
SF,IH2012,2020-05-28 09:33:11.100,2675.2000,3746,-1,29688960.000,1,0,1,双平,S,2674.2000,2673.8000,2673.6000,2670.2000,2667.6000,2676.0000,2676.4000,2676.8000,2677.0000,2677.8000,2,1,4,1,5,1,1,1,2,3
SF,IH2012,2020-05-28 09:33:11.600,2675.2000,3746,0,29688960.000,0,-,-,-,-,2674.4000,2674.2000,2673.8000,2673.6000,2670.2000,2676.0000,2676.4000,2676.8000,2677.0000,2677.8000,3,2,1,4,1,1,1,1,2,3
SF,IH2012,2020-05-28 09:33:12.100,2675.2000,3746,0,29688960.000,0,-,-,-,-,2674.6000,2674.4000,2674.2000,2673.8000,2673.6000,2676.0000,2676.4000,2676.8000,2677.0000,2677.8000,1,3,2,1,4,1,1,1,2,3
SF,IH2012,2020-05-28 09:33:13.100,2675.2000,3746,0,29688960.000,0,-,-,-,-,2674.6000,2674.4000,2674.2000,2673.8000,2673.6000,2676.0000,2676.4000,2676.8000,2677.0000,2677.8000,1,2,2,1,4,1,1,1,2,3
SF,IH2012,2020-05-28 09:33:13.600,2675.2000,3746,0,29688960.000,0,-,-,-,-,2674.6000,2674.4000,2674.2000,2673.8000,2673.6000,2676.0000,2676.4000,2676.8000,2677.0000,2677.8000,1,1,2,1,4,1,1,1,2,3
SF,IH2012,2020-05-28 09:33:16.600,2675.2000,3746,0,29688960.000,0,-,-,-,-,2674.4000,2674.2000,2673.8000,2673.6000,2670.2000,2676.0000,2676.4000,2676.8000,2677.0000,2677.8000,1,2,1,4,1,1,1,1,2,3
SF,IH2012,2020-05-28 09:33:18.100,2675.2000,3746,0,29688960.000,0,-,-,-,-,2674.4000,2674.2000,2673.8000,2673.6000,2670.2000,2675.8000,2676.0000,2676.4000,2676.8000,2677.0000,1,2,1,4,1,1,1,1,1,2
SF,IH2012,2020-05-28 09:33:26.100,2675.8000,3745,-1,30491700.000,1,0,1,双平,S,2675.8000,2674.4000,2674.2000,2673.8000,2673.6000,2676.0000,2676.4000,2676.8000,2677.0000,2677.8000,1,1,2,1,4,1,1,1,2,3
SF,IH2012,2020-05-28 09:33:26.600,2675.8000,3745,0,30491700.000,0,-,-,-,-,2674.4000,2674.2000,2673.8000,2673.6000,2670.2000,2676.0000,2676.4000,2676.8000,2677.0000,2677.8000,1,2,1,4,1,1,1,1,2,3
SF,IH2012,2020-05-28 09:33:27.100,2675.8000,3745,0,30491700.000,0,-,-,-,-,2674.6000,2674.4000,2674.2000,2673.8000,2673.6000,2676.0000,2676.2000,2676.4000,2676.8000,2677.0000,3,1,2,1,4,1,1,1,1,2
SF,IH2012,2020-05-28 09:33:27.600,2675.8000,3745,0,30491700.000,0,-,-,-,-,2674.6000,2674.2000,2673.8000,2673.6000,2670.2000,2676.0000,2676.2000,2676.4000,2676.8000,2677.0000,3,2,1,4,1,1,1,1,1,2
SF,IH2012,2020-05-28 09:33:28.100,2676.0000,3744,-1,31294500.000,1,0,1,双平,S,2674.8000,2674.6000,2674.2000,2673.8000,2673.6000,2676.2000,2676.4000,2676.8000,2677.0000,2677.8000,1,3,2,1,4,1,1,1,2,3
SF,IH2012,2020-05-28 09:33:29.100,2676.2000,3743,-1,32097360.000,1,0,1,双平,S,2675.0000,2674.8000,2674.6000,2674.2000,2673.8000,2676.4000,2676.8000,2677.0000,2677.8000,2678.0000,6,1,3,2,1,1,1,2,3,1
SF,IH2012,2020-05-28 09:33:29.600,2676.2000,3743,0,32097360.000,0,-,-,-,-,2675.0000,2674.6000,2674.2000,2673.8000,2673.6000,2676.4000,2676.8000,2677.0000,2677.8000,2678.0000,1,3,2,1,4,1,1,2,3,1
SF,IH2012,2020-05-28 09:33:30.100,2676.4000,3742,-1,32900280.000,1,0,1,双平,S,2675.2000,2675.0000,2674.6000,2674.2000,2673.8000,2676.8000,2677.0000,2677.8000,2678.0000,2678.8000,1,1,3,2,1,1,2,3,1,1
SF,IH2012,2020-05-28 09:33:30.600,2676.4000,3742,0,32900280.000,0,-,-,-,-,2675.4000,2675.2000,2675.0000,2674.2000,2673.8000,2676.8000,2677.0000,2677.8000,2678.0000,2678.8000,2,1,1,2,1,1,2,3,1,1
SF,IH2012,2020-05-28 09:33:31.100,2676.4000,3742,0,32900280.000,0,-,-,-,-,2675.4000,2675.0000,2674.2000,2673.8000,2673.6000,2676.8000,2677.0000,2677.8000,2678.0000,2678.8000,2,1,2,1,4,1,2,3,1,1
SF,IH2012,2020-05-28 09:33:31.600,2676.4000,3742,0,32900280.000,0,-,-,-,-,2675.6000,2675.4000,2675.0000,2674.2000,2673.8000,2676.8000,2677.0000,2677.8000,2678.0000,2678.8000,1,2,1,2,1,1,2,3,1,1
SF,IH2012,2020-05-28 09:33:32.600,2676.4000,3742,0,32900280.000,0,-,-,-,-,2675.6000,2675.0000,2674.2000,2673.8000,2673.6000,2676.8000,2677.0000,2677.8000,2678.0000,2678.8000,1,1,2,1,4,1,2,3,1,1
SF,IH2012,2020-05-28 09:33:33.100,2676.4000,3742,0,32900280.000,0,-,-,-,-,2675.8000,2675.6000,2675.0000,2674.2000,2673.8000,2676.8000,2677.0000,2677.8000,2678.0000,2678.8000,1,1,1,2,1,1,2,3,1,1
SF,IH2012,2020-05-28 09:33:34.100,2676.4000,3742,0,32900280.000,0,-,-,-,-,2675.8000,2675.6000,2675.0000,2673.8000,2673.6000,2676.8000,2677.0000,2677.8000,2678.0000,2678.8000,1,1,1,1,4,1,2,3,1,1
SF,IH2012,2020-05-28 09:33:42.100,2676.4000,3742,0,32900280.000,0,-,-,-,-,2675.8000,2675.6000,2675.0000,2673.8000,2673.6000,2676.8000,2677.0000,2677.8000,2678.0000,2678.8000,1,1,1,1,4,2,2,3,1,1
SF,IH2012,2020-05-28 09:33:42.600,2676.4000,3742,0,32900280.000,0,-,-,-,-,2675.8000,2675.6000,2675.0000,2673.8000,2673.6000,2676.8000,2677.0000,2677.8000,2678.0000,2678.8000,1,1,1,1,4,2,2,3,1,2
SF,IH2012,2020-05-28 09:33:46.100,2676.8000,3742,0,33703320.000,1,0,1,多换,S,2675.8000,2675.6000,2675.0000,2673.8000,2673.6000,2676.8000,2677.0000,2677.8000,2678.0000,2678.8000,1,1,1,1,4,1,2,3,1,2
SF,IH2012,2020-05-28 09:33:47.100,2676.8000,3742,0,33703320.000,0,-,-,-,-,2675.8000,2675.6000,2675.0000,2673.8000,2673.6000,2676.6000,2676.8000,2677.0000,2677.8000,2678.0000,1,1,1,1,4,1,1,2,3,1
SF,IH2012,2020-05-28 09:33:48.600,2676.8000,3742,0,33703320.000,0,-,-,-,-,2675.6000,2675.0000,2673.8000,2673.6000,2670.2000,2676.6000,2676.8000,2677.0000,2677.8000,2678.0000,1,1,1,4,1,1,1,2,3,1
SF,IH2012,2020-05-28 09:33:52.600,2676.8000,3742,0,33703320.000,0,-,-,-,-,2675.8000,2675.6000,2675.0000,2673.8000,2673.6000,2676.6000,2676.8000,2677.0000,2677.8000,2678.0000,1,1,1,1,4,1,1,2,3,1
SF,IH2012,2020-05-28 09:33:53.100,2676.8000,3742,0,33703320.000,0,-,-,-,-,2675.0000,2673.8000,2673.6000,2670.2000,2667.6000,2676.6000,2676.8000,2677.0000,2677.8000,2678.0000,1,1,4,1,5,1,1,2,3,1
SF,IH2012,2020-05-28 09:33:53.600,2676.8000,3742,0,33703320.000,0,-,-,-,-,2675.2000,2675.0000,2673.8000,2673.6000,2670.2000,2676.6000,2676.8000,2677.0000,2677.8000,2678.0000,3,1,1,4,1,1,1,2,3,1
SF,IH2012,2020-05-28 09:33:54.100,2676.8000,3742,0,33703320.000,0,-,-,-,-,2675.4000,2675.2000,2675.0000,2673.8000,2673.6000,2676.6000,2676.8000,2677.0000,2677.8000,2678.0000,2,3,1,1,4,1,1,2,3,1
SF,IH2012,2020-05-28 09:33:54.600,2676.8000,3742,0,33703320.000,0,-,-,-,-,2675.6000,2675.4000,2675.0000,2673.8000,2673.6000,2676.6000,2676.8000,2677.0000,2677.8000,2678.0000,2,2,1,1,4,1,1,2,3,1
SF,IH2012,2020-05-28 09:33:55.100,2676.8000,3742,0,33703320.000,0,-,-,-,-,2675.8000,2675.6000,2675.4000,2675.0000,2673.8000,2676.6000,2676.8000,2677.0000,2677.8000,2678.0000,1,2,2,1,1,1,1,2,3,1
SF,IH2012,2020-05-28 09:33:55.600,2676.8000,3742,0,33703320.000,0,-,-,-,-,2675.6000,2675.0000,2673.8000,2673.6000,2670.2000,2676.6000,2676.8000,2677.0000,2677.8000,2678.0000,2,1,1,4,1,1,1,2,3,1
SF,IH2012,2020-05-28 09:33:56.100,2676.8000,3742,0,33703320.000,0,-,-,-,-,2675.0000,2673.8000,2673.6000,2670.2000,2667.6000,2676.6000,2676.8000,2677.0000,2677.8000,2678.0000,1,1,4,1,5,1,1,2,3,1
SF,IH2012,2020-05-28 09:33:56.600,2676.8000,3742,0,33703320.000,0,-,-,-,-,2675.2000,2675.0000,2673.8000,2673.6000,2670.2000,2676.6000,2676.8000,2677.0000,2677.8000,2678.0000,3,1,1,4,1,1,1,2,3,1
SF,IH2012,2020-05-28 09:33:57.100,2676.8000,3742,0,33703320.000,0,-,-,-,-,2675.2000,2675.0000,2673.8000,2673.6000,2670.2000,2676.6000,2676.8000,2677.0000,2677.8000,2678.0000,9,1,1,4,1,1,1,2,3,1
SF,IH2012,2020-05-28 09:33:57.600,2676.8000,3742,0,33703320.000,0,-,-,-,-,2675.4000,2675.2000,2675.0000,2673.8000,2673.6000,2676.6000,2676.8000,2677.0000,2677.8000,2678.0000,2,3,1,1,4,2,1,2,3,1
SF,IH2012,2020-05-28 09:33:58.100,2676.6000,3741,-1,34506300.000,1,0,1,双平,S,2675.6000,2675.4000,2675.0000,2673.8000,2673.6000,2676.6000,2676.8000,2677.0000,2677.8000,2678.0000,2,2,1,1,4,1,1,2,3,1
SF,IH2012,2020-05-28 09:33:58.600,2676.6000,3740,-1,35309280.000,1,0,1,双平,S,2675.8000,2675.6000,2675.4000,2675.0000,2673.8000,2676.8000,2677.0000,2677.8000,2678.0000,2678.8000,1,2,2,1,1,1,2,3,1,2
SF,IH2012,2020-05-28 09:34:00.100,2676.8000,3739,-1,36112320.000,1,0,1,双平,S,2675.8000,2675.6000,2675.4000,2675.0000,2673.8000,2677.0000,2677.8000,2678.0000,2678.8000,2679.0000,1,2,2,1,1,2,3,1,2,1
SF,IH2012,2020-05-28 09:34:00.600,2676.8000,3739,0,36112320.000,0,-,-,-,-,2676.0000,2675.8000,2675.4000,2675.0000,2673.8000,2677.0000,2677.8000,2678.0000,2678.8000,2679.0000,3,1,2,1,1,2,3,1,2,1
SF,IH2012,2020-05-28 09:34:01.100,2677.0000,3737,-2,37718520.000,2,0,2,双平,S,2676.0000,2675.4000,2675.0000,2673.8000,2673.6000,2677.8000,2678.0000,2678.8000,2679.0000,2679.2000,3,2,1,1,4,3,1,2,1,1
SF,IH2012,2020-05-28 09:34:01.600,2677.0000,3737,0,37718520.000,0,-,-,-,-,2676.4000,2676.2000,2676.0000,2675.4000,2675.0000,2677.8000,2678.0000,2678.8000,2679.0000,2679.2000,6,2,3,2,1,3,1,2,1,1
SF,IH2012,2020-05-28 09:34:02.100,2677.0000,3737,0,37718520.000,0,-,-,-,-,2676.4000,2676.2000,2676.0000,2675.4000,2675.0000,2677.8000,2678.0000,2678.8000,2679.0000,2679.2000,6,1,3,2,1,3,1,2,1,1
SF,IH2012,2020-05-28 09:34:02.600,2677.0000,3737,0,37718520.000,0,-,-,-,-,2676.6000,2676.4000,2676.2000,2676.0000,2675.0000,2677.8000,2678.0000,2678.8000,2679.0000,2679.2000,2,6,1,3,1,3,1,2,1,1
SF,IH2012,2020-05-28 09:34:03.100,2677.0000,3737,0,37718520.000,0,-,-,-,-,2677.0000,2676.8000,2676.6000,2676.2000,2676.0000,2677.8000,2678.0000,2678.8000,2679.0000,2679.2000,6,2,2,1,1,3,1,2,1,1
SF,IH2012,2020-05-28 09:34:03.600,2677.0000,3737,0,37718520.000,0,-,-,-,-,2677.0000,2676.8000,2676.6000,2676.2000,2675.0000,2677.8000,2678.0000,2678.8000,2679.0000,2679.2000,6,2,2,1,1,2,1,2,1,1
SF,IH2012,2020-05-28 09:34:04.100,2677.8000,3735,-2,39325200.000,2,0,2,双平,S,2677.2000,2677.0000,2676.6000,2676.2000,2675.0000,2678.0000,2678.8000,2679.0000,2679.2000,2679.8000,1,6,1,1,1,1,2,1,1,1
SF,IH2012,2020-05-28 09:34:04.600,2677.8000,3735,0,39325200.000,0,-,-,-,-,2677.8000,2677.4000,2677.2000,2676.2000,2675.0000,2678.0000,2678.8000,2679.0000,2679.2000,2679.8000,1,6,1,1,1,1,2,1,1,2
SF,IH2012,2020-05-28 09:34:05.100,2677.8000,3735,0,39325200.000,0,-,-,-,-,2677.8000,2677.4000,2677.2000,2676.2000,2675.0000,2678.0000,2678.8000,2679.0000,2679.2000,2679.8000,1,1,1,1,1,1,2,1,1,2
SF,IH2012,2020-05-28 09:34:05.600,2677.8000,3735,0,39325200.000,0,-,-,-,-,2677.8000,2677.2000,2676.2000,2675.0000,2673.8000,2678.0000,2678.8000,2679.0000,2679.2000,2679.8000,1,1,1,1,1,1,2,1,1,2
SF,IH2012,2020-05-28 09:34:07.100,2678.0000,3734,-1,40128600.000,1,0,1,双平,S,2677.8000,2677.2000,2676.2000,2675.0000,2673.8000,2678.8000,2679.0000,2679.2000,2679.8000,2680.0000,1,1,1,1,1,2,1,1,2,1
SF,IH2012,2020-05-28 09:34:07.600,2678.0000,3734,0,40128600.000,0,-,-,-,-,2677.8000,2677.2000,2676.2000,2675.0000,2673.8000,2678.8000,2679.0000,2679.2000,2679.8000,2680.0000,1,1,1,1,1,2,1,2,2,1
SF,IH2012,2020-05-28 09:34:08.100,2678.0000,3734,0,40128600.000,0,-,-,-,-,2677.8000,2677.2000,2676.2000,2675.0000,2673.8000,2678.8000,2679.0000,2679.2000,2679.8000,2680.0000,1,1,1,1,1,2,1,2,2,1
SF,IH2012,2020-05-28 09:34:08.600,2678.0000,3734,0,40128600.000,0,-,-,-,-,2677.8000,2676.2000,2675.0000,2673.6000,2670.2000,2678.8000,2679.0000,2679.2000,2679.8000,2680.0000,1,1,1,4,1,2,1,2,2,1
SF,IH2012,2020-05-28 09:34:11.100,2678.0000,3734,0,40128600.000,0,-,-,-,-,2676.2000,2675.0000,2673.6000,2670.2000,2667.6000,2678.8000,2679.0000,2679.2000,2679.8000,2680.0000,1,1,4,1,5,2,1,2,2,1
SF,IH2012,2020-05-28 09:34:11.600,2678.0000,3734,0,40128600.000,0,-,-,-,-,2676.6000,2676.4000,2676.2000,2675.0000,2673.6000,2678.8000,2679.0000,2679.2000,2679.8000,2680.0000,6,2,1,1,4,2,1,2,2,1
SF,IH2012,2020-05-28 09:34:12.100,2678.0000,3734,0,40128600.000,0,-,-,-,-,2676.8000,2676.6000,2676.4000,2675.0000,2673.6000,2678.6000,2678.8000,2679.0000,2679.2000,2679.8000,1,7,1,1,4,1,2,1,2,2
SF,IH2012,2020-05-28 09:34:12.600,2678.0000,3734,0,40128600.000,0,-,-,-,-,2677.0000,2676.8000,2676.6000,2676.4000,2675.0000,2678.6000,2678.8000,2679.0000,2679.2000,2679.8000,7,1,1,1,1,1,2,1,2,2
SF,IH2012,2020-05-28 09:34:13.100,2678.6000,3734,0,40932180.000,1,0,1,多换,S,2677.0000,2676.8000,2676.6000,2675.0000,2673.6000,2678.8000,2679.0000,2679.2000,2679.8000,2680.0000,7,1,1,1,4,2,1,2,2,1
SF,IH2012,2020-05-28 09:34:13.600,2678.6000,3734,0,40932180.000,0,-,-,-,-,2677.2000,2677.0000,2676.6000,2675.0000,2673.6000,2678.8000,2679.0000,2679.2000,2679.8000,2680.0000,1,7,1,1,4,2,1,2,2,1
SF,IH2012,2020-05-28 09:34:14.100,2678.6000,3734,0,40932180.000,0,-,-,-,-,2677.2000,2677.0000,2675.0000,2673.6000,2670.2000,2678.8000,2679.0000,2679.2000,2679.8000,2680.0000,1,6,1,4,1,2,1,2,2,1
SF,IH2012,2020-05-28 09:34:14.600,2678.6000,3734,0,40932180.000,0,-,-,-,-,2677.4000,2677.2000,2677.0000,2675.0000,2673.6000,2678.8000,2679.0000,2679.2000,2679.8000,2680.0000,1,1,6,1,4,2,1,2,2,1
SF,IH2012,2020-05-28 09:34:15.600,2678.8000,3733,-1,41735820.000,1,0,1,双平,S,2677.4000,2677.2000,2675.0000,2673.6000,2670.2000,2678.8000,2679.0000,2679.2000,2679.8000,2680.0000,1,1,1,4,1,1,1,2,2,1
SF,IH2012,2020-05-28 09:34:16.100,2677.4000,3732,-1,42539040.000,1,0,1,双平,S,2677.2000,2675.0000,2673.6000,2670.2000,2667.6000,2678.8000,2679.0000,2679.2000,2679.8000,2680.0000,1,1,4,1,5,1,1,2,2,1
SF,IH2012,2020-05-28 09:34:16.600,2677.2000,3731,-1,43342200.000,1,0,1,双平,S,2675.0000,2673.6000,2670.2000,2667.6000,2665.4000,2678.8000,2679.0000,2679.2000,2679.8000,2680.0000,1,4,1,5,2,1,1,2,2,1
SF,IH2012,2020-05-28 09:34:17.100,2677.2000,3731,0,43342200.000,0,-,-,-,-,2675.4000,2675.2000,2675.0000,2673.6000,2670.2000,2678.6000,2678.8000,2679.0000,2679.2000,2679.8000,6,1,1,4,1,1,1,1,2,2
SF,IH2012,2020-05-28 09:34:18.100,2677.2000,3731,0,43342200.000,0,-,-,-,-,2675.4000,2675.2000,2675.0000,2673.6000,2670.2000,2678.4000,2678.6000,2678.8000,2679.0000,2679.2000,6,1,1,4,1,1,1,1,1,2
SF,IH2012,2020-05-28 09:34:18.600,2677.2000,3731,0,43342200.000,0,-,-,-,-,2675.4000,2675.2000,2675.0000,2673.6000,2670.2000,2678.2000,2678.4000,2678.8000,2679.0000,2679.2000,6,1,1,4,1,1,1,1,1,2
SF,IH2012,2020-05-28 09:34:19.100,2677.2000,3731,0,43342200.000,0,-,-,-,-,2676.0000,2675.8000,2675.4000,2675.2000,2675.0000,2678.2000,2678.4000,2678.8000,2679.0000,2679.2000,1,1,6,1,1,1,1,1,1,2
SF,IH2012,2020-05-28 09:34:19.600,2677.2000,3731,0,43342200.000,0,-,-,-,-,2676.4000,2676.0000,2675.8000,2675.0000,2673.6000,2678.2000,2678.4000,2678.8000,2679.0000,2679.2000,6,1,1,1,4,1,1,1,1,2
SF,IH2012,2020-05-28 09:34:20.100,2677.2000,3731,0,43342200.000,0,-,-,-,-,2676.4000,2676.0000,2675.0000,2673.6000,2670.2000,2678.2000,2678.4000,2678.8000,2679.0000,2679.2000,6,1,1,4,1,1,1,1,1,2
SF,IH2012,2020-05-28 09:34:20.600,2677.2000,3731,0,43342200.000,0,-,-,-,-,2676.4000,2676.0000,2675.0000,2673.6000,2670.2000,2678.2000,2678.8000,2679.0000,2679.2000,2679.8000,6,1,1,4,1,1,1,1,2,2
SF,IH2012,2020-05-28 09:34:21.100,2677.2000,3731,0,43342200.000,0,-,-,-,-,2676.6000,2676.4000,2676.0000,2675.0000,2673.6000,2678.2000,2678.8000,2679.0000,2679.2000,2679.8000,1,6,1,1,4,1,1,1,2,2
SF,IH2012,2020-05-28 09:34:21.600,2677.2000,3731,0,43342200.000,0,-,-,-,-,2677.0000,2676.6000,2675.0000,2673.6000,2670.2000,2678.2000,2678.8000,2679.0000,2679.2000,2679.8000,6,1,1,4,1,1,1,1,2,2
SF,IH2012,2020-05-28 09:34:22.100,2677.2000,3731,0,43342200.000,0,-,-,-,-,2677.0000,2675.0000,2673.6000,2670.2000,2667.6000,2678.8000,2679.0000,2679.2000,2679.8000,2680.0000,6,1,4,1,5,1,2,2,2,1
SF,IH2012,2020-05-28 09:34:22.600,2677.2000,3731,0,43342200.000,0,-,-,-,-,2677.0000,2675.0000,2673.6000,2670.2000,2667.6000,2678.6000,2678.8000,2679.0000,2679.2000,2679.8000,6,1,4,1,5,1,1,2,2,2
SF,IH2012,2020-05-28 09:34:23.100,2677.2000,3731,0,43342200.000,0,-,-,-,-,2675.0000,2673.6000,2670.2000,2667.6000,2665.4000,2678.6000,2678.8000,2679.0000,2679.2000,2679.8000,1,4,1,5,2,1,1,2,2,2
SF,IH2012,2020-05-28 09:34:23.600,2677.2000,3731,0,43342200.000,0,-,-,-,-,2675.4000,2675.0000,2673.6000,2670.2000,2667.6000,2678.6000,2678.8000,2679.0000,2679.2000,2679.8000,6,1,4,1,5,1,1,2,2,2
SF,IH2012,2020-05-28 09:34:24.100,2677.2000,3731,0,43342200.000,0,-,-,-,-,2675.6000,2675.4000,2675.0000,2673.6000,2670.2000,2678.6000,2678.8000,2679.0000,2679.2000,2679.8000,2,6,1,4,1,1,1,2,2,2
SF,IH2012,2020-05-28 09:34:24.600,2677.2000,3731,0,43342200.000,0,-,-,-,-,2676.0000,2675.6000,2675.0000,2673.6000,2670.2000,2678.6000,2678.8000,2679.0000,2679.2000,2679.8000,6,2,1,4,1,1,1,2,2,2
SF,IH2012,2020-05-28 09:34:26.100,2677.2000,3731,0,43342200.000,0,-,-,-,-,2676.0000,2675.0000,2673.6000,2670.2000,2667.6000,2678.6000,2678.8000,2679.0000,2679.2000,2679.8000,6,1,4,1,5,1,1,2,2,2
SF,IH2012,2020-05-28 09:34:27.600,2677.2000,3731,0,43342200.000,0,-,-,-,-,2676.4000,2676.0000,2675.0000,2673.6000,2670.2000,2678.6000,2678.8000,2679.0000,2679.2000,2679.8000,1,6,1,4,1,1,1,2,2,2
SF,IH2012,2020-05-28 09:34:28.100,2677.2000,3731,0,43342200.000,0,-,-,-,-,2676.8000,2676.4000,2675.0000,2673.6000,2670.2000,2678.6000,2678.8000,2679.0000,2679.2000,2679.8000,6,1,1,4,1,1,1,2,2,2
SF,IH2012,2020-05-28 09:34:29.600,2677.2000,3731,0,43342200.000,0,-,-,-,-,2676.8000,2676.4000,2676.2000,2675.0000,2673.6000,2678.6000,2678.8000,2679.0000,2679.2000,2679.8000,6,1,1,1,4,1,1,2,2,2
SF,IH2012,2020-05-28 09:34:32.600,2677.2000,3731,0,43342200.000,0,-,-,-,-,2676.8000,2676.4000,2676.2000,2675.0000,2673.6000,2678.6000,2678.8000,2679.0000,2679.2000,2679.8000,6,1,1,1,4,2,1,2,2,2
SF,IH2012,2020-05-28 09:34:36.100,2677.2000,3731,0,43342200.000,0,-,-,-,-,2676.8000,2676.4000,2676.2000,2675.0000,2673.6000,2678.6000,2678.8000,2679.0000,2679.2000,2679.8000,6,1,1,1,4,2,1,2,2,3
SF,IH2012,2020-05-28 09:34:37.600,2678.6000,3731,0,44949360.000,2,1,1,多换,S,2676.8000,2676.4000,2676.2000,2675.0000,2673.6000,2678.8000,2679.0000,2679.2000,2679.8000,2680.0000,6,1,1,1,4,1,2,2,3,1
SF,IH2012,2020-05-28 09:34:38.100,2678.6000,3731,0,44949360.000,0,-,-,-,-,2677.0000,2676.8000,2676.4000,2676.2000,2675.0000,2678.8000,2679.0000,2679.2000,2679.8000,2680.0000,1,6,1,1,1,1,2,2,3,1
SF,IH2012,2020-05-28 09:34:38.600,2678.6000,3731,0,44949360.000,0,-,-,-,-,2677.2000,2677.0000,2676.2000,2675.0000,2673.6000,2678.8000,2679.0000,2679.2000,2679.8000,2680.0000,6,3,1,1,4,1,2,2,3,1
SF,IH2012,2020-05-28 09:34:39.100,2678.6000,3731,0,44949360.000,0,-,-,-,-,2677.4000,2677.2000,2677.0000,2676.2000,2675.2000,2678.8000,2679.0000,2679.2000,2679.8000,2680.0000,1,6,3,1,5,1,2,2,3,1
SF,IH2012,2020-05-28 09:34:39.600,2678.6000,3731,0,44949360.000,0,-,-,-,-,2677.4000,2677.2000,2677.0000,2676.2000,2675.2000,2679.0000,2679.2000,2679.8000,2680.0000,2680.4000,1,6,3,1,5,2,2,3,1,1
SF,IH2012,2020-05-28 09:34:40.100,2678.6000,3731,0,44949360.000,0,-,-,-,-,2677.6000,2677.0000,2676.2000,2675.2000,2675.0000,2679.0000,2679.2000,2679.8000,2680.0000,2680.4000,8,3,1,5,1,2,2,3,1,1
SF,IH2012,2020-05-28 09:34:41.100,2678.6000,3731,0,44949360.000,0,-,-,-,-,2677.6000,2677.0000,2676.2000,2675.2000,2675.0000,2679.0000,2679.2000,2679.8000,2680.0000,2680.4000,8,1,1,5,1,2,2,3,1,1
SF,IH2012,2020-05-28 09:34:42.100,2678.6000,3731,0,44949360.000,0,-,-,-,-,2677.6000,2677.0000,2676.2000,2675.2000,2675.0000,2679.0000,2679.2000,2679.8000,2680.0000,2680.4000,2,1,1,5,1,2,2,3,1,1
SF,IH2012,2020-05-28 09:34:42.600,2678.6000,3731,0,44949360.000,0,-,-,-,-,2677.6000,2676.2000,2675.2000,2675.0000,2670.2000,2679.0000,2679.2000,2679.8000,2680.0000,2680.4000,2,1,5,1,1,2,2,3,1,1
SF,IH2012,2020-05-28 09:34:43.100,2678.6000,3731,0,44949360.000,0,-,-,-,-,2677.6000,2676.2000,2675.0000,2671.4000,2670.2000,2679.0000,2679.2000,2679.8000,2680.0000,2680.4000,2,1,1,5,1,2,2,3,1,1
SF,IH2012,2020-05-28 09:34:47.100,2679.0000,3730,-1,46556760.000,2,0,2,多平,S,2679.0000,2677.6000,2676.2000,2675.0000,2671.4000,2679.2000,2679.8000,2680.0000,2680.4000,2682.2000,2,2,1,1,5,2,3,1,1,1
SF,IH2012,2020-05-28 09:34:47.600,2679.0000,3728,-2,48164160.000,2,0,2,双平,S,2676.2000,2675.0000,2671.4000,2670.2000,2665.4000,2679.2000,2679.8000,2680.0000,2680.4000,2682.2000,1,1,5,1,2,2,3,1,1,1
SF,IH2012,2020-05-28 09:34:48.100,2679.0000,3728,0,48164160.000,0,-,-,-,-,2676.6000,2676.2000,2675.0000,2671.4000,2670.2000,2679.2000,2679.8000,2680.0000,2680.4000,2682.2000,6,1,1,5,1,2,3,1,1,1
SF,IH2012,2020-05-28 09:34:48.600,2679.0000,3728,0,48164160.000,0,-,-,-,-,2676.8000,2676.6000,2676.4000,2676.2000,2675.0000,2679.2000,2679.8000,2680.0000,2680.4000,2682.2000,1,7,1,1,1,2,3,1,1,1
SF,IH2012,2020-05-28 09:34:49.100,2679.0000,3728,0,48164160.000,0,-,-,-,-,2677.2000,2676.6000,2676.4000,2676.2000,2675.0000,2679.2000,2679.8000,2680.0000,2680.4000,2682.2000,8,1,1,1,1,2,3,1,1,1
SF,IH2012,2020-05-28 09:34:49.600,2679.0000,3728,0,48164160.000,0,-,-,-,-,2677.4000,2677.2000,2676.6000,2676.4000,2676.2000,2679.2000,2679.8000,2680.0000,2680.4000,2682.2000,3,6,1,1,1,2,3,1,1,1
SF,IH2012,2020-05-28 09:34:50.100,2679.0000,3728,0,48164160.000,0,-,-,-,-,2677.4000,2677.2000,2676.2000,2675.0000,2671.4000,2679.2000,2679.8000,2680.0000,2680.4000,2682.2000,3,6,1,1,5,2,3,1,1,1
SF,IH2012,2020-05-28 09:34:50.600,2679.0000,3728,0,48164160.000,0,-,-,-,-,2677.4000,2677.2000,2676.2000,2675.0000,2671.4000,2679.2000,2679.8000,2680.0000,2680.4000,2682.2000,4,6,1,1,5,2,3,1,1,1
SF,IH2012,2020-05-28 09:34:51.100,2679.0000,3728,0,48164160.000,0,-,-,-,-,2677.6000,2677.4000,2676.2000,2675.0000,2671.4000,2679.2000,2679.8000,2680.0000,2680.4000,2682.2000,6,4,1,1,5,2,3,1,1,1
SF,IH2012,2020-05-28 09:34:51.600,2679.0000,3728,0,48164160.000,0,-,-,-,-,2677.4000,2676.2000,2675.0000,2671.4000,2670.2000,2679.2000,2679.8000,2680.0000,2680.4000,2682.2000,4,1,1,5,1,2,3,1,1,1
SF,IH2012,2020-05-28 09:34:52.100,2679.0000,3728,0,48164160.000,0,-,-,-,-,2677.4000,2676.2000,2675.0000,2671.4000,2670.2000,2679.2000,2679.8000,2680.0000,2680.4000,2682.2000,2,1,1,5,1,2,3,1,1,1
SF,IH2012,2020-05-28 09:34:53.100,2679.0000,3728,0,48164160.000,0,-,-,-,-,2677.8000,2677.4000,2676.2000,2675.0000,2671.4000,2679.2000,2679.8000,2680.0000,2680.4000,2682.2000,6,2,1,1,5,2,3,1,1,1
SF,IH2012,2020-05-28 09:34:57.100,2679.2000,3727,-1,48967920.000,1,0,1,双平,S,2677.8000,2677.4000,2676.2000,2675.0000,2671.4000,2679.8000,2680.0000,2680.4000,2682.2000,2685.0000,6,2,1,1,5,3,1,1,1,1
SF,IH2012,2020-05-28 09:34:57.600,2679.2000,3727,0,48967920.000,0,-,-,-,-,2678.0000,2677.8000,2676.2000,2675.0000,2671.4000,2679.8000,2680.0000,2680.4000,2682.2000,2685.0000,3,6,1,1,5,3,1,1,1,1
SF,IH2012,2020-05-28 09:34:58.100,2679.2000,3727,0,48967920.000,0,-,-,-,-,2679.2000,2678.4000,2678.0000,2676.2000,2675.0000,2679.8000,2680.0000,2680.4000,2682.2000,2685.0000,1,6,5,1,1,3,1,1,1,1
SF,IH2012,2020-05-28 09:34:58.600,2679.2000,3726,-1,49771680.000,1,0,1,双平,S,2678.4000,2678.0000,2676.2000,2675.0000,2671.4000,2679.8000,2680.0000,2680.4000,2682.2000,2685.0000,6,3,1,1,5,3,1,1,1,1
SF,IH2012,2020-05-28 09:35:01.100,2679.2000,3726,0,49771680.000,0,-,-,-,-,2678.8000,2678.4000,2678.0000,2676.2000,2675.0000,2679.8000,2680.0000,2680.4000,2682.2000,2685.0000,1,6,3,1,1,2,1,1,1,1
SF,IH2012,2020-05-28 09:35:01.600,2679.8000,3724,-2,51379560.000,2,0,2,双平,S,2679.8000,2679.2000,2678.8000,2678.0000,2676.2000,2680.0000,2680.4000,2682.2000,2685.0000,2690.4000,1,6,1,3,1,1,1,1,1,5
SF,IH2012,2020-05-28 09:35:02.100,2680.0000,3723,-1,52183560.000,1,0,1,双平,S,2680.0000,2679.8000,2679.2000,2679.0000,2678.6000,2681.6000,2682.2000,2685.0000,2690.4000,2696.8000,1,1,6,2,1,1,1,1,5,1
SF,IH2012,2020-05-28 09:35:02.600,2680.0000,3723,0,52183560.000,0,-,-,-,-,2680.2000,2680.0000,2679.8000,2679.0000,2678.6000,2681.6000,2682.2000,2682.4000,2685.0000,2690.4000,6,1,1,2,1,1,1,1,1,5
SF,IH2012,2020-05-28 09:35:03.100,2680.0000,3723,0,52183560.000,0,-,-,-,-,2679.8000,2678.6000,2678.0000,2676.2000,2675.0000,2680.2000,2681.6000,2682.2000,2682.4000,2683.6000,1,1,1,1,1,1,1,1,1,1
SF,IH2012,2020-05-28 09:35:03.600,2680.0000,3723,0,52183560.000,0,-,-,-,-,2678.6000,2678.0000,2676.2000,2675.0000,2671.4000,2679.8000,2680.2000,2681.6000,2682.2000,2682.4000,1,1,1,1,5,1,1,1,1,1
SF,IH2012,2020-05-28 09:35:04.100,2680.0000,3723,0,52183560.000,0,-,-,-,-,2679.0000,2678.8000,2678.6000,2678.0000,2676.2000,2679.8000,2680.2000,2681.6000,2682.2000,2685.0000,6,2,1,1,1,1,1,1,1,1
SF,IH2012,2020-05-28 09:35:04.600,2680.0000,3723,0,52183560.000,0,-,-,-,-,2679.0000,2678.6000,2677.6000,2676.2000,2675.0000,2679.8000,2680.2000,2681.6000,2682.2000,2685.0000,6,1,1,1,1,1,1,1,1,1
SF,IH2012,2020-05-28 09:35:05.100,2679.8000,3723,0,52987500.000,1,0,1,多换,S,2679.0000,2678.6000,2677.6000,2676.2000,2675.0000,2680.2000,2681.6000,2682.2000,2685.0000,2690.4000,6,1,1,1,1,1,1,1,1,5
SF,IH2012,2020-05-28 09:35:05.600,2679.8000,3723,0,52987500.000,0,-,-,-,-,2679.2000,2679.0000,2678.6000,2677.6000,2676.2000,2681.6000,2682.2000,2685.0000,2690.4000,2696.8000,4,6,1,1,1,1,1,1,5,1
SF,IH2012,2020-05-28 09:35:06.100,2679.6000,3722,-1,53791380.000,1,0,1,双平,S,2679.6000,2679.4000,2679.2000,2678.6000,2677.6000,2681.6000,2682.2000,2682.8000,2685.0000,2690.4000,5,1,4,1,1,1,1,1,1,5
SF,IH2012,2020-05-28 09:35:06.600,2679.6000,3722,0,53791380.000,0,-,-,-,-,2679.8000,2679.6000,2678.6000,2677.6000,2676.2000,2681.6000,2682.2000,2682.8000,2685.0000,2690.4000,2,5,1,1,1,1,1,1,1,5
SF,IH2012,2020-05-28 09:35:07.100,2679.6000,3722,0,53791380.000,0,-,-,-,-,2680.2000,2679.8000,2678.6000,2677.6000,2676.2000,2681.6000,2682.2000,2682.8000,2685.0000,2690.4000,5,2,1,1,1,1,1,1,1,5
SF,IH2012,2020-05-28 09:35:07.600,2679.6000,3722,0,53791380.000,0,-,-,-,-,2680.2000,2679.8000,2678.6000,2676.2000,2675.0000,2681.6000,2682.2000,2682.8000,2685.0000,2690.4000,5,2,1,1,1,1,1,1,1,5
SF,IH2012,2020-05-28 09:35:08.100,2679.6000,3722,0,53791380.000,0,-,-,-,-,2680.2000,2679.8000,2678.6000,2676.2000,2675.0000,2681.0000,2681.6000,2682.2000,2682.8000,2685.0000,5,2,1,1,1,2,1,1,1,1
SF,IH2012,2020-05-28 09:35:08.600,2679.6000,3722,0,53791380.000,0,-,-,-,-,2680.2000,2679.8000,2678.6000,2676.2000,2675.0000,2681.0000,2681.6000,2682.2000,2682.8000,2685.0000,5,1,1,1,1,2,1,1,1,1
SF,IH2012,2020-05-28 09:35:12.600,2680.0000,3720,-2,55399380.000,2,0,2,双平,S,2680.2000,2679.8000,2678.6000,2676.2000,2675.0000,2681.0000,2681.6000,2682.2000,2682.8000,2685.0000,3,1,1,1,1,2,1,1,1,1
SF,IH2012,2020-05-28 09:35:14.600,2681.0000,3718,-2,57007980.000,2,0,2,双平,S,2680.2000,2679.8000,2678.6000,2676.2000,2675.0000,2681.6000,2682.2000,2682.8000,2685.0000,2690.4000,3,1,1,1,1,1,1,1,1,5
SF,IH2012,2020-05-28 09:35:15.100,2681.0000,3718,0,57007980.000,0,-,-,-,-,2680.2000,2678.6000,2676.2000,2675.0000,2671.4000,2681.6000,2682.2000,2682.8000,2685.0000,2690.4000,3,1,1,1,5,1,1,1,1,5
SF,IH2012,2020-05-28 09:35:15.600,2681.0000,3718,0,57007980.000,0,-,-,-,-,2680.2000,2678.6000,2677.2000,2676.2000,2675.0000,2681.6000,2682.2000,2682.8000,2685.0000,2690.4000,3,1,1,1,1,1,1,1,1,5
SF,IH2012,2020-05-28 09:35:16.100,2681.0000,3718,0,57007980.000,0,-,-,-,-,2680.6000,2680.2000,2678.6000,2677.2000,2676.2000,2681.6000,2682.2000,2682.8000,2685.0000,2690.4000,1,3,1,1,1,1,1,1,1,5
SF,IH2012,2020-05-28 09:35:16.600,2681.0000,3718,0,57007980.000,0,-,-,-,-,2681.0000,2680.6000,2678.6000,2676.2000,2675.0000,2681.6000,2682.2000,2682.8000,2685.0000,2690.4000,3,1,1,1,1,1,1,1,1,5
SF,IH2012,2020-05-28 09:35:17.100,2681.0000,3718,0,57812280.000,1,0,1,多换,S,2681.0000,2680.6000,2676.2000,2675.0000,2671.4000,2681.4000,2682.2000,2682.8000,2685.0000,2690.4000,2,1,1,1,5,1,1,1,1,5
SF,IH2012,2020-05-28 09:35:17.600,2681.4000,3718,0,58616700.000,1,0,1,多换,S,2681.6000,2681.4000,2681.0000,2676.2000,2675.0000,2682.2000,2682.8000,2685.0000,2690.4000,2696.8000,1,2,2,1,1,1,1,1,5,1
SF,IH2012,2020-05-28 09:35:18.100,2681.4000,3718,0,58616700.000,0,-,-,-,-,2681.0000,2676.2000,2675.0000,2671.4000,2670.2000,2682.2000,2682.8000,2684.0000,2685.0000,2690.4000,2,1,1,5,1,1,1,1,1,5
SF,IH2012,2020-05-28 09:35:18.600,2681.4000,3718,0,58616700.000,0,-,-,-,-,2681.2000,2681.0000,2676.2000,2675.0000,2671.4000,2682.2000,2682.8000,2684.0000,2685.0000,2690.4000,2,2,1,1,5,1,1,1,1,5
SF,IH2012,2020-05-28 09:35:19.100,2681.4000,3718,0,58616700.000,0,-,-,-,-,2681.6000,2681.2000,2676.2000,2675.0000,2671.4000,2682.2000,2682.8000,2684.0000,2685.0000,2690.4000,2,2,1,1,5,1,1,1,1,5
SF,IH2012,2020-05-28 09:35:19.600,2681.4000,3718,0,58616700.000,0,-,-,-,-,2681.2000,2676.2000,2675.0000,2671.4000,2670.2000,2682.2000,2682.8000,2684.0000,2685.0000,2690.4000,2,1,1,5,1,1,1,1,1,5
SF,IH2012,2020-05-28 09:35:20.100,2681.8000,3716,-2,61030440.000,3,0,3,多平,S,2681.2000,2676.2000,2675.0000,2671.4000,2670.2000,2682.8000,2684.0000,2685.0000,2690.4000,2696.8000,2,1,1,5,1,1,1,1,5,1
SF,IH2012,2020-05-28 09:35:20.600,2681.8000,3716,0,61030440.000,0,-,-,-,-,2682.2000,2681.4000,2676.2000,2675.0000,2671.4000,2682.8000,2684.0000,2684.8000,2685.0000,2690.4000,1,2,1,1,5,1,1,1,1,5
SF,IH2012,2020-05-28 09:35:21.100,2681.8000,3716,0,61030440.000,0,-,-,-,-,2676.2000,2675.0000,2671.4000,2670.2000,2665.4000,2682.8000,2684.0000,2684.8000,2685.0000,2690.4000,1,1,5,1,2,1,1,1,1,5
SF,IH2012,2020-05-28 09:35:21.600,2681.8000,3716,0,61030440.000,0,-,-,-,-,2676.4000,2676.2000,2675.0000,2671.4000,2670.2000,2682.8000,2684.0000,2684.8000,2685.0000,2690.4000,5,1,1,5,1,1,1,1,1,5
SF,IH2012,2020-05-28 09:35:22.100,2681.8000,3716,0,61030440.000,0,-,-,-,-,2676.6000,2676.4000,2676.2000,2675.0000,2671.4000,2682.8000,2684.0000,2684.8000,2685.0000,2690.4000,3,5,1,1,5,1,1,1,1,5
SF,IH2012,2020-05-28 09:35:22.600,2681.8000,3716,0,61030440.000,0,-,-,-,-,2678.8000,2676.8000,2676.6000,2676.4000,2676.2000,2682.8000,2684.0000,2684.8000,2685.0000,2690.4000,1,1,3,4,1,1,1,1,1,5
SF,IH2012,2020-05-28 09:35:23.100,2681.8000,3716,0,61030440.000,0,-,-,-,-,2679.0000,2678.8000,2677.8000,2676.6000,2676.4000,2682.8000,2684.0000,2684.8000,2685.0000,2690.4000,1,1,1,3,4,1,1,1,1,5
SF,IH2012,2020-05-28 09:35:23.600,2681.8000,3716,0,61030440.000,0,-,-,-,-,2679.8000,2679.0000,2678.8000,2677.8000,2676.6000,2682.8000,2684.0000,2684.8000,2685.0000,2690.4000,1,2,1,1,3,1,1,1,1,5
SF,IH2012,2020-05-28 09:35:24.100,2681.8000,3716,0,61030440.000,0,-,-,-,-,2680.4000,2680.0000,2679.8000,2679.2000,2679.0000,2682.8000,2684.0000,2684.8000,2685.0000,2690.4000,1,1,1,1,1,1,1,1,1,5
SF,IH2012,2020-05-28 09:35:24.600,2681.8000,3716,0,61030440.000,0,-,-,-,-,2680.8000,2680.6000,2680.4000,2679.8000,2679.2000,2682.8000,2684.0000,2684.8000,2685.0000,2690.4000,2,1,1,1,1,1,1,1,1,5
SF,IH2012,2020-05-28 09:35:25.100,2681.8000,3716,0,61030440.000,0,-,-,-,-,2681.0000,2680.4000,2679.8000,2679.0000,2678.8000,2682.8000,2684.0000,2684.8000,2685.0000,2690.4000,3,1,1,6,1,1,1,1,1,5
SF,IH2012,2020-05-28 09:35:25.600,2681.8000,3716,0,61030440.000,0,-,-,-,-,2681.0000,2680.6000,2679.8000,2679.0000,2678.8000,2682.8000,2684.0000,2684.8000,2685.0000,2690.4000,4,1,1,6,1,1,1,1,1,5
SF,IH2012,2020-05-28 09:35:26.100,2682.8000,3716,0,61835280.000,1,0,1,多换,S,2681.4000,2681.2000,2681.0000,2680.6000,2679.8000,2684.0000,2684.8000,2685.0000,2690.4000,2696.8000,1,1,3,1,1,1,1,1,5,1
SF,IH2012,2020-05-28 09:35:26.600,2682.8000,3716,0,61835280.000,0,-,-,-,-,2681.6000,2681.4000,2681.2000,2681.0000,2680.6000,2684.0000,2684.8000,2685.0000,2690.4000,2696.8000,1,1,1,2,1,1,1,1,5,1
SF,IH2012,2020-05-28 09:35:27.100,2682.8000,3716,0,61835280.000,0,-,-,-,-,2681.6000,2681.4000,2681.2000,2680.6000,2679.0000,2684.0000,2684.8000,2685.0000,2690.4000,2696.8000,1,1,1,1,6,1,1,1,5,1
SF,IH2012,2020-05-28 09:35:27.600,2682.8000,3716,0,61835280.000,0,-,-,-,-,2682.0000,2681.6000,2681.4000,2681.2000,2680.6000,2684.0000,2684.8000,2685.0000,2690.4000,2696.8000,2,1,1,1,1,1,1,1,5,1
SF,IH2012,2020-05-28 09:35:28.100,2682.8000,3716,0,61835280.000,0,-,-,-,-,2682.2000,2682.0000,2681.4000,2681.2000,2680.6000,2684.0000,2684.8000,2685.0000,2690.4000,2696.8000,1,2,1,1,1,1,1,1,5,1
SF,IH2012,2020-05-28 09:35:28.600,2682.8000,3716,0,61835280.000,0,-,-,-,-,2682.2000,2681.4000,2681.2000,2680.6000,2679.0000,2682.8000,2684.0000,2684.8000,2685.0000,2690.4000,1,1,1,1,6,1,1,1,1,5
SF,IH2012,2020-05-28 09:35:29.100,2682.8000,3715,-1,62640120.000,1,0,1,双平,S,2683.0000,2682.8000,2681.4000,2681.2000,2680.6000,2684.0000,2684.8000,2685.0000,2690.4000,2696.8000,2,2,1,1,1,1,1,1,5,1
SF,IH2012,2020-05-28 09:35:29.600,2682.8000,3715,0,62640120.000,0,-,-,-,-,2682.8000,2681.4000,2680.6000,2679.0000,2676.6000,2684.0000,2684.8000,2685.0000,2690.4000,2696.8000,1,1,1,6,1,1,1,1,5,1
SF,IH2012,2020-05-28 09:35:30.100,2682.8000,3715,0,62640120.000,0,-,-,-,-,2682.8000,2681.4000,2681.2000,2680.6000,2679.0000,2684.0000,2684.8000,2685.0000,2690.4000,2696.8000,1,1,1,1,6,1,1,1,5,1
SF,IH2012,2020-05-28 09:35:31.100,2682.8000,3715,0,62640120.000,0,-,-,-,-,2683.0000,2682.8000,2681.4000,2681.2000,2680.6000,2684.0000,2684.8000,2685.0000,2690.4000,2696.8000,2,1,1,1,1,1,1,1,5,1
SF,IH2012,2020-05-28 09:35:33.100,2684.0000,3715,0,63445320.000,1,0,1,多换,S,2683.0000,2682.8000,2681.4000,2681.2000,2680.6000,2684.8000,2685.0000,2685.8000,2690.4000,2696.8000,2,1,1,1,1,1,1,1,5,1
SF,IH2012,2020-05-28 09:35:33.600,2684.0000,3715,0,63445320.000,0,-,-,-,-,2683.2000,2683.0000,2682.8000,2681.2000,2680.6000,2684.8000,2685.0000,2685.8000,2690.4000,2696.8000,1,2,1,1,1,1,1,1,5,1
SF,IH2012,2020-05-28 09:35:34.100,2684.0000,3715,0,63445320.000,0,-,-,-,-,2683.2000,2682.8000,2681.2000,2680.6000,2679.0000,2684.8000,2685.0000,2685.8000,2690.4000,2696.8000,1,1,1,1,6,1,1,1,5,1
SF,IH2012,2020-05-28 09:35:35.100,2683.2000,3714,-1,64250280.000,1,0,1,双平,S,2681.2000,2680.6000,2679.0000,2676.6000,2676.4000,2684.0000,2684.8000,2685.0000,2685.8000,2690.4000,1,1,6,1,4,1,1,1,1,5
SF,IH2012,2020-05-28 09:35:35.600,2683.2000,3714,0,64250280.000,0,-,-,-,-,2681.6000,2681.2000,2680.6000,2679.4000,2679.0000,2683.8000,2684.0000,2684.8000,2685.0000,2685.8000,1,1,1,1,6,1,1,1,1,1
SF,IH2012,2020-05-28 09:35:37.100,2683.2000,3714,0,64250280.000,0,-,-,-,-,2682.8000,2681.6000,2681.2000,2679.4000,2679.0000,2683.8000,2684.0000,2684.8000,2685.0000,2685.8000,1,1,1,1,6,1,1,1,1,1
SF,IH2012,2020-05-28 09:35:37.600,2682.8000,3713,-1,65055120.000,1,0,1,双平,S,2681.2000,2679.0000,2676.6000,2676.4000,2676.2000,2684.0000,2684.8000,2685.0000,2685.8000,2690.4000,1,6,1,4,1,1,1,1,1,5
SF,IH2012,2020-05-28 09:35:38.100,2682.8000,3713,0,65055120.000,0,-,-,-,-,2681.2000,2679.0000,2676.6000,2676.4000,2676.2000,2683.8000,2684.0000,2684.8000,2685.0000,2685.8000,1,1,1,4,1,1,1,1,1,1
SF,IH2012,2020-05-28 09:35:39.600,2682.8000,3713,0,65055120.000,0,-,-,-,-,2681.2000,2679.0000,2676.6000,2676.4000,2676.2000,2683.8000,2684.0000,2684.8000,2685.0000,2685.8000,1,1,1,4,1,1,1,1,2,1
SF,IH2012,2020-05-28 09:35:41.100,2682.8000,3713,0,65055120.000,0,-,-,-,-,2681.2000,2679.0000,2676.6000,2676.4000,2676.2000,2683.8000,2684.0000,2684.8000,2685.0000,2685.8000,1,1,1,4,1,1,1,1,2,1
SF,IH2012,2020-05-28 09:35:44.100,2682.8000,3713,0,65055120.000,0,-,-,-,-,2681.4000,2681.2000,2679.0000,2676.6000,2676.4000,2683.8000,2684.0000,2684.6000,2684.8000,2685.0000,1,1,1,1,4,1,1,1,1,2
SF,IH2012,2020-05-28 09:35:47.600,2682.8000,3713,0,65055120.000,0,-,-,-,-,2681.8000,2681.4000,2681.2000,2679.0000,2676.6000,2683.8000,2684.0000,2684.6000,2684.8000,2685.0000,2,1,1,1,1,1,1,1,1,2
SF,IH2012,2020-05-28 09:35:48.600,2683.8000,3713,0,65860260.000,1,0,1,多换,S,2682.0000,2681.4000,2681.2000,2679.0000,2676.6000,2684.0000,2684.6000,2684.8000,2685.0000,2685.8000,3,1,1,1,1,1,1,1,2,1
SF,IH2012,2020-05-28 09:35:49.600,2683.8000,3713,0,65860260.000,0,-,-,-,-,2682.0000,2681.8000,2681.4000,2681.2000,2679.0000,2684.0000,2684.6000,2684.8000,2685.0000,2685.8000,3,1,1,1,1,1,1,1,2,1
SF,IH2012,2020-05-28 09:35:52.100,2683.8000,3713,0,65860260.000,0,-,-,-,-,2682.0000,2681.8000,2681.4000,2681.2000,2679.0000,2684.0000,2684.6000,2684.8000,2685.0000,2685.8000,1,1,1,1,1,1,1,1,2,1
SF,IH2012,2020-05-28 09:35:52.600,2683.8000,3713,0,65860260.000,0,-,-,-,-,2682.0000,2681.8000,2681.4000,2681.2000,2679.0000,2683.8000,2684.0000,2684.6000,2684.8000,2685.0000,1,1,1,1,1,1,1,1,1,2
SF,IH2012,2020-05-28 09:35:53.100,2683.8000,3713,0,65860260.000,0,-,-,-,-,2682.2000,2682.0000,2681.8000,2681.4000,2681.2000,2683.8000,2684.0000,2684.6000,2684.8000,2685.0000,1,1,1,1,1,1,1,1,1,2
SF,IH2012,2020-05-28 09:35:53.600,2683.8000,3713,0,65860260.000,0,-,-,-,-,2682.2000,2682.0000,2681.8000,2681.4000,2681.2000,2683.8000,2684.0000,2684.6000,2684.8000,2685.0000,1,1,1,1,1,1,1,2,1,2
SF,IH2012,2020-05-28 09:35:56.600,2683.8000,3713,0,65860260.000,0,-,-,-,-,2682.2000,2682.0000,2681.8000,2681.4000,2681.2000,2683.8000,2684.0000,2684.6000,2684.8000,2685.0000,1,1,1,1,1,1,1,2,1,2
SF,IH2012,2020-05-28 09:35:57.100,2683.8000,3713,0,65860260.000,0,-,-,-,-,2682.0000,2681.8000,2681.4000,2681.2000,2679.0000,2683.8000,2684.0000,2684.6000,2684.8000,2685.0000,1,1,1,1,1,1,1,2,1,2
SF,IH2012,2020-05-28 09:35:57.600,2683.8000,3713,0,65860260.000,0,-,-,-,-,2682.0000,2681.8000,2681.4000,2681.2000,2679.0000,2683.8000,2684.0000,2684.6000,2684.8000,2685.0000,1,1,1,1,1,1,1,2,1,2
SF,IH2012,2020-05-28 09:35:59.600,2682.0000,3712,-1,66664860.000,1,0,1,双平,S,2681.8000,2681.4000,2681.2000,2679.0000,2676.6000,2683.6000,2683.8000,2684.0000,2684.6000,2684.8000,1,1,1,1,1,1,1,1,2,1
SF,IH2012,2020-05-28 09:36:00.100,2682.0000,3712,0,66664860.000,0,-,-,-,-,2681.8000,2681.4000,2681.2000,2679.0000,2676.6000,2683.4000,2683.6000,2684.0000,2684.6000,2684.8000,1,1,1,1,1,1,1,1,2,1
SF,IH2012,2020-05-28 09:36:00.600,2682.0000,3712,0,66664860.000,0,-,-,-,-,2681.8000,2681.4000,2681.2000,2679.0000,2676.6000,2683.4000,2683.6000,2684.0000,2684.6000,2684.8000,1,1,1,1,1,1,1,1,2,1
SF,IH2012,2020-05-28 09:36:08.100,2682.0000,3712,0,66664860.000,0,-,-,-,-,2681.8000,2681.4000,2681.2000,2679.0000,2676.6000,2683.4000,2683.6000,2684.0000,2684.6000,2684.8000,1,1,1,1,1,1,1,1,2,1
SF,IH2012,2020-05-28 09:36:09.100,2681.8000,3712,0,67469400.000,1,0,1,多换,S,2681.4000,2681.2000,2679.0000,2676.6000,2676.2000,2683.4000,2683.6000,2684.0000,2684.6000,2684.8000,1,1,1,1,1,1,1,1,2,1
SF,IH2012,2020-05-28 09:36:09.600,2681.8000,3712,0,67469400.000,0,-,-,-,-,2681.4000,2681.2000,2679.6000,2679.0000,2676.6000,2683.2000,2683.4000,2684.0000,2684.6000,2684.8000,1,1,1,1,1,1,1,1,2,1
SF,IH2012,2020-05-28 09:36:10.100,2681.8000,3712,0,67469400.000,0,-,-,-,-,2681.4000,2681.2000,2679.6000,2679.0000,2676.6000,2683.0000,2683.2000,2684.0000,2684.6000,2684.8000,1,1,1,1,1,1,1,1,2,1
SF,IH2012,2020-05-28 09:36:11.100,2681.8000,3712,0,67469400.000,0,-,-,-,-,2681.4000,2681.2000,2679.6000,2679.0000,2676.6000,2683.0000,2683.2000,2684.6000,2684.8000,2685.0000,1,1,1,1,1,1,1,2,1,2
SF,IH2012,2020-05-28 09:36:11.600,2681.8000,3712,0,67469400.000,0,-,-,-,-,2681.4000,2681.2000,2679.6000,2679.0000,2676.6000,2683.0000,2683.2000,2684.6000,2684.8000,2685.0000,1,1,1,1,1,2,1,2,1,2
SF,IH2012,2020-05-28 09:36:13.100,2681.2000,3710,-2,69078180.000,2,0,2,双平,S,2679.6000,2679.0000,2678.0000,2676.6000,2676.2000,2683.0000,2683.2000,2684.6000,2684.8000,2685.0000,1,1,1,1,1,2,1,2,1,2
SF,IH2012,2020-05-28 09:36:13.600,2681.2000,3710,0,69078180.000,0,-,-,-,-,2679.8000,2679.6000,2678.0000,2676.6000,2676.2000,2682.8000,2683.0000,2684.6000,2684.8000,2685.0000,1,2,1,1,1,2,3,2,1,2
SF,IH2012,2020-05-28 09:36:14.100,2681.2000,3710,0,69078180.000,0,-,-,-,-,2679.8000,2679.6000,2678.0000,2676.6000,2676.2000,2682.6000,2682.8000,2683.0000,2684.6000,2684.8000,1,2,1,1,1,1,2,2,2,1
SF,IH2012,2020-05-28 09:36:14.600,2681.2000,3710,0,69078180.000,0,-,-,-,-,2679.8000,2679.6000,2678.0000,2676.6000,2676.2000,2682.4000,2682.6000,2682.8000,2683.0000,2684.6000,1,2,1,1,1,1,1,1,2,2
SF,IH2012,2020-05-28 09:36:15.100,2681.2000,3710,0,69078180.000,0,-,-,-,-,2680.0000,2679.8000,2679.6000,2678.0000,2676.6000,2682.2000,2682.4000,2682.8000,2683.0000,2684.6000,1,1,1,1,1,1,1,1,2,2
SF,IH2012,2020-05-28 09:36:15.600,2681.2000,3710,0,69078180.000,0,-,-,-,-,2680.2000,2680.0000,2679.6000,2678.0000,2676.6000,2682.0000,2682.2000,2682.8000,2683.0000,2684.6000,2,1,1,1,1,1,1,1,2,2
SF,IH2012,2020-05-28 09:36:16.100,2681.2000,3710,0,69078180.000,0,-,-,-,-,2680.2000,2679.6000,2678.0000,2676.6000,2676.2000,2681.8000,2682.0000,2682.8000,2683.0000,2684.6000,1,1,1,1,1,1,1,1,2,2
SF,IH2012,2020-05-28 09:36:16.600,2681.2000,3710,0,69078180.000,0,-,-,-,-,2679.6000,2678.0000,2676.6000,2676.2000,2675.2000,2681.8000,2682.0000,2682.8000,2683.0000,2684.6000,1,1,1,1,5,1,1,1,2,2
SF,IH2012,2020-05-28 09:36:17.100,2681.2000,3710,0,69078180.000,0,-,-,-,-,2679.8000,2679.6000,2678.0000,2676.6000,2676.2000,2681.6000,2681.8000,2682.8000,2683.0000,2684.6000,1,1,1,1,1,1,1,1,2,2
SF,IH2012,2020-05-28 09:36:17.600,2681.2000,3710,0,69078180.000,0,-,-,-,-,2679.8000,2679.6000,2678.0000,2676.6000,2676.2000,2681.4000,2681.6000,2682.8000,2683.0000,2684.6000,1,1,1,1,1,1,1,1,2,2
SF,IH2012,2020-05-28 09:36:20.100,2681.2000,3710,0,69078180.000,0,-,-,-,-,2680.0000,2679.8000,2679.6000,2678.0000,2676.6000,2681.4000,2681.6000,2682.8000,2683.0000,2684.6000,2,1,1,1,1,1,1,1,2,3
SF,IH2012,2020-05-28 09:36:20.600,2681.2000,3710,0,69078180.000,0,-,-,-,-,2680.2000,2680.0000,2679.8000,2679.6000,2678.0000,2681.4000,2681.6000,2682.8000,2683.0000,2684.6000,1,2,1,1,1,1,1,1,2,3
SF,IH2012,2020-05-28 09:36:21.100,2681.2000,3710,0,69078180.000,0,-,-,-,-,2680.4000,2680.2000,2679.8000,2679.6000,2678.0000,2681.4000,2681.6000,2682.8000,2683.0000,2684.6000,2,1,1,1,1,1,1,1,2,3
SF,IH2012,2020-05-28 09:36:21.600,2681.2000,3710,0,69078180.000,0,-,-,-,-,2680.6000,2680.4000,2680.2000,2679.8000,2679.6000,2682.8000,2683.0000,2684.6000,2685.0000,2686.0000,1,2,1,1,1,1,2,3,2,2
SF,IH2012,2020-05-28 09:36:22.100,2681.2000,3710,0,69078180.000,0,-,-,-,-,2680.6000,2679.8000,2679.6000,2676.6000,2676.2000,2682.6000,2682.8000,2683.0000,2684.6000,2685.0000,1,1,1,1,1,2,1,2,3,2
SF,IH2012,2020-05-28 09:36:22.600,2681.2000,3710,0,69078180.000,0,-,-,-,-,2679.8000,2679.6000,2676.6000,2676.2000,2675.2000,2682.6000,2682.8000,2683.0000,2684.6000,2685.0000,1,1,1,1,5,2,1,2,3,2
SF,IH2012,2020-05-28 09:36:23.100,2681.2000,3710,0,69078180.000,0,-,-,-,-,2679.8000,2679.6000,2678.0000,2676.6000,2676.2000,2682.6000,2682.8000,2683.0000,2684.6000,2685.0000,1,1,1,1,1,2,1,2,3,2
SF,IH2012,2020-05-28 09:36:28.100,2681.2000,3710,0,69078180.000,0,-,-,-,-,2679.8000,2679.6000,2678.0000,2676.6000,2676.2000,2682.0000,2682.6000,2682.8000,2683.0000,2684.6000,1,1,1,1,1,1,2,1,2,3
SF,IH2012,2020-05-28 09:36:28.600,2681.2000,3710,0,69078180.000,0,-,-,-,-,2679.8000,2679.6000,2678.0000,2676.6000,2676.2000,2681.8000,2682.0000,2682.8000,2683.0000,2684.6000,1,1,1,1,1,2,1,1,2,3
SF,IH2012,2020-05-28 09:36:29.100,2681.2000,3710,0,69078180.000,0,-,-,-,-,2679.8000,2679.6000,2678.0000,2676.6000,2676.2000,2681.8000,2682.8000,2683.0000,2684.6000,2685.0000,1,1,1,1,1,2,1,2,3,2
SF,IH2012,2020-05-28 09:36:32.600,2681.2000,3710,0,69078180.000,0,-,-,-,-,2679.8000,2679.6000,2678.0000,2676.6000,2676.2000,2681.8000,2682.8000,2683.0000,2684.6000,2685.0000,1,1,1,1,1,2,1,2,3,2
SF,IH2012,2020-05-28 09:36:33.100,2681.2000,3710,0,69078180.000,0,-,-,-,-,2679.8000,2679.6000,2678.0000,2676.6000,2676.2000,2681.8000,2682.8000,2683.0000,2684.6000,2685.0000,1,1,1,1,1,2,1,2,3,2
SF,IH2012,2020-05-28 09:36:33.600,2681.2000,3710,0,69078180.000,0,-,-,-,-,2680.0000,2679.8000,2679.6000,2678.0000,2676.6000,2681.8000,2682.8000,2683.0000,2684.6000,2685.0000,1,1,1,1,1,2,1,2,3,2
SF,IH2012,2020-05-28 09:36:34.100,2681.2000,3710,0,69078180.000,0,-,-,-,-,2680.2000,2680.0000,2679.8000,2679.6000,2678.0000,2681.8000,2682.8000,2683.0000,2684.6000,2685.0000,1,1,1,1,1,2,1,2,3,2
SF,IH2012,2020-05-28 09:36:38.600,2681.2000,3710,0,69078180.000,0,-,-,-,-,2680.2000,2680.0000,2679.8000,2679.6000,2678.0000,2681.2000,2681.8000,2682.8000,2683.0000,2684.6000,1,1,1,1,1,1,2,1,2,3
SF,IH2012,2020-05-28 09:36:40.100,2681.2000,3710,0,69078180.000,0,-,-,-,-,2680.2000,2680.0000,2679.6000,2678.0000,2676.6000,2681.2000,2681.8000,2682.8000,2683.0000,2684.6000,1,1,1,1,1,1,2,1,2,3
SF,IH2012,2020-05-28 09:36:40.600,2681.2000,3710,0,69078180.000,0,-,-,-,-,2680.2000,2679.6000,2678.0000,2676.6000,2676.2000,2681.0000,2681.2000,2681.8000,2682.8000,2683.0000,1,1,1,1,1,1,1,1,1,2
SF,IH2012,2020-05-28 09:36:41.100,2681.2000,3710,0,69078180.000,0,-,-,-,-,2679.6000,2678.0000,2676.6000,2676.2000,2676.0000,2681.0000,2681.2000,2681.8000,2682.8000,2683.0000,1,1,1,1,1,1,1,1,1,2
SF,IH2012,2020-05-28 09:36:45.100,2681.2000,3710,0,69078180.000,0,-,-,-,-,2680.0000,2679.6000,2678.0000,2676.6000,2676.2000,2681.0000,2681.2000,2681.8000,2682.8000,2683.0000,1,1,1,1,1,1,1,1,1,2
SF,IH2012,2020-05-28 09:36:45.600,2681.2000,3710,0,69078180.000,0,-,-,-,-,2680.2000,2680.0000,2679.6000,2678.0000,2676.6000,2681.2000,2681.8000,2682.0000,2682.8000,2683.0000,1,1,1,1,1,1,1,1,1,2
SF,IH2012,2020-05-28 09:36:46.600,2681.2000,3710,0,69078180.000,0,-,-,-,-,2680.2000,2680.0000,2679.6000,2678.0000,2676.6000,2681.2000,2681.8000,2682.0000,2683.0000,2683.8000,1,1,1,1,1,1,1,1,2,1
SF,IH2012,2020-05-28 09:36:53.600,2681.2000,3710,0,69078180.000,0,-,-,-,-,2680.2000,2680.0000,2679.6000,2678.0000,2676.6000,2681.2000,2681.8000,2682.0000,2683.0000,2683.8000,1,1,1,1,1,1,1,1,3,1
SF,IH2012,2020-05-28 09:36:54.100,2680.2000,3709,-1,69882240.000,1,0,1,双平,S,2680.0000,2679.6000,2678.0000,2676.6000,2676.2000,2681.2000,2681.8000,2682.0000,2683.0000,2683.8000,1,1,1,1,1,1,1,2,3,1
SF,IH2012,2020-05-28 09:36:55.100,2680.2000,3709,0,69882240.000,0,-,-,-,-,2680.2000,2679.6000,2678.0000,2676.6000,2676.2000,2681.2000,2681.8000,2682.0000,2683.0000,2683.8000,2,1,1,1,1,1,1,2,3,1
SF,IH2012,2020-05-28 09:36:55.600,2681.2000,3708,-1,70686600.000,1,0,1,双平,S,2681.4000,2680.2000,2679.6000,2678.0000,2676.6000,2681.8000,2682.0000,2683.0000,2683.8000,2684.6000,1,2,1,1,1,1,2,3,1,3
SF,IH2012,2020-05-28 09:36:56.100,2681.2000,3708,0,70686600.000,0,-,-,-,-,2679.6000,2676.6000,2676.2000,2676.0000,2675.2000,2682.0000,2683.0000,2683.8000,2684.6000,2685.0000,1,1,1,1,5,2,3,1,3,2
SF,IH2012,2020-05-28 09:36:56.600,2681.2000,3708,0,70686600.000,0,-,-,-,-,2680.0000,2679.8000,2679.6000,2678.6000,2676.6000,2681.8000,2682.0000,2683.0000,2683.8000,2684.6000,2,1,2,1,1,1,2,3,1,3
SF,IH2012,2020-05-28 09:36:57.100,2681.2000,3708,0,70686600.000,0,-,-,-,-,2680.2000,2680.0000,2679.6000,2678.6000,2676.6000,2681.8000,2682.0000,2683.0000,2683.8000,2684.6000,1,2,2,1,1,1,2,3,1,3
SF,IH2012,2020-05-28 09:36:57.600,2681.2000,3708,0,70686600.000,0,-,-,-,-,2680.4000,2680.2000,2679.6000,2678.6000,2676.6000,2681.8000,2682.0000,2683.0000,2683.8000,2684.6000,2,1,2,1,1,1,2,3,1,3
SF,IH2012,2020-05-28 09:36:58.100,2681.2000,3708,0,70686600.000,0,-,-,-,-,2680.6000,2680.4000,2679.6000,2678.6000,2676.6000,2681.8000,2682.0000,2683.0000,2683.8000,2684.6000,1,2,2,1,1,1,2,3,1,3
SF,IH2012,2020-05-28 09:36:58.600,2681.2000,3708,0,70686600.000,0,-,-,-,-,2680.8000,2680.6000,2679.6000,2678.6000,2676.6000,2682.0000,2683.0000,2683.8000,2684.6000,2685.0000,2,1,2,1,1,3,3,1,3,2
SF,IH2012,2020-05-28 09:37:00.100,2681.2000,3708,0,70686600.000,0,-,-,-,-,2680.6000,2679.6000,2678.6000,2676.6000,2676.2000,2682.0000,2683.0000,2683.8000,2684.6000,2685.0000,1,1,1,1,1,3,3,1,3,2
SF,IH2012,2020-05-28 09:37:00.600,2681.2000,3708,0,70686600.000,0,-,-,-,-,2679.6000,2678.6000,2676.6000,2676.2000,2676.0000,2681.8000,2682.0000,2683.0000,2683.8000,2684.6000,1,1,1,1,1,1,3,3,1,3
SF,IH2012,2020-05-28 09:37:01.100,2681.2000,3708,0,70686600.000,0,-,-,-,-,2679.8000,2679.6000,2678.6000,2676.6000,2676.2000,2680.0000,2681.6000,2681.8000,2682.0000,2683.0000,1,1,1,1,1,1,1,1,3,3
SF,IH2012,2020-05-28 09:37:01.600,2680.0000,3707,-1,71490600.000,1,0,1,双平,S,2680.8000,2680.0000,2679.8000,2679.6000,2678.6000,2681.6000,2682.0000,2683.0000,2683.8000,2684.6000,2,2,1,1,1,1,3,3,1,3
SF,IH2012,2020-05-28 09:37:02.100,2680.0000,3707,0,71490600.000,0,-,-,-,-,2680.8000,2679.8000,2679.6000,2678.6000,2676.6000,2682.0000,2683.0000,2683.8000,2684.6000,2685.0000,2,1,1,1,1,3,3,1,3,2
SF,IH2012,2020-05-28 09:37:02.600,2680.6000,3706,-1,72294780.000,1,0,1,双平,S,2680.8000,2679.6000,2678.6000,2676.6000,2676.2000,2681.8000,2682.0000,2683.0000,2683.8000,2684.6000,1,1,1,1,1,1,3,3,1,3
SF,IH2012,2020-05-28 09:37:03.100,2680.6000,3706,0,72294780.000,0,-,-,-,-,2681.0000,2680.8000,2679.6000,2678.6000,2676.6000,2681.8000,2682.0000,2683.0000,2683.8000,2684.6000,1,1,1,1,1,1,3,3,1,3
SF,IH2012,2020-05-28 09:37:03.600,2680.6000,3706,0,72294780.000,0,-,-,-,-,2681.0000,2680.8000,2679.6000,2676.6000,2676.2000,2681.8000,2682.0000,2683.0000,2683.8000,2684.6000,1,1,1,1,1,1,3,3,1,3
SF,IH2012,2020-05-28 09:37:04.600,2680.6000,3706,0,72294780.000,0,-,-,-,-,2680.8000,2679.6000,2676.6000,2676.2000,2676.0000,2681.8000,2682.0000,2683.0000,2683.8000,2684.6000,1,1,1,1,1,1,3,3,1,3
SF,IH2012,2020-05-28 09:37:05.600,2680.6000,3706,0,72294780.000,0,-,-,-,-,2680.8000,2679.6000,2676.6000,2676.2000,2676.0000,2681.0000,2681.8000,2682.0000,2683.0000,2683.8000,1,1,1,1,1,1,1,3,3,1
SF,IH2012,2020-05-28 09:37:06.100,2681.0000,3705,-1,73099080.000,1,0,1,双平,S,2681.0000,2680.8000,2679.6000,2677.0000,2676.6000,2682.0000,2683.0000,2683.8000,2684.6000,2685.0000,1,1,1,1,1,3,3,1,3,2
SF,IH2012,2020-05-28 09:37:06.600,2681.0000,3705,0,73099080.000,0,-,-,-,-,2681.2000,2681.0000,2680.8000,2679.6000,2677.0000,2682.0000,2683.0000,2683.8000,2684.6000,2685.0000,1,1,1,1,1,3,3,1,3,2
SF,IH2012,2020-05-28 09:37:07.600,2681.0000,3705,0,73099080.000,0,-,-,-,-,2681.0000,2680.8000,2679.6000,2677.0000,2676.6000,2682.0000,2683.0000,2683.8000,2684.6000,2685.0000,1,1,1,1,1,3,3,1,3,2
SF,IH2012,2020-05-28 09:37:16.100,2681.0000,3705,0,73099080.000,0,-,-,-,-,2680.8000,2679.6000,2677.0000,2676.6000,2676.2000,2682.0000,2683.0000,2683.8000,2684.6000,2685.0000,1,1,1,1,1,3,3,1,3,2
SF,IH2012,2020-05-28 09:37:17.100,2681.0000,3705,0,73099080.000,0,-,-,-,-,2681.0000,2680.8000,2679.6000,2677.0000,2676.6000,2682.0000,2683.0000,2683.8000,2684.6000,2685.0000,1,1,1,1,1,3,3,1,3,2
SF,IH2012,2020-05-28 09:37:17.600,2681.0000,3705,0,73099080.000,0,-,-,-,-,2679.6000,2677.0000,2676.6000,2676.2000,2676.0000,2682.0000,2683.0000,2683.8000,2684.6000,2685.0000,1,1,1,1,1,3,3,1,3,2
SF,IH2012,2020-05-28 09:37:18.100,2681.0000,3705,0,73099080.000,0,-,-,-,-,2680.0000,2679.8000,2679.6000,2678.6000,2677.0000,2681.8000,2682.0000,2683.0000,2683.8000,2684.6000,2,1,2,1,1,1,3,3,1,3
SF,IH2012,2020-05-28 09:37:18.600,2681.0000,3705,0,73099080.000,0,-,-,-,-,2680.2000,2680.0000,2679.6000,2678.6000,2677.0000,2681.8000,2682.0000,2683.0000,2683.8000,2684.6000,2,2,2,1,1,1,3,3,1,3
SF,IH2012,2020-05-28 09:37:19.100,2681.0000,3705,0,73099080.000,0,-,-,-,-,2680.2000,2680.0000,2679.6000,2678.6000,2677.0000,2681.6000,2681.8000,2682.0000,2683.0000,2683.8000,2,2,2,1,1,1,1,3,3,1
SF,IH2012,2020-05-28 09:37:19.600,2681.0000,3705,0,73099080.000,0,-,-,-,-,2680.2000,2680.0000,2679.6000,2678.6000,2677.0000,2681.6000,2681.8000,2682.0000,2683.0000,2683.8000,2,2,1,1,1,1,1,3,3,1
SF,IH2012,2020-05-28 09:37:23.100,2681.6000,3704,-1,73903560.000,1,0,1,双平,S,2680.2000,2680.0000,2679.6000,2678.6000,2677.0000,2681.8000,2682.0000,2683.0000,2683.8000,2684.6000,2,2,1,1,1,1,3,3,1,3
SF,IH2012,2020-05-28 09:37:23.600,2681.6000,3704,0,73903560.000,0,-,-,-,-,2680.4000,2680.2000,2679.6000,2678.6000,2677.0000,2681.8000,2682.0000,2683.0000,2683.8000,2684.6000,3,2,1,1,1,1,3,3,1,3
SF,IH2012,2020-05-28 09:37:24.100,2681.6000,3704,0,73903560.000,0,-,-,-,-,2680.6000,2680.4000,2680.2000,2679.6000,2678.6000,2681.8000,2682.0000,2683.0000,2683.8000,2684.6000,1,3,1,1,1,1,3,3,1,3
SF,IH2012,2020-05-28 09:37:24.600,2681.6000,3704,0,73903560.000,0,-,-,-,-,2680.8000,2680.6000,2680.4000,2680.2000,2679.6000,2682.0000,2683.0000,2683.8000,2684.6000,2685.0000,2,1,1,1,1,3,3,1,3,2
SF,IH2012,2020-05-28 09:37:25.100,2681.6000,3704,0,73903560.000,0,-,-,-,-,2680.8000,2680.6000,2680.2000,2679.6000,2678.6000,2682.0000,2683.0000,2683.8000,2684.6000,2685.0000,2,1,1,1,1,3,3,1,3,2
SF,IH2012,2020-05-28 09:37:25.600,2681.6000,3704,0,73903560.000,0,-,-,-,-,2681.0000,2680.6000,2680.2000,2679.6000,2678.6000,2682.0000,2683.0000,2683.8000,2684.6000,2685.0000,2,1,1,1,1,3,3,1,3,2
SF,IH2012,2020-05-28 09:37:26.100,2681.6000,3704,0,73903560.000,0,-,-,-,-,2681.0000,2680.6000,2680.2000,2679.6000,2677.0000,2682.0000,2683.0000,2683.8000,2684.6000,2685.0000,2,1,1,1,1,3,3,1,3,2
SF,IH2012,2020-05-28 09:37:26.600,2681.6000,3704,0,73903560.000,0,-,-,-,-,2681.0000,2680.6000,2679.6000,2677.0000,2676.6000,2682.0000,2683.0000,2683.8000,2684.6000,2685.0000,2,1,1,1,1,3,3,1,3,2
SF,IH2012,2020-05-28 09:37:31.600,2681.0000,3704,0,74707860.000,1,0,1,多换,S,2681.0000,2680.6000,2679.6000,2677.0000,2676.6000,2682.0000,2683.0000,2683.8000,2684.6000,2685.0000,1,1,1,1,1,3,3,1,3,2
SF,IH2012,2020-05-28 09:37:33.100,2682.0000,3701,-3,77121660.000,3,0,3,双平,S,2681.0000,2680.6000,2679.6000,2677.0000,2676.6000,2683.0000,2683.8000,2684.6000,2685.0000,2686.0000,1,1,1,1,1,3,1,3,2,2
SF,IH2012,2020-05-28 09:37:33.600,2682.0000,3701,0,77121660.000,0,-,-,-,-,2681.2000,2679.6000,2677.0000,2676.6000,2676.2000,2682.8000,2683.0000,2683.8000,2684.6000,2685.0000,2,1,1,1,1,1,3,1,3,2
SF,IH2012,2020-05-28 09:37:34.100,2682.0000,3701,0,77121660.000,0,-,-,-,-,2681.4000,2681.2000,2681.0000,2679.6000,2677.0000,2682.8000,2683.0000,2683.8000,2684.6000,2685.0000,1,1,1,1,1,1,3,1,3,2
SF,IH2012,2020-05-28 09:37:34.600,2682.0000,3701,0,77121660.000,0,-,-,-,-,2681.6000,2681.4000,2681.0000,2679.6000,2677.0000,2682.8000,2683.0000,2683.8000,2684.6000,2685.0000,1,1,1,1,1,1,3,1,3,2
SF,IH2012,2020-05-28 09:37:35.100,2682.0000,3701,0,77121660.000,0,-,-,-,-,2681.8000,2681.6000,2679.6000,2677.0000,2676.6000,2683.0000,2683.8000,2684.6000,2685.0000,2686.0000,1,1,1,1,1,3,1,3,2,2
SF,IH2012,2020-05-28 09:37:36.100,2682.0000,3701,0,77121660.000,0,-,-,-,-,2682.0000,2681.6000,2679.6000,2677.0000,2676.6000,2683.0000,2683.8000,2684.6000,2685.0000,2686.0000,1,1,1,1,1,3,1,3,2,2
SF,IH2012,2020-05-28 09:37:36.600,2682.0000,3701,0,77121660.000,0,-,-,-,-,2682.0000,2681.6000,2677.0000,2676.6000,2676.2000,2683.0000,2683.8000,2684.6000,2685.0000,2686.0000,1,1,1,1,1,3,1,3,2,2
SF,IH2012,2020-05-28 09:37:37.600,2682.0000,3700,-1,77926260.000,1,0,1,双平,S,2681.6000,2677.0000,2676.6000,2676.2000,2676.0000,2683.0000,2683.8000,2684.6000,2685.0000,2686.0000,1,1,1,1,1,3,1,3,2,2
SF,IH2012,2020-05-28 09:37:44.100,2683.0000,3700,0,78731160.000,1,0,1,多换,S,2681.8000,2681.6000,2677.0000,2676.6000,2676.2000,2683.0000,2683.8000,2684.6000,2685.0000,2686.0000,2,1,1,1,1,2,1,3,2,2
SF,IH2012,2020-05-28 09:37:44.600,2683.0000,3700,0,81145860.000,3,1,2,多换,S,2683.0000,2682.0000,2681.8000,2677.0000,2676.6000,2683.8000,2684.6000,2685.0000,2686.0000,2689.6000,1,2,2,1,1,1,3,2,2,1
SF,IH2012,2020-05-28 09:37:45.100,2683.0000,3700,0,81145860.000,0,-,-,-,-,2682.0000,2681.8000,2677.0000,2676.6000,2676.2000,2683.8000,2684.6000,2685.0000,2686.0000,2689.6000,2,2,1,1,1,1,3,2,2,1
SF,IH2012,2020-05-28 09:37:45.600,2683.0000,3700,0,81145860.000,0,-,-,-,-,2682.0000,2681.8000,2677.0000,2676.6000,2676.2000,2683.6000,2683.8000,2684.6000,2685.0000,2686.0000,2,2,1,1,1,1,1,3,2,2
SF,IH2012,2020-05-28 09:37:46.100,2683.0000,3700,0,81145860.000,0,-,-,-,-,2682.0000,2681.8000,2677.0000,2676.6000,2676.2000,2683.6000,2683.8000,2684.6000,2685.0000,2686.0000,2,1,1,1,1,1,1,3,2,2
SF,IH2012,2020-05-28 09:37:47.600,2683.0000,3700,0,81145860.000,0,-,-,-,-,2682.0000,2677.0000,2676.6000,2676.2000,2676.0000,2683.6000,2683.8000,2684.6000,2685.0000,2686.0000,2,1,1,1,1,1,1,3,2,2
SF,IH2012,2020-05-28 09:37:48.100,2683.0000,3700,0,81145860.000,0,-,-,-,-,2682.0000,2677.0000,2676.6000,2676.2000,2676.0000,2683.6000,2683.8000,2684.6000,2685.0000,2686.0000,1,1,1,1,1,1,1,3,2,2
SF,IH2012,2020-05-28 09:37:49.100,2683.0000,3700,0,81145860.000,0,-,-,-,-,2682.2000,2682.0000,2677.0000,2676.6000,2676.2000,2683.6000,2683.8000,2684.6000,2685.0000,2686.0000,1,1,1,1,1,1,1,3,2,2
SF,IH2012,2020-05-28 09:37:49.600,2683.0000,3700,0,81145860.000,0,-,-,-,-,2682.4000,2682.2000,2677.0000,2676.6000,2676.2000,2683.6000,2683.8000,2684.6000,2685.0000,2686.0000,1,1,1,1,1,1,1,3,2,2
SF,IH2012,2020-05-28 09:37:50.100,2683.0000,3700,0,81145860.000,0,-,-,-,-,2683.6000,2682.4000,2682.2000,2677.0000,2676.6000,2683.8000,2684.6000,2685.0000,2686.0000,2689.6000,2,1,1,1,1,1,3,2,2,1
SF,IH2012,2020-05-28 09:37:50.600,2683.6000,3698,-2,82756020.000,2,0,2,双平,S,2677.0000,2676.6000,2676.2000,2676.0000,2675.2000,2683.8000,2684.6000,2685.0000,2686.0000,2689.6000,1,1,1,1,5,1,3,2,2,1
SF,IH2012,2020-05-28 09:37:51.100,2683.6000,3698,0,82756020.000,0,-,-,-,-,2677.2000,2677.0000,2676.6000,2676.2000,2676.0000,2683.6000,2683.8000,2684.6000,2685.0000,2686.0000,2,1,1,1,1,1,1,3,2,2
SF,IH2012,2020-05-28 09:37:51.600,2683.6000,3698,0,82756020.000,0,-,-,-,-,2677.2000,2677.0000,2676.6000,2676.2000,2676.0000,2683.4000,2683.6000,2683.8000,2684.6000,2685.0000,2,1,1,1,1,1,1,1,3,2
SF,IH2012,2020-05-28 09:37:52.100,2683.6000,3698,0,82756020.000,0,-,-,-,-,2679.8000,2677.2000,2677.0000,2676.6000,2676.2000,2683.2000,2683.4000,2683.8000,2684.0000,2684.6000,1,2,1,1,1,1,1,1,1,3
SF,IH2012,2020-05-28 09:37:52.600,2683.6000,3698,0,82756020.000,0,-,-,-,-,2680.0000,2679.8000,2679.6000,2678.8000,2677.2000,2683.2000,2683.8000,2684.0000,2684.6000,2685.0000,1,1,1,1,1,1,1,1,3,2
SF,IH2012,2020-05-28 09:37:53.100,2683.6000,3698,0,82756020.000,0,-,-,-,-,2680.4000,2680.0000,2679.6000,2678.8000,2677.0000,2683.0000,2683.2000,2683.8000,2684.0000,2684.6000,1,1,1,1,1,1,1,1,1,3
SF,IH2012,2020-05-28 09:37:53.600,2683.6000,3698,0,82756020.000,0,-,-,-,-,2680.6000,2680.4000,2679.6000,2678.8000,2677.0000,2682.8000,2683.0000,2683.8000,2684.0000,2684.6000,2,2,1,1,1,1,1,1,1,3
SF,IH2012,2020-05-28 09:37:54.100,2683.6000,3698,0,82756020.000,0,-,-,-,-,2680.6000,2680.4000,2679.6000,2678.8000,2677.0000,2682.6000,2682.8000,2683.8000,2684.0000,2684.6000,2,2,1,1,1,1,2,1,1,3
SF,IH2012,2020-05-28 09:37:54.600,2683.6000,3698,0,82756020.000,0,-,-,-,-,2680.8000,2680.6000,2680.4000,2679.6000,2678.8000,2682.4000,2682.6000,2682.8000,2683.8000,2684.0000,1,2,1,1,1,1,1,1,1,1
SF,IH2012,2020-05-28 09:37:55.100,2682.4000,3697,-1,83560740.000,1,0,1,双平,S,2682.4000,2681.0000,2680.8000,2679.6000,2678.8000,2682.6000,2682.8000,2683.8000,2684.0000,2684.6000,2,2,1,1,1,1,1,1,1,3
SF,IH2012,2020-05-28 09:37:55.600,2682.4000,3695,-2,85170180.000,2,0,2,双平,S,2681.0000,2679.6000,2678.8000,2677.0000,2676.6000,2682.4000,2682.6000,2683.8000,2684.0000,2684.6000,2,1,1,1,1,2,1,1,1,3
SF,IH2012,2020-05-28 09:37:56.100,2682.4000,3694,-1,86779620.000,2,0,2,多平,S,2683.0000,2682.6000,2682.4000,2681.2000,2681.0000,2683.8000,2684.0000,2684.2000,2684.6000,2685.0000,1,2,1,1,2,1,1,1,3,2
SF,IH2012,2020-05-28 09:37:56.600,2683.0000,3694,0,87584520.000,1,0,1,多换,S,2683.2000,2682.4000,2677.0000,2676.6000,2676.2000,2683.8000,2684.0000,2684.2000,2684.6000,2685.0000,1,1,1,1,1,1,1,1,3,2
SF,IH2012,2020-05-28 09:37:57.100,2683.0000,3693,-1,88389420.000,1,0,1,双平,S,2677.0000,2676.6000,2676.2000,2676.0000,2675.2000,2683.2000,2683.8000,2684.0000,2684.2000,2684.6000,1,1,1,1,5,2,1,1,1,3
SF,IH2012,2020-05-28 09:37:57.600,2683.0000,3693,0,88389420.000,0,-,-,-,-,2680.4000,2677.2000,2677.0000,2676.6000,2676.2000,2683.2000,2683.8000,2684.0000,2684.2000,2684.6000,1,1,1,1,1,2,1,1,1,3
SF,IH2012,2020-05-28 09:37:58.100,2683.0000,3693,0,88389420.000,0,-,-,-,-,2680.6000,2680.4000,2677.0000,2676.6000,2676.2000,2683.2000,2683.8000,2684.0000,2684.2000,2684.6000,1,1,1,1,1,2,1,1,1,3
SF,IH2012,2020-05-28 09:37:58.600,2683.0000,3693,0,88389420.000,0,-,-,-,-,2680.6000,2680.4000,2677.0000,2676.6000,2676.2000,2683.0000,2683.2000,2683.8000,2684.0000,2684.2000,1,1,1,1,1,1,2,1,1,1
SF,IH2012,2020-05-28 09:37:59.100,2683.0000,3693,0,88389420.000,0,-,-,-,-,2681.2000,2680.8000,2680.6000,2677.0000,2676.6000,2683.0000,2683.2000,2683.8000,2684.0000,2684.2000,1,3,1,1,1,1,2,1,1,1
SF,IH2012,2020-05-28 09:37:59.600,2683.0000,3693,0,88389420.000,0,-,-,-,-,2681.4000,2681.2000,2680.8000,2679.2000,2677.0000,2683.0000,2683.2000,2683.8000,2684.0000,2684.2000,1,1,3,2,1,1,2,1,1,1
SF,IH2012,2020-05-28 09:38:00.100,2683.0000,3693,0,88389420.000,0,-,-,-,-,2681.4000,2681.2000,2680.8000,2679.2000,2677.0000,2683.0000,2683.2000,2683.8000,2684.0000,2684.2000,1,1,2,2,1,1,2,1,2,1
SF,IH2012,2020-05-28 09:38:00.600,2683.0000,3693,0,88389420.000,0,-,-,-,-,2681.4000,2680.8000,2679.2000,2677.0000,2676.6000,2683.0000,2683.2000,2683.8000,2684.0000,2684.2000,1,2,2,1,1,1,2,1,2,1
SF,IH2012,2020-05-28 09:38:01.100,2683.0000,3693,0,88389420.000,0,-,-,-,-,2681.6000,2680.8000,2679.2000,2677.0000,2676.6000,2682.8000,2683.0000,2683.2000,2683.8000,2684.0000,1,2,2,1,1,1,1,2,1,2
SF,IH2012,2020-05-28 09:38:01.600,2683.0000,3693,0,88389420.000,0,-,-,-,-,2681.6000,2680.8000,2679.2000,2677.0000,2676.6000,2683.0000,2683.2000,2683.8000,2684.0000,2684.2000,1,2,2,1,1,1,2,1,2,1
SF,IH2012,2020-05-28 09:38:02.100,2683.0000,3693,0,88389420.000,0,-,-,-,-,2681.8000,2681.6000,2680.8000,2679.2000,2677.0000,2683.0000,2683.2000,2683.8000,2684.0000,2684.2000,1,1,1,2,1,1,2,1,2,1
SF,IH2012,2020-05-28 09:38:02.600,2683.0000,3693,0,88389420.000,0,-,-,-,-,2682.0000,2681.8000,2681.6000,2680.8000,2679.2000,2683.2000,2683.8000,2684.0000,2684.2000,2684.6000,1,1,1,1,2,2,1,2,1,3
SF,IH2012,2020-05-28 09:38:03.100,2683.0000,3693,0,88389420.000,0,-,-,-,-,2682.2000,2682.0000,2681.6000,2679.2000,2677.0000,2683.2000,2683.8000,2684.0000,2684.2000,2684.6000,1,2,1,2,1,2,1,2,1,3
SF,IH2012,2020-05-28 09:38:03.600,2683.0000,3693,0,88389420.000,0,-,-,-,-,2682.2000,2682.0000,2679.2000,2677.0000,2676.6000,2683.2000,2683.8000,2684.0000,2684.2000,2684.6000,1,2,2,1,1,2,1,2,1,3
SF,IH2012,2020-05-28 09:38:04.100,2683.0000,3693,0,88389420.000,0,-,-,-,-,2682.4000,2682.2000,2682.0000,2679.2000,2677.0000,2683.8000,2684.0000,2684.2000,2684.6000,2685.0000,1,1,1,2,1,1,2,1,3,2
SF,IH2012,2020-05-28 09:38:04.600,2683.0000,3693,0,88389420.000,0,-,-,-,-,2682.4000,2682.2000,2679.2000,2677.0000,2676.6000,2683.8000,2684.0000,2684.2000,2684.6000,2685.0000,1,1,2,1,1,1,2,1,3,2
SF,IH2012,2020-05-28 09:38:05.100,2683.0000,3693,0,88389420.000,0,-,-,-,-,2682.2000,2679.2000,2677.0000,2676.6000,2676.2000,2683.8000,2684.0000,2684.2000,2684.6000,2685.0000,1,2,1,1,1,1,2,1,3,2
SF,IH2012,2020-05-28 09:38:06.100,2683.0000,3693,0,88389420.000,0,-,-,-,-,2682.2000,2679.2000,2677.0000,2676.6000,2676.2000,2683.8000,2684.0000,2684.2000,2684.6000,2685.0000,1,2,1,1,1,1,2,1,3,2
SF,IH2012,2020-05-28 09:38:06.600,2684.0000,3691,-2,90804960.000,3,0,3,多平,S,2682.4000,2682.2000,2679.2000,2677.0000,2676.6000,2684.2000,2684.6000,2685.0000,2685.4000,2686.0000,1,1,2,1,1,1,3,2,1,2
SF,IH2012,2020-05-28 09:38:07.100,2684.2000,3691,0,91610220.000,1,0,1,多换,S,2684.0000,2682.6000,2682.4000,2679.2000,2677.0000,2684.6000,2685.0000,2685.4000,2686.0000,2689.6000,2,2,2,2,1,3,2,1,2,1
SF,IH2012,2020-05-28 09:38:07.600,2684.6000,3689,-2,94026000.000,3,0,3,多平,S,2683.8000,2682.6000,2682.4000,2679.2000,2677.0000,2684.6000,2685.0000,2685.4000,2686.0000,2689.6000,1,2,2,2,1,2,2,1,2,1
SF,IH2012,2020-05-28 09:38:08.100,2683.8000,3688,-1,94831140.000,1,0,1,双平,S,2682.6000,2682.4000,2679.2000,2677.0000,2676.6000,2684.4000,2684.6000,2685.0000,2685.4000,2686.0000,2,1,2,1,1,1,2,2,1,2
SF,IH2012,2020-05-28 09:38:09.600,2683.8000,3688,0,94831140.000,0,-,-,-,-,2682.6000,2682.4000,2679.2000,2677.0000,2676.6000,2684.0000,2684.4000,2684.6000,2685.0000,2685.4000,2,1,2,1,1,1,1,2,2,1
SF,IH2012,2020-05-28 09:38:10.100,2683.8000,3688,0,94831140.000,0,-,-,-,-,2682.6000,2682.4000,2679.2000,2677.0000,2676.6000,2683.8000,2684.0000,2684.6000,2685.0000,2685.4000,1,1,2,1,1,1,2,2,2,1
SF,IH2012,2020-05-28 09:38:10.600,2683.8000,3688,0,94831140.000,0,-,-,-,-,2682.4000,2679.2000,2677.0000,2676.6000,2676.2000,2683.6000,2683.8000,2684.0000,2684.6000,2685.0000,1,2,1,1,1,2,1,1,2,2
SF,IH2012,2020-05-28 09:38:11.100,2683.8000,3687,-1,95636280.000,1,0,1,双平,S,2679.2000,2677.0000,2676.6000,2676.2000,2676.0000,2683.4000,2684.0000,2684.6000,2685.0000,2685.4000,2,1,1,1,1,2,1,2,2,1
