市场代码,合约代码,时间,最新,持仓,增仓,成交额,成交量,开仓,平仓,成交类型,方向,买一价,买二价,买三价,买四价,买五价,卖一价,卖二价,卖三价,卖四价,卖五价,买一量,买二量,买三量,买四量,买五量,卖一量,卖二量,卖三量,卖四量,卖五量
SF,IH2012,2020-08-21 09:29:00.000,3270.0000,18401,0,8829000.000,9.000,-,-,-,-,3269.8000,3267.8000,3266.4000,3262.6000,3261.4000,3270.0000,3272.0000,3276.6000,3277.0000,3277.6000,1,1,1,2,5,1,1,1,1,1
SF,IH2012,2020-08-21 09:30:00.500,3267.8000,18402,1,11771220.000,3,2,1,空开,S,3266.4000,3261.4000,3261.0000,3260.0000,3256.0000,3267.0000,3269.0000,3269.4000,3269.6000,3269.8000,1,1,1,3,1,1,1,1,9,3
SF,IH2012,2020-08-21 09:30:01.000,3267.0000,18401,-1,12751320.000,1,0,1,双平,S,3267.0000,3261.4000,3261.0000,3260.0000,3256.0000,3269.0000,3269.2000,3269.6000,3269.8000,3270.0000,5,1,1,3,1,1,1,3,5,1
SF,IH2012,2020-08-21 09:30:01.500,3269.6000,18397,-4,18635520.000,6,1,5,多平,S,3268.8000,3268.4000,3267.2000,3267.0000,3261.4000,3269.8000,3270.0000,3270.2000,3272.0000,3274.0000,1,1,1,9,1,7,5,2,1,1
SF,IH2012,2020-08-21 09:30:02.000,3267.2000,18394,-3,21577080.000,3,0,3,双平,S,3267.0000,3261.0000,3260.0000,3256.0000,3255.0000,3268.6000,3269.6000,3269.8000,3270.0000,3270.2000,9,1,3,1,1,2,1,7,6,2
SF,IH2012,2020-08-21 09:30:02.500,3267.2000,18394,0,21577080.000,0,-,-,-,-,3267.2000,3267.0000,3261.0000,3260.0000,3256.0000,3268.2000,3268.6000,3269.8000,3270.0000,3270.2000,1,9,1,3,1,1,2,7,6,2
SF,IH2012,2020-08-21 09:30:03.000,3267.0000,18389,-5,28437840.000,7,1,6,多平,S,3267.0000,3261.0000,3260.0000,3256.0000,3255.0000,3268.0000,3268.2000,3268.4000,3269.8000,3270.0000,3,1,3,1,1,1,1,2,7,6
SF,IH2012,2020-08-21 09:30:03.500,3268.2000,18388,-1,30398400.000,2,0,2,多平,S,3267.0000,3261.0000,3260.0000,3256.0000,3255.0000,3269.8000,3270.0000,3270.2000,3272.0000,3274.0000,2,1,3,1,1,7,6,2,1,1
SF,IH2012,2020-08-21 09:30:04.000,3267.0000,18388,0,32358600.000,2,1,1,多换,S,3267.2000,3261.0000,3260.0000,3256.0000,3255.0000,3269.4000,3269.8000,3270.0000,3270.2000,3272.0000,2,1,3,1,1,1,8,6,2,1
SF,IH2012,2020-08-21 09:30:04.500,3267.0000,18387,-1,34318800.000,2,0,2,多平,S,3267.2000,3261.0000,3260.0000,3256.0000,3255.0000,3267.8000,3268.0000,3268.2000,3268.4000,3269.0000,1,1,3,1,1,1,1,1,2,1
SF,IH2012,2020-08-21 09:30:05.000,3267.6000,18386,-1,36279180.000,2,0,2,多平,S,3261.0000,3260.0000,3256.0000,3255.0000,3253.2000,3267.6000,3269.0000,3269.2000,3269.4000,3269.6000,1,3,1,1,2,1,1,4,1,2
SF,IH2012,2020-08-21 09:30:05.500,3267.6000,18385,-1,37259460.000,1,0,1,双平,S,3264.0000,3263.2000,3263.0000,3262.8000,3262.0000,3267.4000,3267.6000,3269.0000,3269.4000,3269.6000,1,1,1,3,1,3,1,1,1,2
SF,IH2012,2020-08-21 09:30:06.000,3267.6000,18385,0,37259460.000,0,-,-,-,-,3264.4000,3261.6000,3261.4000,3261.2000,3261.0000,3267.2000,3267.4000,3267.6000,3269.0000,3269.4000,1,2,1,1,1,1,9,1,1,1
SF,IH2012,2020-08-21 09:30:06.500,3267.6000,18385,0,37259460.000,0,-,-,-,-,3264.4000,3262.0000,3261.6000,3261.4000,3261.0000,3267.0000,3267.2000,3267.6000,3269.0000,3269.4000,7,1,2,1,1,1,2,1,1,1
SF,IH2012,2020-08-21 09:30:07.000,3267.6000,18385,0,37259460.000,0,-,-,-,-,3262.0000,3261.6000,3261.4000,3261.0000,3260.0000,3266.6000,3267.0000,3267.2000,3267.6000,3269.0000,1,2,1,1,3,1,2,1,1,1
SF,IH2012,2020-08-21 09:30:07.500,3267.6000,18385,0,37259460.000,0,-,-,-,-,3263.0000,3262.6000,3262.2000,3262.0000,3261.6000,3266.4000,3266.6000,3267.2000,3267.6000,3269.0000,1,1,2,1,2,1,2,2,1,1
SF,IH2012,2020-08-21 09:30:08.000,3264.0000,18384,-1,38238660.000,1,0,1,双平,S,3264.0000,3263.4000,3263.2000,3263.0000,3262.8000,3266.4000,3266.6000,3267.2000,3269.0000,3269.4000,2,2,3,1,3,2,1,2,1,1
SF,IH2012,2020-08-21 09:30:08.500,3266.4000,18385,1,40198500.000,2,1,1,空开,S,3264.2000,3264.0000,3263.4000,3263.2000,3262.8000,3267.2000,3269.0000,3269.4000,3269.6000,3269.8000,2,2,2,3,3,2,1,1,2,7
SF,IH2012,2020-08-21 09:30:09.000,3266.4000,18385,0,40198500.000,0,-,-,-,-,3264.2000,3264.0000,3263.4000,3263.2000,3262.8000,3266.8000,3267.2000,3269.0000,3269.4000,3269.6000,2,2,2,3,3,1,2,1,1,2
SF,IH2012,2020-08-21 09:30:09.500,3264.4000,18384,-1,42157140.000,2,0,2,多平,S,3264.4000,3264.2000,3263.4000,3262.4000,3262.2000,3266.8000,3267.2000,3269.0000,3269.4000,3269.6000,1,2,2,7,1,1,2,1,1,2
SF,IH2012,2020-08-21 09:30:10.000,3264.2000,18382,-2,44115720.000,2,0,2,双平,S,3263.4000,3262.4000,3262.2000,3261.6000,3261.4000,3266.6000,3266.8000,3267.2000,3269.0000,3269.4000,2,7,1,2,1,1,1,2,1,1
SF,IH2012,2020-08-21 09:30:10.500,3264.2000,18382,0,44115720.000,0,-,-,-,-,3263.4000,3262.8000,3262.2000,3261.6000,3261.4000,3266.0000,3266.6000,3266.8000,3267.2000,3269.0000,1,1,1,2,1,1,2,1,2,1
SF,IH2012,2020-08-21 09:30:11.000,3262.8000,18380,-2,46073580.000,2,0,2,双平,S,3262.2000,3261.6000,3261.4000,3261.0000,3260.0000,3265.6000,3265.8000,3266.0000,3266.6000,3266.8000,1,2,1,1,3,1,1,1,1,1
SF,IH2012,2020-08-21 09:30:11.500,3262.8000,18380,0,46073580.000,0,-,-,-,-,3261.6000,3261.4000,3261.0000,3260.0000,3259.0000,3263.4000,3265.0000,3265.4000,3265.6000,3266.0000,2,1,1,3,1,3,1,1,1,1
SF,IH2012,2020-08-21 09:30:12.000,3261.6000,18378,-2,49009020.000,3,0,3,多平,S,3261.0000,3260.0000,3259.0000,3256.0000,3255.0000,3263.2000,3263.4000,3265.0000,3265.2000,3265.4000,1,3,1,1,1,1,4,1,7,2
SF,IH2012,2020-08-21 09:30:12.500,3261.4000,18375,-3,51944400.000,3,0,3,双平,S,3261.2000,3260.0000,3259.0000,3256.0000,3255.0000,3261.6000,3262.2000,3263.0000,3263.2000,3263.4000,2,3,1,2,1,1,1,1,1,4
SF,IH2012,2020-08-21 09:30:13.000,3261.2000,18373,-2,53901120.000,2,0,2,双平,S,3260.0000,3259.0000,3256.0000,3255.0000,3253.2000,3261.4000,3261.6000,3262.2000,3263.0000,3263.2000,3,1,2,1,2,1,1,1,1,1
SF,IH2012,2020-08-21 09:30:14.000,3261.2000,18373,0,53901120.000,0,-,-,-,-,3260.2000,3260.0000,3259.0000,3256.0000,3255.0000,3261.4000,3261.6000,3262.2000,3263.0000,3263.2000,1,3,1,2,1,1,1,1,1,1
SF,IH2012,2020-08-21 09:30:15.000,3261.6000,18371,-2,55858020.000,2,0,2,双平,S,3260.2000,3260.0000,3259.0000,3256.0000,3255.0000,3262.2000,3263.0000,3263.2000,3263.4000,3265.0000,1,3,1,2,1,1,1,1,4,1
SF,IH2012,2020-08-21 09:30:15.500,3260.2000,18371,0,56836080.000,1,0,1,多换,S,3260.0000,3259.0000,3256.0000,3255.0000,3253.2000,3262.0000,3262.2000,3262.8000,3263.0000,3263.4000,3,1,2,1,2,1,1,1,2,4
SF,IH2012,2020-08-21 09:30:16.000,3260.2000,18371,0,56836080.000,0,-,-,-,-,3261.4000,3260.2000,3260.0000,3259.0000,3256.0000,3261.8000,3262.0000,3262.2000,3262.8000,3263.0000,1,1,3,1,2,1,1,1,1,2
SF,IH2012,2020-08-21 09:30:16.500,3261.2000,18370,-1,57814440.000,1,0,1,双平,S,3260.2000,3260.0000,3259.0000,3256.0000,3255.0000,3261.2000,3261.4000,3262.2000,3262.8000,3263.0000,1,4,1,2,1,1,1,1,1,2
SF,IH2012,2020-08-21 09:30:17.000,3261.2000,18370,0,57814440.000,0,-,-,-,-,3260.2000,3260.0000,3259.0000,3256.0000,3255.0000,3261.4000,3262.2000,3262.8000,3263.0000,3263.4000,1,4,1,2,1,1,1,1,2,4
SF,IH2012,2020-08-21 09:30:17.500,3260.2000,18370,0,59770560.000,2,1,1,多换,S,3260.0000,3259.0000,3256.0000,3255.0000,3253.2000,3260.2000,3262.2000,3262.8000,3263.0000,3263.4000,4,1,2,1,2,12,1,1,3,4
SF,IH2012,2020-08-21 09:30:18.000,3260.2000,18369,-1,60748620.000,1,0,1,双平,S,3260.0000,3259.0000,3256.0000,3255.0000,3253.2000,3260.2000,3262.2000,3262.8000,3263.0000,3263.4000,4,1,2,1,2,11,1,1,3,4
SF,IH2012,2020-08-21 09:30:18.500,3260.2000,18369,0,60748620.000,0,-,-,-,-,3260.0000,3259.0000,3256.0000,3255.0000,3253.2000,3260.2000,3262.2000,3262.8000,3263.0000,3263.4000,4,1,2,1,2,11,1,1,3,4
SF,IH2012,2020-08-21 09:30:19.000,3260.0000,18370,1,65638620.000,5,3,2,空开,S,3259.0000,3256.0000,3255.0000,3253.2000,3251.2000,3260.2000,3262.2000,3262.8000,3263.0000,3263.4000,1,2,1,2,1,12,1,1,3,4
SF,IH2012,2020-08-21 09:30:19.500,3260.2000,18370,0,66616680.000,1,0,1,多换,S,3260.0000,3259.2000,3259.0000,3256.0000,3255.0000,3260.2000,3262.2000,3262.8000,3263.0000,3263.4000,2,1,1,2,1,11,1,1,3,4
SF,IH2012,2020-08-21 09:30:20.000,3260.0000,18369,-1,68572680.000,2,0,2,多平,S,3259.0000,3256.0000,3255.0000,3253.2000,3251.2000,3260.0000,3260.2000,3262.2000,3262.8000,3263.0000,1,2,1,2,1,1,11,1,1,3
SF,IH2012,2020-08-21 09:30:20.500,3260.0000,18369,0,68572680.000,0,-,-,-,-,3259.2000,3259.0000,3256.0000,3255.0000,3253.2000,3260.2000,3262.2000,3262.8000,3263.0000,3263.4000,1,1,2,1,2,11,1,1,3,4
SF,IH2012,2020-08-21 09:30:21.000,3260.2000,18358,-11,79331340.000,11,0,11,双平,S,3259.2000,3259.0000,3256.0000,3255.0000,3253.2000,3260.2000,3262.2000,3262.8000,3263.0000,3263.4000,3,1,2,1,2,2,1,1,2,4
SF,IH2012,2020-08-21 09:30:21.500,3260.2000,18356,-2,81287460.000,2,0,2,双平,S,3261.6000,3261.4000,3260.8000,3260.4000,3260.2000,3262.2000,3262.8000,3263.0000,3263.4000,3265.0000,1,1,1,2,2,1,1,2,4,1
SF,IH2012,2020-08-21 09:30:22.000,3262.2000,18351,-5,86180220.000,5,0,5,双平,S,3260.8000,3260.4000,3259.2000,3259.0000,3256.0000,3262.8000,3263.0000,3263.4000,3265.0000,3265.4000,1,2,2,1,2,1,2,4,1,1
SF,IH2012,2020-08-21 09:30:22.500,3263.0000,18347,-4,90095640.000,4,0,4,双平,S,3261.0000,3260.8000,3260.4000,3259.2000,3259.0000,3262.6000,3263.4000,3265.0000,3265.4000,3265.6000,4,1,2,2,1,1,4,1,1,1
SF,IH2012,2020-08-21 09:30:23.000,3263.0000,18347,0,91074540.000,1,0,1,多换,S,3261.0000,3260.8000,3260.4000,3259.2000,3259.0000,3263.4000,3265.0000,3265.4000,3265.6000,3266.0000,4,1,2,2,1,4,1,1,1,1
SF,IH2012,2020-08-21 09:30:23.500,3263.0000,18347,0,91074540.000,0,-,-,-,-,3261.0000,3260.8000,3260.4000,3259.2000,3259.0000,3263.4000,3265.0000,3265.6000,3266.0000,3267.0000,2,1,2,2,1,2,1,1,1,1
SF,IH2012,2020-08-21 09:30:24.000,3261.4000,18347,0,92052960.000,1,0,1,多换,S,3262.6000,3261.4000,3261.0000,3260.8000,3260.4000,3263.4000,3265.0000,3265.6000,3266.0000,3267.0000,1,7,3,1,2,1,1,1,1,1
SF,IH2012,2020-08-21 09:30:24.500,3263.4000,18345,-2,94010400.000,2,0,2,双平,S,3261.4000,3261.0000,3260.8000,3260.4000,3259.0000,3265.0000,3265.6000,3266.0000,3267.0000,3268.0000,1,2,1,2,1,1,1,1,1,1
SF,IH2012,2020-08-21 09:30:25.000,3261.6000,18344,-1,94988880.000,1,0,1,双平,S,3260.8000,3260.4000,3259.0000,3256.0000,3255.0000,3264.4000,3264.8000,3265.0000,3266.0000,3267.0000,1,2,1,2,1,1,2,1,1,1
SF,IH2012,2020-08-21 09:30:25.500,3261.6000,18344,0,94988880.000,0,-,-,-,-,3263.0000,3262.6000,3261.8000,3261.4000,3260.8000,3264.2000,3264.4000,3264.8000,3267.0000,3269.0000,2,1,9,1,2,2,1,1,1,1
SF,IH2012,2020-08-21 09:30:26.000,3261.6000,18344,0,94988880.000,0,-,-,-,-,3263.2000,3263.0000,3261.8000,3261.4000,3261.2000,3267.0000,3269.0000,3269.4000,3269.6000,3269.8000,4,2,3,1,1,1,1,1,2,2
SF,IH2012,2020-08-21 09:30:26.500,3261.6000,18346,2,100859760.000,6,4,2,空开,S,3261.8000,3261.4000,3261.2000,3261.0000,3260.8000,3264.4000,3265.2000,3266.4000,3266.6000,3266.8000,2,1,1,1,2,1,1,2,2,1
SF,IH2012,2020-08-21 09:30:27.000,3261.6000,18346,0,100859760.000,0,-,-,-,-,3262.0000,3261.8000,3261.4000,3261.2000,3261.0000,3264.2000,3266.6000,3266.8000,3267.0000,3269.0000,1,2,1,1,1,3,2,2,1,1
SF,IH2012,2020-08-21 09:30:27.500,3261.6000,18346,0,100859760.000,0,-,-,-,-,3261.4000,3261.0000,3260.4000,3259.0000,3256.0000,3264.0000,3264.2000,3266.6000,3266.8000,3267.0000,1,1,2,1,2,2,3,2,2,1
SF,IH2012,2020-08-21 09:30:28.000,3261.6000,18346,0,100859760.000,0,-,-,-,-,3261.4000,3261.0000,3260.4000,3259.0000,3256.0000,3263.4000,3263.8000,3264.0000,3266.6000,3266.8000,2,1,2,1,2,2,1,2,2,2
SF,IH2012,2020-08-21 09:30:28.500,3261.6000,18346,0,100859760.000,0,-,-,-,-,3261.6000,3261.0000,3260.4000,3259.0000,3256.0000,3263.2000,3263.4000,3264.0000,3266.6000,3266.8000,2,1,2,1,2,3,2,2,2,2
SF,IH2012,2020-08-21 09:30:29.000,3263.2000,18345,-1,102817260.000,2,0,2,多平,S,3261.8000,3261.6000,3261.0000,3260.4000,3259.0000,3263.2000,3263.4000,3264.0000,3266.6000,3269.0000,1,2,1,2,1,2,1,2,2,1
SF,IH2012,2020-08-21 09:30:29.500,3263.2000,18345,0,102817260.000,0,-,-,-,-,3262.0000,3261.0000,3260.4000,3259.0000,3256.0000,3263.2000,3263.4000,3264.0000,3266.6000,3269.0000,2,1,2,1,2,2,1,1,2,1
SF,IH2012,2020-08-21 09:30:30.000,3262.0000,18343,-2,104774460.000,2,0,2,双平,S,3261.0000,3260.4000,3259.0000,3256.0000,3255.0000,3263.2000,3263.4000,3264.0000,3266.6000,3269.0000,1,2,1,2,1,1,1,1,2,1
SF,IH2012,2020-08-21 09:30:30.500,3262.0000,18343,0,104774460.000,0,-,-,-,-,3261.0000,3260.4000,3259.0000,3256.0000,3255.0000,3263.0000,3263.2000,3263.4000,3264.0000,3266.6000,1,2,1,2,1,1,1,1,1,2
SF,IH2012,2020-08-21 09:30:31.000,3262.0000,18343,0,104774460.000,0,-,-,-,-,3261.4000,3261.2000,3261.0000,3260.4000,3259.0000,3263.0000,3263.2000,3263.4000,3264.0000,3266.6000,1,3,1,2,1,1,1,1,1,2
SF,IH2012,2020-08-21 09:30:31.500,3263.0000,18342,-1,107711220.000,3,1,2,多平,S,3261.8000,3261.6000,3261.4000,3261.2000,3261.0000,3263.4000,3264.0000,3265.8000,3266.6000,3269.0000,4,2,1,7,1,1,1,1,2,1
SF,IH2012,2020-08-21 09:30:32.000,3263.0000,18341,-1,109669140.000,2,0,2,多平,S,3263.8000,3262.0000,3261.8000,3261.4000,3261.2000,3264.0000,3265.8000,3266.6000,3269.0000,3269.4000,1,3,4,1,6,1,1,2,1,1
SF,IH2012,2020-08-21 09:30:32.500,3264.0000,18339,-2,111627480.000,2,0,2,双平,S,3263.2000,3261.8000,3261.4000,3261.0000,3260.4000,3263.8000,3265.8000,3266.6000,3269.0000,3269.4000,3,1,1,1,2,3,1,2,1,1
SF,IH2012,2020-08-21 09:30:33.000,3263.2000,18339,0,114564360.000,3,1,2,多换,S,3261.8000,3261.4000,3261.0000,3260.4000,3259.0000,3263.8000,3265.8000,3266.6000,3269.0000,3269.4000,1,1,1,2,1,1,1,2,1,1
SF,IH2012,2020-08-21 09:30:33.500,3263.6000,18339,0,115543440.000,1,0,1,多换,S,3262.0000,3261.8000,3261.0000,3260.4000,3259.0000,3263.6000,3263.8000,3265.8000,3266.6000,3269.0000,1,1,1,2,1,3,1,1,2,1
SF,IH2012,2020-08-21 09:30:34.000,3263.6000,18339,0,115543440.000,0,-,-,-,-,3262.0000,3261.8000,3261.0000,3260.4000,3259.0000,3263.6000,3263.8000,3264.0000,3265.8000,3266.6000,3,1,1,2,1,1,1,1,1,2
SF,IH2012,2020-08-21 09:30:34.500,3262.0000,18336,-3,118479240.000,3,0,3,双平,S,3261.8000,3261.0000,3260.4000,3259.0000,3256.0000,3262.0000,3263.2000,3263.4000,3263.6000,3263.8000,1,1,2,1,2,1,1,2,2,1
SF,IH2012,2020-08-21 09:30:35.000,3263.6000,18335,-1,123373500.000,5,2,3,多平,S,3261.0000,3260.4000,3259.0000,3256.0000,3255.0000,3263.8000,3264.0000,3264.4000,3265.8000,3266.6000,1,2,1,2,1,1,1,2,1,2
SF,IH2012,2020-08-21 09:30:35.500,3263.6000,18335,0,123373500.000,0,-,-,-,-,3261.2000,3260.4000,3259.0000,3256.0000,3255.0000,3263.4000,3263.8000,3264.0000,3264.4000,3265.8000,2,2,1,1,1,2,1,1,2,1
SF,IH2012,2020-08-21 09:30:36.000,3263.6000,18335,0,123373500.000,0,-,-,-,-,3261.2000,3260.4000,3259.0000,3256.0000,3255.0000,3263.4000,3263.8000,3264.0000,3264.4000,3265.8000,2,2,1,1,1,3,1,1,2,1
SF,IH2012,2020-08-21 09:30:36.500,3263.6000,18335,0,123373500.000,0,-,-,-,-,3261.4000,3261.2000,3260.4000,3259.0000,3256.0000,3263.4000,3263.8000,3264.0000,3264.4000,3265.8000,2,2,2,1,1,2,1,1,2,1
SF,IH2012,2020-08-21 09:30:37.000,3263.6000,18335,0,123373500.000,0,-,-,-,-,3261.6000,3260.4000,3259.0000,3256.0000,3255.0000,3263.2000,3263.4000,3263.8000,3264.0000,3264.4000,1,2,1,1,1,2,2,1,1,2
SF,IH2012,2020-08-21 09:30:38.000,3263.4000,18335,0,124352520.000,1,0,1,多换,S,3261.6000,3260.4000,3259.0000,3256.0000,3255.0000,3263.2000,3263.4000,3263.6000,3263.8000,3264.0000,1,2,1,1,1,1,2,1,1,1
SF,IH2012,2020-08-21 09:30:38.500,3263.4000,18335,0,124352520.000,0,-,-,-,-,3261.6000,3260.4000,3259.0000,3256.0000,3255.0000,3263.0000,3263.2000,3263.4000,3263.6000,3263.8000,1,2,1,1,1,1,1,2,1,1
SF,IH2012,2020-08-21 09:30:39.000,3261.6000,18334,-1,125331000.000,1,0,1,双平,S,3262.0000,3260.4000,3259.0000,3256.0000,3255.0000,3262.6000,3262.8000,3263.0000,3263.4000,3263.6000,1,2,1,1,1,1,2,1,2,1
SF,IH2012,2020-08-21 09:30:39.500,3262.0000,18333,-1,126309600.000,1,0,1,双平,S,3260.4000,3259.0000,3256.0000,3255.0000,3253.2000,3262.0000,3262.2000,3262.4000,3262.6000,3262.8000,2,1,1,1,2,1,1,3,2,1
SF,IH2012,2020-08-21 09:30:40.000,3262.0000,18333,0,127288200.000,1,0,1,多换,S,3260.4000,3260.2000,3259.0000,3256.0000,3255.0000,3261.8000,3262.6000,3262.8000,3263.4000,3263.6000,2,1,1,1,1,2,2,1,1,1
SF,IH2012,2020-08-21 09:30:40.500,3262.0000,18331,-2,129245400.000,2,0,2,双平,S,3260.4000,3260.2000,3259.0000,3256.0000,3255.0000,3261.8000,3262.6000,3262.8000,3263.6000,3263.8000,2,1,1,1,1,3,2,1,1,1
SF,IH2012,2020-08-21 09:30:41.000,3262.0000,18331,0,129245400.000,0,-,-,-,-,3260.4000,3260.2000,3259.0000,3256.0000,3255.0000,3261.8000,3262.6000,3262.8000,3263.6000,3263.8000,2,1,1,1,1,2,2,1,1,1
SF,IH2012,2020-08-21 09:30:41.500,3260.4000,18330,-1,131202120.000,2,0,2,多平,S,3260.4000,3260.2000,3259.0000,3256.0000,3255.0000,3261.8000,3262.6000,3262.8000,3263.6000,3263.8000,1,1,1,1,1,2,2,1,1,1
SF,IH2012,2020-08-21 09:30:42.000,3260.4000,18329,-1,132180240.000,1,0,1,双平,S,3260.2000,3259.0000,3256.0000,3255.0000,3251.8000,3261.6000,3261.8000,3262.6000,3262.8000,3263.6000,1,1,1,1,1,1,2,1,2,1
SF,IH2012,2020-08-21 09:30:42.500,3260.4000,18329,0,132180240.000,0,-,-,-,-,3260.2000,3259.0000,3256.0000,3255.0000,3251.8000,3261.4000,3261.6000,3261.8000,3262.6000,3262.8000,1,1,1,1,1,1,1,1,1,2
SF,IH2012,2020-08-21 09:30:43.000,3260.2000,18329,0,133158300.000,1,0,1,多换,S,3259.0000,3256.0000,3255.0000,3251.8000,3250.2000,3261.0000,3261.4000,3261.8000,3262.8000,3263.6000,1,1,1,1,1,1,1,1,2,1
SF,IH2012,2020-08-21 09:30:43.500,3260.2000,18329,0,133158300.000,0,-,-,-,-,3259.2000,3259.0000,3256.0000,3255.0000,3251.8000,3261.0000,3261.8000,3262.8000,3263.6000,3264.0000,3,1,1,1,1,1,1,1,1,1
SF,IH2012,2020-08-21 09:30:44.000,3260.2000,18329,0,133158300.000,0,-,-,-,-,3259.2000,3259.0000,3256.0000,3255.0000,3251.8000,3261.0000,3261.8000,3262.8000,3263.6000,3264.0000,3,1,1,1,1,1,1,1,1,1
SF,IH2012,2020-08-21 09:30:44.500,3260.2000,18329,0,133158300.000,0,-,-,-,-,3259.4000,3259.2000,3259.0000,3255.0000,3251.8000,3261.0000,3261.8000,3262.0000,3262.8000,3263.6000,1,3,1,1,1,1,1,1,1,1
SF,IH2012,2020-08-21 09:30:45.000,3261.0000,18328,-1,134136600.000,1,0,1,双平,S,3261.0000,3259.6000,3259.4000,3259.2000,3259.0000,3261.8000,3262.0000,3262.8000,3263.6000,3264.0000,1,1,1,1,1,1,1,1,1,1
SF,IH2012,2020-08-21 09:30:45.500,3261.0000,18327,-1,135114900.000,1,0,1,双平,S,3259.4000,3259.2000,3259.0000,3255.0000,3251.8000,3261.0000,3261.4000,3261.6000,3261.8000,3262.0000,1,1,1,1,1,1,1,1,1,1
SF,IH2012,2020-08-21 09:30:46.000,3261.0000,18326,-1,136093200.000,1,0,1,双平,S,3259.6000,3259.4000,3259.0000,3255.0000,3251.8000,3261.4000,3261.8000,3262.0000,3262.8000,3263.6000,1,1,1,1,1,1,1,1,1,1
SF,IH2012,2020-08-21 09:30:46.500,3261.0000,18326,0,136093200.000,0,-,-,-,-,3259.8000,3259.6000,3259.4000,3259.0000,3255.0000,3261.2000,3261.4000,3261.8000,3262.0000,3262.8000,1,2,1,1,1,1,1,1,1,1
SF,IH2012,2020-08-21 09:30:47.000,3261.0000,18326,0,136093200.000,0,-,-,-,-,3259.8000,3259.4000,3259.0000,3255.0000,3251.8000,3261.2000,3261.8000,3262.0000,3262.8000,3263.6000,1,1,1,1,1,2,1,1,1,1
SF,IH2012,2020-08-21 09:30:47.500,3261.0000,18326,0,136093200.000,0,-,-,-,-,3260.0000,3259.8000,3259.4000,3259.0000,3255.0000,3261.2000,3261.8000,3262.0000,3262.8000,3263.6000,1,1,1,1,1,1,1,1,1,1
SF,IH2012,2020-08-21 09:30:48.000,3261.0000,18326,0,136093200.000,0,-,-,-,-,3260.0000,3259.8000,3259.4000,3259.0000,3255.0000,3261.8000,3262.0000,3262.8000,3263.6000,3264.0000,1,1,1,1,1,1,1,1,1,1
SF,IH2012,2020-08-21 09:30:48.500,3261.0000,18326,0,136093200.000,0,-,-,-,-,3261.2000,3259.8000,3259.0000,3255.0000,3251.8000,3261.6000,3261.8000,3262.0000,3262.8000,3263.6000,1,1,1,1,1,3,1,1,1,1
SF,IH2012,2020-08-21 09:30:49.000,3261.4000,18324,-2,140006700.000,4,1,3,多平,S,3259.0000,3255.0000,3251.8000,3250.2000,3250.0000,3261.4000,3261.6000,3261.8000,3262.0000,3262.8000,1,1,1,1,2,1,2,1,1,1
SF,IH2012,2020-08-21 09:30:49.500,3261.4000,18324,0,140006700.000,0,-,-,-,-,3259.4000,3259.0000,3255.0000,3251.8000,3250.2000,3261.2000,3261.4000,3261.8000,3262.0000,3262.8000,3,1,1,1,1,1,1,1,1,1
SF,IH2012,2020-08-21 09:30:50.000,3261.4000,18324,0,140006700.000,0,-,-,-,-,3259.6000,3259.0000,3255.0000,3251.8000,3250.2000,3261.2000,3261.4000,3261.8000,3262.0000,3262.8000,2,1,1,1,1,1,1,1,1,1
SF,IH2012,2020-08-21 09:30:50.500,3261.4000,18324,0,140006700.000,0,-,-,-,-,3259.8000,3259.0000,3255.0000,3251.8000,3250.2000,3261.0000,3261.2000,3261.4000,3261.8000,3262.0000,1,1,1,1,1,1,1,1,1,1
SF,IH2012,2020-08-21 09:30:51.000,3261.4000,18324,0,140006700.000,0,-,-,-,-,3259.8000,3259.0000,3255.0000,3251.8000,3250.2000,3260.6000,3261.0000,3261.2000,3261.4000,3261.8000,1,1,1,1,1,1,1,1,1,1
SF,IH2012,2020-08-21 09:30:51.500,3259.8000,18322,-2,141962580.000,2,0,2,双平,S,3260.0000,3259.0000,3255.0000,3251.8000,3250.2000,3260.2000,3260.6000,3261.0000,3261.2000,3261.4000,1,1,1,1,1,1,1,1,1,1
SF,IH2012,2020-08-21 09:30:52.000,3259.8000,18322,0,142940520.000,1,0,1,多换,S,3259.0000,3255.0000,3251.8000,3250.2000,3250.0000,3260.2000,3260.6000,3261.0000,3261.4000,3262.0000,1,1,1,1,1,1,1,1,1,1
SF,IH2012,2020-08-21 09:30:52.500,3259.8000,18322,0,142940520.000,0,-,-,-,-,3259.0000,3255.0000,3251.8000,3250.2000,3250.0000,3260.0000,3260.2000,3260.6000,3261.0000,3261.4000,1,1,1,1,1,2,1,1,1,1
SF,IH2012,2020-08-21 09:30:53.000,3260.0000,18320,-2,144896520.000,2,0,2,双平,S,3259.0000,3255.0000,3251.8000,3250.2000,3250.0000,3260.2000,3260.6000,3261.0000,3261.4000,3262.0000,1,1,1,1,1,1,1,1,1,1
SF,IH2012,2020-08-21 09:30:54.000,3260.2000,18319,-1,145874580.000,1,0,1,双平,S,3259.2000,3259.0000,3255.0000,3251.8000,3250.2000,3260.6000,3261.0000,3261.4000,3262.0000,3262.8000,1,1,1,1,1,1,1,1,1,1
SF,IH2012,2020-08-21 09:30:54.500,3260.0000,18319,0,146852580.000,1,0,1,多换,S,3259.4000,3259.2000,3259.0000,3255.0000,3251.8000,3260.6000,3261.0000,3261.4000,3262.0000,3262.8000,1,1,1,1,1,1,1,1,4,1
SF,IH2012,2020-08-21 09:30:55.000,3261.0000,18317,-2,148809060.000,2,0,2,双平,S,3259.4000,3259.0000,3255.0000,3251.8000,3250.2000,3261.4000,3262.0000,3262.8000,3263.6000,3264.0000,1,1,1,1,1,1,4,1,1,1
SF,IH2012,2020-08-21 09:30:55.500,3261.0000,18316,-1,149787360.000,1,0,1,双平,S,3259.6000,3259.4000,3259.0000,3255.0000,3251.8000,3261.2000,3262.0000,3262.8000,3263.6000,3264.0000,2,1,1,1,1,1,4,1,1,1
SF,IH2012,2020-08-21 09:30:56.000,3261.0000,18316,0,149787360.000,0,-,-,-,-,3259.8000,3259.6000,3259.4000,3259.0000,3255.0000,3262.0000,3262.8000,3263.6000,3264.0000,3264.4000,1,2,1,1,1,4,1,1,1,2
SF,IH2012,2020-08-21 09:30:56.500,3261.0000,18316,0,149787360.000,0,-,-,-,-,3261.2000,3260.0000,3259.8000,3259.4000,3259.0000,3262.0000,3262.8000,3263.6000,3264.0000,3264.4000,1,1,1,1,1,4,1,1,1,2
SF,IH2012,2020-08-21 09:30:57.000,3261.2000,18315,-1,150765720.000,1,0,1,双平,S,3260.0000,3259.8000,3259.4000,3259.0000,3255.0000,3261.6000,3261.8000,3262.0000,3262.8000,3263.6000,1,1,1,1,1,1,2,4,1,1
SF,IH2012,2020-08-21 09:30:57.500,3261.2000,18315,0,150765720.000,0,-,-,-,-,3260.2000,3260.0000,3259.8000,3259.4000,3259.0000,3261.4000,3262.0000,3262.8000,3263.6000,3264.0000,1,1,1,1,1,1,4,1,1,1
SF,IH2012,2020-08-21 09:30:58.000,3261.2000,18315,0,150765720.000,0,-,-,-,-,3260.2000,3260.0000,3259.8000,3259.4000,3259.0000,3261.2000,3262.0000,3262.8000,3263.6000,3264.0000,1,1,1,1,1,1,4,1,1,1
SF,IH2012,2020-08-21 09:30:58.500,3261.2000,18314,-1,151744080.000,1,0,1,双平,S,3261.2000,3260.4000,3260.2000,3259.8000,3259.4000,3262.0000,3262.8000,3263.6000,3264.0000,3264.4000,1,1,1,1,1,4,1,1,1,2
SF,IH2012,2020-08-21 09:30:59.000,3261.2000,18314,0,151744080.000,0,-,-,-,-,3260.2000,3259.8000,3259.4000,3259.0000,3255.0000,3261.6000,3262.0000,3262.8000,3263.6000,3264.0000,1,1,1,1,1,1,4,1,1,1
SF,IH2012,2020-08-21 09:30:59.500,3262.0000,18312,-2,154679760.000,3,0,3,多平,S,3260.4000,3260.2000,3259.8000,3259.4000,3259.0000,3262.0000,3262.8000,3263.6000,3264.0000,3264.4000,1,2,1,1,1,2,1,1,1,2
SF,IH2012,2020-08-21 09:31:00.000,3262.0000,18310,-2,156636960.000,2,0,2,双平,S,3260.4000,3260.2000,3259.8000,3259.4000,3259.0000,3262.8000,3263.6000,3264.0000,3264.4000,3265.8000,1,3,1,1,1,1,1,1,2,1
SF,IH2012,2020-08-21 09:31:00.500,3262.0000,18310,0,156636960.000,0,-,-,-,-,3260.6000,3260.2000,3259.8000,3259.4000,3259.0000,3262.8000,3263.6000,3264.0000,3264.4000,3265.8000,1,3,1,1,1,1,1,1,2,1
SF,IH2012,2020-08-21 09:31:01.000,3262.0000,18310,0,156636960.000,0,-,-,-,-,3260.8000,3260.6000,3260.2000,3259.8000,3259.4000,3262.8000,3263.6000,3264.0000,3264.4000,3265.8000,1,1,3,1,1,1,1,1,2,1
SF,IH2012,2020-08-21 09:31:01.500,3262.0000,18310,0,156636960.000,0,-,-,-,-,3261.4000,3261.0000,3260.8000,3260.2000,3259.8000,3262.8000,3263.6000,3264.0000,3264.4000,3265.8000,1,3,1,3,1,1,1,1,2,1
SF,IH2012,2020-08-21 09:31:02.000,3262.0000,18310,0,156636960.000,0,-,-,-,-,3261.6000,3261.0000,3260.2000,3259.8000,3259.4000,3262.8000,3263.6000,3264.0000,3264.4000,3265.8000,2,1,3,1,1,1,1,1,2,1
SF,IH2012,2020-08-21 09:31:02.500,3262.0000,18310,0,156636960.000,0,-,-,-,-,3261.6000,3261.0000,3260.2000,3259.8000,3259.4000,3262.8000,3263.6000,3264.0000,3264.4000,3265.8000,2,1,3,1,1,1,1,1,2,1
SF,IH2012,2020-08-21 09:31:03.000,3262.0000,18310,0,156636960.000,0,-,-,-,-,3261.8000,3261.6000,3261.0000,3260.2000,3259.8000,3262.8000,3263.6000,3264.0000,3264.4000,3265.8000,1,2,1,3,1,1,1,1,2,1
SF,IH2012,2020-08-21 09:31:03.500,3262.8000,18307,-3,159573720.000,3,0,3,双平,S,3262.0000,3261.8000,3261.0000,3260.2000,3259.8000,3264.0000,3264.4000,3265.8000,3268.0000,3268.8000,2,1,1,3,1,1,2,1,1,2
SF,IH2012,2020-08-21 09:31:04.000,3262.2000,18305,-2,161531040.000,2,0,2,双平,S,3262.0000,3260.2000,3259.8000,3259.4000,3259.0000,3263.8000,3264.0000,3264.4000,3265.0000,3265.8000,2,3,1,1,1,2,1,2,1,1
SF,IH2012,2020-08-21 09:31:04.500,3262.2000,18305,0,161531040.000,0,-,-,-,-,3262.2000,3262.0000,3260.2000,3259.8000,3259.4000,3263.8000,3264.0000,3264.4000,3265.0000,3265.8000,1,2,3,1,1,1,1,2,1,1
SF,IH2012,2020-08-21 09:31:05.000,3262.2000,18305,0,161531040.000,0,-,-,-,-,3262.4000,3260.2000,3259.8000,3259.4000,3259.0000,3263.8000,3264.0000,3264.4000,3265.0000,3265.8000,2,3,1,1,1,1,1,2,1,1
SF,IH2012,2020-08-21 09:31:05.500,3263.8000,18304,-1,162510180.000,1,0,1,双平,S,3262.6000,3262.4000,3260.2000,3259.8000,3259.4000,3264.0000,3264.4000,3265.0000,3265.8000,3268.0000,1,2,3,1,1,1,2,1,1,1
SF,IH2012,2020-08-21 09:31:06.000,3264.0000,18303,-1,163489380.000,1,0,1,双平,S,3264.0000,3262.8000,3262.6000,3260.2000,3259.8000,3264.4000,3265.0000,3265.8000,3268.0000,3268.8000,1,4,1,3,1,2,1,1,1,2
SF,IH2012,2020-08-21 09:31:06.500,3265.0000,18300,-3,166427520.000,3,0,3,双平,S,3265.0000,3260.2000,3259.8000,3259.4000,3259.0000,3265.8000,3268.0000,3268.8000,3269.6000,3269.8000,1,3,1,1,1,1,1,2,3,1
SF,IH2012,2020-08-21 09:31:07.000,3265.0000,18299,-1,167407020.000,1,0,1,双平,S,3264.4000,3260.2000,3259.8000,3259.4000,3259.0000,3264.8000,3265.6000,3265.8000,3268.0000,3268.8000,1,3,1,1,1,1,3,1,1,2
SF,IH2012,2020-08-21 09:31:07.500,3265.0000,18298,-1,168386520.000,1,0,1,双平,S,3264.4000,3260.2000,3259.8000,3259.4000,3259.0000,3265.6000,3265.8000,3268.0000,3268.8000,3269.6000,1,3,1,1,1,1,1,1,2,3
SF,IH2012,2020-08-21 09:31:08.000,3264.4000,18298,0,169365840.000,1,0,1,多换,S,3260.2000,3259.8000,3259.0000,3255.0000,3251.8000,3264.4000,3265.4000,3265.6000,3265.8000,3268.0000,3,1,1,1,1,1,3,1,1,1
SF,IH2012,2020-08-21 09:31:08.500,3264.4000,18298,0,169365840.000,0,-,-,-,-,3262.2000,3261.4000,3260.8000,3260.6000,3260.4000,3264.4000,3265.6000,3265.8000,3268.0000,3268.8000,1,1,4,8,5,2,1,1,1,2
SF,IH2012,2020-08-21 09:31:09.000,3264.4000,18298,0,169365840.000,0,-,-,-,-,3262.8000,3262.6000,3262.4000,3261.4000,3260.8000,3263.6000,3264.4000,3265.6000,3265.8000,3268.0000,6,6,2,2,1,1,2,1,1,1
SF,IH2012,2020-08-21 09:31:09.500,3263.8000,18297,-1,170344980.000,1,0,1,双平,S,3263.8000,3263.6000,3263.0000,3262.8000,3261.4000,3264.4000,3265.6000,3265.8000,3268.0000,3268.8000,1,2,2,5,1,2,1,1,1,2
SF,IH2012,2020-08-21 09:31:10.000,3263.8000,18297,0,170344980.000,0,-,-,-,-,3264.0000,3263.8000,3263.6000,3262.8000,3261.4000,3264.4000,3265.6000,3265.8000,3268.0000,3268.8000,2,1,2,5,1,2,1,1,1,2
SF,IH2012,2020-08-21 09:31:10.500,3264.0000,18296,-1,171324180.000,1,0,1,双平,S,3263.8000,3263.6000,3262.8000,3261.4000,3260.8000,3264.4000,3265.6000,3265.8000,3268.0000,3268.8000,1,1,5,1,1,2,1,1,1,2
SF,IH2012,2020-08-21 09:31:11.000,3264.4000,18295,-1,173282820.000,2,0,2,多平,S,3264.0000,3262.8000,3261.4000,3260.8000,3260.6000,3265.6000,3265.8000,3268.0000,3268.8000,3269.6000,2,5,1,1,1,1,1,1,2,3
SF,IH2012,2020-08-21 09:31:11.500,3264.4000,18295,0,173282820.000,0,-,-,-,-,3264.2000,3264.0000,3262.8000,3261.4000,3260.8000,3265.4000,3265.6000,3265.8000,3268.0000,3268.8000,1,2,5,1,1,2,1,1,1,2
SF,IH2012,2020-08-21 09:31:12.000,3264.2000,18294,-1,174262080.000,1,0,1,双平,S,3262.8000,3261.4000,3260.8000,3260.6000,3260.2000,3265.4000,3265.6000,3265.8000,3268.0000,3268.8000,6,1,1,1,2,3,1,1,1,2
SF,IH2012,2020-08-21 09:31:12.500,3264.2000,18294,0,174262080.000,0,-,-,-,-,3263.0000,3262.8000,3261.4000,3260.8000,3260.6000,3264.0000,3265.0000,3265.2000,3265.4000,3265.6000,1,1,1,1,1,1,1,2,1,1
SF,IH2012,2020-08-21 09:31:13.000,3263.0000,18293,-1,175240980.000,1,0,1,双平,S,3262.8000,3261.4000,3260.6000,3260.2000,3259.0000,3263.8000,3264.0000,3265.0000,3265.2000,3265.4000,1,1,1,2,1,2,1,1,1,1
SF,IH2012,2020-08-21 09:31:13.500,3263.8000,18292,-1,176220120.000,1,0,1,双平,S,3262.8000,3260.6000,3260.2000,3259.0000,3255.0000,3263.8000,3264.0000,3265.0000,3265.2000,3265.4000,1,1,2,1,1,3,1,1,1,1
SF,IH2012,2020-08-21 09:31:14.000,3263.8000,18292,0,176220120.000,0,-,-,-,-,3262.8000,3260.2000,3259.0000,3255.0000,3251.8000,3263.8000,3264.0000,3265.0000,3265.2000,3265.4000,1,2,1,1,1,3,1,1,1,1
SF,IH2012,2020-08-21 09:31:14.500,3262.8000,18291,-1,177198960.000,1,0,1,双平,S,3260.2000,3259.0000,3255.0000,3251.8000,3250.2000,3262.8000,3263.6000,3263.8000,3264.0000,3265.0000,1,1,1,1,1,1,2,3,1,1
SF,IH2012,2020-08-21 09:31:15.000,3262.8000,18291,0,177198960.000,0,-,-,-,-,3260.8000,3260.4000,3260.2000,3259.0000,3255.0000,3262.6000,3262.8000,3263.4000,3263.6000,3264.0000,3,1,1,1,1,2,1,1,2,1
SF,IH2012,2020-08-21 09:31:15.500,3262.8000,18291,0,177198960.000,0,-,-,-,-,3261.0000,3260.8000,3260.2000,3259.0000,3255.0000,3262.4000,3262.6000,3262.8000,3263.6000,3264.0000,2,3,1,1,1,1,2,1,2,1
SF,IH2012,2020-08-21 09:31:16.000,3262.4000,18291,0,178177680.000,1,0,1,多换,S,3260.2000,3259.0000,3255.0000,3251.8000,3250.2000,3262.4000,3262.6000,3262.8000,3263.6000,3264.0000,1,1,1,1,1,3,1,1,2,1
SF,IH2012,2020-08-21 09:31:16.500,3262.4000,18291,0,178177680.000,0,-,-,-,-,3260.4000,3260.2000,3259.0000,3255.0000,3251.8000,3260.8000,3262.2000,3262.4000,3262.6000,3262.8000,1,1,1,1,1,1,2,1,1,1
SF,IH2012,2020-08-21 09:31:17.000,3260.8000,18290,-1,179155920.000,1,0,1,双平,S,3260.4000,3260.2000,3259.0000,3255.0000,3251.8000,3262.2000,3262.4000,3262.6000,3262.8000,3263.6000,1,1,1,1,1,2,1,1,1,2
SF,IH2012,2020-08-21 09:31:17.500,3260.4000,18289,-1,180134040.000,1,0,1,双平,S,3260.2000,3259.0000,3255.0000,3251.8000,3250.2000,3261.8000,3262.0000,3262.2000,3262.4000,3262.6000,1,1,1,1,1,1,2,2,1,1
SF,IH2012,2020-08-21 09:31:18.000,3260.2000,18288,-1,181112100.000,1,0,1,双平,S,3259.0000,3255.0000,3251.8000,3250.2000,3250.0000,3261.6000,3261.8000,3262.2000,3262.4000,3262.6000,1,1,1,1,1,2,1,1,1,1
SF,IH2012,2020-08-21 09:31:18.500,3260.2000,18288,0,181112100.000,0,-,-,-,-,3259.2000,3259.0000,3255.0000,3251.8000,3250.2000,3261.4000,3261.8000,3262.4000,3262.6000,3262.8000,3,1,1,1,1,2,1,1,1,1
SF,IH2012,2020-08-21 09:31:19.000,3259.2000,18288,0,183067620.000,2,1,1,多换,S,3259.4000,3259.0000,3255.0000,3251.8000,3250.2000,3261.4000,3261.8000,3262.6000,3262.8000,3265.0000,1,1,1,1,1,2,1,1,1,2
SF,IH2012,2020-08-21 09:31:19.500,3259.2000,18288,0,183067620.000,0,-,-,-,-,3260.0000,3259.0000,3255.0000,3251.8000,3250.2000,3261.2000,3261.4000,3262.6000,3262.8000,3265.0000,1,1,1,1,1,4,3,1,1,2
SF,IH2012,2020-08-21 09:31:20.000,3260.0000,18288,0,184045620.000,1,0,1,多换,S,3259.0000,3255.0000,3251.8000,3250.2000,3250.0000,3261.0000,3261.2000,3261.4000,3262.6000,3262.8000,1,1,1,1,1,1,3,1,1,1
SF,IH2012,2020-08-21 09:31:20.500,3260.0000,18288,0,184045620.000,0,-,-,-,-,3259.0000,3258.8000,3255.0000,3251.8000,3250.2000,3260.8000,3261.0000,3261.2000,3262.6000,3262.8000,1,1,1,1,1,3,1,1,1,1
SF,IH2012,2020-08-21 09:31:21.000,3260.0000,18288,0,184045620.000,0,-,-,-,-,3259.0000,3258.8000,3255.0000,3251.8000,3250.2000,3260.0000,3260.6000,3260.8000,3261.2000,3262.6000,1,1,1,1,1,1,1,3,1,1
SF,IH2012,2020-08-21 09:31:21.500,3258.8000,18286,-2,186000960.000,2,0,2,双平,S,3255.0000,3251.8000,3250.2000,3250.0000,3241.2000,3259.4000,3259.8000,3260.0000,3260.8000,3261.2000,1,1,1,1,1,1,3,1,1,1
SF,IH2012,2020-08-21 09:31:22.000,3258.8000,18286,0,186000960.000,0,-,-,-,-,3255.8000,3255.6000,3255.4000,3255.2000,3255.0000,3259.0000,3259.2000,3259.4000,3260.0000,3261.2000,3,2,1,1,1,3,3,1,1,1
SF,IH2012,2020-08-21 09:31:22.500,3258.8000,18286,0,186000960.000,0,-,-,-,-,3256.4000,3256.2000,3256.0000,3255.8000,3255.4000,3258.8000,3259.0000,3259.2000,3259.4000,3260.0000,2,1,2,3,1,2,2,1,1,1
SF,IH2012,2020-08-21 09:31:23.000,3258.8000,18286,0,186000960.000,0,-,-,-,-,3256.6000,3256.4000,3256.2000,3256.0000,3255.8000,3258.6000,3258.8000,3259.0000,3259.2000,3259.4000,1,2,1,1,3,1,2,1,1,1
SF,IH2012,2020-08-21 09:31:23.500,3258.6000,18285,-1,186978540.000,1,0,1,双平,S,3257.0000,3256.8000,3256.6000,3256.2000,3256.0000,3258.4000,3258.6000,3258.8000,3259.0000,3259.4000,2,1,1,1,1,1,1,1,1,1
SF,IH2012,2020-08-21 09:31:24.000,3258.6000,18285,0,186978540.000,0,-,-,-,-,3256.6000,3256.2000,3256.0000,3255.4000,3255.0000,3258.2000,3258.4000,3258.6000,3258.8000,3259.0000,1,1,1,1,1,1,3,1,1,1
SF,IH2012,2020-08-21 09:31:24.500,3258.2000,18284,-1,187956000.000,1,0,1,双平,S,3256.8000,3256.2000,3256.0000,3255.4000,3255.0000,3258.0000,3258.2000,3258.4000,3258.8000,3259.0000,2,1,1,1,1,1,2,1,1,1
SF,IH2012,2020-08-21 09:31:25.000,3258.2000,18284,0,187956000.000,0,-,-,-,-,3257.0000,3256.8000,3256.2000,3256.0000,3255.4000,3258.4000,3258.8000,3259.0000,3259.4000,3260.0000,1,3,1,1,1,1,1,1,1,1
SF,IH2012,2020-08-21 09:31:25.500,3258.2000,18284,0,187956000.000,0,-,-,-,-,3257.0000,3256.8000,3256.2000,3256.0000,3255.4000,3258.4000,3258.8000,3259.0000,3260.0000,3260.2000,1,3,1,1,1,1,1,1,1,1
SF,IH2012,2020-08-21 09:31:26.000,3258.8000,18281,-3,190888680.000,3,0,3,双平,S,3258.8000,3257.2000,3256.8000,3256.2000,3256.0000,3259.0000,3260.0000,3260.2000,3265.0000,3265.8000,1,2,3,1,1,1,1,1,2,1
SF,IH2012,2020-08-21 09:31:26.500,3259.0000,18279,-2,193821660.000,3,0,3,多平,S,3257.2000,3257.0000,3256.8000,3256.2000,3256.0000,3260.0000,3260.2000,3265.0000,3265.8000,3266.2000,1,1,3,1,1,1,1,2,1,1
SF,IH2012,2020-08-21 09:31:27.000,3259.0000,18279,0,193821660.000,0,-,-,-,-,3257.6000,3257.4000,3257.2000,3257.0000,3256.8000,3259.8000,3260.0000,3260.2000,3265.0000,3265.8000,1,3,1,1,1,1,1,1,2,1
SF,IH2012,2020-08-21 09:31:27.500,3259.0000,18279,0,193821660.000,0,-,-,-,-,3257.8000,3257.6000,3257.4000,3257.2000,3257.0000,3259.8000,3260.0000,3260.2000,3265.0000,3265.8000,2,1,1,1,1,2,1,1,2,1
SF,IH2012,2020-08-21 09:31:28.000,3259.0000,18279,0,193821660.000,0,-,-,-,-,3257.8000,3257.4000,3257.2000,3257.0000,3256.8000,3259.6000,3259.8000,3260.0000,3260.2000,3265.0000,2,1,1,1,1,1,1,1,1,2
SF,IH2012,2020-08-21 09:31:28.500,3259.0000,18279,0,193821660.000,0,-,-,-,-,3259.0000,3257.8000,3257.0000,3256.8000,3256.2000,3259.4000,3259.6000,3260.0000,3260.2000,3265.0000,1,2,1,1,1,3,2,1,1,2
SF,IH2012,2020-08-21 09:31:29.000,3257.8000,18276,-3,196754040.000,3,0,3,双平,S,3257.0000,3256.8000,3256.0000,3255.4000,3255.0000,3258.6000,3259.0000,3259.2000,3259.4000,3260.0000,1,1,1,1,1,1,1,1,2,1
SF,IH2012,2020-08-21 09:31:29.500,3257.8000,18276,0,196754040.000,0,-,-,-,-,3257.0000,3256.8000,3256.0000,3255.4000,3255.2000,3258.4000,3259.4000,3260.0000,3260.2000,3265.0000,1,1,1,1,1,3,2,1,1,2
SF,IH2012,2020-08-21 09:31:30.000,3257.8000,18276,0,196754040.000,0,-,-,-,-,3257.2000,3257.0000,3256.8000,3256.0000,3255.4000,3258.4000,3259.4000,3260.0000,3260.2000,3265.0000,2,1,1,1,1,1,2,2,1,2
SF,IH2012,2020-08-21 09:31:30.500,3257.0000,18273,-3,199685460.000,3,0,3,双平,S,3256.8000,3256.0000,3255.4000,3255.2000,3255.0000,3258.2000,3258.4000,3259.4000,3260.0000,3260.2000,1,1,1,1,1,1,1,2,2,1
SF,IH2012,2020-08-21 09:31:31.000,3256.8000,18272,-1,200662500.000,1,0,1,双平,S,3256.0000,3255.2000,3255.0000,3251.8000,3250.2000,3258.0000,3258.2000,3258.4000,3259.4000,3260.0000,1,1,1,1,1,1,1,1,1,2
SF,IH2012,2020-08-21 09:31:31.500,3256.0000,18271,-1,201639300.000,1,0,1,双平,S,3255.2000,3255.0000,3251.8000,3250.2000,3250.0000,3257.8000,3258.0000,3258.4000,3259.4000,3260.0000,1,1,1,1,1,2,1,1,1,2
SF,IH2012,2020-08-21 09:31:32.000,3256.0000,18271,0,201639300.000,0,-,-,-,-,3255.6000,3255.4000,3255.2000,3255.0000,3253.4000,3257.6000,3257.8000,3258.4000,3259.4000,3260.0000,1,2,1,1,1,1,1,1,1,2
SF,IH2012,2020-08-21 09:31:32.500,3257.6000,18270,-1,207502260.000,6,2,4,多平,S,3255.8000,3255.4000,3255.2000,3255.0000,3253.4000,3258.4000,3259.4000,3260.0000,3260.2000,3265.0000,2,1,1,1,1,1,1,2,1,2
SF,IH2012,2020-08-21 09:31:33.000,3257.6000,18270,0,207502260.000,0,-,-,-,-,3256.0000,3255.8000,3255.4000,3255.2000,3255.0000,3258.2000,3258.4000,3259.4000,3260.0000,3260.2000,1,1,1,1,1,5,1,1,2,1
SF,IH2012,2020-08-21 09:31:33.500,3257.6000,18270,0,207502260.000,0,-,-,-,-,3256.2000,3256.0000,3255.4000,3255.2000,3255.0000,3258.0000,3258.2000,3258.4000,3259.4000,3260.0000,1,1,1,1,1,5,3,1,1,2
SF,IH2012,2020-08-21 09:31:34.000,3257.6000,18270,0,207502260.000,0,-,-,-,-,3256.4000,3256.2000,3255.4000,3255.2000,3255.0000,3257.8000,3258.0000,3258.2000,3258.4000,3259.4000,2,1,1,1,1,1,5,2,1,1
SF,IH2012,2020-08-21 09:31:35.000,3257.6000,18270,0,207502260.000,0,-,-,-,-,3256.4000,3256.2000,3255.2000,3255.0000,3251.8000,3257.6000,3257.8000,3258.0000,3258.2000,3258.4000,1,1,1,1,1,1,1,5,1,1
SF,IH2012,2020-08-21 09:31:35.500,3256.6000,18269,-1,208479240.000,1,0,1,双平,S,3256.4000,3256.2000,3255.2000,3255.0000,3251.8000,3257.6000,3257.8000,3258.0000,3258.2000,3258.4000,1,1,1,1,1,1,1,5,1,1
SF,IH2012,2020-08-21 09:31:36.000,3257.4000,18269,0,209456460.000,1,0,1,多换,S,3256.2000,3255.2000,3255.0000,3251.8000,3250.2000,3257.4000,3257.6000,3257.8000,3258.0000,3258.4000,1,1,1,1,1,1,1,1,4,1
SF,IH2012,2020-08-21 09:31:36.500,3257.4000,18269,0,209456460.000,0,-,-,-,-,3256.4000,3255.2000,3255.0000,3251.8000,3250.2000,3257.6000,3257.8000,3258.0000,3258.4000,3259.4000,2,1,1,1,1,1,1,4,1,1
SF,IH2012,2020-08-21 09:31:37.000,3257.4000,18269,0,209456460.000,0,-,-,-,-,3256.4000,3255.2000,3255.0000,3251.8000,3250.2000,3257.4000,3257.6000,3257.8000,3258.0000,3258.4000,1,1,1,1,1,1,1,1,3,1
SF,IH2012,2020-08-21 09:31:37.500,3256.4000,18269,0,210433380.000,1,0,1,多换,S,3255.2000,3255.0000,3251.8000,3250.2000,3250.0000,3257.6000,3257.8000,3258.0000,3258.4000,3259.4000,1,1,1,1,1,1,1,3,1,1
SF,IH2012,2020-08-21 09:31:38.000,3256.4000,18269,0,210433380.000,0,-,-,-,-,3255.4000,3255.2000,3255.0000,3254.0000,3251.8000,3257.4000,3257.6000,3257.8000,3258.0000,3258.4000,3,1,1,1,1,1,1,1,3,1
SF,IH2012,2020-08-21 09:31:38.500,3257.4000,18269,0,211410600.000,1,0,1,多换,S,3255.6000,3255.4000,3255.2000,3255.0000,3254.0000,3257.6000,3257.8000,3258.0000,3258.4000,3260.0000,1,3,1,1,1,1,1,3,1,1
SF,IH2012,2020-08-21 09:31:39.000,3257.4000,18269,0,211410600.000,0,-,-,-,-,3255.8000,3255.6000,3255.2000,3255.0000,3254.0000,3257.6000,3257.8000,3258.0000,3260.0000,3260.2000,3,1,1,1,1,1,1,3,1,1
SF,IH2012,2020-08-21 09:31:39.500,3257.4000,18269,0,211410600.000,0,-,-,-,-,3256.0000,3255.8000,3255.2000,3255.0000,3254.0000,3257.6000,3257.8000,3258.0000,3260.0000,3260.2000,1,3,1,1,1,1,1,3,1,1
SF,IH2012,2020-08-21 09:31:40.000,3255.8000,18266,-3,215317740.000,4,0,4,多平,S,3255.2000,3255.0000,3254.0000,3251.8000,3250.2000,3255.4000,3257.4000,3257.6000,3257.8000,3258.0000,1,1,1,1,1,1,1,1,1,3
SF,IH2012,2020-08-21 09:31:40.500,3257.6000,18264,-2,218248260.000,3,0,3,多平,S,3255.4000,3255.2000,3255.0000,3254.0000,3251.8000,3257.8000,3260.0000,3260.2000,3265.0000,3265.8000,3,1,2,1,1,1,1,1,2,1
SF,IH2012,2020-08-21 09:31:41.000,3257.6000,18264,0,218248260.000,0,-,-,-,-,3255.6000,3255.4000,3255.2000,3255.0000,3254.0000,3257.8000,3260.0000,3260.2000,3265.0000,3265.8000,2,2,1,2,1,2,1,1,2,1
SF,IH2012,2020-08-21 09:31:41.500,3257.8000,18264,0,219225600.000,1,0,1,多换,S,3255.6000,3255.4000,3255.2000,3255.0000,3254.0000,3257.8000,3260.0000,3260.2000,3265.0000,3265.8000,2,2,1,2,1,1,1,1,2,1
SF,IH2012,2020-08-21 09:31:42.000,3257.8000,18264,0,219225600.000,0,-,-,-,-,3255.6000,3255.4000,3255.2000,3255.0000,3254.0000,3257.6000,3257.8000,3260.0000,3260.2000,3265.0000,2,2,1,2,1,1,1,1,1,2
SF,IH2012,2020-08-21 09:31:42.500,3257.8000,18264,0,219225600.000,0,-,-,-,-,3255.6000,3255.4000,3255.2000,3255.0000,3254.0000,3257.4000,3257.6000,3257.8000,3260.0000,3260.2000,2,2,1,2,1,1,3,1,1,1
SF,IH2012,2020-08-21 09:31:43.000,3257.8000,18264,0,219225600.000,0,-,-,-,-,3255.6000,3255.4000,3255.2000,3255.0000,3254.0000,3257.2000,3257.4000,3257.6000,3257.8000,3260.0000,2,1,1,2,1,1,1,1,1,1
SF,IH2012,2020-08-21 09:31:43.500,3257.0000,18263,-1,221179380.000,2,0,2,多平,S,3255.8000,3255.6000,3255.4000,3255.2000,3255.0000,3257.2000,3257.6000,3257.8000,3260.0000,3260.2000,1,1,1,1,2,2,1,1,1,1
SF,IH2012,2020-08-21 09:31:44.000,3257.2000,18261,-2,223133700.000,2,0,2,双平,S,3256.0000,3255.8000,3255.4000,3255.2000,3255.0000,3257.6000,3257.8000,3260.0000,3260.2000,3265.0000,1,1,1,1,2,1,1,1,1,2
SF,IH2012,2020-08-21 09:31:44.500,3257.2000,18261,0,223133700.000,0,-,-,-,-,3256.0000,3255.4000,3255.2000,3255.0000,3254.0000,3257.4000,3257.6000,3257.8000,3260.0000,3260.2000,1,1,1,2,1,2,1,1,1,1
SF,IH2012,2020-08-21 09:31:45.000,3257.4000,18261,0,224110920.000,1,0,1,多换,S,3257.4000,3256.2000,3256.0000,3255.4000,3255.2000,3257.6000,3260.0000,3260.2000,3265.0000,3265.8000,1,2,1,1,1,1,1,1,2,1
SF,IH2012,2020-08-21 09:31:45.500,3257.4000,18260,-1,226065360.000,2,0,2,多平,S,3256.0000,3255.4000,3255.2000,3255.0000,3251.8000,3257.6000,3260.0000,3260.2000,3265.0000,3265.8000,1,1,1,2,1,1,1,1,2,1
SF,IH2012,2020-08-21 09:31:46.000,3257.6000,18259,-1,227042640.000,1,0,1,双平,S,3256.2000,3256.0000,3255.4000,3255.2000,3255.0000,3260.0000,3260.2000,3265.0000,3265.8000,3266.2000,3,1,1,1,2,1,1,2,1,1
SF,IH2012,2020-08-21 09:31:46.500,3257.6000,18259,0,227042640.000,0,-,-,-,-,3256.4000,3256.2000,3255.4000,3255.2000,3255.0000,3259.4000,3259.8000,3260.0000,3260.2000,3265.0000,1,1,1,1,2,1,5,1,1,2
SF,IH2012,2020-08-21 09:31:47.000,3257.6000,18259,0,227042640.000,0,-,-,-,-,3256.4000,3256.2000,3255.4000,3255.2000,3255.0000,3259.0000,3259.2000,3259.4000,3259.8000,3260.0000,1,1,1,1,2,1,2,1,2,1
SF,IH2012,2020-08-21 09:31:47.500,3257.6000,18259,0,227042640.000,0,-,-,-,-,3256.4000,3255.4000,3255.2000,3255.0000,3251.8000,3258.6000,3258.8000,3259.0000,3259.4000,3259.8000,1,1,1,2,1,1,3,1,1,2
SF,IH2012,2020-08-21 09:31:48.000,3257.6000,18259,0,227042640.000,0,-,-,-,-,3256.4000,3255.4000,3255.2000,3255.0000,3251.8000,3258.4000,3258.6000,3258.8000,3259.0000,3259.4000,1,1,1,2,1,2,1,1,1,1
SF,IH2012,2020-08-21 09:31:48.500,3257.6000,18259,0,227042640.000,0,-,-,-,-,3256.6000,3256.4000,3255.4000,3255.2000,3255.0000,3258.2000,3258.4000,3258.6000,3258.8000,3259.0000,1,1,1,1,2,2,2,1,1,1
SF,IH2012,2020-08-21 09:31:49.000,3257.6000,18259,0,227042640.000,0,-,-,-,-,3256.8000,3256.6000,3255.4000,3255.2000,3255.0000,3258.2000,3258.4000,3258.6000,3258.8000,3259.0000,1,2,1,1,2,1,1,1,1,1
SF,IH2012,2020-08-21 09:31:49.500,3258.4000,18257,-2,228997620.000,2,0,2,双平,S,3256.8000,3255.4000,3255.2000,3255.0000,3251.8000,3258.6000,3258.8000,3259.0000,3259.4000,3259.8000,1,1,1,2,1,1,1,1,1,1
SF,IH2012,2020-08-21 09:31:50.000,3257.0000,18256,-1,229974720.000,1,0,1,双平,S,3257.0000,3256.8000,3256.0000,3255.4000,3255.2000,3258.4000,3258.6000,3258.8000,3259.0000,3259.4000,1,1,1,1,1,3,1,1,1,1
SF,IH2012,2020-08-21 09:31:50.500,3257.0000,18256,0,229974720.000,0,-,-,-,-,3257.2000,3256.0000,3255.2000,3255.0000,3251.8000,3258.4000,3258.6000,3258.8000,3259.0000,3259.4000,1,1,1,2,1,3,1,1,1,1
SF,IH2012,2020-08-21 09:31:51.000,3257.0000,18256,0,229974720.000,0,-,-,-,-,3257.2000,3256.0000,3255.2000,3255.0000,3251.8000,3258.4000,3258.6000,3258.8000,3259.0000,3259.4000,1,1,1,2,1,2,1,1,1,1
SF,IH2012,2020-08-21 09:31:51.500,3257.2000,18255,-1,230951880.000,1,0,1,双平,S,3256.0000,3255.2000,3255.0000,3251.8000,3250.2000,3257.4000,3258.4000,3258.6000,3258.8000,3259.0000,1,1,2,1,1,1,2,1,1,1
SF,IH2012,2020-08-21 09:31:52.000,3257.4000,18255,0,231929100.000,1,0,1,多换,S,3256.2000,3256.0000,3255.2000,3255.0000,3251.8000,3258.4000,3258.6000,3258.8000,3259.0000,3259.4000,2,1,1,2,1,1,1,1,1,1
SF,IH2012,2020-08-21 09:31:52.500,3257.4000,18255,0,231929100.000,0,-,-,-,-,3256.2000,3256.0000,3255.2000,3255.0000,3251.8000,3258.2000,3258.4000,3258.6000,3258.8000,3259.0000,1,1,1,2,1,2,1,1,1,1
SF,IH2012,2020-08-21 09:31:53.000,3257.4000,18255,0,231929100.000,0,-,-,-,-,3256.4000,3256.2000,3256.0000,3255.2000,3255.0000,3258.0000,3258.2000,3258.6000,3258.8000,3259.0000,1,1,1,1,2,2,2,1,1,1
SF,IH2012,2020-08-21 09:31:53.500,3257.4000,18255,0,231929100.000,0,-,-,-,-,3256.4000,3256.2000,3256.0000,3255.2000,3255.0000,3257.8000,3258.0000,3258.2000,3258.6000,3258.8000,1,1,1,1,2,2,2,1,1,1
SF,IH2012,2020-08-21 09:31:54.000,3257.6000,18254,-1,232906380.000,1,0,1,双平,S,3256.6000,3256.4000,3256.0000,3255.2000,3255.0000,3258.0000,3258.2000,3258.6000,3258.8000,3259.0000,1,1,1,1,2,1,1,1,1,1
SF,IH2012,2020-08-21 09:31:54.500,3257.6000,18254,0,232906380.000,0,-,-,-,-,3257.0000,3256.8000,3256.6000,3256.0000,3255.2000,3258.0000,3258.2000,3258.6000,3258.8000,3259.0000,1,1,1,2,1,1,1,1,1,1
SF,IH2012,2020-08-21 09:31:55.000,3257.0000,18254,0,233883480.000,1,0,1,多换,S,3256.6000,3256.0000,3255.2000,3255.0000,3251.8000,3258.0000,3258.6000,3258.8000,3259.0000,3259.8000,1,2,1,2,1,1,1,1,1,1
SF,IH2012,2020-08-21 09:31:55.500,3257.0000,18254,0,233883480.000,0,-,-,-,-,3256.8000,3256.6000,3256.0000,3255.2000,3255.0000,3258.0000,3258.6000,3258.8000,3259.0000,3259.8000,1,1,2,1,2,1,1,1,1,1
SF,IH2012,2020-08-21 09:31:56.000,3257.0000,18254,0,233883480.000,0,-,-,-,-,3257.0000,3256.8000,3256.0000,3255.2000,3255.0000,3258.0000,3258.6000,3259.0000,3259.8000,3260.0000,1,1,2,1,2,1,1,1,1,1
SF,IH2012,2020-08-21 09:31:56.500,3258.0000,18253,-1,234860880.000,1,0,1,双平,S,3257.2000,3257.0000,3256.0000,3255.2000,3255.0000,3257.8000,3258.6000,3259.0000,3259.8000,3260.0000,1,1,2,1,2,1,1,1,1,1
SF,IH2012,2020-08-21 09:31:57.000,3257.8000,18251,-2,236815620.000,2,0,2,双平,S,3257.2000,3257.0000,3256.0000,3255.2000,3255.0000,3258.6000,3259.8000,3260.0000,3260.2000,3265.0000,1,1,2,1,2,1,1,1,1,2
SF,IH2012,2020-08-21 09:31:57.500,3257.8000,18251,0,236815620.000,0,-,-,-,-,3257.2000,3257.0000,3256.0000,3255.2000,3255.0000,3258.4000,3258.6000,3259.8000,3260.0000,3260.2000,1,1,2,1,2,1,1,1,1,1
SF,IH2012,2020-08-21 09:31:58.000,3257.8000,18251,0,236815620.000,0,-,-,-,-,3257.4000,3257.2000,3256.2000,3256.0000,3255.2000,3259.8000,3260.0000,3260.2000,3265.0000,3265.8000,2,1,1,2,1,1,1,1,2,1
SF,IH2012,2020-08-21 09:31:58.500,3257.8000,18251,0,236815620.000,0,-,-,-,-,3257.6000,3257.4000,3256.2000,3256.0000,3255.2000,3259.4000,3259.6000,3259.8000,3260.0000,3260.2000,1,2,1,3,1,1,1,1,1,1
SF,IH2012,2020-08-21 09:31:59.000,3257.8000,18251,0,236815620.000,0,-,-,-,-,3257.8000,3257.6000,3257.4000,3256.2000,3256.0000,3259.2000,3259.4000,3259.8000,3260.0000,3260.2000,1,1,1,1,3,1,1,1,1,1
SF,IH2012,2020-08-21 09:31:59.500,3257.8000,18251,0,236815620.000,0,-,-,-,-,3257.8000,3257.6000,3257.4000,3256.2000,3256.0000,3259.2000,3259.4000,3259.8000,3260.0000,3260.2000,2,1,1,1,3,1,1,1,1,1
SF,IH2012,2020-08-21 09:32:00.000,3257.8000,18251,0,236815620.000,0,-,-,-,-,3257.8000,3257.6000,3256.2000,3256.0000,3255.0000,3259.2000,3259.4000,3260.0000,3260.2000,3265.0000,2,1,1,3,2,1,1,1,1,2
SF,IH2012,2020-08-21 09:32:00.500,3257.8000,18251,0,237792960.000,1,0,1,多换,S,3258.4000,3257.8000,3257.6000,3256.2000,3256.0000,3259.2000,3259.4000,3260.0000,3260.2000,3265.0000,1,1,1,1,3,1,1,1,1,2
SF,IH2012,2020-08-21 09:32:01.000,3259.2000,18249,-2,239748480.000,2,0,2,双平,S,3258.6000,3258.4000,3258.0000,3257.6000,3256.2000,3260.0000,3260.2000,3265.0000,3265.8000,3266.0000,1,1,1,1,1,1,1,2,1,1
SF,IH2012,2020-08-21 09:32:01.500,3260.0000,18248,-1,240726480.000,1,0,1,双平,S,3258.8000,3258.6000,3258.4000,3257.6000,3256.2000,3260.2000,3265.0000,3265.8000,3266.0000,3266.2000,1,2,1,1,1,1,2,1,1,1
SF,IH2012,2020-08-21 09:32:02.000,3260.2000,18248,0,241704540.000,1,0,1,多换,S,3259.0000,3258.8000,3258.6000,3258.4000,3257.6000,3261.0000,3265.0000,3265.8000,3266.0000,3266.2000,2,1,1,1,1,1,2,1,1,1
SF,IH2012,2020-08-21 09:32:02.500,3260.2000,18248,0,241704540.000,0,-,-,-,-,3259.2000,3259.0000,3258.6000,3258.4000,3256.2000,3261.0000,3265.0000,3265.8000,3266.0000,3266.2000,3,2,1,1,1,1,2,1,1,1
SF,IH2012,2020-08-21 09:32:03.000,3260.2000,18248,0,241704540.000,0,-,-,-,-,3259.4000,3259.2000,3259.0000,3258.6000,3258.4000,3260.0000,3261.0000,3265.0000,3265.8000,3266.0000,4,2,1,1,1,1,1,2,1,1
SF,IH2012,2020-08-21 09:32:03.500,3260.0000,18248,0,243660540.000,2,1,1,多换,S,3259.4000,3259.0000,3258.6000,3258.4000,3256.2000,3260.0000,3261.0000,3265.0000,3265.8000,3266.0000,3,1,1,1,1,1,1,2,1,1
SF,IH2012,2020-08-21 09:32:04.000,3260.0000,18248,0,244638540.000,1,0,1,多换,S,3260.0000,3259.4000,3259.0000,3258.6000,3258.4000,3261.0000,3265.0000,3265.8000,3266.0000,3266.2000,3,3,1,1,1,1,2,1,1,1
SF,IH2012,2020-08-21 09:32:04.500,3265.0000,18247,-1,246596340.000,2,0,2,多平,S,3261.6000,3261.0000,3260.2000,3260.0000,3259.4000,3265.0000,3265.8000,3266.0000,3266.2000,3268.0000,1,2,3,1,2,1,1,1,1,1
SF,IH2012,2020-08-21 09:32:05.000,3265.0000,18247,0,246596340.000,0,-,-,-,-,3261.8000,3261.6000,3261.0000,3260.2000,3259.6000,3262.8000,3264.4000,3264.6000,3264.8000,3265.0000,1,1,3,1,1,1,2,12,4,1
SF,IH2012,2020-08-21 09:32:05.500,3262.8000,18246,-1,247575180.000,1,0,1,双平,S,3262.0000,3261.6000,3261.0000,3260.2000,3260.0000,3264.4000,3264.6000,3264.8000,3265.0000,3265.8000,1,1,3,1,1,2,11,4,1,1
SF,IH2012,2020-08-21 09:32:06.000,3262.8000,18246,0,247575180.000,0,-,-,-,-,3262.2000,3262.0000,3261.6000,3261.0000,3260.0000,3263.8000,3264.2000,3264.6000,3264.8000,3265.0000,2,1,1,3,1,1,5,1,3,1
SF,IH2012,2020-08-21 09:32:06.500,3262.2000,18245,-1,248553840.000,1,0,1,双平,S,3262.0000,3261.6000,3261.0000,3260.0000,3259.6000,3262.2000,3263.4000,3263.6000,3263.8000,3264.2000,1,1,2,1,1,2,1,2,1,2
SF,IH2012,2020-08-21 09:32:07.000,3261.6000,18243,-2,250510920.000,2,0,2,双平,S,3261.0000,3260.0000,3259.6000,3259.4000,3259.0000,3261.6000,3262.0000,3262.2000,3263.4000,3263.6000,2,1,1,2,1,1,1,1,1,2
SF,IH2012,2020-08-21 09:32:07.500,3261.0000,18241,-2,252467520.000,2,0,2,双平,S,3260.0000,3259.6000,3259.4000,3259.0000,3258.6000,3261.6000,3262.0000,3262.2000,3263.4000,3263.6000,1,1,2,1,1,1,2,1,2,1
SF,IH2012,2020-08-21 09:32:08.000,3261.0000,18241,0,252467520.000,0,-,-,-,-,3260.2000,3260.0000,3259.6000,3259.4000,3259.0000,3261.6000,3262.0000,3262.2000,3263.4000,3263.6000,3,1,1,2,1,1,2,1,2,1
SF,IH2012,2020-08-21 09:32:08.500,3260.2000,18240,-1,253445580.000,1,0,1,双平,S,3260.2000,3260.0000,3259.6000,3259.4000,3259.0000,3261.6000,3262.0000,3262.2000,3263.4000,3263.6000,2,1,1,2,1,1,2,1,2,1
SF,IH2012,2020-08-21 09:32:09.000,3260.2000,18239,-1,255401700.000,2,0,2,多平,S,3260.0000,3259.6000,3259.4000,3259.0000,3258.6000,3261.6000,3262.0000,3262.2000,3263.4000,3263.6000,1,1,2,1,1,1,2,1,2,1
SF,IH2012,2020-08-21 09:32:09.500,3260.0000,18238,-1,256379700.000,1,0,1,双平,S,3259.6000,3259.4000,3259.0000,3258.4000,3258.0000,3260.2000,3261.4000,3261.6000,3262.0000,3262.2000,1,2,1,1,2,1,3,1,2,1
SF,IH2012,2020-08-21 09:32:10.000,3261.4000,18236,-2,258336180.000,2,0,2,双平,S,3260.2000,3259.8000,3259.4000,3259.0000,3258.4000,3261.4000,3261.6000,3262.0000,3262.2000,3263.4000,1,2,2,1,1,1,1,1,1,1
SF,IH2012,2020-08-21 09:32:10.500,3260.4000,18235,-1,259314300.000,1,0,1,双平,S,3260.2000,3259.8000,3259.4000,3258.4000,3258.0000,3261.6000,3262.0000,3262.2000,3263.4000,3263.8000,1,1,2,1,2,1,1,1,1,1
SF,IH2012,2020-08-21 09:32:11.000,3260.4000,18235,0,259314300.000,0,-,-,-,-,3259.8000,3258.4000,3258.0000,3256.0000,3255.0000,3261.4000,3261.6000,3262.0000,3262.2000,3263.4000,1,1,2,2,2,2,1,1,1,1
SF,IH2012,2020-08-21 09:32:11.500,3260.4000,18235,0,259314300.000,0,-,-,-,-,3259.8000,3258.4000,3258.0000,3256.0000,3255.0000,3261.4000,3261.6000,3262.0000,3262.2000,3263.4000,1,1,2,2,2,2,1,1,1,1
SF,IH2012,2020-08-21 09:32:12.000,3260.4000,18235,0,259314300.000,0,-,-,-,-,3259.8000,3258.4000,3258.0000,3256.0000,3255.0000,3261.2000,3261.4000,3261.6000,3262.0000,3262.2000,1,1,2,2,2,1,1,1,1,1
SF,IH2012,2020-08-21 09:32:12.500,3260.4000,18235,0,259314300.000,0,-,-,-,-,3260.0000,3258.4000,3258.0000,3256.0000,3255.0000,3261.2000,3261.4000,3261.6000,3262.0000,3262.2000,1,1,2,2,2,2,1,1,1,1
SF,IH2012,2020-08-21 09:32:13.000,3260.4000,18235,0,259314300.000,0,-,-,-,-,3260.2000,3260.0000,3258.4000,3258.0000,3256.0000,3261.2000,3261.4000,3261.6000,3262.0000,3262.2000,1,1,1,2,2,1,1,1,1,1
SF,IH2012,2020-08-21 09:32:13.500,3260.4000,18235,0,259314300.000,0,-,-,-,-,3260.4000,3260.0000,3258.4000,3258.0000,3256.0000,3261.4000,3261.6000,3262.0000,3262.2000,3263.4000,2,1,1,2,2,1,1,1,1,2
SF,IH2012,2020-08-21 09:32:14.000,3260.4000,18233,-2,262248660.000,3,0,3,多平,S,3258.4000,3258.0000,3256.0000,3255.0000,3253.0000,3261.4000,3261.6000,3262.0000,3262.2000,3263.4000,1,2,2,2,1,1,1,1,1,2
SF,IH2012,2020-08-21 09:32:14.500,3260.4000,18233,0,262248660.000,0,-,-,-,-,3258.6000,3258.4000,3258.0000,3256.0000,3255.0000,3261.2000,3261.4000,3261.6000,3262.0000,3262.2000,2,1,2,2,2,2,1,1,1,1
SF,IH2012,2020-08-21 09:32:15.000,3261.2000,18232,-1,263227020.000,1,0,1,双平,S,3258.6000,3258.4000,3258.0000,3256.0000,3255.0000,3261.2000,3261.4000,3261.6000,3262.0000,3262.2000,3,1,2,2,2,1,1,1,1,1
SF,IH2012,2020-08-21 09:32:15.500,3261.2000,18232,0,263227020.000,0,-,-,-,-,3258.8000,3258.6000,3258.4000,3258.0000,3256.0000,3261.0000,3261.2000,3261.4000,3261.6000,3262.0000,1,3,1,2,2,1,1,1,1,1
SF,IH2012,2020-08-21 09:32:16.000,3261.2000,18232,0,263227020.000,0,-,-,-,-,3259.0000,3258.8000,3258.6000,3258.4000,3258.0000,3260.8000,3261.4000,3261.6000,3262.0000,3262.2000,1,1,2,1,2,1,1,1,1,1
SF,IH2012,2020-08-21 09:32:16.500,3261.2000,18232,0,264205380.000,1,0,1,多换,S,3259.4000,3259.2000,3259.0000,3258.8000,3258.6000,3261.4000,3261.6000,3262.0000,3262.2000,3263.4000,1,2,1,1,2,1,1,1,1,2
SF,IH2012,2020-08-21 09:32:17.000,3261.2000,18232,0,264205380.000,0,-,-,-,-,3259.6000,3259.4000,3259.2000,3258.8000,3258.6000,3261.4000,3261.6000,3262.0000,3262.2000,3263.4000,3,1,1,1,2,1,1,1,1,2
SF,IH2012,2020-08-21 09:32:17.500,3261.2000,18232,0,264205380.000,0,-,-,-,-,3259.6000,3259.4000,3259.2000,3258.8000,3258.6000,3261.4000,3261.6000,3262.0000,3262.2000,3263.4000,3,1,1,1,2,1,1,1,1,2
SF,IH2012,2020-08-21 09:32:18.000,3261.4000,18232,0,266162220.000,2,1,1,多换,S,3259.8000,3259.6000,3259.4000,3259.2000,3258.8000,3262.0000,3262.2000,3263.4000,3263.8000,3264.2000,1,3,1,1,1,1,1,2,1,2
SF,IH2012,2020-08-21 09:32:18.500,3261.4000,18232,0,266162220.000,0,-,-,-,-,3260.0000,3259.8000,3259.4000,3259.2000,3258.8000,3261.8000,3262.2000,3263.4000,3263.8000,3264.0000,2,1,1,1,1,1,1,1,1,1
SF,IH2012,2020-08-21 09:32:19.000,3261.8000,18231,-1,267140760.000,1,0,1,双平,S,3261.8000,3260.2000,3260.0000,3259.8000,3259.4000,3262.8000,3263.4000,3264.0000,3264.2000,3264.6000,1,3,2,1,1,1,1,1,1,2
SF,IH2012,2020-08-21 09:32:19.500,3261.8000,18231,0,267140760.000,0,-,-,-,-,3260.2000,3260.0000,3259.8000,3259.4000,3259.2000,3262.6000,3262.8000,3263.4000,3264.0000,3264.2000,2,2,1,1,1,1,1,1,1,1
SF,IH2012,2020-08-21 09:32:20.000,3261.8000,18231,0,267140760.000,0,-,-,-,-,3260.4000,3260.2000,3259.8000,3259.4000,3259.2000,3262.8000,3263.4000,3264.0000,3264.2000,3264.6000,2,2,1,1,1,1,1,1,1,2
SF,IH2012,2020-08-21 09:32:20.500,3261.8000,18231,0,267140760.000,0,-,-,-,-,3260.4000,3260.2000,3259.8000,3259.4000,3259.2000,3262.8000,3264.0000,3264.2000,3264.6000,3265.0000,5,2,1,1,1,1,1,1,2,1
SF,IH2012,2020-08-21 09:32:21.000,3261.8000,18231,0,267140760.000,0,-,-,-,-,3260.4000,3260.2000,3259.8000,3259.4000,3259.2000,3262.6000,3262.8000,3264.0000,3264.2000,3264.6000,5,2,1,1,1,1,1,1,1,2
SF,IH2012,2020-08-21 09:32:21.500,3261.8000,18231,0,267140760.000,0,-,-,-,-,3260.4000,3260.2000,3259.8000,3259.4000,3259.2000,3262.4000,3262.6000,3262.8000,3264.0000,3264.2000,1,2,1,1,1,2,1,1,1,1
SF,IH2012,2020-08-21 09:32:22.000,3261.8000,18231,0,267140760.000,0,-,-,-,-,3260.6000,3260.4000,3260.2000,3259.8000,3259.4000,3262.4000,3262.8000,3264.0000,3264.2000,3264.6000,1,1,2,1,1,2,1,1,1,2
SF,IH2012,2020-08-21 09:32:22.500,3261.8000,18231,0,267140760.000,0,-,-,-,-,3260.8000,3260.2000,3259.8000,3259.4000,3258.6000,3262.2000,3262.4000,3262.8000,3264.0000,3264.2000,1,2,1,1,1,2,2,1,1,1
SF,IH2012,2020-08-21 09:32:23.000,3260.2000,18229,-2,270075120.000,3,0,3,多平,S,3259.4000,3258.6000,3258.4000,3258.0000,3257.0000,3262.0000,3262.4000,3262.6000,3262.8000,3264.0000,1,1,1,2,1,3,1,1,1,1
SF,IH2012,2020-08-21 09:32:23.500,3260.2000,18230,1,271053180.000,1,1,0,双开,S,3259.6000,3259.4000,3258.6000,3258.4000,3258.0000,3261.8000,3262.0000,3262.6000,3262.8000,3264.0000,1,1,1,1,2,1,4,1,1,1
SF,IH2012,2020-08-21 09:32:24.000,3261.6000,18230,0,272031660.000,1,0,1,多换,S,3259.6000,3259.4000,3258.6000,3258.4000,3258.0000,3261.8000,3262.0000,3262.6000,3262.8000,3264.0000,1,1,1,1,2,1,1,1,1,1
SF,IH2012,2020-08-21 09:32:24.500,3261.6000,18230,0,272031660.000,0,-,-,-,-,3261.2000,3259.6000,3259.4000,3258.6000,3258.4000,3261.6000,3261.8000,3262.0000,3262.6000,3262.8000,1,1,1,1,1,1,1,1,1,1
SF,IH2012,2020-08-21 09:32:25.000,3261.2000,18230,0,273010020.000,1,0,1,多换,S,3259.6000,3259.4000,3258.6000,3258.4000,3258.0000,3261.2000,3262.0000,3262.6000,3262.8000,3264.2000,1,1,1,1,2,2,1,1,1,1
SF,IH2012,2020-08-21 09:32:25.500,3261.2000,18230,0,273010020.000,0,-,-,-,-,3259.8000,3259.6000,3259.4000,3258.6000,3258.4000,3261.2000,3262.0000,3262.6000,3262.8000,3263.0000,1,1,1,1,1,1,1,1,1,1
SF,IH2012,2020-08-21 09:32:26.000,3261.2000,18230,0,273010020.000,0,-,-,-,-,3260.0000,3259.8000,3259.4000,3258.6000,3258.4000,3261.2000,3262.6000,3262.8000,3263.0000,3264.2000,1,1,1,1,1,1,1,1,1,1
SF,IH2012,2020-08-21 09:32:26.500,3261.2000,18230,0,273010020.000,0,-,-,-,-,3260.2000,3260.0000,3259.4000,3258.6000,3258.4000,3261.2000,3262.6000,3262.8000,3263.0000,3264.2000,1,1,1,1,1,1,1,1,1,1
SF,IH2012,2020-08-21 09:32:27.000,3260.4000,18229,-1,273988140.000,1,0,1,双平,S,3260.2000,3259.4000,3258.6000,3258.4000,3258.0000,3261.2000,3262.6000,3262.8000,3263.0000,3264.2000,1,1,1,1,2,1,1,1,1,1
SF,IH2012,2020-08-21 09:32:27.500,3261.0000,18229,0,274966440.000,1,0,1,多换,S,3259.4000,3258.6000,3258.4000,3258.0000,3257.0000,3261.0000,3261.2000,3262.6000,3262.8000,3263.0000,1,1,1,2,1,1,1,1,1,1
SF,IH2012,2020-08-21 09:32:28.000,3261.0000,18229,0,274966440.000,0,-,-,-,-,3259.4000,3258.6000,3258.4000,3258.0000,3257.0000,3261.0000,3261.2000,3262.6000,3262.8000,3263.0000,1,1,1,2,1,2,1,1,1,1
SF,IH2012,2020-08-21 09:32:28.500,3261.0000,18229,0,274966440.000,0,-,-,-,-,3259.6000,3259.4000,3258.6000,3258.4000,3258.0000,3261.0000,3261.2000,3262.6000,3262.8000,3263.0000,1,1,1,1,2,1,1,1,1,1
SF,IH2012,2020-08-21 09:32:29.000,3261.0000,18229,0,274966440.000,0,-,-,-,-,3261.2000,3259.8000,3259.6000,3259.4000,3258.6000,3262.6000,3262.8000,3263.0000,3264.2000,3264.6000,1,2,2,1,1,1,1,1,1,1
SF,IH2012,2020-08-21 09:32:29.500,3261.0000,18228,-1,275944740.000,1,0,1,双平,S,3261.0000,3259.8000,3259.4000,3258.6000,3258.4000,3262.4000,3262.6000,3262.8000,3263.0000,3264.2000,1,1,1,1,1,2,1,1,1,1
SF,IH2012,2020-08-21 09:32:30.000,3261.0000,18228,0,276923040.000,1,0,1,多换,S,3259.8000,3259.4000,3258.6000,3258.4000,3258.0000,3261.0000,3262.2000,3262.4000,3262.6000,3262.8000,1,1,1,1,2,1,2,2,1,1
SF,IH2012,2020-08-21 09:32:30.500,3261.0000,18228,0,276923040.000,0,-,-,-,-,3260.0000,3259.8000,3259.4000,3258.6000,3258.4000,3261.0000,3262.2000,3262.4000,3262.6000,3262.8000,1,1,1,1,1,1,1,1,1,1
SF,IH2012,2020-08-21 09:32:31.000,3261.0000,18228,0,276923040.000,0,-,-,-,-,3260.2000,3259.8000,3259.4000,3258.6000,3258.4000,3262.2000,3262.4000,3262.6000,3262.8000,3263.0000,1,1,1,1,1,1,1,1,1,1
SF,IH2012,2020-08-21 09:32:31.500,3261.0000,18228,0,276923040.000,0,-,-,-,-,3259.4000,3258.6000,3258.4000,3258.0000,3257.0000,3262.0000,3262.2000,3262.6000,3262.8000,3263.0000,1,1,1,2,1,5,1,1,1,1
SF,IH2012,2020-08-21 09:32:32.000,3261.0000,18228,0,276923040.000,0,-,-,-,-,3259.6000,3259.4000,3258.6000,3258.4000,3258.0000,3262.0000,3262.2000,3262.6000,3262.8000,3263.0000,1,1,1,1,2,3,1,1,1,1
SF,IH2012,2020-08-21 09:32:32.500,3261.0000,18228,0,276923040.000,0,-,-,-,-,3259.6000,3259.4000,3258.6000,3258.4000,3258.0000,3261.8000,3262.0000,3262.2000,3262.6000,3262.8000,1,1,1,1,2,1,2,1,1,1
SF,IH2012,2020-08-21 09:32:33.000,3261.0000,18228,0,276923040.000,0,-,-,-,-,3259.6000,3259.4000,3258.6000,3258.4000,3258.0000,3261.6000,3261.8000,3262.2000,3262.6000,3262.8000,1,1,1,1,2,2,1,1,1,1
SF,IH2012,2020-08-21 09:32:33.500,3261.0000,18228,0,276923040.000,0,-,-,-,-,3259.8000,3259.6000,3259.4000,3258.6000,3258.4000,3261.6000,3261.8000,3262.2000,3262.6000,3262.8000,2,1,1,1,1,2,1,1,1,1
SF,IH2012,2020-08-21 09:32:34.000,3261.0000,18228,0,276923040.000,0,-,-,-,-,3260.0000,3259.8000,3259.4000,3258.6000,3258.4000,3261.4000,3261.6000,3262.2000,3262.6000,3262.8000,1,2,1,1,1,1,2,1,1,1
SF,IH2012,2020-08-21 09:32:34.500,3260.0000,18227,-1,277901040.000,1,0,1,双平,S,3259.4000,3258.6000,3258.4000,3258.0000,3257.0000,3261.2000,3261.4000,3261.6000,3262.2000,3262.6000,1,1,1,2,1,1,2,1,1,1
SF,IH2012,2020-08-21 09:32:35.000,3261.0000,18228,1,278879340.000,1,1,0,双开,S,3259.6000,3259.4000,3258.6000,3258.4000,3258.0000,3261.0000,3261.2000,3261.4000,3262.2000,3262.6000,1,1,1,1,2,2,2,1,1,1
SF,IH2012,2020-08-21 09:32:35.500,3261.0000,18228,0,279857640.000,1,0,1,多换,S,3259.6000,3259.4000,3258.6000,3258.4000,3258.0000,3261.0000,3261.4000,3262.2000,3262.6000,3262.8000,1,1,1,1,2,1,1,1,1,1
SF,IH2012,2020-08-21 09:32:36.000,3261.0000,18228,0,279857640.000,0,-,-,-,-,3259.8000,3259.6000,3259.4000,3258.6000,3258.4000,3261.0000,3261.4000,3262.2000,3262.6000,3262.8000,1,1,1,1,1,1,1,1,1,1
SF,IH2012,2020-08-21 09:32:36.500,3261.0000,18228,0,279857640.000,0,-,-,-,-,3260.0000,3259.8000,3259.4000,3258.6000,3258.4000,3261.4000,3262.2000,3262.6000,3262.8000,3263.0000,3,2,1,1,1,1,1,1,1,1
SF,IH2012,2020-08-21 09:32:37.000,3261.0000,18228,0,279857640.000,0,-,-,-,-,3261.0000,3260.0000,3259.8000,3259.4000,3258.6000,3261.2000,3261.4000,3262.2000,3262.6000,3262.8000,1,3,1,1,1,1,1,1,1,1
SF,IH2012,2020-08-21 09:32:37.500,3261.0000,18227,-1,280835940.000,1,0,1,双平,S,3259.8000,3258.6000,3258.4000,3258.0000,3257.0000,3261.0000,3262.2000,3262.6000,3262.8000,3263.0000,1,1,1,2,1,2,1,1,1,1
SF,IH2012,2020-08-21 09:32:38.000,3261.0000,18225,-2,282792540.000,2,0,2,双平,S,3260.0000,3259.8000,3258.6000,3258.4000,3258.0000,3262.2000,3262.6000,3262.8000,3263.0000,3264.2000,4,1,1,1,2,1,1,1,1,1
SF,IH2012,2020-08-21 09:32:38.500,3261.0000,18225,0,282792540.000,0,-,-,-,-,3260.2000,3260.0000,3258.6000,3258.4000,3258.0000,3262.0000,3262.2000,3262.6000,3262.8000,3263.0000,1,1,1,1,2,2,1,1,1,1
SF,IH2012,2020-08-21 09:32:39.000,3261.0000,18225,0,282792540.000,0,-,-,-,-,3260.4000,3260.2000,3258.6000,3258.4000,3258.0000,3261.6000,3261.8000,3262.0000,3262.2000,3262.6000,1,1,1,1,2,1,1,2,1,1
SF,IH2012,2020-08-21 09:32:39.500,3261.6000,18224,-1,283771020.000,1,0,1,双平,S,3260.6000,3260.4000,3260.2000,3259.8000,3258.6000,3262.0000,3262.2000,3262.6000,3262.8000,3263.0000,1,1,1,1,1,2,1,1,1,1
SF,IH2012,2020-08-21 09:32:40.000,3261.6000,18224,0,283771020.000,0,-,-,-,-,3260.8000,3259.8000,3258.6000,3258.4000,3258.0000,3261.8000,3262.0000,3262.2000,3262.6000,3262.8000,2,1,1,1,2,1,2,1,1,1
SF,IH2012,2020-08-21 09:32:40.500,3261.8000,18223,-1,284749560.000,1,0,1,双平,S,3260.8000,3259.8000,3258.6000,3258.4000,3258.0000,3262.0000,3262.2000,3262.6000,3262.8000,3263.0000,1,1,1,1,2,1,1,1,1,1
SF,IH2012,2020-08-21 09:32:41.000,3262.0000,18222,-1,285728160.000,1,0,1,双平,S,3261.0000,3260.8000,3259.8000,3258.6000,3258.4000,3262.2000,3262.6000,3262.8000,3263.0000,3264.2000,3,1,1,1,1,1,1,1,1,1
SF,IH2012,2020-08-21 09:32:41.500,3262.0000,18222,0,285728160.000,0,-,-,-,-,3261.2000,3261.0000,3259.8000,3258.6000,3258.4000,3262.6000,3262.8000,3263.0000,3264.2000,3264.6000,1,2,1,1,1,1,1,1,2,1
SF,IH2012,2020-08-21 09:32:42.000,3262.0000,18222,0,285728160.000,0,-,-,-,-,3261.4000,3261.2000,3259.8000,3258.6000,3258.4000,3262.6000,3262.8000,3263.0000,3264.2000,3264.6000,1,1,1,1,1,1,1,1,2,1
SF,IH2012,2020-08-21 09:32:42.500,3262.0000,18222,0,285728160.000,0,-,-,-,-,3261.6000,3261.4000,3259.8000,3258.6000,3258.4000,3262.6000,3262.8000,3263.0000,3264.2000,3264.6000,1,1,1,1,1,1,1,1,2,1
SF,IH2012,2020-08-21 09:32:43.000,3262.0000,18222,0,285728160.000,0,-,-,-,-,3261.6000,3259.8000,3258.6000,3258.4000,3258.0000,3262.4000,3262.6000,3262.8000,3263.0000,3264.2000,1,1,1,1,2,1,1,1,1,2
SF,IH2012,2020-08-21 09:32:43.500,3262.0000,18222,0,285728160.000,0,-,-,-,-,3261.8000,3261.6000,3259.8000,3258.6000,3258.4000,3262.6000,3262.8000,3263.0000,3264.2000,3264.6000,1,2,1,1,1,1,1,1,2,1
SF,IH2012,2020-08-21 09:32:44.000,3262.0000,18222,0,285728160.000,0,-,-,-,-,3261.6000,3259.8000,3259.6000,3258.6000,3258.4000,3262.4000,3262.6000,3262.8000,3263.0000,3264.2000,1,1,1,1,1,2,1,1,1,2
SF,IH2012,2020-08-21 09:32:44.500,3262.0000,18222,0,285728160.000,0,-,-,-,-,3261.8000,3261.6000,3259.8000,3259.6000,3258.6000,3262.4000,3262.6000,3262.8000,3263.0000,3264.2000,1,1,1,1,1,2,1,1,1,2
SF,IH2012,2020-08-21 09:32:45.000,3262.4000,18220,-2,287685600.000,2,0,2,双平,S,3261.6000,3259.8000,3259.6000,3258.6000,3258.4000,3262.6000,3262.8000,3263.0000,3264.2000,3264.6000,1,1,1,1,1,1,1,1,2,1
SF,IH2012,2020-08-21 09:32:45.500,3262.6000,18219,-1,288664380.000,1,0,1,双平,S,3262.4000,3261.8000,3261.6000,3259.8000,3259.6000,3262.8000,3263.0000,3264.2000,3264.6000,3265.0000,2,2,1,1,1,1,1,2,1,2
SF,IH2012,2020-08-21 09:32:46.000,3263.0000,18217,-2,290622120.000,2,0,2,双平,S,3264.0000,3262.8000,3262.6000,3262.4000,3261.8000,3264.2000,3264.6000,3265.0000,3265.2000,3265.8000,1,1,1,2,2,2,1,2,1,1
SF,IH2012,2020-08-21 09:32:46.500,3263.6000,18216,-1,291601200.000,1,0,1,双平,S,3262.8000,3262.4000,3259.8000,3259.6000,3258.6000,3263.6000,3263.8000,3264.0000,3264.2000,3264.6000,1,2,1,1,1,1,1,1,3,1
SF,IH2012,2020-08-21 09:32:47.000,3263.8000,18215,-1,292580340.000,1,0,1,双平,S,3263.0000,3262.8000,3262.4000,3259.8000,3259.6000,3264.2000,3264.6000,3265.0000,3265.2000,3265.8000,2,1,2,1,1,1,1,2,1,1
SF,IH2012,2020-08-21 09:32:47.500,3263.8000,18215,0,292580340.000,0,-,-,-,-,3263.2000,3263.0000,3262.8000,3262.4000,3261.6000,3265.0000,3265.2000,3265.8000,3266.0000,3266.2000,1,2,1,2,1,2,1,1,1,1
SF,IH2012,2020-08-21 09:32:48.000,3263.8000,18215,0,292580340.000,0,-,-,-,-,3263.4000,3263.2000,3262.8000,3262.4000,3261.6000,3265.0000,3265.2000,3265.8000,3266.0000,3266.2000,3,1,1,2,1,2,1,1,1,1
SF,IH2012,2020-08-21 09:32:48.500,3263.8000,18215,0,292580340.000,0,-,-,-,-,3263.4000,3262.8000,3262.4000,3261.6000,3259.8000,3264.8000,3265.0000,3265.2000,3265.8000,3266.0000,2,1,2,1,1,2,2,1,1,1
SF,IH2012,2020-08-21 09:32:49.000,3263.8000,18215,0,292580340.000,0,-,-,-,-,3263.6000,3263.4000,3262.8000,3262.4000,3261.6000,3264.8000,3265.0000,3265.2000,3265.8000,3266.0000,1,2,1,2,1,1,2,1,1,1
SF,IH2012,2020-08-21 09:32:49.500,3263.8000,18215,0,292580340.000,0,-,-,-,-,3263.8000,3263.6000,3263.4000,3262.8000,3262.4000,3265.0000,3265.2000,3265.8000,3266.0000,3266.2000,1,2,1,1,2,2,1,1,1,1
SF,IH2012,2020-08-21 09:32:50.000,3264.6000,18215,0,293559720.000,1,0,1,多换,S,3263.8000,3263.4000,3262.8000,3262.4000,3261.6000,3264.8000,3265.0000,3265.2000,3265.8000,3266.0000,1,1,1,2,1,1,2,1,1,1
SF,IH2012,2020-08-21 09:32:50.500,3264.6000,18215,0,293559720.000,0,-,-,-,-,3264.8000,3263.8000,3263.4000,3262.8000,3262.4000,3265.0000,3265.2000,3265.8000,3266.0000,3266.2000,2,1,1,1,2,2,1,1,1,1
SF,IH2012,2020-08-21 09:32:51.000,3263.8000,18212,-3,296497740.000,3,0,3,双平,S,3263.4000,3262.8000,3262.4000,3259.8000,3259.6000,3264.4000,3264.6000,3264.8000,3265.0000,3265.2000,1,1,2,1,1,1,2,2,2,1
SF,IH2012,2020-08-21 09:32:51.500,3263.8000,18212,0,296497740.000,0,-,-,-,-,3263.6000,3262.8000,3262.4000,3259.8000,3259.6000,3264.4000,3264.6000,3264.8000,3265.0000,3265.2000,3,1,2,1,1,1,2,3,2,1
SF,IH2012,2020-08-21 09:32:52.000,3263.6000,18211,-1,297476820.000,1,0,1,双平,S,3262.8000,3262.4000,3262.0000,3259.8000,3259.6000,3264.4000,3264.6000,3264.8000,3265.0000,3265.2000,1,2,1,1,1,1,1,2,2,1
SF,IH2012,2020-08-21 09:32:52.500,3263.6000,18211,0,298455900.000,1,0,1,多换,S,3263.0000,3262.8000,3262.4000,3262.0000,3259.8000,3264.4000,3264.6000,3264.8000,3265.0000,3265.2000,4,1,2,1,1,1,1,2,2,1
SF,IH2012,2020-08-21 09:32:53.000,3263.6000,18211,0,298455900.000,0,-,-,-,-,3263.0000,3262.8000,3262.4000,3262.0000,3261.0000,3264.4000,3264.6000,3264.8000,3265.0000,3265.2000,2,1,2,1,1,1,1,2,2,1
SF,IH2012,2020-08-21 09:32:53.500,3263.6000,18211,0,298455900.000,0,-,-,-,-,3262.8000,3262.4000,3262.0000,3261.0000,3259.8000,3263.0000,3264.2000,3264.4000,3264.6000,3264.8000,1,2,1,1,1,1,1,1,1,2
SF,IH2012,2020-08-21 09:32:54.000,3262.4000,18210,-1,300413340.000,2,0,2,多平,S,3262.0000,3261.0000,3259.8000,3259.6000,3258.6000,3262.6000,3262.8000,3263.0000,3264.2000,3264.4000,1,1,1,1,1,2,1,1,2,1
SF,IH2012,2020-08-21 09:32:54.500,3262.4000,18210,0,300413340.000,0,-,-,-,-,3261.0000,3260.2000,3259.8000,3259.6000,3258.6000,3262.6000,3262.8000,3263.0000,3264.2000,3264.4000,1,1,1,1,1,2,1,1,1,1
SF,IH2012,2020-08-21 09:32:55.000,3262.4000,18210,0,300413340.000,0,-,-,-,-,3261.2000,3261.0000,3260.2000,3259.8000,3259.6000,3262.6000,3262.8000,3263.0000,3264.2000,3264.4000,3,1,1,1,1,2,1,1,1,1
SF,IH2012,2020-08-21 09:32:55.500,3262.4000,18209,-1,301392060.000,1,0,1,双平,S,3261.2000,3261.0000,3260.2000,3259.8000,3259.6000,3262.6000,3262.8000,3263.0000,3264.2000,3264.4000,1,1,1,1,1,2,1,1,1,1
SF,IH2012,2020-08-21 09:32:56.000,3262.6000,18209,0,302370840.000,1,0,1,多换,S,3261.2000,3261.0000,3260.2000,3259.8000,3259.6000,3262.6000,3262.8000,3263.0000,3264.2000,3264.4000,1,1,1,1,1,1,1,1,1,1
SF,IH2012,2020-08-21 09:32:56.500,3262.6000,18209,0,302370840.000,0,-,-,-,-,3261.4000,3261.2000,3261.0000,3260.2000,3259.8000,3262.6000,3262.8000,3263.0000,3264.2000,3264.4000,3,1,1,1,1,1,1,1,1,1
SF,IH2012,2020-08-21 09:32:57.000,3262.6000,18209,0,302370840.000,0,-,-,-,-,3262.6000,3261.6000,3261.4000,3261.0000,3260.2000,3263.0000,3264.2000,3264.4000,3264.6000,3265.0000,1,3,1,1,1,1,1,1,2,2
SF,IH2012,2020-08-21 09:32:57.500,3262.6000,18209,0,302370840.000,0,-,-,-,-,3263.8000,3262.6000,3261.6000,3261.0000,3259.8000,3264.2000,3264.4000,3264.6000,3265.0000,3265.2000,1,1,1,1,1,1,1,2,2,1
SF,IH2012,2020-08-21 09:32:58.000,3262.6000,18208,-1,304328700.000,2,0,2,多平,S,3261.6000,3259.8000,3259.6000,3258.6000,3258.4000,3263.8000,3264.4000,3264.6000,3265.0000,3265.2000,1,1,1,1,1,1,1,2,2,1
SF,IH2012,2020-08-21 09:32:58.500,3262.6000,18208,0,304328700.000,0,-,-,-,-,3262.0000,3261.6000,3259.8000,3259.6000,3258.6000,3263.6000,3263.8000,3264.4000,3264.6000,3265.0000,2,1,1,1,1,2,1,1,2,2
SF,IH2012,2020-08-21 09:32:59.000,3262.6000,18208,0,304328700.000,0,-,-,-,-,3262.2000,3261.8000,3259.8000,3259.6000,3258.6000,3263.6000,3263.8000,3264.4000,3264.6000,3265.0000,4,3,1,1,1,2,1,1,2,2
SF,IH2012,2020-08-21 09:32:59.500,3262.6000,18208,0,304328700.000,0,-,-,-,-,3262.4000,3262.2000,3261.8000,3259.8000,3259.6000,3263.6000,3264.4000,3264.6000,3265.0000,3265.2000,2,2,3,1,1,1,1,2,2,1
SF,IH2012,2020-08-21 09:33:00.000,3262.6000,18207,-1,305307480.000,1,0,1,双平,S,3262.4000,3261.8000,3259.8000,3259.6000,3258.6000,3264.4000,3264.6000,3265.0000,3265.2000,3265.8000,2,3,1,1,1,1,2,2,1,1
SF,IH2012,2020-08-21 09:33:00.500,3262.6000,18207,0,305307480.000,0,-,-,-,-,3262.6000,3261.8000,3259.8000,3259.6000,3258.6000,3264.2000,3264.4000,3264.6000,3265.0000,3265.2000,1,3,1,1,1,3,1,2,2,1
SF,IH2012,2020-08-21 09:33:01.000,3262.6000,18207,0,305307480.000,0,-,-,-,-,3261.8000,3259.8000,3259.6000,3258.6000,3258.4000,3263.4000,3264.2000,3264.4000,3264.6000,3265.0000,3,1,1,1,1,1,3,1,2,2
SF,IH2012,2020-08-21 09:33:01.500,3262.6000,18207,0,305307480.000,0,-,-,-,-,3262.8000,3262.0000,3261.8000,3259.8000,3259.6000,3263.4000,3264.2000,3264.4000,3264.6000,3265.0000,2,2,3,1,1,1,3,1,2,2
SF,IH2012,2020-08-21 09:33:02.000,3262.8000,18205,-2,307265160.000,2,0,2,双平,S,3262.0000,3259.8000,3259.6000,3258.6000,3258.4000,3263.4000,3264.2000,3264.4000,3264.6000,3265.0000,1,1,1,1,1,1,3,1,2,2
SF,IH2012,2020-08-21 09:33:02.500,3263.4000,18204,-1,308244180.000,1,0,1,双平,S,3259.8000,3259.6000,3258.6000,3258.4000,3258.0000,3263.2000,3264.2000,3264.4000,3264.6000,3265.0000,1,1,1,1,3,1,2,1,2,2
SF,IH2012,2020-08-21 09:33:03.000,3263.4000,18204,0,308244180.000,0,-,-,-,-,3260.6000,3260.0000,3259.8000,3259.6000,3258.6000,3262.0000,3263.0000,3263.2000,3264.2000,3264.4000,3,1,1,1,1,3,1,2,1,1
SF,IH2012,2020-08-21 09:33:03.500,3262.0000,18201,-3,311180100.000,3,0,3,双平,S,3262.4000,3262.2000,3261.6000,3261.4000,3260.8000,3263.0000,3264.2000,3264.6000,3265.0000,3265.2000,1,1,1,1,3,1,1,1,2,1
SF,IH2012,2020-08-21 09:33:04.000,3262.2000,18199,-2,313137420.000,2,0,2,双平,S,3261.0000,3260.8000,3259.8000,3259.6000,3258.6000,3264.2000,3264.6000,3265.0000,3265.2000,3265.8000,3,2,1,1,1,1,1,2,1,1
SF,IH2012,2020-08-21 09:33:04.500,3262.2000,18199,0,313137420.000,0,-,-,-,-,3261.4000,3261.2000,3259.8000,3259.6000,3258.6000,3264.0000,3264.2000,3264.6000,3265.0000,3265.2000,1,2,1,1,1,2,1,1,2,1
SF,IH2012,2020-08-21 09:33:05.000,3262.2000,18199,0,313137420.000,0,-,-,-,-,3261.8000,3261.6000,3261.4000,3259.8000,3259.6000,3263.4000,3263.6000,3264.0000,3264.2000,3264.6000,3,1,1,1,1,1,2,2,1,1
SF,IH2012,2020-08-21 09:33:05.500,3262.2000,18199,0,313137420.000,0,-,-,-,-,3260.0000,3259.8000,3259.6000,3258.4000,3258.0000,3263.2000,3263.4000,3264.0000,3264.2000,3264.6000,1,1,1,1,3,5,1,1,1,1
SF,IH2012,2020-08-21 09:33:06.000,3262.2000,18199,0,313137420.000,0,-,-,-,-,3260.2000,3260.0000,3259.8000,3259.6000,3258.4000,3263.0000,3263.2000,3263.4000,3264.2000,3264.6000,5,1,5,1,1,1,5,1,1,1
SF,IH2012,2020-08-21 09:33:06.500,3262.2000,18199,0,313137420.000,0,-,-,-,-,3260.2000,3260.0000,3259.8000,3259.6000,3258.4000,3262.6000,3262.8000,3263.0000,3263.2000,3263.4000,2,1,1,1,1,1,3,1,2,1
SF,IH2012,2020-08-21 09:33:07.000,3262.2000,18199,0,313137420.000,0,-,-,-,-,3260.2000,3260.0000,3259.8000,3259.6000,3258.4000,3262.4000,3262.6000,3263.2000,3263.4000,3264.6000,2,1,1,1,1,2,1,2,1,1
SF,IH2012,2020-08-21 09:33:07.500,3262.2000,18199,0,313137420.000,0,-,-,-,-,3261.0000,3260.2000,3260.0000,3259.8000,3259.6000,3262.4000,3262.6000,3263.2000,3263.4000,3264.6000,1,1,1,1,1,4,1,2,1,1
SF,IH2012,2020-08-21 09:33:08.000,3262.2000,18199,0,313137420.000,0,-,-,-,-,3261.2000,3261.0000,3260.8000,3260.2000,3260.0000,3262.4000,3262.6000,3263.2000,3263.4000,3264.6000,1,1,3,1,1,2,1,2,1,1
SF,IH2012,2020-08-21 09:33:08.500,3262.2000,18199,0,313137420.000,0,-,-,-,-,3261.0000,3260.2000,3260.0000,3259.8000,3259.6000,3262.2000,3262.4000,3262.6000,3263.2000,3263.4000,1,1,1,1,1,2,1,1,2,1
SF,IH2012,2020-08-21 09:33:09.000,3262.2000,18199,0,313137420.000,0,-,-,-,-,3261.0000,3260.2000,3260.0000,3259.8000,3259.6000,3262.0000,3262.6000,3263.2000,3263.4000,3264.6000,1,1,1,1,1,3,1,2,1,1
SF,IH2012,2020-08-21 09:33:09.500,3262.2000,18199,0,313137420.000,0,-,-,-,-,3261.0000,3260.2000,3260.0000,3259.8000,3259.6000,3262.0000,3262.6000,3263.2000,3263.4000,3264.6000,1,1,1,1,1,3,1,2,1,1
SF,IH2012,2020-08-21 09:33:10.000,3262.2000,18199,0,313137420.000,0,-,-,-,-,3261.0000,3260.2000,3260.0000,3259.8000,3259.6000,3262.0000,3263.2000,3263.4000,3264.6000,3265.0000,1,1,1,1,1,3,2,1,1,2
SF,IH2012,2020-08-21 09:33:10.500,3262.2000,18199,0,313137420.000,0,-,-,-,-,3261.2000,3261.0000,3260.2000,3260.0000,3259.8000,3262.0000,3263.4000,3264.6000,3265.0000,3265.2000,1,1,1,1,1,1,1,1,2,1
SF,IH2012,2020-08-21 09:33:11.000,3261.0000,18199,0,314115720.000,1,0,1,多换,S,3260.2000,3260.0000,3259.8000,3259.6000,3258.4000,3261.0000,3263.4000,3264.6000,3265.0000,3265.2000,1,1,1,1,1,2,1,1,2,1
SF,IH2012,2020-08-21 09:33:11.500,3261.0000,18197,-2,316072320.000,2,0,2,双平,S,3261.2000,3261.0000,3260.4000,3260.2000,3260.0000,3263.4000,3264.6000,3265.0000,3265.2000,3265.8000,1,3,5,2,1,1,1,2,1,1
SF,IH2012,2020-08-21 09:33:12.000,3261.2000,18196,-1,317050680.000,1,0,1,双平,S,3261.0000,3260.4000,3260.2000,3260.0000,3259.8000,3263.0000,3263.2000,3263.4000,3264.6000,3265.0000,3,3,2,1,1,1,2,1,1,2
SF,IH2012,2020-08-21 09:33:12.500,3261.2000,18196,0,317050680.000,0,-,-,-,-,3261.0000,3260.4000,3260.2000,3260.0000,3259.8000,3262.8000,3263.0000,3263.4000,3264.6000,3265.0000,3,3,1,1,1,3,1,1,1,2
SF,IH2012,2020-08-21 09:33:13.000,3261.0000,18194,-2,319985580.000,3,0,3,多平,S,3260.0000,3259.8000,3259.6000,3258.4000,3258.0000,3262.6000,3262.8000,3264.6000,3265.0000,3265.2000,1,1,1,1,3,3,3,1,2,1
SF,IH2012,2020-08-21 09:33:13.500,3261.0000,18194,0,319985580.000,0,-,-,-,-,3260.4000,3260.0000,3259.8000,3259.6000,3258.4000,3262.0000,3262.2000,3262.4000,3262.6000,3263.6000,1,1,1,1,1,1,2,2,1,1
SF,IH2012,2020-08-21 09:33:14.000,3261.0000,18194,0,319985580.000,0,-,-,-,-,3260.4000,3260.0000,3259.8000,3259.6000,3258.4000,3261.8000,3262.0000,3262.4000,3262.6000,3263.6000,1,2,1,1,1,6,1,1,1,1
SF,IH2012,2020-08-21 09:33:14.500,3260.4000,18194,0,320963700.000,1,0,1,多换,S,3260.0000,3259.8000,3259.6000,3258.4000,3258.0000,3261.6000,3261.8000,3262.0000,3262.4000,3262.6000,2,1,1,1,3,2,4,1,1,1
SF,IH2012,2020-08-21 09:33:15.000,3260.4000,18194,0,320963700.000,0,-,-,-,-,3260.0000,3259.8000,3259.6000,3258.4000,3258.0000,3261.4000,3261.8000,3262.0000,3262.4000,3262.6000,2,1,1,1,3,4,2,1,1,1
SF,IH2012,2020-08-21 09:33:15.500,3260.4000,18194,0,320963700.000,0,-,-,-,-,3260.0000,3259.8000,3259.6000,3258.4000,3258.0000,3261.2000,3261.4000,3261.8000,3262.0000,3262.4000,2,1,1,1,2,2,2,2,1,1
SF,IH2012,2020-08-21 09:33:16.000,3260.0000,18194,0,322919700.000,2,1,1,多换,S,3259.8000,3259.6000,3258.4000,3258.0000,3257.0000,3261.0000,3261.8000,3262.0000,3262.4000,3262.6000,1,1,1,2,1,3,2,1,1,1
SF,IH2012,2020-08-21 09:33:16.500,3260.0000,18194,0,322919700.000,0,-,-,-,-,3259.8000,3259.6000,3258.4000,3258.0000,3257.0000,3260.8000,3261.0000,3261.8000,3262.0000,3262.4000,1,1,1,2,1,2,2,2,1,1
SF,IH2012,2020-08-21 09:33:17.000,3259.8000,18194,0,323897640.000,1,0,1,多换,S,3259.6000,3258.4000,3258.0000,3257.0000,3256.0000,3260.6000,3260.8000,3261.8000,3262.0000,3262.4000,1,1,2,1,2,1,2,2,1,1
SF,IH2012,2020-08-21 09:33:17.500,3259.8000,18194,0,323897640.000,0,-,-,-,-,3259.6000,3258.4000,3258.0000,3257.0000,3256.0000,3260.6000,3261.8000,3262.0000,3262.6000,3263.6000,1,1,2,1,2,1,2,1,1,1
SF,IH2012,2020-08-21 09:33:18.000,3259.6000,18194,0,324875520.000,1,0,1,多换,S,3258.4000,3258.0000,3257.0000,3256.0000,3255.0000,3259.6000,3260.4000,3260.6000,3261.8000,3262.0000,1,2,2,2,1,2,1,1,2,1
SF,IH2012,2020-08-21 09:33:18.500,3259.6000,18193,-1,325853400.000,1,0,1,双平,S,3258.6000,3258.4000,3258.0000,3257.0000,3256.0000,3259.6000,3260.6000,3261.8000,3262.0000,3262.6000,1,1,2,2,2,1,1,1,1,1
SF,IH2012,2020-08-21 09:33:19.500,3259.6000,18192,-1,326831280.000,1,0,1,双平,S,3258.6000,3258.4000,3258.0000,3257.0000,3256.0000,3260.6000,3261.8000,3262.0000,3262.6000,3263.6000,1,1,2,2,2,1,1,1,1,1
SF,IH2012,2020-08-21 09:33:20.000,3259.6000,18192,0,326831280.000,0,-,-,-,-,3258.8000,3258.6000,3258.4000,3258.0000,3257.0000,3260.6000,3260.8000,3261.8000,3262.0000,3262.6000,2,1,1,2,2,1,1,1,1,1
SF,IH2012,2020-08-21 09:33:20.500,3259.6000,18192,0,326831280.000,0,-,-,-,-,3259.0000,3258.8000,3258.4000,3258.0000,3257.0000,3260.4000,3260.6000,3260.8000,3261.8000,3262.0000,1,2,1,3,2,1,1,1,1,1
SF,IH2012,2020-08-21 09:33:21.000,3259.6000,18192,0,326831280.000,0,-,-,-,-,3258.8000,3258.4000,3258.0000,3257.0000,3256.0000,3259.6000,3260.2000,3260.4000,3260.8000,3261.8000,1,1,3,2,2,1,1,1,1,1
SF,IH2012,2020-08-21 09:33:21.500,3259.6000,18192,0,326831280.000,0,-,-,-,-,3258.4000,3258.0000,3257.0000,3256.0000,3255.0000,3259.6000,3260.2000,3260.8000,3261.8000,3262.0000,1,3,2,2,1,1,1,1,1,1
SF,IH2012,2020-08-21 09:33:22.000,3259.6000,18192,0,326831280.000,0,-,-,-,-,3258.4000,3258.0000,3257.0000,3256.0000,3255.0000,3259.6000,3260.2000,3260.8000,3261.8000,3262.0000,1,3,2,2,1,1,1,1,1,1
SF,IH2012,2020-08-21 09:33:22.500,3259.6000,18192,0,326831280.000,0,-,-,-,-,3258.4000,3258.0000,3257.0000,3256.0000,3255.0000,3259.4000,3259.6000,3260.8000,3261.8000,3262.0000,1,3,2,2,1,1,1,1,1,1
SF,IH2012,2020-08-21 09:33:23.000,3259.6000,18192,0,326831280.000,0,-,-,-,-,3258.4000,3258.0000,3257.0000,3256.0000,3255.0000,3259.4000,3259.6000,3260.8000,3261.8000,3262.0000,1,3,2,2,1,3,1,1,1,1
SF,IH2012,2020-08-21 09:33:23.500,3258.4000,18192,0,327808800.000,1,0,1,多换,S,3258.0000,3257.0000,3256.0000,3255.0000,3253.0000,3258.4000,3259.4000,3259.6000,3260.8000,3261.8000,3,2,1,1,1,2,1,1,1,1
SF,IH2012,2020-08-21 09:33:24.000,3258.4000,18189,-3,330741360.000,3,0,3,双平,S,3258.4000,3258.0000,3257.0000,3256.0000,3255.0000,3259.2000,3259.4000,3259.6000,3260.8000,3261.8000,1,3,2,1,1,1,1,1,1,1
SF,IH2012,2020-08-21 09:33:24.500,3258.4000,18189,0,330741360.000,0,-,-,-,-,3259.2000,3258.6000,3258.4000,3258.2000,3258.0000,3259.6000,3260.8000,3261.8000,3262.0000,3262.6000,2,3,3,1,3,1,1,1,1,1
SF,IH2012,2020-08-21 09:33:25.000,3259.2000,18187,-2,332696880.000,2,0,2,双平,S,3258.6000,3258.2000,3258.0000,3257.0000,3256.0000,3259.6000,3259.8000,3260.8000,3261.8000,3262.0000,2,1,3,2,1,1,1,1,1,1
SF,IH2012,2020-08-21 09:33:25.500,3258.6000,18186,-1,333674460.000,1,0,1,双平,S,3258.6000,3258.4000,3258.2000,3258.0000,3257.0000,3259.4000,3259.6000,3259.8000,3260.8000,3261.8000,1,4,1,3,2,1,1,1,1,1
SF,IH2012,2020-08-21 09:33:26.000,3258.6000,18186,0,333674460.000,0,-,-,-,-,3258.6000,3258.4000,3258.2000,3258.0000,3257.0000,3259.4000,3259.6000,3259.8000,3260.8000,3261.8000,1,4,1,3,2,2,1,1,1,1
SF,IH2012,2020-08-21 09:33:26.500,3259.4000,18184,-2,335630100.000,2,0,2,双平,S,3259.4000,3258.6000,3258.4000,3258.2000,3258.0000,3259.6000,3259.8000,3260.8000,3261.8000,3262.0000,1,1,4,1,3,1,1,1,1,1
SF,IH2012,2020-08-21 09:33:27.000,3260.0000,18181,-3,340520340.000,5,1,4,多平,S,3259.8000,3259.4000,3258.6000,3258.4000,3258.2000,3261.8000,3262.0000,3262.6000,3263.6000,3265.0000,2,1,1,4,1,1,1,1,1,2
SF,IH2012,2020-08-21 09:33:27.500,3261.6000,18177,-4,344434260.000,4,0,4,双平,S,3260.0000,3259.8000,3259.4000,3258.6000,3258.4000,3262.0000,3262.6000,3263.6000,3265.0000,3265.2000,3,2,1,1,4,1,1,1,2,1
SF,IH2012,2020-08-21 09:33:28.000,3261.6000,18177,0,344434260.000,0,-,-,-,-,3260.0000,3259.8000,3259.6000,3259.4000,3258.6000,3261.8000,3262.0000,3262.2000,3262.6000,3263.6000,5,2,5,1,1,1,1,1,1,1
SF,IH2012,2020-08-21 09:33:28.500,3261.6000,18177,0,344434260.000,0,-,-,-,-,3260.0000,3259.8000,3259.6000,3259.4000,3258.6000,3261.8000,3262.0000,3262.2000,3262.6000,3263.6000,3,2,5,1,1,3,1,1,1,1
SF,IH2012,2020-08-21 09:33:29.000,3261.6000,18177,0,344434260.000,0,-,-,-,-,3260.0000,3259.8000,3259.6000,3259.4000,3258.6000,3261.8000,3262.0000,3262.2000,3262.6000,3263.6000,3,2,5,1,1,3,1,1,1,1
SF,IH2012,2020-08-21 09:33:29.500,3261.6000,18177,0,344434260.000,0,-,-,-,-,3260.0000,3259.8000,3259.6000,3259.4000,3258.6000,3261.8000,3262.0000,3262.2000,3262.6000,3263.6000,2,2,5,1,1,3,1,1,1,1
SF,IH2012,2020-08-21 09:33:30.000,3261.6000,18177,0,344434260.000,0,-,-,-,-,3260.2000,3260.0000,3259.8000,3259.6000,3259.4000,3261.8000,3262.0000,3262.2000,3262.6000,3263.6000,1,2,2,5,1,3,2,1,1,1
SF,IH2012,2020-08-21 09:33:30.500,3261.6000,18177,0,344434260.000,0,-,-,-,-,3260.4000,3260.2000,3260.0000,3259.8000,3259.6000,3261.8000,3262.0000,3262.2000,3262.6000,3263.6000,1,1,1,2,5,2,2,1,1,1
SF,IH2012,2020-08-21 09:33:31.000,3261.8000,18177,0,349326900.000,5,2,3,多换,S,3260.6000,3260.4000,3260.0000,3259.8000,3259.6000,3262.0000,3262.2000,3262.6000,3263.6000,3265.0000,1,1,1,2,5,2,1,1,1,3
SF,IH2012,2020-08-21 09:33:31.500,3261.8000,18177,0,349326900.000,0,-,-,-,-,3260.6000,3260.0000,3259.8000,3259.6000,3259.4000,3262.0000,3262.2000,3262.6000,3263.6000,3265.0000,1,1,2,5,1,2,1,1,1,3
SF,IH2012,2020-08-21 09:33:33.000,3261.8000,18177,0,349326900.000,0,-,-,-,-,3260.6000,3260.0000,3259.8000,3259.6000,3259.4000,3262.0000,3262.2000,3262.6000,3263.6000,3265.0000,1,1,2,5,1,2,1,1,1,3
SF,IH2012,2020-08-21 09:33:33.500,3261.8000,18177,0,349326900.000,0,-,-,-,-,3260.6000,3260.0000,3259.8000,3259.6000,3259.4000,3262.0000,3262.2000,3262.6000,3263.6000,3265.0000,1,1,2,5,1,2,1,1,1,3
SF,IH2012,2020-08-21 09:33:34.000,3261.8000,18177,0,349326900.000,0,-,-,-,-,3260.8000,3260.6000,3260.0000,3259.8000,3259.6000,3262.0000,3262.2000,3262.6000,3263.6000,3265.0000,2,1,1,2,5,2,1,1,1,3
SF,IH2012,2020-08-21 09:33:34.500,3262.2000,18175,-2,352262760.000,3,0,3,多平,S,3261.0000,3260.8000,3260.0000,3259.8000,3259.6000,3262.6000,3263.6000,3265.0000,3265.2000,3265.8000,1,2,1,2,5,1,1,3,1,1
SF,IH2012,2020-08-21 09:33:35.000,3262.2000,18175,0,352262760.000,0,-,-,-,-,3261.0000,3260.8000,3260.0000,3259.8000,3259.6000,3262.8000,3263.6000,3265.0000,3265.2000,3265.8000,2,1,1,2,5,1,1,3,1,1
SF,IH2012,2020-08-21 09:33:35.500,3262.2000,18175,0,352262760.000,0,-,-,-,-,3261.2000,3261.0000,3260.8000,3259.8000,3259.6000,3262.8000,3263.6000,3265.0000,3265.2000,3265.8000,4,2,1,2,5,1,1,3,1,1
SF,IH2012,2020-08-21 09:33:36.000,3262.2000,18175,0,352262760.000,0,-,-,-,-,3261.4000,3261.2000,3260.8000,3259.8000,3259.6000,3262.8000,3263.6000,3265.0000,3265.2000,3265.8000,4,2,1,2,5,1,1,3,1,1
SF,IH2012,2020-08-21 09:33:36.500,3262.2000,18175,0,352262760.000,0,-,-,-,-,3262.0000,3261.6000,3261.4000,3261.2000,3260.8000,3262.8000,3263.6000,3265.0000,3265.2000,3265.8000,3,2,4,1,1,1,1,3,1,1
SF,IH2012,2020-08-21 09:33:37.000,3262.0000,18175,0,355198560.000,3,1,2,多换,S,3261.6000,3261.4000,3261.2000,3259.8000,3259.6000,3262.0000,3262.8000,3263.6000,3265.0000,3265.2000,2,1,1,2,5,1,1,1,3,1
SF,IH2012,2020-08-21 09:33:37.500,3262.0000,18173,-2,361069740.000,6,2,4,多平,S,3261.2000,3259.8000,3259.6000,3258.6000,3258.0000,3262.8000,3263.6000,3265.0000,3265.2000,3265.8000,1,2,5,1,3,1,1,3,1,1
SF,IH2012,2020-08-21 09:33:38.000,3262.0000,18173,0,361069740.000,0,-,-,-,-,3261.4000,3259.8000,3259.6000,3258.6000,3258.0000,3262.8000,3263.6000,3265.0000,3265.2000,3265.8000,1,2,5,1,3,1,1,3,1,1
SF,IH2012,2020-08-21 09:33:38.500,3261.4000,18172,-1,362048160.000,1,0,1,双平,S,3259.8000,3259.6000,3258.6000,3258.0000,3257.0000,3261.2000,3262.8000,3263.6000,3265.0000,3265.2000,2,5,1,3,2,2,1,1,3,1
SF,IH2012,2020-08-21 09:33:39.000,3261.4000,18171,-1,364005000.000,2,0,2,多平,S,3261.6000,3261.4000,3261.2000,3260.8000,3260.2000,3262.8000,3263.6000,3265.0000,3265.2000,3265.8000,1,1,1,9,1,1,1,3,1,1
SF,IH2012,2020-08-21 09:33:39.500,3259.8000,18169,-2,365961420.000,2,0,2,双平,S,3259.8000,3259.6000,3258.6000,3258.0000,3257.0000,3262.6000,3262.8000,3263.6000,3265.0000,3265.2000,1,5,1,3,2,3,1,1,3,1
SF,IH2012,2020-08-21 09:33:40.000,3259.8000,18169,0,365961420.000,0,-,-,-,-,3260.0000,3259.8000,3259.6000,3258.6000,3258.0000,3262.4000,3262.6000,3262.8000,3263.6000,3265.0000,1,1,5,1,4,1,1,1,1,3
SF,IH2012,2020-08-21 09:33:40.500,3259.8000,18169,0,365961420.000,0,-,-,-,-,3260.2000,3260.0000,3259.8000,3259.6000,3258.6000,3262.2000,3262.4000,3262.8000,3263.6000,3265.0000,3,1,1,5,1,1,1,1,1,3
SF,IH2012,2020-08-21 09:33:41.000,3259.8000,18169,0,365961420.000,0,-,-,-,-,3260.4000,3259.8000,3259.6000,3258.6000,3258.0000,3262.0000,3262.8000,3263.6000,3265.0000,3265.2000,2,1,5,1,4,1,1,1,3,1
SF,IH2012,2020-08-21 09:33:41.500,3259.8000,18169,0,365961420.000,0,-,-,-,-,3260.4000,3259.8000,3259.6000,3258.6000,3258.0000,3261.8000,3262.0000,3262.8000,3263.6000,3265.0000,2,1,5,1,3,1,1,1,1,5
SF,IH2012,2020-08-21 09:33:42.000,3259.8000,18169,0,365961420.000,0,-,-,-,-,3259.8000,3259.6000,3259.2000,3258.6000,3258.0000,3261.8000,3262.0000,3262.6000,3262.8000,3263.6000,1,5,1,1,3,3,1,1,1,1
SF,IH2012,2020-08-21 09:33:42.500,3259.8000,18169,0,365961420.000,0,-,-,-,-,3260.0000,3259.8000,3259.2000,3258.6000,3258.2000,3261.2000,3261.6000,3261.8000,3262.6000,3262.8000,1,1,1,1,1,2,3,1,1,1
SF,IH2012,2020-08-21 09:33:43.000,3259.8000,18169,0,365961420.000,0,-,-,-,-,3260.0000,3259.8000,3259.2000,3258.6000,3258.2000,3261.6000,3261.8000,3262.6000,3262.8000,3263.6000,2,1,1,1,1,1,1,1,1,1
SF,IH2012,2020-08-21 09:33:43.500,3259.8000,18169,0,365961420.000,0,-,-,-,-,3260.0000,3259.8000,3259.2000,3258.6000,3258.2000,3261.6000,3261.8000,3262.6000,3262.8000,3263.6000,2,1,1,1,1,1,1,1,1,1
SF,IH2012,2020-08-21 09:33:44.000,3259.8000,18169,0,365961420.000,0,-,-,-,-,3260.2000,3260.0000,3259.8000,3259.2000,3258.6000,3261.4000,3261.6000,3262.6000,3262.8000,3263.6000,1,2,1,1,1,1,1,1,1,1
SF,IH2012,2020-08-21 09:33:44.500,3259.8000,18169,0,365961420.000,0,-,-,-,-,3260.4000,3260.2000,3259.8000,3259.2000,3258.6000,3261.6000,3262.6000,3262.8000,3263.6000,3265.0000,2,1,1,1,1,1,1,1,1,7
SF,IH2012,2020-08-21 09:33:45.000,3261.6000,18168,-1,366939900.000,1,0,1,双平,S,3261.8000,3261.6000,3260.4000,3260.2000,3259.8000,3262.6000,3262.8000,3263.6000,3265.0000,3265.2000,2,1,2,1,1,1,1,1,7,1
SF,IH2012,2020-08-21 09:33:45.500,3261.8000,18167,-1,367918440.000,1,0,1,双平,S,3261.8000,3261.6000,3261.2000,3260.4000,3260.2000,3262.6000,3262.8000,3263.6000,3265.0000,3265.2000,1,1,1,1,1,1,1,1,7,1
SF,IH2012,2020-08-21 09:33:46.000,3261.8000,18167,0,367918440.000,0,-,-,-,-,3261.8000,3261.6000,3261.2000,3260.4000,3260.2000,3262.6000,3262.8000,3263.6000,3265.0000,3265.2000,1,4,1,1,1,1,1,1,7,1
SF,IH2012,2020-08-21 09:33:46.500,3261.8000,18166,-1,368896980.000,1,0,1,双平,S,3261.6000,3261.2000,3260.4000,3259.8000,3259.2000,3261.8000,3262.6000,3263.6000,3265.0000,3265.2000,4,1,1,1,1,2,1,1,7,1
SF,IH2012,2020-08-21 09:33:47.000,3261.8000,18164,-2,373789560.000,5,1,4,多平,S,3261.6000,3261.2000,3260.4000,3259.8000,3259.2000,3262.6000,3263.6000,3265.0000,3265.2000,3265.8000,4,1,1,1,1,1,1,7,1,1
SF,IH2012,2020-08-21 09:33:48.000,3261.8000,18164,0,373789560.000,0,-,-,-,-,3261.8000,3261.6000,3261.2000,3260.4000,3259.8000,3262.4000,3262.6000,3263.6000,3265.0000,3265.2000,1,4,1,1,1,1,1,1,7,1
SF,IH2012,2020-08-21 09:33:48.500,3261.8000,18163,-1,374768100.000,1,0,1,双平,S,3261.6000,3261.2000,3260.4000,3259.8000,3259.2000,3262.4000,3262.6000,3263.6000,3265.0000,3265.2000,4,1,1,1,1,1,1,1,7,1
SF,IH2012,2020-08-21 09:33:49.000,3261.8000,18163,0,374768100.000,0,-,-,-,-,3261.6000,3261.2000,3260.4000,3259.8000,3259.2000,3262.6000,3263.6000,3265.0000,3265.2000,3265.8000,4,1,1,1,1,1,1,7,1,1
SF,IH2012,2020-08-21 09:33:49.500,3261.8000,18163,0,374768100.000,0,-,-,-,-,3261.6000,3261.2000,3260.4000,3259.8000,3259.2000,3262.4000,3262.6000,3263.6000,3265.0000,3265.2000,4,1,1,1,1,2,1,1,7,1
SF,IH2012,2020-08-21 09:33:50.000,3261.8000,18163,0,374768100.000,0,-,-,-,-,3261.6000,3261.2000,3260.4000,3259.8000,3259.2000,3262.0000,3262.4000,3262.6000,3263.6000,3265.0000,4,1,1,1,1,1,2,1,1,7
SF,IH2012,2020-08-21 09:33:50.500,3262.6000,18162,-1,376725480.000,2,0,2,多平,S,3262.0000,3261.6000,3261.2000,3260.4000,3259.8000,3263.6000,3265.0000,3265.2000,3265.8000,3266.0000,2,4,1,1,1,1,7,1,1,1
SF,IH2012,2020-08-21 09:33:51.000,3262.6000,18162,0,376725480.000,0,-,-,-,-,3262.2000,3262.0000,3261.6000,3261.2000,3259.8000,3263.4000,3263.6000,3265.0000,3265.2000,3265.8000,1,1,4,2,1,3,1,7,1,1
SF,IH2012,2020-08-21 09:33:51.500,3262.6000,18162,0,376725480.000,0,-,-,-,-,3262.0000,3261.6000,3261.2000,3259.2000,3258.6000,3262.2000,3263.2000,3263.4000,3263.6000,3265.0000,1,4,2,1,1,1,2,1,1,7
SF,IH2012,2020-08-21 09:33:52.000,3261.6000,18162,0,377703960.000,1,0,1,多换,S,3261.6000,3261.2000,3259.2000,3258.6000,3258.2000,3262.0000,3262.2000,3263.4000,3263.6000,3265.0000,3,2,1,1,1,1,1,1,1,7
SF,IH2012,2020-08-21 09:33:52.500,3261.6000,18160,-2,380639400.000,3,0,3,多平,S,3261.2000,3260.4000,3259.2000,3258.6000,3258.2000,3262.0000,3262.2000,3263.0000,3263.4000,3263.6000,2,1,1,1,1,1,1,1,1,1
SF,IH2012,2020-08-21 09:33:53.000,3261.2000,18160,0,381617760.000,1,0,1,多换,S,3260.4000,3259.8000,3259.2000,3258.6000,3258.2000,3262.0000,3262.2000,3263.0000,3263.4000,3263.6000,1,1,1,1,1,1,1,1,1,2
SF,IH2012,2020-08-21 09:33:53.500,3261.2000,18160,0,381617760.000,0,-,-,-,-,3260.6000,3260.4000,3259.8000,3259.2000,3259.0000,3261.8000,3262.0000,3262.2000,3263.0000,3263.6000,1,1,1,1,1,3,1,1,1,2
SF,IH2012,2020-08-21 09:33:54.000,3261.2000,18160,0,381617760.000,0,-,-,-,-,3260.6000,3260.4000,3259.8000,3259.2000,3259.0000,3261.8000,3262.0000,3262.2000,3263.0000,3263.6000,1,1,1,1,1,3,1,1,1,2
SF,IH2012,2020-08-21 09:33:54.500,3261.8000,18159,-1,382596300.000,1,0,1,双平,S,3260.6000,3260.4000,3259.8000,3259.2000,3259.0000,3262.2000,3263.0000,3263.6000,3265.0000,3265.2000,1,1,1,1,1,1,1,2,7,1
SF,IH2012,2020-08-21 09:33:55.000,3261.8000,18159,0,382596300.000,0,-,-,-,-,3262.2000,3260.8000,3260.6000,3260.4000,3259.8000,3263.0000,3263.6000,3265.0000,3265.2000,3265.8000,2,1,1,1,1,1,2,7,1,1
SF,IH2012,2020-08-21 09:33:55.500,3261.8000,18158,-1,383574840.000,1,0,1,双平,S,3262.2000,3260.8000,3260.6000,3260.4000,3259.2000,3262.8000,3263.0000,3263.6000,3265.0000,3265.2000,1,1,1,1,1,1,1,2,7,1
SF,IH2012,2020-08-21 09:33:56.000,3261.8000,18158,0,383574840.000,0,-,-,-,-,3262.2000,3260.8000,3260.6000,3260.4000,3259.2000,3262.8000,3263.0000,3263.6000,3265.0000,3265.2000,1,1,1,1,1,1,1,2,7,1
SF,IH2012,2020-08-21 09:33:56.500,3262.2000,18157,-1,384553500.000,1,0,1,双平,S,3260.8000,3260.6000,3260.4000,3259.2000,3258.6000,3262.2000,3263.0000,3263.6000,3265.0000,3265.2000,1,1,1,1,1,3,1,2,7,1
SF,IH2012,2020-08-21 09:33:57.500,3260.8000,18156,-1,385531740.000,1,0,1,双平,S,3260.4000,3259.2000,3258.6000,3258.2000,3258.0000,3262.2000,3263.0000,3263.6000,3265.0000,3265.2000,1,1,1,1,3,3,1,2,7,1
SF,IH2012,2020-08-21 09:33:58.000,3260.8000,18156,0,385531740.000,0,-,-,-,-,3260.6000,3260.4000,3259.2000,3258.6000,3258.2000,3262.0000,3262.2000,3263.0000,3263.6000,3265.0000,1,1,1,1,1,5,3,1,2,7
SF,IH2012,2020-08-21 09:33:58.500,3262.0000,18156,0,387488880.000,2,1,1,多换,S,3260.6000,3260.4000,3259.2000,3258.6000,3258.2000,3262.0000,3262.2000,3263.0000,3263.6000,3265.0000,1,1,1,1,1,4,3,1,2,7
SF,IH2012,2020-08-21 09:33:59.000,3262.0000,18156,0,387488880.000,0,-,-,-,-,3260.8000,3260.6000,3260.4000,3259.2000,3258.6000,3262.0000,3262.2000,3263.0000,3263.6000,3265.0000,2,1,1,1,1,1,3,1,2,7
SF,IH2012,2020-08-21 09:33:59.500,3262.0000,18156,0,387488880.000,0,-,-,-,-,3260.8000,3260.6000,3260.4000,3259.2000,3258.6000,3261.8000,3262.0000,3262.2000,3263.0000,3263.6000,2,1,1,1,1,1,1,3,1,2
SF,IH2012,2020-08-21 09:34:00.000,3262.2000,18152,-4,391403460.000,4,0,4,双平,S,3261.8000,3261.0000,3260.8000,3260.4000,3259.2000,3263.0000,3263.6000,3265.0000,3265.2000,3265.8000,1,1,2,1,1,1,2,7,1,1
SF,IH2012,2020-08-21 09:34:00.500,3262.2000,18152,0,391403460.000,0,-,-,-,-,3261.0000,3260.8000,3260.4000,3259.2000,3258.6000,3263.6000,3265.0000,3265.2000,3265.8000,3266.0000,1,2,1,1,1,2,7,1,1,1
SF,IH2012,2020-08-21 09:34:01.000,3262.2000,18152,0,391403460.000,0,-,-,-,-,3261.2000,3261.0000,3260.8000,3260.4000,3259.2000,3262.0000,3263.4000,3263.6000,3265.0000,3265.2000,1,1,2,1,1,1,1,2,7,1
SF,IH2012,2020-08-21 09:34:01.500,3262.0000,18151,-1,392382060.000,1,0,1,双平,S,3262.2000,3260.8000,3260.4000,3259.2000,3258.6000,3263.6000,3265.0000,3265.2000,3265.8000,3266.0000,1,2,1,1,1,2,7,1,1,1
SF,IH2012,2020-08-21 09:34:02.000,3262.2000,18150,-1,394339380.000,2,0,2,多平,S,3260.8000,3260.4000,3259.2000,3258.6000,3258.0000,3263.6000,3265.0000,3265.2000,3265.8000,3266.0000,2,1,1,1,3,2,7,1,1,1
SF,IH2012,2020-08-21 09:34:02.500,3262.2000,18150,0,394339380.000,0,-,-,-,-,3261.0000,3260.8000,3260.4000,3259.2000,3258.6000,3262.0000,3262.2000,3263.2000,3263.4000,3263.6000,3,2,1,1,1,1,1,1,1,2
SF,IH2012,2020-08-21 09:34:03.000,3262.2000,18148,-2,396296640.000,2,0,2,双平,S,3261.0000,3260.8000,3260.4000,3259.2000,3258.6000,3263.2000,3263.4000,3263.6000,3265.0000,3265.2000,2,2,1,1,1,1,1,2,7,1
SF,IH2012,2020-08-21 09:34:03.500,3262.2000,18148,0,396296640.000,0,-,-,-,-,3261.2000,3261.0000,3260.8000,3260.4000,3259.2000,3263.2000,3263.4000,3263.6000,3265.0000,3265.2000,1,2,2,1,1,1,1,2,7,1
SF,IH2012,2020-08-21 09:34:04.000,3262.2000,18148,0,396296640.000,0,-,-,-,-,3261.4000,3261.2000,3261.0000,3260.8000,3260.4000,3263.0000,3263.2000,3263.6000,3265.0000,3265.2000,1,1,1,2,1,1,1,2,7,1
SF,IH2012,2020-08-21 09:34:04.500,3262.2000,18148,0,396296640.000,0,-,-,-,-,3261.2000,3261.0000,3260.8000,3260.4000,3259.2000,3263.0000,3263.2000,3263.6000,3265.0000,3265.2000,1,1,2,1,1,1,1,2,7,1
SF,IH2012,2020-08-21 09:34:05.000,3262.2000,18148,0,396296640.000,0,-,-,-,-,3261.4000,3261.2000,3261.0000,3260.8000,3260.4000,3262.8000,3263.0000,3263.2000,3263.6000,3265.0000,1,1,1,2,1,2,1,1,2,7
SF,IH2012,2020-08-21 09:34:05.500,3262.8000,18147,-1,398254260.000,2,0,2,多平,S,3261.2000,3261.0000,3260.8000,3260.4000,3259.2000,3262.8000,3263.2000,3263.6000,3265.0000,3265.2000,1,1,2,1,1,1,1,2,7,1
SF,IH2012,2020-08-21 09:34:06.000,3262.8000,18147,0,398254260.000,0,-,-,-,-,3261.4000,3261.2000,3261.0000,3260.8000,3260.4000,3262.6000,3263.2000,3263.6000,3265.0000,3265.2000,2,1,1,2,1,1,1,2,7,1
SF,IH2012,2020-08-21 09:34:06.500,3262.8000,18147,0,398254260.000,0,-,-,-,-,3261.4000,3261.2000,3261.0000,3260.8000,3260.4000,3263.2000,3263.6000,3265.0000,3265.2000,3265.8000,2,1,1,2,1,1,2,7,1,1
SF,IH2012,2020-08-21 09:34:07.000,3262.8000,18147,0,398254260.000,0,-,-,-,-,3261.6000,3261.4000,3261.0000,3260.8000,3260.4000,3263.0000,3263.2000,3263.6000,3265.0000,3265.2000,2,2,1,2,1,1,1,2,7,1
SF,IH2012,2020-08-21 09:34:07.500,3262.8000,18147,0,398254260.000,0,-,-,-,-,3261.8000,3261.6000,3261.4000,3261.0000,3260.8000,3263.2000,3263.6000,3265.0000,3265.2000,3265.8000,2,2,1,1,2,1,2,7,1,1
SF,IH2012,2020-08-21 09:34:08.000,3262.8000,18147,0,398254260.000,0,-,-,-,-,3261.8000,3261.6000,3261.4000,3261.0000,3260.8000,3263.0000,3263.2000,3263.6000,3265.0000,3265.2000,2,2,1,1,2,1,1,2,7,1
SF,IH2012,2020-08-21 09:34:08.500,3263.0000,18145,-2,401190240.000,3,0,3,多平,S,3261.6000,3261.0000,3260.4000,3259.2000,3258.6000,3263.0000,3263.2000,3263.6000,3265.0000,3265.2000,1,1,1,1,1,1,1,2,7,1
SF,IH2012,2020-08-21 09:34:09.000,3261.6000,18144,-1,402168720.000,1,0,1,双平,S,3260.4000,3259.2000,3258.6000,3258.0000,3257.0000,3262.8000,3263.2000,3263.6000,3265.0000,3265.2000,1,1,1,3,2,1,1,2,7,1
SF,IH2012,2020-08-21 09:34:09.500,3261.6000,18144,0,402168720.000,0,-,-,-,-,3260.6000,3260.4000,3259.2000,3258.6000,3258.0000,3261.6000,3262.6000,3262.8000,3263.2000,3263.6000,2,1,1,1,3,3,1,2,1,2
SF,IH2012,2020-08-21 09:34:10.000,3261.6000,18143,-1,403147200.000,1,0,1,双平,S,3260.6000,3260.4000,3260.0000,3259.2000,3258.6000,3261.6000,3262.6000,3263.2000,3263.6000,3265.0000,2,1,2,1,1,2,1,1,2,7
SF,IH2012,2020-08-21 09:34:10.500,3261.6000,18143,0,403147200.000,0,-,-,-,-,3260.8000,3260.6000,3260.4000,3260.0000,3259.2000,3261.6000,3262.6000,3263.2000,3263.6000,3265.0000,1,2,1,2,1,2,1,1,2,7
SF,IH2012,2020-08-21 09:34:11.000,3261.6000,18142,-1,404125680.000,1,0,1,双平,S,3261.0000,3260.8000,3260.6000,3260.4000,3260.0000,3261.6000,3262.6000,3263.2000,3263.6000,3265.0000,2,1,1,1,2,1,1,1,2,7
SF,IH2012,2020-08-21 09:34:11.500,3261.6000,18141,-1,405104160.000,1,0,1,双平,S,3261.8000,3261.6000,3261.0000,3260.8000,3260.6000,3262.6000,3263.2000,3263.6000,3265.0000,3265.2000,1,1,2,1,1,1,1,2,7,1
SF,IH2012,2020-08-21 09:34:12.000,3261.8000,18140,-1,406082700.000,1,0,1,双平,S,3261.0000,3260.6000,3260.4000,3260.0000,3259.2000,3263.2000,3263.6000,3265.0000,3265.2000,3265.8000,2,1,1,2,1,1,2,7,1,1
SF,IH2012,2020-08-21 09:34:12.500,3261.8000,18140,0,406082700.000,0,-,-,-,-,3261.0000,3260.4000,3260.0000,3259.2000,3258.6000,3261.8000,3262.8000,3263.0000,3263.2000,3263.6000,2,1,2,1,1,1,1,2,1,2
SF,IH2012,2020-08-21 09:34:13.000,3261.8000,18140,0,406082700.000,0,-,-,-,-,3261.0000,3260.4000,3260.0000,3259.2000,3258.6000,3261.8000,3263.0000,3263.2000,3263.6000,3265.0000,1,1,2,1,1,1,2,1,2,7
SF,IH2012,2020-08-21 09:34:13.500,3261.8000,18138,-2,408039540.000,2,0,2,双平,S,3260.4000,3260.0000,3259.2000,3258.6000,3258.0000,3263.0000,3263.2000,3263.6000,3265.0000,3265.2000,1,2,1,1,3,2,1,2,7,1
SF,IH2012,2020-08-21 09:34:14.000,3261.8000,18138,0,408039540.000,0,-,-,-,-,3260.6000,3260.4000,3260.0000,3259.2000,3258.6000,3261.6000,3262.6000,3262.8000,3263.0000,3263.2000,1,1,2,1,1,2,1,2,2,1
SF,IH2012,2020-08-21 09:34:14.500,3263.0000,18138,0,409018440.000,1,0,1,多换,S,3260.6000,3260.4000,3260.0000,3259.2000,3258.6000,3263.0000,3263.2000,3263.6000,3265.0000,3265.2000,2,1,2,1,1,1,1,2,7,1
SF,IH2012,2020-08-21 09:34:15.000,3263.0000,18138,0,409018440.000,0,-,-,-,-,3260.6000,3260.4000,3260.0000,3259.2000,3258.6000,3262.8000,3263.0000,3263.2000,3263.6000,3265.0000,2,1,2,1,1,2,1,1,2,7
SF,IH2012,2020-08-21 09:34:15.500,3263.0000,18138,0,409018440.000,0,-,-,-,-,3260.6000,3260.4000,3260.0000,3259.2000,3258.6000,3262.6000,3262.8000,3263.2000,3263.6000,3265.0000,1,1,2,1,1,1,2,1,2,7
SF,IH2012,2020-08-21 09:34:16.000,3263.0000,18138,0,409018440.000,0,-,-,-,-,3260.6000,3260.4000,3260.0000,3259.2000,3258.6000,3262.4000,3262.6000,3263.2000,3263.6000,3265.0000,1,1,2,1,1,2,1,1,2,7
SF,IH2012,2020-08-21 09:34:16.500,3263.0000,18138,0,409018440.000,0,-,-,-,-,3260.6000,3260.4000,3260.0000,3259.2000,3258.6000,3262.2000,3262.4000,3263.2000,3263.6000,3265.0000,1,1,2,1,1,3,1,1,2,7
SF,IH2012,2020-08-21 09:34:17.000,3263.0000,18138,0,409018440.000,0,-,-,-,-,3260.6000,3260.4000,3260.0000,3259.2000,3258.6000,3262.0000,3262.2000,3263.2000,3263.6000,3265.0000,1,1,2,1,1,2,2,1,2,7
