市场代码,合约代码,时间,最新,持仓,增仓,成交额,成交量,开仓,平仓,成交类型,方向,买一价,买二价,买三价,买四价,买五价,卖一价,卖二价,卖三价,卖四价,卖五价,买一量,买二量,买三量,买四量,买五量,卖一量,卖二量,卖三量,卖四量,卖五量
SF,IH2012,2020-07-10 09:29:00.000,3380.0000,12401,0,12168000.000,12.000,-,-,-,-,3380.0000,3378.8000,3376.6000,3375.0000,3371.0000,3382.0000,3384.0000,3386.0000,3387.8000,3388.0000,3,1,1,2,1,1,1,1,3,1
SF,IH2012,2020-07-10 09:30:00.500,3382.0000,12399,-2,17239200.000,5,1,4,多平,S,3380.6000,3380.4000,3380.0000,3378.8000,3376.6000,3384.0000,3386.0000,3388.0000,3389.0000,3393.2000,2,1,2,1,1,1,1,1,1,1
SF,IH2012,2020-07-10 09:30:01.000,3382.2000,12400,1,19268940.000,2,1,1,空开,S,3381.0000,3380.6000,3380.4000,3380.0000,3378.8000,3383.8000,3384.0000,3386.0000,3388.0000,3389.0000,1,2,1,2,1,2,1,1,1,1
SF,IH2012,2020-07-10 09:30:01.500,3382.2000,12400,0,19268940.000,0,-,-,-,-,3380.6000,3380.4000,3380.0000,3378.8000,3376.6000,3382.0000,3383.4000,3383.6000,3383.8000,3384.0000,2,1,2,1,1,1,9,2,2,1
SF,IH2012,2020-07-10 09:30:02.000,3380.6000,12397,-3,23325600.000,4,0,4,多平,S,3380.0000,3376.6000,3376.0000,3375.0000,3371.0000,3380.6000,3381.8000,3382.0000,3383.4000,3383.6000,2,1,1,2,1,1,2,1,9,2
SF,IH2012,2020-07-10 09:30:02.500,3380.0000,12396,-1,26367600.000,3,1,2,多平,S,3377.6000,3376.6000,3376.0000,3375.0000,3371.0000,3380.0000,3380.6000,3381.0000,3381.8000,3382.0000,1,1,1,2,1,1,1,1,2,1
SF,IH2012,2020-07-10 09:30:03.000,3379.8000,12395,-1,28394880.000,2,0,2,多平,S,3377.6000,3376.6000,3376.0000,3375.0000,3371.0000,3379.8000,3380.0000,3380.6000,3381.0000,3381.8000,1,1,1,2,1,2,1,1,1,2
SF,IH2012,2020-07-10 09:30:03.500,3377.6000,12395,0,29408160.000,1,0,1,多换,S,3378.8000,3376.6000,3376.0000,3375.0000,3371.0000,3379.8000,3380.0000,3380.6000,3381.0000,3382.0000,1,1,1,2,1,2,1,1,1,1
SF,IH2012,2020-07-10 09:30:04.000,3376.6000,12393,-2,32447760.000,3,0,3,多平,S,3376.0000,3375.0000,3371.0000,3370.2000,3370.0000,3380.0000,3380.6000,3381.0000,3382.0000,3383.2000,1,2,1,1,2,1,1,1,1,1
SF,IH2012,2020-07-10 09:30:04.500,3376.6000,12393,0,32447760.000,0,-,-,-,-,3376.8000,3376.2000,3376.0000,3375.0000,3371.0000,3379.8000,3380.0000,3380.6000,3381.0000,3382.0000,1,1,1,2,1,1,1,1,1,1
SF,IH2012,2020-07-10 09:30:05.000,3376.6000,12393,0,32447760.000,0,-,-,-,-,3377.0000,3376.0000,3375.0000,3371.0000,3370.2000,3378.8000,3379.8000,3380.0000,3380.6000,3381.0000,1,1,2,1,1,1,1,1,1,1
SF,IH2012,2020-07-10 09:30:05.500,3379.8000,12392,-1,34475340.000,2,0,2,多平,S,3377.0000,3376.0000,3375.0000,3371.0000,3370.2000,3380.0000,3380.6000,3381.0000,3382.0000,3383.2000,1,1,2,1,1,1,1,1,1,1
SF,IH2012,2020-07-10 09:30:06.000,3380.0000,12391,-1,35489340.000,1,0,1,双平,S,3377.2000,3377.0000,3376.0000,3375.0000,3371.0000,3380.6000,3381.0000,3382.0000,3383.4000,3384.0000,1,2,1,2,1,1,1,1,1,1
SF,IH2012,2020-07-10 09:30:06.500,3377.6000,12389,-2,37516800.000,2,0,2,双平,S,3377.4000,3377.2000,3377.0000,3376.0000,3375.0000,3381.0000,3382.0000,3383.4000,3384.0000,3399.0000,2,1,1,1,2,1,1,1,1,1
SF,IH2012,2020-07-10 09:30:07.000,3377.6000,12389,0,37516800.000,0,-,-,-,-,3377.6000,3377.4000,3377.0000,3376.0000,3375.0000,3381.0000,3382.0000,3383.4000,3384.0000,3399.0000,2,1,1,1,2,1,1,1,1,1
SF,IH2012,2020-07-10 09:30:07.500,3380.8000,12389,0,39544320.000,2,1,1,多换,S,3378.0000,3377.6000,3377.4000,3377.0000,3376.0000,3380.8000,3381.0000,3382.0000,3383.4000,3384.0000,1,1,1,1,1,1,1,1,1,1
SF,IH2012,2020-07-10 09:30:08.000,3381.0000,12388,-1,41572860.000,2,0,2,多平,S,3378.2000,3378.0000,3377.0000,3376.0000,3375.0000,3382.0000,3383.4000,3384.0000,3399.0000,3399.2000,2,1,1,1,2,1,1,1,1,2
SF,IH2012,2020-07-10 09:30:08.500,3381.0000,12388,0,41572860.000,0,-,-,-,-,3378.6000,3378.4000,3378.2000,3377.0000,3376.0000,3382.0000,3383.4000,3384.0000,3399.0000,3399.2000,1,3,2,1,1,1,1,1,1,2
SF,IH2012,2020-07-10 09:30:09.000,3381.0000,12388,0,41572860.000,0,-,-,-,-,3379.2000,3378.8000,3377.0000,3376.0000,3375.0000,3382.0000,3383.4000,3384.0000,3399.0000,3399.2000,1,3,1,1,1,1,1,1,1,2
SF,IH2012,2020-07-10 09:30:09.500,3381.0000,12388,0,41572860.000,0,-,-,-,-,3379.4000,3379.2000,3378.8000,3377.0000,3376.0000,3382.0000,3382.4000,3383.4000,3384.0000,3399.0000,3,1,1,1,1,1,1,1,1,1
SF,IH2012,2020-07-10 09:30:10.000,3381.4000,12385,-3,44616600.000,3,0,3,双平,S,3379.6000,3379.4000,3378.8000,3377.0000,3376.0000,3383.4000,3384.0000,3399.0000,3399.4000,3400.0000,2,3,1,1,1,1,1,1,4,2
SF,IH2012,2020-07-10 09:30:10.500,3381.4000,12385,0,44616600.000,0,-,-,-,-,3379.8000,3379.6000,3377.0000,3376.0000,3375.0000,3384.0000,3399.0000,3399.4000,3400.0000,3404.0000,4,2,1,1,2,1,1,4,2,1
SF,IH2012,2020-07-10 09:30:11.000,3381.4000,12385,0,44616600.000,0,-,-,-,-,3379.8000,3377.0000,3376.0000,3375.0000,3371.0000,3384.0000,3399.0000,3399.4000,3400.0000,3404.0000,3,1,1,2,2,1,1,4,2,1
SF,IH2012,2020-07-10 09:30:12.000,3381.4000,12385,0,44616600.000,0,-,-,-,-,3379.8000,3377.0000,3376.0000,3375.0000,3371.0000,3383.8000,3384.0000,3399.0000,3399.4000,3400.0000,3,1,1,2,2,2,1,1,4,2
SF,IH2012,2020-07-10 09:30:12.500,3381.4000,12385,0,44616600.000,0,-,-,-,-,3379.8000,3377.0000,3376.0000,3375.0000,3371.0000,3383.6000,3383.8000,3384.0000,3399.0000,3399.4000,3,1,1,2,2,1,2,1,1,4
SF,IH2012,2020-07-10 09:30:13.000,3383.4000,12382,-3,47660580.000,3,0,3,双平,S,3380.0000,3379.8000,3377.0000,3376.0000,3375.0000,3383.4000,3383.8000,3384.0000,3399.0000,3399.4000,1,2,1,1,2,2,2,1,1,4
SF,IH2012,2020-07-10 09:30:13.500,3383.4000,12380,-2,49690620.000,2,0,2,双平,S,3380.0000,3379.8000,3377.0000,3376.0000,3375.0000,3383.2000,3383.4000,3383.8000,3384.0000,3399.0000,1,1,1,1,2,1,1,2,1,1
SF,IH2012,2020-07-10 09:30:14.000,3383.4000,12380,0,50705640.000,1,0,1,多换,S,3382.0000,3380.2000,3380.0000,3379.8000,3377.0000,3383.2000,3383.8000,3384.0000,3399.0000,3399.4000,1,1,1,1,1,1,2,1,1,4
SF,IH2012,2020-07-10 09:30:14.500,3382.0000,12379,-1,52734840.000,2,0,2,多平,S,3380.0000,3377.0000,3376.0000,3375.0000,3371.0000,3383.8000,3384.0000,3399.0000,3399.4000,3400.0000,1,1,1,2,2,2,1,1,4,2
SF,IH2012,2020-07-10 09:30:15.000,3380.0000,12379,0,53748840.000,1,0,1,多换,S,3378.0000,3377.0000,3376.0000,3375.0000,3371.0000,3383.4000,3383.6000,3383.8000,3384.0000,3399.0000,1,1,1,2,2,1,3,2,1,1
SF,IH2012,2020-07-10 09:30:15.500,3380.0000,12379,0,53748840.000,0,-,-,-,-,3380.2000,3378.4000,3378.0000,3377.0000,3376.0000,3383.2000,3383.4000,3383.6000,3383.8000,3384.0000,2,1,1,1,1,2,1,2,2,1
SF,IH2012,2020-07-10 09:30:16.000,3380.0000,12379,0,55776840.000,2,1,1,多换,S,3380.2000,3378.4000,3378.0000,3377.0000,3376.0000,3382.8000,3383.2000,3383.6000,3383.8000,3384.0000,1,1,1,1,1,1,3,2,2,1
SF,IH2012,2020-07-10 09:30:16.500,3380.0000,12379,0,55776840.000,0,-,-,-,-,3380.2000,3378.4000,3378.0000,3377.0000,3376.0000,3382.6000,3383.2000,3383.8000,3384.0000,3399.0000,1,1,1,1,1,1,2,2,1,1
SF,IH2012,2020-07-10 09:30:17.000,3380.0000,12379,0,55776840.000,0,-,-,-,-,3380.2000,3378.4000,3378.0000,3377.0000,3376.0000,3382.2000,3382.4000,3382.6000,3383.2000,3383.8000,1,1,1,1,1,1,1,1,1,2
SF,IH2012,2020-07-10 09:30:17.500,3380.2000,12378,-1,56790900.000,1,0,1,双平,S,3378.4000,3378.0000,3377.0000,3376.0000,3375.0000,3382.6000,3383.2000,3383.8000,3384.0000,3399.0000,1,1,1,1,2,1,1,2,1,1
SF,IH2012,2020-07-10 09:30:18.000,3380.2000,12378,0,56790900.000,0,-,-,-,-,3378.8000,3378.6000,3378.4000,3378.0000,3377.0000,3383.2000,3384.0000,3399.0000,3399.4000,3400.0000,1,1,1,1,1,1,1,1,4,2
SF,IH2012,2020-07-10 09:30:18.500,3380.2000,12378,0,56790900.000,0,-,-,-,-,3379.2000,3378.8000,3378.0000,3377.0000,3376.0000,3382.0000,3382.8000,3383.0000,3383.2000,3384.0000,1,1,1,1,1,20,1,2,1,1
SF,IH2012,2020-07-10 09:30:19.000,3381.8000,12378,0,58819980.000,2,1,1,多换,S,3379.4000,3378.8000,3378.0000,3377.0000,3376.0000,3383.0000,3384.0000,3399.0000,3399.4000,3400.0000,1,1,1,1,1,2,1,1,4,2
SF,IH2012,2020-07-10 09:30:19.500,3381.8000,12378,0,58819980.000,0,-,-,-,-,3379.4000,3378.8000,3378.0000,3377.0000,3376.0000,3382.8000,3383.0000,3384.0000,3399.0000,3399.4000,1,1,1,1,1,1,2,1,1,4
SF,IH2012,2020-07-10 09:30:20.000,3381.8000,12378,0,58819980.000,0,-,-,-,-,3379.4000,3378.8000,3378.0000,3377.0000,3376.0000,3381.4000,3382.6000,3382.8000,3383.0000,3384.0000,1,1,1,1,1,1,2,1,2,1
SF,IH2012,2020-07-10 09:30:20.500,3379.4000,12377,-1,59833800.000,1,0,1,双平,S,3378.8000,3378.0000,3377.0000,3376.0000,3375.0000,3381.4000,3382.6000,3382.8000,3383.0000,3384.0000,1,1,1,1,2,1,2,1,2,1
SF,IH2012,2020-07-10 09:30:21.000,3379.4000,12377,0,59833800.000,0,-,-,-,-,3378.8000,3378.0000,3377.0000,3376.0000,3375.0000,3381.2000,3382.6000,3383.0000,3384.0000,3399.0000,1,1,1,1,2,1,2,2,1,1
SF,IH2012,2020-07-10 09:30:21.500,3379.4000,12377,0,59833800.000,0,-,-,-,-,3378.8000,3378.0000,3377.0000,3376.0000,3375.0000,3381.2000,3382.6000,3383.0000,3384.0000,3399.0000,1,1,1,1,2,2,2,1,1,1
SF,IH2012,2020-07-10 09:30:22.000,3379.4000,12377,0,59833800.000,0,-,-,-,-,3378.8000,3378.0000,3377.0000,3376.0000,3375.0000,3381.2000,3382.6000,3382.8000,3383.0000,3384.0000,1,1,1,1,2,2,2,1,1,1
SF,IH2012,2020-07-10 09:30:22.500,3379.4000,12377,0,59833800.000,0,-,-,-,-,3378.8000,3378.0000,3377.0000,3376.0000,3375.0000,3381.2000,3382.6000,3382.8000,3383.0000,3384.0000,1,1,1,1,2,2,2,1,1,1
SF,IH2012,2020-07-10 09:30:23.000,3378.8000,12376,-1,60847440.000,1,0,1,双平,S,3378.0000,3377.0000,3376.0000,3375.0000,3373.8000,3378.8000,3381.2000,3382.6000,3382.8000,3383.0000,1,1,1,2,1,1,2,2,1,1
SF,IH2012,2020-07-10 09:30:23.500,3378.0000,12375,-1,63887940.000,3,1,2,多平,S,3377.0000,3376.0000,3375.0000,3373.8000,3371.0000,3381.2000,3382.8000,3384.0000,3399.0000,3399.4000,1,1,2,1,3,2,1,1,1,4
SF,IH2012,2020-07-10 09:30:24.000,3378.0000,12375,0,63887940.000,0,-,-,-,-,3377.4000,3377.0000,3376.0000,3375.0000,3373.8000,3380.8000,3381.0000,3381.2000,3382.8000,3384.0000,2,1,1,2,1,1,3,2,1,1
SF,IH2012,2020-07-10 09:30:24.500,3378.0000,12375,0,63887940.000,0,-,-,-,-,3377.0000,3376.0000,3375.0000,3373.8000,3371.0000,3379.2000,3380.6000,3380.8000,3381.0000,3382.8000,1,1,2,1,2,1,2,2,3,1
SF,IH2012,2020-07-10 09:30:25.000,3378.0000,12375,0,63887940.000,0,-,-,-,-,3377.0000,3376.0000,3375.0000,3373.8000,3371.0000,3379.0000,3380.4000,3380.6000,3380.8000,3381.0000,1,1,2,1,2,1,1,1,1,3
SF,IH2012,2020-07-10 09:30:25.500,3378.0000,12375,0,63887940.000,0,-,-,-,-,3377.0000,3376.0000,3375.0000,3373.8000,3371.0000,3378.8000,3379.0000,3380.4000,3380.6000,3380.8000,1,1,2,1,2,1,1,1,1,1
SF,IH2012,2020-07-10 09:30:26.000,3378.0000,12375,0,63887940.000,0,-,-,-,-,3377.2000,3377.0000,3376.0000,3375.0000,3373.8000,3378.6000,3379.0000,3380.4000,3380.6000,3380.8000,1,1,1,2,1,1,1,1,1,1
SF,IH2012,2020-07-10 09:30:26.500,3378.0000,12375,0,63887940.000,0,-,-,-,-,3377.2000,3377.0000,3376.0000,3375.0000,3373.8000,3378.4000,3379.0000,3380.0000,3380.4000,3380.8000,1,1,1,2,1,1,1,1,1,1
SF,IH2012,2020-07-10 09:30:27.000,3377.2000,12374,-1,64901100.000,1,0,1,双平,S,3377.0000,3376.0000,3375.0000,3373.8000,3371.0000,3378.2000,3379.0000,3380.0000,3380.8000,3382.8000,1,1,2,1,2,1,1,1,1,1
SF,IH2012,2020-07-10 09:30:27.500,3377.2000,12374,0,64901100.000,0,-,-,-,-,3377.0000,3376.0000,3375.0000,3373.8000,3371.0000,3378.0000,3379.0000,3380.0000,3380.8000,3382.8000,1,1,2,1,2,1,1,1,1,1
SF,IH2012,2020-07-10 09:30:28.000,3377.2000,12374,0,64901100.000,0,-,-,-,-,3377.0000,3376.0000,3375.0000,3373.8000,3371.0000,3377.8000,3379.0000,3380.0000,3382.8000,3384.0000,1,1,2,1,2,1,1,1,1,1
SF,IH2012,2020-07-10 09:30:28.500,3377.0000,12371,-3,67940700.000,3,0,3,双平,S,3376.0000,3375.0000,3373.8000,3371.0000,3370.2000,3377.0000,3379.0000,3380.0000,3382.8000,3384.0000,1,2,1,2,1,1,1,1,1,1
SF,IH2012,2020-07-10 09:30:29.000,3377.0000,12370,-1,68953800.000,1,0,1,双平,S,3378.0000,3376.2000,3376.0000,3375.0000,3373.8000,3379.0000,3380.0000,3382.8000,3384.0000,3399.0000,1,4,1,2,1,1,1,1,1,1
SF,IH2012,2020-07-10 09:30:29.500,3377.0000,12371,1,71993700.000,3,2,1,空开,S,3376.2000,3376.0000,3375.0000,3373.8000,3371.0000,3377.0000,3378.8000,3380.0000,3382.8000,3384.0000,3,1,2,1,2,1,1,1,1,1
SF,IH2012,2020-07-10 09:30:30.000,3376.4000,12370,-1,74019720.000,2,0,2,多平,S,3376.4000,3376.2000,3376.0000,3375.0000,3373.8000,3378.0000,3380.0000,3382.8000,3384.0000,3399.0000,1,3,1,2,1,2,1,1,1,1
SF,IH2012,2020-07-10 09:30:30.500,3376.4000,12370,0,74019720.000,0,-,-,-,-,3376.8000,3376.2000,3376.0000,3375.0000,3373.8000,3377.8000,3378.0000,3380.0000,3382.8000,3384.0000,2,1,1,2,1,1,2,1,1,1
SF,IH2012,2020-07-10 09:30:31.000,3376.4000,12370,0,74019720.000,0,-,-,-,-,3376.2000,3376.0000,3375.0000,3373.8000,3371.0000,3376.4000,3377.6000,3378.0000,3380.0000,3382.8000,1,1,2,1,2,2,1,2,1,1
SF,IH2012,2020-07-10 09:30:31.500,3376.4000,12368,-2,76045560.000,2,0,2,双平,S,3377.0000,3376.4000,3376.2000,3376.0000,3375.0000,3378.0000,3380.0000,3382.8000,3384.0000,3399.0000,1,1,1,1,2,2,1,1,1,1
SF,IH2012,2020-07-10 09:30:32.000,3378.0000,12368,0,77058960.000,1,0,1,多换,S,3377.0000,3376.4000,3376.2000,3376.0000,3375.0000,3378.0000,3380.0000,3382.8000,3384.0000,3399.0000,2,1,1,1,2,1,1,1,1,1
SF,IH2012,2020-07-10 09:30:32.500,3378.0000,12368,0,78072360.000,1,0,1,多换,S,3377.2000,3377.0000,3376.4000,3376.2000,3376.0000,3377.8000,3380.0000,3382.8000,3384.0000,3399.0000,3,2,1,1,1,1,1,1,1,1
SF,IH2012,2020-07-10 09:30:33.000,3377.8000,12367,-1,79085700.000,1,0,1,双平,S,3377.8000,3377.4000,3377.2000,3377.0000,3376.4000,3380.0000,3382.8000,3384.0000,3399.0000,3399.4000,2,1,3,2,1,1,1,1,1,4
SF,IH2012,2020-07-10 09:30:33.500,3377.8000,12367,0,79085700.000,0,-,-,-,-,3378.0000,3377.2000,3377.0000,3376.4000,3376.2000,3379.8000,3380.0000,3382.8000,3384.0000,3399.0000,2,1,2,1,1,1,1,1,1,1
SF,IH2012,2020-07-10 09:30:34.000,3378.0000,12366,-1,80099100.000,1,0,1,双平,S,3377.2000,3377.0000,3376.4000,3376.0000,3375.0000,3378.0000,3379.6000,3379.8000,3380.0000,3382.8000,1,2,1,1,2,1,1,1,1,1
SF,IH2012,2020-07-10 09:30:34.500,3378.0000,12366,0,80099100.000,0,-,-,-,-,3377.2000,3377.0000,3376.0000,3375.0000,3373.8000,3378.0000,3379.6000,3379.8000,3380.0000,3382.8000,1,3,2,2,1,1,1,1,1,1
SF,IH2012,2020-07-10 09:30:35.000,3378.0000,12365,-1,81112500.000,1,0,1,双平,S,3377.4000,3377.2000,3377.0000,3376.0000,3375.0000,3377.8000,3379.8000,3380.0000,3382.8000,3384.0000,1,1,3,2,2,1,1,1,1,1
SF,IH2012,2020-07-10 09:30:35.500,3377.8000,12364,-1,83139240.000,2,0,2,多平,S,3377.8000,3377.2000,3377.0000,3376.0000,3375.0000,3379.8000,3380.0000,3382.8000,3384.0000,3394.0000,1,1,3,2,2,1,1,1,1,1
SF,IH2012,2020-07-10 09:30:36.000,3377.8000,12364,0,83139240.000,0,-,-,-,-,3377.8000,3377.0000,3376.0000,3375.0000,3373.8000,3379.6000,3379.8000,3380.0000,3382.8000,3384.0000,1,3,2,2,1,1,1,1,1,1
SF,IH2012,2020-07-10 09:30:36.500,3377.8000,12364,0,83139240.000,0,-,-,-,-,3377.0000,3376.0000,3375.0000,3373.8000,3371.0000,3379.6000,3379.8000,3380.0000,3382.8000,3384.0000,3,2,2,1,2,1,1,1,1,1
SF,IH2012,2020-07-10 09:30:37.000,3377.8000,12364,0,83139240.000,0,-,-,-,-,3377.0000,3376.0000,3375.0000,3373.8000,3371.0000,3379.4000,3380.0000,3382.8000,3384.0000,3394.0000,3,2,2,1,2,1,1,1,1,1
SF,IH2012,2020-07-10 09:30:37.500,3377.8000,12364,0,83139240.000,0,-,-,-,-,3377.2000,3377.0000,3376.0000,3375.0000,3373.8000,3378.0000,3379.4000,3380.0000,3382.8000,3384.0000,1,3,2,2,1,1,1,1,1,1
SF,IH2012,2020-07-10 09:30:38.000,3378.0000,12363,-1,84152640.000,1,0,1,双平,S,3378.0000,3377.4000,3377.0000,3376.0000,3375.0000,3379.4000,3380.0000,3382.8000,3384.0000,3394.0000,2,2,3,2,2,1,1,1,1,1
SF,IH2012,2020-07-10 09:30:38.500,3378.0000,12363,0,84152640.000,0,-,-,-,-,3378.2000,3378.0000,3377.4000,3377.0000,3376.0000,3380.0000,3382.8000,3384.0000,3394.0000,3399.0000,1,2,1,6,2,1,1,1,1,1
SF,IH2012,2020-07-10 09:30:39.000,3378.0000,12363,0,84152640.000,0,-,-,-,-,3378.4000,3378.0000,3377.4000,3377.0000,3376.0000,3380.0000,3382.8000,3384.0000,3394.0000,3399.0000,1,2,1,6,2,1,1,1,1,1
SF,IH2012,2020-07-10 09:30:39.500,3378.0000,12363,0,84152640.000,0,-,-,-,-,3378.6000,3378.0000,3377.4000,3377.0000,3376.0000,3380.0000,3382.8000,3384.0000,3394.0000,3399.0000,2,2,1,6,2,1,1,1,1,1
SF,IH2012,2020-07-10 09:30:40.000,3379.8000,12362,-1,85166580.000,1,0,1,双平,S,3378.0000,3377.0000,3376.0000,3375.0000,3373.8000,3380.0000,3382.8000,3384.0000,3394.0000,3399.0000,2,6,2,2,1,1,1,1,1,1
SF,IH2012,2020-07-10 09:30:40.500,3379.8000,12362,0,85166580.000,0,-,-,-,-,3378.2000,3378.0000,3377.0000,3376.0000,3375.0000,3380.0000,3382.8000,3384.0000,3394.0000,3399.0000,2,2,6,2,2,1,1,1,1,1
SF,IH2012,2020-07-10 09:30:41.000,3380.0000,12361,-1,86180580.000,1,0,1,双平,S,3378.2000,3378.0000,3377.0000,3376.0000,3375.0000,3378.6000,3380.0000,3382.8000,3384.0000,3394.0000,2,2,6,2,2,2,1,1,1,1
SF,IH2012,2020-07-10 09:30:41.500,3378.6000,12359,-2,88207740.000,2,0,2,双平,S,3378.2000,3378.0000,3377.0000,3376.0000,3375.0000,3380.0000,3382.8000,3384.0000,3394.0000,3399.0000,1,2,6,2,2,1,1,1,1,1
SF,IH2012,2020-07-10 09:30:42.000,3378.6000,12359,0,88207740.000,0,-,-,-,-,3378.6000,3378.4000,3378.0000,3377.0000,3376.0000,3380.0000,3382.8000,3384.0000,3394.0000,3399.0000,1,1,2,6,2,1,1,1,1,1
SF,IH2012,2020-07-10 09:30:42.500,3380.0000,12359,0,89221740.000,1,0,1,多换,S,3378.0000,3377.0000,3376.0000,3375.0000,3373.8000,3382.8000,3384.0000,3394.0000,3399.0000,3399.4000,2,7,2,2,1,1,1,1,1,4
SF,IH2012,2020-07-10 09:30:43.000,3380.0000,12359,0,89221740.000,0,-,-,-,-,3378.2000,3378.0000,3377.0000,3376.0000,3375.0000,3382.4000,3382.6000,3382.8000,3384.0000,3394.0000,2,2,7,2,2,1,2,1,1,1
SF,IH2012,2020-07-10 09:30:43.500,3380.0000,12359,0,89221740.000,0,-,-,-,-,3378.6000,3378.2000,3378.0000,3377.0000,3376.0000,3382.2000,3382.4000,3382.6000,3382.8000,3384.0000,1,2,2,7,2,1,1,2,1,1
SF,IH2012,2020-07-10 09:30:44.000,3380.0000,12359,0,89221740.000,0,-,-,-,-,3378.8000,3378.6000,3378.2000,3378.0000,3377.0000,3381.8000,3382.2000,3382.6000,3382.8000,3384.0000,1,1,1,2,7,1,1,2,1,1
SF,IH2012,2020-07-10 09:30:44.500,3378.8000,12358,-1,90235380.000,1,0,1,双平,S,3378.6000,3378.2000,3378.0000,3377.0000,3376.0000,3381.6000,3381.8000,3382.2000,3382.6000,3382.8000,1,1,2,7,2,3,1,1,2,1
SF,IH2012,2020-07-10 09:30:45.000,3378.8000,12358,0,90235380.000,0,-,-,-,-,3378.6000,3378.2000,3378.0000,3377.0000,3376.0000,3381.2000,3381.6000,3382.2000,3382.6000,3382.8000,1,1,2,7,2,1,3,1,1,1
SF,IH2012,2020-07-10 09:30:45.500,3378.8000,12358,0,90235380.000,0,-,-,-,-,3378.8000,3378.6000,3378.2000,3378.0000,3377.0000,3380.0000,3381.0000,3381.2000,3381.6000,3382.2000,1,1,1,2,7,1,1,1,1,1
SF,IH2012,2020-07-10 09:30:46.000,3378.8000,12358,0,90235380.000,0,-,-,-,-,3378.8000,3378.6000,3378.2000,3378.0000,3377.0000,3380.0000,3381.0000,3381.2000,3381.6000,3382.8000,1,1,1,2,7,1,1,1,1,1
SF,IH2012,2020-07-10 09:30:46.500,3380.0000,12357,-1,91249380.000,1,0,1,双平,S,3380.6000,3379.0000,3378.8000,3378.6000,3378.2000,3381.0000,3381.2000,3381.6000,3382.8000,3384.0000,1,1,1,1,1,1,1,1,1,1
SF,IH2012,2020-07-10 09:30:47.000,3380.6000,12356,-1,92263560.000,1,0,1,双平,S,3378.6000,3378.2000,3377.0000,3376.0000,3375.0000,3381.6000,3382.8000,3384.0000,3394.0000,3399.0000,1,1,7,2,2,1,1,1,1,1
SF,IH2012,2020-07-10 09:30:47.500,3380.6000,12356,0,92263560.000,0,-,-,-,-,3378.8000,3378.6000,3377.0000,3376.0000,3375.0000,3381.4000,3382.8000,3384.0000,3394.0000,3399.0000,1,1,7,2,2,1,1,1,1,1
SF,IH2012,2020-07-10 09:30:48.000,3380.6000,12356,0,92263560.000,0,-,-,-,-,3379.0000,3378.8000,3378.6000,3377.0000,3376.0000,3381.4000,3382.8000,3384.0000,3394.0000,3399.0000,1,1,1,7,2,1,1,1,1,1
SF,IH2012,2020-07-10 09:30:48.500,3380.6000,12356,0,92263560.000,0,-,-,-,-,3379.2000,3379.0000,3378.6000,3377.0000,3376.0000,3381.4000,3382.8000,3384.0000,3394.0000,3399.0000,1,1,1,7,1,1,1,1,1,1
SF,IH2012,2020-07-10 09:30:49.500,3381.4000,12355,-1,93277980.000,1,0,1,双平,S,3379.2000,3379.0000,3378.6000,3377.0000,3376.0000,3382.8000,3384.0000,3394.0000,3399.0000,3399.4000,1,1,1,7,1,1,1,1,1,4
SF,IH2012,2020-07-10 09:30:50.000,3381.4000,12355,0,93277980.000,0,-,-,-,-,3379.2000,3378.6000,3377.0000,3376.0000,3375.0000,3382.6000,3384.0000,3394.0000,3399.0000,3399.4000,1,1,7,1,2,1,1,1,1,4
SF,IH2012,2020-07-10 09:30:51.000,3381.4000,12355,0,93277980.000,0,-,-,-,-,3379.2000,3378.6000,3377.0000,3376.6000,3376.0000,3382.6000,3384.0000,3394.0000,3399.0000,3399.4000,1,1,7,1,1,1,1,1,1,4
SF,IH2012,2020-07-10 09:30:51.500,3382.6000,12354,-1,94292760.000,1,0,1,双平,S,3379.4000,3379.2000,3378.6000,3377.0000,3376.6000,3384.0000,3394.0000,3399.0000,3399.4000,3400.0000,3,1,1,7,1,1,1,1,4,2
SF,IH2012,2020-07-10 09:30:52.000,3382.6000,12354,0,94292760.000,0,-,-,-,-,3379.8000,3379.4000,3378.6000,3377.0000,3376.6000,3383.6000,3383.8000,3384.0000,3394.0000,3399.0000,1,3,1,7,1,1,2,1,1,1
SF,IH2012,2020-07-10 09:30:52.500,3382.6000,12354,0,94292760.000,0,-,-,-,-,3380.0000,3379.8000,3379.4000,3378.6000,3377.0000,3383.6000,3383.8000,3384.0000,3394.0000,3399.0000,1,1,2,1,7,1,2,1,1,1
SF,IH2012,2020-07-10 09:30:53.000,3382.6000,12354,0,94292760.000,0,-,-,-,-,3380.0000,3379.8000,3378.6000,3377.0000,3376.6000,3383.4000,3383.6000,3383.8000,3384.0000,3394.0000,2,1,1,7,1,1,1,2,1,1
SF,IH2012,2020-07-10 09:30:53.500,3383.2000,12353,-1,96322620.000,2,0,2,多平,S,3380.2000,3380.0000,3378.6000,3377.0000,3376.6000,3383.4000,3383.8000,3384.0000,3394.0000,3399.0000,1,2,1,7,1,1,2,1,1,1
SF,IH2012,2020-07-10 09:30:54.000,3383.2000,12353,0,96322620.000,0,-,-,-,-,3380.4000,3380.0000,3378.6000,3377.0000,3376.6000,3383.4000,3383.8000,3384.0000,3394.0000,3399.0000,1,1,1,7,1,1,2,1,1,1
SF,IH2012,2020-07-10 09:30:54.500,3383.2000,12353,0,96322620.000,0,-,-,-,-,3380.4000,3380.0000,3378.6000,3377.0000,3376.6000,3383.8000,3384.0000,3394.0000,3399.0000,3399.4000,1,1,1,7,1,2,1,1,1,4
SF,IH2012,2020-07-10 09:30:55.000,3383.2000,12353,0,96322620.000,0,-,-,-,-,3383.4000,3380.4000,3378.6000,3377.0000,3376.6000,3383.8000,3384.0000,3394.0000,3399.0000,3399.4000,1,1,1,7,1,2,1,1,1,4
SF,IH2012,2020-07-10 09:30:55.500,3383.4000,12353,0,98352660.000,2,1,1,多换,S,3380.6000,3380.4000,3378.6000,3377.0000,3376.6000,3383.8000,3384.0000,3394.0000,3399.0000,3399.4000,1,1,1,7,1,2,1,1,1,4
SF,IH2012,2020-07-10 09:30:56.000,3383.4000,12353,0,98352660.000,0,-,-,-,-,3380.8000,3380.6000,3378.6000,3377.0000,3376.6000,3383.6000,3383.8000,3384.0000,3394.0000,3399.0000,1,1,1,7,1,1,2,1,1,1
SF,IH2012,2020-07-10 09:30:56.500,3383.4000,12353,0,98352660.000,0,-,-,-,-,3380.8000,3380.6000,3378.6000,3377.0000,3376.6000,3383.4000,3383.6000,3383.8000,3384.0000,3394.0000,1,1,1,7,1,2,1,2,1,1
SF,IH2012,2020-07-10 09:30:57.000,3383.4000,12352,-1,100382700.000,2,0,2,多平,S,3380.8000,3380.6000,3378.6000,3377.0000,3376.6000,3383.4000,3383.6000,3383.8000,3384.0000,3394.0000,1,1,1,7,1,2,1,2,1,1
SF,IH2012,2020-07-10 09:30:57.500,3383.4000,12352,0,101397720.000,1,0,1,多换,S,3381.0000,3380.8000,3380.6000,3378.6000,3377.0000,3383.4000,3383.6000,3383.8000,3384.0000,3394.0000,1,1,1,1,7,1,1,2,1,1
SF,IH2012,2020-07-10 09:30:58.000,3383.4000,12352,0,101397720.000,0,-,-,-,-,3381.2000,3380.6000,3377.0000,3376.6000,3376.0000,3383.2000,3383.4000,3383.6000,3383.8000,3384.0000,1,1,7,1,1,1,1,1,2,1
SF,IH2012,2020-07-10 09:30:58.500,3383.4000,12352,0,101397720.000,0,-,-,-,-,3381.4000,3381.2000,3380.6000,3379.8000,3377.0000,3383.0000,3383.2000,3383.4000,3383.6000,3383.8000,1,2,1,1,7,1,1,1,1,2
SF,IH2012,2020-07-10 09:30:59.000,3383.4000,12352,0,101397720.000,0,-,-,-,-,3381.6000,3381.2000,3380.6000,3379.8000,3378.6000,3383.0000,3383.2000,3383.4000,3383.6000,3383.8000,1,2,1,1,1,1,1,1,1,2
SF,IH2012,2020-07-10 09:30:59.500,3381.2000,12348,-4,105455880.000,4,0,4,双平,S,3380.6000,3379.8000,3378.6000,3377.0000,3376.6000,3383.2000,3383.6000,3383.8000,3384.0000,3394.0000,1,1,1,7,1,1,1,2,1,1
SF,IH2012,2020-07-10 09:31:00.000,3381.2000,12348,0,105455880.000,0,-,-,-,-,3380.8000,3380.6000,3379.8000,3377.0000,3376.6000,3383.0000,3383.2000,3383.6000,3383.8000,3384.0000,1,1,1,7,1,1,1,1,2,1
SF,IH2012,2020-07-10 09:31:00.500,3381.2000,12348,0,105455880.000,0,-,-,-,-,3380.8000,3380.6000,3379.8000,3377.0000,3376.6000,3382.8000,3383.0000,3383.2000,3383.8000,3384.0000,1,1,1,7,1,1,1,1,2,1
SF,IH2012,2020-07-10 09:31:01.000,3380.6000,12347,-1,107484300.000,2,0,2,多平,S,3379.8000,3377.0000,3376.6000,3376.0000,3375.0000,3381.8000,3382.8000,3383.0000,3383.2000,3383.8000,1,7,1,1,2,1,1,1,1,2
SF,IH2012,2020-07-10 09:31:01.500,3380.6000,12347,0,107484300.000,0,-,-,-,-,3380.0000,3379.8000,3377.0000,3376.6000,3376.0000,3382.6000,3382.8000,3383.0000,3383.2000,3384.0000,2,1,7,1,1,1,1,1,1,1
SF,IH2012,2020-07-10 09:31:02.000,3380.6000,12347,0,107484300.000,0,-,-,-,-,3380.0000,3379.8000,3377.0000,3376.6000,3376.0000,3382.4000,3383.2000,3384.0000,3394.0000,3399.0000,1,1,7,1,1,3,1,1,1,2
SF,IH2012,2020-07-10 09:31:02.500,3380.6000,12347,0,107484300.000,0,-,-,-,-,3380.0000,3379.8000,3377.0000,3376.6000,3376.0000,3380.8000,3382.4000,3383.2000,3384.0000,3394.0000,1,1,7,1,1,1,3,1,1,1
SF,IH2012,2020-07-10 09:31:03.000,3380.0000,12346,-1,108498300.000,1,0,1,双平,S,3379.8000,3377.0000,3376.6000,3376.0000,3375.0000,3380.8000,3382.4000,3384.0000,3394.0000,3399.0000,1,7,1,1,2,1,3,1,1,2
SF,IH2012,2020-07-10 09:31:03.500,3379.8000,12346,0,109512240.000,1,0,1,多换,S,3377.0000,3376.6000,3376.0000,3375.0000,3373.8000,3380.0000,3380.8000,3382.4000,3384.0000,3394.0000,7,1,1,2,1,1,1,3,1,1
SF,IH2012,2020-07-10 09:31:04.000,3380.0000,12344,-2,111540180.000,2,0,2,双平,S,3380.0000,3377.4000,3377.2000,3377.0000,3376.6000,3380.8000,3382.4000,3384.0000,3394.0000,3399.0000,2,2,2,7,1,1,1,1,1,2
SF,IH2012,2020-07-10 09:31:04.500,3380.0000,12342,-2,113568180.000,2,0,2,双平,S,3380.0000,3377.4000,3377.2000,3377.0000,3376.6000,3380.8000,3384.0000,3394.0000,3399.0000,3399.4000,1,2,2,7,1,1,1,1,2,4
SF,IH2012,2020-07-10 09:31:05.000,3380.0000,12342,0,116610180.000,3,1,2,多换,S,3380.0000,3377.4000,3377.2000,3377.0000,3376.6000,3380.6000,3380.8000,3384.0000,3394.0000,3399.0000,2,2,2,7,1,2,1,1,1,2
SF,IH2012,2020-07-10 09:31:05.500,3380.0000,12342,0,118638180.000,2,1,1,多换,S,3377.4000,3377.2000,3377.0000,3376.6000,3376.0000,3379.2000,3379.8000,3380.0000,3380.6000,3380.8000,2,1,7,1,1,1,1,4,1,1
SF,IH2012,2020-07-10 09:31:06.000,3380.0000,12342,0,118638180.000,0,-,-,-,-,3377.2000,3377.0000,3376.6000,3376.0000,3375.0000,3379.2000,3379.8000,3380.0000,3380.6000,3380.8000,1,7,1,1,2,1,1,4,1,1
SF,IH2012,2020-07-10 09:31:06.500,3380.0000,12342,0,118638180.000,0,-,-,-,-,3377.2000,3377.0000,3376.6000,3376.0000,3375.0000,3379.0000,3379.2000,3379.8000,3380.0000,3380.6000,1,7,1,1,2,1,1,1,4,1
SF,IH2012,2020-07-10 09:31:07.000,3380.0000,12342,0,118638180.000,0,-,-,-,-,3377.2000,3377.0000,3376.6000,3376.0000,3375.0000,3379.0000,3379.2000,3379.8000,3380.0000,3380.6000,1,7,1,1,2,1,1,1,4,1
SF,IH2012,2020-07-10 09:31:09.000,3379.0000,12341,-1,119651880.000,1,0,1,双平,S,3377.4000,3377.2000,3377.0000,3376.6000,3376.0000,3379.2000,3379.8000,3380.0000,3380.6000,3380.8000,1,1,7,1,1,1,1,4,1,1
SF,IH2012,2020-07-10 09:31:09.500,3377.4000,12341,0,120665100.000,1,0,1,多换,S,3377.2000,3377.0000,3376.6000,3376.0000,3375.0000,3379.0000,3379.8000,3380.0000,3380.6000,3380.8000,1,7,1,1,2,1,1,4,1,1
SF,IH2012,2020-07-10 09:31:10.000,3377.4000,12341,0,120665100.000,0,-,-,-,-,3377.2000,3377.0000,3376.6000,3376.0000,3375.0000,3379.0000,3379.8000,3380.0000,3380.6000,3380.8000,1,7,1,1,2,1,1,4,1,1
SF,IH2012,2020-07-10 09:31:10.500,3377.4000,12341,0,120665100.000,0,-,-,-,-,3377.2000,3377.0000,3376.6000,3376.0000,3375.0000,3379.0000,3379.8000,3380.0000,3380.6000,3380.8000,1,7,1,1,2,1,1,4,1,1
SF,IH2012,2020-07-10 09:31:11.000,3378.8000,12341,0,121678740.000,1,0,1,多换,S,3377.2000,3377.0000,3376.6000,3376.0000,3375.0000,3378.8000,3379.0000,3379.8000,3380.0000,3380.6000,1,7,1,1,2,1,1,1,4,1
SF,IH2012,2020-07-10 09:31:11.500,3378.8000,12340,-1,122692380.000,1,0,1,双平,S,3377.0000,3376.6000,3376.0000,3375.0000,3373.8000,3378.6000,3378.8000,3379.8000,3380.0000,3380.6000,7,1,1,2,1,1,1,1,4,1
SF,IH2012,2020-07-10 09:31:12.000,3378.8000,12340,0,122692380.000,0,-,-,-,-,3377.0000,3376.6000,3376.0000,3375.0000,3373.8000,3378.4000,3378.6000,3378.8000,3379.8000,3380.0000,7,1,1,2,1,2,1,1,1,4
SF,IH2012,2020-07-10 09:31:12.500,3378.8000,12340,0,122692380.000,0,-,-,-,-,3377.0000,3376.6000,3376.0000,3375.0000,3373.8000,3378.4000,3378.6000,3378.8000,3379.8000,3380.0000,7,1,1,2,1,2,1,1,1,4
SF,IH2012,2020-07-10 09:31:13.000,3378.8000,12340,0,122692380.000,0,-,-,-,-,3377.0000,3376.6000,3376.0000,3375.0000,3373.8000,3378.4000,3378.6000,3378.8000,3379.8000,3380.0000,7,1,1,1,1,2,1,1,1,4
SF,IH2012,2020-07-10 09:31:13.500,3378.8000,12340,0,122692380.000,0,-,-,-,-,3377.2000,3377.0000,3376.6000,3376.0000,3375.0000,3378.4000,3378.6000,3378.8000,3379.8000,3380.0000,1,7,1,1,1,2,1,1,1,4
SF,IH2012,2020-07-10 09:31:14.000,3378.4000,12340,0,124719420.000,2,1,1,多换,S,3378.4000,3377.2000,3377.0000,3376.6000,3376.0000,3378.6000,3378.8000,3379.8000,3380.0000,3380.8000,3,1,7,1,1,1,1,1,4,1
SF,IH2012,2020-07-10 09:31:14.500,3378.4000,12340,0,127759980.000,3,1,2,多换,S,3377.2000,3377.0000,3376.6000,3376.0000,3375.0000,3377.4000,3379.8000,3380.0000,3380.2000,3380.8000,1,7,1,1,1,2,1,4,1,1
SF,IH2012,2020-07-10 09:31:15.000,3377.4000,12338,-2,129786420.000,2,0,2,双平,S,3377.6000,3377.4000,3377.2000,3377.0000,3376.6000,3380.2000,3380.8000,3384.0000,3394.0000,3399.0000,1,1,1,7,1,1,1,1,1,2
SF,IH2012,2020-07-10 09:31:15.500,3377.4000,12338,0,129786420.000,0,-,-,-,-,3377.8000,3377.6000,3377.4000,3377.2000,3377.0000,3380.0000,3380.2000,3380.8000,3384.0000,3394.0000,1,1,1,1,7,3,1,1,1,1
SF,IH2012,2020-07-10 09:31:16.000,3377.4000,12338,0,129786420.000,0,-,-,-,-,3377.8000,3377.6000,3377.4000,3377.2000,3377.0000,3380.0000,3380.2000,3380.8000,3384.0000,3394.0000,1,1,1,1,7,3,1,1,1,1
SF,IH2012,2020-07-10 09:31:16.500,3377.4000,12338,0,129786420.000,0,-,-,-,-,3377.8000,3377.6000,3377.4000,3377.2000,3377.0000,3380.0000,3380.2000,3380.8000,3384.0000,3394.0000,1,1,1,1,7,3,1,1,1,1
SF,IH2012,2020-07-10 09:31:17.000,3377.4000,12338,0,129786420.000,0,-,-,-,-,3378.8000,3378.0000,3377.8000,3377.6000,3377.4000,3380.0000,3380.2000,3380.8000,3384.0000,3394.0000,1,1,1,1,1,2,1,1,1,1
SF,IH2012,2020-07-10 09:31:17.500,3377.8000,12336,-2,132826800.000,3,0,3,多平,S,3377.6000,3377.4000,3377.2000,3377.0000,3376.6000,3377.8000,3379.6000,3380.0000,3380.2000,3380.8000,1,1,1,7,2,5,1,2,1,1
SF,IH2012,2020-07-10 09:31:18.000,3380.0000,12330,-6,139921380.000,7,0,7,多平,S,3379.6000,3377.8000,3377.6000,3377.4000,3377.2000,3380.2000,3380.8000,3384.0000,3394.0000,3399.0000,1,2,1,1,1,1,1,1,1,2
SF,IH2012,2020-07-10 09:31:18.500,3380.2000,12330,0,140935440.000,1,0,1,多换,S,3379.6000,3377.8000,3377.6000,3377.4000,3377.0000,3380.8000,3384.0000,3394.0000,3399.0000,3399.4000,1,2,1,1,7,1,1,1,2,4
SF,IH2012,2020-07-10 09:31:19.000,3380.8000,12329,-1,141949680.000,1,0,1,双平,S,3380.8000,3379.8000,3379.6000,3377.8000,3377.6000,3384.0000,3394.0000,3399.0000,3399.4000,3400.0000,1,1,1,3,1,1,1,2,4,2
SF,IH2012,2020-07-10 09:31:19.500,3380.8000,12329,0,141949680.000,0,-,-,-,-,3381.0000,3380.8000,3379.6000,3377.8000,3377.0000,3383.8000,3384.0000,3394.0000,3399.0000,3399.4000,1,1,1,3,7,3,1,1,2,4
SF,IH2012,2020-07-10 09:31:20.000,3380.8000,12328,-1,142963920.000,1,0,1,双平,S,3380.8000,3379.6000,3377.8000,3377.0000,3376.6000,3383.6000,3383.8000,3384.0000,3394.0000,3399.0000,1,1,3,7,1,1,3,1,1,2
SF,IH2012,2020-07-10 09:31:20.500,3380.8000,12328,0,142963920.000,0,-,-,-,-,3380.8000,3379.6000,3377.8000,3377.0000,3376.6000,3383.4000,3383.6000,3383.8000,3384.0000,3394.0000,1,1,3,7,1,1,1,2,1,1
SF,IH2012,2020-07-10 09:31:21.000,3380.8000,12328,0,142963920.000,0,-,-,-,-,3380.8000,3379.6000,3377.8000,3377.0000,3376.6000,3383.2000,3383.4000,3383.8000,3384.0000,3394.0000,1,1,3,7,1,1,2,2,1,1
SF,IH2012,2020-07-10 09:31:21.500,3380.8000,12328,0,142963920.000,0,-,-,-,-,3380.8000,3379.6000,3377.8000,3377.0000,3376.0000,3383.0000,3383.2000,3383.4000,3383.8000,3384.0000,1,1,3,7,3,1,1,1,2,1
SF,IH2012,2020-07-10 09:31:22.000,3380.8000,12327,-1,144993000.000,2,0,2,多平,S,3379.6000,3377.8000,3377.0000,3376.0000,3375.0000,3383.0000,3383.4000,3383.8000,3384.0000,3394.0000,1,3,7,3,1,1,1,2,1,1
SF,IH2012,2020-07-10 09:31:22.500,3380.8000,12327,0,144993000.000,0,-,-,-,-,3379.8000,3379.6000,3377.8000,3377.0000,3376.0000,3382.8000,3383.0000,3383.4000,3383.8000,3384.0000,1,1,3,7,3,1,1,1,2,1
SF,IH2012,2020-07-10 09:31:23.000,3380.8000,12327,0,144993000.000,0,-,-,-,-,3379.8000,3379.6000,3377.8000,3377.0000,3376.0000,3382.6000,3382.8000,3383.4000,3383.8000,3384.0000,1,1,3,7,3,1,1,1,2,1
SF,IH2012,2020-07-10 09:31:23.500,3380.8000,12327,0,144993000.000,0,-,-,-,-,3379.8000,3379.6000,3377.8000,3377.0000,3376.0000,3380.8000,3382.4000,3382.6000,3383.4000,3383.8000,1,1,3,7,3,1,1,1,1,2
SF,IH2012,2020-07-10 09:31:24.000,3380.8000,12326,-1,146007240.000,1,0,1,双平,S,3380.8000,3379.8000,3379.6000,3377.8000,3377.0000,3382.4000,3382.6000,3383.4000,3384.0000,3394.0000,1,1,1,3,7,1,1,1,1,1
SF,IH2012,2020-07-10 09:31:24.500,3380.8000,12326,0,146007240.000,0,-,-,-,-,3379.6000,3377.8000,3377.0000,3376.0000,3375.0000,3380.8000,3382.2000,3383.4000,3384.0000,3394.0000,1,3,7,3,1,1,2,1,1,1
SF,IH2012,2020-07-10 09:31:25.000,3380.6000,12324,-2,148035300.000,2,0,2,双平,S,3379.6000,3379.2000,3377.8000,3377.0000,3376.0000,3380.8000,3381.6000,3382.2000,3383.4000,3384.0000,1,1,3,7,3,1,3,2,1,1
SF,IH2012,2020-07-10 09:31:25.500,3379.6000,12324,0,149049180.000,1,0,1,多换,S,3379.2000,3377.8000,3377.0000,3376.0000,3375.0000,3380.6000,3380.8000,3381.6000,3382.2000,3383.4000,1,3,7,3,1,1,1,3,1,1
SF,IH2012,2020-07-10 09:31:26.000,3379.2000,12324,0,150062940.000,1,0,1,多换,S,3377.8000,3377.0000,3376.0000,3375.0000,3373.8000,3379.6000,3380.6000,3380.8000,3382.2000,3383.4000,3,7,3,1,2,2,2,1,1,1
SF,IH2012,2020-07-10 09:31:26.500,3379.2000,12324,0,150062940.000,0,-,-,-,-,3378.0000,3377.8000,3377.0000,3376.0000,3375.0000,3379.6000,3380.6000,3380.8000,3383.4000,3384.0000,1,3,7,3,1,2,2,1,1,1
SF,IH2012,2020-07-10 09:31:27.000,3379.2000,12324,0,150062940.000,0,-,-,-,-,3378.0000,3377.8000,3377.0000,3376.0000,3375.0000,3379.6000,3380.6000,3380.8000,3383.4000,3384.0000,1,2,7,3,1,2,2,1,1,1
SF,IH2012,2020-07-10 09:31:27.500,3379.2000,12324,0,150062940.000,0,-,-,-,-,3379.0000,3378.0000,3377.8000,3377.0000,3376.0000,3379.6000,3380.6000,3380.8000,3383.4000,3384.0000,1,1,2,7,3,2,2,1,1,1
SF,IH2012,2020-07-10 09:31:28.000,3379.6000,12321,-3,153104400.000,3,0,3,双平,S,3379.2000,3378.0000,3377.8000,3377.0000,3376.0000,3380.6000,3380.8000,3383.4000,3384.0000,3394.0000,1,1,1,7,3,2,1,1,1,1
SF,IH2012,2020-07-10 09:31:28.500,3379.6000,12321,0,153104400.000,0,-,-,-,-,3379.2000,3378.0000,3377.8000,3377.0000,3376.0000,3380.6000,3380.8000,3382.2000,3383.4000,3384.0000,1,1,1,7,3,2,1,1,1,1
SF,IH2012,2020-07-10 09:31:30.000,3379.6000,12321,0,153104400.000,0,-,-,-,-,3379.4000,3378.0000,3377.8000,3377.0000,3376.0000,3380.6000,3380.8000,3382.2000,3383.4000,3384.0000,1,1,1,7,3,2,1,1,1,1
SF,IH2012,2020-07-10 09:31:30.500,3379.4000,12321,0,154118220.000,1,0,1,多换,S,3378.0000,3377.8000,3377.0000,3376.0000,3375.0000,3379.4000,3380.4000,3380.6000,3380.8000,3382.2000,1,1,7,3,1,1,1,2,1,1
SF,IH2012,2020-07-10 09:31:31.000,3379.4000,12321,0,155132040.000,1,0,1,多换,S,3378.0000,3377.8000,3377.0000,3376.0000,3375.0000,3380.4000,3380.6000,3380.8000,3382.4000,3383.4000,1,1,7,3,1,2,2,1,1,1
SF,IH2012,2020-07-10 09:31:31.500,3379.4000,12321,0,155132040.000,0,-,-,-,-,3377.8000,3377.0000,3376.0000,3375.0000,3373.8000,3380.2000,3380.4000,3380.6000,3380.8000,3382.4000,1,7,3,1,2,2,2,1,1,1
SF,IH2012,2020-07-10 09:31:32.000,3379.4000,12321,0,155132040.000,0,-,-,-,-,3378.2000,3378.0000,3377.8000,3377.0000,3376.0000,3380.0000,3380.2000,3380.4000,3380.6000,3380.8000,1,1,1,7,3,1,1,2,1,1
SF,IH2012,2020-07-10 09:31:32.500,3379.4000,12321,0,155132040.000,0,-,-,-,-,3378.2000,3378.0000,3377.8000,3377.0000,3376.0000,3379.2000,3379.8000,3380.0000,3380.4000,3380.6000,1,1,1,7,3,1,1,1,2,1
SF,IH2012,2020-07-10 09:31:33.000,3379.4000,12321,0,155132040.000,0,-,-,-,-,3378.2000,3377.8000,3377.0000,3376.0000,3375.0000,3379.0000,3379.2000,3380.0000,3380.4000,3380.6000,1,1,7,3,1,1,1,1,2,1
SF,IH2012,2020-07-10 09:31:33.500,3379.4000,12321,0,155132040.000,0,-,-,-,-,3378.2000,3377.8000,3377.0000,3376.0000,3375.0000,3379.0000,3379.2000,3380.4000,3380.6000,3380.8000,1,1,7,3,1,1,1,2,1,1
SF,IH2012,2020-07-10 09:31:34.000,3379.4000,12321,0,155132040.000,0,-,-,-,-,3378.2000,3377.8000,3377.0000,3376.0000,3375.0000,3379.0000,3379.2000,3380.4000,3380.6000,3380.8000,1,1,7,3,1,1,1,2,1,1
SF,IH2012,2020-07-10 09:31:36.000,3379.4000,12321,0,155132040.000,0,-,-,-,-,3378.2000,3377.8000,3377.0000,3376.0000,3375.0000,3379.0000,3379.2000,3380.4000,3380.6000,3380.8000,1,1,7,3,1,1,1,2,1,1
SF,IH2012,2020-07-10 09:31:36.500,3379.0000,12320,-1,156145740.000,1,0,1,双平,S,3379.0000,3378.2000,3377.8000,3377.0000,3376.0000,3379.2000,3380.4000,3380.6000,3380.8000,3383.4000,1,1,1,7,3,1,2,1,1,1
SF,IH2012,2020-07-10 09:31:37.000,3379.0000,12317,-3,159186960.000,3,0,3,双平,S,3378.2000,3377.8000,3377.0000,3376.0000,3375.0000,3380.4000,3380.6000,3380.8000,3383.4000,3384.0000,2,1,7,3,1,2,1,1,1,1
SF,IH2012,2020-07-10 09:31:37.500,3378.2000,12315,-2,162227340.000,3,0,3,多平,S,3377.8000,3377.0000,3376.0000,3375.0000,3373.8000,3380.2000,3380.4000,3380.6000,3380.8000,3382.2000,1,7,3,1,2,1,2,1,1,1
SF,IH2012,2020-07-10 09:31:38.000,3378.2000,12315,0,162227340.000,0,-,-,-,-,3378.0000,3377.8000,3377.0000,3376.0000,3375.0000,3380.0000,3380.4000,3380.6000,3380.8000,3382.2000,4,1,8,3,1,1,2,1,1,1
SF,IH2012,2020-07-10 09:31:38.500,3378.2000,12315,0,162227340.000,0,-,-,-,-,3378.0000,3377.8000,3377.0000,3376.0000,3375.0000,3378.2000,3380.0000,3380.4000,3380.6000,3380.8000,3,1,8,3,1,1,1,2,1,1
SF,IH2012,2020-07-10 09:31:39.000,3378.2000,12314,-1,163240800.000,1,0,1,双平,S,3378.2000,3378.0000,3377.8000,3377.0000,3376.0000,3380.4000,3380.6000,3383.4000,3384.0000,3385.0000,4,2,1,8,3,1,1,1,1,2
SF,IH2012,2020-07-10 09:31:39.500,3378.2000,12314,0,163240800.000,0,-,-,-,-,3378.4000,3378.2000,3378.0000,3377.8000,3377.0000,3380.2000,3380.4000,3380.6000,3383.4000,3384.0000,1,4,2,1,8,2,1,1,1,1
SF,IH2012,2020-07-10 09:31:40.000,3378.2000,12314,0,163240800.000,0,-,-,-,-,3378.6000,3378.4000,3378.2000,3378.0000,3377.8000,3380.4000,3380.6000,3383.4000,3384.0000,3385.0000,1,1,4,1,1,1,1,1,1,2
SF,IH2012,2020-07-10 09:31:40.500,3378.2000,12314,0,163240800.000,0,-,-,-,-,3378.4000,3378.2000,3378.0000,3377.8000,3377.0000,3380.2000,3380.4000,3380.6000,3383.4000,3384.0000,1,7,1,1,8,2,1,1,1,1
SF,IH2012,2020-07-10 09:31:41.000,3378.2000,12314,0,163240800.000,0,-,-,-,-,3379.0000,3378.4000,3378.2000,3378.0000,3377.8000,3380.2000,3384.0000,3385.0000,3394.0000,3399.0000,2,1,7,1,1,2,1,2,1,2
SF,IH2012,2020-07-10 09:31:41.500,3378.4000,12313,-1,164254320.000,1,0,1,双平,S,3379.0000,3378.4000,3378.2000,3378.0000,3377.8000,3380.2000,3384.0000,3385.0000,3394.0000,3399.0000,1,1,7,1,1,2,1,2,1,2
SF,IH2012,2020-07-10 09:31:43.500,3380.2000,12312,-1,165268380.000,1,0,1,双平,S,3379.0000,3378.4000,3378.2000,3378.0000,3377.8000,3380.2000,3384.0000,3385.0000,3394.0000,3399.0000,1,1,7,1,1,1,1,2,1,2
SF,IH2012,2020-07-10 09:31:44.000,3380.2000,12312,0,166282440.000,1,0,1,多换,S,3379.2000,3379.0000,3378.4000,3378.2000,3378.0000,3384.0000,3385.0000,3394.0000,3399.0000,3399.4000,1,1,1,7,1,1,2,1,2,4
SF,IH2012,2020-07-10 09:31:44.500,3380.2000,12312,0,166282440.000,0,-,-,-,-,3379.4000,3379.0000,3378.2000,3378.0000,3377.8000,3383.6000,3383.8000,3384.0000,3385.0000,3394.0000,2,1,7,1,1,7,1,1,2,1
SF,IH2012,2020-07-10 09:31:45.000,3380.2000,12312,0,166282440.000,0,-,-,-,-,3379.6000,3379.4000,3379.0000,3378.2000,3378.0000,3383.4000,3383.6000,3384.0000,3385.0000,3394.0000,1,2,1,6,1,1,7,1,2,1
SF,IH2012,2020-07-10 09:31:45.500,3380.2000,12312,0,166282440.000,0,-,-,-,-,3379.8000,3379.4000,3379.0000,3378.2000,3378.0000,3383.0000,3383.4000,3384.0000,3385.0000,3394.0000,1,1,1,3,1,7,1,1,2,1
SF,IH2012,2020-07-10 09:31:46.000,3380.2000,12312,0,166282440.000,0,-,-,-,-,3379.8000,3379.6000,3379.0000,3378.2000,3378.0000,3382.8000,3383.0000,3384.0000,3385.0000,3394.0000,1,3,1,3,1,1,7,1,2,1
SF,IH2012,2020-07-10 09:31:46.500,3382.8000,12311,-1,168311280.000,2,0,2,多平,S,3379.8000,3379.6000,3379.0000,3378.2000,3377.8000,3383.0000,3384.0000,3385.0000,3394.0000,3399.0000,1,3,1,2,1,7,1,2,1,3
SF,IH2012,2020-07-10 09:31:47.000,3382.8000,12311,0,168311280.000,0,-,-,-,-,3380.0000,3379.8000,3379.0000,3378.2000,3377.8000,3382.8000,3383.0000,3384.0000,3385.0000,3394.0000,5,2,1,2,1,4,7,1,2,1
SF,IH2012,2020-07-10 09:31:47.500,3382.8000,12311,0,168311280.000,0,-,-,-,-,3380.2000,3380.0000,3379.8000,3379.0000,3378.2000,3382.8000,3383.0000,3384.0000,3385.0000,3394.0000,1,5,1,1,2,4,7,1,2,1
SF,IH2012,2020-07-10 09:31:48.000,3382.8000,12311,0,168311280.000,0,-,-,-,-,3380.4000,3380.2000,3380.0000,3379.8000,3379.0000,3382.8000,3384.0000,3385.0000,3394.0000,3399.0000,3,1,3,1,1,4,1,2,1,3
SF,IH2012,2020-07-10 09:31:48.500,3382.8000,12311,0,168311280.000,0,-,-,-,-,3380.6000,3380.4000,3380.2000,3379.8000,3379.0000,3382.8000,3384.0000,3385.0000,3394.0000,3399.0000,2,3,3,1,1,3,1,2,1,3
SF,IH2012,2020-07-10 09:31:49.000,3382.8000,12310,-1,169326120.000,1,0,1,双平,S,3380.8000,3380.6000,3380.4000,3380.2000,3379.8000,3382.8000,3384.0000,3385.0000,3394.0000,3399.0000,1,2,2,3,1,2,1,2,1,3
SF,IH2012,2020-07-10 09:31:49.500,3382.8000,12310,0,169326120.000,0,-,-,-,-,3381.0000,3380.8000,3380.6000,3380.4000,3379.8000,3382.8000,3384.0000,3385.0000,3394.0000,3399.0000,1,4,2,2,1,2,1,2,1,3
SF,IH2012,2020-07-10 09:31:50.000,3382.8000,12310,0,169326120.000,0,-,-,-,-,3381.2000,3381.0000,3380.8000,3380.6000,3380.4000,3382.8000,3384.0000,3385.0000,3394.0000,3399.0000,1,1,3,2,2,2,1,2,1,3
SF,IH2012,2020-07-10 09:31:50.500,3381.4000,12310,0,171355380.000,2,1,1,多换,S,3382.8000,3381.4000,3381.2000,3381.0000,3380.6000,3384.0000,3385.0000,3394.0000,3399.0000,3399.4000,1,3,1,1,2,1,2,1,3,4
SF,IH2012,2020-07-10 09:31:51.000,3381.4000,12310,0,171355380.000,0,-,-,-,-,3382.8000,3381.4000,3381.2000,3381.0000,3380.6000,3383.0000,3383.8000,3384.0000,3385.0000,3394.0000,1,3,1,1,2,1,1,1,2,1
SF,IH2012,2020-07-10 09:31:51.500,3383.0000,12309,-1,173385120.000,2,0,2,多平,S,3381.2000,3381.0000,3380.6000,3380.4000,3379.0000,3382.8000,3383.8000,3384.0000,3385.0000,3394.0000,1,1,2,1,1,1,1,1,2,1
SF,IH2012,2020-07-10 09:31:52.000,3383.0000,12307,-2,175414920.000,2,0,2,双平,S,3383.0000,3381.2000,3381.0000,3380.6000,3379.0000,3384.0000,3385.0000,3394.0000,3399.0000,3399.4000,1,1,1,2,1,1,2,1,3,4
SF,IH2012,2020-07-10 09:31:52.500,3384.0000,12307,0,176430120.000,1,0,1,多换,S,3383.0000,3381.2000,3381.0000,3380.6000,3379.0000,3385.0000,3394.0000,3399.0000,3399.4000,3404.0000,1,1,1,1,1,2,1,3,4,1
SF,IH2012,2020-07-10 09:31:53.000,3384.0000,12307,0,176430120.000,0,-,-,-,-,3383.0000,3381.6000,3381.2000,3380.6000,3379.0000,3384.8000,3385.0000,3394.0000,3399.0000,3399.4000,1,1,1,1,1,1,2,1,3,4
SF,IH2012,2020-07-10 09:31:53.500,3384.0000,12307,0,176430120.000,0,-,-,-,-,3383.0000,3381.6000,3381.2000,3380.6000,3379.0000,3384.6000,3384.8000,3385.0000,3394.0000,3399.0000,1,1,1,1,1,1,1,2,1,3
SF,IH2012,2020-07-10 09:31:54.000,3384.0000,12307,0,176430120.000,0,-,-,-,-,3383.2000,3381.6000,3381.2000,3380.6000,3379.0000,3384.4000,3384.6000,3385.0000,3394.0000,3399.0000,1,1,1,1,1,1,1,2,1,3
SF,IH2012,2020-07-10 09:31:54.500,3384.0000,12307,0,176430120.000,0,-,-,-,-,3383.4000,3383.2000,3381.6000,3380.6000,3379.0000,3384.6000,3385.0000,3394.0000,3399.0000,3399.4000,1,2,1,1,1,1,2,1,3,4
SF,IH2012,2020-07-10 09:31:55.000,3384.6000,12306,-1,177445500.000,1,0,1,双平,S,3383.4000,3383.2000,3381.6000,3380.6000,3379.0000,3385.0000,3394.0000,3399.0000,3399.4000,3404.0000,1,2,1,1,1,2,1,3,4,1
SF,IH2012,2020-07-10 09:31:55.500,3384.6000,12306,0,177445500.000,0,-,-,-,-,3384.4000,3383.4000,3383.2000,3380.6000,3377.8000,3385.0000,3394.0000,3399.0000,3399.4000,3404.0000,1,2,1,1,1,2,1,3,4,1
SF,IH2012,2020-07-10 09:31:56.500,3384.6000,12306,0,177445500.000,0,-,-,-,-,3384.4000,3383.6000,3383.4000,3383.2000,3380.6000,3385.0000,3394.0000,3399.0000,3399.4000,3404.0000,1,1,1,1,1,2,1,3,4,1
SF,IH2012,2020-07-10 09:31:57.000,3384.6000,12306,0,177445500.000,0,-,-,-,-,3384.4000,3383.6000,3383.4000,3383.2000,3377.8000,3385.0000,3394.0000,3399.0000,3399.4000,3404.0000,1,1,1,1,1,2,1,3,4,1
SF,IH2012,2020-07-10 09:31:57.500,3385.0000,12305,-1,178461000.000,1,0,1,双平,S,3384.4000,3383.4000,3383.2000,3377.8000,3377.0000,3385.0000,3394.0000,3399.0000,3399.4000,3404.0000,1,1,1,1,8,1,1,3,4,1
SF,IH2012,2020-07-10 09:31:58.000,3385.0000,12304,-1,179476500.000,1,0,1,双平,S,3384.4000,3383.6000,3383.4000,3383.2000,3377.8000,3394.0000,3399.0000,3399.4000,3404.0000,3406.8000,1,1,1,1,1,1,3,4,1,1
SF,IH2012,2020-07-10 09:31:58.500,3385.0000,12304,0,179476500.000,0,-,-,-,-,3384.6000,3384.4000,3383.6000,3383.2000,3377.8000,3389.4000,3393.0000,3393.4000,3393.6000,3393.8000,2,1,1,1,1,1,2,2,7,3
SF,IH2012,2020-07-10 09:31:59.000,3385.0000,12304,0,179476500.000,0,-,-,-,-,3384.8000,3384.4000,3383.2000,3377.8000,3377.0000,3389.0000,3389.2000,3389.4000,3391.0000,3393.4000,1,1,1,1,8,7,2,1,1,2
SF,IH2012,2020-07-10 09:31:59.500,3384.8000,12301,-3,182522880.000,3,0,3,双平,S,3384.4000,3383.2000,3377.8000,3377.0000,3376.0000,3388.8000,3389.0000,3389.4000,3391.0000,3393.4000,1,1,1,8,3,2,7,1,1,2
SF,IH2012,2020-07-10 09:32:00.000,3388.4000,12300,-1,183539400.000,1,0,1,双平,S,3384.6000,3384.4000,3383.2000,3378.0000,3377.8000,3388.4000,3388.8000,3389.4000,3391.0000,3393.4000,1,1,1,1,1,6,2,1,1,2
SF,IH2012,2020-07-10 09:32:00.500,3384.8000,12299,-1,184554840.000,1,0,1,双平,S,3384.8000,3384.4000,3383.2000,3378.0000,3377.8000,3388.2000,3388.4000,3389.4000,3391.0000,3393.4000,2,1,1,1,1,2,7,1,1,2
SF,IH2012,2020-07-10 09:32:01.000,3387.8000,12298,-1,185571180.000,1,0,1,双平,S,3385.0000,3384.8000,3384.4000,3383.2000,3378.0000,3387.8000,3388.2000,3388.4000,3389.4000,3393.4000,1,2,1,1,1,5,2,1,1,2
SF,IH2012,2020-07-10 09:32:01.500,3387.8000,12298,0,185571180.000,0,-,-,-,-,3385.0000,3384.8000,3384.4000,3383.2000,3378.0000,3387.6000,3387.8000,3388.0000,3388.4000,3389.4000,1,2,1,1,1,2,5,1,1,1
SF,IH2012,2020-07-10 09:32:02.000,3387.8000,12298,0,185571180.000,0,-,-,-,-,3385.2000,3385.0000,3384.8000,3384.4000,3383.2000,3387.2000,3387.4000,3387.6000,3388.4000,3389.4000,1,1,2,1,1,5,8,3,1,1
SF,IH2012,2020-07-10 09:32:02.500,3385.2000,12297,-1,186586740.000,1,0,1,双平,S,3384.8000,3384.4000,3383.2000,3378.0000,3377.8000,3387.0000,3387.2000,3387.6000,3388.4000,3389.4000,2,1,1,1,1,1,5,2,1,1
SF,IH2012,2020-07-10 09:32:03.000,3385.2000,12297,0,186586740.000,0,-,-,-,-,3384.8000,3384.4000,3383.2000,3378.0000,3377.8000,3386.6000,3386.8000,3387.0000,3388.2000,3388.4000,2,1,1,1,1,5,1,1,1,1
SF,IH2012,2020-07-10 09:32:03.500,3385.2000,12297,0,186586740.000,0,-,-,-,-,3384.8000,3384.4000,3378.0000,3377.8000,3377.0000,3386.2000,3386.4000,3386.6000,3386.8000,3388.2000,2,1,1,1,8,1,1,5,1,1
SF,IH2012,2020-07-10 09:32:04.000,3385.2000,12297,0,186586740.000,0,-,-,-,-,3384.8000,3384.4000,3378.0000,3377.8000,3377.0000,3386.0000,3386.6000,3386.8000,3388.2000,3389.4000,2,1,1,1,8,1,5,1,1,1
SF,IH2012,2020-07-10 09:32:04.500,3385.2000,12297,0,186586740.000,0,-,-,-,-,3384.8000,3384.4000,3378.0000,3377.8000,3377.0000,3385.8000,3386.0000,3386.8000,3388.2000,3389.4000,2,1,1,1,8,1,1,1,1,1
SF,IH2012,2020-07-10 09:32:05.000,3385.8000,12296,-1,187602480.000,1,0,1,双平,S,3385.8000,3384.8000,3384.4000,3378.0000,3377.8000,3386.0000,3386.8000,3388.2000,3389.4000,3393.4000,1,2,1,1,1,1,1,1,1,2
SF,IH2012,2020-07-10 09:32:05.500,3386.0000,12295,-1,189634020.000,2,0,2,多平,S,3385.0000,3384.8000,3384.4000,3378.0000,3377.8000,3388.2000,3389.4000,3393.4000,3394.0000,3399.0000,1,2,1,1,1,1,1,2,1,3
SF,IH2012,2020-07-10 09:32:06.000,3386.0000,12295,0,189634020.000,0,-,-,-,-,3386.0000,3385.0000,3384.4000,3378.0000,3377.8000,3387.8000,3388.0000,3389.4000,3393.4000,3394.0000,1,2,1,1,1,5,2,1,2,1
SF,IH2012,2020-07-10 09:32:06.500,3386.0000,12295,0,189634020.000,0,-,-,-,-,3386.0000,3385.0000,3384.4000,3378.0000,3377.8000,3387.6000,3387.8000,3388.0000,3389.4000,3393.4000,1,1,1,1,1,1,5,1,1,2
SF,IH2012,2020-07-10 09:32:07.000,3386.0000,12296,1,190649820.000,1,1,0,双开,S,3385.4000,3385.0000,3384.4000,3378.0000,3377.8000,3385.8000,3387.2000,3387.6000,3388.0000,3389.4000,1,2,1,1,1,1,5,1,1,1
SF,IH2012,2020-07-10 09:32:07.500,3385.8000,12295,-1,191665560.000,1,0,1,双平,S,3385.8000,3385.4000,3385.0000,3384.4000,3378.0000,3387.2000,3388.0000,3389.4000,3393.4000,3394.0000,1,1,2,1,1,5,1,1,2,1
SF,IH2012,2020-07-10 09:32:08.000,3385.8000,12295,0,191665560.000,0,-,-,-,-,3385.8000,3385.4000,3385.0000,3384.4000,3378.0000,3387.2000,3388.0000,3389.4000,3393.4000,3394.0000,1,1,3,1,1,5,1,1,2,1
SF,IH2012,2020-07-10 09:32:08.500,3387.2000,12295,0,192681720.000,1,0,1,多换,S,3386.0000,3385.8000,3385.0000,3384.4000,3378.0000,3387.2000,3388.0000,3389.4000,3393.4000,3394.0000,1,1,3,1,1,4,1,1,2,1
SF,IH2012,2020-07-10 09:32:09.000,3387.2000,12295,0,192681720.000,0,-,-,-,-,3386.0000,3385.8000,3385.0000,3384.4000,3378.0000,3387.2000,3388.0000,3389.4000,3393.4000,3394.0000,1,1,3,1,1,4,1,1,2,1
SF,IH2012,2020-07-10 09:32:09.500,3387.2000,12295,0,192681720.000,0,-,-,-,-,3386.2000,3386.0000,3385.8000,3385.0000,3384.4000,3387.2000,3388.0000,3389.4000,3393.4000,3394.0000,1,1,1,3,1,4,1,1,2,1
SF,IH2012,2020-07-10 09:32:10.000,3387.2000,12293,-2,194714040.000,2,0,2,双平,S,3386.0000,3385.8000,3385.0000,3384.4000,3378.0000,3388.0000,3389.4000,3393.4000,3394.0000,3399.0000,1,1,3,1,1,1,1,2,1,3
SF,IH2012,2020-07-10 09:32:10.500,3387.2000,12293,0,194714040.000,0,-,-,-,-,3386.2000,3386.0000,3385.8000,3385.0000,3384.4000,3388.0000,3389.4000,3393.4000,3394.0000,3399.0000,1,1,1,3,1,1,1,2,1,3
SF,IH2012,2020-07-10 09:32:11.500,3388.0000,12293,0,195730440.000,1,0,1,多换,S,3386.4000,3386.2000,3385.8000,3385.0000,3384.4000,3393.4000,3394.0000,3399.0000,3399.4000,3404.0000,2,1,1,3,1,2,1,3,4,1
SF,IH2012,2020-07-10 09:32:12.000,3388.0000,12293,0,195730440.000,0,-,-,-,-,3386.6000,3386.4000,3385.8000,3385.0000,3384.4000,3393.0000,3393.2000,3393.4000,3394.0000,3399.0000,1,2,1,3,1,2,2,2,1,3
SF,IH2012,2020-07-10 09:32:12.500,3388.0000,12293,0,195730440.000,0,-,-,-,-,3386.8000,3386.6000,3386.4000,3385.8000,3385.0000,3392.8000,3393.0000,3393.2000,3393.4000,3394.0000,1,1,2,1,3,1,2,1,2,1
SF,IH2012,2020-07-10 09:32:13.000,3388.0000,12293,0,195730440.000,0,-,-,-,-,3387.0000,3386.8000,3385.8000,3385.0000,3384.4000,3392.4000,3392.8000,3393.2000,3393.4000,3394.0000,1,2,1,3,1,2,1,1,2,1
SF,IH2012,2020-07-10 09:32:13.500,3388.0000,12293,0,195730440.000,0,-,-,-,-,3387.2000,3387.0000,3386.8000,3385.8000,3385.0000,3392.2000,3392.4000,3393.2000,3393.4000,3394.0000,1,1,1,1,3,1,2,1,2,1
SF,IH2012,2020-07-10 09:32:14.000,3388.0000,12293,0,195730440.000,0,-,-,-,-,3387.4000,3387.2000,3385.8000,3385.0000,3384.4000,3391.8000,3392.0000,3392.2000,3393.2000,3393.4000,2,1,1,3,1,2,1,1,1,2
SF,IH2012,2020-07-10 09:32:14.500,3388.0000,12293,0,195730440.000,0,-,-,-,-,3387.6000,3387.4000,3385.8000,3385.0000,3384.4000,3391.6000,3391.8000,3392.0000,3393.2000,3393.4000,1,2,1,3,1,1,2,1,1,2
SF,IH2012,2020-07-10 09:32:15.000,3388.0000,12293,0,195730440.000,0,-,-,-,-,3387.8000,3386.6000,3385.8000,3385.0000,3384.4000,3391.2000,3391.4000,3391.6000,3392.0000,3393.2000,1,1,1,2,1,2,1,1,1,1
SF,IH2012,2020-07-10 09:32:15.500,3388.0000,12293,0,195730440.000,0,-,-,-,-,3387.8000,3386.6000,3385.8000,3385.0000,3384.4000,3390.2000,3391.0000,3391.2000,3391.4000,3392.0000,1,1,1,2,1,1,1,2,1,1
SF,IH2012,2020-07-10 09:32:16.000,3388.0000,12293,0,195730440.000,0,-,-,-,-,3387.8000,3386.6000,3385.8000,3385.0000,3384.4000,3389.8000,3390.0000,3391.0000,3391.4000,3392.0000,1,1,1,2,1,2,1,1,1,1
SF,IH2012,2020-07-10 09:32:16.500,3388.0000,12293,0,195730440.000,0,-,-,-,-,3386.6000,3385.8000,3385.0000,3384.4000,3378.0000,3387.8000,3389.6000,3389.8000,3391.4000,3392.0000,1,1,2,1,1,2,2,2,1,1
SF,IH2012,2020-07-10 09:32:17.000,3388.0000,12293,0,195730440.000,0,-,-,-,-,3386.6000,3385.8000,3385.0000,3384.4000,3382.0000,3387.8000,3389.6000,3389.8000,3391.4000,3393.4000,1,1,2,1,1,2,2,2,1,1
SF,IH2012,2020-07-10 09:32:17.500,3388.0000,12293,0,195730440.000,0,-,-,-,-,3386.6000,3385.0000,3384.4000,3382.0000,3378.0000,3387.8000,3389.6000,3389.8000,3393.4000,3399.0000,1,2,1,1,1,2,2,2,1,3
SF,IH2012,2020-07-10 09:32:18.000,3387.8000,12293,0,196746780.000,1,0,1,多换,S,3386.6000,3385.0000,3384.4000,3382.0000,3378.0000,3387.8000,3389.6000,3389.8000,3393.4000,3399.0000,1,2,1,1,1,1,3,2,1,3
SF,IH2012,2020-07-10 09:32:18.500,3387.8000,12293,0,196746780.000,0,-,-,-,-,3386.8000,3386.6000,3385.0000,3384.4000,3382.0000,3387.8000,3389.6000,3389.8000,3393.4000,3399.0000,1,1,2,1,1,1,2,2,1,3
SF,IH2012,2020-07-10 09:32:19.000,3387.8000,12293,0,197763120.000,1,0,1,多换,S,3387.0000,3386.6000,3385.0000,3384.4000,3382.0000,3389.6000,3389.8000,3393.4000,3399.0000,3399.4000,1,1,2,1,1,1,2,1,3,4
SF,IH2012,2020-07-10 09:32:19.500,3387.8000,12293,0,197763120.000,0,-,-,-,-,3387.2000,3387.0000,3386.6000,3385.0000,3384.4000,3389.4000,3389.6000,3391.6000,3393.4000,3399.0000,2,1,1,2,1,1,1,1,1,3
SF,IH2012,2020-07-10 09:32:20.000,3387.8000,12293,0,197763120.000,0,-,-,-,-,3387.2000,3387.0000,3386.6000,3385.0000,3384.4000,3389.4000,3389.6000,3391.6000,3393.4000,3399.0000,2,1,1,2,1,1,1,1,1,3
SF,IH2012,2020-07-10 09:32:20.500,3387.8000,12293,0,197763120.000,0,-,-,-,-,3387.8000,3387.2000,3387.0000,3386.6000,3385.0000,3389.4000,3389.6000,3391.6000,3393.4000,3399.0000,1,2,1,1,2,1,1,1,1,3
SF,IH2012,2020-07-10 09:32:21.500,3387.8000,12293,0,197763120.000,0,-,-,-,-,3388.0000,3387.8000,3387.2000,3386.6000,3385.0000,3389.4000,3389.6000,3391.6000,3393.4000,3399.0000,1,1,2,1,2,1,1,1,1,3
SF,IH2012,2020-07-10 09:32:22.000,3387.8000,12293,0,197763120.000,0,-,-,-,-,3388.2000,3388.0000,3387.8000,3387.2000,3386.6000,3389.6000,3391.6000,3393.4000,3399.0000,3399.4000,1,1,1,1,1,1,1,1,3,4
SF,IH2012,2020-07-10 09:32:22.500,3387.8000,12293,0,197763120.000,0,-,-,-,-,3388.2000,3388.0000,3387.8000,3387.2000,3386.6000,3391.6000,3393.4000,3399.0000,3399.4000,3400.0000,1,1,1,1,1,1,1,3,4,1
SF,IH2012,2020-07-10 09:32:23.000,3387.8000,12293,0,197763120.000,0,-,-,-,-,3388.4000,3388.2000,3388.0000,3387.8000,3386.6000,3391.2000,3391.4000,3391.6000,3393.0000,3393.4000,1,1,1,1,1,2,1,1,1,1
SF,IH2012,2020-07-10 09:32:23.500,3387.8000,12293,0,197763120.000,0,-,-,-,-,3388.6000,3388.4000,3388.0000,3387.8000,3386.6000,3391.0000,3391.2000,3391.6000,3393.0000,3393.4000,1,1,4,1,1,1,2,1,1,1
SF,IH2012,2020-07-10 09:32:24.000,3387.8000,12293,0,197763120.000,0,-,-,-,-,3388.8000,3388.6000,3388.0000,3387.8000,3386.6000,3391.0000,3391.2000,3391.6000,3393.0000,3399.0000,2,1,4,1,1,1,2,1,1,3
SF,IH2012,2020-07-10 09:32:24.500,3387.8000,12293,0,197763120.000,0,-,-,-,-,3389.0000,3388.8000,3388.0000,3387.8000,3386.6000,3391.0000,3391.2000,3391.6000,3393.0000,3399.0000,1,2,4,1,1,1,2,1,1,3
SF,IH2012,2020-07-10 09:32:25.000,3391.0000,12292,-1,198780420.000,1,0,1,双平,S,3391.0000,3389.0000,3388.8000,3388.0000,3387.8000,3391.6000,3393.0000,3399.0000,3399.4000,3400.0000,2,1,2,5,1,1,1,3,4,1
SF,IH2012,2020-07-10 09:32:25.500,3391.0000,12290,-2,200815020.000,2,0,2,双平,S,3391.8000,3389.0000,3388.8000,3388.0000,3387.8000,3393.0000,3399.0000,3399.4000,3400.0000,3404.0000,1,1,1,5,1,1,3,4,1,1
SF,IH2012,2020-07-10 09:32:26.000,3391.8000,12289,-1,201832560.000,1,0,1,双平,S,3388.8000,3388.0000,3387.8000,3386.6000,3385.0000,3391.0000,3392.6000,3393.0000,3394.4000,3399.0000,1,5,1,1,2,1,2,1,1,3
SF,IH2012,2020-07-10 09:32:26.500,3391.0000,12289,0,202849860.000,1,0,1,多换,S,3388.8000,3388.0000,3387.8000,3386.6000,3385.0000,3392.6000,3393.0000,3395.0000,3399.0000,3399.4000,1,5,1,1,2,2,1,1,3,4
SF,IH2012,2020-07-10 09:32:27.000,3391.0000,12289,0,202849860.000,0,-,-,-,-,3389.0000,3388.8000,3388.0000,3387.8000,3386.6000,3392.4000,3392.6000,3393.0000,3394.6000,3395.0000,3,1,5,1,1,2,2,1,1,1
SF,IH2012,2020-07-10 09:32:27.500,3391.0000,12289,0,202849860.000,0,-,-,-,-,3389.4000,3389.2000,3389.0000,3388.0000,3387.8000,3392.4000,3392.6000,3393.0000,3394.6000,3395.0000,1,1,1,5,1,2,2,1,1,1
SF,IH2012,2020-07-10 09:32:28.000,3389.6000,12288,-1,203866740.000,1,0,1,双平,S,3389.6000,3389.4000,3388.0000,3387.8000,3386.6000,3392.2000,3392.4000,3393.0000,3394.6000,3395.0000,1,1,5,1,1,1,2,1,1,1
SF,IH2012,2020-07-10 09:32:28.500,3389.6000,12288,0,203866740.000,0,-,-,-,-,3389.6000,3389.4000,3388.0000,3387.8000,3386.6000,3392.0000,3392.2000,3392.4000,3393.0000,3395.0000,1,1,5,1,1,2,1,1,1,1
SF,IH2012,2020-07-10 09:32:29.000,3391.8000,12288,0,204884280.000,1,0,1,多换,S,3389.8000,3388.0000,3387.8000,3386.6000,3385.0000,3392.0000,3392.4000,3393.0000,3395.0000,3399.0000,1,5,1,1,3,2,1,1,1,3
SF,IH2012,2020-07-10 09:32:29.500,3391.8000,12288,0,204884280.000,0,-,-,-,-,3389.8000,3388.0000,3387.8000,3386.6000,3385.0000,3392.0000,3392.4000,3393.0000,3395.0000,3399.0000,2,5,1,1,3,2,1,1,1,3
SF,IH2012,2020-07-10 09:32:30.000,3391.8000,12288,0,204884280.000,0,-,-,-,-,3389.8000,3388.0000,3387.8000,3386.6000,3385.0000,3392.0000,3392.4000,3393.0000,3395.0000,3399.0000,2,5,1,1,3,2,1,1,1,3
SF,IH2012,2020-07-10 09:32:30.500,3391.8000,12288,0,204884280.000,0,-,-,-,-,3389.8000,3388.0000,3387.8000,3386.6000,3385.0000,3392.0000,3392.4000,3393.0000,3395.0000,3399.0000,2,5,1,1,3,2,1,1,1,3
SF,IH2012,2020-07-10 09:32:31.500,3391.8000,12288,0,204884280.000,0,-,-,-,-,3390.0000,3389.8000,3388.0000,3385.0000,3384.4000,3392.0000,3392.4000,3393.0000,3395.0000,3399.0000,1,1,5,3,1,2,1,1,1,3
SF,IH2012,2020-07-10 09:32:32.000,3391.8000,12288,0,204884280.000,0,-,-,-,-,3390.0000,3388.0000,3387.4000,3385.0000,3384.4000,3392.0000,3392.4000,3393.0000,3395.0000,3399.0000,1,5,1,3,1,2,1,1,1,3
SF,IH2012,2020-07-10 09:32:32.500,3390.0000,12288,0,205901280.000,1,0,1,多换,S,3388.0000,3387.4000,3385.0000,3384.4000,3382.0000,3390.0000,3391.8000,3392.0000,3392.4000,3393.0000,5,1,3,1,1,1,1,2,1,1
SF,IH2012,2020-07-10 09:32:33.000,3390.0000,12288,0,205901280.000,0,-,-,-,-,3388.2000,3388.0000,3387.4000,3385.0000,3384.4000,3390.0000,3391.8000,3392.0000,3392.4000,3395.0000,1,2,1,3,1,3,2,2,1,1
SF,IH2012,2020-07-10 09:32:33.500,3390.0000,12288,0,206918280.000,1,0,1,多换,S,3388.0000,3387.4000,3385.0000,3384.4000,3382.0000,3389.8000,3390.0000,3391.8000,3392.0000,3392.4000,2,1,3,1,1,1,3,2,1,1
SF,IH2012,2020-07-10 09:32:36.000,3388.0000,12287,-1,208951080.000,2,0,2,多平,S,3387.4000,3385.0000,3384.4000,3382.0000,3378.0000,3389.8000,3390.0000,3391.8000,3392.0000,3392.4000,1,3,1,1,1,1,3,2,1,1
SF,IH2012,2020-07-10 09:32:36.500,3388.0000,12287,0,208951080.000,0,-,-,-,-,3387.4000,3385.0000,3384.4000,3382.0000,3378.0000,3389.6000,3389.8000,3390.0000,3391.8000,3392.0000,1,3,1,1,1,1,1,3,2,1
SF,IH2012,2020-07-10 09:32:37.000,3388.0000,12287,0,208951080.000,0,-,-,-,-,3387.6000,3387.4000,3385.0000,3384.4000,3382.0000,3389.4000,3389.6000,3390.0000,3391.8000,3392.0000,1,1,3,1,1,1,1,3,2,1
SF,IH2012,2020-07-10 09:32:37.500,3388.0000,12287,0,208951080.000,0,-,-,-,-,3387.4000,3385.0000,3384.4000,3382.0000,3378.0000,3389.4000,3389.6000,3390.0000,3391.8000,3392.0000,1,3,1,1,1,1,1,3,2,1
SF,IH2012,2020-07-10 09:32:38.000,3389.4000,12287,0,209967900.000,1,0,1,多换,S,3387.6000,3387.4000,3385.0000,3384.4000,3382.0000,3389.6000,3390.0000,3391.8000,3392.0000,3395.0000,1,1,3,1,1,1,3,2,1,1
SF,IH2012,2020-07-10 09:32:38.500,3390.0000,12287,0,213018780.000,3,1,2,多换,S,3387.6000,3387.4000,3385.0000,3384.4000,3382.0000,3390.0000,3391.8000,3395.0000,3399.0000,3399.4000,1,1,3,1,1,1,2,1,2,4
SF,IH2012,2020-07-10 09:32:39.000,3390.0000,12287,0,213018780.000,0,-,-,-,-,3387.8000,3387.6000,3387.4000,3385.0000,3384.4000,3390.0000,3391.8000,3395.0000,3399.0000,3399.4000,1,1,1,3,1,1,2,1,2,4
SF,IH2012,2020-07-10 09:32:39.500,3390.0000,12287,0,213018780.000,0,-,-,-,-,3389.4000,3387.8000,3387.6000,3387.4000,3385.0000,3389.8000,3390.0000,3391.8000,3395.0000,3399.0000,1,1,1,1,3,1,1,2,1,2
SF,IH2012,2020-07-10 09:32:40.000,3389.4000,12287,0,215052420.000,2,1,1,多换,S,3387.8000,3387.4000,3385.0000,3384.4000,3382.0000,3389.4000,3390.0000,3391.8000,3395.0000,3399.0000,1,1,3,1,1,1,1,2,1,2
SF,IH2012,2020-07-10 09:32:40.500,3389.4000,12287,0,215052420.000,0,-,-,-,-,3387.4000,3385.0000,3384.4000,3382.0000,3378.0000,3389.2000,3389.4000,3390.0000,3390.6000,3391.8000,1,3,1,1,1,1,1,1,1,2
SF,IH2012,2020-07-10 09:32:41.000,3389.4000,12285,-2,217086060.000,2,0,2,双平,S,3389.6000,3387.4000,3385.0000,3384.4000,3382.0000,3390.0000,3390.6000,3391.8000,3395.0000,3399.0000,3,1,3,1,1,1,1,2,1,2
SF,IH2012,2020-07-10 09:32:41.500,3389.6000,12282,-3,220136580.000,3,0,3,双平,S,3389.4000,3387.4000,3385.0000,3384.4000,3382.0000,3389.6000,3390.0000,3390.6000,3391.8000,3395.0000,1,1,3,1,1,4,1,1,1,1
SF,IH2012,2020-07-10 09:32:42.000,3389.4000,12282,0,221153400.000,1,0,1,多换,S,3387.4000,3385.0000,3384.4000,3382.0000,3378.0000,3389.4000,3389.6000,3390.0000,3390.6000,3391.8000,1,3,1,1,1,2,4,1,1,1
SF,IH2012,2020-07-10 09:32:42.500,3389.4000,12282,0,221153400.000,0,-,-,-,-,3387.6000,3387.4000,3385.0000,3384.4000,3382.0000,3389.4000,3389.6000,3390.0000,3390.6000,3391.8000,1,1,3,1,1,3,4,1,1,1
SF,IH2012,2020-07-10 09:32:43.000,3389.4000,12282,0,221153400.000,0,-,-,-,-,3387.6000,3387.4000,3385.0000,3384.4000,3382.0000,3389.4000,3390.0000,3390.6000,3391.8000,3395.0000,1,1,3,1,1,2,1,1,1,1
SF,IH2012,2020-07-10 09:32:44.000,3389.4000,12282,0,221153400.000,0,-,-,-,-,3387.6000,3387.4000,3385.0000,3384.4000,3382.0000,3389.4000,3390.0000,3390.6000,3391.8000,3395.0000,1,1,3,1,1,1,1,1,1,1
SF,IH2012,2020-07-10 09:32:44.500,3387.4000,12280,-2,224202240.000,3,0,3,多平,S,3385.0000,3384.4000,3382.0000,3378.0000,3377.8000,3389.4000,3390.0000,3390.6000,3391.8000,3395.0000,3,1,1,1,1,1,1,1,1,1
SF,IH2012,2020-07-10 09:32:45.000,3389.4000,12279,-1,225219060.000,1,0,1,双平,S,3385.4000,3385.2000,3385.0000,3384.4000,3382.0000,3390.0000,3390.6000,3391.8000,3395.0000,3399.0000,9,5,3,1,1,1,1,1,1,2
SF,IH2012,2020-07-10 09:32:45.500,3389.4000,12279,0,225219060.000,0,-,-,-,-,3386.6000,3385.6000,3385.4000,3385.2000,3385.0000,3390.0000,3390.6000,3391.8000,3395.0000,3399.0000,1,2,9,3,3,1,1,1,1,2
SF,IH2012,2020-07-10 09:32:46.000,3389.4000,12279,0,225219060.000,0,-,-,-,-,3387.0000,3386.8000,3386.6000,3385.2000,3385.0000,3390.0000,3390.6000,3391.8000,3395.0000,3399.0000,8,3,1,3,3,1,1,1,1,2
SF,IH2012,2020-07-10 09:32:46.500,3390.0000,12278,-1,226236060.000,1,0,1,双平,S,3390.0000,3387.6000,3387.2000,3387.0000,3385.2000,3390.6000,3391.8000,3395.0000,3399.0000,3399.4000,1,1,3,8,3,1,1,1,2,4
SF,IH2012,2020-07-10 09:32:47.000,3390.0000,12278,0,226236060.000,0,-,-,-,-,3390.0000,3387.6000,3387.2000,3387.0000,3385.2000,3390.4000,3391.8000,3395.0000,3399.0000,3399.4000,1,1,3,8,1,1,1,1,2,4
SF,IH2012,2020-07-10 09:32:47.500,3390.4000,12277,-1,227253180.000,1,0,1,双平,S,3390.4000,3390.0000,3387.6000,3387.2000,3387.0000,3391.8000,3395.0000,3399.0000,3399.4000,3400.0000,1,1,1,3,8,1,1,2,4,1
SF,IH2012,2020-07-10 09:32:48.000,3390.4000,12277,0,227253180.000,0,-,-,-,-,3387.6000,3387.2000,3387.0000,3385.2000,3385.0000,3391.6000,3391.8000,3395.0000,3399.0000,3399.4000,1,3,8,1,3,1,1,1,2,4
SF,IH2012,2020-07-10 09:32:48.500,3390.4000,12277,0,227253180.000,0,-,-,-,-,3388.0000,3387.8000,3387.6000,3387.0000,3385.2000,3391.6000,3391.8000,3395.0000,3399.0000,3399.4000,3,3,1,5,1,1,1,1,2,4
SF,IH2012,2020-07-10 09:32:49.000,3390.4000,12277,0,227253180.000,0,-,-,-,-,3388.2000,3388.0000,3387.0000,3385.2000,3385.0000,3391.6000,3391.8000,3395.0000,3399.0000,3399.4000,3,3,5,1,3,1,1,1,2,4
SF,IH2012,2020-07-10 09:32:49.500,3390.4000,12277,0,227253180.000,0,-,-,-,-,3388.6000,3388.2000,3385.2000,3385.0000,3384.4000,3391.6000,3391.8000,3395.0000,3399.0000,3399.4000,3,2,1,3,1,1,1,1,2,4
SF,IH2012,2020-07-10 09:32:50.000,3388.8000,12276,-1,228269820.000,1,0,1,双平,S,3389.0000,3388.6000,3385.2000,3385.0000,3384.4000,3391.4000,3391.6000,3391.8000,3395.0000,3399.0000,1,3,1,3,1,1,1,1,1,2
SF,IH2012,2020-07-10 09:32:50.500,3388.6000,12274,-2,230303040.000,2,0,2,双平,S,3388.6000,3385.2000,3385.0000,3384.4000,3382.0000,3391.2000,3391.4000,3391.8000,3395.0000,3399.0000,2,1,3,1,1,1,1,1,1,2
SF,IH2012,2020-07-10 09:32:51.000,3388.6000,12274,0,230303040.000,0,-,-,-,-,3385.2000,3385.0000,3384.4000,3382.0000,3378.0000,3390.8000,3391.0000,3391.2000,3391.8000,3395.0000,1,3,1,1,1,1,1,1,1,2
SF,IH2012,2020-07-10 09:32:51.500,3388.6000,12274,0,230303040.000,0,-,-,-,-,3385.6000,3385.4000,3385.2000,3385.0000,3384.4000,3388.2000,3390.6000,3390.8000,3391.8000,3395.0000,8,1,1,3,1,1,2,1,1,2
SF,IH2012,2020-07-10 09:32:52.000,3388.2000,12272,-2,232335960.000,2,0,2,双平,S,3388.0000,3385.8000,3385.6000,3385.2000,3385.0000,3390.8000,3391.8000,3395.0000,3399.0000,3399.4000,1,2,8,1,3,1,1,2,2,4
SF,IH2012,2020-07-10 09:32:52.500,3388.2000,12272,0,232335960.000,0,-,-,-,-,3388.2000,3385.8000,3385.6000,3385.2000,3385.0000,3390.6000,3390.8000,3391.8000,3395.0000,3399.0000,2,1,7,1,3,1,1,1,2,7
SF,IH2012,2020-07-10 09:32:53.000,3390.6000,12272,0,233353140.000,1,0,1,多换,S,3388.2000,3385.6000,3385.2000,3385.0000,3384.4000,3390.8000,3391.6000,3391.8000,3395.0000,3399.0000,1,7,1,3,1,1,1,1,2,7
SF,IH2012,2020-07-10 09:32:53.500,3388.4000,12272,0,234369660.000,1,0,1,多换,S,3388.2000,3385.6000,3385.2000,3385.0000,3384.4000,3390.6000,3390.8000,3391.6000,3391.8000,3395.0000,1,7,1,3,1,1,1,1,1,2
SF,IH2012,2020-07-10 09:32:54.000,3388.4000,12272,0,234369660.000,0,-,-,-,-,3388.2000,3385.6000,3385.2000,3385.0000,3384.4000,3390.6000,3390.8000,3391.6000,3391.8000,3395.0000,1,7,1,3,1,1,1,1,1,2
SF,IH2012,2020-07-10 09:32:56.000,3388.4000,12272,0,234369660.000,0,-,-,-,-,3388.2000,3385.6000,3385.2000,3385.0000,3384.4000,3390.6000,3390.8000,3391.6000,3391.8000,3395.0000,1,7,1,3,1,1,1,1,1,2
SF,IH2012,2020-07-10 09:32:56.500,3388.4000,12272,0,234369660.000,0,-,-,-,-,3388.2000,3385.6000,3385.2000,3385.0000,3384.4000,3390.6000,3390.8000,3391.6000,3391.8000,3395.0000,1,7,1,3,1,1,1,1,1,2
SF,IH2012,2020-07-10 09:32:57.000,3388.4000,12272,0,234369660.000,0,-,-,-,-,3388.2000,3385.6000,3385.2000,3385.0000,3384.4000,3390.6000,3390.8000,3391.6000,3391.8000,3395.0000,1,7,1,3,1,1,1,1,1,2
SF,IH2012,2020-07-10 09:32:57.500,3388.4000,12272,0,234369660.000,0,-,-,-,-,3388.2000,3385.6000,3385.2000,3385.0000,3384.4000,3390.6000,3390.8000,3391.6000,3391.8000,3395.0000,1,7,1,3,1,1,1,1,1,2
SF,IH2012,2020-07-10 09:32:58.000,3388.4000,12272,0,234369660.000,0,-,-,-,-,3388.2000,3385.6000,3385.2000,3385.0000,3384.4000,3390.6000,3390.8000,3391.6000,3391.8000,3395.0000,1,7,1,3,1,1,1,1,1,2
SF,IH2012,2020-07-10 09:32:58.500,3388.4000,12272,0,234369660.000,0,-,-,-,-,3388.2000,3385.6000,3385.2000,3385.0000,3384.4000,3390.4000,3390.6000,3390.8000,3391.6000,3391.8000,1,7,1,3,1,1,1,1,1,1
SF,IH2012,2020-07-10 09:32:59.000,3390.2000,12272,0,235386720.000,1,0,1,多换,S,3388.2000,3388.0000,3385.6000,3385.2000,3385.0000,3390.4000,3391.6000,3391.8000,3395.0000,3399.0000,1,1,7,1,3,2,1,1,2,7
SF,IH2012,2020-07-10 09:32:59.500,3390.2000,12272,0,235386720.000,0,-,-,-,-,3388.4000,3388.2000,3388.0000,3385.6000,3385.2000,3390.4000,3391.6000,3391.8000,3395.0000,3399.0000,1,1,1,7,1,1,1,1,2,7
SF,IH2012,2020-07-10 09:33:00.000,3390.2000,12272,0,235386720.000,0,-,-,-,-,3388.4000,3388.2000,3388.0000,3385.6000,3385.2000,3390.2000,3391.6000,3391.8000,3395.0000,3399.0000,1,1,1,7,1,2,1,1,2,7
SF,IH2012,2020-07-10 09:33:00.500,3390.2000,12272,0,235386720.000,0,-,-,-,-,3388.4000,3388.2000,3388.0000,3385.6000,3385.2000,3390.2000,3391.6000,3391.8000,3395.0000,3399.0000,1,1,1,7,1,1,1,1,2,7
SF,IH2012,2020-07-10 09:33:03.000,3390.2000,12271,-1,236403780.000,1,0,1,双平,S,3390.8000,3388.4000,3388.2000,3388.0000,3385.6000,3391.6000,3391.8000,3395.0000,3399.0000,3399.4000,1,1,1,1,7,1,1,2,7,4
SF,IH2012,2020-07-10 09:33:03.500,3390.6000,12271,0,237420960.000,1,0,1,多换,S,3388.4000,3388.2000,3388.0000,3385.6000,3385.2000,3391.4000,3391.6000,3391.8000,3395.0000,3399.0000,1,1,1,7,1,1,1,1,2,7
SF,IH2012,2020-07-10 09:33:04.000,3391.4000,12271,0,238438380.000,1,0,1,多换,S,3388.6000,3388.4000,3388.0000,3385.6000,3385.2000,3391.6000,3391.8000,3395.0000,3399.0000,3399.4000,2,1,1,7,1,1,1,2,7,4
SF,IH2012,2020-07-10 09:33:04.500,3391.6000,12271,0,239455860.000,1,0,1,多换,S,3388.8000,3388.6000,3388.0000,3385.6000,3385.2000,3391.8000,3395.0000,3399.0000,3399.4000,3400.0000,1,3,1,6,1,1,2,7,4,1
SF,IH2012,2020-07-10 09:33:05.000,3391.6000,12271,0,239455860.000,0,-,-,-,-,3389.6000,3389.0000,3388.8000,3388.6000,3388.0000,3391.8000,3395.0000,3399.0000,3399.4000,3400.0000,1,4,1,1,1,1,2,7,4,1
SF,IH2012,2020-07-10 09:33:05.500,3391.8000,12270,-1,240473400.000,1,0,1,双平,S,3389.8000,3389.6000,3389.0000,3388.6000,3388.0000,3395.0000,3399.0000,3399.4000,3400.0000,3404.0000,2,1,3,1,1,2,7,4,1,1
SF,IH2012,2020-07-10 09:33:06.000,3391.8000,12270,0,240473400.000,0,-,-,-,-,3390.0000,3389.8000,3389.6000,3389.0000,3388.0000,3394.6000,3394.8000,3395.0000,3399.0000,3399.4000,1,2,1,3,1,5,2,2,7,4
SF,IH2012,2020-07-10 09:33:06.500,3391.8000,12270,0,240473400.000,0,-,-,-,-,3390.4000,3390.2000,3390.0000,3388.0000,3387.6000,3394.4000,3394.6000,3394.8000,3395.0000,3399.0000,1,4,1,1,1,2,3,1,2,7
SF,IH2012,2020-07-10 09:33:07.000,3391.8000,12270,0,240473400.000,0,-,-,-,-,3390.6000,3390.4000,3390.0000,3388.0000,3387.6000,3394.2000,3394.4000,3394.6000,3394.8000,3395.0000,2,1,1,1,1,2,2,3,1,2
SF,IH2012,2020-07-10 09:33:07.500,3391.8000,12270,0,240473400.000,0,-,-,-,-,3390.6000,3390.4000,3390.0000,3388.0000,3387.6000,3393.8000,3394.0000,3394.2000,3394.6000,3394.8000,2,1,1,1,1,1,2,2,3,1
SF,IH2012,2020-07-10 09:33:08.000,3391.8000,12270,0,240473400.000,0,-,-,-,-,3390.6000,3390.0000,3388.0000,3387.6000,3386.0000,3393.6000,3393.8000,3394.0000,3394.2000,3394.6000,2,2,1,1,1,1,1,1,1,3
SF,IH2012,2020-07-10 09:33:08.500,3391.8000,12270,0,240473400.000,0,-,-,-,-,3390.6000,3390.0000,3388.0000,3387.6000,3386.0000,3393.4000,3393.6000,3394.0000,3394.2000,3394.6000,2,1,1,1,1,1,1,1,1,3
SF,IH2012,2020-07-10 09:33:09.000,3391.8000,12270,0,240473400.000,0,-,-,-,-,3390.6000,3390.0000,3388.0000,3387.6000,3386.0000,3393.2000,3393.4000,3394.0000,3394.2000,3394.6000,2,1,1,1,1,1,1,1,1,3
SF,IH2012,2020-07-10 09:33:09.500,3393.4000,12271,1,241491420.000,1,1,0,双开,S,3390.8000,3390.6000,3390.0000,3388.0000,3387.6000,3394.0000,3394.2000,3394.6000,3394.8000,3395.0000,1,2,1,1,1,1,1,3,1,2
SF,IH2012,2020-07-10 09:33:10.000,3393.4000,12271,0,241491420.000,0,-,-,-,-,3391.0000,3390.8000,3390.0000,3388.0000,3387.6000,3393.8000,3394.0000,3394.2000,3394.6000,3394.8000,2,1,1,1,1,1,1,1,3,1
SF,IH2012,2020-07-10 09:33:11.000,3393.4000,12270,-1,242509440.000,1,0,1,双平,S,3391.2000,3391.0000,3390.0000,3388.0000,3387.6000,3393.8000,3394.2000,3394.6000,3394.8000,3395.0000,1,2,1,1,1,1,1,3,1,2
SF,IH2012,2020-07-10 09:33:11.500,3393.4000,12270,0,242509440.000,0,-,-,-,-,3391.4000,3390.0000,3388.0000,3387.6000,3386.0000,3393.8000,3394.2000,3394.6000,3395.0000,3399.0000,2,1,1,1,1,1,1,3,2,7
SF,IH2012,2020-07-10 09:33:12.000,3393.4000,12270,0,242509440.000,0,-,-,-,-,3391.4000,3390.0000,3388.0000,3387.6000,3386.0000,3393.8000,3394.2000,3394.6000,3395.0000,3399.0000,2,1,1,1,1,1,1,2,2,7
SF,IH2012,2020-07-10 09:33:12.500,3393.4000,12270,0,242509440.000,0,-,-,-,-,3391.4000,3390.0000,3388.0000,3387.6000,3386.0000,3394.2000,3394.6000,3395.0000,3399.0000,3399.4000,2,1,1,1,1,1,2,2,7,4
SF,IH2012,2020-07-10 09:33:13.000,3393.4000,12270,0,242509440.000,0,-,-,-,-,3391.4000,3390.0000,3388.0000,3387.6000,3386.0000,3394.0000,3394.6000,3395.0000,3399.0000,3399.4000,2,1,1,1,1,1,2,2,7,4
SF,IH2012,2020-07-10 09:33:13.500,3393.4000,12270,0,242509440.000,0,-,-,-,-,3391.4000,3390.0000,3388.0000,3387.6000,3386.0000,3393.8000,3394.0000,3394.6000,3395.0000,3399.0000,2,1,1,1,1,1,1,2,2,7
SF,IH2012,2020-07-10 09:33:14.000,3393.6000,12269,-1,243527520.000,1,0,1,双平,S,3391.4000,3390.0000,3388.0000,3387.6000,3386.0000,3393.8000,3394.6000,3395.0000,3399.0000,3399.4000,2,1,1,1,1,1,2,2,7,4
SF,IH2012,2020-07-10 09:33:14.500,3393.6000,12269,0,243527520.000,0,-,-,-,-,3391.4000,3390.0000,3388.0000,3387.6000,3386.0000,3393.8000,3394.6000,3395.0000,3399.0000,3399.4000,2,1,1,1,1,1,2,1,7,4
SF,IH2012,2020-07-10 09:33:15.500,3393.6000,12269,0,243527520.000,0,-,-,-,-,3391.4000,3390.0000,3388.0000,3387.6000,3386.0000,3394.6000,3395.0000,3399.0000,3399.4000,3400.0000,2,1,1,1,1,2,1,7,4,1
SF,IH2012,2020-07-10 09:33:16.000,3393.6000,12269,0,243527520.000,0,-,-,-,-,3391.4000,3390.0000,3388.0000,3387.6000,3386.0000,3394.4000,3394.6000,3395.0000,3399.0000,3399.4000,2,1,1,1,1,1,3,1,7,4
SF,IH2012,2020-07-10 09:33:16.500,3393.6000,12269,0,243527520.000,0,-,-,-,-,3394.0000,3391.4000,3390.0000,3388.0000,3387.6000,3394.4000,3394.6000,3395.0000,3399.0000,3399.4000,2,2,1,1,1,1,3,1,7,4
SF,IH2012,2020-07-10 09:33:17.000,3394.0000,12269,0,245563920.000,2,1,1,多换,S,3391.4000,3390.0000,3388.0000,3387.6000,3386.0000,3394.0000,3394.6000,3395.0000,3399.0000,3399.4000,1,1,1,1,1,7,2,1,7,4
SF,IH2012,2020-07-10 09:33:17.500,3394.0000,12269,0,247600320.000,2,1,1,多换,S,3391.6000,3391.4000,3390.0000,3388.0000,3387.6000,3393.6000,3394.6000,3395.0000,3399.0000,3399.4000,2,1,1,1,1,1,2,1,7,4
SF,IH2012,2020-07-10 09:33:18.000,3391.6000,12268,-1,248617800.000,1,0,1,双平,S,3391.6000,3391.4000,3390.0000,3388.0000,3387.6000,3393.6000,3394.6000,3395.0000,3399.0000,3399.4000,1,1,1,1,1,1,2,1,7,4
SF,IH2012,2020-07-10 09:33:18.500,3391.6000,12268,0,248617800.000,0,-,-,-,-,3391.8000,3391.6000,3391.4000,3390.0000,3388.0000,3393.4000,3393.6000,3394.6000,3395.0000,3399.0000,1,1,1,1,1,1,1,2,1,7
SF,IH2012,2020-07-10 09:33:19.000,3391.6000,12268,0,248617800.000,0,-,-,-,-,3391.8000,3391.6000,3391.4000,3390.0000,3388.0000,3393.6000,3394.6000,3395.0000,3399.0000,3399.4000,1,1,1,2,1,1,2,1,7,4
SF,IH2012,2020-07-10 09:33:20.000,3391.6000,12268,0,248617800.000,0,-,-,-,-,3392.0000,3391.8000,3391.6000,3391.4000,3390.0000,3393.6000,3394.6000,3395.0000,3399.0000,3399.4000,1,1,1,1,2,1,2,1,7,4
SF,IH2012,2020-07-10 09:33:20.500,3391.6000,12268,0,248617800.000,0,-,-,-,-,3392.0000,3391.8000,3391.6000,3391.4000,3390.0000,3393.6000,3394.6000,3395.0000,3399.0000,3399.4000,1,1,1,1,2,1,2,1,7,4
SF,IH2012,2020-07-10 09:33:21.000,3391.6000,12268,0,248617800.000,0,-,-,-,-,3392.2000,3392.0000,3391.8000,3391.6000,3391.4000,3393.6000,3394.6000,3395.0000,3399.0000,3399.4000,1,1,1,1,1,1,2,1,7,4
SF,IH2012,2020-07-10 09:33:23.000,3391.6000,12268,0,248617800.000,0,-,-,-,-,3392.2000,3392.0000,3391.8000,3391.6000,3391.4000,3394.6000,3395.0000,3399.0000,3399.4000,3399.8000,1,1,1,1,1,2,1,7,4,1
SF,IH2012,2020-07-10 09:33:23.500,3391.6000,12268,0,248617800.000,0,-,-,-,-,3392.4000,3392.0000,3391.8000,3391.6000,3390.0000,3394.4000,3394.6000,3395.0000,3399.0000,3399.4000,1,1,1,1,2,2,3,1,7,4
SF,IH2012,2020-07-10 09:33:24.000,3391.6000,12268,0,248617800.000,0,-,-,-,-,3392.4000,3392.0000,3391.8000,3391.6000,3390.0000,3393.0000,3394.4000,3394.6000,3395.0000,3399.0000,1,1,1,1,2,1,2,3,1,7
SF,IH2012,2020-07-10 09:33:24.500,3391.6000,12268,0,248617800.000,0,-,-,-,-,3392.4000,3392.0000,3391.8000,3391.6000,3390.0000,3393.0000,3394.4000,3394.6000,3395.0000,3399.0000,1,1,1,1,2,1,2,3,1,7
SF,IH2012,2020-07-10 09:33:25.000,3393.0000,12268,0,250653600.000,2,1,1,多换,S,3392.4000,3392.0000,3391.8000,3391.6000,3391.0000,3394.4000,3394.6000,3395.0000,3399.0000,3399.4000,1,1,1,1,1,2,3,1,7,4
SF,IH2012,2020-07-10 09:33:25.500,3393.0000,12268,0,250653600.000,0,-,-,-,-,3392.4000,3392.0000,3391.8000,3391.6000,3391.0000,3394.0000,3394.4000,3394.6000,3395.0000,3399.0000,1,1,1,1,1,2,2,1,1,7
SF,IH2012,2020-07-10 09:33:26.000,3392.4000,12267,-1,251671320.000,1,0,1,双平,S,3393.0000,3392.0000,3391.8000,3391.6000,3391.0000,3393.8000,3394.0000,3394.4000,3394.6000,3395.0000,1,1,1,1,1,1,2,1,1,1
SF,IH2012,2020-07-10 09:33:26.500,3393.0000,12267,0,252689220.000,1,0,1,多换,S,3392.0000,3391.8000,3391.6000,3391.0000,3390.0000,3392.4000,3393.4000,3393.6000,3393.8000,3394.4000,1,1,1,1,2,1,2,1,1,1
SF,IH2012,2020-07-10 09:33:27.000,3392.6000,12267,0,253707000.000,1,0,1,多换,S,3392.6000,3392.0000,3391.8000,3391.6000,3391.0000,3393.6000,3393.8000,3394.6000,3395.0000,3399.0000,1,1,1,2,1,1,1,1,1,7
SF,IH2012,2020-07-10 09:33:27.500,3392.6000,12267,0,253707000.000,0,-,-,-,-,3392.6000,3392.0000,3391.8000,3391.6000,3391.2000,3393.6000,3393.8000,3394.6000,3395.0000,3399.0000,1,1,1,2,1,1,1,1,1,7
SF,IH2012,2020-07-10 09:33:28.000,3392.6000,12267,0,253707000.000,0,-,-,-,-,3392.6000,3392.0000,3391.8000,3391.6000,3391.2000,3393.6000,3395.0000,3399.0000,3399.4000,3399.8000,1,1,1,2,1,1,1,7,4,1
SF,IH2012,2020-07-10 09:33:28.500,3393.6000,12267,0,254725080.000,1,0,1,多换,S,3393.6000,3392.8000,3392.6000,3392.0000,3391.8000,3395.0000,3399.0000,3399.4000,3399.8000,3400.0000,1,1,1,1,1,1,7,4,1,2
SF,IH2012,2020-07-10 09:33:29.000,3393.6000,12267,0,254725080.000,0,-,-,-,-,3393.6000,3392.8000,3392.6000,3392.0000,3391.8000,3394.6000,3395.0000,3399.0000,3399.4000,3399.8000,1,1,1,1,1,2,1,7,4,1
SF,IH2012,2020-07-10 09:33:29.500,3393.6000,12267,0,254725080.000,0,-,-,-,-,3393.8000,3393.6000,3392.6000,3392.4000,3392.0000,3394.6000,3395.0000,3399.0000,3399.4000,3399.8000,1,1,1,1,1,2,1,7,4,1
SF,IH2012,2020-07-10 09:33:30.000,3394.6000,12265,-2,256761840.000,2,0,2,双平,S,3393.8000,3393.6000,3392.6000,3392.4000,3392.0000,3395.0000,3399.0000,3399.4000,3399.8000,3400.0000,1,1,1,1,1,1,7,4,1,2
SF,IH2012,2020-07-10 09:33:31.500,3393.6000,12263,-2,258798060.000,2,0,2,双平,S,3392.4000,3392.0000,3391.8000,3391.6000,3391.0000,3395.0000,3399.0000,3399.4000,3399.8000,3400.0000,1,1,1,2,1,1,7,4,1,2
SF,IH2012,2020-07-10 09:33:32.000,3393.6000,12263,0,258798060.000,0,-,-,-,-,3392.6000,3392.4000,3392.0000,3391.8000,3391.6000,3393.8000,3394.8000,3395.0000,3399.0000,3399.4000,2,1,1,1,2,1,1,1,7,4
SF,IH2012,2020-07-10 09:33:32.500,3393.6000,12263,0,258798060.000,0,-,-,-,-,3393.6000,3393.0000,3392.6000,3392.0000,3391.8000,3393.8000,3394.8000,3395.0000,3399.0000,3399.4000,1,1,1,1,1,1,1,1,7,4
SF,IH2012,2020-07-10 09:33:33.000,3393.0000,12263,0,260834040.000,2,1,1,多换,S,3392.0000,3391.8000,3391.6000,3391.0000,3390.0000,3393.6000,3393.8000,3394.0000,3394.8000,3395.0000,1,1,2,1,2,4,1,1,1,1
SF,IH2012,2020-07-10 09:33:33.500,3393.6000,12262,-1,261852120.000,1,0,1,双平,S,3392.8000,3392.2000,3392.0000,3391.8000,3391.6000,3393.6000,3393.8000,3394.0000,3394.8000,3395.0000,1,1,1,1,2,1,1,1,1,1
SF,IH2012,2020-07-10 09:33:34.000,3392.8000,12262,0,262869960.000,1,0,1,多换,S,3392.0000,3391.8000,3391.6000,3391.0000,3390.0000,3392.2000,3393.6000,3393.8000,3394.0000,3394.8000,1,1,2,1,2,1,1,1,1,1
SF,IH2012,2020-07-10 09:33:34.500,3392.0000,12261,-1,264905220.000,2,0,2,多平,S,3391.8000,3391.6000,3391.0000,3390.0000,3388.0000,3392.0000,3392.8000,3393.6000,3393.8000,3394.0000,1,2,1,2,1,1,1,2,1,1
SF,IH2012,2020-07-10 09:33:35.000,3391.8000,12259,-2,266940360.000,2,0,2,双平,S,3391.6000,3391.0000,3390.0000,3388.0000,3386.0000,3392.8000,3393.6000,3393.8000,3394.0000,3394.6000,2,1,2,1,1,1,2,1,1,1
SF,IH2012,2020-07-10 09:33:37.500,3392.8000,12259,0,267958200.000,1,0,1,多换,S,3392.8000,3391.8000,3391.6000,3391.0000,3390.0000,3393.6000,3393.8000,3394.0000,3394.6000,3394.8000,2,1,2,1,2,2,1,1,1,1
SF,IH2012,2020-07-10 09:33:38.000,3392.8000,12257,-2,269993880.000,2,0,2,双平,S,3391.8000,3391.6000,3391.0000,3390.0000,3388.0000,3393.4000,3393.6000,3393.8000,3394.0000,3394.6000,1,2,1,2,1,1,2,1,1,1
SF,IH2012,2020-07-10 09:33:38.500,3392.8000,12257,0,269993880.000,0,-,-,-,-,3392.0000,3391.8000,3391.6000,3391.0000,3390.0000,3393.6000,3393.8000,3394.0000,3394.6000,3395.0000,1,1,2,1,2,2,1,1,1,2
SF,IH2012,2020-07-10 09:33:40.500,3392.8000,12257,0,269993880.000,0,-,-,-,-,3392.2000,3392.0000,3391.6000,3391.0000,3390.0000,3393.6000,3393.8000,3394.0000,3394.6000,3395.0000,1,1,2,1,2,1,1,1,1,2
SF,IH2012,2020-07-10 09:33:41.000,3392.8000,12257,0,269993880.000,0,-,-,-,-,3392.2000,3391.6000,3391.0000,3390.0000,3388.0000,3393.6000,3393.8000,3394.0000,3394.6000,3395.0000,1,2,1,2,1,1,1,1,1,2
SF,IH2012,2020-07-10 09:33:41.500,3392.8000,12257,0,269993880.000,0,-,-,-,-,3392.2000,3391.6000,3391.0000,3390.0000,3388.0000,3393.4000,3393.6000,3393.8000,3394.0000,3394.6000,1,2,1,2,1,1,1,1,1,1
SF,IH2012,2020-07-10 09:33:42.000,3392.8000,12257,0,269993880.000,0,-,-,-,-,3392.2000,3391.6000,3391.0000,3390.0000,3388.0000,3393.6000,3393.8000,3394.0000,3394.6000,3395.0000,1,2,1,2,1,1,1,1,1,2
SF,IH2012,2020-07-10 09:33:43.500,3393.6000,12257,0,271011960.000,1,0,1,多换,S,3392.2000,3391.6000,3391.0000,3390.0000,3388.0000,3393.8000,3394.0000,3394.6000,3395.0000,3399.0000,1,2,1,2,1,1,1,1,2,2
SF,IH2012,2020-07-10 09:33:44.500,3393.6000,12257,0,271011960.000,0,-,-,-,-,3392.2000,3391.6000,3391.0000,3390.0000,3388.0000,3393.8000,3394.0000,3394.6000,3395.0000,3399.0000,1,2,1,2,1,1,1,1,2,2
SF,IH2012,2020-07-10 09:33:45.000,3393.6000,12257,0,271011960.000,0,-,-,-,-,3392.8000,3392.2000,3391.6000,3391.0000,3390.0000,3393.8000,3394.0000,3394.6000,3395.0000,3399.0000,2,1,2,1,2,1,1,1,2,2
SF,IH2012,2020-07-10 09:33:45.500,3393.6000,12257,0,271011960.000,0,-,-,-,-,3392.2000,3391.6000,3391.0000,3390.0000,3388.0000,3393.8000,3394.0000,3394.6000,3395.0000,3399.0000,1,2,1,2,1,1,1,1,2,2
SF,IH2012,2020-07-10 09:33:46.000,3393.6000,12257,0,271011960.000,0,-,-,-,-,3392.2000,3391.6000,3391.0000,3390.0000,3388.0000,3393.8000,3394.0000,3394.6000,3395.0000,3399.0000,1,1,1,2,1,1,1,1,2,2
SF,IH2012,2020-07-10 09:33:46.500,3393.6000,12257,0,271011960.000,0,-,-,-,-,3392.2000,3391.6000,3391.0000,3390.0000,3388.0000,3393.6000,3393.8000,3394.0000,3394.6000,3395.0000,1,1,1,2,1,1,1,1,1,2
SF,IH2012,2020-07-10 09:33:47.000,3393.6000,12257,0,271011960.000,0,-,-,-,-,3391.6000,3391.0000,3390.0000,3388.0000,3386.0000,3393.8000,3394.0000,3394.6000,3395.0000,3399.0000,1,1,2,1,1,1,1,1,2,2
SF,IH2012,2020-07-10 09:33:47.500,3393.6000,12257,0,271011960.000,0,-,-,-,-,3391.8000,3391.6000,3391.0000,3390.0000,3388.0000,3393.4000,3393.6000,3393.8000,3394.0000,3394.6000,1,1,1,2,1,1,1,1,1,1
SF,IH2012,2020-07-10 09:33:48.000,3393.4000,12257,0,272029980.000,1,0,1,多换,S,3391.6000,3391.0000,3390.0000,3388.0000,3386.0000,3393.6000,3393.8000,3394.0000,3394.6000,3395.0000,1,1,2,1,1,1,1,1,1,2
SF,IH2012,2020-07-10 09:33:49.000,3391.6000,12257,0,274064940.000,2,1,1,多换,S,3391.0000,3390.0000,3388.0000,3386.0000,3385.6000,3393.6000,3393.8000,3394.0000,3394.6000,3395.0000,1,2,1,1,5,1,1,1,1,2
SF,IH2012,2020-07-10 09:33:49.500,3391.6000,12257,0,274064940.000,0,-,-,-,-,3391.2000,3391.0000,3390.0000,3388.0000,3386.0000,3393.4000,3393.6000,3393.8000,3394.0000,3394.6000,1,1,2,1,1,1,1,1,1,1
SF,IH2012,2020-07-10 09:33:50.000,3391.6000,12257,0,274064940.000,0,-,-,-,-,3391.2000,3391.0000,3390.0000,3388.0000,3386.0000,3392.4000,3393.2000,3393.4000,3393.8000,3394.0000,1,1,2,1,1,1,1,1,1,1
SF,IH2012,2020-07-10 09:33:50.500,3391.6000,12257,0,274064940.000,0,-,-,-,-,3391.0000,3390.0000,3388.0000,3386.0000,3385.0000,3392.2000,3392.4000,3393.4000,3393.8000,3394.0000,1,2,1,1,3,1,1,1,1,1
SF,IH2012,2020-07-10 09:33:51.000,3392.2000,12257,0,275082600.000,1,0,1,多换,S,3392.2000,3391.4000,3391.0000,3390.0000,3388.0000,3393.4000,3393.8000,3394.0000,3395.0000,3399.0000,1,1,1,2,2,1,1,1,2,2
SF,IH2012,2020-07-10 09:33:51.500,3392.2000,12257,0,276100260.000,1,0,1,多换,S,3391.4000,3391.2000,3391.0000,3390.0000,3388.0000,3392.2000,3393.4000,3393.8000,3394.0000,3395.0000,1,1,1,2,2,1,1,1,1,2
SF,IH2012,2020-07-10 09:33:52.000,3392.2000,12257,0,276100260.000,0,-,-,-,-,3392.2000,3391.4000,3391.2000,3391.0000,3390.0000,3393.8000,3394.0000,3395.0000,3399.0000,3399.4000,1,1,1,1,2,1,1,2,2,4
SF,IH2012,2020-07-10 09:33:52.500,3392.2000,12257,0,277117920.000,1,0,1,多换,S,3391.4000,3391.2000,3391.0000,3390.0000,3388.0000,3393.6000,3393.8000,3394.0000,3395.0000,3399.0000,1,1,1,2,2,1,1,1,2,2
SF,IH2012,2020-07-10 09:33:53.000,3391.6000,12257,0,278135400.000,1,0,1,多换,S,3391.4000,3391.2000,3391.0000,3390.0000,3388.0000,3392.4000,3393.4000,3393.6000,3393.8000,3394.0000,1,1,1,2,2,1,1,1,1,1
SF,IH2012,2020-07-10 09:33:53.500,3391.6000,12257,0,278135400.000,0,-,-,-,-,3391.4000,3391.2000,3391.0000,3390.0000,3388.0000,3393.4000,3393.6000,3393.8000,3394.0000,3395.0000,1,1,1,2,2,1,1,1,1,2
SF,IH2012,2020-07-10 09:33:54.000,3391.6000,12257,0,278135400.000,0,-,-,-,-,3391.4000,3391.2000,3391.0000,3390.0000,3388.0000,3393.2000,3393.4000,3393.8000,3394.0000,3395.0000,1,1,1,2,2,2,1,1,1,2
SF,IH2012,2020-07-10 09:33:54.500,3391.6000,12257,0,278135400.000,0,-,-,-,-,3391.6000,3391.4000,3391.2000,3391.0000,3390.0000,3393.2000,3393.8000,3394.0000,3395.0000,3399.0000,1,1,1,1,2,1,1,1,2,2
SF,IH2012,2020-07-10 09:33:56.000,3391.6000,12257,0,278135400.000,0,-,-,-,-,3391.6000,3391.4000,3391.2000,3391.0000,3390.0000,3393.2000,3393.8000,3394.0000,3395.0000,3399.0000,1,1,1,1,1,1,1,1,2,2
SF,IH2012,2020-07-10 09:33:56.500,3391.6000,12257,0,278135400.000,0,-,-,-,-,3391.6000,3391.2000,3391.0000,3390.0000,3388.0000,3393.8000,3394.0000,3395.0000,3399.0000,3399.4000,1,1,1,1,2,1,1,2,2,4
SF,IH2012,2020-07-10 09:33:57.000,3391.6000,12257,0,278135400.000,0,-,-,-,-,3391.8000,3391.6000,3391.2000,3391.0000,3390.0000,3393.8000,3394.0000,3395.0000,3399.0000,3399.4000,1,1,1,1,1,1,1,2,2,4
SF,IH2012,2020-07-10 09:33:57.500,3391.6000,12257,0,278135400.000,0,-,-,-,-,3392.0000,3391.8000,3391.2000,3391.0000,3390.0000,3393.8000,3394.0000,3395.0000,3399.0000,3399.4000,1,1,1,1,1,1,1,2,2,4
SF,IH2012,2020-07-10 09:33:59.000,3391.8000,12256,-1,279152940.000,1,0,1,双平,S,3391.8000,3391.2000,3391.0000,3390.0000,3388.0000,3393.8000,3394.0000,3395.0000,3399.0000,3399.4000,1,1,1,1,2,1,1,2,2,4
SF,IH2012,2020-07-10 09:33:59.500,3391.8000,12256,0,279152940.000,0,-,-,-,-,3391.8000,3391.2000,3391.0000,3390.0000,3388.0000,3393.6000,3393.8000,3394.0000,3395.0000,3399.0000,1,1,1,1,2,1,1,1,2,2
SF,IH2012,2020-07-10 09:34:00.000,3391.8000,12256,0,279152940.000,0,-,-,-,-,3391.8000,3391.2000,3391.0000,3390.0000,3388.0000,3392.4000,3393.4000,3393.6000,3393.8000,3394.0000,1,1,1,1,2,1,1,1,1,1
SF,IH2012,2020-07-10 09:34:00.500,3391.8000,12256,0,279152940.000,0,-,-,-,-,3391.2000,3391.0000,3390.0000,3388.0000,3386.0000,3393.4000,3393.6000,3393.8000,3394.0000,3395.0000,1,1,1,2,1,1,1,1,1,2
SF,IH2012,2020-07-10 09:34:01.000,3391.8000,12256,0,279152940.000,0,-,-,-,-,3391.4000,3391.2000,3391.0000,3390.0000,3388.0000,3393.2000,3393.4000,3393.8000,3394.0000,3395.0000,1,1,1,1,2,1,1,1,1,2
SF,IH2012,2020-07-10 09:34:01.500,3391.8000,12256,0,280170480.000,1,0,1,多换,S,3391.6000,3391.4000,3391.2000,3391.0000,3390.0000,3393.4000,3393.8000,3394.0000,3395.0000,3399.0000,1,1,1,1,1,1,1,1,2,2
SF,IH2012,2020-07-10 09:34:02.500,3391.8000,12256,0,280170480.000,0,-,-,-,-,3391.8000,3391.6000,3391.4000,3391.2000,3391.0000,3393.4000,3393.8000,3394.0000,3395.0000,3399.0000,1,1,1,1,1,1,1,1,2,2
SF,IH2012,2020-07-10 09:34:03.000,3391.8000,12256,0,280170480.000,0,-,-,-,-,3391.8000,3391.6000,3391.4000,3391.2000,3391.0000,3393.8000,3394.0000,3395.0000,3399.0000,3399.4000,1,1,1,1,1,1,1,2,2,4
SF,IH2012,2020-07-10 09:34:05.500,3391.8000,12256,0,280170480.000,0,-,-,-,-,3391.8000,3391.6000,3391.4000,3391.2000,3391.0000,3393.8000,3395.0000,3399.0000,3399.4000,3399.8000,1,1,1,1,1,1,2,2,4,1
SF,IH2012,2020-07-10 09:34:06.000,3391.8000,12256,0,280170480.000,0,-,-,-,-,3392.0000,3391.8000,3391.4000,3391.2000,3391.0000,3393.0000,3393.8000,3395.0000,3399.0000,3399.4000,1,1,1,1,1,1,1,2,2,4
SF,IH2012,2020-07-10 09:34:06.500,3391.8000,12256,0,280170480.000,0,-,-,-,-,3392.0000,3391.8000,3391.2000,3391.0000,3390.0000,3393.0000,3393.8000,3395.0000,3399.0000,3399.4000,1,1,1,1,1,1,1,2,2,4
SF,IH2012,2020-07-10 09:34:07.000,3391.8000,12256,0,280170480.000,0,-,-,-,-,3392.0000,3391.2000,3391.0000,3390.0000,3388.0000,3393.0000,3393.8000,3395.0000,3399.0000,3399.4000,1,1,1,1,2,1,1,2,2,4
SF,IH2012,2020-07-10 09:34:07.500,3391.8000,12256,0,280170480.000,0,-,-,-,-,3391.2000,3391.0000,3390.0000,3388.0000,3386.0000,3393.0000,3393.8000,3395.0000,3399.0000,3399.4000,1,1,1,2,1,1,1,2,2,4
SF,IH2012,2020-07-10 09:34:08.000,3391.8000,12256,0,280170480.000,0,-,-,-,-,3391.8000,3391.4000,3391.2000,3391.0000,3390.0000,3393.0000,3393.8000,3395.0000,3399.0000,3399.4000,2,1,1,1,1,1,1,2,2,4
SF,IH2012,2020-07-10 09:34:09.500,3391.8000,12256,0,282205560.000,2,1,1,多换,S,3391.4000,3391.2000,3391.0000,3390.0000,3388.0000,3391.8000,3393.0000,3393.8000,3395.0000,3399.0000,1,1,1,1,2,1,1,1,2,2
SF,IH2012,2020-07-10 09:34:10.000,3391.8000,12254,-2,284240520.000,2,0,2,双平,S,3391.2000,3391.0000,3390.0000,3388.0000,3386.0000,3393.0000,3393.8000,3395.0000,3399.0000,3399.4000,1,1,1,2,1,2,1,2,2,4
SF,IH2012,2020-07-10 09:34:10.500,3391.8000,12254,0,284240520.000,0,-,-,-,-,3391.2000,3391.0000,3390.0000,3388.0000,3386.0000,3392.8000,3393.0000,3393.8000,3395.0000,3399.0000,1,1,1,2,1,1,2,1,2,2
SF,IH2012,2020-07-10 09:34:11.500,3391.8000,12254,0,284240520.000,0,-,-,-,-,3391.2000,3391.0000,3390.0000,3388.0000,3386.0000,3392.8000,3393.0000,3393.8000,3395.0000,3399.0000,1,1,1,2,1,1,2,1,2,2
SF,IH2012,2020-07-10 09:34:12.000,3391.2000,12253,-1,285257880.000,1,0,1,双平,S,3391.0000,3390.0000,3388.0000,3386.0000,3385.0000,3392.8000,3393.0000,3393.8000,3395.0000,3399.0000,1,1,2,1,2,1,2,1,2,2
SF,IH2012,2020-07-10 09:34:12.500,3391.2000,12253,0,285257880.000,0,-,-,-,-,3391.0000,3390.0000,3388.0000,3386.0000,3385.0000,3392.8000,3393.0000,3393.8000,3395.0000,3399.0000,1,1,2,1,2,1,2,1,2,2
SF,IH2012,2020-07-10 09:34:13.000,3391.2000,12253,0,285257880.000,0,-,-,-,-,3391.0000,3390.0000,3388.0000,3386.0000,3385.0000,3392.6000,3392.8000,3393.0000,3393.8000,3395.0000,1,1,2,1,2,1,1,2,1,2
SF,IH2012,2020-07-10 09:34:13.500,3391.2000,12253,0,285257880.000,0,-,-,-,-,3391.0000,3390.0000,3388.0000,3386.0000,3385.0000,3392.4000,3392.6000,3393.0000,3393.8000,3395.0000,1,1,2,1,2,1,1,2,1,2
SF,IH2012,2020-07-10 09:34:14.000,3391.2000,12253,0,285257880.000,0,-,-,-,-,3391.2000,3391.0000,3390.0000,3388.0000,3386.0000,3392.2000,3392.4000,3392.6000,3393.0000,3393.8000,1,1,1,2,1,1,1,1,2,1
SF,IH2012,2020-07-10 09:34:14.500,3391.0000,12251,-2,287292540.000,2,0,2,双平,S,3390.0000,3388.0000,3386.0000,3385.0000,3384.4000,3391.2000,3392.0000,3392.6000,3393.0000,3393.8000,1,2,1,2,1,1,2,1,2,1
SF,IH2012,2020-07-10 09:34:15.000,3391.0000,12251,0,287292540.000,0,-,-,-,-,3390.0000,3388.0000,3386.0000,3385.0000,3384.4000,3391.0000,3391.2000,3392.0000,3393.0000,3393.8000,1,2,1,2,1,1,1,1,2,1
SF,IH2012,2020-07-10 09:34:15.500,3390.0000,12252,1,288309540.000,1,1,0,双开,S,3388.0000,3386.0000,3385.0000,3384.4000,3382.0000,3391.2000,3392.0000,3393.0000,3393.8000,3395.0000,2,1,2,1,1,1,1,2,1,2
SF,IH2012,2020-07-10 09:34:16.000,3390.0000,12252,0,288309540.000,0,-,-,-,-,3388.2000,3388.0000,3386.0000,3385.0000,3384.4000,3391.0000,3391.2000,3393.0000,3393.8000,3395.0000,2,2,1,2,1,3,1,2,1,2
SF,IH2012,2020-07-10 09:34:17.000,3390.0000,12252,0,288309540.000,0,-,-,-,-,3388.2000,3388.0000,3386.0000,3385.0000,3384.4000,3391.0000,3391.2000,3393.0000,3393.8000,3395.0000,2,2,1,2,1,4,1,2,1,2
SF,IH2012,2020-07-10 09:34:17.500,3388.2000,12251,-1,289326000.000,1,0,1,双平,S,3388.0000,3386.0000,3385.0000,3384.4000,3382.0000,3388.2000,3391.0000,3391.2000,3393.0000,3393.8000,2,1,2,1,1,1,4,1,2,1
SF,IH2012,2020-07-10 09:34:18.000,3388.2000,12250,-1,290342460.000,1,0,1,双平,S,3388.4000,3388.2000,3388.0000,3386.0000,3385.0000,3391.0000,3391.2000,3393.0000,3393.8000,3395.0000,1,2,2,1,2,4,1,1,1,2
SF,IH2012,2020-07-10 09:34:18.500,3388.2000,12250,0,290342460.000,0,-,-,-,-,3388.4000,3388.2000,3388.0000,3386.6000,3386.0000,3391.0000,3391.2000,3393.0000,3393.8000,3395.0000,1,1,2,1,1,4,1,1,1,2
SF,IH2012,2020-07-10 09:34:19.000,3388.2000,12250,0,290342460.000,0,-,-,-,-,3388.4000,3388.2000,3388.0000,3386.6000,3386.0000,3391.0000,3391.2000,3393.0000,3393.8000,3395.0000,1,1,1,1,1,4,1,1,1,2
SF,IH2012,2020-07-10 09:34:19.500,3388.2000,12250,0,290342460.000,0,-,-,-,-,3388.4000,3388.2000,3388.0000,3386.6000,3386.0000,3390.0000,3391.0000,3391.2000,3393.0000,3393.8000,1,1,1,1,1,1,4,1,1,1
SF,IH2012,2020-07-10 09:34:20.000,3388.2000,12250,0,290342460.000,0,-,-,-,-,3388.4000,3388.2000,3388.0000,3386.6000,3386.0000,3389.8000,3390.0000,3390.6000,3391.0000,3391.2000,1,1,1,1,1,1,1,1,4,1
SF,IH2012,2020-07-10 09:34:20.500,3389.6000,12250,0,291359340.000,1,0,1,多换,S,3388.4000,3388.2000,3388.0000,3386.6000,3386.0000,3389.6000,3390.0000,3390.6000,3391.0000,3391.2000,1,1,1,1,1,1,1,1,3,1
SF,IH2012,2020-07-10 09:34:21.000,3389.6000,12250,0,291359340.000,0,-,-,-,-,3388.4000,3388.2000,3388.0000,3386.6000,3386.0000,3389.8000,3390.0000,3390.6000,3391.0000,3391.2000,1,1,1,1,1,1,1,1,3,1
SF,IH2012,2020-07-10 09:34:21.500,3389.6000,12250,0,291359340.000,0,-,-,-,-,3388.4000,3388.2000,3388.0000,3386.6000,3386.0000,3389.8000,3390.0000,3390.6000,3391.0000,3391.2000,1,1,1,1,1,1,1,1,3,1
SF,IH2012,2020-07-10 09:34:23.500,3389.6000,12250,0,291359340.000,0,-,-,-,-,3388.6000,3388.4000,3388.2000,3388.0000,3386.6000,3389.8000,3390.0000,3390.6000,3391.0000,3391.2000,2,1,1,1,1,1,1,1,3,1
SF,IH2012,2020-07-10 09:34:24.000,3389.6000,12250,0,291359340.000,0,-,-,-,-,3388.6000,3388.2000,3388.0000,3386.6000,3386.0000,3389.8000,3390.0000,3391.0000,3391.2000,3393.0000,2,1,1,1,1,2,1,3,1,1
SF,IH2012,2020-07-10 09:34:24.500,3389.8000,12248,-2,293393220.000,2,0,2,双平,S,3388.6000,3388.2000,3388.0000,3386.6000,3386.0000,3390.0000,3391.0000,3391.2000,3391.4000,3393.0000,2,1,1,1,1,1,3,1,1,1
SF,IH2012,2020-07-10 09:34:25.000,3390.0000,12247,-1,294410220.000,1,0,1,双平,S,3388.8000,3388.6000,3388.2000,3388.0000,3386.6000,3391.0000,3391.2000,3391.4000,3393.0000,3395.0000,3,1,1,1,1,2,1,1,1,2
SF,IH2012,2020-07-10 09:34:25.500,3390.0000,12247,0,294410220.000,0,-,-,-,-,3388.8000,3388.2000,3388.0000,3386.6000,3386.0000,3391.0000,3391.2000,3391.4000,3393.0000,3395.0000,3,1,1,1,1,2,1,1,1,2
SF,IH2012,2020-07-10 09:34:26.000,3390.0000,12247,0,294410220.000,0,-,-,-,-,3389.2000,3389.0000,3388.8000,3388.2000,3388.0000,3390.0000,3391.0000,3391.2000,3391.4000,3393.0000,1,1,2,1,1,1,1,1,1,1
SF,IH2012,2020-07-10 09:34:26.500,3390.0000,12246,-1,295427220.000,1,0,1,双平,S,3390.2000,3390.0000,3389.4000,3389.2000,3388.8000,3391.0000,3391.2000,3391.4000,3393.0000,3395.0000,1,1,2,1,1,1,1,1,1,2
SF,IH2012,2020-07-10 09:34:27.000,3390.0000,12246,0,295427220.000,0,-,-,-,-,3390.4000,3390.2000,3390.0000,3389.2000,3388.8000,3391.0000,3391.2000,3391.4000,3393.0000,3395.0000,1,1,1,1,1,1,1,1,1,2
SF,IH2012,2020-07-10 09:34:27.500,3390.0000,12246,0,295427220.000,0,-,-,-,-,3390.6000,3390.0000,3389.2000,3388.8000,3388.2000,3391.0000,3391.2000,3391.4000,3393.0000,3395.0000,1,1,1,1,1,1,1,1,1,2
SF,IH2012,2020-07-10 09:34:28.000,3390.0000,12246,0,295427220.000,0,-,-,-,-,3390.0000,3389.2000,3388.8000,3388.0000,3386.0000,3391.0000,3391.2000,3391.4000,3393.0000,3395.0000,1,1,1,1,1,2,1,1,1,2
SF,IH2012,2020-07-10 09:34:28.500,3390.0000,12246,0,295427220.000,0,-,-,-,-,3389.2000,3388.8000,3388.0000,3386.0000,3385.0000,3391.0000,3391.2000,3391.4000,3393.0000,3395.0000,1,1,1,1,2,2,1,1,1,2
SF,IH2012,2020-07-10 09:34:29.000,3390.0000,12246,0,295427220.000,0,-,-,-,-,3390.0000,3389.4000,3389.2000,3388.8000,3388.0000,3391.0000,3391.2000,3391.4000,3393.0000,3395.0000,1,2,1,1,1,2,1,1,1,2
SF,IH2012,2020-07-10 09:34:29.500,3390.0000,12246,0,295427220.000,0,-,-,-,-,3390.2000,3390.0000,3389.4000,3389.2000,3388.8000,3391.0000,3391.2000,3391.4000,3393.0000,3395.0000,1,1,1,1,1,2,1,1,1,2
SF,IH2012,2020-07-10 09:34:30.000,3390.0000,12246,0,296444220.000,1,0,1,多换,S,3389.4000,3389.2000,3388.8000,3388.0000,3386.0000,3391.0000,3391.2000,3393.0000,3395.0000,3399.0000,1,1,1,1,1,2,1,1,2,1
SF,IH2012,2020-07-10 09:34:30.500,3390.0000,12246,0,296444220.000,0,-,-,-,-,3389.6000,3389.4000,3389.2000,3388.8000,3388.0000,3391.0000,3391.2000,3393.0000,3395.0000,3399.0000,1,1,1,1,1,2,1,1,2,1
SF,IH2012,2020-07-10 09:34:31.000,3390.0000,12246,0,296444220.000,0,-,-,-,-,3389.8000,3389.2000,3388.8000,3388.0000,3386.0000,3390.0000,3391.0000,3391.2000,3393.0000,3395.0000,2,1,1,1,1,1,2,1,1,2
SF,IH2012,2020-07-10 09:34:31.500,3390.2000,12244,-2,298478280.000,2,0,2,双平,S,3390.0000,3389.8000,3389.2000,3388.8000,3388.0000,3391.0000,3391.2000,3393.0000,3395.0000,3399.0000,3,1,1,1,1,2,1,1,2,1
SF,IH2012,2020-07-10 09:34:32.000,3390.2000,12244,0,298478280.000,0,-,-,-,-,3390.2000,3390.0000,3389.2000,3388.8000,3388.0000,3391.0000,3391.2000,3393.0000,3395.0000,3399.0000,1,3,1,1,1,2,1,1,2,1
SF,IH2012,2020-07-10 09:34:32.500,3390.2000,12244,0,298478280.000,0,-,-,-,-,3390.0000,3389.2000,3388.8000,3388.0000,3386.0000,3391.0000,3391.2000,3393.0000,3395.0000,3399.0000,3,1,1,1,1,2,1,1,2,1
SF,IH2012,2020-07-10 09:34:33.000,3390.2000,12244,0,298478280.000,0,-,-,-,-,3390.2000,3390.0000,3389.2000,3388.8000,3388.0000,3391.0000,3391.2000,3393.0000,3395.0000,3399.0000,1,2,1,1,1,2,1,1,2,1
SF,IH2012,2020-07-10 09:34:33.500,3390.2000,12244,0,298478280.000,0,-,-,-,-,3390.4000,3390.0000,3388.8000,3388.0000,3386.0000,3391.0000,3391.2000,3393.0000,3395.0000,3399.0000,1,2,1,1,1,2,1,1,2,1
SF,IH2012,2020-07-10 09:34:34.000,3390.2000,12244,0,298478280.000,0,-,-,-,-,3390.0000,3388.8000,3388.0000,3386.0000,3385.0000,3391.0000,3391.2000,3393.0000,3395.0000,3399.0000,2,1,1,1,2,2,1,1,2,1
SF,IH2012,2020-07-10 09:34:34.500,3390.2000,12244,0,298478280.000,0,-,-,-,-,3390.2000,3390.0000,3388.8000,3388.0000,3386.0000,3391.0000,3391.2000,3393.0000,3395.0000,3399.0000,1,2,1,1,1,2,1,1,2,1
SF,IH2012,2020-07-10 09:34:35.000,3390.2000,12244,0,298478280.000,0,-,-,-,-,3390.2000,3390.0000,3388.8000,3388.0000,3386.0000,3391.0000,3391.2000,3393.0000,3395.0000,3399.0000,1,1,1,1,1,2,1,1,2,1
SF,IH2012,2020-07-10 09:34:36.000,3390.2000,12244,0,299495340.000,1,0,1,多换,S,3390.0000,3388.8000,3388.0000,3386.0000,3385.0000,3391.0000,3391.2000,3393.0000,3395.0000,3399.0000,1,1,1,1,2,2,1,1,2,1
SF,IH2012,2020-07-10 09:34:36.500,3390.2000,12244,0,299495340.000,0,-,-,-,-,3390.0000,3388.8000,3388.0000,3386.0000,3385.6000,3391.0000,3391.2000,3395.0000,3399.0000,3399.4000,1,1,1,1,1,2,1,2,1,4
SF,IH2012,2020-07-10 09:34:37.000,3390.0000,12244,0,300512340.000,1,0,1,多换,S,3388.0000,3386.0000,3385.6000,3385.0000,3384.4000,3390.8000,3391.0000,3391.2000,3395.0000,3399.0000,1,1,1,2,1,1,2,1,2,1
SF,IH2012,2020-07-10 09:34:37.500,3390.0000,12244,0,300512340.000,0,-,-,-,-,3388.2000,3388.0000,3386.0000,3385.6000,3385.0000,3391.0000,3391.2000,3395.0000,3399.0000,3399.4000,4,1,1,1,2,2,1,2,1,4
SF,IH2012,2020-07-10 09:34:38.000,3390.0000,12244,0,300512340.000,0,-,-,-,-,3388.4000,3388.2000,3388.0000,3386.0000,3385.6000,3391.0000,3391.2000,3395.0000,3399.0000,3399.4000,2,2,1,1,1,2,1,2,1,4
SF,IH2012,2020-07-10 09:34:38.500,3390.0000,12244,0,300512340.000,0,-,-,-,-,3388.6000,3388.4000,3388.0000,3386.0000,3385.6000,3390.0000,3390.8000,3391.0000,3391.2000,3395.0000,2,2,1,1,1,1,1,2,1,2
SF,IH2012,2020-07-10 09:34:39.000,3390.0000,12244,0,300512340.000,0,-,-,-,-,3388.8000,3388.6000,3388.0000,3386.0000,3385.6000,3390.0000,3390.8000,3391.0000,3391.2000,3395.0000,1,1,1,1,1,1,1,2,1,2
SF,IH2012,2020-07-10 09:34:39.500,3390.0000,12243,-1,301529340.000,1,0,1,双平,S,3389.0000,3388.0000,3386.0000,3385.6000,3385.0000,3390.8000,3391.0000,3391.2000,3395.0000,3399.0000,2,1,1,1,2,1,2,1,2,1
SF,IH2012,2020-07-10 09:34:42.500,3389.0000,12242,-1,303562740.000,2,0,2,多平,S,3388.0000,3386.0000,3385.6000,3385.0000,3384.4000,3390.8000,3391.0000,3391.2000,3395.0000,3399.0000,1,1,1,2,1,1,2,1,2,1
SF,IH2012,2020-07-10 09:34:43.000,3389.0000,12242,0,303562740.000,0,-,-,-,-,3389.2000,3388.4000,3388.2000,3388.0000,3386.0000,3390.8000,3391.0000,3391.2000,3395.0000,3399.0000,1,2,3,1,1,1,2,1,2,1
SF,IH2012,2020-07-10 09:34:43.500,3389.0000,12242,0,303562740.000,0,-,-,-,-,3389.4000,3389.2000,3388.2000,3388.0000,3386.0000,3390.8000,3391.0000,3391.2000,3395.0000,3399.0000,3,1,2,1,1,1,2,1,2,1
SF,IH2012,2020-07-10 09:34:44.000,3389.0000,12242,0,303562740.000,0,-,-,-,-,3389.4000,3388.2000,3388.0000,3386.0000,3385.6000,3390.8000,3391.0000,3391.2000,3395.0000,3399.0000,3,2,1,1,1,1,1,1,2,1
SF,IH2012,2020-07-10 09:34:44.500,3389.0000,12242,0,303562740.000,0,-,-,-,-,3390.0000,3389.4000,3388.2000,3388.0000,3386.0000,3390.8000,3391.0000,3391.2000,3395.0000,3399.0000,1,1,2,1,1,1,1,1,2,1
SF,IH2012,2020-07-10 09:34:45.000,3389.0000,12242,0,303562740.000,0,-,-,-,-,3390.0000,3388.2000,3388.0000,3386.0000,3385.6000,3390.8000,3391.0000,3391.2000,3395.0000,3399.0000,1,2,1,1,1,1,1,1,2,1
SF,IH2012,2020-07-10 09:34:46.500,3389.4000,12242,0,304579560.000,1,0,1,多换,S,3388.2000,3388.0000,3386.0000,3385.6000,3385.0000,3390.8000,3391.0000,3391.2000,3395.0000,3399.0000,2,1,1,1,7,1,1,1,2,1
SF,IH2012,2020-07-10 09:34:47.000,3389.4000,12242,0,304579560.000,0,-,-,-,-,3388.6000,3388.4000,3388.2000,3388.0000,3386.0000,3390.6000,3390.8000,3391.0000,3391.2000,3395.0000,2,1,2,1,1,1,1,1,1,2
SF,IH2012,2020-07-10 09:34:47.500,3389.4000,12242,0,304579560.000,0,-,-,-,-,3388.6000,3388.2000,3388.0000,3386.0000,3385.6000,3390.6000,3390.8000,3391.0000,3391.2000,3395.0000,2,1,1,1,1,1,1,1,1,2
SF,IH2012,2020-07-10 09:34:48.000,3389.4000,12242,0,304579560.000,0,-,-,-,-,3388.8000,3388.6000,3388.2000,3388.0000,3386.0000,3390.6000,3390.8000,3391.0000,3391.2000,3395.0000,1,2,1,2,1,1,1,1,1,2
SF,IH2012,2020-07-10 09:34:48.500,3389.4000,12242,0,304579560.000,0,-,-,-,-,3389.0000,3388.8000,3388.2000,3388.0000,3386.0000,3390.6000,3390.8000,3391.0000,3391.2000,3395.0000,2,1,1,2,1,1,1,1,1,2
SF,IH2012,2020-07-10 09:34:49.000,3389.4000,12242,0,304579560.000,0,-,-,-,-,3388.8000,3388.2000,3388.0000,3386.0000,3385.6000,3390.6000,3390.8000,3391.0000,3391.2000,3395.0000,1,1,2,1,1,1,1,2,1,2
