市场代码,合约代码,时间,最新,持仓,增仓,成交额,成交量,开仓,平仓,成交类型,方向,买一价,买二价,买三价,买四价,买五价,卖一价,卖二价,卖三价,卖四价,卖五价,买一量,买二量,买三量,买四量,买五量,卖一量,卖二量,卖三量,卖四量,卖五量
SF,IH2012,2020-06-12 09:29:00.200,2719.4000,5665,0,4079100.000,5.000,-,-,-,-,2717.0000,2709.0000,2707.0000,2706.0000,2705.0000,2719.4000,2723.2000,2726.0000,2742.2000,2747.0000,2,1,2,3,2,2,3,1,3,1
SF,IH2012,2020-06-12 09:30:00.200,2712.4000,5666,1,6523020.000,3,2,1,空开,S,2709.0000,2707.0000,2706.0000,2705.0000,2703.0000,2716.0000,2716.6000,2717.0000,2717.2000,2717.6000,1,2,3,2,1,1,18,10,1,2
SF,IH2012,2020-06-12 09:30:00.700,2709.0000,5664,-2,11403360.000,6,2,4,多平,S,2707.0000,2705.0000,2703.0000,2700.6000,2700.2000,2712.4000,2715.8000,2716.0000,2716.6000,2716.8000,2,2,1,1,1,1,8,1,18,1
SF,IH2012,2020-06-12 09:30:01.200,2709.0000,5664,0,11403360.000,0,-,-,-,-,2711.0000,2707.4000,2707.2000,2707.0000,2705.0000,2712.2000,2712.4000,2715.6000,2715.8000,2716.0000,1,2,1,2,2,1,1,2,6,1
SF,IH2012,2020-06-12 09:30:01.700,2711.0000,5662,-2,13029960.000,2,0,2,双平,S,2711.0000,2707.2000,2707.0000,2705.0000,2703.0000,2712.4000,2715.6000,2715.8000,2716.0000,2716.6000,1,1,2,2,1,1,3,6,2,5
SF,IH2012,2020-06-12 09:30:02.200,2711.0000,5660,-2,15469860.000,3,0,3,多平,S,2707.0000,2705.0000,2703.0000,2700.6000,2700.0000,2712.0000,2712.4000,2715.6000,2715.8000,2716.0000,2,2,1,1,1,1,1,2,6,2
SF,IH2012,2020-06-12 09:30:02.700,2711.0000,5660,0,15469860.000,0,-,-,-,-,2707.4000,2707.2000,2707.0000,2705.0000,2703.0000,2711.0000,2711.8000,2712.2000,2712.4000,2715.6000,2,1,2,2,1,2,2,1,1,1
SF,IH2012,2020-06-12 09:30:03.200,2711.0000,5659,-1,16283160.000,1,0,1,双平,S,2707.6000,2707.4000,2707.0000,2705.0000,2703.0000,2711.0000,2712.4000,2715.8000,2716.0000,2717.0000,2,2,2,2,1,2,1,6,2,8
SF,IH2012,2020-06-12 09:30:03.700,2711.0000,5659,0,16283160.000,0,-,-,-,-,2708.0000,2707.8000,2707.6000,2705.0000,2703.0000,2711.0000,2712.4000,2715.8000,2716.0000,2717.0000,2,6,2,2,1,2,1,2,2,8
SF,IH2012,2020-06-12 09:30:04.200,2711.0000,5658,-1,19534680.000,4,1,3,多平,S,2708.2000,2708.0000,2705.0000,2703.0000,2700.6000,2712.4000,2715.8000,2716.0000,2717.0000,2717.6000,2,2,2,1,1,1,2,2,8,2
SF,IH2012,2020-06-12 09:30:04.700,2708.4000,5658,0,21159720.000,2,1,1,多换,S,2708.4000,2708.2000,2705.0000,2703.0000,2700.6000,2712.2000,2712.4000,2715.8000,2716.0000,2717.0000,2,2,2,1,1,2,1,2,2,8
SF,IH2012,2020-06-12 09:30:05.200,2708.4000,5657,-1,23597280.000,3,1,2,多平,S,2705.0000,2703.0000,2700.6000,2700.0000,2698.0000,2707.4000,2712.0000,2712.2000,2712.4000,2715.8000,2,1,1,1,5,2,4,2,1,2
SF,IH2012,2020-06-12 09:30:05.700,2707.4000,5655,-2,25221720.000,2,0,2,双平,S,2706.6000,2705.4000,2705.0000,2703.0000,2700.6000,2707.2000,2712.0000,2712.4000,2715.8000,2716.0000,1,2,2,1,1,1,4,1,2,1
SF,IH2012,2020-06-12 09:30:06.200,2706.6000,5653,-2,28469820.000,4,1,3,多平,S,2705.2000,2705.0000,2703.0000,2700.6000,2700.0000,2712.0000,2712.4000,2715.8000,2716.0000,2717.0000,1,2,1,1,1,4,1,2,1,8
SF,IH2012,2020-06-12 09:30:06.700,2706.6000,5653,0,28469820.000,0,-,-,-,-,2707.0000,2705.4000,2705.2000,2705.0000,2703.0000,2711.8000,2712.0000,2712.4000,2715.8000,2716.0000,2,5,1,2,1,1,4,1,2,1
SF,IH2012,2020-06-12 09:30:07.200,2706.6000,5653,0,28469820.000,0,-,-,-,-,2707.2000,2707.0000,2705.0000,2703.0000,2700.6000,2708.4000,2708.6000,2711.4000,2711.6000,2711.8000,2,2,2,1,1,1,1,4,1,1
SF,IH2012,2020-06-12 09:30:07.700,2707.2000,5650,-3,30907080.000,3,0,3,双平,S,2707.0000,2705.0000,2703.0000,2700.6000,2700.0000,2707.2000,2711.4000,2711.6000,2711.8000,2712.4000,2,2,1,1,1,1,4,1,1,1
SF,IH2012,2020-06-12 09:30:08.200,2707.2000,5649,-1,31719240.000,1,0,1,双平,S,2707.4000,2707.0000,2705.0000,2703.0000,2700.6000,2711.4000,2711.6000,2712.4000,2715.8000,2716.0000,1,2,2,1,1,4,1,1,2,1
SF,IH2012,2020-06-12 09:30:08.700,2707.2000,5649,0,31719240.000,0,-,-,-,-,2710.0000,2707.4000,2707.0000,2705.0000,2703.0000,2711.2000,2711.6000,2712.4000,2715.8000,2716.0000,1,1,2,2,1,2,1,1,2,1
SF,IH2012,2020-06-12 09:30:09.200,2710.0000,5649,0,32532240.000,1,0,1,多换,S,2707.0000,2705.0000,2703.0000,2700.6000,2700.0000,2707.2000,2709.6000,2711.2000,2712.4000,2715.8000,2,2,1,1,1,2,2,1,1,2
SF,IH2012,2020-06-12 09:30:09.700,2707.0000,5647,-2,35780760.000,4,1,3,多平,S,2705.0000,2703.0000,2700.6000,2700.0000,2698.0000,2712.4000,2715.8000,2716.0000,2717.0000,2717.6000,2,1,1,1,5,1,2,1,8,2
SF,IH2012,2020-06-12 09:30:10.200,2705.4000,5647,0,36592380.000,1,0,1,多换,S,2705.4000,2705.2000,2705.0000,2703.0000,2700.6000,2712.0000,2712.2000,2712.4000,2715.8000,2716.0000,4,1,2,1,1,1,2,1,2,1
SF,IH2012,2020-06-12 09:30:10.700,2705.4000,5647,0,36592380.000,0,-,-,-,-,2705.6000,2705.0000,2703.0000,2700.6000,2700.0000,2711.8000,2712.0000,2712.2000,2712.4000,2715.8000,1,2,1,1,1,1,5,2,1,2
SF,IH2012,2020-06-12 09:30:11.200,2705.4000,5647,0,36592380.000,0,-,-,-,-,2705.6000,2705.0000,2703.0000,2700.6000,2700.0000,2711.4000,2711.8000,2712.2000,2712.4000,2715.8000,1,2,1,1,1,5,1,2,1,2
SF,IH2012,2020-06-12 09:30:11.700,2705.4000,5647,0,36592380.000,0,-,-,-,-,2705.6000,2705.0000,2703.0000,2700.6000,2700.0000,2707.2000,2711.2000,2711.4000,2711.6000,2712.2000,1,2,1,1,1,1,1,1,1,2
SF,IH2012,2020-06-12 09:30:12.200,2707.2000,5646,-1,37404540.000,1,0,1,双平,S,2705.6000,2705.0000,2703.0000,2700.6000,2700.0000,2711.4000,2711.6000,2712.2000,2712.4000,2715.8000,1,2,1,1,1,1,1,1,1,2
SF,IH2012,2020-06-12 09:30:12.700,2707.2000,5646,0,37404540.000,0,-,-,-,-,2706.0000,2705.6000,2705.0000,2703.0000,2700.6000,2711.2000,2711.4000,2711.6000,2712.4000,2715.8000,4,1,2,1,1,2,1,1,1,2
SF,IH2012,2020-06-12 09:30:13.200,2707.2000,5646,0,37404540.000,0,-,-,-,-,2706.2000,2705.0000,2703.0000,2700.6000,2700.0000,2710.8000,2711.2000,2711.6000,2712.4000,2715.8000,1,2,1,1,1,1,2,1,1,2
SF,IH2012,2020-06-12 09:30:13.700,2706.2000,5644,-2,39841440.000,3,0,3,多平,S,2706.2000,2705.0000,2703.0000,2700.6000,2700.0000,2710.6000,2710.8000,2711.2000,2711.6000,2712.4000,3,2,1,1,1,1,1,1,1,1
SF,IH2012,2020-06-12 09:30:14.200,2706.2000,5644,0,40653300.000,1,0,1,多换,S,2705.0000,2703.0000,2700.6000,2700.0000,2698.0000,2705.6000,2710.2000,2710.4000,2710.6000,2711.2000,2,1,1,1,5,1,1,2,2,1
SF,IH2012,2020-06-12 09:30:14.700,2706.0000,5644,0,41465100.000,1,0,1,多换,S,2705.6000,2705.2000,2705.0000,2703.0000,2700.6000,2710.2000,2710.4000,2710.6000,2711.2000,2711.6000,1,4,2,1,1,1,1,2,1,1
SF,IH2012,2020-06-12 09:30:15.200,2706.0000,5644,0,41465100.000,0,-,-,-,-,2705.6000,2705.0000,2703.0000,2700.6000,2700.0000,2709.8000,2710.0000,2710.2000,2710.6000,2711.2000,1,2,1,1,1,1,2,1,1,1
SF,IH2012,2020-06-12 09:30:15.700,2706.0000,5644,0,41465100.000,0,-,-,-,-,2705.6000,2705.0000,2703.0000,2700.6000,2700.0000,2709.4000,2709.6000,2709.8000,2710.0000,2710.6000,1,1,1,1,1,1,2,1,1,1
SF,IH2012,2020-06-12 09:30:16.200,2709.2000,5644,0,42277860.000,1,0,1,多换,S,2705.8000,2705.0000,2703.0000,2700.6000,2700.0000,2709.8000,2710.0000,2710.6000,2711.6000,2712.0000,1,1,1,1,1,1,1,1,1,1
SF,IH2012,2020-06-12 09:30:16.700,2709.2000,5644,0,42277860.000,0,-,-,-,-,2705.8000,2705.0000,2703.0000,2700.6000,2700.0000,2709.4000,2709.6000,2709.8000,2710.0000,2710.6000,2,1,1,1,1,1,1,1,1,1
SF,IH2012,2020-06-12 09:30:17.200,2709.2000,5644,0,42277860.000,0,-,-,-,-,2705.8000,2705.0000,2703.0000,2700.6000,2700.0000,2709.2000,2709.8000,2710.0000,2712.0000,2712.4000,2,1,1,1,1,1,1,1,1,1
SF,IH2012,2020-06-12 09:30:17.700,2709.2000,5644,0,42277860.000,0,-,-,-,-,2706.6000,2705.8000,2705.6000,2705.0000,2703.0000,2709.2000,2709.8000,2712.0000,2712.4000,2715.8000,1,2,1,1,1,1,1,1,1,2
SF,IH2012,2020-06-12 09:30:18.200,2709.2000,5644,0,42277860.000,0,-,-,-,-,2706.8000,2706.6000,2705.8000,2705.6000,2705.0000,2709.2000,2709.8000,2712.0000,2712.4000,2715.8000,1,1,1,1,1,1,1,1,1,2
SF,IH2012,2020-06-12 09:30:18.700,2709.2000,5644,0,42277860.000,0,-,-,-,-,2707.0000,2706.8000,2706.6000,2705.6000,2705.0000,2709.8000,2712.0000,2712.4000,2715.8000,2716.0000,1,1,1,1,1,1,1,1,2,2
SF,IH2012,2020-06-12 09:30:19.200,2709.2000,5644,0,42277860.000,0,-,-,-,-,2707.2000,2707.0000,2706.6000,2705.6000,2705.0000,2709.4000,2709.6000,2709.8000,2712.0000,2712.4000,1,1,1,1,1,1,1,1,1,1
SF,IH2012,2020-06-12 09:30:19.700,2709.2000,5644,0,42277860.000,0,-,-,-,-,2707.2000,2706.6000,2705.6000,2705.0000,2703.0000,2709.8000,2712.0000,2712.4000,2715.8000,2716.0000,1,1,1,1,1,1,1,1,2,2
SF,IH2012,2020-06-12 09:30:20.200,2709.2000,5644,0,42277860.000,0,-,-,-,-,2707.2000,2706.6000,2705.6000,2705.0000,2703.0000,2707.4000,2712.0000,2712.4000,2715.8000,2716.0000,1,1,1,1,1,1,1,1,2,2
SF,IH2012,2020-06-12 09:30:20.700,2707.4000,5643,-1,43090080.000,1,0,1,双平,S,2707.4000,2706.6000,2705.6000,2705.0000,2703.0000,2712.0000,2712.4000,2715.8000,2716.0000,2717.0000,2,1,1,1,1,1,1,2,2,6
SF,IH2012,2020-06-12 09:30:21.200,2707.4000,5643,0,43090080.000,0,-,-,-,-,2707.6000,2707.4000,2706.6000,2705.6000,2705.0000,2711.6000,2711.8000,2712.0000,2712.4000,2715.8000,1,2,1,1,1,2,2,1,1,2
SF,IH2012,2020-06-12 09:30:21.700,2707.4000,5643,0,43090080.000,0,-,-,-,-,2707.6000,2707.4000,2706.6000,2705.6000,2705.0000,2711.4000,2711.6000,2711.8000,2712.0000,2712.4000,1,1,1,1,1,1,2,1,1,1
SF,IH2012,2020-06-12 09:30:22.200,2707.4000,5643,0,43090080.000,0,-,-,-,-,2707.8000,2707.6000,2707.4000,2706.6000,2705.6000,2711.2000,2711.4000,2712.0000,2712.4000,2715.8000,1,1,1,1,1,2,1,1,1,2
SF,IH2012,2020-06-12 09:30:22.700,2707.4000,5643,0,43090080.000,0,-,-,-,-,2708.0000,2707.8000,2707.0000,2706.6000,2705.6000,2712.0000,2712.4000,2715.8000,2716.0000,2717.0000,1,1,1,1,1,1,1,2,2,6
SF,IH2012,2020-06-12 09:30:23.200,2707.4000,5643,0,43090080.000,0,-,-,-,-,2708.0000,2707.0000,2706.6000,2705.6000,2705.0000,2711.6000,2711.8000,2712.0000,2712.4000,2715.8000,1,1,1,1,1,2,1,1,1,2
SF,IH2012,2020-06-12 09:30:23.700,2707.4000,5643,0,43090080.000,0,-,-,-,-,2708.0000,2707.0000,2706.6000,2705.0000,2703.0000,2711.4000,2711.6000,2711.8000,2712.0000,2712.4000,1,1,1,1,1,1,2,1,1,1
SF,IH2012,2020-06-12 09:30:24.200,2707.4000,5643,0,43090080.000,0,-,-,-,-,2708.0000,2707.0000,2706.6000,2705.0000,2703.0000,2711.8000,2712.0000,2712.4000,2715.8000,2716.0000,1,1,1,1,1,1,1,1,2,2
SF,IH2012,2020-06-12 09:30:24.700,2707.4000,5643,0,43090080.000,0,-,-,-,-,2708.2000,2708.0000,2707.6000,2707.0000,2706.6000,2711.4000,2711.6000,2712.0000,2712.4000,2715.8000,1,1,1,1,1,2,1,1,1,2
SF,IH2012,2020-06-12 09:30:25.200,2707.4000,5643,0,43090080.000,0,-,-,-,-,2708.4000,2708.2000,2707.6000,2707.0000,2706.6000,2711.2000,2711.4000,2712.0000,2712.4000,2715.8000,1,1,1,1,1,1,2,1,1,2
SF,IH2012,2020-06-12 09:30:25.700,2707.4000,5643,0,43090080.000,0,-,-,-,-,2708.6000,2708.4000,2708.2000,2707.6000,2707.0000,2712.0000,2712.4000,2715.8000,2716.0000,2717.0000,1,2,1,1,1,1,1,2,2,6
SF,IH2012,2020-06-12 09:30:26.200,2707.4000,5643,0,43090080.000,0,-,-,-,-,2708.8000,2708.6000,2708.4000,2708.2000,2707.6000,2711.8000,2712.0000,2712.4000,2715.8000,2716.0000,1,1,1,1,1,3,1,1,2,2
SF,IH2012,2020-06-12 09:30:26.700,2707.4000,5643,0,43090080.000,0,-,-,-,-,2708.8000,2708.6000,2708.4000,2707.6000,2707.0000,2711.8000,2712.0000,2712.4000,2715.8000,2716.0000,1,1,1,1,1,1,1,1,2,2
SF,IH2012,2020-06-12 09:30:27.200,2708.8000,5642,-1,43902720.000,1,0,1,双平,S,2708.4000,2707.6000,2707.0000,2706.6000,2705.0000,2711.4000,2711.6000,2711.8000,2712.0000,2712.4000,1,1,1,1,1,2,3,1,1,1
SF,IH2012,2020-06-12 09:30:27.700,2708.8000,5642,0,43902720.000,0,-,-,-,-,2708.4000,2707.6000,2707.0000,2706.6000,2705.0000,2711.2000,2711.4000,2711.6000,2712.0000,2712.4000,1,1,1,1,1,2,2,2,1,1
SF,IH2012,2020-06-12 09:30:28.200,2711.2000,5640,-2,45528600.000,2,0,2,双平,S,2708.6000,2707.6000,2707.0000,2706.6000,2705.0000,2711.2000,2711.4000,2712.0000,2712.4000,2715.8000,1,1,1,1,1,1,2,1,1,2
SF,IH2012,2020-06-12 09:30:28.700,2711.2000,5640,0,45528600.000,0,-,-,-,-,2708.8000,2708.6000,2707.6000,2707.0000,2706.6000,2711.2000,2711.4000,2712.0000,2712.4000,2715.8000,1,1,1,1,1,1,2,1,1,2
SF,IH2012,2020-06-12 09:30:29.200,2711.2000,5640,0,46341960.000,1,0,1,多换,S,2709.0000,2708.8000,2708.6000,2707.6000,2707.0000,2711.4000,2712.0000,2712.4000,2715.8000,2716.0000,1,1,1,1,1,2,1,1,2,2
SF,IH2012,2020-06-12 09:30:29.700,2711.2000,5640,0,46341960.000,0,-,-,-,-,2709.0000,2708.6000,2707.6000,2707.0000,2706.6000,2711.2000,2711.4000,2712.0000,2712.4000,2715.8000,1,1,1,1,1,2,2,1,1,2
SF,IH2012,2020-06-12 09:30:30.700,2711.2000,5640,0,46341960.000,0,-,-,-,-,2709.0000,2708.6000,2707.6000,2707.0000,2706.6000,2711.2000,2712.0000,2712.4000,2715.8000,2716.0000,1,1,1,1,1,2,1,1,2,2
SF,IH2012,2020-06-12 09:30:31.200,2711.2000,5640,0,46341960.000,0,-,-,-,-,2709.2000,2709.0000,2708.6000,2707.6000,2707.0000,2711.2000,2712.0000,2712.4000,2715.8000,2716.0000,1,1,1,1,1,2,1,1,2,2
SF,IH2012,2020-06-12 09:30:31.700,2711.2000,5640,0,46341960.000,0,-,-,-,-,2709.4000,2709.2000,2709.0000,2708.6000,2707.6000,2711.2000,2712.0000,2712.4000,2715.8000,2716.0000,1,1,1,1,1,1,1,1,2,1
SF,IH2012,2020-06-12 09:30:32.200,2711.2000,5640,0,46341960.000,0,-,-,-,-,2709.6000,2709.4000,2709.0000,2708.6000,2707.6000,2712.0000,2712.4000,2715.8000,2716.0000,2717.0000,2,1,1,1,1,1,1,2,1,6
SF,IH2012,2020-06-12 09:30:32.700,2711.2000,5640,0,46341960.000,0,-,-,-,-,2711.2000,2709.6000,2709.4000,2709.0000,2708.6000,2711.8000,2712.0000,2712.4000,2715.8000,2716.0000,2,2,1,1,1,1,1,1,2,1
SF,IH2012,2020-06-12 09:30:33.200,2711.2000,5640,0,47968680.000,2,1,1,多换,S,2709.6000,2709.4000,2709.0000,2707.6000,2707.0000,2710.6000,2712.0000,2712.4000,2715.8000,2716.0000,2,1,1,1,1,2,1,1,2,1
SF,IH2012,2020-06-12 09:30:33.700,2711.2000,5640,0,47968680.000,0,-,-,-,-,2710.6000,2709.4000,2709.0000,2707.6000,2707.0000,2712.0000,2712.4000,2715.8000,2716.0000,2717.0000,3,1,1,1,1,1,1,2,1,6
SF,IH2012,2020-06-12 09:30:34.200,2711.2000,5640,0,47968680.000,0,-,-,-,-,2710.6000,2709.4000,2709.0000,2707.6000,2707.0000,2711.8000,2712.0000,2712.4000,2715.8000,2716.0000,3,1,1,1,1,1,1,1,2,1
SF,IH2012,2020-06-12 09:30:34.700,2711.2000,5640,0,47968680.000,0,-,-,-,-,2710.8000,2710.6000,2709.4000,2709.0000,2707.6000,2712.0000,2712.4000,2715.8000,2716.0000,2717.0000,2,2,1,1,1,1,1,2,1,5
SF,IH2012,2020-06-12 09:30:35.200,2711.2000,5640,0,47968680.000,0,-,-,-,-,2711.0000,2710.8000,2710.6000,2709.4000,2709.0000,2712.0000,2712.4000,2715.8000,2716.0000,2717.0000,1,2,2,1,1,1,1,2,1,5
SF,IH2012,2020-06-12 09:30:36.200,2712.0000,5639,-1,48782280.000,1,0,1,双平,S,2711.0000,2710.8000,2709.4000,2709.0000,2707.6000,2712.4000,2715.8000,2716.0000,2717.0000,2717.4000,2,2,1,1,1,1,2,1,5,4
SF,IH2012,2020-06-12 09:30:36.700,2711.0000,5639,0,50409300.000,2,1,1,多换,S,2711.0000,2710.8000,2709.4000,2709.0000,2707.6000,2715.8000,2716.0000,2717.0000,2717.4000,2718.0000,1,2,1,1,1,2,1,5,4,1
SF,IH2012,2020-06-12 09:30:37.200,2711.0000,5639,0,50409300.000,0,-,-,-,-,2711.2000,2711.0000,2709.4000,2709.0000,2707.6000,2715.4000,2715.6000,2715.8000,2716.0000,2717.0000,1,1,1,1,1,5,3,2,1,5
SF,IH2012,2020-06-12 09:30:37.700,2711.0000,5639,0,50409300.000,0,-,-,-,-,2711.2000,2711.0000,2709.4000,2708.8000,2707.0000,2715.2000,2715.4000,2715.6000,2715.8000,2716.0000,1,1,1,5,1,1,5,3,2,1
SF,IH2012,2020-06-12 09:30:38.200,2711.0000,5639,0,50409300.000,0,-,-,-,-,2711.2000,2711.0000,2709.4000,2708.8000,2707.0000,2714.8000,2715.2000,2715.6000,2715.8000,2716.0000,1,1,1,5,1,2,1,3,2,1
SF,IH2012,2020-06-12 09:30:38.700,2711.0000,5639,0,50409300.000,0,-,-,-,-,2712.4000,2711.4000,2711.2000,2711.0000,2709.4000,2714.6000,2714.8000,2716.0000,2717.0000,2717.4000,1,1,1,1,1,1,2,1,5,4
SF,IH2012,2020-06-12 09:30:39.200,2711.0000,5639,0,50409300.000,0,-,-,-,-,2712.6000,2712.4000,2711.4000,2711.0000,2709.4000,2714.6000,2714.8000,2716.0000,2717.0000,2717.4000,1,1,1,1,1,1,2,1,5,4
SF,IH2012,2020-06-12 09:30:40.200,2711.0000,5639,0,50409300.000,0,-,-,-,-,2712.6000,2712.4000,2711.4000,2711.0000,2709.4000,2714.6000,2714.8000,2716.0000,2717.0000,2717.4000,1,1,1,1,1,1,2,1,5,4
SF,IH2012,2020-06-12 09:30:40.700,2711.0000,5639,0,50409300.000,0,-,-,-,-,2712.6000,2712.4000,2711.4000,2711.0000,2709.4000,2716.0000,2717.0000,2717.4000,2718.0000,2720.0000,1,1,1,1,1,1,5,4,1,1
SF,IH2012,2020-06-12 09:30:41.200,2711.0000,5639,0,50409300.000,0,-,-,-,-,2714.6000,2712.6000,2712.4000,2711.4000,2711.0000,2715.8000,2716.0000,2717.0000,2717.4000,2718.0000,1,1,1,1,1,3,1,5,4,1
SF,IH2012,2020-06-12 09:30:41.700,2714.6000,5639,0,51223680.000,1,0,1,多换,S,2712.6000,2712.4000,2711.0000,2709.4000,2708.8000,2715.8000,2716.0000,2717.0000,2717.4000,2718.0000,1,1,1,1,5,3,1,5,4,1
SF,IH2012,2020-06-12 09:30:42.200,2714.6000,5639,0,51223680.000,0,-,-,-,-,2712.4000,2711.0000,2709.4000,2708.8000,2707.0000,2715.6000,2715.8000,2716.0000,2717.0000,2717.4000,1,1,1,5,1,1,3,1,5,4
SF,IH2012,2020-06-12 09:30:42.700,2714.6000,5639,0,51223680.000,0,-,-,-,-,2712.8000,2712.4000,2711.0000,2709.4000,2708.8000,2715.4000,2715.6000,2715.8000,2716.0000,2717.0000,2,1,1,1,5,1,1,2,1,5
SF,IH2012,2020-06-12 09:30:43.200,2714.6000,5639,0,51223680.000,0,-,-,-,-,2713.0000,2712.8000,2712.4000,2711.0000,2709.4000,2715.8000,2716.0000,2717.0000,2717.4000,2718.0000,1,2,1,1,1,2,1,4,4,1
SF,IH2012,2020-06-12 09:30:43.700,2714.6000,5639,0,51223680.000,0,-,-,-,-,2715.4000,2713.0000,2712.8000,2712.4000,2711.0000,2715.6000,2715.8000,2716.0000,2717.0000,2717.4000,1,1,2,1,1,1,2,1,4,4
SF,IH2012,2020-06-12 09:30:44.200,2715.4000,5639,0,52852920.000,2,1,1,多换,S,2713.0000,2712.8000,2712.4000,2711.0000,2709.4000,2715.8000,2716.0000,2717.0000,2717.4000,2718.0000,1,2,1,1,1,2,1,4,4,1
SF,IH2012,2020-06-12 09:30:44.700,2715.4000,5639,0,52852920.000,0,-,-,-,-,2713.0000,2712.4000,2711.0000,2709.4000,2708.8000,2716.0000,2717.0000,2717.4000,2718.0000,2720.0000,1,1,1,1,5,1,4,4,1,1
SF,IH2012,2020-06-12 09:30:45.200,2716.0000,5639,0,53667720.000,1,0,1,多换,S,2713.4000,2713.0000,2712.4000,2711.0000,2709.4000,2717.0000,2717.4000,2718.0000,2720.0000,2726.0000,3,1,1,2,1,4,4,1,1,2
SF,IH2012,2020-06-12 09:30:45.700,2716.0000,5639,0,53667720.000,0,-,-,-,-,2713.6000,2712.4000,2711.0000,2709.4000,2708.8000,2716.8000,2717.0000,2717.4000,2718.0000,2720.0000,3,1,2,1,5,1,4,4,1,1
SF,IH2012,2020-06-12 09:30:46.200,2716.0000,5639,0,53667720.000,0,-,-,-,-,2713.6000,2712.4000,2711.0000,2709.4000,2708.8000,2716.6000,2716.8000,2717.0000,2717.4000,2718.0000,3,1,2,1,5,2,1,4,4,1
SF,IH2012,2020-06-12 09:30:46.700,2716.0000,5639,0,53667720.000,0,-,-,-,-,2713.6000,2712.4000,2711.0000,2709.4000,2708.8000,2715.4000,2717.0000,2717.4000,2718.0000,2720.0000,3,1,1,1,5,1,4,4,1,1
SF,IH2012,2020-06-12 09:30:47.200,2715.4000,5639,0,54482340.000,1,0,1,多换,S,2715.4000,2713.6000,2712.4000,2711.0000,2709.4000,2716.2000,2717.0000,2717.4000,2718.0000,2720.0000,1,3,1,1,1,2,4,4,1,1
SF,IH2012,2020-06-12 09:30:47.700,2715.4000,5638,-1,55296960.000,1,0,1,双平,S,2712.4000,2711.0000,2709.4000,2708.8000,2707.0000,2715.0000,2715.2000,2716.0000,2717.0000,2717.4000,1,1,1,5,1,2,1,1,4,4
SF,IH2012,2020-06-12 09:30:48.200,2715.0000,5638,0,56925960.000,2,1,1,多换,S,2712.6000,2712.4000,2711.0000,2708.8000,2707.0000,2715.2000,2716.0000,2717.0000,2717.4000,2718.0000,1,1,1,5,1,1,1,4,4,1
SF,IH2012,2020-06-12 09:30:48.700,2715.2000,5638,0,57740520.000,1,0,1,多换,S,2712.6000,2712.4000,2711.0000,2708.8000,2707.0000,2717.0000,2717.4000,2718.0000,2720.0000,2726.0000,2,1,1,5,1,4,4,1,1,2
SF,IH2012,2020-06-12 09:30:49.200,2715.2000,5638,0,57740520.000,0,-,-,-,-,2713.2000,2712.6000,2712.4000,2711.0000,2708.8000,2716.6000,2716.8000,2717.0000,2717.4000,2718.0000,1,2,1,1,5,2,1,4,4,1
SF,IH2012,2020-06-12 09:30:49.700,2715.2000,5638,0,57740520.000,0,-,-,-,-,2713.4000,2713.2000,2712.6000,2712.4000,2711.0000,2716.4000,2716.6000,2717.0000,2717.4000,2718.0000,2,1,1,1,1,1,2,4,4,1
SF,IH2012,2020-06-12 09:30:50.200,2715.2000,5638,0,57740520.000,0,-,-,-,-,2715.0000,2713.4000,2713.2000,2712.6000,2712.4000,2716.4000,2716.6000,2717.0000,2717.4000,2718.0000,1,2,1,1,1,1,2,4,4,1
SF,IH2012,2020-06-12 09:30:50.700,2715.2000,5638,0,57740520.000,0,-,-,-,-,2715.2000,2715.0000,2713.4000,2713.2000,2712.6000,2716.4000,2717.0000,2717.4000,2718.0000,2720.0000,1,1,2,1,1,1,4,4,1,1
SF,IH2012,2020-06-12 09:30:51.200,2715.2000,5638,0,57740520.000,0,-,-,-,-,2715.2000,2715.0000,2713.4000,2713.2000,2712.6000,2716.4000,2717.0000,2717.4000,2718.0000,2720.0000,1,1,2,1,1,1,4,4,1,1
SF,IH2012,2020-06-12 09:30:51.700,2715.2000,5638,0,57740520.000,0,-,-,-,-,2715.2000,2715.0000,2713.4000,2713.2000,2712.6000,2716.4000,2717.0000,2717.4000,2718.0000,2720.0000,1,1,2,1,1,1,4,4,1,1
SF,IH2012,2020-06-12 09:30:52.200,2715.2000,5638,0,57740520.000,0,-,-,-,-,2715.2000,2715.0000,2713.4000,2713.2000,2712.6000,2716.4000,2717.0000,2717.4000,2718.0000,2720.0000,1,1,2,1,1,1,4,4,1,1
SF,IH2012,2020-06-12 09:30:52.700,2715.2000,5638,0,57740520.000,0,-,-,-,-,2715.2000,2715.0000,2713.4000,2713.2000,2712.6000,2716.0000,2716.4000,2717.0000,2717.4000,2720.0000,1,1,2,1,1,2,1,4,4,1
SF,IH2012,2020-06-12 09:30:53.200,2715.0000,5636,-2,60184080.000,3,0,3,多平,S,2713.4000,2713.2000,2712.6000,2712.4000,2712.0000,2715.8000,2716.0000,2717.0000,2717.4000,2720.0000,2,1,1,1,1,1,2,4,4,1
SF,IH2012,2020-06-12 09:30:53.700,2715.8000,5637,1,62628060.000,3,2,1,空开,S,2713.4000,2713.2000,2712.6000,2712.4000,2712.0000,2716.6000,2717.0000,2717.4000,2720.0000,2726.0000,2,1,1,1,1,1,4,4,1,2
SF,IH2012,2020-06-12 09:30:54.200,2716.4000,5637,0,63442980.000,1,0,1,多换,S,2713.4000,2713.2000,2712.6000,2712.4000,2712.0000,2716.6000,2717.0000,2717.4000,2720.0000,2726.0000,2,1,1,1,1,1,4,4,1,2
SF,IH2012,2020-06-12 09:30:54.700,2716.4000,5637,0,63442980.000,0,-,-,-,-,2713.6000,2713.4000,2713.2000,2712.6000,2712.4000,2716.4000,2716.6000,2717.0000,2717.4000,2720.0000,1,2,1,1,1,1,1,4,4,1
SF,IH2012,2020-06-12 09:30:55.200,2716.4000,5637,0,63442980.000,0,-,-,-,-,2713.8000,2713.6000,2713.4000,2713.2000,2712.6000,2716.6000,2717.0000,2717.4000,2720.0000,2726.0000,2,1,1,1,1,1,4,4,1,2
SF,IH2012,2020-06-12 09:30:55.700,2716.4000,5637,0,63442980.000,0,-,-,-,-,2714.0000,2713.8000,2713.4000,2713.2000,2712.6000,2716.4000,2716.6000,2717.0000,2717.4000,2720.0000,1,2,1,1,1,1,1,4,4,1
SF,IH2012,2020-06-12 09:30:56.200,2716.4000,5637,0,63442980.000,0,-,-,-,-,2714.2000,2714.0000,2713.8000,2713.4000,2713.2000,2716.4000,2716.6000,2717.0000,2717.4000,2720.0000,1,1,1,1,1,1,1,4,4,1
SF,IH2012,2020-06-12 09:30:57.200,2716.4000,5637,0,63442980.000,0,-,-,-,-,2714.2000,2714.0000,2713.8000,2713.4000,2713.2000,2716.2000,2716.4000,2716.6000,2717.0000,2717.4000,1,1,1,1,1,1,1,1,4,4
SF,IH2012,2020-06-12 09:30:57.700,2716.4000,5637,0,63442980.000,0,-,-,-,-,2714.2000,2713.8000,2713.4000,2713.2000,2712.4000,2716.0000,2716.2000,2716.6000,2717.0000,2717.4000,1,1,1,1,1,1,1,1,4,4
SF,IH2012,2020-06-12 09:30:58.200,2716.4000,5637,0,63442980.000,0,-,-,-,-,2714.2000,2713.8000,2713.4000,2713.2000,2713.0000,2716.0000,2716.6000,2717.0000,2717.4000,2720.0000,1,1,1,1,1,1,1,4,4,1
SF,IH2012,2020-06-12 09:30:58.700,2716.4000,5637,0,63442980.000,0,-,-,-,-,2714.2000,2713.8000,2713.4000,2713.2000,2713.0000,2716.0000,2716.6000,2717.0000,2717.4000,2720.0000,1,1,1,1,1,1,1,4,4,1
SF,IH2012,2020-06-12 09:30:59.200,2716.4000,5637,0,63442980.000,0,-,-,-,-,2714.2000,2713.8000,2713.4000,2713.2000,2713.0000,2716.0000,2716.6000,2717.0000,2717.4000,2720.0000,1,1,1,1,1,1,1,4,4,1
SF,IH2012,2020-06-12 09:30:59.700,2716.4000,5637,0,63442980.000,0,-,-,-,-,2714.2000,2713.8000,2713.4000,2713.2000,2713.0000,2716.0000,2716.6000,2717.0000,2717.4000,2720.0000,1,1,1,1,1,1,1,4,4,1
SF,IH2012,2020-06-12 09:31:00.200,2716.4000,5637,0,63442980.000,0,-,-,-,-,2714.4000,2714.2000,2713.8000,2713.4000,2713.2000,2716.0000,2716.6000,2717.0000,2717.4000,2720.0000,1,1,1,1,1,1,1,4,4,1
SF,IH2012,2020-06-12 09:31:01.200,2716.4000,5637,0,63442980.000,0,-,-,-,-,2714.4000,2714.2000,2713.8000,2713.4000,2713.2000,2715.8000,2716.0000,2716.6000,2717.0000,2717.4000,1,1,1,1,1,1,1,1,4,4
SF,IH2012,2020-06-12 09:31:02.200,2714.4000,5636,-1,64257300.000,1,0,1,双平,S,2714.2000,2713.8000,2713.4000,2713.2000,2713.0000,2715.8000,2716.0000,2716.6000,2717.0000,2717.4000,1,1,1,1,1,1,1,1,4,4
SF,IH2012,2020-06-12 09:31:02.700,2714.2000,5635,-1,65071560.000,1,0,1,双平,S,2713.8000,2713.4000,2713.2000,2713.0000,2712.4000,2714.2000,2715.6000,2715.8000,2716.6000,2717.0000,1,1,1,1,1,1,1,1,1,4
SF,IH2012,2020-06-12 09:31:03.200,2714.0000,5635,0,66699900.000,2,1,1,多换,S,2713.2000,2713.0000,2712.4000,2712.0000,2711.0000,2714.2000,2715.6000,2715.8000,2716.6000,2717.0000,1,1,1,1,1,1,6,2,1,4
SF,IH2012,2020-06-12 09:31:03.700,2713.2000,5635,0,67513860.000,1,0,1,多换,S,2713.0000,2712.4000,2712.0000,2711.0000,2708.8000,2715.6000,2715.8000,2716.6000,2717.0000,2717.4000,1,1,1,1,5,6,2,1,4,4
SF,IH2012,2020-06-12 09:31:04.200,2713.2000,5635,0,67513860.000,0,-,-,-,-,2713.0000,2712.4000,2712.0000,2711.0000,2708.8000,2715.4000,2715.6000,2715.8000,2716.6000,2717.0000,1,1,1,1,5,1,6,2,2,4
SF,IH2012,2020-06-12 09:31:04.700,2713.2000,5635,0,67513860.000,0,-,-,-,-,2713.0000,2712.4000,2712.0000,2711.0000,2708.8000,2715.0000,2715.2000,2715.4000,2715.8000,2716.6000,1,1,1,1,5,5,1,6,2,2
SF,IH2012,2020-06-12 09:31:05.200,2713.2000,5635,0,67513860.000,0,-,-,-,-,2713.0000,2712.4000,2712.0000,2711.0000,2708.8000,2714.8000,2715.0000,2715.4000,2715.8000,2716.6000,1,1,1,1,5,2,5,5,2,2
SF,IH2012,2020-06-12 09:31:05.700,2713.2000,5635,0,67513860.000,0,-,-,-,-,2713.0000,2712.4000,2712.0000,2711.0000,2708.8000,2714.4000,2714.8000,2715.4000,2715.8000,2716.6000,1,1,1,1,5,5,4,5,2,2
SF,IH2012,2020-06-12 09:31:06.200,2713.0000,5635,0,68327760.000,1,0,1,多换,S,2712.4000,2712.0000,2711.0000,2708.8000,2707.0000,2714.8000,2715.4000,2715.8000,2716.6000,2717.0000,1,1,1,5,1,2,2,2,2,4
SF,IH2012,2020-06-12 09:31:06.700,2713.0000,5635,0,68327760.000,0,-,-,-,-,2712.6000,2712.4000,2712.0000,2711.0000,2708.8000,2714.8000,2715.8000,2716.6000,2717.0000,2717.4000,1,1,1,1,5,2,2,2,4,4
SF,IH2012,2020-06-12 09:31:07.200,2713.0000,5635,0,68327760.000,0,-,-,-,-,2712.4000,2712.0000,2711.0000,2708.8000,2707.0000,2714.8000,2715.8000,2716.6000,2717.0000,2717.4000,1,1,1,5,1,2,2,2,4,4
SF,IH2012,2020-06-12 09:31:07.700,2712.4000,5635,0,69141480.000,1,0,1,多换,S,2712.0000,2711.0000,2708.8000,2707.0000,2706.6000,2712.2000,2714.4000,2714.8000,2715.8000,2716.6000,1,1,5,1,1,1,5,2,2,2
SF,IH2012,2020-06-12 09:31:08.200,2712.2000,5634,-1,69955140.000,1,0,1,双平,S,2712.2000,2712.0000,2711.0000,2708.8000,2707.0000,2714.4000,2714.6000,2714.8000,2715.8000,2716.6000,1,1,1,5,1,5,1,2,1,1
SF,IH2012,2020-06-12 09:31:08.700,2712.2000,5634,0,69955140.000,0,-,-,-,-,2712.0000,2711.0000,2710.2000,2708.8000,2707.0000,2714.2000,2714.4000,2714.6000,2715.8000,2716.6000,1,1,1,5,1,2,5,1,1,1
SF,IH2012,2020-06-12 09:31:09.700,2712.2000,5634,0,69955140.000,0,-,-,-,-,2712.0000,2711.0000,2710.2000,2708.8000,2707.0000,2714.2000,2714.6000,2715.8000,2716.6000,2717.0000,1,1,1,5,1,2,1,1,1,4
SF,IH2012,2020-06-12 09:31:10.200,2712.2000,5634,0,69955140.000,0,-,-,-,-,2712.2000,2712.0000,2711.0000,2710.2000,2708.8000,2714.2000,2714.6000,2715.8000,2716.6000,2717.0000,1,1,1,1,5,2,1,1,1,4
SF,IH2012,2020-06-12 09:31:10.700,2712.2000,5634,0,69955140.000,0,-,-,-,-,2712.2000,2712.0000,2711.0000,2710.2000,2708.8000,2714.2000,2715.8000,2716.6000,2717.0000,2717.4000,1,1,1,1,5,1,1,1,4,4
SF,IH2012,2020-06-12 09:31:11.200,2712.2000,5634,0,69955140.000,0,-,-,-,-,2712.4000,2712.2000,2712.0000,2711.0000,2710.2000,2715.8000,2716.6000,2717.0000,2717.4000,2720.0000,1,1,1,1,1,1,1,4,4,1
SF,IH2012,2020-06-12 09:31:11.700,2712.2000,5634,0,69955140.000,0,-,-,-,-,2714.2000,2712.4000,2712.0000,2711.0000,2710.2000,2715.4000,2715.6000,2715.8000,2716.6000,2717.0000,1,1,1,1,1,5,2,1,1,4
SF,IH2012,2020-06-12 09:31:12.200,2712.2000,5634,0,69955140.000,0,-,-,-,-,2714.2000,2712.4000,2712.0000,2711.0000,2709.8000,2715.2000,2715.4000,2715.6000,2715.8000,2716.6000,1,1,1,1,1,1,5,1,1,1
SF,IH2012,2020-06-12 09:31:12.700,2712.2000,5634,0,69955140.000,0,-,-,-,-,2714.2000,2712.4000,2712.0000,2711.0000,2709.8000,2715.2000,2715.4000,2715.6000,2715.8000,2716.6000,1,1,1,1,1,1,5,1,1,1
SF,IH2012,2020-06-12 09:31:13.200,2712.2000,5634,0,69955140.000,0,-,-,-,-,2714.2000,2712.4000,2712.0000,2711.0000,2709.8000,2715.2000,2715.4000,2715.6000,2715.8000,2716.6000,1,1,1,1,1,1,5,1,1,1
SF,IH2012,2020-06-12 09:31:13.700,2712.2000,5634,0,69955140.000,0,-,-,-,-,2714.2000,2712.4000,2712.0000,2711.0000,2709.8000,2715.6000,2715.8000,2716.6000,2717.0000,2717.4000,1,1,1,1,1,1,1,1,4,4
SF,IH2012,2020-06-12 09:31:14.200,2712.2000,5634,0,69955140.000,0,-,-,-,-,2714.2000,2712.4000,2712.0000,2711.0000,2709.8000,2715.8000,2716.6000,2717.0000,2717.4000,2720.0000,1,1,1,1,1,1,1,4,4,1
SF,IH2012,2020-06-12 09:31:14.700,2712.2000,5634,0,69955140.000,0,-,-,-,-,2714.2000,2712.4000,2712.0000,2711.0000,2709.8000,2715.6000,2715.8000,2716.6000,2717.0000,2717.4000,1,1,1,1,1,7,1,1,4,4
SF,IH2012,2020-06-12 09:31:15.200,2712.2000,5634,0,69955140.000,0,-,-,-,-,2714.2000,2712.4000,2712.0000,2711.0000,2709.8000,2715.8000,2716.6000,2717.0000,2717.4000,2720.0000,1,1,1,1,1,1,1,4,4,1
SF,IH2012,2020-06-12 09:31:15.700,2714.2000,5633,-1,70769400.000,1,0,1,双平,S,2712.4000,2712.0000,2711.0000,2709.8000,2708.8000,2715.4000,2715.6000,2715.8000,2716.6000,2717.0000,1,1,1,1,5,5,3,1,1,4
SF,IH2012,2020-06-12 09:31:16.200,2714.2000,5633,0,70769400.000,0,-,-,-,-,2712.6000,2712.0000,2711.0000,2709.8000,2708.8000,2715.2000,2715.6000,2715.8000,2716.6000,2717.0000,1,1,1,1,5,1,2,1,1,4
SF,IH2012,2020-06-12 09:31:18.200,2714.2000,5633,0,70769400.000,0,-,-,-,-,2714.6000,2712.6000,2712.0000,2711.0000,2709.8000,2715.2000,2715.6000,2715.8000,2716.6000,2717.0000,1,1,1,1,1,1,2,1,1,4
SF,IH2012,2020-06-12 09:31:18.700,2714.6000,5633,0,71583780.000,1,0,1,多换,S,2712.0000,2711.0000,2709.8000,2708.8000,2707.0000,2715.6000,2715.8000,2716.6000,2717.0000,2717.4000,1,1,1,5,1,2,1,1,4,4
SF,IH2012,2020-06-12 09:31:19.200,2714.6000,5633,0,71583780.000,0,-,-,-,-,2712.2000,2712.0000,2711.0000,2709.8000,2708.8000,2714.8000,2715.0000,2715.4000,2715.6000,2715.8000,1,1,1,1,5,1,1,2,2,1
SF,IH2012,2020-06-12 09:31:19.700,2714.6000,5633,0,71583780.000,0,-,-,-,-,2712.2000,2712.0000,2711.0000,2709.8000,2708.8000,2714.6000,2714.8000,2715.4000,2715.6000,2715.8000,1,2,1,1,5,1,1,2,2,1
SF,IH2012,2020-06-12 09:31:20.700,2714.6000,5633,0,71583780.000,0,-,-,-,-,2712.2000,2712.0000,2711.0000,2709.8000,2708.8000,2714.6000,2714.8000,2715.4000,2715.8000,2716.6000,1,2,1,1,5,1,1,1,1,1
SF,IH2012,2020-06-12 09:31:21.200,2712.0000,5634,1,74024640.000,3,2,1,空开,S,2711.0000,2709.8000,2708.8000,2707.0000,2706.6000,2712.0000,2714.6000,2714.8000,2715.4000,2715.8000,1,1,5,1,1,1,1,1,1,1
SF,IH2012,2020-06-12 09:31:21.700,2712.0000,5634,0,74838240.000,1,0,1,多换,S,2713.0000,2712.0000,2711.0000,2709.8000,2708.8000,2714.6000,2714.8000,2715.8000,2716.6000,2717.0000,2,1,1,1,5,1,1,1,1,4
SF,IH2012,2020-06-12 09:31:22.200,2712.0000,5634,0,74838240.000,0,-,-,-,-,2713.0000,2712.0000,2711.0000,2709.8000,2708.8000,2714.4000,2714.6000,2714.8000,2715.8000,2716.6000,2,1,1,1,5,1,1,1,1,1
SF,IH2012,2020-06-12 09:31:22.700,2712.0000,5634,0,74838240.000,0,-,-,-,-,2711.0000,2709.8000,2708.8000,2707.0000,2706.6000,2714.4000,2714.6000,2714.8000,2715.8000,2716.6000,1,1,5,1,1,1,2,1,1,1
SF,IH2012,2020-06-12 09:31:23.200,2712.0000,5634,0,74838240.000,0,-,-,-,-,2711.2000,2711.0000,2709.8000,2708.8000,2707.0000,2714.2000,2714.4000,2714.6000,2714.8000,2715.8000,1,1,1,5,1,1,1,1,1,1
SF,IH2012,2020-06-12 09:31:23.700,2712.0000,5634,0,74838240.000,0,-,-,-,-,2711.0000,2709.8000,2708.8000,2707.0000,2706.6000,2714.0000,2714.2000,2714.6000,2714.8000,2715.8000,1,1,5,1,1,1,6,1,1,1
SF,IH2012,2020-06-12 09:31:24.200,2712.0000,5634,0,74838240.000,0,-,-,-,-,2711.2000,2711.0000,2709.8000,2708.8000,2707.0000,2713.8000,2714.0000,2714.8000,2715.0000,2715.8000,1,1,1,5,1,1,1,1,1,1
SF,IH2012,2020-06-12 09:31:24.700,2712.0000,5634,0,74838240.000,0,-,-,-,-,2711.4000,2711.2000,2711.0000,2709.8000,2708.8000,2714.0000,2714.8000,2715.0000,2715.8000,2716.6000,1,1,1,1,5,1,1,1,1,1
SF,IH2012,2020-06-12 09:31:25.200,2711.0000,5633,-1,76464960.000,2,0,2,多平,S,2709.8000,2708.8000,2707.0000,2706.6000,2703.0000,2713.8000,2714.0000,2714.8000,2715.0000,2715.8000,1,5,1,1,1,1,1,1,1,1
SF,IH2012,2020-06-12 09:31:25.700,2711.0000,5633,0,76464960.000,0,-,-,-,-,2710.0000,2709.8000,2708.8000,2707.0000,2706.6000,2713.8000,2714.8000,2715.0000,2715.8000,2716.6000,1,1,5,1,1,1,1,1,1,1
SF,IH2012,2020-06-12 09:31:26.700,2711.0000,5633,0,76464960.000,0,-,-,-,-,2710.0000,2709.8000,2708.8000,2707.0000,2706.6000,2713.8000,2714.8000,2715.0000,2715.8000,2716.6000,1,1,5,1,1,1,1,1,1,1
SF,IH2012,2020-06-12 09:31:27.200,2711.0000,5633,0,76464960.000,0,-,-,-,-,2710.0000,2709.8000,2708.8000,2707.0000,2706.6000,2713.8000,2715.0000,2715.8000,2716.6000,2717.0000,1,1,5,1,1,1,1,1,1,1
SF,IH2012,2020-06-12 09:31:28.200,2711.0000,5633,0,76464960.000,0,-,-,-,-,2710.0000,2709.8000,2708.8000,2707.0000,2706.6000,2712.2000,2713.8000,2715.0000,2715.8000,2716.6000,1,1,5,1,1,1,1,1,1,1
SF,IH2012,2020-06-12 09:31:28.700,2712.2000,5631,-2,78092280.000,2,0,2,双平,S,2712.2000,2710.2000,2709.8000,2708.8000,2707.0000,2715.0000,2716.6000,2717.0000,2717.4000,2718.0000,2,1,1,5,1,1,1,1,4,6
SF,IH2012,2020-06-12 09:31:29.200,2712.2000,5631,0,78092280.000,0,-,-,-,-,2712.4000,2712.2000,2709.8000,2708.8000,2707.0000,2714.8000,2715.0000,2716.6000,2717.0000,2717.4000,2,2,1,5,1,1,1,1,1,4
SF,IH2012,2020-06-12 09:31:29.700,2712.2000,5631,0,78092280.000,0,-,-,-,-,2712.4000,2712.2000,2709.8000,2708.8000,2707.0000,2715.0000,2716.6000,2717.0000,2717.4000,2718.0000,2,1,1,5,1,1,1,1,4,6
SF,IH2012,2020-06-12 09:31:30.200,2712.2000,5631,0,78092280.000,0,-,-,-,-,2712.4000,2712.2000,2709.8000,2708.8000,2707.0000,2715.0000,2716.6000,2717.0000,2717.4000,2718.0000,2,1,1,5,1,1,1,1,4,6
SF,IH2012,2020-06-12 09:31:30.700,2712.2000,5631,0,78092280.000,0,-,-,-,-,2712.4000,2709.8000,2708.8000,2707.0000,2706.6000,2714.8000,2715.0000,2716.6000,2717.0000,2717.4000,2,1,5,1,1,1,1,1,1,4
SF,IH2012,2020-06-12 09:31:32.200,2714.8000,5630,-1,78906720.000,1,0,1,双平,S,2712.4000,2709.8000,2708.8000,2707.0000,2706.6000,2715.0000,2716.6000,2717.0000,2717.4000,2718.0000,2,1,5,1,1,2,1,1,4,6
SF,IH2012,2020-06-12 09:31:34.700,2715.0000,5631,1,79721220.000,1,1,0,双开,S,2712.4000,2709.8000,2708.8000,2707.0000,2706.6000,2715.0000,2716.6000,2717.0000,2717.4000,2718.0000,2,1,5,1,1,1,1,1,4,6
SF,IH2012,2020-06-12 09:31:35.200,2715.0000,5631,0,79721220.000,0,-,-,-,-,2712.4000,2709.8000,2708.8000,2707.0000,2706.6000,2715.0000,2716.6000,2717.0000,2717.4000,2718.0000,1,1,5,1,1,1,1,1,4,6
SF,IH2012,2020-06-12 09:31:35.700,2715.0000,5631,0,79721220.000,0,-,-,-,-,2712.6000,2712.4000,2709.8000,2708.8000,2707.0000,2715.0000,2716.6000,2717.0000,2717.4000,2718.0000,1,1,1,5,1,1,1,1,4,6
SF,IH2012,2020-06-12 09:31:36.200,2715.0000,5631,0,79721220.000,0,-,-,-,-,2712.8000,2709.8000,2708.8000,2707.0000,2706.6000,2715.0000,2716.6000,2717.0000,2717.4000,2718.0000,1,1,5,1,1,1,1,1,4,6
SF,IH2012,2020-06-12 09:31:36.700,2715.0000,5632,1,80535720.000,1,1,0,双开,S,2715.0000,2713.0000,2712.8000,2709.8000,2708.8000,2716.6000,2717.0000,2717.4000,2718.0000,2720.0000,3,1,1,1,5,1,1,4,6,1
SF,IH2012,2020-06-12 09:31:37.200,2715.0000,5632,0,80535720.000,0,-,-,-,-,2715.0000,2713.0000,2712.8000,2709.8000,2708.8000,2716.4000,2716.6000,2717.0000,2717.4000,2718.0000,3,1,1,1,5,1,1,1,4,6
SF,IH2012,2020-06-12 09:31:37.700,2715.0000,5632,0,80535720.000,0,-,-,-,-,2715.0000,2712.8000,2709.8000,2708.8000,2707.0000,2716.6000,2717.0000,2717.4000,2718.0000,2720.0000,2,1,1,5,1,1,1,4,6,1
SF,IH2012,2020-06-12 09:31:38.200,2715.0000,5632,0,80535720.000,0,-,-,-,-,2715.0000,2713.4000,2712.8000,2709.8000,2708.8000,2716.6000,2717.0000,2717.4000,2718.0000,2720.0000,2,1,1,1,5,1,1,4,6,1
SF,IH2012,2020-06-12 09:31:38.700,2715.0000,5632,0,80535720.000,0,-,-,-,-,2715.2000,2715.0000,2713.4000,2712.8000,2709.8000,2716.6000,2717.0000,2717.4000,2718.0000,2720.0000,1,2,1,1,1,1,1,4,6,1
SF,IH2012,2020-06-12 09:31:39.200,2717.0000,5631,-1,82165800.000,2,0,2,多平,S,2716.8000,2716.6000,2715.0000,2713.4000,2712.8000,2717.4000,2718.0000,2720.0000,2726.0000,2732.4000,1,1,2,1,1,4,6,1,2,1
SF,IH2012,2020-06-12 09:31:39.700,2717.4000,5626,-5,86241780.000,5,0,5,双平,S,2716.8000,2716.6000,2715.0000,2712.8000,2709.8000,2717.4000,2718.0000,2720.0000,2726.0000,2732.4000,1,1,2,1,1,1,6,1,2,1
SF,IH2012,2020-06-12 09:31:40.200,2717.4000,5626,0,86241780.000,0,-,-,-,-,2716.8000,2716.6000,2715.0000,2709.8000,2709.4000,2717.4000,2718.0000,2720.0000,2726.0000,2732.4000,1,1,2,1,1,1,6,1,2,1
SF,IH2012,2020-06-12 09:31:40.700,2717.4000,5626,0,86241780.000,0,-,-,-,-,2716.8000,2716.6000,2716.2000,2715.0000,2709.8000,2717.4000,2718.0000,2720.0000,2726.0000,2732.4000,1,1,1,2,1,1,6,1,2,1
SF,IH2012,2020-06-12 09:31:41.200,2717.4000,5625,-1,87057000.000,1,0,1,双平,S,2717.4000,2717.0000,2716.8000,2716.2000,2715.6000,2718.0000,2720.0000,2726.0000,2732.4000,2734.0000,1,1,1,1,1,6,1,2,1,1
SF,IH2012,2020-06-12 09:31:41.700,2718.0000,5625,0,87872400.000,1,0,1,多换,S,2717.4000,2716.8000,2716.2000,2715.6000,2709.8000,2718.0000,2720.0000,2726.0000,2732.4000,2734.0000,2,1,1,1,1,5,1,2,1,1
SF,IH2012,2020-06-12 09:31:42.200,2717.4000,5624,-1,89503020.000,2,0,2,多平,S,2717.4000,2716.8000,2716.2000,2715.6000,2715.0000,2718.0000,2720.0000,2726.0000,2732.4000,2734.0000,1,1,1,1,1,4,1,2,1,1
SF,IH2012,2020-06-12 09:31:42.700,2717.4000,5624,0,89503020.000,0,-,-,-,-,2716.8000,2716.2000,2715.6000,2709.8000,2709.4000,2718.0000,2720.0000,2726.0000,2732.4000,2734.0000,1,1,1,1,1,4,1,2,1,1
SF,IH2012,2020-06-12 09:31:43.200,2718.0000,5628,4,92764620.000,4,4,0,双开,S,2718.0000,2716.8000,2716.2000,2715.6000,2715.0000,2720.0000,2726.0000,2732.4000,2734.0000,2739.0000,2,1,1,1,1,1,2,1,1,1
SF,IH2012,2020-06-12 09:31:43.700,2718.0000,5628,0,92764620.000,0,-,-,-,-,2718.0000,2716.8000,2716.2000,2710.0000,2709.8000,2719.8000,2720.0000,2726.0000,2732.4000,2734.0000,2,1,1,1,1,1,1,2,1,1
SF,IH2012,2020-06-12 09:31:44.200,2718.0000,5628,0,92764620.000,0,-,-,-,-,2718.0000,2716.8000,2716.2000,2710.0000,2709.8000,2719.6000,2719.8000,2720.0000,2726.0000,2732.4000,2,1,1,1,1,1,1,1,2,1
SF,IH2012,2020-06-12 09:31:44.700,2718.0000,5628,0,92764620.000,0,-,-,-,-,2718.0000,2716.8000,2716.2000,2710.0000,2709.8000,2719.6000,2719.8000,2720.0000,2726.0000,2732.4000,1,1,1,1,1,1,1,1,2,1
SF,IH2012,2020-06-12 09:31:46.700,2718.0000,5628,0,93580020.000,1,0,1,多换,S,2716.8000,2716.2000,2710.0000,2709.8000,2709.4000,2719.6000,2719.8000,2720.0000,2726.0000,2732.4000,1,1,1,1,1,1,1,1,2,1
SF,IH2012,2020-06-12 09:31:47.200,2718.0000,5628,0,93580020.000,0,-,-,-,-,2718.6000,2716.8000,2716.2000,2710.0000,2709.8000,2719.4000,2720.0000,2726.0000,2732.4000,2734.0000,1,1,1,1,1,1,1,2,1,1
SF,IH2012,2020-06-12 09:31:47.700,2718.4000,5627,-1,94395540.000,1,0,1,双平,S,2716.8000,2710.0000,2709.8000,2709.4000,2708.8000,2718.6000,2720.0000,2726.0000,2732.4000,2734.0000,1,1,1,1,5,1,1,2,1,1
SF,IH2012,2020-06-12 09:31:48.200,2718.4000,5627,0,95211060.000,1,0,1,多换,S,2717.0000,2716.8000,2710.0000,2709.8000,2709.4000,2718.6000,2720.0000,2726.0000,2732.4000,2734.0000,1,5,1,1,1,1,1,2,1,1
SF,IH2012,2020-06-12 09:31:48.700,2718.4000,5627,0,95211060.000,0,-,-,-,-,2717.0000,2716.8000,2710.0000,2709.8000,2709.4000,2720.0000,2726.0000,2732.4000,2734.0000,2739.0000,1,5,1,1,1,1,2,1,1,1
SF,IH2012,2020-06-12 09:31:49.200,2718.4000,5627,0,95211060.000,0,-,-,-,-,2717.0000,2716.8000,2713.0000,2710.0000,2709.8000,2720.0000,2726.0000,2732.4000,2734.0000,2739.0000,1,5,1,1,1,1,2,1,1,1
SF,IH2012,2020-06-12 09:31:49.700,2718.4000,5627,0,95211060.000,0,-,-,-,-,2717.0000,2716.8000,2713.0000,2710.0000,2709.8000,2720.0000,2726.0000,2732.4000,2734.0000,2739.0000,1,5,1,1,1,1,2,1,1,1
SF,IH2012,2020-06-12 09:31:50.200,2718.4000,5627,0,95211060.000,0,-,-,-,-,2717.0000,2716.8000,2713.0000,2710.0000,2709.8000,2720.0000,2726.0000,2732.4000,2734.0000,2739.0000,1,5,1,1,1,1,2,1,1,1
SF,IH2012,2020-06-12 09:31:51.200,2720.0000,5627,0,96027060.000,1,0,1,多换,S,2717.0000,2716.8000,2713.0000,2710.0000,2709.8000,2726.0000,2732.4000,2734.0000,2739.0000,2742.0000,1,5,1,1,1,2,1,1,1,1
SF,IH2012,2020-06-12 09:31:51.700,2720.0000,5627,0,96027060.000,0,-,-,-,-,2717.0000,2716.8000,2713.0000,2710.0000,2709.8000,2721.6000,2725.6000,2725.8000,2726.0000,2732.4000,1,5,1,1,1,1,5,7,2,1
SF,IH2012,2020-06-12 09:31:52.200,2720.0000,5627,0,96027060.000,0,-,-,-,-,2717.0000,2716.8000,2713.0000,2710.0000,2709.8000,2721.4000,2721.6000,2725.6000,2725.8000,2726.0000,1,5,1,1,1,1,1,5,6,2
SF,IH2012,2020-06-12 09:31:52.700,2720.0000,5627,0,96027060.000,0,-,-,-,-,2717.0000,2716.8000,2713.0000,2710.0000,2709.8000,2721.4000,2721.6000,2725.6000,2725.8000,2726.0000,1,5,1,1,1,1,1,5,5,2
SF,IH2012,2020-06-12 09:31:53.700,2721.4000,5626,-1,96843480.000,1,0,1,双平,S,2721.4000,2717.2000,2717.0000,2716.8000,2713.0000,2725.6000,2725.8000,2726.0000,2732.4000,2734.0000,7,5,1,5,1,5,1,2,1,1
SF,IH2012,2020-06-12 09:31:54.200,2721.4000,5621,-5,101742000.000,6,0,6,多平,S,2721.4000,2716.8000,2713.0000,2710.0000,2709.8000,2722.4000,2725.4000,2725.6000,2725.8000,2726.0000,2,4,1,1,1,1,6,5,1,2
SF,IH2012,2020-06-12 09:31:54.700,2721.4000,5619,-2,103374840.000,2,0,2,双平,S,2716.8000,2713.0000,2710.0000,2709.8000,2709.4000,2721.4000,2722.4000,2725.4000,2725.6000,2725.8000,4,1,1,1,1,1,1,6,5,1
SF,IH2012,2020-06-12 09:31:55.200,2721.4000,5619,0,103374840.000,0,-,-,-,-,2716.8000,2713.0000,2710.0000,2709.8000,2709.4000,2721.2000,2721.4000,2722.4000,2725.4000,2725.6000,4,1,1,1,1,1,1,1,2,5
SF,IH2012,2020-06-12 09:31:55.700,2721.4000,5619,0,103374840.000,0,-,-,-,-,2716.8000,2713.0000,2710.0000,2709.8000,2709.4000,2721.2000,2721.4000,2722.4000,2725.4000,2725.6000,4,1,1,1,1,1,1,1,2,5
SF,IH2012,2020-06-12 09:31:56.200,2721.4000,5619,0,103374840.000,0,-,-,-,-,2717.0000,2716.8000,2713.0000,2710.0000,2709.8000,2721.0000,2721.2000,2721.4000,2722.4000,2725.4000,5,4,1,1,1,1,1,1,1,2
SF,IH2012,2020-06-12 09:31:56.700,2721.4000,5619,0,103374840.000,0,-,-,-,-,2717.0000,2716.8000,2713.2000,2713.0000,2710.0000,2720.8000,2721.0000,2721.4000,2722.4000,2725.4000,5,4,5,1,1,1,1,1,1,2
SF,IH2012,2020-06-12 09:31:57.200,2721.4000,5619,0,103374840.000,0,-,-,-,-,2717.0000,2716.8000,2713.2000,2713.0000,2710.0000,2720.8000,2721.0000,2721.4000,2722.4000,2725.4000,5,4,5,1,1,1,1,1,1,2
SF,IH2012,2020-06-12 09:31:57.700,2721.4000,5619,0,103374840.000,0,-,-,-,-,2717.0000,2716.8000,2713.2000,2713.0000,2710.0000,2720.8000,2721.0000,2721.4000,2725.4000,2725.6000,5,4,5,1,1,1,1,1,2,5
SF,IH2012,2020-06-12 09:31:58.200,2721.4000,5619,0,103374840.000,0,-,-,-,-,2717.0000,2716.8000,2713.0000,2710.0000,2709.8000,2720.8000,2721.0000,2721.4000,2725.4000,2725.6000,5,4,1,1,1,1,1,1,2,5
SF,IH2012,2020-06-12 09:31:58.700,2720.8000,5618,-1,104191080.000,1,0,1,双平,S,2717.2000,2717.0000,2716.8000,2713.0000,2710.0000,2720.6000,2721.0000,2721.4000,2725.4000,2725.6000,1,5,4,1,1,1,1,1,2,5
SF,IH2012,2020-06-12 09:31:59.200,2720.8000,5618,0,104191080.000,0,-,-,-,-,2720.8000,2717.2000,2717.0000,2716.8000,2713.0000,2721.0000,2721.4000,2725.4000,2725.6000,2725.8000,1,1,5,4,1,1,1,2,5,2
SF,IH2012,2020-06-12 09:31:59.700,2721.0000,5617,-1,105823620.000,2,0,2,多平,S,2717.2000,2717.0000,2716.8000,2713.0000,2710.0000,2725.4000,2725.6000,2725.8000,2726.0000,2732.4000,1,5,4,1,1,2,5,2,2,1
SF,IH2012,2020-06-12 09:32:00.200,2721.0000,5617,0,105823620.000,0,-,-,-,-,2717.2000,2717.0000,2716.8000,2713.0000,2710.0000,2722.4000,2725.0000,2725.2000,2725.4000,2725.8000,1,5,4,1,1,1,5,2,2,2
SF,IH2012,2020-06-12 09:32:00.700,2721.0000,5617,0,105823620.000,0,-,-,-,-,2717.2000,2716.8000,2713.0000,2710.0000,2709.8000,2722.4000,2725.0000,2725.2000,2725.4000,2725.8000,1,4,1,1,1,1,5,1,2,2
SF,IH2012,2020-06-12 09:32:01.200,2721.0000,5617,0,105823620.000,0,-,-,-,-,2717.2000,2716.8000,2713.0000,2710.0000,2709.8000,2722.2000,2722.4000,2725.0000,2725.4000,2725.8000,1,4,1,1,1,1,1,5,2,2
SF,IH2012,2020-06-12 09:32:01.700,2721.0000,5617,0,105823620.000,0,-,-,-,-,2718.6000,2717.4000,2717.2000,2716.8000,2713.0000,2722.2000,2722.4000,2725.0000,2725.4000,2725.8000,1,5,1,4,1,1,1,5,2,2
SF,IH2012,2020-06-12 09:32:02.200,2722.2000,5616,-1,106640280.000,1,0,1,双平,S,2718.8000,2718.6000,2717.4000,2716.8000,2713.0000,2722.4000,2725.0000,2725.4000,2725.8000,2726.0000,1,1,5,4,1,1,5,2,2,2
SF,IH2012,2020-06-12 09:32:04.200,2722.2000,5616,0,106640280.000,0,-,-,-,-,2722.2000,2720.0000,2718.8000,2717.4000,2716.8000,2722.4000,2725.0000,2725.4000,2725.8000,2726.0000,1,2,1,5,4,1,5,2,2,2
SF,IH2012,2020-06-12 09:32:04.700,2720.0000,5615,-1,109088940.000,3,1,2,多平,S,2718.8000,2716.8000,2713.0000,2710.0000,2709.8000,2722.4000,2725.0000,2725.4000,2725.8000,2726.0000,1,4,1,1,1,1,5,2,2,2
SF,IH2012,2020-06-12 09:32:05.200,2720.0000,5615,0,109088940.000,0,-,-,-,-,2718.8000,2716.8000,2713.0000,2710.0000,2709.8000,2722.2000,2722.4000,2725.0000,2725.4000,2725.8000,1,4,1,1,1,1,1,5,2,2
SF,IH2012,2020-06-12 09:32:05.700,2720.0000,5615,0,109088940.000,0,-,-,-,-,2718.8000,2716.8000,2713.0000,2710.0000,2709.8000,2722.2000,2725.0000,2725.4000,2725.8000,2726.0000,1,4,1,1,1,1,5,2,2,2
SF,IH2012,2020-06-12 09:32:06.200,2720.0000,5615,0,109088940.000,0,-,-,-,-,2718.8000,2716.8000,2713.0000,2710.0000,2709.8000,2721.4000,2722.2000,2725.0000,2725.4000,2725.8000,1,4,1,1,1,1,1,5,2,2
SF,IH2012,2020-06-12 09:32:06.700,2720.0000,5615,0,109088940.000,0,-,-,-,-,2718.8000,2716.8000,2713.0000,2710.0000,2709.8000,2721.2000,2721.4000,2722.2000,2725.0000,2725.4000,1,4,1,1,1,1,1,1,5,2
SF,IH2012,2020-06-12 09:32:07.200,2720.0000,5615,0,109088940.000,0,-,-,-,-,2718.8000,2716.8000,2713.0000,2710.0000,2709.8000,2721.2000,2722.2000,2725.0000,2725.4000,2725.8000,1,4,1,1,1,1,1,5,2,2
SF,IH2012,2020-06-12 09:32:07.700,2720.0000,5615,0,109088940.000,0,-,-,-,-,2718.8000,2716.8000,2713.0000,2710.0000,2709.8000,2721.2000,2722.2000,2725.0000,2725.4000,2725.8000,1,4,1,1,1,2,1,5,2,2
SF,IH2012,2020-06-12 09:32:08.200,2720.0000,5615,0,109088940.000,0,-,-,-,-,2718.8000,2716.8000,2713.0000,2710.0000,2709.8000,2721.2000,2725.0000,2725.4000,2725.8000,2726.0000,1,4,1,1,1,2,5,2,1,2
SF,IH2012,2020-06-12 09:32:08.700,2720.0000,5615,0,109088940.000,0,-,-,-,-,2718.8000,2716.8000,2713.0000,2710.0000,2709.8000,2721.2000,2725.0000,2725.4000,2725.8000,2726.0000,1,4,1,1,1,2,5,2,1,2
SF,IH2012,2020-06-12 09:32:09.200,2720.0000,5615,0,109088940.000,0,-,-,-,-,2718.8000,2716.8000,2713.0000,2710.0000,2709.8000,2721.2000,2725.0000,2725.4000,2725.8000,2726.0000,1,4,1,1,1,1,5,2,1,2
SF,IH2012,2020-06-12 09:32:09.700,2720.0000,5615,0,109088940.000,0,-,-,-,-,2718.8000,2716.8000,2713.0000,2710.0000,2709.8000,2721.0000,2721.2000,2725.0000,2725.4000,2725.8000,1,4,1,1,1,1,1,5,2,1
SF,IH2012,2020-06-12 09:32:10.200,2720.0000,5615,0,109088940.000,0,-,-,-,-,2718.8000,2716.8000,2713.0000,2710.0000,2709.8000,2721.0000,2725.0000,2725.4000,2725.8000,2726.0000,1,4,1,1,1,1,5,2,1,2
SF,IH2012,2020-06-12 09:32:10.700,2718.8000,5614,-1,109904580.000,1,0,1,双平,S,2716.8000,2713.0000,2710.0000,2709.8000,2709.4000,2720.8000,2721.0000,2725.0000,2725.4000,2725.8000,4,1,1,1,6,2,1,5,2,1
SF,IH2012,2020-06-12 09:32:11.200,2718.8000,5614,0,109904580.000,0,-,-,-,-,2716.8000,2713.0000,2710.0000,2709.8000,2709.4000,2720.8000,2725.0000,2725.4000,2725.8000,2726.0000,4,1,1,1,6,2,5,2,1,2
SF,IH2012,2020-06-12 09:32:11.700,2718.8000,5614,0,109904580.000,0,-,-,-,-,2716.8000,2713.0000,2710.0000,2709.8000,2709.4000,2720.6000,2720.8000,2725.0000,2725.4000,2725.8000,4,1,1,1,6,2,2,5,2,1
SF,IH2012,2020-06-12 09:32:12.200,2718.8000,5614,0,109904580.000,0,-,-,-,-,2716.8000,2713.0000,2710.0000,2709.8000,2709.4000,2720.4000,2720.6000,2725.0000,2725.4000,2725.8000,4,1,1,1,6,1,5,5,2,1
SF,IH2012,2020-06-12 09:32:12.700,2720.2000,5612,-2,111536640.000,2,0,2,双平,S,2716.8000,2713.0000,2710.0000,2709.8000,2709.4000,2720.4000,2720.6000,2725.0000,2725.4000,2725.8000,4,1,1,1,6,6,5,1,2,1
SF,IH2012,2020-06-12 09:32:13.200,2720.2000,5612,0,111536640.000,0,-,-,-,-,2716.8000,2713.0000,2710.0000,2709.8000,2709.4000,2720.2000,2720.4000,2720.6000,2725.0000,2725.4000,4,1,1,1,6,2,6,5,1,2
SF,IH2012,2020-06-12 09:32:13.700,2720.2000,5612,0,111536640.000,0,-,-,-,-,2716.8000,2713.0000,2710.0000,2709.8000,2709.4000,2719.8000,2720.0000,2720.2000,2720.6000,2725.0000,4,1,1,1,6,5,2,4,2,1
SF,IH2012,2020-06-12 09:32:14.200,2720.2000,5612,0,111536640.000,0,-,-,-,-,2716.8000,2713.0000,2710.0000,2709.8000,2709.4000,2719.6000,2719.8000,2720.0000,2720.2000,2720.6000,4,1,1,1,1,4,5,1,4,2
SF,IH2012,2020-06-12 09:32:14.700,2720.2000,5612,0,111536640.000,0,-,-,-,-,2716.8000,2713.0000,2710.0000,2709.8000,2709.4000,2719.2000,2719.4000,2719.6000,2720.0000,2720.2000,4,1,1,1,1,5,2,4,1,2
SF,IH2012,2020-06-12 09:32:15.200,2720.2000,5612,0,111536640.000,0,-,-,-,-,2716.8000,2713.0000,2710.2000,2710.0000,2709.8000,2719.0000,2719.2000,2719.4000,2719.6000,2720.0000,4,1,1,1,1,1,5,2,3,1
SF,IH2012,2020-06-12 09:32:15.700,2720.2000,5612,0,111536640.000,0,-,-,-,-,2716.8000,2713.0000,2710.2000,2710.0000,2709.8000,2718.6000,2719.0000,2719.4000,2720.0000,2720.2000,4,1,1,1,1,5,1,2,1,2
SF,IH2012,2020-06-12 09:32:16.200,2716.8000,5613,1,113981760.000,3,2,1,空开,S,2716.8000,2713.0000,2710.2000,2710.0000,2709.8000,2718.4000,2718.6000,2718.8000,2719.4000,2720.2000,1,1,1,1,1,3,5,2,2,2
SF,IH2012,2020-06-12 09:32:16.700,2716.8000,5613,0,113981760.000,0,-,-,-,-,2716.8000,2713.0000,2710.2000,2710.0000,2709.8000,2718.4000,2718.6000,2719.4000,2720.2000,2725.0000,1,1,1,1,1,1,6,2,2,1
SF,IH2012,2020-06-12 09:32:17.200,2716.8000,5613,0,113981760.000,0,-,-,-,-,2716.8000,2713.0000,2710.2000,2710.0000,2709.8000,2718.0000,2718.2000,2718.4000,2719.4000,2720.2000,1,1,1,1,1,5,2,1,2,2
SF,IH2012,2020-06-12 09:32:17.700,2716.8000,5613,0,113981760.000,0,-,-,-,-,2716.8000,2713.0000,2710.2000,2710.0000,2709.8000,2718.2000,2718.4000,2719.4000,2720.2000,2725.0000,1,1,1,1,1,2,1,2,2,1
SF,IH2012,2020-06-12 09:32:18.200,2716.8000,5614,1,114796800.000,1,1,0,双开,S,2713.0000,2710.2000,2710.0000,2709.8000,2709.4000,2718.2000,2718.4000,2719.4000,2720.0000,2720.2000,1,1,1,1,1,2,1,2,1,2
SF,IH2012,2020-06-12 09:32:18.700,2716.8000,5614,0,114796800.000,0,-,-,-,-,2714.8000,2713.0000,2710.2000,2710.0000,2709.8000,2718.0000,2719.4000,2720.0000,2720.2000,2725.0000,1,1,1,1,1,1,2,1,2,1
SF,IH2012,2020-06-12 09:32:19.200,2716.8000,5614,0,114796800.000,0,-,-,-,-,2715.0000,2714.8000,2713.0000,2710.2000,2710.0000,2719.4000,2720.0000,2720.2000,2725.0000,2725.4000,1,1,1,1,1,2,1,2,1,2
SF,IH2012,2020-06-12 09:32:19.700,2716.8000,5614,0,114796800.000,0,-,-,-,-,2715.0000,2714.8000,2713.0000,2710.2000,2710.0000,2717.8000,2719.4000,2720.0000,2720.2000,2725.0000,1,1,1,1,1,1,2,1,2,1
SF,IH2012,2020-06-12 09:32:21.700,2716.8000,5614,0,114796800.000,0,-,-,-,-,2715.2000,2715.0000,2713.0000,2710.2000,2710.0000,2717.8000,2719.4000,2720.0000,2720.2000,2725.0000,1,1,1,1,1,1,2,1,2,1
SF,IH2012,2020-06-12 09:32:22.200,2716.8000,5614,0,114796800.000,0,-,-,-,-,2715.4000,2713.0000,2710.2000,2710.0000,2709.8000,2717.8000,2719.4000,2720.0000,2720.2000,2725.0000,1,1,1,1,1,1,2,1,2,1
SF,IH2012,2020-06-12 09:32:22.700,2716.8000,5614,0,114796800.000,0,-,-,-,-,2713.0000,2710.2000,2710.0000,2709.8000,2709.4000,2717.6000,2717.8000,2719.4000,2720.0000,2720.2000,1,1,1,1,1,1,1,2,1,2
SF,IH2012,2020-06-12 09:32:23.200,2716.8000,5614,0,114796800.000,0,-,-,-,-,2713.6000,2713.0000,2710.2000,2710.0000,2709.8000,2717.6000,2717.8000,2719.4000,2720.0000,2720.2000,1,1,1,1,1,7,1,2,1,2
SF,IH2012,2020-06-12 09:32:23.700,2716.8000,5614,0,114796800.000,0,-,-,-,-,2713.6000,2713.0000,2710.2000,2710.0000,2709.8000,2717.6000,2717.8000,2720.0000,2720.2000,2725.0000,1,1,1,1,1,2,1,1,2,1
SF,IH2012,2020-06-12 09:32:24.200,2716.8000,5614,0,114796800.000,0,-,-,-,-,2713.6000,2713.0000,2710.2000,2710.0000,2709.8000,2717.6000,2717.8000,2720.2000,2725.0000,2725.4000,1,1,1,1,1,1,1,2,1,2
SF,IH2012,2020-06-12 09:32:26.200,2716.8000,5614,0,114796800.000,0,-,-,-,-,2713.6000,2713.0000,2710.2000,2710.0000,2709.8000,2717.6000,2720.2000,2725.0000,2725.4000,2725.8000,1,1,1,1,1,1,2,1,2,1
SF,IH2012,2020-06-12 09:32:28.200,2716.8000,5614,0,114796800.000,0,-,-,-,-,2713.6000,2713.0000,2710.2000,2710.0000,2709.8000,2717.6000,2720.2000,2725.0000,2725.4000,2725.8000,1,1,1,1,1,1,2,1,2,1
SF,IH2012,2020-06-12 09:32:28.700,2716.8000,5614,0,114796800.000,0,-,-,-,-,2713.6000,2713.0000,2710.2000,2710.0000,2709.8000,2717.4000,2717.6000,2720.2000,2725.0000,2725.4000,1,1,1,1,1,1,1,2,1,2
SF,IH2012,2020-06-12 09:32:29.200,2716.8000,5614,0,114796800.000,0,-,-,-,-,2713.6000,2713.0000,2710.2000,2710.0000,2709.8000,2717.2000,2717.4000,2720.2000,2725.0000,2725.4000,1,1,1,1,1,1,1,2,1,2
SF,IH2012,2020-06-12 09:32:30.200,2716.8000,5614,0,114796800.000,0,-,-,-,-,2713.6000,2713.0000,2710.2000,2710.0000,2709.8000,2717.0000,2717.2000,2717.4000,2720.2000,2725.0000,1,1,1,1,1,1,1,1,2,1
SF,IH2012,2020-06-12 09:32:30.700,2716.8000,5614,0,114796800.000,0,-,-,-,-,2713.6000,2713.0000,2710.2000,2710.0000,2709.8000,2716.8000,2717.0000,2720.2000,2725.0000,2725.4000,1,1,1,1,1,1,1,2,1,2
SF,IH2012,2020-06-12 09:32:31.200,2716.8000,5614,0,114796800.000,0,-,-,-,-,2713.6000,2713.0000,2710.2000,2710.0000,2709.8000,2716.8000,2725.0000,2725.4000,2725.8000,2726.0000,1,1,1,1,1,1,1,2,1,11
SF,IH2012,2020-06-12 09:32:31.700,2716.8000,5614,0,114796800.000,0,-,-,-,-,2713.8000,2713.6000,2713.0000,2710.2000,2710.0000,2725.0000,2725.4000,2725.8000,2726.0000,2728.6000,1,1,1,1,1,1,2,1,11,1
SF,IH2012,2020-06-12 09:32:32.200,2716.8000,5614,0,114796800.000,0,-,-,-,-,2713.8000,2713.0000,2710.2000,2710.0000,2709.8000,2722.2000,2724.6000,2724.8000,2725.0000,2725.4000,6,1,1,1,1,1,5,4,1,2
SF,IH2012,2020-06-12 09:32:32.700,2716.8000,5614,0,114796800.000,0,-,-,-,-,2715.6000,2714.6000,2713.8000,2713.0000,2710.2000,2721.8000,2722.0000,2722.2000,2723.8000,2724.8000,2,1,1,1,1,5,2,1,4,4
SF,IH2012,2020-06-12 09:32:33.200,2716.8000,5614,0,114796800.000,0,-,-,-,-,2715.8000,2715.6000,2714.6000,2713.0000,2710.2000,2721.6000,2721.8000,2722.0000,2722.2000,2724.8000,1,2,1,1,1,5,5,2,1,4
SF,IH2012,2020-06-12 09:32:33.700,2716.8000,5614,0,114796800.000,0,-,-,-,-,2715.8000,2715.6000,2714.6000,2713.0000,2710.2000,2721.2000,2721.6000,2722.0000,2724.8000,2725.0000,1,2,1,1,1,5,5,2,4,1
SF,IH2012,2020-06-12 09:32:34.200,2716.8000,5614,0,114796800.000,0,-,-,-,-,2716.2000,2715.8000,2714.6000,2713.8000,2713.0000,2716.8000,2721.0000,2721.2000,2721.4000,2721.6000,2,1,1,1,1,1,1,5,1,5
SF,IH2012,2020-06-12 09:32:34.700,2716.8000,5613,-1,115611840.000,1,0,1,双平,S,2717.0000,2716.2000,2714.6000,2713.8000,2713.0000,2721.0000,2721.2000,2721.6000,2722.0000,2724.8000,2,2,1,1,1,2,5,5,2,4
SF,IH2012,2020-06-12 09:32:35.200,2716.8000,5613,0,115611840.000,0,-,-,-,-,2717.2000,2717.0000,2716.2000,2714.6000,2713.8000,2720.6000,2721.0000,2721.6000,2722.0000,2724.8000,1,2,2,1,1,5,2,5,2,4
SF,IH2012,2020-06-12 09:32:35.700,2716.8000,5613,0,115611840.000,0,-,-,-,-,2717.2000,2717.0000,2716.2000,2714.6000,2713.8000,2720.4000,2720.6000,2721.0000,2721.6000,2722.0000,1,2,2,1,1,2,5,2,5,2
SF,IH2012,2020-06-12 09:32:36.200,2716.8000,5613,0,115611840.000,0,-,-,-,-,2717.0000,2716.2000,2714.6000,2713.8000,2713.0000,2720.0000,2720.2000,2720.4000,2721.0000,2721.6000,2,2,1,1,1,5,1,2,2,5
SF,IH2012,2020-06-12 09:32:36.700,2716.8000,5613,0,115611840.000,0,-,-,-,-,2717.0000,2716.2000,2714.6000,2713.8000,2713.0000,2719.8000,2720.0000,2720.4000,2721.0000,2721.6000,2,2,1,1,1,3,5,2,2,5
SF,IH2012,2020-06-12 09:32:37.200,2716.8000,5613,0,115611840.000,0,-,-,-,-,2717.0000,2716.2000,2714.6000,2713.8000,2713.0000,2719.6000,2719.8000,2720.0000,2720.4000,2721.0000,2,2,1,1,1,2,1,5,2,2
SF,IH2012,2020-06-12 09:32:37.700,2716.8000,5613,0,115611840.000,0,-,-,-,-,2717.2000,2717.0000,2716.2000,2714.6000,2713.8000,2719.6000,2720.4000,2721.0000,2721.6000,2722.0000,1,2,2,1,1,2,2,2,5,2
SF,IH2012,2020-06-12 09:32:38.200,2716.8000,5613,0,115611840.000,0,-,-,-,-,2717.2000,2717.0000,2716.2000,2714.6000,2713.8000,2719.4000,2719.6000,2720.4000,2721.0000,2721.6000,1,2,2,1,1,5,2,2,2,5
SF,IH2012,2020-06-12 09:32:38.700,2716.8000,5613,0,115611840.000,0,-,-,-,-,2717.2000,2717.0000,2716.2000,2715.6000,2714.6000,2719.4000,2720.4000,2721.0000,2721.6000,2722.0000,1,2,2,1,1,6,2,2,7,2
SF,IH2012,2020-06-12 09:32:39.200,2717.2000,5612,-1,116427000.000,1,0,1,双平,S,2717.0000,2716.2000,2715.6000,2714.6000,2713.8000,2719.2000,2719.4000,2720.4000,2721.0000,2721.6000,2,2,1,1,1,1,6,2,2,7
SF,IH2012,2020-06-12 09:32:39.700,2717.2000,5612,0,116427000.000,0,-,-,-,-,2717.0000,2716.2000,2715.6000,2714.6000,2713.8000,2719.2000,2720.4000,2721.0000,2721.6000,2722.0000,2,2,1,1,1,1,2,2,7,2
SF,IH2012,2020-06-12 09:32:40.200,2717.0000,5609,-3,118872360.000,3,0,3,双平,S,2716.2000,2715.6000,2714.6000,2713.8000,2713.0000,2719.0000,2719.2000,2720.4000,2721.0000,2721.6000,2,1,1,1,1,5,1,2,2,7
SF,IH2012,2020-06-12 09:32:40.700,2717.0000,5609,0,118872360.000,0,-,-,-,-,2715.6000,2714.6000,2713.8000,2713.0000,2710.2000,2718.8000,2719.0000,2720.4000,2721.0000,2721.6000,1,1,1,1,1,1,1,2,2,5
SF,IH2012,2020-06-12 09:32:41.700,2717.0000,5609,0,118872360.000,0,-,-,-,-,2715.6000,2714.6000,2713.8000,2713.0000,2710.2000,2718.8000,2720.4000,2721.0000,2721.6000,2722.0000,1,1,1,1,1,1,2,2,5,3
SF,IH2012,2020-06-12 09:32:43.700,2717.0000,5609,0,118872360.000,0,-,-,-,-,2715.6000,2714.6000,2713.8000,2713.0000,2710.2000,2718.6000,2718.8000,2720.4000,2721.0000,2721.6000,1,1,1,1,1,1,1,2,2,5
SF,IH2012,2020-06-12 09:32:44.200,2717.0000,5609,0,118872360.000,0,-,-,-,-,2715.6000,2714.6000,2713.8000,2713.0000,2710.2000,2718.4000,2720.4000,2721.0000,2721.6000,2722.0000,1,1,1,1,1,1,2,2,5,3
SF,IH2012,2020-06-12 09:32:44.700,2717.0000,5609,0,118872360.000,0,-,-,-,-,2715.6000,2714.6000,2713.8000,2713.0000,2710.2000,2718.0000,2718.4000,2720.4000,2721.0000,2721.6000,1,1,1,1,1,2,1,2,2,5
SF,IH2012,2020-06-12 09:32:45.200,2717.0000,5609,0,118872360.000,0,-,-,-,-,2715.6000,2714.6000,2713.8000,2713.0000,2710.2000,2717.8000,2718.0000,2720.4000,2721.0000,2721.6000,1,1,1,1,1,1,2,2,2,5
SF,IH2012,2020-06-12 09:32:45.700,2717.0000,5609,0,118872360.000,0,-,-,-,-,2715.6000,2714.6000,2713.8000,2713.0000,2710.2000,2717.8000,2718.0000,2720.4000,2721.0000,2721.6000,1,1,1,1,1,2,2,2,2,5
SF,IH2012,2020-06-12 09:32:46.200,2717.0000,5609,0,118872360.000,0,-,-,-,-,2715.6000,2714.6000,2713.8000,2713.0000,2710.2000,2717.8000,2718.0000,2720.4000,2721.0000,2721.6000,1,1,1,1,1,3,2,2,2,5
SF,IH2012,2020-06-12 09:32:49.200,2715.6000,5608,-1,119687040.000,1,0,1,双平,S,2714.6000,2713.8000,2713.0000,2710.2000,2710.0000,2717.8000,2718.0000,2720.4000,2721.0000,2721.6000,1,1,1,1,1,3,2,2,2,5
SF,IH2012,2020-06-12 09:32:50.700,2715.6000,5608,0,119687040.000,0,-,-,-,-,2714.6000,2713.8000,2713.0000,2710.2000,2710.0000,2717.8000,2718.0000,2720.4000,2721.0000,2721.6000,1,1,1,1,1,4,2,2,2,5
SF,IH2012,2020-06-12 09:32:51.200,2715.6000,5608,0,119687040.000,0,-,-,-,-,2713.8000,2713.0000,2710.2000,2710.0000,2709.8000,2717.6000,2717.8000,2718.0000,2720.4000,2721.0000,1,1,1,1,1,1,4,2,2,2
SF,IH2012,2020-06-12 09:32:51.700,2715.6000,5608,0,119687040.000,0,-,-,-,-,2714.4000,2713.8000,2713.0000,2710.2000,2710.0000,2717.2000,2717.4000,2717.8000,2720.4000,2721.0000,1,1,1,1,1,2,1,3,2,2
SF,IH2012,2020-06-12 09:32:52.200,2715.6000,5608,0,119687040.000,0,-,-,-,-,2713.8000,2713.0000,2710.2000,2710.0000,2709.8000,2717.0000,2717.2000,2717.8000,2720.4000,2721.0000,1,1,1,1,1,1,2,3,2,2
SF,IH2012,2020-06-12 09:32:52.700,2715.6000,5608,0,119687040.000,0,-,-,-,-,2713.8000,2713.0000,2710.2000,2710.0000,2709.8000,2717.0000,2717.2000,2717.8000,2720.4000,2721.0000,1,1,1,1,1,1,2,2,2,2
SF,IH2012,2020-06-12 09:32:53.200,2715.6000,5608,0,119687040.000,0,-,-,-,-,2713.8000,2713.0000,2710.2000,2710.0000,2709.8000,2717.0000,2717.2000,2717.8000,2720.4000,2721.0000,1,1,1,1,1,1,2,2,2,2
SF,IH2012,2020-06-12 09:32:53.700,2715.6000,5608,0,119687040.000,0,-,-,-,-,2713.8000,2713.0000,2710.2000,2710.0000,2709.8000,2716.8000,2717.0000,2717.2000,2717.8000,2720.4000,1,1,1,1,1,1,1,2,2,2
SF,IH2012,2020-06-12 09:32:54.200,2715.6000,5608,0,119687040.000,0,-,-,-,-,2713.8000,2713.0000,2710.2000,2710.0000,2709.8000,2716.6000,2716.8000,2717.2000,2717.8000,2720.4000,1,1,1,1,1,1,1,2,1,2
SF,IH2012,2020-06-12 09:32:54.700,2715.6000,5608,0,119687040.000,0,-,-,-,-,2713.8000,2713.0000,2710.2000,2710.0000,2709.8000,2716.6000,2717.2000,2717.8000,2720.4000,2721.0000,1,1,1,1,1,1,2,1,2,1
SF,IH2012,2020-06-12 09:32:56.700,2715.6000,5608,0,119687040.000,0,-,-,-,-,2714.4000,2713.8000,2713.0000,2710.2000,2710.0000,2716.6000,2717.2000,2717.8000,2720.4000,2721.0000,2,1,1,1,1,1,2,1,2,1
SF,IH2012,2020-06-12 09:32:57.700,2715.6000,5608,0,119687040.000,0,-,-,-,-,2714.4000,2713.8000,2713.0000,2710.2000,2710.0000,2716.4000,2716.6000,2717.2000,2717.8000,2720.4000,2,1,1,1,1,1,1,2,1,2
SF,IH2012,2020-06-12 09:32:58.200,2715.6000,5608,0,119687040.000,0,-,-,-,-,2714.4000,2713.8000,2713.0000,2710.2000,2710.0000,2716.2000,2716.4000,2717.2000,2717.8000,2720.4000,2,1,1,1,1,1,1,2,1,2
SF,IH2012,2020-06-12 09:32:58.700,2715.6000,5608,0,119687040.000,0,-,-,-,-,2714.4000,2713.8000,2713.0000,2710.2000,2710.0000,2716.2000,2717.2000,2717.8000,2720.4000,2721.0000,2,1,1,1,1,1,2,1,2,1
SF,IH2012,2020-06-12 09:32:59.200,2716.2000,5607,-1,120501900.000,1,0,1,双平,S,2714.4000,2713.8000,2713.0000,2710.2000,2710.0000,2717.2000,2717.8000,2720.4000,2721.0000,2721.6000,2,1,1,1,1,2,1,2,1,2
SF,IH2012,2020-06-12 09:32:59.700,2716.2000,5607,0,120501900.000,0,-,-,-,-,2714.4000,2713.8000,2713.0000,2710.2000,2710.0000,2717.0000,2717.2000,2717.8000,2720.4000,2721.0000,2,1,1,1,1,1,2,1,2,1
SF,IH2012,2020-06-12 09:33:00.200,2716.2000,5607,0,120501900.000,0,-,-,-,-,2714.4000,2713.8000,2713.0000,2710.2000,2710.0000,2717.0000,2717.2000,2717.8000,2720.4000,2721.0000,3,1,1,1,1,1,2,1,2,1
SF,IH2012,2020-06-12 09:33:00.700,2716.2000,5607,0,120501900.000,0,-,-,-,-,2714.6000,2714.4000,2713.8000,2713.0000,2710.2000,2716.6000,2717.2000,2717.8000,2720.4000,2721.0000,1,3,1,1,1,1,2,1,2,1
SF,IH2012,2020-06-12 09:33:01.200,2716.6000,5607,0,121316880.000,1,0,1,多换,S,2714.6000,2714.4000,2713.8000,2713.0000,2710.2000,2717.8000,2718.8000,2720.4000,2721.0000,2721.6000,1,2,1,1,1,1,2,2,1,2
SF,IH2012,2020-06-12 09:33:01.700,2716.6000,5607,0,121316880.000,0,-,-,-,-,2715.6000,2714.6000,2714.4000,2713.8000,2713.0000,2717.8000,2718.8000,2720.4000,2721.0000,2721.6000,1,1,2,1,1,1,2,2,1,2
SF,IH2012,2020-06-12 09:33:02.200,2716.6000,5607,0,121316880.000,0,-,-,-,-,2715.8000,2714.4000,2713.8000,2713.6000,2713.0000,2717.6000,2717.8000,2720.4000,2720.8000,2721.0000,1,2,1,1,1,1,1,2,2,1
SF,IH2012,2020-06-12 09:33:03.700,2716.6000,5607,0,121316880.000,0,-,-,-,-,2715.8000,2714.4000,2713.8000,2713.6000,2713.0000,2717.8000,2720.4000,2720.8000,2721.0000,2721.6000,1,2,1,1,1,1,2,2,1,2
SF,IH2012,2020-06-12 09:33:04.200,2716.6000,5607,0,121316880.000,0,-,-,-,-,2715.8000,2714.4000,2713.8000,2713.6000,2713.0000,2717.8000,2720.4000,2720.8000,2721.0000,2721.6000,1,2,1,1,1,1,2,2,1,2
SF,IH2012,2020-06-12 09:33:04.700,2716.6000,5607,0,121316880.000,0,-,-,-,-,2715.8000,2714.4000,2713.8000,2713.6000,2713.0000,2717.8000,2720.4000,2720.8000,2721.0000,2721.6000,1,2,1,1,1,1,2,2,1,2
SF,IH2012,2020-06-12 09:33:05.200,2716.6000,5607,0,121316880.000,0,-,-,-,-,2716.0000,2715.8000,2713.8000,2713.6000,2713.0000,2717.8000,2720.4000,2721.0000,2721.6000,2722.0000,1,1,1,1,1,1,2,1,2,12
SF,IH2012,2020-06-12 09:33:05.700,2716.6000,5607,0,121316880.000,0,-,-,-,-,2716.2000,2716.0000,2713.8000,2713.6000,2713.0000,2717.8000,2720.4000,2721.0000,2721.6000,2722.0000,1,1,1,1,1,1,2,1,2,12
SF,IH2012,2020-06-12 09:33:06.200,2716.6000,5607,0,121316880.000,0,-,-,-,-,2716.2000,2716.0000,2713.8000,2713.6000,2713.0000,2717.8000,2721.0000,2721.6000,2722.0000,2724.8000,1,1,1,1,1,1,1,2,12,3
SF,IH2012,2020-06-12 09:33:06.700,2717.8000,5606,-1,122132220.000,1,0,1,双平,S,2716.2000,2716.0000,2713.8000,2713.6000,2713.0000,2721.0000,2721.6000,2722.0000,2724.8000,2725.0000,1,1,1,1,1,1,2,12,3,2
SF,IH2012,2020-06-12 09:33:07.200,2717.8000,5606,0,122132220.000,0,-,-,-,-,2716.2000,2716.0000,2713.8000,2713.6000,2713.0000,2720.6000,2720.8000,2721.0000,2721.6000,2722.0000,1,1,1,1,1,4,3,1,2,12
SF,IH2012,2020-06-12 09:33:07.700,2717.8000,5606,0,122132220.000,0,-,-,-,-,2716.2000,2713.8000,2713.6000,2713.0000,2710.2000,2720.4000,2720.6000,2720.8000,2721.0000,2721.6000,1,1,1,1,1,2,4,3,1,2
SF,IH2012,2020-06-12 09:33:08.200,2716.2000,5605,-1,122947080.000,1,0,1,双平,S,2713.8000,2713.6000,2713.0000,2710.2000,2710.0000,2720.0000,2720.2000,2720.4000,2720.8000,2721.0000,1,1,1,1,1,4,2,2,3,1
SF,IH2012,2020-06-12 09:33:08.700,2716.2000,5605,0,122947080.000,0,-,-,-,-,2715.2000,2713.8000,2713.6000,2713.0000,2710.2000,2719.8000,2720.0000,2720.2000,2720.4000,2720.8000,1,1,1,1,1,3,4,1,2,3
SF,IH2012,2020-06-12 09:33:09.200,2716.2000,5605,0,122947080.000,0,-,-,-,-,2713.8000,2713.6000,2713.0000,2710.2000,2710.0000,2719.4000,2719.8000,2720.2000,2720.4000,2720.8000,1,1,1,1,1,4,3,1,2,3
SF,IH2012,2020-06-12 09:33:09.700,2716.2000,5605,0,122947080.000,0,-,-,-,-,2714.6000,2713.8000,2713.6000,2713.0000,2710.2000,2719.2000,2719.4000,2719.8000,2720.2000,2720.4000,1,1,1,1,1,2,4,2,1,2
SF,IH2012,2020-06-12 09:33:10.200,2716.2000,5605,0,122947080.000,0,-,-,-,-,2714.6000,2713.8000,2713.6000,2713.0000,2710.2000,2718.8000,2719.2000,2719.8000,2720.2000,2720.4000,1,1,1,1,1,4,1,2,1,2
SF,IH2012,2020-06-12 09:33:10.700,2716.2000,5605,0,122947080.000,0,-,-,-,-,2714.6000,2713.8000,2713.6000,2713.0000,2710.2000,2718.6000,2718.8000,2719.8000,2720.2000,2720.4000,1,1,1,1,1,1,4,2,1,2
SF,IH2012,2020-06-12 09:33:11.200,2716.2000,5605,0,122947080.000,0,-,-,-,-,2714.6000,2714.0000,2713.8000,2713.6000,2713.0000,2718.6000,2719.8000,2720.2000,2720.4000,2720.8000,1,1,1,1,1,1,2,1,2,2
SF,IH2012,2020-06-12 09:33:11.700,2716.2000,5605,0,122947080.000,0,-,-,-,-,2714.6000,2714.0000,2713.8000,2713.6000,2713.0000,2718.6000,2719.8000,2720.4000,2720.8000,2721.0000,1,1,1,1,1,1,2,2,2,1
SF,IH2012,2020-06-12 09:33:12.200,2716.2000,5605,0,122947080.000,0,-,-,-,-,2714.6000,2714.0000,2713.8000,2713.6000,2713.0000,2718.6000,2720.8000,2721.0000,2721.6000,2722.0000,1,1,1,1,1,1,2,1,2,12
SF,IH2012,2020-06-12 09:33:12.700,2716.2000,5605,0,122947080.000,0,-,-,-,-,2714.6000,2714.0000,2713.8000,2713.6000,2713.0000,2718.6000,2720.8000,2721.0000,2721.6000,2722.0000,1,1,1,1,1,1,2,1,2,12
SF,IH2012,2020-06-12 09:33:13.200,2716.2000,5605,0,122947080.000,0,-,-,-,-,2714.6000,2714.0000,2713.8000,2713.6000,2713.0000,2718.6000,2720.8000,2721.0000,2721.6000,2722.0000,1,1,1,1,1,1,2,1,2,12
SF,IH2012,2020-06-12 09:33:13.700,2716.2000,5605,0,122947080.000,0,-,-,-,-,2714.6000,2714.0000,2713.8000,2713.6000,2713.0000,2718.6000,2720.8000,2721.0000,2721.6000,2722.0000,1,1,1,1,1,1,2,1,2,12
SF,IH2012,2020-06-12 09:33:14.200,2716.2000,5605,0,122947080.000,0,-,-,-,-,2714.6000,2714.0000,2713.8000,2713.6000,2713.0000,2718.6000,2720.8000,2721.0000,2721.6000,2722.0000,1,1,1,1,1,1,2,1,2,12
SF,IH2012,2020-06-12 09:33:14.700,2716.2000,5605,0,122947080.000,0,-,-,-,-,2714.6000,2714.0000,2713.8000,2713.6000,2713.0000,2718.6000,2720.8000,2721.0000,2721.6000,2722.0000,1,1,1,1,1,1,2,1,2,12
SF,IH2012,2020-06-12 09:33:15.200,2716.2000,5605,0,122947080.000,0,-,-,-,-,2714.6000,2714.0000,2713.8000,2713.6000,2713.0000,2718.6000,2720.8000,2721.0000,2721.6000,2722.0000,1,1,1,1,1,1,2,1,2,12
SF,IH2012,2020-06-12 09:33:15.700,2716.2000,5605,0,122947080.000,0,-,-,-,-,2714.6000,2714.0000,2713.8000,2713.6000,2713.0000,2718.6000,2720.8000,2721.0000,2721.6000,2722.0000,1,1,1,1,1,1,2,1,2,12
SF,IH2012,2020-06-12 09:33:18.700,2716.2000,5605,0,122947080.000,0,-,-,-,-,2714.6000,2714.0000,2713.8000,2713.6000,2713.0000,2718.6000,2720.8000,2721.0000,2721.6000,2722.0000,2,1,1,1,1,1,2,1,2,12
SF,IH2012,2020-06-12 09:33:19.200,2716.2000,5605,0,122947080.000,0,-,-,-,-,2714.6000,2714.0000,2713.8000,2713.6000,2713.0000,2718.6000,2720.8000,2721.0000,2721.6000,2722.0000,2,1,1,1,1,1,2,1,2,12
SF,IH2012,2020-06-12 09:33:20.700,2716.2000,5605,0,122947080.000,0,-,-,-,-,2715.6000,2714.6000,2714.0000,2713.8000,2713.6000,2718.6000,2720.8000,2721.0000,2721.6000,2722.0000,2,2,1,1,1,1,2,1,2,12
SF,IH2012,2020-06-12 09:33:21.200,2716.2000,5605,0,122947080.000,0,-,-,-,-,2715.6000,2714.6000,2714.0000,2713.8000,2713.6000,2718.4000,2718.6000,2720.8000,2721.0000,2721.6000,2,2,1,1,1,1,1,2,1,2
SF,IH2012,2020-06-12 09:33:21.700,2716.2000,5605,0,122947080.000,0,-,-,-,-,2715.6000,2714.6000,2714.0000,2713.8000,2713.6000,2718.2000,2718.4000,2720.8000,2721.0000,2721.6000,2,2,1,1,1,1,1,2,1,2
SF,IH2012,2020-06-12 09:33:22.200,2716.2000,5605,0,122947080.000,0,-,-,-,-,2715.6000,2714.6000,2714.0000,2713.8000,2713.6000,2718.0000,2718.2000,2718.4000,2720.8000,2721.0000,2,2,1,1,1,1,1,1,2,1
SF,IH2012,2020-06-12 09:33:22.700,2716.2000,5605,0,122947080.000,0,-,-,-,-,2715.6000,2714.6000,2714.0000,2713.8000,2713.6000,2717.8000,2718.0000,2718.4000,2720.8000,2721.0000,2,2,1,1,1,1,1,1,2,1
SF,IH2012,2020-06-12 09:33:23.200,2716.2000,5605,0,122947080.000,0,-,-,-,-,2715.6000,2714.6000,2714.0000,2713.8000,2713.6000,2717.6000,2717.8000,2718.0000,2718.4000,2720.8000,2,2,1,1,1,1,1,1,1,2
SF,IH2012,2020-06-12 09:33:23.700,2716.2000,5605,0,122947080.000,0,-,-,-,-,2715.6000,2714.6000,2714.0000,2713.8000,2713.6000,2717.4000,2717.6000,2718.0000,2718.4000,2720.8000,2,2,1,1,1,1,1,1,1,2
SF,IH2012,2020-06-12 09:33:24.200,2716.2000,5605,0,122947080.000,0,-,-,-,-,2714.6000,2714.2000,2714.0000,2713.8000,2713.6000,2717.4000,2717.6000,2718.0000,2718.4000,2720.8000,2,2,1,1,1,1,1,1,1,2
SF,IH2012,2020-06-12 09:33:24.700,2716.2000,5605,0,122947080.000,0,-,-,-,-,2714.6000,2714.2000,2714.0000,2713.8000,2713.6000,2717.4000,2717.6000,2718.0000,2720.8000,2721.0000,2,2,1,1,1,1,1,1,2,1
SF,IH2012,2020-06-12 09:33:25.200,2716.2000,5605,0,122947080.000,0,-,-,-,-,2714.6000,2714.2000,2714.0000,2713.8000,2713.6000,2717.4000,2717.6000,2720.8000,2721.0000,2721.6000,2,2,1,1,1,1,1,2,1,2
SF,IH2012,2020-06-12 09:33:25.700,2716.2000,5605,0,122947080.000,0,-,-,-,-,2714.6000,2714.2000,2714.0000,2713.8000,2713.6000,2717.4000,2720.8000,2721.0000,2721.6000,2722.0000,2,2,1,1,1,1,2,1,2,12
SF,IH2012,2020-06-12 09:33:26.200,2716.2000,5605,0,122947080.000,0,-,-,-,-,2715.8000,2714.6000,2714.0000,2713.8000,2713.6000,2717.2000,2717.4000,2720.8000,2721.0000,2721.6000,2,2,1,1,1,1,1,2,1,2
SF,IH2012,2020-06-12 09:33:29.200,2717.2000,5605,0,123762240.000,1,0,1,多换,S,2715.8000,2714.6000,2714.0000,2713.8000,2713.6000,2717.4000,2720.8000,2721.0000,2721.6000,2722.0000,2,2,1,1,1,1,2,1,2,12
SF,IH2012,2020-06-12 09:33:29.700,2717.2000,5605,0,123762240.000,0,-,-,-,-,2715.8000,2714.6000,2714.0000,2713.8000,2713.6000,2717.4000,2720.8000,2721.0000,2721.6000,2722.0000,2,2,1,1,1,1,2,1,2,12
SF,IH2012,2020-06-12 09:33:30.700,2717.2000,5605,0,123762240.000,0,-,-,-,-,2715.8000,2714.6000,2714.0000,2713.8000,2713.6000,2717.4000,2720.8000,2721.0000,2721.6000,2722.0000,2,2,1,1,1,1,2,1,2,12
SF,IH2012,2020-06-12 09:33:31.200,2717.4000,5604,-1,124577460.000,1,0,1,双平,S,2717.4000,2715.8000,2714.6000,2714.0000,2713.8000,2720.8000,2721.0000,2721.6000,2722.0000,2724.8000,1,2,2,1,1,2,1,2,12,3
SF,IH2012,2020-06-12 09:33:31.700,2717.4000,5604,0,124577460.000,0,-,-,-,-,2717.4000,2715.8000,2714.6000,2714.0000,2713.8000,2720.4000,2720.6000,2720.8000,2721.0000,2721.6000,1,2,2,1,1,4,4,2,1,2
SF,IH2012,2020-06-12 09:33:32.200,2717.4000,5604,0,124577460.000,0,-,-,-,-,2717.4000,2715.8000,2714.6000,2714.0000,2713.8000,2720.2000,2720.4000,2720.6000,2720.8000,2721.0000,1,2,2,1,1,2,4,3,2,1
SF,IH2012,2020-06-12 09:33:32.700,2717.4000,5603,-1,125392680.000,1,0,1,双平,S,2717.4000,2715.8000,2714.6000,2714.0000,2713.8000,2720.0000,2720.4000,2720.6000,2720.8000,2721.0000,1,2,2,1,1,4,4,3,2,1
SF,IH2012,2020-06-12 09:33:33.200,2717.4000,5603,0,125392680.000,0,-,-,-,-,2717.4000,2715.8000,2714.6000,2714.0000,2713.8000,2720.0000,2720.4000,2720.6000,2720.8000,2721.0000,1,2,2,1,1,4,4,3,2,1
SF,IH2012,2020-06-12 09:33:33.700,2717.4000,5603,0,125392680.000,0,-,-,-,-,2715.8000,2714.6000,2714.0000,2713.8000,2713.6000,2720.0000,2720.4000,2720.6000,2720.8000,2721.0000,2,2,1,1,1,4,4,3,2,1
SF,IH2012,2020-06-12 09:33:34.200,2717.4000,5603,0,125392680.000,0,-,-,-,-,2715.8000,2714.6000,2714.0000,2713.8000,2713.6000,2720.0000,2720.4000,2720.6000,2720.8000,2721.0000,2,2,1,1,1,4,4,3,2,1
SF,IH2012,2020-06-12 09:33:34.700,2717.4000,5603,0,125392680.000,0,-,-,-,-,2715.8000,2714.6000,2714.0000,2713.8000,2713.6000,2719.8000,2720.0000,2720.6000,2720.8000,2721.0000,2,2,1,1,1,5,5,3,2,1
SF,IH2012,2020-06-12 09:33:35.200,2717.4000,5603,0,125392680.000,0,-,-,-,-,2715.8000,2714.6000,2714.0000,2713.8000,2713.6000,2719.6000,2719.8000,2720.0000,2720.6000,2720.8000,2,2,1,1,1,3,5,4,3,2
SF,IH2012,2020-06-12 09:33:36.200,2717.4000,5603,0,125392680.000,0,-,-,-,-,2715.8000,2714.6000,2714.0000,2713.8000,2713.6000,2719.6000,2719.8000,2720.0000,2720.6000,2720.8000,2,2,1,1,1,3,1,4,3,2
SF,IH2012,2020-06-12 09:33:36.700,2717.4000,5603,0,125392680.000,0,-,-,-,-,2715.8000,2714.6000,2714.0000,2713.8000,2713.6000,2719.4000,2719.6000,2719.8000,2720.0000,2720.6000,2,1,1,1,1,2,3,1,4,3
SF,IH2012,2020-06-12 09:33:37.200,2717.4000,5603,0,125392680.000,0,-,-,-,-,2715.8000,2714.6000,2714.0000,2713.8000,2713.6000,2719.2000,2719.6000,2719.8000,2720.0000,2720.6000,2,1,1,1,1,1,2,1,4,3
SF,IH2012,2020-06-12 09:33:38.700,2717.4000,5603,0,125392680.000,0,-,-,-,-,2715.8000,2714.6000,2714.0000,2713.8000,2713.6000,2719.2000,2719.6000,2720.0000,2720.6000,2720.8000,2,1,1,1,1,1,2,4,3,2
SF,IH2012,2020-06-12 09:33:40.700,2717.4000,5603,0,125392680.000,0,-,-,-,-,2715.8000,2714.6000,2714.0000,2713.8000,2713.6000,2719.2000,2719.6000,2720.0000,2720.6000,2720.8000,2,1,1,1,1,1,2,3,3,2
SF,IH2012,2020-06-12 09:33:42.700,2717.4000,5603,0,125392680.000,0,-,-,-,-,2716.6000,2714.6000,2714.0000,2713.8000,2713.6000,2719.2000,2719.6000,2720.0000,2720.6000,2720.8000,2,1,1,1,1,1,2,3,3,2
SF,IH2012,2020-06-12 09:33:50.200,2717.4000,5603,0,125392680.000,0,-,-,-,-,2716.6000,2714.6000,2714.0000,2713.8000,2713.6000,2719.2000,2719.6000,2720.0000,2720.6000,2721.0000,2,1,1,1,1,1,2,3,1,1
SF,IH2012,2020-06-12 09:33:51.200,2717.4000,5603,0,125392680.000,0,-,-,-,-,2716.6000,2714.6000,2714.0000,2713.8000,2713.6000,2719.2000,2719.6000,2720.0000,2721.6000,2722.0000,2,1,1,1,1,1,2,3,2,12
SF,IH2012,2020-06-12 09:33:51.700,2717.4000,5603,0,125392680.000,0,-,-,-,-,2716.6000,2714.6000,2714.0000,2713.8000,2713.6000,2719.2000,2719.6000,2720.0000,2721.6000,2722.0000,2,1,1,1,1,1,2,2,2,12
SF,IH2012,2020-06-12 09:33:52.200,2717.4000,5603,0,125392680.000,0,-,-,-,-,2716.6000,2714.6000,2714.0000,2713.8000,2713.6000,2719.2000,2720.0000,2721.6000,2722.0000,2724.8000,2,1,1,1,1,1,2,2,12,3
SF,IH2012,2020-06-12 09:33:52.700,2717.4000,5603,0,125392680.000,0,-,-,-,-,2716.6000,2714.6000,2714.0000,2713.8000,2713.6000,2719.2000,2720.0000,2721.6000,2722.0000,2724.8000,2,1,1,1,1,1,2,2,12,3
SF,IH2012,2020-06-12 09:33:53.200,2719.2000,5603,0,126208440.000,1,0,1,多换,S,2719.2000,2716.8000,2716.6000,2714.6000,2714.0000,2721.6000,2722.0000,2724.6000,2724.8000,2725.0000,1,1,2,1,1,2,12,2,3,2
SF,IH2012,2020-06-12 09:33:53.700,2719.2000,5603,0,127024200.000,1,0,1,多换,S,2719.4000,2716.6000,2714.6000,2714.0000,2713.8000,2721.4000,2721.6000,2722.0000,2724.6000,2724.8000,1,2,1,1,1,1,2,12,2,3
SF,IH2012,2020-06-12 09:33:54.200,2719.2000,5602,-1,127839960.000,1,0,1,双平,S,2716.6000,2714.6000,2714.0000,2713.8000,2713.6000,2721.2000,2721.4000,2721.6000,2722.0000,2724.6000,2,1,1,1,1,5,2,2,12,2
SF,IH2012,2020-06-12 09:33:54.700,2719.2000,5602,0,127839960.000,0,-,-,-,-,2716.6000,2714.6000,2714.0000,2713.8000,2713.6000,2719.4000,2721.0000,2721.2000,2721.4000,2721.6000,2,1,1,1,1,1,1,1,2,2
SF,IH2012,2020-06-12 09:33:55.200,2719.2000,5602,0,127839960.000,0,-,-,-,-,2716.6000,2714.6000,2714.0000,2713.8000,2713.6000,2719.2000,2719.4000,2721.0000,2721.4000,2721.6000,2,1,1,1,1,1,1,2,1,2
SF,IH2012,2020-06-12 09:33:55.700,2719.2000,5602,0,127839960.000,0,-,-,-,-,2717.6000,2714.6000,2714.0000,2713.8000,2713.6000,2719.2000,2719.4000,2721.0000,2721.4000,2721.6000,2,1,1,1,1,1,1,2,1,2
SF,IH2012,2020-06-12 09:33:56.700,2719.2000,5602,0,127839960.000,0,-,-,-,-,2717.6000,2714.6000,2714.0000,2713.8000,2713.6000,2719.0000,2719.2000,2719.4000,2721.0000,2721.4000,2,1,1,1,1,1,1,1,2,1
SF,IH2012,2020-06-12 09:33:57.700,2719.2000,5602,0,127839960.000,0,-,-,-,-,2717.6000,2714.6000,2714.0000,2713.8000,2713.6000,2719.0000,2719.2000,2719.4000,2721.0000,2721.4000,2,1,1,1,1,1,2,1,2,1
SF,IH2012,2020-06-12 09:33:58.200,2719.2000,5602,0,127839960.000,0,-,-,-,-,2716.4000,2714.6000,2714.0000,2713.8000,2713.6000,2719.0000,2719.2000,2719.4000,2721.0000,2721.4000,2,1,1,1,1,1,2,1,2,1
SF,IH2012,2020-06-12 09:33:58.700,2719.2000,5602,0,127839960.000,0,-,-,-,-,2716.4000,2714.6000,2714.0000,2713.8000,2713.6000,2718.8000,2719.0000,2719.2000,2719.4000,2721.0000,2,1,1,1,1,1,1,1,1,2
SF,IH2012,2020-06-12 09:33:59.200,2719.2000,5602,0,127839960.000,0,-,-,-,-,2716.4000,2714.6000,2714.0000,2713.8000,2713.6000,2718.6000,2718.8000,2719.0000,2719.2000,2719.4000,2,1,1,1,1,1,1,1,1,1
SF,IH2012,2020-06-12 09:33:59.700,2719.2000,5602,0,127839960.000,0,-,-,-,-,2716.4000,2714.6000,2714.0000,2713.8000,2713.6000,2718.4000,2718.6000,2719.0000,2719.2000,2719.4000,2,1,1,1,1,1,1,1,1,1
SF,IH2012,2020-06-12 09:34:00.200,2719.2000,5602,0,127839960.000,0,-,-,-,-,2716.4000,2714.6000,2714.0000,2713.8000,2713.6000,2718.4000,2718.6000,2719.2000,2719.4000,2721.0000,2,1,1,1,1,1,1,1,1,2
SF,IH2012,2020-06-12 09:34:00.700,2719.2000,5602,0,127839960.000,0,-,-,-,-,2716.4000,2714.6000,2714.0000,2713.8000,2713.6000,2718.4000,2718.6000,2719.2000,2719.4000,2721.4000,2,1,1,1,1,1,1,1,1,1
SF,IH2012,2020-06-12 09:34:01.200,2716.4000,5603,1,128654880.000,1,1,0,双开,S,2716.4000,2714.6000,2714.0000,2713.8000,2713.6000,2718.4000,2719.2000,2719.4000,2721.4000,2721.6000,1,1,1,1,1,1,1,1,1,2
SF,IH2012,2020-06-12 09:34:04.700,2716.4000,5603,0,128654880.000,0,-,-,-,-,2716.4000,2714.6000,2714.0000,2713.8000,2713.6000,2718.4000,2719.2000,2721.4000,2721.6000,2722.0000,1,1,1,1,1,1,1,1,2,12
SF,IH2012,2020-06-12 09:34:06.200,2716.4000,5603,0,128654880.000,0,-,-,-,-,2716.4000,2714.6000,2714.0000,2713.8000,2713.6000,2718.4000,2719.2000,2721.4000,2721.6000,2722.0000,2,1,1,1,1,1,1,1,2,12
SF,IH2012,2020-06-12 09:34:07.200,2716.4000,5603,0,128654880.000,0,-,-,-,-,2716.4000,2714.6000,2714.0000,2713.8000,2713.6000,2718.4000,2719.2000,2721.4000,2721.6000,2722.0000,2,1,1,1,1,1,1,1,2,12
SF,IH2012,2020-06-12 09:34:16.200,2716.4000,5603,0,128654880.000,0,-,-,-,-,2716.4000,2714.6000,2714.0000,2713.8000,2713.6000,2718.4000,2719.2000,2721.4000,2721.6000,2722.0000,1,1,1,1,1,1,1,1,2,12
SF,IH2012,2020-06-12 09:34:16.700,2716.4000,5603,0,128654880.000,0,-,-,-,-,2716.4000,2715.6000,2714.6000,2714.0000,2713.8000,2718.2000,2718.4000,2719.2000,2721.4000,2721.6000,1,1,1,1,1,1,1,1,1,2
SF,IH2012,2020-06-12 09:34:17.200,2716.4000,5603,0,129469800.000,1,0,1,多换,S,2715.6000,2714.6000,2714.0000,2713.8000,2713.6000,2718.0000,2718.2000,2719.2000,2721.4000,2721.6000,1,1,1,1,1,1,1,1,1,2
SF,IH2012,2020-06-12 09:34:18.200,2716.4000,5603,0,129469800.000,0,-,-,-,-,2715.6000,2714.6000,2714.0000,2713.8000,2713.6000,2717.8000,2718.0000,2718.2000,2719.2000,2721.4000,1,1,1,1,1,1,1,1,1,1
SF,IH2012,2020-06-12 09:34:18.700,2716.4000,5603,0,129469800.000,0,-,-,-,-,2716.0000,2715.6000,2714.6000,2714.0000,2713.8000,2717.6000,2717.8000,2718.2000,2719.2000,2721.4000,1,1,1,1,1,1,1,1,1,1
SF,IH2012,2020-06-12 09:34:19.200,2716.4000,5603,0,129469800.000,0,-,-,-,-,2715.6000,2714.6000,2714.0000,2713.8000,2713.6000,2717.6000,2717.8000,2718.2000,2719.2000,2721.4000,1,1,1,1,1,1,1,1,1,1
SF,IH2012,2020-06-12 09:34:19.700,2716.4000,5603,0,129469800.000,0,-,-,-,-,2715.6000,2714.6000,2714.0000,2713.8000,2713.6000,2717.6000,2717.8000,2718.2000,2719.2000,2721.4000,1,1,1,1,1,1,1,1,1,1
SF,IH2012,2020-06-12 09:34:20.200,2716.4000,5603,0,129469800.000,0,-,-,-,-,2715.6000,2714.6000,2714.0000,2713.8000,2713.6000,2717.6000,2717.8000,2719.2000,2721.4000,2721.6000,1,1,1,1,1,1,1,1,1,2
SF,IH2012,2020-06-12 09:34:20.700,2716.4000,5603,0,129469800.000,0,-,-,-,-,2715.6000,2714.6000,2714.0000,2713.8000,2713.6000,2717.6000,2717.8000,2719.2000,2721.4000,2721.6000,1,1,1,1,1,1,1,1,1,2
SF,IH2012,2020-06-12 09:34:21.700,2716.4000,5603,0,129469800.000,0,-,-,-,-,2715.6000,2714.6000,2714.0000,2713.8000,2713.6000,2717.4000,2717.6000,2717.8000,2719.2000,2721.4000,1,1,1,1,1,1,1,1,1,1
SF,IH2012,2020-06-12 09:34:22.200,2716.4000,5603,0,129469800.000,0,-,-,-,-,2715.6000,2714.6000,2714.0000,2713.8000,2713.6000,2717.2000,2717.4000,2717.8000,2719.2000,2721.4000,1,1,1,1,1,1,1,1,1,1
SF,IH2012,2020-06-12 09:34:28.200,2717.2000,5602,-1,130284960.000,1,0,1,双平,S,2715.6000,2714.6000,2714.0000,2713.8000,2713.6000,2717.4000,2717.8000,2719.2000,2721.4000,2721.6000,1,1,1,1,1,1,1,1,1,2
SF,IH2012,2020-06-12 09:34:28.700,2717.2000,5602,0,130284960.000,0,-,-,-,-,2717.2000,2715.8000,2715.6000,2714.6000,2714.0000,2717.8000,2719.2000,2721.4000,2721.6000,2722.0000,1,1,1,1,1,1,1,1,2,12
SF,IH2012,2020-06-12 09:34:29.200,2717.2000,5602,0,130284960.000,0,-,-,-,-,2717.4000,2717.2000,2715.8000,2715.6000,2714.6000,2719.2000,2721.4000,2721.6000,2722.0000,2724.8000,1,1,1,1,1,1,1,2,12,3
SF,IH2012,2020-06-12 09:34:29.700,2717.2000,5602,0,130284960.000,0,-,-,-,-,2717.6000,2717.4000,2717.2000,2716.2000,2715.6000,2721.4000,2721.6000,2722.0000,2724.8000,2725.0000,2,1,1,1,1,1,2,12,3,2
SF,IH2012,2020-06-12 09:34:30.200,2717.2000,5602,0,131100120.000,1,0,1,多换,S,2717.6000,2717.4000,2717.2000,2716.2000,2715.6000,2720.0000,2721.0000,2721.2000,2721.4000,2721.6000,1,1,1,1,1,1,4,3,1,2
SF,IH2012,2020-06-12 09:34:30.700,2717.2000,5602,0,131100120.000,0,-,-,-,-,2717.6000,2717.4000,2716.2000,2715.6000,2714.6000,2719.8000,2720.0000,2721.0000,2721.2000,2721.4000,1,1,1,1,1,1,1,4,2,1
SF,IH2012,2020-06-12 09:34:34.200,2717.2000,5602,0,131100120.000,0,-,-,-,-,2717.6000,2717.4000,2716.2000,2715.6000,2714.6000,2719.8000,2720.0000,2721.0000,2721.2000,2721.4000,1,1,1,1,1,1,1,4,2,1
SF,IH2012,2020-06-12 09:34:34.700,2717.2000,5602,0,131100120.000,0,-,-,-,-,2717.6000,2717.4000,2716.2000,2715.6000,2714.6000,2719.6000,2719.8000,2720.0000,2721.0000,2721.2000,1,1,1,1,1,1,1,1,4,2
SF,IH2012,2020-06-12 09:34:35.200,2717.2000,5602,0,131100120.000,0,-,-,-,-,2717.6000,2717.4000,2716.2000,2716.0000,2715.6000,2719.4000,2719.6000,2720.0000,2721.0000,2721.2000,1,1,1,1,1,1,1,1,4,2
SF,IH2012,2020-06-12 09:34:38.700,2717.2000,5602,0,131100120.000,0,-,-,-,-,2717.6000,2717.4000,2717.2000,2716.2000,2716.0000,2719.4000,2719.6000,2720.0000,2721.0000,2721.2000,1,1,1,1,1,1,1,1,4,2
SF,IH2012,2020-06-12 09:34:39.700,2717.2000,5602,0,131100120.000,0,-,-,-,-,2717.6000,2717.4000,2717.2000,2716.2000,2716.0000,2719.4000,2719.6000,2720.0000,2721.0000,2721.2000,1,1,1,1,1,1,1,1,4,1
SF,IH2012,2020-06-12 09:34:40.200,2717.2000,5602,0,131100120.000,0,-,-,-,-,2717.6000,2717.4000,2717.2000,2716.2000,2716.0000,2719.4000,2720.0000,2721.0000,2721.2000,2721.4000,1,1,1,1,1,1,1,4,1,1
SF,IH2012,2020-06-12 09:34:40.700,2717.2000,5602,0,131100120.000,0,-,-,-,-,2717.6000,2717.4000,2717.2000,2716.2000,2716.0000,2719.2000,2719.4000,2720.0000,2721.0000,2721.2000,1,1,1,1,1,1,1,1,4,1
SF,IH2012,2020-06-12 09:34:43.200,2717.6000,5601,-1,131915400.000,1,0,1,双平,S,2717.4000,2717.2000,2716.2000,2716.0000,2715.6000,2719.2000,2719.4000,2720.0000,2721.0000,2721.2000,1,1,1,1,1,1,1,1,4,1
SF,IH2012,2020-06-12 09:34:43.700,2717.6000,5601,0,131915400.000,0,-,-,-,-,2717.2000,2716.2000,2716.0000,2715.6000,2714.6000,2719.0000,2719.2000,2720.0000,2721.0000,2721.2000,1,1,1,1,1,1,1,1,4,1
SF,IH2012,2020-06-12 09:34:44.200,2717.6000,5601,0,131915400.000,0,-,-,-,-,2717.2000,2716.2000,2716.0000,2715.6000,2714.6000,2718.8000,2719.0000,2719.2000,2720.0000,2721.0000,1,1,1,1,1,1,1,1,1,4
SF,IH2012,2020-06-12 09:34:44.700,2717.6000,5601,0,131915400.000,0,-,-,-,-,2718.0000,2717.2000,2716.2000,2716.0000,2715.6000,2718.6000,2718.8000,2719.0000,2719.2000,2721.0000,1,1,1,1,1,3,1,1,1,4
SF,IH2012,2020-06-12 09:34:45.200,2717.8000,5600,-1,132730740.000,1,0,1,双平,S,2717.2000,2716.2000,2716.0000,2715.6000,2714.6000,2718.4000,2718.6000,2718.8000,2719.2000,2721.0000,1,1,1,1,1,1,3,1,1,4
SF,IH2012,2020-06-12 09:34:45.700,2717.8000,5600,0,132730740.000,0,-,-,-,-,2717.2000,2716.2000,2716.0000,2715.6000,2714.6000,2718.0000,2718.6000,2718.8000,2719.2000,2721.0000,1,1,1,1,1,1,3,1,1,4
SF,IH2012,2020-06-12 09:34:47.200,2717.8000,5600,0,132730740.000,0,-,-,-,-,2717.2000,2716.2000,2716.0000,2715.6000,2714.6000,2718.0000,2718.6000,2718.8000,2721.0000,2721.2000,1,1,1,1,1,1,3,1,4,1
SF,IH2012,2020-06-12 09:34:47.700,2718.0000,5600,0,133546140.000,1,0,1,多换,S,2717.2000,2716.2000,2716.0000,2715.6000,2714.6000,2718.6000,2718.8000,2721.0000,2721.2000,2721.4000,1,1,1,1,1,3,1,4,1,1
SF,IH2012,2020-06-12 09:34:48.200,2718.6000,5600,0,135177240.000,2,1,1,多换,S,2718.2000,2718.0000,2717.2000,2716.2000,2716.0000,2718.6000,2718.8000,2721.0000,2721.2000,2721.4000,1,1,1,1,1,2,1,4,1,1
SF,IH2012,2020-06-12 09:34:48.700,2718.6000,5599,-1,135992820.000,1,0,1,双平,S,2718.0000,2717.2000,2716.2000,2716.0000,2715.6000,2718.6000,2718.8000,2721.0000,2721.2000,2721.4000,1,1,1,1,1,1,1,4,1,1
SF,IH2012,2020-06-12 09:34:49.200,2718.6000,5598,-1,136808400.000,1,0,1,双平,S,2718.0000,2717.2000,2716.2000,2716.0000,2715.6000,2718.8000,2721.0000,2721.2000,2721.4000,2721.6000,1,1,1,1,1,1,4,1,1,2
SF,IH2012,2020-06-12 09:34:49.700,2718.6000,5598,0,136808400.000,0,-,-,-,-,2717.2000,2716.2000,2716.0000,2715.6000,2714.6000,2718.0000,2718.6000,2718.8000,2721.0000,2721.2000,1,1,1,1,1,1,1,1,4,1
SF,IH2012,2020-06-12 09:34:50.200,2718.2000,5598,0,137623860.000,1,0,1,多换,S,2717.2000,2716.2000,2716.0000,2715.6000,2715.4000,2718.6000,2721.0000,2721.2000,2721.4000,2721.6000,1,1,1,1,1,1,4,1,1,2
SF,IH2012,2020-06-12 09:34:50.700,2718.2000,5598,0,137623860.000,0,-,-,-,-,2718.2000,2717.2000,2716.2000,2716.0000,2715.6000,2718.6000,2721.0000,2721.2000,2721.4000,2721.6000,1,1,1,1,1,1,4,1,1,2
SF,IH2012,2020-06-12 09:34:51.200,2718.2000,5597,-1,138439320.000,1,0,1,双平,S,2717.2000,2716.2000,2716.0000,2715.6000,2714.6000,2718.6000,2721.0000,2721.2000,2721.4000,2721.6000,1,1,1,1,1,1,4,1,1,2
SF,IH2012,2020-06-12 09:34:51.700,2718.6000,5597,0,139254900.000,1,0,1,多换,S,2717.2000,2716.2000,2716.0000,2715.6000,2715.4000,2718.2000,2721.0000,2721.2000,2721.4000,2721.6000,1,1,1,1,1,1,4,1,1,2
SF,IH2012,2020-06-12 09:34:52.200,2718.2000,5597,0,140070360.000,1,0,1,多换,S,2717.2000,2716.2000,2716.0000,2715.6000,2715.4000,2721.0000,2721.2000,2721.4000,2721.6000,2722.0000,1,1,1,1,1,4,1,1,2,12
SF,IH2012,2020-06-12 09:34:52.700,2718.2000,5597,0,140070360.000,0,-,-,-,-,2718.2000,2717.2000,2716.2000,2716.0000,2715.6000,2720.8000,2721.0000,2721.2000,2721.4000,2721.6000,1,1,1,1,1,4,4,1,1,2
SF,IH2012,2020-06-12 09:34:53.200,2718.2000,5597,0,140070360.000,0,-,-,-,-,2717.2000,2716.2000,2716.0000,2715.6000,2714.6000,2720.4000,2720.8000,2721.2000,2721.4000,2721.6000,1,1,1,1,1,4,4,1,1,2
SF,IH2012,2020-06-12 09:34:53.700,2718.2000,5597,0,140070360.000,0,-,-,-,-,2717.2000,2716.2000,2716.0000,2715.6000,2714.6000,2720.2000,2720.4000,2720.8000,2721.2000,2721.4000,1,1,1,1,1,3,4,3,1,1
SF,IH2012,2020-06-12 09:34:54.200,2718.2000,5597,0,140070360.000,0,-,-,-,-,2717.2000,2716.2000,2716.0000,2715.6000,2714.6000,2719.2000,2720.0000,2720.2000,2720.8000,2721.2000,1,1,1,1,1,1,4,3,3,1
SF,IH2012,2020-06-12 09:34:54.700,2718.2000,5597,0,140070360.000,0,-,-,-,-,2717.2000,2716.2000,2716.0000,2715.6000,2714.6000,2719.0000,2719.2000,2720.0000,2720.2000,2720.8000,1,1,1,1,1,1,1,4,2,3
SF,IH2012,2020-06-12 09:34:56.200,2718.2000,5597,0,140070360.000,0,-,-,-,-,2717.2000,2716.2000,2716.0000,2715.6000,2714.6000,2718.8000,2719.0000,2719.2000,2720.0000,2720.2000,1,1,1,1,1,1,1,1,4,2
SF,IH2012,2020-06-12 09:34:57.200,2718.2000,5597,0,140070360.000,0,-,-,-,-,2717.6000,2717.2000,2716.2000,2716.0000,2715.6000,2718.8000,2719.0000,2719.2000,2720.0000,2720.2000,1,1,1,1,1,1,1,1,4,2
SF,IH2012,2020-06-12 09:34:58.200,2718.2000,5597,0,140070360.000,0,-,-,-,-,2717.6000,2717.2000,2716.2000,2716.0000,2715.6000,2718.8000,2719.0000,2719.2000,2720.0000,2720.2000,1,1,1,1,1,1,1,1,4,2
SF,IH2012,2020-06-12 09:34:59.700,2718.2000,5597,0,140070360.000,0,-,-,-,-,2717.6000,2717.2000,2716.2000,2716.0000,2715.6000,2718.8000,2719.0000,2719.2000,2720.0000,2720.2000,1,1,1,1,1,1,1,1,4,2
SF,IH2012,2020-06-12 09:35:00.700,2717.6000,5598,1,140885640.000,1,1,0,双开,S,2717.2000,2716.2000,2716.0000,2715.6000,2714.6000,2718.8000,2719.0000,2719.2000,2720.0000,2720.2000,1,1,1,1,1,1,1,1,4,2
SF,IH2012,2020-06-12 09:35:01.200,2717.6000,5598,0,140885640.000,0,-,-,-,-,2717.2000,2716.2000,2716.0000,2715.6000,2714.6000,2718.8000,2719.0000,2719.2000,2720.2000,2720.8000,1,1,1,1,1,1,1,1,2,1
SF,IH2012,2020-06-12 09:35:02.700,2717.6000,5598,0,140885640.000,0,-,-,-,-,2717.2000,2716.2000,2716.0000,2715.6000,2714.6000,2718.6000,2718.8000,2719.0000,2719.2000,2720.2000,1,1,1,1,1,1,1,1,1,2
SF,IH2012,2020-06-12 09:35:04.200,2717.2000,5598,0,141700800.000,1,0,1,多换,S,2716.2000,2716.0000,2715.6000,2714.6000,2714.0000,2717.2000,2718.6000,2718.8000,2719.0000,2719.2000,1,1,1,1,1,1,1,1,1,1
SF,IH2012,2020-06-12 09:35:04.700,2717.2000,5598,0,141700800.000,0,-,-,-,-,2717.4000,2716.4000,2716.2000,2716.0000,2715.6000,2718.8000,2719.0000,2719.2000,2720.2000,2720.8000,1,1,1,1,1,1,1,1,2,1
SF,IH2012,2020-06-12 09:35:05.200,2717.2000,5598,0,141700800.000,0,-,-,-,-,2716.4000,2716.2000,2716.0000,2715.6000,2714.6000,2718.8000,2719.0000,2719.2000,2720.2000,2720.8000,1,1,1,1,1,1,1,1,2,1
SF,IH2012,2020-06-12 09:35:05.700,2717.2000,5598,0,141700800.000,0,-,-,-,-,2716.2000,2716.0000,2715.6000,2714.8000,2714.6000,2718.6000,2718.8000,2719.2000,2720.2000,2720.8000,1,1,1,1,1,2,1,1,2,1
SF,IH2012,2020-06-12 09:35:06.200,2717.2000,5598,0,141700800.000,0,-,-,-,-,2716.2000,2716.0000,2715.6000,2714.8000,2714.6000,2718.6000,2719.2000,2720.2000,2720.8000,2721.2000,1,1,1,1,1,2,1,2,1,1
SF,IH2012,2020-06-12 09:35:07.700,2717.2000,5598,0,141700800.000,0,-,-,-,-,2716.2000,2716.0000,2715.6000,2714.8000,2714.6000,2717.4000,2718.6000,2719.2000,2720.2000,2720.8000,1,1,1,1,1,1,2,1,2,1
SF,IH2012,2020-06-12 09:35:08.200,2717.4000,5598,0,142516020.000,1,0,1,多换,S,2716.2000,2716.0000,2715.6000,2714.8000,2714.6000,2718.6000,2720.2000,2720.8000,2721.2000,2721.4000,1,1,1,1,1,1,2,1,1,1
SF,IH2012,2020-06-12 09:35:08.700,2717.4000,5598,0,142516020.000,0,-,-,-,-,2716.2000,2716.0000,2715.6000,2714.8000,2714.6000,2718.6000,2720.2000,2720.8000,2721.2000,2721.4000,1,1,1,1,1,2,2,1,1,1
SF,IH2012,2020-06-12 09:35:09.200,2717.4000,5598,0,142516020.000,0,-,-,-,-,2716.2000,2716.0000,2715.6000,2714.8000,2714.6000,2718.4000,2718.6000,2720.2000,2720.8000,2721.2000,1,1,1,1,1,1,2,2,1,1
SF,IH2012,2020-06-12 09:35:09.700,2717.4000,5598,0,142516020.000,0,-,-,-,-,2716.2000,2716.0000,2715.6000,2714.8000,2714.6000,2718.2000,2718.4000,2718.6000,2720.2000,2720.8000,1,1,1,1,1,1,1,1,2,1
SF,IH2012,2020-06-12 09:35:10.700,2717.4000,5598,0,142516020.000,0,-,-,-,-,2716.2000,2716.0000,2715.6000,2714.8000,2714.6000,2717.8000,2718.0000,2718.2000,2718.4000,2718.6000,1,1,1,1,1,1,1,1,1,1
SF,IH2012,2020-06-12 09:35:12.200,2717.8000,5597,-1,143331360.000,1,0,1,双平,S,2716.2000,2716.0000,2715.6000,2714.8000,2714.6000,2718.0000,2718.2000,2718.6000,2720.2000,2720.8000,1,1,1,1,1,1,1,1,2,1
SF,IH2012,2020-06-12 09:35:12.700,2717.8000,5596,-1,144146700.000,1,0,1,双平,S,2716.4000,2716.2000,2716.0000,2715.6000,2714.8000,2718.0000,2718.6000,2720.2000,2720.8000,2721.2000,1,1,1,1,1,1,1,2,1,1
SF,IH2012,2020-06-12 09:35:14.700,2717.8000,5596,0,144146700.000,0,-,-,-,-,2716.4000,2716.2000,2716.0000,2715.6000,2714.8000,2718.0000,2718.6000,2720.2000,2720.8000,2721.2000,1,1,1,1,1,1,1,2,1,1
SF,IH2012,2020-06-12 09:35:15.200,2717.8000,5596,0,144146700.000,0,-,-,-,-,2716.2000,2716.0000,2715.6000,2714.8000,2714.6000,2718.0000,2718.6000,2720.2000,2720.8000,2721.2000,1,2,1,1,1,1,1,2,1,1
SF,IH2012,2020-06-12 09:35:15.700,2717.8000,5596,0,144146700.000,0,-,-,-,-,2716.2000,2716.0000,2715.6000,2714.8000,2714.6000,2716.4000,2717.6000,2717.8000,2718.0000,2718.6000,1,2,1,1,1,1,4,2,1,1
SF,IH2012,2020-06-12 09:35:16.200,2716.4000,5595,-1,144961620.000,1,0,1,双平,S,2716.2000,2716.0000,2715.6000,2714.8000,2714.6000,2717.6000,2717.8000,2718.0000,2718.6000,2720.2000,1,2,1,1,1,1,2,2,1,2
SF,IH2012,2020-06-12 09:35:16.700,2716.4000,5595,0,144961620.000,0,-,-,-,-,2716.0000,2715.6000,2714.8000,2714.6000,2714.0000,2716.2000,2717.4000,2717.6000,2717.8000,2718.0000,2,1,1,1,1,1,1,1,2,2
SF,IH2012,2020-06-12 09:35:17.200,2716.2000,5595,0,145776480.000,1,0,1,多换,S,2716.2000,2716.0000,2715.6000,2714.8000,2714.6000,2717.4000,2717.8000,2718.0000,2718.6000,2720.2000,2,2,1,1,1,1,2,2,1,2
SF,IH2012,2020-06-12 09:35:17.700,2716.2000,5595,0,146591340.000,1,0,1,多换,S,2716.2000,2716.0000,2715.6000,2714.8000,2714.6000,2717.4000,2717.8000,2718.0000,2718.6000,2718.8000,1,2,1,1,1,1,2,2,1,1
SF,IH2012,2020-06-12 09:35:18.200,2716.2000,5595,0,146591340.000,0,-,-,-,-,2716.2000,2716.0000,2715.6000,2714.8000,2714.6000,2717.4000,2717.8000,2718.0000,2718.6000,2718.8000,1,2,1,1,1,1,2,2,1,1
SF,IH2012,2020-06-12 09:35:18.700,2716.2000,5596,1,147406200.000,1,1,0,双开,S,2716.0000,2715.6000,2714.8000,2714.6000,2714.0000,2717.4000,2717.8000,2718.0000,2718.6000,2718.8000,2,1,1,1,1,1,2,2,1,1
SF,IH2012,2020-06-12 09:35:19.200,2716.2000,5596,0,147406200.000,0,-,-,-,-,2716.0000,2715.6000,2714.8000,2714.6000,2714.0000,2716.2000,2717.4000,2717.8000,2718.0000,2718.6000,2,1,1,1,1,1,1,2,2,1
SF,IH2012,2020-06-12 09:35:19.700,2716.2000,5596,0,147406200.000,0,-,-,-,-,2716.0000,2715.6000,2714.8000,2714.6000,2714.0000,2716.2000,2717.4000,2717.8000,2718.0000,2718.6000,2,1,1,1,1,1,1,1,2,1
SF,IH2012,2020-06-12 09:35:20.200,2716.0000,5597,1,148221000.000,1,1,0,双开,S,2716.0000,2715.6000,2714.8000,2714.6000,2714.0000,2716.2000,2717.4000,2717.8000,2718.0000,2718.6000,1,1,1,1,1,1,1,1,2,1
SF,IH2012,2020-06-12 09:35:20.700,2716.0000,5597,0,148221000.000,0,-,-,-,-,2716.0000,2715.6000,2714.8000,2714.6000,2714.0000,2717.8000,2718.0000,2718.6000,2720.2000,2720.8000,1,1,1,1,2,1,2,1,2,1
SF,IH2012,2020-06-12 09:35:21.200,2716.0000,5597,0,149035800.000,1,0,1,多换,S,2715.6000,2714.8000,2714.6000,2714.0000,2713.6000,2716.0000,2717.6000,2717.8000,2718.0000,2718.6000,1,1,1,2,1,1,1,1,2,1
SF,IH2012,2020-06-12 09:35:21.700,2716.0000,5597,0,149035800.000,0,-,-,-,-,2715.6000,2714.8000,2714.6000,2714.0000,2713.6000,2716.0000,2717.4000,2717.6000,2717.8000,2718.0000,1,1,1,2,1,2,4,3,1,2
SF,IH2012,2020-06-12 09:35:22.200,2717.6000,5599,2,156371280.000,9,5,4,空开,S,2714.8000,2714.6000,2714.0000,2713.6000,2710.0000,2717.6000,2717.8000,2718.0000,2718.6000,2719.0000,1,1,2,1,4,2,1,2,1,1
SF,IH2012,2020-06-12 09:35:22.700,2717.6000,5599,0,156371280.000,0,-,-,-,-,2714.8000,2714.6000,2714.0000,2713.6000,2710.0000,2717.4000,2717.6000,2718.0000,2718.6000,2719.0000,1,1,2,1,4,1,2,2,1,1
SF,IH2012,2020-06-12 09:35:23.200,2717.6000,5599,0,156371280.000,0,-,-,-,-,2715.0000,2714.8000,2714.6000,2714.0000,2713.6000,2717.4000,2717.6000,2718.0000,2718.6000,2719.0000,1,1,1,2,1,1,2,1,1,1
SF,IH2012,2020-06-12 09:35:23.700,2717.6000,5599,0,156371280.000,0,-,-,-,-,2715.0000,2714.8000,2714.6000,2714.0000,2713.6000,2717.0000,2717.4000,2717.6000,2718.0000,2718.6000,1,1,1,2,1,1,1,2,1,1
SF,IH2012,2020-06-12 09:35:24.200,2717.6000,5599,0,156371280.000,0,-,-,-,-,2714.8000,2714.6000,2714.0000,2713.6000,2710.0000,2716.8000,2717.0000,2717.6000,2718.0000,2718.6000,1,1,2,1,4,1,1,2,1,1
SF,IH2012,2020-06-12 09:35:24.700,2717.6000,5599,0,156371280.000,0,-,-,-,-,2714.8000,2714.6000,2714.0000,2713.6000,2710.0000,2716.8000,2717.0000,2717.6000,2718.0000,2718.6000,1,1,2,1,4,1,2,2,1,1
SF,IH2012,2020-06-12 09:35:25.200,2717.6000,5599,0,156371280.000,0,-,-,-,-,2714.8000,2714.6000,2714.0000,2713.6000,2710.0000,2716.8000,2717.0000,2717.4000,2717.6000,2718.0000,1,1,2,1,4,1,2,1,2,1
SF,IH2012,2020-06-12 09:35:26.700,2717.6000,5599,0,156371280.000,0,-,-,-,-,2715.2000,2714.8000,2714.6000,2714.0000,2713.6000,2716.6000,2716.8000,2717.0000,2717.4000,2717.6000,1,1,1,2,1,2,1,2,1,2
SF,IH2012,2020-06-12 09:35:27.200,2717.6000,5599,0,156371280.000,0,-,-,-,-,2715.2000,2714.8000,2714.6000,2714.0000,2713.6000,2716.4000,2716.6000,2716.8000,2717.0000,2717.4000,1,1,1,2,1,1,2,1,2,1
SF,IH2012,2020-06-12 09:35:27.700,2715.2000,5599,0,157185840.000,1,0,1,多换,S,2714.8000,2714.6000,2714.0000,2713.6000,2710.0000,2715.2000,2716.4000,2716.6000,2716.8000,2717.0000,1,1,2,1,4,1,2,2,1,2
SF,IH2012,2020-06-12 09:35:28.200,2715.2000,5599,0,157185840.000,0,-,-,-,-,2714.8000,2714.6000,2714.0000,2713.6000,2710.0000,2715.2000,2716.4000,2716.6000,2716.8000,2717.0000,1,1,2,1,4,1,1,1,1,2
SF,IH2012,2020-06-12 09:35:29.700,2715.2000,5599,0,158000400.000,1,0,1,多换,S,2714.8000,2714.6000,2714.0000,2713.6000,2710.0000,2716.4000,2716.6000,2716.8000,2717.0000,2717.4000,1,1,2,1,4,1,1,1,2,1
SF,IH2012,2020-06-12 09:35:30.200,2715.2000,5599,0,158000400.000,0,-,-,-,-,2714.8000,2714.6000,2714.0000,2713.6000,2710.0000,2716.4000,2716.8000,2717.0000,2717.4000,2717.6000,1,1,2,1,4,1,1,2,1,2
SF,IH2012,2020-06-12 09:35:30.700,2715.2000,5599,0,158000400.000,0,-,-,-,-,2714.8000,2714.6000,2714.0000,2713.6000,2710.0000,2716.2000,2716.4000,2717.0000,2717.4000,2717.6000,1,1,2,1,4,1,1,2,1,2
SF,IH2012,2020-06-12 09:35:31.200,2714.8000,5599,0,158814840.000,1,0,1,多换,S,2714.6000,2714.0000,2713.6000,2712.6000,2710.0000,2716.2000,2717.0000,2717.4000,2717.6000,2718.6000,1,2,1,1,4,1,2,1,2,1
SF,IH2012,2020-06-12 09:35:31.700,2714.8000,5599,0,158814840.000,0,-,-,-,-,2714.8000,2714.6000,2714.0000,2713.6000,2712.6000,2717.0000,2717.4000,2717.6000,2720.2000,2720.8000,1,1,2,1,1,2,1,2,2,1
SF,IH2012,2020-06-12 09:35:32.200,2714.8000,5599,0,158814840.000,0,-,-,-,-,2715.0000,2714.8000,2714.6000,2714.0000,2713.6000,2717.0000,2717.4000,2717.6000,2720.2000,2720.8000,1,2,1,2,1,4,1,2,2,1
SF,IH2012,2020-06-12 09:35:32.700,2714.8000,5599,0,158814840.000,0,-,-,-,-,2715.2000,2715.0000,2714.8000,2714.6000,2714.0000,2717.0000,2717.4000,2720.2000,2720.8000,2721.2000,2,1,1,1,2,3,1,2,1,1
SF,IH2012,2020-06-12 09:35:33.200,2714.8000,5599,0,158814840.000,0,-,-,-,-,2715.4000,2715.2000,2714.8000,2714.6000,2714.0000,2717.0000,2717.4000,2720.2000,2720.8000,2721.2000,1,3,1,1,2,3,1,2,1,1
SF,IH2012,2020-06-12 09:35:35.200,2714.8000,5599,0,158814840.000,0,-,-,-,-,2715.4000,2715.2000,2714.8000,2714.6000,2714.0000,2717.0000,2717.4000,2720.2000,2720.8000,2721.2000,1,3,1,1,2,1,1,2,1,1
SF,IH2012,2020-06-12 09:35:35.700,2715.2000,5598,-1,159629400.000,1,0,1,双平,S,2714.6000,2714.0000,2713.6000,2710.0000,2709.8000,2715.4000,2716.8000,2717.0000,2717.4000,2720.2000,1,2,1,4,1,1,2,1,1,2
SF,IH2012,2020-06-12 09:35:36.200,2715.2000,5598,0,159629400.000,0,-,-,-,-,2714.6000,2714.0000,2713.6000,2710.0000,2709.8000,2715.4000,2716.8000,2717.0000,2717.4000,2720.2000,1,2,1,4,1,2,3,2,1,2
SF,IH2012,2020-06-12 09:35:36.700,2715.2000,5598,0,159629400.000,0,-,-,-,-,2714.6000,2714.0000,2713.6000,2710.0000,2709.8000,2715.4000,2716.8000,2717.0000,2717.4000,2720.2000,1,2,1,4,1,2,3,2,1,2
SF,IH2012,2020-06-12 09:35:37.200,2714.6000,5598,0,160443780.000,1,0,1,多换,S,2714.8000,2714.0000,2713.6000,2710.0000,2709.8000,2715.4000,2716.8000,2717.0000,2717.4000,2720.2000,1,2,1,4,1,2,4,2,1,2
SF,IH2012,2020-06-12 09:35:37.700,2714.8000,5597,-1,161258220.000,1,0,1,双平,S,2714.0000,2713.6000,2710.0000,2709.8000,2709.4000,2714.8000,2715.2000,2715.4000,2716.8000,2717.0000,2,1,4,1,1,1,1,2,3,2
SF,IH2012,2020-06-12 09:35:38.200,2714.8000,5597,0,161258220.000,0,-,-,-,-,2714.2000,2714.0000,2713.6000,2713.0000,2710.0000,2714.8000,2715.4000,2716.8000,2717.0000,2717.4000,1,2,1,1,4,1,2,2,2,1
SF,IH2012,2020-06-12 09:35:38.700,2714.8000,5597,0,161258220.000,0,-,-,-,-,2714.2000,2714.0000,2713.6000,2713.0000,2712.2000,2715.4000,2716.2000,2716.8000,2717.0000,2718.8000,1,2,1,1,1,2,1,2,2,1
SF,IH2012,2020-06-12 09:35:39.200,2714.8000,5597,0,161258220.000,0,-,-,-,-,2714.2000,2714.0000,2713.6000,2713.0000,2712.2000,2715.4000,2716.2000,2716.8000,2717.0000,2718.8000,1,2,1,1,1,2,1,2,1,1
SF,IH2012,2020-06-12 09:35:39.700,2714.8000,5597,0,161258220.000,0,-,-,-,-,2714.0000,2713.6000,2713.0000,2712.2000,2710.0000,2715.4000,2716.2000,2716.8000,2717.0000,2718.6000,2,1,1,1,4,2,1,2,1,1
SF,IH2012,2020-06-12 09:35:41.700,2714.8000,5597,0,161258220.000,0,-,-,-,-,2714.0000,2713.6000,2713.0000,2712.2000,2710.0000,2715.4000,2716.2000,2716.8000,2717.0000,2718.6000,2,1,1,1,4,1,1,2,1,1
SF,IH2012,2020-06-12 09:35:42.200,2714.8000,5597,0,161258220.000,0,-,-,-,-,2714.0000,2713.6000,2713.0000,2712.2000,2710.0000,2715.4000,2716.2000,2716.8000,2717.0000,2718.6000,2,1,1,1,4,1,1,2,1,1
SF,IH2012,2020-06-12 09:35:42.700,2714.8000,5597,0,161258220.000,0,-,-,-,-,2714.0000,2713.6000,2713.0000,2712.2000,2710.0000,2716.2000,2716.8000,2717.0000,2718.6000,2718.8000,2,1,1,1,6,1,2,1,1,1
SF,IH2012,2020-06-12 09:35:43.200,2714.8000,5597,0,161258220.000,0,-,-,-,-,2714.0000,2713.6000,2713.0000,2712.2000,2710.0000,2716.0000,2716.2000,2716.8000,2717.0000,2718.6000,2,1,1,1,6,2,1,2,1,1
SF,IH2012,2020-06-12 09:35:44.200,2714.8000,5597,0,161258220.000,0,-,-,-,-,2714.2000,2714.0000,2713.6000,2713.0000,2712.2000,2716.0000,2716.2000,2716.8000,2717.0000,2718.6000,1,2,1,1,1,2,1,2,1,1
