市场代码,合约代码,时间,最新,持仓,增仓,成交额,成交量,开仓,平仓,成交类型,方向,买一价,买二价,买三价,买四价,买五价,卖一价,卖二价,卖三价,卖四价,卖五价,买一量,买二量,买三量,买四量,买五量,卖一量,卖二量,卖三量,卖四量,卖五量
SF,IH2012,2020-10-20 09:29:00.200,3315.2000,34053,0,97466880.000,98.000,-,-,-,-,3314.2000,3313.0000,3312.8000,3311.0000,3310.8000,3322.0000,3324.6000,3325.0000,3328.0000,3328.6000,4,1,1,6,2,1,1,4,1,1
SF,IH2012,2020-10-20 09:30:00.200,3324.6000,34054,1,101454060.000,4,2,2,空开,S,3324.2000,3323.0000,3322.8000,3322.2000,3322.0000,3325.0000,3326.6000,3328.0000,3328.6000,3332.0000,1,1,1,5,6,4,1,1,1,1
SF,IH2012,2020-10-20 09:30:00.700,3324.6000,34040,-14,116417100.000,15,0,15,多平,S,3324.6000,3324.4000,3324.2000,3323.4000,3323.0000,3328.0000,3328.6000,3332.0000,3332.6000,3333.0000,5,9,2,2,1,1,1,1,1,1
SF,IH2012,2020-10-20 09:30:01.200,3324.6000,34039,-1,117414480.000,1,0,1,双平,S,3325.0000,3324.8000,3324.6000,3324.4000,3324.2000,3327.8000,3328.0000,3328.6000,3332.0000,3332.6000,3,6,5,3,1,1,1,1,1,1
SF,IH2012,2020-10-20 09:30:01.700,3324.6000,34039,0,117414480.000,0,-,-,-,-,3325.6000,3325.4000,3325.2000,3325.0000,3324.8000,3325.8000,3327.6000,3327.8000,3328.0000,3328.6000,3,5,8,1,1,1,1,1,1,1
SF,IH2012,2020-10-20 09:30:02.200,3325.8000,34034,-5,124398480.000,7,1,6,多平,S,3326.0000,3325.8000,3325.6000,3325.4000,3325.2000,3327.8000,3328.0000,3328.6000,3332.0000,3332.6000,3,11,3,1,1,1,1,1,1,1
SF,IH2012,2020-10-20 09:30:02.700,3327.6000,34032,-2,132382800.000,8,3,5,多平,S,3327.8000,3326.2000,3326.0000,3325.8000,3325.6000,3328.0000,3328.6000,3332.0000,3332.6000,3333.0000,1,7,3,2,3,1,1,1,1,1
SF,IH2012,2020-10-20 09:30:03.200,3327.8000,34030,-2,134379540.000,2,0,2,双平,S,3328.2000,3328.0000,3326.2000,3325.8000,3325.4000,3328.6000,3332.0000,3332.6000,3333.0000,3334.0000,3,5,3,1,1,1,1,1,1,1
SF,IH2012,2020-10-20 09:30:03.700,3332.0000,34028,-2,136377720.000,2,0,2,双平,S,3329.0000,3328.6000,3328.4000,3328.2000,3328.0000,3332.6000,3333.0000,3337.8000,3339.0000,3340.2000,2,5,5,3,1,1,1,1,1,5
SF,IH2012,2020-10-20 09:30:04.200,3329.4000,34027,-1,137376540.000,1,0,1,双平,S,3329.4000,3329.2000,3329.0000,3328.6000,3328.4000,3331.2000,3331.8000,3332.0000,3332.2000,3332.4000,2,6,5,1,1,1,1,1,1,2
SF,IH2012,2020-10-20 09:30:04.700,3329.4000,34027,0,137376540.000,0,-,-,-,-,3329.8000,3329.6000,3329.4000,3329.0000,3328.4000,3331.0000,3331.2000,3331.8000,3332.2000,3332.6000,1,5,3,5,1,4,1,1,1,1
SF,IH2012,2020-10-20 09:30:05.200,3331.0000,34024,-3,141373500.000,4,0,4,多平,S,3330.0000,3329.8000,3329.6000,3329.4000,3329.0000,3331.8000,3332.2000,3332.6000,3333.0000,3336.8000,4,1,2,2,2,1,1,1,1,1
SF,IH2012,2020-10-20 09:30:05.700,3331.0000,34024,0,141373500.000,0,-,-,-,-,3330.4000,3330.2000,3330.0000,3329.8000,3329.6000,3331.4000,3331.8000,3332.2000,3332.6000,3333.0000,1,2,4,1,1,1,1,1,1,1
SF,IH2012,2020-10-20 09:30:06.200,3331.0000,34024,0,141373500.000,0,-,-,-,-,3330.6000,3330.4000,3329.6000,3329.4000,3329.0000,3331.8000,3332.2000,3332.6000,3333.0000,3336.8000,5,4,1,1,2,1,1,1,1,1
SF,IH2012,2020-10-20 09:30:06.700,3330.6000,34022,-2,146370420.000,5,1,4,多平,S,3330.6000,3330.4000,3329.6000,3329.4000,3329.0000,3331.8000,3332.6000,3333.0000,3339.0000,3340.2000,4,3,1,1,2,1,1,1,1,5
SF,IH2012,2020-10-20 09:30:07.200,3330.6000,34022,0,146370420.000,0,-,-,-,-,3331.0000,3330.8000,3330.6000,3330.4000,3329.6000,3331.6000,3331.8000,3332.6000,3333.0000,3339.0000,1,1,5,3,1,1,1,1,1,1
SF,IH2012,2020-10-20 09:30:07.700,3331.0000,34019,-3,149368080.000,3,0,3,双平,S,3331.2000,3331.0000,3330.8000,3330.4000,3329.6000,3331.6000,3332.6000,3333.0000,3335.0000,3339.0000,1,2,1,3,1,1,1,1,1,1
SF,IH2012,2020-10-20 09:30:08.200,3331.2000,34017,-2,151366920.000,2,0,2,双平,S,3331.0000,3329.4000,3329.0000,3327.8000,3326.2000,3332.6000,3333.0000,3335.0000,3339.0000,3340.2000,2,1,2,1,1,1,1,1,1,5
SF,IH2012,2020-10-20 09:30:08.700,3329.4000,34015,-2,156363120.000,5,1,4,多平,S,3329.0000,3327.8000,3326.2000,3325.8000,3325.4000,3331.0000,3332.2000,3332.6000,3333.0000,3335.0000,2,1,1,1,1,1,1,1,1,1
SF,IH2012,2020-10-20 09:30:09.200,3330.2000,34014,-1,160360320.000,4,1,3,多平,S,3329.4000,3329.2000,3329.0000,3327.8000,3326.2000,3332.4000,3332.6000,3333.0000,3335.0000,3339.0000,4,4,6,1,1,1,1,1,1,1
SF,IH2012,2020-10-20 09:30:09.700,3330.8000,34012,-2,163357320.000,3,0,3,多平,S,3329.6000,3329.2000,3329.0000,3327.8000,3326.2000,3331.8000,3332.2000,3332.6000,3333.0000,3335.0000,1,1,6,1,1,1,2,1,1,1
SF,IH2012,2020-10-20 09:30:10.200,3329.2000,34011,-1,164356080.000,1,0,1,双平,S,3329.0000,3327.8000,3326.2000,3325.8000,3325.4000,3331.4000,3331.6000,3331.8000,3332.0000,3332.2000,3,1,1,1,1,1,4,1,1,1
SF,IH2012,2020-10-20 09:30:10.700,3329.2000,34011,0,164356080.000,0,-,-,-,-,3329.0000,3327.8000,3326.2000,3325.8000,3325.4000,3329.4000,3331.2000,3331.4000,3331.6000,3331.8000,4,1,1,2,1,1,3,2,1,1
SF,IH2012,2020-10-20 09:30:11.200,3331.2000,34010,-1,166354260.000,2,0,2,多平,S,3330.0000,3329.4000,3329.0000,3327.8000,3326.2000,3331.2000,3331.4000,3331.6000,3332.0000,3332.2000,1,6,7,1,1,2,1,1,1,1
SF,IH2012,2020-10-20 09:30:11.700,3330.0000,34009,-1,167353260.000,1,0,1,双平,S,3329.4000,3329.0000,3327.8000,3326.2000,3325.8000,3329.6000,3330.0000,3331.0000,3331.2000,3331.4000,1,6,1,1,2,2,2,1,1,1
SF,IH2012,2020-10-20 09:30:12.200,3329.6000,34005,-4,171348540.000,4,0,4,双平,S,3329.0000,3327.8000,3326.2000,3325.8000,3325.4000,3330.0000,3331.0000,3331.2000,3331.4000,3332.0000,2,1,1,2,1,2,2,1,1,1
SF,IH2012,2020-10-20 09:30:12.700,3329.0000,34004,-1,172347240.000,1,0,1,双平,S,3327.8000,3326.2000,3325.8000,3325.4000,3325.2000,3330.0000,3331.0000,3331.2000,3331.4000,3332.0000,1,1,2,1,1,2,2,1,1,1
SF,IH2012,2020-10-20 09:30:13.200,3329.0000,34004,0,172347240.000,0,-,-,-,-,3328.6000,3328.2000,3328.0000,3327.8000,3327.2000,3329.8000,3330.0000,3331.0000,3331.4000,3332.0000,3,1,1,3,2,3,2,1,1,1
SF,IH2012,2020-10-20 09:30:13.700,3329.0000,34004,0,172347240.000,0,-,-,-,-,3328.6000,3328.2000,3328.0000,3327.8000,3327.2000,3329.8000,3330.0000,3331.0000,3331.4000,3332.0000,3,1,1,3,2,2,2,1,1,1
SF,IH2012,2020-10-20 09:30:14.200,3329.0000,34004,0,172347240.000,0,-,-,-,-,3328.8000,3328.6000,3328.2000,3328.0000,3327.2000,3329.8000,3330.0000,3331.0000,3331.4000,3332.0000,1,3,1,1,2,2,2,1,1,1
SF,IH2012,2020-10-20 09:30:14.700,3328.6000,34001,-3,175343040.000,3,0,3,双平,S,3328.6000,3328.2000,3328.0000,3327.2000,3327.0000,3328.8000,3329.8000,3330.0000,3331.0000,3331.4000,1,1,1,2,2,1,2,2,1,1
SF,IH2012,2020-10-20 09:30:15.200,3331.0000,33989,-12,188327220.000,13,0,13,多平,S,3331.2000,3327.0000,3326.2000,3325.8000,3325.4000,3331.4000,3332.0000,3332.2000,3332.6000,3333.0000,12,2,1,2,1,1,1,1,1,1
SF,IH2012,2020-10-20 09:30:15.700,3331.2000,33977,-12,200319360.000,12,0,12,双平,S,3327.0000,3326.2000,3325.8000,3325.4000,3325.2000,3330.4000,3330.6000,3330.8000,3331.0000,3331.2000,2,1,2,1,1,1,2,7,5,13
SF,IH2012,2020-10-20 09:30:16.200,3331.2000,33977,0,200319360.000,0,-,-,-,-,3327.4000,3327.2000,3327.0000,3326.2000,3325.8000,3329.8000,3330.2000,3330.4000,3330.6000,3330.8000,1,1,1,1,1,1,5,1,1,5
SF,IH2012,2020-10-20 09:30:16.700,3329.6000,33975,-2,203315400.000,3,0,3,多平,S,3327.6000,3327.4000,3327.0000,3326.2000,3325.8000,3329.6000,3329.8000,3330.2000,3330.4000,3330.6000,4,1,1,1,1,1,2,2,1,1
SF,IH2012,2020-10-20 09:30:17.200,3329.8000,33970,-5,208309920.000,5,0,5,双平,S,3329.8000,3327.8000,3327.6000,3327.4000,3327.0000,3330.2000,3330.4000,3330.6000,3330.8000,3331.0000,15,2,4,1,1,1,1,1,5,5
SF,IH2012,2020-10-20 09:30:17.700,3329.8000,33955,-15,223294020.000,15,0,15,双平,S,3327.6000,3327.0000,3326.2000,3325.8000,3325.4000,3329.8000,3330.6000,3330.8000,3331.0000,3331.2000,4,1,1,1,1,2,1,1,5,8
SF,IH2012,2020-10-20 09:30:18.200,3329.8000,33955,0,223294020.000,0,-,-,-,-,3328.0000,3327.6000,3327.0000,3326.2000,3325.4000,3330.6000,3330.8000,3331.0000,3331.2000,3331.8000,1,4,1,1,1,1,1,5,8,1
SF,IH2012,2020-10-20 09:30:18.700,3329.8000,33955,0,223294020.000,0,-,-,-,-,3328.2000,3328.0000,3327.6000,3327.0000,3326.2000,3329.4000,3330.2000,3330.4000,3330.6000,3330.8000,2,1,2,1,1,1,1,8,1,1
SF,IH2012,2020-10-20 09:30:19.200,3329.8000,33955,0,223294020.000,0,-,-,-,-,3328.4000,3328.2000,3328.0000,3327.6000,3327.0000,3329.4000,3330.4000,3330.6000,3330.8000,3331.0000,1,1,1,2,1,1,1,1,1,1
SF,IH2012,2020-10-20 09:30:19.700,3328.6000,33952,-3,226290000.000,3,0,3,双平,S,3328.0000,3327.6000,3327.0000,3326.2000,3325.4000,3329.4000,3330.4000,3330.6000,3330.8000,3331.0000,1,2,1,1,1,1,1,1,1,2
SF,IH2012,2020-10-20 09:30:20.200,3328.6000,33952,0,226290000.000,0,-,-,-,-,3328.2000,3327.6000,3327.0000,3326.8000,3326.2000,3329.4000,3330.6000,3330.8000,3331.0000,3331.2000,2,2,1,4,1,1,1,1,2,3
SF,IH2012,2020-10-20 09:30:20.700,3329.4000,33951,-1,227288820.000,1,0,1,双平,S,3329.8000,3328.2000,3327.0000,3326.8000,3326.2000,3330.6000,3330.8000,3331.0000,3331.2000,3331.8000,8,2,1,4,1,1,1,3,3,1
SF,IH2012,2020-10-20 09:30:21.200,3329.8000,33946,-5,232283520.000,5,0,5,双平,S,3329.8000,3327.0000,3326.2000,3325.4000,3325.2000,3330.6000,3330.8000,3331.0000,3331.2000,3331.8000,3,1,1,1,3,1,1,3,3,1
SF,IH2012,2020-10-20 09:30:21.700,3329.8000,33943,-3,235280340.000,3,0,3,双平,S,3327.0000,3326.2000,3325.4000,3325.2000,3323.4000,3330.2000,3330.6000,3330.8000,3331.0000,3331.2000,1,1,1,3,2,1,1,1,3,3
SF,IH2012,2020-10-20 09:30:22.200,3327.6000,33943,0,236278620.000,1,0,1,多换,S,3327.4000,3327.2000,3327.0000,3326.2000,3325.4000,3329.8000,3330.0000,3330.2000,3330.6000,3330.8000,1,3,1,1,1,1,1,1,1,1
SF,IH2012,2020-10-20 09:30:22.700,3329.8000,33943,0,237277560.000,1,0,1,多换,S,3327.8000,3327.6000,3327.2000,3327.0000,3326.2000,3330.0000,3330.2000,3330.6000,3330.8000,3331.0000,3,3,1,1,1,1,1,1,1,3
SF,IH2012,2020-10-20 09:30:23.200,3329.8000,33943,0,237277560.000,0,-,-,-,-,3328.8000,3328.0000,3327.0000,3326.2000,3326.0000,3329.8000,3330.0000,3330.2000,3330.6000,3330.8000,1,2,1,1,4,1,1,1,1,1
SF,IH2012,2020-10-20 09:30:23.700,3329.8000,33942,-1,238276500.000,1,0,1,双平,S,3328.8000,3328.0000,3327.0000,3326.2000,3326.0000,3329.6000,3329.8000,3330.0000,3330.2000,3330.6000,1,1,1,1,4,1,1,1,1,1
SF,IH2012,2020-10-20 09:30:24.200,3329.8000,33941,-1,239275440.000,1,0,1,双平,S,3328.8000,3328.0000,3327.0000,3326.2000,3326.0000,3329.8000,3330.0000,3330.2000,3330.6000,3330.8000,1,1,2,1,4,1,1,1,1,1
SF,IH2012,2020-10-20 09:30:24.700,3329.8000,33940,-1,240274380.000,1,0,1,双平,S,3328.8000,3328.0000,3327.0000,3326.2000,3326.0000,3330.0000,3330.2000,3330.6000,3330.8000,3331.0000,1,1,2,1,4,1,1,1,1,4
SF,IH2012,2020-10-20 09:30:25.200,3329.8000,33940,0,240274380.000,0,-,-,-,-,3328.8000,3328.0000,3327.0000,3326.2000,3326.0000,3330.0000,3330.2000,3330.6000,3330.8000,3331.0000,1,1,2,1,4,1,1,1,1,4
SF,IH2012,2020-10-20 09:30:25.700,3328.8000,33938,-2,242271720.000,2,0,2,双平,S,3328.0000,3327.0000,3326.2000,3326.0000,3325.4000,3330.0000,3330.2000,3330.6000,3330.8000,3331.0000,1,2,1,4,1,1,1,1,1,4
SF,IH2012,2020-10-20 09:30:26.200,3328.8000,33938,0,242271720.000,0,-,-,-,-,3328.2000,3328.0000,3327.0000,3326.2000,3326.0000,3328.8000,3329.8000,3330.2000,3330.6000,3330.8000,3,1,2,1,4,1,1,1,1,1
SF,IH2012,2020-10-20 09:30:26.700,3328.8000,33937,-1,243270360.000,1,0,1,双平,S,3329.4000,3328.8000,3328.2000,3327.0000,3326.2000,3330.6000,3330.8000,3331.0000,3331.2000,3331.8000,2,2,1,2,1,1,1,4,2,1
SF,IH2012,2020-10-20 09:30:27.200,3328.8000,33937,0,243270360.000,0,-,-,-,-,3329.4000,3328.8000,3328.2000,3327.0000,3326.2000,3330.4000,3330.6000,3330.8000,3331.0000,3331.2000,2,1,1,2,1,1,1,1,4,2
SF,IH2012,2020-10-20 09:30:27.700,3328.8000,33936,-1,244269000.000,1,0,1,双平,S,3329.4000,3328.8000,3328.2000,3327.0000,3326.2000,3330.4000,3330.6000,3330.8000,3331.0000,3331.2000,1,1,1,2,1,1,1,1,4,2
SF,IH2012,2020-10-20 09:30:28.200,3328.8000,33936,0,244269000.000,0,-,-,-,-,3329.4000,3328.8000,3328.2000,3327.0000,3326.2000,3330.6000,3330.8000,3331.0000,3331.2000,3331.8000,1,1,1,2,1,1,1,4,2,1
SF,IH2012,2020-10-20 09:30:28.700,3328.8000,33936,0,244269000.000,0,-,-,-,-,3329.4000,3328.8000,3328.2000,3327.0000,3326.2000,3330.6000,3330.8000,3331.0000,3331.2000,3331.8000,1,2,1,2,1,1,1,4,2,1
SF,IH2012,2020-10-20 09:30:30.700,3328.8000,33936,0,244269000.000,0,-,-,-,-,3329.4000,3328.8000,3328.2000,3327.0000,3326.2000,3330.6000,3330.8000,3331.0000,3331.2000,3331.8000,1,2,1,2,1,1,1,4,2,1
SF,IH2012,2020-10-20 09:30:31.200,3328.8000,33936,0,244269000.000,0,-,-,-,-,3329.2000,3328.8000,3328.6000,3328.2000,3327.0000,3330.6000,3330.8000,3331.0000,3331.2000,3331.8000,1,2,4,1,2,1,1,4,2,1
SF,IH2012,2020-10-20 09:30:31.700,3329.2000,33936,0,245267760.000,1,0,1,多换,S,3328.8000,3328.6000,3328.2000,3327.0000,3326.2000,3330.4000,3330.6000,3330.8000,3331.0000,3331.2000,2,4,1,2,1,1,1,1,4,2
SF,IH2012,2020-10-20 09:30:32.200,3329.2000,33936,0,245267760.000,0,-,-,-,-,3329.0000,3328.8000,3328.6000,3328.2000,3327.0000,3330.2000,3330.4000,3330.6000,3330.8000,3331.0000,1,2,4,1,2,1,1,1,1,4
SF,IH2012,2020-10-20 09:30:32.700,3329.2000,33936,0,245267760.000,0,-,-,-,-,3328.8000,3328.6000,3328.2000,3327.0000,3326.2000,3330.4000,3330.6000,3330.8000,3331.0000,3331.2000,2,4,1,2,1,1,1,1,4,2
SF,IH2012,2020-10-20 09:30:33.200,3329.2000,33936,0,245267760.000,0,-,-,-,-,3329.0000,3328.8000,3328.6000,3328.2000,3327.0000,3330.0000,3330.6000,3330.8000,3331.0000,3331.2000,1,2,4,1,2,1,1,1,4,2
SF,IH2012,2020-10-20 09:30:33.700,3329.2000,33936,0,245267760.000,0,-,-,-,-,3329.0000,3328.8000,3328.6000,3328.2000,3327.0000,3329.2000,3330.0000,3330.6000,3330.8000,3331.0000,1,2,4,1,2,1,1,1,1,4
SF,IH2012,2020-10-20 09:30:34.200,3329.2000,33936,0,246266520.000,1,0,1,多换,S,3329.2000,3329.0000,3328.8000,3328.6000,3327.0000,3330.0000,3330.6000,3330.8000,3331.0000,3331.2000,4,1,1,4,2,1,1,1,4,2
SF,IH2012,2020-10-20 09:30:34.700,3330.0000,33935,-1,247265520.000,1,0,1,双平,S,3329.2000,3328.8000,3328.6000,3327.0000,3326.2000,3330.6000,3330.8000,3331.0000,3331.2000,3331.8000,3,1,4,2,1,1,1,4,2,1
SF,IH2012,2020-10-20 09:30:35.200,3330.0000,33935,0,247265520.000,0,-,-,-,-,3329.2000,3328.8000,3328.6000,3327.0000,3326.2000,3330.6000,3330.8000,3331.0000,3331.2000,3331.8000,3,1,4,2,1,1,1,4,2,1
SF,IH2012,2020-10-20 09:30:35.700,3329.2000,33935,0,248264280.000,1,0,1,多换,S,3329.2000,3328.8000,3328.6000,3327.0000,3326.2000,3330.0000,3330.6000,3330.8000,3331.0000,3331.2000,2,1,4,2,1,1,2,1,4,2
SF,IH2012,2020-10-20 09:30:36.200,3329.2000,33935,0,248264280.000,0,-,-,-,-,3329.2000,3328.8000,3328.6000,3327.0000,3326.2000,3330.0000,3330.6000,3330.8000,3331.0000,3331.2000,2,1,4,2,1,1,2,1,3,2
SF,IH2012,2020-10-20 09:30:36.700,3330.0000,33935,0,249263280.000,1,0,1,多换,S,3329.2000,3328.8000,3328.6000,3327.0000,3326.2000,3330.6000,3330.8000,3331.0000,3331.2000,3331.8000,3,1,4,2,1,2,1,3,2,1
SF,IH2012,2020-10-20 09:30:37.200,3330.0000,33935,0,249263280.000,0,-,-,-,-,3329.2000,3329.0000,3328.8000,3328.6000,3327.0000,3330.6000,3330.8000,3331.0000,3331.2000,3331.8000,3,2,1,4,2,2,1,3,2,1
SF,IH2012,2020-10-20 09:30:37.700,3329.2000,33936,1,253258380.000,4,2,2,空开,S,3329.0000,3328.8000,3328.6000,3327.0000,3326.2000,3329.2000,3330.6000,3330.8000,3331.0000,3331.2000,2,1,4,2,1,1,2,1,3,2
SF,IH2012,2020-10-20 09:30:38.200,3330.0000,33936,0,255256140.000,2,1,1,多换,S,3329.4000,3329.2000,3329.0000,3328.8000,3328.6000,3330.6000,3330.8000,3331.0000,3331.2000,3331.8000,1,1,2,1,4,2,1,3,2,1
SF,IH2012,2020-10-20 09:30:38.700,3329.4000,33936,0,256254960.000,1,0,1,多换,S,3329.2000,3329.0000,3328.8000,3328.6000,3327.0000,3329.4000,3330.4000,3330.6000,3330.8000,3331.0000,1,2,1,4,2,1,1,2,1,3
SF,IH2012,2020-10-20 09:30:39.200,3329.4000,33933,-3,260250600.000,4,0,4,多平,S,3329.4000,3329.0000,3328.8000,3328.6000,3327.0000,3330.6000,3330.8000,3331.0000,3331.2000,3331.8000,1,2,1,4,2,1,1,3,2,1
SF,IH2012,2020-10-20 09:30:39.700,3329.0000,33932,-1,262248120.000,2,0,2,多平,S,3329.0000,3328.8000,3328.6000,3327.0000,3326.2000,3329.4000,3330.4000,3330.6000,3330.8000,3331.0000,1,1,4,2,1,1,1,1,1,3
SF,IH2012,2020-10-20 09:30:40.200,3329.4000,33931,-1,263246940.000,1,0,1,双平,S,3329.0000,3328.8000,3328.6000,3327.0000,3326.2000,3330.4000,3330.6000,3330.8000,3331.0000,3331.2000,1,1,4,2,1,3,1,1,3,2
SF,IH2012,2020-10-20 09:30:40.700,3329.4000,33931,0,263246940.000,0,-,-,-,-,3329.0000,3328.8000,3328.6000,3327.0000,3326.2000,3330.4000,3330.6000,3330.8000,3331.0000,3331.2000,1,1,4,2,1,1,1,1,3,2
SF,IH2012,2020-10-20 09:30:41.200,3329.0000,33931,0,264245640.000,1,0,1,多换,S,3328.8000,3328.6000,3327.0000,3326.2000,3326.0000,3330.2000,3330.4000,3330.6000,3330.8000,3331.0000,1,4,2,1,4,2,1,1,1,3
SF,IH2012,2020-10-20 09:30:41.700,3329.0000,33931,0,264245640.000,0,-,-,-,-,3329.4000,3328.8000,3328.6000,3327.0000,3326.2000,3330.0000,3330.2000,3330.6000,3330.8000,3331.0000,1,1,4,2,1,1,2,1,1,3
SF,IH2012,2020-10-20 09:30:42.200,3329.4000,33931,0,265244460.000,1,0,1,多换,S,3328.8000,3328.6000,3327.0000,3326.2000,3326.0000,3329.4000,3329.8000,3330.0000,3330.6000,3330.8000,1,4,2,1,4,21,1,2,1,1
SF,IH2012,2020-10-20 09:30:42.700,3329.2000,33931,0,266243220.000,1,0,1,多换,S,3328.8000,3328.6000,3327.0000,3326.2000,3326.0000,3329.4000,3330.0000,3330.6000,3330.8000,3331.0000,1,4,2,1,4,21,2,1,1,3
SF,IH2012,2020-10-20 09:30:43.200,3329.4000,33931,0,271237320.000,5,2,3,多换,S,3328.8000,3328.6000,3327.0000,3326.2000,3326.0000,3329.2000,3329.4000,3330.0000,3330.6000,3330.8000,1,4,1,1,4,1,16,2,1,1
SF,IH2012,2020-10-20 09:30:43.700,3329.2000,33931,0,272236080.000,1,0,1,多换,S,3328.8000,3328.6000,3327.0000,3326.2000,3326.0000,3329.4000,3330.0000,3330.6000,3330.8000,3331.0000,1,4,1,1,4,16,2,1,1,3
SF,IH2012,2020-10-20 09:30:44.200,3329.2000,33931,0,272236080.000,0,-,-,-,-,3328.8000,3328.6000,3327.0000,3326.2000,3326.0000,3329.4000,3330.0000,3330.6000,3330.8000,3331.0000,1,4,1,1,4,16,2,1,1,3
SF,IH2012,2020-10-20 09:30:44.700,3328.6000,33936,5,277229040.000,5,5,0,双开,S,3327.0000,3326.2000,3326.0000,3325.4000,3325.2000,3328.6000,3330.0000,3330.6000,3330.8000,3331.0000,1,1,4,1,3,12,2,1,1,3
SF,IH2012,2020-10-20 09:30:45.200,3328.6000,33936,0,278227620.000,1,0,1,多换,S,3327.8000,3327.6000,3327.4000,3327.2000,3327.0000,3328.6000,3330.0000,3330.6000,3330.8000,3331.0000,5,3,1,3,4,11,2,1,1,3
SF,IH2012,2020-10-20 09:30:45.700,3328.6000,33936,0,278227620.000,0,-,-,-,-,3328.2000,3328.0000,3327.8000,3327.4000,3327.2000,3328.6000,3330.0000,3330.8000,3331.0000,3331.2000,1,1,2,1,1,11,2,1,3,3
SF,IH2012,2020-10-20 09:30:46.200,3328.2000,33936,0,280224660.000,2,1,1,多换,S,3328.0000,3327.8000,3327.4000,3327.2000,3327.0000,3328.6000,3330.0000,3330.8000,3331.0000,3331.2000,1,2,1,1,4,10,2,1,3,3
SF,IH2012,2020-10-20 09:30:46.700,3328.0000,33936,0,284218800.000,4,2,2,多换,S,3327.8000,3327.4000,3327.2000,3327.0000,3326.2000,3328.6000,3330.0000,3330.8000,3331.0000,3331.2000,2,1,1,4,1,7,2,1,4,3
SF,IH2012,2020-10-20 09:30:47.200,3328.0000,33936,0,284218800.000,0,-,-,-,-,3328.0000,3327.8000,3327.4000,3327.2000,3327.0000,3328.6000,3329.2000,3330.0000,3330.8000,3331.0000,1,2,1,1,4,7,1,2,1,4
SF,IH2012,2020-10-20 09:30:48.200,3328.0000,33936,0,284218800.000,0,-,-,-,-,3328.2000,3328.0000,3327.8000,3327.4000,3327.2000,3328.6000,3329.2000,3330.0000,3330.8000,3331.0000,1,1,2,1,1,7,1,2,1,4
SF,IH2012,2020-10-20 09:30:48.700,3327.8000,33935,-1,292205940.000,8,3,5,多平,S,3327.4000,3327.2000,3327.0000,3326.2000,3326.0000,3328.2000,3329.2000,3330.0000,3330.8000,3331.0000,1,1,3,1,4,1,1,2,1,4
SF,IH2012,2020-10-20 09:30:49.200,3328.2000,33935,0,293204400.000,1,0,1,多换,S,3328.2000,3327.4000,3327.2000,3327.0000,3326.2000,3329.2000,3330.0000,3330.8000,3331.0000,3331.2000,1,1,1,3,1,1,2,1,4,3
SF,IH2012,2020-10-20 09:30:49.700,3328.2000,33934,-1,294202860.000,1,0,1,双平,S,3327.4000,3327.0000,3326.2000,3326.0000,3325.4000,3329.0000,3329.2000,3330.0000,3330.8000,3331.0000,1,4,1,4,1,4,1,1,1,4
SF,IH2012,2020-10-20 09:30:50.200,3328.8000,33933,-1,295201500.000,1,0,1,双平,S,3327.4000,3327.0000,3326.2000,3326.0000,3325.4000,3329.0000,3329.2000,3330.0000,3330.8000,3331.0000,1,4,1,4,1,2,1,1,1,4
SF,IH2012,2020-10-20 09:30:50.700,3329.0000,33933,0,297198840.000,2,1,1,多换,S,3327.8000,3327.6000,3327.4000,3327.0000,3326.2000,3329.0000,3329.2000,3330.0000,3330.8000,3331.0000,3,1,1,1,1,1,1,1,1,4
SF,IH2012,2020-10-20 09:30:51.200,3329.0000,33933,0,297198840.000,0,-,-,-,-,3327.8000,3327.6000,3327.4000,3327.0000,3326.2000,3328.8000,3329.0000,3329.2000,3330.0000,3330.8000,4,1,2,1,1,7,2,1,1,1
SF,IH2012,2020-10-20 09:30:51.700,3329.0000,33933,0,297198840.000,0,-,-,-,-,3327.8000,3327.6000,3327.4000,3327.0000,3326.2000,3328.6000,3328.8000,3329.0000,3329.2000,3330.0000,4,1,2,1,1,1,6,2,2,1
SF,IH2012,2020-10-20 09:30:52.200,3329.0000,33933,0,297198840.000,0,-,-,-,-,3328.2000,3327.8000,3327.6000,3327.4000,3327.0000,3328.4000,3328.6000,3328.8000,3329.0000,3329.2000,1,4,1,2,1,1,1,5,2,2
SF,IH2012,2020-10-20 09:30:52.700,3328.2000,33932,-1,298197300.000,1,0,1,双平,S,3327.8000,3327.6000,3327.4000,3327.0000,3326.2000,3328.2000,3328.4000,3328.6000,3328.8000,3329.0000,4,1,1,1,1,2,1,1,5,2
SF,IH2012,2020-10-20 09:30:53.200,3327.8000,33931,-1,299195640.000,1,0,1,双平,S,3327.8000,3327.6000,3327.4000,3327.0000,3326.2000,3328.0000,3328.2000,3328.6000,3328.8000,3329.0000,2,1,1,1,1,1,2,1,5,2
SF,IH2012,2020-10-20 09:30:53.700,3327.8000,33930,-1,300193980.000,1,0,1,双平,S,3327.4000,3327.0000,3326.2000,3326.0000,3325.4000,3328.0000,3328.2000,3328.6000,3328.8000,3329.0000,1,1,1,4,1,1,2,1,5,2
SF,IH2012,2020-10-20 09:30:54.200,3328.0000,33929,-1,301192380.000,1,0,1,双平,S,3327.4000,3327.0000,3326.2000,3326.0000,3325.4000,3328.2000,3328.6000,3328.8000,3329.0000,3329.2000,1,1,1,4,1,3,1,5,2,2
SF,IH2012,2020-10-20 09:30:54.700,3327.4000,33929,0,302190600.000,1,0,1,多换,S,3327.0000,3326.2000,3326.0000,3325.4000,3325.2000,3327.8000,3328.2000,3328.8000,3329.0000,3329.2000,1,1,4,1,2,1,4,5,2,2
SF,IH2012,2020-10-20 09:30:55.200,3327.8000,33928,-1,303188940.000,1,0,1,双平,S,3327.2000,3327.0000,3326.2000,3326.0000,3325.4000,3328.2000,3328.8000,3329.0000,3329.2000,3330.0000,3,2,1,4,1,4,5,2,2,1
SF,IH2012,2020-10-20 09:30:55.700,3327.8000,33928,0,303188940.000,0,-,-,-,-,3327.4000,3327.2000,3327.0000,3326.2000,3326.0000,3327.8000,3328.0000,3328.2000,3328.8000,3329.0000,2,3,2,1,4,1,1,3,5,2
SF,IH2012,2020-10-20 09:30:56.200,3328.2000,33926,-2,307182600.000,4,1,3,多平,S,3327.8000,3327.4000,3327.2000,3327.0000,3326.2000,3328.2000,3328.8000,3329.0000,3329.2000,3330.0000,1,3,3,1,1,1,5,2,2,1
SF,IH2012,2020-10-20 09:30:56.700,3328.0000,33925,-1,309179460.000,2,0,2,多平,S,3327.8000,3327.4000,3327.2000,3327.0000,3326.2000,3328.8000,3329.0000,3329.2000,3330.0000,3330.8000,2,2,3,1,1,5,2,2,1,1
SF,IH2012,2020-10-20 09:30:57.200,3328.0000,33925,0,309179460.000,0,-,-,-,-,3327.8000,3327.4000,3327.2000,3327.0000,3326.2000,3328.6000,3328.8000,3329.0000,3329.2000,3330.0000,2,2,3,1,1,1,6,1,2,1
SF,IH2012,2020-10-20 09:30:57.700,3327.8000,33923,-2,311176140.000,2,0,2,双平,S,3327.4000,3327.2000,3327.0000,3326.2000,3326.0000,3327.8000,3328.6000,3328.8000,3329.0000,3329.2000,2,3,1,1,4,6,1,6,1,2
SF,IH2012,2020-10-20 09:30:58.200,3327.8000,33917,-6,317166180.000,6,0,6,双平,S,3328.2000,3327.8000,3327.4000,3327.2000,3327.0000,3328.8000,3329.0000,3329.2000,3330.0000,3330.8000,2,1,2,3,1,6,1,2,1,1
SF,IH2012,2020-10-20 09:30:58.700,3328.6000,33917,0,318164760.000,1,0,1,多换,S,3328.2000,3327.8000,3327.4000,3327.2000,3327.0000,3328.8000,3329.0000,3329.2000,3330.0000,3330.8000,2,1,2,3,1,6,1,2,1,1
SF,IH2012,2020-10-20 09:30:59.200,3328.2000,33915,-2,320161680.000,2,0,2,双平,S,3328.4000,3327.8000,3327.4000,3327.2000,3327.0000,3328.8000,3329.0000,3329.2000,3330.0000,3330.8000,3,1,2,3,1,6,1,2,1,1
SF,IH2012,2020-10-20 09:30:59.700,3328.8000,33913,-2,330147600.000,10,4,6,多平,S,3328.8000,3327.8000,3327.4000,3327.2000,3327.0000,3329.0000,3329.2000,3330.0000,3330.8000,3331.0000,1,1,2,3,1,1,2,1,1,4
SF,IH2012,2020-10-20 09:31:00.200,3328.8000,33912,-1,331146240.000,1,0,1,双平,S,3327.8000,3327.4000,3327.2000,3327.0000,3326.2000,3328.8000,3329.0000,3329.2000,3330.0000,3330.8000,1,2,3,1,1,1,1,2,1,1
SF,IH2012,2020-10-20 09:31:00.700,3328.8000,33912,0,331146240.000,0,-,-,-,-,3328.0000,3327.8000,3327.4000,3327.2000,3327.0000,3328.8000,3329.0000,3329.2000,3330.0000,3330.8000,1,2,2,3,1,1,2,2,1,1
SF,IH2012,2020-10-20 09:31:01.200,3328.8000,33912,0,331146240.000,0,-,-,-,-,3328.2000,3328.0000,3327.8000,3327.2000,3327.0000,3328.8000,3329.0000,3329.2000,3330.0000,3330.8000,1,2,2,3,1,1,2,2,1,1
SF,IH2012,2020-10-20 09:31:01.700,3328.2000,33911,-1,332144700.000,1,0,1,双平,S,3328.0000,3327.8000,3327.2000,3327.0000,3326.2000,3328.8000,3329.0000,3329.2000,3329.8000,3330.0000,1,2,3,1,1,1,2,2,1,1
SF,IH2012,2020-10-20 09:31:02.200,3328.2000,33911,0,332144700.000,0,-,-,-,-,3328.0000,3327.8000,3327.6000,3327.2000,3327.0000,3328.8000,3329.0000,3329.2000,3329.8000,3330.0000,1,2,1,3,1,2,2,2,1,1
SF,IH2012,2020-10-20 09:31:02.700,3328.2000,33911,0,332144700.000,0,-,-,-,-,3328.0000,3327.8000,3327.2000,3327.0000,3326.2000,3328.2000,3328.6000,3328.8000,3329.0000,3329.2000,1,2,3,2,1,1,1,2,2,2
SF,IH2012,2020-10-20 09:31:03.200,3328.2000,33911,0,332144700.000,0,-,-,-,-,3327.8000,3327.2000,3327.0000,3326.2000,3326.0000,3328.2000,3328.4000,3328.8000,3329.0000,3329.2000,2,3,2,2,4,2,1,6,2,2
SF,IH2012,2020-10-20 09:31:03.700,3328.2000,33911,0,332144700.000,0,-,-,-,-,3327.8000,3327.2000,3327.0000,3326.2000,3326.0000,3328.0000,3328.2000,3328.4000,3328.8000,3329.0000,2,3,2,2,4,1,2,1,6,2
SF,IH2012,2020-10-20 09:31:04.200,3328.2000,33911,0,332144700.000,0,-,-,-,-,3327.8000,3327.2000,3327.0000,3326.2000,3326.0000,3328.0000,3328.2000,3328.4000,3328.8000,3329.0000,1,3,2,1,4,2,1,1,6,2
SF,IH2012,2020-10-20 09:31:04.700,3328.2000,33911,0,332144700.000,0,-,-,-,-,3327.8000,3327.2000,3327.0000,3326.2000,3326.0000,3328.0000,3328.2000,3328.4000,3328.8000,3329.0000,1,3,3,1,4,2,2,1,6,2
SF,IH2012,2020-10-20 09:31:05.200,3327.8000,33910,-1,333143040.000,1,0,1,双平,S,3327.2000,3327.0000,3326.2000,3325.4000,3325.2000,3328.0000,3328.2000,3328.4000,3328.8000,3329.0000,3,3,2,1,2,2,2,1,6,2
SF,IH2012,2020-10-20 09:31:05.700,3327.2000,33909,-1,334141200.000,1,0,1,双平,S,3327.2000,3327.0000,3326.2000,3325.6000,3325.4000,3327.8000,3328.0000,3328.2000,3328.4000,3328.8000,2,3,2,1,1,1,3,2,1,6
SF,IH2012,2020-10-20 09:31:06.200,3327.2000,33909,0,334141200.000,0,-,-,-,-,3327.2000,3327.0000,3326.2000,3325.6000,3325.4000,3327.6000,3327.8000,3328.0000,3328.2000,3328.4000,2,3,2,1,1,1,2,3,2,1
SF,IH2012,2020-10-20 09:31:06.700,3327.2000,33909,0,334141200.000,0,-,-,-,-,3327.2000,3327.0000,3326.2000,3325.6000,3325.4000,3327.4000,3327.6000,3327.8000,3328.0000,3328.2000,2,3,2,1,1,1,2,2,3,2
SF,IH2012,2020-10-20 09:31:07.200,3327.4000,33906,-3,337135740.000,3,0,3,双平,S,3327.0000,3326.2000,3325.6000,3325.2000,3325.0000,3327.4000,3327.8000,3328.0000,3328.2000,3328.4000,3,2,1,2,1,1,2,3,2,1
SF,IH2012,2020-10-20 09:31:07.700,3327.4000,33905,-1,338133960.000,1,0,1,双平,S,3327.0000,3326.2000,3325.6000,3325.2000,3325.0000,3327.4000,3327.8000,3328.0000,3328.2000,3328.4000,3,2,1,2,2,1,2,3,2,1
SF,IH2012,2020-10-20 09:31:08.200,3327.4000,33905,0,338133960.000,0,-,-,-,-,3327.0000,3326.2000,3325.6000,3325.2000,3325.0000,3327.6000,3327.8000,3328.0000,3328.2000,3328.4000,3,2,1,2,2,1,2,3,2,1
SF,IH2012,2020-10-20 09:31:08.700,3327.2000,33905,0,339132120.000,1,0,1,多换,S,3327.0000,3326.2000,3325.6000,3325.2000,3325.0000,3327.6000,3327.8000,3328.0000,3328.2000,3328.4000,3,2,1,2,2,1,2,3,2,1
SF,IH2012,2020-10-20 09:31:09.200,3327.8000,33903,-2,341128740.000,2,0,2,双平,S,3327.2000,3327.0000,3326.2000,3325.6000,3325.2000,3327.8000,3328.0000,3328.2000,3328.4000,3328.8000,5,4,1,1,2,1,3,2,1,5
SF,IH2012,2020-10-20 09:31:09.700,3327.8000,33902,-1,343125420.000,2,0,2,多平,S,3327.4000,3327.2000,3327.0000,3326.2000,3325.6000,3328.0000,3328.2000,3328.4000,3328.8000,3329.0000,1,5,2,1,1,3,2,1,5,2
SF,IH2012,2020-10-20 09:31:10.200,3328.0000,33901,-1,344123820.000,1,0,1,双平,S,3327.6000,3327.2000,3327.0000,3326.2000,3325.6000,3328.0000,3328.2000,3328.4000,3328.8000,3329.0000,1,5,2,1,1,2,2,1,5,2
SF,IH2012,2020-10-20 09:31:10.700,3328.0000,33900,-1,346120620.000,2,0,2,多平,S,3327.6000,3327.2000,3327.0000,3326.2000,3325.6000,3328.2000,3328.4000,3328.8000,3329.0000,3329.2000,1,5,2,1,1,2,1,5,2,2
SF,IH2012,2020-10-20 09:31:11.200,3328.0000,33900,0,346120620.000,0,-,-,-,-,3327.8000,3327.2000,3327.0000,3326.2000,3325.6000,3328.2000,3328.4000,3328.8000,3329.0000,3329.2000,1,5,2,1,1,2,2,5,2,2
SF,IH2012,2020-10-20 09:31:11.700,3328.4000,33897,-3,349116060.000,3,0,3,双平,S,3327.8000,3327.4000,3327.2000,3327.0000,3326.2000,3328.4000,3328.8000,3329.0000,3329.2000,3329.6000,1,1,5,2,1,1,5,2,2,1
SF,IH2012,2020-10-20 09:31:12.200,3328.4000,33896,-1,350114580.000,1,0,1,双平,S,3328.4000,3328.0000,3327.4000,3327.2000,3327.0000,3328.8000,3329.0000,3329.2000,3329.6000,3329.8000,1,1,1,2,2,6,2,2,1,2
SF,IH2012,2020-10-20 09:31:12.700,3328.8000,33893,-3,353110500.000,3,0,3,双平,S,3328.4000,3328.0000,3327.8000,3327.4000,3327.2000,3328.8000,3329.0000,3329.2000,3329.6000,3329.8000,1,1,1,1,3,3,2,2,1,2
SF,IH2012,2020-10-20 09:31:13.200,3328.8000,33890,-3,356106420.000,3,0,3,双平,S,3328.0000,3327.8000,3327.4000,3327.2000,3327.0000,3329.0000,3329.2000,3329.6000,3329.8000,3330.0000,1,1,1,3,2,2,2,1,2,1
SF,IH2012,2020-10-20 09:31:13.700,3329.0000,33889,-1,358103820.000,2,0,2,多平,S,3328.8000,3328.2000,3328.0000,3327.8000,3327.4000,3329.2000,3329.6000,3329.8000,3330.0000,3330.2000,3,1,2,1,1,2,1,2,1,1
SF,IH2012,2020-10-20 09:31:14.200,3329.2000,33887,-2,360101340.000,2,0,2,双平,S,3328.8000,3328.2000,3328.0000,3327.8000,3327.4000,3329.6000,3329.8000,3330.0000,3330.2000,3330.8000,3,4,2,1,1,1,2,1,1,1
SF,IH2012,2020-10-20 09:31:14.700,3329.0000,33887,0,361100040.000,1,0,1,多换,S,3328.8000,3328.2000,3328.0000,3327.8000,3327.4000,3329.6000,3329.8000,3330.0000,3330.2000,3330.8000,3,4,2,1,1,1,3,1,1,1
SF,IH2012,2020-10-20 09:31:15.200,3328.8000,33888,1,362098680.000,1,1,0,双开,S,3328.8000,3328.2000,3328.0000,3327.8000,3327.4000,3329.6000,3329.8000,3330.0000,3330.2000,3330.8000,2,4,2,1,1,1,3,1,1,1
SF,IH2012,2020-10-20 09:31:15.700,3328.8000,33888,0,362098680.000,0,-,-,-,-,3328.8000,3328.2000,3328.0000,3327.8000,3327.4000,3329.6000,3329.8000,3330.0000,3330.2000,3330.8000,2,4,1,1,1,1,3,1,1,1
SF,IH2012,2020-10-20 09:31:16.200,3329.6000,33888,0,363097560.000,1,0,1,多换,S,3328.8000,3328.2000,3328.0000,3327.8000,3327.4000,3329.8000,3330.0000,3330.2000,3330.8000,3331.0000,3,4,1,1,1,3,1,1,1,4
SF,IH2012,2020-10-20 09:31:16.700,3329.6000,33888,0,363097560.000,0,-,-,-,-,3328.8000,3328.2000,3328.0000,3327.8000,3327.4000,3329.8000,3330.0000,3330.2000,3330.8000,3331.0000,3,4,1,1,1,4,1,1,1,4
SF,IH2012,2020-10-20 09:31:17.200,3329.0000,33888,0,368091060.000,5,2,3,多换,S,3329.0000,3328.8000,3328.0000,3327.8000,3327.4000,3329.8000,3330.0000,3330.2000,3330.8000,3331.0000,4,3,1,1,1,4,1,1,1,4
SF,IH2012,2020-10-20 09:31:17.700,3329.0000,33888,0,368091060.000,0,-,-,-,-,3329.0000,3328.8000,3328.0000,3327.8000,3327.4000,3329.8000,3330.0000,3330.2000,3330.8000,3331.0000,3,3,1,1,1,4,1,1,1,4
SF,IH2012,2020-10-20 09:31:18.700,3329.0000,33888,0,368091060.000,0,-,-,-,-,3329.0000,3328.8000,3328.0000,3327.8000,3327.4000,3329.8000,3330.0000,3330.2000,3330.8000,3331.0000,3,3,1,1,1,4,1,1,1,4
SF,IH2012,2020-10-20 09:31:19.200,3329.8000,33886,-2,370088940.000,2,0,2,双平,S,3329.0000,3328.8000,3328.0000,3327.8000,3327.4000,3329.8000,3330.0000,3330.2000,3330.8000,3331.0000,3,3,1,1,1,2,1,1,1,4
SF,IH2012,2020-10-20 09:31:19.700,3329.8000,33882,-4,374084760.000,4,0,4,双平,S,3329.2000,3329.0000,3328.8000,3328.0000,3327.8000,3330.2000,3330.8000,3331.0000,3331.2000,3331.4000,2,3,3,1,1,1,1,4,1,1
SF,IH2012,2020-10-20 09:31:20.200,3329.8000,33882,0,374084760.000,0,-,-,-,-,3329.2000,3329.0000,3328.8000,3328.0000,3327.8000,3330.8000,3331.0000,3331.2000,3331.4000,3331.6000,2,3,3,1,1,1,4,1,1,1
SF,IH2012,2020-10-20 09:31:20.700,3329.8000,33882,0,374084760.000,0,-,-,-,-,3329.8000,3329.4000,3329.2000,3328.8000,3328.0000,3330.6000,3330.8000,3331.0000,3331.2000,3331.4000,1,3,1,3,1,2,2,4,1,1
SF,IH2012,2020-10-20 09:31:21.200,3329.8000,33882,0,374084760.000,0,-,-,-,-,3329.8000,3329.4000,3328.8000,3328.0000,3327.8000,3330.6000,3330.8000,3331.0000,3331.2000,3331.4000,1,3,3,1,1,2,3,4,1,1
SF,IH2012,2020-10-20 09:31:21.700,3329.8000,33882,0,374084760.000,0,-,-,-,-,3329.8000,3329.4000,3328.8000,3328.0000,3327.8000,3330.6000,3330.8000,3331.0000,3331.2000,3331.4000,1,3,3,1,1,1,2,4,1,1
SF,IH2012,2020-10-20 09:31:23.200,3329.8000,33882,0,374084760.000,0,-,-,-,-,3330.0000,3329.8000,3328.8000,3328.0000,3327.4000,3330.6000,3330.8000,3331.0000,3331.2000,3331.4000,3,1,3,1,1,1,2,4,1,1
SF,IH2012,2020-10-20 09:31:23.700,3329.8000,33883,1,375083700.000,1,1,0,双开,S,3330.0000,3329.8000,3328.8000,3328.0000,3327.4000,3330.6000,3330.8000,3331.0000,3331.2000,3331.4000,2,1,3,1,1,1,2,4,1,1
SF,IH2012,2020-10-20 09:31:24.200,3330.6000,33882,-1,376082880.000,1,0,1,双平,S,3329.8000,3328.8000,3328.0000,3327.4000,3327.2000,3330.8000,3331.0000,3331.2000,3331.4000,3331.6000,1,3,1,1,3,2,4,1,1,1
SF,IH2012,2020-10-20 09:31:24.700,3330.6000,33882,0,376082880.000,0,-,-,-,-,3330.2000,3330.0000,3329.8000,3328.8000,3328.0000,3330.6000,3330.8000,3331.0000,3331.2000,3331.4000,2,1,1,7,1,1,2,4,1,1
SF,IH2012,2020-10-20 09:31:25.200,3330.6000,33881,-1,377082060.000,1,0,1,双平,S,3330.2000,3330.0000,3329.8000,3328.8000,3328.0000,3330.8000,3331.0000,3331.2000,3331.4000,3331.6000,2,2,1,3,1,2,4,1,1,1
SF,IH2012,2020-10-20 09:31:25.700,3330.2000,33881,0,379080360.000,2,1,1,多换,S,3330.2000,3330.0000,3329.8000,3328.8000,3327.2000,3330.8000,3331.0000,3331.2000,3331.4000,3331.6000,1,2,1,3,3,1,4,1,1,1
SF,IH2012,2020-10-20 09:31:26.200,3330.2000,33881,0,379080360.000,0,-,-,-,-,3329.8000,3328.8000,3327.2000,3327.0000,3326.8000,3330.8000,3331.0000,3331.2000,3331.4000,3331.6000,1,3,3,2,1,2,4,1,1,1
SF,IH2012,2020-10-20 09:31:26.700,3330.2000,33881,0,379080360.000,0,-,-,-,-,3330.4000,3330.0000,3329.8000,3328.8000,3328.4000,3330.8000,3331.0000,3331.2000,3331.4000,3331.6000,1,1,3,3,1,2,4,1,1,1
SF,IH2012,2020-10-20 09:31:27.200,3329.8000,33885,4,385074180.000,6,5,1,空开,S,3328.8000,3328.4000,3327.2000,3327.0000,3326.8000,3330.8000,3331.0000,3331.2000,3331.4000,3331.6000,3,1,3,2,1,2,4,1,1,1
SF,IH2012,2020-10-20 09:31:27.700,3330.0000,33883,-2,388071420.000,3,0,3,多平,S,3330.0000,3329.4000,3329.0000,3328.8000,3328.4000,3330.8000,3331.0000,3331.2000,3331.4000,3331.6000,2,1,6,3,1,1,4,1,1,1
SF,IH2012,2020-10-20 09:31:28.200,3330.0000,33881,-2,390069420.000,2,0,2,双平,S,3329.0000,3328.8000,3328.4000,3327.2000,3327.0000,3330.8000,3331.0000,3331.2000,3331.4000,3331.6000,4,3,1,3,2,1,4,1,1,1
SF,IH2012,2020-10-20 09:31:28.700,3330.0000,33881,0,390069420.000,0,-,-,-,-,3329.6000,3329.0000,3328.8000,3328.4000,3327.2000,3330.6000,3330.8000,3331.0000,3331.2000,3331.4000,2,1,3,1,3,2,2,4,1,1
SF,IH2012,2020-10-20 09:31:29.200,3329.6000,33879,-2,392067180.000,2,0,2,双平,S,3329.0000,3328.8000,3328.4000,3327.2000,3327.0000,3330.4000,3330.6000,3330.8000,3331.0000,3331.2000,1,3,1,3,2,2,2,1,4,1
SF,IH2012,2020-10-20 09:31:29.700,3330.0000,33878,-1,393066180.000,1,0,1,双平,S,3329.0000,3328.8000,3328.4000,3327.2000,3327.0000,3330.0000,3330.2000,3330.4000,3331.0000,3331.2000,1,3,1,3,2,4,2,2,4,1
SF,IH2012,2020-10-20 09:31:30.200,3330.0000,33878,0,393066180.000,0,-,-,-,-,3328.8000,3327.2000,3327.0000,3326.8000,3325.0000,3330.0000,3330.2000,3330.4000,3331.0000,3331.2000,3,3,2,1,1,5,2,1,4,1
SF,IH2012,2020-10-20 09:31:30.700,3330.0000,33877,-1,394065180.000,1,0,1,双平,S,3329.4000,3328.8000,3327.2000,3327.0000,3326.8000,3329.8000,3330.0000,3330.2000,3330.4000,3331.0000,1,4,3,2,1,1,5,1,1,4
SF,IH2012,2020-10-20 09:31:31.200,3329.4000,33877,0,395064000.000,1,0,1,多换,S,3329.2000,3328.8000,3328.4000,3327.2000,3327.0000,3330.0000,3330.2000,3330.4000,3331.0000,3331.2000,1,4,1,3,3,6,1,1,4,1
SF,IH2012,2020-10-20 09:31:31.700,3329.4000,33877,0,395064000.000,0,-,-,-,-,3329.0000,3328.8000,3328.4000,3327.2000,3327.0000,3329.8000,3330.0000,3331.0000,3331.2000,3331.4000,1,4,1,3,3,1,6,4,1,1
SF,IH2012,2020-10-20 09:31:32.200,3329.4000,33877,0,395064000.000,0,-,-,-,-,3329.0000,3328.8000,3328.4000,3327.2000,3327.0000,3330.0000,3331.0000,3331.2000,3331.4000,3331.6000,2,4,1,3,3,6,4,1,1,1
SF,IH2012,2020-10-20 09:31:32.700,3329.4000,33877,0,395064000.000,0,-,-,-,-,3329.2000,3329.0000,3328.8000,3328.4000,3327.2000,3330.0000,3331.0000,3331.2000,3331.4000,3331.6000,1,2,4,1,3,6,4,1,1,1
SF,IH2012,2020-10-20 09:31:33.700,3330.0000,33877,0,396063000.000,1,0,1,多换,S,3329.2000,3329.0000,3328.8000,3328.4000,3327.2000,3330.0000,3331.0000,3331.2000,3331.4000,3331.6000,1,2,4,1,3,5,4,1,1,1
SF,IH2012,2020-10-20 09:31:34.200,3329.2000,33876,-1,397061760.000,1,0,1,双平,S,3329.2000,3329.0000,3328.8000,3328.4000,3327.2000,3330.0000,3331.0000,3331.2000,3331.4000,3331.6000,1,1,4,1,3,4,4,1,1,1
SF,IH2012,2020-10-20 09:31:34.700,3329.4000,33876,0,401057400.000,4,2,2,多换,S,3329.2000,3329.0000,3328.8000,3328.4000,3327.2000,3329.8000,3330.0000,3331.0000,3331.2000,3331.4000,1,1,4,1,3,1,4,4,1,1
SF,IH2012,2020-10-20 09:31:35.200,3329.8000,33876,0,402056340.000,1,0,1,多换,S,3329.2000,3329.0000,3328.8000,3328.4000,3327.2000,3329.6000,3329.8000,3330.0000,3331.0000,3331.2000,1,1,4,1,3,1,1,4,4,1
SF,IH2012,2020-10-20 09:31:35.700,3329.2000,33876,0,403055100.000,1,0,1,多换,S,3329.0000,3328.8000,3328.4000,3327.2000,3327.0000,3329.2000,3329.8000,3330.0000,3331.0000,3331.2000,1,4,1,3,2,1,2,4,4,1
SF,IH2012,2020-10-20 09:31:36.200,3329.2000,33875,-1,404053860.000,1,0,1,双平,S,3329.0000,3328.8000,3328.4000,3327.2000,3327.0000,3329.8000,3330.0000,3331.0000,3331.2000,3331.4000,1,4,1,3,2,2,4,4,1,1
SF,IH2012,2020-10-20 09:31:36.700,3329.2000,33875,0,404053860.000,0,-,-,-,-,3329.0000,3328.8000,3328.6000,3328.4000,3327.2000,3329.6000,3329.8000,3330.0000,3331.0000,3331.2000,1,4,1,1,3,1,2,4,4,1
SF,IH2012,2020-10-20 09:31:37.200,3329.2000,33875,0,404053860.000,0,-,-,-,-,3329.0000,3328.8000,3328.6000,3328.4000,3327.2000,3329.6000,3329.8000,3330.0000,3331.0000,3331.2000,1,4,1,1,3,1,2,1,4,1
SF,IH2012,2020-10-20 09:31:37.700,3328.8000,33874,-1,407049840.000,3,1,2,多平,S,3328.8000,3328.6000,3328.4000,3327.2000,3327.0000,3329.4000,3329.6000,3329.8000,3330.0000,3331.0000,2,1,1,3,2,1,1,2,1,4
SF,IH2012,2020-10-20 09:31:38.200,3328.8000,33874,0,407049840.000,0,-,-,-,-,3328.8000,3328.6000,3328.4000,3327.2000,3327.0000,3329.4000,3329.6000,3329.8000,3330.0000,3331.0000,2,1,1,3,2,1,1,1,1,4
SF,IH2012,2020-10-20 09:31:38.700,3328.8000,33874,0,407049840.000,0,-,-,-,-,3328.8000,3328.6000,3328.4000,3327.2000,3327.0000,3329.4000,3329.6000,3329.8000,3330.0000,3331.0000,2,1,1,3,2,1,1,1,1,4
SF,IH2012,2020-10-20 09:31:39.200,3328.8000,33874,0,407049840.000,0,-,-,-,-,3328.8000,3328.6000,3328.4000,3327.2000,3327.0000,3329.4000,3329.6000,3329.8000,3330.0000,3331.0000,2,1,1,2,2,1,1,1,1,4
SF,IH2012,2020-10-20 09:31:39.700,3328.8000,33874,0,407049840.000,0,-,-,-,-,3328.8000,3328.6000,3328.4000,3327.2000,3327.0000,3329.2000,3329.4000,3329.6000,3329.8000,3330.0000,2,1,1,2,2,1,1,1,1,1
SF,IH2012,2020-10-20 09:31:40.200,3329.2000,33875,1,408048600.000,1,1,0,双开,S,3328.8000,3328.6000,3328.4000,3327.2000,3327.0000,3329.4000,3329.6000,3330.0000,3331.0000,3331.2000,2,1,1,2,2,1,1,1,4,1
SF,IH2012,2020-10-20 09:31:40.700,3329.4000,33875,0,409047420.000,1,0,1,多换,S,3328.8000,3328.6000,3328.4000,3327.2000,3327.0000,3329.6000,3330.0000,3331.0000,3331.2000,3331.4000,2,1,1,2,2,1,1,4,1,1
SF,IH2012,2020-10-20 09:31:41.200,3329.4000,33875,0,409047420.000,0,-,-,-,-,3329.4000,3328.8000,3328.6000,3328.4000,3327.2000,3329.6000,3330.0000,3331.0000,3331.2000,3331.4000,1,2,1,1,2,1,1,4,1,1
SF,IH2012,2020-10-20 09:31:42.200,3329.6000,33875,0,410046300.000,1,0,1,多换,S,3329.8000,3329.4000,3328.8000,3328.6000,3328.4000,3330.0000,3331.0000,3331.2000,3331.4000,3331.6000,1,1,2,1,1,1,4,1,1,1
SF,IH2012,2020-10-20 09:31:42.700,3329.4000,33874,-1,412044060.000,2,0,2,多平,S,3328.8000,3328.6000,3328.4000,3327.2000,3327.0000,3329.8000,3330.0000,3331.0000,3331.2000,3331.4000,2,1,1,2,2,1,1,4,1,1
SF,IH2012,2020-10-20 09:31:43.200,3329.4000,33874,0,412044060.000,0,-,-,-,-,3328.8000,3328.6000,3328.4000,3327.2000,3327.0000,3329.8000,3330.0000,3331.0000,3331.2000,3331.4000,3,1,1,2,2,1,1,4,1,1
SF,IH2012,2020-10-20 09:31:43.700,3329.4000,33874,0,412044060.000,0,-,-,-,-,3329.0000,3328.8000,3328.6000,3328.4000,3327.2000,3329.8000,3330.0000,3331.0000,3331.2000,3331.4000,2,3,1,1,2,1,1,4,1,1
SF,IH2012,2020-10-20 09:31:44.200,3329.4000,33874,0,412044060.000,0,-,-,-,-,3329.0000,3328.8000,3328.6000,3328.4000,3327.2000,3329.8000,3330.0000,3331.0000,3331.2000,3331.4000,2,2,1,1,2,1,1,4,1,1
SF,IH2012,2020-10-20 09:31:44.700,3329.4000,33874,0,412044060.000,0,-,-,-,-,3329.2000,3329.0000,3328.8000,3328.6000,3328.4000,3329.8000,3330.0000,3331.0000,3331.2000,3331.4000,2,2,1,1,1,1,1,4,1,1
SF,IH2012,2020-10-20 09:31:45.700,3330.0000,33874,0,414042000.000,2,1,1,多换,S,3329.2000,3329.0000,3328.8000,3328.6000,3328.4000,3331.0000,3331.2000,3331.4000,3331.6000,3331.8000,2,2,1,1,1,4,1,1,1,2
SF,IH2012,2020-10-20 09:31:46.200,3330.0000,33874,0,414042000.000,0,-,-,-,-,3329.4000,3329.2000,3329.0000,3328.8000,3328.6000,3330.8000,3331.0000,3331.2000,3331.4000,3331.6000,2,2,1,1,1,4,4,1,1,1
SF,IH2012,2020-10-20 09:31:46.700,3330.0000,33874,0,414042000.000,0,-,-,-,-,3329.6000,3329.4000,3329.2000,3329.0000,3328.6000,3330.8000,3331.0000,3331.2000,3331.4000,3331.6000,1,2,1,1,1,4,4,1,1,1
SF,IH2012,2020-10-20 09:31:47.200,3329.8000,33875,1,415040940.000,1,1,0,双开,S,3329.6000,3329.4000,3329.2000,3329.0000,3328.6000,3330.8000,3331.0000,3331.2000,3331.4000,3331.6000,2,2,1,1,1,5,4,1,1,1
SF,IH2012,2020-10-20 09:31:47.700,3329.8000,33875,0,415040940.000,0,-,-,-,-,3329.6000,3329.4000,3329.0000,3328.6000,3328.4000,3330.8000,3331.0000,3331.2000,3331.4000,3331.6000,2,3,1,1,1,3,4,1,1,1
SF,IH2012,2020-10-20 09:31:48.200,3329.4000,33876,1,420035160.000,5,3,2,空开,S,3329.0000,3328.6000,3328.4000,3327.2000,3327.0000,3329.2000,3330.8000,3331.0000,3331.2000,3331.4000,1,1,1,2,2,5,3,4,1,1
SF,IH2012,2020-10-20 09:31:48.700,3329.2000,33876,0,425028960.000,5,2,3,多换,S,3329.4000,3329.2000,3329.0000,3328.6000,3328.4000,3330.8000,3331.0000,3331.2000,3331.4000,3331.6000,3,4,2,1,1,3,4,1,1,1
SF,IH2012,2020-10-20 09:31:49.200,3330.6000,33875,-1,426028140.000,1,0,1,双平,S,3329.4000,3329.2000,3329.0000,3328.6000,3328.4000,3330.8000,3331.0000,3331.2000,3331.4000,3331.6000,1,2,1,1,1,3,4,1,1,1
SF,IH2012,2020-10-20 09:31:49.700,3330.6000,33875,0,426028140.000,0,-,-,-,-,3329.6000,3329.4000,3329.2000,3329.0000,3328.6000,3330.8000,3331.0000,3331.2000,3331.4000,3331.6000,1,1,2,1,1,3,4,1,1,1
SF,IH2012,2020-10-20 09:31:50.200,3330.6000,33875,0,426028140.000,0,-,-,-,-,3329.8000,3329.6000,3329.2000,3329.0000,3328.6000,3330.8000,3331.0000,3331.2000,3331.4000,3331.6000,1,1,2,1,1,3,4,1,1,1
SF,IH2012,2020-10-20 09:31:51.200,3330.8000,33874,-1,427027380.000,1,0,1,双平,S,3329.8000,3329.6000,3329.2000,3329.0000,3328.6000,3330.8000,3331.0000,3331.2000,3331.4000,3331.6000,1,1,1,1,1,2,4,1,1,1
SF,IH2012,2020-10-20 09:31:51.700,3330.8000,33874,0,428026620.000,1,0,1,多换,S,3330.0000,3329.8000,3329.6000,3329.2000,3329.0000,3330.8000,3331.0000,3331.2000,3331.4000,3331.6000,1,1,1,1,1,1,4,1,1,1
SF,IH2012,2020-10-20 09:31:52.200,3330.8000,33873,-1,429025860.000,1,0,1,双平,S,3330.8000,3330.0000,3329.8000,3329.6000,3329.2000,3331.0000,3331.2000,3331.4000,3331.6000,3331.8000,2,1,1,1,1,4,1,1,1,2
SF,IH2012,2020-10-20 09:31:52.700,3330.8000,33868,-5,434022060.000,5,0,5,双平,S,3330.0000,3329.8000,3329.6000,3329.4000,3329.2000,3330.8000,3331.0000,3331.2000,3331.4000,3331.6000,1,1,1,1,1,1,5,1,1,1
SF,IH2012,2020-10-20 09:31:53.200,3330.8000,33868,0,434022060.000,0,-,-,-,-,3330.0000,3329.8000,3329.6000,3329.4000,3329.2000,3331.0000,3331.2000,3331.4000,3331.6000,3331.8000,1,1,1,1,1,5,1,1,1,2
SF,IH2012,2020-10-20 09:31:53.700,3330.8000,33868,0,434022060.000,0,-,-,-,-,3330.0000,3329.8000,3329.6000,3329.4000,3329.2000,3330.8000,3331.0000,3331.2000,3331.4000,3331.6000,1,1,1,1,1,2,4,1,1,1
SF,IH2012,2020-10-20 09:31:54.700,3330.0000,33868,0,435021060.000,1,0,1,多换,S,3329.8000,3329.6000,3329.4000,3329.2000,3329.0000,3330.0000,3330.8000,3331.0000,3331.2000,3331.4000,1,1,1,1,1,9,2,4,1,1
SF,IH2012,2020-10-20 09:31:55.200,3330.0000,33868,0,435021060.000,0,-,-,-,-,3329.4000,3329.2000,3329.0000,3328.6000,3328.4000,3330.0000,3330.8000,3331.0000,3331.2000,3331.4000,1,1,1,1,1,9,2,4,1,1
SF,IH2012,2020-10-20 09:31:55.700,3330.0000,33868,0,435021060.000,0,-,-,-,-,3329.4000,3329.2000,3329.0000,3328.6000,3328.4000,3330.0000,3330.8000,3331.0000,3331.2000,3331.4000,1,1,1,1,1,10,1,4,1,1
SF,IH2012,2020-10-20 09:31:56.700,3330.0000,33868,0,435021060.000,0,-,-,-,-,3329.4000,3329.2000,3329.0000,3328.6000,3327.2000,3330.0000,3330.8000,3331.0000,3331.2000,3331.4000,1,1,1,1,2,10,1,4,1,1
SF,IH2012,2020-10-20 09:31:57.200,3329.8000,33868,0,437018820.000,2,1,1,多换,S,3329.2000,3329.0000,3328.6000,3327.2000,3327.0000,3330.0000,3330.8000,3331.0000,3331.2000,3331.4000,1,2,1,2,2,9,1,4,1,1
SF,IH2012,2020-10-20 09:31:57.700,3329.8000,33868,0,437018820.000,0,-,-,-,-,3329.0000,3328.6000,3327.2000,3327.0000,3326.8000,3330.0000,3330.8000,3331.0000,3331.2000,3331.4000,2,1,2,2,1,9,1,4,1,1
SF,IH2012,2020-10-20 09:31:58.200,3329.8000,33868,0,437018820.000,0,-,-,-,-,3329.0000,3328.6000,3327.2000,3327.0000,3326.8000,3330.0000,3330.8000,3331.0000,3331.2000,3331.4000,2,1,2,2,1,9,1,4,1,1
SF,IH2012,2020-10-20 09:31:59.200,3329.8000,33868,0,437018820.000,0,-,-,-,-,3329.0000,3328.6000,3327.2000,3327.0000,3326.8000,3330.0000,3330.8000,3331.0000,3331.2000,3331.4000,2,1,2,2,1,10,1,4,1,1
SF,IH2012,2020-10-20 09:31:59.700,3329.0000,33869,1,439016220.000,2,1,1,空开,S,3328.6000,3327.2000,3327.0000,3326.8000,3326.0000,3329.0000,3330.0000,3330.8000,3331.0000,3331.2000,1,2,2,1,1,5,9,1,4,1
SF,IH2012,2020-10-20 09:32:00.200,3329.0000,33869,0,439016220.000,0,-,-,-,-,3328.6000,3327.2000,3327.0000,3326.8000,3326.0000,3329.0000,3330.0000,3330.8000,3331.0000,3331.2000,1,2,2,1,1,5,9,1,4,1
SF,IH2012,2020-10-20 09:32:00.700,3328.6000,33868,-1,440014800.000,1,0,1,双平,S,3327.2000,3327.0000,3326.8000,3326.0000,3325.0000,3329.0000,3329.8000,3330.0000,3330.8000,3331.0000,2,2,1,1,1,5,1,10,1,4
SF,IH2012,2020-10-20 09:32:01.200,3328.6000,33868,0,440014800.000,0,-,-,-,-,3327.4000,3327.2000,3327.0000,3326.8000,3326.0000,3328.8000,3329.0000,3329.8000,3330.0000,3330.8000,7,6,2,1,1,1,5,1,10,1
SF,IH2012,2020-10-20 09:32:01.700,3328.6000,33868,0,440014800.000,0,-,-,-,-,3327.6000,3327.4000,3327.2000,3327.0000,3326.8000,3328.8000,3329.0000,3329.8000,3330.0000,3330.8000,2,8,4,2,1,1,5,1,10,1
SF,IH2012,2020-10-20 09:32:02.200,3328.6000,33868,0,440014800.000,0,-,-,-,-,3327.8000,3327.6000,3327.4000,3327.2000,3327.0000,3329.0000,3329.8000,3330.0000,3330.8000,3331.0000,3,2,5,4,2,5,1,10,1,4
SF,IH2012,2020-10-20 09:32:02.700,3328.6000,33868,0,440014800.000,0,-,-,-,-,3328.0000,3327.8000,3327.4000,3327.2000,3327.0000,3329.0000,3329.8000,3330.0000,3330.8000,3331.0000,1,2,5,4,2,5,1,10,1,4
SF,IH2012,2020-10-20 09:32:03.200,3328.0000,33867,-1,441013200.000,1,0,1,双平,S,3327.8000,3327.4000,3327.2000,3327.0000,3326.8000,3328.8000,3329.0000,3329.8000,3330.0000,3330.8000,1,5,4,2,1,1,5,1,10,1
SF,IH2012,2020-10-20 09:32:03.700,3327.8000,33866,-1,442011540.000,1,0,1,双平,S,3327.4000,3327.2000,3327.0000,3326.8000,3326.0000,3328.8000,3329.0000,3329.8000,3330.0000,3330.8000,4,4,2,1,1,2,5,1,10,1
SF,IH2012,2020-10-20 09:32:04.200,3327.8000,33866,0,442011540.000,0,-,-,-,-,3327.4000,3327.2000,3327.0000,3326.8000,3325.0000,3328.6000,3328.8000,3329.0000,3329.8000,3330.0000,1,4,2,1,1,1,2,5,1,10
SF,IH2012,2020-10-20 09:32:04.700,3327.8000,33866,0,442011540.000,0,-,-,-,-,3327.2000,3327.0000,3326.8000,3325.0000,3322.6000,3328.4000,3328.6000,3328.8000,3329.0000,3329.8000,4,2,1,1,2,1,1,1,5,1
SF,IH2012,2020-10-20 09:32:05.200,3327.8000,33866,0,442011540.000,0,-,-,-,-,3327.2000,3327.0000,3326.8000,3325.0000,3322.6000,3328.4000,3328.6000,3328.8000,3329.0000,3329.8000,5,2,1,1,2,1,1,1,5,1
SF,IH2012,2020-10-20 09:32:05.700,3327.8000,33866,0,442011540.000,0,-,-,-,-,3327.2000,3327.0000,3326.8000,3325.0000,3322.6000,3328.2000,3328.4000,3328.8000,3329.0000,3329.8000,5,2,1,1,2,1,1,1,5,1
SF,IH2012,2020-10-20 09:32:06.200,3327.8000,33866,0,442011540.000,0,-,-,-,-,3327.2000,3327.0000,3326.8000,3325.0000,3322.6000,3328.0000,3328.2000,3328.4000,3329.0000,3329.8000,3,2,1,1,2,1,1,1,5,2
SF,IH2012,2020-10-20 09:32:06.700,3327.2000,33865,-1,443009700.000,1,0,1,双平,S,3327.2000,3327.0000,3326.8000,3325.0000,3322.6000,3328.0000,3328.2000,3329.0000,3329.8000,3330.0000,4,2,1,1,2,3,1,5,2,10
SF,IH2012,2020-10-20 09:32:07.200,3327.2000,33864,-1,444007860.000,1,0,1,双平,S,3327.2000,3327.0000,3326.8000,3325.0000,3322.6000,3327.8000,3328.0000,3329.0000,3329.8000,3330.0000,2,3,1,1,2,1,4,5,2,10
SF,IH2012,2020-10-20 09:32:07.700,3327.2000,33862,-2,446004180.000,2,0,2,双平,S,3327.0000,3326.8000,3325.0000,3322.6000,3322.2000,3327.2000,3327.6000,3327.8000,3328.0000,3329.0000,3,1,1,2,6,1,1,1,2,5
SF,IH2012,2020-10-20 09:32:08.200,3326.8000,33861,-1,449996520.000,4,1,3,多平,S,3325.0000,3322.6000,3322.2000,3322.0000,3321.4000,3327.2000,3327.6000,3327.8000,3328.0000,3329.0000,1,2,6,2,1,1,1,1,2,5
SF,IH2012,2020-10-20 09:32:08.700,3326.8000,33861,0,449996520.000,0,-,-,-,-,3325.2000,3325.0000,3322.6000,3322.2000,3322.0000,3326.0000,3327.0000,3327.6000,3328.0000,3329.0000,4,2,2,6,2,1,3,1,2,5
SF,IH2012,2020-10-20 09:32:09.200,3326.0000,33860,-1,450994320.000,1,0,1,双平,S,3326.0000,3325.4000,3325.2000,3325.0000,3322.6000,3327.0000,3327.6000,3328.0000,3329.0000,3329.8000,1,2,2,2,2,3,1,2,5,2
SF,IH2012,2020-10-20 09:32:09.700,3326.0000,33860,0,450994320.000,0,-,-,-,-,3325.4000,3325.0000,3322.6000,3322.2000,3322.0000,3326.4000,3326.8000,3327.0000,3327.6000,3328.0000,3,2,2,6,2,10,2,2,1,2
SF,IH2012,2020-10-20 09:32:10.200,3326.0000,33860,0,450994320.000,0,-,-,-,-,3325.0000,3322.6000,3322.2000,3322.0000,3320.0000,3326.4000,3326.8000,3327.0000,3327.6000,3328.0000,1,2,6,2,1,11,2,2,1,2
SF,IH2012,2020-10-20 09:32:10.700,3325.0000,33859,-1,452989620.000,2,0,2,多平,S,3322.6000,3322.2000,3322.0000,3320.0000,3318.8000,3326.2000,3326.4000,3326.8000,3327.0000,3328.0000,2,6,2,1,1,1,11,2,2,2
SF,IH2012,2020-10-20 09:32:11.200,3325.0000,33859,0,452989620.000,0,-,-,-,-,3325.4000,3323.6000,3323.0000,3322.8000,3322.6000,3326.0000,3326.2000,3326.4000,3326.8000,3327.0000,1,1,2,10,3,2,1,11,1,2
SF,IH2012,2020-10-20 09:32:11.700,3325.0000,33859,0,453987120.000,1,0,1,多换,S,3323.6000,3323.0000,3322.8000,3322.6000,3322.4000,3325.0000,3325.8000,3326.0000,3326.2000,3326.4000,1,2,5,3,4,19,2,1,1,11
SF,IH2012,2020-10-20 09:32:12.200,3325.0000,33859,0,453987120.000,0,-,-,-,-,3323.8000,3323.6000,3323.0000,3322.8000,3322.6000,3325.0000,3325.8000,3326.0000,3326.2000,3326.4000,4,1,2,2,3,19,2,1,1,11
SF,IH2012,2020-10-20 09:32:12.700,3325.0000,33859,0,453987120.000,0,-,-,-,-,3323.8000,3323.6000,3323.0000,3322.8000,3322.6000,3325.0000,3325.8000,3326.0000,3326.2000,3326.4000,5,1,1,2,2,19,2,1,1,11
SF,IH2012,2020-10-20 09:32:13.200,3325.0000,33860,1,455982120.000,2,1,1,空开,S,3323.8000,3323.6000,3323.0000,3322.8000,3322.6000,3325.0000,3325.8000,3326.0000,3326.2000,3326.4000,5,1,1,2,2,17,2,1,1,11
SF,IH2012,2020-10-20 09:32:13.700,3325.0000,33860,0,456979620.000,1,0,1,多换,S,3324.0000,3323.8000,3323.6000,3323.0000,3322.8000,3325.0000,3325.8000,3326.0000,3326.2000,3326.4000,1,4,1,1,2,16,2,1,1,11
SF,IH2012,2020-10-20 09:32:14.200,3325.0000,33860,0,456979620.000,0,-,-,-,-,3323.8000,3323.6000,3323.0000,3322.8000,3322.6000,3325.0000,3325.8000,3326.0000,3326.2000,3326.4000,3,1,1,2,2,16,2,1,1,11
SF,IH2012,2020-10-20 09:32:14.700,3325.0000,33860,0,456979620.000,0,-,-,-,-,3324.2000,3323.8000,3323.6000,3323.0000,3322.8000,3325.0000,3325.8000,3326.0000,3326.2000,3326.4000,1,3,1,1,2,16,2,1,1,11
SF,IH2012,2020-10-20 09:32:15.200,3325.0000,33860,0,456979620.000,0,-,-,-,-,3323.8000,3323.6000,3323.0000,3322.8000,3322.6000,3325.0000,3325.8000,3326.0000,3326.2000,3326.4000,3,1,1,2,2,16,2,1,1,11
SF,IH2012,2020-10-20 09:32:15.700,3325.0000,33860,0,456979620.000,0,-,-,-,-,3323.8000,3323.6000,3323.0000,3322.8000,3322.6000,3324.0000,3325.0000,3325.8000,3326.0000,3326.2000,2,1,1,2,2,1,16,2,1,1
SF,IH2012,2020-10-20 09:32:16.200,3324.0000,33859,-1,457976820.000,1,0,1,双平,S,3324.0000,3323.8000,3323.6000,3323.0000,3322.8000,3325.0000,3325.8000,3326.0000,3326.4000,3326.8000,5,2,1,1,2,16,2,1,11,1
SF,IH2012,2020-10-20 09:32:16.700,3325.0000,33859,0,458974320.000,1,0,1,多换,S,3324.2000,3324.0000,3323.8000,3323.6000,3323.0000,3325.0000,3325.8000,3326.0000,3326.4000,3326.8000,1,3,1,1,1,15,2,1,11,1
SF,IH2012,2020-10-20 09:32:17.200,3324.4000,33857,-2,460968960.000,2,0,2,双平,S,3324.2000,3324.0000,3323.8000,3323.6000,3323.0000,3325.0000,3325.8000,3326.0000,3326.4000,3326.8000,1,4,1,1,1,15,2,1,11,1
SF,IH2012,2020-10-20 09:32:17.700,3324.8000,33856,-1,462963600.000,2,0,2,多平,S,3324.0000,3323.8000,3323.6000,3323.0000,3322.8000,3325.0000,3325.8000,3326.0000,3326.4000,3326.8000,3,1,1,1,2,15,2,1,11,1
SF,IH2012,2020-10-20 09:32:18.200,3324.8000,33856,0,462963600.000,0,-,-,-,-,3324.2000,3324.0000,3323.8000,3323.6000,3323.0000,3325.0000,3325.8000,3326.0000,3326.4000,3326.8000,1,3,1,1,1,15,2,1,11,1
SF,IH2012,2020-10-20 09:32:19.200,3324.2000,33855,-1,463960860.000,1,0,1,双平,S,3324.0000,3323.8000,3323.6000,3323.0000,3322.8000,3324.2000,3325.0000,3325.8000,3326.0000,3326.4000,3,1,1,1,2,5,15,2,1,11
SF,IH2012,2020-10-20 09:32:19.700,3324.2000,33851,-4,468947160.000,5,0,5,多平,S,3324.2000,3324.0000,3323.8000,3323.6000,3323.0000,3325.0000,3325.8000,3326.0000,3326.4000,3326.8000,7,2,1,1,1,15,2,1,11,1
SF,IH2012,2020-10-20 09:32:20.200,3325.0000,33851,0,469944660.000,1,0,1,多换,S,3324.4000,3324.2000,3324.0000,3323.8000,3323.6000,3325.0000,3325.8000,3326.0000,3326.4000,3326.8000,1,4,2,1,1,14,2,1,11,1
SF,IH2012,2020-10-20 09:32:20.700,3325.0000,33851,0,469944660.000,0,-,-,-,-,3324.2000,3324.0000,3323.8000,3323.6000,3323.2000,3325.0000,3325.8000,3326.0000,3326.4000,3326.8000,4,3,1,1,1,14,2,1,11,1
SF,IH2012,2020-10-20 09:32:21.200,3325.0000,33851,0,469944660.000,0,-,-,-,-,3324.6000,3324.2000,3324.0000,3323.8000,3323.6000,3325.0000,3325.8000,3326.0000,3326.4000,3326.8000,1,5,2,1,1,14,2,1,11,1
SF,IH2012,2020-10-20 09:32:21.700,3325.0000,33851,0,469944660.000,0,-,-,-,-,3324.6000,3324.2000,3324.0000,3323.8000,3323.6000,3325.0000,3325.8000,3326.0000,3326.4000,3326.8000,1,5,2,1,1,14,2,1,11,1
SF,IH2012,2020-10-20 09:32:22.200,3324.2000,33847,-4,488896320.000,19,7,12,多平,S,3325.0000,3324.2000,3324.0000,3323.8000,3323.6000,3325.8000,3326.0000,3326.4000,3326.8000,3327.0000,1,2,2,1,1,1,1,11,1,1
SF,IH2012,2020-10-20 09:32:22.700,3324.2000,33847,0,488896320.000,0,-,-,-,-,3325.0000,3324.2000,3324.0000,3323.8000,3323.2000,3326.0000,3326.4000,3326.8000,3327.0000,3328.0000,1,3,2,1,1,1,11,1,1,1
SF,IH2012,2020-10-20 09:32:23.200,3324.6000,33846,-1,490891080.000,2,0,2,多平,S,3324.2000,3324.0000,3323.8000,3323.2000,3323.0000,3324.6000,3326.0000,3326.4000,3326.8000,3327.0000,3,2,1,1,1,1,1,11,1,1
SF,IH2012,2020-10-20 09:32:23.700,3324.6000,33845,-1,491888460.000,1,0,1,双平,S,3324.8000,3324.6000,3324.4000,3324.2000,3324.0000,3326.0000,3326.4000,3326.8000,3327.0000,3328.0000,1,6,4,3,3,1,11,1,1,1
SF,IH2012,2020-10-20 09:32:24.200,3326.0000,33845,0,492886260.000,1,0,1,多换,S,3324.8000,3324.6000,3324.4000,3324.2000,3324.0000,3325.8000,3326.0000,3326.4000,3326.8000,3327.0000,2,3,3,2,3,1,1,10,1,1
SF,IH2012,2020-10-20 09:32:24.700,3326.0000,33845,0,492886260.000,0,-,-,-,-,3324.8000,3324.6000,3324.4000,3324.2000,3324.0000,3325.8000,3326.0000,3326.4000,3326.8000,3327.0000,2,3,3,2,3,1,1,10,1,1
SF,IH2012,2020-10-20 09:32:25.200,3324.8000,33844,-1,494881140.000,2,0,2,多平,S,3324.6000,3324.4000,3324.2000,3324.0000,3323.8000,3325.6000,3325.8000,3326.0000,3326.4000,3326.8000,3,3,2,3,1,1,1,1,10,1
SF,IH2012,2020-10-20 09:32:25.700,3324.8000,33844,0,494881140.000,0,-,-,-,-,3324.6000,3324.4000,3324.2000,3324.0000,3323.8000,3325.6000,3325.8000,3326.0000,3326.4000,3326.8000,2,3,2,3,1,1,1,1,10,1
SF,IH2012,2020-10-20 09:32:26.200,3324.8000,33844,0,494881140.000,0,-,-,-,-,3324.6000,3324.4000,3324.2000,3324.0000,3323.8000,3325.4000,3325.6000,3325.8000,3326.4000,3326.8000,1,1,2,3,1,1,3,1,10,1
SF,IH2012,2020-10-20 09:32:26.700,3324.6000,33843,-1,495878520.000,1,0,1,双平,S,3324.4000,3324.2000,3324.0000,3323.8000,3323.2000,3325.2000,3325.4000,3325.6000,3326.4000,3326.8000,1,2,3,1,1,1,1,1,10,1
SF,IH2012,2020-10-20 09:32:27.700,3324.6000,33843,0,495878520.000,0,-,-,-,-,3324.4000,3324.2000,3324.0000,3323.8000,3323.2000,3325.2000,3325.4000,3325.6000,3326.0000,3326.4000,1,2,3,1,1,1,1,1,9,10
SF,IH2012,2020-10-20 09:32:28.200,3324.6000,33843,0,495878520.000,0,-,-,-,-,3324.2000,3324.0000,3323.8000,3323.2000,3323.0000,3324.6000,3325.0000,3325.2000,3325.6000,3326.0000,2,3,1,1,1,1,1,1,1,9
SF,IH2012,2020-10-20 09:32:28.700,3324.6000,33842,-1,498870540.000,3,1,2,多平,S,3324.0000,3323.8000,3323.2000,3323.0000,3322.8000,3324.4000,3325.0000,3325.6000,3326.0000,3326.4000,3,1,1,1,2,1,1,1,9,10
SF,IH2012,2020-10-20 09:32:29.200,3324.4000,33839,-3,502859460.000,4,0,4,多平,S,3323.8000,3323.2000,3323.0000,3322.8000,3322.6000,3324.4000,3325.0000,3325.6000,3326.0000,3326.4000,1,1,1,2,2,1,1,1,9,10
SF,IH2012,2020-10-20 09:32:29.700,3324.4000,33839,0,502859460.000,0,-,-,-,-,3323.8000,3323.2000,3322.8000,3322.6000,3322.2000,3324.2000,3324.4000,3325.6000,3326.0000,3326.4000,1,1,1,2,6,3,2,1,9,10
SF,IH2012,2020-10-20 09:32:30.200,3323.8000,33838,-1,503856600.000,1,0,1,双平,S,3323.2000,3322.8000,3322.6000,3322.2000,3322.0000,3324.2000,3324.4000,3325.6000,3326.0000,3326.4000,1,1,2,6,2,2,2,1,9,10
SF,IH2012,2020-10-20 09:32:30.700,3324.2000,33839,1,504853860.000,1,1,0,双开,S,3323.2000,3322.8000,3322.6000,3322.2000,3322.0000,3324.2000,3324.4000,3325.6000,3326.0000,3326.4000,1,1,2,6,2,1,2,1,9,10
SF,IH2012,2020-10-20 09:32:31.200,3324.2000,33839,0,504853860.000,0,-,-,-,-,3323.2000,3322.8000,3322.6000,3322.2000,3322.0000,3324.0000,3324.2000,3324.4000,3326.0000,3326.4000,2,1,2,6,2,1,1,2,9,10
SF,IH2012,2020-10-20 09:32:31.700,3324.2000,33839,0,505851120.000,1,0,1,多换,S,3323.2000,3322.6000,3322.2000,3322.0000,3321.4000,3323.8000,3324.0000,3324.2000,3324.4000,3326.0000,1,2,6,2,1,2,1,1,2,9
SF,IH2012,2020-10-20 09:32:32.200,3323.2000,33838,-1,506848080.000,1,0,1,双平,S,3322.6000,3322.2000,3322.0000,3321.4000,3320.6000,3324.0000,3324.2000,3324.4000,3326.0000,3326.4000,2,6,2,1,1,1,1,2,9,10
SF,IH2012,2020-10-20 09:32:32.700,3323.2000,33838,0,506848080.000,0,-,-,-,-,3322.8000,3322.6000,3322.2000,3322.0000,3321.4000,3323.2000,3324.0000,3324.2000,3324.4000,3326.0000,1,2,6,2,1,2,1,1,1,9
SF,IH2012,2020-10-20 09:32:33.200,3323.2000,33836,-2,508842000.000,2,0,2,双平,S,3323.2000,3322.8000,3322.6000,3322.2000,3322.0000,3324.0000,3324.4000,3326.0000,3326.4000,3326.8000,3,1,2,6,2,1,1,9,10,2
SF,IH2012,2020-10-20 09:32:33.700,3322.8000,33837,1,509838840.000,1,1,0,双开,S,3322.6000,3322.2000,3322.0000,3321.4000,3320.0000,3323.2000,3324.0000,3324.4000,3326.0000,3326.4000,2,6,2,1,2,1,1,1,9,10
SF,IH2012,2020-10-20 09:32:34.200,3323.2000,33836,-1,511832760.000,2,0,2,多平,S,3322.6000,3322.2000,3322.0000,3321.4000,3320.6000,3323.2000,3324.0000,3324.4000,3326.0000,3326.4000,2,6,2,1,1,1,1,1,9,10
SF,IH2012,2020-10-20 09:32:34.700,3323.2000,33836,0,511832760.000,0,-,-,-,-,3322.6000,3322.2000,3322.0000,3321.4000,3320.6000,3323.2000,3324.0000,3324.4000,3326.0000,3326.4000,2,6,2,1,1,1,1,1,9,10
SF,IH2012,2020-10-20 09:32:35.700,3323.2000,33836,0,511832760.000,0,-,-,-,-,3322.6000,3322.2000,3322.0000,3321.4000,3321.0000,3323.2000,3324.0000,3324.4000,3324.8000,3326.0000,2,6,2,1,1,1,1,1,1,9
SF,IH2012,2020-10-20 09:32:36.200,3323.2000,33836,0,511832760.000,0,-,-,-,-,3322.6000,3322.2000,3322.0000,3321.4000,3321.0000,3323.2000,3324.0000,3324.4000,3324.8000,3326.0000,2,6,2,1,1,2,1,1,1,9
SF,IH2012,2020-10-20 09:32:36.700,3322.6000,33836,0,513826320.000,2,1,1,多换,S,3322.2000,3322.0000,3321.4000,3321.0000,3320.6000,3323.2000,3323.8000,3324.4000,3324.8000,3326.4000,6,2,1,2,1,3,9,1,1,10
SF,IH2012,2020-10-20 09:32:37.200,3322.6000,33836,0,513826320.000,0,-,-,-,-,3322.4000,3322.2000,3322.0000,3321.4000,3321.0000,3323.0000,3323.2000,3323.8000,3324.4000,3324.8000,1,7,2,1,2,2,2,9,1,1
SF,IH2012,2020-10-20 09:32:37.700,3322.4000,33835,-1,514823040.000,1,0,1,双平,S,3322.2000,3322.0000,3321.4000,3321.0000,3320.6000,3323.0000,3323.2000,3323.8000,3324.4000,3324.8000,6,2,1,2,1,2,2,13,1,1
SF,IH2012,2020-10-20 09:32:38.200,3322.4000,33835,0,514823040.000,0,-,-,-,-,3322.2000,3322.0000,3321.4000,3321.0000,3320.6000,3322.8000,3323.0000,3323.2000,3323.8000,3324.4000,5,2,1,2,1,1,1,2,13,1
SF,IH2012,2020-10-20 09:32:38.700,3322.4000,33835,0,514823040.000,0,-,-,-,-,3322.2000,3322.0000,3321.4000,3321.0000,3320.6000,3322.8000,3323.0000,3323.2000,3323.8000,3324.4000,5,2,1,1,1,1,1,2,13,1
SF,IH2012,2020-10-20 09:32:39.700,3322.4000,33835,0,514823040.000,0,-,-,-,-,3322.2000,3322.0000,3321.4000,3321.0000,3320.6000,3322.8000,3323.0000,3323.2000,3323.8000,3324.4000,5,2,1,1,1,1,1,2,13,1
SF,IH2012,2020-10-20 09:32:40.200,3322.4000,33835,0,514823040.000,0,-,-,-,-,3322.2000,3322.0000,3321.4000,3321.0000,3320.6000,3322.8000,3323.2000,3323.8000,3324.4000,3324.8000,5,2,1,1,1,1,2,13,1,1
SF,IH2012,2020-10-20 09:32:40.700,3322.4000,33835,0,514823040.000,0,-,-,-,-,3322.2000,3322.0000,3321.4000,3321.0000,3320.6000,3322.8000,3323.2000,3323.8000,3324.4000,3324.8000,5,2,1,1,1,3,2,13,1,1
SF,IH2012,2020-10-20 09:32:41.200,3322.2000,33833,-2,516816360.000,2,0,2,双平,S,3322.2000,3322.0000,3321.4000,3321.0000,3320.6000,3322.8000,3323.2000,3323.8000,3324.4000,3324.8000,3,2,1,1,1,2,2,13,1,1
SF,IH2012,2020-10-20 09:32:41.700,3322.2000,33830,-3,519806340.000,3,0,3,双平,S,3322.0000,3321.4000,3321.0000,3320.6000,3320.0000,3322.2000,3322.4000,3322.6000,3322.8000,3323.2000,2,1,1,1,2,7,2,1,2,2
SF,IH2012,2020-10-20 09:32:42.200,3321.4000,33830,0,522795960.000,3,1,2,多换,S,3321.0000,3320.6000,3320.0000,3319.8000,3318.8000,3321.4000,3322.2000,3322.6000,3322.8000,3323.2000,1,1,2,1,1,8,7,1,1,2
SF,IH2012,2020-10-20 09:32:42.700,3322.2000,33829,-1,531763980.000,9,4,5,多平,S,3321.4000,3321.2000,3321.0000,3320.6000,3320.0000,3322.2000,3322.8000,3323.2000,3323.8000,3324.4000,13,2,3,1,2,6,1,2,4,1
SF,IH2012,2020-10-20 09:32:43.200,3322.2000,33822,-7,538740600.000,7,0,7,双平,S,3322.2000,3322.0000,3321.6000,3321.4000,3321.2000,3322.8000,3323.2000,3323.8000,3324.4000,3326.4000,1,1,1,4,2,1,2,4,1,10
SF,IH2012,2020-10-20 09:32:43.700,3322.0000,33820,-2,540733860.000,2,0,2,双平,S,3321.6000,3321.4000,3321.2000,3321.0000,3320.6000,3322.2000,3322.4000,3322.6000,3322.8000,3323.2000,1,2,2,3,1,1,2,1,2,2
SF,IH2012,2020-10-20 09:32:44.200,3321.6000,33819,-1,541730340.000,1,0,1,双平,S,3321.2000,3321.0000,3320.6000,3320.2000,3320.0000,3322.0000,3322.2000,3322.6000,3322.8000,3323.0000,2,2,1,1,2,1,1,1,1,1
SF,IH2012,2020-10-20 09:32:44.700,3321.2000,33818,-1,543723060.000,2,0,2,多平,S,3321.0000,3320.6000,3320.2000,3320.0000,3319.8000,3321.8000,3322.0000,3322.2000,3322.8000,3323.0000,1,1,1,2,1,2,2,1,1,1
SF,IH2012,2020-10-20 09:32:45.200,3320.6000,33816,-2,545715540.000,2,0,2,双平,S,3320.2000,3320.0000,3319.8000,3319.0000,3318.8000,3321.0000,3321.4000,3321.6000,3322.2000,3322.8000,1,2,1,1,1,1,1,3,1,1
SF,IH2012,2020-10-20 09:32:45.700,3320.2000,33814,-2,547707720.000,2,0,2,双平,S,3320.2000,3320.0000,3319.8000,3319.0000,3318.8000,3321.2000,3321.6000,3322.2000,3322.8000,3323.0000,1,2,1,1,1,1,2,1,5,1
SF,IH2012,2020-10-20 09:32:46.200,3320.2000,33814,0,549699840.000,2,1,1,多换,S,3320.0000,3319.8000,3319.0000,3318.8000,3318.0000,3320.2000,3321.6000,3322.2000,3322.8000,3323.0000,2,1,1,1,2,3,1,1,5,1
SF,IH2012,2020-10-20 09:32:46.700,3321.6000,33811,-3,553684500.000,4,0,4,多平,S,3320.2000,3320.0000,3319.8000,3319.0000,3318.8000,3322.2000,3322.8000,3323.0000,3323.2000,3324.4000,6,2,1,1,1,1,5,1,1,2
SF,IH2012,2020-10-20 09:32:47.200,3321.6000,33811,0,553684500.000,0,-,-,-,-,3320.4000,3320.2000,3320.0000,3319.8000,3319.0000,3321.6000,3321.8000,3322.0000,3322.2000,3322.8000,1,2,2,1,1,1,2,4,3,5
SF,IH2012,2020-10-20 09:32:47.700,3320.2000,33810,-1,554680560.000,1,0,1,双平,S,3321.0000,3320.2000,3320.0000,3319.8000,3319.0000,3321.4000,3321.6000,3322.0000,3322.2000,3322.8000,1,1,2,1,1,2,2,1,3,5
SF,IH2012,2020-10-20 09:32:48.200,3320.8000,33809,-1,555676800.000,1,0,1,双平,S,3320.2000,3320.0000,3319.8000,3319.0000,3318.8000,3321.0000,3321.4000,3321.6000,3322.2000,3322.8000,1,2,1,1,1,1,3,2,3,5
SF,IH2012,2020-10-20 09:32:48.700,3320.2000,33809,0,556672860.000,1,0,1,多换,S,3320.0000,3319.8000,3319.0000,3318.8000,3318.2000,3320.8000,3321.0000,3321.4000,3321.6000,3322.2000,2,1,1,1,1,1,1,1,2,1
SF,IH2012,2020-10-20 09:32:49.200,3320.2000,33809,0,556672860.000,0,-,-,-,-,3320.0000,3319.8000,3319.0000,3318.8000,3318.2000,3320.4000,3320.8000,3321.0000,3321.4000,3321.6000,2,1,1,1,1,10,1,1,1,2
SF,IH2012,2020-10-20 09:32:49.700,3320.2000,33808,-1,557668920.000,1,0,1,双平,S,3320.0000,3319.8000,3319.0000,3318.8000,3318.2000,3320.4000,3320.8000,3321.0000,3321.4000,3321.6000,2,1,1,1,1,10,1,1,1,2
SF,IH2012,2020-10-20 09:32:50.200,3320.0000,33807,-1,558664920.000,1,0,1,双平,S,3320.0000,3319.8000,3319.0000,3318.8000,3318.2000,3320.4000,3321.0000,3321.4000,3321.6000,3322.2000,1,1,1,1,1,11,1,1,2,1
SF,IH2012,2020-10-20 09:32:50.700,3319.8000,33796,-11,573606420.000,15,2,13,多平,S,3319.0000,3318.8000,3318.2000,3318.0000,3317.2000,3320.0000,3321.0000,3321.4000,3321.6000,3322.2000,1,1,1,2,1,9,1,1,2,1
SF,IH2012,2020-10-20 09:32:51.200,3320.0000,33794,-2,583566420.000,10,4,6,多平,S,3319.4000,3319.2000,3319.0000,3318.8000,3318.2000,3321.0000,3321.6000,3322.2000,3322.8000,3323.0000,1,12,4,1,1,1,2,1,5,1
SF,IH2012,2020-10-20 09:32:51.700,3320.0000,33794,0,584562420.000,1,0,1,多换,S,3319.6000,3319.4000,3319.0000,3318.8000,3318.2000,3320.2000,3320.8000,3321.0000,3321.6000,3322.2000,3,1,3,1,1,2,2,2,2,1
SF,IH2012,2020-10-20 09:32:52.200,3320.2000,33792,-2,586554540.000,2,0,2,双平,S,3319.6000,3319.0000,3318.8000,3318.2000,3318.0000,3320.8000,3321.0000,3321.6000,3322.2000,3322.8000,3,3,1,1,6,1,1,1,1,4
SF,IH2012,2020-10-20 09:32:52.700,3320.0000,33792,0,587550540.000,1,0,1,多换,S,3319.6000,3319.0000,3318.8000,3318.2000,3318.0000,3321.0000,3321.6000,3322.0000,3322.2000,3322.8000,4,3,1,1,6,1,1,1,1,4
SF,IH2012,2020-10-20 09:32:53.200,3319.6000,33795,3,592530000.000,5,4,1,空开,S,3319.0000,3318.8000,3318.2000,3318.0000,3317.2000,3319.6000,3321.0000,3321.6000,3322.0000,3322.2000,2,1,1,6,1,5,1,1,1,1
SF,IH2012,2020-10-20 09:32:53.700,3319.6000,33795,0,597509400.000,5,2,3,多换,S,3319.6000,3319.4000,3319.2000,3319.0000,3318.8000,3321.6000,3322.0000,3322.8000,3323.0000,3323.2000,13,4,2,5,1,1,1,4,1,1
SF,IH2012,2020-10-20 09:32:54.200,3319.6000,33795,0,598505280.000,1,0,1,多换,S,3319.6000,3319.4000,3319.2000,3319.0000,3318.8000,3321.4000,3321.6000,3322.0000,3322.8000,3323.0000,3,1,1,4,1,4,2,1,4,1
SF,IH2012,2020-10-20 09:32:54.700,3319.6000,33794,-1,600497040.000,2,0,2,多平,S,3319.4000,3319.0000,3318.8000,3318.2000,3318.0000,3321.2000,3321.4000,3321.6000,3322.0000,3322.8000,1,3,1,1,6,1,5,1,1,4
SF,IH2012,2020-10-20 09:32:55.200,3321.0000,33793,-1,602489640.000,2,0,2,多平,S,3319.8000,3319.4000,3319.0000,3318.8000,3318.2000,3321.0000,3321.2000,3321.6000,3322.0000,3322.8000,1,2,2,1,1,3,1,1,1,4
SF,IH2012,2020-10-20 09:32:55.700,3321.0000,33793,0,603485940.000,1,0,1,多换,S,3319.4000,3319.0000,3318.8000,3318.2000,3318.0000,3321.0000,3321.2000,3321.6000,3322.0000,3322.8000,2,2,1,1,6,1,1,1,1,4
SF,IH2012,2020-10-20 09:32:56.200,3321.0000,33793,0,603485940.000,0,-,-,-,-,3319.6000,3319.4000,3319.0000,3318.8000,3318.2000,3321.0000,3321.6000,3322.0000,3322.8000,3323.0000,1,2,2,1,1,2,1,1,4,1
SF,IH2012,2020-10-20 09:32:56.700,3321.0000,33793,0,603485940.000,0,-,-,-,-,3319.6000,3319.4000,3319.0000,3318.8000,3318.2000,3320.8000,3321.0000,3321.6000,3322.0000,3322.8000,2,2,2,1,1,1,1,1,1,4
SF,IH2012,2020-10-20 09:32:57.200,3321.0000,33793,0,603485940.000,0,-,-,-,-,3319.8000,3319.6000,3319.4000,3319.0000,3318.8000,3320.8000,3321.6000,3322.0000,3322.8000,3323.0000,2,2,2,2,1,1,1,1,4,1
SF,IH2012,2020-10-20 09:32:57.700,3321.0000,33793,0,603485940.000,0,-,-,-,-,3320.0000,3319.8000,3319.6000,3319.4000,3319.0000,3321.6000,3322.0000,3322.8000,3323.0000,3323.2000,1,2,2,2,2,1,1,4,1,1
SF,IH2012,2020-10-20 09:32:58.200,3320.2000,33794,1,604482000.000,1,1,0,双开,S,3320.0000,3319.6000,3319.4000,3319.0000,3318.8000,3321.4000,3321.6000,3322.0000,3322.8000,3323.0000,2,1,2,2,1,1,3,1,4,1
SF,IH2012,2020-10-20 09:32:58.700,3320.2000,33794,0,605478060.000,1,0,1,多换,S,3320.0000,3319.4000,3319.0000,3318.8000,3318.2000,3321.2000,3321.4000,3321.6000,3322.0000,3322.8000,1,2,2,1,1,1,1,2,1,4
SF,IH2012,2020-10-20 09:32:59.200,3320.2000,33794,0,606474120.000,1,0,1,多换,S,3320.2000,3320.0000,3319.4000,3319.0000,3318.8000,3321.2000,3321.4000,3321.6000,3322.0000,3322.8000,1,1,2,2,1,1,1,2,1,4
SF,IH2012,2020-10-20 09:32:59.700,3321.2000,33794,0,607470480.000,1,0,1,多换,S,3321.2000,3320.2000,3319.4000,3319.0000,3318.8000,3321.6000,3322.0000,3322.8000,3323.0000,3323.2000,2,3,2,2,1,2,1,4,1,1
SF,IH2012,2020-10-20 09:33:00.200,3321.2000,33794,0,607470480.000,0,-,-,-,-,3320.2000,3319.4000,3319.0000,3318.8000,3318.0000,3321.6000,3322.0000,3322.8000,3323.0000,3323.2000,3,2,2,1,6,1,1,4,1,1
SF,IH2012,2020-10-20 09:33:00.700,3320.4000,33794,0,618428520.000,11,5,6,多换,S,3320.4000,3320.2000,3319.4000,3319.0000,3318.8000,3322.0000,3322.8000,3323.0000,3323.2000,3324.4000,2,3,2,2,1,1,4,1,1,2
SF,IH2012,2020-10-20 09:33:01.200,3320.4000,33794,0,618428520.000,0,-,-,-,-,3320.8000,3320.6000,3320.4000,3320.2000,3319.4000,3321.8000,3322.0000,3322.8000,3323.0000,3323.2000,1,2,2,1,2,2,1,4,1,1
SF,IH2012,2020-10-20 09:33:01.700,3320.4000,33794,0,618428520.000,0,-,-,-,-,3320.8000,3320.6000,3320.4000,3320.2000,3320.0000,3321.8000,3322.0000,3322.8000,3323.0000,3323.2000,2,1,2,1,4,1,1,4,1,1
SF,IH2012,2020-10-20 09:33:02.200,3322.0000,33792,-2,622414860.000,4,1,3,多平,S,3322.0000,3321.0000,3320.8000,3320.4000,3320.2000,3322.8000,3323.2000,3324.4000,3326.8000,3327.0000,1,1,2,2,1,4,1,2,1,1
SF,IH2012,2020-10-20 09:33:02.700,3322.0000,33791,-1,623411460.000,1,0,1,双平,S,3321.0000,3320.8000,3320.4000,3320.2000,3320.0000,3321.6000,3322.6000,3322.8000,3323.2000,3324.4000,1,2,2,1,4,1,1,5,1,2
SF,IH2012,2020-10-20 09:33:03.200,3322.0000,33791,0,623411460.000,0,-,-,-,-,3321.6000,3321.2000,3321.0000,3320.8000,3320.6000,3322.8000,3323.2000,3324.4000,3326.8000,3327.0000,5,2,1,2,2,5,1,2,1,1
SF,IH2012,2020-10-20 09:33:03.700,3322.0000,33791,0,623411460.000,0,-,-,-,-,3321.6000,3321.4000,3321.2000,3321.0000,3320.8000,3322.8000,3323.2000,3324.4000,3326.8000,3327.0000,2,1,2,1,1,5,1,2,1,1
SF,IH2012,2020-10-20 09:33:04.200,3322.0000,33791,0,623411460.000,0,-,-,-,-,3321.6000,3321.4000,3321.2000,3321.0000,3320.2000,3322.6000,3322.8000,3323.2000,3324.4000,3326.8000,2,1,2,1,1,1,5,1,2,1
SF,IH2012,2020-10-20 09:33:04.700,3322.0000,33791,0,623411460.000,0,-,-,-,-,3321.8000,3321.6000,3321.4000,3321.2000,3320.2000,3322.6000,3322.8000,3323.2000,3324.4000,3326.8000,1,2,1,2,1,1,5,1,2,1
SF,IH2012,2020-10-20 09:33:05.200,3322.6000,33791,0,624408240.000,1,0,1,多换,S,3322.6000,3321.8000,3321.6000,3321.4000,3321.2000,3322.8000,3323.2000,3324.4000,3326.8000,3327.0000,1,1,2,1,2,5,1,2,1,1
SF,IH2012,2020-10-20 09:33:05.700,3322.8000,33791,0,628395600.000,4,2,2,多换,S,3322.8000,3322.4000,3321.8000,3321.6000,3321.4000,3323.2000,3324.4000,3326.8000,3327.0000,3329.0000,4,2,1,2,1,1,2,1,1,1
SF,IH2012,2020-10-20 09:33:06.200,3323.2000,33791,0,629392560.000,1,0,1,多换,S,3323.0000,3322.8000,3322.4000,3321.8000,3321.6000,3324.4000,3326.6000,3326.8000,3327.0000,3329.0000,1,1,2,1,1,1,1,1,1,1
SF,IH2012,2020-10-20 09:33:06.700,3323.2000,33791,0,629392560.000,0,-,-,-,-,3323.0000,3322.8000,3322.4000,3321.6000,3321.4000,3323.6000,3324.0000,3324.2000,3324.4000,3326.6000,2,1,2,1,1,1,1,12,1,1
SF,IH2012,2020-10-20 09:33:07.200,3323.4000,33790,-1,630389580.000,1,0,1,双平,S,3323.0000,3322.8000,3322.4000,3321.6000,3321.4000,3323.4000,3324.0000,3324.2000,3324.4000,3326.6000,1,1,2,1,1,1,1,1,1,1
SF,IH2012,2020-10-20 09:33:07.700,3323.4000,33789,-1,631386600.000,1,0,1,双平,S,3323.4000,3323.2000,3323.0000,3322.8000,3322.4000,3324.2000,3324.4000,3326.6000,3326.8000,3327.0000,1,1,1,1,2,1,1,1,1,1
SF,IH2012,2020-10-20 09:33:08.200,3323.4000,33789,0,631386600.000,0,-,-,-,-,3323.6000,3323.4000,3323.2000,3322.8000,3322.4000,3324.4000,3326.6000,3326.8000,3327.0000,3329.0000,1,1,1,1,2,1,1,1,1,2
SF,IH2012,2020-10-20 09:33:08.700,3323.4000,33789,0,631386600.000,0,-,-,-,-,3323.8000,3323.6000,3323.4000,3323.2000,3322.4000,3324.0000,3324.4000,3326.6000,3326.8000,3327.0000,1,2,1,2,2,1,1,1,1,1
SF,IH2012,2020-10-20 09:33:09.200,3324.0000,33788,-1,632383800.000,1,0,1,双平,S,3324.0000,3323.8000,3323.6000,3323.4000,3323.2000,3324.4000,3326.6000,3326.8000,3327.0000,3329.0000,2,1,1,1,2,1,1,1,1,2
SF,IH2012,2020-10-20 09:33:09.700,3324.4000,33788,0,633381120.000,1,0,1,多换,S,3324.4000,3324.2000,3324.0000,3323.8000,3323.6000,3326.8000,3327.0000,3329.0000,3329.8000,3330.0000,1,1,1,1,1,1,1,2,1,2
SF,IH2012,2020-10-20 09:33:10.200,3324.4000,33787,-1,634378440.000,1,0,1,双平,S,3324.6000,3323.8000,3323.6000,3323.2000,3323.0000,3325.8000,3326.2000,3326.4000,3326.6000,3326.8000,2,1,1,2,1,2,2,7,10,5
SF,IH2012,2020-10-20 09:33:10.700,3324.6000,33786,-1,637370580.000,3,1,2,多平,S,3324.6000,3323.6000,3323.2000,3323.0000,3322.4000,3324.8000,3325.2000,3325.4000,3325.6000,3325.8000,4,1,2,1,2,1,1,4,8,2
SF,IH2012,2020-10-20 09:33:11.200,3324.6000,33788,2,642357480.000,5,3,2,空开,S,3323.6000,3323.2000,3323.0000,3322.4000,3321.4000,3324.6000,3325.2000,3325.4000,3325.6000,3325.8000,1,2,1,2,1,2,1,4,6,2
SF,IH2012,2020-10-20 09:33:11.700,3324.6000,33787,-1,643354860.000,1,0,1,双平,S,3323.6000,3323.2000,3323.0000,3322.4000,3321.4000,3324.6000,3325.2000,3325.4000,3325.6000,3325.8000,1,2,1,2,1,1,1,4,5,2
SF,IH2012,2020-10-20 09:33:12.200,3324.6000,33787,0,643354860.000,0,-,-,-,-,3323.6000,3323.2000,3323.0000,3322.4000,3321.4000,3324.6000,3325.2000,3325.4000,3325.6000,3325.8000,1,2,1,2,1,1,1,4,6,2
SF,IH2012,2020-10-20 09:33:12.700,3324.6000,33787,0,643354860.000,0,-,-,-,-,3323.8000,3323.6000,3323.2000,3323.0000,3322.6000,3324.6000,3325.4000,3325.6000,3325.8000,3326.2000,1,1,2,1,2,1,1,6,2,1
SF,IH2012,2020-10-20 09:33:13.200,3324.6000,33787,0,643354860.000,0,-,-,-,-,3323.8000,3323.6000,3323.2000,3323.0000,3322.6000,3324.6000,3325.4000,3325.6000,3325.8000,3326.2000,1,1,2,1,2,1,1,6,2,1
SF,IH2012,2020-10-20 09:33:13.700,3324.6000,33787,0,643354860.000,0,-,-,-,-,3324.0000,3323.8000,3323.2000,3323.0000,3322.6000,3324.6000,3325.6000,3325.8000,3326.2000,3326.4000,3,1,2,1,2,1,1,2,1,2
SF,IH2012,2020-10-20 09:33:14.200,3324.6000,33787,0,643354860.000,0,-,-,-,-,3324.2000,3324.0000,3323.2000,3323.0000,3322.6000,3325.6000,3325.8000,3326.4000,3326.6000,3326.8000,1,4,2,1,2,1,2,2,4,5
SF,IH2012,2020-10-20 09:33:14.700,3324.6000,33787,0,643354860.000,0,-,-,-,-,3324.4000,3324.2000,3323.2000,3323.0000,3322.6000,3324.8000,3325.4000,3325.6000,3326.4000,3326.6000,3,1,2,1,2,1,1,1,2,3
SF,IH2012,2020-10-20 09:33:15.200,3324.8000,33786,-1,644352300.000,1,0,1,双平,S,3325.0000,3324.8000,3324.6000,3324.4000,3324.2000,3325.4000,3325.6000,3326.4000,3326.6000,3326.8000,2,5,1,2,1,2,1,2,3,5
SF,IH2012,2020-10-20 09:33:15.700,3325.2000,33779,-7,651334620.000,7,0,7,双平,S,3324.4000,3324.2000,3323.2000,3323.0000,3322.4000,3325.4000,3325.6000,3326.4000,3326.6000,3326.8000,1,1,2,1,4,2,1,2,3,5
SF,IH2012,2020-10-20 09:33:16.200,3324.4000,33778,-1,652331940.000,1,0,1,双平,S,3324.2000,3323.2000,3323.0000,3322.4000,3321.4000,3325.2000,3325.4000,3325.6000,3325.8000,3326.4000,1,2,1,2,1,2,2,1,3,2
SF,IH2012,2020-10-20 09:33:16.700,3324.4000,33778,0,652331940.000,0,-,-,-,-,3323.2000,3323.0000,3322.4000,3322.2000,3321.4000,3324.2000,3324.8000,3325.0000,3325.2000,3325.4000,2,1,2,1,1,1,1,1,1,2
SF,IH2012,2020-10-20 09:33:17.200,3324.4000,33778,0,652331940.000,0,-,-,-,-,3323.4000,3323.2000,3323.0000,3322.4000,3322.2000,3324.2000,3324.8000,3325.2000,3325.4000,3325.6000,1,2,1,2,1,1,1,1,2,1
SF,IH2012,2020-10-20 09:33:17.700,3323.2000,33777,-1,654325920.000,2,0,2,多平,S,3324.2000,3323.2000,3323.0000,3322.4000,3322.2000,3324.8000,3325.2000,3325.4000,3325.6000,3325.8000,2,1,1,2,1,1,1,2,1,3
SF,IH2012,2020-10-20 09:33:18.200,3324.2000,33774,-3,658314900.000,4,0,4,多平,S,3323.2000,3323.0000,3322.4000,3322.2000,3321.6000,3324.0000,3324.2000,3324.4000,3324.6000,3324.8000,1,1,2,1,1,5,3,1,10,2
SF,IH2012,2020-10-20 09:33:18.700,3324.2000,33774,0,658314900.000,0,-,-,-,-,3323.2000,3323.0000,3322.4000,3322.2000,3321.6000,3324.0000,3324.2000,3324.4000,3324.6000,3324.8000,1,1,2,1,1,5,2,1,10,2
SF,IH2012,2020-10-20 09:33:19.200,3324.2000,33774,0,658314900.000,0,-,-,-,-,3323.2000,3323.0000,3322.4000,3322.2000,3321.6000,3323.8000,3324.0000,3324.2000,3324.4000,3324.6000,2,1,2,1,1,1,5,2,1,10
SF,IH2012,2020-10-20 09:33:19.700,3324.2000,33774,0,658314900.000,0,-,-,-,-,3323.2000,3323.0000,3322.4000,3322.2000,3321.6000,3323.8000,3324.2000,3324.4000,3324.6000,3324.8000,2,1,2,1,1,1,2,1,10,2
SF,IH2012,2020-10-20 09:33:20.200,3324.2000,33774,0,658314900.000,0,-,-,-,-,3323.4000,3323.2000,3323.0000,3322.4000,3322.2000,3323.8000,3324.2000,3324.4000,3324.6000,3324.8000,1,2,1,2,1,1,2,1,10,2
SF,IH2012,2020-10-20 09:33:20.700,3323.4000,33773,-1,659311920.000,1,0,1,双平,S,3324.0000,3323.2000,3323.0000,3322.4000,3322.2000,3324.2000,3324.6000,3324.8000,3325.4000,3325.6000,1,3,2,2,1,2,10,2,1,1
SF,IH2012,2020-10-20 09:33:21.200,3324.0000,33771,-2,661306380.000,2,0,2,双平,S,3323.2000,3323.0000,3322.4000,3322.2000,3321.6000,3323.8000,3324.0000,3324.2000,3324.6000,3324.8000,3,2,2,1,1,7,2,1,10,1
SF,IH2012,2020-10-20 09:33:21.700,3324.0000,33771,0,661306380.000,0,-,-,-,-,3323.2000,3323.0000,3322.4000,3322.2000,3321.6000,3323.8000,3324.0000,3324.6000,3324.8000,3325.4000,3,2,2,1,1,2,2,11,1,1
SF,IH2012,2020-10-20 09:33:22.200,3324.0000,33771,0,661306380.000,0,-,-,-,-,3323.2000,3323.0000,3322.4000,3322.2000,3321.6000,3323.8000,3324.0000,3324.6000,3324.8000,3325.4000,3,2,2,1,1,2,2,3,1,1
SF,IH2012,2020-10-20 09:33:23.700,3324.0000,33771,0,661306380.000,0,-,-,-,-,3323.2000,3323.0000,3322.4000,3322.2000,3321.6000,3323.8000,3324.0000,3324.6000,3324.8000,3325.4000,3,2,2,1,1,2,2,3,1,1
SF,IH2012,2020-10-20 09:33:24.200,3323.8000,33770,-1,662303520.000,1,0,1,双平,S,3323.2000,3323.0000,3322.4000,3322.2000,3321.6000,3323.8000,3324.0000,3324.6000,3324.8000,3325.4000,3,2,2,1,1,1,2,3,1,1
SF,IH2012,2020-10-20 09:33:25.200,3323.8000,33770,0,662303520.000,0,-,-,-,-,3323.4000,3323.2000,3323.0000,3322.4000,3322.2000,3323.8000,3324.0000,3324.6000,3324.8000,3325.4000,3,3,2,2,1,1,2,3,1,1
SF,IH2012,2020-10-20 09:33:25.700,3323.4000,33770,0,665294580.000,3,1,2,多换,S,3323.2000,3323.0000,3322.4000,3322.2000,3321.6000,3323.8000,3324.0000,3324.6000,3324.8000,3325.4000,3,2,2,1,1,1,2,3,1,1
SF,IH2012,2020-10-20 09:33:26.200,3323.4000,33770,0,665294580.000,0,-,-,-,-,3323.2000,3323.0000,3322.4000,3322.2000,3321.6000,3323.8000,3324.0000,3324.6000,3324.8000,3325.4000,3,2,2,1,1,1,2,3,1,1
SF,IH2012,2020-10-20 09:33:26.700,3323.4000,33770,0,665294580.000,0,-,-,-,-,3323.2000,3323.0000,3322.4000,3322.2000,3321.6000,3323.8000,3324.0000,3324.6000,3324.8000,3325.4000,3,6,2,1,1,1,1,3,1,1
SF,IH2012,2020-10-20 09:33:27.200,3323.4000,33770,0,665294580.000,0,-,-,-,-,3323.2000,3323.0000,3322.4000,3322.2000,3321.6000,3323.8000,3324.0000,3324.6000,3324.8000,3325.4000,3,2,2,1,1,1,1,3,1,1
SF,IH2012,2020-10-20 09:33:27.700,3323.4000,33770,0,665294580.000,0,-,-,-,-,3323.4000,3323.2000,3323.0000,3322.4000,3322.2000,3323.8000,3324.0000,3324.6000,3324.8000,3325.4000,1,3,2,2,1,1,1,3,1,1
SF,IH2012,2020-10-20 09:33:28.200,3323.4000,33770,0,665294580.000,0,-,-,-,-,3323.4000,3323.2000,3323.0000,3322.6000,3322.4000,3324.0000,3324.6000,3324.8000,3325.4000,3325.6000,1,3,2,4,2,1,3,1,1,1
SF,IH2012,2020-10-20 09:33:28.700,3323.4000,33770,0,665294580.000,0,-,-,-,-,3323.4000,3323.2000,3323.0000,3322.6000,3322.4000,3324.6000,3324.8000,3325.4000,3325.6000,3325.8000,1,2,2,4,2,3,1,1,1,3
SF,IH2012,2020-10-20 09:33:29.200,3323.4000,33770,0,665294580.000,0,-,-,-,-,3323.8000,3323.4000,3323.2000,3323.0000,3322.6000,3324.2000,3324.4000,3324.6000,3324.8000,3325.4000,3,1,2,2,4,6,6,3,1,1
SF,IH2012,2020-10-20 09:33:29.700,3323.6000,33767,-3,668285820.000,3,0,3,双平,S,3323.2000,3323.0000,3322.6000,3322.4000,3322.2000,3323.6000,3324.0000,3324.2000,3324.4000,3324.6000,2,2,4,2,1,2,3,6,3,3
SF,IH2012,2020-10-20 09:33:30.200,3323.6000,33765,-2,670279980.000,2,0,2,双平,S,3323.6000,3323.2000,3323.0000,3322.6000,3322.4000,3324.2000,3324.4000,3324.6000,3324.8000,3325.4000,1,3,2,4,2,6,1,3,1,1
SF,IH2012,2020-10-20 09:33:30.700,3323.6000,33765,0,670279980.000,0,-,-,-,-,3323.6000,3323.2000,3323.0000,3322.6000,3322.4000,3324.2000,3324.6000,3324.8000,3325.4000,3325.6000,2,3,2,4,2,1,3,1,1,1
SF,IH2012,2020-10-20 09:33:31.200,3323.6000,33765,0,670279980.000,0,-,-,-,-,3323.8000,3323.6000,3323.2000,3323.0000,3322.6000,3324.6000,3324.8000,3325.4000,3325.6000,3325.8000,1,2,3,2,4,3,1,1,1,3
SF,IH2012,2020-10-20 09:33:31.700,3323.6000,33765,0,670279980.000,0,-,-,-,-,3323.8000,3323.6000,3323.2000,3323.0000,3322.6000,3324.6000,3324.8000,3325.4000,3325.6000,3325.8000,1,2,3,2,4,2,1,1,1,3
SF,IH2012,2020-10-20 09:33:32.200,3324.8000,33763,-2,672274800.000,2,0,2,双平,S,3324.6000,3323.8000,3323.6000,3323.2000,3323.0000,3325.4000,3325.6000,3325.8000,3326.4000,3326.6000,2,1,2,3,2,1,1,3,1,2
SF,IH2012,2020-10-20 09:33:32.700,3324.8000,33763,0,672274800.000,0,-,-,-,-,3324.6000,3323.8000,3323.6000,3323.2000,3323.0000,3325.2000,3325.4000,3325.6000,3325.8000,3326.4000,2,1,2,3,2,1,1,1,3,1
SF,IH2012,2020-10-20 09:33:33.200,3324.8000,33763,0,672274800.000,0,-,-,-,-,3324.4000,3323.8000,3323.6000,3323.2000,3323.0000,3325.4000,3325.6000,3325.8000,3326.4000,3326.6000,1,1,2,3,2,1,1,3,1,2
SF,IH2012,2020-10-20 09:33:33.700,3324.8000,33763,0,672274800.000,0,-,-,-,-,3324.4000,3323.6000,3323.2000,3323.0000,3322.6000,3325.4000,3325.6000,3325.8000,3326.4000,3326.6000,1,2,3,2,4,1,1,3,1,2
SF,IH2012,2020-10-20 09:33:34.200,3324.8000,33763,0,672274800.000,0,-,-,-,-,3324.4000,3323.6000,3323.2000,3323.0000,3322.6000,3325.4000,3325.6000,3325.8000,3326.4000,3326.6000,1,2,3,2,4,1,1,3,1,2
SF,IH2012,2020-10-20 09:33:34.700,3324.8000,33763,0,672274800.000,0,-,-,-,-,3324.4000,3323.6000,3323.2000,3323.0000,3322.6000,3325.4000,3325.6000,3325.8000,3326.4000,3326.6000,1,2,3,2,4,1,1,3,1,2
SF,IH2012,2020-10-20 09:33:35.200,3324.8000,33763,0,672274800.000,0,-,-,-,-,3324.4000,3323.6000,3323.2000,3323.0000,3322.6000,3325.4000,3325.6000,3325.8000,3326.4000,3326.6000,1,2,3,2,4,3,1,3,1,2
SF,IH2012,2020-10-20 09:33:36.200,3324.4000,33762,-1,673272120.000,1,0,1,双平,S,3323.6000,3323.2000,3323.0000,3322.6000,3322.4000,3325.4000,3325.6000,3325.8000,3326.4000,3326.6000,2,3,2,4,2,3,1,3,1,2
SF,IH2012,2020-10-20 09:33:36.700,3324.4000,33762,0,673272120.000,0,-,-,-,-,3323.6000,3323.2000,3323.0000,3322.6000,3322.4000,3325.0000,3325.2000,3325.4000,3325.6000,3325.8000,2,3,2,4,2,5,8,3,1,3
SF,IH2012,2020-10-20 09:33:37.200,3324.4000,33762,0,673272120.000,0,-,-,-,-,3323.6000,3323.2000,3323.0000,3322.6000,3322.4000,3325.0000,3325.2000,3325.4000,3325.6000,3325.8000,1,3,2,4,2,5,7,3,1,3
SF,IH2012,2020-10-20 09:33:37.700,3325.0000,33761,-1,675267060.000,2,0,2,多平,S,3323.6000,3323.2000,3323.0000,3322.6000,3322.4000,3325.0000,3325.2000,3325.4000,3325.6000,3325.8000,2,3,2,4,2,4,6,3,1,3
SF,IH2012,2020-10-20 09:33:38.200,3325.0000,33756,-5,680254560.000,5,0,5,双平,S,3323.8000,3323.6000,3323.2000,3323.0000,3322.6000,3325.0000,3325.2000,3325.4000,3325.6000,3325.8000,1,2,3,2,4,2,3,3,2,3
SF,IH2012,2020-10-20 09:33:38.700,3325.0000,33756,0,681252060.000,1,0,1,多换,S,3323.8000,3323.6000,3323.2000,3323.0000,3322.6000,3325.0000,3325.2000,3325.4000,3325.6000,3325.8000,2,2,3,2,4,1,3,3,2,3
SF,IH2012,2020-10-20 09:33:39.200,3325.0000,33756,0,681252060.000,0,-,-,-,-,3324.0000,3323.8000,3323.6000,3323.2000,3323.0000,3325.0000,3325.2000,3325.4000,3325.6000,3325.8000,1,2,2,3,2,1,2,3,2,3
SF,IH2012,2020-10-20 09:33:39.700,3325.0000,33756,0,681252060.000,0,-,-,-,-,3324.0000,3323.8000,3323.6000,3323.2000,3323.0000,3325.0000,3325.2000,3325.4000,3325.6000,3325.8000,1,2,2,3,2,1,1,3,2,3
SF,IH2012,2020-10-20 09:33:40.200,3325.0000,33756,0,681252060.000,0,-,-,-,-,3324.2000,3324.0000,3323.8000,3323.6000,3323.2000,3325.0000,3325.2000,3325.4000,3325.6000,3325.8000,1,1,1,2,3,1,1,3,2,3
SF,IH2012,2020-10-20 09:33:40.700,3325.0000,33756,0,681252060.000,0,-,-,-,-,3324.2000,3324.0000,3323.8000,3323.6000,3323.2000,3325.0000,3325.4000,3325.6000,3325.8000,3326.4000,1,1,1,2,3,1,3,2,3,1
SF,IH2012,2020-10-20 09:33:41.200,3325.0000,33756,0,681252060.000,0,-,-,-,-,3324.2000,3324.0000,3323.8000,3323.6000,3323.2000,3325.4000,3325.6000,3325.8000,3326.4000,3326.6000,1,2,1,2,3,3,2,3,1,1
SF,IH2012,2020-10-20 09:33:41.700,3325.0000,33756,0,681252060.000,0,-,-,-,-,3324.2000,3324.0000,3323.8000,3323.6000,3323.2000,3325.2000,3325.4000,3325.6000,3325.8000,3326.4000,1,1,1,2,3,1,3,2,3,1
SF,IH2012,2020-10-20 09:33:42.200,3325.0000,33756,0,681252060.000,0,-,-,-,-,3324.2000,3324.0000,3323.8000,3323.6000,3323.2000,3325.0000,3325.2000,3325.4000,3325.6000,3325.8000,1,1,1,2,3,1,1,3,2,3
SF,IH2012,2020-10-20 09:33:42.700,3325.0000,33756,0,681252060.000,0,-,-,-,-,3324.0000,3323.8000,3323.6000,3323.2000,3323.0000,3324.2000,3325.0000,3325.2000,3325.4000,3325.6000,1,1,2,3,2,6,1,1,3,2
SF,IH2012,2020-10-20 09:33:43.200,3324.2000,33756,0,684243840.000,3,1,2,多换,S,3324.0000,3323.8000,3323.6000,3323.2000,3323.0000,3324.2000,3325.0000,3325.2000,3325.4000,3325.6000,1,1,2,3,2,3,1,1,3,2
SF,IH2012,2020-10-20 09:33:43.700,3324.2000,33756,0,686238360.000,2,1,1,多换,S,3324.0000,3323.8000,3323.6000,3323.2000,3323.0000,3324.2000,3325.0000,3325.2000,3325.4000,3325.6000,1,1,2,3,2,1,1,1,3,2
SF,IH2012,2020-10-20 09:33:44.200,3324.2000,33756,0,687235620.000,1,0,1,多换,S,3324.0000,3323.8000,3323.6000,3323.2000,3323.0000,3325.0000,3325.2000,3325.4000,3325.6000,3325.8000,1,1,2,3,2,2,1,3,2,3
SF,IH2012,2020-10-20 09:33:44.700,3324.2000,33756,0,687235620.000,0,-,-,-,-,3324.0000,3323.8000,3323.6000,3323.2000,3323.0000,3324.8000,3325.0000,3325.2000,3325.4000,3325.6000,1,1,2,3,2,1,2,1,2,2
SF,IH2012,2020-10-20 09:33:45.200,3324.0000,33756,0,688232820.000,1,0,1,多换,S,3323.8000,3323.6000,3323.2000,3323.0000,3322.4000,3324.8000,3325.0000,3325.2000,3325.4000,3325.6000,1,2,3,2,2,1,2,1,2,2
SF,IH2012,2020-10-20 09:33:45.700,3324.8000,33755,-1,689230260.000,1,0,1,双平,S,3323.8000,3323.6000,3323.2000,3323.0000,3322.4000,3325.0000,3325.2000,3325.4000,3325.6000,3325.8000,1,2,3,2,2,2,1,2,2,3
SF,IH2012,2020-10-20 09:33:46.200,3324.8000,33754,-1,690227700.000,1,0,1,双平,S,3323.8000,3323.6000,3323.2000,3323.0000,3322.4000,3324.6000,3324.8000,3325.0000,3325.4000,3325.6000,1,2,3,2,2,2,1,2,2,2
SF,IH2012,2020-10-20 09:33:46.700,3324.8000,33754,0,690227700.000,0,-,-,-,-,3323.8000,3323.6000,3323.2000,3323.0000,3321.6000,3324.6000,3324.8000,3325.0000,3325.4000,3325.6000,1,2,3,2,1,2,1,2,2,2
SF,IH2012,2020-10-20 09:33:47.200,3323.8000,33753,-1,693219120.000,3,1,2,多平,S,3323.8000,3323.6000,3323.2000,3323.0000,3321.6000,3324.6000,3324.8000,3325.0000,3325.4000,3325.6000,1,2,3,2,1,1,1,2,2,2
SF,IH2012,2020-10-20 09:33:47.700,3323.6000,33752,-1,695213340.000,2,0,2,多平,S,3323.2000,3323.0000,3321.6000,3321.0000,3320.8000,3323.6000,3323.8000,3324.4000,3324.6000,3324.8000,3,2,1,1,1,1,1,1,1,1
SF,IH2012,2020-10-20 09:33:48.200,3323.2000,33751,-1,700198620.000,5,2,3,多平,S,3323.0000,3321.6000,3321.0000,3320.8000,3320.6000,3324.4000,3324.6000,3324.8000,3325.0000,3325.4000,1,1,1,1,1,1,1,1,2,2
SF,IH2012,2020-10-20 09:33:48.700,3323.2000,33751,0,700198620.000,0,-,-,-,-,3323.0000,3321.6000,3321.0000,3320.8000,3320.6000,3324.0000,3324.2000,3324.4000,3325.0000,3325.4000,1,1,1,1,1,2,5,1,2,2
SF,IH2012,2020-10-20 09:33:49.200,3323.2000,33751,0,700198620.000,0,-,-,-,-,3323.0000,3321.6000,3321.0000,3320.8000,3320.0000,3324.0000,3324.2000,3324.4000,3325.0000,3325.4000,1,2,1,1,4,1,1,1,2,2
SF,IH2012,2020-10-20 09:33:49.700,3323.2000,33751,0,700198620.000,0,-,-,-,-,3323.2000,3323.0000,3321.6000,3321.0000,3320.8000,3324.0000,3324.4000,3325.0000,3325.4000,3325.6000,2,1,2,1,1,1,1,2,2,2
SF,IH2012,2020-10-20 09:33:50.200,3323.2000,33750,-1,701195580.000,1,0,1,双平,S,3323.4000,3323.2000,3323.0000,3321.6000,3321.0000,3324.0000,3325.0000,3325.4000,3325.6000,3325.8000,1,3,1,2,1,1,2,2,2,3
SF,IH2012,2020-10-20 09:33:50.700,3323.2000,33750,0,701195580.000,0,-,-,-,-,3323.6000,3323.4000,3323.2000,3323.0000,3321.6000,3325.0000,3325.4000,3325.6000,3325.8000,3326.6000,1,1,2,1,1,2,2,2,3,1
SF,IH2012,2020-10-20 09:33:51.200,3323.2000,33750,0,701195580.000,0,-,-,-,-,3323.4000,3323.2000,3323.0000,3321.6000,3321.0000,3324.8000,3325.0000,3325.4000,3325.6000,3325.8000,1,2,1,1,1,3,2,2,2,3
SF,IH2012,2020-10-20 09:33:51.700,3323.2000,33750,0,701195580.000,0,-,-,-,-,3323.6000,3323.4000,3323.2000,3323.0000,3321.6000,3324.6000,3324.8000,3325.0000,3325.4000,3325.6000,1,1,1,1,1,1,2,2,2,2
SF,IH2012,2020-10-20 09:33:52.200,3323.2000,33750,0,701195580.000,0,-,-,-,-,3323.6000,3323.4000,3323.2000,3323.0000,3321.6000,3324.8000,3325.0000,3325.4000,3325.6000,3325.8000,1,1,1,1,1,1,2,2,2,3
SF,IH2012,2020-10-20 09:33:53.200,3323.2000,33750,0,701195580.000,0,-,-,-,-,3323.6000,3323.4000,3323.2000,3323.0000,3321.6000,3324.8000,3325.0000,3325.4000,3325.6000,3325.8000,1,1,1,1,1,1,2,2,2,3
SF,IH2012,2020-10-20 09:33:53.700,3324.8000,33749,-1,702193020.000,1,0,1,双平,S,3323.6000,3323.4000,3323.2000,3323.0000,3321.6000,3325.0000,3325.4000,3325.6000,3325.8000,3326.6000,1,1,1,1,1,2,2,2,3,1
SF,IH2012,2020-10-20 09:33:54.200,3324.8000,33749,0,702193020.000,0,-,-,-,-,3323.8000,3323.6000,3323.4000,3323.2000,3323.0000,3325.0000,3325.4000,3325.6000,3325.8000,3326.6000,2,1,1,1,1,2,2,2,3,1
SF,IH2012,2020-10-20 09:33:54.700,3325.0000,33748,-1,703190520.000,1,0,1,双平,S,3324.0000,3323.8000,3323.4000,3323.2000,3323.0000,3325.0000,3325.4000,3325.6000,3325.8000,3326.6000,1,2,1,1,1,1,2,2,3,1
SF,IH2012,2020-10-20 09:33:55.200,3325.0000,33748,0,703190520.000,0,-,-,-,-,3324.2000,3324.0000,3323.4000,3323.2000,3323.0000,3325.0000,3325.4000,3325.6000,3325.8000,3326.6000,1,1,1,1,3,1,2,2,3,1
SF,IH2012,2020-10-20 09:33:55.700,3325.0000,33747,-1,704188020.000,1,0,1,双平,S,3324.2000,3324.0000,3323.4000,3323.2000,3323.0000,3325.4000,3325.6000,3325.8000,3326.6000,3326.8000,1,1,2,1,3,2,2,3,1,5
SF,IH2012,2020-10-20 09:33:56.200,3325.0000,33747,0,704188020.000,0,-,-,-,-,3324.4000,3324.2000,3323.4000,3323.2000,3323.0000,3324.8000,3325.4000,3325.6000,3325.8000,3326.6000,1,1,2,1,3,1,2,2,3,1
SF,IH2012,2020-10-20 09:33:56.700,3325.4000,33745,-2,706183080.000,2,0,2,双平,S,3324.8000,3324.2000,3323.4000,3323.2000,3323.0000,3325.0000,3325.6000,3325.8000,3326.6000,3326.8000,4,1,2,1,3,1,2,3,1,5
SF,IH2012,2020-10-20 09:33:57.200,3325.0000,33745,0,707180580.000,1,0,1,多换,S,3325.0000,3324.8000,3324.2000,3323.4000,3323.2000,3325.6000,3325.8000,3326.6000,3326.8000,3327.0000,2,1,1,2,1,2,3,1,5,4
SF,IH2012,2020-10-20 09:33:57.700,3325.0000,33745,0,707180580.000,0,-,-,-,-,3325.0000,3324.2000,3323.6000,3323.4000,3323.2000,3325.6000,3325.8000,3326.6000,3326.8000,3327.0000,1,1,1,2,1,2,3,1,5,4
SF,IH2012,2020-10-20 09:33:58.200,3325.0000,33745,0,707180580.000,0,-,-,-,-,3325.0000,3324.2000,3323.6000,3323.4000,3323.2000,3325.6000,3325.8000,3326.6000,3326.8000,3327.0000,1,1,1,2,1,2,3,1,5,4
SF,IH2012,2020-10-20 09:33:58.700,3325.0000,33745,0,707180580.000,0,-,-,-,-,3325.2000,3325.0000,3324.2000,3323.6000,3323.4000,3325.6000,3325.8000,3326.6000,3326.8000,3327.0000,3,1,1,1,2,2,3,1,5,4
SF,IH2012,2020-10-20 09:33:59.200,3325.0000,33745,0,707180580.000,0,-,-,-,-,3325.2000,3325.0000,3324.2000,3323.6000,3323.4000,3325.6000,3325.8000,3326.6000,3326.8000,3327.0000,3,1,1,1,2,2,3,1,5,4
SF,IH2012,2020-10-20 09:33:59.700,3325.0000,33745,0,707180580.000,0,-,-,-,-,3325.4000,3325.2000,3325.0000,3323.6000,3323.4000,3325.6000,3325.8000,3326.6000,3326.8000,3327.0000,1,3,1,1,2,3,3,1,5,4
SF,IH2012,2020-10-20 09:34:00.200,3325.2000,33743,-2,709175760.000,2,0,2,双平,S,3325.2000,3325.0000,3323.6000,3323.4000,3323.0000,3325.6000,3325.8000,3326.6000,3326.8000,3327.0000,2,1,2,1,3,3,3,1,5,4
SF,IH2012,2020-10-20 09:34:00.700,3325.2000,33741,-2,711170880.000,2,0,2,双平,S,3325.0000,3323.6000,3323.4000,3323.0000,3322.8000,3325.2000,3325.4000,3325.6000,3325.8000,3326.6000,1,2,1,3,2,2,1,3,3,1
SF,IH2012,2020-10-20 09:34:01.200,3325.0000,33740,-1,712168380.000,1,0,1,双平,S,3325.2000,3323.6000,3323.4000,3323.0000,3322.8000,3325.4000,3325.6000,3325.8000,3326.6000,3326.8000,1,2,1,3,2,1,3,3,1,5
SF,IH2012,2020-10-20 09:34:01.700,3325.2000,33739,-1,713165940.000,1,0,1,双平,S,3323.6000,3323.4000,3323.0000,3322.8000,3322.0000,3325.4000,3325.6000,3325.8000,3326.6000,3326.8000,2,1,3,2,1,2,3,3,1,4
SF,IH2012,2020-10-20 09:34:02.200,3323.8000,33738,-1,715160700.000,2,0,2,多平,S,3323.8000,3323.6000,3323.4000,3323.0000,3322.8000,3325.2000,3325.4000,3325.6000,3325.8000,3326.6000,3,2,1,3,2,2,1,3,3,1
SF,IH2012,2020-10-20 09:34:02.700,3325.0000,33737,-1,716158200.000,1,0,1,双平,S,3324.0000,3323.8000,3323.6000,3323.4000,3323.0000,3325.2000,3325.6000,3325.8000,3326.6000,3326.8000,1,3,2,1,3,2,3,3,1,4
SF,IH2012,2020-10-20 09:34:03.200,3325.0000,33737,0,716158200.000,0,-,-,-,-,3324.2000,3324.0000,3323.8000,3323.6000,3323.4000,3325.2000,3325.6000,3325.8000,3326.6000,3326.8000,1,1,1,2,1,2,3,3,1,4
SF,IH2012,2020-10-20 09:34:03.700,3325.0000,33737,0,716158200.000,0,-,-,-,-,3324.2000,3324.0000,3323.6000,3323.4000,3323.0000,3325.2000,3325.6000,3325.8000,3326.6000,3326.8000,1,1,2,1,3,2,3,3,1,4
SF,IH2012,2020-10-20 09:34:04.200,3325.2000,33736,-1,717155760.000,1,0,1,双平,S,3324.4000,3324.2000,3324.0000,3323.6000,3323.4000,3325.2000,3325.6000,3325.8000,3326.6000,3326.8000,3,1,1,2,1,1,3,3,1,4
SF,IH2012,2020-10-20 09:34:05.200,3325.2000,33736,0,717155760.000,0,-,-,-,-,3324.4000,3324.2000,3324.0000,3323.6000,3323.4000,3325.2000,3325.6000,3325.8000,3326.6000,3326.8000,3,1,1,1,1,1,3,3,1,5
SF,IH2012,2020-10-20 09:34:05.700,3325.0000,33735,-1,720147900.000,3,1,2,多平,S,3324.4000,3323.6000,3323.4000,3323.0000,3322.8000,3325.2000,3325.6000,3325.8000,3326.6000,3326.8000,1,1,1,3,2,1,3,3,1,5
SF,IH2012,2020-10-20 09:34:06.200,3324.4000,33733,-2,722142540.000,2,0,2,双平,S,3323.6000,3323.4000,3323.0000,3322.8000,3322.0000,3324.6000,3325.0000,3325.2000,3325.6000,3325.8000,1,1,1,2,1,1,1,2,2,3
SF,IH2012,2020-10-20 09:34:06.700,3324.4000,33733,0,722142540.000,0,-,-,-,-,3323.6000,3323.4000,3323.0000,3322.8000,3322.0000,3324.6000,3325.0000,3325.2000,3325.6000,3325.8000,1,1,2,4,1,1,1,2,2,3
SF,IH2012,2020-10-20 09:34:07.200,3324.6000,33733,0,723139920.000,1,0,1,多换,S,3323.6000,3323.4000,3323.0000,3322.8000,3322.0000,3325.0000,3325.2000,3325.6000,3325.8000,3326.6000,1,1,2,4,1,1,2,2,3,1
SF,IH2012,2020-10-20 09:34:07.700,3324.6000,33733,0,723139920.000,0,-,-,-,-,3323.6000,3323.4000,3323.0000,3322.8000,3322.0000,3325.0000,3325.2000,3325.6000,3325.8000,3326.6000,1,1,2,4,1,1,2,2,3,1
SF,IH2012,2020-10-20 09:34:08.200,3324.6000,33733,0,723139920.000,0,-,-,-,-,3323.8000,3323.6000,3323.4000,3323.0000,3322.8000,3325.0000,3325.2000,3325.6000,3325.8000,3326.6000,1,1,1,2,4,2,1,2,3,1
SF,IH2012,2020-10-20 09:34:08.700,3323.8000,33733,0,724137060.000,1,0,1,多换,S,3323.6000,3323.4000,3323.0000,3322.6000,3322.0000,3325.0000,3325.2000,3325.6000,3325.8000,3326.6000,1,1,2,4,1,2,1,2,3,1
SF,IH2012,2020-10-20 09:34:09.200,3323.8000,33733,0,724137060.000,0,-,-,-,-,3323.6000,3323.4000,3323.0000,3322.6000,3322.0000,3324.8000,3325.0000,3325.2000,3325.6000,3325.8000,1,1,2,4,1,2,1,1,2,3
SF,IH2012,2020-10-20 09:34:09.700,3323.6000,33731,-2,726131280.000,2,0,2,双平,S,3323.4000,3323.0000,3322.6000,3322.0000,3321.6000,3323.6000,3324.6000,3325.0000,3325.2000,3325.6000,1,2,4,1,1,4,1,1,1,2
SF,IH2012,2020-10-20 09:34:10.200,3323.6000,33727,-4,730119600.000,4,0,4,双平,S,3323.6000,3323.4000,3323.0000,3322.6000,3322.0000,3325.0000,3325.2000,3325.6000,3325.8000,3326.6000,8,1,2,4,1,1,1,2,3,1
SF,IH2012,2020-10-20 09:34:10.700,3323.6000,33727,0,730119600.000,0,-,-,-,-,3323.6000,3323.4000,3323.0000,3322.6000,3322.0000,3324.8000,3325.0000,3325.2000,3325.6000,3325.8000,3,1,2,4,1,1,1,1,2,3
SF,IH2012,2020-10-20 09:34:12.200,3324.8000,33726,-1,731117040.000,1,0,1,双平,S,3325.0000,3323.8000,3323.6000,3323.4000,3323.0000,3325.2000,3325.6000,3325.8000,3326.6000,3326.8000,2,1,4,1,2,1,2,3,1,6
SF,IH2012,2020-10-20 09:34:12.700,3324.8000,33726,0,731117040.000,0,-,-,-,-,3323.8000,3323.6000,3323.4000,3323.0000,3322.8000,3325.6000,3325.8000,3326.6000,3326.8000,3327.0000,1,4,1,2,1,2,3,1,6,4
SF,IH2012,2020-10-20 09:34:13.200,3324.8000,33726,0,731117040.000,0,-,-,-,-,3324.0000,3323.8000,3323.6000,3323.4000,3323.0000,3325.0000,3325.4000,3325.6000,3325.8000,3326.6000,3,1,4,1,2,5,2,3,3,1
SF,IH2012,2020-10-20 09:34:13.700,3325.0000,33725,-1,732114540.000,1,0,1,双平,S,3324.0000,3323.8000,3323.6000,3323.4000,3323.0000,3325.0000,3325.4000,3325.6000,3325.8000,3326.6000,3,1,4,1,2,4,2,3,3,1
SF,IH2012,2020-10-20 09:34:14.200,3325.0000,33725,0,732114540.000,0,-,-,-,-,3324.0000,3323.8000,3323.6000,3323.4000,3323.0000,3325.0000,3325.4000,3325.6000,3325.8000,3326.6000,2,1,4,1,2,4,2,3,3,1
SF,IH2012,2020-10-20 09:34:15.200,3325.0000,33725,0,732114540.000,0,-,-,-,-,3324.0000,3323.6000,3323.4000,3323.0000,3322.8000,3325.0000,3325.4000,3325.6000,3325.8000,3326.6000,2,4,1,2,2,4,2,3,3,1
SF,IH2012,2020-10-20 09:34:16.700,3325.0000,33721,-4,736104540.000,4,0,4,双平,S,3324.0000,3323.6000,3323.4000,3323.0000,3322.8000,3325.4000,3325.6000,3325.8000,3326.6000,3326.8000,2,4,1,2,2,2,3,3,1,6
SF,IH2012,2020-10-20 09:34:17.200,3325.0000,33721,0,736104540.000,0,-,-,-,-,3324.2000,3324.0000,3323.6000,3323.4000,3323.0000,3325.4000,3325.6000,3325.8000,3326.6000,3326.8000,1,2,4,1,2,2,3,3,1,6
SF,IH2012,2020-10-20 09:34:17.700,3325.0000,33721,0,736104540.000,0,-,-,-,-,3324.4000,3324.0000,3323.6000,3323.4000,3323.0000,3325.4000,3325.6000,3325.8000,3326.6000,3326.8000,1,1,4,1,2,1,2,3,1,6
SF,IH2012,2020-10-20 09:34:18.200,3325.0000,33721,0,736104540.000,0,-,-,-,-,3324.4000,3324.0000,3323.6000,3323.4000,3323.0000,3325.6000,3325.8000,3326.8000,3327.0000,3328.0000,1,1,4,1,2,2,3,6,4,2
SF,IH2012,2020-10-20 09:34:18.700,3325.0000,33721,0,736104540.000,0,-,-,-,-,3324.6000,3324.4000,3324.0000,3323.6000,3323.4000,3325.6000,3325.8000,3326.8000,3327.0000,3328.0000,1,1,1,4,1,2,3,6,4,2
SF,IH2012,2020-10-20 09:34:19.200,3324.6000,33720,-1,737101920.000,1,0,1,双平,S,3324.4000,3324.0000,3323.6000,3323.4000,3323.0000,3325.6000,3325.8000,3326.8000,3327.0000,3328.0000,1,1,4,1,2,3,3,6,4,2
SF,IH2012,2020-10-20 09:34:19.700,3324.6000,33720,0,737101920.000,0,-,-,-,-,3324.4000,3324.0000,3323.6000,3323.4000,3323.0000,3325.4000,3325.6000,3325.8000,3326.8000,3327.0000,1,1,4,1,2,1,3,3,6,4
SF,IH2012,2020-10-20 09:34:20.700,3325.4000,33719,-1,738099540.000,1,0,1,双平,S,3325.4000,3324.6000,3324.4000,3324.0000,3323.6000,3325.6000,3325.8000,3326.8000,3327.0000,3328.0000,2,2,1,1,4,3,3,5,4,2
SF,IH2012,2020-10-20 09:34:21.200,3325.6000,33717,-2,740094900.000,2,0,2,双平,S,3324.6000,3324.4000,3324.0000,3323.6000,3323.4000,3325.8000,3326.8000,3327.0000,3328.0000,3328.8000,1,1,1,4,1,3,5,4,2,1
SF,IH2012,2020-10-20 09:34:21.700,3325.8000,33717,0,743088120.000,3,1,2,多换,S,3325.8000,3325.6000,3324.8000,3324.6000,3324.0000,3326.8000,3327.0000,3328.0000,3328.8000,3329.0000,1,5,1,1,1,5,4,2,1,1
SF,IH2012,2020-10-20 09:34:22.200,3325.8000,33717,0,743088120.000,0,-,-,-,-,3325.8000,3325.6000,3325.0000,3324.8000,3324.6000,3326.6000,3326.8000,3327.0000,3328.0000,3328.8000,2,5,4,4,1,1,5,4,2,1
SF,IH2012,2020-10-20 09:34:22.700,3325.8000,33717,0,743088120.000,0,-,-,-,-,3325.8000,3325.6000,3325.0000,3324.8000,3324.6000,3326.6000,3326.8000,3327.0000,3328.0000,3328.8000,2,4,4,4,1,1,5,4,2,1
SF,IH2012,2020-10-20 09:34:23.200,3325.8000,33717,0,743088120.000,0,-,-,-,-,3326.0000,3325.8000,3325.6000,3324.8000,3324.6000,3326.6000,3326.8000,3327.0000,3328.0000,3328.8000,1,2,4,4,1,1,1,4,2,1
SF,IH2012,2020-10-20 09:34:23.700,3326.0000,33716,-1,744085920.000,1,0,1,双平,S,3325.6000,3324.8000,3324.6000,3323.6000,3323.4000,3326.6000,3326.8000,3327.0000,3328.0000,3328.8000,4,4,1,4,1,1,1,4,2,1
SF,IH2012,2020-10-20 09:34:24.200,3326.0000,33716,0,744085920.000,0,-,-,-,-,3325.6000,3324.8000,3324.6000,3323.6000,3323.4000,3326.4000,3326.6000,3326.8000,3327.0000,3328.0000,4,4,1,4,1,1,1,1,4,2
SF,IH2012,2020-10-20 09:34:25.200,3326.0000,33716,0,744085920.000,0,-,-,-,-,3325.6000,3324.8000,3324.6000,3323.8000,3323.6000,3326.4000,3326.6000,3326.8000,3327.0000,3328.0000,4,4,1,1,4,1,1,1,4,2
SF,IH2012,2020-10-20 09:34:26.200,3325.6000,33716,0,748076640.000,4,2,2,多换,S,3324.8000,3324.6000,3323.8000,3323.6000,3323.4000,3325.0000,3326.4000,3326.6000,3326.8000,3327.0000,4,1,1,4,1,16,1,1,1,4
SF,IH2012,2020-10-20 09:34:26.700,3325.0000,33717,1,764036640.000,16,8,8,空开,S,3325.0000,3324.8000,3324.6000,3323.8000,3323.6000,3326.4000,3326.6000,3326.8000,3327.0000,3328.0000,13,3,1,1,4,1,1,1,4,2
