市场代码,合约代码,时间,最新,持仓,增仓,成交额,成交量,开仓,平仓,成交类型,方向,买一价,买二价,买三价,买四价,买五价,卖一价,卖二价,卖三价,卖四价,卖五价,买一量,买二量,买三量,买四量,买五量,卖一量,卖二量,卖三量,卖四量,卖五量
SF,IH2004,2020-03-13 09:29:00.400,2719.8000,6933,0,12239100.000,15.000,-,-,-,-,2718.8000,2714.0000,2713.0000,2710.0000,2707.0000,2720.0000,2724.0000,2739.6000,2750.0000,2766.4000,1,1,2,2,1,1,1,2,3,1
SF,IH2004,2020-03-13 09:30:00.400,2724.0000,6934,1,16321560.000,5,3,2,空开,S,2718.8000,2717.6000,2716.6000,2715.0000,2714.8000,2739.6000,2750.0000,2770.0000,2776.0000,2777.4000,1,7,1,4,1,2,3,1,1,3
SF,IH2004,2020-03-13 09:30:00.900,2720.0000,6932,-2,22033080.000,7,2,5,多平,S,2717.6000,2716.6000,2716.2000,2715.0000,2714.8000,2721.6000,2723.2000,2723.6000,2724.0000,2724.2000,6,1,1,4,1,1,3,1,1,4
SF,IH2004,2020-03-13 09:30:01.400,2715.0000,6933,1,32627880.000,13,7,6,空开,S,2714.8000,2714.0000,2713.0000,2710.0000,2707.0000,2717.0000,2718.8000,2721.4000,2724.0000,2724.2000,1,2,2,2,1,2,1,1,2,4
SF,IH2004,2020-03-13 09:30:01.900,2714.0000,6931,-2,35886120.000,4,1,3,多平,S,2714.0000,2713.0000,2710.0000,2707.0000,2705.0000,2714.8000,2716.8000,2717.0000,2717.6000,2718.8000,1,2,2,1,3,3,6,1,5,8
SF,IH2004,2020-03-13 09:30:02.400,2713.0000,6930,-1,37514220.000,2,0,2,多平,S,2713.0000,2710.0000,2707.0000,2705.0000,2704.4000,2713.2000,2714.0000,2714.6000,2714.8000,2715.6000,1,2,1,3,1,5,3,6,5,2
SF,IH2004,2020-03-13 09:30:02.900,2713.2000,6930,0,40770000.000,4,2,2,多换,S,2710.0000,2707.0000,2705.0000,2704.4000,2704.0000,2712.4000,2713.0000,2713.2000,2714.0000,2714.2000,2,1,3,1,1,1,4,4,8,3
SF,IH2004,2020-03-13 09:30:03.400,2710.2000,6931,1,44022180.000,4,2,2,空开,S,2710.0000,2707.0000,2705.0000,2704.4000,2704.0000,2712.2000,2712.4000,2713.0000,2714.0000,2714.6000,1,1,3,1,1,8,1,6,4,1
SF,IH2004,2020-03-13 09:30:03.900,2707.0000,6929,-2,46460280.000,3,0,3,多平,S,2705.0000,2704.4000,2704.0000,2702.0000,2701.2000,2710.4000,2712.0000,2712.2000,2713.0000,2714.0000,3,1,1,7,2,1,4,4,5,2
SF,IH2004,2020-03-13 09:30:04.400,2710.0000,6926,-3,49712280.000,4,0,4,多平,S,2708.0000,2706.0000,2705.6000,2705.2000,2705.0000,2710.0000,2710.2000,2712.0000,2712.2000,2713.0000,1,2,1,4,3,1,4,3,2,3
SF,IH2004,2020-03-13 09:30:04.900,2710.2000,6921,-5,54590460.000,6,0,6,多平,S,2705.2000,2705.0000,2704.4000,2704.0000,2702.0000,2709.8000,2710.0000,2710.2000,2712.2000,2713.0000,1,3,1,1,7,2,7,1,1,1
SF,IH2004,2020-03-13 09:30:05.400,2710.2000,6921,0,54590460.000,0,-,-,-,-,2705.2000,2705.0000,2704.4000,2704.0000,2702.0000,2709.6000,2709.8000,2710.0000,2710.2000,2712.2000,1,3,1,1,7,1,3,7,1,1
SF,IH2004,2020-03-13 09:30:05.900,2710.2000,6921,0,54590460.000,0,-,-,-,-,2705.2000,2705.0000,2704.4000,2704.0000,2702.0000,2707.2000,2709.4000,2709.6000,2709.8000,2710.0000,1,3,1,1,7,1,3,2,1,7
SF,IH2004,2020-03-13 09:30:06.400,2710.2000,6921,0,55403520.000,1,0,1,多换,S,2705.2000,2705.0000,2704.4000,2704.0000,2702.0000,2709.4000,2709.6000,2710.0000,2712.2000,2715.6000,1,3,1,1,7,2,2,7,1,2
SF,IH2004,2020-03-13 09:30:06.900,2705.2000,6920,-1,56215080.000,1,0,1,双平,S,2705.0000,2704.4000,2704.0000,2702.0000,2701.2000,2705.2000,2707.0000,2709.0000,2709.2000,2709.6000,3,1,1,7,2,1,1,1,3,1
SF,IH2004,2020-03-13 09:30:07.400,2705.2000,6917,-3,58649760.000,3,0,3,双平,S,2705.0000,2704.4000,2704.0000,2702.0000,2701.2000,2707.0000,2709.0000,2709.2000,2710.0000,2712.2000,3,1,1,7,2,1,1,2,7,1
SF,IH2004,2020-03-13 09:30:07.900,2705.0000,6916,-1,62707260.000,5,2,3,多平,S,2704.4000,2704.0000,2702.0000,2701.2000,2701.0000,2705.0000,2706.8000,2709.2000,2710.0000,2712.2000,1,1,7,2,1,1,2,2,7,1
SF,IH2004,2020-03-13 09:30:08.400,2704.8000,6913,-3,65953020.000,4,0,4,多平,S,2704.0000,2702.0000,2701.2000,2701.0000,2700.0000,2705.0000,2706.8000,2709.2000,2709.4000,2709.8000,1,7,2,1,4,2,1,2,5,2
SF,IH2004,2020-03-13 09:30:08.900,2704.8000,6909,-4,71632020.000,7,1,6,多平,S,2702.0000,2701.2000,2701.0000,2700.0000,2696.0000,2704.8000,2705.0000,2706.8000,2709.4000,2709.8000,7,2,1,4,1,1,8,1,5,2
SF,IH2004,2020-03-13 09:30:09.400,2704.8000,6909,0,71632020.000,0,-,-,-,-,2702.0000,2701.2000,2701.0000,2700.0000,2696.0000,2704.0000,2704.8000,2705.0000,2709.4000,2709.8000,7,2,1,4,1,1,1,9,5,2
SF,IH2004,2020-03-13 09:30:09.900,2702.0000,6907,-2,78928500.000,9,3,6,多平,S,2701.2000,2701.0000,2700.0000,2696.0000,2692.6000,2703.8000,2704.4000,2704.6000,2704.8000,2705.0000,2,1,4,1,1,1,1,1,1,9
SF,IH2004,2020-03-13 09:30:10.400,2703.8000,6905,-2,80550240.000,2,0,2,双平,S,2701.4000,2701.2000,2701.0000,2700.0000,2696.0000,2704.4000,2704.6000,2704.8000,2705.0000,2709.4000,2,2,1,4,1,1,1,1,7,5
SF,IH2004,2020-03-13 09:30:10.900,2701.2000,6903,-2,82982160.000,3,0,3,多平,S,2701.2000,2701.0000,2700.0000,2696.0000,2692.6000,2702.8000,2704.2000,2704.4000,2704.8000,2705.0000,1,1,4,1,1,1,4,1,1,7
SF,IH2004,2020-03-13 09:30:11.400,2701.6000,6901,-2,84603480.000,2,0,2,双平,S,2701.2000,2701.0000,2700.0000,2696.0000,2692.6000,2704.2000,2704.4000,2704.8000,2705.0000,2709.4000,1,1,10,1,1,4,1,1,8,5
SF,IH2004,2020-03-13 09:30:11.900,2701.2000,6899,-2,87844920.000,4,1,3,多平,S,2701.0000,2700.0000,2696.0000,2692.6000,2690.6000,2704.0000,2704.2000,2704.4000,2704.8000,2705.0000,1,10,1,1,1,3,4,1,1,8
SF,IH2004,2020-03-13 09:30:12.400,2701.2000,6898,-1,89465640.000,2,0,2,多平,S,2701.0000,2700.0000,2696.0000,2692.6000,2690.6000,2701.2000,2703.8000,2704.0000,2704.2000,2704.4000,1,10,1,1,1,1,2,3,3,1
SF,IH2004,2020-03-13 09:30:12.900,2703.8000,6896,-2,91897500.000,3,0,3,多平,S,2702.6000,2702.4000,2701.0000,2700.0000,2696.0000,2704.0000,2704.2000,2704.4000,2705.0000,2709.4000,2,1,1,10,1,3,3,1,8,5
SF,IH2004,2020-03-13 09:30:13.400,2701.8000,6895,-1,97571220.000,7,3,4,多平,S,2700.0000,2696.0000,2692.6000,2690.6000,2688.8000,2701.8000,2702.6000,2703.8000,2704.0000,2704.2000,10,1,1,1,1,1,3,1,3,3
SF,IH2004,2020-03-13 09:30:13.900,2700.0000,6893,-2,107291580.000,12,5,7,多平,S,2696.0000,2692.6000,2690.6000,2688.8000,2688.0000,2702.6000,2703.8000,2704.0000,2704.2000,2704.4000,1,1,1,1,1,4,2,3,3,1
SF,IH2004,2020-03-13 09:30:14.400,2700.0000,6894,1,108101580.000,1,1,0,双开,S,2696.4000,2696.2000,2696.0000,2692.6000,2690.6000,2700.6000,2702.2000,2702.4000,2702.6000,2704.0000,1,1,1,1,1,1,1,2,4,3
SF,IH2004,2020-03-13 09:30:14.900,2696.6000,6893,-1,109719540.000,2,0,2,多平,S,2696.4000,2696.0000,2692.6000,2690.6000,2688.8000,2699.0000,2700.4000,2702.2000,2702.6000,2704.0000,1,1,1,1,1,1,2,1,4,3
SF,IH2004,2020-03-13 09:30:15.400,2700.4000,6891,-2,112958700.000,4,1,3,多平,S,2700.6000,2696.0000,2692.6000,2690.6000,2688.8000,2702.2000,2702.6000,2704.0000,2704.2000,2704.4000,5,1,1,1,1,1,3,3,3,1
SF,IH2004,2020-03-13 09:30:15.900,2700.6000,6890,-1,120250320.000,9,4,5,多平,S,2696.0000,2692.6000,2690.6000,2688.8000,2688.0000,2700.6000,2701.8000,2702.6000,2704.0000,2704.2000,1,1,1,1,1,4,5,1,3,3
SF,IH2004,2020-03-13 09:30:16.400,2700.6000,6886,-4,128352120.000,10,3,7,多平,S,2696.2000,2696.0000,2692.6000,2690.6000,2688.8000,2701.8000,2702.6000,2704.0000,2704.4000,2705.0000,3,1,1,1,1,5,1,3,1,8
SF,IH2004,2020-03-13 09:30:16.900,2700.0000,6886,0,129971040.000,2,1,1,多换,S,2696.2000,2696.0000,2692.6000,2690.6000,2688.8000,2700.0000,2702.0000,2702.6000,2704.0000,2704.4000,3,1,1,1,1,2,1,1,3,1
SF,IH2004,2020-03-13 09:30:17.400,2700.0000,6886,0,131591040.000,2,1,1,多换,S,2696.2000,2696.0000,2692.6000,2690.6000,2688.8000,2699.8000,2702.6000,2704.0000,2704.4000,2705.0000,1,1,1,1,1,2,1,3,1,8
SF,IH2004,2020-03-13 09:30:17.900,2699.8000,6885,-1,132400980.000,1,0,1,双平,S,2699.0000,2698.0000,2697.6000,2697.2000,2697.0000,2699.8000,2702.6000,2704.0000,2704.4000,2705.0000,1,1,1,1,1,1,1,3,1,8
SF,IH2004,2020-03-13 09:30:18.400,2699.2000,6882,-3,134830440.000,3,0,3,双平,S,2697.6000,2697.2000,2697.0000,2696.4000,2696.2000,2701.2000,2702.6000,2704.0000,2704.4000,2704.6000,3,1,1,4,3,1,1,3,1,1
SF,IH2004,2020-03-13 09:30:18.900,2699.2000,6882,0,134830440.000,0,-,-,-,-,2697.8000,2696.4000,2696.2000,2696.0000,2692.6000,2701.0000,2701.2000,2702.6000,2704.0000,2704.4000,1,3,1,1,1,1,1,1,3,1
SF,IH2004,2020-03-13 09:30:19.400,2697.8000,6881,-1,135639780.000,1,0,1,双平,S,2697.6000,2696.4000,2696.2000,2696.0000,2692.6000,2701.0000,2701.2000,2702.6000,2704.0000,2704.4000,1,3,1,1,1,1,1,1,3,1
SF,IH2004,2020-03-13 09:30:19.900,2697.8000,6881,0,136449120.000,1,0,1,多换,S,2697.8000,2696.4000,2696.2000,2696.0000,2692.6000,2700.2000,2700.8000,2701.2000,2702.6000,2704.0000,2,3,1,1,1,1,1,1,1,3
SF,IH2004,2020-03-13 09:30:20.400,2697.6000,6876,-5,140496840.000,5,0,5,双平,S,2696.4000,2696.2000,2696.0000,2692.6000,2690.6000,2697.6000,2700.8000,2701.2000,2702.6000,2704.0000,3,1,1,1,1,4,1,1,1,3
SF,IH2004,2020-03-13 09:30:20.900,2699.2000,6870,-6,146971560.000,8,1,7,多平,S,2700.0000,2697.0000,2696.4000,2696.2000,2696.0000,2700.8000,2701.2000,2702.6000,2704.0000,2704.4000,1,1,2,1,11,1,1,1,3,1
SF,IH2004,2020-03-13 09:30:21.400,2700.0000,6869,-1,148591560.000,2,0,2,多平,S,2696.4000,2696.0000,2692.6000,2690.6000,2690.4000,2700.0000,2700.6000,2700.8000,2701.2000,2704.0000,2,11,1,1,5,1,1,1,1,3
SF,IH2004,2020-03-13 09:30:21.900,2700.0000,6869,0,148591560.000,0,-,-,-,-,2698.4000,2696.6000,2696.4000,2696.0000,2692.6000,2700.0000,2700.6000,2701.2000,2704.0000,2705.0000,1,1,2,11,1,1,1,1,3,8
SF,IH2004,2020-03-13 09:30:22.400,2700.0000,6869,0,148591560.000,0,-,-,-,-,2698.4000,2696.6000,2696.4000,2696.2000,2696.0000,2700.0000,2700.6000,2701.2000,2704.0000,2705.0000,1,2,2,1,11,1,1,1,3,8
SF,IH2004,2020-03-13 09:30:22.900,2700.0000,6869,0,151021560.000,3,1,2,多换,S,2698.4000,2696.6000,2696.4000,2696.2000,2696.0000,2700.0000,2700.6000,2701.2000,2704.0000,2705.0000,1,2,2,1,11,1,1,1,3,3
SF,IH2004,2020-03-13 09:30:23.400,2700.0000,6869,0,151021560.000,0,-,-,-,-,2700.0000,2698.6000,2698.4000,2697.8000,2696.6000,2700.6000,2701.2000,2702.0000,2704.0000,2705.0000,1,1,1,1,1,1,1,1,3,3
SF,IH2004,2020-03-13 09:30:23.900,2700.4000,6864,-5,155881620.000,6,0,6,多平,S,2698.4000,2697.8000,2696.6000,2696.4000,2696.0000,2701.2000,2702.0000,2704.0000,2705.0000,2705.6000,3,1,1,1,11,1,1,3,3,5
SF,IH2004,2020-03-13 09:30:24.400,2700.4000,6864,0,155881620.000,0,-,-,-,-,2698.6000,2698.4000,2697.8000,2696.6000,2696.4000,2701.2000,2702.0000,2704.0000,2705.0000,2705.6000,3,3,1,1,1,1,1,3,2,5
SF,IH2004,2020-03-13 09:30:24.900,2701.2000,6864,0,156691980.000,1,0,1,多换,S,2698.8000,2698.6000,2698.4000,2697.8000,2696.6000,2702.0000,2704.0000,2705.0000,2705.6000,2710.0000,1,3,3,1,1,1,3,2,5,2
SF,IH2004,2020-03-13 09:30:25.400,2701.2000,6864,0,156691980.000,0,-,-,-,-,2699.0000,2698.8000,2698.6000,2698.4000,2697.8000,2701.8000,2702.0000,2704.0000,2705.0000,2705.6000,1,1,3,3,1,1,1,3,2,5
SF,IH2004,2020-03-13 09:30:25.900,2701.2000,6864,0,156691980.000,0,-,-,-,-,2699.2000,2699.0000,2698.6000,2698.4000,2697.8000,2702.0000,2704.0000,2705.0000,2705.6000,2710.0000,2,1,2,3,1,1,3,1,5,2
SF,IH2004,2020-03-13 09:30:26.400,2701.2000,6864,0,156691980.000,0,-,-,-,-,2700.6000,2699.8000,2699.4000,2699.2000,2699.0000,2702.0000,2704.0000,2705.0000,2705.6000,2710.0000,1,1,1,2,1,1,3,1,5,2
SF,IH2004,2020-03-13 09:30:26.900,2699.8000,6865,1,158312100.000,2,1,1,空开,S,2701.2000,2699.4000,2699.2000,2699.0000,2698.4000,2701.4000,2701.8000,2702.0000,2704.0000,2705.0000,5,1,1,1,3,1,1,1,3,1
SF,IH2004,2020-03-13 09:30:27.400,2701.2000,6865,0,163174440.000,6,3,3,多换,S,2701.2000,2699.4000,2699.2000,2699.0000,2698.4000,2702.0000,2704.0000,2705.0000,2705.6000,2710.0000,1,1,1,2,3,1,3,1,5,2
SF,IH2004,2020-03-13 09:30:27.900,2701.2000,6865,0,164795160.000,2,1,1,多换,S,2699.4000,2699.2000,2699.0000,2698.4000,2697.8000,2702.0000,2704.0000,2705.0000,2709.4000,2710.0000,1,1,2,3,1,1,3,1,5,2
SF,IH2004,2020-03-13 09:30:28.400,2699.6000,6866,1,167225760.000,3,2,1,空开,S,2699.6000,2699.4000,2699.0000,2698.4000,2697.8000,2702.0000,2704.0000,2705.0000,2709.4000,2710.0000,2,1,2,3,1,1,3,1,5,2
SF,IH2004,2020-03-13 09:30:28.900,2699.6000,6864,-2,168845520.000,2,0,2,双平,S,2699.4000,2699.0000,2698.4000,2697.8000,2696.6000,2701.8000,2702.0000,2704.0000,2705.0000,2709.4000,1,1,3,1,1,1,1,3,1,5
SF,IH2004,2020-03-13 09:30:29.400,2701.2000,6862,-2,170465760.000,2,0,2,双平,S,2699.4000,2699.0000,2698.4000,2697.8000,2696.6000,2701.6000,2701.8000,2702.0000,2704.0000,2705.0000,1,1,2,1,1,2,1,1,3,1
SF,IH2004,2020-03-13 09:30:29.900,2701.2000,6862,0,170465760.000,0,-,-,-,-,2699.6000,2699.4000,2699.0000,2698.4000,2697.8000,2701.4000,2702.0000,2703.6000,2705.0000,2709.4000,1,1,1,2,1,1,1,2,1,5
SF,IH2004,2020-03-13 09:30:30.400,2701.4000,6861,-1,171276180.000,1,0,1,双平,S,2699.8000,2699.6000,2699.4000,2699.0000,2698.4000,2702.0000,2703.6000,2705.0000,2709.4000,2710.0000,1,1,1,1,2,1,2,1,5,2
SF,IH2004,2020-03-13 09:30:30.900,2702.0000,6862,1,172086780.000,1,1,0,双开,S,2700.0000,2699.8000,2699.4000,2699.0000,2698.4000,2703.6000,2705.0000,2709.4000,2710.0000,2718.8000,2,1,1,1,2,2,1,5,2,2
SF,IH2004,2020-03-13 09:30:31.400,2702.0000,6862,0,172086780.000,0,-,-,-,-,2700.0000,2699.8000,2699.4000,2699.0000,2698.4000,2703.6000,2705.0000,2709.4000,2710.0000,2718.8000,2,1,1,1,2,2,1,5,2,2
SF,IH2004,2020-03-13 09:30:31.900,2702.0000,6862,0,172086780.000,0,-,-,-,-,2700.2000,2700.0000,2699.8000,2699.4000,2699.0000,2703.6000,2705.0000,2709.4000,2710.0000,2718.8000,2,3,1,1,1,2,1,5,2,2
SF,IH2004,2020-03-13 09:30:32.400,2703.6000,6862,0,172897860.000,1,0,1,多换,S,2700.8000,2700.6000,2700.4000,2700.2000,2700.0000,2703.6000,2705.0000,2709.4000,2710.0000,2718.8000,2,1,2,6,1,1,1,5,2,2
SF,IH2004,2020-03-13 09:30:32.900,2703.6000,6862,0,173708940.000,1,0,1,多换,S,2701.0000,2700.8000,2700.6000,2700.4000,2700.2000,2705.0000,2709.4000,2710.0000,2718.8000,2739.4000,4,1,1,1,5,1,5,2,2,1
SF,IH2004,2020-03-13 09:30:33.400,2703.6000,6862,0,173708940.000,0,-,-,-,-,2701.2000,2701.0000,2700.8000,2700.6000,2700.4000,2705.0000,2709.4000,2710.0000,2715.2000,2718.8000,1,4,1,1,1,1,5,2,1,2
SF,IH2004,2020-03-13 09:30:33.900,2703.6000,6862,0,173708940.000,0,-,-,-,-,2703.6000,2701.6000,2701.4000,2701.2000,2701.0000,2705.0000,2709.4000,2710.0000,2715.2000,2718.8000,2,1,2,2,2,1,5,2,1,2
SF,IH2004,2020-03-13 09:30:34.400,2703.6000,6862,0,174520020.000,1,0,1,多换,S,2703.6000,2702.0000,2701.6000,2701.4000,2701.2000,2705.0000,2709.4000,2710.0000,2715.2000,2718.8000,1,1,1,2,1,1,5,2,1,2
SF,IH2004,2020-03-13 09:30:34.900,2705.0000,6861,-1,175331520.000,1,0,1,双平,S,2705.2000,2703.8000,2703.6000,2702.0000,2701.6000,2710.0000,2713.2000,2715.2000,2718.8000,2739.4000,1,2,1,1,1,2,5,1,2,1
SF,IH2004,2020-03-13 09:30:35.400,2705.2000,6860,-1,176143080.000,1,0,1,双平,S,2705.4000,2703.8000,2703.6000,2702.0000,2701.6000,2707.0000,2707.2000,2709.8000,2710.0000,2713.2000,1,1,1,1,1,1,1,3,2,5
SF,IH2004,2020-03-13 09:30:35.900,2705.2000,6860,0,176143080.000,0,-,-,-,-,2703.8000,2703.6000,2702.0000,2701.6000,2701.4000,2705.4000,2707.2000,2709.8000,2710.0000,2713.2000,1,1,1,1,2,1,1,4,2,5
SF,IH2004,2020-03-13 09:30:36.400,2705.4000,6859,-1,176954700.000,1,0,1,双平,S,2704.8000,2704.0000,2703.8000,2703.6000,2702.0000,2710.0000,2713.2000,2715.2000,2718.8000,2739.4000,1,4,2,1,1,2,5,1,2,1
SF,IH2004,2020-03-13 09:30:36.900,2709.4000,6859,0,177767520.000,1,0,1,多换,S,2705.0000,2704.0000,2703.8000,2703.6000,2702.0000,2709.8000,2710.0000,2713.2000,2715.2000,2718.8000,3,3,2,1,1,2,2,5,1,2
SF,IH2004,2020-03-13 09:30:37.400,2709.8000,6859,0,178580460.000,1,0,1,多换,S,2705.0000,2704.0000,2703.8000,2703.6000,2702.0000,2710.0000,2715.2000,2717.0000,2718.8000,2739.4000,8,2,2,1,1,2,1,5,2,1
SF,IH2004,2020-03-13 09:30:37.900,2709.8000,6859,0,178580460.000,0,-,-,-,-,2709.4000,2705.4000,2705.0000,2704.0000,2703.8000,2709.8000,2710.0000,2715.2000,2717.0000,2718.8000,1,1,5,2,2,1,2,1,5,2
SF,IH2004,2020-03-13 09:30:38.400,2709.4000,6858,-1,180206100.000,2,0,2,多平,S,2705.4000,2705.2000,2705.0000,2704.0000,2703.8000,2709.4000,2710.0000,2715.2000,2717.0000,2718.8000,1,1,5,2,2,2,2,1,5,2
SF,IH2004,2020-03-13 09:30:38.900,2710.0000,6854,-4,184270740.000,5,0,5,多平,S,2710.0000,2705.6000,2705.4000,2705.0000,2704.0000,2715.2000,2717.0000,2718.8000,2739.4000,2750.0000,1,4,1,2,2,1,5,2,1,2
SF,IH2004,2020-03-13 09:30:39.400,2710.0000,6855,1,185896740.000,2,1,1,空开,S,2708.2000,2707.2000,2706.0000,2705.6000,2705.4000,2711.2000,2712.0000,2715.0000,2715.2000,2717.0000,1,1,2,2,1,1,1,6,1,5
SF,IH2004,2020-03-13 09:30:39.900,2710.2000,6853,-2,188336160.000,3,0,3,多平,S,2708.4000,2708.2000,2707.2000,2706.0000,2705.4000,2714.4000,2715.0000,2715.2000,2718.8000,2724.6000,3,1,1,2,1,1,2,1,2,5
SF,IH2004,2020-03-13 09:30:40.400,2710.2000,6853,0,188336160.000,0,-,-,-,-,2708.8000,2708.4000,2708.2000,2707.2000,2706.0000,2712.0000,2714.0000,2714.2000,2714.4000,2715.2000,1,2,1,1,2,1,1,3,1,1
SF,IH2004,2020-03-13 09:30:40.900,2709.0000,6853,0,189148860.000,1,0,1,多换,S,2709.0000,2707.2000,2706.0000,2705.4000,2705.0000,2711.8000,2712.0000,2714.0000,2714.2000,2714.4000,3,1,2,1,11,1,1,1,4,1
SF,IH2004,2020-03-13 09:30:41.400,2709.0000,6853,0,189148860.000,0,-,-,-,-,2709.4000,2709.0000,2707.2000,2706.0000,2705.4000,2714.0000,2714.4000,2715.2000,2718.8000,2724.6000,1,4,1,1,1,1,1,1,2,5
SF,IH2004,2020-03-13 09:30:41.900,2709.0000,6853,0,189148860.000,0,-,-,-,-,2709.6000,2709.4000,2707.2000,2706.0000,2705.4000,2714.0000,2714.4000,2715.2000,2718.8000,2724.6000,5,1,1,1,1,1,1,1,2,5
SF,IH2004,2020-03-13 09:30:42.400,2709.0000,6853,0,189148860.000,0,-,-,-,-,2709.6000,2709.4000,2707.2000,2706.0000,2705.4000,2713.8000,2714.0000,2714.4000,2715.2000,2718.8000,4,1,1,1,1,1,1,1,1,2
SF,IH2004,2020-03-13 09:30:42.900,2709.6000,6852,-1,189961740.000,1,0,1,双平,S,2709.6000,2709.4000,2707.2000,2705.4000,2705.2000,2713.6000,2714.0000,2714.4000,2715.2000,2718.8000,4,1,1,1,1,1,1,1,1,2
SF,IH2004,2020-03-13 09:30:43.400,2709.6000,6852,0,189961740.000,0,-,-,-,-,2710.4000,2709.6000,2709.4000,2707.2000,2705.6000,2713.6000,2714.0000,2714.4000,2715.2000,2718.8000,1,4,1,1,5,1,1,1,1,2
SF,IH2004,2020-03-13 09:30:43.900,2709.6000,6852,0,189961740.000,0,-,-,-,-,2710.6000,2710.4000,2709.8000,2709.4000,2707.2000,2713.6000,2714.4000,2715.2000,2718.8000,2724.6000,4,1,3,1,1,1,1,1,2,5
SF,IH2004,2020-03-13 09:30:44.400,2709.6000,6852,0,189961740.000,0,-,-,-,-,2712.0000,2710.8000,2710.6000,2710.4000,2709.8000,2713.6000,2715.2000,2718.8000,2724.6000,2739.4000,1,1,7,2,2,1,1,2,5,1
SF,IH2004,2020-03-13 09:30:44.900,2709.6000,6850,-2,193213260.000,4,1,3,多平,S,2713.6000,2712.2000,2712.0000,2710.8000,2710.6000,2715.2000,2718.8000,2724.6000,2739.4000,2750.0000,1,2,1,1,4,1,2,5,1,2
SF,IH2004,2020-03-13 09:30:45.400,2709.6000,6850,0,193213260.000,0,-,-,-,-,2713.8000,2713.6000,2712.2000,2712.0000,2711.8000,2715.0000,2715.2000,2718.8000,2724.6000,2739.4000,2,1,3,4,1,1,1,2,5,1
SF,IH2004,2020-03-13 09:30:45.900,2713.4000,6852,2,194841300.000,2,2,0,双开,S,2713.6000,2712.2000,2712.0000,2711.8000,2710.8000,2715.0000,2715.2000,2718.8000,2724.6000,2739.4000,1,3,4,1,1,1,1,2,5,1
SF,IH2004,2020-03-13 09:30:46.400,2713.4000,6852,0,194841300.000,0,-,-,-,-,2713.6000,2712.2000,2712.0000,2710.8000,2710.6000,2715.0000,2715.2000,2718.8000,2724.6000,2739.4000,1,1,3,1,3,1,1,2,5,1
SF,IH2004,2020-03-13 09:30:46.900,2713.6000,6851,-1,195655380.000,1,0,1,双平,S,2712.2000,2712.0000,2710.8000,2710.6000,2710.4000,2715.0000,2715.2000,2718.8000,2724.6000,2739.4000,1,3,1,3,1,1,1,2,5,1
SF,IH2004,2020-03-13 09:30:47.400,2713.6000,6851,0,195655380.000,0,-,-,-,-,2712.6000,2712.4000,2712.2000,2712.0000,2710.8000,2715.0000,2715.2000,2718.8000,2724.6000,2739.4000,1,2,1,4,1,1,1,2,5,1
SF,IH2004,2020-03-13 09:30:47.900,2715.0000,6852,1,196469880.000,1,1,0,双开,S,2713.6000,2713.2000,2712.8000,2712.6000,2712.4000,2715.2000,2718.8000,2724.6000,2739.4000,2750.0000,1,1,7,1,1,1,2,5,1,2
SF,IH2004,2020-03-13 09:30:48.400,2715.2000,6851,-1,197284440.000,1,0,1,双平,S,2715.0000,2713.8000,2712.8000,2712.6000,2712.4000,2718.8000,2724.6000,2739.4000,2750.0000,2757.2000,2,1,3,1,1,2,5,1,2,1
SF,IH2004,2020-03-13 09:30:48.900,2715.2000,6851,0,197284440.000,0,-,-,-,-,2715.2000,2715.0000,2713.8000,2712.8000,2712.6000,2715.6000,2718.6000,2718.8000,2724.6000,2739.4000,1,2,1,2,1,1,1,2,5,1
SF,IH2004,2020-03-13 09:30:49.400,2715.4000,6849,-2,200542920.000,4,1,3,多平,S,2715.4000,2715.0000,2713.8000,2712.6000,2712.0000,2718.8000,2724.6000,2739.4000,2750.0000,2757.2000,1,2,1,1,4,2,5,1,2,1
SF,IH2004,2020-03-13 09:30:49.900,2715.4000,6849,0,200542920.000,0,-,-,-,-,2715.6000,2715.4000,2715.0000,2713.8000,2712.0000,2718.8000,2724.6000,2739.4000,2750.0000,2757.2000,1,1,2,1,4,2,5,1,2,1
SF,IH2004,2020-03-13 09:30:50.400,2715.4000,6849,0,200542920.000,0,-,-,-,-,2715.8000,2715.6000,2715.0000,2713.8000,2712.0000,2718.8000,2724.6000,2739.4000,2750.0000,2757.2000,1,1,2,1,4,2,5,1,2,1
SF,IH2004,2020-03-13 09:30:50.900,2715.4000,6849,0,200542920.000,0,-,-,-,-,2716.0000,2715.8000,2715.0000,2712.0000,2709.4000,2718.8000,2720.0000,2724.6000,2739.4000,2750.0000,1,2,2,3,1,2,1,5,1,2
SF,IH2004,2020-03-13 09:30:51.400,2715.4000,6849,0,200542920.000,0,-,-,-,-,2716.0000,2715.8000,2715.0000,2712.0000,2709.4000,2718.6000,2718.8000,2720.0000,2724.6000,2739.4000,1,1,2,3,1,1,2,1,5,1
SF,IH2004,2020-03-13 09:30:51.900,2715.4000,6849,0,201357540.000,1,0,1,多换,S,2715.2000,2715.0000,2712.0000,2709.4000,2707.0000,2718.6000,2718.8000,2720.0000,2724.6000,2739.4000,1,2,3,1,1,1,2,1,5,1
SF,IH2004,2020-03-13 09:30:52.400,2715.4000,6849,0,201357540.000,0,-,-,-,-,2715.4000,2715.2000,2715.0000,2712.0000,2709.4000,2718.6000,2718.8000,2720.0000,2724.6000,2739.4000,3,1,2,3,1,1,2,1,5,1
SF,IH2004,2020-03-13 09:30:52.900,2715.4000,6849,0,201357540.000,0,-,-,-,-,2718.6000,2715.4000,2715.2000,2715.0000,2712.0000,2718.8000,2720.0000,2724.6000,2739.4000,2750.0000,6,5,1,2,3,2,1,5,1,2
SF,IH2004,2020-03-13 09:30:53.400,2716.8000,6841,-8,208697340.000,9,0,9,多平,S,2716.8000,2715.4000,2715.2000,2715.0000,2712.0000,2720.0000,2724.6000,2739.4000,2750.0000,2757.2000,1,2,1,2,2,1,5,1,2,1
SF,IH2004,2020-03-13 09:30:53.900,2716.8000,6841,0,208697340.000,0,-,-,-,-,2717.0000,2716.8000,2715.4000,2715.2000,2715.0000,2720.0000,2724.6000,2739.4000,2750.0000,2757.2000,2,3,2,1,2,2,5,1,2,1
SF,IH2004,2020-03-13 09:30:54.400,2716.8000,6840,-1,209512380.000,1,0,1,双平,S,2717.2000,2717.0000,2716.8000,2715.4000,2715.2000,2720.0000,2724.6000,2739.4000,2750.0000,2757.2000,2,1,1,3,1,2,5,1,2,1
SF,IH2004,2020-03-13 09:30:54.900,2719.8000,6839,-1,211143360.000,2,0,2,多平,S,2717.2000,2715.4000,2715.0000,2709.4000,2705.6000,2720.0000,2724.6000,2739.4000,2750.0000,2757.2000,1,3,2,1,5,2,5,1,2,1
SF,IH2004,2020-03-13 09:30:55.400,2700.0000,6846,7,227394240.000,20,13,7,空开,S,2717.4000,2709.4000,2699.0000,2696.0000,2695.0000,2719.8000,2720.0000,2724.6000,2739.4000,2750.0000,1,5,1,1,1,1,1,5,1,2
SF,IH2004,2020-03-13 09:30:55.900,2700.0000,6846,0,227394240.000,0,-,-,-,-,2717.6000,2709.4000,2700.8000,2700.6000,2699.0000,2719.4000,2719.6000,2719.8000,2720.0000,2724.6000,1,5,7,1,1,1,1,1,1,5
SF,IH2004,2020-03-13 09:30:56.400,2719.4000,6846,0,228210060.000,1,0,1,多换,S,2717.6000,2709.4000,2700.8000,2700.6000,2699.0000,2719.2000,2720.0000,2724.6000,2750.0000,2757.2000,1,5,8,1,1,1,1,5,2,1
SF,IH2004,2020-03-13 09:30:56.900,2719.2000,6846,0,229025820.000,1,0,1,多换,S,2709.4000,2700.8000,2700.6000,2699.0000,2696.0000,2720.0000,2724.6000,2750.0000,2757.2000,2770.0000,5,8,1,1,1,1,5,2,1,1
SF,IH2004,2020-03-13 09:30:57.400,2719.2000,6846,0,229025820.000,0,-,-,-,-,2716.8000,2716.6000,2716.4000,2716.2000,2715.4000,2719.8000,2720.0000,2724.6000,2750.0000,2757.2000,3,1,1,1,1,2,1,5,2,1
SF,IH2004,2020-03-13 09:30:57.900,2719.2000,6846,0,229025820.000,0,-,-,-,-,2719.0000,2717.0000,2716.8000,2715.0000,2714.8000,2720.0000,2724.6000,2750.0000,2757.2000,2770.0000,1,3,2,1,3,2,5,2,1,1
SF,IH2004,2020-03-13 09:30:58.400,2719.0000,6846,0,229841520.000,1,0,1,多换,S,2718.0000,2717.4000,2717.0000,2716.8000,2714.8000,2720.0000,2724.6000,2738.8000,2750.0000,2757.2000,1,1,3,3,2,1,5,1,2,1
SF,IH2004,2020-03-13 09:30:58.900,2719.0000,6846,0,229841520.000,0,-,-,-,-,2717.0000,2716.8000,2714.8000,2714.4000,2713.6000,2719.0000,2719.8000,2720.0000,2724.6000,2738.8000,3,2,1,1,1,1,1,2,5,1
SF,IH2004,2020-03-13 09:30:59.400,2720.0000,6845,-1,238812540.000,11,5,6,多平,S,2720.0000,2714.4000,2713.0000,2712.0000,2709.8000,2724.6000,2738.8000,2750.0000,2757.2000,2770.0000,3,1,1,1,1,5,1,2,1,1
SF,IH2004,2020-03-13 09:30:59.900,2720.0000,6845,0,241260540.000,3,1,2,多换,S,2714.4000,2713.0000,2712.0000,2709.8000,2709.4000,2719.4000,2720.0000,2721.6000,2724.2000,2724.4000,1,1,1,1,5,1,4,1,1,4
SF,IH2004,2020-03-13 09:31:00.400,2720.0000,6845,0,241260540.000,0,-,-,-,-,2715.0000,2714.8000,2714.6000,2714.4000,2713.0000,2717.8000,2719.2000,2720.0000,2721.6000,2724.2000,1,1,4,2,1,1,3,4,1,1
SF,IH2004,2020-03-13 09:31:00.900,2720.0000,6845,0,241260540.000,0,-,-,-,-,2714.6000,2709.8000,2707.6000,2705.6000,2700.8000,2716.8000,2717.6000,2717.8000,2719.2000,2720.0000,1,1,2,5,1,1,2,1,1,5
SF,IH2004,2020-03-13 09:31:01.400,2720.0000,6845,0,241260540.000,0,-,-,-,-,2714.6000,2714.4000,2710.0000,2709.8000,2707.6000,2716.6000,2717.6000,2717.8000,2719.2000,2720.0000,1,1,2,1,2,1,1,1,1,5
SF,IH2004,2020-03-13 09:31:01.900,2720.0000,6845,0,241260540.000,0,-,-,-,-,2707.6000,2700.8000,2700.6000,2699.0000,2698.0000,2714.6000,2716.4000,2716.6000,2716.8000,2717.8000,2,1,1,1,5,1,1,1,1,1
SF,IH2004,2020-03-13 09:31:02.400,2720.0000,6845,0,241260540.000,0,-,-,-,-,2710.6000,2710.4000,2710.2000,2709.6000,2709.2000,2714.4000,2716.8000,2717.8000,2719.2000,2720.0000,1,3,1,1,2,1,1,1,1,3
SF,IH2004,2020-03-13 09:31:02.900,2720.0000,6845,0,241260540.000,0,-,-,-,-,2710.8000,2710.4000,2709.6000,2709.2000,2709.0000,2714.4000,2716.8000,2717.8000,2719.2000,2720.0000,2,2,1,2,3,1,1,1,1,3
SF,IH2004,2020-03-13 09:31:03.400,2714.4000,6840,-5,245332140.000,5,0,5,双平,S,2709.6000,2709.2000,2709.0000,2708.2000,2706.6000,2710.8000,2716.8000,2717.8000,2718.8000,2719.2000,1,1,3,1,1,2,1,1,1,1
SF,IH2004,2020-03-13 09:31:03.900,2709.8000,6834,-6,251023860.000,7,0,7,多平,S,2709.8000,2709.2000,2709.0000,2706.6000,2703.2000,2716.8000,2717.8000,2718.8000,2719.2000,2720.0000,1,1,2,1,2,1,1,1,1,3
SF,IH2004,2020-03-13 09:31:04.400,2709.8000,6834,0,251023860.000,0,-,-,-,-,2711.0000,2710.8000,2710.4000,2710.2000,2710.0000,2713.6000,2714.8000,2715.4000,2716.2000,2716.6000,2,3,1,1,6,1,1,1,1,3
SF,IH2004,2020-03-13 09:31:04.900,2709.8000,6830,-4,255088560.000,5,0,5,多平,S,2710.4000,2710.2000,2710.0000,2709.8000,2709.2000,2713.4000,2714.8000,2715.4000,2715.6000,2716.2000,1,1,4,3,1,1,1,1,1,1
SF,IH2004,2020-03-13 09:31:05.400,2709.8000,6830,0,255088560.000,0,-,-,-,-,2710.0000,2709.8000,2709.2000,2709.0000,2706.6000,2712.6000,2713.2000,2713.4000,2713.6000,2715.4000,1,1,1,2,1,1,1,1,1,1
SF,IH2004,2020-03-13 09:31:05.900,2710.0000,6829,-1,255901560.000,1,0,1,双平,S,2709.8000,2706.6000,2702.6000,2700.8000,2699.0000,2710.0000,2712.4000,2715.4000,2715.6000,2716.2000,1,1,2,1,1,4,1,1,1,1
SF,IH2004,2020-03-13 09:31:06.400,2710.0000,6824,-5,259966560.000,5,0,5,双平,S,2706.6000,2702.6000,2701.4000,2700.8000,2699.0000,2709.8000,2712.4000,2712.6000,2715.4000,2715.6000,1,2,2,1,1,4,1,1,1,1
SF,IH2004,2020-03-13 09:31:06.900,2712.4000,6822,-2,264032220.000,5,1,4,多平,S,2710.0000,2709.2000,2709.0000,2708.8000,2708.2000,2715.6000,2716.2000,2716.8000,2717.8000,2719.2000,2,3,3,1,1,1,1,1,1,1
SF,IH2004,2020-03-13 09:31:07.400,2706.8000,6818,-4,268094400.000,5,0,5,多平,S,2706.8000,2706.6000,2702.6000,2701.4000,2700.8000,2712.0000,2712.4000,2712.6000,2713.6000,2714.4000,6,1,2,2,1,3,1,1,1,1
SF,IH2004,2020-03-13 09:31:07.900,2706.8000,6818,0,268094400.000,0,-,-,-,-,2708.2000,2708.0000,2707.8000,2707.2000,2707.0000,2710.0000,2711.8000,2712.0000,2712.6000,2713.6000,1,1,1,1,1,5,2,3,1,1
SF,IH2004,2020-03-13 09:31:08.400,2708.2000,6815,-3,282722340.000,18,7,11,多平,S,2708.0000,2707.2000,2707.0000,2706.8000,2702.6000,2708.2000,2711.8000,2713.6000,2714.4000,2715.0000,1,3,1,3,2,2,1,1,1,1
SF,IH2004,2020-03-13 09:31:08.900,2708.2000,6811,-4,287597100.000,6,1,5,多平,S,2708.0000,2707.2000,2707.0000,2706.8000,2703.4000,2708.2000,2711.8000,2713.6000,2714.4000,2715.4000,1,3,1,3,1,1,1,1,1,2
SF,IH2004,2020-03-13 09:31:09.400,2708.2000,6807,-4,292471860.000,6,1,5,多平,S,2708.2000,2707.2000,2707.0000,2703.4000,2702.6000,2711.8000,2715.4000,2715.6000,2717.8000,2719.2000,2,3,1,1,2,1,2,1,1,1
SF,IH2004,2020-03-13 09:31:09.900,2708.2000,6804,-3,294909240.000,3,0,3,双平,S,2707.2000,2707.0000,2703.4000,2702.6000,2701.4000,2708.2000,2711.6000,2711.8000,2715.4000,2715.6000,3,1,1,2,2,2,1,1,2,1
SF,IH2004,2020-03-13 09:31:10.400,2708.2000,6803,-1,296534160.000,2,0,2,多平,S,2710.0000,2708.2000,2707.4000,2707.2000,2707.0000,2711.6000,2711.8000,2715.4000,2715.6000,2717.8000,1,2,3,5,1,1,1,2,1,1
SF,IH2004,2020-03-13 09:31:10.900,2707.4000,6800,-3,300596220.000,5,1,4,多平,S,2708.2000,2707.4000,2707.2000,2707.0000,2703.4000,2711.6000,2711.8000,2715.4000,2715.6000,2717.8000,1,3,5,1,1,1,1,2,1,1
SF,IH2004,2020-03-13 09:31:11.400,2710.4000,6799,-1,302222760.000,2,0,2,多平,S,2709.2000,2708.4000,2708.2000,2707.4000,2707.2000,2710.0000,2711.6000,2715.6000,2717.8000,2719.2000,1,2,1,1,4,4,1,1,1,1
SF,IH2004,2020-03-13 09:31:11.900,2709.0000,6797,-2,303848460.000,2,0,2,双平,S,2708.4000,2708.2000,2707.4000,2707.2000,2705.4000,2709.2000,2710.0000,2711.6000,2715.6000,2717.8000,2,1,1,4,1,5,3,1,1,1
SF,IH2004,2020-03-13 09:31:12.400,2710.0000,6792,-5,310351260.000,8,1,7,多平,S,2712.4000,2709.2000,2708.4000,2708.2000,2707.4000,2715.6000,2717.8000,2719.2000,2719.4000,2720.0000,1,3,2,1,1,1,1,1,2,1
SF,IH2004,2020-03-13 09:31:12.900,2709.2000,6786,-6,315229860.000,6,0,6,双平,S,2709.2000,2708.6000,2708.4000,2708.2000,2707.4000,2714.0000,2714.4000,2714.8000,2715.0000,2715.4000,6,1,1,1,1,1,1,1,1,2
SF,IH2004,2020-03-13 09:31:13.400,2709.4000,6781,-5,320108580.000,6,0,6,多平,S,2709.2000,2708.6000,2708.4000,2708.2000,2707.4000,2713.8000,2714.4000,2714.8000,2715.0000,2715.4000,5,1,2,1,1,2,1,1,1,1
SF,IH2004,2020-03-13 09:31:13.900,2713.8000,6781,0,320922720.000,1,0,1,多换,S,2709.8000,2709.4000,2709.2000,2709.0000,2708.6000,2713.8000,2714.4000,2714.8000,2715.0000,2715.4000,1,1,5,1,1,1,1,1,1,1
SF,IH2004,2020-03-13 09:31:14.400,2709.8000,6779,-2,324989460.000,5,1,4,多平,S,2709.4000,2709.2000,2709.0000,2708.6000,2708.4000,2713.8000,2715.4000,2717.8000,2719.2000,2719.4000,1,1,1,1,1,1,1,1,1,2
SF,IH2004,2020-03-13 09:31:14.900,2713.8000,6777,-2,326617680.000,2,0,2,双平,S,2713.8000,2709.8000,2709.6000,2709.4000,2709.2000,2715.4000,2715.6000,2717.8000,2719.2000,2719.4000,4,1,1,1,1,1,1,1,1,2
SF,IH2004,2020-03-13 09:31:15.400,2709.4000,6771,-6,331500000.000,6,0,6,双平,S,2709.2000,2709.0000,2708.6000,2708.4000,2708.2000,2709.4000,2712.0000,2714.4000,2715.4000,2715.6000,1,1,1,1,1,3,1,1,1,1
SF,IH2004,2020-03-13 09:31:15.900,2709.4000,6768,-3,338816400.000,9,3,6,多平,S,2709.8000,2709.4000,2709.2000,2709.0000,2708.6000,2715.6000,2717.8000,2719.2000,2719.4000,2719.6000,1,9,2,1,1,1,1,1,2,1
SF,IH2004,2020-03-13 09:31:16.400,2709.4000,6768,0,338816400.000,0,-,-,-,-,2712.0000,2709.8000,2709.6000,2709.4000,2709.2000,2712.6000,2715.0000,2715.4000,2715.6000,2717.8000,1,1,1,2,2,1,1,2,1,1
SF,IH2004,2020-03-13 09:31:16.900,2712.6000,6767,-1,340443960.000,2,0,2,多平,S,2710.2000,2709.8000,2709.6000,2709.4000,2709.2000,2712.0000,2714.4000,2715.4000,2715.6000,2717.8000,1,1,1,1,2,5,1,1,1,1
SF,IH2004,2020-03-13 09:31:17.400,2712.0000,6766,-1,342071160.000,2,0,2,多平,S,2710.2000,2710.0000,2709.8000,2709.6000,2709.4000,2712.0000,2714.4000,2715.4000,2715.6000,2717.8000,2,2,1,1,1,3,1,1,1,1
SF,IH2004,2020-03-13 09:31:17.900,2712.0000,6763,-3,345325560.000,4,0,4,多平,S,2710.4000,2710.2000,2710.0000,2709.8000,2709.6000,2712.0000,2714.4000,2715.4000,2715.6000,2717.8000,1,1,1,1,1,1,1,1,1,1
SF,IH2004,2020-03-13 09:31:18.400,2712.0000,6762,-1,346139160.000,1,0,1,双平,S,2712.0000,2710.4000,2710.2000,2710.0000,2709.8000,2714.4000,2715.4000,2715.6000,2717.8000,2719.2000,2,1,2,1,1,1,1,1,1,1
SF,IH2004,2020-03-13 09:31:18.900,2712.0000,6761,-1,347767020.000,2,0,2,多平,S,2711.8000,2710.4000,2710.2000,2710.0000,2709.8000,2714.4000,2715.6000,2717.8000,2719.2000,2719.4000,2,1,2,1,2,1,1,1,1,2
SF,IH2004,2020-03-13 09:31:19.400,2714.2000,6760,-1,348581280.000,1,0,1,双平,S,2711.8000,2710.4000,2710.2000,2710.0000,2709.8000,2714.4000,2715.6000,2717.8000,2719.2000,2719.4000,2,1,2,1,2,1,1,1,1,2
SF,IH2004,2020-03-13 09:31:19.900,2714.2000,6760,0,348581280.000,0,-,-,-,-,2712.0000,2711.8000,2711.6000,2710.4000,2710.2000,2714.4000,2715.6000,2717.8000,2719.2000,2719.4000,1,2,1,1,2,1,1,1,1,2
SF,IH2004,2020-03-13 09:31:20.400,2714.4000,6760,0,349395600.000,1,0,1,多换,S,2714.4000,2712.2000,2712.0000,2711.8000,2711.6000,2715.6000,2717.8000,2719.2000,2719.4000,2720.0000,1,1,1,2,1,1,1,1,2,1
SF,IH2004,2020-03-13 09:31:20.900,2714.4000,6760,0,349395600.000,0,-,-,-,-,2714.4000,2712.2000,2712.0000,2711.8000,2711.6000,2715.4000,2715.6000,2717.0000,2717.8000,2719.2000,1,1,1,2,1,1,1,1,1,1
SF,IH2004,2020-03-13 09:31:21.400,2714.4000,6760,0,349395600.000,0,-,-,-,-,2714.4000,2714.2000,2712.2000,2712.0000,2711.8000,2715.6000,2717.0000,2717.8000,2719.2000,2719.4000,1,1,1,1,2,1,1,1,1,2
SF,IH2004,2020-03-13 09:31:21.900,2715.4000,6759,-1,351024840.000,2,0,2,多平,S,2714.6000,2714.4000,2714.2000,2712.2000,2711.8000,2715.6000,2717.0000,2717.8000,2719.2000,2719.4000,1,1,1,1,2,1,1,1,1,2
SF,IH2004,2020-03-13 09:31:22.400,2715.6000,6758,-1,351839520.000,1,0,1,双平,S,2715.6000,2714.6000,2714.4000,2714.2000,2712.2000,2717.0000,2717.8000,2719.2000,2719.4000,2720.0000,1,1,3,1,1,1,1,1,2,1
SF,IH2004,2020-03-13 09:31:22.900,2715.6000,6758,0,351839520.000,0,-,-,-,-,2715.4000,2714.4000,2714.2000,2711.8000,2711.6000,2717.0000,2717.8000,2719.2000,2719.4000,2720.0000,2,3,1,2,1,1,1,1,2,1
SF,IH2004,2020-03-13 09:31:23.400,2715.6000,6758,0,351839520.000,0,-,-,-,-,2715.4000,2715.2000,2714.4000,2714.2000,2711.8000,2717.0000,2717.8000,2719.2000,2720.0000,2722.4000,2,1,3,1,2,1,1,1,1,2
SF,IH2004,2020-03-13 09:31:23.900,2715.6000,6758,0,351839520.000,0,-,-,-,-,2715.4000,2715.2000,2714.4000,2714.2000,2712.6000,2717.0000,2717.8000,2719.2000,2720.0000,2722.4000,2,2,3,1,1,1,1,1,1,2
SF,IH2004,2020-03-13 09:31:24.400,2717.0000,6757,-1,352654620.000,1,0,1,双平,S,2717.0000,2715.4000,2715.2000,2714.4000,2714.2000,2717.8000,2719.2000,2720.0000,2722.4000,2723.0000,1,2,2,3,1,1,1,1,2,1
SF,IH2004,2020-03-13 09:31:24.900,2717.8000,6756,-1,353469960.000,1,0,1,双平,S,2716.8000,2715.4000,2715.2000,2714.4000,2714.2000,2720.0000,2723.0000,2723.8000,2724.6000,2738.8000,1,2,2,3,1,1,1,2,5,1
SF,IH2004,2020-03-13 09:31:25.400,2717.8000,6756,0,353469960.000,0,-,-,-,-,2717.8000,2716.8000,2715.4000,2715.2000,2714.4000,2719.6000,2719.8000,2720.0000,2722.0000,2723.0000,1,1,2,2,3,1,1,2,1,1
SF,IH2004,2020-03-13 09:31:25.900,2717.8000,6756,0,353469960.000,0,-,-,-,-,2716.8000,2715.4000,2715.2000,2714.4000,2714.2000,2719.6000,2719.8000,2720.0000,2722.0000,2723.0000,1,2,2,3,1,1,1,2,1,1
SF,IH2004,2020-03-13 09:31:26.400,2715.4000,6751,-5,357544920.000,5,0,5,双平,S,2715.4000,2715.2000,2714.4000,2714.2000,2712.6000,2719.4000,2720.0000,2722.0000,2723.0000,2723.8000,1,2,3,1,1,1,2,1,1,2
SF,IH2004,2020-03-13 09:31:26.900,2715.4000,6751,0,357544920.000,0,-,-,-,-,2715.6000,2715.4000,2715.2000,2714.4000,2714.2000,2719.4000,2720.0000,2722.0000,2723.0000,2723.8000,1,1,2,3,1,1,1,1,1,2
SF,IH2004,2020-03-13 09:31:27.400,2715.4000,6751,0,357544920.000,0,-,-,-,-,2715.6000,2715.4000,2715.2000,2714.4000,2714.2000,2719.2000,2719.4000,2720.0000,2722.0000,2723.0000,1,1,2,3,1,1,1,1,1,1
SF,IH2004,2020-03-13 09:31:27.900,2719.0000,6750,-1,358360620.000,1,0,1,双平,S,2715.8000,2715.6000,2715.4000,2715.2000,2714.4000,2719.2000,2720.0000,2722.0000,2723.0000,2732.2000,1,1,1,2,3,1,1,1,1,5
SF,IH2004,2020-03-13 09:31:28.400,2719.2000,6749,-1,359176380.000,1,0,1,双平,S,2716.0000,2715.8000,2715.6000,2715.4000,2715.2000,2720.0000,2722.0000,2723.0000,2732.2000,2736.0000,1,3,2,1,2,1,1,1,5,1
SF,IH2004,2020-03-13 09:31:28.900,2720.0000,6748,-1,359992380.000,1,0,1,双平,S,2716.4000,2716.2000,2716.0000,2715.8000,2715.6000,2722.0000,2723.0000,2732.2000,2736.0000,2738.8000,1,1,2,2,2,1,1,5,1,1
SF,IH2004,2020-03-13 09:31:29.400,2720.0000,6748,0,359992380.000,0,-,-,-,-,2720.0000,2716.8000,2716.6000,2716.4000,2716.0000,2721.6000,2721.8000,2722.0000,2723.0000,2728.0000,1,1,2,1,1,1,1,1,1,1
SF,IH2004,2020-03-13 09:31:29.900,2720.0000,6748,0,359992380.000,0,-,-,-,-,2719.6000,2717.6000,2717.4000,2716.8000,2716.6000,2721.8000,2722.0000,2723.0000,2728.0000,2732.2000,1,2,1,1,4,1,1,1,1,5
SF,IH2004,2020-03-13 09:31:30.400,2720.0000,6748,0,359992380.000,0,-,-,-,-,2721.6000,2719.8000,2717.4000,2716.8000,2716.6000,2721.8000,2722.0000,2723.0000,2728.0000,2732.2000,1,1,1,3,2,1,1,1,1,5
SF,IH2004,2020-03-13 09:31:30.900,2722.0000,6746,-2,362442000.000,3,0,3,多平,S,2719.8000,2719.6000,2717.4000,2716.8000,2716.6000,2723.0000,2728.0000,2736.0000,2738.8000,2750.0000,2,1,1,3,2,1,1,6,1,3
SF,IH2004,2020-03-13 09:31:31.400,2723.0000,6745,-1,363258900.000,1,0,1,双平,S,2721.8000,2720.0000,2719.8000,2719.6000,2716.8000,2728.0000,2736.0000,2738.8000,2750.0000,2757.2000,2,1,2,1,3,1,6,1,3,1
SF,IH2004,2020-03-13 09:31:31.900,2725.8000,6746,1,364076640.000,1,1,0,双开,S,2723.0000,2722.0000,2719.8000,2719.6000,2716.8000,2726.4000,2727.0000,2727.4000,2727.6000,2727.8000,1,1,1,1,3,5,1,2,1,2
SF,IH2004,2020-03-13 09:31:32.400,2726.2000,6741,-5,368163840.000,5,0,5,双平,S,2719.8000,2719.6000,2716.8000,2716.6000,2715.6000,2726.2000,2726.4000,2727.0000,2727.4000,2727.6000,1,1,3,2,1,3,5,1,2,1
SF,IH2004,2020-03-13 09:31:32.900,2726.2000,6741,0,369799560.000,2,1,1,多换,S,2723.2000,2720.0000,2719.8000,2719.6000,2716.8000,2726.0000,2726.2000,2726.4000,2727.0000,2727.4000,1,2,1,1,3,1,1,5,1,1
SF,IH2004,2020-03-13 09:31:33.400,2726.2000,6741,0,369799560.000,0,-,-,-,-,2723.2000,2721.6000,2721.4000,2720.0000,2719.8000,2725.8000,2726.4000,2727.0000,2727.4000,2728.0000,1,1,1,1,1,3,5,1,1,2
SF,IH2004,2020-03-13 09:31:33.900,2721.6000,6741,0,371433000.000,2,1,1,多换,S,2721.4000,2720.0000,2719.8000,2719.6000,2716.8000,2723.2000,2725.8000,2726.4000,2727.0000,2727.4000,1,1,1,2,3,1,3,5,1,1
SF,IH2004,2020-03-13 09:31:34.400,2721.6000,6741,0,373884180.000,3,1,2,多换,S,2721.6000,2721.4000,2719.8000,2719.6000,2716.8000,2725.8000,2726.4000,2727.0000,2727.4000,2728.0000,1,1,1,2,3,2,5,1,1,2
SF,IH2004,2020-03-13 09:31:34.900,2721.6000,6741,0,375517140.000,2,1,1,多换,S,2721.8000,2721.6000,2721.4000,2719.8000,2719.6000,2725.6000,2725.8000,2726.4000,2727.0000,2727.4000,1,1,1,1,2,1,2,5,1,1
SF,IH2004,2020-03-13 09:31:35.400,2721.8000,6742,1,377966760.000,3,2,1,空开,S,2722.0000,2721.8000,2719.8000,2719.6000,2716.8000,2726.4000,2727.4000,2728.0000,2736.0000,2738.8000,1,1,1,2,1,2,1,1,6,1
SF,IH2004,2020-03-13 09:31:35.900,2722.2000,6742,0,380417880.000,3,1,2,多换,S,2722.0000,2721.8000,2719.8000,2719.6000,2716.8000,2726.2000,2726.4000,2727.4000,2728.0000,2736.0000,1,1,1,1,1,1,3,1,1,6
SF,IH2004,2020-03-13 09:31:36.400,2722.0000,6742,0,381234480.000,1,0,1,多换,S,2721.8000,2719.8000,2719.6000,2716.8000,2716.6000,2726.2000,2726.4000,2727.4000,2728.0000,2736.0000,1,1,1,1,2,1,2,1,1,6
SF,IH2004,2020-03-13 09:31:36.900,2722.0000,6742,0,382867680.000,2,1,1,多换,S,2722.6000,2721.8000,2719.8000,2719.6000,2717.8000,2726.0000,2726.2000,2726.4000,2727.4000,2728.0000,1,1,1,1,2,1,1,2,1,1
SF,IH2004,2020-03-13 09:31:37.400,2722.6000,6742,0,384501240.000,2,1,1,多换,S,2719.8000,2719.6000,2717.8000,2716.8000,2716.6000,2725.8000,2726.0000,2726.4000,2727.4000,2728.0000,1,1,2,1,2,1,2,1,1,1
SF,IH2004,2020-03-13 09:31:37.900,2722.6000,6743,1,385318020.000,1,1,0,双开,S,2720.0000,2719.6000,2717.8000,2716.8000,2715.6000,2720.8000,2725.6000,2725.8000,2726.0000,2726.4000,2,1,2,1,1,1,1,2,1,1
SF,IH2004,2020-03-13 09:31:38.400,2720.8000,6743,0,386950500.000,2,1,1,多换,S,2720.8000,2720.2000,2719.6000,2717.8000,2716.8000,2725.8000,2726.4000,2727.4000,2728.0000,2736.0000,3,1,1,2,1,2,1,1,1,6
SF,IH2004,2020-03-13 09:31:38.900,2720.8000,6743,0,388582980.000,2,1,1,多换,S,2720.8000,2719.6000,2717.8000,2716.8000,2715.6000,2725.6000,2725.8000,2726.4000,2727.4000,2728.0000,7,1,2,1,1,3,2,1,1,1
SF,IH2004,2020-03-13 09:31:39.400,2720.8000,6744,1,389399220.000,1,1,0,双开,S,2721.0000,2720.8000,2719.6000,2717.8000,2716.8000,2725.4000,2725.6000,2725.8000,2726.4000,2727.4000,1,6,1,2,1,1,3,1,1,1
SF,IH2004,2020-03-13 09:31:39.900,2720.8000,6744,0,389399220.000,0,-,-,-,-,2721.0000,2720.8000,2719.6000,2717.8000,2716.8000,2725.0000,2725.2000,2725.4000,2726.4000,2727.4000,1,7,1,2,1,1,1,1,1,1
SF,IH2004,2020-03-13 09:31:40.400,2724.8000,6744,0,391034100.000,2,1,1,多换,S,2721.2000,2721.0000,2720.8000,2720.0000,2719.6000,2725.0000,2725.2000,2726.4000,2727.4000,2728.0000,2,1,1,3,1,1,1,1,1,1
SF,IH2004,2020-03-13 09:31:40.900,2724.8000,6744,0,391851540.000,1,0,1,多换,S,2721.2000,2721.0000,2720.8000,2720.0000,2719.6000,2725.0000,2725.2000,2726.4000,2727.4000,2728.0000,2,1,1,3,1,1,1,1,1,1
SF,IH2004,2020-03-13 09:31:41.400,2724.8000,6744,0,391851540.000,0,-,-,-,-,2721.2000,2721.0000,2720.8000,2720.0000,2719.6000,2724.8000,2725.0000,2726.4000,2727.4000,2728.0000,2,1,1,3,1,1,1,1,1,1
SF,IH2004,2020-03-13 09:31:41.900,2724.8000,6743,-1,392668980.000,1,0,1,双平,S,2721.8000,2721.2000,2721.0000,2720.8000,2720.0000,2724.6000,2724.8000,2725.0000,2726.4000,2727.4000,1,2,1,1,3,1,1,1,1,1
SF,IH2004,2020-03-13 09:31:42.400,2724.8000,6743,0,392668980.000,0,-,-,-,-,2723.6000,2722.0000,2721.8000,2721.0000,2720.8000,2724.8000,2725.0000,2726.4000,2727.4000,2728.0000,1,3,1,1,1,1,1,1,1,1
SF,IH2004,2020-03-13 09:31:42.900,2724.4000,6741,-2,394303380.000,2,0,2,双平,S,2722.0000,2721.8000,2721.0000,2720.8000,2720.0000,2724.6000,2724.8000,2725.0000,2726.4000,2728.0000,2,1,1,1,3,1,1,1,1,1
SF,IH2004,2020-03-13 09:31:43.400,2724.8000,6742,1,395938200.000,2,1,1,空开,S,2722.4000,2722.0000,2721.8000,2721.0000,2720.8000,2725.0000,2726.4000,2728.0000,2728.6000,2736.0000,1,2,1,1,1,1,1,1,1,6
SF,IH2004,2020-03-13 09:31:43.900,2724.8000,6742,0,395938200.000,0,-,-,-,-,2722.6000,2722.4000,2722.0000,2721.0000,2720.8000,2724.8000,2725.0000,2726.4000,2728.0000,2728.6000,2,1,1,1,1,1,1,1,1,1
SF,IH2004,2020-03-13 09:31:44.400,2722.6000,6740,-2,397571760.000,2,0,2,双平,S,2722.4000,2722.0000,2721.0000,2720.8000,2720.0000,2724.6000,2724.8000,2725.0000,2726.4000,2728.0000,1,1,1,1,3,2,1,1,1,1
SF,IH2004,2020-03-13 09:31:44.900,2724.4000,6737,-3,400022400.000,3,0,3,双平,S,2721.0000,2720.8000,2720.0000,2719.6000,2719.4000,2724.4000,2724.6000,2724.8000,2726.4000,2728.0000,1,1,3,1,1,11,3,1,1,1
SF,IH2004,2020-03-13 09:31:45.400,2724.4000,6736,-1,400839720.000,1,0,1,双平,S,2722.6000,2722.0000,2721.0000,2720.8000,2720.0000,2724.2000,2724.6000,2726.4000,2728.0000,2728.6000,1,1,1,1,3,1,1,1,1,1
SF,IH2004,2020-03-13 09:31:45.900,2722.6000,6735,-1,401656500.000,1,0,1,双平,S,2722.0000,2721.0000,2720.8000,2720.0000,2719.6000,2724.6000,2726.4000,2728.0000,2728.6000,2736.0000,1,1,1,3,1,1,1,1,1,6
SF,IH2004,2020-03-13 09:31:46.400,2722.6000,6735,0,401656500.000,0,-,-,-,-,2724.2000,2722.0000,2721.0000,2720.8000,2720.0000,2724.4000,2724.6000,2726.4000,2728.0000,2728.6000,1,1,1,1,3,3,1,1,1,1
SF,IH2004,2020-03-13 09:31:46.900,2722.0000,6734,-1,403289880.000,2,0,2,多平,S,2721.0000,2720.8000,2720.0000,2719.4000,2716.0000,2722.8000,2723.8000,2724.2000,2724.4000,2726.4000,1,1,3,1,1,1,1,3,1,1
SF,IH2004,2020-03-13 09:31:47.400,2722.0000,6733,-1,404106480.000,1,0,1,双平,S,2721.2000,2721.0000,2720.8000,2720.0000,2719.4000,2726.4000,2728.0000,2728.6000,2736.0000,2738.8000,1,8,1,3,1,1,1,1,6,1
SF,IH2004,2020-03-13 09:31:47.900,2722.6000,6732,-1,404923260.000,1,0,1,双平,S,2721.4000,2721.0000,2720.8000,2720.0000,2719.4000,2724.2000,2725.8000,2726.0000,2726.2000,2726.4000,1,8,1,3,1,1,3,1,3,5
SF,IH2004,2020-03-13 09:31:48.400,2722.6000,6732,0,404923260.000,0,-,-,-,-,2721.0000,2720.8000,2720.0000,2719.4000,2716.0000,2723.2000,2723.6000,2724.0000,2724.2000,2724.8000,8,1,3,1,1,1,1,3,1,1
SF,IH2004,2020-03-13 09:31:48.900,2722.6000,6732,0,404923260.000,0,-,-,-,-,2721.0000,2720.8000,2720.0000,2719.4000,2716.0000,2723.0000,2724.0000,2724.2000,2725.8000,2726.0000,8,1,3,1,1,1,2,1,2,1
SF,IH2004,2020-03-13 09:31:49.400,2722.6000,6732,0,404923260.000,0,-,-,-,-,2721.0000,2720.8000,2720.0000,2719.4000,2716.0000,2722.8000,2723.0000,2723.2000,2724.0000,2724.2000,8,1,3,1,1,1,1,1,1,1
SF,IH2004,2020-03-13 09:31:49.900,2722.6000,6732,0,404923260.000,0,-,-,-,-,2721.0000,2720.8000,2720.0000,2719.4000,2716.0000,2722.8000,2723.0000,2723.2000,2724.0000,2724.2000,8,1,3,1,1,3,1,1,1,1
SF,IH2004,2020-03-13 09:31:50.400,2721.0000,6731,-1,405739560.000,1,0,1,双平,S,2721.0000,2720.8000,2720.0000,2719.4000,2716.0000,2722.6000,2722.8000,2723.0000,2723.2000,2724.0000,7,1,3,1,1,2,3,1,1,1
SF,IH2004,2020-03-13 09:31:50.900,2721.6000,6728,-3,410637540.000,6,1,5,多平,S,2721.0000,2720.8000,2720.0000,2719.4000,2716.0000,2722.4000,2722.6000,2722.8000,2723.0000,2723.2000,2,1,3,1,1,3,2,2,1,1
SF,IH2004,2020-03-13 09:31:51.400,2722.4000,6725,-3,413086860.000,3,0,3,双平,S,2720.8000,2720.0000,2719.4000,2716.0000,2715.4000,2722.4000,2722.6000,2722.8000,2723.0000,2723.2000,1,3,1,1,2,2,2,2,1,1
SF,IH2004,2020-03-13 09:31:51.900,2722.4000,6725,0,413903580.000,1,0,1,多换,S,2720.8000,2720.0000,2719.4000,2716.0000,2715.4000,2722.6000,2722.8000,2723.0000,2723.2000,2725.8000,1,3,1,1,2,2,2,1,1,2
SF,IH2004,2020-03-13 09:31:52.400,2722.4000,6725,0,413903580.000,0,-,-,-,-,2720.8000,2720.0000,2719.4000,2716.0000,2715.4000,2722.4000,2722.6000,2722.8000,2723.0000,2723.2000,1,3,1,1,2,1,2,2,1,1
SF,IH2004,2020-03-13 09:31:52.900,2722.4000,6725,0,413903580.000,0,-,-,-,-,2720.8000,2720.0000,2719.4000,2716.0000,2715.4000,2722.4000,2722.6000,2722.8000,2723.0000,2723.2000,7,3,1,1,2,1,2,2,1,1
SF,IH2004,2020-03-13 09:31:53.400,2722.4000,6725,0,413903580.000,0,-,-,-,-,2720.8000,2720.0000,2719.4000,2716.0000,2715.4000,2721.0000,2722.0000,2722.4000,2722.6000,2723.0000,7,3,1,1,2,1,1,1,2,1
SF,IH2004,2020-03-13 09:31:53.900,2721.0000,6724,-1,414719880.000,1,0,1,双平,S,2721.0000,2720.8000,2720.0000,2719.4000,2716.0000,2722.4000,2722.6000,2723.0000,2723.2000,2725.8000,1,7,3,1,1,1,2,1,1,2
SF,IH2004,2020-03-13 09:31:54.400,2721.0000,6724,0,414719880.000,0,-,-,-,-,2721.0000,2720.8000,2720.0000,2719.4000,2716.0000,2722.2000,2722.4000,2722.6000,2723.0000,2723.2000,1,7,3,1,1,1,1,2,1,1
SF,IH2004,2020-03-13 09:31:54.900,2721.0000,6724,0,414719880.000,0,-,-,-,-,2720.8000,2720.0000,2719.4000,2716.0000,2715.4000,2722.2000,2722.4000,2722.6000,2723.0000,2723.2000,7,3,1,1,2,1,1,2,1,1
SF,IH2004,2020-03-13 09:31:55.400,2722.2000,6723,-1,415536540.000,1,0,1,双平,S,2720.8000,2720.0000,2719.4000,2716.0000,2715.4000,2722.6000,2723.0000,2723.2000,2725.8000,2726.0000,7,3,1,1,2,2,1,1,2,1
SF,IH2004,2020-03-13 09:31:56.400,2722.6000,6722,-1,416353320.000,1,0,1,双平,S,2720.8000,2720.0000,2719.4000,2716.0000,2715.4000,2722.6000,2723.0000,2723.2000,2725.8000,2726.0000,7,3,1,1,2,1,1,1,2,1
SF,IH2004,2020-03-13 09:31:56.900,2722.6000,6722,0,416353320.000,0,-,-,-,-,2721.0000,2720.8000,2720.0000,2719.4000,2716.0000,2722.6000,2723.0000,2723.2000,2725.8000,2726.0000,1,7,3,1,1,1,1,1,2,1
SF,IH2004,2020-03-13 09:31:58.400,2723.0000,6721,-1,417987000.000,2,0,2,多平,S,2722.6000,2721.0000,2720.8000,2720.0000,2719.4000,2723.2000,2725.8000,2726.0000,2726.4000,2728.0000,1,1,7,3,1,1,2,1,3,1
SF,IH2004,2020-03-13 09:31:58.900,2723.2000,6720,-1,418803960.000,1,0,1,双平,S,2722.6000,2721.0000,2720.8000,2720.0000,2719.4000,2725.8000,2726.0000,2726.4000,2728.0000,2728.6000,1,1,1,3,1,2,1,3,1,1
SF,IH2004,2020-03-13 09:31:59.400,2723.2000,6720,0,418803960.000,0,-,-,-,-,2722.8000,2722.6000,2721.0000,2720.8000,2720.0000,2725.0000,2725.6000,2725.8000,2726.0000,2726.4000,1,6,1,1,3,1,1,3,1,3
SF,IH2004,2020-03-13 09:31:59.900,2723.2000,6720,0,418803960.000,0,-,-,-,-,2722.8000,2722.6000,2721.0000,2720.8000,2720.0000,2725.0000,2725.6000,2725.8000,2726.0000,2726.4000,1,7,1,1,3,1,1,3,1,3
SF,IH2004,2020-03-13 09:32:00.400,2723.2000,6720,0,418803960.000,0,-,-,-,-,2723.2000,2723.0000,2722.8000,2722.6000,2721.0000,2725.8000,2726.0000,2726.4000,2728.0000,2728.6000,1,2,1,7,2,2,1,3,1,1
SF,IH2004,2020-03-13 09:32:00.900,2723.2000,6720,0,418803960.000,0,-,-,-,-,2725.0000,2723.6000,2723.4000,2723.0000,2722.6000,2725.6000,2725.8000,2726.0000,2726.4000,2728.0000,1,1,1,2,7,1,2,1,3,1
SF,IH2004,2020-03-13 09:32:01.400,2725.4000,6717,-3,422891940.000,5,1,4,多平,S,2723.4000,2723.0000,2722.6000,2721.0000,2720.8000,2725.6000,2726.4000,2728.0000,2728.6000,2730.0000,1,1,7,2,2,1,2,1,1,1
SF,IH2004,2020-03-13 09:32:01.900,2725.4000,6717,0,422891940.000,0,-,-,-,-,2724.4000,2723.4000,2723.0000,2722.6000,2721.0000,2725.2000,2725.6000,2725.8000,2726.4000,2728.0000,2,1,1,7,2,1,1,1,2,1
SF,IH2004,2020-03-13 09:32:02.400,2725.4000,6717,0,422891940.000,0,-,-,-,-,2724.4000,2723.4000,2723.0000,2722.6000,2721.0000,2725.6000,2725.8000,2726.4000,2728.0000,2728.6000,2,1,1,7,2,1,1,2,1,1
SF,IH2004,2020-03-13 09:32:02.900,2725.4000,6717,0,422891940.000,0,-,-,-,-,2724.4000,2723.4000,2723.0000,2722.6000,2721.0000,2725.6000,2725.8000,2726.4000,2728.0000,2728.6000,2,1,1,7,2,1,1,2,1,1
SF,IH2004,2020-03-13 09:32:03.400,2724.4000,6716,-1,424526580.000,2,0,2,多平,S,2723.0000,2722.6000,2721.0000,2720.8000,2720.0000,2724.0000,2724.8000,2725.6000,2725.8000,2726.4000,1,7,1,2,3,1,1,1,1,2
SF,IH2004,2020-03-13 09:32:03.900,2722.6000,6716,0,425343360.000,1,0,1,多换,S,2722.6000,2721.0000,2720.8000,2720.0000,2719.4000,2723.6000,2723.8000,2724.0000,2724.4000,2724.8000,6,1,2,3,1,1,1,1,1,1
SF,IH2004,2020-03-13 09:32:04.400,2722.6000,6716,0,426160140.000,1,0,1,多换,S,2722.6000,2721.0000,2720.8000,2720.0000,2719.4000,2723.4000,2723.6000,2724.0000,2724.8000,2725.4000,1,1,2,3,1,1,1,1,1,1
SF,IH2004,2020-03-13 09:32:04.900,2722.6000,6716,0,426160140.000,0,-,-,-,-,2722.6000,2721.0000,2720.8000,2720.0000,2719.4000,2723.4000,2725.4000,2725.6000,2726.4000,2728.0000,5,1,2,3,1,1,1,1,2,1
SF,IH2004,2020-03-13 09:32:05.900,2723.4000,6715,-1,426977160.000,1,0,1,双平,S,2722.6000,2721.0000,2720.8000,2720.0000,2719.4000,2723.6000,2725.4000,2725.6000,2726.4000,2728.0000,5,1,2,3,1,1,1,1,2,1
SF,IH2004,2020-03-13 09:32:06.400,2723.4000,6715,0,426977160.000,0,-,-,-,-,2722.6000,2721.0000,2720.8000,2720.0000,2719.4000,2725.4000,2725.6000,2726.4000,2728.0000,2728.6000,5,1,2,3,1,1,1,2,1,1
SF,IH2004,2020-03-13 09:32:06.900,2722.8000,6715,0,427794000.000,1,0,1,多换,S,2722.6000,2721.0000,2720.8000,2720.0000,2719.4000,2723.6000,2723.8000,2724.0000,2724.4000,2724.8000,5,1,2,3,1,1,1,1,1,1
SF,IH2004,2020-03-13 09:32:07.400,2722.8000,6715,0,427794000.000,0,-,-,-,-,2722.6000,2721.0000,2720.8000,2720.0000,2719.4000,2724.0000,2724.4000,2724.8000,2725.0000,2725.2000,5,1,2,3,1,1,1,1,1,2
SF,IH2004,2020-03-13 09:32:07.900,2722.8000,6715,0,427794000.000,0,-,-,-,-,2722.6000,2721.0000,2720.8000,2720.0000,2719.4000,2723.8000,2724.4000,2725.0000,2725.2000,2725.4000,5,1,2,3,1,1,1,1,1,1
SF,IH2004,2020-03-13 09:32:08.400,2722.8000,6715,0,428610840.000,1,0,1,多换,S,2722.6000,2721.0000,2720.8000,2720.0000,2719.4000,2723.8000,2724.0000,2724.4000,2725.0000,2725.2000,5,1,2,3,1,1,1,1,1,1
SF,IH2004,2020-03-13 09:32:08.900,2722.8000,6715,0,428610840.000,0,-,-,-,-,2722.6000,2721.0000,2720.8000,2720.0000,2719.4000,2723.8000,2724.4000,2725.0000,2725.2000,2725.4000,5,1,2,3,1,1,1,1,1,1
SF,IH2004,2020-03-13 09:32:09.400,2722.8000,6715,0,428610840.000,0,-,-,-,-,2722.6000,2722.4000,2721.0000,2720.8000,2720.0000,2723.6000,2723.8000,2724.4000,2725.0000,2725.2000,5,1,1,2,3,1,1,1,1,1
SF,IH2004,2020-03-13 09:32:09.900,2722.6000,6715,0,429427620.000,1,0,1,多换,S,2722.4000,2721.0000,2720.8000,2720.0000,2719.4000,2723.6000,2723.8000,2724.4000,2725.0000,2725.2000,1,1,2,3,1,2,1,1,1,1
SF,IH2004,2020-03-13 09:32:10.400,2722.4000,6712,-3,431877780.000,3,0,3,双平,S,2722.8000,2722.4000,2721.0000,2720.8000,2720.0000,2723.4000,2723.6000,2723.8000,2725.0000,2725.2000,1,2,1,2,3,1,1,1,1,1
SF,IH2004,2020-03-13 09:32:10.900,2722.4000,6709,-3,434327940.000,3,0,3,双平,S,2721.0000,2720.8000,2720.0000,2719.4000,2716.0000,2723.2000,2723.4000,2723.6000,2723.8000,2725.0000,1,2,3,1,1,2,2,1,1,1
SF,IH2004,2020-03-13 09:32:11.400,2723.4000,6709,0,435961920.000,2,1,1,多换,S,2720.8000,2720.0000,2716.0000,2715.4000,2714.4000,2723.6000,2723.8000,2725.0000,2725.2000,2725.4000,2,3,1,2,1,1,1,1,1,1
SF,IH2004,2020-03-13 09:32:11.900,2723.4000,6709,0,435961920.000,0,-,-,-,-,2720.8000,2720.0000,2716.0000,2715.4000,2714.4000,2722.8000,2723.4000,2723.6000,2723.8000,2725.0000,2,3,1,2,1,1,1,1,1,1
SF,IH2004,2020-03-13 09:32:12.400,2723.4000,6708,-1,436778940.000,1,0,1,双平,S,2721.0000,2720.8000,2720.0000,2716.0000,2715.4000,2723.4000,2723.6000,2723.8000,2725.0000,2725.2000,2,2,4,1,2,1,1,1,1,1
SF,IH2004,2020-03-13 09:32:13.900,2720.8000,6707,-1,438411480.000,2,0,2,多平,S,2720.8000,2720.0000,2716.0000,2715.4000,2714.4000,2721.6000,2723.4000,2723.6000,2723.8000,2725.0000,1,4,1,2,1,1,1,1,1,1
SF,IH2004,2020-03-13 09:32:14.400,2720.8000,6706,-1,439227720.000,1,0,1,双平,S,2720.0000,2716.0000,2715.4000,2714.4000,2713.2000,2721.4000,2721.6000,2723.4000,2723.8000,2725.0000,4,1,2,1,5,1,3,1,1,1
SF,IH2004,2020-03-13 09:32:14.900,2720.8000,6706,0,439227720.000,0,-,-,-,-,2720.0000,2716.0000,2715.4000,2715.0000,2714.4000,2721.2000,2721.4000,2721.6000,2723.4000,2723.8000,4,1,2,1,1,1,1,5,1,1
SF,IH2004,2020-03-13 09:32:15.400,2720.8000,6706,0,439227720.000,0,-,-,-,-,2720.0000,2716.0000,2715.4000,2715.0000,2714.4000,2720.8000,2721.2000,2721.4000,2721.6000,2723.4000,4,1,2,1,1,1,1,1,5,2
SF,IH2004,2020-03-13 09:32:15.900,2720.8000,6705,-1,440043960.000,1,0,1,双平,S,2720.0000,2716.0000,2715.4000,2715.0000,2714.4000,2721.2000,2721.4000,2721.6000,2723.4000,2723.8000,4,1,2,1,1,1,1,3,2,1
SF,IH2004,2020-03-13 09:32:16.400,2720.8000,6705,0,440043960.000,0,-,-,-,-,2720.0000,2716.0000,2715.4000,2715.0000,2714.4000,2721.2000,2721.6000,2723.4000,2723.8000,2725.0000,4,1,2,1,1,1,1,2,1,1
SF,IH2004,2020-03-13 09:32:16.900,2720.0000,6701,-4,443307960.000,4,0,4,双平,S,2716.0000,2715.4000,2715.0000,2714.4000,2713.2000,2720.8000,2721.0000,2721.2000,2721.4000,2721.6000,1,2,1,1,5,1,3,1,1,1
SF,IH2004,2020-03-13 09:32:17.400,2720.0000,6701,0,443307960.000,0,-,-,-,-,2716.8000,2716.2000,2716.0000,2715.4000,2715.0000,2720.8000,2721.0000,2721.4000,2721.6000,2723.4000,2,1,1,2,1,1,2,1,1,2
SF,IH2004,2020-03-13 09:32:17.900,2720.0000,6701,0,443307960.000,0,-,-,-,-,2717.0000,2716.8000,2716.0000,2715.4000,2715.0000,2720.8000,2721.4000,2721.6000,2723.4000,2723.8000,1,2,1,2,1,1,1,1,2,1
SF,IH2004,2020-03-13 09:32:18.400,2720.0000,6701,0,443307960.000,0,-,-,-,-,2717.0000,2716.8000,2716.0000,2715.4000,2715.0000,2720.8000,2721.4000,2721.6000,2723.4000,2723.8000,1,2,1,2,1,1,1,1,2,1
SF,IH2004,2020-03-13 09:32:18.900,2720.0000,6701,0,443307960.000,0,-,-,-,-,2717.2000,2717.0000,2716.8000,2716.0000,2715.4000,2720.8000,2721.4000,2721.6000,2723.4000,2723.8000,2,1,2,1,2,1,1,1,2,1
SF,IH2004,2020-03-13 09:32:19.400,2720.0000,6701,0,443307960.000,0,-,-,-,-,2717.4000,2717.2000,2716.8000,2716.0000,2715.4000,2720.6000,2720.8000,2721.4000,2721.6000,2723.4000,1,2,2,1,2,1,1,1,1,2
SF,IH2004,2020-03-13 09:32:19.900,2720.0000,6701,0,443307960.000,0,-,-,-,-,2717.4000,2717.2000,2716.8000,2716.0000,2715.4000,2720.6000,2720.8000,2721.4000,2721.6000,2723.4000,1,1,2,1,2,1,1,1,1,2
SF,IH2004,2020-03-13 09:32:20.400,2720.0000,6701,0,443307960.000,0,-,-,-,-,2717.6000,2717.4000,2717.2000,2716.8000,2716.0000,2720.6000,2720.8000,2721.4000,2721.6000,2723.4000,1,1,1,2,1,1,1,1,1,2
SF,IH2004,2020-03-13 09:32:20.900,2717.6000,6700,-1,444123240.000,1,0,1,双平,S,2717.2000,2716.8000,2716.0000,2715.4000,2715.0000,2720.2000,2720.4000,2720.6000,2720.8000,2721.4000,1,1,1,2,1,1,1,1,1,1
SF,IH2004,2020-03-13 09:32:21.400,2717.6000,6700,0,444123240.000,0,-,-,-,-,2717.4000,2717.2000,2716.8000,2716.0000,2715.4000,2720.0000,2720.2000,2720.4000,2720.8000,2721.4000,2,1,1,1,2,1,1,1,1,1
SF,IH2004,2020-03-13 09:32:21.900,2719.6000,6699,-1,444939120.000,1,0,1,双平,S,2716.8000,2716.0000,2715.4000,2715.0000,2714.4000,2720.0000,2720.4000,2720.8000,2721.4000,2721.6000,1,1,2,1,1,1,1,1,1,1
SF,IH2004,2020-03-13 09:32:22.400,2719.6000,6699,0,444939120.000,0,-,-,-,-,2717.0000,2716.0000,2715.4000,2715.0000,2714.4000,2720.0000,2720.8000,2721.4000,2721.6000,2723.4000,1,1,2,1,1,1,1,1,1,2
SF,IH2004,2020-03-13 09:32:22.900,2719.6000,6699,0,444939120.000,0,-,-,-,-,2717.0000,2716.0000,2715.4000,2715.0000,2714.4000,2719.8000,2720.0000,2720.8000,2721.4000,2721.6000,1,1,2,1,1,1,1,1,1,1
SF,IH2004,2020-03-13 09:32:23.400,2719.6000,6699,0,444939120.000,0,-,-,-,-,2717.0000,2716.0000,2715.4000,2715.0000,2714.4000,2719.6000,2719.8000,2720.8000,2721.4000,2721.6000,1,1,2,1,1,1,1,1,1,1
SF,IH2004,2020-03-13 09:32:23.900,2720.8000,6700,1,446571240.000,2,1,1,空开,S,2721.0000,2717.0000,2716.0000,2715.4000,2715.0000,2721.4000,2721.6000,2723.4000,2723.8000,2725.0000,8,1,1,2,1,1,1,2,1,1
SF,IH2004,2020-03-13 09:32:24.400,2717.4000,6698,-2,455548380.000,11,4,7,多平,S,2716.0000,2715.4000,2715.0000,2714.4000,2711.8000,2717.0000,2721.0000,2721.4000,2721.6000,2723.4000,1,2,1,1,1,3,3,1,3,1
SF,IH2004,2020-03-13 09:32:24.900,2717.0000,6696,-2,457993680.000,3,0,3,多平,S,2717.0000,2716.8000,2716.0000,2715.4000,2715.0000,2721.4000,2721.6000,2723.4000,2723.8000,2725.0000,2,1,1,2,1,3,3,1,1,1
SF,IH2004,2020-03-13 09:32:25.400,2717.0000,6696,0,457993680.000,0,-,-,-,-,2717.2000,2717.0000,2716.8000,2716.0000,2715.4000,2721.2000,2721.4000,2721.6000,2723.4000,2723.8000,2,2,2,1,2,2,3,3,1,1
SF,IH2004,2020-03-13 09:32:25.900,2717.0000,6696,0,457993680.000,0,-,-,-,-,2717.2000,2717.0000,2716.0000,2715.4000,2715.0000,2721.2000,2721.4000,2721.6000,2723.4000,2723.8000,1,1,1,2,1,1,3,3,1,1
SF,IH2004,2020-03-13 09:32:26.400,2717.0000,6696,0,458808780.000,1,0,1,多换,S,2717.0000,2716.0000,2715.4000,2715.0000,2714.4000,2719.2000,2720.8000,2721.0000,2721.2000,2721.4000,1,1,2,1,1,1,1,1,1,2
SF,IH2004,2020-03-13 09:32:26.900,2717.0000,6696,0,458808780.000,0,-,-,-,-,2717.2000,2717.0000,2716.0000,2715.4000,2715.0000,2718.8000,2719.0000,2719.2000,2720.8000,2721.0000,1,1,1,2,1,2,1,1,3,2
SF,IH2004,2020-03-13 09:32:27.400,2718.8000,6695,-1,459624420.000,1,0,1,双平,S,2717.2000,2717.0000,2716.0000,2715.4000,2715.0000,2718.8000,2719.0000,2719.2000,2720.8000,2721.0000,1,1,1,2,1,1,1,1,3,2
SF,IH2004,2020-03-13 09:32:27.900,2718.8000,6695,0,459624420.000,0,-,-,-,-,2717.6000,2717.2000,2717.0000,2716.0000,2715.4000,2718.6000,2718.8000,2719.2000,2720.8000,2721.0000,1,1,1,1,2,2,1,1,3,2
SF,IH2004,2020-03-13 09:32:28.400,2717.0000,6693,-2,462885480.000,4,1,3,多平,S,2716.0000,2715.4000,2715.0000,2714.4000,2711.8000,2718.4000,2718.6000,2719.2000,2720.8000,2721.0000,1,2,1,1,1,1,2,1,3,2
SF,IH2004,2020-03-13 09:32:28.900,2717.0000,6693,0,462885480.000,0,-,-,-,-,2715.4000,2715.0000,2714.4000,2711.8000,2711.0000,2717.0000,2718.2000,2718.4000,2718.6000,2719.2000,2,1,1,1,2,1,1,1,1,1
SF,IH2004,2020-03-13 09:32:29.400,2717.0000,6693,0,462885480.000,0,-,-,-,-,2715.6000,2715.4000,2715.0000,2714.4000,2711.8000,2717.0000,2718.2000,2719.2000,2720.8000,2721.0000,2,2,1,1,1,1,2,1,3,2
SF,IH2004,2020-03-13 09:32:29.900,2716.8000,6692,-1,467775000.000,6,2,4,多平,S,2715.4000,2715.0000,2714.4000,2711.8000,2711.0000,2716.8000,2717.0000,2718.2000,2720.8000,2721.0000,2,1,1,1,2,1,3,1,3,1
SF,IH2004,2020-03-13 09:32:30.400,2715.8000,6690,-2,471850080.000,5,1,4,多平,S,2715.6000,2715.4000,2715.0000,2714.4000,2711.8000,2720.8000,2721.0000,2723.4000,2723.8000,2724.6000,2,2,1,1,1,1,1,1,1,5
SF,IH2004,2020-03-13 09:32:30.900,2715.8000,6690,0,471850080.000,0,-,-,-,-,2715.8000,2715.6000,2715.4000,2715.0000,2714.4000,2719.6000,2720.0000,2720.6000,2720.8000,2721.0000,2,1,2,1,1,1,1,2,1,1
SF,IH2004,2020-03-13 09:32:31.400,2719.6000,6690,0,472665960.000,1,0,1,多换,S,2716.0000,2715.8000,2715.4000,2715.0000,2714.4000,2719.4000,2720.0000,2720.6000,2720.8000,2721.0000,2,2,2,1,1,1,1,1,1,1
SF,IH2004,2020-03-13 09:32:31.900,2719.6000,6690,0,472665960.000,0,-,-,-,-,2716.4000,2716.2000,2716.0000,2715.4000,2715.0000,2720.0000,2720.6000,2720.8000,2721.0000,2723.4000,1,1,2,2,1,1,1,1,1,1
SF,IH2004,2020-03-13 09:32:32.400,2716.6000,6688,-2,474295920.000,2,0,2,双平,S,2716.6000,2716.4000,2716.0000,2715.4000,2715.0000,2719.8000,2720.6000,2720.8000,2721.0000,2723.4000,1,1,1,2,1,1,1,1,1,1
SF,IH2004,2020-03-13 09:32:32.900,2716.6000,6688,0,474295920.000,0,-,-,-,-,2716.8000,2716.4000,2716.0000,2715.4000,2715.0000,2719.8000,2720.6000,2723.4000,2723.8000,2724.6000,1,1,1,2,1,1,1,1,1,5
SF,IH2004,2020-03-13 09:32:33.400,2716.6000,6688,0,474295920.000,0,-,-,-,-,2716.8000,2716.4000,2715.4000,2715.0000,2714.4000,2719.8000,2720.6000,2723.4000,2723.8000,2724.6000,2,1,2,1,1,1,1,1,1,5
SF,IH2004,2020-03-13 09:32:33.900,2716.6000,6688,0,474295920.000,0,-,-,-,-,2717.0000,2716.8000,2715.4000,2715.0000,2714.4000,2719.2000,2719.4000,2719.6000,2719.8000,2723.4000,1,1,2,1,1,1,1,1,1,1
SF,IH2004,2020-03-13 09:32:34.400,2716.8000,6686,-2,475926000.000,2,0,2,双平,S,2715.4000,2715.0000,2714.4000,2711.8000,2711.0000,2717.4000,2719.0000,2719.2000,2719.4000,2719.6000,2,1,1,1,2,1,2,1,1,1
SF,IH2004,2020-03-13 09:32:34.900,2716.8000,6686,0,475926000.000,0,-,-,-,-,2715.4000,2715.0000,2714.4000,2711.8000,2711.0000,2716.6000,2717.0000,2717.2000,2717.4000,2719.0000,2,1,1,1,2,6,3,1,1,2
SF,IH2004,2020-03-13 09:32:35.400,2716.6000,6684,-2,477555960.000,2,0,2,双平,S,2715.4000,2715.0000,2714.4000,2711.8000,2711.0000,2716.6000,2717.0000,2717.4000,2719.0000,2719.2000,2,1,1,1,2,6,3,1,2,2
SF,IH2004,2020-03-13 09:32:35.900,2716.6000,6684,0,478370940.000,1,0,1,多换,S,2715.4000,2715.0000,2714.4000,2711.8000,2711.0000,2716.6000,2717.0000,2717.4000,2719.0000,2719.2000,2,1,1,1,2,5,3,1,1,2
SF,IH2004,2020-03-13 09:32:36.400,2716.6000,6685,1,479185920.000,1,1,0,双开,S,2715.4000,2715.0000,2714.4000,2711.8000,2711.0000,2716.6000,2717.0000,2717.4000,2719.0000,2719.2000,2,1,1,1,2,5,3,1,1,2
SF,IH2004,2020-03-13 09:32:36.900,2716.6000,6685,0,479185920.000,0,-,-,-,-,2715.6000,2715.4000,2715.0000,2714.4000,2711.8000,2716.4000,2716.6000,2717.0000,2717.4000,2719.0000,1,2,1,1,1,1,5,3,1,1
SF,IH2004,2020-03-13 09:32:37.400,2716.6000,6682,-3,481630800.000,3,0,3,双平,S,2715.6000,2715.4000,2715.0000,2714.4000,2711.8000,2716.6000,2717.0000,2717.4000,2719.0000,2719.2000,1,2,1,1,1,3,3,1,1,2
SF,IH2004,2020-03-13 09:32:37.900,2716.6000,6682,0,482445780.000,1,0,1,多换,S,2715.8000,2715.6000,2715.4000,2715.0000,2714.4000,2716.6000,2717.0000,2717.4000,2719.0000,2719.2000,2,1,2,1,1,2,3,1,1,2
SF,IH2004,2020-03-13 09:32:38.400,2716.4000,6682,0,484075680.000,2,1,1,多换,S,2716.0000,2715.8000,2715.4000,2715.0000,2714.4000,2716.6000,2717.0000,2717.4000,2719.0000,2719.2000,1,2,2,1,1,2,3,1,1,2
SF,IH2004,2020-03-13 09:32:38.900,2716.4000,6682,0,484075680.000,0,-,-,-,-,2716.2000,2716.0000,2715.8000,2715.4000,2715.0000,2716.6000,2717.0000,2717.4000,2719.0000,2719.2000,1,1,1,2,1,2,3,1,1,2
SF,IH2004,2020-03-13 09:32:39.400,2716.6000,6680,-2,485705640.000,2,0,2,双平,S,2716.6000,2716.2000,2716.0000,2715.8000,2715.4000,2717.0000,2719.0000,2719.2000,2719.4000,2723.4000,2,1,1,1,2,3,1,1,1,1
SF,IH2004,2020-03-13 09:32:39.900,2717.0000,6677,-3,488150940.000,3,0,3,双平,S,2717.0000,2716.8000,2716.6000,2716.0000,2715.8000,2719.0000,2719.2000,2719.4000,2723.4000,2723.8000,2,1,2,1,1,1,1,1,1,1
SF,IH2004,2020-03-13 09:32:40.400,2717.0000,6677,0,488150940.000,0,-,-,-,-,2717.2000,2717.0000,2716.6000,2716.0000,2715.4000,2718.8000,2719.0000,2719.2000,2719.4000,2723.4000,2,2,2,1,2,1,1,1,1,1
SF,IH2004,2020-03-13 09:32:40.900,2717.0000,6677,0,488150940.000,0,-,-,-,-,2717.2000,2717.0000,2716.6000,2716.0000,2715.4000,2719.0000,2719.2000,2719.4000,2723.4000,2723.8000,2,2,2,1,2,1,1,1,1,1
SF,IH2004,2020-03-13 09:32:41.400,2717.0000,6677,0,488150940.000,0,-,-,-,-,2717.2000,2717.0000,2716.6000,2716.0000,2715.4000,2719.0000,2723.4000,2723.8000,2724.6000,2725.4000,2,2,2,1,2,1,1,1,5,1
SF,IH2004,2020-03-13 09:32:41.900,2717.0000,6677,0,488150940.000,0,-,-,-,-,2717.2000,2717.0000,2716.6000,2716.0000,2715.4000,2719.0000,2723.4000,2723.8000,2724.6000,2725.4000,2,2,2,1,2,1,1,1,5,1
SF,IH2004,2020-03-13 09:32:42.400,2717.0000,6677,0,488150940.000,0,-,-,-,-,2717.2000,2717.0000,2716.6000,2716.0000,2715.4000,2719.0000,2723.4000,2723.8000,2724.6000,2725.4000,2,3,2,1,2,1,1,1,5,1
SF,IH2004,2020-03-13 09:32:42.900,2717.0000,6677,0,488150940.000,0,-,-,-,-,2717.2000,2717.0000,2716.6000,2716.0000,2715.4000,2718.8000,2719.0000,2723.4000,2723.8000,2724.6000,2,3,2,1,2,1,1,1,1,5
SF,IH2004,2020-03-13 09:32:43.400,2717.2000,6676,-1,488966100.000,1,0,1,双平,S,2717.0000,2716.6000,2716.0000,2715.4000,2715.0000,2717.4000,2718.6000,2718.8000,2719.0000,2719.2000,3,2,1,2,1,1,2,1,1,1
SF,IH2004,2020-03-13 09:32:43.900,2717.0000,6675,-1,489781200.000,1,0,1,双平,S,2716.6000,2716.0000,2715.4000,2715.0000,2714.4000,2717.4000,2718.6000,2718.8000,2719.0000,2723.4000,2,1,2,1,1,1,2,1,1,1
SF,IH2004,2020-03-13 09:32:44.400,2717.2000,6675,0,492226320.000,3,1,2,多换,S,2716.0000,2715.4000,2715.0000,2714.4000,2711.8000,2717.4000,2718.6000,2718.8000,2719.0000,2723.4000,1,2,1,1,1,1,1,1,1,1
SF,IH2004,2020-03-13 09:32:44.900,2717.2000,6675,0,492226320.000,0,-,-,-,-,2716.0000,2715.4000,2715.0000,2714.4000,2711.8000,2717.4000,2718.6000,2718.8000,2719.0000,2723.4000,1,2,1,1,1,1,1,1,1,1
SF,IH2004,2020-03-13 09:32:45.400,2717.2000,6675,0,492226320.000,0,-,-,-,-,2716.2000,2716.0000,2715.4000,2715.0000,2714.4000,2717.4000,2718.6000,2718.8000,2719.0000,2723.4000,1,1,2,1,1,1,1,1,1,1
SF,IH2004,2020-03-13 09:32:46.900,2717.4000,6675,0,493041540.000,1,0,1,多换,S,2716.2000,2716.0000,2715.4000,2715.0000,2714.4000,2718.6000,2718.8000,2719.0000,2723.4000,2723.8000,1,1,2,1,1,1,1,1,1,1
SF,IH2004,2020-03-13 09:32:47.400,2716.2000,6675,0,493856400.000,1,0,1,多换,S,2716.0000,2715.4000,2715.0000,2714.4000,2711.8000,2718.4000,2718.6000,2723.4000,2723.8000,2724.6000,1,2,1,1,1,2,1,1,1,5
SF,IH2004,2020-03-13 09:32:47.900,2716.0000,6676,1,494671200.000,1,1,0,双开,S,2715.4000,2715.0000,2714.4000,2711.8000,2711.0000,2716.8000,2717.0000,2717.4000,2718.0000,2718.2000,2,1,1,1,2,2,1,1,1,1
SF,IH2004,2020-03-13 09:32:48.400,2716.0000,6676,0,494671200.000,0,-,-,-,-,2715.6000,2715.4000,2715.0000,2714.4000,2711.8000,2718.2000,2718.4000,2723.4000,2723.8000,2724.6000,1,2,1,1,1,1,2,1,1,5
SF,IH2004,2020-03-13 09:32:48.900,2716.0000,6676,0,494671200.000,0,-,-,-,-,2716.6000,2715.6000,2715.4000,2715.0000,2714.4000,2718.0000,2718.2000,2723.4000,2723.8000,2724.6000,1,1,2,1,1,2,1,1,1,5
SF,IH2004,2020-03-13 09:32:49.400,2716.0000,6676,0,494671200.000,0,-,-,-,-,2716.8000,2716.6000,2715.4000,2715.0000,2714.4000,2719.4000,2723.4000,2723.8000,2724.6000,2725.4000,1,1,2,1,1,1,1,1,5,1
SF,IH2004,2020-03-13 09:32:49.900,2716.0000,6676,0,494671200.000,0,-,-,-,-,2716.8000,2716.6000,2715.4000,2715.0000,2714.4000,2718.4000,2718.6000,2719.2000,2719.6000,2723.4000,2,1,2,1,1,1,1,3,1,1
SF,IH2004,2020-03-13 09:32:50.400,2716.0000,6676,0,494671200.000,0,-,-,-,-,2716.8000,2716.6000,2715.4000,2715.0000,2714.4000,2719.0000,2719.2000,2723.4000,2723.8000,2724.6000,1,1,2,1,1,1,1,1,1,5
SF,IH2004,2020-03-13 09:32:50.900,2716.0000,6676,0,494671200.000,0,-,-,-,-,2717.2000,2716.8000,2716.6000,2715.4000,2715.0000,2718.8000,2723.4000,2723.8000,2724.6000,2725.4000,1,1,1,2,1,1,1,1,5,1
SF,IH2004,2020-03-13 09:32:51.400,2718.8000,6675,-1,495486840.000,1,0,1,双平,S,2717.2000,2716.6000,2715.4000,2715.0000,2714.4000,2723.4000,2723.8000,2724.6000,2725.4000,2728.6000,1,1,2,1,1,1,1,5,1,1
SF,IH2004,2020-03-13 09:32:51.900,2718.8000,6675,0,495486840.000,0,-,-,-,-,2717.4000,2716.6000,2715.4000,2715.0000,2714.4000,2718.0000,2718.2000,2719.2000,2719.4000,2719.6000,3,1,2,1,1,1,1,1,1,1
SF,IH2004,2020-03-13 09:32:52.400,2718.0000,6674,-1,496302240.000,1,0,1,双平,S,2716.6000,2715.4000,2715.0000,2714.4000,2711.8000,2721.0000,2721.4000,2721.6000,2723.0000,2723.2000,1,2,1,1,1,1,1,5,2,7
SF,IH2004,2020-03-13 09:32:52.900,2718.0000,6674,0,496302240.000,0,-,-,-,-,2716.8000,2716.6000,2715.4000,2715.0000,2714.4000,2719.6000,2720.0000,2720.8000,2721.0000,2721.4000,2,1,2,1,1,2,1,2,1,1
SF,IH2004,2020-03-13 09:32:53.400,2719.2000,6674,0,497118000.000,1,0,1,多换,S,2718.4000,2716.8000,2716.6000,2715.4000,2715.0000,2719.4000,2719.6000,2720.0000,2720.8000,2721.0000,1,2,1,2,1,1,1,1,2,1
SF,IH2004,2020-03-13 09:32:53.900,2718.4000,6674,0,497933520.000,1,0,1,多换,S,2716.8000,2716.6000,2715.8000,2715.4000,2715.0000,2719.2000,2719.6000,2720.0000,2720.8000,2721.0000,1,1,1,2,1,1,1,1,2,1
SF,IH2004,2020-03-13 09:32:54.400,2718.4000,6673,-1,498749040.000,1,0,1,双平,S,2715.8000,2715.4000,2715.0000,2714.4000,2711.8000,2717.4000,2718.4000,2719.0000,2719.2000,2719.6000,1,2,1,1,1,1,1,1,3,1
SF,IH2004,2020-03-13 09:32:54.900,2717.4000,6673,0,499564260.000,1,0,1,多换,S,2715.8000,2715.4000,2715.0000,2714.4000,2711.8000,2716.8000,2717.4000,2718.4000,2719.0000,2719.2000,1,2,1,1,1,1,1,1,1,2
SF,IH2004,2020-03-13 09:32:55.400,2716.0000,6674,1,501194280.000,2,1,1,空开,S,2715.8000,2715.4000,2715.0000,2714.4000,2711.8000,2718.4000,2719.0000,2719.2000,2719.6000,2720.0000,1,2,1,1,1,1,1,2,1,1
SF,IH2004,2020-03-13 09:32:55.900,2716.0000,6674,0,501194280.000,0,-,-,-,-,2716.0000,2715.8000,2715.4000,2715.0000,2714.4000,2718.2000,2718.4000,2719.2000,2719.6000,2720.0000,3,1,2,1,1,1,2,2,1,1
SF,IH2004,2020-03-13 09:32:56.400,2716.0000,6674,0,501194280.000,0,-,-,-,-,2716.2000,2716.0000,2715.8000,2715.4000,2715.0000,2718.0000,2718.4000,2719.6000,2720.0000,2720.8000,1,2,2,2,1,1,1,1,1,2
SF,IH2004,2020-03-13 09:32:56.900,2716.0000,6674,0,501194280.000,0,-,-,-,-,2716.4000,2716.2000,2716.0000,2715.8000,2715.4000,2718.4000,2720.0000,2720.8000,2721.6000,2723.0000,2,1,1,1,2,1,1,2,5,2
SF,IH2004,2020-03-13 09:32:57.400,2716.0000,6674,0,501194280.000,0,-,-,-,-,2716.8000,2716.4000,2716.2000,2716.0000,2715.8000,2718.4000,2720.0000,2720.8000,2721.6000,2723.0000,1,2,1,1,1,1,1,2,5,2
SF,IH2004,2020-03-13 09:32:57.900,2718.4000,6673,-1,502009800.000,1,0,1,双平,S,2717.0000,2716.8000,2716.4000,2716.2000,2716.0000,2720.0000,2720.8000,2721.6000,2723.0000,2723.2000,1,1,1,1,1,1,2,5,2,6
SF,IH2004,2020-03-13 09:32:58.400,2718.4000,6673,0,502009800.000,0,-,-,-,-,2717.4000,2717.2000,2717.0000,2716.8000,2716.2000,2719.8000,2721.6000,2723.0000,2723.2000,2723.4000,1,1,2,1,1,1,5,2,6,1
SF,IH2004,2020-03-13 09:32:58.900,2718.4000,6673,0,502009800.000,0,-,-,-,-,2717.6000,2717.4000,2717.0000,2716.8000,2716.2000,2723.0000,2723.2000,2723.4000,2723.8000,2724.6000,3,1,1,1,1,2,3,1,1,5
SF,IH2004,2020-03-13 09:32:59.400,2718.4000,6673,0,502009800.000,0,-,-,-,-,2717.6000,2717.0000,2716.8000,2716.2000,2716.0000,2722.6000,2722.8000,2723.0000,2723.2000,2723.4000,3,1,1,1,1,1,4,2,3,1
SF,IH2004,2020-03-13 09:32:59.900,2718.4000,6673,0,502009800.000,0,-,-,-,-,2717.6000,2717.0000,2716.8000,2716.2000,2715.8000,2721.6000,2722.4000,2722.6000,2722.8000,2723.0000,3,1,1,1,1,2,2,1,3,2
SF,IH2004,2020-03-13 09:33:00.400,2718.4000,6673,0,502009800.000,0,-,-,-,-,2719.2000,2717.6000,2716.8000,2716.2000,2715.8000,2721.4000,2722.0000,2722.4000,2722.6000,2722.8000,1,3,1,1,1,1,2,1,1,3
SF,IH2004,2020-03-13 09:33:00.900,2719.0000,6672,-1,505271580.000,4,1,3,多平,S,2716.8000,2716.2000,2715.8000,2715.4000,2715.0000,2719.2000,2719.6000,2720.0000,2721.0000,2721.2000,1,1,1,2,1,2,1,1,2,1
SF,IH2004,2020-03-13 09:33:01.400,2719.2000,6672,0,506087340.000,1,0,1,多换,S,2717.0000,2716.8000,2716.2000,2715.8000,2715.4000,2719.0000,2719.2000,2722.0000,2722.4000,2722.8000,2,1,1,1,2,3,2,2,1,3
SF,IH2004,2020-03-13 09:33:01.900,2719.0000,6670,-2,507718800.000,2,0,2,双平,S,2717.0000,2716.8000,2716.2000,2715.8000,2715.4000,2719.2000,2722.4000,2722.8000,2723.0000,2723.2000,2,2,1,1,2,3,1,3,1,3
SF,IH2004,2020-03-13 09:33:02.400,2719.0000,6670,0,507718800.000,0,-,-,-,-,2719.0000,2718.0000,2717.6000,2717.4000,2717.2000,2719.2000,2722.4000,2722.8000,2723.0000,2723.2000,2,1,1,1,1,3,1,3,1,3
SF,IH2004,2020-03-13 09:33:02.900,2719.2000,6668,-2,511797600.000,5,1,4,多平,S,2719.0000,2717.6000,2717.2000,2717.0000,2716.8000,2722.4000,2722.8000,2723.0000,2723.2000,2723.4000,2,1,1,2,2,1,3,1,3,1
SF,IH2004,2020-03-13 09:33:03.400,2719.2000,6668,0,511797600.000,0,-,-,-,-,2719.2000,2719.0000,2717.6000,2717.0000,2716.8000,2722.2000,2722.4000,2722.8000,2723.0000,2723.2000,1,2,1,2,3,1,1,3,1,3
SF,IH2004,2020-03-13 09:33:03.900,2719.2000,6668,0,511797600.000,0,-,-,-,-,2719.4000,2719.2000,2719.0000,2717.6000,2717.0000,2721.8000,2722.2000,2722.4000,2722.8000,2723.0000,1,1,2,1,1,1,1,1,3,1
SF,IH2004,2020-03-13 09:33:04.400,2719.2000,6668,0,511797600.000,0,-,-,-,-,2719.6000,2719.4000,2719.2000,2719.0000,2717.6000,2721.6000,2721.8000,2722.8000,2723.2000,2723.4000,1,1,1,2,1,1,1,3,3,1
SF,IH2004,2020-03-13 09:33:04.900,2719.2000,6668,0,511797600.000,0,-,-,-,-,2719.8000,2719.6000,2719.2000,2719.0000,2716.8000,2721.8000,2723.4000,2723.8000,2725.4000,2728.4000,1,1,1,2,2,1,1,1,1,5
SF,IH2004,2020-03-13 09:33:05.400,2719.2000,6668,0,511797600.000,0,-,-,-,-,2720.0000,2719.8000,2719.6000,2719.2000,2719.0000,2723.4000,2723.8000,2725.4000,2728.4000,2728.6000,1,1,1,1,2,1,1,1,5,1
SF,IH2004,2020-03-13 09:33:05.900,2719.2000,6668,0,511797600.000,0,-,-,-,-,2720.2000,2720.0000,2719.2000,2719.0000,2716.8000,2723.2000,2723.4000,2723.8000,2725.4000,2728.4000,2,1,1,2,1,2,1,1,1,5
SF,IH2004,2020-03-13 09:33:06.400,2719.2000,6668,0,511797600.000,0,-,-,-,-,2720.6000,2720.2000,2719.2000,2719.0000,2716.8000,2723.2000,2723.4000,2723.8000,2725.4000,2728.4000,1,2,1,2,1,1,1,1,1,5
SF,IH2004,2020-03-13 09:33:06.900,2719.2000,6668,0,511797600.000,0,-,-,-,-,2721.0000,2720.8000,2719.2000,2719.0000,2716.8000,2723.2000,2723.4000,2723.8000,2725.4000,2728.4000,1,3,1,5,1,1,1,1,1,5
SF,IH2004,2020-03-13 09:33:07.400,2719.2000,6668,0,511797600.000,0,-,-,-,-,2721.4000,2721.2000,2720.8000,2719.2000,2719.0000,2723.2000,2723.4000,2723.8000,2725.4000,2728.4000,1,2,1,1,5,1,1,1,1,5
SF,IH2004,2020-03-13 09:33:07.900,2719.2000,6668,0,511797600.000,0,-,-,-,-,2721.6000,2721.2000,2720.8000,2719.2000,2719.0000,2723.4000,2723.8000,2725.4000,2728.4000,2728.6000,1,1,1,1,5,1,1,1,5,1
SF,IH2004,2020-03-13 09:33:08.400,2723.4000,6667,-1,513431100.000,2,0,2,多平,S,2721.2000,2720.8000,2719.2000,2719.0000,2716.8000,2723.8000,2725.4000,2728.4000,2728.6000,2730.0000,1,1,1,5,1,1,1,5,1,2
SF,IH2004,2020-03-13 09:33:08.900,2723.4000,6667,0,514248120.000,1,0,1,多换,S,2721.4000,2721.2000,2720.8000,2719.2000,2719.0000,2723.6000,2723.8000,2725.4000,2728.4000,2728.6000,1,1,1,1,5,2,1,1,5,1
SF,IH2004,2020-03-13 09:33:09.400,2723.4000,6667,0,514248120.000,0,-,-,-,-,2721.6000,2721.4000,2720.8000,2719.0000,2716.8000,2723.6000,2723.8000,2725.4000,2728.4000,2728.6000,3,2,1,5,1,1,1,1,5,1
SF,IH2004,2020-03-13 09:33:09.900,2723.4000,6667,0,514248120.000,0,-,-,-,-,2723.6000,2721.8000,2721.6000,2721.4000,2720.8000,2723.8000,2725.4000,2728.4000,2728.6000,2730.0000,1,1,1,1,1,1,1,5,1,2
SF,IH2004,2020-03-13 09:33:10.400,2723.8000,6664,-3,516699480.000,3,0,3,双平,S,2721.8000,2721.6000,2721.4000,2720.8000,2719.0000,2725.4000,2728.4000,2728.6000,2730.0000,2736.0000,2,1,1,1,5,1,5,1,2,1
SF,IH2004,2020-03-13 09:33:10.900,2721.6000,6662,-2,518332500.000,2,0,2,双平,S,2722.0000,2721.4000,2720.8000,2719.0000,2716.8000,2724.8000,2725.2000,2725.4000,2728.4000,2728.6000,1,1,1,5,1,2,6,1,5,1
SF,IH2004,2020-03-13 09:33:11.400,2722.0000,6661,-1,519149100.000,1,0,1,双平,S,2722.0000,2720.8000,2719.0000,2716.8000,2715.4000,2724.0000,2724.6000,2724.8000,2725.2000,2725.4000,1,1,5,1,2,1,5,2,4,1
SF,IH2004,2020-03-13 09:33:11.900,2722.0000,6660,-1,519965700.000,1,0,1,双平,S,2720.8000,2720.4000,2719.0000,2716.8000,2715.4000,2723.8000,2724.0000,2724.6000,2724.8000,2725.2000,1,1,5,1,2,1,1,4,2,4
SF,IH2004,2020-03-13 09:33:12.400,2722.0000,6658,-2,522415140.000,3,0,3,多平,S,2720.6000,2720.4000,2719.0000,2716.8000,2715.4000,2722.0000,2723.2000,2723.6000,2723.8000,2724.0000,1,1,3,1,2,1,1,2,3,1
SF,IH2004,2020-03-13 09:33:12.900,2720.6000,6657,-1,523231320.000,1,0,1,双平,S,2720.4000,2719.0000,2716.8000,2715.4000,2715.0000,2721.4000,2721.6000,2721.8000,2722.0000,2723.2000,1,3,1,2,1,1,5,1,1,1
SF,IH2004,2020-03-13 09:33:13.400,2720.4000,6657,0,524047440.000,1,0,1,多换,S,2719.0000,2716.8000,2715.4000,2715.0000,2714.4000,2720.4000,2720.6000,2721.0000,2721.2000,2721.4000,3,1,2,1,1,1,1,1,1,1
SF,IH2004,2020-03-13 09:33:13.900,2719.0000,6657,0,524863140.000,1,0,1,多换,S,2719.0000,2718.8000,2716.8000,2715.4000,2715.0000,2719.8000,2720.0000,2720.2000,2720.4000,2721.0000,2,1,1,2,1,1,1,2,2,1
SF,IH2004,2020-03-13 09:33:14.400,2719.0000,6657,0,524863140.000,0,-,-,-,-,2719.0000,2718.8000,2716.8000,2715.4000,2715.0000,2719.6000,2719.8000,2720.2000,2720.4000,2721.6000,2,1,1,2,1,1,1,2,2,5
SF,IH2004,2020-03-13 09:33:14.900,2719.0000,6657,0,525678840.000,1,0,1,多换,S,2719.0000,2718.8000,2716.8000,2715.4000,2715.0000,2719.4000,2719.6000,2719.8000,2720.2000,2720.4000,1,2,1,2,1,1,1,1,2,2
SF,IH2004,2020-03-13 09:33:15.400,2718.8000,6655,-2,528941580.000,4,1,3,多平,S,2716.8000,2715.4000,2715.0000,2714.4000,2711.8000,2719.8000,2720.2000,2720.4000,2721.6000,2721.8000,1,2,1,1,1,1,2,2,5,2
SF,IH2004,2020-03-13 09:33:15.900,2718.8000,6655,0,528941580.000,0,-,-,-,-,2717.0000,2716.8000,2715.4000,2715.0000,2714.4000,2719.6000,2719.8000,2720.2000,2720.4000,2721.6000,1,1,2,1,1,3,1,2,1,5
SF,IH2004,2020-03-13 09:33:16.400,2718.8000,6655,0,528941580.000,0,-,-,-,-,2717.2000,2717.0000,2716.8000,2715.4000,2715.0000,2719.4000,2719.6000,2719.8000,2720.4000,2721.6000,1,2,2,2,1,1,3,1,1,5
SF,IH2004,2020-03-13 09:33:16.900,2718.8000,6655,0,528941580.000,0,-,-,-,-,2717.4000,2717.2000,2717.0000,2716.8000,2715.4000,2719.2000,2719.4000,2719.6000,2719.8000,2720.4000,1,1,1,2,2,2,3,1,1,1
SF,IH2004,2020-03-13 09:33:17.400,2718.8000,6655,0,528941580.000,0,-,-,-,-,2717.4000,2717.2000,2717.0000,2716.8000,2715.4000,2719.2000,2719.4000,2719.8000,2720.4000,2721.6000,1,2,1,2,2,2,3,1,1,5
SF,IH2004,2020-03-13 09:33:17.900,2719.0000,6655,0,529757280.000,1,0,1,多换,S,2717.6000,2717.4000,2717.2000,2717.0000,2716.8000,2719.2000,2719.4000,2719.8000,2720.4000,2721.6000,1,1,3,1,2,2,1,1,1,5
SF,IH2004,2020-03-13 09:33:18.400,2719.0000,6655,0,529757280.000,0,-,-,-,-,2717.6000,2717.4000,2717.2000,2716.8000,2715.4000,2719.0000,2719.8000,2720.4000,2721.6000,2721.8000,1,1,2,2,2,2,1,1,5,2
SF,IH2004,2020-03-13 09:33:18.900,2719.0000,6655,0,529757280.000,0,-,-,-,-,2717.6000,2717.4000,2717.2000,2716.8000,2715.4000,2719.0000,2719.8000,2721.6000,2721.8000,2723.8000,1,3,2,2,2,2,1,5,2,2
SF,IH2004,2020-03-13 09:33:19.400,2719.0000,6653,-2,531388680.000,2,0,2,双平,S,2717.6000,2717.4000,2717.2000,2716.8000,2715.4000,2719.8000,2721.6000,2721.8000,2723.8000,2724.6000,1,3,2,2,2,1,5,2,2,2
SF,IH2004,2020-03-13 09:33:19.900,2719.0000,6653,0,531388680.000,0,-,-,-,-,2717.8000,2717.6000,2717.4000,2717.2000,2716.8000,2719.6000,2719.8000,2721.6000,2721.8000,2723.8000,3,1,4,2,3,2,1,5,2,2
SF,IH2004,2020-03-13 09:33:20.400,2718.0000,6654,1,532204080.000,1,1,0,双开,S,2718.0000,2717.8000,2717.6000,2717.4000,2717.2000,2719.6000,2719.8000,2721.6000,2721.8000,2723.8000,1,2,1,4,3,2,1,5,2,2
SF,IH2004,2020-03-13 09:33:20.900,2718.0000,6654,0,532204080.000,0,-,-,-,-,2718.2000,2717.8000,2717.6000,2717.4000,2717.2000,2719.8000,2721.6000,2721.8000,2723.8000,2724.6000,1,1,1,4,3,1,5,2,2,2
SF,IH2004,2020-03-13 09:33:21.400,2718.0000,6654,0,532204080.000,0,-,-,-,-,2718.2000,2718.0000,2717.8000,2717.6000,2717.4000,2719.8000,2723.8000,2724.6000,2724.8000,2725.2000,1,1,1,1,4,1,2,2,1,3
SF,IH2004,2020-03-13 09:33:21.900,2718.0000,6654,0,532204080.000,0,-,-,-,-,2718.2000,2718.0000,2717.8000,2717.6000,2717.4000,2719.8000,2723.8000,2724.6000,2724.8000,2725.2000,1,1,1,1,4,1,2,2,1,3
SF,IH2004,2020-03-13 09:33:22.400,2718.0000,6654,0,532204080.000,0,-,-,-,-,2718.2000,2718.0000,2717.8000,2717.6000,2717.4000,2719.8000,2723.8000,2724.6000,2724.8000,2725.2000,1,1,1,1,4,1,2,2,1,3
SF,IH2004,2020-03-13 09:33:22.900,2718.0000,6654,0,532204080.000,0,-,-,-,-,2718.4000,2718.2000,2718.0000,2717.8000,2717.6000,2719.8000,2723.8000,2724.6000,2724.8000,2725.2000,1,1,2,1,1,1,2,2,1,3
SF,IH2004,2020-03-13 09:33:23.400,2718.0000,6654,0,532204080.000,0,-,-,-,-,2718.6000,2718.4000,2718.2000,2718.0000,2717.8000,2719.8000,2723.8000,2724.6000,2724.8000,2725.2000,2,1,1,2,1,1,2,2,1,3
SF,IH2004,2020-03-13 09:33:23.900,2719.8000,6654,0,533020020.000,1,0,1,多换,S,2719.4000,2718.6000,2718.4000,2718.2000,2718.0000,2723.8000,2724.6000,2724.8000,2725.2000,2725.4000,1,2,2,1,2,1,2,1,3,1
SF,IH2004,2020-03-13 09:33:24.400,2719.8000,6654,0,533020020.000,0,-,-,-,-,2718.4000,2718.2000,2718.0000,2717.8000,2717.4000,2721.6000,2722.2000,2723.2000,2723.6000,2723.8000,2,1,2,1,4,4,1,1,7,1
SF,IH2004,2020-03-13 09:33:24.900,2719.8000,6654,0,533020020.000,0,-,-,-,-,2718.6000,2718.4000,2718.2000,2718.0000,2717.8000,2721.4000,2723.2000,2723.6000,2724.6000,2724.8000,1,2,2,2,1,3,1,4,2,1
SF,IH2004,2020-03-13 09:33:25.400,2719.8000,6654,0,533020020.000,0,-,-,-,-,2719.8000,2718.8000,2718.6000,2718.4000,2718.2000,2721.2000,2721.4000,2721.6000,2723.2000,2723.6000,1,1,2,2,2,1,3,4,1,3
SF,IH2004,2020-03-13 09:33:25.900,2719.8000,6654,0,533835960.000,1,0,1,多换,S,2718.6000,2718.4000,2718.2000,2718.0000,2717.8000,2721.0000,2721.2000,2721.4000,2721.6000,2723.2000,1,2,2,2,1,2,2,1,5,1
SF,IH2004,2020-03-13 09:33:26.400,2719.8000,6654,0,533835960.000,0,-,-,-,-,2718.8000,2718.6000,2718.4000,2718.2000,2718.0000,2720.8000,2721.0000,2721.6000,2723.2000,2723.6000,1,1,3,2,2,3,2,5,1,3
SF,IH2004,2020-03-13 09:33:26.900,2719.8000,6654,0,533835960.000,0,-,-,-,-,2719.8000,2718.8000,2718.6000,2718.4000,2718.2000,2720.8000,2721.0000,2721.6000,2723.2000,2723.6000,2,1,1,3,2,3,2,5,1,3
SF,IH2004,2020-03-13 09:33:27.400,2719.8000,6654,0,534651900.000,1,0,1,多换,S,2719.8000,2718.8000,2718.6000,2718.4000,2718.2000,2720.6000,2720.8000,2721.0000,2721.6000,2723.2000,1,1,1,3,2,1,1,1,5,1
SF,IH2004,2020-03-13 09:33:27.900,2719.8000,6654,0,534651900.000,0,-,-,-,-,2720.0000,2719.8000,2718.8000,2718.6000,2718.4000,2723.2000,2723.6000,2724.6000,2724.8000,2725.2000,1,1,1,1,3,1,3,2,1,3
SF,IH2004,2020-03-13 09:33:28.400,2719.8000,6654,0,534651900.000,0,-,-,-,-,2720.2000,2720.0000,2719.8000,2718.6000,2718.4000,2723.0000,2723.2000,2723.6000,2724.6000,2724.8000,1,1,2,1,3,3,1,1,2,1
SF,IH2004,2020-03-13 09:33:28.900,2719.8000,6654,0,534651900.000,0,-,-,-,-,2720.2000,2720.0000,2719.8000,2718.6000,2718.4000,2722.8000,2723.0000,2723.2000,2723.6000,2724.6000,1,1,2,1,3,2,5,1,1,2
SF,IH2004,2020-03-13 09:33:29.400,2719.8000,6654,0,534651900.000,0,-,-,-,-,2720.2000,2720.0000,2719.8000,2718.6000,2718.4000,2722.4000,2722.6000,2722.8000,2723.0000,2723.2000,1,1,2,1,3,1,4,2,2,1
SF,IH2004,2020-03-13 09:33:29.900,2720.2000,6653,-1,535467960.000,1,0,1,双平,S,2720.0000,2719.8000,2718.6000,2718.4000,2718.2000,2722.0000,2722.2000,2722.6000,2722.8000,2723.0000,2,2,1,3,2,1,5,3,1,1
SF,IH2004,2020-03-13 09:33:30.400,2720.0000,6652,-1,537099960.000,2,0,2,多平,S,2720.4000,2719.8000,2718.6000,2718.4000,2718.2000,2721.0000,2721.6000,2721.8000,2722.0000,2722.2000,1,2,1,3,2,1,5,3,1,5
SF,IH2004,2020-03-13 09:33:30.900,2719.8000,6650,-2,539547840.000,3,0,3,多平,S,2718.6000,2718.4000,2718.2000,2718.0000,2717.8000,2720.0000,2720.4000,2720.8000,2721.0000,2721.6000,1,3,2,2,1,1,2,1,1,5
SF,IH2004,2020-03-13 09:33:31.400,2719.8000,6650,0,539547840.000,0,-,-,-,-,2718.6000,2718.4000,2718.2000,2718.0000,2717.8000,2719.8000,2720.0000,2720.4000,2721.6000,2721.8000,1,3,2,2,1,1,1,3,5,3
SF,IH2004,2020-03-13 09:33:31.900,2719.8000,6650,0,539547840.000,0,-,-,-,-,2718.6000,2718.4000,2718.2000,2718.0000,2717.8000,2719.8000,2720.0000,2720.4000,2721.6000,2721.8000,1,3,2,3,1,1,1,2,5,3
SF,IH2004,2020-03-13 09:33:32.400,2718.6000,6650,0,540363420.000,1,0,1,多换,S,2718.4000,2718.2000,2718.0000,2717.8000,2717.4000,2719.6000,2719.8000,2720.0000,2720.4000,2721.6000,3,2,3,1,4,1,1,1,2,5
SF,IH2004,2020-03-13 09:33:32.900,2719.6000,6650,0,541179300.000,1,0,1,多换,S,2718.4000,2718.2000,2718.0000,2717.8000,2717.4000,2719.8000,2720.0000,2720.4000,2721.6000,2721.8000,3,2,3,1,4,1,1,2,5,2
SF,IH2004,2020-03-13 09:33:33.400,2719.6000,6650,0,541179300.000,0,-,-,-,-,2718.6000,2718.4000,2718.2000,2718.0000,2717.8000,2720.0000,2720.4000,2721.6000,2721.8000,2722.2000,1,3,2,3,1,1,2,5,2,5
SF,IH2004,2020-03-13 09:33:33.900,2720.4000,6648,-2,544443180.000,4,1,3,多平,S,2719.6000,2718.6000,2718.4000,2718.2000,2718.0000,2721.6000,2721.8000,2722.2000,2722.6000,2723.0000,1,2,3,2,3,5,2,5,2,1
SF,IH2004,2020-03-13 09:33:34.400,2720.4000,6648,0,544443180.000,0,-,-,-,-,2719.8000,2719.6000,2718.8000,2718.4000,2718.2000,2721.4000,2722.2000,2722.6000,2723.0000,2724.6000,1,1,1,3,2,1,2,2,1,2
SF,IH2004,2020-03-13 09:33:34.900,2721.4000,6648,0,545259600.000,1,0,1,多换,S,2719.8000,2719.6000,2718.4000,2718.2000,2718.0000,2722.2000,2723.0000,2724.6000,2724.8000,2725.2000,1,2,3,2,3,2,1,2,1,3
SF,IH2004,2020-03-13 09:33:35.400,2721.4000,6648,0,545259600.000,0,-,-,-,-,2720.0000,2719.8000,2719.6000,2718.4000,2718.2000,2722.2000,2724.6000,2724.8000,2725.2000,2725.4000,1,1,2,3,2,2,2,1,3,1
SF,IH2004,2020-03-13 09:33:35.900,2721.4000,6648,0,545259600.000,0,-,-,-,-,2720.4000,2720.2000,2720.0000,2719.6000,2718.4000,2722.2000,2724.6000,2724.8000,2725.2000,2725.4000,2,1,1,2,3,2,2,1,3,1
SF,IH2004,2020-03-13 09:33:36.400,2721.4000,6648,0,545259600.000,0,-,-,-,-,2720.6000,2720.4000,2720.0000,2719.6000,2718.4000,2722.2000,2724.6000,2724.8000,2725.2000,2725.4000,2,1,1,2,3,2,2,1,3,1
SF,IH2004,2020-03-13 09:33:36.900,2724.6000,6647,-1,546076980.000,1,0,1,双平,S,2720.6000,2720.0000,2719.8000,2719.6000,2718.4000,2724.6000,2724.8000,2725.2000,2725.4000,2728.4000,2,2,1,1,3,1,1,3,1,5
SF,IH2004,2020-03-13 09:33:37.400,2724.6000,6647,0,546076980.000,0,-,-,-,-,2721.0000,2720.6000,2720.0000,2719.8000,2719.6000,2724.0000,2724.4000,2724.6000,2724.8000,2725.2000,2,1,1,1,1,1,4,1,1,3
SF,IH2004,2020-03-13 09:33:37.900,2724.6000,6647,0,546076980.000,0,-,-,-,-,2721.2000,2721.0000,2720.0000,2719.8000,2719.6000,2723.6000,2723.8000,2724.0000,2724.4000,2724.6000,1,1,1,1,1,1,2,1,2,1
SF,IH2004,2020-03-13 09:33:38.400,2724.6000,6647,0,546076980.000,0,-,-,-,-,2721.0000,2720.0000,2719.8000,2719.6000,2718.4000,2723.2000,2723.4000,2723.6000,2724.0000,2724.4000,1,1,1,1,3,1,3,1,1,2
SF,IH2004,2020-03-13 09:33:38.900,2721.2000,6646,-1,546893340.000,1,0,1,双平,S,2721.0000,2720.0000,2719.8000,2719.6000,2718.4000,2723.0000,2724.4000,2724.6000,2724.8000,2725.2000,1,1,1,1,3,2,1,1,1,3
SF,IH2004,2020-03-13 09:33:39.400,2721.2000,6646,0,546893340.000,0,-,-,-,-,2721.4000,2721.0000,2720.0000,2719.8000,2719.6000,2722.8000,2723.0000,2723.2000,2724.4000,2724.6000,1,1,1,1,1,2,2,1,1,1
SF,IH2004,2020-03-13 09:33:39.900,2721.2000,6646,0,546893340.000,0,-,-,-,-,2721.0000,2720.0000,2719.8000,2719.6000,2718.4000,2722.8000,2723.2000,2724.4000,2724.6000,2724.8000,1,1,1,1,3,1,1,1,1,1
SF,IH2004,2020-03-13 09:33:40.400,2721.2000,6646,0,546893340.000,0,-,-,-,-,2721.0000,2719.8000,2719.6000,2718.4000,2718.2000,2722.6000,2723.2000,2724.4000,2724.6000,2724.8000,1,1,1,3,2,3,1,1,1,1
SF,IH2004,2020-03-13 09:33:40.900,2722.4000,6647,1,548526360.000,2,1,1,空开,S,2719.8000,2719.6000,2718.4000,2718.2000,2718.0000,2722.6000,2723.2000,2724.4000,2724.6000,2724.8000,1,1,3,2,3,3,1,1,1,1
SF,IH2004,2020-03-13 09:33:41.400,2722.4000,6647,0,548526360.000,0,-,-,-,-,2720.0000,2719.8000,2719.6000,2718.4000,2718.2000,2721.0000,2722.4000,2722.6000,2723.2000,2724.4000,1,1,1,3,2,1,2,2,1,1
SF,IH2004,2020-03-13 09:33:41.900,2722.4000,6647,0,548526360.000,0,-,-,-,-,2720.0000,2719.8000,2719.6000,2718.4000,2718.2000,2721.6000,2722.4000,2722.6000,2723.2000,2724.4000,1,1,1,3,2,2,4,1,1,1
SF,IH2004,2020-03-13 09:33:42.400,2722.4000,6647,0,548526360.000,0,-,-,-,-,2720.2000,2720.0000,2719.8000,2719.6000,2718.4000,2722.4000,2722.6000,2723.2000,2724.4000,2724.6000,1,1,1,1,3,3,1,1,1,1
SF,IH2004,2020-03-13 09:33:42.900,2722.4000,6647,0,548526360.000,0,-,-,-,-,2720.4000,2720.0000,2719.8000,2719.6000,2718.4000,2721.4000,2721.6000,2722.0000,2722.2000,2722.4000,1,1,1,1,3,1,2,1,2,3
SF,IH2004,2020-03-13 09:33:43.400,2720.4000,6646,-1,549342480.000,1,0,1,双平,S,2720.0000,2719.8000,2719.6000,2718.4000,2718.2000,2720.4000,2721.2000,2721.4000,2722.2000,2722.4000,1,1,1,3,2,1,1,1,1,3
SF,IH2004,2020-03-13 09:33:43.900,2719.8000,6646,0,550974420.000,2,1,1,多换,S,2719.6000,2718.4000,2718.2000,2718.0000,2717.4000,2720.0000,2720.4000,2721.0000,2721.2000,2721.4000,1,3,2,3,4,4,1,1,4,1
SF,IH2004,2020-03-13 09:33:44.400,2719.8000,6645,-1,552606240.000,2,0,2,多平,S,2718.4000,2718.2000,2718.0000,2717.4000,2717.2000,2720.0000,2720.4000,2721.4000,2721.6000,2722.2000,3,2,3,4,3,2,1,2,4,1
SF,IH2004,2020-03-13 09:33:44.900,2719.8000,6645,0,552606240.000,0,-,-,-,-,2718.6000,2718.4000,2718.2000,2718.0000,2717.4000,2720.0000,2720.4000,2721.6000,2722.2000,2722.4000,1,3,2,3,4,1,1,4,1,3
SF,IH2004,2020-03-13 09:33:45.400,2719.8000,6645,0,552606240.000,0,-,-,-,-,2718.4000,2718.2000,2718.0000,2717.4000,2717.2000,2719.8000,2720.0000,2720.4000,2721.6000,2722.2000,3,2,3,4,3,2,2,1,4,1
SF,IH2004,2020-03-13 09:33:45.900,2719.6000,6646,1,554237700.000,2,1,1,空开,S,2718.6000,2718.4000,2718.2000,2718.0000,2717.4000,2719.8000,2720.0000,2721.6000,2722.2000,2722.4000,1,3,2,3,4,1,2,4,1,3
SF,IH2004,2020-03-13 09:33:46.400,2719.6000,6646,0,554237700.000,0,-,-,-,-,2718.6000,2718.4000,2718.2000,2718.0000,2717.4000,2719.8000,2720.0000,2721.6000,2722.2000,2722.4000,1,3,2,3,4,1,1,4,1,3
SF,IH2004,2020-03-13 09:33:46.900,2719.6000,6646,0,554237700.000,0,-,-,-,-,2718.0000,2717.2000,2716.8000,2715.4000,2715.0000,2719.6000,2719.8000,2720.0000,2721.6000,2722.2000,1,1,1,1,1,1,1,1,4,1
SF,IH2004,2020-03-13 09:33:47.400,2719.6000,6646,0,554237700.000,0,-,-,-,-,2718.0000,2717.2000,2716.8000,2715.4000,2715.0000,2718.6000,2719.4000,2719.6000,2720.0000,2721.6000,7,1,1,1,1,1,2,1,1,4
SF,IH2004,2020-03-13 09:33:47.900,2718.6000,6646,0,555053280.000,1,0,1,多换,S,2718.0000,2717.2000,2716.8000,2715.4000,2715.0000,2719.4000,2719.6000,2720.0000,2721.6000,2722.2000,8,1,1,1,1,3,1,1,4,1
SF,IH2004,2020-03-13 09:33:48.400,2718.6000,6646,0,555053280.000,0,-,-,-,-,2718.0000,2717.2000,2716.8000,2715.4000,2715.0000,2719.2000,2719.4000,2720.0000,2721.6000,2722.2000,7,1,1,1,1,2,2,1,4,1
SF,IH2004,2020-03-13 09:33:48.900,2719.2000,6646,0,555869040.000,1,0,1,多换,S,2718.6000,2718.2000,2718.0000,2717.2000,2716.8000,2719.2000,2721.6000,2722.2000,2722.4000,2724.0000,1,1,7,1,1,1,4,1,3,1
SF,IH2004,2020-03-13 09:33:49.400,2718.6000,6646,0,556684620.000,1,0,1,多换,S,2718.2000,2718.0000,2717.2000,2716.8000,2715.4000,2719.2000,2721.6000,2722.2000,2722.4000,2724.0000,1,7,1,1,1,1,4,1,3,1
SF,IH2004,2020-03-13 09:33:49.900,2718.6000,6646,0,556684620.000,0,-,-,-,-,2718.2000,2718.0000,2717.2000,2716.8000,2715.4000,2720.8000,2721.6000,2722.2000,2722.4000,2724.0000,1,7,1,1,1,1,4,1,3,1
SF,IH2004,2020-03-13 09:33:50.400,2718.6000,6646,0,556684620.000,0,-,-,-,-,2718.0000,2717.2000,2716.8000,2715.4000,2715.0000,2718.2000,2720.0000,2720.6000,2720.8000,2721.6000,7,1,1,1,1,1,1,6,1,4
SF,IH2004,2020-03-13 09:33:50.900,2719.6000,6646,0,558315960.000,2,1,1,多换,S,2718.0000,2717.2000,2716.8000,2715.4000,2715.0000,2720.0000,2720.6000,2720.8000,2721.6000,2722.4000,8,1,1,1,1,1,6,1,4,1
SF,IH2004,2020-03-13 09:33:51.400,2718.0000,6647,1,559131360.000,1,1,0,双开,S,2718.0000,2717.2000,2716.8000,2715.4000,2715.0000,2719.8000,2720.0000,2720.6000,2720.8000,2721.6000,7,1,1,1,1,3,1,5,1,4
SF,IH2004,2020-03-13 09:33:51.900,2718.0000,6647,0,559131360.000,0,-,-,-,-,2718.0000,2717.2000,2716.8000,2715.4000,2715.0000,2719.4000,2719.8000,2720.0000,2720.6000,2721.6000,7,1,1,1,1,1,1,1,5,4
SF,IH2004,2020-03-13 09:33:52.400,2719.4000,6646,-1,559947180.000,1,0,1,双平,S,2718.0000,2717.2000,2716.8000,2715.4000,2715.0000,2719.8000,2720.0000,2720.6000,2721.6000,2722.4000,1,1,1,1,1,1,1,5,4,1
SF,IH2004,2020-03-13 09:33:52.900,2719.4000,6646,0,559947180.000,0,-,-,-,-,2718.2000,2718.0000,2717.2000,2716.8000,2715.4000,2720.6000,2721.6000,2722.4000,2724.0000,2724.6000,1,15,1,1,1,2,4,1,1,1
SF,IH2004,2020-03-13 09:33:53.400,2719.4000,6646,0,559947180.000,0,-,-,-,-,2718.2000,2718.0000,2717.2000,2716.8000,2715.4000,2720.6000,2721.6000,2722.4000,2724.6000,2725.2000,1,15,1,1,1,2,4,1,1,3
SF,IH2004,2020-03-13 09:33:53.900,2719.4000,6646,0,559947180.000,0,-,-,-,-,2718.2000,2718.0000,2717.2000,2716.8000,2715.4000,2720.4000,2720.6000,2721.6000,2722.4000,2724.6000,1,15,1,1,1,1,2,4,1,1
SF,IH2004,2020-03-13 09:33:54.400,2719.4000,6646,0,559947180.000,0,-,-,-,-,2718.2000,2718.0000,2717.2000,2716.8000,2715.4000,2720.2000,2721.6000,2722.4000,2724.6000,2725.2000,1,14,1,1,1,2,4,1,1,3
SF,IH2004,2020-03-13 09:33:54.900,2719.4000,6646,0,559947180.000,0,-,-,-,-,2718.6000,2718.2000,2718.0000,2717.2000,2716.8000,2720.2000,2721.6000,2722.4000,2724.6000,2725.2000,1,1,14,1,1,2,4,1,1,3
SF,IH2004,2020-03-13 09:33:55.400,2719.4000,6646,0,559947180.000,0,-,-,-,-,2720.0000,2718.8000,2718.6000,2718.0000,2717.2000,2720.6000,2721.6000,2722.4000,2724.6000,2725.2000,2,1,1,14,1,1,4,1,1,3
SF,IH2004,2020-03-13 09:33:55.900,2718.8000,6645,-1,563210820.000,4,1,3,多平,S,2718.6000,2718.0000,2717.2000,2716.8000,2715.4000,2720.6000,2722.4000,2724.6000,2725.2000,2725.4000,1,14,1,1,1,1,1,1,3,1
SF,IH2004,2020-03-13 09:33:56.400,2718.6000,6645,0,564026400.000,1,0,1,多换,S,2718.0000,2717.2000,2716.8000,2715.4000,2715.0000,2720.4000,2720.6000,2722.4000,2724.6000,2725.2000,14,1,1,1,1,1,1,1,1,3
SF,IH2004,2020-03-13 09:33:56.900,2718.6000,6645,0,564026400.000,0,-,-,-,-,2719.8000,2718.0000,2717.2000,2716.8000,2715.4000,2720.0000,2720.2000,2720.4000,2720.6000,2722.4000,1,14,1,1,1,1,2,1,1,1
SF,IH2004,2020-03-13 09:33:57.400,2719.8000,6645,0,564842340.000,1,0,1,多换,S,2718.0000,2717.2000,2716.8000,2715.4000,2715.0000,2719.8000,2720.0000,2720.6000,2722.4000,2724.6000,14,1,1,1,1,5,1,1,1,1
SF,IH2004,2020-03-13 09:33:57.900,2719.8000,6645,0,564842340.000,0,-,-,-,-,2717.2000,2716.8000,2715.4000,2715.0000,2714.4000,2719.6000,2719.8000,2720.0000,2720.6000,2722.4000,1,1,1,1,1,3,3,1,1,1
SF,IH2004,2020-03-13 09:33:58.400,2719.8000,6645,0,564842340.000,0,-,-,-,-,2717.2000,2717.0000,2716.8000,2715.4000,2715.0000,2719.4000,2719.6000,2719.8000,2720.0000,2720.6000,15,6,1,1,1,2,2,2,1,1
SF,IH2004,2020-03-13 09:33:58.900,2719.8000,6645,0,564842340.000,0,-,-,-,-,2717.2000,2717.0000,2716.8000,2715.4000,2715.0000,2719.2000,2719.4000,2719.8000,2720.0000,2720.6000,15,6,1,1,1,1,2,3,1,1
SF,IH2004,2020-03-13 09:33:59.900,2719.8000,6645,0,564842340.000,0,-,-,-,-,2717.2000,2717.0000,2716.8000,2715.4000,2715.0000,2718.8000,2719.0000,2719.2000,2719.4000,2719.8000,15,6,1,1,1,1,2,1,2,3
SF,IH2004,2020-03-13 09:34:00.400,2719.8000,6645,0,564842340.000,0,-,-,-,-,2717.2000,2717.0000,2716.8000,2715.4000,2715.0000,2718.6000,2719.4000,2719.8000,2720.0000,2720.6000,15,6,1,1,1,2,2,3,1,1
SF,IH2004,2020-03-13 09:34:00.900,2718.4000,6643,-2,568918860.000,5,1,4,多平,S,2717.2000,2717.0000,2716.8000,2715.4000,2715.0000,2718.6000,2719.4000,2719.8000,2720.0000,2720.6000,12,6,1,1,1,3,2,3,1,1
SF,IH2004,2020-03-13 09:34:01.400,2717.2000,6636,-7,578700780.000,12,2,10,多平,S,2717.0000,2716.8000,2715.4000,2715.0000,2714.4000,2718.0000,2718.4000,2718.6000,2719.4000,2719.8000,6,1,1,1,1,2,1,2,2,3
SF,IH2004,2020-03-13 09:34:01.900,2717.0000,6638,2,583591380.000,6,4,2,空开,S,2716.8000,2715.4000,2715.0000,2714.4000,2711.0000,2717.0000,2717.2000,2717.4000,2717.8000,2718.0000,1,1,1,1,2,2,1,1,2,2
SF,IH2004,2020-03-13 09:34:02.400,2716.8000,6637,-1,584406420.000,1,0,1,双平,S,2715.4000,2715.0000,2714.4000,2711.0000,2710.0000,2716.8000,2717.0000,2717.2000,2717.4000,2717.8000,1,1,1,2,1,6,3,1,1,2
SF,IH2004,2020-03-13 09:34:02.900,2716.8000,6637,0,584406420.000,0,-,-,-,-,2715.4000,2715.0000,2714.4000,2711.0000,2710.0000,2716.6000,2716.8000,2717.2000,2717.4000,2717.8000,1,1,1,2,1,2,8,1,1,2
SF,IH2004,2020-03-13 09:34:03.400,2715.4000,6638,1,585221040.000,1,1,0,双开,S,2715.0000,2714.4000,2710.0000,2707.0000,2702.0000,2716.2000,2716.4000,2716.6000,2716.8000,2717.2000,1,1,1,1,3,1,1,3,8,1
SF,IH2004,2020-03-13 09:34:03.900,2715.0000,6639,1,586035540.000,1,1,0,双开,S,2714.4000,2710.0000,2707.0000,2702.0000,2701.8000,2715.4000,2716.0000,2716.2000,2716.4000,2716.6000,1,1,1,3,5,2,1,1,1,1
SF,IH2004,2020-03-13 09:34:04.400,2715.2000,6637,-2,587664660.000,2,0,2,双平,S,2714.6000,2714.4000,2710.0000,2707.0000,2702.0000,2715.4000,2716.0000,2716.6000,2716.8000,2718.0000,1,1,1,1,1,1,1,1,1,1
SF,IH2004,2020-03-13 09:34:04.900,2715.2000,6637,0,587664660.000,0,-,-,-,-,2714.4000,2710.0000,2707.0000,2702.0000,2701.8000,2715.2000,2715.4000,2716.6000,2716.8000,2718.0000,1,1,1,1,5,1,1,1,1,1
SF,IH2004,2020-03-13 09:34:05.400,2715.2000,6635,-2,590923020.000,4,1,3,多平,S,2714.4000,2710.0000,2707.0000,2702.0000,2701.8000,2716.8000,2718.0000,2718.4000,2718.6000,2719.4000,1,1,1,1,5,1,1,1,1,2
SF,IH2004,2020-03-13 09:34:05.900,2715.2000,6635,0,590923020.000,0,-,-,-,-,2715.2000,2714.4000,2710.0000,2707.0000,2702.0000,2716.4000,2716.6000,2716.8000,2718.0000,2718.4000,1,1,1,1,1,1,6,6,1,1
SF,IH2004,2020-03-13 09:34:06.400,2714.4000,6636,1,592551900.000,2,1,1,空开,S,2710.0000,2707.0000,2702.0000,2701.8000,2701.2000,2715.2000,2716.2000,2716.4000,2716.6000,2716.8000,1,1,1,5,1,1,4,1,6,6
SF,IH2004,2020-03-13 09:34:06.900,2714.4000,6636,0,592551900.000,0,-,-,-,-,2710.6000,2710.4000,2710.2000,2710.0000,2707.0000,2714.4000,2715.0000,2715.2000,2716.2000,2716.6000,1,2,1,1,1,1,3,3,4,6
SF,IH2004,2020-03-13 09:34:07.400,2714.4000,6636,0,592551900.000,0,-,-,-,-,2710.8000,2710.4000,2710.0000,2707.0000,2702.0000,2714.2000,2714.4000,2715.0000,2715.2000,2716.2000,1,1,1,1,1,2,1,2,3,4
SF,IH2004,2020-03-13 09:34:07.900,2711.0000,6635,-1,593365200.000,1,0,1,双平,S,2710.4000,2710.0000,2707.0000,2702.0000,2701.2000,2712.8000,2713.2000,2713.6000,2714.0000,2714.2000,1,1,1,1,1,1,1,1,1,4
SF,IH2004,2020-03-13 09:34:08.400,2713.2000,6632,-3,596620560.000,4,0,4,多平,S,2710.6000,2710.0000,2707.0000,2702.0000,2701.2000,2713.6000,2714.2000,2714.4000,2715.0000,2715.2000,1,1,1,1,1,2,2,1,2,2
SF,IH2004,2020-03-13 09:34:08.900,2714.2000,6632,0,598248900.000,2,1,1,多换,S,2711.0000,2710.8000,2710.6000,2710.4000,2710.0000,2714.4000,2715.0000,2715.2000,2716.2000,2716.6000,1,1,1,1,1,1,2,1,3,5
SF,IH2004,2020-03-13 09:34:09.400,2714.2000,6632,0,598248900.000,0,-,-,-,-,2711.2000,2707.0000,2702.0000,2701.2000,2701.0000,2713.6000,2714.2000,2714.4000,2715.0000,2715.2000,2,1,1,1,1,1,2,1,2,1
SF,IH2004,2020-03-13 09:34:09.900,2714.2000,6632,0,598248900.000,0,-,-,-,-,2711.2000,2707.0000,2702.0000,2701.2000,2701.0000,2713.4000,2713.6000,2713.8000,2714.2000,2714.4000,1,1,1,1,1,1,1,2,2,1
SF,IH2004,2020-03-13 09:34:10.400,2714.2000,6632,0,598248900.000,0,-,-,-,-,2711.6000,2711.4000,2711.2000,2707.0000,2703.4000,2713.8000,2714.2000,2714.4000,2715.0000,2715.2000,1,1,1,1,1,2,1,1,2,1
SF,IH2004,2020-03-13 09:34:10.900,2713.8000,6630,-2,599877180.000,2,0,2,双平,S,2713.4000,2712.0000,2711.8000,2707.0000,2703.4000,2714.4000,2715.0000,2715.2000,2716.2000,2716.6000,1,1,2,1,1,1,2,1,3,5
SF,IH2004,2020-03-13 09:34:11.400,2711.8000,6630,0,601504740.000,2,1,1,多换,S,2707.0000,2703.4000,2702.0000,2701.2000,2701.0000,2713.4000,2714.4000,2715.0000,2715.2000,2716.6000,1,1,1,1,1,1,1,2,1,3
SF,IH2004,2020-03-13 09:34:11.900,2711.8000,6630,0,601504740.000,0,-,-,-,-,2709.2000,2709.0000,2708.8000,2708.4000,2708.2000,2711.2000,2713.2000,2713.4000,2713.6000,2714.2000,1,1,1,1,1,2,1,3,1,2
SF,IH2004,2020-03-13 09:34:12.400,2711.2000,6629,-1,604758180.000,4,1,3,多平,S,2710.4000,2710.2000,2709.4000,2709.2000,2709.0000,2713.2000,2713.4000,2714.2000,2714.4000,2715.0000,1,1,2,1,1,1,2,1,1,2
SF,IH2004,2020-03-13 09:34:12.900,2711.2000,6629,0,604758180.000,0,-,-,-,-,2711.0000,2710.6000,2710.4000,2709.4000,2709.2000,2713.2000,2713.4000,2714.2000,2714.4000,2715.0000,1,1,1,1,1,1,2,1,1,2
SF,IH2004,2020-03-13 09:34:13.400,2711.2000,6628,-1,605571540.000,1,0,1,双平,S,2711.2000,2711.0000,2710.6000,2710.4000,2709.4000,2713.2000,2713.4000,2714.4000,2716.8000,2719.8000,1,1,1,1,1,1,2,1,4,4
SF,IH2004,2020-03-13 09:34:13.900,2711.4000,6627,-1,607198920.000,2,0,2,多平,S,2711.2000,2711.0000,2710.4000,2709.4000,2709.2000,2713.4000,2714.4000,2716.8000,2719.8000,2720.6000,1,1,1,1,1,1,1,4,4,1
SF,IH2004,2020-03-13 09:34:14.400,2711.4000,6627,0,608012340.000,1,0,1,多换,S,2711.6000,2711.4000,2711.2000,2711.0000,2710.4000,2713.4000,2714.4000,2716.8000,2719.8000,2720.6000,1,2,1,1,1,1,1,4,4,1
SF,IH2004,2020-03-13 09:34:14.900,2713.4000,6627,0,608826360.000,1,0,1,多换,S,2712.6000,2711.8000,2711.4000,2710.4000,2709.2000,2714.4000,2716.8000,2719.8000,2720.6000,2720.8000,1,2,2,1,1,1,4,4,1,5
SF,IH2004,2020-03-13 09:34:15.400,2713.4000,6627,0,608826360.000,0,-,-,-,-,2712.8000,2712.6000,2711.4000,2710.4000,2709.2000,2714.2000,2714.4000,2716.8000,2719.8000,2720.8000,2,1,2,1,1,1,1,4,3,5
SF,IH2004,2020-03-13 09:34:15.900,2714.2000,6626,-1,610454700.000,2,0,2,多平,S,2712.6000,2711.4000,2710.4000,2709.2000,2709.0000,2714.0000,2714.2000,2714.4000,2716.8000,2719.8000,1,1,1,1,1,1,3,1,4,3
SF,IH2004,2020-03-13 09:34:16.400,2714.2000,6626,0,610454700.000,0,-,-,-,-,2712.8000,2712.6000,2711.4000,2710.4000,2709.2000,2714.0000,2714.4000,2716.8000,2719.8000,2720.8000,1,1,1,1,1,1,1,4,3,5
SF,IH2004,2020-03-13 09:34:17.900,2714.4000,6625,-1,612083220.000,2,0,2,多平,S,2713.0000,2712.8000,2712.6000,2711.4000,2710.4000,2716.8000,2719.8000,2720.8000,2725.4000,2728.6000,1,1,1,1,1,4,3,5,1,1
SF,IH2004,2020-03-13 09:34:18.400,2716.6000,6623,-2,613713180.000,2,0,2,双平,S,2713.2000,2713.0000,2712.6000,2710.4000,2709.2000,2719.8000,2720.8000,2725.4000,2728.6000,2730.0000,2,2,1,1,1,3,5,1,1,2
