市场代码,合约代码,时间,最新,持仓,增仓,成交额,成交量,开仓,平仓,成交类型,方向,买一价,买二价,买三价,买四价,买五价,卖一价,卖二价,卖三价,卖四价,卖五价,买一量,买二量,买三量,买四量,买五量,卖一量,卖二量,卖三量,卖四量,卖五量
SF,IH2012,2020-10-21 09:29:00.300,3335.0000,33016,0,35017500.000,35.000,-,-,-,-,3334.2000,3333.8000,3332.4000,3331.0000,3330.6000,3335.0000,3336.0000,3336.4000,3338.0000,3338.6000,2,4,1,1,4,9,1,1,1,1
SF,IH2012,2020-10-21 09:30:00.300,3338.4000,33012,-4,53035260.000,18,7,11,多平,S,3338.2000,3338.0000,3337.8000,3337.6000,3337.4000,3339.8000,3341.0000,3341.6000,3345.6000,3346.6000,1,9,1,1,1,1,2,1,1,1
SF,IH2012,2020-10-21 09:30:00.800,3340.4000,33006,-6,63055860.000,10,2,8,多平,S,3341.0000,3340.8000,3340.2000,3340.0000,3339.8000,3346.6000,3348.0000,3348.4000,3349.0000,3349.2000,1,3,1,4,8,1,3,1,6,1
SF,IH2012,2020-10-21 09:30:01.300,3345.6000,32999,-7,73089060.000,10,1,9,多平,S,3342.0000,3341.8000,3341.6000,3341.4000,3341.2000,3346.0000,3346.2000,3346.4000,3346.6000,3348.0000,1,1,1,2,3,1,3,2,4,3
SF,IH2012,2020-10-21 09:30:01.800,3342.4000,32995,-4,83122620.000,10,3,7,多平,S,3342.2000,3342.0000,3341.8000,3341.2000,3341.0000,3346.6000,3348.0000,3349.0000,3350.0000,3351.0000,3,1,1,1,2,2,3,6,2,1
SF,IH2012,2020-10-21 09:30:02.300,3344.4000,32995,0,85128660.000,2,1,1,多换,S,3342.6000,3342.4000,3342.2000,3341.8000,3341.4000,3346.4000,3346.6000,3348.0000,3349.0000,3350.0000,2,3,5,1,1,1,2,3,6,2
SF,IH2012,2020-10-21 09:30:02.800,3346.6000,32995,0,89143440.000,4,2,2,多换,S,3346.4000,3343.0000,3342.8000,3342.6000,3342.2000,3348.0000,3349.0000,3350.0000,3350.6000,3351.0000,1,2,6,2,1,3,6,2,1,2
SF,IH2012,2020-10-21 09:30:03.300,3346.6000,32993,-2,93159300.000,4,1,3,多平,S,3343.2000,3343.0000,3342.8000,3342.6000,3342.2000,3345.0000,3346.6000,3347.2000,3347.4000,3347.6000,1,3,6,1,1,1,1,2,2,2
SF,IH2012,2020-10-21 09:30:03.800,3345.6000,32992,-1,94162980.000,1,0,1,双平,S,3345.0000,3344.2000,3343.8000,3343.6000,3343.4000,3347.4000,3347.6000,3347.8000,3348.0000,3349.0000,2,2,1,6,10,2,2,7,3,6
SF,IH2012,2020-10-21 09:30:04.300,3346.4000,32989,-3,100185540.000,6,1,5,多平,S,3345.4000,3343.8000,3343.6000,3343.4000,3342.8000,3347.0000,3347.2000,3347.4000,3347.8000,3348.0000,1,1,3,8,1,1,2,1,7,3
SF,IH2012,2020-10-21 09:30:04.800,3345.4000,32989,0,101189160.000,1,0,1,多换,S,3343.8000,3343.6000,3343.4000,3342.8000,3342.6000,3346.0000,3346.8000,3347.0000,3347.2000,3347.4000,1,3,8,1,1,1,1,1,2,1
SF,IH2012,2020-10-21 09:30:05.300,3345.0000,32988,-1,105204660.000,4,1,3,多平,S,3344.4000,3344.2000,3344.0000,3343.8000,3343.6000,3347.4000,3347.8000,3348.0000,3348.4000,3349.0000,1,1,8,1,1,1,7,3,1,6
SF,IH2012,2020-10-21 09:30:05.800,3345.0000,32988,0,105204660.000,0,-,-,-,-,3347.0000,3345.0000,3344.6000,3344.4000,3344.2000,3347.4000,3347.8000,3348.0000,3348.4000,3349.0000,1,1,4,1,1,1,3,3,1,6
SF,IH2012,2020-10-21 09:30:06.300,3344.6000,32986,-2,107212140.000,2,0,2,双平,S,3344.6000,3344.4000,3344.2000,3344.0000,3343.8000,3345.4000,3347.2000,3347.4000,3347.8000,3348.0000,4,1,1,5,1,10,3,1,1,3
SF,IH2012,2020-10-21 09:30:06.800,3347.0000,32976,-10,119255940.000,12,1,11,多平,S,3345.8000,3345.0000,3344.6000,3344.2000,3344.0000,3347.0000,3348.0000,3348.4000,3349.0000,3350.0000,2,1,2,1,5,1,3,1,6,2
SF,IH2012,2020-10-21 09:30:07.300,3345.8000,32974,-2,121263420.000,2,0,2,双平,S,3344.6000,3344.2000,3344.0000,3343.8000,3343.6000,3345.4000,3346.0000,3346.8000,3347.0000,3348.0000,2,1,1,1,1,1,1,1,1,5
SF,IH2012,2020-10-21 09:30:07.800,3347.0000,32973,-1,124275000.000,3,1,2,多平,S,3347.0000,3345.4000,3344.6000,3344.2000,3344.0000,3348.0000,3348.4000,3349.0000,3350.0000,3351.0000,18,1,1,1,1,5,1,6,2,2
SF,IH2012,2020-10-21 09:30:08.300,3347.0000,32957,-16,143352900.000,19,1,18,多平,S,3345.4000,3344.0000,3343.4000,3340.0000,3339.8000,3346.4000,3346.8000,3347.0000,3347.4000,3347.6000,1,1,2,6,5,2,1,4,2,4
SF,IH2012,2020-10-21 09:30:08.800,3344.6000,32956,-1,145359900.000,2,0,2,多平,S,3344.0000,3343.4000,3340.0000,3339.8000,3338.4000,3345.4000,3345.8000,3346.2000,3346.4000,3346.8000,1,2,6,4,1,1,1,1,2,1
SF,IH2012,2020-10-21 09:30:09.300,3345.2000,32953,-3,149374080.000,4,0,4,多平,S,3344.6000,3343.4000,3340.0000,3339.8000,3338.4000,3345.2000,3345.4000,3345.8000,3346.2000,3346.8000,1,1,6,4,1,1,1,1,1,1
SF,IH2012,2020-10-21 09:30:09.800,3344.6000,32951,-2,151380840.000,2,0,2,双平,S,3343.8000,3340.0000,3339.8000,3338.4000,3336.4000,3344.6000,3345.2000,3345.4000,3345.8000,3346.2000,1,6,4,1,5,1,1,1,1,1
SF,IH2012,2020-10-21 09:30:10.300,3340.0000,32947,-4,155389980.000,4,0,4,双平,S,3342.4000,3340.0000,3339.8000,3338.4000,3336.4000,3344.4000,3344.6000,3345.4000,3345.8000,3346.2000,1,3,4,1,5,1,1,1,1,1
SF,IH2012,2020-10-21 09:30:10.800,3344.4000,32941,-6,168427620.000,13,3,10,多平,S,3342.6000,3340.0000,3339.8000,3338.4000,3336.4000,3344.6000,3345.4000,3345.8000,3346.2000,3346.8000,1,3,4,1,5,1,1,1,1,1
SF,IH2012,2020-10-21 09:30:11.300,3344.4000,32941,0,168427620.000,0,-,-,-,-,3342.8000,3342.6000,3340.0000,3339.8000,3338.4000,3344.0000,3344.4000,3344.6000,3345.4000,3345.8000,1,1,3,4,1,2,1,1,1,1
SF,IH2012,2020-10-21 09:30:11.800,3342.8000,32940,-1,170433300.000,2,0,2,多平,S,3342.6000,3340.6000,3340.0000,3339.8000,3338.4000,3343.8000,3344.4000,3344.6000,3345.4000,3345.8000,1,1,4,4,1,3,1,1,1,1
SF,IH2012,2020-10-21 09:30:12.300,3342.6000,32939,-1,171436080.000,1,0,1,双平,S,3340.6000,3340.0000,3339.8000,3338.4000,3336.4000,3342.6000,3343.6000,3343.8000,3344.4000,3344.6000,2,4,4,1,5,1,2,1,1,1
SF,IH2012,2020-10-21 09:30:12.800,3341.8000,32938,-1,172438620.000,1,0,1,双平,S,3341.0000,3340.8000,3340.0000,3339.8000,3338.4000,3342.4000,3342.6000,3343.6000,3344.6000,3345.4000,1,6,3,4,1,1,2,2,1,1
SF,IH2012,2020-10-21 09:30:13.300,3340.8000,32933,-5,177449880.000,5,0,5,双平,S,3340.0000,3339.8000,3338.4000,3336.2000,3336.0000,3342.0000,3342.2000,3342.4000,3342.6000,3344.6000,3,4,1,1,2,3,6,1,2,1
SF,IH2012,2020-10-21 09:30:13.800,3341.4000,32933,0,179454300.000,2,1,1,多换,S,3340.0000,3339.8000,3338.4000,3336.2000,3336.0000,3341.4000,3341.8000,3342.0000,3342.6000,3345.4000,2,4,1,1,2,1,8,3,2,1
SF,IH2012,2020-10-21 09:30:14.300,3340.0000,32931,-2,182460600.000,3,0,3,多平,S,3339.8000,3338.4000,3337.8000,3336.2000,3336.0000,3341.0000,3341.2000,3341.8000,3342.6000,3345.4000,4,1,1,1,2,3,6,3,2,1
SF,IH2012,2020-10-21 09:30:14.800,3340.0000,32931,0,182460600.000,0,-,-,-,-,3339.8000,3338.4000,3337.8000,3336.2000,3336.0000,3340.8000,3341.0000,3341.2000,3341.8000,3342.6000,4,1,1,1,2,1,3,1,3,2
SF,IH2012,2020-10-21 09:30:15.300,3339.8000,32930,-1,186468360.000,4,1,3,多平,S,3338.4000,3337.8000,3336.2000,3336.0000,3335.6000,3340.0000,3341.2000,3341.8000,3342.6000,3344.4000,1,1,1,2,3,1,1,3,2,1
SF,IH2012,2020-10-21 09:30:15.800,3339.8000,32930,0,186468360.000,0,-,-,-,-,3338.4000,3336.2000,3336.0000,3335.6000,3335.4000,3339.6000,3339.8000,3340.0000,3341.2000,3341.8000,1,1,2,2,1,3,4,1,1,2
SF,IH2012,2020-10-21 09:30:16.300,3339.8000,32930,0,186468360.000,0,-,-,-,-,3338.6000,3338.4000,3338.0000,3336.0000,3335.6000,3339.8000,3340.0000,3341.2000,3341.8000,3342.6000,1,1,1,2,2,1,1,1,2,2
SF,IH2012,2020-10-21 09:30:16.800,3339.8000,32930,0,187470300.000,1,0,1,多换,S,3338.4000,3338.0000,3336.0000,3335.8000,3335.6000,3339.8000,3340.0000,3341.2000,3341.8000,3342.6000,1,1,2,1,2,2,1,1,2,2
SF,IH2012,2020-10-21 09:30:17.300,3339.8000,32930,0,187470300.000,0,-,-,-,-,3338.4000,3338.0000,3336.0000,3335.8000,3335.6000,3339.8000,3340.0000,3341.2000,3341.8000,3342.6000,1,1,4,2,2,2,1,1,2,2
SF,IH2012,2020-10-21 09:30:17.800,3339.6000,32929,-1,188472180.000,1,0,1,双平,S,3338.6000,3338.4000,3338.0000,3336.0000,3335.8000,3339.4000,3339.6000,3339.8000,3340.0000,3341.2000,1,1,1,4,2,2,4,2,1,1
SF,IH2012,2020-10-21 09:30:18.300,3338.4000,32928,-1,190475640.000,2,0,2,多平,S,3338.0000,3336.0000,3335.8000,3335.4000,3335.2000,3339.8000,3340.0000,3341.2000,3341.8000,3342.6000,1,4,2,5,1,1,1,1,1,2
SF,IH2012,2020-10-21 09:30:18.800,3339.8000,32930,2,192479460.000,2,2,0,双开,S,3338.2000,3338.0000,3336.0000,3335.8000,3335.4000,3340.0000,3341.2000,3341.8000,3342.6000,3344.4000,2,1,4,2,6,1,1,1,2,1
SF,IH2012,2020-10-21 09:30:19.300,3339.8000,32930,0,192479460.000,0,-,-,-,-,3339.6000,3338.2000,3338.0000,3336.0000,3335.8000,3339.8000,3340.0000,3341.8000,3342.6000,3344.4000,20,2,1,4,2,1,1,1,2,1
SF,IH2012,2020-10-21 09:30:19.800,3339.4000,32910,-20,216523740.000,24,2,22,多平,S,3338.0000,3336.0000,3335.8000,3335.4000,3335.2000,3339.6000,3340.0000,3341.8000,3342.6000,3344.4000,1,4,2,6,1,5,1,1,2,1
SF,IH2012,2020-10-21 09:30:20.300,3338.0000,32910,0,217525140.000,1,0,1,多换,S,3338.0000,3336.0000,3335.8000,3335.4000,3335.2000,3339.6000,3340.0000,3341.8000,3342.6000,3344.4000,2,4,2,2,1,1,1,1,2,1
SF,IH2012,2020-10-21 09:30:20.800,3338.0000,32910,0,217525140.000,0,-,-,-,-,3338.0000,3336.0000,3335.8000,3335.4000,3335.2000,3339.6000,3340.0000,3341.8000,3342.6000,3344.4000,2,6,2,2,1,1,1,1,2,1
SF,IH2012,2020-10-21 09:30:21.300,3339.6000,32910,0,218527020.000,1,0,1,多换,S,3338.0000,3336.0000,3335.8000,3335.4000,3335.2000,3340.0000,3340.2000,3341.8000,3342.6000,3344.4000,2,6,2,2,1,1,1,1,2,1
SF,IH2012,2020-10-21 09:30:21.800,3338.0000,32908,-2,221531280.000,3,0,3,多平,S,3336.0000,3335.8000,3335.4000,3335.2000,3335.0000,3339.8000,3340.0000,3340.2000,3341.8000,3342.6000,6,2,2,3,5,5,1,1,1,2
SF,IH2012,2020-10-21 09:30:22.300,3339.6000,32909,1,222533160.000,1,1,0,双开,S,3338.2000,3337.8000,3337.0000,3336.8000,3336.6000,3339.6000,3339.8000,3340.0000,3340.2000,3341.8000,3,1,1,1,2,1,2,1,1,1
SF,IH2012,2020-10-21 09:30:22.800,3339.8000,32906,-3,225538920.000,3,0,3,双平,S,3339.6000,3338.2000,3337.0000,3336.8000,3336.6000,3340.0000,3340.2000,3341.8000,3342.6000,3344.4000,1,1,2,1,2,1,1,1,2,1
SF,IH2012,2020-10-21 09:30:23.300,3340.0000,32903,-3,229546860.000,4,0,4,多平,S,3340.0000,3337.0000,3336.8000,3336.6000,3336.4000,3341.8000,3342.6000,3344.4000,3344.8000,3345.0000,1,2,1,2,2,1,2,1,1,1
SF,IH2012,2020-10-21 09:30:23.800,3341.6000,32902,-1,231551340.000,2,0,2,多平,S,3340.2000,3339.6000,3337.8000,3337.0000,3336.8000,3341.6000,3341.8000,3342.6000,3344.4000,3344.8000,1,1,1,1,1,2,1,2,1,1
SF,IH2012,2020-10-21 09:30:24.300,3339.6000,32901,-1,233555280.000,2,0,2,多平,S,3337.8000,3337.0000,3336.8000,3336.6000,3336.4000,3341.0000,3341.6000,3341.8000,3342.6000,3344.4000,1,1,1,4,2,1,2,1,2,1
SF,IH2012,2020-10-21 09:30:24.800,3339.6000,32899,-2,235559400.000,2,0,2,双平,S,3339.6000,3338.2000,3338.0000,3337.8000,3337.0000,3341.0000,3341.6000,3341.8000,3342.6000,3344.4000,1,2,11,3,1,1,2,1,2,1
SF,IH2012,2020-10-21 09:30:25.300,3339.6000,32899,0,235559400.000,0,-,-,-,-,3339.8000,3338.2000,3338.0000,3337.8000,3337.0000,3340.4000,3341.6000,3341.8000,3342.6000,3344.0000,1,2,7,3,1,1,2,1,2,1
SF,IH2012,2020-10-21 09:30:25.800,3340.4000,32899,0,236561520.000,1,0,1,多换,S,3340.6000,3340.4000,3339.8000,3338.2000,3338.0000,3341.8000,3342.6000,3344.0000,3344.4000,3344.8000,2,1,1,2,7,1,2,1,1,1
SF,IH2012,2020-10-21 09:30:26.300,3340.6000,32897,-2,238565880.000,2,0,2,双平,S,3340.8000,3340.4000,3338.2000,3338.0000,3337.8000,3341.6000,3342.6000,3344.0000,3344.4000,3344.8000,1,1,2,7,3,1,2,1,1,1
SF,IH2012,2020-10-21 09:30:26.800,3340.6000,32897,0,238565880.000,0,-,-,-,-,3340.8000,3340.4000,3338.2000,3338.0000,3337.8000,3341.6000,3342.6000,3344.0000,3344.4000,3344.8000,1,1,2,7,2,1,2,1,1,1
SF,IH2012,2020-10-21 09:30:27.300,3341.6000,32897,0,239568360.000,1,0,1,多换,S,3340.8000,3340.4000,3338.2000,3338.0000,3337.8000,3342.6000,3344.4000,3345.0000,3345.8000,3346.6000,1,1,2,8,2,2,1,1,1,1
SF,IH2012,2020-10-21 09:30:27.800,3341.6000,32897,0,239568360.000,0,-,-,-,-,3341.6000,3341.0000,3340.8000,3340.4000,3338.2000,3342.6000,3344.4000,3345.0000,3345.8000,3346.6000,1,3,1,1,2,2,1,1,1,1
SF,IH2012,2020-10-21 09:30:28.300,3341.6000,32897,0,239568360.000,0,-,-,-,-,3341.6000,3341.0000,3340.8000,3340.4000,3338.2000,3342.6000,3344.4000,3345.0000,3345.8000,3346.6000,1,2,1,1,2,2,1,1,1,1
SF,IH2012,2020-10-21 09:30:28.800,3341.6000,32897,0,240570840.000,1,0,1,多换,S,3341.0000,3340.8000,3340.4000,3338.2000,3338.0000,3341.6000,3342.6000,3344.4000,3345.0000,3345.8000,2,1,1,2,7,1,2,1,1,1
SF,IH2012,2020-10-21 09:30:29.300,3341.6000,32896,-1,241573320.000,1,0,1,双平,S,3341.2000,3341.0000,3340.4000,3338.2000,3338.0000,3342.6000,3344.4000,3345.0000,3345.8000,3346.6000,2,1,1,2,7,2,1,1,1,1
SF,IH2012,2020-10-21 09:30:29.800,3342.6000,32893,-3,245584320.000,4,0,4,多平,S,3342.6000,3341.0000,3340.4000,3338.2000,3338.0000,3344.4000,3345.0000,3345.8000,3346.6000,3347.0000,3,1,1,2,7,1,1,1,1,5
SF,IH2012,2020-10-21 09:30:30.300,3342.6000,32888,-5,250598220.000,5,0,5,双平,S,3340.4000,3338.2000,3338.0000,3337.8000,3337.0000,3342.0000,3342.2000,3342.4000,3342.6000,3343.0000,1,2,6,1,1,1,1,1,1,2
SF,IH2012,2020-10-21 09:30:30.800,3340.6000,32888,0,251600400.000,1,0,1,多换,S,3340.6000,3340.4000,3338.2000,3338.0000,3337.8000,3341.8000,3342.0000,3342.4000,3343.2000,3343.8000,1,1,2,6,1,2,1,1,1,1
SF,IH2012,2020-10-21 09:30:31.300,3340.6000,32888,0,251600400.000,0,-,-,-,-,3340.4000,3338.2000,3338.0000,3337.8000,3337.0000,3341.8000,3342.0000,3342.4000,3343.2000,3343.8000,1,2,6,1,3,1,1,1,1,1
SF,IH2012,2020-10-21 09:30:31.800,3341.8000,32888,0,252602940.000,1,0,1,多换,S,3341.6000,3340.4000,3338.2000,3338.0000,3337.8000,3342.0000,3342.4000,3343.2000,3343.8000,3344.0000,1,1,2,6,1,1,1,1,1,4
SF,IH2012,2020-10-21 09:30:32.300,3341.6000,32888,0,254607900.000,2,1,1,多换,S,3340.4000,3338.2000,3338.0000,3337.8000,3337.0000,3341.6000,3341.8000,3342.0000,3342.4000,3343.2000,1,2,6,1,3,2,1,1,1,1
SF,IH2012,2020-10-21 09:30:32.800,3341.6000,32888,0,254607900.000,0,-,-,-,-,3340.4000,3340.0000,3338.2000,3338.0000,3337.8000,3341.2000,3341.6000,3341.8000,3342.0000,3342.4000,1,1,2,6,1,1,1,1,1,1
SF,IH2012,2020-10-21 09:30:33.300,3341.6000,32888,0,254607900.000,0,-,-,-,-,3340.4000,3340.0000,3338.2000,3338.0000,3337.8000,3341.0000,3341.2000,3341.6000,3341.8000,3342.0000,1,1,2,6,1,2,1,1,1,1
SF,IH2012,2020-10-21 09:30:33.800,3340.0000,32886,-2,256612020.000,2,0,2,双平,S,3338.2000,3338.0000,3337.8000,3337.0000,3336.8000,3340.4000,3340.8000,3341.0000,3341.2000,3341.6000,2,6,1,3,3,1,2,2,1,3
SF,IH2012,2020-10-21 09:30:34.300,3338.4000,32885,-1,257613540.000,1,0,1,双平,S,3338.4000,3338.2000,3338.0000,3337.8000,3337.0000,3340.2000,3341.0000,3341.2000,3341.6000,3342.0000,1,4,2,1,3,2,1,1,3,1
SF,IH2012,2020-10-21 09:30:34.800,3338.4000,32885,0,257613540.000,0,-,-,-,-,3338.6000,3338.0000,3337.0000,3336.8000,3336.6000,3340.0000,3340.2000,3341.0000,3341.2000,3341.6000,2,2,3,3,3,1,2,1,1,4
SF,IH2012,2020-10-21 09:30:35.300,3338.4000,32885,0,257613540.000,0,-,-,-,-,3338.6000,3338.0000,3337.0000,3336.8000,3336.6000,3340.0000,3340.2000,3341.0000,3341.2000,3341.6000,2,2,3,3,3,2,3,1,1,4
SF,IH2012,2020-10-21 09:30:35.800,3338.4000,32885,0,257613540.000,0,-,-,-,-,3338.0000,3337.4000,3337.0000,3336.8000,3336.6000,3338.2000,3340.0000,3340.2000,3341.0000,3341.2000,2,1,3,3,3,1,2,3,1,1
SF,IH2012,2020-10-21 09:30:36.300,3340.0000,32884,-1,260618460.000,3,1,2,多平,S,3338.4000,3338.2000,3338.0000,3337.4000,3337.0000,3340.2000,3341.0000,3341.6000,3342.0000,3343.8000,2,4,5,1,3,2,1,3,3,2
SF,IH2012,2020-10-21 09:30:36.800,3340.0000,32884,0,260618460.000,0,-,-,-,-,3338.4000,3338.2000,3338.0000,3337.4000,3337.0000,3339.4000,3340.0000,3340.2000,3341.0000,3341.6000,1,3,2,1,3,1,4,3,1,2
SF,IH2012,2020-10-21 09:30:37.300,3338.2000,32881,-3,264624360.000,4,0,4,多平,S,3338.0000,3337.4000,3337.0000,3336.8000,3336.6000,3338.8000,3339.2000,3339.4000,3340.0000,3340.2000,2,1,3,3,2,2,1,1,2,3
SF,IH2012,2020-10-21 09:30:37.800,3338.0000,32879,-2,266627160.000,2,0,2,双平,S,3337.0000,3336.8000,3336.6000,3336.2000,3335.4000,3338.6000,3339.4000,3340.0000,3340.2000,3341.0000,3,3,2,1,1,1,1,2,3,1
SF,IH2012,2020-10-21 09:30:38.300,3338.0000,32879,0,266627160.000,0,-,-,-,-,3337.0000,3336.8000,3336.6000,3336.2000,3335.4000,3338.4000,3339.4000,3340.0000,3340.2000,3341.0000,2,2,1,1,1,3,1,2,3,1
SF,IH2012,2020-10-21 09:30:38.800,3338.0000,32879,0,266627160.000,0,-,-,-,-,3337.0000,3336.8000,3336.6000,3336.2000,3335.4000,3338.4000,3339.4000,3340.0000,3340.2000,3341.0000,2,2,1,1,1,5,1,2,3,1
SF,IH2012,2020-10-21 09:30:39.300,3338.0000,32879,0,266627160.000,0,-,-,-,-,3337.0000,3336.8000,3336.6000,3335.4000,3335.0000,3338.0000,3338.2000,3338.4000,3339.4000,3340.0000,2,2,1,1,5,1,1,5,1,2
SF,IH2012,2020-10-21 09:30:39.800,3338.0000,32879,0,266627160.000,0,-,-,-,-,3337.0000,3336.8000,3336.6000,3335.4000,3335.0000,3337.8000,3338.0000,3338.4000,3339.4000,3340.2000,2,2,1,1,5,1,2,5,1,2
SF,IH2012,2020-10-21 09:30:40.300,3337.8000,32878,-1,267628500.000,1,0,1,双平,S,3337.0000,3336.8000,3336.6000,3335.4000,3335.0000,3337.2000,3337.8000,3338.0000,3338.4000,3339.4000,2,2,1,1,5,1,1,2,5,1
SF,IH2012,2020-10-21 09:30:40.800,3337.8000,32878,0,267628500.000,0,-,-,-,-,3337.0000,3336.8000,3336.6000,3335.4000,3335.0000,3337.2000,3337.8000,3338.0000,3338.4000,3339.4000,2,2,1,1,5,1,1,2,5,1
SF,IH2012,2020-10-21 09:30:41.300,3337.2000,32878,0,269630760.000,2,1,1,多换,S,3337.0000,3336.8000,3336.6000,3335.4000,3335.0000,3337.8000,3338.0000,3338.4000,3339.4000,3340.2000,1,2,1,1,5,1,2,5,1,2
SF,IH2012,2020-10-21 09:30:41.800,3337.2000,32878,0,269630760.000,0,-,-,-,-,3337.0000,3336.8000,3336.6000,3335.4000,3335.0000,3337.8000,3338.0000,3338.4000,3339.4000,3340.2000,1,2,1,1,5,1,1,5,1,1
SF,IH2012,2020-10-21 09:30:42.300,3337.2000,32878,0,269630760.000,0,-,-,-,-,3337.0000,3336.8000,3336.6000,3335.4000,3335.0000,3337.8000,3338.0000,3338.4000,3339.4000,3340.2000,1,2,1,1,5,2,1,5,1,1
SF,IH2012,2020-10-21 09:30:42.800,3337.2000,32878,0,269630760.000,0,-,-,-,-,3337.0000,3336.8000,3336.6000,3335.4000,3335.0000,3337.8000,3338.0000,3338.4000,3339.0000,3339.4000,2,2,1,1,5,1,1,5,1,1
SF,IH2012,2020-10-21 09:30:43.300,3337.8000,32879,1,271633200.000,2,1,1,空开,S,3337.8000,3337.0000,3336.8000,3336.6000,3335.4000,3338.0000,3338.4000,3339.0000,3339.4000,3340.2000,4,1,2,1,1,1,5,1,1,1
SF,IH2012,2020-10-21 09:30:43.800,3337.0000,32875,-4,280645020.000,9,2,7,多平,S,3336.8000,3336.6000,3335.6000,3335.4000,3335.0000,3338.0000,3338.4000,3339.0000,3339.4000,3340.2000,2,1,1,1,6,1,5,1,1,1
SF,IH2012,2020-10-21 09:30:44.300,3338.0000,32874,-1,281646420.000,1,0,1,双平,S,3336.8000,3336.6000,3335.6000,3335.4000,3335.0000,3338.4000,3339.0000,3339.4000,3340.2000,3340.4000,2,1,1,1,6,5,1,1,1,1
SF,IH2012,2020-10-21 09:30:45.300,3338.0000,32874,0,281646420.000,0,-,-,-,-,3337.0000,3336.8000,3336.6000,3335.6000,3335.4000,3338.4000,3339.0000,3339.4000,3340.2000,3340.4000,1,2,1,1,1,5,1,1,1,1
SF,IH2012,2020-10-21 09:30:45.800,3338.2000,32873,-1,282647880.000,1,0,1,双平,S,3337.2000,3337.0000,3336.8000,3336.6000,3335.6000,3338.4000,3339.4000,3340.2000,3340.4000,3341.0000,1,1,2,1,1,6,1,1,1,1
SF,IH2012,2020-10-21 09:30:46.300,3338.2000,32873,0,282647880.000,0,-,-,-,-,3337.4000,3337.2000,3337.0000,3336.8000,3336.6000,3338.4000,3339.4000,3340.2000,3340.4000,3341.0000,1,4,1,2,1,6,1,1,1,1
SF,IH2012,2020-10-21 09:30:46.800,3338.4000,32874,1,287655480.000,5,3,2,空开,S,3338.4000,3337.6000,3337.4000,3337.2000,3337.0000,3339.4000,3340.2000,3340.4000,3341.0000,3341.6000,1,1,2,2,1,1,1,1,1,2
SF,IH2012,2020-10-21 09:30:47.300,3338.4000,32874,0,287655480.000,0,-,-,-,-,3338.4000,3337.6000,3337.4000,3337.2000,3337.0000,3339.2000,3339.4000,3340.2000,3340.4000,3341.0000,1,1,2,2,1,2,2,1,1,1
SF,IH2012,2020-10-21 09:30:47.800,3338.4000,32874,0,287655480.000,0,-,-,-,-,3338.4000,3337.6000,3337.4000,3337.2000,3337.0000,3339.2000,3339.4000,3340.2000,3340.4000,3341.0000,1,1,1,2,1,3,2,1,1,1
SF,IH2012,2020-10-21 09:30:48.300,3338.4000,32874,0,287655480.000,0,-,-,-,-,3338.4000,3337.6000,3337.4000,3337.0000,3336.8000,3339.2000,3339.4000,3340.2000,3340.4000,3341.0000,1,1,1,1,2,1,2,1,1,1
SF,IH2012,2020-10-21 09:30:48.800,3338.4000,32874,0,287655480.000,0,-,-,-,-,3338.4000,3337.6000,3337.4000,3337.0000,3336.8000,3339.2000,3339.4000,3340.2000,3340.4000,3341.0000,1,1,1,1,2,1,2,1,1,1
SF,IH2012,2020-10-21 09:30:49.300,3338.4000,32874,0,287655480.000,0,-,-,-,-,3338.4000,3337.6000,3337.4000,3337.0000,3336.8000,3339.0000,3339.2000,3339.4000,3340.2000,3340.4000,1,1,1,1,2,1,1,1,1,1
SF,IH2012,2020-10-21 09:30:49.800,3338.4000,32874,0,287655480.000,0,-,-,-,-,3338.4000,3337.6000,3337.4000,3337.0000,3336.8000,3339.0000,3339.2000,3339.4000,3340.2000,3340.4000,1,1,1,1,2,1,1,1,1,1
SF,IH2012,2020-10-21 09:30:50.300,3339.0000,32874,0,288657180.000,1,0,1,多换,S,3337.6000,3337.4000,3337.0000,3336.8000,3336.6000,3339.2000,3339.4000,3340.2000,3340.4000,3341.0000,1,1,1,2,1,1,1,1,1,1
SF,IH2012,2020-10-21 09:30:50.800,3339.0000,32874,0,288657180.000,0,-,-,-,-,3337.8000,3337.6000,3337.4000,3337.0000,3336.8000,3339.0000,3339.4000,3340.2000,3340.4000,3341.0000,1,1,1,1,2,1,1,1,1,1
SF,IH2012,2020-10-21 09:30:51.300,3339.0000,32874,0,288657180.000,0,-,-,-,-,3337.8000,3337.6000,3337.4000,3337.0000,3336.8000,3338.8000,3339.4000,3340.2000,3340.4000,3341.0000,1,1,1,1,2,1,1,1,1,1
SF,IH2012,2020-10-21 09:30:51.800,3339.0000,32874,0,288657180.000,0,-,-,-,-,3337.8000,3337.6000,3337.0000,3336.8000,3336.6000,3338.8000,3339.4000,3340.2000,3340.4000,3341.0000,2,1,1,2,1,1,1,1,1,1
SF,IH2012,2020-10-21 09:30:52.300,3339.0000,32874,0,288657180.000,0,-,-,-,-,3338.4000,3337.8000,3337.6000,3337.0000,3336.8000,3338.8000,3339.4000,3340.2000,3340.4000,3341.0000,1,2,1,1,2,1,1,1,1,1
SF,IH2012,2020-10-21 09:30:52.800,3338.4000,32873,-1,289658700.000,1,0,1,双平,S,3337.8000,3337.6000,3337.0000,3336.8000,3336.6000,3338.8000,3339.4000,3340.2000,3340.4000,3341.0000,2,1,1,2,1,1,1,1,1,1
SF,IH2012,2020-10-21 09:30:53.300,3338.4000,32873,0,289658700.000,0,-,-,-,-,3337.8000,3337.6000,3337.0000,3336.8000,3336.6000,3338.6000,3338.8000,3339.4000,3340.2000,3340.4000,1,1,1,2,1,1,1,1,1,1
SF,IH2012,2020-10-21 09:30:53.800,3338.4000,32873,0,289658700.000,0,-,-,-,-,3337.6000,3337.0000,3336.8000,3336.6000,3335.6000,3338.4000,3338.6000,3338.8000,3339.4000,3340.2000,1,1,2,1,1,1,1,1,1,1
SF,IH2012,2020-10-21 09:30:54.300,3338.4000,32873,0,289658700.000,0,-,-,-,-,3337.6000,3337.0000,3336.8000,3336.6000,3335.6000,3338.4000,3338.6000,3338.8000,3339.4000,3340.2000,1,1,2,1,1,2,1,1,1,1
SF,IH2012,2020-10-21 09:30:54.800,3338.4000,32873,0,289658700.000,0,-,-,-,-,3338.0000,3337.6000,3337.0000,3336.8000,3336.6000,3338.4000,3338.6000,3338.8000,3339.4000,3340.2000,5,1,1,2,1,2,1,1,1,1
SF,IH2012,2020-10-21 09:30:55.300,3338.4000,32872,-1,292663320.000,3,1,2,多平,S,3338.4000,3338.0000,3337.6000,3337.0000,3336.8000,3338.8000,3339.4000,3340.2000,3340.4000,3341.0000,1,5,1,1,2,1,1,1,1,1
SF,IH2012,2020-10-21 09:30:55.800,3338.8000,32872,0,293664960.000,1,0,1,多换,S,3338.4000,3338.2000,3338.0000,3337.6000,3337.0000,3339.4000,3340.2000,3340.4000,3341.0000,3342.0000,1,1,5,1,1,1,1,1,1,3
SF,IH2012,2020-10-21 09:30:56.300,3338.2000,32870,-2,295667940.000,2,0,2,双平,S,3338.0000,3337.6000,3337.0000,3336.8000,3336.6000,3339.4000,3340.2000,3340.4000,3341.0000,3342.0000,5,1,1,2,1,3,1,1,1,3
SF,IH2012,2020-10-21 09:30:56.800,3338.2000,32870,0,295667940.000,0,-,-,-,-,3338.2000,3338.0000,3337.6000,3337.0000,3336.8000,3339.2000,3339.4000,3340.2000,3340.4000,3341.0000,1,5,1,1,2,1,3,1,1,1
SF,IH2012,2020-10-21 09:30:57.300,3338.2000,32870,0,295667940.000,0,-,-,-,-,3338.2000,3338.0000,3337.6000,3337.0000,3336.8000,3338.8000,3339.2000,3339.4000,3340.2000,3340.4000,1,5,1,1,2,1,2,1,1,1
SF,IH2012,2020-10-21 09:30:57.800,3338.8000,32869,-1,296669580.000,1,0,1,双平,S,3338.8000,3338.2000,3338.0000,3337.6000,3337.0000,3339.2000,3339.4000,3340.2000,3340.4000,3341.0000,1,1,5,1,1,2,1,1,1,1
SF,IH2012,2020-10-21 09:30:58.300,3338.8000,32869,0,296669580.000,0,-,-,-,-,3338.2000,3338.0000,3337.6000,3337.0000,3336.6000,3338.6000,3339.2000,3339.4000,3340.2000,3340.4000,1,5,1,1,1,1,3,1,1,1
SF,IH2012,2020-10-21 09:30:58.800,3338.8000,32869,0,296669580.000,0,-,-,-,-,3338.0000,3337.6000,3337.0000,3336.6000,3335.6000,3338.2000,3338.6000,3339.2000,3339.4000,3340.2000,5,1,1,2,1,1,1,1,1,1
SF,IH2012,2020-10-21 09:30:59.300,3338.6000,32867,-2,298672620.000,2,0,2,双平,S,3338.4000,3338.0000,3337.6000,3337.0000,3336.6000,3339.2000,3339.4000,3340.2000,3340.4000,3341.0000,2,5,1,1,2,1,1,1,1,1
SF,IH2012,2020-10-21 09:30:59.800,3338.6000,32867,0,298672620.000,0,-,-,-,-,3338.4000,3338.0000,3337.6000,3337.0000,3336.6000,3339.2000,3339.4000,3340.0000,3340.2000,3340.4000,2,5,1,1,2,1,1,1,1,1
SF,IH2012,2020-10-21 09:31:00.300,3338.6000,32867,0,298672620.000,0,-,-,-,-,3338.4000,3338.0000,3337.6000,3337.0000,3336.6000,3339.2000,3339.4000,3340.0000,3340.2000,3340.4000,2,5,1,1,2,1,1,1,1,1
SF,IH2012,2020-10-21 09:31:00.800,3338.6000,32867,0,298672620.000,0,-,-,-,-,3338.4000,3338.0000,3337.6000,3337.0000,3336.6000,3339.0000,3339.2000,3339.4000,3340.0000,3340.2000,2,5,1,1,2,1,1,1,1,1
SF,IH2012,2020-10-21 09:31:01.300,3338.0000,32867,0,303679620.000,5,2,3,多换,S,3337.6000,3337.0000,3336.6000,3335.6000,3335.4000,3339.0000,3339.2000,3339.4000,3340.0000,3340.2000,1,1,2,1,1,1,1,1,1,1
SF,IH2012,2020-10-21 09:31:01.800,3338.0000,32867,0,303679620.000,0,-,-,-,-,3337.8000,3337.6000,3337.0000,3336.6000,3335.6000,3338.8000,3339.0000,3339.2000,3339.4000,3340.0000,1,1,11,2,1,1,1,1,1,1
SF,IH2012,2020-10-21 09:31:02.300,3338.0000,32867,0,303679620.000,0,-,-,-,-,3338.2000,3337.8000,3337.6000,3337.0000,3336.6000,3338.8000,3339.0000,3339.2000,3339.4000,3340.0000,2,1,1,11,2,1,1,1,1,1
SF,IH2012,2020-10-21 09:31:02.800,3338.2000,32867,0,305682540.000,2,1,1,多换,S,3337.6000,3337.0000,3336.6000,3335.6000,3335.4000,3338.0000,3338.2000,3338.8000,3339.0000,3339.2000,1,11,2,1,1,1,1,3,1,1
SF,IH2012,2020-10-21 09:31:03.300,3338.2000,32866,-1,306684000.000,1,0,1,双平,S,3337.0000,3336.6000,3335.6000,3335.4000,3335.0000,3337.8000,3338.0000,3338.2000,3338.8000,3339.0000,11,2,1,1,5,2,1,1,3,2
SF,IH2012,2020-10-21 09:31:03.800,3338.2000,32866,0,306684000.000,0,-,-,-,-,3337.0000,3336.6000,3335.6000,3335.4000,3335.0000,3337.8000,3338.0000,3338.2000,3338.4000,3338.8000,12,2,1,1,5,2,1,1,1,3
SF,IH2012,2020-10-21 09:31:04.300,3338.2000,32866,0,306684000.000,0,-,-,-,-,3337.0000,3336.6000,3335.6000,3335.4000,3335.0000,3337.6000,3337.8000,3338.0000,3338.2000,3338.4000,12,2,1,1,5,2,2,1,1,1
SF,IH2012,2020-10-21 09:31:04.800,3338.2000,32866,0,306684000.000,0,-,-,-,-,3337.0000,3336.6000,3335.6000,3335.4000,3335.0000,3337.4000,3337.6000,3338.0000,3338.2000,3338.4000,12,2,1,1,5,2,3,1,1,1
SF,IH2012,2020-10-21 09:31:05.300,3337.4000,32862,-4,310688940.000,4,0,4,双平,S,3337.0000,3336.6000,3335.6000,3335.4000,3335.0000,3337.6000,3338.0000,3338.2000,3338.4000,3338.8000,13,2,1,1,4,1,1,1,1,2
SF,IH2012,2020-10-21 09:31:05.800,3337.4000,32862,0,310688940.000,0,-,-,-,-,3337.2000,3337.0000,3336.6000,3335.6000,3335.4000,3338.0000,3338.2000,3338.4000,3339.0000,3339.2000,1,13,2,1,1,1,1,1,1,1
SF,IH2012,2020-10-21 09:31:06.300,3337.4000,32862,0,310688940.000,0,-,-,-,-,3337.2000,3337.0000,3336.6000,3335.6000,3335.4000,3338.0000,3338.2000,3338.4000,3339.0000,3339.2000,1,13,2,1,1,1,2,1,1,1
SF,IH2012,2020-10-21 09:31:06.800,3337.2000,32861,-1,311690100.000,1,0,1,双平,S,3337.0000,3336.6000,3335.6000,3335.4000,3335.0000,3337.8000,3338.0000,3338.2000,3338.4000,3339.0000,13,2,1,1,4,1,3,3,1,1
SF,IH2012,2020-10-21 09:31:07.300,3337.2000,32861,0,311690100.000,0,-,-,-,-,3337.0000,3336.6000,3335.6000,3335.4000,3335.0000,3337.8000,3338.0000,3338.2000,3338.4000,3339.0000,13,2,1,1,4,1,1,3,1,1
SF,IH2012,2020-10-21 09:31:07.800,3337.8000,32861,0,312691440.000,1,0,1,多换,S,3337.0000,3336.6000,3335.6000,3335.4000,3335.0000,3338.0000,3338.2000,3338.4000,3339.0000,3339.2000,13,2,1,1,4,1,3,1,1,1
SF,IH2012,2020-10-21 09:31:08.300,3337.8000,32861,0,312691440.000,0,-,-,-,-,3337.2000,3337.0000,3336.6000,3335.6000,3335.4000,3337.6000,3337.8000,3338.0000,3338.2000,3338.4000,1,12,2,1,1,2,1,1,3,1
SF,IH2012,2020-10-21 09:31:08.800,3337.8000,32861,0,312691440.000,0,-,-,-,-,3337.2000,3337.0000,3336.6000,3335.6000,3335.4000,3337.6000,3338.0000,3338.2000,3338.4000,3339.0000,1,12,2,1,1,2,1,3,1,1
SF,IH2012,2020-10-21 09:31:09.800,3337.0000,32856,-5,317697000.000,5,0,5,双平,S,3337.0000,3336.6000,3335.6000,3335.4000,3335.0000,3337.2000,3337.6000,3338.0000,3338.2000,3338.4000,8,2,1,1,4,1,5,1,3,1
SF,IH2012,2020-10-21 09:31:10.300,3337.0000,32853,-3,320700300.000,3,0,3,双平,S,3337.0000,3336.6000,3335.6000,3335.4000,3335.0000,3337.2000,3337.6000,3338.0000,3338.2000,3338.4000,5,2,1,1,4,1,4,1,3,1
SF,IH2012,2020-10-21 09:31:10.800,3336.6000,32851,-2,326706780.000,6,2,4,多平,S,3336.6000,3335.6000,3335.4000,3335.0000,3334.4000,3337.2000,3337.6000,3338.0000,3338.2000,3338.4000,1,1,1,4,1,2,3,1,2,1
SF,IH2012,2020-10-21 09:31:11.300,3336.6000,32851,0,326706780.000,0,-,-,-,-,3336.6000,3335.6000,3335.4000,3335.0000,3334.4000,3337.0000,3337.2000,3337.4000,3337.6000,3338.0000,1,1,1,4,1,1,1,1,3,1
SF,IH2012,2020-10-21 09:31:12.300,3337.0000,32850,-1,327707880.000,1,0,1,双平,S,3336.6000,3335.6000,3335.4000,3335.0000,3334.4000,3337.2000,3337.4000,3337.6000,3338.0000,3338.2000,1,1,1,4,1,1,1,3,1,2
SF,IH2012,2020-10-21 09:31:12.800,3336.8000,32849,-1,328708920.000,1,0,1,双平,S,3336.6000,3335.6000,3335.4000,3335.0000,3334.4000,3337.4000,3337.6000,3338.0000,3338.2000,3338.4000,1,1,1,4,1,1,3,1,2,1
SF,IH2012,2020-10-21 09:31:13.300,3336.8000,32849,0,328708920.000,0,-,-,-,-,3336.6000,3335.6000,3335.4000,3335.0000,3334.4000,3337.4000,3337.6000,3338.0000,3338.2000,3338.4000,2,1,1,4,1,1,3,1,2,1
SF,IH2012,2020-10-21 09:31:13.800,3336.6000,32849,0,329709900.000,1,0,1,多换,S,3336.6000,3335.6000,3335.4000,3335.0000,3334.4000,3337.4000,3337.6000,3338.0000,3338.2000,3338.4000,1,1,1,3,1,1,3,1,2,1
SF,IH2012,2020-10-21 09:31:14.300,3336.6000,32849,0,329709900.000,0,-,-,-,-,3335.6000,3335.4000,3335.0000,3334.4000,3334.0000,3336.6000,3337.2000,3337.4000,3337.6000,3338.0000,1,1,3,1,1,1,1,1,1,1
SF,IH2012,2020-10-21 09:31:14.800,3337.2000,32848,-1,331712040.000,2,0,2,多平,S,3336.0000,3335.8000,3335.6000,3335.4000,3335.0000,3337.4000,3337.6000,3338.0000,3338.2000,3338.4000,1,6,1,1,3,1,1,1,2,1
SF,IH2012,2020-10-21 09:31:15.300,3337.2000,32848,0,331712040.000,0,-,-,-,-,3336.2000,3335.8000,3335.6000,3335.4000,3335.0000,3337.2000,3337.4000,3337.6000,3338.0000,3338.2000,2,3,1,1,3,1,1,1,1,2
SF,IH2012,2020-10-21 09:31:15.800,3337.2000,32848,0,331712040.000,0,-,-,-,-,3336.4000,3336.2000,3335.8000,3335.6000,3335.4000,3336.6000,3337.2000,3337.4000,3337.6000,3338.0000,1,2,2,1,1,1,1,1,1,1
SF,IH2012,2020-10-21 09:31:16.300,3336.6000,32847,-1,332713020.000,1,0,1,双平,S,3336.6000,3336.4000,3336.2000,3335.6000,3335.4000,3337.2000,3337.4000,3337.6000,3338.0000,3338.2000,3,1,3,1,1,1,1,1,1,2
SF,IH2012,2020-10-21 09:31:16.800,3336.6000,32847,0,332713020.000,0,-,-,-,-,3336.6000,3336.4000,3336.2000,3335.8000,3335.6000,3337.2000,3337.4000,3337.6000,3338.0000,3338.2000,2,1,3,1,1,1,1,1,1,2
SF,IH2012,2020-10-21 09:31:17.300,3336.6000,32847,0,332713020.000,0,-,-,-,-,3336.6000,3336.4000,3336.2000,3335.8000,3335.6000,3337.2000,3337.4000,3337.6000,3338.0000,3338.2000,2,1,3,1,1,1,1,1,1,2
SF,IH2012,2020-10-21 09:31:18.300,3336.6000,32846,-1,333714000.000,1,0,1,双平,S,3337.0000,3336.6000,3336.4000,3336.2000,3335.8000,3337.2000,3337.4000,3337.6000,3338.0000,3338.2000,1,1,1,3,1,1,1,1,1,2
SF,IH2012,2020-10-21 09:31:18.800,3337.2000,32844,-2,335716260.000,2,0,2,双平,S,3337.2000,3336.6000,3336.4000,3336.2000,3335.8000,3337.4000,3337.6000,3338.0000,3338.2000,3339.2000,1,1,1,3,1,1,1,1,2,1
SF,IH2012,2020-10-21 09:31:19.300,3337.2000,32844,0,336717420.000,1,0,1,多换,S,3336.6000,3336.4000,3336.2000,3335.8000,3335.6000,3337.0000,3337.4000,3337.6000,3338.0000,3338.2000,1,1,3,1,1,1,1,1,1,2
SF,IH2012,2020-10-21 09:31:19.800,3337.2000,32844,0,336717420.000,0,-,-,-,-,3336.4000,3336.2000,3335.8000,3335.6000,3335.4000,3337.0000,3337.4000,3337.6000,3338.0000,3338.2000,1,2,1,1,1,1,1,1,1,2
SF,IH2012,2020-10-21 09:31:20.300,3337.2000,32844,0,336717420.000,0,-,-,-,-,3336.2000,3335.8000,3335.6000,3335.4000,3335.0000,3337.0000,3337.4000,3337.6000,3338.0000,3338.2000,1,1,1,1,4,1,1,1,1,2
SF,IH2012,2020-10-21 09:31:20.800,3336.2000,32843,-1,337718280.000,1,0,1,双平,S,3335.8000,3335.6000,3335.4000,3335.0000,3334.4000,3337.0000,3337.4000,3337.6000,3338.0000,3338.2000,1,1,1,4,2,1,1,1,1,2
SF,IH2012,2020-10-21 09:31:21.300,3336.2000,32843,0,337718280.000,0,-,-,-,-,3336.0000,3335.8000,3335.6000,3335.4000,3335.0000,3336.8000,3337.0000,3337.4000,3337.6000,3338.0000,2,1,1,1,4,4,1,1,1,1
SF,IH2012,2020-10-21 09:31:21.800,3335.6000,32842,-1,339719700.000,2,0,2,多平,S,3335.4000,3335.0000,3334.4000,3334.0000,3333.8000,3336.8000,3337.0000,3337.4000,3337.6000,3338.0000,1,4,2,1,1,1,1,1,1,1
SF,IH2012,2020-10-21 09:31:22.300,3335.6000,32842,0,339719700.000,0,-,-,-,-,3335.4000,3335.0000,3334.4000,3334.0000,3333.8000,3336.6000,3336.8000,3337.4000,3337.6000,3338.0000,2,4,2,1,1,6,2,1,1,1
SF,IH2012,2020-10-21 09:31:22.800,3336.4000,32841,-1,340720620.000,1,0,1,双平,S,3335.6000,3335.4000,3335.0000,3334.4000,3334.0000,3336.6000,3337.4000,3337.6000,3338.0000,3338.2000,2,2,4,2,1,5,1,1,1,2
SF,IH2012,2020-10-21 09:31:23.300,3336.4000,32841,0,340720620.000,0,-,-,-,-,3335.8000,3335.6000,3335.4000,3335.0000,3334.4000,3336.6000,3337.4000,3337.6000,3338.0000,3338.2000,1,2,2,4,2,4,1,1,1,2
SF,IH2012,2020-10-21 09:31:23.800,3336.4000,32841,0,340720620.000,0,-,-,-,-,3335.8000,3335.6000,3335.4000,3335.0000,3334.4000,3336.6000,3337.4000,3337.6000,3338.0000,3338.2000,1,2,2,4,2,1,1,1,1,2
SF,IH2012,2020-10-21 09:31:24.300,3336.4000,32841,0,340720620.000,0,-,-,-,-,3335.8000,3335.6000,3335.4000,3335.0000,3334.4000,3336.6000,3337.4000,3337.6000,3338.0000,3338.2000,1,2,2,4,2,1,1,1,1,2
SF,IH2012,2020-10-21 09:31:24.800,3335.6000,32839,-2,343722780.000,3,0,3,多平,S,3335.4000,3335.0000,3334.4000,3334.0000,3333.8000,3337.4000,3337.6000,3338.0000,3338.2000,3338.8000,2,4,2,1,1,1,1,1,2,1
SF,IH2012,2020-10-21 09:31:25.300,3335.6000,32839,0,343722780.000,0,-,-,-,-,3335.6000,3335.4000,3335.0000,3334.4000,3334.0000,3337.0000,3337.2000,3337.4000,3337.6000,3338.0000,2,2,4,2,1,5,17,5,1,1
SF,IH2012,2020-10-21 09:31:25.800,3335.6000,32839,0,343722780.000,0,-,-,-,-,3335.6000,3335.4000,3335.0000,3334.4000,3334.0000,3336.8000,3337.0000,3337.2000,3337.4000,3337.6000,2,2,4,2,1,3,4,14,3,1
SF,IH2012,2020-10-21 09:31:26.300,3335.6000,32839,0,343722780.000,0,-,-,-,-,3335.6000,3335.4000,3335.0000,3334.4000,3334.0000,3336.6000,3336.8000,3337.0000,3337.2000,3337.4000,1,2,4,2,1,1,2,1,14,3
SF,IH2012,2020-10-21 09:31:26.800,3335.6000,32839,0,343722780.000,0,-,-,-,-,3335.6000,3335.4000,3335.0000,3334.4000,3334.0000,3336.6000,3336.8000,3337.0000,3337.2000,3337.4000,1,2,4,2,1,1,2,1,14,3
SF,IH2012,2020-10-21 09:31:27.300,3335.6000,32839,0,343722780.000,0,-,-,-,-,3335.6000,3335.4000,3335.0000,3334.4000,3334.0000,3336.4000,3336.8000,3337.0000,3337.2000,3337.4000,1,2,4,2,1,1,2,1,14,3
SF,IH2012,2020-10-21 09:31:27.800,3335.6000,32839,0,343722780.000,0,-,-,-,-,3335.6000,3335.4000,3335.0000,3334.4000,3334.0000,3336.4000,3336.8000,3337.0000,3337.2000,3337.4000,1,2,4,2,1,1,2,1,12,2
SF,IH2012,2020-10-21 09:31:28.300,3335.6000,32839,0,343722780.000,0,-,-,-,-,3336.4000,3335.6000,3335.4000,3335.0000,3334.4000,3336.8000,3337.2000,3337.4000,3337.6000,3337.8000,1,2,2,4,2,2,11,2,1,1
SF,IH2012,2020-10-21 09:31:28.800,3336.4000,32838,-1,344723700.000,1,0,1,双平,S,3335.6000,3335.4000,3335.0000,3334.4000,3334.0000,3336.2000,3336.4000,3336.8000,3337.2000,3337.4000,2,2,4,2,1,1,1,2,10,2
SF,IH2012,2020-10-21 09:31:29.300,3335.8000,32837,-1,345724440.000,1,0,1,双平,S,3335.6000,3335.4000,3335.0000,3334.4000,3334.0000,3336.8000,3337.2000,3337.4000,3337.6000,3337.8000,1,2,4,2,1,2,8,1,1,1
SF,IH2012,2020-10-21 09:31:29.800,3335.6000,32836,-1,346725120.000,1,0,1,双平,S,3335.4000,3335.0000,3334.4000,3334.0000,3333.6000,3335.6000,3336.6000,3336.8000,3337.2000,3337.4000,2,4,2,1,1,5,2,2,8,1
SF,IH2012,2020-10-21 09:31:30.300,3335.4000,32831,-5,352729140.000,6,0,6,多平,S,3335.2000,3335.0000,3334.4000,3334.0000,3333.6000,3336.6000,3336.8000,3337.2000,3337.4000,3337.6000,1,4,2,1,1,2,2,6,1,1
SF,IH2012,2020-10-21 09:31:30.800,3335.4000,32831,0,352729140.000,0,-,-,-,-,3335.4000,3335.0000,3334.4000,3334.0000,3333.6000,3336.4000,3336.6000,3336.8000,3337.2000,3337.4000,1,4,2,1,1,3,1,1,6,1
SF,IH2012,2020-10-21 09:31:31.300,3335.0000,32830,-1,353729640.000,1,0,1,双平,S,3335.0000,3334.4000,3334.0000,3333.6000,3333.0000,3336.2000,3336.4000,3336.6000,3337.2000,3337.4000,3,2,1,1,3,1,2,1,4,1
SF,IH2012,2020-10-21 09:31:31.800,3335.0000,32830,0,354730140.000,1,0,1,多换,S,3335.0000,3334.4000,3334.0000,3333.6000,3333.0000,3336.0000,3336.4000,3336.6000,3337.2000,3337.4000,3,2,1,1,3,2,1,1,4,1
SF,IH2012,2020-10-21 09:31:32.300,3335.0000,32830,0,354730140.000,0,-,-,-,-,3335.0000,3334.4000,3334.0000,3333.6000,3333.0000,3336.0000,3336.4000,3336.6000,3337.2000,3337.4000,3,2,1,1,3,2,1,1,4,1
SF,IH2012,2020-10-21 09:31:32.800,3335.0000,32830,0,354730140.000,0,-,-,-,-,3335.2000,3335.0000,3334.4000,3334.0000,3333.6000,3336.0000,3336.4000,3336.6000,3337.2000,3337.4000,1,3,2,1,1,2,1,1,4,1
SF,IH2012,2020-10-21 09:31:33.300,3335.0000,32830,0,354730140.000,0,-,-,-,-,3335.2000,3335.0000,3334.4000,3334.0000,3333.6000,3336.0000,3336.6000,3337.2000,3337.4000,3337.6000,1,3,2,1,1,1,1,4,1,1
SF,IH2012,2020-10-21 09:31:33.800,3335.0000,32830,0,354730140.000,0,-,-,-,-,3335.4000,3335.2000,3335.0000,3334.4000,3334.0000,3336.0000,3336.6000,3337.2000,3337.4000,3337.6000,2,1,3,2,1,1,1,2,1,1
SF,IH2012,2020-10-21 09:31:34.300,3335.0000,32830,0,354730140.000,0,-,-,-,-,3335.2000,3335.0000,3334.4000,3334.0000,3333.6000,3336.0000,3336.6000,3337.2000,3337.4000,3337.6000,1,3,2,1,1,1,1,2,1,1
SF,IH2012,2020-10-21 09:31:34.800,3335.0000,32830,0,354730140.000,0,-,-,-,-,3335.0000,3334.4000,3334.0000,3333.6000,3333.0000,3336.0000,3336.6000,3337.2000,3337.4000,3337.6000,3,2,1,1,3,2,1,2,1,1
SF,IH2012,2020-10-21 09:31:36.300,3335.0000,32830,0,354730140.000,0,-,-,-,-,3335.0000,3334.4000,3334.0000,3333.6000,3333.0000,3336.0000,3336.6000,3337.2000,3337.4000,3337.6000,4,2,1,1,3,2,1,2,1,1
SF,IH2012,2020-10-21 09:31:36.800,3335.0000,32830,0,354730140.000,0,-,-,-,-,3335.0000,3334.4000,3334.0000,3333.6000,3333.0000,3336.0000,3336.6000,3337.2000,3337.4000,3337.6000,4,2,1,1,3,2,1,2,1,1
SF,IH2012,2020-10-21 09:31:37.300,3335.0000,32829,-1,356731140.000,2,0,2,多平,S,3335.0000,3334.4000,3334.0000,3333.6000,3333.0000,3336.0000,3336.6000,3337.2000,3337.4000,3337.6000,2,2,1,1,3,2,1,2,1,1
SF,IH2012,2020-10-21 09:31:37.800,3335.0000,32829,0,356731140.000,0,-,-,-,-,3335.0000,3334.4000,3334.0000,3333.6000,3333.0000,3335.8000,3336.0000,3336.6000,3337.0000,3337.2000,2,2,1,1,3,1,2,1,1,2
SF,IH2012,2020-10-21 09:31:38.300,3335.0000,32829,0,356731140.000,0,-,-,-,-,3335.0000,3334.4000,3334.0000,3333.6000,3333.0000,3335.8000,3336.0000,3336.6000,3337.0000,3337.2000,2,2,1,1,3,2,1,1,1,2
SF,IH2012,2020-10-21 09:31:38.800,3335.0000,32827,-2,359732820.000,3,0,3,多平,S,3334.4000,3334.0000,3333.6000,3333.0000,3332.8000,3335.8000,3336.6000,3337.0000,3337.2000,3337.4000,2,1,1,3,1,2,1,1,2,1
SF,IH2012,2020-10-21 09:31:39.300,3335.0000,32827,0,359732820.000,0,-,-,-,-,3334.6000,3334.4000,3334.0000,3333.6000,3333.0000,3335.6000,3335.8000,3336.6000,3337.0000,3337.2000,3,3,1,1,3,2,2,1,1,2
SF,IH2012,2020-10-21 09:31:39.800,3335.0000,32827,0,359732820.000,0,-,-,-,-,3334.6000,3334.4000,3334.0000,3333.6000,3333.0000,3335.4000,3335.6000,3335.8000,3336.6000,3337.0000,1,3,1,1,3,1,2,1,1,1
SF,IH2012,2020-10-21 09:31:40.300,3335.0000,32827,0,359732820.000,0,-,-,-,-,3334.8000,3334.6000,3334.4000,3334.0000,3333.6000,3335.4000,3335.6000,3335.8000,3336.6000,3337.0000,2,1,3,1,1,1,2,1,1,1
SF,IH2012,2020-10-21 09:31:40.800,3335.0000,32827,0,359732820.000,0,-,-,-,-,3334.8000,3334.6000,3334.4000,3334.0000,3333.6000,3335.4000,3335.6000,3336.6000,3337.0000,3337.2000,2,1,3,1,1,1,2,1,1,2
SF,IH2012,2020-10-21 09:31:41.800,3335.0000,32827,0,359732820.000,0,-,-,-,-,3334.6000,3334.4000,3334.0000,3333.6000,3333.0000,3335.4000,3335.6000,3336.6000,3337.0000,3337.2000,1,3,1,1,3,1,2,1,1,2
SF,IH2012,2020-10-21 09:31:42.300,3335.0000,32827,0,359732820.000,0,-,-,-,-,3334.6000,3334.4000,3334.0000,3333.6000,3333.0000,3335.4000,3335.6000,3336.6000,3337.0000,3337.2000,4,3,1,1,3,1,2,1,1,2
SF,IH2012,2020-10-21 09:31:42.800,3335.0000,32827,0,359732820.000,0,-,-,-,-,3334.6000,3334.4000,3334.0000,3333.6000,3333.0000,3335.4000,3335.6000,3336.6000,3337.0000,3337.2000,4,3,1,1,3,1,2,1,1,2
SF,IH2012,2020-10-21 09:31:43.300,3335.6000,32824,-3,362734800.000,3,0,3,双平,S,3334.8000,3334.6000,3334.4000,3334.0000,3333.6000,3335.0000,3336.6000,3337.0000,3337.2000,3337.4000,1,4,3,1,1,1,1,1,2,1
SF,IH2012,2020-10-21 09:31:43.800,3335.0000,32823,-1,363735300.000,1,0,1,双平,S,3335.0000,3334.8000,3334.4000,3334.0000,3333.6000,3336.6000,3337.0000,3337.2000,3337.4000,3337.6000,4,2,3,1,1,1,1,2,1,1
SF,IH2012,2020-10-21 09:31:44.300,3335.0000,32823,0,363735300.000,0,-,-,-,-,3335.2000,3335.0000,3334.8000,3334.4000,3334.0000,3336.4000,3336.6000,3337.0000,3337.2000,3337.4000,2,3,1,3,1,1,1,1,2,1
SF,IH2012,2020-10-21 09:31:44.800,3335.0000,32823,0,363735300.000,0,-,-,-,-,3335.4000,3335.2000,3335.0000,3334.8000,3334.4000,3336.6000,3337.0000,3337.2000,3337.4000,3337.6000,1,2,3,1,2,1,1,1,1,1
SF,IH2012,2020-10-21 09:31:45.300,3335.0000,32823,0,363735300.000,0,-,-,-,-,3335.6000,3335.4000,3335.2000,3335.0000,3334.8000,3336.6000,3337.0000,3337.2000,3337.4000,3337.6000,1,1,1,3,1,1,1,1,1,1
SF,IH2012,2020-10-21 09:31:45.800,3335.0000,32823,0,363735300.000,0,-,-,-,-,3335.6000,3335.4000,3335.0000,3334.8000,3334.4000,3336.6000,3337.0000,3337.4000,3337.6000,3337.8000,2,1,3,1,2,1,1,1,1,1
SF,IH2012,2020-10-21 09:31:46.800,3335.0000,32823,0,363735300.000,0,-,-,-,-,3335.6000,3335.4000,3335.0000,3334.8000,3334.4000,3336.6000,3337.0000,3337.4000,3337.6000,3337.8000,2,1,8,1,2,1,1,1,1,1
SF,IH2012,2020-10-21 09:31:47.300,3335.0000,32823,0,363735300.000,0,-,-,-,-,3335.8000,3335.6000,3335.0000,3334.8000,3334.4000,3336.6000,3337.0000,3337.6000,3337.8000,3338.0000,1,2,9,1,2,1,1,1,1,5
SF,IH2012,2020-10-21 09:31:47.800,3335.6000,32820,-3,366737340.000,3,0,3,双平,S,3335.0000,3334.8000,3334.4000,3334.0000,3333.6000,3335.6000,3336.6000,3337.0000,3337.6000,3337.8000,10,1,2,1,1,17,3,1,1,1
SF,IH2012,2020-10-21 09:31:48.300,3336.6000,32818,-2,384749880.000,18,8,10,多平,S,3335.2000,3335.0000,3334.8000,3334.4000,3334.0000,3336.6000,3337.0000,3337.2000,3337.6000,3337.8000,3,10,1,2,1,2,1,1,1,1
SF,IH2012,2020-10-21 09:31:48.800,3336.6000,32818,0,384749880.000,0,-,-,-,-,3335.4000,3335.2000,3335.0000,3334.8000,3334.4000,3336.4000,3336.6000,3337.0000,3337.2000,3337.6000,1,1,10,1,2,5,2,1,1,1
SF,IH2012,2020-10-21 09:31:49.300,3336.6000,32818,0,384749880.000,0,-,-,-,-,3335.6000,3335.4000,3335.2000,3335.0000,3334.8000,3336.2000,3336.4000,3336.6000,3337.0000,3337.2000,2,1,1,10,1,1,5,2,1,1
SF,IH2012,2020-10-21 09:31:49.800,3335.6000,32818,0,385750560.000,1,0,1,多换,S,3335.0000,3334.8000,3334.4000,3334.0000,3333.6000,3335.6000,3336.0000,3336.2000,3336.4000,3336.6000,10,1,2,1,1,1,1,1,4,2
SF,IH2012,2020-10-21 09:31:50.300,3335.6000,32818,0,385750560.000,0,-,-,-,-,3335.2000,3335.0000,3334.8000,3334.4000,3334.0000,3335.6000,3336.0000,3336.2000,3336.4000,3336.6000,2,10,1,2,1,1,1,1,4,3
SF,IH2012,2020-10-21 09:31:50.800,3335.6000,32818,0,386751240.000,1,0,1,多换,S,3335.0000,3334.8000,3334.4000,3334.0000,3333.6000,3336.0000,3336.2000,3336.4000,3336.6000,3337.0000,10,1,2,1,1,1,1,4,3,1
SF,IH2012,2020-10-21 09:31:51.300,3335.6000,32818,0,386751240.000,0,-,-,-,-,3335.2000,3335.0000,3334.8000,3334.4000,3334.0000,3335.8000,3336.0000,3336.4000,3336.6000,3337.0000,1,9,1,2,1,3,1,2,3,1
SF,IH2012,2020-10-21 09:31:51.800,3335.6000,32818,0,386751240.000,0,-,-,-,-,3335.4000,3335.0000,3334.8000,3334.4000,3334.0000,3335.6000,3335.8000,3336.4000,3336.6000,3337.0000,2,9,1,2,1,1,6,2,3,1
SF,IH2012,2020-10-21 09:31:52.300,3335.4000,32817,-1,388752480.000,2,0,2,多平,S,3335.0000,3334.8000,3334.4000,3334.0000,3333.6000,3335.6000,3335.8000,3336.4000,3336.6000,3337.0000,9,1,2,1,1,1,6,2,3,1
SF,IH2012,2020-10-21 09:31:52.800,3335.0000,32817,0,392754480.000,4,2,2,多换,S,3335.0000,3334.8000,3334.4000,3334.0000,3333.6000,3335.4000,3335.6000,3335.8000,3336.4000,3336.6000,3,1,2,1,1,2,1,5,2,1
SF,IH2012,2020-10-21 09:31:53.300,3335.0000,32816,-1,398757420.000,6,2,4,多平,S,3334.4000,3334.0000,3333.6000,3333.0000,3332.8000,3335.0000,3335.4000,3335.6000,3335.8000,3336.4000,2,1,1,3,1,1,3,1,5,1
SF,IH2012,2020-10-21 09:31:53.800,3334.4000,32817,1,399757740.000,1,1,0,双开,S,3334.0000,3333.6000,3333.0000,3332.8000,3332.2000,3334.8000,3335.4000,3335.6000,3335.8000,3336.0000,1,1,3,1,1,1,3,1,5,1
SF,IH2012,2020-10-21 09:31:54.300,3334.0000,32817,0,400757940.000,1,0,1,多换,S,3333.6000,3333.0000,3332.8000,3332.2000,3332.0000,3334.6000,3334.8000,3335.4000,3335.6000,3335.8000,1,3,2,1,1,1,1,3,1,5
SF,IH2012,2020-10-21 09:31:54.800,3334.0000,32817,0,400757940.000,0,-,-,-,-,3333.6000,3333.0000,3332.8000,3332.2000,3332.0000,3334.4000,3334.6000,3335.0000,3335.4000,3335.6000,1,3,2,1,2,2,1,1,3,1
SF,IH2012,2020-10-21 09:31:55.300,3334.0000,32817,0,400757940.000,0,-,-,-,-,3333.6000,3333.0000,3332.8000,3332.2000,3332.0000,3334.2000,3334.4000,3335.0000,3335.4000,3335.6000,1,3,2,1,2,1,2,1,3,1
SF,IH2012,2020-10-21 09:31:55.800,3334.0000,32817,0,400757940.000,0,-,-,-,-,3333.0000,3332.8000,3332.2000,3332.0000,3331.6000,3334.0000,3334.2000,3334.4000,3335.0000,3335.4000,3,2,1,2,1,2,1,1,1,2
SF,IH2012,2020-10-21 09:31:56.300,3334.0000,32817,0,400757940.000,0,-,-,-,-,3333.0000,3332.8000,3332.2000,3332.0000,3331.6000,3333.8000,3334.0000,3334.4000,3335.0000,3335.4000,3,2,1,2,1,1,2,1,1,2
SF,IH2012,2020-10-21 09:31:56.800,3334.0000,32817,0,400757940.000,0,-,-,-,-,3333.0000,3332.8000,3332.2000,3332.0000,3331.6000,3333.6000,3333.8000,3334.0000,3335.0000,3335.4000,3,2,1,2,1,2,1,1,1,2
SF,IH2012,2020-10-21 09:31:57.300,3334.0000,32817,0,400757940.000,0,-,-,-,-,3333.0000,3332.8000,3332.2000,3332.0000,3331.6000,3333.6000,3333.8000,3334.0000,3335.0000,3335.4000,4,2,1,2,1,2,1,1,1,2
SF,IH2012,2020-10-21 09:31:57.800,3333.0000,32816,-1,401757840.000,1,0,1,双平,S,3333.0000,3332.8000,3332.2000,3332.0000,3331.6000,3333.4000,3333.6000,3334.0000,3334.6000,3335.0000,3,2,1,2,1,1,2,1,1,1
SF,IH2012,2020-10-21 09:31:58.300,3332.8000,32813,-3,405757380.000,4,0,4,多平,S,3332.2000,3332.0000,3331.6000,3331.2000,3330.8000,3333.2000,3333.4000,3333.6000,3334.0000,3334.6000,1,2,1,1,1,1,1,2,1,1
SF,IH2012,2020-10-21 09:31:58.800,3332.8000,32813,0,405757380.000,0,-,-,-,-,3332.2000,3332.0000,3331.6000,3331.2000,3330.8000,3333.0000,3333.2000,3333.4000,3334.0000,3334.6000,1,2,1,1,1,2,4,1,1,1
SF,IH2012,2020-10-21 09:31:59.300,3332.6000,32813,0,407756820.000,2,1,1,多换,S,3332.0000,3331.6000,3331.2000,3330.8000,3330.6000,3332.8000,3333.0000,3333.2000,3334.0000,3334.6000,2,1,1,1,1,1,23,4,1,1
SF,IH2012,2020-10-21 09:31:59.800,3332.6000,32813,0,407756820.000,0,-,-,-,-,3332.0000,3331.6000,3331.2000,3330.8000,3330.6000,3332.2000,3332.6000,3332.8000,3333.0000,3333.2000,1,1,1,1,1,1,2,3,22,4
SF,IH2012,2020-10-21 09:32:00.300,3331.6000,32813,0,409755900.000,2,1,1,多换,S,3331.2000,3330.8000,3330.6000,3330.4000,3330.2000,3332.2000,3332.6000,3332.8000,3333.0000,3333.2000,1,1,1,1,1,1,1,3,22,4
SF,IH2012,2020-10-21 09:32:00.800,3330.8000,32814,1,410755140.000,1,1,0,双开,S,3330.6000,3330.4000,3330.2000,3330.0000,3329.8000,3332.0000,3332.2000,3332.6000,3332.8000,3333.0000,1,1,1,10,1,1,2,1,2,22
SF,IH2012,2020-10-21 09:32:01.300,3331.2000,32813,-1,412753740.000,2,0,2,多平,S,3330.6000,3330.4000,3330.2000,3330.0000,3329.8000,3331.8000,3332.0000,3332.2000,3332.8000,3333.0000,1,1,1,10,1,1,3,2,2,22
SF,IH2012,2020-10-21 09:32:01.800,3331.6000,32814,1,416751540.000,4,2,2,空开,S,3330.6000,3330.4000,3330.2000,3330.0000,3329.8000,3331.6000,3332.0000,3332.2000,3333.0000,3333.2000,1,1,1,10,1,8,2,1,22,3
SF,IH2012,2020-10-21 09:32:02.300,3331.6000,32814,0,416751540.000,0,-,-,-,-,3330.6000,3330.4000,3330.2000,3330.0000,3329.8000,3331.2000,3331.4000,3331.6000,3332.0000,3332.2000,1,1,1,10,1,1,3,5,2,1
SF,IH2012,2020-10-21 09:32:02.800,3330.6000,32814,0,417750720.000,1,0,1,多换,S,3330.4000,3330.2000,3330.0000,3329.6000,3328.8000,3331.0000,3331.2000,3331.4000,3331.6000,3332.0000,1,1,10,1,1,1,1,3,4,2
SF,IH2012,2020-10-21 09:32:03.300,3330.6000,32814,0,417750720.000,0,-,-,-,-,3330.4000,3330.2000,3330.0000,3329.6000,3328.8000,3330.8000,3331.0000,3331.2000,3331.4000,3331.6000,1,1,10,1,1,1,1,1,2,3
SF,IH2012,2020-10-21 09:32:03.800,3330.8000,32812,-2,419749140.000,2,0,2,双平,S,3330.4000,3330.0000,3329.6000,3328.8000,3328.0000,3331.2000,3331.4000,3331.6000,3332.0000,3332.2000,1,10,1,1,1,1,2,3,2,1
SF,IH2012,2020-10-21 09:32:04.300,3330.8000,32812,0,419749140.000,0,-,-,-,-,3330.4000,3330.0000,3329.6000,3328.8000,3328.0000,3331.2000,3331.4000,3331.6000,3332.0000,3332.2000,1,10,1,1,1,1,2,2,2,1
SF,IH2012,2020-10-21 09:32:04.800,3331.2000,32812,0,420748500.000,1,0,1,多换,S,3331.0000,3330.6000,3330.4000,3330.0000,3329.6000,3331.4000,3332.0000,3332.2000,3333.0000,3333.2000,1,2,1,10,1,2,2,1,22,1
SF,IH2012,2020-10-21 09:32:05.300,3330.6000,32811,-1,429742440.000,9,4,5,多平,S,3330.0000,3329.6000,3328.8000,3328.0000,3324.4000,3330.6000,3332.0000,3332.2000,3333.0000,3333.2000,10,1,1,1,1,2,2,1,22,1
SF,IH2012,2020-10-21 09:32:05.800,3330.6000,32813,2,431740800.000,2,2,0,双开,S,3330.6000,3330.4000,3330.2000,3330.0000,3329.6000,3332.0000,3332.2000,3333.0000,3333.2000,3334.0000,3,2,4,9,1,1,1,22,1,1
SF,IH2012,2020-10-21 09:32:06.300,3330.6000,32813,0,431740800.000,0,-,-,-,-,3331.0000,3330.8000,3330.6000,3330.2000,3330.0000,3331.8000,3332.0000,3332.2000,3333.0000,3333.2000,1,1,1,1,9,4,2,1,22,1
SF,IH2012,2020-10-21 09:32:06.800,3331.0000,32813,0,432740100.000,1,0,1,多换,S,3330.2000,3330.0000,3329.6000,3328.8000,3328.0000,3330.8000,3331.0000,3331.6000,3331.8000,3332.0000,1,9,1,1,1,1,2,1,5,1
SF,IH2012,2020-10-21 09:32:07.300,3329.6000,32809,-4,444728280.000,12,4,8,多平,S,3328.8000,3328.0000,3324.4000,3323.0000,3321.2000,3329.2000,3331.6000,3331.8000,3332.0000,3332.2000,1,2,1,1,7,1,1,4,1,1
SF,IH2012,2020-10-21 09:32:07.800,3329.2000,32803,-6,451719600.000,7,0,7,多平,S,3329.4000,3329.2000,3329.0000,3328.8000,3328.0000,3331.8000,3332.0000,3332.2000,3333.0000,3333.2000,1,9,9,1,2,3,1,1,22,1
SF,IH2012,2020-10-21 09:32:08.300,3329.2000,32802,-1,454715880.000,3,1,2,多平,S,3329.6000,3329.2000,3329.0000,3328.8000,3328.0000,3331.6000,3331.8000,3332.0000,3332.2000,3333.0000,3,4,6,1,2,3,3,1,1,22
SF,IH2012,2020-10-21 09:32:08.800,3329.2000,32802,0,454715880.000,0,-,-,-,-,3329.6000,3329.2000,3329.0000,3328.8000,3328.0000,3331.4000,3331.6000,3331.8000,3332.0000,3332.2000,2,4,6,1,2,4,3,1,1,1
SF,IH2012,2020-10-21 09:32:09.300,3329.2000,32798,-4,458711100.000,4,0,4,双平,S,3329.2000,3329.0000,3328.8000,3328.0000,3324.4000,3329.4000,3331.2000,3331.4000,3331.8000,3332.0000,2,6,1,2,1,12,3,4,1,1
SF,IH2012,2020-10-21 09:32:09.800,3331.2000,32788,-10,471696300.000,13,1,12,多平,S,3330.2000,3330.0000,3329.8000,3329.6000,3329.4000,3330.6000,3331.2000,3331.4000,3331.8000,3332.0000,1,1,1,3,16,1,2,2,1,1
SF,IH2012,2020-10-21 09:32:10.300,3330.2000,32785,-3,475692780.000,4,0,4,多平,S,3329.4000,3329.2000,3329.0000,3328.8000,3328.0000,3331.0000,3331.2000,3331.4000,3331.8000,3332.0000,13,2,1,1,2,1,2,2,1,1
SF,IH2012,2020-10-21 09:32:10.800,3330.2000,32781,-4,479689620.000,4,0,4,双平,S,3329.6000,3329.4000,3329.2000,3329.0000,3328.8000,3331.2000,3331.4000,3331.8000,3332.0000,3332.2000,2,13,1,1,1,2,1,1,1,1
SF,IH2012,2020-10-21 09:32:11.300,3331.2000,32781,0,482687580.000,3,1,2,多换,S,3330.6000,3329.8000,3329.6000,3329.4000,3329.2000,3331.2000,3331.4000,3331.8000,3332.2000,3333.0000,2,9,2,7,1,1,1,1,1,22
SF,IH2012,2020-10-21 09:32:11.800,3331.2000,32780,-1,483686940.000,1,0,1,双平,S,3330.6000,3329.8000,3329.6000,3329.4000,3329.2000,3331.4000,3331.8000,3332.2000,3333.0000,3334.0000,5,7,1,5,1,1,1,1,22,1
SF,IH2012,2020-10-21 09:32:12.300,3331.4000,32779,-1,484686360.000,1,0,1,双平,S,3331.6000,3331.4000,3331.0000,3330.8000,3330.6000,3331.8000,3332.2000,3333.0000,3334.0000,3335.8000,1,2,1,2,5,1,1,22,1,5
SF,IH2012,2020-10-21 09:32:12.800,3331.6000,32777,-2,486685380.000,2,0,2,双平,S,3331.4000,3330.8000,3330.6000,3329.8000,3329.4000,3332.2000,3333.0000,3334.0000,3335.8000,3336.0000,2,3,5,6,3,1,22,1,5,1
SF,IH2012,2020-10-21 09:32:13.300,3331.6000,32777,0,486685380.000,0,-,-,-,-,3331.4000,3330.8000,3330.6000,3329.8000,3329.4000,3332.2000,3333.0000,3334.0000,3335.8000,3336.0000,3,3,4,6,3,1,22,1,5,1
SF,IH2012,2020-10-21 09:32:13.800,3332.2000,32776,-1,487685040.000,1,0,1,双平,S,3332.2000,3331.6000,3331.4000,3330.8000,3330.6000,3333.0000,3334.0000,3335.8000,3336.0000,3336.8000,1,1,3,2,4,22,1,5,1,1
SF,IH2012,2020-10-21 09:32:14.300,3332.2000,32776,0,488684700.000,1,0,1,多换,S,3332.2000,3331.6000,3331.4000,3331.2000,3330.8000,3333.0000,3334.0000,3335.8000,3336.0000,3336.8000,1,1,2,1,1,22,1,5,1,1
SF,IH2012,2020-10-21 09:32:14.800,3332.2000,32776,0,488684700.000,0,-,-,-,-,3332.2000,3331.6000,3331.4000,3331.2000,3330.8000,3333.0000,3334.0000,3335.8000,3336.0000,3336.8000,1,1,2,1,1,22,1,5,1,1
SF,IH2012,2020-10-21 09:32:15.300,3332.2000,32776,0,488684700.000,0,-,-,-,-,3332.2000,3331.6000,3331.4000,3331.2000,3330.8000,3333.0000,3334.0000,3335.8000,3336.0000,3336.8000,1,1,2,1,1,22,1,5,1,1
SF,IH2012,2020-10-21 09:32:15.800,3332.2000,32776,0,488684700.000,0,-,-,-,-,3332.4000,3332.2000,3331.6000,3331.4000,3331.2000,3333.0000,3334.0000,3335.8000,3336.0000,3336.8000,1,1,1,2,1,2,1,5,1,1
SF,IH2012,2020-10-21 09:32:16.300,3332.6000,32776,0,489684480.000,1,0,1,多换,S,3332.4000,3332.2000,3331.4000,3331.2000,3330.8000,3332.8000,3333.0000,3334.0000,3335.8000,3336.0000,2,1,1,1,1,1,2,1,5,1
SF,IH2012,2020-10-21 09:32:16.800,3332.6000,32775,-1,491684040.000,2,0,2,多平,S,3332.4000,3332.2000,3331.4000,3331.2000,3330.8000,3332.8000,3333.0000,3334.0000,3335.8000,3336.0000,2,1,1,1,1,1,2,1,5,1
SF,IH2012,2020-10-21 09:32:17.300,3332.6000,32775,0,491684040.000,0,-,-,-,-,3332.4000,3332.2000,3331.4000,3331.2000,3330.8000,3332.8000,3333.0000,3334.0000,3335.8000,3336.0000,2,1,1,1,1,1,2,1,5,1
SF,IH2012,2020-10-21 09:32:17.800,3332.6000,32775,0,491684040.000,0,-,-,-,-,3332.4000,3332.2000,3332.0000,3331.4000,3331.2000,3332.8000,3333.0000,3334.0000,3335.8000,3336.0000,2,1,1,1,1,1,2,1,5,1
SF,IH2012,2020-10-21 09:32:18.300,3332.6000,32775,0,491684040.000,0,-,-,-,-,3332.4000,3332.2000,3332.0000,3331.4000,3331.2000,3332.8000,3333.0000,3334.0000,3335.8000,3336.0000,2,1,1,1,1,1,2,1,5,1
SF,IH2012,2020-10-21 09:32:18.800,3332.6000,32775,0,491684040.000,0,-,-,-,-,3332.6000,3332.4000,3332.2000,3332.0000,3331.2000,3332.8000,3333.0000,3334.0000,3335.8000,3336.0000,1,1,1,1,1,1,2,1,5,1
SF,IH2012,2020-10-21 09:32:19.300,3332.8000,32775,0,492683880.000,1,0,1,多换,S,3332.6000,3332.4000,3332.2000,3332.0000,3331.2000,3333.0000,3334.0000,3335.8000,3336.0000,3336.8000,1,1,1,1,1,2,1,5,1,1
SF,IH2012,2020-10-21 09:32:19.800,3333.0000,32773,-2,494683680.000,2,0,2,双平,S,3332.6000,3332.4000,3332.2000,3332.0000,3331.2000,3334.0000,3335.8000,3336.0000,3336.8000,3337.0000,1,1,1,1,1,1,5,1,1,1
SF,IH2012,2020-10-21 09:32:20.300,3333.0000,32773,0,494683680.000,0,-,-,-,-,3332.8000,3332.6000,3332.4000,3332.0000,3331.2000,3333.4000,3333.8000,3334.0000,3335.8000,3336.0000,2,1,1,1,1,1,2,1,5,1
SF,IH2012,2020-10-21 09:32:20.800,3332.6000,32770,-3,498682920.000,4,0,4,多平,S,3332.4000,3332.0000,3331.2000,3330.6000,3329.8000,3332.6000,3333.8000,3334.0000,3335.8000,3336.0000,1,1,1,4,7,16,1,1,5,1
SF,IH2012,2020-10-21 09:32:21.300,3332.6000,32760,-10,514679400.000,16,3,13,多平,S,3332.8000,3332.6000,3332.4000,3332.0000,3331.2000,3333.8000,3334.0000,3335.8000,3336.0000,3336.8000,1,1,1,1,1,1,1,5,1,1
SF,IH2012,2020-10-21 09:32:21.800,3332.6000,32760,0,514679400.000,0,-,-,-,-,3333.0000,3332.8000,3332.6000,3332.4000,3332.0000,3333.8000,3334.0000,3335.8000,3336.0000,3336.8000,1,2,1,1,2,1,1,5,1,1
SF,IH2012,2020-10-21 09:32:22.300,3333.8000,32759,-1,515679540.000,1,0,1,双平,S,3333.0000,3332.8000,3332.6000,3332.0000,3331.2000,3334.0000,3335.8000,3336.0000,3336.8000,3337.0000,2,2,1,2,1,1,5,1,1,1
SF,IH2012,2020-10-21 09:32:22.800,3334.0000,32758,-1,516679740.000,1,0,1,双平,S,3333.0000,3332.8000,3332.6000,3332.0000,3331.2000,3335.8000,3336.0000,3336.8000,3337.0000,3337.2000,3,2,1,2,1,5,1,1,1,1
SF,IH2012,2020-10-21 09:32:23.300,3334.0000,32758,0,516679740.000,0,-,-,-,-,3333.8000,3333.2000,3333.0000,3332.8000,3332.6000,3334.0000,3334.4000,3334.8000,3335.2000,3335.4000,1,3,3,1,1,1,1,1,1,1
SF,IH2012,2020-10-21 09:32:23.800,3334.0000,32757,-1,518680080.000,2,0,2,多平,S,3333.2000,3333.0000,3332.8000,3332.6000,3332.0000,3334.8000,3335.2000,3335.6000,3335.8000,3336.8000,1,3,1,1,2,1,1,9,3,1
SF,IH2012,2020-10-21 09:32:24.300,3334.0000,32757,0,518680080.000,0,-,-,-,-,3333.4000,3333.2000,3333.0000,3332.8000,3332.6000,3334.6000,3334.8000,3335.2000,3335.6000,3335.8000,1,1,2,1,1,2,2,1,2,3
SF,IH2012,2020-10-21 09:32:24.800,3334.0000,32757,0,518680080.000,0,-,-,-,-,3333.4000,3333.2000,3333.0000,3332.8000,3332.6000,3334.4000,3334.6000,3334.8000,3335.2000,3335.6000,1,1,2,1,1,1,1,2,1,2
SF,IH2012,2020-10-21 09:32:25.300,3334.0000,32757,0,518680080.000,0,-,-,-,-,3333.4000,3333.2000,3333.0000,3332.8000,3332.6000,3334.2000,3334.6000,3334.8000,3335.2000,3335.6000,1,1,2,1,1,1,1,2,1,3
SF,IH2012,2020-10-21 09:32:25.800,3333.4000,32756,-1,519680100.000,1,0,1,双平,S,3333.2000,3333.0000,3332.8000,3332.6000,3332.0000,3334.2000,3334.6000,3334.8000,3335.2000,3335.6000,1,2,1,1,2,1,1,2,1,3
SF,IH2012,2020-10-21 09:32:26.300,3334.0000,32755,-1,520680300.000,1,0,1,双平,S,3333.0000,3332.8000,3332.6000,3332.0000,3331.2000,3334.0000,3334.8000,3335.2000,3335.6000,3335.8000,2,1,1,2,1,3,2,1,2,3
SF,IH2012,2020-10-21 09:32:26.800,3334.0000,32755,0,520680300.000,0,-,-,-,-,3333.0000,3332.8000,3332.6000,3332.0000,3331.2000,3333.8000,3334.0000,3334.8000,3335.2000,3335.6000,2,1,1,1,1,1,1,2,1,2
SF,IH2012,2020-10-21 09:32:27.300,3334.0000,32755,0,520680300.000,0,-,-,-,-,3333.0000,3332.8000,3332.6000,3332.0000,3331.2000,3333.8000,3334.0000,3334.8000,3335.2000,3335.6000,2,1,1,1,1,1,1,2,1,2
SF,IH2012,2020-10-21 09:32:28.800,3334.0000,32755,0,520680300.000,0,-,-,-,-,3333.0000,3332.8000,3332.0000,3331.2000,3330.6000,3333.8000,3334.0000,3334.8000,3335.2000,3335.6000,2,1,1,1,2,1,1,2,1,2
SF,IH2012,2020-10-21 09:32:29.300,3334.0000,32755,0,520680300.000,0,-,-,-,-,3333.0000,3332.8000,3332.0000,3331.2000,3330.6000,3333.6000,3334.0000,3334.8000,3335.2000,3335.6000,1,1,1,1,2,1,1,2,1,2
SF,IH2012,2020-10-21 09:32:29.800,3333.0000,32755,0,521680200.000,1,0,1,多换,S,3332.8000,3332.0000,3331.2000,3330.6000,3329.8000,3333.4000,3333.6000,3334.0000,3334.8000,3335.2000,1,1,1,2,7,1,1,1,2,1
SF,IH2012,2020-10-21 09:32:30.300,3333.0000,32755,0,521680200.000,0,-,-,-,-,3332.0000,3331.2000,3330.6000,3329.8000,3329.4000,3333.2000,3333.6000,3334.0000,3334.8000,3335.2000,1,1,2,7,2,1,1,1,2,1
SF,IH2012,2020-10-21 09:32:30.800,3333.0000,32755,0,521680200.000,0,-,-,-,-,3332.2000,3332.0000,3331.2000,3330.6000,3330.4000,3333.0000,3333.6000,3334.0000,3334.8000,3335.2000,1,2,1,2,1,1,1,1,2,1
SF,IH2012,2020-10-21 09:32:31.300,3333.0000,32755,0,521680200.000,0,-,-,-,-,3332.2000,3332.0000,3331.2000,3330.6000,3330.4000,3333.0000,3333.6000,3334.0000,3334.8000,3335.0000,1,2,1,2,1,2,1,1,2,1
SF,IH2012,2020-10-21 09:32:31.800,3333.0000,32754,-1,522680100.000,1,0,1,双平,S,3332.2000,3332.0000,3331.2000,3330.6000,3330.4000,3333.0000,3334.0000,3334.8000,3335.0000,3335.2000,1,2,1,2,1,2,1,2,1,1
SF,IH2012,2020-10-21 09:32:32.300,3333.0000,32753,-1,524679900.000,2,0,2,多平,S,3333.0000,3332.2000,3332.0000,3331.2000,3330.6000,3334.0000,3334.8000,3335.0000,3335.2000,3335.6000,1,1,2,1,2,1,2,1,1,2
SF,IH2012,2020-10-21 09:32:32.800,3332.2000,32752,-1,526679460.000,2,0,2,多平,S,3332.0000,3331.2000,3330.6000,3329.8000,3329.4000,3333.0000,3333.6000,3333.8000,3334.0000,3334.8000,2,1,2,7,2,3,1,2,1,2
SF,IH2012,2020-10-21 09:32:33.300,3332.2000,32752,0,526679460.000,0,-,-,-,-,3332.0000,3331.2000,3330.6000,3330.2000,3329.8000,3332.8000,3333.0000,3333.8000,3334.8000,3335.0000,1,1,2,1,6,1,2,1,2,1
SF,IH2012,2020-10-21 09:32:33.800,3332.2000,32752,0,526679460.000,0,-,-,-,-,3332.0000,3331.2000,3330.6000,3330.2000,3329.8000,3332.8000,3333.8000,3334.8000,3335.0000,3335.6000,1,1,2,1,6,1,1,2,1,2
SF,IH2012,2020-10-21 09:32:34.300,3332.2000,32752,0,526679460.000,0,-,-,-,-,3332.0000,3331.2000,3330.6000,3330.2000,3329.8000,3332.8000,3334.8000,3335.0000,3335.6000,3335.8000,2,1,2,1,6,1,2,1,2,3
SF,IH2012,2020-10-21 09:32:34.800,3332.2000,32752,0,526679460.000,0,-,-,-,-,3332.0000,3331.2000,3330.6000,3330.2000,3329.8000,3332.8000,3334.8000,3335.0000,3335.6000,3335.8000,2,1,2,1,6,1,2,1,2,3
SF,IH2012,2020-10-21 09:32:35.300,3332.2000,32752,0,526679460.000,0,-,-,-,-,3332.2000,3332.0000,3331.2000,3330.6000,3330.2000,3332.8000,3334.8000,3335.0000,3335.6000,3335.8000,1,2,1,2,1,1,2,1,2,3
SF,IH2012,2020-10-21 09:32:35.800,3332.2000,32752,0,526679460.000,0,-,-,-,-,3332.2000,3332.0000,3331.2000,3330.6000,3330.2000,3332.8000,3334.8000,3335.0000,3335.6000,3335.8000,1,2,1,2,1,1,2,1,2,3
SF,IH2012,2020-10-21 09:32:36.800,3332.2000,32751,-1,527679120.000,1,0,1,双平,S,3332.0000,3331.2000,3330.6000,3330.2000,3329.8000,3332.2000,3332.8000,3334.8000,3335.0000,3335.6000,2,1,2,1,6,1,1,2,1,2
SF,IH2012,2020-10-21 09:32:37.300,3332.2000,32751,0,528678780.000,1,0,1,多换,S,3331.2000,3330.6000,3330.2000,3329.8000,3329.4000,3332.8000,3333.0000,3333.8000,3334.8000,3335.0000,1,2,1,6,2,1,1,1,2,1
SF,IH2012,2020-10-21 09:32:37.800,3331.4000,32750,-1,529678200.000,1,0,1,双平,S,3331.2000,3330.6000,3330.2000,3329.8000,3329.4000,3332.6000,3332.8000,3333.0000,3333.8000,3334.6000,2,2,1,6,3,1,1,1,1,1
SF,IH2012,2020-10-21 09:32:38.300,3331.4000,32750,0,529678200.000,0,-,-,-,-,3331.2000,3330.6000,3330.2000,3329.8000,3329.4000,3332.4000,3333.0000,3333.8000,3334.6000,3334.8000,2,2,1,6,2,2,1,1,1,2
SF,IH2012,2020-10-21 09:32:38.800,3331.4000,32750,0,529678200.000,0,-,-,-,-,3331.2000,3330.6000,3330.2000,3329.8000,3329.4000,3332.4000,3333.0000,3333.8000,3334.6000,3334.8000,2,2,1,6,2,2,1,1,1,2
SF,IH2012,2020-10-21 09:32:39.300,3332.4000,32749,-1,530677920.000,1,0,1,双平,S,3332.4000,3331.4000,3331.2000,3330.6000,3330.2000,3333.0000,3333.8000,3334.6000,3334.8000,3335.0000,1,5,2,2,1,1,1,1,2,1
SF,IH2012,2020-10-21 09:32:39.800,3332.4000,32749,0,530677920.000,0,-,-,-,-,3333.0000,3331.4000,3331.2000,3330.6000,3330.2000,3333.8000,3334.6000,3334.8000,3335.0000,3335.6000,1,6,2,2,1,1,1,2,1,2
SF,IH2012,2020-10-21 09:32:40.300,3332.4000,32749,0,530677920.000,0,-,-,-,-,3333.0000,3332.4000,3331.4000,3331.2000,3330.6000,3333.6000,3333.8000,3334.6000,3334.8000,3335.0000,1,2,6,2,2,2,1,1,2,1
SF,IH2012,2020-10-21 09:32:40.800,3333.6000,32747,-2,532678080.000,2,0,2,双平,S,3333.0000,3332.4000,3331.4000,3331.2000,3330.6000,3333.8000,3334.6000,3334.8000,3335.0000,3335.6000,1,2,6,2,2,1,1,2,1,3
SF,IH2012,2020-10-21 09:32:41.300,3333.6000,32747,0,532678080.000,0,-,-,-,-,3333.6000,3333.2000,3333.0000,3332.4000,3331.4000,3333.8000,3334.6000,3334.8000,3335.0000,3335.6000,1,1,1,2,6,1,1,2,1,3
SF,IH2012,2020-10-21 09:32:41.800,3333.6000,32747,0,533678160.000,1,0,1,多换,S,3333.2000,3333.0000,3332.4000,3331.4000,3330.6000,3334.6000,3334.8000,3335.0000,3335.6000,3335.8000,1,1,2,5,2,1,2,1,3,3
SF,IH2012,2020-10-21 09:32:42.300,3333.6000,32747,0,533678160.000,0,-,-,-,-,3333.2000,3333.0000,3332.4000,3331.4000,3330.6000,3334.4000,3334.6000,3334.8000,3335.0000,3335.6000,1,1,2,4,2,2,1,2,1,3
SF,IH2012,2020-10-21 09:32:42.800,3333.6000,32747,0,533678160.000,0,-,-,-,-,3333.2000,3333.0000,3332.4000,3331.8000,3331.4000,3334.4000,3334.6000,3334.8000,3335.0000,3335.6000,1,1,2,1,4,1,1,2,1,3
SF,IH2012,2020-10-21 09:32:43.300,3333.6000,32747,0,533678160.000,0,-,-,-,-,3333.2000,3333.0000,3332.4000,3331.8000,3331.4000,3334.4000,3334.6000,3334.8000,3335.0000,3335.6000,1,1,2,1,4,1,1,2,1,3
SF,IH2012,2020-10-21 09:32:43.800,3333.6000,32747,0,533678160.000,0,-,-,-,-,3333.4000,3333.2000,3333.0000,3332.4000,3331.8000,3334.4000,3334.6000,3334.8000,3335.0000,3335.6000,1,1,1,2,1,1,1,2,1,3
SF,IH2012,2020-10-21 09:32:45.300,3334.4000,32746,-1,534678480.000,1,0,1,双平,S,3333.4000,3333.2000,3333.0000,3332.4000,3331.8000,3334.6000,3334.8000,3335.0000,3335.6000,3336.4000,1,1,1,2,1,1,2,1,3,1
SF,IH2012,2020-10-21 09:32:45.800,3334.6000,32745,-1,535678860.000,1,0,1,双平,S,3333.6000,3333.4000,3333.2000,3333.0000,3332.4000,3334.8000,3335.0000,3335.6000,3336.4000,3336.8000,2,1,1,1,2,2,1,3,1,2
SF,IH2012,2020-10-21 09:32:46.300,3334.6000,32745,0,535678860.000,0,-,-,-,-,3333.8000,3333.6000,3333.0000,3332.4000,3331.8000,3334.8000,3335.0000,3335.6000,3336.4000,3336.8000,2,2,1,2,1,2,1,3,1,2
SF,IH2012,2020-10-21 09:32:46.800,3333.8000,32743,-2,537679140.000,2,0,2,双平,S,3333.6000,3333.0000,3332.4000,3331.8000,3331.4000,3334.8000,3335.0000,3335.6000,3336.4000,3336.8000,2,1,2,1,3,2,1,3,1,2
SF,IH2012,2020-10-21 09:32:47.300,3333.8000,32743,0,537679140.000,0,-,-,-,-,3332.4000,3331.8000,3331.4000,3330.6000,3329.8000,3333.8000,3334.6000,3334.8000,3335.0000,3335.6000,2,1,3,2,6,1,6,2,1,3
SF,IH2012,2020-10-21 09:32:47.800,3333.8000,32743,0,537679140.000,0,-,-,-,-,3332.6000,3332.4000,3331.8000,3331.4000,3330.6000,3333.2000,3333.6000,3333.8000,3334.6000,3334.8000,1,3,1,3,2,2,1,1,4,2
SF,IH2012,2020-10-21 09:32:48.300,3333.2000,32742,-1,538679100.000,1,0,1,双平,S,3332.6000,3332.4000,3331.8000,3331.4000,3330.6000,3333.2000,3333.6000,3333.8000,3334.6000,3334.8000,1,3,1,3,2,1,1,1,4,2
SF,IH2012,2020-10-21 09:32:48.800,3333.2000,32742,0,539679060.000,1,0,1,多换,S,3332.6000,3332.4000,3331.8000,3331.4000,3330.6000,3333.6000,3333.8000,3334.6000,3334.8000,3335.0000,1,3,1,3,2,1,1,4,2,1
SF,IH2012,2020-10-21 09:32:49.300,3333.2000,32742,0,539679060.000,0,-,-,-,-,3332.6000,3332.4000,3331.8000,3331.4000,3330.6000,3333.8000,3334.6000,3334.8000,3335.0000,3335.6000,2,3,1,3,2,1,3,2,1,2
SF,IH2012,2020-10-21 09:32:49.800,3333.2000,32742,0,539679060.000,0,-,-,-,-,3332.6000,3332.4000,3331.8000,3331.4000,3330.6000,3334.6000,3334.8000,3335.0000,3335.6000,3336.8000,2,3,1,3,2,3,2,1,2,2
SF,IH2012,2020-10-21 09:32:50.300,3333.2000,32742,0,539679060.000,0,-,-,-,-,3332.8000,3332.6000,3332.4000,3331.8000,3331.4000,3334.2000,3334.4000,3334.6000,3334.8000,3335.0000,1,2,3,1,3,1,1,2,2,1
SF,IH2012,2020-10-21 09:32:50.800,3333.2000,32742,0,539679060.000,0,-,-,-,-,3333.2000,3333.0000,3332.8000,3332.6000,3332.4000,3334.0000,3334.2000,3334.6000,3334.8000,3335.0000,4,1,1,1,3,2,1,1,2,1
SF,IH2012,2020-10-21 09:32:51.300,3333.2000,32742,0,539679060.000,0,-,-,-,-,3333.2000,3333.0000,3332.6000,3332.4000,3331.8000,3334.0000,3334.2000,3334.6000,3334.8000,3335.0000,4,1,1,3,1,2,1,1,2,1
SF,IH2012,2020-10-21 09:32:51.800,3333.2000,32742,0,543678900.000,4,2,2,多换,S,3332.6000,3332.4000,3331.8000,3331.4000,3330.6000,3334.0000,3334.2000,3334.6000,3334.8000,3335.0000,1,3,1,3,2,2,1,1,2,1
SF,IH2012,2020-10-21 09:32:52.300,3333.2000,32742,0,543678900.000,0,-,-,-,-,3332.6000,3332.4000,3331.8000,3331.4000,3330.6000,3333.8000,3334.0000,3334.6000,3334.8000,3335.0000,1,3,1,3,2,3,5,1,2,1
SF,IH2012,2020-10-21 09:32:52.800,3333.2000,32742,0,543678900.000,0,-,-,-,-,3332.6000,3332.4000,3331.8000,3331.4000,3330.6000,3333.6000,3333.8000,3334.0000,3334.6000,3334.8000,1,3,1,3,2,1,3,4,1,2
SF,IH2012,2020-10-21 09:32:53.300,3333.2000,32742,0,543678900.000,0,-,-,-,-,3332.6000,3332.4000,3331.8000,3331.4000,3330.6000,3333.6000,3333.8000,3334.0000,3334.6000,3334.8000,1,3,1,3,2,1,2,1,1,2
SF,IH2012,2020-10-21 09:32:54.800,3333.6000,32741,-1,544678980.000,1,0,1,双平,S,3332.6000,3332.4000,3331.8000,3331.4000,3330.6000,3333.8000,3334.0000,3334.6000,3334.8000,3335.0000,1,3,1,3,2,2,1,1,2,1
SF,IH2012,2020-10-21 09:32:55.300,3333.6000,32741,0,544678980.000,0,-,-,-,-,3332.8000,3332.6000,3332.4000,3331.8000,3331.4000,3334.6000,3334.8000,3335.0000,3335.6000,3336.8000,1,1,3,1,3,1,2,1,2,2
SF,IH2012,2020-10-21 09:32:55.800,3333.6000,32741,0,544678980.000,0,-,-,-,-,3333.0000,3332.8000,3332.6000,3332.4000,3331.8000,3333.6000,3334.2000,3334.4000,3334.6000,3334.8000,1,1,1,3,1,1,1,12,1,2
SF,IH2012,2020-10-21 09:32:56.300,3333.6000,32741,0,544678980.000,0,-,-,-,-,3332.8000,3332.6000,3332.4000,3331.8000,3331.4000,3333.6000,3334.2000,3334.4000,3334.6000,3334.8000,1,2,3,1,3,3,1,8,2,2
SF,IH2012,2020-10-21 09:32:56.800,3333.6000,32741,0,544678980.000,0,-,-,-,-,3332.8000,3332.6000,3332.4000,3331.8000,3331.4000,3333.6000,3334.2000,3334.4000,3334.6000,3334.8000,1,2,3,1,3,2,1,3,2,2
SF,IH2012,2020-10-21 09:32:57.300,3332.8000,32740,-1,545678820.000,1,0,1,双平,S,3332.6000,3332.4000,3331.8000,3331.4000,3330.6000,3333.6000,3334.2000,3334.4000,3334.6000,3334.8000,2,3,1,3,2,4,1,3,2,2
SF,IH2012,2020-10-21 09:32:58.300,3332.6000,32739,-1,547678380.000,2,0,2,多平,S,3332.4000,3331.8000,3331.4000,3330.6000,3329.8000,3333.6000,3334.2000,3334.4000,3334.6000,3334.8000,3,1,3,2,6,4,1,3,2,2
SF,IH2012,2020-10-21 09:32:58.800,3332.4000,32739,0,548678100.000,1,0,1,多换,S,3332.4000,3331.8000,3331.4000,3330.6000,3329.8000,3333.4000,3333.6000,3334.2000,3334.4000,3334.6000,2,1,3,2,6,2,1,1,2,2
SF,IH2012,2020-10-21 09:32:59.300,3332.4000,32739,0,549677820.000,1,0,1,多换,S,3331.8000,3331.4000,3330.6000,3329.8000,3329.4000,3332.4000,3332.8000,3333.2000,3333.4000,3333.6000,1,3,2,6,2,1,1,4,2,1
SF,IH2012,2020-10-21 09:32:59.800,3331.8000,32740,1,550677360.000,1,1,0,双开,S,3330.6000,3329.8000,3329.4000,3329.2000,3329.0000,3332.4000,3333.2000,3333.4000,3333.6000,3334.4000,2,6,2,1,4,2,4,3,1,2
SF,IH2012,2020-10-21 09:33:00.300,3331.8000,32740,0,550677360.000,0,-,-,-,-,3330.8000,3330.6000,3329.4000,3329.2000,3329.0000,3332.0000,3332.2000,3332.4000,3333.2000,3333.4000,3,2,2,1,4,1,4,2,4,2
SF,IH2012,2020-10-21 09:33:00.800,3331.8000,32740,0,550677360.000,0,-,-,-,-,3331.0000,3330.8000,3330.6000,3329.4000,3329.2000,3332.2000,3332.4000,3333.2000,3333.4000,3334.4000,1,3,2,2,1,3,2,4,2,2
SF,IH2012,2020-10-21 09:33:01.300,3331.8000,32740,0,550677360.000,0,-,-,-,-,3331.0000,3330.8000,3330.6000,3329.4000,3329.2000,3332.0000,3332.2000,3332.4000,3333.2000,3333.4000,1,2,2,2,1,1,2,2,1,1
SF,IH2012,2020-10-21 09:33:01.800,3331.8000,32740,0,550677360.000,0,-,-,-,-,3330.8000,3330.6000,3329.4000,3329.2000,3329.0000,3331.6000,3331.8000,3332.0000,3332.2000,3332.4000,2,2,2,1,4,1,3,2,1,1
SF,IH2012,2020-10-21 09:33:02.300,3330.8000,32740,0,551676600.000,1,0,1,多换,S,3330.6000,3329.4000,3329.2000,3329.0000,3328.0000,3331.4000,3331.6000,3331.8000,3332.0000,3332.4000,2,2,1,4,2,5,1,1,2,1
SF,IH2012,2020-10-21 09:33:02.800,3330.6000,32740,0,553674960.000,2,1,1,多换,S,3329.4000,3329.2000,3329.0000,3328.0000,3325.0000,3331.2000,3331.4000,3331.6000,3332.0000,3332.4000,1,1,4,2,5,1,3,1,2,1
SF,IH2012,2020-10-21 09:33:03.300,3330.6000,32740,0,553674960.000,0,-,-,-,-,3329.6000,3329.4000,3329.2000,3329.0000,3328.0000,3331.0000,3331.2000,3331.4000,3332.0000,3332.4000,4,1,1,4,2,4,1,1,2,1
SF,IH2012,2020-10-21 09:33:03.800,3330.6000,32740,0,553674960.000,0,-,-,-,-,3329.6000,3329.4000,3329.2000,3329.0000,3328.0000,3331.0000,3331.2000,3331.4000,3332.0000,3332.4000,1,1,1,4,2,4,1,1,1,1
SF,IH2012,2020-10-21 09:33:04.300,3330.6000,32740,0,553674960.000,0,-,-,-,-,3329.4000,3329.2000,3329.0000,3328.0000,3324.4000,3331.0000,3331.2000,3331.4000,3332.0000,3332.4000,1,1,4,2,1,4,1,1,1,1
SF,IH2012,2020-10-21 09:33:04.800,3330.6000,32740,0,553674960.000,0,-,-,-,-,3329.6000,3329.4000,3329.2000,3329.0000,3328.0000,3331.0000,3331.2000,3331.4000,3332.0000,3332.4000,1,1,1,4,2,4,1,1,1,1
SF,IH2012,2020-10-21 09:33:05.800,3330.6000,32740,0,553674960.000,0,-,-,-,-,3329.6000,3329.4000,3329.2000,3329.0000,3328.0000,3331.0000,3331.2000,3331.4000,3332.0000,3332.4000,1,1,1,4,2,4,1,1,1,1
SF,IH2012,2020-10-21 09:33:06.300,3330.6000,32740,0,553674960.000,0,-,-,-,-,3330.0000,3329.4000,3329.2000,3329.0000,3328.0000,3331.0000,3331.2000,3332.0000,3332.4000,3333.2000,1,2,1,4,2,3,1,1,1,1
SF,IH2012,2020-10-21 09:33:06.800,3330.6000,32740,0,553674960.000,0,-,-,-,-,3330.0000,3329.4000,3329.2000,3329.0000,3328.0000,3331.0000,3331.2000,3332.0000,3332.4000,3333.2000,2,2,1,4,2,2,1,1,1,1
SF,IH2012,2020-10-21 09:33:07.300,3330.0000,32738,-2,555672960.000,2,0,2,双平,S,3329.4000,3329.2000,3329.0000,3328.0000,3324.4000,3330.4000,3330.8000,3331.0000,3331.2000,3332.0000,2,1,4,2,1,3,7,2,1,1
SF,IH2012,2020-10-21 09:33:07.800,3330.2000,32735,-3,558670140.000,3,0,3,双平,S,3329.6000,3329.4000,3329.2000,3329.0000,3328.0000,3330.8000,3331.0000,3331.2000,3332.0000,3332.4000,1,2,1,3,2,1,1,1,1,1
SF,IH2012,2020-10-21 09:33:08.300,3329.4000,32732,-3,561666660.000,3,0,3,双平,S,3329.2000,3329.0000,3328.0000,3324.4000,3323.0000,3329.4000,3330.6000,3330.8000,3331.2000,3332.0000,1,3,2,1,1,2,1,1,1,1
SF,IH2012,2020-10-21 09:33:08.800,3330.0000,32732,0,564663300.000,3,1,2,多换,S,3329.8000,3329.4000,3329.2000,3329.0000,3328.0000,3330.6000,3330.8000,3331.2000,3332.0000,3333.0000,1,10,3,3,2,1,1,1,1,1
SF,IH2012,2020-10-21 09:33:09.300,3330.6000,32731,-1,565662480.000,1,0,1,双平,S,3329.8000,3329.4000,3329.2000,3329.0000,3328.0000,3330.8000,3331.2000,3332.0000,3333.0000,3333.2000,1,9,3,3,2,1,1,1,1,1
SF,IH2012,2020-10-21 09:33:09.800,3330.6000,32730,-1,566661660.000,1,0,1,双平,S,3329.8000,3329.4000,3329.2000,3329.0000,3328.0000,3330.8000,3331.2000,3332.0000,3333.0000,3333.2000,1,9,3,3,2,1,1,1,1,1
SF,IH2012,2020-10-21 09:33:10.300,3330.8000,32729,-1,567660900.000,1,0,1,双平,S,3330.8000,3330.0000,3329.8000,3329.4000,3329.2000,3331.2000,3332.0000,3333.0000,3333.2000,3333.6000,1,1,1,6,3,1,1,1,1,1
SF,IH2012,2020-10-21 09:33:10.800,3330.8000,32729,0,567660900.000,0,-,-,-,-,3331.2000,3330.0000,3329.8000,3329.4000,3329.2000,3332.0000,3333.0000,3333.2000,3333.6000,3334.4000,2,1,1,4,3,1,1,1,1,2
SF,IH2012,2020-10-21 09:33:11.300,3330.8000,32729,0,567660900.000,0,-,-,-,-,3331.2000,3330.2000,3330.0000,3329.8000,3329.4000,3332.0000,3333.0000,3333.2000,3333.6000,3334.4000,2,1,1,1,4,5,1,1,1,2
SF,IH2012,2020-10-21 09:33:11.800,3330.8000,32729,0,567660900.000,0,-,-,-,-,3331.2000,3330.2000,3330.0000,3329.4000,3329.2000,3332.0000,3333.0000,3333.2000,3333.6000,3334.4000,2,1,1,4,4,5,1,1,1,2
SF,IH2012,2020-10-21 09:33:12.300,3330.8000,32729,0,567660900.000,0,-,-,-,-,3331.2000,3330.2000,3330.0000,3329.4000,3329.2000,3332.0000,3333.0000,3333.2000,3333.6000,3334.4000,2,1,1,4,4,2,1,1,1,2
SF,IH2012,2020-10-21 09:33:12.800,3330.8000,32729,0,567660900.000,0,-,-,-,-,3331.4000,3331.2000,3330.2000,3330.0000,3329.8000,3333.0000,3333.2000,3334.4000,3334.8000,3335.6000,1,2,1,1,1,1,1,2,1,2
SF,IH2012,2020-10-21 09:33:13.300,3330.8000,32729,0,567660900.000,0,-,-,-,-,3331.6000,3331.4000,3331.2000,3330.2000,3330.0000,3332.8000,3333.0000,3333.2000,3334.4000,3334.8000,1,1,2,1,1,3,1,1,2,1
SF,IH2012,2020-10-21 09:33:13.800,3330.8000,32729,0,567660900.000,0,-,-,-,-,3331.8000,3331.6000,3331.2000,3330.2000,3330.0000,3332.6000,3332.8000,3333.0000,3333.2000,3334.4000,1,1,2,1,1,1,3,1,1,2
SF,IH2012,2020-10-21 09:33:14.300,3331.8000,32728,-1,568660440.000,1,0,1,双平,S,3331.6000,3331.2000,3330.2000,3330.0000,3329.8000,3332.6000,3332.8000,3333.0000,3333.2000,3334.4000,1,2,1,1,1,1,2,1,1,2
SF,IH2012,2020-10-21 09:33:14.800,3331.8000,32728,0,568660440.000,0,-,-,-,-,3331.2000,3330.2000,3330.0000,3329.8000,3329.4000,3332.4000,3332.6000,3333.0000,3333.2000,3334.4000,2,1,1,1,4,2,1,1,1,2
SF,IH2012,2020-10-21 09:33:15.300,3331.8000,32728,0,568660440.000,0,-,-,-,-,3331.2000,3330.2000,3330.0000,3329.8000,3329.4000,3332.2000,3332.4000,3333.0000,3333.2000,3334.4000,3,1,1,1,4,1,5,1,1,2
SF,IH2012,2020-10-21 09:33:15.800,3331.8000,32728,0,568660440.000,0,-,-,-,-,3331.2000,3330.2000,3330.0000,3329.8000,3329.4000,3332.0000,3332.2000,3332.4000,3333.0000,3333.2000,3,1,1,1,4,1,1,4,1,1
SF,IH2012,2020-10-21 09:33:16.300,3331.8000,32728,0,568660440.000,0,-,-,-,-,3331.2000,3331.0000,3330.2000,3330.0000,3329.8000,3332.0000,3332.2000,3332.4000,3333.0000,3333.2000,3,1,1,1,1,2,1,3,1,1
SF,IH2012,2020-10-21 09:33:16.800,3331.8000,32728,0,568660440.000,0,-,-,-,-,3331.4000,3331.2000,3331.0000,3330.2000,3330.0000,3332.0000,3332.2000,3332.4000,3333.0000,3333.2000,1,3,1,1,1,2,1,3,1,1
SF,IH2012,2020-10-21 09:33:17.300,3331.8000,32728,0,568660440.000,0,-,-,-,-,3331.4000,3331.2000,3331.0000,3330.2000,3330.0000,3332.0000,3332.2000,3332.4000,3333.0000,3333.2000,1,3,1,1,1,1,1,3,1,1
SF,IH2012,2020-10-21 09:33:17.800,3331.8000,32728,0,568660440.000,0,-,-,-,-,3331.4000,3331.2000,3331.0000,3330.2000,3330.0000,3332.2000,3332.4000,3333.0000,3333.2000,3334.4000,1,3,1,1,1,1,3,1,1,2
SF,IH2012,2020-10-21 09:33:18.300,3331.8000,32728,0,568660440.000,0,-,-,-,-,3331.4000,3331.2000,3331.0000,3330.2000,3330.0000,3333.0000,3333.2000,3334.0000,3334.4000,3334.8000,2,2,1,1,2,1,1,1,2,1
SF,IH2012,2020-10-21 09:33:18.800,3331.8000,32728,0,568660440.000,0,-,-,-,-,3331.4000,3331.2000,3331.0000,3330.2000,3330.0000,3332.6000,3332.8000,3333.0000,3334.0000,3334.4000,2,1,1,1,2,1,5,1,1,2
SF,IH2012,2020-10-21 09:33:19.300,3331.8000,32728,0,568660440.000,0,-,-,-,-,3331.2000,3331.0000,3330.2000,3330.0000,3329.4000,3332.4000,3332.8000,3333.0000,3334.0000,3334.4000,1,1,1,2,3,3,3,1,1,2
SF,IH2012,2020-10-21 09:33:19.800,3331.8000,32728,0,568660440.000,0,-,-,-,-,3331.2000,3331.0000,3330.2000,3330.0000,3329.4000,3332.2000,3332.4000,3333.0000,3334.0000,3334.4000,1,1,1,2,3,1,2,1,1,2
SF,IH2012,2020-10-21 09:33:20.300,3331.8000,32728,0,568660440.000,0,-,-,-,-,3331.2000,3331.0000,3330.2000,3330.0000,3329.4000,3332.0000,3332.2000,3333.0000,3334.0000,3334.4000,1,1,1,2,3,3,1,1,1,2
SF,IH2012,2020-10-21 09:33:20.800,3331.8000,32728,0,568660440.000,0,-,-,-,-,3331.0000,3330.2000,3330.0000,3329.4000,3329.2000,3332.0000,3332.2000,3333.0000,3334.0000,3334.4000,1,1,2,3,4,3,1,1,1,2
SF,IH2012,2020-10-21 09:33:21.300,3331.8000,32728,0,568660440.000,0,-,-,-,-,3331.0000,3330.2000,3330.0000,3329.4000,3329.2000,3331.8000,3332.0000,3333.0000,3334.0000,3334.4000,1,1,2,3,4,3,3,1,1,2
SF,IH2012,2020-10-21 09:33:21.800,3331.8000,32728,0,568660440.000,0,-,-,-,-,3331.0000,3330.2000,3330.0000,3329.4000,3329.2000,3331.6000,3331.8000,3332.0000,3333.0000,3334.0000,1,1,2,3,4,1,3,2,1,1
SF,IH2012,2020-10-21 09:33:22.800,3331.6000,32727,-1,569659920.000,1,0,1,双平,S,3331.0000,3330.2000,3330.0000,3329.4000,3329.2000,3331.8000,3332.0000,3333.0000,3334.0000,3334.4000,1,1,2,3,4,3,2,1,1,2
SF,IH2012,2020-10-21 09:33:23.300,3331.0000,32727,0,571658760.000,2,1,1,多换,S,3331.0000,3330.2000,3330.0000,3329.4000,3329.2000,3332.0000,3333.0000,3334.0000,3334.4000,3334.8000,1,1,2,3,4,2,1,1,2,1
SF,IH2012,2020-10-21 09:33:23.800,3331.0000,32727,0,571658760.000,0,-,-,-,-,3331.2000,3331.0000,3330.2000,3330.0000,3329.4000,3332.0000,3333.0000,3334.0000,3334.4000,3334.8000,2,1,1,2,3,1,1,1,2,1
SF,IH2012,2020-10-21 09:33:25.300,3332.0000,32726,-1,572658360.000,1,0,1,双平,S,3331.2000,3331.0000,3330.2000,3330.0000,3329.4000,3333.0000,3334.0000,3334.4000,3334.8000,3335.0000,2,1,1,2,3,1,1,2,1,1
SF,IH2012,2020-10-21 09:33:25.800,3332.0000,32726,0,572658360.000,0,-,-,-,-,3331.4000,3331.2000,3330.2000,3330.0000,3329.4000,3332.6000,3332.8000,3333.0000,3334.0000,3334.4000,4,2,1,3,3,1,4,1,1,2
SF,IH2012,2020-10-21 09:33:26.300,3332.0000,32726,0,572658360.000,0,-,-,-,-,3331.6000,3331.4000,3330.2000,3330.0000,3329.4000,3332.8000,3333.0000,3334.0000,3334.4000,3334.8000,2,2,1,4,3,4,1,1,2,1
SF,IH2012,2020-10-21 09:33:26.800,3332.0000,32726,0,572658360.000,0,-,-,-,-,3331.8000,3331.6000,3331.4000,3330.2000,3330.0000,3332.8000,3333.0000,3334.0000,3334.4000,3334.8000,1,2,1,1,4,3,1,1,2,1
SF,IH2012,2020-10-21 09:33:27.300,3332.0000,32726,0,572658360.000,0,-,-,-,-,3332.0000,3331.8000,3331.4000,3330.2000,3330.0000,3332.8000,3333.0000,3334.0000,3334.4000,3334.8000,2,1,1,1,4,1,1,1,2,1
SF,IH2012,2020-10-21 09:33:27.800,3332.8000,32726,0,573658200.000,1,0,1,多换,S,3332.2000,3332.0000,3331.4000,3330.2000,3330.0000,3333.0000,3334.0000,3334.4000,3334.8000,3335.0000,1,2,1,1,4,1,1,2,1,1
SF,IH2012,2020-10-21 09:33:28.300,3333.0000,32725,-1,574658100.000,1,0,1,双平,S,3332.4000,3332.2000,3331.4000,3330.2000,3330.0000,3334.0000,3334.4000,3334.8000,3335.0000,3335.6000,3,1,1,1,4,1,2,1,1,2
SF,IH2012,2020-10-21 09:33:28.800,3333.0000,32725,0,574658100.000,0,-,-,-,-,3332.6000,3332.4000,3332.0000,3330.2000,3330.0000,3333.2000,3333.6000,3333.8000,3334.0000,3334.4000,1,3,1,1,4,3,1,7,1,2
SF,IH2012,2020-10-21 09:33:29.300,3333.0000,32725,0,574658100.000,0,-,-,-,-,3332.4000,3332.0000,3330.0000,3329.4000,3329.2000,3333.8000,3334.0000,3334.8000,3335.0000,3335.6000,3,1,4,1,3,2,1,1,1,2
SF,IH2012,2020-10-21 09:33:29.800,3333.0000,32725,0,574658100.000,0,-,-,-,-,3332.4000,3332.0000,3330.0000,3329.4000,3329.2000,3333.6000,3333.8000,3334.0000,3334.8000,3335.0000,3,1,4,1,3,2,6,1,1,1
SF,IH2012,2020-10-21 09:33:30.300,3333.0000,32725,0,574658100.000,0,-,-,-,-,3332.4000,3332.0000,3330.0000,3329.4000,3329.2000,3333.4000,3333.6000,3333.8000,3334.0000,3334.8000,2,1,4,1,3,2,1,4,1,1
SF,IH2012,2020-10-21 09:33:30.800,3333.0000,32725,0,574658100.000,0,-,-,-,-,3332.4000,3332.0000,3330.0000,3329.4000,3329.2000,3333.2000,3333.4000,3333.8000,3334.0000,3334.8000,2,1,4,1,3,1,3,4,1,1
SF,IH2012,2020-10-21 09:33:31.300,3333.0000,32725,0,575658000.000,1,0,1,多换,S,3332.4000,3332.0000,3330.0000,3329.4000,3329.2000,3333.2000,3333.8000,3334.0000,3334.8000,3335.0000,2,1,4,1,3,1,4,1,1,1
SF,IH2012,2020-10-21 09:33:31.800,3333.2000,32724,-1,576657960.000,1,0,1,双平,S,3332.4000,3332.0000,3330.0000,3329.4000,3329.2000,3333.8000,3334.0000,3334.8000,3335.0000,3335.6000,2,1,3,1,3,4,1,1,1,2
SF,IH2012,2020-10-21 09:33:32.300,3333.2000,32724,0,576657960.000,0,-,-,-,-,3332.6000,3332.4000,3332.0000,3330.0000,3329.4000,3333.8000,3334.0000,3334.8000,3335.0000,3335.6000,2,2,1,3,1,1,1,1,1,2
SF,IH2012,2020-10-21 09:33:32.800,3333.2000,32724,0,576657960.000,0,-,-,-,-,3332.8000,3332.6000,3332.4000,3332.0000,3330.0000,3333.8000,3334.0000,3334.8000,3335.0000,3335.6000,2,2,1,1,3,3,1,1,1,2
SF,IH2012,2020-10-21 09:33:33.300,3333.2000,32724,0,576657960.000,0,-,-,-,-,3332.8000,3332.6000,3332.4000,3332.0000,3330.0000,3334.0000,3334.8000,3335.0000,3335.6000,3336.0000,2,2,1,1,3,1,1,1,2,2
SF,IH2012,2020-10-21 09:33:33.800,3333.2000,32724,0,576657960.000,0,-,-,-,-,3332.8000,3332.6000,3332.4000,3332.0000,3330.0000,3334.0000,3334.8000,3335.0000,3335.6000,3336.0000,2,2,1,1,3,5,1,1,2,2
SF,IH2012,2020-10-21 09:33:34.300,3333.2000,32724,0,576657960.000,0,-,-,-,-,3333.0000,3332.8000,3332.4000,3332.0000,3330.0000,3334.0000,3334.8000,3335.0000,3335.6000,3336.0000,1,2,1,1,3,5,1,1,2,2
SF,IH2012,2020-10-21 09:33:34.800,3333.2000,32724,0,576657960.000,0,-,-,-,-,3333.2000,3333.0000,3332.8000,3332.4000,3332.0000,3334.0000,3334.8000,3335.0000,3335.6000,3336.0000,1,1,1,1,1,1,1,1,2,2
SF,IH2012,2020-10-21 09:33:35.300,3333.2000,32724,0,576657960.000,0,-,-,-,-,3333.4000,3333.2000,3333.0000,3332.8000,3332.4000,3334.0000,3334.8000,3335.0000,3335.6000,3336.0000,1,1,1,1,1,1,1,1,2,1
SF,IH2012,2020-10-21 09:33:35.800,3333.2000,32724,0,576657960.000,0,-,-,-,-,3333.4000,3333.2000,3333.0000,3332.8000,3332.4000,3334.0000,3334.8000,3335.0000,3335.6000,3336.0000,1,1,1,1,1,1,1,1,2,1
SF,IH2012,2020-10-21 09:33:36.300,3333.2000,32724,0,576657960.000,0,-,-,-,-,3333.6000,3333.4000,3333.2000,3333.0000,3332.4000,3334.0000,3334.8000,3335.0000,3335.6000,3336.0000,1,2,1,1,1,1,1,1,2,1
SF,IH2012,2020-10-21 09:33:36.800,3334.0000,32723,-1,577658160.000,1,0,1,双平,S,3333.4000,3333.2000,3333.0000,3332.4000,3332.0000,3334.8000,3335.0000,3335.6000,3336.0000,3336.6000,2,1,1,1,1,1,1,2,1,1
SF,IH2012,2020-10-21 09:33:37.300,3333.6000,32722,-1,578658240.000,1,0,1,双平,S,3333.6000,3333.4000,3333.2000,3333.0000,3332.4000,3334.8000,3335.0000,3335.6000,3336.0000,3336.6000,1,2,1,1,1,1,1,2,1,1
SF,IH2012,2020-10-21 09:33:37.800,3333.6000,32722,0,578658240.000,0,-,-,-,-,3333.6000,3333.4000,3333.2000,3333.0000,3332.4000,3334.6000,3334.8000,3335.0000,3335.6000,3336.0000,1,1,1,1,1,4,1,1,2,1
SF,IH2012,2020-10-21 09:33:38.300,3333.6000,32722,0,578658240.000,0,-,-,-,-,3333.4000,3333.2000,3333.0000,3332.4000,3332.0000,3334.6000,3334.8000,3335.0000,3335.6000,3336.0000,1,1,1,1,1,2,1,1,2,1
SF,IH2012,2020-10-21 09:33:38.800,3333.6000,32722,0,578658240.000,0,-,-,-,-,3333.6000,3333.4000,3333.2000,3333.0000,3332.4000,3334.4000,3334.6000,3334.8000,3335.0000,3335.6000,1,1,1,1,1,1,1,1,1,2
SF,IH2012,2020-10-21 09:33:39.300,3333.6000,32722,0,578658240.000,0,-,-,-,-,3333.6000,3333.4000,3333.2000,3333.0000,3332.4000,3334.4000,3334.6000,3334.8000,3335.0000,3335.6000,2,2,1,1,1,1,1,1,1,2
SF,IH2012,2020-10-21 09:33:39.800,3333.6000,32722,0,578658240.000,0,-,-,-,-,3333.6000,3333.4000,3333.2000,3333.0000,3332.4000,3334.4000,3334.6000,3334.8000,3335.0000,3335.6000,2,2,1,1,1,1,1,1,1,2
SF,IH2012,2020-10-21 09:33:40.300,3333.6000,32722,0,578658240.000,0,-,-,-,-,3333.6000,3333.4000,3333.2000,3333.0000,3332.4000,3334.2000,3334.6000,3334.8000,3335.0000,3335.6000,2,2,1,1,1,1,1,1,1,2
SF,IH2012,2020-10-21 09:33:40.800,3333.6000,32722,0,578658240.000,0,-,-,-,-,3333.4000,3333.2000,3333.0000,3332.4000,3332.0000,3334.2000,3334.6000,3334.8000,3335.0000,3335.6000,2,1,1,1,1,1,1,1,1,2
SF,IH2012,2020-10-21 09:33:41.800,3333.4000,32721,-1,580658280.000,2,0,2,多平,S,3333.2000,3333.0000,3332.4000,3332.0000,3330.2000,3334.0000,3334.2000,3334.6000,3334.8000,3335.0000,1,1,1,1,1,1,1,1,1,1
SF,IH2012,2020-10-21 09:33:42.300,3333.8000,32720,-1,582658380.000,2,0,2,多平,S,3333.0000,3332.4000,3332.0000,3330.2000,3330.0000,3334.0000,3334.2000,3334.6000,3334.8000,3335.0000,1,1,1,1,4,1,1,1,1,1
SF,IH2012,2020-10-21 09:33:43.300,3333.8000,32720,0,582658380.000,0,-,-,-,-,3333.0000,3332.4000,3332.0000,3330.2000,3330.0000,3334.0000,3334.6000,3334.8000,3335.0000,3335.6000,1,1,1,1,4,1,1,1,1,2
SF,IH2012,2020-10-21 09:33:43.800,3333.8000,32720,0,582658380.000,0,-,-,-,-,3333.0000,3332.4000,3332.0000,3330.2000,3330.0000,3334.0000,3334.6000,3334.8000,3335.0000,3335.6000,2,1,1,1,5,1,1,1,1,2
SF,IH2012,2020-10-21 09:33:44.300,3333.8000,32720,0,582658380.000,0,-,-,-,-,3333.0000,3332.4000,3332.0000,3330.2000,3330.0000,3334.0000,3334.6000,3334.8000,3335.0000,3335.6000,1,1,1,1,5,1,1,1,1,2
SF,IH2012,2020-10-21 09:33:44.800,3333.0000,32720,0,583658280.000,1,0,1,多换,S,3332.4000,3332.0000,3330.2000,3330.0000,3329.2000,3334.6000,3334.8000,3335.0000,3335.6000,3336.0000,1,1,1,5,3,1,1,1,2,1
SF,IH2012,2020-10-21 09:33:45.300,3333.0000,32720,0,583658280.000,0,-,-,-,-,3332.6000,3332.4000,3332.0000,3330.2000,3330.0000,3334.0000,3334.4000,3334.6000,3334.8000,3335.0000,2,1,1,1,5,2,2,1,1,1
SF,IH2012,2020-10-21 09:33:45.800,3333.0000,32720,0,583658280.000,0,-,-,-,-,3332.6000,3332.4000,3332.0000,3330.2000,3330.0000,3333.8000,3334.0000,3334.4000,3334.8000,3335.0000,2,1,1,1,5,2,2,2,1,1
SF,IH2012,2020-10-21 09:33:46.300,3333.0000,32720,0,583658280.000,0,-,-,-,-,3332.6000,3332.4000,3332.0000,3330.2000,3330.0000,3333.8000,3334.0000,3334.4000,3334.8000,3335.0000,2,1,1,1,5,1,1,2,1,1
SF,IH2012,2020-10-21 09:33:46.800,3333.0000,32720,0,583658280.000,0,-,-,-,-,3332.8000,3332.6000,3332.0000,3330.2000,3330.0000,3333.8000,3334.0000,3334.4000,3334.8000,3335.0000,1,2,1,2,5,1,1,2,1,1
SF,IH2012,2020-10-21 09:33:47.300,3333.0000,32720,0,583658280.000,0,-,-,-,-,3333.8000,3333.0000,3332.8000,3332.6000,3332.0000,3334.0000,3334.4000,3334.8000,3335.0000,3335.6000,1,2,1,1,1,1,2,1,1,2
SF,IH2012,2020-10-21 09:33:47.800,3334.0000,32719,-1,584658480.000,1,0,1,双平,S,3334.0000,3333.8000,3333.0000,3332.8000,3332.6000,3334.8000,3335.0000,3335.6000,3336.0000,3336.6000,2,1,2,1,1,1,1,2,1,1
SF,IH2012,2020-10-21 09:33:48.300,3334.0000,32719,0,584658480.000,0,-,-,-,-,3333.8000,3333.0000,3332.8000,3332.6000,3332.0000,3334.6000,3334.8000,3335.0000,3335.6000,3336.0000,1,2,1,1,1,1,3,1,2,1
SF,IH2012,2020-10-21 09:33:48.800,3334.0000,32719,0,584658480.000,0,-,-,-,-,3333.8000,3333.0000,3332.8000,3332.6000,3332.0000,3334.6000,3334.8000,3335.0000,3335.6000,3336.0000,1,3,1,1,1,1,1,1,2,1
SF,IH2012,2020-10-21 09:33:49.800,3334.0000,32719,0,584658480.000,0,-,-,-,-,3333.8000,3333.0000,3332.8000,3332.6000,3332.0000,3334.6000,3334.8000,3335.0000,3335.6000,3336.0000,1,3,1,1,1,1,1,1,2,1
SF,IH2012,2020-10-21 09:33:50.300,3334.0000,32719,0,584658480.000,0,-,-,-,-,3333.8000,3333.0000,3332.8000,3330.2000,3330.0000,3334.8000,3335.0000,3335.6000,3336.0000,3336.6000,2,2,1,2,7,1,1,2,1,1
SF,IH2012,2020-10-21 09:33:50.800,3334.0000,32719,0,584658480.000,0,-,-,-,-,3334.0000,3333.8000,3333.0000,3330.2000,3330.0000,3334.8000,3335.0000,3335.6000,3336.0000,3336.6000,2,3,1,2,7,1,1,2,1,1
SF,IH2012,2020-10-21 09:33:51.300,3334.8000,32719,0,585658920.000,1,0,1,多换,S,3334.2000,3334.0000,3333.8000,3333.0000,3330.2000,3335.0000,3335.6000,3336.0000,3336.6000,3336.8000,2,2,2,1,2,1,2,1,1,1
SF,IH2012,2020-10-21 09:33:51.800,3334.8000,32719,0,585658920.000,0,-,-,-,-,3334.2000,3334.0000,3333.8000,3333.0000,3330.2000,3335.0000,3335.6000,3336.0000,3336.6000,3336.8000,2,2,2,1,2,1,1,1,1,1
SF,IH2012,2020-10-21 09:33:52.300,3334.8000,32719,0,585658920.000,0,-,-,-,-,3334.2000,3334.0000,3333.8000,3333.0000,3330.2000,3335.0000,3335.6000,3336.0000,3336.6000,3336.8000,1,2,2,1,2,1,1,1,1,1
SF,IH2012,2020-10-21 09:33:52.800,3334.8000,32719,0,585658920.000,0,-,-,-,-,3334.2000,3334.0000,3333.8000,3333.0000,3330.2000,3335.0000,3335.6000,3336.0000,3336.6000,3336.8000,1,2,1,1,2,1,1,1,1,1
SF,IH2012,2020-10-21 09:33:53.300,3334.8000,32719,0,585658920.000,0,-,-,-,-,3334.0000,3333.8000,3333.0000,3330.2000,3330.0000,3335.0000,3335.6000,3336.0000,3336.6000,3336.8000,2,1,1,2,7,1,1,1,1,1
SF,IH2012,2020-10-21 09:33:53.800,3335.0000,32718,-1,586659420.000,1,0,1,双平,S,3334.0000,3333.8000,3333.0000,3330.2000,3330.0000,3335.0000,3335.6000,3336.0000,3336.6000,3336.8000,2,1,1,2,7,1,1,1,1,1
SF,IH2012,2020-10-21 09:33:54.300,3335.0000,32718,0,586659420.000,0,-,-,-,-,3334.2000,3334.0000,3333.8000,3333.0000,3330.2000,3335.0000,3335.6000,3336.0000,3336.6000,3336.8000,1,2,1,1,2,1,1,1,1,1
SF,IH2012,2020-10-21 09:33:55.800,3335.0000,32718,0,586659420.000,0,-,-,-,-,3334.2000,3334.0000,3333.8000,3333.0000,3330.2000,3334.8000,3335.0000,3335.6000,3336.0000,3336.6000,1,2,1,1,2,1,1,1,1,1
SF,IH2012,2020-10-21 09:33:56.300,3334.2000,32718,0,587659680.000,1,0,1,多换,S,3334.0000,3333.0000,3330.2000,3330.0000,3329.2000,3334.8000,3335.0000,3335.6000,3336.0000,3336.6000,2,1,2,7,3,1,1,1,1,1
SF,IH2012,2020-10-21 09:33:56.800,3334.0000,32716,-2,589660080.000,2,0,2,双平,S,3333.0000,3330.2000,3330.0000,3329.2000,3329.0000,3334.6000,3334.8000,3335.0000,3335.6000,3336.0000,1,2,7,3,3,1,2,1,1,1
SF,IH2012,2020-10-21 09:33:57.300,3333.2000,32716,0,590660040.000,1,0,1,多换,S,3333.2000,3333.0000,3330.2000,3330.0000,3329.2000,3334.4000,3334.6000,3334.8000,3335.0000,3335.6000,1,1,2,7,1,3,1,1,1,1
SF,IH2012,2020-10-21 09:33:57.800,3333.2000,32716,0,590660040.000,0,-,-,-,-,3333.0000,3330.2000,3330.0000,3329.2000,3329.0000,3334.2000,3334.4000,3334.6000,3334.8000,3335.0000,1,3,7,1,3,2,2,1,1,1
SF,IH2012,2020-10-21 09:33:58.300,3333.0000,32716,0,591659940.000,1,0,1,多换,S,3330.2000,3330.0000,3329.2000,3329.0000,3328.0000,3333.0000,3333.8000,3334.0000,3334.2000,3334.6000,3,7,1,3,2,1,1,2,1,1
SF,IH2012,2020-10-21 09:33:58.800,3333.0000,32716,0,591659940.000,0,-,-,-,-,3332.0000,3331.6000,3331.4000,3331.0000,3330.6000,3332.8000,3333.0000,3333.8000,3334.0000,3334.8000,1,1,2,2,8,3,1,1,2,1
SF,IH2012,2020-10-21 09:33:59.300,3333.0000,32716,0,591659940.000,0,-,-,-,-,3331.4000,3330.6000,3330.4000,3330.2000,3330.0000,3332.8000,3333.0000,3333.8000,3334.0000,3334.2000,2,7,13,5,8,2,1,1,2,2
SF,IH2012,2020-10-21 09:33:59.800,3332.8000,32717,1,592659780.000,1,1,0,双开,S,3331.6000,3331.4000,3330.6000,3330.4000,3330.2000,3332.8000,3333.0000,3333.8000,3334.0000,3334.2000,4,3,3,9,4,1,1,1,2,2
SF,IH2012,2020-10-21 09:34:00.300,3332.8000,32716,-1,593659620.000,1,0,1,双平,S,3332.8000,3331.8000,3331.6000,3331.4000,3330.6000,3333.0000,3333.8000,3334.0000,3334.2000,3335.0000,1,4,4,3,3,1,1,2,2,1
SF,IH2012,2020-10-21 09:34:00.800,3332.8000,32715,-1,596659200.000,3,1,2,多平,S,3333.0000,3331.8000,3331.6000,3331.4000,3330.6000,3334.0000,3334.2000,3335.0000,3335.6000,3335.8000,1,4,4,3,3,2,2,1,1,1
SF,IH2012,2020-10-21 09:34:01.300,3333.0000,32714,-1,597659100.000,1,0,1,双平,S,3332.8000,3331.8000,3331.6000,3331.4000,3330.6000,3333.8000,3334.0000,3334.2000,3335.0000,3335.6000,1,3,4,3,3,3,1,2,1,1
SF,IH2012,2020-10-21 09:34:01.800,3333.0000,32714,0,597659100.000,0,-,-,-,-,3332.8000,3331.8000,3331.6000,3331.4000,3330.6000,3333.6000,3333.8000,3334.0000,3334.2000,3335.0000,1,3,4,3,3,2,3,1,2,1
SF,IH2012,2020-10-21 09:34:02.300,3333.0000,32714,0,597659100.000,0,-,-,-,-,3333.0000,3332.8000,3331.8000,3331.6000,3331.4000,3333.4000,3333.6000,3333.8000,3334.0000,3334.2000,1,1,3,2,3,1,2,1,1,2
SF,IH2012,2020-10-21 09:34:02.800,3333.0000,32714,0,598659000.000,1,0,1,多换,S,3332.8000,3331.8000,3331.6000,3331.4000,3330.6000,3333.2000,3333.4000,3333.8000,3334.0000,3334.2000,1,3,1,3,3,1,1,1,1,2
SF,IH2012,2020-10-21 09:34:03.300,3332.8000,32714,0,599658840.000,1,0,1,多换,S,3331.8000,3331.6000,3331.4000,3330.6000,3330.4000,3333.0000,3333.2000,3333.4000,3333.8000,3334.0000,1,1,3,3,8,1,2,1,1,1
SF,IH2012,2020-10-21 09:34:03.800,3332.8000,32714,0,599658840.000,0,-,-,-,-,3332.0000,3331.8000,3331.6000,3331.4000,3330.6000,3332.8000,3333.0000,3333.2000,3333.4000,3334.0000,2,2,1,2,3,3,1,1,1,1
SF,IH2012,2020-10-21 09:34:04.300,3332.8000,32714,0,599658840.000,0,-,-,-,-,3332.0000,3331.8000,3331.6000,3331.4000,3330.6000,3332.6000,3332.8000,3333.0000,3333.2000,3334.0000,4,2,1,2,3,1,2,1,1,1
SF,IH2012,2020-10-21 09:34:04.800,3333.0000,32710,-4,603658200.000,4,0,4,双平,S,3332.2000,3332.0000,3331.8000,3331.6000,3331.4000,3333.2000,3334.0000,3334.2000,3335.0000,3335.6000,3,3,1,1,2,1,1,2,2,1
SF,IH2012,2020-10-21 09:34:05.300,3333.0000,32710,0,603658200.000,0,-,-,-,-,3332.4000,3332.2000,3332.0000,3331.8000,3331.6000,3334.0000,3334.2000,3335.0000,3335.6000,3335.8000,2,3,1,1,1,1,2,2,1,1
SF,IH2012,2020-10-21 09:34:05.800,3333.0000,32710,0,603658200.000,0,-,-,-,-,3332.6000,3332.4000,3332.2000,3332.0000,3331.6000,3333.8000,3334.0000,3334.2000,3335.0000,3335.6000,1,2,2,1,1,3,1,2,2,1
SF,IH2012,2020-10-21 09:34:06.300,3333.0000,32710,0,603658200.000,0,-,-,-,-,3332.8000,3332.6000,3332.4000,3332.2000,3332.0000,3333.6000,3333.8000,3334.0000,3334.2000,3335.0000,1,1,1,2,1,2,2,1,2,2
SF,IH2012,2020-10-21 09:34:06.800,3332.8000,32709,-1,604658040.000,1,0,1,双平,S,3332.4000,3332.2000,3332.0000,3331.6000,3331.4000,3333.4000,3333.6000,3334.0000,3334.2000,3335.0000,1,2,1,1,2,2,1,1,2,2
SF,IH2012,2020-10-21 09:34:07.800,3332.8000,32709,0,604658040.000,0,-,-,-,-,3332.4000,3332.2000,3332.0000,3331.6000,3331.4000,3333.4000,3333.6000,3334.0000,3334.2000,3335.0000,1,1,1,1,2,2,1,1,2,2
SF,IH2012,2020-10-21 09:34:08.300,3332.8000,32709,0,604658040.000,0,-,-,-,-,3332.4000,3332.2000,3332.0000,3331.6000,3331.4000,3333.2000,3333.4000,3334.0000,3334.2000,3335.0000,1,1,1,1,2,1,2,1,2,2
SF,IH2012,2020-10-21 09:34:08.800,3332.8000,32709,0,604658040.000,0,-,-,-,-,3332.4000,3332.2000,3332.0000,3331.6000,3331.4000,3333.2000,3333.4000,3334.0000,3334.2000,3335.0000,1,1,2,1,2,1,2,1,2,2
SF,IH2012,2020-10-21 09:34:09.300,3332.8000,32709,0,604658040.000,0,-,-,-,-,3332.6000,3332.4000,3332.2000,3332.0000,3331.6000,3333.4000,3334.0000,3334.2000,3335.0000,3335.6000,1,1,1,2,1,2,1,2,2,1
SF,IH2012,2020-10-21 09:34:09.800,3332.6000,32709,0,605657820.000,1,0,1,多换,S,3332.4000,3332.2000,3332.0000,3331.6000,3331.4000,3333.4000,3334.0000,3334.2000,3335.0000,3335.6000,1,1,2,1,2,1,1,2,2,1
SF,IH2012,2020-10-21 09:34:10.300,3332.4000,32709,0,606657540.000,1,0,1,多换,S,3332.2000,3332.0000,3331.6000,3331.4000,3330.6000,3333.4000,3334.0000,3334.2000,3335.0000,3335.6000,1,2,1,2,3,1,1,2,2,1
SF,IH2012,2020-10-21 09:34:10.800,3332.4000,32709,0,606657540.000,0,-,-,-,-,3332.4000,3332.2000,3332.0000,3331.6000,3331.4000,3333.4000,3334.0000,3334.2000,3335.0000,3335.6000,2,1,2,1,2,2,1,2,2,1
SF,IH2012,2020-10-21 09:34:11.300,3332.4000,32709,0,606657540.000,0,-,-,-,-,3332.4000,3332.2000,3332.0000,3331.6000,3331.4000,3333.4000,3334.0000,3334.2000,3335.0000,3335.6000,2,1,2,1,2,1,1,2,2,1
SF,IH2012,2020-10-21 09:34:11.800,3332.4000,32709,0,606657540.000,0,-,-,-,-,3332.6000,3332.4000,3332.2000,3332.0000,3331.6000,3333.0000,3334.0000,3334.2000,3335.0000,3335.6000,2,3,1,2,1,1,1,2,2,1
SF,IH2012,2020-10-21 09:34:12.300,3333.0000,32709,0,607657440.000,1,0,1,多换,S,3333.0000,3332.6000,3332.4000,3332.2000,3332.0000,3334.0000,3334.2000,3335.0000,3335.6000,3335.8000,5,1,2,1,2,1,2,2,1,1
SF,IH2012,2020-10-21 09:34:12.800,3333.0000,32709,0,607657440.000,0,-,-,-,-,3333.2000,3333.0000,3332.8000,3332.6000,3332.4000,3334.0000,3334.2000,3335.0000,3335.6000,3335.8000,1,3,1,1,2,2,2,2,1,1
SF,IH2012,2020-10-21 09:34:13.800,3333.0000,32709,0,607657440.000,0,-,-,-,-,3333.2000,3333.0000,3332.8000,3332.6000,3332.4000,3334.0000,3334.2000,3335.0000,3335.6000,3335.8000,1,3,1,1,1,2,2,2,1,1
SF,IH2012,2020-10-21 09:34:14.300,3333.0000,32709,0,607657440.000,0,-,-,-,-,3333.2000,3333.0000,3332.8000,3332.6000,3332.2000,3334.0000,3334.2000,3335.0000,3335.6000,3335.8000,1,3,1,1,1,2,2,2,1,1
SF,IH2012,2020-10-21 09:34:14.800,3333.0000,32709,0,607657440.000,0,-,-,-,-,3333.2000,3333.0000,3332.8000,3332.6000,3332.0000,3334.0000,3334.2000,3335.0000,3335.6000,3335.8000,1,3,1,1,2,2,2,2,1,1
SF,IH2012,2020-10-21 09:34:15.300,3333.2000,32708,-1,608657400.000,1,0,1,双平,S,3333.0000,3332.8000,3332.6000,3332.0000,3331.6000,3334.0000,3334.2000,3335.0000,3335.6000,3335.8000,1,1,1,2,1,2,2,2,1,1
SF,IH2012,2020-10-21 09:34:15.800,3333.2000,32708,0,608657400.000,0,-,-,-,-,3333.0000,3332.8000,3332.6000,3332.0000,3331.6000,3333.8000,3334.0000,3335.0000,3335.6000,3335.8000,2,1,1,2,1,1,2,2,1,1
SF,IH2012,2020-10-21 09:34:16.800,3333.2000,32708,0,608657400.000,0,-,-,-,-,3333.0000,3332.8000,3332.6000,3332.0000,3331.6000,3333.8000,3334.0000,3334.8000,3335.0000,3335.6000,1,1,1,2,1,1,2,1,2,1
SF,IH2012,2020-10-21 09:34:17.300,3333.2000,32708,0,608657400.000,0,-,-,-,-,3333.0000,3332.8000,3332.6000,3332.0000,3331.6000,3333.6000,3333.8000,3334.0000,3334.8000,3335.0000,1,1,1,2,1,1,1,2,1,2
SF,IH2012,2020-10-21 09:34:17.800,3333.2000,32708,0,608657400.000,0,-,-,-,-,3333.0000,3332.6000,3332.0000,3331.6000,3331.4000,3333.4000,3333.6000,3334.0000,3334.8000,3335.0000,1,1,2,1,2,1,1,2,1,2
SF,IH2012,2020-10-21 09:34:18.300,3333.2000,32708,0,608657400.000,0,-,-,-,-,3332.6000,3332.0000,3331.6000,3331.4000,3330.6000,3333.4000,3333.6000,3334.0000,3334.8000,3335.0000,1,2,1,2,3,2,1,1,1,2
SF,IH2012,2020-10-21 09:34:19.800,3332.6000,32708,0,609657180.000,1,0,1,多换,S,3332.0000,3331.6000,3331.4000,3330.6000,3330.4000,3333.0000,3333.4000,3333.6000,3334.0000,3334.8000,2,1,2,3,7,2,2,1,1,1
SF,IH2012,2020-10-21 09:34:20.300,3332.6000,32708,0,609657180.000,0,-,-,-,-,3332.2000,3332.0000,3331.6000,3331.4000,3330.6000,3332.8000,3333.0000,3333.2000,3333.4000,3334.0000,2,2,1,2,3,1,3,1,1,1
SF,IH2012,2020-10-21 09:34:20.800,3332.6000,32708,0,609657180.000,0,-,-,-,-,3332.0000,3331.6000,3331.4000,3330.6000,3330.4000,3332.8000,3333.0000,3333.2000,3333.4000,3334.0000,2,1,2,3,7,1,3,1,1,1
SF,IH2012,2020-10-21 09:34:21.300,3332.6000,32708,0,609657180.000,0,-,-,-,-,3332.0000,3331.6000,3331.4000,3330.6000,3330.4000,3332.8000,3333.0000,3333.2000,3334.0000,3334.8000,2,1,2,3,7,2,3,1,1,1
SF,IH2012,2020-10-21 09:34:21.800,3332.6000,32708,0,609657180.000,0,-,-,-,-,3332.4000,3332.2000,3332.0000,3331.6000,3331.4000,3332.8000,3333.0000,3333.2000,3334.0000,3334.8000,1,2,2,1,2,2,3,1,1,1
SF,IH2012,2020-10-21 09:34:22.300,3332.8000,32708,0,610657020.000,1,0,1,多换,S,3332.4000,3332.2000,3332.0000,3331.6000,3331.4000,3332.8000,3333.0000,3333.2000,3334.0000,3334.8000,1,2,2,1,2,1,3,1,1,1
SF,IH2012,2020-10-21 09:34:22.800,3332.8000,32708,0,610657020.000,0,-,-,-,-,3332.2000,3332.0000,3331.6000,3331.4000,3330.6000,3333.0000,3334.0000,3334.8000,3335.0000,3335.6000,2,2,1,2,3,3,1,1,2,1
SF,IH2012,2020-10-21 09:34:23.300,3332.8000,32708,0,610657020.000,0,-,-,-,-,3332.0000,3331.6000,3331.4000,3330.6000,3330.4000,3333.0000,3334.0000,3334.8000,3335.0000,3335.6000,2,1,2,3,7,3,1,1,2,1
SF,IH2012,2020-10-21 09:34:23.800,3332.8000,32708,0,610657020.000,0,-,-,-,-,3332.2000,3332.0000,3331.6000,3331.4000,3330.6000,3333.0000,3334.0000,3334.8000,3335.0000,3335.6000,1,5,1,2,3,3,1,1,2,1
SF,IH2012,2020-10-21 09:34:24.300,3332.8000,32708,0,610657020.000,0,-,-,-,-,3332.4000,3332.2000,3332.0000,3331.6000,3331.4000,3333.0000,3334.0000,3334.8000,3335.0000,3335.6000,1,1,5,1,2,3,1,1,2,1
SF,IH2012,2020-10-21 09:34:24.800,3332.8000,32708,0,610657020.000,0,-,-,-,-,3332.4000,3332.2000,3332.0000,3331.6000,3331.4000,3333.0000,3334.0000,3334.8000,3335.0000,3335.6000,1,1,5,1,2,3,1,1,2,1
SF,IH2012,2020-10-21 09:34:26.800,3333.0000,32708,0,613656720.000,3,1,2,多换,S,3332.4000,3332.2000,3332.0000,3331.6000,3331.4000,3334.0000,3334.8000,3335.0000,3335.6000,3335.8000,1,1,5,1,2,1,1,2,1,1
SF,IH2012,2020-10-21 09:34:27.300,3333.0000,32708,0,613656720.000,0,-,-,-,-,3332.6000,3332.0000,3331.6000,3331.4000,3330.6000,3333.8000,3334.0000,3334.8000,3335.0000,3335.6000,2,5,1,2,3,2,1,1,2,1
SF,IH2012,2020-10-21 09:34:27.800,3333.0000,32708,0,613656720.000,0,-,-,-,-,3332.8000,3332.6000,3332.0000,3331.6000,3331.4000,3333.8000,3334.0000,3334.8000,3335.0000,3335.6000,1,1,5,1,2,2,1,1,2,1
