市场代码,合约代码,时间,最新,持仓,增仓,成交额,成交量,开仓,平仓,成交类型,方向,买一价,买二价,买三价,买四价,买五价,卖一价,卖二价,卖三价,卖四价,卖五价,买一量,买二量,买三量,买四量,买五量,卖一量,卖二量,卖三量,卖四量,卖五量
SF,IH2009,2020-05-22 09:29:00.000,2728.0000,14628,0,4910400.000,6.000,-,-,-,-,2728.0000,2727.6000,2727.4000,2726.0000,2723.6000,2728.2000,2732.0000,2733.8000,2735.0000,2735.8000,1,2,1,1,1,1,1,1,2,1
SF,IH2009,2020-05-22 09:30:00.500,2727.4000,14629,1,9001800.000,5,3,2,空开,S,2726.0000,2725.0000,2723.6000,2723.2000,2723.0000,2726.8000,2727.4000,2727.6000,2727.8000,2728.0000,1,1,1,1,1,5,1,6,19,2
SF,IH2009,2020-05-22 09:30:01.000,2726.8000,14626,-3,18817680.000,12,4,8,多平,S,2726.0000,2725.0000,2723.6000,2723.2000,2723.0000,2727.2000,2727.4000,2727.6000,2727.8000,2728.0000,1,1,1,1,1,1,1,1,9,1
SF,IH2009,2020-05-22 09:30:01.500,2727.2000,14624,-2,20453640.000,2,0,2,双平,S,2727.2000,2726.2000,2725.0000,2723.6000,2723.2000,2727.4000,2728.0000,2733.8000,2735.0000,2735.8000,1,2,1,1,1,1,1,1,2,1
SF,IH2009,2020-05-22 09:30:02.000,2726.0000,14623,-1,23725560.000,4,1,3,多平,S,2725.0000,2723.6000,2723.2000,2723.0000,2722.0000,2726.2000,2726.8000,2727.0000,2727.2000,2727.4000,1,1,1,2,2,2,9,1,7,2
SF,IH2009,2020-05-22 09:30:02.500,2725.2000,14621,-2,25360680.000,2,0,2,双平,S,2725.2000,2725.0000,2723.6000,2723.2000,2723.0000,2726.2000,2726.4000,2727.0000,2727.2000,2727.4000,2,1,1,1,2,2,1,1,1,1
SF,IH2009,2020-05-22 09:30:03.000,2726.2000,14621,0,26178540.000,1,0,1,多换,S,2726.2000,2725.4000,2725.2000,2725.0000,2723.6000,2727.2000,2727.4000,2732.2000,2735.0000,2735.8000,1,1,1,1,1,1,1,5,2,1
SF,IH2009,2020-05-22 09:30:03.500,2726.2000,14621,0,26178540.000,0,-,-,-,-,2726.8000,2726.4000,2726.2000,2725.4000,2725.2000,2727.2000,2727.4000,2732.2000,2735.0000,2735.8000,1,2,1,2,1,1,1,5,2,1
SF,IH2009,2020-05-22 09:30:04.000,2727.4000,14621,0,27814980.000,2,1,1,多换,S,2727.2000,2727.0000,2726.8000,2726.2000,2725.4000,2732.2000,2735.0000,2735.8000,2736.0000,2736.8000,2,3,1,2,1,5,2,1,1,1
SF,IH2009,2020-05-22 09:30:04.500,2728.4000,14620,-1,28633500.000,1,0,1,双平,S,2728.2000,2727.4000,2727.2000,2726.8000,2726.2000,2728.6000,2728.8000,2729.0000,2729.2000,2729.4000,1,4,3,1,1,2,1,1,2,1
SF,IH2009,2020-05-22 09:30:05.000,2728.2000,14618,-2,31088940.000,3,0,3,多平,S,2728.8000,2728.6000,2727.4000,2727.2000,2726.8000,2729.8000,2730.2000,2730.4000,2731.2000,2731.4000,1,1,3,3,1,1,1,1,1,3
SF,IH2009,2020-05-22 09:30:05.500,2728.8000,14617,-1,31907580.000,1,0,1,双平,S,2728.8000,2728.6000,2727.4000,2727.2000,2726.8000,2729.6000,2729.8000,2730.2000,2730.4000,2731.2000,1,2,2,3,1,2,1,1,1,1
SF,IH2009,2020-05-22 09:30:06.000,2728.8000,14617,0,31907580.000,0,-,-,-,-,2728.6000,2727.4000,2727.2000,2726.8000,2725.4000,2729.0000,2729.6000,2729.8000,2730.0000,2730.2000,2,2,3,1,1,2,2,1,1,1
SF,IH2009,2020-05-22 09:30:06.500,2729.8000,14613,-4,35182800.000,4,0,4,双平,S,2728.6000,2727.4000,2727.2000,2726.8000,2725.4000,2731.2000,2732.0000,2735.0000,2735.8000,2736.0000,3,1,3,1,1,1,6,2,1,6
SF,IH2009,2020-05-22 09:30:07.000,2729.8000,14613,0,35182800.000,0,-,-,-,-,2728.8000,2728.6000,2727.4000,2727.2000,2726.8000,2730.6000,2730.8000,2731.0000,2731.2000,2732.0000,2,2,1,3,1,1,11,3,1,3
SF,IH2009,2020-05-22 09:30:07.500,2729.8000,14613,0,35182800.000,0,-,-,-,-,2728.8000,2728.6000,2727.4000,2727.2000,2726.8000,2730.4000,2730.6000,2730.8000,2731.0000,2732.0000,1,2,1,3,1,5,1,12,1,1
SF,IH2009,2020-05-22 09:30:08.000,2729.8000,14613,0,35182800.000,0,-,-,-,-,2728.6000,2727.4000,2727.2000,2726.8000,2725.0000,2730.2000,2730.4000,2730.6000,2730.8000,2731.0000,2,1,3,1,1,1,5,2,11,1
SF,IH2009,2020-05-22 09:30:08.500,2729.8000,14613,0,35182800.000,0,-,-,-,-,2728.8000,2728.6000,2727.4000,2727.2000,2726.8000,2730.0000,2730.2000,2730.4000,2730.6000,2730.8000,3,2,1,3,1,13,1,2,2,2
SF,IH2009,2020-05-22 09:30:09.000,2729.0000,14611,-2,38458440.000,4,1,3,多平,S,2728.8000,2728.6000,2727.4000,2727.2000,2726.8000,2730.0000,2730.2000,2730.4000,2730.6000,2730.8000,2,2,1,3,1,13,1,1,2,2
SF,IH2009,2020-05-22 09:30:09.500,2730.0000,14611,0,40915080.000,3,1,2,多换,S,2728.8000,2728.6000,2727.4000,2727.2000,2727.0000,2730.0000,2730.2000,2730.4000,2730.6000,2730.8000,1,2,1,2,1,11,1,1,2,2
SF,IH2009,2020-05-22 09:30:10.000,2730.0000,14611,0,40915080.000,0,-,-,-,-,2729.0000,2728.8000,2728.6000,2727.4000,2727.2000,2729.6000,2729.8000,2730.0000,2730.2000,2730.4000,1,1,2,1,2,1,1,4,1,1
SF,IH2009,2020-05-22 09:30:10.500,2730.0000,14611,0,40915080.000,0,-,-,-,-,2728.8000,2728.6000,2727.4000,2727.2000,2727.0000,2729.6000,2729.8000,2730.0000,2730.2000,2730.4000,1,2,1,2,1,1,1,3,1,1
SF,IH2009,2020-05-22 09:30:11.000,2729.8000,14611,0,47464860.000,8,4,4,多换,S,2727.4000,2727.2000,2727.0000,2726.8000,2726.0000,2730.0000,2730.2000,2730.4000,2731.0000,2732.0000,1,2,1,1,1,3,1,1,1,1
SF,IH2009,2020-05-22 09:30:11.500,2729.8000,14613,2,49102740.000,2,2,0,双开,S,2727.6000,2727.4000,2727.2000,2727.0000,2726.8000,2729.4000,2729.8000,2730.0000,2730.2000,2732.0000,2,1,2,1,1,1,3,4,1,1
SF,IH2009,2020-05-22 09:30:12.000,2727.8000,14613,0,49921080.000,1,0,1,多换,S,2727.8000,2727.6000,2727.4000,2727.2000,2727.0000,2728.8000,2729.2000,2729.4000,2729.6000,2729.8000,1,1,1,2,1,1,1,2,7,1
SF,IH2009,2020-05-22 09:30:12.500,2728.8000,14613,0,51558060.000,2,1,1,多换,S,2727.4000,2727.2000,2727.0000,2726.0000,2725.0000,2728.8000,2729.2000,2729.4000,2729.8000,2730.0000,1,2,1,1,1,1,1,1,1,4
SF,IH2009,2020-05-22 09:30:13.000,2727.6000,14612,-1,52376340.000,1,0,1,双平,S,2727.2000,2727.0000,2726.0000,2725.0000,2723.6000,2727.8000,2728.6000,2728.8000,2729.2000,2729.4000,2,1,1,1,1,2,1,1,1,1
SF,IH2009,2020-05-22 09:30:13.500,2727.2000,14610,-2,54012660.000,2,0,2,双平,S,2727.4000,2727.0000,2726.0000,2725.0000,2723.6000,2727.8000,2728.8000,2729.2000,2729.4000,2729.8000,1,1,1,1,1,2,1,1,1,1
SF,IH2009,2020-05-22 09:30:14.000,2727.2000,14610,0,54830820.000,1,0,1,多换,S,2727.0000,2726.0000,2725.0000,2723.6000,2723.2000,2727.8000,2728.8000,2729.2000,2729.4000,2729.8000,1,1,1,1,1,2,1,1,1,1
SF,IH2009,2020-05-22 09:30:14.500,2727.0000,14609,-1,55648920.000,1,0,1,双平,S,2726.0000,2725.0000,2723.6000,2723.2000,2723.0000,2727.8000,2728.8000,2729.2000,2729.4000,2729.8000,1,1,1,1,2,2,1,1,1,1
SF,IH2009,2020-05-22 09:30:15.000,2727.0000,14609,0,55648920.000,0,-,-,-,-,2726.2000,2726.0000,2725.0000,2723.6000,2723.2000,2727.6000,2727.8000,2729.4000,2729.8000,2730.0000,1,1,1,1,1,1,2,1,1,4
SF,IH2009,2020-05-22 09:30:15.500,2727.0000,14609,0,55648920.000,0,-,-,-,-,2726.2000,2726.0000,2725.0000,2723.6000,2723.2000,2727.6000,2727.8000,2729.4000,2729.8000,2730.0000,1,1,1,1,1,1,2,1,1,4
SF,IH2009,2020-05-22 09:30:16.000,2727.6000,14609,0,56467200.000,1,0,1,多换,S,2726.2000,2726.0000,2725.0000,2723.6000,2723.2000,2727.8000,2729.4000,2729.8000,2730.0000,2730.2000,1,1,1,1,1,2,1,1,4,1
SF,IH2009,2020-05-22 09:30:16.500,2727.6000,14609,0,56467200.000,0,-,-,-,-,2726.4000,2726.2000,2726.0000,2725.0000,2723.6000,2727.8000,2729.4000,2729.8000,2730.0000,2730.2000,1,1,1,1,1,2,1,1,4,1
SF,IH2009,2020-05-22 09:30:17.000,2727.8000,14609,0,57285540.000,1,0,1,多换,S,2728.0000,2726.6000,2726.4000,2726.2000,2726.0000,2729.4000,2729.8000,2730.0000,2730.2000,2730.8000,1,1,1,1,1,1,1,4,1,1
SF,IH2009,2020-05-22 09:30:17.500,2727.8000,14609,0,57285540.000,0,-,-,-,-,2726.6000,2726.4000,2726.0000,2723.6000,2723.2000,2729.0000,2729.2000,2729.4000,2730.0000,2730.2000,1,1,1,1,1,1,2,1,4,1
SF,IH2009,2020-05-22 09:30:18.000,2729.0000,14610,1,58922880.000,2,1,1,空开,S,2726.8000,2726.6000,2726.4000,2726.0000,2723.6000,2729.2000,2729.4000,2730.0000,2730.2000,2730.8000,1,1,1,1,1,1,1,4,1,1
SF,IH2009,2020-05-22 09:30:18.500,2729.0000,14610,0,58922880.000,0,-,-,-,-,2726.8000,2726.6000,2726.4000,2726.0000,2723.6000,2729.2000,2729.4000,2730.0000,2730.2000,2730.8000,1,1,1,1,1,1,1,3,1,1
SF,IH2009,2020-05-22 09:30:19.000,2729.0000,14610,0,58922880.000,0,-,-,-,-,2727.0000,2726.8000,2726.4000,2726.0000,2723.6000,2729.0000,2729.2000,2729.4000,2730.0000,2730.2000,2,1,1,1,1,1,1,1,3,1
SF,IH2009,2020-05-22 09:30:19.500,2729.0000,14610,0,58922880.000,0,-,-,-,-,2727.0000,2726.8000,2726.4000,2726.0000,2723.6000,2729.0000,2729.2000,2729.4000,2730.0000,2730.2000,2,1,1,1,1,2,1,1,3,1
SF,IH2009,2020-05-22 09:30:20.000,2726.8000,14610,0,59740920.000,1,0,1,多换,S,2726.4000,2726.0000,2723.6000,2723.4000,2723.2000,2726.8000,2728.6000,2728.8000,2729.0000,2729.4000,1,1,1,1,1,1,7,3,2,1
SF,IH2009,2020-05-22 09:30:20.500,2726.8000,14610,0,60558960.000,1,0,1,多换,S,2726.8000,2726.4000,2726.0000,2723.6000,2723.4000,2728.2000,2728.6000,2728.8000,2729.0000,2729.4000,1,1,1,1,1,1,7,2,2,1
SF,IH2009,2020-05-22 09:30:21.000,2726.8000,14610,0,60558960.000,0,-,-,-,-,2726.4000,2726.0000,2723.6000,2723.4000,2723.2000,2728.0000,2728.2000,2728.6000,2728.8000,2729.0000,1,1,1,1,1,2,2,7,2,1
SF,IH2009,2020-05-22 09:30:21.500,2726.8000,14610,0,60558960.000,0,-,-,-,-,2726.4000,2726.0000,2723.6000,2723.4000,2723.2000,2727.8000,2728.0000,2728.2000,2728.6000,2728.8000,1,1,1,1,1,1,2,1,7,3
SF,IH2009,2020-05-22 09:30:22.000,2726.8000,14610,0,60558960.000,0,-,-,-,-,2726.4000,2726.0000,2723.6000,2723.4000,2723.2000,2727.8000,2728.2000,2728.6000,2728.8000,2729.0000,1,1,1,1,1,2,1,7,2,1
SF,IH2009,2020-05-22 09:30:22.500,2726.8000,14610,0,60558960.000,0,-,-,-,-,2726.4000,2726.0000,2723.6000,2723.4000,2723.2000,2727.6000,2727.8000,2728.6000,2728.8000,2729.0000,1,1,1,1,1,1,1,8,2,1
SF,IH2009,2020-05-22 09:30:23.000,2726.8000,14610,0,60558960.000,0,-,-,-,-,2726.6000,2726.4000,2726.0000,2723.6000,2723.4000,2727.8000,2728.6000,2728.8000,2729.0000,2730.0000,1,1,1,1,1,1,8,2,1,2
SF,IH2009,2020-05-22 09:30:23.500,2726.8000,14610,0,60558960.000,0,-,-,-,-,2726.6000,2726.4000,2726.0000,2723.6000,2723.4000,2728.6000,2728.8000,2729.0000,2730.0000,2730.2000,1,1,1,1,1,8,2,1,2,1
SF,IH2009,2020-05-22 09:30:24.000,2726.8000,14610,0,60558960.000,0,-,-,-,-,2726.6000,2726.4000,2726.0000,2723.6000,2723.4000,2728.4000,2728.6000,2728.8000,2729.0000,2730.0000,1,1,1,1,1,3,8,2,1,1
SF,IH2009,2020-05-22 09:30:24.500,2726.8000,14610,0,60558960.000,0,-,-,-,-,2726.6000,2726.4000,2726.0000,2723.6000,2723.4000,2728.2000,2728.4000,2728.6000,2728.8000,2729.0000,1,1,1,1,1,2,3,9,2,1
SF,IH2009,2020-05-22 09:30:25.000,2726.8000,14610,0,60558960.000,0,-,-,-,-,2726.8000,2726.4000,2726.0000,2723.6000,2723.4000,2728.0000,2728.2000,2728.6000,2728.8000,2729.0000,1,1,1,1,1,4,1,9,2,1
SF,IH2009,2020-05-22 09:30:25.500,2726.8000,14609,-1,61377000.000,1,0,1,双平,S,2726.4000,2726.0000,2723.6000,2723.4000,2723.2000,2727.8000,2728.0000,2728.2000,2728.4000,2728.6000,1,1,1,1,1,1,2,1,1,9
SF,IH2009,2020-05-22 09:30:26.000,2726.8000,14609,0,61377000.000,0,-,-,-,-,2726.4000,2726.0000,2723.6000,2723.4000,2723.2000,2727.6000,2727.8000,2728.0000,2728.2000,2728.4000,1,1,1,1,1,1,1,1,1,1
SF,IH2009,2020-05-22 09:30:26.500,2726.4000,14609,0,62194920.000,1,0,1,多换,S,2726.0000,2723.6000,2723.4000,2723.2000,2723.0000,2727.4000,2727.6000,2728.2000,2728.4000,2728.6000,1,1,1,1,2,1,2,1,1,9
SF,IH2009,2020-05-22 09:30:27.000,2726.4000,14609,0,62194920.000,0,-,-,-,-,2726.6000,2726.0000,2723.6000,2723.4000,2723.2000,2727.2000,2727.4000,2727.6000,2728.2000,2728.4000,1,1,1,1,1,1,1,1,1,1
SF,IH2009,2020-05-22 09:30:27.500,2726.0000,14608,-1,63830640.000,2,0,2,多平,S,2723.6000,2723.4000,2723.2000,2723.0000,2722.0000,2727.2000,2727.4000,2727.6000,2728.2000,2728.4000,1,1,1,2,2,1,1,1,1,1
SF,IH2009,2020-05-22 09:30:28.000,2726.0000,14608,0,63830640.000,0,-,-,-,-,2723.8000,2723.6000,2723.4000,2723.2000,2723.0000,2726.6000,2726.8000,2727.0000,2727.2000,2728.4000,5,1,1,1,2,2,1,10,3,1
SF,IH2009,2020-05-22 09:30:28.500,2726.0000,14608,0,63830640.000,0,-,-,-,-,2724.0000,2723.8000,2723.6000,2723.4000,2723.2000,2726.4000,2726.6000,2726.8000,2727.0000,2727.2000,1,5,1,1,1,3,1,1,8,1
SF,IH2009,2020-05-22 09:30:29.000,2726.0000,14608,0,63830640.000,0,-,-,-,-,2724.2000,2724.0000,2723.8000,2723.6000,2723.4000,2726.2000,2726.4000,2726.6000,2726.8000,2727.0000,2,1,1,1,1,1,3,1,1,8
SF,IH2009,2020-05-22 09:30:29.500,2726.0000,14608,0,63830640.000,0,-,-,-,-,2724.4000,2724.2000,2724.0000,2723.6000,2723.4000,2726.0000,2726.2000,2726.4000,2726.6000,2726.8000,1,2,1,1,1,1,1,1,1,1
SF,IH2009,2020-05-22 09:30:30.000,2726.0000,14607,-1,64648440.000,1,0,1,双平,S,2724.4000,2724.2000,2723.6000,2723.4000,2723.2000,2726.0000,2726.4000,2726.6000,2726.8000,2727.0000,1,2,1,1,1,1,1,1,1,8
SF,IH2009,2020-05-22 09:30:30.500,2726.0000,14607,0,64648440.000,0,-,-,-,-,2724.4000,2724.2000,2723.6000,2723.4000,2723.2000,2726.0000,2726.4000,2726.6000,2726.8000,2727.0000,1,1,1,1,1,1,1,1,1,8
SF,IH2009,2020-05-22 09:30:31.500,2726.0000,14607,0,64648440.000,0,-,-,-,-,2724.6000,2724.2000,2723.6000,2723.4000,2723.2000,2725.8000,2726.0000,2726.4000,2726.6000,2726.8000,1,1,1,1,1,1,2,1,1,1
SF,IH2009,2020-05-22 09:30:32.000,2726.0000,14607,0,64648440.000,0,-,-,-,-,2724.6000,2724.2000,2723.6000,2723.4000,2723.2000,2726.0000,2726.4000,2726.6000,2726.8000,2727.0000,1,1,1,1,1,1,1,1,1,8
SF,IH2009,2020-05-22 09:30:33.000,2726.0000,14607,0,64648440.000,0,-,-,-,-,2724.2000,2723.6000,2723.4000,2723.2000,2723.0000,2726.0000,2726.4000,2726.6000,2726.8000,2727.0000,1,1,1,1,2,2,1,1,1,8
SF,IH2009,2020-05-22 09:30:33.500,2726.0000,14607,0,64648440.000,0,-,-,-,-,2723.6000,2723.4000,2723.2000,2723.0000,2722.0000,2725.8000,2726.0000,2726.4000,2726.6000,2726.8000,1,1,1,2,2,1,2,1,1,1
SF,IH2009,2020-05-22 09:30:34.000,2726.0000,14607,0,64648440.000,0,-,-,-,-,2723.8000,2723.6000,2723.4000,2723.2000,2723.0000,2726.0000,2726.4000,2726.6000,2726.8000,2727.0000,4,1,1,1,2,2,1,1,1,8
SF,IH2009,2020-05-22 09:30:34.500,2726.0000,14607,0,64648440.000,0,-,-,-,-,2723.8000,2723.6000,2723.4000,2723.2000,2723.0000,2725.8000,2726.0000,2726.4000,2726.6000,2726.8000,4,1,1,1,2,1,1,1,1,1
SF,IH2009,2020-05-22 09:30:35.000,2726.0000,14607,0,64648440.000,0,-,-,-,-,2723.8000,2723.6000,2723.4000,2723.2000,2723.0000,2725.6000,2725.8000,2726.0000,2726.4000,2726.6000,4,1,1,1,2,10,1,1,1,1
SF,IH2009,2020-05-22 09:30:35.500,2726.0000,14607,0,64648440.000,0,-,-,-,-,2723.8000,2723.6000,2723.4000,2723.2000,2723.0000,2725.6000,2725.8000,2726.4000,2726.6000,2726.8000,4,1,1,1,2,10,1,1,1,1
SF,IH2009,2020-05-22 09:30:36.000,2726.0000,14607,0,64648440.000,0,-,-,-,-,2723.8000,2723.6000,2723.4000,2723.2000,2723.0000,2725.6000,2725.8000,2726.4000,2726.6000,2726.8000,4,1,1,1,2,3,1,1,1,1
SF,IH2009,2020-05-22 09:30:36.500,2725.8000,14606,-1,65466180.000,1,0,1,双平,S,2724.0000,2723.8000,2723.6000,2723.4000,2723.2000,2725.6000,2725.8000,2726.4000,2726.6000,2726.8000,1,4,1,1,1,3,1,1,1,1
SF,IH2009,2020-05-22 09:30:37.000,2725.8000,14607,1,66283920.000,1,1,0,双开,S,2724.2000,2724.0000,2723.8000,2723.6000,2723.4000,2725.6000,2725.8000,2726.4000,2726.6000,2726.8000,2,1,4,1,1,2,1,1,1,1
SF,IH2009,2020-05-22 09:30:37.500,2725.8000,14607,0,66283920.000,0,-,-,-,-,2724.4000,2724.2000,2723.8000,2723.6000,2723.4000,2725.2000,2725.4000,2725.8000,2726.4000,2726.6000,1,2,4,1,1,1,8,2,1,1
SF,IH2009,2020-05-22 09:30:38.000,2725.2000,14606,-1,67101480.000,1,0,1,双平,S,2724.4000,2724.2000,2723.8000,2723.6000,2723.4000,2725.8000,2726.4000,2726.6000,2726.8000,2727.0000,1,1,4,1,1,1,1,1,1,1
SF,IH2009,2020-05-22 09:30:39.000,2725.2000,14606,0,67101480.000,0,-,-,-,-,2724.6000,2724.4000,2724.2000,2723.8000,2723.6000,2725.8000,2726.4000,2726.6000,2726.8000,2727.0000,1,1,1,4,1,1,1,1,1,1
SF,IH2009,2020-05-22 09:30:39.500,2725.2000,14606,0,67101480.000,0,-,-,-,-,2725.6000,2724.8000,2723.8000,2723.6000,2723.4000,2725.8000,2726.0000,2726.4000,2726.6000,2726.8000,1,1,3,1,1,1,1,1,1,1
SF,IH2009,2020-05-22 09:30:40.000,2725.8000,14605,-1,68736900.000,2,0,2,多平,S,2724.8000,2723.8000,2723.6000,2723.4000,2723.2000,2725.6000,2726.0000,2726.4000,2726.6000,2726.8000,1,3,1,1,1,2,1,1,1,1
SF,IH2009,2020-05-22 09:30:40.500,2725.8000,14604,-1,69554640.000,1,0,1,双平,S,2724.8000,2723.8000,2723.6000,2723.4000,2723.2000,2725.4000,2726.0000,2726.4000,2726.6000,2726.8000,1,3,1,1,1,1,1,1,1,1
SF,IH2009,2020-05-22 09:30:41.000,2725.6000,14603,-1,70372320.000,1,0,1,双平,S,2725.8000,2725.0000,2724.8000,2723.8000,2723.6000,2726.0000,2726.4000,2726.6000,2726.8000,2727.0000,1,1,1,3,1,1,1,1,1,1
SF,IH2009,2020-05-22 09:30:41.500,2725.8000,14603,0,71190060.000,1,0,1,多换,S,2725.0000,2724.8000,2723.8000,2723.6000,2723.4000,2726.0000,2726.4000,2726.6000,2726.8000,2727.0000,1,1,3,1,1,1,1,1,1,1
SF,IH2009,2020-05-22 09:30:42.000,2725.8000,14603,0,71190060.000,0,-,-,-,-,2725.2000,2725.0000,2723.8000,2723.6000,2723.4000,2726.0000,2726.4000,2726.6000,2726.8000,2727.0000,1,1,3,1,1,1,1,1,1,1
SF,IH2009,2020-05-22 09:30:42.500,2725.8000,14603,0,71190060.000,0,-,-,-,-,2725.2000,2723.8000,2723.6000,2723.4000,2723.2000,2726.0000,2726.4000,2726.6000,2726.8000,2727.0000,2,3,1,1,1,1,1,1,1,1
SF,IH2009,2020-05-22 09:30:43.000,2725.8000,14603,0,71190060.000,0,-,-,-,-,2725.2000,2723.8000,2723.6000,2723.4000,2723.2000,2726.0000,2726.4000,2726.6000,2726.8000,2727.0000,2,3,1,1,1,1,1,1,1,1
SF,IH2009,2020-05-22 09:30:43.500,2725.8000,14603,0,71190060.000,0,-,-,-,-,2725.2000,2723.8000,2723.6000,2723.4000,2723.2000,2725.6000,2725.8000,2726.0000,2726.4000,2726.6000,2,3,1,1,1,1,1,1,1,1
SF,IH2009,2020-05-22 09:30:44.000,2725.8000,14603,0,72007800.000,1,0,1,多换,S,2725.2000,2723.8000,2723.6000,2723.4000,2723.2000,2726.0000,2726.4000,2726.6000,2726.8000,2727.0000,2,3,1,1,1,1,1,1,1,1
SF,IH2009,2020-05-22 09:30:46.000,2725.2000,14601,-2,73642920.000,2,0,2,双平,S,2723.8000,2723.6000,2723.4000,2723.2000,2723.0000,2726.0000,2726.4000,2726.6000,2726.8000,2727.0000,3,1,1,1,2,1,1,1,1,1
SF,IH2009,2020-05-22 09:30:46.500,2725.2000,14601,0,73642920.000,0,-,-,-,-,2724.0000,2723.8000,2723.6000,2723.4000,2723.2000,2725.8000,2726.0000,2726.4000,2726.6000,2726.8000,1,3,1,1,1,1,1,1,1,1
SF,IH2009,2020-05-22 09:30:47.000,2725.2000,14601,0,73642920.000,0,-,-,-,-,2724.2000,2724.0000,2723.8000,2723.6000,2723.4000,2725.8000,2726.0000,2726.4000,2726.8000,2727.0000,1,1,3,1,1,3,1,1,1,1
SF,IH2009,2020-05-22 09:30:47.500,2725.2000,14601,0,73642920.000,0,-,-,-,-,2724.4000,2723.8000,2723.6000,2723.4000,2723.2000,2725.6000,2725.8000,2726.0000,2726.4000,2726.8000,2,3,1,1,1,2,4,1,1,1
SF,IH2009,2020-05-22 09:30:48.000,2725.2000,14601,0,73642920.000,0,-,-,-,-,2724.4000,2723.8000,2723.6000,2723.4000,2723.2000,2725.2000,2725.4000,2725.6000,2725.8000,2726.0000,2,3,1,1,1,1,2,1,3,1
SF,IH2009,2020-05-22 09:30:48.500,2725.2000,14601,0,73642920.000,0,-,-,-,-,2723.8000,2723.6000,2723.4000,2723.2000,2723.0000,2725.2000,2725.4000,2725.6000,2725.8000,2726.0000,3,1,1,1,2,1,1,1,3,1
SF,IH2009,2020-05-22 09:30:49.000,2725.2000,14601,0,73642920.000,0,-,-,-,-,2724.0000,2723.8000,2723.6000,2723.4000,2723.2000,2725.0000,2725.2000,2725.6000,2725.8000,2726.0000,4,3,1,1,1,1,1,1,3,1
SF,IH2009,2020-05-22 09:30:49.500,2725.2000,14601,0,73642920.000,0,-,-,-,-,2724.0000,2723.8000,2723.6000,2723.4000,2723.2000,2725.2000,2725.6000,2725.8000,2726.0000,2726.4000,4,3,1,1,1,1,1,3,1,1
SF,IH2009,2020-05-22 09:30:50.500,2725.2000,14601,0,73642920.000,0,-,-,-,-,2724.0000,2723.8000,2723.6000,2723.4000,2723.2000,2725.2000,2725.6000,2725.8000,2726.0000,2726.4000,2,3,1,1,1,1,1,3,1,1
SF,IH2009,2020-05-22 09:30:51.000,2724.0000,14600,-1,74460120.000,1,0,1,双平,S,2724.0000,2723.8000,2723.6000,2723.4000,2723.2000,2725.2000,2725.6000,2725.8000,2726.0000,2726.4000,1,3,1,1,1,2,1,3,1,1
SF,IH2009,2020-05-22 09:30:51.500,2725.0000,14599,-1,75277620.000,1,0,1,双平,S,2724.0000,2723.8000,2723.6000,2723.4000,2723.2000,2725.2000,2725.6000,2725.8000,2726.0000,2726.4000,3,3,1,1,1,1,1,3,1,1
SF,IH2009,2020-05-22 09:30:52.000,2725.0000,14598,-1,76095120.000,1,0,1,双平,S,2724.2000,2724.0000,2723.8000,2723.6000,2723.4000,2725.2000,2725.6000,2725.8000,2726.0000,2726.4000,1,3,3,1,1,1,1,3,1,1
SF,IH2009,2020-05-22 09:30:52.500,2725.0000,14598,0,76095120.000,0,-,-,-,-,2724.2000,2724.0000,2723.8000,2723.6000,2723.4000,2725.2000,2725.8000,2726.0000,2726.4000,2726.8000,1,3,3,1,1,2,3,1,1,1
SF,IH2009,2020-05-22 09:30:53.000,2725.0000,14598,0,76095120.000,0,-,-,-,-,2724.2000,2724.0000,2723.8000,2723.6000,2723.4000,2725.0000,2725.2000,2725.8000,2726.0000,2726.4000,1,3,3,1,1,1,2,3,1,1
SF,IH2009,2020-05-22 09:30:53.500,2725.0000,14598,0,76095120.000,0,-,-,-,-,2724.2000,2724.0000,2723.8000,2723.6000,2723.4000,2725.0000,2725.2000,2725.8000,2726.0000,2726.4000,1,3,3,1,1,1,1,3,1,1
SF,IH2009,2020-05-22 09:30:54.000,2725.0000,14598,0,76095120.000,0,-,-,-,-,2724.2000,2724.0000,2723.8000,2723.6000,2723.4000,2725.0000,2725.8000,2726.4000,2726.8000,2728.0000,1,3,3,1,1,1,3,1,1,1
SF,IH2009,2020-05-22 09:30:54.500,2724.2000,14597,-1,76912380.000,1,0,1,双平,S,2724.0000,2723.8000,2723.6000,2723.4000,2723.2000,2725.0000,2725.8000,2726.4000,2726.8000,2728.0000,3,3,1,1,1,1,3,1,1,1
SF,IH2009,2020-05-22 09:30:55.000,2724.0000,14596,-1,77729580.000,1,0,1,双平,S,2724.0000,2723.8000,2723.6000,2723.4000,2723.2000,2725.0000,2725.8000,2726.4000,2726.8000,2728.0000,2,3,1,1,1,1,3,1,1,1
SF,IH2009,2020-05-22 09:30:55.500,2724.8000,14595,-1,79364220.000,2,0,2,多平,S,2724.0000,2723.8000,2723.6000,2723.4000,2723.2000,2725.0000,2725.8000,2726.4000,2726.8000,2728.0000,1,3,1,1,1,1,3,1,1,1
SF,IH2009,2020-05-22 09:30:56.000,2724.8000,14595,0,79364220.000,0,-,-,-,-,2724.2000,2724.0000,2723.8000,2723.6000,2723.4000,2725.0000,2725.8000,2726.4000,2726.8000,2728.0000,1,1,3,1,1,1,3,1,1,1
SF,IH2009,2020-05-22 09:30:56.500,2724.8000,14595,0,79364220.000,0,-,-,-,-,2724.2000,2724.0000,2723.8000,2723.6000,2723.4000,2725.0000,2725.8000,2726.4000,2726.8000,2728.0000,1,2,3,1,1,1,3,1,1,1
SF,IH2009,2020-05-22 09:30:57.000,2724.8000,14595,0,79364220.000,0,-,-,-,-,2724.2000,2724.0000,2723.8000,2723.6000,2723.4000,2725.0000,2725.8000,2726.4000,2726.8000,2728.0000,1,1,3,1,1,1,3,1,1,1
SF,IH2009,2020-05-22 09:30:57.500,2724.8000,14595,0,79364220.000,0,-,-,-,-,2724.2000,2724.0000,2723.8000,2723.6000,2723.4000,2725.0000,2725.8000,2726.4000,2726.8000,2728.0000,1,1,3,1,1,1,3,1,1,1
SF,IH2009,2020-05-22 09:30:58.000,2724.8000,14595,0,79364220.000,0,-,-,-,-,2724.2000,2724.0000,2723.8000,2723.6000,2723.4000,2725.8000,2726.4000,2726.8000,2728.0000,2728.4000,1,1,3,1,1,3,1,1,1,5
SF,IH2009,2020-05-22 09:30:58.500,2724.8000,14595,0,79364220.000,0,-,-,-,-,2724.2000,2724.0000,2723.8000,2723.6000,2723.4000,2725.0000,2725.4000,2725.6000,2725.8000,2726.0000,1,1,3,1,1,1,7,3,3,1
SF,IH2009,2020-05-22 09:30:59.000,2724.8000,14595,0,79364220.000,0,-,-,-,-,2724.2000,2724.0000,2723.8000,2723.6000,2723.4000,2725.4000,2725.6000,2725.8000,2726.4000,2726.8000,1,1,3,1,1,8,2,2,1,1
SF,IH2009,2020-05-22 09:30:59.500,2724.8000,14595,0,79364220.000,0,-,-,-,-,2725.0000,2724.2000,2724.0000,2723.8000,2723.6000,2725.2000,2725.4000,2725.6000,2725.8000,2726.4000,1,1,1,3,1,1,1,1,2,1
SF,IH2009,2020-05-22 09:31:00.000,2725.0000,14594,-1,81816720.000,3,1,2,多平,S,2724.2000,2724.0000,2723.8000,2723.6000,2723.4000,2725.0000,2725.2000,2725.6000,2725.8000,2726.4000,1,1,3,1,1,3,3,1,2,1
SF,IH2009,2020-05-22 09:31:00.500,2725.0000,14594,0,81816720.000,0,-,-,-,-,2724.4000,2724.2000,2724.0000,2723.8000,2723.6000,2724.8000,2725.0000,2725.2000,2725.6000,2725.8000,1,1,1,3,1,1,2,2,1,2
SF,IH2009,2020-05-22 09:31:01.000,2724.4000,14593,-1,82634040.000,1,0,1,双平,S,2724.2000,2724.0000,2723.8000,2723.6000,2723.4000,2724.8000,2725.0000,2725.2000,2725.6000,2725.8000,1,1,3,1,1,1,2,2,1,2
SF,IH2009,2020-05-22 09:31:01.500,2724.4000,14593,0,82634040.000,0,-,-,-,-,2724.0000,2723.8000,2723.6000,2723.4000,2723.2000,2724.8000,2725.0000,2725.2000,2725.6000,2725.8000,1,3,1,1,1,1,2,1,1,2
SF,IH2009,2020-05-22 09:31:02.000,2725.0000,14594,1,84268980.000,2,1,1,空开,S,2724.2000,2724.0000,2723.8000,2723.6000,2723.4000,2725.2000,2725.6000,2725.8000,2726.4000,2726.8000,1,1,3,1,1,1,1,2,1,1
SF,IH2009,2020-05-22 09:31:02.500,2725.0000,14594,0,84268980.000,0,-,-,-,-,2724.2000,2724.0000,2723.8000,2723.6000,2723.4000,2725.2000,2725.6000,2725.8000,2726.4000,2726.8000,2,1,3,1,1,1,1,2,1,1
SF,IH2009,2020-05-22 09:31:03.000,2724.2000,14592,-2,85903500.000,2,0,2,双平,S,2724.0000,2723.8000,2723.6000,2723.4000,2723.2000,2724.2000,2725.0000,2725.2000,2725.8000,2726.4000,1,3,1,1,1,2,2,3,2,1
SF,IH2009,2020-05-22 09:31:03.500,2724.2000,14592,0,85903500.000,0,-,-,-,-,2724.0000,2723.8000,2723.6000,2723.4000,2723.2000,2724.2000,2725.0000,2725.2000,2725.8000,2726.4000,1,3,1,1,1,2,2,2,2,1
SF,IH2009,2020-05-22 09:31:04.000,2723.8000,14590,-2,87537840.000,2,0,2,双平,S,2723.8000,2723.6000,2723.4000,2723.2000,2723.0000,2724.2000,2725.0000,2725.2000,2725.8000,2726.4000,2,1,1,1,2,2,2,2,2,1
SF,IH2009,2020-05-22 09:31:04.500,2723.6000,14589,-1,89172060.000,2,0,2,多平,S,2723.4000,2723.2000,2723.0000,2722.0000,2720.8000,2724.0000,2724.2000,2725.0000,2725.2000,2725.8000,1,1,2,2,1,1,2,2,2,2
SF,IH2009,2020-05-22 09:31:05.000,2723.4000,14589,0,89989080.000,1,0,1,多换,S,2723.2000,2723.0000,2722.0000,2720.8000,2720.6000,2723.4000,2724.0000,2724.2000,2725.0000,2725.2000,1,2,2,1,1,2,1,1,2,2
SF,IH2009,2020-05-22 09:31:05.500,2723.4000,14589,0,91623120.000,2,1,1,多换,S,2723.6000,2723.4000,2723.2000,2723.0000,2722.0000,2724.2000,2725.0000,2725.2000,2725.8000,2726.4000,1,2,1,2,2,1,2,1,2,1
SF,IH2009,2020-05-22 09:31:06.000,2723.4000,14589,0,91623120.000,0,-,-,-,-,2723.4000,2723.2000,2723.0000,2722.0000,2720.8000,2724.2000,2725.0000,2725.2000,2725.8000,2726.4000,2,1,3,2,1,1,2,1,2,1
SF,IH2009,2020-05-22 09:31:06.500,2723.8000,14587,-2,93257280.000,2,0,2,双平,S,2723.2000,2723.0000,2722.4000,2722.0000,2721.8000,2724.2000,2725.0000,2725.2000,2725.8000,2726.4000,1,3,1,2,1,1,2,1,2,1
SF,IH2009,2020-05-22 09:31:07.000,2723.8000,14587,0,93257280.000,0,-,-,-,-,2723.4000,2723.2000,2723.0000,2722.4000,2722.0000,2724.2000,2725.0000,2725.2000,2725.8000,2726.4000,1,1,3,1,2,2,2,1,2,1
SF,IH2009,2020-05-22 09:31:07.500,2724.2000,14585,-2,94891560.000,2,0,2,双平,S,2723.2000,2723.0000,2722.8000,2722.4000,2722.0000,2724.2000,2725.0000,2725.2000,2725.8000,2726.4000,1,3,1,1,1,1,1,1,2,1
SF,IH2009,2020-05-22 09:31:08.000,2724.2000,14585,0,94891560.000,0,-,-,-,-,2723.2000,2723.0000,2722.8000,2722.4000,2722.0000,2724.0000,2724.2000,2725.0000,2725.8000,2726.4000,1,3,1,1,1,1,1,1,2,1
SF,IH2009,2020-05-22 09:31:08.500,2723.2000,14584,-1,95708520.000,1,0,1,双平,S,2723.4000,2723.0000,2722.8000,2722.4000,2722.0000,2723.8000,2724.0000,2724.2000,2725.0000,2725.8000,1,3,1,1,1,2,3,1,1,1
SF,IH2009,2020-05-22 09:31:09.000,2723.4000,14583,-1,96525540.000,1,0,1,双平,S,2723.0000,2722.8000,2722.4000,2722.0000,2721.8000,2723.2000,2724.0000,2724.2000,2725.0000,2725.8000,3,1,1,1,1,3,1,1,1,1
SF,IH2009,2020-05-22 09:31:09.500,2723.2000,14583,0,97342500.000,1,0,1,多换,S,2723.0000,2722.8000,2722.4000,2722.0000,2721.8000,2724.0000,2725.0000,2725.8000,2726.4000,2726.8000,3,1,1,1,1,1,1,1,1,1
SF,IH2009,2020-05-22 09:31:10.000,2722.8000,14580,-3,99793140.000,3,0,3,双平,S,2722.4000,2722.0000,2721.8000,2721.2000,2720.6000,2723.8000,2724.0000,2725.0000,2725.8000,2726.4000,1,1,1,1,1,2,2,1,1,1
SF,IH2009,2020-05-22 09:31:10.500,2722.4000,14579,-1,100609860.000,1,0,1,双平,S,2722.0000,2721.8000,2721.2000,2720.6000,2720.4000,2722.2000,2723.6000,2725.0000,2725.8000,2726.4000,1,1,1,1,1,2,4,1,1,1
SF,IH2009,2020-05-22 09:31:11.000,2722.2000,14578,-1,103876500.000,4,1,3,多平,S,2723.4000,2722.2000,2722.0000,2721.8000,2721.2000,2723.6000,2725.0000,2725.8000,2726.4000,2726.8000,1,2,1,1,1,4,1,1,1,1
SF,IH2009,2020-05-22 09:31:11.500,2722.0000,14575,-3,106326420.000,3,0,3,双平,S,2721.8000,2721.2000,2720.6000,2720.2000,2720.0000,2723.0000,2723.2000,2723.4000,2723.6000,2725.0000,1,1,1,1,3,2,10,6,2,1
SF,IH2009,2020-05-22 09:31:12.000,2722.0000,14575,0,106326420.000,0,-,-,-,-,2721.8000,2721.2000,2720.6000,2720.2000,2720.0000,2722.8000,2723.0000,2723.4000,2723.6000,2725.0000,1,1,1,2,3,3,1,4,1,1
SF,IH2009,2020-05-22 09:31:12.500,2722.0000,14575,0,106326420.000,0,-,-,-,-,2722.0000,2721.8000,2721.6000,2721.2000,2720.6000,2722.8000,2723.0000,2723.4000,2725.0000,2725.8000,2,1,1,1,1,1,1,4,1,1
SF,IH2009,2020-05-22 09:31:13.000,2721.8000,14576,1,108776160.000,3,2,1,空开,S,2721.2000,2720.6000,2720.2000,2720.0000,2718.0000,2721.8000,2722.6000,2723.4000,2725.0000,2725.8000,1,1,2,3,1,2,1,3,1,1
SF,IH2009,2020-05-22 09:31:13.500,2721.8000,14576,0,110409240.000,2,1,1,多换,S,2722.2000,2721.4000,2721.2000,2720.6000,2720.2000,2722.6000,2723.4000,2725.0000,2725.8000,2726.4000,3,2,1,1,2,1,2,1,1,1
SF,IH2009,2020-05-22 09:31:14.000,2722.2000,14575,-1,111225900.000,1,0,1,双平,S,2721.2000,2720.6000,2720.2000,2720.0000,2718.0000,2722.0000,2722.4000,2722.6000,2723.4000,2725.0000,1,1,2,3,1,3,1,1,2,1
SF,IH2009,2020-05-22 09:31:14.500,2722.2000,14575,0,111225900.000,0,-,-,-,-,2721.6000,2721.2000,2720.6000,2720.2000,2720.0000,2721.8000,2723.4000,2725.0000,2725.8000,2726.4000,1,1,1,2,3,1,3,1,1,1
SF,IH2009,2020-05-22 09:31:15.000,2721.8000,14574,-1,114492060.000,4,1,3,多平,S,2721.2000,2720.6000,2720.2000,2720.0000,2718.0000,2722.0000,2722.2000,2723.4000,2725.0000,2725.8000,1,1,2,3,1,1,1,3,1,1
SF,IH2009,2020-05-22 09:31:15.500,2722.2000,14572,-2,116125320.000,2,0,2,双平,S,2721.8000,2721.6000,2721.4000,2721.2000,2720.6000,2723.4000,2725.0000,2725.8000,2726.4000,2728.0000,1,1,1,1,1,3,1,1,1,1
SF,IH2009,2020-05-22 09:31:16.000,2722.2000,14572,0,116125320.000,0,-,-,-,-,2721.8000,2721.6000,2721.4000,2721.2000,2720.6000,2723.2000,2723.4000,2725.0000,2725.8000,2726.4000,1,1,1,1,1,2,3,1,1,1
SF,IH2009,2020-05-22 09:31:16.500,2721.8000,14571,-1,116941860.000,1,0,1,双平,S,2722.0000,2721.6000,2721.4000,2721.2000,2720.6000,2723.0000,2723.2000,2723.4000,2725.0000,2725.8000,2,1,1,1,1,1,2,4,1,1
SF,IH2009,2020-05-22 09:31:17.000,2722.0000,14569,-2,118575060.000,2,0,2,双平,S,2721.2000,2720.6000,2720.2000,2720.0000,2718.0000,2722.0000,2722.2000,2722.8000,2723.0000,2723.2000,1,1,2,3,1,5,2,2,11,1
SF,IH2009,2020-05-22 09:31:17.500,2721.2000,14569,0,120207900.000,2,1,1,多换,S,2720.6000,2720.2000,2720.0000,2719.0000,2718.0000,2722.2000,2722.8000,2723.0000,2723.4000,2725.0000,1,2,3,1,1,1,1,3,3,1
SF,IH2009,2020-05-22 09:31:18.000,2722.2000,14569,0,121024560.000,1,0,1,多换,S,2721.6000,2721.0000,2720.8000,2720.6000,2720.2000,2722.8000,2723.0000,2723.4000,2725.0000,2725.8000,1,2,3,1,2,1,1,3,1,1
SF,IH2009,2020-05-22 09:31:18.500,2722.2000,14569,0,121024560.000,0,-,-,-,-,2720.8000,2720.6000,2720.2000,2720.0000,2718.0000,2722.6000,2722.8000,2723.0000,2723.4000,2725.0000,1,1,2,3,1,2,1,1,3,1
SF,IH2009,2020-05-22 09:31:19.000,2722.2000,14569,0,121024560.000,0,-,-,-,-,2721.6000,2721.0000,2720.8000,2720.6000,2720.2000,2722.4000,2722.6000,2723.0000,2723.4000,2725.0000,1,3,1,1,2,2,2,1,2,1
SF,IH2009,2020-05-22 09:31:19.500,2722.2000,14569,0,121024560.000,0,-,-,-,-,2721.8000,2721.6000,2721.0000,2720.8000,2720.6000,2722.4000,2722.6000,2723.0000,2723.4000,2725.0000,1,2,3,1,1,1,2,1,2,1
SF,IH2009,2020-05-22 09:31:20.000,2721.8000,14568,-1,121841100.000,1,0,1,双平,S,2721.6000,2721.0000,2720.8000,2720.6000,2720.2000,2722.6000,2723.0000,2723.4000,2725.0000,2725.8000,2,3,1,1,1,2,1,2,1,1
SF,IH2009,2020-05-22 09:31:20.500,2721.8000,14568,0,121841100.000,0,-,-,-,-,2721.8000,2721.6000,2721.0000,2720.8000,2720.6000,2722.6000,2723.0000,2723.4000,2725.0000,2725.8000,3,2,3,1,1,2,1,2,1,1
SF,IH2009,2020-05-22 09:31:21.500,2721.8000,14568,0,121841100.000,0,-,-,-,-,2721.8000,2721.6000,2721.0000,2720.8000,2720.6000,2723.0000,2723.4000,2725.0000,2725.8000,2726.4000,3,2,3,1,1,1,1,1,1,1
SF,IH2009,2020-05-22 09:31:22.000,2721.8000,14568,0,121841100.000,0,-,-,-,-,2722.0000,2721.8000,2721.6000,2721.0000,2720.6000,2722.8000,2723.4000,2725.0000,2725.8000,2726.4000,1,2,2,3,1,3,1,1,1,1
SF,IH2009,2020-05-22 09:31:22.500,2722.0000,14566,-2,123474240.000,2,0,2,双平,S,2721.8000,2721.6000,2721.0000,2720.6000,2720.2000,2722.8000,2723.4000,2725.0000,2725.8000,2726.4000,2,2,3,1,1,3,1,1,1,1
SF,IH2009,2020-05-22 09:31:23.000,2721.8000,14564,-2,125107320.000,2,0,2,双平,S,2721.8000,2721.6000,2721.0000,2720.6000,2720.2000,2722.6000,2722.8000,2723.4000,2725.0000,2725.8000,1,1,1,1,1,1,1,1,1,1
SF,IH2009,2020-05-22 09:31:23.500,2721.8000,14564,0,125107320.000,0,-,-,-,-,2721.8000,2721.6000,2721.4000,2721.0000,2720.6000,2722.4000,2722.6000,2723.4000,2725.0000,2725.8000,1,2,1,1,1,1,1,1,1,1
SF,IH2009,2020-05-22 09:31:24.000,2721.8000,14563,-1,125923860.000,1,0,1,双平,S,2721.6000,2721.4000,2721.0000,2720.6000,2720.2000,2722.4000,2722.6000,2723.4000,2725.0000,2725.8000,2,1,1,1,1,1,1,1,1,1
SF,IH2009,2020-05-22 09:31:24.500,2721.8000,14563,0,125923860.000,0,-,-,-,-,2721.6000,2721.4000,2721.0000,2720.6000,2720.2000,2722.4000,2722.6000,2723.4000,2725.0000,2725.8000,1,1,1,1,1,1,1,1,1,1
SF,IH2009,2020-05-22 09:31:25.000,2721.8000,14563,0,125923860.000,0,-,-,-,-,2721.6000,2721.4000,2721.0000,2720.6000,2720.2000,2722.4000,2723.4000,2725.0000,2725.8000,2726.4000,1,1,1,1,1,2,1,1,1,1
SF,IH2009,2020-05-22 09:31:25.500,2721.8000,14563,0,125923860.000,0,-,-,-,-,2721.6000,2721.4000,2721.0000,2720.6000,2720.2000,2722.0000,2722.4000,2723.4000,2725.0000,2725.8000,1,1,1,1,1,1,2,1,1,1
SF,IH2009,2020-05-22 09:31:26.000,2722.0000,14562,-1,126740460.000,1,0,1,双平,S,2721.6000,2721.4000,2721.0000,2720.6000,2720.2000,2722.4000,2723.4000,2725.0000,2725.8000,2726.4000,2,1,1,1,1,2,1,1,1,1
SF,IH2009,2020-05-22 09:31:26.500,2722.0000,14562,0,126740460.000,0,-,-,-,-,2721.6000,2721.4000,2721.0000,2720.6000,2720.2000,2722.4000,2723.4000,2725.0000,2725.8000,2726.4000,2,1,1,1,1,2,1,1,1,1
SF,IH2009,2020-05-22 09:31:27.000,2722.0000,14562,0,126740460.000,0,-,-,-,-,2721.6000,2721.4000,2721.0000,2720.6000,2720.2000,2722.4000,2723.4000,2725.0000,2725.8000,2726.4000,2,1,1,1,1,2,1,1,1,1
SF,IH2009,2020-05-22 09:31:27.500,2722.4000,14561,-1,127557180.000,1,0,1,双平,S,2721.6000,2721.4000,2721.0000,2720.6000,2720.2000,2723.4000,2725.0000,2725.8000,2726.4000,2728.0000,2,1,1,1,1,1,1,1,1,1
SF,IH2009,2020-05-22 09:31:28.000,2722.4000,14561,0,127557180.000,0,-,-,-,-,2721.8000,2721.6000,2721.4000,2721.0000,2720.6000,2723.0000,2723.2000,2723.4000,2725.0000,2725.8000,1,2,1,1,1,1,2,1,1,1
SF,IH2009,2020-05-22 09:31:28.500,2722.4000,14561,0,127557180.000,0,-,-,-,-,2721.6000,2721.4000,2721.0000,2720.6000,2720.2000,2722.8000,2723.0000,2723.4000,2725.0000,2725.8000,2,1,1,1,1,1,1,1,1,1
SF,IH2009,2020-05-22 09:31:29.000,2722.4000,14561,0,127557180.000,0,-,-,-,-,2721.6000,2721.4000,2721.0000,2720.6000,2720.2000,2722.0000,2722.6000,2722.8000,2723.4000,2725.0000,2,1,1,1,1,1,1,1,1,1
SF,IH2009,2020-05-22 09:31:29.500,2722.0000,14561,0,128373780.000,1,0,1,多换,S,2722.0000,2721.6000,2721.4000,2721.0000,2720.6000,2722.8000,2723.4000,2725.0000,2725.8000,2726.4000,2,2,1,1,1,1,1,1,1,1
SF,IH2009,2020-05-22 09:31:30.000,2722.0000,14560,-1,129190380.000,1,0,1,双平,S,2722.0000,2721.6000,2721.4000,2721.0000,2720.6000,2722.8000,2723.4000,2725.0000,2725.8000,2726.4000,1,2,1,1,1,1,1,1,1,1
SF,IH2009,2020-05-22 09:31:31.000,2722.8000,14559,-1,130823820.000,2,0,2,多平,S,2721.6000,2721.4000,2721.0000,2720.6000,2720.2000,2722.8000,2723.4000,2725.0000,2725.8000,2726.4000,2,1,1,1,1,1,1,1,1,1
SF,IH2009,2020-05-22 09:31:31.500,2722.8000,14559,0,130823820.000,0,-,-,-,-,2721.6000,2721.4000,2721.0000,2720.6000,2720.2000,2722.6000,2722.8000,2723.4000,2725.0000,2725.8000,2,1,2,1,1,1,1,1,1,1
SF,IH2009,2020-05-22 09:31:32.000,2722.8000,14559,0,130823820.000,0,-,-,-,-,2721.6000,2721.4000,2721.0000,2720.6000,2720.2000,2722.6000,2723.4000,2725.0000,2725.8000,2726.4000,2,1,2,1,1,2,1,1,1,1
SF,IH2009,2020-05-22 09:31:33.000,2721.6000,14559,0,131640300.000,1,0,1,多换,S,2721.6000,2721.4000,2721.0000,2720.6000,2720.2000,2722.6000,2723.4000,2725.0000,2725.8000,2726.4000,1,1,2,1,1,2,1,1,1,1
SF,IH2009,2020-05-22 09:31:33.500,2722.6000,14558,-1,132457080.000,1,0,1,双平,S,2721.6000,2721.4000,2721.0000,2720.6000,2720.2000,2722.6000,2723.4000,2725.0000,2725.8000,2726.4000,1,1,2,1,1,1,1,1,1,1
SF,IH2009,2020-05-22 09:31:34.000,2722.6000,14558,0,133273860.000,1,0,1,多换,S,2722.6000,2721.8000,2721.6000,2721.4000,2721.0000,2723.4000,2725.0000,2725.8000,2726.4000,2728.0000,1,1,1,1,2,1,1,1,1,1
SF,IH2009,2020-05-22 09:31:34.500,2722.6000,14558,0,134090640.000,1,0,1,多换,S,2721.8000,2721.6000,2721.4000,2721.2000,2721.0000,2722.6000,2723.2000,2723.4000,2725.0000,2725.8000,1,1,1,1,2,1,2,1,1,1
SF,IH2009,2020-05-22 09:31:35.000,2722.6000,14558,0,134090640.000,0,-,-,-,-,2721.8000,2721.6000,2721.4000,2721.2000,2721.0000,2722.6000,2723.2000,2723.4000,2725.0000,2725.8000,1,1,1,1,2,1,1,1,1,1
SF,IH2009,2020-05-22 09:31:35.500,2722.6000,14557,-1,134907420.000,1,0,1,双平,S,2721.8000,2721.6000,2721.4000,2721.2000,2721.0000,2723.2000,2723.4000,2725.0000,2725.8000,2726.4000,1,1,1,1,2,1,1,1,1,1
SF,IH2009,2020-05-22 09:31:36.000,2722.6000,14557,0,134907420.000,0,-,-,-,-,2721.8000,2721.6000,2721.4000,2721.2000,2721.0000,2723.0000,2723.4000,2725.0000,2725.8000,2726.4000,1,1,1,1,2,1,1,1,1,1
SF,IH2009,2020-05-22 09:31:36.500,2722.6000,14557,0,134907420.000,0,-,-,-,-,2722.0000,2721.8000,2721.6000,2721.4000,2721.2000,2723.4000,2725.0000,2725.8000,2726.4000,2728.0000,3,1,1,1,1,1,1,1,1,1
SF,IH2009,2020-05-22 09:31:37.000,2722.6000,14557,0,134907420.000,0,-,-,-,-,2722.6000,2722.2000,2722.0000,2721.6000,2721.4000,2723.4000,2725.8000,2726.4000,2728.0000,2728.4000,1,1,3,1,1,1,1,1,1,5
SF,IH2009,2020-05-22 09:31:37.500,2722.6000,14557,0,134907420.000,0,-,-,-,-,2722.8000,2722.0000,2721.6000,2721.4000,2721.2000,2723.4000,2725.8000,2726.4000,2728.0000,2728.4000,1,3,1,1,1,1,1,1,1,5
SF,IH2009,2020-05-22 09:31:38.000,2722.6000,14557,0,134907420.000,0,-,-,-,-,2722.8000,2722.0000,2721.6000,2721.4000,2721.2000,2723.4000,2725.8000,2726.4000,2728.0000,2728.4000,1,3,1,1,1,1,1,1,1,5
SF,IH2009,2020-05-22 09:31:38.500,2723.4000,14557,0,135724440.000,1,0,1,多换,S,2722.8000,2722.0000,2721.6000,2721.4000,2721.2000,2725.8000,2726.4000,2728.0000,2728.4000,2728.6000,1,3,2,1,1,1,1,1,5,1
SF,IH2009,2020-05-22 09:31:39.000,2723.4000,14557,0,135724440.000,0,-,-,-,-,2722.8000,2722.0000,2721.6000,2721.4000,2721.2000,2725.4000,2725.6000,2725.8000,2726.4000,2728.0000,1,3,2,1,1,7,8,2,1,1
SF,IH2009,2020-05-22 09:31:39.500,2723.4000,14557,0,135724440.000,0,-,-,-,-,2722.8000,2722.0000,2721.6000,2721.4000,2721.2000,2725.2000,2725.4000,2725.6000,2725.8000,2728.0000,1,3,2,1,1,4,7,6,2,1
SF,IH2009,2020-05-22 09:31:40.000,2723.4000,14557,0,135724440.000,0,-,-,-,-,2722.8000,2722.0000,2721.6000,2721.4000,2721.2000,2724.8000,2725.2000,2725.6000,2725.8000,2728.0000,1,1,2,1,1,7,4,6,2,1
SF,IH2009,2020-05-22 09:31:40.500,2723.4000,14557,0,135724440.000,0,-,-,-,-,2722.8000,2722.0000,2721.6000,2721.4000,2721.2000,2724.2000,2724.6000,2724.8000,2725.2000,2725.6000,1,1,2,1,1,1,4,7,2,6
SF,IH2009,2020-05-22 09:31:41.000,2722.8000,14556,-1,136541280.000,1,0,1,双平,S,2722.0000,2721.6000,2721.4000,2721.2000,2720.6000,2724.0000,2724.2000,2724.6000,2724.8000,2725.2000,1,2,1,1,1,2,1,3,7,2
SF,IH2009,2020-05-22 09:31:41.500,2722.8000,14556,0,136541280.000,0,-,-,-,-,2722.2000,2721.6000,2721.4000,2721.2000,2720.6000,2722.8000,2724.0000,2724.2000,2724.6000,2724.8000,1,2,1,1,1,1,2,1,3,7
SF,IH2009,2020-05-22 09:31:42.000,2722.8000,14556,0,136541280.000,0,-,-,-,-,2722.6000,2722.2000,2721.6000,2721.4000,2721.2000,2722.8000,2723.8000,2724.0000,2724.2000,2724.6000,1,1,2,1,1,1,1,4,1,2
SF,IH2009,2020-05-22 09:31:42.500,2722.6000,14556,0,137358060.000,1,0,1,多换,S,2722.2000,2721.6000,2721.4000,2721.2000,2720.6000,2722.6000,2722.8000,2723.8000,2724.0000,2724.6000,1,2,1,1,1,1,1,1,4,1
SF,IH2009,2020-05-22 09:31:43.000,2722.2000,14555,-1,138174720.000,1,0,1,双平,S,2721.6000,2721.4000,2721.2000,2720.6000,2720.0000,2722.6000,2722.8000,2723.8000,2724.0000,2724.6000,2,1,1,1,5,1,1,2,4,1
SF,IH2009,2020-05-22 09:31:44.500,2722.2000,14555,0,138174720.000,0,-,-,-,-,2721.6000,2721.4000,2721.2000,2720.6000,2720.0000,2722.6000,2722.8000,2723.8000,2724.0000,2724.6000,2,1,1,1,5,1,1,2,4,1
SF,IH2009,2020-05-22 09:31:46.500,2722.2000,14555,0,138174720.000,0,-,-,-,-,2721.6000,2721.4000,2721.2000,2720.6000,2720.0000,2722.6000,2722.8000,2723.8000,2724.0000,2724.6000,2,1,1,1,5,1,1,2,4,1
SF,IH2009,2020-05-22 09:31:47.000,2722.2000,14555,0,138174720.000,0,-,-,-,-,2721.8000,2721.6000,2721.4000,2721.2000,2720.6000,2722.6000,2722.8000,2723.8000,2724.0000,2724.6000,3,2,1,1,1,1,1,2,4,1
SF,IH2009,2020-05-22 09:31:47.500,2722.2000,14555,0,138174720.000,0,-,-,-,-,2722.0000,2721.8000,2721.6000,2721.4000,2721.2000,2722.8000,2723.8000,2724.0000,2724.6000,2725.2000,2,3,2,1,1,1,2,4,1,1
SF,IH2009,2020-05-22 09:31:48.000,2722.2000,14555,0,138174720.000,0,-,-,-,-,2722.4000,2722.2000,2722.0000,2721.6000,2721.4000,2722.8000,2723.8000,2724.0000,2724.6000,2724.8000,1,4,2,2,1,1,2,4,1,1
SF,IH2009,2020-05-22 09:31:48.500,2722.2000,14555,0,138174720.000,0,-,-,-,-,2722.2000,2722.0000,2721.6000,2721.4000,2721.2000,2722.8000,2723.8000,2724.0000,2724.6000,2724.8000,3,2,3,1,1,1,2,4,1,1
SF,IH2009,2020-05-22 09:31:49.000,2722.2000,14555,0,138174720.000,0,-,-,-,-,2722.2000,2722.0000,2721.6000,2721.4000,2721.2000,2722.8000,2723.8000,2724.0000,2724.6000,2724.8000,2,2,3,1,1,1,2,4,1,1
SF,IH2009,2020-05-22 09:31:49.500,2722.2000,14555,0,138174720.000,0,-,-,-,-,2722.2000,2721.6000,2721.4000,2721.2000,2720.6000,2722.8000,2723.8000,2724.0000,2724.6000,2724.8000,2,3,1,1,1,1,2,4,1,1
SF,IH2009,2020-05-22 09:31:50.000,2722.8000,14556,1,138991560.000,1,1,0,双开,S,2722.2000,2721.6000,2721.4000,2721.2000,2720.6000,2723.8000,2724.0000,2724.6000,2724.8000,2725.2000,2,3,1,1,1,2,4,1,1,1
SF,IH2009,2020-05-22 09:31:50.500,2722.8000,14556,0,138991560.000,0,-,-,-,-,2721.6000,2721.4000,2721.2000,2720.6000,2720.2000,2723.6000,2723.8000,2724.0000,2724.6000,2724.8000,4,1,1,1,1,2,1,3,1,1
SF,IH2009,2020-05-22 09:31:51.000,2722.8000,14556,0,138991560.000,0,-,-,-,-,2722.4000,2722.0000,2721.8000,2721.6000,2721.4000,2723.6000,2723.8000,2724.0000,2724.8000,2725.2000,1,2,2,4,1,2,1,3,1,1
SF,IH2009,2020-05-22 09:31:52.000,2722.8000,14556,0,138991560.000,0,-,-,-,-,2722.4000,2722.0000,2721.8000,2721.6000,2721.4000,2723.0000,2723.4000,2723.6000,2723.8000,2724.0000,1,2,2,4,1,1,1,2,1,3
SF,IH2009,2020-05-22 09:31:52.500,2722.8000,14556,0,138991560.000,0,-,-,-,-,2722.4000,2722.0000,2721.8000,2721.6000,2721.4000,2723.0000,2723.4000,2723.6000,2723.8000,2724.0000,1,2,2,4,1,1,1,1,1,3
SF,IH2009,2020-05-22 09:31:53.000,2723.0000,14555,-1,139808460.000,1,0,1,双平,S,2722.4000,2722.0000,2721.8000,2721.6000,2721.4000,2723.4000,2723.6000,2723.8000,2724.0000,2724.8000,1,2,2,4,1,1,1,1,3,1
SF,IH2009,2020-05-22 09:31:53.500,2723.2000,14555,0,140625420.000,1,0,1,多换,S,2722.0000,2721.8000,2721.6000,2721.4000,2721.2000,2723.2000,2723.4000,2723.8000,2724.0000,2724.8000,2,2,4,1,1,1,1,1,3,1
SF,IH2009,2020-05-22 09:31:54.000,2723.2000,14555,0,140625420.000,0,-,-,-,-,2722.4000,2722.2000,2722.0000,2721.6000,2721.4000,2723.4000,2723.8000,2724.0000,2724.8000,2725.2000,1,3,2,4,1,1,1,3,1,1
SF,IH2009,2020-05-22 09:31:54.500,2723.2000,14555,0,140625420.000,0,-,-,-,-,2722.4000,2722.2000,2722.0000,2721.6000,2721.4000,2723.2000,2723.4000,2723.8000,2724.0000,2724.8000,1,3,2,4,1,1,1,1,3,1
SF,IH2009,2020-05-22 09:31:55.000,2723.2000,14555,0,140625420.000,0,-,-,-,-,2722.2000,2722.0000,2721.6000,2721.4000,2721.2000,2723.4000,2723.8000,2724.0000,2724.8000,2725.2000,2,2,4,1,1,1,1,3,1,1
SF,IH2009,2020-05-22 09:31:55.500,2723.2000,14555,0,140625420.000,0,-,-,-,-,2722.2000,2722.0000,2721.6000,2721.4000,2721.2000,2723.2000,2723.4000,2723.8000,2724.0000,2724.8000,2,2,4,1,1,2,1,1,3,1
SF,IH2009,2020-05-22 09:31:56.000,2723.2000,14555,0,140625420.000,0,-,-,-,-,2722.2000,2721.6000,2721.4000,2721.2000,2720.6000,2723.2000,2723.4000,2723.8000,2724.0000,2724.8000,2,4,1,1,1,2,1,1,3,1
SF,IH2009,2020-05-22 09:31:56.500,2722.2000,14554,-1,141442080.000,1,0,1,双平,S,2721.6000,2721.4000,2721.2000,2720.6000,2720.2000,2722.4000,2723.2000,2723.4000,2723.8000,2724.0000,4,1,1,1,1,1,2,1,1,3
SF,IH2009,2020-05-22 09:31:57.000,2722.4000,14553,-1,142258800.000,1,0,1,双平,S,2722.2000,2722.0000,2721.8000,2721.6000,2721.4000,2723.0000,2723.2000,2723.8000,2724.0000,2725.2000,1,1,4,4,1,1,1,1,3,1
SF,IH2009,2020-05-22 09:31:57.500,2722.4000,14553,0,142258800.000,0,-,-,-,-,2721.8000,2721.6000,2721.4000,2721.2000,2720.6000,2723.0000,2723.2000,2723.8000,2724.0000,2725.2000,4,4,1,1,1,1,1,1,3,1
SF,IH2009,2020-05-22 09:31:58.000,2722.4000,14553,0,142258800.000,0,-,-,-,-,2722.0000,2721.8000,2721.6000,2721.4000,2721.2000,2722.8000,2723.0000,2723.8000,2724.0000,2725.2000,1,4,4,1,1,1,1,1,3,1
SF,IH2009,2020-05-22 09:31:58.500,2722.4000,14553,0,142258800.000,0,-,-,-,-,2722.0000,2721.8000,2721.6000,2721.4000,2721.2000,2722.8000,2723.0000,2723.8000,2724.0000,2725.2000,1,3,4,1,1,1,1,1,3,1
SF,IH2009,2020-05-22 09:32:00.500,2722.4000,14553,0,142258800.000,0,-,-,-,-,2722.0000,2721.8000,2721.6000,2721.4000,2721.2000,2722.8000,2723.0000,2723.8000,2724.0000,2725.2000,1,1,4,1,1,1,1,1,3,1
SF,IH2009,2020-05-22 09:32:01.000,2722.0000,14552,-1,143075400.000,1,0,1,双平,S,2721.6000,2721.4000,2721.2000,2720.6000,2720.2000,2721.8000,2722.6000,2722.8000,2723.0000,2723.8000,4,1,1,1,1,1,1,1,1,1
SF,IH2009,2020-05-22 09:32:01.500,2721.6000,14550,-2,144708420.000,2,0,2,双平,S,2721.6000,2721.4000,2721.2000,2720.6000,2720.2000,2722.8000,2723.0000,2723.8000,2724.0000,2725.2000,4,1,1,1,1,1,1,1,3,1
SF,IH2009,2020-05-22 09:32:02.000,2721.6000,14549,-1,147974340.000,4,1,3,多平,S,2721.4000,2721.2000,2720.6000,2720.2000,2720.0000,2721.6000,2722.6000,2722.8000,2723.0000,2723.8000,1,1,1,1,5,1,5,1,1,1
SF,IH2009,2020-05-22 09:32:02.500,2721.2000,14548,-1,149607120.000,2,0,2,多平,S,2720.6000,2720.2000,2720.0000,2718.0000,2716.2000,2721.4000,2721.6000,2722.6000,2722.8000,2723.0000,1,1,5,2,1,6,1,3,1,2
SF,IH2009,2020-05-22 09:32:03.000,2721.2000,14547,-1,150423480.000,1,0,1,双平,S,2720.6000,2720.2000,2720.0000,2718.0000,2716.2000,2721.2000,2721.4000,2721.6000,2722.6000,2723.0000,1,1,5,2,1,1,5,1,1,2
SF,IH2009,2020-05-22 09:32:03.500,2721.2000,14547,0,150423480.000,0,-,-,-,-,2720.6000,2720.2000,2720.0000,2718.0000,2716.2000,2721.2000,2721.4000,2721.6000,2722.2000,2722.6000,1,1,5,2,1,1,5,1,1,1
SF,IH2009,2020-05-22 09:32:04.000,2720.2000,14547,0,152055720.000,2,1,1,多换,S,2720.0000,2718.0000,2716.2000,2715.6000,2715.2000,2721.2000,2721.4000,2721.6000,2722.2000,2722.6000,5,2,1,1,1,1,5,1,1,1
SF,IH2009,2020-05-22 09:32:04.500,2720.2000,14547,0,152055720.000,0,-,-,-,-,2720.4000,2720.0000,2718.0000,2716.2000,2715.6000,2721.0000,2721.2000,2721.4000,2721.6000,2722.2000,1,5,2,1,1,2,1,5,1,1
SF,IH2009,2020-05-22 09:32:05.000,2720.4000,14547,0,152871840.000,1,0,1,多换,S,2720.0000,2718.0000,2716.2000,2715.6000,2715.2000,2720.4000,2720.8000,2721.0000,2721.4000,2721.6000,5,2,1,1,1,1,1,1,5,1
SF,IH2009,2020-05-22 09:32:05.500,2720.0000,14544,-3,155319840.000,3,0,3,双平,S,2720.0000,2718.0000,2716.2000,2715.6000,2715.2000,2720.8000,2721.4000,2721.6000,2722.2000,2722.6000,3,2,1,1,1,1,5,1,1,1
SF,IH2009,2020-05-22 09:32:06.000,2720.0000,14542,-2,157767840.000,3,0,3,多平,S,2720.0000,2718.0000,2716.2000,2715.6000,2715.2000,2720.4000,2720.6000,2720.8000,2721.4000,2721.6000,1,2,1,1,1,1,1,1,5,1
SF,IH2009,2020-05-22 09:32:06.500,2720.4000,14541,-1,159399960.000,2,0,2,多平,S,2720.6000,2720.0000,2718.0000,2716.2000,2715.6000,2720.8000,2721.4000,2721.6000,2722.2000,2722.6000,1,1,2,1,1,1,5,1,1,1
SF,IH2009,2020-05-22 09:32:07.000,2720.6000,14540,-1,160216140.000,1,0,1,双平,S,2720.0000,2718.0000,2716.2000,2715.6000,2715.2000,2720.6000,2720.8000,2721.4000,2721.6000,2722.2000,2,2,1,1,1,4,1,3,1,1
SF,IH2009,2020-05-22 09:32:07.500,2720.6000,14540,0,160216140.000,0,-,-,-,-,2720.0000,2719.2000,2718.0000,2716.2000,2715.6000,2720.6000,2720.8000,2721.4000,2721.6000,2722.2000,2,1,2,1,1,3,1,3,1,1
SF,IH2009,2020-05-22 09:32:08.000,2720.6000,14539,-1,161032320.000,1,0,1,双平,S,2720.6000,2720.0000,2719.2000,2718.0000,2716.2000,2720.8000,2721.4000,2721.6000,2722.2000,2722.6000,1,2,1,2,1,1,2,1,1,1
SF,IH2009,2020-05-22 09:32:08.500,2720.6000,14538,-1,161848500.000,1,0,1,双平,S,2720.0000,2719.2000,2718.6000,2718.0000,2716.2000,2720.8000,2721.4000,2721.6000,2722.2000,2722.6000,2,1,1,2,1,1,2,1,1,1
SF,IH2009,2020-05-22 09:32:09.000,2720.6000,14538,0,161848500.000,0,-,-,-,-,2720.0000,2719.2000,2718.6000,2718.0000,2716.2000,2720.8000,2721.4000,2721.6000,2722.2000,2722.6000,2,1,1,2,1,1,2,1,1,1
SF,IH2009,2020-05-22 09:32:09.500,2720.6000,14538,0,161848500.000,0,-,-,-,-,2720.0000,2719.2000,2718.6000,2718.0000,2716.2000,2720.8000,2721.4000,2721.6000,2722.2000,2722.6000,2,1,1,2,1,1,2,1,1,1
SF,IH2009,2020-05-22 09:32:10.000,2720.6000,14538,0,161848500.000,0,-,-,-,-,2720.0000,2719.2000,2718.6000,2718.0000,2716.2000,2720.8000,2721.4000,2721.6000,2722.2000,2722.6000,1,1,1,2,1,1,2,1,1,1
SF,IH2009,2020-05-22 09:32:10.500,2720.6000,14538,0,161848500.000,0,-,-,-,-,2720.0000,2719.2000,2718.6000,2718.0000,2716.2000,2720.8000,2721.4000,2721.6000,2722.2000,2722.6000,1,1,1,3,1,1,2,1,1,1
SF,IH2009,2020-05-22 09:32:11.000,2720.6000,14538,0,161848500.000,0,-,-,-,-,2720.0000,2719.2000,2718.6000,2718.0000,2716.2000,2720.8000,2721.4000,2721.6000,2722.2000,2722.6000,1,1,1,3,1,1,2,1,1,1
SF,IH2009,2020-05-22 09:32:11.500,2720.0000,14538,0,162664500.000,1,0,1,多换,S,2719.2000,2718.6000,2718.0000,2716.2000,2715.6000,2720.8000,2721.4000,2721.6000,2722.2000,2722.6000,1,1,3,1,1,1,2,1,1,1
SF,IH2009,2020-05-22 09:32:12.000,2720.6000,14538,0,163480680.000,1,0,1,多换,S,2719.2000,2718.6000,2718.0000,2716.2000,2715.6000,2720.6000,2720.8000,2721.4000,2721.6000,2722.2000,1,1,3,1,1,2,1,2,1,1
SF,IH2009,2020-05-22 09:32:12.500,2720.6000,14538,0,163480680.000,0,-,-,-,-,2719.4000,2719.2000,2718.6000,2718.0000,2716.2000,2720.4000,2720.6000,2721.4000,2721.6000,2722.2000,1,1,1,3,1,2,2,1,1,1
SF,IH2009,2020-05-22 09:32:13.000,2720.6000,14538,0,163480680.000,0,-,-,-,-,2719.2000,2718.6000,2718.0000,2716.2000,2716.0000,2720.0000,2720.2000,2720.4000,2720.6000,2721.4000,1,1,3,1,1,1,1,2,1,1
SF,IH2009,2020-05-22 09:32:13.500,2720.6000,14538,0,163480680.000,0,-,-,-,-,2719.2000,2718.6000,2718.0000,2716.2000,2716.0000,2720.0000,2720.4000,2721.4000,2721.6000,2722.2000,1,1,3,1,1,1,2,1,1,1
SF,IH2009,2020-05-22 09:32:14.000,2720.6000,14538,0,163480680.000,0,-,-,-,-,2718.6000,2718.0000,2716.2000,2716.0000,2715.6000,2720.0000,2720.4000,2721.4000,2721.6000,2722.2000,1,3,1,1,1,1,2,1,1,1
SF,IH2009,2020-05-22 09:32:14.500,2720.6000,14538,0,163480680.000,0,-,-,-,-,2718.8000,2718.6000,2718.0000,2716.2000,2716.0000,2719.8000,2720.0000,2720.4000,2721.4000,2721.6000,1,1,3,1,1,2,1,1,1,1
SF,IH2009,2020-05-22 09:32:15.000,2720.6000,14538,0,163480680.000,0,-,-,-,-,2718.8000,2718.0000,2716.2000,2716.0000,2715.6000,2719.8000,2720.0000,2721.4000,2721.6000,2723.0000,2,3,1,1,1,3,1,1,1,1
SF,IH2009,2020-05-22 09:32:15.500,2718.8000,14537,-1,164296320.000,1,0,1,双平,S,2718.0000,2716.8000,2716.2000,2716.0000,2715.6000,2719.6000,2719.8000,2720.0000,2721.4000,2721.6000,3,1,1,1,1,2,2,1,1,1
SF,IH2009,2020-05-22 09:32:16.000,2718.8000,14537,0,164296320.000,0,-,-,-,-,2718.0000,2716.8000,2716.2000,2716.0000,2715.6000,2719.4000,2719.6000,2720.0000,2721.4000,2721.6000,3,1,1,1,1,4,1,1,1,1
SF,IH2009,2020-05-22 09:32:16.500,2718.8000,14537,0,164296320.000,0,-,-,-,-,2718.0000,2716.8000,2716.2000,2716.0000,2715.6000,2719.4000,2719.6000,2720.0000,2721.4000,2721.6000,3,1,1,1,1,4,1,1,1,1
SF,IH2009,2020-05-22 09:32:17.000,2718.8000,14537,0,164296320.000,0,-,-,-,-,2718.0000,2716.8000,2716.2000,2716.0000,2715.6000,2719.2000,2719.4000,2719.6000,2720.0000,2721.4000,3,1,1,1,1,5,2,1,1,1
SF,IH2009,2020-05-22 09:32:17.500,2718.8000,14537,0,164296320.000,0,-,-,-,-,2718.0000,2716.8000,2716.2000,2716.0000,2715.6000,2719.0000,2719.2000,2719.6000,2720.0000,2721.4000,3,1,1,1,1,4,3,1,1,1
SF,IH2009,2020-05-22 09:32:18.000,2718.8000,14537,0,164296320.000,0,-,-,-,-,2718.0000,2716.8000,2716.2000,2716.0000,2715.6000,2718.8000,2719.0000,2719.2000,2719.6000,2720.0000,4,1,1,1,1,2,2,3,1,1
SF,IH2009,2020-05-22 09:32:18.500,2718.8000,14537,0,164296320.000,0,-,-,-,-,2718.0000,2716.8000,2716.2000,2716.0000,2715.6000,2718.6000,2718.8000,2719.2000,2719.6000,2720.0000,3,1,1,1,1,1,5,3,1,1
SF,IH2009,2020-05-22 09:32:19.000,2718.8000,14537,0,164296320.000,0,-,-,-,-,2718.0000,2716.8000,2716.2000,2716.0000,2715.6000,2718.6000,2718.8000,2719.2000,2719.6000,2720.0000,3,1,1,1,1,1,5,3,1,1
SF,IH2009,2020-05-22 09:32:19.500,2718.4000,14533,-4,167558040.000,4,0,4,双平,S,2716.8000,2716.2000,2716.0000,2715.6000,2715.2000,2718.0000,2718.6000,2718.8000,2719.2000,2719.6000,1,1,1,1,1,1,1,5,3,1
SF,IH2009,2020-05-22 09:32:20.000,2718.4000,14533,0,167558040.000,0,-,-,-,-,2717.8000,2717.2000,2717.0000,2716.8000,2716.2000,2718.0000,2718.6000,2718.8000,2719.6000,2720.0000,1,1,2,1,1,1,1,1,1,1
SF,IH2009,2020-05-22 09:32:20.500,2717.8000,14533,0,168373380.000,1,0,1,多换,S,2717.2000,2717.0000,2716.8000,2716.2000,2716.0000,2718.6000,2719.6000,2720.0000,2720.6000,2723.0000,1,1,1,1,2,1,1,1,1,1
SF,IH2009,2020-05-22 09:32:21.000,2717.4000,14532,-1,169188600.000,1,0,1,双平,S,2717.2000,2716.8000,2716.2000,2716.0000,2715.6000,2718.0000,2718.4000,2718.6000,2719.6000,2720.0000,1,1,1,2,1,2,1,1,1,1
SF,IH2009,2020-05-22 09:32:21.500,2718.0000,14529,-3,171634800.000,3,0,3,双平,S,2717.2000,2716.8000,2716.2000,2716.0000,2715.6000,2719.6000,2720.0000,2720.6000,2723.0000,2724.0000,1,1,1,2,1,1,1,1,1,2
SF,IH2009,2020-05-22 09:32:22.000,2718.0000,14529,0,171634800.000,0,-,-,-,-,2718.0000,2717.4000,2717.2000,2716.8000,2716.2000,2719.4000,2719.6000,2720.0000,2720.6000,2723.0000,2,2,1,1,1,3,1,1,1,1
SF,IH2009,2020-05-22 09:32:22.500,2718.0000,14529,0,171634800.000,0,-,-,-,-,2718.0000,2717.4000,2717.2000,2716.8000,2716.2000,2719.2000,2719.4000,2719.6000,2720.0000,2720.6000,2,1,1,1,1,2,3,1,1,1
SF,IH2009,2020-05-22 09:32:23.000,2718.0000,14529,0,171634800.000,0,-,-,-,-,2718.0000,2717.6000,2717.4000,2717.2000,2716.8000,2719.0000,2719.2000,2719.4000,2719.6000,2720.0000,2,1,1,1,1,2,2,1,1,1
SF,IH2009,2020-05-22 09:32:23.500,2718.0000,14529,0,171634800.000,0,-,-,-,-,2718.0000,2717.6000,2717.4000,2717.2000,2716.8000,2718.8000,2719.0000,2719.4000,2719.6000,2720.0000,2,1,1,1,1,1,5,1,1,1
SF,IH2009,2020-05-22 09:32:24.000,2718.0000,14529,0,171634800.000,0,-,-,-,-,2718.0000,2717.4000,2717.2000,2716.8000,2716.2000,2718.6000,2719.0000,2719.4000,2719.6000,2720.0000,2,1,1,1,1,2,3,1,1,1
SF,IH2009,2020-05-22 09:32:24.500,2718.0000,14529,0,171634800.000,0,-,-,-,-,2718.0000,2717.4000,2717.2000,2716.8000,2716.2000,2718.6000,2719.0000,2719.6000,2720.0000,2723.0000,2,1,1,1,1,2,1,1,1,1
SF,IH2009,2020-05-22 09:32:25.000,2718.0000,14529,0,171634800.000,0,-,-,-,-,2718.0000,2717.4000,2717.2000,2716.8000,2716.2000,2718.6000,2719.0000,2719.6000,2720.0000,2723.0000,1,1,1,1,1,2,1,1,1,1
SF,IH2009,2020-05-22 09:32:25.500,2718.0000,14528,-1,172450200.000,1,0,1,双平,S,2717.4000,2717.2000,2716.8000,2716.2000,2716.0000,2718.6000,2719.0000,2719.6000,2720.0000,2723.0000,1,1,1,1,2,2,1,1,1,1
SF,IH2009,2020-05-22 09:32:26.000,2718.4000,14527,-1,173265720.000,1,0,1,双平,S,2717.4000,2717.2000,2716.8000,2716.2000,2716.0000,2718.6000,2720.0000,2723.0000,2724.0000,2725.2000,1,1,1,1,2,2,1,1,2,1
SF,IH2009,2020-05-22 09:32:26.500,2717.6000,14527,0,174081000.000,1,0,1,多换,S,2717.4000,2717.2000,2716.8000,2716.2000,2716.0000,2718.6000,2720.0000,2723.0000,2724.0000,2725.2000,1,1,1,1,2,2,1,1,2,1
SF,IH2009,2020-05-22 09:32:27.000,2717.6000,14527,0,174081000.000,0,-,-,-,-,2717.6000,2717.4000,2716.8000,2716.2000,2716.0000,2718.6000,2720.0000,2723.0000,2724.0000,2725.2000,3,1,1,1,2,2,1,1,2,1
SF,IH2009,2020-05-22 09:32:27.500,2717.6000,14527,0,174081000.000,0,-,-,-,-,2717.4000,2716.8000,2716.2000,2716.0000,2715.6000,2718.4000,2718.6000,2720.0000,2723.0000,2724.0000,1,1,1,2,1,1,2,1,1,2
SF,IH2009,2020-05-22 09:32:28.000,2717.6000,14527,0,174081000.000,0,-,-,-,-,2717.4000,2716.8000,2716.2000,2716.0000,2715.6000,2718.2000,2720.0000,2723.0000,2724.0000,2725.2000,1,1,1,2,1,2,1,1,2,1
SF,IH2009,2020-05-22 09:32:28.500,2717.6000,14527,0,174081000.000,0,-,-,-,-,2717.6000,2717.4000,2716.8000,2716.2000,2716.0000,2720.0000,2723.0000,2724.0000,2725.2000,2725.6000,1,1,1,1,2,1,1,2,1,5
SF,IH2009,2020-05-22 09:32:29.000,2717.6000,14527,0,174081000.000,0,-,-,-,-,2716.8000,2716.2000,2716.0000,2715.6000,2714.0000,2719.8000,2720.0000,2723.0000,2724.0000,2725.2000,1,1,2,1,3,1,3,1,2,1
SF,IH2009,2020-05-22 09:32:29.500,2717.6000,14527,0,174081000.000,0,-,-,-,-,2717.2000,2717.0000,2716.8000,2716.2000,2716.0000,2719.8000,2720.0000,2723.0000,2724.0000,2725.2000,1,1,2,1,2,2,3,1,2,1
SF,IH2009,2020-05-22 09:32:30.000,2717.6000,14527,0,174081000.000,0,-,-,-,-,2717.4000,2717.2000,2716.8000,2716.2000,2716.0000,2719.8000,2720.0000,2723.0000,2724.0000,2725.2000,1,3,1,1,2,2,2,1,2,1
SF,IH2009,2020-05-22 09:32:30.500,2717.6000,14527,0,174081000.000,0,-,-,-,-,2717.6000,2717.4000,2716.8000,2716.2000,2716.0000,2719.8000,2720.0000,2723.0000,2724.0000,2725.2000,3,3,1,1,2,1,2,1,2,1
SF,IH2009,2020-05-22 09:32:31.000,2717.6000,14527,0,174081000.000,0,-,-,-,-,2717.8000,2717.6000,2717.4000,2717.2000,2716.8000,2719.8000,2720.0000,2723.0000,2724.0000,2725.2000,1,3,2,1,1,1,2,1,2,1
SF,IH2009,2020-05-22 09:32:31.500,2717.6000,14527,0,174081000.000,0,-,-,-,-,2718.0000,2717.8000,2717.6000,2717.4000,2717.2000,2719.6000,2719.8000,2720.0000,2723.0000,2724.0000,2,1,1,2,1,1,1,1,1,2
SF,IH2009,2020-05-22 09:32:32.000,2717.6000,14527,0,174081000.000,0,-,-,-,-,2718.2000,2717.6000,2717.2000,2716.8000,2716.2000,2719.4000,2719.6000,2720.0000,2723.0000,2724.0000,1,1,1,1,1,2,1,2,1,2
SF,IH2009,2020-05-22 09:32:32.500,2717.6000,14527,0,174081000.000,0,-,-,-,-,2718.2000,2717.6000,2717.2000,2716.8000,2716.2000,2719.4000,2719.6000,2720.0000,2722.0000,2723.0000,3,1,1,1,1,2,1,1,1,1
SF,IH2009,2020-05-22 09:32:33.000,2717.6000,14527,0,174081000.000,0,-,-,-,-,2718.4000,2718.2000,2717.6000,2717.2000,2716.8000,2719.4000,2720.0000,2722.0000,2723.0000,2724.0000,2,1,1,2,1,2,1,1,1,2
SF,IH2009,2020-05-22 09:32:33.500,2717.6000,14527,0,174081000.000,0,-,-,-,-,2718.4000,2717.2000,2716.8000,2716.2000,2716.0000,2719.4000,2720.0000,2722.0000,2723.0000,2724.0000,3,2,1,1,1,2,1,1,1,2
SF,IH2009,2020-05-22 09:32:34.000,2717.6000,14527,0,174081000.000,0,-,-,-,-,2718.6000,2717.2000,2716.8000,2716.2000,2716.0000,2719.4000,2720.0000,2722.0000,2723.0000,2724.0000,3,2,1,1,1,2,1,1,1,2
SF,IH2009,2020-05-22 09:32:34.500,2717.6000,14527,0,174081000.000,0,-,-,-,-,2718.6000,2717.2000,2717.0000,2716.8000,2716.2000,2719.4000,2720.0000,2722.0000,2723.0000,2724.0000,3,2,1,1,1,2,1,1,1,2
SF,IH2009,2020-05-22 09:32:35.000,2719.4000,14526,-1,175712640.000,2,0,2,多平,S,2718.6000,2717.2000,2717.0000,2716.8000,2716.2000,2720.0000,2722.0000,2723.0000,2724.0000,2725.2000,3,2,1,1,1,1,1,1,2,1
SF,IH2009,2020-05-22 09:32:35.500,2719.4000,14526,0,175712640.000,0,-,-,-,-,2718.8000,2718.6000,2717.2000,2717.0000,2716.8000,2719.8000,2720.0000,2722.0000,2723.0000,2724.0000,2,2,2,1,1,1,1,1,1,2
SF,IH2009,2020-05-22 09:32:36.000,2719.4000,14526,0,175712640.000,0,-,-,-,-,2719.0000,2718.8000,2718.6000,2717.2000,2717.0000,2720.0000,2722.0000,2723.0000,2724.0000,2725.2000,1,3,2,2,1,1,1,1,2,1
SF,IH2009,2020-05-22 09:32:37.000,2720.0000,14525,-1,176528640.000,1,0,1,双平,S,2719.0000,2718.8000,2718.6000,2717.2000,2717.0000,2722.0000,2723.0000,2724.0000,2725.2000,2725.6000,1,3,2,2,1,1,1,2,1,5
SF,IH2009,2020-05-22 09:32:37.500,2720.0000,14525,0,176528640.000,0,-,-,-,-,2719.2000,2717.2000,2717.0000,2716.8000,2716.2000,2721.6000,2721.8000,2722.0000,2723.0000,2724.0000,2,2,1,1,1,11,4,1,1,2
SF,IH2009,2020-05-22 09:32:38.000,2720.0000,14525,0,176528640.000,0,-,-,-,-,2719.4000,2719.2000,2717.2000,2717.0000,2716.2000,2721.4000,2721.6000,2721.8000,2722.0000,2723.0000,1,1,2,1,1,6,12,3,2,1
SF,IH2009,2020-05-22 09:32:38.500,2721.2000,14525,0,177345000.000,1,0,1,多换,S,2719.6000,2719.4000,2717.2000,2717.0000,2716.2000,2721.4000,2721.6000,2721.8000,2722.0000,2723.0000,1,1,2,1,1,6,12,3,2,1
SF,IH2009,2020-05-22 09:32:39.000,2719.6000,14524,-1,178160880.000,1,0,1,双平,S,2719.4000,2717.2000,2717.0000,2716.2000,2716.0000,2721.4000,2721.6000,2721.8000,2722.0000,2723.0000,1,2,1,1,1,6,12,3,2,1
SF,IH2009,2020-05-22 09:32:39.500,2719.6000,14524,0,178160880.000,0,-,-,-,-,2719.6000,2717.2000,2717.0000,2716.2000,2716.0000,2720.6000,2721.4000,2721.6000,2721.8000,2722.0000,1,2,1,1,1,1,6,12,3,2
SF,IH2009,2020-05-22 09:32:40.000,2719.6000,14524,0,178160880.000,0,-,-,-,-,2717.2000,2717.0000,2716.2000,2716.0000,2715.8000,2719.6000,2720.4000,2720.6000,2721.4000,2721.6000,2,1,1,1,4,1,1,1,5,12
SF,IH2009,2020-05-22 09:32:40.500,2719.6000,14524,0,178160880.000,0,-,-,-,-,2719.0000,2718.4000,2717.6000,2717.4000,2717.2000,2719.4000,2719.6000,2720.6000,2721.4000,2721.6000,1,1,1,9,5,1,1,1,4,12
SF,IH2009,2020-05-22 09:32:41.000,2719.6000,14524,0,178160880.000,0,-,-,-,-,2717.6000,2717.4000,2717.2000,2717.0000,2716.2000,2719.4000,2719.6000,2721.4000,2721.6000,2721.8000,1,1,2,1,1,1,1,5,11,2
SF,IH2009,2020-05-22 09:32:41.500,2719.4000,14523,-1,178976700.000,1,0,1,双平,S,2717.8000,2717.6000,2717.2000,2717.0000,2716.2000,2719.2000,2719.6000,2721.4000,2721.6000,2721.8000,6,2,2,1,1,1,1,5,11,2
SF,IH2009,2020-05-22 09:32:42.000,2719.4000,14522,-1,179792520.000,1,0,1,双平,S,2718.8000,2718.2000,2718.0000,2717.8000,2717.6000,2719.6000,2721.4000,2721.6000,2721.8000,2722.0000,1,1,3,8,1,1,5,11,2,2
SF,IH2009,2020-05-22 09:32:42.500,2719.4000,14522,0,179792520.000,0,-,-,-,-,2719.2000,2719.0000,2718.2000,2718.0000,2717.8000,2721.4000,2721.6000,2721.8000,2722.0000,2723.0000,2,1,1,1,7,5,11,2,2,1
SF,IH2009,2020-05-22 09:32:43.000,2719.4000,14522,0,179792520.000,0,-,-,-,-,2719.6000,2719.4000,2719.2000,2719.0000,2718.2000,2721.2000,2721.4000,2721.6000,2721.8000,2722.0000,1,2,2,1,1,1,5,11,2,2
SF,IH2009,2020-05-22 09:32:43.500,2719.4000,14522,0,179792520.000,0,-,-,-,-,2719.8000,2719.6000,2719.2000,2719.0000,2718.2000,2721.0000,2721.2000,2721.4000,2721.6000,2721.8000,1,1,2,1,1,4,1,1,11,2
SF,IH2009,2020-05-22 09:32:44.000,2719.4000,14522,0,179792520.000,0,-,-,-,-,2719.8000,2719.6000,2719.2000,2718.2000,2718.0000,2720.6000,2720.8000,2721.0000,2721.4000,2721.6000,1,1,2,1,1,1,3,4,1,11
SF,IH2009,2020-05-22 09:32:44.500,2719.4000,14522,0,179792520.000,0,-,-,-,-,2719.8000,2719.6000,2719.2000,2718.2000,2718.0000,2720.6000,2720.8000,2721.0000,2721.4000,2721.6000,1,1,2,1,1,1,3,4,1,11
SF,IH2009,2020-05-22 09:32:45.000,2719.6000,14520,-2,181424340.000,2,0,2,双平,S,2719.2000,2718.2000,2718.0000,2717.8000,2717.6000,2720.6000,2720.8000,2721.0000,2721.4000,2721.6000,2,1,1,3,1,1,3,4,1,11
SF,IH2009,2020-05-22 09:32:45.500,2719.6000,14520,0,181424340.000,0,-,-,-,-,2719.2000,2718.0000,2717.8000,2717.6000,2717.2000,2720.4000,2720.6000,2720.8000,2721.0000,2721.4000,2,1,3,1,2,2,1,2,3,1
SF,IH2009,2020-05-22 09:32:46.000,2719.6000,14520,0,181424340.000,0,-,-,-,-,2719.2000,2718.0000,2717.8000,2717.6000,2717.2000,2720.2000,2720.4000,2720.6000,2720.8000,2721.0000,1,1,3,1,2,1,2,1,2,3
SF,IH2009,2020-05-22 09:32:46.500,2719.6000,14520,0,181424340.000,0,-,-,-,-,2719.2000,2718.0000,2717.8000,2717.6000,2717.2000,2720.0000,2720.2000,2721.0000,2721.4000,2721.6000,1,1,1,1,2,2,2,1,1,11
SF,IH2009,2020-05-22 09:32:47.000,2719.6000,14520,0,181424340.000,0,-,-,-,-,2719.2000,2718.0000,2717.8000,2717.6000,2717.2000,2720.0000,2720.2000,2721.0000,2721.4000,2721.6000,1,1,1,1,2,1,2,1,1,11
SF,IH2009,2020-05-22 09:32:48.000,2719.6000,14520,0,181424340.000,0,-,-,-,-,2719.2000,2718.0000,2717.8000,2717.6000,2717.2000,2720.0000,2720.2000,2721.0000,2721.4000,2721.6000,1,1,1,2,2,1,2,1,1,11
SF,IH2009,2020-05-22 09:32:48.500,2719.6000,14520,0,181424340.000,0,-,-,-,-,2719.2000,2718.0000,2717.8000,2717.6000,2717.2000,2720.2000,2721.0000,2721.4000,2721.6000,2721.8000,1,1,1,2,2,2,1,1,11,2
SF,IH2009,2020-05-22 09:32:49.000,2719.6000,14520,0,181424340.000,0,-,-,-,-,2719.4000,2719.2000,2718.0000,2717.8000,2717.6000,2720.0000,2721.0000,2721.4000,2721.6000,2721.8000,1,1,1,1,2,1,1,1,11,2
SF,IH2009,2020-05-22 09:32:50.000,2719.6000,14520,0,181424340.000,0,-,-,-,-,2719.4000,2719.2000,2718.0000,2717.8000,2717.6000,2720.0000,2720.2000,2721.0000,2721.4000,2721.6000,1,1,1,1,2,1,1,1,1,11
SF,IH2009,2020-05-22 09:32:50.500,2719.6000,14520,0,181424340.000,0,-,-,-,-,2719.2000,2718.0000,2717.8000,2717.6000,2717.2000,2720.0000,2720.2000,2721.0000,2721.4000,2721.6000,1,1,1,2,2,1,1,1,1,11
SF,IH2009,2020-05-22 09:32:51.000,2719.6000,14520,0,181424340.000,0,-,-,-,-,2718.0000,2717.8000,2717.6000,2717.2000,2716.2000,2719.8000,2720.2000,2721.0000,2721.4000,2721.6000,1,1,2,3,1,1,1,1,1,11
SF,IH2009,2020-05-22 09:32:51.500,2719.6000,14520,0,181424340.000,0,-,-,-,-,2718.2000,2718.0000,2717.8000,2717.6000,2717.2000,2719.8000,2720.2000,2721.0000,2721.4000,2721.6000,3,1,1,2,3,1,1,1,1,11
SF,IH2009,2020-05-22 09:32:52.000,2719.6000,14520,0,181424340.000,0,-,-,-,-,2718.2000,2718.0000,2717.8000,2717.6000,2717.2000,2719.8000,2720.2000,2721.0000,2721.4000,2721.6000,2,1,1,1,3,2,1,1,1,11
SF,IH2009,2020-05-22 09:32:52.500,2719.8000,14520,0,182240280.000,1,0,1,多换,S,2718.2000,2718.0000,2717.8000,2717.6000,2717.2000,2719.8000,2720.2000,2721.0000,2721.4000,2721.6000,2,1,1,1,3,1,1,1,1,11
SF,IH2009,2020-05-22 09:32:54.000,2719.8000,14520,0,182240280.000,0,-,-,-,-,2718.4000,2718.2000,2718.0000,2717.8000,2717.6000,2719.8000,2720.2000,2721.0000,2721.4000,2721.6000,2,2,1,1,1,1,1,1,1,11
SF,IH2009,2020-05-22 09:32:54.500,2719.8000,14520,0,182240280.000,0,-,-,-,-,2718.6000,2718.4000,2718.2000,2718.0000,2717.8000,2719.8000,2720.2000,2721.0000,2721.4000,2721.6000,2,2,1,1,1,1,1,1,1,11
SF,IH2009,2020-05-22 09:32:55.000,2719.8000,14520,0,182240280.000,0,-,-,-,-,2718.8000,2718.6000,2718.2000,2718.0000,2717.8000,2720.2000,2721.0000,2721.4000,2721.6000,2721.8000,2,2,1,1,1,1,1,1,11,2
SF,IH2009,2020-05-22 09:32:55.500,2719.8000,14520,0,182240280.000,0,-,-,-,-,2719.0000,2718.8000,2718.6000,2718.2000,2718.0000,2720.0000,2720.2000,2721.0000,2721.4000,2721.6000,1,2,1,1,1,1,1,1,1,11
SF,IH2009,2020-05-22 09:32:56.500,2719.8000,14520,0,182240280.000,0,-,-,-,-,2719.0000,2718.6000,2718.2000,2718.0000,2717.8000,2720.0000,2720.2000,2721.0000,2721.4000,2721.6000,1,1,2,1,1,1,1,1,1,11
SF,IH2009,2020-05-22 09:32:57.000,2719.8000,14520,0,182240280.000,0,-,-,-,-,2719.0000,2718.6000,2718.2000,2718.0000,2717.8000,2719.8000,2720.0000,2720.2000,2721.0000,2721.4000,1,1,2,1,1,1,1,1,1,1
SF,IH2009,2020-05-22 09:32:57.500,2720.0000,14520,0,183056280.000,1,0,1,多换,S,2719.0000,2718.6000,2718.2000,2718.0000,2717.8000,2720.2000,2721.0000,2721.4000,2721.6000,2721.8000,1,1,2,1,1,1,1,1,11,2
SF,IH2009,2020-05-22 09:32:58.000,2719.0000,14519,-1,183871980.000,1,0,1,双平,S,2718.6000,2718.2000,2718.0000,2717.8000,2717.6000,2720.0000,2720.2000,2721.0000,2721.4000,2721.6000,1,1,1,1,1,1,1,1,1,11
SF,IH2009,2020-05-22 09:32:58.500,2719.0000,14519,0,183871980.000,0,-,-,-,-,2718.8000,2718.6000,2718.2000,2718.0000,2717.8000,2719.8000,2720.0000,2720.2000,2721.0000,2721.4000,1,1,1,1,1,1,1,1,1,1
SF,IH2009,2020-05-22 09:32:59.000,2719.0000,14519,0,183871980.000,0,-,-,-,-,2718.8000,2718.6000,2718.2000,2718.0000,2717.8000,2720.0000,2720.2000,2721.0000,2721.4000,2721.6000,1,1,1,1,1,1,1,1,1,11
SF,IH2009,2020-05-22 09:33:00.000,2719.0000,14519,0,183871980.000,0,-,-,-,-,2719.4000,2718.8000,2718.6000,2718.2000,2718.0000,2720.0000,2720.2000,2721.0000,2721.4000,2721.6000,1,1,1,1,1,1,1,1,1,11
SF,IH2009,2020-05-22 09:33:00.500,2719.0000,14519,0,183871980.000,0,-,-,-,-,2719.4000,2719.0000,2718.8000,2718.6000,2718.2000,2720.0000,2720.2000,2721.0000,2721.4000,2721.6000,1,2,2,1,1,1,1,1,1,11
SF,IH2009,2020-05-22 09:33:01.500,2719.4000,14519,0,184687800.000,1,0,1,多换,S,2719.0000,2718.8000,2718.6000,2718.2000,2718.0000,2719.4000,2720.0000,2720.2000,2721.0000,2721.4000,2,2,1,1,1,7,1,1,2,1
SF,IH2009,2020-05-22 09:33:02.000,2718.8000,14518,-1,186319080.000,2,0,2,多平,S,2718.6000,2718.2000,2718.0000,2717.8000,2717.6000,2719.0000,2719.2000,2719.4000,2720.0000,2720.2000,1,1,1,1,1,1,3,16,2,1
SF,IH2009,2020-05-22 09:33:02.500,2718.6000,14517,-1,187134660.000,1,0,1,双平,S,2718.2000,2718.0000,2717.8000,2717.6000,2717.2000,2718.6000,2719.0000,2719.2000,2719.4000,2719.8000,1,1,1,1,3,1,2,3,14,1
SF,IH2009,2020-05-22 09:33:03.000,2718.6000,14517,0,187134660.000,0,-,-,-,-,2718.2000,2718.0000,2717.8000,2717.6000,2717.2000,2719.0000,2719.2000,2719.4000,2719.8000,2720.0000,1,1,1,1,3,2,3,14,2,2
SF,IH2009,2020-05-22 09:33:03.500,2718.2000,14516,-1,187950120.000,1,0,1,双平,S,2718.0000,2717.8000,2717.6000,2717.2000,2716.6000,2718.8000,2719.0000,2719.2000,2719.4000,2719.8000,1,1,1,3,1,2,2,3,14,2
SF,IH2009,2020-05-22 09:33:04.000,2718.2000,14516,0,187950120.000,0,-,-,-,-,2718.0000,2717.6000,2717.2000,2716.6000,2716.2000,2718.6000,2718.8000,2719.0000,2719.2000,2719.4000,1,1,3,1,1,1,2,2,3,13
SF,IH2009,2020-05-22 09:33:04.500,2718.2000,14516,0,187950120.000,0,-,-,-,-,2718.2000,2718.0000,2717.6000,2717.2000,2716.6000,2718.8000,2719.0000,2719.2000,2719.4000,2719.8000,1,2,1,3,1,2,2,3,13,2
SF,IH2009,2020-05-22 09:33:05.000,2718.6000,14515,-1,189581160.000,2,0,2,多平,S,2718.0000,2717.6000,2717.2000,2716.6000,2716.2000,2718.8000,2719.0000,2719.2000,2719.4000,2719.8000,1,1,3,1,1,2,2,3,13,2
SF,IH2009,2020-05-22 09:33:05.500,2718.6000,14515,0,191212320.000,2,1,1,多换,S,2718.0000,2717.6000,2717.2000,2716.6000,2716.2000,2718.6000,2718.8000,2719.0000,2719.2000,2719.4000,1,1,3,1,1,1,2,2,3,13
SF,IH2009,2020-05-22 09:33:06.000,2718.6000,14514,-1,192027900.000,1,0,1,双平,S,2718.2000,2718.0000,2717.6000,2717.2000,2716.6000,2718.8000,2719.0000,2719.2000,2719.4000,2719.8000,1,1,1,3,1,1,2,3,13,2
SF,IH2009,2020-05-22 09:33:06.500,2718.6000,14514,0,192027900.000,0,-,-,-,-,2718.2000,2718.0000,2717.6000,2717.2000,2716.6000,2719.0000,2719.2000,2719.4000,2719.8000,2720.0000,1,1,1,3,1,2,3,13,2,1
SF,IH2009,2020-05-22 09:33:07.000,2718.6000,14514,0,192027900.000,0,-,-,-,-,2718.2000,2718.0000,2717.6000,2717.2000,2716.6000,2719.0000,2719.2000,2719.4000,2719.8000,2720.0000,1,1,1,3,1,1,3,13,2,1
SF,IH2009,2020-05-22 09:33:07.500,2718.6000,14514,0,192027900.000,0,-,-,-,-,2718.4000,2718.2000,2718.0000,2717.6000,2717.2000,2719.2000,2719.4000,2719.8000,2720.0000,2720.2000,1,1,1,1,3,3,13,2,1,1
SF,IH2009,2020-05-22 09:33:08.000,2718.6000,14514,0,192027900.000,0,-,-,-,-,2718.4000,2718.2000,2718.0000,2717.6000,2717.2000,2719.4000,2719.8000,2720.0000,2720.2000,2721.0000,1,1,1,1,3,13,2,1,1,1
SF,IH2009,2020-05-22 09:33:08.500,2718.6000,14514,0,192027900.000,0,-,-,-,-,2718.6000,2718.4000,2718.2000,2718.0000,2717.6000,2719.4000,2719.8000,2720.0000,2720.2000,2720.6000,1,1,1,1,1,13,2,1,1,1
SF,IH2009,2020-05-22 09:33:09.000,2718.6000,14514,0,192027900.000,0,-,-,-,-,2718.8000,2718.6000,2718.2000,2718.0000,2717.6000,2719.4000,2719.8000,2720.2000,2720.6000,2721.0000,1,2,1,1,1,13,2,1,1,1
SF,IH2009,2020-05-22 09:33:09.500,2718.6000,14514,0,192027900.000,0,-,-,-,-,2718.6000,2718.2000,2718.0000,2717.6000,2717.2000,2719.4000,2719.8000,2720.2000,2720.6000,2721.0000,2,1,1,1,3,13,2,1,1,1
SF,IH2009,2020-05-22 09:33:11.000,2718.6000,14514,0,192027900.000,0,-,-,-,-,2718.2000,2718.0000,2717.6000,2717.2000,2716.6000,2719.2000,2719.4000,2719.8000,2720.2000,2720.6000,1,1,1,3,1,1,13,2,1,1
SF,IH2009,2020-05-22 09:33:11.500,2718.6000,14514,0,192027900.000,0,-,-,-,-,2718.4000,2718.2000,2718.0000,2717.6000,2717.2000,2719.2000,2719.4000,2719.8000,2720.2000,2720.6000,3,1,1,1,3,1,13,2,1,1
SF,IH2009,2020-05-22 09:33:12.000,2718.6000,14514,0,192027900.000,0,-,-,-,-,2718.4000,2718.0000,2717.6000,2717.2000,2716.6000,2719.2000,2719.4000,2719.8000,2720.2000,2720.6000,2,1,1,3,1,1,13,2,1,1
SF,IH2009,2020-05-22 09:33:12.500,2718.6000,14514,0,192027900.000,0,-,-,-,-,2718.4000,2718.0000,2717.6000,2717.2000,2716.6000,2719.2000,2719.4000,2719.8000,2720.2000,2720.6000,1,1,1,3,1,1,13,2,1,1
SF,IH2009,2020-05-22 09:33:14.500,2718.6000,14514,0,192027900.000,0,-,-,-,-,2718.4000,2718.0000,2717.6000,2717.4000,2717.2000,2719.2000,2719.4000,2719.8000,2720.2000,2720.6000,1,1,1,1,3,1,13,2,1,1
SF,IH2009,2020-05-22 09:33:15.000,2718.6000,14514,0,192027900.000,0,-,-,-,-,2718.4000,2718.0000,2717.6000,2717.4000,2717.2000,2719.4000,2719.8000,2720.2000,2720.6000,2721.0000,1,1,1,1,3,13,2,1,1,1
SF,IH2009,2020-05-22 09:33:15.500,2718.6000,14514,0,192027900.000,0,-,-,-,-,2718.6000,2718.4000,2718.0000,2717.6000,2717.4000,2719.4000,2719.8000,2720.2000,2720.6000,2721.0000,1,1,1,1,1,13,2,1,1,1
SF,IH2009,2020-05-22 09:33:16.500,2718.6000,14514,0,192027900.000,0,-,-,-,-,2718.6000,2718.4000,2718.0000,2717.6000,2717.4000,2719.4000,2719.8000,2720.2000,2720.6000,2721.0000,1,1,1,1,2,13,2,1,1,1
SF,IH2009,2020-05-22 09:33:17.000,2718.6000,14514,0,192027900.000,0,-,-,-,-,2718.6000,2718.4000,2718.0000,2717.6000,2717.4000,2719.4000,2719.8000,2720.2000,2720.6000,2721.0000,1,1,2,1,2,13,2,1,1,1
SF,IH2009,2020-05-22 09:33:19.000,2718.6000,14514,0,192027900.000,0,-,-,-,-,2718.6000,2718.4000,2718.0000,2717.6000,2717.4000,2719.4000,2719.8000,2720.2000,2720.6000,2721.0000,1,1,2,1,1,13,2,1,1,1
SF,IH2009,2020-05-22 09:33:19.500,2718.6000,14514,0,192027900.000,0,-,-,-,-,2718.6000,2718.0000,2717.6000,2717.4000,2717.2000,2719.4000,2719.8000,2720.2000,2720.6000,2721.0000,1,2,1,1,3,13,2,1,1,1
SF,IH2009,2020-05-22 09:33:20.000,2718.6000,14514,0,192027900.000,0,-,-,-,-,2718.6000,2718.0000,2717.6000,2717.4000,2717.2000,2719.4000,2719.8000,2720.2000,2720.6000,2721.0000,1,2,1,1,3,13,2,1,1,1
SF,IH2009,2020-05-22 09:33:20.500,2718.6000,14514,0,192027900.000,0,-,-,-,-,2718.8000,2718.6000,2718.0000,2717.6000,2717.4000,2719.4000,2719.8000,2720.2000,2720.6000,2721.0000,2,2,2,1,1,13,2,1,1,1
SF,IH2009,2020-05-22 09:33:21.000,2718.6000,14509,-5,200185260.000,10,2,8,多平,S,2718.0000,2717.6000,2717.4000,2717.2000,2717.0000,2719.4000,2719.8000,2720.2000,2720.6000,2721.0000,2,1,1,3,1,7,2,1,1,1
SF,IH2009,2020-05-22 09:33:21.500,2718.6000,14509,0,200185260.000,0,-,-,-,-,2718.2000,2718.0000,2717.6000,2717.4000,2717.2000,2718.6000,2719.2000,2719.4000,2719.8000,2720.2000,3,2,1,1,3,2,1,7,2,1
SF,IH2009,2020-05-22 09:33:22.000,2718.6000,14509,0,201816420.000,2,1,1,多换,S,2718.6000,2718.2000,2718.0000,2717.6000,2717.4000,2719.2000,2719.4000,2719.8000,2720.2000,2720.6000,4,3,2,2,1,1,7,2,1,1
SF,IH2009,2020-05-22 09:33:22.500,2718.6000,14509,0,201816420.000,0,-,-,-,-,2718.6000,2718.2000,2718.0000,2717.6000,2717.4000,2719.2000,2719.4000,2719.8000,2720.2000,2720.6000,2,3,2,2,1,1,7,2,1,1
SF,IH2009,2020-05-22 09:33:23.000,2718.6000,14509,0,201816420.000,0,-,-,-,-,2718.6000,2718.2000,2718.0000,2717.6000,2717.4000,2719.4000,2719.8000,2720.2000,2720.6000,2721.0000,1,3,2,2,1,7,2,1,1,1
SF,IH2009,2020-05-22 09:33:23.500,2718.6000,14509,0,201816420.000,0,-,-,-,-,2718.6000,2718.2000,2718.0000,2717.6000,2717.4000,2719.4000,2719.8000,2720.2000,2720.6000,2721.0000,1,3,2,2,1,7,2,1,1,1
SF,IH2009,2020-05-22 09:33:24.000,2718.6000,14509,0,201816420.000,0,-,-,-,-,2718.6000,2718.2000,2718.0000,2717.6000,2717.4000,2719.4000,2719.8000,2720.2000,2720.6000,2721.0000,1,3,2,2,1,7,2,1,1,1
SF,IH2009,2020-05-22 09:33:24.500,2718.6000,14509,0,201816420.000,0,-,-,-,-,2718.6000,2718.2000,2718.0000,2717.6000,2717.4000,2719.4000,2719.8000,2720.2000,2720.6000,2721.0000,1,3,2,2,1,7,1,1,1,1
SF,IH2009,2020-05-22 09:33:25.500,2718.6000,14508,-1,202632000.000,1,0,1,双平,S,2718.2000,2718.0000,2717.6000,2717.4000,2717.2000,2719.4000,2719.8000,2720.2000,2720.6000,2721.0000,2,2,2,1,3,7,1,1,1,1
SF,IH2009,2020-05-22 09:33:26.000,2718.6000,14508,0,202632000.000,0,-,-,-,-,2718.8000,2718.4000,2718.2000,2718.0000,2717.6000,2719.2000,2719.4000,2719.8000,2720.2000,2720.6000,1,2,2,2,2,1,7,1,1,1
SF,IH2009,2020-05-22 09:33:26.500,2719.2000,14508,0,203447760.000,1,0,1,多换,S,2718.4000,2718.2000,2718.0000,2717.6000,2717.4000,2719.4000,2719.8000,2720.2000,2720.6000,2721.0000,2,2,2,2,1,7,1,1,1,1
SF,IH2009,2020-05-22 09:33:27.000,2719.2000,14508,0,203447760.000,0,-,-,-,-,2718.6000,2718.0000,2717.6000,2717.4000,2717.2000,2719.4000,2719.8000,2720.2000,2720.6000,2721.0000,1,2,2,1,3,7,1,1,1,1
SF,IH2009,2020-05-22 09:33:27.500,2719.2000,14508,0,203447760.000,0,-,-,-,-,2719.2000,2718.6000,2718.2000,2718.0000,2717.6000,2719.4000,2719.8000,2720.2000,2720.6000,2721.0000,1,1,1,2,2,7,1,1,1,1
SF,IH2009,2020-05-22 09:33:28.000,2719.2000,14507,-1,204263520.000,1,0,1,双平,S,2718.6000,2718.2000,2718.0000,2717.6000,2717.4000,2719.2000,2719.4000,2719.8000,2720.2000,2720.6000,1,1,2,2,1,5,8,1,1,1
SF,IH2009,2020-05-22 09:33:28.500,2719.2000,14507,0,204263520.000,0,-,-,-,-,2718.6000,2718.2000,2718.0000,2717.6000,2717.4000,2719.2000,2719.4000,2719.8000,2720.2000,2720.6000,1,1,2,2,1,1,8,1,1,1
SF,IH2009,2020-05-22 09:33:29.000,2719.2000,14506,-1,205079280.000,1,0,1,双平,S,2718.6000,2718.2000,2718.0000,2717.6000,2717.4000,2719.4000,2719.8000,2720.2000,2720.6000,2721.0000,1,1,2,2,1,8,1,1,1,1
SF,IH2009,2020-05-22 09:33:29.500,2719.2000,14506,0,205079280.000,0,-,-,-,-,2718.6000,2718.2000,2718.0000,2717.6000,2717.4000,2719.4000,2719.8000,2720.2000,2720.6000,2721.0000,1,1,3,2,1,8,1,1,1,1
SF,IH2009,2020-05-22 09:33:30.000,2719.2000,14506,0,205079280.000,0,-,-,-,-,2718.8000,2718.6000,2718.2000,2718.0000,2717.6000,2719.4000,2719.8000,2720.2000,2720.6000,2721.0000,1,1,1,3,2,8,1,1,1,1
SF,IH2009,2020-05-22 09:33:30.500,2718.8000,14505,-1,205894920.000,1,0,1,双平,S,2718.6000,2718.2000,2718.0000,2717.6000,2717.4000,2719.4000,2719.8000,2720.2000,2720.6000,2721.0000,1,1,3,2,1,9,1,1,1,1
SF,IH2009,2020-05-22 09:33:31.000,2718.6000,14504,-1,206710500.000,1,0,1,双平,S,2718.2000,2718.0000,2717.6000,2717.4000,2717.2000,2719.4000,2719.8000,2720.2000,2720.6000,2721.0000,1,3,2,1,2,9,1,1,1,1
SF,IH2009,2020-05-22 09:33:31.500,2718.6000,14504,0,206710500.000,0,-,-,-,-,2718.4000,2718.2000,2718.0000,2717.6000,2717.4000,2719.2000,2719.4000,2719.8000,2720.2000,2720.6000,2,1,3,2,1,1,9,1,1,1
SF,IH2009,2020-05-22 09:33:32.000,2719.4000,14503,-1,208342080.000,2,0,2,多平,S,2718.4000,2718.2000,2718.0000,2717.6000,2717.4000,2719.4000,2719.8000,2720.0000,2720.2000,2720.6000,3,2,3,2,1,8,1,1,1,1
SF,IH2009,2020-05-22 09:33:32.500,2718.4000,14502,-1,209157600.000,1,0,1,双平,S,2718.6000,2718.4000,2718.2000,2718.0000,2717.6000,2719.4000,2719.8000,2720.0000,2720.2000,2720.6000,1,2,1,3,2,8,1,1,1,1
SF,IH2009,2020-05-22 09:33:33.000,2718.6000,14501,-1,209973180.000,1,0,1,双平,S,2718.2000,2718.0000,2717.6000,2717.4000,2717.2000,2719.2000,2719.4000,2719.8000,2720.0000,2720.2000,1,3,2,1,2,2,9,1,1,1
SF,IH2009,2020-05-22 09:33:33.500,2718.6000,14501,0,209973180.000,0,-,-,-,-,2718.2000,2718.0000,2717.6000,2717.4000,2717.2000,2719.0000,2719.2000,2719.4000,2719.8000,2720.0000,1,3,2,1,2,1,1,9,1,1
SF,IH2009,2020-05-22 09:33:34.000,2718.6000,14501,0,209973180.000,0,-,-,-,-,2718.8000,2718.4000,2718.2000,2718.0000,2717.6000,2719.2000,2719.4000,2719.8000,2720.0000,2720.2000,1,2,1,3,2,1,9,1,1,1
SF,IH2009,2020-05-22 09:33:34.500,2718.6000,14501,0,209973180.000,0,-,-,-,-,2718.8000,2718.4000,2718.2000,2718.0000,2717.6000,2719.2000,2719.4000,2719.8000,2720.0000,2720.2000,1,1,1,3,2,1,9,1,1,1
SF,IH2009,2020-05-22 09:33:35.000,2718.8000,14500,-1,210788820.000,1,0,1,双平,S,2718.2000,2718.0000,2717.6000,2717.4000,2717.2000,2718.8000,2719.2000,2719.4000,2719.8000,2720.0000,1,3,2,1,2,1,1,9,1,1
SF,IH2009,2020-05-22 09:33:35.500,2718.8000,14500,0,210788820.000,0,-,-,-,-,2718.2000,2718.0000,2717.6000,2717.4000,2717.2000,2718.8000,2719.2000,2719.4000,2719.8000,2720.0000,1,3,2,1,2,1,1,9,1,1
SF,IH2009,2020-05-22 09:33:36.000,2718.8000,14500,0,210788820.000,0,-,-,-,-,2718.2000,2718.0000,2717.6000,2717.4000,2717.2000,2718.8000,2719.2000,2719.4000,2719.8000,2720.0000,1,3,1,1,2,1,1,9,1,1
SF,IH2009,2020-05-22 09:33:37.000,2718.8000,14500,0,210788820.000,0,-,-,-,-,2718.2000,2718.0000,2717.6000,2717.4000,2717.2000,2719.2000,2719.4000,2719.8000,2720.0000,2720.6000,1,3,1,1,2,1,9,1,1,1
SF,IH2009,2020-05-22 09:33:37.500,2718.8000,14500,0,210788820.000,0,-,-,-,-,2718.2000,2718.0000,2717.6000,2717.4000,2717.2000,2719.0000,2719.2000,2719.4000,2719.8000,2720.0000,1,3,1,1,2,1,1,9,1,1
SF,IH2009,2020-05-22 09:33:38.000,2718.8000,14500,0,210788820.000,0,-,-,-,-,2718.2000,2718.0000,2717.6000,2717.4000,2717.2000,2719.2000,2719.4000,2719.8000,2720.0000,2720.6000,1,3,1,1,2,1,9,1,1,1
SF,IH2009,2020-05-22 09:33:38.500,2718.8000,14500,0,210788820.000,0,-,-,-,-,2718.2000,2718.0000,2717.6000,2717.4000,2717.2000,2719.0000,2719.2000,2719.4000,2719.8000,2720.0000,1,3,1,1,2,1,1,9,1,1
SF,IH2009,2020-05-22 09:33:39.000,2718.8000,14500,0,210788820.000,0,-,-,-,-,2718.2000,2718.0000,2717.6000,2717.4000,2717.2000,2719.2000,2719.4000,2719.8000,2720.0000,2720.6000,1,3,1,1,2,1,9,1,1,1
SF,IH2009,2020-05-22 09:33:39.500,2718.8000,14500,0,210788820.000,0,-,-,-,-,2718.2000,2718.0000,2717.6000,2717.4000,2717.2000,2719.2000,2719.4000,2719.8000,2720.0000,2720.6000,1,3,1,1,2,1,9,1,1,1
SF,IH2009,2020-05-22 09:33:40.000,2718.8000,14500,0,210788820.000,0,-,-,-,-,2718.4000,2718.2000,2718.0000,2717.6000,2717.4000,2719.2000,2719.4000,2719.8000,2720.0000,2720.6000,2,2,3,1,1,1,9,1,1,1
SF,IH2009,2020-05-22 09:33:40.500,2718.8000,14500,0,210788820.000,0,-,-,-,-,2718.4000,2718.2000,2718.0000,2717.6000,2717.4000,2719.2000,2719.4000,2719.8000,2720.0000,2720.6000,2,1,3,1,1,1,9,1,1,1
SF,IH2009,2020-05-22 09:33:41.000,2718.8000,14500,0,210788820.000,0,-,-,-,-,2718.8000,2718.4000,2718.2000,2718.0000,2717.6000,2719.2000,2719.4000,2719.8000,2720.0000,2720.6000,3,1,1,3,1,1,9,1,1,1
SF,IH2009,2020-05-22 09:33:41.500,2718.8000,14497,-3,213235740.000,3,0,3,双平,S,2718.4000,2718.2000,2718.0000,2717.6000,2717.4000,2719.2000,2719.4000,2719.8000,2720.0000,2720.6000,1,1,3,1,1,1,6,1,1,1
SF,IH2009,2020-05-22 09:33:42.000,2718.8000,14497,0,213235740.000,0,-,-,-,-,2718.4000,2718.2000,2718.0000,2717.6000,2717.4000,2718.8000,2719.2000,2719.4000,2719.8000,2720.0000,1,1,3,1,1,1,1,6,1,1
SF,IH2009,2020-05-22 09:33:43.000,2718.4000,14497,0,214051260.000,1,0,1,多换,S,2718.2000,2718.0000,2717.6000,2717.4000,2717.2000,2719.2000,2719.4000,2719.8000,2720.0000,2720.6000,1,3,1,1,1,1,6,1,1,1
SF,IH2009,2020-05-22 09:33:43.500,2718.4000,14497,0,214051260.000,0,-,-,-,-,2718.2000,2718.0000,2717.6000,2717.4000,2717.2000,2719.0000,2719.2000,2719.4000,2719.8000,2720.0000,1,3,1,1,1,1,1,6,1,1
SF,IH2009,2020-05-22 09:33:44.000,2718.4000,14497,0,214051260.000,0,-,-,-,-,2718.2000,2718.0000,2717.6000,2717.4000,2717.2000,2719.0000,2719.2000,2719.4000,2719.8000,2720.0000,1,3,1,1,1,1,2,6,1,1
SF,IH2009,2020-05-22 09:33:44.500,2718.4000,14497,0,214051260.000,0,-,-,-,-,2718.2000,2718.0000,2717.6000,2717.4000,2717.2000,2719.0000,2719.2000,2719.4000,2719.8000,2720.0000,1,3,1,1,1,1,2,6,1,1
SF,IH2009,2020-05-22 09:33:45.000,2718.4000,14497,0,214051260.000,0,-,-,-,-,2718.2000,2718.0000,2717.6000,2717.4000,2717.2000,2718.4000,2719.0000,2719.2000,2719.4000,2719.8000,1,3,1,1,1,1,1,2,6,1
SF,IH2009,2020-05-22 09:33:45.500,2718.4000,14496,-1,214866780.000,1,0,1,双平,S,2718.2000,2718.0000,2717.6000,2717.4000,2717.2000,2719.0000,2719.2000,2719.4000,2719.8000,2720.0000,1,3,1,1,1,1,2,6,1,1
SF,IH2009,2020-05-22 09:33:46.000,2718.4000,14496,0,214866780.000,0,-,-,-,-,2718.2000,2718.0000,2717.6000,2717.4000,2717.2000,2719.0000,2719.2000,2719.4000,2719.8000,2720.0000,1,3,1,1,1,1,1,6,1,1
SF,IH2009,2020-05-22 09:33:46.500,2718.4000,14496,0,214866780.000,0,-,-,-,-,2718.2000,2718.0000,2717.6000,2717.4000,2717.2000,2718.8000,2719.0000,2719.2000,2719.4000,2719.8000,1,3,1,1,1,1,1,1,6,1
SF,IH2009,2020-05-22 09:33:47.000,2718.2000,14496,0,215682240.000,1,0,1,多换,S,2718.0000,2717.6000,2717.4000,2717.2000,2717.0000,2718.8000,2719.0000,2719.2000,2719.4000,2719.8000,3,1,1,1,1,1,1,1,6,1
SF,IH2009,2020-05-22 09:33:47.500,2718.2000,14496,0,215682240.000,0,-,-,-,-,2718.0000,2717.6000,2717.4000,2717.2000,2717.0000,2719.0000,2719.2000,2719.4000,2719.8000,2720.0000,3,1,1,1,1,1,1,6,1,1
SF,IH2009,2020-05-22 09:33:48.000,2718.2000,14496,0,215682240.000,0,-,-,-,-,2718.2000,2718.0000,2717.6000,2717.4000,2717.2000,2719.0000,2719.2000,2719.4000,2719.8000,2720.0000,1,3,1,1,1,1,1,6,1,1
SF,IH2009,2020-05-22 09:33:48.500,2718.2000,14496,0,215682240.000,0,-,-,-,-,2718.2000,2718.0000,2717.6000,2717.4000,2717.2000,2719.0000,2719.2000,2719.4000,2719.8000,2720.0000,1,2,1,1,1,1,1,6,1,1
SF,IH2009,2020-05-22 09:33:49.500,2718.2000,14496,0,215682240.000,0,-,-,-,-,2718.4000,2718.2000,2718.0000,2717.6000,2717.4000,2719.0000,2719.2000,2719.4000,2719.8000,2720.0000,1,1,2,1,1,1,1,6,1,1
SF,IH2009,2020-05-22 09:33:50.500,2718.2000,14496,0,215682240.000,0,-,-,-,-,2718.4000,2718.2000,2718.0000,2717.6000,2717.4000,2719.0000,2719.2000,2719.4000,2719.8000,2720.0000,2,1,2,1,1,1,1,6,1,1
SF,IH2009,2020-05-22 09:33:51.000,2719.0000,14495,-1,216497940.000,1,0,1,双平,S,2718.4000,2718.2000,2718.0000,2717.6000,2717.4000,2719.2000,2719.4000,2719.8000,2720.0000,2720.6000,2,1,2,1,1,1,6,1,1,1
SF,IH2009,2020-05-22 09:33:51.500,2719.2000,14494,-1,217313700.000,1,0,1,双平,S,2718.6000,2718.4000,2718.0000,2717.6000,2717.4000,2719.4000,2719.8000,2720.0000,2720.6000,2721.0000,1,2,2,1,1,6,1,1,1,1
SF,IH2009,2020-05-22 09:33:52.000,2719.2000,14494,0,217313700.000,0,-,-,-,-,2718.6000,2718.4000,2718.0000,2717.6000,2717.4000,2719.0000,2719.4000,2719.8000,2720.0000,2720.6000,1,2,2,1,1,1,6,1,1,1
SF,IH2009,2020-05-22 09:33:52.500,2719.0000,14493,-1,218129400.000,1,0,1,双平,S,2718.6000,2718.4000,2718.0000,2717.6000,2717.4000,2719.4000,2719.8000,2720.0000,2720.6000,2721.0000,1,2,2,1,1,6,1,1,1,1
SF,IH2009,2020-05-22 09:33:53.500,2719.0000,14493,0,218129400.000,0,-,-,-,-,2718.8000,2718.6000,2718.4000,2718.0000,2717.6000,2719.2000,2719.4000,2719.8000,2720.0000,2720.6000,1,1,1,2,1,1,6,1,1,1
SF,IH2009,2020-05-22 09:33:54.000,2719.2000,14493,0,218945160.000,1,0,1,多换,S,2718.8000,2718.6000,2718.4000,2718.0000,2717.6000,2719.4000,2719.8000,2720.0000,2720.6000,2721.0000,1,1,1,2,1,6,1,1,1,1
SF,IH2009,2020-05-22 09:33:56.000,2719.2000,14493,0,218945160.000,0,-,-,-,-,2719.0000,2718.8000,2718.6000,2718.4000,2718.0000,2719.4000,2719.8000,2720.0000,2720.6000,2721.0000,1,1,1,1,2,6,1,1,1,1
SF,IH2009,2020-05-22 09:33:56.500,2719.2000,14493,0,218945160.000,0,-,-,-,-,2719.0000,2718.8000,2718.6000,2718.4000,2718.0000,2719.4000,2719.8000,2720.0000,2720.6000,2721.0000,1,1,1,1,2,6,1,1,1,1
SF,IH2009,2020-05-22 09:33:57.000,2719.0000,14487,-6,227918820.000,11,2,9,多平,S,2718.8000,2718.4000,2718.0000,2717.6000,2717.4000,2719.0000,2720.0000,2720.6000,2721.0000,2721.6000,1,1,2,1,1,1,1,1,1,10
SF,IH2009,2020-05-22 09:33:57.500,2719.0000,14487,0,228734520.000,1,0,1,多换,S,2719.0000,2718.8000,2718.4000,2718.0000,2717.6000,2720.0000,2720.6000,2721.0000,2721.6000,2721.8000,2,1,1,2,1,1,1,1,10,2
SF,IH2009,2020-05-22 09:33:58.000,2719.0000,14487,0,228734520.000,0,-,-,-,-,2719.2000,2719.0000,2718.8000,2718.4000,2718.0000,2720.0000,2720.6000,2721.0000,2721.6000,2721.8000,3,2,1,1,2,1,1,1,2,2
SF,IH2009,2020-05-22 09:33:58.500,2720.0000,14487,0,229550520.000,1,0,1,多换,S,2719.6000,2719.2000,2719.0000,2718.8000,2718.4000,2720.6000,2721.0000,2721.6000,2722.0000,2723.0000,1,4,1,1,1,1,1,1,2,1
SF,IH2009,2020-05-22 09:33:59.000,2720.0000,14487,0,229550520.000,0,-,-,-,-,2719.6000,2719.2000,2719.0000,2718.8000,2718.4000,2720.6000,2721.0000,2721.6000,2722.0000,2723.0000,1,3,1,1,1,1,1,1,2,1
SF,IH2009,2020-05-22 09:33:59.500,2720.0000,14487,0,229550520.000,0,-,-,-,-,2719.8000,2719.6000,2719.2000,2719.0000,2718.8000,2720.6000,2721.0000,2721.6000,2722.0000,2723.0000,1,1,2,1,1,1,1,1,2,1
SF,IH2009,2020-05-22 09:34:00.000,2720.0000,14487,0,229550520.000,0,-,-,-,-,2719.8000,2719.6000,2719.0000,2718.8000,2718.4000,2720.4000,2720.6000,2721.0000,2721.6000,2722.0000,1,1,1,1,1,1,1,1,1,2
SF,IH2009,2020-05-22 09:34:00.500,2720.0000,14487,0,229550520.000,0,-,-,-,-,2719.8000,2719.6000,2719.0000,2718.8000,2718.4000,2720.4000,2720.6000,2721.0000,2721.6000,2722.0000,1,1,1,1,1,1,1,1,1,2
SF,IH2009,2020-05-22 09:34:01.000,2720.4000,14486,-1,230366640.000,1,0,1,双平,S,2719.8000,2719.6000,2719.0000,2718.8000,2718.6000,2720.6000,2721.0000,2721.6000,2722.0000,2723.0000,1,1,1,1,1,1,1,1,2,1
SF,IH2009,2020-05-22 09:34:01.500,2720.4000,14486,0,230366640.000,0,-,-,-,-,2719.0000,2718.8000,2718.6000,2718.4000,2718.0000,2720.4000,2720.6000,2721.0000,2721.6000,2722.0000,1,1,1,1,2,1,1,1,1,2
SF,IH2009,2020-05-22 09:34:02.000,2720.4000,14486,0,230366640.000,0,-,-,-,-,2719.8000,2719.4000,2719.2000,2719.0000,2718.8000,2720.6000,2721.0000,2721.6000,2722.0000,2723.0000,1,1,3,1,1,1,1,1,2,1
SF,IH2009,2020-05-22 09:34:02.500,2720.4000,14486,0,230366640.000,0,-,-,-,-,2719.2000,2719.0000,2718.8000,2718.6000,2718.4000,2720.6000,2721.0000,2721.6000,2722.0000,2723.0000,2,1,1,1,1,1,1,1,2,1
SF,IH2009,2020-05-22 09:34:03.000,2720.4000,14486,0,230366640.000,0,-,-,-,-,2719.2000,2719.0000,2718.8000,2718.6000,2718.4000,2720.4000,2720.6000,2721.0000,2721.6000,2722.0000,2,1,1,1,1,1,1,1,1,2
SF,IH2009,2020-05-22 09:34:03.500,2720.4000,14486,0,230366640.000,0,-,-,-,-,2719.4000,2719.2000,2719.0000,2718.6000,2718.4000,2720.4000,2720.6000,2721.0000,2721.6000,2722.0000,2,2,1,1,1,1,1,1,1,2
SF,IH2009,2020-05-22 09:34:04.000,2720.4000,14486,0,230366640.000,0,-,-,-,-,2719.4000,2719.2000,2719.0000,2718.6000,2718.4000,2720.4000,2720.6000,2721.0000,2721.6000,2722.0000,1,2,1,1,1,1,1,1,1,2
SF,IH2009,2020-05-22 09:34:04.500,2719.4000,14486,0,231182460.000,1,0,1,多换,S,2719.2000,2719.0000,2718.6000,2718.4000,2718.0000,2720.4000,2720.6000,2721.0000,2721.6000,2722.0000,1,1,1,1,2,1,1,1,1,2
SF,IH2009,2020-05-22 09:34:05.000,2719.2000,14486,0,231998220.000,1,0,1,多换,S,2719.0000,2718.6000,2718.4000,2718.0000,2717.6000,2720.2000,2720.4000,2720.6000,2721.0000,2721.6000,1,1,1,2,2,1,2,1,1,1
SF,IH2009,2020-05-22 09:34:05.500,2719.0000,14485,-1,232813920.000,1,0,1,双平,S,2719.4000,2718.6000,2718.4000,2718.0000,2717.6000,2719.8000,2720.0000,2720.2000,2720.6000,2721.0000,1,1,1,2,2,1,1,2,1,1
SF,IH2009,2020-05-22 09:34:06.000,2719.0000,14485,0,233629620.000,1,0,1,多换,S,2718.6000,2718.4000,2718.0000,2717.6000,2717.0000,2719.4000,2719.6000,2719.8000,2720.0000,2720.2000,1,1,2,1,2,4,1,1,1,2
SF,IH2009,2020-05-22 09:34:06.500,2719.0000,14485,0,233629620.000,0,-,-,-,-,2718.6000,2718.4000,2718.0000,2717.6000,2717.0000,2719.0000,2719.2000,2719.4000,2719.6000,2719.8000,1,1,2,1,2,2,1,5,1,1
SF,IH2009,2020-05-22 09:34:07.000,2719.0000,14485,0,235261020.000,2,1,1,多换,S,2718.6000,2718.4000,2718.0000,2717.6000,2717.0000,2719.4000,2719.6000,2719.8000,2720.0000,2720.2000,1,1,2,1,2,3,1,1,1,2
SF,IH2009,2020-05-22 09:34:07.500,2719.0000,14485,0,235261020.000,0,-,-,-,-,2718.8000,2718.6000,2718.4000,2718.0000,2717.6000,2719.4000,2719.8000,2720.0000,2720.2000,2720.6000,1,1,2,2,1,1,1,1,2,1
SF,IH2009,2020-05-22 09:34:08.000,2719.0000,14485,0,235261020.000,0,-,-,-,-,2718.8000,2718.6000,2718.4000,2718.0000,2717.6000,2719.4000,2719.8000,2720.0000,2720.6000,2721.0000,1,1,2,2,1,1,1,1,1,1
SF,IH2009,2020-05-22 09:34:08.500,2719.4000,14485,0,236076840.000,1,0,1,多换,S,2718.8000,2718.6000,2718.4000,2718.0000,2717.6000,2719.8000,2720.0000,2720.6000,2721.0000,2721.6000,1,1,2,2,1,1,1,1,1,1
SF,IH2009,2020-05-22 09:34:09.000,2719.4000,14485,0,236076840.000,0,-,-,-,-,2719.4000,2719.0000,2718.8000,2718.6000,2718.4000,2719.8000,2720.0000,2720.6000,2721.0000,2721.6000,2,1,1,1,2,1,1,1,1,1
SF,IH2009,2020-05-22 09:34:09.500,2719.4000,14484,-1,236892660.000,1,0,1,双平,S,2719.4000,2718.8000,2718.6000,2718.4000,2718.0000,2719.8000,2720.6000,2721.0000,2721.6000,2722.0000,1,1,1,2,3,1,1,1,1,2
SF,IH2009,2020-05-22 09:34:10.000,2719.4000,14484,0,237708480.000,1,0,1,多换,S,2718.8000,2718.6000,2718.4000,2718.0000,2717.6000,2719.8000,2720.6000,2721.0000,2721.6000,2722.0000,1,1,2,3,1,1,1,1,1,2
SF,IH2009,2020-05-22 09:34:10.500,2719.4000,14484,0,237708480.000,0,-,-,-,-,2719.0000,2718.8000,2718.6000,2718.4000,2718.2000,2719.8000,2720.6000,2721.0000,2721.6000,2722.0000,1,1,1,2,1,1,1,1,1,2
SF,IH2009,2020-05-22 09:34:12.500,2719.8000,14484,0,238524420.000,1,0,1,多换,S,2719.0000,2718.8000,2718.6000,2718.4000,2718.2000,2720.6000,2721.0000,2721.6000,2722.0000,2723.0000,1,1,1,2,1,1,1,1,2,1
SF,IH2009,2020-05-22 09:34:13.000,2719.8000,14484,0,238524420.000,0,-,-,-,-,2719.2000,2719.0000,2718.6000,2718.4000,2718.2000,2720.4000,2720.6000,2721.0000,2721.6000,2722.0000,1,1,1,2,1,1,2,1,1,2
SF,IH2009,2020-05-22 09:34:13.500,2719.2000,14483,-1,239340180.000,1,0,1,双平,S,2719.2000,2719.0000,2718.6000,2718.4000,2718.2000,2720.4000,2720.6000,2721.0000,2721.6000,2722.0000,1,1,1,2,1,1,1,1,1,2
SF,IH2009,2020-05-22 09:34:14.000,2719.2000,14483,0,239340180.000,0,-,-,-,-,2719.4000,2719.2000,2718.6000,2718.4000,2718.2000,2720.4000,2720.6000,2721.0000,2721.6000,2722.0000,2,2,1,2,1,1,1,1,1,2
SF,IH2009,2020-05-22 09:34:14.500,2719.2000,14483,0,239340180.000,0,-,-,-,-,2719.6000,2719.4000,2719.2000,2718.6000,2718.4000,2720.4000,2720.6000,2721.0000,2721.6000,2722.0000,1,2,1,1,2,1,1,1,1,2
SF,IH2009,2020-05-22 09:34:15.000,2719.2000,14483,0,239340180.000,0,-,-,-,-,2719.6000,2719.2000,2718.6000,2718.4000,2718.2000,2720.4000,2720.6000,2721.0000,2721.6000,2722.0000,1,1,1,2,1,1,1,1,1,2
SF,IH2009,2020-05-22 09:34:16.000,2719.2000,14483,0,239340180.000,0,-,-,-,-,2719.8000,2719.6000,2718.6000,2718.4000,2718.2000,2720.4000,2720.6000,2721.0000,2721.6000,2722.0000,1,1,1,2,1,1,1,1,1,2
SF,IH2009,2020-05-22 09:34:16.500,2719.8000,14483,0,240156120.000,1,0,1,多换,S,2719.6000,2718.6000,2718.4000,2718.2000,2718.0000,2720.4000,2720.6000,2721.0000,2721.6000,2722.0000,1,1,2,1,3,1,1,1,1,2
SF,IH2009,2020-05-22 09:34:17.000,2719.6000,14483,0,240972000.000,1,0,1,多换,S,2718.6000,2718.4000,2718.2000,2718.0000,2717.6000,2720.4000,2720.6000,2721.0000,2721.6000,2722.0000,1,2,1,3,1,2,1,1,1,2
SF,IH2009,2020-05-22 09:34:17.500,2719.6000,14483,0,240972000.000,0,-,-,-,-,2718.8000,2718.6000,2718.4000,2718.2000,2718.0000,2720.4000,2720.6000,2721.0000,2721.6000,2722.0000,1,1,2,1,3,1,1,1,1,2
SF,IH2009,2020-05-22 09:34:18.000,2719.6000,14483,0,240972000.000,0,-,-,-,-,2718.8000,2718.6000,2718.4000,2718.2000,2718.0000,2720.4000,2720.6000,2721.0000,2721.6000,2722.0000,1,1,2,1,3,1,1,1,1,2
SF,IH2009,2020-05-22 09:34:18.500,2719.6000,14483,0,240972000.000,0,-,-,-,-,2718.8000,2718.6000,2718.4000,2718.2000,2718.0000,2720.4000,2720.6000,2721.0000,2721.6000,2722.0000,1,1,2,1,3,2,1,1,1,2
SF,IH2009,2020-05-22 09:34:19.000,2719.6000,14483,0,240972000.000,0,-,-,-,-,2719.0000,2718.8000,2718.6000,2718.4000,2718.2000,2720.4000,2720.6000,2721.0000,2721.6000,2722.0000,2,1,1,2,1,2,1,1,1,2
SF,IH2009,2020-05-22 09:34:19.500,2719.6000,14483,0,240972000.000,0,-,-,-,-,2718.8000,2718.6000,2718.4000,2718.2000,2718.0000,2720.4000,2720.6000,2721.0000,2721.6000,2722.0000,1,1,2,1,3,2,1,1,1,2
SF,IH2009,2020-05-22 09:34:20.000,2719.6000,14483,0,240972000.000,0,-,-,-,-,2719.2000,2719.0000,2718.8000,2718.6000,2718.4000,2720.4000,2720.6000,2721.0000,2721.6000,2722.0000,1,1,1,1,2,2,1,1,1,2
SF,IH2009,2020-05-22 09:34:20.500,2719.6000,14483,0,240972000.000,0,-,-,-,-,2719.4000,2719.2000,2719.0000,2718.6000,2718.4000,2720.4000,2720.6000,2721.0000,2721.6000,2722.0000,1,1,3,1,2,1,1,1,1,2
SF,IH2009,2020-05-22 09:34:21.000,2719.6000,14483,0,240972000.000,0,-,-,-,-,2719.4000,2719.0000,2718.6000,2718.4000,2718.2000,2720.2000,2720.4000,2720.6000,2721.0000,2721.6000,1,1,1,2,1,1,1,1,1,1
SF,IH2009,2020-05-22 09:34:21.500,2719.4000,14482,-1,241787820.000,1,0,1,双平,S,2718.6000,2718.4000,2718.2000,2718.0000,2717.6000,2720.0000,2720.2000,2720.6000,2721.0000,2721.6000,1,2,1,3,1,1,1,1,1,1
SF,IH2009,2020-05-22 09:34:22.000,2719.4000,14482,0,241787820.000,0,-,-,-,-,2718.6000,2718.4000,2718.2000,2718.0000,2717.6000,2720.0000,2720.6000,2721.0000,2721.6000,2722.0000,1,2,1,3,1,2,1,1,1,2
SF,IH2009,2020-05-22 09:34:22.500,2719.4000,14482,0,241787820.000,0,-,-,-,-,2718.8000,2718.6000,2718.4000,2718.2000,2718.0000,2720.0000,2720.6000,2721.0000,2721.6000,2722.0000,3,1,2,1,3,2,1,1,1,3
SF,IH2009,2020-05-22 09:34:23.000,2719.4000,14482,0,241787820.000,0,-,-,-,-,2719.4000,2719.0000,2718.8000,2718.6000,2718.4000,2720.0000,2720.6000,2721.0000,2721.6000,2722.0000,1,2,2,1,2,2,1,1,1,3
SF,IH2009,2020-05-22 09:34:24.500,2719.4000,14482,0,241787820.000,0,-,-,-,-,2719.4000,2718.8000,2718.6000,2718.4000,2718.2000,2720.0000,2720.6000,2721.0000,2721.6000,2722.0000,1,2,1,2,1,2,1,1,1,3
SF,IH2009,2020-05-22 09:34:25.000,2719.4000,14482,0,241787820.000,0,-,-,-,-,2719.4000,2718.6000,2718.4000,2718.2000,2718.0000,2720.0000,2720.6000,2721.0000,2721.6000,2722.0000,1,1,2,1,3,2,1,1,1,3
SF,IH2009,2020-05-22 09:34:25.500,2719.4000,14482,0,241787820.000,0,-,-,-,-,2719.4000,2718.6000,2718.4000,2718.2000,2718.0000,2720.0000,2720.6000,2721.0000,2721.6000,2722.0000,1,1,2,1,3,1,1,1,1,3
SF,IH2009,2020-05-22 09:34:27.500,2719.4000,14482,0,241787820.000,0,-,-,-,-,2719.4000,2718.6000,2718.4000,2718.2000,2718.0000,2720.0000,2720.6000,2721.0000,2721.6000,2722.0000,1,1,2,1,3,1,1,1,1,3
SF,IH2009,2020-05-22 09:34:28.000,2720.0000,14481,-1,242603820.000,1,0,1,双平,S,2719.4000,2718.8000,2718.6000,2718.4000,2718.2000,2720.6000,2721.0000,2721.6000,2721.8000,2722.0000,1,4,1,2,1,1,1,1,1,3
SF,IH2009,2020-05-22 09:34:28.500,2720.0000,14481,0,242603820.000,0,-,-,-,-,2719.4000,2718.8000,2718.6000,2718.4000,2718.2000,2720.4000,2720.6000,2721.0000,2721.6000,2721.8000,1,4,1,2,1,2,2,1,1,1
SF,IH2009,2020-05-22 09:34:29.000,2720.0000,14481,0,242603820.000,0,-,-,-,-,2719.4000,2718.8000,2718.6000,2718.4000,2718.2000,2720.2000,2720.4000,2720.6000,2721.0000,2721.6000,1,4,1,2,1,1,2,1,1,1
SF,IH2009,2020-05-22 09:34:29.500,2720.0000,14481,0,242603820.000,0,-,-,-,-,2719.4000,2718.8000,2718.6000,2718.4000,2718.2000,2720.0000,2720.2000,2720.4000,2720.6000,2721.0000,1,4,1,2,1,1,1,1,1,1
SF,IH2009,2020-05-22 09:34:31.000,2720.0000,14481,0,242603820.000,0,-,-,-,-,2719.4000,2718.8000,2718.6000,2718.4000,2718.2000,2720.0000,2720.2000,2720.4000,2720.6000,2721.0000,1,4,1,2,1,1,1,1,1,1
SF,IH2009,2020-05-22 09:34:32.000,2720.0000,14481,0,242603820.000,0,-,-,-,-,2719.4000,2718.8000,2718.6000,2718.4000,2718.2000,2720.0000,2720.2000,2720.4000,2720.6000,2721.0000,1,4,1,2,1,1,1,1,1,1
SF,IH2009,2020-05-22 09:34:32.500,2720.0000,14480,-1,243419820.000,1,0,1,双平,S,2719.4000,2718.8000,2718.6000,2718.4000,2718.2000,2720.2000,2720.6000,2721.0000,2721.6000,2721.8000,1,4,1,2,1,1,1,1,1,1
SF,IH2009,2020-05-22 09:34:33.000,2720.0000,14480,0,243419820.000,0,-,-,-,-,2720.0000,2719.4000,2718.8000,2718.6000,2718.4000,2720.6000,2721.0000,2721.6000,2721.8000,2722.0000,1,1,4,1,2,1,1,1,1,3
SF,IH2009,2020-05-22 09:34:34.500,2720.0000,14480,0,245051820.000,2,1,1,多换,S,2719.4000,2718.8000,2718.6000,2718.4000,2718.2000,2720.0000,2720.6000,2721.0000,2721.6000,2721.8000,1,4,1,2,1,3,1,1,1,1
SF,IH2009,2020-05-22 09:34:35.000,2720.0000,14477,-3,247499820.000,3,0,3,双平,S,2719.4000,2718.8000,2718.6000,2718.4000,2718.2000,2720.6000,2721.0000,2721.6000,2721.8000,2722.0000,1,4,1,2,1,1,1,1,1,3
SF,IH2009,2020-05-22 09:34:35.500,2720.6000,14476,-1,248316000.000,1,0,1,双平,S,2719.6000,2719.4000,2718.8000,2718.6000,2718.4000,2721.0000,2721.6000,2721.8000,2722.0000,2722.8000,1,1,4,1,2,1,1,1,3,1
SF,IH2009,2020-05-22 09:34:36.000,2720.6000,14476,0,248316000.000,0,-,-,-,-,2719.6000,2719.4000,2718.8000,2718.6000,2718.4000,2720.8000,2721.6000,2721.8000,2722.0000,2722.8000,1,1,4,1,2,2,1,1,3,1
SF,IH2009,2020-05-22 09:34:36.500,2720.6000,14476,0,248316000.000,0,-,-,-,-,2719.6000,2719.4000,2718.8000,2718.6000,2718.4000,2720.8000,2721.6000,2721.8000,2722.0000,2722.8000,1,1,4,1,2,1,1,1,3,1
SF,IH2009,2020-05-22 09:34:37.000,2720.6000,14476,0,248316000.000,0,-,-,-,-,2719.6000,2719.4000,2718.8000,2718.6000,2718.4000,2720.6000,2720.8000,2721.6000,2721.8000,2722.0000,1,1,4,1,2,1,1,1,1,3
SF,IH2009,2020-05-22 09:34:39.000,2720.6000,14476,0,248316000.000,0,-,-,-,-,2719.6000,2719.4000,2718.8000,2718.6000,2718.4000,2720.6000,2720.8000,2721.6000,2721.8000,2722.0000,1,1,4,1,2,2,1,1,1,3
SF,IH2009,2020-05-22 09:34:39.500,2720.6000,14476,0,248316000.000,0,-,-,-,-,2719.4000,2718.8000,2718.6000,2718.4000,2718.2000,2720.4000,2720.6000,2721.6000,2721.8000,2722.0000,1,4,1,2,1,1,2,1,1,3
SF,IH2009,2020-05-22 09:34:40.000,2720.6000,14476,0,248316000.000,0,-,-,-,-,2719.4000,2718.8000,2718.6000,2718.4000,2718.2000,2720.4000,2720.6000,2721.6000,2721.8000,2722.0000,1,4,1,2,1,2,1,1,1,3
SF,IH2009,2020-05-22 09:34:40.500,2720.6000,14476,0,248316000.000,0,-,-,-,-,2719.4000,2718.8000,2718.6000,2718.4000,2718.2000,2720.4000,2721.6000,2721.8000,2722.0000,2722.8000,1,4,1,2,1,1,1,1,3,1
SF,IH2009,2020-05-22 09:34:41.000,2720.6000,14476,0,248316000.000,0,-,-,-,-,2719.4000,2718.8000,2718.6000,2718.4000,2718.2000,2720.2000,2720.4000,2721.6000,2721.8000,2722.0000,1,4,1,2,1,1,1,1,1,3
SF,IH2009,2020-05-22 09:34:41.500,2720.6000,14476,0,248316000.000,0,-,-,-,-,2720.0000,2719.6000,2719.4000,2718.8000,2718.6000,2721.6000,2721.8000,2722.0000,2722.8000,2725.6000,1,2,1,4,1,1,1,3,1,1
SF,IH2009,2020-05-22 09:34:42.000,2720.6000,14476,0,248316000.000,0,-,-,-,-,2720.2000,2720.0000,2719.4000,2718.8000,2718.6000,2721.2000,2721.4000,2721.6000,2721.8000,2722.0000,1,1,1,4,1,1,2,1,1,3
SF,IH2009,2020-05-22 09:34:42.500,2720.6000,14476,0,248316000.000,0,-,-,-,-,2720.2000,2720.0000,2719.4000,2718.8000,2718.6000,2721.4000,2721.6000,2721.8000,2722.0000,2722.8000,3,1,1,4,1,2,1,1,3,1
SF,IH2009,2020-05-22 09:34:43.500,2720.6000,14476,0,248316000.000,0,-,-,-,-,2720.4000,2720.2000,2720.0000,2719.4000,2718.8000,2721.4000,2721.6000,2721.8000,2722.0000,2722.8000,2,1,1,1,4,2,1,1,3,1
