市场代码,合约代码,时间,最新,持仓,增仓,成交额,成交量,开仓,平仓,成交类型,方向,买一价,买二价,买三价,买四价,买五价,卖一价,卖二价,卖三价,卖四价,卖五价,买一量,买二量,买三量,买四量,买五量,卖一量,卖二量,卖三量,卖四量,卖五量
SF,IH2005,2020-04-03 09:29:00.200,2690.0000,1625,0,807000.000,1.000,-,-,-,-,2687.4000,2684.8000,2681.4000,2680.0000,2679.8000,2698.8000,2700.0000,2702.0000,2703.8000,2704.0000,1,1,1,1,2,1,2,2,1,2
SF,IH2005,2020-04-03 09:30:00.200,2690.0000,1625,0,807000.000,0,-,-,-,-,2686.0000,2684.8000,2681.4000,2680.0000,2679.8000,2698.6000,2698.8000,2700.0000,2702.0000,2703.8000,1,1,1,1,2,1,2,2,2,1
SF,IH2005,2020-04-03 09:30:00.700,2690.0000,1625,0,807000.000,0,-,-,-,-,2686.2000,2686.0000,2684.8000,2680.0000,2679.8000,2688.4000,2691.0000,2692.2000,2696.0000,2698.0000,1,1,1,1,2,1,2,1,3,1
SF,IH2005,2020-04-03 09:30:01.200,2690.0000,1625,0,807000.000,0,-,-,-,-,2686.4000,2686.2000,2686.0000,2684.8000,2680.0000,2691.0000,2692.2000,2696.0000,2698.0000,2698.4000,1,4,1,1,1,2,1,3,1,1
SF,IH2005,2020-04-03 09:30:01.700,2691.0000,1623,-2,2421600.000,2,0,2,双平,S,2686.6000,2686.4000,2686.2000,2686.0000,2680.0000,2692.2000,2694.2000,2698.0000,2698.4000,2698.6000,2,1,2,1,1,1,5,1,1,1
SF,IH2005,2020-04-03 09:30:02.200,2691.0000,1623,0,2421600.000,0,-,-,-,-,2688.4000,2686.8000,2686.6000,2686.4000,2686.2000,2692.0000,2692.2000,2694.2000,2698.0000,2698.4000,1,2,3,1,2,3,1,5,1,1
SF,IH2005,2020-04-03 09:30:02.700,2691.0000,1623,0,2421600.000,0,-,-,-,-,2688.6000,2688.4000,2686.8000,2686.6000,2686.4000,2691.8000,2692.0000,2692.2000,2694.2000,2698.0000,2,1,1,2,1,1,3,1,5,1
SF,IH2005,2020-04-03 09:30:03.200,2691.0000,1623,0,2421600.000,0,-,-,-,-,2688.6000,2688.4000,2686.8000,2686.6000,2686.4000,2691.6000,2691.8000,2692.0000,2692.2000,2694.2000,2,1,1,1,1,2,1,1,1,5
SF,IH2005,2020-04-03 09:30:03.700,2691.0000,1623,0,2421600.000,0,-,-,-,-,2688.6000,2688.4000,2686.8000,2686.6000,2686.4000,2691.4000,2691.6000,2692.0000,2692.2000,2694.2000,1,1,1,1,1,2,2,1,1,5
SF,IH2005,2020-04-03 09:30:04.200,2688.6000,1622,-1,3228180.000,1,0,1,双平,S,2688.4000,2686.6000,2686.0000,2680.0000,2679.8000,2688.6000,2691.2000,2691.4000,2692.0000,2692.2000,1,1,1,1,1,1,2,2,1,1
SF,IH2005,2020-04-03 09:30:04.700,2688.6000,1621,-1,4034760.000,1,0,1,双平,S,2688.4000,2686.6000,2686.0000,2680.0000,2679.8000,2691.2000,2691.4000,2692.0000,2692.2000,2694.2000,1,1,1,1,1,2,1,1,1,5
SF,IH2005,2020-04-03 09:30:05.200,2688.6000,1621,0,4034760.000,0,-,-,-,-,2688.6000,2688.4000,2686.6000,2686.0000,2680.0000,2691.0000,2691.2000,2692.0000,2692.2000,2694.2000,1,1,1,1,1,1,2,1,1,5
SF,IH2005,2020-04-03 09:30:05.700,2688.6000,1621,0,4034760.000,0,-,-,-,-,2688.4000,2686.6000,2686.0000,2680.0000,2679.8000,2690.8000,2691.0000,2692.2000,2694.2000,2698.0000,1,1,1,1,1,3,1,1,5,2
SF,IH2005,2020-04-03 09:30:06.200,2688.4000,1621,0,4841280.000,1,0,1,多换,S,2686.6000,2686.0000,2680.0000,2679.8000,2679.0000,2690.6000,2690.8000,2692.2000,2694.2000,2698.0000,1,1,1,1,5,1,3,1,5,2
SF,IH2005,2020-04-03 09:30:06.700,2688.4000,1621,0,4841280.000,0,-,-,-,-,2686.8000,2686.4000,2686.0000,2680.0000,2679.8000,2690.4000,2690.6000,2692.2000,2694.2000,2698.0000,1,1,1,1,1,2,1,1,5,2
SF,IH2005,2020-04-03 09:30:07.200,2688.4000,1621,0,4841280.000,0,-,-,-,-,2686.8000,2686.4000,2686.0000,2680.0000,2679.8000,2690.2000,2692.2000,2694.2000,2698.0000,2698.4000,2,1,1,1,1,2,1,5,2,1
SF,IH2005,2020-04-03 09:30:08.200,2688.4000,1621,0,4841280.000,0,-,-,-,-,2686.8000,2686.4000,2686.0000,2680.0000,2679.8000,2690.0000,2690.2000,2692.2000,2694.2000,2698.0000,1,1,1,1,1,1,2,1,5,2
SF,IH2005,2020-04-03 09:30:08.700,2688.4000,1621,0,4841280.000,0,-,-,-,-,2686.8000,2686.4000,2686.0000,2680.0000,2679.8000,2689.8000,2692.2000,2694.2000,2698.0000,2698.4000,1,1,1,1,1,3,1,5,2,1
SF,IH2005,2020-04-03 09:30:09.200,2688.4000,1621,0,4841280.000,0,-,-,-,-,2686.8000,2686.4000,2686.0000,2680.0000,2679.8000,2689.8000,2692.2000,2694.2000,2698.0000,2698.4000,1,1,1,1,1,4,1,5,2,1
SF,IH2005,2020-04-03 09:30:09.700,2688.4000,1621,0,4841280.000,0,-,-,-,-,2686.8000,2686.4000,2686.0000,2680.0000,2679.8000,2689.6000,2689.8000,2692.2000,2694.2000,2698.0000,1,1,1,1,1,1,3,1,5,2
SF,IH2005,2020-04-03 09:30:10.200,2688.4000,1621,0,4841280.000,0,-,-,-,-,2686.8000,2686.4000,2686.0000,2680.0000,2679.8000,2689.4000,2689.8000,2692.2000,2694.2000,2698.0000,1,1,1,1,1,4,1,1,5,2
SF,IH2005,2020-04-03 09:30:10.700,2688.4000,1621,0,4841280.000,0,-,-,-,-,2686.8000,2686.4000,2686.0000,2680.0000,2679.8000,2689.4000,2692.2000,2694.2000,2698.0000,2698.4000,1,1,1,1,1,5,1,5,2,1
SF,IH2005,2020-04-03 09:30:11.200,2686.8000,1621,0,5647320.000,1,0,1,多换,S,2686.4000,2686.0000,2680.0000,2679.8000,2679.0000,2689.4000,2692.2000,2694.2000,2698.0000,2698.4000,1,1,1,1,5,4,1,5,2,1
SF,IH2005,2020-04-03 09:30:11.700,2686.8000,1621,0,5647320.000,0,-,-,-,-,2686.6000,2686.4000,2686.0000,2680.0000,2679.8000,2689.2000,2689.4000,2692.2000,2694.2000,2698.0000,1,1,1,1,1,1,4,1,5,2
SF,IH2005,2020-04-03 09:30:12.200,2686.8000,1621,0,5647320.000,0,-,-,-,-,2686.6000,2686.4000,2686.0000,2680.0000,2679.8000,2689.0000,2689.2000,2689.4000,2692.2000,2694.2000,1,1,1,1,1,3,1,1,1,5
SF,IH2005,2020-04-03 09:30:12.700,2686.6000,1620,-1,6453300.000,1,0,1,双平,S,2686.0000,2680.0000,2679.8000,2677.8000,2675.2000,2688.4000,2688.6000,2689.0000,2689.4000,2692.2000,1,1,1,1,5,1,1,4,1,1
SF,IH2005,2020-04-03 09:30:13.200,2686.6000,1620,0,6453300.000,0,-,-,-,-,2686.0000,2680.0000,2679.8000,2677.8000,2675.2000,2686.6000,2688.2000,2688.4000,2688.6000,2689.4000,1,1,1,1,5,1,3,1,1,1
SF,IH2005,2020-04-03 09:30:13.700,2686.6000,1620,0,6453300.000,0,-,-,-,-,2686.0000,2680.0000,2679.8000,2677.8000,2675.2000,2686.6000,2688.2000,2688.4000,2688.6000,2689.4000,1,1,1,1,5,1,3,1,1,1
SF,IH2005,2020-04-03 09:30:14.200,2686.0000,1619,-1,7259100.000,1,0,1,双平,S,2680.0000,2679.8000,2677.8000,2675.2000,2674.4000,2686.6000,2688.2000,2688.4000,2688.6000,2689.4000,1,1,1,5,1,1,3,1,1,1
SF,IH2005,2020-04-03 09:30:14.700,2686.0000,1619,0,7259100.000,0,-,-,-,-,2683.2000,2683.0000,2681.8000,2680.2000,2680.0000,2686.4000,2686.6000,2688.2000,2688.4000,2689.4000,2,1,1,5,1,1,1,1,1,1
SF,IH2005,2020-04-03 09:30:15.200,2686.0000,1619,0,7259100.000,0,-,-,-,-,2683.8000,2683.4000,2683.2000,2683.0000,2681.8000,2686.4000,2686.6000,2688.2000,2688.4000,2689.4000,1,7,2,1,1,1,1,1,1,1
SF,IH2005,2020-04-03 09:30:15.700,2686.0000,1619,0,7259100.000,0,-,-,-,-,2684.0000,2683.8000,2683.4000,2683.2000,2683.0000,2686.6000,2688.2000,2688.4000,2689.4000,2694.2000,6,1,4,2,1,1,1,1,1,5
SF,IH2005,2020-04-03 09:30:16.200,2686.0000,1619,0,7259100.000,0,-,-,-,-,2684.0000,2683.8000,2683.4000,2683.2000,2683.0000,2688.2000,2688.4000,2689.4000,2694.2000,2698.0000,7,1,4,2,1,1,1,1,5,2
SF,IH2005,2020-04-03 09:30:16.700,2686.0000,1619,0,7259100.000,0,-,-,-,-,2684.0000,2683.4000,2683.2000,2681.8000,2680.0000,2687.4000,2688.0000,2688.2000,2688.4000,2689.4000,4,4,2,1,1,1,4,1,1,1
SF,IH2005,2020-04-03 09:30:17.200,2686.0000,1619,0,7259100.000,0,-,-,-,-,2684.0000,2683.4000,2683.2000,2681.8000,2680.0000,2687.2000,2688.0000,2688.4000,2689.4000,2694.2000,4,4,2,1,1,3,2,1,1,5
SF,IH2005,2020-04-03 09:30:17.700,2686.0000,1619,0,7259100.000,0,-,-,-,-,2684.0000,2683.2000,2681.8000,2680.0000,2679.8000,2687.2000,2688.0000,2688.4000,2689.4000,2694.2000,4,1,1,1,1,3,2,1,1,5
SF,IH2005,2020-04-03 09:30:18.200,2686.0000,1619,0,7259100.000,0,-,-,-,-,2684.0000,2683.2000,2681.8000,2680.0000,2679.8000,2687.0000,2687.2000,2688.0000,2688.4000,2689.4000,3,1,1,1,1,2,2,2,1,1
SF,IH2005,2020-04-03 09:30:18.700,2686.0000,1619,0,7259100.000,0,-,-,-,-,2684.0000,2683.2000,2681.8000,2680.0000,2679.8000,2686.8000,2687.0000,2687.2000,2688.0000,2688.4000,3,1,1,1,1,1,2,1,2,1
SF,IH2005,2020-04-03 09:30:19.200,2686.0000,1619,0,7259100.000,0,-,-,-,-,2684.0000,2683.2000,2681.8000,2680.0000,2679.8000,2686.6000,2686.8000,2687.0000,2688.0000,2688.4000,3,1,1,1,1,1,2,1,2,1
SF,IH2005,2020-04-03 09:30:19.700,2686.0000,1619,0,7259100.000,0,-,-,-,-,2684.0000,2683.2000,2681.8000,2680.0000,2679.8000,2686.0000,2686.4000,2688.0000,2688.4000,2689.4000,2,1,1,1,1,1,4,2,1,1
SF,IH2005,2020-04-03 09:30:20.200,2684.0000,1618,-1,8064300.000,1,0,1,双平,S,2684.0000,2683.2000,2681.8000,2680.0000,2679.8000,2685.8000,2686.0000,2686.4000,2688.0000,2688.4000,1,1,1,1,1,1,1,4,2,1
SF,IH2005,2020-04-03 09:30:20.700,2684.0000,1618,0,8064300.000,0,-,-,-,-,2684.0000,2683.2000,2681.8000,2680.0000,2679.8000,2685.8000,2686.0000,2686.4000,2688.0000,2688.4000,1,1,1,1,1,1,1,3,2,1
SF,IH2005,2020-04-03 09:30:21.700,2684.0000,1618,0,8064300.000,0,-,-,-,-,2684.0000,2683.2000,2681.8000,2680.0000,2679.8000,2685.8000,2686.4000,2688.0000,2688.4000,2689.4000,1,1,1,1,1,1,3,2,1,1
SF,IH2005,2020-04-03 09:30:22.200,2684.0000,1618,0,8064300.000,0,-,-,-,-,2684.0000,2683.2000,2681.8000,2680.0000,2679.8000,2685.8000,2686.4000,2688.0000,2688.4000,2694.2000,1,1,1,1,1,1,2,2,1,5
SF,IH2005,2020-04-03 09:30:24.200,2684.0000,1618,0,8064300.000,0,-,-,-,-,2684.2000,2684.0000,2683.2000,2681.8000,2680.0000,2685.8000,2686.4000,2688.0000,2688.4000,2694.2000,1,1,1,1,1,1,2,2,1,5
SF,IH2005,2020-04-03 09:30:24.700,2684.0000,1618,0,8064300.000,0,-,-,-,-,2684.2000,2683.2000,2681.8000,2680.0000,2679.8000,2685.8000,2686.4000,2688.0000,2688.4000,2694.2000,2,1,1,1,1,1,2,2,1,5
SF,IH2005,2020-04-03 09:30:25.200,2684.0000,1617,-1,8869500.000,1,0,1,双平,S,2684.2000,2683.2000,2681.8000,2680.0000,2679.8000,2685.8000,2686.4000,2688.0000,2688.4000,2694.2000,1,1,1,1,1,1,2,2,1,5
SF,IH2005,2020-04-03 09:30:25.700,2684.0000,1617,0,8869500.000,0,-,-,-,-,2684.2000,2683.2000,2681.8000,2680.0000,2679.8000,2685.6000,2685.8000,2686.4000,2688.0000,2688.4000,1,1,1,1,1,1,1,1,2,1
SF,IH2005,2020-04-03 09:30:26.200,2684.0000,1617,0,8869500.000,0,-,-,-,-,2684.2000,2683.2000,2681.8000,2680.0000,2679.8000,2685.8000,2686.4000,2688.0000,2688.4000,2694.2000,1,1,1,1,1,1,1,2,1,5
SF,IH2005,2020-04-03 09:30:26.700,2684.2000,1618,1,9674760.000,1,1,0,双开,S,2683.2000,2681.8000,2680.0000,2679.8000,2678.0000,2685.8000,2686.4000,2688.0000,2688.4000,2694.2000,1,1,1,1,1,1,1,2,1,5
SF,IH2005,2020-04-03 09:30:27.200,2684.2000,1618,0,9674760.000,0,-,-,-,-,2683.4000,2683.2000,2681.8000,2680.0000,2679.8000,2685.6000,2685.8000,2686.4000,2688.0000,2688.4000,1,1,1,1,1,1,1,1,2,1
SF,IH2005,2020-04-03 09:30:27.700,2684.2000,1618,0,9674760.000,0,-,-,-,-,2683.4000,2683.2000,2681.8000,2680.0000,2679.8000,2685.4000,2685.6000,2686.4000,2688.0000,2688.4000,1,1,1,1,1,1,1,1,2,1
SF,IH2005,2020-04-03 09:30:28.200,2684.2000,1618,0,9674760.000,0,-,-,-,-,2683.4000,2683.2000,2681.8000,2680.0000,2679.8000,2685.4000,2686.4000,2688.0000,2688.4000,2694.2000,1,1,1,1,1,1,1,2,1,5
SF,IH2005,2020-04-03 09:30:28.700,2684.2000,1618,0,9674760.000,0,-,-,-,-,2683.6000,2683.4000,2683.2000,2681.8000,2680.0000,2686.4000,2688.0000,2688.4000,2694.2000,2698.0000,1,1,1,1,1,1,2,1,5,2
SF,IH2005,2020-04-03 09:30:29.200,2684.2000,1618,0,9674760.000,0,-,-,-,-,2683.8000,2683.6000,2683.4000,2683.2000,2681.8000,2686.2000,2688.0000,2688.4000,2694.2000,2698.0000,2,1,1,2,1,1,2,1,5,2
SF,IH2005,2020-04-03 09:30:29.700,2684.2000,1618,0,9674760.000,0,-,-,-,-,2684.0000,2683.8000,2683.4000,2683.2000,2681.8000,2686.2000,2688.0000,2688.4000,2694.2000,2698.0000,1,5,1,2,1,1,2,1,5,2
SF,IH2005,2020-04-03 09:30:30.200,2684.2000,1618,0,9674760.000,0,-,-,-,-,2684.2000,2684.0000,2683.8000,2683.4000,2683.2000,2686.2000,2688.0000,2688.4000,2694.2000,2698.0000,2,1,4,1,2,1,2,1,5,2
SF,IH2005,2020-04-03 09:30:30.700,2684.2000,1618,0,9674760.000,0,-,-,-,-,2684.4000,2684.2000,2683.8000,2683.4000,2683.2000,2688.0000,2688.4000,2694.2000,2698.0000,2698.4000,1,4,4,1,2,2,1,5,2,1
SF,IH2005,2020-04-03 09:30:31.200,2684.2000,1618,0,9674760.000,0,-,-,-,-,2684.6000,2684.2000,2683.8000,2683.2000,2681.8000,2687.8000,2688.0000,2688.4000,2694.2000,2698.0000,1,1,1,2,1,2,2,1,5,2
SF,IH2005,2020-04-03 09:30:31.700,2684.2000,1618,0,9674760.000,0,-,-,-,-,2684.2000,2683.2000,2681.8000,2680.0000,2679.8000,2687.6000,2687.8000,2688.0000,2688.4000,2694.2000,1,2,1,1,1,2,3,1,1,5
SF,IH2005,2020-04-03 09:30:32.200,2684.2000,1618,0,9674760.000,0,-,-,-,-,2683.2000,2681.8000,2680.0000,2679.8000,2678.0000,2687.4000,2687.6000,2688.0000,2688.4000,2694.2000,2,1,1,1,1,2,2,1,1,5
SF,IH2005,2020-04-03 09:30:32.700,2684.2000,1618,0,9674760.000,0,-,-,-,-,2684.2000,2683.8000,2683.4000,2683.2000,2681.8000,2686.2000,2687.4000,2688.0000,2688.4000,2694.2000,1,1,4,2,1,1,1,1,1,5
SF,IH2005,2020-04-03 09:30:33.200,2684.2000,1618,0,9674760.000,0,-,-,-,-,2684.2000,2683.8000,2683.4000,2683.2000,2681.8000,2686.2000,2687.4000,2688.0000,2688.4000,2694.2000,1,1,5,2,1,1,1,1,1,5
SF,IH2005,2020-04-03 09:30:33.700,2684.2000,1618,0,9674760.000,0,-,-,-,-,2684.2000,2683.8000,2683.4000,2683.2000,2681.8000,2686.2000,2687.4000,2688.0000,2688.4000,2694.2000,1,1,5,2,1,1,1,1,1,5
SF,IH2005,2020-04-03 09:30:34.200,2684.2000,1618,0,9674760.000,0,-,-,-,-,2684.4000,2684.2000,2683.8000,2683.4000,2683.2000,2686.2000,2687.4000,2688.0000,2688.4000,2694.2000,2,1,1,4,2,1,1,1,1,5
SF,IH2005,2020-04-03 09:30:34.700,2684.2000,1618,0,9674760.000,0,-,-,-,-,2684.4000,2684.2000,2683.8000,2683.4000,2683.2000,2686.2000,2687.4000,2688.0000,2688.4000,2694.2000,4,1,1,4,2,1,1,1,1,5
SF,IH2005,2020-04-03 09:30:35.200,2684.2000,1618,0,9674760.000,0,-,-,-,-,2684.4000,2684.2000,2683.8000,2683.4000,2683.2000,2686.2000,2687.4000,2688.0000,2688.4000,2694.2000,4,1,1,3,2,1,1,1,1,5
SF,IH2005,2020-04-03 09:30:35.700,2684.2000,1618,0,9674760.000,0,-,-,-,-,2684.4000,2684.2000,2683.8000,2683.4000,2683.2000,2686.2000,2687.4000,2688.0000,2688.4000,2694.2000,2,1,1,3,2,1,1,1,1,5
SF,IH2005,2020-04-03 09:30:36.200,2684.2000,1618,0,9674760.000,0,-,-,-,-,2684.4000,2684.2000,2683.8000,2683.4000,2683.2000,2686.2000,2687.4000,2688.0000,2688.4000,2694.2000,2,1,1,2,2,1,1,1,1,5
SF,IH2005,2020-04-03 09:30:36.700,2684.2000,1618,0,9674760.000,0,-,-,-,-,2684.4000,2684.2000,2683.4000,2683.2000,2681.8000,2686.0000,2686.2000,2688.0000,2688.4000,2694.2000,1,1,2,2,1,1,1,1,1,5
SF,IH2005,2020-04-03 09:30:37.200,2684.2000,1618,0,9674760.000,0,-,-,-,-,2684.4000,2684.2000,2683.4000,2683.2000,2681.8000,2686.0000,2686.2000,2688.0000,2688.4000,2694.2000,1,1,2,2,1,1,1,1,1,5
SF,IH2005,2020-04-03 09:30:38.200,2684.2000,1618,0,9674760.000,0,-,-,-,-,2684.6000,2684.4000,2683.4000,2683.2000,2681.8000,2686.0000,2686.2000,2688.0000,2688.4000,2694.2000,1,1,2,2,1,1,1,1,1,5
SF,IH2005,2020-04-03 09:30:38.700,2684.2000,1618,0,9674760.000,0,-,-,-,-,2684.6000,2684.4000,2683.4000,2683.2000,2681.8000,2686.0000,2686.2000,2688.0000,2688.4000,2694.2000,1,1,2,2,1,1,1,1,1,5
SF,IH2005,2020-04-03 09:30:39.200,2684.2000,1618,0,9674760.000,0,-,-,-,-,2684.6000,2684.4000,2683.4000,2683.2000,2681.8000,2686.0000,2686.2000,2688.0000,2688.4000,2694.2000,1,1,2,2,1,1,1,1,1,5
SF,IH2005,2020-04-03 09:30:39.700,2684.2000,1618,0,9674760.000,0,-,-,-,-,2684.6000,2684.4000,2683.4000,2683.2000,2681.8000,2686.2000,2688.0000,2688.4000,2694.2000,2698.0000,1,1,2,2,1,1,1,1,5,2
SF,IH2005,2020-04-03 09:30:40.200,2685.8000,1617,-1,11286360.000,2,0,2,多平,S,2684.8000,2684.6000,2683.4000,2683.2000,2680.0000,2688.0000,2688.4000,2694.2000,2698.0000,2698.4000,3,1,2,1,1,1,1,5,2,1
SF,IH2005,2020-04-03 09:30:40.700,2685.8000,1617,0,11286360.000,0,-,-,-,-,2685.0000,2684.8000,2683.4000,2683.2000,2680.0000,2687.8000,2688.0000,2688.4000,2694.2000,2698.0000,1,2,2,1,1,1,1,1,5,2
SF,IH2005,2020-04-03 09:30:41.200,2685.8000,1617,0,11286360.000,0,-,-,-,-,2685.0000,2684.8000,2683.4000,2683.2000,2680.0000,2687.8000,2688.0000,2688.4000,2694.2000,2698.0000,1,1,2,1,1,1,1,1,5,2
SF,IH2005,2020-04-03 09:30:42.700,2685.8000,1617,0,11286360.000,0,-,-,-,-,2685.0000,2683.4000,2683.2000,2680.0000,2679.8000,2687.6000,2687.8000,2688.0000,2688.4000,2694.2000,1,2,1,1,1,1,1,1,1,5
SF,IH2005,2020-04-03 09:30:43.200,2685.8000,1617,0,11286360.000,0,-,-,-,-,2685.0000,2684.2000,2683.4000,2683.2000,2680.0000,2687.4000,2687.6000,2688.0000,2688.4000,2694.2000,1,1,2,1,1,1,1,1,1,5
SF,IH2005,2020-04-03 09:30:44.200,2685.8000,1617,0,11286360.000,0,-,-,-,-,2685.0000,2684.2000,2683.4000,2683.2000,2680.0000,2687.4000,2687.6000,2688.0000,2688.4000,2694.2000,1,1,2,1,1,1,1,1,1,5
SF,IH2005,2020-04-03 09:30:44.700,2685.8000,1617,0,11286360.000,0,-,-,-,-,2685.0000,2684.2000,2683.4000,2683.2000,2680.0000,2687.4000,2687.6000,2688.0000,2688.4000,2694.2000,1,1,2,1,1,1,1,1,1,5
SF,IH2005,2020-04-03 09:30:48.200,2685.8000,1617,0,11286360.000,0,-,-,-,-,2685.0000,2684.2000,2683.4000,2683.2000,2680.0000,2687.4000,2687.6000,2688.0000,2688.4000,2694.2000,1,1,2,1,1,1,1,1,1,5
SF,IH2005,2020-04-03 09:30:48.700,2685.8000,1617,0,11286360.000,0,-,-,-,-,2685.0000,2684.2000,2683.4000,2683.2000,2680.0000,2687.2000,2687.4000,2687.6000,2688.0000,2688.4000,1,1,2,1,1,1,1,1,1,1
SF,IH2005,2020-04-03 09:30:49.200,2685.8000,1617,0,11286360.000,0,-,-,-,-,2685.0000,2684.2000,2680.0000,2677.8000,2675.2000,2687.0000,2687.2000,2688.0000,2688.4000,2694.2000,1,1,1,1,5,1,2,1,1,5
SF,IH2005,2020-04-03 09:30:49.700,2685.8000,1617,0,11286360.000,0,-,-,-,-,2685.0000,2680.0000,2677.8000,2675.2000,2674.4000,2687.0000,2687.2000,2688.0000,2688.4000,2694.2000,1,1,1,5,1,1,2,1,1,5
SF,IH2005,2020-04-03 09:30:50.200,2685.8000,1617,0,11286360.000,0,-,-,-,-,2685.0000,2680.0000,2677.8000,2675.2000,2674.4000,2687.0000,2687.2000,2688.0000,2688.4000,2694.2000,1,1,1,5,1,1,2,1,1,5
SF,IH2005,2020-04-03 09:30:50.700,2685.8000,1617,0,11286360.000,0,-,-,-,-,2685.0000,2680.0000,2677.8000,2675.2000,2674.4000,2687.0000,2687.2000,2688.0000,2688.4000,2694.2000,1,1,1,5,1,1,2,1,1,5
SF,IH2005,2020-04-03 09:30:51.200,2685.8000,1617,0,11286360.000,0,-,-,-,-,2685.0000,2680.0000,2677.8000,2675.2000,2674.4000,2686.8000,2687.0000,2687.2000,2688.0000,2688.4000,1,1,1,5,1,1,1,1,1,1
SF,IH2005,2020-04-03 09:30:51.700,2685.0000,1616,-1,12091860.000,1,0,1,双平,S,2680.0000,2677.8000,2675.2000,2674.4000,2674.0000,2685.0000,2686.6000,2686.8000,2687.2000,2688.0000,1,1,5,1,1,1,1,1,1,1
SF,IH2005,2020-04-03 09:30:52.200,2685.0000,1616,0,12091860.000,0,-,-,-,-,2681.8000,2680.6000,2680.2000,2680.0000,2677.8000,2684.8000,2685.0000,2686.6000,2686.8000,2688.0000,1,1,6,1,1,2,1,1,1,1
SF,IH2005,2020-04-03 09:30:52.700,2685.0000,1616,0,12091860.000,0,-,-,-,-,2682.0000,2681.8000,2680.6000,2680.2000,2680.0000,2684.8000,2685.0000,2686.6000,2686.8000,2688.0000,4,1,1,4,1,2,1,1,1,1
SF,IH2005,2020-04-03 09:30:53.200,2685.0000,1616,0,12091860.000,0,-,-,-,-,2682.0000,2681.8000,2680.6000,2680.2000,2680.0000,2684.8000,2685.0000,2686.6000,2686.8000,2688.0000,4,1,1,4,1,1,1,1,1,1
SF,IH2005,2020-04-03 09:30:53.700,2685.0000,1616,0,12091860.000,0,-,-,-,-,2682.2000,2682.0000,2681.8000,2680.6000,2680.2000,2684.6000,2684.8000,2685.0000,2686.6000,2686.8000,1,4,1,1,4,1,1,1,1,1
SF,IH2005,2020-04-03 09:30:54.200,2685.0000,1616,0,12091860.000,0,-,-,-,-,2683.2000,2682.4000,2682.2000,2682.0000,2681.8000,2684.4000,2684.6000,2685.0000,2686.6000,2688.0000,1,3,1,3,1,1,1,1,1,1
SF,IH2005,2020-04-03 09:30:54.700,2684.4000,1615,-1,12897180.000,1,0,1,双平,S,2682.4000,2682.2000,2682.0000,2681.8000,2680.6000,2684.6000,2685.0000,2686.6000,2688.0000,2688.4000,3,1,3,1,1,1,1,1,1,1
SF,IH2005,2020-04-03 09:30:55.200,2684.4000,1615,0,12897180.000,0,-,-,-,-,2683.4000,2682.4000,2682.2000,2682.0000,2680.6000,2684.6000,2685.0000,2686.6000,2688.0000,2688.4000,1,2,1,3,1,1,1,1,1,1
SF,IH2005,2020-04-03 09:30:55.700,2684.6000,1614,-1,13702560.000,1,0,1,双平,S,2683.4000,2682.4000,2682.2000,2682.0000,2680.6000,2685.0000,2686.6000,2688.0000,2688.4000,2694.2000,1,2,1,3,1,1,1,1,1,5
SF,IH2005,2020-04-03 09:30:56.200,2684.6000,1614,0,13702560.000,0,-,-,-,-,2683.6000,2683.4000,2682.4000,2682.2000,2682.0000,2685.0000,2686.6000,2688.0000,2688.4000,2694.2000,1,1,2,1,3,1,1,1,1,5
SF,IH2005,2020-04-03 09:30:56.700,2684.6000,1614,0,13702560.000,0,-,-,-,-,2683.8000,2683.6000,2683.4000,2682.4000,2682.2000,2685.0000,2686.6000,2688.0000,2688.4000,2694.2000,1,1,1,2,1,1,1,1,1,5
SF,IH2005,2020-04-03 09:30:59.200,2684.6000,1614,0,13702560.000,0,-,-,-,-,2683.8000,2683.6000,2683.4000,2682.4000,2682.2000,2685.0000,2686.6000,2688.0000,2688.4000,2694.2000,1,1,1,1,1,1,1,1,1,5
SF,IH2005,2020-04-03 09:30:59.700,2684.6000,1614,0,13702560.000,0,-,-,-,-,2683.8000,2683.4000,2682.4000,2682.2000,2682.0000,2684.8000,2685.0000,2686.6000,2688.0000,2688.4000,1,1,1,1,1,1,1,1,1,1
SF,IH2005,2020-04-03 09:31:00.200,2684.6000,1614,0,13702560.000,0,-,-,-,-,2683.8000,2683.4000,2682.4000,2682.2000,2682.0000,2684.8000,2685.0000,2686.6000,2688.0000,2688.4000,1,1,1,1,1,1,1,1,1,1
SF,IH2005,2020-04-03 09:31:00.700,2683.8000,1614,0,14507700.000,1,0,1,多换,S,2683.4000,2682.4000,2682.2000,2682.0000,2680.6000,2684.8000,2685.0000,2686.6000,2688.0000,2688.4000,1,1,1,1,1,1,1,1,1,1
SF,IH2005,2020-04-03 09:31:02.200,2683.8000,1614,0,14507700.000,0,-,-,-,-,2683.4000,2682.4000,2682.2000,2682.0000,2680.6000,2684.8000,2685.0000,2686.6000,2688.0000,2688.4000,1,1,1,1,1,1,1,1,1,1
SF,IH2005,2020-04-03 09:31:06.700,2684.8000,1614,0,15313140.000,1,0,1,多换,S,2683.4000,2682.4000,2682.2000,2682.0000,2680.6000,2685.0000,2686.6000,2688.0000,2688.4000,2694.2000,1,1,1,1,1,1,1,1,1,5
SF,IH2005,2020-04-03 09:31:07.200,2684.8000,1614,0,15313140.000,0,-,-,-,-,2683.6000,2683.4000,2682.4000,2682.2000,2682.0000,2685.0000,2686.6000,2688.0000,2688.4000,2694.2000,1,1,1,1,1,1,1,1,1,5
SF,IH2005,2020-04-03 09:31:07.700,2683.6000,1613,-1,16118220.000,1,0,1,双平,S,2683.4000,2682.4000,2682.2000,2682.0000,2680.6000,2685.0000,2686.6000,2688.0000,2688.4000,2694.2000,1,1,1,1,1,1,1,1,1,5
SF,IH2005,2020-04-03 09:31:08.200,2683.6000,1613,0,16118220.000,0,-,-,-,-,2683.4000,2682.4000,2682.2000,2682.0000,2680.6000,2684.8000,2685.0000,2686.6000,2688.0000,2688.4000,1,1,1,1,1,1,1,1,1,1
SF,IH2005,2020-04-03 09:31:08.700,2683.6000,1613,0,16118220.000,0,-,-,-,-,2683.4000,2682.4000,2682.2000,2682.0000,2680.6000,2684.8000,2685.0000,2686.6000,2688.0000,2688.4000,1,1,1,1,1,1,1,1,1,1
SF,IH2005,2020-04-03 09:31:09.200,2683.6000,1613,0,16118220.000,0,-,-,-,-,2683.4000,2682.4000,2682.0000,2680.6000,2680.2000,2684.8000,2685.0000,2686.6000,2688.0000,2688.4000,1,1,1,1,1,1,1,1,1,1
SF,IH2005,2020-04-03 09:31:09.700,2683.6000,1613,0,16118220.000,0,-,-,-,-,2682.4000,2682.0000,2680.6000,2680.2000,2680.0000,2684.8000,2685.0000,2686.6000,2688.0000,2688.4000,1,1,1,1,1,1,1,1,1,1
SF,IH2005,2020-04-03 09:31:10.200,2683.6000,1613,0,16118220.000,0,-,-,-,-,2682.6000,2682.4000,2682.0000,2680.6000,2680.2000,2684.8000,2685.0000,2686.6000,2688.0000,2688.4000,2,1,1,1,1,1,1,1,1,1
SF,IH2005,2020-04-03 09:31:10.700,2683.6000,1613,0,16118220.000,0,-,-,-,-,2682.8000,2682.6000,2682.0000,2680.6000,2680.2000,2684.8000,2685.0000,2686.6000,2688.0000,2688.4000,1,1,1,1,1,1,1,1,1,1
SF,IH2005,2020-04-03 09:31:11.200,2683.6000,1613,0,16118220.000,0,-,-,-,-,2683.0000,2682.8000,2682.0000,2680.6000,2680.2000,2684.8000,2685.0000,2686.6000,2688.0000,2688.4000,1,4,1,1,1,1,1,1,1,1
SF,IH2005,2020-04-03 09:31:11.700,2683.6000,1613,0,16118220.000,0,-,-,-,-,2683.0000,2682.8000,2682.0000,2680.6000,2680.2000,2684.8000,2685.0000,2686.6000,2688.0000,2688.4000,1,1,1,1,1,1,1,1,1,1
SF,IH2005,2020-04-03 09:31:12.700,2683.6000,1613,0,16118220.000,0,-,-,-,-,2683.2000,2683.0000,2682.0000,2680.6000,2680.2000,2684.8000,2685.0000,2686.6000,2688.0000,2688.4000,1,1,1,1,1,1,1,1,1,1
SF,IH2005,2020-04-03 09:31:13.200,2683.6000,1613,0,16118220.000,0,-,-,-,-,2683.0000,2682.0000,2680.6000,2680.2000,2680.0000,2684.8000,2685.0000,2686.6000,2688.0000,2688.4000,1,1,1,1,1,1,1,1,1,1
SF,IH2005,2020-04-03 09:31:14.700,2683.6000,1613,0,16118220.000,0,-,-,-,-,2683.2000,2683.0000,2682.0000,2680.6000,2680.2000,2684.8000,2685.0000,2686.6000,2688.0000,2688.4000,4,1,1,1,1,1,1,1,1,1
SF,IH2005,2020-04-03 09:31:15.200,2683.6000,1613,0,16118220.000,0,-,-,-,-,2683.4000,2682.0000,2680.6000,2680.2000,2680.0000,2684.8000,2685.0000,2686.6000,2688.0000,2688.4000,1,1,1,1,1,1,1,1,1,1
SF,IH2005,2020-04-03 09:31:15.700,2683.6000,1613,0,16118220.000,0,-,-,-,-,2683.4000,2682.0000,2680.6000,2680.2000,2680.0000,2684.8000,2685.0000,2686.6000,2688.0000,2688.4000,2,1,1,1,1,1,1,1,1,1
SF,IH2005,2020-04-03 09:31:17.200,2683.6000,1613,0,16118220.000,0,-,-,-,-,2683.4000,2682.0000,2680.6000,2680.2000,2680.0000,2684.8000,2685.0000,2686.6000,2688.0000,2688.4000,1,1,1,1,1,1,1,1,1,1
SF,IH2005,2020-04-03 09:31:17.700,2683.6000,1613,0,16118220.000,0,-,-,-,-,2683.4000,2682.0000,2680.6000,2680.2000,2680.0000,2684.8000,2685.0000,2686.6000,2688.0000,2688.4000,1,1,1,1,1,1,1,1,1,1
SF,IH2005,2020-04-03 09:31:18.200,2683.6000,1613,0,16118220.000,0,-,-,-,-,2683.4000,2682.0000,2680.6000,2680.2000,2680.0000,2685.0000,2686.6000,2688.0000,2688.4000,2694.2000,1,1,1,1,1,1,1,1,1,5
SF,IH2005,2020-04-03 09:31:18.700,2683.6000,1613,0,16118220.000,0,-,-,-,-,2683.6000,2683.4000,2683.2000,2682.0000,2680.6000,2685.0000,2686.6000,2688.0000,2688.4000,2694.2000,3,1,1,1,1,1,1,1,1,5
SF,IH2005,2020-04-03 09:31:19.200,2683.6000,1613,0,16118220.000,0,-,-,-,-,2683.4000,2682.0000,2680.6000,2680.2000,2680.0000,2685.0000,2686.6000,2688.0000,2688.4000,2694.2000,1,1,1,1,1,1,1,1,1,5
SF,IH2005,2020-04-03 09:31:19.700,2683.6000,1613,0,16118220.000,0,-,-,-,-,2683.4000,2682.0000,2680.6000,2680.2000,2680.0000,2685.0000,2686.6000,2688.0000,2688.4000,2694.2000,1,1,1,1,1,1,1,1,1,5
SF,IH2005,2020-04-03 09:31:20.200,2683.6000,1613,0,16118220.000,0,-,-,-,-,2683.8000,2683.6000,2683.4000,2683.2000,2682.0000,2685.0000,2686.6000,2688.0000,2688.4000,2694.2000,1,3,1,1,1,1,1,1,1,5
SF,IH2005,2020-04-03 09:31:20.700,2683.6000,1613,0,16118220.000,0,-,-,-,-,2683.8000,2683.6000,2683.4000,2683.2000,2682.0000,2685.0000,2686.6000,2688.0000,2688.4000,2694.2000,1,1,1,1,1,1,1,1,1,5
SF,IH2005,2020-04-03 09:31:22.200,2683.6000,1613,0,16118220.000,0,-,-,-,-,2683.4000,2682.0000,2680.6000,2680.2000,2680.0000,2685.0000,2686.6000,2688.0000,2688.4000,2694.2000,1,1,1,1,1,1,1,1,1,5
SF,IH2005,2020-04-03 09:31:22.700,2683.6000,1613,0,16118220.000,0,-,-,-,-,2683.6000,2683.4000,2683.2000,2682.0000,2680.6000,2685.0000,2686.6000,2688.0000,2688.4000,2694.2000,4,1,1,1,1,1,1,1,1,5
SF,IH2005,2020-04-03 09:31:23.200,2683.6000,1613,0,16118220.000,0,-,-,-,-,2683.8000,2683.6000,2683.2000,2682.0000,2680.6000,2685.0000,2686.6000,2688.0000,2688.4000,2694.2000,1,2,1,1,1,1,1,1,1,5
SF,IH2005,2020-04-03 09:31:23.700,2683.6000,1613,0,16118220.000,0,-,-,-,-,2683.8000,2683.6000,2683.2000,2682.0000,2680.6000,2685.0000,2686.6000,2688.0000,2688.4000,2694.2000,3,2,1,1,1,1,1,1,1,5
SF,IH2005,2020-04-03 09:31:24.200,2683.6000,1613,0,16118220.000,0,-,-,-,-,2684.0000,2683.8000,2683.6000,2683.2000,2682.0000,2685.0000,2686.6000,2688.0000,2688.4000,2694.2000,1,4,2,1,1,1,1,1,1,5
SF,IH2005,2020-04-03 09:31:24.700,2685.0000,1612,-1,16923720.000,1,0,1,双平,S,2684.2000,2684.0000,2683.8000,2683.6000,2683.2000,2686.6000,2688.4000,2694.2000,2698.0000,2698.4000,2,2,2,2,1,1,1,5,1,1
SF,IH2005,2020-04-03 09:31:25.200,2685.0000,1612,0,16923720.000,0,-,-,-,-,2684.4000,2684.2000,2684.0000,2683.8000,2683.6000,2688.4000,2694.2000,2698.0000,2698.4000,2700.0000,1,5,2,2,2,1,5,1,1,1
SF,IH2005,2020-04-03 09:31:25.700,2685.0000,1612,0,16923720.000,0,-,-,-,-,2684.6000,2684.4000,2684.2000,2684.0000,2683.8000,2688.4000,2694.2000,2698.0000,2698.4000,2700.0000,4,1,3,2,2,1,5,1,1,1
SF,IH2005,2020-04-03 09:31:26.200,2685.0000,1612,0,16923720.000,0,-,-,-,-,2684.8000,2684.6000,2684.2000,2684.0000,2683.8000,2688.2000,2694.2000,2698.0000,2698.4000,2700.0000,1,4,3,2,2,1,5,1,1,1
SF,IH2005,2020-04-03 09:31:26.700,2685.0000,1612,0,16923720.000,0,-,-,-,-,2685.0000,2684.8000,2684.6000,2684.2000,2684.0000,2688.2000,2688.4000,2694.2000,2698.0000,2698.4000,3,1,2,3,2,1,1,5,1,1
SF,IH2005,2020-04-03 09:31:27.200,2685.0000,1612,0,16923720.000,0,-,-,-,-,2685.0000,2684.6000,2684.2000,2684.0000,2683.8000,2688.2000,2688.4000,2694.2000,2698.0000,2698.4000,3,2,3,2,2,1,1,5,1,1
SF,IH2005,2020-04-03 09:31:27.700,2685.0000,1612,0,16923720.000,0,-,-,-,-,2685.0000,2684.6000,2684.2000,2684.0000,2683.8000,2688.2000,2688.4000,2694.2000,2698.0000,2698.4000,3,2,3,2,2,1,1,5,1,1
SF,IH2005,2020-04-03 09:31:28.200,2685.0000,1612,0,16923720.000,0,-,-,-,-,2685.2000,2685.0000,2684.6000,2684.2000,2684.0000,2688.2000,2688.4000,2694.2000,2698.0000,2698.4000,1,3,2,3,1,1,1,5,1,1
SF,IH2005,2020-04-03 09:31:28.700,2685.0000,1612,0,16923720.000,0,-,-,-,-,2685.4000,2685.0000,2684.6000,2684.2000,2684.0000,2688.2000,2688.4000,2694.2000,2698.0000,2698.4000,1,2,2,3,1,1,1,5,1,1
SF,IH2005,2020-04-03 09:31:30.200,2685.0000,1612,0,16923720.000,0,-,-,-,-,2685.4000,2685.0000,2684.6000,2684.2000,2684.0000,2688.0000,2688.2000,2688.4000,2694.2000,2698.0000,1,2,2,3,1,1,1,2,5,1
SF,IH2005,2020-04-03 09:31:30.700,2685.0000,1612,0,16923720.000,0,-,-,-,-,2685.4000,2685.0000,2684.2000,2684.0000,2683.8000,2687.8000,2688.0000,2688.4000,2694.2000,2698.0000,1,1,3,1,2,1,2,2,5,1
SF,IH2005,2020-04-03 09:31:31.200,2685.0000,1612,0,16923720.000,0,-,-,-,-,2685.4000,2685.0000,2684.2000,2684.0000,2683.8000,2687.6000,2687.8000,2688.0000,2688.4000,2694.2000,1,1,1,1,2,1,1,1,2,5
SF,IH2005,2020-04-03 09:31:31.700,2685.0000,1612,0,16923720.000,0,-,-,-,-,2685.4000,2685.0000,2684.2000,2683.8000,2683.6000,2687.4000,2688.0000,2688.4000,2694.2000,2698.0000,1,1,1,2,1,2,1,2,5,1
SF,IH2005,2020-04-03 09:31:32.200,2685.0000,1612,0,16923720.000,0,-,-,-,-,2685.4000,2685.0000,2683.8000,2683.6000,2683.2000,2687.4000,2688.0000,2688.4000,2694.2000,2698.0000,1,1,1,1,1,2,1,2,5,1
SF,IH2005,2020-04-03 09:31:32.700,2685.4000,1611,-1,17729340.000,1,0,1,双平,S,2685.0000,2683.8000,2683.6000,2683.2000,2682.0000,2687.4000,2688.0000,2688.4000,2694.2000,2698.0000,1,1,1,1,1,2,1,2,5,1
SF,IH2005,2020-04-03 09:31:33.200,2685.4000,1611,0,17729340.000,0,-,-,-,-,2683.8000,2683.6000,2683.2000,2682.0000,2680.0000,2687.4000,2688.0000,2688.4000,2694.2000,2698.0000,1,1,1,1,1,2,1,2,5,1
SF,IH2005,2020-04-03 09:31:33.700,2685.4000,1611,0,17729340.000,0,-,-,-,-,2684.0000,2683.8000,2683.6000,2683.2000,2682.0000,2687.4000,2688.0000,2688.4000,2694.2000,2698.0000,5,2,1,1,1,2,1,2,5,1
SF,IH2005,2020-04-03 09:31:34.200,2685.4000,1611,0,17729340.000,0,-,-,-,-,2684.2000,2684.0000,2683.8000,2683.6000,2683.2000,2687.4000,2688.0000,2688.4000,2694.2000,2698.0000,2,5,2,1,1,2,1,1,5,1
SF,IH2005,2020-04-03 09:31:34.700,2685.4000,1611,0,17729340.000,0,-,-,-,-,2685.2000,2684.4000,2684.2000,2684.0000,2683.8000,2687.4000,2688.4000,2694.2000,2698.0000,2698.4000,1,2,2,4,2,2,1,5,1,1
SF,IH2005,2020-04-03 09:31:35.200,2685.4000,1611,0,17729340.000,0,-,-,-,-,2685.4000,2685.2000,2684.4000,2684.2000,2684.0000,2687.4000,2688.4000,2694.2000,2698.0000,2698.4000,1,1,2,1,4,2,1,5,1,1
SF,IH2005,2020-04-03 09:31:35.700,2685.4000,1611,0,17729340.000,0,-,-,-,-,2685.4000,2685.2000,2684.4000,2684.2000,2684.0000,2687.4000,2688.4000,2694.2000,2698.0000,2698.4000,1,1,2,1,4,2,1,5,1,1
SF,IH2005,2020-04-03 09:31:40.700,2685.4000,1611,0,17729340.000,0,-,-,-,-,2685.4000,2685.2000,2684.4000,2684.2000,2684.0000,2687.4000,2688.4000,2694.2000,2698.0000,2698.4000,1,1,2,1,4,2,1,5,1,1
SF,IH2005,2020-04-03 09:31:41.200,2685.4000,1611,0,17729340.000,0,-,-,-,-,2687.4000,2685.6000,2685.4000,2685.2000,2684.4000,2694.2000,2698.0000,2698.4000,2700.0000,2704.0000,1,1,1,1,1,5,1,1,1,1
SF,IH2005,2020-04-03 09:31:41.700,2687.4000,1611,0,18535560.000,1,0,1,多换,S,2687.4000,2685.6000,2685.2000,2684.4000,2684.2000,2689.8000,2691.0000,2692.2000,2693.6000,2694.0000,1,1,1,1,1,1,2,1,1,5
SF,IH2005,2020-04-03 09:31:42.200,2687.4000,1612,1,19341780.000,1,1,0,双开,S,2685.6000,2685.2000,2684.4000,2684.2000,2684.0000,2688.4000,2689.6000,2691.0000,2692.2000,2694.0000,1,1,1,1,3,1,4,2,1,1
SF,IH2005,2020-04-03 09:31:42.700,2687.4000,1612,0,19341780.000,0,-,-,-,-,2685.6000,2685.2000,2684.4000,2684.2000,2684.0000,2688.2000,2689.6000,2691.0000,2692.2000,2694.0000,1,1,1,1,3,2,2,2,1,1
SF,IH2005,2020-04-03 09:31:43.200,2688.2000,1612,0,20148240.000,1,0,1,多换,S,2685.8000,2685.6000,2685.2000,2684.4000,2684.2000,2688.2000,2689.6000,2691.0000,2692.2000,2694.0000,1,1,1,1,1,1,2,2,1,1
SF,IH2005,2020-04-03 09:31:43.700,2688.2000,1612,0,20148240.000,0,-,-,-,-,2686.0000,2685.8000,2685.2000,2684.4000,2684.2000,2688.2000,2689.6000,2691.0000,2692.2000,2694.0000,3,4,1,1,1,1,2,2,1,1
SF,IH2005,2020-04-03 09:31:44.200,2688.2000,1612,0,20148240.000,0,-,-,-,-,2686.0000,2685.8000,2685.2000,2684.4000,2684.2000,2688.0000,2688.2000,2689.6000,2691.0000,2692.2000,3,1,1,1,1,1,1,2,2,1
SF,IH2005,2020-04-03 09:31:44.700,2688.2000,1612,0,20148240.000,0,-,-,-,-,2686.0000,2685.8000,2685.2000,2684.4000,2684.2000,2688.0000,2688.2000,2689.6000,2691.0000,2692.2000,3,1,1,1,1,1,1,2,2,1
SF,IH2005,2020-04-03 09:31:45.200,2688.2000,1612,0,20148240.000,0,-,-,-,-,2686.0000,2685.8000,2685.2000,2684.4000,2684.2000,2688.0000,2688.2000,2689.6000,2691.0000,2692.2000,3,1,1,1,1,1,1,2,2,1
SF,IH2005,2020-04-03 09:31:45.700,2688.2000,1612,0,20148240.000,0,-,-,-,-,2686.2000,2686.0000,2685.8000,2685.2000,2684.4000,2688.2000,2689.6000,2691.0000,2692.2000,2694.0000,2,3,1,1,1,1,1,2,1,1
SF,IH2005,2020-04-03 09:31:46.200,2688.2000,1612,0,20148240.000,0,-,-,-,-,2686.4000,2686.2000,2686.0000,2685.8000,2685.2000,2688.2000,2689.6000,2691.0000,2692.2000,2694.0000,2,1,1,1,1,1,1,2,1,1
SF,IH2005,2020-04-03 09:31:46.700,2688.2000,1612,0,20148240.000,0,-,-,-,-,2686.4000,2686.2000,2686.0000,2685.8000,2685.2000,2688.2000,2689.6000,2691.0000,2692.2000,2694.0000,2,1,1,1,1,1,1,2,1,1
SF,IH2005,2020-04-03 09:31:47.200,2688.2000,1612,0,20148240.000,0,-,-,-,-,2686.4000,2686.2000,2686.0000,2685.8000,2685.2000,2688.2000,2689.6000,2691.0000,2692.2000,2694.0000,2,1,1,1,1,1,1,2,1,1
SF,IH2005,2020-04-03 09:31:47.700,2688.2000,1612,0,20148240.000,0,-,-,-,-,2686.4000,2686.2000,2686.0000,2685.8000,2685.2000,2688.2000,2689.6000,2691.0000,2692.2000,2694.0000,2,1,1,1,1,1,1,2,1,1
SF,IH2005,2020-04-03 09:31:48.200,2688.2000,1612,0,20148240.000,0,-,-,-,-,2686.6000,2686.4000,2686.2000,2686.0000,2685.8000,2688.2000,2689.6000,2691.0000,2692.2000,2694.0000,4,2,1,1,1,1,1,2,1,1
SF,IH2005,2020-04-03 09:31:48.700,2688.2000,1612,0,20148240.000,0,-,-,-,-,2686.8000,2686.6000,2686.2000,2685.8000,2685.2000,2687.8000,2689.6000,2691.0000,2692.2000,2694.0000,2,2,1,1,1,1,1,2,1,1
SF,IH2005,2020-04-03 09:31:49.200,2688.2000,1612,0,20148240.000,0,-,-,-,-,2686.8000,2686.6000,2686.2000,2685.8000,2685.2000,2687.8000,2689.6000,2691.0000,2692.2000,2694.0000,1,1,1,1,1,1,1,2,1,1
SF,IH2005,2020-04-03 09:31:49.700,2688.2000,1612,0,20148240.000,0,-,-,-,-,2686.8000,2686.6000,2686.2000,2685.8000,2685.2000,2687.8000,2689.6000,2691.0000,2692.2000,2694.0000,1,1,1,1,1,1,1,2,1,1
SF,IH2005,2020-04-03 09:31:50.200,2688.2000,1612,0,20148240.000,0,-,-,-,-,2686.8000,2686.6000,2686.2000,2685.8000,2685.2000,2687.8000,2689.6000,2691.0000,2692.2000,2694.0000,1,1,1,1,1,1,1,2,1,1
SF,IH2005,2020-04-03 09:31:50.700,2688.2000,1612,0,20148240.000,0,-,-,-,-,2686.8000,2686.6000,2686.2000,2685.8000,2685.2000,2687.8000,2689.6000,2691.0000,2692.2000,2694.0000,1,1,1,1,1,1,1,2,1,1
SF,IH2005,2020-04-03 09:31:52.200,2688.2000,1612,0,20148240.000,0,-,-,-,-,2687.0000,2686.8000,2686.6000,2686.2000,2685.8000,2687.8000,2689.6000,2691.0000,2692.2000,2694.0000,1,1,1,1,1,1,1,2,1,1
SF,IH2005,2020-04-03 09:31:52.700,2687.8000,1612,0,20954580.000,1,0,1,多换,S,2687.0000,2686.8000,2686.6000,2686.2000,2685.8000,2689.6000,2691.0000,2692.2000,2694.0000,2694.2000,1,1,1,1,1,1,2,1,1,5
SF,IH2005,2020-04-03 09:31:53.200,2687.8000,1612,0,20954580.000,0,-,-,-,-,2687.2000,2687.0000,2686.6000,2686.2000,2685.8000,2689.4000,2691.0000,2692.2000,2694.2000,2698.0000,1,1,1,1,1,2,2,1,5,1
SF,IH2005,2020-04-03 09:31:53.700,2687.8000,1612,0,20954580.000,0,-,-,-,-,2687.2000,2687.0000,2686.6000,2686.2000,2685.8000,2689.2000,2689.4000,2691.0000,2692.2000,2694.2000,1,1,1,1,1,1,2,2,1,5
SF,IH2005,2020-04-03 09:31:54.200,2687.8000,1612,0,20954580.000,0,-,-,-,-,2687.2000,2687.0000,2686.6000,2686.2000,2685.8000,2689.0000,2689.2000,2689.4000,2691.0000,2692.2000,1,1,1,1,1,1,1,1,2,1
SF,IH2005,2020-04-03 09:31:54.700,2687.8000,1612,0,20954580.000,0,-,-,-,-,2687.2000,2687.0000,2686.6000,2686.2000,2685.8000,2688.8000,2689.0000,2689.4000,2691.0000,2692.2000,1,1,1,1,1,1,1,1,2,1
SF,IH2005,2020-04-03 09:31:55.200,2687.8000,1612,0,20954580.000,0,-,-,-,-,2687.2000,2687.0000,2686.6000,2686.2000,2685.8000,2688.6000,2688.8000,2689.4000,2691.0000,2692.2000,1,1,1,1,1,1,1,1,2,1
SF,IH2005,2020-04-03 09:31:55.700,2687.8000,1612,0,20954580.000,0,-,-,-,-,2687.0000,2686.2000,2685.8000,2685.2000,2684.2000,2688.4000,2688.6000,2689.4000,2691.0000,2692.2000,1,1,1,1,1,1,1,1,2,1
SF,IH2005,2020-04-03 09:31:56.200,2687.8000,1612,0,20954580.000,0,-,-,-,-,2685.8000,2685.2000,2684.2000,2683.8000,2683.2000,2688.2000,2688.4000,2689.4000,2691.0000,2692.2000,1,1,1,1,1,1,1,1,2,1
SF,IH2005,2020-04-03 09:31:56.700,2687.8000,1612,0,20954580.000,0,-,-,-,-,2686.0000,2685.8000,2685.2000,2684.2000,2683.8000,2688.0000,2688.2000,2691.0000,2692.2000,2694.2000,2,1,1,1,1,1,1,2,1,5
SF,IH2005,2020-04-03 09:31:57.200,2687.8000,1612,0,20954580.000,0,-,-,-,-,2686.0000,2685.2000,2684.2000,2683.8000,2683.2000,2687.8000,2688.0000,2691.0000,2692.2000,2694.2000,1,1,1,1,1,2,1,2,1,5
SF,IH2005,2020-04-03 09:31:59.700,2687.8000,1612,0,21760920.000,1,0,1,多换,S,2686.0000,2685.2000,2684.2000,2683.8000,2683.2000,2687.8000,2688.0000,2691.0000,2692.2000,2694.2000,1,1,1,1,1,1,1,2,1,5
SF,IH2005,2020-04-03 09:32:00.200,2687.8000,1612,0,21760920.000,0,-,-,-,-,2686.0000,2685.2000,2684.2000,2683.8000,2683.2000,2688.0000,2691.0000,2692.2000,2694.2000,2698.0000,1,1,1,1,1,1,2,1,5,1
SF,IH2005,2020-04-03 09:32:00.700,2687.8000,1612,0,21760920.000,0,-,-,-,-,2686.2000,2686.0000,2685.2000,2684.2000,2683.8000,2688.0000,2691.0000,2692.2000,2694.2000,2698.0000,1,1,1,1,1,1,2,1,5,1
SF,IH2005,2020-04-03 09:32:01.200,2687.8000,1612,0,21760920.000,0,-,-,-,-,2686.4000,2686.2000,2685.2000,2684.2000,2683.8000,2688.0000,2691.0000,2692.2000,2694.2000,2698.0000,1,6,1,1,1,1,2,1,5,1
SF,IH2005,2020-04-03 09:32:01.700,2687.8000,1612,0,21760920.000,0,-,-,-,-,2686.6000,2686.4000,2686.2000,2685.2000,2684.2000,2692.2000,2694.2000,2698.0000,2698.4000,2700.0000,3,2,5,1,1,1,5,1,1,1
SF,IH2005,2020-04-03 09:32:02.200,2687.8000,1612,0,21760920.000,0,-,-,-,-,2686.8000,2686.6000,2686.2000,2685.2000,2684.2000,2691.0000,2692.0000,2692.2000,2694.2000,2698.0000,2,3,4,1,1,2,3,1,5,1
SF,IH2005,2020-04-03 09:32:02.700,2687.8000,1612,0,21760920.000,0,-,-,-,-,2686.8000,2686.6000,2686.2000,2685.2000,2684.2000,2690.8000,2691.0000,2692.2000,2694.2000,2698.0000,1,1,1,1,1,4,2,1,5,1
SF,IH2005,2020-04-03 09:32:03.200,2687.0000,1613,1,22567020.000,1,1,0,双开,S,2686.8000,2686.2000,2685.2000,2684.2000,2683.8000,2690.6000,2690.8000,2692.2000,2694.2000,2698.0000,1,1,1,1,1,1,2,1,5,1
SF,IH2005,2020-04-03 09:32:03.700,2687.0000,1613,0,22567020.000,0,-,-,-,-,2686.8000,2686.2000,2685.2000,2684.2000,2683.8000,2690.4000,2690.6000,2692.2000,2694.2000,2698.0000,1,1,1,1,1,3,1,1,5,1
SF,IH2005,2020-04-03 09:32:04.200,2687.0000,1613,0,22567020.000,0,-,-,-,-,2686.8000,2686.2000,2684.2000,2683.8000,2683.2000,2690.2000,2690.4000,2692.2000,2694.2000,2698.0000,1,1,1,1,1,1,3,1,5,1
SF,IH2005,2020-04-03 09:32:04.700,2687.0000,1613,0,22567020.000,0,-,-,-,-,2687.0000,2686.8000,2686.2000,2684.2000,2683.8000,2690.0000,2690.2000,2692.2000,2694.2000,2698.0000,1,1,1,1,1,3,1,1,5,1
SF,IH2005,2020-04-03 09:32:05.200,2687.2000,1612,-1,23373180.000,1,0,1,双平,S,2687.0000,2686.2000,2684.2000,2683.8000,2683.2000,2689.8000,2690.0000,2692.2000,2694.2000,2698.0000,1,1,1,1,1,1,3,1,5,1
SF,IH2005,2020-04-03 09:32:05.700,2687.2000,1612,0,23373180.000,0,-,-,-,-,2687.2000,2687.0000,2686.2000,2684.2000,2683.8000,2689.6000,2689.8000,2690.0000,2692.2000,2694.2000,1,1,1,1,1,1,1,1,1,5
SF,IH2005,2020-04-03 09:32:06.200,2687.2000,1612,0,23373180.000,0,-,-,-,-,2687.2000,2687.0000,2686.2000,2684.2000,2683.8000,2689.4000,2689.6000,2689.8000,2690.0000,2691.0000,1,1,1,1,1,1,1,1,1,1
SF,IH2005,2020-04-03 09:32:06.700,2687.2000,1612,0,23373180.000,0,-,-,-,-,2687.2000,2687.0000,2686.2000,2684.2000,2683.8000,2689.2000,2689.4000,2691.0000,2692.2000,2694.2000,2,1,1,1,1,2,2,1,1,5
SF,IH2005,2020-04-03 09:32:07.200,2687.2000,1612,0,23373180.000,0,-,-,-,-,2687.2000,2687.0000,2686.2000,2684.2000,2683.8000,2689.0000,2689.2000,2689.4000,2691.0000,2692.2000,2,1,1,1,1,1,2,1,1,1
SF,IH2005,2020-04-03 09:32:07.700,2687.2000,1612,0,23373180.000,0,-,-,-,-,2687.2000,2687.0000,2686.2000,2684.2000,2683.8000,2688.8000,2689.0000,2689.2000,2689.4000,2691.0000,2,1,1,1,1,1,1,1,1,1
SF,IH2005,2020-04-03 09:32:08.200,2687.2000,1612,0,23373180.000,0,-,-,-,-,2687.2000,2687.0000,2684.2000,2683.8000,2683.2000,2688.6000,2688.8000,2689.2000,2689.4000,2691.0000,1,1,1,1,1,1,1,1,1,1
SF,IH2005,2020-04-03 09:32:08.700,2687.2000,1612,0,24179340.000,1,0,1,多换,S,2684.2000,2683.8000,2683.2000,2677.8000,2675.2000,2688.6000,2688.8000,2689.2000,2689.4000,2691.0000,1,1,1,1,5,1,1,1,1,1
SF,IH2005,2020-04-03 09:32:09.200,2687.2000,1612,0,24179340.000,0,-,-,-,-,2685.4000,2684.4000,2684.2000,2683.8000,2683.2000,2688.4000,2688.6000,2689.4000,2691.0000,2692.2000,1,3,1,1,1,2,1,1,1,1
SF,IH2005,2020-04-03 09:32:09.700,2687.2000,1612,0,24179340.000,0,-,-,-,-,2685.6000,2685.4000,2684.4000,2684.2000,2683.8000,2688.4000,2691.0000,2692.2000,2694.2000,2698.0000,1,1,2,1,1,3,1,1,5,1
SF,IH2005,2020-04-03 09:32:10.200,2687.2000,1612,0,24179340.000,0,-,-,-,-,2685.6000,2685.4000,2684.4000,2684.2000,2683.8000,2688.2000,2688.4000,2691.0000,2692.2000,2694.2000,1,1,2,1,1,1,4,1,1,5
SF,IH2005,2020-04-03 09:32:10.700,2687.2000,1612,0,24179340.000,0,-,-,-,-,2685.6000,2685.4000,2684.4000,2684.2000,2683.8000,2688.0000,2688.2000,2688.4000,2691.0000,2692.2000,1,1,2,1,1,1,1,3,1,1
SF,IH2005,2020-04-03 09:32:11.200,2687.2000,1612,0,24179340.000,0,-,-,-,-,2685.6000,2685.4000,2684.4000,2684.2000,2683.8000,2687.8000,2688.0000,2688.4000,2692.2000,2694.2000,1,1,2,1,1,1,1,2,1,5
SF,IH2005,2020-04-03 09:32:11.700,2687.2000,1612,0,24179340.000,0,-,-,-,-,2685.6000,2685.4000,2684.4000,2684.2000,2683.8000,2687.6000,2687.8000,2688.4000,2692.2000,2694.2000,1,1,2,1,1,1,1,2,1,5
SF,IH2005,2020-04-03 09:32:12.200,2687.2000,1612,0,24179340.000,0,-,-,-,-,2685.6000,2684.4000,2684.2000,2683.8000,2683.2000,2687.4000,2687.6000,2688.4000,2694.2000,2698.0000,1,2,1,1,1,1,1,2,5,1
SF,IH2005,2020-04-03 09:32:14.200,2687.2000,1612,0,24179340.000,0,-,-,-,-,2685.6000,2684.4000,2684.2000,2683.8000,2683.2000,2687.2000,2687.4000,2687.6000,2688.4000,2694.2000,1,2,1,1,1,1,1,1,1,5
SF,IH2005,2020-04-03 09:32:14.700,2687.2000,1612,0,24985500.000,1,0,1,多换,S,2685.6000,2684.4000,2684.2000,2683.8000,2683.2000,2687.2000,2687.6000,2688.4000,2694.2000,2698.0000,1,2,1,1,1,1,1,1,5,1
SF,IH2005,2020-04-03 09:32:15.200,2687.2000,1612,0,24985500.000,0,-,-,-,-,2685.6000,2684.4000,2684.2000,2683.8000,2683.2000,2687.0000,2687.2000,2687.6000,2688.4000,2694.2000,1,2,1,1,1,1,1,1,1,5
SF,IH2005,2020-04-03 09:32:16.200,2687.2000,1612,0,24985500.000,0,-,-,-,-,2685.6000,2684.4000,2684.2000,2683.8000,2683.2000,2686.8000,2687.0000,2687.6000,2688.4000,2694.2000,1,2,1,1,1,1,1,1,1,5
SF,IH2005,2020-04-03 09:32:18.700,2685.6000,1611,-1,25791180.000,1,0,1,双平,S,2684.2000,2683.8000,2683.2000,2677.8000,2675.2000,2686.8000,2687.0000,2687.6000,2688.4000,2694.2000,1,1,1,1,5,1,1,1,1,5
SF,IH2005,2020-04-03 09:32:19.200,2685.6000,1611,0,25791180.000,0,-,-,-,-,2684.4000,2684.2000,2683.8000,2683.2000,2677.8000,2686.6000,2686.8000,2688.4000,2694.2000,2698.0000,1,1,1,1,1,1,1,1,5,1
SF,IH2005,2020-04-03 09:32:19.700,2685.6000,1611,0,25791180.000,0,-,-,-,-,2684.4000,2683.2000,2677.8000,2675.2000,2674.0000,2686.4000,2686.6000,2694.2000,2698.0000,2698.4000,1,1,1,5,1,2,2,5,1,1
SF,IH2005,2020-04-03 09:32:20.200,2685.6000,1611,0,25791180.000,0,-,-,-,-,2684.4000,2683.2000,2677.8000,2675.2000,2674.0000,2686.4000,2686.6000,2694.2000,2698.0000,2698.4000,1,1,1,5,1,1,2,5,1,1
SF,IH2005,2020-04-03 09:32:24.200,2685.6000,1611,0,25791180.000,0,-,-,-,-,2684.4000,2683.2000,2677.8000,2675.2000,2674.0000,2686.2000,2686.4000,2686.6000,2694.2000,2698.0000,1,1,1,5,1,1,1,2,5,1
SF,IH2005,2020-04-03 09:32:24.700,2685.6000,1611,0,25791180.000,0,-,-,-,-,2684.4000,2683.2000,2677.8000,2675.2000,2674.0000,2686.4000,2686.6000,2694.2000,2698.0000,2698.4000,1,1,1,5,1,1,1,5,1,1
SF,IH2005,2020-04-03 09:32:25.200,2685.6000,1611,0,25791180.000,0,-,-,-,-,2685.0000,2684.6000,2684.4000,2683.2000,2677.8000,2686.6000,2694.2000,2698.0000,2698.4000,2700.0000,1,3,1,1,1,1,5,1,1,1
SF,IH2005,2020-04-03 09:32:25.700,2685.6000,1611,0,25791180.000,0,-,-,-,-,2685.2000,2685.0000,2684.6000,2683.2000,2677.8000,2694.2000,2698.0000,2698.4000,2700.0000,2704.0000,1,1,1,1,1,5,1,1,1,1
SF,IH2005,2020-04-03 09:32:26.200,2685.6000,1611,0,25791180.000,0,-,-,-,-,2685.2000,2685.0000,2684.6000,2683.2000,2677.8000,2688.4000,2689.2000,2689.4000,2691.0000,2692.2000,1,1,1,1,1,1,1,1,2,1
SF,IH2005,2020-04-03 09:32:26.700,2685.6000,1611,0,25791180.000,0,-,-,-,-,2685.2000,2685.0000,2684.6000,2683.2000,2677.8000,2688.2000,2689.4000,2691.0000,2692.2000,2694.0000,1,1,1,1,1,2,1,2,1,2
SF,IH2005,2020-04-03 09:32:27.200,2685.6000,1611,0,25791180.000,0,-,-,-,-,2685.2000,2685.0000,2684.6000,2683.2000,2681.6000,2688.2000,2689.4000,2691.0000,2692.2000,2694.0000,1,1,1,1,1,2,1,2,1,2
SF,IH2005,2020-04-03 09:32:27.700,2685.6000,1611,0,25791180.000,0,-,-,-,-,2685.4000,2685.2000,2685.0000,2684.6000,2683.2000,2688.2000,2689.4000,2691.0000,2692.2000,2694.0000,1,1,1,1,1,2,1,2,1,2
SF,IH2005,2020-04-03 09:32:28.200,2685.6000,1611,0,25791180.000,0,-,-,-,-,2685.6000,2685.0000,2684.6000,2683.2000,2681.6000,2688.2000,2689.4000,2691.0000,2692.2000,2694.0000,1,1,1,1,1,2,1,2,1,2
SF,IH2005,2020-04-03 09:32:28.700,2685.6000,1611,0,25791180.000,0,-,-,-,-,2685.6000,2685.0000,2684.6000,2683.2000,2681.6000,2688.0000,2688.2000,2688.4000,2689.4000,2691.0000,1,1,1,1,1,1,2,1,1,2
SF,IH2005,2020-04-03 09:32:29.200,2685.6000,1611,0,25791180.000,0,-,-,-,-,2685.6000,2685.0000,2684.6000,2683.2000,2681.6000,2687.8000,2688.0000,2688.4000,2689.4000,2691.0000,1,1,1,1,1,2,2,1,1,2
SF,IH2005,2020-04-03 09:32:29.700,2685.6000,1611,0,25791180.000,0,-,-,-,-,2685.6000,2685.0000,2684.6000,2683.2000,2681.6000,2687.8000,2688.0000,2688.4000,2689.4000,2691.0000,1,1,1,1,1,3,1,1,1,2
SF,IH2005,2020-04-03 09:32:30.200,2685.6000,1611,0,25791180.000,0,-,-,-,-,2685.6000,2685.0000,2684.6000,2683.2000,2681.6000,2687.6000,2687.8000,2688.4000,2689.4000,2691.0000,1,1,1,1,1,1,3,1,1,2
SF,IH2005,2020-04-03 09:32:30.700,2685.6000,1611,0,25791180.000,0,-,-,-,-,2685.6000,2685.0000,2684.6000,2683.2000,2681.6000,2687.4000,2687.6000,2687.8000,2688.4000,2689.4000,1,1,1,1,1,1,1,2,1,1
SF,IH2005,2020-04-03 09:32:31.700,2685.6000,1611,0,25791180.000,0,-,-,-,-,2685.6000,2685.0000,2684.6000,2683.2000,2681.6000,2687.4000,2687.6000,2687.8000,2688.4000,2689.4000,1,1,1,1,1,1,1,2,1,1
SF,IH2005,2020-04-03 09:32:32.700,2685.6000,1611,0,25791180.000,0,-,-,-,-,2685.6000,2685.0000,2684.6000,2683.2000,2681.6000,2687.2000,2687.4000,2687.8000,2688.4000,2689.4000,1,1,1,1,1,1,1,2,1,1
SF,IH2005,2020-04-03 09:32:33.200,2685.6000,1611,0,25791180.000,0,-,-,-,-,2685.6000,2685.0000,2684.6000,2683.2000,2681.6000,2687.4000,2687.8000,2688.4000,2689.4000,2691.0000,1,1,1,1,1,1,2,1,1,1
SF,IH2005,2020-04-03 09:32:34.700,2685.6000,1611,0,25791180.000,0,-,-,-,-,2685.6000,2685.0000,2684.6000,2683.2000,2681.6000,2687.4000,2687.8000,2689.4000,2691.0000,2694.0000,1,1,1,1,1,1,2,1,1,1
SF,IH2005,2020-04-03 09:32:39.200,2685.6000,1611,0,25791180.000,0,-,-,-,-,2685.6000,2685.0000,2684.6000,2683.2000,2681.6000,2687.2000,2687.4000,2687.8000,2689.4000,2691.0000,1,1,1,1,1,1,1,2,1,1
SF,IH2005,2020-04-03 09:32:39.700,2685.6000,1611,0,25791180.000,0,-,-,-,-,2685.6000,2685.0000,2684.6000,2683.2000,2681.6000,2687.0000,2687.2000,2687.8000,2689.4000,2691.0000,1,1,1,1,1,1,1,2,1,1
SF,IH2005,2020-04-03 09:32:40.200,2685.6000,1611,0,25791180.000,0,-,-,-,-,2685.6000,2685.0000,2684.6000,2683.2000,2681.6000,2686.8000,2687.0000,2687.8000,2689.4000,2691.0000,1,1,1,1,1,1,1,2,1,1
SF,IH2005,2020-04-03 09:32:40.700,2685.6000,1610,-1,26596860.000,1,0,1,双平,S,2685.0000,2684.6000,2683.2000,2681.6000,2677.8000,2687.0000,2687.8000,2689.4000,2691.0000,2694.0000,1,1,1,1,1,1,2,1,1,1
SF,IH2005,2020-04-03 09:32:41.200,2685.6000,1610,0,26596860.000,0,-,-,-,-,2685.2000,2685.0000,2684.6000,2683.2000,2681.6000,2687.0000,2687.8000,2689.4000,2691.0000,2694.0000,1,1,1,1,1,1,2,1,1,1
SF,IH2005,2020-04-03 09:32:46.700,2685.6000,1610,0,26596860.000,0,-,-,-,-,2685.2000,2685.0000,2684.6000,2683.2000,2681.6000,2687.0000,2687.8000,2689.4000,2691.0000,2694.0000,2,1,1,1,1,1,2,1,1,1
SF,IH2005,2020-04-03 09:32:47.200,2685.6000,1610,0,26596860.000,0,-,-,-,-,2685.2000,2685.0000,2684.6000,2683.2000,2681.6000,2687.8000,2689.4000,2691.0000,2694.0000,2694.2000,2,1,1,1,1,2,1,1,1,5
SF,IH2005,2020-04-03 09:32:47.700,2685.6000,1610,0,26596860.000,0,-,-,-,-,2685.2000,2685.0000,2684.6000,2683.2000,2681.6000,2687.6000,2687.8000,2689.4000,2691.0000,2694.0000,2,1,1,1,1,1,2,1,1,1
SF,IH2005,2020-04-03 09:32:48.200,2685.6000,1610,0,26596860.000,0,-,-,-,-,2685.2000,2685.0000,2684.6000,2683.2000,2681.6000,2687.4000,2687.6000,2687.8000,2689.4000,2691.0000,2,1,1,1,1,1,1,1,1,1
SF,IH2005,2020-04-03 09:32:48.700,2685.6000,1610,0,26596860.000,0,-,-,-,-,2685.2000,2685.0000,2684.6000,2683.2000,2681.6000,2687.2000,2687.4000,2687.8000,2689.4000,2691.0000,2,1,1,1,1,1,1,1,1,1
SF,IH2005,2020-04-03 09:32:53.700,2685.6000,1610,0,26596860.000,0,-,-,-,-,2683.2000,2681.6000,2677.8000,2675.2000,2674.0000,2687.2000,2687.4000,2687.8000,2689.4000,2691.0000,1,1,1,5,1,1,1,1,1,1
SF,IH2005,2020-04-03 09:32:54.200,2685.6000,1610,0,26596860.000,0,-,-,-,-,2684.6000,2683.8000,2683.4000,2683.2000,2681.6000,2687.0000,2687.2000,2687.8000,2689.4000,2691.0000,1,1,5,2,1,1,1,1,1,1
SF,IH2005,2020-04-03 09:32:54.700,2685.6000,1610,0,26596860.000,0,-,-,-,-,2684.8000,2684.6000,2683.8000,2683.4000,2683.2000,2686.8000,2687.0000,2687.8000,2689.4000,2691.0000,1,1,1,4,2,1,1,1,1,1
SF,IH2005,2020-04-03 09:32:55.200,2685.6000,1610,0,26596860.000,0,-,-,-,-,2685.0000,2684.8000,2684.6000,2683.8000,2683.4000,2686.8000,2687.0000,2687.8000,2689.4000,2691.0000,1,1,1,1,4,1,1,1,1,1
SF,IH2005,2020-04-03 09:32:57.700,2685.6000,1610,0,26596860.000,0,-,-,-,-,2685.0000,2684.8000,2684.6000,2683.8000,2683.4000,2686.8000,2687.0000,2687.8000,2689.4000,2691.0000,1,1,1,1,4,1,1,1,1,1
SF,IH2005,2020-04-03 09:32:58.200,2685.6000,1610,0,26596860.000,0,-,-,-,-,2685.0000,2684.8000,2684.6000,2683.8000,2683.4000,2686.8000,2687.0000,2687.8000,2689.4000,2691.0000,1,1,1,1,4,1,1,1,1,1
SF,IH2005,2020-04-03 09:32:58.700,2685.6000,1610,0,26596860.000,0,-,-,-,-,2685.2000,2685.0000,2684.6000,2683.8000,2683.4000,2686.8000,2687.0000,2687.8000,2689.4000,2691.0000,3,1,1,1,4,1,1,1,1,1
SF,IH2005,2020-04-03 09:32:59.200,2685.6000,1610,0,26596860.000,0,-,-,-,-,2685.2000,2685.0000,2684.6000,2683.8000,2683.4000,2686.8000,2687.0000,2687.8000,2689.4000,2691.0000,1,1,1,1,4,1,1,1,1,1
SF,IH2005,2020-04-03 09:32:59.700,2685.6000,1610,0,26596860.000,0,-,-,-,-,2685.0000,2684.6000,2683.8000,2683.4000,2683.2000,2686.8000,2687.0000,2687.8000,2689.4000,2691.0000,1,1,1,4,1,1,1,1,1,1
SF,IH2005,2020-04-03 09:33:00.200,2686.8000,1610,0,27402900.000,1,0,1,多换,S,2685.0000,2684.6000,2683.8000,2683.4000,2683.2000,2687.0000,2687.8000,2689.4000,2691.0000,2694.2000,1,1,1,4,1,1,1,1,1,5
SF,IH2005,2020-04-03 09:33:00.700,2686.8000,1610,0,27402900.000,0,-,-,-,-,2685.2000,2685.0000,2684.6000,2683.8000,2683.4000,2687.0000,2687.8000,2689.4000,2691.0000,2694.2000,1,1,1,1,4,1,1,1,1,5
SF,IH2005,2020-04-03 09:33:01.200,2685.2000,1610,0,28208460.000,1,0,1,多换,S,2685.0000,2684.6000,2683.8000,2683.4000,2683.2000,2686.8000,2687.0000,2687.8000,2689.4000,2691.0000,1,1,1,4,1,1,1,1,1,1
SF,IH2005,2020-04-03 09:33:03.700,2685.2000,1610,0,28208460.000,0,-,-,-,-,2685.0000,2684.6000,2683.4000,2683.2000,2682.0000,2686.6000,2686.8000,2687.0000,2687.8000,2689.4000,1,1,4,1,1,1,1,1,1,1
SF,IH2005,2020-04-03 09:33:04.200,2685.2000,1610,0,28208460.000,0,-,-,-,-,2685.0000,2684.6000,2683.4000,2683.2000,2682.0000,2686.4000,2687.0000,2687.8000,2689.4000,2691.0000,1,1,4,1,1,1,1,1,1,1
SF,IH2005,2020-04-03 09:33:04.700,2685.2000,1610,0,28208460.000,0,-,-,-,-,2685.2000,2685.0000,2684.6000,2683.4000,2683.2000,2686.4000,2687.0000,2687.8000,2689.4000,2691.0000,1,1,1,4,1,1,1,1,1,1
SF,IH2005,2020-04-03 09:33:05.200,2685.2000,1610,0,28208460.000,0,-,-,-,-,2685.2000,2685.0000,2684.6000,2683.4000,2683.2000,2687.0000,2687.8000,2689.4000,2691.0000,2694.2000,1,1,1,4,1,1,1,1,1,5
SF,IH2005,2020-04-03 09:33:05.700,2685.2000,1610,0,28208460.000,0,-,-,-,-,2685.2000,2685.0000,2684.6000,2683.4000,2683.2000,2687.0000,2687.8000,2689.4000,2691.0000,2694.2000,1,1,1,4,1,1,1,1,1,5
SF,IH2005,2020-04-03 09:33:06.200,2685.2000,1610,0,28208460.000,0,-,-,-,-,2685.2000,2685.0000,2684.6000,2683.4000,2683.2000,2687.0000,2687.8000,2689.4000,2691.0000,2694.2000,1,1,1,4,1,1,1,1,1,5
SF,IH2005,2020-04-03 09:33:09.700,2685.2000,1610,0,28208460.000,0,-,-,-,-,2685.2000,2685.0000,2683.4000,2683.2000,2682.0000,2687.0000,2687.8000,2689.4000,2691.0000,2694.2000,1,1,4,1,1,1,1,1,1,5
SF,IH2005,2020-04-03 09:33:10.200,2685.2000,1610,0,28208460.000,0,-,-,-,-,2685.6000,2685.2000,2685.0000,2683.4000,2683.2000,2687.0000,2687.8000,2689.4000,2691.0000,2694.2000,1,1,1,4,1,1,1,1,1,5
SF,IH2005,2020-04-03 09:33:10.700,2685.2000,1610,0,28208460.000,0,-,-,-,-,2685.6000,2685.4000,2685.2000,2685.0000,2683.4000,2687.8000,2689.4000,2691.0000,2694.2000,2698.0000,1,1,1,1,4,1,1,1,5,1
SF,IH2005,2020-04-03 09:33:11.200,2685.2000,1610,0,28208460.000,0,-,-,-,-,2685.6000,2685.2000,2685.0000,2683.4000,2683.2000,2687.6000,2687.8000,2689.4000,2691.0000,2694.2000,1,1,1,4,1,2,1,1,1,5
SF,IH2005,2020-04-03 09:33:12.200,2685.2000,1610,0,28208460.000,0,-,-,-,-,2685.6000,2685.2000,2685.0000,2683.4000,2683.2000,2687.6000,2689.4000,2691.0000,2694.2000,2698.0000,1,1,1,4,1,2,1,1,5,1
SF,IH2005,2020-04-03 09:33:14.200,2685.2000,1610,0,28208460.000,0,-,-,-,-,2685.8000,2685.6000,2685.0000,2683.4000,2683.2000,2687.6000,2689.4000,2691.0000,2694.2000,2698.0000,1,1,1,4,1,2,1,1,5,1
SF,IH2005,2020-04-03 09:33:15.200,2685.2000,1610,0,28208460.000,0,-,-,-,-,2685.8000,2685.6000,2685.0000,2683.4000,2683.2000,2687.6000,2689.4000,2691.0000,2694.2000,2698.0000,2,1,1,4,1,2,1,1,5,1
SF,IH2005,2020-04-03 09:33:16.700,2685.2000,1610,0,28208460.000,0,-,-,-,-,2685.8000,2685.0000,2683.4000,2683.2000,2682.0000,2687.6000,2689.4000,2691.0000,2694.2000,2698.0000,2,1,4,1,1,2,1,1,5,1
SF,IH2005,2020-04-03 09:33:17.200,2685.2000,1610,0,28208460.000,0,-,-,-,-,2685.8000,2685.0000,2683.4000,2683.2000,2682.0000,2687.6000,2689.4000,2691.0000,2694.2000,2698.0000,3,1,4,1,1,2,1,1,5,1
SF,IH2005,2020-04-03 09:33:17.700,2685.2000,1610,0,28208460.000,0,-,-,-,-,2685.8000,2685.0000,2683.4000,2683.2000,2682.0000,2687.6000,2689.4000,2691.0000,2694.2000,2698.0000,3,1,4,1,1,2,1,1,5,1
SF,IH2005,2020-04-03 09:33:18.200,2685.2000,1610,0,28208460.000,0,-,-,-,-,2685.8000,2685.0000,2683.4000,2683.2000,2682.0000,2687.6000,2689.4000,2691.0000,2694.2000,2698.0000,3,1,4,1,1,2,1,1,5,1
SF,IH2005,2020-04-03 09:33:18.700,2685.2000,1610,0,28208460.000,0,-,-,-,-,2685.8000,2685.0000,2683.4000,2683.2000,2682.0000,2687.6000,2689.4000,2691.0000,2694.2000,2698.0000,3,1,4,1,1,2,1,1,5,1
SF,IH2005,2020-04-03 09:33:19.200,2685.2000,1610,0,28208460.000,0,-,-,-,-,2685.8000,2685.0000,2683.4000,2683.2000,2682.0000,2687.6000,2689.4000,2691.0000,2694.2000,2698.0000,3,1,4,1,1,2,1,1,5,1
SF,IH2005,2020-04-03 09:33:19.700,2685.2000,1610,0,28208460.000,0,-,-,-,-,2685.8000,2685.0000,2683.4000,2683.2000,2682.0000,2687.6000,2689.4000,2691.0000,2694.2000,2698.0000,3,1,4,1,1,2,1,1,5,1
SF,IH2005,2020-04-03 09:33:20.200,2685.2000,1610,0,28208460.000,0,-,-,-,-,2685.8000,2685.0000,2683.4000,2683.2000,2682.0000,2687.6000,2689.4000,2691.0000,2694.2000,2698.0000,3,1,4,1,1,2,1,1,5,1
SF,IH2005,2020-04-03 09:33:20.700,2685.2000,1610,0,28208460.000,0,-,-,-,-,2685.8000,2685.0000,2683.4000,2683.2000,2682.0000,2687.6000,2689.4000,2691.0000,2694.2000,2698.0000,3,1,4,1,1,2,1,1,5,1
SF,IH2005,2020-04-03 09:33:21.200,2685.2000,1610,0,28208460.000,0,-,-,-,-,2685.8000,2685.0000,2683.4000,2683.2000,2682.0000,2687.6000,2689.4000,2691.0000,2694.2000,2698.0000,3,1,4,1,1,2,1,1,5,1
SF,IH2005,2020-04-03 09:33:23.700,2685.2000,1610,0,28208460.000,0,-,-,-,-,2686.0000,2685.8000,2685.0000,2683.4000,2683.2000,2687.6000,2689.4000,2691.0000,2694.2000,2698.0000,1,3,1,4,1,2,1,1,5,1
SF,IH2005,2020-04-03 09:33:24.200,2685.2000,1610,0,28208460.000,0,-,-,-,-,2686.0000,2685.8000,2685.0000,2683.4000,2683.2000,2687.6000,2691.0000,2694.2000,2698.0000,2700.0000,1,2,1,4,1,1,1,5,1,1
SF,IH2005,2020-04-03 09:33:24.700,2685.2000,1610,0,28208460.000,0,-,-,-,-,2686.2000,2686.0000,2685.8000,2685.0000,2683.4000,2687.6000,2691.0000,2694.2000,2698.0000,2700.0000,3,1,1,1,4,1,1,5,1,1
SF,IH2005,2020-04-03 09:33:25.200,2687.6000,1609,-1,29014740.000,1,0,1,双平,S,2686.2000,2686.0000,2685.8000,2685.0000,2683.4000,2691.0000,2694.2000,2698.0000,2700.0000,2704.0000,7,1,1,1,4,1,5,1,1,1
SF,IH2005,2020-04-03 09:33:25.700,2687.6000,1609,0,29014740.000,0,-,-,-,-,2686.4000,2686.2000,2686.0000,2685.8000,2685.0000,2690.6000,2690.8000,2691.0000,2694.2000,2698.0000,1,7,1,1,1,1,3,2,5,1
SF,IH2005,2020-04-03 09:33:26.200,2687.6000,1609,0,29014740.000,0,-,-,-,-,2686.6000,2686.2000,2686.0000,2685.8000,2685.0000,2690.4000,2690.6000,2690.8000,2691.0000,2694.2000,1,3,1,1,1,3,1,1,2,5
SF,IH2005,2020-04-03 09:33:26.700,2687.6000,1609,0,29014740.000,0,-,-,-,-,2686.6000,2686.2000,2686.0000,2685.8000,2685.0000,2690.4000,2690.6000,2690.8000,2691.0000,2694.2000,1,2,1,1,1,3,1,1,2,5
SF,IH2005,2020-04-03 09:33:27.200,2687.6000,1609,0,29014740.000,0,-,-,-,-,2686.8000,2686.6000,2686.2000,2686.0000,2685.8000,2690.4000,2690.6000,2690.8000,2691.0000,2694.2000,2,2,2,1,1,3,1,1,2,5
SF,IH2005,2020-04-03 09:33:27.700,2687.6000,1609,0,29014740.000,0,-,-,-,-,2686.6000,2686.2000,2686.0000,2685.8000,2685.0000,2690.4000,2690.6000,2690.8000,2691.0000,2694.2000,2,2,1,1,1,3,1,1,2,5
SF,IH2005,2020-04-03 09:33:28.200,2687.6000,1609,0,29014740.000,0,-,-,-,-,2686.8000,2686.6000,2686.2000,2686.0000,2685.8000,2690.4000,2690.6000,2690.8000,2691.0000,2694.2000,1,1,2,1,1,3,1,1,2,5
SF,IH2005,2020-04-03 09:33:28.700,2687.6000,1609,0,29014740.000,0,-,-,-,-,2687.0000,2686.6000,2686.2000,2686.0000,2685.8000,2690.4000,2690.6000,2690.8000,2694.2000,2698.0000,1,1,2,1,1,3,1,1,5,1
SF,IH2005,2020-04-03 09:33:29.200,2687.6000,1609,0,29014740.000,0,-,-,-,-,2687.0000,2686.6000,2686.2000,2686.0000,2685.8000,2690.4000,2690.6000,2690.8000,2694.2000,2698.0000,3,1,2,1,1,3,1,1,5,1
SF,IH2005,2020-04-03 09:33:29.700,2687.6000,1609,0,29014740.000,0,-,-,-,-,2687.0000,2686.6000,2686.2000,2686.0000,2685.8000,2690.0000,2690.4000,2690.6000,2690.8000,2694.2000,1,1,2,1,1,1,3,1,1,5
SF,IH2005,2020-04-03 09:33:30.200,2687.6000,1609,0,29014740.000,0,-,-,-,-,2687.0000,2686.6000,2686.2000,2686.0000,2685.8000,2689.8000,2690.0000,2690.4000,2690.6000,2690.8000,1,1,2,1,1,2,1,1,1,1
SF,IH2005,2020-04-03 09:33:30.700,2687.6000,1609,0,29014740.000,0,-,-,-,-,2687.0000,2686.6000,2686.2000,2686.0000,2685.8000,2689.8000,2690.0000,2690.6000,2690.8000,2694.2000,1,1,2,1,1,3,1,1,1,5
SF,IH2005,2020-04-03 09:33:31.700,2687.6000,1609,0,29014740.000,0,-,-,-,-,2687.2000,2687.0000,2686.2000,2686.0000,2685.8000,2689.8000,2690.0000,2690.6000,2690.8000,2694.2000,1,1,2,1,1,3,1,1,1,5
SF,IH2005,2020-04-03 09:33:33.200,2687.6000,1609,0,29014740.000,0,-,-,-,-,2687.0000,2686.2000,2686.0000,2685.8000,2685.0000,2689.8000,2690.0000,2690.6000,2690.8000,2694.2000,1,2,1,1,1,3,1,1,1,5
SF,IH2005,2020-04-03 09:33:33.700,2687.6000,1609,0,29014740.000,0,-,-,-,-,2687.0000,2686.2000,2686.0000,2685.8000,2685.0000,2689.6000,2689.8000,2690.0000,2690.6000,2690.8000,1,2,1,1,1,1,3,1,1,1
SF,IH2005,2020-04-03 09:33:34.200,2687.6000,1609,0,29014740.000,0,-,-,-,-,2687.0000,2686.2000,2686.0000,2685.8000,2683.4000,2689.4000,2689.6000,2690.0000,2690.6000,2690.8000,1,2,1,1,3,3,1,1,1,1
SF,IH2005,2020-04-03 09:33:34.700,2687.6000,1609,0,29014740.000,0,-,-,-,-,2687.0000,2686.2000,2685.8000,2683.4000,2683.2000,2689.4000,2689.6000,2690.0000,2690.6000,2690.8000,1,2,1,3,1,3,1,1,1,1
SF,IH2005,2020-04-03 09:33:37.200,2687.6000,1609,0,29014740.000,0,-,-,-,-,2687.0000,2686.2000,2685.8000,2683.4000,2683.2000,2689.2000,2689.4000,2690.0000,2690.6000,2690.8000,2,2,1,3,1,1,3,1,1,1
SF,IH2005,2020-04-03 09:33:37.700,2687.6000,1609,0,29014740.000,0,-,-,-,-,2687.0000,2686.2000,2685.8000,2683.4000,2683.2000,2689.0000,2689.2000,2689.4000,2690.0000,2690.6000,2,2,1,3,1,2,1,1,1,1
SF,IH2005,2020-04-03 09:33:38.200,2687.0000,1609,0,29820840.000,1,0,1,多换,S,2686.2000,2685.8000,2683.4000,2683.2000,2682.0000,2689.0000,2689.2000,2689.4000,2690.0000,2690.6000,2,1,3,1,1,2,1,1,1,1
SF,IH2005,2020-04-03 09:33:38.700,2687.0000,1609,0,29820840.000,0,-,-,-,-,2686.6000,2686.2000,2683.4000,2683.2000,2682.0000,2689.0000,2689.2000,2689.4000,2690.0000,2690.6000,1,2,3,1,1,2,1,1,1,1
SF,IH2005,2020-04-03 09:33:40.200,2687.0000,1609,0,29820840.000,0,-,-,-,-,2686.6000,2686.2000,2683.4000,2683.2000,2682.0000,2688.8000,2689.0000,2689.4000,2690.0000,2690.6000,1,2,3,1,1,1,2,1,1,1
SF,IH2005,2020-04-03 09:33:40.700,2687.0000,1609,0,29820840.000,0,-,-,-,-,2686.6000,2686.2000,2683.4000,2683.2000,2682.0000,2688.6000,2688.8000,2689.4000,2690.0000,2690.6000,1,2,3,1,1,2,1,1,1,1
SF,IH2005,2020-04-03 09:33:41.200,2687.0000,1609,0,29820840.000,0,-,-,-,-,2686.2000,2683.4000,2683.2000,2682.0000,2681.6000,2688.4000,2688.6000,2689.4000,2690.0000,2690.6000,1,3,1,1,1,1,2,1,1,1
SF,IH2005,2020-04-03 09:33:41.700,2687.0000,1609,0,29820840.000,0,-,-,-,-,2686.2000,2683.4000,2683.2000,2682.0000,2681.6000,2688.2000,2688.4000,2690.0000,2690.6000,2690.8000,1,3,1,1,1,2,2,1,1,1
SF,IH2005,2020-04-03 09:33:42.200,2687.0000,1609,0,29820840.000,0,-,-,-,-,2686.2000,2683.4000,2683.2000,2682.0000,2681.6000,2688.0000,2688.2000,2688.4000,2690.0000,2690.6000,1,3,1,1,1,1,2,1,1,1
SF,IH2005,2020-04-03 09:33:42.700,2687.0000,1609,0,29820840.000,0,-,-,-,-,2686.2000,2683.4000,2683.2000,2682.0000,2681.6000,2687.8000,2688.2000,2688.4000,2690.0000,2690.6000,1,3,1,1,1,1,1,1,1,1
SF,IH2005,2020-04-03 09:33:48.200,2687.0000,1609,0,29820840.000,0,-,-,-,-,2686.4000,2686.2000,2683.4000,2683.2000,2682.0000,2687.8000,2688.2000,2688.4000,2690.0000,2690.6000,1,1,3,1,1,1,1,1,1,1
SF,IH2005,2020-04-03 09:33:48.700,2687.0000,1609,0,29820840.000,0,-,-,-,-,2686.4000,2686.2000,2683.4000,2683.2000,2682.0000,2687.8000,2688.2000,2688.4000,2690.0000,2690.6000,1,1,3,1,1,1,1,1,1,1
SF,IH2005,2020-04-03 09:33:49.200,2687.0000,1609,0,29820840.000,0,-,-,-,-,2686.4000,2686.2000,2683.4000,2683.2000,2682.0000,2687.8000,2688.2000,2688.4000,2690.0000,2690.6000,1,1,3,1,1,1,1,1,1,1
SF,IH2005,2020-04-03 09:33:49.700,2687.0000,1609,0,29820840.000,0,-,-,-,-,2686.4000,2686.2000,2683.4000,2683.2000,2682.0000,2687.8000,2688.2000,2688.4000,2690.0000,2690.6000,1,1,3,1,1,1,1,1,1,1
SF,IH2005,2020-04-03 09:33:50.200,2687.0000,1609,0,29820840.000,0,-,-,-,-,2686.6000,2686.4000,2686.2000,2683.4000,2683.2000,2688.2000,2688.4000,2690.0000,2690.6000,2690.8000,1,1,1,3,1,1,1,1,1,1
SF,IH2005,2020-04-03 09:33:50.700,2687.0000,1609,0,29820840.000,0,-,-,-,-,2686.6000,2686.4000,2686.2000,2683.4000,2683.2000,2688.0000,2690.0000,2690.6000,2690.8000,2694.2000,1,1,1,3,1,1,1,1,1,5
SF,IH2005,2020-04-03 09:33:52.700,2687.0000,1609,0,29820840.000,0,-,-,-,-,2686.8000,2686.6000,2686.2000,2683.4000,2683.2000,2688.0000,2690.0000,2690.6000,2690.8000,2694.2000,2,1,1,3,1,1,1,1,1,5
SF,IH2005,2020-04-03 09:33:53.200,2687.0000,1609,0,29820840.000,0,-,-,-,-,2686.8000,2686.6000,2686.2000,2683.4000,2683.2000,2688.0000,2690.0000,2690.6000,2690.8000,2694.2000,1,1,1,3,1,1,1,1,1,5
SF,IH2005,2020-04-03 09:33:54.200,2687.0000,1609,0,29820840.000,0,-,-,-,-,2686.8000,2686.2000,2683.4000,2683.2000,2682.0000,2688.0000,2690.0000,2690.6000,2690.8000,2694.2000,1,1,3,1,1,1,1,1,1,5
SF,IH2005,2020-04-03 09:33:54.700,2687.0000,1609,0,29820840.000,0,-,-,-,-,2687.0000,2686.8000,2683.4000,2683.2000,2682.0000,2688.0000,2690.0000,2690.6000,2690.8000,2694.2000,1,2,3,1,1,1,1,1,1,5
SF,IH2005,2020-04-03 09:33:55.200,2687.0000,1609,0,29820840.000,0,-,-,-,-,2687.0000,2686.8000,2683.4000,2683.2000,2682.0000,2690.0000,2690.6000,2690.8000,2694.2000,2698.0000,1,2,3,1,1,1,1,1,5,1
SF,IH2005,2020-04-03 09:33:55.700,2687.0000,1609,0,29820840.000,0,-,-,-,-,2687.0000,2686.8000,2683.4000,2683.2000,2682.0000,2689.8000,2690.0000,2690.6000,2690.8000,2694.2000,1,2,3,1,1,1,2,1,1,5
SF,IH2005,2020-04-03 09:33:56.200,2687.0000,1609,0,29820840.000,0,-,-,-,-,2687.2000,2687.0000,2686.8000,2683.4000,2683.2000,2689.6000,2689.8000,2690.0000,2690.6000,2690.8000,1,1,2,3,1,1,1,2,1,1
SF,IH2005,2020-04-03 09:33:56.700,2687.0000,1609,0,29820840.000,0,-,-,-,-,2687.2000,2687.0000,2686.8000,2683.4000,2683.2000,2689.4000,2689.6000,2690.0000,2690.6000,2690.8000,1,1,2,3,1,1,1,2,1,1
SF,IH2005,2020-04-03 09:33:57.200,2687.0000,1609,0,29820840.000,0,-,-,-,-,2687.2000,2687.0000,2686.8000,2683.4000,2683.2000,2689.2000,2689.4000,2690.0000,2690.6000,2690.8000,1,1,2,3,1,1,1,2,1,1
SF,IH2005,2020-04-03 09:33:58.700,2687.0000,1609,0,29820840.000,0,-,-,-,-,2687.2000,2687.0000,2686.8000,2683.4000,2683.2000,2689.2000,2689.4000,2690.0000,2690.6000,2690.8000,2,1,1,3,1,1,1,2,1,1
SF,IH2005,2020-04-03 09:33:59.200,2687.0000,1609,0,29820840.000,0,-,-,-,-,2687.2000,2687.0000,2686.8000,2683.4000,2683.2000,2689.2000,2689.4000,2690.0000,2690.6000,2690.8000,3,1,1,3,1,1,1,2,1,1
SF,IH2005,2020-04-03 09:33:59.700,2687.0000,1609,0,29820840.000,0,-,-,-,-,2687.2000,2687.0000,2686.8000,2683.4000,2683.2000,2689.2000,2689.4000,2690.0000,2690.6000,2690.8000,2,1,1,3,1,1,1,2,1,1
SF,IH2005,2020-04-03 09:34:00.200,2687.0000,1609,0,29820840.000,0,-,-,-,-,2687.2000,2687.0000,2686.8000,2683.4000,2683.2000,2689.2000,2689.4000,2690.0000,2690.6000,2690.8000,1,1,1,3,1,1,1,1,1,1
SF,IH2005,2020-04-03 09:34:03.200,2687.2000,1610,1,30627000.000,1,1,0,双开,S,2687.0000,2686.8000,2683.4000,2683.2000,2682.0000,2689.2000,2689.4000,2690.0000,2690.6000,2690.8000,1,1,3,1,1,1,1,1,1,1
SF,IH2005,2020-04-03 09:34:03.700,2687.2000,1610,0,30627000.000,0,-,-,-,-,2687.2000,2687.0000,2683.4000,2683.2000,2682.0000,2689.0000,2689.2000,2690.0000,2690.6000,2690.8000,1,1,3,1,1,1,1,1,1,1
SF,IH2005,2020-04-03 09:34:04.200,2687.2000,1610,0,30627000.000,0,-,-,-,-,2687.2000,2687.0000,2683.4000,2683.2000,2682.0000,2688.8000,2689.0000,2690.0000,2690.6000,2690.8000,1,1,3,1,1,1,1,1,1,1
SF,IH2005,2020-04-03 09:34:04.700,2687.2000,1610,0,30627000.000,0,-,-,-,-,2687.2000,2687.0000,2683.4000,2683.2000,2681.6000,2688.8000,2689.0000,2690.0000,2690.6000,2690.8000,1,1,3,1,1,1,1,1,1,1
SF,IH2005,2020-04-03 09:34:05.200,2687.2000,1610,0,30627000.000,0,-,-,-,-,2687.2000,2687.0000,2683.4000,2683.2000,2681.6000,2688.8000,2689.0000,2690.0000,2690.6000,2690.8000,1,2,3,1,1,1,1,1,1,1
SF,IH2005,2020-04-03 09:34:06.200,2687.2000,1610,0,30627000.000,0,-,-,-,-,2687.2000,2687.0000,2683.4000,2683.2000,2681.6000,2688.8000,2689.0000,2690.0000,2690.6000,2690.8000,2,2,3,1,1,1,1,1,1,1
SF,IH2005,2020-04-03 09:34:15.700,2687.2000,1610,0,30627000.000,0,-,-,-,-,2687.4000,2687.2000,2687.0000,2683.4000,2683.2000,2688.8000,2689.0000,2690.0000,2690.6000,2690.8000,1,2,1,3,1,1,1,1,1,1
SF,IH2005,2020-04-03 09:34:16.200,2687.2000,1610,0,30627000.000,0,-,-,-,-,2687.6000,2687.4000,2687.0000,2683.4000,2683.2000,2688.8000,2690.8000,2694.2000,2698.0000,2700.0000,1,1,1,3,1,1,1,5,1,1
SF,IH2005,2020-04-03 09:34:16.700,2687.2000,1610,0,30627000.000,0,-,-,-,-,2687.6000,2687.4000,2687.0000,2683.4000,2683.2000,2688.8000,2690.8000,2694.2000,2698.0000,2700.0000,1,2,1,3,1,1,1,5,1,1
SF,IH2005,2020-04-03 09:34:17.200,2687.2000,1610,0,30627000.000,0,-,-,-,-,2687.6000,2687.4000,2687.0000,2683.4000,2683.2000,2688.8000,2690.8000,2694.2000,2698.0000,2700.0000,1,2,1,3,1,1,1,5,1,1
SF,IH2005,2020-04-03 09:34:17.700,2687.2000,1610,0,30627000.000,0,-,-,-,-,2687.6000,2687.4000,2687.0000,2683.4000,2683.2000,2688.8000,2690.8000,2694.2000,2698.0000,2700.0000,1,2,1,3,1,1,1,5,1,1
SF,IH2005,2020-04-03 09:34:18.200,2687.2000,1610,0,30627000.000,0,-,-,-,-,2687.6000,2687.4000,2687.0000,2683.4000,2683.2000,2690.8000,2694.2000,2698.0000,2700.0000,2704.0000,1,1,1,3,1,1,5,1,1,1
SF,IH2005,2020-04-03 09:34:18.700,2687.2000,1610,0,30627000.000,0,-,-,-,-,2687.6000,2687.4000,2687.0000,2683.4000,2683.2000,2690.6000,2690.8000,2694.2000,2698.0000,2700.0000,2,1,1,3,1,3,1,5,1,1
SF,IH2005,2020-04-03 09:34:19.200,2687.2000,1610,0,30627000.000,0,-,-,-,-,2687.6000,2687.4000,2687.0000,2683.4000,2683.2000,2690.6000,2691.0000,2694.2000,2698.0000,2700.0000,2,1,1,3,1,4,2,5,1,1
SF,IH2005,2020-04-03 09:34:19.700,2687.2000,1610,0,30627000.000,0,-,-,-,-,2687.8000,2687.6000,2687.4000,2687.0000,2683.4000,2690.6000,2694.2000,2698.0000,2700.0000,2704.0000,1,2,1,1,3,4,5,1,1,1
SF,IH2005,2020-04-03 09:34:22.200,2687.2000,1610,0,30627000.000,0,-,-,-,-,2687.8000,2687.6000,2687.4000,2687.0000,2683.4000,2690.6000,2694.2000,2698.0000,2700.0000,2704.0000,1,1,1,1,3,4,5,1,1,1
SF,IH2005,2020-04-03 09:34:22.700,2687.2000,1610,0,30627000.000,0,-,-,-,-,2687.6000,2687.4000,2687.0000,2683.4000,2683.2000,2690.6000,2694.2000,2698.0000,2700.0000,2704.0000,1,1,1,3,1,4,5,1,1,1
SF,IH2005,2020-04-03 09:34:24.200,2687.2000,1610,0,30627000.000,0,-,-,-,-,2687.8000,2687.6000,2687.4000,2687.0000,2683.4000,2690.4000,2690.6000,2694.2000,2698.0000,2700.0000,1,1,1,1,3,1,4,5,1,1
SF,IH2005,2020-04-03 09:34:24.700,2687.2000,1610,0,30627000.000,0,-,-,-,-,2687.6000,2687.4000,2687.0000,2683.4000,2683.2000,2690.2000,2690.4000,2690.6000,2694.2000,2698.0000,1,1,1,3,1,2,1,2,5,1
SF,IH2005,2020-04-03 09:34:25.200,2687.2000,1610,0,30627000.000,0,-,-,-,-,2687.6000,2687.4000,2687.0000,2683.4000,2683.2000,2690.2000,2690.4000,2690.6000,2694.2000,2698.0000,1,1,1,3,1,3,1,1,5,1
SF,IH2005,2020-04-03 09:34:26.200,2687.2000,1610,0,30627000.000,0,-,-,-,-,2687.6000,2687.4000,2687.0000,2683.4000,2683.2000,2690.0000,2690.2000,2690.4000,2690.6000,2694.2000,1,1,1,3,1,1,3,1,1,5
SF,IH2005,2020-04-03 09:34:26.700,2687.2000,1610,0,30627000.000,0,-,-,-,-,2687.6000,2687.4000,2687.0000,2683.4000,2683.2000,2689.8000,2690.0000,2690.2000,2690.4000,2690.6000,1,1,1,3,1,2,1,1,1,1
SF,IH2005,2020-04-03 09:34:27.200,2687.2000,1610,0,30627000.000,0,-,-,-,-,2687.6000,2687.4000,2687.0000,2683.4000,2683.2000,2689.6000,2689.8000,2690.2000,2690.4000,2690.6000,1,1,1,3,1,1,2,1,1,1
SF,IH2005,2020-04-03 09:34:27.700,2687.2000,1610,0,30627000.000,0,-,-,-,-,2687.6000,2687.4000,2687.0000,2683.4000,2683.2000,2689.4000,2689.6000,2689.8000,2690.2000,2690.4000,1,1,1,3,1,1,1,1,1,1
SF,IH2005,2020-04-03 09:34:32.200,2687.2000,1610,0,30627000.000,0,-,-,-,-,2687.6000,2687.4000,2687.0000,2683.4000,2683.2000,2689.2000,2689.4000,2689.6000,2689.8000,2690.2000,1,1,1,3,1,1,1,1,1,1
SF,IH2005,2020-04-03 09:34:33.200,2687.2000,1610,0,30627000.000,0,-,-,-,-,2687.6000,2687.4000,2687.0000,2683.4000,2683.2000,2689.2000,2689.4000,2689.8000,2690.2000,2690.6000,1,1,1,3,1,1,1,1,1,1
SF,IH2005,2020-04-03 09:34:34.700,2687.2000,1610,0,30627000.000,0,-,-,-,-,2687.8000,2687.6000,2687.0000,2683.4000,2683.2000,2689.2000,2689.4000,2689.8000,2690.2000,2690.6000,2,1,1,3,1,1,1,1,1,1
SF,IH2005,2020-04-03 09:34:35.200,2687.2000,1610,0,30627000.000,0,-,-,-,-,2687.8000,2687.0000,2683.4000,2683.2000,2681.6000,2689.2000,2689.4000,2689.8000,2690.2000,2694.2000,2,1,3,1,1,1,1,1,1,5
SF,IH2005,2020-04-03 09:34:35.700,2687.2000,1610,0,30627000.000,0,-,-,-,-,2687.8000,2687.6000,2687.0000,2683.4000,2683.2000,2689.2000,2689.4000,2689.8000,2690.2000,2694.2000,3,1,1,3,1,1,1,1,1,5
SF,IH2005,2020-04-03 09:34:36.200,2687.2000,1610,0,30627000.000,0,-,-,-,-,2687.8000,2687.6000,2687.0000,2683.4000,2683.2000,2689.2000,2689.4000,2689.8000,2690.2000,2694.2000,3,1,1,3,1,1,1,1,1,5
SF,IH2005,2020-04-03 09:34:38.700,2687.2000,1610,0,30627000.000,0,-,-,-,-,2688.0000,2687.8000,2687.6000,2687.0000,2683.4000,2689.2000,2689.4000,2689.8000,2690.2000,2694.2000,1,3,1,1,3,1,1,1,1,5
SF,IH2005,2020-04-03 09:34:39.200,2687.2000,1610,0,30627000.000,0,-,-,-,-,2688.0000,2687.8000,2687.6000,2687.0000,2683.4000,2689.2000,2689.4000,2689.8000,2690.2000,2694.2000,1,2,1,1,3,1,1,1,1,5
SF,IH2005,2020-04-03 09:34:39.700,2687.2000,1610,0,30627000.000,0,-,-,-,-,2688.2000,2688.0000,2687.8000,2687.6000,2687.0000,2689.2000,2689.4000,2689.8000,2690.2000,2694.2000,1,1,2,1,1,1,1,1,1,5
SF,IH2005,2020-04-03 09:34:40.200,2689.2000,1610,0,31433760.000,1,0,1,多换,S,2688.2000,2688.0000,2687.8000,2687.6000,2687.0000,2689.4000,2690.2000,2694.2000,2698.0000,2700.0000,1,1,2,1,1,1,1,5,1,1
SF,IH2005,2020-04-03 09:34:40.700,2689.2000,1610,0,31433760.000,0,-,-,-,-,2688.2000,2687.8000,2687.6000,2687.0000,2683.4000,2689.2000,2689.4000,2690.2000,2694.2000,2698.0000,1,2,1,1,3,1,1,1,5,1
SF,IH2005,2020-04-03 09:34:41.200,2689.2000,1610,0,31433760.000,0,-,-,-,-,2688.2000,2687.8000,2687.6000,2687.0000,2683.4000,2689.2000,2689.4000,2690.2000,2694.2000,2698.0000,1,2,1,1,3,1,1,1,5,1
SF,IH2005,2020-04-03 09:34:41.700,2689.2000,1610,0,31433760.000,0,-,-,-,-,2688.4000,2688.2000,2687.8000,2687.6000,2687.0000,2689.2000,2689.4000,2690.2000,2694.2000,2698.0000,1,1,1,1,1,1,1,1,5,1
SF,IH2005,2020-04-03 09:34:42.200,2689.2000,1610,0,31433760.000,0,-,-,-,-,2688.4000,2687.8000,2687.6000,2687.0000,2683.4000,2689.2000,2689.4000,2690.2000,2694.2000,2698.0000,1,1,1,1,3,1,1,1,5,1
SF,IH2005,2020-04-03 09:34:42.700,2689.2000,1610,0,31433760.000,0,-,-,-,-,2688.4000,2687.8000,2687.6000,2687.0000,2683.4000,2689.2000,2689.4000,2690.2000,2694.2000,2698.0000,1,1,1,1,3,1,1,1,5,1
SF,IH2005,2020-04-03 09:34:43.200,2689.2000,1610,0,31433760.000,0,-,-,-,-,2688.6000,2688.4000,2687.8000,2687.6000,2687.0000,2689.2000,2689.4000,2690.2000,2694.2000,2698.0000,1,1,1,1,1,1,1,1,5,1
SF,IH2005,2020-04-03 09:34:43.700,2689.2000,1610,0,31433760.000,0,-,-,-,-,2688.4000,2687.8000,2687.6000,2687.0000,2683.4000,2689.2000,2689.4000,2690.2000,2694.2000,2698.0000,1,1,1,1,3,1,1,1,5,1
SF,IH2005,2020-04-03 09:34:44.700,2689.2000,1609,-1,32240520.000,1,0,1,双平,S,2687.6000,2687.0000,2683.4000,2683.2000,2681.6000,2689.4000,2690.2000,2694.2000,2698.0000,2700.0000,1,1,3,1,1,1,1,5,1,1
SF,IH2005,2020-04-03 09:34:45.200,2689.2000,1609,0,32240520.000,0,-,-,-,-,2688.0000,2687.6000,2687.0000,2683.4000,2683.2000,2689.4000,2690.2000,2694.2000,2698.0000,2700.0000,1,1,1,3,1,1,1,5,1,1
SF,IH2005,2020-04-03 09:34:45.700,2689.2000,1609,0,32240520.000,0,-,-,-,-,2687.6000,2687.0000,2683.4000,2683.2000,2681.6000,2689.4000,2690.2000,2694.2000,2698.0000,2700.0000,1,1,3,1,1,1,1,5,1,1
SF,IH2005,2020-04-03 09:34:46.200,2689.2000,1609,0,32240520.000,0,-,-,-,-,2687.8000,2687.6000,2687.0000,2683.4000,2683.2000,2689.4000,2690.2000,2694.2000,2698.0000,2700.0000,1,1,1,3,1,1,1,5,1,1
SF,IH2005,2020-04-03 09:34:50.200,2689.2000,1609,0,32240520.000,0,-,-,-,-,2687.6000,2687.0000,2683.4000,2683.2000,2681.6000,2689.4000,2690.2000,2694.2000,2698.0000,2700.0000,1,1,3,1,1,1,1,5,1,1
SF,IH2005,2020-04-03 09:34:50.700,2689.2000,1609,0,32240520.000,0,-,-,-,-,2688.0000,2687.8000,2687.6000,2687.0000,2683.4000,2689.4000,2690.2000,2694.2000,2698.0000,2700.0000,1,4,1,1,3,1,1,5,1,1
SF,IH2005,2020-04-03 09:34:51.200,2689.2000,1609,0,32240520.000,0,-,-,-,-,2688.2000,2688.0000,2687.8000,2687.6000,2687.0000,2689.4000,2690.2000,2694.2000,2698.0000,2700.0000,1,1,4,1,1,1,1,5,1,1
SF,IH2005,2020-04-03 09:34:51.700,2689.2000,1609,0,32240520.000,0,-,-,-,-,2688.2000,2688.0000,2687.8000,2687.6000,2687.0000,2690.2000,2694.2000,2698.0000,2700.0000,2704.0000,2,1,4,1,1,1,5,1,1,1
SF,IH2005,2020-04-03 09:34:52.200,2689.2000,1609,0,32240520.000,0,-,-,-,-,2688.2000,2688.0000,2687.8000,2687.6000,2687.0000,2690.0000,2694.2000,2698.0000,2700.0000,2704.0000,2,1,4,1,1,1,5,1,1,1
SF,IH2005,2020-04-03 09:34:52.700,2689.2000,1609,0,32240520.000,0,-,-,-,-,2688.2000,2688.0000,2687.8000,2687.6000,2687.0000,2690.0000,2694.2000,2698.0000,2700.0000,2704.0000,2,1,4,1,1,1,5,1,1,1
SF,IH2005,2020-04-03 09:34:53.200,2689.2000,1609,0,32240520.000,0,-,-,-,-,2688.2000,2688.0000,2687.8000,2687.6000,2687.0000,2690.0000,2694.2000,2698.0000,2700.0000,2704.0000,2,1,4,1,1,1,5,1,1,1
SF,IH2005,2020-04-03 09:34:53.700,2689.2000,1609,0,32240520.000,0,-,-,-,-,2688.4000,2688.2000,2688.0000,2687.8000,2687.6000,2690.0000,2694.2000,2698.0000,2700.0000,2704.0000,1,2,1,4,1,1,5,1,1,1
SF,IH2005,2020-04-03 09:34:54.200,2689.2000,1609,0,32240520.000,0,-,-,-,-,2688.6000,2688.4000,2688.2000,2687.8000,2687.6000,2694.2000,2698.0000,2700.0000,2704.0000,2727.2000,1,3,2,4,1,5,1,1,1,1
SF,IH2005,2020-04-03 09:34:54.700,2689.2000,1609,0,32240520.000,0,-,-,-,-,2688.8000,2688.6000,2688.4000,2688.2000,2687.8000,2691.4000,2692.0000,2692.2000,2693.6000,2694.0000,1,1,3,2,4,1,1,1,2,4
SF,IH2005,2020-04-03 09:34:55.200,2689.2000,1609,0,32240520.000,0,-,-,-,-,2688.4000,2688.2000,2687.8000,2687.0000,2683.4000,2691.2000,2691.4000,2692.0000,2692.2000,2693.6000,1,2,4,1,3,2,1,1,1,2
SF,IH2005,2020-04-03 09:34:55.700,2689.2000,1609,0,32240520.000,0,-,-,-,-,2688.2000,2687.8000,2687.0000,2683.4000,2683.2000,2691.2000,2691.4000,2692.0000,2692.2000,2693.6000,2,4,1,3,1,2,1,1,1,2
SF,IH2005,2020-04-03 09:34:56.200,2689.2000,1609,0,32240520.000,0,-,-,-,-,2688.8000,2688.2000,2687.8000,2687.0000,2683.4000,2691.2000,2691.4000,2692.0000,2692.2000,2693.6000,1,3,4,1,3,2,1,1,1,2
SF,IH2005,2020-04-03 09:34:57.200,2689.2000,1609,0,32240520.000,0,-,-,-,-,2688.8000,2688.2000,2687.8000,2687.0000,2683.4000,2691.2000,2693.6000,2694.0000,2694.2000,2698.0000,1,3,4,1,3,2,2,3,5,1
SF,IH2005,2020-04-03 09:34:57.700,2689.2000,1609,0,32240520.000,0,-,-,-,-,2688.8000,2688.2000,2687.8000,2687.0000,2683.4000,2691.2000,2693.6000,2694.0000,2694.2000,2698.0000,1,3,4,1,3,2,2,3,5,1
SF,IH2005,2020-04-03 09:34:58.200,2689.2000,1609,0,32240520.000,0,-,-,-,-,2688.8000,2688.2000,2687.8000,2687.0000,2683.4000,2691.2000,2693.6000,2694.0000,2694.2000,2698.0000,1,2,4,1,3,2,2,3,5,1
SF,IH2005,2020-04-03 09:34:58.700,2689.2000,1609,0,32240520.000,0,-,-,-,-,2688.8000,2688.2000,2687.8000,2687.0000,2683.4000,2691.2000,2693.6000,2694.0000,2694.2000,2698.0000,2,2,4,1,3,2,2,3,5,1
SF,IH2005,2020-04-03 09:34:59.200,2689.2000,1609,0,32240520.000,0,-,-,-,-,2688.8000,2688.2000,2687.8000,2687.0000,2683.4000,2691.2000,2693.6000,2694.0000,2694.2000,2698.0000,2,2,4,1,3,2,2,3,5,1
SF,IH2005,2020-04-03 09:35:01.200,2689.0000,1609,0,33047220.000,1,0,1,多换,S,2688.8000,2688.2000,2687.8000,2687.0000,2683.4000,2691.2000,2693.6000,2694.0000,2694.2000,2698.0000,2,2,4,1,3,2,2,3,5,1
SF,IH2005,2020-04-03 09:35:01.700,2689.0000,1609,0,33047220.000,0,-,-,-,-,2688.8000,2688.2000,2687.8000,2687.0000,2683.4000,2691.2000,2693.6000,2694.0000,2694.2000,2698.0000,2,2,4,1,3,2,2,3,5,1
SF,IH2005,2020-04-03 09:35:02.200,2689.0000,1609,0,33047220.000,0,-,-,-,-,2688.8000,2688.2000,2687.8000,2687.0000,2683.4000,2691.2000,2693.6000,2694.0000,2694.2000,2698.0000,1,2,4,1,3,2,2,3,5,1
SF,IH2005,2020-04-03 09:35:02.700,2689.0000,1609,0,33047220.000,0,-,-,-,-,2688.8000,2688.2000,2687.8000,2687.0000,2683.4000,2691.2000,2693.6000,2694.0000,2694.2000,2698.0000,1,2,4,1,3,3,2,3,5,1
SF,IH2005,2020-04-03 09:35:05.700,2689.0000,1609,0,33047220.000,0,-,-,-,-,2688.8000,2688.2000,2687.8000,2687.0000,2683.4000,2691.0000,2691.2000,2693.6000,2694.0000,2694.2000,1,2,4,1,3,1,3,2,2,5
SF,IH2005,2020-04-03 09:35:06.200,2689.0000,1609,0,33047220.000,0,-,-,-,-,2688.8000,2688.2000,2687.8000,2687.0000,2683.4000,2690.8000,2691.0000,2693.6000,2694.0000,2694.2000,1,2,4,1,3,2,1,2,2,5
SF,IH2005,2020-04-03 09:35:06.700,2689.0000,1609,0,33047220.000,0,-,-,-,-,2688.8000,2688.2000,2687.8000,2687.0000,2683.4000,2690.8000,2691.0000,2693.6000,2694.0000,2694.2000,1,2,4,1,3,3,1,2,2,5
SF,IH2005,2020-04-03 09:35:08.700,2689.0000,1609,0,33047220.000,0,-,-,-,-,2688.8000,2688.2000,2687.8000,2687.0000,2683.4000,2690.8000,2691.0000,2693.6000,2694.0000,2694.2000,1,2,4,1,3,2,1,2,2,5
SF,IH2005,2020-04-03 09:35:10.700,2689.0000,1609,0,33047220.000,0,-,-,-,-,2688.8000,2688.2000,2687.8000,2687.0000,2683.4000,2690.8000,2691.0000,2693.6000,2694.0000,2694.2000,1,2,4,1,3,3,1,2,2,5
SF,IH2005,2020-04-03 09:35:11.200,2689.0000,1609,0,33047220.000,0,-,-,-,-,2688.8000,2688.2000,2687.8000,2687.0000,2683.4000,2690.8000,2691.0000,2693.6000,2694.0000,2694.2000,1,1,1,1,3,3,1,2,2,5
SF,IH2005,2020-04-03 09:35:11.700,2689.0000,1609,0,33047220.000,0,-,-,-,-,2688.8000,2687.0000,2683.4000,2681.6000,2679.0000,2690.6000,2690.8000,2693.6000,2694.0000,2694.2000,1,1,3,1,1,1,3,2,2,5
SF,IH2005,2020-04-03 09:35:12.200,2688.8000,1609,0,33853860.000,1,0,1,多换,S,2687.0000,2683.4000,2681.6000,2679.0000,2677.8000,2690.4000,2690.8000,2693.6000,2694.0000,2694.2000,1,3,1,1,1,2,1,2,2,5
SF,IH2005,2020-04-03 09:35:12.700,2688.8000,1609,0,33853860.000,0,-,-,-,-,2687.0000,2683.4000,2681.6000,2679.0000,2677.8000,2690.2000,2690.4000,2693.6000,2694.0000,2694.2000,1,3,1,1,1,2,3,1,2,5
SF,IH2005,2020-04-03 09:35:13.200,2688.8000,1609,0,33853860.000,0,-,-,-,-,2687.2000,2687.0000,2683.4000,2681.6000,2679.0000,2690.0000,2690.2000,2690.4000,2693.6000,2694.0000,3,1,3,1,1,1,2,2,1,2
SF,IH2005,2020-04-03 09:35:13.700,2688.8000,1609,0,33853860.000,0,-,-,-,-,2687.4000,2687.2000,2687.0000,2683.4000,2681.6000,2689.8000,2690.0000,2690.2000,2690.4000,2693.6000,1,2,1,3,1,1,1,1,2,1
SF,IH2005,2020-04-03 09:35:14.200,2688.8000,1609,0,33853860.000,0,-,-,-,-,2687.4000,2687.2000,2687.0000,2683.4000,2681.6000,2689.6000,2689.8000,2690.2000,2690.4000,2693.6000,1,2,1,3,1,2,1,1,1,1
SF,IH2005,2020-04-03 09:35:14.700,2688.8000,1609,0,33853860.000,0,-,-,-,-,2687.4000,2687.2000,2687.0000,2683.4000,2681.6000,2689.4000,2689.6000,2690.2000,2690.4000,2693.0000,1,2,1,3,1,1,2,1,1,1
SF,IH2005,2020-04-03 09:35:15.200,2688.8000,1609,0,33853860.000,0,-,-,-,-,2687.8000,2687.6000,2687.4000,2687.2000,2687.0000,2689.4000,2689.6000,2690.4000,2693.0000,2693.6000,1,4,1,1,1,1,1,1,1,1
SF,IH2005,2020-04-03 09:35:15.700,2688.8000,1609,0,33853860.000,0,-,-,-,-,2688.0000,2687.8000,2687.6000,2687.4000,2687.2000,2689.6000,2690.4000,2693.0000,2693.6000,2694.0000,1,1,4,1,1,1,1,1,1,2
SF,IH2005,2020-04-03 09:35:16.200,2688.8000,1609,0,33853860.000,0,-,-,-,-,2687.8000,2687.6000,2687.4000,2687.2000,2687.0000,2689.6000,2690.4000,2693.0000,2693.6000,2694.0000,1,1,1,1,1,1,1,1,1,2
SF,IH2005,2020-04-03 09:35:17.200,2688.8000,1609,0,33853860.000,0,-,-,-,-,2688.0000,2687.8000,2687.6000,2687.4000,2687.2000,2689.6000,2690.4000,2693.0000,2693.6000,2694.0000,1,1,1,1,1,1,1,1,1,2
SF,IH2005,2020-04-03 09:35:17.700,2688.8000,1609,0,33853860.000,0,-,-,-,-,2687.8000,2687.6000,2687.4000,2687.2000,2687.0000,2689.6000,2690.4000,2693.0000,2693.6000,2694.0000,1,1,1,1,1,1,1,1,1,2
SF,IH2005,2020-04-03 09:35:18.200,2688.8000,1609,0,33853860.000,0,-,-,-,-,2687.8000,2687.6000,2687.4000,2687.2000,2687.0000,2689.4000,2689.6000,2690.4000,2693.0000,2693.6000,1,1,1,1,1,1,1,1,1,1
SF,IH2005,2020-04-03 09:35:18.700,2688.8000,1609,0,33853860.000,0,-,-,-,-,2687.8000,2687.6000,2687.4000,2687.2000,2687.0000,2689.2000,2689.4000,2690.4000,2693.0000,2693.6000,1,1,1,1,1,1,1,1,1,1
SF,IH2005,2020-04-03 09:35:19.700,2688.8000,1609,0,33853860.000,0,-,-,-,-,2687.8000,2687.4000,2687.2000,2687.0000,2683.4000,2689.2000,2689.4000,2690.4000,2693.0000,2693.6000,1,1,1,1,3,1,1,1,1,1
SF,IH2005,2020-04-03 09:35:21.200,2687.8000,1610,1,34660200.000,1,1,0,双开,S,2687.4000,2687.2000,2687.0000,2683.4000,2681.6000,2689.2000,2689.4000,2690.4000,2693.0000,2693.6000,1,1,1,3,1,1,1,1,1,1
SF,IH2005,2020-04-03 09:35:23.200,2687.8000,1610,0,34660200.000,0,-,-,-,-,2687.6000,2687.4000,2687.2000,2687.0000,2683.4000,2689.2000,2689.4000,2690.4000,2693.0000,2693.6000,1,1,1,1,3,1,1,1,1,1
SF,IH2005,2020-04-03 09:35:23.700,2687.8000,1610,0,34660200.000,0,-,-,-,-,2687.6000,2687.4000,2687.2000,2687.0000,2683.4000,2689.2000,2690.4000,2693.0000,2693.6000,2694.0000,1,1,1,1,3,1,1,1,1,2
SF,IH2005,2020-04-03 09:35:24.200,2687.8000,1610,0,34660200.000,0,-,-,-,-,2687.6000,2687.4000,2687.2000,2687.0000,2683.4000,2689.2000,2690.4000,2693.0000,2693.6000,2694.0000,1,1,1,1,3,1,1,1,1,2
SF,IH2005,2020-04-03 09:35:24.700,2687.8000,1610,0,34660200.000,0,-,-,-,-,2687.6000,2687.4000,2687.2000,2687.0000,2683.4000,2689.2000,2690.4000,2693.0000,2693.6000,2694.0000,1,1,1,1,3,1,1,1,1,2
SF,IH2005,2020-04-03 09:35:25.200,2687.8000,1610,0,34660200.000,0,-,-,-,-,2687.6000,2687.4000,2687.2000,2687.0000,2683.4000,2689.0000,2689.2000,2690.4000,2693.0000,2693.6000,1,1,1,1,3,1,1,1,1,1
SF,IH2005,2020-04-03 09:35:27.200,2687.8000,1610,0,34660200.000,0,-,-,-,-,2687.8000,2687.6000,2687.4000,2687.2000,2687.0000,2689.0000,2689.2000,2690.4000,2693.0000,2693.6000,1,1,1,1,1,1,1,1,1,1
SF,IH2005,2020-04-03 09:35:28.200,2687.8000,1610,0,34660200.000,0,-,-,-,-,2687.6000,2687.4000,2687.2000,2687.0000,2683.4000,2689.0000,2689.2000,2690.4000,2693.0000,2693.6000,1,1,1,1,3,1,1,1,1,1
SF,IH2005,2020-04-03 09:35:28.700,2687.8000,1610,0,34660200.000,0,-,-,-,-,2687.6000,2687.4000,2687.2000,2687.0000,2683.4000,2688.8000,2689.0000,2690.4000,2693.0000,2693.6000,1,1,1,1,3,1,1,1,1,1
SF,IH2005,2020-04-03 09:35:29.200,2687.8000,1610,0,34660200.000,0,-,-,-,-,2687.4000,2687.2000,2687.0000,2683.4000,2681.6000,2688.8000,2689.0000,2690.4000,2693.0000,2693.6000,1,1,1,3,1,1,1,1,1,1
SF,IH2005,2020-04-03 09:35:29.700,2687.8000,1610,0,34660200.000,0,-,-,-,-,2687.4000,2687.2000,2687.0000,2683.4000,2681.6000,2688.6000,2688.8000,2690.4000,2693.0000,2693.6000,1,1,1,3,1,1,1,1,1,1
SF,IH2005,2020-04-03 09:35:30.200,2688.6000,1609,-1,35466780.000,1,0,1,双平,S,2687.4000,2687.2000,2687.0000,2683.4000,2681.6000,2688.8000,2690.4000,2693.0000,2693.6000,2694.0000,1,1,1,3,1,1,1,1,1,2
SF,IH2005,2020-04-03 09:35:30.700,2688.6000,1609,0,35466780.000,0,-,-,-,-,2687.6000,2687.4000,2687.2000,2687.0000,2683.4000,2688.8000,2690.4000,2693.0000,2693.6000,2694.0000,1,1,1,1,3,1,1,1,1,2
SF,IH2005,2020-04-03 09:35:33.200,2688.8000,1608,-1,36273420.000,1,0,1,双平,S,2687.6000,2687.4000,2687.2000,2687.0000,2683.4000,2690.4000,2693.0000,2693.6000,2694.0000,2694.2000,1,1,1,1,3,1,1,1,2,5
SF,IH2005,2020-04-03 09:35:33.700,2688.8000,1608,0,36273420.000,0,-,-,-,-,2687.8000,2687.6000,2687.2000,2687.0000,2683.4000,2689.8000,2690.2000,2690.4000,2693.0000,2693.6000,1,1,1,1,3,1,2,1,1,1
SF,IH2005,2020-04-03 09:35:34.200,2688.8000,1608,0,36273420.000,0,-,-,-,-,2688.0000,2687.6000,2687.2000,2687.0000,2683.4000,2689.6000,2689.8000,2690.2000,2690.4000,2693.0000,1,1,1,1,3,1,1,1,1,1
SF,IH2005,2020-04-03 09:35:39.700,2688.8000,1608,0,36273420.000,0,-,-,-,-,2688.0000,2687.6000,2687.2000,2687.0000,2683.4000,2689.6000,2689.8000,2690.2000,2690.4000,2693.0000,1,1,1,1,3,1,1,1,1,1
SF,IH2005,2020-04-03 09:35:41.200,2688.8000,1608,0,36273420.000,0,-,-,-,-,2688.2000,2688.0000,2687.2000,2687.0000,2683.4000,2689.6000,2689.8000,2690.2000,2690.4000,2693.0000,1,1,1,1,3,1,1,1,1,1
SF,IH2005,2020-04-03 09:35:43.200,2688.8000,1608,0,36273420.000,0,-,-,-,-,2688.0000,2687.2000,2687.0000,2683.4000,2682.2000,2689.6000,2689.8000,2690.2000,2690.4000,2693.0000,1,1,1,3,1,1,1,1,1,1
SF,IH2005,2020-04-03 09:35:44.700,2688.8000,1608,0,36273420.000,0,-,-,-,-,2688.0000,2687.2000,2687.0000,2683.4000,2682.2000,2689.6000,2690.2000,2690.4000,2693.0000,2693.6000,1,1,1,3,1,1,1,1,1,1
SF,IH2005,2020-04-03 09:35:45.200,2688.8000,1608,0,36273420.000,0,-,-,-,-,2688.2000,2688.0000,2687.2000,2687.0000,2683.4000,2689.6000,2690.2000,2690.4000,2693.0000,2693.6000,1,1,1,1,3,1,1,1,1,1
SF,IH2005,2020-04-03 09:35:46.700,2688.8000,1608,0,36273420.000,0,-,-,-,-,2688.2000,2688.0000,2687.2000,2683.4000,2682.2000,2689.6000,2690.2000,2690.4000,2693.0000,2693.6000,1,1,1,3,1,1,1,1,1,1
SF,IH2005,2020-04-03 09:35:47.200,2688.8000,1608,0,36273420.000,0,-,-,-,-,2688.4000,2688.2000,2688.0000,2687.2000,2683.4000,2689.6000,2690.2000,2690.4000,2693.0000,2693.6000,1,1,1,1,3,1,1,1,1,1
SF,IH2005,2020-04-03 09:35:47.700,2688.8000,1608,0,36273420.000,0,-,-,-,-,2688.6000,2688.4000,2688.0000,2687.2000,2683.4000,2689.6000,2690.2000,2690.4000,2693.0000,2693.6000,1,1,1,1,3,1,1,1,1,1
SF,IH2005,2020-04-03 09:35:48.200,2688.8000,1608,0,36273420.000,0,-,-,-,-,2688.6000,2688.4000,2688.0000,2687.2000,2683.4000,2690.4000,2693.0000,2693.6000,2694.0000,2694.2000,1,1,1,1,3,1,1,1,2,5
SF,IH2005,2020-04-03 09:35:48.700,2688.8000,1607,-1,37080060.000,1,0,1,双平,S,2688.6000,2688.4000,2688.0000,2687.2000,2683.4000,2693.0000,2693.6000,2694.0000,2694.2000,2698.0000,1,1,1,1,3,1,1,2,5,1
SF,IH2005,2020-04-03 09:35:49.200,2688.8000,1607,0,37080060.000,0,-,-,-,-,2688.8000,2688.6000,2688.4000,2688.0000,2687.2000,2691.4000,2692.0000,2692.8000,2693.0000,2693.6000,1,1,1,1,1,1,1,4,1,1
SF,IH2005,2020-04-03 09:35:49.700,2688.8000,1607,0,37080060.000,0,-,-,-,-,2689.2000,2688.8000,2688.6000,2688.4000,2688.0000,2691.2000,2691.4000,2692.0000,2692.8000,2693.0000,1,2,1,2,1,2,1,1,2,1
SF,IH2005,2020-04-03 09:35:51.200,2688.8000,1607,0,37080060.000,0,-,-,-,-,2689.2000,2688.8000,2688.6000,2688.4000,2688.0000,2691.2000,2691.4000,2692.0000,2692.8000,2693.0000,1,1,1,1,1,2,1,1,2,1
SF,IH2005,2020-04-03 09:35:51.700,2688.8000,1607,0,37080060.000,0,-,-,-,-,2689.2000,2688.8000,2688.6000,2688.4000,2688.0000,2691.2000,2691.4000,2692.0000,2692.8000,2693.0000,1,1,1,1,1,2,1,1,2,1
SF,IH2005,2020-04-03 09:35:53.200,2688.8000,1607,0,37080060.000,0,-,-,-,-,2689.2000,2688.6000,2688.4000,2688.0000,2687.2000,2691.2000,2691.4000,2692.0000,2692.8000,2693.0000,1,1,1,1,1,2,1,1,2,1
SF,IH2005,2020-04-03 09:35:53.700,2688.8000,1607,0,37080060.000,0,-,-,-,-,2688.6000,2688.4000,2688.0000,2687.2000,2683.4000,2691.2000,2691.4000,2692.0000,2692.8000,2693.0000,1,1,1,1,3,2,1,1,2,1
SF,IH2005,2020-04-03 09:35:54.200,2688.8000,1607,0,37080060.000,0,-,-,-,-,2689.4000,2688.8000,2688.6000,2688.4000,2688.0000,2691.2000,2692.8000,2693.0000,2693.6000,2694.0000,4,4,1,3,1,2,2,1,1,2
SF,IH2005,2020-04-03 09:35:54.700,2688.8000,1607,0,37080060.000,0,-,-,-,-,2689.0000,2688.8000,2688.6000,2688.4000,2688.0000,2691.2000,2692.8000,2693.0000,2693.6000,2694.0000,1,1,1,1,1,3,2,1,1,2
SF,IH2005,2020-04-03 09:35:55.700,2688.8000,1607,0,37080060.000,0,-,-,-,-,2689.2000,2689.0000,2688.8000,2688.4000,2688.0000,2691.2000,2692.8000,2693.0000,2693.6000,2694.0000,4,1,1,1,1,3,2,1,1,2
SF,IH2005,2020-04-03 09:35:56.200,2688.8000,1607,0,37080060.000,0,-,-,-,-,2689.2000,2689.0000,2688.8000,2688.4000,2688.0000,2691.2000,2692.8000,2693.0000,2693.6000,2694.0000,2,1,1,1,1,3,2,1,1,2
SF,IH2005,2020-04-03 09:35:56.700,2688.8000,1607,0,37080060.000,0,-,-,-,-,2689.0000,2688.8000,2688.4000,2688.0000,2687.2000,2691.2000,2692.8000,2693.0000,2693.6000,2694.0000,1,1,1,1,1,3,2,1,1,2
SF,IH2005,2020-04-03 09:35:57.200,2688.8000,1607,0,37080060.000,0,-,-,-,-,2688.8000,2688.4000,2688.0000,2687.2000,2683.4000,2690.6000,2691.0000,2691.2000,2692.8000,2693.0000,1,1,1,1,3,1,1,3,2,1
SF,IH2005,2020-04-03 09:35:58.200,2688.8000,1607,0,37080060.000,0,-,-,-,-,2688.4000,2688.0000,2687.2000,2683.4000,2682.2000,2690.6000,2691.0000,2691.2000,2692.8000,2693.0000,1,1,1,3,1,1,1,3,2,1
SF,IH2005,2020-04-03 09:35:58.700,2688.8000,1607,0,37080060.000,0,-,-,-,-,2688.4000,2688.0000,2687.2000,2683.4000,2682.2000,2690.4000,2690.6000,2691.0000,2691.2000,2692.8000,1,1,1,3,1,2,1,1,1,2
SF,IH2005,2020-04-03 09:35:59.200,2688.8000,1607,0,37080060.000,0,-,-,-,-,2688.6000,2688.4000,2688.0000,2687.2000,2683.4000,2690.4000,2690.6000,2691.0000,2691.2000,2692.8000,2,2,1,1,3,2,1,1,1,2
SF,IH2005,2020-04-03 09:35:59.700,2688.8000,1607,0,37080060.000,0,-,-,-,-,2688.4000,2688.0000,2687.2000,2683.4000,2682.2000,2690.4000,2690.6000,2691.0000,2691.2000,2692.8000,1,1,1,3,1,2,1,1,1,2
SF,IH2005,2020-04-03 09:36:00.200,2688.8000,1607,0,37080060.000,0,-,-,-,-,2688.8000,2688.6000,2688.4000,2688.0000,2687.2000,2690.4000,2691.0000,2691.2000,2692.8000,2693.0000,2,2,2,1,1,2,1,1,2,1
SF,IH2005,2020-04-03 09:36:00.700,2688.8000,1607,0,37080060.000,0,-,-,-,-,2688.8000,2688.6000,2688.4000,2688.0000,2687.2000,2690.4000,2691.0000,2691.2000,2692.8000,2693.0000,2,2,1,1,1,1,1,1,2,1
SF,IH2005,2020-04-03 09:36:02.200,2688.8000,1607,0,37080060.000,0,-,-,-,-,2688.8000,2688.4000,2687.2000,2683.4000,2682.2000,2690.4000,2691.0000,2691.2000,2692.8000,2693.0000,2,1,1,3,1,1,1,1,2,1
SF,IH2005,2020-04-03 09:36:02.700,2688.8000,1607,0,37080060.000,0,-,-,-,-,2688.4000,2687.2000,2683.4000,2682.2000,2681.6000,2690.2000,2690.4000,2691.0000,2691.2000,2692.8000,1,1,3,1,1,2,1,1,1,2
SF,IH2005,2020-04-03 09:36:03.200,2688.8000,1607,0,37080060.000,0,-,-,-,-,2688.8000,2687.2000,2683.4000,2682.2000,2681.6000,2690.0000,2690.2000,2691.0000,2691.2000,2692.8000,1,1,3,1,1,1,2,1,1,2
SF,IH2005,2020-04-03 09:36:03.700,2688.8000,1607,0,37886700.000,1,0,1,多换,S,2687.2000,2683.4000,2682.2000,2681.6000,2675.2000,2690.0000,2690.2000,2691.0000,2691.2000,2692.8000,1,3,1,1,5,1,2,1,1,2
SF,IH2005,2020-04-03 09:36:04.200,2688.8000,1607,0,37886700.000,0,-,-,-,-,2687.4000,2687.2000,2683.4000,2682.2000,2681.6000,2689.8000,2690.0000,2691.0000,2691.2000,2692.8000,3,1,3,1,1,2,1,1,1,2
SF,IH2005,2020-04-03 09:36:04.700,2688.8000,1607,0,37886700.000,0,-,-,-,-,2687.6000,2687.4000,2687.2000,2683.4000,2682.2000,2689.6000,2689.8000,2691.0000,2691.2000,2692.8000,1,3,1,3,1,1,2,1,1,2
SF,IH2005,2020-04-03 09:36:05.200,2688.8000,1607,0,37886700.000,0,-,-,-,-,2687.8000,2687.6000,2687.4000,2687.2000,2683.4000,2689.6000,2689.8000,2691.0000,2691.2000,2692.8000,2,2,3,1,3,1,2,1,1,2
SF,IH2005,2020-04-03 09:36:05.700,2688.8000,1607,0,37886700.000,0,-,-,-,-,2687.8000,2687.6000,2687.4000,2687.2000,2683.4000,2689.6000,2689.8000,2691.0000,2691.2000,2692.8000,2,2,3,1,3,1,1,1,1,2
SF,IH2005,2020-04-03 09:36:06.200,2688.8000,1607,0,37886700.000,0,-,-,-,-,2688.0000,2687.8000,2687.6000,2687.4000,2687.2000,2689.2000,2689.6000,2689.8000,2691.0000,2691.2000,3,2,2,2,1,1,1,1,1,1
SF,IH2005,2020-04-03 09:36:06.700,2688.8000,1607,0,37886700.000,0,-,-,-,-,2688.2000,2688.0000,2687.8000,2687.6000,2687.4000,2689.6000,2689.8000,2691.0000,2691.2000,2692.8000,3,3,2,2,2,1,1,1,1,2
SF,IH2005,2020-04-03 09:36:07.200,2688.8000,1607,0,37886700.000,0,-,-,-,-,2689.4000,2688.4000,2688.2000,2688.0000,2687.8000,2689.6000,2691.0000,2691.2000,2692.8000,2693.0000,1,1,3,3,2,1,1,1,2,1
SF,IH2005,2020-04-03 09:36:07.700,2689.4000,1606,-1,38693520.000,1,0,1,双平,S,2688.0000,2687.8000,2687.6000,2687.4000,2687.2000,2691.0000,2691.2000,2692.8000,2693.0000,2693.6000,1,1,1,2,1,1,1,2,1,1
SF,IH2005,2020-04-03 09:36:08.200,2689.4000,1606,0,38693520.000,0,-,-,-,-,2688.0000,2687.6000,2687.4000,2687.2000,2683.4000,2690.4000,2690.8000,2691.0000,2693.0000,2693.6000,1,1,2,1,3,1,4,1,1,1
SF,IH2005,2020-04-03 09:36:08.700,2689.4000,1606,0,38693520.000,0,-,-,-,-,2687.6000,2687.4000,2687.2000,2683.4000,2682.2000,2689.8000,2690.0000,2690.2000,2690.4000,2690.8000,1,2,1,3,1,1,1,3,1,2
SF,IH2005,2020-04-03 09:36:09.200,2689.4000,1606,0,38693520.000,0,-,-,-,-,2687.2000,2683.4000,2682.2000,2681.6000,2675.2000,2689.6000,2689.8000,2690.0000,2690.4000,2690.8000,1,3,1,1,5,3,1,1,1,2
SF,IH2005,2020-04-03 09:36:09.700,2689.4000,1606,0,38693520.000,0,-,-,-,-,2687.2000,2683.4000,2682.2000,2681.6000,2675.2000,2689.2000,2689.6000,2690.4000,2690.8000,2693.0000,1,3,1,1,5,1,3,1,2,1
SF,IH2005,2020-04-03 09:36:10.200,2689.4000,1606,0,38693520.000,0,-,-,-,-,2687.2000,2683.4000,2682.2000,2681.6000,2675.2000,2689.0000,2689.2000,2689.6000,2690.4000,2690.8000,1,3,1,1,5,1,2,2,1,2
SF,IH2005,2020-04-03 09:36:10.700,2689.4000,1606,0,38693520.000,0,-,-,-,-,2687.2000,2683.4000,2682.2000,2681.6000,2675.2000,2688.8000,2689.0000,2689.2000,2689.6000,2690.4000,1,3,1,1,5,1,1,2,1,1
SF,IH2005,2020-04-03 09:36:11.200,2689.4000,1606,0,38693520.000,0,-,-,-,-,2683.4000,2682.2000,2681.6000,2675.2000,2674.0000,2688.6000,2689.2000,2689.6000,2690.4000,2690.8000,3,1,1,5,1,1,2,1,1,2
SF,IH2005,2020-04-03 09:36:11.700,2689.4000,1606,0,38693520.000,0,-,-,-,-,2685.2000,2683.8000,2683.6000,2683.4000,2683.2000,2688.4000,2688.6000,2689.2000,2690.4000,2690.8000,1,1,5,3,2,1,1,2,1,2
SF,IH2005,2020-04-03 09:36:12.200,2689.4000,1606,0,38693520.000,0,-,-,-,-,2685.8000,2685.4000,2685.2000,2683.8000,2683.6000,2688.2000,2688.4000,2689.2000,2690.4000,2690.8000,1,3,1,1,4,1,1,2,1,2
SF,IH2005,2020-04-03 09:36:12.700,2689.4000,1606,0,38693520.000,0,-,-,-,-,2686.0000,2685.4000,2683.8000,2683.6000,2683.4000,2688.0000,2688.2000,2689.2000,2690.4000,2690.8000,3,2,1,4,3,1,1,2,1,2
SF,IH2005,2020-04-03 09:36:13.200,2689.4000,1606,0,38693520.000,0,-,-,-,-,2686.2000,2686.0000,2685.8000,2685.4000,2683.8000,2688.0000,2688.2000,2689.2000,2690.4000,2690.8000,2,3,1,2,1,1,1,1,1,2
SF,IH2005,2020-04-03 09:36:13.700,2688.2000,1605,-1,39499980.000,1,0,1,双平,S,2686.4000,2686.2000,2686.0000,2685.4000,2683.8000,2688.0000,2689.2000,2690.4000,2690.8000,2693.0000,2,2,3,2,1,1,1,1,2,1
SF,IH2005,2020-04-03 09:36:14.200,2688.2000,1605,0,39499980.000,0,-,-,-,-,2686.2000,2685.4000,2683.8000,2683.6000,2683.4000,2687.8000,2689.2000,2690.4000,2690.8000,2693.0000,1,2,1,3,3,1,1,1,2,1
SF,IH2005,2020-04-03 09:36:15.200,2688.2000,1605,0,39499980.000,0,-,-,-,-,2685.4000,2683.8000,2683.6000,2683.4000,2683.2000,2687.8000,2689.2000,2690.4000,2690.8000,2693.0000,2,1,3,3,1,1,1,1,2,1
SF,IH2005,2020-04-03 09:36:15.700,2688.2000,1605,0,39499980.000,0,-,-,-,-,2685.6000,2685.4000,2683.8000,2683.6000,2683.4000,2687.6000,2687.8000,2689.2000,2690.4000,2690.8000,2,2,1,3,3,1,1,1,1,2
SF,IH2005,2020-04-03 09:36:16.200,2688.2000,1605,0,39499980.000,0,-,-,-,-,2685.6000,2685.4000,2683.8000,2683.6000,2683.4000,2687.6000,2689.2000,2690.4000,2690.8000,2693.0000,2,2,1,3,3,1,1,1,2,1
SF,IH2005,2020-04-03 09:36:16.700,2688.2000,1605,0,39499980.000,0,-,-,-,-,2685.4000,2683.8000,2683.6000,2683.4000,2683.2000,2687.4000,2687.6000,2689.2000,2690.4000,2690.8000,2,1,3,3,1,1,1,1,1,2
SF,IH2005,2020-04-03 09:36:17.200,2688.2000,1605,0,39499980.000,0,-,-,-,-,2685.8000,2685.6000,2685.4000,2683.8000,2683.6000,2687.4000,2687.6000,2689.2000,2690.4000,2690.8000,4,3,2,1,3,1,1,1,1,2
SF,IH2005,2020-04-03 09:36:17.700,2688.2000,1605,0,39499980.000,0,-,-,-,-,2685.8000,2685.6000,2685.4000,2683.8000,2683.6000,2687.2000,2687.4000,2687.6000,2689.2000,2690.4000,1,3,2,1,3,1,1,1,1,1
SF,IH2005,2020-04-03 09:36:18.700,2688.2000,1605,0,39499980.000,0,-,-,-,-,2686.0000,2685.8000,2685.6000,2685.4000,2683.8000,2687.2000,2687.4000,2687.6000,2689.2000,2690.4000,1,1,3,2,1,1,1,1,1,1
SF,IH2005,2020-04-03 09:36:19.200,2688.2000,1605,0,39499980.000,0,-,-,-,-,2686.0000,2685.8000,2685.6000,2685.4000,2683.8000,2687.4000,2689.2000,2690.4000,2690.8000,2693.0000,1,1,3,2,1,1,1,1,2,1
SF,IH2005,2020-04-03 09:36:19.700,2688.2000,1605,0,39499980.000,0,-,-,-,-,2686.2000,2686.0000,2685.8000,2685.6000,2685.4000,2687.4000,2689.2000,2690.4000,2690.8000,2693.0000,2,1,1,3,2,1,1,1,2,1
SF,IH2005,2020-04-03 09:36:20.200,2688.2000,1605,0,39499980.000,0,-,-,-,-,2686.2000,2686.0000,2685.8000,2685.6000,2685.4000,2687.4000,2689.2000,2690.4000,2690.8000,2693.0000,1,1,1,3,2,1,1,1,2,1
SF,IH2005,2020-04-03 09:36:20.700,2688.2000,1605,0,39499980.000,0,-,-,-,-,2686.0000,2685.8000,2685.6000,2685.4000,2683.8000,2687.4000,2689.2000,2690.4000,2690.8000,2693.0000,1,1,3,2,1,1,1,1,2,1
SF,IH2005,2020-04-03 09:36:21.200,2688.2000,1605,0,39499980.000,0,-,-,-,-,2686.0000,2685.4000,2683.8000,2683.6000,2683.4000,2687.2000,2687.4000,2689.2000,2690.4000,2690.8000,1,1,1,3,3,1,1,1,1,2
SF,IH2005,2020-04-03 09:36:22.200,2688.2000,1605,0,39499980.000,0,-,-,-,-,2685.4000,2683.8000,2683.6000,2683.4000,2683.2000,2687.2000,2687.4000,2689.2000,2690.4000,2690.8000,1,1,3,3,1,1,1,1,1,2
SF,IH2005,2020-04-03 09:36:22.700,2688.2000,1605,0,39499980.000,0,-,-,-,-,2683.8000,2683.6000,2683.4000,2683.2000,2682.2000,2687.2000,2689.2000,2690.4000,2690.8000,2693.0000,1,3,3,1,1,1,1,6,2,1
SF,IH2005,2020-04-03 09:36:23.200,2688.2000,1605,0,39499980.000,0,-,-,-,-,2684.0000,2683.8000,2683.6000,2683.4000,2683.2000,2687.0000,2687.2000,2689.2000,2690.4000,2690.8000,6,2,3,3,1,2,1,1,1,2
SF,IH2005,2020-04-03 09:36:23.700,2688.2000,1605,0,39499980.000,0,-,-,-,-,2684.2000,2684.0000,2683.8000,2683.6000,2683.4000,2687.0000,2687.2000,2689.2000,2690.4000,2690.8000,1,6,1,3,3,2,1,1,1,2
SF,IH2005,2020-04-03 09:36:24.200,2688.2000,1605,0,39499980.000,0,-,-,-,-,2684.8000,2684.4000,2684.2000,2684.0000,2683.8000,2687.0000,2687.2000,2689.2000,2690.4000,2690.8000,1,4,1,4,1,2,1,1,1,2
SF,IH2005,2020-04-03 09:36:24.700,2688.2000,1605,0,39499980.000,0,-,-,-,-,2685.0000,2684.8000,2684.4000,2684.2000,2684.0000,2687.0000,2689.2000,2690.4000,2690.8000,2693.0000,5,1,3,1,4,2,1,1,2,1
SF,IH2005,2020-04-03 09:36:25.200,2688.2000,1605,0,39499980.000,0,-,-,-,-,2685.0000,2684.8000,2684.4000,2684.2000,2684.0000,2687.0000,2689.2000,2690.4000,2690.8000,2693.0000,5,1,3,1,4,2,1,1,2,1
SF,IH2005,2020-04-03 09:36:25.700,2688.2000,1605,0,39499980.000,0,-,-,-,-,2685.0000,2684.8000,2684.4000,2684.2000,2684.0000,2687.0000,2689.2000,2690.4000,2690.8000,2693.0000,5,1,3,1,3,2,1,1,2,1
SF,IH2005,2020-04-03 09:36:26.200,2688.2000,1605,0,39499980.000,0,-,-,-,-,2685.0000,2684.8000,2684.4000,2684.2000,2684.0000,2687.0000,2689.2000,2690.4000,2690.8000,2693.0000,5,1,3,1,3,2,1,1,2,1
SF,IH2005,2020-04-03 09:36:27.200,2688.2000,1605,0,39499980.000,0,-,-,-,-,2686.0000,2685.0000,2684.8000,2684.4000,2684.2000,2687.0000,2689.2000,2690.4000,2690.8000,2693.0000,1,5,1,3,1,2,1,1,2,1
