市场代码,合约代码,时间,最新,持仓,增仓,成交额,成交量,开仓,平仓,成交类型,方向,买一价,买二价,买三价,买四价,买五价,卖一价,卖二价,卖三价,卖四价,卖五价,买一量,买二量,买三量,买四量,买五量,卖一量,卖二量,卖三量,卖四量,卖五量
SF,IH2009,2020-03-12 09:29:00.000,2813.0000,8025,0,4219500.000,5.000,-,-,-,-,2810.0000,2809.0000,2808.0000,2807.0000,2805.0000,2814.0000,2816.6000,2817.6000,2818.0000,2820.0000,5,1,2,1,4,1,1,1,2,3
SF,IH2009,2020-03-12 09:30:00.500,2810.0000,8025,0,10124880.000,7,3,4,多换,S,2810.0000,2809.0000,2808.0000,2807.0000,2805.0000,2812.6000,2813.8000,2814.0000,2816.6000,2817.6000,2,1,2,1,4,1,1,2,1,1
SF,IH2009,2020-03-12 09:30:01.000,2810.0000,8026,1,13496880.000,4,2,2,空开,S,2809.0000,2808.0000,2807.0000,2805.0000,2803.0000,2809.8000,2810.0000,2811.0000,2812.4000,2812.6000,1,2,1,4,1,2,4,1,9,1
SF,IH2009,2020-03-12 09:30:01.500,2809.6000,8026,0,17710620.000,5,2,3,多换,S,2808.0000,2807.0000,2805.0000,2803.0000,2800.2000,2809.6000,2809.8000,2810.0000,2811.0000,2812.4000,1,1,4,1,2,2,2,5,1,3
SF,IH2009,2020-03-12 09:30:02.000,2808.0000,8026,0,19395900.000,2,1,1,多换,S,2807.0000,2805.0000,2803.0000,2801.6000,2800.6000,2809.0000,2809.4000,2809.6000,2809.8000,2810.0000,1,4,1,1,5,13,1,5,2,4
SF,IH2009,2020-03-12 09:30:02.500,2807.0000,8025,-1,21923340.000,3,1,2,多平,S,2805.0000,2803.0000,2801.6000,2800.6000,2800.2000,2808.0000,2809.0000,2809.6000,2810.0000,2811.0000,4,1,1,5,2,1,12,5,4,1
SF,IH2009,2020-03-12 09:30:03.000,2807.0000,8025,0,22765440.000,1,0,1,多换,S,2805.2000,2805.0000,2803.0000,2801.6000,2800.6000,2807.8000,2809.6000,2810.0000,2811.0000,2812.4000,1,4,1,1,5,1,5,3,1,3
SF,IH2009,2020-03-12 09:30:03.500,2807.8000,8025,0,23607780.000,1,0,1,多换,S,2805.4000,2805.2000,2805.0000,2803.0000,2801.6000,2809.6000,2810.0000,2811.0000,2812.4000,2812.6000,1,2,4,1,1,2,3,1,3,2
SF,IH2009,2020-03-12 09:30:04.000,2807.8000,8025,0,23607780.000,0,-,-,-,-,2805.6000,2805.4000,2805.2000,2805.0000,2803.0000,2809.6000,2810.0000,2811.0000,2812.4000,2812.6000,2,1,1,4,1,2,3,1,3,2
SF,IH2009,2020-03-12 09:30:04.500,2807.8000,8025,0,23607780.000,0,-,-,-,-,2805.8000,2805.6000,2805.2000,2805.0000,2803.0000,2809.6000,2810.0000,2811.0000,2812.6000,2815.8000,1,2,1,4,1,2,3,1,2,5
SF,IH2009,2020-03-12 09:30:05.000,2807.8000,8025,0,23607780.000,0,-,-,-,-,2806.0000,2805.8000,2805.6000,2805.2000,2805.0000,2809.6000,2810.0000,2811.0000,2812.6000,2815.8000,2,1,1,1,4,2,3,1,2,5
SF,IH2009,2020-03-12 09:30:05.500,2807.8000,8025,0,23607780.000,0,-,-,-,-,2807.0000,2806.2000,2806.0000,2805.6000,2805.2000,2809.6000,2810.0000,2812.6000,2815.8000,2816.6000,1,2,3,1,1,1,3,2,5,1
SF,IH2009,2020-03-12 09:30:06.000,2809.6000,8024,-1,25293540.000,2,0,2,多平,S,2808.0000,2807.2000,2807.0000,2806.2000,2806.0000,2810.0000,2812.6000,2815.8000,2816.6000,2818.0000,1,2,1,1,2,3,2,5,1,1
SF,IH2009,2020-03-12 09:30:06.500,2808.2000,8022,-2,26978460.000,2,0,2,双平,S,2808.0000,2807.4000,2807.2000,2807.0000,2805.0000,2810.0000,2812.6000,2815.8000,2816.6000,2818.0000,1,1,2,1,4,3,2,5,1,1
SF,IH2009,2020-03-12 09:30:07.000,2808.2000,8022,0,26978460.000,0,-,-,-,-,2808.2000,2808.0000,2807.2000,2807.0000,2805.0000,2810.0000,2812.6000,2815.8000,2816.6000,2818.0000,1,1,2,1,4,3,2,5,1,1
SF,IH2009,2020-03-12 09:30:08.000,2810.0000,8022,0,27821460.000,1,0,1,多换,S,2808.6000,2808.2000,2808.0000,2807.2000,2807.0000,2810.0000,2812.6000,2816.6000,2818.0000,2819.6000,1,1,1,2,1,2,2,1,1,5
SF,IH2009,2020-03-12 09:30:08.500,2810.0000,8021,-1,28664460.000,1,0,1,双平,S,2808.6000,2808.0000,2807.2000,2807.0000,2805.0000,2810.0000,2812.6000,2816.6000,2818.0000,2819.6000,1,1,2,1,4,1,2,1,1,5
SF,IH2009,2020-03-12 09:30:09.000,2810.0000,8021,0,28664460.000,0,-,-,-,-,2808.8000,2808.2000,2808.0000,2807.2000,2807.0000,2810.0000,2812.6000,2816.6000,2818.0000,2819.6000,1,1,1,2,1,1,2,1,1,5
SF,IH2009,2020-03-12 09:30:10.000,2808.8000,8020,-1,29507100.000,1,0,1,双平,S,2808.2000,2808.0000,2807.2000,2807.0000,2805.0000,2810.0000,2812.6000,2816.6000,2818.0000,2819.6000,1,1,2,1,4,1,2,1,1,5
SF,IH2009,2020-03-12 09:30:10.500,2808.8000,8020,0,29507100.000,0,-,-,-,-,2808.2000,2808.0000,2807.2000,2807.0000,2805.0000,2809.8000,2810.0000,2812.6000,2816.6000,2818.0000,1,1,2,1,4,2,1,2,1,1
SF,IH2009,2020-03-12 09:30:11.000,2809.8000,8019,-1,30350040.000,1,0,1,双平,S,2808.2000,2807.2000,2807.0000,2805.0000,2803.0000,2809.8000,2810.0000,2812.6000,2816.6000,2818.0000,1,2,1,4,1,1,1,2,1,1
SF,IH2009,2020-03-12 09:30:11.500,2808.4000,8018,-1,31192560.000,1,0,1,双平,S,2808.2000,2808.0000,2807.2000,2807.0000,2805.0000,2810.0000,2812.6000,2816.6000,2818.0000,2819.6000,1,1,2,1,4,1,2,1,1,5
SF,IH2009,2020-03-12 09:30:12.000,2808.4000,8018,0,31192560.000,0,-,-,-,-,2808.2000,2808.0000,2807.2000,2807.0000,2805.0000,2810.0000,2812.6000,2816.6000,2818.0000,2819.6000,1,1,2,1,4,1,2,1,1,5
SF,IH2009,2020-03-12 09:30:12.500,2809.8000,8018,0,32035500.000,1,0,1,多换,S,2808.2000,2807.2000,2807.0000,2805.0000,2803.0000,2810.0000,2812.6000,2816.6000,2818.0000,2819.6000,1,2,1,4,1,1,2,1,1,5
SF,IH2009,2020-03-12 09:30:13.000,2809.8000,8018,0,32035500.000,0,-,-,-,-,2808.2000,2808.0000,2807.2000,2807.0000,2805.0000,2810.0000,2812.6000,2816.6000,2818.0000,2819.6000,1,1,2,1,4,1,2,1,1,5
SF,IH2009,2020-03-12 09:30:13.500,2810.0000,8018,0,32878500.000,1,0,1,多换,S,2810.0000,2808.2000,2807.2000,2807.0000,2805.0000,2812.6000,2816.6000,2818.0000,2819.6000,2820.0000,4,1,2,1,4,2,1,1,5,3
SF,IH2009,2020-03-12 09:30:14.000,2810.0000,8018,0,33721500.000,1,0,1,多换,S,2810.2000,2810.0000,2808.2000,2807.2000,2807.0000,2811.8000,2812.4000,2812.6000,2818.0000,2819.6000,1,3,1,1,1,1,1,2,1,5
SF,IH2009,2020-03-12 09:30:14.500,2810.0000,8017,-1,34564500.000,1,0,1,双平,S,2810.0000,2808.2000,2807.2000,2807.0000,2805.0000,2810.2000,2811.6000,2811.8000,2812.4000,2812.6000,3,1,1,1,4,7,1,1,1,2
SF,IH2009,2020-03-12 09:30:15.000,2810.0000,8017,0,36250500.000,2,1,1,多换,S,2810.0000,2808.2000,2807.2000,2807.0000,2805.0000,2811.6000,2811.8000,2812.6000,2818.0000,2819.6000,1,1,1,1,4,1,1,2,1,5
SF,IH2009,2020-03-12 09:30:15.500,2810.0000,8017,0,37093500.000,1,0,1,多换,S,2808.2000,2807.2000,2807.0000,2805.0000,2803.0000,2811.6000,2811.8000,2812.6000,2818.0000,2819.6000,1,1,1,4,1,1,1,2,1,5
SF,IH2009,2020-03-12 09:30:16.000,2811.6000,8015,-2,38780400.000,2,0,2,双平,S,2808.4000,2808.2000,2808.0000,2807.2000,2807.0000,2811.8000,2812.6000,2818.0000,2819.6000,2820.0000,2,1,1,1,1,1,2,1,5,3
SF,IH2009,2020-03-12 09:30:16.500,2811.6000,8015,0,38780400.000,0,-,-,-,-,2808.4000,2808.2000,2808.0000,2807.2000,2807.0000,2811.6000,2811.8000,2812.6000,2818.0000,2819.6000,2,1,1,1,1,1,1,2,1,5
SF,IH2009,2020-03-12 09:30:17.000,2811.6000,8014,-1,39623880.000,1,0,1,双平,S,2808.6000,2808.4000,2808.2000,2808.0000,2807.2000,2811.8000,2812.6000,2818.0000,2819.6000,2820.0000,1,2,1,1,1,1,2,1,5,3
SF,IH2009,2020-03-12 09:30:17.500,2808.8000,8013,-1,40466520.000,1,0,1,双平,S,2808.8000,2808.6000,2808.2000,2808.0000,2807.2000,2811.8000,2812.6000,2818.0000,2819.6000,2820.0000,2,1,1,1,1,1,2,1,5,3
SF,IH2009,2020-03-12 09:30:18.000,2808.8000,8013,0,40466520.000,0,-,-,-,-,2808.8000,2808.6000,2808.2000,2808.0000,2807.2000,2810.8000,2811.8000,2812.6000,2818.0000,2819.6000,2,1,1,1,1,1,1,2,1,5
SF,IH2009,2020-03-12 09:30:18.500,2808.8000,8013,0,40466520.000,0,-,-,-,-,2808.8000,2808.6000,2808.2000,2808.0000,2807.2000,2810.8000,2811.8000,2812.6000,2818.0000,2819.6000,2,1,1,1,1,1,1,2,1,5
SF,IH2009,2020-03-12 09:30:19.000,2808.8000,8013,0,40466520.000,0,-,-,-,-,2808.8000,2808.6000,2808.2000,2808.0000,2807.2000,2810.8000,2811.8000,2812.6000,2818.0000,2819.6000,2,1,1,1,1,1,1,2,1,5
SF,IH2009,2020-03-12 09:30:19.500,2808.8000,8013,0,40466520.000,0,-,-,-,-,2808.8000,2808.6000,2808.2000,2808.0000,2807.2000,2810.8000,2811.8000,2812.6000,2818.0000,2819.6000,2,1,1,1,1,1,1,2,1,5
SF,IH2009,2020-03-12 09:30:20.000,2808.8000,8013,0,40466520.000,0,-,-,-,-,2808.8000,2808.6000,2808.2000,2808.0000,2807.2000,2810.8000,2811.8000,2812.6000,2818.0000,2819.6000,2,1,1,1,1,1,1,2,1,5
SF,IH2009,2020-03-12 09:30:20.500,2808.8000,8013,0,40466520.000,0,-,-,-,-,2808.8000,2808.6000,2808.2000,2808.0000,2807.2000,2810.8000,2811.8000,2812.6000,2818.0000,2819.6000,2,1,1,1,1,1,1,2,1,5
SF,IH2009,2020-03-12 09:30:21.000,2808.8000,8013,0,40466520.000,0,-,-,-,-,2808.8000,2808.6000,2808.2000,2808.0000,2807.2000,2810.8000,2811.8000,2812.6000,2818.0000,2819.6000,2,1,1,2,1,1,1,2,1,5
SF,IH2009,2020-03-12 09:30:21.500,2808.8000,8013,0,40466520.000,0,-,-,-,-,2808.8000,2808.6000,2808.2000,2808.0000,2807.2000,2810.8000,2811.8000,2812.6000,2818.0000,2819.6000,2,1,1,1,1,1,1,2,1,5
SF,IH2009,2020-03-12 09:30:22.000,2808.8000,8012,-1,41309160.000,1,0,1,双平,S,2808.8000,2808.6000,2808.2000,2808.0000,2807.2000,2810.8000,2811.8000,2812.6000,2818.0000,2819.0000,2,1,1,1,1,1,1,2,1,1
SF,IH2009,2020-03-12 09:30:22.500,2808.8000,8012,0,41309160.000,0,-,-,-,-,2808.8000,2808.6000,2808.2000,2808.0000,2807.2000,2810.8000,2811.8000,2812.6000,2818.0000,2819.0000,2,1,1,1,1,1,1,2,1,1
SF,IH2009,2020-03-12 09:30:23.000,2808.8000,8012,0,41309160.000,0,-,-,-,-,2808.8000,2808.2000,2808.0000,2807.2000,2807.0000,2810.8000,2811.8000,2812.6000,2818.0000,2819.0000,2,1,1,1,1,1,1,2,1,1
SF,IH2009,2020-03-12 09:30:23.500,2808.8000,8012,0,41309160.000,0,-,-,-,-,2808.8000,2808.2000,2808.0000,2807.2000,2807.0000,2810.6000,2810.8000,2811.8000,2812.6000,2818.0000,2,1,1,1,1,1,1,1,2,1
SF,IH2009,2020-03-12 09:30:25.000,2808.8000,8012,0,41309160.000,0,-,-,-,-,2808.8000,2808.2000,2808.0000,2807.2000,2807.0000,2810.8000,2811.8000,2812.6000,2818.0000,2819.0000,2,1,1,1,1,1,1,2,1,1
SF,IH2009,2020-03-12 09:30:25.500,2808.8000,8012,0,41309160.000,0,-,-,-,-,2808.8000,2808.2000,2808.0000,2807.2000,2807.0000,2810.8000,2811.8000,2812.6000,2818.0000,2819.0000,2,1,2,1,1,1,1,2,1,1
SF,IH2009,2020-03-12 09:30:26.000,2808.8000,8012,0,41309160.000,0,-,-,-,-,2809.0000,2808.8000,2808.2000,2808.0000,2807.2000,2810.8000,2811.8000,2812.6000,2818.0000,2819.0000,1,2,1,2,1,1,1,2,1,1
SF,IH2009,2020-03-12 09:30:26.500,2808.8000,8012,0,41309160.000,0,-,-,-,-,2809.2000,2809.0000,2808.8000,2808.2000,2808.0000,2810.8000,2811.8000,2812.6000,2818.0000,2819.0000,1,1,1,1,2,1,1,2,1,1
SF,IH2009,2020-03-12 09:30:28.500,2808.8000,8012,0,41309160.000,0,-,-,-,-,2809.2000,2809.0000,2808.8000,2808.6000,2808.2000,2810.8000,2811.8000,2812.6000,2818.0000,2819.0000,1,1,1,1,1,1,1,2,1,1
SF,IH2009,2020-03-12 09:30:30.000,2810.8000,8011,-1,42152400.000,1,0,1,双平,S,2809.2000,2809.0000,2808.8000,2808.6000,2808.2000,2811.8000,2812.6000,2818.0000,2819.0000,2819.6000,1,1,1,1,1,1,2,1,1,5
SF,IH2009,2020-03-12 09:30:30.500,2810.8000,8011,0,42152400.000,0,-,-,-,-,2809.4000,2809.2000,2809.0000,2808.6000,2808.2000,2811.8000,2812.6000,2818.0000,2819.0000,2819.6000,1,1,1,1,1,1,2,1,1,5
SF,IH2009,2020-03-12 09:30:31.000,2810.8000,8011,0,42152400.000,0,-,-,-,-,2810.8000,2809.6000,2809.4000,2809.0000,2808.6000,2811.8000,2812.6000,2818.0000,2819.0000,2819.6000,1,1,1,1,1,2,2,1,1,5
SF,IH2009,2020-03-12 09:30:31.500,2810.8000,8011,0,42995640.000,1,0,1,多换,S,2809.6000,2809.4000,2808.6000,2808.2000,2808.0000,2810.8000,2811.8000,2812.6000,2818.0000,2819.0000,1,1,1,1,2,5,2,2,1,1
SF,IH2009,2020-03-12 09:30:32.000,2810.8000,8011,0,42995640.000,0,-,-,-,-,2809.6000,2808.6000,2808.2000,2808.0000,2807.2000,2810.8000,2811.6000,2811.8000,2812.6000,2818.0000,1,1,1,2,1,5,1,2,2,1
SF,IH2009,2020-03-12 09:30:32.500,2810.8000,8011,0,42995640.000,0,-,-,-,-,2809.6000,2808.6000,2808.2000,2808.0000,2807.2000,2810.8000,2811.6000,2811.8000,2812.6000,2818.0000,1,1,1,2,1,5,1,1,2,1
SF,IH2009,2020-03-12 09:30:33.000,2810.8000,8011,0,42995640.000,0,-,-,-,-,2809.6000,2808.6000,2808.2000,2808.0000,2807.2000,2811.6000,2811.8000,2812.6000,2818.0000,2819.0000,1,1,1,2,1,1,1,2,1,1
SF,IH2009,2020-03-12 09:30:33.500,2810.8000,8011,0,42995640.000,0,-,-,-,-,2809.6000,2808.6000,2808.2000,2808.0000,2807.2000,2812.6000,2818.0000,2819.0000,2819.6000,2820.0000,1,1,1,2,1,2,1,1,5,3
SF,IH2009,2020-03-12 09:30:34.000,2810.8000,8011,0,42995640.000,0,-,-,-,-,2810.0000,2809.8000,2809.6000,2808.6000,2808.2000,2812.6000,2818.0000,2819.0000,2819.6000,2820.0000,1,1,1,1,1,2,1,1,5,3
SF,IH2009,2020-03-12 09:30:34.500,2810.8000,8011,0,42995640.000,0,-,-,-,-,2810.2000,2810.0000,2808.6000,2808.2000,2808.0000,2812.4000,2812.6000,2818.0000,2819.0000,2819.6000,2,1,1,1,2,1,2,1,1,5
SF,IH2009,2020-03-12 09:30:35.000,2810.8000,8011,0,42995640.000,0,-,-,-,-,2810.2000,2808.6000,2808.2000,2808.0000,2807.2000,2812.4000,2812.6000,2818.0000,2819.0000,2819.6000,2,1,1,2,1,1,2,1,1,5
SF,IH2009,2020-03-12 09:30:37.000,2810.2000,8010,-1,43838700.000,1,0,1,双平,S,2810.2000,2808.6000,2808.2000,2808.0000,2807.2000,2812.4000,2812.6000,2818.0000,2819.0000,2819.6000,1,1,1,2,1,1,2,1,1,5
SF,IH2009,2020-03-12 09:30:37.500,2810.2000,8010,0,44681760.000,1,0,1,多换,S,2808.6000,2808.2000,2808.0000,2807.2000,2807.0000,2812.6000,2818.0000,2819.0000,2819.6000,2820.0000,1,1,2,1,1,2,1,1,5,3
SF,IH2009,2020-03-12 09:30:38.000,2810.2000,8010,0,44681760.000,0,-,-,-,-,2808.8000,2808.6000,2808.2000,2808.0000,2807.2000,2811.8000,2812.4000,2812.6000,2818.0000,2819.0000,1,1,1,2,1,1,2,2,1,1
SF,IH2009,2020-03-12 09:30:38.500,2810.2000,8010,0,44681760.000,0,-,-,-,-,2808.8000,2808.2000,2808.0000,2807.2000,2807.0000,2811.6000,2811.8000,2812.6000,2818.0000,2819.0000,1,1,2,1,1,2,1,2,1,1
SF,IH2009,2020-03-12 09:30:39.000,2810.2000,8010,0,44681760.000,0,-,-,-,-,2808.8000,2808.2000,2808.0000,2807.2000,2807.0000,2811.6000,2811.8000,2812.6000,2818.0000,2819.0000,1,1,2,1,1,3,1,2,1,1
SF,IH2009,2020-03-12 09:30:40.000,2811.6000,8010,0,45525240.000,1,0,1,多换,S,2809.0000,2808.8000,2808.2000,2808.0000,2807.2000,2811.6000,2812.6000,2818.0000,2819.0000,2819.6000,1,1,1,2,1,2,2,1,1,5
SF,IH2009,2020-03-12 09:30:40.500,2811.6000,8010,0,45525240.000,0,-,-,-,-,2809.2000,2809.0000,2808.2000,2808.0000,2807.2000,2812.6000,2818.0000,2819.0000,2819.6000,2820.0000,1,1,1,2,1,2,1,1,5,3
SF,IH2009,2020-03-12 09:30:41.000,2811.6000,8010,0,45525240.000,0,-,-,-,-,2809.4000,2809.2000,2808.2000,2808.0000,2807.2000,2812.4000,2812.6000,2818.0000,2819.0000,2819.6000,1,1,1,2,1,1,2,1,1,5
SF,IH2009,2020-03-12 09:30:41.500,2811.6000,8010,0,45525240.000,0,-,-,-,-,2809.6000,2809.4000,2808.2000,2808.0000,2807.2000,2812.4000,2812.6000,2818.0000,2819.0000,2819.6000,1,1,1,2,1,1,2,1,1,5
SF,IH2009,2020-03-12 09:30:42.000,2811.6000,8010,0,45525240.000,0,-,-,-,-,2809.8000,2809.6000,2808.2000,2808.0000,2807.2000,2812.2000,2812.4000,2812.6000,2818.0000,2819.0000,1,1,1,2,1,1,1,2,1,1
SF,IH2009,2020-03-12 09:30:42.500,2811.6000,8010,0,45525240.000,0,-,-,-,-,2810.0000,2809.8000,2808.2000,2808.0000,2807.2000,2812.2000,2812.6000,2818.0000,2819.0000,2819.6000,1,1,1,2,1,1,2,1,1,5
SF,IH2009,2020-03-12 09:30:43.000,2811.6000,8010,0,45525240.000,0,-,-,-,-,2810.6000,2810.2000,2810.0000,2808.2000,2808.0000,2812.2000,2812.6000,2818.0000,2819.0000,2819.6000,2,2,1,1,2,1,1,1,1,5
SF,IH2009,2020-03-12 09:30:43.500,2811.6000,8010,0,45525240.000,0,-,-,-,-,2810.4000,2810.2000,2810.0000,2808.2000,2808.0000,2811.8000,2812.6000,2818.0000,2819.0000,2819.6000,1,1,1,1,2,1,1,1,1,5
SF,IH2009,2020-03-12 09:30:44.000,2810.0000,8009,-1,47211360.000,2,0,2,多平,S,2808.2000,2808.0000,2807.2000,2807.0000,2805.0000,2812.6000,2818.0000,2819.0000,2819.6000,2820.0000,1,2,1,1,4,1,1,1,5,3
SF,IH2009,2020-03-12 09:30:44.500,2810.0000,8009,0,47211360.000,0,-,-,-,-,2810.6000,2808.6000,2808.4000,2808.2000,2808.0000,2812.6000,2818.0000,2819.0000,2819.6000,2820.0000,1,1,3,1,3,1,1,1,5,3
SF,IH2009,2020-03-12 09:30:45.000,2810.0000,8008,-1,48054360.000,1,0,1,双平,S,2808.6000,2808.4000,2808.2000,2808.0000,2807.0000,2809.8000,2812.4000,2812.6000,2818.0000,2819.0000,1,3,1,3,1,1,1,2,1,1
SF,IH2009,2020-03-12 09:30:45.500,2810.0000,8007,-1,48897360.000,1,0,1,双平,S,2811.0000,2810.6000,2810.0000,2808.8000,2808.2000,2812.4000,2812.6000,2818.0000,2819.0000,2819.6000,1,1,1,2,1,1,1,1,1,5
SF,IH2009,2020-03-12 09:30:46.000,2810.0000,8007,0,48897360.000,0,-,-,-,-,2810.6000,2810.0000,2808.8000,2808.2000,2808.0000,2812.4000,2812.6000,2818.0000,2819.0000,2819.6000,1,1,2,1,3,1,1,1,1,5
SF,IH2009,2020-03-12 09:30:46.500,2810.0000,8007,0,48897360.000,0,-,-,-,-,2810.6000,2810.0000,2808.8000,2808.2000,2808.0000,2812.6000,2818.0000,2819.0000,2819.6000,2820.0000,1,1,2,1,3,1,1,1,5,3
SF,IH2009,2020-03-12 09:30:47.000,2810.0000,8007,0,48897360.000,0,-,-,-,-,2811.0000,2810.8000,2810.6000,2810.0000,2808.8000,2812.6000,2818.0000,2819.0000,2819.6000,2820.0000,1,1,1,1,1,1,1,1,5,3
SF,IH2009,2020-03-12 09:30:47.500,2810.0000,8007,0,48897360.000,0,-,-,-,-,2811.0000,2810.8000,2810.6000,2810.0000,2808.8000,2812.0000,2812.6000,2818.0000,2819.0000,2819.6000,1,1,1,1,1,3,1,1,1,5
SF,IH2009,2020-03-12 09:30:48.000,2812.6000,8007,0,52271940.000,4,2,2,多换,S,2814.0000,2813.2000,2811.8000,2811.2000,2811.0000,2818.0000,2819.0000,2820.0000,2823.4000,2824.0000,1,1,1,2,1,1,1,3,5,1
SF,IH2009,2020-03-12 09:30:48.500,2814.0000,8005,-2,53960340.000,2,0,2,双平,S,2812.6000,2810.6000,2808.2000,2808.0000,2805.0000,2814.0000,2815.2000,2817.0000,2817.8000,2818.0000,1,1,1,3,4,7,1,1,4,1
SF,IH2009,2020-03-12 09:30:49.000,2812.6000,8005,0,54804120.000,1,0,1,多换,S,2810.6000,2808.2000,2808.0000,2805.0000,2803.0000,2813.8000,2814.0000,2815.2000,2817.0000,2817.8000,1,1,3,4,1,1,1,1,1,2
SF,IH2009,2020-03-12 09:30:49.500,2812.6000,8005,0,54804120.000,0,-,-,-,-,2810.6000,2808.2000,2808.0000,2805.0000,2803.0000,2813.6000,2813.8000,2814.0000,2815.2000,2817.0000,1,1,3,4,1,1,1,1,1,1
SF,IH2009,2020-03-12 09:30:50.000,2812.6000,8005,0,54804120.000,0,-,-,-,-,2810.6000,2808.2000,2808.0000,2805.0000,2803.0000,2813.4000,2813.6000,2814.0000,2815.2000,2817.0000,1,1,3,4,1,1,1,1,1,1
SF,IH2009,2020-03-12 09:30:50.500,2812.6000,8005,0,54804120.000,0,-,-,-,-,2810.6000,2808.2000,2808.0000,2805.0000,2803.0000,2813.2000,2813.4000,2814.0000,2815.2000,2817.0000,1,1,3,4,1,1,2,1,1,1
SF,IH2009,2020-03-12 09:30:51.500,2813.2000,8004,-1,55648080.000,1,0,1,双平,S,2811.0000,2810.8000,2810.6000,2808.2000,2808.0000,2813.4000,2815.2000,2817.0000,2818.0000,2819.0000,1,1,1,1,3,2,1,1,1,1
SF,IH2009,2020-03-12 09:30:52.000,2813.2000,8004,0,55648080.000,0,-,-,-,-,2811.2000,2810.6000,2808.2000,2808.0000,2805.0000,2815.2000,2817.0000,2818.0000,2819.0000,2820.0000,2,1,1,3,4,1,1,1,1,3
SF,IH2009,2020-03-12 09:30:52.500,2813.2000,8004,0,55648080.000,0,-,-,-,-,2811.2000,2810.8000,2810.6000,2808.2000,2808.0000,2815.0000,2815.2000,2817.0000,2818.0000,2819.0000,1,1,1,1,3,1,1,1,1,1
SF,IH2009,2020-03-12 09:30:53.000,2813.2000,8004,0,55648080.000,0,-,-,-,-,2811.4000,2811.2000,2810.8000,2810.6000,2808.2000,2814.0000,2815.0000,2815.2000,2817.0000,2818.0000,2,1,1,1,1,1,1,1,1,1
SF,IH2009,2020-03-12 09:30:53.500,2813.2000,8004,0,55648080.000,0,-,-,-,-,2811.6000,2811.4000,2810.8000,2810.6000,2808.2000,2814.0000,2815.0000,2815.2000,2817.0000,2818.0000,1,2,1,1,6,1,1,1,1,1
SF,IH2009,2020-03-12 09:30:54.000,2813.2000,8004,0,55648080.000,0,-,-,-,-,2811.6000,2811.4000,2810.8000,2810.6000,2808.2000,2813.8000,2814.0000,2815.0000,2815.2000,2817.0000,1,1,1,1,6,1,1,1,1,1
SF,IH2009,2020-03-12 09:30:55.500,2811.6000,8003,-1,56491560.000,1,0,1,双平,S,2811.4000,2810.8000,2810.6000,2808.2000,2808.0000,2813.6000,2813.8000,2814.0000,2815.0000,2815.2000,1,1,1,1,3,1,1,1,1,1
SF,IH2009,2020-03-12 09:30:56.000,2813.4000,8003,0,57335580.000,1,0,1,多换,S,2810.8000,2810.6000,2808.2000,2808.0000,2805.0000,2813.4000,2813.6000,2813.8000,2814.0000,2815.2000,1,1,1,3,4,2,1,1,1,1
SF,IH2009,2020-03-12 09:30:56.500,2813.4000,8003,0,57335580.000,0,-,-,-,-,2810.8000,2810.6000,2808.2000,2808.0000,2805.0000,2813.2000,2813.4000,2813.8000,2814.0000,2815.2000,1,1,1,3,4,1,2,1,1,1
SF,IH2009,2020-03-12 09:30:57.000,2813.4000,8003,0,57335580.000,0,-,-,-,-,2810.8000,2810.6000,2808.2000,2808.0000,2805.0000,2813.0000,2813.2000,2813.4000,2813.8000,2814.0000,1,1,1,3,4,1,1,2,1,1
SF,IH2009,2020-03-12 09:30:57.500,2813.4000,8003,0,57335580.000,0,-,-,-,-,2810.8000,2808.2000,2808.0000,2805.0000,2804.4000,2812.6000,2812.8000,2813.0000,2813.4000,2813.8000,1,1,3,4,5,1,1,1,2,1
SF,IH2009,2020-03-12 09:30:58.000,2813.2000,8003,0,58179540.000,1,0,1,多换,S,2810.8000,2808.2000,2808.0000,2805.0000,2804.4000,2812.6000,2812.8000,2813.0000,2813.4000,2813.8000,1,1,3,4,5,1,1,1,2,1
SF,IH2009,2020-03-12 09:30:58.500,2813.0000,8003,0,59023440.000,1,0,1,多换,S,2810.8000,2808.2000,2808.0000,2805.0000,2804.4000,2812.8000,2813.0000,2813.4000,2813.8000,2814.0000,1,1,3,4,5,1,1,2,1,1
SF,IH2009,2020-03-12 09:30:59.000,2813.0000,8003,0,59023440.000,0,-,-,-,-,2811.0000,2810.8000,2808.2000,2808.0000,2805.0000,2812.8000,2813.0000,2813.4000,2814.0000,2815.2000,1,1,1,3,4,1,1,2,1,1
SF,IH2009,2020-03-12 09:30:59.500,2813.0000,8003,0,59023440.000,0,-,-,-,-,2811.0000,2810.8000,2808.2000,2808.0000,2805.0000,2812.8000,2813.0000,2813.4000,2814.0000,2815.2000,1,1,1,3,4,1,1,2,1,1
SF,IH2009,2020-03-12 09:31:00.000,2813.0000,8003,0,59023440.000,0,-,-,-,-,2811.0000,2810.8000,2809.8000,2808.8000,2808.2000,2812.8000,2813.0000,2813.4000,2814.0000,2815.2000,1,1,1,1,1,1,1,2,1,1
SF,IH2009,2020-03-12 09:31:01.000,2813.0000,8003,0,59023440.000,0,-,-,-,-,2811.0000,2810.8000,2809.8000,2808.8000,2808.2000,2812.8000,2813.0000,2813.4000,2814.0000,2815.2000,1,1,1,1,1,1,1,1,1,1
SF,IH2009,2020-03-12 09:31:03.500,2813.0000,8003,0,59023440.000,0,-,-,-,-,2812.6000,2811.0000,2810.8000,2809.8000,2808.8000,2812.8000,2813.0000,2813.4000,2814.0000,2815.2000,1,1,1,1,1,1,1,1,1,1
SF,IH2009,2020-03-12 09:31:04.000,2812.6000,8003,0,59867220.000,1,0,1,多换,S,2811.0000,2810.8000,2809.8000,2808.8000,2808.2000,2813.0000,2813.4000,2814.0000,2815.2000,2818.0000,1,1,1,1,1,1,1,1,1,1
SF,IH2009,2020-03-12 09:31:04.500,2812.6000,8003,0,59867220.000,0,-,-,-,-,2811.0000,2810.8000,2809.8000,2808.8000,2808.2000,2812.8000,2813.0000,2814.0000,2815.2000,2818.0000,1,1,1,1,1,1,1,1,1,1
SF,IH2009,2020-03-12 09:31:05.000,2812.6000,8003,0,59867220.000,0,-,-,-,-,2811.0000,2810.8000,2809.8000,2808.8000,2808.2000,2812.8000,2813.0000,2814.0000,2815.2000,2818.0000,1,1,1,1,1,1,1,1,1,1
SF,IH2009,2020-03-12 09:31:05.500,2812.6000,8003,0,59867220.000,0,-,-,-,-,2811.0000,2810.8000,2809.8000,2808.8000,2808.2000,2812.8000,2813.0000,2814.0000,2815.2000,2818.0000,1,1,1,1,1,2,1,1,1,1
SF,IH2009,2020-03-12 09:31:06.000,2811.0000,8003,0,60710520.000,1,0,1,多换,S,2810.8000,2809.8000,2808.8000,2808.2000,2808.0000,2811.8000,2812.8000,2813.0000,2814.0000,2818.0000,1,1,1,1,3,1,2,1,1,1
SF,IH2009,2020-03-12 09:31:06.500,2811.0000,8003,0,60710520.000,0,-,-,-,-,2810.8000,2809.8000,2808.8000,2808.2000,2808.0000,2811.8000,2812.8000,2814.0000,2818.0000,2819.0000,1,1,1,1,3,1,2,1,1,1
SF,IH2009,2020-03-12 09:31:07.500,2810.8000,8002,-1,62397000.000,2,0,2,多平,S,2809.8000,2808.8000,2808.2000,2808.0000,2807.0000,2810.8000,2811.8000,2812.8000,2814.0000,2818.0000,1,1,1,3,1,1,1,2,1,1
SF,IH2009,2020-03-12 09:31:08.000,2810.8000,8002,0,62397000.000,0,-,-,-,-,2809.8000,2808.8000,2808.2000,2808.0000,2807.0000,2810.8000,2811.8000,2812.8000,2814.0000,2818.0000,1,1,1,3,1,1,1,2,1,1
SF,IH2009,2020-03-12 09:31:08.500,2810.8000,8001,-1,63240240.000,1,0,1,双平,S,2809.8000,2808.8000,2808.2000,2808.0000,2807.0000,2811.8000,2812.8000,2814.0000,2818.0000,2819.0000,1,1,1,3,1,1,2,1,1,1
SF,IH2009,2020-03-12 09:31:09.000,2810.8000,8001,0,63240240.000,0,-,-,-,-,2809.8000,2808.8000,2808.2000,2808.0000,2807.0000,2812.8000,2814.0000,2818.0000,2819.0000,2820.0000,1,1,1,3,1,1,1,1,1,3
SF,IH2009,2020-03-12 09:31:09.500,2811.8000,8000,-1,64083780.000,1,0,1,双平,S,2811.8000,2810.0000,2809.8000,2808.8000,2808.2000,2812.8000,2814.0000,2818.0000,2819.0000,2820.0000,1,1,1,1,1,1,1,1,1,3
SF,IH2009,2020-03-12 09:31:10.000,2811.8000,8000,0,64083780.000,0,-,-,-,-,2811.8000,2810.0000,2809.8000,2808.8000,2808.2000,2812.8000,2814.0000,2818.0000,2819.0000,2820.0000,1,1,1,1,1,1,1,1,1,3
SF,IH2009,2020-03-12 09:31:10.500,2811.8000,8000,0,64083780.000,0,-,-,-,-,2811.8000,2810.0000,2809.8000,2808.8000,2808.2000,2812.6000,2812.8000,2814.0000,2818.0000,2819.0000,1,1,1,1,1,1,1,1,1,1
SF,IH2009,2020-03-12 09:31:11.000,2811.8000,8000,0,64083780.000,0,-,-,-,-,2811.8000,2810.0000,2809.8000,2808.8000,2808.2000,2812.6000,2812.8000,2814.0000,2818.0000,2819.0000,1,1,1,1,1,1,1,1,1,1
SF,IH2009,2020-03-12 09:31:11.500,2811.8000,8000,0,64083780.000,0,-,-,-,-,2811.8000,2810.0000,2809.8000,2808.8000,2808.2000,2814.0000,2818.0000,2819.0000,2820.0000,2823.4000,1,1,1,1,1,1,1,1,3,5
SF,IH2009,2020-03-12 09:31:12.000,2811.8000,8000,0,64083780.000,0,-,-,-,-,2811.8000,2810.0000,2809.8000,2808.8000,2808.2000,2814.0000,2818.0000,2819.0000,2820.0000,2823.4000,1,1,1,1,1,1,1,1,3,5
SF,IH2009,2020-03-12 09:31:12.500,2811.8000,7999,-1,64927320.000,1,0,1,双平,S,2810.0000,2809.8000,2808.8000,2808.2000,2808.0000,2813.8000,2814.0000,2818.0000,2819.0000,2820.0000,1,1,1,1,3,2,2,1,1,3
SF,IH2009,2020-03-12 09:31:13.000,2811.8000,7999,0,64927320.000,0,-,-,-,-,2810.0000,2809.8000,2808.8000,2808.2000,2808.0000,2813.6000,2813.8000,2814.0000,2818.0000,2819.0000,1,1,1,1,3,2,1,2,1,1
SF,IH2009,2020-03-12 09:31:13.500,2811.8000,7999,0,64927320.000,0,-,-,-,-,2810.0000,2809.8000,2808.8000,2808.2000,2808.0000,2813.4000,2813.6000,2814.0000,2818.0000,2819.0000,1,1,1,1,3,1,3,2,1,1
SF,IH2009,2020-03-12 09:31:14.000,2811.8000,7999,0,64927320.000,0,-,-,-,-,2810.0000,2809.8000,2808.8000,2808.2000,2808.0000,2813.4000,2813.6000,2814.0000,2818.0000,2819.0000,1,1,1,1,3,1,1,2,1,1
SF,IH2009,2020-03-12 09:31:14.500,2811.8000,7999,0,64927320.000,0,-,-,-,-,2810.0000,2809.8000,2808.8000,2808.2000,2808.0000,2813.4000,2814.0000,2818.0000,2819.0000,2820.0000,1,1,1,1,3,1,2,1,1,3
SF,IH2009,2020-03-12 09:31:15.000,2811.8000,7999,0,64927320.000,0,-,-,-,-,2810.0000,2809.8000,2808.8000,2808.2000,2808.0000,2813.2000,2813.4000,2814.0000,2818.0000,2819.0000,1,1,1,1,3,1,1,2,1,1
SF,IH2009,2020-03-12 09:31:15.500,2811.8000,7999,0,64927320.000,0,-,-,-,-,2810.0000,2809.8000,2808.8000,2808.2000,2808.0000,2813.0000,2813.2000,2814.0000,2818.0000,2819.0000,1,1,1,1,3,1,1,2,1,1
SF,IH2009,2020-03-12 09:31:16.500,2811.8000,7999,0,64927320.000,0,-,-,-,-,2810.0000,2809.8000,2808.8000,2808.2000,2808.0000,2813.0000,2814.0000,2818.0000,2819.0000,2820.0000,1,1,1,1,3,1,2,1,1,3
SF,IH2009,2020-03-12 09:31:17.000,2811.8000,7999,0,64927320.000,0,-,-,-,-,2810.0000,2809.8000,2808.8000,2808.2000,2808.0000,2812.6000,2814.0000,2818.0000,2819.0000,2820.0000,1,1,1,1,3,1,2,1,1,3
SF,IH2009,2020-03-12 09:31:18.000,2811.8000,7999,0,64927320.000,0,-,-,-,-,2810.0000,2809.8000,2808.8000,2808.2000,2808.0000,2814.0000,2818.0000,2819.0000,2820.0000,2823.4000,1,1,1,1,3,2,1,1,3,5
SF,IH2009,2020-03-12 09:31:18.500,2811.8000,7999,0,64927320.000,0,-,-,-,-,2810.0000,2809.8000,2808.8000,2808.2000,2808.0000,2813.8000,2814.0000,2818.0000,2819.0000,2820.0000,1,1,1,1,3,1,2,1,1,3
SF,IH2009,2020-03-12 09:31:19.000,2811.8000,7999,0,64927320.000,0,-,-,-,-,2810.6000,2810.0000,2809.8000,2808.8000,2808.2000,2813.4000,2813.8000,2814.0000,2818.0000,2819.0000,1,1,1,1,1,1,1,1,1,1
SF,IH2009,2020-03-12 09:31:19.500,2811.8000,7999,0,64927320.000,0,-,-,-,-,2810.8000,2809.8000,2808.8000,2808.2000,2808.0000,2813.4000,2813.8000,2814.0000,2818.0000,2819.0000,1,1,1,1,3,1,1,1,1,1
SF,IH2009,2020-03-12 09:31:23.000,2811.8000,7999,0,64927320.000,0,-,-,-,-,2810.8000,2809.8000,2808.8000,2808.2000,2808.0000,2813.8000,2814.0000,2818.0000,2819.0000,2820.0000,1,1,1,1,3,1,1,1,1,3
SF,IH2009,2020-03-12 09:31:23.500,2811.8000,7999,0,64927320.000,0,-,-,-,-,2810.8000,2809.8000,2808.8000,2808.2000,2808.0000,2813.6000,2814.0000,2818.0000,2819.0000,2820.0000,1,1,1,1,3,1,1,1,1,3
SF,IH2009,2020-03-12 09:31:24.000,2811.8000,7999,0,64927320.000,0,-,-,-,-,2810.8000,2809.8000,2808.8000,2808.2000,2808.0000,2813.6000,2814.0000,2818.0000,2819.0000,2820.0000,1,1,1,1,3,1,3,1,1,3
SF,IH2009,2020-03-12 09:31:24.500,2811.0000,7999,0,66613980.000,2,1,1,多换,S,2810.8000,2809.8000,2808.8000,2808.2000,2808.0000,2813.6000,2814.0000,2818.0000,2819.0000,2820.0000,1,1,1,1,3,1,3,1,1,3
SF,IH2009,2020-03-12 09:31:25.000,2811.0000,7999,0,66613980.000,0,-,-,-,-,2810.8000,2809.8000,2808.8000,2808.2000,2808.0000,2813.6000,2814.0000,2818.0000,2819.0000,2820.0000,1,1,1,1,3,1,3,1,1,3
SF,IH2009,2020-03-12 09:31:25.500,2811.0000,7999,0,66613980.000,0,-,-,-,-,2811.8000,2811.0000,2810.8000,2809.8000,2808.8000,2813.6000,2814.0000,2818.0000,2819.0000,2820.0000,1,1,1,1,1,1,3,1,1,3
SF,IH2009,2020-03-12 09:31:26.000,2811.0000,7999,0,66613980.000,0,-,-,-,-,2810.8000,2809.8000,2808.8000,2808.2000,2808.0000,2813.6000,2814.0000,2818.0000,2819.0000,2820.0000,1,1,1,1,3,1,3,1,1,3
SF,IH2009,2020-03-12 09:31:26.500,2811.0000,7999,0,66613980.000,0,-,-,-,-,2810.8000,2809.8000,2808.8000,2808.2000,2808.0000,2813.6000,2814.0000,2818.0000,2819.0000,2820.0000,1,1,1,1,3,1,3,1,1,3
SF,IH2009,2020-03-12 09:31:29.000,2811.0000,7999,0,66613980.000,0,-,-,-,-,2811.2000,2810.8000,2809.8000,2808.8000,2808.2000,2813.6000,2814.0000,2818.0000,2819.0000,2820.0000,1,1,1,1,1,1,3,1,1,3
SF,IH2009,2020-03-12 09:31:29.500,2813.6000,7998,-1,67458060.000,1,0,1,双平,S,2811.4000,2810.8000,2809.8000,2808.8000,2808.2000,2814.0000,2818.0000,2819.0000,2820.0000,2823.4000,1,1,1,1,1,3,1,1,3,5
SF,IH2009,2020-03-12 09:31:30.000,2813.6000,7998,0,67458060.000,0,-,-,-,-,2813.6000,2811.4000,2810.8000,2809.8000,2808.8000,2813.8000,2814.0000,2818.0000,2819.0000,2820.0000,1,1,1,1,1,1,3,1,1,3
SF,IH2009,2020-03-12 09:31:30.500,2813.6000,7998,0,68302140.000,1,0,1,多换,S,2811.4000,2810.8000,2809.8000,2808.8000,2808.2000,2813.8000,2814.0000,2818.0000,2819.0000,2820.0000,1,1,1,1,1,1,3,1,1,3
SF,IH2009,2020-03-12 09:31:31.000,2813.6000,7998,0,68302140.000,0,-,-,-,-,2811.6000,2811.4000,2809.8000,2808.8000,2808.2000,2814.0000,2818.0000,2819.0000,2820.0000,2823.4000,1,1,1,1,1,2,1,1,3,5
SF,IH2009,2020-03-12 09:31:31.500,2813.6000,7998,0,68302140.000,0,-,-,-,-,2811.8000,2811.6000,2809.8000,2808.8000,2808.2000,2814.0000,2818.0000,2819.0000,2820.0000,2823.4000,2,1,1,1,1,2,1,1,3,5
SF,IH2009,2020-03-12 09:31:32.000,2813.6000,7998,0,68302140.000,0,-,-,-,-,2812.0000,2811.8000,2809.8000,2808.8000,2808.2000,2814.0000,2818.0000,2819.0000,2820.0000,2823.4000,1,3,1,1,1,2,1,1,3,5
SF,IH2009,2020-03-12 09:31:32.500,2814.0000,7997,-1,69146340.000,1,0,1,双平,S,2812.0000,2811.8000,2809.8000,2808.8000,2808.2000,2814.0000,2818.0000,2819.0000,2820.0000,2823.4000,1,3,1,1,1,1,1,1,3,5
SF,IH2009,2020-03-12 09:31:33.000,2814.0000,7997,0,69146340.000,0,-,-,-,-,2812.0000,2811.8000,2809.8000,2808.8000,2808.2000,2814.0000,2818.0000,2819.0000,2820.0000,2823.4000,1,2,1,1,1,2,1,1,3,5
SF,IH2009,2020-03-12 09:31:33.500,2814.0000,7997,0,69146340.000,0,-,-,-,-,2812.0000,2811.8000,2809.8000,2808.8000,2808.2000,2814.0000,2818.0000,2819.0000,2820.0000,2823.4000,1,1,1,1,1,1,1,1,3,5
SF,IH2009,2020-03-12 09:31:34.000,2814.0000,7997,0,69146340.000,0,-,-,-,-,2812.0000,2811.8000,2809.8000,2808.8000,2808.2000,2814.0000,2818.0000,2819.0000,2820.0000,2823.4000,1,1,1,1,1,1,1,1,3,5
SF,IH2009,2020-03-12 09:31:34.500,2814.0000,7997,0,69146340.000,0,-,-,-,-,2811.8000,2809.8000,2808.8000,2808.2000,2808.0000,2814.0000,2818.0000,2819.0000,2820.0000,2823.4000,1,1,1,1,3,1,1,1,3,5
SF,IH2009,2020-03-12 09:31:35.000,2814.0000,7997,0,69146340.000,0,-,-,-,-,2812.4000,2811.8000,2809.8000,2808.8000,2808.2000,2814.0000,2818.0000,2819.0000,2820.0000,2823.4000,1,1,1,1,1,2,1,1,3,5
SF,IH2009,2020-03-12 09:31:35.500,2814.0000,7997,0,69146340.000,0,-,-,-,-,2811.8000,2809.8000,2808.8000,2808.2000,2808.0000,2814.0000,2818.0000,2819.0000,2820.0000,2823.4000,1,1,1,1,3,2,1,1,3,5
SF,IH2009,2020-03-12 09:31:36.000,2814.0000,7996,-1,69990540.000,1,0,1,双平,S,2812.8000,2811.8000,2809.8000,2808.8000,2808.2000,2813.8000,2814.0000,2818.0000,2819.0000,2820.0000,3,1,1,1,1,1,2,1,1,3
SF,IH2009,2020-03-12 09:31:37.000,2812.8000,7996,0,70834380.000,1,0,1,多换,S,2812.8000,2811.8000,2809.8000,2808.8000,2808.2000,2813.8000,2814.0000,2818.0000,2819.0000,2820.0000,2,1,1,1,1,1,2,1,1,3
SF,IH2009,2020-03-12 09:31:37.500,2813.8000,7995,-1,71678520.000,1,0,1,双平,S,2812.8000,2811.8000,2809.8000,2808.8000,2808.2000,2814.0000,2818.0000,2819.0000,2820.0000,2823.4000,2,1,1,1,1,2,1,1,3,5
SF,IH2009,2020-03-12 09:31:39.000,2813.8000,7995,0,71678520.000,0,-,-,-,-,2812.8000,2811.8000,2809.8000,2808.8000,2808.2000,2813.8000,2814.0000,2818.0000,2819.0000,2820.0000,2,1,1,1,1,1,2,1,1,3
SF,IH2009,2020-03-12 09:31:39.500,2813.8000,7995,0,71678520.000,0,-,-,-,-,2812.8000,2811.8000,2809.8000,2808.8000,2808.2000,2813.4000,2813.8000,2814.0000,2818.0000,2819.0000,2,1,1,1,1,1,1,3,1,1
SF,IH2009,2020-03-12 09:31:40.000,2812.8000,7995,0,73366200.000,2,1,1,多换,S,2809.8000,2808.8000,2808.2000,2808.0000,2807.0000,2813.2000,2813.4000,2814.0000,2818.0000,2819.0000,1,1,1,3,2,1,1,3,1,1
SF,IH2009,2020-03-12 09:31:40.500,2812.8000,7995,0,73366200.000,0,-,-,-,-,2810.0000,2809.8000,2808.8000,2808.2000,2808.0000,2813.2000,2813.4000,2814.0000,2818.0000,2819.0000,2,1,1,1,3,1,1,3,1,1
SF,IH2009,2020-03-12 09:31:41.000,2812.8000,7995,0,73366200.000,0,-,-,-,-,2810.0000,2809.8000,2808.8000,2808.2000,2808.0000,2813.4000,2814.0000,2818.0000,2819.0000,2820.0000,3,1,1,1,3,1,2,1,1,3
SF,IH2009,2020-03-12 09:31:41.500,2812.8000,7995,0,73366200.000,0,-,-,-,-,2810.6000,2810.0000,2809.8000,2808.8000,2808.2000,2813.4000,2814.0000,2818.0000,2819.0000,2820.0000,1,3,1,1,1,1,2,1,1,3
SF,IH2009,2020-03-12 09:31:42.000,2812.8000,7995,0,73366200.000,0,-,-,-,-,2810.8000,2810.0000,2809.8000,2808.8000,2808.2000,2813.4000,2814.0000,2818.0000,2819.0000,2820.0000,2,1,1,1,1,1,2,1,1,3
SF,IH2009,2020-03-12 09:31:42.500,2812.8000,7995,0,73366200.000,0,-,-,-,-,2810.8000,2810.6000,2810.0000,2809.8000,2808.8000,2813.4000,2814.0000,2818.0000,2819.0000,2820.0000,2,1,1,1,1,1,2,1,1,3
SF,IH2009,2020-03-12 09:31:43.000,2812.8000,7995,0,73366200.000,0,-,-,-,-,2810.8000,2810.6000,2810.0000,2809.8000,2808.8000,2813.4000,2814.0000,2818.0000,2819.0000,2820.0000,2,1,1,1,1,1,2,1,1,3
SF,IH2009,2020-03-12 09:31:43.500,2812.8000,7995,0,73366200.000,0,-,-,-,-,2811.2000,2810.8000,2810.6000,2810.0000,2809.8000,2813.4000,2814.0000,2818.0000,2819.0000,2820.0000,1,2,1,2,1,1,2,1,1,3
SF,IH2009,2020-03-12 09:31:44.000,2812.8000,7995,0,73366200.000,0,-,-,-,-,2811.4000,2811.2000,2810.6000,2810.0000,2809.8000,2813.4000,2814.0000,2818.0000,2819.0000,2820.0000,2,1,1,1,1,1,2,1,1,3
SF,IH2009,2020-03-12 09:31:45.000,2812.8000,7995,0,73366200.000,0,-,-,-,-,2811.4000,2811.2000,2810.6000,2810.0000,2809.8000,2813.2000,2813.4000,2814.0000,2818.0000,2819.0000,2,1,1,1,1,1,1,2,1,1
SF,IH2009,2020-03-12 09:31:45.500,2812.8000,7995,0,73366200.000,0,-,-,-,-,2811.4000,2810.0000,2809.8000,2808.8000,2808.2000,2813.0000,2813.2000,2813.4000,2814.0000,2818.0000,2,1,1,1,1,1,3,1,2,1
SF,IH2009,2020-03-12 09:31:46.000,2812.8000,7995,0,73366200.000,0,-,-,-,-,2811.4000,2810.0000,2809.8000,2808.8000,2808.2000,2813.0000,2813.2000,2813.4000,2814.0000,2818.0000,1,1,1,1,1,1,2,1,2,1
SF,IH2009,2020-03-12 09:31:46.500,2812.8000,7995,0,73366200.000,0,-,-,-,-,2811.4000,2810.0000,2809.8000,2808.8000,2808.2000,2813.4000,2814.0000,2818.0000,2819.0000,2820.0000,1,1,1,1,1,1,2,1,1,3
SF,IH2009,2020-03-12 09:31:47.000,2812.8000,7995,0,73366200.000,0,-,-,-,-,2811.4000,2810.2000,2810.0000,2809.8000,2808.8000,2812.6000,2813.2000,2813.4000,2814.0000,2818.0000,1,1,1,1,1,1,1,1,2,1
SF,IH2009,2020-03-12 09:31:47.500,2812.8000,7995,0,73366200.000,0,-,-,-,-,2811.4000,2810.2000,2810.0000,2809.8000,2808.8000,2812.6000,2813.2000,2813.4000,2814.0000,2818.0000,1,1,1,1,1,1,2,1,2,1
SF,IH2009,2020-03-12 09:31:48.000,2812.8000,7995,0,73366200.000,0,-,-,-,-,2811.4000,2810.2000,2810.0000,2809.8000,2808.8000,2813.2000,2813.4000,2814.0000,2818.0000,2819.0000,1,1,1,1,1,2,1,2,1,1
SF,IH2009,2020-03-12 09:31:48.500,2812.8000,7995,0,73366200.000,0,-,-,-,-,2811.4000,2810.2000,2810.0000,2809.8000,2808.8000,2813.2000,2813.4000,2814.0000,2818.0000,2819.0000,1,1,1,1,1,2,1,2,1,1
SF,IH2009,2020-03-12 09:31:49.000,2812.8000,7994,-1,74210040.000,1,0,1,双平,S,2811.4000,2810.2000,2810.0000,2809.8000,2808.8000,2813.2000,2813.4000,2814.0000,2818.0000,2819.0000,1,1,1,1,1,2,1,2,1,1
SF,IH2009,2020-03-12 09:31:49.500,2812.8000,7994,0,74210040.000,0,-,-,-,-,2811.4000,2811.0000,2810.2000,2810.0000,2809.8000,2813.2000,2813.4000,2814.0000,2818.0000,2819.0000,1,1,1,1,1,2,1,2,1,1
SF,IH2009,2020-03-12 09:31:50.000,2812.8000,7994,0,74210040.000,0,-,-,-,-,2811.4000,2811.0000,2810.2000,2810.0000,2809.8000,2813.2000,2813.4000,2814.0000,2818.0000,2819.0000,1,1,1,1,1,2,1,2,1,1
SF,IH2009,2020-03-12 09:31:52.000,2812.8000,7994,0,74210040.000,0,-,-,-,-,2811.4000,2811.0000,2810.2000,2810.0000,2809.8000,2813.0000,2813.2000,2813.4000,2814.0000,2818.0000,1,1,1,1,1,1,2,1,2,1
SF,IH2009,2020-03-12 09:31:52.500,2813.0000,7993,-1,75053940.000,1,0,1,双平,S,2811.4000,2811.0000,2810.2000,2810.0000,2809.8000,2813.4000,2814.0000,2818.0000,2819.0000,2820.0000,1,1,1,1,1,3,2,1,1,3
SF,IH2009,2020-03-12 09:31:53.000,2813.0000,7993,0,75053940.000,0,-,-,-,-,2811.8000,2811.4000,2811.0000,2810.2000,2810.0000,2813.4000,2814.0000,2818.0000,2819.0000,2820.0000,2,1,1,1,1,3,1,1,1,3
SF,IH2009,2020-03-12 09:31:53.500,2813.0000,7993,0,75053940.000,0,-,-,-,-,2812.0000,2811.8000,2811.0000,2810.2000,2810.0000,2813.4000,2814.0000,2818.0000,2819.0000,2820.0000,3,2,1,1,1,3,1,1,1,3
SF,IH2009,2020-03-12 09:31:54.000,2813.4000,7992,-1,76741980.000,2,0,2,多平,S,2812.0000,2811.8000,2811.0000,2810.2000,2810.0000,2813.4000,2814.0000,2818.0000,2819.0000,2820.0000,3,1,1,1,1,1,1,1,1,3
SF,IH2009,2020-03-12 09:31:54.500,2813.4000,7991,-1,77586000.000,1,0,1,双平,S,2813.4000,2812.4000,2812.0000,2811.8000,2811.0000,2814.0000,2818.0000,2819.0000,2820.0000,2823.4000,1,1,3,1,1,1,1,1,3,5
SF,IH2009,2020-03-12 09:31:55.000,2813.4000,7991,0,77586000.000,0,-,-,-,-,2813.4000,2812.4000,2812.0000,2811.8000,2811.0000,2814.0000,2818.0000,2819.0000,2820.0000,2823.4000,1,1,1,1,1,1,1,1,3,5
SF,IH2009,2020-03-12 09:31:55.500,2813.4000,7990,-1,78430020.000,1,0,1,双平,S,2812.4000,2812.0000,2811.8000,2811.0000,2810.2000,2814.0000,2818.0000,2819.0000,2820.0000,2823.4000,1,1,1,1,1,1,1,1,3,5
SF,IH2009,2020-03-12 09:31:56.000,2813.4000,7990,0,78430020.000,0,-,-,-,-,2812.0000,2811.0000,2810.2000,2810.0000,2809.8000,2814.0000,2818.0000,2819.0000,2820.0000,2823.4000,1,1,1,1,1,2,1,1,3,5
SF,IH2009,2020-03-12 09:31:57.000,2812.0000,7989,-1,79273620.000,1,0,1,双平,S,2811.0000,2810.2000,2810.0000,2809.8000,2808.8000,2814.0000,2818.0000,2819.0000,2820.0000,2823.4000,1,1,1,2,1,2,1,1,3,5
SF,IH2009,2020-03-12 09:31:57.500,2814.0000,7989,0,80117820.000,1,0,1,多换,S,2811.2000,2811.0000,2810.2000,2810.0000,2809.8000,2814.0000,2818.0000,2819.0000,2820.0000,2823.4000,4,1,1,1,2,1,1,1,3,5
SF,IH2009,2020-03-12 09:31:58.000,2814.0000,7989,0,80117820.000,0,-,-,-,-,2811.2000,2811.0000,2810.2000,2810.0000,2809.8000,2813.4000,2813.8000,2814.0000,2818.0000,2819.0000,2,1,1,1,2,1,1,1,1,1
SF,IH2009,2020-03-12 09:31:58.500,2814.0000,7989,0,80117820.000,0,-,-,-,-,2811.2000,2811.0000,2810.2000,2810.0000,2809.8000,2813.0000,2813.2000,2813.4000,2814.0000,2819.0000,1,1,1,1,2,1,1,1,1,1
SF,IH2009,2020-03-12 09:31:59.000,2814.0000,7989,0,80117820.000,0,-,-,-,-,2811.2000,2811.0000,2810.2000,2810.0000,2809.8000,2813.4000,2814.0000,2819.0000,2820.0000,2823.4000,1,1,1,1,2,1,1,1,3,5
SF,IH2009,2020-03-12 09:31:59.500,2814.0000,7989,0,80117820.000,0,-,-,-,-,2811.2000,2811.0000,2810.2000,2810.0000,2809.8000,2813.0000,2813.2000,2813.4000,2814.0000,2819.0000,1,1,1,1,2,1,1,1,1,1
SF,IH2009,2020-03-12 09:32:00.000,2814.0000,7989,0,80117820.000,0,-,-,-,-,2811.2000,2811.0000,2810.2000,2810.0000,2809.8000,2813.0000,2813.2000,2813.4000,2814.0000,2819.0000,1,1,1,1,2,1,1,1,1,1
SF,IH2009,2020-03-12 09:32:00.500,2811.2000,7988,-1,80961180.000,1,0,1,双平,S,2811.0000,2810.2000,2810.0000,2809.8000,2808.8000,2812.8000,2813.0000,2814.0000,2819.0000,2820.0000,1,1,1,2,1,1,1,1,1,3
SF,IH2009,2020-03-12 09:32:01.000,2812.6000,7987,-1,81804960.000,1,0,1,双平,S,2811.0000,2810.2000,2810.0000,2809.8000,2808.8000,2812.8000,2813.0000,2814.0000,2819.0000,2820.0000,1,1,1,2,1,1,1,1,1,3
SF,IH2009,2020-03-12 09:32:02.000,2812.6000,7987,0,81804960.000,0,-,-,-,-,2811.0000,2810.2000,2810.0000,2809.8000,2808.8000,2812.4000,2812.8000,2814.0000,2819.0000,2820.0000,1,1,1,2,1,1,1,1,1,3
SF,IH2009,2020-03-12 09:32:03.000,2812.6000,7987,0,81804960.000,0,-,-,-,-,2811.0000,2810.2000,2810.0000,2809.8000,2808.8000,2812.8000,2814.0000,2819.0000,2820.0000,2823.4000,1,1,1,2,1,1,1,1,3,5
SF,IH2009,2020-03-12 09:32:03.500,2812.6000,7987,0,81804960.000,0,-,-,-,-,2811.0000,2810.2000,2810.0000,2809.8000,2808.8000,2812.4000,2812.8000,2814.0000,2819.0000,2820.0000,1,1,1,2,1,1,1,1,1,3
SF,IH2009,2020-03-12 09:32:04.000,2812.6000,7987,0,81804960.000,0,-,-,-,-,2811.0000,2810.2000,2810.0000,2809.8000,2808.8000,2811.2000,2812.4000,2812.8000,2814.0000,2815.8000,1,1,1,2,1,1,1,1,1,5
SF,IH2009,2020-03-12 09:32:04.500,2811.0000,7987,0,82648260.000,1,0,1,多换,S,2810.2000,2810.0000,2809.8000,2808.8000,2808.2000,2811.2000,2812.4000,2812.8000,2814.0000,2815.8000,1,1,2,1,1,1,1,1,1,5
SF,IH2009,2020-03-12 09:32:05.000,2811.0000,7987,0,82648260.000,0,-,-,-,-,2810.2000,2810.0000,2809.8000,2808.8000,2808.2000,2811.2000,2812.4000,2812.8000,2814.0000,2815.8000,1,1,2,1,1,1,1,1,1,5
SF,IH2009,2020-03-12 09:32:06.000,2811.0000,7987,0,82648260.000,0,-,-,-,-,2810.2000,2810.0000,2809.8000,2808.8000,2808.2000,2811.2000,2812.4000,2812.8000,2813.2000,2814.0000,1,1,2,1,1,1,1,1,1,1
SF,IH2009,2020-03-12 09:32:07.000,2811.0000,7987,0,82648260.000,0,-,-,-,-,2810.2000,2810.0000,2809.8000,2808.8000,2808.2000,2810.6000,2811.2000,2812.4000,2812.8000,2813.2000,1,1,2,1,1,1,1,1,1,1
SF,IH2009,2020-03-12 09:32:07.500,2810.2000,7987,0,83491320.000,1,0,1,多换,S,2810.0000,2809.8000,2808.8000,2808.2000,2808.0000,2810.2000,2810.6000,2811.2000,2812.4000,2812.8000,1,2,1,1,3,1,1,1,1,1
SF,IH2009,2020-03-12 09:32:08.000,2810.2000,7987,0,83491320.000,0,-,-,-,-,2810.0000,2809.8000,2808.8000,2808.2000,2808.0000,2810.2000,2810.6000,2811.2000,2812.4000,2812.8000,1,2,1,1,3,1,1,1,1,1
SF,IH2009,2020-03-12 09:32:08.500,2810.0000,7987,0,84334320.000,1,0,1,多换,S,2809.8000,2808.8000,2808.2000,2808.0000,2807.0000,2810.6000,2811.2000,2812.4000,2812.8000,2814.0000,2,1,1,3,2,1,1,1,1,1
SF,IH2009,2020-03-12 09:32:09.000,2809.8000,7987,0,85177260.000,1,0,1,多换,S,2809.8000,2808.8000,2808.2000,2808.0000,2807.0000,2810.6000,2811.2000,2812.4000,2812.8000,2814.0000,1,1,1,3,2,1,1,1,1,1
SF,IH2009,2020-03-12 09:32:09.500,2809.8000,7987,0,85177260.000,0,-,-,-,-,2809.8000,2808.8000,2808.2000,2808.0000,2807.0000,2810.6000,2811.2000,2812.4000,2812.8000,2814.0000,1,1,1,3,2,1,1,1,1,1
SF,IH2009,2020-03-12 09:32:10.000,2809.8000,7987,0,85177260.000,0,-,-,-,-,2809.8000,2808.8000,2808.2000,2808.0000,2807.0000,2810.6000,2811.2000,2812.4000,2812.8000,2814.0000,1,1,1,3,2,1,1,1,1,1
SF,IH2009,2020-03-12 09:32:10.500,2809.8000,7987,0,85177260.000,0,-,-,-,-,2809.8000,2808.8000,2808.2000,2808.0000,2807.0000,2810.4000,2810.6000,2811.2000,2812.8000,2814.0000,1,1,1,3,2,1,1,1,1,1
SF,IH2009,2020-03-12 09:32:11.000,2809.8000,7987,0,85177260.000,0,-,-,-,-,2809.8000,2808.8000,2808.2000,2808.0000,2807.0000,2810.4000,2810.6000,2811.2000,2812.8000,2814.0000,1,1,1,3,2,1,1,1,1,1
SF,IH2009,2020-03-12 09:32:11.500,2809.8000,7987,0,86020200.000,1,0,1,多换,S,2808.8000,2808.2000,2808.0000,2807.0000,2805.0000,2810.4000,2810.6000,2811.2000,2812.8000,2814.0000,1,1,3,2,3,1,1,1,1,1
SF,IH2009,2020-03-12 09:32:12.000,2810.2000,7987,0,86863260.000,1,0,1,多换,S,2808.8000,2808.2000,2808.0000,2807.0000,2805.0000,2810.4000,2810.6000,2811.2000,2812.8000,2814.0000,1,1,3,2,3,1,1,1,1,1
SF,IH2009,2020-03-12 09:32:12.500,2810.2000,7987,0,86863260.000,0,-,-,-,-,2808.8000,2808.2000,2808.0000,2807.0000,2805.0000,2809.2000,2810.4000,2810.6000,2811.2000,2812.8000,1,1,3,2,3,1,1,1,1,1
SF,IH2009,2020-03-12 09:32:13.500,2808.8000,7988,1,87705900.000,1,1,0,双开,S,2808.2000,2808.0000,2807.0000,2805.0000,2803.0000,2810.6000,2811.2000,2812.8000,2814.0000,2815.8000,1,3,2,3,1,1,1,1,1,5
SF,IH2009,2020-03-12 09:32:14.000,2808.8000,7988,0,87705900.000,0,-,-,-,-,2808.2000,2808.0000,2807.0000,2805.0000,2803.0000,2810.4000,2810.6000,2811.2000,2814.0000,2815.8000,1,3,2,3,1,5,1,1,1,5
SF,IH2009,2020-03-12 09:32:14.500,2808.8000,7988,0,87705900.000,0,-,-,-,-,2808.2000,2808.0000,2807.0000,2805.0000,2803.0000,2810.4000,2810.6000,2811.2000,2814.0000,2815.8000,1,3,2,3,1,5,1,1,1,5
SF,IH2009,2020-03-12 09:32:15.000,2808.2000,7987,-1,89390880.000,2,0,2,多平,S,2808.0000,2807.0000,2805.0000,2803.0000,2801.6000,2810.4000,2810.6000,2811.2000,2814.0000,2815.8000,3,2,3,1,2,5,1,1,1,5
SF,IH2009,2020-03-12 09:32:16.500,2810.4000,7988,1,91077120.000,2,1,1,空开,S,2808.2000,2808.0000,2807.0000,2805.0000,2803.0000,2810.4000,2810.6000,2811.2000,2814.0000,2815.8000,1,3,2,3,1,4,1,1,1,5
SF,IH2009,2020-03-12 09:32:17.000,2810.4000,7988,0,91077120.000,0,-,-,-,-,2808.4000,2808.2000,2808.0000,2807.0000,2805.0000,2810.6000,2811.2000,2814.0000,2815.8000,2818.0000,1,1,3,2,3,1,1,1,5,1
SF,IH2009,2020-03-12 09:32:17.500,2810.4000,7988,0,91077120.000,0,-,-,-,-,2808.6000,2808.4000,2808.0000,2807.0000,2805.0000,2810.4000,2810.6000,2811.2000,2814.0000,2815.8000,1,1,3,2,3,1,1,1,1,5
SF,IH2009,2020-03-12 09:32:18.000,2810.4000,7988,0,91077120.000,0,-,-,-,-,2808.6000,2808.4000,2808.0000,2807.0000,2805.0000,2810.4000,2810.6000,2811.2000,2814.0000,2815.8000,1,1,3,2,3,1,1,1,1,5
SF,IH2009,2020-03-12 09:32:18.500,2810.4000,7988,0,91077120.000,0,-,-,-,-,2808.6000,2808.4000,2808.0000,2807.0000,2805.0000,2810.4000,2810.6000,2811.2000,2814.0000,2815.8000,1,1,3,2,3,1,1,1,1,5
SF,IH2009,2020-03-12 09:32:19.500,2810.4000,7988,0,91077120.000,0,-,-,-,-,2808.6000,2808.4000,2808.0000,2807.0000,2805.0000,2810.2000,2810.4000,2810.6000,2811.2000,2814.0000,1,1,3,2,3,1,1,1,1,1
SF,IH2009,2020-03-12 09:32:20.000,2810.4000,7988,0,91077120.000,0,-,-,-,-,2808.4000,2808.0000,2807.0000,2805.0000,2803.0000,2810.4000,2810.6000,2811.2000,2814.0000,2815.8000,1,3,2,3,1,1,1,1,1,5
SF,IH2009,2020-03-12 09:32:21.500,2810.4000,7988,0,91077120.000,0,-,-,-,-,2808.4000,2808.0000,2807.8000,2807.0000,2805.0000,2810.6000,2811.2000,2814.0000,2815.8000,2818.0000,1,3,1,2,3,1,1,1,5,1
SF,IH2009,2020-03-12 09:32:22.000,2810.4000,7988,0,91077120.000,0,-,-,-,-,2808.6000,2808.4000,2808.0000,2807.8000,2807.0000,2810.2000,2810.6000,2811.2000,2814.0000,2815.8000,1,1,3,1,2,1,1,1,1,5
SF,IH2009,2020-03-12 09:32:22.500,2810.4000,7988,0,91077120.000,0,-,-,-,-,2808.0000,2807.8000,2807.0000,2805.0000,2803.0000,2810.2000,2810.6000,2811.2000,2814.0000,2815.8000,2,1,2,3,1,1,1,1,1,5
SF,IH2009,2020-03-12 09:32:23.000,2810.4000,7988,0,91077120.000,0,-,-,-,-,2808.2000,2808.0000,2807.8000,2807.0000,2805.0000,2809.8000,2810.6000,2811.2000,2814.0000,2815.8000,1,2,1,2,3,1,1,1,1,5
SF,IH2009,2020-03-12 09:32:23.500,2810.4000,7988,0,91077120.000,0,-,-,-,-,2808.0000,2807.8000,2807.0000,2805.0000,2803.0000,2809.8000,2810.6000,2811.2000,2814.0000,2815.8000,2,1,2,3,1,1,1,1,1,5
SF,IH2009,2020-03-12 09:32:24.000,2810.4000,7988,0,91077120.000,0,-,-,-,-,2808.0000,2807.8000,2807.0000,2805.0000,2803.0000,2809.8000,2810.6000,2811.2000,2814.0000,2815.8000,2,1,2,3,1,1,1,1,1,5
SF,IH2009,2020-03-12 09:32:24.500,2810.2000,7988,0,91920180.000,1,0,1,多换,S,2808.0000,2807.8000,2807.0000,2805.0000,2803.0000,2809.6000,2809.8000,2810.6000,2811.2000,2814.0000,2,1,2,3,1,1,1,1,1,1
SF,IH2009,2020-03-12 09:32:25.000,2808.0000,7990,2,93604980.000,2,2,0,双开,S,2807.8000,2807.0000,2805.0000,2803.0000,2801.6000,2808.0000,2809.6000,2810.6000,2811.2000,2814.0000,1,2,3,1,2,1,2,1,1,1
SF,IH2009,2020-03-12 09:32:26.000,2807.8000,7990,0,94447320.000,1,0,1,多换,S,2807.0000,2805.0000,2803.0000,2801.6000,2801.0000,2809.6000,2810.6000,2811.2000,2815.8000,2818.0000,2,3,1,2,1,2,1,1,5,1
SF,IH2009,2020-03-12 09:32:26.500,2807.8000,7990,0,94447320.000,0,-,-,-,-,2807.2000,2807.0000,2805.0000,2803.0000,2801.6000,2809.6000,2810.6000,2811.2000,2815.8000,2818.0000,1,2,3,1,2,2,1,1,5,1
SF,IH2009,2020-03-12 09:32:27.000,2807.8000,7990,0,94447320.000,0,-,-,-,-,2807.2000,2807.0000,2805.0000,2803.0000,2801.6000,2808.0000,2809.6000,2810.6000,2811.2000,2814.0000,1,2,3,1,2,1,2,1,1,1
SF,IH2009,2020-03-12 09:32:27.500,2807.8000,7990,0,94447320.000,0,-,-,-,-,2807.0000,2805.0000,2803.0000,2801.6000,2801.0000,2808.0000,2809.6000,2810.6000,2811.2000,2814.0000,2,3,1,2,1,1,2,1,1,1
SF,IH2009,2020-03-12 09:32:28.000,2807.0000,7990,0,95289420.000,1,0,1,多换,S,2807.0000,2805.0000,2803.0000,2801.6000,2801.0000,2808.0000,2809.6000,2810.6000,2811.2000,2814.0000,1,3,1,2,1,1,2,1,1,1
SF,IH2009,2020-03-12 09:32:28.500,2807.0000,7990,0,95289420.000,0,-,-,-,-,2807.0000,2805.0000,2803.0000,2801.6000,2801.0000,2807.8000,2808.0000,2809.6000,2810.6000,2811.2000,1,3,1,2,1,2,1,2,1,1
SF,IH2009,2020-03-12 09:32:29.000,2807.0000,7990,0,95289420.000,0,-,-,-,-,2807.0000,2805.0000,2803.0000,2801.6000,2801.0000,2807.2000,2808.0000,2809.6000,2810.6000,2811.2000,1,3,1,2,1,1,1,2,1,1
SF,IH2009,2020-03-12 09:32:29.500,2807.2000,7989,-1,96131580.000,1,0,1,双平,S,2807.0000,2805.0000,2803.0000,2801.6000,2801.0000,2808.0000,2809.6000,2810.6000,2811.2000,2814.0000,1,3,1,2,1,1,2,1,1,1
SF,IH2009,2020-03-12 09:32:30.500,2807.2000,7989,0,96131580.000,0,-,-,-,-,2807.0000,2805.0000,2803.0000,2801.6000,2801.0000,2809.6000,2810.6000,2811.2000,2814.0000,2815.8000,1,3,1,2,1,2,1,1,1,5
SF,IH2009,2020-03-12 09:32:31.000,2807.2000,7989,0,96131580.000,0,-,-,-,-,2807.2000,2807.0000,2805.0000,2803.0000,2801.6000,2809.4000,2809.6000,2810.6000,2811.2000,2814.0000,1,1,3,1,2,1,2,1,1,1
SF,IH2009,2020-03-12 09:32:32.000,2807.2000,7989,0,96973740.000,1,0,1,多换,S,2807.0000,2805.0000,2803.0000,2801.6000,2801.0000,2809.2000,2809.4000,2809.6000,2810.6000,2814.0000,1,3,1,2,1,1,1,2,1,1
SF,IH2009,2020-03-12 09:32:32.500,2809.4000,7990,1,98659320.000,2,1,1,空开,S,2807.2000,2807.0000,2805.0000,2803.0000,2801.6000,2810.6000,2814.0000,2815.8000,2818.0000,2819.0000,2,1,3,1,2,1,1,5,1,1
SF,IH2009,2020-03-12 09:32:33.000,2809.4000,7990,0,98659320.000,0,-,-,-,-,2807.2000,2807.0000,2805.0000,2803.0000,2801.6000,2808.0000,2809.0000,2810.4000,2810.6000,2814.0000,1,1,3,1,2,1,3,2,1,1
SF,IH2009,2020-03-12 09:32:33.500,2808.0000,7989,-1,99501720.000,1,0,1,双平,S,2807.0000,2805.0000,2803.0000,2801.6000,2801.0000,2810.4000,2810.6000,2814.0000,2815.8000,2818.0000,1,3,1,2,1,1,1,1,5,1
SF,IH2009,2020-03-12 09:32:34.000,2808.0000,7989,0,99501720.000,0,-,-,-,-,2807.2000,2807.0000,2805.0000,2803.0000,2801.6000,2810.2000,2810.4000,2810.6000,2813.0000,2814.0000,2,1,3,1,2,2,1,1,1,1
SF,IH2009,2020-03-12 09:32:34.500,2808.0000,7989,0,99501720.000,0,-,-,-,-,2807.2000,2807.0000,2805.0000,2803.0000,2801.6000,2810.0000,2810.2000,2810.6000,2813.0000,2814.0000,2,1,3,1,2,1,2,1,1,1
SF,IH2009,2020-03-12 09:32:36.500,2808.0000,7989,0,99501720.000,0,-,-,-,-,2807.2000,2807.0000,2805.0000,2803.0000,2801.6000,2810.0000,2810.6000,2813.0000,2814.0000,2815.8000,2,1,3,1,2,1,1,1,1,5
SF,IH2009,2020-03-12 09:32:37.000,2808.0000,7989,0,99501720.000,0,-,-,-,-,2808.0000,2807.4000,2807.2000,2807.0000,2805.0000,2810.6000,2813.0000,2814.0000,2815.8000,2818.0000,1,1,2,1,3,1,1,1,5,1
SF,IH2009,2020-03-12 09:32:37.500,2808.0000,7989,0,99501720.000,0,-,-,-,-,2808.2000,2808.0000,2807.4000,2807.0000,2805.0000,2810.6000,2813.0000,2814.0000,2815.8000,2818.0000,2,1,1,1,3,1,1,1,5,1
SF,IH2009,2020-03-12 09:32:38.000,2808.0000,7989,0,99501720.000,0,-,-,-,-,2808.2000,2807.4000,2807.0000,2805.0000,2803.0000,2810.6000,2813.0000,2814.0000,2815.8000,2818.0000,2,1,1,3,1,1,1,1,5,1
SF,IH2009,2020-03-12 09:32:38.500,2808.0000,7989,0,99501720.000,0,-,-,-,-,2808.4000,2808.2000,2807.4000,2807.0000,2805.0000,2810.6000,2813.0000,2814.0000,2815.8000,2818.0000,1,2,1,1,3,1,1,1,5,1
SF,IH2009,2020-03-12 09:32:39.000,2808.0000,7989,0,99501720.000,0,-,-,-,-,2808.6000,2808.4000,2808.2000,2807.0000,2805.0000,2810.4000,2810.6000,2813.0000,2814.0000,2815.8000,1,1,1,1,3,3,1,1,1,5
SF,IH2009,2020-03-12 09:32:39.500,2808.0000,7989,0,99501720.000,0,-,-,-,-,2808.6000,2807.0000,2805.0000,2803.0000,2801.6000,2810.4000,2810.6000,2813.0000,2814.0000,2815.8000,1,1,3,1,2,3,1,1,1,5
SF,IH2009,2020-03-12 09:32:40.000,2808.0000,7989,0,99501720.000,0,-,-,-,-,2808.6000,2807.0000,2805.0000,2803.0000,2801.6000,2810.6000,2813.0000,2814.0000,2815.8000,2818.0000,1,1,3,1,2,1,1,1,5,1
SF,IH2009,2020-03-12 09:32:41.000,2808.0000,7989,0,99501720.000,0,-,-,-,-,2808.6000,2807.0000,2805.0000,2803.0000,2801.6000,2810.4000,2810.6000,2813.0000,2814.0000,2815.8000,1,1,3,1,2,2,1,1,1,5
SF,IH2009,2020-03-12 09:32:41.500,2810.2000,7990,1,100344780.000,1,1,0,双开,S,2808.6000,2808.0000,2807.0000,2805.0000,2803.0000,2810.6000,2813.0000,2814.0000,2815.8000,2818.0000,1,1,1,3,1,1,1,1,5,1
SF,IH2009,2020-03-12 09:32:42.000,2810.2000,7990,0,100344780.000,0,-,-,-,-,2808.6000,2808.0000,2807.0000,2805.0000,2803.0000,2810.4000,2810.6000,2813.0000,2814.0000,2815.8000,1,1,1,3,1,1,1,1,1,5
SF,IH2009,2020-03-12 09:32:43.000,2810.2000,7990,0,100344780.000,0,-,-,-,-,2808.6000,2808.0000,2807.0000,2805.0000,2803.0000,2810.6000,2813.0000,2814.0000,2815.8000,2818.0000,1,1,1,3,1,1,1,1,5,1
SF,IH2009,2020-03-12 09:32:43.500,2810.2000,7990,0,100344780.000,0,-,-,-,-,2808.6000,2808.0000,2807.0000,2805.0000,2803.0000,2810.6000,2813.0000,2814.0000,2815.8000,2818.0000,1,2,1,3,1,1,1,1,5,1
SF,IH2009,2020-03-12 09:32:44.000,2810.2000,7990,0,100344780.000,0,-,-,-,-,2808.6000,2808.0000,2807.0000,2805.0000,2803.0000,2810.6000,2813.0000,2814.0000,2815.8000,2818.0000,1,2,1,3,1,1,1,1,5,1
SF,IH2009,2020-03-12 09:32:44.500,2810.2000,7990,0,100344780.000,0,-,-,-,-,2808.8000,2808.6000,2808.0000,2807.0000,2805.0000,2810.6000,2813.0000,2814.0000,2815.8000,2818.0000,1,1,2,1,3,1,1,1,5,1
SF,IH2009,2020-03-12 09:32:45.000,2810.2000,7990,0,100344780.000,0,-,-,-,-,2808.8000,2808.6000,2808.0000,2807.0000,2805.0000,2810.4000,2810.6000,2813.0000,2814.0000,2815.8000,1,1,2,1,3,3,1,1,1,5
SF,IH2009,2020-03-12 09:32:45.500,2810.2000,7990,0,100344780.000,0,-,-,-,-,2808.6000,2808.0000,2807.0000,2805.0000,2803.0000,2810.6000,2813.0000,2814.0000,2815.8000,2818.0000,1,2,1,3,1,1,1,1,5,1
SF,IH2009,2020-03-12 09:32:46.000,2810.2000,7990,0,100344780.000,0,-,-,-,-,2808.6000,2808.0000,2807.0000,2805.0000,2803.0000,2810.6000,2813.0000,2814.0000,2815.8000,2818.0000,1,2,1,3,1,1,1,1,5,1
SF,IH2009,2020-03-12 09:32:46.500,2810.2000,7990,0,100344780.000,0,-,-,-,-,2808.6000,2808.2000,2808.0000,2807.0000,2805.0000,2810.6000,2813.0000,2814.0000,2815.8000,2818.0000,1,1,2,1,3,1,1,1,5,1
SF,IH2009,2020-03-12 09:32:47.000,2810.2000,7990,0,100344780.000,0,-,-,-,-,2808.6000,2808.2000,2808.0000,2807.0000,2805.0000,2810.6000,2813.0000,2814.0000,2815.8000,2818.0000,3,1,2,1,3,1,1,1,5,1
SF,IH2009,2020-03-12 09:32:47.500,2810.2000,7990,0,100344780.000,0,-,-,-,-,2808.6000,2808.2000,2808.0000,2807.0000,2805.0000,2810.6000,2813.0000,2814.0000,2815.8000,2818.0000,3,1,2,1,3,1,1,1,5,1
SF,IH2009,2020-03-12 09:32:48.000,2810.2000,7990,0,100344780.000,0,-,-,-,-,2808.6000,2808.2000,2808.0000,2807.0000,2805.0000,2810.6000,2813.0000,2814.0000,2815.8000,2818.0000,3,1,3,1,3,1,1,1,5,1
SF,IH2009,2020-03-12 09:32:48.500,2810.2000,7990,0,100344780.000,0,-,-,-,-,2808.6000,2808.2000,2808.0000,2807.0000,2805.0000,2810.6000,2813.0000,2814.0000,2815.8000,2818.0000,3,1,3,1,3,1,1,1,5,1
SF,IH2009,2020-03-12 09:32:49.000,2810.2000,7990,0,100344780.000,0,-,-,-,-,2808.6000,2808.2000,2808.0000,2807.0000,2805.0000,2810.6000,2813.0000,2814.0000,2815.8000,2818.0000,3,1,3,1,3,1,1,1,5,1
SF,IH2009,2020-03-12 09:32:49.500,2810.2000,7990,0,100344780.000,0,-,-,-,-,2808.6000,2808.2000,2808.0000,2807.0000,2805.0000,2810.6000,2813.0000,2814.0000,2815.8000,2818.0000,3,1,3,1,3,1,1,1,5,1
SF,IH2009,2020-03-12 09:32:50.000,2810.2000,7990,0,100344780.000,0,-,-,-,-,2808.8000,2808.6000,2808.2000,2808.0000,2807.0000,2810.6000,2813.0000,2814.0000,2815.8000,2818.0000,1,3,1,3,1,1,1,1,5,1
SF,IH2009,2020-03-12 09:32:50.500,2810.2000,7990,0,100344780.000,0,-,-,-,-,2809.2000,2808.8000,2808.6000,2808.2000,2808.0000,2810.6000,2813.0000,2814.0000,2815.8000,2818.0000,1,1,3,1,3,1,1,1,5,1
SF,IH2009,2020-03-12 09:32:51.000,2809.4000,7989,-1,101187600.000,1,0,1,双平,S,2809.2000,2808.8000,2808.6000,2808.2000,2808.0000,2810.6000,2813.0000,2814.0000,2815.8000,2818.0000,1,1,3,1,3,1,1,1,5,1
SF,IH2009,2020-03-12 09:32:51.500,2809.4000,7989,0,101187600.000,0,-,-,-,-,2809.2000,2808.8000,2808.6000,2808.2000,2808.0000,2813.0000,2814.0000,2815.8000,2818.0000,2819.0000,1,1,3,1,3,1,1,5,1,1
SF,IH2009,2020-03-12 09:32:52.000,2809.4000,7989,0,101187600.000,0,-,-,-,-,2809.4000,2809.2000,2808.8000,2808.6000,2808.2000,2810.6000,2812.8000,2813.0000,2814.0000,2815.8000,1,1,1,2,1,1,2,1,1,5
SF,IH2009,2020-03-12 09:32:52.500,2809.4000,7989,0,101187600.000,0,-,-,-,-,2809.2000,2808.8000,2808.6000,2808.2000,2808.0000,2810.6000,2812.8000,2813.0000,2814.0000,2815.8000,1,1,2,1,3,1,2,1,1,5
SF,IH2009,2020-03-12 09:32:57.000,2809.2000,7989,0,102030360.000,1,0,1,多换,S,2808.8000,2808.6000,2808.2000,2808.0000,2807.0000,2810.6000,2812.8000,2813.0000,2814.0000,2815.8000,1,2,1,3,1,1,2,1,1,5
SF,IH2009,2020-03-12 09:32:57.500,2809.2000,7989,0,102030360.000,0,-,-,-,-,2808.6000,2808.2000,2808.0000,2807.0000,2805.0000,2810.4000,2810.6000,2812.8000,2813.0000,2814.0000,2,1,3,1,3,1,2,2,1,1
SF,IH2009,2020-03-12 09:32:58.000,2809.2000,7989,0,102030360.000,0,-,-,-,-,2808.6000,2808.2000,2808.0000,2807.0000,2805.0000,2810.4000,2810.6000,2812.8000,2813.0000,2814.0000,2,1,3,1,3,2,2,2,1,1
SF,IH2009,2020-03-12 09:32:59.500,2809.2000,7989,0,102030360.000,0,-,-,-,-,2808.6000,2808.2000,2808.0000,2807.0000,2805.0000,2810.4000,2810.6000,2812.8000,2813.0000,2814.0000,2,1,3,1,3,1,2,2,1,1
SF,IH2009,2020-03-12 09:33:00.000,2808.6000,7990,1,103715520.000,2,1,1,空开,S,2808.2000,2808.0000,2807.0000,2805.0000,2801.6000,2808.6000,2810.4000,2810.6000,2812.8000,2813.0000,1,3,1,3,2,1,1,2,2,1
SF,IH2009,2020-03-12 09:33:00.500,2808.6000,7989,-1,104558100.000,1,0,1,双平,S,2808.2000,2808.0000,2807.0000,2805.0000,2801.6000,2810.2000,2810.4000,2810.6000,2812.8000,2813.0000,1,3,1,3,2,2,1,2,2,1
SF,IH2009,2020-03-12 09:33:01.000,2808.2000,7988,-1,105400560.000,1,0,1,双平,S,2808.0000,2807.0000,2805.0000,2801.6000,2801.0000,2810.0000,2810.2000,2810.6000,2812.8000,2813.0000,3,1,3,2,1,1,2,2,1,1
SF,IH2009,2020-03-12 09:33:01.500,2808.0000,7988,0,107085360.000,2,1,1,多换,S,2808.0000,2807.0000,2805.0000,2801.6000,2801.0000,2809.8000,2810.0000,2810.2000,2810.6000,2812.8000,1,1,3,2,1,2,1,2,2,1
SF,IH2009,2020-03-12 09:33:02.000,2808.0000,7988,0,107085360.000,0,-,-,-,-,2808.0000,2807.0000,2805.0000,2801.6000,2801.0000,2809.6000,2809.8000,2810.2000,2810.6000,2812.8000,1,1,3,2,1,1,2,2,2,1
SF,IH2009,2020-03-12 09:33:02.500,2808.0000,7988,0,107085360.000,0,-,-,-,-,2808.0000,2807.0000,2805.0000,2801.6000,2801.0000,2809.4000,2809.6000,2809.8000,2810.2000,2810.6000,1,1,3,2,1,3,2,2,2,2
SF,IH2009,2020-03-12 09:33:03.000,2808.0000,7988,0,107927760.000,1,0,1,多换,S,2807.0000,2805.0000,2801.6000,2801.0000,2800.2000,2809.2000,2809.4000,2809.6000,2809.8000,2810.2000,1,3,2,1,2,1,3,1,1,2
SF,IH2009,2020-03-12 09:33:03.500,2808.0000,7988,0,107927760.000,0,-,-,-,-,2807.2000,2807.0000,2805.0000,2801.6000,2801.0000,2808.0000,2808.6000,2809.2000,2809.4000,2809.6000,1,1,3,2,1,6,1,1,3,1
SF,IH2009,2020-03-12 09:33:04.000,2808.0000,7988,0,107927760.000,0,-,-,-,-,2807.0000,2805.0000,2801.6000,2801.0000,2800.2000,2808.0000,2809.2000,2809.4000,2809.6000,2809.8000,1,3,2,1,2,6,1,3,1,1
SF,IH2009,2020-03-12 09:33:04.500,2807.0000,7988,0,108769860.000,1,0,1,多换,S,2805.0000,2801.6000,2801.0000,2800.2000,2800.0000,2807.6000,2807.8000,2808.0000,2809.4000,2809.6000,3,2,1,2,7,1,1,6,3,1
SF,IH2009,2020-03-12 09:33:05.000,2807.0000,7988,0,108769860.000,0,-,-,-,-,2805.2000,2805.0000,2801.6000,2801.0000,2800.2000,2806.6000,2807.0000,2807.4000,2807.6000,2808.0000,1,3,2,1,2,1,2,1,1,1
SF,IH2009,2020-03-12 09:33:05.500,2807.0000,7988,0,108769860.000,0,-,-,-,-,2805.4000,2805.0000,2801.6000,2801.0000,2800.2000,2806.4000,2806.6000,2807.0000,2807.4000,2808.0000,1,3,2,1,2,1,1,2,2,1
SF,IH2009,2020-03-12 09:33:06.000,2805.4000,7987,-1,109611480.000,1,0,1,双平,S,2805.0000,2801.6000,2801.0000,2800.2000,2800.0000,2805.2000,2805.4000,2805.6000,2806.2000,2807.0000,3,2,1,2,7,5,1,1,1,1
SF,IH2009,2020-03-12 09:33:06.500,2805.0000,7987,0,112135980.000,3,1,2,多换,S,2801.6000,2801.0000,2800.2000,2800.0000,2797.8000,2805.0000,2805.2000,2805.4000,2806.2000,2807.4000,2,1,2,7,1,4,5,1,1,1
SF,IH2009,2020-03-12 09:33:07.000,2805.0000,7987,0,112977480.000,1,0,1,多换,S,2801.8000,2801.6000,2801.0000,2800.2000,2800.0000,2805.4000,2806.2000,2807.4000,2808.2000,2810.6000,2,2,1,2,7,1,1,1,5,2
SF,IH2009,2020-03-12 09:33:07.500,2805.0000,7987,0,112977480.000,0,-,-,-,-,2801.8000,2801.6000,2801.0000,2800.2000,2800.0000,2806.2000,2807.4000,2808.2000,2810.6000,2813.0000,2,2,1,2,7,1,1,5,2,1
SF,IH2009,2020-03-12 09:33:08.500,2801.8000,7986,-1,113818020.000,1,0,1,双平,S,2801.8000,2801.6000,2801.0000,2800.2000,2800.0000,2805.0000,2806.0000,2806.2000,2807.4000,2808.2000,1,2,1,2,7,1,1,1,1,5
SF,IH2009,2020-03-12 09:33:09.000,2801.8000,7986,0,113818020.000,0,-,-,-,-,2802.0000,2801.8000,2801.6000,2801.0000,2800.2000,2805.0000,2805.4000,2806.0000,2807.4000,2808.2000,1,1,2,1,2,1,1,1,1,5
SF,IH2009,2020-03-12 09:33:09.500,2801.8000,7986,0,113818020.000,0,-,-,-,-,2802.2000,2802.0000,2801.6000,2801.0000,2800.2000,2804.8000,2805.0000,2807.4000,2808.2000,2810.6000,1,1,2,1,2,1,1,1,5,2
SF,IH2009,2020-03-12 09:33:10.000,2807.4000,7986,0,116343180.000,3,1,2,多换,S,2808.0000,2802.2000,2801.6000,2801.0000,2800.2000,2808.2000,2810.6000,2813.0000,2814.0000,2818.0000,2,1,2,1,2,5,2,1,1,1
SF,IH2009,2020-03-12 09:33:10.500,2808.0000,7986,0,118027980.000,2,1,1,多换,S,2802.4000,2802.2000,2801.6000,2801.0000,2800.2000,2806.4000,2807.6000,2807.8000,2808.0000,2808.2000,1,1,2,1,2,1,3,3,20,5
SF,IH2009,2020-03-12 09:33:11.000,2808.0000,7986,0,118027980.000,0,-,-,-,-,2802.6000,2802.4000,2801.6000,2801.0000,2800.2000,2806.4000,2808.0000,2808.2000,2810.6000,2813.0000,2,1,2,1,2,1,2,5,2,1
SF,IH2009,2020-03-12 09:33:11.500,2808.0000,7986,0,118027980.000,0,-,-,-,-,2802.8000,2802.6000,2802.4000,2801.6000,2801.0000,2806.2000,2806.4000,2806.8000,2807.0000,2807.4000,1,2,1,2,1,3,1,2,1,1
SF,IH2009,2020-03-12 09:33:12.000,2802.8000,7985,-1,119709720.000,2,0,2,多平,S,2802.4000,2801.6000,2801.0000,2800.2000,2800.0000,2802.8000,2806.2000,2806.4000,2806.6000,2806.8000,1,2,1,2,8,3,3,1,1,2
SF,IH2009,2020-03-12 09:33:12.500,2802.8000,7985,0,119709720.000,0,-,-,-,-,2801.6000,2801.0000,2800.2000,2800.0000,2797.8000,2802.8000,2805.6000,2806.2000,2806.4000,2806.6000,2,1,2,8,1,3,1,3,1,1
SF,IH2009,2020-03-12 09:33:13.000,2802.8000,7985,0,121391400.000,2,1,1,多换,S,2801.8000,2801.6000,2801.0000,2800.2000,2800.0000,2805.6000,2806.2000,2806.4000,2806.6000,2806.8000,2,2,2,2,8,1,1,1,1,2
SF,IH2009,2020-03-12 09:33:13.500,2802.8000,7985,0,121391400.000,0,-,-,-,-,2801.8000,2801.6000,2801.0000,2800.2000,2800.0000,2805.6000,2806.2000,2806.4000,2806.6000,2806.8000,2,2,2,2,8,1,1,1,1,2
SF,IH2009,2020-03-12 09:33:14.000,2802.8000,7985,0,121391400.000,0,-,-,-,-,2802.0000,2801.8000,2801.6000,2801.0000,2800.2000,2806.2000,2806.4000,2806.8000,2807.0000,2807.4000,1,2,2,2,2,1,1,2,1,4
SF,IH2009,2020-03-12 09:33:14.500,2802.8000,7985,0,121391400.000,0,-,-,-,-,2801.8000,2801.6000,2801.0000,2800.2000,2800.0000,2806.0000,2806.2000,2806.4000,2806.8000,2807.0000,1,2,2,2,8,1,1,1,2,2
SF,IH2009,2020-03-12 09:33:15.000,2802.8000,7985,0,121391400.000,0,-,-,-,-,2802.0000,2801.8000,2801.6000,2801.0000,2800.2000,2805.8000,2806.0000,2806.2000,2806.4000,2806.8000,1,1,2,2,2,2,1,1,1,2
SF,IH2009,2020-03-12 09:33:15.500,2802.8000,7985,0,121391400.000,0,-,-,-,-,2802.0000,2801.8000,2801.6000,2801.0000,2800.2000,2805.6000,2805.8000,2806.2000,2806.4000,2806.8000,1,1,2,2,2,1,1,1,1,2
SF,IH2009,2020-03-12 09:33:16.000,2802.8000,7985,0,121391400.000,0,-,-,-,-,2802.0000,2801.8000,2801.6000,2801.0000,2800.2000,2805.4000,2805.6000,2806.2000,2806.4000,2806.8000,1,1,2,2,2,3,1,1,1,2
SF,IH2009,2020-03-12 09:33:16.500,2802.8000,7985,0,121391400.000,0,-,-,-,-,2802.0000,2801.8000,2801.6000,2801.0000,2800.2000,2805.4000,2806.2000,2806.4000,2806.8000,2807.0000,1,1,2,2,2,2,1,1,2,1
SF,IH2009,2020-03-12 09:33:17.000,2802.8000,7985,0,121391400.000,0,-,-,-,-,2801.8000,2801.6000,2801.0000,2800.2000,2800.0000,2802.0000,2805.2000,2805.4000,2806.2000,2806.4000,1,2,2,2,8,1,1,2,1,1
SF,IH2009,2020-03-12 09:33:17.500,2802.0000,7984,-1,122232000.000,1,0,1,双平,S,2801.8000,2801.6000,2801.0000,2800.2000,2800.0000,2802.2000,2805.2000,2805.4000,2806.2000,2806.4000,1,2,2,2,8,1,2,1,1,1
SF,IH2009,2020-03-12 09:33:18.000,2802.2000,7983,-1,123072660.000,1,0,1,双平,S,2801.8000,2801.6000,2801.0000,2800.2000,2800.0000,2805.2000,2806.2000,2806.4000,2806.8000,2807.0000,1,2,2,2,8,2,1,1,2,1
SF,IH2009,2020-03-12 09:33:18.500,2802.2000,7983,0,123072660.000,0,-,-,-,-,2802.0000,2801.8000,2801.6000,2801.0000,2800.2000,2805.2000,2806.2000,2806.4000,2806.8000,2807.0000,1,1,2,2,2,2,1,1,2,3
SF,IH2009,2020-03-12 09:33:19.000,2802.2000,7983,0,123072660.000,0,-,-,-,-,2802.0000,2801.8000,2801.6000,2801.0000,2800.2000,2805.0000,2805.2000,2806.2000,2806.4000,2806.8000,1,1,2,2,2,2,1,1,1,2
SF,IH2009,2020-03-12 09:33:19.500,2802.2000,7983,0,123072660.000,0,-,-,-,-,2802.0000,2801.8000,2801.6000,2801.0000,2800.2000,2804.8000,2805.0000,2805.2000,2806.2000,2806.4000,1,1,2,2,2,1,2,1,1,1
SF,IH2009,2020-03-12 09:33:20.000,2802.2000,7983,0,123072660.000,0,-,-,-,-,2802.2000,2802.0000,2801.8000,2801.6000,2801.0000,2804.8000,2805.0000,2805.2000,2806.2000,2806.4000,1,1,1,2,2,2,2,1,1,1
SF,IH2009,2020-03-12 09:33:20.500,2802.2000,7983,0,123072660.000,0,-,-,-,-,2802.2000,2801.6000,2801.0000,2800.2000,2800.0000,2804.8000,2805.0000,2806.2000,2806.4000,2807.0000,1,2,2,2,8,1,2,1,1,3
SF,IH2009,2020-03-12 09:33:21.000,2802.2000,7983,0,123072660.000,0,-,-,-,-,2801.6000,2801.0000,2800.2000,2800.0000,2797.8000,2804.6000,2805.0000,2806.2000,2806.4000,2807.0000,2,2,2,8,1,1,2,1,1,3
SF,IH2009,2020-03-12 09:33:21.500,2802.2000,7983,0,123072660.000,0,-,-,-,-,2801.8000,2801.6000,2801.0000,2800.2000,2800.0000,2804.6000,2805.0000,2806.2000,2806.4000,2807.0000,1,2,2,2,8,1,1,1,1,3
SF,IH2009,2020-03-12 09:33:22.000,2802.2000,7983,0,123072660.000,0,-,-,-,-,2801.6000,2801.0000,2800.2000,2800.0000,2797.8000,2804.4000,2805.0000,2806.2000,2806.4000,2807.0000,2,2,2,8,1,2,1,1,1,3
SF,IH2009,2020-03-12 09:33:22.500,2801.8000,7982,-1,123913200.000,1,0,1,双平,S,2801.6000,2801.0000,2800.2000,2800.0000,2797.8000,2804.4000,2805.0000,2806.2000,2806.4000,2807.0000,2,2,2,8,1,2,1,1,1,3
SF,IH2009,2020-03-12 09:33:23.000,2801.8000,7982,0,123913200.000,0,-,-,-,-,2801.6000,2801.0000,2800.2000,2800.0000,2797.8000,2804.2000,2804.4000,2805.0000,2806.2000,2806.4000,2,2,2,8,1,1,2,1,1,1
SF,IH2009,2020-03-12 09:33:23.500,2801.8000,7982,0,123913200.000,0,-,-,-,-,2801.8000,2801.6000,2801.0000,2800.2000,2800.0000,2804.0000,2804.2000,2805.0000,2806.2000,2806.4000,1,2,2,2,8,1,1,1,1,1
SF,IH2009,2020-03-12 09:33:24.000,2801.8000,7982,0,123913200.000,0,-,-,-,-,2801.8000,2801.6000,2801.4000,2801.0000,2800.2000,2803.8000,2804.0000,2804.2000,2805.0000,2806.2000,1,2,1,2,2,2,1,1,1,1
SF,IH2009,2020-03-12 09:33:24.500,2801.8000,7982,0,123913200.000,0,-,-,-,-,2801.6000,2801.4000,2801.0000,2800.2000,2800.0000,2803.8000,2804.0000,2804.2000,2805.0000,2806.2000,2,1,2,2,8,2,1,1,1,1
SF,IH2009,2020-03-12 09:33:25.000,2801.8000,7982,0,123913200.000,0,-,-,-,-,2801.6000,2801.4000,2801.0000,2800.2000,2800.0000,2803.6000,2803.8000,2804.2000,2805.0000,2806.2000,2,1,2,2,8,1,2,1,1,1
SF,IH2009,2020-03-12 09:33:25.500,2801.8000,7982,0,123913200.000,0,-,-,-,-,2801.6000,2801.4000,2801.0000,2800.2000,2800.0000,2803.4000,2803.6000,2803.8000,2804.2000,2804.6000,2,1,2,2,8,1,1,1,1,1
SF,IH2009,2020-03-12 09:33:26.000,2801.6000,7982,0,124753680.000,1,0,1,多换,S,2801.6000,2801.4000,2801.0000,2800.2000,2800.0000,2803.2000,2803.4000,2803.6000,2803.8000,2804.2000,1,1,2,2,8,1,2,1,1,1
SF,IH2009,2020-03-12 09:33:26.500,2801.6000,7982,0,124753680.000,0,-,-,-,-,2801.6000,2801.4000,2801.0000,2800.2000,2800.0000,2803.2000,2803.4000,2803.6000,2803.8000,2804.2000,1,1,2,2,8,1,1,1,1,1
SF,IH2009,2020-03-12 09:33:27.000,2801.6000,7982,0,124753680.000,0,-,-,-,-,2801.6000,2801.4000,2801.0000,2800.2000,2800.0000,2803.2000,2803.4000,2803.6000,2803.8000,2804.2000,1,1,2,2,8,1,1,1,1,1
SF,IH2009,2020-03-12 09:33:27.500,2801.6000,7983,1,125594160.000,1,1,0,双开,S,2801.4000,2801.0000,2800.2000,2800.0000,2797.8000,2801.6000,2803.2000,2803.4000,2803.6000,2803.8000,1,2,2,8,1,1,1,1,1,1
SF,IH2009,2020-03-12 09:33:28.000,2801.4000,7984,1,126434580.000,1,1,0,双开,S,2801.0000,2800.2000,2800.0000,2797.8000,2795.0000,2801.4000,2801.6000,2803.0000,2803.2000,2803.4000,2,2,8,1,1,2,1,1,1,1
SF,IH2009,2020-03-12 09:33:28.500,2801.0000,7984,0,127274880.000,1,0,1,多换,S,2801.0000,2800.2000,2800.0000,2797.8000,2795.0000,2801.6000,2803.2000,2803.4000,2803.6000,2803.8000,1,2,8,1,1,1,1,1,1,1
SF,IH2009,2020-03-12 09:33:29.000,2801.0000,7984,0,127274880.000,0,-,-,-,-,2801.0000,2800.2000,2800.0000,2797.8000,2795.0000,2801.6000,2803.2000,2803.4000,2803.6000,2803.8000,1,2,8,1,1,1,1,1,1,1
SF,IH2009,2020-03-12 09:33:29.500,2801.0000,7984,0,127274880.000,0,-,-,-,-,2801.0000,2800.2000,2800.0000,2797.8000,2795.0000,2801.6000,2803.4000,2803.6000,2803.8000,2805.0000,1,2,8,1,1,1,1,1,1,1
SF,IH2009,2020-03-12 09:33:30.000,2801.0000,7984,0,127274880.000,0,-,-,-,-,2801.0000,2800.2000,2800.0000,2797.8000,2795.0000,2801.4000,2801.6000,2803.4000,2803.6000,2805.0000,1,2,8,1,1,1,1,1,1,1
SF,IH2009,2020-03-12 09:33:30.500,2801.0000,7984,0,128115180.000,1,0,1,多换,S,2800.2000,2800.0000,2797.8000,2795.0000,2791.0000,2800.6000,2801.0000,2801.4000,2801.6000,2803.6000,2,8,1,1,1,1,7,1,1,1
SF,IH2009,2020-03-12 09:33:31.000,2800.2000,7984,0,129795300.000,2,1,1,多换,S,2800.0000,2797.8000,2795.0000,2791.0000,2790.0000,2800.2000,2800.8000,2801.0000,2801.4000,2801.6000,8,1,1,1,2,1,1,1,1,1
SF,IH2009,2020-03-12 09:33:31.500,2800.0000,7984,0,130635300.000,1,0,1,多换,S,2800.0000,2797.8000,2795.0000,2791.0000,2790.0000,2800.2000,2801.4000,2801.6000,2803.6000,2805.0000,7,1,1,1,2,4,1,1,1,1
SF,IH2009,2020-03-12 09:33:32.000,2800.0000,7983,-1,133155360.000,3,1,2,多平,S,2800.0000,2797.8000,2795.0000,2791.0000,2790.0000,2800.2000,2801.4000,2801.6000,2803.6000,2805.0000,6,1,1,1,2,3,1,1,1,1
SF,IH2009,2020-03-12 09:33:32.500,2800.0000,7984,1,134835360.000,2,1,1,空开,S,2800.0000,2797.8000,2795.0000,2791.0000,2790.0000,2800.2000,2801.4000,2801.6000,2803.6000,2805.0000,4,1,1,1,2,5,1,1,1,1
SF,IH2009,2020-03-12 09:33:33.000,2800.0000,7980,-4,139875600.000,6,1,5,多平,S,2800.0000,2797.8000,2795.0000,2791.0000,2790.0000,2800.2000,2801.4000,2801.6000,2803.6000,2805.0000,2,1,1,1,2,1,1,1,1,2
SF,IH2009,2020-03-12 09:33:33.500,2800.2000,7979,-1,140715660.000,1,0,1,双平,S,2800.0000,2797.8000,2795.0000,2791.0000,2790.0000,2801.4000,2801.6000,2803.6000,2805.0000,2806.4000,2,1,1,1,2,1,1,1,2,1
SF,IH2009,2020-03-12 09:33:34.000,2800.2000,7979,0,140715660.000,0,-,-,-,-,2800.2000,2800.0000,2799.8000,2799.6000,2797.8000,2801.4000,2801.6000,2803.6000,2805.0000,2806.4000,1,2,1,1,1,1,1,1,2,1
SF,IH2009,2020-03-12 09:33:34.500,2800.2000,7979,0,140715660.000,0,-,-,-,-,2800.2000,2800.0000,2799.8000,2799.6000,2797.8000,2801.2000,2801.4000,2801.6000,2803.6000,2805.0000,1,2,1,1,1,1,1,1,1,2
SF,IH2009,2020-03-12 09:33:35.000,2800.2000,7979,0,140715660.000,0,-,-,-,-,2800.2000,2800.0000,2799.8000,2799.6000,2797.8000,2801.2000,2801.4000,2801.6000,2803.6000,2805.0000,1,2,1,1,1,1,1,1,1,2
SF,IH2009,2020-03-12 09:33:35.500,2800.2000,7979,0,140715660.000,0,-,-,-,-,2800.2000,2800.0000,2799.8000,2799.6000,2797.8000,2801.2000,2801.6000,2803.6000,2805.0000,2806.4000,1,2,1,1,1,1,1,1,2,1
SF,IH2009,2020-03-12 09:33:36.000,2800.2000,7979,0,140715660.000,0,-,-,-,-,2800.2000,2800.0000,2799.8000,2799.6000,2797.8000,2801.6000,2803.6000,2805.0000,2806.4000,2807.8000,1,2,1,1,1,1,1,2,1,1
SF,IH2009,2020-03-12 09:33:36.500,2800.0000,7979,0,142395720.000,2,1,1,多换,S,2800.0000,2799.8000,2799.6000,2797.8000,2795.0000,2801.4000,2801.6000,2803.6000,2805.0000,2806.4000,1,1,1,1,1,1,1,1,2,1
SF,IH2009,2020-03-12 09:33:37.000,2799.8000,7979,0,144075660.000,2,1,1,多换,S,2799.6000,2797.8000,2795.0000,2791.0000,2790.0000,2801.2000,2801.4000,2801.6000,2803.6000,2805.0000,1,1,1,1,2,1,2,1,1,2
SF,IH2009,2020-03-12 09:33:37.500,2799.6000,7979,0,144915540.000,1,0,1,多换,S,2797.8000,2795.0000,2791.0000,2790.0000,2789.2000,2800.0000,2801.4000,2801.6000,2803.6000,2805.0000,1,1,1,2,5,1,1,1,1,2
SF,IH2009,2020-03-12 09:33:38.000,2799.6000,7979,0,144915540.000,0,-,-,-,-,2798.0000,2797.8000,2795.0000,2791.0000,2790.0000,2799.8000,2800.0000,2801.0000,2801.4000,2801.6000,1,1,1,1,2,2,1,1,1,1
SF,IH2009,2020-03-12 09:33:38.500,2799.6000,7979,0,144915540.000,0,-,-,-,-,2798.0000,2797.8000,2795.0000,2791.0000,2790.0000,2799.8000,2800.0000,2801.6000,2805.0000,2806.4000,1,1,1,1,2,2,1,1,2,1
SF,IH2009,2020-03-12 09:33:39.000,2799.6000,7979,0,144915540.000,0,-,-,-,-,2798.0000,2797.8000,2795.0000,2791.0000,2790.0000,2799.8000,2800.0000,2801.6000,2805.0000,2806.4000,1,1,1,1,2,1,1,1,2,1
SF,IH2009,2020-03-12 09:33:39.500,2800.0000,7981,2,146595480.000,2,2,0,双开,S,2798.2000,2798.0000,2797.8000,2795.0000,2791.0000,2801.6000,2805.0000,2806.4000,2807.8000,2808.2000,1,1,1,1,2,1,2,1,1,5
SF,IH2009,2020-03-12 09:33:40.000,2800.0000,7981,0,146595480.000,0,-,-,-,-,2798.4000,2798.0000,2797.8000,2795.0000,2791.0000,2799.6000,2801.4000,2801.6000,2805.0000,2806.4000,1,1,1,1,2,1,1,1,2,1
SF,IH2009,2020-03-12 09:33:40.500,2799.6000,7980,-1,147435360.000,1,0,1,双平,S,2798.0000,2797.8000,2795.0000,2791.0000,2790.0000,2801.6000,2805.0000,2806.4000,2807.8000,2808.2000,1,1,1,2,2,1,2,1,1,5
SF,IH2009,2020-03-12 09:33:41.000,2799.6000,7980,0,147435360.000,0,-,-,-,-,2798.6000,2798.2000,2798.0000,2797.8000,2795.0000,2801.4000,2801.6000,2805.0000,2807.8000,2808.2000,1,2,1,1,1,1,1,2,1,5
SF,IH2009,2020-03-12 09:33:41.500,2799.0000,7979,-1,148275060.000,1,0,1,双平,S,2798.8000,2798.6000,2798.2000,2797.8000,2795.0000,2801.6000,2805.0000,2807.8000,2808.2000,2809.0000,1,1,2,1,1,1,2,1,5,2
SF,IH2009,2020-03-12 09:33:42.000,2799.0000,7979,0,148275060.000,0,-,-,-,-,2800.4000,2799.0000,2798.8000,2798.6000,2798.2000,2801.6000,2805.0000,2807.8000,2808.2000,2809.0000,1,3,1,1,2,1,2,1,5,2
SF,IH2009,2020-03-12 09:33:42.500,2799.2000,7978,-1,149954700.000,2,0,2,多平,S,2799.0000,2798.8000,2798.6000,2798.2000,2797.8000,2801.6000,2805.0000,2807.8000,2808.2000,2809.0000,3,1,1,2,1,1,2,1,5,2
SF,IH2009,2020-03-12 09:33:43.000,2799.8000,7978,0,150794640.000,1,0,1,多换,S,2799.2000,2799.0000,2798.6000,2798.2000,2797.8000,2801.6000,2805.0000,2807.8000,2808.2000,2809.0000,1,3,1,2,1,1,1,1,5,2
SF,IH2009,2020-03-12 09:33:43.500,2799.8000,7978,0,150794640.000,0,-,-,-,-,2799.4000,2799.2000,2799.0000,2798.6000,2798.2000,2801.6000,2805.0000,2807.8000,2808.2000,2809.0000,3,1,3,1,2,1,1,1,5,2
SF,IH2009,2020-03-12 09:33:44.000,2799.8000,7978,0,150794640.000,0,-,-,-,-,2799.6000,2799.4000,2799.0000,2798.6000,2798.2000,2801.6000,2805.0000,2807.8000,2808.2000,2809.0000,1,3,3,1,2,1,1,1,5,2
SF,IH2009,2020-03-12 09:33:44.500,2799.8000,7978,0,150794640.000,0,-,-,-,-,2799.8000,2799.6000,2799.4000,2799.0000,2798.6000,2801.6000,2807.8000,2808.2000,2809.0000,2813.0000,2,1,3,3,1,1,1,5,2,1
SF,IH2009,2020-03-12 09:33:45.000,2799.8000,7978,0,150794640.000,0,-,-,-,-,2799.8000,2799.6000,2799.4000,2799.0000,2798.6000,2801.6000,2807.8000,2808.2000,2809.0000,2813.0000,2,1,3,3,1,1,1,5,2,1
SF,IH2009,2020-03-12 09:33:45.500,2799.8000,7978,0,150794640.000,0,-,-,-,-,2800.2000,2799.8000,2799.6000,2799.4000,2799.0000,2801.6000,2807.8000,2808.2000,2809.0000,2813.0000,1,2,1,3,3,1,1,5,2,1
SF,IH2009,2020-03-12 09:33:46.000,2799.8000,7978,0,150794640.000,0,-,-,-,-,2800.2000,2799.8000,2799.6000,2799.4000,2799.0000,2807.8000,2808.2000,2809.0000,2813.0000,2814.0000,1,2,1,3,3,1,5,2,1,1
SF,IH2009,2020-03-12 09:33:46.500,2799.8000,7978,0,150794640.000,0,-,-,-,-,2800.4000,2800.2000,2799.8000,2799.4000,2799.0000,2804.8000,2805.0000,2807.4000,2807.6000,2807.8000,3,1,2,4,3,1,1,1,2,1
SF,IH2009,2020-03-12 09:33:47.000,2799.8000,7978,0,150794640.000,0,-,-,-,-,2800.4000,2800.2000,2799.8000,2799.6000,2799.4000,2804.8000,2805.0000,2807.4000,2807.8000,2808.2000,3,1,2,1,5,1,1,1,1,5
SF,IH2009,2020-03-12 09:33:47.500,2799.8000,7978,0,150794640.000,0,-,-,-,-,2800.4000,2800.2000,2799.8000,2799.6000,2799.4000,2804.6000,2804.8000,2805.0000,2807.8000,2808.2000,3,1,2,1,5,3,1,1,1,5
SF,IH2009,2020-03-12 09:33:48.000,2799.8000,7978,0,150794640.000,0,-,-,-,-,2801.6000,2800.4000,2800.2000,2799.6000,2799.4000,2804.6000,2805.0000,2807.2000,2807.8000,2808.2000,1,1,1,1,5,3,1,1,1,5
SF,IH2009,2020-03-12 09:33:48.500,2799.8000,7978,0,153314460.000,3,1,2,多换,S,2799.6000,2799.4000,2798.2000,2797.8000,2795.0000,2803.0000,2804.4000,2804.6000,2805.0000,2807.2000,1,2,1,1,1,1,2,3,1,1
SF,IH2009,2020-03-12 09:33:49.000,2799.6000,7979,1,154154340.000,1,1,0,双开,S,2799.4000,2797.8000,2795.0000,2791.0000,2790.0000,2802.0000,2802.8000,2803.0000,2804.6000,2807.2000,2,1,1,2,2,1,2,1,2,1
SF,IH2009,2020-03-12 09:33:49.500,2799.6000,7979,0,154154340.000,0,-,-,-,-,2799.4000,2797.8000,2795.0000,2791.0000,2790.0000,2800.4000,2801.8000,2802.0000,2802.8000,2804.6000,2,1,1,2,2,1,2,1,1,2
SF,IH2009,2020-03-12 09:33:50.000,2799.6000,7979,0,154154340.000,0,-,-,-,-,2799.4000,2797.8000,2795.0000,2791.0000,2790.0000,2800.4000,2801.8000,2802.0000,2802.8000,2804.6000,2,1,1,2,2,1,2,1,1,2
SF,IH2009,2020-03-12 09:33:50.500,2799.6000,7979,0,154154340.000,0,-,-,-,-,2799.4000,2797.8000,2795.0000,2791.0000,2790.0000,2800.4000,2801.8000,2802.0000,2802.8000,2804.6000,2,1,1,2,2,1,2,1,1,2
SF,IH2009,2020-03-12 09:33:51.000,2799.6000,7979,0,154154340.000,0,-,-,-,-,2799.4000,2797.8000,2795.0000,2791.0000,2790.0000,2800.4000,2801.8000,2802.0000,2802.8000,2804.6000,2,1,1,2,2,1,2,1,1,2
SF,IH2009,2020-03-12 09:33:53.000,2799.6000,7979,0,154154340.000,0,-,-,-,-,2799.4000,2797.8000,2795.0000,2791.0000,2790.0000,2800.4000,2801.8000,2802.0000,2802.8000,2804.6000,2,1,1,2,2,2,2,1,1,2
SF,IH2009,2020-03-12 09:33:53.500,2799.6000,7979,0,154154340.000,0,-,-,-,-,2799.4000,2797.8000,2795.0000,2791.0000,2790.0000,2800.0000,2800.4000,2801.8000,2802.0000,2802.8000,2,1,1,2,3,1,2,1,1,1
SF,IH2009,2020-03-12 09:33:54.000,2799.6000,7979,0,154154340.000,0,-,-,-,-,2799.4000,2797.8000,2795.0000,2791.0000,2790.0000,2800.0000,2800.4000,2801.8000,2802.0000,2804.6000,2,1,1,2,3,1,2,1,1,1
SF,IH2009,2020-03-12 09:33:55.000,2800.0000,7978,-1,154994340.000,1,0,1,双平,S,2799.4000,2797.8000,2795.0000,2791.0000,2790.0000,2800.4000,2801.8000,2802.0000,2804.6000,2807.8000,2,1,1,2,3,2,1,1,1,1
SF,IH2009,2020-03-12 09:33:56.000,2800.0000,7978,0,154994340.000,0,-,-,-,-,2799.4000,2797.8000,2795.0000,2791.0000,2790.0000,2800.4000,2801.8000,2802.0000,2804.6000,2807.8000,2,1,1,3,3,2,1,1,1,1
SF,IH2009,2020-03-12 09:33:56.500,2800.0000,7978,0,154994340.000,0,-,-,-,-,2799.4000,2797.8000,2795.0000,2791.0000,2790.0000,2800.4000,2801.8000,2802.0000,2804.6000,2807.8000,2,1,1,3,3,2,1,1,1,1
SF,IH2009,2020-03-12 09:33:57.000,2800.4000,7977,-1,156674580.000,2,0,2,多平,S,2799.4000,2797.8000,2795.0000,2791.0000,2790.0000,2801.8000,2802.0000,2804.6000,2807.8000,2808.0000,2,1,1,3,3,1,1,1,1,1
SF,IH2009,2020-03-12 09:33:57.500,2800.4000,7977,0,156674580.000,0,-,-,-,-,2799.4000,2797.8000,2795.0000,2791.0000,2790.0000,2801.6000,2802.0000,2804.6000,2807.8000,2808.0000,2,1,1,3,3,3,1,1,1,1
SF,IH2009,2020-03-12 09:33:58.000,2800.4000,7977,0,156674580.000,0,-,-,-,-,2799.4000,2797.8000,2795.0000,2791.0000,2790.0000,2801.6000,2802.0000,2804.0000,2804.6000,2807.8000,2,1,1,3,3,3,1,1,1,1
SF,IH2009,2020-03-12 09:33:58.500,2800.4000,7977,0,156674580.000,0,-,-,-,-,2800.4000,2799.4000,2797.8000,2795.0000,2791.0000,2801.4000,2801.6000,2802.0000,2804.0000,2804.6000,1,2,1,1,3,1,2,1,1,1
SF,IH2009,2020-03-12 09:33:59.000,2800.4000,7977,0,156674580.000,0,-,-,-,-,2800.4000,2799.4000,2797.8000,2795.0000,2791.0000,2801.4000,2801.6000,2802.0000,2804.0000,2804.6000,1,2,1,1,3,2,2,1,1,1
SF,IH2009,2020-03-12 09:33:59.500,2800.4000,7977,0,156674580.000,0,-,-,-,-,2800.4000,2799.4000,2797.8000,2795.0000,2791.0000,2801.4000,2801.6000,2802.0000,2804.0000,2804.6000,1,2,1,1,3,1,1,1,1,1
SF,IH2009,2020-03-12 09:34:00.000,2800.4000,7977,0,156674580.000,0,-,-,-,-,2800.6000,2800.4000,2799.4000,2797.8000,2795.0000,2801.4000,2801.6000,2802.0000,2804.0000,2804.6000,1,1,2,1,1,1,1,1,1,1
SF,IH2009,2020-03-12 09:34:00.500,2800.4000,7977,0,156674580.000,0,-,-,-,-,2800.6000,2800.4000,2799.4000,2797.8000,2795.0000,2801.4000,2801.6000,2802.0000,2804.0000,2804.6000,1,1,1,1,1,1,1,1,1,1
SF,IH2009,2020-03-12 09:34:01.000,2800.4000,7977,0,156674580.000,0,-,-,-,-,2800.6000,2800.4000,2800.2000,2799.4000,2797.8000,2801.4000,2801.6000,2802.0000,2804.0000,2804.6000,1,1,1,1,1,1,1,1,1,1
SF,IH2009,2020-03-12 09:34:01.500,2800.2000,7976,-1,159194940.000,3,1,2,多平,S,2799.4000,2797.8000,2795.0000,2791.0000,2790.0000,2800.6000,2801.4000,2801.6000,2802.0000,2804.0000,1,1,1,3,3,2,1,1,1,1
SF,IH2009,2020-03-12 09:34:02.000,2800.2000,7976,0,159194940.000,0,-,-,-,-,2799.4000,2797.8000,2795.0000,2791.0000,2790.0000,2800.4000,2800.6000,2801.6000,2802.0000,2804.0000,1,1,1,3,3,1,3,1,1,1
SF,IH2009,2020-03-12 09:34:02.500,2800.2000,7976,0,159194940.000,0,-,-,-,-,2799.4000,2797.8000,2795.0000,2791.0000,2790.0000,2800.4000,2800.6000,2801.6000,2802.0000,2804.0000,1,1,1,3,3,1,3,1,1,1
SF,IH2009,2020-03-12 09:34:03.000,2799.4000,7976,0,160034760.000,1,0,1,多换,S,2797.8000,2795.0000,2791.0000,2790.0000,2789.2000,2800.4000,2801.6000,2802.0000,2804.0000,2804.6000,1,1,3,3,5,1,1,1,1,1
SF,IH2009,2020-03-12 09:34:03.500,2799.4000,7976,0,160034760.000,0,-,-,-,-,2798.4000,2798.0000,2797.8000,2795.0000,2791.0000,2799.4000,2800.2000,2801.6000,2802.0000,2804.0000,1,1,1,1,3,3,1,1,1,1
SF,IH2009,2020-03-12 09:34:04.000,2799.4000,7976,0,160034760.000,0,-,-,-,-,2798.4000,2798.0000,2797.8000,2795.0000,2791.0000,2799.4000,2801.6000,2802.0000,2804.0000,2804.6000,1,1,1,1,3,3,1,1,1,1
SF,IH2009,2020-03-12 09:34:04.500,2799.4000,7971,-5,164233620.000,5,0,5,双平,S,2798.4000,2798.0000,2797.8000,2795.0000,2791.0000,2799.2000,2801.6000,2802.0000,2804.0000,2804.6000,1,1,1,1,3,1,1,1,1,1
SF,IH2009,2020-03-12 09:34:05.000,2799.4000,7970,-1,165073440.000,1,0,1,双平,S,2798.6000,2798.4000,2798.0000,2797.8000,2795.0000,2801.6000,2802.0000,2804.0000,2804.6000,2807.8000,3,1,1,1,1,1,1,1,1,1
SF,IH2009,2020-03-12 09:34:05.500,2799.4000,7970,0,165073440.000,0,-,-,-,-,2798.6000,2798.0000,2797.8000,2795.0000,2791.0000,2801.6000,2802.0000,2804.0000,2804.6000,2807.8000,3,1,1,1,3,1,1,1,1,1
SF,IH2009,2020-03-12 09:34:06.000,2799.4000,7970,0,165073440.000,0,-,-,-,-,2799.4000,2798.6000,2798.0000,2797.8000,2795.0000,2801.6000,2804.0000,2804.6000,2807.8000,2808.0000,1,3,1,1,1,1,1,1,1,1
SF,IH2009,2020-03-12 09:34:06.500,2799.4000,7970,0,165073440.000,0,-,-,-,-,2799.4000,2798.6000,2798.0000,2797.8000,2795.0000,2801.6000,2804.0000,2804.6000,2807.8000,2808.0000,1,3,1,1,1,1,1,1,1,1
SF,IH2009,2020-03-12 09:34:07.000,2799.4000,7970,0,165073440.000,0,-,-,-,-,2800.0000,2799.4000,2798.6000,2798.0000,2797.8000,2801.6000,2804.0000,2804.6000,2807.8000,2808.0000,1,1,3,1,1,1,1,1,1,1
SF,IH2009,2020-03-12 09:34:07.500,2799.4000,7970,0,165073440.000,0,-,-,-,-,2800.0000,2799.6000,2799.4000,2798.6000,2798.0000,2804.0000,2804.6000,2807.8000,2808.0000,2808.2000,1,3,1,3,1,1,1,1,1,5
SF,IH2009,2020-03-12 09:34:08.000,2799.4000,7970,0,165073440.000,0,-,-,-,-,2800.2000,2800.0000,2799.6000,2798.6000,2798.0000,2803.8000,2804.0000,2804.6000,2807.8000,2808.0000,2,1,3,3,1,1,1,1,1,1
SF,IH2009,2020-03-12 09:34:08.500,2799.4000,7970,0,165073440.000,0,-,-,-,-,2800.8000,2800.2000,2800.0000,2799.6000,2798.6000,2803.8000,2804.0000,2807.8000,2808.0000,2808.2000,1,2,1,3,3,1,1,1,1,5
SF,IH2009,2020-03-12 09:34:10.000,2799.4000,7970,0,165073440.000,0,-,-,-,-,2800.8000,2800.0000,2799.6000,2798.6000,2798.0000,2803.8000,2804.0000,2807.8000,2808.0000,2808.2000,1,1,3,3,1,1,1,1,1,5
SF,IH2009,2020-03-12 09:34:10.500,2799.4000,7970,0,165073440.000,0,-,-,-,-,2800.8000,2800.0000,2798.6000,2798.0000,2797.8000,2803.6000,2803.8000,2804.0000,2807.8000,2808.0000,1,1,3,1,1,2,1,1,1,1
SF,IH2009,2020-03-12 09:34:11.000,2799.4000,7970,0,165073440.000,0,-,-,-,-,2800.8000,2800.0000,2798.6000,2798.0000,2797.8000,2803.6000,2804.0000,2807.8000,2808.0000,2808.2000,1,1,3,1,1,2,1,1,1,5
SF,IH2009,2020-03-12 09:34:11.500,2799.4000,7970,0,165073440.000,0,-,-,-,-,2800.8000,2800.0000,2798.6000,2798.0000,2797.8000,2803.4000,2803.6000,2804.0000,2807.8000,2808.0000,1,1,3,1,1,1,1,1,1,1
SF,IH2009,2020-03-12 09:34:12.000,2799.4000,7970,0,165073440.000,0,-,-,-,-,2800.8000,2800.0000,2798.6000,2798.0000,2797.8000,2803.2000,2803.4000,2804.0000,2807.8000,2808.0000,1,1,3,1,1,1,1,1,1,1
SF,IH2009,2020-03-12 09:34:12.500,2799.4000,7970,0,165073440.000,0,-,-,-,-,2800.8000,2800.0000,2798.6000,2798.0000,2797.8000,2803.2000,2804.0000,2807.8000,2808.0000,2808.2000,1,1,3,1,1,1,1,1,1,5
SF,IH2009,2020-03-12 09:34:13.000,2799.4000,7970,0,165073440.000,0,-,-,-,-,2800.8000,2800.0000,2798.6000,2798.0000,2797.8000,2803.0000,2803.2000,2804.0000,2807.8000,2808.0000,1,1,3,1,1,1,1,1,1,1
SF,IH2009,2020-03-12 09:34:13.500,2799.4000,7970,0,165073440.000,0,-,-,-,-,2800.8000,2800.0000,2798.6000,2798.0000,2797.8000,2803.0000,2804.0000,2807.8000,2808.0000,2808.2000,1,1,3,1,1,1,1,1,1,5
SF,IH2009,2020-03-12 09:34:14.000,2799.4000,7970,0,165073440.000,0,-,-,-,-,2801.0000,2800.8000,2800.0000,2799.2000,2798.6000,2803.0000,2804.0000,2807.8000,2808.0000,2808.2000,1,1,1,1,3,1,1,1,1,5
SF,IH2009,2020-03-12 09:34:14.500,2799.4000,7970,0,165073440.000,0,-,-,-,-,2800.8000,2800.0000,2799.2000,2798.6000,2798.0000,2803.0000,2807.8000,2808.0000,2808.2000,2813.0000,1,1,1,3,1,1,1,1,5,1
SF,IH2009,2020-03-12 09:34:15.000,2799.4000,7970,0,165073440.000,0,-,-,-,-,2800.8000,2800.0000,2799.2000,2798.6000,2798.0000,2803.0000,2807.8000,2808.0000,2808.2000,2813.0000,1,1,1,3,1,1,1,1,5,1
SF,IH2009,2020-03-12 09:34:16.000,2799.4000,7970,0,165073440.000,0,-,-,-,-,2801.0000,2800.8000,2800.0000,2799.2000,2798.6000,2803.0000,2807.8000,2808.0000,2808.2000,2813.0000,2,1,1,1,3,1,1,1,5,1
SF,IH2009,2020-03-12 09:34:16.500,2799.4000,7970,0,165073440.000,0,-,-,-,-,2800.0000,2799.2000,2798.6000,2798.0000,2797.8000,2803.0000,2807.8000,2808.0000,2808.2000,2813.0000,1,1,3,1,1,1,1,1,5,1
SF,IH2009,2020-03-12 09:34:17.000,2799.4000,7970,0,165073440.000,0,-,-,-,-,2801.2000,2801.0000,2800.2000,2800.0000,2799.2000,2807.8000,2808.0000,2808.2000,2813.0000,2814.0000,1,1,1,2,1,1,1,5,1,1
SF,IH2009,2020-03-12 09:34:17.500,2799.4000,7970,0,165073440.000,0,-,-,-,-,2801.0000,2800.2000,2800.0000,2799.2000,2798.6000,2805.0000,2805.2000,2807.6000,2807.8000,2808.0000,1,1,1,1,3,1,1,2,2,1
SF,IH2009,2020-03-12 09:34:18.000,2799.4000,7970,0,165073440.000,0,-,-,-,-,2801.0000,2800.2000,2800.0000,2799.2000,2798.6000,2805.0000,2807.6000,2807.8000,2808.0000,2808.2000,1,1,1,1,3,1,1,2,1,5
SF,IH2009,2020-03-12 09:34:18.500,2799.4000,7970,0,165073440.000,0,-,-,-,-,2801.0000,2800.2000,2800.0000,2799.2000,2798.6000,2804.2000,2804.8000,2805.0000,2807.6000,2807.8000,1,1,1,1,3,1,2,1,1,2
SF,IH2009,2020-03-12 09:34:19.000,2799.4000,7970,0,165073440.000,0,-,-,-,-,2801.0000,2800.2000,2800.0000,2799.2000,2798.6000,2805.0000,2807.8000,2808.0000,2808.2000,2813.0000,1,1,2,1,3,1,2,1,5,1
SF,IH2009,2020-03-12 09:34:19.500,2800.0000,7970,0,165913440.000,1,0,1,多换,S,2800.2000,2800.0000,2799.2000,2798.6000,2798.0000,2804.0000,2804.8000,2805.0000,2807.8000,2808.0000,1,2,1,3,1,1,2,1,2,1
SF,IH2009,2020-03-12 09:34:20.000,2800.0000,7970,0,165913440.000,0,-,-,-,-,2801.2000,2800.4000,2800.2000,2800.0000,2799.2000,2804.0000,2804.8000,2805.0000,2807.8000,2808.0000,1,3,1,3,1,1,1,1,1,1
SF,IH2009,2020-03-12 09:34:20.500,2800.0000,7970,0,165913440.000,0,-,-,-,-,2800.4000,2800.2000,2800.0000,2799.2000,2798.6000,2803.8000,2804.0000,2805.0000,2807.8000,2808.0000,3,2,2,1,3,1,1,1,1,1
SF,IH2009,2020-03-12 09:34:21.000,2800.0000,7970,0,165913440.000,0,-,-,-,-,2800.6000,2800.4000,2800.2000,2800.0000,2799.2000,2803.8000,2804.0000,2805.0000,2807.8000,2808.0000,3,3,2,2,1,1,1,1,1,1
SF,IH2009,2020-03-12 09:34:21.500,2800.0000,7970,0,165913440.000,0,-,-,-,-,2800.6000,2800.4000,2800.2000,2800.0000,2799.2000,2803.8000,2804.0000,2805.0000,2807.8000,2808.0000,3,3,2,2,1,1,1,1,1,1
SF,IH2009,2020-03-12 09:34:22.000,2800.0000,7970,0,165913440.000,0,-,-,-,-,2800.6000,2800.4000,2800.2000,2800.0000,2799.2000,2803.8000,2804.0000,2805.0000,2807.8000,2808.0000,3,3,2,3,1,1,1,1,1,1
SF,IH2009,2020-03-12 09:34:22.500,2800.0000,7970,0,165913440.000,0,-,-,-,-,2800.6000,2800.4000,2800.2000,2800.0000,2799.2000,2803.8000,2804.0000,2805.0000,2807.8000,2808.0000,3,3,2,3,1,1,1,1,1,1
SF,IH2009,2020-03-12 09:34:23.000,2800.0000,7970,0,165913440.000,0,-,-,-,-,2800.8000,2800.6000,2800.4000,2800.2000,2800.0000,2804.0000,2805.0000,2807.8000,2808.0000,2808.2000,8,3,3,2,3,1,1,1,1,5
SF,IH2009,2020-03-12 09:34:23.500,2800.0000,7970,0,165913440.000,0,-,-,-,-,2801.0000,2800.6000,2800.4000,2800.2000,2800.0000,2804.0000,2805.0000,2807.8000,2808.0000,2808.2000,1,3,3,2,3,1,1,1,1,5
SF,IH2009,2020-03-12 09:34:24.000,2800.0000,7970,0,165913440.000,0,-,-,-,-,2801.0000,2800.6000,2800.4000,2800.2000,2800.0000,2803.8000,2804.0000,2805.0000,2807.8000,2808.0000,1,3,3,2,3,1,1,1,1,1
SF,IH2009,2020-03-12 09:34:24.500,2800.0000,7970,0,166753440.000,1,0,1,多换,S,2800.6000,2800.4000,2800.2000,2800.0000,2799.2000,2803.6000,2803.8000,2804.0000,2805.0000,2807.8000,2,3,2,3,1,1,1,1,1,1
SF,IH2009,2020-03-12 09:34:25.000,2803.6000,7971,1,168435600.000,2,1,1,空开,S,2803.6000,2800.8000,2800.6000,2800.4000,2800.2000,2803.8000,2804.0000,2805.0000,2807.8000,2808.0000,3,2,2,3,2,1,1,1,1,1
SF,IH2009,2020-03-12 09:34:25.500,2803.6000,7971,0,170958840.000,3,1,2,多换,S,2800.8000,2800.2000,2800.0000,2799.2000,2798.0000,2803.8000,2805.0000,2807.8000,2808.0000,2808.2000,1,1,3,1,2,1,1,1,1,5
SF,IH2009,2020-03-12 09:34:26.000,2803.6000,7971,0,170958840.000,0,-,-,-,-,2801.0000,2800.8000,2800.2000,2800.0000,2799.2000,2803.8000,2805.0000,2807.8000,2808.0000,2808.2000,1,1,1,3,1,1,1,1,1,5
SF,IH2009,2020-03-12 09:34:26.500,2803.6000,7971,0,170958840.000,0,-,-,-,-,2801.2000,2801.0000,2800.2000,2800.0000,2799.2000,2803.8000,2805.0000,2807.8000,2808.0000,2808.2000,1,1,1,3,1,1,2,1,1,5
SF,IH2009,2020-03-12 09:34:27.000,2803.6000,7971,0,170958840.000,0,-,-,-,-,2801.2000,2801.0000,2800.4000,2800.2000,2800.0000,2803.8000,2805.0000,2807.8000,2808.0000,2808.2000,1,1,1,1,2,1,2,1,1,5
SF,IH2009,2020-03-12 09:34:27.500,2803.6000,7971,0,170958840.000,0,-,-,-,-,2801.4000,2801.2000,2801.0000,2800.4000,2800.2000,2803.8000,2805.0000,2807.8000,2808.0000,2808.2000,1,1,1,1,1,1,2,1,1,5
SF,IH2009,2020-03-12 09:34:28.000,2803.6000,7971,0,170958840.000,0,-,-,-,-,2801.6000,2801.0000,2800.4000,2800.2000,2800.0000,2803.8000,2805.0000,2807.8000,2808.0000,2808.2000,1,1,1,1,2,1,2,1,1,5
SF,IH2009,2020-03-12 09:34:28.500,2803.6000,7971,0,170958840.000,0,-,-,-,-,2801.6000,2801.0000,2800.4000,2800.2000,2800.0000,2803.6000,2803.8000,2805.0000,2807.8000,2808.0000,1,1,1,1,2,1,1,2,1,1
SF,IH2009,2020-03-12 09:34:29.000,2801.6000,7972,1,171799320.000,1,1,0,双开,S,2801.0000,2800.4000,2800.2000,2800.0000,2799.2000,2803.6000,2803.8000,2805.0000,2807.8000,2808.0000,1,1,1,2,1,1,1,2,1,1
SF,IH2009,2020-03-12 09:34:29.500,2801.6000,7972,0,171799320.000,0,-,-,-,-,2801.2000,2801.0000,2800.4000,2800.2000,2800.0000,2803.6000,2805.0000,2808.0000,2808.2000,2813.0000,1,1,1,1,2,1,2,1,5,1
SF,IH2009,2020-03-12 09:34:30.000,2801.6000,7972,0,171799320.000,0,-,-,-,-,2800.4000,2800.2000,2800.0000,2799.2000,2798.0000,2803.4000,2803.6000,2805.0000,2808.0000,2808.2000,1,1,2,1,2,3,1,2,1,5
SF,IH2009,2020-03-12 09:34:30.500,2801.6000,7972,0,171799320.000,0,-,-,-,-,2800.2000,2800.0000,2799.2000,2798.0000,2797.8000,2803.4000,2803.6000,2805.0000,2808.0000,2808.2000,1,2,1,2,1,5,1,2,1,5
SF,IH2009,2020-03-12 09:34:31.000,2801.6000,7972,0,171799320.000,0,-,-,-,-,2800.4000,2800.2000,2800.0000,2799.2000,2798.0000,2803.4000,2803.6000,2805.0000,2808.0000,2808.2000,1,1,2,1,2,4,1,2,1,5
SF,IH2009,2020-03-12 09:34:31.500,2801.6000,7972,0,171799320.000,0,-,-,-,-,2800.2000,2800.0000,2799.2000,2798.0000,2797.8000,2803.2000,2803.4000,2803.6000,2805.0000,2808.0000,1,2,1,2,1,2,3,1,2,1
SF,IH2009,2020-03-12 09:34:32.000,2801.6000,7972,0,171799320.000,0,-,-,-,-,2800.2000,2800.0000,2799.2000,2798.0000,2797.8000,2803.0000,2803.2000,2803.6000,2805.0000,2808.0000,1,2,1,2,1,1,3,1,2,1
SF,IH2009,2020-03-12 09:34:32.500,2801.6000,7972,0,171799320.000,0,-,-,-,-,2800.2000,2800.0000,2799.2000,2798.0000,2797.8000,2802.0000,2802.8000,2803.0000,2803.2000,2803.6000,1,2,1,2,1,1,1,2,3,1
SF,IH2009,2020-03-12 09:34:33.000,2801.6000,7972,0,171799320.000,0,-,-,-,-,2800.2000,2800.0000,2799.2000,2798.0000,2797.8000,2802.0000,2802.6000,2803.0000,2803.2000,2805.0000,1,2,1,2,1,1,2,1,1,2
SF,IH2009,2020-03-12 09:34:33.500,2801.6000,7972,0,171799320.000,0,-,-,-,-,2800.2000,2800.0000,2799.2000,2798.0000,2797.8000,2802.0000,2802.6000,2805.0000,2808.0000,2808.2000,1,2,1,2,1,1,2,2,1,5
SF,IH2009,2020-03-12 09:34:34.000,2801.6000,7972,0,171799320.000,0,-,-,-,-,2800.2000,2800.0000,2799.2000,2798.0000,2797.8000,2802.0000,2802.6000,2805.0000,2808.0000,2808.2000,1,2,1,2,1,1,2,2,1,5
SF,IH2009,2020-03-12 09:34:34.500,2801.6000,7972,0,171799320.000,0,-,-,-,-,2800.2000,2800.0000,2799.2000,2798.0000,2797.8000,2802.0000,2805.0000,2808.0000,2808.2000,2813.0000,1,2,1,2,1,1,2,1,5,1
SF,IH2009,2020-03-12 09:34:35.000,2801.6000,7972,0,171799320.000,0,-,-,-,-,2800.2000,2800.0000,2799.2000,2798.0000,2797.8000,2801.8000,2802.0000,2805.0000,2808.0000,2808.2000,1,2,1,2,1,1,1,2,1,5
SF,IH2009,2020-03-12 09:34:35.500,2801.6000,7972,0,171799320.000,0,-,-,-,-,2800.2000,2800.0000,2799.2000,2798.0000,2797.8000,2801.8000,2802.0000,2805.0000,2808.0000,2808.2000,1,2,1,2,1,1,1,2,1,5
SF,IH2009,2020-03-12 09:34:36.000,2801.6000,7972,0,171799320.000,0,-,-,-,-,2800.2000,2800.0000,2799.2000,2798.0000,2797.8000,2802.0000,2805.0000,2808.0000,2808.2000,2813.0000,1,2,1,2,1,1,2,1,5,1
SF,IH2009,2020-03-12 09:34:36.500,2801.6000,7972,0,173479920.000,2,1,1,多换,S,2800.2000,2800.0000,2799.2000,2798.0000,2797.8000,2802.0000,2805.0000,2808.0000,2808.2000,2813.0000,1,2,1,2,1,1,2,1,5,1
SF,IH2009,2020-03-12 09:34:37.000,2801.6000,7972,0,173479920.000,0,-,-,-,-,2800.2000,2800.0000,2799.2000,2798.0000,2797.8000,2801.8000,2802.0000,2805.0000,2808.0000,2808.2000,1,2,1,2,1,1,1,2,1,5
SF,IH2009,2020-03-12 09:34:37.500,2801.6000,7972,0,173479920.000,0,-,-,-,-,2800.2000,2800.0000,2799.2000,2798.0000,2797.8000,2801.8000,2805.0000,2808.0000,2808.2000,2813.0000,1,2,1,2,1,1,2,1,5,1
SF,IH2009,2020-03-12 09:34:38.000,2801.6000,7972,0,173479920.000,0,-,-,-,-,2800.2000,2800.0000,2799.2000,2798.0000,2797.8000,2801.8000,2805.0000,2808.0000,2808.2000,2813.0000,1,2,1,2,1,1,2,1,5,1
SF,IH2009,2020-03-12 09:34:38.500,2801.6000,7972,0,173479920.000,0,-,-,-,-,2800.2000,2800.0000,2799.2000,2798.0000,2797.8000,2801.8000,2805.0000,2808.0000,2808.2000,2813.0000,1,2,1,2,1,1,2,1,5,1
SF,IH2009,2020-03-12 09:34:39.000,2801.6000,7972,0,173479920.000,0,-,-,-,-,2800.2000,2800.0000,2799.2000,2798.0000,2797.8000,2801.8000,2805.0000,2808.0000,2808.2000,2813.0000,1,2,1,2,1,1,2,1,5,1
SF,IH2009,2020-03-12 09:34:39.500,2801.6000,7972,0,173479920.000,0,-,-,-,-,2800.2000,2800.0000,2799.2000,2798.0000,2797.8000,2801.8000,2805.0000,2808.0000,2808.2000,2813.0000,1,2,1,2,1,1,3,1,5,1
SF,IH2009,2020-03-12 09:34:40.000,2801.6000,7972,0,173479920.000,0,-,-,-,-,2800.2000,2800.0000,2799.2000,2798.0000,2797.8000,2801.8000,2805.0000,2808.0000,2808.2000,2813.0000,1,2,1,2,1,1,3,1,5,1
SF,IH2009,2020-03-12 09:34:40.500,2801.6000,7972,0,173479920.000,0,-,-,-,-,2800.4000,2800.2000,2800.0000,2799.2000,2798.0000,2801.8000,2805.0000,2808.0000,2808.2000,2813.0000,1,1,2,1,2,1,3,1,5,1
SF,IH2009,2020-03-12 09:34:41.000,2801.6000,7972,0,173479920.000,0,-,-,-,-,2800.4000,2800.2000,2800.0000,2799.2000,2798.0000,2801.8000,2805.0000,2808.0000,2808.2000,2813.0000,1,1,2,1,2,1,3,1,5,1
SF,IH2009,2020-03-12 09:34:41.500,2801.8000,7971,-1,174320460.000,1,0,1,双平,S,2800.4000,2800.2000,2800.0000,2799.2000,2798.0000,2805.0000,2808.0000,2808.2000,2813.0000,2814.0000,1,1,2,1,2,3,1,5,1,1
SF,IH2009,2020-03-12 09:34:42.000,2801.8000,7971,0,174320460.000,0,-,-,-,-,2800.4000,2800.2000,2800.0000,2799.2000,2798.0000,2804.0000,2804.8000,2805.0000,2808.0000,2812.0000,1,1,2,1,2,1,1,3,1,5
SF,IH2009,2020-03-12 09:34:42.500,2801.8000,7971,0,174320460.000,0,-,-,-,-,2802.0000,2801.8000,2800.4000,2800.2000,2800.0000,2804.0000,2804.8000,2805.0000,2808.0000,2812.0000,1,1,1,1,2,1,1,3,1,5
SF,IH2009,2020-03-12 09:34:43.000,2801.8000,7971,0,174320460.000,0,-,-,-,-,2802.0000,2801.8000,2800.4000,2800.2000,2800.0000,2804.0000,2804.8000,2805.0000,2808.0000,2812.0000,1,1,1,1,2,1,1,3,1,6
SF,IH2009,2020-03-12 09:34:44.000,2802.0000,7972,1,175161060.000,1,1,0,双开,S,2801.8000,2800.4000,2800.2000,2800.0000,2799.2000,2804.0000,2804.8000,2805.0000,2808.0000,2812.0000,1,1,1,2,1,1,1,3,1,6
SF,IH2009,2020-03-12 09:34:45.000,2802.0000,7972,0,175161060.000,0,-,-,-,-,2801.8000,2800.4000,2800.2000,2800.0000,2799.2000,2803.8000,2804.0000,2804.8000,2805.0000,2808.0000,1,1,1,2,1,1,1,1,3,1
SF,IH2009,2020-03-12 09:34:45.500,2801.8000,7973,1,176001600.000,1,1,0,双开,S,2800.2000,2800.0000,2799.2000,2798.0000,2797.8000,2803.8000,2804.0000,2804.8000,2805.0000,2808.0000,1,2,1,2,1,1,1,1,3,1
SF,IH2009,2020-03-12 09:34:46.000,2801.8000,7973,0,176001600.000,0,-,-,-,-,2800.2000,2800.0000,2799.2000,2798.0000,2797.8000,2803.6000,2803.8000,2804.0000,2804.8000,2805.0000,1,2,1,2,1,2,1,1,1,3
SF,IH2009,2020-03-12 09:34:46.500,2801.8000,7973,0,176001600.000,0,-,-,-,-,2800.2000,2800.0000,2799.2000,2798.0000,2797.8000,2803.6000,2803.8000,2804.8000,2805.0000,2808.0000,1,2,1,2,1,1,1,1,3,1
SF,IH2009,2020-03-12 09:34:47.000,2801.8000,7973,0,176001600.000,0,-,-,-,-,2800.2000,2800.0000,2799.2000,2798.0000,2797.8000,2802.8000,2803.4000,2803.6000,2803.8000,2804.8000,1,2,1,2,1,1,1,1,1,1
SF,IH2009,2020-03-12 09:34:47.500,2800.2000,7974,1,176841660.000,1,1,0,双开,S,2800.0000,2799.2000,2798.0000,2797.8000,2796.0000,2802.8000,2803.4000,2803.6000,2803.8000,2804.8000,2,1,2,1,1,1,1,1,1,1
SF,IH2009,2020-03-12 09:34:48.000,2800.2000,7974,0,176841660.000,0,-,-,-,-,2800.0000,2799.2000,2798.0000,2797.8000,2796.0000,2802.6000,2802.8000,2803.4000,2803.6000,2803.8000,2,1,2,1,1,1,1,1,1,1
SF,IH2009,2020-03-12 09:34:48.500,2800.2000,7974,0,176841660.000,0,-,-,-,-,2800.0000,2799.2000,2798.0000,2797.8000,2796.0000,2802.0000,2802.6000,2802.8000,2803.4000,2803.6000,2,1,2,1,1,1,1,1,1,1
SF,IH2009,2020-03-12 09:34:49.000,2800.0000,7974,0,177681660.000,1,0,1,多换,S,2800.0000,2799.2000,2798.0000,2797.8000,2796.0000,2801.8000,2802.0000,2802.6000,2803.4000,2804.8000,1,1,2,1,1,1,1,1,1,1
SF,IH2009,2020-03-12 09:34:49.500,2800.0000,7974,0,177681660.000,0,-,-,-,-,2800.0000,2799.2000,2798.0000,2797.8000,2796.0000,2801.0000,2802.6000,2803.4000,2804.8000,2805.0000,1,1,2,1,1,1,1,1,1,2
SF,IH2009,2020-03-12 09:34:50.000,2800.0000,7974,0,177681660.000,0,-,-,-,-,2800.0000,2799.2000,2798.0000,2797.8000,2796.0000,2801.0000,2803.4000,2804.8000,2805.0000,2808.0000,1,1,2,1,1,1,1,1,2,1
SF,IH2009,2020-03-12 09:34:50.500,2800.0000,7974,0,177681660.000,0,-,-,-,-,2800.0000,2799.2000,2798.0000,2797.8000,2796.0000,2803.4000,2804.8000,2805.0000,2808.0000,2812.0000,1,1,2,1,1,1,1,2,1,6
SF,IH2009,2020-03-12 09:34:51.000,2800.0000,7974,0,177681660.000,0,-,-,-,-,2800.0000,2799.2000,2798.0000,2797.8000,2796.0000,2802.4000,2803.2000,2803.4000,2804.8000,2805.0000,1,1,2,1,1,1,1,1,1,2
SF,IH2009,2020-03-12 09:34:51.500,2800.0000,7974,0,177681660.000,0,-,-,-,-,2800.0000,2799.2000,2798.0000,2797.8000,2796.0000,2802.4000,2804.8000,2805.0000,2808.0000,2812.0000,1,1,2,1,1,1,1,2,1,6
SF,IH2009,2020-03-12 09:34:52.000,2800.0000,7974,0,177681660.000,0,-,-,-,-,2800.0000,2799.2000,2798.0000,2797.8000,2796.0000,2802.2000,2802.4000,2804.8000,2805.0000,2808.0000,1,1,2,1,1,1,1,1,2,1
SF,IH2009,2020-03-12 09:34:53.000,2800.0000,7974,0,177681660.000,0,-,-,-,-,2800.0000,2799.2000,2798.0000,2797.8000,2796.0000,2802.2000,2802.4000,2804.8000,2805.0000,2808.0000,1,1,2,1,1,1,1,1,2,1
SF,IH2009,2020-03-12 09:34:53.500,2800.0000,7974,0,177681660.000,0,-,-,-,-,2800.0000,2799.2000,2798.0000,2797.8000,2796.0000,2802.4000,2804.8000,2805.0000,2808.0000,2812.0000,1,1,2,1,1,1,1,2,1,6
SF,IH2009,2020-03-12 09:34:54.000,2800.0000,7974,0,177681660.000,0,-,-,-,-,2800.0000,2799.2000,2798.0000,2797.8000,2796.0000,2802.4000,2804.8000,2805.0000,2808.0000,2812.0000,1,1,2,1,1,1,1,2,1,6
SF,IH2009,2020-03-12 09:34:54.500,2800.0000,7974,0,177681660.000,0,-,-,-,-,2800.0000,2799.2000,2798.0000,2797.8000,2796.0000,2802.2000,2802.4000,2804.8000,2805.0000,2808.0000,1,1,2,1,1,1,1,1,2,1
SF,IH2009,2020-03-12 09:34:55.000,2800.0000,7974,0,177681660.000,0,-,-,-,-,2800.0000,2799.2000,2798.0000,2797.8000,2796.0000,2802.2000,2802.4000,2804.8000,2805.0000,2808.0000,1,1,2,1,1,1,1,1,2,1
