市场代码,合约代码,时间,最新,持仓,增仓,成交额,成交量,开仓,平仓,成交类型,方向,买一价,买二价,买三价,买四价,买五价,卖一价,卖二价,卖三价,卖四价,卖五价,买一量,买二量,买三量,买四量,买五量,卖一量,卖二量,卖三量,卖四量,卖五量
SF,IH2012,2020-05-29 09:29:00.000,2665.4000,3927,0,1599240.000,2.000,-,-,-,-,2660.2000,2660.0000,2657.0000,2656.2000,2651.2000,2665.6000,2667.2000,2670.4000,2675.0000,2676.6000,2,1,1,1,1,1,3,1,1,1
SF,IH2012,2020-05-29 09:30:00.500,2660.0000,3929,2,5589360.000,5,3,2,空开,S,2657.0000,2656.2000,2655.0000,2651.2000,2650.6000,2660.0000,2662.8000,2664.8000,2665.2000,2665.4000,1,1,1,1,1,2,1,1,8,3
SF,IH2012,2020-05-29 09:30:01.000,2660.0000,3929,0,5589360.000,0,-,-,-,-,2657.0000,2656.2000,2655.0000,2650.6000,2649.6000,2660.0000,2662.8000,2664.8000,2665.2000,2665.4000,1,1,1,1,1,2,1,1,7,2
SF,IH2012,2020-05-29 09:30:01.500,2660.0000,3929,0,5589360.000,0,-,-,-,-,2657.2000,2657.0000,2656.2000,2655.0000,2650.6000,2662.8000,2664.8000,2665.2000,2665.6000,2675.0000,1,1,1,1,1,1,1,7,1,1
SF,IH2012,2020-05-29 09:30:02.000,2660.0000,3929,0,5589360.000,0,-,-,-,-,2657.2000,2657.0000,2656.2000,2655.0000,2650.6000,2662.4000,2662.6000,2662.8000,2664.4000,2664.8000,2,1,1,1,1,5,1,1,1,1
SF,IH2012,2020-05-29 09:30:02.500,2660.0000,3929,0,5589360.000,0,-,-,-,-,2657.4000,2657.2000,2657.0000,2656.2000,2655.0000,2659.6000,2662.2000,2662.4000,2662.8000,2664.4000,1,2,1,1,1,1,1,5,1,1
SF,IH2012,2020-05-29 09:30:03.000,2659.6000,3927,-2,7185180.000,2,0,2,双平,S,2657.6000,2657.4000,2657.2000,2657.0000,2656.2000,2664.4000,2665.6000,2675.0000,2679.2000,2695.8000,2,1,1,2,1,1,1,1,3,1
SF,IH2012,2020-05-29 09:30:03.500,2659.6000,3927,0,7185180.000,0,-,-,-,-,2657.8000,2657.6000,2657.2000,2657.0000,2656.2000,2664.0000,2664.4000,2665.6000,2675.0000,2679.2000,2,2,1,2,1,5,1,1,1,3
SF,IH2012,2020-05-29 09:30:04.000,2659.6000,3927,0,7185180.000,0,-,-,-,-,2659.6000,2658.0000,2657.8000,2657.6000,2657.2000,2663.8000,2664.0000,2664.4000,2664.8000,2665.6000,2,2,2,1,1,1,5,1,1,1
SF,IH2012,2020-05-29 09:30:04.500,2659.6000,3927,0,7185180.000,0,-,-,-,-,2659.8000,2659.6000,2658.0000,2657.8000,2657.0000,2663.8000,2664.0000,2664.4000,2664.8000,2665.6000,1,2,1,1,2,1,5,1,1,1
SF,IH2012,2020-05-29 09:30:05.000,2659.6000,3927,0,7185180.000,0,-,-,-,-,2660.0000,2659.8000,2659.6000,2658.0000,2657.8000,2663.8000,2664.0000,2664.4000,2664.8000,2665.6000,1,1,2,1,1,1,5,1,1,1
SF,IH2012,2020-05-29 09:30:05.500,2659.6000,3927,0,7185180.000,0,-,-,-,-,2660.2000,2660.0000,2659.6000,2657.8000,2657.0000,2663.8000,2664.0000,2664.4000,2664.8000,2665.6000,1,1,2,1,2,1,5,1,1,1
SF,IH2012,2020-05-29 09:30:07.000,2659.6000,3927,0,7185180.000,0,-,-,-,-,2660.2000,2660.0000,2659.6000,2657.8000,2657.0000,2663.8000,2664.4000,2665.6000,2667.6000,2675.0000,1,1,2,1,2,1,1,1,5,1
SF,IH2012,2020-05-29 09:30:08.500,2659.6000,3927,0,7185180.000,0,-,-,-,-,2660.2000,2660.0000,2659.6000,2657.8000,2657.0000,2663.4000,2663.8000,2664.4000,2665.6000,2667.6000,1,1,2,1,2,5,1,1,1,5
SF,IH2012,2020-05-29 09:30:09.000,2659.6000,3927,0,7185180.000,0,-,-,-,-,2660.6000,2660.2000,2660.0000,2659.6000,2657.8000,2663.4000,2664.4000,2665.6000,2667.6000,2675.0000,1,1,1,2,1,5,1,1,5,1
SF,IH2012,2020-05-29 09:30:09.500,2659.6000,3927,0,7185180.000,0,-,-,-,-,2661.0000,2660.8000,2660.0000,2659.6000,2657.8000,2663.2000,2663.4000,2664.4000,2665.6000,2667.6000,1,1,1,2,1,1,5,1,1,5
SF,IH2012,2020-05-29 09:30:10.000,2659.6000,3927,0,7185180.000,0,-,-,-,-,2661.2000,2661.0000,2660.0000,2659.6000,2657.8000,2663.0000,2663.2000,2663.4000,2664.4000,2667.6000,1,1,1,2,1,1,1,5,1,5
SF,IH2012,2020-05-29 09:30:10.500,2661.0000,3925,-2,8781780.000,2,0,2,双平,S,2660.0000,2659.6000,2657.8000,2657.0000,2656.2000,2663.0000,2663.2000,2663.4000,2664.4000,2667.6000,1,2,1,2,1,2,1,5,1,5
SF,IH2012,2020-05-29 09:30:11.000,2661.0000,3925,0,8781780.000,0,-,-,-,-,2659.6000,2657.8000,2657.0000,2656.2000,2655.0000,2663.0000,2663.4000,2664.4000,2667.6000,2675.0000,2,1,2,1,1,2,5,1,5,1
SF,IH2012,2020-05-29 09:30:11.500,2661.0000,3925,0,8781780.000,0,-,-,-,-,2659.6000,2657.8000,2657.0000,2656.2000,2655.0000,2662.8000,2663.0000,2663.4000,2664.4000,2667.6000,2,1,2,1,1,1,2,5,1,5
SF,IH2012,2020-05-29 09:30:12.000,2661.0000,3925,0,8781780.000,0,-,-,-,-,2659.6000,2657.8000,2657.0000,2656.2000,2655.0000,2662.6000,2662.8000,2663.0000,2663.4000,2664.4000,2,1,2,1,1,1,1,1,5,1
SF,IH2012,2020-05-29 09:30:12.500,2661.0000,3925,0,8781780.000,0,-,-,-,-,2659.6000,2657.8000,2657.0000,2656.2000,2655.0000,2662.6000,2663.0000,2663.4000,2664.4000,2667.6000,2,1,2,1,1,1,1,5,1,5
SF,IH2012,2020-05-29 09:30:13.000,2661.0000,3925,0,8781780.000,0,-,-,-,-,2659.6000,2657.8000,2657.0000,2656.2000,2655.0000,2662.4000,2663.0000,2663.4000,2664.4000,2667.6000,2,1,2,1,1,1,1,5,1,5
SF,IH2012,2020-05-29 09:30:14.500,2661.0000,3925,0,8781780.000,0,-,-,-,-,2660.6000,2659.6000,2657.8000,2657.0000,2656.2000,2662.4000,2663.0000,2663.4000,2664.4000,2667.6000,1,2,1,2,1,1,1,5,1,5
SF,IH2012,2020-05-29 09:30:15.000,2661.0000,3925,0,8781780.000,0,-,-,-,-,2660.6000,2660.0000,2659.6000,2657.8000,2657.0000,2662.4000,2663.0000,2663.4000,2664.4000,2667.6000,1,1,2,1,2,1,1,5,1,5
SF,IH2012,2020-05-29 09:30:15.500,2661.0000,3925,0,8781780.000,0,-,-,-,-,2660.6000,2660.0000,2659.6000,2657.8000,2657.0000,2663.0000,2663.4000,2664.4000,2667.6000,2675.0000,1,1,2,1,2,1,5,1,5,1
SF,IH2012,2020-05-29 09:30:16.000,2661.0000,3925,0,8781780.000,0,-,-,-,-,2660.6000,2660.0000,2659.6000,2657.8000,2657.0000,2662.8000,2663.0000,2663.4000,2664.4000,2667.6000,1,1,2,1,2,1,1,5,1,5
SF,IH2012,2020-05-29 09:30:17.000,2661.0000,3925,0,8781780.000,0,-,-,-,-,2660.6000,2660.0000,2659.6000,2657.8000,2657.0000,2662.8000,2663.0000,2663.4000,2664.4000,2667.6000,1,1,2,1,2,1,1,5,1,5
SF,IH2012,2020-05-29 09:30:19.000,2661.0000,3925,0,8781780.000,0,-,-,-,-,2660.6000,2659.6000,2657.8000,2657.0000,2656.6000,2662.8000,2663.0000,2663.4000,2664.4000,2667.6000,1,2,1,2,1,1,1,5,1,5
SF,IH2012,2020-05-29 09:30:20.000,2661.0000,3925,0,8781780.000,0,-,-,-,-,2660.6000,2659.6000,2657.8000,2657.0000,2656.6000,2662.8000,2663.0000,2664.4000,2667.6000,2675.0000,1,2,1,2,1,1,1,1,5,1
SF,IH2012,2020-05-29 09:30:20.500,2661.0000,3925,0,8781780.000,0,-,-,-,-,2662.8000,2660.8000,2660.6000,2659.6000,2657.8000,2663.0000,2664.4000,2667.6000,2675.0000,2679.2000,1,1,1,2,1,1,1,5,1,3
SF,IH2012,2020-05-29 09:30:21.000,2662.8000,3924,-1,9580620.000,1,0,1,双平,S,2660.8000,2660.6000,2659.6000,2657.8000,2657.0000,2662.8000,2663.0000,2664.4000,2667.6000,2675.0000,1,1,2,1,2,1,1,1,5,1
SF,IH2012,2020-05-29 09:30:21.500,2662.8000,3924,0,9580620.000,0,-,-,-,-,2660.8000,2660.6000,2659.6000,2657.8000,2657.0000,2662.8000,2664.4000,2667.6000,2675.0000,2679.2000,1,1,2,1,2,1,1,5,1,3
SF,IH2012,2020-05-29 09:30:22.000,2662.8000,3924,0,9580620.000,0,-,-,-,-,2660.8000,2660.6000,2659.6000,2657.8000,2657.0000,2664.4000,2667.6000,2675.0000,2679.2000,2695.8000,1,1,2,1,2,1,5,1,3,1
SF,IH2012,2020-05-29 09:30:22.500,2662.8000,3924,0,9580620.000,0,-,-,-,-,2660.8000,2660.6000,2659.6000,2657.8000,2657.0000,2664.2000,2664.4000,2667.6000,2675.0000,2679.2000,1,1,2,1,2,2,1,5,1,3
SF,IH2012,2020-05-29 09:30:24.000,2662.8000,3924,0,9580620.000,0,-,-,-,-,2661.0000,2660.8000,2660.6000,2659.6000,2657.8000,2664.2000,2664.4000,2667.6000,2675.0000,2679.2000,1,1,1,2,1,2,1,5,1,3
SF,IH2012,2020-05-29 09:30:25.000,2664.2000,3924,0,10379880.000,1,0,1,多换,S,2661.0000,2660.8000,2660.6000,2659.6000,2657.8000,2664.2000,2664.4000,2667.6000,2675.0000,2679.2000,1,1,1,2,1,1,1,5,1,3
SF,IH2012,2020-05-29 09:30:25.500,2664.2000,3924,0,10379880.000,0,-,-,-,-,2661.0000,2660.6000,2659.6000,2657.8000,2657.0000,2664.2000,2664.4000,2667.6000,2675.0000,2679.2000,1,1,2,1,2,1,1,5,1,3
SF,IH2012,2020-05-29 09:30:26.000,2664.2000,3924,0,10379880.000,0,-,-,-,-,2661.2000,2661.0000,2660.6000,2659.6000,2657.8000,2664.2000,2664.4000,2667.6000,2675.0000,2679.2000,1,1,1,2,1,1,1,5,1,3
SF,IH2012,2020-05-29 09:30:27.500,2664.2000,3924,0,10379880.000,0,-,-,-,-,2661.2000,2661.0000,2660.6000,2660.0000,2659.6000,2664.2000,2664.4000,2667.6000,2675.0000,2679.2000,1,1,1,1,2,1,1,5,1,3
SF,IH2012,2020-05-29 09:30:30.000,2664.2000,3924,0,10379880.000,0,-,-,-,-,2661.8000,2661.2000,2661.0000,2660.6000,2660.0000,2664.2000,2664.4000,2667.6000,2675.0000,2679.2000,1,1,1,1,1,1,1,5,1,3
SF,IH2012,2020-05-29 09:30:31.000,2664.2000,3924,0,10379880.000,0,-,-,-,-,2662.2000,2661.8000,2661.2000,2661.0000,2660.6000,2664.2000,2664.4000,2667.6000,2668.4000,2675.0000,2,1,1,1,1,1,1,5,1,1
SF,IH2012,2020-05-29 09:30:31.500,2664.2000,3924,0,10379880.000,0,-,-,-,-,2662.2000,2661.8000,2661.2000,2661.0000,2660.6000,2664.2000,2664.4000,2667.6000,2668.4000,2675.0000,2,1,1,1,1,1,1,5,1,1
SF,IH2012,2020-05-29 09:30:35.000,2664.2000,3924,0,10379880.000,0,-,-,-,-,2662.2000,2661.8000,2661.2000,2661.0000,2660.6000,2664.2000,2664.4000,2667.6000,2668.4000,2675.0000,3,1,1,1,1,1,1,5,1,1
SF,IH2012,2020-05-29 09:30:35.500,2664.2000,3924,0,10379880.000,0,-,-,-,-,2662.2000,2661.8000,2661.2000,2661.0000,2660.6000,2662.6000,2664.2000,2664.4000,2667.6000,2668.4000,3,1,1,1,1,5,1,1,5,1
SF,IH2012,2020-05-29 09:30:36.000,2662.6000,3923,-1,11977440.000,2,0,2,多平,S,2662.2000,2661.8000,2661.2000,2661.0000,2660.6000,2662.6000,2664.2000,2664.4000,2667.6000,2668.4000,3,1,1,1,1,3,1,1,5,1
SF,IH2012,2020-05-29 09:30:36.500,2662.2000,3923,0,14373420.000,3,1,2,多换,S,2661.8000,2661.2000,2661.0000,2660.6000,2660.0000,2662.6000,2664.2000,2664.4000,2667.6000,2668.4000,1,1,1,1,1,3,1,1,5,1
SF,IH2012,2020-05-29 09:30:37.000,2661.8000,3921,-2,16769520.000,3,0,3,多平,S,2661.2000,2661.0000,2660.6000,2660.0000,2659.6000,2662.6000,2664.2000,2664.4000,2667.6000,2668.4000,1,1,1,1,2,1,1,1,5,1
SF,IH2012,2020-05-29 09:30:37.500,2662.6000,3921,0,17568300.000,1,0,1,多换,S,2661.2000,2661.0000,2660.6000,2660.0000,2659.6000,2664.4000,2667.6000,2668.4000,2675.0000,2695.8000,1,1,1,1,2,1,5,1,1,1
SF,IH2012,2020-05-29 09:30:38.000,2661.2000,3920,-1,18366660.000,1,0,1,双平,S,2661.0000,2660.6000,2660.0000,2659.6000,2658.0000,2664.0000,2664.2000,2664.4000,2667.6000,2668.4000,1,1,1,2,1,5,2,1,5,1
SF,IH2012,2020-05-29 09:30:38.500,2661.2000,3920,0,18366660.000,0,-,-,-,-,2661.0000,2660.6000,2660.0000,2659.6000,2658.0000,2662.6000,2663.8000,2664.0000,2664.2000,2664.4000,1,1,1,2,1,5,1,5,1,1
SF,IH2012,2020-05-29 09:30:39.500,2661.0000,3920,0,19164960.000,1,0,1,多换,S,2660.6000,2660.0000,2659.6000,2658.0000,2657.8000,2661.0000,2662.6000,2663.8000,2664.0000,2664.2000,1,1,2,1,1,1,5,1,5,1
SF,IH2012,2020-05-29 09:30:40.000,2661.0000,3919,-1,19963260.000,1,0,1,双平,S,2660.6000,2660.0000,2659.6000,2658.0000,2657.8000,2662.6000,2663.8000,2664.0000,2664.4000,2667.6000,1,1,2,1,1,5,1,5,1,5
SF,IH2012,2020-05-29 09:30:40.500,2660.6000,3918,-1,21559620.000,2,0,2,多平,S,2660.0000,2659.6000,2658.0000,2657.8000,2657.0000,2662.4000,2662.6000,2664.0000,2664.4000,2667.6000,1,2,1,1,2,2,5,5,1,5
SF,IH2012,2020-05-29 09:30:41.000,2660.6000,3918,0,21559620.000,0,-,-,-,-,2660.0000,2659.6000,2658.0000,2657.8000,2657.0000,2662.2000,2662.4000,2662.6000,2664.4000,2667.6000,1,2,1,1,2,5,2,5,1,5
SF,IH2012,2020-05-29 09:30:41.500,2660.6000,3918,0,21559620.000,0,-,-,-,-,2660.0000,2659.6000,2658.0000,2657.8000,2657.0000,2662.0000,2662.4000,2662.6000,2664.4000,2667.6000,1,2,1,1,2,1,1,5,1,5
SF,IH2012,2020-05-29 09:30:42.500,2660.6000,3918,0,21559620.000,0,-,-,-,-,2660.0000,2659.6000,2658.0000,2657.8000,2657.0000,2662.0000,2662.4000,2664.4000,2667.6000,2668.4000,1,2,1,1,2,1,1,1,5,1
SF,IH2012,2020-05-29 09:30:46.000,2660.6000,3918,0,21559620.000,0,-,-,-,-,2660.0000,2659.6000,2658.0000,2657.8000,2657.0000,2660.8000,2662.0000,2662.4000,2664.4000,2667.6000,1,2,1,1,2,5,1,1,1,5
SF,IH2012,2020-05-29 09:30:46.500,2660.6000,3918,0,21559620.000,0,-,-,-,-,2660.0000,2659.6000,2658.0000,2657.8000,2657.0000,2660.8000,2662.4000,2664.4000,2667.6000,2668.4000,1,2,1,1,2,5,1,1,5,1
SF,IH2012,2020-05-29 09:30:47.000,2660.6000,3918,0,21559620.000,0,-,-,-,-,2660.0000,2659.6000,2658.0000,2657.8000,2657.0000,2660.8000,2662.4000,2664.4000,2667.6000,2668.4000,1,2,1,1,2,5,1,1,5,1
SF,IH2012,2020-05-29 09:30:48.000,2660.8000,3918,0,22357860.000,1,0,1,多换,S,2660.0000,2659.6000,2658.0000,2657.8000,2657.0000,2660.8000,2662.4000,2664.4000,2667.6000,2668.4000,1,2,1,1,2,4,1,1,5,1
SF,IH2012,2020-05-29 09:30:49.000,2660.8000,3918,0,22357860.000,0,-,-,-,-,2660.0000,2659.6000,2658.0000,2657.8000,2657.0000,2660.8000,2662.4000,2664.4000,2667.6000,2668.4000,1,2,1,1,2,4,1,1,5,1
SF,IH2012,2020-05-29 09:30:51.500,2660.8000,3918,0,22357860.000,0,-,-,-,-,2660.0000,2659.6000,2658.0000,2657.8000,2657.0000,2662.4000,2664.4000,2667.6000,2668.4000,2675.0000,1,2,1,1,2,1,1,5,1,1
SF,IH2012,2020-05-29 09:30:52.000,2660.8000,3918,0,22357860.000,0,-,-,-,-,2660.0000,2659.6000,2658.0000,2657.8000,2657.0000,2662.2000,2662.4000,2664.4000,2667.6000,2668.4000,1,2,1,1,2,5,1,1,5,1
SF,IH2012,2020-05-29 09:30:53.500,2660.8000,3918,0,22357860.000,0,-,-,-,-,2660.0000,2659.6000,2658.0000,2657.8000,2657.0000,2662.2000,2662.4000,2664.4000,2667.6000,2668.4000,1,2,2,1,2,5,1,1,5,1
SF,IH2012,2020-05-29 09:30:55.500,2660.0000,3917,-1,23155860.000,1,0,1,双平,S,2659.6000,2658.0000,2657.8000,2657.0000,2656.2000,2662.2000,2662.4000,2664.4000,2667.6000,2668.4000,2,2,1,2,1,5,1,1,5,1
SF,IH2012,2020-05-29 09:30:56.000,2660.0000,3917,0,23155860.000,0,-,-,-,-,2659.6000,2658.0000,2657.8000,2657.0000,2656.2000,2662.0000,2662.2000,2662.4000,2664.4000,2667.6000,2,2,1,2,1,1,5,1,1,5
SF,IH2012,2020-05-29 09:30:56.500,2660.0000,3917,0,23155860.000,0,-,-,-,-,2659.6000,2658.0000,2657.8000,2657.0000,2656.2000,2661.6000,2662.0000,2662.4000,2664.4000,2667.6000,2,2,1,2,1,5,1,1,1,5
SF,IH2012,2020-05-29 09:30:57.000,2660.0000,3917,0,23155860.000,0,-,-,-,-,2659.6000,2658.0000,2657.8000,2657.0000,2656.2000,2661.4000,2661.6000,2662.4000,2664.4000,2667.6000,2,2,1,2,1,1,5,1,1,5
SF,IH2012,2020-05-29 09:30:57.500,2659.6000,3917,0,24751620.000,2,1,1,多换,S,2658.0000,2657.8000,2657.0000,2656.2000,2655.0000,2659.6000,2661.4000,2661.6000,2662.4000,2664.4000,2,1,2,1,1,2,1,5,1,1
SF,IH2012,2020-05-29 09:30:58.000,2659.6000,3915,-2,26347380.000,2,0,2,双平,S,2659.6000,2658.0000,2657.0000,2656.2000,2655.0000,2661.4000,2661.6000,2664.4000,2667.6000,2668.4000,1,2,2,1,1,1,5,1,5,1
SF,IH2012,2020-05-29 09:30:58.500,2659.6000,3915,0,26347380.000,0,-,-,-,-,2659.6000,2658.0000,2657.0000,2656.2000,2655.0000,2661.2000,2661.4000,2661.6000,2664.4000,2667.6000,1,2,2,1,1,1,1,5,1,5
SF,IH2012,2020-05-29 09:30:59.000,2659.6000,3915,0,26347380.000,0,-,-,-,-,2660.0000,2659.6000,2658.0000,2657.0000,2656.2000,2661.2000,2661.6000,2664.4000,2667.6000,2668.4000,1,1,2,2,1,1,5,1,5,1
SF,IH2012,2020-05-29 09:31:00.500,2659.6000,3915,0,26347380.000,0,-,-,-,-,2660.0000,2659.6000,2658.0000,2657.0000,2656.2000,2661.2000,2664.4000,2667.6000,2668.4000,2675.0000,1,1,2,2,1,1,1,5,1,1
SF,IH2012,2020-05-29 09:31:01.500,2660.0000,3914,-1,27145380.000,1,0,1,双平,S,2659.6000,2658.0000,2657.0000,2656.2000,2655.0000,2661.2000,2664.4000,2667.6000,2668.4000,2675.0000,1,2,2,1,1,1,1,5,1,1
SF,IH2012,2020-05-29 09:31:02.000,2660.0000,3914,0,27145380.000,0,-,-,-,-,2659.6000,2658.2000,2658.0000,2657.0000,2656.2000,2660.0000,2661.2000,2664.4000,2667.6000,2668.4000,1,1,2,2,1,1,1,1,5,1
SF,IH2012,2020-05-29 09:31:02.500,2660.0000,3914,0,27943380.000,1,0,1,多换,S,2660.0000,2659.6000,2658.2000,2658.0000,2657.0000,2661.2000,2664.4000,2667.6000,2668.4000,2675.0000,1,1,1,2,2,1,1,5,1,1
SF,IH2012,2020-05-29 09:31:03.000,2660.0000,3914,0,27943380.000,0,-,-,-,-,2660.0000,2659.6000,2658.8000,2658.2000,2658.0000,2661.2000,2664.4000,2667.6000,2668.4000,2675.0000,1,1,1,1,2,1,1,5,1,1
SF,IH2012,2020-05-29 09:31:03.500,2660.0000,3914,0,28741380.000,1,0,1,多换,S,2659.6000,2658.8000,2658.2000,2658.0000,2657.0000,2661.2000,2664.4000,2667.6000,2668.4000,2675.0000,1,1,1,2,2,1,1,5,1,1
SF,IH2012,2020-05-29 09:31:05.500,2659.6000,3914,0,29539260.000,1,0,1,多换,S,2658.8000,2658.2000,2658.0000,2657.0000,2656.2000,2661.2000,2664.4000,2667.6000,2668.4000,2675.0000,1,1,2,2,1,1,1,5,1,1
SF,IH2012,2020-05-29 09:31:06.000,2659.6000,3914,0,29539260.000,0,-,-,-,-,2658.8000,2658.2000,2658.0000,2657.0000,2656.2000,2661.0000,2661.2000,2664.4000,2667.6000,2668.4000,1,1,2,2,1,5,1,1,5,1
SF,IH2012,2020-05-29 09:31:07.500,2659.6000,3914,0,29539260.000,0,-,-,-,-,2659.0000,2658.8000,2658.2000,2658.0000,2657.0000,2661.0000,2661.2000,2664.4000,2667.6000,2668.4000,2,1,1,2,2,5,1,1,5,1
SF,IH2012,2020-05-29 09:31:08.000,2659.6000,3914,0,29539260.000,0,-,-,-,-,2659.0000,2658.8000,2658.2000,2658.0000,2657.0000,2660.8000,2661.0000,2661.2000,2664.4000,2667.6000,2,1,1,2,2,1,5,1,1,5
SF,IH2012,2020-05-29 09:31:10.500,2659.0000,3915,1,30336960.000,1,1,0,双开,S,2659.0000,2658.8000,2658.2000,2658.0000,2657.0000,2660.8000,2661.0000,2661.2000,2664.4000,2667.6000,1,1,1,2,2,1,5,1,1,5
SF,IH2012,2020-05-29 09:31:11.000,2659.0000,3915,0,30336960.000,0,-,-,-,-,2659.0000,2658.8000,2658.2000,2658.0000,2657.0000,2660.8000,2661.0000,2661.2000,2664.4000,2667.6000,1,1,2,2,2,1,5,1,1,5
SF,IH2012,2020-05-29 09:31:11.500,2659.0000,3915,0,30336960.000,0,-,-,-,-,2659.0000,2658.8000,2658.2000,2658.0000,2657.0000,2661.0000,2661.2000,2664.4000,2667.6000,2668.4000,1,1,2,2,2,5,1,1,5,1
SF,IH2012,2020-05-29 09:31:12.000,2659.0000,3915,0,30336960.000,0,-,-,-,-,2659.0000,2658.8000,2658.2000,2658.0000,2657.0000,2661.0000,2661.2000,2664.4000,2667.6000,2668.4000,1,2,2,2,2,5,1,1,5,1
SF,IH2012,2020-05-29 09:31:13.000,2659.0000,3915,0,30336960.000,0,-,-,-,-,2659.6000,2659.0000,2658.8000,2658.2000,2658.0000,2661.0000,2661.2000,2664.4000,2667.6000,2668.4000,1,1,2,2,2,5,1,1,5,1
SF,IH2012,2020-05-29 09:31:13.500,2659.6000,3914,-1,31134840.000,1,0,1,双平,S,2659.0000,2658.8000,2658.2000,2658.0000,2657.0000,2661.0000,2661.2000,2664.4000,2667.6000,2668.4000,1,2,2,2,2,5,1,1,5,1
SF,IH2012,2020-05-29 09:31:14.000,2659.6000,3914,0,31134840.000,0,-,-,-,-,2659.0000,2658.8000,2658.2000,2658.0000,2657.0000,2659.6000,2661.0000,2661.2000,2664.4000,2667.6000,1,2,2,2,2,1,5,1,1,5
SF,IH2012,2020-05-29 09:31:14.500,2659.6000,3915,1,31932720.000,1,1,0,双开,S,2660.2000,2659.0000,2658.8000,2658.2000,2658.0000,2661.0000,2661.2000,2664.4000,2667.6000,2668.4000,1,1,2,2,2,5,1,1,5,1
SF,IH2012,2020-05-29 09:31:15.000,2660.2000,3915,0,32730780.000,1,0,1,多换,S,2659.0000,2658.8000,2658.2000,2658.0000,2657.0000,2660.2000,2661.0000,2661.2000,2664.4000,2667.6000,1,2,2,2,2,1,5,1,1,5
SF,IH2012,2020-05-29 09:31:15.500,2660.2000,3915,0,32730780.000,0,-,-,-,-,2659.0000,2658.8000,2658.2000,2658.0000,2657.0000,2660.2000,2661.0000,2661.2000,2664.4000,2667.6000,1,2,2,2,2,1,6,1,1,5
SF,IH2012,2020-05-29 09:31:16.000,2660.2000,3915,0,32730780.000,0,-,-,-,-,2659.0000,2658.8000,2658.2000,2658.0000,2657.0000,2661.0000,2661.2000,2664.4000,2667.6000,2668.4000,1,2,2,2,2,6,1,1,5,1
SF,IH2012,2020-05-29 09:31:16.500,2660.2000,3915,0,32730780.000,0,-,-,-,-,2659.0000,2658.8000,2658.2000,2658.0000,2657.0000,2661.0000,2664.4000,2667.6000,2668.4000,2675.0000,1,2,2,2,2,6,1,5,1,1
SF,IH2012,2020-05-29 09:31:26.000,2660.2000,3915,0,32730780.000,0,-,-,-,-,2659.0000,2658.8000,2658.2000,2658.0000,2657.0000,2661.0000,2664.4000,2667.6000,2668.4000,2675.0000,1,2,1,2,2,6,1,5,1,1
SF,IH2012,2020-05-29 09:31:27.000,2660.2000,3915,0,32730780.000,0,-,-,-,-,2659.0000,2658.8000,2658.2000,2658.0000,2657.0000,2661.0000,2664.4000,2667.6000,2668.4000,2675.0000,1,2,1,2,2,1,1,5,1,1
SF,IH2012,2020-05-29 09:31:28.000,2660.2000,3915,0,32730780.000,0,-,-,-,-,2659.2000,2659.0000,2658.8000,2658.2000,2658.0000,2661.0000,2664.4000,2667.6000,2668.4000,2675.0000,1,1,2,1,2,1,1,5,1,1
SF,IH2012,2020-05-29 09:31:29.500,2661.0000,3914,-1,33529080.000,1,0,1,双平,S,2659.2000,2659.0000,2658.8000,2658.2000,2658.0000,2664.4000,2667.6000,2668.4000,2675.0000,2695.8000,1,1,2,1,2,1,5,1,1,1
SF,IH2012,2020-05-29 09:31:30.000,2661.0000,3914,0,33529080.000,0,-,-,-,-,2659.0000,2658.8000,2658.2000,2658.0000,2657.0000,2662.2000,2664.0000,2664.2000,2664.4000,2667.6000,1,2,1,2,2,1,5,1,1,5
SF,IH2012,2020-05-29 09:31:30.500,2661.0000,3914,0,33529080.000,0,-,-,-,-,2659.0000,2658.8000,2658.2000,2658.0000,2657.0000,2661.8000,2662.2000,2664.2000,2664.4000,2667.6000,1,2,1,2,2,5,1,1,1,5
SF,IH2012,2020-05-29 09:31:31.000,2661.0000,3914,0,33529080.000,0,-,-,-,-,2659.2000,2659.0000,2658.8000,2658.2000,2658.0000,2661.8000,2662.2000,2664.4000,2667.6000,2668.4000,1,1,2,1,2,5,1,1,5,1
SF,IH2012,2020-05-29 09:31:31.500,2661.0000,3914,0,33529080.000,0,-,-,-,-,2659.2000,2659.0000,2658.8000,2658.2000,2658.0000,2662.2000,2664.4000,2667.6000,2668.4000,2675.0000,1,1,2,1,2,1,1,5,1,1
SF,IH2012,2020-05-29 09:31:32.000,2661.0000,3914,0,33529080.000,0,-,-,-,-,2659.2000,2659.0000,2658.8000,2658.2000,2658.0000,2661.8000,2662.2000,2664.4000,2667.6000,2668.4000,1,1,2,1,2,5,1,1,5,1
SF,IH2012,2020-05-29 09:31:32.500,2661.0000,3914,0,33529080.000,0,-,-,-,-,2659.2000,2659.0000,2658.8000,2658.2000,2658.0000,2662.2000,2664.4000,2667.6000,2668.4000,2675.0000,1,1,2,1,2,1,1,5,1,1
SF,IH2012,2020-05-29 09:31:33.000,2661.0000,3914,0,33529080.000,0,-,-,-,-,2659.2000,2659.0000,2658.8000,2658.2000,2658.0000,2664.4000,2667.6000,2668.4000,2675.0000,2695.8000,2,1,2,1,2,1,5,1,1,1
SF,IH2012,2020-05-29 09:31:33.500,2661.0000,3914,0,33529080.000,0,-,-,-,-,2659.2000,2659.0000,2658.8000,2658.2000,2658.0000,2662.6000,2664.0000,2664.4000,2667.6000,2668.4000,2,1,2,1,2,1,5,1,5,1
SF,IH2012,2020-05-29 09:31:34.000,2661.0000,3914,0,33529080.000,0,-,-,-,-,2659.2000,2659.0000,2658.8000,2658.2000,2658.0000,2662.4000,2664.4000,2667.6000,2668.4000,2675.0000,2,1,3,1,2,5,1,5,1,1
SF,IH2012,2020-05-29 09:31:34.500,2661.0000,3914,0,33529080.000,0,-,-,-,-,2659.2000,2659.0000,2658.8000,2658.2000,2658.0000,2664.4000,2667.6000,2668.4000,2675.0000,2695.8000,2,1,3,1,2,1,5,1,1,1
SF,IH2012,2020-05-29 09:31:35.000,2661.0000,3914,0,33529080.000,0,-,-,-,-,2659.2000,2659.0000,2658.8000,2658.2000,2658.0000,2663.6000,2664.0000,2664.4000,2667.6000,2668.4000,2,1,3,1,2,1,5,1,5,1
SF,IH2012,2020-05-29 09:31:35.500,2661.0000,3914,0,33529080.000,0,-,-,-,-,2659.2000,2659.0000,2658.8000,2658.2000,2658.0000,2663.2000,2663.6000,2664.4000,2667.6000,2668.4000,2,1,3,1,2,5,1,1,5,1
SF,IH2012,2020-05-29 09:31:36.500,2661.0000,3914,0,33529080.000,0,-,-,-,-,2659.2000,2659.0000,2658.8000,2658.2000,2658.0000,2663.2000,2663.6000,2664.4000,2667.6000,2668.4000,2,2,3,1,2,5,1,1,5,1
SF,IH2012,2020-05-29 09:31:37.000,2661.0000,3914,0,33529080.000,0,-,-,-,-,2659.2000,2659.0000,2658.8000,2658.2000,2658.0000,2663.6000,2664.4000,2667.6000,2668.4000,2675.0000,2,2,3,1,2,1,1,5,1,1
SF,IH2012,2020-05-29 09:31:37.500,2661.0000,3914,0,33529080.000,0,-,-,-,-,2660.0000,2659.6000,2659.2000,2659.0000,2658.8000,2663.2000,2663.4000,2663.6000,2664.4000,2667.6000,1,1,2,2,3,5,1,1,1,5
SF,IH2012,2020-05-29 09:31:38.000,2661.0000,3914,0,33529080.000,0,-,-,-,-,2660.0000,2659.6000,2659.2000,2659.0000,2658.8000,2663.0000,2663.2000,2663.6000,2664.4000,2667.6000,1,1,1,2,3,1,5,1,1,5
SF,IH2012,2020-05-29 09:31:39.500,2661.0000,3914,0,33529080.000,0,-,-,-,-,2660.2000,2660.0000,2659.6000,2659.2000,2659.0000,2663.0000,2663.2000,2663.6000,2664.4000,2667.6000,1,1,1,1,2,1,5,1,1,5
SF,IH2012,2020-05-29 09:31:40.000,2663.0000,3914,0,34327980.000,1,0,1,多换,S,2660.4000,2660.2000,2660.0000,2659.6000,2659.2000,2663.6000,2664.4000,2667.6000,2668.4000,2675.0000,1,1,1,1,1,1,1,5,1,1
SF,IH2012,2020-05-29 09:31:41.000,2663.0000,3914,0,34327980.000,0,-,-,-,-,2660.4000,2660.2000,2660.0000,2659.6000,2659.2000,2664.4000,2667.6000,2668.4000,2675.0000,2695.8000,1,1,1,1,1,1,5,1,1,1
SF,IH2012,2020-05-29 09:31:41.500,2663.0000,3914,0,34327980.000,0,-,-,-,-,2660.4000,2660.0000,2659.6000,2659.2000,2659.0000,2664.0000,2664.2000,2664.4000,2667.6000,2668.4000,1,1,1,1,2,5,1,1,5,1
SF,IH2012,2020-05-29 09:31:43.000,2663.0000,3914,0,34327980.000,0,-,-,-,-,2660.4000,2660.0000,2659.6000,2659.2000,2659.0000,2663.8000,2664.0000,2664.2000,2664.4000,2667.6000,1,1,1,1,2,1,5,1,1,5
SF,IH2012,2020-05-29 09:31:46.000,2663.0000,3914,0,34327980.000,0,-,-,-,-,2660.4000,2660.0000,2659.2000,2659.0000,2658.8000,2663.8000,2664.0000,2664.2000,2664.4000,2667.6000,1,1,1,2,2,1,5,1,1,5
SF,IH2012,2020-05-29 09:31:47.000,2663.0000,3914,0,34327980.000,0,-,-,-,-,2660.4000,2660.0000,2659.2000,2659.0000,2658.8000,2663.8000,2664.2000,2664.4000,2667.6000,2668.4000,1,1,1,2,2,1,1,1,5,1
SF,IH2012,2020-05-29 09:31:47.500,2663.0000,3914,0,34327980.000,0,-,-,-,-,2660.4000,2660.0000,2659.8000,2659.0000,2658.8000,2663.8000,2664.2000,2664.4000,2667.6000,2668.4000,1,1,1,2,2,1,1,1,5,1
SF,IH2012,2020-05-29 09:31:48.500,2663.0000,3914,0,34327980.000,0,-,-,-,-,2660.4000,2660.0000,2659.8000,2659.0000,2658.8000,2664.2000,2664.4000,2667.6000,2668.4000,2675.0000,1,1,1,2,2,1,1,5,1,1
SF,IH2012,2020-05-29 09:31:49.500,2663.0000,3914,0,34327980.000,0,-,-,-,-,2660.4000,2660.0000,2659.8000,2659.0000,2658.8000,2664.0000,2664.2000,2664.4000,2667.6000,2668.4000,1,1,1,2,2,1,1,1,5,1
SF,IH2012,2020-05-29 09:31:50.000,2663.0000,3914,0,34327980.000,0,-,-,-,-,2660.4000,2660.0000,2659.8000,2659.0000,2658.8000,2664.0000,2664.2000,2664.4000,2667.6000,2668.4000,1,1,1,2,2,1,1,1,5,1
SF,IH2012,2020-05-29 09:31:50.500,2663.0000,3914,0,34327980.000,0,-,-,-,-,2660.4000,2660.0000,2659.8000,2659.0000,2658.8000,2664.2000,2664.4000,2667.6000,2668.4000,2675.0000,1,1,1,2,2,1,1,5,1,1
SF,IH2012,2020-05-29 09:31:52.000,2663.0000,3914,0,34327980.000,0,-,-,-,-,2661.4000,2660.6000,2660.4000,2660.0000,2659.8000,2664.2000,2664.4000,2667.6000,2668.4000,2675.0000,1,3,1,1,1,1,1,5,1,1
SF,IH2012,2020-05-29 09:31:52.500,2663.0000,3914,0,34327980.000,0,-,-,-,-,2661.6000,2661.4000,2660.6000,2660.0000,2659.8000,2664.2000,2664.4000,2667.6000,2668.4000,2675.0000,1,1,3,1,1,1,1,5,1,1
SF,IH2012,2020-05-29 09:31:53.000,2663.0000,3914,0,34327980.000,0,-,-,-,-,2661.6000,2661.4000,2660.6000,2660.0000,2659.8000,2664.0000,2664.4000,2668.4000,2671.4000,2675.0000,1,1,3,1,1,1,1,1,5,1
SF,IH2012,2020-05-29 09:31:55.500,2663.0000,3914,0,34327980.000,0,-,-,-,-,2661.6000,2661.4000,2660.6000,2660.0000,2659.8000,2664.0000,2664.4000,2668.4000,2671.4000,2675.0000,1,1,1,1,1,1,1,1,5,1
SF,IH2012,2020-05-29 09:31:56.500,2663.0000,3914,0,34327980.000,0,-,-,-,-,2664.0000,2661.6000,2661.4000,2660.6000,2660.0000,2664.4000,2668.4000,2671.4000,2675.0000,2695.8000,1,1,1,1,1,1,1,5,1,1
SF,IH2012,2020-05-29 09:31:57.000,2663.6000,3913,-1,35127060.000,1,0,1,双平,S,2661.6000,2661.4000,2660.6000,2660.0000,2659.8000,2664.4000,2668.4000,2671.4000,2675.0000,2695.8000,1,1,1,1,1,1,1,5,1,1
SF,IH2012,2020-05-29 09:31:58.500,2663.6000,3913,0,35127060.000,0,-,-,-,-,2661.8000,2661.6000,2661.4000,2660.6000,2660.0000,2664.4000,2668.4000,2671.4000,2675.0000,2695.8000,1,1,1,1,1,1,1,5,1,1
SF,IH2012,2020-05-29 09:31:59.000,2663.6000,3913,0,35127060.000,0,-,-,-,-,2662.0000,2661.8000,2661.4000,2660.6000,2660.0000,2664.4000,2668.4000,2671.4000,2675.0000,2695.8000,1,1,1,1,1,1,1,5,1,1
SF,IH2012,2020-05-29 09:31:59.500,2663.6000,3913,0,35127060.000,0,-,-,-,-,2662.2000,2662.0000,2661.4000,2660.6000,2660.0000,2664.4000,2668.4000,2671.4000,2675.0000,2695.8000,1,1,1,1,1,1,1,5,1,1
SF,IH2012,2020-05-29 09:32:00.000,2663.6000,3913,0,35127060.000,0,-,-,-,-,2662.4000,2662.2000,2661.4000,2660.6000,2660.0000,2664.4000,2668.4000,2671.4000,2675.0000,2695.8000,2,1,1,1,1,1,1,5,1,1
SF,IH2012,2020-05-29 09:32:00.500,2663.6000,3913,0,35127060.000,0,-,-,-,-,2662.6000,2662.4000,2661.4000,2660.6000,2660.0000,2664.4000,2668.4000,2671.4000,2675.0000,2695.8000,2,2,1,1,1,1,1,5,1,1
SF,IH2012,2020-05-29 09:32:01.000,2663.6000,3913,0,35127060.000,0,-,-,-,-,2662.8000,2662.6000,2662.4000,2661.4000,2660.6000,2664.4000,2668.4000,2671.4000,2675.0000,2695.8000,1,1,2,1,1,1,1,5,1,1
SF,IH2012,2020-05-29 09:32:01.500,2663.6000,3913,0,35127060.000,0,-,-,-,-,2663.0000,2662.4000,2661.4000,2660.6000,2660.0000,2664.4000,2668.4000,2671.4000,2675.0000,2695.8000,1,1,1,1,1,1,1,5,1,1
SF,IH2012,2020-05-29 09:32:02.000,2663.6000,3913,0,35127060.000,0,-,-,-,-,2662.4000,2660.6000,2660.0000,2659.8000,2659.0000,2664.2000,2664.4000,2668.4000,2671.4000,2675.0000,1,1,1,1,2,1,1,1,5,1
SF,IH2012,2020-05-29 09:32:02.500,2663.6000,3913,0,35127060.000,0,-,-,-,-,2662.6000,2662.4000,2660.6000,2660.0000,2659.8000,2664.2000,2664.4000,2668.4000,2671.4000,2675.0000,1,1,1,1,1,1,1,1,5,1
SF,IH2012,2020-05-29 09:32:03.000,2663.6000,3913,0,35127060.000,0,-,-,-,-,2662.6000,2662.4000,2660.6000,2660.0000,2659.8000,2664.0000,2664.4000,2668.4000,2671.4000,2675.0000,1,1,1,1,1,1,1,1,5,1
SF,IH2012,2020-05-29 09:32:03.500,2663.6000,3913,0,35127060.000,0,-,-,-,-,2662.4000,2660.6000,2660.0000,2659.8000,2659.0000,2664.0000,2664.4000,2668.4000,2671.4000,2675.0000,1,1,1,1,2,1,1,1,5,1
SF,IH2012,2020-05-29 09:32:04.000,2663.6000,3913,0,35127060.000,0,-,-,-,-,2662.4000,2660.6000,2660.0000,2659.8000,2659.0000,2663.8000,2664.4000,2668.4000,2671.4000,2675.0000,1,1,1,1,2,1,1,1,5,1
SF,IH2012,2020-05-29 09:32:04.500,2663.6000,3913,0,35127060.000,0,-,-,-,-,2660.6000,2660.0000,2659.8000,2659.0000,2658.8000,2664.4000,2668.4000,2671.4000,2675.0000,2681.2000,1,1,1,2,2,1,1,5,1,1
SF,IH2012,2020-05-29 09:32:05.000,2663.6000,3913,0,35127060.000,0,-,-,-,-,2660.8000,2660.6000,2660.0000,2659.8000,2659.0000,2664.0000,2664.4000,2668.4000,2671.4000,2675.0000,2,1,1,1,2,5,1,1,5,1
SF,IH2012,2020-05-29 09:32:05.500,2663.6000,3913,0,35127060.000,0,-,-,-,-,2663.8000,2661.0000,2660.8000,2660.6000,2660.0000,2664.0000,2664.4000,2668.4000,2671.4000,2675.0000,1,1,1,1,1,5,1,1,5,1
SF,IH2012,2020-05-29 09:32:06.000,2663.8000,3913,0,35926200.000,1,0,1,多换,S,2661.0000,2660.8000,2660.6000,2660.0000,2659.8000,2664.0000,2664.4000,2668.4000,2671.4000,2675.0000,1,1,1,1,1,5,1,1,5,1
SF,IH2012,2020-05-29 09:32:06.500,2663.8000,3913,0,35926200.000,0,-,-,-,-,2661.2000,2661.0000,2660.6000,2660.0000,2659.8000,2663.8000,2664.4000,2668.4000,2671.4000,2675.0000,1,1,1,1,1,2,1,1,5,1
SF,IH2012,2020-05-29 09:32:07.000,2663.8000,3913,0,35926200.000,0,-,-,-,-,2661.4000,2661.2000,2661.0000,2660.6000,2660.0000,2663.8000,2664.4000,2668.4000,2671.4000,2675.0000,1,1,1,1,1,2,1,1,5,1
SF,IH2012,2020-05-29 09:32:07.500,2663.8000,3913,0,35926200.000,0,-,-,-,-,2661.6000,2661.4000,2661.0000,2660.6000,2660.0000,2663.6000,2663.8000,2664.4000,2668.4000,2671.4000,1,1,1,1,1,1,2,1,1,5
SF,IH2012,2020-05-29 09:32:08.000,2663.8000,3913,0,35926200.000,0,-,-,-,-,2661.6000,2661.0000,2660.6000,2660.0000,2659.8000,2663.4000,2663.6000,2663.8000,2664.4000,2668.4000,1,1,1,1,1,1,1,2,1,1
SF,IH2012,2020-05-29 09:32:08.500,2663.8000,3913,0,35926200.000,0,-,-,-,-,2661.8000,2661.6000,2660.6000,2660.0000,2659.8000,2663.6000,2663.8000,2664.4000,2668.4000,2671.4000,1,1,1,2,1,1,2,1,1,5
SF,IH2012,2020-05-29 09:32:09.000,2663.8000,3913,0,35926200.000,0,-,-,-,-,2662.0000,2661.6000,2660.6000,2660.0000,2659.8000,2663.8000,2664.4000,2668.4000,2671.4000,2675.0000,2,1,1,2,1,2,1,1,5,1
SF,IH2012,2020-05-29 09:32:09.500,2663.8000,3913,0,35926200.000,0,-,-,-,-,2662.2000,2662.0000,2661.6000,2660.6000,2660.0000,2663.8000,2664.4000,2668.4000,2671.4000,2675.0000,1,1,1,1,2,2,1,1,5,1
SF,IH2012,2020-05-29 09:32:10.000,2663.8000,3913,0,35926200.000,0,-,-,-,-,2663.4000,2662.4000,2662.0000,2661.6000,2660.6000,2663.8000,2664.4000,2668.4000,2671.4000,2675.0000,1,1,1,1,1,2,1,1,5,1
SF,IH2012,2020-05-29 09:32:10.500,2663.8000,3914,1,38323500.000,3,2,1,空开,S,2662.4000,2662.0000,2661.6000,2660.6000,2660.0000,2664.4000,2668.4000,2671.4000,2675.0000,2681.2000,2,1,1,1,2,1,1,5,1,1
SF,IH2012,2020-05-29 09:32:11.000,2663.8000,3914,0,38323500.000,0,-,-,-,-,2662.6000,2660.6000,2660.0000,2659.8000,2659.0000,2664.4000,2668.4000,2671.4000,2675.0000,2681.2000,2,1,2,1,2,1,1,5,1,1
SF,IH2012,2020-05-29 09:32:11.500,2663.8000,3914,0,38323500.000,0,-,-,-,-,2662.8000,2662.6000,2660.6000,2660.0000,2659.8000,2664.4000,2668.4000,2671.4000,2675.0000,2681.2000,1,2,1,2,1,1,1,5,1,1
SF,IH2012,2020-05-29 09:32:12.000,2663.8000,3914,0,38323500.000,0,-,-,-,-,2663.0000,2662.6000,2660.6000,2660.0000,2659.8000,2664.4000,2668.4000,2671.4000,2675.0000,2681.2000,1,2,1,2,2,1,1,5,1,1
SF,IH2012,2020-05-29 09:32:12.500,2663.8000,3914,0,38323500.000,0,-,-,-,-,2663.2000,2662.6000,2660.6000,2660.0000,2659.8000,2664.2000,2664.4000,2668.4000,2671.4000,2675.0000,1,1,1,2,2,1,1,1,5,1
SF,IH2012,2020-05-29 09:32:13.000,2663.2000,3913,-1,39122460.000,1,0,1,双平,S,2662.6000,2660.6000,2660.0000,2659.8000,2659.0000,2664.2000,2664.4000,2668.4000,2671.4000,2675.0000,1,1,2,2,2,1,1,1,5,1
SF,IH2012,2020-05-29 09:32:13.500,2663.2000,3913,0,39122460.000,0,-,-,-,-,2662.6000,2660.6000,2660.0000,2659.8000,2659.0000,2664.0000,2664.4000,2668.4000,2671.4000,2675.0000,1,1,2,2,2,1,1,1,5,1
SF,IH2012,2020-05-29 09:32:14.000,2663.2000,3913,0,39122460.000,0,-,-,-,-,2660.6000,2660.0000,2659.8000,2659.0000,2658.8000,2664.0000,2664.4000,2668.4000,2671.4000,2675.0000,1,2,2,2,2,1,1,1,5,1
SF,IH2012,2020-05-29 09:32:14.500,2663.2000,3913,0,39122460.000,0,-,-,-,-,2660.8000,2660.6000,2660.0000,2659.8000,2659.0000,2664.4000,2668.4000,2671.4000,2675.0000,2681.2000,1,1,2,2,2,1,1,5,1,1
SF,IH2012,2020-05-29 09:32:15.000,2663.2000,3913,0,39122460.000,0,-,-,-,-,2661.0000,2660.8000,2660.6000,2660.0000,2659.8000,2664.4000,2668.4000,2671.4000,2675.0000,2681.2000,1,1,1,2,2,1,1,5,1,1
SF,IH2012,2020-05-29 09:32:15.500,2663.2000,3913,0,39122460.000,0,-,-,-,-,2662.6000,2661.2000,2661.0000,2660.6000,2660.0000,2664.4000,2668.4000,2671.4000,2675.0000,2681.2000,1,1,1,1,2,1,1,5,1,1
SF,IH2012,2020-05-29 09:32:16.000,2663.2000,3913,0,39122460.000,0,-,-,-,-,2662.6000,2661.2000,2660.6000,2660.0000,2659.8000,2664.4000,2668.4000,2671.4000,2675.0000,2681.2000,1,1,1,2,2,1,1,5,1,1
SF,IH2012,2020-05-29 09:32:20.000,2663.2000,3913,0,39122460.000,0,-,-,-,-,2662.6000,2662.0000,2661.2000,2660.6000,2660.0000,2664.4000,2668.4000,2671.4000,2675.0000,2681.2000,1,1,1,1,2,1,1,5,1,1
SF,IH2012,2020-05-29 09:32:26.500,2664.4000,3912,-1,39921780.000,1,0,1,双平,S,2662.6000,2662.0000,2661.2000,2660.6000,2660.0000,2668.4000,2671.4000,2675.0000,2681.2000,2695.8000,1,1,1,1,2,1,5,1,1,1
SF,IH2012,2020-05-29 09:32:27.000,2664.4000,3912,0,39921780.000,0,-,-,-,-,2662.8000,2662.6000,2662.0000,2660.6000,2660.0000,2665.6000,2668.0000,2668.4000,2671.4000,2675.0000,3,1,1,1,2,1,5,1,5,1
SF,IH2012,2020-05-29 09:32:27.500,2664.4000,3912,0,39921780.000,0,-,-,-,-,2662.8000,2662.6000,2662.0000,2660.6000,2660.0000,2665.6000,2668.0000,2668.4000,2671.4000,2675.0000,2,1,1,1,2,1,5,1,5,1
SF,IH2012,2020-05-29 09:32:28.000,2664.4000,3912,0,39921780.000,0,-,-,-,-,2662.8000,2662.6000,2662.0000,2660.6000,2660.0000,2668.0000,2668.4000,2671.4000,2675.0000,2681.2000,2,1,1,1,2,5,1,5,1,1
SF,IH2012,2020-05-29 09:32:28.500,2664.4000,3912,0,39921780.000,0,-,-,-,-,2662.8000,2662.6000,2662.0000,2660.6000,2660.0000,2667.0000,2668.0000,2668.4000,2671.4000,2675.0000,2,1,1,1,2,1,5,1,5,1
SF,IH2012,2020-05-29 09:32:30.000,2664.4000,3912,0,39921780.000,0,-,-,-,-,2665.6000,2662.8000,2662.6000,2662.0000,2660.6000,2667.0000,2668.0000,2668.4000,2671.4000,2675.0000,1,2,1,1,1,1,5,1,5,1
SF,IH2012,2020-05-29 09:32:30.500,2665.6000,3912,0,40721460.000,1,0,1,多换,S,2662.8000,2662.6000,2662.0000,2660.6000,2660.0000,2665.6000,2667.0000,2668.0000,2668.4000,2671.4000,1,1,1,1,2,1,1,5,1,5
SF,IH2012,2020-05-29 09:32:31.000,2665.6000,3912,0,40721460.000,0,-,-,-,-,2663.0000,2662.8000,2662.6000,2662.0000,2661.6000,2665.6000,2668.0000,2668.4000,2671.4000,2675.0000,1,1,1,1,1,2,5,1,5,1
SF,IH2012,2020-05-29 09:32:31.500,2665.6000,3912,0,40721460.000,0,-,-,-,-,2663.4000,2663.2000,2663.0000,2662.6000,2662.0000,2665.6000,2668.0000,2668.4000,2671.4000,2675.0000,1,1,1,1,1,2,5,1,5,1
SF,IH2012,2020-05-29 09:32:32.000,2665.6000,3912,0,40721460.000,0,-,-,-,-,2663.8000,2663.6000,2663.0000,2662.6000,2662.0000,2665.6000,2668.0000,2668.4000,2671.4000,2675.0000,1,1,1,1,1,2,5,1,5,1
SF,IH2012,2020-05-29 09:32:32.500,2665.6000,3912,0,40721460.000,0,-,-,-,-,2664.0000,2663.6000,2663.0000,2662.6000,2662.0000,2665.6000,2668.0000,2668.4000,2671.4000,2675.0000,1,1,1,1,1,2,5,1,5,1
SF,IH2012,2020-05-29 09:32:33.000,2665.6000,3912,0,40721460.000,0,-,-,-,-,2664.2000,2663.6000,2663.0000,2662.6000,2662.0000,2665.6000,2668.0000,2668.4000,2671.4000,2675.0000,1,1,1,1,1,2,5,1,5,1
SF,IH2012,2020-05-29 09:32:34.000,2665.6000,3912,0,41521140.000,1,0,1,多换,S,2664.2000,2663.6000,2663.0000,2662.6000,2662.0000,2668.0000,2668.4000,2671.4000,2675.0000,2681.2000,1,1,1,1,1,5,1,5,1,1
SF,IH2012,2020-05-29 09:32:34.500,2665.6000,3912,0,41521140.000,0,-,-,-,-,2665.6000,2664.4000,2662.6000,2662.0000,2661.6000,2668.4000,2671.4000,2675.0000,2681.2000,2695.8000,1,1,1,1,1,1,5,1,1,1
SF,IH2012,2020-05-29 09:32:35.000,2665.6000,3912,0,41521140.000,0,-,-,-,-,2665.8000,2665.6000,2665.0000,2662.6000,2662.0000,2668.4000,2671.4000,2675.0000,2681.2000,2695.8000,1,1,1,1,1,2,5,1,1,1
SF,IH2012,2020-05-29 09:32:36.000,2665.6000,3912,0,41521140.000,0,-,-,-,-,2665.8000,2665.6000,2665.0000,2662.6000,2662.0000,2668.4000,2671.4000,2675.0000,2681.2000,2695.8000,1,1,1,1,1,1,5,1,1,1
SF,IH2012,2020-05-29 09:32:36.500,2665.6000,3912,0,41521140.000,0,-,-,-,-,2666.0000,2665.8000,2665.6000,2662.6000,2662.0000,2668.4000,2671.4000,2675.0000,2681.2000,2695.8000,1,1,1,1,1,1,5,1,1,1
SF,IH2012,2020-05-29 09:32:37.000,2665.6000,3912,0,41521140.000,0,-,-,-,-,2666.2000,2666.0000,2665.6000,2662.6000,2662.0000,2668.4000,2671.4000,2675.0000,2681.2000,2695.8000,1,2,1,1,1,1,5,1,1,1
SF,IH2012,2020-05-29 09:32:38.500,2665.6000,3912,0,41521140.000,0,-,-,-,-,2666.6000,2666.2000,2666.0000,2665.6000,2662.6000,2668.4000,2671.4000,2675.0000,2681.2000,2695.8000,1,1,2,1,1,1,5,1,1,1
SF,IH2012,2020-05-29 09:32:40.000,2665.6000,3912,0,41521140.000,0,-,-,-,-,2666.8000,2666.2000,2666.0000,2665.6000,2662.6000,2668.4000,2671.4000,2675.0000,2681.2000,2695.8000,1,1,2,1,1,1,5,1,1,1
SF,IH2012,2020-05-29 09:32:40.500,2668.4000,3911,-1,42321660.000,1,0,1,双平,S,2668.4000,2667.0000,2666.2000,2666.0000,2665.6000,2675.0000,2675.2000,2681.2000,2695.8000,2725.8000,1,1,1,2,1,1,5,1,1,1
SF,IH2012,2020-05-29 09:32:41.000,2668.4000,3911,0,42321660.000,0,-,-,-,-,2668.6000,2668.4000,2666.0000,2662.6000,2662.0000,2671.4000,2674.6000,2674.8000,2675.0000,2675.2000,1,1,1,1,1,1,5,1,1,5
SF,IH2012,2020-05-29 09:32:41.500,2668.4000,3911,0,42321660.000,0,-,-,-,-,2668.6000,2668.4000,2666.0000,2662.6000,2662.0000,2671.0000,2671.4000,2674.8000,2675.0000,2675.2000,1,1,1,1,1,5,1,1,1,5
SF,IH2012,2020-05-29 09:32:42.000,2668.4000,3911,0,42321660.000,0,-,-,-,-,2668.6000,2668.4000,2666.0000,2662.6000,2662.0000,2670.8000,2671.0000,2671.4000,2674.8000,2675.0000,1,1,1,1,1,1,5,1,1,1
SF,IH2012,2020-05-29 09:32:42.500,2668.6000,3911,0,43122240.000,1,0,1,多换,S,2668.6000,2668.4000,2666.0000,2662.6000,2662.0000,2670.8000,2671.0000,2671.4000,2675.0000,2675.2000,1,1,1,1,1,1,5,1,1,5
SF,IH2012,2020-05-29 09:32:43.000,2668.6000,3910,-1,43922820.000,1,0,1,双平,S,2668.4000,2666.0000,2662.6000,2662.0000,2661.6000,2670.4000,2670.6000,2671.0000,2671.4000,2675.0000,1,1,1,1,1,1,1,5,1,1
SF,IH2012,2020-05-29 09:32:43.500,2668.6000,3910,0,43922820.000,0,-,-,-,-,2668.4000,2666.0000,2662.6000,2662.0000,2661.6000,2670.2000,2671.0000,2671.4000,2675.0000,2675.2000,1,1,1,1,1,2,5,1,1,5
SF,IH2012,2020-05-29 09:32:44.000,2670.2000,3910,0,44723880.000,1,0,1,多换,S,2668.4000,2666.0000,2662.6000,2662.0000,2661.6000,2670.2000,2671.0000,2671.4000,2675.0000,2675.2000,1,1,1,1,1,1,5,1,1,5
SF,IH2012,2020-05-29 09:32:47.000,2670.2000,3910,0,44723880.000,0,-,-,-,-,2668.4000,2666.0000,2662.6000,2662.0000,2661.6000,2671.4000,2675.0000,2675.2000,2681.2000,2695.8000,1,1,1,1,1,1,1,5,1,1
SF,IH2012,2020-05-29 09:32:47.500,2670.2000,3910,0,44723880.000,0,-,-,-,-,2668.6000,2668.4000,2666.0000,2662.6000,2662.0000,2671.4000,2675.0000,2675.2000,2681.2000,2695.8000,2,1,1,1,1,1,1,5,1,1
SF,IH2012,2020-05-29 09:32:48.000,2670.2000,3910,0,44723880.000,0,-,-,-,-,2668.6000,2668.4000,2662.6000,2662.0000,2661.6000,2675.0000,2675.2000,2681.2000,2695.8000,2725.8000,1,1,1,1,1,1,5,1,1,1
SF,IH2012,2020-05-29 09:32:48.500,2670.2000,3910,0,44723880.000,0,-,-,-,-,2668.6000,2668.4000,2662.6000,2662.0000,2661.6000,2671.8000,2674.6000,2675.0000,2675.2000,2681.2000,1,1,1,1,1,1,5,1,5,1
SF,IH2012,2020-05-29 09:32:49.000,2670.2000,3910,0,44723880.000,0,-,-,-,-,2668.6000,2668.4000,2662.6000,2662.0000,2661.6000,2671.8000,2674.6000,2675.0000,2675.2000,2681.2000,1,1,1,1,1,1,5,1,5,1
SF,IH2012,2020-05-29 09:32:50.000,2670.2000,3910,0,44723880.000,0,-,-,-,-,2668.6000,2668.4000,2662.6000,2662.0000,2661.6000,2674.6000,2675.0000,2675.2000,2681.2000,2695.8000,1,1,1,1,1,5,1,5,1,1
SF,IH2012,2020-05-29 09:32:50.500,2670.2000,3910,0,44723880.000,0,-,-,-,-,2668.6000,2668.4000,2662.6000,2662.0000,2661.6000,2672.4000,2674.6000,2675.0000,2679.0000,2681.2000,1,1,1,1,1,1,5,1,5,1
SF,IH2012,2020-05-29 09:32:51.000,2670.2000,3910,0,44723880.000,0,-,-,-,-,2668.6000,2668.4000,2666.6000,2662.6000,2662.0000,2674.6000,2675.0000,2679.0000,2695.8000,2725.8000,1,1,1,1,1,5,1,5,1,1
SF,IH2012,2020-05-29 09:32:51.500,2670.2000,3910,0,44723880.000,0,-,-,-,-,2668.6000,2668.4000,2666.6000,2663.8000,2662.6000,2673.4000,2674.6000,2675.0000,2679.0000,2688.8000,1,1,1,5,1,1,5,1,5,1
SF,IH2012,2020-05-29 09:32:53.000,2670.2000,3910,0,44723880.000,0,-,-,-,-,2668.6000,2668.4000,2666.6000,2663.8000,2662.6000,2673.2000,2673.4000,2674.6000,2675.0000,2679.0000,1,1,1,5,1,1,1,5,1,5
SF,IH2012,2020-05-29 09:32:54.000,2670.2000,3910,0,44723880.000,0,-,-,-,-,2668.6000,2668.4000,2666.6000,2663.8000,2662.6000,2673.2000,2674.6000,2675.0000,2679.0000,2688.8000,1,1,1,5,1,1,5,1,5,1
SF,IH2012,2020-05-29 09:32:55.000,2670.2000,3910,0,44723880.000,0,-,-,-,-,2668.8000,2668.6000,2668.4000,2666.6000,2663.8000,2673.2000,2674.6000,2675.0000,2679.0000,2688.8000,1,1,1,1,5,1,5,1,5,1
SF,IH2012,2020-05-29 09:32:55.500,2670.2000,3910,0,44723880.000,0,-,-,-,-,2669.0000,2668.4000,2666.6000,2663.8000,2662.6000,2673.0000,2673.2000,2674.6000,2675.0000,2679.0000,1,1,1,5,1,1,1,5,1,5
SF,IH2012,2020-05-29 09:32:56.000,2670.2000,3910,0,44723880.000,0,-,-,-,-,2669.0000,2668.6000,2668.4000,2666.6000,2663.8000,2673.0000,2674.6000,2675.0000,2679.0000,2688.8000,1,1,1,1,5,1,5,1,5,1
SF,IH2012,2020-05-29 09:32:56.500,2670.2000,3910,0,44723880.000,0,-,-,-,-,2669.0000,2668.6000,2668.4000,2666.6000,2663.8000,2672.8000,2673.0000,2674.6000,2675.0000,2679.0000,1,1,1,1,5,1,1,5,1,5
SF,IH2012,2020-05-29 09:32:57.000,2670.2000,3910,0,44723880.000,0,-,-,-,-,2670.0000,2669.0000,2668.4000,2666.6000,2663.8000,2673.0000,2674.6000,2675.0000,2679.0000,2688.8000,1,1,1,1,5,1,5,1,5,1
SF,IH2012,2020-05-29 09:32:57.500,2670.2000,3910,0,44723880.000,0,-,-,-,-,2670.2000,2670.0000,2669.0000,2668.4000,2666.6000,2672.4000,2673.0000,2674.6000,2675.0000,2679.0000,1,1,1,1,1,1,1,5,1,5
SF,IH2012,2020-05-29 09:32:58.000,2670.2000,3909,-1,45524940.000,1,0,1,双平,S,2670.0000,2669.0000,2668.4000,2666.6000,2663.8000,2672.0000,2672.2000,2672.4000,2672.8000,2673.0000,1,1,1,1,5,1,1,1,1,1
SF,IH2012,2020-05-29 09:32:58.500,2670.2000,3909,0,45524940.000,0,-,-,-,-,2669.0000,2668.4000,2666.6000,2663.8000,2662.6000,2671.8000,2672.4000,2672.8000,2673.0000,2674.6000,1,1,1,5,1,2,1,1,1,5
SF,IH2012,2020-05-29 09:32:59.000,2670.2000,3909,0,45524940.000,0,-,-,-,-,2669.0000,2668.4000,2666.6000,2663.8000,2662.6000,2671.8000,2672.4000,2672.8000,2674.6000,2675.0000,1,1,1,5,1,1,1,1,5,1
SF,IH2012,2020-05-29 09:33:00.000,2670.2000,3909,0,45524940.000,0,-,-,-,-,2669.0000,2668.4000,2666.6000,2663.8000,2662.6000,2671.6000,2671.8000,2672.8000,2674.6000,2675.0000,1,1,1,5,1,1,1,1,5,1
SF,IH2012,2020-05-29 09:33:00.500,2670.2000,3909,0,45524940.000,0,-,-,-,-,2669.4000,2668.4000,2666.6000,2663.8000,2662.6000,2671.4000,2671.6000,2672.8000,2674.6000,2675.0000,1,1,1,5,1,1,1,1,5,1
SF,IH2012,2020-05-29 09:33:01.500,2670.2000,3909,0,45524940.000,0,-,-,-,-,2669.6000,2668.4000,2666.6000,2663.8000,2662.6000,2671.4000,2671.6000,2672.8000,2674.6000,2675.0000,1,1,1,5,1,1,1,1,5,1
SF,IH2012,2020-05-29 09:33:02.000,2670.2000,3909,0,45524940.000,0,-,-,-,-,2669.6000,2668.4000,2666.6000,2663.8000,2662.6000,2671.6000,2672.8000,2674.6000,2675.0000,2679.0000,1,1,1,5,1,1,1,5,1,5
SF,IH2012,2020-05-29 09:33:02.500,2670.2000,3909,0,45524940.000,0,-,-,-,-,2669.6000,2668.4000,2666.6000,2663.8000,2662.6000,2674.6000,2675.0000,2679.0000,2688.8000,2695.8000,1,1,1,5,1,5,1,5,1,1
SF,IH2012,2020-05-29 09:33:03.000,2670.2000,3909,0,45524940.000,0,-,-,-,-,2668.4000,2666.6000,2663.8000,2662.6000,2662.0000,2672.4000,2674.4000,2674.6000,2675.0000,2679.0000,1,1,5,1,1,1,1,5,1,5
SF,IH2012,2020-05-29 09:33:04.000,2670.2000,3909,0,45524940.000,0,-,-,-,-,2668.4000,2666.6000,2663.8000,2662.6000,2662.0000,2674.4000,2674.6000,2675.0000,2679.0000,2688.8000,1,1,5,1,1,1,5,1,5,1
SF,IH2012,2020-05-29 09:33:04.500,2670.2000,3909,0,45524940.000,0,-,-,-,-,2668.4000,2666.6000,2663.8000,2662.6000,2662.0000,2673.0000,2674.0000,2674.2000,2674.4000,2675.0000,1,1,5,1,1,1,5,1,1,1
SF,IH2012,2020-05-29 09:33:05.000,2670.2000,3909,0,45524940.000,0,-,-,-,-,2668.4000,2666.6000,2663.8000,2662.6000,2662.0000,2672.6000,2672.8000,2673.0000,2674.4000,2675.0000,1,1,5,1,1,5,1,1,1,1
SF,IH2012,2020-05-29 09:33:05.500,2670.2000,3909,0,45524940.000,0,-,-,-,-,2668.4000,2666.6000,2663.8000,2662.6000,2662.0000,2672.4000,2672.6000,2673.0000,2674.4000,2675.0000,1,1,5,1,1,2,5,1,1,1
SF,IH2012,2020-05-29 09:33:06.000,2670.2000,3909,0,45524940.000,0,-,-,-,-,2668.4000,2666.6000,2662.6000,2662.0000,2661.6000,2672.0000,2672.4000,2674.4000,2675.0000,2679.0000,1,1,1,1,1,5,2,1,1,5
SF,IH2012,2020-05-29 09:33:06.500,2670.2000,3909,0,45524940.000,0,-,-,-,-,2668.4000,2666.6000,2662.6000,2662.0000,2661.6000,2671.6000,2671.8000,2672.0000,2672.4000,2674.4000,1,1,1,1,1,1,1,5,1,1
SF,IH2012,2020-05-29 09:33:07.000,2670.2000,3909,0,45524940.000,0,-,-,-,-,2668.4000,2666.6000,2662.6000,2662.0000,2661.6000,2671.2000,2671.4000,2671.6000,2672.4000,2674.4000,1,1,1,1,1,5,1,2,1,1
SF,IH2012,2020-05-29 09:33:07.500,2670.2000,3909,0,45524940.000,0,-,-,-,-,2668.4000,2666.6000,2662.6000,2662.0000,2661.6000,2671.0000,2671.6000,2672.4000,2675.0000,2679.0000,1,1,1,1,1,1,2,1,1,5
SF,IH2012,2020-05-29 09:33:08.000,2670.2000,3909,0,45524940.000,0,-,-,-,-,2668.4000,2666.6000,2662.6000,2662.0000,2661.6000,2671.0000,2671.6000,2672.4000,2675.0000,2679.0000,1,1,1,1,1,2,2,1,1,5
SF,IH2012,2020-05-29 09:33:08.500,2670.2000,3909,0,45524940.000,0,-,-,-,-,2668.4000,2666.6000,2662.6000,2662.0000,2661.6000,2671.0000,2671.6000,2675.0000,2679.0000,2688.8000,2,1,1,1,1,2,2,1,5,1
SF,IH2012,2020-05-29 09:33:09.000,2670.2000,3909,0,45524940.000,0,-,-,-,-,2668.4000,2666.6000,2662.6000,2662.0000,2661.6000,2670.8000,2671.0000,2671.6000,2675.0000,2679.0000,2,1,1,1,1,1,1,1,1,5
SF,IH2012,2020-05-29 09:33:09.500,2670.2000,3909,0,45524940.000,0,-,-,-,-,2668.4000,2666.6000,2662.6000,2662.0000,2661.6000,2670.6000,2670.8000,2671.6000,2675.0000,2679.0000,2,1,1,1,1,1,1,1,1,5
SF,IH2012,2020-05-29 09:33:10.000,2670.2000,3909,0,45524940.000,0,-,-,-,-,2668.6000,2668.4000,2666.6000,2662.6000,2662.0000,2670.6000,2670.8000,2671.6000,2675.0000,2679.0000,1,2,1,1,1,1,1,1,1,5
SF,IH2012,2020-05-29 09:33:10.500,2670.2000,3909,0,45524940.000,0,-,-,-,-,2668.8000,2668.4000,2666.6000,2662.6000,2662.0000,2670.6000,2670.8000,2671.6000,2675.0000,2679.0000,1,1,1,1,1,1,1,1,1,5
SF,IH2012,2020-05-29 09:33:11.000,2670.2000,3909,0,45524940.000,0,-,-,-,-,2669.2000,2668.8000,2668.4000,2666.6000,2662.6000,2670.6000,2675.0000,2679.0000,2688.8000,2695.8000,1,2,1,1,1,1,1,5,1,1
SF,IH2012,2020-05-29 09:33:11.500,2670.2000,3909,0,45524940.000,0,-,-,-,-,2669.2000,2668.8000,2668.4000,2666.6000,2662.6000,2675.0000,2679.0000,2688.8000,2695.8000,2697.6000,1,2,1,1,1,1,5,1,1,1
SF,IH2012,2020-05-29 09:33:12.000,2669.2000,3908,-1,46325700.000,1,0,1,双平,S,2668.8000,2668.4000,2666.6000,2662.6000,2662.0000,2672.2000,2672.6000,2674.6000,2674.8000,2675.0000,1,1,1,1,1,1,1,5,2,1
SF,IH2012,2020-05-29 09:33:12.500,2669.2000,3908,0,46325700.000,0,-,-,-,-,2668.4000,2666.6000,2662.6000,2662.0000,2661.6000,2671.8000,2672.0000,2672.2000,2674.8000,2675.0000,1,1,1,1,1,5,1,1,1,1
SF,IH2012,2020-05-29 09:33:13.000,2669.2000,3908,0,46325700.000,0,-,-,-,-,2668.4000,2666.6000,2662.6000,2662.0000,2661.6000,2671.6000,2671.8000,2672.2000,2674.8000,2675.0000,1,1,1,1,1,2,5,1,1,1
SF,IH2012,2020-05-29 09:33:13.500,2669.2000,3908,0,46325700.000,0,-,-,-,-,2668.4000,2666.6000,2662.6000,2662.0000,2661.6000,2671.2000,2671.6000,2672.2000,2674.8000,2675.0000,1,1,1,1,1,5,2,1,1,1
SF,IH2012,2020-05-29 09:33:14.000,2669.2000,3908,0,46325700.000,0,-,-,-,-,2668.4000,2666.6000,2662.6000,2662.0000,2661.6000,2671.0000,2671.2000,2674.8000,2675.0000,2679.0000,1,1,1,1,1,1,5,1,1,5
SF,IH2012,2020-05-29 09:33:14.500,2669.2000,3908,0,46325700.000,0,-,-,-,-,2668.4000,2666.6000,2662.6000,2662.0000,2661.6000,2670.8000,2671.0000,2674.8000,2675.0000,2679.0000,1,1,1,1,1,5,1,1,1,5
SF,IH2012,2020-05-29 09:33:15.000,2669.2000,3908,0,46325700.000,0,-,-,-,-,2666.6000,2662.6000,2662.0000,2661.6000,2660.6000,2670.2000,2670.6000,2670.8000,2674.8000,2675.0000,1,1,1,1,1,1,2,5,1,1
SF,IH2012,2020-05-29 09:33:15.500,2669.2000,3908,0,46325700.000,0,-,-,-,-,2666.6000,2662.6000,2662.0000,2661.6000,2660.6000,2669.8000,2670.0000,2670.2000,2674.8000,2675.0000,1,1,1,1,1,5,1,1,1,1
SF,IH2012,2020-05-29 09:33:16.000,2669.2000,3908,0,46325700.000,0,-,-,-,-,2666.6000,2662.6000,2662.0000,2661.6000,2660.6000,2669.6000,2669.8000,2670.2000,2674.8000,2675.0000,1,1,1,1,1,1,5,1,1,1
SF,IH2012,2020-05-29 09:33:16.500,2669.2000,3908,0,46325700.000,0,-,-,-,-,2666.8000,2666.6000,2662.6000,2662.0000,2661.6000,2669.6000,2670.2000,2674.8000,2675.0000,2679.0000,1,1,1,1,1,1,1,1,1,5
SF,IH2012,2020-05-29 09:33:17.000,2669.2000,3908,0,46325700.000,0,-,-,-,-,2666.8000,2666.6000,2662.6000,2662.0000,2661.6000,2669.6000,2675.0000,2679.0000,2688.8000,2695.8000,1,1,1,1,1,1,1,5,1,1
SF,IH2012,2020-05-29 09:33:18.000,2669.2000,3908,0,46325700.000,0,-,-,-,-,2666.6000,2662.6000,2662.0000,2661.6000,2660.6000,2669.2000,2669.6000,2675.0000,2679.0000,2688.8000,1,1,1,1,1,5,1,1,5,1
SF,IH2012,2020-05-29 09:33:18.500,2669.2000,3908,0,46325700.000,0,-,-,-,-,2666.6000,2662.6000,2662.0000,2661.6000,2660.6000,2668.8000,2669.0000,2669.2000,2669.4000,2675.0000,1,1,1,1,1,1,1,5,1,1
SF,IH2012,2020-05-29 09:33:19.000,2669.2000,3908,0,46325700.000,0,-,-,-,-,2666.6000,2662.6000,2662.0000,2661.6000,2660.6000,2668.6000,2668.8000,2669.4000,2671.4000,2675.0000,1,1,1,1,1,1,1,1,5,1
SF,IH2012,2020-05-29 09:33:19.500,2668.8000,3906,-2,47926980.000,2,0,2,双平,S,2667.0000,2666.8000,2666.6000,2662.6000,2662.0000,2671.4000,2675.0000,2688.8000,2695.8000,2697.6000,2,2,1,1,1,5,1,1,1,1
SF,IH2012,2020-05-29 09:33:20.000,2668.8000,3906,0,47926980.000,0,-,-,-,-,2667.2000,2667.0000,2666.6000,2662.6000,2662.0000,2670.2000,2671.0000,2671.2000,2675.0000,2675.2000,1,1,1,1,1,1,5,1,1,5
SF,IH2012,2020-05-29 09:33:20.500,2668.8000,3906,0,47926980.000,0,-,-,-,-,2667.2000,2666.6000,2662.6000,2662.0000,2661.6000,2670.2000,2671.0000,2671.2000,2675.0000,2675.2000,1,1,1,1,1,1,5,1,1,5
SF,IH2012,2020-05-29 09:33:21.000,2668.8000,3906,0,47926980.000,0,-,-,-,-,2668.2000,2667.2000,2666.6000,2662.6000,2662.0000,2675.0000,2675.2000,2688.8000,2695.8000,2697.6000,1,1,1,1,1,1,5,1,1,1
SF,IH2012,2020-05-29 09:33:21.500,2668.8000,3906,0,47926980.000,0,-,-,-,-,2668.4000,2668.2000,2666.6000,2662.6000,2662.0000,2671.4000,2674.6000,2674.8000,2675.0000,2675.2000,1,1,1,1,1,2,5,2,1,5
SF,IH2012,2020-05-29 09:33:22.000,2668.8000,3906,0,47926980.000,0,-,-,-,-,2668.4000,2668.2000,2666.6000,2662.6000,2662.0000,2671.0000,2671.4000,2674.8000,2675.0000,2675.2000,1,1,1,1,1,5,2,1,1,5
SF,IH2012,2020-05-29 09:33:23.000,2668.8000,3906,0,47926980.000,0,-,-,-,-,2668.4000,2668.2000,2667.8000,2666.6000,2662.6000,2671.0000,2671.4000,2674.8000,2675.0000,2675.2000,1,1,1,1,1,5,1,1,1,5
SF,IH2012,2020-05-29 09:33:25.000,2668.8000,3906,0,47926980.000,0,-,-,-,-,2668.4000,2667.8000,2666.6000,2662.6000,2662.0000,2671.0000,2671.4000,2674.8000,2675.0000,2675.2000,1,1,1,1,1,5,1,1,1,5
SF,IH2012,2020-05-29 09:33:27.000,2668.8000,3906,0,47926980.000,0,-,-,-,-,2668.4000,2667.8000,2666.6000,2662.6000,2662.0000,2671.0000,2674.8000,2675.0000,2675.2000,2688.8000,1,1,1,1,1,5,1,1,5,1
SF,IH2012,2020-05-29 09:33:27.500,2668.8000,3906,0,47926980.000,0,-,-,-,-,2668.4000,2667.8000,2666.6000,2662.6000,2662.0000,2670.4000,2671.0000,2674.8000,2675.0000,2675.2000,1,1,1,1,1,1,6,1,1,5
SF,IH2012,2020-05-29 09:33:28.000,2668.4000,3905,-1,48727500.000,1,0,1,双平,S,2667.8000,2666.6000,2662.6000,2662.0000,2661.6000,2668.4000,2670.0000,2670.2000,2670.4000,2674.8000,1,1,1,1,1,1,5,1,1,1
SF,IH2012,2020-05-29 09:33:28.500,2668.4000,3905,0,48727500.000,0,-,-,-,-,2667.8000,2666.6000,2662.6000,2662.0000,2661.6000,2668.4000,2669.6000,2670.0000,2670.2000,2670.4000,1,1,1,1,1,1,1,5,1,1
SF,IH2012,2020-05-29 09:33:29.000,2668.4000,3905,0,48727500.000,0,-,-,-,-,2667.8000,2666.6000,2662.6000,2662.0000,2661.6000,2668.4000,2669.6000,2670.0000,2670.2000,2674.8000,1,1,1,1,1,1,1,5,1,1
SF,IH2012,2020-05-29 09:33:30.000,2668.4000,3905,0,48727500.000,0,-,-,-,-,2667.8000,2666.6000,2662.6000,2662.0000,2661.6000,2668.4000,2670.0000,2670.2000,2675.0000,2675.2000,1,1,1,1,1,1,5,1,1,5
SF,IH2012,2020-05-29 09:33:31.500,2668.4000,3905,0,49528020.000,1,0,1,多换,S,2667.8000,2666.6000,2662.6000,2662.0000,2661.6000,2670.0000,2670.2000,2675.0000,2675.2000,2688.8000,1,1,1,1,1,5,1,1,5,1
SF,IH2012,2020-05-29 09:33:32.000,2668.4000,3905,0,49528020.000,0,-,-,-,-,2667.8000,2666.6000,2662.6000,2662.0000,2661.6000,2669.8000,2670.0000,2675.0000,2675.2000,2688.8000,1,1,1,1,1,2,5,1,5,1
SF,IH2012,2020-05-29 09:33:33.000,2668.4000,3905,0,49528020.000,0,-,-,-,-,2667.8000,2666.6000,2662.6000,2662.0000,2661.6000,2669.4000,2669.8000,2675.0000,2675.2000,2688.8000,1,1,1,1,1,5,2,1,5,1
SF,IH2012,2020-05-29 09:33:33.500,2667.8000,3906,1,50328360.000,1,1,0,双开,S,2666.6000,2662.6000,2662.0000,2661.6000,2660.6000,2669.8000,2675.0000,2675.2000,2688.8000,2695.8000,1,1,1,1,1,2,1,5,1,1
SF,IH2012,2020-05-29 09:33:34.000,2667.8000,3906,0,50328360.000,0,-,-,-,-,2667.2000,2666.6000,2662.6000,2662.0000,2661.6000,2669.8000,2675.0000,2675.2000,2688.8000,2695.8000,1,1,1,1,1,1,1,5,1,1
SF,IH2012,2020-05-29 09:33:34.500,2667.8000,3906,0,50328360.000,0,-,-,-,-,2667.6000,2667.2000,2666.6000,2662.6000,2662.0000,2669.8000,2675.0000,2675.2000,2688.8000,2695.8000,1,1,1,1,1,1,1,5,1,1
SF,IH2012,2020-05-29 09:33:35.000,2667.8000,3906,0,50328360.000,0,-,-,-,-,2667.6000,2667.2000,2666.6000,2662.6000,2662.0000,2675.0000,2675.2000,2688.8000,2695.8000,2697.6000,1,1,1,1,1,1,5,1,1,1
SF,IH2012,2020-05-29 09:33:35.500,2667.8000,3906,0,50328360.000,0,-,-,-,-,2667.2000,2666.6000,2662.6000,2662.0000,2661.6000,2670.8000,2674.6000,2674.8000,2675.0000,2675.2000,1,1,1,1,1,2,5,2,1,5
SF,IH2012,2020-05-29 09:33:36.000,2667.8000,3906,0,50328360.000,0,-,-,-,-,2667.2000,2666.6000,2662.6000,2662.0000,2661.6000,2670.4000,2670.8000,2674.8000,2675.0000,2675.2000,1,1,1,1,1,5,2,3,1,5
SF,IH2012,2020-05-29 09:33:38.500,2667.8000,3906,0,50328360.000,0,-,-,-,-,2667.2000,2666.6000,2662.6000,2662.0000,2661.6000,2670.4000,2670.8000,2674.8000,2675.0000,2675.2000,1,1,1,1,1,5,2,3,1,5
SF,IH2012,2020-05-29 09:33:39.000,2667.8000,3906,0,50328360.000,0,-,-,-,-,2667.2000,2666.6000,2662.6000,2662.0000,2661.6000,2670.4000,2670.8000,2674.8000,2675.0000,2675.2000,1,1,1,1,1,5,2,2,1,5
SF,IH2012,2020-05-29 09:33:39.500,2667.8000,3906,0,50328360.000,0,-,-,-,-,2667.2000,2666.6000,2662.6000,2662.0000,2661.6000,2670.2000,2670.4000,2670.8000,2674.8000,2675.0000,1,1,1,1,1,1,5,1,2,1
SF,IH2012,2020-05-29 09:33:41.500,2667.8000,3906,0,50328360.000,0,-,-,-,-,2667.2000,2666.6000,2662.6000,2662.0000,2661.6000,2670.2000,2670.8000,2674.8000,2675.0000,2675.2000,1,1,1,1,1,1,1,2,1,5
SF,IH2012,2020-05-29 09:33:47.500,2667.8000,3906,0,50328360.000,0,-,-,-,-,2667.2000,2666.6000,2662.6000,2662.0000,2661.6000,2669.8000,2670.2000,2670.8000,2674.8000,2675.0000,1,1,1,1,1,1,1,1,2,1
SF,IH2012,2020-05-29 09:33:48.000,2667.8000,3906,0,50328360.000,0,-,-,-,-,2667.2000,2666.6000,2662.6000,2662.0000,2661.6000,2669.6000,2669.8000,2670.2000,2670.8000,2674.8000,1,1,1,1,1,1,6,1,1,2
SF,IH2012,2020-05-29 09:33:49.000,2667.8000,3906,0,50328360.000,0,-,-,-,-,2666.6000,2662.6000,2662.0000,2661.6000,2660.6000,2669.2000,2669.6000,2669.8000,2674.8000,2675.0000,2,1,1,1,1,5,1,1,2,1
SF,IH2012,2020-05-29 09:33:49.500,2667.8000,3906,0,50328360.000,0,-,-,-,-,2666.6000,2662.6000,2662.0000,2661.6000,2660.6000,2669.0000,2669.8000,2674.8000,2675.0000,2675.2000,2,1,1,1,1,1,1,2,1,5
SF,IH2012,2020-05-29 09:33:50.000,2667.8000,3906,0,50328360.000,0,-,-,-,-,2666.8000,2666.6000,2662.6000,2662.0000,2661.6000,2669.0000,2669.8000,2674.8000,2675.0000,2675.2000,1,2,1,1,1,1,1,2,1,5
SF,IH2012,2020-05-29 09:33:50.500,2667.8000,3906,0,50328360.000,0,-,-,-,-,2666.8000,2666.6000,2662.6000,2662.0000,2661.6000,2669.0000,2669.8000,2674.8000,2675.0000,2675.2000,2,1,1,1,1,1,1,2,1,5
SF,IH2012,2020-05-29 09:33:51.000,2667.8000,3906,0,50328360.000,0,-,-,-,-,2666.8000,2666.6000,2662.6000,2662.0000,2661.6000,2669.0000,2669.8000,2674.8000,2675.0000,2675.2000,3,1,1,1,1,1,1,2,1,5
SF,IH2012,2020-05-29 09:33:53.000,2667.8000,3906,0,50328360.000,0,-,-,-,-,2666.8000,2666.6000,2662.6000,2662.0000,2661.6000,2669.0000,2674.8000,2675.0000,2675.2000,2688.8000,3,1,1,1,1,1,2,1,5,1
SF,IH2012,2020-05-29 09:33:54.000,2667.8000,3906,0,50328360.000,0,-,-,-,-,2666.8000,2666.6000,2662.6000,2662.0000,2661.6000,2668.8000,2669.0000,2674.8000,2675.0000,2675.2000,2,1,1,1,1,5,1,2,1,5
SF,IH2012,2020-05-29 09:33:54.500,2667.8000,3906,0,50328360.000,0,-,-,-,-,2666.8000,2666.6000,2662.6000,2662.0000,2661.6000,2668.6000,2674.8000,2675.0000,2675.2000,2688.8000,1,1,1,1,1,1,2,1,5,1
SF,IH2012,2020-05-29 09:33:55.000,2667.8000,3906,0,50328360.000,0,-,-,-,-,2667.0000,2666.8000,2666.6000,2662.6000,2662.0000,2668.6000,2674.8000,2675.0000,2675.2000,2688.8000,2,1,1,1,1,1,2,1,5,1
SF,IH2012,2020-05-29 09:33:56.500,2667.8000,3906,0,50328360.000,0,-,-,-,-,2666.8000,2666.6000,2662.6000,2662.0000,2661.6000,2668.6000,2674.8000,2675.0000,2675.2000,2688.8000,1,1,1,1,1,1,2,1,5,1
SF,IH2012,2020-05-29 09:33:57.500,2667.8000,3906,0,50328360.000,0,-,-,-,-,2666.6000,2662.6000,2662.0000,2661.6000,2660.6000,2668.6000,2674.8000,2675.0000,2675.2000,2688.8000,1,1,1,1,1,1,2,1,5,1
SF,IH2012,2020-05-29 09:33:58.500,2667.8000,3906,0,50328360.000,0,-,-,-,-,2666.6000,2662.6000,2662.0000,2661.6000,2660.6000,2668.2000,2668.6000,2674.8000,2675.0000,2675.2000,1,1,1,1,1,5,1,2,1,5
SF,IH2012,2020-05-29 09:33:59.000,2666.6000,3907,1,51128340.000,1,1,0,双开,S,2662.6000,2662.0000,2661.6000,2660.6000,2660.0000,2668.6000,2674.8000,2675.0000,2675.2000,2688.8000,1,1,1,1,3,1,2,1,5,1
SF,IH2012,2020-05-29 09:33:59.500,2666.6000,3907,0,51128340.000,0,-,-,-,-,2665.6000,2662.8000,2662.6000,2662.0000,2661.6000,2668.6000,2674.8000,2675.0000,2675.2000,2688.8000,1,2,1,1,1,2,2,1,5,1
SF,IH2012,2020-05-29 09:34:00.500,2666.6000,3907,0,51128340.000,0,-,-,-,-,2665.6000,2662.6000,2662.0000,2661.6000,2660.6000,2668.4000,2668.6000,2674.8000,2675.0000,2675.2000,1,1,1,1,1,5,2,2,1,5
SF,IH2012,2020-05-29 09:34:01.000,2666.6000,3907,0,51128340.000,0,-,-,-,-,2665.6000,2662.6000,2662.0000,2661.6000,2660.6000,2668.2000,2668.4000,2668.6000,2674.8000,2675.0000,1,1,1,1,1,2,6,1,2,1
SF,IH2012,2020-05-29 09:34:01.500,2666.6000,3907,0,51128340.000,0,-,-,-,-,2662.6000,2662.0000,2661.6000,2660.6000,2660.0000,2667.8000,2668.2000,2668.4000,2668.6000,2674.8000,1,1,1,1,3,5,2,1,1,2
SF,IH2012,2020-05-29 09:34:02.000,2666.6000,3907,0,51128340.000,0,-,-,-,-,2664.4000,2662.6000,2662.0000,2661.6000,2660.6000,2667.6000,2667.8000,2668.0000,2668.2000,2668.4000,1,1,1,1,1,1,5,1,1,1
SF,IH2012,2020-05-29 09:34:02.500,2666.6000,3907,0,51128340.000,0,-,-,-,-,2664.4000,2662.6000,2662.0000,2661.6000,2660.6000,2667.2000,2667.6000,2668.0000,2668.4000,2674.8000,1,1,1,1,1,5,1,1,1,2
SF,IH2012,2020-05-29 09:34:03.000,2666.6000,3907,0,51128340.000,0,-,-,-,-,2664.4000,2662.6000,2662.0000,2661.6000,2660.6000,2667.0000,2667.2000,2668.0000,2668.4000,2674.8000,1,1,1,1,1,1,5,1,1,2
SF,IH2012,2020-05-29 09:34:04.000,2666.6000,3907,0,51128340.000,0,-,-,-,-,2664.0000,2662.6000,2662.0000,2661.6000,2660.6000,2666.8000,2667.0000,2668.0000,2668.4000,2674.8000,1,1,1,1,1,5,1,1,1,2
SF,IH2012,2020-05-29 09:34:04.500,2666.6000,3907,0,51128340.000,0,-,-,-,-,2664.0000,2662.6000,2662.0000,2661.6000,2660.6000,2666.6000,2668.0000,2674.8000,2675.0000,2675.2000,1,1,1,1,1,1,1,2,1,5
SF,IH2012,2020-05-29 09:34:05.000,2666.6000,3907,0,51128340.000,0,-,-,-,-,2664.4000,2664.0000,2662.6000,2662.0000,2661.6000,2666.6000,2674.8000,2675.0000,2675.2000,2688.8000,2,1,1,1,1,1,2,1,5,1
SF,IH2012,2020-05-29 09:34:05.500,2666.6000,3907,0,51128340.000,0,-,-,-,-,2664.8000,2662.6000,2662.0000,2661.6000,2660.6000,2666.6000,2674.8000,2675.0000,2675.2000,2688.8000,2,1,1,1,1,1,2,1,5,1
SF,IH2012,2020-05-29 09:34:06.000,2666.6000,3907,0,51128340.000,0,-,-,-,-,2665.4000,2664.8000,2662.6000,2662.0000,2661.6000,2674.8000,2675.0000,2675.2000,2688.8000,2695.8000,1,2,1,1,1,2,1,5,1,1
SF,IH2012,2020-05-29 09:34:06.500,2666.6000,3907,0,51128340.000,0,-,-,-,-,2665.4000,2662.6000,2662.0000,2661.6000,2660.6000,2668.2000,2668.8000,2673.6000,2674.4000,2674.6000,1,1,1,1,1,1,1,4,5,1
SF,IH2012,2020-05-29 09:34:07.000,2666.6000,3907,0,51128340.000,0,-,-,-,-,2665.4000,2662.6000,2662.0000,2661.6000,2660.6000,2668.2000,2673.6000,2674.4000,2674.6000,2674.8000,1,1,1,1,1,1,4,5,1,2
SF,IH2012,2020-05-29 09:34:07.500,2666.6000,3907,0,51128340.000,0,-,-,-,-,2665.4000,2662.6000,2662.0000,2661.6000,2660.6000,2667.8000,2668.2000,2673.6000,2674.6000,2674.8000,1,1,1,1,1,5,1,4,1,2
SF,IH2012,2020-05-29 09:34:08.000,2666.6000,3907,0,51128340.000,0,-,-,-,-,2665.4000,2662.6000,2662.0000,2661.6000,2660.6000,2668.2000,2673.6000,2674.6000,2674.8000,2675.0000,1,1,1,1,1,1,4,1,2,1
SF,IH2012,2020-05-29 09:34:08.500,2666.6000,3907,0,51128340.000,0,-,-,-,-,2665.6000,2665.4000,2662.6000,2662.0000,2661.6000,2668.2000,2673.6000,2674.6000,2674.8000,2675.0000,1,1,1,1,1,1,4,1,2,1
SF,IH2012,2020-05-29 09:34:09.000,2666.6000,3907,0,51128340.000,0,-,-,-,-,2662.6000,2662.0000,2661.6000,2660.6000,2660.0000,2668.2000,2673.6000,2674.6000,2674.8000,2675.0000,1,1,1,1,3,1,4,1,2,1
SF,IH2012,2020-05-29 09:34:09.500,2666.6000,3907,0,51128340.000,0,-,-,-,-,2665.8000,2662.8000,2662.6000,2662.0000,2661.6000,2668.0000,2668.2000,2673.6000,2674.6000,2674.8000,1,1,1,1,1,1,1,4,1,2
SF,IH2012,2020-05-29 09:34:10.000,2666.6000,3907,0,51128340.000,0,-,-,-,-,2665.8000,2662.8000,2662.6000,2662.0000,2661.6000,2668.0000,2668.2000,2674.6000,2674.8000,2675.0000,1,1,1,1,1,1,1,1,2,1
SF,IH2012,2020-05-29 09:34:11.000,2666.6000,3907,0,51128340.000,0,-,-,-,-,2665.8000,2662.8000,2662.6000,2662.0000,2661.6000,2668.0000,2674.6000,2674.8000,2675.0000,2675.2000,1,1,1,1,1,1,1,2,1,5
SF,IH2012,2020-05-29 09:34:12.500,2666.6000,3907,0,51128340.000,0,-,-,-,-,2665.8000,2662.8000,2662.6000,2662.0000,2661.6000,2674.6000,2674.8000,2675.0000,2675.2000,2688.8000,1,1,1,1,1,1,2,1,5,1
SF,IH2012,2020-05-29 09:34:13.000,2666.6000,3907,0,51128340.000,0,-,-,-,-,2665.8000,2662.8000,2662.6000,2662.0000,2661.6000,2668.4000,2669.2000,2673.8000,2674.2000,2674.4000,1,1,1,1,1,1,1,4,5,3
SF,IH2012,2020-05-29 09:34:13.500,2666.6000,3907,0,51128340.000,0,-,-,-,-,2665.8000,2662.8000,2662.6000,2662.0000,2661.6000,2668.4000,2673.8000,2674.2000,2674.4000,2674.6000,1,1,1,1,1,1,4,5,3,1
SF,IH2012,2020-05-29 09:34:14.000,2666.6000,3907,0,51128340.000,0,-,-,-,-,2666.2000,2665.8000,2665.0000,2662.8000,2662.6000,2673.8000,2674.2000,2674.4000,2674.6000,2675.0000,1,1,1,1,1,4,5,2,1,1
SF,IH2012,2020-05-29 09:34:14.500,2666.6000,3907,0,51128340.000,0,-,-,-,-,2666.2000,2665.0000,2662.8000,2662.6000,2662.0000,2668.2000,2669.0000,2670.0000,2673.4000,2673.6000,1,1,1,1,1,1,1,1,5,2
SF,IH2012,2020-05-29 09:34:15.000,2666.6000,3907,0,51128340.000,0,-,-,-,-,2666.4000,2665.0000,2662.8000,2662.6000,2662.0000,2668.2000,2669.0000,2670.0000,2673.4000,2673.6000,3,1,1,1,1,1,1,1,5,2
SF,IH2012,2020-05-29 09:34:15.500,2666.6000,3907,0,51128340.000,0,-,-,-,-,2666.4000,2665.0000,2662.8000,2662.6000,2662.0000,2669.0000,2670.0000,2673.4000,2673.6000,2674.6000,3,1,1,1,1,1,1,5,2,1
SF,IH2012,2020-05-29 09:34:20.000,2666.6000,3907,0,51128340.000,0,-,-,-,-,2666.4000,2665.0000,2662.8000,2662.6000,2662.0000,2669.0000,2670.0000,2673.4000,2673.6000,2674.6000,3,2,1,1,1,1,1,5,2,1
SF,IH2012,2020-05-29 09:34:21.000,2666.6000,3907,0,51128340.000,0,-,-,-,-,2666.4000,2665.0000,2662.8000,2662.6000,2662.0000,2670.0000,2673.4000,2673.6000,2674.6000,2675.0000,1,2,1,1,1,1,5,2,1,1
SF,IH2012,2020-05-29 09:34:21.500,2666.6000,3907,0,51128340.000,0,-,-,-,-,2666.4000,2665.0000,2662.8000,2662.6000,2662.0000,2669.4000,2669.6000,2669.8000,2670.0000,2673.6000,1,2,1,1,1,1,5,1,1,2
SF,IH2012,2020-05-29 09:34:22.000,2666.6000,3907,0,51128340.000,0,-,-,-,-,2666.4000,2665.0000,2662.8000,2662.6000,2662.0000,2669.0000,2669.4000,2669.8000,2670.0000,2673.6000,1,2,1,1,1,5,1,1,1,2
SF,IH2012,2020-05-29 09:34:23.000,2666.6000,3907,0,51128340.000,0,-,-,-,-,2666.4000,2665.0000,2662.8000,2662.6000,2662.0000,2669.0000,2669.4000,2670.0000,2673.6000,2674.6000,1,2,1,1,1,5,1,1,2,1
SF,IH2012,2020-05-29 09:34:23.500,2666.6000,3907,0,51128340.000,0,-,-,-,-,2666.8000,2666.4000,2665.0000,2662.8000,2662.6000,2669.4000,2673.6000,2674.6000,2675.0000,2675.2000,1,1,2,1,1,1,2,1,1,5
SF,IH2012,2020-05-29 09:34:24.000,2666.6000,3907,0,51128340.000,0,-,-,-,-,2666.8000,2665.0000,2662.8000,2662.6000,2662.0000,2673.6000,2674.6000,2675.0000,2675.2000,2688.8000,2,2,1,1,1,2,1,1,5,1
SF,IH2012,2020-05-29 09:34:24.500,2666.6000,3907,0,51128340.000,0,-,-,-,-,2666.8000,2665.0000,2662.8000,2662.6000,2662.0000,2669.4000,2671.0000,2673.2000,2673.6000,2675.0000,1,2,1,1,1,1,1,5,1,1
SF,IH2012,2020-05-29 09:34:25.500,2666.6000,3907,0,51128340.000,0,-,-,-,-,2667.2000,2666.8000,2665.0000,2662.8000,2662.6000,2669.4000,2671.0000,2673.2000,2673.6000,2675.0000,1,1,2,1,1,1,1,5,1,1
SF,IH2012,2020-05-29 09:34:26.000,2666.6000,3907,0,51128340.000,0,-,-,-,-,2667.2000,2665.0000,2662.8000,2662.6000,2662.0000,2669.4000,2671.0000,2673.2000,2673.6000,2675.0000,2,2,1,1,1,1,1,5,1,1
SF,IH2012,2020-05-29 09:34:27.000,2666.6000,3907,0,51128340.000,0,-,-,-,-,2667.4000,2667.2000,2665.0000,2662.8000,2662.6000,2669.4000,2671.0000,2673.2000,2673.6000,2675.0000,1,2,2,1,1,1,1,5,1,1
SF,IH2012,2020-05-29 09:34:27.500,2666.6000,3907,0,51128340.000,0,-,-,-,-,2667.6000,2667.4000,2665.0000,2662.8000,2662.6000,2669.4000,2671.0000,2673.2000,2673.6000,2675.0000,2,1,2,1,1,1,1,5,1,1
SF,IH2012,2020-05-29 09:34:28.000,2666.6000,3907,0,51128340.000,0,-,-,-,-,2667.6000,2667.4000,2665.0000,2662.8000,2662.6000,2671.0000,2673.2000,2673.6000,2675.0000,2675.2000,2,1,2,1,1,1,5,1,1,5
SF,IH2012,2020-05-29 09:34:28.500,2666.6000,3907,0,51128340.000,0,-,-,-,-,2667.4000,2665.0000,2662.8000,2662.6000,2662.0000,2667.6000,2670.6000,2670.8000,2671.0000,2673.6000,1,2,1,1,1,1,5,1,1,1
SF,IH2012,2020-05-29 09:34:29.000,2667.6000,3907,0,51928620.000,1,0,1,多换,S,2667.6000,2667.4000,2665.0000,2662.8000,2662.6000,2670.6000,2670.8000,2671.0000,2673.6000,2675.0000,2,1,2,1,1,5,1,1,1,1
SF,IH2012,2020-05-29 09:34:29.500,2667.6000,3907,0,51928620.000,0,-,-,-,-,2667.6000,2665.8000,2665.0000,2662.8000,2662.6000,2669.6000,2670.6000,2670.8000,2673.6000,2675.0000,2,1,2,1,1,1,5,1,1,1
SF,IH2012,2020-05-29 09:34:30.000,2667.6000,3907,0,51928620.000,0,-,-,-,-,2667.6000,2665.8000,2665.0000,2662.8000,2662.6000,2669.2000,2669.6000,2670.4000,2670.8000,2673.6000,2,1,2,1,1,5,1,1,1,1
SF,IH2012,2020-05-29 09:34:30.500,2667.6000,3907,0,52728900.000,1,0,1,多换,S,2665.8000,2665.0000,2662.8000,2662.6000,2662.0000,2669.2000,2669.6000,2670.4000,2670.8000,2673.6000,1,2,1,1,1,5,1,1,1,1
SF,IH2012,2020-05-29 09:34:31.000,2667.6000,3907,0,52728900.000,0,-,-,-,-,2666.6000,2665.8000,2665.0000,2662.8000,2662.6000,2667.6000,2668.4000,2669.2000,2670.4000,2670.8000,1,1,2,1,1,1,1,5,1,1
SF,IH2012,2020-05-29 09:34:31.500,2667.6000,3907,0,52728900.000,0,-,-,-,-,2666.6000,2665.8000,2665.0000,2662.8000,2662.6000,2667.6000,2668.4000,2669.2000,2670.4000,2673.6000,1,1,2,1,1,1,1,5,1,1
SF,IH2012,2020-05-29 09:34:32.000,2667.6000,3907,0,52728900.000,0,-,-,-,-,2666.6000,2665.8000,2665.0000,2662.8000,2662.6000,2667.6000,2668.4000,2669.2000,2669.6000,2670.4000,1,1,2,1,1,1,1,5,1,1
SF,IH2012,2020-05-29 09:34:32.500,2667.6000,3907,0,52728900.000,0,-,-,-,-,2666.0000,2665.8000,2665.0000,2662.8000,2662.6000,2667.6000,2668.4000,2669.2000,2669.6000,2670.4000,1,1,2,1,1,1,1,5,1,1
SF,IH2012,2020-05-29 09:34:33.000,2667.6000,3907,0,52728900.000,0,-,-,-,-,2666.2000,2666.0000,2665.8000,2665.0000,2664.6000,2667.6000,2668.4000,2669.2000,2669.6000,2670.4000,2,1,1,2,1,1,1,5,1,1
SF,IH2012,2020-05-29 09:34:35.500,2667.6000,3907,0,52728900.000,0,-,-,-,-,2666.2000,2665.8000,2665.0000,2664.6000,2662.8000,2667.6000,2668.4000,2669.2000,2669.6000,2670.4000,2,1,2,1,1,1,1,5,1,1
SF,IH2012,2020-05-29 09:34:36.000,2666.2000,3907,0,53528760.000,1,0,1,多换,S,2666.2000,2665.8000,2665.0000,2664.6000,2662.8000,2667.6000,2668.4000,2669.2000,2669.6000,2670.4000,1,1,2,1,1,1,1,5,1,1
SF,IH2012,2020-05-29 09:34:37.000,2666.2000,3907,0,53528760.000,0,-,-,-,-,2666.2000,2665.8000,2665.0000,2664.6000,2662.6000,2667.6000,2668.4000,2669.2000,2669.6000,2670.4000,1,1,2,1,1,1,1,5,1,1
SF,IH2012,2020-05-29 09:34:39.000,2666.2000,3907,0,53528760.000,0,-,-,-,-,2665.8000,2665.0000,2664.6000,2662.6000,2662.0000,2667.6000,2668.4000,2669.2000,2669.6000,2670.4000,2,2,1,1,1,1,1,5,1,1
SF,IH2012,2020-05-29 09:34:39.500,2666.2000,3907,0,53528760.000,0,-,-,-,-,2666.0000,2665.8000,2665.0000,2664.6000,2662.6000,2667.6000,2668.4000,2669.2000,2669.6000,2670.4000,1,2,2,1,1,1,1,5,1,1
SF,IH2012,2020-05-29 09:34:40.500,2666.2000,3907,0,53528760.000,0,-,-,-,-,2666.2000,2666.0000,2665.8000,2665.0000,2664.6000,2667.6000,2668.4000,2669.2000,2669.6000,2670.4000,1,1,2,2,1,1,1,5,1,1
SF,IH2012,2020-05-29 09:34:41.000,2666.2000,3907,0,53528760.000,0,-,-,-,-,2666.0000,2665.8000,2665.0000,2664.6000,2662.6000,2667.6000,2668.4000,2669.2000,2669.6000,2670.4000,1,2,2,1,1,1,1,5,1,1
SF,IH2012,2020-05-29 09:34:41.500,2666.2000,3907,0,53528760.000,0,-,-,-,-,2665.8000,2665.0000,2664.6000,2662.6000,2662.0000,2666.2000,2667.6000,2668.4000,2669.2000,2669.6000,2,2,1,1,1,1,1,1,5,1
SF,IH2012,2020-05-29 09:34:42.000,2666.2000,3907,0,54328620.000,1,0,1,多换,S,2665.8000,2665.0000,2664.6000,2662.6000,2662.0000,2667.6000,2669.2000,2670.4000,2673.6000,2675.0000,2,2,1,1,1,1,5,1,1,1
SF,IH2012,2020-05-29 09:34:42.500,2666.2000,3907,0,54328620.000,0,-,-,-,-,2665.8000,2665.0000,2664.6000,2662.6000,2662.0000,2667.6000,2668.4000,2669.2000,2670.4000,2673.6000,1,2,1,1,1,2,1,5,1,1
SF,IH2012,2020-05-29 09:34:43.000,2666.2000,3907,0,54328620.000,0,-,-,-,-,2665.8000,2665.0000,2664.6000,2662.6000,2662.0000,2667.4000,2667.6000,2668.4000,2669.2000,2670.4000,1,2,1,1,1,1,2,1,5,1
SF,IH2012,2020-05-29 09:34:43.500,2665.8000,3906,-1,55128360.000,1,0,1,双平,S,2665.0000,2664.6000,2662.6000,2662.0000,2661.6000,2665.8000,2667.2000,2667.4000,2667.6000,2668.4000,2,1,1,1,1,1,6,2,1,1
SF,IH2012,2020-05-29 09:34:44.000,2665.0000,3904,-2,56727360.000,2,0,2,双平,S,2664.6000,2662.6000,2662.0000,2661.6000,2660.6000,2665.8000,2667.2000,2667.6000,2670.4000,2673.6000,1,1,1,1,1,2,5,1,1,1
SF,IH2012,2020-05-29 09:34:44.500,2665.0000,3904,0,56727360.000,0,-,-,-,-,2663.2000,2662.6000,2662.0000,2661.6000,2660.6000,2665.8000,2667.2000,2667.6000,2670.4000,2673.6000,1,1,1,1,1,2,5,1,1,1
SF,IH2012,2020-05-29 09:34:45.000,2665.0000,3904,0,56727360.000,0,-,-,-,-,2664.4000,2663.6000,2663.2000,2662.6000,2662.0000,2665.6000,2665.8000,2667.2000,2667.6000,2670.4000,1,1,1,1,2,1,2,5,1,1
SF,IH2012,2020-05-29 09:34:45.500,2665.0000,3904,0,56727360.000,0,-,-,-,-,2664.4000,2663.2000,2662.6000,2662.0000,2661.6000,2665.6000,2665.8000,2667.2000,2667.6000,2670.4000,1,1,1,1,1,2,1,5,1,1
SF,IH2012,2020-05-29 09:34:46.000,2665.0000,3904,0,57526860.000,1,0,1,多换,S,2663.2000,2662.6000,2662.0000,2661.6000,2660.6000,2665.6000,2665.8000,2667.2000,2667.6000,2670.4000,1,1,1,1,1,2,1,5,1,1
SF,IH2012,2020-05-29 09:34:46.500,2665.4000,3903,-1,58326480.000,1,0,1,双平,S,2663.4000,2663.2000,2662.6000,2662.0000,2661.6000,2665.6000,2665.8000,2667.2000,2667.6000,2670.4000,3,1,1,1,1,1,1,5,1,1
SF,IH2012,2020-05-29 09:34:48.000,2665.4000,3903,0,58326480.000,0,-,-,-,-,2663.4000,2663.2000,2662.6000,2662.0000,2661.6000,2665.4000,2665.6000,2665.8000,2667.2000,2667.6000,3,1,1,1,1,1,1,1,5,6
SF,IH2012,2020-05-29 09:34:48.500,2665.4000,3903,0,58326480.000,0,-,-,-,-,2663.4000,2663.2000,2662.6000,2662.0000,2661.6000,2665.4000,2667.2000,2667.6000,2670.4000,2673.6000,2,1,1,1,1,2,5,6,1,1
SF,IH2012,2020-05-29 09:34:49.000,2665.4000,3903,0,58326480.000,0,-,-,-,-,2663.4000,2663.2000,2662.6000,2662.0000,2661.6000,2665.2000,2665.4000,2667.2000,2667.6000,2670.4000,2,1,1,1,1,1,2,5,6,1
SF,IH2012,2020-05-29 09:34:49.500,2665.4000,3903,0,58326480.000,0,-,-,-,-,2663.4000,2663.2000,2662.6000,2662.0000,2661.6000,2665.2000,2665.4000,2667.2000,2667.6000,2670.4000,1,1,1,1,1,2,1,5,5,1
SF,IH2012,2020-05-29 09:34:50.000,2665.4000,3903,0,58326480.000,0,-,-,-,-,2663.4000,2663.2000,2662.6000,2662.0000,2661.6000,2665.0000,2665.2000,2665.4000,2667.2000,2667.6000,1,1,1,1,1,1,1,1,5,5
SF,IH2012,2020-05-29 09:34:50.500,2663.4000,3903,0,59125500.000,1,0,1,多换,S,2663.2000,2662.6000,2662.0000,2661.6000,2661.2000,2664.8000,2665.0000,2665.4000,2667.2000,2667.6000,1,1,1,1,1,1,1,1,5,5
SF,IH2012,2020-05-29 09:34:51.000,2663.4000,3903,0,59125500.000,0,-,-,-,-,2663.2000,2662.6000,2662.0000,2661.6000,2661.2000,2664.6000,2664.8000,2665.4000,2667.2000,2667.6000,1,1,1,1,1,1,1,1,5,5
SF,IH2012,2020-05-29 09:34:51.500,2663.4000,3903,0,59125500.000,0,-,-,-,-,2663.2000,2662.6000,2662.0000,2661.6000,2661.2000,2664.6000,2665.4000,2666.0000,2667.2000,2667.6000,1,1,1,1,1,2,1,1,5,5
SF,IH2012,2020-05-29 09:34:52.500,2663.2000,3903,0,59924460.000,1,0,1,多换,S,2662.6000,2662.0000,2661.6000,2661.2000,2660.6000,2664.6000,2665.4000,2666.0000,2667.2000,2667.6000,1,1,1,1,1,2,1,1,5,5
SF,IH2012,2020-05-29 09:34:53.000,2664.6000,3902,-1,61523220.000,2,0,2,多平,S,2663.0000,2662.8000,2662.6000,2662.0000,2661.6000,2664.4000,2666.0000,2667.2000,2667.6000,2670.4000,1,2,1,1,1,1,1,5,5,1
SF,IH2012,2020-05-29 09:34:53.500,2664.6000,3902,0,61523220.000,0,-,-,-,-,2663.0000,2662.8000,2662.6000,2662.0000,2661.6000,2666.0000,2667.2000,2667.6000,2670.4000,2673.6000,1,2,1,1,1,1,5,5,1,1
SF,IH2012,2020-05-29 09:34:54.000,2664.6000,3902,0,61523220.000,0,-,-,-,-,2663.0000,2662.6000,2662.0000,2661.6000,2661.2000,2665.8000,2666.0000,2667.2000,2667.6000,2670.4000,1,1,1,1,1,2,1,5,5,1
SF,IH2012,2020-05-29 09:34:54.500,2664.6000,3902,0,61523220.000,0,-,-,-,-,2663.0000,2662.6000,2662.0000,2661.6000,2661.2000,2665.8000,2666.0000,2667.2000,2667.6000,2670.4000,1,1,1,1,1,3,1,5,5,1
SF,IH2012,2020-05-29 09:34:55.500,2665.8000,3902,0,62322960.000,1,0,1,多换,S,2663.2000,2663.0000,2662.6000,2662.0000,2661.6000,2665.8000,2666.0000,2667.2000,2667.6000,2670.4000,1,1,1,1,1,2,1,5,5,1
SF,IH2012,2020-05-29 09:34:56.500,2665.8000,3902,0,62322960.000,0,-,-,-,-,2663.2000,2663.0000,2662.6000,2662.0000,2661.6000,2665.8000,2666.0000,2667.2000,2667.6000,2670.4000,2,1,1,1,1,2,1,5,5,1
SF,IH2012,2020-05-29 09:34:57.000,2665.8000,3902,0,62322960.000,0,-,-,-,-,2663.2000,2663.0000,2662.6000,2662.0000,2661.6000,2665.6000,2665.8000,2666.0000,2667.2000,2667.6000,2,1,1,1,1,1,2,1,5,5
SF,IH2012,2020-05-29 09:34:57.500,2665.8000,3902,0,62322960.000,0,-,-,-,-,2663.2000,2663.0000,2662.6000,2662.0000,2661.6000,2665.6000,2665.8000,2666.0000,2667.2000,2667.6000,2,1,1,1,1,2,1,1,5,5
SF,IH2012,2020-05-29 09:34:58.000,2665.8000,3902,0,62322960.000,0,-,-,-,-,2663.2000,2663.0000,2662.6000,2662.0000,2661.6000,2665.4000,2665.6000,2665.8000,2666.0000,2667.2000,2,1,1,1,1,1,2,1,1,5
SF,IH2012,2020-05-29 09:34:58.500,2665.8000,3902,0,62322960.000,0,-,-,-,-,2663.2000,2663.0000,2662.6000,2662.0000,2661.6000,2665.4000,2665.6000,2665.8000,2666.0000,2667.6000,1,1,1,1,1,6,2,1,1,5
SF,IH2012,2020-05-29 09:34:59.000,2665.8000,3902,0,62322960.000,0,-,-,-,-,2664.0000,2663.2000,2663.0000,2662.6000,2662.0000,2665.4000,2665.6000,2665.8000,2666.0000,2667.6000,1,1,1,1,1,6,2,1,1,5
SF,IH2012,2020-05-29 09:34:59.500,2664.0000,3903,1,63122160.000,1,1,0,双开,S,2663.2000,2663.0000,2662.6000,2662.0000,2661.6000,2665.2000,2665.4000,2665.6000,2665.8000,2666.0000,1,1,1,1,1,2,1,1,1,1
SF,IH2012,2020-05-29 09:35:00.000,2664.0000,3903,0,63122160.000,0,-,-,-,-,2663.2000,2663.0000,2662.6000,2662.0000,2661.6000,2665.6000,2665.8000,2666.0000,2667.6000,2670.4000,1,1,1,1,1,1,1,1,5,1
SF,IH2012,2020-05-29 09:35:00.500,2664.0000,3903,0,63122160.000,0,-,-,-,-,2663.4000,2663.2000,2663.0000,2662.6000,2662.0000,2665.6000,2665.8000,2666.0000,2667.6000,2670.4000,3,1,1,1,1,1,1,1,5,1
SF,IH2012,2020-05-29 09:35:01.000,2664.0000,3903,0,63122160.000,0,-,-,-,-,2663.6000,2663.0000,2662.6000,2662.0000,2661.6000,2665.2000,2665.4000,2665.6000,2665.8000,2666.0000,1,1,1,1,1,5,1,1,1,1
SF,IH2012,2020-05-29 09:35:01.500,2663.6000,3903,0,63921240.000,1,0,1,多换,S,2663.0000,2662.6000,2662.0000,2661.6000,2660.6000,2665.2000,2665.4000,2665.6000,2665.8000,2666.0000,1,1,1,1,1,5,1,1,1,1
SF,IH2012,2020-05-29 09:35:02.000,2663.6000,3903,0,63921240.000,0,-,-,-,-,2663.0000,2662.6000,2662.0000,2661.6000,2660.6000,2665.4000,2665.6000,2665.8000,2666.0000,2667.6000,1,1,1,1,1,1,1,1,1,5
SF,IH2012,2020-05-29 09:35:03.500,2663.0000,3904,1,64720140.000,1,1,0,双开,S,2662.6000,2662.0000,2661.6000,2660.6000,2660.0000,2665.0000,2665.2000,2665.4000,2665.6000,2665.8000,1,1,1,1,3,5,1,1,1,1
SF,IH2012,2020-05-29 09:35:04.000,2663.0000,3904,0,64720140.000,0,-,-,-,-,2662.6000,2662.0000,2661.6000,2660.6000,2660.0000,2665.2000,2665.6000,2665.8000,2666.0000,2667.6000,1,1,1,1,3,1,1,1,1,5
SF,IH2012,2020-05-29 09:35:04.500,2663.0000,3904,0,64720140.000,0,-,-,-,-,2662.8000,2662.6000,2662.0000,2661.6000,2660.6000,2664.8000,2665.8000,2666.0000,2667.6000,2670.4000,3,1,1,1,1,1,1,1,5,1
SF,IH2012,2020-05-29 09:35:05.000,2664.8000,3903,-1,65519580.000,1,0,1,双平,S,2663.0000,2662.8000,2662.6000,2662.0000,2661.6000,2665.8000,2666.0000,2667.6000,2670.4000,2673.6000,2,1,1,1,1,1,1,5,1,1
SF,IH2012,2020-05-29 09:35:05.500,2664.8000,3903,0,65519580.000,0,-,-,-,-,2664.8000,2662.6000,2662.0000,2661.6000,2660.6000,2665.8000,2666.0000,2670.4000,2671.4000,2673.6000,1,1,1,1,1,1,1,1,5,1
SF,IH2012,2020-05-29 09:35:06.000,2664.8000,3902,-1,66319020.000,1,0,1,双平,S,2662.6000,2662.0000,2661.6000,2660.6000,2660.0000,2666.0000,2670.4000,2671.4000,2673.6000,2675.0000,1,1,1,1,3,1,1,5,1,1
SF,IH2012,2020-05-29 09:35:06.500,2664.8000,3902,0,66319020.000,0,-,-,-,-,2663.0000,2662.6000,2662.0000,2661.6000,2660.6000,2665.6000,2666.0000,2670.4000,2671.4000,2673.6000,1,1,1,1,1,5,1,1,5,1
SF,IH2012,2020-05-29 09:35:07.000,2664.8000,3902,0,66319020.000,0,-,-,-,-,2663.4000,2663.0000,2662.6000,2662.0000,2661.6000,2666.0000,2670.4000,2671.4000,2673.6000,2675.0000,2,1,1,1,1,1,1,5,1,1
SF,IH2012,2020-05-29 09:35:07.500,2664.8000,3902,0,66319020.000,0,-,-,-,-,2663.4000,2662.6000,2662.0000,2661.6000,2660.6000,2666.0000,2670.4000,2671.4000,2673.6000,2675.0000,2,1,1,1,1,1,1,5,1,1
SF,IH2012,2020-05-29 09:35:08.000,2664.8000,3902,0,66319020.000,0,-,-,-,-,2664.0000,2663.8000,2662.6000,2662.0000,2661.6000,2666.0000,2670.4000,2671.4000,2673.6000,2675.0000,1,2,1,1,1,1,1,5,1,1
SF,IH2012,2020-05-29 09:35:08.500,2664.8000,3902,0,66319020.000,0,-,-,-,-,2664.2000,2662.6000,2662.0000,2661.6000,2660.6000,2666.0000,2670.4000,2671.4000,2673.6000,2675.0000,2,1,1,1,1,1,1,5,1,1
SF,IH2012,2020-05-29 09:35:11.000,2666.0000,3901,-1,67118820.000,1,0,1,双平,S,2664.8000,2664.2000,2662.6000,2662.0000,2661.6000,2670.4000,2671.4000,2673.6000,2675.0000,2681.4000,1,2,1,1,1,1,5,1,1,1
SF,IH2012,2020-05-29 09:35:11.500,2666.0000,3901,0,67118820.000,0,-,-,-,-,2666.0000,2664.8000,2662.6000,2662.0000,2661.6000,2667.4000,2670.0000,2670.2000,2670.4000,2671.4000,1,1,1,1,1,1,5,1,1,5
SF,IH2012,2020-05-29 09:35:12.500,2666.0000,3901,0,67918620.000,1,0,1,多换,S,2664.8000,2662.6000,2662.0000,2661.6000,2660.6000,2667.4000,2670.0000,2670.4000,2671.4000,2673.6000,1,1,1,1,1,1,5,1,5,1
SF,IH2012,2020-05-29 09:35:14.000,2666.0000,3901,0,67918620.000,0,-,-,-,-,2665.2000,2664.8000,2662.6000,2662.0000,2661.6000,2667.4000,2670.0000,2670.4000,2671.4000,2673.6000,2,1,1,1,1,1,5,1,5,1
SF,IH2012,2020-05-29 09:35:15.000,2666.0000,3901,0,67918620.000,0,-,-,-,-,2665.6000,2662.6000,2662.0000,2661.6000,2660.6000,2670.0000,2670.4000,2671.4000,2673.6000,2675.0000,2,1,1,1,1,5,1,5,1,1
SF,IH2012,2020-05-29 09:35:15.500,2666.0000,3901,0,67918620.000,0,-,-,-,-,2665.8000,2662.6000,2662.0000,2661.6000,2660.6000,2669.2000,2669.8000,2670.0000,2671.4000,2673.6000,1,1,1,1,1,1,1,5,5,1
SF,IH2012,2020-05-29 09:35:16.000,2666.0000,3901,0,67918620.000,0,-,-,-,-,2665.8000,2662.6000,2662.0000,2661.6000,2660.6000,2668.8000,2669.2000,2669.8000,2670.0000,2671.4000,1,1,1,1,1,5,1,1,1,5
SF,IH2012,2020-05-29 09:35:16.500,2666.0000,3901,0,67918620.000,0,-,-,-,-,2665.8000,2662.6000,2662.0000,2661.6000,2660.6000,2669.2000,2669.8000,2670.0000,2671.4000,2673.6000,1,1,1,1,1,1,1,1,5,1
SF,IH2012,2020-05-29 09:35:17.000,2666.0000,3901,0,67918620.000,0,-,-,-,-,2665.8000,2662.6000,2662.0000,2661.6000,2660.6000,2669.2000,2670.0000,2671.4000,2673.6000,2675.0000,1,1,1,1,1,1,1,5,1,1
SF,IH2012,2020-05-29 09:35:17.500,2666.0000,3901,0,67918620.000,0,-,-,-,-,2665.8000,2662.6000,2662.0000,2661.6000,2660.6000,2669.2000,2671.4000,2673.6000,2675.0000,2681.4000,1,1,1,1,1,1,5,1,1,1
SF,IH2012,2020-05-29 09:35:18.000,2666.0000,3901,0,67918620.000,0,-,-,-,-,2665.8000,2662.6000,2662.0000,2661.6000,2660.6000,2669.0000,2669.2000,2671.4000,2673.6000,2675.0000,1,1,1,1,1,1,1,5,1,1
SF,IH2012,2020-05-29 09:35:19.000,2666.0000,3901,0,67918620.000,0,-,-,-,-,2665.8000,2662.6000,2662.0000,2661.6000,2660.6000,2669.0000,2671.4000,2673.6000,2675.0000,2681.4000,1,1,1,1,1,1,5,1,1,1
SF,IH2012,2020-05-29 09:35:19.500,2666.0000,3901,0,67918620.000,0,-,-,-,-,2665.8000,2662.6000,2662.0000,2661.6000,2660.6000,2668.8000,2671.4000,2673.6000,2675.0000,2681.4000,1,1,1,1,1,1,5,1,1,1
SF,IH2012,2020-05-29 09:35:20.500,2666.0000,3901,0,67918620.000,0,-,-,-,-,2665.8000,2662.6000,2662.0000,2661.6000,2660.6000,2668.8000,2669.8000,2671.4000,2673.6000,2675.0000,1,1,1,1,1,1,1,5,1,1
SF,IH2012,2020-05-29 09:35:21.000,2666.0000,3901,0,67918620.000,0,-,-,-,-,2665.8000,2662.6000,2662.0000,2661.6000,2660.6000,2668.6000,2669.8000,2671.4000,2673.6000,2675.0000,1,1,1,1,1,1,1,5,1,1
SF,IH2012,2020-05-29 09:35:21.500,2666.0000,3901,0,67918620.000,0,-,-,-,-,2666.0000,2665.8000,2662.6000,2662.0000,2661.6000,2668.6000,2669.8000,2671.4000,2673.6000,2675.0000,1,1,1,1,1,1,1,5,1,1
SF,IH2012,2020-05-29 09:35:22.000,2666.0000,3901,0,67918620.000,0,-,-,-,-,2666.0000,2662.6000,2662.0000,2661.6000,2660.6000,2668.6000,2669.8000,2671.4000,2673.6000,2675.0000,1,1,1,1,1,1,1,5,1,1
SF,IH2012,2020-05-29 09:35:22.500,2666.0000,3901,0,67918620.000,0,-,-,-,-,2666.2000,2666.0000,2662.6000,2662.0000,2661.6000,2668.4000,2668.6000,2669.8000,2671.4000,2673.6000,1,1,1,1,1,1,1,1,5,1
SF,IH2012,2020-05-29 09:35:23.500,2666.0000,3901,0,67918620.000,0,-,-,-,-,2666.0000,2662.6000,2662.0000,2661.6000,2660.6000,2668.0000,2668.4000,2668.6000,2669.8000,2671.4000,1,1,1,1,1,5,1,1,1,5
SF,IH2012,2020-05-29 09:35:24.000,2666.0000,3900,-1,68718420.000,1,0,1,双平,S,2662.6000,2662.0000,2661.6000,2660.6000,2660.0000,2667.8000,2668.0000,2668.6000,2669.8000,2671.4000,1,1,1,1,3,1,5,1,1,5
SF,IH2012,2020-05-29 09:35:24.500,2666.0000,3900,0,68718420.000,0,-,-,-,-,2665.0000,2662.6000,2662.0000,2661.6000,2660.6000,2666.0000,2667.8000,2668.0000,2668.6000,2669.8000,1,1,1,1,1,1,1,5,1,1
SF,IH2012,2020-05-29 09:35:25.000,2666.0000,3900,0,68718420.000,0,-,-,-,-,2662.6000,2662.0000,2661.6000,2660.6000,2660.0000,2666.0000,2667.4000,2667.8000,2669.8000,2671.4000,1,1,1,1,3,1,5,1,1,5
SF,IH2012,2020-05-29 09:35:25.500,2666.0000,3900,0,68718420.000,0,-,-,-,-,2665.0000,2662.6000,2662.0000,2661.6000,2660.6000,2665.8000,2666.0000,2669.8000,2671.4000,2673.6000,1,1,1,1,1,1,1,1,5,1
SF,IH2012,2020-05-29 09:35:26.000,2665.8000,3899,-1,69518160.000,1,0,1,双平,S,2662.6000,2662.0000,2661.6000,2660.6000,2660.0000,2666.0000,2669.8000,2671.4000,2673.6000,2675.0000,1,1,1,1,3,1,1,5,1,1
SF,IH2012,2020-05-29 09:35:26.500,2665.8000,3899,0,69518160.000,0,-,-,-,-,2665.2000,2662.8000,2662.6000,2662.0000,2661.6000,2669.8000,2671.4000,2673.6000,2675.0000,2681.4000,1,1,1,1,1,1,5,1,1,1
SF,IH2012,2020-05-29 09:35:27.000,2665.8000,3899,0,69518160.000,0,-,-,-,-,2666.0000,2665.4000,2665.2000,2662.6000,2662.0000,2668.8000,2669.4000,2669.8000,2671.4000,2673.6000,1,1,1,1,1,1,5,1,5,1
SF,IH2012,2020-05-29 09:35:27.500,2665.8000,3899,0,69518160.000,0,-,-,-,-,2666.2000,2666.0000,2665.2000,2662.6000,2662.0000,2668.4000,2669.8000,2671.4000,2673.6000,2675.0000,1,1,1,1,1,5,1,5,1,1
SF,IH2012,2020-05-29 09:35:28.000,2665.8000,3899,0,69518160.000,0,-,-,-,-,2666.2000,2666.0000,2665.2000,2662.6000,2662.0000,2669.8000,2671.4000,2673.6000,2675.0000,2681.4000,1,1,1,1,1,1,5,1,1,1
SF,IH2012,2020-05-29 09:35:28.500,2665.8000,3899,0,69518160.000,0,-,-,-,-,2666.2000,2666.0000,2665.2000,2662.6000,2662.0000,2669.2000,2669.4000,2669.8000,2671.4000,2673.6000,1,1,1,1,1,1,5,1,5,1
SF,IH2012,2020-05-29 09:35:29.000,2665.8000,3899,0,69518160.000,0,-,-,-,-,2666.2000,2666.0000,2665.2000,2662.6000,2662.0000,2668.8000,2669.2000,2669.8000,2671.4000,2673.6000,1,1,1,1,1,5,1,1,5,1
SF,IH2012,2020-05-29 09:35:30.000,2665.8000,3899,0,69518160.000,0,-,-,-,-,2666.2000,2666.0000,2662.6000,2662.0000,2661.6000,2669.2000,2669.8000,2671.4000,2673.6000,2675.0000,2,1,1,1,1,1,1,5,1,1
SF,IH2012,2020-05-29 09:35:30.500,2665.8000,3899,0,69518160.000,0,-,-,-,-,2666.2000,2666.0000,2662.6000,2662.0000,2661.6000,2668.8000,2669.2000,2669.8000,2671.4000,2673.6000,2,1,1,1,1,5,1,1,5,1
SF,IH2012,2020-05-29 09:35:31.000,2665.8000,3899,0,69518160.000,0,-,-,-,-,2666.2000,2666.0000,2662.6000,2662.0000,2661.6000,2668.6000,2668.8000,2669.8000,2671.4000,2673.6000,2,1,1,1,1,1,5,1,5,1
SF,IH2012,2020-05-29 09:35:32.500,2665.8000,3899,0,69518160.000,0,-,-,-,-,2666.2000,2666.0000,2662.6000,2662.0000,2661.6000,2668.8000,2669.8000,2671.4000,2673.6000,2675.0000,2,1,1,1,1,5,1,5,1,1
SF,IH2012,2020-05-29 09:35:33.000,2665.8000,3899,0,69518160.000,0,-,-,-,-,2666.4000,2666.2000,2666.0000,2662.6000,2662.0000,2669.8000,2671.4000,2673.6000,2675.0000,2681.4000,2,2,1,1,1,1,5,1,1,1
SF,IH2012,2020-05-29 09:35:33.500,2665.8000,3899,0,69518160.000,0,-,-,-,-,2666.6000,2666.2000,2666.0000,2662.6000,2662.0000,2669.4000,2669.6000,2669.8000,2671.4000,2673.6000,1,1,1,1,1,5,1,1,5,1
SF,IH2012,2020-05-29 09:35:34.000,2665.8000,3899,0,69518160.000,0,-,-,-,-,2666.6000,2666.2000,2666.0000,2662.6000,2662.0000,2669.4000,2669.6000,2669.8000,2671.4000,2673.6000,1,1,1,1,1,5,2,1,5,1
SF,IH2012,2020-05-29 09:35:36.500,2665.8000,3899,0,69518160.000,0,-,-,-,-,2666.6000,2666.0000,2662.6000,2662.0000,2661.6000,2669.4000,2669.6000,2669.8000,2671.4000,2673.6000,1,1,1,1,1,5,1,1,5,1
SF,IH2012,2020-05-29 09:35:37.000,2665.8000,3899,0,69518160.000,0,-,-,-,-,2666.6000,2666.0000,2662.6000,2662.0000,2661.6000,2668.8000,2669.2000,2669.4000,2669.6000,2669.8000,1,1,1,1,1,1,1,5,1,1
SF,IH2012,2020-05-29 09:35:37.500,2665.8000,3899,0,69518160.000,0,-,-,-,-,2666.6000,2666.0000,2662.6000,2662.0000,2661.6000,2667.8000,2668.4000,2668.8000,2669.2000,2669.6000,1,1,1,1,1,1,5,1,1,1
SF,IH2012,2020-05-29 09:35:38.000,2665.8000,3899,0,69518160.000,0,-,-,-,-,2666.0000,2662.6000,2662.0000,2661.6000,2660.6000,2667.8000,2668.4000,2668.8000,2669.2000,2669.8000,1,1,1,1,1,1,5,1,1,1
SF,IH2012,2020-05-29 09:35:38.500,2665.8000,3899,0,69518160.000,0,-,-,-,-,2666.0000,2662.6000,2662.0000,2661.6000,2660.6000,2667.8000,2668.8000,2669.2000,2669.8000,2671.4000,2,1,1,1,1,1,1,1,1,5
SF,IH2012,2020-05-29 09:35:39.000,2665.8000,3899,0,69518160.000,0,-,-,-,-,2666.2000,2666.0000,2662.6000,2662.0000,2661.6000,2667.8000,2668.8000,2669.8000,2671.4000,2673.6000,1,2,1,1,1,1,1,1,5,1
SF,IH2012,2020-05-29 09:35:39.500,2665.8000,3899,0,69518160.000,0,-,-,-,-,2666.2000,2666.0000,2662.6000,2662.0000,2661.6000,2667.8000,2668.8000,2669.8000,2671.4000,2673.6000,1,1,1,1,1,1,1,1,5,1
SF,IH2012,2020-05-29 09:35:40.000,2665.8000,3899,0,69518160.000,0,-,-,-,-,2666.4000,2666.0000,2662.6000,2662.0000,2661.6000,2667.8000,2669.8000,2671.4000,2673.6000,2675.0000,3,1,1,1,1,1,1,5,1,1
SF,IH2012,2020-05-29 09:35:41.000,2665.8000,3899,0,69518160.000,0,-,-,-,-,2666.4000,2666.0000,2662.6000,2662.0000,2661.6000,2667.8000,2669.8000,2671.4000,2673.6000,2675.0000,1,1,1,1,1,1,1,5,1,1
SF,IH2012,2020-05-29 09:35:41.500,2665.8000,3899,0,69518160.000,0,-,-,-,-,2666.0000,2662.6000,2662.0000,2661.6000,2660.6000,2667.8000,2669.8000,2671.4000,2673.6000,2675.0000,1,1,1,1,1,1,1,5,1,1
SF,IH2012,2020-05-29 09:35:42.500,2666.0000,3899,0,70317960.000,1,0,1,多换,S,2666.0000,2662.6000,2662.0000,2661.6000,2660.6000,2667.8000,2669.8000,2671.4000,2673.6000,2675.0000,1,1,1,1,1,1,1,5,1,1
SF,IH2012,2020-05-29 09:35:43.500,2666.0000,3899,0,70317960.000,0,-,-,-,-,2666.2000,2666.0000,2662.6000,2662.0000,2661.6000,2667.8000,2669.8000,2671.4000,2673.6000,2675.0000,1,1,1,1,1,1,1,5,1,1
SF,IH2012,2020-05-29 09:35:44.000,2666.0000,3899,0,70317960.000,0,-,-,-,-,2666.4000,2666.2000,2666.0000,2662.6000,2662.0000,2667.8000,2669.8000,2671.4000,2673.6000,2675.0000,1,1,1,1,1,1,1,5,1,1
SF,IH2012,2020-05-29 09:35:44.500,2666.0000,3899,0,70317960.000,0,-,-,-,-,2666.0000,2662.6000,2662.0000,2661.6000,2660.6000,2667.8000,2669.8000,2671.4000,2673.6000,2675.0000,1,1,1,1,1,1,1,5,1,1
SF,IH2012,2020-05-29 09:35:45.000,2666.0000,3899,0,70317960.000,0,-,-,-,-,2666.2000,2666.0000,2662.6000,2662.0000,2661.6000,2669.8000,2671.4000,2673.6000,2675.0000,2681.4000,1,1,1,1,1,1,5,1,1,1
SF,IH2012,2020-05-29 09:35:45.500,2666.0000,3899,0,70317960.000,0,-,-,-,-,2666.4000,2666.2000,2666.0000,2662.6000,2662.0000,2669.0000,2669.4000,2669.8000,2671.4000,2673.6000,1,2,1,1,1,1,5,1,5,1
SF,IH2012,2020-05-29 09:35:46.000,2666.0000,3899,0,70317960.000,0,-,-,-,-,2666.4000,2666.2000,2666.0000,2662.6000,2662.0000,2669.0000,2669.4000,2669.8000,2671.4000,2673.6000,1,1,1,1,1,1,5,1,5,1
SF,IH2012,2020-05-29 09:35:46.500,2666.0000,3899,0,70317960.000,0,-,-,-,-,2666.4000,2666.2000,2666.0000,2662.6000,2662.0000,2668.6000,2669.0000,2669.4000,2669.8000,2671.4000,1,1,1,1,1,1,1,5,1,5
SF,IH2012,2020-05-29 09:35:47.000,2666.0000,3899,0,70317960.000,0,-,-,-,-,2666.4000,2666.2000,2666.0000,2662.6000,2662.0000,2668.2000,2668.6000,2668.8000,2669.0000,2669.8000,1,1,1,1,1,1,5,1,1,1
SF,IH2012,2020-05-29 09:35:47.500,2666.4000,3898,-1,71117880.000,1,0,1,双平,S,2666.0000,2662.6000,2662.2000,2662.0000,2661.6000,2668.0000,2668.4000,2668.8000,2669.0000,2669.8000,1,1,1,1,1,6,1,1,1,1
SF,IH2012,2020-05-29 09:35:48.000,2666.4000,3898,0,71117880.000,0,-,-,-,-,2666.0000,2662.6000,2662.2000,2662.0000,2661.6000,2667.8000,2668.0000,2668.8000,2669.8000,2671.4000,1,1,1,1,1,2,6,1,1,5
SF,IH2012,2020-05-29 09:35:48.500,2666.4000,3898,0,71117880.000,0,-,-,-,-,2666.0000,2662.6000,2662.2000,2662.0000,2661.6000,2667.8000,2668.0000,2668.8000,2669.8000,2671.4000,1,1,1,1,1,2,1,1,1,5
SF,IH2012,2020-05-29 09:35:49.000,2666.4000,3898,0,71117880.000,0,-,-,-,-,2666.0000,2662.6000,2662.2000,2662.0000,2661.6000,2667.6000,2667.8000,2668.8000,2669.8000,2671.4000,1,1,1,1,1,1,1,1,1,5
SF,IH2012,2020-05-29 09:35:49.500,2666.4000,3898,0,71117880.000,0,-,-,-,-,2666.0000,2662.6000,2662.2000,2662.0000,2661.6000,2667.4000,2667.8000,2668.8000,2669.8000,2671.4000,1,1,1,1,1,2,1,1,1,5
SF,IH2012,2020-05-29 09:35:50.500,2666.4000,3898,0,71117880.000,0,-,-,-,-,2666.0000,2662.6000,2662.2000,2662.0000,2661.6000,2667.2000,2667.4000,2667.8000,2669.8000,2671.4000,1,1,1,1,1,1,2,1,1,5
SF,IH2012,2020-05-29 09:35:51.000,2666.4000,3898,0,71117880.000,0,-,-,-,-,2666.0000,2662.6000,2662.2000,2662.0000,2661.6000,2667.2000,2667.4000,2669.8000,2671.4000,2673.6000,1,1,1,1,1,1,2,1,5,1
SF,IH2012,2020-05-29 09:35:53.000,2666.0000,3898,0,71917680.000,1,0,1,多换,S,2662.6000,2662.2000,2662.0000,2661.6000,2660.6000,2667.2000,2667.4000,2669.8000,2671.4000,2673.6000,1,1,1,1,1,1,1,1,5,1
SF,IH2012,2020-05-29 09:35:53.500,2666.0000,3898,0,71917680.000,0,-,-,-,-,2665.6000,2662.8000,2662.6000,2662.2000,2662.0000,2667.2000,2667.4000,2669.8000,2671.4000,2673.6000,1,1,1,1,1,1,1,1,5,1
SF,IH2012,2020-05-29 09:35:54.000,2665.6000,3897,-1,72717360.000,1,0,1,双平,S,2662.6000,2662.2000,2662.0000,2661.6000,2660.6000,2667.0000,2667.2000,2667.4000,2669.8000,2671.4000,1,1,1,1,1,1,1,1,1,5
SF,IH2012,2020-05-29 09:35:54.500,2665.6000,3897,0,72717360.000,0,-,-,-,-,2663.2000,2662.6000,2662.2000,2662.0000,2661.6000,2666.8000,2667.2000,2667.4000,2669.8000,2671.4000,1,1,1,1,1,1,1,1,1,5
SF,IH2012,2020-05-29 09:35:55.000,2665.6000,3897,0,72717360.000,0,-,-,-,-,2663.2000,2662.6000,2662.2000,2662.0000,2661.6000,2666.4000,2666.6000,2666.8000,2667.2000,2669.8000,1,1,1,1,1,1,1,1,1,1
SF,IH2012,2020-05-29 09:35:55.500,2665.6000,3897,0,72717360.000,0,-,-,-,-,2662.6000,2662.2000,2662.0000,2661.6000,2660.6000,2666.2000,2666.4000,2666.8000,2667.2000,2669.8000,1,1,1,1,1,1,1,1,1,1
SF,IH2012,2020-05-29 09:35:56.500,2665.6000,3897,0,72717360.000,0,-,-,-,-,2662.6000,2662.2000,2662.0000,2661.6000,2660.6000,2666.2000,2666.4000,2666.8000,2667.2000,2669.8000,2,1,1,1,1,1,1,1,1,1
SF,IH2012,2020-05-29 09:35:57.000,2665.6000,3897,0,72717360.000,0,-,-,-,-,2662.6000,2662.2000,2662.0000,2661.6000,2660.6000,2666.4000,2667.2000,2669.8000,2671.4000,2673.6000,2,1,1,1,1,1,1,1,5,1
SF,IH2012,2020-05-29 09:35:57.500,2665.6000,3897,0,72717360.000,0,-,-,-,-,2662.6000,2662.2000,2662.0000,2661.6000,2660.6000,2666.0000,2666.4000,2669.8000,2671.4000,2673.6000,2,1,1,1,1,1,1,1,5,1
SF,IH2012,2020-05-29 09:35:59.000,2665.6000,3897,0,72717360.000,0,-,-,-,-,2662.6000,2662.2000,2662.0000,2661.6000,2660.6000,2666.0000,2666.4000,2669.8000,2671.4000,2673.6000,2,1,1,1,1,1,1,1,5,1
SF,IH2012,2020-05-29 09:36:00.000,2665.6000,3897,0,72717360.000,0,-,-,-,-,2663.0000,2662.6000,2662.2000,2662.0000,2661.6000,2666.0000,2669.8000,2671.4000,2673.6000,2675.0000,1,2,1,1,1,1,1,5,1,1
SF,IH2012,2020-05-29 09:36:02.000,2665.6000,3897,0,72717360.000,0,-,-,-,-,2663.0000,2662.6000,2662.2000,2662.0000,2661.6000,2666.0000,2669.8000,2671.4000,2673.6000,2675.0000,1,1,1,1,1,1,1,5,1,1
SF,IH2012,2020-05-29 09:36:03.000,2665.6000,3897,0,72717360.000,0,-,-,-,-,2663.0000,2662.6000,2662.2000,2662.0000,2661.6000,2665.8000,2666.0000,2669.8000,2671.4000,2673.6000,1,1,1,1,1,1,1,1,5,1
SF,IH2012,2020-05-29 09:36:03.500,2665.6000,3897,0,72717360.000,0,-,-,-,-,2663.4000,2663.0000,2662.6000,2662.2000,2662.0000,2665.6000,2665.8000,2666.0000,2669.8000,2671.4000,2,1,1,1,1,1,7,1,1,5
SF,IH2012,2020-05-29 09:36:04.000,2665.6000,3897,0,72717360.000,0,-,-,-,-,2663.0000,2662.6000,2662.2000,2662.0000,2661.6000,2665.2000,2665.6000,2665.8000,2666.0000,2669.8000,1,1,1,1,1,1,1,2,1,1
SF,IH2012,2020-05-29 09:36:04.500,2665.6000,3897,0,72717360.000,0,-,-,-,-,2663.0000,2662.6000,2662.2000,2662.0000,2661.6000,2664.8000,2665.0000,2665.8000,2666.0000,2669.8000,1,1,1,1,1,1,1,2,1,1
SF,IH2012,2020-05-29 09:36:05.000,2665.6000,3897,0,72717360.000,0,-,-,-,-,2663.0000,2662.6000,2662.2000,2662.0000,2661.6000,2664.8000,2665.0000,2665.8000,2666.0000,2669.8000,1,1,1,1,1,1,1,1,1,1
SF,IH2012,2020-05-29 09:36:06.000,2664.8000,3897,0,73516800.000,1,0,1,多换,S,2663.2000,2663.0000,2662.6000,2662.2000,2662.0000,2665.0000,2665.8000,2666.0000,2669.8000,2671.4000,2,1,1,1,1,1,1,1,1,5
SF,IH2012,2020-05-29 09:36:06.500,2664.8000,3897,0,73516800.000,0,-,-,-,-,2663.2000,2663.0000,2662.6000,2662.2000,2662.0000,2664.8000,2665.0000,2665.8000,2666.0000,2669.8000,2,1,1,1,1,1,1,1,1,1
SF,IH2012,2020-05-29 09:36:07.000,2664.8000,3897,0,73516800.000,0,-,-,-,-,2663.4000,2663.0000,2662.6000,2662.2000,2662.0000,2665.0000,2665.8000,2666.0000,2669.8000,2671.4000,2,1,1,1,1,1,1,1,1,5
SF,IH2012,2020-05-29 09:36:08.000,2664.8000,3897,0,73516800.000,0,-,-,-,-,2663.0000,2662.6000,2662.2000,2662.0000,2661.6000,2665.0000,2665.8000,2666.0000,2669.8000,2671.4000,1,1,1,1,1,1,1,1,1,5
SF,IH2012,2020-05-29 09:36:08.500,2664.8000,3897,0,73516800.000,0,-,-,-,-,2663.0000,2662.6000,2662.2000,2662.0000,2661.6000,2665.0000,2665.8000,2666.0000,2669.8000,2671.4000,1,1,1,1,1,1,1,1,1,5
SF,IH2012,2020-05-29 09:36:09.000,2664.8000,3897,0,73516800.000,0,-,-,-,-,2663.2000,2663.0000,2662.6000,2662.2000,2662.0000,2664.4000,2665.0000,2665.8000,2666.0000,2669.8000,2,1,1,1,1,1,1,1,1,1
SF,IH2012,2020-05-29 09:36:09.500,2664.8000,3897,0,73516800.000,0,-,-,-,-,2663.0000,2662.6000,2662.2000,2662.0000,2661.6000,2664.4000,2665.0000,2665.8000,2666.0000,2669.8000,1,1,1,1,1,1,1,1,1,1
SF,IH2012,2020-05-29 09:36:10.000,2664.8000,3897,0,73516800.000,0,-,-,-,-,2663.0000,2662.6000,2662.2000,2662.0000,2661.6000,2665.0000,2665.8000,2666.0000,2669.8000,2671.4000,1,1,1,1,1,1,1,1,1,5
SF,IH2012,2020-05-29 09:36:10.500,2664.8000,3897,0,73516800.000,0,-,-,-,-,2663.2000,2663.0000,2662.6000,2662.2000,2662.0000,2665.0000,2665.8000,2666.0000,2669.8000,2671.4000,2,1,1,1,1,1,1,1,1,5
SF,IH2012,2020-05-29 09:36:11.000,2664.8000,3897,0,73516800.000,0,-,-,-,-,2663.2000,2663.0000,2662.6000,2662.2000,2662.0000,2665.0000,2666.0000,2669.8000,2671.4000,2673.6000,2,1,1,1,1,1,1,1,5,1
SF,IH2012,2020-05-29 09:36:12.000,2664.8000,3897,0,73516800.000,0,-,-,-,-,2663.0000,2662.6000,2662.2000,2662.0000,2661.6000,2665.0000,2666.0000,2669.8000,2671.4000,2673.6000,1,1,1,1,1,1,1,1,5,1
SF,IH2012,2020-05-29 09:36:12.500,2664.8000,3897,0,73516800.000,0,-,-,-,-,2663.4000,2663.0000,2662.6000,2662.2000,2662.0000,2669.8000,2671.4000,2673.6000,2675.0000,2681.4000,1,1,1,1,1,1,5,1,1,1
SF,IH2012,2020-05-29 09:36:13.000,2664.8000,3897,0,73516800.000,0,-,-,-,-,2663.0000,2662.6000,2662.2000,2662.0000,2661.6000,2666.2000,2667.4000,2669.4000,2669.6000,2669.8000,1,1,1,1,1,1,1,5,1,1
SF,IH2012,2020-05-29 09:36:14.000,2664.8000,3897,0,73516800.000,0,-,-,-,-,2663.0000,2662.6000,2662.2000,2662.0000,2661.6000,2666.0000,2666.2000,2667.4000,2669.4000,2669.6000,1,1,1,1,1,1,1,1,5,1
SF,IH2012,2020-05-29 09:36:18.000,2664.8000,3897,0,73516800.000,0,-,-,-,-,2663.0000,2662.6000,2662.2000,2662.0000,2661.6000,2666.0000,2666.2000,2667.4000,2669.4000,2669.6000,2,1,1,1,1,1,1,1,5,1
SF,IH2012,2020-05-29 09:36:18.500,2664.8000,3897,0,73516800.000,0,-,-,-,-,2663.0000,2662.6000,2662.2000,2662.0000,2661.6000,2665.6000,2666.0000,2666.2000,2667.4000,2669.6000,2,1,1,1,1,5,1,1,1,1
SF,IH2012,2020-05-29 09:36:19.000,2664.8000,3897,0,73516800.000,0,-,-,-,-,2663.0000,2662.6000,2662.2000,2662.0000,2661.6000,2665.0000,2665.4000,2665.6000,2666.0000,2667.4000,2,1,1,1,1,1,1,5,1,1
SF,IH2012,2020-05-29 09:36:19.500,2664.8000,3897,0,73516800.000,0,-,-,-,-,2663.2000,2663.0000,2662.6000,2662.2000,2662.0000,2664.8000,2665.0000,2665.4000,2665.6000,2666.0000,1,2,1,1,1,1,1,1,5,1
SF,IH2012,2020-05-29 09:36:20.000,2664.8000,3897,0,73516800.000,0,-,-,-,-,2663.2000,2663.0000,2662.6000,2662.2000,2662.0000,2664.6000,2664.8000,2665.4000,2665.6000,2666.0000,1,2,1,1,1,1,1,1,5,1
SF,IH2012,2020-05-29 09:36:20.500,2664.8000,3897,0,73516800.000,0,-,-,-,-,2663.2000,2663.0000,2662.6000,2662.2000,2662.0000,2664.6000,2664.8000,2665.6000,2667.4000,2669.6000,1,2,1,1,1,1,1,5,1,1
SF,IH2012,2020-05-29 09:36:21.500,2664.8000,3897,0,73516800.000,0,-,-,-,-,2663.2000,2663.0000,2662.6000,2662.2000,2662.0000,2664.4000,2664.6000,2664.8000,2665.6000,2667.4000,1,2,1,1,1,1,1,1,5,1
SF,IH2012,2020-05-29 09:36:22.000,2663.2000,3897,0,74315760.000,1,0,1,多换,S,2663.0000,2662.6000,2662.2000,2662.0000,2661.6000,2664.4000,2664.6000,2664.8000,2665.6000,2667.4000,2,1,1,1,1,1,1,1,5,1
SF,IH2012,2020-05-29 09:36:23.000,2663.0000,3897,0,75913560.000,2,1,1,多换,S,2662.6000,2662.2000,2662.0000,2661.6000,2660.6000,2664.2000,2664.4000,2664.8000,2665.6000,2667.4000,1,1,1,1,1,1,1,1,5,1
SF,IH2012,2020-05-29 09:36:23.500,2663.0000,3897,0,75913560.000,0,-,-,-,-,2662.6000,2662.2000,2662.0000,2661.6000,2660.6000,2664.0000,2664.2000,2664.4000,2664.8000,2665.6000,1,1,1,1,1,1,1,1,1,5
SF,IH2012,2020-05-29 09:36:24.500,2664.0000,3897,0,76712760.000,1,0,1,多换,S,2664.0000,2662.6000,2662.2000,2662.0000,2661.6000,2664.4000,2664.8000,2667.4000,2669.8000,2671.4000,1,1,1,1,1,1,1,1,1,5
SF,IH2012,2020-05-29 09:36:25.000,2664.0000,3897,0,76712760.000,0,-,-,-,-,2664.0000,2662.6000,2662.2000,2662.0000,2661.6000,2664.4000,2667.4000,2669.8000,2671.4000,2673.6000,1,2,1,1,1,1,1,1,5,1
SF,IH2012,2020-05-29 09:36:25.500,2664.0000,3896,-1,77511960.000,1,0,1,双平,S,2662.6000,2662.2000,2662.0000,2661.6000,2660.6000,2667.4000,2669.8000,2671.4000,2673.6000,2675.0000,2,1,1,2,1,1,1,5,1,1
SF,IH2012,2020-05-29 09:36:26.000,2664.0000,3896,0,77511960.000,0,-,-,-,-,2662.6000,2662.2000,2662.0000,2661.6000,2660.6000,2664.0000,2667.0000,2667.2000,2667.4000,2669.8000,2,1,1,2,1,1,5,1,1,1
SF,IH2012,2020-05-29 09:36:26.500,2664.0000,3896,0,78311160.000,1,0,1,多换,S,2664.0000,2662.6000,2662.2000,2662.0000,2661.6000,2667.0000,2667.2000,2667.4000,2669.8000,2671.4000,1,2,1,1,2,5,1,1,1,5
