市场代码,合约代码,时间,最新,持仓,增仓,成交额,成交量,开仓,平仓,成交类型,方向,买一价,买二价,买三价,买四价,买五价,卖一价,卖二价,卖三价,卖四价,卖五价,买一量,买二量,买三量,买四量,买五量,卖一量,卖二量,卖三量,卖四量,卖五量
SF,IH2009,2020-05-07 09:29:00.100,2744.2000,11807,0,823260.000,1.000,-,-,-,-,2742.0000,2739.0000,2737.4000,2735.4000,2735.0000,2744.4000,2744.6000,2747.0000,2748.0000,2748.2000,10,4,1,1,1,1,3,1,1,1
SF,IH2009,2020-05-07 09:30:00.100,2744.2000,11807,0,823260.000,0,-,-,-,-,2743.8000,2742.2000,2742.0000,2739.0000,2737.4000,2744.2000,2744.6000,2747.0000,2748.0000,2748.2000,1,2,10,4,1,2,3,1,1,2
SF,IH2009,2020-05-07 09:30:00.600,2744.2000,11806,-1,1646520.000,1,0,1,双平,S,2743.8000,2742.2000,2742.0000,2739.0000,2737.4000,2744.6000,2748.0000,2748.2000,2749.4000,2750.0000,1,2,10,4,1,3,1,1,1,2
SF,IH2009,2020-05-07 09:30:01.100,2744.2000,11806,0,1646520.000,0,-,-,-,-,2744.0000,2743.8000,2742.2000,2742.0000,2739.0000,2748.0000,2748.2000,2749.4000,2750.0000,2750.8000,1,1,2,10,4,1,1,1,2,1
SF,IH2009,2020-05-07 09:30:01.600,2744.2000,11806,0,1646520.000,0,-,-,-,-,2743.8000,2742.2000,2742.0000,2739.0000,2737.4000,2745.0000,2745.6000,2747.0000,2747.6000,2747.8000,1,2,10,4,1,2,1,1,8,3
SF,IH2009,2020-05-07 09:30:02.100,2745.0000,11804,-2,3293520.000,2,0,2,双平,S,2743.8000,2742.2000,2742.0000,2739.0000,2737.4000,2747.6000,2747.8000,2748.0000,2748.2000,2749.4000,1,2,10,4,1,8,2,1,1,1
SF,IH2009,2020-05-07 09:30:02.600,2745.0000,11804,0,3293520.000,0,-,-,-,-,2743.8000,2743.0000,2742.2000,2742.0000,2739.0000,2747.4000,2747.6000,2748.0000,2748.2000,2749.4000,1,1,2,10,4,2,8,1,1,1
SF,IH2009,2020-05-07 09:30:03.100,2745.0000,11804,0,3293520.000,0,-,-,-,-,2743.8000,2743.0000,2742.2000,2742.0000,2739.0000,2745.6000,2747.0000,2747.4000,2748.0000,2748.2000,1,1,2,10,4,1,8,2,1,1
SF,IH2009,2020-05-07 09:30:03.600,2745.0000,11804,0,3293520.000,0,-,-,-,-,2744.4000,2743.8000,2743.0000,2742.2000,2742.0000,2745.4000,2745.6000,2747.0000,2747.4000,2748.0000,1,1,1,2,10,1,1,8,1,1
SF,IH2009,2020-05-07 09:30:04.100,2745.0000,11804,0,3293520.000,0,-,-,-,-,2744.4000,2743.8000,2743.0000,2742.2000,2742.0000,2745.2000,2745.6000,2747.0000,2748.0000,2748.2000,1,1,1,2,10,1,1,8,1,1
SF,IH2009,2020-05-07 09:30:04.600,2745.0000,11804,0,3293520.000,0,-,-,-,-,2744.6000,2744.4000,2743.8000,2743.0000,2742.2000,2745.6000,2747.0000,2748.0000,2748.2000,2749.4000,1,1,1,1,2,1,8,1,1,1
SF,IH2009,2020-05-07 09:30:05.100,2745.0000,11804,0,3293520.000,0,-,-,-,-,2744.4000,2743.8000,2743.0000,2742.2000,2742.0000,2745.0000,2745.4000,2745.6000,2748.0000,2748.2000,1,1,1,2,10,1,8,1,1,1
SF,IH2009,2020-05-07 09:30:05.600,2744.4000,11803,-1,4116840.000,1,0,1,双平,S,2743.8000,2743.0000,2742.2000,2742.0000,2740.2000,2745.4000,2745.6000,2748.0000,2748.2000,2749.4000,1,1,2,10,1,8,1,1,1,1
SF,IH2009,2020-05-07 09:30:06.100,2744.4000,11803,0,4116840.000,0,-,-,-,-,2743.8000,2743.0000,2742.2000,2742.0000,2740.2000,2745.2000,2745.4000,2745.6000,2748.0000,2748.2000,1,1,2,10,1,1,8,1,1,1
SF,IH2009,2020-05-07 09:30:06.600,2743.8000,11803,0,4939980.000,1,0,1,多换,S,2743.0000,2742.2000,2742.0000,2740.2000,2739.0000,2745.2000,2745.4000,2745.6000,2748.0000,2748.2000,1,2,10,1,4,1,8,1,1,1
SF,IH2009,2020-05-07 09:30:07.100,2745.0000,11802,-1,5763480.000,1,0,1,双平,S,2744.0000,2743.2000,2743.0000,2742.2000,2742.0000,2745.2000,2745.4000,2745.6000,2748.0000,2748.2000,1,1,1,2,10,1,8,1,1,1
SF,IH2009,2020-05-07 09:30:07.600,2744.0000,11802,0,6586680.000,1,0,1,多换,S,2743.2000,2743.0000,2742.2000,2742.0000,2740.2000,2744.0000,2745.2000,2745.4000,2745.6000,2748.0000,1,1,2,10,1,1,1,9,1,1
SF,IH2009,2020-05-07 09:30:08.100,2745.2000,11799,-3,9057000.000,3,0,3,双平,S,2745.2000,2743.0000,2742.2000,2742.0000,2740.2000,2745.4000,2745.6000,2748.0000,2748.2000,2749.4000,3,1,2,10,1,9,1,1,1,1
SF,IH2009,2020-05-07 09:30:08.600,2745.2000,11796,-3,11527680.000,3,0,3,双平,S,2743.0000,2742.2000,2742.0000,2740.2000,2739.0000,2745.4000,2745.6000,2748.0000,2748.2000,2749.4000,1,2,10,1,4,9,1,1,1,1
SF,IH2009,2020-05-07 09:30:09.100,2745.2000,11796,0,11527680.000,0,-,-,-,-,2743.0000,2742.2000,2742.0000,2740.2000,2739.0000,2745.2000,2745.4000,2745.6000,2748.0000,2748.2000,1,2,10,1,4,1,9,1,1,1
SF,IH2009,2020-05-07 09:30:09.600,2745.2000,11796,0,11527680.000,0,-,-,-,-,2743.0000,2742.2000,2742.0000,2740.2000,2739.0000,2744.8000,2745.2000,2745.4000,2745.6000,2748.0000,1,2,10,1,4,8,1,1,1,1
SF,IH2009,2020-05-07 09:30:10.100,2745.2000,11796,0,11527680.000,0,-,-,-,-,2743.0000,2742.2000,2742.0000,2740.2000,2739.0000,2744.6000,2744.8000,2745.4000,2745.6000,2748.0000,1,2,10,1,4,2,8,1,1,1
SF,IH2009,2020-05-07 09:30:10.600,2745.2000,11796,0,11527680.000,0,-,-,-,-,2743.0000,2742.2000,2742.0000,2740.2000,2739.0000,2744.2000,2744.6000,2745.4000,2745.6000,2748.0000,1,2,10,1,4,8,2,1,1,1
SF,IH2009,2020-05-07 09:30:11.100,2744.2000,11795,-1,13173840.000,2,0,2,多平,S,2742.2000,2742.0000,2740.2000,2739.0000,2736.0000,2744.2000,2744.6000,2745.4000,2745.6000,2748.0000,2,10,1,4,5,7,2,1,1,1
SF,IH2009,2020-05-07 09:30:11.600,2744.2000,11795,0,13173840.000,0,-,-,-,-,2742.2000,2742.0000,2740.2000,2739.0000,2736.0000,2743.0000,2744.0000,2744.2000,2744.6000,2745.4000,2,10,1,4,5,1,1,7,1,1
SF,IH2009,2020-05-07 09:30:12.100,2744.2000,11795,0,13173840.000,0,-,-,-,-,2742.2000,2742.0000,2740.2000,2739.0000,2735.0000,2743.0000,2744.0000,2744.2000,2745.4000,2748.0000,2,10,1,4,1,1,1,7,1,1
SF,IH2009,2020-05-07 09:30:13.100,2744.2000,11795,0,13173840.000,0,-,-,-,-,2742.2000,2742.0000,2740.2000,2739.0000,2735.0000,2744.0000,2744.2000,2745.4000,2748.0000,2748.2000,2,10,1,4,1,1,7,1,1,1
SF,IH2009,2020-05-07 09:30:13.600,2744.2000,11795,0,13173840.000,0,-,-,-,-,2742.2000,2742.0000,2740.2000,2739.0000,2735.0000,2743.0000,2743.6000,2744.0000,2745.4000,2748.0000,2,10,1,4,1,1,7,1,1,1
SF,IH2009,2020-05-07 09:30:14.100,2744.2000,11795,0,13173840.000,0,-,-,-,-,2742.2000,2742.0000,2740.2000,2739.0000,2735.0000,2742.8000,2743.0000,2744.0000,2745.4000,2748.0000,2,10,1,4,1,7,1,1,1,1
SF,IH2009,2020-05-07 09:30:15.100,2742.2000,11793,-2,14819280.000,2,0,2,双平,S,2742.2000,2742.0000,2740.2000,2739.0000,2735.0000,2742.8000,2743.0000,2743.4000,2744.0000,2744.4000,1,10,1,4,1,7,1,1,1,1
SF,IH2009,2020-05-07 09:30:15.600,2742.2000,11792,-1,15641940.000,1,0,1,双平,S,2742.4000,2742.0000,2740.2000,2739.0000,2735.0000,2742.8000,2743.0000,2743.4000,2744.0000,2744.4000,2,10,1,4,1,7,1,1,1,1
SF,IH2009,2020-05-07 09:30:16.100,2743.4000,11792,0,25515840.000,12,6,6,多换,S,2742.0000,2740.2000,2739.0000,2735.0000,2734.6000,2743.0000,2744.0000,2744.4000,2748.0000,2748.2000,10,1,4,1,1,1,2,1,1,1
SF,IH2009,2020-05-07 09:30:17.100,2743.4000,11792,0,25515840.000,0,-,-,-,-,2742.0000,2740.2000,2739.0000,2735.0000,2734.6000,2744.0000,2744.4000,2748.0000,2748.2000,2749.4000,10,1,4,1,1,2,1,1,1,1
SF,IH2009,2020-05-07 09:30:17.600,2743.4000,11792,0,25515840.000,0,-,-,-,-,2742.0000,2740.2000,2739.0000,2735.0000,2734.6000,2743.8000,2744.0000,2744.4000,2748.0000,2748.2000,10,1,4,1,1,3,1,1,1,1
SF,IH2009,2020-05-07 09:30:18.100,2743.4000,11792,0,25515840.000,0,-,-,-,-,2742.0000,2741.4000,2740.2000,2739.0000,2735.0000,2743.6000,2743.8000,2744.4000,2748.0000,2748.2000,10,1,1,4,1,2,2,1,1,1
SF,IH2009,2020-05-07 09:30:18.600,2743.4000,11792,0,26338860.000,1,0,1,多换,S,2742.2000,2742.0000,2741.4000,2740.2000,2740.0000,2743.4000,2743.6000,2743.8000,2744.4000,2748.0000,1,10,1,1,1,2,1,2,1,1
SF,IH2009,2020-05-07 09:30:19.100,2743.4000,11792,0,26338860.000,0,-,-,-,-,2742.0000,2741.4000,2740.2000,2740.0000,2739.0000,2743.4000,2743.6000,2744.4000,2748.0000,2748.2000,10,1,1,1,4,2,2,1,1,1
SF,IH2009,2020-05-07 09:30:19.600,2743.4000,11792,0,26338860.000,0,-,-,-,-,2742.0000,2741.4000,2740.2000,2740.0000,2739.0000,2743.4000,2743.6000,2748.0000,2748.2000,2749.4000,10,1,1,1,4,2,2,1,1,1
SF,IH2009,2020-05-07 09:30:20.100,2743.4000,11792,0,26338860.000,0,-,-,-,-,2742.0000,2741.4000,2740.2000,2740.0000,2739.0000,2743.6000,2743.8000,2748.0000,2748.2000,2749.4000,10,1,1,1,4,2,1,1,1,1
SF,IH2009,2020-05-07 09:30:20.600,2742.0000,11792,0,27984120.000,2,1,1,多换,S,2742.0000,2741.4000,2740.2000,2740.0000,2739.0000,2743.4000,2743.6000,2743.8000,2748.0000,2748.2000,9,1,1,1,4,1,2,1,1,1
SF,IH2009,2020-05-07 09:30:21.100,2742.0000,11792,0,27984120.000,0,-,-,-,-,2742.0000,2741.4000,2740.2000,2740.0000,2739.0000,2743.2000,2743.6000,2743.8000,2748.0000,2748.2000,9,1,1,1,4,1,2,1,1,1
SF,IH2009,2020-05-07 09:30:21.600,2742.0000,11792,0,28806720.000,1,0,1,多换,S,2742.0000,2741.4000,2740.2000,2740.0000,2739.0000,2743.0000,2743.6000,2743.8000,2748.0000,2748.2000,8,1,1,1,4,3,2,1,1,1
SF,IH2009,2020-05-07 09:30:22.100,2742.0000,11792,0,28806720.000,0,-,-,-,-,2742.0000,2741.4000,2740.2000,2740.0000,2739.0000,2743.0000,2743.6000,2743.8000,2748.0000,2748.2000,8,1,1,1,4,2,2,1,1,1
SF,IH2009,2020-05-07 09:30:22.600,2742.0000,11793,1,29629320.000,1,1,0,双开,S,2742.0000,2741.4000,2740.2000,2740.0000,2739.0000,2742.8000,2743.0000,2743.6000,2743.8000,2748.0000,7,1,1,1,4,1,2,2,1,1
SF,IH2009,2020-05-07 09:30:23.100,2742.0000,11793,0,29629320.000,0,-,-,-,-,2742.0000,2741.4000,2740.2000,2740.0000,2739.0000,2742.6000,2743.0000,2743.6000,2743.8000,2748.0000,7,1,1,1,4,2,2,2,1,1
SF,IH2009,2020-05-07 09:30:23.600,2742.0000,11793,0,30451920.000,1,0,1,多换,S,2742.0000,2741.4000,2740.2000,2740.0000,2739.0000,2742.6000,2743.0000,2743.6000,2743.8000,2748.0000,6,1,1,1,4,2,2,2,1,1
SF,IH2009,2020-05-07 09:30:24.100,2742.0000,11794,1,31274520.000,1,1,0,双开,S,2742.0000,2741.4000,2740.2000,2740.0000,2739.0000,2742.6000,2743.0000,2743.6000,2743.8000,2748.0000,5,1,1,1,4,2,2,2,1,1
SF,IH2009,2020-05-07 09:30:24.600,2742.0000,11794,0,33742320.000,3,1,2,多换,S,2742.0000,2741.4000,2740.2000,2740.0000,2739.0000,2742.6000,2743.0000,2743.6000,2743.8000,2748.0000,2,1,1,1,4,2,2,3,1,1
SF,IH2009,2020-05-07 09:30:25.100,2742.0000,11795,1,35387520.000,2,1,1,空开,S,2741.4000,2740.2000,2740.0000,2739.0000,2735.0000,2742.6000,2743.0000,2743.6000,2743.8000,2748.0000,1,1,1,4,1,2,2,3,2,1
SF,IH2009,2020-05-07 09:30:25.600,2742.0000,11795,0,35387520.000,0,-,-,-,-,2741.4000,2740.2000,2740.0000,2739.0000,2735.0000,2742.4000,2742.6000,2743.0000,2743.6000,2743.8000,1,1,1,4,1,1,2,2,3,2
SF,IH2009,2020-05-07 09:30:26.100,2741.4000,11794,-1,36209940.000,1,0,1,双平,S,2740.2000,2740.0000,2739.0000,2735.0000,2734.6000,2742.6000,2743.0000,2743.6000,2743.8000,2748.0000,1,1,4,1,1,2,2,3,2,1
SF,IH2009,2020-05-07 09:30:26.600,2741.4000,11794,0,36209940.000,0,-,-,-,-,2740.2000,2740.0000,2739.0000,2735.0000,2734.6000,2742.0000,2742.4000,2742.6000,2743.6000,2743.8000,1,1,4,1,1,1,1,2,1,2
SF,IH2009,2020-05-07 09:30:27.100,2741.4000,11794,0,36209940.000,0,-,-,-,-,2740.4000,2740.2000,2740.0000,2739.0000,2735.0000,2741.8000,2742.0000,2743.6000,2743.8000,2745.6000,1,1,1,4,1,1,1,1,2,1
SF,IH2009,2020-05-07 09:30:27.600,2741.4000,11794,0,36209940.000,0,-,-,-,-,2740.6000,2740.2000,2740.0000,2739.0000,2735.0000,2741.8000,2742.0000,2743.6000,2743.8000,2745.6000,1,1,1,4,1,1,1,1,2,1
SF,IH2009,2020-05-07 09:30:28.100,2741.4000,11794,0,36209940.000,0,-,-,-,-,2740.2000,2740.0000,2739.0000,2735.0000,2734.6000,2742.0000,2743.6000,2743.8000,2745.6000,2748.0000,1,1,4,1,1,1,1,1,1,1
SF,IH2009,2020-05-07 09:30:28.600,2741.4000,11794,0,36209940.000,0,-,-,-,-,2740.4000,2740.2000,2740.0000,2739.0000,2735.0000,2741.4000,2741.8000,2742.0000,2743.6000,2743.8000,1,1,1,4,1,5,2,1,1,1
SF,IH2009,2020-05-07 09:30:29.100,2741.4000,11789,-5,40322040.000,5,0,5,双平,S,2740.2000,2740.0000,2739.0000,2735.0000,2734.6000,2741.8000,2743.6000,2743.8000,2745.6000,2748.0000,1,1,4,1,1,1,1,1,1,1
SF,IH2009,2020-05-07 09:30:29.600,2741.8000,11788,-1,41144580.000,1,0,1,双平,S,2740.4000,2740.2000,2740.0000,2739.0000,2735.0000,2743.6000,2743.8000,2745.6000,2748.0000,2748.2000,2,1,1,4,1,1,1,1,1,1
SF,IH2009,2020-05-07 09:30:30.100,2741.8000,11788,0,41144580.000,0,-,-,-,-,2740.6000,2740.4000,2740.2000,2740.0000,2739.0000,2743.6000,2743.8000,2745.6000,2748.0000,2748.2000,1,1,1,1,4,1,1,1,1,1
SF,IH2009,2020-05-07 09:30:30.600,2741.8000,11788,0,41144580.000,0,-,-,-,-,2741.8000,2740.6000,2740.4000,2740.2000,2740.0000,2743.6000,2743.8000,2745.6000,2748.0000,2748.2000,1,1,1,1,1,1,1,1,1,1
SF,IH2009,2020-05-07 09:30:31.100,2741.8000,11786,-2,42789660.000,2,0,2,双平,S,2740.2000,2740.0000,2739.0000,2735.0000,2734.6000,2743.4000,2743.6000,2743.8000,2745.6000,2748.0000,1,1,4,1,1,2,1,1,1,1
SF,IH2009,2020-05-07 09:30:31.600,2741.8000,11786,0,42789660.000,0,-,-,-,-,2740.4000,2740.2000,2740.0000,2739.0000,2735.0000,2743.4000,2743.6000,2743.8000,2745.6000,2748.0000,1,1,1,4,1,1,1,1,1,1
SF,IH2009,2020-05-07 09:30:32.100,2741.8000,11786,0,42789660.000,0,-,-,-,-,2740.4000,2740.2000,2740.0000,2739.0000,2735.0000,2743.6000,2743.8000,2745.6000,2748.0000,2748.2000,1,1,1,4,1,1,1,1,1,1
SF,IH2009,2020-05-07 09:30:32.600,2741.8000,11786,0,42789660.000,0,-,-,-,-,2740.4000,2740.2000,2740.0000,2739.0000,2735.0000,2743.0000,2743.6000,2743.8000,2745.6000,2748.0000,1,1,1,4,1,1,1,1,1,1
SF,IH2009,2020-05-07 09:30:33.100,2741.8000,11786,0,42789660.000,0,-,-,-,-,2740.6000,2740.4000,2740.2000,2740.0000,2739.0000,2743.6000,2743.8000,2745.6000,2748.0000,2748.2000,1,1,1,1,4,1,1,1,1,1
SF,IH2009,2020-05-07 09:30:33.600,2741.8000,11786,0,42789660.000,0,-,-,-,-,2740.8000,2740.6000,2740.2000,2740.0000,2739.0000,2743.2000,2743.6000,2743.8000,2745.6000,2748.0000,1,1,1,1,4,1,1,1,1,1
SF,IH2009,2020-05-07 09:30:34.100,2741.8000,11786,0,42789660.000,0,-,-,-,-,2740.8000,2740.6000,2740.2000,2740.0000,2739.0000,2743.2000,2743.4000,2743.6000,2743.8000,2745.6000,1,1,1,1,4,1,1,1,1,1
SF,IH2009,2020-05-07 09:30:34.600,2741.8000,11786,0,42789660.000,0,-,-,-,-,2740.8000,2740.6000,2740.2000,2740.0000,2739.0000,2743.2000,2743.4000,2743.6000,2743.8000,2745.6000,1,1,1,1,4,1,1,1,1,1
SF,IH2009,2020-05-07 09:30:35.100,2741.8000,11786,0,42789660.000,0,-,-,-,-,2740.8000,2740.2000,2740.0000,2739.0000,2735.0000,2743.0000,2743.2000,2743.6000,2743.8000,2745.6000,1,1,1,4,2,1,1,1,1,1
SF,IH2009,2020-05-07 09:30:36.600,2741.8000,11786,0,42789660.000,0,-,-,-,-,2740.8000,2740.2000,2740.0000,2739.0000,2735.0000,2742.8000,2743.2000,2743.6000,2743.8000,2745.6000,1,1,1,4,2,1,1,1,1,1
SF,IH2009,2020-05-07 09:30:37.100,2741.8000,11786,0,42789660.000,0,-,-,-,-,2741.0000,2740.8000,2740.2000,2740.0000,2739.0000,2742.8000,2743.2000,2743.6000,2743.8000,2745.6000,1,1,1,1,4,1,1,1,1,1
SF,IH2009,2020-05-07 09:30:37.600,2741.8000,11786,0,42789660.000,0,-,-,-,-,2741.2000,2740.2000,2740.0000,2739.0000,2735.0000,2742.8000,2743.2000,2743.6000,2743.8000,2745.6000,3,1,1,4,2,1,1,1,1,1
SF,IH2009,2020-05-07 09:30:38.100,2741.8000,11786,0,42789660.000,0,-,-,-,-,2741.4000,2741.2000,2740.2000,2740.0000,2739.0000,2742.8000,2743.2000,2743.6000,2743.8000,2745.6000,1,2,1,1,4,1,1,1,1,1
SF,IH2009,2020-05-07 09:30:38.600,2741.8000,11786,0,42789660.000,0,-,-,-,-,2741.6000,2740.2000,2740.0000,2739.0000,2735.0000,2742.6000,2742.8000,2743.2000,2743.6000,2743.8000,2,1,1,4,13,1,1,1,1,1
SF,IH2009,2020-05-07 09:30:39.100,2741.6000,11785,-1,44434620.000,2,0,2,多平,S,2740.2000,2740.0000,2739.0000,2735.0000,2734.6000,2742.6000,2742.8000,2743.2000,2743.6000,2743.8000,1,1,4,13,1,1,1,1,1,1
SF,IH2009,2020-05-07 09:30:39.600,2741.6000,11785,0,44434620.000,0,-,-,-,-,2740.2000,2740.0000,2739.0000,2735.0000,2734.6000,2742.8000,2743.2000,2743.6000,2743.8000,2745.6000,1,1,4,13,1,1,1,1,1,1
SF,IH2009,2020-05-07 09:30:40.100,2741.6000,11785,0,44434620.000,0,-,-,-,-,2740.2000,2740.0000,2739.0000,2735.0000,2734.6000,2742.8000,2743.2000,2743.6000,2743.8000,2745.6000,1,1,4,13,1,1,1,1,1,1
SF,IH2009,2020-05-07 09:30:41.100,2741.6000,11785,0,44434620.000,0,-,-,-,-,2740.2000,2740.0000,2739.0000,2735.0000,2734.6000,2742.6000,2742.8000,2743.2000,2743.6000,2743.8000,1,1,4,13,1,1,1,1,1,1
SF,IH2009,2020-05-07 09:30:43.100,2740.2000,11785,0,45256680.000,1,0,1,多换,S,2740.0000,2739.0000,2735.0000,2734.6000,2734.0000,2742.6000,2742.8000,2743.2000,2743.6000,2743.8000,1,4,13,1,2,1,1,1,1,1
SF,IH2009,2020-05-07 09:30:43.600,2740.2000,11785,0,45256680.000,0,-,-,-,-,2740.0000,2739.0000,2735.0000,2734.6000,2734.0000,2740.2000,2742.6000,2742.8000,2743.2000,2743.6000,1,4,13,1,2,1,1,1,1,1
SF,IH2009,2020-05-07 09:30:44.100,2740.2000,11785,0,46078740.000,1,0,1,多换,S,2740.0000,2739.0000,2735.0000,2734.6000,2734.0000,2742.8000,2743.2000,2743.6000,2743.8000,2745.6000,1,4,13,1,2,1,1,1,1,1
SF,IH2009,2020-05-07 09:30:45.600,2740.2000,11785,0,46078740.000,0,-,-,-,-,2740.0000,2739.0000,2735.0000,2734.6000,2734.0000,2742.6000,2742.8000,2743.2000,2743.6000,2743.8000,1,4,13,1,2,1,1,1,1,1
SF,IH2009,2020-05-07 09:30:46.100,2740.2000,11785,0,46078740.000,0,-,-,-,-,2740.0000,2739.0000,2735.0000,2734.6000,2734.0000,2742.4000,2742.8000,2743.2000,2743.6000,2743.8000,1,4,13,1,2,1,1,1,1,1
SF,IH2009,2020-05-07 09:30:47.100,2740.2000,11785,0,46078740.000,0,-,-,-,-,2740.0000,2739.0000,2735.0000,2734.6000,2734.0000,2742.4000,2742.8000,2743.2000,2743.6000,2743.8000,1,4,13,1,2,1,1,1,6,1
SF,IH2009,2020-05-07 09:30:47.600,2740.0000,11784,-1,46900740.000,1,0,1,双平,S,2739.0000,2735.0000,2734.6000,2734.0000,2732.2000,2742.4000,2742.8000,2743.2000,2743.6000,2743.8000,4,13,1,2,5,1,1,1,6,1
SF,IH2009,2020-05-07 09:30:48.100,2740.0000,11784,0,46900740.000,0,-,-,-,-,2740.2000,2739.0000,2735.0000,2734.6000,2734.0000,2742.4000,2742.8000,2743.2000,2743.6000,2743.8000,1,4,13,1,2,1,1,1,1,1
SF,IH2009,2020-05-07 09:30:49.600,2740.0000,11784,0,46900740.000,0,-,-,-,-,2739.0000,2735.0000,2734.6000,2734.0000,2732.2000,2742.4000,2742.8000,2743.2000,2743.6000,2743.8000,4,13,1,2,5,1,1,1,1,1
SF,IH2009,2020-05-07 09:30:50.100,2740.0000,11784,0,46900740.000,0,-,-,-,-,2740.2000,2739.8000,2739.2000,2739.0000,2735.0000,2742.8000,2743.2000,2743.6000,2743.8000,2745.6000,1,1,2,4,13,1,1,1,1,1
SF,IH2009,2020-05-07 09:30:50.600,2740.0000,11784,0,46900740.000,0,-,-,-,-,2740.2000,2739.8000,2739.2000,2739.0000,2735.0000,2742.8000,2743.2000,2743.6000,2743.8000,2745.6000,1,1,2,4,13,1,1,1,1,1
SF,IH2009,2020-05-07 09:30:51.100,2740.0000,11785,1,47722740.000,1,1,0,双开,S,2739.8000,2739.2000,2739.0000,2735.0000,2734.6000,2742.0000,2742.8000,2743.2000,2743.6000,2743.8000,1,2,4,13,1,1,1,1,1,1
SF,IH2009,2020-05-07 09:30:51.600,2740.0000,11785,0,47722740.000,0,-,-,-,-,2739.8000,2739.0000,2735.0000,2734.6000,2734.0000,2741.8000,2742.0000,2742.6000,2742.8000,2743.2000,1,4,13,1,2,1,1,1,1,1
SF,IH2009,2020-05-07 09:30:52.100,2740.0000,11785,0,47722740.000,0,-,-,-,-,2739.8000,2739.0000,2735.0000,2734.6000,2734.0000,2741.6000,2741.8000,2742.0000,2742.6000,2742.8000,1,4,13,1,2,1,1,1,1,1
SF,IH2009,2020-05-07 09:30:52.600,2740.0000,11785,0,47722740.000,0,-,-,-,-,2739.8000,2739.0000,2735.0000,2734.6000,2734.0000,2741.4000,2742.0000,2742.8000,2743.2000,2743.6000,1,4,13,1,2,3,1,1,1,1
SF,IH2009,2020-05-07 09:30:53.100,2740.0000,11785,0,47722740.000,0,-,-,-,-,2739.8000,2739.0000,2735.0000,2734.6000,2734.0000,2741.2000,2741.4000,2742.0000,2742.8000,2743.2000,1,4,13,1,2,1,2,1,1,1
SF,IH2009,2020-05-07 09:30:53.600,2740.0000,11785,0,47722740.000,0,-,-,-,-,2739.8000,2739.0000,2735.0000,2734.6000,2734.0000,2741.0000,2741.4000,2742.0000,2742.8000,2743.2000,1,4,13,1,2,1,1,1,1,1
SF,IH2009,2020-05-07 09:30:54.100,2740.8000,11785,0,48544980.000,1,0,1,多换,S,2739.8000,2739.0000,2735.0000,2734.6000,2734.0000,2741.4000,2742.0000,2742.8000,2743.2000,2743.6000,1,4,13,1,2,1,1,1,1,1
SF,IH2009,2020-05-07 09:30:54.600,2740.8000,11785,0,48544980.000,0,-,-,-,-,2740.0000,2739.8000,2739.0000,2735.0000,2734.6000,2741.4000,2742.0000,2742.8000,2743.2000,2743.6000,2,1,4,13,1,1,1,1,1,1
SF,IH2009,2020-05-07 09:30:55.100,2740.8000,11785,0,48544980.000,0,-,-,-,-,2740.0000,2739.8000,2739.0000,2735.0000,2734.6000,2742.0000,2742.8000,2743.2000,2743.6000,2743.8000,2,1,4,13,1,1,1,1,1,1
SF,IH2009,2020-05-07 09:30:55.600,2740.8000,11785,0,48544980.000,0,-,-,-,-,2740.2000,2740.0000,2739.8000,2739.0000,2735.0000,2741.8000,2742.0000,2742.8000,2743.2000,2743.6000,1,1,1,4,13,2,1,1,1,1
SF,IH2009,2020-05-07 09:30:56.100,2740.8000,11785,0,48544980.000,0,-,-,-,-,2739.8000,2739.0000,2735.0000,2734.6000,2734.0000,2741.6000,2741.8000,2742.0000,2742.8000,2743.2000,1,4,13,1,2,1,1,1,1,1
SF,IH2009,2020-05-07 09:30:56.600,2740.8000,11785,0,48544980.000,0,-,-,-,-,2740.0000,2739.8000,2739.0000,2735.0000,2734.6000,2741.4000,2741.8000,2742.0000,2742.8000,2743.2000,1,1,4,13,1,1,1,1,1,1
SF,IH2009,2020-05-07 09:30:57.100,2740.8000,11785,0,48544980.000,0,-,-,-,-,2739.8000,2739.0000,2735.0000,2734.6000,2734.0000,2742.0000,2743.2000,2743.6000,2743.8000,2745.6000,1,4,13,1,2,1,1,1,1,1
SF,IH2009,2020-05-07 09:30:57.600,2740.8000,11785,0,48544980.000,0,-,-,-,-,2739.8000,2739.0000,2735.0000,2734.6000,2734.0000,2741.8000,2742.0000,2743.2000,2743.6000,2743.8000,1,4,13,1,2,2,1,1,1,1
SF,IH2009,2020-05-07 09:30:58.100,2740.8000,11785,0,48544980.000,0,-,-,-,-,2740.0000,2739.8000,2739.0000,2735.0000,2734.6000,2741.6000,2741.8000,2742.0000,2743.2000,2743.6000,1,1,4,13,1,1,2,1,1,1
SF,IH2009,2020-05-07 09:30:58.600,2740.8000,11785,0,48544980.000,0,-,-,-,-,2739.8000,2739.0000,2735.0000,2734.6000,2734.0000,2741.4000,2741.8000,2742.0000,2743.6000,2743.8000,1,4,13,1,2,2,1,1,1,1
SF,IH2009,2020-05-07 09:30:59.100,2740.8000,11785,0,48544980.000,0,-,-,-,-,2739.8000,2739.0000,2735.0000,2734.6000,2734.0000,2741.2000,2741.4000,2742.0000,2743.6000,2743.8000,1,4,13,1,2,1,1,1,1,1
SF,IH2009,2020-05-07 09:30:59.600,2740.8000,11785,0,48544980.000,0,-,-,-,-,2740.0000,2739.8000,2739.0000,2735.0000,2734.6000,2742.0000,2743.6000,2743.8000,2745.6000,2747.4000,1,1,4,13,1,1,1,1,1,5
SF,IH2009,2020-05-07 09:31:00.100,2740.8000,11785,0,48544980.000,0,-,-,-,-,2740.2000,2739.8000,2739.0000,2735.0000,2734.6000,2741.8000,2742.0000,2743.6000,2743.8000,2745.6000,1,1,4,13,1,3,1,1,1,1
SF,IH2009,2020-05-07 09:31:00.600,2740.8000,11785,0,48544980.000,0,-,-,-,-,2739.8000,2739.0000,2735.0000,2734.6000,2734.0000,2741.6000,2741.8000,2742.0000,2743.6000,2743.8000,1,4,13,1,2,1,2,1,1,1
SF,IH2009,2020-05-07 09:31:01.100,2740.8000,11785,0,48544980.000,0,-,-,-,-,2739.8000,2739.0000,2735.0000,2734.6000,2734.0000,2741.4000,2742.0000,2743.6000,2743.8000,2745.6000,1,4,13,1,2,3,1,1,1,1
SF,IH2009,2020-05-07 09:31:01.600,2740.8000,11785,0,48544980.000,0,-,-,-,-,2740.0000,2739.8000,2739.0000,2735.0000,2734.6000,2741.2000,2742.0000,2743.6000,2743.8000,2745.6000,1,1,4,13,1,1,1,1,1,1
SF,IH2009,2020-05-07 09:31:02.100,2740.2000,11784,-1,49367040.000,1,0,1,双平,S,2740.0000,2739.8000,2739.0000,2735.0000,2734.6000,2743.6000,2743.8000,2745.6000,2747.4000,2748.0000,1,1,4,13,1,1,1,1,5,1
SF,IH2009,2020-05-07 09:31:02.600,2740.2000,11784,0,49367040.000,0,-,-,-,-,2740.2000,2739.8000,2739.0000,2735.0000,2734.6000,2743.4000,2743.6000,2743.8000,2745.6000,2747.4000,1,1,4,13,1,4,1,1,1,5
SF,IH2009,2020-05-07 09:31:03.100,2740.2000,11784,0,49367040.000,0,-,-,-,-,2740.4000,2739.8000,2739.0000,2735.0000,2734.6000,2743.4000,2743.6000,2743.8000,2745.6000,2747.4000,2,1,4,13,1,4,1,1,1,5
SF,IH2009,2020-05-07 09:31:03.600,2740.2000,11784,0,49367040.000,0,-,-,-,-,2740.4000,2739.8000,2739.0000,2735.0000,2734.6000,2743.2000,2743.4000,2743.6000,2743.8000,2745.6000,2,1,4,13,1,3,4,1,1,1
SF,IH2009,2020-05-07 09:31:04.100,2740.2000,11784,0,49367040.000,0,-,-,-,-,2740.4000,2739.8000,2739.0000,2735.0000,2734.6000,2742.8000,2743.0000,2743.2000,2743.6000,2743.8000,2,1,4,13,1,1,3,3,1,1
SF,IH2009,2020-05-07 09:31:04.600,2740.2000,11784,0,49367040.000,0,-,-,-,-,2740.4000,2739.8000,2739.0000,2735.0000,2734.6000,2742.6000,2742.8000,2743.2000,2743.6000,2743.8000,2,1,4,13,1,3,1,3,1,1
SF,IH2009,2020-05-07 09:31:05.100,2740.2000,11784,0,49367040.000,0,-,-,-,-,2740.4000,2739.8000,2739.0000,2735.0000,2734.6000,2742.6000,2742.8000,2743.6000,2743.8000,2745.6000,2,1,4,13,1,3,1,1,1,1
SF,IH2009,2020-05-07 09:31:05.600,2742.6000,11782,-2,51012600.000,2,0,2,双平,S,2740.4000,2739.8000,2739.0000,2738.0000,2735.0000,2742.8000,2743.6000,2743.8000,2745.6000,2747.4000,2,1,4,1,13,1,1,1,1,5
SF,IH2009,2020-05-07 09:31:06.100,2742.6000,11782,0,51012600.000,0,-,-,-,-,2740.4000,2740.0000,2739.8000,2739.0000,2738.0000,2742.6000,2742.8000,2743.6000,2745.6000,2747.4000,2,1,1,4,1,1,1,1,1,5
SF,IH2009,2020-05-07 09:31:06.600,2742.6000,11782,0,51012600.000,0,-,-,-,-,2740.4000,2740.0000,2739.8000,2739.0000,2738.0000,2742.6000,2742.8000,2743.6000,2745.6000,2747.4000,2,1,1,4,1,1,1,1,1,5
SF,IH2009,2020-05-07 09:31:07.100,2742.6000,11782,0,51012600.000,0,-,-,-,-,2740.4000,2740.0000,2739.8000,2739.0000,2738.0000,2742.6000,2742.8000,2743.6000,2745.6000,2747.4000,2,1,1,4,1,1,1,1,1,5
SF,IH2009,2020-05-07 09:31:07.600,2742.6000,11782,0,51012600.000,0,-,-,-,-,2740.4000,2740.0000,2739.8000,2739.0000,2738.0000,2742.4000,2742.6000,2742.8000,2743.6000,2745.6000,2,1,1,4,1,1,1,1,1,1
SF,IH2009,2020-05-07 09:31:08.100,2742.6000,11782,0,51012600.000,0,-,-,-,-,2740.6000,2740.4000,2740.0000,2739.8000,2739.0000,2742.2000,2742.4000,2742.6000,2742.8000,2743.6000,1,2,1,1,4,1,1,1,1,1
SF,IH2009,2020-05-07 09:31:08.600,2742.6000,11782,0,51012600.000,0,-,-,-,-,2740.8000,2740.0000,2739.8000,2739.0000,2738.0000,2742.4000,2742.6000,2742.8000,2743.6000,2745.6000,3,1,1,4,1,1,2,1,1,1
SF,IH2009,2020-05-07 09:31:09.100,2742.6000,11782,0,51012600.000,0,-,-,-,-,2740.8000,2740.0000,2739.8000,2739.0000,2738.0000,2742.2000,2742.4000,2742.6000,2742.8000,2743.6000,1,1,1,4,1,1,1,2,1,1
SF,IH2009,2020-05-07 09:31:09.600,2742.6000,11782,0,51012600.000,0,-,-,-,-,2740.8000,2740.0000,2739.8000,2739.0000,2738.0000,2742.6000,2742.8000,2743.6000,2745.6000,2747.4000,1,1,1,4,1,1,1,1,1,5
SF,IH2009,2020-05-07 09:31:10.100,2742.6000,11782,0,51012600.000,0,-,-,-,-,2741.0000,2740.8000,2740.0000,2739.8000,2739.0000,2742.4000,2742.6000,2742.8000,2743.6000,2745.6000,1,1,1,1,4,4,1,1,1,1
SF,IH2009,2020-05-07 09:31:10.600,2742.6000,11782,0,51012600.000,0,-,-,-,-,2741.2000,2740.0000,2739.8000,2739.0000,2738.0000,2742.4000,2742.6000,2742.8000,2743.6000,2745.6000,1,1,1,4,1,2,1,2,1,1
SF,IH2009,2020-05-07 09:31:11.100,2742.6000,11782,0,51012600.000,0,-,-,-,-,2741.2000,2740.0000,2739.8000,2739.0000,2738.0000,2742.6000,2742.8000,2743.6000,2745.6000,2747.4000,1,1,1,4,1,1,2,1,1,5
SF,IH2009,2020-05-07 09:31:11.600,2742.6000,11782,0,51012600.000,0,-,-,-,-,2741.2000,2740.0000,2739.8000,2739.0000,2738.0000,2742.6000,2742.8000,2743.6000,2745.6000,2747.4000,1,1,1,4,1,1,2,1,1,5
SF,IH2009,2020-05-07 09:31:12.100,2742.6000,11782,0,51012600.000,0,-,-,-,-,2741.4000,2741.2000,2740.0000,2739.8000,2739.0000,2742.6000,2742.8000,2743.6000,2745.6000,2747.4000,1,1,1,1,4,1,2,1,1,5
SF,IH2009,2020-05-07 09:31:12.600,2742.6000,11782,0,51012600.000,0,-,-,-,-,2741.4000,2741.2000,2740.0000,2739.8000,2739.0000,2742.6000,2742.8000,2743.6000,2745.6000,2747.4000,1,1,1,1,4,1,1,1,1,5
SF,IH2009,2020-05-07 09:31:13.100,2742.6000,11782,0,51012600.000,0,-,-,-,-,2741.4000,2741.2000,2740.0000,2739.8000,2739.0000,2742.4000,2742.6000,2742.8000,2743.6000,2745.6000,1,1,1,1,4,1,1,1,1,1
SF,IH2009,2020-05-07 09:31:13.600,2742.6000,11782,0,51012600.000,0,-,-,-,-,2741.4000,2740.0000,2739.8000,2739.0000,2738.0000,2742.4000,2742.6000,2742.8000,2743.6000,2745.6000,1,2,1,4,1,1,1,1,1,1
SF,IH2009,2020-05-07 09:31:14.100,2742.6000,11782,0,51012600.000,0,-,-,-,-,2740.0000,2739.8000,2739.0000,2738.0000,2735.0000,2742.4000,2742.6000,2742.8000,2743.6000,2745.6000,2,1,4,1,13,2,1,1,1,1
SF,IH2009,2020-05-07 09:31:14.600,2742.6000,11782,0,51012600.000,0,-,-,-,-,2740.2000,2740.0000,2739.8000,2739.0000,2738.0000,2742.2000,2742.4000,2742.6000,2742.8000,2743.6000,2,2,1,4,1,1,2,1,1,1
SF,IH2009,2020-05-07 09:31:15.100,2742.6000,11782,0,51012600.000,0,-,-,-,-,2740.4000,2740.2000,2740.0000,2739.8000,2739.0000,2742.2000,2742.4000,2742.6000,2742.8000,2743.6000,1,2,2,1,4,1,2,1,1,1
SF,IH2009,2020-05-07 09:31:15.600,2742.6000,11782,0,51012600.000,0,-,-,-,-,2740.6000,2740.0000,2739.8000,2739.0000,2738.0000,2742.0000,2742.2000,2742.4000,2742.6000,2742.8000,3,2,1,4,1,1,1,2,1,1
SF,IH2009,2020-05-07 09:31:16.100,2742.6000,11782,0,51012600.000,0,-,-,-,-,2740.6000,2740.0000,2739.8000,2739.0000,2738.0000,2741.8000,2742.0000,2742.2000,2742.4000,2742.6000,2,2,1,4,1,1,1,1,2,1
SF,IH2009,2020-05-07 09:31:16.600,2742.6000,11782,0,51012600.000,0,-,-,-,-,2740.6000,2740.0000,2739.8000,2739.0000,2738.0000,2742.0000,2742.2000,2742.4000,2742.6000,2742.8000,2,2,1,4,1,1,1,2,1,1
SF,IH2009,2020-05-07 09:31:17.100,2742.6000,11782,0,51012600.000,0,-,-,-,-,2740.8000,2740.6000,2740.0000,2739.8000,2739.0000,2742.0000,2742.2000,2742.4000,2742.6000,2742.8000,1,2,2,1,4,1,1,2,1,1
SF,IH2009,2020-05-07 09:31:17.600,2742.6000,11782,0,51012600.000,0,-,-,-,-,2740.6000,2740.0000,2739.8000,2739.0000,2738.0000,2742.0000,2742.2000,2742.4000,2742.6000,2742.8000,2,2,1,4,1,1,1,2,1,1
SF,IH2009,2020-05-07 09:31:18.100,2742.6000,11782,0,51012600.000,0,-,-,-,-,2740.8000,2740.6000,2740.0000,2739.8000,2739.0000,2742.0000,2742.2000,2742.4000,2742.6000,2742.8000,1,2,2,1,4,1,1,2,1,1
SF,IH2009,2020-05-07 09:31:18.600,2742.6000,11782,0,51012600.000,0,-,-,-,-,2741.0000,2740.6000,2740.0000,2739.8000,2739.0000,2742.0000,2742.2000,2742.4000,2742.6000,2742.8000,1,1,2,1,4,1,1,2,1,1
SF,IH2009,2020-05-07 09:31:19.100,2741.0000,11781,-1,51834900.000,1,0,1,双平,S,2740.0000,2739.8000,2739.0000,2738.0000,2735.0000,2741.8000,2742.0000,2742.4000,2742.8000,2743.6000,2,1,4,1,13,2,1,2,1,1
SF,IH2009,2020-05-07 09:31:19.600,2741.0000,11781,0,51834900.000,0,-,-,-,-,2740.2000,2740.0000,2739.8000,2739.0000,2738.0000,2741.6000,2741.8000,2742.0000,2742.4000,2742.8000,2,2,1,4,1,3,1,1,3,1
SF,IH2009,2020-05-07 09:31:20.100,2741.0000,11781,0,51834900.000,0,-,-,-,-,2740.2000,2740.0000,2739.8000,2739.0000,2738.0000,2741.6000,2741.8000,2742.0000,2742.4000,2742.8000,1,2,1,4,1,3,1,1,2,1
SF,IH2009,2020-05-07 09:31:20.600,2741.6000,11781,0,52657380.000,1,0,1,多换,S,2740.2000,2740.0000,2739.8000,2739.0000,2738.0000,2741.6000,2741.8000,2742.0000,2742.4000,2742.8000,1,2,1,4,1,2,1,1,2,1
SF,IH2009,2020-05-07 09:31:21.100,2741.6000,11781,0,52657380.000,0,-,-,-,-,2740.2000,2740.0000,2739.8000,2739.0000,2738.0000,2741.0000,2741.6000,2741.8000,2742.0000,2742.4000,1,2,1,4,1,5,2,1,1,2
SF,IH2009,2020-05-07 09:31:21.600,2741.6000,11781,0,52657380.000,0,-,-,-,-,2740.2000,2740.0000,2739.8000,2739.0000,2738.0000,2741.0000,2741.6000,2741.8000,2742.4000,2742.8000,1,2,1,4,1,5,2,1,1,1
SF,IH2009,2020-05-07 09:31:22.100,2741.6000,11780,-1,53479860.000,1,0,1,双平,S,2740.2000,2740.0000,2739.8000,2739.0000,2738.0000,2741.0000,2741.6000,2741.8000,2742.4000,2742.8000,1,2,1,4,1,4,2,1,1,1
SF,IH2009,2020-05-07 09:31:22.600,2741.6000,11780,0,53479860.000,0,-,-,-,-,2740.2000,2740.0000,2739.8000,2739.0000,2738.0000,2741.0000,2741.6000,2741.8000,2742.4000,2742.8000,1,2,1,4,1,4,1,1,1,1
SF,IH2009,2020-05-07 09:31:23.100,2741.6000,11780,0,53479860.000,0,-,-,-,-,2740.2000,2740.0000,2739.8000,2739.0000,2738.0000,2741.0000,2741.6000,2741.8000,2742.0000,2742.4000,1,2,1,4,1,4,1,1,1,1
SF,IH2009,2020-05-07 09:31:24.100,2741.6000,11780,0,53479860.000,0,-,-,-,-,2740.4000,2740.2000,2740.0000,2739.8000,2739.0000,2741.0000,2741.6000,2741.8000,2742.0000,2742.4000,1,1,2,1,4,4,1,1,1,1
SF,IH2009,2020-05-07 09:31:24.600,2741.6000,11780,0,53479860.000,0,-,-,-,-,2740.4000,2740.0000,2739.8000,2739.0000,2738.0000,2741.0000,2741.8000,2742.0000,2742.4000,2742.8000,1,2,1,4,1,4,1,1,1,1
SF,IH2009,2020-05-07 09:31:25.100,2740.4000,11779,-1,54301980.000,1,0,1,双平,S,2740.0000,2739.8000,2739.0000,2738.0000,2736.0000,2741.0000,2741.8000,2742.0000,2742.4000,2742.8000,2,1,4,1,1,4,1,1,1,1
SF,IH2009,2020-05-07 09:31:25.600,2740.4000,11779,0,54301980.000,0,-,-,-,-,2740.0000,2739.8000,2739.0000,2738.0000,2736.0000,2740.8000,2741.0000,2741.8000,2742.0000,2742.4000,2,1,4,1,1,2,4,1,1,1
SF,IH2009,2020-05-07 09:31:31.100,2740.0000,11779,0,55123980.000,1,0,1,多换,S,2740.0000,2739.8000,2739.0000,2738.0000,2736.0000,2740.8000,2741.0000,2741.8000,2742.0000,2742.4000,1,1,4,1,1,2,4,1,1,1
SF,IH2009,2020-05-07 09:31:31.600,2740.0000,11778,-1,55945980.000,1,0,1,双平,S,2739.8000,2739.0000,2738.0000,2736.0000,2735.0000,2740.8000,2741.0000,2742.0000,2742.4000,2742.8000,1,4,1,1,13,2,5,1,1,1
SF,IH2009,2020-05-07 09:31:32.100,2740.0000,11778,0,55945980.000,0,-,-,-,-,2739.8000,2739.0000,2738.0000,2736.0000,2735.0000,2740.0000,2740.8000,2741.0000,2742.0000,2742.4000,1,4,1,1,13,1,2,5,1,1
SF,IH2009,2020-05-07 09:31:32.600,2740.0000,11777,-1,56767980.000,1,0,1,双平,S,2740.0000,2739.8000,2739.0000,2738.0000,2736.0000,2740.8000,2741.0000,2742.0000,2742.4000,2742.8000,1,1,4,1,1,2,4,1,1,1
SF,IH2009,2020-05-07 09:31:33.100,2740.0000,11777,0,56767980.000,0,-,-,-,-,2740.0000,2739.8000,2739.2000,2739.0000,2738.0000,2740.8000,2741.0000,2742.0000,2742.4000,2742.8000,1,1,1,4,1,2,4,1,1,1
SF,IH2009,2020-05-07 09:31:33.600,2740.0000,11777,0,56767980.000,0,-,-,-,-,2740.0000,2739.8000,2739.2000,2739.0000,2738.4000,2740.8000,2741.0000,2742.0000,2742.4000,2742.8000,1,1,1,4,1,3,4,1,1,1
SF,IH2009,2020-05-07 09:31:34.100,2740.0000,11777,0,56767980.000,0,-,-,-,-,2740.0000,2739.8000,2739.2000,2739.0000,2738.4000,2740.8000,2741.0000,2742.0000,2742.4000,2742.8000,1,1,1,4,1,2,4,1,1,1
SF,IH2009,2020-05-07 09:31:34.600,2740.0000,11777,0,56767980.000,0,-,-,-,-,2740.0000,2739.8000,2739.2000,2739.0000,2738.4000,2740.8000,2741.0000,2742.0000,2742.4000,2742.8000,1,1,1,4,1,2,4,1,1,1
SF,IH2009,2020-05-07 09:31:35.600,2740.0000,11777,0,56767980.000,0,-,-,-,-,2740.0000,2739.8000,2739.2000,2739.0000,2738.4000,2740.8000,2741.0000,2742.0000,2742.4000,2742.8000,1,1,1,4,1,2,4,1,1,1
SF,IH2009,2020-05-07 09:31:36.100,2740.0000,11777,0,56767980.000,0,-,-,-,-,2740.0000,2739.8000,2739.2000,2739.0000,2738.4000,2740.8000,2741.0000,2742.0000,2742.4000,2742.8000,1,1,1,4,1,2,4,1,1,1
SF,IH2009,2020-05-07 09:31:37.100,2740.0000,11777,0,56767980.000,0,-,-,-,-,2740.0000,2739.8000,2739.2000,2739.0000,2738.4000,2740.8000,2741.0000,2742.0000,2742.4000,2742.8000,1,1,1,4,1,2,4,1,1,1
SF,IH2009,2020-05-07 09:31:38.600,2740.0000,11776,-1,57589980.000,1,0,1,双平,S,2739.8000,2739.2000,2739.0000,2738.4000,2738.0000,2740.8000,2741.0000,2742.0000,2742.4000,2742.8000,1,1,4,1,5,2,4,1,1,1
SF,IH2009,2020-05-07 09:31:39.100,2739.8000,11775,-1,58411920.000,1,0,1,双平,S,2739.2000,2739.0000,2738.4000,2738.0000,2736.0000,2740.6000,2740.8000,2741.0000,2742.0000,2742.4000,1,4,1,5,1,2,2,4,1,1
SF,IH2009,2020-05-07 09:31:39.600,2739.8000,11775,0,58411920.000,0,-,-,-,-,2739.2000,2739.0000,2738.4000,2738.0000,2737.4000,2739.8000,2740.4000,2740.6000,2740.8000,2741.0000,1,4,1,5,1,1,1,2,2,4
SF,IH2009,2020-05-07 09:31:40.100,2739.8000,11775,0,59233860.000,1,0,1,多换,S,2739.2000,2739.0000,2738.4000,2738.0000,2737.4000,2740.4000,2741.0000,2742.0000,2742.4000,2742.8000,1,4,1,5,1,1,4,1,1,1
SF,IH2009,2020-05-07 09:31:40.600,2739.8000,11775,0,59233860.000,0,-,-,-,-,2739.4000,2739.2000,2739.0000,2738.4000,2738.0000,2740.4000,2741.0000,2742.0000,2742.4000,2742.8000,1,1,4,1,5,1,4,1,1,1
SF,IH2009,2020-05-07 09:31:41.100,2739.4000,11774,-1,60055680.000,1,0,1,双平,S,2739.2000,2739.0000,2738.4000,2738.0000,2737.4000,2740.2000,2740.4000,2741.0000,2742.0000,2742.4000,1,4,1,5,1,1,1,4,1,1
SF,IH2009,2020-05-07 09:31:41.600,2739.4000,11774,0,60055680.000,0,-,-,-,-,2739.0000,2738.4000,2738.0000,2737.4000,2736.0000,2740.0000,2740.4000,2741.0000,2742.0000,2742.4000,4,1,5,1,1,1,1,4,1,1
SF,IH2009,2020-05-07 09:31:42.100,2739.0000,11774,0,60877380.000,1,0,1,多换,S,2739.0000,2738.4000,2738.0000,2737.4000,2736.0000,2740.0000,2740.4000,2741.0000,2742.0000,2742.4000,3,1,5,1,1,1,1,4,1,1
SF,IH2009,2020-05-07 09:31:42.600,2740.0000,11773,-1,61699380.000,1,0,1,双平,S,2739.0000,2738.4000,2738.0000,2737.4000,2736.0000,2740.4000,2741.0000,2742.0000,2742.4000,2742.8000,3,1,5,1,1,1,4,1,1,1
SF,IH2009,2020-05-07 09:31:43.100,2740.0000,11773,0,61699380.000,0,-,-,-,-,2739.0000,2738.4000,2738.0000,2737.4000,2736.0000,2740.2000,2740.4000,2741.0000,2742.0000,2742.4000,3,1,5,1,1,1,1,4,1,1
SF,IH2009,2020-05-07 09:31:44.100,2740.0000,11773,0,61699380.000,0,-,-,-,-,2739.0000,2738.4000,2738.0000,2737.4000,2736.0000,2740.2000,2740.4000,2741.0000,2742.0000,2742.4000,3,1,5,1,1,2,1,4,1,1
SF,IH2009,2020-05-07 09:31:44.600,2740.0000,11773,0,61699380.000,0,-,-,-,-,2739.0000,2738.4000,2738.0000,2737.4000,2736.0000,2740.0000,2740.2000,2740.4000,2741.0000,2742.0000,3,1,5,1,1,1,2,1,4,2
SF,IH2009,2020-05-07 09:31:45.100,2740.0000,11773,0,61699380.000,0,-,-,-,-,2739.0000,2738.4000,2738.0000,2737.4000,2736.0000,2740.0000,2740.2000,2740.4000,2741.0000,2742.0000,3,1,5,1,1,1,2,1,4,2
SF,IH2009,2020-05-07 09:31:45.600,2740.0000,11773,0,62521380.000,1,0,1,多换,S,2739.0000,2738.4000,2738.0000,2737.4000,2736.0000,2740.0000,2740.2000,2740.4000,2741.0000,2742.0000,3,1,5,1,1,1,1,1,4,2
SF,IH2009,2020-05-07 09:31:46.100,2740.0000,11773,0,62521380.000,0,-,-,-,-,2739.0000,2738.4000,2738.0000,2737.4000,2736.0000,2740.2000,2740.4000,2741.0000,2742.0000,2742.4000,3,1,5,1,1,1,1,4,2,1
SF,IH2009,2020-05-07 09:31:46.600,2740.0000,11773,0,62521380.000,0,-,-,-,-,2739.0000,2738.4000,2738.0000,2737.4000,2736.0000,2740.2000,2740.4000,2741.0000,2742.0000,2742.4000,3,1,5,1,1,1,1,4,2,1
SF,IH2009,2020-05-07 09:31:47.600,2740.0000,11773,0,62521380.000,0,-,-,-,-,2739.0000,2738.4000,2738.0000,2737.4000,2736.0000,2740.0000,2740.2000,2740.4000,2741.0000,2742.0000,3,1,5,1,1,1,1,1,4,2
SF,IH2009,2020-05-07 09:31:48.100,2740.0000,11773,0,62521380.000,0,-,-,-,-,2739.0000,2738.4000,2738.0000,2737.4000,2736.0000,2739.8000,2740.0000,2740.2000,2740.4000,2741.0000,3,1,5,1,1,1,1,1,1,4
SF,IH2009,2020-05-07 09:31:48.600,2740.0000,11773,0,62521380.000,0,-,-,-,-,2739.0000,2738.4000,2738.0000,2737.4000,2736.0000,2739.8000,2740.0000,2740.2000,2740.4000,2741.0000,3,1,5,1,1,1,1,1,1,4
SF,IH2009,2020-05-07 09:31:49.100,2740.0000,11773,0,62521380.000,0,-,-,-,-,2739.0000,2738.4000,2738.0000,2737.4000,2736.0000,2739.8000,2740.0000,2740.2000,2740.4000,2741.0000,3,1,5,1,1,1,1,1,1,4
SF,IH2009,2020-05-07 09:31:49.600,2740.0000,11773,0,62521380.000,0,-,-,-,-,2739.0000,2738.4000,2738.0000,2737.4000,2736.0000,2740.2000,2740.4000,2741.0000,2742.0000,2742.4000,3,1,5,1,1,1,1,4,2,1
SF,IH2009,2020-05-07 09:31:50.100,2739.0000,11770,-3,64986480.000,3,0,3,双平,S,2738.4000,2738.0000,2737.4000,2736.0000,2735.6000,2739.0000,2740.0000,2740.2000,2740.4000,2741.0000,1,5,1,1,1,7,1,1,1,4
SF,IH2009,2020-05-07 09:31:50.600,2739.0000,11763,-7,70738380.000,7,0,7,双平,S,2738.6000,2738.4000,2738.0000,2737.4000,2736.4000,2739.6000,2740.0000,2740.2000,2741.0000,2742.0000,1,1,5,1,1,1,1,1,4,2
SF,IH2009,2020-05-07 09:31:51.100,2738.8000,11762,-1,71560020.000,1,0,1,双平,S,2738.6000,2738.4000,2738.0000,2737.4000,2736.4000,2739.6000,2740.0000,2741.0000,2742.0000,2742.4000,1,1,5,1,1,1,1,4,2,2
SF,IH2009,2020-05-07 09:31:51.600,2738.8000,11762,0,71560020.000,0,-,-,-,-,2738.4000,2738.0000,2737.4000,2736.4000,2736.0000,2739.6000,2740.0000,2741.0000,2742.0000,2742.4000,1,5,1,1,1,1,1,4,2,2
SF,IH2009,2020-05-07 09:31:52.100,2738.8000,11762,0,71560020.000,0,-,-,-,-,2738.4000,2738.0000,2737.4000,2736.4000,2736.0000,2739.0000,2741.0000,2742.0000,2742.4000,2743.6000,1,5,1,1,1,1,4,2,2,1
SF,IH2009,2020-05-07 09:31:52.600,2739.0000,11761,-1,72381720.000,1,0,1,双平,S,2739.0000,2738.4000,2738.0000,2737.4000,2736.4000,2741.0000,2742.0000,2742.4000,2743.6000,2745.6000,1,1,5,1,1,4,2,2,1,1
SF,IH2009,2020-05-07 09:31:53.100,2739.0000,11760,-1,73203420.000,1,0,1,双平,S,2738.4000,2738.0000,2737.4000,2736.0000,2735.6000,2739.0000,2740.8000,2741.0000,2742.0000,2742.4000,1,5,1,1,1,10,4,4,2,2
SF,IH2009,2020-05-07 09:31:53.600,2739.0000,11758,-2,74846820.000,2,0,2,双平,S,2738.6000,2738.4000,2738.0000,2737.4000,2736.0000,2739.0000,2740.8000,2741.0000,2742.0000,2742.4000,1,1,5,1,1,8,3,4,2,2
SF,IH2009,2020-05-07 09:31:54.100,2738.6000,11756,-2,77311800.000,3,0,3,多平,S,2738.4000,2738.0000,2737.4000,2736.6000,2736.0000,2739.0000,2740.8000,2741.0000,2742.0000,2742.4000,1,5,1,1,1,6,2,4,2,2
SF,IH2009,2020-05-07 09:31:54.600,2738.6000,11756,0,77311800.000,0,-,-,-,-,2738.4000,2738.0000,2737.4000,2736.6000,2736.0000,2739.0000,2740.8000,2741.0000,2742.0000,2742.4000,1,5,1,1,1,6,2,4,2,2
SF,IH2009,2020-05-07 09:31:55.100,2738.6000,11756,0,77311800.000,0,-,-,-,-,2738.4000,2738.0000,2737.4000,2736.6000,2736.0000,2739.0000,2740.8000,2741.0000,2742.0000,2742.4000,1,5,1,1,1,6,2,4,2,2
SF,IH2009,2020-05-07 09:31:55.600,2739.0000,11755,-1,78133500.000,1,0,1,双平,S,2738.4000,2738.0000,2737.4000,2736.6000,2736.0000,2739.0000,2740.8000,2741.0000,2742.0000,2742.4000,1,5,1,1,1,5,2,4,2,2
SF,IH2009,2020-05-07 09:31:56.100,2739.0000,11755,0,78133500.000,0,-,-,-,-,2738.4000,2738.0000,2737.4000,2736.6000,2736.0000,2739.0000,2740.8000,2741.0000,2742.0000,2742.4000,1,5,1,1,1,5,2,4,2,1
SF,IH2009,2020-05-07 09:31:56.600,2739.0000,11755,0,78133500.000,0,-,-,-,-,2738.4000,2738.0000,2737.4000,2736.6000,2736.0000,2739.0000,2740.4000,2740.8000,2741.0000,2742.0000,1,5,1,1,1,5,1,2,4,2
SF,IH2009,2020-05-07 09:31:57.100,2739.0000,11754,-1,78955200.000,1,0,1,双平,S,2738.4000,2738.0000,2737.4000,2736.6000,2736.0000,2739.0000,2740.4000,2740.8000,2741.0000,2742.0000,1,5,1,1,1,4,1,2,4,2
SF,IH2009,2020-05-07 09:31:59.600,2739.0000,11754,0,78955200.000,0,-,-,-,-,2738.4000,2738.0000,2737.4000,2736.6000,2736.0000,2739.0000,2740.4000,2740.8000,2741.0000,2742.0000,1,5,1,1,1,4,1,2,4,2
SF,IH2009,2020-05-07 09:32:00.100,2739.0000,11754,0,78955200.000,0,-,-,-,-,2738.4000,2738.0000,2737.4000,2736.6000,2736.0000,2739.0000,2740.8000,2741.0000,2742.0000,2742.4000,1,5,1,1,1,4,2,4,2,1
SF,IH2009,2020-05-07 09:32:01.600,2739.0000,11754,0,78955200.000,0,-,-,-,-,2738.0000,2737.4000,2736.6000,2736.0000,2735.6000,2739.0000,2740.8000,2741.0000,2742.0000,2742.4000,5,1,1,1,1,4,2,4,2,1
SF,IH2009,2020-05-07 09:32:02.100,2739.0000,11754,0,78955200.000,0,-,-,-,-,2738.0000,2737.4000,2736.6000,2736.0000,2735.6000,2739.0000,2740.8000,2741.0000,2742.0000,2742.4000,5,1,1,2,1,4,2,4,2,1
SF,IH2009,2020-05-07 09:32:02.600,2739.0000,11754,0,78955200.000,0,-,-,-,-,2738.0000,2737.4000,2736.6000,2736.0000,2735.6000,2739.0000,2740.8000,2741.0000,2742.0000,2742.4000,5,1,1,2,1,4,2,4,2,1
SF,IH2009,2020-05-07 09:32:03.100,2739.0000,11754,0,78955200.000,0,-,-,-,-,2738.0000,2737.4000,2736.6000,2736.0000,2735.6000,2739.0000,2740.8000,2741.0000,2742.0000,2742.4000,5,1,1,2,1,4,2,4,2,1
SF,IH2009,2020-05-07 09:32:03.600,2739.0000,11754,0,79776900.000,1,0,1,多换,S,2738.0000,2737.4000,2736.6000,2736.0000,2735.6000,2739.0000,2740.8000,2741.0000,2742.0000,2742.4000,5,1,1,2,1,3,2,4,2,1
SF,IH2009,2020-05-07 09:32:04.100,2739.0000,11754,0,79776900.000,0,-,-,-,-,2738.0000,2737.4000,2736.6000,2736.0000,2735.6000,2739.0000,2740.8000,2741.0000,2742.0000,2742.4000,5,1,1,2,1,3,2,4,2,1
SF,IH2009,2020-05-07 09:32:06.100,2738.0000,11753,-1,80598300.000,1,0,1,双平,S,2738.0000,2737.4000,2736.6000,2736.0000,2735.6000,2739.0000,2740.8000,2741.0000,2742.0000,2742.4000,4,1,1,2,1,4,2,4,2,1
SF,IH2009,2020-05-07 09:32:06.600,2738.0000,11753,0,80598300.000,0,-,-,-,-,2738.0000,2737.4000,2737.0000,2736.6000,2736.0000,2739.0000,2740.8000,2741.0000,2742.0000,2742.4000,4,1,1,1,2,4,2,4,2,1
SF,IH2009,2020-05-07 09:32:07.600,2739.0000,11753,0,81420000.000,1,0,1,多换,S,2738.0000,2737.4000,2737.0000,2736.6000,2736.0000,2739.0000,2740.8000,2741.0000,2742.0000,2742.4000,4,1,1,1,2,3,2,4,2,1
SF,IH2009,2020-05-07 09:32:08.100,2738.2000,11752,-1,82241460.000,1,0,1,双平,S,2738.2000,2738.0000,2737.4000,2737.0000,2736.6000,2738.6000,2739.0000,2740.8000,2741.0000,2742.0000,1,4,1,1,1,1,2,2,4,2
SF,IH2009,2020-05-07 09:32:08.600,2738.6000,11752,0,83063040.000,1,0,1,多换,S,2738.2000,2738.0000,2737.4000,2737.0000,2736.6000,2739.0000,2740.8000,2741.0000,2742.0000,2742.4000,1,4,1,1,1,2,2,4,2,1
SF,IH2009,2020-05-07 09:32:11.600,2738.6000,11752,0,83063040.000,0,-,-,-,-,2738.4000,2738.2000,2738.0000,2737.4000,2737.0000,2739.0000,2740.8000,2741.0000,2742.0000,2742.4000,1,1,4,1,1,2,2,4,2,1
SF,IH2009,2020-05-07 09:32:12.100,2739.0000,11751,-1,83884740.000,1,0,1,双平,S,2738.4000,2738.2000,2738.0000,2737.4000,2737.0000,2739.0000,2740.8000,2741.0000,2742.0000,2742.4000,1,1,4,1,1,1,2,4,2,1
SF,IH2009,2020-05-07 09:32:12.600,2739.0000,11751,0,83884740.000,0,-,-,-,-,2738.4000,2738.2000,2738.0000,2737.4000,2737.0000,2739.0000,2740.8000,2741.0000,2742.0000,2742.4000,1,1,5,1,1,1,2,4,2,1
SF,IH2009,2020-05-07 09:32:13.600,2739.0000,11751,0,83884740.000,0,-,-,-,-,2738.4000,2738.2000,2738.0000,2737.4000,2737.0000,2739.0000,2740.8000,2741.0000,2742.0000,2742.4000,1,1,5,1,1,2,2,4,2,1
SF,IH2009,2020-05-07 09:32:15.600,2738.4000,11751,0,84706260.000,1,0,1,多换,S,2738.2000,2738.0000,2737.4000,2737.0000,2736.6000,2739.0000,2740.8000,2741.0000,2742.0000,2742.4000,1,5,1,1,1,2,2,4,2,1
SF,IH2009,2020-05-07 09:32:18.100,2739.0000,11750,-1,85527960.000,1,0,1,双平,S,2738.2000,2738.0000,2737.4000,2737.0000,2736.6000,2739.0000,2740.8000,2741.0000,2742.0000,2742.4000,1,5,1,1,1,1,2,4,2,1
SF,IH2009,2020-05-07 09:32:18.600,2738.4000,11747,-3,87992700.000,3,0,3,双平,S,2738.2000,2738.0000,2737.4000,2737.0000,2736.6000,2740.8000,2741.0000,2742.0000,2742.4000,2743.6000,1,5,1,1,1,2,4,2,1,1
SF,IH2009,2020-05-07 09:32:19.100,2738.4000,11747,0,87992700.000,0,-,-,-,-,2738.2000,2738.0000,2737.4000,2737.0000,2736.6000,2738.4000,2740.6000,2740.8000,2741.0000,2742.0000,1,5,1,1,1,1,1,2,4,2
SF,IH2009,2020-05-07 09:32:19.600,2738.4000,11746,-1,88814220.000,1,0,1,双平,S,2738.6000,2738.2000,2738.0000,2737.4000,2737.0000,2740.6000,2741.0000,2742.0000,2742.4000,2743.6000,2,1,5,1,1,1,4,2,1,1
SF,IH2009,2020-05-07 09:32:20.100,2738.4000,11746,0,88814220.000,0,-,-,-,-,2738.2000,2738.0000,2737.4000,2737.0000,2736.6000,2740.4000,2740.6000,2741.0000,2742.0000,2742.4000,1,5,1,1,1,2,1,4,2,1
SF,IH2009,2020-05-07 09:32:20.600,2738.4000,11746,0,88814220.000,0,-,-,-,-,2738.8000,2738.4000,2738.0000,2737.4000,2737.0000,2740.2000,2740.4000,2740.6000,2741.0000,2742.0000,1,1,5,1,1,1,1,1,5,2
SF,IH2009,2020-05-07 09:32:21.100,2738.4000,11746,0,88814220.000,0,-,-,-,-,2738.8000,2738.4000,2738.0000,2737.4000,2737.0000,2740.0000,2740.2000,2740.6000,2741.0000,2742.0000,1,1,5,1,1,2,1,1,5,2
SF,IH2009,2020-05-07 09:32:21.600,2738.4000,11746,0,88814220.000,0,-,-,-,-,2738.8000,2738.4000,2738.0000,2737.4000,2737.0000,2740.0000,2740.2000,2740.6000,2741.0000,2742.0000,1,1,5,1,1,2,1,1,4,2
SF,IH2009,2020-05-07 09:32:22.100,2738.4000,11746,0,88814220.000,0,-,-,-,-,2738.8000,2738.4000,2738.0000,2737.4000,2737.0000,2740.0000,2740.2000,2740.6000,2741.0000,2742.0000,1,1,5,1,1,2,1,1,4,2
SF,IH2009,2020-05-07 09:32:22.600,2738.8000,11746,0,89635860.000,1,0,1,多换,S,2738.4000,2738.0000,2737.4000,2737.0000,2736.6000,2739.8000,2740.0000,2740.2000,2740.6000,2741.0000,1,5,1,1,1,1,1,1,1,4
SF,IH2009,2020-05-07 09:32:23.100,2738.8000,11746,0,89635860.000,0,-,-,-,-,2738.0000,2737.4000,2737.0000,2736.6000,2736.0000,2739.6000,2740.2000,2740.6000,2741.0000,2742.0000,5,1,1,1,1,2,1,1,4,2
SF,IH2009,2020-05-07 09:32:23.600,2738.8000,11746,0,89635860.000,0,-,-,-,-,2738.2000,2738.0000,2737.4000,2737.0000,2736.6000,2740.2000,2740.6000,2741.0000,2742.0000,2742.4000,2,5,1,1,1,1,1,4,2,1
SF,IH2009,2020-05-07 09:32:24.100,2738.8000,11746,0,89635860.000,0,-,-,-,-,2738.4000,2738.2000,2738.0000,2737.4000,2737.0000,2740.0000,2740.2000,2740.6000,2741.0000,2742.0000,1,1,5,1,1,2,1,1,4,2
SF,IH2009,2020-05-07 09:32:24.600,2738.8000,11746,0,89635860.000,0,-,-,-,-,2738.2000,2738.0000,2737.4000,2737.0000,2736.6000,2739.8000,2740.0000,2740.2000,2740.6000,2741.0000,1,5,1,1,1,2,1,1,1,4
SF,IH2009,2020-05-07 09:32:25.100,2738.4000,11746,0,90457380.000,1,0,1,多换,S,2738.2000,2738.0000,2737.4000,2737.0000,2736.6000,2739.6000,2739.8000,2740.0000,2740.2000,2741.0000,1,5,1,1,1,1,1,1,1,4
SF,IH2009,2020-05-07 09:32:25.600,2738.2000,11746,0,91278840.000,1,0,1,多换,S,2738.0000,2737.4000,2737.0000,2736.6000,2736.0000,2739.4000,2739.8000,2740.0000,2740.2000,2741.0000,5,1,1,1,1,1,1,1,1,4
SF,IH2009,2020-05-07 09:32:26.100,2738.2000,11746,0,91278840.000,0,-,-,-,-,2738.0000,2737.4000,2737.0000,2736.6000,2736.0000,2739.8000,2740.0000,2740.2000,2741.0000,2742.0000,5,1,1,1,1,1,1,1,4,2
SF,IH2009,2020-05-07 09:32:26.600,2738.2000,11746,0,91278840.000,0,-,-,-,-,2738.0000,2737.4000,2737.0000,2736.6000,2736.0000,2738.2000,2739.6000,2739.8000,2740.2000,2741.0000,5,1,1,1,1,1,2,1,1,4
SF,IH2009,2020-05-07 09:32:27.100,2738.2000,11745,-1,92100300.000,1,0,1,双平,S,2738.0000,2737.4000,2737.0000,2736.6000,2736.0000,2739.8000,2740.2000,2741.0000,2742.0000,2742.4000,5,1,1,1,1,1,1,4,2,1
SF,IH2009,2020-05-07 09:32:27.600,2738.2000,11745,0,92100300.000,0,-,-,-,-,2738.0000,2737.4000,2737.0000,2736.6000,2736.0000,2739.6000,2739.8000,2740.2000,2741.0000,2742.0000,5,1,1,1,1,2,1,1,4,2
SF,IH2009,2020-05-07 09:32:28.100,2738.2000,11745,0,92100300.000,0,-,-,-,-,2738.0000,2737.4000,2737.0000,2736.6000,2736.0000,2739.4000,2739.6000,2739.8000,2740.2000,2741.0000,5,1,1,1,1,1,1,1,1,4
SF,IH2009,2020-05-07 09:32:28.600,2738.2000,11745,0,92100300.000,0,-,-,-,-,2738.0000,2737.4000,2737.0000,2736.6000,2736.0000,2739.2000,2739.8000,2740.2000,2741.0000,2742.0000,5,1,1,1,1,2,1,1,4,2
SF,IH2009,2020-05-07 09:32:29.100,2738.0000,11745,0,93743100.000,2,1,1,多换,S,2738.0000,2737.4000,2737.0000,2736.6000,2736.0000,2739.0000,2739.2000,2739.8000,2740.2000,2741.0000,3,1,1,1,1,1,1,1,1,4
SF,IH2009,2020-05-07 09:32:29.600,2738.0000,11745,0,93743100.000,0,-,-,-,-,2738.0000,2737.4000,2737.0000,2736.6000,2736.0000,2739.2000,2739.8000,2740.2000,2741.0000,2742.0000,3,1,1,1,1,1,1,1,4,2
SF,IH2009,2020-05-07 09:32:30.100,2738.0000,11746,1,94564500.000,1,1,0,双开,S,2738.0000,2737.4000,2737.0000,2736.6000,2736.0000,2739.0000,2739.2000,2739.8000,2740.2000,2741.0000,2,1,1,1,1,1,1,1,1,4
SF,IH2009,2020-05-07 09:32:30.600,2738.0000,11746,0,94564500.000,0,-,-,-,-,2738.0000,2737.4000,2737.0000,2736.6000,2736.0000,2738.8000,2739.2000,2739.8000,2740.2000,2741.0000,2,1,1,1,1,1,1,1,1,4
SF,IH2009,2020-05-07 09:32:31.100,2738.0000,11747,1,95385900.000,1,1,0,双开,S,2738.0000,2737.4000,2737.0000,2736.6000,2736.0000,2738.6000,2739.2000,2739.8000,2740.2000,2741.0000,1,1,1,1,1,1,1,1,1,4
SF,IH2009,2020-05-07 09:32:31.600,2738.0000,11747,0,95385900.000,0,-,-,-,-,2738.0000,2737.4000,2737.0000,2736.6000,2736.0000,2739.2000,2740.2000,2741.0000,2742.0000,2742.4000,1,1,1,1,1,1,1,4,2,1
SF,IH2009,2020-05-07 09:32:32.100,2738.0000,11747,0,95385900.000,0,-,-,-,-,2738.0000,2737.4000,2737.0000,2736.6000,2736.0000,2738.8000,2739.0000,2739.2000,2740.2000,2741.0000,1,1,1,1,1,1,1,1,1,4
SF,IH2009,2020-05-07 09:32:32.600,2738.0000,11747,0,96207300.000,1,0,1,多换,S,2738.6000,2737.6000,2737.4000,2737.0000,2736.6000,2738.8000,2739.2000,2740.2000,2741.0000,2742.0000,1,1,1,1,1,1,1,1,4,2
SF,IH2009,2020-05-07 09:32:33.100,2738.6000,11747,0,97028880.000,1,0,1,多换,S,2737.6000,2737.4000,2737.0000,2736.6000,2736.0000,2738.6000,2738.8000,2739.2000,2740.2000,2741.0000,1,1,1,1,1,1,1,1,1,4
SF,IH2009,2020-05-07 09:32:34.100,2737.6000,11747,0,97850160.000,1,0,1,多换,S,2737.4000,2737.0000,2736.6000,2736.0000,2735.6000,2738.8000,2739.2000,2740.2000,2741.0000,2742.0000,1,1,1,1,1,1,1,1,4,2
SF,IH2009,2020-05-07 09:32:34.600,2737.6000,11747,0,97850160.000,0,-,-,-,-,2737.4000,2737.0000,2736.6000,2736.0000,2735.6000,2738.6000,2738.8000,2739.2000,2740.2000,2741.0000,1,1,1,1,2,2,1,1,1,4
SF,IH2009,2020-05-07 09:32:35.100,2737.6000,11747,0,97850160.000,0,-,-,-,-,2737.4000,2737.0000,2736.6000,2736.0000,2735.6000,2738.4000,2738.6000,2739.2000,2740.2000,2741.0000,1,1,1,1,2,1,2,1,1,4
SF,IH2009,2020-05-07 09:32:35.600,2737.4000,11747,0,98671380.000,1,0,1,多换,S,2737.0000,2736.6000,2736.0000,2735.6000,2735.2000,2738.4000,2738.6000,2739.2000,2740.2000,2741.0000,1,1,1,2,1,1,1,1,1,4
SF,IH2009,2020-05-07 09:32:36.100,2737.4000,11747,0,98671380.000,0,-,-,-,-,2737.0000,2736.6000,2736.0000,2735.6000,2735.2000,2738.0000,2738.4000,2738.6000,2739.2000,2740.2000,1,1,1,2,1,1,1,1,1,1
SF,IH2009,2020-05-07 09:32:36.600,2737.4000,11747,0,98671380.000,0,-,-,-,-,2737.0000,2736.6000,2736.0000,2735.6000,2735.2000,2738.0000,2738.2000,2738.6000,2739.2000,2740.2000,1,1,1,2,1,1,1,1,1,1
SF,IH2009,2020-05-07 09:32:37.100,2737.4000,11747,0,98671380.000,0,-,-,-,-,2737.0000,2736.6000,2736.0000,2735.6000,2735.2000,2738.0000,2738.2000,2738.6000,2739.2000,2740.2000,1,1,1,2,1,1,1,1,1,1
SF,IH2009,2020-05-07 09:32:38.600,2737.4000,11747,0,98671380.000,0,-,-,-,-,2737.0000,2736.6000,2736.0000,2735.6000,2735.2000,2738.0000,2738.2000,2738.6000,2739.2000,2740.2000,1,1,1,2,1,1,1,1,1,1
SF,IH2009,2020-05-07 09:32:40.100,2737.4000,11747,0,98671380.000,0,-,-,-,-,2737.0000,2736.6000,2736.0000,2735.6000,2735.2000,2737.8000,2738.0000,2738.6000,2739.2000,2740.2000,1,1,1,2,1,1,1,1,1,1
SF,IH2009,2020-05-07 09:32:40.600,2737.4000,11747,0,98671380.000,0,-,-,-,-,2737.0000,2736.6000,2736.0000,2735.6000,2735.2000,2738.0000,2738.6000,2739.2000,2740.2000,2741.0000,1,1,1,2,1,1,1,1,1,4
SF,IH2009,2020-05-07 09:32:41.100,2737.4000,11747,0,98671380.000,0,-,-,-,-,2737.0000,2736.6000,2736.0000,2735.6000,2735.2000,2737.8000,2738.0000,2738.6000,2739.2000,2740.2000,1,1,1,2,1,1,1,1,1,1
SF,IH2009,2020-05-07 09:32:41.600,2737.4000,11747,0,98671380.000,0,-,-,-,-,2737.0000,2736.6000,2736.0000,2735.6000,2735.2000,2737.8000,2738.0000,2738.6000,2739.2000,2740.2000,1,1,1,2,1,1,1,1,1,1
SF,IH2009,2020-05-07 09:32:42.100,2737.0000,11747,0,99492480.000,1,0,1,多换,S,2736.6000,2736.0000,2735.6000,2735.2000,2735.0000,2737.8000,2738.0000,2738.6000,2739.2000,2740.2000,1,1,2,1,13,1,1,1,1,1
SF,IH2009,2020-05-07 09:32:42.600,2737.0000,11747,0,99492480.000,0,-,-,-,-,2736.6000,2736.0000,2735.6000,2735.2000,2735.0000,2737.6000,2737.8000,2738.0000,2738.6000,2739.2000,1,1,2,1,13,1,1,1,1,1
SF,IH2009,2020-05-07 09:32:43.100,2737.0000,11747,0,99492480.000,0,-,-,-,-,2736.6000,2736.0000,2735.6000,2735.2000,2735.0000,2737.0000,2737.6000,2738.0000,2738.6000,2739.2000,1,1,2,1,13,1,1,1,1,1
SF,IH2009,2020-05-07 09:32:43.600,2737.0000,11747,0,99492480.000,0,-,-,-,-,2736.6000,2736.0000,2735.6000,2735.2000,2735.0000,2737.0000,2738.0000,2738.6000,2739.2000,2740.2000,1,1,2,1,13,2,1,1,1,1
SF,IH2009,2020-05-07 09:32:44.100,2737.0000,11745,-2,101134680.000,2,0,2,双平,S,2737.0000,2736.6000,2736.0000,2735.6000,2735.2000,2738.0000,2738.6000,2739.2000,2740.2000,2741.0000,1,1,1,2,1,1,1,1,1,4
SF,IH2009,2020-05-07 09:32:44.600,2737.0000,11745,0,101134680.000,0,-,-,-,-,2737.0000,2736.6000,2736.0000,2735.6000,2735.2000,2737.8000,2738.0000,2738.6000,2739.2000,2740.2000,1,1,1,2,1,1,1,1,1,1
SF,IH2009,2020-05-07 09:32:45.100,2737.0000,11745,0,101134680.000,0,-,-,-,-,2737.0000,2736.6000,2736.0000,2735.6000,2735.2000,2738.0000,2738.6000,2739.2000,2740.2000,2741.0000,1,1,1,2,1,1,1,1,1,4
SF,IH2009,2020-05-07 09:32:45.600,2737.0000,11745,0,101134680.000,0,-,-,-,-,2737.0000,2736.6000,2736.0000,2735.6000,2735.2000,2738.0000,2738.6000,2739.2000,2740.2000,2741.0000,1,1,1,2,1,1,1,1,1,4
SF,IH2009,2020-05-07 09:32:47.600,2737.0000,11745,0,101955780.000,1,0,1,多换,S,2736.6000,2736.0000,2735.6000,2735.2000,2735.0000,2738.0000,2738.6000,2739.2000,2740.2000,2741.0000,1,1,2,1,13,1,1,1,1,4
SF,IH2009,2020-05-07 09:32:48.100,2737.0000,11745,0,101955780.000,0,-,-,-,-,2736.8000,2736.6000,2736.0000,2735.6000,2735.2000,2737.8000,2738.0000,2738.6000,2739.2000,2740.2000,1,1,1,2,1,1,1,1,1,1
SF,IH2009,2020-05-07 09:32:48.600,2737.0000,11745,0,101955780.000,0,-,-,-,-,2736.8000,2736.6000,2736.0000,2735.6000,2735.2000,2738.0000,2738.6000,2739.2000,2740.2000,2741.0000,1,1,1,2,1,1,1,1,1,4
SF,IH2009,2020-05-07 09:32:49.600,2737.0000,11745,0,101955780.000,0,-,-,-,-,2736.8000,2736.6000,2736.0000,2735.6000,2735.2000,2737.8000,2738.0000,2738.6000,2739.2000,2740.2000,1,1,1,2,1,1,1,1,1,1
SF,IH2009,2020-05-07 09:32:50.100,2737.0000,11745,0,101955780.000,0,-,-,-,-,2737.2000,2736.8000,2736.6000,2736.0000,2735.6000,2738.0000,2738.6000,2739.2000,2740.2000,2741.0000,1,1,1,1,2,1,1,1,1,4
SF,IH2009,2020-05-07 09:32:50.600,2737.0000,11745,0,101955780.000,0,-,-,-,-,2736.6000,2736.0000,2735.6000,2735.2000,2735.0000,2737.2000,2737.8000,2738.0000,2738.6000,2739.2000,1,1,2,1,13,1,1,1,1,1
SF,IH2009,2020-05-07 09:32:51.100,2736.6000,11744,-1,102776760.000,1,0,1,双平,S,2736.0000,2735.6000,2735.2000,2735.0000,2734.6000,2736.6000,2737.2000,2738.0000,2738.6000,2739.2000,1,2,1,13,1,1,1,1,1,1
SF,IH2009,2020-05-07 09:32:51.600,2737.2000,11742,-2,104418900.000,2,0,2,双平,S,2736.6000,2736.4000,2736.0000,2735.6000,2735.2000,2738.0000,2738.6000,2739.2000,2740.2000,2741.0000,1,1,3,2,1,1,1,1,1,4
SF,IH2009,2020-05-07 09:32:52.100,2737.2000,11742,0,104418900.000,0,-,-,-,-,2736.4000,2736.0000,2735.6000,2735.2000,2735.0000,2737.8000,2738.0000,2738.6000,2740.2000,2741.0000,1,3,2,1,13,3,1,1,1,4
SF,IH2009,2020-05-07 09:32:52.600,2737.2000,11742,0,104418900.000,0,-,-,-,-,2736.4000,2736.0000,2735.6000,2735.2000,2735.0000,2737.6000,2737.8000,2738.0000,2738.6000,2740.2000,1,3,2,1,13,1,2,1,1,1
SF,IH2009,2020-05-07 09:32:53.100,2737.2000,11742,0,104418900.000,0,-,-,-,-,2736.4000,2736.0000,2735.6000,2735.2000,2735.0000,2737.4000,2737.6000,2737.8000,2738.0000,2738.6000,1,3,2,1,13,1,1,1,1,1
SF,IH2009,2020-05-07 09:32:53.600,2737.2000,11742,0,104418900.000,0,-,-,-,-,2736.4000,2736.0000,2735.6000,2735.2000,2735.0000,2737.6000,2737.8000,2738.0000,2738.6000,2740.2000,1,3,2,1,13,1,1,1,1,1
SF,IH2009,2020-05-07 09:32:54.100,2737.2000,11742,0,104418900.000,0,-,-,-,-,2736.6000,2736.4000,2736.0000,2735.6000,2735.2000,2737.6000,2738.0000,2738.6000,2740.2000,2741.0000,1,1,3,2,1,1,1,1,1,4
SF,IH2009,2020-05-07 09:32:54.600,2737.2000,11742,0,104418900.000,0,-,-,-,-,2736.6000,2736.4000,2736.0000,2735.6000,2735.2000,2738.0000,2738.6000,2740.2000,2741.0000,2742.0000,1,1,3,2,1,1,1,1,4,2
SF,IH2009,2020-05-07 09:32:55.100,2737.2000,11742,0,104418900.000,0,-,-,-,-,2736.6000,2736.4000,2736.0000,2735.6000,2735.2000,2737.8000,2738.0000,2738.6000,2740.2000,2741.0000,1,1,3,2,1,1,1,1,1,4
SF,IH2009,2020-05-07 09:32:55.600,2737.2000,11742,0,104418900.000,0,-,-,-,-,2736.6000,2736.4000,2736.0000,2735.6000,2735.2000,2738.0000,2738.6000,2740.2000,2741.0000,2742.0000,1,1,3,2,1,1,1,1,4,2
SF,IH2009,2020-05-07 09:32:56.100,2737.2000,11742,0,104418900.000,0,-,-,-,-,2736.6000,2736.4000,2736.0000,2735.6000,2735.2000,2737.8000,2738.0000,2738.6000,2740.2000,2741.0000,1,1,5,2,1,1,1,1,1,4
SF,IH2009,2020-05-07 09:32:56.600,2737.2000,11742,0,104418900.000,0,-,-,-,-,2736.0000,2735.6000,2735.2000,2735.0000,2734.6000,2738.0000,2738.6000,2740.2000,2741.0000,2742.0000,5,2,1,13,1,1,1,1,4,2
SF,IH2009,2020-05-07 09:32:57.100,2737.2000,11742,0,104418900.000,0,-,-,-,-,2736.8000,2736.2000,2736.0000,2735.6000,2735.2000,2737.8000,2738.0000,2738.6000,2740.2000,2741.0000,1,2,7,2,1,2,1,1,1,4
SF,IH2009,2020-05-07 09:32:57.600,2736.8000,11742,0,105239940.000,1,0,1,多换,S,2736.2000,2736.0000,2735.6000,2735.2000,2735.0000,2737.6000,2737.8000,2738.0000,2740.2000,2741.0000,2,7,2,1,13,1,1,1,1,4
SF,IH2009,2020-05-07 09:32:58.100,2736.8000,11742,0,105239940.000,0,-,-,-,-,2736.4000,2736.2000,2736.0000,2735.6000,2735.2000,2737.4000,2738.0000,2740.2000,2741.0000,2742.0000,8,2,7,2,1,1,1,1,4,2
SF,IH2009,2020-05-07 09:32:58.600,2736.8000,11742,0,105239940.000,0,-,-,-,-,2736.6000,2736.2000,2736.0000,2735.6000,2735.2000,2738.0000,2740.2000,2741.0000,2741.8000,2742.0000,1,2,7,2,1,1,1,4,1,2
SF,IH2009,2020-05-07 09:32:59.100,2736.8000,11742,0,105239940.000,0,-,-,-,-,2736.0000,2735.6000,2735.2000,2735.0000,2734.6000,2737.8000,2738.0000,2740.2000,2741.0000,2741.8000,7,2,1,13,1,1,1,1,4,1
SF,IH2009,2020-05-07 09:32:59.600,2736.8000,11742,0,105239940.000,0,-,-,-,-,2736.2000,2736.0000,2735.6000,2735.2000,2735.0000,2737.6000,2737.8000,2738.0000,2740.2000,2741.0000,10,7,2,1,13,3,1,1,1,4
SF,IH2009,2020-05-07 09:33:00.100,2736.8000,11742,0,105239940.000,0,-,-,-,-,2736.4000,2736.2000,2736.0000,2735.6000,2735.2000,2737.6000,2737.8000,2738.0000,2740.2000,2741.0000,2,10,7,2,1,2,1,1,1,4
SF,IH2009,2020-05-07 09:33:00.600,2736.8000,11742,0,105239940.000,0,-,-,-,-,2736.4000,2736.2000,2736.0000,2735.6000,2735.2000,2737.6000,2737.8000,2738.0000,2740.2000,2741.0000,2,2,7,2,1,1,1,1,1,4
SF,IH2009,2020-05-07 09:33:01.100,2736.8000,11742,0,105239940.000,0,-,-,-,-,2736.4000,2736.2000,2736.0000,2735.6000,2735.2000,2737.8000,2738.0000,2740.2000,2741.0000,2741.8000,1,2,7,2,1,1,1,1,4,1
SF,IH2009,2020-05-07 09:33:01.600,2736.8000,11742,0,105239940.000,0,-,-,-,-,2736.6000,2736.4000,2736.2000,2736.0000,2735.6000,2737.8000,2738.0000,2740.2000,2741.0000,2741.8000,8,1,2,7,2,1,1,1,4,1
SF,IH2009,2020-05-07 09:33:02.100,2736.8000,11742,0,105239940.000,0,-,-,-,-,2736.8000,2736.6000,2736.2000,2736.0000,2735.6000,2737.8000,2738.0000,2740.2000,2741.0000,2741.8000,2,8,2,7,2,1,1,1,4,1
SF,IH2009,2020-05-07 09:33:02.600,2736.8000,11742,0,105239940.000,0,-,-,-,-,2736.8000,2736.6000,2736.2000,2736.0000,2735.6000,2737.8000,2738.0000,2740.2000,2741.0000,2741.8000,2,8,2,7,2,1,1,1,4,1
SF,IH2009,2020-05-07 09:33:03.100,2736.8000,11741,-1,106060980.000,1,0,1,双平,S,2736.8000,2736.6000,2736.2000,2736.0000,2735.6000,2737.8000,2738.0000,2740.2000,2741.0000,2741.8000,2,8,2,7,2,1,1,1,4,1
SF,IH2009,2020-05-07 09:33:03.600,2736.8000,11741,0,106060980.000,0,-,-,-,-,2736.0000,2735.6000,2735.2000,2735.0000,2734.6000,2737.6000,2737.8000,2738.0000,2741.0000,2741.8000,7,2,1,13,1,1,1,1,4,1
SF,IH2009,2020-05-07 09:33:04.100,2737.4000,11741,0,106882200.000,1,0,1,多换,S,2736.2000,2736.0000,2735.6000,2735.2000,2735.0000,2737.8000,2738.0000,2741.0000,2741.8000,2742.0000,12,8,2,1,13,1,1,4,1,2
SF,IH2009,2020-05-07 09:33:04.600,2737.4000,11741,0,106882200.000,0,-,-,-,-,2736.4000,2736.2000,2736.0000,2735.6000,2735.2000,2737.6000,2737.8000,2738.0000,2741.0000,2741.8000,2,11,8,2,1,1,1,1,4,1
SF,IH2009,2020-05-07 09:33:05.100,2737.4000,11741,0,106882200.000,0,-,-,-,-,2736.6000,2736.4000,2736.2000,2736.0000,2735.6000,2737.6000,2737.8000,2738.0000,2741.0000,2741.8000,1,2,11,8,2,1,1,1,4,1
SF,IH2009,2020-05-07 09:33:05.600,2737.4000,11741,0,106882200.000,0,-,-,-,-,2736.8000,2736.6000,2736.4000,2736.2000,2736.0000,2737.8000,2738.0000,2741.0000,2741.8000,2742.0000,1,1,1,11,8,1,1,4,1,2
SF,IH2009,2020-05-07 09:33:06.100,2737.4000,11741,0,106882200.000,0,-,-,-,-,2736.6000,2736.4000,2736.2000,2736.0000,2735.6000,2737.8000,2738.0000,2741.0000,2741.8000,2742.0000,1,1,9,8,2,1,1,4,1,2
SF,IH2009,2020-05-07 09:33:06.600,2736.6000,11742,1,107703180.000,1,1,0,双开,S,2736.4000,2736.2000,2736.0000,2735.6000,2735.2000,2737.8000,2738.0000,2741.0000,2741.8000,2742.0000,1,9,8,2,1,1,1,4,1,2
SF,IH2009,2020-05-07 09:33:07.100,2736.6000,11742,0,107703180.000,0,-,-,-,-,2736.6000,2736.4000,2736.2000,2736.0000,2735.6000,2737.8000,2738.0000,2741.0000,2741.8000,2742.0000,1,1,9,8,2,1,1,4,1,2
SF,IH2009,2020-05-07 09:33:07.600,2736.6000,11742,0,107703180.000,0,-,-,-,-,2736.4000,2736.2000,2736.0000,2735.6000,2735.2000,2737.8000,2738.0000,2741.0000,2741.8000,2742.0000,1,9,8,2,1,1,1,4,1,2
SF,IH2009,2020-05-07 09:33:08.100,2736.6000,11742,0,107703180.000,0,-,-,-,-,2736.6000,2736.4000,2736.2000,2736.0000,2735.6000,2737.8000,2738.0000,2741.0000,2741.8000,2742.0000,1,1,9,8,2,1,1,4,1,2
SF,IH2009,2020-05-07 09:33:08.600,2736.6000,11742,0,107703180.000,0,-,-,-,-,2736.4000,2736.2000,2736.0000,2735.6000,2735.2000,2737.8000,2738.0000,2741.0000,2741.8000,2742.0000,1,9,8,2,1,1,1,4,1,2
SF,IH2009,2020-05-07 09:33:09.100,2736.6000,11742,0,107703180.000,0,-,-,-,-,2736.6000,2736.4000,2736.2000,2736.0000,2735.6000,2737.8000,2738.0000,2741.0000,2741.8000,2742.0000,1,1,9,9,2,1,1,4,1,2
SF,IH2009,2020-05-07 09:33:09.600,2736.4000,11742,0,108524100.000,1,0,1,多换,S,2736.2000,2736.0000,2735.6000,2735.2000,2735.0000,2737.6000,2737.8000,2738.0000,2741.0000,2741.8000,1,6,2,1,13,1,1,1,4,1
SF,IH2009,2020-05-07 09:33:10.100,2736.4000,11742,0,108524100.000,0,-,-,-,-,2736.6000,2736.4000,2736.2000,2736.0000,2735.6000,2737.8000,2738.0000,2741.0000,2741.8000,2742.0000,8,1,1,8,2,1,1,4,1,2
SF,IH2009,2020-05-07 09:33:10.600,2736.4000,11742,0,108524100.000,0,-,-,-,-,2736.2000,2736.0000,2735.6000,2735.2000,2735.0000,2737.8000,2738.0000,2741.0000,2741.8000,2742.0000,1,8,2,1,13,1,1,4,1,2
SF,IH2009,2020-05-07 09:33:11.100,2736.4000,11742,0,108524100.000,0,-,-,-,-,2736.2000,2736.0000,2735.6000,2735.2000,2735.0000,2737.6000,2737.8000,2738.0000,2741.0000,2741.8000,1,8,2,1,13,1,1,1,4,1
SF,IH2009,2020-05-07 09:33:11.600,2736.4000,11742,0,108524100.000,0,-,-,-,-,2736.4000,2736.2000,2736.0000,2735.6000,2735.2000,2738.0000,2741.0000,2741.8000,2742.0000,2742.4000,9,1,8,2,1,1,4,1,2,1
SF,IH2009,2020-05-07 09:33:12.100,2736.4000,11742,0,108524100.000,0,-,-,-,-,2736.6000,2736.2000,2736.0000,2735.6000,2735.2000,2737.8000,2738.0000,2741.0000,2741.8000,2742.0000,1,1,8,2,1,1,1,4,1,2
SF,IH2009,2020-05-07 09:33:12.600,2736.4000,11742,0,108524100.000,0,-,-,-,-,2736.2000,2736.0000,2735.6000,2735.2000,2735.0000,2738.0000,2741.0000,2741.8000,2742.0000,2742.4000,1,8,2,1,13,1,4,1,2,1
SF,IH2009,2020-05-07 09:33:13.100,2736.4000,11742,0,108524100.000,0,-,-,-,-,2736.4000,2736.2000,2736.0000,2735.6000,2735.2000,2737.8000,2738.0000,2741.0000,2741.8000,2742.0000,1,1,8,2,1,3,1,4,1,2
SF,IH2009,2020-05-07 09:33:13.600,2736.4000,11742,0,108524100.000,0,-,-,-,-,2736.2000,2736.0000,2735.6000,2735.2000,2735.0000,2737.6000,2737.8000,2738.0000,2741.0000,2741.8000,1,8,2,1,13,1,2,1,4,1
SF,IH2009,2020-05-07 09:33:14.100,2736.4000,11742,0,108524100.000,0,-,-,-,-,2736.2000,2736.0000,2735.6000,2735.2000,2735.0000,2737.4000,2737.8000,2738.0000,2741.0000,2741.8000,1,8,2,1,13,2,1,1,4,1
SF,IH2009,2020-05-07 09:33:14.600,2737.4000,11742,0,109345320.000,1,0,1,多换,S,2736.2000,2736.0000,2735.6000,2735.2000,2735.0000,2737.8000,2738.0000,2741.0000,2741.8000,2742.0000,1,8,2,1,13,1,1,4,1,2
SF,IH2009,2020-05-07 09:33:15.100,2737.4000,11742,0,109345320.000,0,-,-,-,-,2736.4000,2736.2000,2736.0000,2735.6000,2735.2000,2737.8000,2738.0000,2741.0000,2741.8000,2742.0000,1,1,8,2,1,1,1,4,1,2
SF,IH2009,2020-05-07 09:33:15.600,2737.4000,11742,0,109345320.000,0,-,-,-,-,2736.6000,2736.2000,2736.0000,2735.6000,2735.2000,2737.6000,2737.8000,2738.0000,2741.0000,2741.8000,1,1,8,2,1,1,1,1,4,1
SF,IH2009,2020-05-07 09:33:16.100,2737.4000,11742,0,109345320.000,0,-,-,-,-,2736.2000,2736.0000,2735.6000,2735.2000,2735.0000,2737.6000,2738.0000,2741.0000,2741.8000,2742.0000,1,8,2,1,13,1,1,4,1,2
SF,IH2009,2020-05-07 09:33:16.600,2737.4000,11742,0,109345320.000,0,-,-,-,-,2736.4000,2736.2000,2736.0000,2735.6000,2735.2000,2737.6000,2738.0000,2741.0000,2741.8000,2742.0000,2,1,8,2,1,1,1,4,1,2
SF,IH2009,2020-05-07 09:33:18.600,2737.4000,11742,0,109345320.000,0,-,-,-,-,2736.6000,2736.4000,2736.2000,2736.0000,2735.6000,2737.6000,2738.0000,2741.0000,2741.8000,2742.0000,1,1,1,8,2,1,1,4,1,2
SF,IH2009,2020-05-07 09:33:19.100,2737.4000,11742,0,109345320.000,0,-,-,-,-,2736.4000,2736.2000,2736.0000,2735.6000,2735.2000,2737.6000,2738.0000,2741.0000,2741.8000,2742.0000,1,1,8,2,1,1,1,4,1,2
SF,IH2009,2020-05-07 09:33:19.600,2736.4000,11742,0,110166240.000,1,0,1,多换,S,2736.2000,2736.0000,2735.6000,2735.2000,2735.0000,2737.6000,2738.0000,2741.0000,2741.8000,2742.0000,1,8,2,1,13,1,1,4,1,2
SF,IH2009,2020-05-07 09:33:20.100,2736.4000,11742,0,110166240.000,0,-,-,-,-,2736.2000,2736.0000,2735.6000,2735.2000,2735.0000,2737.4000,2737.6000,2738.0000,2741.0000,2741.8000,1,8,2,1,13,1,1,1,4,1
SF,IH2009,2020-05-07 09:33:20.600,2736.4000,11742,0,110166240.000,0,-,-,-,-,2736.2000,2736.0000,2735.6000,2735.2000,2735.0000,2737.2000,2738.0000,2741.0000,2741.8000,2742.0000,1,8,2,1,13,1,1,4,1,2
SF,IH2009,2020-05-07 09:33:21.100,2736.4000,11742,0,110166240.000,0,-,-,-,-,2736.2000,2736.0000,2735.6000,2735.2000,2735.0000,2737.2000,2738.0000,2741.0000,2741.8000,2742.0000,1,6,2,1,13,1,1,4,1,2
SF,IH2009,2020-05-07 09:33:21.600,2736.4000,11742,0,110166240.000,0,-,-,-,-,2736.2000,2736.0000,2735.6000,2735.2000,2735.0000,2737.2000,2738.0000,2741.0000,2741.8000,2742.0000,1,8,2,1,13,1,1,4,1,2
SF,IH2009,2020-05-07 09:33:22.100,2736.4000,11742,0,110166240.000,0,-,-,-,-,2736.0000,2735.6000,2735.2000,2735.0000,2734.6000,2737.2000,2738.0000,2741.0000,2741.8000,2742.0000,8,2,1,13,1,1,1,4,1,2
SF,IH2009,2020-05-07 09:33:22.600,2736.4000,11742,0,110166240.000,0,-,-,-,-,2736.2000,2736.0000,2735.6000,2735.2000,2735.0000,2737.2000,2738.0000,2741.0000,2741.8000,2742.0000,1,8,2,1,13,1,1,4,1,2
SF,IH2009,2020-05-07 09:33:23.100,2736.4000,11742,0,110166240.000,0,-,-,-,-,2736.0000,2735.6000,2735.2000,2735.0000,2734.6000,2737.2000,2738.0000,2741.0000,2741.8000,2742.0000,8,2,1,13,1,1,1,4,1,2
SF,IH2009,2020-05-07 09:33:23.600,2736.4000,11742,0,110166240.000,0,-,-,-,-,2736.2000,2736.0000,2735.6000,2735.2000,2735.0000,2737.2000,2738.0000,2741.0000,2741.8000,2742.0000,1,8,2,1,13,1,1,4,1,2
SF,IH2009,2020-05-07 09:33:26.100,2736.4000,11742,0,110166240.000,0,-,-,-,-,2736.4000,2736.2000,2736.0000,2735.6000,2735.2000,2737.2000,2738.0000,2741.0000,2741.8000,2742.0000,8,1,8,2,1,1,1,4,1,2
SF,IH2009,2020-05-07 09:33:26.600,2736.4000,11742,0,110166240.000,0,-,-,-,-,2736.2000,2736.0000,2735.6000,2735.2000,2735.0000,2737.2000,2738.0000,2741.0000,2741.8000,2742.0000,2,8,2,1,13,1,1,4,1,2
SF,IH2009,2020-05-07 09:33:27.100,2736.4000,11742,0,110166240.000,0,-,-,-,-,2736.4000,2736.2000,2736.0000,2735.6000,2735.2000,2737.2000,2738.0000,2741.0000,2741.8000,2742.0000,8,2,8,2,1,1,1,4,1,2
SF,IH2009,2020-05-07 09:33:28.100,2736.4000,11742,0,110166240.000,0,-,-,-,-,2736.2000,2736.0000,2735.6000,2735.2000,2735.0000,2737.2000,2738.0000,2741.0000,2741.8000,2742.0000,2,8,2,1,13,1,1,4,1,2
SF,IH2009,2020-05-07 09:33:30.100,2736.4000,11742,0,110166240.000,0,-,-,-,-,2736.4000,2736.2000,2736.0000,2735.6000,2735.2000,2737.2000,2738.0000,2741.0000,2741.8000,2742.0000,1,2,8,2,1,1,1,4,1,2
SF,IH2009,2020-05-07 09:33:30.600,2736.4000,11742,0,110166240.000,0,-,-,-,-,2736.4000,2736.2000,2736.0000,2735.6000,2735.2000,2738.0000,2741.0000,2741.8000,2742.0000,2742.4000,1,2,8,2,1,1,4,1,2,1
SF,IH2009,2020-05-07 09:33:31.100,2736.4000,11742,0,110166240.000,0,-,-,-,-,2736.4000,2736.2000,2736.0000,2735.8000,2735.6000,2737.8000,2738.0000,2741.0000,2741.8000,2742.0000,1,2,8,1,2,3,1,4,1,2
SF,IH2009,2020-05-07 09:33:31.600,2736.4000,11742,0,110166240.000,0,-,-,-,-,2736.4000,2736.2000,2736.0000,2735.8000,2735.6000,2737.6000,2737.8000,2738.0000,2741.0000,2741.8000,1,2,8,1,2,1,2,1,4,1
SF,IH2009,2020-05-07 09:33:32.100,2736.4000,11742,0,110166240.000,0,-,-,-,-,2736.4000,2736.2000,2736.0000,2735.8000,2735.6000,2737.4000,2738.0000,2741.0000,2741.8000,2742.0000,1,2,8,1,2,1,1,4,1,2
SF,IH2009,2020-05-07 09:33:35.600,2736.4000,11742,0,110166240.000,0,-,-,-,-,2736.4000,2736.2000,2736.0000,2735.8000,2735.6000,2737.2000,2737.4000,2738.0000,2741.0000,2741.8000,1,2,8,1,2,1,1,1,4,1
SF,IH2009,2020-05-07 09:33:36.100,2736.4000,11742,0,110166240.000,0,-,-,-,-,2736.8000,2736.4000,2736.2000,2736.0000,2735.8000,2737.2000,2737.4000,2738.0000,2741.0000,2741.8000,1,1,2,8,1,1,1,1,4,1
SF,IH2009,2020-05-07 09:33:36.600,2736.8000,11741,-1,110987280.000,1,0,1,双平,S,2736.4000,2736.2000,2736.0000,2735.6000,2735.2000,2737.2000,2737.4000,2738.0000,2741.0000,2741.8000,1,2,8,2,1,1,1,1,4,1
SF,IH2009,2020-05-07 09:33:37.100,2736.4000,11741,0,111808200.000,1,0,1,多换,S,2736.2000,2736.0000,2735.6000,2735.2000,2735.0000,2737.4000,2738.0000,2741.0000,2741.8000,2742.0000,2,8,2,1,13,1,1,4,1,2
SF,IH2009,2020-05-07 09:33:37.600,2736.2000,11741,0,112629060.000,1,0,1,多换,S,2736.2000,2736.0000,2735.6000,2735.2000,2735.0000,2737.4000,2738.0000,2741.0000,2741.8000,2742.0000,1,6,2,1,13,1,1,4,1,2
SF,IH2009,2020-05-07 09:33:38.100,2736.2000,11741,0,112629060.000,0,-,-,-,-,2736.2000,2736.0000,2735.6000,2735.2000,2735.0000,2737.0000,2737.2000,2737.4000,2738.0000,2741.0000,1,8,2,1,13,1,1,1,1,4
SF,IH2009,2020-05-07 09:33:38.600,2736.2000,11741,0,112629060.000,0,-,-,-,-,2736.6000,2736.2000,2736.0000,2735.6000,2735.2000,2737.0000,2737.2000,2737.4000,2738.0000,2741.0000,1,1,8,2,1,1,1,1,1,4
SF,IH2009,2020-05-07 09:33:39.600,2736.2000,11739,-2,114270900.000,2,0,2,双平,S,2736.0000,2735.6000,2735.2000,2735.0000,2734.6000,2737.0000,2737.2000,2737.4000,2738.0000,2741.0000,8,2,1,13,2,1,1,1,1,4
SF,IH2009,2020-05-07 09:33:40.100,2736.2000,11739,0,114270900.000,0,-,-,-,-,2736.2000,2736.0000,2735.6000,2735.2000,2735.0000,2737.0000,2737.4000,2738.0000,2741.0000,2741.8000,8,8,2,1,13,1,1,1,4,1
SF,IH2009,2020-05-07 09:33:41.600,2736.2000,11739,0,114270900.000,0,-,-,-,-,2736.2000,2736.0000,2735.6000,2735.2000,2735.0000,2737.4000,2738.0000,2741.0000,2741.8000,2742.0000,8,8,2,1,13,1,1,4,1,2
SF,IH2009,2020-05-07 09:33:42.100,2736.2000,11739,0,114270900.000,0,-,-,-,-,2736.0000,2735.6000,2735.2000,2735.0000,2734.6000,2737.2000,2737.4000,2738.0000,2741.0000,2741.8000,8,2,1,13,2,1,1,1,4,1
SF,IH2009,2020-05-07 09:33:42.600,2736.2000,11739,0,114270900.000,0,-,-,-,-,2736.2000,2736.0000,2735.6000,2735.2000,2735.0000,2737.0000,2737.2000,2738.0000,2741.0000,2741.8000,9,9,2,1,13,1,2,1,4,1
SF,IH2009,2020-05-07 09:33:43.100,2736.2000,11739,0,114270900.000,0,-,-,-,-,2736.2000,2736.0000,2735.6000,2735.2000,2735.0000,2737.0000,2737.2000,2738.0000,2741.0000,2741.8000,1,6,2,1,13,1,2,1,4,1
SF,IH2009,2020-05-07 09:33:43.600,2736.2000,11738,-1,115091760.000,1,0,1,双平,S,2736.0000,2735.6000,2735.2000,2735.0000,2734.6000,2736.8000,2737.2000,2738.0000,2741.0000,2741.8000,6,2,1,13,2,1,1,1,4,1
SF,IH2009,2020-05-07 09:33:44.100,2736.2000,11738,0,115091760.000,0,-,-,-,-,2736.0000,2735.6000,2735.2000,2735.0000,2734.6000,2736.8000,2738.0000,2741.0000,2741.8000,2742.0000,8,2,1,13,2,1,1,4,1,2
SF,IH2009,2020-05-07 09:33:44.600,2736.2000,11738,0,115091760.000,0,-,-,-,-,2736.0000,2735.6000,2735.2000,2735.0000,2734.6000,2736.8000,2738.0000,2741.0000,2741.8000,2742.0000,6,2,1,13,2,1,1,4,1,2
SF,IH2009,2020-05-07 09:33:45.100,2736.0000,11738,0,115912560.000,1,0,1,多换,S,2736.0000,2735.8000,2735.6000,2735.2000,2735.0000,2736.8000,2738.0000,2741.0000,2741.8000,2742.0000,5,1,2,1,13,1,1,4,1,2
SF,IH2009,2020-05-07 09:33:45.600,2736.0000,11738,0,115912560.000,0,-,-,-,-,2736.0000,2735.6000,2735.2000,2735.0000,2734.6000,2736.6000,2736.8000,2738.0000,2741.0000,2741.8000,5,2,1,13,2,1,1,1,4,1
SF,IH2009,2020-05-07 09:33:46.600,2736.0000,11738,0,115912560.000,0,-,-,-,-,2736.0000,2735.6000,2735.2000,2735.0000,2734.6000,2736.4000,2736.6000,2738.0000,2741.0000,2741.8000,5,2,1,13,2,1,1,1,4,1
SF,IH2009,2020-05-07 09:33:47.100,2736.4000,11738,0,116733480.000,1,0,1,多换,S,2736.0000,2735.6000,2735.2000,2735.0000,2734.6000,2736.6000,2738.0000,2741.0000,2741.8000,2742.0000,5,2,1,13,2,1,1,4,1,2
SF,IH2009,2020-05-07 09:33:47.600,2736.4000,11738,0,116733480.000,0,-,-,-,-,2736.0000,2735.6000,2735.2000,2735.0000,2734.6000,2738.0000,2741.0000,2741.8000,2742.0000,2742.4000,5,2,1,13,2,1,4,1,2,1
SF,IH2009,2020-05-07 09:33:48.100,2736.4000,11738,0,116733480.000,0,-,-,-,-,2736.0000,2735.6000,2735.2000,2735.0000,2734.6000,2737.8000,2738.0000,2741.0000,2741.8000,2742.0000,5,2,1,13,2,4,1,4,1,2
SF,IH2009,2020-05-07 09:33:48.600,2736.4000,11738,0,116733480.000,0,-,-,-,-,2736.6000,2736.0000,2735.6000,2735.2000,2735.0000,2737.6000,2737.8000,2738.0000,2741.0000,2741.8000,1,5,2,1,13,2,3,1,4,1
SF,IH2009,2020-05-07 09:33:49.100,2736.4000,11738,0,116733480.000,0,-,-,-,-,2736.6000,2736.0000,2735.6000,2735.2000,2735.0000,2737.4000,2737.6000,2737.8000,2738.0000,2741.0000,1,5,2,1,13,1,1,1,1,4
SF,IH2009,2020-05-07 09:33:49.600,2736.4000,11738,0,116733480.000,0,-,-,-,-,2736.6000,2736.0000,2735.6000,2735.2000,2735.0000,2737.2000,2737.4000,2737.8000,2738.0000,2741.0000,1,5,2,1,13,1,1,1,1,4
SF,IH2009,2020-05-07 09:33:50.100,2736.4000,11738,0,116733480.000,0,-,-,-,-,2736.6000,2736.0000,2735.6000,2735.2000,2735.0000,2737.4000,2737.8000,2738.0000,2741.0000,2741.8000,1,5,2,1,14,1,1,1,4,1
SF,IH2009,2020-05-07 09:33:50.600,2736.4000,11738,0,116733480.000,0,-,-,-,-,2736.6000,2736.0000,2735.6000,2735.2000,2735.0000,2737.4000,2737.8000,2738.0000,2741.0000,2741.8000,1,5,2,1,14,1,1,1,4,1
SF,IH2009,2020-05-07 09:33:52.600,2736.4000,11738,0,116733480.000,0,-,-,-,-,2736.6000,2736.0000,2735.6000,2735.2000,2735.0000,2737.2000,2737.4000,2737.8000,2738.0000,2741.0000,1,5,2,1,14,1,1,1,1,4
SF,IH2009,2020-05-07 09:33:53.600,2736.6000,11739,1,117554460.000,1,1,0,双开,S,2736.0000,2735.6000,2735.2000,2735.0000,2734.6000,2736.6000,2737.2000,2737.4000,2737.8000,2738.0000,5,2,1,14,2,2,1,1,1,1
SF,IH2009,2020-05-07 09:33:54.100,2736.6000,11739,0,119196420.000,2,1,1,多换,S,2736.0000,2735.6000,2735.2000,2735.0000,2734.6000,2737.2000,2738.0000,2741.0000,2741.8000,2742.0000,5,2,1,14,2,1,1,4,1,2
SF,IH2009,2020-05-07 09:33:54.600,2736.6000,11739,0,119196420.000,0,-,-,-,-,2736.8000,2736.2000,2736.0000,2735.6000,2735.2000,2737.2000,2738.0000,2741.0000,2741.8000,2742.0000,1,1,7,2,1,1,1,4,1,2
SF,IH2009,2020-05-07 09:33:55.100,2736.6000,11739,0,120017400.000,1,0,1,多换,S,2736.0000,2735.6000,2735.2000,2735.0000,2734.6000,2737.2000,2738.0000,2741.0000,2741.8000,2742.0000,7,2,1,14,2,2,1,4,1,2
SF,IH2009,2020-05-07 09:33:55.600,2736.6000,11739,0,120017400.000,0,-,-,-,-,2736.2000,2736.0000,2735.6000,2735.2000,2735.0000,2737.2000,2738.0000,2741.0000,2741.8000,2742.0000,3,8,2,1,14,2,1,4,1,2
SF,IH2009,2020-05-07 09:33:56.600,2736.2000,11740,1,120838260.000,1,1,0,双开,S,2736.2000,2736.0000,2735.6000,2735.2000,2735.0000,2737.2000,2738.0000,2741.0000,2741.8000,2742.0000,2,5,2,1,13,2,1,4,1,2
SF,IH2009,2020-05-07 09:33:57.100,2736.2000,11740,0,120838260.000,0,-,-,-,-,2736.0000,2735.6000,2735.2000,2735.0000,2734.6000,2737.2000,2738.0000,2741.0000,2741.8000,2742.0000,7,2,1,13,2,2,1,4,1,2
SF,IH2009,2020-05-07 09:33:57.600,2736.2000,11740,0,120838260.000,0,-,-,-,-,2736.0000,2735.6000,2735.2000,2735.0000,2734.6000,2737.2000,2738.0000,2741.0000,2741.8000,2742.0000,7,2,1,13,2,2,1,4,1,2
SF,IH2009,2020-05-07 09:33:58.100,2736.2000,11740,0,120838260.000,0,-,-,-,-,2736.2000,2736.0000,2735.8000,2735.6000,2735.2000,2737.2000,2738.0000,2741.0000,2741.8000,2742.0000,1,7,1,2,1,2,1,4,1,2
SF,IH2009,2020-05-07 09:33:58.600,2736.2000,11740,0,120838260.000,0,-,-,-,-,2736.2000,2736.0000,2735.8000,2735.6000,2735.2000,2737.0000,2737.2000,2738.0000,2741.0000,2741.8000,1,7,1,2,1,1,2,1,4,1
SF,IH2009,2020-05-07 09:34:00.600,2736.2000,11740,0,120838260.000,0,-,-,-,-,2736.2000,2736.0000,2735.8000,2735.6000,2735.2000,2737.0000,2737.2000,2738.0000,2741.0000,2741.8000,2,7,1,2,1,1,2,1,4,1
SF,IH2009,2020-05-07 09:34:01.100,2736.2000,11740,0,120838260.000,0,-,-,-,-,2736.2000,2736.0000,2735.8000,2735.6000,2735.2000,2736.8000,2737.0000,2737.2000,2738.0000,2741.0000,2,7,1,2,1,1,1,2,1,4
SF,IH2009,2020-05-07 09:34:02.100,2736.8000,11740,0,121659300.000,1,0,1,多换,S,2736.2000,2736.0000,2735.6000,2735.2000,2735.0000,2737.0000,2737.2000,2738.0000,2741.0000,2741.8000,2,7,2,1,13,1,2,1,4,1
SF,IH2009,2020-05-07 09:34:02.600,2736.8000,11740,0,121659300.000,0,-,-,-,-,2736.2000,2736.0000,2735.6000,2735.2000,2735.0000,2737.0000,2737.2000,2738.0000,2741.0000,2741.8000,2,7,2,1,13,1,2,1,4,1
SF,IH2009,2020-05-07 09:34:03.100,2736.8000,11740,0,121659300.000,0,-,-,-,-,2736.2000,2736.0000,2735.6000,2735.2000,2735.0000,2737.0000,2737.2000,2738.0000,2741.0000,2741.8000,2,5,2,1,13,1,2,1,4,1
SF,IH2009,2020-05-07 09:34:03.600,2736.8000,11740,0,121659300.000,0,-,-,-,-,2736.2000,2736.0000,2735.6000,2735.2000,2735.0000,2737.0000,2737.2000,2738.0000,2741.0000,2741.8000,2,7,2,1,13,1,2,1,4,1
SF,IH2009,2020-05-07 09:34:04.100,2736.8000,11740,0,121659300.000,0,-,-,-,-,2736.2000,2736.0000,2735.6000,2735.2000,2735.0000,2737.0000,2737.2000,2738.0000,2741.0000,2741.8000,3,7,2,1,13,1,2,1,4,1
SF,IH2009,2020-05-07 09:34:05.100,2737.0000,11739,-1,122480400.000,1,0,1,双平,S,2736.2000,2736.0000,2735.6000,2735.2000,2735.0000,2737.2000,2738.0000,2741.0000,2741.8000,2742.0000,3,7,2,1,13,2,1,4,1,2
SF,IH2009,2020-05-07 09:34:05.600,2737.0000,11739,0,122480400.000,0,-,-,-,-,2736.4000,2736.2000,2736.0000,2735.6000,2735.2000,2737.2000,2738.0000,2741.0000,2741.8000,2742.0000,8,3,7,2,1,2,1,4,1,2
SF,IH2009,2020-05-07 09:34:06.100,2737.0000,11739,0,122480400.000,0,-,-,-,-,2736.4000,2736.2000,2736.0000,2735.6000,2735.2000,2737.2000,2738.0000,2741.0000,2741.8000,2742.0000,8,3,7,2,1,2,1,4,1,2
SF,IH2009,2020-05-07 09:34:06.600,2737.0000,11739,0,122480400.000,0,-,-,-,-,2736.4000,2736.2000,2736.0000,2735.6000,2735.2000,2737.2000,2738.0000,2741.0000,2741.8000,2742.0000,8,2,7,2,1,2,1,4,1,2
SF,IH2009,2020-05-07 09:34:07.100,2737.0000,11739,0,122480400.000,0,-,-,-,-,2736.6000,2736.2000,2736.0000,2735.6000,2735.2000,2737.0000,2737.2000,2738.0000,2741.0000,2741.8000,1,2,7,2,1,1,1,1,4,1
SF,IH2009,2020-05-07 09:34:07.600,2737.0000,11739,0,122480400.000,0,-,-,-,-,2736.6000,2736.2000,2736.0000,2735.6000,2735.2000,2737.0000,2737.2000,2738.0000,2741.0000,2741.8000,1,3,7,2,1,1,1,1,4,1
SF,IH2009,2020-05-07 09:34:08.100,2737.0000,11739,0,122480400.000,0,-,-,-,-,2736.2000,2736.0000,2735.6000,2735.2000,2735.0000,2737.0000,2737.2000,2738.0000,2741.0000,2741.8000,3,7,2,1,13,1,1,1,4,1
SF,IH2009,2020-05-07 09:34:08.600,2737.0000,11739,0,122480400.000,0,-,-,-,-,2736.4000,2736.2000,2736.0000,2735.6000,2735.2000,2737.0000,2737.2000,2738.0000,2741.0000,2741.8000,8,3,7,2,1,1,1,1,4,1
SF,IH2009,2020-05-07 09:34:09.100,2737.0000,11739,0,122480400.000,0,-,-,-,-,2736.4000,2736.2000,2736.0000,2735.6000,2735.2000,2737.0000,2737.2000,2738.0000,2741.0000,2741.8000,9,3,7,2,1,1,1,1,4,1
SF,IH2009,2020-05-07 09:34:11.100,2737.0000,11739,0,122480400.000,0,-,-,-,-,2736.6000,2736.4000,2736.2000,2736.0000,2735.6000,2737.0000,2737.2000,2738.0000,2741.0000,2741.8000,1,9,3,7,2,1,1,1,4,1
SF,IH2009,2020-05-07 09:34:11.600,2737.0000,11739,0,122480400.000,0,-,-,-,-,2736.6000,2736.4000,2736.2000,2736.0000,2735.6000,2737.0000,2737.2000,2738.0000,2741.0000,2741.8000,1,9,2,7,2,1,1,1,4,1
SF,IH2009,2020-05-07 09:34:12.100,2737.0000,11739,0,122480400.000,0,-,-,-,-,2736.8000,2736.6000,2736.4000,2736.2000,2736.0000,2737.0000,2737.2000,2738.0000,2741.0000,2741.8000,1,1,9,2,7,1,1,1,4,1
SF,IH2009,2020-05-07 09:34:12.600,2737.0000,11739,0,122480400.000,0,-,-,-,-,2736.8000,2736.6000,2736.4000,2736.2000,2736.0000,2737.0000,2737.2000,2738.0000,2741.0000,2741.8000,1,1,1,2,7,1,1,1,4,1
SF,IH2009,2020-05-07 09:34:13.100,2736.8000,11738,-1,123301440.000,1,0,1,双平,S,2736.6000,2736.2000,2736.0000,2735.6000,2735.2000,2737.0000,2737.2000,2738.0000,2741.0000,2741.8000,1,2,7,2,1,1,1,1,4,1
SF,IH2009,2020-05-07 09:34:13.600,2736.8000,11738,0,123301440.000,0,-,-,-,-,2736.6000,2736.2000,2736.0000,2735.6000,2735.2000,2737.0000,2737.2000,2738.0000,2741.0000,2741.8000,1,2,7,2,2,1,1,1,4,1
SF,IH2009,2020-05-07 09:34:14.100,2736.8000,11738,0,123301440.000,0,-,-,-,-,2736.6000,2736.2000,2736.0000,2735.6000,2735.2000,2737.0000,2737.2000,2738.0000,2741.0000,2741.8000,1,2,7,2,2,1,1,1,4,1
SF,IH2009,2020-05-07 09:34:14.600,2736.8000,11738,0,123301440.000,0,-,-,-,-,2736.6000,2736.2000,2736.0000,2735.6000,2735.2000,2737.0000,2737.2000,2738.0000,2741.0000,2741.8000,1,2,7,2,2,1,1,1,4,1
SF,IH2009,2020-05-07 09:34:15.600,2736.8000,11738,0,123301440.000,0,-,-,-,-,2736.6000,2736.2000,2736.0000,2735.6000,2735.2000,2737.0000,2737.2000,2738.0000,2741.0000,2741.8000,2,2,7,2,2,1,1,1,4,1
SF,IH2009,2020-05-07 09:34:16.600,2736.8000,11738,0,123301440.000,0,-,-,-,-,2736.6000,2736.2000,2736.0000,2735.6000,2735.2000,2737.0000,2737.2000,2738.0000,2741.0000,2741.8000,1,2,7,2,2,1,1,1,4,1
SF,IH2009,2020-05-07 09:34:19.100,2737.0000,11737,-1,124122540.000,1,0,1,双平,S,2736.6000,2736.2000,2736.0000,2735.6000,2735.2000,2737.2000,2738.0000,2741.0000,2741.8000,2742.0000,1,2,8,2,2,1,1,4,1,2
SF,IH2009,2020-05-07 09:34:20.100,2737.0000,11737,0,124122540.000,0,-,-,-,-,2736.8000,2736.6000,2736.2000,2736.0000,2735.6000,2737.2000,2738.0000,2741.0000,2741.8000,2742.0000,1,1,2,8,2,1,1,4,1,2
SF,IH2009,2020-05-07 09:34:24.100,2737.0000,11737,0,124122540.000,0,-,-,-,-,2736.8000,2736.6000,2736.2000,2736.0000,2735.6000,2737.2000,2738.0000,2741.0000,2741.8000,2742.0000,1,1,2,8,2,1,1,4,1,2
SF,IH2009,2020-05-07 09:34:24.600,2737.2000,11736,-1,124943700.000,1,0,1,双平,S,2736.8000,2736.6000,2736.2000,2736.0000,2735.6000,2738.0000,2741.0000,2741.8000,2742.0000,2742.4000,1,1,2,8,2,1,4,1,2,1
SF,IH2009,2020-05-07 09:34:25.100,2737.2000,11736,0,124943700.000,0,-,-,-,-,2736.8000,2736.6000,2736.2000,2736.0000,2735.6000,2737.8000,2738.0000,2741.0000,2741.8000,2742.0000,1,1,2,8,2,2,1,4,1,2
SF,IH2009,2020-05-07 09:34:25.600,2737.2000,11736,0,124943700.000,0,-,-,-,-,2736.8000,2736.6000,2736.2000,2736.0000,2735.6000,2738.0000,2741.0000,2741.8000,2742.0000,2742.4000,1,1,2,8,2,1,4,1,2,1
SF,IH2009,2020-05-07 09:34:26.100,2737.2000,11736,0,124943700.000,0,-,-,-,-,2737.4000,2736.8000,2736.6000,2736.2000,2736.0000,2737.8000,2738.0000,2741.0000,2741.8000,2742.0000,3,1,1,2,8,1,1,4,1,2
SF,IH2009,2020-05-07 09:34:26.600,2737.2000,11736,0,124943700.000,0,-,-,-,-,2737.8000,2737.4000,2736.8000,2736.6000,2736.2000,2738.0000,2741.0000,2741.8000,2742.0000,2742.4000,2,3,1,2,2,1,4,1,2,1
SF,IH2009,2020-05-07 09:34:27.100,2738.0000,11734,-2,127407780.000,3,0,3,多平,S,2737.8000,2737.4000,2736.8000,2736.6000,2736.2000,2741.0000,2741.8000,2742.0000,2742.4000,2743.6000,1,3,1,2,2,4,1,2,1,1
SF,IH2009,2020-05-07 09:34:27.600,2738.0000,11734,0,127407780.000,0,-,-,-,-,2736.8000,2736.6000,2736.2000,2736.0000,2735.6000,2739.8000,2740.8000,2741.0000,2741.8000,2742.0000,1,2,2,8,2,1,4,4,1,2
SF,IH2009,2020-05-07 09:34:28.100,2738.0000,11734,0,127407780.000,0,-,-,-,-,2737.0000,2736.8000,2736.6000,2736.2000,2736.0000,2739.6000,2739.8000,2740.8000,2741.0000,2741.8000,1,1,2,2,8,2,1,1,4,1
SF,IH2009,2020-05-07 09:34:28.600,2738.0000,11734,0,127407780.000,0,-,-,-,-,2736.8000,2736.6000,2736.2000,2736.0000,2735.6000,2739.6000,2739.8000,2740.8000,2741.0000,2741.8000,1,2,2,8,2,2,1,1,4,1
SF,IH2009,2020-05-07 09:34:29.100,2738.0000,11734,0,127407780.000,0,-,-,-,-,2737.0000,2736.8000,2736.6000,2736.2000,2736.0000,2739.6000,2739.8000,2740.8000,2741.0000,2741.8000,1,1,2,2,8,2,1,1,4,1
SF,IH2009,2020-05-07 09:34:29.600,2738.0000,11734,0,127407780.000,0,-,-,-,-,2737.0000,2736.8000,2736.6000,2736.2000,2736.0000,2739.4000,2739.6000,2739.8000,2740.8000,2741.0000,1,1,2,2,8,1,2,1,1,4
SF,IH2009,2020-05-07 09:34:30.100,2738.0000,11734,0,127407780.000,0,-,-,-,-,2736.8000,2736.6000,2736.2000,2736.0000,2735.6000,2739.2000,2739.4000,2739.8000,2740.8000,2741.0000,1,2,2,8,2,2,1,1,1,4
SF,IH2009,2020-05-07 09:34:30.600,2738.0000,11734,0,127407780.000,0,-,-,-,-,2737.0000,2736.8000,2736.6000,2736.2000,2736.0000,2739.0000,2739.2000,2739.4000,2739.8000,2740.8000,1,1,2,2,8,1,2,1,1,1
SF,IH2009,2020-05-07 09:34:31.100,2738.0000,11734,0,127407780.000,0,-,-,-,-,2737.2000,2736.8000,2736.6000,2736.2000,2736.0000,2738.8000,2739.0000,2739.4000,2739.8000,2740.8000,3,1,2,2,8,3,1,1,1,1
SF,IH2009,2020-05-07 09:34:31.600,2738.0000,11734,0,127407780.000,0,-,-,-,-,2737.2000,2736.8000,2736.6000,2736.2000,2736.0000,2738.6000,2738.8000,2739.0000,2739.4000,2739.8000,3,1,2,2,8,2,2,1,1,1
SF,IH2009,2020-05-07 09:34:32.100,2738.0000,11734,0,127407780.000,0,-,-,-,-,2736.8000,2736.6000,2736.2000,2736.0000,2735.6000,2738.4000,2738.6000,2739.0000,2739.4000,2739.8000,1,2,2,8,2,3,1,1,1,1
SF,IH2009,2020-05-07 09:34:32.600,2738.0000,11734,0,127407780.000,0,-,-,-,-,2736.8000,2736.6000,2736.2000,2736.0000,2735.6000,2738.2000,2738.4000,2738.6000,2739.0000,2739.4000,1,3,2,8,2,1,2,1,1,1
SF,IH2009,2020-05-07 09:34:33.100,2738.0000,11734,0,127407780.000,0,-,-,-,-,2736.8000,2736.6000,2736.2000,2736.0000,2735.6000,2738.0000,2738.4000,2738.6000,2739.0000,2739.4000,1,3,2,8,2,2,1,1,1,1
SF,IH2009,2020-05-07 09:34:33.600,2738.0000,11734,0,127407780.000,0,-,-,-,-,2736.8000,2736.6000,2736.2000,2736.0000,2735.6000,2737.8000,2738.4000,2738.6000,2739.0000,2739.4000,1,3,2,8,2,1,1,1,1,1
SF,IH2009,2020-05-07 09:34:34.100,2738.0000,11734,0,127407780.000,0,-,-,-,-,2736.8000,2736.6000,2736.2000,2736.0000,2735.6000,2737.6000,2738.4000,2738.6000,2739.0000,2739.4000,1,3,2,8,2,1,1,1,1,1
SF,IH2009,2020-05-07 09:34:34.600,2738.0000,11734,0,127407780.000,0,-,-,-,-,2737.8000,2736.8000,2736.6000,2736.2000,2736.0000,2738.4000,2738.6000,2739.0000,2739.4000,2739.8000,1,1,3,2,8,1,1,1,1,1
SF,IH2009,2020-05-07 09:34:35.100,2737.8000,11733,-1,128229120.000,1,0,1,双平,S,2736.8000,2736.6000,2736.2000,2736.0000,2735.6000,2738.2000,2738.6000,2739.0000,2739.4000,2739.8000,1,3,2,8,2,1,1,1,1,1
SF,IH2009,2020-05-07 09:34:35.600,2737.8000,11733,0,128229120.000,0,-,-,-,-,2736.8000,2736.6000,2736.2000,2736.0000,2735.6000,2738.0000,2738.6000,2739.0000,2739.4000,2739.8000,1,3,2,8,2,2,1,1,1,1
SF,IH2009,2020-05-07 09:34:36.100,2737.8000,11733,0,129050460.000,1,0,1,多换,S,2736.8000,2736.6000,2736.2000,2736.0000,2735.6000,2738.0000,2738.6000,2739.0000,2739.4000,2739.8000,1,3,2,8,2,1,1,1,1,1
SF,IH2009,2020-05-07 09:34:36.600,2737.8000,11733,0,129050460.000,0,-,-,-,-,2736.8000,2736.6000,2736.2000,2736.0000,2735.6000,2738.0000,2738.6000,2739.0000,2739.8000,2740.6000,1,3,2,8,2,1,1,1,1,1
SF,IH2009,2020-05-07 09:34:37.100,2737.8000,11733,0,129050460.000,0,-,-,-,-,2736.8000,2736.6000,2736.2000,2736.0000,2735.6000,2738.0000,2738.6000,2739.8000,2740.6000,2741.0000,1,3,2,8,2,1,1,1,1,4
SF,IH2009,2020-05-07 09:34:37.600,2737.8000,11733,0,129050460.000,0,-,-,-,-,2736.8000,2736.6000,2736.2000,2736.0000,2735.6000,2738.0000,2739.8000,2740.6000,2741.0000,2741.8000,1,3,2,8,2,1,1,1,4,1
SF,IH2009,2020-05-07 09:34:38.100,2737.8000,11733,0,129050460.000,0,-,-,-,-,2737.0000,2736.8000,2736.6000,2736.2000,2736.0000,2738.0000,2739.8000,2740.6000,2741.0000,2741.8000,3,1,3,2,8,1,1,1,4,1
SF,IH2009,2020-05-07 09:34:38.600,2738.0000,11732,-1,129871860.000,1,0,1,双平,S,2737.0000,2736.8000,2736.6000,2736.2000,2736.0000,2739.8000,2740.6000,2741.0000,2741.8000,2742.0000,3,1,3,2,8,1,1,4,1,2
SF,IH2009,2020-05-07 09:34:39.100,2738.0000,11732,0,129871860.000,0,-,-,-,-,2738.0000,2736.8000,2736.6000,2736.2000,2736.0000,2739.6000,2739.8000,2740.6000,2741.0000,2741.8000,1,1,3,2,8,3,1,1,4,1
SF,IH2009,2020-05-07 09:34:39.600,2738.0000,11732,0,129871860.000,0,-,-,-,-,2738.0000,2737.6000,2736.8000,2736.6000,2736.2000,2739.4000,2739.6000,2739.8000,2740.6000,2741.0000,1,1,1,3,2,1,3,1,1,4
SF,IH2009,2020-05-07 09:34:40.100,2738.0000,11732,0,129871860.000,0,-,-,-,-,2738.0000,2737.6000,2736.8000,2736.6000,2736.2000,2739.2000,2739.6000,2740.6000,2741.0000,2741.8000,1,1,1,3,2,3,1,1,4,1
SF,IH2009,2020-05-07 09:34:40.600,2738.0000,11732,0,129871860.000,0,-,-,-,-,2738.0000,2737.6000,2736.8000,2736.6000,2736.2000,2739.0000,2739.2000,2740.6000,2741.0000,2741.8000,1,1,1,3,2,2,1,1,4,1
SF,IH2009,2020-05-07 09:34:41.100,2738.0000,11732,0,129871860.000,0,-,-,-,-,2738.0000,2737.6000,2736.8000,2736.6000,2736.2000,2739.2000,2740.6000,2741.0000,2741.8000,2742.0000,1,1,1,3,2,1,1,4,1,2
SF,IH2009,2020-05-07 09:34:43.600,2739.2000,11731,-1,130693620.000,1,0,1,双平,S,2738.0000,2737.6000,2736.8000,2736.6000,2736.2000,2740.6000,2741.0000,2741.8000,2742.0000,2742.4000,1,1,1,3,2,1,4,1,2,1
SF,IH2009,2020-05-07 09:34:44.100,2739.2000,11731,0,130693620.000,0,-,-,-,-,2738.0000,2737.6000,2736.8000,2736.6000,2736.2000,2740.4000,2740.6000,2741.0000,2741.8000,2742.0000,1,1,1,3,2,3,1,4,1,2
SF,IH2009,2020-05-07 09:34:44.600,2739.2000,11731,0,130693620.000,0,-,-,-,-,2739.2000,2738.0000,2737.6000,2736.8000,2736.6000,2740.4000,2740.6000,2741.0000,2741.8000,2742.0000,1,1,1,1,3,3,1,4,1,2
SF,IH2009,2020-05-07 09:34:45.100,2739.2000,11731,0,131515380.000,1,0,1,多换,S,2738.0000,2737.6000,2736.8000,2736.6000,2736.2000,2740.2000,2740.4000,2740.6000,2741.0000,2741.8000,1,1,1,3,2,2,3,1,4,1
SF,IH2009,2020-05-07 09:34:45.600,2739.2000,11731,0,131515380.000,0,-,-,-,-,2738.0000,2737.6000,2736.8000,2736.6000,2736.2000,2740.0000,2740.2000,2740.6000,2741.0000,2741.8000,1,1,1,3,2,2,1,1,4,1
SF,IH2009,2020-05-07 09:34:46.100,2739.2000,11731,0,131515380.000,0,-,-,-,-,2738.0000,2737.6000,2736.6000,2736.2000,2736.0000,2739.8000,2740.0000,2740.2000,2740.6000,2741.0000,1,1,3,2,8,1,2,1,1,4
SF,IH2009,2020-05-07 09:34:46.600,2739.2000,11731,0,131515380.000,0,-,-,-,-,2738.2000,2738.0000,2737.6000,2736.6000,2736.2000,2739.6000,2740.2000,2740.6000,2741.0000,2741.8000,3,1,1,3,1,3,1,1,4,1
SF,IH2009,2020-05-07 09:34:47.100,2739.2000,11731,0,131515380.000,0,-,-,-,-,2738.2000,2738.0000,2737.6000,2736.6000,2736.2000,2739.6000,2740.6000,2741.0000,2741.8000,2742.0000,3,1,1,3,1,2,1,4,1,2
SF,IH2009,2020-05-07 09:34:48.600,2739.2000,11731,0,131515380.000,0,-,-,-,-,2738.4000,2738.2000,2738.0000,2737.6000,2736.6000,2739.6000,2739.8000,2740.6000,2741.0000,2741.8000,8,3,1,1,3,2,1,1,4,1
SF,IH2009,2020-05-07 09:34:49.100,2739.2000,11731,0,131515380.000,0,-,-,-,-,2738.2000,2738.0000,2737.6000,2736.6000,2736.2000,2739.6000,2739.8000,2740.6000,2741.0000,2741.8000,2,1,1,3,1,1,1,1,4,1
SF,IH2009,2020-05-07 09:34:49.600,2739.2000,11731,0,131515380.000,0,-,-,-,-,2738.4000,2738.2000,2738.0000,2736.6000,2736.2000,2739.4000,2739.6000,2739.8000,2740.6000,2741.0000,2,2,1,3,1,2,1,1,1,4
SF,IH2009,2020-05-07 09:34:50.100,2739.2000,11731,0,131515380.000,0,-,-,-,-,2738.4000,2738.2000,2738.0000,2736.6000,2736.2000,2739.4000,2739.6000,2739.8000,2740.6000,2741.0000,1,1,1,3,1,2,1,1,1,4
SF,IH2009,2020-05-07 09:34:50.600,2739.2000,11731,0,131515380.000,0,-,-,-,-,2738.4000,2738.2000,2738.0000,2736.6000,2736.2000,2739.4000,2739.6000,2739.8000,2740.6000,2741.8000,1,1,1,3,1,2,1,1,1,1
SF,IH2009,2020-05-07 09:34:51.100,2739.2000,11731,0,131515380.000,0,-,-,-,-,2738.4000,2738.2000,2738.0000,2736.6000,2736.2000,2739.4000,2739.6000,2739.8000,2740.4000,2740.6000,1,1,1,3,1,2,1,1,1,1
SF,IH2009,2020-05-07 09:34:52.100,2739.2000,11731,0,131515380.000,0,-,-,-,-,2738.4000,2738.0000,2736.6000,2736.2000,2736.0000,2739.4000,2739.6000,2739.8000,2740.4000,2740.6000,1,1,3,1,8,2,1,1,1,1
SF,IH2009,2020-05-07 09:34:52.600,2739.2000,11731,0,131515380.000,0,-,-,-,-,2738.4000,2738.0000,2736.6000,2736.2000,2736.0000,2739.2000,2739.4000,2739.8000,2740.4000,2740.6000,1,1,3,1,8,1,2,1,1,1
SF,IH2009,2020-05-07 09:34:53.100,2738.4000,11731,0,132336900.000,1,0,1,多换,S,2738.2000,2738.0000,2736.6000,2736.2000,2736.0000,2738.4000,2739.0000,2739.2000,2739.4000,2739.8000,1,1,3,1,8,1,1,1,1,1
SF,IH2009,2020-05-07 09:34:53.600,2738.2000,11730,-1,133158360.000,1,0,1,双平,S,2738.0000,2736.6000,2736.2000,2736.0000,2735.6000,2738.2000,2738.4000,2739.0000,2739.2000,2739.4000,1,3,1,8,1,1,1,1,1,2
SF,IH2009,2020-05-07 09:34:54.100,2738.0000,11728,-2,134801220.000,2,0,2,双平,S,2736.6000,2736.2000,2736.0000,2735.6000,2735.0000,2738.4000,2739.0000,2739.2000,2739.4000,2739.8000,3,1,8,1,13,1,1,1,2,1
SF,IH2009,2020-05-07 09:34:54.600,2738.0000,11728,0,134801220.000,0,-,-,-,-,2736.8000,2736.6000,2736.2000,2736.0000,2735.6000,2738.2000,2738.4000,2738.8000,2739.0000,2739.2000,4,3,1,8,1,1,1,1,1,1
SF,IH2009,2020-05-07 09:34:55.100,2738.0000,11728,0,134801220.000,0,-,-,-,-,2737.0000,2736.8000,2736.6000,2736.2000,2736.0000,2738.0000,2738.2000,2738.4000,2738.8000,2739.2000,1,3,3,1,8,2,1,1,1,1
SF,IH2009,2020-05-07 09:34:55.600,2738.0000,11728,0,134801220.000,0,-,-,-,-,2736.8000,2736.6000,2736.2000,2736.0000,2735.6000,2738.0000,2738.4000,2738.8000,2739.2000,2739.4000,3,3,1,8,1,2,1,1,1,1
SF,IH2009,2020-05-07 09:34:56.100,2738.0000,11728,0,134801220.000,0,-,-,-,-,2736.6000,2736.2000,2736.0000,2735.6000,2735.0000,2738.4000,2738.8000,2739.2000,2739.4000,2739.8000,3,1,8,1,13,1,1,1,1,1
SF,IH2009,2020-05-07 09:34:56.600,2738.0000,11728,0,134801220.000,0,-,-,-,-,2736.8000,2736.6000,2736.2000,2736.0000,2735.6000,2738.2000,2738.4000,2738.8000,2739.4000,2739.8000,2,3,1,8,1,5,1,1,1,1
SF,IH2009,2020-05-07 09:34:58.100,2738.0000,11728,0,134801220.000,0,-,-,-,-,2736.8000,2736.6000,2736.2000,2736.0000,2735.6000,2738.0000,2738.2000,2738.4000,2738.8000,2739.4000,2,3,1,8,1,1,5,1,1,1
SF,IH2009,2020-05-07 09:34:58.600,2738.0000,11728,0,134801220.000,0,-,-,-,-,2736.6000,2736.2000,2736.0000,2735.6000,2735.0000,2737.8000,2738.2000,2738.4000,2738.8000,2739.4000,3,1,8,1,13,4,2,1,1,1
SF,IH2009,2020-05-07 09:34:59.100,2738.0000,11728,0,134801220.000,0,-,-,-,-,2736.6000,2736.2000,2736.0000,2735.6000,2735.0000,2738.2000,2738.4000,2738.8000,2739.4000,2739.8000,3,1,8,1,13,1,1,1,1,1
SF,IH2009,2020-05-07 09:34:59.600,2738.0000,11728,0,134801220.000,0,-,-,-,-,2736.8000,2736.6000,2736.2000,2736.0000,2735.6000,2738.0000,2738.2000,2738.4000,2738.8000,2739.4000,1,3,1,8,1,3,1,1,1,1
SF,IH2009,2020-05-07 09:35:00.100,2738.0000,11728,0,134801220.000,0,-,-,-,-,2736.6000,2736.2000,2736.0000,2735.6000,2735.0000,2738.0000,2738.2000,2738.4000,2738.8000,2739.4000,3,1,8,1,13,3,1,1,1,1
SF,IH2009,2020-05-07 09:35:01.100,2738.0000,11728,0,134801220.000,0,-,-,-,-,2737.0000,2736.6000,2736.2000,2736.0000,2735.6000,2737.8000,2738.0000,2738.2000,2738.4000,2738.8000,1,3,1,4,1,2,3,1,1,1
SF,IH2009,2020-05-07 09:35:01.600,2737.0000,11727,-1,135622320.000,1,0,1,双平,S,2736.6000,2736.2000,2736.0000,2735.6000,2735.0000,2737.0000,2737.6000,2737.8000,2738.4000,2738.8000,3,1,4,1,13,1,3,1,1,1
SF,IH2009,2020-05-07 09:35:02.100,2737.0000,11727,0,135622320.000,0,-,-,-,-,2736.6000,2736.2000,2736.0000,2735.6000,2735.0000,2737.6000,2737.8000,2738.4000,2738.8000,2739.8000,3,1,4,1,13,3,1,1,1,1
SF,IH2009,2020-05-07 09:35:02.600,2737.0000,11727,0,135622320.000,0,-,-,-,-,2736.6000,2736.2000,2736.0000,2735.6000,2735.0000,2737.6000,2738.4000,2738.8000,2739.6000,2739.8000,3,1,4,1,13,1,1,1,1,1
SF,IH2009,2020-05-07 09:35:04.600,2737.0000,11727,0,135622320.000,0,-,-,-,-,2736.6000,2736.2000,2736.0000,2735.6000,2735.0000,2737.6000,2738.4000,2738.8000,2739.6000,2739.8000,3,1,4,1,12,1,1,1,1,1
SF,IH2009,2020-05-07 09:35:05.100,2737.0000,11727,0,135622320.000,0,-,-,-,-,2736.6000,2736.2000,2736.0000,2735.6000,2735.0000,2737.6000,2738.4000,2738.8000,2739.6000,2739.8000,3,1,4,1,12,1,1,1,1,1
SF,IH2009,2020-05-07 09:35:05.600,2737.0000,11727,0,135622320.000,0,-,-,-,-,2736.6000,2736.2000,2736.0000,2735.6000,2735.0000,2737.4000,2737.6000,2738.4000,2738.8000,2739.6000,3,1,4,1,12,1,1,1,1,1
SF,IH2009,2020-05-07 09:35:12.100,2736.6000,11726,-1,138085260.000,3,1,2,多平,S,2736.2000,2736.0000,2735.6000,2735.0000,2734.6000,2736.6000,2737.4000,2737.6000,2738.4000,2738.8000,1,4,1,12,1,1,1,1,1,1
SF,IH2009,2020-05-07 09:35:12.600,2736.6000,11726,0,138085260.000,0,-,-,-,-,2736.6000,2736.2000,2736.0000,2735.6000,2735.0000,2737.6000,2738.4000,2738.8000,2739.8000,2740.4000,1,1,4,1,12,1,1,1,1,1
SF,IH2009,2020-05-07 09:35:13.100,2736.6000,11725,-1,138906240.000,1,0,1,双平,S,2736.2000,2736.0000,2735.6000,2735.0000,2734.6000,2736.6000,2737.4000,2737.6000,2738.4000,2738.8000,1,4,1,12,1,1,2,1,1,1
SF,IH2009,2020-05-07 09:35:13.600,2736.6000,11725,0,138906240.000,0,-,-,-,-,2736.2000,2736.0000,2735.6000,2735.0000,2734.6000,2737.4000,2737.6000,2738.4000,2738.8000,2739.8000,1,4,1,12,1,1,1,1,1,1
SF,IH2009,2020-05-07 09:35:14.100,2736.6000,11725,0,138906240.000,0,-,-,-,-,2736.4000,2736.2000,2736.0000,2735.6000,2735.0000,2737.2000,2737.6000,2738.4000,2738.8000,2739.2000,1,1,4,1,12,2,1,1,1,1
SF,IH2009,2020-05-07 09:35:14.600,2736.6000,11725,0,138906240.000,0,-,-,-,-,2736.4000,2736.2000,2736.0000,2735.6000,2735.0000,2737.6000,2738.4000,2738.8000,2739.2000,2739.4000,1,1,4,1,12,1,1,1,1,1
SF,IH2009,2020-05-07 09:35:15.600,2736.6000,11725,0,138906240.000,0,-,-,-,-,2736.2000,2736.0000,2735.6000,2735.0000,2734.6000,2737.6000,2738.4000,2738.8000,2739.2000,2739.4000,1,4,1,12,1,1,1,1,1,1
SF,IH2009,2020-05-07 09:35:16.100,2736.6000,11725,0,138906240.000,0,-,-,-,-,2736.4000,2736.2000,2736.0000,2735.6000,2735.0000,2737.6000,2738.4000,2738.8000,2739.2000,2739.4000,1,1,4,1,12,1,1,1,1,1
SF,IH2009,2020-05-07 09:35:17.600,2736.6000,11725,0,138906240.000,0,-,-,-,-,2736.2000,2736.0000,2735.6000,2735.0000,2734.6000,2737.6000,2738.4000,2738.8000,2739.2000,2739.4000,1,4,1,12,1,1,1,1,1,1
SF,IH2009,2020-05-07 09:35:18.100,2736.6000,11725,0,138906240.000,0,-,-,-,-,2736.2000,2736.0000,2735.6000,2735.0000,2734.6000,2737.4000,2737.6000,2738.4000,2738.8000,2739.2000,1,4,1,12,1,1,1,1,1,1
SF,IH2009,2020-05-07 09:35:18.600,2736.6000,11725,0,138906240.000,0,-,-,-,-,2736.2000,2736.0000,2735.6000,2735.0000,2734.6000,2737.2000,2737.6000,2738.4000,2738.8000,2739.2000,1,4,1,12,1,2,1,1,1,1
SF,IH2009,2020-05-07 09:35:19.100,2736.6000,11725,0,138906240.000,0,-,-,-,-,2736.2000,2736.0000,2735.6000,2735.0000,2734.6000,2737.6000,2738.4000,2738.8000,2739.2000,2739.4000,1,4,1,12,1,1,1,1,1,1
SF,IH2009,2020-05-07 09:35:19.600,2736.6000,11725,0,138906240.000,0,-,-,-,-,2736.2000,2736.0000,2735.6000,2735.0000,2734.6000,2737.4000,2737.6000,2738.4000,2738.8000,2739.2000,1,4,1,12,1,1,1,1,1,1
SF,IH2009,2020-05-07 09:35:20.100,2736.6000,11725,0,138906240.000,0,-,-,-,-,2736.2000,2736.0000,2735.6000,2735.0000,2734.6000,2737.2000,2737.6000,2738.4000,2738.8000,2739.2000,1,4,1,12,1,2,1,1,1,1
SF,IH2009,2020-05-07 09:35:20.600,2736.6000,11725,0,138906240.000,0,-,-,-,-,2736.2000,2736.0000,2735.6000,2735.0000,2734.6000,2737.6000,2738.4000,2738.8000,2739.2000,2739.4000,1,4,1,12,1,1,1,1,1,1
SF,IH2009,2020-05-07 09:35:21.100,2736.6000,11725,0,138906240.000,0,-,-,-,-,2736.2000,2736.0000,2735.6000,2735.0000,2734.6000,2737.4000,2737.6000,2738.4000,2738.8000,2739.2000,1,4,1,12,1,3,1,1,1,1
SF,IH2009,2020-05-07 09:35:21.600,2736.6000,11725,0,138906240.000,0,-,-,-,-,2736.2000,2736.0000,2735.6000,2735.0000,2734.6000,2737.4000,2737.6000,2738.4000,2738.8000,2739.2000,1,4,1,12,1,2,1,1,1,1
