市场代码,合约代码,时间,最新,持仓,增仓,成交额,成交量,开仓,平仓,成交类型,方向,买一价,买二价,买三价,买四价,买五价,卖一价,卖二价,卖三价,卖四价,卖五价,买一量,买二量,买三量,买四量,买五量,卖一量,卖二量,卖三量,卖四量,卖五量
SF,IH2006,2020-05-14 09:29:00.400,2813.6000,27554,0,54021120.000,64.000,-,-,-,-,2813.6000,2812.6000,2812.2000,2812.0000,2811.4000,2813.8000,2814.0000,2814.4000,2814.6000,2815.0000,4,1,1,2,1,7,5,1,1,8
SF,IH2006,2020-05-14 09:30:00.400,2813.8000,27537,-17,81876000.000,33,8,25,多平,S,2812.6000,2812.2000,2812.0000,2811.4000,2811.0000,2813.8000,2814.0000,2814.6000,2814.8000,2815.0000,1,1,3,1,1,3,5,1,1,9
SF,IH2006,2020-05-14 09:30:00.900,2813.2000,27531,-6,92001300.000,12,3,9,多平,S,2812.8000,2812.6000,2812.0000,2811.4000,2811.0000,2813.2000,2813.4000,2813.6000,2813.8000,2814.0000,1,3,2,2,1,4,2,1,5,1
SF,IH2006,2020-05-14 09:30:01.400,2812.6000,27523,-8,104659440.000,15,3,12,多平,S,2812.0000,2811.4000,2811.0000,2810.8000,2810.6000,2812.4000,2812.8000,2813.2000,2813.4000,2813.6000,2,2,1,14,13,8,2,3,2,3
SF,IH2006,2020-05-14 09:30:01.900,2812.2000,27518,-5,114783420.000,12,3,9,多平,S,2812.0000,2811.4000,2811.0000,2810.8000,2810.6000,2812.4000,2812.8000,2813.0000,2813.2000,2813.4000,1,2,1,14,13,5,2,2,3,2
SF,IH2006,2020-05-14 09:30:02.400,2812.0000,27517,-1,116470620.000,2,0,2,多平,S,2811.4000,2811.0000,2810.8000,2810.6000,2810.2000,2811.6000,2812.0000,2812.4000,2812.6000,2812.8000,2,1,14,13,3,2,1,6,1,1
SF,IH2006,2020-05-14 09:30:02.900,2811.0000,27510,-7,124904460.000,10,1,9,多平,S,2810.8000,2810.6000,2810.2000,2810.0000,2809.8000,2811.0000,2811.4000,2811.6000,2811.8000,2812.0000,14,13,3,2,1,2,1,2,8,1
SF,IH2006,2020-05-14 09:30:03.400,2810.8000,27489,-21,144299280.000,23,1,22,多平,S,2810.6000,2810.2000,2810.0000,2809.8000,2809.4000,2810.8000,2811.4000,2811.8000,2812.0000,2812.4000,12,3,2,1,2,1,2,10,1,1
SF,IH2006,2020-05-14 09:30:03.900,2811.0000,27483,-6,155261580.000,13,3,10,多平,S,2810.8000,2810.6000,2810.2000,2810.0000,2809.8000,2811.8000,2812.0000,2812.4000,2812.6000,2812.8000,2,7,3,2,1,10,1,1,1,1
SF,IH2006,2020-05-14 09:30:04.400,2810.6000,27480,-3,158634480.000,4,0,4,多平,S,2810.6000,2810.2000,2810.0000,2809.8000,2809.4000,2810.8000,2811.2000,2811.6000,2811.8000,2812.0000,5,3,2,1,2,2,3,1,10,1
SF,IH2006,2020-05-14 09:30:04.900,2810.6000,27474,-6,165380040.000,8,1,7,多平,S,2810.2000,2810.0000,2809.8000,2809.4000,2808.4000,2811.2000,2811.6000,2811.8000,2812.0000,2812.4000,3,2,1,2,1,3,1,10,1,1
SF,IH2006,2020-05-14 09:30:05.400,2810.2000,27471,-3,168752820.000,4,0,4,多平,S,2810.2000,2810.0000,2809.8000,2809.4000,2808.4000,2811.0000,2811.2000,2811.4000,2811.8000,2812.0000,3,2,1,2,1,2,4,6,10,1
SF,IH2006,2020-05-14 09:30:05.900,2809.8000,27463,-8,178026420.000,11,1,10,多平,S,2809.4000,2808.8000,2808.4000,2808.0000,2807.0000,2809.8000,2810.2000,2810.8000,2811.0000,2811.2000,1,1,1,4,1,2,5,2,2,4
SF,IH2006,2020-05-14 09:30:06.400,2810.0000,27458,-5,183927360.000,7,1,6,多平,S,2810.0000,2809.8000,2809.6000,2809.4000,2808.8000,2810.2000,2810.8000,2811.0000,2811.2000,2811.4000,4,4,2,5,1,3,2,2,4,6
SF,IH2006,2020-05-14 09:30:06.900,2809.6000,27448,-10,201631740.000,21,5,16,多平,S,2809.6000,2809.4000,2808.8000,2808.4000,2808.0000,2811.2000,2811.4000,2811.8000,2812.0000,2812.4000,2,3,1,1,4,2,6,10,1,1
SF,IH2006,2020-05-14 09:30:07.400,2811.0000,27446,-2,204161640.000,3,0,3,多平,S,2810.0000,2809.8000,2809.4000,2808.8000,2808.4000,2811.0000,2811.2000,2811.8000,2812.0000,2812.4000,2,7,3,1,1,7,3,10,1,1
SF,IH2006,2020-05-14 09:30:07.900,2809.8000,27443,-3,208376760.000,5,1,4,多平,S,2809.4000,2808.8000,2808.4000,2808.0000,2807.0000,2809.6000,2810.2000,2810.4000,2811.0000,2811.2000,3,1,1,4,1,1,1,1,2,10
SF,IH2006,2020-05-14 09:30:08.400,2809.6000,27436,-7,215962740.000,9,1,8,多平,S,2809.6000,2809.4000,2808.8000,2808.4000,2808.0000,2809.8000,2810.0000,2810.2000,2810.4000,2811.0000,4,2,1,2,4,2,6,1,1,2
SF,IH2006,2020-05-14 09:30:08.900,2810.0000,27435,-1,219334620.000,4,1,3,多平,S,2809.8000,2809.6000,2809.4000,2808.8000,2808.4000,2810.0000,2810.2000,2810.4000,2811.0000,2811.2000,1,6,3,1,2,7,1,1,2,10
SF,IH2006,2020-05-14 09:30:09.400,2809.6000,27428,-7,227764140.000,10,1,9,多平,S,2809.6000,2809.4000,2808.8000,2808.4000,2808.0000,2810.0000,2810.2000,2810.4000,2811.0000,2811.2000,5,1,1,2,4,5,3,1,2,10
SF,IH2006,2020-05-14 09:30:09.900,2810.0000,27428,0,233664600.000,7,3,4,多换,S,2808.8000,2808.4000,2808.0000,2807.0000,2806.6000,2809.2000,2809.6000,2809.8000,2810.0000,2810.2000,1,2,4,1,1,3,1,7,3,3
SF,IH2006,2020-05-14 09:30:10.400,2809.0000,27418,-10,247990380.000,17,3,14,多平,S,2809.0000,2808.4000,2808.0000,2807.2000,2807.0000,2809.4000,2809.6000,2809.8000,2810.0000,2810.2000,15,2,4,1,1,7,8,10,3,3
SF,IH2006,2020-05-14 09:30:10.900,2809.4000,27417,-1,252204120.000,5,2,3,多平,S,2809.0000,2808.4000,2808.0000,2807.2000,2807.0000,2809.4000,2809.6000,2809.8000,2810.0000,2810.2000,13,2,4,1,1,7,13,10,3,3
SF,IH2006,2020-05-14 09:30:11.400,2809.4000,27419,2,264002520.000,14,8,6,空开,S,2809.0000,2808.8000,2808.4000,2808.0000,2807.2000,2809.4000,2809.6000,2809.8000,2810.0000,2810.2000,5,1,2,4,1,2,18,10,3,3
SF,IH2006,2020-05-14 09:30:11.900,2809.0000,27419,0,266530860.000,3,1,2,多换,S,2809.0000,2808.8000,2808.4000,2808.0000,2807.2000,2809.6000,2809.8000,2810.0000,2810.2000,2811.0000,4,1,2,4,1,18,10,3,3,2
SF,IH2006,2020-05-14 09:30:12.400,2809.0000,27419,0,266530860.000,0,-,-,-,-,2809.2000,2809.0000,2808.8000,2808.4000,2808.0000,2809.4000,2809.6000,2809.8000,2810.0000,2810.2000,1,5,1,2,4,3,18,15,3,3
SF,IH2006,2020-05-14 09:30:12.900,2809.0000,27416,-3,270744780.000,5,1,4,多平,S,2809.0000,2808.8000,2808.4000,2808.0000,2807.2000,2809.2000,2809.6000,2809.8000,2810.0000,2810.2000,4,1,3,4,2,1,26,13,3,3
SF,IH2006,2020-05-14 09:30:13.400,2809.2000,27413,-3,273273060.000,3,0,3,双平,S,2809.2000,2809.0000,2808.8000,2808.4000,2808.0000,2809.6000,2809.8000,2810.0000,2810.2000,2811.0000,4,4,1,4,5,25,13,3,3,1
SF,IH2006,2020-05-14 09:30:13.900,2809.6000,27411,-2,274958820.000,2,0,2,双平,S,2809.0000,2808.8000,2808.6000,2808.4000,2808.0000,2809.6000,2809.8000,2810.0000,2810.2000,2811.0000,4,1,1,4,5,23,13,3,3,1
SF,IH2006,2020-05-14 09:30:14.400,2809.0000,27406,-5,285072960.000,12,3,9,多平,S,2809.0000,2808.8000,2808.6000,2808.4000,2808.0000,2809.6000,2809.8000,2810.0000,2810.2000,2811.0000,2,1,1,4,5,15,18,3,3,1
SF,IH2006,2020-05-14 09:30:14.900,2809.6000,27406,0,287601600.000,3,1,2,多换,S,2809.0000,2808.8000,2808.6000,2808.4000,2808.0000,2809.6000,2809.8000,2810.0000,2810.2000,2811.0000,3,1,1,4,5,12,18,3,3,1
SF,IH2006,2020-05-14 09:30:15.400,2809.2000,27406,0,290130120.000,3,1,2,多换,S,2809.2000,2809.0000,2808.8000,2808.6000,2808.4000,2809.6000,2809.8000,2810.0000,2810.2000,2811.0000,1,3,1,1,4,11,17,3,3,1
SF,IH2006,2020-05-14 09:30:15.900,2809.4000,27405,-1,290972940.000,1,0,1,双平,S,2809.2000,2809.0000,2808.8000,2808.6000,2808.4000,2809.6000,2809.8000,2810.0000,2810.2000,2811.0000,4,3,1,1,4,11,17,3,3,1
SF,IH2006,2020-05-14 09:30:16.400,2809.6000,27406,1,300244620.000,11,6,5,空开,S,2809.2000,2809.0000,2808.8000,2808.6000,2808.4000,2809.8000,2810.0000,2810.2000,2811.0000,2812.0000,4,3,1,1,4,17,3,3,1,1
SF,IH2006,2020-05-14 09:30:16.900,2809.8000,27400,-6,312888720.000,15,4,11,多平,S,2809.4000,2809.2000,2809.0000,2808.8000,2808.6000,2809.8000,2810.0000,2810.2000,2811.0000,2812.0000,5,5,5,1,1,2,8,3,1,1
SF,IH2006,2020-05-14 09:30:17.400,2810.0000,27411,11,324690540.000,14,12,2,空开,S,2809.8000,2809.6000,2809.4000,2809.2000,2809.0000,2810.2000,2811.0000,2812.0000,2813.6000,2813.8000,4,1,5,5,5,3,1,1,2,1
SF,IH2006,2020-05-14 09:30:17.900,2810.2000,27411,0,326376660.000,2,1,1,多换,S,2810.0000,2809.8000,2809.6000,2809.2000,2809.0000,2810.2000,2810.4000,2811.0000,2812.0000,2812.6000,13,5,2,4,5,1,3,1,1,1
SF,IH2006,2020-05-14 09:30:18.400,2810.4000,27413,2,329749080.000,4,3,1,空开,S,2810.2000,2810.0000,2809.8000,2809.6000,2809.2000,2811.0000,2812.0000,2812.6000,2813.6000,2813.8000,1,6,5,2,4,6,1,1,2,1
SF,IH2006,2020-05-14 09:30:18.900,2810.4000,27412,-1,331435260.000,2,0,2,多平,S,2810.4000,2810.2000,2810.0000,2809.8000,2809.6000,2810.6000,2811.0000,2812.0000,2812.6000,2813.6000,6,2,4,5,2,3,6,1,1,2
SF,IH2006,2020-05-14 09:30:19.400,2811.0000,27412,0,334808100.000,4,2,2,多换,S,2810.6000,2810.4000,2810.2000,2810.0000,2809.8000,2811.0000,2812.0000,2812.6000,2813.6000,2813.8000,1,3,6,4,5,4,1,1,2,1
SF,IH2006,2020-05-14 09:30:19.900,2810.6000,27411,-1,336494520.000,2,0,2,多平,S,2810.4000,2810.2000,2810.0000,2809.8000,2809.6000,2810.6000,2811.0000,2812.0000,2812.6000,2813.6000,2,6,4,5,2,1,5,1,1,2
SF,IH2006,2020-05-14 09:30:20.400,2810.6000,27411,0,337337700.000,1,0,1,多换,S,2810.6000,2810.4000,2810.2000,2810.0000,2809.8000,2810.8000,2811.0000,2812.0000,2812.6000,2813.6000,1,2,5,2,5,3,5,1,1,2
SF,IH2006,2020-05-14 09:30:20.900,2810.6000,27409,-2,339024060.000,2,0,2,双平,S,2810.6000,2810.2000,2810.0000,2809.8000,2809.6000,2810.8000,2811.0000,2812.0000,2812.6000,2813.6000,1,5,2,5,2,3,8,1,1,2
SF,IH2006,2020-05-14 09:30:21.400,2810.6000,27408,-1,339867240.000,1,0,1,双平,S,2810.2000,2810.0000,2809.8000,2809.6000,2809.2000,2810.6000,2810.8000,2811.0000,2812.0000,2812.6000,5,2,5,2,4,1,3,8,1,1
SF,IH2006,2020-05-14 09:30:21.900,2810.4000,27406,-2,344926080.000,6,2,4,多平,S,2810.4000,2810.2000,2810.0000,2809.8000,2809.6000,2810.8000,2811.0000,2812.0000,2812.6000,2813.6000,1,5,3,5,2,4,8,1,1,2
SF,IH2006,2020-05-14 09:30:22.900,2810.8000,27406,0,345769320.000,1,0,1,多换,S,2810.4000,2810.2000,2810.0000,2809.8000,2809.6000,2810.8000,2811.0000,2812.0000,2812.6000,2813.6000,1,5,3,5,2,3,8,1,1,2
SF,IH2006,2020-05-14 09:30:23.400,2810.8000,27406,0,345769320.000,0,-,-,-,-,2810.2000,2810.0000,2809.8000,2809.6000,2809.2000,2810.6000,2810.8000,2811.0000,2812.0000,2812.6000,5,3,5,2,5,1,3,11,1,1
SF,IH2006,2020-05-14 09:30:23.900,2810.8000,27406,0,345769320.000,0,-,-,-,-,2810.4000,2810.2000,2810.0000,2809.8000,2809.6000,2810.6000,2810.8000,2811.0000,2812.0000,2812.6000,5,5,3,5,2,2,6,11,1,1
SF,IH2006,2020-05-14 09:30:24.400,2810.2000,27408,2,354200220.000,10,6,4,空开,S,2810.0000,2809.8000,2809.6000,2809.2000,2809.0000,2810.6000,2810.8000,2811.0000,2812.0000,2812.6000,3,5,2,5,5,1,6,11,1,1
SF,IH2006,2020-05-14 09:30:24.900,2810.2000,27406,-2,358415460.000,5,1,4,多平,S,2810.0000,2809.8000,2809.6000,2809.2000,2809.0000,2810.2000,2810.8000,2811.0000,2812.0000,2812.6000,1,6,2,5,5,1,6,11,1,1
SF,IH2006,2020-05-14 09:30:25.400,2810.0000,27403,-3,363473400.000,6,1,5,多平,S,2809.8000,2809.6000,2809.2000,2809.0000,2808.4000,2810.2000,2810.8000,2811.0000,2812.0000,2812.6000,4,2,5,5,4,3,6,11,1,1
SF,IH2006,2020-05-14 09:30:25.900,2810.2000,27402,-1,370216860.000,8,3,5,多平,S,2809.2000,2809.0000,2808.4000,2808.0000,2807.4000,2810.2000,2810.8000,2811.0000,2812.0000,2812.6000,5,5,4,5,1,2,6,11,1,1
SF,IH2006,2020-05-14 09:30:26.400,2810.0000,27402,0,371902860.000,2,1,1,多换,S,2809.6000,2809.4000,2809.2000,2809.0000,2808.4000,2810.2000,2810.4000,2810.8000,2811.0000,2812.0000,2,6,7,5,4,2,3,6,11,1
SF,IH2006,2020-05-14 09:30:26.900,2810.2000,27400,-2,373588980.000,2,0,2,双平,S,2809.4000,2809.2000,2809.0000,2808.4000,2808.0000,2810.4000,2810.8000,2811.0000,2812.0000,2812.6000,6,7,5,4,5,3,6,11,1,1
SF,IH2006,2020-05-14 09:30:27.400,2810.2000,27399,-1,374432040.000,1,0,1,双平,S,2809.4000,2809.2000,2809.0000,2808.4000,2808.0000,2810.4000,2810.6000,2810.8000,2811.0000,2811.2000,6,7,5,4,5,3,3,6,11,1
SF,IH2006,2020-05-14 09:30:27.900,2810.2000,27399,0,374432040.000,0,-,-,-,-,2809.6000,2809.4000,2809.2000,2809.0000,2808.4000,2810.2000,2810.4000,2810.6000,2810.8000,2811.0000,1,6,5,5,4,2,3,3,6,11
SF,IH2006,2020-05-14 09:30:28.400,2810.2000,27398,-1,376117980.000,2,0,2,多平,S,2809.4000,2809.2000,2809.0000,2808.4000,2808.0000,2810.2000,2810.4000,2810.6000,2810.8000,2811.0000,6,5,5,4,5,4,3,3,6,11
SF,IH2006,2020-05-14 09:30:28.900,2809.6000,27398,0,378646620.000,3,1,2,多换,S,2809.6000,2809.4000,2809.2000,2809.0000,2808.4000,2810.2000,2810.4000,2810.6000,2810.8000,2811.0000,4,6,5,5,4,4,3,3,6,11
SF,IH2006,2020-05-14 09:30:29.400,2809.6000,27398,0,378646620.000,0,-,-,-,-,2809.8000,2809.6000,2809.4000,2809.2000,2809.0000,2810.0000,2810.2000,2810.4000,2810.6000,2810.8000,1,4,6,5,4,2,10,7,3,6
SF,IH2006,2020-05-14 09:30:29.900,2810.0000,27398,0,380332500.000,2,1,1,多换,S,2809.6000,2809.4000,2809.2000,2809.0000,2808.4000,2810.0000,2810.2000,2810.4000,2810.6000,2810.8000,4,6,5,4,4,1,13,7,3,6
SF,IH2006,2020-05-14 09:30:30.400,2810.0000,27397,-1,381175500.000,1,0,1,双平,S,2810.0000,2809.8000,2809.4000,2809.2000,2809.0000,2810.2000,2810.4000,2810.6000,2810.8000,2811.0000,1,1,5,5,4,13,7,3,6,11
SF,IH2006,2020-05-14 09:30:30.900,2810.0000,27398,1,384547440.000,4,2,2,空开,S,2809.4000,2809.2000,2809.0000,2808.4000,2808.0000,2810.0000,2810.2000,2810.4000,2810.6000,2810.8000,5,3,3,4,5,2,13,7,3,6
SF,IH2006,2020-05-14 09:30:31.400,2810.0000,27398,0,385390440.000,1,0,1,多换,S,2809.8000,2809.4000,2809.2000,2809.0000,2808.4000,2810.0000,2810.2000,2810.4000,2810.6000,2810.8000,4,4,3,3,4,1,13,7,3,6
SF,IH2006,2020-05-14 09:30:31.900,2810.2000,27396,-2,387919440.000,3,0,3,多平,S,2809.8000,2809.4000,2809.2000,2809.0000,2808.4000,2810.2000,2810.4000,2810.6000,2810.8000,2811.0000,2,2,3,3,4,12,7,3,6,11
SF,IH2006,2020-05-14 09:30:32.400,2810.2000,27396,0,387919440.000,0,-,-,-,-,2810.0000,2809.8000,2809.6000,2809.4000,2809.2000,2810.2000,2810.4000,2810.6000,2810.8000,2811.0000,1,2,1,2,3,12,12,3,6,11
SF,IH2006,2020-05-14 09:30:32.900,2810.2000,27394,-2,391291560.000,4,1,3,多平,S,2810.0000,2809.8000,2809.6000,2809.4000,2809.2000,2810.2000,2810.4000,2810.6000,2810.8000,2811.0000,1,2,1,3,3,10,12,3,6,11
SF,IH2006,2020-05-14 09:30:33.400,2810.0000,27394,0,392134560.000,1,0,1,多换,S,2809.8000,2809.6000,2809.4000,2809.2000,2809.0000,2810.2000,2810.4000,2810.6000,2810.8000,2811.0000,2,1,4,3,3,10,12,3,6,11
SF,IH2006,2020-05-14 09:30:33.900,2810.0000,27394,0,392134560.000,0,-,-,-,-,2809.8000,2809.6000,2809.4000,2809.2000,2809.0000,2810.0000,2810.2000,2810.4000,2810.6000,2810.8000,2,1,4,3,3,1,10,12,3,6
SF,IH2006,2020-05-14 09:30:34.400,2810.2000,27392,-2,393820620.000,2,0,2,双平,S,2809.8000,2809.6000,2809.4000,2809.2000,2809.0000,2810.2000,2810.4000,2810.6000,2810.8000,2811.0000,2,1,3,3,3,12,12,3,6,11
SF,IH2006,2020-05-14 09:30:35.400,2810.2000,27390,-2,398035800.000,5,1,4,多平,S,2810.0000,2809.8000,2809.6000,2809.4000,2809.2000,2810.2000,2810.4000,2810.6000,2810.8000,2811.0000,1,2,1,3,3,9,12,3,6,11
SF,IH2006,2020-05-14 09:30:35.900,2810.0000,27390,0,398878800.000,1,0,1,多换,S,2810.0000,2809.8000,2809.6000,2809.4000,2809.2000,2810.2000,2810.4000,2810.6000,2810.8000,2811.0000,1,2,1,3,3,9,12,3,6,11
SF,IH2006,2020-05-14 09:30:36.400,2810.0000,27389,-1,399721800.000,1,0,1,双平,S,2809.8000,2809.6000,2809.4000,2809.2000,2809.0000,2810.2000,2810.4000,2810.6000,2810.8000,2811.0000,2,1,3,3,3,9,12,3,6,11
SF,IH2006,2020-05-14 09:30:36.900,2809.8000,27389,0,401407680.000,2,1,1,多换,S,2809.6000,2809.4000,2809.2000,2809.0000,2808.4000,2809.8000,2810.0000,2810.2000,2810.4000,2810.6000,1,3,3,3,3,1,2,9,12,3
SF,IH2006,2020-05-14 09:30:37.400,2809.6000,27389,0,402250560.000,1,0,1,多换,S,2809.4000,2809.2000,2809.0000,2808.4000,2808.0000,2810.0000,2810.2000,2810.4000,2810.6000,2810.8000,3,3,3,3,6,2,9,12,3,6
SF,IH2006,2020-05-14 09:30:37.900,2809.4000,27385,-4,405622440.000,4,0,4,双平,S,2809.4000,2809.2000,2809.0000,2808.4000,2808.0000,2810.2000,2810.4000,2810.6000,2810.8000,2811.0000,3,3,3,3,6,8,12,3,6,11
SF,IH2006,2020-05-14 09:30:38.400,2809.4000,27385,0,406465260.000,1,0,1,多换,S,2809.6000,2809.4000,2809.2000,2809.0000,2808.4000,2810.0000,2810.2000,2810.4000,2810.6000,2810.8000,1,2,3,3,3,2,8,12,3,6
SF,IH2006,2020-05-14 09:30:38.900,2809.6000,27385,0,408151020.000,2,1,1,多换,S,2809.4000,2809.2000,2809.0000,2808.4000,2808.0000,2810.0000,2810.2000,2810.4000,2810.6000,2810.8000,2,3,3,3,6,2,8,12,3,6
SF,IH2006,2020-05-14 09:30:39.400,2809.6000,27384,-1,408993900.000,1,0,1,双平,S,2809.4000,2809.2000,2809.0000,2808.4000,2808.0000,2810.0000,2810.2000,2810.4000,2810.6000,2810.8000,2,3,3,3,6,2,8,12,3,6
SF,IH2006,2020-05-14 09:30:39.900,2809.6000,27384,0,408993900.000,0,-,-,-,-,2809.4000,2809.2000,2809.0000,2808.4000,2808.0000,2809.8000,2810.0000,2810.2000,2810.4000,2810.6000,3,3,3,3,6,2,2,8,12,3
SF,IH2006,2020-05-14 09:30:40.400,2809.8000,27384,0,409836840.000,1,0,1,多换,S,2809.4000,2809.2000,2809.0000,2808.4000,2808.0000,2809.8000,2810.0000,2810.2000,2810.4000,2810.6000,3,3,3,3,6,1,2,8,12,3
SF,IH2006,2020-05-14 09:30:40.900,2809.2000,27380,-4,415736400.000,7,1,6,多平,S,2809.0000,2808.4000,2808.0000,2807.2000,2807.0000,2809.6000,2809.8000,2810.0000,2810.2000,2810.4000,3,3,6,1,2,1,1,2,8,12
SF,IH2006,2020-05-14 09:30:41.400,2809.4000,27380,0,417422040.000,2,1,1,多换,S,2809.2000,2809.0000,2808.4000,2808.0000,2807.2000,2809.4000,2809.6000,2809.8000,2810.2000,2810.4000,1,3,3,6,1,1,1,1,8,12
SF,IH2006,2020-05-14 09:30:41.900,2809.6000,27377,-3,420793320.000,4,0,4,多平,S,2809.0000,2808.4000,2808.0000,2807.2000,2807.0000,2809.8000,2810.2000,2810.4000,2810.6000,2810.8000,4,3,5,1,2,1,8,12,3,6
SF,IH2006,2020-05-14 09:30:42.400,2809.6000,27377,0,420793320.000,0,-,-,-,-,2809.0000,2808.4000,2808.0000,2807.2000,2807.0000,2809.8000,2810.2000,2810.4000,2810.6000,2810.8000,4,3,5,1,2,1,8,12,3,6
SF,IH2006,2020-05-14 09:30:42.900,2809.6000,27377,0,420793320.000,0,-,-,-,-,2809.0000,2808.4000,2808.0000,2807.2000,2807.0000,2809.2000,2809.6000,2809.8000,2810.2000,2810.4000,4,3,5,1,2,1,2,2,8,12
SF,IH2006,2020-05-14 09:30:43.400,2809.6000,27378,1,421636200.000,1,1,0,双开,S,2809.0000,2808.4000,2808.0000,2807.2000,2807.0000,2809.2000,2809.6000,2809.8000,2810.2000,2810.4000,4,3,5,1,2,1,2,2,8,12
SF,IH2006,2020-05-14 09:30:43.900,2809.0000,27382,4,425849700.000,5,4,1,空开,S,2808.4000,2808.0000,2807.2000,2807.0000,2806.6000,2809.2000,2809.6000,2809.8000,2810.2000,2810.4000,3,5,1,2,1,1,2,2,8,12
SF,IH2006,2020-05-14 09:30:44.400,2809.0000,27382,0,425849700.000,0,-,-,-,-,2808.6000,2808.4000,2808.0000,2807.2000,2807.0000,2809.2000,2809.6000,2809.8000,2810.2000,2810.4000,1,3,5,1,2,2,2,1,8,13
SF,IH2006,2020-05-14 09:30:44.900,2809.2000,27382,0,426692460.000,1,0,1,多换,S,2808.4000,2808.0000,2807.2000,2807.0000,2806.6000,2809.2000,2809.6000,2809.8000,2810.2000,2810.4000,3,5,1,2,1,1,2,1,8,13
SF,IH2006,2020-05-14 09:30:45.400,2809.2000,27381,-1,428377980.000,2,0,2,多平,S,2808.6000,2808.4000,2808.0000,2807.2000,2807.0000,2809.0000,2809.2000,2809.6000,2810.2000,2810.4000,2,3,5,1,2,1,1,2,8,13
SF,IH2006,2020-05-14 09:30:45.900,2808.8000,27380,-1,430906080.000,3,1,2,多平,S,2808.6000,2808.4000,2808.0000,2807.2000,2807.0000,2808.8000,2809.6000,2810.2000,2810.4000,2810.6000,4,3,5,1,2,3,2,8,13,3
SF,IH2006,2020-05-14 09:30:46.400,2808.8000,27376,-4,434276640.000,4,0,4,双平,S,2809.2000,2809.0000,2808.8000,2808.6000,2808.4000,2809.6000,2810.2000,2810.4000,2810.6000,2810.8000,1,2,2,4,3,2,8,13,3,6
SF,IH2006,2020-05-14 09:30:46.900,2809.2000,27375,-1,435962160.000,2,0,2,多平,S,2809.0000,2808.8000,2808.6000,2808.4000,2808.0000,2809.6000,2810.2000,2810.4000,2810.6000,2810.8000,2,2,4,3,5,2,8,13,3,6
SF,IH2006,2020-05-14 09:30:47.400,2809.0000,27375,0,437647560.000,2,1,1,多换,S,2808.8000,2808.6000,2808.4000,2808.0000,2807.2000,2809.0000,2809.6000,2810.2000,2810.4000,2810.6000,3,4,3,5,1,2,2,8,13,3
SF,IH2006,2020-05-14 09:30:47.900,2808.8000,27376,1,440175480.000,3,2,1,空开,S,2808.8000,2808.6000,2808.4000,2808.0000,2807.2000,2809.0000,2809.6000,2810.2000,2810.4000,2810.6000,1,2,3,5,1,1,2,8,13,3
SF,IH2006,2020-05-14 09:30:48.400,2809.0000,27373,-3,442703460.000,3,0,3,双平,S,2808.6000,2808.4000,2808.0000,2807.2000,2807.0000,2808.8000,2809.0000,2809.2000,2809.6000,2810.2000,2,5,5,1,2,1,1,3,1,8
SF,IH2006,2020-05-14 09:30:48.900,2808.6000,27373,0,445231380.000,3,1,2,多换,S,2808.6000,2808.4000,2808.0000,2807.2000,2807.0000,2809.0000,2809.2000,2809.6000,2810.2000,2810.4000,1,5,5,1,2,4,3,1,8,14
SF,IH2006,2020-05-14 09:30:49.400,2808.8000,27372,-1,446074020.000,1,0,1,双平,S,2808.6000,2808.4000,2808.0000,2807.4000,2807.2000,2808.8000,2809.0000,2809.2000,2809.6000,2810.2000,1,6,5,1,1,1,4,3,1,8
SF,IH2006,2020-05-14 09:30:49.900,2808.8000,27371,-1,446916660.000,1,0,1,双平,S,2808.8000,2808.6000,2808.4000,2808.2000,2808.0000,2809.0000,2809.2000,2809.6000,2810.2000,2810.4000,1,1,6,1,5,4,3,1,8,14
SF,IH2006,2020-05-14 09:30:50.400,2808.8000,27372,1,449444700.000,3,2,1,空开,S,2808.8000,2808.6000,2808.4000,2808.2000,2808.0000,2809.0000,2809.2000,2809.6000,2810.2000,2810.4000,1,1,6,1,5,2,4,1,8,14
SF,IH2006,2020-05-14 09:30:50.900,2808.8000,27372,0,451130040.000,2,1,1,多换,S,2808.6000,2808.4000,2808.2000,2808.0000,2807.4000,2809.0000,2809.2000,2809.6000,2810.2000,2810.4000,1,6,1,5,1,1,4,1,8,14
SF,IH2006,2020-05-14 09:30:51.400,2808.8000,27372,0,451130040.000,0,-,-,-,-,2808.6000,2808.4000,2808.2000,2808.0000,2807.4000,2809.0000,2809.2000,2809.6000,2810.2000,2810.4000,5,7,1,5,1,1,4,1,8,14
SF,IH2006,2020-05-14 09:30:51.900,2809.0000,27372,0,451972740.000,1,0,1,多换,S,2808.6000,2808.4000,2808.2000,2808.0000,2807.4000,2808.8000,2809.2000,2809.6000,2810.2000,2810.4000,3,7,2,5,1,1,4,1,8,14
SF,IH2006,2020-05-14 09:30:52.400,2808.8000,27372,0,452815380.000,1,0,1,多换,S,2808.8000,2808.6000,2808.4000,2808.2000,2808.0000,2809.0000,2809.2000,2809.6000,2810.2000,2810.4000,1,3,7,2,6,2,4,1,8,14
SF,IH2006,2020-05-14 09:30:53.400,2808.8000,27372,0,452815380.000,0,-,-,-,-,2808.8000,2808.6000,2808.4000,2808.2000,2808.0000,2809.0000,2809.2000,2809.6000,2810.2000,2810.4000,1,4,8,2,6,2,4,1,8,14
SF,IH2006,2020-05-14 09:30:53.900,2808.8000,27373,1,453658020.000,1,1,0,双开,S,2808.6000,2808.4000,2808.2000,2808.0000,2807.4000,2809.0000,2809.2000,2809.6000,2810.2000,2810.4000,4,8,2,6,1,2,4,1,8,14
SF,IH2006,2020-05-14 09:30:54.400,2808.8000,27373,0,453658020.000,0,-,-,-,-,2808.8000,2808.6000,2808.4000,2808.2000,2808.0000,2809.0000,2809.2000,2809.6000,2810.2000,2810.4000,1,4,8,2,6,2,7,1,8,14
SF,IH2006,2020-05-14 09:30:54.900,2808.8000,27375,2,457871340.000,5,3,2,空开,S,2808.6000,2808.4000,2808.2000,2808.0000,2807.4000,2809.2000,2809.6000,2810.2000,2810.4000,2810.6000,4,8,2,6,1,8,1,8,14,3
SF,IH2006,2020-05-14 09:30:55.400,2808.8000,27375,0,458713980.000,1,0,1,多换,S,2808.6000,2808.4000,2808.2000,2808.0000,2807.4000,2809.0000,2809.2000,2809.6000,2810.2000,2810.4000,6,8,2,6,1,1,8,1,8,14
SF,IH2006,2020-05-14 09:30:55.900,2809.0000,27374,-1,459556680.000,1,0,1,双平,S,2808.8000,2808.6000,2808.4000,2808.2000,2808.0000,2809.2000,2809.6000,2810.2000,2810.4000,2810.6000,2,4,8,2,6,8,1,8,15,3
SF,IH2006,2020-05-14 09:30:56.400,2809.2000,27374,0,462084960.000,3,1,2,多换,S,2808.8000,2808.6000,2808.4000,2808.2000,2808.0000,2809.2000,2809.6000,2810.2000,2810.4000,2810.6000,2,4,8,2,6,5,1,8,15,3
SF,IH2006,2020-05-14 09:30:56.900,2809.2000,27378,4,466298760.000,5,4,1,空开,S,2808.8000,2808.6000,2808.4000,2808.2000,2808.0000,2809.4000,2810.2000,2810.4000,2810.6000,2810.8000,2,4,8,2,6,5,8,15,3,6
SF,IH2006,2020-05-14 09:30:57.400,2809.2000,27378,0,466298760.000,0,-,-,-,-,2809.0000,2808.8000,2808.6000,2808.4000,2808.2000,2809.4000,2809.6000,2810.2000,2810.4000,2810.6000,2,2,6,8,2,5,1,8,15,3
SF,IH2006,2020-05-14 09:30:57.900,2809.2000,27378,0,467141520.000,1,0,1,多换,S,2809.0000,2808.8000,2808.6000,2808.4000,2808.2000,2809.4000,2809.6000,2810.2000,2810.4000,2810.6000,2,2,6,8,2,5,3,8,15,3
SF,IH2006,2020-05-14 09:30:58.400,2809.0000,27376,-2,469669620.000,3,0,3,多平,S,2808.8000,2808.6000,2808.4000,2808.2000,2808.0000,2809.2000,2809.4000,2809.6000,2810.2000,2810.4000,2,6,8,2,6,2,5,3,8,15
SF,IH2006,2020-05-14 09:30:58.900,2809.0000,27376,0,469669620.000,0,-,-,-,-,2808.8000,2808.6000,2808.4000,2808.2000,2808.0000,2809.2000,2809.4000,2809.6000,2810.2000,2810.4000,1,6,8,2,6,2,5,3,8,15
SF,IH2006,2020-05-14 09:30:59.400,2809.2000,27375,-1,471355140.000,2,0,2,多平,S,2809.2000,2809.0000,2808.8000,2808.6000,2808.4000,2809.4000,2809.6000,2810.2000,2810.4000,2810.6000,1,1,1,6,8,5,3,8,15,3
SF,IH2006,2020-05-14 09:30:59.900,2809.0000,27374,-1,473883360.000,3,1,2,多平,S,2809.0000,2808.8000,2808.6000,2808.4000,2808.2000,2809.2000,2809.4000,2809.6000,2810.2000,2810.4000,1,1,6,8,2,2,5,3,8,15
SF,IH2006,2020-05-14 09:31:00.400,2809.0000,27374,0,474726060.000,1,0,1,多换,S,2808.8000,2808.6000,2808.4000,2808.2000,2808.0000,2809.2000,2809.4000,2809.6000,2810.2000,2810.4000,2,4,8,2,6,2,8,3,8,15
SF,IH2006,2020-05-14 09:31:00.900,2809.2000,27371,-3,478096860.000,4,0,4,多平,S,2808.6000,2808.4000,2808.2000,2808.0000,2807.6000,2809.4000,2809.6000,2810.2000,2810.4000,2810.6000,4,8,2,6,1,8,3,8,15,3
SF,IH2006,2020-05-14 09:31:01.400,2809.2000,27371,0,478096860.000,0,-,-,-,-,2808.6000,2808.4000,2808.2000,2808.0000,2807.6000,2809.2000,2809.4000,2809.6000,2810.2000,2810.4000,4,8,2,6,1,2,8,8,8,15
SF,IH2006,2020-05-14 09:31:01.900,2809.2000,27371,0,478096860.000,0,-,-,-,-,2808.8000,2808.6000,2808.4000,2808.2000,2808.0000,2809.2000,2809.4000,2809.6000,2810.2000,2810.4000,1,5,8,2,6,3,10,8,8,15
SF,IH2006,2020-05-14 09:31:02.400,2808.6000,27368,-3,483152400.000,6,1,5,多平,S,2808.6000,2808.4000,2808.2000,2808.0000,2807.6000,2808.8000,2809.2000,2809.4000,2809.6000,2810.2000,1,8,2,6,1,1,3,10,8,8
SF,IH2006,2020-05-14 09:31:02.900,2808.4000,27361,-7,492420360.000,11,2,9,多平,S,2808.2000,2808.0000,2807.6000,2807.4000,2807.0000,2809.2000,2809.4000,2809.6000,2810.2000,2810.4000,2,6,1,1,2,3,10,8,8,15
SF,IH2006,2020-05-14 09:31:03.400,2809.0000,27359,-2,494105580.000,2,0,2,双平,S,2808.4000,2808.2000,2808.0000,2807.4000,2807.0000,2809.0000,2809.2000,2809.4000,2809.6000,2810.2000,1,2,6,1,2,3,3,13,8,8
SF,IH2006,2020-05-14 09:31:03.900,2808.0000,27359,0,500845260.000,8,4,4,多换,S,2808.0000,2807.4000,2807.0000,2806.6000,2806.2000,2808.8000,2809.0000,2809.2000,2809.4000,2809.6000,3,1,2,1,1,3,5,6,13,8
SF,IH2006,2020-05-14 09:31:04.400,2807.0000,27356,-3,505899360.000,6,1,5,多平,S,2807.0000,2806.6000,2806.2000,2805.4000,2805.2000,2807.8000,2808.0000,2808.6000,2808.8000,2809.0000,1,1,1,1,1,1,2,6,3,2
SF,IH2006,2020-05-14 09:31:04.900,2807.2000,27354,-2,509268480.000,4,1,3,多平,S,2807.2000,2807.0000,2806.6000,2806.2000,2805.4000,2807.6000,2808.0000,2808.6000,2808.8000,2809.0000,5,5,1,1,2,1,2,4,2,2
SF,IH2006,2020-05-14 09:31:05.400,2807.6000,27353,-1,512637240.000,4,1,3,多平,S,2807.2000,2807.0000,2806.6000,2806.2000,2805.4000,2808.0000,2808.6000,2808.8000,2809.0000,2809.2000,3,3,1,1,2,2,4,3,2,5
SF,IH2006,2020-05-14 09:31:05.900,2807.8000,27353,0,513479580.000,1,0,1,多换,S,2807.4000,2807.2000,2807.0000,2806.6000,2806.2000,2807.6000,2807.8000,2808.0000,2808.6000,2808.8000,1,3,3,1,1,1,2,2,4,2
SF,IH2006,2020-05-14 09:31:06.400,2807.4000,27352,-1,514321800.000,1,0,1,双平,S,2807.2000,2807.0000,2806.6000,2806.2000,2805.4000,2807.6000,2807.8000,2808.0000,2808.6000,2808.8000,2,4,1,1,2,2,3,2,4,2
SF,IH2006,2020-05-14 09:31:06.900,2807.2000,27350,-2,516006120.000,2,0,2,双平,S,2807.0000,2806.6000,2806.2000,2805.4000,2805.2000,2807.4000,2807.6000,2807.8000,2808.0000,2808.6000,4,1,1,2,1,1,2,3,2,4
SF,IH2006,2020-05-14 09:31:07.400,2807.2000,27351,1,521058900.000,6,3,3,空开,S,2806.8000,2806.6000,2806.2000,2805.4000,2805.2000,2807.6000,2807.8000,2808.0000,2808.6000,2808.8000,1,1,1,2,1,2,3,2,4,3
SF,IH2006,2020-05-14 09:31:07.900,2807.4000,27352,1,522743160.000,2,1,1,空开,S,2806.6000,2806.2000,2805.4000,2805.2000,2805.0000,2807.4000,2807.6000,2807.8000,2808.0000,2808.6000,1,1,2,1,3,1,3,2,2,4
SF,IH2006,2020-05-14 09:31:08.400,2807.4000,27352,0,522743160.000,0,-,-,-,-,2807.0000,2806.8000,2806.6000,2806.2000,2805.4000,2807.2000,2807.6000,2807.8000,2808.0000,2808.6000,1,1,4,1,2,1,1,2,2,4
SF,IH2006,2020-05-14 09:31:08.900,2807.2000,27346,-6,530322720.000,9,1,8,多平,S,2807.2000,2807.0000,2806.8000,2806.6000,2806.2000,2807.6000,2807.8000,2808.0000,2808.6000,2808.8000,1,2,1,3,1,1,2,2,4,3
SF,IH2006,2020-05-14 09:31:09.400,2807.6000,27346,0,531165000.000,1,0,1,多换,S,2807.2000,2807.0000,2806.8000,2806.6000,2806.2000,2807.4000,2807.8000,2808.0000,2808.6000,2808.8000,1,2,1,3,2,3,2,2,4,3
SF,IH2006,2020-05-14 09:31:09.900,2807.4000,27344,-2,535376100.000,5,1,4,多平,S,2807.4000,2807.2000,2807.0000,2806.8000,2806.6000,2807.8000,2808.0000,2808.6000,2808.8000,2809.2000,1,2,2,1,2,2,2,2,3,4
SF,IH2006,2020-05-14 09:31:10.400,2807.8000,27343,-1,537903120.000,3,1,2,多平,S,2807.2000,2807.0000,2806.8000,2806.6000,2806.2000,2807.6000,2808.0000,2808.4000,2808.6000,2808.8000,3,2,1,3,2,3,2,1,2,3
SF,IH2006,2020-05-14 09:31:10.900,2807.6000,27342,-1,541272240.000,4,1,3,多平,S,2807.6000,2807.4000,2807.2000,2807.0000,2806.8000,2808.0000,2808.4000,2808.6000,2808.8000,2809.2000,1,1,6,1,1,2,1,2,3,4
SF,IH2006,2020-05-14 09:31:11.400,2808.0000,27341,-1,542956920.000,2,0,2,多平,S,2807.4000,2807.2000,2807.0000,2806.8000,2806.6000,2808.0000,2808.4000,2808.6000,2808.8000,2809.2000,1,6,1,1,3,1,1,2,2,4
SF,IH2006,2020-05-14 09:31:11.900,2808.0000,27340,-1,543799320.000,1,0,1,双平,S,2807.8000,2807.6000,2807.4000,2807.2000,2807.0000,2808.4000,2808.6000,2808.8000,2809.2000,2809.4000,1,3,1,6,1,1,2,2,4,15
SF,IH2006,2020-05-14 09:31:12.400,2808.0000,27340,0,543799320.000,0,-,-,-,-,2807.8000,2807.6000,2807.4000,2807.2000,2807.0000,2808.4000,2808.6000,2808.8000,2809.2000,2809.4000,1,3,1,6,1,1,3,2,4,15
SF,IH2006,2020-05-14 09:31:12.900,2808.2000,27340,0,544641780.000,1,0,1,多换,S,2808.0000,2807.8000,2807.6000,2807.4000,2807.2000,2808.6000,2808.8000,2809.2000,2809.4000,2809.6000,1,1,3,1,6,3,2,4,15,8
SF,IH2006,2020-05-14 09:31:13.400,2808.2000,27340,0,544641780.000,0,-,-,-,-,2808.0000,2807.8000,2807.6000,2807.4000,2807.2000,2808.4000,2808.6000,2808.8000,2809.2000,2809.4000,1,1,3,1,6,4,3,2,4,15
SF,IH2006,2020-05-14 09:31:13.900,2808.4000,27339,-1,545484300.000,1,0,1,双平,S,2808.0000,2807.8000,2807.6000,2807.4000,2807.2000,2808.4000,2808.6000,2808.8000,2809.0000,2809.2000,1,1,3,1,6,3,3,2,1,4
SF,IH2006,2020-05-14 09:31:14.400,2808.6000,27337,-2,548011920.000,3,0,3,多平,S,2808.4000,2808.2000,2808.0000,2807.8000,2807.6000,2808.6000,2808.8000,2809.0000,2809.2000,2809.4000,1,1,1,1,3,4,2,1,4,15
SF,IH2006,2020-05-14 09:31:14.900,2808.6000,27338,1,549697080.000,2,1,1,空开,S,2808.4000,2808.2000,2808.0000,2807.8000,2807.6000,2808.6000,2808.8000,2809.0000,2809.2000,2809.4000,1,1,1,2,3,3,2,1,4,15
SF,IH2006,2020-05-14 09:31:15.400,2808.6000,27337,-1,551382240.000,2,0,2,多平,S,2808.6000,2808.4000,2808.2000,2808.0000,2807.8000,2808.8000,2809.0000,2809.2000,2809.4000,2809.6000,1,1,1,1,2,2,1,4,15,8
SF,IH2006,2020-05-14 09:31:15.900,2808.6000,27337,0,552224820.000,1,0,1,多换,S,2808.6000,2808.2000,2808.0000,2807.8000,2807.6000,2808.8000,2809.0000,2809.2000,2809.4000,2809.6000,1,1,1,2,3,2,1,4,15,8
SF,IH2006,2020-05-14 09:31:16.400,2808.6000,27337,0,553067400.000,1,0,1,多换,S,2808.2000,2808.0000,2807.8000,2807.6000,2807.4000,2808.6000,2808.8000,2809.0000,2809.2000,2809.4000,1,1,2,4,2,9,2,1,3,15
SF,IH2006,2020-05-14 09:31:16.900,2808.6000,27336,-1,554752560.000,2,0,2,多平,S,2808.2000,2808.0000,2807.8000,2807.6000,2807.4000,2808.6000,2808.8000,2809.0000,2809.2000,2809.4000,1,1,2,4,2,7,2,1,3,15
SF,IH2006,2020-05-14 09:31:17.400,2808.6000,27334,-2,556437720.000,2,0,2,双平,S,2808.2000,2808.0000,2807.8000,2807.6000,2807.4000,2808.6000,2808.8000,2809.0000,2809.2000,2809.4000,1,1,2,4,2,5,3,1,3,15
SF,IH2006,2020-05-14 09:31:17.900,2808.6000,27334,0,556437720.000,0,-,-,-,-,2808.2000,2808.0000,2807.8000,2807.6000,2807.4000,2808.6000,2808.8000,2809.0000,2809.2000,2809.4000,1,2,2,4,2,11,3,1,3,15
SF,IH2006,2020-05-14 09:31:18.400,2808.6000,27332,-2,558965460.000,3,0,3,多平,S,2808.2000,2808.0000,2807.8000,2807.6000,2807.4000,2808.6000,2808.8000,2809.0000,2809.2000,2809.4000,1,2,2,4,2,8,3,1,3,15
SF,IH2006,2020-05-14 09:31:18.900,2808.6000,27328,-4,563178060.000,5,0,5,多平,S,2808.0000,2807.8000,2807.6000,2807.4000,2807.2000,2808.6000,2808.8000,2809.0000,2809.2000,2809.4000,1,3,4,2,6,5,3,1,3,15
SF,IH2006,2020-05-14 09:31:19.400,2808.6000,27328,0,563178060.000,0,-,-,-,-,2808.0000,2807.8000,2807.6000,2807.4000,2807.2000,2808.2000,2808.4000,2808.6000,2808.8000,2809.0000,1,3,4,2,6,1,2,5,3,1
SF,IH2006,2020-05-14 09:31:19.900,2808.4000,27326,-2,565705560.000,3,0,3,多平,S,2808.2000,2808.0000,2807.8000,2807.6000,2807.4000,2808.4000,2808.6000,2808.8000,2809.0000,2809.2000,4,1,3,4,2,1,5,3,2,3
SF,IH2006,2020-05-14 09:31:20.400,2808.6000,27323,-3,568233240.000,3,0,3,双平,S,2808.2000,2808.0000,2807.8000,2807.6000,2807.4000,2808.6000,2808.8000,2809.0000,2809.2000,2809.4000,4,1,3,4,2,3,3,2,3,15
SF,IH2006,2020-05-14 09:31:20.900,2808.6000,27321,-2,569918400.000,2,0,2,双平,S,2808.2000,2808.0000,2807.8000,2807.6000,2807.4000,2808.6000,2808.8000,2809.0000,2809.2000,2809.4000,3,1,3,4,2,1,3,2,3,15
SF,IH2006,2020-05-14 09:31:21.400,2808.6000,27321,0,570760980.000,1,0,1,多换,S,2808.2000,2808.0000,2807.8000,2807.6000,2807.4000,2808.8000,2809.0000,2809.2000,2809.4000,2809.6000,3,1,3,4,2,3,2,3,15,8
SF,IH2006,2020-05-14 09:31:21.900,2808.6000,27321,0,570760980.000,0,-,-,-,-,2808.2000,2808.0000,2807.8000,2807.6000,2807.4000,2808.8000,2809.0000,2809.2000,2809.4000,2809.6000,3,1,3,4,2,3,2,3,15,8
SF,IH2006,2020-05-14 09:31:22.400,2808.6000,27321,0,570760980.000,0,-,-,-,-,2808.2000,2808.0000,2807.8000,2807.6000,2807.4000,2808.6000,2808.8000,2809.0000,2809.2000,2809.4000,3,1,3,4,2,4,3,3,3,15
SF,IH2006,2020-05-14 09:31:22.900,2808.6000,27318,-3,573288600.000,3,0,3,双平,S,2808.4000,2808.2000,2808.0000,2807.8000,2807.6000,2808.6000,2808.8000,2809.0000,2809.2000,2809.4000,1,2,1,3,4,2,3,3,3,15
SF,IH2006,2020-05-14 09:31:23.400,2808.4000,27317,-1,574973640.000,2,0,2,多平,S,2808.2000,2808.0000,2807.8000,2807.6000,2807.4000,2808.4000,2808.6000,2808.8000,2809.0000,2809.2000,3,1,3,4,2,1,2,3,3,3
SF,IH2006,2020-05-14 09:31:23.900,2808.4000,27317,0,575816160.000,1,0,1,多换,S,2808.2000,2808.0000,2807.8000,2807.6000,2807.4000,2808.6000,2808.8000,2809.0000,2809.2000,2809.4000,3,1,3,4,2,2,3,3,3,15
SF,IH2006,2020-05-14 09:31:24.400,2808.4000,27317,0,576658680.000,1,0,1,多换,S,2808.2000,2808.0000,2807.8000,2807.6000,2807.4000,2808.6000,2808.8000,2809.0000,2809.2000,2809.4000,3,1,3,4,2,4,3,3,3,15
SF,IH2006,2020-05-14 09:31:24.900,2808.4000,27317,0,576658680.000,0,-,-,-,-,2808.4000,2808.2000,2808.0000,2807.8000,2807.6000,2808.6000,2808.8000,2809.0000,2809.2000,2809.4000,1,3,1,3,4,4,3,3,3,15
SF,IH2006,2020-05-14 09:31:25.400,2808.4000,27317,0,577501200.000,1,0,1,多换,S,2808.2000,2808.0000,2807.8000,2807.6000,2807.4000,2808.6000,2808.8000,2809.0000,2809.2000,2809.4000,3,1,3,4,2,4,3,3,3,15
SF,IH2006,2020-05-14 09:31:25.900,2808.2000,27317,0,579186240.000,2,1,1,多换,S,2808.2000,2808.0000,2807.8000,2807.6000,2807.4000,2808.6000,2808.8000,2809.0000,2809.2000,2809.4000,2,1,3,4,2,3,3,3,3,15
SF,IH2006,2020-05-14 09:31:26.400,2808.2000,27317,0,579186240.000,0,-,-,-,-,2808.4000,2808.2000,2808.0000,2807.8000,2807.6000,2808.6000,2808.8000,2809.0000,2809.2000,2809.4000,1,3,1,3,4,3,4,3,3,15
SF,IH2006,2020-05-14 09:31:26.900,2808.2000,27317,0,579186240.000,0,-,-,-,-,2808.2000,2808.0000,2807.8000,2807.6000,2807.4000,2808.4000,2808.6000,2808.8000,2809.0000,2809.2000,4,1,3,4,2,1,3,4,3,3
SF,IH2006,2020-05-14 09:31:27.400,2808.4000,27317,0,580028760.000,1,0,1,多换,S,2808.4000,2808.2000,2808.0000,2807.8000,2807.6000,2808.6000,2808.8000,2809.0000,2809.2000,2809.4000,1,4,1,3,4,4,4,3,3,15
SF,IH2006,2020-05-14 09:31:27.900,2808.6000,27317,0,581713860.000,2,1,1,多换,S,2808.2000,2808.0000,2807.8000,2807.6000,2807.4000,2808.6000,2808.8000,2809.0000,2809.2000,2809.4000,4,1,3,4,2,2,4,3,3,15
SF,IH2006,2020-05-14 09:31:28.400,2808.4000,27316,-1,585926580.000,5,2,3,多平,S,2808.2000,2808.0000,2807.8000,2807.6000,2807.4000,2808.8000,2809.0000,2809.2000,2809.4000,2809.6000,4,1,3,4,2,7,4,3,15,8
SF,IH2006,2020-05-14 09:31:28.900,2808.6000,27315,-1,586769160.000,1,0,1,双平,S,2808.2000,2808.0000,2807.8000,2807.6000,2807.4000,2808.8000,2809.0000,2809.2000,2809.4000,2809.6000,4,1,3,4,2,7,10,3,15,8
SF,IH2006,2020-05-14 09:31:29.400,2808.2000,27316,1,588454080.000,2,1,1,空开,S,2808.4000,2808.2000,2808.0000,2807.8000,2807.6000,2808.8000,2809.0000,2809.2000,2809.4000,2809.6000,1,1,2,2,4,8,10,3,15,8
SF,IH2006,2020-05-14 09:31:29.900,2808.0000,27315,-1,590981400.000,3,1,2,多平,S,2808.0000,2807.8000,2807.6000,2807.4000,2807.2000,2808.4000,2808.8000,2809.0000,2809.2000,2809.4000,1,2,4,2,6,3,8,10,3,15
SF,IH2006,2020-05-14 09:31:30.400,2808.0000,27314,-1,591823800.000,1,0,1,双平,S,2807.8000,2807.6000,2807.4000,2807.2000,2807.0000,2808.4000,2808.6000,2808.8000,2809.0000,2809.2000,2,4,2,3,1,2,2,8,10,3
SF,IH2006,2020-05-14 09:31:30.900,2807.8000,27313,-1,592666140.000,1,0,1,双平,S,2807.6000,2807.4000,2807.2000,2807.0000,2806.8000,2808.4000,2808.6000,2808.8000,2809.0000,2809.2000,3,2,3,1,1,2,2,8,10,3
SF,IH2006,2020-05-14 09:31:31.400,2807.8000,27313,0,592666140.000,0,-,-,-,-,2807.6000,2807.4000,2807.2000,2807.0000,2806.8000,2808.2000,2808.4000,2808.6000,2808.8000,2809.0000,3,2,2,1,1,1,2,2,8,10
SF,IH2006,2020-05-14 09:31:31.900,2807.8000,27313,0,594350820.000,2,1,1,多换,S,2807.6000,2807.4000,2807.2000,2807.0000,2806.8000,2807.8000,2808.2000,2808.4000,2808.6000,2808.8000,3,2,2,1,1,1,1,3,2,8
SF,IH2006,2020-05-14 09:31:32.400,2807.8000,27312,-1,595193160.000,1,0,1,双平,S,2807.6000,2807.4000,2807.2000,2807.0000,2806.8000,2808.2000,2808.4000,2808.6000,2808.8000,2809.0000,5,1,2,2,1,1,3,2,7,10
SF,IH2006,2020-05-14 09:31:32.900,2807.8000,27312,0,595193160.000,0,-,-,-,-,2807.6000,2807.4000,2807.2000,2807.0000,2806.8000,2808.0000,2808.2000,2808.4000,2808.6000,2808.8000,2,1,2,2,1,1,1,3,2,7
SF,IH2006,2020-05-14 09:31:33.400,2807.8000,27312,0,595193160.000,0,-,-,-,-,2807.8000,2807.6000,2807.4000,2807.2000,2807.0000,2808.0000,2808.2000,2808.4000,2808.6000,2808.8000,2,2,1,2,2,2,2,3,2,7
SF,IH2006,2020-05-14 09:31:33.900,2807.8000,27310,-2,596877840.000,2,0,2,双平,S,2807.6000,2807.4000,2807.2000,2807.0000,2806.8000,2807.8000,2808.0000,2808.2000,2808.4000,2808.6000,2,1,2,2,1,1,2,2,3,2
SF,IH2006,2020-05-14 09:31:34.400,2807.8000,27308,-2,598562460.000,2,0,2,双平,S,2807.6000,2807.4000,2807.2000,2807.0000,2806.8000,2808.0000,2808.2000,2808.4000,2808.6000,2808.8000,1,1,2,2,1,4,2,3,2,7
SF,IH2006,2020-05-14 09:31:34.900,2807.8000,27308,0,600247080.000,2,1,1,多换,S,2807.2000,2807.0000,2806.8000,2806.6000,2806.2000,2808.0000,2808.2000,2808.4000,2808.6000,2808.8000,2,2,1,3,3,4,2,3,2,7
SF,IH2006,2020-05-14 09:31:35.400,2807.8000,27308,0,600247080.000,0,-,-,-,-,2807.2000,2807.0000,2806.8000,2806.6000,2806.2000,2808.0000,2808.2000,2808.4000,2808.6000,2808.8000,4,2,1,3,3,4,2,3,2,7
SF,IH2006,2020-05-14 09:31:35.900,2807.8000,27308,0,600247080.000,0,-,-,-,-,2807.2000,2807.0000,2806.8000,2806.6000,2806.2000,2808.0000,2808.2000,2808.4000,2808.6000,2808.8000,4,2,1,3,3,5,2,3,2,7
SF,IH2006,2020-05-14 09:31:36.400,2807.8000,27308,0,600247080.000,0,-,-,-,-,2807.2000,2807.0000,2806.8000,2806.6000,2806.2000,2807.6000,2808.0000,2808.2000,2808.4000,2808.6000,4,2,1,3,3,1,5,2,3,2
SF,IH2006,2020-05-14 09:31:36.900,2807.8000,27308,0,600247080.000,0,-,-,-,-,2807.2000,2807.0000,2806.8000,2806.6000,2806.2000,2807.4000,2807.6000,2807.8000,2808.0000,2808.2000,5,2,1,3,3,1,1,1,5,6
SF,IH2006,2020-05-14 09:31:37.400,2807.4000,27307,-1,602773740.000,3,1,2,多平,S,2807.2000,2807.0000,2806.8000,2806.6000,2806.2000,2807.6000,2807.8000,2808.0000,2808.2000,2808.4000,5,2,1,3,2,2,1,5,6,3
SF,IH2006,2020-05-14 09:31:37.900,2807.4000,27307,0,602773740.000,0,-,-,-,-,2807.2000,2807.0000,2806.8000,2806.6000,2806.2000,2807.6000,2807.8000,2808.0000,2808.2000,2808.4000,5,2,1,3,2,5,1,5,6,3
SF,IH2006,2020-05-14 09:31:38.400,2807.4000,27307,0,602773740.000,0,-,-,-,-,2807.2000,2807.0000,2806.8000,2806.6000,2806.2000,2807.6000,2807.8000,2808.0000,2808.2000,2808.4000,5,2,1,2,2,5,1,6,6,3
SF,IH2006,2020-05-14 09:31:38.900,2805.6000,27297,-10,615403860.000,15,2,13,多平,S,2805.4000,2805.2000,2805.0000,2804.6000,2804.4000,2807.4000,2807.6000,2807.8000,2808.0000,2808.2000,2,3,3,1,1,1,5,1,6,6
SF,IH2006,2020-05-14 09:31:39.400,2807.2000,27299,2,618771540.000,4,3,1,空开,S,2806.8000,2806.2000,2806.0000,2805.8000,2805.6000,2807.2000,2807.4000,2807.6000,2807.8000,2808.0000,1,3,2,2,27,9,1,5,1,6
SF,IH2006,2020-05-14 09:31:39.900,2806.8000,27300,1,621297660.000,3,2,1,空开,S,2806.0000,2805.6000,2805.4000,2805.2000,2805.0000,2807.2000,2807.4000,2807.6000,2807.8000,2808.0000,1,22,6,3,3,2,1,5,1,6
SF,IH2006,2020-05-14 09:31:40.400,2806.8000,27300,0,621297660.000,0,-,-,-,-,2806.2000,2806.0000,2805.8000,2805.6000,2805.4000,2807.0000,2807.2000,2807.4000,2807.6000,2807.8000,15,5,1,8,5,1,2,2,5,1
SF,IH2006,2020-05-14 09:31:40.900,2806.8000,27300,0,621297660.000,0,-,-,-,-,2806.4000,2806.2000,2806.0000,2805.8000,2805.6000,2807.0000,2807.2000,2807.4000,2807.6000,2807.8000,2,16,3,1,8,1,2,1,5,1
SF,IH2006,2020-05-14 09:31:41.400,2806.6000,27299,-1,622139640.000,1,0,1,双平,S,2806.6000,2806.4000,2806.2000,2806.0000,2805.8000,2807.0000,2807.2000,2807.4000,2807.6000,2807.8000,1,1,14,3,1,1,4,1,5,1
SF,IH2006,2020-05-14 09:31:41.900,2806.6000,27298,-1,622981620.000,1,0,1,双平,S,2806.4000,2806.2000,2806.0000,2805.8000,2805.6000,2806.6000,2807.0000,2807.2000,2807.4000,2807.6000,1,14,2,1,6,1,1,7,1,5
SF,IH2006,2020-05-14 09:31:42.400,2806.8000,27297,-1,625507740.000,3,1,2,多平,S,2806.8000,2806.6000,2806.2000,2806.0000,2805.8000,2807.2000,2807.4000,2807.6000,2807.8000,2808.0000,1,2,4,2,1,7,1,5,1,6
SF,IH2006,2020-05-14 09:31:42.900,2807.0000,27296,-1,628033920.000,3,1,2,多平,S,2806.8000,2806.2000,2806.0000,2805.8000,2805.6000,2807.0000,2807.2000,2807.4000,2807.6000,2807.8000,1,3,1,1,5,1,7,1,5,1
SF,IH2006,2020-05-14 09:31:43.400,2806.8000,27295,-1,628875960.000,1,0,1,双平,S,2806.2000,2806.0000,2805.8000,2805.6000,2805.4000,2806.8000,2807.0000,2807.2000,2807.4000,2807.6000,6,1,1,5,4,1,3,7,6,5
SF,IH2006,2020-05-14 09:31:43.900,2806.8000,27295,0,628875960.000,0,-,-,-,-,2806.4000,2806.2000,2806.0000,2805.6000,2805.4000,2806.8000,2807.0000,2807.2000,2807.4000,2807.6000,1,3,1,5,4,2,2,10,6,5
SF,IH2006,2020-05-14 09:31:44.400,2806.8000,27294,-1,629718000.000,1,0,1,双平,S,2806.2000,2806.0000,2805.6000,2805.4000,2805.2000,2806.8000,2807.0000,2807.2000,2807.4000,2807.6000,3,1,3,4,4,1,2,10,6,5
SF,IH2006,2020-05-14 09:31:44.900,2806.8000,27294,0,632243760.000,3,1,2,多换,S,2806.2000,2806.0000,2805.6000,2805.4000,2805.2000,2807.0000,2807.2000,2807.4000,2807.6000,2807.8000,1,1,3,4,4,2,10,6,5,1
SF,IH2006,2020-05-14 09:31:45.400,2806.2000,27293,-1,633085620.000,1,0,1,双平,S,2806.0000,2805.6000,2805.4000,2805.2000,2805.0000,2806.8000,2807.0000,2807.2000,2807.4000,2807.6000,2,3,4,4,3,2,2,10,6,5
SF,IH2006,2020-05-14 09:31:45.900,2806.8000,27292,-1,633927660.000,1,0,1,双平,S,2806.0000,2805.6000,2805.4000,2805.2000,2805.0000,2806.8000,2807.0000,2807.2000,2807.4000,2807.6000,2,3,4,4,3,2,2,10,6,5
SF,IH2006,2020-05-14 09:31:46.400,2806.8000,27292,0,633927660.000,0,-,-,-,-,2806.2000,2806.0000,2805.6000,2805.4000,2805.2000,2806.6000,2806.8000,2807.0000,2807.2000,2807.4000,1,2,2,4,4,1,2,5,9,6
SF,IH2006,2020-05-14 09:31:46.900,2806.8000,27292,0,633927660.000,0,-,-,-,-,2806.2000,2806.0000,2805.6000,2805.4000,2805.2000,2806.6000,2806.8000,2807.0000,2807.2000,2807.4000,1,2,1,4,4,1,2,5,8,6
SF,IH2006,2020-05-14 09:31:47.400,2807.2000,27282,-10,649926720.000,19,4,15,多平,S,2806.2000,2806.0000,2805.6000,2805.4000,2805.2000,2807.0000,2807.2000,2807.4000,2807.6000,2808.0000,1,2,1,4,3,2,5,6,5,6
SF,IH2006,2020-05-14 09:31:47.900,2807.0000,27282,0,650768820.000,1,0,1,多换,S,2806.4000,2806.2000,2806.0000,2805.4000,2805.2000,2807.0000,2807.2000,2807.4000,2807.6000,2808.0000,1,2,2,4,4,2,5,6,5,6
SF,IH2006,2020-05-14 09:31:48.400,2807.0000,27282,0,650768820.000,0,-,-,-,-,2806.6000,2806.4000,2806.2000,2806.0000,2805.4000,2807.0000,2807.2000,2807.4000,2807.6000,2808.0000,1,1,1,2,4,2,5,6,5,6
SF,IH2006,2020-05-14 09:31:48.900,2807.0000,27282,0,650768820.000,0,-,-,-,-,2806.6000,2806.4000,2806.2000,2806.0000,2805.4000,2806.8000,2807.0000,2807.2000,2807.4000,2807.6000,1,1,1,2,4,1,2,5,6,5
SF,IH2006,2020-05-14 09:31:49.400,2806.8000,27282,0,652452900.000,2,1,1,多换,S,2806.6000,2806.4000,2806.2000,2806.0000,2805.6000,2807.0000,2807.2000,2807.4000,2807.6000,2808.0000,1,1,1,2,1,5,5,6,5,6
SF,IH2006,2020-05-14 09:31:49.900,2806.6000,27283,1,653294880.000,1,1,0,双开,S,2806.4000,2806.2000,2806.0000,2805.6000,2805.4000,2807.0000,2807.2000,2807.4000,2807.6000,2808.0000,1,1,2,1,4,5,10,6,5,6
SF,IH2006,2020-05-14 09:31:50.400,2807.0000,27282,-1,654136980.000,1,0,1,双平,S,2806.8000,2806.4000,2806.2000,2806.0000,2805.6000,2807.0000,2807.2000,2807.4000,2807.6000,2808.0000,1,1,1,2,1,4,10,6,5,6
SF,IH2006,2020-05-14 09:31:50.900,2806.8000,27281,-1,655821060.000,2,0,2,多平,S,2806.4000,2806.2000,2806.0000,2805.6000,2805.4000,2807.0000,2807.2000,2807.4000,2807.6000,2808.0000,1,1,2,1,4,4,10,6,5,6
SF,IH2006,2020-05-14 09:31:51.400,2806.8000,27281,0,655821060.000,0,-,-,-,-,2806.2000,2806.0000,2805.8000,2805.6000,2805.4000,2807.0000,2807.2000,2807.4000,2807.6000,2808.0000,1,2,1,2,4,4,10,6,5,6
SF,IH2006,2020-05-14 09:31:51.900,2806.8000,27281,0,655821060.000,0,-,-,-,-,2806.6000,2806.2000,2806.0000,2805.8000,2805.6000,2807.0000,2807.2000,2807.4000,2807.6000,2808.0000,1,2,3,2,2,4,10,6,5,6
SF,IH2006,2020-05-14 09:31:52.400,2807.0000,27281,0,656663160.000,1,0,1,多换,S,2806.6000,2806.2000,2806.0000,2805.8000,2805.6000,2806.8000,2807.0000,2807.2000,2807.4000,2807.6000,1,3,3,2,2,1,6,10,6,5
SF,IH2006,2020-05-14 09:31:52.900,2807.0000,27280,-1,658347360.000,2,0,2,多平,S,2806.6000,2806.4000,2806.2000,2806.0000,2805.8000,2807.0000,2807.2000,2807.4000,2807.6000,2808.0000,1,1,4,3,2,8,10,6,5,7
SF,IH2006,2020-05-14 09:31:53.400,2807.0000,27280,0,658347360.000,0,-,-,-,-,2806.6000,2806.4000,2806.2000,2806.0000,2805.8000,2807.0000,2807.2000,2807.4000,2807.6000,2808.0000,1,1,3,3,2,8,10,6,5,7
SF,IH2006,2020-05-14 09:31:53.900,2807.0000,27281,1,659189460.000,1,1,0,双开,S,2806.6000,2806.4000,2806.2000,2806.0000,2805.8000,2807.0000,2807.2000,2807.4000,2807.6000,2808.0000,1,1,3,3,2,7,10,6,5,7
SF,IH2006,2020-05-14 09:31:54.400,2807.0000,27281,0,659189460.000,0,-,-,-,-,2806.6000,2806.4000,2806.2000,2806.0000,2805.8000,2807.0000,2807.2000,2807.4000,2807.6000,2808.0000,2,1,2,3,2,7,15,6,5,7
SF,IH2006,2020-05-14 09:31:54.900,2807.0000,27281,0,659189460.000,0,-,-,-,-,2806.6000,2806.4000,2806.2000,2806.0000,2805.8000,2806.8000,2807.0000,2807.2000,2807.4000,2807.6000,1,1,2,3,2,1,8,15,6,5
SF,IH2006,2020-05-14 09:31:55.400,2806.6000,27280,-1,660873480.000,2,0,2,多平,S,2806.4000,2806.2000,2806.0000,2805.8000,2805.6000,2806.6000,2807.0000,2807.2000,2807.4000,2807.6000,1,2,3,2,2,2,8,15,6,5
SF,IH2006,2020-05-14 09:31:55.900,2806.6000,27280,0,660873480.000,0,-,-,-,-,2806.4000,2806.2000,2806.0000,2805.8000,2805.6000,2806.6000,2807.0000,2807.2000,2807.4000,2807.6000,1,2,3,2,1,3,8,15,6,5
SF,IH2006,2020-05-14 09:31:56.400,2806.4000,27279,-1,661715400.000,1,0,1,双平,S,2806.4000,2806.2000,2806.0000,2805.8000,2805.6000,2806.6000,2807.0000,2807.2000,2807.4000,2807.6000,1,2,3,1,1,3,8,15,6,5
SF,IH2006,2020-05-14 09:31:56.900,2806.6000,27278,-1,663399300.000,2,0,2,多平,S,2806.4000,2806.2000,2806.0000,2805.8000,2805.6000,2806.6000,2807.0000,2807.2000,2807.4000,2807.6000,1,2,3,1,1,2,8,15,6,5
SF,IH2006,2020-05-14 09:31:57.400,2806.6000,27278,0,665083200.000,2,1,1,多换,S,2806.2000,2806.0000,2805.6000,2805.4000,2805.2000,2806.6000,2807.0000,2807.2000,2807.4000,2807.6000,2,3,1,5,4,1,5,15,6,5
SF,IH2006,2020-05-14 09:31:57.900,2806.6000,27279,1,665925180.000,1,1,0,双开,S,2806.4000,2806.2000,2806.0000,2805.6000,2805.4000,2806.6000,2807.0000,2807.2000,2807.4000,2807.6000,2,2,3,1,5,3,5,15,6,5
SF,IH2006,2020-05-14 09:31:58.400,2806.4000,27278,-1,668450940.000,3,1,2,多平,S,2806.2000,2806.0000,2805.6000,2805.4000,2805.2000,2806.4000,2806.6000,2807.0000,2807.2000,2807.4000,2,3,1,5,4,5,3,5,15,6
SF,IH2006,2020-05-14 09:31:58.900,2806.4000,27278,0,668450940.000,0,-,-,-,-,2806.2000,2806.0000,2805.6000,2805.4000,2805.2000,2806.4000,2806.6000,2807.0000,2807.2000,2807.4000,2,3,1,5,4,5,3,5,15,6
SF,IH2006,2020-05-14 09:31:59.900,2806.4000,27278,0,669292860.000,1,0,1,多换,S,2806.2000,2806.0000,2805.6000,2805.4000,2805.2000,2806.4000,2806.6000,2807.0000,2807.2000,2807.4000,2,3,1,5,4,4,3,5,15,6
SF,IH2006,2020-05-14 09:32:00.400,2806.4000,27277,-1,671818620.000,3,1,2,多平,S,2806.2000,2806.0000,2805.6000,2805.4000,2805.2000,2806.4000,2806.6000,2807.0000,2807.2000,2807.4000,3,3,1,5,4,1,3,5,15,6
SF,IH2006,2020-05-14 09:32:00.900,2806.6000,27276,-1,673502520.000,2,0,2,多平,S,2806.4000,2806.2000,2806.0000,2805.6000,2805.4000,2806.6000,2807.0000,2807.2000,2807.4000,2807.6000,6,2,3,1,5,2,5,15,6,5
SF,IH2006,2020-05-14 09:32:01.400,2806.6000,27273,-3,679396380.000,7,2,5,多平,S,2806.6000,2806.4000,2806.2000,2806.0000,2805.6000,2807.0000,2807.2000,2807.4000,2807.6000,2808.0000,4,7,3,3,1,5,15,6,5,7
SF,IH2006,2020-05-14 09:32:01.900,2806.6000,27273,0,679396380.000,0,-,-,-,-,2806.8000,2806.6000,2806.4000,2806.2000,2806.0000,2807.0000,2807.2000,2807.4000,2807.6000,2808.0000,1,3,4,3,3,6,15,6,5,7
SF,IH2006,2020-05-14 09:32:02.400,2806.8000,27273,0,680238420.000,1,0,1,多换,S,2806.6000,2806.4000,2806.2000,2806.0000,2805.6000,2807.0000,2807.2000,2807.4000,2807.6000,2808.0000,3,4,3,3,1,6,15,6,5,7
SF,IH2006,2020-05-14 09:32:02.900,2806.8000,27273,0,680238420.000,0,-,-,-,-,2806.6000,2806.4000,2806.2000,2806.0000,2805.6000,2806.8000,2807.0000,2807.2000,2807.4000,2807.6000,2,4,3,3,1,1,6,15,6,5
SF,IH2006,2020-05-14 09:32:03.400,2806.8000,27273,0,680238420.000,0,-,-,-,-,2806.6000,2806.4000,2806.2000,2806.0000,2805.8000,2806.8000,2807.0000,2807.2000,2807.4000,2807.6000,2,4,3,4,1,3,5,15,6,5
SF,IH2006,2020-05-14 09:32:03.900,2806.6000,27271,-2,681922380.000,2,0,2,双平,S,2806.4000,2806.2000,2806.0000,2805.8000,2805.6000,2806.8000,2807.0000,2807.2000,2807.4000,2807.6000,3,3,4,1,1,3,5,15,6,4
SF,IH2006,2020-05-14 09:32:04.400,2806.6000,27271,0,681922380.000,0,-,-,-,-,2806.4000,2806.2000,2806.0000,2805.8000,2805.6000,2806.8000,2807.0000,2807.2000,2807.4000,2807.6000,3,3,4,1,1,4,5,15,6,4
SF,IH2006,2020-05-14 09:32:04.900,2806.8000,27268,-3,684448260.000,3,0,3,双平,S,2806.4000,2806.2000,2806.0000,2805.8000,2805.6000,2806.6000,2806.8000,2807.0000,2807.2000,2807.4000,1,3,4,1,1,1,4,5,15,6
SF,IH2006,2020-05-14 09:32:05.400,2806.6000,27267,-1,685290240.000,1,0,1,双平,S,2806.4000,2806.2000,2806.0000,2805.8000,2805.6000,2806.6000,2806.8000,2807.0000,2807.2000,2807.4000,2,3,4,1,1,2,2,5,15,6
SF,IH2006,2020-05-14 09:32:05.900,2806.6000,27265,-2,686974200.000,2,0,2,双平,S,2806.4000,2806.2000,2806.0000,2805.8000,2805.6000,2806.8000,2807.0000,2807.2000,2807.4000,2807.6000,2,3,4,1,1,2,5,15,6,4
SF,IH2006,2020-05-14 09:32:06.400,2806.8000,27264,-1,687816240.000,1,0,1,双平,S,2806.4000,2806.2000,2806.0000,2805.8000,2805.6000,2806.8000,2807.0000,2807.2000,2807.4000,2807.6000,2,3,4,1,1,1,5,15,6,4
SF,IH2006,2020-05-14 09:32:07.400,2806.8000,27264,0,687816240.000,0,-,-,-,-,2806.6000,2806.4000,2806.2000,2806.0000,2805.8000,2806.8000,2807.0000,2807.2000,2807.4000,2807.6000,1,2,3,4,1,1,5,15,6,4
SF,IH2006,2020-05-14 09:32:07.900,2806.8000,27263,-1,690342240.000,3,1,2,多平,S,2806.8000,2806.4000,2806.2000,2806.0000,2805.8000,2807.0000,2807.2000,2807.4000,2807.6000,2808.0000,4,2,3,4,1,5,15,6,4,6
SF,IH2006,2020-05-14 09:32:08.400,2806.8000,27263,0,693710400.000,4,2,2,多换,S,2806.4000,2806.2000,2806.0000,2805.8000,2805.6000,2806.8000,2807.0000,2807.2000,2807.4000,2807.6000,3,3,4,1,1,3,5,20,6,4
SF,IH2006,2020-05-14 09:32:08.900,2806.8000,27262,-1,694552440.000,1,0,1,双平,S,2806.6000,2806.4000,2806.2000,2806.0000,2805.8000,2807.0000,2807.2000,2807.4000,2807.6000,2808.0000,1,3,3,4,1,8,20,6,4,6
SF,IH2006,2020-05-14 09:32:09.400,2806.8000,27262,0,694552440.000,0,-,-,-,-,2806.6000,2806.4000,2806.2000,2806.0000,2805.8000,2807.0000,2807.2000,2807.4000,2807.6000,2808.0000,1,4,3,3,1,8,20,6,4,6
SF,IH2006,2020-05-14 09:32:09.900,2806.8000,27262,0,694552440.000,0,-,-,-,-,2806.8000,2806.6000,2806.4000,2806.2000,2806.0000,2807.0000,2807.2000,2807.4000,2807.6000,2808.0000,1,2,4,4,3,8,20,6,4,6
SF,IH2006,2020-05-14 09:32:10.400,2806.8000,27262,0,695394480.000,1,0,1,多换,S,2806.6000,2806.4000,2806.2000,2806.0000,2805.8000,2807.0000,2807.2000,2807.4000,2807.6000,2808.0000,3,4,4,3,1,8,20,6,4,6
SF,IH2006,2020-05-14 09:32:10.900,2806.8000,27262,0,695394480.000,0,-,-,-,-,2806.6000,2806.4000,2806.2000,2806.0000,2805.8000,2807.0000,2807.2000,2807.4000,2807.6000,2808.0000,3,4,4,3,1,8,20,6,4,6
SF,IH2006,2020-05-14 09:32:11.400,2806.8000,27262,0,695394480.000,0,-,-,-,-,2806.6000,2806.4000,2806.2000,2806.0000,2805.8000,2807.0000,2807.2000,2807.4000,2807.6000,2808.0000,3,4,4,3,1,8,20,6,4,6
SF,IH2006,2020-05-14 09:32:11.900,2806.8000,27262,0,695394480.000,0,-,-,-,-,2806.6000,2806.4000,2806.2000,2806.0000,2805.8000,2807.0000,2807.2000,2807.4000,2807.6000,2808.0000,3,4,5,3,1,8,20,6,4,6
SF,IH2006,2020-05-14 09:32:12.900,2806.8000,27262,0,695394480.000,0,-,-,-,-,2806.6000,2806.4000,2806.2000,2806.0000,2805.8000,2807.0000,2807.2000,2807.4000,2807.6000,2808.0000,3,4,5,3,1,8,20,6,4,6
SF,IH2006,2020-05-14 09:32:13.400,2807.0000,27261,-1,702131280.000,8,3,5,多平,S,2807.0000,2806.8000,2806.6000,2806.4000,2806.2000,2807.2000,2807.4000,2807.6000,2808.0000,2808.2000,2,2,3,4,5,20,6,4,6,5
SF,IH2006,2020-05-14 09:32:13.900,2807.2000,27262,1,705499860.000,4,2,2,空开,S,2806.8000,2806.6000,2806.4000,2806.2000,2806.0000,2807.2000,2807.4000,2807.6000,2808.0000,2808.2000,2,3,4,5,3,17,8,4,6,5
SF,IH2006,2020-05-14 09:32:14.400,2807.0000,27260,-2,707184060.000,2,0,2,双平,S,2806.8000,2806.6000,2806.4000,2806.2000,2806.0000,2807.2000,2807.4000,2807.6000,2808.0000,2808.2000,2,3,5,5,3,17,10,4,4,5
SF,IH2006,2020-05-14 09:32:14.900,2807.2000,27260,0,721500780.000,17,8,9,多换,S,2806.8000,2806.6000,2806.4000,2806.2000,2806.0000,2807.4000,2807.6000,2808.0000,2808.2000,2808.4000,2,4,4,5,2,10,4,4,5,2
SF,IH2006,2020-05-14 09:32:15.400,2807.4000,27260,0,723185220.000,2,1,1,多换,S,2806.8000,2806.6000,2806.4000,2806.2000,2806.0000,2807.4000,2807.6000,2808.0000,2808.2000,2808.4000,2,4,4,5,2,8,4,4,5,2
SF,IH2006,2020-05-14 09:32:15.900,2807.4000,27261,1,724027440.000,1,1,0,双开,S,2807.2000,2807.0000,2806.8000,2806.6000,2806.4000,2807.4000,2807.6000,2808.0000,2808.2000,2808.4000,1,2,2,4,4,7,4,4,5,2
SF,IH2006,2020-05-14 09:32:16.400,2807.2000,27260,-1,724869600.000,1,0,1,双平,S,2807.0000,2806.8000,2806.6000,2806.4000,2806.2000,2807.4000,2807.6000,2808.0000,2808.2000,2808.4000,3,2,4,4,5,7,4,4,5,2
SF,IH2006,2020-05-14 09:32:16.900,2807.2000,27260,0,724869600.000,0,-,-,-,-,2807.0000,2806.8000,2806.6000,2806.4000,2806.2000,2807.4000,2807.6000,2808.0000,2808.4000,2808.6000,3,2,4,4,5,7,9,4,2,1
SF,IH2006,2020-05-14 09:32:17.400,2807.0000,27258,-2,727395900.000,3,0,3,多平,S,2806.8000,2806.6000,2806.4000,2806.2000,2806.0000,2807.0000,2807.4000,2807.6000,2808.0000,2808.4000,2,4,4,5,2,1,7,9,4,2
SF,IH2006,2020-05-14 09:32:17.900,2807.0000,27258,0,727395900.000,0,-,-,-,-,2806.8000,2806.6000,2806.4000,2806.2000,2806.0000,2807.4000,2807.6000,2808.0000,2808.4000,2808.6000,3,4,4,5,2,7,9,4,2,1
SF,IH2006,2020-05-14 09:32:18.400,2807.0000,27258,0,727395900.000,0,-,-,-,-,2807.0000,2806.8000,2806.6000,2806.4000,2806.2000,2807.4000,2807.6000,2808.0000,2808.4000,2808.6000,1,3,4,4,5,7,9,4,2,1
SF,IH2006,2020-05-14 09:32:18.900,2806.8000,27256,-2,729080040.000,2,0,2,双平,S,2806.8000,2806.6000,2806.4000,2806.2000,2806.0000,2807.2000,2807.4000,2807.6000,2808.0000,2808.4000,3,3,4,5,2,2,7,9,4,2
SF,IH2006,2020-05-14 09:32:19.400,2806.8000,27256,0,729080040.000,0,-,-,-,-,2807.0000,2806.8000,2806.6000,2806.4000,2806.2000,2807.2000,2807.4000,2807.6000,2808.0000,2808.4000,1,2,3,4,5,2,7,9,4,2
SF,IH2006,2020-05-14 09:32:19.900,2807.0000,27255,-1,729922140.000,1,0,1,双平,S,2806.8000,2806.6000,2806.4000,2806.2000,2806.0000,2807.4000,2807.6000,2808.0000,2808.4000,2808.6000,2,3,4,5,2,7,9,4,2,1
SF,IH2006,2020-05-14 09:32:20.400,2807.0000,27255,0,729922140.000,0,-,-,-,-,2806.8000,2806.6000,2806.4000,2806.2000,2806.0000,2807.2000,2807.4000,2807.6000,2808.0000,2808.4000,3,3,4,5,2,2,7,12,4,2
SF,IH2006,2020-05-14 09:32:20.900,2806.8000,27253,-2,733290420.000,4,1,3,多平,S,2806.8000,2806.6000,2806.4000,2806.2000,2806.0000,2807.2000,2807.4000,2807.6000,2808.0000,2808.4000,1,3,4,4,2,1,7,12,4,2
SF,IH2006,2020-05-14 09:32:21.400,2807.2000,27252,-1,734974620.000,2,0,2,多平,S,2807.2000,2807.0000,2806.6000,2806.4000,2806.2000,2807.4000,2807.6000,2808.0000,2808.4000,2808.6000,1,2,3,4,4,10,12,5,2,1
SF,IH2006,2020-05-14 09:32:21.900,2807.2000,27250,-2,738343140.000,4,1,3,多平,S,2806.6000,2806.4000,2806.2000,2806.0000,2805.8000,2807.4000,2807.6000,2808.0000,2808.4000,2808.6000,3,4,4,2,1,10,12,5,2,1
SF,IH2006,2020-05-14 09:32:22.400,2807.2000,27250,0,738343140.000,0,-,-,-,-,2806.8000,2806.6000,2806.4000,2806.2000,2806.0000,2807.4000,2807.6000,2808.0000,2808.4000,2808.6000,1,3,4,4,2,10,12,5,2,1
SF,IH2006,2020-05-14 09:32:22.900,2807.2000,27250,0,738343140.000,0,-,-,-,-,2807.2000,2806.8000,2806.6000,2806.4000,2806.2000,2807.4000,2807.6000,2808.0000,2808.4000,2808.6000,1,3,3,5,4,10,12,5,2,1
SF,IH2006,2020-05-14 09:32:23.400,2807.2000,27250,0,738343140.000,0,-,-,-,-,2807.2000,2806.8000,2806.6000,2806.4000,2806.2000,2807.4000,2807.6000,2808.0000,2808.4000,2808.6000,1,3,3,5,4,7,14,5,2,1
SF,IH2006,2020-05-14 09:32:23.900,2807.2000,27250,0,738343140.000,0,-,-,-,-,2807.2000,2806.8000,2806.6000,2806.4000,2806.2000,2807.4000,2807.6000,2808.0000,2808.4000,2808.6000,1,2,3,5,4,7,18,5,2,1
SF,IH2006,2020-05-14 09:32:24.400,2807.2000,27250,0,738343140.000,0,-,-,-,-,2807.2000,2806.8000,2806.6000,2806.4000,2806.2000,2807.4000,2807.6000,2808.0000,2808.4000,2808.6000,1,1,3,5,4,7,18,5,2,1
SF,IH2006,2020-05-14 09:32:24.900,2807.4000,27250,0,739185360.000,1,0,1,多换,S,2807.2000,2806.8000,2806.6000,2806.4000,2806.2000,2807.4000,2807.6000,2808.0000,2808.4000,2808.6000,1,1,3,5,4,6,18,5,2,1
SF,IH2006,2020-05-14 09:32:25.400,2807.6000,27251,1,745923240.000,8,4,4,空开,S,2807.4000,2807.2000,2807.0000,2806.8000,2806.6000,2807.6000,2808.0000,2808.4000,2808.6000,2808.8000,2,2,1,1,3,16,5,2,1,3
SF,IH2006,2020-05-14 09:32:25.900,2807.6000,27254,3,756872880.000,13,8,5,空开,S,2807.4000,2807.2000,2807.0000,2806.8000,2806.6000,2807.6000,2808.0000,2808.4000,2808.6000,2808.8000,2,2,1,1,3,3,5,2,1,3
SF,IH2006,2020-05-14 09:32:26.400,2807.6000,27254,0,759399720.000,3,1,2,多换,S,2807.6000,2807.4000,2807.2000,2807.0000,2806.8000,2808.0000,2808.4000,2808.6000,2808.8000,2809.0000,8,3,2,2,1,5,2,1,3,2
SF,IH2006,2020-05-14 09:32:26.900,2808.0000,27255,1,760242120.000,1,1,0,双开,S,2807.8000,2807.6000,2807.4000,2807.2000,2807.0000,2808.0000,2808.4000,2808.6000,2808.8000,2809.0000,1,4,2,2,2,4,2,1,3,2
SF,IH2006,2020-05-14 09:32:27.400,2808.0000,27254,-1,761084520.000,1,0,1,双平,S,2807.8000,2807.6000,2807.4000,2807.2000,2807.0000,2808.0000,2808.4000,2808.6000,2808.8000,2809.0000,1,5,2,2,2,3,2,1,3,2
SF,IH2006,2020-05-14 09:32:27.900,2808.0000,27254,0,761084520.000,0,-,-,-,-,2807.8000,2807.6000,2807.4000,2807.2000,2807.0000,2808.0000,2808.4000,2808.6000,2808.8000,2809.0000,1,5,2,2,2,3,2,1,3,2
SF,IH2006,2020-05-14 09:32:28.400,2807.8000,27256,2,763611540.000,3,2,1,空开,S,2807.6000,2807.4000,2807.2000,2807.0000,2806.8000,2808.0000,2808.4000,2808.6000,2808.8000,2809.0000,3,2,2,2,2,3,2,1,3,2
SF,IH2006,2020-05-14 09:32:28.900,2807.8000,27256,0,763611540.000,0,-,-,-,-,2807.6000,2807.4000,2807.2000,2807.0000,2806.8000,2808.0000,2808.4000,2808.6000,2808.8000,2809.0000,3,2,2,2,2,3,2,1,3,2
SF,IH2006,2020-05-14 09:32:29.400,2807.8000,27256,0,763611540.000,0,-,-,-,-,2807.8000,2807.6000,2807.4000,2807.2000,2807.0000,2808.0000,2808.2000,2808.4000,2808.6000,2808.8000,1,1,2,2,2,3,3,2,1,3
SF,IH2006,2020-05-14 09:32:29.900,2807.8000,27256,0,763611540.000,0,-,-,-,-,2807.8000,2807.6000,2807.4000,2807.2000,2807.0000,2808.0000,2808.2000,2808.4000,2808.6000,2808.8000,3,1,2,2,2,3,3,2,1,3
SF,IH2006,2020-05-14 09:32:30.400,2808.0000,27257,1,765296340.000,2,1,1,空开,S,2807.8000,2807.6000,2807.4000,2807.2000,2807.0000,2808.0000,2808.2000,2808.4000,2808.6000,2808.8000,3,1,2,2,2,2,3,2,1,3
SF,IH2006,2020-05-14 09:32:30.900,2808.0000,27257,0,766981140.000,2,1,1,多换,S,2808.0000,2807.8000,2807.6000,2807.4000,2807.2000,2808.2000,2808.4000,2808.6000,2808.8000,2809.0000,1,6,1,2,2,3,2,1,3,2
SF,IH2006,2020-05-14 09:32:31.400,2808.0000,27256,-1,769508340.000,3,1,2,多平,S,2807.8000,2807.6000,2807.4000,2807.2000,2807.0000,2808.2000,2808.4000,2808.6000,2808.8000,2809.0000,3,1,2,2,3,3,5,1,3,2
SF,IH2006,2020-05-14 09:32:31.900,2807.8000,27253,-3,775404660.000,7,2,5,多平,S,2807.6000,2807.4000,2807.2000,2807.0000,2806.8000,2808.0000,2808.2000,2808.4000,2808.6000,2808.8000,1,2,1,2,1,1,3,5,1,3
SF,IH2006,2020-05-14 09:32:32.400,2807.8000,27251,-2,782142840.000,8,3,5,多平,S,2807.0000,2806.8000,2806.6000,2806.4000,2806.2000,2808.0000,2808.2000,2808.4000,2808.6000,2808.8000,2,1,4,4,4,3,3,5,1,3
SF,IH2006,2020-05-14 09:32:32.900,2807.8000,27251,0,782142840.000,0,-,-,-,-,2807.4000,2807.2000,2807.0000,2806.8000,2806.6000,2807.8000,2808.0000,2808.2000,2808.4000,2808.6000,1,4,3,1,4,1,3,6,5,1
SF,IH2006,2020-05-14 09:32:33.400,2807.4000,27250,-1,782985060.000,1,0,1,双平,S,2807.2000,2807.0000,2806.8000,2806.6000,2806.4000,2807.6000,2807.8000,2808.0000,2808.2000,2808.4000,2,3,1,3,4,2,1,1,6,5
SF,IH2006,2020-05-14 09:32:33.900,2807.4000,27250,0,782985060.000,0,-,-,-,-,2807.2000,2807.0000,2806.8000,2806.6000,2806.4000,2807.6000,2807.8000,2808.0000,2808.2000,2808.4000,1,3,1,3,4,2,1,1,6,5
SF,IH2006,2020-05-14 09:32:34.400,2807.4000,27250,0,782985060.000,0,-,-,-,-,2807.6000,2807.2000,2807.0000,2806.8000,2806.6000,2807.8000,2808.0000,2808.2000,2808.4000,2808.6000,2,1,3,1,3,4,1,6,5,1
SF,IH2006,2020-05-14 09:32:34.900,2807.8000,27247,-3,785511960.000,3,0,3,双平,S,2807.2000,2807.0000,2806.8000,2806.6000,2806.4000,2807.8000,2808.0000,2808.2000,2808.4000,2808.6000,1,3,1,3,4,5,1,6,5,1
SF,IH2006,2020-05-14 09:32:35.400,2807.8000,27247,0,785511960.000,0,-,-,-,-,2807.0000,2806.8000,2806.6000,2806.4000,2806.2000,2807.2000,2807.8000,2808.0000,2808.2000,2808.4000,3,1,3,4,4,2,5,1,6,5
SF,IH2006,2020-05-14 09:32:35.900,2807.2000,27247,0,787196280.000,2,1,1,多换,S,2807.2000,2807.0000,2806.8000,2806.6000,2806.4000,2807.8000,2808.0000,2808.2000,2808.4000,2808.6000,6,4,1,3,4,3,1,6,5,1
SF,IH2006,2020-05-14 09:32:36.400,2807.8000,27249,2,788880960.000,2,2,0,双开,S,2807.0000,2806.8000,2806.6000,2806.4000,2806.2000,2807.8000,2808.0000,2808.2000,2808.4000,2808.6000,4,1,3,4,4,1,1,6,5,1
SF,IH2006,2020-05-14 09:32:36.900,2807.8000,27249,0,788880960.000,0,-,-,-,-,2807.2000,2807.0000,2806.8000,2806.6000,2806.4000,2807.8000,2808.0000,2808.2000,2808.4000,2808.6000,3,5,1,3,3,1,1,6,5,1
SF,IH2006,2020-05-14 09:32:37.400,2807.8000,27250,1,789723300.000,1,1,0,双开,S,2807.2000,2807.0000,2806.8000,2806.6000,2806.4000,2808.0000,2808.2000,2808.4000,2808.6000,2808.8000,3,5,1,3,3,1,6,5,1,3
SF,IH2006,2020-05-14 09:32:37.900,2807.8000,27250,0,789723300.000,0,-,-,-,-,2807.2000,2807.0000,2806.8000,2806.6000,2806.4000,2808.2000,2808.4000,2808.6000,2808.8000,2809.0000,3,6,1,3,3,6,5,1,3,2
SF,IH2006,2020-05-14 09:32:38.400,2807.8000,27250,0,789723300.000,0,-,-,-,-,2807.8000,2807.4000,2807.2000,2807.0000,2806.8000,2808.0000,2808.2000,2808.4000,2808.6000,2808.8000,1,1,3,6,1,2,6,5,1,3
SF,IH2006,2020-05-14 09:32:38.900,2807.8000,27250,0,790565640.000,1,0,1,多换,S,2807.4000,2807.2000,2807.0000,2806.8000,2806.6000,2807.8000,2808.2000,2808.4000,2808.6000,2808.8000,1,3,6,1,3,1,6,5,1,3
SF,IH2006,2020-05-14 09:32:39.400,2807.0000,27242,-8,798144900.000,9,0,9,多平,S,2807.0000,2806.8000,2806.6000,2806.4000,2806.2000,2807.8000,2808.2000,2808.4000,2808.6000,2808.8000,1,1,3,3,4,1,6,5,1,3
SF,IH2006,2020-05-14 09:32:39.900,2807.6000,27240,-2,799829460.000,2,0,2,双平,S,2807.2000,2807.0000,2806.8000,2806.6000,2806.4000,2807.8000,2808.2000,2808.4000,2808.6000,2808.8000,2,2,2,3,3,1,6,5,1,3
SF,IH2006,2020-05-14 09:32:40.400,2807.6000,27240,0,799829460.000,0,-,-,-,-,2807.2000,2807.0000,2806.8000,2806.6000,2806.4000,2807.8000,2808.2000,2808.4000,2808.6000,2808.8000,1,2,1,3,4,1,6,5,1,3
SF,IH2006,2020-05-14 09:32:40.900,2807.6000,27240,0,799829460.000,0,-,-,-,-,2807.2000,2807.0000,2806.8000,2806.6000,2806.4000,2807.8000,2808.2000,2808.4000,2808.6000,2808.8000,2,1,1,3,4,1,6,5,1,3
SF,IH2006,2020-05-14 09:32:41.900,2807.6000,27240,0,799829460.000,0,-,-,-,-,2807.2000,2807.0000,2806.8000,2806.6000,2806.4000,2807.8000,2808.2000,2808.4000,2808.6000,2808.8000,2,1,1,3,3,1,6,5,1,3
SF,IH2006,2020-05-14 09:32:42.900,2807.8000,27240,0,800671800.000,1,0,1,多换,S,2807.8000,2807.2000,2807.0000,2806.8000,2806.6000,2808.2000,2808.4000,2808.6000,2808.8000,2809.0000,4,2,1,1,3,6,5,1,3,2
SF,IH2006,2020-05-14 09:32:43.400,2807.8000,27240,0,804883500.000,5,2,3,多换,S,2807.2000,2807.0000,2806.8000,2806.6000,2806.4000,2808.0000,2808.2000,2808.4000,2808.6000,2808.8000,2,1,1,3,3,3,6,5,1,3
SF,IH2006,2020-05-14 09:32:43.900,2807.8000,27240,0,804883500.000,0,-,-,-,-,2807.2000,2807.0000,2806.8000,2806.6000,2806.4000,2808.0000,2808.2000,2808.4000,2808.6000,2808.8000,2,1,1,3,3,3,6,6,1,3
SF,IH2006,2020-05-14 09:32:44.400,2807.8000,27240,0,804883500.000,0,-,-,-,-,2807.2000,2807.0000,2806.8000,2806.6000,2806.4000,2808.0000,2808.2000,2808.4000,2808.6000,2808.8000,2,1,1,3,3,3,6,6,1,3
SF,IH2006,2020-05-14 09:32:44.900,2807.8000,27240,0,804883500.000,0,-,-,-,-,2807.2000,2807.0000,2806.8000,2806.6000,2806.4000,2808.0000,2808.2000,2808.4000,2808.6000,2808.8000,2,1,1,3,3,3,6,6,1,3
SF,IH2006,2020-05-14 09:32:45.400,2807.8000,27240,0,804883500.000,0,-,-,-,-,2807.4000,2807.2000,2807.0000,2806.8000,2806.6000,2808.0000,2808.2000,2808.4000,2808.6000,2808.8000,1,7,1,1,3,3,6,6,1,3
SF,IH2006,2020-05-14 09:32:45.900,2807.8000,27240,0,804883500.000,0,-,-,-,-,2807.6000,2807.4000,2807.2000,2807.0000,2806.8000,2808.0000,2808.2000,2808.4000,2808.6000,2808.8000,2,2,3,1,1,2,6,6,1,3
SF,IH2006,2020-05-14 09:32:46.400,2807.8000,27240,0,804883500.000,0,-,-,-,-,2807.6000,2807.4000,2807.2000,2807.0000,2806.8000,2808.0000,2808.2000,2808.4000,2808.6000,2808.8000,2,2,3,1,1,1,6,6,1,3
SF,IH2006,2020-05-14 09:32:48.900,2807.6000,27239,-1,806568060.000,2,0,2,多平,S,2807.4000,2807.2000,2807.0000,2806.8000,2806.6000,2808.0000,2808.2000,2808.4000,2808.6000,2808.8000,2,3,1,1,3,1,6,6,1,3
SF,IH2006,2020-05-14 09:32:49.400,2807.6000,27239,0,806568060.000,0,-,-,-,-,2807.4000,2807.2000,2807.0000,2806.8000,2806.6000,2808.0000,2808.2000,2808.4000,2808.6000,2808.8000,2,3,1,1,3,1,9,6,1,3
SF,IH2006,2020-05-14 09:32:49.900,2807.6000,27239,0,806568060.000,0,-,-,-,-,2807.4000,2807.2000,2807.0000,2806.8000,2806.6000,2808.0000,2808.2000,2808.4000,2808.6000,2808.8000,2,6,1,1,3,2,9,6,1,3
SF,IH2006,2020-05-14 09:32:50.400,2807.6000,27239,0,806568060.000,0,-,-,-,-,2807.6000,2807.4000,2807.2000,2807.0000,2806.8000,2808.0000,2808.2000,2808.4000,2808.6000,2808.8000,1,3,6,1,1,3,9,6,1,3
SF,IH2006,2020-05-14 09:32:50.900,2807.6000,27239,0,806568060.000,0,-,-,-,-,2807.6000,2807.4000,2807.2000,2807.0000,2806.8000,2808.0000,2808.2000,2808.4000,2808.6000,2808.8000,2,1,6,1,1,3,9,6,1,3
SF,IH2006,2020-05-14 09:32:51.400,2807.6000,27239,0,806568060.000,0,-,-,-,-,2807.6000,2807.4000,2807.2000,2807.0000,2806.8000,2808.0000,2808.2000,2808.4000,2808.6000,2808.8000,2,1,6,1,1,3,9,6,1,3
SF,IH2006,2020-05-14 09:32:51.900,2807.6000,27239,0,806568060.000,0,-,-,-,-,2807.6000,2807.4000,2807.2000,2807.0000,2806.8000,2808.0000,2808.2000,2808.4000,2808.6000,2808.8000,1,2,6,2,1,4,9,6,1,3
SF,IH2006,2020-05-14 09:32:52.400,2808.0000,27238,-1,807410460.000,1,0,1,双平,S,2807.8000,2807.6000,2807.4000,2807.2000,2807.0000,2808.0000,2808.2000,2808.4000,2808.6000,2808.8000,1,1,2,6,2,3,10,6,1,3
SF,IH2006,2020-05-14 09:32:52.900,2808.0000,27238,0,807410460.000,0,-,-,-,-,2807.8000,2807.4000,2807.2000,2807.0000,2806.8000,2808.0000,2808.2000,2808.4000,2808.6000,2808.8000,2,2,6,1,1,3,10,6,1,3
SF,IH2006,2020-05-14 09:32:53.400,2808.0000,27237,-1,809937660.000,3,1,2,多平,S,2807.8000,2807.4000,2807.2000,2807.0000,2806.8000,2808.2000,2808.4000,2808.6000,2808.8000,2809.0000,2,2,6,1,1,10,6,1,3,2
SF,IH2006,2020-05-14 09:32:53.900,2808.0000,27237,0,809937660.000,0,-,-,-,-,2808.0000,2807.8000,2807.4000,2807.2000,2807.0000,2808.2000,2808.4000,2808.6000,2808.8000,2809.0000,1,2,2,6,1,10,6,1,3,2
SF,IH2006,2020-05-14 09:32:54.400,2808.0000,27237,0,811622460.000,2,1,1,多换,S,2807.8000,2807.4000,2807.2000,2807.0000,2806.8000,2808.2000,2808.4000,2808.6000,2808.8000,2809.0000,2,2,6,1,1,10,6,1,3,2
SF,IH2006,2020-05-14 09:32:54.900,2807.8000,27236,-1,812464800.000,1,0,1,双平,S,2807.8000,2807.4000,2807.2000,2807.0000,2806.8000,2808.2000,2808.4000,2808.6000,2808.8000,2809.0000,1,2,6,1,1,10,6,1,3,2
SF,IH2006,2020-05-14 09:32:55.400,2808.0000,27236,0,814149540.000,2,1,1,多换,S,2807.4000,2807.2000,2807.0000,2806.8000,2806.6000,2808.2000,2808.4000,2808.6000,2808.8000,2809.0000,2,6,1,1,4,10,6,1,3,2
SF,IH2006,2020-05-14 09:32:55.900,2808.0000,27236,0,814149540.000,0,-,-,-,-,2807.4000,2807.2000,2807.0000,2806.8000,2806.6000,2808.2000,2808.4000,2808.6000,2808.8000,2809.0000,2,6,1,1,4,10,6,1,3,2
SF,IH2006,2020-05-14 09:32:56.400,2808.0000,27236,0,814149540.000,0,-,-,-,-,2807.4000,2807.2000,2807.0000,2806.8000,2806.6000,2808.2000,2808.4000,2808.6000,2808.8000,2809.0000,1,3,1,1,4,10,6,1,3,2
SF,IH2006,2020-05-14 09:32:56.900,2807.4000,27235,-1,814991760.000,1,0,1,双平,S,2807.4000,2807.2000,2807.0000,2806.8000,2806.6000,2808.0000,2808.2000,2808.4000,2808.6000,2808.8000,3,3,1,1,4,2,10,6,1,3
SF,IH2006,2020-05-14 09:32:57.400,2807.4000,27234,-1,817518420.000,3,1,2,多平,S,2807.6000,2807.2000,2807.0000,2806.8000,2806.6000,2807.8000,2808.0000,2808.2000,2808.4000,2808.6000,1,3,1,1,4,1,2,11,6,1
SF,IH2006,2020-05-14 09:32:57.900,2807.2000,27232,-2,820045020.000,3,0,3,多平,S,2807.0000,2806.8000,2806.6000,2806.4000,2806.2000,2807.6000,2807.8000,2808.0000,2808.2000,2808.4000,1,1,4,2,4,4,1,2,11,6
SF,IH2006,2020-05-14 09:32:58.400,2807.2000,27232,0,820045020.000,0,-,-,-,-,2807.2000,2807.0000,2806.8000,2806.6000,2806.4000,2807.6000,2807.8000,2808.0000,2808.2000,2808.4000,2,2,1,4,2,9,1,2,11,6
SF,IH2006,2020-05-14 09:32:58.900,2807.2000,27232,0,821729340.000,2,1,1,多换,S,2807.2000,2807.0000,2806.8000,2806.6000,2806.4000,2807.6000,2807.8000,2808.0000,2808.2000,2808.4000,1,2,1,4,2,3,1,2,12,6
SF,IH2006,2020-05-14 09:32:59.400,2807.0000,27235,3,824255700.000,3,3,0,双开,S,2806.8000,2806.6000,2806.4000,2806.2000,2806.0000,2807.6000,2807.8000,2808.0000,2808.2000,2808.4000,1,4,2,4,2,3,1,3,12,6
SF,IH2006,2020-05-14 09:32:59.900,2807.0000,27235,0,824255700.000,0,-,-,-,-,2807.0000,2806.8000,2806.6000,2806.4000,2806.2000,2807.6000,2807.8000,2808.0000,2808.2000,2808.4000,1,2,4,2,4,3,1,3,12,6
SF,IH2006,2020-05-14 09:33:00.400,2807.0000,27235,0,824255700.000,0,-,-,-,-,2807.0000,2806.8000,2806.6000,2806.4000,2806.2000,2807.6000,2807.8000,2808.0000,2808.2000,2808.4000,2,2,4,2,4,3,1,3,12,6
SF,IH2006,2020-05-14 09:33:00.900,2807.0000,27235,0,824255700.000,0,-,-,-,-,2807.2000,2807.0000,2806.8000,2806.6000,2806.4000,2807.6000,2807.8000,2808.0000,2808.2000,2808.4000,1,2,2,4,2,3,1,3,12,6
SF,IH2006,2020-05-14 09:33:01.400,2807.0000,27235,0,824255700.000,0,-,-,-,-,2807.2000,2807.0000,2806.8000,2806.6000,2806.4000,2807.6000,2807.8000,2808.0000,2808.2000,2808.4000,1,2,2,4,2,1,1,3,12,6
SF,IH2006,2020-05-14 09:33:01.900,2807.0000,27235,0,824255700.000,0,-,-,-,-,2807.2000,2807.0000,2806.8000,2806.6000,2806.4000,2807.4000,2807.6000,2807.8000,2808.0000,2808.2000,1,2,2,4,2,1,1,3,3,12
SF,IH2006,2020-05-14 09:33:02.400,2807.4000,27234,-1,825097920.000,1,0,1,双平,S,2807.2000,2807.0000,2806.8000,2806.6000,2806.4000,2807.4000,2807.6000,2807.8000,2808.0000,2808.2000,2,2,3,4,2,1,1,3,3,12
SF,IH2006,2020-05-14 09:33:02.900,2807.4000,27233,-1,826782300.000,2,0,2,多平,S,2807.4000,2807.2000,2807.0000,2806.8000,2806.6000,2807.6000,2807.8000,2808.0000,2808.2000,2808.4000,1,2,2,3,4,1,3,3,12,6
SF,IH2006,2020-05-14 09:33:03.400,2807.4000,27232,-1,827624520.000,1,0,1,双平,S,2807.6000,2807.4000,2807.2000,2807.0000,2806.8000,2807.8000,2808.0000,2808.2000,2808.4000,2808.6000,1,1,2,2,3,3,3,12,6,1
SF,IH2006,2020-05-14 09:33:03.900,2807.6000,27231,-1,828466800.000,1,0,1,双平,S,2807.2000,2807.0000,2806.8000,2806.6000,2806.4000,2807.6000,2807.8000,2808.0000,2808.2000,2808.4000,2,2,3,4,2,1,5,6,12,6
SF,IH2006,2020-05-14 09:33:04.400,2807.6000,27231,0,828466800.000,0,-,-,-,-,2807.2000,2807.0000,2806.8000,2806.6000,2806.4000,2807.4000,2807.6000,2807.8000,2808.0000,2808.2000,2,2,3,4,2,1,1,4,6,12
SF,IH2006,2020-05-14 09:33:04.900,2807.4000,27230,-1,829309020.000,1,0,1,双平,S,2807.2000,2807.0000,2806.8000,2806.6000,2806.4000,2807.6000,2807.8000,2808.0000,2808.2000,2808.4000,2,2,3,4,2,1,4,6,12,6
SF,IH2006,2020-05-14 09:33:06.400,2807.2000,27230,0,830993340.000,2,1,1,多换,S,2807.0000,2806.8000,2806.6000,2806.4000,2806.2000,2807.6000,2807.8000,2808.0000,2808.2000,2808.4000,2,3,4,2,4,1,4,6,12,6
SF,IH2006,2020-05-14 09:33:06.900,2807.2000,27230,0,830993340.000,0,-,-,-,-,2807.0000,2806.8000,2806.6000,2806.4000,2806.2000,2807.6000,2807.8000,2808.0000,2808.2000,2808.4000,2,2,4,2,4,1,4,6,12,6
SF,IH2006,2020-05-14 09:33:07.400,2807.2000,27230,0,830993340.000,0,-,-,-,-,2807.0000,2806.8000,2806.6000,2806.4000,2806.2000,2807.6000,2807.8000,2808.0000,2808.2000,2808.4000,2,2,4,2,4,1,4,6,12,6
SF,IH2006,2020-05-14 09:33:07.900,2807.6000,27230,0,831835620.000,1,0,1,多换,S,2807.6000,2807.0000,2806.8000,2806.6000,2806.4000,2807.8000,2808.0000,2808.2000,2808.4000,2808.6000,1,2,2,4,3,4,6,12,6,1
SF,IH2006,2020-05-14 09:33:08.400,2807.6000,27230,0,832677900.000,1,0,1,多换,S,2807.0000,2806.8000,2806.6000,2806.4000,2806.2000,2807.6000,2807.8000,2808.0000,2808.2000,2808.4000,3,2,4,3,4,1,4,6,12,6
SF,IH2006,2020-05-14 09:33:08.900,2806.6000,27224,-6,838572240.000,7,0,7,多平,S,2806.6000,2806.4000,2806.2000,2806.0000,2805.8000,2807.8000,2808.0000,2808.2000,2808.4000,2808.6000,2,3,4,2,1,4,6,11,6,1
SF,IH2006,2020-05-14 09:33:09.400,2806.6000,27224,0,838572240.000,0,-,-,-,-,2807.0000,2806.8000,2806.6000,2806.4000,2806.2000,2807.6000,2807.8000,2808.0000,2808.2000,2808.4000,1,3,2,3,4,4,4,9,8,6
SF,IH2006,2020-05-14 09:33:09.900,2806.6000,27224,0,838572240.000,0,-,-,-,-,2807.0000,2806.8000,2806.6000,2806.4000,2806.2000,2807.6000,2807.8000,2808.0000,2808.2000,2808.4000,1,3,3,3,4,5,4,9,8,6
SF,IH2006,2020-05-14 09:33:10.400,2806.6000,27224,0,838572240.000,0,-,-,-,-,2807.0000,2806.6000,2806.4000,2806.2000,2806.0000,2807.6000,2807.8000,2808.0000,2808.2000,2808.4000,1,3,2,4,3,5,5,9,8,6
SF,IH2006,2020-05-14 09:33:10.900,2806.6000,27224,0,838572240.000,0,-,-,-,-,2807.0000,2806.6000,2806.4000,2806.2000,2806.0000,2807.6000,2807.8000,2808.0000,2808.2000,2808.4000,1,3,2,4,3,5,5,9,8,6
SF,IH2006,2020-05-14 09:33:11.400,2806.6000,27224,0,838572240.000,0,-,-,-,-,2807.0000,2806.6000,2806.4000,2806.2000,2806.0000,2807.6000,2807.8000,2808.0000,2808.2000,2808.4000,1,3,2,4,3,5,10,9,8,3
SF,IH2006,2020-05-14 09:33:11.900,2807.0000,27224,0,839414340.000,1,0,1,多换,S,2806.6000,2806.4000,2806.2000,2806.0000,2805.8000,2807.6000,2807.8000,2808.0000,2808.2000,2808.4000,4,2,4,3,1,5,10,9,8,3
SF,IH2006,2020-05-14 09:33:12.400,2807.0000,27224,0,839414340.000,0,-,-,-,-,2806.8000,2806.6000,2806.4000,2806.2000,2806.0000,2807.6000,2807.8000,2808.0000,2808.2000,2808.4000,1,4,2,4,4,4,9,9,8,3
SF,IH2006,2020-05-14 09:33:12.900,2806.8000,27223,-1,840256380.000,1,0,1,双平,S,2806.6000,2806.4000,2806.2000,2806.0000,2805.8000,2807.4000,2807.6000,2807.8000,2808.0000,2808.2000,4,2,4,4,1,1,3,14,9,5
SF,IH2006,2020-05-14 09:33:13.400,2806.8000,27223,0,840256380.000,0,-,-,-,-,2806.6000,2806.4000,2806.2000,2806.0000,2805.8000,2807.4000,2807.6000,2807.8000,2808.0000,2808.2000,4,2,4,4,1,4,3,14,9,5
SF,IH2006,2020-05-14 09:33:13.900,2806.8000,27223,0,840256380.000,0,-,-,-,-,2806.6000,2806.4000,2806.2000,2806.0000,2805.8000,2807.4000,2807.6000,2807.8000,2808.0000,2808.2000,4,2,4,4,1,4,3,14,9,5
SF,IH2006,2020-05-14 09:33:14.400,2806.6000,27222,-1,841940520.000,2,0,2,多平,S,2806.6000,2806.4000,2806.2000,2806.0000,2805.8000,2807.2000,2807.4000,2807.6000,2807.8000,2808.0000,3,1,4,4,1,1,4,1,14,9
SF,IH2006,2020-05-14 09:33:14.900,2806.6000,27222,0,841940520.000,0,-,-,-,-,2806.6000,2806.4000,2806.2000,2806.0000,2805.8000,2807.2000,2807.4000,2807.6000,2807.8000,2808.0000,3,1,4,4,1,1,6,1,14,9
SF,IH2006,2020-05-14 09:33:15.400,2806.6000,27222,0,841940520.000,0,-,-,-,-,2806.6000,2806.4000,2806.2000,2806.0000,2805.8000,2807.2000,2807.4000,2807.6000,2807.8000,2808.0000,3,1,4,3,1,1,5,1,14,9
SF,IH2006,2020-05-14 09:33:15.900,2807.2000,27222,0,842782680.000,1,0,1,多换,S,2806.6000,2806.4000,2806.2000,2806.0000,2805.8000,2807.4000,2807.6000,2807.8000,2808.0000,2808.2000,3,1,4,3,1,5,1,14,9,5
SF,IH2006,2020-05-14 09:33:16.400,2807.2000,27222,0,842782680.000,0,-,-,-,-,2806.6000,2806.4000,2806.2000,2806.0000,2805.8000,2807.2000,2807.4000,2807.6000,2807.8000,2808.0000,3,1,4,4,1,2,4,1,14,9
SF,IH2006,2020-05-14 09:33:16.900,2807.2000,27222,0,842782680.000,0,-,-,-,-,2806.6000,2806.4000,2806.2000,2806.0000,2805.8000,2807.2000,2807.4000,2807.6000,2807.8000,2808.0000,3,1,4,4,1,2,5,1,14,9
SF,IH2006,2020-05-14 09:33:17.400,2806.6000,27220,-2,844466820.000,2,0,2,双平,S,2806.6000,2806.4000,2806.2000,2806.0000,2805.8000,2807.2000,2807.4000,2807.6000,2807.8000,2808.0000,2,1,4,4,1,1,5,1,14,9
SF,IH2006,2020-05-14 09:33:17.900,2806.6000,27220,0,844466820.000,0,-,-,-,-,2806.6000,2806.2000,2806.0000,2805.8000,2805.4000,2807.2000,2807.4000,2807.6000,2807.8000,2808.0000,2,4,4,1,4,1,7,1,14,9
SF,IH2006,2020-05-14 09:33:18.400,2806.6000,27220,0,844466820.000,0,-,-,-,-,2806.6000,2806.2000,2806.0000,2805.8000,2805.4000,2807.2000,2807.4000,2807.6000,2807.8000,2808.0000,2,4,4,1,4,2,7,1,14,9
SF,IH2006,2020-05-14 09:33:18.900,2806.6000,27220,0,844466820.000,0,-,-,-,-,2806.8000,2806.6000,2806.2000,2806.0000,2805.8000,2807.2000,2807.4000,2807.6000,2807.8000,2808.0000,1,2,4,4,1,2,7,1,14,9
SF,IH2006,2020-05-14 09:33:19.400,2806.6000,27220,0,844466820.000,0,-,-,-,-,2806.8000,2806.6000,2806.2000,2806.0000,2805.8000,2807.2000,2807.4000,2807.6000,2807.8000,2808.0000,1,2,4,4,1,1,8,1,14,9
SF,IH2006,2020-05-14 09:33:19.900,2806.8000,27220,0,845308860.000,1,0,1,多换,S,2806.6000,2806.2000,2806.0000,2805.8000,2805.4000,2807.2000,2807.4000,2807.6000,2807.8000,2808.0000,2,4,4,1,4,1,9,1,14,9
SF,IH2006,2020-05-14 09:33:20.400,2806.6000,27218,-2,846992820.000,2,0,2,双平,S,2806.2000,2806.0000,2805.8000,2805.4000,2805.2000,2807.2000,2807.4000,2807.6000,2807.8000,2808.0000,4,4,1,4,3,1,9,1,14,9
SF,IH2006,2020-05-14 09:33:20.900,2806.6000,27218,0,846992820.000,0,-,-,-,-,2806.4000,2806.2000,2806.0000,2805.8000,2805.4000,2807.0000,2807.2000,2807.4000,2807.6000,2807.8000,3,6,4,1,4,1,2,9,1,14
SF,IH2006,2020-05-14 09:33:21.400,2807.0000,27218,0,847834920.000,1,0,1,多换,S,2806.4000,2806.2000,2806.0000,2805.8000,2805.4000,2807.2000,2807.4000,2807.6000,2807.8000,2808.0000,3,4,4,1,4,3,9,1,14,9
SF,IH2006,2020-05-14 09:33:21.900,2806.4000,27218,0,849518760.000,2,1,1,多换,S,2806.4000,2806.2000,2806.0000,2805.8000,2805.4000,2807.0000,2807.2000,2807.4000,2807.6000,2807.8000,1,4,4,1,4,1,2,9,1,14
SF,IH2006,2020-05-14 09:33:22.400,2806.4000,27218,0,850360680.000,1,0,1,多换,S,2806.2000,2806.0000,2805.8000,2805.4000,2805.2000,2807.0000,2807.2000,2807.4000,2807.6000,2807.8000,5,4,1,4,3,1,2,9,1,14
SF,IH2006,2020-05-14 09:33:22.900,2806.4000,27218,0,850360680.000,0,-,-,-,-,2806.6000,2806.2000,2806.0000,2805.8000,2805.4000,2806.8000,2807.0000,2807.2000,2807.4000,2807.8000,1,4,4,1,4,3,1,3,8,14
SF,IH2006,2020-05-14 09:33:23.400,2806.6000,27218,0,851202660.000,1,0,1,多换,S,2806.2000,2806.0000,2805.8000,2805.4000,2805.2000,2806.8000,2807.2000,2807.4000,2807.8000,2808.0000,4,4,1,4,3,4,3,8,13,9
SF,IH2006,2020-05-14 09:33:24.400,2806.6000,27218,0,851202660.000,0,-,-,-,-,2806.4000,2806.2000,2806.0000,2805.8000,2805.4000,2806.8000,2807.2000,2807.4000,2807.8000,2808.0000,1,4,4,1,4,4,3,8,13,9
SF,IH2006,2020-05-14 09:33:24.900,2806.6000,27218,0,851202660.000,0,-,-,-,-,2806.6000,2806.4000,2806.2000,2806.0000,2805.8000,2806.8000,2807.0000,2807.2000,2807.4000,2807.8000,1,2,4,4,1,3,1,3,8,13
SF,IH2006,2020-05-14 09:33:25.400,2806.6000,27217,-1,852044640.000,1,0,1,双平,S,2806.4000,2806.2000,2806.0000,2805.8000,2805.4000,2806.8000,2807.0000,2807.2000,2807.4000,2807.8000,2,4,4,1,4,2,2,3,8,13
SF,IH2006,2020-05-14 09:33:25.900,2806.6000,27217,0,852044640.000,0,-,-,-,-,2806.4000,2806.2000,2806.0000,2805.8000,2805.4000,2806.6000,2806.8000,2807.0000,2807.2000,2807.4000,2,4,4,1,4,2,2,3,3,8
SF,IH2006,2020-05-14 09:33:26.400,2806.4000,27217,0,854570520.000,3,1,2,多换,S,2806.4000,2806.2000,2806.0000,2805.8000,2805.4000,2806.8000,2807.0000,2807.2000,2807.4000,2807.8000,1,4,4,1,4,3,3,3,8,13
SF,IH2006,2020-05-14 09:33:26.900,2806.8000,27216,-1,855412560.000,1,0,1,双平,S,2806.4000,2806.2000,2806.0000,2805.8000,2805.4000,2806.8000,2807.0000,2807.2000,2807.4000,2807.8000,1,4,4,1,4,2,3,3,8,13
SF,IH2006,2020-05-14 09:33:27.400,2806.8000,27216,0,855412560.000,0,-,-,-,-,2806.4000,2806.2000,2806.0000,2805.8000,2805.4000,2806.8000,2807.0000,2807.2000,2807.4000,2807.8000,1,4,4,1,4,2,4,3,8,13
SF,IH2006,2020-05-14 09:33:27.900,2806.8000,27216,0,855412560.000,0,-,-,-,-,2806.6000,2806.4000,2806.2000,2806.0000,2805.8000,2806.8000,2807.0000,2807.2000,2807.4000,2807.8000,1,1,4,4,1,2,5,3,8,13
SF,IH2006,2020-05-14 09:33:28.400,2806.6000,27216,0,856254540.000,1,0,1,多换,S,2806.4000,2806.2000,2806.0000,2805.8000,2805.4000,2806.6000,2806.8000,2807.0000,2807.2000,2807.4000,1,4,4,1,4,2,2,5,3,8
SF,IH2006,2020-05-14 09:33:28.900,2806.6000,27216,0,856254540.000,0,-,-,-,-,2806.4000,2806.2000,2806.0000,2805.8000,2805.4000,2806.6000,2806.8000,2807.0000,2807.2000,2807.4000,4,4,4,1,4,2,2,5,3,8
SF,IH2006,2020-05-14 09:33:29.400,2806.6000,27216,0,857938500.000,2,1,1,多换,S,2806.6000,2806.4000,2806.2000,2806.0000,2805.8000,2806.8000,2807.0000,2807.2000,2807.4000,2807.8000,2,7,4,4,1,5,5,3,8,13
SF,IH2006,2020-05-14 09:33:29.900,2806.6000,27215,-1,862148640.000,5,2,3,多平,S,2806.4000,2806.2000,2806.0000,2805.8000,2805.4000,2806.6000,2806.8000,2807.0000,2807.2000,2807.4000,5,4,4,2,4,1,1,5,3,8
SF,IH2006,2020-05-14 09:33:30.400,2806.6000,27213,-2,864674640.000,3,0,3,多平,S,2806.6000,2806.4000,2806.2000,2806.0000,2805.8000,2807.0000,2807.2000,2807.4000,2807.8000,2808.0000,2,5,4,4,2,5,3,8,13,9
SF,IH2006,2020-05-14 09:33:30.900,2806.6000,27213,0,864674640.000,0,-,-,-,-,2806.6000,2806.4000,2806.2000,2806.0000,2805.8000,2806.8000,2807.0000,2807.2000,2807.4000,2807.8000,2,5,4,4,2,1,5,3,8,13
SF,IH2006,2020-05-14 09:33:31.400,2806.6000,27212,-1,865516620.000,1,0,1,双平,S,2806.6000,2806.4000,2806.2000,2806.0000,2805.8000,2806.8000,2807.0000,2807.2000,2807.4000,2807.8000,1,6,4,4,2,1,6,3,8,13
SF,IH2006,2020-05-14 09:33:32.400,2806.6000,27212,0,865516620.000,0,-,-,-,-,2806.6000,2806.4000,2806.2000,2806.0000,2805.8000,2806.8000,2807.0000,2807.2000,2807.4000,2807.8000,1,6,4,4,2,1,9,3,8,13
SF,IH2006,2020-05-14 09:33:32.900,2806.6000,27211,-1,866358600.000,1,0,1,双平,S,2806.4000,2806.2000,2806.0000,2805.8000,2805.4000,2806.8000,2807.0000,2807.2000,2807.4000,2807.8000,6,4,4,2,4,1,10,3,8,13
SF,IH2006,2020-05-14 09:33:33.400,2806.6000,27211,0,866358600.000,0,-,-,-,-,2806.4000,2806.2000,2806.0000,2805.8000,2805.4000,2806.8000,2807.0000,2807.2000,2807.4000,2807.8000,7,4,5,2,4,1,11,3,8,13
SF,IH2006,2020-05-14 09:33:33.900,2806.8000,27211,0,867200640.000,1,0,1,多换,S,2806.4000,2806.2000,2806.0000,2805.8000,2805.4000,2807.0000,2807.2000,2807.4000,2807.8000,2808.0000,7,4,5,2,4,12,3,8,13,8
SF,IH2006,2020-05-14 09:33:34.400,2806.4000,27210,-1,872252160.000,6,2,4,多平,S,2806.4000,2806.2000,2806.0000,2805.8000,2805.4000,2806.8000,2807.0000,2807.2000,2807.4000,2807.8000,1,4,5,2,4,1,12,3,8,13
SF,IH2006,2020-05-14 09:33:34.900,2806.4000,27210,0,873094080.000,1,0,1,多换,S,2806.2000,2806.0000,2805.8000,2805.4000,2805.2000,2806.6000,2806.8000,2807.0000,2807.2000,2807.4000,4,5,2,4,3,2,1,12,3,8
SF,IH2006,2020-05-14 09:33:35.400,2806.2000,27209,-1,873935940.000,1,0,1,双平,S,2806.2000,2806.0000,2805.8000,2805.4000,2805.2000,2806.6000,2806.8000,2807.0000,2807.2000,2807.4000,2,5,2,4,3,2,1,12,3,8
SF,IH2006,2020-05-14 09:33:35.900,2806.2000,27209,0,873935940.000,0,-,-,-,-,2806.2000,2806.0000,2805.8000,2805.4000,2805.2000,2806.6000,2806.8000,2807.0000,2807.2000,2807.4000,2,5,2,4,3,2,1,12,3,8
SF,IH2006,2020-05-14 09:33:36.400,2806.2000,27209,0,873935940.000,0,-,-,-,-,2806.2000,2806.0000,2805.8000,2805.4000,2805.2000,2806.4000,2806.6000,2806.8000,2807.0000,2807.2000,2,5,2,4,3,1,2,1,12,3
SF,IH2006,2020-05-14 09:33:36.900,2806.2000,27209,0,873935940.000,0,-,-,-,-,2806.2000,2806.0000,2805.8000,2805.4000,2805.2000,2806.4000,2806.6000,2806.8000,2807.0000,2807.2000,2,5,2,4,3,1,2,1,12,3
SF,IH2006,2020-05-14 09:33:37.400,2806.2000,27209,0,873935940.000,0,-,-,-,-,2806.2000,2806.0000,2805.8000,2805.4000,2805.2000,2806.4000,2806.6000,2806.8000,2807.0000,2807.2000,2,5,2,4,3,1,2,1,12,3
SF,IH2006,2020-05-14 09:33:37.900,2806.4000,27209,0,875619720.000,2,1,1,多换,S,2806.2000,2806.0000,2805.8000,2805.4000,2805.2000,2806.6000,2806.8000,2807.0000,2807.2000,2807.4000,1,5,2,4,3,2,1,12,3,8
SF,IH2006,2020-05-14 09:33:38.400,2806.4000,27209,0,875619720.000,0,-,-,-,-,2806.2000,2806.0000,2805.8000,2805.4000,2805.2000,2806.6000,2806.8000,2807.0000,2807.2000,2807.4000,1,5,2,4,3,2,2,12,4,8
SF,IH2006,2020-05-14 09:33:39.400,2806.4000,27209,0,875619720.000,0,-,-,-,-,2806.2000,2806.0000,2805.8000,2805.4000,2805.2000,2806.4000,2806.6000,2806.8000,2807.0000,2807.2000,1,5,1,4,3,1,2,2,12,4
SF,IH2006,2020-05-14 09:33:39.900,2806.2000,27208,-1,876461580.000,1,0,1,双平,S,2806.0000,2805.8000,2805.4000,2805.2000,2805.0000,2806.4000,2806.6000,2806.8000,2807.0000,2807.2000,5,1,4,3,3,2,2,2,12,4
SF,IH2006,2020-05-14 09:33:40.400,2806.0000,27207,-1,878145180.000,2,0,2,多平,S,2806.0000,2805.8000,2805.4000,2805.2000,2805.0000,2806.4000,2806.6000,2806.8000,2807.0000,2807.2000,3,1,3,3,3,2,2,2,12,4
SF,IH2006,2020-05-14 09:33:40.900,2806.4000,27206,-1,881512500.000,4,1,3,多平,S,2805.8000,2805.4000,2805.2000,2805.0000,2804.6000,2806.4000,2806.6000,2806.8000,2807.0000,2807.2000,1,3,3,3,2,1,2,2,12,4
SF,IH2006,2020-05-14 09:33:41.400,2806.2000,27204,-2,883196100.000,2,0,2,双平,S,2805.4000,2805.2000,2805.0000,2804.6000,2804.4000,2806.4000,2806.6000,2806.8000,2807.0000,2807.2000,3,3,3,2,4,1,2,2,12,4
SF,IH2006,2020-05-14 09:33:41.900,2806.2000,27204,0,883196100.000,0,-,-,-,-,2806.0000,2805.8000,2805.6000,2805.4000,2805.2000,2806.4000,2806.6000,2806.8000,2807.0000,2807.2000,1,1,14,4,3,1,4,2,12,4
SF,IH2006,2020-05-14 09:33:42.400,2806.0000,27205,1,884879820.000,2,1,1,空开,S,2805.8000,2805.6000,2805.4000,2805.2000,2805.0000,2806.6000,2806.8000,2807.0000,2807.2000,2807.4000,1,12,4,3,3,4,2,12,3,7
SF,IH2006,2020-05-14 09:33:42.900,2806.0000,27205,0,884879820.000,0,-,-,-,-,2806.0000,2805.8000,2805.6000,2805.4000,2805.2000,2806.6000,2806.8000,2807.0000,2807.2000,2807.4000,1,1,12,4,3,4,2,12,3,7
SF,IH2006,2020-05-14 09:33:43.900,2806.0000,27205,0,884879820.000,0,-,-,-,-,2806.0000,2805.8000,2805.6000,2805.4000,2805.2000,2806.6000,2806.8000,2807.0000,2807.2000,2807.4000,1,1,12,4,3,4,5,12,3,7
SF,IH2006,2020-05-14 09:33:46.400,2806.0000,27205,0,884879820.000,0,-,-,-,-,2806.0000,2805.8000,2805.6000,2805.4000,2805.2000,2806.6000,2806.8000,2807.0000,2807.2000,2807.4000,1,1,12,4,3,4,5,12,3,7
SF,IH2006,2020-05-14 09:33:46.900,2806.0000,27205,0,884879820.000,0,-,-,-,-,2806.0000,2805.8000,2805.6000,2805.4000,2805.2000,2806.6000,2806.8000,2807.0000,2807.2000,2807.4000,1,1,12,4,3,3,4,6,1,2
SF,IH2006,2020-05-14 09:33:47.400,2806.0000,27205,0,884879820.000,0,-,-,-,-,2806.0000,2805.8000,2805.6000,2805.4000,2805.2000,2806.6000,2806.8000,2807.0000,2807.2000,2807.4000,1,1,12,4,3,19,4,6,1,2
SF,IH2006,2020-05-14 09:33:47.900,2806.0000,27205,0,884879820.000,0,-,-,-,-,2806.0000,2805.8000,2805.6000,2805.4000,2805.2000,2806.6000,2806.8000,2807.0000,2807.2000,2807.4000,1,1,12,4,3,19,4,6,2,2
SF,IH2006,2020-05-14 09:33:48.400,2806.0000,27205,0,884879820.000,0,-,-,-,-,2806.0000,2805.8000,2805.6000,2805.4000,2805.2000,2806.6000,2806.8000,2807.0000,2807.2000,2807.4000,1,1,12,4,3,19,4,6,2,2
SF,IH2006,2020-05-14 09:33:48.900,2806.0000,27205,0,884879820.000,0,-,-,-,-,2806.0000,2805.8000,2805.6000,2805.4000,2805.2000,2806.6000,2806.8000,2807.0000,2807.2000,2807.4000,1,1,12,4,3,19,4,6,2,2
SF,IH2006,2020-05-14 09:33:49.400,2806.6000,27203,-2,889089720.000,5,1,4,多平,S,2806.0000,2805.8000,2805.6000,2805.4000,2805.2000,2806.6000,2806.8000,2807.0000,2807.2000,2807.4000,1,1,12,4,4,14,9,6,2,2
SF,IH2006,2020-05-14 09:33:49.900,2806.6000,27203,0,889089720.000,0,-,-,-,-,2806.0000,2805.8000,2805.6000,2805.4000,2805.2000,2806.4000,2806.6000,2806.8000,2807.0000,2807.2000,2,1,12,4,4,1,14,9,6,2
SF,IH2006,2020-05-14 09:33:50.400,2806.4000,27202,-1,889931640.000,1,0,1,双平,S,2806.4000,2806.0000,2805.8000,2805.6000,2805.4000,2806.6000,2806.8000,2807.0000,2807.2000,2807.4000,5,2,1,12,4,14,9,6,2,2
SF,IH2006,2020-05-14 09:33:50.900,2806.4000,27203,1,890773560.000,1,1,0,双开,S,2806.4000,2806.0000,2805.8000,2805.6000,2805.4000,2806.6000,2806.8000,2807.0000,2807.2000,2807.4000,4,2,1,12,4,14,9,6,2,2
SF,IH2006,2020-05-14 09:33:51.400,2806.4000,27204,1,894141240.000,4,2,2,空开,S,2806.0000,2805.8000,2805.6000,2805.4000,2805.2000,2806.6000,2806.8000,2807.0000,2807.2000,2807.4000,2,1,12,4,4,14,9,6,2,2
SF,IH2006,2020-05-14 09:33:51.900,2806.4000,27204,0,894141240.000,0,-,-,-,-,2806.0000,2805.8000,2805.6000,2805.4000,2805.2000,2806.6000,2806.8000,2807.0000,2807.2000,2807.4000,2,1,11,4,4,14,9,6,2,2
SF,IH2006,2020-05-14 09:33:52.400,2806.0000,27203,-1,894983040.000,1,0,1,双平,S,2806.0000,2805.8000,2805.6000,2805.4000,2805.2000,2806.8000,2807.0000,2807.2000,2807.4000,2807.6000,1,1,11,4,4,9,6,2,2,1
SF,IH2006,2020-05-14 09:33:52.900,2806.0000,27202,-1,895824840.000,1,0,1,双平,S,2806.6000,2805.8000,2805.6000,2805.4000,2805.2000,2806.8000,2807.0000,2807.2000,2807.4000,2807.6000,1,1,11,4,4,23,15,2,2,1
SF,IH2006,2020-05-14 09:33:53.400,2806.6000,27202,0,897508800.000,2,1,1,多换,S,2805.8000,2805.6000,2805.4000,2805.2000,2805.0000,2806.6000,2806.8000,2807.0000,2807.2000,2807.4000,1,12,4,4,4,1,23,15,2,2
SF,IH2006,2020-05-14 09:33:53.900,2806.6000,27202,0,897508800.000,0,-,-,-,-,2806.0000,2805.8000,2805.6000,2805.4000,2805.2000,2806.6000,2806.8000,2807.0000,2807.2000,2807.4000,5,2,12,3,4,1,23,15,2,2
SF,IH2006,2020-05-14 09:33:54.400,2806.6000,27202,0,897508800.000,0,-,-,-,-,2806.2000,2806.0000,2805.8000,2805.6000,2805.4000,2806.6000,2806.8000,2807.0000,2807.2000,2807.4000,1,6,2,12,3,1,23,15,2,2
SF,IH2006,2020-05-14 09:33:54.900,2806.6000,27202,0,897508800.000,0,-,-,-,-,2806.4000,2806.0000,2805.8000,2805.6000,2805.4000,2806.8000,2807.0000,2807.2000,2807.6000,2808.0000,1,5,2,12,3,25,15,2,1,1
SF,IH2006,2020-05-14 09:33:55.400,2806.6000,27202,0,897508800.000,0,-,-,-,-,2806.4000,2806.0000,2805.8000,2805.6000,2805.4000,2806.8000,2807.0000,2807.2000,2807.6000,2808.0000,1,4,2,12,3,25,15,2,1,1
SF,IH2006,2020-05-14 09:33:55.900,2806.6000,27202,0,897508800.000,0,-,-,-,-,2806.6000,2806.0000,2805.8000,2805.6000,2805.4000,2806.8000,2807.0000,2807.2000,2807.6000,2808.0000,1,4,2,12,3,25,15,2,1,2
SF,IH2006,2020-05-14 09:33:56.900,2806.8000,27201,-1,899192820.000,2,0,2,多平,S,2806.0000,2805.8000,2805.6000,2805.4000,2805.2000,2806.8000,2807.0000,2807.2000,2807.6000,2808.0000,4,2,12,3,4,24,15,2,1,2
SF,IH2006,2020-05-14 09:33:57.400,2806.8000,27201,0,899192820.000,0,-,-,-,-,2806.2000,2806.0000,2805.8000,2805.6000,2805.4000,2806.8000,2807.0000,2807.2000,2807.6000,2808.0000,1,4,2,12,3,24,15,2,1,2
SF,IH2006,2020-05-14 09:33:57.900,2806.8000,27201,0,899192820.000,0,-,-,-,-,2806.2000,2806.0000,2805.8000,2805.6000,2805.4000,2806.8000,2807.0000,2807.2000,2807.6000,2808.0000,1,4,2,12,3,10,15,2,1,2
SF,IH2006,2020-05-14 09:33:58.400,2806.4000,27202,1,900876660.000,2,1,1,空开,S,2806.2000,2806.0000,2805.8000,2805.6000,2805.4000,2806.4000,2806.8000,2807.0000,2807.2000,2807.6000,1,4,2,13,3,2,24,15,2,1
SF,IH2006,2020-05-14 09:33:58.900,2806.2000,27201,-1,902560440.000,2,0,2,多平,S,2806.0000,2805.8000,2805.6000,2805.4000,2805.2000,2806.4000,2806.8000,2807.0000,2807.2000,2807.6000,3,2,13,3,4,1,24,15,2,1
SF,IH2006,2020-05-14 09:33:59.400,2806.0000,27201,0,905085840.000,3,1,2,多换,S,2805.8000,2805.6000,2805.4000,2805.2000,2805.0000,2806.2000,2806.4000,2806.8000,2807.0000,2807.2000,2,12,2,4,6,4,1,24,15,2
SF,IH2006,2020-05-14 09:33:59.900,2806.0000,27201,0,905085840.000,0,-,-,-,-,2806.0000,2805.8000,2805.6000,2805.4000,2805.2000,2806.2000,2806.8000,2807.0000,2807.2000,2807.6000,1,2,12,2,4,4,24,15,2,1
SF,IH2006,2020-05-14 09:34:00.400,2806.0000,27201,0,905927640.000,1,0,1,多换,S,2806.0000,2805.8000,2805.6000,2805.4000,2805.2000,2806.2000,2806.8000,2807.0000,2807.2000,2807.6000,1,2,12,2,3,4,24,15,2,1
SF,IH2006,2020-05-14 09:34:01.400,2806.0000,27200,-1,907611240.000,2,0,2,多平,S,2805.8000,2805.6000,2805.4000,2805.2000,2805.0000,2806.2000,2806.8000,2807.0000,2807.2000,2807.6000,2,9,2,3,6,4,24,15,2,1
SF,IH2006,2020-05-14 09:34:01.900,2806.0000,27199,-1,912662340.000,6,2,4,多平,S,2806.0000,2805.8000,2805.6000,2805.4000,2805.2000,2806.8000,2807.0000,2807.2000,2807.6000,2808.0000,1,2,9,2,3,24,15,2,1,2
SF,IH2006,2020-05-14 09:34:02.400,2806.0000,27199,0,912662340.000,0,-,-,-,-,2806.2000,2805.8000,2805.6000,2805.4000,2805.2000,2806.6000,2806.8000,2807.0000,2807.2000,2807.6000,1,2,9,2,3,3,25,15,2,1
SF,IH2006,2020-05-14 09:34:02.900,2806.0000,27199,0,912662340.000,0,-,-,-,-,2806.2000,2805.8000,2805.6000,2805.4000,2805.2000,2806.4000,2806.6000,2806.8000,2807.0000,2807.2000,1,2,9,2,3,1,3,25,15,2
SF,IH2006,2020-05-14 09:34:03.400,2806.0000,27199,0,912662340.000,0,-,-,-,-,2806.2000,2806.0000,2805.8000,2805.6000,2805.4000,2806.4000,2806.6000,2806.8000,2807.0000,2807.2000,1,1,2,9,2,1,3,11,15,2
SF,IH2006,2020-05-14 09:34:03.900,2806.0000,27199,0,912662340.000,0,-,-,-,-,2806.2000,2806.0000,2805.8000,2805.6000,2805.4000,2806.4000,2806.6000,2806.8000,2807.0000,2807.2000,1,1,2,9,2,15,3,11,15,2
SF,IH2006,2020-05-14 09:34:04.400,2806.2000,27199,0,913504200.000,1,0,1,多换,S,2806.0000,2805.8000,2805.6000,2805.4000,2805.2000,2806.4000,2806.6000,2806.8000,2807.0000,2807.2000,1,2,9,2,3,15,3,11,15,2
SF,IH2006,2020-05-14 09:34:05.400,2806.2000,27199,0,913504200.000,0,-,-,-,-,2806.0000,2805.8000,2805.6000,2805.4000,2805.2000,2806.4000,2806.6000,2806.8000,2807.0000,2807.2000,1,2,9,2,3,15,2,11,15,2
SF,IH2006,2020-05-14 09:34:05.900,2806.2000,27199,0,913504200.000,0,-,-,-,-,2806.0000,2805.8000,2805.6000,2805.4000,2805.2000,2806.4000,2806.6000,2806.8000,2807.0000,2807.2000,1,2,9,2,3,15,2,11,15,2
SF,IH2006,2020-05-14 09:34:06.400,2806.0000,27199,0,914346000.000,1,0,1,多换,S,2805.8000,2805.6000,2805.4000,2805.2000,2805.0000,2806.4000,2806.6000,2806.8000,2807.0000,2807.2000,2,9,2,3,6,15,2,11,15,2
SF,IH2006,2020-05-14 09:34:06.900,2806.4000,27199,0,915187920.000,1,0,1,多换,S,2805.8000,2805.6000,2805.4000,2805.2000,2805.0000,2806.4000,2806.6000,2806.8000,2807.0000,2807.2000,2,8,2,3,6,13,2,11,15,2
SF,IH2006,2020-05-14 09:34:07.400,2806.4000,27199,0,915187920.000,0,-,-,-,-,2805.8000,2805.6000,2805.4000,2805.2000,2805.0000,2806.4000,2806.6000,2806.8000,2807.0000,2807.2000,2,8,2,3,6,13,3,11,15,2
SF,IH2006,2020-05-14 09:34:07.900,2806.4000,27199,0,915187920.000,0,-,-,-,-,2805.8000,2805.6000,2805.4000,2805.2000,2805.0000,2806.4000,2806.6000,2806.8000,2807.0000,2807.2000,2,8,2,3,6,13,3,11,15,2
SF,IH2006,2020-05-14 09:34:08.400,2806.4000,27199,0,915187920.000,0,-,-,-,-,2805.8000,2805.6000,2805.4000,2805.2000,2805.0000,2806.4000,2806.6000,2806.8000,2807.0000,2807.2000,1,8,2,3,6,13,3,11,15,2
SF,IH2006,2020-05-14 09:34:08.900,2806.4000,27200,1,916029840.000,1,1,0,双开,S,2805.8000,2805.6000,2805.4000,2805.2000,2805.0000,2806.6000,2806.8000,2807.0000,2807.2000,2807.6000,1,8,2,3,6,3,11,15,2,1
SF,IH2006,2020-05-14 09:34:09.400,2806.0000,27193,-7,924449160.000,10,1,9,多平,S,2806.0000,2805.8000,2805.6000,2805.4000,2805.2000,2806.6000,2806.8000,2807.0000,2807.2000,2807.6000,3,1,7,2,3,8,11,15,2,1
SF,IH2006,2020-05-14 09:34:09.900,2806.6000,27192,-1,925291140.000,1,0,1,双平,S,2806.0000,2805.8000,2805.6000,2805.4000,2805.2000,2806.4000,2806.6000,2806.8000,2807.0000,2807.2000,3,1,7,2,3,1,7,11,14,2
SF,IH2006,2020-05-14 09:34:10.400,2806.6000,27191,-1,926975040.000,2,0,2,多平,S,2806.4000,2806.2000,2806.0000,2805.8000,2805.6000,2806.6000,2806.8000,2807.0000,2807.2000,2807.6000,1,2,2,1,7,6,11,14,2,1
SF,IH2006,2020-05-14 09:34:10.900,2806.6000,27185,-6,932026920.000,6,0,6,双平,S,2806.6000,2806.4000,2806.2000,2806.0000,2805.8000,2806.8000,2807.0000,2807.2000,2807.6000,2808.0000,1,5,1,1,1,11,14,2,1,2
SF,IH2006,2020-05-14 09:34:11.400,2806.6000,27185,0,935395020.000,4,2,2,多换,S,2806.4000,2806.2000,2806.0000,2805.8000,2805.6000,2806.8000,2807.0000,2807.2000,2807.6000,2808.0000,1,1,1,1,7,8,14,2,1,2
SF,IH2006,2020-05-14 09:34:11.900,2806.8000,27185,0,940447260.000,6,3,3,多换,S,2806.4000,2806.0000,2805.8000,2805.6000,2805.4000,2806.8000,2807.0000,2807.2000,2807.6000,2808.0000,1,1,1,7,2,2,14,2,1,2
SF,IH2006,2020-05-14 09:34:12.400,2806.8000,27185,0,940447260.000,0,-,-,-,-,2806.4000,2806.0000,2805.8000,2805.6000,2805.4000,2806.8000,2807.0000,2807.2000,2807.6000,2808.0000,1,2,1,7,2,2,14,2,1,2
SF,IH2006,2020-05-14 09:34:13.400,2806.8000,27185,0,940447260.000,0,-,-,-,-,2806.4000,2806.0000,2805.8000,2805.6000,2805.4000,2806.8000,2807.0000,2807.2000,2807.6000,2808.0000,1,2,1,7,2,2,14,2,1,2
SF,IH2006,2020-05-14 09:34:13.900,2806.8000,27185,0,940447260.000,0,-,-,-,-,2806.4000,2806.0000,2805.8000,2805.6000,2805.4000,2806.8000,2807.0000,2807.2000,2807.6000,2808.0000,1,2,1,7,2,2,14,2,1,2
SF,IH2006,2020-05-14 09:34:14.400,2806.8000,27186,1,941289300.000,1,1,0,双开,S,2806.6000,2806.4000,2806.0000,2805.6000,2805.4000,2806.8000,2807.0000,2807.2000,2807.6000,2808.0000,1,1,2,7,2,2,14,2,1,2
SF,IH2006,2020-05-14 09:34:14.900,2806.8000,27187,1,944657340.000,4,2,2,空开,S,2806.6000,2806.0000,2805.6000,2805.4000,2805.2000,2807.0000,2807.2000,2807.6000,2808.0000,2808.4000,2,2,7,2,3,14,2,1,2,2
SF,IH2006,2020-05-14 09:34:15.400,2806.8000,27187,0,944657340.000,0,-,-,-,-,2806.8000,2806.6000,2806.0000,2805.8000,2805.6000,2807.0000,2807.2000,2807.6000,2808.0000,2808.4000,1,2,2,1,7,14,6,1,2,2
SF,IH2006,2020-05-14 09:34:15.900,2806.8000,27187,0,945499380.000,1,0,1,多换,S,2806.6000,2806.0000,2805.8000,2805.6000,2805.4000,2807.0000,2807.2000,2807.6000,2808.0000,2808.4000,2,2,1,7,2,14,6,1,2,2
SF,IH2006,2020-05-14 09:34:16.400,2806.6000,27187,0,946341360.000,1,0,1,多换,S,2806.6000,2806.0000,2805.8000,2805.6000,2805.4000,2807.0000,2807.2000,2807.6000,2808.0000,2808.4000,1,2,1,7,2,14,6,1,2,2
SF,IH2006,2020-05-14 09:34:17.400,2806.6000,27187,0,946341360.000,0,-,-,-,-,2806.6000,2806.0000,2805.8000,2805.6000,2805.4000,2807.0000,2807.2000,2807.6000,2808.0000,2808.4000,1,2,1,8,2,14,6,1,2,2
SF,IH2006,2020-05-14 09:34:17.900,2807.0000,27187,0,947183460.000,1,0,1,多换,S,2806.8000,2806.6000,2806.0000,2805.8000,2805.6000,2807.0000,2807.2000,2807.6000,2808.0000,2808.4000,1,2,2,1,8,13,6,1,2,2
SF,IH2006,2020-05-14 09:34:18.400,2807.0000,27187,0,948025560.000,1,0,1,多换,S,2806.8000,2806.6000,2806.0000,2805.8000,2805.6000,2807.0000,2807.2000,2807.6000,2808.0000,2808.4000,1,2,2,1,8,12,6,1,2,2
SF,IH2006,2020-05-14 09:34:18.900,2807.0000,27187,0,949709760.000,2,1,1,多换,S,2806.8000,2806.6000,2806.0000,2805.8000,2805.6000,2807.0000,2807.2000,2807.6000,2808.0000,2808.4000,1,3,2,1,8,10,6,1,2,2
SF,IH2006,2020-05-14 09:34:19.400,2807.0000,27196,9,958130760.000,10,9,1,空开,S,2806.8000,2806.6000,2806.0000,2805.8000,2805.6000,2807.2000,2807.6000,2808.0000,2808.4000,2808.8000,1,3,2,1,8,6,1,2,2,2
SF,IH2006,2020-05-14 09:34:19.900,2806.8000,27195,-1,962341380.000,5,2,3,多平,S,2806.6000,2806.0000,2805.8000,2805.6000,2805.4000,2807.2000,2807.6000,2808.0000,2808.4000,2808.8000,3,2,1,8,2,3,1,2,2,2
SF,IH2006,2020-05-14 09:34:20.400,2806.8000,27195,0,962341380.000,0,-,-,-,-,2806.8000,2806.6000,2806.0000,2805.8000,2805.6000,2807.2000,2807.6000,2808.0000,2808.4000,2808.8000,4,3,2,1,6,3,1,2,2,2
SF,IH2006,2020-05-14 09:34:21.400,2807.2000,27195,0,964867860.000,3,1,2,多换,S,2806.8000,2806.6000,2806.0000,2805.8000,2805.6000,2807.6000,2808.0000,2808.4000,2808.8000,2809.0000,4,3,2,1,6,1,2,2,2,1
SF,IH2006,2020-05-14 09:34:21.900,2807.2000,27195,0,964867860.000,0,-,-,-,-,2806.8000,2806.6000,2806.0000,2805.8000,2805.6000,2807.4000,2807.6000,2808.0000,2808.4000,2808.8000,4,2,2,1,6,1,1,2,2,2
SF,IH2006,2020-05-14 09:34:22.400,2807.4000,27196,1,965710080.000,1,1,0,双开,S,2806.8000,2806.6000,2806.0000,2805.8000,2805.6000,2807.6000,2808.0000,2808.4000,2808.8000,2809.0000,4,2,1,1,6,1,2,2,2,1
SF,IH2006,2020-05-14 09:34:22.900,2807.6000,27196,0,966552360.000,1,0,1,多换,S,2807.0000,2806.8000,2806.6000,2806.0000,2805.6000,2808.0000,2808.4000,2808.8000,2809.0000,2809.8000,2,4,2,1,6,2,2,2,1,3
SF,IH2006,2020-05-14 09:34:23.400,2807.2000,27196,0,967394520.000,1,0,1,多换,S,2807.2000,2807.0000,2806.8000,2806.6000,2806.0000,2807.8000,2808.0000,2808.4000,2808.8000,2809.0000,4,2,1,2,1,1,2,2,2,1
SF,IH2006,2020-05-14 09:34:23.900,2807.0000,27198,2,971605200.000,5,3,2,空开,S,2807.0000,2806.8000,2806.6000,2806.0000,2805.6000,2808.0000,2808.4000,2808.8000,2809.0000,2809.8000,1,1,2,1,7,2,2,2,1,3
