市场代码,合约代码,时间,最新,持仓,增仓,成交额,成交量,开仓,平仓,成交类型,方向,买一价,买二价,买三价,买四价,买五价,卖一价,卖二价,卖三价,卖四价,卖五价,买一量,买二量,买三量,买四量,买五量,卖一量,卖二量,卖三量,卖四量,卖五量
SF,IH2003,2019-12-18 09:29:00.200,3036.0000,20938,0,2732400.000,3.000,-,-,-,-,3035.2000,3035.0000,3034.2000,3034.0000,3033.2000,3037.0000,3038.2000,3039.4000,3040.0000,3042.0000,2,1,1,1,1,1,1,2,1,1
SF,IH2003,2019-12-18 09:30:00.200,3037.0000,20938,0,3643500.000,1,0,1,多换,S,3035.6000,3035.2000,3035.0000,3034.2000,3034.0000,3038.2000,3039.4000,3039.8000,3040.0000,3042.0000,11,3,2,1,1,1,2,1,1,1
SF,IH2003,2019-12-18 09:30:00.700,3035.8000,20938,0,4554240.000,1,0,1,多换,S,3035.8000,3035.6000,3035.4000,3035.2000,3035.0000,3036.6000,3038.0000,3039.4000,3039.8000,3040.0000,4,11,4,3,2,1,2,2,1,1
SF,IH2003,2019-12-18 09:30:01.200,3036.6000,20937,-1,5465220.000,1,0,1,双平,S,3036.6000,3036.4000,3036.2000,3035.8000,3035.4000,3039.8000,3040.0000,3042.0000,3045.0000,3045.8000,1,1,12,5,4,1,1,1,2,1
SF,IH2003,2019-12-18 09:30:01.700,3036.6000,20937,0,5465220.000,0,-,-,-,-,3038.2000,3036.8000,3036.6000,3036.2000,3035.8000,3039.6000,3039.8000,3040.0000,3042.0000,3045.0000,1,5,2,5,4,5,2,1,1,2
SF,IH2003,2019-12-18 09:30:02.200,3036.6000,20935,-2,8198160.000,3,0,3,多平,S,3036.8000,3036.6000,3036.2000,3035.8000,3035.4000,3039.4000,3039.6000,3039.8000,3040.0000,3042.0000,3,2,5,4,1,2,5,2,1,1
SF,IH2003,2019-12-18 09:30:02.700,3036.6000,20935,0,8198160.000,0,-,-,-,-,3037.0000,3036.8000,3036.6000,3036.2000,3035.8000,3039.2000,3039.4000,3039.6000,3039.8000,3040.0000,1,3,2,5,4,5,3,4,2,1
SF,IH2003,2019-12-18 09:30:03.200,3036.6000,20935,0,8198160.000,0,-,-,-,-,3037.0000,3036.8000,3036.6000,3036.2000,3035.8000,3039.0000,3039.2000,3039.4000,3039.6000,3039.8000,1,3,2,5,4,2,5,2,4,2
SF,IH2003,2019-12-18 09:30:03.700,3036.6000,20935,0,8198160.000,0,-,-,-,-,3037.0000,3036.8000,3036.6000,3036.2000,3035.8000,3038.8000,3039.0000,3039.2000,3039.4000,3039.6000,1,3,2,5,4,3,2,4,2,2
SF,IH2003,2019-12-18 09:30:04.200,3036.6000,20935,0,8198160.000,0,-,-,-,-,3037.0000,3036.8000,3036.6000,3036.2000,3035.8000,3038.6000,3038.8000,3039.0000,3039.2000,3039.6000,1,3,2,5,4,2,3,3,4,2
SF,IH2003,2019-12-18 09:30:04.700,3036.6000,20935,0,8198160.000,0,-,-,-,-,3037.0000,3036.8000,3036.6000,3036.2000,3035.8000,3038.4000,3038.6000,3038.8000,3039.0000,3039.2000,1,3,2,5,4,1,2,2,3,4
SF,IH2003,2019-12-18 09:30:05.200,3036.6000,20935,0,8198160.000,0,-,-,-,-,3037.2000,3037.0000,3036.8000,3036.6000,3036.2000,3038.4000,3038.6000,3039.0000,3039.2000,3039.6000,4,1,3,2,5,1,2,3,4,2
SF,IH2003,2019-12-18 09:30:05.700,3036.6000,20935,0,8198160.000,0,-,-,-,-,3037.2000,3037.0000,3036.8000,3036.6000,3036.2000,3038.4000,3038.6000,3039.0000,3039.2000,3039.6000,4,1,3,2,5,1,2,3,4,2
SF,IH2003,2019-12-18 09:30:06.200,3036.6000,20935,0,8198160.000,0,-,-,-,-,3037.0000,3036.8000,3036.6000,3035.4000,3035.2000,3038.2000,3038.4000,3038.6000,3039.0000,3039.2000,1,3,2,1,4,3,1,2,1,2
SF,IH2003,2019-12-18 09:30:06.700,3038.2000,20935,0,9109620.000,1,0,1,多换,S,3036.8000,3036.6000,3035.4000,3035.2000,3035.0000,3038.2000,3038.4000,3039.0000,3039.2000,3039.8000,2,2,1,4,2,1,1,1,2,1
SF,IH2003,2019-12-18 09:30:07.200,3038.0000,20933,-2,10932060.000,2,0,2,双平,S,3036.8000,3036.6000,3035.4000,3035.2000,3035.0000,3038.2000,3039.0000,3039.2000,3039.8000,3040.0000,1,2,1,4,2,1,1,2,1,1
SF,IH2003,2019-12-18 09:30:07.700,3038.0000,20933,0,10932060.000,0,-,-,-,-,3037.0000,3036.8000,3036.6000,3035.4000,3035.2000,3038.2000,3039.0000,3039.2000,3039.8000,3040.0000,1,1,3,1,4,1,1,2,1,1
SF,IH2003,2019-12-18 09:30:08.200,3038.0000,20933,0,10932060.000,0,-,-,-,-,3037.2000,3037.0000,3036.8000,3036.6000,3035.4000,3038.2000,3039.0000,3039.2000,3039.8000,3040.0000,2,1,1,2,1,1,1,2,1,1
SF,IH2003,2019-12-18 09:30:08.700,3038.0000,20933,0,10932060.000,0,-,-,-,-,3037.2000,3037.0000,3036.8000,3036.6000,3035.4000,3038.2000,3039.0000,3039.2000,3039.8000,3040.0000,2,1,1,1,1,1,1,2,1,1
SF,IH2003,2019-12-18 09:30:09.200,3038.2000,20932,-1,11843520.000,1,0,1,双平,S,3037.2000,3036.8000,3036.6000,3035.4000,3035.2000,3039.0000,3039.2000,3039.8000,3040.0000,3040.2000,2,1,1,1,4,1,2,1,1,1
SF,IH2003,2019-12-18 09:30:09.700,3038.2000,20932,0,11843520.000,0,-,-,-,-,3038.2000,3037.2000,3036.8000,3036.6000,3035.4000,3038.8000,3039.0000,3039.2000,3039.8000,3040.0000,1,2,1,1,1,6,1,2,1,1
SF,IH2003,2019-12-18 09:30:10.200,3038.6000,20931,-1,12755100.000,1,0,1,双平,S,3038.2000,3037.2000,3036.8000,3036.6000,3035.4000,3038.8000,3039.0000,3039.2000,3039.8000,3040.0000,1,2,1,1,1,5,1,2,1,1
SF,IH2003,2019-12-18 09:30:10.700,3038.6000,20931,0,12755100.000,0,-,-,-,-,3038.2000,3037.2000,3036.8000,3036.6000,3036.0000,3038.8000,3039.0000,3039.2000,3039.8000,3040.0000,1,2,1,1,1,5,1,2,1,1
SF,IH2003,2019-12-18 09:30:11.200,3038.6000,20930,-1,14578140.000,2,0,2,多平,S,3036.8000,3036.6000,3036.0000,3035.4000,3035.2000,3038.6000,3038.8000,3039.0000,3039.2000,3039.8000,1,1,1,1,3,2,4,2,2,1
SF,IH2003,2019-12-18 09:30:11.700,3038.6000,20930,0,16401300.000,2,1,1,多换,S,3036.8000,3036.6000,3036.0000,3035.4000,3035.2000,3038.4000,3038.6000,3038.8000,3039.0000,3039.2000,1,1,1,1,3,4,2,4,1,2
SF,IH2003,2019-12-18 09:30:12.200,3038.6000,20930,0,16401300.000,0,-,-,-,-,3036.8000,3036.6000,3036.0000,3035.4000,3035.2000,3038.2000,3038.4000,3038.6000,3038.8000,3039.0000,1,1,1,1,3,1,4,3,4,1
SF,IH2003,2019-12-18 09:30:12.700,3036.8000,20928,-2,18223800.000,2,0,2,双平,S,3036.6000,3036.0000,3035.4000,3035.2000,3035.0000,3036.8000,3038.0000,3038.4000,3038.8000,3039.0000,1,1,1,3,2,1,1,4,3,1
SF,IH2003,2019-12-18 09:30:13.200,3037.4000,20925,-3,21868500.000,4,0,4,多平,S,3037.0000,3036.6000,3036.0000,3035.4000,3035.2000,3037.8000,3038.4000,3038.8000,3039.0000,3039.8000,1,1,1,1,6,1,3,3,1,1
SF,IH2003,2019-12-18 09:30:13.700,3037.4000,20925,0,21868500.000,0,-,-,-,-,3036.6000,3036.0000,3035.4000,3035.2000,3035.0000,3037.6000,3037.8000,3038.4000,3038.8000,3039.0000,1,1,1,6,2,1,1,3,3,1
SF,IH2003,2019-12-18 09:30:14.200,3037.6000,20925,0,22779780.000,1,0,1,多换,S,3036.8000,3036.6000,3036.0000,3035.4000,3035.2000,3037.8000,3038.4000,3038.8000,3039.0000,3039.8000,1,1,1,1,6,1,3,3,1,1
SF,IH2003,2019-12-18 09:30:14.700,3037.6000,20925,0,22779780.000,0,-,-,-,-,3037.2000,3036.8000,3036.6000,3036.0000,3035.4000,3037.8000,3038.4000,3038.8000,3039.0000,3039.8000,1,6,1,1,1,1,3,2,1,1
SF,IH2003,2019-12-18 09:30:15.200,3037.8000,20924,-1,23691120.000,1,0,1,双平,S,3036.8000,3036.6000,3036.0000,3035.4000,3035.2000,3037.6000,3038.4000,3038.8000,3039.0000,3039.8000,1,1,1,1,6,1,3,2,1,1
SF,IH2003,2019-12-18 09:30:15.700,3037.8000,20924,0,24602460.000,1,0,1,多换,S,3036.8000,3036.6000,3036.0000,3035.4000,3035.2000,3038.4000,3038.8000,3039.0000,3039.8000,3040.0000,1,1,1,1,6,3,2,1,1,1
SF,IH2003,2019-12-18 09:30:16.200,3037.8000,20924,0,24602460.000,0,-,-,-,-,3037.8000,3037.0000,3036.8000,3036.6000,3036.0000,3038.2000,3038.4000,3038.8000,3039.0000,3039.8000,1,1,1,1,1,3,3,2,1,1
SF,IH2003,2019-12-18 09:30:16.700,3037.8000,20923,-1,25513800.000,1,0,1,双平,S,3037.0000,3036.8000,3036.6000,3036.0000,3035.4000,3037.6000,3038.2000,3038.4000,3038.8000,3039.0000,1,1,1,1,1,1,3,3,2,1
SF,IH2003,2019-12-18 09:30:17.200,3037.8000,20923,0,25513800.000,0,-,-,-,-,3036.8000,3036.6000,3036.0000,3035.4000,3035.2000,3037.6000,3038.0000,3038.2000,3038.4000,3039.8000,1,1,1,1,6,1,2,3,3,1
SF,IH2003,2019-12-18 09:30:17.700,3037.8000,20923,0,25513800.000,0,-,-,-,-,3036.0000,3035.4000,3035.2000,3035.0000,3034.0000,3037.6000,3038.0000,3038.2000,3038.4000,3039.8000,1,1,3,2,1,1,2,3,3,1
SF,IH2003,2019-12-18 09:30:18.200,3037.8000,20923,0,25513800.000,0,-,-,-,-,3036.6000,3036.2000,3036.0000,3035.2000,3035.0000,3037.4000,3037.6000,3038.0000,3038.2000,3038.4000,1,2,2,3,2,1,1,2,3,3
SF,IH2003,2019-12-18 09:30:18.700,3037.8000,20923,0,25513800.000,0,-,-,-,-,3036.6000,3036.2000,3036.0000,3035.2000,3035.0000,3037.4000,3037.6000,3038.0000,3038.2000,3038.4000,1,1,2,3,2,3,1,2,3,1
SF,IH2003,2019-12-18 09:30:19.200,3036.6000,20922,-1,26424780.000,1,0,1,双平,S,3036.0000,3035.2000,3035.0000,3034.0000,3032.0000,3037.4000,3037.6000,3038.0000,3038.2000,3038.4000,1,3,1,1,2,3,1,2,1,1
SF,IH2003,2019-12-18 09:30:19.700,3036.6000,20922,0,26424780.000,0,-,-,-,-,3036.2000,3036.0000,3035.2000,3035.0000,3034.0000,3037.2000,3037.4000,3037.6000,3038.0000,3038.2000,1,1,3,1,1,2,3,1,2,1
SF,IH2003,2019-12-18 09:30:20.200,3036.6000,20922,0,26424780.000,0,-,-,-,-,3036.2000,3036.0000,3035.2000,3035.0000,3034.0000,3037.2000,3037.4000,3037.6000,3038.0000,3038.2000,1,1,3,1,1,3,3,1,2,1
SF,IH2003,2019-12-18 09:30:20.700,3036.6000,20922,0,26424780.000,0,-,-,-,-,3036.2000,3036.0000,3035.2000,3035.0000,3034.0000,3037.2000,3037.4000,3037.6000,3038.0000,3038.2000,1,1,3,4,1,2,3,1,2,1
SF,IH2003,2019-12-18 09:30:21.200,3036.6000,20922,0,26424780.000,0,-,-,-,-,3036.2000,3036.0000,3035.2000,3035.0000,3034.0000,3037.2000,3037.4000,3037.6000,3038.0000,3038.2000,1,1,3,4,1,2,3,1,2,1
SF,IH2003,2019-12-18 09:30:21.700,3036.6000,20922,0,26424780.000,0,-,-,-,-,3036.4000,3036.2000,3036.0000,3035.2000,3035.0000,3037.2000,3037.4000,3037.6000,3038.0000,3038.2000,1,1,1,3,4,2,1,1,2,1
SF,IH2003,2019-12-18 09:30:22.200,3036.6000,20922,0,26424780.000,0,-,-,-,-,3036.4000,3036.2000,3036.0000,3035.2000,3035.0000,3037.2000,3037.6000,3038.0000,3038.2000,3039.6000,2,1,1,3,4,2,1,2,1,1
SF,IH2003,2019-12-18 09:30:22.700,3036.6000,20922,0,26424780.000,0,-,-,-,-,3036.8000,3036.4000,3036.2000,3036.0000,3035.2000,3037.2000,3037.6000,3038.0000,3038.2000,3039.6000,1,2,1,1,3,2,1,2,1,1
SF,IH2003,2019-12-18 09:30:23.200,3037.2000,20921,-1,27335940.000,1,0,1,双平,S,3036.8000,3036.4000,3036.2000,3036.0000,3035.2000,3037.0000,3037.2000,3037.6000,3038.0000,3038.2000,1,2,1,1,3,1,1,1,2,1
SF,IH2003,2019-12-18 09:30:23.700,3037.2000,20920,-1,29158200.000,2,0,2,多平,S,3037.0000,3036.8000,3036.4000,3036.2000,3036.0000,3037.6000,3038.0000,3039.6000,3039.8000,3040.0000,2,1,2,1,1,1,2,1,1,1
SF,IH2003,2019-12-18 09:30:24.200,3037.2000,20920,0,29158200.000,0,-,-,-,-,3037.8000,3037.0000,3036.8000,3036.4000,3036.2000,3038.0000,3039.6000,3039.8000,3040.0000,3040.2000,1,2,1,2,1,2,1,1,1,1
SF,IH2003,2019-12-18 09:30:24.700,3038.0000,20918,-2,30981000.000,2,0,2,双平,S,3037.8000,3037.6000,3037.0000,3036.8000,3036.4000,3039.6000,3039.8000,3040.0000,3040.2000,3042.0000,1,1,2,1,2,1,1,1,1,2
SF,IH2003,2019-12-18 09:30:25.200,3038.0000,20918,0,30981000.000,0,-,-,-,-,3037.8000,3037.6000,3037.0000,3036.8000,3036.4000,3039.4000,3039.6000,3039.8000,3040.0000,3040.2000,1,1,2,1,2,7,2,2,1,1
SF,IH2003,2019-12-18 09:30:25.700,3038.0000,20918,0,30981000.000,0,-,-,-,-,3038.4000,3037.8000,3037.6000,3037.0000,3036.6000,3039.4000,3039.6000,3039.8000,3040.0000,3040.2000,1,1,1,2,1,6,2,2,1,1
SF,IH2003,2019-12-18 09:30:26.200,3038.4000,20918,0,31892520.000,1,0,1,多换,S,3037.6000,3037.0000,3036.6000,3036.4000,3036.0000,3039.4000,3039.6000,3039.8000,3040.0000,3040.2000,1,2,1,1,6,5,2,2,1,1
SF,IH2003,2019-12-18 09:30:26.700,3038.4000,20918,0,31892520.000,0,-,-,-,-,3037.8000,3037.6000,3037.0000,3036.6000,3036.4000,3039.2000,3039.4000,3039.6000,3039.8000,3040.0000,1,1,2,1,1,1,5,2,2,1
SF,IH2003,2019-12-18 09:30:27.200,3038.4000,20918,0,31892520.000,0,-,-,-,-,3037.8000,3037.6000,3037.0000,3036.6000,3036.4000,3039.0000,3039.4000,3039.6000,3039.8000,3040.0000,1,1,2,1,1,1,3,2,2,1
SF,IH2003,2019-12-18 09:30:27.700,3038.4000,20918,0,31892520.000,0,-,-,-,-,3037.6000,3037.0000,3036.6000,3036.4000,3036.2000,3038.8000,3039.4000,3039.6000,3039.8000,3040.0000,1,3,1,1,1,1,3,2,2,1
SF,IH2003,2019-12-18 09:30:28.200,3038.4000,20918,0,31892520.000,0,-,-,-,-,3038.0000,3037.6000,3037.0000,3036.6000,3036.4000,3038.8000,3039.4000,3039.6000,3039.8000,3040.0000,1,1,3,1,1,2,3,2,2,1
SF,IH2003,2019-12-18 09:30:28.700,3038.8000,20918,0,33715800.000,2,1,1,多换,S,3039.0000,3038.2000,3038.0000,3037.8000,3037.6000,3039.6000,3039.8000,3040.0000,3040.2000,3042.0000,18,2,1,7,1,2,1,1,1,2
SF,IH2003,2019-12-18 09:30:29.200,3039.0000,20918,0,41009280.000,8,4,4,多换,S,3039.0000,3038.2000,3038.0000,3037.8000,3037.6000,3039.6000,3039.8000,3040.0000,3040.2000,3042.0000,10,2,1,2,1,2,1,1,1,2
SF,IH2003,2019-12-18 09:30:29.700,3039.0000,20918,0,41009280.000,0,-,-,-,-,3039.0000,3038.2000,3038.0000,3037.8000,3037.6000,3039.6000,3039.8000,3040.0000,3040.2000,3042.0000,10,2,1,2,1,2,1,1,1,2
SF,IH2003,2019-12-18 09:30:30.200,3039.0000,20918,0,41009280.000,0,-,-,-,-,3039.0000,3038.2000,3038.0000,3037.8000,3037.6000,3039.6000,3039.8000,3040.0000,3040.2000,3042.0000,10,2,1,2,1,3,1,1,1,2
SF,IH2003,2019-12-18 09:30:30.700,3039.0000,20918,0,41009280.000,0,-,-,-,-,3039.0000,3038.2000,3038.0000,3037.8000,3037.6000,3039.6000,3039.8000,3040.0000,3040.2000,3042.0000,10,2,1,2,3,3,1,1,1,2
SF,IH2003,2019-12-18 09:30:31.200,3039.0000,20918,0,41009280.000,0,-,-,-,-,3039.0000,3038.2000,3038.0000,3037.8000,3037.6000,3039.6000,3039.8000,3040.0000,3040.2000,3042.0000,10,2,1,2,3,2,1,1,1,2
SF,IH2003,2019-12-18 09:30:31.700,3039.0000,20918,0,41009280.000,0,-,-,-,-,3039.0000,3038.6000,3038.2000,3037.8000,3037.6000,3039.6000,3039.8000,3040.0000,3040.2000,3042.0000,10,1,2,3,3,3,1,1,1,2
SF,IH2003,2019-12-18 09:30:32.200,3039.0000,20918,0,41009280.000,0,-,-,-,-,3039.0000,3038.6000,3038.2000,3037.8000,3037.6000,3039.6000,3039.8000,3040.0000,3040.2000,3042.0000,10,1,2,3,3,2,1,1,1,2
SF,IH2003,2019-12-18 09:30:33.200,3039.0000,20918,0,41009280.000,0,-,-,-,-,3039.0000,3038.6000,3037.8000,3037.6000,3037.0000,3039.4000,3039.6000,3039.8000,3040.0000,3040.2000,10,1,3,3,3,3,3,1,1,1
SF,IH2003,2019-12-18 09:30:33.700,3039.2000,20918,0,42832740.000,2,1,1,多换,S,3039.0000,3038.6000,3037.8000,3037.6000,3037.0000,3039.6000,3039.8000,3040.0000,3040.2000,3040.4000,9,1,3,3,3,3,1,1,1,1
SF,IH2003,2019-12-18 09:30:34.200,3039.0000,20918,0,43744440.000,1,0,1,多换,S,3039.2000,3039.0000,3038.6000,3037.8000,3037.6000,3039.4000,3039.6000,3039.8000,3040.0000,3040.2000,1,8,1,3,3,1,4,1,1,1
SF,IH2003,2019-12-18 09:30:34.700,3039.2000,20918,0,46479660.000,3,1,2,多换,S,3039.0000,3038.6000,3037.8000,3037.6000,3037.0000,3039.2000,3039.4000,3039.6000,3039.8000,3040.0000,7,1,3,3,3,2,1,4,1,1
SF,IH2003,2019-12-18 09:30:35.200,3039.0000,20919,1,53773260.000,8,4,4,空开,S,3038.6000,3037.8000,3037.6000,3037.0000,3036.4000,3039.0000,3039.2000,3039.4000,3039.6000,3039.8000,1,3,3,3,1,1,1,1,4,1
SF,IH2003,2019-12-18 09:30:35.700,3039.0000,20919,0,53773260.000,0,-,-,-,-,3038.6000,3037.8000,3037.6000,3037.0000,3036.4000,3039.0000,3039.2000,3039.4000,3039.6000,3039.8000,1,3,3,3,1,1,1,1,3,1
SF,IH2003,2019-12-18 09:30:36.200,3039.0000,20919,0,53773260.000,0,-,-,-,-,3038.6000,3037.8000,3037.6000,3037.0000,3036.4000,3039.2000,3039.4000,3039.6000,3039.8000,3040.0000,1,3,3,3,1,2,1,3,1,1
SF,IH2003,2019-12-18 09:30:36.700,3039.0000,20919,0,53773260.000,0,-,-,-,-,3038.6000,3037.8000,3037.6000,3037.0000,3036.4000,3039.0000,3039.2000,3039.6000,3039.8000,3040.0000,1,3,3,3,1,1,2,3,1,1
SF,IH2003,2019-12-18 09:30:37.200,3039.0000,20919,0,53773260.000,0,-,-,-,-,3038.6000,3037.8000,3037.6000,3037.0000,3036.4000,3038.8000,3039.0000,3039.2000,3039.6000,3039.8000,1,3,3,3,1,1,1,2,3,1
SF,IH2003,2019-12-18 09:30:37.700,3039.0000,20919,0,53773260.000,0,-,-,-,-,3038.6000,3037.8000,3037.6000,3037.0000,3036.4000,3038.8000,3039.0000,3039.2000,3039.6000,3039.8000,1,1,3,3,1,1,1,2,3,2
SF,IH2003,2019-12-18 09:30:38.200,3039.0000,20919,0,53773260.000,0,-,-,-,-,3038.6000,3037.8000,3037.6000,3037.0000,3036.4000,3038.8000,3039.0000,3039.2000,3039.6000,3039.8000,1,1,3,3,1,1,1,2,3,2
SF,IH2003,2019-12-18 09:30:38.700,3038.6000,20919,0,54684840.000,1,0,1,多换,S,3038.0000,3037.8000,3037.6000,3037.0000,3036.4000,3038.4000,3038.8000,3039.0000,3039.2000,3039.6000,1,1,4,3,1,1,1,1,2,3
SF,IH2003,2019-12-18 09:30:39.200,3038.4000,20918,-1,55596360.000,1,0,1,双平,S,3038.0000,3037.8000,3037.6000,3037.0000,3036.4000,3038.8000,3039.0000,3039.2000,3039.6000,3039.8000,1,1,4,3,1,1,1,2,3,2
SF,IH2003,2019-12-18 09:30:40.200,3038.8000,20916,-2,58331040.000,3,0,3,多平,S,3037.6000,3037.0000,3036.4000,3036.2000,3036.0000,3039.0000,3039.2000,3039.6000,3039.8000,3040.0000,4,3,1,1,5,1,2,2,2,1
SF,IH2003,2019-12-18 09:30:40.700,3038.8000,20916,0,58331040.000,0,-,-,-,-,3037.6000,3037.0000,3036.4000,3036.2000,3036.0000,3038.8000,3039.0000,3039.2000,3039.6000,3039.8000,4,3,2,1,5,7,1,2,2,2
SF,IH2003,2019-12-18 09:30:41.200,3038.8000,20916,0,58331040.000,0,-,-,-,-,3037.8000,3037.6000,3037.2000,3037.0000,3036.4000,3038.8000,3039.0000,3039.2000,3039.6000,3039.8000,1,4,1,3,1,6,1,2,2,2
SF,IH2003,2019-12-18 09:30:41.700,3038.8000,20916,0,59242680.000,1,0,1,多换,S,3038.4000,3037.8000,3037.6000,3037.0000,3036.4000,3038.6000,3038.8000,3039.0000,3039.2000,3039.6000,1,1,4,3,1,1,4,1,2,2
SF,IH2003,2019-12-18 09:30:42.200,3038.4000,20916,0,60154200.000,1,0,1,多换,S,3037.6000,3037.0000,3036.4000,3036.2000,3036.0000,3038.6000,3038.8000,3039.0000,3039.2000,3039.6000,4,3,1,1,5,1,4,1,2,2
SF,IH2003,2019-12-18 09:30:42.700,3038.4000,20916,0,60154200.000,0,-,-,-,-,3037.8000,3037.6000,3037.0000,3036.4000,3036.2000,3038.8000,3039.0000,3039.2000,3039.6000,3039.8000,2,4,3,1,1,4,2,2,2,2
SF,IH2003,2019-12-18 09:30:43.200,3038.4000,20916,0,60154200.000,0,-,-,-,-,3037.8000,3037.6000,3037.0000,3036.4000,3036.2000,3038.8000,3039.0000,3039.2000,3039.6000,3039.8000,2,4,3,1,1,4,2,2,2,2
SF,IH2003,2019-12-18 09:30:43.700,3038.4000,20916,0,60154200.000,0,-,-,-,-,3037.6000,3037.0000,3036.4000,3036.2000,3036.0000,3038.6000,3038.8000,3039.0000,3039.2000,3039.6000,4,3,1,1,5,1,4,2,2,2
SF,IH2003,2019-12-18 09:30:44.200,3038.4000,20916,0,60154200.000,0,-,-,-,-,3037.6000,3037.0000,3036.4000,3036.2000,3036.0000,3038.6000,3038.8000,3039.0000,3039.2000,3039.6000,4,3,1,1,5,1,4,2,2,2
SF,IH2003,2019-12-18 09:30:44.700,3038.8000,20916,0,61977420.000,2,1,1,多换,S,3037.6000,3037.0000,3036.4000,3036.2000,3036.0000,3038.8000,3039.0000,3039.2000,3039.6000,3039.8000,4,3,1,1,5,3,2,1,2,2
SF,IH2003,2019-12-18 09:30:45.200,3038.8000,20916,0,61977420.000,0,-,-,-,-,3037.6000,3037.0000,3036.4000,3036.2000,3036.0000,3038.6000,3038.8000,3039.0000,3039.2000,3039.6000,4,3,1,1,5,1,3,2,1,2
SF,IH2003,2019-12-18 09:30:45.700,3038.8000,20916,0,61977420.000,0,-,-,-,-,3037.6000,3037.0000,3036.4000,3036.2000,3036.0000,3038.8000,3039.0000,3039.2000,3039.6000,3039.8000,5,3,1,1,5,3,2,1,2,2
SF,IH2003,2019-12-18 09:30:46.200,3038.8000,20916,0,61977420.000,0,-,-,-,-,3037.6000,3037.0000,3036.4000,3036.2000,3036.0000,3038.6000,3038.8000,3039.0000,3039.2000,3039.6000,5,3,1,1,5,1,3,1,1,2
SF,IH2003,2019-12-18 09:30:46.700,3038.8000,20916,0,61977420.000,0,-,-,-,-,3037.6000,3037.0000,3036.4000,3036.2000,3036.0000,3038.6000,3038.8000,3039.0000,3039.2000,3039.6000,5,3,1,1,2,1,3,1,1,2
SF,IH2003,2019-12-18 09:30:47.200,3038.8000,20916,0,61977420.000,0,-,-,-,-,3037.6000,3037.0000,3036.4000,3036.0000,3035.2000,3038.4000,3038.6000,3038.8000,3039.0000,3039.2000,5,3,1,2,3,2,1,3,1,1
SF,IH2003,2019-12-18 09:30:47.700,3038.8000,20916,0,61977420.000,0,-,-,-,-,3037.8000,3037.6000,3037.0000,3036.4000,3036.0000,3038.4000,3038.6000,3038.8000,3039.0000,3039.2000,1,5,3,1,2,4,1,3,1,1
SF,IH2003,2019-12-18 09:30:48.200,3037.8000,20916,0,62888760.000,1,0,1,多换,S,3037.6000,3037.0000,3036.4000,3036.0000,3035.2000,3038.2000,3038.4000,3038.6000,3038.8000,3039.0000,5,3,1,2,3,2,4,1,3,1
SF,IH2003,2019-12-18 09:30:48.700,3038.2000,20916,0,63800220.000,1,0,1,多换,S,3037.6000,3037.0000,3036.4000,3036.0000,3035.2000,3038.2000,3038.4000,3038.6000,3038.8000,3039.0000,5,3,1,2,3,1,4,1,3,1
SF,IH2003,2019-12-18 09:30:49.200,3038.2000,20915,-1,64711680.000,1,0,1,双平,S,3038.2000,3037.6000,3037.0000,3036.4000,3036.0000,3038.4000,3038.6000,3038.8000,3039.0000,3039.2000,1,5,3,1,2,4,1,3,1,1
SF,IH2003,2019-12-18 09:30:49.700,3038.4000,20914,-1,65623200.000,1,0,1,双平,S,3037.6000,3037.0000,3036.4000,3036.0000,3035.2000,3038.4000,3038.6000,3038.8000,3039.0000,3039.2000,5,3,1,2,3,1,1,3,1,1
SF,IH2003,2019-12-18 09:30:50.200,3038.4000,20913,-1,66534720.000,1,0,1,双平,S,3037.6000,3037.0000,3036.4000,3036.0000,3035.2000,3038.8000,3039.0000,3039.2000,3039.6000,3039.8000,5,3,1,2,3,3,1,1,2,2
SF,IH2003,2019-12-18 09:30:50.700,3037.8000,20912,-1,67446060.000,1,0,1,双平,S,3037.8000,3037.6000,3037.0000,3036.4000,3036.0000,3038.6000,3038.8000,3039.0000,3039.2000,3039.6000,2,5,3,1,2,1,3,1,1,2
SF,IH2003,2019-12-18 09:30:51.200,3038.6000,20910,-2,69268980.000,2,0,2,双平,S,3037.8000,3037.6000,3037.0000,3036.4000,3036.0000,3038.8000,3039.0000,3039.2000,3039.6000,3039.8000,1,5,3,1,2,3,1,1,2,2
SF,IH2003,2019-12-18 09:30:51.700,3038.6000,20910,0,69268980.000,0,-,-,-,-,3037.6000,3037.0000,3036.4000,3036.0000,3035.2000,3038.6000,3038.8000,3039.0000,3039.2000,3039.6000,5,3,1,2,3,2,2,1,1,2
SF,IH2003,2019-12-18 09:30:52.200,3038.6000,20910,0,69268980.000,0,-,-,-,-,3037.8000,3037.6000,3037.0000,3036.4000,3036.0000,3038.4000,3038.6000,3038.8000,3039.0000,3039.2000,1,5,3,1,2,2,2,2,1,1
SF,IH2003,2019-12-18 09:30:52.700,3038.6000,20906,-4,72915180.000,4,0,4,双平,S,3038.4000,3037.8000,3037.6000,3037.0000,3036.4000,3039.0000,3039.2000,3039.6000,3039.8000,3040.0000,2,1,5,3,1,1,1,2,2,2
SF,IH2003,2019-12-18 09:30:53.200,3038.6000,20906,0,72915180.000,0,-,-,-,-,3038.4000,3037.8000,3037.6000,3037.0000,3036.4000,3038.8000,3039.0000,3039.2000,3039.6000,3039.8000,1,1,5,3,1,1,1,1,2,2
SF,IH2003,2019-12-18 09:30:53.700,3038.8000,20905,-1,73826820.000,1,0,1,双平,S,3038.8000,3038.4000,3037.8000,3037.6000,3037.0000,3039.0000,3039.2000,3039.6000,3039.8000,3040.0000,1,1,1,5,3,1,1,2,2,2
SF,IH2003,2019-12-18 09:30:54.200,3038.8000,20905,0,73826820.000,0,-,-,-,-,3038.8000,3038.4000,3037.8000,3037.6000,3037.0000,3039.0000,3039.2000,3039.6000,3039.8000,3040.0000,1,1,1,5,3,1,1,2,2,1
SF,IH2003,2019-12-18 09:30:54.700,3038.8000,20905,0,73826820.000,0,-,-,-,-,3038.4000,3037.8000,3037.6000,3037.0000,3036.4000,3039.0000,3039.2000,3039.6000,3039.8000,3040.0000,1,1,5,3,1,1,1,2,2,1
SF,IH2003,2019-12-18 09:30:55.200,3039.0000,20904,-1,74738520.000,1,0,1,双平,S,3038.4000,3037.8000,3037.6000,3037.0000,3036.4000,3039.2000,3039.6000,3039.8000,3040.0000,3040.2000,1,1,5,3,1,1,2,2,1,1
SF,IH2003,2019-12-18 09:30:56.700,3039.0000,20904,0,74738520.000,0,-,-,-,-,3038.4000,3037.8000,3037.6000,3037.0000,3036.4000,3039.2000,3039.6000,3039.8000,3040.0000,3040.2000,1,1,5,3,1,1,2,2,1,1
SF,IH2003,2019-12-18 09:30:57.700,3039.0000,20904,0,74738520.000,0,-,-,-,-,3038.4000,3037.8000,3037.6000,3037.0000,3036.0000,3039.2000,3039.6000,3039.8000,3040.0000,3040.2000,1,1,5,3,2,1,2,2,1,1
SF,IH2003,2019-12-18 09:30:58.700,3039.0000,20904,0,74738520.000,0,-,-,-,-,3038.4000,3037.8000,3037.6000,3037.0000,3036.0000,3039.2000,3039.6000,3039.8000,3040.0000,3040.2000,1,1,5,3,2,1,2,2,1,1
SF,IH2003,2019-12-18 09:30:59.200,3039.0000,20904,0,74738520.000,0,-,-,-,-,3038.4000,3037.8000,3037.6000,3037.0000,3036.0000,3039.2000,3039.6000,3039.8000,3040.0000,3040.2000,1,1,5,3,2,1,2,2,1,1
SF,IH2003,2019-12-18 09:31:00.700,3039.0000,20904,0,74738520.000,0,-,-,-,-,3038.4000,3037.8000,3037.6000,3037.2000,3037.0000,3039.2000,3039.6000,3039.8000,3040.0000,3040.2000,1,1,5,1,3,1,2,2,1,1
SF,IH2003,2019-12-18 09:31:01.200,3039.0000,20904,0,74738520.000,0,-,-,-,-,3038.6000,3038.4000,3037.6000,3037.2000,3037.0000,3039.2000,3039.6000,3039.8000,3040.0000,3040.2000,1,2,5,1,3,1,2,2,1,1
SF,IH2003,2019-12-18 09:31:01.700,3039.2000,20903,-1,75650280.000,1,0,1,双平,S,3038.6000,3038.4000,3037.6000,3037.2000,3037.0000,3039.6000,3039.8000,3040.0000,3040.2000,3042.0000,1,2,5,1,3,2,2,1,1,2
SF,IH2003,2019-12-18 09:31:02.200,3039.2000,20903,0,75650280.000,0,-,-,-,-,3038.6000,3038.4000,3037.6000,3037.2000,3037.0000,3039.6000,3039.8000,3040.0000,3040.2000,3042.0000,1,2,5,1,3,2,2,1,1,2
SF,IH2003,2019-12-18 09:31:02.700,3038.4000,20899,-4,79296780.000,4,0,4,双平,S,3037.6000,3037.2000,3037.0000,3036.0000,3035.2000,3038.4000,3039.6000,3039.8000,3040.0000,3040.2000,4,1,3,2,1,3,1,2,1,1
SF,IH2003,2019-12-18 09:31:03.200,3038.4000,20896,-3,82031340.000,3,0,3,双平,S,3038.8000,3038.6000,3038.4000,3037.8000,3037.6000,3039.6000,3039.8000,3040.0000,3040.2000,3042.0000,1,1,4,4,2,1,2,1,1,2
SF,IH2003,2019-12-18 09:31:03.700,3039.6000,20896,0,82943220.000,1,0,1,多换,S,3038.8000,3038.6000,3038.4000,3037.8000,3037.6000,3039.8000,3040.0000,3040.2000,3042.0000,3042.2000,1,1,3,3,2,2,1,1,2,1
SF,IH2003,2019-12-18 09:31:04.200,3039.6000,20896,0,82943220.000,0,-,-,-,-,3038.8000,3038.6000,3038.4000,3037.8000,3037.6000,3039.8000,3040.0000,3040.2000,3042.0000,3042.2000,1,1,3,4,2,2,1,1,2,1
SF,IH2003,2019-12-18 09:31:04.700,3039.6000,20896,0,82943220.000,0,-,-,-,-,3038.8000,3038.6000,3038.4000,3037.8000,3037.6000,3039.8000,3040.0000,3040.2000,3041.0000,3042.0000,1,1,3,4,2,2,1,1,1,2
SF,IH2003,2019-12-18 09:31:06.200,3039.8000,20896,0,83855160.000,1,0,1,多换,S,3039.6000,3038.8000,3038.6000,3038.4000,3037.8000,3039.8000,3040.0000,3040.2000,3041.0000,3042.0000,1,1,1,3,4,1,1,1,1,2
SF,IH2003,2019-12-18 09:31:06.700,3039.6000,20896,0,84767040.000,1,0,1,多换,S,3038.8000,3038.6000,3038.4000,3037.8000,3037.6000,3039.2000,3039.6000,3039.8000,3040.0000,3040.2000,1,1,2,4,2,2,1,1,1,1
SF,IH2003,2019-12-18 09:31:07.200,3039.2000,20894,-2,86590560.000,2,0,2,双平,S,3038.8000,3038.6000,3038.4000,3037.8000,3037.6000,3039.6000,3039.8000,3040.0000,3040.2000,3041.0000,1,1,2,4,2,1,1,1,1,1
SF,IH2003,2019-12-18 09:31:08.200,3039.6000,20893,-1,87502440.000,1,0,1,双平,S,3038.8000,3038.6000,3038.4000,3037.8000,3037.6000,3039.8000,3040.0000,3040.2000,3041.0000,3042.0000,1,1,2,4,2,1,1,1,1,2
SF,IH2003,2019-12-18 09:31:08.700,3039.6000,20893,0,87502440.000,0,-,-,-,-,3039.0000,3038.8000,3038.6000,3038.4000,3037.8000,3039.8000,3040.0000,3040.2000,3041.0000,3042.0000,1,1,1,2,4,2,1,1,1,2
SF,IH2003,2019-12-18 09:31:09.700,3039.6000,20893,0,87502440.000,0,-,-,-,-,3039.6000,3039.0000,3038.8000,3038.6000,3038.4000,3039.8000,3040.0000,3040.2000,3041.0000,3042.0000,1,1,1,1,2,2,1,1,1,2
SF,IH2003,2019-12-18 09:31:10.200,3039.6000,20892,-1,88414320.000,1,0,1,双平,S,3039.0000,3038.8000,3038.6000,3038.4000,3037.8000,3039.8000,3040.0000,3040.2000,3041.0000,3042.0000,1,1,1,2,4,2,1,1,1,2
SF,IH2003,2019-12-18 09:31:10.700,3039.2000,20890,-2,90237840.000,2,0,2,双平,S,3039.0000,3038.8000,3038.6000,3038.4000,3037.8000,3039.8000,3040.0000,3040.2000,3041.0000,3042.0000,1,2,1,2,4,2,1,1,1,2
SF,IH2003,2019-12-18 09:31:11.200,3039.2000,20890,0,90237840.000,0,-,-,-,-,3039.0000,3038.8000,3038.6000,3038.4000,3037.8000,3039.8000,3040.0000,3040.2000,3041.0000,3042.0000,1,2,1,2,4,1,1,1,1,2
SF,IH2003,2019-12-18 09:31:11.700,3039.2000,20890,0,90237840.000,0,-,-,-,-,3039.0000,3038.8000,3038.6000,3038.4000,3038.0000,3039.8000,3040.0000,3040.2000,3041.0000,3042.0000,1,2,1,2,1,1,1,1,1,2
SF,IH2003,2019-12-18 09:31:12.700,3039.8000,20890,0,91149780.000,1,0,1,多换,S,3039.0000,3038.8000,3038.6000,3038.4000,3038.0000,3039.8000,3040.0000,3040.2000,3041.0000,3042.0000,1,2,1,2,1,1,1,1,1,2
SF,IH2003,2019-12-18 09:31:13.200,3039.8000,20890,0,91149780.000,0,-,-,-,-,3039.6000,3038.8000,3038.6000,3038.4000,3038.0000,3039.8000,3040.0000,3040.2000,3041.0000,3042.0000,1,2,1,2,4,1,1,1,1,2
SF,IH2003,2019-12-18 09:31:13.700,3039.6000,20889,-1,93885600.000,3,1,2,多平,S,3038.8000,3038.6000,3038.4000,3038.0000,3037.8000,3040.2000,3041.0000,3042.0000,3042.2000,3043.2000,2,1,2,4,3,1,1,2,1,1
SF,IH2003,2019-12-18 09:31:14.200,3039.6000,20889,0,93885600.000,0,-,-,-,-,3040.0000,3039.8000,3038.8000,3038.6000,3038.4000,3040.2000,3041.0000,3042.0000,3042.2000,3043.2000,1,1,2,1,2,1,1,2,1,1
SF,IH2003,2019-12-18 09:31:14.700,3040.2000,20889,0,95709660.000,2,1,1,多换,S,3039.8000,3038.8000,3038.6000,3038.4000,3038.0000,3041.0000,3042.0000,3042.2000,3043.2000,3045.0000,1,2,1,2,4,1,2,1,1,2
SF,IH2003,2019-12-18 09:31:15.200,3040.2000,20889,0,95709660.000,0,-,-,-,-,3040.2000,3040.0000,3039.8000,3038.8000,3038.6000,3040.8000,3041.0000,3042.0000,3042.2000,3043.2000,2,2,1,2,1,4,2,2,1,1
SF,IH2003,2019-12-18 09:31:15.700,3040.2000,20888,-1,96621720.000,1,0,1,双平,S,3040.2000,3040.0000,3039.8000,3039.0000,3038.8000,3040.8000,3041.0000,3042.0000,3042.2000,3043.2000,1,2,1,1,2,5,2,2,1,1
SF,IH2003,2019-12-18 09:31:16.200,3040.2000,20888,0,96621720.000,0,-,-,-,-,3040.2000,3040.0000,3039.8000,3039.0000,3038.8000,3040.8000,3041.0000,3042.0000,3042.2000,3043.2000,1,1,1,1,2,4,2,2,1,1
SF,IH2003,2019-12-18 09:31:16.700,3040.2000,20888,0,96621720.000,0,-,-,-,-,3040.2000,3040.0000,3039.8000,3039.0000,3038.8000,3040.8000,3041.0000,3042.0000,3042.2000,3043.2000,2,1,1,1,2,4,2,2,1,1
SF,IH2003,2019-12-18 09:31:17.200,3040.2000,20888,0,96621720.000,0,-,-,-,-,3040.2000,3040.0000,3039.8000,3039.0000,3038.8000,3040.8000,3041.0000,3042.0000,3042.2000,3043.2000,1,1,1,1,2,1,1,2,1,1
SF,IH2003,2019-12-18 09:31:17.700,3040.8000,20888,0,97533960.000,1,0,1,多换,S,3040.6000,3040.2000,3039.8000,3039.0000,3038.8000,3041.0000,3042.0000,3042.2000,3043.2000,3045.0000,1,1,1,1,2,1,2,1,1,2
SF,IH2003,2019-12-18 09:31:18.200,3040.6000,20888,0,98446140.000,1,0,1,多换,S,3039.8000,3039.0000,3038.8000,3038.6000,3038.4000,3041.0000,3042.0000,3042.2000,3043.2000,3045.0000,1,1,2,1,2,1,2,2,1,2
SF,IH2003,2019-12-18 09:31:18.700,3040.6000,20888,0,98446140.000,0,-,-,-,-,3039.8000,3039.0000,3038.8000,3038.6000,3038.4000,3040.8000,3041.0000,3042.0000,3042.2000,3043.2000,1,1,2,2,2,1,1,2,2,1
SF,IH2003,2019-12-18 09:31:19.700,3040.8000,20888,0,99358380.000,1,0,1,多换,S,3039.8000,3039.0000,3038.8000,3038.6000,3038.4000,3041.0000,3042.0000,3042.2000,3043.2000,3045.0000,1,1,2,2,2,1,2,2,1,2
SF,IH2003,2019-12-18 09:31:20.200,3040.8000,20888,0,101182860.000,2,1,1,多换,S,3039.8000,3039.0000,3038.8000,3038.6000,3038.4000,3040.8000,3041.0000,3042.0000,3042.2000,3043.2000,1,1,2,2,2,2,1,2,2,1
SF,IH2003,2019-12-18 09:31:20.700,3039.8000,20887,-1,102094800.000,1,0,1,双平,S,3040.6000,3039.0000,3038.8000,3038.6000,3038.4000,3040.8000,3041.0000,3042.0000,3042.2000,3043.2000,1,1,2,2,2,2,1,2,2,1
SF,IH2003,2019-12-18 09:31:21.200,3040.6000,20887,0,103006980.000,1,0,1,多换,S,3039.0000,3038.8000,3038.6000,3038.4000,3038.0000,3039.8000,3040.4000,3040.6000,3040.8000,3041.0000,1,2,2,2,1,2,2,5,4,1
SF,IH2003,2019-12-18 09:31:21.700,3039.8000,20886,-1,104830860.000,2,0,2,多平,S,3039.2000,3039.0000,3038.8000,3038.6000,3038.4000,3039.8000,3040.6000,3040.8000,3041.0000,3042.0000,2,1,2,2,2,1,3,2,1,2
SF,IH2003,2019-12-18 09:31:22.200,3039.8000,20886,0,104830860.000,0,-,-,-,-,3039.2000,3039.0000,3038.8000,3038.6000,3038.4000,3039.8000,3040.6000,3040.8000,3042.0000,3042.2000,1,1,2,2,2,2,3,2,2,1
SF,IH2003,2019-12-18 09:31:22.700,3039.8000,20885,-1,105742800.000,1,0,1,双平,S,3039.2000,3039.0000,3038.8000,3038.6000,3038.4000,3039.8000,3040.6000,3040.8000,3042.0000,3042.2000,1,1,2,2,2,1,3,2,2,1
SF,IH2003,2019-12-18 09:31:23.200,3039.8000,20885,0,106654740.000,1,0,1,多换,S,3039.2000,3039.0000,3038.8000,3038.6000,3038.4000,3039.8000,3040.6000,3040.8000,3042.0000,3042.2000,1,1,2,2,2,3,3,2,2,1
SF,IH2003,2019-12-18 09:31:23.700,3039.8000,20885,0,107566680.000,1,0,1,多换,S,3039.4000,3039.2000,3039.0000,3038.8000,3038.6000,3039.8000,3040.6000,3040.8000,3042.0000,3043.2000,1,2,1,2,2,2,3,2,2,1
SF,IH2003,2019-12-18 09:31:24.200,3039.8000,20883,-2,109390560.000,2,0,2,双平,S,3039.4000,3039.2000,3039.0000,3038.8000,3038.6000,3040.6000,3040.8000,3042.0000,3043.2000,3045.0000,2,2,1,2,2,3,2,2,1,2
SF,IH2003,2019-12-18 09:31:24.700,3040.4000,20882,-1,110302680.000,1,0,1,双平,S,3039.6000,3039.4000,3039.2000,3039.0000,3038.8000,3040.4000,3040.6000,3040.8000,3041.4000,3042.0000,2,2,2,1,2,1,3,2,1,2
SF,IH2003,2019-12-18 09:31:25.200,3040.4000,20882,0,110302680.000,0,-,-,-,-,3039.8000,3039.6000,3039.4000,3039.2000,3039.0000,3040.4000,3040.6000,3040.8000,3041.4000,3042.0000,1,2,2,2,1,1,3,2,1,2
SF,IH2003,2019-12-18 09:31:25.700,3040.4000,20882,0,110302680.000,0,-,-,-,-,3039.8000,3039.6000,3039.4000,3039.2000,3039.0000,3040.4000,3040.6000,3040.8000,3041.4000,3042.0000,2,2,2,2,1,1,3,2,1,2
SF,IH2003,2019-12-18 09:31:26.200,3040.4000,20882,0,111214800.000,1,0,1,多换,S,3039.8000,3039.6000,3039.4000,3039.2000,3039.0000,3040.6000,3041.4000,3042.0000,3043.2000,3045.0000,2,2,2,2,1,3,1,2,1,2
SF,IH2003,2019-12-18 09:31:26.700,3040.4000,20882,0,111214800.000,0,-,-,-,-,3039.8000,3039.6000,3039.4000,3039.2000,3039.0000,3040.6000,3041.4000,3042.0000,3043.2000,3045.0000,2,2,2,2,1,3,1,2,1,2
SF,IH2003,2019-12-18 09:31:27.700,3039.8000,20882,0,112126740.000,1,0,1,多换,S,3039.8000,3039.6000,3039.4000,3039.2000,3039.0000,3040.4000,3040.6000,3041.4000,3042.0000,3043.2000,1,2,2,2,1,1,2,1,2,1
SF,IH2003,2019-12-18 09:31:28.200,3040.4000,20882,0,113038860.000,1,0,1,多换,S,3039.8000,3039.4000,3039.2000,3039.0000,3038.8000,3040.6000,3041.4000,3042.0000,3043.2000,3045.0000,1,2,1,1,2,2,1,2,1,2
SF,IH2003,2019-12-18 09:31:28.700,3040.4000,20882,0,113038860.000,0,-,-,-,-,3039.8000,3039.6000,3039.4000,3039.2000,3039.0000,3040.6000,3040.8000,3041.4000,3042.0000,3043.2000,1,1,2,1,1,2,1,1,2,1
SF,IH2003,2019-12-18 09:31:29.200,3040.4000,20882,0,113038860.000,0,-,-,-,-,3039.8000,3039.6000,3039.4000,3039.2000,3039.0000,3040.4000,3040.6000,3040.8000,3041.4000,3042.0000,1,1,2,1,1,1,2,1,1,2
SF,IH2003,2019-12-18 09:31:29.700,3040.4000,20882,0,113950980.000,1,0,1,多换,S,3039.8000,3039.6000,3039.4000,3039.2000,3039.0000,3040.6000,3040.8000,3041.4000,3042.0000,3043.2000,1,1,2,1,1,2,1,1,2,1
SF,IH2003,2019-12-18 09:31:31.200,3040.4000,20882,0,113950980.000,0,-,-,-,-,3039.8000,3039.6000,3039.4000,3039.2000,3039.0000,3040.6000,3040.8000,3041.4000,3042.0000,3043.2000,1,2,2,1,1,2,1,1,2,1
SF,IH2003,2019-12-18 09:31:31.700,3040.6000,20882,0,114863160.000,1,0,1,多换,S,3040.0000,3039.8000,3039.6000,3039.4000,3039.0000,3040.6000,3041.4000,3042.0000,3043.2000,3045.0000,1,1,2,2,1,1,1,2,1,2
SF,IH2003,2019-12-18 09:31:32.200,3040.6000,20882,0,114863160.000,0,-,-,-,-,3040.4000,3040.0000,3039.8000,3039.6000,3039.4000,3040.6000,3041.4000,3042.0000,3043.2000,3045.0000,1,1,1,2,1,1,1,2,1,2
SF,IH2003,2019-12-18 09:31:32.700,3040.6000,20882,0,114863160.000,0,-,-,-,-,3040.0000,3039.8000,3039.6000,3039.4000,3039.0000,3040.6000,3041.4000,3042.0000,3043.2000,3045.0000,1,2,2,1,1,1,1,2,1,2
SF,IH2003,2019-12-18 09:31:33.700,3040.6000,20882,0,115775340.000,1,0,1,多换,S,3040.6000,3040.0000,3039.8000,3039.6000,3039.4000,3041.4000,3042.0000,3043.2000,3045.0000,3045.8000,2,1,2,2,1,1,2,1,2,1
SF,IH2003,2019-12-18 09:31:34.200,3040.6000,20882,0,115775340.000,0,-,-,-,-,3040.6000,3040.0000,3039.8000,3039.6000,3039.0000,3041.0000,3041.2000,3041.4000,3042.0000,3043.2000,2,1,2,2,1,2,1,1,2,1
SF,IH2003,2019-12-18 09:31:34.700,3040.6000,20880,-2,117599700.000,2,0,2,双平,S,3040.0000,3039.8000,3039.6000,3039.0000,3038.8000,3040.8000,3041.2000,3041.4000,3042.0000,3043.2000,1,2,2,1,2,1,1,1,2,1
SF,IH2003,2019-12-18 09:31:36.700,3040.6000,20880,0,117599700.000,0,-,-,-,-,3040.0000,3039.8000,3039.6000,3039.0000,3038.8000,3040.8000,3041.2000,3041.4000,3042.0000,3043.2000,1,3,2,1,2,1,1,1,2,1
SF,IH2003,2019-12-18 09:31:39.200,3040.6000,20880,0,117599700.000,0,-,-,-,-,3040.0000,3039.8000,3039.6000,3039.0000,3038.8000,3040.8000,3041.2000,3041.4000,3042.0000,3043.2000,1,3,2,1,2,1,1,1,2,1
SF,IH2003,2019-12-18 09:31:40.200,3040.6000,20880,0,117599700.000,0,-,-,-,-,3040.0000,3039.8000,3039.6000,3039.0000,3038.8000,3040.8000,3041.0000,3041.2000,3041.4000,3042.0000,1,3,2,1,2,1,1,1,1,2
SF,IH2003,2019-12-18 09:31:40.700,3040.6000,20880,0,117599700.000,0,-,-,-,-,3040.0000,3039.8000,3039.6000,3039.0000,3038.8000,3040.8000,3041.0000,3041.2000,3041.4000,3042.0000,1,2,2,1,2,1,1,1,1,2
SF,IH2003,2019-12-18 09:31:41.700,3040.6000,20880,0,117599700.000,0,-,-,-,-,3040.0000,3039.8000,3039.6000,3039.0000,3038.8000,3040.8000,3041.0000,3041.2000,3041.4000,3042.0000,2,2,2,1,2,1,1,1,1,2
SF,IH2003,2019-12-18 09:31:42.200,3040.8000,20880,0,118511940.000,1,0,1,多换,S,3040.0000,3039.8000,3039.6000,3039.0000,3038.8000,3041.0000,3041.2000,3041.4000,3042.0000,3043.2000,2,2,2,1,2,1,1,1,2,1
SF,IH2003,2019-12-18 09:31:42.700,3040.8000,20880,0,118511940.000,0,-,-,-,-,3040.2000,3040.0000,3039.8000,3039.6000,3039.0000,3041.0000,3041.2000,3041.4000,3042.0000,3043.2000,2,2,2,2,1,1,1,1,2,1
SF,IH2003,2019-12-18 09:31:43.200,3040.8000,20880,0,118511940.000,0,-,-,-,-,3040.4000,3040.2000,3040.0000,3039.8000,3039.6000,3041.0000,3041.2000,3041.4000,3042.0000,3043.2000,1,1,1,2,2,1,1,1,2,1
SF,IH2003,2019-12-18 09:31:43.700,3041.0000,20879,-1,119424240.000,1,0,1,双平,S,3041.2000,3040.4000,3040.2000,3040.0000,3039.8000,3041.4000,3042.0000,3043.2000,3045.0000,3045.8000,1,2,1,1,2,1,2,1,2,1
SF,IH2003,2019-12-18 09:31:44.200,3041.4000,20878,-1,121249080.000,2,0,2,多平,S,3041.2000,3041.0000,3040.4000,3040.0000,3039.8000,3041.4000,3042.0000,3043.2000,3045.0000,3045.8000,1,1,2,1,1,1,2,1,2,1
SF,IH2003,2019-12-18 09:31:44.700,3041.4000,20878,0,121249080.000,0,-,-,-,-,3041.2000,3041.0000,3040.4000,3040.0000,3039.8000,3042.0000,3043.2000,3045.0000,3045.8000,3046.6000,1,1,2,1,1,2,1,2,1,1
SF,IH2003,2019-12-18 09:31:45.200,3041.4000,20878,0,121249080.000,0,-,-,-,-,3041.2000,3041.0000,3040.4000,3040.0000,3039.8000,3042.0000,3042.2000,3043.2000,3045.0000,3045.8000,1,1,1,1,1,4,1,1,2,1
SF,IH2003,2019-12-18 09:31:45.700,3041.4000,20878,0,121249080.000,0,-,-,-,-,3041.0000,3040.4000,3040.0000,3039.8000,3039.6000,3041.6000,3042.0000,3042.2000,3042.4000,3043.2000,1,1,1,1,2,1,4,1,1,1
SF,IH2003,2019-12-18 09:31:46.200,3041.4000,20878,0,121249080.000,0,-,-,-,-,3041.0000,3040.4000,3040.0000,3039.8000,3039.6000,3041.8000,3042.0000,3042.2000,3042.4000,3043.2000,1,1,1,1,2,1,4,1,1,1
SF,IH2003,2019-12-18 09:31:47.700,3041.4000,20878,0,121249080.000,0,-,-,-,-,3041.0000,3040.4000,3040.0000,3039.8000,3039.6000,3041.8000,3042.0000,3042.2000,3042.4000,3043.2000,1,1,1,1,2,1,4,1,1,1
SF,IH2003,2019-12-18 09:31:48.200,3041.0000,20878,0,122161380.000,1,0,1,多换,S,3040.4000,3040.0000,3039.8000,3039.6000,3039.0000,3041.2000,3041.6000,3041.8000,3042.0000,3042.2000,1,2,1,2,1,1,1,1,4,1
SF,IH2003,2019-12-18 09:31:48.700,3041.0000,20878,0,122161380.000,0,-,-,-,-,3040.6000,3040.4000,3040.0000,3039.8000,3039.6000,3041.6000,3041.8000,3042.0000,3042.2000,3043.2000,1,1,2,1,2,1,1,4,1,1
SF,IH2003,2019-12-18 09:31:49.200,3041.0000,20878,0,122161380.000,0,-,-,-,-,3040.4000,3040.0000,3039.8000,3039.6000,3039.0000,3041.6000,3041.8000,3042.0000,3042.2000,3042.8000,1,2,1,2,1,1,1,4,1,1
SF,IH2003,2019-12-18 09:31:49.700,3041.0000,20878,0,122161380.000,0,-,-,-,-,3040.6000,3040.4000,3040.0000,3039.8000,3039.6000,3041.6000,3041.8000,3042.0000,3042.2000,3042.8000,1,1,2,1,2,1,1,4,1,1
SF,IH2003,2019-12-18 09:31:50.200,3041.0000,20878,0,122161380.000,0,-,-,-,-,3040.6000,3040.4000,3040.0000,3039.8000,3039.6000,3041.2000,3041.6000,3041.8000,3042.0000,3042.2000,1,1,2,1,2,1,1,1,4,1
SF,IH2003,2019-12-18 09:31:50.700,3041.0000,20878,0,122161380.000,0,-,-,-,-,3040.4000,3040.0000,3039.8000,3039.6000,3039.0000,3041.6000,3041.8000,3042.0000,3042.2000,3042.8000,1,2,1,2,1,1,1,4,1,1
SF,IH2003,2019-12-18 09:31:51.200,3041.0000,20878,0,122161380.000,0,-,-,-,-,3040.4000,3040.0000,3039.8000,3039.6000,3039.0000,3041.6000,3041.8000,3042.0000,3042.2000,3042.8000,1,1,1,2,1,1,1,4,1,1
SF,IH2003,2019-12-18 09:31:51.700,3041.0000,20878,0,122161380.000,0,-,-,-,-,3040.6000,3040.4000,3040.0000,3039.8000,3039.6000,3041.6000,3041.8000,3042.0000,3042.2000,3042.8000,2,1,1,1,2,1,1,4,1,1
SF,IH2003,2019-12-18 09:31:52.200,3041.0000,20878,0,122161380.000,0,-,-,-,-,3040.8000,3040.6000,3040.0000,3039.8000,3039.6000,3041.6000,3041.8000,3042.0000,3042.2000,3042.8000,1,2,1,1,2,1,1,4,1,1
SF,IH2003,2019-12-18 09:31:52.700,3041.0000,20878,0,122161380.000,0,-,-,-,-,3040.8000,3040.6000,3040.0000,3039.8000,3039.6000,3041.6000,3041.8000,3042.0000,3042.2000,3042.8000,1,1,1,1,1,1,1,4,1,1
SF,IH2003,2019-12-18 09:31:53.200,3041.0000,20878,0,122161380.000,0,-,-,-,-,3040.8000,3040.6000,3040.0000,3039.8000,3039.6000,3041.6000,3041.8000,3042.0000,3042.2000,3042.8000,1,1,2,1,1,1,1,4,1,1
SF,IH2003,2019-12-18 09:31:53.700,3041.6000,20878,0,123073860.000,1,0,1,多换,S,3040.8000,3040.6000,3040.0000,3039.8000,3039.6000,3041.8000,3042.0000,3042.2000,3042.8000,3043.2000,1,1,2,1,1,1,4,1,1,1
SF,IH2003,2019-12-18 09:31:55.200,3041.6000,20878,0,123073860.000,0,-,-,-,-,3041.0000,3040.8000,3040.6000,3040.0000,3039.8000,3041.8000,3042.0000,3042.2000,3042.8000,3043.2000,1,1,1,2,1,1,4,1,1,1
SF,IH2003,2019-12-18 09:31:55.700,3041.6000,20878,0,123073860.000,0,-,-,-,-,3040.8000,3040.6000,3040.0000,3039.8000,3039.6000,3041.2000,3041.8000,3042.0000,3042.2000,3042.8000,1,1,2,1,1,2,1,4,1,1
SF,IH2003,2019-12-18 09:31:56.200,3041.6000,20878,0,123986340.000,1,0,1,多换,S,3040.8000,3040.6000,3040.0000,3039.8000,3039.6000,3041.8000,3042.0000,3042.2000,3042.8000,3043.2000,1,1,2,1,1,1,3,1,1,1
SF,IH2003,2019-12-18 09:31:56.700,3041.6000,20878,0,123986340.000,0,-,-,-,-,3041.2000,3040.8000,3040.6000,3040.0000,3039.8000,3041.8000,3042.0000,3042.2000,3042.8000,3043.2000,1,2,1,2,1,1,4,1,1,1
SF,IH2003,2019-12-18 09:31:57.200,3041.2000,20878,0,124898700.000,1,0,1,多换,S,3040.8000,3040.6000,3040.0000,3039.8000,3039.6000,3041.8000,3042.0000,3042.2000,3042.8000,3043.2000,2,1,2,1,1,1,4,1,1,1
SF,IH2003,2019-12-18 09:31:57.700,3041.2000,20878,0,124898700.000,0,-,-,-,-,3041.0000,3040.8000,3040.6000,3040.0000,3039.8000,3041.8000,3042.0000,3042.2000,3042.8000,3043.2000,1,2,1,2,1,1,4,1,1,1
SF,IH2003,2019-12-18 09:31:58.700,3041.2000,20878,0,124898700.000,0,-,-,-,-,3041.0000,3040.8000,3040.6000,3040.0000,3039.8000,3041.8000,3042.0000,3042.2000,3042.8000,3043.2000,1,3,1,2,1,1,4,1,1,1
SF,IH2003,2019-12-18 09:31:59.200,3041.2000,20878,0,124898700.000,0,-,-,-,-,3040.8000,3040.6000,3040.0000,3039.8000,3039.6000,3041.8000,3042.0000,3042.2000,3042.8000,3043.2000,3,1,2,1,1,1,4,1,1,1
SF,IH2003,2019-12-18 09:31:59.700,3041.2000,20878,0,124898700.000,0,-,-,-,-,3041.0000,3040.8000,3040.6000,3040.0000,3039.8000,3041.8000,3042.0000,3042.2000,3042.8000,3043.2000,2,3,1,2,1,1,4,1,1,1
SF,IH2003,2019-12-18 09:32:00.700,3041.2000,20878,0,124898700.000,0,-,-,-,-,3040.8000,3040.6000,3040.0000,3039.8000,3039.6000,3041.8000,3042.0000,3042.2000,3042.8000,3043.2000,3,1,2,1,1,1,4,1,1,1
SF,IH2003,2019-12-18 09:32:01.200,3041.2000,20878,0,124898700.000,0,-,-,-,-,3041.0000,3040.8000,3040.6000,3040.0000,3039.8000,3041.8000,3042.0000,3042.2000,3042.8000,3043.2000,1,3,1,2,1,1,4,1,1,1
SF,IH2003,2019-12-18 09:32:01.700,3041.2000,20878,0,124898700.000,0,-,-,-,-,3040.8000,3040.6000,3040.0000,3039.8000,3039.6000,3041.8000,3042.0000,3042.2000,3042.8000,3043.2000,3,1,2,1,1,1,4,1,1,1
SF,IH2003,2019-12-18 09:32:02.200,3041.2000,20878,0,124898700.000,0,-,-,-,-,3040.8000,3040.6000,3040.0000,3039.8000,3039.6000,3041.0000,3041.8000,3042.0000,3042.2000,3042.8000,3,1,2,1,1,1,1,4,1,1
SF,IH2003,2019-12-18 09:32:02.700,3041.0000,20877,-1,126723300.000,2,0,2,多平,S,3041.0000,3040.8000,3040.6000,3040.0000,3039.8000,3041.8000,3042.0000,3042.2000,3042.8000,3043.2000,1,3,1,2,1,1,4,1,1,1
SF,IH2003,2019-12-18 09:32:03.200,3040.8000,20876,-1,128547780.000,2,0,2,多平,S,3040.8000,3040.6000,3040.0000,3039.8000,3039.6000,3041.8000,3042.0000,3042.2000,3042.8000,3043.2000,2,2,2,2,1,1,4,1,1,1
SF,IH2003,2019-12-18 09:32:03.700,3040.8000,20876,0,130372260.000,2,1,1,多换,S,3040.6000,3040.0000,3039.8000,3039.6000,3039.0000,3041.8000,3042.0000,3042.2000,3042.8000,3043.2000,2,2,2,1,1,1,4,1,1,1
SF,IH2003,2019-12-18 09:32:04.200,3040.8000,20876,0,130372260.000,0,-,-,-,-,3040.6000,3040.4000,3040.0000,3039.8000,3039.6000,3041.6000,3041.8000,3042.0000,3042.2000,3042.8000,2,1,2,2,1,1,1,4,1,1
SF,IH2003,2019-12-18 09:32:04.700,3040.8000,20876,0,130372260.000,0,-,-,-,-,3040.6000,3040.4000,3040.0000,3039.8000,3039.6000,3041.4000,3041.6000,3041.8000,3042.0000,3042.2000,2,1,2,2,1,2,1,1,4,1
SF,IH2003,2019-12-18 09:32:05.200,3040.8000,20876,0,130372260.000,0,-,-,-,-,3040.6000,3040.4000,3040.0000,3039.8000,3039.6000,3041.4000,3041.8000,3042.0000,3042.2000,3042.8000,2,1,2,2,1,2,1,4,1,1
SF,IH2003,2019-12-18 09:32:05.700,3040.8000,20876,0,130372260.000,0,-,-,-,-,3041.0000,3040.6000,3040.4000,3040.0000,3039.8000,3041.4000,3041.8000,3042.0000,3042.2000,3042.8000,1,2,1,2,2,2,2,4,1,1
SF,IH2003,2019-12-18 09:32:06.200,3041.0000,20876,0,131284560.000,1,0,1,多换,S,3040.6000,3040.4000,3040.0000,3039.8000,3039.6000,3041.4000,3041.8000,3042.0000,3042.2000,3042.8000,2,1,2,2,1,2,2,4,1,1
SF,IH2003,2019-12-18 09:32:07.200,3041.0000,20876,0,131284560.000,0,-,-,-,-,3040.6000,3040.4000,3040.0000,3039.8000,3039.6000,3041.4000,3041.8000,3042.0000,3042.2000,3042.8000,2,1,2,2,1,1,2,4,1,1
SF,IH2003,2019-12-18 09:32:07.700,3041.0000,20876,0,131284560.000,0,-,-,-,-,3040.8000,3040.6000,3040.4000,3040.0000,3039.8000,3041.4000,3041.8000,3042.0000,3042.2000,3042.8000,1,2,1,2,2,1,2,4,1,1
SF,IH2003,2019-12-18 09:32:08.200,3041.0000,20876,0,131284560.000,0,-,-,-,-,3041.0000,3040.6000,3040.4000,3040.0000,3039.8000,3041.4000,3041.8000,3042.0000,3042.2000,3042.8000,2,2,1,2,2,1,2,3,1,1
SF,IH2003,2019-12-18 09:32:08.700,3041.0000,20876,0,132196860.000,1,0,1,多换,S,3040.6000,3040.4000,3040.0000,3039.8000,3039.6000,3041.4000,3041.8000,3042.0000,3042.2000,3042.8000,2,1,2,2,1,1,2,3,1,1
SF,IH2003,2019-12-18 09:32:09.200,3041.0000,20876,0,132196860.000,0,-,-,-,-,3040.6000,3040.4000,3040.0000,3039.8000,3039.6000,3041.0000,3041.4000,3041.8000,3042.0000,3042.2000,2,1,2,2,1,1,1,2,3,1
SF,IH2003,2019-12-18 09:32:09.700,3041.0000,20875,-1,133109160.000,1,0,1,双平,S,3041.2000,3041.0000,3040.8000,3040.6000,3040.4000,3041.4000,3041.8000,3042.0000,3042.2000,3042.8000,1,1,1,2,1,1,2,3,1,1
SF,IH2003,2019-12-18 09:32:10.200,3041.0000,20875,0,133109160.000,0,-,-,-,-,3041.2000,3040.6000,3040.0000,3039.8000,3039.6000,3041.4000,3041.8000,3042.0000,3042.2000,3042.8000,2,2,2,2,1,1,2,3,1,1
SF,IH2003,2019-12-18 09:32:10.700,3041.0000,20875,0,133109160.000,0,-,-,-,-,3041.2000,3040.8000,3040.6000,3040.0000,3039.8000,3041.4000,3041.8000,3042.0000,3042.2000,3042.8000,1,1,2,2,2,1,2,3,1,1
SF,IH2003,2019-12-18 09:32:11.200,3041.2000,20875,0,134021520.000,1,0,1,多换,S,3040.8000,3040.6000,3040.0000,3039.8000,3039.6000,3041.4000,3041.8000,3042.0000,3042.2000,3042.8000,1,2,2,2,1,1,2,3,1,1
SF,IH2003,2019-12-18 09:32:11.700,3041.2000,20875,0,134021520.000,0,-,-,-,-,3040.8000,3040.6000,3040.0000,3039.8000,3039.6000,3041.2000,3041.4000,3041.8000,3042.0000,3042.2000,1,2,2,2,1,2,1,2,3,1
SF,IH2003,2019-12-18 09:32:12.700,3041.2000,20875,0,134021520.000,0,-,-,-,-,3041.0000,3040.8000,3040.6000,3040.0000,3039.8000,3041.2000,3041.4000,3041.8000,3042.0000,3042.2000,1,1,2,2,2,2,1,2,3,1
SF,IH2003,2019-12-18 09:32:13.200,3041.0000,20874,-1,134933820.000,1,0,1,双平,S,3040.8000,3040.6000,3040.0000,3039.8000,3039.6000,3041.2000,3041.4000,3041.8000,3042.0000,3042.2000,1,2,2,2,1,2,1,2,3,1
SF,IH2003,2019-12-18 09:32:13.700,3041.0000,20874,0,134933820.000,0,-,-,-,-,3041.0000,3040.8000,3040.6000,3040.0000,3039.8000,3041.2000,3041.4000,3041.8000,3042.0000,3042.2000,1,1,2,2,2,2,1,2,3,1
SF,IH2003,2019-12-18 09:32:15.700,3041.2000,20873,-1,135846180.000,1,0,1,双平,S,3041.0000,3040.8000,3040.6000,3040.0000,3039.8000,3041.2000,3041.4000,3041.8000,3042.0000,3042.2000,1,1,2,2,2,1,1,2,3,1
SF,IH2003,2019-12-18 09:32:16.200,3041.2000,20873,0,135846180.000,0,-,-,-,-,3041.0000,3040.8000,3040.6000,3040.0000,3039.8000,3041.2000,3041.4000,3041.8000,3042.0000,3042.2000,2,1,1,2,2,1,1,2,3,1
SF,IH2003,2019-12-18 09:32:16.700,3041.2000,20873,0,136758540.000,1,0,1,多换,S,3041.0000,3040.8000,3040.6000,3040.0000,3039.8000,3041.4000,3041.8000,3042.0000,3042.2000,3042.8000,2,2,1,2,2,1,2,3,1,1
SF,IH2003,2019-12-18 09:32:17.200,3041.2000,20873,0,136758540.000,0,-,-,-,-,3041.0000,3040.8000,3040.6000,3040.0000,3039.8000,3041.2000,3041.4000,3041.8000,3042.0000,3042.2000,2,2,1,2,2,1,1,2,3,1
SF,IH2003,2019-12-18 09:32:17.700,3041.2000,20872,-1,137670900.000,1,0,1,双平,S,3041.0000,3040.8000,3040.6000,3040.0000,3039.8000,3041.4000,3041.8000,3042.0000,3042.2000,3042.8000,2,2,1,2,2,1,2,3,1,1
SF,IH2003,2019-12-18 09:32:18.700,3041.0000,20872,0,138583200.000,1,0,1,多换,S,3041.0000,3040.8000,3040.6000,3040.0000,3039.8000,3041.4000,3041.8000,3042.0000,3042.2000,3042.8000,1,2,1,2,2,1,2,3,1,1
SF,IH2003,2019-12-18 09:32:19.200,3041.4000,20870,-2,140407920.000,2,0,2,双平,S,3040.8000,3040.6000,3040.0000,3039.8000,3039.6000,3041.8000,3042.0000,3042.2000,3042.8000,3043.2000,2,1,2,2,1,2,3,1,1,1
SF,IH2003,2019-12-18 09:32:19.700,3041.4000,20870,0,140407920.000,0,-,-,-,-,3041.0000,3040.8000,3040.6000,3040.0000,3039.8000,3041.8000,3042.0000,3042.2000,3042.8000,3043.2000,1,2,1,2,2,2,4,1,1,1
SF,IH2003,2019-12-18 09:32:20.700,3041.0000,20870,0,141320220.000,1,0,1,多换,S,3040.8000,3040.6000,3040.0000,3039.8000,3039.6000,3041.8000,3042.0000,3042.2000,3042.8000,3043.2000,2,1,2,2,1,2,4,1,1,1
SF,IH2003,2019-12-18 09:32:21.700,3041.0000,20870,0,141320220.000,0,-,-,-,-,3040.8000,3040.6000,3040.0000,3039.8000,3039.6000,3041.8000,3042.0000,3042.2000,3042.8000,3043.2000,2,1,2,2,1,2,5,1,1,1
SF,IH2003,2019-12-18 09:32:22.200,3041.0000,20870,0,141320220.000,0,-,-,-,-,3040.8000,3040.6000,3040.0000,3039.8000,3039.6000,3041.8000,3042.0000,3042.2000,3042.8000,3043.2000,2,1,2,2,1,2,4,1,1,1
SF,IH2003,2019-12-18 09:32:23.200,3041.0000,20870,0,141320220.000,0,-,-,-,-,3041.0000,3040.8000,3040.6000,3040.0000,3039.8000,3041.8000,3042.0000,3042.2000,3042.8000,3043.2000,1,2,1,2,2,2,4,1,1,1
SF,IH2003,2019-12-18 09:32:23.700,3041.0000,20870,0,141320220.000,0,-,-,-,-,3040.8000,3040.6000,3040.0000,3039.8000,3039.6000,3041.8000,3042.0000,3042.2000,3043.2000,3045.0000,2,1,2,2,1,2,4,1,1,2
SF,IH2003,2019-12-18 09:32:24.200,3041.0000,20870,0,141320220.000,0,-,-,-,-,3040.8000,3040.6000,3040.0000,3039.8000,3039.6000,3041.8000,3042.0000,3042.2000,3043.2000,3045.0000,2,1,2,2,1,3,4,1,1,2
SF,IH2003,2019-12-18 09:32:24.700,3041.0000,20870,0,141320220.000,0,-,-,-,-,3041.0000,3040.8000,3040.6000,3040.0000,3039.8000,3041.8000,3042.0000,3042.2000,3043.2000,3045.0000,2,2,1,2,2,3,4,1,1,2
SF,IH2003,2019-12-18 09:32:25.200,3041.0000,20870,0,141320220.000,0,-,-,-,-,3041.0000,3040.8000,3040.6000,3040.0000,3039.8000,3041.8000,3042.0000,3042.2000,3043.2000,3045.0000,1,2,1,2,2,3,4,1,1,2
SF,IH2003,2019-12-18 09:32:25.700,3041.0000,20870,0,141320220.000,0,-,-,-,-,3041.2000,3041.0000,3040.8000,3040.6000,3040.0000,3041.8000,3042.0000,3042.2000,3043.2000,3045.0000,1,1,2,1,2,5,4,1,1,2
SF,IH2003,2019-12-18 09:32:26.700,3041.8000,20869,-1,142232760.000,1,0,1,双平,S,3041.2000,3041.0000,3040.8000,3040.6000,3040.0000,3041.8000,3042.0000,3042.2000,3043.2000,3045.0000,1,1,2,1,3,4,4,1,1,2
SF,IH2003,2019-12-18 09:32:28.200,3041.8000,20869,0,143145300.000,1,0,1,多换,S,3041.2000,3041.0000,3040.8000,3040.6000,3040.0000,3041.8000,3042.0000,3042.2000,3043.2000,3045.0000,1,1,2,1,3,3,4,1,1,2
SF,IH2003,2019-12-18 09:32:28.700,3041.8000,20869,0,143145300.000,0,-,-,-,-,3041.2000,3041.0000,3040.8000,3040.6000,3040.0000,3041.8000,3042.0000,3042.2000,3043.2000,3045.0000,1,1,2,1,3,3,3,1,1,2
SF,IH2003,2019-12-18 09:32:29.200,3041.8000,20869,0,143145300.000,0,-,-,-,-,3041.2000,3041.0000,3040.8000,3040.6000,3040.0000,3041.8000,3042.0000,3042.2000,3043.2000,3045.0000,1,1,3,1,3,3,4,1,1,2
SF,IH2003,2019-12-18 09:32:29.700,3041.8000,20869,0,143145300.000,0,-,-,-,-,3041.2000,3041.0000,3040.8000,3040.6000,3040.0000,3041.8000,3042.0000,3042.2000,3043.2000,3045.0000,1,1,3,1,3,3,3,1,1,2
SF,IH2003,2019-12-18 09:32:30.700,3041.2000,20867,-2,144970200.000,2,0,2,双平,S,3041.0000,3040.8000,3040.6000,3040.0000,3039.8000,3041.8000,3042.0000,3042.2000,3043.2000,3045.0000,1,3,1,4,1,2,4,1,1,2
SF,IH2003,2019-12-18 09:32:31.200,3041.8000,20867,0,146795280.000,2,1,1,多换,S,3041.2000,3041.0000,3040.8000,3040.6000,3040.0000,3042.0000,3042.2000,3043.2000,3045.0000,3045.8000,2,2,3,1,7,2,1,1,2,1
SF,IH2003,2019-12-18 09:32:31.700,3041.8000,20867,0,146795280.000,0,-,-,-,-,3041.8000,3041.2000,3041.0000,3040.8000,3040.6000,3042.0000,3042.2000,3043.2000,3045.0000,3045.8000,1,2,2,3,1,2,1,1,2,1
SF,IH2003,2019-12-18 09:32:32.200,3041.8000,20867,0,146795280.000,0,-,-,-,-,3041.8000,3041.2000,3041.0000,3040.8000,3040.6000,3042.0000,3042.2000,3043.2000,3045.0000,3045.8000,1,1,2,3,1,2,1,1,2,1
SF,IH2003,2019-12-18 09:32:32.700,3042.0000,20866,-1,148620480.000,2,0,2,多平,S,3041.8000,3041.2000,3041.0000,3040.8000,3040.6000,3043.2000,3045.0000,3045.8000,3046.6000,3046.8000,1,1,2,3,1,1,2,1,1,1
SF,IH2003,2019-12-18 09:32:33.200,3042.0000,20866,0,148620480.000,0,-,-,-,-,3042.0000,3041.8000,3041.2000,3041.0000,3040.8000,3042.4000,3042.8000,3043.0000,3043.2000,3045.0000,1,1,1,1,3,2,5,9,1,2
SF,IH2003,2019-12-18 09:32:33.700,3042.0000,20866,0,148620480.000,0,-,-,-,-,3042.0000,3041.8000,3041.2000,3041.0000,3040.8000,3042.8000,3043.0000,3043.2000,3045.0000,3045.8000,1,1,1,1,3,5,8,1,2,1
SF,IH2003,2019-12-18 09:32:34.200,3042.0000,20865,-1,149533080.000,1,0,1,双平,S,3041.8000,3041.2000,3041.0000,3040.8000,3040.6000,3042.2000,3042.8000,3043.0000,3043.2000,3045.0000,1,1,1,3,1,1,5,8,1,2
SF,IH2003,2019-12-18 09:32:34.700,3041.8000,20865,0,150445620.000,1,0,1,多换,S,3041.2000,3041.0000,3040.8000,3040.6000,3040.0000,3041.8000,3042.0000,3042.2000,3042.8000,3043.0000,1,1,3,1,4,1,2,1,5,8
SF,IH2003,2019-12-18 09:32:35.200,3041.8000,20865,0,150445620.000,0,-,-,-,-,3041.4000,3041.2000,3041.0000,3040.8000,3040.6000,3042.0000,3042.2000,3042.8000,3043.0000,3043.2000,1,1,1,3,1,1,1,5,8,1
SF,IH2003,2019-12-18 09:32:35.700,3041.8000,20865,0,150445620.000,0,-,-,-,-,3041.2000,3041.0000,3040.8000,3040.6000,3040.0000,3042.2000,3042.8000,3043.0000,3043.2000,3045.0000,1,1,3,1,4,1,5,8,1,2
SF,IH2003,2019-12-18 09:32:36.200,3042.2000,20865,0,151358280.000,1,0,1,多换,S,3042.2000,3042.0000,3041.4000,3041.2000,3041.0000,3042.8000,3043.0000,3043.2000,3045.0000,3045.8000,6,2,1,1,1,5,8,1,2,1
SF,IH2003,2019-12-18 09:32:36.700,3042.0000,20865,0,157746840.000,7,3,4,多换,S,3042.0000,3041.2000,3041.0000,3040.8000,3040.6000,3042.2000,3042.6000,3042.8000,3043.0000,3043.2000,1,1,1,3,1,1,1,5,8,1
SF,IH2003,2019-12-18 09:32:37.200,3042.0000,20865,0,157746840.000,0,-,-,-,-,3042.0000,3041.2000,3041.0000,3040.8000,3040.6000,3042.2000,3042.8000,3043.0000,3043.2000,3045.0000,1,1,1,3,1,1,5,8,1,2
SF,IH2003,2019-12-18 09:32:37.700,3042.0000,20865,0,158659440.000,1,0,1,多换,S,3041.2000,3041.0000,3040.8000,3040.6000,3040.0000,3042.2000,3042.8000,3043.0000,3043.2000,3045.0000,1,1,3,1,4,1,5,8,1,2
SF,IH2003,2019-12-18 09:32:38.200,3042.8000,20865,0,159572280.000,1,0,1,多换,S,3041.4000,3041.2000,3041.0000,3040.8000,3040.6000,3042.8000,3043.0000,3043.2000,3045.0000,3045.8000,1,1,1,3,1,4,8,1,2,1
SF,IH2003,2019-12-18 09:32:38.700,3042.8000,20865,0,159572280.000,0,-,-,-,-,3041.6000,3041.2000,3041.0000,3040.8000,3040.6000,3042.8000,3043.0000,3043.2000,3045.0000,3045.8000,3,1,1,3,1,4,8,1,2,1
SF,IH2003,2019-12-18 09:32:39.200,3042.8000,20865,0,159572280.000,0,-,-,-,-,3041.6000,3041.2000,3041.0000,3040.8000,3040.6000,3042.6000,3042.8000,3043.0000,3043.2000,3045.0000,3,1,1,3,1,1,5,8,1,2
SF,IH2003,2019-12-18 09:32:39.700,3042.8000,20865,0,159572280.000,0,-,-,-,-,3041.6000,3041.2000,3041.0000,3040.8000,3040.6000,3042.6000,3042.8000,3043.0000,3043.2000,3045.0000,3,1,1,3,1,2,4,8,1,2
SF,IH2003,2019-12-18 09:32:40.200,3042.8000,20865,0,159572280.000,0,-,-,-,-,3041.6000,3041.2000,3041.0000,3040.8000,3040.6000,3042.6000,3042.8000,3043.0000,3043.2000,3045.0000,1,1,1,3,1,2,4,8,1,2
SF,IH2003,2019-12-18 09:32:40.700,3042.8000,20865,0,159572280.000,0,-,-,-,-,3041.8000,3041.2000,3041.0000,3040.8000,3040.6000,3042.4000,3042.6000,3042.8000,3043.0000,3043.2000,1,1,1,3,1,1,2,4,8,1
SF,IH2003,2019-12-18 09:32:41.200,3041.8000,20864,-1,160484820.000,1,0,1,双平,S,3041.2000,3041.0000,3040.8000,3040.6000,3040.0000,3041.8000,3042.4000,3042.6000,3043.0000,3043.2000,1,1,3,1,4,1,6,1,8,1
SF,IH2003,2019-12-18 09:32:41.700,3041.8000,20864,0,160484820.000,0,-,-,-,-,3041.2000,3041.0000,3040.8000,3040.6000,3040.0000,3042.4000,3042.6000,3043.0000,3043.2000,3045.0000,1,1,3,1,4,5,1,8,1,2
SF,IH2003,2019-12-18 09:32:42.200,3042.4000,20860,-4,164135580.000,4,0,4,双平,S,3041.4000,3041.2000,3041.0000,3040.8000,3040.6000,3042.4000,3042.6000,3043.0000,3043.2000,3045.0000,3,1,1,3,1,3,1,8,1,2
SF,IH2003,2019-12-18 09:32:42.700,3042.4000,20860,0,164135580.000,0,-,-,-,-,3041.8000,3041.4000,3041.2000,3041.0000,3040.8000,3042.0000,3042.2000,3042.4000,3043.0000,3043.2000,1,3,1,1,3,1,1,1,8,1
SF,IH2003,2019-12-18 09:32:43.200,3042.2000,20858,-2,165960840.000,2,0,2,双平,S,3042.2000,3042.0000,3041.8000,3041.4000,3041.2000,3042.4000,3043.0000,3043.2000,3045.0000,3045.8000,1,4,1,3,1,1,8,1,2,1
SF,IH2003,2019-12-18 09:32:43.700,3042.4000,20857,-1,166873560.000,1,0,1,双平,S,3042.2000,3042.0000,3041.8000,3041.4000,3041.2000,3043.0000,3043.2000,3045.0000,3045.8000,3046.6000,1,4,1,4,1,8,1,2,1,1
SF,IH2003,2019-12-18 09:32:44.200,3042.4000,20857,0,166873560.000,0,-,-,-,-,3042.0000,3041.8000,3041.4000,3041.2000,3041.0000,3042.6000,3043.0000,3043.2000,3045.0000,3045.8000,4,1,4,1,1,2,8,1,2,1
SF,IH2003,2019-12-18 09:32:44.700,3042.4000,20857,0,166873560.000,0,-,-,-,-,3042.0000,3041.8000,3041.4000,3041.2000,3041.0000,3042.6000,3043.0000,3043.2000,3045.0000,3045.8000,4,1,4,1,1,2,8,1,2,1
SF,IH2003,2019-12-18 09:32:46.200,3042.4000,20857,0,166873560.000,0,-,-,-,-,3042.0000,3041.8000,3041.6000,3041.4000,3041.2000,3042.6000,3043.0000,3043.2000,3045.0000,3045.8000,4,2,1,4,1,2,8,1,2,1
SF,IH2003,2019-12-18 09:32:47.200,3042.4000,20857,0,166873560.000,0,-,-,-,-,3042.0000,3041.8000,3041.6000,3041.4000,3041.2000,3042.6000,3043.0000,3043.2000,3045.0000,3045.8000,4,2,1,4,3,2,8,1,2,1
SF,IH2003,2019-12-18 09:32:47.700,3042.4000,20857,0,166873560.000,0,-,-,-,-,3042.0000,3041.8000,3041.6000,3041.4000,3041.2000,3042.6000,3043.0000,3043.2000,3045.0000,3045.8000,4,2,1,4,3,2,7,1,2,1
SF,IH2003,2019-12-18 09:32:48.200,3042.6000,20855,-2,168699120.000,2,0,2,双平,S,3042.6000,3042.0000,3041.8000,3041.6000,3041.4000,3043.0000,3043.2000,3045.0000,3045.8000,3046.6000,2,4,2,1,4,7,1,2,1,1
SF,IH2003,2019-12-18 09:32:48.700,3042.6000,20855,0,168699120.000,0,-,-,-,-,3043.0000,3042.6000,3042.0000,3041.8000,3041.6000,3043.2000,3045.0000,3045.8000,3046.6000,3046.8000,2,2,2,2,1,1,2,1,1,1
SF,IH2003,2019-12-18 09:32:49.200,3043.2000,20855,0,169612080.000,1,0,1,多换,S,3043.4000,3043.2000,3043.0000,3042.6000,3042.2000,3045.0000,3045.8000,3046.6000,3046.8000,3047.0000,1,4,1,2,1,2,1,1,1,4
SF,IH2003,2019-12-18 09:32:49.700,3043.2000,20853,-2,171438060.000,2,0,2,双平,S,3043.2000,3043.0000,3042.6000,3042.2000,3042.0000,3043.4000,3044.2000,3044.6000,3044.8000,3045.0000,2,1,2,1,2,1,1,6,6,5
SF,IH2003,2019-12-18 09:32:50.200,3043.4000,20851,-2,173264100.000,2,0,2,双平,S,3043.6000,3043.4000,3043.0000,3042.6000,3042.2000,3044.6000,3044.8000,3045.0000,3045.8000,3046.6000,1,3,1,2,1,6,3,5,1,1
SF,IH2003,2019-12-18 09:32:50.700,3043.4000,20850,-1,174177120.000,1,0,1,双平,S,3043.4000,3043.0000,3042.6000,3042.2000,3042.0000,3044.4000,3044.6000,3044.8000,3045.0000,3045.8000,1,1,2,1,2,3,6,2,5,1
SF,IH2003,2019-12-18 09:32:51.200,3044.2000,20850,0,176003640.000,2,1,1,多换,S,3043.4000,3043.0000,3042.6000,3042.2000,3042.0000,3044.2000,3044.4000,3044.8000,3045.0000,3045.8000,1,1,2,1,2,4,4,1,5,1
SF,IH2003,2019-12-18 09:32:51.700,3044.2000,20850,0,176003640.000,0,-,-,-,-,3043.4000,3043.0000,3042.6000,3042.2000,3042.0000,3044.2000,3044.4000,3044.8000,3045.0000,3045.8000,1,1,2,1,3,4,3,1,5,1
SF,IH2003,2019-12-18 09:32:52.200,3044.2000,20849,-1,176916900.000,1,0,1,双平,S,3043.4000,3043.0000,3042.6000,3042.2000,3042.0000,3044.2000,3044.4000,3044.8000,3045.0000,3045.8000,1,1,2,1,3,3,1,1,5,1
SF,IH2003,2019-12-18 09:32:52.700,3044.2000,20849,0,176916900.000,0,-,-,-,-,3044.2000,3043.4000,3043.0000,3042.6000,3042.2000,3044.4000,3044.8000,3045.0000,3045.8000,3046.6000,1,1,1,2,1,1,1,5,1,1
SF,IH2003,2019-12-18 09:32:53.200,3044.2000,20849,0,177830160.000,1,0,1,多换,S,3043.6000,3043.0000,3042.6000,3042.2000,3042.0000,3044.0000,3044.2000,3044.4000,3044.8000,3045.0000,1,1,2,1,3,1,4,1,1,5
SF,IH2003,2019-12-18 09:32:53.700,3044.2000,20849,0,177830160.000,0,-,-,-,-,3043.6000,3043.0000,3042.6000,3042.2000,3042.0000,3044.0000,3044.2000,3044.4000,3044.8000,3045.0000,1,1,2,1,3,1,3,1,1,5
SF,IH2003,2019-12-18 09:32:54.200,3043.6000,20848,-1,178743240.000,1,0,1,双平,S,3043.0000,3042.6000,3042.2000,3042.0000,3041.8000,3044.0000,3044.2000,3044.4000,3044.8000,3045.0000,1,2,1,3,2,1,3,1,1,5
SF,IH2003,2019-12-18 09:32:54.700,3043.6000,20848,0,178743240.000,0,-,-,-,-,3043.0000,3042.6000,3042.2000,3042.0000,3041.8000,3043.8000,3044.0000,3044.2000,3044.8000,3045.0000,1,2,1,3,2,4,1,3,1,5
SF,IH2003,2019-12-18 09:32:55.200,3044.0000,20848,0,179656440.000,1,0,1,多换,S,3043.0000,3042.6000,3042.2000,3042.0000,3041.8000,3044.2000,3044.8000,3045.0000,3045.8000,3046.6000,1,2,1,3,2,3,1,5,1,1
SF,IH2003,2019-12-18 09:32:55.700,3044.0000,20848,0,179656440.000,0,-,-,-,-,3042.6000,3042.2000,3042.0000,3041.8000,3041.6000,3044.0000,3044.2000,3044.8000,3045.0000,3045.8000,2,1,3,2,1,2,3,1,5,1
SF,IH2003,2019-12-18 09:32:56.200,3044.0000,20848,0,179656440.000,0,-,-,-,-,3042.8000,3042.6000,3042.2000,3042.0000,3041.8000,3044.0000,3044.2000,3044.8000,3045.0000,3045.8000,2,2,1,3,2,2,3,1,5,1
SF,IH2003,2019-12-18 09:32:56.700,3044.2000,20848,0,180569700.000,1,0,1,多换,S,3042.8000,3042.6000,3042.2000,3042.0000,3041.8000,3044.2000,3044.8000,3045.0000,3045.8000,3046.6000,4,2,1,3,1,2,1,5,1,1
SF,IH2003,2019-12-18 09:32:57.200,3044.2000,20848,0,180569700.000,0,-,-,-,-,3042.8000,3042.6000,3042.2000,3042.0000,3041.8000,3044.0000,3044.2000,3044.8000,3045.0000,3045.8000,4,2,1,3,1,4,2,1,5,1
SF,IH2003,2019-12-18 09:32:57.700,3044.2000,20848,0,180569700.000,0,-,-,-,-,3042.8000,3042.6000,3042.2000,3042.0000,3041.8000,3044.2000,3044.8000,3045.0000,3045.8000,3046.6000,4,2,1,3,1,2,1,5,1,1
SF,IH2003,2019-12-18 09:32:58.200,3044.2000,20848,0,181482960.000,1,0,1,多换,S,3042.8000,3042.6000,3042.2000,3042.0000,3041.8000,3043.8000,3044.2000,3044.8000,3045.0000,3045.8000,2,2,1,3,1,1,2,1,5,1
SF,IH2003,2019-12-18 09:32:58.700,3044.2000,20848,0,181482960.000,0,-,-,-,-,3042.8000,3042.6000,3042.2000,3042.0000,3041.8000,3043.8000,3044.2000,3044.8000,3045.0000,3045.8000,2,2,1,3,1,1,2,1,5,1
SF,IH2003,2019-12-18 09:32:59.200,3044.2000,20848,0,181482960.000,0,-,-,-,-,3043.0000,3042.8000,3042.6000,3042.2000,3042.0000,3044.2000,3044.8000,3045.0000,3045.8000,3046.6000,1,2,2,1,3,2,1,5,1,1
SF,IH2003,2019-12-18 09:32:59.700,3044.2000,20848,0,183309480.000,2,1,1,多换,S,3043.0000,3042.8000,3042.6000,3042.2000,3042.0000,3044.8000,3045.0000,3045.8000,3046.6000,3046.8000,2,1,2,1,3,1,5,1,1,1
SF,IH2003,2019-12-18 09:33:00.200,3043.8000,20848,0,184222620.000,1,0,1,多换,S,3043.2000,3043.0000,3042.8000,3042.6000,3042.2000,3044.4000,3044.6000,3044.8000,3045.0000,3045.8000,1,1,1,2,1,3,3,1,5,1
SF,IH2003,2019-12-18 09:33:00.700,3043.8000,20848,0,184222620.000,0,-,-,-,-,3042.6000,3042.2000,3042.0000,3041.8000,3041.6000,3044.2000,3044.4000,3044.6000,3044.8000,3045.0000,3,1,4,3,1,2,3,3,3,5
SF,IH2003,2019-12-18 09:33:01.200,3043.8000,20848,0,184222620.000,0,-,-,-,-,3042.8000,3042.6000,3042.2000,3042.0000,3041.8000,3043.8000,3044.0000,3044.2000,3044.6000,3044.8000,1,3,1,4,3,3,2,2,2,3
SF,IH2003,2019-12-18 09:33:01.700,3043.6000,20846,-2,186048540.000,2,0,2,双平,S,3042.6000,3042.2000,3042.0000,3041.8000,3041.6000,3043.6000,3043.8000,3044.0000,3044.6000,3044.8000,3,1,4,3,1,3,3,2,2,3
SF,IH2003,2019-12-18 09:33:02.200,3042.6000,20844,-2,187874100.000,2,0,2,双平,S,3042.2000,3042.0000,3041.8000,3041.6000,3041.4000,3043.2000,3043.6000,3044.0000,3044.6000,3044.8000,1,4,4,1,3,3,5,2,2,3
SF,IH2003,2019-12-18 09:33:02.700,3042.6000,20844,0,187874100.000,0,-,-,-,-,3042.2000,3042.0000,3041.8000,3041.6000,3041.4000,3043.0000,3043.2000,3043.6000,3044.0000,3044.6000,1,4,3,1,3,2,3,3,1,1
SF,IH2003,2019-12-18 09:33:03.200,3042.6000,20844,0,187874100.000,0,-,-,-,-,3042.2000,3042.0000,3041.8000,3041.6000,3041.4000,3042.8000,3043.0000,3043.6000,3044.0000,3044.6000,2,4,3,1,3,3,1,2,1,1
SF,IH2003,2019-12-18 09:33:03.700,3042.8000,20842,-2,189699780.000,2,0,2,双平,S,3042.4000,3042.2000,3042.0000,3041.8000,3041.6000,3042.8000,3043.0000,3043.6000,3043.8000,3044.0000,1,3,4,3,1,1,1,2,1,1
SF,IH2003,2019-12-18 09:33:04.200,3042.8000,20841,-1,190612620.000,1,0,1,双平,S,3042.8000,3042.4000,3042.2000,3042.0000,3041.8000,3043.0000,3043.6000,3043.8000,3044.0000,3044.8000,5,1,2,4,4,1,1,1,1,3
SF,IH2003,2019-12-18 09:33:04.700,3043.0000,20840,-1,192438420.000,2,0,2,多平,S,3043.0000,3042.8000,3042.6000,3042.4000,3042.2000,3043.6000,3043.8000,3044.0000,3044.8000,3045.0000,1,4,1,1,2,1,1,1,3,5
SF,IH2003,2019-12-18 09:33:05.200,3043.0000,20840,0,192438420.000,0,-,-,-,-,3043.0000,3042.8000,3042.6000,3042.4000,3042.2000,3043.4000,3043.6000,3043.8000,3044.0000,3044.8000,1,2,1,1,1,1,1,1,1,3
SF,IH2003,2019-12-18 09:33:05.700,3043.0000,20840,0,192438420.000,0,-,-,-,-,3042.8000,3042.6000,3042.4000,3042.2000,3042.0000,3043.4000,3043.6000,3043.8000,3044.0000,3044.8000,2,1,1,1,3,1,1,1,1,3
SF,IH2003,2019-12-18 09:33:06.200,3042.8000,20840,0,193351260.000,1,0,1,多换,S,3042.8000,3042.6000,3042.4000,3042.2000,3042.0000,3043.4000,3043.6000,3043.8000,3044.0000,3044.8000,1,1,1,1,3,1,1,1,1,3
SF,IH2003,2019-12-18 09:33:06.700,3042.8000,20840,0,193351260.000,0,-,-,-,-,3042.8000,3042.6000,3042.4000,3042.2000,3042.0000,3043.4000,3043.6000,3043.8000,3044.0000,3044.8000,1,1,1,1,3,1,1,1,1,3
SF,IH2003,2019-12-18 09:33:07.200,3042.8000,20840,0,193351260.000,0,-,-,-,-,3042.8000,3042.6000,3042.4000,3042.2000,3042.0000,3043.2000,3043.4000,3043.6000,3043.8000,3044.0000,1,1,1,2,3,1,1,1,1,1
SF,IH2003,2019-12-18 09:33:07.700,3042.8000,20840,0,193351260.000,0,-,-,-,-,3042.8000,3042.6000,3042.4000,3042.2000,3042.0000,3043.2000,3043.4000,3043.6000,3043.8000,3044.0000,1,1,1,2,3,1,1,1,1,1
SF,IH2003,2019-12-18 09:33:08.200,3042.8000,20839,-1,194264100.000,1,0,1,双平,S,3042.6000,3042.4000,3042.2000,3042.0000,3041.8000,3043.2000,3043.4000,3043.6000,3043.8000,3044.0000,1,1,2,3,4,1,1,1,1,1
SF,IH2003,2019-12-18 09:33:09.200,3043.2000,20838,-1,195177060.000,1,0,1,双平,S,3042.6000,3042.4000,3042.2000,3042.0000,3041.8000,3043.4000,3043.6000,3043.8000,3044.0000,3044.8000,1,1,2,3,4,1,1,1,1,3
SF,IH2003,2019-12-18 09:33:09.700,3043.2000,20838,0,195177060.000,0,-,-,-,-,3042.6000,3042.4000,3042.2000,3042.0000,3041.8000,3043.4000,3043.6000,3044.0000,3044.8000,3045.0000,1,1,2,3,4,1,1,1,3,5
SF,IH2003,2019-12-18 09:33:10.200,3043.2000,20838,0,195177060.000,0,-,-,-,-,3043.2000,3042.6000,3042.4000,3042.2000,3042.0000,3043.4000,3043.6000,3044.0000,3044.8000,3045.0000,1,1,1,2,3,1,1,1,3,5
SF,IH2003,2019-12-18 09:33:10.700,3043.2000,20838,0,196090020.000,1,0,1,多换,S,3042.6000,3042.4000,3042.2000,3042.0000,3041.8000,3043.0000,3043.2000,3043.4000,3043.6000,3044.0000,1,1,2,3,4,2,5,1,1,1
SF,IH2003,2019-12-18 09:33:11.200,3042.6000,20838,0,197002800.000,1,0,1,多换,S,3042.4000,3042.2000,3042.0000,3041.8000,3041.6000,3043.0000,3043.2000,3043.6000,3044.0000,3044.8000,1,2,3,4,1,2,4,1,1,3
SF,IH2003,2019-12-18 09:33:11.700,3042.6000,20838,0,197002800.000,0,-,-,-,-,3042.4000,3042.2000,3042.0000,3041.8000,3041.6000,3042.8000,3043.0000,3043.2000,3043.6000,3044.0000,1,2,3,4,1,1,2,1,1,1
SF,IH2003,2019-12-18 09:33:12.200,3042.4000,20837,-1,197915520.000,1,0,1,双平,S,3042.2000,3042.0000,3041.8000,3041.6000,3041.4000,3042.4000,3042.8000,3043.0000,3043.2000,3043.6000,2,3,4,1,3,2,1,2,1,1
SF,IH2003,2019-12-18 09:33:12.700,3042.4000,20835,-2,199740960.000,2,0,2,双平,S,3042.6000,3042.4000,3042.2000,3042.0000,3041.8000,3042.8000,3043.0000,3043.2000,3043.6000,3044.0000,2,3,2,3,4,1,1,1,1,1
SF,IH2003,2019-12-18 09:33:13.200,3042.8000,20834,-1,201566580.000,2,0,2,多平,S,3042.6000,3042.4000,3042.2000,3042.0000,3041.8000,3043.0000,3043.2000,3043.6000,3044.0000,3044.8000,1,2,2,3,4,1,1,1,1,3
SF,IH2003,2019-12-18 09:33:14.200,3042.6000,20833,-1,202479360.000,1,0,1,双平,S,3042.4000,3042.2000,3042.0000,3041.8000,3041.6000,3042.6000,3043.0000,3043.2000,3043.6000,3044.0000,2,2,3,4,1,1,2,1,1,1
SF,IH2003,2019-12-18 09:33:14.700,3042.6000,20832,-1,203392140.000,1,0,1,双平,S,3042.8000,3042.4000,3042.2000,3042.0000,3041.8000,3043.0000,3043.2000,3043.6000,3044.0000,3044.8000,1,2,2,3,4,2,1,1,1,3
SF,IH2003,2019-12-18 09:33:15.200,3042.8000,20831,-1,204304980.000,1,0,1,双平,S,3042.6000,3042.4000,3042.2000,3042.0000,3041.8000,3043.0000,3043.2000,3043.6000,3044.0000,3044.8000,1,2,2,3,4,2,1,1,1,3
SF,IH2003,2019-12-18 09:33:15.700,3042.8000,20831,0,204304980.000,0,-,-,-,-,3042.6000,3042.4000,3042.2000,3042.0000,3041.8000,3042.8000,3043.0000,3043.2000,3043.6000,3044.0000,1,2,2,3,4,3,2,1,1,1
SF,IH2003,2019-12-18 09:33:16.200,3042.8000,20831,0,205217820.000,1,0,1,多换,S,3042.4000,3042.2000,3042.0000,3041.8000,3041.6000,3042.8000,3043.0000,3043.2000,3043.6000,3044.0000,2,2,3,4,1,2,2,1,1,1
SF,IH2003,2019-12-18 09:33:17.200,3042.8000,20831,0,207043500.000,2,1,1,多换,S,3042.4000,3042.2000,3042.0000,3041.8000,3041.6000,3043.0000,3043.2000,3043.6000,3044.0000,3044.8000,2,2,3,4,1,2,1,1,1,3
SF,IH2003,2019-12-18 09:33:17.700,3042.8000,20831,0,207043500.000,0,-,-,-,-,3042.4000,3042.2000,3042.0000,3041.8000,3041.6000,3043.0000,3043.2000,3043.6000,3044.0000,3044.8000,2,2,3,4,1,1,1,1,1,3
SF,IH2003,2019-12-18 09:33:18.200,3043.0000,20832,1,207956400.000,1,1,0,双开,S,3042.4000,3042.2000,3042.0000,3041.8000,3041.6000,3043.2000,3043.6000,3044.0000,3044.8000,3045.0000,2,2,3,4,1,1,1,1,3,5
SF,IH2003,2019-12-18 09:33:18.700,3043.0000,20832,0,207956400.000,0,-,-,-,-,3043.0000,3042.6000,3042.4000,3042.2000,3042.0000,3043.6000,3044.0000,3044.8000,3045.0000,3045.8000,1,1,2,2,3,1,1,3,5,1
SF,IH2003,2019-12-18 09:33:19.200,3043.0000,20832,0,207956400.000,0,-,-,-,-,3042.6000,3042.4000,3042.2000,3042.0000,3041.8000,3044.0000,3044.8000,3045.0000,3045.8000,3046.6000,1,2,2,3,4,1,3,5,1,1
SF,IH2003,2019-12-18 09:33:19.700,3043.0000,20832,0,207956400.000,0,-,-,-,-,3042.8000,3042.6000,3042.4000,3042.2000,3042.0000,3043.8000,3044.0000,3044.8000,3045.0000,3045.8000,1,1,2,2,3,3,1,3,5,1
SF,IH2003,2019-12-18 09:33:20.200,3043.0000,20832,0,207956400.000,0,-,-,-,-,3043.0000,3042.8000,3042.4000,3042.2000,3042.0000,3043.8000,3044.0000,3044.8000,3045.0000,3045.8000,1,1,3,2,3,3,1,3,5,1
SF,IH2003,2019-12-18 09:33:20.700,3043.0000,20832,0,207956400.000,0,-,-,-,-,3043.0000,3042.8000,3042.4000,3042.2000,3042.0000,3044.0000,3045.0000,3045.8000,3046.6000,3046.8000,1,1,3,2,3,1,5,1,1,1
SF,IH2003,2019-12-18 09:33:21.200,3043.0000,20832,0,207956400.000,0,-,-,-,-,3043.0000,3042.8000,3042.4000,3042.2000,3042.0000,3044.0000,3045.0000,3045.8000,3046.6000,3046.8000,1,1,3,2,3,1,5,1,1,1
SF,IH2003,2019-12-18 09:33:21.700,3043.0000,20832,0,207956400.000,0,-,-,-,-,3043.0000,3042.8000,3042.4000,3042.2000,3042.0000,3044.0000,3045.0000,3045.8000,3046.6000,3046.8000,1,2,3,2,3,1,5,1,1,1
SF,IH2003,2019-12-18 09:33:22.200,3043.0000,20832,0,207956400.000,0,-,-,-,-,3043.0000,3042.4000,3042.2000,3042.0000,3041.8000,3044.0000,3045.0000,3045.8000,3046.6000,3046.8000,1,4,2,3,3,1,5,1,1,1
SF,IH2003,2019-12-18 09:33:22.700,3043.0000,20832,0,207956400.000,0,-,-,-,-,3043.8000,3043.0000,3042.4000,3042.2000,3042.0000,3044.0000,3045.0000,3045.8000,3046.6000,3046.8000,1,1,4,2,3,1,5,1,1,1
SF,IH2003,2019-12-18 09:33:23.200,3043.8000,20832,0,208869540.000,1,0,1,多换,S,3042.4000,3042.2000,3042.0000,3041.8000,3041.6000,3043.4000,3043.6000,3043.8000,3044.0000,3045.0000,4,2,3,3,1,2,2,8,1,5
SF,IH2003,2019-12-18 09:33:23.700,3043.8000,20832,0,208869540.000,0,-,-,-,-,3042.6000,3042.4000,3042.2000,3042.0000,3041.8000,3043.4000,3043.6000,3043.8000,3044.0000,3045.0000,1,3,2,4,3,2,1,5,1,5
SF,IH2003,2019-12-18 09:33:24.200,3043.8000,20832,0,208869540.000,0,-,-,-,-,3042.6000,3042.4000,3042.2000,3042.0000,3041.8000,3043.4000,3043.8000,3044.0000,3045.0000,3045.8000,1,3,2,4,3,2,3,1,5,1
SF,IH2003,2019-12-18 09:33:25.200,3043.8000,20832,0,208869540.000,0,-,-,-,-,3042.6000,3042.4000,3042.2000,3042.0000,3041.8000,3043.8000,3044.0000,3045.0000,3045.8000,3046.6000,1,3,2,4,3,3,1,5,1,1
SF,IH2003,2019-12-18 09:33:25.700,3043.8000,20832,0,208869540.000,0,-,-,-,-,3042.8000,3042.6000,3042.4000,3042.2000,3042.0000,3043.8000,3044.0000,3045.0000,3045.8000,3046.6000,2,1,3,2,4,3,1,5,1,1
SF,IH2003,2019-12-18 09:33:27.200,3043.8000,20832,0,208869540.000,0,-,-,-,-,3043.4000,3042.8000,3042.6000,3042.4000,3042.2000,3043.8000,3044.0000,3045.0000,3045.8000,3046.6000,1,2,1,3,2,3,1,5,1,1
SF,IH2003,2019-12-18 09:33:27.700,3043.4000,20832,0,209782560.000,1,0,1,多换,S,3042.6000,3042.4000,3042.2000,3042.0000,3041.8000,3043.4000,3043.8000,3044.0000,3045.0000,3045.8000,1,3,2,4,3,3,1,1,5,1
SF,IH2003,2019-12-18 09:33:28.200,3043.4000,20832,0,209782560.000,0,-,-,-,-,3042.6000,3042.4000,3042.2000,3042.0000,3041.8000,3043.4000,3043.8000,3044.0000,3045.0000,3045.8000,1,3,2,4,3,2,1,1,5,1
SF,IH2003,2019-12-18 09:33:28.700,3043.4000,20832,0,210695580.000,1,0,1,多换,S,3042.6000,3042.4000,3042.2000,3042.0000,3041.8000,3043.4000,3043.8000,3044.0000,3045.0000,3045.8000,1,3,2,4,3,1,1,1,5,1
SF,IH2003,2019-12-18 09:33:30.700,3043.4000,20832,0,210695580.000,0,-,-,-,-,3043.4000,3042.6000,3042.4000,3042.2000,3042.0000,3043.8000,3044.0000,3045.0000,3045.8000,3046.6000,2,1,3,2,4,1,1,5,1,1
SF,IH2003,2019-12-18 09:33:31.200,3043.4000,20832,0,212521620.000,2,1,1,多换,S,3042.6000,3042.4000,3042.2000,3042.0000,3041.8000,3043.8000,3044.0000,3045.0000,3045.8000,3046.6000,1,3,2,4,3,1,1,5,1,1
SF,IH2003,2019-12-18 09:33:31.700,3043.4000,20832,0,212521620.000,0,-,-,-,-,3042.6000,3042.4000,3042.2000,3042.0000,3041.8000,3043.6000,3043.8000,3044.0000,3045.0000,3045.8000,1,3,2,4,3,1,2,1,5,1
SF,IH2003,2019-12-18 09:33:32.700,3043.8000,20831,-1,213434760.000,1,0,1,双平,S,3042.6000,3042.4000,3042.2000,3042.0000,3041.8000,3043.8000,3044.0000,3045.0000,3045.8000,3046.6000,2,3,2,4,3,1,1,5,1,1
SF,IH2003,2019-12-18 09:33:33.200,3043.8000,20831,0,213434760.000,0,-,-,-,-,3042.8000,3042.6000,3042.4000,3042.2000,3042.0000,3043.6000,3043.8000,3044.0000,3045.0000,3045.8000,1,2,3,2,4,2,1,1,5,1
SF,IH2003,2019-12-18 09:33:33.700,3042.8000,20830,-1,214347600.000,1,0,1,双平,S,3042.6000,3042.4000,3042.2000,3042.0000,3041.8000,3043.8000,3044.0000,3045.0000,3045.8000,3046.6000,2,3,2,4,3,1,1,5,1,1
SF,IH2003,2019-12-18 09:33:34.200,3042.8000,20830,0,214347600.000,0,-,-,-,-,3042.8000,3042.6000,3042.4000,3042.2000,3042.0000,3043.8000,3044.0000,3045.0000,3045.8000,3046.6000,1,2,3,2,4,1,1,5,1,1
SF,IH2003,2019-12-18 09:33:34.700,3042.8000,20830,0,214347600.000,0,-,-,-,-,3043.0000,3042.8000,3042.6000,3042.4000,3042.2000,3043.8000,3044.0000,3045.0000,3045.8000,3046.6000,1,1,2,3,2,1,1,5,1,1
SF,IH2003,2019-12-18 09:33:35.200,3042.8000,20830,0,214347600.000,0,-,-,-,-,3043.0000,3042.6000,3042.4000,3042.2000,3042.0000,3043.8000,3044.0000,3045.0000,3045.8000,3046.6000,1,2,3,2,3,1,1,5,1,1
SF,IH2003,2019-12-18 09:33:35.700,3042.8000,20830,0,214347600.000,0,-,-,-,-,3043.6000,3043.0000,3042.6000,3042.4000,3042.2000,3043.8000,3044.0000,3045.0000,3045.8000,3046.6000,1,1,2,3,2,1,1,5,1,1
SF,IH2003,2019-12-18 09:33:36.200,3043.0000,20830,0,216173580.000,2,1,1,多换,S,3042.6000,3042.4000,3042.2000,3042.0000,3041.8000,3043.6000,3043.8000,3044.0000,3045.0000,3045.8000,2,3,2,3,3,1,1,2,5,1
SF,IH2003,2019-12-18 09:33:36.700,3043.8000,20829,-1,217086720.000,1,0,1,双平,S,3043.6000,3042.8000,3042.6000,3042.4000,3042.2000,3044.0000,3045.0000,3045.8000,3046.6000,3046.8000,2,1,2,3,2,2,5,1,1,1
SF,IH2003,2019-12-18 09:33:37.200,3043.8000,20829,0,217086720.000,0,-,-,-,-,3042.8000,3042.6000,3042.4000,3042.2000,3042.0000,3043.8000,3044.0000,3045.0000,3045.8000,3046.6000,1,2,3,2,3,1,2,5,1,1
SF,IH2003,2019-12-18 09:33:37.700,3043.8000,20829,0,217086720.000,0,-,-,-,-,3043.0000,3042.8000,3042.6000,3042.4000,3042.2000,3044.0000,3045.0000,3045.8000,3046.6000,3046.8000,1,1,1,3,2,2,5,1,1,1
SF,IH2003,2019-12-18 09:33:38.200,3043.8000,20829,0,217086720.000,0,-,-,-,-,3043.0000,3042.8000,3042.6000,3042.4000,3042.2000,3043.4000,3043.8000,3044.0000,3045.0000,3045.8000,1,1,1,3,2,1,1,2,5,1
SF,IH2003,2019-12-18 09:33:38.700,3043.4000,20827,-2,219825780.000,3,0,3,多平,S,3043.4000,3043.0000,3042.8000,3042.6000,3042.4000,3044.0000,3045.0000,3045.8000,3046.6000,3046.8000,2,1,1,1,3,2,5,1,1,1
SF,IH2003,2019-12-18 09:33:39.200,3043.4000,20827,0,219825780.000,0,-,-,-,-,3043.6000,3043.4000,3043.0000,3042.8000,3042.6000,3044.0000,3045.0000,3045.8000,3046.6000,3046.8000,1,1,1,1,1,2,5,1,1,1
SF,IH2003,2019-12-18 09:33:39.700,3043.6000,20826,-1,221651940.000,2,0,2,多平,S,3043.0000,3042.8000,3042.6000,3042.4000,3042.2000,3043.6000,3044.0000,3045.0000,3045.8000,3046.6000,1,1,1,3,2,1,2,5,1,1
SF,IH2003,2019-12-18 09:33:40.200,3043.6000,20825,-1,222565020.000,1,0,1,双平,S,3043.6000,3043.0000,3042.8000,3042.6000,3042.4000,3044.0000,3045.0000,3045.8000,3046.6000,3046.8000,2,2,1,1,3,2,5,1,1,1
SF,IH2003,2019-12-18 09:33:40.700,3044.0000,20823,-2,224391420.000,2,0,2,双平,S,3044.0000,3043.8000,3043.6000,3043.0000,3042.8000,3045.0000,3045.8000,3046.6000,3046.8000,3047.0000,1,1,1,4,1,4,1,1,1,3
SF,IH2003,2019-12-18 09:33:41.200,3044.0000,20823,0,224391420.000,0,-,-,-,-,3044.0000,3043.8000,3043.6000,3043.0000,3042.6000,3044.8000,3045.0000,3045.8000,3046.6000,3046.8000,2,1,1,4,1,1,3,1,1,1
SF,IH2003,2019-12-18 09:33:41.700,3044.0000,20823,0,224391420.000,0,-,-,-,-,3044.2000,3044.0000,3043.8000,3043.6000,3043.0000,3044.8000,3045.0000,3045.8000,3046.6000,3046.8000,1,2,1,1,3,1,2,1,1,1
SF,IH2003,2019-12-18 09:33:42.200,3044.0000,20823,0,224391420.000,0,-,-,-,-,3044.0000,3043.8000,3043.6000,3043.0000,3042.6000,3044.6000,3044.8000,3045.0000,3045.8000,3046.6000,2,1,1,3,1,1,1,5,1,1
SF,IH2003,2019-12-18 09:33:42.700,3044.0000,20823,0,224391420.000,0,-,-,-,-,3044.6000,3044.0000,3043.8000,3043.6000,3043.0000,3045.0000,3045.8000,3046.6000,3046.8000,3047.0000,1,2,1,1,3,3,1,1,1,3
SF,IH2003,2019-12-18 09:33:43.200,3044.0000,20823,0,224391420.000,0,-,-,-,-,3044.0000,3043.8000,3043.6000,3043.0000,3042.6000,3044.6000,3045.0000,3045.8000,3046.6000,3046.8000,2,1,1,3,1,1,3,1,1,1
SF,IH2003,2019-12-18 09:33:43.700,3044.0000,20823,0,224391420.000,0,-,-,-,-,3044.0000,3043.8000,3043.6000,3043.0000,3042.6000,3044.6000,3045.0000,3045.8000,3046.6000,3046.8000,2,1,1,3,1,1,3,1,1,1
SF,IH2003,2019-12-18 09:33:44.700,3044.0000,20823,0,224391420.000,0,-,-,-,-,3044.0000,3043.8000,3043.6000,3043.0000,3042.6000,3044.6000,3045.0000,3045.8000,3046.6000,3046.8000,1,1,1,3,1,1,3,1,1,1
SF,IH2003,2019-12-18 09:33:46.700,3044.0000,20823,0,224391420.000,0,-,-,-,-,3044.0000,3043.8000,3043.6000,3043.0000,3042.6000,3045.0000,3045.8000,3046.6000,3046.8000,3047.0000,1,1,1,3,1,3,1,1,1,3
SF,IH2003,2019-12-18 09:33:47.200,3044.0000,20823,0,224391420.000,0,-,-,-,-,3044.0000,3043.8000,3043.6000,3043.0000,3042.6000,3045.0000,3045.8000,3046.6000,3046.8000,3047.0000,1,1,1,3,1,3,1,1,1,3
SF,IH2003,2019-12-18 09:33:48.200,3044.0000,20823,0,224391420.000,0,-,-,-,-,3044.0000,3043.8000,3043.6000,3043.0000,3042.6000,3045.0000,3045.8000,3046.6000,3046.8000,3047.0000,1,1,1,3,1,3,1,1,1,3
SF,IH2003,2019-12-18 09:33:48.700,3044.0000,20823,0,224391420.000,0,-,-,-,-,3044.0000,3043.8000,3043.6000,3043.0000,3042.6000,3045.0000,3045.8000,3046.6000,3046.8000,3047.0000,2,1,1,3,1,3,1,1,1,3
SF,IH2003,2019-12-18 09:33:49.200,3044.0000,20823,0,224391420.000,0,-,-,-,-,3044.6000,3044.0000,3043.8000,3043.6000,3043.0000,3045.0000,3045.8000,3046.6000,3046.8000,3047.0000,1,3,1,1,3,3,1,1,1,3
SF,IH2003,2019-12-18 09:33:50.700,3045.0000,20823,0,227131920.000,3,1,2,多换,S,3045.0000,3044.6000,3044.0000,3043.8000,3043.6000,3045.8000,3046.6000,3046.8000,3047.0000,3049.8000,1,1,3,1,1,1,1,1,3,2
SF,IH2003,2019-12-18 09:33:51.200,3045.0000,20823,0,227131920.000,0,-,-,-,-,3045.0000,3044.6000,3044.0000,3043.8000,3043.6000,3045.4000,3045.8000,3046.6000,3046.8000,3047.0000,1,1,3,1,1,1,1,1,1,3
SF,IH2003,2019-12-18 09:33:51.700,3045.0000,20823,0,227131920.000,0,-,-,-,-,3045.0000,3044.6000,3044.0000,3043.8000,3043.6000,3045.8000,3046.6000,3046.8000,3047.0000,3049.8000,1,1,3,1,1,1,1,1,3,2
SF,IH2003,2019-12-18 09:33:52.200,3045.0000,20823,0,227131920.000,0,-,-,-,-,3045.0000,3044.6000,3044.0000,3043.8000,3043.6000,3045.6000,3045.8000,3046.6000,3046.8000,3047.0000,1,1,5,1,1,1,1,1,1,3
SF,IH2003,2019-12-18 09:33:53.700,3045.6000,20823,0,228045600.000,1,0,1,多换,S,3045.0000,3044.6000,3044.0000,3043.8000,3043.6000,3045.8000,3046.6000,3046.8000,3047.0000,3049.8000,1,1,5,1,1,1,1,1,3,2
SF,IH2003,2019-12-18 09:33:55.200,3045.6000,20823,0,228045600.000,0,-,-,-,-,3045.0000,3044.6000,3044.0000,3043.8000,3043.6000,3045.8000,3046.6000,3046.8000,3047.0000,3049.8000,1,1,5,1,1,1,1,1,3,2
SF,IH2003,2019-12-18 09:33:55.700,3045.6000,20823,0,228045600.000,0,-,-,-,-,3045.0000,3044.6000,3044.0000,3043.8000,3043.6000,3045.8000,3046.6000,3046.8000,3047.0000,3049.8000,1,1,6,1,1,1,1,1,3,2
SF,IH2003,2019-12-18 09:33:56.700,3044.6000,20823,0,229872480.000,2,1,1,多换,S,3044.0000,3043.8000,3043.6000,3043.0000,3042.6000,3045.8000,3046.6000,3046.8000,3047.0000,3049.8000,6,1,1,3,1,1,1,1,3,2
SF,IH2003,2019-12-18 09:33:57.200,3044.6000,20823,0,229872480.000,0,-,-,-,-,3044.2000,3044.0000,3043.8000,3043.6000,3043.0000,3045.6000,3045.8000,3046.6000,3046.8000,3047.0000,4,6,1,1,2,1,1,1,1,3
SF,IH2003,2019-12-18 09:33:57.700,3044.6000,20823,0,229872480.000,0,-,-,-,-,3044.2000,3044.0000,3043.8000,3043.6000,3043.0000,3045.6000,3045.8000,3046.6000,3046.8000,3047.0000,4,7,1,1,1,1,1,1,1,3
SF,IH2003,2019-12-18 09:33:58.700,3044.2000,20822,-1,230785740.000,1,0,1,双平,S,3044.2000,3044.0000,3043.8000,3043.6000,3043.0000,3045.6000,3045.8000,3046.0000,3046.6000,3046.8000,3,7,1,1,1,1,1,1,1,1
SF,IH2003,2019-12-18 09:33:59.200,3044.2000,20822,0,230785740.000,0,-,-,-,-,3044.4000,3044.2000,3044.0000,3043.8000,3043.6000,3045.0000,3045.6000,3045.8000,3046.0000,3046.6000,1,3,7,1,1,2,1,1,1,1
SF,IH2003,2019-12-18 09:33:59.700,3044.2000,20822,0,230785740.000,0,-,-,-,-,3044.4000,3044.2000,3044.0000,3043.8000,3043.6000,3045.0000,3045.8000,3046.0000,3046.6000,3046.8000,1,3,7,1,1,2,1,1,1,1
SF,IH2003,2019-12-18 09:34:00.200,3044.2000,20822,0,230785740.000,0,-,-,-,-,3044.4000,3044.2000,3044.0000,3043.8000,3043.6000,3045.0000,3045.8000,3046.0000,3046.6000,3046.8000,1,3,7,1,1,2,1,1,1,1
SF,IH2003,2019-12-18 09:34:00.700,3045.0000,20822,0,231699240.000,1,0,1,多换,S,3044.4000,3044.2000,3044.0000,3043.8000,3043.6000,3045.0000,3045.8000,3046.0000,3046.6000,3046.8000,1,3,7,1,1,1,1,1,1,1
SF,IH2003,2019-12-18 09:34:01.200,3045.0000,20822,0,231699240.000,0,-,-,-,-,3044.4000,3044.2000,3044.0000,3043.8000,3043.6000,3045.0000,3045.8000,3046.0000,3046.6000,3046.8000,2,1,7,1,1,1,1,1,1,1
SF,IH2003,2019-12-18 09:34:01.700,3044.4000,20820,-2,235352520.000,4,1,3,多平,S,3044.0000,3043.8000,3043.6000,3043.0000,3042.6000,3045.0000,3045.8000,3046.0000,3046.6000,3046.8000,6,1,1,1,1,1,1,1,1,1
SF,IH2003,2019-12-18 09:34:02.200,3044.2000,20819,-1,236265780.000,1,0,1,双平,S,3044.0000,3043.8000,3043.6000,3043.0000,3042.6000,3044.8000,3045.0000,3045.8000,3046.0000,3046.6000,6,1,1,1,1,1,2,1,1,1
SF,IH2003,2019-12-18 09:34:02.700,3044.2000,20819,0,236265780.000,0,-,-,-,-,3044.0000,3043.8000,3043.6000,3043.0000,3042.6000,3044.8000,3045.0000,3045.8000,3046.0000,3046.6000,6,1,1,1,1,1,4,1,1,1
SF,IH2003,2019-12-18 09:34:03.200,3044.2000,20819,0,236265780.000,0,-,-,-,-,3044.0000,3043.8000,3043.6000,3043.0000,3042.6000,3044.8000,3045.0000,3045.8000,3046.0000,3046.6000,6,1,1,1,1,1,3,1,1,1
SF,IH2003,2019-12-18 09:34:04.700,3044.8000,20819,0,237179220.000,1,0,1,多换,S,3044.0000,3043.8000,3043.6000,3043.0000,3042.6000,3045.0000,3045.8000,3046.0000,3046.6000,3046.8000,6,1,1,1,1,3,1,1,1,1
SF,IH2003,2019-12-18 09:34:05.200,3044.8000,20819,0,237179220.000,0,-,-,-,-,3044.2000,3044.0000,3043.8000,3043.6000,3043.0000,3045.0000,3045.8000,3046.0000,3046.6000,3046.8000,2,7,1,1,1,3,1,1,1,1
SF,IH2003,2019-12-18 09:34:06.200,3045.0000,20818,-1,238092720.000,1,0,1,双平,S,3044.2000,3044.0000,3043.8000,3043.6000,3043.0000,3045.0000,3045.8000,3046.0000,3046.6000,3046.8000,2,7,1,1,1,2,1,1,1,1
SF,IH2003,2019-12-18 09:34:07.200,3045.0000,20818,0,238092720.000,0,-,-,-,-,3045.0000,3044.2000,3044.0000,3043.8000,3043.6000,3045.8000,3046.0000,3046.6000,3046.8000,3047.0000,1,2,7,1,1,1,1,1,1,3
SF,IH2003,2019-12-18 09:34:07.700,3045.0000,20818,0,239006220.000,1,0,1,多换,S,3044.0000,3043.8000,3043.6000,3043.0000,3042.6000,3044.8000,3045.0000,3045.6000,3045.8000,3046.0000,7,1,1,1,1,1,3,2,1,1
SF,IH2003,2019-12-18 09:34:08.200,3045.0000,20818,0,239006220.000,0,-,-,-,-,3044.0000,3043.8000,3043.6000,3043.0000,3042.6000,3045.0000,3045.6000,3045.8000,3046.0000,3046.6000,7,1,1,1,1,1,3,1,1,1
SF,IH2003,2019-12-18 09:34:08.700,3045.0000,20818,0,239006220.000,0,-,-,-,-,3044.2000,3044.0000,3043.8000,3043.6000,3043.0000,3045.0000,3045.6000,3045.8000,3046.0000,3046.6000,2,7,1,1,1,1,3,1,1,1
SF,IH2003,2019-12-18 09:34:09.200,3045.6000,20818,0,240833400.000,2,1,1,多换,S,3044.2000,3044.0000,3043.8000,3043.6000,3043.0000,3045.6000,3045.8000,3046.0000,3046.6000,3046.8000,2,7,1,1,1,2,1,1,1,1
SF,IH2003,2019-12-18 09:34:10.200,3045.6000,20818,0,240833400.000,0,-,-,-,-,3045.0000,3044.2000,3044.0000,3043.8000,3043.6000,3045.6000,3045.8000,3046.0000,3046.6000,3046.8000,1,2,7,1,1,1,1,1,1,1
SF,IH2003,2019-12-18 09:34:10.700,3045.0000,20819,1,241746900.000,1,1,0,双开,S,3044.0000,3043.8000,3043.6000,3043.0000,3042.6000,3045.0000,3045.4000,3045.6000,3045.8000,3046.0000,7,1,1,1,1,8,1,2,1,1
SF,IH2003,2019-12-18 09:34:11.200,3045.0000,20819,0,241746900.000,0,-,-,-,-,3044.0000,3043.8000,3043.6000,3043.0000,3042.4000,3045.0000,3045.4000,3045.6000,3045.8000,3046.0000,7,1,1,1,3,6,3,5,1,1
SF,IH2003,2019-12-18 09:34:11.700,3045.0000,20819,0,241746900.000,0,-,-,-,-,3044.0000,3043.8000,3043.6000,3043.0000,3042.4000,3045.0000,3045.4000,3045.6000,3045.8000,3046.0000,7,1,1,1,3,6,3,2,1,1
SF,IH2003,2019-12-18 09:34:12.200,3044.0000,20819,0,242660100.000,1,0,1,多换,S,3044.0000,3043.8000,3043.6000,3043.0000,3042.4000,3044.8000,3045.0000,3045.4000,3045.6000,3045.8000,6,1,1,1,3,4,6,3,1,1
SF,IH2003,2019-12-18 09:34:12.700,3044.0000,20818,-1,243573300.000,1,0,1,双平,S,3044.0000,3043.8000,3043.6000,3043.0000,3042.4000,3044.8000,3045.0000,3045.4000,3045.6000,3045.8000,5,1,1,1,3,5,6,2,1,1
SF,IH2003,2019-12-18 09:34:13.200,3044.0000,20818,0,244486500.000,1,0,1,多换,S,3044.0000,3043.8000,3043.6000,3043.0000,3042.4000,3044.8000,3045.0000,3045.4000,3045.6000,3045.8000,4,1,1,1,3,5,6,1,1,1
SF,IH2003,2019-12-18 09:34:13.700,3044.0000,20818,0,245399700.000,1,0,1,多换,S,3044.0000,3043.8000,3043.6000,3043.0000,3042.4000,3044.6000,3044.8000,3045.0000,3045.4000,3045.6000,3,1,1,1,3,1,4,6,1,1
SF,IH2003,2019-12-18 09:34:14.200,3044.0000,20818,0,245399700.000,0,-,-,-,-,3044.0000,3043.8000,3043.6000,3043.0000,3042.4000,3044.4000,3044.6000,3044.8000,3045.0000,3045.4000,3,1,1,1,3,1,2,3,6,1
SF,IH2003,2019-12-18 09:34:14.700,3044.0000,20818,0,245399700.000,0,-,-,-,-,3044.0000,3043.8000,3043.6000,3043.0000,3042.4000,3044.4000,3044.6000,3044.8000,3045.0000,3045.4000,3,1,1,1,2,1,1,3,6,1
SF,IH2003,2019-12-18 09:34:15.200,3044.0000,20818,0,246312900.000,1,0,1,多换,S,3044.0000,3043.8000,3043.6000,3043.0000,3042.4000,3044.4000,3044.6000,3044.8000,3045.0000,3045.4000,2,1,1,1,2,1,1,2,6,1
SF,IH2003,2019-12-18 09:34:15.700,3044.0000,20818,0,246312900.000,0,-,-,-,-,3044.0000,3043.8000,3043.6000,3043.0000,3042.4000,3044.4000,3044.6000,3044.8000,3045.0000,3045.4000,2,1,1,1,2,1,1,1,6,1
SF,IH2003,2019-12-18 09:34:16.200,3044.0000,20818,0,246312900.000,0,-,-,-,-,3044.0000,3043.8000,3043.6000,3043.0000,3042.4000,3044.8000,3045.0000,3045.4000,3045.6000,3045.8000,2,1,1,1,2,1,6,1,2,1
SF,IH2003,2019-12-18 09:34:16.700,3044.0000,20818,0,246312900.000,0,-,-,-,-,3044.0000,3043.8000,3043.6000,3043.0000,3042.4000,3044.2000,3044.6000,3044.8000,3045.0000,3045.4000,2,1,1,1,2,1,1,1,4,1
SF,IH2003,2019-12-18 09:34:17.200,3044.8000,20820,2,249052980.000,3,2,1,空开,S,3044.0000,3043.8000,3043.6000,3043.0000,3042.4000,3045.0000,3045.4000,3045.6000,3045.8000,3046.0000,2,1,1,1,2,4,1,2,1,1
SF,IH2003,2019-12-18 09:34:17.700,3044.8000,20820,0,249052980.000,0,-,-,-,-,3044.2000,3044.0000,3043.8000,3043.6000,3043.0000,3044.8000,3045.0000,3045.4000,3045.6000,3045.8000,1,2,1,1,1,1,4,1,2,1
SF,IH2003,2019-12-18 09:34:18.700,3044.2000,20820,0,249966240.000,1,0,1,多换,S,3044.0000,3043.8000,3043.6000,3043.0000,3042.4000,3044.2000,3044.8000,3045.0000,3045.4000,3045.6000,2,1,1,1,2,1,1,4,1,2
SF,IH2003,2019-12-18 09:34:19.200,3044.2000,20818,-2,251792760.000,2,0,2,双平,S,3044.4000,3044.0000,3043.8000,3043.6000,3043.0000,3045.0000,3045.4000,3045.6000,3045.8000,3046.0000,1,2,1,1,1,4,1,2,1,1
SF,IH2003,2019-12-18 09:34:19.700,3044.4000,20817,-1,252706080.000,1,0,1,双平,S,3044.2000,3044.0000,3043.8000,3043.6000,3043.0000,3044.8000,3045.0000,3045.4000,3045.6000,3045.8000,1,2,1,1,1,2,4,1,2,1
SF,IH2003,2019-12-18 09:34:20.200,3044.4000,20817,0,252706080.000,0,-,-,-,-,3044.2000,3044.0000,3043.8000,3043.6000,3043.0000,3044.8000,3045.0000,3045.4000,3045.6000,3045.8000,1,2,1,1,1,2,4,1,2,1
SF,IH2003,2019-12-18 09:34:23.200,3044.4000,20817,0,252706080.000,0,-,-,-,-,3044.2000,3044.0000,3043.8000,3043.6000,3043.0000,3044.8000,3045.0000,3045.4000,3045.6000,3045.8000,1,2,1,1,1,2,3,1,2,1
SF,IH2003,2019-12-18 09:34:23.700,3044.4000,20817,0,252706080.000,0,-,-,-,-,3044.2000,3044.0000,3043.8000,3043.6000,3043.0000,3044.6000,3044.8000,3045.0000,3045.4000,3045.6000,1,2,1,1,1,1,2,3,1,2
SF,IH2003,2019-12-18 09:34:24.200,3044.6000,20816,-1,253619460.000,1,0,1,双平,S,3044.2000,3044.0000,3043.8000,3043.6000,3043.0000,3044.4000,3044.8000,3045.0000,3045.4000,3045.6000,1,2,1,1,1,3,2,3,1,2
SF,IH2003,2019-12-18 09:34:24.700,3044.6000,20816,0,253619460.000,0,-,-,-,-,3044.0000,3043.8000,3043.6000,3043.0000,3042.4000,3044.4000,3044.8000,3045.0000,3045.4000,3045.6000,2,1,1,1,2,3,2,3,1,2
SF,IH2003,2019-12-18 09:34:26.200,3044.0000,20815,-1,254532660.000,1,0,1,双平,S,3044.0000,3043.8000,3043.6000,3043.0000,3042.4000,3044.4000,3044.8000,3045.0000,3045.4000,3045.6000,1,1,1,1,2,3,2,3,1,2
SF,IH2003,2019-12-18 09:34:26.700,3044.4000,20813,-2,256359300.000,2,0,2,双平,S,3044.2000,3044.0000,3043.8000,3043.6000,3043.0000,3044.4000,3045.0000,3045.4000,3045.6000,3045.8000,1,1,1,1,1,1,3,1,2,1
SF,IH2003,2019-12-18 09:34:27.200,3044.4000,20812,-1,257272620.000,1,0,1,双平,S,3044.4000,3044.2000,3044.0000,3043.8000,3043.6000,3045.0000,3045.4000,3045.6000,3045.8000,3046.0000,1,1,1,1,1,3,1,2,1,1
SF,IH2003,2019-12-18 09:34:27.700,3044.4000,20812,0,257272620.000,0,-,-,-,-,3044.4000,3044.2000,3044.0000,3043.8000,3043.6000,3045.0000,3045.4000,3045.6000,3045.8000,3046.0000,1,1,1,1,1,3,1,2,1,1
SF,IH2003,2019-12-18 09:34:28.200,3044.4000,20811,-1,258185940.000,1,0,1,双平,S,3044.2000,3044.0000,3043.8000,3043.6000,3043.0000,3045.0000,3045.4000,3045.6000,3045.8000,3046.0000,1,1,1,1,1,4,1,2,1,1
SF,IH2003,2019-12-18 09:34:28.700,3044.4000,20811,0,258185940.000,0,-,-,-,-,3044.2000,3044.0000,3043.8000,3043.6000,3043.0000,3045.0000,3045.4000,3045.6000,3045.8000,3046.0000,1,1,1,1,1,4,1,2,1,1
SF,IH2003,2019-12-18 09:34:29.200,3044.8000,20811,0,259099380.000,1,0,1,多换,S,3044.2000,3044.0000,3043.8000,3043.6000,3043.0000,3045.0000,3045.4000,3045.6000,3045.8000,3046.0000,1,1,1,1,1,4,1,2,1,1
SF,IH2003,2019-12-18 09:34:29.700,3044.8000,20811,0,259099380.000,0,-,-,-,-,3044.0000,3043.8000,3043.6000,3043.0000,3042.4000,3045.0000,3045.4000,3045.6000,3045.8000,3046.0000,1,1,1,1,2,4,1,2,1,1
SF,IH2003,2019-12-18 09:34:30.700,3044.8000,20810,-1,260012820.000,1,0,1,双平,S,3044.0000,3043.8000,3043.6000,3043.0000,3042.4000,3044.8000,3045.0000,3045.4000,3045.6000,3045.8000,1,1,1,1,2,1,4,1,2,1
SF,IH2003,2019-12-18 09:34:31.200,3044.8000,20810,0,260012820.000,0,-,-,-,-,3044.0000,3043.8000,3043.6000,3043.0000,3042.4000,3044.8000,3045.0000,3045.4000,3045.6000,3045.8000,1,1,1,1,2,2,4,1,1,1
SF,IH2003,2019-12-18 09:34:33.200,3044.0000,20809,-1,260926020.000,1,0,1,双平,S,3043.8000,3043.6000,3043.0000,3042.4000,3042.2000,3044.8000,3045.0000,3045.4000,3045.6000,3045.8000,1,1,1,2,1,2,4,1,1,1
SF,IH2003,2019-12-18 09:34:33.700,3044.0000,20809,0,260926020.000,0,-,-,-,-,3043.8000,3043.6000,3043.0000,3042.4000,3042.2000,3044.8000,3045.0000,3045.4000,3045.6000,3045.8000,1,1,1,2,1,1,3,1,1,1
SF,IH2003,2019-12-18 09:34:34.200,3044.0000,20809,0,260926020.000,0,-,-,-,-,3043.8000,3043.6000,3043.0000,3042.4000,3042.2000,3044.8000,3045.0000,3045.4000,3045.6000,3045.8000,1,1,1,2,1,1,2,1,1,1
SF,IH2003,2019-12-18 09:34:34.700,3044.8000,20808,-1,261839460.000,1,0,1,双平,S,3044.0000,3043.8000,3043.6000,3043.0000,3042.4000,3045.0000,3045.4000,3045.6000,3045.8000,3046.0000,4,1,1,1,2,2,1,1,1,1
SF,IH2003,2019-12-18 09:34:35.200,3044.8000,20808,0,261839460.000,0,-,-,-,-,3044.2000,3044.0000,3043.8000,3043.6000,3043.0000,3045.0000,3045.4000,3045.6000,3045.8000,3046.0000,2,4,1,1,1,2,1,1,1,1
SF,IH2003,2019-12-18 09:34:35.700,3044.8000,20808,0,261839460.000,0,-,-,-,-,3044.2000,3044.0000,3043.8000,3043.6000,3043.0000,3045.0000,3045.4000,3045.6000,3045.8000,3046.0000,2,3,1,1,1,2,1,1,1,1
SF,IH2003,2019-12-18 09:34:36.700,3044.8000,20808,0,261839460.000,0,-,-,-,-,3044.2000,3044.0000,3043.8000,3043.6000,3043.0000,3045.6000,3045.8000,3046.0000,3046.6000,3046.8000,2,3,1,1,1,1,1,1,1,1
SF,IH2003,2019-12-18 09:34:37.200,3044.8000,20808,0,261839460.000,0,-,-,-,-,3044.4000,3044.2000,3044.0000,3043.8000,3043.6000,3045.4000,3045.6000,3045.8000,3046.0000,3046.6000,1,2,3,1,1,1,1,1,1,1
SF,IH2003,2019-12-18 09:34:37.700,3044.8000,20808,0,261839460.000,0,-,-,-,-,3044.0000,3043.8000,3043.6000,3043.0000,3042.4000,3044.4000,3045.4000,3045.6000,3045.8000,3046.0000,3,1,1,1,2,1,2,1,1,1
SF,IH2003,2019-12-18 09:34:38.200,3044.4000,20807,-1,262752780.000,1,0,1,双平,S,3044.6000,3044.4000,3044.0000,3043.8000,3043.6000,3045.4000,3045.6000,3045.8000,3046.0000,3046.6000,1,4,3,1,1,1,1,1,1,1
SF,IH2003,2019-12-18 09:34:38.700,3044.4000,20806,-1,263666100.000,1,0,1,双平,S,3044.4000,3044.0000,3043.8000,3043.6000,3043.0000,3045.6000,3045.8000,3046.0000,3046.6000,3046.8000,3,3,1,1,1,1,1,1,1,1
SF,IH2003,2019-12-18 09:34:39.200,3044.4000,20806,0,263666100.000,0,-,-,-,-,3044.6000,3044.4000,3044.0000,3043.8000,3043.6000,3045.6000,3045.8000,3046.0000,3046.6000,3046.8000,2,3,3,1,1,1,1,1,1,1
SF,IH2003,2019-12-18 09:34:40.200,3045.6000,20806,0,264579780.000,1,0,1,多换,S,3044.6000,3044.4000,3044.0000,3043.8000,3043.6000,3045.8000,3046.0000,3046.6000,3046.8000,3047.0000,2,3,3,1,1,1,1,1,1,3
SF,IH2003,2019-12-18 09:34:40.700,3045.6000,20806,0,264579780.000,0,-,-,-,-,3044.8000,3044.6000,3044.4000,3044.0000,3043.8000,3045.8000,3046.0000,3046.6000,3046.8000,3047.0000,1,2,3,3,1,1,1,1,1,3
SF,IH2003,2019-12-18 09:34:41.200,3045.6000,20806,0,264579780.000,0,-,-,-,-,3044.8000,3044.6000,3044.4000,3044.0000,3043.8000,3045.8000,3046.0000,3046.6000,3046.8000,3047.0000,1,2,3,3,1,1,1,1,1,3
SF,IH2003,2019-12-18 09:34:41.700,3045.8000,20806,0,265493520.000,1,0,1,多换,S,3044.8000,3044.6000,3044.4000,3044.0000,3043.8000,3046.0000,3046.6000,3046.8000,3047.0000,3049.8000,1,2,3,3,1,1,1,1,3,4
SF,IH2003,2019-12-18 09:34:42.200,3045.8000,20806,0,265493520.000,0,-,-,-,-,3045.0000,3044.6000,3044.4000,3044.0000,3043.8000,3046.0000,3046.6000,3046.8000,3047.0000,3049.8000,2,2,3,3,1,1,1,1,3,4
SF,IH2003,2019-12-18 09:34:42.700,3045.8000,20806,0,265493520.000,0,-,-,-,-,3045.0000,3044.6000,3044.4000,3044.0000,3043.8000,3046.0000,3046.6000,3046.8000,3047.0000,3049.8000,1,2,3,3,1,1,1,1,3,4
SF,IH2003,2019-12-18 09:34:43.700,3046.0000,20806,0,266407320.000,1,0,1,多换,S,3045.0000,3044.6000,3044.4000,3044.0000,3043.8000,3046.6000,3046.8000,3047.0000,3049.8000,3051.6000,1,2,3,3,1,1,1,3,4,1
SF,IH2003,2019-12-18 09:34:44.200,3046.0000,20806,0,266407320.000,0,-,-,-,-,3045.6000,3045.2000,3045.0000,3044.6000,3044.4000,3046.4000,3046.6000,3046.8000,3047.0000,3049.8000,1,2,1,2,3,1,1,1,3,4
SF,IH2003,2019-12-18 09:34:44.700,3045.6000,20806,0,267321000.000,1,0,1,多换,S,3045.2000,3045.0000,3044.6000,3044.4000,3044.0000,3046.4000,3046.6000,3046.8000,3047.0000,3049.8000,3,1,3,3,2,1,1,1,3,4
SF,IH2003,2019-12-18 09:34:45.200,3045.6000,20806,0,267321000.000,0,-,-,-,-,3045.4000,3045.2000,3045.0000,3044.6000,3044.4000,3046.4000,3046.6000,3046.8000,3047.0000,3049.8000,2,3,1,3,2,1,1,1,3,4
SF,IH2003,2019-12-18 09:34:45.700,3045.6000,20806,0,267321000.000,0,-,-,-,-,3045.4000,3045.2000,3045.0000,3044.6000,3044.4000,3046.4000,3046.6000,3046.8000,3047.0000,3049.8000,2,3,3,3,2,1,1,1,3,4
SF,IH2003,2019-12-18 09:34:46.200,3045.6000,20806,0,267321000.000,0,-,-,-,-,3045.2000,3045.0000,3044.6000,3044.4000,3044.0000,3046.4000,3046.6000,3046.8000,3047.0000,3049.8000,1,2,1,2,2,1,1,1,3,4
SF,IH2003,2019-12-18 09:34:46.700,3045.6000,20806,0,267321000.000,0,-,-,-,-,3045.6000,3045.2000,3045.0000,3044.6000,3044.0000,3046.4000,3046.6000,3046.8000,3047.0000,3049.8000,1,1,2,1,2,1,1,1,3,4
SF,IH2003,2019-12-18 09:34:47.700,3045.6000,20806,0,267321000.000,0,-,-,-,-,3045.2000,3045.0000,3044.6000,3044.0000,3043.8000,3046.4000,3046.6000,3046.8000,3047.0000,3049.8000,1,2,1,2,1,1,1,1,3,4
SF,IH2003,2019-12-18 09:34:48.200,3045.6000,20806,0,267321000.000,0,-,-,-,-,3045.0000,3044.6000,3044.0000,3043.8000,3043.6000,3045.2000,3046.2000,3046.4000,3046.6000,3046.8000,2,1,2,1,1,1,1,1,1,1
SF,IH2003,2019-12-18 09:34:48.700,3045.2000,20805,-1,268234560.000,1,0,1,双平,S,3045.2000,3045.0000,3044.6000,3044.0000,3043.8000,3046.2000,3046.4000,3046.6000,3046.8000,3047.0000,4,2,1,2,1,1,1,1,1,3
SF,IH2003,2019-12-18 09:34:49.200,3045.2000,20805,0,268234560.000,0,-,-,-,-,3045.4000,3045.2000,3045.0000,3044.6000,3044.0000,3046.4000,3046.6000,3046.8000,3047.0000,3049.8000,2,3,2,1,2,1,1,1,3,4
SF,IH2003,2019-12-18 09:34:49.700,3045.2000,20805,0,268234560.000,0,-,-,-,-,3045.4000,3045.2000,3045.0000,3044.6000,3044.0000,3046.4000,3046.6000,3046.8000,3047.0000,3049.8000,2,3,3,1,2,1,1,1,3,4
SF,IH2003,2019-12-18 09:34:50.200,3045.2000,20805,0,268234560.000,0,-,-,-,-,3045.2000,3045.0000,3044.6000,3044.0000,3043.8000,3046.4000,3046.6000,3046.8000,3047.0000,3049.8000,3,3,1,2,1,1,1,1,3,4
SF,IH2003,2019-12-18 09:34:50.700,3045.2000,20805,0,268234560.000,0,-,-,-,-,3045.2000,3045.0000,3044.6000,3044.0000,3043.8000,3046.2000,3046.4000,3046.6000,3046.8000,3047.0000,3,3,1,2,1,4,1,1,1,3
SF,IH2003,2019-12-18 09:34:51.200,3045.2000,20805,0,268234560.000,0,-,-,-,-,3045.2000,3045.0000,3044.6000,3044.0000,3043.8000,3046.2000,3046.4000,3046.6000,3046.8000,3047.0000,4,3,1,2,1,3,1,1,1,3
SF,IH2003,2019-12-18 09:34:51.700,3045.2000,20805,0,268234560.000,0,-,-,-,-,3045.2000,3045.0000,3044.6000,3044.0000,3043.8000,3046.2000,3046.4000,3046.6000,3046.8000,3047.0000,4,3,1,2,1,2,1,1,1,3
SF,IH2003,2019-12-18 09:34:52.200,3045.2000,20805,0,268234560.000,0,-,-,-,-,3045.4000,3045.2000,3045.0000,3044.6000,3044.0000,3046.4000,3046.6000,3046.8000,3047.0000,3048.0000,2,4,3,1,2,1,1,1,3,1
SF,IH2003,2019-12-18 09:34:52.700,3045.2000,20805,0,268234560.000,0,-,-,-,-,3045.4000,3045.2000,3045.0000,3044.6000,3044.0000,3046.2000,3046.4000,3046.6000,3046.8000,3047.0000,2,4,3,1,2,1,1,1,1,3
SF,IH2003,2019-12-18 09:34:53.200,3045.2000,20805,0,268234560.000,0,-,-,-,-,3045.2000,3045.0000,3044.6000,3044.0000,3043.8000,3046.2000,3046.4000,3046.6000,3046.8000,3047.0000,4,4,1,2,1,1,1,1,1,3
SF,IH2003,2019-12-18 09:34:53.700,3045.4000,20805,0,269148180.000,1,0,1,多换,S,3045.4000,3045.2000,3045.0000,3044.6000,3044.0000,3046.2000,3046.4000,3046.6000,3046.8000,3047.0000,1,4,4,1,2,1,1,1,1,3
SF,IH2003,2019-12-18 09:34:54.200,3045.4000,20805,0,269148180.000,0,-,-,-,-,3045.4000,3045.2000,3045.0000,3044.6000,3044.0000,3046.0000,3046.2000,3046.4000,3046.6000,3046.8000,1,4,4,1,2,1,1,1,1,1
SF,IH2003,2019-12-18 09:34:55.200,3045.4000,20805,0,269148180.000,0,-,-,-,-,3045.2000,3045.0000,3044.6000,3044.0000,3043.8000,3046.0000,3046.4000,3046.6000,3046.8000,3047.0000,3,4,1,2,1,1,1,1,1,3
SF,IH2003,2019-12-18 09:34:55.700,3045.4000,20805,0,269148180.000,0,-,-,-,-,3045.2000,3045.0000,3044.6000,3044.0000,3043.8000,3046.0000,3046.4000,3046.6000,3046.8000,3047.0000,3,4,1,2,1,1,1,1,1,3
SF,IH2003,2019-12-18 09:34:56.700,3046.0000,20804,-1,270061980.000,1,0,1,双平,S,3045.2000,3045.0000,3044.6000,3044.0000,3043.8000,3046.4000,3046.6000,3046.8000,3047.0000,3048.0000,1,4,1,2,1,1,1,1,3,1
SF,IH2003,2019-12-18 09:34:57.200,3046.0000,20804,0,270061980.000,0,-,-,-,-,3046.0000,3045.4000,3045.2000,3045.0000,3044.6000,3046.4000,3046.6000,3046.8000,3047.0000,3048.0000,2,2,1,4,1,1,1,1,3,1
SF,IH2003,2019-12-18 09:34:57.700,3046.0000,20804,0,270061980.000,0,-,-,-,-,3046.0000,3045.4000,3045.2000,3045.0000,3044.6000,3046.4000,3046.6000,3046.8000,3047.0000,3048.0000,1,5,1,4,1,1,1,1,3,1
SF,IH2003,2019-12-18 09:34:58.200,3046.0000,20803,-1,270975780.000,1,0,1,双平,S,3045.4000,3045.2000,3045.0000,3044.8000,3044.6000,3046.0000,3046.2000,3046.4000,3046.6000,3046.8000,2,1,4,1,1,2,1,1,1,1
SF,IH2003,2019-12-18 09:34:58.700,3045.4000,20802,-1,271889400.000,1,0,1,双平,S,3045.4000,3045.2000,3045.0000,3044.8000,3044.6000,3045.8000,3046.0000,3046.2000,3046.4000,3046.6000,1,1,4,1,1,1,1,1,1,1
SF,IH2003,2019-12-18 09:34:59.200,3045.4000,20803,1,272803020.000,1,1,0,双开,S,3045.2000,3045.0000,3044.8000,3044.6000,3044.0000,3045.8000,3046.0000,3046.2000,3046.4000,3046.6000,1,4,1,1,2,1,1,1,1,1
SF,IH2003,2019-12-18 09:34:59.700,3045.4000,20803,0,272803020.000,0,-,-,-,-,3045.2000,3045.0000,3044.8000,3044.6000,3044.0000,3045.8000,3046.0000,3046.2000,3046.4000,3046.6000,1,4,1,2,2,1,1,1,1,1
